code,internal_code,name,manufacturer_name,manufacture_country,manufacturer_item_description,unit_qty,quantity,unit_of_measure,weighted,qty_in_package,price,unit_of_measure_price,allow_discount,status,item_id
28,true,"קרטון קולה 500 מ""ל-2",,,"קרטון קולה 500 מ""ל-2",ליטרים,12.00,ליטר,false,,145.60,12.1333,true,1,1334943
30,true,קרטון סודה טמפו 24 י,,,קרטון סודה טמפו 24 י,מיליליטרים,6600.00,"מ""ל",false,,57.90,0.0088,true,1,1323803
40,true,לחם לבן 750 גרם,,,לחם לבן 750 גרם,גרמים,750.00,100 גרם,false,,4.90,0.0065,true,1,1323293
41,true,לחם אחיד כהה 750 גרם,,,לחם אחיד כהה 750 גרם,גרמים,750.00,100 גרם,false,,4.90,0.0065,true,1,1323294
43,true,חלה פרג 500 גרם,,,חלה פרג 500 גרם,גרמים,500.00,100 גרם,false,,6.30,0.0126,true,1,1345064
48,true,חלה מתוקה עגולה לא א,,,חלה מתוקה עגולה לא א,גרמים,500.00,100 גרם,false,,8.90,0.0178,true,1,1323295
50,true,לחמניה.,,,לחמניה.,יחידה,0.00,יחידה,false,,1.50,0.0000,true,1,1305094
52,true,שליש בגאט.,,,שליש בגאט.,יחידה,0.00,יחידה,false,,2.00,0.0000,true,1,1345131
53,true,1/2 בגט.,,,1/2 בגט.,יחידה,0.00,יחידה,false,,2.50,0.0000,true,1,1305095
73,true,"10 ק""ג סוכר",,,"10 ק""ג סוכר",יחידה,0.00,יחידה,false,,39.00,0.0000,true,1,1333098
84,true,חלה רגילה/קלועה 500,,,חלה רגילה/קלועה 500,גרמים,500.00,100 גרם,false,,4.90,0.0098,true,1,1327380
87,true,"מארז פחיות 250 מ""ל X",,,"מארז פחיות 250 מ""ל X",מיליליטרים,6000.00,"100 מ""ל",false,,89.90,0.0150,true,1,1364591
100,true,Temp Item,,,Temp Item,,0.00,,false,,0.00,0.0000,true,1,2328266
110,true,קרטון פחיות קולה 330,,,קרטון פחיות קולה 330,מיליליטרים,7920.00,"100 מ""ל",false,,129.60,0.0164,true,1,1334949
126,true,קרטון מי עדן קטן-24,,,קרטון מי עדן קטן-24,מיליליטרים,12000.00,"100 מ""ל",false,,45.00,0.0038,true,1,1334951
146,true,לחם שאור טעמים.,,,לחם שאור טעמים.,יחידה,0.00,יחידה,false,,14.90,0.0000,true,1,1305097
158,true,בגט/ג'בטה פרובנס א.ח,,,בגט/ג'בטה פרובנס א.ח,יחידה,0.00,יחידה,false,,5.90,0.0000,true,1,1401799
170,true,בגט בונזור.,,,בגט בונזור.,יחידה,0.00,יחידה,false,,4.40,0.0000,true,1,1305099
171,true,לחמים ג. בטעמים.,,,לחמים ג. בטעמים.,יחידה,0.00,יחידה,false,,14.90,0.0000,true,1,1305100
172,true,לחם איטלקי טעמים.,,,לחם איטלקי טעמים.,יחידה,0.00,יחידה,false,,6.90,0.0000,true,1,1305101
176,true,חלה מתוקה קלועה בונז,,,חלה מתוקה קלועה בונז,גרמים,560.00,100 גרם,false,,10.90,0.0195,true,1,1305105
177,true,חלה רגילה בונז'ור,,,חלה רגילה בונז'ור,יחידה,0.00,יחידה,false,,9.90,0.0000,true,1,1305106
179,true,מארז 5 יח' ג'בטה,,,מארז 5 יח' ג'בטה,יח',5.00,יח',false,,14.90,2.9800,true,1,1305108
201,true,בגט כפרי/חיטה מלאה.,,,בגט כפרי/חיטה מלאה.,יחידה,0.00,יחידה,false,,4.90,0.0000,true,1,1305109
213,true,בגט קראסט שיפון.,,,בגט קראסט שיפון.,יחידה,0.00,יחידה,false,,7.90,0.0000,true,1,1305111
214,true,לחם קראסט.,,,לחם קראסט.,יחידה,0.00,יחידה,false,,12.90,0.0000,true,1,1305112
351,true,קרטון סודה קינלי 250,,,קרטון סודה קינלי 250,ליטרים,6.00,ליטר,false,,60.00,10.0000,true,1,1334954
554,true,"קמח לבן 10 ק""ג",,,"קמח לבן 10 ק""ג",קילוגרמים,10.00,"ק""ג",false,,43.00,4.3000,true,1,1339474
650,true,פופקורן מלוח מוכן,,,פופקורן מלוח מוכן,גרמים,240.00,100 גרם,false,,6.90,0.0288,true,1,1323277
957,true,מים בורזום טבעיים מא,,,מים בורזום טבעיים מא,ליטרים,4.50,ליטר,false,,39.90,8.8667,true,1,1334853
1647,true,עוגות גבינה במשקל,,,עוגות גבינה במשקל,קילוגרמים,1.00,"ק""ג",true,,39.90,39.9000,true,1,1347076
3535,true,גרעיני אבטיח קלויים,שקדיה,,גרעין אבטיח קלוי,קילוגרמים,1.00,"ק""ג",true,,59.00,59.0000,true,1,1350311
3542,true,גרעינים לבנים קלויים,שקדיה,,גרעין לבן קלוי,קילוגרמים,1.00,"ק""ג",true,,44.00,44.0000,true,1,1350312
3559,true,גרעינים שחורים קלויים,שקדיה,,גרעין שחור קלוי,קילוגרמים,1.00,"ק""ג",true,,29.00,29.0000,true,1,1350313
3566,true,מנצ'יס,,,מנצ'ס,קילוגרמים,1.00,"ק""ג",true,,49.00,49.0000,true,1,1363813
3573,true,פיסטוק קלוי,שקדיה,,פיסטוק קלוי,קילוגרמים,1.00,"ק""ג",true,,99.00,99.0000,true,1,1350314
3597,true,קשיו קלוי,שקדיה,,קשיו קלוי,קילוגרמים,1.00,"ק""ג",true,,99.00,99.0000,true,1,1350315
3603,true,שקד ענק קלוי,שקדיה,,שקד ענק קלוי,קילוגרמים,1.00,"ק""ג",true,,99.00,99.0000,true,1,1350316
3641,true,בונדוק קלוי,שקדיה,,בונדוק קלוי,קילוגרמים,1.00,"ק""ג",true,,89.00,89.0000,true,1,1350318
3764,true,אגוז מלך טחון,,,אגוז מלך טחון,קילוגרמים,1.00,"ק""ג",true,,89.00,89.0000,true,1,1345446
3801,true,שומשום,,,שומשום,קילוגרמים,1.00,"ק""ג",true,,19.00,19.0000,true,1,1345455
4068,true,שקד בשוקולד מריר 1 ק,שקדיה,,שקד בשוקולד מריר 1 ק,קילוגרמים,1.00,"ק""ג",true,,79.00,79.0000,true,1,1350320
4259,true,"סוכריות מנטה 1 ק""ג",שקדיה,,"סוכריות מנטה 1 ק""ג",קילוגרמים,1.00,"ק""ג",true,,39.00,39.0000,true,1,1350335
4303,true,סוכריות גומי- סוגים שונים,שקדיה,,"סוכריות גומי 1 ק""ג",קילוגרמים,1.00,"ק""ג",true,,39.00,39.0000,true,1,1350339
4440,true,מאפים מתוקים-מלוחים.,,,מאפים מתוקים-מלוחים.,קילוגרמים,1.00,"ק""ג",true,,39.00,39.0000,true,1,1305120
4444,true,מארז בייגלה 4 יח'.,,,מארז בייגלה 4 יח'.,יח',4.00,יח',false,,14.90,3.7250,true,1,1305122
4495,true,גבינה גאודה בקר גלגל,,,גבינה גאודה בקר גלגל,קילוגרמים,1.00,"ק""ג",true,,99.00,99.0000,true,1,1347080
4662,true,מארז שלישית לחמניות,,,מארז שלישית לחמניות,יחידה,0.00,יחידה,false,,9.90,0.0000,true,1,1346858
4907,true,חומוס קלוי,שקדיה,,חומוס קלוי,קילוגרמים,1.00,"ק""ג",true,,35.00,35.0000,true,1,1334461
4914,true,אננס מיובש,,,אננס טבעי,קילוגרמים,1.00,"ק""ג",true,,79.00,79.0000,true,1,1363991
4921,true,אפונה קלויה,,,אפונה,קילוגרמים,1.00,"ק""ג",true,,49.00,49.0000,true,1,1363814
4938,true,חמוציות מופחת סוכר,,,חמוציות מופחת סוכר,קילוגרמים,1.00,"ק""ג",true,,39.00,39.0000,true,1,1353993
4983,true,פול מטוגן,,,פול מטוגן,קילוגרמים,1.00,"ק""ג",true,,39.00,39.0000,true,1,1363815
5003,true,תירס מטוגן,שקדיה,,תירס מטוגן,קילוגרמים,1.00,"ק""ג",true,,39.00,39.0000,true,1,1350340
5010,true,חמוציות שלמות,,,חמוציות שלמות,קילוגרמים,1.00,"ק""ג",true,,39.00,39.0000,true,1,1353994
5676,true,רגל קרושה,,,רגל קרושה,קילוגרמים,1.00,"ק""ג",true,,50.00,50.0000,true,1,1349093
5799,true,תערובת פיצוחים,,,תערובת פיצוחים,קילוגרמים,1.00,"ק""ג",true,,99.00,99.0000,true,1,1345499
5812,true,קוקוס,,,קוקוס,קילוגרמים,1.00,"ק""ג",true,,29.00,29.0000,true,1,1345500
6246,true,צימוק לבן קטן/ בוכרי,,,צימוק לבן קטן/ בוכרי,קילוגרמים,1.00,"ק""ג",true,,39.00,39.0000,true,1,1334464
6284,true,עדשים שחורות,,,עדשים שחורות,קילוגרמים,1.00,"ק""ג",true,,19.00,19.0000,true,1,1333261
6291,true,שעועית ארגנטינאית,,,שעועית ארגנטינאית,קילוגרמים,1.00,"ק""ג",true,,10.00,10.0000,true,1,1345501
6307,true,שעועית אדומה,,,שעועית אדומה,קילוגרמים,1.00,"ק""ג",true,,12.00,12.0000,true,1,1345502
6345,true,אפונה קנדית,,,אפונה קנדית,קילוגרמים,1.00,"ק""ג",true,,8.00,8.0000,true,1,1345506
6352,true,עדשים ירוקות,,,עדשים ירוקות,קילוגרמים,1.00,"ק""ג",true,,10.00,10.0000,true,1,1345507
6369,true,חומוס מקסיקו גדול,,,חומוס מקסיקו גדול,קילוגרמים,1.00,"ק""ג",true,,15.00,15.0000,true,1,1345508
6376,true,בורגול דק.,,,בורגול דק.,קילוגרמים,1.00,"ק""ג",true,,8.00,8.0000,true,1,1345509
6451,true,כוסמת,,,כוסמת,קילוגרמים,1.00,"ק""ג",true,,8.00,8.0000,true,1,1345513
6475,true,חיטה.,,,חיטה.,קילוגרמים,1.00,"ק""ג",true,,5.00,5.0000,true,1,1345515
8092,true,מארז 10 לחמניות פטיט,,,מארז 10 לחמניות פטיט,יח',10.00,יח',false,,10.00,1.0000,true,1,1305124
8431,true,מארז רבייעית לחמניות,,,מארז רבייעית לחמניות,יחידה,0.00,יחידה,false,,12.90,0.0000,true,1,1346863
8880,true,מארז 6 יח' בייבי חלו,,,מארז 6 יח' בייבי חלו,יח',6.00,יח',false,,10.00,1.6667,true,1,1305126
8884,true,מארז חצי בגט 4 יחידו,,,מארז חצי בגט 4 יחידו,יח',4.00,יח',false,,9.90,2.4750,true,1,1305128
8887,true,מארז שליש בגט 5 יחיד,,,מארז שליש בגט 5 יחיד,יח',5.00,יח',false,,9.90,1.9800,true,1,1305129
8888,true,מארז לחמניות 5 יחידו,,,מארז לחמניות 5 יחידו,יח',5.00,יח',false,,9.90,1.9800,true,1,1305130
9551,true,לפת,,,לפת,קילוגרמים,1.00,"ק""ג",true,,19.00,19.0000,true,1,1345517
9568,true,קוקטייל יווני,,,קוקטייל יוני,קילוגרמים,1.00,"ק""ג",true,,59.00,59.0000,true,1,1345518
9582,true,מלפפון בחומץ,,,מלפפון בחומץ,קילוגרמים,1.00,"ק""ג",true,,35.00,35.0000,true,1,1319160
9599,true,זית סנטה מתובל,,,סנטה מתובל,קילוגרמים,1.00,"ק""ג",true,,49.00,49.0000,true,1,1345519
40011,true,עוגת אקלר חלבי במשקל,,,עוגת אקלר חלבי במשקל,קילוגרמים,1.00,"ק""ג",true,,59.00,59.0000,true,1,2322720
498393,true,חלה מתוקה עגולה לא א,,,חלה מתוקה עגולה לא א,גרמים,500.00,100 גרם,false,,7.90,0.0158,true,1,2370752
799806,true,Temp Item,,,Temp Item,,0.00,,false,,0.00,0.0000,true,1,2297055
30500001,false,חגורת עור,,,חגורת עור,יחידה,0.00,יחידה,false,,59.90,0.0000,true,1,2281029
30700001,false,חגורה,,,חגורה,יחידה,0.00,יחידה,false,,22.90,0.0000,true,1,2180443
32147230,false,"מיץ לימון משומר 200מ""ל(לימונית אקסטרא)",ג'נרל מילס סאן אדריא,CH,"מיץ לימון משומר 200מ""ל",מיליליטרים,200.00,"100 מ""ל",false,,7.90,0.0395,true,1,1353064
40052403,false,קיט קט 4 אצבעות שוקולד חלב,נסטלה Nestle,,וופל קיט-קאט בודד,גרמים,41.50,100 גרם,false,,3.90,0.0940,true,1,1415673
40058153,false,ניוואה קרם רב שימושי 30 מל,ביירסדורץ,,ניוואה קרם רב שימושי,מיליליטרים,30.00,"100 מ""ל",false,,7.90,0.2633,true,1,1378202
40084077,false,קינדר מקסי שוקולד בודד 21 גר,קדבורי,,אצבעות קינדר מקסי.,גרמים,21.00,100 גרם,false,,2.00,0.0952,true,1,1326363
40084107,false,ביצת שוקולד הפתעה קינדר,פרדי קונדטוריה אס פי,,ביצת הפתעה קינדר.,גרמים,20.00,100 גרם,false,,4.90,0.2450,true,1,1326364
40099132,false,מסטיק הובה בובה Hubba Bubba בטעם תות,הובה בובה Hubba Bubba,,מסטיק הובה בובה תות,גרמים,35.00,100 גרם,false,,2.90,0.0829,true,1,1336746
40111216,false,באונטי חטיף קוקוס ושוקולד 57ג',"נארז ע""י : א.ג. גילר",NL,57GR 'באונטי חטיף שוק,גרמים,57.00,100 גרם,false,,3.90,0.0684,true,1,1318931
40173351,false,"בירה מייסלס חיטה אורגינל 500 מ""ל",מייסלס Maisel's,,"בירה ""מייזל"" חיטה או",מיליליטרים,500.00,"100 מ""ל",false,,9.90,0.0198,true,1,2327202
40267531,false,דבק סטיק 8 גר' UHU 1,,,דבק סטיק 8 גר' UHU 1,יחידה,0.00,יחידה,false,,4.90,0.0000,true,1,2413314
40267623,false,דבק סטיק 21 גרם UHU,,,דבק סטיק 21 גר' UHU,יחידה,0.00,יחידה,false,,8.90,0.0000,true,1,2413315
40345123,false,סמרטיז גליל סוכריות כפתורים 38 ג',נסטלה Nestle,DE,סמרטיס גליל,גרמים,38.00,100 גרם,false,,3.90,0.1026,true,1,1345099
41001356,false,"בירה בקס פחית 500 מ""ל",יבואן ומשווק: ש. שסט,,בירה בקס פחית.,מיליליטרים,500.00,"100 מ""ל",false,,9.90,0.0198,true,1,1324057
42061939,false,"בירה בקס בקבוק 500 מ""ל בקבוק","איי, בי, אינבוו",,בירה בקס,מיליליטרים,500.00,"100 מ""ל",false,,8.90,0.0178,true,1,1922171
42123866,false,מסטיק הובה בובה צ'אנק פירות קלאסי 35ג',הובה בובה Hubba Bubba,,מסטיק הובה בובה קלאס,גרמים,35.00,100 גרם,false,,2.90,0.0829,true,1,1336749
42149996,false,"בירה בקס בקבוק 275 מ""ל","איי, בי, אינבוו",,בירה בקס,מיליליטרים,275.00,"100 מ""ל",false,,5.90,0.0215,true,1,1760572
42246640,false,"ניוואה - דאודורנט רול און לאישה פאודר טאצ' נשים 50 מ""ל",ביירסדורץ,,ניוואה דאו רול און ל,יחידה,1.00,יחידה,false,,19.90,19.9000,true,1,1333519
42299363,false,"ניוואה - דאודורנט רול און לגבר פרש פאוור 50 מ""ל",ביירסדורץ,,ניוואה דאו רול און פ,יחידה,0.00,יחידה,false,,19.90,0.0000,true,1,1472420
50120000,false,"דאב - דאודורנט רול און לאישה פרש ללא סימן 50 מ""ל",יוניליוור אנגליה,,"דאב דאו רולאון 50 מ""",מיליליטרים,50.00,"100 מ""ל",false,,17.90,0.3580,true,1,2180394
50204830,false,אוטן פלוס תרסיס דוחה יתושים וחרקים,אוטן Autan,,אוטן תרסיס דוחה יתוש,מיליליטרים,100.00,"100 מ""ל",false,,18.90,0.1890,true,1,1353067
50398904,false,"קרם חמצן 6% אינדולה 60 מ""ל",גדעון קוסמטיקס,IL,"אינדולה קרם חמצן 6% 60 מ""",מיליליטרים,60.00,"100 מ""ל",false,,3.90,0.0650,true,1,1322880
50398911,false,"קרם חמצן 9% בקבוק 60 מ""ל",שוורצקופ,,קרם חמצן 9%,מיליליטרים,60.00,"100 מ""ל",false,,3.90,0.0650,true,1,1322881
54051140,false,מעדן סויה טעם וניל אלפרו רביעיה * 125 ג',הנסיך- מפעל לייצור ט,BE,אלפרו מעדן סויה בטעם וניל,גרמים,500.00,100 גרם,false,,16.90,0.0338,true,1,1338713
59016441,false,"רקסונה - דאודורנט רול און לאישה פרוט ספין 50 מ""ל","יוניליוור אנגליה, דרך קו",,דאודורנט רול און רקס,מיליליטרים,50.00,"100 מ""ל",false,,15.90,0.3180,true,1,2310244
59079378,false,"אקס - דאודורנט רול און לגבר אייס צ'יל 50 מ""ל","יוניליוור אנגליה, דרך קו",,אקס דאודורנט רול און,מיליליטרים,50.00,"100 מ""ל",false,,18.90,0.3780,true,1,2320441
59079774,false,"רקסונה - דאודורנט רול און לאישה אלוורה 50 מ""ל",רקסונה Rexona,,דאודורנטרול און רקסו,מיליליטרים,50.00,"100 מ""ל",false,,15.90,0.3180,true,1,2280127
59079798,false,"רקסונה - דאודורנט רול און לאישה אנטי פרספירנט שאוור 50 מ""ל","יוניליוור אנגליה, דרך קו",,דאודורנט רול און רקס,מיליליטרים,50.00,"100 מ""ל",false,,15.90,0.3180,true,1,2281609
59082637,false,"רקסונה - דאודורנט רולאון לגבר אקסטרא קול 50 מ""ל",יוניליוור פיליפינים,,דאודורנטרול און רקסו,מיליליטרים,50.00,"100 מ""ל",false,,15.90,0.3180,true,1,2281002
72940754,false,"מילקי מעדן וניל עם קצפת שטראוס 133 מ""ל","שטראוס גרופ בע""\מ",IL,מילקי וניל,גרמים,135.00,100 גרם,false,,2.80,0.0207,true,1,1341880
72940761,false,"מילקי מעדן שוקולד עם קצפת שטראוס 133 מ""ל",מיוצר עי קונדיטוריית,IL,מילקי שוקולד,גרמים,170.00,100 גרם,false,,2.80,0.0165,true,1,1341881
72940952,false,מעדן מילקי בטעם שוקולד עם אקסטרה קצפת,"שטראוס גרופ בע""\מ",IL,מילקי אקסטרה קצפת,גרמים,170.00,100 גרם,false,,3.50,0.0206,true,1,1341882
72940976,false,סלט כרוב אדום אחלה 250 גרם,מיוצר עי קונדיטוריית,IL,כרוב אדום 250,גרמים,250.00,100 גרם,false,,6.90,0.0276,true,1,1341883
72940983,false,סלט חומוס 250 גר אחל,מיוצר עי קונדיטוריית,IL,חומוס אחלה 250,גרמים,250.00,100 גרם,false,,6.90,0.0276,true,1,1843780
72941041,false,מעדן מילקי מיני בטעם שוקולד עם קצפת,"שטראוס גרופ בע""\מ",,מעדן מילקי מיני שוקו,גרמים,70.00,100 גרם,false,,2.00,0.0286,true,1,1341885
72945308,false,קוביית שמרים טריים לאפיה שמרית 50 גרם,"פאקא תעשיות בע""\מ",IL,שמרית קוביה,גרמים,50.00,100 גרם,false,,3.20,0.0640,true,1,1341886
72961209,false,"שמנת חמוצה 15% 200מל בד""צ תנובה",תנובה מרכז שיתופי לש,,שמנית 15% מהדרין 200,מיליליטרים,200.00,"100 מ""ל",false,,2.40,0.0120,true,1,1340204
72961216,false,**אשד מהדרין 5% 200מל,תנובה מרכז שיתופי לש,,"אשל מהדרין 200 מ""ל.",מיליליטרים,200.00,"100 מ""ל",false,,1.65,0.0082,true,1,1340205
72961223,false,"גילה 3% תנובה 200 מ""ל",תנובה מרכז שיתופי לש,,"גיל בד""צ 200 מ""ל.",מיליליטרים,200.00,"100 מ""ל",false,,1.50,0.0075,true,1,1340206
72961506,false,יוגורט עם תות 1.5% שומן 125 ג' פרילי,מיוצר עי קונדיטוריית,,מעדן פרילי חלב תנובה,מיליליטרים,125.00,"100 מ""ל",false,,3.20,0.0256,true,1,1340207
72961520,false,"פרילי יוגורט עם אננס 1.5% תנובה 125 מ""ל",מיוצר עי קונדיטוריית,,מעדן פרילי אננס 125,מיליליטרים,125.00,"100 מ""ל",false,,3.20,0.0256,true,1,1340209
72961544,false,"באדי יוגורט בטעם תות שדה 3% תנובה 125 מ""ל",מחלבת אלון תבור,,"מעדן באדי תות 125 מ""",מיליליטרים,125.00,"100 מ""ל",false,,2.80,0.0224,true,1,1340210
72964132,false,פרילי טבע יוגורט עם גרנולה 200 גרם,מיוצר עי קונדיטוריית,,מעדן פרילי טבעגורט 2,גרמים,200.00,100 גרם,false,,4.90,0.0245,true,1,1340215
72986370,false,"גלידת בן & ג'ריס פיינטים וניל 500מ""ל",מוצרי איכות אמריקאיים,IL,"גל.וניל צרפתי 500 מ""ל",מיליליטרים,500.00,"100 מ""ל",false,,24.90,0.0498,true,1,1326919
72986424,false,"גלידת בן & ג'ריס פיינטים קרם עוגיות 500מ""ל",מוצרי איכות אמריקאיים בע,IL,"גל.קרם עוגיות 500 מ""ל",מיליליטרים,500.00,"100 מ""ל",false,,24.90,0.0498,true,1,1326920
72986448,false,"גלידת בן & ג'ריס פיינטים טופי קראנץ 500מ""ל",מוצרי איכות אמריקאיים בע,IL,"גל.טופי קראנץ 500 מ""ל",מיליליטרים,500.00,"100 מ""ל",false,,24.90,0.0498,true,1,1326921
72986455,false,"גלידה בן& ג'ריס ניו יורק סופר פאדג' צ'אנק 500 מ""ל",מוצרי איכות אמריקאיים בע,IL,גלידת שוקולד פאגד'אגוזים,מיליליטרים,500.00,"100 מ""ל",false,,24.90,0.0498,true,1,1326922
72986479,false,"גלידה שוקולד אגוז עם בננות בן וג'ירי 500 מ""ל",מוצרי איכות אמריקאיים בע,IL,"גל.צ'אנקי מאנקי 500 מ""ל",מיליליטרים,500.00,"100 מ""ל",false,,24.90,0.0498,true,1,1326923
72989425,false,"גלידת בן & ג'ריס פיינטים שוקולד בראוניז 500מ""ל",מוצרי איכות אמריקאיים בע,IL,500 גלידה שוקולד בראוניס,מיליליטרים,500.00,"100 מ""ל",false,,24.90,0.0498,true,1,1326924
72991886,false,"גלידת דולצ'ה בטעם ריבת חלב עם פאדג' בן וג'ירי 500 מ""ל",מוצרי איכות אמריקאיים בע,IL,500 גלידת דולצ'ה דה לצ'ה,מיליליטרים,500.00,"100 מ""ל",false,,24.90,0.0498,true,1,1326925
72993637,false,מעדן חלב בטעם שוקולד 125 ג' דני,"שטראוס גרופ בע""\מ",IL,דני שוקולד,גרמים,125.00,100 גרם,false,,2.70,0.0216,true,1,1341891
72994061,false,חטיף פסק זמן GOOD גלילית לבן 40 גרם,שולן צ'\יקולטה גידה סאן.,TR,פסק זמן 2Good,גרמים,36.00,100 גרם,false,,4.90,0.1361,true,1,1777047
78009226,false,דאו.דאב סטיק אורגינל50ג,"זולברג, גוברנור דריי",,"דאב דאו סטיק 50 מ""ל",גרמים,50.00,100 גרם,false,,18.90,0.3780,true,1,1341361
80001027,false,לואקר טורטינה שוקולד חלב,"כד בני דרום בע""מ",IT,חטיף טורטינה חלב,גרמים,21.00,100 גרם,false,,3.50,0.1667,true,1,1326367
80001287,false,וופל חטיף לואקר אגוז 38 גר',ליימן מותגים,,חטיף וופל גרדנה אגוז,גרמים,38.00,100 גרם,false,,3.50,0.0921,true,1,1326368
80001461,false,חטיף גרנדה שוקולד 38 גרם,"א. לואקר קונפקט בע""מ",IT,חטיף גרדנה מצופה,גרמים,38.00,100 גרם,false,,3.50,0.0921,true,1,1326370
80001485,false,חטיף גרנדה קוקוס 38 גרם,קריניציה ויטמינה אס,IT,חטיף גרדנה קוקוס,גרמים,38.00,100 גרם,false,,3.50,0.0921,true,1,1326371
80001799,false,לואקר טורטינה שוקולד לבן,"כד בני דרום בע""מ",IT,חטיף טורטינה קרם אגוזים 2,גרמים,21.00,100 גרם,false,,3.50,0.1667,true,1,1326372
80001911,false,וופל גרדנה במילוי קרם אגוזי לוז ובציפוי שוקולד לבן,ליימן מותגים,,חטיף וופל גרדנה אגוז,גרמים,38.00,100 גרם,false,,3.50,0.0921,true,1,1842875
80042556,false,POLPA עגבניות חתוכות דק 400 גרם MUTTI,"איי, בי, אינבוו",,עגבניות מרוסקות PO,גרמים,400.00,100 גרם,false,,5.90,0.0148,true,1,2377326
80043638,false,כורכום טחון אורגני 47 גר קנהמלה,קנמלה Cannamela,,כורכום טחון אורגני 4,גרמים,47.00,100 גרם,false,,14.90,0.3170,true,1,1469524
80043645,false,קארי טחון אורגני 52 גר קנהמלה,קנמלה Cannamela,,קארי אורגני-קנהמלה,גרמים,14.00,100 גרם,false,,14.90,1.0643,true,1,1953097
80050025,false,סוכריות טיק טק תפוז 16 גרם,פררו - אלבה,,סוכריות טיק טק,גרמים,16.00,100 גרם,false,,2.90,0.1812,true,1,1326373
80050124,false,סוכריות טיק טק מנטה 16 גרם,פררו - אלבה,,סוכריות טיק-טק,גרמים,16.00,100 גרם,false,,2.90,0.1812,true,1,1326374
80050278,false,פררו רושר חטיף כדורים שלישיה 40ג',פררו - אלבה,,חטיף רושה 1/3.,גרמים,37.50,100 גרם,false,,4.90,0.1307,true,1,1326375
80052487,false,חטיף+ציפוי קוקוס רפאלו30,פררו - אלבה,,חטיף רפאלו 30 גרם,גרמים,30.00,100 גרם,false,,3.90,0.1300,true,1,1326378
80052760,false,קינדר בואנו Kinder Bueno עם חלב ואגוזי לוז,פררו - אלבה,,קינדר בואנו שוקולד ב,גרמים,43.00,100 גרם,false,,3.50,0.0814,true,1,1326379
80052883,false,סוכריות מנטה חזק 16 ג' טיק טק,פררו,,סוכריות טיק טק,גרמים,16.00,100 גרם,false,,2.90,0.1812,true,1,2329148
80136194,false,חטיפי הפי היפו Happy Hippo במילוי קרם חלבי ואגוזי לוז,קינדר Kinder,,הפי היפו חמישייה,גרמים,103.50,100 גרם,false,,12.90,0.1246,true,1,1819989
80176732,false,קינדר הפי היפו 28 יחידות,פררו - אלבה,,חטיף קינדר היפו שוקו,גרמים,20.50,100 גרם,false,,2.90,0.1415,true,1,1326381
80176800,false,נוטלה ממרח שוקולד 750 גרם,פררו תעשיות איטליה ס,,ממרח נוטלה 750 גרם,גרמים,750.00,100 גרם,false,,24.90,0.0332,true,1,1326382
80177173,false,ממרח שוקולד נוטלה 350 גרם,פררו - אלבה,,ממרח נוטלה 350 גרם,גרמים,350.00,100 גרם,false,,13.90,0.0397,true,1,1326383
80177180,false,שוקולד קינדר קאונטרי 23.5 גרם,ליימן שליסל,,שוקולד קינדר קאנטרי.,גרמים,23.50,100 גרם,false,,2.00,0.0851,true,1,1326384
80177609,false,אצבעות שוקולד קינדר Kinder ארבע יחידות,פררו - אלבה,,שוקולד קינדר אצבעות,גרמים,50.00,100 גרם,false,,3.50,0.0700,true,1,1326386
80177616,false,אצבעות שוקולד קינדר Kinder שמונה יחידות,פררו - אלבה,,שוקולד קינדר,גרמים,100.00,100 גרם,false,,6.90,0.0690,true,1,1326387
80273561,false,פלפל שחור במטחנה 45 גר ארומה דה טוסקנה,דרוגיה ואלימנטרי אס.אר.א,IT,פלפל שחור במטחנה 45גרם,גרמים,45.00,100 גרם,false,,12.90,0.2867,true,1,1336978
80273639,false,מלח ים במטחנה 90 גר ארומה דה טוסקנה,דרוגיה ואלימנטרי אס.אר.א,IT,מלח ים במטחנה 90גרם,גרמים,90.00,100 גרם,false,,12.90,0.1433,true,1,1336981
80273660,false,שום במטחנה 50 גר ארומה דה טוסקנה,דרוגיה ואלימנטרי אס.אר.א,IT,שום במטחנה 50גרם,גרמים,50.00,100 גרם,false,,12.90,0.2580,true,1,1336982
80273677,false,צילי במטחנה 20 גר ארומה דה טוסקנה,דרוגיה ואלימנטרי אס.אר.א,IT,צ'ילי במטחנה 20גרם,גרמים,20.00,100 גרם,false,,12.90,0.6450,true,1,1336983
80273684,false,תערובת עשבי פרובנס במטחנה 20 גר ארומה דה,דרוגריה ואלימנטרי אס,IT,תערובת עשבי פרובנס במטחנה,גרמים,20.00,100 גרם,false,,12.90,0.6450,true,1,1336984
80310549,false,הפי היפו חטיף קינדר שוקולד לבן 20.5ג',קריות זול,,חטיף קינדר היפו שוקו,גרמים,20.50,100 גרם,false,,2.90,0.1415,true,1,1819990
80310891,false,ג'וי ביצת הפתעה קינדר 20 גרם,קריות זול,,קינדר ג'וי ביצת הפתע,גרמים,20.00,100 גרם,false,,4.90,0.2450,true,1,2415999
80473213,false,"כמון אורגני 32 גרם ""קנהמלה""",קנהמלה,,כמון אורגני-קנהמלה,גרמים,32.00,100 גרם,false,,14.90,0.4656,true,1,1953138
80533917,false,פילה אנשובי בשמן זית 75 גרם צנצנת,,,פילה אנשובי בשמן זית,גרמים,75.00,100 גרם,false,,24.90,0.3320,true,1,2286258
80651017,false,תערובת עשבי טוסקנה במטחנה 15 ארומה דה טו,דרוגריה ואלימנטרי אס,IT,תערובת עשבי טוסקנה במטחנה,גרמים,16.00,100 גרם,false,,12.90,0.8063,true,1,1336990
80651765,false,גינגר זנגביל במטחנה 35 גר ארומה דה טוסקנ,דרוגריה ואלימנטרי אס,IT,ג'ינג'ר זנגביל במטחנה 35ג,גרמים,28.00,100 גרם,false,,12.90,0.4607,true,1,1336992
80761761,false,קינדר בואנו לבן בודד 39 גרם,ליימן שליסל,,קינדר בואנו לבן בודד,גרמים,39.00,100 גרם,false,,3.50,0.0897,true,1,1326390
80762362,false,מנטוס גומי לעיסה ללא סוכר בטעם מנטה-אקליפטוס,פרפטי ואן מלה,,מסטיק מנטוס וויט תות,גרמים,60.00,100 גרם,false,,9.90,0.1650,true,1,1560179
80768258,false,ביצת הפתעה קינדר גוי לבנות 20 גרם,פררו - אלבה,,קינדר ג'וי ביצת הפתע,גרמים,20.00,100 גרם,false,,4.90,0.2450,true,1,1326393
80773429,false,מנטוס בקבוק מעוגל - מסטיק ללא סוכר בטעם תות 60 גרם,"פרפטי ואן מלה ג'\ידה,סאן",,מסטיק מנטוס תות 60 ג,גרמים,60.00,100 גרם,false,,9.90,0.1650,true,1,1877456
80773443,false,מנטוס בקבוק מעוגל - מסטיק ללא סוכר בטעם מנטה 60 גרם,"פרפטי ואן מלה ג'\ידה,סאן",,מסטיק מנטוס פירות 60,גרמים,60.00,100 גרם,false,,9.90,0.1650,true,1,1674220
80776307,false,מסטיק מנטוס ביג בבקבוק מעוגל טעם פירות מנטה 90 ג',פרפטי ואן מלה הולנד,,מסטיק מנטוס בטעם פיר,גרמים,90.00,100 גרם,false,,10.00,0.1111,true,1,1674221
80780595,false,מסטיק מנטוס ביג בבקבוק מעוגל טעם מנטה-עדינה 90 ג',פרפטי ואן מלה הולנד,,מסטיק מנטוס בטעם מנט,גרמים,90.00,100 גרם,false,,10.00,0.1111,true,1,1674222
80790990,false,מסטיק מנטוס בבקבוק מעוגל בטעם פירות -מנטה 60 ג',"פרפטי ואן מלה ג'\ידה,סאן",,מסטיק מנטוס פירות,גרמים,60.00,100 גרם,false,,9.90,0.1650,true,1,1674223
80794233,false,מסטיק מנטוס ביג בבקבוק מעוגל טעם מנטה 90 ג',פרפטי ואן מלה הולנד,,מסטיק מנטוס בטעם מנט,גרמים,90.00,100 גרם,false,,10.00,0.1111,true,1,1674224
80804697,false,מסטיק וויט White בטעם מנטה מתוקה ללא סוכר,פרפטי ואן מלה,,מסטיק מנטוס בטעם מנט,גרמים,105.00,100 גרם,false,,10.00,0.0952,true,1,1473249
80809265,false,טורטינה בודד חמאת בוטנים 21 ג' לואקר,לואקר,,עוגיית לואקר טורטינה,גרמים,21.00,100 גרם,false,,3.50,0.1667,true,1,2407916
80831402,false,סוכריות מנטוס מנטה עדינה 30 יח' ללא סוכר CLEAN BREATH,פרפטי ואן מלה,,סוכריות מנטוס מנטה ע,גרמים,31.00,100 גרם,false,,6.90,0.2226,true,1,2305101
80832560,false,סוכריות מנטוס פירות יער 21 ג' ללא סוכר CLEAN BREATH,פרפטי ואן מלה,,סוכריות מנטוס פירות,גרמים,31.00,100 גרם,false,,6.90,0.2226,true,1,2407615
80843184,false,מנטוס מסטיק פיור פרש בטעם ענבים 60גר,פרפטי ואן מלה הולנד,,מסטיק מנטוס ענבים,גרמים,60.00,100 גרם,false,,9.90,0.1650,true,1,2366551
80850885,false,גומי לעיסה מנטוס וויט בטעם מנטה עדינה ללא סוכר,פרפטי ואן מלה ברדה,,מסטיק מנטוס וויט מנט,גרמים,60.00,100 גרם,false,,9.90,0.1650,true,1,1326403
80854753,false,סוכריות מנטוס מנטה 30 יח' ללא סוכר CLEAN BREATH,פרפטי ואן מלה,,סוכריות מנטוס מנטה ל,גרמים,31.00,100 גרם,false,,6.90,0.2226,true,1,2305102
80864059,false,וופל גרדנה עם קרם חמאת בוטנים בציפוי שוקולד חלב,ליימן מותגים,,חטיף וופל גרדנה אגוז,גרמים,21.00,100 גרם,false,,3.50,0.1667,true,1,2401714
80864295,false,סוכריות פיור וויט טעם מנטה עדינה 60 ג' מנטוס,"פרפטי ואן מלה ג'ידה,סאן",,מסטיק מנטוס וויט מנט,גרמים,60.00,100 גרם,false,,9.90,0.1650,true,1,2368707
80896081,false,מנטוס בקבוק מעוגל - מסטיק ללא סוכר בטעם אבטיח 60 גרם,"פרפטי ואן מלה ג'\ידה,סאן",,מסטיק מנטוס אבטיח 60,גרמים,60.00,100 גרם,false,,9.90,0.1650,true,1,1877457
80913467,false,מנטוס בקבוק מעוגל - מסטיק ללא סוכר בטעם מנטה,פרפטי ואן מלה הולנד,,מסטיק מנטוס מנטה,גרמים,60.00,100 גרם,false,,9.90,0.1650,true,1,1674225
80926481,false,מסטיק מנטוס פיור פרש בבקבוק בינוני בטעם אבטיח 90ג',"פרפטי ואן מלה ג'ידה,סאן",,מסטיק מנטוס בטעם אבט,גרמים,90.00,100 גרם,false,,10.00,0.1111,true,1,2072777
80936848,false,סוכריות טיק טק תות שדה 24 יח',ליימן-שליסל,,סוכריות טיק-טק,גרמים,16.00,100 גרם,false,,2.90,0.1812,true,1,1326409
80945468,false,סוכריות פיור וויט טעם מנטה מתוקה 60 ג' מנטוס,"פרפטי ואן מלה ג'ידה,סאן",,מסטיק מנטוס וויט מנט,גרמים,60.00,100 גרם,false,,9.90,0.1650,true,1,2368708
80974215,false,מסטיק מנטוס פיור פרש בבקבוק ביג בטעם תות 90ג',"פרפטי ואן מלה ג'ידה,סאן",,מסטיק מנטוס בטעם תות,גרמים,90.00,100 גרם,false,,10.00,0.1111,true,1,2072778
80974482,false,קינדר ג'וי Joy ביצת הפתעה כחול,פררו - אלבה,,קינדר ג'וי ביצת הפתע,גרמים,20.00,100 גרם,false,,4.90,0.2450,true,1,1326412
80979128,false,מנטוס מסטיק בקבוק מעוגל בטעם דובדבן,פרפטי ואן מלה הולנד,,מסטיק מנטוס דובדבן,גרמים,60.00,100 גרם,false,,9.90,0.1650,true,1,2366552
80982470,false,מסטיק מנטוס פיור פרוסט בטעם מנטה חזק 60 גר',פרפטי ואן מלה ברדה,,מסטיק מנטוס מנטה חזק,גרמים,60.00,100 גרם,false,,9.90,0.1650,true,1,2349647
80986348,false,סוכריות פיור וויט טעם מנטה 60 ג' מנטוס,"פרפטי ואן מלה ג'ידה,סאן",,מסטיק מנטוס וויט מנט,גרמים,60.00,100 גרם,false,,9.90,0.1650,true,1,2368709
80995128,false,מנטוס בקבוק עגול בטעם הדרים בתוספת ויטמינים 60 גרם,פרפטי ואן מלה הולנד,,מסטיק מנטוס הדרים 6,גרמים,60.00,100 גרם,false,,9.90,0.1650,true,1,2422707
87108538,false,סוכריות בטעם תות מנטוס 37.5 גרם,הדקלאים אגודת שיתופי,,מנטוס תות בודד,גרמים,37.00,100 גרם,false,,3.00,0.0811,true,1,1326414
87108651,false,סוכריות בטעם מנטה מנטוס 4*37.5 גרם,הדקלאים אגודת שיתופי,,מנטוס 1/4 טעם מנטה,גרמים,150.00,100 גרם,false,,10.90,0.0727,true,1,1326415
87108712,false,סוכריות בטעם פירות מנטוס 4*37.5 גרם,פרפטי ואן מלה ברדה,,מנטוס 1/4 טעם פירות,גרמים,150.00,100 גרם,false,,10.90,0.0727,true,1,1326416
87311396,false,מנטוס ריינבאוו סוכריות לעיסה בטעמי פירות,פרפטי ואן מלה ברדה,,מנטוס גליל בודד,גרמים,37.50,100 גרם,false,,3.00,0.0800,true,1,1326422
87342802,false,"אקס דאודורנט רול און גולד 50 מ""ל","יוניליוור אנגליה, דרך קו",,אקס רול און רוק,מיליליטרים,50.00,"100 מ""ל",false,,18.90,0.3780,true,1,2320442
87354041,false,סוכריות מנטוס גליל בטעם דובדבן,פרפטי ואן מלה,,מנטוס דובדבן בודד,גרמים,37.50,100 גרם,false,,3.00,0.0800,true,1,2367790
88888000,true,Temp SuperDept,,,Temp SuperDept,,0.00,,false,,0.00,0.0000,true,1,1364632
88888004,true,מוצרי מקרר טרי,,,מוצרי מקרר טרי,,0.00,,false,,0.00,0.0000,true,1,1364633
88888005,true,בשר / עופות / דגים,,,בשר / עופות / דגים,,0.00,,false,,0.00,0.0000,true,1,1364634
88888006,true,פירות וירקות,,,פירות וירקות,,0.00,,false,,0.00,0.0000,true,1,1364635
88888007,true,ארכיון,,,ארכיון,,0.00,,false,,0.00,0.0000,true,1,1364636
88888010,true,מכולת,,,מכולת,,0.00,,false,,0.00,0.0000,true,1,1364637
88888015,true,"ללא מע""מ",,,"ללא מע""מ",,0.00,,false,,0.00,0.0000,true,1,1364638
88888020,true,פירות וירקות הלחי,,,פירות וירקות הלחי,,0.00,,false,,0.00,0.0000,true,1,1364658
88888033,true,חלב וביצים,,,חלב וביצים,,0.00,,false,,0.00,0.0000,true,1,1364639
88888034,true,סלטים ונקניקים,,,סלטים ונקניקים,,0.00,,false,,0.00,0.0000,true,1,1364640
88888050,true,קצביה עוף,,,קצביה עוף,,0.00,,false,,0.00,0.0000,true,1,1364641
88888051,true,קצביה בקר,,,קצביה בקר,,0.00,,false,,0.00,0.0000,true,1,1364642
88888056,true,קצביה הודו,,,קצביה הודו,,0.00,,false,,0.00,0.0000,true,1,1364643
88888068,true,שתיה,,,שתיה,,0.00,,false,,0.00,0.0000,true,1,1364648
88888070,true,תינוקות ופעוטות,,,תינוקות ופעוטות,,0.00,,false,,0.00,0.0000,true,1,1364649
88888071,true,חומרי ניקוי,,,חומרי ניקוי,,0.00,,false,,0.00,0.0000,true,1,1364650
88888082,true,טיפוח והגיינה,,,טיפוח והגיינה,,0.00,,false,,0.00,0.0000,true,1,1364651
88888083,true,ביזרים וכלי עזר לבית,,,ביזרים וכלי עזר לבית,,0.00,,false,,0.00,0.0000,true,1,1364652
88888084,true,כלי עבודה ורכב,,,כלי עבודה ורכב,,0.00,,false,,0.00,0.0000,true,1,1364653
88888085,true,הלבשה,,,הלבשה,,0.00,,false,,0.00,0.0000,true,1,1364654
88888086,true,"ים, משרד ומוצרי פנאי",,,"ים, משרד ומוצרי פנאי",,0.00,,false,,0.00,0.0000,true,1,1364655
88888087,true,ודים מקוצרים למבצעים,,,ודים מקוצרים למבצעים,,0.00,,false,,0.00,0.0000,true,1,1364656
88888088,true,פקדונות,,,פקדונות,,0.00,,false,,0.00,0.0000,true,1,1364657
88888093,true,אוכל מוכן,,,אוכל מוכן,,0.00,,false,,0.00,0.0000,true,1,1364660
88888096,true,שיפודיה,,,שיפודיה,,0.00,,false,,0.00,0.0000,true,1,1364661
88888097,true,קפיטריה,,,קפיטריה,,0.00,,false,,0.00,0.0000,true,1,1364662
88888098,true,אוטו ספא,,,אוטו ספא,,0.00,,false,,0.00,0.0000,true,1,1364663
88888099,true,VENDOR,,,VENDOR,,0.00,,false,,0.00,0.0000,true,1,1364664
88888100,true,מוכרנים - מוצרי חשמל,,,מוכרנים - מוצרי חשמל,,0.00,,false,,0.00,0.0000,true,1,2252279
88888555,true,דגים טריים,,,דגים טריים,,0.00,,false,,0.00,0.0000,true,1,1364645
90034107,false,"בירה שטיגל גולדברו 500 מ""ל",מבשלת שטיגל,,בירה שטיגל-גולדבראו,מיליליטרים,500.00,"100 מ""ל",false,,11.90,0.0238,true,1,1486633
90087011,false,מיץ תפוחים 100% קרטונית ראוך,Rauch fruchtsafte gm,,מיץ תפוחים 100% 1 לי,ליטרים,1.00,ליטר,false,,11.90,11.9000,true,1,1339592
90087271,false,נקטר אוכמניות 1 ליטר קרטונית ראוך,Rauch fruchtsafte gm,,נקטר אוכמניות 1 ליטר,ליטרים,1.00,ליטר,false,,11.90,11.9000,true,1,1339593
90087547,false,מיץ עגבניות 1 ליטר ראוך קרטונית,Rauch fruchtsafte gm,,מיץ עגבנית 1 ליטר,ליטרים,1.00,ליטר,false,,11.90,11.9000,true,1,2050306
90087769,false,מיץ אננס 100% קרטונית ראוך,Rauch fruchtsafte gm,,מיץ אננס 100%,ליטרים,1.00,ליטר,false,,11.90,11.9000,true,1,1339595
90087974,false,חומץ טבעי מתפוחים 750 מל,ראוך פרוכטסאפה,,"חומץ מתפוחים 750 מ""ל",מיליליטרים,750.00,"100 מ""ל",false,,12.90,0.0172,true,1,1339596
90087998,false,"מיץ לימון טבעי 250 מ""ל",Rauch fruchtsafte gm,,מיץ לימון טבעי 250 מ,מיליליטרים,250.00,"100 מ""ל",false,,5.90,0.0236,true,1,1339597
90162602,false,רד בול משקה אנרגיה פקדון 30 אג,רד בול ג'י.אם.בי. אץ,,משקה רד-בול אנרגיה.,מיליליטרים,250.00,"100 מ""ל",false,,5.90,0.0236,true,1,1347325
90446269,false,"משקה רד בול אבטיח מוגז פחית 250 מ""ל",ראון פרוכטסאפה,,משקה רד-בול אנרגיה א,מיליליטרים,250.00,"100 מ""ל",false,,5.90,0.0236,true,1,2356892
90448867,false,"משקה אנרגיה רד בול ללא פחמימות 250 מ""ל",רד בול,,משקה רד-בול אנרגיה ל,מיליליטרים,250.00,"100 מ""ל",false,,5.90,0.0236,true,1,2405725
96137130,false,"דאודורנט דאב רול און אגס ואלוורה 150 מ""ל",יוניליוור פיליפינים,,דאב רולאון אגס אלוור,מיליליטרים,50.00,"100 מ""ל",false,,17.90,0.3580,true,1,2017579
722710406,false,נעלי בית נשים 36-41,,,נעלי בית נשים 36-41,יחידה,0.00,יחידה,false,,24.90,0.0000,true,1,2421229
722710409,false,נעלי בית נשים 36-41,,,נעלי בית נשים 36-41,יחידה,0.00,יחידה,false,,24.90,0.0000,true,1,2421232
722710502,false,נעלי בית רוכסן נוער,,,נעלי בית רוכסן נוער,יחידה,0.00,יחידה,false,,49.90,0.0000,true,1,2421237
722710503,false,נעלי בית רוכסן גבר 4,,,נעלי בית רוכסן גבר 4,יחידה,0.00,יחידה,false,,59.90,0.0000,true,1,2421238
722710704,false,נעלי בית גבר 41-46,,,נעלי בית גבר 41-46,יחידה,0.00,יחידה,false,,34.90,0.0000,true,1,2421258
722710706,false,נעלי בית גבר 41-46,,,נעלי בית גבר 41-46,יחידה,0.00,יחידה,false,,34.90,0.0000,true,1,2421260
3593110003,false,שלישיית בוקסר בנים כ,,,שלישיית בוקסר בנים כ,יחידה,0.00,יחידה,false,,34.90,0.0000,true,1,2297072
3593320005,false,גרבי בנים חלק,,,גרבי בנים חלק,יחידה,0.00,יחידה,false,,14.90,0.0000,true,1,2297086
3593320019,false,גרבי ילדים מדוגם,,,גרבי ילדים מדוגם,יחידה,0.00,יחידה,false,,14.90,0.0000,true,1,2323006
3593320024,false,גרבי בנים חלק תפר שט,,,גרבי בנים חלק תפר שט,יחידה,0.00,יחידה,false,,14.90,0.0000,true,1,2379728
3593320025,false,שלישיית גרבי בנים מד,,,שלישיית גרבי בנים מד,יחידה,0.00,יחידה,false,,14.90,0.0000,true,1,2378443
3593320030,false,קרסוליות בנים חלק,,,קרסוליות בנים חלק,יחידה,0.00,יחידה,false,,14.90,0.0000,true,1,2378722
3593380001,false,רביעיית קרסוליות בני,,,רביעיית קרסוליות בני,יחידה,0.00,יחידה,false,,19.90,0.0000,true,1,2379735
3593430001,false,גופיות בנים לבן,,,גופיות בנים לבן,יחידה,0.00,יחידה,false,,29.90,0.0000,true,1,2297093
3593430002,false,שלישיית גופיות בנים,,,שלישיית גופיות בנים,יחידה,0.00,יחידה,false,,29.90,0.0000,true,1,2297094
3594210002,false,חמישיית תחתוני בנות,,,חמישיית תחתוני בנות,יחידה,0.00,יחידה,false,,24.90,0.0000,true,1,2297096
3594210003,false,חמישיית תחתוני גמילה,,,חמישיית תחתוני גמילה,יחידה,0.00,יחידה,false,,24.90,0.0000,true,1,2297097
3594210015,false,תחתוני בנות מדוגם,,,תחתוני בנות מדוגם,יחידה,0.00,יחידה,false,,34.90,0.0000,true,1,2378729
3594210017,false,תחתוני בנות מדוגם,,,תחתוני בנות מדוגם,יחידה,0.00,יחידה,false,,34.90,0.0000,true,1,2378730
3594320004,false,גרבי יוניסקס ילדים ח,,,גרבי יוניסקס ילדים ח,יחידה,0.00,יחידה,false,,24.90,0.0000,true,1,2297105
3594320021,false,שלישיית גרבי בנות חל,,,שלישיית גרבי בנות חל,יחידה,0.00,יחידה,false,,12.90,0.0000,true,1,2365589
3594320022,false,שלישיית גרבי בנות מד,,,שלישיית גרבי בנות מד,יחידה,0.00,יחידה,false,,12.90,0.0000,true,1,2378444
3594320024,false,גרבי יוניסקס ילדים ח,,,גרבי יוניסקס ילדים ח,יחידה,0.00,יחידה,false,,24.90,0.0000,true,1,2365590
3594320032,false,גרבי בנות מגבת מלאה,,,גרבי בנות מגבת מלאה,יחידה,0.00,יחידה,false,,19.90,0.0000,true,1,2379756
3594320033,false,גרבי בנות מגבת מלאה,,,גרבי בנות מגבת מלאה,יחידה,0.00,יחידה,false,,19.90,0.0000,true,1,2379757
3594380001,false,רביעיית קרסוליות בנו,,,רביעיית קרסוליות בנו,יחידה,0.00,יחידה,false,,19.90,0.0000,true,1,2379758
3595110003,false,בוקסר גבר חלק,,,בוקסר גבר חלק,יחידה,0.00,יחידה,false,,39.90,0.0000,true,1,2297114
3595110004,false,בוקסר גבר חלק,,,בוקסר גבר חלק,יחידה,0.00,יחידה,false,,49.90,0.0000,true,1,2297115
3595110014,false,בוקסר גבר רחב חלק,,,בוקסר גבר רחב חלק,יחידה,0.00,יחידה,false,,19.90,0.0000,true,1,2297125
3595110031,false,בוקסר גבר חלק אורגני,,,בוקסר גבר חלק אורגני,יחידה,0.00,יחידה,false,,19.90,0.0000,true,1,2378742
3595110032,false,בוקסר גבר חלק אורגני,,,בוקסר גבר חלק אורגני,יחידה,0.00,יחידה,false,,19.90,0.0000,true,1,2378743
3595110050,false,בוקסר גבר חלק כ/ל גו,,,בוקסר גבר חלק כ/ל גו,יחידה,0.00,יחידה,false,,39.90,0.0000,true,1,2379785
3595110051,false,בוקסר גבר חלק כ/ל גו,,,בוקסר גבר חלק כ/ל גו,יחידה,0.00,יחידה,false,,49.90,0.0000,true,1,2379786
3595110053,false,בוקסר גבר רחב מדוגם,,,בוקסר גבר רחב מדוגם,יחידה,0.00,יחידה,false,,19.90,0.0000,true,1,2379788
3595210008,false,סליפ גבר חלק 3 יח,,,סליפ גבר חלק 3 יח,יחידה,0.00,יחידה,false,,29.90,0.0000,true,1,2379458
3595320011,false,גרבי גבר חלק,,,גרבי גבר חלק,יחידה,0.00,יחידה,false,,14.90,0.0000,true,1,2297145
3595320017,false,עקביות גבר,,,עקביות גבר,יחידה,0.00,יחידה,false,,19.90,0.0000,true,1,2297151
3595320038,false,חמישיית גרבי גבר אלג,,,חמישיית גרבי גבר אלג,יחידה,0.00,יחידה,false,,29.90,0.0000,true,1,2428647
3595320042,false,קרסוליות גבר חלק,,,קרסוליות גבר חלק,יחידה,0.00,יחידה,false,,14.90,0.0000,true,1,2378618
3595320044,false,גרבי סניקרס גבר,,,גרבי סניקרס גבר,יחידה,0.00,יחידה,false,,19.90,0.0000,true,1,2378747
3595320055,false,שלישיית גרבי גבר אלג,,,שלישיית גרבי גבר אלג,יחידה,0.00,יחידה,false,,19.90,0.0000,true,1,2428654
3595320056,false,שלישיית גרבי גבר חלק,,,שלישיית גרבי גבר חלק,יחידה,0.00,יחידה,false,,19.90,0.0000,true,1,2428655
3595380001,false,רביעיית קרסוליות גבר,,,רביעיית קרסוליות גבר,יחידה,0.00,יחידה,false,,29.90,0.0000,true,1,2379799
3595380003,false,רביעיית קוואטר גבר ח,,,רביעיית קוואטר גבר ח,יחידה,0.00,יחידה,false,,29.90,0.0000,true,1,2379801
3595430003,false,זוג גופיות סבא גבר 1,,,זוג גופיות סבא גבר 1,יחידה,0.00,יחידה,false,,29.90,0.0000,true,1,2297156
3595430005,false,גופיות סבאגבר חלק ל,,,גופיות סבאגבר חלק ל,יחידה,0.00,יחידה,false,,29.90,0.0000,true,1,2378445
3595430006,false,גופיות סבאגבר פסים ל,,,גופיות סבאגבר פסים ל,יחידה,0.00,יחידה,false,,29.90,0.0000,true,1,2378748
3595530002,false,זוג טריקו חלק גבר ל,,,זוג טריקו חלק גבר ל,יחידה,0.00,יחידה,false,,49.90,0.0000,true,1,2378750
3595830024,false,חולצות גבר פלנל שחור,,,חולצות גבר פלנל שחור,יחידה,0.00,יחידה,false,,49.90,0.0000,true,1,2379802
3595830028,false,מכנסי גבר פלנל לבן,,,מכנסי גבר פלנל לבן,יחידה,0.00,יחידה,false,,49.90,0.0000,true,1,2379806
3595830033,false,חולצות גבר פלנל לבן,,,חולצות גבר פלנל לבן,יחידה,0.00,יחידה,false,,49.90,0.0000,true,1,2379811
3595830037,false,חולצות גבר פלנל לבן,,,חולצות גבר פלנל לבן,יחידה,0.00,יחידה,false,,49.90,0.0000,true,1,2379815
3595830038,false,חולצות גבר פלנל לבן,,,חולצות גבר פלנל לבן,יחידה,0.00,יחידה,false,,49.90,0.0000,true,1,2379816
3595830039,false,חולצה תרמית גבר ירוק,,,חולצה תרמית גבר ירוק,יחידה,0.00,יחידה,false,,29.90,0.0000,true,1,2379817
3595830044,false,חולצות גבר פלנל ירוק,,,חולצות גבר פלנל ירוק,יחידה,0.00,יחידה,false,,49.90,0.0000,true,1,2379820
3595920005,false,גרבי ספורט גבר שחור,,,גרבי ספורט גבר שחור,יחידה,0.00,יחידה,false,,24.90,0.0000,true,1,2357302
3595920006,false,גרבי ספורט גבר לבן,,,גרבי ספורט גבר לבן,יחידה,0.00,יחידה,false,,24.90,0.0000,true,1,2357303
3595920007,false,גרבי ספורט גבר צבעונ,,,גרבי ספורט גבר צבעונ,יחידה,0.00,יחידה,false,,24.90,0.0000,true,1,2357304
3595950002,false,בוקסר גבר חלק,,,בוקסר גבר חלק,יחידה,0.00,יחידה,false,,14.90,0.0000,true,1,2321462
3595950011,false,בוקסר גבר חלק בנדוטי,,,בוקסר גבר חלק בנדוטי,יחידה,0.00,יחידה,false,,14.90,0.0000,true,1,2399938
3595950012,false,בוקסר גבר חלק בנדוטי,,,בוקסר גבר חלק בנדוטי,יחידה,0.00,יחידה,false,,14.90,0.0000,true,1,2399939
3595950013,false,בוקסר גבר חלק בנדוטי,,,בוקסר גבר חלק בנדוטי,יחידה,0.00,יחידה,false,,14.90,0.0000,true,1,2399940
3595950014,false,בוקסר גבר חלק בנדוטי,,,בוקסר גבר חלק בנדוטי,יחידה,0.00,יחידה,false,,14.90,0.0000,true,1,2399941
3595950015,false,בוקסר גבר חלק בנדוטי,,,בוקסר גבר חלק בנדוטי,יחידה,0.00,יחידה,false,,14.90,0.0000,true,1,2399942
3596210007,false,חמישית תחתוני נשים ה,,,חמישית תחתוני נשים ה,יחידה,0.00,יחידה,false,,34.90,0.0000,true,1,2297165
3596210012,false,חמישיית תחתוני ביקינ,,,חמישיית תחתוני ביקינ,יחידה,0.00,יחידה,false,,34.90,0.0000,true,1,2297170
3596210014,false,שלישיית תחתוני נשים,,,שלישיית תחתוני נשים,יחידה,0.00,יחידה,false,,29.90,0.0000,true,1,2297172
3596210034,false,שלישיית תחתוני סנטונ,,,שלישיית תחתוני סנטונ,יחידה,0.00,יחידה,false,,34.90,0.0000,true,1,2379827
3596210046,false,תחתוני נשים אורגני,,,תחתוני נשים אורגני,יחידה,0.00,יחידה,false,,34.90,0.0000,true,1,2379829
3596210050,false,תחתוני נשים אורגני,,,תחתוני נשים אורגני,יחידה,0.00,יחידה,false,,29.90,0.0000,true,1,2378757
3596320001,false,גרבי בריאות נשים,,,גרבי בריאות נשים,יחידה,0.00,יחידה,false,,14.90,0.0000,true,1,2297176
3596320023,false,קרסוליות יוניסקס חלק,,,קרסוליות יוניסקס חלק,יחידה,0.00,יחידה,false,,14.90,0.0000,true,1,2365597
3596320024,false,קרסוליות יוניסקס חל,,,קרסוליות יוניסקס חל,יחידה,0.00,יחידה,false,,14.90,0.0000,true,1,2365592
3596320025,false,גרבי סניקרס נשים,,,גרבי סניקרס נשים,יחידה,0.00,יחידה,false,,19.90,0.0000,true,1,2378759
3596320026,false,עקביות נשים,,,עקביות נשים,יחידה,0.00,יחידה,false,,19.90,0.0000,true,1,2365598
3596320032,false,זוגות גרבי נשים צבעו,,,זוגות גרבי נשים צבעו,יחידה,0.00,יחידה,false,,19.90,0.0000,true,1,2379840
3596320039,false,גרבי חיילות שחור/לבן,,,גרבי חיילות שחור/לבן,יחידה,0.00,יחידה,false,,19.90,0.0000,true,1,2380702
3596320047,false,שלישיית גרבי שנייל ח,,,שלישיית גרבי שנייל ח,יחידה,0.00,יחידה,false,,24.90,0.0000,true,1,2428677
3596550001,false,גוזיית נשים סנטוני ס,,,גוזיית נשים סנטוני ס,יחידה,0.00,יחידה,false,,19.90,0.0000,true,1,2379848
3596550002,false,גוזיית נשים ספורט סנ,,,גוזיית נשים ספורט סנ,יחידה,0.00,יחידה,false,,19.90,0.0000,true,1,2379849
3596550003,false,גוזיית נשים בייסיק ס,,,גוזיית נשים בייסיק ס,יחידה,0.00,יחידה,false,,19.90,0.0000,true,1,2379850
3596550005,false,גוזיות נשים סימלס על,,,גוזיות נשים סימלס על,יחידה,0.00,יחידה,false,,19.90,0.0000,true,1,2379852
3596830007,false,חולצת נשים פלנל מעור,,,חולצת נשים פלנל מעור,יחידה,0.00,יחידה,false,,19.90,0.0000,true,1,2379853
3596830009,false,חולצות נשים תרמית שח,,,חולצות נשים תרמית שח,יחידה,0.00,יחידה,false,,49.90,0.0000,true,1,2379855
3597740030,false,גרבי בית מעוצבים בטנ,,,גרבי בית מעוצבים בטנ,יחידה,0.00,יחידה,false,,19.90,0.0000,true,1,2428688
3598830019,false,O חולצות ילדים פלנל,,,O חולצות ילדים פלנל,יחידה,0.00,יחידה,false,,29.90,0.0000,true,1,2379859
3598830020,false,O חולצות ילדים פלנל,,,O חולצות ילדים פלנל,יחידה,0.00,יחידה,false,,29.90,0.0000,true,1,2379860
3598830021,false,O חולצות ילדים פלנל,,,O חולצות ילדים פלנל,יחידה,0.00,יחידה,false,,29.90,0.0000,true,1,2379861
3598830022,false,O חולצות ילדים פלנל,,,O חולצות ילדים פלנל,יחידה,0.00,יחידה,false,,29.90,0.0000,true,1,2379862
3598830023,false,חולצות ילדים פלנל לב,,,חולצות ילדים פלנל לב,יחידה,0.00,יחידה,false,,29.90,0.0000,true,1,2378767
3598830024,false,חולצות ילדים פלנל לב,,,חולצות ילדים פלנל לב,יחידה,0.00,יחידה,false,,29.90,0.0000,true,1,2378768
3598830025,false,O חולצות ילדים פלנל,,,O חולצות ילדים פלנל,יחידה,0.00,יחידה,false,,29.90,0.0000,true,1,2379863
3598830026,false,O חולצות ילדים פלנל,,,O חולצות ילדים פלנל,יחידה,0.00,יחידה,false,,29.90,0.0000,true,1,2379864
3598830027,false,O חולצות ילדים פלנל,,,O חולצות ילדים פלנל,יחידה,0.00,יחידה,false,,29.90,0.0000,true,1,2379865
9800800056,false,חטיף שוקולד עם מקלות לחם אנד גו,פררו - אלבה,,ממרח נוטלה אנד גו,גרמים,52.00,100 גרם,false,,4.90,0.0942,true,1,1471215
11210000032,false,"רוטב טבסקו משפחתי 360מ""ל",מקאילהייני Mc.Ilhenn,US,טבסקו אדום משפחתי,מיליליטרים,350.00,"100 מ""ל",false,,49.90,0.1426,true,1,1329606
11210000094,false,"רוטב ""טבסקו"" על בסיס פלפל אדום 60 מ""ל",מקאילהייני אייבורי,US,טבסקו אדום,מיליליטרים,60.00,"100 מ""ל",false,,9.90,0.1650,true,1,1329607
11210000216,false,"בלאדי מרי מיקס טבסקו 946 מ""ל",מקאילהייני Mc.Ilhenn,US,בלאדי מרי,מיליליטרים,946.00,"100 מ""ל",false,,29.90,0.0316,true,1,1329608
11210002500,false,"טבסקו חריף באפאלו 150מ""ל","ניצן מותגי מזון בע""מ",US,טבסקו באפלו,מיליליטרים,150.00,"100 מ""ל",false,,19.90,0.1327,true,1,1329609
11210006508,false,רוטב פלפל הבנרו חריף טבסקו 60 מל,מקאילהייני Mc.Ilhenn,US,טבסקו הבנרו,מיליליטרים,60.00,"100 מ""ל",false,,15.90,0.2650,true,1,1329610
11210007253,false,"רוטב ""טבסקו"" על בסיס פלפל אדום ושום 60 מ""ל",מקאילהייני אייבורי,US,טבסקו שום,מיליליטרים,60.00,"100 מ""ל",false,,9.90,0.1650,true,1,1329611
11210009387,false,"רוטב ""טבסקו"" על בסיס פלפל ירוק חריף 60 מ""ל",מקאילהייני אייבורי,US,טבסקו ירוק,מיליליטרים,60.00,"100 מ""ל",false,,9.90,0.1650,true,1,1329612
11210607040,false,"רוטב ""טבסקו"" על בסיס פלפל צ'יפוטלי [בטעם מעושן] 60 מ""ל",מקאילהייני Mc.Ilhenn,US,טבסקו צ'יפוטלי,מיליליטרים,60.00,"100 מ""ל",false,,9.90,0.1650,true,1,1329613
11210618503,false,"רוטב טבסקו על בסיס פלפל סקורפיון 60מ""ל",מק. אילהיני קו,,טבסקו סקורפיון,מיליליטרים,60.00,"100 מ""ל",false,,14.90,0.2483,true,1,2330950
11210698055,false,רוטב טבסקו סרירציה 566 גרם,מקאילהייני קו,,טבסקו רוטב סרירצ'ה,מיליליטרים,566.00,"100 מ""ל",false,,24.90,0.0440,true,1,2330951
16000185517,false,דגני בוקר פייבר וואן עתירי סובין FIBRE1,בטר אנד דיפרנט,,דגני בוקר פייבר וואן,גרמים,555.00,100 גרם,false,,27.90,0.0503,true,1,2381512
16000281684,false,חטיפי גרנולה קראנצ'י עם פקאן נייצ'ר ואלי 5*42 גרם,ליימן מותגים,US,קראנצי בטעם פקאן חמישייה,גרמים,210.00,100 גרם,false,,14.90,0.0710,true,1,1326427
16000548503,false,חטיפי גרנולה קראנצ'י עם מייפל וסוכר חום נייצ'ר ואלי 5*42 גרם,ג'נרל מילס סאן אדריאן,ES,קראנצי בטעם מייפל וסוכר ח,גרמים,210.00,100 גרם,false,,14.90,0.0710,true,1,1326434
16000548602,false,חטיפי גרנולה קראנצ'י קינמון נייצ'ר ואלי 5*24 גרם,ג'נרל מילס סאן אדריאן,ES,קראנצי בטעם קנמון 210 גר,גרמים,210.00,100 גרם,false,,14.90,0.0710,true,1,1326435
16000548909,false,חטיפי גרנולה קראנצ'י במגוון טעמים נייצ'ר ואלי 5*42 גרם,ג'נרל מילס סאן אדריאן,ES,חטיף ניישטר וואלי 1/5 ברי,גרמים,210.00,100 גרם,false,,14.90,0.0710,true,1,1326436
16229917593,false,מי קוקוס 100% פוקו 3,ויט וורלד קומפני,,"מי קוקוס 330 מ""ל",מיליליטרים,330.00,"100 מ""ל",false,,6.90,0.0209,true,1,2328590
16229917609,false,"מי קוקוס עם רימון 330מ""ל",ויט וורלד קומפני,,מי קוקוס בתוספתרימון,מיליליטרים,330.00,"100 מ""ל",false,,6.90,0.0209,true,1,2328591
16229917630,false,"מי קוקוס בתוספת אננס 330 מ""ל",ויט וורלד קומפני,,מי קוקוס בתוספת אננס,מיליליטרים,330.00,"100 מ""ל",false,,6.90,0.0209,true,1,2328593
16229924263,false,"ארוי-די קרם קוקוס 250 מ""ל",תאי אגרי פוד פובליק קו'\,,"קרם קוקוס 250 מ""ל",מיליליטרים,250.00,"100 מ""ל",false,,9.90,0.0396,true,1,2328579
18000701223,false,"פילסברי, עוגה בטעם שוקולד, תערובת להכנת עוגה בטעם שוקולד. 500 גרם",הדקלאים אגודת שיתופי,IL,תערובת לעוגת שוקולד 517 ג,גרמים,500.00,100 גרם,false,,19.90,0.0398,true,1,1326438
18000703494,false,"פילסברי, עוגה בטעם וניל, תערובת להכנת עוגה בטעם וניל. 500 גרם.",הדקלאים אגודת שיתופי,IL,תערובת לעוגת וניל 517 גרם,גרמים,500.00,100 גרם,false,,19.90,0.0398,true,1,1326439
18000703517,false,"פילסברי, עוגה בטעם שוקולד וניל, תערובת להכנת עוגה בטעם וניל. 550 גרם.",הדקלאים אגודת שיתופי,IL,תערובת לעוגת שיש 550 גרם,גרמים,550.00,100 גרם,false,,19.90,0.0362,true,1,1326440
18000766413,false,"פילסברי, עוגה בטעם שוקולד, תערובת להכנת עוגה בטעם שוקולד. 550 גרם.",הדקלאים אגודת שיתופי,IL,תערובת לבראוניס 552 גרם,גרמים,550.00,100 גרם,false,,19.90,0.0362,true,1,1326441
18200004735,false,"בירה ביאלומיניום באדוויזר 473 מ""ל בקבוק",IBBLS,,בירה באדוויזר,מיליליטרים,473.00,"100 מ""ל",false,,12.90,0.0273,true,1,2307047
19548003107,false,צימקאו בטעם שוקולד לבן אופנהיימר 300 גרם,אופנהיימר,,בלוק צימקאו לבן 300,גרמים,300.00,100 גרם,false,,8.90,0.0297,true,1,2194620
22200956932,false,דאודורנט ספיד סטיק גל 24/7 כחול 85 גר,הנסיך- מפעל לייצור ט,US,ספיד סטיק 24/7 גל כחול,גרמים,51.00,100 גרם,false,,19.90,0.3902,true,1,1338716
22200956949,false,דאודורנט ג'ל כתום לגבר ספיד סטיק 85 גרם,קולגייט-פלמוליב,US,ספיד סטיק 24/7 גל כתום,גרמים,51.00,100 גרם,false,,19.90,0.3902,true,1,1338717
25675120006,false,חמצוצים 4 צבעים טעמים טבעי 100 גרם,פאסין ב.ו,NL,מקלות חמוצים 4 טעמים ללא,גרמים,100.00,100 גרם,false,,6.90,0.0690,true,1,1346464
25675120020,false,סאוור סטיקס Sour Sticks בטעם אוכמניות,פשקס קנדי,NL,מקלות חמוצים פטל,גרמים,100.00,100 גרם,false,,6.90,0.0690,true,1,1346465
25675120068,false,מקלות חמצוצים בטעם קולה פשקז 100 גרם,פשקז Paskesz,NL,מקלות חמוצים קולה,גרמים,100.00,100 גרם,false,,6.90,0.0690,true,1,1346468
25675121027,false,חמצוצים רחב צבעוני רחב בטעמים 115 גרם,פאסין,,חמצוצים רחב צבעוני,גרמים,115.00,100 גרם,false,,6.90,0.0600,true,1,2336802
25675121034,false,חמצוצים רחבים תות 115 גר,חמצוצים,NL,שטיח חמוץ תות,גרמים,115.00,100 גרם,false,,6.90,0.0600,true,1,1346473
25675121041,false,סאוור בלטס Sour Belts בטעם אוכמניות,פשקז Paskesz,NL,שטיח חמוץ פטל,גרמים,115.00,100 גרם,false,,6.90,0.0600,true,1,1346474
25675121058,false,"חמצוצים רחבים תפו""ע 115 גר",חמצוצים,NL,שטיח חמוץ תפוח עץ,גרמים,115.00,100 גרם,false,,6.90,0.0600,true,1,1346475
25675301092,false,פשקז חמצוצים מקלות צבעוני מיקס 50 גר,פאסין,NL,מקלות חמוצים 4 טעמים ללא,גרמים,40.00,100 גרם,false,,4.90,0.1225,true,1,1346482
25675301108,false,מקלות חמוצים חמצוצים תות 50 גרם,פאסין,NL,מקלות חמוצים תות,גרמים,50.00,100 גרם,false,,4.90,0.0980,true,1,1346483
25675301153,false,סאוור סטיקס Sour Sticks בטעם אוכמניות,פשקז Paskesz,NL,מקלות חמוצים פטל,גרמים,50.00,100 גרם,false,,4.90,0.0980,true,1,1346484
25675301184,false,חמצוצים מקלות חמוצים קולה 50 גרם,פשקז Paskesz,NL,מקלות חמוצים קולה,גרמים,50.00,100 גרם,false,,4.90,0.0980,true,1,1346485
25675301207,false,מקלות חמוצים חמצוצים תפוח עץ 50 גרם,פשקז Paskesz,NL,מקלות חמוצים תפוח עץ,גרמים,50.00,100 גרם,false,,4.90,0.0980,true,1,1346486
25700005650,false,שקיות הקפאה גדולות- 14 יח' זיפלוק,אס.סי.גונסון ובניו,,שקיות הקפאה גדולות ז,יח',14.00,יח',false,,12.90,0.9214,true,1,2328907
25700005674,false,זיפלוק שקיות אחסון סליידר גדולות 15 יחידות,אס.סי.ג'\ונסון מידרכט,,שקיות אחסון סליידר ג,יח',15.00,יח',false,,15.90,1.0600,true,1,2328908
25700005681,false,זיפלוק שקיות אחסון סליידר בינוניות 20 יחידות,אס.סי גונוסון,,שקיות אחסון סליידר ב,יח',20.00,יח',false,,15.90,0.7950,true,1,2328909
25700005698,false,זיפלוק שקיות אחסון בינוניות 24 יחידות,אס.סי.גונסון ובניו,,שקיות אחסון בינוניות,יח',24.00,יח',false,,12.90,0.5375,true,1,2328910
31290140107,false,גודייבה אצבעות שוקולד 72% 90 גרם,"אולקר מקבוצת פלאדיס, ציק",,שוקולד גודייבה סטיקס,גרמים,90.00,100 גרם,false,,10.90,0.1211,true,1,2330148
31290140176,false,שוקולוד מריר בתוספת שקדים שוקולד גודייבה פינגרס,"אולקר מקבוצת פלאדיס, ציק",,שוקולד גודייבה סטיקס,גרמים,90.00,100 גרם,false,,10.90,0.1211,true,1,2330149
31290140190,false,גודייבה אצבעות שוקולד מריר עם נגיעות מלח ים 90 גרם,"אולקר מקבוצת פלאדיס, ציק",,שוקולד גודייבה סטיקס,גרמים,90.00,100 גרם,false,,10.90,0.1211,true,1,2330150
33200140702,false,פרש אנד סופט דפים למייבש כביסה 100 יח' ניחוח מרענן,פרש אנד סופט Frash'n soft,US,פרש&סופט100 תכלת מרענן,יח',100.00,יח',false,,24.90,0.2490,true,1,1309121
33200147701,false,פרש&סופט דפים למייבש בניחוח טרופי 100 יח,פרש אנד סופט Frash'n soft,US,פרש&סופט100 ורוד למייבש,יח',100.00,יח',false,,24.90,0.2490,true,1,1309122
33617000026,false,קרקר ואזה 203-275 גרם מקמח מלא 260,כלורוקס אוקלנד,,קרקרים ואזה מקמח מלא,גרמים,260.00,100 גרם,false,,12.90,0.0496,true,1,1393728
33617322616,false,פת פריכה מקמח שיפון ואזה 270 גרם,כלורוקס אוקלנד,SE,'ואזה קלה מקמח שיפון 270,גרמים,270.00,100 גרם,false,,12.90,0.0478,true,1,1309125
33617340610,false,קרקר ואזה 203-275 גרם מקמח שיפון 275,כלורוקס אוקלנד,SE,'ואזה מקמח שיפון 275 ג,גרמים,275.00,100 גרם,false,,12.90,0.0469,true,1,1309126
34000148301,false,הרשי נטיפי שוקולד מריר לאפייה 340 גר,ליימן מותגים,,נטיפים לאפייה שוקולד,גרמים,340.00,100 גרם,false,,18.90,0.0556,true,1,1827496
34000196173,false,הרשי טבלה XL בטעם שוקולד לבן עם שברי עוגיות 113 גרם,ליימן מותגים,,טבלת שוקולד הרשיס קו,גרמים,113.00,100 גרם,false,,7.90,0.0699,true,1,1390006
34000312177,false,הרשי סירופ בטעם שוקולד 680 גרם,ליימן מותגים,,סירופ שוקולד HERSHEY,גרמים,680.00,100 גרם,false,,19.90,0.0293,true,1,1326450
34000442652,false,ריזס טבלה בטעם שוקולד ממולאת קרם בוטנים 120 גרם,ליימן מותגים,,טבלת שוקולד ריזס,גרמים,120.00,100 גרם,false,,7.90,0.0658,true,1,1390007
34000470228,false,ריזס מיניס חטיף שוקולד במילוי חמאת בוטנים 70 גרם,הרשי,US,חטיף ריזס מיניס 70 גרם,גרמים,70.00,100 גרם,false,,4.90,0.0700,true,1,1326452
34000544028,false,סוכריות ארוכות בטעם תות טוויזלרס Twizzlers,ליימן מותגים,US,ממתקי טוויזלרס תות שדה 1,גרמים,198.00,100 גרם,false,,7.90,0.0399,true,1,1326453
35000458476,false,קולגייט מברשת שיניים ילדים מארז רביעייה,קולגייט פלמוליב,,מברשת שיניים קולגייט,יח',4.00,יח',false,,19.90,4.9750,true,1,2266879
35000689535,false,קולגייט מברשת שיניים מקס וייט סופט זוג,קולגייט-פלמוליב,CN,קולגייט מברשת קולגייט מקס,יח',2.00,יח',false,,24.90,12.4500,true,1,1338720
36000183399,false,"ליטל סווימרס בגד-ים חד פעמי 7-15 ק""ג M האגיס",חוגלה קימברלי,CZ,האגיס ליטל סווימרס,יח',12.00,יח',false,,29.90,2.4917,true,1,1323563
37600207188,false,חמאת בוטנים קלאסי סקיפי 462 גרם,חברת המזון אלגוד,,ממרח סקיפי 462 גרם,גרמים,462.00,100 גרם,false,,19.90,0.0431,true,1,1306851
37600207256,false,חמאת בוטנים עם שברי בוטנים סקיפי 462 גרם,חברת המזון אלגוד,,ממרח סקיפי 462 גרם ש,גרמים,462.00,100 גרם,false,,19.90,0.0431,true,1,1306852
37600207287,false,סקיפי חמאת בוטנים בטעם דבש 462 גרם,חברת המזון אלגוד.,,ממרח סקיפי 462 גרם ד,גרמים,462.00,100 גרם,false,,19.90,0.0431,true,1,1306853
37977050059,false,מוצץ לתינוק ללא ביספנול 0-2 מאם 2 יחידות,General,,זוג מוצצי MAM 0-2,יחידה,0.00,יחידה,false,,34.90,0.0000,true,1,1333525
38000138607,false,חטיף צ'יפס בטעם מלח וחומץ,פרינגלס מנופקצ'ורינג,,חטיף פרינגלס חומץ מל,גרמים,158.00,100 גרם,false,,8.90,0.0563,true,1,2253843
38000138638,false,חטיף צ'יפס פרינגלס פיצה 158 גרם,פרינגלס מנופקצ'ורינג קונ,,חטיף פרינגלס 158 גרם,גרמים,158.00,100 גרם,false,,8.90,0.0563,true,1,1760442
38000138720,false,חטיף צ'יפס פרינגלס ראנץ 158 גרם,פרינגלס מנופקצ'ורינג קונ,,חטיף פרינגלס 158 גרם,גרמים,158.00,100 גרם,false,,8.90,0.0563,true,1,1992052
38000169663,false,פרינגלס אורגינל מגה 194 גר',פרינגלס מניופקצ'\ורינג ק,,חטיף פרינגלס אורגינל,גרמים,191.00,100 גרם,false,,11.90,0.0623,true,1,2325990
38000183690,false,חטיף צ'יפס פרינגלס מידי ברביקיו 71 גרם,פרינגלס מנופקצ'ורינג,,פרינגלס 71 גרם ברביק,גרמים,71.00,100 גרם,false,,4.90,0.0690,true,1,1906540
38000183928,false,פרינגלס חרדל ודבש 158 גרם,פרינגלס מניופקצ'ורינ,,חטיף פרינגלס 158 חרד,גרמים,158.00,100 גרם,false,,8.90,0.0563,true,1,2325991
38000197840,false,פרינגלס גלי בטעם חריף מתוק 137 ג',פרינגלס מניופקצ'ורינ,,חטיף פרינגלס 137 בטע,גרמים,137.00,100 גרם,false,,8.90,0.0650,true,1,2325992
38000202278,false,חטיף צ'יפס גלי בטעם אורגינל מלוח,פרינגלס מניופקצ'ורינ,,פרינגלס גלי בטעם אור,גרמים,130.00,100 גרם,false,,8.90,0.0685,true,1,2330756
38000232152,false,פרינגלס חטיפי תפוח אדמה בטעם ברביקיו 158 גרם,פרינגלס מנופקצ'ורינג קומ,,חטיף פרינגלס 158 גרם,גרמים,158.00,100 גרם,false,,8.90,0.0563,true,1,2295020
38000232169,false,פרינגלס מידי אורגינל 67 גרם.,פרינגלס מנופקצ'ורינג קונ,,פרינגלס 67 גרם אורגי,גרמים,67.00,100 גרם,false,,4.90,0.0731,true,1,2295027
38000232176,false,פרינגלס ביג שמנת בצל 158 גרם,פרינגלס מנופקצ'ורינג קונ,,חטיף פרינגלס 158 גרם,גרמים,158.00,100 גרם,false,,8.90,0.0563,true,1,2295021
38000232183,false,פרינגלס ביג אורגינל 149 גרם,פרינגלס מנופקצ'ורינג קונ,,חטיף פרינגלס 149 גרם,גרמים,149.00,100 גרם,false,,8.90,0.0597,true,1,2295022
38000845253,false,חטיף צ'יפס פרינגלס מידי שמנת בצל 71 גרם,פרינגלס מנופקצ'ורינג קונ,,פרינגלס 71 גרם שמנת,גרמים,71.00,100 גרם,false,,4.90,0.0690,true,1,1409942
38527591053,false,קואקר דגנים מרובעים שיבולת שועל וקינמון,קוואקר אוטס קומפני,US,קוואקר ריבועים קנמון 411,גרמים,412.00,100 גרם,false,,19.90,0.0483,true,1,1343214
38527591060,false,דגני קוואקר מרובעים Quaker Squares עם סוכר חום,קוואקר אוטס קומפני,US,קוואקר ריבועים סוכר חום 4,גרמים,412.00,100 גרם,false,,19.90,0.0483,true,1,1343215
40000512943,false,סוכריות אם אנד אמס M&M שוקולד חלב,M&M אם אנד אם,,חטיף בוטנים MַM שוקו,גרמים,303.00,100 גרם,false,,19.90,0.0657,true,1,2057816
40000513568,false,סוכריות אם אנד אמס M&M שוקולד חלב,M&M אם אנד אם,,חטיף שוקולד m&m אריז,גרמים,156.00,100 גרם,false,,9.90,0.0635,true,1,1790803
40000513629,false,M&M's חמאת בוטנים אריזה גדולה 152 גרם,מארס,,חטיף חמאת בוטנים m&m,גרמים,156.00,100 גרם,false,,9.90,0.0635,true,1,1790805
40000514480,false,M&M אריזה קטנה's שוקולד אריזה קטנה 48 גרם,M&M אם אנד אם,,עדשי שוקולד אם אנד א,גרמים,48.00,100 גרם,false,,4.90,0.1021,true,1,1470121
41224468108,false,עגבניות מיובשות שמן זית 340 גרם ROLAND,סיגס גיטה,,עגבניות מיובשות,גרמים,283.00,100 גרם,false,,22.90,0.0809,true,1,1350145
41224700062,false,צלפים מיניאטורים במלח 75 גר,סיבס,,צלפים מינאטורים במלח,גרמים,75.00,100 גרם,false,,12.90,0.1720,true,1,2286259
41224700260,false,צלפים מיניאטורים בחומץ 90 ג,סיבס,,צלפים מיניאטורים בחו,מיליליטרים,90.00,"100 מ""ל",false,,12.90,0.1433,true,1,2286260
41390001079,false,"רוטב סויה קיקומן מופחת נתרן 444 מ""ל",קיקומן פודז אינק,,רוטב סויה קיקומן 444,מיליליטרים,444.00,"100 מ""ל",false,,19.90,0.0448,true,1,1306865
41390001451,false,רוטב סויה קיקומן 1.2 קילו,קיקומן פודז אינק,,רוטב סויה 1.2 ליטר,מיליליטרים,1200.00,"100 מ""ל",false,,44.90,0.0374,true,1,1306866
41390010309,false,"רוטב טריאקי קיקומן 444 מ""ל",קיקומן פודז אינק,,רוטב טריאקי קיקומן 4,מיליליטרים,444.00,"100 מ""ל",false,,19.90,0.0448,true,1,1306867
42400108153,false,דגני בוקר צבעוניים בטעם פירות טוטי פרוטיס,פוסט ארצות הברית,,דגני פרוטי פבלס.,גרמים,354.00,100 גרם,false,,22.90,0.0647,true,1,2331408
44164063914,false,פתיל צף מוכן שרגא יחי',,,פתיל צף מוכן לשימוש,יחידה,0.00,יחידה,false,,5.90,0.0000,true,1,2326386
44164095694,false,פתיל צף עגול גדול -שרגא-כולל פינצטה,,,פתיל צף עגול גדול שר,יחידה,0.00,יחידה,false,,3.90,0.0000,true,1,2326387
44600300580,false,כלורוקס קלין אפ פרש נוזל לניקוי רב תכלית,כלורוקס אוקלנד,,כלורקס קלין אפ פרש 9,מיליליטרים,946.00,"100 מ""ל",false,,19.90,0.0210,true,1,2329003
45600019816,false,מתחילים ללמוד אנגלית,,,מתחילים ללמוד אנגלית,יחידה,0.00,יחידה,false,,24.90,0.0000,true,1,2298478
45600021185,false,ספר מדבקות דגלים,,,ספר מדבקות דגלים,יחידה,0.00,יחידה,false,,19.90,0.0000,true,1,2312642
45600027668,false,צובעים קרקס גן שעשועים חדש,General,,צובעים חדש קרקס גן ש,יחידה,0.00,יחידה,false,,7.90,0.0000,true,1,2298522
45600032662,false,חד קרן חוברת צביעה ש,,,חד קרן חוברת צביעה ש,יחידה,0.00,יחידה,false,,9.90,0.0000,true,1,2312722
45600033560,false,צובעים סוגים שונים,,,צובעים סוגים שונים,יחידה,0.00,יחידה,false,,8.90,0.0000,true,1,2388621
46214372250,false,"עוגיות שטרודל פריכות תפו""ע וצימוקים",קריות זול,NL,מרבה עוגיות שטרודל תפוחי,גרמים,200.00,100 גרם,false,,8.90,0.0445,true,1,1338722
46214382259,false,עוגיות בראוניס שוקולד 225 ג',בנקטבקריי מרבה בי.וי,NL,מרבה עוגיות בראוניס,גרמים,200.00,100 גרם,false,,8.90,0.0445,true,1,1338723
46214731552,false,עוגיות שוקולד צ'יפס 37% גודיס 225 גרם,קריניציה ויטמינה אס,NL,מרבה עוגיות 37% שוקולד צ,גרמים,225.00,100 גרם,false,,8.90,0.0396,true,1,1338724
48256214758,false,מסיר כתמים קשים לכביסה לבנה וצבעונית,יעקבי- אסטוניש Astonish,GB,אסטוניש-אבקת הפלא,קילוגרמים,1.00,"ק""ג",false,,29.90,29.9000,true,1,1325594
50000015474,false,"מזון חתולים פריסקיז מעדני הים 1.43 ק""ג",פריסקיז,,פריסקיז מעדני הים,קילוגרמים,1.40,"ק""ג",false,,34.90,24.9286,true,1,2351405
50000084500,false,מזון יבש לחתול בטעם נתחי ברביקיו פריסקיז Friskies,נסטלה פורינה USA מק,US,פורינה פריסקיז עם נתחי בר,קילוגרמים,1.43,"ק""ג",false,,34.90,24.4056,true,1,1305666
50000100347,false,"פריסקיז - מעדני החתול מועשר בחלב 1.40 ק""ג",נסטלה פורינה USA מק,US,פורינה פריסקיז מעדני החתו,קילוגרמים,1.43,"ק""ג",false,,34.90,24.4056,true,1,1305668
50000168583,false,"מזון חתולים פריסקיז אקסטרא קראנץ 1.43 ק""ג","פורינה ארה""\ב",,פריסקיז אקסטרא קראנץ,קילוגרמים,1.43,"ק""ג",false,,29.90,20.9091,true,1,2347881
50000170180,false,מזון חתולים פריסקיז עוף ברוטב 156 גרם,נסטלה פורינה USA קר,,פריסקיז פריים עוף בר,גרמים,156.00,100 גרם,false,,4.90,0.0314,true,1,1396845
50000225224,false,מזול חתולים פריסקיז פילה הודו ברוטב 156 גרם,נסטלה פורינה USA קר,,פריסקיז פריים פילה ה,גרמים,156.00,100 גרם,false,,4.90,0.0314,true,1,1396846
50000237951,false,פריסקיז פארטי מיקס מיקס גריל קראנץ10*60גרם,נסטלה פורינה פטקר ארצות,,פריסקיז פרטי מיקס גר,גרמים,60.00,100 גרם,false,,8.90,0.1483,true,1,2408172
50000238910,false,פריסקיז פארטי מיקס אוריגי'נל קראנץ10*60גרם,נטסלה פורינה פטקר ארצות,,פריסקיז פרטי מיקס או,גרמים,60.00,100 גרם,false,,8.90,0.1483,true,1,2408173
50000429042,false,מזון חתולים כבד מעודן ועוף פנסי פיסט 85 גרם,נסטלה פורינה USA ג',US,פנסי פיסט פטה כבד ועוף -,גרמים,85.00,100 גרם,false,,4.90,0.0576,true,1,1305676
50000429448,false,פריסקיז פנסי פיסט פטה מוס סלמון 85 גרם,נסטלה פורינה USA סט,US,פנסי פיסט פטה מוס סלמון -,גרמים,85.00,100 גרם,false,,4.90,0.0576,true,1,1305677
50000429646,false,פריסקיז פנסי פיסט לח דג אוקיאנוס 85 גרם,נסטלה פורינה USA ג',US,פנסי פיסט פטה דג אוקינוס,גרמים,85.00,100 גרם,false,,4.90,0.0576,true,1,1305678
50000543533,false,פריסקיז פטה סלמון 156 גרם,נסטלה פורינה,,פריסקיז פטה סלומון,גרמים,156.00,100 גרם,false,,4.90,0.0314,true,1,2414892
50000578238,false,"""פריסקיז פארטי מיקס קרייזי צ'יז 60 גרם",נסטלה פורינה פטקר ארצות,,פריסקיז פרטי מיקס קר,גרמים,60.00,100 גרם,false,,8.90,0.1483,true,1,2408176
51131669925,false,מיקרופור בדיספסנר יי,,,מיקרופור בדיספסנר יי,יח',1.00,יח',false,,24.90,24.9000,true,1,2381717
51131669932,false,דורפור בדיספסנר ייחו,,,דורפור בדיספסנר ייחו,יח',1.00,יח',false,,29.90,29.9000,true,1,2381718
51131995116,false,נקסקר אקטיב מעורב 30יחיד,פארמה גורי,,פלסטר נקסקר אקטיב מע,יח',30.00,יח',false,,24.90,0.8300,true,1,2331637
51141234892,false,גליל ניירות דביקים 60 יחיודות סקוטש ברייט,3m,,גליל דביר לניקוי בגד,יחידה,0.00,יחידה,false,,29.90,0.0000,true,1,2372813
51141239590,false,מטלית לניקוי נירוסטה,3m,,מטלית לניגוב נירוסטה,יחידה,0.00,יחידה,false,,12.90,0.0000,true,1,1304952
52100002460,false,תערובת תיבול לעוף ודג 77 גר,מקרומיק,,תערובת תיבול לעוף וד,גרמים,77.00,100 גרם,false,,19.90,0.2584,true,1,2013372
52100004488,false,פפריקה מקורמיק 60 גרם,מקרומיק,,פפריקה,גרמים,60.10,"100 ג""ר",false,,19.90,0.3311,true,1,2013395
52100006260,false,אבקת שום מקורמיק 88 גרם,מקרומיק,,אבקת שום,גרמים,88.50,100 גרם,false,,29.90,0.3379,true,1,2013397
52100006468,false,אבקת בצל מקורמיק 56.,,,אבקת בצל,גרמים,56.70,"100 ג""ר",false,,19.90,0.3510,true,1,2013402
52100006765,false,תבלין פלפל אדום 42 גר,מקורמיק,,תבלין פלפל אדום,גרמים,42.50,100 גרם,false,,19.90,0.4682,true,1,2013404
52100006987,false,עלי דפנה מקורמיק 3.4,מקורמיק,,עלי דפנה,גרמים,3.40,"100 ג""ר",false,,16.90,4.9706,true,1,2013405
52100040806,false,תערובת שום בצל פלפל שחור ומלח ים 120 גר,מקורמיק,,תערובת תיבול מלח הימ,גרמים,120.00,100 גרם,false,,24.90,0.2075,true,1,2288752
52100070667,false,"תמצית אניס טהורה 29 מ""ל",מקורמיק,,תמצית אניס טהורה,מיליליטרים,29.00,"100 מ""ל",false,,15.90,0.5483,true,1,2288945
52100070780,false,"תמצית תפוז טהורה 29 מ""ל",מקורמיק,,תמצית תפוז טהורה,מיליליטרים,29.00,"100 מ""ל",false,,15.90,0.5483,true,1,2288947
52100070865,false,"תמצית וניל טהור מקורמיק 29 מ""ל",מקורמיק האנט ואלי,US,וניל טהור 29 מל,מיליליטרים,29.00,"100 מ""ל",false,,29.90,1.0310,true,1,1318958
52100071121,false,עלי בזיליקום מיובשים 24 גר,,,עלי בזיליקום מיובשים,גרמים,35.40,"100 ג""ר",false,,29.90,0.8446,true,1,2013531
54881000031,false,תה שחור ורד דובדבן 20 שקיות אחמד,תה אחמד Ahmad tea,,תה שחור ורד דובדבן 2,גרמים,40.00,100 גרם,false,,9.90,0.2475,true,1,1481922
54881000048,false,תה במבחר פרי הדר 20 שקיקים אחמד,אחמד תה אנגליה,,תה שחור פרחי הדר 20ש,גרמים,40.00,100 גרם,false,,9.90,0.2475,true,1,1670608
54881000055,false,תה שחור מבחר פירות 20 שקיות אחמד,אחמד תה אנגליה,,תה שחור פירות 20שקיו,גרמים,40.00,100 גרם,false,,9.90,0.2475,true,1,1483701
54881000062,false,תה שחור לימונית וקמומיל 20 שקיות אחמד,אחמד תה אנגליה,,תה שחור לימון וקמומי,גרמים,40.00,100 גרם,false,,9.90,0.2475,true,1,1481923
54881000109,false,תה עם ענבי שועל 20 שקיקים אחמד,תה אחמד Ahmad tea,,תה שחור ענבי שועל 20,גרמים,40.00,100 גרם,false,,9.90,0.2475,true,1,1670609
54881000208,false,תה שחור לימון וגינגיר 20 שקיות אחמד,אחמד תה אנגליה,,תה שחור לימון ןגינגר,גרמים,40.00,100 גרם,false,,9.90,0.2475,true,1,1481925
54881001052,false,אחמד מארז תה שחור 6 סוגים 120 גרם,,,תה 6 סוגים 60 שק',גרמים,120.00,100 גרם,false,,29.90,0.2492,true,1,2289433
54881001120,false,מארז תה חליטות 6 סוגים *8 יח' AHMAD TEA,תה אחמד Ahmad tea,,חליטות 6 סוגים 60 שק,גרמים,105.00,100 גרם,false,,29.90,0.2848,true,1,2289434
54881001137,false,מארז 6 סוגי חליטות תה ירוק בטעמים שונים,תה אחמד Ahmad tea,,חליטות 6 סוגים 60 שק,גרמים,115.00,100 גרם,false,,29.90,0.2600,true,1,2289435
54881001779,false,קופסת תה 12 טעמים 60 שקיות,תה אחמד Ahmad tea,,תה 12 סוגים 60 שק',גרמים,120.00,100 גרם,false,,29.90,0.2492,true,1,1339600
54881003971,false,תה ירוק מבחר 20 שקיקים,אחמד תה אנגליה,,תה ירוק 20 שקיות,גרמים,40.00,100 גרם,false,,9.90,0.2475,true,1,1339601
54881003988,false,תה שחור ארבעת הסוגים,תה אחמד Ahmad tea,,תה 4 סוגים 20 שקיות,גרמים,40.00,100 גרם,false,,9.90,0.2475,true,1,1428330
54881003995,false,תה אהמאד שחור פירות מארז 2X20ג',אחמד תה אנגליה,,תה פירות 20 שק',גרמים,40.00,100 גרם,false,,9.90,0.2475,true,1,1339602
54881005654,false,תה ירוק יסמין 20 שקיות AHMAD TEA,אחמד תה אנגליה,,תה ירוק יסמין 20 שקי,גרמים,40.00,100 גרם,false,,9.90,0.2475,true,1,1339607
54881006972,false,תה שחור לימון וליים 20 שקיקים אחמד,תה אחמד Ahmad tea,,תה שחור לימון ליים 2,גרמים,40.00,100 גרם,false,,9.90,0.2475,true,1,1339615
54881006996,false,תה אפרסק ופסיפלורה 20 שקיקים אחמד,אחמד תה אנגליה,,תה אפרסק ופסיפלורה 2,גרמים,40.00,100 גרם,false,,9.90,0.2475,true,1,1905651
54881007108,false,תה שחור דומדמניות 20 שקיקים אחמד,תה אחמד Ahmad tea,,תה שחור דומדמניות 20,גרמים,40.00,100 גרם,false,,9.90,0.2475,true,1,1339617
54881007511,false,תה ירוק בטעם מנטה 20 שקיקים 40 גר,אחמד תה אנגליה,,תה ירוק 20 שקיות מנט,גרמים,40.00,100 גרם,false,,9.90,0.2475,true,1,1774147
54881007535,false,תה ירוק בטעם לימון 20 שקיקים 40 גרם,אחמד תה אנגליה,,תה ירוק 20 שקיות לימ,גרמים,40.00,100 גרם,false,,9.90,0.2475,true,1,1774148
54881008167,false,תה אינגליש ברקפסט 100 שקיות AHMAD TEA,תה אחמד Ahmad tea,,תה ברקפסט 100 שקיות,גרמים,200.00,100 גרם,false,,16.90,0.0845,true,1,1339622
54881008174,false,תה אחמד ארל גריי 100 שקיקים,תה אחמד Ahmad tea,,תה ארל גריי 100 שקיו,גרמים,200.00,100 גרם,false,,16.90,0.0845,true,1,1339623
54881008181,false,תה אחמד אינגליש 100 שקיקים,תה אחמד Ahmad tea,,תה אינגליש 100 שקיות,גרמים,200.00,100 גרם,false,,16.90,0.0845,true,1,1339624
54881012720,false,אחמד מארז תה פירות 6 סוגים 120 גרם,,,תה 6 סוגים 60 שק',גרמים,120.00,100 גרם,false,,29.90,0.2492,true,1,2289436
54881016001,false,חליטת4 סוגי פרי וצמח,,,תה 4 סוגי חליטות פרי,גרמים,35.00,100 גרם,false,,9.90,0.2829,true,1,2289437
55500012046,false,כלורוקס קלין אפ מרסס נוזל לניקוי רב תכלי,כלורוקס אוקלנד,US,"קלין אפ מרסס 946מ""ל",מיליליטרים,946.00,"100 מ""ל",false,,19.90,0.0210,true,1,1309136
58449185048,false,"צ'יטה צ'ומפס טבעות פריכות מדגנים ואורז natures path לל""ג 284 גרם",ניישר פאט',,דגני בוקר צ'יטה צ'ופ,גרמים,284.00,100 גרם,false,,24.90,0.0877,true,1,2150766
58449450030,false,דייסת מייפל ואגוזי לוז 400 גרם,נייטשר פאת'\,,דייסת מייפל ואגוזי ל,גרמים,400.00,100 גרם,false,,24.90,0.0622,true,1,2150768
58449450047,false,דייסת שיבולת שועל תפוח קינמון 400 גרם,נייצר וואלי,,דייסת שיבולת שועל תפ,גרמים,400.00,100 גרם,false,,24.90,0.0622,true,1,2150769
58449602187,false,קורנפלקס דבש אורגני,נייטשר פאת'\,,קורנפלקס בדבש,גרמים,300.00,100 גרם,false,,24.90,0.0830,true,1,2150770
58449779032,false,דגני טבעות תירס ואורז מלא 325 גר WHOLE,נאטשר פאת פוד,,WHOLE O's טבעות תירס,גרמים,325.00,100 גרם,false,,24.90,0.0766,true,1,2150772
58449860013,false,דגני אמאזון 325גר ללא גלוטן,נאטשר פאת פוד,,דגני בוקר אמאזון ניי,גרמים,400.00,100 גרם,false,,24.90,0.0622,true,1,2150773
58449860037,false,"קואלה קריספי דגני בוקר natures path לל""ג 325 גרם",נאטשר פאת פוד,,דגני בוקר קואלה קריס,גרמים,325.00,100 גרם,false,,24.90,0.0766,true,1,2150775
58449860075,false,כדורי למור בטעם חמאת בוטנים ושוקולד ללא גלוטן,נאטשר פאת פוד,,דגני בוקר לאמור,גרמים,284.00,100 גרם,false,,24.90,0.0877,true,1,2150776
62558003209,false,סירופ מייפל אורגני 100% טהור,ברנרד סיינט,,סירופ מייפל אמיתי או,מיליליטרים,946.00,"100 מ""ל",false,,79.90,0.0845,true,1,1930414
62558061001,false,סירופ מייפל 100% טהור,ברנרד Bernard,,סירופ מייפל אמיתי 1,מיליליטרים,1000.00,"100 מ""ל",false,,79.90,0.0799,true,1,1930415
62558202381,false,"ארגני טהור 236 מ""ל {12 כשר} b סירופ מייפל",דיקסר קוויבק,,סירופ מייפל אמיתי או,מיליליטרים,236.00,"00000000000000000מ""ל",false,,29.90,0.1267,true,1,1710841
62558212519,false,"סירופ מייפל טהור 251 מ""ל",les industries berna,CA,סירופ מייפל אמיתי,מיליליטרים,251.00,"100 מ""ל",false,,29.90,0.1191,true,1,1350257
64144090013,false,פאם תרסיס על בסיס שמן קנולה בטעם חמאה,קונאגרה פודס,US,ספריי שמן PAM בטעם חמאה 1,מיליליטרים,148.00,"100 מ""ל",false,,19.90,0.1345,true,1,1326456
64144090020,false,"ספריי שמן PAM בטעם שמן זית 141 מ""ל",קונאגרה פודס,US,ספריי שמן PAM בטעם שמן זי,מיליליטרים,148.00,"100 מ""ל",false,,19.90,0.1345,true,1,1326457
64144090051,false,"ספריי שמן PAM קנולה אורגינל 148 מ""ל",קונאגרה פודס,US,ספריי שמן PAM קנולה אורגי,מיליליטרים,148.00,"100 מ""ל",false,,19.90,0.1345,true,1,1326458
70080000016,false,חרדל אמריקאי פלוכמן Plochman's,"פלוקמן בע""מ",,חרדל אמריקאי צהוב,גרמים,297.00,100 גרם,false,,7.90,0.0266,true,1,1473220
70177077563,false,תה ארל גריי 25 שקיות טוינינגס 50 גר,אר. טווינינגס אנד קומפני,,ארל גריי 50 גרם,גרמים,50.00,100 גרם,false,,17.90,0.3580,true,1,2286101
70177077693,false,תה אנגליש ברקפסט 25 שקיות טוינינגס 50 גר,אר. טווינינגס אנד קומפני,,אינגליש ברקפסט 50 גר,גרמים,50.00,100 גרם,false,,17.90,0.3580,true,1,2286102
70177078775,false,תה ליידי גריי טוויני,טווינינגס Twinings,,ליידי גריי 50 גרם,גרמים,50.00,100 גרם,false,,17.90,0.3580,true,1,2286104
70177084769,false,תה טווינינג שחור ונילה 25 שקיות,אר.טווינינג אנד קומפני א,,תה שחור בטעם וניל 50,גרמים,50.00,100 גרם,false,,17.90,0.3580,true,1,2367476
70177120948,false,טווינינגס שחור אפל & סינמון 50 גרם,אר.טווינינג אנד קומפני א,,תה שחור אפל&סינמון 5,גרמים,50.00,100 גרם,false,,17.90,0.3580,true,1,2367477
70177173159,false,תה ירוק עם לימון 25 שק TWININGS,אר. טווינינגס אנד קו,,גרין למון 40 גרם,גרמים,40.00,100 גרם,false,,19.90,0.4975,true,1,2286105
70177173746,false,תה ירוק לימון ודבש 25 שק. טוינינגס,טוינינג,,גרין למון האני 40 גר,גרמים,40.00,100 גרם,false,,19.90,0.4975,true,1,2286110
70177175221,false,תה ירוק עם גינגר 25 שק. טוינינגס,טוינינג,,גרין ג'ינג'ר 40 גרם,גרמים,40.00,100 גרם,false,,19.90,0.4975,true,1,2286112
70177176914,false,תה טווינינג ארל גריי נטול קפאין 25 שקיקי,טווינינגס Twinings,,ארל גריי דיקפ 50 גר',גרמים,50.00,100 גרם,false,,19.90,0.3980,true,1,2286113
70177177669,false,חליטה למון גינגר 30 גרם טווינינג,אר. טווינינגס אנד קומפני,,חליטה למון ג'ינג'ר 3,גרמים,30.00,100 גרם,false,,16.90,0.5633,true,1,2286118
70177177683,false,חליטה קמומיל האני 30 גרם טווינינג,אר. טווינינגס אנד קומפני,,חליטה קמומיל האני 30,גרמים,30.00,100 גרם,false,,16.90,0.5633,true,1,2286120
70177177737,false,חליטה פיור קמומיל 20 גרם טווינינג,אר. טווינינגס אנד קומפני,,חליטה פיור קמומיל 20,גרמים,20.00,100 גרם,false,,16.90,0.8450,true,1,2286123
70177177744,false,חליטה פיור פפרמינט 40 גרם טווינינג,טוינינג,,חליטה פיור פפרמינט 4,גרמים,40.00,100 גרם,false,,16.90,0.4225,true,1,2286124
70177273330,false,חליטת ורבנה 37.5 גרם טווינינג,טווינינג,,חליטת ורבנה 37.5 גרם,גרמים,37.50,100 גרם,false,,16.90,0.4507,true,1,2338014
70221011116,false,טובלרון - שוקולד חלב 100 גרם,טובלרון Toblerone,,שוקולד טובלרון חלב 1,גרמים,100.00,100 גרם,false,,9.90,0.0990,true,1,1306869
73490129919,false,ביסקוויט ביס קסטה הדר 250 גרם,אפיפית נצרת,IL,ביסקויט קסטה רגיל 24/0.25,גרמים,250.00,100 גרם,false,,4.90,0.0196,true,1,1348132
73490130359,false,קרקר קרם קרקר רגיל 2,אפיפית נצרת,IL,קרם קרקר רגיל 20/0.230 הד,גרמים,250.00,100 גרם,false,,5.90,0.0236,true,1,1348133
73490130946,false,ביסקויט פתי בר בטעם וניל 500 גרם,אפיפית נצרת,IL,ביסקויט פטיבר רגיל 14/0.5,גרמים,500.00,100 גרם,false,,6.90,0.0138,true,1,1348134
73490130953,false,ביסקויט בטעם שוקולד 500 גרם,אפיפית נצרת,IL,ביסקויט פטיבר שוקו 14/0.5,גרמים,500.00,100 גרם,false,,6.90,0.0138,true,1,1348135
76171102829,false,ריחנית אמריקאית,,,ריחנית אמריקאית,יחידה,0.00,יחידה,false,,4.90,0.0000,true,1,2286323
76840001774,false,"גלידה עוגיות חלב עם חתיכות פאדג בן וג'ירי 500 מ""ל",מוצרי איכות אמריקאיים בע,,גלידת עוגיות חלב,מיליליטרים,500.00,"100 מ""ל",false,,24.90,0.0498,true,1,2320750
76840002351,false,גלידה גימי סמור עם מרשמלו קלוי פירורי שוקולד בן וג'ירי 428 ג',מוצרי איכות אמריקאיי,,גלידת בן אנד גריס שמ,מיליליטרים,500.00,"100 מ""ל",false,,24.90,0.0498,true,1,2350604
76840002542,false,"גלידת בן & ג'ריס פיינט נטפליקס וצ'ילד 500מ""ל",מוצרי איכות אמריקאיים בע,,גלידת חמאת בוטנים בן,מיליליטרים,500.00,"100 מ""ל",false,,24.90,0.0498,true,1,2306029
76840100125,false,"גלידה בן&ג'ריס צ'אבי וניל פאדג' 550מ""ל",מוצרי איכות אמריקאיים בע,IL,גל.צ'אבי האבי וניל ע.פדג,מיליליטרים,473.00,"100 מ""ל",false,,24.90,0.0526,true,1,1326931
76840100156,false,"בן אנד גריס גלידת צרי גרסיה 500 מ""ל",מוצרי איכות אמריקאיים בע,IL,גלידה צ'רי גרסיה 500מל,מיליליטרים,473.00,"100 מ""ל",false,,24.90,0.0526,true,1,1326932
76840100583,false,"גלידת וניל עם בצק עוגיות בן וג'ירי 473 מ""ל",מוצרי איכות אמריקאיים בע,IL,גלידת וניל עם בצק עוגיות,מיליליטרים,473.00,"100 מ""ל",false,,24.90,0.0526,true,1,1326933
76840100989,false,גלידת שוקולד עם מרשמלו קרמל וחתיכות פאדג',מוצרי איכות אמריקאיים בע,,גלידה שמנת בטעם שוקו,מיליליטרים,473.00,"100 מ""ל",false,,24.90,0.0526,true,1,1971421
76840102051,false,גלידה בן&ג'ריס פיינט עוגת קינמון 500 גר',מוצרי איכות אמריקאיים בע,IL,גלידת שמנת קרמל וקינמון,מיליליטרים,500.00,"100 מ""ל",false,,24.90,0.0498,true,1,2279961
76840400218,false,"גלידה בן&ג'ריס תות שדה ועוגת גבינה 500מ""ל",מוצרי איכות אמריקאיים בע,IL,420 גל.עוגת גבינה עם תות,מיליליטרים,473.00,"100 מ""ל",false,,24.90,0.0526,true,1,1326945
77245110610,false,סוכריות מאסט ללא סוכר בטעם מנטה 80 ג'עלית,MIESZKO S.A - MS. JO,PL,כשלפ סוכריות MUST מנטה,גרמים,80.00,100 גרם,false,,7.90,0.0988,true,1,1342598
77343000127,false,נר נשמה בכוס 26 שעות,,,נר נשמה 26 שעות בכוס,יח',1.00,יח',false,,2.90,2.9000,true,1,2360245
77343001100,false,נר נשמה 26 שעות בפח,מנורה,,נר נשמה 26 שעות,יחידה,0.00,יחידה,false,,2.00,0.0000,true,1,1352972
77343002015,false,צינוריות ופתילות לכו,,,צינורית השמן עם מילו,יחידה,0.00,יחידה,false,,5.90,0.0000,true,1,1802870
77343002107,false,כוסית עם רגל,,,כוסית לנר,יחידה,0.00,יחידה,false,,1.90,0.0000,true,1,2281952
77975010167,false,סניידרס חטיף מקלוני חיטה בתוספת דבש 340.2 גרם,סניידרס אוף האנובר,,סניידרס מקלוני חיטה,גרמים,340.00,100 גרם,false,,16.90,0.0497,true,1,1780360
77975022757,false,בייגלה קשה מבצק שאור בסגנון אמריקאי,סניידרס אוף האנובר,US,בייגלה אמריקאי ענק בקופסא,גרמים,382.00,100 גרם,false,,16.90,0.0442,true,1,1326459
77975036976,false,מטבל עגבניות בחריפות עדינה סניידרס 439 ג',סניידרס אוף האנובר,,מטבל סלסה בחריפות מע,גרמים,439.00,100 גרם,false,,13.90,0.0317,true,1,2341011
77975093108,false,"בייגלה מצופה כעכים בציפוי בטעם שוקולד לבן, 141 ג סניידרס",סניידרס Snyder's,,בייגלה סניידרס מצופה,גרמים,141.00,100 גרם,false,,16.90,0.1199,true,1,2409203
77975094624,false,"סניידרס סנדוויץ בייגלה במילוי חמאת בוטנים , 226 ג'",סניידרס Snyder's,,שברי בייגלה במילוי ח,גרמים,283.50,100 גרם,false,,16.90,0.0596,true,1,2320943
77975094631,false,סניידרס סנדוויץ' בייגלה במילוי קרם בטעם צ'דר 226 גרם,סניידרס לאנס,,סנדווי'ץ בייגלה במיל,גרמים,226.80,100 גרם,false,,16.90,0.0745,true,1,2320944
77975094761,false,סניידרס חטיפים על בסיס קמח חיטה בטעם גבינת צ'דר,סניידרס אוף האנובר,,שברי בייגלה צדר 340,גרמים,340.00,100 גרם,false,,16.90,0.0497,true,1,2349625
77975094778,false,שברי בייגלה סניידרס בטעם דבש חרדל 340 גר,סניידרס אוף האנובר,,שברי בייגלה דבש חרדל,גרמים,340.00,100 גרם,false,,16.90,0.0497,true,1,2354070
77975095133,false,שברי בייגלה בטעם פיקנטי 318 ג' סניידרס,סניידרס Snyder's,,שברי בייגלה כנפי באפ,גרמים,319.00,100 גרם,false,,16.90,0.0530,true,1,2425554
77975095157,false,סניידרס שברי בייגלה בטעם חלפיניו 318 גרם,סניידרס Snyder's,,שברי בייגלה חלפיניו,גרמים,318.00,100 גרם,false,,16.90,0.0531,true,1,2401442
78895153453,false,רוטב סויה בהיר LEE KUM KEE,לי קום קיי Lee kum kee,,רוטב סויה בהיר Lee k,מיליליטרים,250.00,"100 מ""ל",false,,9.90,0.0396,true,1,2407591
78895153460,false,רוטב סויה כהה לי קום,לי קום קיי Lee kum kee,,רוטב סויה כהה Lee ku,מיליליטרים,250.00,"100 מ""ל",false,,9.90,0.0396,true,1,2407592
78895159899,false,רוטב סויה מובחר LEE KUM KEE,לי קום קיי Lee kum kee,,רוטב סויה משובח Lee,מיליליטרים,500.00,"100 מ""ל",false,,19.90,0.0398,true,1,2428341
78895800357,false,רוטב לתיבול עוף LEE KUM KEE,לי קום קיי Lee kum kee,,רוטב לתיבול עוף Lee,מיליליטרים,207.00,"100 מ""ל",false,,14.90,0.0720,true,1,2428204
80432400432,false,וויסקי שיבאס רגאל 12 שנה - ליטר,מזקקת האחים שיבאס,,וויסקי שיבאס רגאל 12,ליטרים,1.00,ליטר,false,,149.90,149.9000,true,1,1361578
84213017499,false,מסטמכר מיסלי אורגני עם פירות יער 500 גרם,מרום את קונפינו,,מיסלי פירות יער 500,גרמים,500.00,100 גרם,false,,18.90,0.0378,true,1,1306874
85000019498,false,"וודקה ניו אמסטרדם 40% 750 מ""ל",יקבי אי'\ ג'\י גאלו,,וודקה ניו אמסטרדם,מיליליטרים,750.00,"100 מ""ל",false,,59.90,0.0799,true,1,2335936
87000006928,false,"רום קפטן מורגן בלאק 750 מ""ל",אלכוהול (איי.בי.בי),,קפטן מורגן שחור 750,מיליליטרים,750.00,"100 מ""ל",false,,89.90,0.1199,true,1,1352512
87666052819,false,"רוטב סריראצ'ה סופר חריף 455 מ""ל",EXOTIC FOOD PCL,,רוטב סריראצ'ה סופר ח,מיליליטרים,455.00,"100 מ""ל",false,,24.90,0.0547,true,1,2104788
87666052888,false,"רוטב סריראצ`ה עם למון גראס 455 מ""ל",EXOTIC FOOD PCL,,רוטב סריראצ'ה עם לימ,מיליליטרים,444.00,"100 מ""ל",false,,24.90,0.0561,true,1,2104789
87752005644,false,"יין מוסקטו ברטנורה 750 מ""ל",מיסזקו אס.איי,,יין ברטנורא מוסקטו,מיליליטרים,750.00,"100 מ""ל",false,,49.90,0.0665,true,1,1346745
87752014271,false,"יין רוסו טוסקנו אדום ברטנורה 750 מ""ל",מיסזקו אס.איי,,יין ברטנורא רוסו,מיליליטרים,750.00,"100 מ""ל",false,,34.90,0.0465,true,1,1713207
195480030088,false,שוקולד צמקאו מריר אופנהיימר לאפייה ובישול 300ג',אופנהיימר,,בלוק צימקאו מריר 300,גרמים,300.00,100 גרם,false,,8.90,0.0297,true,1,2194621
305210256712,false,וזלין לשפתיים אורגינל 0.25 אונקיה,"יוניליוור ג'ונסבורו,",,וזלין מיני לשפתיים א,גרמים,7.00,100 גרם,false,,9.90,1.4143,true,1,2323521
305210317079,false,וזלין מיני לשפתיים חמאת קקאו 9 גר,"יוניליוור ג'ונסבורו,",,וזלין מיני לשפתיים ח,גרמים,7.00,100 גרם,false,,9.90,1.4143,true,1,2323522
305210416383,false,"ואזלין קרם גוף לגבר נספג במהירות 600 מ""ל","יוניליוור, ג'פרסון סיטי,",,תחליב גוף וזלין משקם,מיליליטרים,600.00,"100 מ""ל",false,,24.90,0.0415,true,1,2069446
305210464728,false,וזלין מיני לשפתיים בטעם קרם ברולה,"יונילוור ארה""ב - HPC",,וזלין מיני לשפתיים ק,גרמים,7.00,100 גרם,false,,9.90,1.4143,true,1,2323524
305213079004,false,"תחליב גוף להזנה עמוקה צהוב וזלין 600 מ""ל","יוניליוור, ג'פרסון סיטי,",,תחליב גוף וזלין הזנה,מיליליטרים,600.00,"100 מ""ל",false,,24.90,0.0415,true,1,2069453
350007641028,false,משחת שיניים קולגייט משחה 2ב1 הלבנה 130 גרם,קולגייט Colgate,,משחת שיניים קולגייט,גרמים,130.00,100 גרם,false,,22.90,0.1762,true,1,2338001
413900010558,false,"רוטב סויה קיקומן מופחת נתרן 296 מ""ל",קיקומן פודז אינק,,רוטב קיקומן דל מלח 2,מיליליטרים,296.00,"100 מ""ל",false,,19.90,0.0672,true,1,1306876
611745280017,false,"מארז רטבי טבסקו אדום/ירוק +מתקן 60 מ""ל*2",,,מארז 2 בק' טבסקו אדו,יח',1.00,יח',false,,16.90,16.9000,true,1,1672418
613008742348,false,בקבוק אריזונה ג'נסינג ודבש 1 ליטר,"נטורלה גטרנק בע""\מn\",,אריזונה תה ג'נסינג ו,ליטרים,1.00,ליטר,false,,11.90,11.9000,true,1,2311773
613008742409,false,בקבוק אריזונה אפרסק 1 ליטר,"נטורלה גטרנק בע""\מn\",,אריזונה תה אפרסק,ליטרים,1.00,ליטר,false,,11.90,11.9000,true,1,2311774
613008753290,false,"בקבוק אריזונה אפרסק 450 מ""ל",אריזונה Arizona,,תה ירוק אפרסק,מיליליטרים,450.00,"100 מ""ל",false,,7.50,0.0167,true,1,2196019
613008753320,false,"אריזונה ג'ינסנג ודבש בקבוק 450 מ""ל.",לני אנד לארי,,תה ירוק גינסינג ודבש,מיליליטרים,450.00,"100 מ""ל",false,,7.50,0.0167,true,1,2196020
613008753351,false,"בקבוק אריזונה רימונים 450 מ""ל",לני אנד לארי,,אריזונה רימונים,מיליליטרים,450.00,"100 מ""ל",false,,7.50,0.0167,true,1,2196021
613008753382,false,"בקבוק אריזונה אוכמניות 450 מ""ל",לני אנד לארי,,תה קר בטעם אוכמניות,מיליליטרים,450.00,"100 מ""ל",false,,7.50,0.0167,true,1,2196022
613008755461,false,בקבוק אריזונה אוכמניות 1 ליטר,"נטורלה גטרנק בע""\מn\",,אריזונה תה אוכמניות,ליטרים,1.00,ליטר,false,,11.90,11.9000,true,1,2311775
628154383659,false,דגני בוקר פרוטי פבלס פוסט 311 גרם,פוסט ארצות הברית,,דגנים פרוטי פבלס,גרמים,311.00,100 גרם,false,,24.90,0.0801,true,1,2426891
633824111838,false,"וודקה וואן גוך בטעם אננס, 750 מ''ל",מזקקת קוימאנס טילבורג,,וודקה ואן גוך אננס 7,מיליליטרים,750.00,"100 מ""ל",false,,139.90,0.1865,true,1,1333799
633824913432,false,"וודקה וואן גוך בטעם אסאי בלוברי, 750 מ''ל",מזקקת קוימאנס טילבורג,,וודקה ואן גוך אסאי 7,מיליליטרים,750.00,"100 מ""ל",false,,139.90,0.1865,true,1,1333806
638102203090,false,חטיף על בסיס חלבון סויה פאדג' גרהם,"אבוט נוטרישן, מעבדות",,חטיף חלבון פאדג' גרה,גרמים,50.00,100 גרם,false,,12.90,0.2580,true,1,2329826
638102582737,false,חטיף זון קלסיק רול קינמון 50 גר,"אבוט נוטרישן, מעבדות",,חטיף חלבון זון פרפקט,גרמים,50.00,100 גרם,false,,12.90,0.2580,true,1,2329829
639138513238,false,פילה הרינג מעושן צ'צ'יק 190 גרם,רוג'ין פיש,,פילה הרינג מעושן בשמ,גרמים,190.00,100 גרם,false,,10.90,0.0574,true,1,1363388
639138527617,false,פילה הרינג ברוטב עגבניות 200 גר' (16),רוג'ין פיש,,פילה הרינג ברוטב עגב,גרמים,200.00,100 גרם,false,,10.90,0.0545,true,1,1363389
639138527624,false,פילה דג הרינג ברוטב פפריקה 200 ג' (16),,,פילה הרינג ברוטב פפר,גרמים,200.00,100 גרם,false,,10.90,0.0545,true,1,1363390
639138527631,false,פילה הרינג ברוטב חרדל 200 גרם,רוג'ין פיש,,פילה הרינג ברוטב חרד,גרמים,200.00,100 גרם,false,,10.90,0.0545,true,1,1363391
639138717902,false,פילה מקרל מעושן בשמן צמחי,Rugen Fisch,,מקרל פילה מעושן בשמן,גרמים,190.00,100 גרם,false,,12.90,0.0679,true,1,1363392
651080161510,false,פלקרס פולסר לשיניים צפופות-מנטה 35 יחידו,מיוצר עי קונדיטוריית,,חוט דנטלי 36 יח פלאק,יח',36.00,יח',false,,9.90,0.2750,true,1,1722329
651080647519,false,קיסמים עם חוט דנטלי פלאקרס מנטה 35 יחידות,"פלקרס רנור ארה""ב",,קיסם עם חוט מנטה ג'ו,יח',36.00,יח',false,,9.90,0.2750,true,1,1716266
667803002893,false,קרם לחות לשיער טרזמה 70מ,קוסמינט איטליה,,קרם TRESEMME מקסימיי,מיליליטרים,70.00,"100 מ""ל",false,,24.90,0.3557,true,1,1663068
686412282984,false,נתחי טונה לבנה בשמן זית 220 גרם ORTIZ,אורטיז ORTIZ,,טונה לבנה בשמן זית O,גרמים,220.00,100 גרם,false,,42.90,0.1950,true,1,2377327
693493010054,false,זוג בוקסר סלים כותנה,,,זוג בוקסר סלים כותנה,יחידה,0.00,יחידה,false,,39.90,0.0000,true,1,2327470
693493010061,false,זוג בוקסר סלים כותנה,,,זוג בוקסר סלים כותנה,יחידה,0.00,יחידה,false,,39.90,0.0000,true,1,2327471
693493010108,false,זוג בוקסר סלים ספנדק,,,זוג בוקסר סלים ספנדק,יחידה,0.00,יחידה,false,,39.90,0.0000,true,1,2327475
693493143806,false,מארז סויה פרימיום L,,,מארז סויה פרימיום L,מיליליטרים,250.00,"100 מ""ל",false,,18.90,0.0756,true,1,2427372
728229123590,false,טרה אורגינל חטיף על בסיס ירקות שורש בטעם טבעי 110 גרם,הונדורס צ'יפס יצור א,IL,טרה מירקות אקזוטיים 110ג[,גרמים,110.00,100 גרם,false,,14.90,0.1355,true,1,1353091
728229124771,false,טרה חטיף על בסיס בטטה בטעם ברביקיו 110 גרם,היין פיוצ'ור נטורל פ,,חטיף טרה צ'יפס מבטטה,גרמים,110.00,100 גרם,false,,14.90,0.1355,true,1,1408454
728229130154,false,טרה חטיף על בסיס בטטה וסלק בטעם טבעי 110 גרם,הונדורס צ'יפס יצור א,IL,טרה מבטטה וסלק - 110ג'[3],גרמים,110.00,100 גרם,false,,14.90,0.1355,true,1,1353094
734896880346,false,אקדח עם זוג סביבוני בליידס,General,,אקדח עם זוג סביבוני,יחידה,0.00,יחידה,false,,29.90,0.0000,true,1,2427070
737214509837,false,ענף תפוח אדום,,,ענף תפוח אדום,יחידה,0.00,יחידה,false,,49.90,0.0000,true,1,2423633
737214509875,false,ענף סחלב לבן,,,ענף סחלב לבן,יחידה,0.00,יחידה,false,,19.90,0.0000,true,1,2423636
753182231761,false,"משקה אנרגיה BLU ללא תוספת סוכר 250 מ""ל",אקווה ויט,,משקה אנרגיה BLU SUGA,מיליליטרים,250.00,"100 מ""ל",false,,4.20,0.0168,true,1,1364062
768404001640,false,"גלידה בן&ג'ריס קפה משפחתית 500מ""ל",מוצרי איכות אמריקאיים בע,IL,"גלידה בטעם קפה 500 מ""ל",מיליליטרים,500.00,"100 מ""ל",false,,24.90,0.0498,true,1,1326947
769904000997,false,שקדי מרק ללא גלוטן200גרם,משובח תעשיות מזון,IL,"שקדי מרק דג""ש 200",גרמים,200.00,100 גרם,false,,14.90,0.0745,true,1,1350490
769904001116,false,פתיתים קוסקוס ללא גל,גיי אפ פי ייצור מזון,IL,פתיתים קוסקוס 200 גר,גרמים,200.00,100 גרם,false,,9.90,0.0495,true,1,1350496
773430021456,false,חנוכיית פח לילדים שרגא,,,חנוכיית פח ילדים,יחידה,0.00,יחידה,false,,4.90,0.0000,true,1,2380662
786150000274,false,"בירה לף בראון בקבוק 330 מ""ל","אינבב, ברוורייפליין",,"בירה לף בראון 330 מ""",מיליליטרים,330.00,"100 מ""ל",false,,6.90,0.0209,true,1,2332544
786150000281,false,"שישייה בירה לף בראון בקבוק 330X6 מ""ל","אינבב, ברוורייפליין",,בירה לף בראון,ליטרים,1.98,ליטר,false,,39.90,20.1515,true,1,2332545
786560002240,false,שייקר פטנט קפיץ,סיטי תוספי מזון,,שייקר פטנט קפיץ,יח',1.00,יח',false,,15.90,15.9000,true,1,2328205
811250030842,false,תבלין מסלת דגים נפטו,,,תבלין מסלת דגים,גרמים,100.00,100 גרם,false,,9.90,0.0990,true,1,2211832
811250031344,false,רוטב שזיפים צנצנת,נפטון מוצרי מזון (1990),,רוטב שזיפים צנצנת,גרמים,380.00,100 גרם,false,,12.90,0.0339,true,1,2333830
811250031450,false,תבלין על האש ברבקיו,,,תבלין על האש ברבקיו,גרמים,80.00,100 גרם,false,,4.90,0.0613,true,1,2357471
811250031467,false,תערובת תיבול מלח ופל,,,תערובת תיבול מלח ופל,גרמים,100.00,100 גרם,false,,9.90,0.0990,true,1,2336485
811250031511,false,רוזמרין 40 גרם,,,רוזמרין,גרמים,100.00,100 גרם,false,,9.90,0.0990,true,1,2336487
812130020496,false,טרוביה- סטיביה תערובת סוכר חום- 510ג',,,טרוביה סטיביה תערובת,גרמים,510.00,100 גרם,false,,29.90,0.0586,true,1,2285831
818570001606,false,"וטקינס פיור אלמונד 59 מ""ל","ג'יי אר ווסקינס בע""מ",,תמצית שקדים טהור,מיליליטרים,59.00,"100 מ""ל",false,,29.90,0.5068,true,1,2301349
818570007066,false,"פיור וניל טהור 29 מ""ל ""ווטקינס""","ג'יי אר ווטקינס בע""מ",,תמצית וניל טהור,מיליליטרים,29.00,"100 מ""ל",false,,29.90,1.0310,true,1,2301351
835811000396,false,נייר אפיה לתבנית מוארכת - מארז 30 ניירות,יבוא ושיווק: הנמל אריזות,,נייר אפיה לתבנית מאו,יח',30.00,יח',false,,9.90,0.3300,true,1,2312261
835811000730,false,גליליות וופל למילוי 15 יח` 150 גר`**ללא החזרות**,גילרו,,גליליות וופל למילוי,גרמים,340.00,100 גרם,false,,14.90,0.0438,true,1,2278400
835811001119,false,מיני עדשים 200 גרם בצנצנת לעוגה,,,מיני עדשים 200 גר בצ,גרמים,200.00,100 גרם,false,,12.90,0.0645,true,1,2312219
835811001133,false,קוקוס הנמל 400 גרם כ,,,קוקוס טחון,גרמים,400.00,100 גרם,false,,10.90,0.0273,true,1,2297219
835811001140,false,שומשום הנמל 400 גרם,הנמל אריזות.,,שומשום מקולף,גרמים,400.00,100 גרם,false,,8.90,0.0223,true,1,2298213
835811001232,false,"נייר אפיה לתבנית עגולה 26 ס""מ - מארז 10 ניירות",האנג טונג,,נייר אפיה לתבנית עגו,יח',10.00,יח',false,,10.90,1.0900,true,1,2320150
835811001676,false,"תבנית אלומיניום גדולה 32*26 ס""מ - 9 יח'",הנמל,,מגש כסף 9 יח,יח',9.00,יח',false,,11.90,1.3222,true,1,2170737
835811001744,false,תבניות אלומיניום עבות במיוחד 46*34 רוסטר גדול,אופל אריזות בעמ,,תבנית אלומיניום עבה,יח',2.00,יח',false,,11.90,5.9500,true,1,1379922
835811001959,false,תבניות אלומיניום עבות במיוחד 41*30 רוסטר בינוני,הנמל,,תבנית אלומיניום רוסט,יח',3.00,יח',false,,11.90,3.9667,true,1,1321456
835811001966,false,"תבנית אלומ` עבה רוסטר 370X270X70 ס""מ 4 יח`",הנמל,,תבניות אלומניום עבה,יח',4.00,יח',false,,11.90,2.9750,true,1,1321457
835811001997,false,"תבנית אלומ` עבה לחלה 320X167X80 ס""מ 4 יח`",הנמל,,תבנית אלומניום עבה ל,יח',4.00,יח',false,,11.90,2.9750,true,1,1321460
835811002215,false,מאפינס צבעוני מס' 4 הנמל 200 יח',יונק,,מאפינס צבעוני מס' 4,יחידה,200.00,יחידה,false,,7.90,0.0395,true,1,1676515
835811002246,false,מאפינס צבעוני מס' 2 הנמל 200 יח',יונק,,מאפינס צבעוני מס' 2,יחידה,200.00,יחידה,false,,6.90,0.0345,true,1,1676517
835811002253,false,מאפינס צבעוני מס' 1.5 הנמל 200 יח',יונק,,מאפינס צבעוני מס' 1.,יחידה,200.00,יחידה,false,,5.90,0.0295,true,1,1676453
835811003434,false,כוס משובחות 10 יח' הנמל,בי רייט,,כוס רויאל משובחות,יח',10.00,יח',false,,10.90,1.0900,true,1,2400136
835811003458,false,מזלגות אלגנט שקוף 50 יחי הנמל,,,מזלגות אלגנט שקוף 50,יח',50.00,יח',false,,11.90,0.2380,true,1,2400141
835811003465,false,סכינים אלגנט שקוף 50 יחי הנמל,,,סכנים אלגנט שקוף 50,יח',50.00,יח',false,,11.90,0.2380,true,1,2400148
835811003472,false,כפות אלגנט שקוף 50 יחי הנמל,,,כפות אלגנט שקוף 50 י,יח',50.00,יח',false,,11.90,0.2380,true,1,2400149
835811003489,false,כפיות אלגנט שקוף 50 יח' הנמל,,,כפיות אלגנט שקוף 50,יח',50.00,יח',false,,11.90,0.2380,true,1,2400150
835811003588,false,צלחות קלאסי גדול לבן 65 יח' הנמל,,,צלחות קלאסי גדול לבן,יח',65.00,יח',false,,34.90,0.5369,true,1,2400142
835811003595,false,צלחות קלאסי קטן לבן 65 יח' הנמל,,,צלחות קלאסי קטן לבן,יח',65.00,יח',false,,24.90,0.3831,true,1,2400143
835811003601,false,צימרונים לתינוק 90 יח' הנמל,ספה,,צמרוני תינוק 90 יח,יח',90.00,יח',false,,5.90,0.0656,true,1,2072069
835811004431,false,מארז ממחטות טישו משי 100X5 יח`,,,מארז ממחטות טיפו מיש,יח',5.00,יח',false,,7.90,1.5800,true,1,2345395
835811004455,false,קישקשים מנייר הנמל 125 יחידות,הנג טונג,,קישקשים מנייר 12 יח,יחידה,0.00,יחידה,false,,7.90,0.0000,true,1,2284087
835811004660,false,עטרות אלו` 1.50 לאפיה 100 יח כסף /זהב,הנג טון,,גביע אלומיניום לאפיי,יח',100.00,יח',false,,5.90,0.0590,true,1,1321461
835811004677,false,הנמל עטרות אלומיניום מס.4 100יח,הנג טון,,גביע אלומיניום לאפיי,יח',100.00,יח',false,,8.90,0.0890,true,1,1321462
835811004707,false,פירורי לחם מוזהבים 440 ג' הנמל,ברמן שוקולד ועוגיות,,פירורי לחם מוזהב.,גרמים,440.00,100 גרם,false,,6.90,0.0157,true,1,1321465
835811005049,false,נייר אפייה משובח וידידותי לסביבה מהדרין 38X42,"איטיליאן פוד, אס.פי.",,נייר אפייה 40 יח מתכ,יח',1.00,יח',false,,14.90,14.9000,true,1,1321484
835811005667,false,שוקולד ציפס בטעם שוקולד 250גר',פינוקים תעשיות מזון,,נטיפי צ'יפס בטעם שוק,גרמים,250.00,100 גרם,false,,8.90,0.0356,true,1,1321522
835811005704,false,נייר עטיפה לכריכים הנמל 100 יחידות,טופ פלסט 2002 בעמ,,נייר עטיפה לכריכים,יח',100.00,יח',false,,7.90,0.0790,true,1,1321525
835811005711,false,הנמל עטרות אלומיניום מס.5 100יח,הנג טון,,גביע אלומיניום לאפיי,יח',100.00,יח',false,,9.90,0.0990,true,1,1321526
835811005728,false,עלים לקרמשניט הנמל 400 גרם,"רונית מאפים בע""מ",,עלים לקרמשניט 400 גר,גרמים,400.00,100 גרם,false,,14.90,0.0373,true,1,1321527
835811005810,false,מגש הכסף תבנית מרובע קטן +מכסה 10 יח`,הנמל,,מגש הכסף + מכסה,יח',10.00,יח',false,,11.90,1.1900,true,1,2170738
835811005933,false,מגש הכסף תבנית אלומ` ענק 5 יח`,ווינפאק,,מגש הכסף תבנית ענק,יח',5.00,יח',false,,11.90,2.3800,true,1,2170739
835811005940,false,מגש הכסף תבנית אלומ` גדולה + מכסה 8 יח`,,,מגש הכסף + מכסה,יח',8.00,יח',false,,11.90,1.4875,true,1,1321536
835811005957,false,מגש הכסף תבנית אלומ` 90 + מכסה 8 יח`,יבוא ושיווק: הנמל אר,,מגש הכסף + מכסה,יח',8.00,יח',false,,11.90,1.4875,true,1,2170740
835811005964,false,"הנמל תבניות אלומיניום מוארכת מארז, 20 יח'",ווינפאק,,מגש הכסף תבנית מאורך,יח',20.00,יח',false,,11.90,0.5950,true,1,2170741
835811006213,false,קערות מתכלה מקנה סוכר טבעי 25 יח,"איטיליאן פוד, אס.פי.",,קערה למרק מקנה סוכר,יח',25.00,יח',false,,15.90,0.6360,true,1,1321557
835811006220,false,צלחות ענקיות מתכלה מקנה סוכר טבעי 25 יח,הנמל,,צלחות ענקיות קנה סוכ,יח',25.00,יח',false,,17.90,0.7160,true,1,1321558
835811006237,false,צלחות קטנות מקנה סוכר טבעי 25 יח,הנמל,,צלחות קטנות קנה סוכר,יח',25.00,יח',false,,9.90,0.3960,true,1,1321559
835811006244,false,צלחות גדולות מקנה סוכר טבעי 25 יח,הנמל,,צלחות גדולות קנה סוכ,יח',25.00,יח',false,,15.90,0.6360,true,1,1321560
835811006435,false,מגש הכסף תבנית מלבן עמוק + מכסה 9 יח`,,,מגש כסף 9 יח,יח',9.00,יח',false,,11.90,1.3222,true,1,1321567
835811007296,false,כפיות אלגנט קרם 50 יח' הנמל,,,כפיות אלגנט קרם 50 י,יח',50.00,יח',false,,11.90,0.2380,true,1,2400151
835811007302,false,כפות אלגנט קרם 50 יח' הנמל,,,כפות אלגנט קרם 50 יח,יח',50.00,יח',false,,11.90,0.2380,true,1,2400152
835811007319,false,מזלגות אלגנט קרם 50 יח' הנמל,,,מזלגות אלגנט קרם 50,יח',50.00,יח',false,,11.90,0.2380,true,1,2400153
835811007326,false,סכינים אלגנט קרם 50 יח' הנמל,,,סכינים אלגנט קרם 50,יח',50.00,יח',false,,11.90,0.2380,true,1,2400154
835811007432,false,תבנית משפחתית מנייר מלבן גדול 3 יחידות הנמל,דוקארט,,תבנית קרטון משפחתית,יח',3.00,יח',false,,10.90,3.6333,true,1,1321590
835811007494,false,גלטין טהור מדגים 2 יח` 14 X גר`,גואנגדונג מיניאנג,,גלטין טהור 14 גר 2יח,גרמים,28.00,100 גרם,false,,9.90,0.3536,true,1,1321591
835811008347,false,גפרור מיוחד ענק הנמל 1 יחידה,הנמל,,גפרור ארוך מאוד,יח',45.00,יח',false,,4.90,0.1089,true,1,1321605
835811008606,false,"סיר אלומיניום ומכסה ח""פ הנמל 3 יח'",קינפויל/גאנגזו,,סיר אלומניום + מכסה,יח',3.00,יח',false,,14.90,4.9667,true,1,1321609
835811009443,false,מפיות מודפסות תלת שכ,גאט פיפר,,מפיות גא'ט מודפס 20,יח',20.00,יח',false,,5.90,0.2950,true,1,1321661
839762000641,false,משקה איילנד מנגו נקטר 1 ל',"פאראגאלה,דה אג'יפשן",,מיץ מנגו איילנד ליטר,ליטרים,1.00,ליטר,false,,10.90,10.9000,true,1,1306384
839762000658,false,איילנד גויאבה המשקה של חופי סיני 1 ליטר,The Egyptian Co. for,,מיץ גויאבה איילנד לי,ליטרים,1.00,ליטר,false,,10.90,10.9000,true,1,1306385
839762002379,false,משקה נקטר מנגו איילנד 350מל,"פאראגאלה,דה אג'יפשן",,משקה איילנד מנגו 350,מיליליטרים,350.00,"100 מ""ל",false,,5.50,0.0157,true,1,1306387
839762002386,false,נקטר איילנד גויאבה 3,"פאראגאלה,דה אג'יפשן",,משקה איילנד גויאבה 3,מיליליטרים,350.00,"100 מ""ל",false,,5.50,0.0157,true,1,1306388
844510012104,false,יין רמת יהודה קברנה,יין רמת יהודה א.ג.ת,,יין רמת יהודה,מיליליטרים,750.00,"100 מ""ל",false,,69.90,0.0932,true,1,2312503
844510012135,false,"יין רמת יהודה פטיט ורדו 750 מ""ל",יין רמת יהודה א.ג.ת,,יין רמת יהודה,מיליליטרים,750.00,"100 מ""ל",false,,69.90,0.0932,true,1,2312504
844510012173,false,"יין רמת יהודה אדום חצי יבש 750 מ""ל",יין רמת יהודה א.ג.ת,,יין רמת יהודה,מיליליטרים,750.00,"100 מ""ל",false,,69.90,0.0932,true,1,2312505
844510012227,false,"יין פרדס 750 מ""ל רמת חברון",רמת חברון,,יין פרדס מרלו,מיליליטרים,750.00,"100 מ""ל",false,,99.90,0.1332,true,1,2312507
844510013101,false,"יין ירושלים הילז קברנה סוביניון 750 מ""ל",אגדת,,יין גרוזלם,מיליליטרים,750.00,"100 מ""ל",false,,34.90,0.0465,true,1,2312509
844510013200,false,יין ירושלים הילס רוז,אנטי פוד משקאות,,יין גרוזלם,מיליליטרים,750.00,"100 מ""ל",false,,34.90,0.0465,true,1,2312512
844510013286,false,"יין ירושלים הילז סילוור בלנד 750 מ""ל",,,יין גרוזלם,מיליליטרים,750.00,"100 מ""ל",false,,44.90,0.0599,true,1,2312583
850004207789,false,בשר מיטבולס 290 ג' ביונד מיט,תאי פרזידנט פוד פאבל,,מיטבולס ביונד מיט 29,גרמים,290.00,100 גרם,false,,37.90,0.1307,true,1,2378326
850006036028,false,מאפה חיטה מקלונים בטעם סלק בצל 400 ג' עבאדי,עבאדי,,עוגיות מזרחיות מקלונ,גרמים,400.00,100 גרם,false,,17.90,0.0447,true,1,2404757
851621000050,false,בירה חיטה בטעם הדרים 1664 בלאנק - שישייה,קרלסברג ספליי קומפאני פו,,שישיית בירה בלאנק 16,ליטרים,1.98,ליטר,false,,39.90,20.1515,true,1,2303410
852629004774,false,רביעיית נקניקיות ביונד מיט 400 גרם,סווג ריבר ביונד מיט ארהב,,רביעיית נקניקיות ביו,גרמים,400.00,100 גרם,false,,39.90,0.0997,true,1,2356518
856591000055,false,עוגיות מזרחיות קריספי שרוף במיוחד,מאפיית יוסף ושמחה עבאדי,,עוגיות מזרחיות קריספ,גרמים,400.00,100 גרם,false,,17.90,0.0447,true,1,1458658
856591000062,false,עוגיות מזרחיות עם מלח עבאדי 400 גרם,מאפיית יוסף ושמחה עבאדי,IL,ע.מזרחיות מלח 400 גרם,גרמים,400.00,100 גרם,false,,17.90,0.0447,true,1,1339334
856591000512,false,עוגיות מזרחיות מקלונים עם שומשום עבאדי 400 גרם,מאפיית יוסף ושמחה עבאדי,IL,מקלונים פריכים 400 גרם,גרמים,400.00,100 גרם,false,,17.90,0.0447,true,1,1339335
856591000970,false,מאפה חיטה עבאדי מקלונים בטעם חריף 400 גר,עבאדי,,עוגיות מזרחיות מקלונ,גרמים,400.00,100 גרם,false,,17.90,0.0447,true,1,2404758
859547004084,false,ספוג ניקוי לימון פרש סקראב דדי,סקראב דאבי,,ספוג קרצוף סקראב דדי,יחידה,0.00,יחידה,false,,17.90,0.0000,true,1,2395390
859547004329,false,ספוג ניקוי צבעוני סקראב דדי Scrub Daddy,סקארקיסט,,ספוג ניקוי סקראב דד,יחידה,0.00,יחידה,false,,17.90,0.0000,true,1,2395391
859547004466,false,קירצוף וספוג ניקוי SCRUB DADDY,סקראב דאבי,,ספוג קרצוף סקראב דדי,יחידה,0.00,יחידה,false,,17.90,0.0000,true,1,2395392
859547004688,false,ספוג ניקוי סקראב דדי.,,,ספוג קרצוף סקראב דדי,יחידה,0.00,יחידה,false,,17.90,0.0000,true,1,2395393
877300000050,false,קינמון טחון 80 גרם ש,נפטון Neptune,,קינמון טחון,גרמים,80.00,100 גרם,false,,4.90,0.0613,true,1,2307037
877300000074,false,פלפל שחור גרוס צנצנת,,,פלפל שחור גרוס,גרמים,100.00,100 גרם,false,,14.90,0.1490,true,1,1483214
877300000081,false,פלפל שחור טחון צנצנת,,,פלפל שחור טחון,גרמים,100.00,100 גרם,false,,14.90,0.1490,true,1,1483208
877300000210,false,תערובת לתיבול טוסקנה,נפטון Neptune,,תערובת תיבול טוסקנה,גרמים,60.00,100 גרם,false,,4.90,0.0817,true,1,2307050
877300000234,false,תערובת לתיבול פילדלפיה,נפטון Neptune,,פלדלפיה,גרמים,60.00,100 גרם,false,,4.90,0.0817,true,1,2307042
877300000364,false,אורגנו 20 גרם שקית.,,,אורגנו,גרמים,20.00,100 גרם,false,,4.90,0.2450,true,1,2307032
877300000760,false,רוטב פיצה 330גרם,נפטון מוצרי מזון (1990),,רוטב פיצה,מיליליטרים,330.00,"100 מ""ל",false,,12.90,0.0391,true,1,1353749
877300000777,false,ממרח צימיצורי נפטון,"נפטון מוצרי מזון בע""",,ממרח צימצורי,גרמים,180.00,100 גרם,false,,9.90,0.0550,true,1,1353750
877300000845,false,פפריקה מתוקה בשמן בסגנון מרוקאי,נפטון Neptune,,פפריקה מתוקה,גרמים,80.00,100 גרם,false,,4.90,0.0613,true,1,2307051
877300001019,false,כוסברה טחון 120גרם,נפטון Neptune,,כוסברה טחון,גרמים,120.00,100 גרם,false,,9.90,0.0825,true,1,1353761
877300001040,false,כורכום טחון 150 גרם,נפטון Neptune,,כורכום טחון,גרמים,150.00,100 גרם,false,,9.90,0.0660,true,1,1353763
877300001057,false,פלפל לבן טחון צנצנת,,,פלפל לבן טחון,גרמים,100.00,100 גרם,false,,14.90,0.1490,true,1,1786326
877300001071,false,שום גבישי דק 150 גרם,נפטון מוצרי מזון,,שום גבישי דק,גרמים,150.00,100 גרם,false,,9.90,0.0660,true,1,1353766
877300001101,false,נפטון קינמון טחון 15,נפטון Neptune,,קינמון טחון,גרמים,150.00,100 גרם,false,,9.90,0.0660,true,1,1353768
877300001163,false,נפטון פפריקה חריפה 1,נפטון Neptune,,פריקה חריפה,גרמים,150.00,100 גרם,false,,9.90,0.0660,true,1,1353773
877300001170,false,פפריקה מתוקה 150 גרם,נפטון Neptune,,פפריקה מתוקה,גרמים,150.00,100 גרם,false,,9.90,0.0660,true,1,1353774
877300001248,false,פפריקה מתוקה מרוקאית בשמן,נפטון Neptune,,פפריקה מתוקה מרוקאית,גרמים,150.00,100 גרם,false,,9.90,0.0660,true,1,1353776
877300001286,false,כמון טחון 150 גרם,נפטון Neptune,,כמון טחון,גרמים,150.00,100 גרם,false,,9.90,0.0660,true,1,1353777
877300001330,false,תערובת תיבול חוויאג' למרק,נפטון Neptune,,תבלין חוויאג' למרק,גרמים,150.00,100 גרם,false,,9.90,0.0660,true,1,1353778
877300001347,false,תבלין סטייק 150 גרם,,,תבלין סטייק,גרמים,150.00,100 גרם,false,,9.90,0.0660,true,1,1353779
877300001361,false,תבלין שווארמה 150 גרם (צנצנת 150 חדש),,,תבלין שווארמה,גרמים,150.00,100 גרם,false,,9.90,0.0660,true,1,1353780
877300001378,false,תערובת תיבול גריל דג,נפטון Neptune,,תבלין גריל דק,גרמים,150.00,100 גרם,false,,9.90,0.0660,true,1,1353781
877300001385,false,תערובת תיבול לפרגיות,נפטון Neptune,,תבלין לפרגיות,גרמים,150.00,100 גרם,false,,9.90,0.0660,true,1,1353782
877300001392,false,תערובת תיבול לגריל עוף,נפטון Neptune,,תבלין גריל עוף,גרמים,150.00,100 גרם,false,,9.90,0.0660,true,1,1353783
877300001408,false,תערובת תיבול לשקשוקה,נפטון Neptune,,תיבול לשקשוקה,גרמים,120.00,100 גרם,false,,9.90,0.0825,true,1,1353784
877300001453,false,תערובת תיבול זעתר שומשום,נפטון Neptune,,תבלין זעתר שומשום,גרמים,150.00,100 גרם,false,,9.90,0.0660,true,1,1353785
877300001552,false,תערובת תיבול טוסקנה,נפטון Neptune,,טוסקנה,גרמים,150.00,100 גרם,false,,9.90,0.0660,true,1,1353788
877300001576,false,תערובת תיבול על האש ברביקיו,נפטון Neptune,,תבלין על האש ברביקיו,גרמים,150.00,100 גרם,false,,9.90,0.0660,true,1,1353789
877300001583,false,תערובת תיבול לדג מבושל,נפטון Neptune,,תבלין לדג מבושל,גרמים,120.00,100 גרם,false,,9.90,0.0825,true,1,1353790
877300001637,false,פפריקה מתוקה גס בשמן,,,פפריקה מתוקה גס בשמן,גרמים,150.00,100 גרם,false,,9.90,0.0660,true,1,1353791
877300001866,false,נפטון תערובת תיבול פ,,,תבלין פילדלפיה,גרמים,150.00,100 גרם,false,,9.90,0.0660,true,1,1353794
877300001989,false,פפריקה הונגרית בשמן,,,פפריקה הונגרית בשמן,גרמים,150.00,100 גרם,false,,9.90,0.0660,true,1,1353800
877300002078,false,רוטב שום ודבש 360 גר,נפטון Neptune,,רוטב שום ודבש,גרמים,360.00,100 גרם,false,,12.90,0.0358,true,1,1353802
877300002115,false,נפטון תבלין לחמין 15,,,תבלין לחמין,גרמים,150.00,100 גרם,false,,9.90,0.0660,true,1,1353804
877300002160,false,רוטב צ'ילי מתוק 370 גרם,נפטון מוצרי מזון (1990),,רוטב צ'ילי מתוק,גרמים,370.00,100 גרם,false,,12.90,0.0349,true,1,1353805
877300002184,false,אריסה מתוקה נפטון 1,,,אריסה מתוקה,גרמים,180.00,100 גרם,false,,9.90,0.0550,true,1,1405409
877300002191,false,שום כתוש ממרח 180 גר,,,שום כתוש,גרמים,180.00,100 גרם,false,,9.90,0.0550,true,1,1353806
877300002290,false,פפריקה מרוקאית מעושנת,נפטון Neptune,,פפריקה מתוקה מעושנת,גרמים,150.00,100 גרם,false,,9.90,0.0660,true,1,1353808
877300002313,false,תערובת תיבול ראס אל חנות,נפטון Neptune,,תבלין ראס אל חנות,גרמים,150.00,100 גרם,false,,9.90,0.0660,true,1,1353809
877300002610,false,ממרח אריסה לימון 180,,,ממרח אריסה לימון,גרמים,180.00,100 גרם,false,,9.90,0.0550,true,1,1786262
877300002689,false,רוטב קייג'ון (ניו אורלינס),"נפטון מוצרי מזון בע""",,רוטב קייג'ון (ניו או,גרמים,330.00,100 גרם,false,,12.90,0.0391,true,1,1353814
877300003075,false,רוטב נפטון צאטני שזי,"נפטון מוצרי מזון בע""",,צ'אטני שזיף פיקנטי,גרמים,370.00,100 גרם,false,,12.90,0.0349,true,1,1353820
877300003235,false,רוטב חמוץ מתוק 360 גרם,נפטון מוצרי מזון (1990),,רוטב חמוץ מתוק,גרמים,370.00,100 גרם,false,,12.90,0.0349,true,1,1353821
877300003273,false,רוטב טריאקי 350 גרם,נפטון מוצרי מזון (1990),,רוטב טריאקי,גרמים,350.00,100 גרם,false,,12.90,0.0369,true,1,1353824
877300003310,false,רוטב צ'ילי חריף 370 גרם,נפטון מוצרי מזון (1990),,רוטב צילי חריף,גרמים,370.00,100 גרם,false,,12.90,0.0349,true,1,1353828
877300003327,false,רוטב סויה מתוק 360 גרם,נפטון מוצרי מזון (1990),,רוטב סויה מתוק,גרמים,370.00,100 גרם,false,,12.90,0.0349,true,1,1353829
877300003334,false,רוטב נפטון קארי 330,"נפטון מוצרי מזון בע""",,רוטב קארי,גרמים,330.00,100 גרם,false,,12.90,0.0391,true,1,1353830
877300003358,false,ממרח פלפל צ`ומה נפטו,,,פלפל צ'ומה,גרמים,180.00,100 גרם,false,,9.90,0.0550,true,1,1353832
877300004096,false,ממרח טאפנד זיתים ירוקים,,,טאפנד זיתים ירוקים,גרמים,180.00,100 גרם,false,,9.90,0.0550,true,1,1353843
877300004119,false,סחוג אדום 180 גרם,,,ממרח סחוג אדום,גרמים,180.00,100 גרם,false,,9.90,0.0550,true,1,1422464
877300004157,false,סחוג ירוק חריף אש ממ,,,סחוג,גרמים,180.00,100 גרם,false,,9.90,0.0550,true,1,1818994
877300004263,false,ציפוי לשניצל וינאי,,,ציפוי לשניצל וינאי,גרמים,400.00,100 גרם,false,,9.90,0.0248,true,1,1819002
877300004416,false,פלפל שחור גרוס דק,נפטון Neptune,,פלפל שחור גרוס דק,גרמים,50.00,100 גרם,false,,4.90,0.0980,true,1,2332861
877300004553,false,פפריקה מתוקה 80 גרם,נפטון Neptune,,פפריקה מתוקה,גרמים,80.00,100 גרם,false,,4.90,0.0613,true,1,1483216
877300004584,false,כורכום טחון 80 גרם ש,נפטון Neptune,,כורכום טחון,גרמים,80.00,100 גרם,false,,4.90,0.0613,true,1,1483218
877300004614,false,גריל עוף 80 גרם שקית,,,גריל עוף,גרמים,80.00,100 גרם,false,,4.90,0.0613,true,1,1483221
877300004638,false,מלח לימון,,,מלח לימון,גרמים,100.00,100 גרם,false,,3.90,0.0390,true,1,1483223
877300008674,false,פלפל שחור שלם במטחנה,,,פלפל שחור שלם במטחנה,גרמים,45.00,100 גרם,false,,14.90,0.3311,true,1,1408683
877300008698,false,פלפלת ארבע עונות שלם,,,פלפלת ארבע עונות שלם,גרמים,30.00,100 גרם,false,,14.90,0.4967,true,1,1408685
877300008704,false,מלח ים אטלנטי מתובל,,,מלח ים אטלנטי מתובל,גרמים,85.00,100 גרם,false,,14.90,0.1753,true,1,1408686
877300008841,false,רוטב אלף האיים 310 ג,,,רוטב אלף האיים,גרמים,310.00,100 גרם,false,,12.90,0.0416,true,1,1790643
877300008902,false,שום שמיר 310 גרם,,,רוטב שום שמיר,גרמים,310.00,100 גרם,false,,12.90,0.0416,true,1,1790631
877300009183,false,רוטב שמן זית ולימון,,,רוטב שמן זית ולימון,גרמים,300.00,100 גרם,false,,12.90,0.0430,true,1,1992825
877300009367,false,ממרח פסטו קלאסי בזיל,,,ממרח פסטו קלאסי בזיל,גרמים,180.00,100 גרם,false,,9.90,0.0550,true,1,1981976
877300009558,false,ציפוי לשניצל פירורי לחם בתיבול איטלקי,נפטון Neptune,,ציפוי לשניצל ירקות א,גרמים,400.00,100 גרם,false,,9.90,0.0248,true,1,1819004
877300009725,false,אורגנו צנצנת מרובעת,,,אורגנו 60 גרם,גרמים,60.00,100 גרם,false,,9.90,0.1650,true,1,1845416
877300009800,false,תבלין טימין,,,תבלין טימין,גרמים,40.00,100 גרם,false,,9.90,0.2475,true,1,2243811
883314197464,false,כלי אחסון עגול 42 ס',,,כלי אחסון עגול 42 ס',יחידה,0.00,יחידה,false,,16.90,0.0000,true,1,2385068
883314428735,false,כלי אחסון 42ס'ל עגול,,,כלי אחסון 42ס'ל עגול,יחידה,0.00,יחידה,false,,24.90,0.0000,true,1,2385081
883314621617,false,צנצנת 0.75L פלאנו סג,,,צנצנת 0.75L פלאנו סג,יחידה,0.00,יחידה,false,,12.90,0.0000,true,1,2385091
883314621655,false,צנצנת 1 L פלאנו סגול,,,צנצנת 1 L פלאנו סגול,יחידה,0.00,יחידה,false,,12.90,0.0000,true,1,2401330
883314621662,false,צנצנת 0.75 L פלאנו ו,,,צנצנת 0.75 L פלאנו ו,יחידה,0.00,יחידה,false,,12.90,0.0000,true,1,2385677
883314714616,false,צלחת מנה מרק 20 דיוו,,,צלחת מנה מרק 20 דיוו,יחידה,0.00,יחידה,false,,9.90,0.0000,true,1,2385140
883314737059,false,מערכת אוכל 18 חלקים,,,מערכת אוכל 18 חלקים,יחידה,0.00,יחידה,false,,139.90,0.0000,true,1,2393849
883314843330,false,צלחת עמוקה 20 טורקיז,,,צלחת עמוקה 20 טורקיז,יחידה,0.00,יחידה,false,,19.90,0.0000,true,1,2385153
884912002372,false,דגני בוקר גרייט גריינס פוסט453 גרם,פוסט ארצות הברית,US,סלקט קרנברי חדש,גרמים,396.00,100 גרם,false,,24.90,0.0629,true,1,1350196
884912102102,false,דגני בוקר פוסט סלקט אוכמניות 382 גר,הנסיך- מפעל לייצור ט,,דגני אוכמניות סלקט,גרמים,382.00,100 גרם,false,,24.90,0.0652,true,1,1487818
884912116505,false,דגני בננה נאט קראנץ' Banana Nut Crunch,פוסט ארצות הברית,US,סלקט בננה נאט חדש,גרמים,439.00,100 גרם,false,,24.90,0.0567,true,1,1350204
884912117625,false,דגני שלווה מצופים בדבש Golden Crisp,הנסיך- מפעל לייצור ט,,דגני בוקר שלווה מצופ,גרמים,418.00,100 גרם,false,,22.90,0.0548,true,1,1735674
884912129512,false,דגני בוקר קוקו פוסט פלינסטונס 311 גרם,פוסט לקיוויל,,דגני בוקר בטעם קקאו,גרמים,311.00,100 גרם,false,,24.90,0.0801,true,1,2426896
884912180629,false,דגני בוקר מחיטה מלאה גרוסה שרדד וויט,פוסט ארצות הברית,,דגני חיטה מלאה גרוסה,גרמים,464.00,100 גרם,false,,22.90,0.0494,true,1,1467550
884912342737,false,דגני בוקר קריספי וופל פוסט 326 גרם.,הנסיך- מפעל לייצור ט,,דגני בוקר וופל קריספ,גרמים,425.00,100 גרם,false,,22.90,0.0539,true,1,2288764
884912359155,false,דגני בוקר האני באנצ'ס האני רוסטד פוסט 340 גרם,פוסט ארצות הברית,,דגני האני באנצ' רוסט,גרמים,411.00,100 גרם,false,,22.90,0.0557,true,1,2400454
884912359162,false,האני באנצ' דגני בוקר עם שקדים פוסט 411 גרם,פוסט ארצות הברית,,דגני האני באנצ'.,גרמים,411.00,100 גרם,false,,22.90,0.0557,true,1,2400455
884912359414,false,דגני בוקר האני באנצס קינמון 340 ג' POST,פוסט ארצות הברית,,דגני האני באנצ' קינמ,גרמים,411.00,100 גרם,false,,22.90,0.0557,true,1,2400460
884912359421,false,דגני בוקר האני באנצ'ס מייפל ופקאן פוסט 340 גרם,פוסט ארצות הברית,,דגני האני באנצ' פקאן,גרמים,411.00,100 גרם,false,,22.90,0.0557,true,1,2400461
884912359483,false,דגני בוקר האני באנצ'ס תות פוסט 311 גרם,פוסט ארצות הברית,,דגני האני באנצ' תות,גרמים,368.00,100 גרם,false,,22.90,0.0622,true,1,2400462
884912365200,false,דגני בוקר אוראו שחור ולבן 311 גרם,פוסט ארצות הברית,,דגני בוקר בטעם אוראו,גרמים,311.00,100 גרם,false,,19.90,0.0640,true,1,2421674
884912365217,false,דגני בוקר אוראו שחור ולבן 311 גרם,פוסט ארצות הברית,,דגני בוקר בטעם אוראו,גרמים,311.00,100 גרם,false,,19.90,0.0640,true,1,2364979
884912377142,false,דגני בוקר האני באנצ'ס וניל פוסט 340 גרם,פוסט ארצות הברית,,דגני האני באנצ' וניל,גרמים,411.00,100 גרם,false,,22.90,0.0557,true,1,2400467
884912378118,false,דגני בוקר רייזן ברן 471 גרם,פוסט לקיוויל,,דגני רייזן ברן.,גרמים,411.00,100 גרם,false,,22.90,0.0557,true,1,2421723
888849000005,false,חטיף חלבון בטעם עוגיות עם קרם,סיטי תוספי מזון,,קווסט חטיף חלבון עוג,גרמים,60.00,100 גרם,false,,17.90,0.2983,true,1,2327984
888849001224,false,קווסט חטיף חלבון סמורס,סיטי תוספי מזון,,קווסט חטיף חלבון סמו,גרמים,60.00,100 גרם,false,,17.90,0.2983,true,1,2327991
888849003495,false,קווסט חטיף חלבון שוק,,,קווסט חטיף חלבון שוק,גרמים,60.00,100 גרם,false,,17.90,0.2983,true,1,2362909
888849004621,false,קווסט חטיף חלבון בטעם שיבולת שועל שוקולד,סיטי ספורט,,קווסט חטיף חלבון שיב,גרמים,60.00,100 גרם,false,,17.90,0.2983,true,1,2327993
888849005956,false,חטיף חלבון בטעם עוגת יום הולדת,סיטי תוספי מזון,,קווסט חטיף חלבון עוג,גרמים,60.00,100 גרם,false,,17.90,0.2983,true,1,2327995
888849005994,false,קווסט עוגיית חלבון בטעם חמאת בוטנים שוקו,סיטי ספורט,,קווסט עוגיית חלבון ש,גרמים,59.00,100 גרם,false,,14.90,0.2525,true,1,2327996
888849006632,false,חטיף חלבון צ'יפס גבי,,,חטיף חלבון צ'יפס גבי,גרמים,32.00,100 גרם,false,,17.90,0.5594,true,1,2406417
888849006656,false,חטיף חלבון צ'יפס לימ,,,חטיף חלבון צ'יפס לימ,גרמים,32.00,100 גרם,false,,17.90,0.5594,true,1,2406419
888849008100,false,משקה חלבון קווסט בטע,קווסט נטרישן,,משקה חלבון קווסט בטע,מיליליטרים,325.00,"100 מ""ל",false,,17.90,0.0551,true,1,2356005
888849008117,false,משקה חלבון קווסט בטע,קווסט נטרישן,,משקה חלבון קווסט בטע,מיליליטרים,325.00,"100 מ""ל",false,,17.90,0.0551,true,1,2356006
888849009954,false,חטיף חלבון צ'יפס טאק,,,חטיף חלבון צ'יפס טאק,גרמים,32.00,100 גרם,false,,17.90,0.5594,true,1,2406420
888849010103,false,משקה חלבון קווסט בטע,קווסט נטרישן,,משקה חלבון קווסט בטע,מיליליטרים,325.00,"100 מ""ל",false,,17.90,0.0551,true,1,2356045
888849011063,false,חטיף חלבון צ'יפס ספי,,,חטיף חלבון צ'יפס ספי,גרמים,32.00,100 גרם,false,,17.90,0.5594,true,1,2406421
898193001252,false,בונומלי - חליטת קמומיל 28 גרם,הייר ליבינג,,תה חליטת קמומיל 30 ג,גרמים,30.00,100 גרם,false,,15.90,0.5300,true,1,1469277
1230000068314,false,בשר טחון ביונד מיט מארז זוגות 300ג,זנברגן וורלד פינסט מיט ב,,בשר טחון ביונד מינט,גרמים,300.00,100 גרם,false,,29.90,0.0997,true,1,2384630
1230000116022,false,המבורגר ביונד מיט מארז זוגות 226ג,ביונד מיט קליפורניה ארהב,,המבורגר ביונד מיט מא,גרמים,226.00,100 גרם,false,,34.90,0.1544,true,1,2405805
3010470155299,false,פריסקיז Friskies פטה בקר וירקות,ניו פטפוד איטליה,,פריסקיז פטה בקר וירק,גרמים,400.00,100 גרם,false,,8.90,0.0223,true,1,1672350
3010470158221,false,פריסקיז פ.עוף וירקות400ג,ניו פטפוד איטליה,,פריסקיז פטה עוף וירק,גרמים,400.00,100 גרם,false,,8.90,0.0223,true,1,1672351
3014260022730,false,מב.שיניים אדוונטג 40 מדיום אורל בי זוג,דיפלומט מפיצים 1968 בעמ,IE,אורל בי אדוונטג' זוג 40 מ,יח',2.00,יח',false,,24.90,12.4500,true,1,1307039
3014260022839,false,אורל בי דליקייט וויט זוג 40 MEDIUM,דיפלומט מפיצים 1968 בעמ,IN,דליקייט  וויט  זוג  40 רך,יח',2.00,יח',false,,14.90,7.4500,true,1,1307040
3014260023089,false,שלישייית מברשת שיניים אורל בי קלאסיק 40 מדיום,פרוקטר אנד גמבל,IN,קלאסיק שלישיה 40 מדיום,יח',3.00,יח',false,,14.90,4.9667,true,1,1386031
3014260100636,false,מברשת שיניים לילדים 0-2 אורל בי,דיפלומט מפיצים (1968) בעמ,,אורל בי מברשת שיניים,יחידה,0.00,יחידה,false,,14.90,0.0000,true,1,2140828
3014260100667,false,אורל בי מברשת שיניים ילדים 3-5 שנים,דיפלומט מפיצים (1968) בעמ,,אורל בי מברשת שיניים,יחידה,0.00,יחידה,false,,14.90,0.0000,true,1,2140829
3014260201753,false,סכיני גילוח ג'ילט בלו 2 להבים - מארז 5 יח',דיפלומט מפיצים (1968) בעמ,PL,בלו 2*5 (שקית),יח',5.00,יח',false,,12.90,2.5800,true,1,1307042
3014260228842,false,"קצף גילוח ג'ילט לעור רגיל 200 מ""ל",דיפלומט מפיצים (1968) בעמ,GB,ק.גילוח רגיל,מיליליטרים,200.00,"100 מ""ל",false,,14.90,0.0745,true,1,1307051
3014260240226,false,"קצף גילוח ג'ילט לעור רגיש 200 מ""ל",דיפלומט מפיצים (1986) בע`מ,GB,ק.גילוח רגיש,מיליליטרים,200.00,"100 מ""ל",false,,14.90,0.0745,true,1,1307053
3014260262709,false,סכיני גילוח לאישה 3 להבים,דיפלומט מפיצים (1968) בעמ,PL,ס.ג .ונוס4X1,יח',4.00,יח',false,,44.90,11.2250,true,1,1307061
3014260274924,false,גילט מאך 3 טורבו סכיני גילוח 8 יחידות,פרוקטר אנד גמבל,DE,מאך 3טורבו 8,יח',8.00,יח',false,,89.90,11.2375,true,1,1307066
3014260280772,false,אורל בי חוט דנטלי שעוה מנטה,דיפלומט מפיצים (1968) בעמ,MX,חוט דנטלי אסנשיאל מנטה עם,מטרים,50.00,מטר,false,,12.90,0.2580,true,1,1307069
3014260284350,false,גילט גל אפטר שייב לאחר הגילוח 75 מל,פרוקטר אנד גמבל,FR,א.ש. ג'ל קלאסי רגיש,מיליליטרים,75.00,"100 מ""ל",false,,34.90,0.4653,true,1,2308797
3014260287030,false,ג`ילט סכיני גילוח חדפ לגבר יבוא מקביל,פארמה דיל (פ.א.ב.) שיווק והפצה,PL,גילט 2חמישיה,יח',5.00,יח',false,,7.90,1.5800,true,1,1307073
3014260289287,false,סכין גילוח גילט בלו 2 לנשים-חמישייה,דיפלומט מפיצים (1968) בעמ,PL,בלו 2 לנשים 5,יח',5.00,יח',false,,14.90,2.9800,true,1,1307074
3014260833848,false,מברשות שיניים אורל בי פרו אקספרט 35 זוג,דיפלומט מפיצים (1968) בעמ,,זוג מברשות שיניים או,יחידה,2.00,יחידה,false,,24.90,12.4500,true,1,2329582
3014409005471,false,"פסטיס פרדו כש""לפ 1ליטר",,,פסטיס פרדו,ליטרים,1.00,ליטר,false,,94.90,94.9000,true,1,1866503
3045201107001,false,אידיאל מסיר כתמים לפני כביסה -כדור מסאג,"יעקב יעקבי ובניו בע""מ",ES,אידאל-מסיר כתמים-אדום 009,מיליליטרים,150.00,"100 מ""ל",false,,19.90,0.1327,true,1,1325599
3045201108008,false,אידיאל מסיר כתמים לפני כביסה -כדור מבריש,יעקב יעקבי ובניו בעמ,ES,אידאל-מסיר כתמים-צהוב 006,מיליליטרים,150.00,"100 מ""ל",false,,19.90,0.1327,true,1,1325600
3046920010856,false,לינדט שוקולד אקסלנס לימון גינגיר 100 גר,לינדט ושפרונגלי,,שוקולד לינדט אקסלנט,גרמים,100.00,100 גרם,false,,14.90,0.1490,true,1,2289172
3046920016377,false,לינדט שוקולד אקסלנס מריר 100% קקאו 50 גר,לינדט ושפרונגלי,,שוקולד לינדט אקסלנט,גרמים,50.00,100 גרם,false,,14.90,0.2980,true,1,2310573
3046920027281,false,שוקולד מריר אקסלנס במילוי קרמל ומלח ים,לינדט ושפרונגלי קילשברג,FR,לינדט אקסלנס 70% 100 גרם,גרמים,100.00,100 גרם,false,,14.90,0.1490,true,1,1373112
3046920028004,false,לינדט שוקולד אקסלנס מריר 70% 100 גר,לינדט ושפרונגלי קילשברג,FR,לינדט אקסלנס 70% 100 גרם,גרמים,100.00,100 גרם,false,,14.90,0.1490,true,1,1318982
3046920028363,false,לינדט אקסלנס 85% מוצקי קקאו 100 גרם,לינדט ושפרונגלי קילשברג,FR,לינדט אקסלנס 85% 100 גרם,גרמים,100.00,100 גרם,false,,14.90,0.1490,true,1,1318983
3046920028721,false,לינדט אקסלנס סטרוברי 100גר`,לינדט ושפרונגלי קילשברג,,שוקולד לינדט 99% אקס,גרמים,50.00,100 גרם,false,,14.90,0.2980,true,1,1884740
3046920028752,false,שוקולד לינדט אקסלנס מינט 100 גרם,לינדט ושפרונגלי קילשברג,FR,לינדט אקסלנס מינט 100 גר,גרמים,100.00,100 גרם,false,,14.90,0.1490,true,1,1318985
3046920029674,false,אקסלנס עם שבבי מלח לינדט (100 גרם),לינדט ושפרונגלי קילשברג,FR,לינדט אקס' סולט 100 גרם,גרמים,100.00,100 גרם,false,,14.90,0.1490,true,1,1318986
3046920029681,false,לינדט שוקולד אקסלנס מילד 85% קקאו 100 גר,משה סידס ובנו בעמ,,שוקולד אקסלנס 85%,גרמים,100.00,100 גרם,false,,14.90,0.1490,true,1,2310574
3046920029759,false,אקסלנס שוקולד מריר 90% לינדט (100 גרם),לינדט ושפרונגלי קילשברג,FR,לינדט אקסלנס 70% 100 גרם,גרמים,100.00,100 גרם,false,,14.90,0.1490,true,1,1373113
3059940007768,false,"מבשם אוויר אירוויק ספריי וניל אורכידאה 240 מ""ל",רקיט בנקיזר (ניר איסט) בעמ,GB,איירוויק ספריי וניל ואורכ,מיליליטרים,240.00,"100 מ""ל",false,,9.90,0.0413,true,1,1309305
3059943015104,false,"אירוויק מבשם אויר נטול גז בניחוח פריסיה ויסמין 345 מ""ל",רקיט בנקיזר (ניר איסט) בעמ,PL,איירויק אקווה מיסט פרסיה,מיליליטרים,345.00,"100 מ""ל",false,,19.90,0.0577,true,1,1309310
3059943015128,false,מבשם אוויר נטול גז אקווה מיסט בניחוח לבנדר פראי ואוויר הרים,רקיט בנקיזר (ניר איסט) בעמ,PL,איירויק אקווה מיסט לבנדר,מיליליטרים,345.00,"100 מ""ל",false,,19.90,0.0577,true,1,1309311
3059943016507,false,"אירוויק ספריי בניחוח לבנדר וקמומיל 240 מ""ל",רקיט בנקיזר (ניר איסט) בעמ,GB,א.וייק ספריי לבנדר,מיליליטרים,240.00,"100 מ""ל",false,,9.90,0.0413,true,1,1309312
3059943016569,false,"מבשם אוויר אירוויק ספריי פרסיה ויסמין 240 מ""ל",רקיט בנקיזר (ניר איסט) בעמ,GB,איירוויק ספריי פריסיה ויס,מיליליטרים,240.00,"100 מ""ל",false,,9.90,0.0413,true,1,1309314
3059944021197,false,"ויט קרם להסרת שיער לעור רגיש (אריזת חיסכון) 400 מ""ל",רקיט בנקיזר (ניר איסט) בעמ,FR,"ויט קרם רגיש 400 מ""ל",מיליליטרים,400.00,"100 מ""ל",false,,59.90,0.1497,true,1,1309318
3059944022415,false,רצועות שעווה מוכנות לשימוש מועשרת בתמציות ובניחוח ורדים,רקיט בנקיזר (ניר איסט) בעמ,FR,ויט ארומטיק רצועות שעווה,יחידה,0.00,יחידה,false,,29.90,0.0000,true,1,1309322
3067140013113,false,אבקה להכנת משקה על בסיס עולש,LEROUX COFFEE SUB,FR,לרו תחליף קפה טבעי,גרמים,100.00,100 גרם,false,,26.90,0.2690,true,1,1338727
3067140243114,false,אבקה להכנת משקה על בסיס עולש בטעם קרמל,LEROUX COFFEE SUB,FR,לרו תחליף קפה קרמל,גרמים,100.00,100 גרם,false,,26.90,0.2690,true,1,1338729
3073781161663,false,גבינה מותכת 18.5% שומן לה וואש קירי,בני ג`ורג` שוקחה (חיפה) בעמ,,גבינה לוואש קירי 8 י,גרמים,128.00,100 גרם,false,,11.90,0.0930,true,1,2384736
3073781161687,false,גבינה לוואש קרי(מותכת) 16 יח 256 גר,בני ג`ורג` שוקחה (חיפה) בעמ,,גבינה לוואש קירי 16,גרמים,256.00,100 גרם,false,,21.90,0.0855,true,1,2384737
3073781161700,false,מותכת לה וואש קירי 32יח,בני ג ורג שוקחה (חיפה) בעמ,,גבינה לוואש קירי 32,גרמים,480.00,100 גרם,false,,37.90,0.0790,true,1,2384742
3073781162790,false,גבינה מותכת בייבי בל 120 גרם,א. סיימן סחר בעמ,,גבינת בייבי בל אדם 1,גרמים,120.00,100 גרם,false,,16.90,0.1408,true,1,2398912
3073781177220,false,גבינה בייבי בל אדום 120 גר`,א. סיימן סחר בעמ,,גבינת בייבי בל רול,גרמים,120.00,100 גרם,false,,16.90,0.1408,true,1,2420519
3080216034508,false,"בירה Grimbergen Blonde בודד 330 מ""ל",גרימברגן Grimbergen,,בירה גרימברגן בלונד,מיליליטרים,330.00,"100 מ""ל",false,,6.90,0.0209,true,1,2334078
3080216034645,false,"בירה גרינברגן אמברה בודד 330מ""ל",החברה המרכזית להפצת משקאות בעמ,,בירה גרימברגן אמברה,מיליליטרים,330.00,"100 מ""ל",false,,6.90,0.0209,true,1,2334079
3120581456267,false,"שבלי מ.דה ליני לבן יבש 750 מ""ל",מ.דה ליני,,יין שבלי לבן ייבש,מיליליטרים,750.00,"100 מ""ל",false,,89.90,0.1199,true,1,2301080
3141360054405,false,פיניש מפיץ ריח למדיח בניחוח לימון וליים,רקיט בנקיזר (ניר איסט) בעמ,,מפיג ריח למדיח פיניש,גרמים,27.00,100 גרם,false,,14.90,0.5519,true,1,1498319
3147697720204,false,ויסקי בלנדד סקוטי לייבל,לייבל 5 Label,,וויסקי לייבל 5 קלאסי,מיליליטרים,700.00,"100 מ""ל",false,,69.00,0.0986,true,1,1422768
3161911229199,false,חמאה צרפתית רכה למריחה אל & ויר 250 גרם,א. סיימן סחר בעמ,FR,חמאה רכה 250 ג,גרמים,250.00,100 גרם,false,,19.90,0.0796,true,1,1329555
3161911366429,false,חמאה צרפתית מלוחה רכה למריחה אלוויר 250 גר',א. סיימן סחר בעמ,FR,חמאה מלוחה 250 ג,גרמים,250.00,100 גרם,false,,19.90,0.0796,true,1,1329556
3161911393210,false,חמאת נורמנדי מלוחה אלוויר 200 גרם,א.סיימן סחר בעמ,,חמאה צרפתית נורמנדי,גרמים,200.00,100 גרם,false,,18.90,0.0945,true,1,2405260
3163937187460,false,משקה ריקארד 45% כשר,,,משקה ריקארד 45% כשר,מיליליטרים,700.00,"100 מ""ל",false,,99.90,0.1427,true,1,2181530
3168430333451,false,סט 2 מחבתות שחור 20+,,,סט 2 מחבתות שחור 20+,יחידה,0.00,יחידה,false,,99.90,0.0000,true,1,2393852
3178530402278,false,"עוגיות פצפוצי קרמל, 150 גרם",סן מישל St Michel,,גלאט חמאה קרצל סן מי,גרמים,150.00,100 גרם,false,,14.90,0.0993,true,1,1565249
3178530402353,false,עוגות מיני מדלן קלאסי סאן מישל 175 גרם,סאן מישל ביסוויט,,מיני מדלן סן מישל,גרמים,175.00,100 גרם,false,,10.90,0.0623,true,1,1565250
3178530407938,false,עוגיות מיני מדליין עם שוקוצ'יפס סאן מישל 175 גרם,א. סיימן סחר בעמ,,מיני מדלן שוקו סן מי,גרמים,175.00,100 גרם,false,,10.90,0.0623,true,1,1565253
3178530409673,false,עוגיות פיל סאן מישל קרמל 100 גר`,סאן מישל צ'\אמפאגנאק,,עוגיות פלמיה קרמל,גרמים,100.00,100 גרם,false,,14.90,0.1490,true,1,2279118
3178530411478,false,ביסקוויטים גאלט עם חמאה ומלח ים,א. סיימן סחר בעמ,,גלאט חמאה קלאסי סן מ,גרמים,150.00,100 גרם,false,,11.90,0.0793,true,1,1565254
3178530412703,false,עוגיות חמאה דונאט עם שוקולד 180 גר,א. סיימן סחר בעמ,,דונאט עם שוקולד,גרמים,180.00,100 גרם,false,,12.90,0.0717,true,1,2279119
3178530417340,false,בראוניז שוקולד סנט מישל 210 גרם,א. סיימן סחר בעמ,,בראוניז שוקולד עוגות,גרמים,210.00,100 גרם,false,,12.90,0.0614,true,1,2336385
3178530417357,false,בראוניז שוקולד לבן סנט מישל 210 גרם,א. סיימן סחר בעמ,,בראוניז שוקולד לבן ע,גרמים,210.00,100 גרם,false,,12.90,0.0614,true,1,2336386
3178530417418,false,עוגיות חמאה דונאט עם שוקולד ציפס 180 גר,א. סיימן סחר בעמ,,דונאט עם שוקולד ציפס,גרמים,180.00,100 גרם,false,,12.90,0.0717,true,1,2279121
3179730011017,false,פרייה מים מינרלים טבעיים מבעבעים,NESTLE WATERS,FR,פרייה זכוכית 750מל (ירוק),מיליליטרים,750.00,"100 מ""ל",false,,8.90,0.0119,true,1,1347347
3228022910023,false,חמאה צרפתית פריזידאן פרזידנט (200 גרם),סוסייטה בארייר דה אי,FR,חמאה פרזיגנט 200 ג,גרמים,200.00,100 גרם,false,,14.90,0.0745,true,1,1329565
3254550033279,false,גבינת קממבר 250 גרם סנט מר,א. סיימן סחר בעמ,,גבינה קממבר איסיני 2,גרמים,250.00,100 גרם,false,,28.90,0.1156,true,1,1550249
3278480396310,false,"קוניאק גודה VS 700 מ""ל","יורוסטדנרט בע""\מ",,קוניאק גודה,מיליליטרים,700.00,"100 מ""ל",false,,149.90,0.2141,true,1,2221627
3278486902355,false,"ברנדי ריגל פריד 700 מ""ל",,,ברנדי ראגל פרייד XO,מיליליטרים,700.00,"100 מ""ל",false,,89.90,0.1284,true,1,1398387
3322937895366,false,"נוזל בלם 250 DOT3 מ""",,,"נוזל בלם 250 DOT3 מ""",יחידה,0.00,יחידה,false,,14.90,0.0000,true,1,2401745
3328640121976,false,"ויסקי היילנד קווין בלנדד 700 מ""ל",פונט סלאם וולנסיה,,ויסקי היילנד בלנדר,מיליליטרים,700.00,"100 מ""ל",false,,74.90,0.1070,true,1,2312486
3387390525960,false,קראנץ' דגני בוקר עם שוקולד חלב נסטלה 500 גרם,קבוצת אוסם סחר שותפות מוגבלת,FR,קראנץ' דגני בוקר פריכים ע,גרמים,500.00,100 גרם,false,,21.90,0.0438,true,1,1305690
3417320023881,false,בירה חזקה 8.8% סברנה פרמיום 500 מל פחי,קלסברוג ברוארי,,בירה חזקה 8.8% סברנה,מיליליטרים,500.00,"100 מ""ל",false,,6.90,0.0138,true,1,1672419
3428681000961,false,קוניאק דופוי במארז א,באך גבריאלסון,,קוניאק,מיליליטרים,700.00,"100 מ""ל",false,,129.90,0.1856,true,1,2335937
3500610150500,false,שאטו הוט פורה - יין אדום יבש בורדו ( כשר ),,,יין אדום בורדו שאטו,מיליליטרים,750.00,"100 מ""ל",false,,75.00,0.1000,true,1,2427834
3523230026826,false,"גבינת עיזים למריחה פירמידה, 140 גרם",א. סיימן סחר בעמ,,גבינה עזים פירמידה 1,גרמים,140.00,100 גרם,false,,19.90,0.1421,true,1,1550250
3523230026888,false,"גבינת עיזים שום ועשבי תיבול למריחה פירמידה, 140 גרם",א. סיימן סחר בעמ,,גבינה עזים פירמידה 1,גרמים,140.00,100 גרם,false,,19.90,0.1421,true,1,1551072
3574660058857,false,גונסונס בייבי שמן 500 מל חדש,גונסון אנד גונסון,,"שמן גונסון 500 מ""ל",מיליליטרים,500.00,"100 מ""ל",false,,29.90,0.0598,true,1,2210547
3574660089547,false,טמפונים נורמל קלאסי אובה 32 יחידות,ג'\ונסון אנד ג'\ונסון,GR,אובה קלאסי נורמל 32,יח',32.00,יח',false,,29.90,0.9344,true,1,1338743
3574660115154,false,או-בה טמפונים קלאסי סופר 32יח',ג'\ונסון אנד ג'\ונסון,GR,אובה קלאסי סופר 32,יח',32.00,יח',false,,29.90,0.9344,true,1,1338746
3574660239829,false,קרם ידיים קל סדרה נורבגית נוטרוגינה 50 מ,ניוטרוג'ינה Neutrogena,FR,נוטרגינה ס.נורבגית קרם יד,מיליליטרים,75.00,"100 מ""ל",false,,19.90,0.2653,true,1,1338753
3574660245844,false,תרחיץ פנים לניקוי עמוק Deep Clean,ניוטרוג'ינה Neutrogena,FR,נוטרוגינה דיפ קלין תרחיץ,מיליליטרים,200.00,"100 מ""ל",false,,36.90,0.1845,true,1,1308351
3574660269635,false,ניוטרוגינה דיפ קלין תרחיץ גרגירים 150מל,שסטוביץ,,ניוטרוגינה ד.קלין אי,מיליליטרים,150.00,"100 מ""ל",false,,36.90,0.2460,true,1,2328291
3574660333466,false,טמפונים מיני פרו קומפורט אובה 32 יחידות,הנסיך- מפעל לייצור ט,DE,אובה פרוקומפורט מיני 32 י,יח',32.00,יח',false,,29.90,0.9344,true,1,1338768
3574660464368,false,קרפרי מגה פק מגן תחתון אוורירי מבושם 76,גונסון אנד גונסון,,תחתוניות קרפרי אוורי,יח',76.00,יח',false,,22.90,0.3013,true,1,1952265
3574660464429,false,מגני תחתון קרפרי נורמל אוורירי עם מעטפת כותנה,ג'\ונסון אנד ג'\ונסון,,תחתוניות קרפרי אוורי,יח',76.00,יח',false,,22.90,0.3013,true,1,1952267
3574660514643,false,נטרוגינה קרם לחות מרגיע לגוף ולפנים 300,ניוטרוג'ינה Neutrogena,FR,נוטרוגינה קרם לחות עשיר 3,מיליליטרים,300.00,"100 מ""ל",false,,19.90,0.0663,true,1,1338780
3574660569759,false,"נוטרוגינה ויזבלי קליר סטרס/קונ אשכולית ורודה משאבה 200 מ""ל",CILAG GMBH INTERNATI,GR,נוטרוגינה ויזיבלי קליר אש,מיליליטרים,200.00,"100 מ""ל",false,,36.90,0.1845,true,1,1308363
3574660571769,false,ניוטרוגינה שפתון לחות SPF20,ש.שסטוביץ בעמ,,שפתון לחות SPF20 נוט,גרמים,4.80,100 גרם,false,,17.90,3.7292,true,1,2386003
3574661003924,false,שטיפת פה טוטאל קר בטעם מנטה צלול,ג'\ונסון אנד ג'\ונסון,IT,LISTERINE TOTAL CARE 500M,מיליליטרים,500.00,"100 מ""ל",false,,22.90,0.0458,true,1,1306486
3574661098531,false,ניוטרוגינה תחליב גוף מועשר לעור יבש/רגיש,ניוטרוג'ינה Neutrogena,,תחליב גוף לעור יבש ו,מיליליטרים,400.00,"100 מ""ל",false,,19.90,0.0497,true,1,2051947
3574661098937,false,נטרוגינה תחליב גוף-יבש סדרה נורווגית,ניוטרוג'ינה Neutrogena,,תחליב גוף לעור יבש ע,מיליליטרים,400.00,"100 מ""ל",false,,19.90,0.0497,true,1,2051948
3574661114620,false,"ליסטרין שטיפת פה זירו ללא אלכוהול 250 מ""",ג'\ונסון אנד ג'\ונסון,,מי פה ליסטרין זירו 2,מיליליטרים,250.00,"100 מ""ל",false,,12.90,0.0516,true,1,2157413
3574661114637,false,ליסטרין שטיפת פה קול מינט טעם מעודן 500,ג'\ונסון אנד ג'\ונסון,,"מי פה ליסטרין 500 מ""",מיליליטרים,500.00,"100 מ""ל",false,,19.90,0.0398,true,1,1306487
3574661141022,false,וניה תחבושות הגייניות מקסי לילה 12 יח,ש.שסטוביץ בעמ,BE,וניה תחבושות הגייניות מקס,יח',12.00,יח',false,,24.90,2.0750,true,1,1379580
3574661199894,false,"נוטרוגינה קרם ידיים ויזבלי ריניו 75 מ""ל",ניוטרוג'ינה Neutrogena,,קרם ידיים ויזבלי רינ,מיליליטרים,75.00,"100 מ""ל",false,,19.90,0.2653,true,1,1412855
3574661287201,false,"ניוטרוג'ינה - הידרו בוסט ק.לחות אקווה ג'ל 50מ""ל",שסטוביץ,,ניוטרוג'ינה הידרובוס,מיליליטרים,50.00,"100 מ""ל",false,,50.90,1.0180,true,1,2328292
3574661287232,false,נטרוגינה היידרובוסט גל קרם 50 מל,שסטוביץ,,ניוטרוגינה היידרובוס,מיליליטרים,50.00,"100 מ""ל",false,,50.90,1.0180,true,1,2328293
3574661332505,false,נטרוגינה קליר&דיפנד תרחיץ גרגירים 150 מל,ניוטרג'ינה,,ניוטרוגינה קליר דיפנ,מיליליטרים,150.00,"100 מ""ל",false,,36.90,0.2460,true,1,2094937
3574661333564,false,נטרוגינה קליר& דיפנד תרחיץ יומי 200 מל,שסטוביץ,,ניוטרוגינה קליר דיפנ,מיליליטרים,200.00,"100 מ""ל",false,,36.90,0.1845,true,1,2094938
3574661352275,false,"מי פה ליסטרין קידס 250 מ""ל פירות יער",ג'\ונסון אנד ג'\ונסון,,מי פה ליסטרין קידס 2,מיליליטרים,250.00,"100 מ""ל",false,,10.90,0.0436,true,1,2310905
3574661362830,false,"תחליב לחות מעודן למראה עור זוהר LPM 400 מ""ל",שקד תבל בע`מ,,"תחליב גוף 400 מ""ל לה",מיליליטרים,400.00,"100 מ""ל",false,,24.90,0.0622,true,1,2047275
3574661363998,false,"מי פה ליסטרין תה ירוק 500 מ""ל",ג'\ונסון אנד ג'\ונסון,,שטיפת פה ליסטרין תה,מיליליטרים,500.00,"100 מ""ל",false,,22.90,0.0458,true,1,1755796
3574661391373,false,הידרו בוסט תחליב קרם ג'ל גוף לעור רגיל עד יבש,ניוטרוג'ינה Neutrogena,,תחליב גוף הידרו בוסט,מיליליטרים,400.00,"100 מ""ל",false,,19.90,0.0497,true,1,2236325
3574661391434,false,ניוטרוגינה תרסיס גוף הידרו בוסט 200 מל,שסטוביץ,,קרם גוף תרסיס ניוטרו,מיליליטרים,200.00,"100 מ""ל",false,,34.90,0.1745,true,1,2329008
3574661392486,false,"קרם ידיים ניוטרוגינה הידרו בוסט 75 מ""ל",ניוטרוג'ינה Neutrogena,,קרם ידיים NEUTROGENA,מיליליטרים,75.00,"100 מ""ל",false,,19.90,0.2653,true,1,2256382
3574661392493,false,ניוטרוגינה קרם גוף הידרו בוסט 200 מייל,ש. שסטוביץ בע`מ,,קרם גוף עשיר ניוטרוג,מיליליטרים,200.00,"100 מ""ל",false,,19.90,0.0995,true,1,2256383
3574661401140,false,"שטיפת פה ליסטרין נייטלי ריסיט 400 מ""ל",שקד תבל בעמ,,ליסטרין נייטלי רייסט,מיליליטרים,400.00,"100 מ""ל",false,,19.90,0.0497,true,1,2233364
3574661419435,false,וניה תחבושות הגייניות מקסי לילה 12 יח,ש.שסטוביץ בעמ,,תחבושות הגייניות מקס,יח',12.00,יח',false,,24.90,2.0750,true,1,2401450
3574661425139,false,"גונסונס בייבי קרם החתלה 100 מ""ל חדש",ש. שסטוביץ בע`מ,,קרם להחתלה גונסונ'ס,גרמים,100.00,100 גרם,false,,19.90,0.1990,true,1,2210548
3574661425696,false,גונסונס בייבי תחליב לתינוק 500 מל,ג'ונסונס Johnson's,,תחליב גונסון בייבי 5,מיליליטרים,500.00,"100 מ""ל",false,,29.90,0.0598,true,1,2210549
3574661428048,false,"ג’ונסון מנקה ומגן – סבון ידיים וגוף לילד 500 מ""ל",ג'ונסונס Johnson's,,גונסונס בייבי סבון י,מיליליטרים,500.00,"100 מ""ל",false,,14.90,0.0298,true,1,2402790
3574661428055,false,גונסונס בייבי תחליב לחות מגע כותנה 500 מ,שסטוביץ,,תחליב גונסון בייבי מ,מיליליטרים,500.00,"100 מ""ל",false,,29.90,0.0598,true,1,2405827
3574661485218,false,טמפונים נורמל אובה 32 יח' פרוקומפורט,"ש. שסטוביץ בע""\מ",,טמפון או-בה נורמל 32,יח',32.00,יח',false,,29.90,0.9344,true,1,2401899
3574661487328,false,קרפרי מגני תחתון אורגינל פלוס 56 יח',הדקלאים אגודת שיתופי,,תחתוניות קרפרי 56 יח,יח',56.00,יח',false,,19.90,0.3554,true,1,2266840
3574661487335,false,מגן תחתון קרפרי מקסי לונג ריחני 40 יחידות,ש. שסטוביץ בע`מ,,תחתוניות קרפרי מקסי,יח',40.00,יח',false,,19.90,0.4975,true,1,2266845
3574661487618,false,קרפרי מגן תחתון מקסי לארג'' מבושם 48 יח'',ג'ויה מעבדות לקוסמטי,,תחתוניות קרפרי מבושם,יח',48.00,יח',false,,19.90,0.4146,true,1,2266846
3574661487625,false,מגני תחתון פלוס לארג' בניחוח עדין L,הדקלאים אגודת שיתופי,,תחתוניות קרפרי מקסי,יח',48.00,יח',false,,19.90,0.4146,true,1,2266861
3574661487632,false,מגני תחתון פלוס לארג' בניחוח עדין L,ג'\ונסון אנד ג'\ונסון,,תחתוניות קרפרי לארג',יח',64.00,יח',false,,22.90,0.3578,true,1,2283187
3574661491806,false,מי פה אדבנס וויט מנטה מסירה כתמים קשים,ג'\ונסון אנד ג'\ונסון,,מי פה ליסטרין עם שטי,מיליליטרים,500.00,"100 מ""ל",false,,22.90,0.0458,true,1,2334283
3574661498430,false,"ניוטרוג'ינה - תרחיץ גרגירים אשכולית ורודה 150מ""ל",שסטוביץ,,ניוטרוגינה Refreshin,מיליליטרים,150.00,"100 מ""ל",false,,36.90,0.2460,true,1,2328301
3574661500355,false,קרפרי מגן תחתון מקסי לונג רגיל 40 יח',ג'ויה מעבדות לקוסמטי,,תחתוניות קרפרי מקסי,יח',40.00,יח',false,,19.90,0.4975,true,1,2266847
3574661501901,false,שטיפה אינטימית יומיומית מכיל תה ירוק ואלוורה,קולגייט פלמוליב,,שטיפה אינטימית אלוור,מיליליטרים,200.00,"100 מ""ל",false,,16.90,0.0845,true,1,2280834
3574661504162,false,מוס לשטיפה אינטימית יומיומית מכיל תה ירוק ואלוורה,קולגייט פלמוליב,,מוס לשטיפה אינטימית,מיליליטרים,150.00,"100 מ""ל",false,,16.90,0.1127,true,1,2280835
3574661506272,false,קרפרי מגבונים אינטימיים אלוורה 20 יח,ג'\ונסון אנד ג'\ונסון,,מגבונים אינטימיים 20,יח',20.00,יח',false,,19.90,0.9950,true,1,2280836
3574661530697,false,גונסונס בייבי תרחיץ ושמפו לתינוק 500 מל,ג'ונסונס Johnson's,,תרחיץ ושמפו ג'ונסון,מיליליטרים,500.00,"100 מ""ל",false,,16.90,0.0338,true,1,2221637
3574661533568,false,נטרוגינה היידרובוסט רסקיו באלם 50 מל,שסטוביץ,,ניוטרוג'ינה הידרובוס,מיליליטרים,50.00,"100 מ""ל",false,,50.90,1.0180,true,1,2328305
3574661552576,false,קרפרי מגן תחתון רגיל טנגה לבן 56 יח חדש,הדקלאים אגודת שיתופי,,תחתוניות קרפרי טנגה,יח',56.00,יח',false,,19.90,0.3554,true,1,2301107
3574661552804,false,מגן תחתון קרפרי אלוורה 56 יחידות,הדקלאים אגודת שיתופי,,תחתוניות קרפרי אלוור,יח',56.00,יח',false,,19.90,0.3554,true,1,2301108
3574661552811,false,מגן תחתון קרפרי כותון אוורירי 56 יחידות,הדקלאים אגודת שיתופי,,תחתוניות קרפרי אוורי,יח',56.00,יח',false,,19.90,0.3554,true,1,2301109
3574661554877,false,מגן תחתון קרפרי כותון מבושם 56 יחידות,הנסיך- מפעל לייצור ט,,תחתוניות קרפרי מבושם,יח',56.00,יח',false,,19.90,0.3554,true,1,2301110
3574661554884,false,קרפרי מגן תחתון רגיל טנגה מבושם 56 יח,הדקלאים אגודת שיתופי,,תחתוניות קרפרי מבושם,יח',56.00,יח',false,,19.90,0.3554,true,1,2301115
3574661560489,false,נטרוגינה דיפ קלין מגבונים להסרת איפור 25,שסטוביץ,,ניוטרוגינה דיפ קלין,יחידה,25.00,יחידה,false,,15.90,0.6360,true,1,2328307
3574661610344,false,נטרוגינה קרם לחות עשיר ומרוכז לעור יבש ע,גונסון אנד גונסון סנטה ב,,קרם גוף אינטנסיבי ני,מיליליטרים,300.00,"100 מ""ל",false,,19.90,0.0663,true,1,2384412
3574669907682,false,גונסונס בייבי טלק 500 גרם חדש,גונסון אנד גונסון,,טלק גונסון 500 גר,גרמים,500.00,100 גרם,false,,29.90,0.0598,true,1,2210551
3574669907729,false,גונסונס בייבי שמפו לתינוק 750 מל,גונסון אנד גונסון,,גונסונס בייבי שמפו ג,מיליליטרים,750.00,"100 מ""ל",false,,16.90,0.0225,true,1,2401451
3574669907767,false,גונסונס בייבי שמפו קמומיל 750 מל חדש,ג'ונסונס בייבי,,גונסונס בייבי שמפו ק,מיליליטרים,750.00,"100 מ""ל",false,,16.90,0.0225,true,1,2217305
3574669907972,false,"גונסון בייבי שמפו טיפות של ברק 750 מ""ל",ג'ונסונס Johnson's,,גונסונס שמפו טיפות ש,מיליליטרים,750.00,"100 מ""ל",false,,16.90,0.0225,true,1,2217307
3574669908245,false,"ג'ונסונס מרכך טיפות של ברק 500 מ""ל חדש",ג'ונסונס Johnson's,,מרכך ג'ונסונס טיפות,מיליליטרים,500.00,"100 מ""ל",false,,16.90,0.0338,true,1,2210553
3574669908443,false,ג'ונסון בייבי אל סבון וקצף אמבט 750 חדש,ש.שסטוביץ בעמ,,אל-סבון/קצף אמבט ג'ו,מיליליטרים,750.00,"100 מ""ל",false,,16.90,0.0225,true,1,2221638
3574669908481,false,גונסונס בייבי אל סבון אמבט 750 מל חדש,ג'ונסונס Johnson's,,אל-סבון ג'ונסון בייב,מיליליטרים,750.00,"100 מ""ל",false,,16.90,0.0225,true,1,2221639
3574669908665,false,גונסונס בייבי אל סבון לפני השינה 750 מל,גונסון אנד גונסון,,אל-סבון ג'ונסון בייב,מיליליטרים,750.00,"100 מ""ל",false,,16.90,0.0225,true,1,2221632
3574669908948,false,"גונסונס בייבי אל סבון לרחצה עדינה 750 מ""ל",גונסון אנד גונסון,,אל-סבון ג'ונסון בייב,מיליליטרים,750.00,"100 מ""ל",false,,16.90,0.0225,true,1,2221641
3574669909181,false,גונסונס בייבי שמן אלוורה לתינוק 300 מל,ג'ונסונס Johnson's,,שמן תינוקות גונסונס,מיליליטרים,300.00,"100 מ""ל",false,,22.90,0.0763,true,1,2293300
3574669909204,false,גונסונס בייבי שמן לתינוק 300 מל,ג'ונסונס Johnson's,,שמן תינוקות גונסונס,מיליליטרים,300.00,"100 מ""ל",false,,22.90,0.0763,true,1,2293301
3574669909822,false,"גונסון טיפות של ברק תרסיס מרכך שיער לילדים, 200 מ""ל",ג'ונסונס Johnson's,,ספריי מתיר קשרים ג'ו,מיליליטרים,200.00,"100 מ""ל",false,,16.90,0.0845,true,1,2217308
3600521720219,false,קרם פנים לילה עם פעולה משולשת לכל סוגי העור,לוריאל ישראל קוסמטיקס בעמ,DE,קרם לילה פעולה משולשת50מ,יחידה,0.00,יחידה,false,,44.90,0.0000,true,1,1300434
3600522029946,false,לוריאל נוטרישן קרם יום 50 מל,לוריאל פרודקשן דויטשלנד,,דרמו אייג' פרפקט נוט,יחידה,0.00,יחידה,false,,99.90,0.0000,true,1,2422478
3600522150497,false,קסטינג קרם גלוס מס100',לוריאל פריז,,צבע לשיער קסטינג קרם,יחידה,0.00,יחידה,false,,34.90,0.0000,true,1,1300503
3600522251750,false,לוריאל - דרמו רויטליפט לייזר עיניים,לוריאל,FR,רויטליפט לייזר ק.עינים15,יחידה,0.00,יחידה,false,,99.90,0.0000,true,1,1300520
3600522344032,false,"אלביב מסכה לשיער פגום טואל ריפר 300מ""ל",לוריאל ישראל קוסמטיקס בעמ,,מסיכת הזנה לשיער אלב,מיליליטרים,300.00,"100 מ""ל",false,,24.90,0.0830,true,1,1300530
3600522344070,false,אלביב מסכת קולור פרוטקט לוריאל (300 מל),לוריאל ישראל קוסמטיקס בעמ,,מסיכת הזנה לשיער אלב,מיליליטרים,300.00,"100 מ""ל",false,,24.90,0.0830,true,1,1300531
3600522550167,false,קרם אנטי-אייג'ינג לילה אייג' ספשיאליסט +45,לוריאל ישראל קוסמטיקס בעמ,,אייג' ספשיאליסט קרם,מיליליטרים,50.00,"100 מ""ל",false,,49.90,0.9980,true,1,1467928
3600522550204,false,קרם אנטי-אייג'ינג יום אייג' ספשיאליסט +55,לוריאל ישראל קוסמטיקס בעמ,,אייג' ספשיאליסט קרם,מיליליטרים,50.00,"100 מ""ל",false,,49.90,0.9980,true,1,1467929
3600522632436,false,קרם אנטי-אייג'ינג לילה אייג' ספשיאליסט +55,לוריאל ישראל קוסמטיקס בעמ,,אייג' ספשיאליסט קרם,מיליליטרים,50.00,"100 מ""ל",false,,49.90,0.9980,true,1,1467930
3600522825463,false,לוריאל - אקסלנס אינטנס 6.66 אדום אינטנסבי לו,ליברמו,,צבע שיער אקסלנס אינט,יחידה,0.00,יחידה,false,,34.90,0.0000,true,1,1402231
3600522838586,false,לוריאל רויטליפט לייזר X3 קרם-מסכה לילה,KARLSRUHE GERMANY,DE,ק.לילה לייזר רויטליפט50ג,יחידה,0.00,יחידה,false,,99.90,0.0000,true,1,1300591
3600523193141,false,תרסיס לכיסוי שורשי השיער Magic Retouch שחור,לוריאל ליברמו,,מג'יק ריטאצ' שחור 1,מיליליטרים,75.00,"100 מ""ל",false,,34.90,0.4653,true,1,1474898
3600523193165,false,תרסיס לכיסוי שורשי השיער Magic Retouch חום בהיר,לוריאל ליברמו,,מג'יק ריטאצ' חום בהי,מיליליטרים,75.00,"100 מ""ל",false,,34.90,0.4653,true,1,1474900
3600523201310,false,לוריאל - דרמו רויטליפט פילר עיניים,לוריאל,,רויטליפט פילר קרם עי,יחידה,0.00,יחידה,false,,99.90,0.0000,true,1,1455828
3600523206834,false,רויטליפט פילר קרם יום אנטי אייג'ינג להשבת נפח,"קרלסרו, גרמניה",,רויטליפט פילר קרם יו,יחידה,0.00,יחידה,false,,99.90,0.0000,true,1,1395869
3600523242641,false,לוריאל - דרמו אייג' פרפקט גולדן לילה,"קרלסרו, גרמניה",,גולדן אייג' קרם לילה,מיליליטרים,50.00,"100 מ""ל",false,,99.90,1.9980,true,1,1824955
3600523337712,false,לוריאל - מג'יק ריטאצ' 6 חום מהגוני,לוריאל,,מג'יק ריטאצ' חום מהג,מיליליטרים,75.00,"100 מ""ל",false,,34.90,0.4653,true,1,2187364
3600523363193,false,לוריאל הידרה גינייס גל לחות לעור יבש,"לוריאל פרודקשן דויטשלנד,",,אייג' ספשיאליסט קרם,יחידה,0.00,יחידה,false,,49.90,0.0000,true,1,2304726
3600523428663,false,לוריאל - דרמו רויטליפט לייזר יום,"קרלסרו, גרמניה",,קרם יום LOREAL REVIT,יחידה,0.00,יחידה,false,,99.90,0.0000,true,1,1485803
3600523430925,false,"גל חימר לוראל עם גרגרים לפנים 150 מ""ל",סופרוקוס,,תרחיץ פנים חמר,מיליליטרים,150.00,"100 מ""ל",false,,24.90,0.1660,true,1,1867571
3600523439836,false,לוריאל סדרת פרחים מי פנים לעור רגיש 400,"קרלסרו, גרמניה",,מי פנים לעור רגיש פר,מיליליטרים,400.00,"100 מ""ל",false,,29.90,0.0747,true,1,1854507
3600523450435,false,לוריאל סדרת פרחים גל רחצה לעור רגיש 150,קרלסרו,,ג'ל רחצה לעור רגיש פ,מיליליטרים,150.00,"100 מ""ל",false,,29.90,0.1993,true,1,1854510
3600523464548,false,לוריאל הידרה גינייס גל לחות לעור עדין,"לוריאל פרודקשן דויטשלנד,",,אייג' ספשיאליסט קרם,יחידה,0.00,יחידה,false,,49.90,0.0000,true,1,2304727
3600523476619,false,לוריאל - דרמו פרחים ג'ל ניקוי כחול (החלפת ברקוד),סופרוריאל אולניי,,דרמו פרחים גל ניקוי,מיליליטרים,150.00,"100 מ""ל",false,,29.90,0.1993,true,1,2230980
3600523571161,false,לוריאל רויטליפט לייזר פדס,לוריאל,,פדים רויטליפט ליזר,גרמים,121.00,100 גרם,false,,69.90,0.5777,true,1,2288211
3600523605972,false,מסכת הזנה רב שימושית מכילה שמן קוקוס,לוריאל ישראל קוסמטיקס בעמ,,אלביב קרם לחות מעושר,מיליליטרים,300.00,"100 מ""ל",false,,24.90,0.0830,true,1,1867625
3600523651900,false,מרכך לחיזוק סיב השערה לכל סוגי השיער,לוריאל ישראל קוסמטיקס בעמ,,מרכך אלביב 6 שמנים,מיליליטרים,550.00,"100 מ""ל",false,,14.90,0.0271,true,1,1915254
3600523652228,false,"לוריאל - אלביב מרכך טוטאל ריפר 550 מ""ל",לוריאל ישראל קוסמטיקס בעמ,,מרכך אלביב טוטאל,מיליליטרים,550.00,"100 מ""ל",false,,14.90,0.0271,true,1,1915255
3600523652242,false,"לוריאל - אלביב שמפו קולור פרוטקט 550 מ""ל",לוריאל ישראל קוסמטיקס בעמ,,שמפו אלביב קולור,מיליליטרים,550.00,"100 מ""ל",false,,14.90,0.0271,true,1,1915257
3600523652259,false,"לוריאל - אלביב מרכך קולור פרוטקט 550 מ""ל",לוריאל ישראל קוסמטיקס בעמ,,מרכך אלביב קולור,מיליליטרים,550.00,"100 מ""ל",false,,14.90,0.0271,true,1,1915258
3600523652280,false,"לוריאל אלביב שמפו מועשר ב 6 שמנים, 550 מ""ל",לוריאל ישראל קוסמטיקס בעמ,,שמפו אלביב 6 שמנים,מיליליטרים,550.00,"100 מ""ל",false,,14.90,0.0271,true,1,1915261
3600523652297,false,"מרכך לשיער אלביב זהב 6 שמנים , 550 מ""ל",לוריאל ישראל קוסמטיקס בעמ,,מרכך אלביב 6 שמנים,מיליליטרים,550.00,"100 מ""ל",false,,14.90,0.0271,true,1,1915262
3600523716524,false,לוריאל - דרמו רויטליפט קלאסי קרם אדום עברית,"קרלסרו, גרמניה",,דרמו רויטליפט קלאסי,מיליליטרים,50.00,"100 מ""ל",false,,69.90,1.3980,true,1,2286199
3600523755806,false,"לוריאל - אלביב שמפו קוקוס 550 מ""ל",לוריאל ישראל קוסמטיקס בעמ,,שמפו אלביב קוקוס,מיליליטרים,550.00,"100 מ""ל",false,,14.90,0.0271,true,1,2280199
3600523756322,false,"לוריאל - אלביב מרכך קוקוס 550 מ""ל",לוריאל ישראל קוסמטיקס בעמ,,מרכך אלביב 6 שמנים,מיליליטרים,550.00,"100 מ""ל",false,,14.90,0.0271,true,1,2280200
3600523762187,false,מגיק ריטאצ בלונד בהיר שורש כהה,לוריאל,,מג'יק ריטאצ' בלנוד ב,מיליליטרים,75.00,"100 מ""ל",false,,34.90,0.4653,true,1,2304848
3600523782574,false,מסכה לשיער לוריאל אלביב דרים לונג 300 מל,לוריאל ישראל קוסמטיקס בעמ,,אלביב מסכה דרים לונג,מיליליטרים,300.00,"100 מ""ל",false,,24.90,0.0830,true,1,2230988
3600523782581,false,מרכך מתיר קשרים לשיער ארוך ופגום Dream Long,לוריאל ישראל קוסמטיקס בעמ,,מרכך אלביב דרים לונג,מיליליטרים,500.00,"100 מ""ל",false,,14.90,0.0298,true,1,2230989
3600523816699,false,לוריאל - דרמו פעולה משולשת פרש ג'ל עברית,"קרלסרו, גרמניה",,קרם לחות יום לעור רג,מיליליטרים,50.00,"100 מ""ל",false,,44.90,0.8980,true,1,2278592
3600523823611,false,לוריאל - היאלורון אקספרט יום SPF20,סופרוקוס,,אייג' ספשיאליסט קרם,מיליליטרים,50.00,"100 מ""ל",false,,49.90,0.9980,true,1,2330048
3600523936625,false,לוריאל - דרמו רויטליפט לייזר סרום עברית,לוריאל,,סרום רויטליפט לייזר,יחידה,0.00,יחידה,false,,99.90,0.0000,true,1,2309400
3600523936700,false,לוריאל - דרמו משולשת נוטרישן לעור יבש עברית,"קרלסרו, גרמניה",,קרם לחות ליום דרמו פ,מיליליטרים,50.00,"100 מ""ל",false,,44.90,0.8980,true,1,2348740
3600523936786,false,"לוריאל - אלביב שמן לשיער רגיל 100 מ""ל","אינטרביוטי קוסמטיקס, ישר",,שמן אלביב לכל סוגי ה,מיליליטרים,100.00,"100 מ""ל",false,,39.90,0.3990,true,1,2348741
3600523936946,false,"לוריאל - אלביב מסכת פול רזיסט 300 מ""ל",לוריאל ישראל קוסמטיקס בעמ,,מסכה ארגנין אלביב 30,מיליליטרים,300.00,"100 מ""ל",false,,24.90,0.0830,true,1,2348747
3600523944156,false,צבע לשיער אקסלנס קול קרם 5.11 קרם חום אפרפר קר,לוריאל פריז,,צבע לשיער אקסלנס קרם,יחידה,0.00,יחידה,false,,34.90,0.0000,true,1,2422489
3600523953554,false,לוריאל - דרמו פרחים מגבונים ורוד עברית,לוריאל,,מגבונים לעור רגיש לו,יח',25.00,יח',false,,12.90,0.5160,true,1,2348748
3600523953677,false,לוריאל - דרמו רויטליפט קלאסי יום SPF30 עברית,"קרלסרו, גרמניה",,קרם יום רויטליפט LOR,יחידה,0.00,יחידה,false,,69.90,0.0000,true,1,2348749
3600523971954,false,לוריאל - דרמו רויטליפט לייזר סרום רטינול,לוריאל,,סרום רטינול LOREAL R,יחידה,0.00,יחידה,false,,99.90,0.0000,true,1,2422472
3600524013370,false,לוריאל אייג פרפקט רנסנס קרם יום SPF30,לוריאל,,קרם יום אייג פרפקט ר,יחידה,0.00,יחידה,false,,99.90,0.0000,true,1,2422465
3600524051334,false,אלביב מרכך חומצה היאלורונית 400 מל,לוריאל ישראל קוסמטיקס בעמ,,מרכך אלביב היאלורוני,מיליליטרים,400.00,"100 מ""ל",false,,14.90,0.0373,true,1,2429091
3600524051570,false,לוריאל - אלביב מסכה היאלורונית 300 מ''ל,לוריאל ישראל קוסמטיקס בעמ,,מסכה אלביב היאלורוני,מיליליטרים,300.00,"100 מ""ל",false,,29.90,0.0997,true,1,2422453
3600524055400,false,לוריאל - אלביב שמפו היאלורונית 500 מ''ל,לוריאל ישראל קוסמטיקס בעמ,,שמפו אלביב היאלורוני,מיליליטרים,550.00,"100 מ""ל",false,,14.90,0.0271,true,1,2422525
3600524061340,false,אלביב קרם לשיער דרים,,,אלביב קרם לשיער דרים,מיליליטרים,200.00,"100 מ""ל",false,,24.90,0.1245,true,1,2422479
3600541022072,false,קרם גוף גרנייה מנגו400מל,קוסמופול,PL,קרם גוף גרנייה מנגו400מל,מיליליטרים,400.00,"100 מ""ל",false,,14.90,0.0373,true,1,1300674
3600541022096,false,גרניה 7 ימים קרם גוף חמאת שיאה 400 מל,קוסמופול,PL,קרם גוף גרנייה שיאה400מל,מיליליטרים,400.00,"100 מ""ל",false,,14.90,0.0373,true,1,1300675
3600541023291,false,גרניה 7 ימים קרם גוף אלוורה 400 מל,קוסמופול,,קרם גוף GARNIER אלוו,מיליליטרים,400.00,"100 מ""ל",false,,14.90,0.0373,true,1,2283930
3600541253667,false,"גרנייה - דאודורנט ספריי לאישה אינביזיבל BWC (ורוד) 150 מ""ל",לוריאל ישראל קוסמטיקס בעמ,,דאודורנט GARNIER אינ,מיליליטרים,150.00,"100 מ""ל",false,,11.90,0.0793,true,1,1300724
3600541402270,false,"גרנייה - דאודורנט ספריי לאישה אינביזיבל BWC (ירוק) 150 מ""ל",לוריאל ישראל קוסמטיקס בעמ,,דאודורנט GARNIER אינ,מיליליטרים,150.00,"100 מ""ל",false,,11.90,0.0793,true,1,1300774
3600541740006,false,"גרנייה - דאודורנט ספריי לאישה אקשן קונטרול 72 שעות 150 מ""ל",לוריאל ישראל קוסמטיקס בעמ,,דאודורנט ספריי אקשן,מיליליטרים,150.00,"100 מ""ל",false,,11.90,0.0793,true,1,1413300
3600541928169,false,"גרנייה פיור פחם ג'ל ניקוי 150 מ""ל",לוריאל ישראל קוסמטיקס בעמ,,גל גרגרים פיור פחם ג,מיליליטרים,200.00,"100 מ""ל",false,,29.90,0.1495,true,1,1453782
3600541928275,false,מי פנים מיסלריים דו-פאזיים מסיר איפור עמיד במים,לוריאל ישראל קוסמטיקס בעמ,,גרנייה מים מיסלריים,מיליליטרים,400.00,"100 מ""ל",false,,29.90,0.0747,true,1,1473646
3600541937475,false,גרניה פיור גרגרים מסיכה לעור מעורב עד שמן,לוריאל ישראל קוסמטיקס בעמ,,תחליב לפנים מסיכה ני,מיליליטרים,150.00,"100 מ""ל",false,,29.90,0.1993,true,1,1453783
3600541952720,false,ג'ל גרגירים עם פחם פעיל לטיפול בראשים שחורים,לוריאל ישראל קוסמטיקס בעמ,,גל גרגרים פיור פחם G,מיליליטרים,200.00,"100 מ""ל",false,,29.90,0.1495,true,1,1453784
3600541956223,false,"גרנייה פיור לניקוי וטיפול בסימנים ופגעי עם מברשת 150 מ""ל",לוריאל ישראל קוסמטיקס בעמ,,תרחיץ פנים לעור רגיל,יחידה,0.00,יחידה,false,,29.90,0.0000,true,1,1453785
3600542052788,false,גרנייה בוטניקל חלב פנים ורדים 200 מל,קוסמופול,,גרנייה בוטניקל חלב פ,מיליליטרים,200.00,"100 מ""ל",false,,19.90,0.0995,true,1,2422507
3600542097239,false,גרנייה - מסכת טישו פחם תה שחור,ביוטיקוס אינטרנשיונאל,,טישו פחם תה,גרמים,32.00,100 גרם,false,,11.90,0.3719,true,1,2230981
3600542097253,false,גרנייה - מסכת טישו פחם אצות שחורות,ביוטיקוס אינטרנשיונאל,,טישו פחם אצות,גרמים,32.00,100 גרם,false,,11.90,0.3719,true,1,2230982
3600542216623,false,"גרנייה - דאודורנט רול און לאישה אקשן קונטרול רול 96 שעות 50 מ""ל",סופרוקוס,,דאודורנט GARNIER רול,מיליליטרים,50.00,"100 מ""ל",false,,11.90,0.2380,true,1,2286187
3600542216647,false,"גרנייה - דאודורנט ספריי לאישה 96 שעות אקשן קונטר 150 מ""ל",לוריאל,,דאודורנט ספריי אקשן,מיליליטרים,150.00,"100 מ""ל",false,,11.90,0.0793,true,1,2286188
3600542309974,false,"גרנייה - דאודורנט רול און לאישה מגנזיום 50 מ""ל",סופרוקוס,,דאודורנט GARNIER רול,מיליליטרים,50.00,"100 מ""ל",false,,11.90,0.2380,true,1,2422442
3600542310444,false,"גרנייה - דאודורנט ספריי לאישה מגנזיום 150 מ""ל",סופרוקוס,,דאודורנט GARNIER ספר,מיליליטרים,150.00,"100 מ""ל",false,,11.90,0.0793,true,1,2422480
3600542328647,false,גרניה סקין נט קרם גל אלוורה 50 מל,לוריאל,,קרם לחות גל אלוורה,מיליליטרים,50.00,"100 מ""ל",false,,39.90,0.7980,true,1,2422482
3600542365710,false,פיור ג`ל ניקוי עור הפנים,לוריאל ישראל קוסמטיקס בעמ,,"ג""ל לניקוי פנים GARN",מיליליטרים,200.00,"100 מ""ל",false,,29.90,0.1495,true,1,2304817
3600542365758,false,גרניה בוטניקל מי פנים ענבים 200 מל,"קוסמופול, פולין",,מי פנים ענבים בוטניק,מיליליטרים,200.00,"100 מ""ל",false,,19.90,0.0995,true,1,2348760
3600542365796,false,בוטניקל ג`ל ניקוי ענבים 200 מל גרניה,לוריאל ישראל קוסמטיקס בעמ,,ג'ל ניקוי לפנים בוטנ,מיליליטרים,200.00,"100 מ""ל",false,,24.90,0.1245,true,1,2312295
3600542366151,false,גרנייה - קרם לחות בוטניקלס ורדים,לוריאל,,קרם לחות לפנים בוטני,מיליליטרים,50.00,"100 מ""ל",false,,29.90,0.5980,true,1,2348766
3600542367936,false,גרניה סקין נט מי פנים אלוורה 200 מל,לוריאל ישראל קוסמטיקס בעמ,,גרנייה אלו מי פנים א,מיליליטרים,200.00,"100 מ""ל",false,,19.90,0.0995,true,1,2422508
3600542375801,false,קרם גרנייה פיוראקטיב 3ב1 פחם 150 מל,לוריאל ישראל קוסמטיקס בעמ,,גרנייה פיוראקטיב 3 ב,מיליליטרים,150.00,"100 מ""ל",false,,29.90,0.1993,true,1,2348767
3600542385091,false,"גרנייה - דאודורנט רול און לאישה אקשן קונטרול 72 שעות 50 מ""ל",לוריאל ישראל קוסמטיקס בעמ,,אקשן קונטרול טרמיק 7,מיליליטרים,50.00,"100 מ""ל",false,,11.90,0.2380,true,1,2348768
3600542385220,false,"גרנייה - דאודורנט רול און לאישה פרוטקשן 6 פלורל (סגול) 50 מ""ל",לוריאל ישראל קוסמטיקס בעמ,,דאודורנט GARNIER רול,מיליליטרים,50.00,"100 מ""ל",false,,11.90,0.2380,true,1,2348770
3600542385251,false,"גרנייה - דאודורנט רול און לאישה פרוטקשן 6 כותנה (ורוד) 50 מ""ל",לוריאל ישראל קוסמטיקס בעמ,,דאודורנט GARNIER רול,מיליליטרים,50.00,"100 מ""ל",false,,11.90,0.2380,true,1,2348771
3600542385268,false,"גרנייה - דאודורנט רול און לאישה אינביזיבל BWC (ורוד) 50 מ""ל",לוריאל ישראל קוסמטיקס בעמ,,דאודורנט אינביזבל רו,מיליליטרים,50.00,"100 מ""ל",false,,11.90,0.2380,true,1,2348777
3600542385275,false,"גרנייה - דאודורנט רול און לאישה פיור אקטיב 50 מ""ל",לוריאל ישראל קוסמטיקס בעמ,,דאודורנט GARNIER רול,מיליליטרים,50.00,"100 מ""ל",false,,11.90,0.2380,true,1,2348778
3600542397926,false,"גרנייה - דאודורנט ספריי לאישה פרוטקשן 6 כותנה (ורוד) 150 מ""ל",לוריאל ישראל קוסמטיקס בעמ,,דאודורנט 5 GARNIER פ,מיליליטרים,150.00,"100 מ""ל",false,,11.90,0.0793,true,1,2348782
3600542398206,false,גרניה סקין נט תרחיץ אלוורה 200 מל,לוריאל ישראל קוסמטיקס בעמ,,גרנייה אלו ג'ל ניקוי,מיליליטרים,200.00,"100 מ""ל",false,,19.90,0.0995,true,1,2422520
3600542431842,false,גרנייה - קולור נטורלס 4 חום כהה טבעי חדש,לוריאל ישראל קוסמטיקס בעמ,,צבע לשיער קולור נטור,מיליליטרים,40.00,"100 מ""ל",false,,19.90,0.4975,true,1,2389996
3600542431859,false,גרנייה - קולור נטורלס 5 חום טבעי חדש,לוריאל ישראל קוסמטיקס בעמ,,צבע לשיער קולור נטור,מיליליטרים,40.00,"100 מ""ל",false,,19.90,0.4975,true,1,2389997
3600542431866,false,גרנייה קולור נטורלס צבע לשיער חום בהיר 6,לוריאל ישראל קוסמטיקס בעמ,,צבע לשיער קולור נטור,מיליליטרים,40.00,"100 מ""ל",false,,19.90,0.4975,true,1,2389998
3600542431873,false,גרנייה - קולור נטורלס 7 בלונד טבעי חדש,לוריאל ישראל קוסמטיקס בעמ,,צבע לשיער קולור נטור,מיליליטרים,40.00,"100 מ""ל",false,,19.90,0.4975,true,1,2389999
3600542431880,false,גרנייה - קולור נטורלס 8 בלונד בהיר חדש,לוריאל ישראל קוסמטיקס בעמ,,צבע לשיער קולור נטור,מיליליטרים,40.00,"100 מ""ל",false,,19.90,0.4975,true,1,2390000
3600542431897,false,גרנייה - קולור נטורלס 9 בלונד בהיר מאוד חדש,לוריאל ישראל קוסמטיקס בעמ,,צבע לשיער קולור נטור,מיליליטרים,40.00,"100 מ""ל",false,,19.90,0.4975,true,1,2390001
3600542431934,false,גרנייה - קולור נטורלס 6.25 חום אגוז חדש,לוריאל ישראל קוסמטיקס בעמ,,צבע לשיער קולור נטור,מיליליטרים,40.00,"100 מ""ל",false,,19.90,0.4975,true,1,2390014
3600542431996,false,גרנייה - קולור נטורלס 5.15 חום שוקולד עשיר חדש,לוריאל ישראל קוסמטיקס בעמ,,צבע לשיער קולור נטור,מיליליטרים,50.00,"100 מ""ל",false,,19.90,0.3980,true,1,2390020
3600542432078,false,גרנייה - קולור נטורלס 3.12 חום קפוא חדש,קוסמופול,,צבע שיער קולור נטורל,יחידה,0.00,יחידה,false,,19.90,0.0000,true,1,2390028
3600542456579,false,מים מיסלר ויטמין סי 400 מל גרנייה,לוריאל ישראל קוסמטיקס בעמ,,גרנייה מיסלר ויטמין,מיליליטרים,400.00,"100 מ""ל",false,,29.90,0.0747,true,1,2422494
3600542456593,false,גרנייה פיור אקטיב מי פנים 200 מל,General,,"ג""ל לניקוי פנים GARN",מיליליטרים,200.00,"100 מ""ל",false,,29.90,0.1495,true,1,2422483
3607343817547,false,"אדידס - דאודורנט ספריי לגבר קליימקול 150 מ""ל",דנשר (1963) בעמ,,דיאודורנט ספריי לגבר,מיליליטרים,150.00,"100 מ""ל",false,,12.90,0.0860,true,1,2320817
3607345265117,false,"אדידס - דאודורנט ספריי לגבר טים פורס 150 מ""ל",מיוצר עי קונדיטוריית,ES,פיוז'ן-ספריי גוף טים פורס,מיליליטרים,150.00,"100 מ""ל",false,,10.90,0.0727,true,1,1353120
3607349687458,false,דאו ספריי לגבר קול דריי פרש 150 מל אדיד,דנשר (1963) בעמ,,דיאודורנט ספריי לגבר,מיליליטרים,150.00,"100 מ""ל",false,,12.90,0.0860,true,1,2320818
3614223736003,false,"אדידס - דאודורנט ספריי לגבר אדיפיור 150 מ""ל",דנשר (1963) בעמ,,דיאודורנט ספריי לגבר,מיליליטרים,150.00,"100 מ""ל",false,,12.90,0.0860,true,1,2320819
3614223736485,false,"אדידס דאודורנט ספריי לגבר אדיפיור 200מ""ל",דנשר (1963) בעמ,,דאו ספריי לגבר,מיליליטרים,200.00,"100 מ""ל",false,,15.90,0.0795,true,1,1947892
3614224050986,false,"אדידס - דאודורנט ספריי לגבר אדיפאוור 72 שעות 150 מ""ל","דנשר (1963) בע,מ",,דיאודורנט ספריי לגבר,מיליליטרים,150.00,"100 מ""ל",false,,12.90,0.0860,true,1,2320820
3614224051235,false,אדידס דאודורנט ספריי גברים אדיפוואר 200מל,דנשר (1963) בעמ,,בודי ספריי אדידס 200,מיליליטרים,200.00,"100 מ""ל",false,,15.90,0.0795,true,1,2193106
3614228865821,false,סופט קולור 50 חום בהיר,"HFC פרסטיג,'\ שטיינברג,",,צבע סופט קולור 5/0 ח,גרמים,70.00,100 גרם,false,,34.90,0.4986,true,1,2368963
3660496471264,false,פרקולטור,,,פרקולטור,יחידה,0.00,יחידה,false,,26.90,0.0000,true,1,2307721
3660496471271,false,פרקולטור,,,פרקולטור,יחידה,0.00,יחידה,false,,29.90,0.0000,true,1,2307722
3661163970448,false,"אדידס דאודורנט ספריי מקס פרש לגברים 200 מ""ל",מיוצר עי קונדיטוריית,PT,דאו' ספריי לגבר A3קול דרי,מיליליטרים,200.00,"100 מ""ל",false,,15.90,0.0795,true,1,1353138
3661163990545,false,"אדידס דאודורנט ספריי לגברים אקשיין 200 מ""ל",מיוצר עי קונדיטוריית,,דאו ספריי גברים דריי,מיליליטרים,200.00,"100 מ""ל",false,,15.90,0.0795,true,1,1353140
3665468301723,false,אירוויק באז מבשם ומנטרל ריחות בניחוח לילות לבנים 237 מ'ל,רקיט בנקיזר (ניר איסט) בעמ,,מבשם אויר ספריי אירו,מיליליטרים,236.00,"100 מ""ל",false,,19.90,0.0843,true,1,2415259
3760125946719,false,יין רוזה אור דה לה קסטינל 750 מל,הכרם - משקאות חריפים בעמ,,רוזה אור פרובאנס,מיליליטרים,750.00,"100 מ""ל",false,,59.90,0.0799,true,1,2334217
3800020403631,false,קיט קט וופל פריך עם קרם בוטנים (19%) בציפוי שוקולד חלב (61.8%),קבוצת אוסם סחר-שות.מוגבלת,BG,קיט קאט צ'אנקי חמאת בוטני,גרמים,40.00,100 גרם,false,,3.90,0.0975,true,1,1345102
3800020423578,false,קיט קט שוקולד אצבעות צ'אנקי אדום 40ג',קבוצת אוסם סחר שותפות מוגבלת,BG,קיט קאט צ'אנקי,גרמים,40.00,100 גרם,false,,3.90,0.0975,true,1,1345104
3800020472569,false,חטיף קיט קאט צ`אנקי קרמל מלוח 42 גרם,קבוצת אוסם סחר שותפות מוגבלת,,חטיף קיט קט צ'אנקי ק,גרמים,43.50,100 גרם,false,,3.90,0.0897,true,1,2415842
3800020472712,false,חטיף קיט קאט צאנקי פופקורן 42 ג',קבוצת אוסם סחר שותפות מוגבלת,,חטיף קיט קט צאנקי פו,גרמים,42.00,100 גרם,false,,3.90,0.0929,true,1,2369994
3800864002373,false,סט 6 כוסות מיקונוס 2,,,סט 6 כוסות מיקונוס 2,יחידה,0.00,יחידה,false,,29.90,0.0000,true,1,2404689
3800864013508,false,כוס מאג לונדון רחב 3,,,כוס מאג לונדון רחב 3,יח',1.00,יח',false,,6.90,6.9000,true,1,2402743
3838824127149,false,צבע לשיער פלטה - 1-1 שחור כחול,שוורצקופף והנקל,DE,פאלטה סמי קיט 1-1 שחור כח,יחידה,1.00,יחידה,false,,22.90,22.9000,true,1,1322891
3838824127163,false,צבע לשיער פאלטה סמי קיט 1-10 בלונד כסוף,שוורצקופף והנקל,DE,פאלטה סמי קיט 10-1 בלונד,יחידה,1.00,יחידה,false,,22.90,22.9000,true,1,1322892
3838824127200,false,צבע לשיער פאלטה סמי קיט 3-0 חום כהה,שוורצקופף והנקל,DE,פאלטה סמי קיט 3-0 חום כהה,יחידה,1.00,יחידה,false,,22.90,22.9000,true,1,1322893
3838824127248,false,פלטה סמי קיט חום בהיר 5-0 צבע שיער,שוורצקופף והנקל,DE,פאלטה סמי קיט 5-0 חום בהי,יחידה,1.00,יחידה,false,,22.90,22.9000,true,1,1322895
3838824127262,false,פלטה סמי קיט בלונד כהה 6-0 צבע שיער,שוורצקופף והנקל,DE,פאלטה סמי קיט 6-0 בלונד כ,יחידה,1.00,יחידה,false,,22.90,22.9000,true,1,1322896
3838824127286,false,צבע לשיער פלטה - 7-0 בלונד בינוני,שוורצקופף והנקל,DE,פאלטה סמי קיט 7-0 בלונד ב,יחידה,1.00,יחידה,false,,22.90,22.9000,true,1,1322897
3838824127309,false,צבע לשיער פאלטה סמי קיט בלונד בהיר 8-0,שוורצקופף והנקל,DE,פאלטה סמי קיט 8-0 בלונד ב,יחידה,1.00,יחידה,false,,22.90,22.9000,true,1,1322898
3838824127361,false,צבע לשיער פאלטה סמי קיט ערמונים בינוני 5,שוורצקופף והנקל,DE,פאלטה סמי קיט 5-68 ערמוני,יחידה,1.00,יחידה,false,,22.90,22.9000,true,1,1322900
3838824127583,false,צבע לשיער פלטה - 6-88 אדום בוער,שוורצקופף והנקל,DE,פאלטה סמי קיט 6-88 אדום ב,יחידה,1.00,יחידה,false,,22.90,22.9000,true,1,1322904
3838824127644,false,צבע לשיער פלטה - 4-89 חציל זוהר,שוורצקופף והנקל,DE,פאלטה סמי קיט 4-89 חציל ז,יחידה,1.00,יחידה,false,,22.90,22.9000,true,1,1322907
3838824128849,false,פאלטה - דלוקס שמני הזנה ערמונים 5-68,שוורצקוף Schwarzkopf,DE,פאלטה דלוקס קיט 5-68 ערמו,יחידה,1.00,יחידה,false,,32.90,32.9000,true,1,1322912
3838824128887,false,פאלטה - דלוקס שמני הזנה שוקולטה 3-65,הנקל סוד,DE,פאלטה דלוקס קיט 3-65 שוקו,יחידה,1.00,יחידה,false,,32.90,32.9000,true,1,1322913
3838824128948,false,פאלטה - דלוקס שמני הזנה חום כהה 3-0,הנקל סוד בעמ,DE,פאלטה דלוקס קיט 3-0 חום כ,יחידה,1.00,יחידה,false,,32.90,32.9000,true,1,1322915
3838824129020,false,פאלטה - דלוקס שמני הזנה שחור 1-0,שוורצקוף Schwarzkopf,DE,פאלטה דלוקס קיט 1-0 שחור,יחידה,1.00,יחידה,false,,32.90,32.9000,true,1,1322917
3838824129068,false,פאלטה - דלוקס שמני הזנה חום קפה 4-68,הנקל סוד,DE,פאלטה דלוקס קיט 4-68 חום,יחידה,1.00,יחידה,false,,32.90,32.9000,true,1,1322918
3838824129105,false,פאלטה - דלוקס שמני הזנה בלונד שמש 9-0,שוורצקוף Schwarzkopf,DE,פאלטה דלוקס קיט 9-0 בלונד,יחידה,1.00,יחידה,false,,32.90,32.9000,true,1,1322919
3838824167145,false,פאלטה - דלוקס שמני הזנה קינמון 7-65,שוורצקוף Schwarzkopf,DE,פאלטה דלוקס קיט 7-65 קינמ,יחידה,1.00,יחידה,false,,32.90,32.9000,true,1,1322922
3838824193915,false,צבע לשיער פאלטה סמי קיט שחור 0-1,שוורצקופף והנקל,DE,פאלטה סמי קיט 1-0 שחור,יחידה,1.00,יחידה,false,,22.90,22.9000,true,1,1322925
3838824193939,false,פאלטה - דלוקס שמני הזנה סגול אצילי 4-99,שוורצקוף Schwarzkopf,DE,פאלטה דלוקס קיט 4-99 סגול,יחידה,1.00,יחידה,false,,32.90,32.9000,true,1,1322926
3838824214320,false,פאלטה - דלוקס שמני הזנה שחור כחול 1-1,שוורצקוף Schwarzkopf,DE,פאלטה דלוקס קיט 1-1 שחור,יחידה,1.00,יחידה,false,,32.90,32.9000,true,1,1322931
3838824276007,false,צבע לשיער פאלטה בלונד בהיר מאוד 0-9,שוורצקופף והנקל,DE,פאלטה סמי קיט 9-0 בלונד ב,יחידה,1.00,יחידה,false,,22.90,22.9000,true,1,1322944
3838824327099,false,פאלטה בלונד פודרה 10-46 סמי קיט,שוורצקופף והנקל,,צבע שיער סמי קיט פאל,יחידה,1.00,יחידה,false,,22.90,22.9000,true,1,1723370
3838824332178,false,פאלטה ברוז' חום אדום יין 6-80 סמי קיט,שוורצקופף והנקל,,צבע שיער סמי קיט פאל,יחידה,1.00,יחידה,false,,22.90,22.9000,true,1,1723375
3838824380827,false,צבעי שיער בלונד כהה אפרפר 6-1 סמי קיט פאלטה,שוורצקופף והנקל,,צבע שיער סמי קיט פאל,יחידה,1.00,יחידה,false,,22.90,22.9000,true,1,2362772
3838824380902,false,צבעי שיער בלונד סופר בהיר 10-0 סמי קיט פאלטה,שוורצקופף והנקל,,צבע שיער סמי קיט פאל,יחידה,1.00,יחידה,false,,22.90,22.9000,true,1,2362773
3838824380988,false,צבעי שיער בלונד כסוף אפרפר 12-21 סמי קיט פאלטה,שוורצקופף והנקל,,צבע שיער סמי קיט פאל,יחידה,1.00,יחידה,false,,22.90,22.9000,true,1,2362775
3838824381022,false,צבעי שיער חום שוקולד כהה 3-65 סמי קיט פאלטה,שוורצקופף והנקל,,צבע שיער סמי קיט פאל,יחידה,1.00,יחידה,false,,22.90,22.9000,true,1,2362776
3838945007870,false,מיץ תפוזים 100% עם ויטמין סי 1 ליטר,FRUCTAL,,מיץ נקטר 1 ליטר תפוז,ליטרים,1.00,ליטר,false,,11.90,11.9000,true,1,2365461
4000415004408,false,שוגטן שוקולד קקאו מריר אגוזים 100 גר,לודוויג שוקולד,,שוקולד שוגטן מריר אג,גרמים,100.00,100 גרם,false,,5.90,0.0590,true,1,2305926
4000415039707,false,שוקולד שוגטן עוגיות וניל טבעי 100ג,לודוויג שוקולד,,שוקולד שוגטן וניל 10,גרמים,100.00,100 גרם,false,,5.90,0.0590,true,1,1325470
4000415065904,false,שוקולד סאלוט חלב/אגוזים 100 גרם,יעד ממתקים בעמ,,שוקולד סאלוט אגוזים,גרמים,100.00,100 גרם,false,,3.90,0.0390,true,1,2404812
4000415066000,false,מוקסיון שוקולד חלב 100גר,יעד ממתקים בעמ,,שוקולד סאלוט חלב 100,גרמים,100.00,100 גרם,false,,3.90,0.0390,true,1,2404813
4000415730109,false,שוקולד שוגטן מריר עם אגוזים קצוצים 100גר,לודוויג שוקולד,,שוקולד שוגטן מריר אג,גרמים,100.00,100 גרם,false,,5.90,0.0590,true,1,2404403
4000415851705,false,שוקולד נוגט טבעי שוגטן 100 גרם,"לודוויג שוקולד בע""\מ",,שוקולד שוגטן נוגט 10,גרמים,100.00,100 גרם,false,,5.90,0.0590,true,1,1325488
4000417019004,false,שוקולד חלב אגוזי לוז שלמים ריטר ספורט 100 גרם,ריטר ספורט Ritter sport,DE,שוקולד RITTER SPORT אגוזי,גרמים,100.00,100 גרם,false,,9.90,0.0990,true,1,1827504
4000417022004,false,ריטר ספורט שוקולד חלב מעולה עם צימוקים ואגוזי לוז 100 גרם,ריטר ספורט Ritter sport,DE,שוקולד RITTER SPORT צימוק,גרמים,100.00,100 גרם,false,,7.90,0.0790,true,1,1326466
4000417023001,false,ריטר ספורט שוקולד חלב מעולה עם שקדים שלמים,ריטר ספורט Ritter sport,DE,שוקולד RITTER SPORT שקדים,גרמים,100.00,100 גרם,false,,9.90,0.0990,true,1,1326467
4000417025005,false,שוקולד מריר במילוי מרציפן ריטר ספורט 100 גרם,ריטר ספורט Ritter sport,DE,שוקולד RITTER SPORT מרצפן,גרמים,100.00,100 גרם,false,,7.90,0.0790,true,1,1326468
4000417026002,false,שוקולד ריטר ספורט פרלין 100 גרם חלב נוכרי,ריטר ספורט Ritter sport,DE,שוקולד RITTER SPORT נוגט,גרמים,100.00,100 גרם,false,,7.90,0.0790,true,1,1326469
4000417101211,false,גלילי וופל עם קרם אגוזי לוז בציפוי שוקולד חלב,ליימן שליסל בע`מ,,גלילי וופל עם קרם אג,גרמים,150.00,100 גרם,false,,17.90,0.1193,true,1,2385398
4000417101310,false,אמיצ`לי עם קרם קקאו בציפוי שוקולד גלילי,ליימן שליסל בע`מ,,גלילי וופל עם קרם קק,גרמים,150.00,100 גרם,false,,17.90,0.1193,true,1,2425574
4000417211002,false,שוקולד חלב מעולה ממולא קרם קרמל מוקצף ושברי שקדים מומלחים,ריטר ספורט Ritter sport,,שוקולד ספורט מוס קרמ,גרמים,100.00,100 גרם,false,,7.90,0.0790,true,1,1474979
4000417212009,false,ריטר ספורט שוקולד מריר מעולה עם שקדים קצוצים וקליפות תפוז מסוכרות,ריטר ספורט Ritter sport,,שוקולד חלב ריטר מריר,גרמים,100.00,100 גרם,false,,7.90,0.0790,true,1,2154251
4000417222008,false,שוקולד ריטר ספורט חלב+שברי אגוזים 100 גרם חלב נוכרי,ריטר ספורט Ritter sport,,שוקולד חלב אגוז ריטר,גרמים,100.00,100 גרם,false,,7.90,0.0790,true,1,1474980
4000417224002,false,"ריטר ספורט טבלת שוקולד מריר אגוזים, 100 גרם",ריטר ספורט Ritter sport,DE,שוקולד RITTER SPORT מריר,גרמים,100.00,100 גרם,false,,9.90,0.0990,true,1,1326471
4000417294005,false,שוקולד ריטר מוס קקאו 100 גרם חלב נוכרי,ריטר ספורט Ritter sport,DE,שוקולד RITTER SPORT מוס ק,גרמים,100.00,100 גרם,false,,7.90,0.0790,true,1,1326474
4000417298003,false,שוקולד ריטר ספורט קוקוס 100 גרם חלב נוכרי,ריטר ספורט Ritter sport,DE,שוקולד RITTER SPORT קוקוס,גרמים,100.00,100 גרם,false,,7.90,0.0790,true,1,1326475
4000417626417,false,שוקולד חלב חמוציות ממותקות ושברי אגוזי לוז,ליימן שליסל בע`מ,,שוקולד ספורט חמוציות,גרמים,100.00,100 גרם,false,,7.90,0.0790,true,1,2420727
4000417707000,false,שוקולד חלב מעולה עם שברי קשיו קלוי ומומלח,ריטר ספורט Ritter sport,,שוקולד חלב קשיו ריטר,גרמים,100.00,100 גרם,false,,9.90,0.0990,true,1,2349708
4000417708007,false,"שוקולד ריטר ספורט מריר שקד, 100 גרם",ריטר ספורט Ritter sport,,שוקולד מריר שקד ריטר,גרמים,100.00,100 גרם,false,,9.90,0.0990,true,1,2349709
4000522009747,false,"מקלות בייגלה תפו""א צ'יו 80 גרם",טרופיקל דגיל תעשיות,,סטיקלטי תפוח אדמה 80,גרמים,80.00,100 גרם,false,,3.90,0.0487,true,1,1686492
4000539280726,false,שוקולד לינדט אקסלנס מילד 70% 100 גר`,משה סידס ובנו בעמ,,שוקולד לינדט אקסלנס,גרמים,100.00,100 גרם,false,,14.90,0.1490,true,1,2409495
4000539280740,false,לינדט אקסלנס 78% מוצקי קקאו 100 גרם,לינדט ושפרונגלי קילשברג,,שוקולד לינדט 78% אקס,גרמים,100.00,100 גרם,false,,14.90,0.1490,true,1,2414037
4000539363108,false,שוקולד לינדור סטיקס 38 גרם,משה סידס ובנו בעמ,,שוקולד לינדור סטיק 3,גרמים,38.00,100 גרם,false,,5.90,0.1553,true,1,1885632
4000576022068,false,קוסמאה תחבושת אולטרא סופר +12,,,תחבושות אולטרא,יח',12.00,יח',false,,9.90,0.8250,true,1,2181592
4000576022082,false,קוסמאה תחבושות אולטרא נייט,,,תחבושת קוסמאה נייט 1,יחידה,0.00,יחידה,false,,9.90,0.0000,true,1,2155685
4000576022969,false,קוסמאה מגן תחתון קומפורט אלוורה 58 יח',,,תחתונית קומפורט אלוו,יח',58.00,יח',false,,14.90,0.2569,true,1,2083420
4000576030582,false,קוסמאה מגן תחתון קומפורט 58,,,מגן תחתון 58 יח',יח',62.00,יח',false,,12.90,0.2081,true,1,2300897
4000576030605,false,קוסמאה מגן תחתון קומפורט לארג' 48 יח',,,קוסמאה מגן תחתון,יח',48.00,יח',false,,12.90,0.2688,true,1,2277854
4000576113056,false,צמר גפן פרוס 80 גר',ג'ין קרול Jean Carol,,צמר גפן,גרמים,80.00,100 גרם,false,,5.90,0.0738,true,1,1304967
4000576399405,false,פדים רחבים להסרת איפור,ג'ין קרול Jean Carol,,פדים להסרת איפור רחב,יח',40.00,יח',false,,8.90,0.2225,true,1,1304970
4000576481889,false,צימרוני אוזניים לתינוק 72 יח',ג'ין קרול Jean Carol,,צימרונים לתינוק,יחידה,0.00,יחידה,false,,6.40,0.0000,true,1,1304973
4000576560164,false,תחבושות סופר,,,תחבושות סופר,יח',16.00,יח',false,,9.90,0.6188,true,1,2334313
4000576722654,false,פדים להסרת איפור זוג *70 יח',ג'ין קרול Jean Carol,,פדים להסרת איפור 140,יח',140.00,יח',false,,14.90,0.1064,true,1,1304988
4000607850004,false,שוקולד חלב טבעי שוגטן 100 גרם,"לודוויג שוקולד בע""\מ",,שוקולד שוגטן חלב 100,גרמים,100.00,100 גרם,false,,5.90,0.0590,true,1,1325493
4000607852008,false,שוקולד מריר טבעי שוגטן 100 גרם,"לודוויג שוקולד בע""\מ",,שוקולד שוגטן מריר 10,גרמים,100.00,100 גרם,false,,5.90,0.0590,true,1,1325495
4000607854606,false,שוקולד לילדים שוגטן 100 גרם,"לודוויג שוקולד בע""\מ",,שוקולד שוגטן ילדים 1,גרמים,100.00,100 גרם,false,,5.90,0.0590,true,1,1325496
4000607854705,false,שוקולד תות טבעי שוגטן 100 גרם,לודוויג שוקולד,,שוקולד שוגטן יוגורט,גרמים,100.00,100 גרם,false,,5.90,0.0590,true,1,1325497
4000799109591,false,מאונט האגן קפה קלוי וטחון אורגני 250 גרם,מאונט האגן,,קפה קלוי אורגני טחון,גרמים,250.00,100 גרם,false,,34.90,0.1396,true,1,1469558
4000799136887,false,מאונט האגן-קפה נמס אורגני מיובש בהקפאה-נטול קפאין 100 גרם,מאונט האגן,,קפה נמס אורגני מיובש,גרמים,100.00,100 גרם,false,,41.90,0.4190,true,1,1469280
4001507161948,false,קווקר פתיתי שיבולת שועל דקה 500 גר,פורטין מולנברקה ג'ב,,פתיתי שיבולת שועל דק,גרמים,500.00,100 גרם,false,,5.90,0.0118,true,1,1486609
4001507161955,false,קווקר פתיתי שיבולת שועל עבה 500 גר,פורטין מולנברקה ג'ב,,פתיתי שיבולת שועל עב,גרמים,500.00,100 גרם,false,,5.90,0.0118,true,1,1883582
4001751035705,false,רוטב חרדל עם דבש סקנדיה 215 גרם,Erich trapp,,רוטב חרדל עם דבש 215,גרמים,215.00,100 גרם,false,,9.90,0.0460,true,1,1486557
4001751038669,false,חזרת עם וואסבי 190 גרם,סקנדיה,,רוטב חזרת וואסבי 190,גרמים,190.00,100 גרם,false,,9.90,0.0521,true,1,1486519
4001751064262,false,רוטב חזרת שמנת 190 ג,סקנדיה,,רוטב חזרת שמנת 190 ג,גרמים,190.00,100 גרם,false,,9.90,0.0521,true,1,1486520
4002448017684,false,"סיליט באנג ספריי ניקוי כללי מסיר אבנית 750 מ""ל",רקיט בנקיזר (ניר איסט) בעמ,PL,סיליט מסיר אבנית שרוול 75,מיליליטרים,750.00,"100 מ""ל",false,,14.90,0.0199,true,1,1309327
4002448019480,false,"סיליט באנג מסיר שומנים רב שימושי 750 מ""ל",רקיט בנקיזר (ניר איסט) בעמ,PL,סיליט ספרי שומנים 750 שרו,מיליליטרים,750.00,"100 מ""ל",false,,14.90,0.0199,true,1,1309328
4002575016253,false,מרציפן מצופה שוקולד זנטיס (100 גרם),הדקלאים אגודת שיתופי,DE,מרציפן 100 גרם,גרמים,100.00,100 גרם,false,,8.90,0.0890,true,1,1326477
4002590000022,false,סוכריות קלפני פירות יער אוכמניות 150 ג',ליימן שליסל בע`מ,DE,קלפני פירות אוכמניות 150,גרמים,150.00,100 גרם,false,,8.90,0.0593,true,1,1326481
4002590000039,false,סוכריות בטעם פירות הדר קלפני 150 גרם,ליימן שליסל בע`מ,,סוכריות בטעם פרי הדר,גרמים,150.00,100 גרם,false,,8.90,0.0593,true,1,1326482
4002590000046,false,סוכריות בטעם מנטה מרענן קלפני 150 גרם,ליימן שליסל בע`מ,DE,קלפני מרענן 150 גרם,גרמים,150.00,100 גרם,false,,8.90,0.0593,true,1,1326483
4002590000633,false,סוכריות קלפני פירות בפחית 150 גרם,ליימן שליסל בע`מ,DE,סוכריות קלפני פירות 150 ג,גרמים,150.00,100 גרם,false,,8.90,0.0593,true,1,1326485
4002590703541,false,סוכריות קלפני תות בפחית 150גר,ליימן שליסל בע`מ,,סוכריות קלפני בטעם ת,גרמים,150.00,100 גרם,false,,8.90,0.0593,true,1,2382919
4002603087767,false,אייסקונפקט סילנדר 800ג',,,שוקולד אייסקונפקט 80,גרמים,800.00,100 גרם,false,,39.90,0.0499,true,1,1337180
4002631025069,false,"בירה קוניגסבכר 4.6% 500 מ""ל פחית",קרלסברג יבוא יצוא,,בירה קוניגסבכר פחית,מיליליטרים,500.00,"100 מ""ל",false,,5.90,0.0118,true,1,1672420
4002720004371,false,קפה אספרסו קלוי וטחון 250 גרם BELLA CREMA,דנשר (1963) בעמ,DE,מליטה CREMA BELLAקפה אספר,גרמים,250.00,100 גרם,false,,22.90,0.0916,true,1,1353148
4002720005736,false,מליטה קפה לפילטר פרימיום 250 גרם,המאפיה של הרמן,DE,מליטה קפה PREMIUMלפילטר 2,גרמים,250.00,100 גרם,false,,14.90,0.0596,true,1,1353149
4004666042004,false,"מלרוד מרסס משמיד עובש יעקבי 500 מ""ל","יעקב יעקבי ובניו בע""מ",DE,מלרוד מרסס 0.5 ליטר,מיליליטרים,500.00,"100 מ""ל",false,,34.90,0.0698,true,1,1325606
4004666107819,false,"מלרוד - מרסס לניקוי וטיהור המזגן 500 מ""ל","יעקב יעקבי ובניו בע""מ",,מרסס לניקוי וטיהור ה,מיליליטרים,500.00,"100 מ""ל",false,,22.90,0.0458,true,1,2322754
4004666111656,false,"ג'ל פעיל להשמדת עובש 250 מ""ל מרלוד",יעקב יעקבי ובניו בעמ,,מלרוד ג'ל פעיל להשמד,מיליליטרים,250.00,"100 מ""ל",false,,29.90,0.1196,true,1,2387094
4004715020755,false,קישוטים לעוגה 3 צילינדרים בקופסא,היינץ צפון אמריקה מק,,קישוטי עוגה פרינס אנ,יחידה,0.00,יחידה,false,,10.90,0.0000,true,1,1326493
4005808128273,false,ג'ל רחצה לגבר אנרג'י עם תמציות מנטה בניחוח ממריץ,טרופיקל דגיל תעשיות,DE,ENERGY SHOWER GEL BODY&HA,מיליליטרים,500.00,"100 מ""ל",false,,13.90,0.0278,true,1,1333586
4005808128631,false,ניוואה ג`ל רחצה לגבר עם תמציות ליים 50,אלפא ב.ד.ף בעמ,DE,N SPORT SHOWER GEL BODY&H,מיליליטרים,500.00,"100 מ""ל",false,,13.90,0.0278,true,1,1333587
4005808170005,false,ניוואה קצף גילוח 200 מל,ניוואה Nivea,DE,קצף גילוח ניוואה,מיליליטרים,200.00,"100 מ""ל",false,,19.90,0.0995,true,1,1333588
4005808222698,false,ניוואה לגבר- קצף גילוח לבעלי עור רגיש,ביירסדורץ,DE,ניוואה לגבר- קצף גילוח לב,מיליליטרים,200.00,"100 מ""ל",false,,19.90,0.0995,true,1,1333593
4005808229390,false,"ניוואה - ג'ל רחצה קול לגבר 500 מ""ל",אלפא ב.ד.ף בעמ,DE,NBC FOR MEN - KOOL KICK 5,מיליליטרים,500.00,"100 מ""ל",false,,13.90,0.0278,true,1,1333594
4005808274932,false,אטריקס אינטנסיב קרם ידיים,אלפא ב.ד.ף בעמ,DE,ATRIX INTENSIVE PRO,גרמים,100.00,100 גרם,false,,9.90,0.0990,true,1,1333602
4005808293469,false,"ניוואה - דאודורנט ספריי לגבר יבש 150 מ""ל",אלפא- ב.ד.ף בעמ,,ניוואה דאו ספרי גבר,מיליליטרים,150.00,"100 מ""ל",false,,19.90,0.1327,true,1,2377041
4005808361915,false,ניוואה בייבי קרם סופט לתינוק 200 מל,אלפא,,קרם סופט לתינוק,מיליליטרים,200.00,"100 מ""ל",false,,29.90,0.1495,true,1,2181594
4005808366392,false,שפתון ליובש כחול קלאסי לבלו 48 גרם,טרופיקל דגיל תעשיות,,שפתון לבלו כחול,יחידה,0.00,יחידה,false,,9.90,0.0000,true,1,1472392
4005808502004,false,לבלו שפתון סופט ורוד בליסטר 5.5מל,אלפא- ב.ד.ף בעמ,DE,לבלו ורוד בליסטר,יחידה,0.00,יחידה,false,,9.90,0.0000,true,1,1333613
4005808571246,false,ניוואה מסיר איפור עיניים דו פאזי 125 מל,אלפא- ב.ד.ף בעמ,,מסיר איפור דאבל אקשן,יחידה,0.00,יחידה,false,,22.90,0.0000,true,1,1333617
4005808588640,false,"ניוואה קרם גילוח לעור רגיש 100 מ""ל",אלפא ב.ד.ף בעמ,DE,קרם גילוח לעור רגיש,יחידה,0.00,יחידה,false,,12.90,0.0000,true,1,1333618
4005808670314,false,"קרם לחות לפנים לעור רגיל - מעורב ניוואה 50 מ""ל",אלפא- ב.ד.ף בעמ,,קרם יום לעור רגיל SP,מיליליטרים,50.00,"100 מ""ל",false,,39.90,0.7980,true,1,1333621
4005808698103,false,ניוואה תחליב גוף סמוד לעור יבש 500 מל,בטר אנד דיפרנט,,ניוואה קרם גוף סמוד,מטרים,500.00,100 מ'ל,false,,19.90,0.0398,true,1,2323491
4005808702107,false,ניוואה תחליב גוף לעור יבש מאד 500 מל,בטר אנד דיפרנט,,ניוואה קרם גוף לעור,מטרים,500.00,100 מ'ל,false,,19.90,0.0398,true,1,2323492
4005808811052,false,"ניוואה ויסאז מי פנים רגיל 200 מ""ל",אלפא ב.ד.ף בעמ,,מי פנים לעור רגיל,מיליליטרים,200.00,"100 מ""ל",false,,22.90,0.1145,true,1,1333633
4005808811700,false,ניוואה ג`ל ניקוי לפנים לעור שמן/מעורב 15,אלפא- ב.ד.ף בעמ,,ג'ל ניקוי פנים לעור,מיליליטרים,150.00,"100 מ""ל",false,,29.90,0.1993,true,1,1333638
4005808813001,false,תחליב לחות לאחר גילוח ניוואה,ביירסדורץ,DE,תחליב לחות לאחר גילוח ניו,מיליליטרים,100.00,"100 מ""ל",false,,39.90,0.3990,true,1,1333644
4005808813063,false,תחליב לחות לעור רגיש לאחר גילוח,בטר אנד דיפרנט,DE,תחליב לחות לעור רגיש לאחר,מיליליטרים,100.00,"100 מ""ל",false,,39.90,0.3990,true,1,1333645
4005808817405,false,"ג'ל גילוח לעור רגיש ניוואה 200 מ""ל",פרוטרופיק סיה.,DE,ג'ל גילוח לעור רגיש ניווא,מיליליטרים,200.00,"100 מ""ל",false,,16.90,0.0845,true,1,1333653
4005808817603,false,ג'ל גילוח עם אלוורה Protect & Care,ניוואה Nivea,DE,ג'ל לגילוח עדין ניוואה,מיליליטרים,200.00,"100 מ""ל",false,,16.90,0.0845,true,1,1333654
4005808817726,false,ניוואה קרם גילוח לגבר100,אלפא ב.ד.ף בעמ,DE,קרם גילוח לעור רגיל,מיליליטרים,100.00,"100 מ""ל",false,,12.90,0.1290,true,1,1333655
4005808828838,false,"ניוואה - דאודורנט ספריי לגבר קול קיק 150 מ""ל",אלפא ב.ד.ף בעמ,DE,DEO AQUA COOL SPRAY 150ML,מיליליטרים,150.00,"100 מ""ל",false,,19.90,0.1327,true,1,1333657
4005808837359,false,"ניוואה - דאודורנט רול און לאישה פרל אנד ביוטי 50 מ""ל",אלפא- ב.ד.ף בעמ,DE,N. DEO PEARL&BEAUTY ROLL-,מיליליטרים,50.00,"100 מ""ל",false,,19.90,0.3980,true,1,1333662
4005808850723,false,שפתון ליובש תות שדה לבלו,טרופיקל דגיל תעשיות,DE,לבלו תות בליסטר,מיליליטרים,5.50,"100 מ""ל",false,,9.90,1.8000,true,1,1333670
4005808850907,false,שפתון ליובש הידרו קייר בליסטר,אלפא- ב.ד.ף בעמ,,שפתון לבלו הידרו קר,יחידה,0.00,יחידה,false,,9.90,0.0000,true,1,2320949
4005808851515,false,שפתון לבלו גבר בליסט,אלפא,,שפתון לבלו לגבר,יחידה,0.00,יחידה,false,,9.90,0.0000,true,1,2320956
4005808866014,false,קרם לילה ויטל לעור מ,,,קרם לילה ויטל לעור מ,יחידה,0.00,יחידה,false,,39.90,0.0000,true,1,1333674
4005808890507,false,ניוואה קרם סופט רב שימושי 200 מל יבוא,פארמה דיל (פ.א.ב.) שיווק והפצה,DE,"קרם סופט 200 מ""ל",מיליליטרים,200.00,"100 מ""ל",false,,19.90,0.0995,true,1,1333677
4005808890576,false,"קרם ידיים סופט ניוואה 75 מ""ל",אלפא ב.ד.ף בעמ,DE,"קרם סופט 75 מ""ל בשפופרת",מיליליטרים,75.00,"100 מ""ל",false,,12.90,0.1720,true,1,1333678
4005808908585,false,"ניוואה - דאודורנט ספריי לאישה פאודר טאץ 150 מ""ל",אלפא ב.ד.ף בעמ,,ניוואה דאו ספריי לאש,יחידה,1.00,יחידה,false,,19.90,19.9000,true,1,1333680
4005900036445,false,"ניוואה - דאודורנט רול און לאישה בלק&וויט פיור 50 מ""ל",אלפא ב.ד.ף בעמ,,ניוואה דאו רול און ל,יחידה,1.00,יחידה,false,,19.90,19.9000,true,1,1333689
4005900036476,false,"ניוואה - דאודורנט רול און לאישה בלק אנד וויט קליר 50 מ""ל",טרופיקל דגיל תעשיות,DE,NDEO RLL-ON INV BLC&WHT C,מיליליטרים,50.00,"100 מ""ל",false,,19.90,0.3980,true,1,1333690
4005900036483,false,"ניוואה - דאודורנט ספריי לגבר שקוף בלק וווי 150 מ""ל",בטר אנד דיפרנט,DE,NDEO SPY INV BLC&WHT POWE,מיליליטרים,150.00,"100 מ""ל",false,,19.90,0.1327,true,1,1333691
4005900036506,false,"ניוואה - דאודורנט רול און לגבר שקוף בלק 50 מ""ל",טרופיקל דגיל תעשיות,DE,NDEO RLL-ON INV BLC&WHT P,מיליליטרים,50.00,"100 מ""ל",false,,19.90,0.3980,true,1,1333692
4005900036568,false,ניוואה דאודורנט רולאון ספריי לאישה בלק אנד וויט 150 מ''ל,אלפא- ב.ד.ף בעמ,DE,NDEO SPY INV BLC&WHT CLR,מיליליטרים,150.00,"100 מ""ל",false,,19.90,0.1327,true,1,1333693
4005900037909,false,"ניוואה - דאודורנט ספריי לאישה אינויזיבל פיור 150 מ""ל",אלפא ב.ד.ף בעמ,,ניוואה דאו ספריי לאש,יחידה,1.00,יחידה,false,,19.90,19.9000,true,1,1333694
4005900111456,false,ניוואה קרם רב שימושי לגבר 75 מל,ביירסדורף,,קרם רב שימושי לגבר 7,מיליליטרים,75.00,"100 מ""ל",false,,12.90,0.1720,true,1,2333549
4005900138842,false,"ניוואה - תחליב רחצה סמוט 750 מ""ל",אלפא ב.ד.ף בעמ,,ניוואה SMOOTHתחליב ר,מיליליטרים,750.00,"100 מ""ל",false,,13.90,0.0185,true,1,2360019
4005900273482,false,שפתון ליובש כחול אוכמניות בליסטר לבלו,אלפא- ב.ד.ף בעמ,,שפתון לבלו אוכמניות,יחידה,0.00,יחידה,false,,9.90,0.0000,true,1,2320957
4005900274304,false,"ניוואה - דאודורנט ספריי לגבר פרש אושן 150 מ""ל",פרוטרופיק סיה.,,ניוואה דאו ספריי פרש,יחידה,0.00,יחידה,false,,19.90,0.0000,true,1,1472421
4005900420220,false,"גל רחצה ניוואה פיור אימפקט לגבר 500 מ""ל",אלפא ב.ד.ף בעמ,,ניוואה 500גל רחצה לג,מיליליטרים,500.00,"100 מ""ל",false,,13.90,0.0278,true,1,2368458
4005900485243,false,"ניוואה - דאודורנט רול און לגבר דריי פרש 50 מ""ל",אלפא- ב.ד.ף בעמ,,דאודורנט רול און לגב,מיליליטרים,50.00,"100 מ""ל",false,,19.90,0.3980,true,1,2180616
4005900488459,false,"ניוואה - דאודורנט רול און לאישה דריי פרש 50 מ""ל",אלפא ב.ד.ף בעמ,,דאודורנט רול און לאי,מיליליטרים,50.00,"100 מ""ל",false,,19.90,0.3980,true,1,2180617
4005900494924,false,"ניוואה - דאודורנט ספריי לאישה דריי פרש אישה 150 מ""ל",אלפא ב.ד.ף בעמ,,דאודורנט ספריי לאישה,מיליליטרים,150.00,"100 מ""ל",false,,19.90,0.1327,true,1,2180619
4005900496461,false,"ניוואה תחליב לחות אפטר שייב דיפ לאחרי, 100 מ""ל",beiersdorf,,ניוואה אפטר שייב דיפ,מיליליטרים,100.00,"100 מ""ל",false,,39.90,0.3990,true,1,2045939
4005900513045,false,"ניוואה - דאודורנט ספריי לגבר דיפ 150 מ""ל",אלפא- ב.ד.ף בעמ,,ניוואה ספריי דיפ לגב,מיליליטרים,150.00,"100 מ""ל",false,,19.90,0.1327,true,1,2045944
4005900513069,false,"ניוואה - דאודורנט רול און לגבר דיפ 50 מ""ל",אלפא- ב.ד.ף בעמ,,ניוואה רול און דיפ ל,מיליליטרים,50.00,"100 מ""ל",false,,19.90,0.3980,true,1,2045949
4005900521262,false,"ג'ל רחצה לגבר פיור אימפקט ניוואה 500 מ""ל",אלפא- ב.ד.ף בעמ,,ג'ל רחצה לגבר דיפ 50,מיליליטרים,500.00,"100 מ""ל",false,,13.90,0.0278,true,1,2045951
4005900525017,false,"קרם פנים ליום ניוואה אנטי אייג 50 מ""ל",,,קרם יום למניעת קמטים,מיליליטרים,50.00,"100 מ""ל",false,,59.90,1.1980,true,1,2193148
4005900525024,false,קרם לילה למניעת קמטים 45 +,,,קרם לילה למניעת קמטי,מיליליטרים,50.00,"100 מ""ל",false,,59.90,1.1980,true,1,2193157
4005900542557,false,"ניוואה - דאודורנט רול און לאישה בלק אנד וויט 50 מ""ל",אלפא- ב.ד.ף בעמ,,ניוואה דאו רול און ל,מיליליטרים,50.00,"100 מ""ל",false,,19.90,0.3980,true,1,2345976
4005900547316,false,"ניוואה - דאודורנט ספריי לאישה שקוף בלק וווי 150 מ""ל",בטר אנד דיפרנט,,ניוואה דאו ספריי לאי,מיליליטרים,150.00,"100 מ""ל",false,,19.90,0.1327,true,1,2338525
4005900551412,false,לבלו שפתון לחות SPF30 להגנה מפני השמש,אלפא ב.ד.ף בעמ,,שפתון לבלו סאן פרוטק,יחידה,0.00,יחידה,false,,9.90,0.0000,true,1,2395234
4005900555915,false,"ניוואה - תחליב רחצה קוקוס וחוחובה 750 מ""ל",אלפא- ב.ד.ף בעמ,,תחליב רחצה קוקוס 750,מיליליטרים,750.00,"100 מ""ל",false,,13.90,0.0185,true,1,2333235
4005900578877,false,לבלו KISS שפתון צבעוני ורוד לוהט,ביירסדורץ,,שפתון לבלו KISS צבעו,יחידה,0.00,יחידה,false,,14.90,0.0000,true,1,2304946
4005900583079,false,לבלו KISS שפתון צבעוני ניוד ורדרד,ביירסדורץ,,שפתון לבלו KISS ניוד,יחידה,0.00,יחידה,false,,14.90,0.0000,true,1,2304947
4005900583116,false,לבלו KISS שפתון צבעוני אדום פרג,ביירסדורץ,,שפתון לבלו KISS אדום,יחידה,0.00,יחידה,false,,14.90,0.0000,true,1,2304949
4005900648181,false,"ניוואה - תחליב רחצה אלוורה 750 מ""ל",אלפא- ב.ד.ף בעמ,,תחליב רחצה קוקוס 750,מיליליטרים,750.00,"100 מ""ל",false,,13.90,0.0185,true,1,2360020
4005900800770,false,ניוואה רביעיית סבון מוצק אלו-ורה ופרחים,ביירסדורף,,רביעיית סבונים מוצקי,גרמים,360.00,100 גרם,false,,12.90,0.0358,true,1,2311076
4005900803283,false,ניוואה רוז קר קרם לחות במרקם גל בתוספת,אלפא- ב.ד.ף בעמ,,קרם לחות לפנים ניווא,מיליליטרים,50.00,"100 מ""ל",false,,39.90,0.7980,true,1,2360114
4005900816016,false,"ניוואה - דאודורנט ספריי לאישה פרש טבעי לאישה 150 מ""ל",טרופיקל דגיל תעשיות,DE,פרש ספריי לאישה ניוואה,מיליליטרים,150.00,"100 מ""ל",false,,19.90,0.1327,true,1,1333699
4005900816115,false,"ניוואה - דאודורנט רול און לאישה יבש 50 מ""ל",אלפא- ב.ד.ף בעמ,DE,רול און יבש לאישה ניוואה,מיליליטרים,50.00,"100 מ""ל",false,,19.90,0.3980,true,1,1333703
4005900828088,false,"ניוואה - דאודורנט רול און לגבר פרש 50 מ""ל",טרופיקל דגיל תעשיות,DE,רול און פרש לגבר ניוואה,מיליליטרים,50.00,"100 מ""ל",false,,19.90,0.3980,true,1,1333707
4005900833723,false,"ניוואה - פאוור פרש ג'ל רחצה לגבר 500 מ""ל",אלפא- ב.ד.ף בעמ,,ניוואה 500גל רחצה לג,מיליליטרים,500.00,"100 מ""ל",false,,13.90,0.0278,true,1,2369074
4005900841148,false,"ניוואה מן ג'ל גילוח קול קיק פרש 200 מ""ל",אלפא ב.ד.ף בעמ,,ניוואה גל גילוח רגיש,מיליליטרים,200.00,"100 מ""ל",false,,16.90,0.0845,true,1,2365960
4005900845702,false,"ניוואה - דאודורנט רול און לגבר קול קיק פרש 50 מ""ל",אלפא ב.ד.ף בעמ,,ניוואה דאו רול און ל,מיליליטרים,50.00,"100 מ""ל",false,,19.90,0.3980,true,1,2364050
4005900845733,false,"דאודורנט ספריי קול קיק פרש לגבר ניוואה מן 150 מ""ל",אלפא ב.ד.ף בעמ,,ניוואה דאו ספרי גבר,מיליליטרים,150.00,"100 מ""ל",false,,19.90,0.1327,true,1,2364051
4005900874931,false,"דאודורנט ספריי דיפ ביט לגבר 150 מ""ל ניוויה",אלפא ב.ד.ף בעמ,,ניוואה מן דאודורנט ס,מיליליטרים,150.00,"100 מ""ל",false,,19.90,0.1327,true,1,2407249
4005900874962,false,"ניוואה - דאודורנט רול און לגבר דיפ בלק 50 מ""ל",אלפא- ב.ד.ף בעמ,,ניוואה דאו רול רול-א,מיליליטרים,50.00,"100 מ""ל",false,,19.90,0.3980,true,1,2407250
4006508123094,false,"מליטה-נייר פילטר לקפה מספר 2, 40 יח",דנשר (1963) בעמ,,נייר פילטר.,יח',40.00,יח',false,,9.90,0.2475,true,1,1455805
4006508177325,false,מטליות לניקוי משקפיים,סווירל Swirl,,מטליות למשקפיים,יח',30.00,יח',false,,13.90,0.4633,true,1,1329651
4007519050713,false,שקיות אשפה עם שרוך חזקות במיוחד 35 ליטר,פאלי Pely,,שקיות אשפה 35 ל,יח',25.00,יח',false,,9.90,0.3960,true,1,1304991
4007519050720,false,שקיות אשפה עם שרוך חזקות במיוחד 60 ליטר,פאלי Pely,,שקיות אשפה 60 ל,יח',20.00,יח',false,,9.90,0.4950,true,1,1304992
4007519050744,false,שקיות אשפה עם שרוך חזקות במיוחד 120 ליטר,פאלי Pely,,שקיות אשפה 120 ל,יח',10.00,יח',false,,9.90,0.9900,true,1,1304993
4007519086224,false,פלי שקיות אשפה ריחניות 20 ליטר 22 יח,וו.פלץ,,שקיות אשפה 20 ל ריחנ,יחידה,0.00,יחידה,false,,10.90,0.0000,true,1,1304996
4007519086248,false,פלי 20 שקיות אשפה ריחניות 35 ל,וו.פלץ,,שקיות אשפה 35 ל ריחנ,יחידה,0.00,יחידה,false,,10.90,0.0000,true,1,1304997
4007519086262,false,פלי שקיות אשפה ריחניות 22 יח 60 ל,וו.פלץ,,שקיות אשפה 60 ל ריחנ,יחידה,0.00,יחידה,false,,10.90,0.0000,true,1,1304998
4007593001038,false,אייזן סרגל 15 אקריל משולש בליסטר,,,אייזן סרגל 15 אקריל,יחידה,0.00,יחידה,false,,4.90,0.0000,true,1,2358289
4007745058804,false,נטורפוד מיונז אורגני 340 גרם,אף.סי תבליני בגליל ב,,מיונז אורגני 340 גרם,גרמים,340.00,100 גרם,false,,23.90,0.0703,true,1,1469282
4007745058811,false,חרדל צרפתי חלק אורגני 200 גרם,נטורפוד בעמ,,חרדל אורגני נטורפוד,גרמים,200.00,100 גרם,false,,13.90,0.0695,true,1,1469283
4007745058828,false,חרדל צרפתי גרגרים אורגני 200 גרם,נטורפוד בעמ,,חרדל צרפתי אורגני -ג,גרמים,200.00,100 גרם,false,,13.90,0.0695,true,1,1469284
4008102002867,false,גרגירים להכנת תה לימון מילפורד 400 גרם,ליימן מותגים,DE,תה לימון 400 גרם,גרמים,400.00,100 גרם,false,,14.90,0.0373,true,1,1326494
4008287051032,false,בירה קרומבאכר פילס 0.50 ליטר פחית,מנדלז סי.אר. פרודקשן,,בירה קרומבאכר,מיליליטרים,500.00,"100 מ""ל",false,,9.90,0.0198,true,1,2351814
4008287058161,false,בירה קרומבאכר פילס 4.8% שישיה 6 * 330 מל,אגודת הכורמים -כרמל מזרחי,,בירה קרומבאכר פילס ש,ליטרים,1.98,ליטר,false,,29.90,15.1010,true,1,2351805
4008287905786,false,בירה קרומבאכר חיטה 5.3% פחית 500 מל,אגודת הכורמים -כרמל מזרחי,,בירה קרומבכר,מיליליטרים,500.00,"100 מ""ל",false,,9.90,0.0198,true,1,2351807
4008400230726,false,ביצת הפתעה קינדר מקסי 100 גרם,פרימיום-חברה לדברי מתיקה ולמסח,,ביצת קינדר סופרייז מ,גרמים,100.00,100 גרם,false,,22.90,0.2290,true,1,1809692
4008496884926,false,זוג סוללות ורטא D,ד.ש.ש אלקטרוניקה בעמ`,,זוג סוללות D,יחידה,0.00,יחידה,false,,12.90,0.0000,true,1,2326402
4008496884964,false,סוללה VARTA 9V-חדש,ד.ש.ש אלקטרוניקה בעמ`,,סוללת 9V,יחידה,0.00,יחידה,false,,6.90,0.0000,true,1,2328214
4008496927401,false,זוג סוללות VARTA C-חדש,ד.ש.ש אלקטרוניקה בעמ`,,זוג סוללות C,יחידה,0.00,יחידה,false,,9.90,0.0000,true,1,2328210
4008600284918,false,נוק זוג מוצץ סיליקון דיסני מיקי 0-6 שחור,פרומדיקו,,זוג מוצצים מיקי מאוס,יח',2.00,יח',false,,29.90,14.9500,true,1,1883733
4008600314226,false,נוק זוג מוצצי סיליקון מיקי 6-18 אדום,פרומדיקו,,זוג מוצצים מיני מאוס,יח',2.00,יח',false,,29.90,14.9500,true,1,2275194
4008600384434,false,נוק זוג מוצצים סיגנטור 0-6 חודשים ורוד,פרומדיקו,,זוג מוצצים סיגנטור ו,יח',2.00,יח',false,,29.90,14.9500,true,1,2385943
4008600387374,false,נוק בקבוק אימון דיסני אדום 150 מל 6-18 ח,ניאופארם,,בקבוק אימון דיסני אד,יחידה,0.00,יחידה,false,,34.90,0.0000,true,1,2377569
4008600387381,false,נוק בקבוק אימון דיסני אפור 150 מל 6-18 ח,General,,בקבוק אימון דיסני אפ,יחידה,0.00,יחידה,false,,34.90,0.0000,true,1,2377575
4009300522935,false,תה ירוק פומפדור לימונית ולואיזה 20 יחידות,"איטיליאן פוד, אס.פי.",DE,פומפדור תה ירוק עם לימוני,גרמים,30.00,100 גרם,false,,14.90,0.4967,true,1,1338800
4009300522966,false,תה ירוק עם נענע פומפדור 20 יחידות,"איטיליאן פוד, אס.פי.",DE,פומפדור תה ירוק נענע,גרמים,30.00,100 גרם,false,,14.90,0.4967,true,1,1338801
4009300524588,false,חליטת צמחים פומפדור פירות יער 20 יחידות,ש. שסטוביץ בע`מ,DE,פומפדור חליטת צמחים פירות,גרמים,60.00,100 גרם,false,,11.90,0.1983,true,1,1338802
4009300524625,false,תה צ'אי מסאלה פומפדור 20 יחידות,ש.שסטוביץ בעמ,DE,פומפדור צאי מסאלה,גרמים,40.00,100 גרם,false,,11.90,0.2975,true,1,1338803
4009300525011,false,פומפידור תה ירוק עם תפוז וג'ינגר 25 שקיקים,"איטיליאן פוד, אס.פי.",DE,פומפדור תה ירוק תפוז גינג,גרמים,30.00,100 גרם,false,,14.90,0.4967,true,1,1338805
4009300525684,false,חליטת צמחים פומפדור ג'ינג'ר ולימון 20 יחידות,ש. שסטוביץ בע`מ,DE,פומפדור חליטת צמחים גי'נג,גרמים,35.00,100 גרם,false,,11.90,0.3400,true,1,1338807
4009300526438,false,תה ירוק פומפדור קלאסי 20 יחידות,"איטיליאן פוד, אס.פי.",DE,פומפדור תה ירוק קלאסי 30,גרמים,30.00,100 גרם,false,,14.90,0.4967,true,1,1338809
4009300527909,false,חליטת צמחים ג'ינג'ר כורכום ללא קפאין,ש. שסטוביץ בע`מ,,חליטת פומפדור ג'ינג',גרמים,35.00,100 גרם,false,,11.90,0.3400,true,1,1813864
4009300528821,false,תה ירוק פומפדור ג'ינגר וקינמון 20 יחידות,ש.שסטוביץ בעמ,,תה ירוק פומפדור ג'ינ,גרמים,30.00,100 גרם,false,,14.90,0.4967,true,1,2256384
4009300528845,false,"פומפדור תה ירוק עם לימונית דבש 30 מ""ל",ש.שסטוביץ בעמ,,תה ירוק פומפדור לימו,גרמים,30.00,100 גרם,false,,14.90,0.4967,true,1,2256385
4009300529514,false,תה חליטת פומפדור פירות אוכמניות 20 יח,ש.שסטוביץ בעמ,,פומפדור חליטת פירות,גרמים,50.00,100 גרם,false,,11.90,0.2380,true,1,2407820
4009300529538,false,תה חליטת פומפדור פירות לימון 20 יח,ש.שסטוביץ בעמ,,פומפדור חליטת פירות,גרמים,45.00,100 גרם,false,,11.90,0.2644,true,1,2407821
4009300529552,false,תה חליטת פומפדור פירות אפרסק 20 יח,ש.שסטוביץ בעמ,,פומפדור חליטת פירות,גרמים,50.00,100 גרם,false,,11.90,0.2380,true,1,2407822
4009300529576,false,תה חליטת פומפדור פירות רימונים 20 יח,ש.שסטוביץ בעמ,,חליטת פומפדור 30 גרם,גרמים,50.00,100 גרם,false,,11.90,0.2380,true,1,2367870
4009300529613,false,"חליטת צמחים אורגנית עם קמומיל, מליסה ויערת דבש","איטיליאן פוד, אס.פי.",,חליטת פומפדור קאלם א,גרמים,36.00,100 גרם,false,,19.90,0.5528,true,1,2327848
4009300529699,false,"חליטת צמחים אורגנית עם מאטה, נענע וגרידת לימון","איטיליאן פוד, אס.פי.",,חליטת פומפדור סטארט,גרמים,36.00,100 גרם,false,,19.90,0.5528,true,1,2327850
4009300530107,false,חליטה קרה בטעמי תות שדה ותפוז פומפדור 45 ג',ש.שסטוביץ בעמ,,תה פומפדור חליטה קרה,גרמים,30.00,100 גרם,false,,11.90,0.3967,true,1,2353602
4009300530183,false,תה חליטת פומפדור תפוז ספרדי 20 יח,ש.שסטוביץ בעמ,,תה פומפדור חליטה תפו,גרמים,44.00,100 גרם,false,,11.90,0.2705,true,1,2425646
4009300530206,false,תה חליטת פומפדור תפוח טורקי 20 יח,ש.שסטוביץ בעמ,,תה פומפדור חליטה תפו,גרמים,50.00,100 גרם,false,,11.90,0.2380,true,1,2425647
4009300530275,false,תה חליטת פומפדור מנטה מרוקאית 20 יח,ש.שסטוביץ בעמ,,תה פומפדור חליטה מנט,גרמים,36.00,100 גרם,false,,11.90,0.3306,true,1,2425648
4009300595106,false,חליטת צמחים קמומיל דבש פומפדור 45 ג',טיקנה,,חליטת פומפדור קמומיל,גרמים,30.00,100 גרם,false,,11.90,0.3967,true,1,2309256
4009300595120,false,חליטת צמחים פומפדור ג'ינג'ר מנגו 20 יחידות,ש.שסטוביץ בעמ,,חליטת פומפדור ג'ינג',גרמים,30.00,100 גרם,false,,11.90,0.3967,true,1,2309257
4009309022399,false,כרוב כבוש אורגני 670 גרם,נטורפוד בעמ,,כרוב כבוש אורגני,גרמים,680.00,100 גרם,false,,15.90,0.0234,true,1,1469414
4009900013581,false,מסטיק אורביט ספרמינט סטיקס משפחתי-חמישיות,"מרס ריגלי ישראל בע""מ",,מסטיק אורביט סטיקס ח,גרמים,65.00,100 גרם,false,,9.90,0.1523,true,1,1336779
4009900379564,false,מסטיק טייפ בטעם פירות הובה בובה (56 גרם),מרס ריגלי קונפקשונרי,,מסטיק הובה בובה פירו,גרמים,56.00,100 גרם,false,,6.50,0.1161,true,1,1336789
4009900385824,false,מסטיק אורביט פפרמינט סטיקס משפחתי-חמישיות,"מרס ריגלי ישראל בע""מ",,מסטיק אורביט סטיקס ח,גרמים,65.00,100 גרם,false,,9.90,0.1523,true,1,1336792
4009900402965,false,אורביט וויט בטעם פירות בקבוקון 46מלבניות,"מרס ריגלי ישראל בע""מ",,מסטיק אורביט White ב,גרמים,64.00,100 גרם,false,,9.90,0.1547,true,1,1336795
4009900403023,false,אורביט וויט בטעם מנטה בקבוקון 46 מלבניות,"מרס ריגלי ישראל בע""מ",,מסטיק אורביט בקבוקון,גרמים,64.00,100 גרם,false,,9.90,0.1547,true,1,1336796
4009900406918,false,מסטיק הובה בובה טייפ טריפל מיקס 56ג',מרס ריגלי קונפקשונרי,,מסטיק הובה בובה טייפ,גרמים,56.00,100 גרם,false,,6.50,0.1161,true,1,1336799
4009900420129,false,מסטיק אורביט פרופשנל פפרמינט בקבוקון 64 גר',"מרס ריגלי ישראל בע""מ",,מסטיק אורביט פפרמינט,גרמים,64.00,100 גרם,false,,9.90,0.1547,true,1,2149093
4009900426039,false,מסטיק מנטה אקליפטוס בקבוקון איירווייבס 64 גרם,"מרס ריגלי ישראל בע""מ",,מסטיק איירוויבז בקבו,גרמים,64.00,100 גרם,false,,9.90,0.1547,true,1,1483570
4009900455299,false,"סוכרית ג'לי אדומה 174 גרם ""סקיטלס""","מרס ריגלי ישראל בע""מ",,סוכריות סקיטלס פירות,גרמים,174.00,100 גרם,false,,8.90,0.0511,true,1,1336807
4009900458504,false,אורביט וויט הדרים בקבוקון 46 מלבניות,ריגלי,,מסטיק אורביט בקבוקון,גרמים,64.00,100 גרם,false,,9.90,0.1547,true,1,2284723
4009900465304,false,סוכריות סקיטלס פירות חמוצים 174 גרם,"מרס ריגלי ישראל בע""מ",,סוכריות סקיטלס חמוצי,גרמים,174.00,100 גרם,false,,8.90,0.0511,true,1,1336809
4009900479998,false,אורביט וויט אוכמניות בקבוקון 46 מלבניות,"מרס ריגלי ישראל בע""מ",,מסטיק אורביט White ב,גרמים,64.00,100 גרם,false,,9.90,0.1547,true,1,1336815
4009900482417,false,מסטיק אורביט פירות מנטה בקבוקון באבל מינט 45יח,"מרס ריגלי ישראל בע""מ",,מסטיק אורביט באבל מי,גרמים,64.00,100 גרם,false,,9.90,0.1547,true,1,1336816
4009900483803,false,מסטיק איירובס מנטה אקליפטוס בקבוקון 60יח',"מרס ריגלי ישראל בע""מ",,מסטיק אורביט מנטה M,גרמים,84.00,100 גרם,false,,12.90,0.1536,true,1,2176408
4009900484060,false,מסטיק אורביט פרופשיונל בטעם מנטה ללא סוכר,"מרס ריגלי ישראל בע""מ",,מסטיק אורביט פפרימינ,גרמים,84.00,100 גרם,false,,12.90,0.1536,true,1,1336818
4009900484091,false,מסטיק אורביט פרופשיונל בטעם מנטה ללא סוכר,"מרס ריגלי ישראל בע""מ",,מסטיק אורביט ספירימנ,גרמים,84.00,100 גרם,false,,12.90,0.1536,true,1,1336819
4009900484305,false,מסטיק אורביט פרופשיונל סוויטמינט ביגי לבן 60יח',"מרס ריגלי ישראל בע""מ",,מסטיק אורביט אקליפטו,גרמים,84.00,100 גרם,false,,12.90,0.1536,true,1,1336820
4009900487283,false,מסטיק אורביט סטיקס מארז חמישייה ללס בטע,"מרס ריגלי ישראל בע""מ",,מסטיק אורביט סטיקס ח,גרמים,65.00,100 גרם,false,,9.90,0.1523,true,1,1336821
4009900491044,false,מסטיק אירוויבז בטעם מנטה אוכמניות ללס,מרס ריגלי ישראל בעמ,,מסטיק אורביט אוכמניו,גרמים,84.00,100 גרם,false,,12.90,0.1536,true,1,2176409
4009900496247,false,"מסטיק אורביט לל""ס מלבניות בקבוק בבלימנט 60 יח","מרס ריגלי ישראל בע""מ",,מסטיק אורביט פפרימינ,גרמים,84.00,100 גרם,false,,12.90,0.1536,true,1,1678262
4009900509770,false,מסטיק אורביט בטעם תות ללס אריזה מוגדלת,מרס ריגלי ישראל בעמ,,מסטיק אורביט פפרימינ,גרמים,84.00,100 גרם,false,,12.90,0.1536,true,1,1423574
4009900521581,false,סוכריות אורביט מינטס מנטה בבקבוקון 77 גר,"מרס ריגלי ישראל בע""מ",,סוכריות אורביט מנטה,גרמים,77.00,100 גרם,false,,9.90,0.1286,true,1,1830071
4009900531122,false,"מסטיק בטעם מנטה ספירמינט, 64 ג' פרופשיונל אורפיט","מרס ריגלי ישראל בע""מ",,מסטיק אורביט ספירמינ,גרמים,64.00,100 גרם,false,,9.90,0.1547,true,1,2149094
4009900532327,false,סוכריות סקיטלס סמודיס בטעמי יוגורט ופירות,"מרס ריגלי ישראל בע""מ",,סוכריות סקיטלס סמודי,גרמים,38.00,100 גרם,false,,2.90,0.0763,true,1,2176411
4009900534918,false,סקיטלס גאיינט פירות 141 גרם,מרס ריגלי ישראל בעמ,,סוכריות סקיטלס ג'יינ,גרמים,141.00,100 גרם,false,,8.90,0.0631,true,1,2358629
4009900536257,false,מסטיק אורביט רפרשרס ספירמינט בקבוקון ללא סוכר 67 גר',מרס ריגלי קונפקשונרי,,מסטיק אורביט ללא סוכ,גרמים,67.00,100 גרם,false,,10.90,0.1627,true,1,2355229
4009900536288,false,מסטיק אורביט רפרשרס פפרמינט בקבוקון ללא סוכר 67 גר',מרס ריגלי קונפקשונרי,,מסטיק אורביט ללא סוכ,גרמים,67.00,100 גרם,false,,10.90,0.1627,true,1,2355230
4009900536486,false,מסטיק אורביט רפרשרס באבלמינט בקבוקון ללא סוכר 67 גר',מרס ריגלי קונפקשונרי,,מסטיק אורביט ללא סוכ,גרמים,67.00,100 גרם,false,,10.90,0.1627,true,1,2355231
4009900539340,false,סוכריות ג`יינט פירות סקיטלס סאוור (141 ג,מרס ריגלי קונפקשונרי,,סוכריות סקיטלס ג'יינ,גרמים,141.00,100 גרם,false,,8.90,0.0631,true,1,2387289
4009900539401,false,מסטייק אורבייט פייב באונוס מנטה HP,מרס ריגלי ישראל בעמ,,מסטיק פייב באונס בטע,גרמים,14.40,100 גרם,false,,3.90,0.2708,true,1,2394951
4009900539432,false,מסטייק אורבייט פייב באונוס אבטיח HP,מרס ריגלי ישראל בעמ,,מסטיק פייב באונס בטע,גרמים,14.40,100 גרם,false,,3.90,0.2708,true,1,2394952
4009900539685,false,"מסטיק פייב באונס בטעם מנטה בקבוקון, 61.8 גרם","מרס ריגלי ישראל בע""מ",,מסטיק פייב באונס בטע,גרמים,61.80,100 גרם,false,,10.90,0.1764,true,1,2394944
4009900539746,false,"מסטיק פייב באונס בטעם אבטיח בקבוקון, 61.8 גרם","מרס ריגלי ישראל בע""מ",,מסטיק פייב באונס בטע,גרמים,61.80,100 גרם,false,,10.90,0.1764,true,1,2394945
4009900540551,false,מסטיק אורביט רפרשרס טרופיקל בקבוקון ללא סוכר,מרס ריגלי ישראל בעמ,,מסטיק אורביט ללא סוכ,גרמים,67.00,100 גרם,false,,10.90,0.1627,true,1,2389878
4010492051189,false,אתנה דגי ים ושרימפס לחתולים,אתנה Athena,,אתנה דגי ים ושרימפס,גרמים,100.00,100 גרם,false,,4.90,0.0490,true,1,2423516
4010492052179,false,אתנה עוף ביוגורט לחתולים,אתנה Athena,,אתנה עוף ביוגורט 100,גרמים,100.00,100 גרם,false,,4.90,0.0490,true,1,2423518
4010492052629,false,אתנה סטיק רך לחתול עם עופות וכבד 10יח,שחורי אריה ואנסטסיה,,אתנה סטיק רך 50ג',גרמים,100.00,100 גרם,false,,16.90,0.1690,true,1,2423519
4010492052742,false,אתנה כבש לחתול 100ג',אתנה Athena,,אתנה כבש לחתול 100ג',גרמים,100.00,100 גרם,false,,4.90,0.0490,true,1,2423520
4010492053466,false,אתנה ברווז והודו לחתולים,אתנה Athena,,אתנה ברווז והודו 100,גרמים,100.00,100 גרם,false,,4.90,0.0490,true,1,2423521
4010492055309,false,אתנה הודו לחתולים,אתנה Athena,,אתנה הודו 100ג',גרמים,100.00,100 גרם,false,,4.90,0.0490,true,1,2423522
4010492057006,false,אתנה קיטן עוף לחתולים,אתנה Athena,,אתנה קיטן עוף 100ג',גרמים,100.00,100 גרם,false,,4.90,0.0490,true,1,2423523
4010492961723,false,אתנה סטיק סלמון ופורל לחתול,שחורי אריה ואנסטסיה,,אתנה סטיק סלמון ופור,גרמים,50.00,100 גרם,false,,16.90,0.3380,true,1,2423526
4011100002227,false,באונטי חטיף שוקולד קוקוס מארז 403 גרם,לינדט ושפרונגלי קילשברג,NL,'באונטי מיני 403 גר,גרמים,403.00,100 גרם,false,,19.90,0.0494,true,1,1319003
4011800528416,false,קורני חטיף דגנים עם בוטנים מתוק-מלוח*6,משה סידס ובנו בעמ,,חטיף קורני דגנים עם,גרמים,150.00,100 גרם,false,,9.90,0.0660,true,1,2288691
4011800567613,false,מאגדת קורני מילק דרק & ואיט 120 גרם,מיוצר עי קונדיטוריית,DE,קורני סנדוויץ שחור ולבן ע,גרמים,120.00,100 גרם,false,,9.90,0.0825,true,1,1353179
4011800568610,false,מארז רביעיית קורני בטעם קלאסי,שוורטאוור וורקה,DE,קורני סנדוויץ קלאסי עם קר,גרמים,120.00,100 גרם,false,,9.90,0.0825,true,1,1353180
4011800577810,false,מארז חטיפי קורני פרי נוגט 120 גרם,משה סידס ובנו בעמ,,חטיף קורני נוגט 6 יח,גרמים,120.00,100 גרם,false,,9.90,0.0825,true,1,2379408
4011800617615,false,קורני ביג שוקולד 50 גר`,משה סידס ובנו בעמ,,קורני ביג ביג שוקו,גרמים,50.00,100 גרם,false,,3.90,0.0780,true,1,2312145
4011800617714,false,"""קורני"" ביג שוקו בננה50 גרם",מיוצר עי קונדיטוריית,,קורני ביג ביג שוקו ב,גרמים,50.00,100 גרם,false,,3.90,0.0780,true,1,2312147
4011800617813,false,"""קורני"" ביג בראוניס 50 גרם",משה סידס ובנו בעמ,,קורני ביג ביג בראוני,גרמים,50.00,100 גרם,false,,3.90,0.0780,true,1,2312148
4011800617912,false,קורני ביג נאטס אגוזי,משה סידס ובנו בעמ,,קורני ביג ביג נאטס,גרמים,50.00,100 גרם,false,,3.90,0.0780,true,1,2312154
4011800618315,false,קורני ביג דארק אנד וואיט 40 גר`,משה סידס ובנו בעמ,,קורני ביג ביג דארק,גרמים,40.00,100 גרם,false,,3.90,0.0975,true,1,2312157
4011800628512,false,חטיף קורני שוקולד חלב 6 יח 150 גר,מיוצר עי קונדיטוריית,DE,קורני עם שוקולד חלב - 1X6,גרמים,150.00,100 גרם,false,,9.90,0.0660,true,1,1353201
4011800629519,false,"מארז חטיפי דגנים אגוזים ""קורני""",משה סידס ובנו בעמ,DE,קורני עם אגוזים 1X6,גרמים,150.00,100 גרם,false,,9.90,0.0660,true,1,1353202
4011800630515,false,חטיף קורני שוקולד חלב ובננה 6 יח 150 גר,מיוצר עי קונדיטוריית,DE,קורני עם שוקולד חלב ובננה,גרמים,150.00,100 גרם,false,,9.90,0.0660,true,1,1353203
4011800632519,false,חטיף קורני שישייה שוקולד חלבי וקוקוס,מיוצר עי קונדיטוריית,DE,קורני עם שוקולד חלב וקוקו,גרמים,150.00,100 גרם,false,,9.90,0.0660,true,1,1353205
4011800633516,false,קורני שוקולד מריר מעולה 58% קקאו 6*1,משה סידס ובנו בעמ,DE,קורני עם שוקולד מריר מעול,גרמים,138.00,100 גרם,false,,9.90,0.0717,true,1,1353206
4011800636517,false,קורני פרי שוקולד חלב מעולה ללא סוכר 6*1,מיוצר עי קונדיטוריית,DE,"קורני ""פרי ""עם שוקולד חלב",גרמים,120.00,100 גרם,false,,9.90,0.0825,true,1,1353208
4012273123009,false,נטרוגינה קרם ידיים 50 מל הסדרה הנורבגית,גונסון אנד גונסון,FR,נוטרוגינה ס.נורבגית קרם י,מיליליטרים,50.00,"100 מ""ל",false,,19.90,0.3980,true,1,2333736
4012839597596,false,כבד דג שיבוט רויגן,רוג'ין פיש,,כבד דג שיבוט בשמן,גרמים,121.00,100 גרם,false,,9.90,0.0818,true,1,2408698
4013044100007,false,ליקרס אבקת אפיה אורגנית 48 גרם,ליקרס,,אבקת אפיה אורגנית-לי,גרמים,84.00,100 גרם,false,,6.90,0.0821,true,1,1953139
4013044100106,false,ליקרס שמרים יבשים פעילים אורגניים 36 גרם,ליקרס,,שמרים יבשים פעילים א,גרמים,36.00,100 גרם,false,,18.90,0.5250,true,1,1953141
4013197766976,false,סוכריות קוונדיש תפוז 200ג' (9),(EITAN (CHOCOTRADE,,סוכריות פחיות טעם תפ,גרמים,200.00,100 גרם,false,,9.90,0.0495,true,1,1337186
4013197767010,false,קבנדיש סוכריות בפחית בטעם פירות,שוקוטרייד בעמ,,סוכריות פחיות טעם פי,גרמים,200.00,100 גרם,false,,9.90,0.0495,true,1,1337187
4013197767027,false,קוונדיש סוכריות בפחית דובדבן,שוקוטרייד בעמ,,סוכריות פחיות טעם דו,גרמים,200.00,100 גרם,false,,9.90,0.0495,true,1,1337188
4013197767034,false,קוונדיש סוכריות בפחית לימון,שוקוטרייד בעמ,,סוכריות פחיות טעם לי,גרמים,200.00,100 גרם,false,,9.90,0.0495,true,1,1337189
4013197767119,false,קוונדיש סוכריות בפחית מנטה קליר,שוקוטרייד בעמ,,סוכריות פחיות טעם מנ,גרמים,200.00,100 גרם,false,,9.90,0.0495,true,1,1337193
4013227013391,false,משקה כהלי קרם אוטום כשר,הכרם - משקאות חריפים בעמ,,משקה קרם אוטום.,מיליליטרים,700.00,"100 מ""ל",false,,39.90,0.0570,true,1,1333812
4013227013414,false,פינה קולדה סרפרז (700 מל),הכרם - משקאות חריפים בעמ,,פינה קולדה.,מיליליטרים,700.00,"100 מ""ל",false,,39.90,0.0570,true,1,1333813
4014086024245,false,בירה גרלסבורג חיטה מעוננת לא מסוננת 500,קוניגסבכר,,בירה חיטה גרמנית גרל,מיליליטרים,500.00,"100 מ""ל",false,,5.90,0.0118,true,1,1672421
4014400900217,false,בונבונריית מרסי מבחר ממתקי שוקולד 400 גרם,קריניציה ויטמינה אס,DE,בונבוניירה מרסי 400 גרם,גרמים,400.00,100 גרם,false,,54.90,0.1372,true,1,1326501
4014400901191,false,בונבונריית מרסי מבחר ממתקי שוקולד 250 גרם,ליימן שליסל בע`מ,,בונבוניירה מרסי 250,גרמים,250.00,100 גרם,false,,25.90,0.1036,true,1,1326503
4014400903409,false,בונבוניירה שוקולד אגוזים טופיפי 250 גרם,קריניציה ויטמינה אס,,סוכריות טופיפי 250 ג,גרמים,250.00,100 גרם,false,,24.90,0.0996,true,1,1326506
4014400904277,false,סוכריות בטעם מנטה אייס פרש סטורק 425 גרם,ליימן שליסל בע`מ,DE,סוכריות אייס פרש בשקית 42,גרמים,425.00,100 גרם,false,,14.90,0.0351,true,1,1326507
4014400904307,false,סוכריות בטעם פירות קליפורניה סטורק 425 גרם,קריניציה ויטמינה אס,DE,סוכריות קליפורניה 425 גרם,גרמים,425.00,100 גרם,false,,14.90,0.0351,true,1,1326508
4014400904376,false,סוכריות טופי בטעם שוקולד סטורק 325 גרם,קריניציה ויטמינה אס,DE,סוכריות שוקולדן 325 גרם,גרמים,325.00,100 גרם,false,,14.90,0.0458,true,1,1326510
4014400904390,false,סוכריות טופי ממולא חלב סטורק 325 גרם,קריניציה ויטמינה אס,DE,סוכריות וולמילש 325 גרם,גרמים,325.00,100 גרם,false,,14.90,0.0458,true,1,1326511
4014400907902,false,"וורטרס אורגינל סוכריות חמאה ללא סוכר בקופסה
42 גרם",ליימן שליסל בע`מ,DE,סוכריות וורטר בוקס ללא סו,גרמים,42.00,100 גרם,false,,6.90,0.1643,true,1,1326512
4014400910063,false,סוכריות חמאה וורטרס אורגינל (135 גרם),ליימן שליסל בע`מ,DE,סוכריות וורטר אורגינל שקי,גרמים,135.00,100 גרם,false,,9.90,0.0733,true,1,1326516
4014400913910,false,וורטרס אורגינל סוכריות חמאה ממולאות קרם קרמל בשקית,ליימן שליסל בע`מ,DE,וורטר אוריגינל במילוי קרם,גרמים,125.00,100 גרם,false,,9.90,0.0792,true,1,1326517
4014400914696,false,וורטרס אורגינל סוכריות ללא סוכר 80 גרם,ליימן שליסל בע`מ,DE,סוכריות חמאה וורטר אור לל,גרמים,70.00,100 גרם,false,,7.90,0.1129,true,1,1326518
4014400914924,false,"סוכריות בטעם קפה וורטר אורגינל לל""ס 80 גרם",קריניציה ויטמינה אס,DE,סוכריות וורטר ללא סוכר ק,גרמים,80.00,100 גרם,false,,7.90,0.0988,true,1,1326519
4014400920857,false,וורטר אורגינל ללא סוכר בטעם שוקולד-שקית 70 גרם,קריניציה ויטמינה אס,,וורטר סוכריות טעם שו,גרמים,70.00,100 גרם,false,,7.90,0.1129,true,1,1326520
4014400923711,false,בונבוניירה שוקולד אגוזים טופיפי 125 גרם,ליימן שליסל בע`מ,,סוכריות טופיפי 125 ג,גרמים,125.00,100 גרם,false,,12.90,0.1032,true,1,1490624
4014400925319,false,וורטרס אורגינל פופקורן קרמל 140 גרם,ליימן שליסל בע`מ,,פופקורן קרמל וורטר,גרמים,140.00,100 גרם,false,,14.90,0.1064,true,1,2382106
4014400929010,false,וופל מיני קנופרס 200 גר 10 גר*20 יחידות,ליימן שליסל בע`מ,,וופל מיני קנופרס 200,גרמים,200.00,100 גרם,false,,19.90,0.0995,true,1,2395411
4014400931327,false,ורטרס אורגינל פופקורן עם קרמל זרעי דלעת 1/12,ליימן שליסל בע`מ,,פופקורן וורטר בציפוי,גרמים,140.00,100 גרם,false,,14.90,0.1064,true,1,2393812
4015000031394,false,"ספטיל - משחה להסרת כתמים 200 מ""ל",גורי שיווק בעמ,IL,משחה להסרת כתמים ספטיל 20,גרמים,200.00,100 גרם,false,,14.90,0.0745,true,1,1360871
4015000280211,false,"פה - דאודורנט רול און לאישה קאריביין לימון 50 מ""ל",שוורצקוף& הנקל דיסלד,DE,פה דאודורנט רולאון קריביא,מיליליטרים,50.00,"100 מ""ל",false,,9.90,0.1980,true,1,1322949
4015000280372,false,"דאודורנט רול און בניחוח לימון פה 50 מ""ל",שוורצקופף והנקל,DE,פה דאודורנט רולאון ספורט,מיליליטרים,50.00,"100 מ""ל",false,,9.90,0.1980,true,1,1322950
4015000519915,false,"פה - דאודורנט ספריי לאישה פינק פרדייס 200 מ""ל",שוורצקופף והנקל,DE,פה דאודורנט ספריי פינק פש,מיליליטרים,200.00,"100 מ""ל",false,,9.90,0.0495,true,1,1322955
4015000615884,false,"פה - דאודורנט ספריי לאישה קריביין לימון 200 מ""ל",שוורצקופף והנקל,DE,פה דאודורנט ספריי קריביאן,מיליליטרים,200.00,"100 מ""ל",false,,9.90,0.0495,true,1,1322985
4015000615891,false,"פה - דאודורנט ספריי לאישה אקווה 200 מ""ל",שוורצקופף והנקל,DE,פה דאודורנט ספריי אקווה 2,מיליליטרים,200.00,"100 מ""ל",false,,9.90,0.0495,true,1,1322986
4015000615921,false,"פה - דאודורנט ספריי לגבר ספורט 200 מ""ל",שוורצקופף והנקל,DE,פה דאודורנט ספריי ספורט 2,מיליליטרים,200.00,"100 מ""ל",false,,9.90,0.0495,true,1,1322987
4015000940948,false,מרכך גליס Gliss שיקום נזק קיצוני אולטימט ריפייר,שוורצקוף Schwarzkopf,DE,גליס מרכך אולטימט ריפייר,מיליליטרים,400.00,"100 מ""ל",false,,18.90,0.0472,true,1,1323006
4015000940955,false,שמפו גליס Gliss שיקום נזק קיצוני אולטימט ריפייר,שוורצקופף והנקל,DE,גליס שמפו אולטימיט ריפייר,מיליליטרים,400.00,"100 מ""ל",false,,18.90,0.0472,true,1,1323007
4015000975421,false,סאיוס משחה לעיצוב השיער אינביזיבל 100 מל,הנקל סוד,,משחה לעיצוב סאיוס,מיליליטרים,100.00,"100 מ""ל",false,,29.90,0.2990,true,1,1810685
4015000976268,false,שמפו גליס Gliss למראה שיער מבריק Million Gloss,"הובי קוסמטיק, חברת ייצור",DE,גליס שמפו מיליון גלוס 400,מיליליטרים,400.00,"100 מ""ל",false,,18.90,0.0472,true,1,1323048
4015000976275,false,מרכך גליס Gliss למראה שיער מבריק Million Gloss,שוורצקופף והנקל,DE,גליס מרכך מיליון גלוס 400,מיליליטרים,400.00,"100 מ""ל",false,,18.90,0.0472,true,1,1323049
4015000996204,false,"גליס שמפו אולטימט שמן אלקסייר 400 מ""ל",שוורצקופף והנקל,DE,גליס שמפו שמן אליקסייר 40,מיליליטרים,400.00,"100 מ""ל",false,,18.90,0.0472,true,1,1323061
4015000996273,false,"גליס מרכך אולטימטיב שמן אלקסייר 400 מ""ל","הובי קוסמטיק, חברת ייצור",DE,גליס מרכך שמן אליקסייר 40,מיליליטרים,400.00,"100 מ""ל",false,,18.90,0.0472,true,1,1323065
4015000997430,false,פה דאודורנט ספריי אינויזיבל פאוור 200 מל,שוורצקופף והנקל,DE,פה דאודורנט ספריי אינוויז,מיליליטרים,200.00,"100 מ""ל",false,,9.90,0.0495,true,1,1323066
4015100190786,false,גליס מסכת סרום לשיקום עמוק עם קרטין,שוורצקופף והנקל,,גליס מסכה,מיליליטרים,300.00,"100 מ""ל",false,,21.90,0.0730,true,1,1810688
4015100190793,false,גליס מסכה לשיער יבש ופגום במיוחד Ultimate Repair,שוורצקופף והנקל,,גליס מסכה,מיליליטרים,200.00,"100 מ""ל",false,,21.90,0.1095,true,1,1810689
4015100204100,false,"סאיוס מוס סלון פלקס@ 250 מ""ל",הנקל סוד בעמ,,מוס לשיער סאיוס,מיליליטרים,250.00,"100 מ""ל",false,,19.90,0.0796,true,1,2003754
4015100298000,false,גליס מסכה ביו-טק 2ב-1 300 מל,שוורצקופף והנקל,,גליס מסכה,מיליליטרים,300.00,"100 מ""ל",false,,21.90,0.0730,true,1,2286549
4015100325294,false,פלטה דלוקס קיט 4-65 חום מהפנט,שוורצקופף & הנקל דיסלדור,,צבע שיער פלטה דלוקס,יחידה,1.00,יחידה,false,,32.90,32.9000,true,1,2304865
4015100325324,false,פאלטה דלוקס קיט 6-0 בלונד כהה,שוורצקופף & הנקל דיסלדור,,צבע שיער פלטה דלוקס,יחידה,1.00,יחידה,false,,32.90,32.9000,true,1,2304866
4015100325355,false,פלטה דלוקס קיט 4-0 חום בינוני עדין,שוורצקופף & הנקל דיסלדור,,צבע שיער פלטה דלוקס,יחידה,1.00,יחידה,false,,32.90,32.9000,true,1,2304867
4015100438055,false,פאלטה - דלוקס קיט בלונד בינוני 7-0,שוורצקופף & הנקל דיסלדור,,צבע שיער פלטה דלוקס,יחידה,1.00,יחידה,false,,32.90,32.9000,true,1,2330115
4015100438154,false,פאלטה - דלוקס קיט בלונד טיטניום 12-2,שוורצקופף & הנקל דיסלדור,,צבע שיער פלטה דלוקס,יחידה,1.00,יחידה,false,,32.90,32.9000,true,1,2330117
4015100438192,false,פאלטה - דלוקס קיט בלונד זהוב חם 8-65,שוורצקופף & הנקל דיסלדור,,צבע שיער פלטה דלוקס,יחידה,1.00,יחידה,false,,32.90,32.9000,true,1,2330118
4015100438314,false,פלטה דלוקס קיט צבעי שיער 12.2 בלונד טיטנ,שוורצקופף & הנקל דיסלדור,,צבע שיער פלטה דלוקס,יחידה,1.00,יחידה,false,,32.90,32.9000,true,1,2330120
4015100709889,false,צבע לשער פאלטה דלוקס שחור בורדו קיט,הנקל סוד,,צבע שיער פלטה דלוקס,יחידה,1.00,יחידה,false,,32.90,32.9000,true,1,2414707
4015100709964,false,צבע לשער פאלטה דלוקס בלונד אולטרה טיטניום,הנקל סוד,,צבע שיער פלטה דלוקס,יחידה,1.00,יחידה,false,,32.90,32.9000,true,1,2414708
4015400564034,false,מגן תחתון אולוויז מגה פק לונג פלוס 58 יחידות,דיפלומט מפיצים (1986) בע`מ,DE,מגן תחתון אולוויז מגה פק,יח',58.00,יח',false,,21.90,0.3776,true,1,1307176
4015400564454,false,מגני תחתון אולוויז לארג' עם ניחוח מגה פק,דיפלומט מפיצים (1986) בע`מ,DE,מגן תחתון אולוויז מגה פק,יח',68.00,יח',false,,21.90,0.3221,true,1,1307180
4015400598329,false,תחבושות אולוויז קוואטרו נורמל פלוס 56 יחידות,דיפלומט מפיצים (1968) בעמ,DE,אולוויז קוואטרו נורמל + א,יח',56.00,יח',false,,39.90,0.7125,true,1,1307188
4015400598381,false,תחבושות היגייניות אולטרה לונג - מארז קוואטרו 48 יח',דיפלומט מפיצים (1968) בעמ,DE,אולוויז קוואטרו לונג + אי,יח',48.00,יח',false,,39.90,0.8312,true,1,1307189
4015400598411,false,תחבושות היגייניות יום ולילה Day & Night - מארז 40 יח',דיפלומט מפיצים (1968) בעמ,DE,אולוויז קוואטרו לילה אירו,יח',40.00,יח',false,,39.90,0.9975,true,1,1307190
4015400681670,false,תחבושות אולוויז וליו פק לילה בטוח 18 יחידות,דיפלומט מפיצים (1986) בע`מ,,אולוויז לילה 18 יח',יח',18.00,יח',false,,19.90,1.1056,true,1,1370862
4015400690313,false,טמפונים פרל רגולר טמפקס קומפאק 18 יח,דיפלומט מפיצים (1968) בעמ,,טמפוני טמפקס פרל 18,יח',18.00,יח',false,,27.90,1.5500,true,1,1467610
4015400690405,false,טמפונים פרל סופר טמפקס קומפאק 18 יח,דיפלומט מפיצים (1968) בעמ,,טמפוני טמפקס פרל 18,יח',18.00,יח',false,,27.90,1.5500,true,1,1467611
4015400690498,false,טמפונים פרל סופר פלוס טמפקס קומפאק 18 יח,דיפלומט מפיצים (1968) בעמ,,טמפוני טמפקס פרל 18,יח',18.00,יח',false,,27.90,1.5500,true,1,1467612
4015400731719,false,תחבושות היגייניות אולוויז יום ולילה Day & Night,דיפלומט מפיצים (1986) בע`מ,,אולוויז דואו 20 יחיד,יח',20.00,יח',false,,19.90,0.9950,true,1,1423492
4015400746812,false,מגני תחתון אולוויז נורמל עם ניחוח מגה פק,דיפלומט מפיצים (1986) בע`מ,DE,מגן תחתון אולוויז מגה פק,יח',80.00,יח',false,,21.90,0.2737,true,1,1459526
4015400755241,false,תחבושות היגייניות אולוויז אולטרה נורמל - 28 יח',דיפלומט מפיצים (1986) בע`מ,,אולוויז דואו 28 יחיד,יח',28.00,יח',false,,19.90,0.7107,true,1,1423494
4015400755487,false,תחבושות היגייניות אולוויז אולטרה לונג - 24 יח',דיפלומט מפיצים (1986) בע`מ,,אולוויז דואו 24 יחיד,יח',24.00,יח',false,,19.90,0.8292,true,1,1423497
4015400755609,false,תחבושות אולוויז סינגל לילה 10 יחידות,דיפלומט,,אולוויז סינגל 10 יחי,יח',10.00,יח',false,,14.90,1.4900,true,1,1423498
4015400824701,false,טמפונים עם מוליך רגולר טמפקס 30 יחידות,פרוקטר אנד גמבל,HU,טמפקס רגולר 30 יחידות,יח',30.00,יח',false,,24.90,0.8300,true,1,1307221
4015400824725,false,טמפונים סופר עם מוליך טמפקס 30 יחידות,דיפלומט מפיצים 1968 בעמ,HU,טמפקס סופר 30 יחידות,יח',30.00,יח',false,,24.90,0.8300,true,1,1307222
4015400990482,false,אבקת כביסה אריאל קולור 3 ק`ג,דיפלומט מפיצים (1986) בע`מ,,"אריאל 3 ק""ג קולור",קילוגרמים,3.00,"ק""ג",false,,31.90,10.6333,true,1,1400976
4015600762742,false,שמפו יומיומי למניעת קשקשים הנוסחה הקלאסית,דיפלומט מפיצים (1986) בע`מ,FR,"ה&ש שמפו קלאסי 500 מ""ל",מיליליטרים,500.00,"100 מ""ל",false,,20.90,0.0418,true,1,1307252
4015600762780,false,שמפו וקונדישינר יומיומי למניעת קשקשים הנוסחה הקלאסית 2in1,דיפלומט מפיצים (1986) בע`מ,FR,"ה&ש 2 ב 1 קלאסי 500 מ""ל",מיליליטרים,500.00,"100 מ""ל",false,,20.90,0.0418,true,1,1307253
4015600762902,false,"שמפו האד אנד שולדרס מנטול 500 מ""ל",דיפלומט מפיצים (1986) בע`מ,FR,"ה&ש שמפו מנטול 500 מ""ל",מיליליטרים,500.00,"100 מ""ל",false,,20.90,0.0418,true,1,1307256
4015600762940,false,שמפו יומיומי למניעת קשקשים בניחוח תפוח,דיפלומט מפיצים (1986) בע`מ,FR,"ה&ש שמפו תפוח 500 מ""ל",מיליליטרים,500.00,"100 מ""ל",false,,20.90,0.0418,true,1,1307257
4015600763022,false,שמפו יומיומי למניעת קשקשים לשיער יבש/פגום לשיער רך כמשי,דיפלומט מפיצים (1986) בע`מ,FR,"ה&ש שמפו מגע משי 500 מ""ל",מיליליטרים,500.00,"100 מ""ל",false,,20.90,0.0418,true,1,1307259
4015600766900,false,"שמפו ומרכ ך נגד קשקשים 500 מ""ל הד אנד שולדרס",דיפלומט מפיצים (1986) בע`מ,,שמפו הד אנד שולדרס 5,מיליליטרים,500.00,"100 מ""ל",false,,20.90,0.0418,true,1,1307265
4015600807436,false,"ג'ילט - דאודורנט ג'ל לגבר כדוריות קול וויב 75 מ""ל",פארמה דיל (פ.א.ב.) שיווק והפצה,US,דאו ג'ל 75 מל CW-PB חדש,מיליליטרים,75.00,"100 מ""ל",false,,19.90,0.2653,true,1,1307272
4015600807573,false,"ג'ילט - דאודורנט ג'ל לגבר כדוריות פאוור ראש 75 מ""ל",פארמה דיל (פ.א.ב.) שיווק והפצה,US,דאו ג'ל 75 מל PR-PB חדש,מיליליטרים,75.00,"100 מ""ל",false,,19.90,0.2653,true,1,1307273
4015600810849,false,גילט דאו קליר גל 70 מל פאוור ראש,פרוקטר אנד גמבל,CZ,דאודורנט פאוייר רוש 70 מל,מיליליטרים,70.00,"100 מ""ל",false,,18.90,0.2700,true,1,1307275
4017100160417,false,בלזן גלילי וופל במילוי קרם בטעם וניל 75 גר',ליימן שליסל,,וופל קרמי וניל בלזן,גרמים,75.00,100 גרם,false,,7.90,0.1053,true,1,2312056
4017100198151,false,בלזן היט ביסקוויט עם מלית קרם בטעם וניל (41%) 220 גרם,הדקלאים אגודת שיתופי,,ביסקוויט ממולא קקאו,גרמים,220.00,100 גרם,false,,7.90,0.0359,true,1,1326526
4017100210105,false,וופל בלזן גליליות וופל עם שוקולד מריר,הדקלאים אגודת שיתופי,,גלילי וופל מריר.,גרמים,100.00,100 גרם,false,,10.90,0.1090,true,1,1364830
4017100216800,false,בלזן וופל מיניס מצופה שוקולד חלב 100 גרם,ליימן שליסל,,וופל מיניס שוקולד,גרמים,100.00,100 גרם,false,,7.90,0.0790,true,1,1468882
4017100219900,false,בלזן וופלטן וופל מגולגל מצופה שוקולד חלב 100 גרם,הדקלאים אגודת שיתופי,,גלילי וופל עם שוקולד,גרמים,100.00,100 גרם,false,,10.90,0.1090,true,1,1326529
4017100290503,false,ביסקוויט מצופה שוקולד בטעם תפוז בלזן 125 גרם,ליימן שליסל בע`מ,,ביסקוויט וופל שוקולד,גרמים,125.00,100 גרם,false,,10.90,0.0872,true,1,2397193
4017100291005,false,בלזן לייבניז בסקויט חמאה מצופה שוקולד מריר 125 גרם,הדקלאים אגודת שיתופי,,ביסקוויט וופל שוקולד,גרמים,125.00,100 גרם,false,,10.90,0.0872,true,1,1326533
4017100364112,false,בלזן היט בסקוויט סנדביץ עם מלית קרם בטעם שוקולד קקאו (41%) 220 גרם,הדקלאים אגודת שיתופי,,ביסקוויט ממולא וניל,גרמים,220.00,100 גרם,false,,7.90,0.0359,true,1,1326535
4018722100133,false,איטריות כוסמין וביצים אורגניות למרק 250ג,נטורפוד בעמ,,אטריות כוסמין וביצים,גרמים,250.00,100 גרם,false,,15.90,0.0636,true,1,1953219
4018722100157,false,פסטה פוזילי מקמח כוסמין מלא אורגני,האחים פלם הגפן,,פוזילי כוסמין מלא 25,גרמים,250.00,100 גרם,false,,12.90,0.0516,true,1,1953220
4018722100188,false,אלב גולד-אטריות רחבות כוסמין וביצים 250 גרם,נטורפוד בעמ,,אטריות רחבות כוסמין,גרמים,250.00,100 גרם,false,,15.90,0.0636,true,1,1953221
4018722102632,false,ספגטי כוסמין מלא אורגני 500 גרם,נטורפוד בעמ,,ספגטי כוסמין מלא אור,גרמים,500.00,100 גרם,false,,16.90,0.0338,true,1,1953222
4018722303459,false,אלב גולד - מקרוני כוסמין אורגני,נטורפוד בעמ,,מקרוני כוסמין אורגני,גרמים,250.00,100 גרם,false,,12.90,0.0516,true,1,1953224
4023800012109,false,מרציפן שלוקוורד מצופ,שוקוטרייד בעמ,,מרציפן 100 גרם,גרמים,100.00,100 גרם,false,,7.90,0.0790,true,1,1337196
4023800231647,false,בונבוניירה מוצארט 200 גרם Mozartkugeln,שוקוטרייד בעמ,,בונבו מוצרט קוגל 200,יחידה,0.00,יחידה,false,,19.90,0.0000,true,1,2276264
4025700001962,false,מילקה טבלה 100 גר' לבן 1/22 (4248023),דיפלומט מפיצים (1968) בעמ**,,מילקה שוקולד לבן 100,גרמים,100.00,100 גרם,false,,5.90,0.0590,true,1,2302478
4028208000284,false,נייר פילטר מספר 4 - BRIGITTA ובו 80 יחידות,דנשר (1963) בעמ,DE,מליטה נייר פילטר מספר 80,יח',80.00,יח',false,,11.90,0.1488,true,1,1353214
4037719066009,false,סוכריות צנצנת שי פירות 966גרם,שוקוטרייד בעמ,,סוכריות בצנצת שי,גרמים,1000.00,100 גרם,false,,39.90,0.0399,true,1,1337199
4037719068317,false,קוונדיש סוכריות בפחית פירות יער,קוונדיש והרווי C&H,,סוכריות פחיות טעם יע,גרמים,200.00,100 גרם,false,,9.90,0.0495,true,1,1337206
4037719068508,false,קוונדיש סוכריות בפחית תות לימון,שוקוטרייד בעמ,,סוכריות בפחית במילוי,גרמים,200.00,100 גרם,false,,9.90,0.0495,true,1,2429161
4037719068522,false,קוונדיש סוכריות בפחית דובדבן ליים,שוקוטרייד בעמ,,סוכריות בפחית במילוי,גרמים,200.00,100 גרם,false,,9.90,0.0495,true,1,2429163
4037719680212,false,קוונדיש סוכריות בפחית תות שדה,שוקוטרייד בעמ,,סוכריות פחיות טעם תו,גרמים,200.00,100 גרם,false,,9.90,0.0495,true,1,1337207
4045787068221,false,"אינדולה - פרוטאין צבע 1 שחור 60 מ""ל",שוורצקופף והנקל,DE,אינדולה פרוטאין קולור שפו,מיליליטרים,60.00,"100 מ""ל",false,,11.90,0.1983,true,1,1323070
4045787068238,false,צבע לשיער פרוטאין קולור- 10 בלונד בהיר מאוד,שוורצקופף והנקל,DE,אינדולה פרוטאין קולור שפו,מיליליטרים,60.00,"100 מ""ל",false,,11.90,0.1983,true,1,1323071
4045787068252,false,צבע לשיער פרוטאין קולור- 1000.1 אקסטרה בלונד אפרפר,שוורצקופף והנקל,DE,אינדולה פרוטאין קולור שפו,מיליליטרים,60.00,"100 מ""ל",false,,11.90,0.1983,true,1,1323073
4045787068306,false,"אינדולה - פרוטאין צבע 4 חום כהה 60 מ""ל",שוורצקופף והנקל,DE,אינדולה פרוטאין קולור שפו,מיליליטרים,60.00,"100 מ""ל",false,,11.90,0.1983,true,1,1323076
4045787068313,false,"אינדולה - פרוטאין צבע 4-37 שוקולד כהה 60 מ""ל",אינדולה Indola,DE,אינדולה פרוטאין קולור שפו,מיליליטרים,60.00,"100 מ""ל",false,,11.90,0.1983,true,1,1323077
4045787068320,false,"אינדולה - פרוטאין צבע 5 חום 60 מ""ל",שוורצקופף והנקל,DE,אינדולה פרוטאין קולור שפו,מיליליטרים,60.00,"100 מ""ל",false,,11.90,0.1983,true,1,1323078
4045787068337,false,"אינדולה - פרוטאין 5-35 חום שקד 60 מ""ל",אינדולה Indola,DE,אינדולה פרוטאין קולור שפו,מיליליטרים,60.00,"100 מ""ל",false,,11.90,0.1983,true,1,1323079
4045787068344,false,"אינדולה - פרוטאין צבע 5-4 ערמונים 60 מ""ל",אינדולה Indola,DE,אינדולה פרוטאין קולור שפו,מיליליטרים,60.00,"100 מ""ל",false,,11.90,0.1983,true,1,1323080
4045787068351,false,צבע לשיער פרוטאין קולור- 5.56 בורדו קטיפה,אינדולה Indola,DE,אינדולה פרוטאין קולור שפו,מיליליטרים,60.00,"100 מ""ל",false,,11.90,0.1983,true,1,1323081
4045787068375,false,"אינדולה - פרוטאין צבע 6 בלונד כהה 60 מ""ל",שוורצקופף והנקל,DE,אינדולה פרוטאין קולור שפו,מיליליטרים,60.00,"100 מ""ל",false,,11.90,0.1983,true,1,1323083
4045787068382,false,צבע לשיער פרוטאין קולור- 6.03 חום זהבהב,שוורצקופף והנקל,DE,אינדולה פרוטאין קולור שפו,מיליליטרים,60.00,"100 מ""ל",false,,11.90,0.1983,true,1,1323084
4045787068405,false,"צבע לשיער אינדולה פרוטאין חום שקד 6-23 60 מ""ל",אינדולה Indola,DE,אינדולה פרוטאין קולור שפו,מיליליטרים,60.00,"100 מ""ל",false,,11.90,0.1983,true,1,1323085
4045787068412,false,"אינדולה - פרוטאין צבע 6-37 שוקולד 60 מ""ל",אינדולה Indola,DE,אינדולה פרוטאין קולור שפו,מיליליטרים,60.00,"100 מ""ל",false,,11.90,0.1983,true,1,1323086
4045787068467,false,"אינדולה - פרוטאין צבע 7 בלונד בינוני 60 מ""ל",שוורצקופף והנקל,DE,אינדולה פרוטאין קולור שפו,מיליליטרים,60.00,"100 מ""ל",false,,11.90,0.1983,true,1,1323091
4045787068498,false,"אינדולה - פרוטאין צבע 7-3 דבש 60 מ""ל",שוורצקופף והנקל,DE,אינדולה פרוטאין קולור שפו,מיליליטרים,60.00,"100 מ""ל",false,,11.90,0.1983,true,1,1323093
4045787068511,false,צבע לשיער פרוטאין קולור- 7.44 דבש נחושתי,אינדולה Indola,DE,אינדולה פרוטאין קולור שפו,יחידה,0.00,יחידה,false,,11.90,0.0000,true,1,1323095
4045787068535,false,צבע לשיער פרוטאין קולור- 7.66 אדום זוהר,אינדולה Indola,DE,אינדולה פרוטאין קולור שפו,מיליליטרים,60.00,"100 מ""ל",false,,11.90,0.1983,true,1,1323096
4045787068542,false,"אינדולה - פרוטאין צבע 8 בלונד בהיר 60 מ""ל",שוורצקופף והנקל,DE,אינדולה פרוטאין קולור שפו,מיליליטרים,60.00,"100 מ""ל",false,,11.90,0.1983,true,1,1323097
4045787068566,false,"אינדולה - פרוטאין צבע 8-3 בלונד שמש 60 מ""ל",אינדולה Indola,DE,אינדולה פרוטאין קולור שפו,מיליליטרים,60.00,"100 מ""ל",false,,11.90,0.1983,true,1,1323098
4045787068610,false,"אינדולה - פרוטאין צבע 9 בלונד טבעי 60 מ""ל",שוורצקופף והנקל,DE,אינדולה פרוטאין קולור שפו,מיליליטרים,60.00,"100 מ""ל",false,,11.90,0.1983,true,1,1323100
4052197000017,false,"בירה בנדיקטינר חיטה לא מסוננת 500 מ""ל",בנדיקטינר וויצבראו,,בירה בנדקטינר,מיליליטרים,500.00,"100 מ""ל",false,,9.90,0.0198,true,1,2312456
4052197000369,false,שישיית בירה בנדיקטינר חיטה 330 מל*6,בנדיקטינר וויצבראו,,בירה בנדקטינר מארז ש,ליטרים,1.98,ליטר,false,,39.90,20.1515,true,1,2312457
4052197000925,false,"בירה בנדקטינר כהה בקבוק 500 מ""ל",בנדיקטינר וויצבראו,,בירה בנדקטינר,מיליליטרים,500.00,"100 מ""ל",false,,9.90,0.0198,true,1,2312459
4052197002806,false,"מארז בירה בנדיקטינר 4*500 מ""ל פחית",בנדיקטינר וויצבראו,,בירה בנדקטינר מארז ר,ליטרים,2.00,ליטר,false,,29.90,14.9500,true,1,2312460
4053700292455,false,ויט רצועות שעווה מוכנות להסרת שיער לעור רגיל 12 יחידות,רקיט בנקיזר (ניר איסט) בעמ,FR,ויט רצועות שעווה לעור רגי,יחידה,0.00,יחידה,false,,29.90,0.0000,true,1,1309331
4054596745780,false,פלסטר נקסקר אקטיב אח,,,פלסטר נקסקר אקטיב אח,יח',30.00,יח',false,,24.90,0.8300,true,1,2363096
4054596758742,false,פלסטר נקסקר אקטיב מע,,,פלסטר נקסקר אקטיב מע,יח',30.00,יח',false,,24.90,0.8300,true,1,2363097
4054596879157,false,פלסטר גמיש אולטרה נמ,,,פלסטר גמיש אולטרה נמ,יח',5.00,יח',false,,24.90,4.9800,true,1,2381724
4054596879188,false,פלסטר נקסקר קול לבני,,,פלסטר נקסקר קול לבני,יח',20.00,יח',false,,24.90,1.2450,true,1,2383614
4054596918320,false,נקסקר דואו מגוון 20,,,נקסקר דואו מגוון 20,יחידו,20.00,יחידו,false,,29.90,1.4950,true,1,2409530
4054596918337,false,נקסקר דואו מעטפית 8,,,נקסקר דואו מעטפית 8,יחידו,8.00,יחידו,false,,19.90,2.4875,true,1,2409531
4054596918344,false,נקסקר דואו רחב 5 יח',,,נקסקר דואו רחב 5 יח',יחידו,5.00,יחידו,false,,29.90,5.9800,true,1,2409532
4056800649884,false,"וולה - פלקס ספריי לנפח ליומיים 250 מ""ל",פרוקטר אנד גמבל,,ספריי לשיער וולה פלק,מיליליטרים,250.00,"100 מ""ל",false,,29.90,0.1196,true,1,2330593
4056800693061,false,וולהפלקס ג'ל חזק במיוחד 150 מל,פרוקטר אנד גמבל,FR,"וולה פלקס ג'ל 150 מ""ל",מיליליטרים,150.00,"100 מ""ל",false,,11.90,0.0793,true,1,1307298
4056800777709,false,קולסטון קיט 12/0 בלונד אקסטרא בהיר מאוד,דיפלומט מפיצים (1986) בע`מ,DE,קולסטון קיט 12/0 בלונד אק,גרמים,165.00,100 גרם,false,,39.90,0.2418,true,1,1307302
4056800777822,false,צבע לשיער קולסטון קיט 3/0 חום כהה,פרוקטר אנד גמבל,DE,קולסטון קיט 3/0 חום כהה,גרמים,165.00,100 גרם,false,,39.90,0.2418,true,1,1307306
4056800779413,false,צבע לשיער קולסטון קיט 8/74 אגוז חושני,פרוקטר אנד גמבל,DE,קולסטון קיט 8/74 אגוז חוש,גרמים,165.00,100 גרם,false,,39.90,0.2418,true,1,1307330
4056800912483,false,"וולה - פלקס מוס למראה שיער מלא 200 מ""ל",דיפלומט מפיצים (1968) בעמ,,מוס לשיער למראה שיער,מיליליטרים,200.00,"100 מ""ל",false,,24.90,0.1245,true,1,2330586
4056800943739,false,קרם חמצן וולוקסון Welloxon 6%,דיפלומט מפיצים (1986) בע`מ,FR,וולוקסון 6%,מיליליטרים,75.00,"100 מ""ל",false,,3.90,0.0520,true,1,1307338
4056800943791,false,קרם חמצן וולוקסון Welloxon 9%,דיפלומט מפיצים (1986) בע`מ,FR,וולוקסון 9%,מיליליטרים,75.00,"100 מ""ל",false,,3.90,0.0520,true,1,1307339
4056800980444,false,צבע לשיער קולסטון מיני קיט סגול 3/66,HFC פרסטיג',,צבע קולסטון מיני קיט,גרמים,150.00,100 גרם,false,,24.90,0.1660,true,1,1911252
4062400115483,false,"טקילה סיירה סילבר 700 מ""ל",אגדת,,טקילה סיירה סילבר,מיליליטרים,700.00,"100 מ""ל",false,,89.90,0.1284,true,1,2312521
4064666232386,false,"וולה - פלקס ספריי לעיצוב אולטרה גמיש 250 מ""ל",דיפלומט מפיצים (1968) בעמ,,ספריי לעיצוב אולטרה,מיליליטרים,250.00,"100 מ""ל",false,,29.90,0.1196,true,1,2423848
4064666232409,false,"וולה - פלקס מוס לעיצוב אקסטרה גמיש 200 מ""ל",דיפלומט מפיצים (1968) בעמ,,מוס לשיער וולה פלקס,מיליליטרים,200.00,"100 מ""ל",false,,24.90,0.1245,true,1,2423850
4064666232416,false,"וולה - פלקס מוס לעיצוב אולטרה גמיש 200 מ""ל",דיפלומט מפיצים (1968) בעמ,,מוס לשיער וולה פלקס,מיליליטרים,200.00,"100 מ""ל",false,,24.90,0.1245,true,1,2423851
4064900057133,false,מחדד מתכת כפול מיכל,,,מחדד מתכת כפול מיכל,יחידה,0.00,יחידה,false,,9.90,0.0000,true,1,2305898
4064900061086,false,מחק פסטל צבעוני,,,מחק פסטל צבעוני,יחידה,0.00,יחידה,false,,2.90,0.0000,true,1,2363733
4066600601920,false,פאולנר ביתר חיטה מעוננת 500 מל,טמפו משקאות בע`מ,,"בירה פאולנר 500 מ""ל",מיליליטרים,500.00,"100 מ""ל",false,,10.90,0.0218,true,1,2292751
4066600612049,false,"בירה פאולנר אורטובר פאסט 500 מ""ל בקובק",טמפו משקאות בע`מ,,בירה פאולנר אוקטוברפ,מיליליטרים,500.00,"100 מ""ל",false,,10.90,0.0218,true,1,2274788
4066600999614,false,"בירה פאולנר, בירת חיטה מעוננת, בקבוק 500 מ""ל",טמפו משקאות בע`מ,,"בירה פאולנר 500 מ""ל",מיליליטרים,500.00,"100 מ""ל",false,,10.90,0.0218,true,1,1501090
4067700014849,false,ליקר ייגרמייסטר 700מ`ל,הכרם -משקאות חריפים בע`מ,,ייגרמייסטר ליקר,מיליליטרים,700.00,"100 מ""ל",false,,79.90,0.1141,true,1,1469175
4072700001171,false,בירה ספאטן מינכן בקבוק 500 מל,Spaten,,בירה ספאטן לאגר גרמנ,מיליליטרים,500.00,"100 מ""ל",false,,9.90,0.0198,true,1,2334218
4072700001188,false,"בירה פרנסיסקאנר כהה בקבוק 500 מ""ל",הכרם -משקאות חריפים בע`מ,,בירה פרנסיסקאנר כהה,מיליליטרים,500.00,"100 מ""ל",false,,9.90,0.0198,true,1,1324067
4072700001775,false,בירה פרנסיסקאנר בהירה מעוננת בפחית,הכרם -משקאות חריפים בע`מ,,בירה פרנסיסקאנר קריס,מיליליטרים,500.00,"100 מ""ל",false,,9.90,0.0198,true,1,1735813
4084500065536,false,פנטן קרם לחות מוגברת לעיצוב שיער 300 מל,דיפלומט מפיצים (1968) בעמ,,"קרם לחות פנטן 300 מ""",מיליליטרים,300.00,"100 מ""ל",false,,18.90,0.0630,true,1,1307341
4084500065598,false,"קרם לחות פנטן לתלתלים מושלמים 300 מ""ל",דיפלומט מפיצים (1968) בעמ,,"קרם לחות פנטן 300 מ""",מיליליטרים,300.00,"100 מ""ל",false,,18.90,0.0630,true,1,1372405
4084500081314,false,משחת שיניים פרו אקספרט לניקוי עמוק בטעם מנטה,דיפלומט מפיצים (1968) בעמ,,משחת שיניים אוראל בי,מיליליטרים,75.00,"100 מ""ל",false,,9.90,0.1320,true,1,2279759
4084500088917,false,נוזל לניקוי כלים לימון פיירי (650 מל),דיפלומט מפיצים (1986) בע`מ,GB,פיירי אוריגינל 750מ'ל,מיליליטרים,650.00,"100 מ""ל",false,,11.90,0.0183,true,1,1393144
4084500149526,false,טייד גל כביסה 2.48 ליטר אלפים רענן,דיפלומט מפיצים (1986) בע`מ,FR,טייד ג'ל 2.48 ליטר,ליטרים,2.48,ליטר,false,,29.90,12.0565,true,1,1307347
4084500178137,false,נוזל כביסה טייד 4 ליטר,דיפלומט מפיצים (1968) בעמ,FR,טייד ג'ל 4 ליטר,ליטרים,4.00,ליטר,false,,35.90,8.9750,true,1,1307348
4084500739253,false,"אוראל בי משחת שיניים- להלבנה לובן מהודר 75 מ""ל",דיפלומט מפיצים (1968) בעמ,,אורל בי משחת שיניים,מיליליטרים,75.00,"100 מ""ל",false,,19.90,0.2653,true,1,2332118
4084500853553,false,פיירי נוזל כלים קלאסי אורגינל 650 מל,דיפלומט מפיצים (1986) בע`מ,GB,פיירי אוריגינל 750מ'ל,מיליליטרים,650.00,"100 מ""ל",false,,11.90,0.0183,true,1,1393145
4084500853836,false,"נוזל כלים פיירי ורדים ומשי 515 מ""ל בד""צ",דיפלומט מפיצים (1986) בע`מ,GB,פיירי אלוורה ומלפפונים 6,מיליליטרים,515.00,"100 מ""ל",false,,11.90,0.0231,true,1,1393148
4084500853898,false,"נוזל כלים פיירי אלוורה ומלפפונים 515 מ""ל בד""צ",דיפלומט מפיצים (1986) בע`מ,GB,פיירי אלוורה ומלפפונים 6,מיליליטרים,515.00,"100 מ""ל",false,,11.90,0.0231,true,1,1393149
4100130937163,false,בירה בקס שישייה 6*275 מל,הכרם -משקאות חריפים בע`מ,,בירה בקס שישיה,ליטרים,1.65,ליטר,false,,24.90,15.0909,true,1,1735805
4105120623941,false,"בירה ויינשטפן בק' ח""פ 500 מ""ל",החברה המרכזית להפצת משקאות בעמ,,"בירה ויינשטפן 500 מ""",מיליליטרים,500.00,"100 מ""ל",false,,9.90,0.0198,true,1,1806923
4105120624412,false,"ויינשטפן ויטוס בק`ח""פ 500 מ""ל",החברה המרכזית להפצת משקאות בעמ,,בירה ויינשטפן ויטוס,מיליליטרים,500.00,"100 מ""ל",false,,10.90,0.0218,true,1,2349743
4210201094531,false,אורל בי ראש חשמלי פלוס אקשן 4 יח,דיפלומט,,אורל בי ראש חשמלי פל,יח',4.00,יח',false,,84.90,21.2250,true,1,2311119
4210201176534,false,אורל בי ראש חשמלי סנסיטיב זוג,דיפלומט,,2יח ראש אורל בי ראש,יח',2.00,יח',false,,59.90,29.9500,true,1,2388866
4210201176688,false,אורל בי ראש חשמלי סנסיטיב רביעייה,דיפלומט מפיצים (1968) בעמ,,4 ראש אורל בי ראש חש,יח',4.00,יח',false,,84.90,21.2250,true,1,2388867
4210201181477,false,אורל בי ראש חשמלי לילדים פרוזן 4 יחידות,פרוקטר אנד גמבל,,4 ראש מברשת שיניים ח,יח',4.00,יח',false,,84.90,21.2250,true,1,1980693
4210201262183,false,מברשת שיניים חשמלית ויטליטי Vitality נטענת,דיפלומט מפיצים (1968) בעמ,,מברשת שיניים חשמלית,יחידה,0.00,יחידה,false,,84.90,0.0000,true,1,2305192
4210201354369,false,אורל בי ראש חשמלי קרוס אקשן 4 יחידות,דיפלומט מפיצים (1968) בעמ,,4 ראש אורל בי ראש חש,יח',4.00,יח',false,,84.90,21.2250,true,1,2388868
4210201360742,false,אורל בי ראש חשמלי ניקוי יסודי רביעייה,דיפלומט מפיצים (1968) בעמ,,4 ראש אורל בי ראש חש,יח',4.00,יח',false,,84.90,21.2250,true,1,2388869
4210201822448,false,אורל בי מברשת שיניים עם סוללות פרואקספרט,פרוקטר & גמבל,,מברשת שיניים עם סולל,יחידה,0.00,יחידה,false,,59.90,0.0000,true,1,1474204
4251760800034,false,תומס הנרי אשכולית ור,,,תומס הנרי אשכולית ור,מיליליטרים,200.00,"100 מ""ל",false,,5.90,0.0295,true,1,2384775
4260147890537,false,אטריות ביצים רצועות רחבות 500 גר,דין שיווק וקליה 2021 בעמ,,איטריות ביצים ברצועו,גרמים,500.00,100 גרם,false,,9.90,0.0198,true,1,1327551
4260147890551,false,אטריות ביצים רצועות שקדיה 500 גרם,דין שיווק וקליה 2021 בעמ,,איטריות ביצים רצועות,גרמים,500.00,100 גרם,false,,9.90,0.0198,true,1,1327552
4260147890711,false,אטריות ביצים מגולגלות שקדיה 500 גרם,דין שיווק וקליה 2021 בעמ,,איטריות ביצים מגולגל,גרמים,500.00,100 גרם,false,,9.90,0.0198,true,1,1327553
4260310552569,false,משקה תומס הנרי טוניק,סטאטליך באד מינברגר,,טוניק תומס הנרי,מיליליטרים,200.00,"100 מ""ל",false,,5.90,0.0295,true,1,2071941
4260310552590,false,משקה תומס הנרי גינגר,,,ג'ינג'ר ביר תומס הנר,מיליליטרים,200.00,"100 מ""ל",false,,5.90,0.0295,true,1,2071943
4260334140049,false,שוקולד גנדויה טבעוני עם אגוזי לוז 65 גר,וגו גוד,,שוקולד ג'נדויה טבעונ,גרמים,65.00,100 גרם,false,,12.90,0.1985,true,1,2150780
4260334140193,false,וגו ממרח אגוזי לוז וקקאו אורגני 200 גרם,גוד פוד פרודקטס S.p,,ממרח אגוזי לוז אורגנ,גרמים,200.00,100 גרם,false,,24.90,0.1245,true,1,2172635
4260334140605,false,שוקולד ג'נדויה טבעוני עם אגוזי לוז שלמים 150 גרם ללא גלוטן,האי נאם סי או אל.טי.,,שוקולד ג'נדויה טבעונ,גרמים,150.00,100 גרם,false,,19.90,0.1327,true,1,2320076
4446668881135,false,מערוך עץ פורטוגלי,,,מערוך עץ פורטוגלי,יחידה,0.00,יחידה,false,,9.90,0.0000,true,1,2353845
4446668881449,false,מוט לנייר קרם,,,מוט לנייר קרם,יחידה,0.00,יחידה,false,,9.90,0.0000,true,1,2353846
4511428200010,false,ביטוי פיט דר` מל ספרי לנעל 6-1,חלאבין,,ספריי לנעלים,מיליליטרים,250.00,"100 מ""ל",false,,24.90,0.0996,true,1,1728017
4600659010854,false,וודקה סטוליצ`יניה (700 מל),הכרם -משקאות חריפים בע`מ,,וודקה סטוליצ'ניה 700,מיליליטרים,700.00,"100 מ""ל",false,,59.90,0.0856,true,1,1333818
4600659011059,false,וודקה סטולי פרימיום 1 ליטר,הכרם - משקאות חריפים בעמ,,וודקה סטוליצניה,ליטרים,1.00,ליטר,false,,79.90,79.9000,true,1,1333819
4601576004032,false,מיונז מצטה חוזייקי זיתים רוטב לסלט 876 ג,OAO ZHIROVOY KOMBINA,,רוטב לסלט מצ'טה חוזי,גרמים,873.00,100 גרם,false,,19.90,0.0228,true,1,1334875
4601576004100,false,מיונז מצטה חוזייקי קלאסי רוטב לסלט 873 ג,OAO ZHIROVOY KOMBINA,,מיונז מצ'טה חוזייקי,גרמים,873.00,100 גרם,false,,19.90,0.0228,true,1,1334876
4602486002071,false,"וודקה בלנקאיה גולד 700 מ""ל",מזקקת גאורגייבסקי קר,,וודקה בלנקאיה,מיליליטרים,700.00,"100 מ""ל",false,,59.90,0.0856,true,1,2349693
4603400000043,false,וודקה רוסקי יורוסטנדרט (700 מל),רוסקי סטנדרט וודקה,,"וודקה רוסקי 700מ""ל",מיליליטרים,700.00,"100 מ""ל",false,,69.90,0.0999,true,1,1334877
4603400000180,false,"וודקה סטנדרט פלטינום 700 מ""ל",RUSSIAN STANDART,,"וודקה רוסקי 700מ""ל פ",מיליליטרים,700.00,"100 מ""ל",false,,99.90,0.1427,true,1,1334879
4603400001026,false,רוסקי סטנדרט גולד 700 מ'ל ^^^,רוסקי סטנדרט וודקה,,וודקה רוסקי סטנדרט ג,מיליליטרים,700.00,"100 מ""ל",false,,89.90,0.1284,true,1,1334882
4603928000976,false,"בלוגה נובל וודקה 700 מ""ל+כוס הייבול",מרינסקי ליקרו-וודאצ'\ני,,"וודקה בילוגה 700 מ""ל",מיליליטרים,700.00,"100 מ""ל",false,,129.90,0.1856,true,1,1347358
4603928000983,false,וודקה בלוגה נובל 1 ליטר,מרינסקי ליקרו-וודאצ'ני ז,,וודקה בלוגה 1 ליטר,ליטרים,1.00,ליטר,false,,159.90,159.9000,true,1,1368732
4605246003523,false,תה גרינפילד שחור גולדן צילוני 25 שקי 50 גר,גרינפילד Greenfield,RU,תה גרינפילד 25\1 שק ציילו,גרמים,50.00,100 גרם,false,,11.90,0.2380,true,1,1347786
4605246003585,false,תה גרינפילד ירוק סיני 25 שקי 50 גר,גרינפילד Greenfield,RU,תה גרינפילד 25\1 שק ירוק,גרמים,50.00,100 גרם,false,,11.90,0.2380,true,1,1347788
4605246003738,false,תה גרינפילד ירוק יסמין 25 שקי 50 גר,אורימי,RU,תה גרינפילד 25\1 שק ירוק,גרמים,50.00,100 גרם,false,,11.90,0.2380,true,1,1347789
4605246004322,false,חליטה תה גרינפילד ריץי קמומיל 25 שקי,גרינפילד Greenfield,RU,תה גרינפילד 25\1 שק רומשק,גרמים,37.50,100 גרם,false,,11.90,0.3173,true,1,2104701
4605246004339,false,חליטה תה גרינפילד סאמר בוקט 25 שקי,גרינפילד Greenfield,RU,תה גרינפילד 25\1 שק פטל,גרמים,50.00,100 גרם,false,,11.90,0.2380,true,1,2328373
4605246004346,false,תה קינמון 1/25 גרינפילד 37.5 גר,אורימי,RU,תה גרינפילד 25\1 שק קינמו,גרמים,37.50,100 גרם,false,,11.90,0.3173,true,1,2335618
4605246004353,false,תה גרינפילד ירוק נענע ומליסה 25 שקי 37.5 גר,גרינפילד Greenfield,RU,תה גרינפילד 25\1 שק ירוק,גרמים,45.00,100 גרם,false,,11.90,0.2644,true,1,1347796
4605246005251,false,תה גרינפילד שחור ספרינג מלודי 25 שקי,אורימי,RU,תה גרינפילד 25\1 שק ספרינ,גרמים,37.50,100 גרם,false,,11.90,0.3173,true,1,1347803
4605246007118,false,תה גרינפילד שחור לימון 25 שקי 37.5 גר,גרינפילד Greenfield,RU,תה גרינפילד 25\1 שק לימון,גרמים,37.50,100 גרם,false,,11.90,0.3173,true,1,1347808
4605246009969,false,תה גרינפילד אוכמניות 1/25 שקיקים,אורימי,RU,תה גרינפילד 25\1 שק אוכמנ,גרמים,37.50,100 גרם,false,,11.90,0.3173,true,1,2335619
4605246013690,false,תה גרינפלד בתפזורת 100 גר Summer Bouquet,,,תה גרינפילד תערובת ח,גרמים,50.00,100 גרם,false,,11.90,0.2380,true,1,2328374
4605246013881,false,תה ירוק בטעם גינגר וחבושים-25 שקיות,אורימי,,תה גרינפילד בטעם ג'י,גרמים,37.50,100 גרם,false,,11.90,0.3173,true,1,2335622
4605246013904,false,חליטה תה גרינפילד רוייבוס 25 שקי 37.5,אורימי,,תה גרינפילד פירות יע,גרמים,37.50,100 גרם,false,,11.90,0.3173,true,1,2335623
4605561010305,false,"חתיכות פילה הרינג עם שמיר בשמן 17.6 אונקיה, 500 גרם",דילר בי.אמ.די פורמולה בעמ,,פילה הרינג עם שמיר ב,גרמים,500.00,100 גרם,false,,26.90,0.0538,true,1,2409550
4605561011975,false,חתיכות פילה דג הרינג בשמן מצונן 150 גרם,דילר בי.אם.די. פורמולה בעמ,,חתיכות פילה הרינג בש,גרמים,150.00,100 גרם,false,,7.90,0.0527,true,1,2409554
4605561012613,false,פילה דג הרינג קצוץ בשמן 400 גרם,דילר בי.אם.די. פורמולה בעמ,,פילה הרינג (קצוץ) בש,גרמים,400.00,100 גרם,false,,15.90,0.0398,true,1,2409555
4605561013009,false,פילה דג הרינג בשמן 400 גרם,דילר בי.אם.די. פורמולה בעמ,,פילה הרינג בשמן 400,גרמים,400.00,100 גרם,false,,15.90,0.0398,true,1,2409556
4607002990474,false,עגבניות מוחמצות דיאדיה וניה 680 גר,רוסקויי פולה אלבאשי,,עגבניות מוחמצות,גרמים,680.00,100 גרם,false,,11.90,0.0175,true,1,2284065
4607002990481,false,עגבניות במיץ עגבניות דיאדיה וניה 680 גרם,דדיה ואניה,,עגבניות במיץ עגבניות,גרמים,680.00,100 גרם,false,,11.90,0.0175,true,1,2077192
4607002995752,false,אסורטי עגבניות/מלפפונים דיאדיה וניה 680,דדיה ואניה,,עגבניות ומלפפונים מו,גרמים,680.00,100 גרם,false,,11.90,0.0175,true,1,2077193
4607002995868,false,"פלפלים ברוטב עגבניות ""לצ'ו""",דדיה ואניה,,שימורי ירקות מוחמצים,גרמים,680.00,100 גרם,false,,11.90,0.0175,true,1,2077194
4607002997558,false,סלט הונגרי דיאדיה וניה 460 גרם,דדיה ואניה,,סלט הונגרי 460 גרם,גרמים,460.00,100 גרם,false,,9.90,0.0215,true,1,2327187
4607002999309,false,שעועית לבנה אפויה דיאדיה וניה 480 גר,דדיה ואניה,,תבשיל שעועית לבנה אפ,גרמים,480.00,100 גרם,false,,9.90,0.0206,true,1,2327192
4607002999323,false,ממרח חצילים דיאדיה וניה 460 גר,דדיה ואניה,,ממרח חצילים 460 גרם,גרמים,460.00,100 גרם,false,,9.90,0.0215,true,1,2327193
4607012351005,false,גרעיני חמניות מרטין ללא מלח 200 גרם,"נארז ע""י : א.ג. גילר",,גרעיני חמניות ללא מל,גרמים,200.00,100 גרם,false,,12.90,0.0645,true,1,1486521
4607012351128,false,גרעיני חמניות מרטין 500 גרם,מרטין,,גרעיני חמניות מרטין,גרמים,500.00,100 גרם,false,,26.90,0.0538,true,1,2084282
4607012351999,false,גרעיני חמניות מרטין עם מלח 200 גרם,"נארז ע""י : א.ג. גילר",,גרעיני חמניות עם מלח,גרמים,200.00,100 גרם,false,,12.90,0.0645,true,1,1486522
4607012352095,false,גרעיני חמניות מרטין עם מלח 500 גרם,מרטין,,גרעיני חמניות 500 גר,גרמים,500.00,100 גרם,false,,26.90,0.0538,true,1,2084283
4607012352453,false,גרעיני חמניות מרטין פסים עם מלח 150 גר,אל אל סי מרטין,,גרעיני חמניות עם פסי,גרמים,150.00,100 גרם,false,,8.90,0.0593,true,1,1820055
4607012352538,false,גרעיני חמניות מרטין מיקס 200 גרם,מרטין,,גרעיני חמניות מיקס -,גרמים,200.00,100 גרם,false,,12.90,0.0645,true,1,2021578
4607012352606,false,גרעיני חמניות מרטין מיקס 3 סוגים 200 גרם,מרטין,,גרעיני חמניות מיקס -,גרמים,200.00,100 גרם,false,,12.90,0.0645,true,1,2021579
4607083550482,false,שמן חמניות אוליינה 1,,,שמן חמניות 1ליטר,ליטרים,1.00,ליטר,false,,9.90,9.9000,true,1,1704507
4607083550505,false,שמן חמניות 3 ליטר,,,שמן חמניות 3 ליטר,ליטרים,3.00,ליטר,false,,24.90,8.3000,true,1,1722338
4607109409619,false,פיניש הכל ב-1 טבליות למדיח 25 יח,רקיט בנקיזר (ניר איסט) בעמ,,פיניש 25 טבליות AIO,יח',25.00,יח',false,,29.90,1.1960,true,1,1465813
4610028130052,false,וודקה לג'נד אוף קרמלין Legend of Kremlin,"איטאר בע""מ קלינינגרד",,וודקה לג'נד אוף קרמל,מיליליטרים,700.00,"100 מ""ל",false,,109.90,0.1570,true,1,2349695
4640018993343,false,פיניש קוואנטום קפסולות ג'ל למדיח כלים 30 יח',רקיט בנקיזר (ניר איסט) בעמ,,טבליות למדיח כלים 30,יח',30.00,יח',false,,34.90,1.1633,true,1,2308514
4640018993350,false,פיניש קוואנטום קפסולות ג'ל למדיח כלים לימון 30 יח',רקיט בנקיזר (ניר איסט) בעמ,,טבליות למדיח כלים 30,יח',30.00,יח',false,,34.90,1.1633,true,1,2308515
4640018993398,false,פיניש קוואנטום 60 יח' קפסולות ג'ל למדיח כלים,רקיט בנקיזר (ניר איסט) בעמ,,טבליות למדיח כלים 60,יח',60.00,יח',false,,54.90,0.9150,true,1,2308517
4710068001692,false,מאסטר קפה בטעם לאטה בפחית 240מ`ל,תאיט מרקטינג אנד דיסטריב,,מאסטר קפה,מיליליטרים,240.00,"100 מ""ל",false,,5.90,0.0246,true,1,1306389
4710068001715,false,משקה בטעם טירמיסו מאסטר קפה (240 מל),יוני פרזינדנט אנטרפר,,מאסטר קפה טרמיסו,מיליליטרים,250.00,"100 מ""ל",false,,5.90,0.0236,true,1,1306390
4710068001739,false,מאסטר קפה בטעם קולומביאני בפחית 240מ`ל,יוני פרזינדנט אנטרפר,,מאסטר קפה קולומביאני,מיליליטרים,250.00,"100 מ""ל",false,,5.90,0.0236,true,1,1306391
4710068002798,false,מאסטר קפה בטעם וניל בפחית 240מ`ל,מאיטה פוד אינדוסטריאל קו,,מאסטר קפה ונילה,מיליליטרים,250.00,"100 מ""ל",false,,5.90,0.0236,true,1,2236452
4711476002790,false,"קפה קר פיפו לאטה 240 מ""ל זכוכית",,,קפה קר פיפו לאטה זכו,מיליליטרים,240.00,"100 מ""ל",false,,7.90,0.0329,true,1,2398450
4711476002813,false,"קפה קר פיפו למוקצינו 240 מ""ל זכוכית",,,קפה קר פיפו מוקצ'ינו,מיליליטרים,240.00,"100 מ""ל",false,,7.90,0.0329,true,1,2398451
4740098079309,false,"סיידר ""FIZZ"" אוכמניות 500 מ""ל","""cesu alus""",,סיידר פיז אוכמניות 5,מיליליטרים,500.00,"100 מ""ל",false,,7.90,0.0158,true,1,1486702
4740098079316,false,"סיידר ""FIZZ"" תות שדה 500 מ""ל","""cesu alus""",,סיידר פיז תות שדה 50,מיליליטרים,500.00,"100 מ""ל",false,,7.90,0.0158,true,1,1486703
4740098079323,false,סיידר אלכוהול אגס 0.,"""cesu alus""",,"סיידר פיז אגס 500 מ""",מיליליטרים,500.00,"100 מ""ל",false,,7.90,0.0158,true,1,2249104
4740098084440,false,"סיידר ""FIZZ"" תפוח עץ 500 מ""ל","""cesu alus""",,סיידר פיז תפוח-עץ 50,מיליליטרים,500.00,"100 מ""ל",false,,7.90,0.0158,true,1,1663090
4750021000133,false,וודקה סטולי פרמיום,הכרם משקאות חריפים בעמ,,וודקה סטולי פרמיום,מיליליטרים,500.00,"100 מ""ל",false,,49.90,0.0998,true,1,2289001
4750021003905,false,"וודקה סטוליצניה גולד 700 מ""ל",אס פי איי SPI (סטולי,,וודקה סטולי,מיליליטרים,700.00,"100 מ""ל",false,,89.90,0.1284,true,1,1847202
4750021005725,false,וודקה סטולי 40% כשרה לפסח ללא גלוטן 700,הכרם -משקאות חריפים בע`מ,,וודקה סטולי כשר לפסח,מיליליטרים,700.00,"100 מ""ל",false,,79.90,0.1141,true,1,1847203
4750142002719,false,"בירה בירה לא מסוננת צסו יורמלה 500 מ""ל","""cesu alus""",,בירה בפחית לא מסוננת,מיליליטרים,500.00,"100 מ""ל",false,,6.90,0.0138,true,1,2406104
4750142003426,false,"בירה פילסנר פחית 500 מ""ל אקסטרה",צ'סו אלוס,,בירה פילזנר בהירה בפ,מיליליטרים,500.00,"100 מ""ל",false,,6.90,0.0138,true,1,2305038
4750142004980,false,"בירה פרימיום צסו 568 מ""ל","""cesu alus""",,בירה צ'סו פרמיום 568,מיליליטרים,568.00,"100 מ""ל",false,,8.90,0.0157,true,1,2406096
4750142005000,false,"בירה כהה בוהמיין צסו 568 מ""ל","""cesu alus""",,בירה צ'סו כהה בוהמיי,מיליליטרים,568.00,"100 מ""ל",false,,8.90,0.0157,true,1,2406097
4750142005062,false,"בירה ברוזה לא מסוננת צסו 568 מ""ל","""cesu alus""",,בירה ברוז'ה לא מסונן,מיליליטרים,568.00,"100 מ""ל",false,,8.90,0.0157,true,1,2406098
4750142016518,false,בירה צסו לא מסוננת 5.4% 568 מל,צ'סו אלוס,,בירה צ'סו לא מסונן 5,מיליליטרים,568.00,"100 מ""ל",false,,8.90,0.0157,true,1,1486682
4750142021505,false,"בירה PILSENER בהירה 4.7% פחית 500 מ""ל",צ'סו אלוס,,בירה פילזנר .בהירה ב,מיליליטרים,500.00,"100 מ""ל",false,,6.90,0.0138,true,1,1820033
4750616000258,false,שפרוטים גדולים מעושנים בשמן צמחי,בריויאס וילניוס,,שימורי דגים שפרוטים,גרמים,190.00,100 גרם,false,,7.90,0.0416,true,1,2077203
4750616000593,false,דגי שפרוטים גדולים מעושנים,בריויאס וילניוס,,שימורי דגים שפרוטים,גרמים,190.00,100 גרם,false,,7.90,0.0416,true,1,2077204
4750616001194,false,שפרוטים מעושנים ריגה 240 גרם פ.ק,בריויאס וילניוס,,שימורי דגים שפרוטים,גרמים,240.00,100 גרם,false,,7.90,0.0329,true,1,1973836
4750616001361,false,סלאקה מעושנת בשמן 190 גר BRIVAIS VILNIS,בריויאס וילניוס,,שימורי דגים סלאקה מע,גרמים,190.00,100 גרם,false,,7.90,0.0416,true,1,1973837
4750616001651,false,דגי שיפרוט גדולים מעושנים בשמן צמחי,בריויאס וילניוס,,שימורי דגים שפרוטים,גרמים,240.00,100 גרם,false,,7.90,0.0329,true,1,1973830
4750616001989,false,ממרח שפרוטים 250 גרם פ.ק,בריויאס וילניוס,,שימורי דגים פטה שפרו,גרמים,240.00,100 גרם,false,,4.90,0.0204,true,1,1973845
4750616002276,false,קילקה עם צילי במיץ עגבניות 240 גר,בריויאס וילניוס,,שימורי דגים קילקה עם,גרמים,240.00,100 גרם,false,,4.90,0.0204,true,1,1973846
4750616002337,false,קילקה במיץ עגבניות בריווס וילנוס 240 גר,בריויאס וילניוס,,שימורי דגים קילקה במ,גרמים,240.00,100 גרם,false,,4.90,0.0204,true,1,1973838
4750616002344,false,קילקה עם ירקות במיץ עגבניות 240 גר,בריויאס וילניוס,,שימורי דגים קילקה עם,גרמים,240.00,100 גרם,false,,4.90,0.0204,true,1,1973847
4770237049290,false,גלידת שמנת בטעם וניל בציפוי צימקאו על מקל פלומביר 58 גר' SVALIA,פיאנו זיואיגזדס,,גלידה אסקימו עגול פל,גרמים,58.00,100 גרם,false,,5.90,0.1017,true,1,2128342
4770237049443,false,גלידת שמנת בטעם קרמל- קרם ברולה פלומביר בגביע וופל אישי 70 גר' SVALIA,אייס דילר בי.אמ.די בעמ,,גלידה קרם ברולה פלומ,גרמים,70.00,100 גרם,false,,5.90,0.0843,true,1,2128344
4770237049450,false,גלידת שמנת בטעם וניל בגביע וופל אישי פלומביר 70 גר' SVALIA,אייס דילר בי.אמ.די בעמ,,גלידה פלומביר בכוס 7,גרמים,70.00,100 גרם,false,,5.90,0.0843,true,1,2128345
4770237050432,false,גלידת שמנת בטעם שוקולד פלומביר בגביע וופל אישי 70 גר' SVALIA,אייס דילר בי.אמ.די בעמ,,גלידה שוקולד פלומביר,גרמים,70.00,100 גרם,false,,5.90,0.0843,true,1,2128346
4770237052092,false,גלידת שמנת בטעם וניל בציפוי צימקאו בגביע וופל אישי 85 גר' SVALIA,אייס דילר בי.אמ.די בעמ,,גלידה סליבוצ'נויה בג,גרמים,85.00,100 גרם,false,,5.90,0.0694,true,1,2128347
4770237054423,false,גלידת ס שרבט מנגו עם אפרסק בגביע וופל אישי 85 גר' SVALIA,אייס דילר בי.אמ.די בעמ,,גלידה שרבט עם מנגו ו,גרמים,85.00,100 גרם,false,,5.90,0.0694,true,1,2128348
4770237055574,false,גלידת שמנת בטעם וניל בגביע וופל עם שקדים בציפוי צימקאו SVALYA גר 85,פיאנו זיואיגזדס,,גלידה SVALYA סליבוצ',גרמים,85.00,100 גרם,false,,5.90,0.0694,true,1,2128351
4770237056748,false,גלידת שמנת משובחת בטעם וניל בציפוי בטעם מסטיק SVALIA גר 58,אייס דילר בי.אמ.די בעמ,,גלידה אסקימו עגול פל,גרמים,70.00,100 גרם,false,,5.90,0.0843,true,1,2312300
4770608239138,false,ויסקס פאוץ' ביף 100 גרם,ויסקס Whiskas,PL,ויסקס פאוצ' ביף 100 גרם,גרמים,100.00,100 גרם,false,,4.90,0.0490,true,1,1319005
4770608239152,false,מזון לחתול ויסקס סלו,ויסקס Whiskas,PL,ויסקס פאוצ' סלמון 100 גרם,גרמים,100.00,100 גרם,false,,4.90,0.0490,true,1,1319006
4770608239305,false,מזון לחתול ויסקס פאו,ויסקס Whiskas,PL,ויסקס פאוצ' ג'וניור 100 ג,גרמים,100.00,100 גרם,false,,4.90,0.0490,true,1,1319007
4792032060454,false,"גרין קוקו - מי קוקוס אורגניים 330 מ""ל",נטורפוד בעמ,,מי קוקוס אורגני 330,מיליליטרים,330.00,"100 מ""ל",false,,8.90,0.0270,true,1,1469536
4796019790013,false,שמן קוקוס כבישה קרה אורגני גרין קוקו 300,נטורפוד בעמ,,שמן קוקוס אורגני 300,מיליליטרים,300.00,"100 מ""ל",false,,19.90,0.0663,true,1,1469537
4796019790020,false,שמן קוקוס אורגני כבישה קרה גרין קוקו 500,נטורפוד בעמ,,שמן קוקוס אורגני 500,מיליליטרים,500.00,"100 מ""ל",false,,29.90,0.0598,true,1,1469538
4796019790037,false,שמן קוקוס אורגני כבישה קרה גרין קוקו 1 ל,נטורפוד בעמ,,שמן קוקוס אורגני 1 ל,מיליליטרים,1000.00,"100 מ""ל",false,,49.90,0.0499,true,1,1469539
4800888150080,false,"דאב - דאודורנט רול און לאישה פרש טאצ' מלפפונים 50 מ""ל",יוניליוור ישראל שיווק בע`מ,PH,דאב דאו רול-און פרש 50טאץ,מיליליטרים,50.00,"100 מ""ל",false,,17.90,0.3580,true,1,1341377
4800888209382,false,רקסונה דאודורנט סטיק אינביזיבל 50 גרם (נשים),יוניליוור ישראל שיווק בע`מ,,דאודורנט סטיק רקסונה,מיליליטרים,50.00,"100 מ""ל",false,,16.90,0.3380,true,1,2307358
4800888209405,false,רקסונה - דאודורנט סטיק לגבר קובלט דריי 50 גרם,"יוניליוור ישראלשיווק בע""מ",,דאודורנט סטיק רקסונה,מיליליטרים,50.00,"100 מ""ל",false,,16.90,0.3380,true,1,2300259
4800888210197,false,דאודורנט סטיק לנשים בניחוח קוקוס ויסמין,"יוניליוור ישראל שיווק בע""מ",,דאב דאו סטיק קוקוס 5,גרמים,50.00,100 גרם,false,,18.90,0.3780,true,1,2285089
4800888219510,false,דאב - דאודורנט סטיק לאישה פרש מלפפונים 50 גרם,יוניליוור ישראל שיווק בע`מ,,דאב דאו סטיק מלפפוני,גרמים,50.00,100 גרם,false,,18.90,0.3780,true,1,2360153
4800888219527,false,דאב - דאודורנט סטיק לאישה ללא סימן אינביזיבל 50 גרם,יוניליוור ישראל שיווק בעמ,,דאב דאו סטיק אינביזי,גרמים,50.00,100 גרם,false,,18.90,0.3780,true,1,2360154
4800888219534,false,דאב - דאודורנט סטיק לאישה אנטי פרספירמט 50 גרם,יוניליוור ישראל שיווק בע`מ,,דאב סטיק אורגינל 50,גרמים,50.00,100 גרם,false,,18.90,0.3780,true,1,2354051
4800888219541,false,רקסונה - דאודורנט סטיק לאישה פאוודר דרי 50 גרם,"יוניליוור ישראל שיווק בע""מ",,דאודורנט סטיק רקסונה,מיליליטרים,150.00,"100 מ""ל",false,,16.90,0.1127,true,1,2369875
4801234159856,false,גלייד מיני-ג'ל מפיץ ריח בניחוח מרכך כביסה 70 גרם,ג'ינסו ג'ונסון טונגד,ID,גלייד מיני ג'ל בניחוח מרכ,גרמים,75.00,100 גרם,false,,6.90,0.0920,true,1,1353225
4801234159863,false,גלייד מיני-ג'ל מפיץ ריח בניחוח חבצלות ופרחי בר 70 גרם,המאפיה של הרמן,ID,גלייד מיני ג'ל בניחוח חבצ,גרמים,75.00,100 גרם,false,,6.90,0.0920,true,1,1353226
4810168000011,false,פילה דג הרינג מלוח מצונן 250 גרם,דילר בי.אם.די. פורמולה בעמ,,פילה דג הרינג מלוח מ,גרמים,250.00,100 גרם,false,,13.90,0.0556,true,1,2128447
4810168000998,false,פילה דג הרינג מלוח מצונן עם בצל בצנצנת חתיכות 260גרם,דילר בי.אם.די. פורמולה בעמ,,חתיכות פילה דג הרינג,גרמים,260.00,100 גרם,false,,17.90,0.0688,true,1,2128449
4810168001056,false,פילה דג הרינג מלוח מצונן בצנצנת חתיכות 260גרם,דילר בי.אם.די. פורמולה בעמ,,חתיכות פילה דג הרינג,גרמים,260.00,100 גרם,false,,17.90,0.0688,true,1,2128450
4810168018795,false,חתיכות פילה דג הרינג מלוח מצונן 200גרם,דילר בי.אם.די. פורמולה בעמ,,חתיכות פילה דג הרינג,גרמים,200.00,100 גרם,false,,13.90,0.0695,true,1,2128451
4810168019051,false,חתיכות פילה דג הרינג מלוח מצונן עם תבלין 200גרם,דילר בי.אם.די. פורמולה בעמ,,חתיכות פילה דג הרינג,גרמים,200.00,100 גרם,false,,13.90,0.0695,true,1,2128452
4810168024512,false,פילה דג הרינג מלוח מצונן עם תבלין בצנצנת חתיכות 260 גרם,דילר בי.אם.די. פורמולה בעמ,,חתיכות פילה דג הרינג,גרמים,260.00,100 גרם,false,,17.90,0.0688,true,1,2128453
4810168037888,false,גלידת שמנת וניל בציפוי צימקאו עם אגוזי לוז YUKKI,Santa Bremor,,YUKKI גלידה פלומביר,גרמים,65.00,100 גרם,false,,5.90,0.0908,true,1,2128355
4810168038267,false,גלידת שמנת בטעם וניל פלומביר בציפוי צימקאו אסקימו 65 גר YUKKI,אייס דילר בי.אמ.די בעמ,,גלידה פלומביר אסקימו,גרמים,65.00,100 גרם,false,,5.90,0.0908,true,1,2128356
4810168038977,false,גלידת שמנת בטעם וניל בגביע וופל אישי פלומביר 75 גרם YUKKI,אייס דילר בי.אמ.די בעמ,,"גלידה פלומביר בכוס """,גרמים,75.00,100 גרם,false,,5.90,0.0787,true,1,2128357
4810168038984,false,גלידת שמנת משובחת בטעם וניל וופל בין השכבות 80 גר YUKKI,אייס דילר בי.אמ.די בעמ,,גלידה פלומביר בריקט,גרמים,80.00,100 גרם,false,,5.90,0.0738,true,1,2128358
4810168038991,false,גלידת שמנת בטעם שוקולד בגביע וופל אישי פלומביר 75 גר YUKKI,אייס דילר בי.אמ.די בעמ,,גלידה שוקולד פלומביר,גרמים,75.00,100 גרם,false,,5.90,0.0787,true,1,2128359
4810168039004,false,גלידה פלומביר משפחתי 400 גר,,,גלידה פלומביר משפחתי,גרמים,400.00,100 גרם,false,,23.90,0.0597,true,1,2128360
4810168045098,false,גלידת שמנת בטעם קרם ברולה בגביע וופל YUKKI,אייס דילר בי.אמ.די בעמ,,YUKKI גלידה קרם ברול,גרמים,70.00,100 גרם,false,,5.90,0.0843,true,1,2128364
4810168045432,false,גלידת שמנת וניל במילוי קרם טראפל בציפוי צימקאו YUKKI,santa bremor,,"גלידה טרופל אסקימו """,גרמים,65.00,100 גרם,false,,5.90,0.0908,true,1,2128365
4810168045906,false,גלידה שמנת וניל שקדים אסקימו 75 גרם,אייס דילר בי.אמ.די בעמ,,גלידה שמנת וניל שקדי,גרמים,75.00,100 גרם,false,,7.90,0.1053,true,1,2383708
4810168045913,false,גלידה שמנת קקאו בראוניז אסקימו 75 גרם,אייס דילר בי.אמ.די בעמ,,גלידה שמנת קקאו בראו,גרמים,75.00,100 גרם,false,,7.90,0.1053,true,1,2383709
4810168053031,false,YUKKI גלידת שמנת משובחת בטעם שוקולד וופל בין שכבות 80גר,אייס דילר בי.אמ.די בעמ,,גלידה פלומביר בריקט,גרמים,80.00,100 גרם,false,,5.90,0.0738,true,1,2377595
4810168057435,false,חתיכות פילה דג XXLהרינג מלוח בשמן מצונן 400 גרם,דילר בי.אם.די. פורמולה בעמ,,חתיכות פילה דג הרינג,גרמים,400.00,100 גרם,false,,26.90,0.0672,true,1,2409562
4810168057510,false,חתיכות פילה דג הרינג מתובל מלוח בשמן 400 גרם,דילר בי.אם.די. פורמולה בעמ,,חתיכות פילה דג הרינג,גרמים,400.00,100 גרם,false,,26.90,0.0672,true,1,2409563
4810168058975,false,חתיכות פילה דג הרינג סקנדינבי מלוח מצונן 260 גר,דילר בי.אם.די. פורמולה בעמ,,חתיכות פילה דג הרינג,גרמים,260.00,100 גרם,false,,17.90,0.0688,true,1,2415086
4810168058982,false,חתיכות פילה דג הרינג סקנדינבי מלוח בשמן 400 גר,דילר בי.אם.די. פורמולה בעמ,,חתיכות פילה דג הרינג,גרמים,400.00,100 גרם,false,,26.90,0.0672,true,1,2415087
4810168058999,false,פילה דג הרינג סקנדינבי מלוח מצונן 250 גרם,דילר בי.אמ.די פורמולה בעמ,,פילה דג הרינג סקנדינ,גרמים,250.00,100 גרם,false,,13.90,0.0556,true,1,2409565
4820015165206,false,גלידת שמנת משובחת בטעם וניל בגביע וופל אישי פלומביר 70 גר',אייס דילר בי.אמ.די בעמ,,גלידה פלומביר בכוס מ,גרמים,70.00,100 גרם,false,,5.90,0.0843,true,1,2128367
4820015165213,false,גלידת שמנת משובחת בטעם וניל פלומביר שכבות וופל 90 גרם,ז'יטומרסקי זאבוד,,גלידה פלומביר בריקט,גרמים,90.00,100 גרם,false,,5.90,0.0656,true,1,2128368
4820080720584,false,"וודקה חלבני 700 מ""ל דאר קלסיק 700מל כ",יורוסטנדרט בעמ,,"וודקה קלאסיק 700מ""ל",מיליליטרים,700.00,"100 מ""ל",false,,54.90,0.0784,true,1,1334886
4820080720768,false,"וודקה חלבני 700 מ""ל דאר פשניצ'ניה 700מל כ",NATIONAL ALCOHOL COM,,"וודקה פשניצניה 700מ""",מיליליטרים,700.00,"100 מ""ל",false,,54.90,0.0784,true,1,1334887
4820080724735,false,"וודקה חלבני 700 מ""ל 'נא פרורושנום זרנה' 700מל כ",NATIONAL ALCOHOL COM,,וודקה חלבני דאר,מיליליטרים,700.00,"100 מ""ל",false,,54.90,0.0784,true,1,1334891
4820154722469,false,"גלידת שמנת בטעם וניל ""אסקימוס"" 80גר.",אייס דילר בי.אמ.די בעמ,,"גלידה ""אסקימוס"" כוס",גרמים,80.00,100 גרם,false,,5.90,0.0738,true,1,2128379
4820154723275,false,גלידה בטעם וניל בציפוי שוקולד מריר בכוס אסקימוס 80 גרם,אייס דילר בי.אמ.די בעמ,,"גלידה ""אסקימוס"" אסקי",גרמים,80.00,100 גרם,false,,5.90,0.0738,true,1,2128381
4820154723442,false,"גלידת שמנת משובחת בטעם וניל ושוקולד בגביע וופל ""אמפרזה"" 100 גר'",אייס דילר בי.אמ.די בעמ,,"גביע ""אמפרזה"" טריפל",גרמים,100.00,100 גרם,false,,7.90,0.0790,true,1,2128383
4820154725187,false,גלידה בטעם שוקולד בציפוי שוקולד מריר בכוס אסקימוס 80 גרם,אייס דילר בי.אמ.די בעמ,,גליסה אסקימוס אססקימ,גרמים,80.00,100 גרם,false,,5.90,0.0738,true,1,2262488
4820154727938,false,גלידה חלבית בשומן צמחי בטעם מלון וליים אסקימו 85 גרם,אייס דילר בי.אמ.די בעמ,,גלידה אסקימו מלון לי,גרמים,85.00,100 גרם,false,,5.90,0.0694,true,1,2262489
4820163880167,false,"מאג רוז 260 מ""ל",,,"מאג רוז 260 מ""ל",יחידה,0.00,יחידה,false,,3.90,0.0000,true,1,2195962
4820163881966,false,צנצנת הרמטית,,,צנצנת הרמטית,יחידה,0.00,יחידה,false,,8.90,0.0000,true,1,2345366
4820198873264,false,תה שחור ריצ ציילון 2,,,תה שחור 25 שקיות,גרמים,45.00,100 גרם,false,,9.90,0.2200,true,1,2281344
4823077602863,false,רושן סוכריות ג'לי קרייזי פצ'ולקה 200 גרם,דילר בי.אמ.די.אינטרנשויונל בעמ,UA,סוכ.דבורה משוגעת 200 ג בש,גרמים,200.00,100 גרם,false,,6.90,0.0345,true,1,2356059
4823077604379,false,"סוכריות ראצקי 1 ק""ג רושן",קייב קרמנציק,,סוכריות קשות במילוי,גרמים,1000.00,100 גרם,false,,24.90,0.0249,true,1,2128245
4823077608513,false,רושן סוכריות טופי חלב קורבקה 205 גרם,דילר בי.אמ.די.אינטרנשויונל בעמ,,סוכריות טופי חלב קור,גרמים,205.00,100 גרם,false,,6.90,0.0337,true,1,2128267
4823077608933,false,"סוכריות לצנה 1 ק""ג רושן",,,סוכריות שוקולד לצ'נה,גרמים,1000.00,100 גרם,false,,54.90,0.0549,true,1,2128269
4823077612732,false,רושן סוכריות ממולאות בטעם פירות ביים בום 200 גרם,דילר בי.אמ.די.אינטרנשויונל בעמ,,סוכריות קשות ממולאות,גרמים,150.00,100 גרם,false,,4.90,0.0327,true,1,2189389
4823077613203,false,שוקולד רושן מריר + פונדוק שלם 90 גר רושן,דילר בי.אמ.די.אינטרנשויונל בעמ,,שוקולד רושן מריר + פ,גרמים,90.00,100 גרם,false,,7.90,0.0878,true,1,2128274
4823077613630,false,חטיף שוקולד רושן ממולה קרם בורלה 43 גרם,דילר בי.אמ.די.אינטרנשויונל בעמ,,חטיף שוקולד באטונצ'י,גרמים,40.00,100 גרם,false,,3.90,0.0975,true,1,2347859
4823077614699,false,ביסקוויט לקפה רושן בטעם חמאה וניל 185 גרם,דילר בי.אמ.די.אינטרנשויונל בעמ,,ביסקוויט לקפה רושן,גרמים,185.00,100 גרם,false,,3.90,0.0211,true,1,2429260
4823077614767,false,שוקולד רושן חלב נוגט בטעם אגוזי לוז 90 גרם,דילר בי.אמ.די.אינטרנשויונל בעמ,,שוקולד רושן חלב נוגט,גרמים,90.00,100 גרם,false,,4.90,0.0544,true,1,2363676
4823077614804,false,שוקולד רושן חלב נוגט בטעם אוכמניות כחולות 90 גרם,דילר בי.אמ.די.אינטרנשויונל בעמ,,שוקולד חלב נוגט בטעם,גרמים,90.00,100 גרם,false,,4.90,0.0544,true,1,2128279
4823077617041,false,חטיף שוקולד רושן ממולה קרם קרמל 43 גרם,דילר בי.אמ.די.אינטרנשויונל בעמ,,חטיף שוקולד באטונצ'י,גרמים,40.00,100 גרם,false,,3.90,0.0975,true,1,2128283
4823077618901,false,בונבוניירה רושן דובדבן ליקר רום 150 גרם,דילר בי.אמ.די.אינטרנשויונל בעמ,,בונבוניירה שוטרס רום,גרמים,150.00,100 גרם,false,,12.90,0.0860,true,1,2128284
4823077621635,false,חטיף שוקולד רושן בטעם חלב 72 גרם,דילר בי.אמ.די.אינטרנשויונל בעמ,,וופל רושן אישי,גרמים,72.00,100 גרם,false,,3.90,0.0542,true,1,2386023
4823077621642,false,חטיף שוקולד רושן בטעם שוקולד 72 גר,דילר בי.אמ.די.אינטרנשויונל בעמ,,וופל רושן אישי,גרמים,72.00,100 גרם,false,,3.90,0.0542,true,1,2386024
4823077621659,false,חטיף שוקולד רושן בטעם אגוז 72 גר,דילר בי.אמ.די.אינטרנשויונל בעמ,,וופל רושן אישי,גרמים,72.00,100 גרם,false,,3.90,0.0542,true,1,2386025
4823077623684,false,רושן סוכריות ממולאות קרם בטעם חלב סוייט דרופס 150 גרם,דילר בי.אמ.די.אינטרנשויונל בעמ,,סוכריות קשות ממולאות,גרמים,150.00,100 גרם,false,,4.90,0.0327,true,1,2175260
4823077623714,false,רושן סוכריות טופי ממולאים בטעם חלב מילקי ספלש 150 גרם,דילר בי.אמ.די.אינטרנשויונל בעמ,,סוכריות טופי בטעם חל,גרמים,180.00,100 גרם,false,,6.90,0.0383,true,1,2128295
4823077624223,false,"רושן ממתקי סוכריות ג'ילי ""בוני פרוט"" בטעמי פירות 200 גר",דילר בי.אמ.די.אינטרנשויונל בעמ,,"ממתקי ג'ילי ""בוני פר",גרמים,200.00,100 גרם,false,,6.90,0.0345,true,1,2247498
4823077625145,false,ממתקי שוקולד מריר עם דובדבן בליקר דובדבן,דילר בי.אמ.די.אינטרנשויונל בעמ,,בונבוניירה דובדבן+ ל,גרמים,155.00,100 גרם,false,,12.90,0.0832,true,1,2175261
4823077625589,false,וופל וואפרס חלב רושן 216 גר,דילר בי.אמ.די.אינטרנשויונל בעמ,,וופל רושן בטעם חלב,גרמים,216.00,100 גרם,false,,6.90,0.0319,true,1,2429271
4823077625602,false,וופל וואפרס שוקולד רושן 216 גר,דילר בי.אמ.די.אינטרנשויונל בעמ,,וופל רושן בטעם שוקול,גרמים,216.00,100 גרם,false,,6.90,0.0319,true,1,2429272
4823077625626,false,וופל וואפרס אגוז רושן 216 גר,דילר בי.אמ.די.אינטרנשויונל בעמ,,וופל רושן בטעם אגוז,גרמים,216.00,100 גרם,false,,6.90,0.0319,true,1,2429273
4823077626203,false,שוקולד רושן אורירי מריר 80 גרם,דילר בי.אמ.די.אינטרנשויונל בעמ,,שוקולד אורירי חלב 80,גרמים,80.00,100 גרם,false,,6.90,0.0863,true,1,2247499
4823077626227,false,שוקולד רושן אורירי חלב 80 גרם,דילר בי.אמ.די.אינטרנשויונל בעמ,,שוקולד אורירי חלב 80,גרמים,80.00,100 גרם,false,,6.90,0.0863,true,1,2247500
4823077626241,false,שוקולד רושן אורירי לבן קרמל 80 גרם,דילר בי.אמ.די.אינטרנשויונל בעמ,,שוקולד אורירי לבן קר,גרמים,80.00,100 גרם,false,,6.90,0.0863,true,1,2247501
4823077626364,false,שוקולד רושן אורירי לבן 80 גרם,דילר בי.אמ.די.אינטרנשויונל בעמ,,שוקולד אורירי לבן 80,גרמים,80.00,100 גרם,false,,6.90,0.0863,true,1,2247502
4823077629136,false,שוקולד רושן חלב lacmuי 90 גרם,דילר בי.אמ.די.אינטרנשויונל בעמ,,שוקולד רושן חלב,גרמים,90.00,100 גרם,false,,6.90,0.0767,true,1,2414644
4823077630422,false,"סנדוויץ' קרקר חלב וניל רושן 235 גרם "" 2 CRACK """,דילר בי.אמ.די.אינטרנשויונל בעמ,,סנדוויץ קרקר רושן,גרמים,235.00,100 גרם,false,,9.90,0.0421,true,1,2384983
4823077630439,false,"סנדוויץ' קרקר שוקולד רושן 235 גרם "" 2 CRACK """,דילר בי.אמ.די.אינטרנשויונל בעמ,,סנדוויץ קרקר רושן,גרמים,235.00,100 גרם,false,,9.90,0.0421,true,1,2384984
4823077631467,false,קרקר עם מלח ים רושן 168 גר HI DAY,דילר בי.אמ.די.אינטרנשויונל בעמ,,קרקר עם מלח ים רושן,גרמים,168.00,100 גרם,false,,4.90,0.0292,true,1,2429261
4823077631474,false,קרקר קלאסי רושן 168 גר HI DAY,דילר בי.אמ.די.אינטרנשויונל בעמ,,קרקר קלאסי רושן,גרמים,168.00,100 גרם,false,,4.90,0.0292,true,1,2429262
4823077631856,false,גליליות ופל רושן קונפטו קוקוס 140 גרם,דילר בי.אמ.די.אינטרנשויונל בעמ,,"גליליות רושן ""קונאפט",גרמים,140.00,100 גרם,false,,6.90,0.0493,true,1,2429274
4823077632112,false,וופל רושן בטעם קקאו חלב 216 גרם,דילר בי.אמ.די.אינטרנשויונל בעמ,,וופל רושן בטעם קקאו,גרמים,216.00,100 גרם,false,,6.90,0.0319,true,1,2429276
4823077632259,false,חטיף שוקולד רושן עם בוטנים 43 גרם,דילר בי.אמ.די.אינטרנשויונל בעמ,,חטיף שוקולד חלב ממו,גרמים,40.00,100 גרם,false,,3.90,0.0975,true,1,2341481
4823077632570,false,שוקולד רושן BRUT מריר 85 גרם,דילר בי.אמ.די.אינטרנשויונל בעמ,,שוקולד רושן מריר,גרמים,85.00,100 גרם,false,,6.90,0.0812,true,1,2362286
4823077632587,false,שוקולד רושן חלב עם שקד שלם 90 גר` LACMI,דילר בי.אמ.די.אינטרנשויונל בעמ,,שוקולד רושן חלב,גרמים,90.00,100 גרם,false,,7.90,0.0878,true,1,2362292
4823077633034,false,"גליליות וופל רושן ""קונאפטו"" קקאו 140 ג",דילר בי.אמ.די.אינטרנשויונל בעמ,,"גליליות רושן ""קונאפט",גרמים,140.00,100 גרם,false,,6.90,0.0493,true,1,2429277
4823077633058,false,"גליליות וופל רושן ""קונאפטו"" אגוז 140 ג",דילר בי.אמ.די.אינטרנשויונל בעמ,,"גליליות רושן ""קונאפט",גרמים,140.00,100 גרם,false,,6.90,0.0493,true,1,2429278
4823077633317,false,עוגיות שוקוצ'יפס LOVITA שוקולד עם חתיכות שוקולד 150 גרם,דילר בי.אמ.די.אינטרנשויונל בעמ,,עוגיות שוקולד עם חתי,גרמים,150.00,100 גרם,false,,6.90,0.0460,true,1,2429279
4823077633324,false,עוגיות שוקוצ'יפס LOVITA עם חתיכות שוקולד 150 גרם,דילר בי.אמ.די.אינטרנשויונל בעמ,,עוגיות שוקוצ'יפס חתי,גרמים,150.00,100 גרם,false,,6.90,0.0460,true,1,2429280
4823077633331,false,עוגיות שוקוצ'יפס LOVITA בטעם תפוז 150 גרם,דילר בי.אמ.די.אינטרנשויונל בעמ,,עוגיות רושן בטעם תפ,גרמים,150.00,100 גרם,false,,6.90,0.0460,true,1,2429281
4823077633348,false,עוגיות שוקוצ'יפס LOVITA עם חתיכות בוטנים 150 גרם,דילר בי.אמ.די.אינטרנשויונל בעמ,,עוגיות רושן עם חתיכ,גרמים,150.00,100 גרם,false,,6.90,0.0460,true,1,2429282
4823077633508,false,חטיף שוקולד רושן במילוי קרם קקאו מצופה 34 גרם,דילר בי.אמ.די.אינטרנשויונל בעמ,,וופל רושן אישי,גרמים,72.00,100 גרם,false,,3.90,0.0542,true,1,2414638
4823077633515,false,חטיף שוקולד רושן במילוי קרם חלבי מצופה 34 גרם,דילר בי.אמ.די.אינטרנשויונל בעמ,,וופל רושן אישי,גרמים,72.00,100 גרם,false,,3.90,0.0542,true,1,2414639
4823077633690,false,בונבוניירה רושן שוטרס ויסקי 150 גרם,דילר בי.אמ.די.אינטרנשיונל בעמ,,בונבוניירה רושן שוטר,גרמים,155.00,100 גרם,false,,12.90,0.0832,true,1,2376409
4823077634116,false,"סוכריות טופי חלב KOROVKA רושן 1 ק""ג",,,סוכריות רושן קורובקה,יחידה,0.00,יחידה,false,,24.90,0.0000,true,1,2358744
4823077634192,false,עוגיות רושן LOVITA במילוי דובדבן וניל 168 גרם,דילר בי.אמ.די.אינטרנשויונל בעמ,,עוגיות במילוי דובדבן,גרמים,168.00,100 גרם,false,,6.90,0.0411,true,1,2385002
4823077634222,false,עוגיות Lovita ממולאות ג'לי תפוז מצופות צימקאו,דילר בי.אמ.די.אינטרנשויונל בעמ,,עוגיות במילוי תפוז,גרמים,135.00,100 גרם,false,,6.90,0.0511,true,1,2385008
4823077634246,false,עוגיות Lovita ממולאות ג'לי פטל מצופות צימקאו,דילר בי.אמ.די.אינטרנשויונל בעמ,,עוגיות במילוי פטל,גרמים,135.00,100 גרם,false,,6.90,0.0511,true,1,2385009
4823077634277,false,עוגיות Lovita ממולאות ג'לי תות שדה מצופות צימקאו,דילר בי.אמ.די.אינטרנשויונל בעמ,,עוגיות במילוי תות שד,גרמים,135.00,100 גרם,false,,6.90,0.0511,true,1,2385010
4823077634369,false,שוקולד רושן חלב אוורירי ופצפוצי אורז 85 גר LACMI CRISP,דילר בי.אמ.די.אינטרנשויונל בעמ,,שוקולד רושן חלב,גרמים,85.00,100 גרם,false,,6.90,0.0812,true,1,2414645
4823077634376,false,שוקולד רושן חלב אוורירי קרם אגוזים lacmuי 85 גרם,דילר בי.אמ.די.אינטרנשויונל בעמ,,שוקולד רושן חלב,גרמים,85.00,100 גרם,false,,6.90,0.0812,true,1,2414646
4823077634413,false,עוגות אישיות TOO COOL תות שדה 270 גרם,דילר בי.אמ.די.אינטרנשיונל בעמ,,עוגות אישיות מצופות,גרמים,270.00,100 גרם,false,,13.90,0.0515,true,1,2385017
4823077634420,false,"עוגות אישיות ""TOO COOL"" חלב 270 גר 6 יחידות",דילר בי.אמ.די.אינטרנשיונל בעמ,,עוגות אישיות מצופות,גרמים,270.00,100 גרם,false,,13.90,0.0515,true,1,2385018
4823077634741,false,עוגיות רושן LOVITA במילוי תות שדה 168 גרם,דילר בי.אמ.די.אינטרנשויונל בעמ,,עוגיות במילוי תות ש,גרמים,168.00,100 גרם,false,,6.90,0.0411,true,1,2385003
4823077635489,false,חטיף וופל רושן קרם קקאו JOHNY KROCKERי 350 גרם,דילר בי.אמ.די.אינטרנשויונל בעמ,,חטיף וופל רושן קרם ק,גרמים,350.00,100 גרם,false,,16.90,0.0483,true,1,2429283
4823077635533,false,חטיף וופל רושן קרם חלב JOHNY KROCKERי 350 גרם,דילר בי.אמ.די.אינטרנשויונל בעמ,,חטיף וופל רושן קרם ח,גרמים,350.00,100 גרם,false,,16.90,0.0483,true,1,2429284
4823077635793,false,"וופלים דקיקים רושן ""THINS"" בטעם חלב וניל 55 גר",דילר בי.אמ.די.אינטרנשיונל בעמ,,וופלים דקיקים רושן,גרמים,55.00,100 גרם,false,,4.90,0.0891,true,1,2429263
4823077635809,false,"וופלים דקיקים רושן ""THINS"" בטעם קקאו 55 גר",דילר בי.אמ.די.אינטרנשיונל בעמ,,וופלים דקיקים רושן,גרמים,55.00,100 גרם,false,,4.90,0.0891,true,1,2429264
4823077635816,false,"וופלים דקיקים רושן ""THINS"" בטעם אגוזי לוז 55 גר",דילר בי.אמ.די.אינטרנשיונל בעמ,,וופלים דקיקים רושן,גרמים,55.00,100 גרם,false,,4.90,0.0891,true,1,2429265
4823077636004,false,עוגיות Lovita ממולאות ג'לי דובדבן מצופות צימקאו,דילר בי.אמ.די.אינטרנשויונל בעמ,,עוגיות במילוי קקאו ד,גרמים,135.00,100 גרם,false,,6.90,0.0511,true,1,2385011
4823077636172,false,וופל רושן בטעם לימון 216 גרם,דילר בי.אמ.די.אינטרנשויונל בעמ,,וופל רושן בטעם לימון,גרמים,216.00,100 גרם,false,,6.90,0.0319,true,1,2429285
4823077636554,false,סוכריות ממולאות קרם בטעם חלב טיפת חלב 378 גרם,דילר בי.אמ.די.אינטרנשויונל בעמ,,סוכריות ממולאות קרם,גרמים,378.00,100 גרם,false,,11.90,0.0315,true,1,2429292
4823077636561,false,סוכריות ממולאות בטעם חלב קפה קפה לייק 378 גרם,דילר בי.אמ.די.אינטרנשויונל בעמ,,סוכריות ממולאות בטעם,גרמים,378.00,100 גרם,false,,11.90,0.0315,true,1,2429293
4823077636578,false,סוכריות טופי כוס חלב מילקי ספלאש 325 גרם,דילר בי.אמ.די.אינטרנשויונל בעמ,,סוכריות טופי כוס חלב,גרמים,325.00,100 גרם,false,,11.90,0.0366,true,1,2429294
4823077636585,false,סוכריות ג`לי טופי מינקי בינקי 325 גר` רו,דילר בי.אמ.די.אינטרנשויונל בעמ,,סוכריות רושן טופי,גרמים,325.00,100 גרם,false,,11.90,0.0366,true,1,2429295
4823077636608,false,רושן סוכריות טופי במילוי שוקולד טופלין 325 גרם,דילר בי.אמ.די.אינטרנשויונל בעמ,,סוכריות טופי רושן במ,גרמים,325.00,100 גרם,false,,11.90,0.0366,true,1,2429296
4823097809747,false,גלידת שמנת משובחת כם שבבי שוקולד 70גר,אייס דילר בי.אמ.די בעמ,,גלידה פלומביר בכוס מ,גרמים,70.00,100 גרם,false,,5.90,0.0843,true,1,2376325
4823097809778,false,גלידה שוקולד בריקט פלומביר 90 גרם,ז'יטומרסקי זאבוד,,גלידה בריקט שוקולד 9,גרמים,90.00,100 גרם,false,,5.90,0.0656,true,1,2360254
4823097809785,false,"גלידת שמנת משובחת בטעם וניל 1ק""ג שרוול",אייס דילר בי.אמ.די בעמ,,גלידה שמנת משובחת ונ,גרמים,1000.00,100 גרם,false,,35.90,0.0359,true,1,2353978
4823097809808,false,גלידת שמנת משובחת בטעם וניל 500גר,אייס דילר בי.אמ.די בעמ,,גלידה משובחת בטעם שו,גרמים,500.00,100 גרם,false,,21.90,0.0438,true,1,2382426
4823097809815,false,גלידה וניל עם אוכמניות שחורות וכחולות אסקימוס,אייס דילר בי.אמ.די בעמ,,גלידה חלבית עם אוכמ,גרמים,85.00,100 גרם,false,,5.90,0.0694,true,1,2356075
4823097809921,false,גלידת שמנת משובחת בטעם שוקולד 500גר,אייס דילר בי.אמ.די בעמ,,גלידה משובחת בטעם שו,גרמים,500.00,100 גרם,false,,21.90,0.0438,true,1,2377570
4823097810019,false,"גלידת ונילה קרמל בוופל אמפרזה, 100 גרם",אייס דילר בי.אמ.די בעמ,,"גביע ""אמפרזה"" טריפל",גרמים,100.00,100 גרם,false,,7.90,0.0790,true,1,2377605
4840008018319,false,דובשניות עם שזיף 400 גרם פרנצלוטה,פרנזלוטה,,דובשניות עם שזיף -40,גרמים,400.00,100 גרם,false,,7.90,0.0198,true,1,1971287
4840008018333,false,דובשניות טעם דבש 400 גרם פרנצלוטה,פרנזלוטה,,דובשניות בטעם דבש 40,גרמים,400.00,100 גרם,false,,7.90,0.0198,true,1,1971288
4840008018371,false,דובשניות סברנייה 400 גרם פרנצלוטה,פרנזלוטה,,דובשניות צפניות-סברנ,גרמים,400.00,100 גרם,false,,7.90,0.0198,true,1,1971289
4840709002440,false,"ברנדי קווינט 3 500 מ""ל כשר",יורוסטנדרט בעמ,,ברנדי קווינט,מיליליטרים,500.00,"100 מ""ל",false,,54.90,0.1098,true,1,2021621
4860009000014,false,מיץ רימונים 100% סחוט ללא תוספת סוכר,תומר ייבוא ושיווק מוצרי מזון [,,נקטר רימונים 100% טב,ליטרים,1.00,ליטר,false,,19.90,19.9000,true,1,1339652
4860019001346,false,בורז'ומי מים מינרליים טבעיים 500מ'ל חדש,אי די אס בורגומי,,מים בורזומי מינרליים,מיליליטרים,500.00,"100 מ""ל",false,,6.90,0.0138,true,1,1334892
4860019001414,false,מים מינרליים 750 מל בורזוימי,האי נאם סי או אל.טי.,,מים בורג'ומי מינרלים,מיליליטרים,750.00,"100 מ""ל",false,,6.90,0.0092,true,1,1334894
4860019001421,false,"שישייה מים מינרלים בורג`ומי 750מ""ל",יורוסטנדרט בעמ,,מים בורזום טבעיים מא,ליטרים,4.50,ליטר,false,,39.90,8.8667,true,1,2187412
4865602000027,false,"מים מינרלים מוגזים ""נבגלבי"" 1 ליטר PET",נבגלבי,,מים מינרלים נבגלבי מ,ליטרים,1.00,ליטר,false,,5.90,5.9000,true,1,1971290
4891228302023,false,ס.גילוח שיק אקסטרים 3 אולטימייט לגבר 4 י,ש.שסטוביץ בעמ,,סכיני גילוח שיק אקסט,יח',3.00,יח',false,,19.90,6.6333,true,1,1442154
4891228304454,false,שיק היידרו 5 סנס מכשיר+סכין 1,ארץ ייצור סכינים: ארהבn\,,מכשיר שיק היידרו 5 ס,יחידה,0.00,יחידה,false,,49.90,0.0000,true,1,2149063
4891228304478,false,שיק היידרו 5 סנס רביעיית סכינים,ארץ ייצור סכינים: ארהבn\,,רביעיית סכינים שיק ה,יח',4.00,יח',false,,59.90,14.9750,true,1,2149064
4891228308032,false,שיק סכינים גילוח אינטואישן ידית + 5,ארץ ייצור סכינים: ארהבn\,,שיק אינטואישן אישה מ,יח',5.00,יח',false,,59.90,11.9800,true,1,2405753
4891228308049,false,שיק היידרו גבר מארז סנס ידית +7 סכינים,ארץ ייצור סכינים: ארהבn\,,שיק היידרו גבר מארז,יח',7.00,יח',false,,59.90,8.5571,true,1,2405754
4891228310493,false,שיק היידרו 5 סנס מכשיר+5 סכינים,שסטוביץ,,מארז ידית שיק היידרו,יחידה,0.00,יחידה,false,,69.90,0.0000,true,1,2366095
4891228430047,false,שיק אקזקטה 2 רגיש סכיני גילוח לגבר,אנרג'יזר Energizer,CN,שיק אקזקטה2 רגיש עשירייה,יח',10.00,יח',false,,24.90,2.4900,true,1,1338814
4891228430061,false,סכיני גילוח שיק אקזקטה 2 לנשים ורוד 10 יח',הנסיך- מפעל לייצור ט,CN,שיק אקזקטה2 נשים עשירייה,יח',10.00,יח',false,,24.90,2.4900,true,1,1338815
4891228430085,false,סכיני גילוח שיק אקסטרים קומפורט לגבר 3 להבים 4 יחידות,אנרג'יזר Energizer,CN,שיק אקסטרים 3 קומפורט + ר,יח',4.00,יח',false,,19.90,4.9750,true,1,1338816
4891228430092,false,סכיני גילוח שיק אקסטרים קומפורט לנשים 3 להבים 4 יחידות,אנרג'יזר Energizer,CN,שיק אקסטרים 3 קומפורט +לנ,יח',4.00,יח',false,,19.90,4.9750,true,1,1338817
4891228460242,false,שיק קוואטרו חד פעמי לנשים 3 יחידות,אנרג'יזר Energizer,CN,שיק קוואטרו חד פעמי לנשים,יח',3.00,יח',false,,29.90,9.9667,true,1,1338822
4903001904192,false,רוטב סויה יאמאסה פרימיום 500מ`ל,הדקלאים אגודת שיתופי,JP,רוטב סויה יאמסה פרימיום 5,מיליליטרים,500.00,"100 מ""ל",false,,17.90,0.0358,true,1,1326541
4903001925784,false,"רוטב סויה יאמאסה דל מלח 500מ""ל פרימיום",הדקלאים אגודת שיתופי,JP,רוטב סויה יאמאסה פרמיום ד,מיליליטרים,500.00,"100 מ""ל",false,,17.90,0.0358,true,1,1326542
4903001930993,false,"רוטב טריאקי יאמאסה 500 מ""ל",ליימן שליסל בע`מ,,רוטב טריאקי יאמסה,מיליליטרים,500.00,"100 מ""ל",false,,17.90,0.0358,true,1,1411661
4903001945706,false,"רוטב יאמאסה פונזו לתיבול 500 מ""ל",ליימן שליסל,,רוטב סויה ימאסה פונז,מיליליטרים,500.00,"100 מ""ל",false,,21.90,0.0438,true,1,2383521
5000054351900,false,פריסקיס דגי אוקינוס וטונה 156גר`,קבוצת אוסם סחר-שות.מוגבלת,,פריסקיז פטה דג אוקיי,גרמים,156.00,100 גרם,false,,4.90,0.0314,true,1,2415069
5000054353300,false,פריסקיז פטה סלמון 156 גרם,קבוצת אוסם סחר-שות.מוגבלת,,פריסקיז פטה סלומון,גרמים,156.00,100 גרם,false,,4.90,0.0314,true,1,2415070
5000054355700,false,פריסקיז פטה הודו 156 גרם,קבוצת אוסם סחר-שות.מוגבלת,,פריסקיז פטה הודו,גרמים,156.00,100 גרם,false,,4.90,0.0314,true,1,2415071
5000054357100,false,פריסקיז פטה מיקס גריל 156 גרם,קבוצת אוסם סחר-שות.מוגבלת,,פריסקיז פטה מיקס גרי,גרמים,156.00,100 גרם,false,,4.90,0.0314,true,1,2415072
5000054359500,false,פריסקיז פטה כבד ועוף 156גרם,קבוצת אוסם סחר-שות.מוגבלת,,פריסקיז פטה כבד ועוף,גרמים,156.00,100 גרם,false,,4.90,0.0314,true,1,2415073
5000127533196,false,קלוגס וורייטי שמינייה 191 גרם,דיפלומט מפיצים (1968) בע`מ,,קלוגס ווראייטי 191 ג,גרמים,191.00,100 גרם,false,,22.90,0.1199,true,1,2077975
5000146048671,false,סילבו משחה לניקוי כלי כסף 75 גרם,רקיט בנקיזר (ניר איסט) בעמ,PT,סילבו (בד75*6) גרם,גרמים,75.00,100 גרם,false,,14.90,0.1987,true,1,1309334
5000146048688,false,בראסו מטליות לניקוי בהברקה 75גר,רקיט בנקיזר (ניר איסט) בעמ,PT,בראסו (בד75*6) גרם,גרמים,75.00,100 גרם,false,,14.90,0.1987,true,1,1309335
5000146057710,false,ספריי רב שימושי לחלונות ומשטחים ווינדולין Windolene,רקיט בנקיזר (ניר איסט) בעמ,PL,גלסקס חלונות 750 מל,מיליליטרים,750.00,"100 מ""ל",false,,12.90,0.0172,true,1,1309336
5000146401568,false,וולייט דפים למניעת העברת צבע 10 דפים,רקיט בנקיזר (ניר איסט) בעמ,IT,וולייט דפים למניעת מעבר צ,יח',10.00,יח',false,,14.90,1.4900,true,1,1309341
5000146980322,false,קרם להסרת שיער לעור רגיל מועשר בחלב לוטוס ויסמין,רקיט בנקיזר (ניר איסט) בעמ,FR,ויט קרם להסרת שיער רגיל 1,יחידה,0.00,יחידה,false,,29.90,0.0000,true,1,1309342
5000157143365,false,מתבל בטעם מיונז וקטשופ היינץ 425 גרם,דיפלומט מפיצים (1968) בעמ**,,מתבל בטעם מיונז וקטש,גרמים,425.00,100 גרם,false,,14.90,0.0351,true,1,2288817
5000159020312,false,מלטיזרס אריזה קטנה 37 גרם,"מרס ריגלי ישראל בע""מ",NL,מלטיזרס 37 גרם,גרמים,37.00,100 גרם,false,,4.90,0.1324,true,1,1319009
5000159376655,false,סוכריות SKITTLES פירות קטן 38 גרם אדום,"מרס ריגלי ישראל בע""מ",,סוכריות סקיטלס פירות,גרמים,38.00,100 גרם,false,,2.90,0.0763,true,1,1336832
5000159376792,false,סוכריות סקיטלס Skittles פירות חמוצים,"מרס ריגלי ישראל בע""מ",,סוכריות סקיטלס חמוץ,גרמים,38.00,100 גרם,false,,2.90,0.0763,true,1,1336833
5000159407236,false,מרס חטיף שוקולד עם קרמל 51 גרם,"מרס ריגלי ישראל בע""מ",NL,51G 'מרס חטיף שוק,גרמים,51.00,100 גרם,false,,3.90,0.0765,true,1,1319017
5000159414197,false,מלטיזרס-כדורים פריכים בציפוי שוולד חלב 135 גרם,מרס שוקולד צ.אמריקה,,חטיף בוטנים m&m אריז,גרמים,135.00,100 גרם,false,,9.90,0.0733,true,1,2406145
5000159452540,false,סניקרס חטיף שוקולד עם בוטנים חמישייה ברי,"מרס ריגלי ישראל בע""מ",,מארז חטיפי סניקרס,גרמים,250.00,100 גרם,false,,10.90,0.0436,true,1,2304960
5000159452977,false,מיקס שקית מיניס 400 גרם מרס-באונטי-טוויק,"מרס ריגלי ישראל בע""מ",NL,'מיקס חטיפי מיני 400 ג,גרמים,400.00,100 גרם,false,,19.90,0.0497,true,1,1319023
5000159459228,false,חטיף אצבעות קרמל ושוקולד טוויקס (50 גרם),"מרס ריגלי ישראל בע""מ",NL,טויקס חטיף שוקו 50 גרם,גרמים,50.00,100 גרם,false,,3.90,0.0780,true,1,1319025
5000159461122,false,סניקרס חטיף שוקולד עם בוטנים 50 גרם,"מרס ריגלי ישראל בע""מ",NL,50G סניקרס חטיף שוק,גרמים,57.00,100 גרם,false,,3.90,0.0684,true,1,1319026
5000159500845,false,סלבריישן מארז מתנה 196 גרם,מרס ריגלי ישראל בעמ,,סלבריין מארז מתנה,גרמים,196.00,100 גרם,false,,19.90,0.1015,true,1,2416653
5000159538626,false,טוויקס מארז חטיף 50 גרם חמישייה,"מרס ריגלי ישראל בע""מ",,מארז חטיפי טוויקס,גרמים,250.00,100 גרם,false,,10.90,0.0436,true,1,2357633
5000159538640,false,באונטי מארז חטיף 57 גרם חמישייה,"מרס ריגלי ישראל בע""מ",,מארז חטיפי באונטי,גרמים,285.00,100 גרם,false,,10.90,0.0382,true,1,2357634
5000159541152,false,חטיף טוויקס לבן 46 גרם.,מרס ריגלי ישראל בעמ,,חטיף טוויקס שוקולד.,גרמים,50.00,100 גרם,false,,3.90,0.0780,true,1,2382836
5000168199245,false,שוקולד חלב מעולה בתוספת קרמל מלוח פיור גודייבה 90 ג',"אולקר מקבוצת פלאדיס, ציק",,שוקולד גודייבה חלב ב,גרמים,90.00,100 גרם,false,,10.90,0.1211,true,1,2126317
5000189974579,false,מארז מיני חטיפי קיט קט Kit Kat,קבוצת אוסם סחר שותפות מוגבלת,,חטיף קיט קט מיני,גרמים,200.00,100 גרם,false,,12.90,0.0645,true,1,1852693
5000204048742,false,"קיווי לבישום נעלי ספורט 100 מ""ל",דנשר (1963) בעמ,,בישום נעלי ספורט קיו,מיליליטרים,100.00,"100 מ""ל",false,,15.90,0.1590,true,1,2396095
5000204114867,false,"גלייד ארוסול בניחוח וניל 300 מ""ל","דנשר (1963) בע,מ",,מטהר אוויר גלייד איר,מיליליטרים,300.00,"100 מ""ל",false,,9.90,0.0330,true,1,2285592
5000204114928,false,"גלייד ארוסול בניחוח דובדבן 300 מ""ל",דנשר (1963) בעמ,,מטהר אוויר גלייד איר,מיליליטרים,300.00,"100 מ""ל",false,,9.90,0.0330,true,1,2285582
5000204114959,false,"גלייד ארוסול בניחוח פריחה בלבן 300 מ""ל","אס.סי ג'\ונסון,מידרכט, ה",,מטהר אוויר גלייד איר,מיליליטרים,300.00,"100 מ""ל",false,,9.90,0.0330,true,1,2285599
5000204115048,false,גלייד ארוסול מבשם אוויר בניחוח לבנדר,"אס.סי ג'\ונסון,מידרכט, ה",,מטהר אוויר גלייד איר,מיליליטרים,300.00,"100 מ""ל",false,,9.90,0.0330,true,1,2285594
5000204133509,false,זיפלוק שקיות אחסון גדולות 19 יחידות,אס.סי.גונסון ובניו,,שקיות אחסון גדולות ז,יח',19.00,יח',false,,12.90,0.6789,true,1,2328911
5000204151022,false,"פלדג' אירוסול לניקוי רהיטים לבנדר 250 מ""ל","אס.סי ג'\ונסון, אירופלנט",,פלדג' תרסיס לניקוי ע,מיליליטרים,250.00,"100 מ""ל",false,,10.90,0.0436,true,1,2305815
5000204151053,false,"פלדג' אירוסול לניקוי רהיטים קלאסי 250 מ""ל","אס.סי ג'\ונסון, אירופלנט",,פלדג' תרסיס לניקוי ע,מיליליטרים,250.00,"100 מ""ל",false,,10.90,0.0436,true,1,2305816
5000204151084,false,"פלדג' אירוסול לניקוי כללי לימון 250 מ""ל",פלדג' Pledge,,פלדג' תרסיס לניקוי ע,מיליליטרים,250.00,"100 מ""ל",false,,10.90,0.0436,true,1,2305823
5000204151381,false,"מרסס פלדג לניקוי כללי אמבר וארגן 250 מ""ל","אס.סי ג'ונסון, אירופ",,פלדג' תרסיס לניקוי ע,מיליליטרים,250.00,"100 מ""ל",false,,10.90,0.0436,true,1,2305817
5000204153729,false,מטהר אוויר גלייד מילוי אוטומטי לבנדר וניל,המאפיה של הרמן,,מילוי למטהר אוויר או,מיליליטרים,269.00,"100 מ""ל",false,,15.90,0.0591,true,1,2312035
5000204153842,false,גלייד ספריי אוטומטי מילוי (מילוי בניחוח,קוסטר אירוסול ואלף סאן,,מילוי למטהר אוויר או,מיליליטרים,269.00,"100 מ""ל",false,,15.90,0.0591,true,1,2312043
5000204153903,false,מטהר אוויר גלייד מילוי אוטומטי מרכך כביסה,"קוסטר אירוסול ואלף סאן,",,מילוי למטהר אוויר או,מיליליטרים,269.00,"100 מ""ל",false,,15.90,0.0591,true,1,2312044
5000204155723,false,"גלייד מארז אוטומטי-בניחות מרכך כביסה 269 מ""ל",קוסטר אירוסול ואלף סאן,,גלייד מארז אוטומטי מ,גרמים,400.00,100 גרם,false,,49.90,0.1247,true,1,2312036
5000204155815,false,"גלייד מארז אוטומטי מרכך כביסה 269 מ""ל","דנשר (1963) בע,מ",,מטהר אוויר אוטומטי ג,גרמים,400.00,100 גרם,false,,49.90,0.1247,true,1,2312037
5000204167610,false,"גלייד ארוסול בניחוח פסטיבל קינמון 300 מ""ל",דנשר (1963) בעמ,,מטהר אוויר גלייד איר,מיליליטרים,300.00,"100 מ""ל",false,,9.90,0.0330,true,1,2380053
5000204167856,false,"גלייד מילוי אוטומטי פסטיבל קינמון 269 מ""","קוסטר אירוסול ואלף סאן,",,מילוי למטהר אוויר או,מיליליטרים,269.00,"100 מ""ל",false,,15.90,0.0591,true,1,2380054
5000204182026,false,גלייד ג`ל ריחני בניחוח אודיסאה הכחולה 18,במה פולסקה אספי.זד.או.או,,גלייד ג'ל ריחני בניח,גרמים,180.00,100 גרם,false,,14.90,0.0828,true,1,2396088
5000204182057,false,מטהר אוויר גלייד מוצק בניחוח לבנדר,במה פולסקה אספי.זד.או.או,,גלייד ג'ל ריחני בניח,גרמים,180.00,100 גרם,false,,14.90,0.0828,true,1,2396089
5000204196658,false,רייד ליתושים נוזל מילוי 45לילות,גונסון שנגחאי,,רייד ליתושים נוזל מי,מיליליטרים,43.80,"100 מ""ל",false,,18.90,0.4315,true,1,2355946
5000204196689,false,רייד מכשיר חשמלי + 2 נוזל מילוי 90 לילות,"דנשר (1963) בע,מ",,מכשיר ליתושים+נוזל ר,יח',1.00,יח',false,,42.90,42.9000,true,1,2355947
5000204196894,false,"נוזל מילוי אקליפטוס 45 לילות 36 מ""ל רייד",גונסון שנגחאי,,רייד ליתושים נוזל מי,מיליליטרים,43.80,"100 מ""ל",false,,18.90,0.4315,true,1,2355977
5000204196924,false,רייד מילוי נוזל *זוג 90 *לילות,גונסון שנגחאי,,זוג רייד נוזל מילויי,מיליליטרים,87.60,"100 מ""ל",false,,29.90,0.3413,true,1,2355948
5000204197051,false,"מכשיר חשמלי +נוזל מילוי אקליפטוס 45 לילות רייד 36 מ""ל",גונסון שנגחאי,,מארז רייד מכשיר+מילו,יחידה,0.00,יחידה,false,,29.90,0.0000,true,1,2355949
5000204225655,false,"מטהר אוויר גלייד מילוי אוטומטי מסיבת פטל 269 מ""ל",דנשר (1963) בעמ,,מילוי למטהר אוויר או,מיליליטרים,269.00,"100 מ""ל",false,,15.90,0.0591,true,1,2380055
5000204226256,false,"גלייד ארוסול בניחוח מסיבת פטל 300 מ""ל",דנשר (1963) בעמ,,מטהר אוויר גלייד איר,מיליליטרים,300.00,"100 מ""ל",false,,9.90,0.0330,true,1,2380056
5000204243000,false,"נוזל לאסלה אפרסק על חלל 750 מ""ל דאק",טואלט דאק (ג'ונסון),,ט.דאק נוזל אפרסק על,מיליליטרים,750.00,"100 מ""ל",false,,12.90,0.0172,true,1,2396117
5000204243031,false,"נוזל לאסלה ירח פורח 750 מ""ל דאק",טואלט דאק (ג'ונסון),,ט.דאק נוזל ירח פורח,מיליליטרים,750.00,"100 מ""ל",false,,12.90,0.0172,true,1,2396118
5000204254587,false,סבון מוצק לאסלהאפרסק על חלל 38.6 ג' דאק,דאופלור אס.פי.אי כונ,,דאק סבון ניקוי אסלה,גרמים,38.60,100 גרם,false,,7.90,0.2047,true,1,2396119
5000204254617,false,סבון מוצק לאסלה ירח פורח 38.6 ג' דאק,דאופלור אס.פי.אי כונ,,דאק סבון ניקוי אסלה,גרמים,38.60,100 גרם,false,,7.90,0.2047,true,1,2396097
5000204657913,false,קיווי משחת נעליים בקופסא שחור 50 מ`ל,ג' אל ראיה בוגור,,מ.נעליים שחור קיווי,מיליליטרים,50.00,"100 מ""ל",false,,4.90,0.0980,true,1,1992066
5000204658064,false,"ספוגית הברקה קיווי אקספרס שחור 6 מ""ל",המאפיה של הרמן,ID,קיווי אקספרס ספוג הברקה ש,מיליליטרים,6.00,"100 מ""ל",false,,14.90,2.4833,true,1,1353232
5000204658125,false,"קיווי נוזל נעליים קראון חום 75 מ""ל",אס' סי' ג'ונסון במה,ID,קיווי קראון נוזלי מבריק ח,מיליליטרים,75.00,"100 מ""ל",false,,14.90,0.1987,true,1,1353233
5000204658187,false,משחת נעליים קראון שחור קיווי (75 מל),אס' סי' ג'ונסון במה,ID,קיווי קראון נוזלי מבריק ש,מיליליטרים,75.00,"100 מ""ל",false,,14.90,0.1987,true,1,1353234
5000204661392,false,משחת נעליים שחורה קיווי אקסרא לארג`,המאפיה של הרמן,ID,קיווי אקסטרא לארג' שחור(ג,מיליליטרים,100.00,"100 מ""ל",false,,8.90,0.0890,true,1,1353237
5000204886566,false,"תרסיס מנקה, מזין ומגן על העץ עם שמן תפוז טבעי","דנשר (1963) בע,מ",US,"פלדג' 473 ORANGE OILמ""ל",מיליליטרים,473.00,"100 מ""ל",false,,22.90,0.0484,true,1,1353240
5000207004981,false,קלין & קליר מי פנים לעור רגיש 200 מל,קלין אנד קליר Clean & clear,IT,קק מי פנים לעור רגיש 200,מיליליטרים,200.00,"100 מ""ל",false,,38.90,0.1945,true,1,1338824
5000207007425,false,קלין & קליר תרחיץ גרגירים לניקוי 150,קלין אנד קליר Clean & clear,FR,קק קרם גל גרגרים לניקוי 1,מיליליטרים,150.00,"100 מ""ל",false,,39.90,0.2660,true,1,1338827
5000213000359,false,בירה גינס אקסטרא סטאוט,החברה המרכזית להפצת משקאות בעמ,,"בירה ג'ינס 330 מ""ל ב",מיליליטרים,330.00,"100 מ""ל",false,,11.50,0.0348,true,1,1335090
5000213014905,false,בירה בפחית גינס (440 מל),החברה המרכזית להפצת משקאות בעמ,IE,"גינס פחית 440 מ""ל",מיליליטרים,440.00,"100 מ""ל",false,,12.90,0.0293,true,1,1335091
5000267014234,false,וויסקי ג'וני ווקר רד לייבל Red label,החברה המרכזית להפצת משקאות בעמ,,ג'וני ווקר אדום 700,מיליליטרים,700.00,"100 מ""ל",false,,79.90,0.1141,true,1,2237431
5000267024233,false,"וויסקי ג'וני בלאק לייבל עם פורר 700מ""ל",החברה המרכזית להפצת משקאות בעמ,,וויסקי ג'וני ווקר שח,מיליליטרים,700.00,"100 מ""ל",false,,119.00,0.1700,true,1,2237432
5000267116303,false,מארז וויסקי גוני ווקר דאבל בלק 700 מל,אלכוהול (איי.בי.בי),,ג'וני ווקר דאבל בלאק,מיליליטרים,700.00,"100 מ""ל",false,,149.00,0.2129,true,1,2237433
5000289925440,false,גין גורדון בקבוק 700,החברה המרכזית להפצת משקאות-אלכ,,"ג'ין גורדון 700 מ""ל.",מיליליטרים,700.00,"100 מ""ל",false,,89.90,0.1284,true,1,1679123
5000299223031,false,"קפטן מורגן ספייסד - רום 750 מ""ל",יבואן ומשווק: ש. שסט,,קפטן מורגן ספייסד גו,מיליליטרים,700.00,"100 מ""ל",false,,89.90,0.1284,true,1,1352524
5000299225004,false,"וויסקי שיבאס ריגאל 18 שנה 700 מ""ל",מזקקת האחים שיבאס,,וויסקי שיבאס רגאל 18,מיליליטרים,750.00,"100 מ""ל",false,,239.90,0.3199,true,1,1860228
5000394002562,false,4 סוללות דורסל AAאולטרה,פרוקטר & גמבל,,סוללות דורסל AA4,יחידה,0.00,יחידה,false,,16.90,0.0000,true,1,1489597
5000394002692,false,4 סוללות דורסל AAAאולטרה,פרוקטר & גמבל,,סוללות דורסל AAA4,יח',4.00,יח',false,,16.90,4.2250,true,1,1489598
5000394017641,false,רבעיות סוללות דורסל AA פלוס פאוור,דורסל Duracell,,סוללות דורסל AA4 פלו,יח',4.00,יח',false,,16.90,4.2250,true,1,1461848
5000394017764,false,מארז דורסל שמניות AA פלוס פאוור,דיפלומט מפיצים (1968) בעמ,,סוללות דורסל AA8 פלו,יח',8.00,יח',false,,19.90,2.4875,true,1,1461849
5000394019089,false,סוללה פלוס פאוור 2 יחידות C דורסל,דיפלומט מפיצים (1986) בע`מ,,2 סוללות C פלוס פאוו,יח',2.00,יח',false,,22.90,11.4500,true,1,1461854
5000394105485,false,סוללה פלוס פאוור V9 דורסל יח 1,דיפלומט מפיצים (1986) בע`מ,,סוללות 9V פלוס פאוור,יח',1.00,יח',false,,22.90,22.9000,true,1,1461856
5000394137486,false,רביעיות סוללות אופטימום AA דורסל,דיפלומט מפיצים (1968) בעמ,,סוללות דורסל רביעיות,יח',4.00,יח',false,,16.90,4.2250,true,1,2389620
5000394137516,false,רביעיות סוללות אופטימום AAA דורסל,דיפלומט מפיצים (1968) בעמ,,סוללות דורסל רביעיות,יח',4.00,יח',false,,16.90,4.2250,true,1,2389621
5000394140851,false,רבעיות סוללות דורסל AA פלוס פאוור,פרוקטר אנד גמבל,,סוללות דורסל AA4 פלו,יח',4.00,יח',false,,10.90,2.7250,true,1,2383156
5000394140899,false,סוללות AA דורסל פלוס - 8 יח',דורסל Duracell,,סוללות דורסל שמיניות,יח',8.00,יח',false,,19.90,2.4875,true,1,2389613
5000394140967,false,סוללות דורסל תריסר A,,,סוללות דורסל תריסר A,יח',12.00,יח',false,,30.90,2.5750,true,1,2389614
5000394141230,false,סוללות AAA דורסל פלוס - 12 יח',דורסל Duracell,,סוללות דורסל תריסר A,יח',12.00,יח',false,,30.90,2.5750,true,1,2389622
5000394142190,false,סוללות דורסל V9 פלוס פאור,דיפלומט מפיצים (1986) בע`מ,,סוללות 9V פלוס פאוור,יח',1.00,יח',false,,20.90,20.9000,true,1,2414370
5000394203884,false,סוללות דורסל ליתיום זוג,דיפלומט מפיצים (1968) בעמ,,דורסל ליתיום 2016,יח',2.00,יח',false,,14.90,7.4500,true,1,2310724
5000394203907,false,סוללות דורסל ליתיום זוג,דיפלומט מפיצים (1968) בעמ,,דורסל זוג סוללות לית,יח',2.00,יח',false,,14.90,7.4500,true,1,2310725
5000394203921,false,זוג סוללות ליתיום 2032 דורסל,דיפלומט מפיצים (1986) בע`מ,,דורסל זוג סוללות לית,יח',2.00,יח',false,,14.90,7.4500,true,1,2285528
5000396037531,false,מקוויטיס ביסקוויט מצופה שוקולד חלב 200 גרם,תה ויסוצקי (ישראל)בעמ,,ביסקוויט מקוויטיס מצ,גרמים,200.00,100 גרם,false,,8.90,0.0445,true,1,1826525
5000396037548,false,מקוויטיס ביסקוויט מצופה שוקולד מריר 200 גרם,תה ויסוצקי (ישראל)בעמ,,ביסקוויט מקוויטיס מצ,גרמים,200.00,100 גרם,false,,8.90,0.0445,true,1,1826526
5000396037944,false,מקוויטיס ביסקוויט אורגינל 250 גרם,תה ויסוצקי (ישראל)בעמ,,ביסקוויט מקוויטיס קל,גרמים,250.00,100 גרם,false,,8.90,0.0356,true,1,1826528
5010026515919,false,מוזלי קריספי נאטי מורנפלייק 650 גרם,מורנפלייק Mornflake,,מוזלי קריספי נאטי 65,גרמים,650.00,100 גרם,false,,23.90,0.0368,true,1,2395927
5010026515933,false,מורנפלייק מוזלי פירות ואגוזים 750 גרם,מורנינג פוד,,מוזלי קריספי פירות ו,גרמים,750.00,100 גרם,false,,23.90,0.0319,true,1,2395928
5010026515940,false,מורנפלייק מוזלי פרוטי 750 גרם,מורנפלייק Mornflake,,מוזלי קריספי פרוטי 7,גרמים,750.00,100 גרם,false,,23.90,0.0319,true,1,2395929
5010026519368,false,שיבולת שועל מורנפלייק בשקית 500 גר`,ליימן שליסל בע`מ,,קווקר שיבולת שועל.,גרמים,500.00,100 גרם,false,,7.90,0.0158,true,1,2329898
5010029000252,false,וויטביקס תערובת דגנים מחיטה מלאה 430 גרם,ר.ב. מוצרי דגנים בעמ,,דיגני בריאות וויטביק,גרמים,430.00,100 גרם,false,,22.90,0.0533,true,1,1771881
5010029219241,false,דגני בוקר וויטביקס מיני שוקולציפס 450 גר,וויטביקס Weetabix,,דגני בוקר קריספי מינ,גרמים,440.00,100 גרם,false,,22.90,0.0520,true,1,1883658
5010029221091,false,דגני וויטביקס פרוטאין קראנצ עם שוקולד 450 ג',טרופיקל דגיל תעשיות,,דגני בוקר וויטביקס פ,גרמים,450.00,100 גרם,false,,29.90,0.0664,true,1,1883678
5010029222005,false,דגנים חיטה מלאה עם פרוטאין וויטביקס 440,ר.ב. מוצרי דגנים בעמ,,דגני בוקר וויטביקס פ,גרמים,440.00,100 גרם,false,,24.90,0.0566,true,1,2369262
5010038454831,false,"בקבוק בירה בלומון 330 מ""ל",הכרם - משקאות חריפים בעמ,,בירה בלו מון.,מיליליטרים,355.00,"100 מ""ל",false,,9.90,0.0279,true,1,2280952
5010067322453,false,טרוביה תחליף אבקת סוכר 280 גרם,גורי ע.ע.ע. בעמ,,טרוביה תחליף אבקת סו,גרמים,280.00,100 גרם,false,,29.90,0.1068,true,1,2427809
5010103800259,false,"וויסקי גיי אנד בי 700 מ""ל",גסטוריני אנד ברוקס,,וויסקי גיי אנד בי.,מיליליטרים,700.00,"100 מ""ל",false,,79.90,0.1141,true,1,1352525
5010106111956,false,וויסקי בלנטיין פיינסט 1 ליטר,בלנטיינ'ס Ballantines,,וויסקי בלנטיינס 1.לי,ליטרים,1.00,ליטר,false,,109.90,109.9000,true,1,1323966
5010182996799,false,ג'ל אסלה מנטרל ריחות בניחוח פרחי בר ורודים,דאופלור אס.פי.אי איט,IT,דאק ג'ל אסלה פרחי בר ורוד,מיליליטרים,55.00,"100 מ""ל",false,,9.90,0.1800,true,1,1353243
5010182997253,false,רייד תרסיס קוטל ג'וקים/תיקנים 300 מל,אס.סי.ג'ונסון מידרכט,NL,"RAIDקוטל ג'וקים 300מ""ל",מיליליטרים,300.00,"100 מ""ל",false,,15.90,0.0530,true,1,1353245
5010182997338,false,דאק ג'ל לניקוי אסלות בניחוח רענן 55 מל,"איטיליאן פוד, אס.פי.",IT,ט.ד ג'ל אסלה ניחוח רענן י,מיליליטרים,55.00,"100 מ""ל",false,,9.90,0.1800,true,1,1353246
5010182997680,false,"רייד ארוסול קוטל נמלים - 300 מ""ל",אס.סי.ג'ונסון מידרכט,NL,"RAIDקוטל נמלים 300מ""ל",מיליליטרים,300.00,"100 מ""ל",false,,15.90,0.0530,true,1,1353249
5010182997918,false,דאק ג'ל לניקוי אסלות בניחוח ים 55 מל,"איטיליאן פוד, אס.פי.",IT,ט.ד ג'ל אסלה ניחוח ים כחו,מיליליטרים,55.00,"100 מ""ל",false,,9.90,0.1800,true,1,1353250
5010182998847,false,דאק נוזל לניקוי אסלות בניחוח ים 750 מל,מיוצר עי קונדיטוריית,NL,"טואלט דאק נוזל כחול 750מ""",מיליליטרים,750.00,"100 מ""ל",false,,12.90,0.0172,true,1,1353251
5010182998861,false,דאק נוזל לניקוי אסלות בניחוח רענן 750 מל,מיוצר עי קונדיטוריית,NL,"טואלט דאק נוזל ירוק 750מ""",מיליליטרים,750.00,"100 מ""ל",false,,12.90,0.0172,true,1,1353252
5010265002911,false,רייויטה פת פריכה מקמח שיפון מלא 250 גרם,דה ג'ורדנס אנד ריווי,,פת פריכה מקמח שיפון,גרמים,250.00,100 גרם,false,,12.90,0.0516,true,1,2310652
5010327000046,false,"וויסקי גרנטס וויסקי 700 מ""ל","וויליאם גראנט ובניו בע""\",,וויסקי גראנטס.,מיליליטרים,700.00,"100 מ""ל",false,,74.90,0.1070,true,1,1333821
5010327105215,false,וויסקי מאנקי שולדר Monkey Shoulder,"וויליאם גראנט ובניו בע""\",,מונקי שולדר וויסקי.,מיליליטרים,700.00,"100 מ""ל",false,,139.90,0.1999,true,1,1333823
5010327255033,false,"וויסקי גרנטס סמוקי 700 מ""ל",גרנט'ס,,וויסקי גרנטס.,מיליליטרים,700.00,"100 מ""ל",false,,99.00,0.1414,true,1,2290860
5010327324333,false,"סינגל מאלט סקוטי גלנפידיך 14 שנה 700 מ""ל",הכרם משקאות חריפים בעמ,,וויסקי גלנפידיך,מיליליטרים,700.00,"100 מ""ל",false,,189.00,0.2700,true,1,2281690
5010327399614,false,"גלנפידיך 12 אמריקן אווק כשר 700 מ""ל",הכרם - משקאות חריפים בעמ,,גולנפידיך 12 אמריקן,מיליליטרים,750.00,"100 מ""ל",false,,159.90,0.2132,true,1,2407864
5010394984577,false,פדיגרי דנטאסטיקס כלב קטן 110 גרם (7 יח')BP29V,שחורי אריה ואנסטסיה,HU,פדיגרי דנטה סמול 110 גר,גרמים,110.00,100 גרם,false,,9.90,0.0900,true,1,1319035
5010394984584,false,פדיגרי דנטאסטיקס כלב מדיום 180 גרם (7 יח') BP32K,פדיגרי Pedigree,HU,פדיגרי דנטה סטיקס 180 גרם,גרמים,180.00,100 גרם,false,,14.90,0.0828,true,1,1319036
5010478482814,false,"סוכריות מטלוס פירות 1 ק""ג בשקית",שוקוטרייד בעמ,,"סוכריות פירות 1 ק""ג",גרמים,1000.00,100 גרם,false,,39.90,0.0399,true,1,2231785
5010478484818,false,"סוכריות מטלוס מנטה 1 ק""ג בשקית",שוקוטרייד בעמ,,"סוכריות מנטה 1 ק""ג",גרמים,1000.00,100 גרם,false,,39.90,0.0399,true,1,2231786
5010478485020,false,"סוכריות מטלוס לקריץ 1 ק""ג בשקית",שוקוטרייד בעמ,,"סוכריות לקריץ 1 ק""ג",גרמים,1000.00,100 גרם,false,,39.90,0.0399,true,1,2231787
5010494508307,false,וויסקי סקוטי קלאסי 700מ,גלן מוריי דיסטילרי,,וויסקי גלן מוריי 7 ש,מיליליטרים,700.00,"100 מ""ל",false,,99.00,0.1414,true,1,1875976
5010622005012,false,אורל בי חוט דנטלי אסנשיאל ללא שעווה 50 מ',פארמה דיל (פ.א.ב.) שיווק והפצה,MX,חוט דנטלי אסנשייאל ללא שע,מטרים,50.00,מטר,false,,15.90,0.3180,true,1,1307420
5010622018258,false,אורל בי חוט דנטלי סאטין 25 מטר,פרוקטר & גמבל,,אוראל בי חוט דנטלי ס,מטרים,25.00,מטר,false,,18.90,0.7560,true,1,1307424
5010677551281,false,בריזר לימון בבקבוק בקרדי (275 מל),בקרדי בריזר Bacardi Breezer,,בקרדי בריזר-לימון 27,מיליליטרים,275.00,"100 מ""ל",false,,12.90,0.0469,true,1,1323969
5010677551397,false,"בקרדי בריזר בטעם לימון ליים 275 מ""ל",בקרדי בריזר Bacardi Breezer,,בקרדי בריזר-לימון לי,מיליליטרים,275.00,"100 מ""ל",false,,12.90,0.0469,true,1,1365653
5010677552387,false,"בקרדי בריזר אננס 275 מ""ל בקבוק",בקרדי בריזר Bacardi Breezer,,בקרדי בריזר-אננס 275,מיליליטרים,275.00,"100 מ""ל",false,,12.90,0.0469,true,1,1323970
5010677554398,false,בריזר אבטיח בבקבוק בקרדי (275 מל),בקרדי בריזר Bacardi Breezer,,בקרדי בריזר-אבטיח 27,מיליליטרים,275.00,"100 מ""ל",false,,12.90,0.0469,true,1,1323971
5010677714006,false,"גין בומבאי ספייר 700 מ""ל",ג'ון דיואר ובניו,,ג'ין בומביי ספייר,מיליליטרים,700.00,"100 מ""ל",false,,119.90,0.1713,true,1,1874640
5010677850100,false,"וודקה צרפתית גריי גוס 700מ""ל",בקרדי מרטיני,,וודקה גריי גוס 700 מ,מיליליטרים,700.00,"100 מ""ל",false,,104.90,0.1499,true,1,2210621
5010724526798,false,בטיסט שמפו יבש בניחוח דובדבן,צ'\רצ'\ אנד דיוויט,,שמפו יבש בניחוח דובד,מיליליטרים,200.00,"100 מ""ל",false,,24.90,0.1245,true,1,1707705
5010724527375,false,בטיסט שמפו יבש בניחוח פריחה אביבית,צ'\רצ'\ אנד דיוויט,,שמפו יבש בניחוח פריח,מיליליטרים,200.00,"100 מ""ל",false,,24.90,0.1245,true,1,1707757
5010724527481,false,בטיסט שמפו יבש בניחוח קלאסי,צ'\רצ'\ אנד דיוויט,,שמפו יבש בניחוח קלאס,מיליליטרים,200.00,"100 מ""ל",false,,24.90,0.1245,true,1,1707706
5010724527511,false,בטיסט שמפו יבש בניחוח טרופי 200 מ'ל,צ'\רצ'\ אנד דיוויט,,שמפו יבש בניחוח טרופ,מיליליטרים,200.00,"100 מ""ל",false,,24.90,0.1245,true,1,1707707
5011007003227,false,וויסקי גיימיסון 1 ליטר,אייריש דיסטלריז,,וויסקי ג'ימסון 1 ליט,ליטרים,1.00,ליטר,false,,119.90,119.9000,true,1,1361582
5011026108033,false,"וויסקי אירי טולומור דיו 700 מ""ל",הכרם - משקאות חריפים בעמ,,וויסקי אירי טולמור 7,מיליליטרים,700.00,"100 מ""ל",false,,84.90,0.1213,true,1,1333830
5011157630281,false,אורז לבן ארוך בסמטי טילדה Tilda,ש. שסטוביץ בע`מ,GB,טילדה אורז בסמטי 1 קג,קילוגרמים,1.00,"ק""ג",false,,21.90,21.9000,true,1,1338828
5011157730271,false,אורז יסמין לבן ארוך טילדה,ש.שסטוביץ בעמ,,"אורז יסמין טילדה 1ק""",קילוגרמים,1.00,"ק""ג",false,,19.90,19.9000,true,1,2404148
5011166062394,false,ג`ין ג`יי`גיי וויטלי 1 ליטר( 38%),הכרם - משקאות חריפים בעמ,,ג'ין ג'יי ג'יי וויטל,ליטרים,1.00,ליטר,false,,109.90,109.9000,true,1,2307049
5011408017526,false,אלנט ספריי חזק מאוד200מ,SOPROCOS,,אלנט ספריי לשיער חזק,מיליליטרים,200.00,"100 מ""ל",false,,24.90,0.1245,true,1,1300789
5011408027990,false,ספרי עיצוב חזק מאוד לשיער Elnett,לוריאל Loreal,,ספריי לשיער אלנט חזק,מיליליטרים,400.00,"100 מ""ל",false,,29.90,0.0747,true,1,1300791
5011408028034,false,"ספריי לשיער חזק מאוד לוריאל 400 מ""ל",לוריאל Loreal,,ספריי לשיער אלנט לשי,מיליליטרים,400.00,"100 מ""ל",false,,29.90,0.0747,true,1,1300792
5011408040791,false,לוריאל - דרמו רויטליפט קלאסי לילה,"קרלסרו, גרמניה",DE,דרמו רויטליפט קרם לילה,יחידה,0.00,יחידה,false,,69.90,0.0000,true,1,1300795
5011417554760,false,"אירוויק מבשם אויר נטול גז בניחוח ורדים וארכידאה 345 מ""ל",רקיט בנקיזר (ניר איסט) בעמ,PL,אקווה מיסט ורדים,מיליליטרים,345.00,"100 מ""ל",false,,19.90,0.0577,true,1,1309354
5013931015741,false,דיש מטיק - ידית הפלא לשטיפת כלים,דישמטיק Dish matic,,ידית הפלא לשטיפת כלי,יחידה,0.00,יחידה,false,,19.90,0.0000,true,1,2308481
5013931015802,false,מארז 3 יח ספוגי החלפה לניקוי עדין דיש מט,דנשר (1963) בעמ,,מארז 3 יח ספוג החלפה,יח',3.00,יח',false,,19.90,6.6333,true,1,2396098
5013931015819,false,מארז כריות פלדה דיש מטיק (2 יח),דישמטיק Dish matic,,מארז כריות פלדה דיש,יח',2.00,יח',false,,19.90,9.9500,true,1,2332608
5013931016359,false,דיש מטיק - ספוגי החלפה לניקוי קשה מארז 3 יחידות,דנשר (1963) בעמ,,מארז 3 יח ספוג החלפה,יח',3.00,יח',false,,19.90,6.6333,true,1,2396099
5013965850455,false,מי פה פרו אקספרט אורל-בי (250 מל),דיפלומט מפיצים (1968) בעמ,,מי פה פרו אקספרט 250,מיליליטרים,250.00,"100 מ""ל",false,,8.90,0.0356,true,1,2310726
5013965948428,false,משחת שיניים פרו אקספרט לניקוי יסודי מנטה מעודן,דיפלומט מפיצים (1968) בעמ,,משחת שיניים אוראל בי,מיליליטרים,75.00,"100 מ""ל",false,,9.90,0.1320,true,1,2279760
5013965953354,false,אורל בי 123 משחה 100 מל עם פלואוריד,פרוקטר אנד גמבל,,משחת שיניים אוראל בי,מיליליטרים,100.00,"100 מ""ל",false,,10.90,0.1090,true,1,2057658
5014201800869,false,"סיידר אגסים 500מ""ל הנרי ווסטונס וינטג",הכרם משקאות חריפים בעמ,,סיידר אגסים הנרי ווס,ליטרים,500.00,100 ליטר,false,,19.90,0.0398,true,1,1482417
5014271001210,false,מעדן סנדלפור ארבע פי,סנדלפור St.dalfour,,מעדן פרי סנדלפור 4 פ,גרמים,500.00,100 גרם,false,,24.90,0.0498,true,1,2303318
5014271001227,false,מעדן פרי סנדלפור משמ,סנדלפור St.dalfour,,מעדן פרי סנדלפור משמ,גרמים,500.00,100 גרם,false,,24.90,0.0498,true,1,2303319
5014271001234,false,מעדן פרי דובדבנים שחורים,סנדלפור St.dalfour,,מעדן פרי סנדלפור דוב,גרמים,500.00,100 גרם,false,,24.90,0.0498,true,1,2303320
5014271001241,false,מעדן פרי סנדלפור תות,סנדלפור St.dalfour,,מעדן פרי סנדלפור תות,גרמים,500.00,100 גרם,false,,24.90,0.0498,true,1,2303321
5014271002675,false,מעדן פרי תפוח וקינמון סנדלפור 284 גרם,סאן דלפור - שמבור,,מעדן תפוח וקינמון,גרמים,284.00,100 גרם,false,,19.90,0.0701,true,1,2226715
5014271300429,false,"מעדן משמש 100% פרי סנטדלפור 284 גרם לל""ס",סאן דלפור - שמבור,FR,מעדן ריבת משמש 284 גרם,גרמים,284.00,100 גרם,false,,19.90,0.0701,true,1,1329572
5014271310428,false,מעדן דובדבנים שחורים ללא תוספת סוכר 284 גרם,סאן דלפור - שמבור,FR,מעדן ריבת דובדבנים 284 גר,גרמים,284.00,100 גרם,false,,19.90,0.0701,true,1,1329573
5014271330426,false,מעדן אוכמניות כחולות ללא תוספת סוכר 284 גרם,סאן דלפור - שמבור,FR,מעדן ריבת אוכמניות 284 גר,גרמים,284.00,100 גרם,false,,19.90,0.0701,true,1,1329574
5014271350424,false,מעדן ארבעה פירות ללא תוספת סוכר 284 גרם,סאן דלפור - שמבור,FR,מעדן ריבת פירות 284 גרם,גרמים,284.00,100 גרם,false,,19.90,0.0701,true,1,1329575
5014271360423,false,"מעדן תפוזים לל""ס סאן דלפור 284 גרם",סאן דלפור - שמבור,FR,מעדן ריבת תפוז 284 גרם,גרמים,284.00,100 גרם,false,,19.90,0.0701,true,1,1329576
5014271370422,false,מעדן אפרסקים ללא תוספת סוכר 284 גרם,סאן דלפור - שמבור,FR,מעדן ריבת אפרסק 284 גרם,גרמים,284.00,100 גרם,false,,19.90,0.0701,true,1,1329577
5014271400426,false,"מעדן בטעם תות שדה לל""ס סאן דלפור 284 גרם",סאן דלפור - שמבור,FR,מעדן ריבת תות שדה 284 גרם,גרמים,284.00,100 גרם,false,,19.90,0.0701,true,1,1329580
5014271560427,false,מעדן תפוז וג'ינג'ר ללא סוכר סאן דלפור 284 גר,סאן דלפור - שמבור,FR,מעדן ריבת תפוז 284 גרם,גרמים,284.00,100 גרם,false,,19.90,0.0701,true,1,1329581
5014271795980,false,מעדן חמוציות ואוכמניות ללא תוספת סוכר 284 גרם,א. סיימן סחר בעמ,FR,מעדן חמוציות ואוכמניות 28,גרמים,284.00,100 גרם,false,,19.90,0.0701,true,1,1329583
5014379009972,false,בירה לאגר באדוויזר פחית 500 מל,הכרם -משקאות חריפים בע`מ,,בירה באדוויזר פחית,מיליליטרים,500.00,"100 מ""ל",false,,9.90,0.0198,true,1,2281692
5017371155197,false,"בלונס - שמן קקאו לפנים ולגוף 50 מ""ל",,,שמן קקאו לפנים ולגוף,מיליליטרים,50.00,"100 מ""ל",false,,8.90,0.1780,true,1,2366082
5020144800644,false,ספרי סקאי בריח וניל,,,ספרי סקאי בריח וניל,יחידה,0.00,יחידה,false,,22.90,0.0000,true,1,2401769
5024546366630,false,וויסקי לאודרס 1 ליטר SCOTCH,לאודרס,,ויסקי לאודרס,ליטרים,1.00,ליטר,false,,99.90,99.9000,true,1,2312528
5026489483955,false,חטיף חומוס סיסולט איט ריל 45 גרם,לקסמי אנד סונס סי/\אי קו,,חטיף חומוס סיסולט 45,גרמים,45.00,100 גרם,false,,7.90,0.1756,true,1,2286126
5026489484785,false,חט.קינואה ט.שמנת+עירית30,מ.סידס ובנו בעמ,,חטיף קינואה ס.קרים 3,גרמים,30.00,100 גרם,false,,7.90,0.2633,true,1,2366029
5032678004870,false,"מי טוניק 200 מ""ל",,,טוניק קלאסי,מיליליטרים,200.00,"100 מ""ל",false,,7.90,0.0395,true,1,2336857
5032678004979,false,"פרנקלין & סאנס טוניק קלאסי דל קלוריות 200 מ""ל",,,טוניק קלאסי דל קלורי,מיליליטרים,200.00,"100 מ""ל",false,,7.90,0.0395,true,1,2336858
5032678006553,false,"מי טוניק אשכולית אדומה 200 מ""ל",,,טוניק אשכולית אדומה,מיליליטרים,200.00,"100 מ""ל",false,,7.90,0.0395,true,1,2336859
5035766044673,false,"סטרונגבואו גולד, סיידר תפוחים אלכוהולי, בקבוק 330 מ''ל",האי נאם סי או אל.טי.,,סיידר תפוחים סטרונגב,מיליליטרים,330.00,"100 מ""ל",false,,7.90,0.0239,true,1,1323973
5035766060253,false,"בירה מרפיס, בירת סטאוט, פחית 500 מ""ל",טמפו משקאות בע`מ,,"בירה מרפיס 500 מ""ל.",מיליליטרים,500.00,"100 מ""ל",false,,14.90,0.0298,true,1,1323975
5050083559761,false,דגני בוקר קלוגס קוקו פופס שוקוס 500 גרם,קלוגס מניופקטורינג אספנה,,קורנפלקס קוקו פופס ש,גרמים,500.00,100 גרם,false,,16.90,0.0338,true,1,1306892
5050974505259,false,פת פריכה קמח שיפון מלא עם גרעינים ודגנים קלויים,דה ג'ורדנס אנד ריווי,,פת פריכה עם גרעינים,גרמים,250.00,100 גרם,false,,12.90,0.0516,true,1,2321004
5050974505297,false,רייויטה פת פריכה שיפון מלא שומשום 250 גר,דה ג'ורדנס אנד ריווי,,פת פריכה עם שומשום 2,גרמים,250.00,100 גרם,false,,12.90,0.0516,true,1,2321009
5053827193368,false,דגני בוקר קלוגס ברנפלקס 500 גרם,קלוגס קומפני אוף גרייט ב,,קלוגס ברנפלקס 500 גר,גרמים,500.00,100 גרם,false,,22.90,0.0458,true,1,2134811
5053827215862,false,דגני בוקר קלוגס קוקו פופס בטעם שוקולד (,קלוגס מניופקטורינג אספנה,,קורנפלקס קוקו פופס ש,גרמים,500.00,100 גרם,false,,16.90,0.0338,true,1,2305741
5056357900925,false,סניקרס חטיף חלבון חמאת בוטנים 57 גרם,פארם אקספרס,,סניקרס חמאת בוטנים ח,גרמים,57.00,100 גרם,false,,16.90,0.2965,true,1,2411462
5056357901427,false,אם אנד אם חטיף חלבון שוקולד 51 גרם,פארם אקספרס,,אם אנד אם שוקולד חטי,גרמים,51.00,100 גרם,false,,16.90,0.3314,true,1,2411454
5056357901441,false,אם אנד אם חטיף חלבון בוטנים 51 גרם,פארם אקספרס,,אם אנד אם בוטנים חטי,גרמים,51.00,100 גרם,false,,16.90,0.3314,true,1,2411463
5056357903834,false,באונטי מעושר בחלבון 52 גרם,מארס יורק אנגליה,,באונטי חטיף חלבון,גרמים,55.00,100 גרם,false,,16.90,0.3073,true,1,2420445
5056357904428,false,סניקרס קריספי חטיף ח,,,סניקרס קריספי חטיף ח,גרמים,55.00,100 גרם,false,,16.90,0.3073,true,1,2411464
5056357906323,false,אם אנד אם קריספי חלבון 52 גרם,,,אם אנד אם קריספי חטי,גרמים,52.00,100 גרם,false,,16.90,0.3250,true,1,2411456
5056357906781,false,סניקרס בראוניז חטיף,,,סניקרס בראוניז חטיף,גרמים,50.00,100 גרם,false,,16.90,0.3380,true,1,2411465
5059001003713,false,איירוויק - מקלות ריחניים בניחוח תאנה ופירות יער,רקיט בנקיזר (ניר איסט) בעמ,,מקלות ריחניים תאנה ו,מיליליטרים,30.00,"100 מ""ל",false,,24.90,0.8300,true,1,2424847
5060045588128,false,"וויסקי גים בים לבן 700 מ""ל",הכרם -משקאות חריפים בע`מ,,ווסקי ג'ים בים לבן,מיליליטרים,700.00,"100 מ""ל",false,,79.00,0.1129,true,1,1845415
5060045590190,false,"וויסקי גים בים דבש 700 מ""ל",הכרם -משקאות חריפים בע`מ,,ווסקי ג'ים בים דבש,מיליליטרים,700.00,"100 מ""ל",false,,79.00,0.1129,true,1,2359518
5060045590213,false,"וויסקי גים בים תפוח 700 מ""ל",הכרם -משקאות חריפים בע`מ,,וויסקי ג'ים בים תפוח,מיליליטרים,700.00,"100 מ""ל",false,,79.00,0.1129,true,1,2359519
5060074862077,false,ויסקי היילנד קווין סינגל מאלט מגסטי 700,,,ויסקי היילנד קווין מ,מיליליטרים,700.00,"100 מ""ל",false,,119.90,0.1713,true,1,2312531
5060255492154,false,חול חתולים תורכיז6ל ספיגה מוגברת,שחורי אריה ואנסטסיה,,אברקלין תורכיז ללא ב,ליטרים,6.00,ליטר,false,,49.90,8.3167,true,1,2423529
5060255492277,false,חול לחתולים אוור קלין אדום,שחורי אריה ואנסטסיה,,אברקלין אדום מולטיקט,ליטרים,6.00,ליטר,false,,49.90,8.3167,true,1,2423530
5060319129293,false,תה ירוק קוקוס אורגני 40 גרם הייר ליבינג,הייר ליבינג,,תה ירוק קוקוס אורגני,גרמים,40.00,100 גרם,false,,16.90,0.4225,true,1,1469365
5060402908248,false,סניקרס חטיף חלבון 55 גרם,פארם אקספרס,,סניקרס חטיף חלבון,גרמים,55.00,100 גרם,false,,16.90,0.3073,true,1,2411466
5060402908286,false,מארס חטיף חלבון 59 גרם,פארם אקספרס,,מארס חטיף חלבון,גרמים,59.00,100 גרם,false,,16.90,0.2864,true,1,2411457
5060402909542,false,מארס חטיף חלבון קרמל מלוח 59 גרם,פארם אקספרס,,מארס קרמל מלוח חטיף,גרמים,55.00,100 גרם,false,,16.90,0.3073,true,1,2411467
5060465390004,false,"בירה לל""ג ""סקיני"" בקבוק 330 מ""ל",סקיני ביר בע״מ,,בירה לאגר סקיני ללא,מיליליטרים,330.00,"100 מ""ל",false,,7.90,0.0239,true,1,2329817
5060517886486,false,"משקה אנרגיה מונסטר אנרג'י בפחית 500 מ""ל",החברה המרכזית להפצת משקאות בעמ,,מונסטר אנרג'י פח 500,מיליליטרים,500.00,"100 מ""ל",false,,8.90,0.0178,true,1,2289274
5060517886516,false,"משקה אנרגיה מונסטר אנרג'י זירו בפחית 500 מ""ל",החברה המרכזית להפצת משקאות בעמ,,מונסטר אנרג'י זירו פ,מיליליטרים,500.00,"100 מ""ל",false,,8.90,0.0178,true,1,2289275
5060639128051,false,"משקה אנרגיה מונסטר אולטרה בפחית 500 מ""ל",החברה המרכזית להפצת משקאות בעמ,,מונסטר אולטרה פח 500,מיליליטרים,500.00,"100 מ""ל",false,,8.90,0.0178,true,1,2311800
5060639129102,false,"משקה אנרגיה מונסטר אנרג'י מנגו בפחית 500 מ""ל",החברה המרכזית להפצת משקאות בעמ,,מונסטר אנרג'י פח 500,מיליליטרים,500.00,"100 מ""ל",false,,8.90,0.0178,true,1,2332316
5060751218173,false,"משקה אנרגיה מונסטר אנרג'י piplin punch בפחית 500 מ""ל",החברה המרכזית להפצת משקאות בעמ,,מונסטר PIPLINE PUNCH,מיליליטרים,500.00,"100 מ""ל",false,,8.90,0.0178,true,1,2401942
5060751219033,false,"משקה אנרגיה מונסטר אנרג'י זירו paradise בפחית 500 מ""ל",החברה המרכזית להפצת משקאות בעמ,,מונסטר ZERO PARADISE,מיליליטרים,500.00,"100 מ""ל",false,,8.90,0.0178,true,1,2401943
5099864006377,false,תחליף חלב מהדרין שלב 1 סימילאק אדוונס 90,אבוט מעבדות רפואיות,ES,SIMILAC LAMEHADRIN - 1 90,גרמים,900.00,100 גרם,false,,74.90,0.0832,true,1,1306525
5099864006384,false,סימילאק למהדרין שלב 2 אריזת חיסכון 900 ג.,אבוט מעבדות רפואיות,ES,SIMILAC LAMEHADRIN - 2 90,גרמים,900.00,100 גרם,false,,74.90,0.0832,true,1,1306526
5099864006391,false,סימילאק למהדרין שלב 3 אריזת חיסכון 900 ג,אבוט מעבדות רפואיות,ES,SIMILAC LAMEHADRIN - 3 90,גרמים,900.00,100 גרם,false,,74.90,0.0832,true,1,1306527
5099873006504,false,"וויסקי ג'ק דניאלס פייר 700 מ""ל",מ. אקרמן בעמ,,ג'ק דניאלס וויסקי,מיליליטרים,700.00,"100 מ""ל",false,,99.90,0.1427,true,1,1866504
5099873017623,false,"וויסקי גק דניאלס טנסי אפל 700 מ""ל",ג'ק דניאלס Jack Daniel's,,ג'ק דניאלס תפוח,מיליליטרים,700.00,"100 מ""ל",false,,99.90,0.1427,true,1,2328747
5099873038758,false,וויסקי ג'נטלמן ג'ק Gentleman Jack,ג'ק דניאלס Jack Daniel's,,וויסקי ג'נטלמן ג'ק,מיליליטרים,700.00,"100 מ""ל",false,,159.90,0.2284,true,1,1866505
5099873211984,false,"מארז גק דניאלס פייר פלוס 2 כוסות 700 מ""ל",בראון פורמן,,מארז גק דניאלס+כוס,מיליליטרים,700.00,"100 מ""ל",false,,99.90,0.1427,true,1,2320633
5099873221976,false,"גנטלמן גק 700 מ""ל במארז טוקסידו",בראון פורמן,,וויסקי ג'נטלמן ג'ק,מיליליטרים,700.00,"100 מ""ל",false,,159.90,0.2284,true,1,2429254
5200133120476,false,גלילות וופלים ממולאים קרם אגוזים וקקאו 400 ג',דיפלומט מפיצים (1968) בעמ**,,גליליות קרם אגוזים ו,גרמים,400.00,100 גרם,false,,15.90,0.0398,true,1,1931959
5200133120483,false,גליליות וופלים 400 גרם וניל גולדן ברייק,דיפלומט מפיצים (1968) בעמ**,,גליליות קרם וניל 400,גרמים,400.00,100 גרם,false,,15.90,0.0398,true,1,1931960
5200133120735,false,גליליות וופלים קרם שוקולד מריר 400 גר`,דיפלומט מפיצים (1968) בע`מ,,גליליות וופלים שוקול,גרמים,400.00,100 גרם,false,,15.90,0.0398,true,1,2288894
5201004020338,false,גליליות קפריס קרם אגוזים שוקולד 400 גר,משה סידס ובנו בעמ,,קפריס רולס קלאסיק 40,גרמים,400.00,100 גרם,false,,19.90,0.0497,true,1,2286131
5201004021328,false,קפריס רולס גלילי וופל במילוי קרם אגוזי לוז וקקאו,אי. ג'יי פאפאדופולוס,,קפריס רולס קלאסיק 11,גרמים,115.00,100 גרם,false,,8.90,0.0774,true,1,2286132
5201015011981,false,"אוזו דקה מספר 10 700 מ""ל (כשר)",,,אוזו,מיליליטרים,700.00,"100 מ""ל",false,,79.90,0.1141,true,1,2427861
5201143734141,false,סאיוס אולאו אינטנס 4-60 חום זהוב,הנקל סוד,,סאיוס צבע לשיער,יחידה,1.00,יחידה,false,,29.90,29.9000,true,1,1921482
5201178801030,false,קרם רב שימושי 75 מל ניוואה,אלפא- ב.ד.ף בעמ,DE,קרם ניוואה 75מל',גרמים,75.00,100 גרם,false,,14.90,0.1987,true,1,1333719
5201178801047,false,"קרם רב שימושי ניוואה 150 מ""ל",אלפא- ב.ד.ף בעמ,DE,קרם ניוואה 150מל',מיליליטרים,150.00,"100 מ""ל",false,,15.90,0.1060,true,1,1333720
5201184036716,false,פלייסמנט/כוסות פלסטי,,,כוסות פלסטיק 10 יח,יח',10.00,יח',false,,9.90,0.9900,true,1,1337535
5201184815472,false,צלחות פו,,,צלחות פו,יח',8.00,יח',false,,11.90,1.4875,true,1,1384771
5201184824993,false,צלחות פרוזן,,,צלחות פרוזן,יח',8.00,יח',false,,11.90,1.4875,true,1,1384776
5201184825013,false,מפיות 33*33 פרוזן 20 יחי,,,מפיות 20 יח,יח',20.00,יח',false,,9.90,0.4950,true,1,1473802
5201184854266,false,צלחת נייר,,,צלחת נייר,יח',8.00,יח',false,,12.90,1.6125,true,1,1473973
5201184866795,false,מפיות 20 יח,,,מפיות 20 יח,יח',20.00,יח',false,,9.90,0.4950,true,1,1473803
5201246002215,false,"בירה פילס היילס ויליפוד 500 מ""ל",ג. וילי-פוד אינטרנשיונל בע`מ,,בירה פילס היילס,מיליליטרים,500.00,"100 מ""ל",false,,4.90,0.0098,true,1,2085042
5201261201532,false,"רביעית פחית בירה היינקן 500 מ""ל",מבשלת אתונה S.A.\n,,היינקן פחית רביעייה,מיליליטרים,2000.00,"מ""ל",false,,37.90,0.0190,true,1,2368943
5201347160326,false,גל לשמירה על חיי מכונת הכביסה קלגון 750מ,רקיט בנקיזר (ניר איסט) בעמ,,ג'ל למניעת אבנית 750,מיליליטרים,750.00,"100 מ""ל",false,,29.90,0.0399,true,1,1838407
5201347400545,false,רצועות שעווה מוכנות לשימוש לפנים ולאזורים רגישים,רקיט בנקיזר (ניר איסט) בעמ,FR,ויט רצועות שעווה לפנים,יחידה,0.00,יחידה,false,,29.90,0.0000,true,1,1309364
5201940010011,false,זיתים שחורים טבעיים בפח ויליפוד 454 גרם,ג. וילי-פוד אינטרנשיונל בע`מ,GR,זיתים שחורים טבעיים בפח 4,גרמים,454.00,100 גרם,false,,14.90,0.0328,true,1,1308820
5201940010110,false,זיתים שחורים קלמטה וילי פוד 250 גרם,ג. וילי-פוד אינטרנשיונל בע`מ,GR,זיתים שחורים מזן קלמטה בפ,גרמים,454.00,100 גרם,false,,14.90,0.0328,true,1,1308821
5202300014496,false,ספריי לשיער חזק במיוחד וולה פלקס Wella flex,דיפלומט מפיצים (1968) בעמ,DE,ו.פלקס ספריי אקסטרה סטרו,מיליליטרים,250.00,"100 מ""ל",false,,29.90,0.1196,true,1,1307471
5202300042970,false,צבע לשיער קולסטון - 4/6 חציל אינטנסיבי,פרוקטר אנד גמבל,DE,קולסטון 4/6 חציל אינטנסיב,מיליליטרים,60.00,"100 מ""ל",false,,24.90,0.4150,true,1,1307479
5202300043052,false,צבע לשיער קולסטון - 7/75 אגוז בהיר,פרוקטר אנד גמבל,DE,קולסטון 7/75 אגוז בהיר,מיליליטרים,60.00,"100 מ""ל",false,,24.90,0.4150,true,1,1307486
5202300043144,false,צבע לשיער קולסטון - 9/0 בלונד בהיר מאוד,פרוקטר אנד גמבל,DE,קולסטון 9/0 בלונד בהיר מא,מיליליטרים,60.00,"100 מ""ל",false,,24.90,0.4150,true,1,1307488
5202300043151,false,צבע לשיער קולסטון - 8/0 בלונד בהיר,פרוקטר אנד גמבל,DE,קולסטון 8/0 בלונד בהיר,מיליליטרים,60.00,"100 מ""ל",false,,24.90,0.4150,true,1,1307489
5202300043168,false,צבע לשיער קולסטון - 7/0 בלונד בינוני,פרוקטר אנד גמבל,DE,קולסטון 7/0 בלונד בינוני,מיליליטרים,60.00,"100 מ""ל",false,,24.90,0.4150,true,1,1307490
5202300043175,false,צבע לשיער קולסטון - 6/0 בלונד כהה,פרוקטר אנד גמבל,DE,קולסטון 6/0 בלונד כהה,מיליליטרים,60.00,"100 מ""ל",false,,24.90,0.4150,true,1,1307491
5202300043182,false,צבע לשיער קולסטון - 5/0 חום בהיר,פרוקטר אנד גמבל,DE,קולסטון 5/0 חום בהיר,מיליליטרים,60.00,"100 מ""ל",false,,24.90,0.4150,true,1,1307492
5202300043205,false,צבע לשיער קולסטון - 3/0 חום כהה,דיפלומט מפיצים (1986) בע`מ,DE,קולסטון 3/0 חום כהה,מיליליטרים,60.00,"100 מ""ל",false,,24.90,0.4150,true,1,1307494
5202300043212,false,צבע לשיער קולסטון - 2/0 שחור,פרוקטר אנד גמבל,DE,קולסטון 2/0 שחור,מיליליטרים,60.00,"100 מ""ל",false,,24.90,0.4150,true,1,1307495
5202300043281,false,צבע לשיער קולסטון - 7/1 בלונד אפרפר בינוני,פרוקטר אנד גמבל,DE,קולסטון 7/1 בלונד אפור בי,מיליליטרים,60.00,"100 מ""ל",false,,24.90,0.4150,true,1,1307499
5202300043298,false,צבע לשיער קולסטון- 6/1 בלונד אפרפר כהה,פרוקטר אנד גמבל,DE,קולסטון 6/1 בלונד אפרפר כ,מיליליטרים,60.00,"100 מ""ל",false,,24.90,0.4150,true,1,1307500
5202300043335,false,צבע לשיער קולסטון - 9/3 בלונד זהוב,פרוקטר אנד גמבל,DE,קולסטון 9/3 בלונד זהוב,מיליליטרים,60.00,"100 מ""ל",false,,24.90,0.4150,true,1,1307501
5202300043380,false,צבע לשיער קולסטון - 7/4 בלונד ג'ינג'י,פרוקטר אנד גמבל,DE,קולסטון 7/4 בלונד ג'ינגי',מיליליטרים,60.00,"100 מ""ל",false,,24.90,0.4150,true,1,1307502
5202300043434,false,צבע לשיער קולסטון - 7/73 בלונד אביב,פרוקטר אנד גמבל,DE,קולסטון 7/73 בלונד אביב,מיליליטרים,60.00,"100 מ""ל",false,,24.90,0.4150,true,1,1307505
5202300043601,false,צבע לשיער קולסטון - 7/45 אדום לוהט,פרוקטר אנד גמבל,DE,קולסטון 7/45 אדום לוהט,מיליליטרים,60.00,"100 מ""ל",false,,24.90,0.4150,true,1,1307507
5202300043724,false,צבע לשיער קולסטון - 6/75 חום אגוז בינוני,פרוקטר אנד גמבל,DE,קולסטון 6/75 חום אגוז בינ,מיליליטרים,60.00,"100 מ""ל",false,,24.90,0.4150,true,1,1307513
5202390015618,false,גבינה צהובה טבעונית אורגינל ויאו לייף 200 ג',דיפלומט מפיצים (1968) בעמ**,,צהובה טבעונית אורגינ,גרמים,200.00,100 גרם,false,,21.90,0.1095,true,1,1396121
5202390016141,false,גבינה מוצרלה צהובה לפיצה טבעונית ויאו לייף 400 ג',דיפלומט מפיצים (1968) בעמ**,,גוש מוצרלה טבעונית,גרמים,400.00,100 גרם,false,,27.90,0.0697,true,1,1396125
5202390016325,false,גבינה צהובה טבעונית בטעם מעושן ויאו לייף 200ג',דיפלומט מפיצים (1968) בעמ**,,צהובה טבעונית בטעם מ,גרמים,200.00,100 גרם,false,,21.90,0.1095,true,1,1411597
5202390020407,false,פטה טבעונית גוש ויולייף 200 ג',דיפלומט מפיצים (1968) בעמ**,,פטה טבעונית גוש,גרמים,200.00,100 גרם,false,,24.90,0.1245,true,1,2336375
5202390021121,false,קרמי אוריגינל טבעוני ויולייף 150 גר,דיפלומט מפיצים (1968) בעמ**,,קרמי טבעוני 150 גרם,גרמים,150.00,"100 ג""ר",false,,18.90,0.1260,true,1,2336376
5202472129080,false,שמן מנוע לרכב CYCLON,,,שמן מנוע לרכב CYCLON,יחידה,0.00,יחידה,false,,79.90,0.0000,true,1,2401780
5202795080709,false,אוזו מטקסה Ouzo Metaxa,הכרם - משקאות חריפים בעמ,,אוזו מטקסה.,מיליליטרים,700.00,"100 מ""ל",false,,69.90,0.0999,true,1,1333831
5203819000062,false,אוזו מלטמי 40% 700 מ,,,אוזו מלטמי,מיליליטרים,700.00,"100 מ""ל",false,,79.90,0.1141,true,1,2312449
5203819013406,false,"אוזו מלטמי 38% 0.700 מ""ל",אגדת,,אוזו מלטמי,מיליליטרים,700.00,"100 מ""ל",false,,69.90,0.0999,true,1,2312450
5203819014205,false,ארק אוזו מלטמי 700 מ,אגדת,,אוזו מלטמי,מיליליטרים,700.00,"100 מ""ל",false,,69.90,0.0999,true,1,2408593
5206759020701,false,סוכריות ג'לי פירות אקזוטי 700 גר',יעד ממתקים בעמ,,סוכריות גלי אקזוטי 7,גרמים,700.00,100 גרם,false,,14.90,0.0213,true,1,1325498
5207227060472,false,זוג נורות לד 10W לבן,,,זוג נורות לד 10W לבן,יחידה,0.00,יחידה,false,,12.90,0.0000,true,1,2296647
5207227060595,false,שלישיית נורות לד 10W לבן,,,שלישיית נורות לד 10W,יחידה,0.00,יחידה,false,,19.90,0.0000,true,1,2296651
5310099005462,false,מיזלי קראנצ' שוקולד 1קג,ספץ תעשיות,MK,מיזלי 1 קג קראנצ'שוקולד,קילוגרמים,1.00,"ק""ג",false,,24.90,24.9000,true,1,1319043
5391523057936,false,סימילאק גולד שלב 2 תרכובת מזון על בסיס חלב,אבוט מעבדות רפואיות,,סימילאק גולד שלב 2 7,גרמים,700.00,100 גרם,false,,69.90,0.0999,true,1,1920291
5391523057943,false,סימילאק גולד שלב 3 תרכובת מזון על בסיס חלב,אבוט מעבדות רפואיות,,סימילאק גולד שלב 3 7,גרמים,700.00,100 גרם,false,,69.90,0.0999,true,1,1920292
5391523058063,false,סימילאק אדבנס פלוס 1 תרכובת מזון על בסיס חלב,טרופיקל דגיל תעשיות,,סימילאק אדוואנס שלב,גרמים,700.00,100 גרם,false,,64.90,0.0927,true,1,1961932
5391523058070,false,סימילאק אדבנס פלוס 3 תרכובת מזון על בסיס חלב,טרופיקל דגיל תעשיות,,סימילאק אדוואנס שלב,גרמים,700.00,100 גרם,false,,64.90,0.0927,true,1,1961933
5391523058087,false,סימילאק אדבנס פלוס 2 תרכובת מזון על בסיס חלב,טרופיקל דגיל תעשיות,,סימילאק אדוואנס שלב,גרמים,700.00,100 גרם,false,,64.90,0.0927,true,1,1961934
5410076933129,false,אריאל אבקת כביסה שושן צחור 3 קג,דיפלומט מפיצים (1986) בע`מ,TR,"אריאל שושן צחור 2.5 ק""ג",קילוגרמים,3.00,"ק""ג",false,,31.90,10.6333,true,1,1393153
5410091648176,false,"פה - דאודורנט רול און לאישה פינק פרדייס 50 מ""ל",שוורצקופף והנקל,DE,פה דאודורנט רולאון פינק פ,מיליליטרים,50.00,"100 מ""ל",false,,9.90,0.1980,true,1,1323116
5410091678012,false,"ספריי לשיער סאיוס לברק ועיצוב 400 מ""ל",הנקל סוד,DE,סאיוס ספריי לשיער לברק וי,מיליליטרים,400.00,"100 מ""ל",false,,29.90,0.0747,true,1,1323119
5410091678043,false,"סאיוס - מוס לשיער מתולתל 250 מ""ל",הנקל סוד בעמ,DE,סאיוס מוס לשיער מתולתל 25,מיליליטרים,250.00,"100 מ""ל",false,,19.90,0.0796,true,1,1323120
5410091708948,false,"סאיוס מוס קרטין סטיילינג 250מ""ל",הנקל סוד בעמ,DE,סאיוס מוס לשיער קרטין 250,מיליליטרים,250.00,"100 מ""ל",false,,19.90,0.0796,true,1,1323122
5410091708955,false,"סאיוס ספריי קרטין סטיילינג 400מ""ל",שוורצקופף והנקל,DE,סאיוס ספריי לשיער קרטין 4,מיליליטרים,400.00,"100 מ""ל",false,,29.90,0.0747,true,1,1323123
5410091733100,false,"סאיוס מוס סרמיד לחיזוק@ 250 מ""ל",שוורצקופף והנקל,,מוס לשיער סאיוס,מיליליטרים,250.00,"100 מ""ל",false,,19.90,0.0796,true,1,1691930
5410103161518,false,קרם יום עם פעולה משולשת לעור רגיל ומעורב,לוריאל ישראל קוסמטיקס בעמ,DE,קרם לחות פעולה משולשת50מ,מיליליטרים,50.00,"100 מ""ל",false,,44.90,0.8980,true,1,1300817
5410103161617,false,קרם יום עם פעולה משולשת Triple active לעור יבש ועדין,לוריאל ישראל קוסמטיקס בעמ,DE,קרם לחות פעולה משולשת50מ,מיליליטרים,50.00,"100 מ""ל",false,,44.90,0.8980,true,1,1300818
5410126006087,false,ביסקויט ביסקפה לוטוס בטעם קרמל 700גר`ב,דיפלומט מפיצים (1968) בעמ**,,ביסקפה לוטוס 700 גרם,גרמים,700.00,100 גרם,false,,24.90,0.0356,true,1,1306900
5410126006360,false,לוטוס עוגיות סנדוויץ' במילוי לוטוס 150 גר',דיפלומט מפיצים (1968) בעמ**,,לוטוס עוגיות סנדוויץ,גרמים,150.00,100 גרם,false,,8.90,0.0593,true,1,2376106
5410126006377,false,לוטוס עוגיות סנדוויץ' במילוי וניל 150 גר',דיפלומט מפיצים (1968) בעמ**,,לוטוס עוגיות סנדוויץ,גרמים,150.00,100 גרם,false,,8.90,0.0593,true,1,2376107
5410126106183,false,עוגיות לוטוס 50 יחידות ארוזות בנפרד 312 גרם,דיפלומט מפיצים (1968) בעמ**,,ביסקפה לוטוס 312 גרם,גרמים,312.00,100 גרם,false,,17.90,0.0574,true,1,1306903
5410126116953,false,ממרח ביסקוויט קרמל לוטוס (400 גרם),דיפלומט מפיצים (1968) בעמ**,,ממרח קרמל לוטוס 400,גרמים,400.00,100 גרם,false,,18.90,0.0472,true,1,1306904
5410126666038,false,"ביסקוויט קרמל לוטוס 279 גרם בד""צ",דיפלומט מפיצים (1968) בעמ**,,ביסקפה לוטוס 276 גרם,גרמים,276.00,100 גרם,false,,12.90,0.0467,true,1,2049067
5410126716016,false,"עוגיות לוטוס ביסקויט קרמל בד""צ 250 גרם",דיפלומט מפיצים (1968) בעמ**,,ביסקפה לוטוס 250 גרם,גרמים,250.00,100 גרם,false,,9.90,0.0396,true,1,1306905
5410126726947,false,ממרח ביסקוויט קרמל קראנץ' לוטוס 380 גרם,דיפלומט מפיצים (1968) בעמ**,,ממרח עוגיות לוטוס 38,גרמים,380.00,100 גרם,false,,18.90,0.0497,true,1,1403254
5410173210055,false,רומבוטס קפה קלוי וטחון לפילטר 10 יח' 70 גרם,ליימן שליסל בע`מ,,קפה רומבוטס קפילטר 1,גרמים,70.00,100 גרם,false,,19.90,0.2843,true,1,1326546
5410228217732,false,"בירה סטלה ארטואה 440מ""ל פחית.",מנדלז סי.אר. פרודקשן,,בירה סטלה ארטואה-פחי,מיליליטרים,440.00,"100 מ""ל",false,,12.90,0.0293,true,1,2332546
5410228267515,false,"שישיית בירה לאגר באדוויזר 6*330 מ""ל",הכרם - משקאות חריפים בעמ,,בירה באדוויזר שישייה,ליטרים,1.98,ליטר,false,,29.90,15.1010,true,1,2281693
5410291021991,false,ממרח אגוזי לוז עם קקאו צ`וקטה (700 גרם),ש. שסטוביץ בע`מ,,ממרח אגוזי לוז 700 ג,גרמים,700.00,100 גרם,false,,18.90,0.0270,true,1,1444005
5410291022011,false,ממרח אגוזי לוז עם קקאו צ`וקטה (350 גרם),ש. שסטוביץ בע`מ,,ממרח אגוזי לוז צוקטה,גרמים,350.00,100 גרם,false,,11.90,0.0340,true,1,1443996
5410291022738,false,צ'וקטה ממרח חלב ואגוזי לוז עם קקאוי 350ג',ש. שסטוביץ בע`מ,,ממרח אגוזי לוז צוקטה,גרמים,350.00,100 גרם,false,,11.90,0.0340,true,1,1692844
5410291022752,false,צ'וקטה ממרח אגוזי לוז עם קקאו פרווה 350 ג',ש. שסטוביץ בע`מ,,ממרח אגוזי לוז צוקטה,גרמים,350.00,100 גרם,false,,11.90,0.0340,true,1,1487311
5410291022776,false,צ`וקטה ממרח אגוזי לוז עם קקאו 700 גר`,ש. שסטוביץ בע`מ,,ממרח אגוזי לוז 700 ג,גרמים,700.00,100 גרם,false,,18.90,0.0270,true,1,1487312
5410316983693,false,וודקה סמירנוף אייס בודד 275 מ``ל.,החברה המרכזית להפצת משקאות בעמ,IT,סמירנוף אייס בודד,מיליליטרים,275.00,"100 מ""ל",false,,10.90,0.0396,true,1,1335101
5410316994019,false,וודקה סמירנוף אדום (700 מל),החברה המרכזית להפצת משקאות-אלכ,,"וודקה סמירנוף 700 מ""",מיליליטרים,700.00,"100 מ""ל",false,,54.90,0.0784,true,1,1352536
5410769200088,false,"בירה מק שוף קטן 330 מ""ל בקבוק",הכרם משקאות חריפים בעמ,,"בירה מק שוף 330 מ""ל",ליטרים,330.00,100 ליטר,false,,14.90,0.0452,true,1,1482346
5410769200095,false,"בקבוק מק שוף 750 מ""ל בקבוק",דובל מורטגט,,"בירה מק שוף 750 מ""ל",ליטרים,750.00,100 ליטר,false,,29.90,0.0399,true,1,1482364
5410769800097,false,"בירה לה צרי שוף 8% 330 מ""ל בקבוק",הכרם -משקאות חריפים בע`מ,,"בירה לה שוף 330 מ""ל",ליטרים,330.00,100 ליטר,false,,14.90,0.0452,true,1,1771876
5410769800554,false,"בקבוק צירי שוף 750 מ""ל בקבוק",דובל מורטגט,,בירה צ'רי שוף,מיליליטרים,750.00,"100 מ""ל",false,,29.90,0.0399,true,1,2416437
5411188080268,false,משקה סויה אלפרו אורגני אלפרו (1 ליטר),הנסיך- מפעל לייצור ט,BE,אלפרו סויה אורגני 1 ל,ליטרים,1.00,ליטר,false,,14.90,14.9000,true,1,1338829
5411188081852,false,אלפרו משקה סויה בטעם וניל 1 ליטר,הנסיך- מפעל לייצור ט,BE,אלפרו סויה וניל 1 ליטר *,ליטרים,1.00,ליטר,false,,14.90,14.9000,true,1,1338830
5411188094159,false,רביעיית מעדן סויה שוקו מריר אלפרו 125 גרם,הנסיך- מפעל לייצור ט,BE,אלפרו מעדן סויה בטעם שוקו,גרמים,500.00,100 גרם,false,,16.90,0.0338,true,1,1338832
5411188094173,false,רביעיה מעדן סויה טעם קרמל 125 ג' אלפרו,שטראוס גרופ בע`מ,,מארז 4 מעדן סויה אלפ,גרמים,500.00,100 גרם,false,,16.90,0.0338,true,1,1665207
5411188096108,false,"אלפרו שמנת צמחית לבישול לייט 250מ""ל",שטראוס גרופ בעמ/מצונן,BE,"אלפרו לבישול ע""ב סויה 250",מיליליטרים,250.00,"100 מ""ל",false,,9.90,0.0396,true,1,1338833
5411188106159,false,אלפרו סויה לייט מופחת שומן 1.2% 1 ליטר,הנסיך- מפעל לייצור ט,BE,אלפרו סויה לייט בטעם טבעי,ליטרים,1.00,ליטר,false,,13.90,13.9000,true,1,1338836
5411188110835,false,אלפרו חלב סויה שקדים וניל 1ל',הנסיך- מפעל לייצור ט,BE,אלפרו משקה שקדים 1 ליטר,ליטרים,1.00,ליטר,false,,15.90,15.9000,true,1,1338838
5411188112549,false,משקה קוקוס אלפרו 1 ליטר משקה אורז 1 ליטר,הנסיך- מפעל לייצור ט,BE,אלפרו משקה אורז 1 ליטר,ליטרים,1.00,ליטר,false,,15.90,15.9000,true,1,1338841
5411188112709,false,"משקה קוקוס אלפרו 1 ליטר משקה שקדים לל""ס",הנסיך- מפעל לייצור ט,BE,אלפרו משקה שקדים ללא סוכר,ליטרים,1.00,ליטר,false,,15.90,15.9000,true,1,1338842
5411188115366,false,משקה קוקוס אלפרו 1 ליטר משקה שיבולת שועל 1 ליטר,הנסיך- מפעל לייצור ט,BE,אלפרו משקה שיבולת שועל 1,ליטרים,1.00,ליטר,false,,15.90,15.9000,true,1,1338844
5411188115434,false,משקה אלפרו בריסטה סויה 1 ליטר,"שטראוס גרופ בע""מ",,אלפרו בריסטה סויה 1ל,ליטרים,1.00,ליטר,false,,14.90,14.9000,true,1,2389119
5411188115472,false,משקה סויה אלפרו 1 ליטר,הנסיך- מפעל לייצור ט,,אלפרו משקה סויה,ליטרים,1.00,ליטר,false,,13.90,13.9000,true,1,2319293
5411188118732,false,משקה קוקוס ושקדים אלפרו (1 ליטר),הנסיך- מפעל לייצור ט,,משקה קוקוס שקדים אלפ,ליטרים,1.00,ליטר,false,,15.90,15.9000,true,1,1402937
5411188120742,false,משקה קוקוס אלפרו 1 ליטר שקדים וניל 1 ל',הנסיך- מפעל לייצור ט,,משקה שקדים בטעם וניל,ליטרים,1.00,ליטר,false,,15.90,15.9000,true,1,1402938
5411188122586,false,אלפרו משקה אגוזי קשיו 1 ל`,הנסיך- מפעל לייצור ט,,משקה שקדים אלפרו 250,מיליליטרים,250.00,"100 מ""ל",false,,5.90,0.0236,true,1,1952231
5411188124689,false,משקה אלפרו שיבולת שועל ללא סוכר 1 ליטר,שטראוס גרופ בע`מ,,אלפרו שיבולת שועל לל,ליטרים,1.00,ליטר,false,,13.90,13.9000,true,1,2326350
5411188124726,false,משקה שיבולת שועל שקדים 1 ליטר אלפרו,הדקלאים אגודת שיתופי,,משקה שיבולת שועל שקד,ליטרים,1.00,ליטר,false,,15.90,15.9000,true,1,1820828
5411188126195,false,אלפרו משקה שקדים אורגני 1ל מפוקח סקאל,שטראוס גרופ בע`מ,,משקה שקדים אורגני אל,ליטרים,1.00,ליטר,false,,15.90,15.9000,true,1,1993618
5411188129899,false,משקה אלפרו בריסטה שקדים 1 ליטר,הנסיך- מפעל לייצור ט,,אלפרו בריסטה שקדים,ליטרים,1.00,ליטר,false,,14.90,14.9000,true,1,2319296
5411188133476,false,אלפרו משקה סויה שוקו+חלבון 250 גרם בית יוסף,שטראוס גרופ בעמ/מצונן,,משקה אלפרו סויה שוק,מיליליטרים,250.00,"100 מ""ל",false,,6.90,0.0276,true,1,2377026
5411188133490,false,אלפרו משקה סויה קפה קרמל+חלבון 250 גרם בית יוסף,שטראוס גרופ בעמ/מצונן,,משקה אלפרו סויה קפה,מיליליטרים,250.00,"100 מ""ל",false,,6.90,0.0276,true,1,2377027
5411188134985,false,אלפרו 3.5% NOT M*LK שיבולת שועל 1 ליטר בית יוסף,שטראוס גרופ בעמ/מצונן,,משקה אלפרו 3.5% שיב,ליטרים,1.00,ליטר,false,,13.90,13.9000,true,1,2367076
5411188135005,false,אלפרו 1.8% NOT M*LK שיבולת שועל 1 ליטר בית יוסף,שטראוס גרופ בעמ/מצונן,,משקה אלפרו 1.8% שיב,ליטרים,1.00,ליטר,false,,13.90,13.9000,true,1,2367077
5411188300328,false,אלפרו משקה סויה עמיד בטעם שוקו 1 ליטר,הנסיך- מפעל לייצור ט,BE,אלפרו סויה שוקו 1 ליטר *,ליטרים,1.00,ליטר,false,,14.90,14.9000,true,1,1338848
5411188513483,false,"סויה לבישול 14% שומן אלפרו 250 מ""ל",שטראוס גרופ בעמ/מצונן,,אלפרו סויה לבישול 14,מיליליטרים,250.00,"100 מ""ל",false,,9.90,0.0396,true,1,2389389
5411188543398,false,משקה סויה ללא סוכר אלפרו 1 ליטר,הנסיך- מפעל לייצור ט,,אלפרו משקה סויה ללא,ליטרים,1.00,ליטר,false,,13.90,13.9000,true,1,2319297
5411223030081,false,בירה לינדמנס קריק(דובדבנים)3.5% אלכו,הכרם -משקאות חריפים בע`מ,,בירה לינדמנס דובדבן,ליטרים,250.00,100 ליטר,false,,9.90,0.0396,true,1,1482389
5411223100579,false,"בירה לינדמנס אפל תפוח 250 מ""ל",מבשלת לינדמנס,,בירה לינדמנס תפוחים,ליטרים,250.00,100 ליטר,false,,9.90,0.0396,true,1,2280746
5411616143244,false,"בירה לוקסוס 8.5% פחית 500 מ""ל",,,בירה לוקסוס 8.5%,יחידה,0.00,יחידה,false,,7.90,0.0000,true,1,2428805
5411681038001,false,"מרדסו מעורפלת מאוד330מ""ל",הכרם - משקאות חריפים בעמ,,בירה מרדסו טריפל 330,ליטרים,330.00,100 ליטר,false,,14.90,0.0452,true,1,1482369
5411681038056,false,בירה מרדסו 10 טריפל750מל,דובל מורטגט,,בירה מרדסו טריפל 750,ליטרים,750.00,100 ליטר,false,,29.90,0.0399,true,1,1482391
5411686700118,false,בירה לימפנס פרוטס 4.2% אלכוהול 250 מ`ל,הכרם -משקאות חריפים בע`מ,,בירה ליפמנס און דה ר,ליטרים,250.00,100 ליטר,false,,9.90,0.0396,true,1,1482392
5413149655522,false,"אבקת כביסה שושן צחור 1.25 ק""ג אריאל",דיפלומט מפיצים (1986) בע`מ,,"אריאל 1.25 ק""ג שושן",קילוגרמים,1.25,"ק""ג",false,,19.90,15.9200,true,1,1307590
5413216990242,false,בונבוניירה צדפים ממולאים בקרם אגוזים,ש. שסטוביץ בע`מ,,צדפי שוקולד ממולאים,גרמים,250.00,100 גרם,false,,13.90,0.0556,true,1,1404099
5413346259004,false,תיספורת ניטען המילטו,,,תיספורת ניטען המילטו,יחידה,0.00,יחידה,false,,69.90,0.0000,true,1,2423710
5413548040479,false,בונבוניירה רפאלו 240 גרם,פרימיום-חברה לדברי מתיקה ולמסח,,שוקולד רפאלו 240 גרם,גרמים,240.00,100 גרם,false,,22.90,0.0954,true,1,1326551
5413548280189,false,קינדר שוקו בון 1 יחידות 125 גרם,פרימיום-חברה לדברי מתיקה ולמסח,,קינדר שוקובון.,גרמים,125.00,100 גרם,false,,10.90,0.0872,true,1,1326552
5556664973004,false,סט ידיות מקרר,,,סט ידיות מקרר,יחידה,0.00,יחידה,false,,9.90,0.0000,true,1,2353851
5601008200444,false,עוגיות גודיס טבעות מצופות שוקולד חלב מרבה 150 גרם,הנסיך- מפעל לייצור ט,PT,מרבה גודיס שוקולד חלב,גרמים,150.00,100 גרם,false,,8.90,0.0593,true,1,1338854
5601008200451,false,עוגיות גודיס טבעות מצופות שוקולד מריר מרבה 150 גרם,ש. שסטוביץ בע`מ,PT,מרבה גודיס שוקולד מריר,גרמים,150.00,100 גרם,false,,8.90,0.0593,true,1,1338855
5601008200468,false,עוגיות גודיס טבעות מצופות שוקולד לבו מרבה 150 גרם,קריניציה ויטמינה אס,PT,מרבה גודיס שוקולד לבן,גרמים,150.00,100 גרם,false,,8.90,0.0593,true,1,1338856
5601010111035,false,סרדין בשמן זית רמירז 125 גרם,רמירז אנד קה פילהאוס,,סרדינים בשמן,גרמים,125.00,100 גרם,false,,9.90,0.0792,true,1,2286241
5601010211070,false,סרדין במים רמירז 125 גרם,רמירז אנד קה פילהאוס,,סרדין במים,גרמים,125.00,100 גרם,false,,8.90,0.0712,true,1,2286242
5601010211087,false,פילה סרדין בשמן זית כתית 100 גר רמירז,רמירז אנד קה פילהאוס,,פילה סרדין בשמן זית,גרמים,100.00,100 גרם,false,,12.90,0.1290,true,1,2286243
5601036205596,false,צבע לשיער אקסלנס קרם - 5.3 חום זהוב,לוריאל ישראל קוסמטיקס בעמ,,צבע שיער אקסלנס 5.3,יחידה,0.00,יחידה,false,,34.90,0.0000,true,1,1300831
5601036205688,false,לוריאל - אקסלנס קרם 8 בלונד בהיר,ליברמו,,צבע שיער אקסלנס 8 LO,יחידה,0.00,יחידה,false,,34.90,0.0000,true,1,1300838
5601045300022,false,משקה גוארנה אנטרטיקה פחית 355 מל,סומול וקומפל אס.איי,,משקה גווארנה בפחית,מיליליטרים,330.00,"100 מ""ל",false,,5.50,0.0167,true,1,1306396
5601217129420,false,וולייט דפים למניעת העברת צבע 20 יחידות,רקיט בנקיזר (ניר איסט) בעמ,,וולייט דפים שומרי צב,יח',20.00,יח',false,,19.90,0.9950,true,1,1820993
5604912415041,false,סרדינים בשמן חמניה פורטוס 125 גרם,קונסרבס פורטוגל נורטה לי,,סרדינים בשמן חמניה פ,גרמים,125.00,100 גרם,false,,6.90,0.0552,true,1,2160297
5604912415058,false,סרדינים פורטוס בשמן חמניות חריף 125 גרם,דיפלומט מפיצים (1968) בעמ**,,סרדינים בשמן חמניה ח,גרמים,125.00,100 גרם,false,,6.90,0.0552,true,1,2160303
5604912425040,false,מקרלים בשמן חמניה פורטוס 125 גרם,דיפלומט מפיצים (1968) בעמ**,,מקרלים בשמן חמניה פו,גרמים,125.00,100 גרם,false,,6.90,0.0552,true,1,2160304
5604912425057,false,מקרלים בשמן חמניה חריף פורטוס 125 גרם,קונסרבס פורטוגל נורטה לי,,מקרלים בשמן חמניה חר,גרמים,125.00,100 גרם,false,,6.90,0.0552,true,1,2160305
5701932026964,false,"הוטפופ גרעיני תירס להכנת פופקורן במיקרוגל בטעם טבעי, בתוספת מלח, 600 גרם",ליימן שליסל בע`מ,US,הוט פופ מלוח 600 גרם,גרמים,600.00,100 גרם,false,,16.90,0.0282,true,1,1326553
5701932026971,false,הוטפופ גרעיני תירס להכנת פופקורן במיקרוגל בטעם חמאה 600 גרם,ליימן שליסל בע`מ,US,הוטפופ חמאה 600 גרם,גרמים,600.00,100 גרם,false,,16.90,0.0282,true,1,1326554
5701932026995,false,"הוטפופ גרעיני תירס להכנת פופקורן במיקרוגל בטעם טבעי מופחת שומן, 510 גרם",קריניציה ויטמינה אס,US,פופקורן הוט פופ טבעי לייט,גרמים,510.00,100 גרם,false,,16.90,0.0331,true,1,1326555
5706516031358,false,פופקורן להכנה במיקרוגל בטעם טבעי מופחת שומן 5 שקיות,ליימן שליסל בע`מ,US,הוטפופ 100 קלוריות 160 גר,גרמים,160.00,100 גרם,false,,16.90,0.1056,true,1,1326556
5711953106583,false,גבינת שמנת בטעם טבעי 200 גרם ארלה,שטראוס גרופ בעמ/מצונן,,גבינת שמנת ארלה 24.5,גרמים,200.00,100 גרם,false,,14.90,0.0745,true,1,2280454
5711953106590,false,גבינת שמנת ארלה שמנת שום 200 גרם,שטראוס גרופ בעמ/מצונן,,גבינת שמנת ארלה 24%,גרמים,200.00,100 גרם,false,,14.90,0.0745,true,1,2280455
5711953106606,false,גבינת שמנת עם תבלינים ועשבי תיבול 23.5%,שטראוס גרופ בעמ/מצונן,,גבינת שמנת ארלה 23.5,גרמים,200.00,100 גרם,false,,14.90,0.0745,true,1,2280456
5740900403215,false,ממרח חמאה דנית לורפק עם מלח 250 גרם,שטראוס גרופ בעמ/מצונן,,ממרח לורפאק עם מלח 2,גרמים,250.00,100 גרם,false,,15.90,0.0636,true,1,2162235
5740900403222,false,ממרח לורפק חמאה עם מלח מופחת שומן 250 ג,שטראוס גרופ בעמ/מצונן,,ממרח לורפאק עם מלח מ,גרמים,250.00,100 גרם,false,,15.90,0.0636,true,1,2162236
5740900403239,false,ממרח חמאה דנית לורפק ללא מלח 250 גרם,שטראוס גרופ בעמ/מצונן,,ממרח לורפאק בלי מלח,גרמים,250.00,100 גרם,false,,15.90,0.0636,true,1,2162237
5740900403246,false,ממרח לורפק ללא תוספת מלח 500 גר,שטראוס גרופ בעמ/מצונן,,ממרח לורפאק בלי מלח,גרמים,500.00,100 גרם,false,,24.90,0.0498,true,1,2162238
5740900403253,false,ממרח מחמאת לורפק עם מלח 500 ג',שטראוס גרופ בעמ/מצונן,,ממרח לורפאק עם מלח 5,גרמים,500.00,100 גרם,false,,24.90,0.0498,true,1,2162239
5740900403260,false,ממרח מחמאת לורפק ללא מלח 27% פחות שומן,שטראוס גרופ בעמ/מצונן,,ממרח לורפאק ללא מלח,גרמים,250.00,100 גרם,false,,15.90,0.0636,true,1,2162240
5740900403864,false,חמאה +מלח 200 גרם לורפק כשרות או קיי,שטראוס גרופ בעמ/מצונן,,חמאת לורפאק 200 גרם,גרמים,200.00,100 גרם,false,,10.90,0.0545,true,1,2366276
5900017062419,false,"ניוואה - תחליב רחצה ורדים ושמן שקדים 750 מ""ל",אלפא ב.ד.ף בעמ,,ניוואה 750תחליב רחצה,מיליליטרים,750.00,"100 מ""ל",false,,13.90,0.0185,true,1,2353544
5900017062822,false,ניוואה קרם רב שימושי,,,ניוואה קרם רב שימושי,יחידה,0.00,יחידה,false,,24.90,0.0000,true,1,2089498
5900020012814,false,דגנים תפוחים בטעם שוקולד נסקוויק נסטלה 500 גרם,קבוצת אוסם סחר שותפות מוגבלת,PL,נסקוויק דגני בוקר תפוחים,גרמים,500.00,100 גרם,false,,24.90,0.0498,true,1,1305693
5900020015174,false,פיטנס חטיפי אנרגיה דגנים בטעם שוקולד נסטלה 6*23.5 גרם,קבוצת אוסם סחר-שות.מוגבלת,PL,פיטנס חטיף דגנים עם שוקול,גרמים,141.00,100 גרם,false,,15.90,0.1128,true,1,1305694
5900020018908,false,פיטנס חטיפי אנרגיה דגנים בטעם קרם עוגיות נסטלה 6*23.5 גרם,קבוצת אוסם סחר-שות.מוגבלת,PL,פיטנס חטיף דגנים עם עוגיו,גרמים,141.00,100 גרם,false,,15.90,0.1128,true,1,1305700
5900020020741,false,חטיפי דגנים נסקוויק בר שוקו שוקו 6*25 גר,קבוצת אוסם סחר שותפות מוגבלת,PL,נסקוויק חטיף דגנים שוקו-ש,גרמים,150.00,100 גרם,false,,15.90,0.1060,true,1,1305702
5900020022325,false,חטיף סיני מיניס Cini Minis בטעם קינמון - 6 במארז,קבוצת אוסם סחר שותפות מוגבלת,PL,סיני מיניס חטיף דגנים בטע,גרמים,150.00,100 גרם,false,,15.90,0.1060,true,1,1305704
5900020024770,false,פיטנס - דליס חטיף דגנים שוקולד אגוז 22.50 גרם * 6,קבוצת אוסם סחר שותפות מוגבלת,PL,פיטנס חטיף דגנים 141 גרם,גרמים,135.00,100 גרם,false,,15.90,0.1178,true,1,1380021
5900020024817,false,פיטנס דליס Fitness Delice חטיף דגנים עם שוקולד לבן,קבוצת אוסם סחר שותפות מוגבלת,PL,פיטנס חטיף דגנים 141 גרם,גרמים,135.00,100 גרם,false,,15.90,0.1178,true,1,1380022
5900020026552,false,דגני בוקר האני נאט צ'יריוס בטעם דבש ושקדים,קבוצת אוסם סחר שותפות מוגבלת,,דגני בוקר האני צ'ריו,גרמים,625.00,100 גרם,false,,24.90,0.0398,true,1,1422946
5900020029669,false,פיטנס - חטיף דגנים פירות יער 23.50 גרם * 6,קבוצת אוסם סחר שותפות מוגבלת,,חטיף פיטנס פירות יער,גרמים,141.00,100 גרם,false,,15.90,0.1128,true,1,1743862
5900020031877,false,נסטלה האני ציריוס חטיף דגני בוקר שישייה,קבוצת אוסם סחר-שות.מוגבלת,,חטיף דגנים צ'יריוס,גרמים,132.00,100 גרם,false,,15.90,0.1205,true,1,1960713
5900020033314,false,חטיף דגני בוקר Lion בטעם קרמל ושוקולד על קרם חלב,קבוצת אוסם סחר שותפות מוגבלת,,חטיף ליון דגנים 25*6,גרמים,150.00,100 גרם,false,,15.90,0.1060,true,1,2077173
5900020034021,false,פיטנס חטיף דגנים שוקו בננה נסטלה (23.5x6,קבוצת אוסם סחר שותפות מוגבלת,,חטיף פיטנס דגנים שוק,גרמים,141.00,100 גרם,false,,15.90,0.1128,true,1,2194607
5900020034991,false,דגני בוקר צדפים בטעם שוקולד 450 ג' קראנץ',קבוצת אוסם סחר שותפות מוגבלת,,קראנץ צדפים בטעם שוק,גרמים,450.00,100 גרם,false,,24.90,0.0553,true,1,2285663
5900020036407,false,ליון דגני בוקר שוקולד וקרמל נסטלה 480 גרם,קבוצת אוסם סחר שותפות מוגבלת,,דגני בוקר ליון וקרמל,גרמים,480.00,100 גרם,false,,24.90,0.0519,true,1,2295781
5900020037916,false,דגני בוקר שיבולת שועל צ'ריוס 375ג',קבוצת אוסם סחר שותפות מוגבלת,,דגני בוקר צ'ריוס שיב,גרמים,375.00,100 גרם,false,,14.90,0.0397,true,1,2332041
5900020039590,false,פיטנס חטיף דגנים קלאסי 6.8*23.5גר פרווה,קבוצת אוסם סחר-שות.מוגבלת,,חטיף פיטנס דגנים קלא,גרמים,141.00,100 גרם,false,,15.90,0.1128,true,1,2363718
5900020039620,false,פיטנס חטיף דגנים שקדים ודבש פרווה 8 6*23 ג,קבוצת אוסם סחר שותפות מוגבלת,,חטיף פיטנס דגנים שקד,גרמים,141.00,100 גרם,false,,15.90,0.1128,true,1,2363719
5900020041142,false,קורנפלקס פיטנס 500 ג' אסם,קבוצת אוסם סחר-שות.מוגבלת,,קורנפלקס פיטנס 500 ג,גרמים,500.00,100 גרם,false,,12.90,0.0258,true,1,2427185
5900020041371,false,פיטנס מארז חטיף שוקולד מריר ושקדים 6*8,קבוצת אוסם סחר שותפות מוגבלת,,מארז חטיף פיטנס שוקו,גרמים,184.00,100 גרם,false,,15.90,0.0864,true,1,2415829
5900238587234,false,שוקולד מריר טעמן 62% 100 גרם,,,שוקולד מריר 62% ברון,גרמים,100.00,100 גרם,false,,5.90,0.0590,true,1,1348439
5900352000770,false,ממתק ג`לי דובדבן מצופה שוקולד 190 גרם,יעד ממתקים בעמ,,בונבונירה 190 גרם,גרמים,190.00,100 גרם,false,,8.90,0.0468,true,1,1325501
5900352001814,false,שוקולד גלרטקה תפוז מלה 190 גרם,יעד ממתקים בעמ,,בונבונירה 190 גרם,גרמים,190.00,100 גרם,false,,8.90,0.0468,true,1,1325502
5900352001821,false,שוקולד חלב ממולא ג'לי לימון Mella,יעד ממתקים בעמ,,בונבונירה 190 גרם,גרמים,190.00,100 גרם,false,,8.90,0.0468,true,1,1325503
5900352002576,false,ממתק ג`לי אוכמניות מצופה שוקולד190 גרם,יעד ממתקים בעמ,,בונבונירה אוכמניות 1,גרמים,190.00,100 גרם,false,,8.90,0.0468,true,1,1325504
5900352002866,false,חטיף אליבי שוקולד וקרמל 49 גרם,אליבי מקס Alibi Max,,חטיף שוקולד אליבי מק,גרמים,49.00,100 גרם,false,,2.90,0.0592,true,1,1325505
5900352008509,false,עוגיות יזיקי אדווקט 140 גרם,יעד ממתקים בעמ,,עוגיות יזיקי אדווקט,גרמים,140.00,100 גרם,false,,5.90,0.0421,true,1,2404837
5900352011356,false,עוגיות מריר יזיקי שרי 140 גרם,יעד ממתקים בעמ,,חטיפי שוקולד עוגיות,גרמים,140.00,100 גרם,false,,5.90,0.0421,true,1,2404825
5900352012605,false,טייגר חטיף אליבי קוקוס 49 גרם,אליבי מקס Alibi Max,,חטיף קוקוס אליבי 49,גרמים,49.00,100 גרם,false,,2.90,0.0592,true,1,1325510
5900352014449,false,וופל בלגי וניל 130 גר` יעד ממתקים,יעד ממתקים בעמ,,וופל בלגי וניל 130 ג,גרמים,130.00,100 גרם,false,,3.90,0.0300,true,1,2404814
5900352014456,false,וופל בלגי שוקולד 130 גר` יעד ממתקים,יעד ממתקים בעמ,,וופל בלגי שוקולד 130,גרמים,130.00,100 גרם,false,,3.90,0.0300,true,1,2404815
5900352014470,false,וופל בלגי קרמל 140 גר` יעד ממתקים,יעד ממתקים בעמ,,וופל בלגי קרמל 130 ג,גרמים,130.00,100 גרם,false,,3.90,0.0300,true,1,2404816
5900352014890,false,עוגיות יזיקי מריר תפוז 140 גרם,יעד ממתקים בעמ,,עוגיות יזיקי מריר תפ,גרמים,140.00,100 גרם,false,,5.90,0.0421,true,1,2424303
5900352015125,false,עוגיות יזיקי קרמל מלוח 140 גרם,יעד ממתקים בעמ,,עוגיות יזיקי קרמל מל,גרמים,140.00,100 גרם,false,,5.90,0.0421,true,1,2424304
5900352015576,false,וופל בלגי קרם קוקוס 130 גר` יעד ממתקים,יעד ממתקים בעמ,,וופל בלגי קוקוס 130,גרמים,130.00,100 גרם,false,,3.90,0.0300,true,1,2424298
5900617015716,false,חטיף קרנצ' אגוזים שק,,,חטיף קרנצ' אגוזים שק,גרמים,40.00,100 גרם,false,,3.90,0.0975,true,1,2406422
5900617035882,false,חטיף חלבון נוטרישיין בטעם שוקולד,סיטי תוספי מזון,,חטיף חלבון פרוטאין 3,גרמים,50.00,100 גרם,false,,9.90,0.1980,true,1,2381994
5900617035905,false,חטיף חלבון נוטרישיין בטעם קרמל מלוח,סיטי תוספי מזון,,חטיף חלבון פרוטאין 3,גרמים,50.00,100 גרם,false,,9.90,0.1980,true,1,2381995
5900617035929,false,חטיף חלבון נוטרישיין בטעם וניל תות יער,סיטי תוספי מזון,,חטיף חלבון פרוטאין 3,גרמים,50.00,100 גרם,false,,9.90,0.1980,true,1,2381996
5900627040104,false,"הרפיק נוזל לניקוי אסלות שחור סיטרוס 750 מ""ל",רקיט בנקיזר,PL,"הרפיק שחור סיטרום 750 מ""ל",מיליליטרים,750.00,"100 מ""ל",false,,14.90,0.0199,true,1,1309372
5900627063233,false,טבליות למדיח הכל ב-1 פיניש מקס 50 יחידות,רקיט בנקיזר (ניר איסט) בעמ,,פיניש 50 טבליות AIO,יח',50.00,יח',false,,34.90,0.6980,true,1,1465814
5900627066715,false,טבליות למדיח פיניש הכל ב-1 100 יח,רקיט בנקיזר (ניר איסט) בעמ,,פיניש 100 טבליות למד,יח',100.00,יח',false,,54.90,0.5490,true,1,1488767
5900951269028,false,מזון לחתול ויסקס פאו,,,מזון לחתול ויסקס פאו,גרמים,100.00,100 גרם,false,,4.90,0.0490,true,1,2426510
5900951283963,false,חטיף סניקרס עם חמאת בוטנים Creamy Peanut Butter,"מרס ריגלי ישראל בע""מ",,חטיף סניקרס קרמי חמא,גרמים,36.50,100 גרם,false,,3.90,0.1068,true,1,2372910
5901105745122,false,כוס מאג פלורידה 375,,,כוס מאג פלורידה 375,יחידה,0.00,יחידה,false,,6.90,0.0000,true,1,2289502
5901105745207,false,"כוס מאג נבדה 350 מ""ל",,,"כוס מאג נבדה 350 מ""ל",יחידה,0.00,יחידה,false,,6.90,0.0000,true,1,2299420
5901105745214,false,"כוס מאג מילנו 250 מ""",,,"כוס מאג מילנו 250 מ""",יחידה,0.00,יחידה,false,,6.90,0.0000,true,1,2289574
5901105745252,false,"כוס מאג גמבו 450 מ""ל",,,"כוס מאג גמבו 450 מ""ל",יחידה,0.00,יחידה,false,,7.90,0.0000,true,1,2299421
5901414200411,false,בלזן היט מיני ביסקוויט סנדוויץ' עם מילוי קרם בטעם שוקולד 130 גרם,ליימן שליסל בע`מ,,ביסקוויט מיני ממולא,גרמים,130.00,100 גרם,false,,6.90,0.0531,true,1,1326557
5901669485649,false,ברון שוקולד מריר 80% 100 גרם,,,שוקולד דק מריר 80%,גרמים,100.00,100 גרם,false,,7.90,0.0790,true,1,1348457
5901669485663,false,שוקולד דק מריר תפוז 70% 100 גרם,,,שוקולד דק מריר תפוז,גרמים,100.00,100 גרם,false,,7.90,0.0790,true,1,1348458
5901669486196,false,שוקולד חלב עם בוטנים וצימוקים ברון 300 גרם,טעמן שווק מזון בעמ,,שוקולד ברון חלב בוטנ,גרמים,300.00,100 גרם,false,,11.90,0.0397,true,1,1348462
5901669486257,false,ברון שוקולד מריר בוטנים וצימוקים 300ג,,,שוקולד ברון מריר בוט,גרמים,300.00,100 גרם,false,,11.90,0.0397,true,1,1348465
5901677007611,false,שוקולד חלב 300 גר ברון,טעמן שווק מזון בעמ,,שוקולד ברון חלב 300,גרמים,300.00,100 גרם,false,,11.90,0.0397,true,1,1348482
5901677008489,false,שוקולד מריר ברון 300 גרם,טעמן שווק מזון בעמ,,שוקולד ברון מריר 300,גרמים,300.00,100 גרם,false,,11.90,0.0397,true,1,1348486
5901677009011,false,שוקולד מריר טעמן 70% 100 גרם,,,שוקולד ברון מריר 70%,גרמים,100.00,100 גרם,false,,5.90,0.0590,true,1,1348489
5902198160403,false,XL משקה אנרגיה מוגז ללא סוכר עד 10 קלוריות לפחית 250 מל,"טמפו משקאות בע""\מ",,משקה XL בפחית,מיליליטרים,250.00,"100 מ""ל",false,,4.30,0.0172,true,1,1554453
5902581683779,false,שוקולד חלב ברון 90 גרם,,,שוקולד חלב ברון 90 ג,גרמים,90.00,100 גרם,false,,4.90,0.0544,true,1,2408749
5902581683793,false,שוקולד חלב ממולא קרמל ברון 100 גרם,,,שוקולד חלב ממולא קרמ,גרמים,100.00,100 גרם,false,,4.90,0.0490,true,1,2408756
5902581689344,false,ברון שוקולד מריר 70% עם קפה 100 גרם,,,שוקולד דק מריר קפה 7,יחידה,0.00,יחידה,false,,7.90,0.0000,true,1,2428806
5902658076596,false,"פלסטר נקסקר פיות, 20 יח' אחיד",פארמה גורי,,פלסטר נקסקר פיות 20,יח',20.00,יח',false,,24.90,1.2450,true,1,2331638
5902658076626,false,פלסטר נקסקר פו הדב דיסני 20 יח' אחיד,,,פלסטר נקסקר פו הדב ד,יח',20.00,יח',false,,24.90,1.2450,true,1,2332324
5902658089305,false,פלסטר נקסקר ייחודי ל,,,פלסטר נקסקר ייחודי ל,יח',10.00,יח',false,,24.90,2.4900,true,1,2332296
5902658105593,false,נקסקר ילדים מפלצות 20 יח',,,פלסטר נקסקר ילדים מפ,יח',20.00,יח',false,,24.90,1.2450,true,1,2332344
5904941750312,false,"משקה אנרגיה BLU מוחיטו בודד 250 מ""ל",בני פאוזי שמשום (2009) בעמ,,משקה בלו מוחיטו,מיליליטרים,250.00,"100 מ""ל",false,,4.20,0.0168,true,1,1364064
5904941751302,false,משקה אנרגיה בפחית בלו (250 מל),בני פאוזי שמשום (2009) בעמ,,BLU משקה אנרגיה 250מ,מיליליטרים,250.00,"100 מ""ל",false,,4.20,0.0168,true,1,1364065
5904941751371,false,"בלו אקזוטי (מלון תפוח) 250 מ""ל בודד",בני פאוזי שמשום (2009) בעמ,,משקה בלו דיי אקזו,מיליליטרים,250.00,"100 מ""ל",false,,3.90,0.0156,true,1,1747640
5904941751524,false,"משקה אנרגיה BLU DAY אבטיח בודד 250 מ""ל",בני פאוזי שמשום (2009) בעמ,,משקה בלו דיי אבטיח,מיליליטרים,250.00,"100 מ""ל",false,,4.20,0.0168,true,1,1364067
5904941751920,false,בלו משקה אנרגיה דיי חצי מכמות הקלו250 מל,בני פאוזי שמשום (2009) בעמ,,משקה בלו דיי,מיליליטרים,250.00,"100 מ""ל",false,,4.20,0.0168,true,1,1364071
5906485301012,false,משקה אנרגיה XL מוגז פחית 250 מל,טמפו משקאות בע`מ,,"משקה XL בפחית 250 מ""",מיליליטרים,250.00,"100 מ""ל",false,,4.30,0.0172,true,1,1364594
5949152110821,false,"איירוויק מבשם אוויר ומנטרל ריחות – לילות לבנים 237 מ""ל",רקיט בנקיזר (ניר איסט) בעמ,,מבשם אויר ספריי אירו,מיליליטרים,236.00,"100 מ""ל",false,,19.90,0.0843,true,1,2415260
5949152110838,false,"איירוויק מבשם אוויר ומנטרל ריחות - גשמים סגולים 237 מ""ל",רקיט בנקיזר (ניר איסט) בעמ,,מבשם אויר ספריי אירו,מיליליטרים,236.00,"100 מ""ל",false,,19.90,0.0843,true,1,2415261
5997307500843,false,משקל מטבח דיגיטלי,,,משקל מטבח דיגיטלי,יחידה,0.00,יחידה,false,,39.90,0.0000,true,1,2298620
5997321701806,false,אבקה למניעת אבנית במכונת כביסה 2 ב-1,רקיט בנקיזר (ניר איסט) בעמ,,אבקה למניעת אבנית 1ק,קילוגרמים,1.00,"ק""ג",false,,29.90,29.9000,true,1,1697012
5997321770307,false,ויט רצועות שעווה מוכנות לעור רגיש 12 יחידות,רקיט בנקיזר (ניר איסט) בעמ,,רצועות שעווה לעור רג,יחידה,0.00,יחידה,false,,29.90,0.0000,true,1,2166525
5998623526739,false,יין גוורצטרמינר חצי מתוק סי גראס 750 מ,מ. אקרמן בעמ,,יין גוורצטרמינר,מיליליטרים,750.00,"100 מ""ל",false,,29.90,0.0399,true,1,2274312
5998623530637,false,"אדלמה קברנה סובניון יין אדום יבש (כשר) 750 מ""ל",מ.אקרמן בעמ,,יין אדום יבש אדלמה ק,מיליליטרים,750.00,"100 מ""ל",false,,39.00,0.0520,true,1,2427863
5998623530644,false,"אדלמה-פינו גרגיו סמוק יין רוזה יבש 750 מ""ל",מ.אקרמן בעמ,,יין רוזה יבש אדלמה פ,מיליליטרים,750.00,"100 מ""ל",false,,32.00,0.0427,true,1,2427835
5998710131877,false,בונבונטי חטיף דובדבן בשוקולד 36 גרם,דילר בי.אמ.די.אינטרנשיונל בעמ,,סוכריות שוקולד 36 CH,גרמים,36.00,100 גרם,false,,3.90,0.1083,true,1,2128248
5998749108536,false,חטיף ויסקס סלמון 60 גרם,שחורי אריה ואנסטסיה,HU,60G ויסקס טמפ'סלמון,גרמים,60.00,100 גרם,false,,9.90,0.1650,true,1,1319055
5998749108550,false,חטיף ויסקס עוף וגבינה 60,שחורי אריה ואנסטסיה,HU,60Gויסקס טמפ'ציקן&צ'ז,גרמים,60.00,100 גרם,false,,9.90,0.1650,true,1,1319056
5999884350002,false,גולדן דוג שימור לכלב,,,גולדן דוג שימור לכלב,יחידה,0.00,יחידה,false,,3.90,0.0000,true,1,2369436
5999884350019,false,גולדן דוג שימור לכלב,,,גולדן דוג שימור לכלב,יחידה,0.00,יחידה,false,,3.90,0.0000,true,1,2369437
5999884350347,false,גולדן קט שימור לחתול,גולדן קט Golden Cat,,גולדן קט שימור לחתול,גרמים,410.00,100 גרם,false,,3.90,0.0095,true,1,2369439
5999884350828,false,גולדן קט שימור לחתול,גולדן קט Golden Cat,,גולדן קט שימור לחתול,גרמים,410.00,100 גרם,false,,3.90,0.0095,true,1,2369441
5999884350842,false,גולדן קט שימור לחתול,גולדן קט Golden Cat,,גולדן קט שימור לחתול,גרמים,410.00,100 גרם,false,,3.90,0.0095,true,1,2369443
6001067017332,false,קולגייט מברשת שיניים מדיום 360 אופטיק ווייט,קולגייט-פלמוליב,,מברשת שיניים קולגייט,יחידה,0.00,יחידה,false,,10.00,0.0000,true,1,1443049
6001067017523,false,מברשת שיניים קולגייט לילדים מגיל חמש 1 יחידה,יבואן ומשווק: ש. שסט,CN,קולגייט מברשת ילדים ספידר,יח',1.00,יח',false,,18.90,18.9000,true,1,1338857
6001067017530,false,מברשת שיניים קולגייט לילדים מגיל שנתיים עד חמש 1 יחידה,יבואן ומשווק: ש. שסט,CN,קולגייט מברשת ילדים ספידר,יחידה,0.00,יחידה,false,,18.90,0.0000,true,1,1338858
6001067018049,false,קולגייט ילדים 2-5מברשת שיניים,קולגייט-פלמוליב,VN,קולגייט מברשת שיניים ילדי,יחידה,0.00,יחידה,false,,9.90,0.0000,true,1,1338859
6001067027324,false,קולגייט בארבי-באטמן מברשת חשמלית,קולגייט - פלמוליב,CN,קולגייט מברשת ילדים בארבי,יח',1.00,יח',false,,49.90,49.9000,true,1,1338864
6009188004828,false,קיט קאט צ`אנקי לבן 40 גר`,קבוצת אוסם סחר שותפות מוגבלת,,חטיף קיט קט צ'אנקי ל,גרמים,40.00,100 גרם,false,,3.90,0.0975,true,1,2415843
6009684861000,false,חטיף דגנים בטעם מייפל שקדים 175 גרם,דין שיווק,,חטיף גרנולה בתוספת ד,גרמים,175.00,100 גרם,false,,9.90,0.0566,true,1,1327558
6111094000198,false,קוסקוס דארי בינוני 350 גרם,דארי קוספאט אס. איי. או,,קוסקוס דארי 350 גרם,גרמים,350.00,100 גרם,false,,5.90,0.0169,true,1,1870193
6111094000242,false,תומר קוסקוס דארי דק 500גר,תומר ייבוא ושיווק מוצרי מזון [,,קוסקוס דארי דק 500 ג,גרמים,500.00,100 גרם,false,,7.90,0.0158,true,1,1339662
6111094000259,false,קוסקוס להכנה מהירה דארי (500 גרם),תומר ייבוא ושיווק מוצרי מזון [,,קוסקוס דארי בינוני 0,גרמים,500.00,100 גרם,false,,7.90,0.0158,true,1,1339663
6111094000273,false,דארי קוסקוס שעורה 500 גרם,תומר יבוא ושיווק מוצרי מזון (1,,קוסקוס דארי שעורה 5,גרמים,500.00,100 גרם,false,,7.90,0.0158,true,1,2405321
6111094000709,false,דארי קוסקוס מחיטה מלאה 500 גרם,תומר יבוא ושיווק מוצרי מזון (1,,קוסקוס דארי 500גר דא,גרמים,500.00,100 גרם,false,,7.90,0.0158,true,1,2405322
6111094002123,false,דארי אטריות דקות תוספת 10% 550 גרם,דארי,,איטריות דקות דארי,גרמים,550.00,100 גרם,false,,7.90,0.0144,true,1,2420722
6116190787011,false,חגורת עור מסתובבת,,,חגורת עור מסתובבת,יחידה,0.00,יחידה,false,,49.90,0.0000,true,1,2402637
6253017300012,false,טחינה קראוון המקורית,אחדות ביחר לטחינה ח,,טחינה גולמית קראוון,גרמים,450.00,100 גרם,false,,14.90,0.0331,true,1,1347997
6253017300029,false,טחינה גולמית קרוואן,קרואן Karawan,,טחינה גולמית קרוואן,גרמים,950.00,100 גרם,false,,22.90,0.0241,true,1,1347998
6281001510390,false,מברשת שיניים לילדים אקסטרא סופט לגילאי 0-2,קולגייט-פלמוליב,CN,קולגייט מברשת ילדים 0-2 ח,יח',1.00,יח',false,,18.90,18.9000,true,1,1338865
6281031260784,false,קולור ספיישליסט 6-68 חום אגוז בהיר,שוורצקופף והנקל,,צבע לשיער קולור ספיי,יחידה,1.00,יחידה,false,,44.90,44.9000,true,1,1821322
6281031261637,false,קולור ספיישליסט 5-0 חום בינוני,הנקל סוד,,צבע לשיער קולור ספיי,יחידה,1.00,יחידה,false,,44.90,44.9000,true,1,1821329
6291103652416,false,נקסקר סופטנפלקס אחיד,פארמה גורי,,פלסטר נקסקר סופט אנד,יח',30.00,יח',false,,24.90,0.8300,true,1,2332318
6667770600102,false,סט מפה אישית 6+6 צבע,,,סט מפה אישית 6+6 צבע,יחידה,0.00,יחידה,false,,12.90,0.0000,true,1,2355732
6667771301107,false,מסננת כיור יצוק,א. דינצי ובניו בעמ,,מסננת כיור יצוק,יחידה,0.00,יחידה,false,,9.90,0.0000,true,1,2353855
6667771500500,false,פומפה מיני,,,פומפה מיני,יחידה,0.00,יחידה,false,,9.90,0.0000,true,1,2355743
6667771501480,false,תחתית קש קטנה לסיר ח,,,תחתית קש קטנה לסיר ח,יחידה,0.00,יחידה,false,,6.90,0.0000,true,1,2355744
6667771501810,false,ק. חיתוך 2 צבעים גדו,,,ק. חיתוך 2 צבעים גדו,יחידה,0.00,יחידה,false,,24.90,0.0000,true,1,2353857
6905748801282,false,תבנית נירוסטה קטנה,,,תבנית נירוסטה קטנה,יחידה,0.00,יחידה,false,,14.90,0.0000,true,1,2353859
6920354822223,false,משחת שיניים נטורל גינגר קוקוס קולגייט 90 ג',קולגייט פלמוליב,,משחת שניים קולגייט נ,מיליליטרים,68.00,"100 מ""ל",false,,29.90,0.4397,true,1,2363233
6920354824395,false,"קולגייט נטורל משחת שיניים חמוציות פחם 71 מ""ל",קולגייט פלמוליב,,משחת שניים קולגייט נ,מיליליטרים,71.00,"100 מ""ל",false,,29.90,0.4211,true,1,2363234
6920761668681,false,מערוך עץ קבוע,א. דינצי ובניו בעמ,,מערוך עץ קבוע,יחידה,0.00,יחידה,false,,12.90,0.0000,true,1,2353864
6922163616659,false,תה ירוק שקיקים 40 גר,טעמי אסיה Taste of Asia,TH,תה ירוק שקיקים 40 גרם-כשר,גרמים,40.00,100 גרם,false,,7.90,0.1975,true,1,1343373
6922163616666,false,תה ירוק עם יסמין 20 שקיקים,טעמי אסיה Taste of Asia,CN,תה ירוק עם יסמין -שקיקים,גרמים,40.00,100 גרם,false,,7.90,0.1975,true,1,1343374
6933846212365,false,חול קריסטל לחתול 3.6,,,חול קריסטל לחתול 3.6,יחידה,0.00,יחידה,false,,22.90,0.0000,true,1,2413767
6935673035612,false,כפפות אלוורה להקלה על עור יבש - קטן S,מ.א.ייצור ויבוא מטליות בעמ,CN,כפפות אלוורה 1/120 S,יחידה,0.00,יחידה,false,,5.90,0.0000,true,1,1326780
6935673035629,false,כפפות אלוורה להקלה על עור יבש - בינוני M,מ.א.ייצור ויבוא מטליות בעמ,CN,כפפות אלוורה 1/120 M,יחידה,0.00,יחידה,false,,5.90,0.0000,true,1,1326781
6935673035636,false,כפפות אלוורה להקלה על עור יבש - גדול L,מ.א.ייצור ויבוא מטליות בעמ,CN,כפפות אלוורה 1/120 L,יח',2.00,יח',false,,5.90,2.9500,true,1,1326782
6935673035643,false,כפפות אלוורה להקלה על עור יבש - גדול מאוד XL,מ.א.ייצור ויבוא מטליות בעמ,CN,כפפות אלוורה 1/120 XL,יחידה,0.00,יחידה,false,,5.90,0.0000,true,1,1326783
6937266703366,false,שיק היידרו 5 מכשיר פאוור,אנרג'יזר Energizer,CN,שיק היידרו 5 מכשיר פאואר,יחידה,0.00,יחידה,false,,49.90,0.0000,true,1,1338873
6939924820972,false,מפזר חום עגול שחור M,,,מפזר חום עגול שחור M,יחידה,0.00,יחידה,false,,119.90,0.0000,true,1,2427446
6939924837635,false,מפזר חום MIDEA NF20-,,,מפזר חום MIDEA NF20-,יחידה,0.00,יחידה,false,,99.90,0.0000,true,1,2427458
6942629240464,false,אקדח התזה+מחבר,,,אקדח התזה+מחבר,יחידה,0.00,יחידה,false,,29.90,0.0000,true,1,2309323
6943707585941,false,כוסות אספרסו,,,כוסות אספרסו,יח',50.00,יח',false,,5.90,0.1180,true,1,2363519
6953125351691,false,מגב סיליקון + ואקום,א. דינצי ובניו בעמ,,מגב סיליקון + ואקום,יחידה,0.00,יחידה,false,,9.90,0.0000,true,1,2353866
6971071741823,false,כבל,,,כבל,יחידה,0.00,יחידה,false,,9.90,0.0000,true,1,2325962
6971071749362,false,כבל,,,כבל,יחידה,0.00,יחידה,false,,9.90,0.0000,true,1,2325963
6971071749379,false,כבל לאייפון,,,כבל לאייפון,יחידה,0.00,יחידה,false,,9.90,0.0000,true,1,2325964
6971071749386,false,כבל לאייפון,,,כבל לאייפון,יחידה,0.00,יחידה,false,,9.90,0.0000,true,1,2325965
6971071749393,false,כבל מיקרו 3A 1M TPE,,,כבל מיקרו,יחידה,0.00,יחידה,false,,9.90,0.0000,true,1,2325966
6971071749461,false,כבל אפור,,,כבל אפור,יחידה,0.00,יחידה,false,,9.90,0.0000,true,1,2325973
6971071749478,false,אוזניות סיליקון,,,אוזניות סיליקון,יחידה,0.00,יחידה,false,,9.90,0.0000,true,1,2325974
6971071749485,false,אוזניות סיליקון,,,אוזניות סיליקון,יחידה,0.00,יחידה,false,,9.90,0.0000,true,1,2325975
6971320730516,false,ברנדה חט' חזה עוף ג',,,ברנדה חט' חזה עוף ג',יחידה,0.00,יחידה,false,,14.90,0.0000,true,1,2382968
6971320730523,false,ברנדה חט' סנדוויץ עו,,,ברנדה חט' סנדוויץ עו,יחידה,0.00,יחידה,false,,14.90,0.0000,true,1,2382969
6971320730530,false,חטיפי קלציום עטופים עוף,ברנדה Brande,,ברנדה חט' עצמות קלצי,גרמים,80.00,100 גרם,false,,14.90,0.1863,true,1,2382970
6971320730547,false,חטיפי דאמבל עוף ואורז,ברנדה Brande,,ברנדה חט' דמבל עוף 8,גרמים,80.00,100 גרם,false,,14.90,0.1863,true,1,2382971
6971320730578,false,ברנדה חט' חזה ברווז,,,ברנדה חט' חזה ברווז,יחידה,0.00,יחידה,false,,14.90,0.0000,true,1,2382974
6971320730592,false,ברנדה חט' רצועות סלמ,,,ברנדה חט' רצועות סלמ,יחידה,0.00,יחידה,false,,14.90,0.0000,true,1,2382976
6971320730615,false,סושי סלומון חטיף לכלב,,,ברנדה חט' סושי סלמון,יחידה,0.00,יחידה,false,,14.90,0.0000,true,1,2382978
6971320730684,false,ברנדה חט' מיני קוביו,,,ברנדה חט' מיני קוביו,יחידה,0.00,יחידה,false,,14.90,0.0000,true,1,2382984
6971320730691,false,ברנדה חט' פיצת עוף 8,,,ברנדה חט' פיצת עוף 8,יחידה,0.00,יחידה,false,,14.90,0.0000,true,1,2382985
6971320730714,false,ברנדה חט' רצועות בקר,,,ברנדה חט' רצועות בקר,יחידה,0.00,יחידה,false,,14.90,0.0000,true,1,2382986
6971320730776,false,ברנדה חט' קוביות בקר,,,ברנדה חט' קוביות בקר,יחידה,0.00,יחידה,false,,14.90,0.0000,true,1,2382992
6998877552057,false,נעלי טבחים נוער/נשי,,,נעלי טבחים נוער/נשי,יחידה,0.00,יחידה,false,,34.90,0.0000,true,1,2321806
6998877553405,false,קרוס פרווה30-35,,,קרוס פרווה,יחידה,0.00,יחידה,false,,29.90,0.0000,true,1,2427509
6998877553412,false,קרוס פרווה 24-29,,,קרוס פרווה,יחידה,0.00,יחידה,false,,29.90,0.0000,true,1,2427510
6998877553436,false,נעלי טבחים נשים אבזם,,,נעלי טבחים נשים אבזם,יחידה,0.00,יחידה,false,,34.90,0.0000,true,1,2427512
7038513829002,false,גורדן חוט דנטלי אין ביטוין 50 מ,ג'ורדן Jordan,MY,ג'ורדן חוט דנטלי 50-IN BE,מטרים,50.00,מטר,false,,9.90,0.1980,true,1,1353264
7038513866304,false,גורדן מברשת בייבי T50 סופט סטפ בי סטפ,דנשר (1963) בעמ,MY,ג'ורדן מברשת ילדים 0-2,יח',1.00,יח',false,,12.90,12.9000,true,1,1353265
7038513866311,false,גורדן מברשת ילדים T51 סופט סטפ בי סטפ,דנשר (1963) בעמ,MY,ג'ורדן מברשת לילדים 3-5,יח',1.00,יח',false,,12.90,12.9000,true,1,1353266
7038513866328,false,גורדן מברשת ילדים 6-9 סופט סטפ בי סטפ,דנשר (1963) בעמ,MY,ג'ורדן מברשת לילדים 6-8,יח',1.00,יח',false,,12.90,12.9000,true,1,1353267
7038516140357,false,מברשת שיניים ג'ורדן טוטל סופט מארז 4 יחידות,מיוצר במלזיה עבור ג',MY,ג'ורדן מברשת טוטאל קלין ס,יח',4.00,יח',false,,14.90,3.7250,true,1,1353272
7038516140418,false,ג'ורדן מברשת שיניים טוטאל קלין מדיום רביעייה,"דנשר (1963) בע,מ",MY,ג'ורדן מברשת טוטאל קלין מ,יח',4.00,יח',false,,14.90,3.7250,true,1,1353273
7038516552303,false,גורדן מברשת שיניים אינדיבידואל ראש בינוני,ג'ורדן Jordan,MY,ג'ורדן מ.שיניים אינדיבידו,יח',1.00,יח',false,,14.90,14.9000,true,1,1353279
7046110052686,false,גורדן חוט דנטלי מנטה יומי 50 מטר,דנטלון,,חוט דנטלי גורדן בניח,מטרים,50.00,מטר,false,,9.90,0.1980,true,1,2422266
7046110064016,false,ג'ורדן מארז זוג מברשת שיניים לילדים מגיל 3-5,"דנשר (1963) בע,מ",,מברשת שיניים 3-5 ג'ו,יח',1.00,יח',false,,14.90,14.9000,true,1,1786361
7046110064047,false,מארז זוג מברשת שיניים ג'ורדן ילדים 6-9,"דנשר (1963) בע,מ",,מברשת שיניים 6-9 ג'ו,יח',1.00,יח',false,,14.90,14.9000,true,1,1786362
7046110064535,false,מארז זוג מברשת שיניים ג'ורדן ילדים 0-2,"דנשר (1963) בע,מ",,מברשת שיניים 0-2 ג'ו,יח',1.00,יח',false,,14.90,14.9000,true,1,1786363
7046110069868,false,גורדן מברשת שיניים לילדים 9+ SMILE,ג'ורדן,,מברשת שיניים גורדן,יח',1.00,יח',false,,12.90,12.9000,true,1,1467991
7046110071519,false,משחת שיניים לילדים לשיני חלב 2-6 ג`ורדון,דנשר (1963) בעמ,,מברשת שיניים 2-6 ג'ו,מיליליטרים,50.00,"100 מ""ל",false,,9.90,0.1980,true,1,2331417
7046110075036,false,ג'ורדן מב' שיניים אולטימייט יו *רביעיה *סופט,דנטלון,,מברשת שיניים גורדן א,יח',4.00,יח',false,,14.90,3.7250,true,1,2280092
7046110075562,false,"ג'ורדן משחת שיניים לשיניים קבועות 6-12 50 מ""ל",דנשר (1963) בעמ,,מברשת שיניים 6-12 ג',מיליליטרים,50.00,"100 מ""ל",false,,9.90,0.1980,true,1,2331418
7271730901261,false,ווקי מאק ארוחת אטריות עם גבינה 156 גרם,ניו וורלד פסטה קומפנ,,ווקי מאק ארוחת אטריו,גרמים,156.00,100 גרם,false,,9.90,0.0635,true,1,2354096
7290000000390,false,מארז שוופס סודה 250,"ולדמן ביח""ר לנקניק ו",,מארז שוופס סודה 250,ליטרים,6.00,ליטר,false,,60.00,10.0000,true,1,2333178
7290000000996,false,סברס מקולף,,,שתיה קרה,יחידה,0.00,יחידה,false,,8.00,0.0000,true,1,2268227
7290000001045,false,סלמי אגוזים אורחוביה,מעדני מניה תעשיות בש,,פילה אמנון מארז 5 יח,יח',1.00,יח',false,,60.00,60.0000,true,1,2384641
7290000001052,false,פילה לברק מארז 6 יח,מעדני ויטו שיווק ויי,,פילה לברק מארז 6 יח,יח',1.00,יח',false,,100.00,100.0000,true,1,2384642
7290000001053,false,לשון בקר בגל תאומים,מעדני ויטו שיווק ויי,,פילה דניס מארז 6 יח,"י""ח",1.00,"י""ח",false,,100.00,100.0000,true,1,2384793
7290000001134,false,רביעייה סופגניות,מעדני מניה תעשיות בש,,רביעייה סופגניות,יח',4.00,יח',false,,10.00,2.5000,true,1,2326204
7290000001135,false,שמינייה סופגניות מינ,,,שמינייה סופגניות מינ,יחידה,0.00,יחידה,false,,14.90,0.0000,true,1,2326205
7290000001137,false,רביעיית סופגניות מיו,,,רביעיית סופגניות מיו,יחידה,0.00,יחידה,false,,14.90,0.0000,true,1,2326206
7290000001180,false,עוגיות שוקולד ציפס,אראל תוצרת חקלאית בע,,עוגיות שוקולד ציפס,קילוגרמים,1.00,"ק""ג",true,,40.00,40.0000,true,1,2368016
7290000001603,false,מארז מסיכות 50 יח',,,מארז מסיכות 50 יח',יח',50.00,יח',false,,9.90,0.1980,true,1,2300067
7290000003001,false,חלה ויזניץ לשבת,,,חלה ויזניץ לשבת,יחידה,0.00,יחידה,false,,17.90,0.0000,true,1,2415844
7290000004015,false,פריט תרומה מארז גרבי,,,פריט תרומה מארז גרבי,יחידה,0.00,יחידה,false,,10.00,0.0000,true,1,2429717
7290000010311,false,זרעי כוסברה,,,זרעי כוסברה,קילוגרמים,1.00,"ק""ג",true,,19.00,19.0000,true,1,1479980
7290000010328,false,פלפל גרוס מתוק,,,פלפל גרוס מתוק,קילוגרמים,1.00,"ק""ג",true,,35.00,35.0000,true,1,1479981
7290000010809,false,צ'יאה,,,צ'יאה,קילוגרמים,1.00,"ק""ג",true,,30.00,30.0000,true,1,1363992
7290000010816,false,גוג'י ברי,,,גוג'י ברי,קילוגרמים,1.00,"ק""ג",true,,60.00,60.0000,true,1,1353555
7290000010861,false,פרכיות אורז בטעם צ'י,,,פרכיות אורז בטעם צ'י,קילוגרמים,1.00,"ק""ג",true,,59.00,59.0000,true,1,1363816
7290000010892,false,בוטן בטעם תירס,,,בוטן בטעם תירס,קילוגרמים,1.00,"ק""ג",true,,39.00,39.0000,true,1,1363819
7290000010953,false,גבינה צהובה 28% נועם,,,גבינה צהובה 28% נועם,קילוגרמים,1.00,"ק""ג",true,,44.75,44.7500,true,1,1328445
7290000010984,false,גבינה צהובה 9% נועם,טרה,IL,חריץ גבינה צהובה נעם 9% ב,קילוגרמים,1.00,"ק""ג",true,,71.00,71.0000,true,1,1328446
7290000010991,false,גבינה צהובה 22% נועם,טרה,IL,חריץ גבינה צהובה נעם 22%,קילוגרמים,1.00,"ק""ג",true,,42.55,42.5500,true,1,1328447
7290000011035,false,דג אנטיאס,,,דג אנטיאס,קילוגרמים,1.00,"ק""ג",true,,79.90,79.9000,true,1,1328394
7290000011462,false,עצמות מח טרי,,,עצמות מח טרי,קילוגרמים,1.00,"ק""ג",true,,49.90,49.9000,true,1,1344007
7290000011639,false,אפונה וואסבי חריף,,,אפונה וואסבי חריף,קילוגרמים,1.00,"ק""ג",true,,39.00,39.0000,true,1,1363820
7290000011646,false,בוטן יפני רביולי גרי,,,בוטן יפני רביולי גרי,קילוגרמים,1.00,"ק""ג",true,,59.00,59.0000,true,1,1363821
7290000011684,false,חטיף סויה אוסטרלי,,,חטיף סויה אוסטרלי,קילוגרמים,1.00,"ק""ג",true,,79.00,79.0000,true,1,1363824
7290000011691,false,פרכיות אורז,,,פרכיות אורז,קילוגרמים,1.00,"ק""ג",true,,59.00,59.0000,true,1,1363825
7290000012131,false,רצועות עוף,,,רצועות עוף,קילוגרמים,1.00,"ק""ג",true,,44.90,44.9000,true,1,1344008
7290000012384,false,"גבינה עמק מרוסקת ק""ג",,,"גבינה עמק מרוסקת ק""ג",קילוגרמים,1.00,"ק""ג",true,,44.75,44.7500,true,1,1339829
7290000016948,false,אסאדו בלי עצם טרי,,,אסאדו בלי עצם טרי,קילוגרמים,1.00,"ק""ג",true,,69.00,69.0000,true,1,1479476
7290000016979,false,פילה נסיכת הנילוס טר,,,פילה נסיכת הנילוס טר,קילוגרמים,1.00,"ק""ג",true,,79.90,79.9000,true,1,1499645
7290000017198,false,שניצל שייטל טרי,,,שניצל שייטל טרי,קילוגרמים,1.00,"ק""ג",true,,119.00,119.0000,true,1,1576090
7290000017396,false,גבינה צדר כתום אנגלי,,,גבינה צדר כתום אנגלי,קילוגרמים,1.00,"ק""ג",true,,89.00,89.0000,true,1,1552082
7290000017402,false,גבינה צדר לבן אנגלי,,,גבינה צדר לבן אנגלי,קילוגרמים,1.00,"ק""ג",true,,89.00,89.0000,true,1,1552083
7290000018225,false,"חמניות קלופות 1 ק""ג",,,"חמניות קלופות 1 ק""ג",קילוגרמים,1.00,"ק""ג",true,,29.00,29.0000,true,1,1485093
7290000018263,false,טוויסט פפריקה,,,טוויסט פפריקה,קילוגרמים,1.00,"ק""ג",true,,50.00,50.0000,true,1,2285640
7290000018294,false,מנצ'יס לפסח,,,מנצ'יס לפסח,קילוגרמים,1.00,"ק""ג",true,,50.00,50.0000,true,1,2285642
7290000018379,false,מאפים מתוקים בקופסא,,,בוטן חריף קאטצאנג,קילוגרמים,1.00,"ק""ג",true,,50.00,50.0000,true,1,2285650
7290000018485,false,זית ירוק כהה/אדום,שקדיה,,זית ירוק כהה/אדום,קילוגרמים,1.00,"ק""ג",true,,59.00,59.0000,true,1,1916970
7290000019482,false,חזה עוף נקי,,,חזה עוף נקי,קילוגרמים,1.00,"ק""ג",true,,44.90,44.9000,true,1,2229349
7290000019604,false,גבינה צהובה 22% נועם,,,גבינה צהובה 22% נועם,קילוגרמים,1.00,"ק""ג",true,,42.55,42.5500,true,1,1789000
7290000019666,false,פקאן קלוי מלוח,שקדיה,,פקאן קלוי מלוח,קילוגרמים,1.00,"ק""ג",true,,99.00,99.0000,true,1,1795503
7290000019673,false,צימוק גדול שחור,,,צימוק גדול שחור,קילוגרמים,1.00,"ק""ג",true,,39.00,39.0000,true,1,1820430
7290000019697,false,שקד מולבן חצוי,,,שקד מולבן חצוי,קילוגרמים,1.00,"ק""ג",true,,79.00,79.0000,true,1,1820431
7290000020129,false,תירס ברביקיו,,,תירס ברביקיו,קילוגרמים,1.00,"ק""ג",true,,50.00,50.0000,true,1,2382272
7290000020136,false,רביולי פלאפל,,,רביולי פלאפל,קילוגרמים,1.00,"ק""ג",true,,60.00,60.0000,true,1,2382273
7290000020327,false,זית יווני/שחור משקל,שופרסל,,בוטן קליפה קלוי,קילוגרמים,1.00,"ק""ג",true,,30.00,30.0000,true,1,2383240
7290000020334,false,חתיכות פילה דג הרינג,,,חתיכות פילה דג הרינג,קילוגרמים,1.00,"ק""ג",true,,39.90,39.9000,true,1,2411947
7290000020341,false,פילה דג הרינג סקנדינ,,,פילה דג הרינג סקנדינ,קילוגרמים,1.00,"ק""ג",true,,39.90,39.9000,true,1,2411948
7290000020358,false,פילה דג הרינג מומלח,,,פילה דג הרינג מומלח,קילוגרמים,1.00,"ק""ג",true,,39.90,39.9000,true,1,2412168
7290000020389,false,חתיכות פילה דג הרינג,,,חתיכות פילה דג הרינג,קילוגרמים,1.00,"ק""ג",true,,39.90,39.9000,true,1,2415772
7290000020426,false,עוף טוב מעדניה קורנב,,,עוף טוב מעדניה קורנב,קילוגרמים,1.00,"ק""ג",true,,79.00,79.0000,true,1,2416406
7290000020846,false,נתחי סלמון,,,נתחי סלמון,קילוגרמים,1.00,"ק""ג",true,,49.00,49.0000,true,1,2297049
7290000021027,false,דנבר סטייק טרי,,,דנבר סטייק טרי,קילוגרמים,1.00,"ק""ג",true,,119.00,119.0000,true,1,2328664
7290000021041,false,סטייק טומהוק עם עצם,,,סטייק טומהוק עם עצם,קילוגרמים,1.00,"ק""ג",true,,119.00,119.0000,true,1,2335889
7290000021294,false,דונאטס רביעייה,,,דונאטס רביעייה,יחידה,0.00,יחידה,false,,19.90,0.0000,true,1,2281034
7290000021553,false,מכנסיים דני נוי,,,מכנסיים דני נוי,יחידה,0.00,יחידה,false,,79.90,0.0000,true,1,2332140
7290000021554,false,חולצה מכופתרת קלאסי,,,חולצה מכופתרת קלאסי,יחידה,0.00,יחידה,false,,49.90,0.0000,true,1,2349144
7290000022111,false,כוס,,,כוס,יחידה,0.00,יחידה,false,,2.90,0.0000,true,1,2415333
7290000022114,false,כוס,,,כוס,יחידה,0.00,יחידה,false,,5.90,0.0000,true,1,2415336
7290000022144,false,רשת למנגל קטן,,,רשת למנגל קטן,יחידה,0.00,יחידה,false,,5.90,0.0000,true,1,2425653
7290000022467,false,כוס דאבל וול INDIGO,,,כוס דאבל וול INDIGO,יחידה,0.00,יחידה,false,,24.90,0.0000,true,1,2413586
7290000022529,false,פריט לבוש,,,פריט לבוש,יחידה,0.00,יחידה,false,,19.90,0.0000,true,1,2350950
7290000022541,false,נר ריחני לבן רענן,,,נר ריחני לבן רענן,יחידה,0.00,יחידה,false,,14.90,0.0000,true,1,2399228
7290000022581,false,גרעין מלון קלוי,שקדיה,,גרעין מלון קלוי,קילוגרמים,1.00,"ק""ג",true,,49.00,49.0000,true,1,2364668
7290000022598,false,בוטן ענק קלוי,שקדיה,,בוטן ענק קלוי,קילוגרמים,1.00,"ק""ג",true,,49.00,49.0000,true,1,2364669
7290000022604,false,קשיו ענק על גחלים,שקדיה,,קשיו ענק על גחלים,קילוגרמים,1.00,"ק""ג",true,,99.00,99.0000,true,1,2364677
7290000022697,false,פיתה זעתר/שבבי בצל ש,,,פיתה זעתר/שבבי בצל ש,יח',3.00,יח',false,,11.90,3.9667,true,1,2383042
7290000023007,false,"ברנדי שטוק 84 37 % 750 מ""ל",טמפו משקאות בעמ,,"ברנדי שטוק 84 750 מ""",מיליליטרים,750.00,"100 מ""ל",false,,81.90,0.1092,true,1,1323824
7290000023083,false,ערק אשקלון בקבוק 700,טמפו משקאות בע`מ,,ערק אשקלון 40% 700 מ,מיליליטרים,700.00,"100 מ""ל",false,,59.90,0.0856,true,1,1323826
7290000023410,false,"ליקר שטוק קפה 750 מ""ל","יקבי ברקן בע""\מ",,"ליקר קפה שטוק 750 מ""",מיליליטרים,750.00,"100 מ""ל",false,,44.90,0.0599,true,1,1323827
7290000023809,false,קלאסיק קברנה סובניון יקבי ברקן (750 מל),יקבי ברקן שיווק והפצה בע,,יין קברנה סובניון 75,מיליליטרים,750.00,"100 מ""ל",false,,39.90,0.0532,true,1,1323841
7290000023816,false,קלאסיק אמרלד ריזלינג יקבי ברקן (750 מל),יקבי ברקן שיווק והפצה בע,,יין אמרלד ריזלינג 75,מיליליטרים,750.00,"100 מ""ל",false,,32.90,0.0439,true,1,1323842
7290000023823,false,"יין קלאסיק סוביניון בלאן ברקן 750 מ""ל",יקבי ברקן שיווק והפצה בע,,קלאסיק סובניון בלאן,מיליליטרים,750.00,"100 מ""ל",false,,32.90,0.0439,true,1,1323843
7290000023830,false,יין קברנה בלאש סמוק ברקן קלאסי,יקבי ברקן שיווק והפצה בע,,קלאסיק שיראז רוזה 75,מיליליטרים,750.00,"100 מ""ל",false,,32.90,0.0439,true,1,1323844
7290000023847,false,קלאסיק שרדונה יקבי ברקן (750 מל),יקבי ברקן שיווק והפצה בע,,"יין שרדונה 750 מ""ל",מיליליטרים,750.00,"100 מ""ל",false,,32.90,0.0439,true,1,1323845
7290000023977,false,קלאסיק מרלו יקבי ברקן (750 מל),יקבי ברקן שיווק והפצה בע,,"יין מרלו 750 מ""ל",מיליליטרים,750.00,"100 מ""ל",false,,39.90,0.0532,true,1,1323848
7290000024202,false,רזרב קברנה סובניון יקבי ברקן (750 מל),ברקן שיווק והפצה בעמ,,יין רזרב קברנה סובינ,מיליליטרים,750.00,"100 מ""ל",false,,59.90,0.0799,true,1,1323853
7290000024264,false,רזרב מרלו יקבי ברקן (750 מל),"כרמי צבי - אחים סגל בע""\",,יין רזרב מרלו אדום 7,מיליליטרים,750.00,"100 מ""ל",false,,59.90,0.0799,true,1,1323858
7290000024516,false,"יין לבן עלמון אסמבלאז' 2016 ברקן 750 מ""ל",יקבי ברקן שיווק והפצה בע,,יין לבן עלמון,מיליליטרים,750.00,"100 מ""ל",false,,55.90,0.0745,true,1,2108661
7290000024523,false,"תירוש של סגל ,מיץ ענבים , 1 ליטר",כרמי צבי - האחים סגל,,יין תירוש מתוק,מיליליטרים,750.00,"100 מ""ל",false,,12.90,0.0172,true,1,1457818
7290000024530,false,יין אדום מתוק קידוש של סגל 750 מל,"כרמי צבי - אחים סגל בע""\",,יין אדום מתוק של סגל,מיליליטרים,750.00,"100 מ""ל",false,,18.90,0.0252,true,1,1323864
7290000024554,false,ברקן ריחן יין אדום יבש 2013 750 מל,טמפו משקאות בעמ,,יין אדום אסמבלאז,מיליליטרים,750.00,"100 מ""ל",false,,55.90,0.0745,true,1,2108720
7290000024561,false,"יין אסמבלאז' איתן 2011 ברקן 750 מ""ל",טמפו משקאות בעמ,,יין איתן,מיליליטרים,750.00,"100 מ""ל",false,,55.90,0.0745,true,1,2108662
7290000025148,false,פסטו בזיליקום,,,פסטו בזיליקום,קילוגרמים,1.00,"ק""ג",true,,59.00,59.0000,true,1,2358205
7290000025667,false,דג בר-ים טרי,,,דג בר-ים טרי,קילוגרמים,1.00,"ק""ג",true,,99.00,99.0000,true,1,2380833
7290000025674,false,קרפצ'ו עגל,,,קרפצ'ו עגל,קילוגרמים,1.00,"ק""ג",true,,120.00,120.0000,true,1,2381674
7290000026565,false,חטיפים מתוקים בתפזור,,,חטיפים מתוקים בתפזור,קילוגרמים,1.00,"ק""ג",true,,40.00,40.0000,true,1,2395823
7290000026596,false,אריסה חריפה/מתוקה,,,אריסה חריפה/מתוקה,קילוגרמים,1.00,"ק""ג",true,,39.00,39.0000,true,1,2406012
7290000026602,false,סלט ביצים,,,סלט ביצים,קילוגרמים,1.00,"ק""ג",true,,59.00,59.0000,true,1,2406013
7290000026619,false,גזר בטעמים,,,גזר בטעמים,קילוגרמים,1.00,"ק""ג",true,,39.00,39.0000,true,1,2406014
7290000026626,false,סלט וולדורף,,,סלט וולדורף,קילוגרמים,1.00,"ק""ג",true,,55.00,55.0000,true,1,2406015
7290000026633,false,חומוס בטעמים,,,חומוס בטעמים,קילוגרמים,1.00,"ק""ג",true,,29.00,29.0000,true,1,2406016
7290000026657,false,חזרת,,,חזרת,קילוגרמים,1.00,"ק""ג",true,,49.00,49.0000,true,1,2406017
7290000026671,false,חציל בטעמים,,,חציל בטעמים,קילוגרמים,1.00,"ק""ג",true,,49.00,49.0000,true,1,2406019
7290000026688,false,חציל בטעם כבד,,,חציל בטעם כבד,קילוגרמים,1.00,"ק""ג",true,,59.00,59.0000,true,1,2406020
7290000026695,false,טבולה,,,טבולה,קילוגרמים,1.00,"ק""ג",true,,49.00,49.0000,true,1,2406021
7290000026701,false,טונה זיתים/ירקות/סלר,,,טונה זיתים/ירקות/סלר,קילוגרמים,1.00,"ק""ג",true,,59.00,59.0000,true,1,2406022
7290000026718,false,סלט טורקי,,,סלט טורקי,קילוגרמים,1.00,"ק""ג",true,,39.00,39.0000,true,1,2406023
7290000026725,false,טחינה בטעמים,,,טחינה בטעמים,קילוגרמים,1.00,"ק""ג",true,,29.00,29.0000,true,1,2406024
7290000026732,false,כרוב בטעמים,,,כרוב בטעמים,קילוגרמים,1.00,"ק""ג",true,,35.00,35.0000,true,1,2406025
7290000026749,false,לימון פיקנטי,,,לימון פיקנטי,קילוגרמים,1.00,"ק""ג",true,,55.00,55.0000,true,1,2406026
7290000026756,false,מטבוחה בטעמים,,,מטבוחה בטעמים,קילוגרמים,1.00,"ק""ג",true,,39.00,39.0000,true,1,2406027
7290000026763,false,מסבחה,,,מסבחה,קילוגרמים,1.00,"ק""ג",true,,34.00,34.0000,true,1,2406028
7290000026787,false,סחוג אדום/ירוק,,,סחוג אדום/ירוק,קילוגרמים,1.00,"ק""ג",true,,49.00,49.0000,true,1,2406029
7290000026794,false,סלט בטטה בצ'ילי וסיל,,,סלט בטטה בצ'ילי וסיל,קילוגרמים,1.00,"ק""ג",true,,59.00,59.0000,true,1,2406030
7290000026817,false,סלט מלפפונים,,,סלט מלפפונים,קילוגרמים,1.00,"ק""ג",true,,39.00,39.0000,true,1,2406031
7290000026824,false,סלסה של עגבניות טריו,,,סלסה של עגבניות טריו,קילוגרמים,1.00,"ק""ג",true,,39.00,39.0000,true,1,2406032
7290000026831,false,סלק שום/רוסי/רצועות/,,,סלק שום/רוסי/רצועות/,קילוגרמים,1.00,"ק""ג",true,,39.00,39.0000,true,1,2406033
7290000026862,false,פטריות ספרדי,,,פטריות ספרדי,קילוגרמים,1.00,"ק""ג",true,,55.00,55.0000,true,1,2406035
7290000026879,false,פטריות שמפיניון,,,פטריות שמפיניון,קילוגרמים,1.00,"ק""ג",true,,65.00,65.0000,true,1,2406036
7290000026886,false,סלט פלפל בטעמים,,,סלט פלפל בטעמים,קילוגרמים,1.00,"ק""ג",true,,49.00,49.0000,true,1,2406037
7290000026893,false,פלפלית בלימון חריף,,,פלפלית בלימון חריף,קילוגרמים,1.00,"ק""ג",true,,39.00,39.0000,true,1,2406038
7290000026923,false,קישוא בטעם כבד,,,קישוא בטעם כבד,קילוגרמים,1.00,"ק""ג",true,,59.00,59.0000,true,1,2406041
7290000026947,false,רוטב צי'מצורי,,,רוטב צי'מצורי,קילוגרמים,1.00,"ק""ג",true,,49.00,49.0000,true,1,2406042
7290000026961,false,תפוח אדמה במיונז,,,תפוח אדמה במיונז,קילוגרמים,1.00,"ק""ג",true,,34.00,34.0000,true,1,2406044
7290000027005,false,סלט תירס במיונז,,,סלט תירס במיונז,קילוגרמים,1.00,"ק""ג",true,,39.90,39.9000,true,1,2406143
7290000027012,false,סלט אבוקדו,,,סלט אבוקדו,קילוגרמים,1.00,"ק""ג",true,,69.00,69.0000,true,1,2406144
7290000029115,false,בגט אותנטיק בונז'ור,,,בגט אותנטיק בונז'ור,יח',0.00,יח',false,,8.50,0.0000,true,1,2396185
7290000034034,false,דגנית קרקר חיטה מלאה250ג,אפיפית נצרת,IL,קרקר דגני ללא סוכר וללא מ,גרמים,250.00,100 גרם,false,,7.90,0.0316,true,1,1348103
7290000034256,false,ביסקוויט תירוש חצי מצופה 175 ג`הדר*,ח.כהן סוכנות מזון ומשקאות בע,IL,חצי מצופה תירוש רגיל 24/0,גרמים,175.00,100 גרם,false,,5.90,0.0337,true,1,1348104
7290000040042,false,יופלה יוגורט תות %3 גביע 150 גרם,"תנובה בע""מ ***",,יופלה תות 3%.,גרמים,150.00,100 גרם,false,,4.70,0.0313,true,1,1339830
7290000040066,false,יופלה יוגורט דובדבן %3 גביע 150 גרם,תנובה מרכז שיתופי לש,,יופלה דובדבן.,גרמים,150.00,100 גרם,false,,4.70,0.0313,true,1,1339832
7290000040080,false,יופלה יוגורט אפרסק %3 גביע 150 גרם,"תנובה בע""מ ***",,יופלה אפרסק 3%.,גרמים,150.00,100 גרם,false,,4.70,0.0313,true,1,1339833
7290000040301,false,תנובה עין גדי קממבר מחלב בקר 24% שומן,תנובה מרכז שיתופי לש,,גבינה עין גדי /קממבר,גרמים,125.00,100 גרם,false,,18.90,0.1512,true,1,1339834
7290000040318,false,גבינת עדי ברי 24% קולאז` (125 גרם)קולקש,תנובה מרכז שיתופי לש,,גבינת ברי חפיסה 125,גרמים,125.00,100 גרם,false,,18.90,0.1512,true,1,1339835
7290000040462,false,טוסטי גבינה בסגנון אמריקאי אדם 23% תנובה 200 גרם,תנובה מרכז שיתופי לש,,גבינה טוסטי אדם.,גרמים,200.00,100 גרם,false,,17.90,0.0895,true,1,1339836
7290000040974,false,חלב 2% דל לקטוז בקרטון תנובה (1 ליטר),תנובה מרכז שיתופי לש,,חלב טרי דל לקטוז 2%,ליטרים,1.00,ליטר,false,,6.90,6.9000,true,1,1339838
7290000041858,false,"שמנת חמוצה 15% מועשרת יטבתה 200 מ""ל",שטראוס גרופ בעמ/מצונן,IL,שמנת חמוצה 15% מועשרת מהד,גרמים,200.00,100 גרם,false,,2.50,0.0125,true,1,1341789
7290000041865,false,"לבן 4.5% שומן מהדרין ""יטבתה""",שטראוס גרופ בעמ/מצונן,IL,לבן 4.5% שומן- מהדרין,גרמים,200.00,100 גרם,false,,2.00,0.0100,true,1,1341790
7290000041872,false,"לבן 3% יטבתה 200מ""ל מהדרין",שטראוס גרופ בעמ/מצונן,IL,לבן 3% שומן- מהדרין,גרמים,200.00,100 גרם,false,,2.00,0.0100,true,1,1341791
7290000042008,false,חלב 3% בשקית תנובה (1 ליטר)פיקוח,"תנובה, מחלבת רחובות",,חלב בשקית 3% שומן 1,ליטרים,1.00,ליטר,false,,5.40,5.4000,true,1,1339841
7290000042015,false,חלב 3% בשקית בדצ תנובה (1 ליטר)פיקוח,תנובה מרכז שיתופי לש,,חלב שקית 3% שומן -מה,ליטרים,1.00,ליטר,false,,5.40,5.4000,true,1,1339842
7290000042404,false,חלב 3% מועשר מהדרין בשקית יטבתה (1 ליטר),שטראוס גרופ בעמ/מצונן,IL,חלב שקית מהדרין 3% מועשר,ליטרים,1.00,ליטר,false,,5.90,5.9000,true,1,1341792
7290000042435,false,חלב דל שומן 1% בקרטון תנובה (1 ליטר)פיק,תנובה מרכז שיתופי לש,,חלב 1% שומן בקרטון 1,ליטרים,1.00,ליטר,false,,5.85,5.8500,true,1,1339847
7290000042640,false,"חלב תנובה עמיד 3% קרטון 250 מ""ל",תנובה מרכז שיתופי לש,,"חלב עמיד 3% 250 מ""ל.",מיליליטרים,250.00,"100 מ""ל",false,,2.50,0.0100,true,1,1339853
7290000042855,false,"שוקו בשקית 250 מ""ל ""יטבתה""",שטראוס גרופ בעמ/מצונן,IL,*פריט החזרות* שוקו שקית ב,מיליליטרים,225.00,"100 מ""ל",false,,2.40,0.0107,true,1,1341793
7290000043012,false,"שוקו עמיד 2% בקרטון 250 מ""ל תנובה",תנובה מרכז שיתופי לש,,"שוקו עמיד 250 מ""ל.",מיליליטרים,250.00,"100 מ""ל",false,,4.50,0.0180,true,1,1339857
7290000043111,false,תנובה חמאה 200 גרם - מוצר בפיקוח,תנובה מרכז שיתופי לש,,חמאה 200 גרם.,גרמים,200.00,100 גרם,false,,7.80,0.0390,true,1,1339858
7290000043814,false,השף הלבן שמנת להקצפה 38% שומן 250 מל - מוצר בפיקוח,תנובה מרכז שיתופי לש,,שמנת עמידה לקצפת 38%,מיליליטרים,250.00,"100 מ""ל",false,,6.40,0.0256,true,1,1339860
7290000043890,false,תנובה רויון לבן מחלב מפסוטר 1.5%,תנובה מרכז שיתופי לש,,משקה רויון 1.5% שומן,ליטרים,1.00,ליטר,false,,10.90,10.9000,true,1,1339862
7290000044552,false,עוגיות אוזני פיל,,,עוגיות אוזני פיל,קילוגרמים,1.00,"ק""ג",true,,24.90,24.9000,true,1,2352482
7290000044712,false,יוגורט עם תות 1.5% שומן 500 ג' פרילי,מיוצר עי קונדיטוריית,,מעדן פרילי תות 500 מ,מיליליטרים,500.00,"100 מ""ל",false,,9.90,0.0198,true,1,1339866
7290000044880,false,יוגורט בטעם תות שדה 3% באדי (500 גרם),מיוצר עי קונדיטוריית,,מעדן באדי תות 500 גר,גרמים,500.00,100 גרם,false,,8.60,0.0172,true,1,1339868
7290000045573,false,גבינת מותכת משולשים 25% שומן 200 ג' נעמה,תנובה בעמ ***,,גבינה נעמה.,גרמים,200.00,100 גרם,false,,13.90,0.0695,true,1,1339869
7290000045580,false,גבינה מותכת נעמה חורש תנובה 240 גרם,תנובה מרכז שיתופי לש,,גבינה חורש.,גרמים,240.00,100 גרם,false,,16.90,0.0704,true,1,1339870
7290000045917,false,תנובה פרומעז גבינה מותכת מחלב עיזים 23% שומן,תנובה בעמ ***,,גבינת עזים פרומעז גל,גרמים,200.00,100 גרם,false,,24.90,0.1245,true,1,1339872
7290000046006,false,גבינה צהובה עמק בלוק,תנובה מרכז שיתופי לש,,גבינה צהובה עמק בלוק,קילוגרמים,1.00,"ק""ג",true,,44.75,44.7500,true,1,1339874
7290000046020,false,"גלבוע 22% שקילה}גבנ""צ{*.",תנובה מרכז שיתופי לש,,"גבינה גלבוע בלוק ק""ג",קילוגרמים,1.00,"ק""ג",true,,42.55,42.5500,true,1,1339875
7290000046327,false,גלבוע גבינה צהובה פרוסה 22% תנובה 200 גרם,תנובה מרכז שיתופי לש,,גבינה גלבוע פרוס 200,גרמים,200.00,100 גרם,false,,12.90,0.0645,true,1,1339879
7290000046501,false,"גב.טל העמק32% 1 ק""ג משקל",תנובה חלב,,גבינה טל העמק בלוק ק,קילוגרמים,1.00,"ק""ג",true,,59.00,59.0000,true,1,1339880
7290000046549,false,גבינת מוצרלה 20% במשקל,תנובה מרכז שיתופי לש,,גבינה מוצרלה מהדרין,קילוגרמים,1.00,"ק""ג",true,,79.00,79.0000,true,1,1339881
7290000046563,false,קולאג 23% פרמזן חריץ תנובה,תנובה מרכז שיתופי לש,,"פרמזן בלוק ק""ג",קילוגרמים,1.00,"ק""ג",true,,120.00,120.0000,true,1,1339883
7290000046662,false,גב.קשה סקנדינבית31%משקל,תנובה מרכז שיתופי לש,,"גבינה סקנדינבית ק""ג.",קילוגרמים,1.00,"ק""ג",true,,79.00,79.0000,true,1,1339885
7290000047027,false,גב.קולאז' גלעד 27% במשקל,תנובה מרכז שיתופי לש,,"גבינה גלעד ק""ג בלוק.",קילוגרמים,1.00,"ק""ג",true,,129.00,129.0000,true,1,1339886
7290000047034,false,רוקפור (26% גליל) חריץ תנובה,תנובה מרכז שיתופי לש,,"גבינה רוקפור גליל ק""",קילוגרמים,1.00,"ק""ג",true,,119.00,119.0000,true,1,1339887
7290000047485,false,גבינה בולגרית במשקל,תנובה מרכז שיתופי לש,,בולגרית 24% שומן פח,קילוגרמים,1.00,"ק""ג",true,,59.00,59.0000,true,1,1339889
7290000047546,false,השף הלבן כנען גבינה לבנה דלת נתרן 5% תנובה 500 גרם,תנובה מרכז שיתופי לש,,גבינה כנען 5% 500 גר,גרמים,500.00,100 גרם,false,,22.90,0.0458,true,1,1339890
7290000047621,false,גבינה לבנה רכה 5% תנובה 250ג' מהדרין,תנובה מרכז שיתופי לש,,"גבינה למריחה 5% בד""צ",גרמים,250.00,100 גרם,false,,4.95,0.0198,true,1,1339892
7290000047812,false,ראש קרפיון,,,ראש קרפיון,קילוגרמים,1.00,"ק""ג",true,,9.90,9.9000,true,1,1345520
7290000047942,false,**תנובה גבינה לבנה מהדרין 9% 250ג,תנובה מרכז שיתופי לש,,"גבינה למריחה 9% בד""צ",גרמים,250.00,100 גרם,false,,4.70,0.0188,true,1,1339894
7290000048185,false,גבינה לבנה 5% תנובה 250 גרם מהדרין,מיוצר עי קונדיטוריית,,גבינה למריחה 5% מהדר,גרמים,250.00,100 גרם,false,,4.95,0.0198,true,1,1339895
7290000048192,false,גבינה לבנה 9% תנובה 250 גרם מהדרין,מחלבת אלון תבור,,גבינה למריחה 9% 250,גרמים,250.00,100 גרם,false,,4.70,0.0188,true,1,1339896
7290000048413,false,גבינה חמד (25016% גרם)פיראוס תנובה,תנובה מרכז שיתופי לש,,גבינה חמד פיראוס שקי,גרמים,250.00,100 גרם,false,,17.90,0.0716,true,1,1339898
7290000049458,false,גבינה בולגרית עיזים (25016% גרם)פיראוס,תנובה מרכז שיתופי לש,,פטה עיזים 16% פיראוס,גרמים,250.00,100 גרם,false,,26.90,0.1076,true,1,1339902
7290000050447,false,"יוגורט ביו בטעם תות YYY יופלה 500 מ""ל",מיוצר עי קונדיטוריית,,יופלה תות 500 גרם.,גרמים,500.00,100 גרם,false,,12.20,0.0244,true,1,1339908
7290000050454,false,יוגורט יופלה אפרסק 3% שומן 500 גרם,מיוצר עי קונדיטוריית,,יופלה אפרסק 500 גרם.,גרמים,500.00,100 גרם,false,,12.20,0.0244,true,1,1339909
7290000051307,false,"מארז הפסקת אוכל עם דגני עוגי ומשקה חלב עמיד בטעם וניל 150 מ""ל",תנובה מרכז שיתופי לש,,מארז הפסקת אוכל וניל,מיליליטרים,150.00,"100 מ""ל",false,,7.90,0.0527,true,1,1339914
7290000051352,false,חלב מלא בטעם של פעם 3.4% תנובה קרטון 1 ל',תנובה מרכז שיתופי לש,,חלב מלא תנובה 3.5%-4,ליטרים,1.00,ליטר,false,,7.40,7.4000,true,1,1339915
7290000051376,false,יוגורט יופלה דיאט אננס 0% שומן 150 גרם,תנובה מרכז שיתופי לש,,יופלה דיאט אננס ספור,גרמים,150.00,100 גרם,false,,4.70,0.0313,true,1,1339916
7290000051710,false,פיראוס גבינת לאבנה אסלית על בסיס יוגורט תנובה 263 גרם,"תנובה, מחלבת אלון תב",,לאבנה פיראוס עם זעתר,גרמים,263.00,100 גרם,false,,12.90,0.0490,true,1,1339917
7290000052311,false,גבינה צהובה עמק לייט 15% שומן 200 גרם,תנובה מרכז שיתופי לש,,עמק פרוס 15% שומן בק,גרמים,200.00,100 גרם,false,,15.90,0.0795,true,1,1339924
7290000052649,false,לאבנה אסלית (5005% גרם)פיראוס תנובה,תנובה מרכז שיתופי לש,,לבנה 5% אסלית על בסי,גרמים,500.00,100 גרם,false,,19.90,0.0398,true,1,1339925
7290000052717,false,גבינת קוטג' שום שמיר 5% תנובה 250 גרם,מיוצר עי קונדיטוריית,,קוטג' 5% עם שום שמיר,גרמים,250.00,100 גרם,false,,5.90,0.0236,true,1,1339927
7290000055008,false,סטייק סלמון טרי,,,סטייק סלמון טרי,קילוגרמים,1.00,"ק""ג",true,,79.00,79.0000,true,1,1344138
7290000055015,false,פיראוס גבינת פטה כבשים 5% תנובה 250 גרם,תנובה מרכז שיתופי לש,,גבינה פטה כבשים 5% פ,גרמים,250.00,100 גרם,false,,25.90,0.1036,true,1,1339940
7290000055145,false,דג אדמונית,,,דג אדמונית,קילוגרמים,1.00,"ק""ג",true,,39.90,39.9000,true,1,1329080
7290000055169,false,ראש לוקוס,,,ראש לוקוס,קילוגרמים,1.00,"ק""ג",true,,69.90,69.9000,true,1,1329081
7290000055329,false,"משקה בוקר יוגורט 1.5% בטעם תות מלון יופלה 250 מ""ל",תנובה מרכז שיתופי לש,,משקה יוגורט יופלה תו,גרמים,250.00,100 גרם,false,,4.90,0.0196,true,1,1339943
7290000055336,false,"משקה יוגורט 1.5% בטעם בננה אפרסק יופלה 250 מ""ל",תנובה מרכז שיתופי לש,,משקה יוגורט יופלה בנ,גרמים,250.00,100 גרם,false,,4.90,0.0196,true,1,1339944
7290000055343,false,משקה יוגורט יופלה פירות טרופיים 250 גרם,תנובה מרכז שיתופי לש,,משקה יוגורט יופלה טר,גרמים,250.00,100 גרם,false,,4.90,0.0196,true,1,1339945
7290000055398,false,ראש סלמון,,,ראש סלמון,קילוגרמים,1.00,"ק""ג",true,,19.90,19.9000,true,1,1345521
7290000055886,false,כרטיס למופע קרקס ברא,,,כרטיס למופע קרקס ברא,יחידה,0.00,יחידה,false,,49.00,0.0000,true,1,2429495
7290000056081,false,מארז יוגורט פרילי טבע 6*200 גרם,מיוצר עי קונדיטוריית,,מאגדת 6 פרילי טבע- 2,גרמים,1200.00,100 גרם,false,,21.90,0.0182,true,1,1339948
7290000056753,false,עמק קלאסית 28% שומן 200 גרם פרוס בדצ בקופסא,תנובה - חלב,,עמק פרוס 28% שומן בק,גרמים,200.00,100 גרם,false,,15.90,0.0795,true,1,1516702
7290000056760,false,גבינה צהובה 28% מהדרין עמק (400 גרם),תנובה מרכז שיתופי לש,,עמק פרוס בקופסא 28%,גרמים,400.00,100 גרם,false,,28.90,0.0722,true,1,1339955
7290000056784,false,גבינת פטה כבשים במשק,תנובה מרכז שיתופי לש,,פטה כבשים פיראוס 5%,קילוגרמים,1.00,"ק""ג",true,,99.00,99.0000,true,1,1339956
7290000056845,false,תנובה חלב טרי 3% שומן 1.5 ליטר - מוצר בפיקוח,פארייפאבה אגרואינדוס,,חלב טרי הומוגני 3% ש,ליטרים,1.50,ליטר,false,,9.30,6.2000,true,1,1339957
7290000056883,false,שמיניית יוגורט יופלה 3% טעמים שונים 150 גרם,תנובה מרכז שיתופי לש,,מאגדת 8 יופלה טעמים,גרמים,1200.00,100 גרם,false,,28.90,0.0241,true,1,1339958
7290000056890,false,שמיניית דיאט יופלה 0% טעמים שונים 150 גרם,מיוצר עי קונדיטוריית,,מאגדת 8 יופלה דיאט מ,גרמים,1200.00,100 גרם,false,,28.90,0.0241,true,1,1339959
7290000056951,false,"תנובה, השף הלבן, שמנת לבישול 15% שומן 500 מל",תנובה מרכז שיתופי לש,,שמנת לבישול 15%שומן,מיליליטרים,500.00,"100 מ""ל",false,,15.90,0.0318,true,1,1339961
7290000057088,false,עמק גבינה צהובה פרוסה דק דק 28% תנובה 200 גרם,תנובה מרכז שיתופי לש,,עמק פרוס דק 200 גרם.,גרמים,200.00,100 גרם,false,,15.90,0.0795,true,1,1339964
7290000057118,false,גבינה צהובה עמק 28% שומן ואקום 400 גרם,תנובה מרכז שיתופי לש,,גבינה עמק פרוס 400 ג,גרמים,400.00,100 גרם,false,,21.90,0.0547,true,1,1339965
7290000057132,false,יוגורט תנובה טבעי 1.5% גביע 200 גרם,מחלבת אלון תבור,,יוגורט תנובה 1.5% שו,גרמים,200.00,100 גרם,false,,2.90,0.0145,true,1,1339966
7290000057149,false,יוגורט תנובה טבעי 3% גביע 200 גרם,מיוצר עי קונדיטוריית,,יוגורט תנובה 3% שומן,גרמים,200.00,100 גרם,false,,2.90,0.0145,true,1,1339967
7290000057552,false,יופלה דיאט עוגת גבינה ותות 0% גביע 150ג',תנובה - חלב,,יופלה דיאט עוגת גבינ,גרמים,150.00,100 גרם,false,,4.70,0.0313,true,1,1339972
7290000058030,false,"שמיניית יופלה שטוזים משקה יוגורט תות 100 מ""ל",מיוצר עי קונדיטוריית,,מארז 8 משקה יוגורט ש,גרמים,800.00,100 גרם,false,,19.90,0.0249,true,1,1339977
7290000058047,false,שמנת להקצפה 38% 500מל מהדרין עמיד השף הלבן,תנובה מרכז שיתופי לש,,שמנת מתוקה להקצפה 38,מיליליטרים,500.00,"100 מ""ל",false,,12.80,0.0256,true,1,1339978
7290000060071,false,אוסם - חטיפי פריכונים מאורז מלא קלוי 80גר,קבוצת אוסם סחר שותפות מוגבלת,IL,אסם חטיפי פריכונים בטעם ט,גרמים,80.00,100 גרם,false,,6.90,0.0863,true,1,1305133
7290000060088,false,בייגלה מקלות עם מלח אסם (400 גרם),קבוצת אוסם סחר שותפות מוגבלת,IL,אסם בייגלה מקלות מלוחים 4,גרמים,400.00,100 גרם,false,,9.90,0.0248,true,1,1305134
7290000060163,false,פסטה אסם אטריות דקות 400גר,קבוצת אוסם סחר שותפות מוגבלת,IL,אסם אטריות דקות 400 גרם,גרמים,400.00,100 גרם,false,,6.90,0.0173,true,1,1305136
7290000060200,false,פסטה אסם פתיתים אפויים קוסקוס 500גר,קבוצת אוסם סחר שותפות מוגבלת,IL,אסם פתיתים אפויים קוסקוס,גרמים,500.00,100 גרם,false,,7.90,0.0158,true,1,1305137
7290000060217,false,פסטה מקרוני מספר 7 אסם (500 גרם),קבוצת אוסם סחר שותפות מוגבלת,IT,אסם פסטה מקרוני 7 500 גרם,גרמים,500.00,100 גרם,false,,5.90,0.0118,true,1,1305138
7290000060248,false,פסטה אסם פתיתים תלתלים 500 גר',קבוצת אוסם סחר שותפות מוגבלת,IT,אסם פסטה תלתלים 500 גרם,גרמים,500.00,100 גרם,false,,5.90,0.0118,true,1,1305139
7290000060316,false,פרפקטו ספגטי מס' 8 אסם 500 גרם,קבוצת אוסם סחר שותפות מוגבלת,IT,פרפקטו ספגטי 500 גרם,גרמים,500.00,100 גרם,false,,6.90,0.0138,true,1,1305141
7290000060330,false,פרפקטו פרפקטו ספיראלי גירף 500 גר,קבוצת אוסם סחר שותפות מוגבלת,IT,פרפקטו ספירלי 500 גרם,גרמים,500.00,100 גרם,false,,6.90,0.0138,true,1,1305143
7290000060385,false,פודינג וניל אינסטנט מארז רביעיה * 80 ג',קבוצת אוסם סחר שותפות מוגבלת,IL,אסם פודינג אינסטנט בטעם ו,גרמים,320.00,100 גרם,false,,17.90,0.0559,true,1,1305144
7290000060408,false,פסטה אסם פתיתים אפויים טבעות 500 גר,קבוצת אוסם סחר שותפות מוגבלת,IL,אסם פתיתים אפויים טבעות 5,גרמים,500.00,100 גרם,false,,7.90,0.0158,true,1,1305146
7290000060415,false,"פסטה פרפקטו לאזניה 500 ג' ""אסם""",קבוצת אוסם סחר שותפות מוגבלת,IT,פרפקטו לזניה 500 גרם,גרמים,500.00,100 גרם,false,,12.90,0.0258,true,1,1305147
7290000060576,false,פתיתים אפויים כוכבים אסם (500 גרם),קבוצת אוסם סחר שותפות מוגבלת,IL,אסם פתיתים אפויים כוכבים,גרמים,500.00,100 גרם,false,,7.90,0.0158,true,1,1305153
7290000060781,false,פרומנטי פתיתים מסולסלים אוסם,קבוצת אוסם סחר שותפות מוגבלת,IT,אסם פסטה מסולסלים 500 גרם,גרמים,500.00,100 גרם,false,,5.90,0.0118,true,1,1305154
7290000060828,false,פסטה קרניים בינוניות אסם (500 גרם),קבוצת אוסם סחר שותפות מוגבלת,IT,אסם פסטה קרניים בינוניות,גרמים,500.00,100 גרם,false,,5.90,0.0118,true,1,1305155
7290000060842,false,פסטה אסם פתיתים צדפים גדולים 500גר,קבוצת אוסם סחר שותפות מוגבלת,IT,אסם פסטה צדפים גדולים 500,גרמים,500.00,100 גרם,false,,5.90,0.0118,true,1,1305156
7290000060880,false,פסטה ספגטי מספר 8 אסם 500 גרם,קבוצת אוסם סחר שותפות מוגבלת,IT,אסם פסטה ספגטי 8 500 גרם,גרמים,500.00,100 גרם,false,,5.90,0.0118,true,1,1305158
7290000060903,false,פסטה אסם פתיתים אפויים אורז 500גר,קבוצת אוסם סחר שותפות מוגבלת,IL,אסם פתיתים אפויים אורז 50,גרמים,500.00,100 גרם,false,,7.90,0.0158,true,1,1305159
7290000060958,false,אטריות מובחרות בינוניות אסם (400 גרם),קבוצת אוסם סחר שותפות מוגבלת,IL,אסם אטריות בינוניות 400 ג,גרמים,400.00,100 גרם,false,,6.90,0.0173,true,1,1305160
7290000060965,false,פסטה אסם אטריות רחבות 400גר,קבוצת אוסם סחר שותפות מוגבלת,IL,אסם אטריות רחבות 400 גרם,גרמים,400.00,100 גרם,false,,6.90,0.0173,true,1,1305161
7290000061061,false,קרקר חיטה עם בצל אסם,קבוצת אוסם סחר שותפות מוגבלת,IL,אסם קרקר בטעם בצל 250 גרם,גרמים,250.00,100 גרם,false,,9.90,0.0396,true,1,1305163
7290000061085,false,"רוטב צילי מתוק 290 מ""ל-בקבוק",קבוצת אוסם סחר שותפות מוגבלת,IL,"אסם רוטב צ'ילי מתוק 290מ""",מיליליטרים,290.00,"100 מ""ל",false,,10.90,0.0376,true,1,1305164
7290000061108,false,"רוטב טריאקי 290 מ""ל-בקבוק",קבוצת אוסם סחר שותפות מוגבלת,IL,"אסם רוטב טריאקי 290מ""ל",מיליליטרים,290.00,"100 מ""ל",false,,10.90,0.0376,true,1,1305165
7290000061214,false,פתיתים אפויים קוסקוס עם בצל אסם 500 גרם,קבוצת אסם סחר שות. מוגבלת,IL,אסם פתיתים אפויים קוסקוס,גרמים,500.00,100 גרם,false,,7.90,0.0158,true,1,1305166
7290000061245,false,עוגיות שוקוצ'יפס במילוי שוקולד אסם 220 גרם,קבוצת אוסם סחר-שות.מוגבלת,IL,אסם עוגיות שוקוציפס ממולא,גרמים,220.00,100 גרם,false,,10.90,0.0495,true,1,1305167
7290000061450,false,פתיתים אפויים קוסקוס 3 צבעים אסם 500 גרם,קבוצת אסם סחר שות. מוגבלת,IL,אסם פתיתים אפויים קוסקוס,גרמים,500.00,100 גרם,false,,7.90,0.0158,true,1,1305169
7290000061764,false,קפה נמס מגורען רד מאג 200 גרם,קבוצת אוסם סחר שותפות מוגבלת,ES,נסקפה רד מאג 200 גרם,גרמים,200.00,100 גרם,false,,23.90,0.1195,true,1,1305170
7290000062129,false,אינסטנט פודינג בטעם וניל אסם (1 קג),קבוצת אוסם סחר שותפות מוגבלת,IL,אסם פודינג אינסטנט בטעם ו,גרמים,1000.00,100 גרם,false,,27.90,0.0279,true,1,1305175
7290000062952,false,אוסם - מיני קרוטונים למרק ולסלט 250 גרם,קבוצת אוסם סחר שותפות מוגבלת,IL,מיני קרוטונים מתובלים למר,גרמים,250.00,100 גרם,false,,13.90,0.0556,true,1,1305178
7290000063102,false,קמח עוגה תופח מאליו אסם 350 גרם,קבוצת אוסם סחר שותפות מוגבלת,IL,אסם קמח תופח לעוגות ולאפי,גרמים,350.00,100 גרם,false,,4.40,0.0126,true,1,1305181
7290000063133,false,אסם שקדי מרק רכיבים טבעיים 24*100גרם,קבוצת אוסם סחר שותפות מוגבלת,IL,שקדי מרק אסם רכיבים טבעיי,גרמים,100.00,100 גרם,false,,4.40,0.0440,true,1,1305182
7290000063140,false,שקדי מרק רכיבים טבעיים בשקית 400 ג' אסם,קבוצת אוסם סחר שותפות מוגבלת,IL,שקדי מרק אסם רכיבים טבעיי,גרמים,400.00,100 גרם,false,,12.90,0.0323,true,1,1305183
7290000063157,false,"קמח עוגה תופח מאליו אסם 1 ק""ג",קבוצת אוסם סחר שותפות מוגבלת,IL,אסם קמח תופח לעוגות ולאפי,קילוגרמים,1.00,"ק""ג",false,,9.90,9.9000,true,1,1305184
7290000064758,false,קוסקוס בינוני אמיתי אסם 350 ג',קבוצת אוסם סחר שותפות מוגבלת,IL,אסם קוסקוס בינוני 350 גרם,גרמים,350.00,100 גרם,false,,6.90,0.0197,true,1,1305198
7290000064871,false,"אוסם - מנה חמה פירה תפו""א עם בצל 56 גרם",קבוצת אוסם סחר שותפות מוגבלת,IL,מנה חמה פירה עם בצל 56 גר,גרמים,56.00,100 גרם,false,,6.50,0.1161,true,1,1305199
7290000065090,false,מיני קרוטונים מתובלים למרק ולסלט אסם 400 גרם,קבוצת אוסם סחר שותפות מוגבלת,IL,מיני קרוטונים מתובלים למר,גרמים,400.00,100 גרם,false,,22.90,0.0572,true,1,1305200
7290000065335,false,אוסם - מנה חמה פירה עם ירקות 55 גרם,קבוצת אוסם סחר שותפות מוגבלת,IL,מנה חמה פירה עם ירקות 55,גרמים,55.00,100 גרם,false,,6.50,0.1182,true,1,1305202
7290000065540,false,אוסם - מנה חמה פסטה מוקרמת בטעם עוף 55 גרם,קבוצת אוסם סחר שותפות מוגבלת,IL,מנה חמה פסטה מוקרמת בטעם,גרמים,55.00,100 גרם,false,,6.50,0.1182,true,1,1305203
7290000065557,false,אוסם - מנה חמה קוסקוס עם ירקות 84 גרם,קבוצת אוסם סחר שותפות מוגבלת,IL,מנה חמה קוסקוס עם ירקות 8,גרמים,84.00,100 גרם,false,,6.50,0.0774,true,1,1305204
7290000065977,false,חטיפי פריכונים תירס שומשום אסם 80 גרם,קבוצת אוסם סחר שותפות מוגבלת,IL,אסם חטיפי פריכונים מתירס,גרמים,80.00,100 גרם,false,,6.90,0.0863,true,1,1305210
7290000066134,false,ביסלי חטיף בטעם פלאפל אסם (70 גרם),קבוצת אוסם סחר שותפות מוגבלת,IL,ביסלי פלאפל 70 גרם,גרמים,70.00,100 גרם,false,,4.30,0.0614,true,1,1305211
7290000066141,false,ביסלי חטיף בטעם גריל אסם (70 גרם),קבוצת אוסם סחר שותפות מוגבלת,IL,ביסלי גריל 70 גרם,גרמים,70.00,100 גרם,false,,4.30,0.0614,true,1,1305212
7290000066189,false,ביסלי חטיף בטעם פלאפל אסם (200 גרם),קבוצת אוסם סחר שותפות מוגבלת,IL,ביסלי פלאפל 200 גרם,גרמים,200.00,100 גרם,false,,7.90,0.0395,true,1,1305216
7290000066196,false,ביסלי חטיף בטעם גריל אסם (200 גרם),קבוצת אוסם סחר שותפות מוגבלת,IL,ביסלי גריל 200 גרם,גרמים,200.00,100 גרם,false,,7.90,0.0395,true,1,1305217
7290000066226,false,ביסלי חטיף בטעם פיצה אסם (200 גרם),קבוצת אוסם סחר שותפות מוגבלת,IL,ביסלי פיצה 200 גרם,גרמים,200.00,100 גרם,false,,7.90,0.0395,true,1,1305220
7290000066264,false,דובונים חטיף תפוחי אדמה אסם (40 גרם),קבוצת אוסם סחר שותפות מוגבלת,IL,חבורת דובונים 40 גרם,גרמים,40.00,100 גרם,false,,4.30,0.1075,true,1,1305221
7290000066295,false,במבה מתוקה מחומרים טבעיים 30 גרם,קבוצת אוסם סחר שותפות מוגבלת,IL,במבה מתוקה 30 גרם,גרמים,30.00,100 גרם,false,,2.30,0.0767,true,1,1305222
7290000066318,false,במבה חטיף בוטנים אסם 80 גרם,קבוצת אוסם סחר שותפות מוגבלת,IL,במבה קלאסית 80 גרם,גרמים,80.00,100 גרם,false,,4.50,0.0563,true,1,1305223
7290000066332,false,אפרופו חטיף תירס אסם (50 גרם),קבוצת אוסם סחר שותפות מוגבלת,IL,אפרופו קלאסי 50 גרם,גרמים,50.00,100 גרם,false,,4.50,0.0900,true,1,1305224
7290000066349,false,אפרופו חטיף תירס אסם (100 גרם),קבוצת אוסם סחר-שות.מוגבלת,IL,אפרופו קלאסי 100 גרם,גרמים,100.00,100 גרם,false,,8.90,0.0890,true,1,1305225
7290000066431,false,פופקו חטיף פופקורן בטעם חמאה ודבש אסם 80 גרם,קבוצת אוסם סחר שותפות מוגבלת,IL,פופקו 80 גרם,גרמים,80.00,100 גרם,false,,4.60,0.0575,true,1,1305226
7290000067407,false,פרורית מתובלת בשקית 200 גרם,קבוצת אוסם סחר שותפות מוגבלת,IL,אסם פירורית מתובלת 200 גר,גרמים,200.00,100 גרם,false,,5.50,0.0275,true,1,1305233
7290000067544,false,פירורית זהב פירורי לחם אסם 200 גרם,קבוצת אוסם סחר שותפות מוגבלת,IL,אסם פירורית זהב 200 גרם,גרמים,200.00,100 גרם,false,,5.50,0.0275,true,1,1305235
7290000067599,false,מנה חמה ספגטי ברוטב בולונז אסם 65 גרם,קבוצת אוסם סחר שותפות מוגבלת,IL,מנה חמה ספגטי בולונז 65גר,גרמים,65.00,100 גרם,false,,6.50,0.1000,true,1,1305239
7290000067735,false,פרפקטו ניוקי בצקיות תפוחי אדמה 500 ג' אסם,קבוצת אוסם סחר שותפות מוגבלת,IT,פרפקטו ניוקי בצקיות מתפוח,גרמים,500.00,100 גרם,false,,11.90,0.0238,true,1,1305241
7290000068138,false,אינסטנט פודינג בטעם וניל אסם 80 גרם,קבוצת אוסם סחר שותפות מוגבלת,IL,אסם פודינג אינסטנט בטעם ו,גרמים,80.00,100 גרם,false,,5.50,0.0688,true,1,1305245
7290000068190,false,אסם ג'לי תות שדה צבעים טבעיים 90 גרם,קבוצת אוסם סחר שותפות מוגבלת,IL,אסם ג'לי מהיר הכנה בטעם ת,גרמים,90.00,100 גרם,false,,5.90,0.0656,true,1,1305249
7290000068206,false,אסם ג'לי משמש צבעים טבעיים 85 גרם,קבוצת אוסם סחר שותפות מוגבלת,IL,אסם ג'לי מהיר הכנה בטעם מ,גרמים,85.00,100 גרם,false,,5.90,0.0694,true,1,1305250
7290000068237,false,אבקה להכנת ג`לי בטעם פטל אסם (85 גרם),קבוצת אוסם סחר שותפות מוגבלת,IL,אסם ג'לי מהיר הכנה בטעם פ,גרמים,85.00,100 גרם,false,,5.90,0.0694,true,1,1305251
7290000068343,false,אסם פריכונים פרוסות קלויות מלא,קבוצת אוסם סחר שותפות מוגבלת,IL,אסם פריכונים מאורז מלא 14,גרמים,140.00,100 גרם,false,,6.90,0.0493,true,1,1305255
7290000068701,false,אסם שקדי מרק רכיבים טבע.מיכל 400 גרם,קבוצת אוסם סחר שותפות מוגבלת,IL,שקדי מרק אסם רכיבים טבעיי,גרמים,400.00,100 גרם,false,,14.90,0.0373,true,1,1305256
7290000068770,false,במבה יום הולדת חטיף בוטנים אסם 80 גרם,קבוצת אוסם סחר שותפות מוגבלת,IL,במבה אריזת תינוק 80 גרם,גרמים,80.00,100 גרם,false,,4.50,0.0563,true,1,1305258
7290000068787,false,במבה יום הולדת חטיף בוטנים אסם 25 גרם,קבוצת אוסם סחר שותפות מוגבלת,IL,במבה אריזת תינוק 25 גרם,גרמים,25.00,100 גרם,false,,2.30,0.0920,true,1,1305259
7290000069258,false,פסטה פרפקטו פנה ריגאטה 500 ג' אסם,קבוצת אוסם סחר-שות.מוגבלת,IT,פרפקטו פנה ריגאטה 500 גרם,גרמים,500.00,100 גרם,false,,6.90,0.0138,true,1,1305265
7290000069364,false,פריכונים מאורז מלא ללא תוספת סוכר אסם 140 גרם,קבוצת אוסם סחר שותפות מוגבלת,IL,אסם פריכונים עגול אורז דל,גרמים,140.00,100 גרם,false,,6.90,0.0493,true,1,1305270
7290000070308,false,אבקת מרק עוף אמיתי בשרי אסם 400 גרם,קבוצת אוסם סחר שותפות מוגבלת,IL,אסם מרק עוף אמיתי 400 גרם,גרמים,400.00,100 גרם,false,,19.90,0.0497,true,1,1305283
7290000070322,false,אבקת מרק פטריות רכיבים טבעיים אסם 400 גרם,קבוצת אוסם סחר שותפות מוגבלת,IL,אסם מרק פטריות רכיבים טבע,גרמים,400.00,100 גרם,false,,25.90,0.0647,true,1,1305284
7290000070353,false,אבקת מרק בצל רכיבים טבעיים אסם 400 גרם,קבוצת אוסם סחר שותפות מוגבלת,IL,אסם מרק בצל רכיבים טבעיים,גרמים,400.00,100 גרם,false,,25.90,0.0647,true,1,1305285
7290000070919,false,בייגלה רשתות עם מלח אסם (400 גרם),קבוצת אוסם סחר שותפות מוגבלת,IL,אסם בייגלה רשתות מלח 400,גרמים,400.00,100 גרם,false,,11.90,0.0298,true,1,1305294
7290000071008,false,בייגלה שטוחים טבעות עם מלח אסם (60 גרם),קבוצת אוסם סחר שותפות מוגבלת,IL,אסם בייגלה שטוחים מלח 60,גרמים,60.00,100 גרם,false,,2.90,0.0483,true,1,1305295
7290000072067,false,במבה חטיף בוטנים במילוי קרם חלבה 60 גרם,קבוצת אסם סחר שות. מוגבלת,IL,במבה במילוי קרם חלבה 60 ג,גרמים,60.00,100 גרם,false,,4.50,0.0750,true,1,1305299
7290000072241,false,"רוטב פיצה 290 מ""ל-בקבוק",קבוצת אוסם סחר שותפות מוגבלת,IL,"אסם רוטב פיצה 290מ""ל",מיליליטרים,290.00,"100 מ""ל",false,,10.90,0.0376,true,1,1305303
7290000072623,false,קטשופ אסם בקבוק לחיץ 750 גרם,קבוצת אוסם סחר שותפות מוגבלת,IL,קטשופ אסם 750 גרם,גרמים,750.00,100 גרם,false,,12.90,0.0172,true,1,1305307
7290000072630,false,קטשופ אסם חריף 750 גרם-בקבוק,קבוצת אוסם סחר שותפות מוגבלת,IL,קטשופ חריף אסם 750 גרם,גרמים,750.00,100 גרם,false,,12.90,0.0172,true,1,1305308
7290000072753,false,קפה נמס מגורען טסטרס צ'ויס 200 גרם-,קבוצת אוסם סחר שותפות מוגבלת,KR,נסקפה טייסטרס צ'ויס 200 ג,גרמים,200.00,100 גרם,false,,29.90,0.1495,true,1,1305311
7290000072760,false,נסקפה טייסטרס צויס 100 גר אוריגנל,קבוצת אוסם סחר שותפות מוגבלת,KR,נסקפה טייסטרס צ'ויס 100 ג,גרמים,100.00,100 גרם,false,,26.90,0.2690,true,1,1305312
7290000072777,false,קפה נמס מגורען נטול קפאין טסטרס צ'ויס 200 גרם,קבוצת אוסם סחר שותפות מוגבלת,KR,נסקפה טייסטרס צ'ויס נטול,גרמים,200.00,100 גרם,false,,44.90,0.2245,true,1,1305313
7290000072784,false,קפה טייסטר צויס נטול קופאין 100 גר',קבוצת אוסם סחר שותפות מוגבלת,KR,נסקפה טייסטרס צ'ויס נטול,גרמים,100.00,100 גרם,false,,29.90,0.2990,true,1,1305314
7290000072968,false,דגני בוקר סיני מיניס חיטה מלאה וקינמון נסטלה 500 גרם,קבוצת אוסם סחר-שות.מוגבלת,PL,סיני מיניס דגני בוקר מחיט,גרמים,500.00,100 גרם,false,,24.90,0.0498,true,1,1305319
7290000073125,false,מנה חמה פסטה ברוטב עגבניות אסם (62 גרם),קבוצת אוסם סחר שותפות מוגבלת,IL,מנה חמה פסטה ברוטב עגבניו,גרמים,62.00,100 גרם,false,,6.50,0.1048,true,1,1305320
7290000073415,false,אוסם - מנה חמה פסטה ברוטב פיצה 61 גרם,קבוצת אוסם סחר שותפות מוגבלת,IL,מנה חמה פסטה ברוטב פיצה 6,גרמים,61.00,100 גרם,false,,6.50,0.1066,true,1,1305321
7290000073699,false,סלט חומוס צבר 150 גרם,קבוצת אוסם סחר שותפות מוגבלת,IL,צבר חומוס חלק 150 גרם,גרמים,150.00,100 גרם,false,,4.40,0.0293,true,1,1305323
7290000073750,false,מנה חמה נודלס אטר+ירקות טעם עוף 70 גרם,קבוצת אוסם סחר שותפות מוגבלת,TH,מנה חמה נודלס בטעם עוף 71,גרמים,71.00,100 גרם,false,,6.50,0.0915,true,1,1305324
7290000073767,false,מנה חמה נודלס אטר.+ירקות טעם בקר 70 גרם,קבוצת אוסם סחר שותפות מוגבלת,TH,מנה חמה נודלס בטעם בקר 71,גרמים,71.00,100 גרם,false,,6.50,0.0915,true,1,1305325
7290000073774,false,מנה חמה נודלס אטר+ירקות טעם צילי 70 גרם,קבוצת אוסם סחר שותפות מוגבלת,TH,מנה חמה נודלס בטעם פיקנטי,גרמים,71.00,100 גרם,false,,6.50,0.0915,true,1,1305326
7290000074153,false,ביסקוויט פתי בר שוקולד אסם (500 גרם),קבוצת אוסם סחר שותפות מוגבלת,IL,אסם פתי בר שוקו 500גרם,גרמים,500.00,100 גרם,false,,11.90,0.0238,true,1,1305331
7290000074184,false,ביסקוויט פתי בר אסם (500 גרם),קבוצת אוסם סחר שותפות מוגבלת,IL,אסם פתי בר קלאסי 500 גרם,גרמים,500.00,100 גרם,false,,11.90,0.0238,true,1,1305333
7290000074245,false,אוסם - קרם קרקר אסם 250 גרם,קבוצת אוסם סחר שותפות מוגבלת,IL,אסם קרם קרקר 250 גרם,גרמים,250.00,100 גרם,false,,7.90,0.0316,true,1,1305334
7290000074252,false,קרקר שומשום אסם (250 גרם),קבוצת אוסם סחר שותפות מוגבלת,IL,אסם קרקר שומשום 250 גרם,גרמים,250.00,100 גרם,false,,7.90,0.0316,true,1,1305335
7290000074276,false,קרקר פיקנטי טבעון 250 ג' אסם,קבוצת אוסם סחר שותפות מוגבלת,IL,אסם קרקר פיקטני 250 גרם,גרמים,250.00,100 גרם,false,,8.90,0.0356,true,1,1305336
7290000074375,false,אוסם - קרקר זהב 150 גרם,קבוצת אוסם סחר שותפות מוגבלת,IL,אסם קרקר זהב 150 גרם,גרמים,150.00,100 גרם,false,,6.40,0.0427,true,1,1305340
7290000074481,false,קרקר לחמית אגוזים אסם (160 גרם),קבוצת אסם סחר שות. מוגבלת,IL,אסם לחמית אגוזים 160 גרם,גרמים,160.00,100 גרם,false,,9.90,0.0619,true,1,1305342
7290000074696,false,"קרם קרקר 1 ק""ג אוסם",קבוצת אוסם סחר שותפות מוגבלת,IL,"אסם קרם קרקר 1 ק""ג",גרמים,1000.00,100 גרם,false,,25.90,0.0259,true,1,1305345
7290000074764,false,קרקר זהב אסם (900 גרם),קבוצת אוסם סחר שותפות מוגבלת,IL,אסם קרקר זהב 900 גרם,גרמים,900.00,100 גרם,false,,25.90,0.0288,true,1,1305349
7290000075204,false,קרקר לחמית חיטה מלאה אסם (250 גרם),קבוצת אוסם סחר שותפות מוגבלת,IL,אסם לחמית חיטה מלאה 250 ג,גרמים,250.00,100 גרם,false,,7.90,0.0316,true,1,1305353
7290000075693,false,עוגת הבית שמרים בריוש שוקולד אסם 360 גרם,קבוצת אסם סחר שות. מוגבלת,IL,אסם הבית עוגת שמרים בריוש,גרמים,360.00,100 גרם,false,,15.90,0.0442,true,1,1305355
7290000076126,false,אוסם - בייגלה שמיניות קטנות 80 גרם,קבוצת אוסם סחר שותפות מוגבלת,IL,אסם בייגלה שמיניות מלח 80,גרמים,80.00,100 גרם,false,,2.90,0.0362,true,1,1305356
7290000076133,false,בייגלה שמיניות קטנות עם מלח אסם 400 גרם,קבוצת אוסם סחר שותפות מוגבלת,IL,אסם בייגלה שמיניות מלח 40,גרמים,400.00,100 גרם,false,,9.90,0.0248,true,1,1305357
7290000076645,false,טוסטעים פת קלויה חיטה מלאה אסם 100 גרם,קבוצת אסם סחר שות. מוגבלת,NL,אסם טוסטעים חיטה מלאה 100,גרמים,100.00,100 גרם,false,,9.90,0.0990,true,1,1305361
7290000077017,false,עוגיות קרמוגית במילוי קרם שוקולד אסם 200 גרם,קבוצת אוסם סחר שותפות מוגבלת,IL,אסם קרמוגית במילוי שוקולד,גרמים,200.00,100 גרם,false,,10.90,0.0545,true,1,1305362
7290000077253,false,אוסם - לחמית כפרית עם דגנים מלאים 190 גרם,קבוצת אסם סחר שות. מוגבלת,IL,לחמית כפרית 190 גרם,גרמים,190.00,100 גרם,false,,9.90,0.0521,true,1,1305363
7290000077925,false,אסם טוסטים צנימים עגולים חטה.מלא 125 גרם,קבוצת אסם סחר שות. מוגבלת,NL,אסם טוסטעים צנימים עגולים,גרמים,125.00,100 גרם,false,,9.90,0.0792,true,1,1305365
7290000078212,false,קרוטונים מתובלים למרק אסם (250 גרם),קבוצת אוסם סחר שותפות מוגבלת,IL,קרוטונים מתובלים למרק ולס,גרמים,250.00,100 גרם,false,,13.90,0.0556,true,1,1305366
7290000078762,false,אוסם - חטיפי פריכונים מאורז מלא בטעם דבש 80גר,קבוצת אוסם סחר-שות.מוגבלת,BE,אסם חטיפי פריכונים אורז ו,גרמים,80.00,100 גרם,false,,6.90,0.0863,true,1,1305368
7290000079233,false,קרם קרקר דיאטטי דל נתרן 250 גרם,קבוצת אוסם סחר שותפות מוגבלת,IL,אסם קרם קרקר דל נתרן 250,גרמים,250.00,100 גרם,false,,9.90,0.0396,true,1,1305370
7290000080765,false,פת קלויה טוסטעים עם שומשום אסם (100 גרם),קבוצת אוסם סחר שותפות מוגבלת,NL,אסם טוסטעים עם שומשום 100,גרמים,100.00,100 גרם,false,,9.90,0.0990,true,1,1305381
7290000081663,false,"בייגלה טבעות שומשום אסם 300 גרם בד""ץ",קבוצת אוסם סחר שותפות מוגבלת,IL,אסם בייגלה טבעות שומשום 3,גרמים,300.00,100 גרם,false,,9.90,0.0330,true,1,1305383
7290000085104,false,פילה סלמון טרי,,,פילה סלמון טרי,קילוגרמים,1.00,"ק""ג",true,,89.00,89.0000,true,1,1344142
7290000089188,false,יין אדום מתוק פומפידיתא 1 ליטר,ויטה -פרי גליל (החדשה) בעמ,IL,פומפידיתא יין אדום מתוק -,ליטרים,1.00,ליטר,false,,14.90,14.9000,true,1,1347122
7290000089300,false,יין המערה,,,יין המערה,מיליליטרים,750.00,"100 מ""ל",false,,259.00,0.3453,true,1,2422889
7290000090078,false,תפוח עץ ירוק סמיט,4 יחידות,,פטינה רכה למריחה,קילוגרמים,1.00,"ק""ג",true,,28.00,28.0000,true,1,2288279
7290000098869,false,עגבניות שרי אדומות,,,עגבניות שרי אדומות,קילוגרמים,1.00,"ק""ג",true,,19.00,19.0000,true,1,1334668
7290000098876,false,עגבניות חמוצות,,,עגבניות חמוצות,קילוגרמים,1.00,"ק""ג",true,,15.00,15.0000,true,1,1334669
7290000099378,false,גבינת בלוז,,,גבינת בלוז,קילוגרמים,1.00,"ק""ג",true,,69.00,69.0000,true,1,2288280
7290000099453,false,זית יוני מתובל,,,זית יוני מתובל,קילוגרמים,1.00,"ק""ג",true,,59.00,59.0000,true,1,1345525
7290000099484,false,קוקטיל זיתים,,,קוקטיל זיתים,קילוגרמים,1.00,"ק""ג",true,,42.00,42.0000,true,1,1345526
7290000100029,false,פתיתי כרובית סנפרוסט 800 גרם,"סנפרוסט בע""מ",,פתיתי כרובית סנפרוסט,גרמים,800.00,100 גרם,false,,19.90,0.0249,true,1,1979860
7290000100036,false,פתיתי ברוקולי סנפרוסט 800 גרם,"סנפרוסט בע""מ",,פתיתי ברוקולי סנפרוס,גרמים,800.00,100 גרם,false,,19.90,0.0249,true,1,1979861
7290000100128,false,פירות קפואים תות 300 גר`סנפרוסט,תנובה ענף ב.ע.ד,,תות מוקפא 300 גרם סנ,גרמים,300.00,100 גרם,false,,12.90,0.0430,true,1,1975669
7290000100135,false,פירות קפואים סנפרוסט דובדבן 300 גר,תנובה ענף ב.ע.ד,,דובדבן מוקפא 300 גרם,גרמים,300.00,100 גרם,false,,12.90,0.0430,true,1,1975670
7290000100296,false,תערובת להכנת Smoothie ורוד תות ובננה,תנובה ענף ב.ע.ד,,שייק תות בננה,גרמים,300.00,100 גרם,false,,12.90,0.0430,true,1,2266243
7290000100302,false,פול ירוק מקולף סנפורסט 600 גר`,תנובה ענף ב.ע.ד,,פול ירוק קפוא קלוף 6,גרמים,600.00,100 גרם,false,,23.90,0.0398,true,1,2178257
7290000100593,false,פרוסות אנטיפסטי לתנור סנפרוסט 600 גרם,תנובה ענף ב.ע.ד,,פרוסות אנטיפסטי לתנו,גרמים,600.00,100 גרם,false,,21.90,0.0365,true,1,2296458
7290000100609,false,קוביות אנטיפסטי להקפצה סנפרוסט 600 גרם,תנובה ענף ב.ע.ד,,קוביות אנטי פסטי להק,גרמים,600.00,100 גרם,false,,21.90,0.0365,true,1,2296465
7290000101132,false,לקט קטניות לחמין סנפרוסט 800 גר,תנובה ענף ב.ע.ד,,לקט לחמין סנפרוסט,גרמים,800.00,100 גרם,false,,19.90,0.0249,true,1,1461930
7290000101927,false,אוכמניות כחולות מוקפאות סנפרוסט 300 גרם,תנובה ענף ב.ע.ד,,אוכמניות כחולות מוקפ,גרמים,300.00,100 גרם,false,,12.90,0.0430,true,1,1691962
7290000101934,false,מיקס פירות יער מוקפאים 300 גר סנפרוסט,תנובה ענף ב.ע.ד,,מיקס פירות יער מוקפא,גרמים,300.00,100 גרם,false,,12.90,0.0430,true,1,1691963
7290000101941,false,אננס חתוך מוקפא סנפרוסט (300 גרם),תנובה ענף ב.ע.ד,,אננס מוקפא 300 ג סנפ,גרמים,300.00,100 גרם,false,,12.90,0.0430,true,1,1691964
7290000101958,false,מנגו חתוך מוקפא סנפרוסט (300 גרם),תנובה ענף ב.ע.ד,,מנגו מוקפא 300 ג סנפ,גרמים,300.00,100 גרם,false,,12.90,0.0430,true,1,1691956
7290000103365,false,מרק ירקות עשיר סנפרוסט (550 גרם),תנובה מרכז שיתופי לשיווק תוצרת,IL,מרק ירקות 12 יח 550 גר,גרמים,550.00,100 גרם,false,,18.90,0.0344,true,1,1340405
7290000103433,false,"לקט ירקות לתנור 800 גרם ""סנפרוסט""",תנובה מרכז שיתופי לשיווק תוצרת,,לקט ירקות לתנור,גרמים,800.00,100 גרם,false,,22.90,0.0286,true,1,1437814
7290000103457,false,מיני כרובית סנפרוסט (600 גרם),תנובה קפואים,,מיני כרובית סנפרוסט,גרמים,600.00,100 גרם,false,,19.90,0.0332,true,1,1429193
7290000103471,false,מיני ברוקולי סנפרוסט 600 גרם,תנובה ענף ב.ע.ד,,מיני ברוקולי סנפרוסט,גרמים,600.00,100 גרם,false,,19.90,0.0332,true,1,1429194
7290000103488,false,"ארטישוק ירושלמי 400 גרם ""סנפרוסט""",תנובה מרכז שיתופי לשיווק תוצרת,,ארטישוק ירושלמי,גרמים,400.00,100 גרם,false,,19.90,0.0497,true,1,1437816
7290000103730,false,לקט להקפצה עם פסטה פוזילי סנפרוסט 800 גרם,תנובה מרכז שיתופי לשיווק תוצרת,IL,לקט להקפצה עם פסטה פוזילי,גרמים,800.00,100 גרם,false,,22.90,0.0286,true,1,1340412
7290000103815,false,לקט להקפצה בסגנון תאילנדי סנפרוסט 800 גרם,תנובה מרכז שיתופי לשיווק תוצרת,IL,לקט להקפצה בסגנון תאילנדי,גרמים,800.00,100 גרם,false,,22.90,0.0286,true,1,1340416
7290000103822,false,לקט מוקפא לעוף סנפרוסט (800 גרם),תנובה מרכז שיתופי לשיווק תוצרת,IL,לקט לעוף 12 יח 800 גר,גרמים,800.00,100 גרם,false,,22.90,0.0286,true,1,1340417
7290000103839,false,מרק כתום עשיר בירקות סנפרוסט (572 גרם),תנובה מרכז שיתופי לשיווק תוצרת,IL,מרק כתום 12 יח' 570 גר,גרמים,570.00,100 גרם,false,,18.90,0.0332,true,1,1340418
7290000103846,false,מרק אפונה עשיר בירקות סנפרוסט (572 גרם),תנובה מרכז שיתופי לשיווק תוצרת,IL,מרק אפונה 12 יח 570 גר,גרמים,570.00,100 גרם,false,,18.90,0.0332,true,1,1340419
7290000103860,false,מרק עדשים עשיר בירקות סנפרוסט (572 גרם),תנובה מרכז שיתופי לשיווק תוצרת,IL,מרק עדשים 12 יח 570 גר,גרמים,570.00,100 גרם,false,,18.90,0.0332,true,1,1340420
7290000103877,false,מרק שעועית עשיר בירקות סנפרוסט 640 גרם,תנובה מרכז שיתופי לשיווק תוצרת,IL,מרק שעועית 12 יח 640 גר,גרמים,640.00,100 גרם,false,,18.90,0.0295,true,1,1340421
7290000104072,false,עדשים ירוקות מבושלות מוקפאות 800 ג' סנפרוסט,תנובה מרכז שיתופי לשיווק תוצרת,IL,עדשים מוקפאים 14 יח 800 ג,גרמים,800.00,100 גרם,false,,19.90,0.0249,true,1,1340422
7290000104188,false,שעועית אדומה מוקפאת מבושלת מוכנה לאכילה,תנובה מרכז שיתופי לשיווק תוצרת,IL,שעועית אדומה מוקפאת 14 יח,גרמים,800.00,100 גרם,false,,19.90,0.0249,true,1,1340424
7290000104201,false,אפונה עדינה מוקפאת סנפרוסט (600 גרם),תנובה ענף ב.ע.ד,IL,אפונה עדינה 12 יח 600 ג,גרמים,600.00,100 גרם,false,,19.90,0.0332,true,1,1340425
7290000104218,false,סנפרוסט במיה 600 גרם,תנובה מרכז שיתופי לשיווק תוצרת,IL,במיה 14 יח 600 ג,גרמים,600.00,100 גרם,false,,18.90,0.0315,true,1,1340426
7290000104225,false,בצל קצוץ סנפרוסט 600 גרם,"סנפרוסט בע""\מ",IL,בצל קצוץ 14 יח 600 ג,גרמים,600.00,100 גרם,false,,16.90,0.0282,true,1,1340427
7290000104676,false,אפונה קפואה סנפרוסט 800 גרם,תנובה מרכז שיתופי לשיווק תוצרת,IL,אפונה גינה 20 יח 800 ג,גרמים,800.00,100 גרם,false,,18.90,0.0236,true,1,1340429
7290000104683,false,שעועית ירוקה שלמה סנפרוסט (800 גרם),תנובה מרכז שיתופי לשיווק תוצרת,IL,שעועית ירוקה שלמה 16 יח 8,גרמים,800.00,100 גרם,false,,22.90,0.0286,true,1,1340430
7290000104690,false,גרעיני תירס מוקפאים סנפרוסט (800 גרם),תנובה מרכז שיתופי לשיווק תוצרת,IL,גרעיני תירס 20 יח 800 ג,גרמים,800.00,100 גרם,false,,19.90,0.0249,true,1,1340431
7290000104706,false,גזר גמדי מוקפא סנפרוסט (800 גרם),תנובה מרכז שיתופי לשיווק תוצרת,IL,גזר גמדי 16 יח 800 ג,גרמים,800.00,100 גרם,false,,18.90,0.0236,true,1,1340432
7290000104713,false,פול ירוק קפוא סנפורסט 800 גרם,תנובה מרכז שיתופי לשיווק תוצרת,IL,פול ירוק 20 יח 800 ג,גרמים,800.00,100 גרם,false,,24.90,0.0311,true,1,1340433
7290000104720,false,שעועית ירוקה חתוכה סנפרוסט (800 גרם),תנובה מרכז שיתופי לשיווק תוצרת,IL,שעועית ירוקה חתוכה 16 יח,גרמים,800.00,100 גרם,false,,19.90,0.0249,true,1,1340434
7290000104737,false,שעועית צהובה חתוכה סנפרוסט 800 גרם,תנובה מרכז שיתופי לשיווק תוצרת,IL,שעועית צהובה 16 יח 800 ג,גרמים,800.00,100 גרם,false,,19.90,0.0249,true,1,1340435
7290000104744,false,כרובית מוקפאת סנפרוסט (800 גרם),תנובה מרכז שיתופי לשיווק תוצרת,IL,כרובית 12 יח 800 ג,גרמים,800.00,100 גרם,false,,24.90,0.0311,true,1,1340436
7290000104751,false,כרוב ניצנים סנפרוסט (800 גרם),תנובה מרכז שיתופי לשיווק תוצרת,IL,כרוב ניצנים 16 יח 800 ג,גרמים,800.00,100 גרם,false,,24.90,0.0311,true,1,1340437
7290000104768,false,עלי תרד סנפרוסט (800 גרם),תנובה מרכז שיתופי לשיווק תוצרת,IL,עלי תרד 14 יח 800 ג,גרמים,800.00,100 גרם,false,,24.90,0.0311,true,1,1340438
7290000104775,false,תרד מדליונים סנפרוסט 800 גרם,תנובה מרכז שיתופי לשיווק תוצרת,IL,מדליוני תרד 16 יח 800 ג,גרמים,800.00,100 גרם,false,,24.90,0.0311,true,1,1340439
7290000104799,false,שעועית לבנה מבושלת סנפרוסט (800 גרם),תנובה מרכז שיתופי לשיווק תוצרת,IL,שעועית לבנה 16 יח 800 גר,גרמים,800.00,100 גרם,false,,19.90,0.0249,true,1,1340440
7290000104805,false,גרגרי חומוס מבושלים סנפרוסט (800 גרם),תנובה מרכז שיתופי לשיווק תוצרת,IL,גרגירי חומוס 14 יח 800 גר,גרמים,800.00,100 גרם,false,,19.90,0.0249,true,1,1340441
7290000104829,false,קלחי תירס חתוכים סנפרוסט 1 קילו,תנובה מרכז שיתופי לשיווק תוצרת,IL,קלחוני תירס 16 יח 1 קג,גרמים,1000.00,100 גרם,false,,22.90,0.0229,true,1,1340442
7290000104836,false,שעועית ירוקה עדינה שלמה סנפרוסט 600 גרם,תנובה מרכז שיתופי לשיווק תוצרת,IL,שעועית עדינה שלמה 12 יח,גרמים,600.00,100 גרם,false,,22.90,0.0382,true,1,1340443
7290000104874,false,לקט מוקפא לקוסקוס סנפרוסט (800 גרם),תנובה מרכז שיתופי לשיווק תוצרת,IL,לקט קוסקוס 12 יח 800 ג,גרמים,800.00,100 גרם,false,,22.90,0.0286,true,1,1340444
7290000104881,false,לקט אפונה וגזר מוקפאים סנפרוסט (800 גרם),תנובה מרכז שיתופי לשיווק תוצרת,IL,לקט אפונה וגזר 13 יח 800,גרמים,800.00,100 גרם,false,,19.90,0.0249,true,1,1340445
7290000104904,false,לקט ירקות מעורבים סנפרוסט 800 גרם,תנובה מרכז שיתופי לשיווק תוצרת,IL,ירקות מעורבים 14 יח 800 ג,גרמים,800.00,100 גרם,false,,22.90,0.0286,true,1,1340446
7290000104911,false,לקט נורמנדי מוקפא סנפרוסט (800 גרם),תנובה מרכז שיתופי לשיווק תוצרת,IL,לקט נורמנדי 12 יח 800 ג,גרמים,800.00,100 גרם,false,,22.90,0.0286,true,1,1340447
7290000106175,false,לקט כפרי מוקפא סנפרוסט (2 קג),תנובה קפואים,IL,לקט כפרי 6 יח 2 קג,גרמים,2000.00,100 גרם,false,,39.90,0.0199,true,1,1340448
7290000106526,false,לקט חגיגה ירוקה להקפצה 800 גרם סנפרוסט,תנובה ענף ב.ע.ד,,חגיגה ירוקה להקפצה ס,גרמים,800.00,100 גרם,false,,19.90,0.0249,true,1,2274747
7290000107189,false,תחתיות ארטישוק סנפרוסט (400 גרם),תנובה מרכז שיתופי לשיווק תוצרת,IL,תחתיות ארטישוק 12 יח 400,גרמים,400.00,100 גרם,false,,22.90,0.0572,true,1,1340449
7290000107295,false,תפרחות ברוקולי סנפרוסט 800 גרם,תנובה מרכז שיתופי לשיווק תוצרת,IL,תפרחות ברוקולי 12 יח 800,גרמים,800.00,100 גרם,false,,24.90,0.0311,true,1,1340450
7290000107615,false,ירקות ואננס להקפצה מנה אסייתית צבעונית ועשירה,"איי, בי, אינבוו",,מנה אסיאתית צבעונית,גרמים,800.00,100 גרם,false,,19.90,0.0249,true,1,2274749
7290000107622,false,ירקות ופסטה א-לה איטליה סנפרוסט 800 גרם,"איי, בי, אינבוו",,פסטה וירקות א-לה איט,גרמים,800.00,100 גרם,false,,19.90,0.0249,true,1,2274750
7290000110844,false,כיפלי בטעם גריל בד`צ 70 גרם .,יוניליוור ישראל שיווק בע`מ,IL,כיפלי גריל בדצ 70גר,גרמים,70.00,100 גרם,false,,5.90,0.0843,true,1,1340848
7290000111063,false,מיונז אמיתי תלמה (250 גרם),יוניליוור ישראל שיווק בע`מ,IL,תלמה מיונז רגיל אמיתי 250,גרמים,250.00,100 גרם,false,,6.50,0.0260,true,1,1340850
7290000111186,false,"מיונז אמיתי תלמה 500 גרם בד""צ","יוניליוור ישראל שיווק בע""מ",IL,תלמה רגיל מיונז אמיתי 500,גרמים,500.00,100 גרם,false,,10.90,0.0218,true,1,1340853
7290000111360,false,חרדל אמיתי חריף 250 גרם בצנצנת כשלפ,יוניליוור ישראל שיווק בע`מ,IL,תלמה חרדל 250 גרם,גרמים,250.00,100 גרם,false,,6.50,0.0260,true,1,1340856
7290000111384,false,חרדל אמיתי בצנצנת 550 ג' תלמה,יוניליוור ישראל שיווק בע`מ,IL,תלמה חרדל 550 גרם,גרמים,550.00,100 גרם,false,,8.90,0.0162,true,1,1340857
7290000112220,false,טחינה גולמית שומשום טהור בארכה 500 גרם,קבוצת אוסם סחר שותפות מוגבלת,IL,טחינה בארכה 100% שומשום ט,גרמים,500.00,100 גרם,false,,13.90,0.0278,true,1,1339233
7290000112237,false,"טחינה גולמית שומשום טהור בארכה 1 ק""ג","רושדי תעשיות מזון בע""\מ",IL,טחינה בארכה 100% שומשום ט,גרמים,1000.00,100 גרם,false,,24.90,0.0249,true,1,1339234
7290000112497,false,מרק עשיר עוף אטריות קנור 75 גרם - שקיות,יוניליוור ישראל שיווק בע`מ,IL,מרקים רגיל אחר קנור עוף ע,גרמים,68.00,100 גרם,false,,9.90,0.1456,true,1,1340859
7290000112503,false,מרק עשיר ירקות קנור 69 גרם - שקיות,יוניליוור ישראל שיווק בע`מ,IL,מרקים רגיל אחר קנור עשיר,גרמים,61.00,100 גרם,false,,9.90,0.1623,true,1,1340860
7290000112619,false,אבקת מרק עוף אמיתי קנור 400 ג' כשלפ,יוניליוור ישראל שיווק בע`מ,IL,קנור מרקי תיבול טעם עוף 4,גרמים,400.00,100 גרם,false,,19.90,0.0497,true,1,1340862
7290000116204,false,"אבקת מרק דגש בטעם עוף 1ק""ג קנור","יוניליוור ישראל שיווק בע""מ",IL,קנור בויון דגש 1 קג,קילוגרמים,1.00,"ק""ג",false,,14.90,14.9000,true,1,1340881
7290000116884,false,"רוטב ברביקיו קנור 300 גרם בד""צ",יוניליוור ישראל שיווק בע`מ,IL,רוטב ברביקיו 350 גר,מיליליטרים,300.00,"100 מ""ל",false,,12.90,0.0430,true,1,1340882
7290000116921,false,"קנור רוטב צילי מתוק 300 מ""ל כשלפ",יוניליוור ישראל שיווק בע`מ,IL,רוטב צ'ילי מתוק 380 גר,מיליליטרים,300.00,"100 מ""ל",false,,12.90,0.0430,true,1,1340883
7290000117171,false,מרק טעם עוף דל קלוריות 48 גרם-קופסא,יוניליוור ישראל שיווק בע`מ,IL,מרקי אינסטנט אחרים קנור ב,גרמים,48.00,100 גרם,false,,6.50,0.1354,true,1,1340887
7290000117720,false,נמס בכוס פטריות קנור 21.5 גרם מארז זוגי,יוניליוור ישראל שיווק בע`מ,IL,מרקי אינסטנט אחרים קנור פ,גרמים,43.00,100 גרם,false,,6.50,0.1512,true,1,1340891
7290000118277,false,כופתאות מצה להכנת מהירה 65 ג' קנור,"יוניליוור ישראל שיווק בע""מ",IL,קניידלך 130 גר,גרמים,130.00,100 גרם,false,,9.90,0.0762,true,1,1340894
7290000121017,false,שומרון גבינה מותכת 7% 120 גרם,נטו מלינדה סחר בע`מ,IL,גבינת שומרון,גרמים,120.00,100 גרם,false,,9.90,0.0825,true,1,1329435
7290000121031,false,החתול המחייך גבינה מותכת 14% מון בלאן 120 גרם,נטו מילנדה סחר בעמ*,IL,גבינת חתול 120 גרם,גרמים,120.00,100 גרם,false,,9.90,0.0825,true,1,1329436
7290000121079,false,גבינה מותכת למריחה עם שום שמיר 9% מון בלאן 120 גרם,נטו מלינדה סחר בע`מ,IL,גבינת מון בלאן שמיר 120 ג,גרמים,120.00,100 גרם,false,,9.90,0.0825,true,1,1329438
7290000121093,false,גבינה מותכת לייט בטעם שוויצרי 7% מון בלאן 120 גר',נטו מלינדה סחר בע`מ,IL,גבינה מון בלאן שיווצרית,גרמים,120.00,100 גרם,false,,9.90,0.0825,true,1,1329439
7290000121109,false,גבינה מותכת לייט עם זיתים 7% מון בלאן 120 גרם,נטו מילנדה סחר בעמ*,IL,גבינת מון בלאן זיתים 120,גרמים,120.00,100 גרם,false,,9.90,0.0825,true,1,1329440
7290000121147,false,גבינה מותכת לייט בטעם פיקנטי 7% מון בלאן 120 גרם,נטו מלינדה סחר בע`מ,IL,גבינת מון בלאן פיקנטי 120,גרמים,120.00,100 גרם,false,,9.90,0.0825,true,1,1329441
7290000121154,false,גבינה מותכת לייט עם סלמון 7% מון בלאן 120 גרם,נטו מלינדה סחר בע`מ,IL,גבינה מון-בלאן סלומון 120,גרמים,120.00,100 גרם,false,,9.90,0.0825,true,1,1329442
7290000122830,false,"רוטב מקסיקני סצ'ואן קנור 300 מ""ל",יוניליוור ישראל שיווק בע`מ,IL,רוטב סצ'ואן 370 גר,גרמים,300.00,100 גרם,false,,12.90,0.0430,true,1,1340913
7290000123363,false,"צימקאו לציפוי ואפיה אפיכל 500 גרם בד""צ","יוניליוור ישראל שיווק בע""מ",IL,אפיכול מרכיבי אפיה צמקאו,גרמים,500.00,100 גרם,false,,15.90,0.0318,true,1,1340918
7290000125251,false,שמפו לכביסה עדינה בדין 2 ליטר,"יוניליוור ישראלשיווק בע""מ",IL,בדין שמפו לכביסה עדינה רג,ליטרים,2.00,ליטר,false,,24.90,12.4500,true,1,2430243
7290000129457,false,אבקת רוטב פטריות קנור 28 ג' שקית,יוניליוור ישראל שיווק בע`מ,IL,קנור קוק-IN-רטבים אבקת פט,גרמים,28.00,100 גרם,false,,4.90,0.1750,true,1,1340931
7290000129785,false,מרכך כביסה ירוק בדין (4 ליטר),יוניליוור ישראל שיווק בע`מ,IL,Badin Std Liquid Green 4L,ליטרים,4.00,ליטר,false,,19.90,4.9750,true,1,2430244
7290000131009,false,דפי בצק פילו דקיקים שחף 500 גרם,מאפיית אריאל,,בצק פילו 500 גרם-שחף,גרמים,500.00,100 גרם,false,,14.90,0.0298,true,1,1340691
7290000131023,false,"בצק עלים מרודד שחף 1 ק""ג",מאפיית אריאל,,"בצק עלים שחף 1 ק""ג.",קילוגרמים,1.00,"ק""ג",false,,12.90,12.9000,true,1,1340692
7290000131122,false,"בצק עלים צרפתי שחף 1.5 ק""ג",מאפיית אריאל בעמ,,"בצק עלים שחף 1.5 ק""ג",קילוגרמים,1.50,"ק""ג",false,,16.90,11.2667,true,1,1340693
7290000133904,false,"מטהר אוויר דואופרש פסיפלורה תפוז סנו 300 מ""ל",החברה הדרומית לשיווק בעמ,IL,דואו פרש פסיפלור.תפוז300,מיליליטרים,300.00,"100 מ""ל",false,,10.90,0.0363,true,1,1319500
7290000134147,false,טעם וריח מוסקט טחון מיכל 40גר,"תבליני טעם וריח בע""מ",IL,מיכל קטן מוסקט טחון 40גר',גרמים,40.00,100 גרם,false,,14.90,0.3725,true,1,1350657
7290000134307,false,קינמון טחון 50 גרם טעם וריח,"תבליני טעם וריח בע""מ",IL,שק.50 גר.קינמון טחון,גרמים,50.00,100 גרם,false,,4.90,0.0980,true,1,1350658
7290000134314,false,פיצה תערובת תיבול 120 גרם מיכל גדול,"תבליני טעם וריח בע""מ",IL,מיכל ת.לפיצה 120 גר',גרמים,120.00,100 גרם,false,,7.90,0.0658,true,1,1350659
7290000134338,false,אבקת שום בקופ' 90 גר' טעם וריח,"תבליני טעם וריח בע""מ",IL,מיכל שום אבקה 90 גר',גרמים,90.00,100 גרם,false,,7.90,0.0878,true,1,1350660
7290000134352,false,קינמון טחון בקופ' 90 גר' טעם וריח,"תבליני טעם וריח בע""מ",IL,מיכל קינמון ט. 90 גר',גרמים,90.00,100 גרם,false,,7.90,0.0878,true,1,1350661
7290000134376,false,פפריקה בשמן בקופ' 90 גר' טעם וריח,"תבליני טעם וריח בע""מ",IL,מיכל פפריקה בשמן 90 גר,גרמים,90.00,100 גרם,false,,7.90,0.0878,true,1,1350662
7290000134550,false,עלי דפנה 20 גר' טעם וריח,"תבליני טעם וריח בע""מ",IL,שק.עלי דפנה 12 יח',גרמים,20.00,100 גרם,false,,2.90,0.1450,true,1,1350667
7290000134666,false,רוזמרין 15 גר מיכל ק,תבליני טעם וריח בעמ,IL,מיכל קטן רוזמרין 15גר',גרמים,15.00,100 גרם,false,,4.90,0.3267,true,1,1350668
7290000134673,false,זנגויל טחון מיכל 30 גרם,"תבליני טעם וריח בע""מ",IL,מיכל קטן זנגויל 30גר',גרמים,30.00,100 גרם,false,,4.90,0.1633,true,1,1350669
7290000134758,false,"תיבול לתפו""א בקופ' 100 גר' טעם וריח","תבליני טעם וריח בע""מ",IL,"מיכל ת.תפו""א 100 גר'",גרמים,100.00,100 גרם,false,,7.90,0.0790,true,1,1350672
7290000134826,false,זעתר מעורב בקופ' 100 גר' טעם וריח,"תבליני טעם וריח בע""מ",IL,מיכל זעתר 100 גרם,גרמים,100.00,100 גרם,false,,7.90,0.0790,true,1,1350675
7290000134833,false,כמון טחון בקופ' 100 גר' טעם וריח,"תבליני טעם וריח בע""מ",IL,מיכל כמון 100 גרם,גרמים,100.00,100 גרם,false,,7.90,0.0790,true,1,1350676
7290000134840,false,כורכום טחון בקופ' 100 גר' טעם וריח,"תבליני טעם וריח בע""מ",IL,מיכל כורכום 100 גרם,גרמים,100.00,100 גרם,false,,7.90,0.0790,true,1,1350677
7290000134857,false,פפריקה מתוקה בקופ' 100 גר' טעם וריח,"תבליני טעם וריח בע""מ",IL,מיכל פ.מתוקה 100 גר',גרמים,100.00,100 גרם,false,,7.90,0.0790,true,1,1350678
7290000134864,false,פפריקה חריפה בקופ' 100 גר' טעם וריח,"תבליני טעם וריח בע""\מ",IL,מיכל פ.חריפה 100 גר',גרמים,100.00,100 גרם,false,,7.90,0.0790,true,1,1350679
7290000134871,false,פלפל שחור טחון בקופ' 100 גר' טעם וריח,"תבליני טעם וריח בע""מ",IL,מיכל פ.שחור טחון 100 גר',גרמים,100.00,100 גרם,false,,12.90,0.1290,true,1,1350680
7290000134970,false,חוואיג' בקופ' 100 גר' טעם וריח,"תבליני טעם וריח בע""מ",IL,מיכל חוואיג' 100 גרם,גרמים,100.00,100 גרם,false,,7.90,0.0790,true,1,1350683
7290000134987,false,פלפל שחור גרוס בקופ' 90 גר' טעם וריח,"תבליני טעם וריח בע""מ",IL,מיכל פל.שחור גרוס 90גר,גרמים,90.00,100 גרם,false,,12.90,0.1433,true,1,1350684
7290000134994,false,טימין 20 גר מיכל קטן,"תבליני טעם וריח בע""מ",IL,מיכל קטן טימין 20גר',גרמים,20.00,100 גרם,false,,4.90,0.2450,true,1,1350685
7290000135045,false,"XL TEN משקה אנרגיה פתוח ללא סוכר 250 מ""ל","טמפו משקאות בע""\מ",,משקה XL TENבפחית 250,מיליליטרים,250.00,"100 מ""ל",false,,4.30,0.0172,true,1,2188276
7290000135052,false,"XL TEN משקה אנרגיה מנגו ללא סוכר 250 מ""ל","טמפו משקאות בע""\מ",,משקה XL TEN בפחית 25,מיליליטרים,250.00,"100 מ""ל",false,,4.30,0.0172,true,1,2188277
7290000135113,false,משקה אנרגיה אקסל נענע ליים ללס (250 מל,"טמפו משקאות בע""\מ",,"משקה XL בפחית 250 מ""",מיליליטרים,250.00,"100 מ""ל",false,,4.30,0.0172,true,1,2284003
7290000135168,false,"פפסי מקס ליים פחית צרה מארז שישייה 330 מ""ל","טמפו משקאות בע""מ",,מארז שישיית מקס ליים,ליטרים,1.98,ליטר,false,,19.90,10.0505,true,1,2311776
7290000135175,false,פפסי מקס ליים -משקה קולה מוגז גל קלוריות,טמפו משקאות בעמ,,פפסי קולה ליים 330 מ,מיליליטרים,330.00,"100 מ""ל",false,,3.50,0.0106,true,1,2302535
7290000135182,false,"מארז 7 אפ פרי דל קלוריות בטעם לימון ליים פחית צרה 330 מ""ל*6 יח'","טמפו משקאות בע""מ",,מארז פחיות סבן אפ פר,ליטרים,1.98,ליטר,false,,18.90,9.5455,true,1,2323291
7290000135311,false,פפסי קולה ליים 1.5 ללא סוכר,"טמפו משקאות בע""\מ",,פפסי מקס ליים 1.5 לי,ליטרים,1.50,ליטר,false,,7.60,5.0667,true,1,2308059
7290000135465,false,"מי סודה 500 מ""ל - מארז 12 בקבוקים","טמפו משקאות בע""\מ",,"סודה 500 מ""ל מארז תר",ליטרים,6.00,ליטר,false,,25.90,4.3167,true,1,2351427
7290000135632,false,"רביעיית פחיות בירה גולדסטאר לא מסונן 500 מ""ל","טמפו משקאות בע""\מ",,רביעיית פחית גולדסטא,מיליליטרים,500.00,"100 מ""ל",false,,34.90,0.0698,true,1,2363258
7290000135663,false,"פפסי מקס דובדבן פחית צרה מארז שישייה 330 מ""ל",טמפו משקאות בע''מ,,מארז שישיית פפסי דוב,ליטרים,1.98,ליטר,false,,18.90,9.5455,true,1,2405330
7290000135670,false,"פפסי מקס דובדבן פחית צרה 330 מ""ל",,,פחית פפסי מקס דובדבן,מיליליטרים,330.00,"100 מ""ל",false,,3.50,0.0106,true,1,2414513
7290000136141,false,פפסי קולה 1.5 ליטר פיקדון,"טמפו משקאות בע""\מ",,פפסי קולה 1.5 ליטר,ליטרים,1.50,ליטר,false,,8.20,5.4667,true,1,2381897
7290000136158,false,פפסי מקס משקה מוגז דל קלוריות בטעם קולה,"טמפו משקאות בע""\מ",,פפסי מקס 1.5 ליטר,ליטרים,1.50,ליטר,false,,7.60,5.0667,true,1,2381903
7290000136165,false,מירינדה אורנג` 1.5 ליטר פיקדון,"טמפו משקאות בע""\מ",,מירנדה 1.5 ליטר,ליטרים,1.50,ליטר,false,,8.20,5.4667,true,1,2381886
7290000136172,false,משקה 7UP בקבוק 1.5 ליטר פיקדון,"טמפו משקאות בע""\מ",,סבן אפ 1.5 ליטר,ליטרים,1.50,ליטר,false,,8.20,5.4667,true,1,2381892
7290000136189,false,משקה דיאט 7UP בקבוק 1.5 ליטר פיקדון,"טמפו משקאות בע""\ם.",,סבן אפ דיאט 1.5 ליטר,ליטרים,1.50,ליטר,false,,7.60,5.0667,true,1,2381878
7290000136240,false,סודה 1.5 ליטר שישייה בודד,"טמפו משקאות בע""\מ",,סודה 1.5 ליטר,ליטרים,1.50,ליטר,false,,3.20,2.1333,true,1,2381853
7290000136264,false,מי טוניק גזוז 1.5 ל' טמפו,"טמפו משקאות בע""\מ",,משקה מי טוניק 1.5 לי,ליטרים,1.50,ליטר,false,,8.90,5.9333,true,1,2381744
7290000136271,false,סודה בטעמים - לימון ליים 1.5 ליטר - בודד,טמפו משקאות בעמ,,סודה לימון לים 1.5 ל,ליטרים,1.50,ליטר,false,,4.20,2.8000,true,1,2381863
7290000136288,false,"סירופ בטעם תפוחים ג'ויסר סיידר הגליל 330 מ""ל","טמפו משקאות בע""\מ",,סירופ בטעם תפוחים סי,מיליליטרים,330.00,"100 מ""ל",false,,15.90,0.0482,true,1,2405335
7290000136301,false,"סירופ בטעם ענבים ג'ויסר סיידר הגליל 330 מ""ל","טמפו משקאות בע""\מ",,סירופ בטעם ענבים סיי,מיליליטרים,330.00,"100 מ""ל",false,,15.90,0.0482,true,1,2405337
7290000136325,false,סודה בטעמים - אפרסק 1.5 ליטר - בודד,טמפו,,סודה בטעמים 1.5 ליטר,ליטרים,1.50,ליטר,false,,4.20,2.8000,true,1,2381879
7290000136387,false,סודה בטעמים - אננס 1.5 ליטר - בודד,טמפו,,סודה בטעמים 1.5 ליטר,ליטרים,1.50,ליטר,false,,4.20,2.8000,true,1,2381864
7290000136394,false,סודה בטעמים - פירות יער 1.5 ליטר - בודד,טמפו משקאות בעמ,,סודה בטעמים 1.5 ליטר,ליטרים,1.50,ליטר,false,,4.20,2.8000,true,1,2381870
7290000136455,false,משקה בטעם אשכוליות תריסר 1.5 ל' ג'אמפ,"טמפו משקאות בע""\ם.",,ג'אמפ אשכולית 1.5 לי,ליטרים,1.50,ליטר,false,,7.50,5.0000,true,1,2381752
7290000136486,false,ג'אמפ משקה קל דיאט אשכוליות 1.5 ליטר,"טמפו משקאות בע""\ם.",,ג'אמפ אשכוליות דיאט,ליטרים,1.50,ליטר,false,,7.50,5.0000,true,1,2381824
7290000136516,false,משקה בטעם מנגו פסיפלורה תריסר 1.5 ל' ג'אמפ,טמפו משקאות בע`מ,,ג'אמפ מנגו 1.5 ליטר,ליטרים,1.50,ליטר,false,,7.50,5.0000,true,1,2381753
7290000136523,false,ג`אמפ משקה קל ענבים 1.5 ליטר פיקדון,"טמפו משקאות בע""\ם.",,ג'אמפ ענבים 1.5 ליטר,ליטרים,1.50,ליטר,false,,7.50,5.0000,true,1,2381825
7290000136561,false,משקה בטעם תות בננה תריסר 1.5 ל' ג'אמפ,"טמפו משקאות בע""\מ",,ג'אמפ תות בננה 1.5 ל,ליטרים,1.50,ליטר,false,,7.50,5.0000,true,1,2381826
7290000136585,false,משקה בטעם תפוזים תריסר 1.5 ל' ג'אמפ,"טמפו משקאות בע""\ם.",,ג'אמפ תפוז 1.5 ליטר,ליטרים,1.50,ליטר,false,,7.50,5.0000,true,1,2381754
7290000136608,false,משקה בטעם תפוח צלול תריסר 1.5 ל' ג'אמפ,"טמפו משקאות בע""\ם.",,ג'אמפ תפוח 1.5 ליטר,ליטרים,1.50,ליטר,false,,7.50,5.0000,true,1,2381827
7290000136646,false,בירה שחורה נשר מאלט בקבוק 1.5 ליטר,"טמפו משקאות בע""\מ",,בירה נשר מאלט 1.5 לי,ליטרים,1.50,ליטר,false,,8.90,5.9333,true,1,2381745
7290000136653,false,בירה שחורה נשר מאלט דיאט בקבוק 1.5ל`,"טמפו משקאות בע""\מ",,בירה דיאט מאלט 1.5 ל,ליטרים,1.50,ליטר,false,,8.90,5.9333,true,1,2381746
7290000136660,false,סודה טמפו ליטר וחצי,טמפו,,סודה רגיל 1.5 ליטר,ליטרים,1.50,ליטר,false,,3.20,2.1333,true,1,2384241
7290000136691,false,סבן אפ 1.5 ליטר שישיה טמפו,טמפו משקאות בע`מ,,7 UP שישייה 1.5 ליטר,ליטרים,9.00,ליטר,false,,42.90,4.7667,true,1,2381898
7290000136752,false,סבן אפ דיאט מארז שישייה 1.5 ל' FREE,"טמפו משקאות בע""\מ",,7 UP דיאט שישייה 1.5,ליטרים,9.00,ליטר,false,,39.90,4.4333,true,1,2381880
7290000136769,false,מארז שישיה בטעם קולה 1.5 ל' פפסי,"טמפו משקאות בע""\מ",,פפסי קולה שישייה 1.5,ליטרים,9.00,ליטר,false,,41.90,4.6556,true,1,2381904
7290000136776,false,שישיית פפסי מקס דל קלוריות 1.5 ליטר,טמפו משקאות בע`מ,,פפסי מקס שישייה 1.5,ליטרים,9.00,ליטר,false,,37.90,4.2111,true,1,2381909
7290000136783,false,מירנדה 1.5 ליטר שישייה טמפו,"טמפו משקאות בע""\מ",,מירנדה שישייה 1.5 לי,ליטרים,9.00,ליטר,false,,42.90,4.7667,true,1,2381887
7290000136790,false,טמפו מי סודה 6*1.5 ליטר פיקדון,"טמפו משקאות בע""\מ",,שישיית סודה טמפו 1.5,ליטרים,9.00,ליטר,false,,16.70,1.8556,true,1,2381858
7290000136806,false,סודה בטעם לימון ליים 1.5 רביעייה רביעייה,טמפו משקאות בע`מ,,מארז סודה רביעייה 1.,ליטרים,6.00,ליטר,false,,12.80,2.1333,true,1,2381865
7290000136813,false,סודה בטעם אננס מארז רביעייה 1.5 ל' טמפו,טמפו משקאות בע''מn\,,סודה אננס 1.5 ליטר ר,ליטרים,6.00,ליטר,false,,12.80,2.1333,true,1,2381871
7290000136820,false,סודה בטעם פירות יער מארז ריבעיה * 1.5 ל' טמפו,טמפו משקאות בע''מn\,,סודה פירות יער 1.5 ל,ליטרים,6.00,ליטר,false,,12.80,2.1333,true,1,2381872
7290000136837,false,רביעיית מי סודה נגיעות אפרסק טמפו 1.5 ליטר,טמפו משקאות בע''מn\,,מארז סודה רביעייה 1.,ליטרים,6.00,ליטר,false,,12.80,2.1333,true,1,2381881
7290000136844,false,מארז מים מזוככים אקווה נובה שישיית 2 ליטר,"טמפו משקאות בע""\מ",,שישייה מים אקווה נוב,ליטרים,12.00,ליטר,false,,11.70,0.9750,true,1,2383364
7290000136868,false,סאן בנדטו - מים מינרלים - מארז שישיית 1.5 ליטר,אקווה מינרלה סאן בנדטו ב,,סאן-בנדטו שישייה 1.5,ליטרים,9.00,ליטר,false,,17.90,1.9889,true,1,2383850
7290000136875,false,שישיית מים מינרליים מוגזים סן בנדטו 1.5 ליטר,סאן בנדטו San Benedetto,,מים סאן בנדטו מוגז ש,ליטרים,9.00,ליטר,false,,18.90,2.1000,true,1,2381832
7290000137513,false,גלידונית גלידה וניל בציפוי שוקולד 60 יח' קרמיסימו,"גלידת שטראוס בע""\מ, רחוב",IL,גלידונית-1/60 פסח,גרמים,630.00,100 גרם,false,,44.90,0.0713,true,1,1337012
7290000143262,false,"שמפו לילדים הוואי 700 מ""ל",שוורצקוף& הנקל דיסלד,IL,"הוואי שמפו לילדים 700 מ""ל",מיליליטרים,700.00,"100 מ""ל",false,,10.90,0.0156,true,1,1322796
7290000143293,false,"הוואי - מרכך ילדים מתיר קשרים 700 מ""ל",טרופיקל דגיל,IL,"הוואי מרכך לילדים 700 מ""ל",מיליליטרים,700.00,"100 מ""ל",false,,10.90,0.0156,true,1,1322799
7290000144160,false,"שמן זית כתית מעולה ארומתי עץ הזית 750 מ""ל","מרקאולאו, ספרד.אבסה,",IL,שמן זית כתית מעולה מודגש,מיליליטרים,750.00,"100 מ""ל",false,,32.90,0.0439,true,1,1337247
7290000144467,false,שמן חמניות מועשר בנוגדי חמצון 1 ל' עץ הזית,"נארז ע""י : א.ג. גילר",IL,שמן חמניות בריאות מהטבע 1,ליטרים,1.00,ליטר,false,,15.90,15.9000,true,1,1337250
7290000144474,false,שמן עץ הזית קנולה 1 ליטר בריאות מהטבע,סוגת תעשיות בעמ,IL,שמן קנולה בריאות מהטבע 1,ליטרים,1.00,ליטר,false,,14.90,14.9000,true,1,1337251
7290000146645,false,הוואי - סבון מוצק שחור מסתורי 100 גרם רביעייה,טרופיקל דגיל קוסמטיק,IL,הוואי סבון מוצק שחור 100,גרמים,400.00,100 גרם,false,,10.90,0.0273,true,1,1322807
7290000146652,false,הוואי - סבון מוצק ורוד רומנטי 100 גרם רביעייה,טרופיקל דגיל קוסמטיק,IL,הוואי סבון מוצק ורוד 100,גרמים,400.00,100 גרם,false,,10.90,0.0273,true,1,1322808
7290000146669,false,הוואי - סבון מוצק שמיים כחולים 100 גרם רביעייה,טרופיקל דגיל קוסמטיק,IL,הוואי סבון מוצק כחול 100,גרמים,400.00,100 גרם,false,,10.90,0.0273,true,1,1322809
7290000146676,false,הוואי - סבון מוצק לגבר 100 גרם רביעייה,טרופיקל דגיל קוסמטיק,IL,הוואי סבון מוצק לגבר 100,גרמים,400.00,100 גרם,false,,10.90,0.0273,true,1,1322810
7290000146683,false,הוואי - סבון מוצק אפקט דאודורנט 100 גרם רביעייה,טרופיקל דגיל קוסמטיק,IL,הוואי סבון מוצק דאודורנט,גרמים,400.00,100 גרם,false,,10.90,0.0273,true,1,1322811
7290000146928,false,"משחת שיניים לילדים בטעם ענבים טום וג'רי 50 מ""ל",טרופיקל דגיל קוסמטיק,IL,טום&ג'רי משחת שיניים ענבי,מיליליטרים,50.00,"100 מ""ל",false,,7.90,0.1580,true,1,1322815
7290000146980,false,"פלוריאד משחת שיניים 100מ""ל",עיסא ערטול בעמ-סוכן הנקל סוד,,משחת שיניים פלואוריד,מיליליטרים,100.00,"100 מ""ל",false,,3.90,0.0390,true,1,1322816
7290000146997,false,משחת שיניים לילדים מסטיק טום וג'רי 50 מל,טרופיקל דגיל קוסמטיק,IL,טום&ג'רי משחת שיניים מסטי,גרמים,50.00,100 גרם,false,,7.90,0.1580,true,1,1322817
7290000148489,false,"קליית גת גרעיני דלעת קלויים,200 גרם",ליימן שליסל בעמ,,גרעיני דלעת,גרמים,200.00,100 גרם,false,,9.90,0.0495,true,1,1326281
7290000148618,false,קשיו מטוגן שקית קליית גת 200 גרם,ליימן שליסל בעמ,,קשיו בשקית,גרמים,200.00,100 גרם,false,,15.90,0.0795,true,1,1326282
7290000148748,false,קליית גת גרעיני חמניה קלויים ומומלחים200,ליימן שליסל בעמ,,גרעיני חמניה,גרמים,200.00,100 גרם,false,,5.90,0.0295,true,1,1326283
7290000148939,false,שקדים קלויים קליית גת (200 גרם),ליימן שליסל בעמ,,שקד קלוי בשקית,גרמים,200.00,100 גרם,false,,19.90,0.0995,true,1,1326284
7290000149615,false,רביעיית סבון מוצק קלאסי לתינוק נקה 7 4*100 גרם,החברה הדרומית לשיווק בעמ,IL,רבעיית סבון מוצק נקה 7 לת,גרמים,400.00,100 גרם,false,,9.90,0.0248,true,1,1344343
7290000149806,false,סופר 7-סבון נוזל כלים 1.0 ל',החברה הדרומית לשיווק בעמ,,נקה 7 סופר נוזל לכלי,ליטרים,1.00,ליטר,false,,11.90,11.9000,true,1,1319501
7290000149844,false,סבון רב שימושי סינטבון (230 גרם),החברה הדרומית לשיווק בעמ,,נקה 7 סינטבון חתול,גרמים,230.00,100 גרם,false,,6.90,0.0300,true,1,1319503
7290000149905,false,טקסטיל שמפו נוזלי לאריגים עדינים1ליט,החברה הדרומית לשיווק בעמ,IL,טקסטיל נוזל לכביסה 1ליטר,ליטרים,1.00,ליטר,false,,12.90,12.9000,true,1,1319506
7290000149943,false,טקסטיל שמפו לכביסה ביד שקית 1 ליטר,החברה הדרומית לשיווק בעמ,IL,טקסטיל שמפו בשקית 1 קג,קילוגרמים,1.00,"ק""ג",false,,12.90,12.9000,true,1,1319507
7290000150277,false,פסטרמה חזה הודו ברבי,עיצובים 2020 (4.9),,פסטרמה חזה הודו ברבי,קילוגרמים,1.00,"ק""ג",true,,69.00,69.0000,true,1,1466730
7290000150352,false,פסטרמה איטלקית במשקל,עיצובים 2020 (4.9),,פסטרמה איטלקית,קילוגרמים,1.00,"ק""ג",true,,69.00,69.0000,true,1,1461466
7290000150369,false,פסטרמה מקסיקנית צ'לי-משק,עיצובים 2020 (4.9),,פסטרמה מקסיקנית,קילוגרמים,1.00,"ק""ג",true,,69.00,69.0000,true,1,1461467
7290000150642,false,כתף בקר מעושן עוף טו,עיצובים 2020 (4.9),,כתף בקר מעושן עוף טו,קילוגרמים,1.00,"ק""ג",true,,89.00,89.0000,true,1,1752617
7290000150956,false,עוף טוב מקלוני קבנוס 160 גרם,קבוצת אסם סחר שות. מוגבלת,,מקלוני קבנוס עוף טוב,גרמים,160.00,100 גרם,false,,10.90,0.0681,true,1,1535285
7290000151052,false,פסטרמה בדבש עוף-טוב,עיצובים 2020 (4.9),,פסטרמה בדבש טהור,קילוגרמים,1.00,"ק""ג",true,,69.00,69.0000,true,1,1466732
7290000151106,false,עוף טוב פסטרמה אמריקאית,קבוצת אוסם סחר-שות.מוגבלת,,פסטרמה אמריקאית,קילוגרמים,1.00,"ק""ג",true,,69.00,69.0000,true,1,1461470
7290000152288,false,עוף טוב נקניקיות עוף מיס לוסי 400 גרם,קבוצת אוסם סחר-שות.מוגבלת,,נקניקיות עוף טוב 400,גרמים,400.00,100 גרם,false,,11.90,0.0298,true,1,1486178
7290000152943,false,מארז פסטרמה כפרית וסלמי כפרי עוף טוב 2*350 גרם,מוצרי עוף טוב (2001) בע\,,מארז סלמי/פסטרמה 700,גרמים,700.00,100 גרם,false,,25.90,0.0370,true,1,1535286
7290000155524,false,פסטרמה פולנית עוף טו,עיצובים 2020 (4.9),,פסטרמה פולנית,קילוגרמים,1.00,"ק""ג",true,,69.00,69.0000,true,1,1461471
7290000158105,false,שניצל עוף מיני דינוזאור ללא אנטיביוטיקה מ100% ר.טבעי,קבוצת אסם סחר שות. מוגבלת,IL,עוף טוב שניצל עוף מיני די,גרמים,700.00,100 גרם,false,,35.90,0.0513,true,1,1305390
7290000168173,false,"ברנפלקס קרנצ'ים תלמה בד""ץ 375 גרם",יוניליוור ישראל שיווק בעמ,IL,תלמה דגני מבוגרים קראנצ'י,גרמים,375.00,100 גרם,false,,22.90,0.0611,true,1,1341083
7290000169538,false,"נמס בכוס עגבניות וקרוטונים מרק כשרות בד""ץ 62 ג' קנור",יוניליוור ישראל שיווק בע`מ,IL,קנור נמס בכוס ועוד עגבניו,גרמים,64.00,100 גרם,false,,6.50,0.1016,true,1,1341118
7290000169798,false,"עוגי מופחת סוכר 20% פצפוצי שוקו' 500ג' בד""צ",יוניליוור ישראל שיווק בע`מ,IL,עוגי 500גר,גרמים,500.00,100 גרם,false,,21.90,0.0438,true,1,1341123
7290000174723,false,שוקולית אבקה להכנת משקה שוקו 500 גרם,הנסיך- מפעל לייצור ט,IL,שוקולית קופסא 500 / 12 ק,גרמים,500.00,100 גרם,false,,11.90,0.0238,true,1,1342468
7290000176062,false,קפה טורקי בשקית 100 ג' עלית,שטראוס קפה בי.ויn\.,RO,טורקי עלית ר 100 גרם,גרמים,100.00,100 גרם,false,,8.90,0.0890,true,1,1342470
7290000176079,false,קפה טורקי עם הל עלית (100 גרם),הנסיך- מפעל לייצור ט,IL,עלית טורקי עם הל 00/1שק'/,גרמים,100.00,100 גרם,false,,9.60,0.0960,true,1,1342471
7290000176147,false,קפה לפילטר קלוי וטחון מוקה מספר 1 עלית 500 גרם,שטראוס גרופ בע`מ,PL,כשלפ מוקה,גרמים,500.00,100 גרם,false,,48.90,0.0978,true,1,1342474
7290000176413,false,קפה נמס עלית פחית 50 גרם,הנסיך- מפעל לייצור ט,IL,עלית נמס אבקתי 50 ג/1פח'/,גרמים,50.00,100 גרם,false,,8.90,0.1780,true,1,1342476
7290000176420,false,קפה נמס פחית עלית 200 גרם,פיקסל אם.גי.אם בעמ,IL,כשלפ פחיות אבקתי,גרמים,200.00,100 גרם,false,,19.90,0.0995,true,1,1342477
7290000176468,false,קפה נמס נטול קפאין 50 ג' קפה האג,שטראוס גרופ בע`מ,IL,כשלפ האג נמס אבקתי 50,גרמים,50.00,100 גרם,false,,11.90,0.2380,true,1,1342478
7290000176475,false,קפה נמס נטול קפאין האג עלית (200 גרם),שטראוס גרופ בע`מ,IL,כשלפ האג נ.אבקתי 200ג-,גרמים,200.00,100 גרם,false,,34.90,0.1745,true,1,1342479
7290000178707,false,חטיף צ`יפס בטעם טבעי תפוצ`יפס (50 גרם),"שטראוס פריטו ליי בע""\מ )",IL,תפוצ'יפס*50 בטעם טב/1שק'/,גרמים,50.00,100 גרם,false,,3.90,0.0780,true,1,1343186
7290000178721,false,חטיף צ`יפס בטעם טבעי תפוצ`יפס (200 גרם),"שטראוס פריטו ליי בע""\מ )",IL,תפוציפס*200*גר'/1שק'/200ג,גרמים,200.00,100 גרם,false,,9.90,0.0495,true,1,1343187
7290000190068,false,מפיות אירוח לבן 100 יחי' ניקול,קימברלי קלארק ישראל שיווק בעמ,,מפיות ניקול,יח',100.00,יח',false,,6.90,0.0690,true,1,1323442
7290000190150,false,מפיות מודפסות תלת שכבתיות ניקול 20 יחידות,קימברלי קלארק ישראל שיווק בעמ,SI,ניקול מפיות מודפסו,יח',20.00,יח',false,,6.90,0.3450,true,1,1323443
7290000194172,false,"חטיף אטיאס 250 גרם לל""ס",ממתקי השלום,,מארז מתוקים ללא תוס,גרמים,250.00,100 גרם,false,,14.90,0.0596,true,1,2358483
7290000197876,false,תבניות אלומיניום קטנות עם מכסה ניקול 4 יחידות,קימברלי קלארק ישראל שיווק בעמ,IL,מגשית 26 אר' חיסכו,יח',4.00,יח',false,,9.90,2.4750,true,1,2151685
7290000201856,false,חיתולי פרימיום שלב 4+ טיטולים) (38,קימברלי קלארק ישראל שיווק בעמ,,טיטולים פרימיום שלב,יח',38.00,יח',false,,39.90,1.0500,true,1,1367220
7290000205526,false,פיסגה נוזל ריחני לשטיפת רצפות סנו 2 ליטר,"סנו מפעלי ברונוס בע""",IL,פיסגה שטיפת רצפות 2 ליטר,ליטרים,2.00,ליטר,false,,10.90,5.4500,true,1,1319513
7290000207063,false,רסק עגבניות פריכוז 28% 240 גרם יכין,היינץ צפון אמריקה מק,IL,רסק עגבניות פריכוז 260 ג,גרמים,240.00,100 גרם,false,,4.90,0.0204,true,1,1322716
7290000207162,false,רוטב עגבניות מרכיב טבעי 100 ג' יכין,זנלכול יכין,IL,רסק עגבניות 100 ג יכין,גרמים,100.00,100 גרם,false,,1.90,0.0190,true,1,1322719
7290000207438,false,עגבניות מקולפות חתוכות לקוביות,זנלכול יכין,IL,עגבניות קוביות 800 ג יכין,גרמים,800.00,100 גרם,false,,9.90,0.0124,true,1,2329194
7290000208077,false,אפונת גינה גדולה יכין (550 גרם),זנלכול יכין,IL,אפונת גינה גדולה 550 ג יכ,גרמים,550.00,100 גרם,false,,7.90,0.0144,true,1,1322722
7290000208114,false,"אפונה וגזר יכין A2 פ""ק בית יוסף",זנלכול יכין,IL,אפונה וגזר 550 ג יכין,גרמים,550.00,100 גרם,false,,7.90,0.0144,true,1,1322724
7290000208138,false,סירופ דיאט בטעם ענבים יכין (1 ליטר),זנלכול יכין,IL,סירופ ענבים דיאט1ל' יכין,ליטרים,1.00,ליטר,false,,16.90,16.9000,true,1,1322726
7290000208145,false,גרעיני תירס מתוק לייט 550 גרם יכין,זנלכול יכין,IL,תירס לייט 550 ג יכין,גרמים,550.00,100 גרם,false,,8.90,0.0162,true,1,1322727
7290000208329,false,גרעיני תירס מתוק יכין (550 גרם),זנלכול יכין,IL,תירס מתוק 550 ג יכין,גרמים,550.00,100 גרם,false,,7.90,0.0144,true,1,1322736
7290000208336,false,רסק יכין 240גר 22% יכין בית יוסף,"זנלכל בע""\מ",IL,רסק עגבניות 260 ג יכין,גרמים,240.00,100 גרם,false,,3.90,0.0162,true,1,1322737
7290000208459,false,"לקט אפונה, תפוחי אדמה וגזר יכין 550 גרם",זנלכול יכין,IL,ירקות מעורבים 550 ג יכין,גרמים,550.00,100 גרם,false,,8.90,0.0162,true,1,1322741
7290000208480,false,גרעיני תירס מתוק בטעם חמאה 550 גרם יכין,זנלכול יכין,IL,תירס בטעם חמאה A/2,גרמים,550.00,100 גרם,false,,8.90,0.0162,true,1,1322742
7290000208534,false,תירס קיד גרעיני תירס מתוק יכין (550 גרם),זנלכול יכין,IL,תירס קיד 550 ג יכין,גרמים,550.00,100 גרם,false,,8.90,0.0162,true,1,1322743
7290000208855,false,רוטב לפסטה קלאסי יכין (240 גרם),זנלכול יכין,IL,רוטב פסטה 260 ג יכין,גרמים,240.00,100 גרם,false,,5.50,0.0229,true,1,1322745
7290000208930,false,עגבניות מרוסקות בתוספת שום 240 גרם יכין,זנלכול יכין,IL,עגבניות מרוסקות שום 260 ג,גרמים,240.00,100 גרם,false,,5.50,0.0229,true,1,1322747
7290000208947,false,עגבניות מרוסקות יכין (240 גרם),היינץ צפון אמריקה מק,IL,עגבניות מרוסקות 260 ג יכי,גרמים,240.00,100 גרם,false,,5.50,0.0229,true,1,1322748
7290000209012,false,חומץ 1ליטר יכין הדרים,"זנלכל בע""\מ",IL,חומץ הדרים 1 ליטר,ליטרים,1.00,ליטר,false,,5.90,5.9000,true,1,2274682
7290000209173,false,חומצה אצטית למזון 5% יכין 1 ליטר,זנלכול יכין,IL,חומץ סינטטי 5% יכין 1 ליט,ליטרים,1.00,ליטר,false,,4.50,4.5000,true,1,1322753
7290000209517,false,סירופ דיאט בטעם לימון יכין (1 ליטר),היינץ צפון אמריקה מק,IL,סירופ דיאט לימון 1 ליטר,ליטרים,1.00,ליטר,false,,16.90,16.9000,true,1,1322762
7290000209524,false,סירופ דיאט בטעם פטל יכין (1 ליטר),זנלכול יכין,IL,סירופ דיאט פטל 1 ל' יכין,ליטרים,1.00,ליטר,false,,16.90,16.9000,true,1,1322763
7290000209531,false,סירופ דיאט בטעם אשכוליות יכין 1 ליטר,"זנלכל בע""\מ",IL,'סירופ דיאט אשכוליות 1 ל,ליטרים,1.00,ליטר,false,,16.90,16.9000,true,1,1322764
7290000209555,false,סירופ דיאט בטעם תפוחים יכין 1 ליטר,זנלכול יכין,IL,'סירופ תפוחי עץ דיאט 1 ל,ליטרים,1.00,ליטר,false,,16.90,16.9000,true,1,1322765
7290000209579,false,סירופ דיאט בטעם אננס יכין (1 ליטר),"זנלכל בע""\מ",IL,סירופ דיאט אננס 1 ל'יכין,ליטרים,1.00,ליטר,false,,16.90,16.9000,true,1,1322767
7290000209708,false,עגבניות מרוסקות עם בזיליקום יכין 240 גרם,היינץ צפון אמריקה מק,IL,עגבניות מרוסקות בזיליקום,גרמים,240.00,100 גרם,false,,5.50,0.0229,true,1,1322769
7290000209722,false,רוטב עגבניות 28% יכין (580 גרם)פריכוז,"זנלכל בע""\מ",IL,פריכוז 580 ג יכין,גרמים,580.00,100 גרם,false,,9.90,0.0171,true,1,1322771
7290000209906,false,עגבניות מרוסקות בתוספת בצל 240 גרם יכין,זנלכול יכין,IL,עגבניות מרוסקות עם בצל 26,גרמים,240.00,100 גרם,false,,5.50,0.0229,true,1,1322772
7290000209913,false,עגבניות חתוכות לקוביות 240 גרם יכין,"זנלכל בע""\מ",IL,עגבניות קוביות 260 גרם יכ,גרמים,240.00,100 גרם,false,,5.50,0.0229,true,1,1322773
7290000209944,false,רוטב לעגבניות בסיס לשקשוקה 240 ג' יכין,"זנלכל בע""\מ",IL,בסיס לשקשוקה 260 ג יכין,גרמים,240.00,100 גרם,false,,5.50,0.0229,true,1,1322774
7290000209951,false,רוטב עגבניות לפיצה 260 גרם יכין,"זנלכל בע""\מ",IL,רוטב עגבניות לפיצה 260 ג,גרמים,240.00,100 גרם,false,,5.50,0.0229,true,1,1322775
7290000209968,false,רוטב עגבניות ללזניה יכין 240 גרם,זנלכול יכין,IL,רוטב עגבניות ללזניה 260,גרמים,240.00,100 גרם,false,,5.50,0.0229,true,1,1322776
7290000210896,false,רוטב לפסטה בולונז 240 גרם יכין,זנלכול יכין,IL,רוטב בולונז 260 ג יכין,גרמים,240.00,100 גרם,false,,5.50,0.0229,true,1,1322778
7290000211169,false,"אורז תאילנדי אחד אחד סוגת 1 ק""ג",האי נאם סי או אל.טי.,,אורז תאילנדי סוגת 1,קילוגרמים,1.00,"ק""ג",false,,6.90,6.9000,true,1,2359509
7290000211374,false,"קמח חיטה מלא סוגת 1 ק""ג",טחנת קמח דגן-שטיבל,IL,"קמח מלא 1 ק""ג",קילוגרמים,1.00,"ק""ג",false,,6.90,6.9000,true,1,1333102
7290000211442,false,אורז בסגנון פרסי קלאסי סוגת (1 קג),האי נאם סי או אל.טי.,IL,"אורז פרסי 1 ק""ג",קילוגרמים,1.00,"ק""ג",false,,10.90,10.9000,true,1,1333104
7290000211626,false,חיש אורז אחד אחד 1 קג,"סוגת תעשיות בע""\מ",IL,"אורש חיש 1 ק""ג",קילוגרמים,1.00,"ק""ג",false,,10.90,10.9000,true,1,1333106
7290000211985,false,אורז עגול ריזוטו אחד אחד 1 קג,"סוגת תעשיות בע""\מ",IL,"אורז עגול 1 ק""ג",קילוגרמים,1.00,"ק""ג",false,,7.90,7.9000,true,1,1333107
7290000214115,false,מרק עוף בצנצנת ויטה 400 גרם,ויטה- פרי גליל (החדשה) בעמ,IL,מרק עוף צנצ . 400ויטה,גרמים,400.00,100 גרם,false,,9.90,0.0248,true,1,1347124
7290000218502,false,תערובת לחמין A-2 ויטה בדצ,ויטה- פרי גליל (החדשה) בעמ,IL,חמין א -2ויטה בדצ,גרמים,570.00,100 גרם,false,,8.90,0.0156,true,1,1347127
7290000226514,false,עוגת דובוש טעם ריבת חלב קפולסקי 450 גרם,תופינים מקבוצת קפולסקי,IL,ע .דובוש ריבת חלב,גרמים,450.00,100 גרם,false,,34.90,0.0776,true,1,1347142
7290000226552,false,קפולסקי עוגת טורט ריבת חלב+ קוקוס קפוא,קפולסקי שיווק וקמעונ,IL,ע .טורט ר.חלב קוקוס,גרמים,1000.00,100 גרם,false,,59.90,0.0599,true,1,1347145
7290000226569,false,עוגת טורט קצפת שוקולד קפולסקי (1 קג),תופינים מקבוצת קפולסקי,IL,ע .טורט קצפת שוקולד,קילוגרמים,1.00,"ק""ג",false,,59.90,59.9000,true,1,1347146
7290000226576,false,"עוגת טורט מצופה שוקולד קפולסקי 1 ק""ג",תופינים מקבוצת קפולסקי,IL,ע .טורט מצופה שוקולד,קילוגרמים,1.00,"ק""ג",false,,59.90,59.9000,true,1,1347147
7290000238029,false,"בצק עלים צרפתי מרודד מעדנות 1 ק""ג",תנובה מרכז שיתופי לשיווק תוצרת,IL,"בצק עלים מרודד 1 ק""ג מעדנ",קילוגרמים,1.00,"ק""ג",false,,19.90,19.9000,true,1,1340454
7290000238036,false,מלאווח מעדנות 6 יח`700 גרם קפוא,תנובה מרכז שיתופי לשיווק תוצרת,IL,מלאווח 700גר מעדנות,גרמים,700.00,100 גרם,false,,16.90,0.0241,true,1,1340455
7290000238173,false,.בורקס במילוי גבינה 800 גרם מעדנות,מיוצר עי קונדיטוריית,IL,בורקס גבינה מעדנות 800גר,גרמים,800.00,100 גרם,false,,22.90,0.0286,true,1,1340456
7290000238180,false,בורקס במילוי תפוא 800 גרם מעדנות,מיוצר עי קונדיטוריית,IL,"בורקס תפו""א 800 גרם מעדנו",גרמים,800.00,100 גרם,false,,19.90,0.0249,true,1,1340457
7290000244143,false,קרם הוואי לאחר גילוח+ לחות 120 מ``ל,טרופיקל דגיל קוסמטיק,IL,הוואי קרם לאחר גילוח 120,גרמים,120.00,100 גרם,false,,19.90,0.1658,true,1,1322824
7290000244280,false,משחת גילוח רגיל 80 מ,עיסא ערטול בעמ,,משחת גילוח,גרמים,80.00,100 גרם,false,,7.90,0.0988,true,1,1322827
7290000244631,false,ענוגה גליצרין קרם ידיים 80 מל,עיסא ערטול בעמ,IL,קרם ענוגה גליצרין 80 גר',מיליליטרים,80.00,"100 מ""ל",false,,7.90,0.0988,true,1,1322829
7290000244761,false,קרם ידיים ולוטה (80 גרם),טרופיקל דגיל קוסמטיק,IL,"קרם ידיים ולוטה 100 מ""ל",מיליליטרים,80.00,"100 מ""ל",false,,9.90,0.1238,true,1,1322830
7290000245072,false,סוד מרכך כביסה בייבי סנסטיב 4 ליטר,גורי שיווק בעמ,IL,מרכך כביסה סוד בייבי 4 לי,ליטרים,4.00,ליטר,false,,18.90,4.7250,true,1,1360849
7290000245157,false,סוד סופט מרכך כביסה סנסיישן 4 ליטר,גורי שיווק בעמ,IL,מרכך כביסה סוד סנסיישן 4,ליטרים,4.00,ליטר,false,,18.90,4.7250,true,1,1360851
7290000245270,false,"פרסיל אבקה לכביסה רגיל שקית 1.25 ק""ג",גורי שיווק בעמ,IL,"אבקת כביסה פרסיל 1.25 ק""ג",קילוגרמים,1.25,"ק""ג",false,,15.90,12.7200,true,1,1360853
7290000245287,false,"פרסיל אבקת כביסה 1.250 ק""ג קולור ויניגר",גורי שיווק בעמ,IL,"אבקת כביסה פרסיל 1.25 ק""ג",קילוגרמים,1.25,"ק""ג",false,,15.90,12.7200,true,1,1360854
7290000245294,false,"פרסיל אבקת כביסה סופרא 2.5ק""ג",גורי שיווק בעמ,IL,אבקת כביסה פרסיל אקטיב 2.,קילוגרמים,2.50,"ק""ג",false,,28.90,11.5600,true,1,1360855
7290000245386,false,"משחה אמה 1 ק""ג לימון",עיסא ערטול בעמ-סוכן הנקל סוד,,"משחה אמה 1 ק""ג לימון",קילוגרמים,1.00,"ק""ג",false,,8.90,8.9000,true,1,1398575
7290000245478,false,"סוד - אבקת כביסה לבגדי תינוקות 1.25 ק""ג",גורי שיווק בעמ,IL,אבקת כביסה סוד בייבי 1.25,קילוגרמים,1.25,"ק""ג",false,,12.90,10.3200,true,1,1360859
7290000245508,false,"אב.כביסה סוד פרפקט 1.25ק""ג-שקית כחולה",גורי שיווק בעמ,IL,אבקת כביסה סוד שושן מרענן,קילוגרמים,1.25,"ק""ג",false,,12.90,10.3200,true,1,1360860
7290000245515,false,"א.כ סוד קומפקט ביואקטיב פרפריום 1.25 ק""ג",גורי שיווק בעמ,IL,אבקת כביסה סוד לבנדר 1.25,קילוגרמים,1.25,"ק""ג",false,,12.90,10.3200,true,1,1360861
7290000245539,false,"קומפקט סוד 1.250 ק""ג קולור לכביסה צבעונית",גורי שיווק בעמ,IL,אבקת כביסה סוד קולור 1.25,קילוגרמים,1.25,"ק""ג",false,,12.90,10.3200,true,1,1360862
7290000245782,false,סוד סופט מרכך כביסה ורוד 4 ליטר,גורי שיווק בעמ,IL,מרכך כביסה סוד ורוד 4 ליט,ליטרים,4.00,ליטר,false,,18.90,4.7250,true,1,1360867
7290000245799,false,סוד סופט מרכך כביסה כחול 4 ליטר,גורי שיווק בעמ,IL,מרכך כביסה סוד כחול 4 ליט,ליטרים,4.00,ליטר,false,,18.90,4.7250,true,1,1360868
7290000253220,false,שוקולדצ`יפס לאפייה 260 גר`אופנהיימר,תה ויסוצקי (ישראל) בעמ,IL,אופנ.שוקוצ'יפס פרווה 300,גרמים,260.00,100 גרם,false,,12.90,0.0496,true,1,1318889
7290000253244,false,מרציפן נקי אופנהיימר 86 גר,אחים מזרחי,,מרציפן נקי 86 גרם,גרמים,86.00,100 גרם,false,,8.90,0.1035,true,1,2194623
7290000253374,false,מיני שוקולד צ`יפס 66% מוצקי קקאו אופנהיי,תה ויסוצקי (ישראל) בעמ,,מיני שוקולד ציפס 25,גרמים,250.00,100 גרם,false,,14.90,0.0596,true,1,2366564
7290000253411,false,סוכריות לקישוט צבעוני 90 גרם,תה ויסוצקי (ישראל)בעמ,,סוכריות לקישוט צבעונ,גרמים,90.00,100 גרם,false,,4.90,0.0544,true,1,2194633
7290000253459,false,נטיפי צ'יפס בטעם קרמל אופנהיימר 250 גרם,תה ויסוצקי (ישראל)בעמ,,שוקולד צ'יפס בטעם קר,גרמים,260.00,100 גרם,false,,12.90,0.0496,true,1,2427017
7290000253503,false,מרציפן מצופה שוקולד מריר 40 ג',תה ויסוצקי (ישראל)בעמ,,מרציפן מצופה שוקולד,גרמים,40.00,100 גרם,false,,3.90,0.0975,true,1,2194624
7290000253558,false,חלת מרציפן אופנהיימר,תה ויסוצקי (ישראל)בעמ,,מרציפן חלה 50 גרם,גרמים,50.00,100 גרם,false,,4.90,0.0980,true,1,2194625
7290000253732,false,מרציפן מצופה שוקולד אופנהיימר 86 גר,אופנהיימר,,מרציפן מצופה שוקולד,גרמים,86.00,100 גרם,false,,8.90,0.1035,true,1,2194626
7290000254197,false,קפה אספרסטו זהב עלית (200 גרם),שטראוס גרופ בע`מ,IL,אספרסו זהב 200 גר/1שק'/20,גרמים,200.00,100 גרם,false,,24.90,0.1245,true,1,1342491
7290000267029,false,שקדים מולבנים חצויים השף 100 גרם,דין שיווק וקליה 2021 בעמ,,שקדים מולבנים 100 גר,גרמים,100.00,100 גרם,false,,10.90,0.1090,true,1,1327491
7290000267036,false,שקדים מולבנים משובבים השף 100 גרם,דין שיווק וקליה 2021 בעמ,,שקדים מולבנים 100 גר,גרמים,100.00,100 גרם,false,,10.90,0.1090,true,1,1327492
7290000267043,false,שקדים מולבנים פרוסים השף 100 גרם,דין שיווק וקליה 2021 בעמ,,שקדים מולבנים 100 גר,גרמים,100.00,100 גרם,false,,10.90,0.1090,true,1,1327493
7290000267050,false,שקדים טבעיים טחונים השף 100 גרם,דין שיווק וקליה 2021 בעמ,,שקדים טחונים 100 גרם,גרמים,100.00,100 גרם,false,,10.90,0.1090,true,1,1327494
7290000267104,false,שקד מולבן גרוס 100 גר`דין שיוק,דין שיווק וקליה 2021 בעמ,,שקדים מרוסקים 100 גר,גרמים,100.00,100 גרם,false,,10.90,0.1090,true,1,1327495
7290000267500,false,קליפות הדר מצופות שוקולד מריר שקדיה 200 גרם,"דין שיווק וקלייה בע""",,קליפות הדר מצופות בש,גרמים,200.00,100 גרם,false,,9.90,0.0495,true,1,1350347
7290000267555,false,בוטנים גרוסים 100ג'שקדיה,דין שיווק וקליה 2021 בעמ,,בוטנים טבעיים גרוסים,גרמים,100.00,100 גרם,false,,4.50,0.0450,true,1,1327497
7290000267586,false,גרעייני חמניה קלופים 150 גר,דין שיווק וקליה 2021 בעמ,,חמניות קלופות 150 גר,גרמים,150.00,100 גרם,false,,4.90,0.0327,true,1,1327498
7290000267678,false,גרעיני דלעת טבעי קלוף שקדיה 150 ג',דין שיווק וקליה 2021 בעמ,,דלעת 150 גרם,גרמים,150.00,100 גרם,false,,7.90,0.0527,true,1,1327499
7290000272443,false,סירופ דיאט בטעם תפוזים עסיס 1 ליטר,קבוצת אוסם סחר שותפות מוגבלת,IL,עסיס סירופ דיאט בטעם תפוז,ליטרים,1.00,ליטר,false,,16.90,16.9000,true,1,1305404
7290000272467,false,עסיס פטל דיאט סירופ 1 ליטר,קבוצת אוסם סחר שותפות מוגבלת,IL,עסיס סירופ דיאט בטעם פטל,ליטרים,1.00,ליטר,false,,16.90,16.9000,true,1,1305405
7290000272696,false,מיץ לימון טבעי משומר 1 ליטר עסיס כלפ,קבוצת אוסם סחר שותפות מוגבלת,IL,עסיס מיץ לימון משומר מרכז,ליטרים,1.00,ליטר,false,,9.90,9.9000,true,1,1305406
7290000272726,false,חומץ רכיבים רכיבים טבעיים 5% עסיס 1 ליטר,קבוצת אוסם סחר שותפות מוגבלת,IL,עסיס חומץ 5% 1 ליטר,ליטרים,1.00,ליטר,false,,6.90,6.9000,true,1,1305407
7290000286228,false,ספוגיות לניקוי כללי סנו סושי 6 יחידות,החברה הדרומית לשיווק בעמ,IL,סנו סושי 6 כריות יפניות,יח',6.00,יח',false,,11.90,1.9833,true,1,1319514
7290000286297,false,"אנטי קאלק מסיר אבנית מקומקום סנו 700 מ""ל",החברה הדרומית לשיווק בעמ,IL,סנו אנטיקאלק מסיר אבן700,מיליליטרים,700.00,"100 מ""ל",false,,14.90,0.0213,true,1,1319515
7290000286488,false,ספוג כיף פיראט 1 יחידה,החברה הדרומית לשיווק בעמ,IL,ספוג כיף פיראט 1 יחידה,יח',1.00,יח',false,,5.90,5.9000,true,1,1319517
7290000286495,false,סנו ספוג עדין לתינוק,קוסמופארם,IL,ספוג בייבי כיף,יחידה,0.00,יחידה,false,,5.90,0.0000,true,1,1319518
7290000286501,false,ספוג כיף מסאז' 1 יחידה,החב. הדרומית לשיווק,IL,ספוג כיף מסאז' 1 יחידה,יח',1.00,יח',false,,7.90,7.9000,true,1,1319519
7290000286525,false,סנו ספוג פרינה לרחצה 1 יח`,החב. הדרומית לשיווק,IL,ספוג כיף רחצה פרינה 1 יח,יח',1.00,יח',false,,7.90,7.9000,true,1,1319520
7290000286549,false,מטליות לניקוי כללי סנו סושי 9 יחידות,החברה הדרומית לשיווק בעמ,IL,'מטליות רב שימוש 9 יח,יח',9.00,יח',false,,12.90,1.4333,true,1,1319521
7290000286594,false,אבקה לניקוי במיכל לימון X סנו 600 גרם,החברה הדרומית לשיווק בעמ,IL,לימון 600 גרם X-סנו,גרמים,600.00,100 גרם,false,,9.90,0.0165,true,1,1319523
7290000286631,false,"אבקה לניקוי ומירוק בריח לימון סנו 600 מ""ל",החב. הדרומית לשיווק,IL,לימון שק.מילוי600ג X סנו,גרמים,600.00,100 גרם,false,,6.90,0.0115,true,1,1319524
7290000286761,false,ניילון נצמד סנו סושי פלסטיק מארז 30X2 מ',החברה הדרומית לשיווק בעמ,CN,ניילון נצמד 2*30 מטר,יח',2.00,יח',false,,11.90,5.9500,true,1,1319525
7290000286877,false,"רב מתכת מנקה מתכות סנו 300 מ""ל",החברה הדרומית לשיווק בעמ,IL,"סנו רב מתכת 300 מ""ל",מיליליטרים,300.00,"100 מ""ל",false,,24.90,0.0830,true,1,1319526
7290000286891,false,שמפו לרצפה מגן קריסטל סנו (1 ליטר),החברה הדרומית לשיווק בעמ,IL,סנו מגן קריסטל לרצפות1לי,ליטרים,1.00,ליטר,false,,23.90,23.9000,true,1,1319527
7290000286907,false,"ספריי מסיר כתמים באירוסול ""סנו""",סנו מפעלי ברונוס בעמ,IL,"סנו מסיר כתמים 170 מ""ל",גרמים,125.00,100 גרם,false,,22.90,0.1832,true,1,1319528
7290000286921,false,סנוקל רסס וכבס תרסיס אקדח 750 מ``ל,החברה הדרומית לשיווק בעמ,IL,"סנוקל רסס וכבס 750 מ""ל",מיליליטרים,750.00,"100 מ""ל",false,,19.90,0.0265,true,1,1319530
7290000286945,false,סנו רהיט נוזלי תרסיס 500 סמק+אקדח,החברה הדרומית לשיווק בעמ,IL,"סנו רהיט מרסס 500 מ""ל",מיליליטרים,500.00,"100 מ""ל",false,,22.90,0.0458,true,1,1319531
7290000287102,false,סנו שטיחים קצף לניקוי שטיחים 600 סמק,החברה הדרומית לשיווק בעמ,IL,סנו שמפו לשטיחים 540 גרם,מיליליטרים,600.00,"100 מ""ל",false,,22.90,0.0382,true,1,1319534
7290000287195,false,"סנו רהיט ספריי עשיר בווקס להברקה 305 מ""ל",החברה הדרומית לשיווק בעמ,IL,סנורהיט מבריק רהיטים305ג,מיליליטרים,300.00,"100 מ""ל",false,,14.90,0.0497,true,1,1319535
7290000287355,false,פוליש נוזל מבריק רצפות סנו 1 ליטר,החברה הדרומית לשיווק בעמ,IL,סנו סופר פוליש לרצפות 1ל,ליטרים,1.00,ליטר,false,,27.90,27.9000,true,1,1319537
7290000287362,false,פוליויקס נוזל רצפות בניחוח לוטוס סנו 4 ליטר,סנו,IL,פוליויקס סנרייז 4 ליטר,ליטרים,4.00,ליטר,false,,42.90,10.7250,true,1,1319538
7290000287409,false,"שלישיית סנובון תות לאסלה ""סנו""",החברה הדרומית לשיווק בעמ,IL,55 גרם X'סנובון תות 3יח,גרמים,165.00,100 גרם,false,,9.90,0.0600,true,1,1319539
7290000287430,false,סנובון צבעוני לאסלה בריח לימון שלישייה,החברה הדרומית לשיווק בעמ,IL,'סנובון לימון לאסלה 3 יח,גרמים,165.00,100 גרם,false,,9.90,0.0600,true,1,1319540
7290000287485,false,"שלישיית סנובון לובר לאסלה ""סנו""",החברה הדרומית לשיווק בעמ,IL,55גרם X'סנובון לובר 3יח,גרמים,165.00,100 גרם,false,,9.90,0.0600,true,1,1319541
7290000287607,false,"אקוה בלו סבון לניאגרה סנו 150 מ""ל",סנו מפעלי ברונוס בעמ,IL,סנו בלו סבון למיכל האסלה,גרמים,150.00,100 גרם,false,,19.90,0.1327,true,1,1319544
7290000287621,false,"אנטי קאלק נוזל לניקוי אסלות סנו 750 מ""ל",החברה הדרומית לשיווק בעמ,IL,סנו אנטי קאלק לאסלות750מ,מיליליטרים,750.00,"100 מ""ל",false,,11.90,0.0159,true,1,1319545
7290000288017,false,אקונומיקה בריח לימון סנו ז'אוול 1 ליטר,החברה הדרומית לשיווק בעמ,IL,סנו ג'אוול לימון 1 ליטר,ליטרים,1.00,ליטר,false,,7.90,7.9000,true,1,1319553
7290000288024,false,סנו - ז'אוול אקונומיקה בריח לימון 4 ליטר,החברה הדרומית לשיווק בעמ,IL,סנו ג'אוול לימון 4 ליטר,ליטרים,4.00,ליטר,false,,16.90,4.2250,true,1,1319554
7290000288048,false,ז`אוול מרסס לניקוי כללי לבנדר סנו (1 ליט,החברה הדרומית לשיווק בעמ,IL,סנו ג'אוול מרסס לבנדר 1ל,ליטרים,1.00,ליטר,false,,19.90,19.9000,true,1,1319556
7290000288079,false,סנו - ז'אוול אקונומיקה לימון 2 ליטר,החברה הדרומית לשיווק בעמ,IL,סנו ג'אוול לימון 2 ליטר,ליטרים,2.00,ליטר,false,,13.90,6.9500,true,1,1319557
7290000288086,false,אבקת ניקוי עם אקונומיקה בריח לימון סנו ז'אוול 600 ג',החברה הדרומית לשיווק בעמ,IL,ג'אוול אב.ניקוי לימון600,גרמים,600.00,100 גרם,false,,10.90,0.0182,true,1,1319558
7290000288109,false,"אבקת כביסה מקסימה אפקט ג''אוול 1.25 ק""ג סנו",החברה הדרומית לשיווק בעמ,IL,אבקת מקסימה ג'אבל 1.25קג,קילוגרמים,1.25,"ק""ג",false,,18.90,15.1200,true,1,1319559
7290000288253,false,"קוטל חרקים מעופפים K-400 סנו 630 מ""ל",החברה הדרומית לשיווק בעמ,IL,400 קוטל חרקים/זבוב630-K,מיליליטרים,630.00,"100 מ""ל",false,,22.90,0.0363,true,1,1319560
7290000288291,false,סנומט דוחה יתושים לוחיות אידוי 30 יחידות,החברה הדרומית לשיווק בעמ,IT,סנומט קוטל יתוש/זבוב30טב,יח',30.00,יח',false,,9.90,0.3300,true,1,1319561
7290000288352,false,"קוטל חרקים וזוחלים K-300 סנו 630 מ""ל",החברה הדרומית לשיווק בעמ,IL,300 קוטל חרק./זוחל630מ-K,מיליליטרים,630.00,"100 מ""ל",false,,19.90,0.0316,true,1,1319563
7290000288383,false,"קוטל נמלים ותיקנים K-500 סנו 400 מ""ל",החברה הדרומית לשיווק בעמ,IL,500 תרס.נגד נמלים 400מ-K,מיליליטרים,400.00,"100 מ""ל",false,,22.90,0.0572,true,1,1319564
7290000288390,false,קוטל זבובים יתושים קיי 600 סנו (500 מל),החברה הדרומית לשיווק בעמ,IL,600 יבש קוטל חרקים500מ-K,מיליליטרים,450.00,"100 מ""ל",false,,22.90,0.0509,true,1,1319565
7290000288413,false,סנו-די דוחה יתושים כדורי סנו 50 גרם,החברה הדרומית לשיווק בעמ,IL,"סנו די כדורי 50 מ""ל",גרמים,50.00,100 גרם,false,,19.90,0.3980,true,1,1319566
7290000288420,false,"תרסיס דוחה יתושים סנו די 175 מ""ל",החברה הדרומית לשיווק בעמ,IL,סנו די תרסיס דוחה יתושים,מיליליטרים,175.00,"100 מ""ל",false,,19.90,0.1137,true,1,1319567
7290000288444,false,סנו די נוזל להגנה מיתושים 50 מ``ל,החברה הדרומית לשיווק בעמ,IL,"סנו די משאבה 50 מ""ל",גרמים,50.00,100 גרם,false,,19.90,0.3980,true,1,1319568
7290000289052,false,פוליויקס נוזל רצפות בניחוח סחלבים סנו 4 ליטר,סנו פוליויקס,IL,פוליויקס סחלבים 4 ליטר,ליטרים,4.00,ליטר,false,,42.90,10.7250,true,1,1319574
7290000289069,false,סנו - ז'אוול מרסס קצף ניקוי בתוספת אקונומיקה בריח לימון 1 ליטר,החברה הדרומית לשיווק בעמ,IL,סנו ג'אוול מרסס לימון 1ל,ליטרים,1.00,ליטר,false,,19.90,19.9000,true,1,1319575
7290000289380,false,"סנו - ז'אוול לניקוי אסלות לימון 750 מ""ל",החברה הדרומית לשיווק בעמ,IL,מונבלאן750 WC ג'אוול ג'ל,מיליליטרים,750.00,"100 מ""ל",false,,9.90,0.0132,true,1,1319581
7290000289472,false,סנו סושי רב שקית שקיות אשפה90*76 50י,החברה הדרומית לשיווק בעמ,IL,50 שק.אשפה מתכלות 76*90ס,יח',50.00,יח',false,,19.90,0.3980,true,1,1319583
7290000289496,false,"סנו - ז'אוול ג'ל קרם לניקוי כללי לימון 750 מ""ל",החברה הדרומית לשיווק בעמ,IL,ג'אוול ג'ל קרם לימון750מ,מיליליטרים,750.00,"100 מ""ל",false,,18.90,0.0252,true,1,1319584
7290000289595,false,"אורביטול משחת שיניים לילדים בטעם תות שדה 145 מ""ל",טרופיקל דגיל תעשיות קוסמ,IL,אורביטול קיד תות 145 גרם,גרמים,145.00,100 גרם,false,,8.90,0.0614,true,1,1319586
7290000289601,false,סנו ז'אוול בריח לבנדר 2 ל',"סנו מפעלי ברונוס בע""מ",IL,סנו ג'אוול לבנדר 2 ליטר,ליטרים,2.00,ליטר,false,,13.90,6.9500,true,1,1319587
7290000289748,false,"מסיר שומנים לתנורים פורטה פלוס סנו 750 מ""ל",החברה הדרומית לשיווק בעמ,IL,"סנו פורטה פלוס 750 מ""ל",מיליליטרים,750.00,"100 מ""ל",false,,16.90,0.0225,true,1,1319589
7290000289885,false,"מטהר אוויר ענק אושנבריז סנו פרש 375 מ""ל",החברה הדרומית לשיווק בעמ,IL,סנופרש ענק אושן כחול375מ,מיליליטרים,375.00,"100 מ""ל",false,,9.90,0.0264,true,1,1319590
7290000289892,false,"סנו פרש ענק מאונטן טורקיז 375 מ""ל",החברה הדרומית לשיווק בעמ,IL,סנו פרש מאונטן טורקיז375,מיליליטרים,375.00,"100 מ""ל",false,,9.90,0.0264,true,1,1319591
7290000289915,false,"סנו פרש ענק קוקו וניל צהוב 375 מ""ל",החברה הדרומית לשיווק בעמ,IL,"סנופרש וניל מתוק 375 מ""ל",מיליליטרים,375.00,"100 מ""ל",false,,9.90,0.0264,true,1,1319592
7290000291857,false,פוליויקס נוזל רצפות בניחוח גולדן סאנרייז סנו 2 ליטר,החברה הדרומית לשיווק בעמ,IL,פוליויקס סנרייז 2 ליטר,ליטרים,2.00,ליטר,false,,24.90,12.4500,true,1,1319595
7290000291956,false,סנו אקונומיקה מונבלאן 1 ל,החברה הדרומית לשיווק בעמ,,ז'אוול אקונומיקה 1 ל,ליטרים,1.00,ליטר,false,,7.90,7.9000,true,1,1319598
7290000291963,false,אקונומיקה סמיכה בריח לימון סנו ז'אוול 1 ליטר,החברה הדרומית לשיווק בעמ,IL,אקונומיקה ג'אוול סמיכה1ל,ליטרים,1.00,ליטר,false,,7.90,7.9000,true,1,1319599
7290000292007,false,K3 פיתיון ג'ל קוטל תיקנים (ג'וקים) בבית ובחצר,החברה הדרומית לשיווק בעמ,,סנו -K3 פיתיון לקטיל,גרמים,10.00,100 גרם,false,,49.90,4.9900,true,1,2243192
7290000292137,false,"נוזל לניקוי וטיפול מוצרי עור סנו 500 מ""ל",החברה הדרומית לשיווק בעמ,IL,"סנו לניקוי עור 500 מ""ל",מיליליטרים,500.00,"100 מ""ל",false,,29.90,0.0598,true,1,1319600
7290000292311,false,פוליויקס נוזל רצפות בניחוח סחלבים סנו 2 ליטר,החברה הדרומית לשיווק בעמ,IL,פוליויקס סחלבים 2 ליטר,ליטרים,2.00,ליטר,false,,24.90,12.4500,true,1,1319601
7290000292434,false,"נוזל להברקת רהיטים מילוי סנו 500 מ""ל",סנו,IL,שקית מילוי סנו רהיט 500מ,מיליליטרים,500.00,"100 מ""ל",false,,12.90,0.0258,true,1,1319602
7290000292533,false,סנו גל לניקוי כללי על בסיס שמן אורנים 1ל,החברה הדרומית לשיווק בעמ,,ג'ל לניקוי כללי אורנ,ליטרים,1.00,ליטר,false,,16.90,16.9000,true,1,1319604
7290000292557,false,סנומט מלוי נוזלי דוחה יתושים 45 לילות,החברה הדרומית לשיווק בעמ,IT,סנומט נוזלי45לילות-מילוי,מיליליטרים,35.00,"100 מ""ל",false,,19.90,0.5686,true,1,1319606
7290000292564,false,סנו K-2000 תרסיס מיקרו קפסולרי ללא ריח 750 מ”ל,החברה הדרומית לשיווק בעמ,IL,"2000 אינסקטל 750 מ""ל-K",מיליליטרים,750.00,"100 מ""ל",false,,29.90,0.0399,true,1,1319607
7290000292687,false,סנובון מוצק לניקוי אסלה קלאסיק כחול סנו 3 יחידות,החברה הדרומית לשיווק בעמ,IL,55גX3 סנובון כחול שלישיה,גרמים,165.00,100 גרם,false,,19.90,0.1206,true,1,1319610
7290000292694,false,מגן קריסטל לרצפות סנו 2 ליטר,סנו,IL,'מגן קריסטל לרצפה סנו 2ל,ליטרים,2.00,ליטר,false,,44.90,22.4500,true,1,1319611
7290000292915,false,רסס ונגב לניקוי כללי תרסיס סנו (750 מל),החברה הדרומית לשיווק בעמ,IL,"סנו רסס ונגב מרסס 750מ""ל",מיליליטרים,750.00,"100 מ""ל",false,,19.90,0.0265,true,1,1319612
7290000292939,false,אקווה בלו למיכל אסלה100ג,סנו מפעלי ברונוס בעמ,IL,אקווה בלו למיכל אסלה100ג,גרמים,100.00,100 גרם,false,,12.90,0.1290,true,1,1319613
7290000293516,false,"מתקן סופג לחות ומונע עובש ""סנופרש""",החברה הדרומית לשיווק בעמ,IL,סנו סופג לחות במיכל 340ג,יח',1.00,יח',false,,27.90,27.9000,true,1,1319615
7290000293530,false,שקית מילוי לסנו סופג לחות ומונע עובש,החברה הדרומית לשיווק בעמ,IL,סנו סופג לחות ש.מילוי340,מיליליטרים,340.00,"100 מ""ל",false,,14.90,0.0438,true,1,1319616
7290000293561,false,"תרסיס להסרת כתמי עובש עם אקונומיקה סנו 750 מ""ל",החברה הדרומית לשיווק בעמ,IL,"סנו מסיר עובש 750 מ""ל",מיליליטרים,750.00,"100 מ""ל",false,,19.90,0.0265,true,1,1319617
7290000293820,false,"קרמה מן שמפו וג'ל גל רחצה אקטיב בלוק 700מ""ל",החברה הדרומית לשיווק בעמ,,קרמה מן ג'ל רחצה אקט,מיליליטרים,700.00,"100 מ""ל",false,,18.90,0.0270,true,1,1941100
7290000293837,false,"קרמה מן דאודורנט ג'ל אנטיפרספירנט 70 מ""ל",קוסמופארם בעמ,,דאודורנט ג'ל קרמה מן,מיליליטרים,70.00,"100 מ""ל",false,,14.90,0.2129,true,1,1941101
7290000293943,false,"מרסס לבן מסיר אבנית 1 ליטר אנטי קאלק ""סנו""",החברה הדרומית לשיווק בעמ,IL,'סנו אנטי קאלק מרסס 1 ל,ליטרים,1.00,ליטר,false,,18.90,18.9000,true,1,1319619
7290000294575,false,סנו סושי רב מגבת 63 דפים בגליל,החברה הדרומית לשיווק בעמ,IL,רב מגבת סנו סושי 63 דפים,יח',63.00,יח',false,,12.90,0.2048,true,1,1319624
7290000294773,false,אקונומיקה בריח לבנדר סנו ז'אוול 4 ליטר,החברה הדרומית לשיווק בעמ,IL,סנו ג'אוול לבנדר 4 ליטר,ליטרים,4.00,ליטר,false,,16.90,4.2250,true,1,1319625
7290000294780,false,אקונומיקה סמיכה בריח לימון סנו ז'אוול 4 ליטר,החברה הדרומית לשיווק בעמ,IL,סנו ג'אול אקונומ.סמיכה4ל,ליטרים,4.00,ליטר,false,,16.90,4.2250,true,1,1319626
7290000295121,false,מטליות זיגזג סנו סושי לניקוי רצפות 3יח',החברה הדרומית לשיווק בעמ,IL,מטליות זיגזג 3 יחידות,יח',3.00,יח',false,,13.90,4.6333,true,1,1319628
7290000295299,false,סנו סושי כריות הפלא רב תכלתיות רביעייה,החברה הדרומית לשיווק בעמ,IL,כריות הפלא 4 יח סנו סושי,יח',4.00,יח',false,,12.90,3.2250,true,1,1319629
7290000295336,false,סנו מקסימה אבקת כביסה סנסטיב מילוי1.25,החברה הדרומית לשיווק בעמ,IL,אבקת מקסימה סנסטיב 1.25ק,קילוגרמים,1.25,"ק""ג",false,,18.90,15.1200,true,1,1319631
7290000295343,false,"אבקת כביסה מקסימה ביו 1.25 ק""ג סנו",החברה הדרומית לשיווק בעמ,IL,"אבקת מקסימה ביו 1.25 ק""ג",קילוגרמים,1.25,"ק""ג",false,,18.90,15.1200,true,1,1319632
7290000295367,false,"מקסימה אבקת כביסה אפקט ז'אוול סנו 2.5 ק""ג",החברה הדרומית לשיווק בעמ,IL,אבקת מקסימה ג'אוול 2.5קג,קילוגרמים,2.50,"ק""ג",false,,22.90,9.1600,true,1,1319633
7290000295404,false,שקיות אשפה עם שרוך 54 * 65 סנו סושי 60 יחידות,החברה הדרומית לשיווק בעמ,IL,שקיות אשפה 60יחידות,יח',60.00,יח',false,,22.90,0.3817,true,1,1319634
7290000295503,false,זוג שקיות מזון טבע 19*25 סנו סושי 150 יחידות,החברה הדרומית לשיווק בעמ,IL,שקיות אוכל 2*150 יחידות,יח',300.00,יח',false,,14.90,0.0497,true,1,1319636
7290000295541,false,רב מגבת ג'מבו סנו סושי 75 יחידות,החברה הדרומית לשיווק בעמ,IL,סנו סושי 75רב מגבת ג'מבו,יח',75.00,יח',false,,17.90,0.2387,true,1,1319637
7290000295558,false,"רדיד אלומיניום רוחב 30 ס""מ סנו סושי 2 יח' 7.5 מטר",החברה הדרומית לשיווק בעמ,TR,2רדידי אלומיניום7.5*0.3מ,מטרים,15.00,מטר,false,,11.90,0.7933,true,1,1319638
7290000295565,false,"רדיד אלומיניום רוחב 45 ס""מ סנו 2 יח' 7.5 מטר",החברה הדרומית לשיווק בעמ,TR,7.5Xצמד רדיד אלומניום45ס,מטרים,15.00,מטר,false,,16.90,1.1267,true,1,1319639
7290000295572,false,"מארז זוגי מנקה אסלות 00 סנו 750 מ""ל",החברה הדרומית לשיווק בעמ,IL,"מנקה אסלות ""00"" 2*750מל",ליטרים,1.50,ליטר,false,,18.90,12.6000,true,1,1319640
7290000295749,false,ספוג סאקי מסאז' כיף 1 יחידה,החב. הדרומית לשיווק,IL,ספוג כיף סאקי מסאז' 1 יח,יח',1.00,יח',false,,7.90,7.9000,true,1,1319642
7290000295794,false,ספוגיות מתכת אל חלד לניקוי סנו 3 יחידות,החברה הדרומית לשיווק בעמ,,ספוגית מתכת רב שימוש,יח',3.00,יח',false,,9.90,3.3000,true,1,1319643
7290000295817,false,סנו סושי ניילון נצמד 300 מ',סנו,CN,ניילון נצמד סנו סושי300מ,מטרים,300.00,מטר,false,,39.90,0.1330,true,1,1319644
7290000295824,false,"רדיד אלומיניום 30 ס""מ רוחב סנו סושי 100 מטר",החברה הדרומית לשיווק בעמ,IL,100מXסושי אלומ.חסכונ0.3,מטרים,100.00,מטר,false,,55.90,0.5590,true,1,1319645
7290000299877,false,קרם לכפות רגליים,,,קרם לכפות רגליים,מיליליטרים,90.00,"100 מ""ל",false,,22.90,0.2544,true,1,1351753
7290000300900,false,שניצל תירס מרכיבים טבעיים טבעול 750 גרם,קבוצת אוסם סחר שותפות מוגבלת,IL,טבעול שניצל תירס מרכיבים,גרמים,750.00,100 גרם,false,,29.90,0.0399,true,1,1305414
7290000303581,false,פול מצרי פרי הגליל 560 גרם,ויטה- פרי גליל (החדשה) בעמ,IL,פול מצרי א -2פג,גרמים,560.00,100 גרם,false,,6.50,0.0116,true,1,1347151
7290000303598,false,שעועית לבנה ברוטב עגבניות פרי הגליל 570 גרם,ויטה- פרי גליל (החדשה) בעמ,IL,שע .ברוטב א -2אגודה,גרמים,580.00,100 גרם,false,,6.50,0.0112,true,1,1347152
7290000303604,false,חומוס גרגירים A2 פרי גליל 550ג',ויטה- פרי גליל (החדשה) בעמ,IL,חומוס א -2אגודה פג,גרמים,550.00,100 גרם,false,,6.50,0.0118,true,1,1347153
7290000305882,false,אס הרינג עם ירקות ברוטב עגבניות 120 גרם,דיפלומט מפיצים (1968) בעמ**,,סלט דגים אס 120 גרם,גרמים,120.00,100 גרם,false,,5.90,0.0492,true,1,1306731
7290000307015,false,אפונת גינה בינונית פרי הגליל 550 גרם,ויטה- פרי גליל (החדשה) בעמ,IL,אפונה א -2פג,גרמים,550.00,100 גרם,false,,6.90,0.0125,true,1,1347154
7290000307046,false,אפונת גינה וגזר פרי הגליל 550 גרם,ויטה- פרי גליל (החדשה) בעמ,IL,אפונה וגזר א -2פג,גרמים,550.00,100 גרם,false,,6.90,0.0125,true,1,1347155
7290000307220,false,גרעיני תירס מתוק בואקום פרי הגליל 285 גרם,ויטה- פרי גליל (החדשה) בעמ,IL,תירס 12אונק פג,גרמים,340.00,100 גרם,false,,4.90,0.0144,true,1,1347156
7290000307237,false,גרעיני תירס מתוק פרי הגליל 550 גרם,ויטה- פרי גליל (החדשה) בעמ,IL,תירס א -2פג,גרמים,550.00,100 גרם,false,,6.90,0.0125,true,1,1347157
7290000307343,false,שעועית ירוקה חתוכה פרי הגליל 550 גרם,ויטה פרי גליל (החדשה) בע`מ,IL,שע ירוקה א -2פג,גרמים,550.00,100 גרם,false,,6.90,0.0125,true,1,1347162
7290000307800,false,פול ירוק מוקפא פרי גליל 800ג',ויטה פרי גליל (החדשה) בע`מ,IL,פול 800פג,גרמים,800.00,100 גרם,false,,19.90,0.0249,true,1,1347163
7290000307985,false,גרעיני תירס מתוק ללא למלח 325 גרם פרי הגליל,ויטה- פרי גליל (החדשה) בעמ,IL,תירס 12אונק ל מלח פג,גרמים,340.00,100 גרם,false,,4.90,0.0144,true,1,1347164
7290000308951,false,רביולי גבינה אחלה 40,שטראוס,IL,רביולי גבינה 400 חדש,גרמים,400.00,100 גרם,false,,18.90,0.0472,true,1,1341795
7290000311203,false,"וופלים בטעם שוקולד ""מן"" 200 גרם",רוקחמן בעמ מפעל לייצור ופלים ו,IL,ופלים 200 גר' שוקו,גרמים,200.00,100 גרם,false,,4.30,0.0215,true,1,1336723
7290000311210,false,"וופלים בטעם לימון ""מן"" 200 גרם",רוקחמן בעמ מפעל לייצור ופלים ו,IL,ופלים 200 גר' לימון,גרמים,200.00,100 גרם,false,,4.30,0.0215,true,1,1336724
7290000311227,false,"וופלים במילוי קרם קפה ""מן"" 200 גרם",ח.כהן סוכנות מזון ומשקאות בע,IL,ופלים 200 גר' קפה,גרמים,200.00,100 גרם,false,,4.30,0.0215,true,1,1336725
7290000311234,false,וופל מן בטעם וניל 200 גרם,ח.כהן סוכנות מזון ומשקאות בע,IL,ופלים 200 גר' וניל,גרמים,200.00,100 גרם,false,,4.30,0.0215,true,1,1336726
7290000311432,false,עוגיות גרנולה קינמון ללא תוספת סוכר 200ג,"רוקחמן בע""מ",,עוגיות גרנולה בטעם ק,גרמים,200.00,100 גרם,false,,8.90,0.0445,true,1,2364061
7290000311463,false,מן עוגיות חיטה מלאה חמאה ללא סוכר 200 גרם,"רוקחמן בע""מ",,עוגיות חיטה בטעם חמא,גרמים,200.00,100 גרם,false,,8.90,0.0445,true,1,2352442
7290000311487,false,מאגדת וופל שוקולד מקמח מלא ללא סוכר 20 ג'*7 יח' מן,"רוקחמן בע""מ",,וופל אישי ללא תוספת,יח',16.00,יח',false,,7.90,0.4938,true,1,2429501
7290000311845,false,מן עוגיות חיטה מלאה ללא תוספת סוכר 200 ג,רוקחמן בעמ מפעל לייצור ופלים ו,,עוגיות חיטה מלאה ללא,גרמים,200.00,100 גרם,false,,8.90,0.0445,true,1,1397278
7290000311869,false,מן-וופלים בטעם שוק ללא תוספת סוכר 180ג,רוקחמן בעמ מפעל לייצור ופלים ו,,וופלים ללא תוספת סוכ,גרמים,180.00,100 גרם,false,,7.90,0.0439,true,1,1397279
7290000311876,false,מן-וופלים בטעם וניל ללא תוספת סוכר 180ג,"רוקחמן בע""מ",,וופלים ללא תוספת סוכ,גרמים,180.00,100 גרם,false,,7.90,0.0439,true,1,1397280
7290000311883,false,עוגיות גרנולה ללא תוספת סוכר מן 200 גרם,רוקחמן בעמ מפעל לייצור ופלים ו,,עוגיות גרנולה ללא תו,גרמים,200.00,100 גרם,false,,8.90,0.0445,true,1,1397281
7290000313160,false,זהבה ושלושת הדובים עוגיות בטעם שוקולד אסם 350 גרם,קבוצת אוסם סחר שותפות מוגבלת,IL,אסם עוגיות שוקולד זהבה וש,גרמים,250.00,100 גרם,false,,7.90,0.0316,true,1,1305420
7290000313184,false,עוגיות חברים גן חיות וניל אסם 250 גר',קבוצת אוסם סחר שותפות מוגבלת,IL,אסם עוגיות גן חיות וניל 2,גרמים,250.00,100 גרם,false,,7.90,0.0316,true,1,1305421
7290000313290,false,אסם נודלס נודלס איטריות מסולסלות 200גר,קבוצת אוסם סחר שותפות מוגבלת,TH,אסם נודלס אטריות מסולסלות,גרמים,200.00,100 גרם,false,,9.90,0.0495,true,1,1305423
7290000315126,false,קנור ציר עוף משחתי 300 ג,יוניליוור ישראל שיווק בע`מ,IL,קנור בויון עוף 300 גרם,גרמים,300.00,100 גרם,false,,24.90,0.0830,true,1,1341128
7290000315133,false,קנור ציר בקר משחתי 300ג,יוניליוור ישראל שיווק בע`מ,IL,קנור בויון בקר 300 גרם,גרמים,300.00,100 גרם,false,,24.90,0.0830,true,1,1341129
7290000318011,false,נקניקיות עוף והודו ע,,,נקניקיות ענקניקיה 1,גרמים,1000.00,100 גרם,false,,19.90,0.0199,true,1,1343084
7290000318103,false,פסטרמה ברביקיו מעדניה,מעדני יחיעם ( 1993 ) בע`מ,IL,פסטרמה ברבקיו ק'ג,קילוגרמים,1.00,"ק""ג",true,,85.00,85.0000,true,1,1343087
7290000318127,false,נקניקיות ביס יחיעם (380 גרם),מעדני יחיעם (1993) בעמ,IL,נק' ביס 380גרם,גרמים,380.00,100 גרם,false,,9.90,0.0261,true,1,1343088
7290000318165,false,פסטרמה אמיתית צלויה על גחלים מעדניה,מעדני יחיעם ( 1993 ) בע`מ,IL,פסט.אמיתית צלויה על גחלים,קילוגרמים,1.00,"ק""ג",true,,85.00,85.0000,true,1,1343089
7290000318349,false,פסטרמה בסגנון איטלקי,מעדני יחיעם 1993 בעמ,IL,פסט.אמיתית צלויה על גחלים,קילוגרמים,1.00,"ק""ג",true,,85.00,85.0000,true,1,1474098
7290000318479,false,נקניק פרושוטו בקר יחיעם 100 גרם,מעדני יחיעם ( 1993 ) בע`מ,IL,פרושוטו בקר 100גרם,גרמים,100.00,100 גרם,false,,24.90,0.2490,true,1,1343095
7290000318493,false,כתף בקר מפולפל{מפולפל},מעדני יחיעם 1993 בעמ,IL,כתף בקר מפולפל ק'ג,קילוגרמים,1.00,"ק""ג",true,,139.00,139.0000,true,1,1343096
7290000318530,false,רוסטביף צלי בקר{יחיעם},מעדני יחיעם (1993) בעמ,IL,רוסטביף-צלי בקר ק'ג,קילוגרמים,1.00,"ק""ג",true,,150.00,150.0000,true,1,1343098
7290000318677,false,נקניק סלמי סרוולט יחיעם 150 גרם,מעדני יחיעם (1993) בעמ,IL,סרוולד 150,גרמים,150.00,100 גרם,false,,22.90,0.1527,true,1,1343100
7290000318707,false,נקניק סלמי מעושן יחיעם 500 גרם,מעדני יחיעם ( 1993 ) בע`מ,IL,סלמי מעושן 500גרם,גרמים,500.00,100 גרם,false,,29.90,0.0598,true,1,1343102
7290000318806,false,נקניק סרוולד סלמי מעדניה,מעדני יחיעם ( 1993 ) בע`מ,IL,נקניק סרוולד .. ק'ג,קילוגרמים,1.00,"ק""ג",true,,150.00,150.0000,true,1,1343105
7290000318837,false,קורנדביףבקר מעדנ.יחי,מעדני יחיעם (1993) בעמ,IL,קורנביף ק'ג,קילוגרמים,1.00,"ק""ג",true,,150.00,150.0000,true,1,1343107
7290000318929,false,סלמי צרפתי מובחר במשקל,מעדני יחיעם ( 1993 ) בע`מ,IL,סלמי צרפתי .... ק'ג,קילוגרמים,1.00,"ק""ג",true,,150.00,150.0000,true,1,1343110
7290000318943,false,פסטרמה של פעם מעושן 1.5% יחיעם 200 גרם,מעדני יחיעם ( 1993 ) בע`מ,IL,פסטרמה של פעם 200,גרמים,200.00,100 גרם,false,,19.90,0.0995,true,1,1343111
7290000319063,false,כתף בקר מפולפל יחיעם 150 גרם,מעדני יחיעם (1993) בעמ,,כתף בקר מפולפל,גרמים,150.00,100 גרם,false,,22.90,0.1527,true,1,1992740
7290000319292,false,"נקנקיות וינר פלוס יחיעם 10 /ק""ג",מעדני יחיעם (1993) בעמ,,נקניקיות וניר פלוס 1,גרמים,1000.00,100 גרם,false,,19.90,0.0199,true,1,1343118
7290000319339,false,סלמי פרח יחיעם,מעדני יחיעם (1993) בעמ,IL,סלמי פרח למעדניה,קילוגרמים,1.00,"ק""ג",true,,89.00,89.0000,true,1,1343121
7290000319391,false,"נקנקיות צ'ופר 1 ק""ג יחיעם",מעדני יחיעם (1993) בעמ,,נקניקיות צ'ופר 1 קג,גרמים,1000.00,100 גרם,false,,19.90,0.0199,true,1,1343124
7290000319520,false,נקניק סלמי צרפתי יחיעם 100 גרם,מעדני יחיעם (1993) בעמ,IL,צרפתי 100גרם- H,גרמים,100.00,100 גרם,false,,16.90,0.1690,true,1,1343129
7290000319704,false,כתף בקר מעושן יחיעם מעדניה,מעדני יחיעם ( 1993 ) בע`מ,IL,כתף בקר מעושן ק'ג,קילוגרמים,1.00,"ק""ג",true,,139.00,139.0000,true,1,1343137
7290000319728,false,נקניק איטלקי מפולפל מעדניה,מעדני יחיעם ( 1993 ) בע`מ,IL,איטלקי מפולפל . ק'ג,קילוגרמים,1.00,"ק""ג",true,,80.00,80.0000,true,1,1343138
7290000319759,false,סלמי תה יחיעם מעדניה,מעדני יחיעם,IL,סלמי תה קג',קילוגרמים,1.00,"ק""ג",true,,55.00,55.0000,true,1,1343139
7290000319803,false,קבנוס קלאסי יחיעם (125 גרם),מעדני יחיעם ( 1993 ) בע`מ,,קבנוס קלאסי 125 גרם,גרמים,125.00,100 גרם,false,,12.90,0.1032,true,1,1343140
7290000319834,false,קבנוס פפרוני יחיעם (125 גרם),מעדני יחיעם ( 1993 ) בע`מ,,קבנוס פפרוני 125 גרם,גרמים,125.00,100 גרם,false,,12.90,0.1032,true,1,1343141
7290000334325,false,ציפס למיקרו מארז שלישיה 125 ג' תפוגן,קבוצת אוסם סחר שותפות מוגבלת,IL,תפוגן צ'יפס מיקרוגל 125 ג,גרמים,375.00,100 גרם,false,,11.90,0.0317,true,1,1305429
7290000334684,false,תפוגן טבעות בצל לתנור 700 גרם,קבוצת אוסם סחר שותפות מוגבלת,IL,תפוגן טבעות בצל 700 גרם,גרמים,700.00,100 גרם,false,,14.90,0.0213,true,1,1305430
7290000336282,false,"פריגת סיידר צלול 330 מ""ל בקבוק",טמפו משקאות בעמ,,"סיידר צלול 330 מ""ל",מיליליטרים,330.00,"100 מ""ל",false,,7.50,0.0227,true,1,1323895
7290000339566,false,מרכך כביסה ורוד בדין (4 ליטר),יוניליוור ישראל שיווק בע`מ,IL,Badin Std Liquid Pink 4L,ליטרים,4.00,ליטר,false,,19.90,4.9750,true,1,2430247
7290000341071,false,בדין - מרכך כביסה בייבי לבן 2 ליטר,"יוניליוור ישראל שיווק בע""מ",IL,Badin Std Liquid Baby 2L,ליטרים,2.00,ליטר,false,,18.90,9.4500,true,1,2430248
7290000342856,false,מרכך כביסה כחול בדין (4 ליטר),יוניליוור ישראל שיווק בע`מ,IL,Badin Std Liquid Blue 4L,ליטרים,4.00,ליטר,false,,19.90,4.9750,true,1,1341170
7290000345048,false,תה עלים 74 פחית 125 גרם,תה ויסוצקי (ישראל) בעמ,IL,תה 74,גרמים,125.00,100 גרם,false,,11.90,0.0952,true,1,1339239
7290000345055,false,תה עלים ארל גריי ויסוצקי 100 גרם,תה ויסוצקי (ישראל) בעמ,IL,ארל גריי,גרמים,100.00,100 גרם,false,,12.90,0.1290,true,1,1339240
7290000345116,false,תה ירוק עלים ויסוצקי (125 גרם),תה ויסוצקי (ישראל) בעמ,IL,תה ירוק,גרמים,125.00,100 גרם,false,,12.90,0.1032,true,1,1339241
7290000345208,false,תה כחול קלאסיק ויסוצקי 25 יחידות,תה ויסוצקי (ישראל) בעמ,IL,תה ויסוצקי קלאסי 25/1,גרמים,25.00,100 גרם,false,,5.90,0.2360,true,1,1339243
7290000345215,false,תה כחול קלאסיק ויסוצקי 100 יחידות,תה ויסוצקי (ישראל) בעמ,IL,תה ויסוצקי קלאסי 100/1,גרמים,100.00,100 גרם,false,,19.90,0.1990,true,1,1339244
7290000345260,false,תה קלאסיק מעטפות ויסוצקי 25 יחידות,תה ויסוצקי (ישראל) בעמ,IL,תה ויסוצקי קלאסי 25/1.5,גרמים,37.50,100 גרם,false,,5.90,0.1573,true,1,1339245
7290000345284,false,תה ויסוצקי קלאסי אריזה ירוקה מרובעת (100 שקיקים),תה ויסוצקי (ישראל) בעמ,IL,תה ויסוצקי קלאסי 100/1.5,גרמים,150.00,100 גרם,false,,19.90,0.1327,true,1,1339247
7290000345291,false,תה ארל גרי 1.5/ 25 שקיקים ויסוצקי,תה ויסוצקי (ישראל) בעמ,IL,ארל גריי 25,גרמים,37.50,100 גרם,false,,13.90,0.3707,true,1,1339248
7290000345307,false,תה ארל גרי 1.5/ 50 שקיקים ויסוצקי,תה ויסוצקי (ישראל) בעמ,IL,ארל גריי 50,גרמים,75.00,100 גרם,false,,24.90,0.3320,true,1,1339249
7290000345536,false,תה נענע 1.5/ 25 שקיקים ויסוצקי,תה ויסוצקי (ישראל) בעמ,IL,תה נענע,גרמים,42.50,100 גרם,false,,15.90,0.3741,true,1,1339250
7290000345666,false,תה אינגליש ברקפסט 2/ 25 שק.בלק לייבל,תה ויסוצקי (ישראל)בעמ,IL,אינגליש ברקפסט,גרמים,50.00,100 גרם,false,,13.90,0.2780,true,1,1339254
7290000346021,false,חליטת קמומיל הגן הקסום ויסוצקי 50 יחידות,תה ויסוצקי (ישראל) בעמ,IL,חליטת קמומיל 50,גרמים,75.00,100 גרם,false,,29.90,0.3987,true,1,1339255
7290000346120,false,חליטת קינמון הגן הקסום ויסוצקי 25 יחידות,תה ויסוצקי (ישראל) בעמ,IL,חליטת קסם הקינמון,גרמים,62.50,100 גרם,false,,16.90,0.2704,true,1,1339256
7290000346137,false,חליטת הילולי פירות הגן הקסום ויסוצקי 25 יחידות,תה ויסוצקי (ישראל) בעמ,IL,חליטת הילולי פירות,גרמים,62.50,100 גרם,false,,16.90,0.2704,true,1,1339257
7290000346144,false,הגן הקסום תה עינוגי התפוח ויסוצקי 25 יחידות,תה ויסוצקי (ישראל) בעמ,IL,חליטת עינוגי תפוח,גרמים,67.50,100 גרם,false,,16.90,0.2504,true,1,1339258
7290000346168,false,חליטת שומר הגן הקסום ויסוצקי 25 יחידות,תה ויסוצקי (ישראל) בעמ,IL,חליטת שומר,גרמים,37.50,100 גרם,false,,16.90,0.4507,true,1,1339260
7290000346199,false,חליטת פירות יער הגן הקסום ויסוצקי 25 יחידות,תה ויסוצקי (ישראל) בעמ,IL,חליטת פירות יער,גרמים,67.50,100 גרם,false,,16.90,0.2504,true,1,1339261
7290000346205,false,חליטת קמומיל הגן הקסום ויסוצקי 25 יחידות,תה ויסוצקי (ישראל) בעמ,IL,חליטת קמומיל,גרמים,37.50,100 גרם,false,,16.90,0.4507,true,1,1339262
7290000346212,false,חליטת מנטה הגן הקסום ויסוצקי 25 יחידות,תה ויסוצקי (ישראל) בעמ,IL,חליטת מנטה,גרמים,50.00,100 גרם,false,,16.90,0.3380,true,1,1339263
7290000346229,false,הגן הקסום תה ורד הבר והיביסקוס ויסוצקי 25 יחידות,תה ויסוצקי (ישראל) בעמ,IL,חליטת ורד הבר והיביסקוס,גרמים,75.00,100 גרם,false,,16.90,0.2253,true,1,1339264
7290000346236,false,חליטת לואיזה וורבנה הגן הקסום ויסוצקי 25 יחידות,תה ויסוצקי (ישראל) בעמ,IL,חליטת לואיזה,גרמים,50.00,100 גרם,false,,16.90,0.3380,true,1,1339265
7290000346960,false,תה ויסוצקי נענע 1.7 גרם 50יח',תה ויסוצקי (ישראל) בעמ,IL,תה נענע,גרמים,85.00,100 גרם,false,,27.90,0.3282,true,1,1339267
7290000347202,false,תה בתפזורת תה ויסוצק,תה ויסוצקי (ישראל)בעמ,,תה בתפזורת תה ויסוצק,קילוגרמים,1.00,"ק""ג",false,,32.90,32.9000,true,1,1339268
7290000347738,false,תה ירוק בתוספת עלי נענע 25 שקיקים,תה ויסוצקי (ישראל) בעמ,IL,תה ירוק נענע,גרמים,37.50,100 גרם,false,,22.90,0.6107,true,1,1339270
7290000347752,false,תה ירוק לימונית ולואיזה 25 שקיקים *1.5 ג'' ויסוצקי,תה ויסוצקי (ישראל) בעמ,IL,תה ירוק לימונית ולואיזה,גרמים,37.50,100 גרם,false,,22.90,0.6107,true,1,1339272
7290000355382,false,עגבניות מרוסקות בזיליקום טל 800 גרם,ויטה- פרי גליל (החדשה) בעמ,IL,עגב.מרוסקות בזיל. א- 2.5ט,גרמים,800.00,100 גרם,false,,6.90,0.0086,true,1,1347169
7290000355405,false,עגבניות מרוסקות A2.5 ובצל טל וטרי 800 גר',ויטה- פרי גליל (החדשה) בעמ,IL,עגב.מרוסקות בצל א- 2.5טל,גרמים,800.00,100 גרם,false,,6.90,0.0086,true,1,1347171
7290000355412,false,עגבניות מרוסקות A2.5 ושום טל וטרי 800 גר',ויטה- פרי גליל (החדשה) בעמ,IL,עגב.מרוסקות שום א- 2.5טל,גרמים,800.00,100 גרם,false,,6.90,0.0086,true,1,1347172
7290000355481,false,רסק עגבניות BX22 טומטו 600ג' A2,ויטה- פרי גליל (החדשה) בעמ,IL,רוטב עגב. א- BX22 2טומטו,גרמים,570.00,100 גרם,false,,4.90,0.0086,true,1,1347173
7290000355498,false,רוטב עגבניות A2 BX28 טומטו 580ג',ויטה- פרי גליל (החדשה) בעמ,IL,רוטב עגב. א- BX28 2טומטו,גרמים,580.00,100 גרם,false,,5.90,0.0102,true,1,1347174
7290000355757,false,עגבניות מרוסקות טריות טל 800 גרם,ויטה- פרי גליל (החדשה) בעמ,IL,עגב.מרוסקות א- 2.5טל,גרמים,800.00,100 גרם,false,,6.90,0.0086,true,1,1347179
7290000363011,false,סלמי קוניאק מובחר טירת צבי במשקל,הנסיך- מפעל לייצור ט,IL,סלמי קוניאק במשקל טירת צב,קילוגרמים,1.00,"ק""ג",true,,80.00,80.0000,true,1,1340465
7290000363189,false,סרוולד טירת צבי מעדנ,הנסיך- מפעל לייצור ט,IL,נקניק סרוולד במשקל טירת צ,קילוגרמים,1.00,"ק""ג",true,,160.00,160.0000,true,1,1340466
7290000363202,false,נקניק סלמי מעושן גליל שלם טירת צבי,הנסיך- מפעל לייצור ט,IL,נקניק גליל 700 גרם טירת צ,גרמים,600.00,100 גרם,false,,28.90,0.0482,true,1,1340467
7290000363363,false,קבנוס נקניק מעושן יבש 160 גרם,תנובה מרכז שיתופי לשיווק תוצרת,IL,קבנוס מיוחד 160 גרם טירת,גרמים,160.00,100 גרם,false,,12.90,0.0806,true,1,1340469
7290000363400,false,סלמי פפרוני טירת צבי,הנסיך- מפעל לייצור ט,IL,"סלמי פפרוני ק""ג",קילוגרמים,1.00,"ק""ג",true,,80.00,80.0000,true,1,1340470
7290000363462,false,סלמי איטלקי מעושן ט.צבי,תנובה בשר,IL,סלמי איטלקי מעושן במשקל,קילוגרמים,1.00,"ק""ג",true,,80.00,80.0000,true,1,1340471
7290000363486,false,נקניק תה טירת צבי מע,תנובה בשר,IL,נקניק תה במשקל טירת צבי,קילוגרמים,1.00,"ק""ג",true,,60.00,60.0000,true,1,1340472
7290000363899,false,נקניקיות פיקנטיות טירת צבי 400 גרם,תנובה ענף ב.ע.ד,IL,נקניקיות פיקנטיות 400 גרם,גרמים,400.00,100 גרם,false,,10.90,0.0273,true,1,1340473
7290000364131,false,סלמי פריזר כפרי טירת 400 ג' צבי,תנובה ענף ב.ע.ד,IL,פריזר כפרי 400,גרמים,400.00,100 גרם,false,,18.90,0.0472,true,1,1340475
7290000364261,false,"דקניקים, סלסולי פסטרמה כתף בקר מעושנת 120 גרם",תנובה מרכז שיתופי לשיווק תוצרת,IL,סלסולי כתף בקר 120גר' טיר,גרמים,120.00,100 גרם,false,,12.90,0.1075,true,1,1340476
7290000364285,false,דקניקים סלסולי פסטרמה הודו טירת צבי 120 גרם,תנובה מרכז שיתופי לשיווק תוצרת,IL,סלסולי פסטרמה הודו 120גר,גרמים,120.00,100 גרם,false,,12.90,0.1075,true,1,1340478
7290000364292,false,דקניקים סלסולי פסטרמה הודו על גחלים 1% טירת צבי 120 גרם,תנובה מרכז שיתופי לשיווק תוצרת,IL,סלסולי גחלים 120גר' טירת,גרמים,120.00,100 גרם,false,,12.90,0.1075,true,1,1340479
7290000364544,false,פסטרמה עוף בגריל במש,טירת צבי,IL,"פסטרמה עוף בגריל ק""ג",קילוגרמים,1.00,"ק""ג",true,,85.00,85.0000,true,1,1340481
7290000364759,false,נקניקיות וינר קרנץ טירת צבי 500 ג',הנסיך- מפעל לייצור ט,IL,נקנ' וינר קרנץ 500 גר',גרמים,500.00,100 גרם,false,,18.90,0.0378,true,1,1340482
7290000364803,false,נקניקיות בקר אמריקאיות טירת צבי 500 גרם,הנסיך- מפעל לייצור ט,IL,נקניקיות בקר בסגנון אמרי,גרמים,500.00,100 גרם,false,,24.90,0.0498,true,1,1340484
7290000364810,false,נקניקיות עגל 500 גרםטירת צבי,הנסיך- מפעל לייצור ט,IL,נקניקיות עגל 500 גרם טירת,גרמים,500.00,100 גרם,false,,24.90,0.0498,true,1,1340485
7290000364858,false,"נקניקיות עוף טרי טירת צבי 1 ק""ג",הנסיך- מפעל לייצור ט,IL,טירת צבי נקניקיות עוף טרי,קילוגרמים,1.00,"ק""ג",false,,32.90,32.9000,true,1,1340486
7290000364872,false,נקניקיות עוף טירת צבי (400 גרם),טיב טירת צבי 2000,IL,נקניקיות עוף 400 גרם טירת,גרמים,400.00,100 גרם,false,,14.90,0.0373,true,1,1340487
7290000364957,false,נקניקיות עוף מיני מיני טירת צבי 700 גרם,הנסיך- מפעל לייצור ט,IL,נקניקיות מיני מיני עוף 70,גרמים,700.00,100 גרם,false,,24.90,0.0356,true,1,1340488
7290000365046,false,פסטרמה כתף בקר מעושן,טירת- צבי,IL,"כתף מעושן ק""ג",קילוגרמים,1.00,"ק""ג",true,,110.00,110.0000,true,1,1340489
7290000365107,false,כתף בקר מפולפל{טירת צבי},תנובה קפואים,IL,כתף מפולפל במשקל טירת צבי,קילוגרמים,1.00,"ק""ג",true,,110.00,110.0000,true,1,1340491
7290000365398,false,חזה הודו בדבשטירת צבי,תנובה בשר,IL,חזה הודו בדבש במשקל טירת,קילוגרמים,1.00,"ק""ג",true,,85.00,85.0000,true,1,1340494
7290000365749,false,פס.הודו מעושנת ד.שומן קג,טירת צבי,IL,פסטרמה הודו דלת שומן טירת,קילוגרמים,1.00,"ק""ג",true,,85.00,85.0000,true,1,1340495
7290000365756,false,פסטרמה על גחלים ד.ש משקל,תנובה קפואים,IL,פסטרמה גחלים דלת שומן טיר,קילוגרמים,1.00,"ק""ג",true,,85.00,85.0000,true,1,1340496
7290000365817,false,המבורגר טירת צבי 500ג',הנסיך- מפעל לייצור ט,IL,המבורגר 500 גרם,גרמים,500.00,100 גרם,false,,19.90,0.0398,true,1,1340497
7290000365909,false,פסטרמה הודו מעושנתטירת צבי,טירת- צבי,IL,פסטרמה הודו מעושנת במשקל,קילוגרמים,1.00,"ק""ג",true,,85.00,85.0000,true,1,1340499
7290000365954,false,פסטרמה גחלים טירת צבי,תנובה בשר,IL,פסטרמה גחלים במשקל טירת צ,קילוגרמים,1.00,"ק""ג",true,,85.00,85.0000,true,1,1340500
7290000367590,false,פסטרמה כפרית וסלמי פריזר כפרי טירת צבי 2*400 גרם,תנובה מרכז שיתופי לשיווק תוצרת,IL,צמד כפרי 800 גרם טירת צבי,גרמים,800.00,100 גרם,false,,34.90,0.0436,true,1,1340502
7290000369037,false,קוביות בולגרית מתובלות 200 גר,גבינות אמיר ניצן בעמ,,סלט קוביות בולגרית 2,גרמים,200.00,100 גרם,false,,14.90,0.0745,true,1,2266734
7290000369297,false,מעדן עגבניות מיובשות,גבינות אמיר ניצן בעמ,,מעדן גבינת שמנת מתוב,קילוגרמים,1.00,"ק""ג",true,,45.90,45.9000,true,1,2366106
7290000369341,false,לבנה אבו גוש ירוק15%משקל,גבינות אמיר ניצן בעמ,,לבנה אבו גוש,קילוגרמים,1.00,"ק""ג",true,,50.00,50.0000,true,1,2276310
7290000369365,false,מעדן גבינה בולגרית עם חציל 9% ניצן 200 גרם,גבינות אמיר ניצן בעמ,,מעדן חציל וגבינה בול,גרמים,200.00,100 גרם,false,,12.90,0.0645,true,1,2266695
7290000369617,false,מעדן כדורי פטה בשמן מתובל ניצן 230 גרם,גבינות אמיר ניצן בעמ,,כדורי פטה 150 גרם,גרמים,150.00,100 גרם,false,,16.90,0.1127,true,1,2266735
7290000369709,false,חמאה עירונית בתוספת ריחן ושום טרי גבינות ניצן 100 גרם,גבינות אמיר ניצן בעמ,,ממרח חמאה 100 גרם,גרמים,100.00,100 גרם,false,,12.90,0.1290,true,1,2266696
7290000377209,false,בוטנים מטוגנים קליית גת (200 גרם),ליימן שליסל בעמ,,בוטן מטוגן בשקית,גרמים,200.00,100 גרם,false,,7.90,0.0395,true,1,1326285
7290000377445,false,נש צ'אנס קליית גת 200 גרם,ליימן שליסל בעמ,,פיצוחים נש צ'אנס.,גרמים,200.00,100 גרם,false,,8.90,0.0445,true,1,1326286
7290000377452,false,גרעיני אבטיח קלויים ומלוחים קלית גת 200,הדקלאים אגודת שיתופי,,גרעיני אבטיח,גרמים,200.00,100 גרם,false,,13.90,0.0695,true,1,1326287
7290000408316,false,יוגורט דנונה דל לקטוז 200 גרם,שטראוס גרופ בעמ/מצונן,IL,"דנונה ביו טבעי 3%, 200 גר",גרמים,200.00,100 גרם,false,,3.30,0.0165,true,1,1341797
7290000408354,false,יוגורט עם אורז מצופה שוקולד קקאו 175 ג' דנונה,שטראוס גרופ בעמ/מצונן,IL,בר פיצפוצים בודד – מקט הח,גרמים,173.00,100 גרם,false,,4.50,0.0260,true,1,1341798
7290000412139,false,נוזל רצפות בניחוח אורנים ריצפז 3 ליטר,"סנו מפעלי ברונוס בע""\מ",IL,ריצפז אורנים 3 ליטר,ליטרים,3.00,ליטר,false,,15.90,5.3000,true,1,1319648
7290000412481,false,נוזל לניקוי אסלות 00 סנו (1 ליטר),החברה הדרומית לשיווק בעמ,IL,"מנקה אסלות ""00"" 1 ליטר",ליטרים,1.00,ליטר,false,,8.90,8.9000,true,1,1319650
7290000412764,false,"פזטוקס קוטל חרקים סנו 630 מ""ל",החברה הדרומית לשיווק בעמ,,קוטל יתושים פזטוקס,מיליליטרים,630.00,"100 מ""ל",false,,16.90,0.0268,true,1,1319651
7290000416021,false,ממרח בטעם שוקולד השחר העולה (500 גרם),השחר העולה תעשית ממתקים בעמ,IL,קרם מובחר למריחה השחר 500,גרמים,500.00,100 גרם,false,,13.90,0.0278,true,1,1319481
7290000416045,false,ממרח בטעם שוקולד השחר העולה (1 קג),השחר העולה תעשית ממתקים בעמ,IL,קרם מובחר למריחה השחר 1 ק,גרמים,1000.00,100 גרם,false,,24.90,0.0249,true,1,1319482
7290000416076,false,"צימקאו לאפייה וציפוי השחר 400 גרם כשל""פ",השחר העולה תעשית ממתקים בעמ,IL,צימקאו שוקולד לבישול השחר,גרמים,400.00,100 גרם,false,,12.90,0.0323,true,1,1319483
7290000416618,false,"ממרח שוקולד פרווה השחר 400 גרם כשל""פ",השחר העולה תעשית ממתקים בעמ,IL,קרם מובחר למריחה בדץ השחר,גרמים,400.00,100 גרם,false,,11.90,0.0298,true,1,1319489
7290000416632,false,"ממרח שוקולד פרווה השחר 1 ק""ג כשל""פ",השחר העולה תעשית ממתקים בעמ,IL,קרם מובחר למריחה פרווה הש,גרמים,1000.00,100 גרם,false,,24.90,0.0249,true,1,1319490
7290000416809,false,ממרח חצי חצי נוגט אגוזים וקרם חלב השחר 350ג',השחר העולה תעשית ממתקים בעמ,,קרם למריחה וממרח חלב,גרמים,350.00,100 גרם,false,,11.90,0.0340,true,1,1824918
7290000416854,false,אבקת קקאו השחר העולה (150 גרם),השחר העולה תעשית ממתקים בעמ,IL,קקאו השחר 150 גרם,גרמים,150.00,100 גרם,false,,8.90,0.0593,true,1,1319492
7290000416922,false,השחר ממרח חלב 350 גרם,השחר העולה תעשית ממתקים בעמ,,ממרח חלב,גרמים,350.00,100 גרם,false,,11.90,0.0340,true,1,1824919
7290000419107,false,לנדוור קפה מקורי לבוקר טחון טורקי 100 גרם,קפה לנדוור בע''מ,IL,לנדוור קפה שחור המקורי 10,גרמים,100.00,100 גרם,false,,7.90,0.0790,true,1,1305439
7290000419114,false,קפה טחון שחור לנדוור 200 גר,"קפה לנדוור בע""\מ",IL,לנדוור קפה שחור המקורי 20,גרמים,200.00,100 גרם,false,,14.90,0.0745,true,1,1305440
7290000419220,false,לנדוור כחול המקורי קפה טחון טורקי 3*100 גרם 16 יח',ש.שסטוביץ בעמ,IL,לנדוור קפה שחור המקורי 10,גרמים,300.00,100 גרם,false,,19.90,0.0663,true,1,1305441
7290000419374,false,לנדוור לבוקר קפה טחון טורקי 3*100 גרם 16 יח',ש.שסטוביץ בעמ,IL,לנדוור קפה שחור לבוקר 100,גרמים,300.00,100 גרם,false,,19.90,0.0663,true,1,1305442
7290000419893,false,לנדוור קפה שחור חזק טחון טורקי 100 גרם,מולינו ניקולי s.p.a,IL,לנדוור קפה שחור לבוקר 100,גרמים,100.00,100 גרם,false,,7.90,0.0790,true,1,1305443
7290000419909,false,לנדוור קפה שחור לבוקר טחון טורקי 100 גרם,מולינו ניקולי s.p.a,IL,לנדוור קפה שחור בטעם אספר,גרמים,100.00,100 גרם,false,,7.90,0.0790,true,1,1305444
7290000419923,false,לנדוור קפה אספרסו טחון בואקום 200 גר,ש.שסטוביץ בעמ,IL,לנדוור קפה אספרסו 100% ער,גרמים,200.00,100 גרם,false,,24.90,0.1245,true,1,1305445
7290000420325,false,"פופסטאר פופקורן למקירוגל בטעם טבעי 5 שקיות,500 גרם",פרסטון פארמס,US,פופסטאר טבעי 5יח',גרמים,500.00,100 גרם,false,,12.90,0.0258,true,1,1352974
7290000420332,false,פופסטאר פופקורן למיקרוגל בטעם חמאה 5 יחידות 500 גרם,פרסטון פארמס,US,פופסטאר חמאה 5יח',גרמים,500.00,100 גרם,false,,12.90,0.0258,true,1,1352975
7290000442013,false,"פמינה - שטיפה אינטימית לנערות 220 מ""ל",פמינה,IL,"פמינה יאנג 220 מ""ל",מיליליטרים,220.00,"100 מ""ל",false,,19.90,0.0905,true,1,1346416
7290000442044,false,פמינה תחליב רחצה אינטימי חמוציות 220 מל,גורי ע.ע.ע. בע`מ,IL,פמינה חמוציות,מיליליטרים,220.00,"100 מ""ל",false,,24.90,0.1132,true,1,1346417
7290000442310,false,טפטפים בייביסקין משחה לטוסיק מבושם 100,"רצט שקיים בע""מ",IL,בייביסקין קרם שפורפרת,מיליליטרים,100.00,"100 מ""ל",false,,9.90,0.0990,true,1,1346420
7290000442587,false,"קרם רב שימושי תוספת 33% גינקו 220 מ""ל.",כ.צ.ט,IL,"גינקו רב שימושי 250 מ""ל",מיליליטרים,220.00,"100 מ""ל",false,,22.90,0.1041,true,1,1346421
7290000445595,false,בונז'ור לחמנית המבור,,,בונז'ור לחמנית המבור,יחידה,0.00,יחידה,false,,10.90,0.0000,true,1,2400336
7290000446110,false,פריכיות אורז עם מלח בטר אנד דיפרנט 100 גרם,בטר אנד דיפרנט בעמ,IL,פריכיות עם מלח 100 גרם,גרמים,100.00,100 גרם,false,,4.90,0.0490,true,1,1348162
7290000446127,false,פירכיות אורז ללא מלח בטר אנד דיפרנט 100 גרם,בטר אנד דיפרנט בעמ,IL,פריכיות ללא מלח 100 גרם,גרמים,100.00,100 גרם,false,,4.90,0.0490,true,1,1348163
7290000446257,false,בטר אנד דיפרנט דיסת אורז 200 גר',בטר אנד דיפרנט בעמ,IL,דייסת אורז 200 גרם,גרמים,200.00,100 גרם,false,,9.90,0.0495,true,1,1348164
7290000446264,false,בטר אנד דיפרנט דיסת קורנפלור,השדה מוצרים אורגניים,IL,דייסת קורנפלור 200 גרם,גרמים,200.00,100 גרם,false,,9.90,0.0495,true,1,1348165
7290000446394,false,דייסת שיבולת שועל בטר אנד דיפרנט 200 גרם,בטר אנד דיפרנט בעמ,IL,דייסת קווקר 200 גרם,גרמים,200.00,100 גרם,false,,9.90,0.0495,true,1,1348169
7290000446547,false,חמאת בוטנים טבעית בטר אנד דיפרנט 350 גרם,"בטר אנד דיפרנט בע""מ",IL,חמאת בוטנים טבעית 350 גר,גרמים,350.00,100 גרם,false,,12.90,0.0369,true,1,1348172
7290000446554,false,"חמאת בוטנים טבעית בטר אנד דיפרנט 1 ק""ג",בטר אנד דיפרנט בעמ,IL,"חמאת בוטנים טבעית 1 ק""ג",גרמים,1000.00,100 גרם,false,,24.90,0.0249,true,1,1348173
7290000446806,false,דייסת דגנים מעורבים בטר אנד דיפרנט 200 גרם,השדה מוצרים אורגניים,IL,דייסת דגנים מעורבים 200 ג,גרמים,200.00,100 גרם,false,,9.90,0.0495,true,1,1348176
7290000446943,false,פריכיות אורז כוסמת 100ג' בי&די,בטר אנד דיפרנט בעמ,IL,פריכיות כוסמת 100 גרם,גרמים,100.00,100 גרם,false,,4.90,0.0490,true,1,1348181
7290000450209,false,נתחי טונה בהירה בשמן פוסידון (108 גרם),נטו מלינדה סחר בע`מ,IL,טונה פוסידון,גרמים,77.00,100 גרם,false,,4.90,0.0636,true,1,1329444
7290000453019,false,שמרים טריים לאפייה שקית שמרית 50 ג',שטראוס גרופ בעמ/מצונן,IL,שמרית (שקית),גרמים,50.00,100 גרם,false,,4.20,0.0840,true,1,1341799
7290000453125,false,שמרית שמרים טריים לאפיה +משפר אפיה 100ג,שטראוס גרופ בעמ/מצונן,IL,שמרית + משפר לאפיה ביתית,גרמים,100.00,100 גרם,false,,7.40,0.0740,true,1,1341800
7290000453385,false,שמרים יבשים פארא אינסטנט 500 גרם עלית,שטראוס גרופ בע`מ,,שמרים יבשים פאקא אינ,גרמים,500.00,100 גרם,false,,11.90,0.0238,true,1,1404367
7290000453408,false,בצק פיצה דק מצונן ומוכן לאפייה שמרית 415 גרם,שטראוס גרופ בעמ/מצונן,,בצק פיצה דק מוכן לאפ,גרמים,415.00,100 גרם,false,,14.90,0.0359,true,1,2277862
7290000453415,false,בצק עלים מצונן ומוכן לאפייה שמרית 300 גרם,שטראוס גרופ בעמ/מצונן,,בצק עלים מוכן לאפיה,גרמים,300.00,100 גרם,false,,14.90,0.0497,true,1,2277855
7290000453422,false,בצק פילו מצונן ומוכן לאפייה שמרית 300 גרם,שטראוס גרופ בעמ/מצונן,,בצק פילו מוכן לאפיה,גרמים,300.00,100 גרם,false,,14.90,0.0497,true,1,2277856
7290000453446,false,פיצה קראסט בצק שמרים מצונן להכנת פיצה ופוקצ'ה,שטראוס גרופ בעמ/מצונן,,בצק פיצה קראסט שימרי,גרמים,500.00,100 גרם,false,,14.90,0.0298,true,1,2377146
7290000453781,false,שמרים יבשים שמרית 125 גרם,"פאקא תעשיות בע""מ",,שמרים יבשים שמרית,גרמים,125.00,100 גרם,false,,5.90,0.0472,true,1,2060152
7290000453798,false,שמרית שמרים יבשים אקטיביים 500 גר',"גי' בי' רכיבים בע""מ",,שמרים אקטיבים לעוגות,גרמים,500.00,100 גרם,false,,14.90,0.0298,true,1,1413868
7290000453866,false,נטורינה תחליף מרגרינה לבישול ואפיה קוקוס שמרית 200 גרם,שטראוס גרופ בעמ/מצונן,,תחליף מרגרינה נטורינ,גרמים,200.00,100 גרם,false,,6.90,0.0345,true,1,1807735
7290000453880,false,מרגרינה ללא מלח לאפיה ובישול שמרית 200גר,שטראוס גרופ בעמ (ח),,מרגרינה ללא מלח לאפי,גרמים,200.00,100 גרם,false,,5.90,0.0295,true,1,1414442
7290000453897,false,מרגרינה בטעם חמאה שמרית 200 גרם,גרונבאנג- גרונדנסק א,,מרגרינה בטעם חמאה לא,גרמים,200.00,100 גרם,false,,5.90,0.0295,true,1,1414443
7290000461625,false,בייגלה שמיניות מלח בייגל בייגל 400 ג',יוניליוור ישראל שיווק בע`מ,IL,בייגל בייגל בייגלה מלח 40,גרמים,400.00,100 גרם,false,,9.90,0.0248,true,1,1341174
7290000461656,false,בייגלה מקלות מלוחים בייגל בייגל 400 גרם,יוניליוור ישראל שיווק בע`מ,IL,אחד אחד 400גר,גרמים,400.00,100 גרם,false,,9.90,0.0248,true,1,1341176
7290000461793,false,בייגלה ארוך ארוך סידרה ירוקה בייגל בייגל 150 גרם,יוניליוור ישראל שיווק בע`מ,IL,ארוך ארוך 150גר,גרמים,150.00,100 גרם,false,,5.90,0.0393,true,1,1341180
7290000462103,false,סחוג תימני אדום חריף עדין זהבי הכרם 150 גרם,שטראוס גרופ בעמ/מצונן,IL,זחוק תימני אדום חריף עדין,גרמים,150.00,100 גרם,false,,7.90,0.0527,true,1,1341801
7290000462141,false,סחוג אדום תימני מקורי חריף מאוד זהבי 150 גרם,שטראוס גרופ בעמ/מצונן,IL,זחוק תימני אדום חריף מאוד,גרמים,150.00,100 גרם,false,,7.90,0.0527,true,1,1341802
7290000462172,false,סחוג זחוק ירוק תימני חריף זהבי (150 גרם),שטראוס גרופ בעמ/מצונן,IL,זחוק תימני ירוק חריף 150,גרמים,140.00,100 גרם,false,,7.90,0.0564,true,1,1341803
7290000462981,false,סחוג זחוק חריף אש זהבי (150 גרם),שטראוס גרופ בעמ/מצונן,,סחוג חריף אש 150 גרם,גרמים,150.00,100 גרם,false,,7.90,0.0527,true,1,2308787
7290000467153,false,מלך החומוס סמיר הגדול 400 גרם צבר,קבוצת אוסם סחר שותפות מוגבלת,IL,צבר מלך החומוס סמיר הגדול,גרמים,400.00,100 גרם,false,,11.90,0.0298,true,1,1305473
7290000467207,false,חרוזים מתובל,,,חרוזים מתובל,קילוגרמים,1.00,"ק""ג",true,,39.00,39.0000,true,1,1345528
7290000467214,false,סורי מתובל,,,סורי מתובל,קילוגרמים,1.00,"ק""ג",true,,49.00,49.0000,true,1,1345529
7290000467320,false,מלך החומוס אבו מרוואן 400 גרם,קבוצת אוסם סחר שותפות מוגבלת,IL,צבר מלך החומוס אבו מרוואן,גרמים,400.00,100 גרם,false,,10.90,0.0273,true,1,1305478
7290000469638,false,"ספריי לגיהוץ קל מריטו 500 מ""ל",בולטון מניטובה,IT,מריטו ספריי לגיהוץ קל,מיליליטרים,500.00,"100 מ""ל",false,,21.90,0.0438,true,1,1338593
7290000474076,false,"חלב קרטון 3%-1 ליטר ""טרה""-מוצר בפיקוח",החברה המרכזית טלהפצת משקאות בע,IL,חלב בקרטון 3%-1 לי מהדרין,ליטרים,1.00,ליטר,false,,6.20,6.2000,true,1,1328454
7290000474090,false,"חלב בקרטון 1%- 1 ליטר בד""צ - מוצר בפיקוח",החברה המרכזית טלהפצת משקאות בע,IL,חלב בקרטון 1%- 1 ליטר,ליטרים,1.00,ליטר,false,,5.85,5.8500,true,1,1328455
7290000474373,false,"שמנת חמוצה 15% שומן 200 מ""ל טרה",החברה המרכזית טלהפצת משקאות בע,IL,"שמנת חמוצה - 200 מ""ל",מיליליטרים,200.00,"100 מ""ל",false,,2.40,0.0120,true,1,1328460
7290000474502,false,גבינה לבנה טרה 5% מרכיבים טבעיים,החברה המרכזית טלהפצת משקאות בע,IL,גבינה לבנה 250 גרם 5% מהד,גרמים,250.00,100 גרם,false,,4.95,0.0198,true,1,1328463
7290000474540,false,טוב טעם גבינה לבנה 3% טרה 250 גרם,החברה המרכזית טלהפצת משקאות בע,IL,טוב טעם 3% -250גרם מהדרין,גרמים,250.00,100 גרם,false,,10.90,0.0436,true,1,1328464
7290000474830,false,נעם גבינה צהובה מגורדת 28% טרה 500 גרם,החברה המרכזית טלהפצת משקאות בע,IL,"כתר מרוסקת 28% 0.5 ק""ג",גרמים,500.00,100 גרם,false,,31.90,0.0638,true,1,1328465
7290000480107,false,קוואקר שיבולת שועל פחית 500 גרם,שטראוס פריטו ליי בעמ,CH,קוואקר שיבולת שועל פחית 5,גרמים,500.00,100 גרם,false,,12.90,0.0258,true,1,1343189
7290000480442,false,קוואקר שיבולת שועל בשקית 500 גרם,שטראוס פריטו ליי בע`מ,CH,קוואקר שיבולת שועל שקית 5,גרמים,500.00,100 גרם,false,,11.90,0.0238,true,1,1343190
7290000482019,false,שקיות לצליה קוקי 10 יחידות,"ש. שסטוביץ בע""מ",IL,קוקי רגיל שקיות צליה 10 י,יח',10.00,יח',false,,10.90,1.0900,true,1,1338594
7290000482033,false,שקיות לצליה בתנור ובמיקרוגל קוקי 5 יחידות,הנסיך- מפעל לייצור ט,IL,קוקי ענק שקיות צליה 5 יח,יח',5.00,יח',false,,10.90,2.1800,true,1,1338596
7290000483139,false,מרציפן גולמי המרשלג 100 גרם,"המרשלג פרלינס בע""מ",IL,המרשלג מרצ' גולמי 100גר,גרמים,100.00,100 גרם,false,,9.90,0.0990,true,1,1318896
7290000483412,false,קישוטי עוגה טיפטופים,המרשלג פרלינס בעמ,IL,60G המרשלג טפטופים,גרמים,60.00,100 גרם,false,,14.90,0.2483,true,1,1318898
7290000483641,false,מרציפן חלה המרשלג 75 גרם,"המרשלג פרלינס בע""מ",IL,75Gהמרשלג מרצ' חלה,גרמים,75.00,100 גרם,false,,7.90,0.1053,true,1,1318899
7290000483887,false,חטיף מרציפן ללא תוספת סוכר המרשלג 75 גרם,קריות זול,IL,75Gהמרשלג ללא סוכר,גרמים,75.00,100 גרם,false,,14.90,0.1987,true,1,1318900
7290000484549,false,"כהל 96% לשתיה 750 מ""ל",,,כהל 96%,מיליליטרים,750.00,"100 מ""ל",false,,129.00,0.1720,true,1,1349793
7290000484747,false,"ארק עלית 700 מ""ל 40% יקב הגליל*",יקב הגליל יוסף גולד ובניו,,עלית הארק,מיליליטרים,700.00,"100 מ""ל",false,,54.90,0.0784,true,1,1432037
7290000490601,false,גלידל וניל פלדמן מארז שמינייה,הגלידות של פלדמן,,שלגוני גלידל שמינייה,גרמים,400.00,100 גרם,false,,29.90,0.0747,true,1,1334708
7290000493176,false,אסם אבקת רוטב צלי לבשר 22 ג',קבוצת אוסם סחר שותפות מוגבלת,IL,אסם רוטב צלי 22 גרם,גרמים,22.00,100 גרם,false,,3.90,0.1773,true,1,1305481
7290000493183,false,אבקת רוטב פטריות לבשר-30 גרם,קבוצת אוסם סחר שותפות מוגבלת,IL,אסם רוטב פטריות 30 גרם,גרמים,30.00,100 גרם,false,,4.90,0.1633,true,1,1305482
7290000497044,false,לחם אקטיב ברמן (750 גרם),מאפית י את א ברמן בע,,לחם אקטיב 750 גר'.,גרמים,750.00,100 גרם,false,,13.90,0.0185,true,1,1327381
7290000497112,false,"לחם כהה פרוס וארוז ""ברמן""-מוצר בפיקוח",מאפית י את א ברמן בע,,לחם אחיד כהה פרוס 75,גרמים,750.00,100 גרם,false,,6.90,0.0092,true,1,1327382
7290000497136,false,חלה פרוסה 500גר ארוז231*,"י.את.א.ברמן בע""\מ",,חלה פרוסה ברמן 500 ג,גרמים,500.00,100 גרם,false,,8.90,0.0178,true,1,1327383
7290000497228,false,לחמניה רגילה בשקית ברמן 6יח',מאפית י את א ברמן בע,,מארז 6 לחמניות 450 ג,גרמים,450.00,100 גרם,false,,10.00,0.0222,true,1,1327385
7290000497273,false,לחמניות אקטיב ברמן שישייה 450 גרם,מאפית י את א ברמן בע,,מארז 6 לחמניות אקטיב,גרמים,450.00,100 גרם,false,,11.90,0.0264,true,1,1454683
7290000497303,false,"שישיית לחמניות מקמח מלא ""ברמן""",מאפית י את א ברמן בע,,מארז 6 לחמניות קמח מ,גרמים,450.00,100 גרם,false,,11.90,0.0264,true,1,1327386
7290000497358,false,חלומית חלה מתוקה קלועה ברמן (500 גרם),מאפית י את א ברמן בע,,חלה מתוקה חלומית ארו,גרמים,500.00,100 גרם,false,,11.90,0.0238,true,1,1327387
7290000497426,false,לחם ברמן לענין פלוס 500 גרם,מאפית י את א ברמן בע,,ברמן לעניין קל 500 ג,גרמים,500.00,100 גרם,false,,13.90,0.0278,true,1,1327388
7290000497488,false,חלה פלוס ברמן( 500 גרם),מאפית י את א ברמן בע,,חלה קלה ברמן 500 גרם,גרמים,500.00,100 גרם,false,,13.90,0.0278,true,1,1327390
7290000497617,false,רוגאלך שוקולד ברמן 500 גר',י.את א. ברמן בעמ,,רוגלאך 500 גרם.,גרמים,500.00,100 גרם,false,,11.90,0.0238,true,1,1327393
7290000498034,false,לחם אי פרי קמח כוסמין מלא 750 גר',מאפית י את א ברמן בע,,לחם מקמח כוסמין מלא,גרמים,750.00,100 גרם,false,,14.90,0.0199,true,1,2281157
7290000498393,true,חלה מתוקה עגולה לא א,,,חלה מתוקה עגולה לא א,גרמים,500.00,100 גרם,false,,7.90,0.0158,true,1,2370753
7290000504025,false,ממתיק סוכרזית פטרייה עלית 300 גרם,אף.סי תבליני בגליל ב,IL,פטריה 300,גרמים,24.00,100 גרם,false,,7.90,0.3292,true,1,1342493
7290000504049,false,סוכרזית קלאסי קנקן 1200 טבליות,אף.סי תבליני בגליל ב,IL,קנקן 1200,יח',1200.00,יח',false,,22.90,0.0191,true,1,1342495
7290000504209,false,"סוכרזית דיאט טיפ נוזלי 220 מ""ל",אף.סי תבליני בגליל ב,IL,כשלפ דיאטיפ,מיליליטרים,220.00,"100 מ""ל",false,,17.90,0.0814,true,1,1342496
7290000504261,false,סוויט דיאט כמו סוכר ממתיק אבקתי 65ג',שטראוס גרופ בע`מ,IL,סוויט דיאט כמו סוכר 6צנצנ,גרמים,100.00,100 גרם,false,,23.90,0.2390,true,1,1342497
7290000504278,false,ממתיק סוכרזית אריזת פטנט 700 טבליות,אף.סי תבליני בגליל ב,IL,פטנט 700,יח',700.00,יח',false,,15.90,0.0227,true,1,1342498
7290000518114,false,מתוק וקל אבקה ללא סודיום 200 גרם,מתוק וקל בע`מ,,מתוק וקל אבקה,גרמים,200.00,100 גרם,false,,6.90,0.0345,true,1,1353473
7290000518121,false,מתוק וקל אריזה 50 שקיות 50 גרם,מתוק וקל בע`מ,,מתוק וקל 50 גרם,גרמים,50.00,100 גרם,false,,4.90,0.0980,true,1,1353474
7290000518152,false,ממתיק זהב מתוק וקל 50 שקיות,מתוק וקל בע`מ,,מתוק וקל זהב,גרמים,50.00,100 גרם,false,,5.90,0.1180,true,1,1353475
7290000518169,false,ממתיק מתוק וקל 1000 טבליות,מתוק וקל בע`מ,,מתוק וקל 1000,גרמים,80.00,100 גרם,false,,7.90,0.0988,true,1,1353476
7290000518176,false,מתוק וקל 250 שקיות 250 גרם,מתוק וקל בע`מ,,מתוק וקל,גרמים,250.00,100 גרם,false,,19.90,0.0796,true,1,1353477
7290000518190,false,מתוק וקל סטיביה 100 יחידות,מתוק וקל,,מתוק וקל סטיביה 100,גרמים,80.00,100 גרם,false,,19.90,0.2487,true,1,1559207
7290000518220,false,ממתיק סוכרה דיאט 100 יחידות,מתוק וקל בעמ,,סוכרה דיאט,גרמים,80.00,100 גרם,false,,19.90,0.2487,true,1,1559208
7290000518237,false,סוכרה דיאט אבקת 100 גרם,מתוק וקל בעמ,,סוכרה דיאט אבקה 100,גרמים,100.00,100 גרם,false,,19.90,0.1990,true,1,1559209
7290000518251,false,ממתיק זהב מתוק וקל 100 יחידות,מתוק וקל בע`מ,,מתוק וקל,גרמים,100.00,100 גרם,false,,11.90,0.1190,true,1,1353478
7290000518336,false,ממתק צמר גפן מתוק מסיבים תזונתיים,מתוק וקל בעמ,,צמר גפן מתוק עשוי סי,גרמים,10.00,100 גרם,false,,4.90,0.4900,true,1,2359399
7290000518398,false,"סוכרה דיאט טיפות 150 מ""ל",פתח תקווה,,סוכרה דיאט טיפות 150,מיליליטרים,150.00,"100 מ""ל",false,,24.90,0.1660,true,1,1559211
7290000521008,false,יין אדום יבש של סגל (750 מל),"כרמי צבי - אחים סגל בע""\",,"יין סגל אדום 750 מ""ל",מיליליטרים,750.00,"100 מ""ל",false,,24.90,0.0332,true,1,1323903
7290000521015,false,יין לבן יבש של סגל (750 מל),"מיוצר ע""י כרמי צבי-",,"יין סגל לבן 750 מ""ל",מיליליטרים,750.00,"100 מ""ל",false,,24.90,0.0332,true,1,1323904
7290000521022,false,"של סגל, יין לבן חצי יבש 750 מ""ל","מיוצר ע""י כרמי צבי-",,יין לבן חצי יבש 750,מיליליטרים,750.00,"100 מ""ל",false,,24.90,0.0332,true,1,1323905
7290000521404,false,"יין מרום גליל קברנה סוביניון סינגל 750 מ""ל",כרמי צבי אחים סגל בע,,יין מרום גליל סובניו,מיליליטרים,750.00,"100 מ""ל",false,,49.90,0.0665,true,1,1323911
7290000521411,false,יין מרום גליל סינגל מרלו 750 מל,כרמי צבי אחים סגל בע,,יין מרום גליל מרלו 7,מיליליטרים,750.00,"100 מ""ל",false,,49.90,0.0665,true,1,1323912
7290000521428,false,"יין שרדונה מרום גליל 750 מ""ל","כרמי צבי-אחים סגל בע""\מ",,יין מרום גליל שרדונה,מיליליטרים,750.00,"100 מ""ל",false,,49.90,0.0665,true,1,1323913
7290000522159,false,חלב הרים טהור-עמיד- קרטון 1 לי 1%,"מחלבות רמת הגולן בע""",IL,חלב הרים טהור 1 ליטר 1% מ,ליטרים,1.00,ליטר,false,,9.90,9.9000,true,1,1328470
7290000522166,false,חלב הרים טהור-עמיד- נטול לקטוז 1 לי 3%,"מחלבות רמת הגולן בע""",IL,חלב הרים טהור נטול לקטוז,ליטרים,1.00,ליטר,false,,10.90,10.9000,true,1,1328471
7290000522272,false,"שמנת לקפה רמת הגולן 10% 500 מ""ל עמידה",מחלבות רמת הגולן,IL,"שמנת לקפה 10% שומן 500 מ""",מיליליטרים,500.00,"100 מ""ל",false,,8.90,0.0178,true,1,1328474
7290000523125,false,מלח הארץ הים האדום 250 ג' עדין,"חברת מלח הארץ אילת בע""\מ",IL,מלח הים האדום 250 גרם,גרמים,250.00,100 גרם,false,,5.40,0.0216,true,1,1339274
7290000523224,false,מלח הארץ הים האדום 500 ג' עדין,"חברת מלח הארץ אילת בע""\מ",IL,מלח הים האדום 500 גרם,גרמים,500.00,100 גרם,false,,7.90,0.0158,true,1,1339275
7290000523514,false,מלח ים יבש מופחת נתרן מלח הארץ (250 גרם),"חברת מלח הארץ אילת בע""\מ",IL,מלח הארץ מופחת נתרן 250 ג,גרמים,250.00,100 גרם,false,,9.90,0.0396,true,1,1339276
7290000523521,false,מלח ים מלח הארץ 250 גרם מועשר ביוד,חברת מלח הארץ אילת ב,IL,מלח הארץ מועשר ביוד 250 ג,גרמים,250.00,100 גרם,false,,5.90,0.0236,true,1,1339277
7290000523804,false,"מלח עדין צנצנת 1 ק""ג מלח הארץ","חברת מלח הארץ אילת בע""\מ",IL,"מלח הים האדום צנצנת 1 ק""ג",קילוגרמים,1.00,"ק""ג",false,,6.90,6.9000,true,1,1339278
7290000523811,false,"צנצנת מלח גס 1 ק""ג מלח הארץ","חברת מלח הארץ אילת בע""\מ",IL,"מלח הים האדום צנצנת 1 ק""ג",קילוגרמים,1.00,"ק""ג",false,,6.90,6.9000,true,1,1339279
7290000525969,false,מיץ תפוזים סחוט רכיבים טבעיים פרימור 1 ליטר,שטראוס גרופ בעמ/מצונן,IL,מיץ תפוזים סחוט 1 ליטר,ליטרים,1.00,ליטר,false,,15.90,15.9000,true,1,1341804
7290000530024,false,נקניק תה מעושן רחב במשקל,נקניק זוגלובק נהריה,,נקניק תה מעושן רחב,קילוגרמים,1.00,"ק""ג",true,,60.00,60.0000,true,1,1322578
7290000530031,false,סלמי פיין צר זוגלובק,זוגלובק,,נקניק סלמי פיין,קילוגרמים,1.00,"ק""ג",true,,70.00,70.0000,true,1,1322579
7290000530048,false,נקניק סלמי פפרוני במ,נקניק זוגלובק נהריה,,נקניק סלמי פפרוני,קילוגרמים,1.00,"ק""ג",true,,60.00,60.0000,true,1,1322580
7290000530062,false,נקניק מעושן איטלקי במשקל,זוגלובק שיווק בעמ,,נקניק מעושן איטלקי,קילוגרמים,1.00,"ק""ג",true,,85.00,85.0000,true,1,1322581
7290000530086,false,נקניק סלמי מעושן 7000 זוגלובק (600 גרם),נקניק נהריה כשר זוגל,,נקניק מעושן,גרמים,600.00,100 גרם,false,,29.90,0.0498,true,1,1322582
7290000530093,false,פסטרמה חרמון במשקל BBQ מעדניה,נקניק זוגלובק נהריה,,פסטרמה חרמון,קילוגרמים,1.00,"ק""ג",true,,55.00,55.0000,true,1,1322583
7290000530109,false,קבנוס זוגי בואקום זוגלובק 180ג',נקניק נהריה כשר זוגל,,זוג קבנוס,גרמים,360.00,100 גרם,false,,24.90,0.0692,true,1,1322584
7290000530116,false,נקניק סלמי מעושן בשן 470 ג' זוגלובק,נקניק נהריה כשר זוגל,,נקניק סלמי בשן,גרמים,420.00,100 גרם,false,,19.90,0.0474,true,1,1322585
7290000530178,false,קוניאק זוגלובק שקילה,זוגלובק שיווק בעמ,,סלמי קוניאק,קילוגרמים,1.00,"ק""ג",true,,85.00,85.0000,true,1,1322586
7290000530260,false,נקניק מרטדלה רחב במשקל,זוגלובק שיווק בעמ,,נקניק מרטדלה רחב,קילוגרמים,1.00,"ק""ג",true,,40.00,40.0000,true,1,1322588
7290000530369,false,פסטרמה גולן חזה הודו מעושן מעדניה,נקניק זוגלובק נהריה,,חזה הודו גולן,קילוגרמים,1.00,"ק""ג",true,,85.00,85.0000,true,1,1322591
7290000530413,false,המבורגר זהב זוגלובק 400 גרם,נקניק נהריה כשר זוגל,,המבורגר זהב 400 גרם,גרמים,400.00,100 גרם,false,,19.90,0.0497,true,1,1322592
7290000530444,false,כתף בקר מעושן אורלנדו מש,זוגלובק שיווק בעמ,,כתף בקר מעושן,קילוגרמים,1.00,"ק""ג",true,,110.00,110.0000,true,1,1322593
7290000530468,false,נקניקיות וניר 1 קג` זוגלובק,זוגלובק שיווק בעמ,,"נקניקיות וינר 1 ק""ג",קילוגרמים,1.00,"ק""ג",false,,24.90,24.9000,true,1,1322594
7290000530598,false,נקניקיות עוף וינר זוגלובק 500 גרם,נקניק נהריה כשר זוגל,,נקניקיות וינר 500 גר,גרמים,500.00,100 גרם,false,,12.90,0.0258,true,1,1322595
7290000530703,false,פסטרמה חרמון כפרית ונקניק תה מעושן זוגלובק 2*400 גרם,נקניק נהריה כשר זוגל,,חרמון 400 גרם + תה מ,גרמים,800.00,100 גרם,false,,29.90,0.0374,true,1,1322597
7290000530871,false,פסטרממיה חזה עוף מעו,,,פסטרמה חזה עוף,קילוגרמים,1.00,"ק""ג",true,,85.00,85.0000,true,1,1322599
7290000531410,false,פסטרממיה בדבש טהור במשקל,נקניק זוגלובק נהריה,,פסטרממיה בדבש,קילוגרמים,1.00,"ק""ג",true,,85.00,85.0000,true,1,1322601
7290000531601,false,סטייק בורגר בקר זהב 400 גרם קפוא,נקניק נהריה כשר זוגל,,סטייק בורגר 400 גרם,גרמים,400.00,100 גרם,false,,19.90,0.0497,true,1,1322604
7290000532400,false,פסטרמה חזה הודו ברביקיו זוגלובק,נקניק זוגלובק נהריה,,חזה ברבקיו,קילוגרמים,1.00,"ק""ג",true,,85.00,85.0000,true,1,1322609
7290000532585,false,רוסטביף חצוי זוגלובק,נקניק זוגלובק נהריה,,נקניק רוסביף,קילוגרמים,1.00,"ק""ג",true,,159.00,159.0000,true,1,1322611
7290000532721,false,כתף בקר מעושן בפלפל טורו מעדניה,נקניק זוגלובק נהריה,,כתף בפלפל טורו,קילוגרמים,1.00,"ק""ג",true,,110.00,110.0000,true,1,1322612
7290000533377,false,פסטרממיה חזה עוף בגר,זוגלובק,,פסטרממיה - חזה עוף,קילוגרמים,1.00,"ק""ג",true,,85.00,85.0000,true,1,1322614
7290000533681,false,פסטרמה הודו מעושנת הבית,זוגלובק שיווק בעמ,,פסטרמה מעושנת,קילוגרמים,1.00,"ק""ג",true,,85.00,85.0000,true,1,1322616
7290000534718,false,פסטרמה הודו תבור 1% שומן זוגלובק,נקניק זוגלובק נהריה,,חזה הודו תבור,קילוגרמים,1.00,"ק""ג",true,,85.00,85.0000,true,1,1322619
7290000534824,false,פסטרמה חרמון-חזה הודו זוגלובק,נקניק זוגלובק נהריה,,חרמון-חזה הודו מעושן,קילוגרמים,1.00,"ק""ג",true,,55.00,55.0000,true,1,1322622
7290000535791,false,חזה בקר מעושן ניו יורק מעדניה,נקניק זוגלובק נהריה,,חזה בקר ניו-יורק,קילוגרמים,1.00,"ק""ג",true,,110.00,110.0000,true,1,1322623
7290000536743,false,שניצלונים קריספי ט. תירס 500 גר' זוגלובק,נקניק נהריה כשר זוגל,,אצבעות סטיקס תירס.,גרמים,500.00,100 גרם,false,,19.90,0.0398,true,1,1322626
7290000536774,false,"נקניקיות מן הצומח זוגלובק 1ק""ג בד""צ",זוגלובק שיווק בעמ,,"נקניקיות 1 ק""ג מן הצ",גרמים,1000.00,100 גרם,false,,39.90,0.0399,true,1,1322628
7290000537566,false,נקניקיות עוף טרי 400 ג' זוגלובק,נקניק נהריה כשר זוגל,,נקניקיות עוף 400 גרם,גרמים,400.00,100 גרם,false,,9.90,0.0248,true,1,1322632
7290000537603,false,נקניקיות עוף זוגלובק (1 קג),זוגלובק שיווק בעמ,,"נקניקיות עוף 1 ק""ג מ",קילוגרמים,1.00,"ק""ג",false,,24.90,24.9000,true,1,1322633
7290000538099,false,פסטרמה כפרית 2% שומן זוגלובק,זוגלובק שיווק בעמ,,פסטרמה כפרית,קילוגרמים,1.00,"ק""ג",true,,85.00,85.0000,true,1,1322636
7290000538105,false,נקניק סלמי סרוולד 200 ג' זוגלובק,נקניק נהריה כשר זוגל,,נקניק סרבלד פרוס,גרמים,200.00,100 גרם,false,,29.90,0.1495,true,1,1322637
7290000554006,false,גבינה קשקבלו משולשים,מחלבות גד,IL,"קשקבלו גלגל ק""ג שקיל",קילוגרמים,1.00,"ק""ג",true,,120.00,120.0000,true,1,1327815
7290000554013,false,גבינת זיתים 5% במשקל,מחלבות גד,IL,גבינה למריחה 5% זיתים 2 ק,קילוגרמים,1.00,"ק""ג",true,,26.00,26.0000,true,1,1327816
7290000554143,false,גבינה לבנה 5% טבעי ק,מחלבות גד,IL,גבינה למריחה 5% טיבעי 2 ק,קילוגרמים,1.00,"ק""ג",true,,26.00,26.0000,true,1,1327818
7290000554402,false,מעדן חלב מלבי גד (160 גרם),מחלבות גד שיווק 1992 בעמ,IL,"מלבי גד 160 גרם בד""ץ",גרמים,160.00,100 גרם,false,,5.50,0.0344,true,1,1327819
7290000554457,false,גבינה צפתית 5% 350 גרם - רבנות,מחלבות גד שיווק 1992 בעמ,IL,צפתית 5% מיני 350 גרם,גרמים,350.00,100 גרם,false,,19.90,0.0569,true,1,1327820
7290000554471,false,נקניק מוצרלה 22 אחוז 180גרם גד מהדרין,מחלבות גד שיווק 1992 בעמ,IL,"נקניק מוצרלה 180 גרם בד""ץ",גרמים,180.00,100 גרם,false,,15.90,0.0883,true,1,1327821
7290000554532,false,גבינה צפתית מעודנת במלח ים 5% 200 ג' גד,מחלבות גד שיווק 1992 בעמ,IL,צפתית מעודנת 5% מלח ים 20,גרמים,200.00,100 גרם,false,,13.90,0.0695,true,1,1327823
7290000554570,false,"גבינה מסקרפונה ק""ג.",,,"גבינה מסקרפונה ק""ג.",קילוגרמים,1.00,"ק""ג",true,,59.00,59.0000,true,1,1327824
7290000554600,false,מוצרלה מגורדת 22 אחוז 300גרם גד מהדרין,מחלבות גד שיווק 1992 בעמ,IL,"מוצרלה מרוסקת 300 גרם בד""",גרמים,300.00,100 גרם,false,,24.90,0.0830,true,1,1327825
7290000554624,false,ירח מתוק מעדן חלב עם אורז 3% גד 150 גרם,מחלבות גד שיווק 1992 בעמ,IL,"ירח מתוק 150 גרם בד""ץ",גרמים,150.00,100 גרם,false,,4.90,0.0327,true,1,1327826
7290000554655,false,מוצרלה מעושנת גד א.ח נוכרי,מחלבות גד שיווק 1992 בעמ,IL,"מוצרלה נקניק מעושן ק""ג שק",קילוגרמים,1.00,"ק""ג",true,,79.00,79.0000,true,1,1327827
7290000554662,false,"בולגרית למריחה ק""ג.",מחלבות גד,IL,"בולגרית למריחה 2 ק""ג",קילוגרמים,1.00,"ק""ג",true,,45.00,45.0000,true,1,1327828
7290000554686,false,גבינת לאבנה בתוספת שמן זית וזעתר 5% גד 250 גרם,מחלבות גד שיווק 1992 בעמ,IL,לאבנה 5% שמן זית וזעתר 25,גרמים,250.00,100 גרם,false,,13.90,0.0556,true,1,1327829
7290000554792,false,גבינה בולגרית 5%במשקל,מחלבות גד,IL,"דלי בולגרית מעודנת 5% ק""",קילוגרמים,1.00,"ק""ג",true,,49.00,49.0000,true,1,1327831
7290000554815,false,גבינת מוצרלה נקניק מעדנייה גד,מחלבות גד שיווק 1992 בעמ,IL,"מוצרלה נקניק טיבעי ק""ג שק",קילוגרמים,1.00,"ק""ג",true,,79.00,79.0000,true,1,1327832
7290000554822,false,ריקוטה גבינה לבנה בסגנון איטלקי 5% גד 250 גרם,מחלבות גד שיווק 1992 בעמ,IL,גביע ריקוטה 250 גרם,גרמים,250.00,100 גרם,false,,12.90,0.0516,true,1,1327833
7290000554839,false,מסקרפונה שמנת מתוקה קשה בסגנון איטלקי 40% גד 250 גרם,מחלבות גד שיווק 1992 בעמ,IL,מסקרפונה 250 גרם,גרמים,250.00,100 גרם,false,,19.90,0.0796,true,1,1327834
7290000554891,false,גב.בולגרית %16 במשקל,מחלבות גד,IL,"דלי בולגרית מעודנת 16% ק""",קילוגרמים,1.00,"ק""ג",true,,56.00,56.0000,true,1,1327835
7290000554914,false,גב.צפתית רכה 5% במשקל,מחלבות גד,IL,"צפתית מלבן 5% ק""ג שקיל",קילוגרמים,1.00,"ק""ג",true,,55.00,55.0000,true,1,1327836
7290000554921,false,גבינת ריקוטה איטלקית,מחלבות גד,IL,"ריקוטה 1.8 ק""ג",קילוגרמים,1.00,"ק""ג",true,,59.00,59.0000,true,1,1327837
7290000554952,false,צפתית קשה 10% מעדנייה גד,מחלבות גד שיווק 1992 בעמ,IL,"צפתית קשה גלגל ק""ג שקיל",קילוגרמים,1.00,"ק""ג",true,,75.00,75.0000,true,1,1327839
7290000554969,false,גב.שמנת 30%שומן1קג משקל,מחלבות גד,IL,"גבינת שמנת טבעי 30% 2 ק""ג",קילוגרמים,1.00,"ק""ג",true,,45.00,45.0000,true,1,1327840
7290000554976,false,גבינת שמנת זיתים גד,מחלבות גד,IL,"גבינת שמנת זיתים 30% 2 ק""",קילוגרמים,1.00,"ק""ג",true,,45.00,45.0000,true,1,1327841
7290000554983,false,גבינה לאבנה גד במשקל,מחלבות גד,IL,"לאבנה 5% 2 ק""ג",קילוגרמים,1.00,"ק""ג",true,,39.00,39.0000,true,1,1327842
7290000554990,false,מוצרלה כדורים גדולים,מחלבות גד,IL,מוצרלה במים כדור גדול 2,קילוגרמים,1.00,"ק""ג",true,,89.00,89.0000,true,1,1327843
7290000560021,false,ג`ל גילוח נגד חתכים אדג` (198 גרם),המאפיה של הרמן,US,אדג' ג'ל סגול נגד חתכים 1,גרמים,200.00,100 גרם,false,,19.90,0.0995,true,1,1352979
7290000560533,false,אדג`פרו ג`ל לגילוח רגיל ירוק 220 מל,אס.סי ג'ונסון ובניו,US,אדג' ג'ל ירוק לעור רגיל 1,גרמים,200.00,100 גרם,false,,19.90,0.0995,true,1,1352980
7290000560540,false,אדג`פרו ג`ל לגילוח עור רגיש כתום220,המאפיה של הרמן,US,אדג' ג'ל כתום לעור רגיש 1,גרמים,200.00,100 גרם,false,,19.90,0.0995,true,1,1352981
7290000560557,false,אדג' ג'ל סגול כהה לעור יבש 198ג',אס.סי ג'ונסון ובניו,US,אדג' ג'ל סגול כהה לעור יב,גרמים,198.00,100 גרם,false,,19.90,0.1005,true,1,1352982
7290000571119,false,גבינה גאודה הולנדית מעדניה,מחלבות גד שיווק 1992 בעמ,,גאודה חריץ בית יצחק,קילוגרמים,1.00,"ק""ג",true,,99.00,99.0000,true,1,1339995
7290000571126,false,גבינת גאודה+כמון בית,תנובה מרכז שיתופי לש,,גאודה כמון חריץ 30%,קילוגרמים,1.00,"ק""ג",true,,99.00,99.0000,true,1,1339996
7290000571188,false,גבינת גאודה תום עיזים במשקל,מחלבות גד שיווק 1992 בעמ,,גאודה עז חריץ 28% בי,קילוגרמים,1.00,"ק""ג",true,,149.00,149.0000,true,1,1339997
7290000571232,false,גבינת גאודה טבעית פרוס 30% המחלווה 150ג',גבינות משק אחים מאיר בית,,גבינה גאודה פרוס בית,גרמים,200.00,100 גרם,false,,22.90,0.1145,true,1,1339998
7290000571294,false,גבינת גאודה מעושנת ב,מחלבה בית יצחק,,גאודה מעושנת בית- יצ,קילוגרמים,1.00,"ק""ג",true,,99.00,99.0000,true,1,1340000
7290000571300,false,גבינה גאודה פרוס מעושנת המחלבה 150ג',מחלבות גד שיווק 1992 בעמ,,גבינה גאודה פרוס בית,גרמים,200.00,100 גרם,false,,22.90,0.1145,true,1,1340001
7290000571386,false,המחלבה יוגורמה יוגורט מחלב כבשים 5% 850 גרם,גבינות משק אחים מאיר בית,,יוגורט כבשים 850 גרם,גרמים,850.00,100 גרם,false,,24.90,0.0293,true,1,1340002
7290000571478,false,גבינת עיזים תום פרוסה המחלבה (200 גרם),גבינות משק אחים מאיר בית,,גבינה תום עזים פרוס,גרמים,200.00,100 גרם,false,,34.90,0.1745,true,1,1340004
7290000571812,false,פרמז`ן מגורד המחלבה (200 גרם),מחלבות גד שיווק 1992 בעמ,,פרמזן מגורד 200 גרם,גרמים,200.00,100 גרם,false,,19.90,0.0995,true,1,1340009
7290000571843,false,המחלבה יוגורמה גביע מחלב עזים 140 גרם,גבינות משק אחים מאיר בית,,יוגורט עיזים יוגורמה,גרמים,140.00,100 גרם,false,,5.90,0.0421,true,1,1364668
7290000571928,false,"יוגורמה כבשים עם גרעינים, אגוזים וחמוציות ממותקות",מחלבות גד שיווק 1992 בעמ,,יוגורט כבשים יוגורמה,גרמים,142.00,100 גרם,false,,5.90,0.0415,true,1,2309778
7290000571935,false,יוגורמה כבשים עם גרנולה מתוקה 142 גרם,גבינות משק אחים מאיר בית,,יוגורט כבשים יוגורמה,גרמים,142.00,100 גרם,false,,5.90,0.0415,true,1,2309779
7290000572055,false,אחוה חלוה ללא סוכר עם סיבים ואגוזים 400 גרם,אחדות ביחר לטחינה חל,IL,חלוה ללא סוכר עם סיבים וא,גרמים,400.00,100 גרם,false,,14.90,0.0373,true,1,1306610
7290000572208,false,חלוה בטעם וניל אחווה 100 גרם,שוורצקוף& הנקל דיסלד,IL,חלוה 100 גרם אחוה,גרמים,100.00,100 גרם,false,,2.90,0.0290,true,1,1306612
7290000572215,false,חלבה``שלגון``מצופה 80 גרם בד``צ,אחדות ביתחרושת לטחינה חלבה,IL,חלוה 80 גרם מצופה,גרמים,80.00,100 גרם,false,,2.90,0.0362,true,1,1306613
7290000572222,false,חלווה בלוק וניל אחוה 500 גרם,שוורצקוף& הנקל דיסלד,IL,חלוה בלוק 500 גרם אחוה -,גרמים,500.00,100 גרם,false,,10.90,0.0218,true,1,2287027
7290000572529,false,חלוה עם פיסטוק אחווה 400 גרם,אחדות ביתחרושת לטחינה חלבה,IL,חלוה פיסטוק 400 גרם במגש,גרמים,400.00,100 גרם,false,,12.90,0.0323,true,1,1306615
7290000572536,false,אחווה חלווה ווניל במגש 400 גר,אחדות ביתחרושת לטחינה חלבה,IL,חלוה וניל 400 גרם במגש,גרמים,400.00,100 גרם,false,,10.90,0.0273,true,1,1306616
7290000572543,false,חלוה בטעם שוקו וניל אחווה 400 גרם,אחדות ביתחרושת לטחינה חלבה,IL,חלוה שיש 400 גרם במגש,גרמים,400.00,100 גרם,false,,10.90,0.0273,true,1,1306617
7290000572628,false,חלבה חטיף לייט 25 ג* 11יח קופ`שי אחוה,שוורצקוף& הנקל דיסלד,,חטיפי חלוה ללא תוספת,גרמים,275.00,100 גרם,false,,13.90,0.0505,true,1,2287034
7290000572673,false,חלבה וניל קקאו ואגוזים אחוה (25x12 גרם),שוורצקוף& הנקל דיסלד,IL,"חלוה בקופסת שי ""חטיף 10""",גרמים,300.00,100 גרם,false,,13.90,0.0463,true,1,1306620
7290000602226,false,ביצים חופש לארג 12יח,,,ביצי חופש 12L תנובה.,יח',12.00,יח',false,,24.90,2.0750,true,1,2408583
7290000603049,false,ביצים אומגה 3 לארג 1,תנובה,,ביצי אומגה 3 גדול.,יח',12.00,יח',false,,18.90,1.5750,true,1,1340669
7290000604015,false,תנובה ביצים רגילות אקסטרא לארג' 12יח,תנובה,,ביצים 12 יח' XL.,יח',12.00,יח',false,,13.10,1.0917,true,1,1340672
7290000604022,false,ביצים גדולות L תנובה 12 יחידות,ביצי תנובה,,ביצים 12 יחידות L.,יח',12.00,יח',false,,12.05,1.0042,true,1,1340673
7290000604121,false,ביצים 18 יח רגיל בינוני L תנובה,תנובה,,ביצים 18 יחידות L.,יח',18.00,יח',false,,18.00,1.0000,true,1,1340677
7290000604138,false,ביצים 18 יח רגיל בינוני M תנובה,תנובה,,ביצים 18 יחדות M.,יחידה,0.00,יחידה,false,,16.70,0.0000,true,1,2329173
7290000604534,false,ביצים בינוניות M תנובה 30 יחידות,תנובה,,ביצים 30 יחידות M.,יח',30.00,יח',false,,27.85,0.9283,true,1,1340681
7290000646299,false,פילה נסיכת הנילוס 100% דג קפוא תנובה,תנובה מרכז שיתופי לשיווק תוצרת,,נתחי פילה נסיכת הני,קילוגרמים,1.00,"ק""ג",true,,32.90,32.9000,true,1,2304909
7290000652177,false,נתחי פילה נסיכה 100% דג קפוא תנובה,תנובה מרכז שיתופי לשיווק תוצרת,,נתחי נסיכת הנילוס 10,קילוגרמים,1.00,"ק""ג",true,,39.90,39.9000,true,1,2304910
7290000652542,false,פילה אמנון 5-7 100% דג- תנובה,תנובה קפואים,,פילה אמנון 5-7 100%,קילוגרמים,1.00,"ק""ג",true,,32.90,32.9000,true,1,2304911
7290000654546,false,פילה אמנון 7-9 100% דג תנובה,תנובה,,פילה אמנון 7-9 100%,קילוגרמים,1.00,"ק""ג",true,,32.90,32.9000,true,1,2304914
7290000655376,false,פילה דניס קפוא בוואקום 100% דג תנובה,תנובה קפואים,,פילה דניס קפוא 100%,קילוגרמים,1.00,"ק""ג",true,,89.90,89.9000,true,1,1670823
7290000658926,false,"פילה מרלוזה קפוא 100% ""תנובה""",דגי תנובה,,פילה מרלוזה קפוא 100,קילוגרמים,1.00,"ק""ג",true,,29.90,29.9000,true,1,2281527
7290000659312,false,דגי תנובה פילה סלומון קפוא בוואקום,תנובה בשר,,פילה סלמון פרימיום,קילוגרמים,1.00,"ק""ג",true,,79.90,79.9000,true,1,1670824
7290000662213,false,נתח פילה סלמון קפוא תנובה,תנובה,,נתח פילה סלמון תנובה,קילוגרמים,1.00,"ק""ג",true,,89.90,89.9000,true,1,2281528
7290000663098,false,שווארמה ריב אנטריקוט plancha,תנובה קפואים,,שווארמה ריב אנטריקוט,גרמים,300.00,100 גרם,false,,34.90,0.1163,true,1,2344185
7290000663104,false,שווארמה פרגית להקפצה,בקר תנובה -שותפות מוגבלת,,שווארמה פרגיות,גרמים,300.00,100 גרם,false,,34.90,0.1163,true,1,2344186
7290000663128,false,רצועות ריב אנטריקוט עדיי,תנובה בשר,,רצועות ריב אנטריקוט,גרמים,300.00,100 גרם,false,,34.90,0.1163,true,1,2344188
7290000679440,false,"קמיל בלו משחת החתלה לתינוק ד""ר פישר 100 גרם","פישר תעשיות פרמבצטיות בע""מ",IL,קמיל בלו משחה לתינוק 100,גרמים,100.00,100 גרם,false,,14.90,0.1490,true,1,1351758
7290000679563,false,פדיסול דאודרנט 200 מל בוטן,"ד""ר פישר Dr fischer",IL,פדיסול דאודרנט 200 מל בוט,מיליליטרים,200.00,"100 מ""ל",false,,29.90,0.1495,true,1,1351760
7290000679570,false,פדיסול אבקה אנטיפרספ,"ד""ר פישר Dr fischer",IL,"""פדיסול אבקה אנטיפרספירנט",מיליליטרים,200.00,"100 מ""ל",false,,29.90,0.1495,true,1,1351761
7290000679587,false,פדיסול קרם רגליים 100 ג',"ד""ר פישר Dr fischer",IL,פדיסול קרם רגליים 100 גרם,מיליליטרים,100.00,"100 מ""ל",false,,22.90,0.2290,true,1,1351762
7290000679631,false,"ד""ר פישר - קמיל בלו קלאסיק 500 מ""ל",פישר מעבדות פרמצבטיות בע,IL,קמיל בלו אל סבון קלאסיק 5,מיליליטרים,500.00,"100 מ""ל",false,,13.90,0.0278,true,1,1351763
7290000688077,false,"מי עדן 0.500 מ""ל פקק רגיל",יפאורה שותפות מוגבלת לשיווק,,מי עדן 0.5 ליטר,מיליליטרים,500.00,"100 מ""ל",false,,2.50,0.0050,true,1,1324337
7290000688084,false,מי עדן פקק ספורטאים500מל,יפאורה שותפות מוגבלת לשיווק,,"מי עדן ספורט 500 מ """,מיליליטרים,500.00,"100 מ""ל",false,,4.90,0.0098,true,1,1324338
7290000688176,false,מי עדן בייבי 330 מל בודד,יפאורה שותפות מוגבלת לשיווק,,"מי עדן בייבי 330 מ""ל",מיליליטרים,330.00,"100 מ""ל",false,,2.90,0.0088,true,1,1324340
7290000688374,false,מים מינרלים סמיילי מי עדן (330X6מל),יפאורה שותפות מוגבלת לשיווק,,שישייה מי עדן בייבי,ליטרים,1.98,ליטר,false,,14.90,7.5253,true,1,1324341
7290000688381,false,מים מינרלים פקק ספורט מי עדן (500x6 מל),יפאורה שותפות מוגבלת לשיווק,,שישייה מי עדן ספורט,ליטרים,3.00,ליטר,false,,12.90,4.3000,true,1,1324342
7290000688466,false,מי עדן 0.75 ליטר ספורט בודד,יפאורה שותפות מוגבלת לשיווק,,"מי עדן 750 מ""ל פקק",מיליליטרים,750.00,"100 מ""ל",false,,2.90,0.0039,true,1,2049503
7290000688503,false,"מים מינרלים פקק ספורט מי עדן 6*750 מ""ל",יפאורה שותפות מוגבלת לשיווק,,"שישייה מי עדן 750 מ""",ליטרים,4.50,ליטר,false,,14.90,3.3111,true,1,1859995
7290000692135,false,ספיד סטיק דאו בסיסי ירוק א.פ פרש פאוור,קולגייט-פלמוליב,US,ספיד סטיק בסיסי ירוק א.פ,גרמים,56.60,100 גרם,false,,19.90,0.3516,true,1,1338598
7290000692203,false,נוזל לניקוי כללי ורצפות בניחוח לימון אג'קס 2 ליטר,הנסיך- מפעל לייצור ט,GR,אגקס ניקוי כללי לימון 2 ל,ליטרים,2.00,ליטר,false,,22.90,11.4500,true,1,1338599
7290000692210,false,נוזל לניקוי כללי ורצפות בניחוח לבנדר אג'קס 2 ליטר,הנסיך- מפעל לייצור ט,GR,אגקס ניקוי כללי לוונדר 2,ליטרים,2.00,ליטר,false,,22.90,11.4500,true,1,1338600
7290000692227,false,נוזל לניקוי כלים קלאסי פלמוליב (1 ליטר),יבואן ומשווק: ש. שסט,GR,פלמוליב צילינדר קלאסי 1 ל,ליטרים,1.00,ליטר,false,,13.90,13.9000,true,1,1338601
7290000692456,false,אג'קס חלונות זוג 750*2 מל ספריי ורפיל,הנסיך- מפעל לייצור ט,GR,אגקס חלונות זוג,ליטרים,1.50,ליטר,false,,25.90,17.2667,true,1,1338604
7290000799811,false,פיקדון לחמישיה,,,פיקדון לחמישיה,יחידה,0.00,יחידה,false,,1.50,0.0000,true,1,2363973
7290000803067,false,"משחת שיניים לילדים גילאים 6-2 אלמקס 75 מ""ל",הנסיך- מפעל לייצור ט,PL,אלמקס משחת שיניים ילדים 7,מיליליטרים,75.00,"100 מ""ל",false,,15.90,0.2120,true,1,1338608
7290000803180,false,"מרידול-שטיפת פה דנטלית 400 מ""ל",קולגייט פלמוליב,CH,מרידול שטיפה דנטלית 400מל,מיליליטרים,400.00,"100 מ""ל",false,,29.90,0.0747,true,1,1338609
7290000804484,false,אלמקס שטיפת פה דנטלית למניעת עששת 400מל,קולגייט פלמוליב,CH,אלמקס שטיפה דנטלית 400מל,מיליליטרים,400.00,"100 מ""ל",false,,24.90,0.0622,true,1,1338611
7290000849478,false,"סרקל מרכך שיער לילדים 500 מ""ל",פישר מעבדות פרמצבטיות בע,IL,"סרקל מעצב 500 מ""ל",מיליליטרים,500.00,"100 מ""ל",false,,17.90,0.0358,true,1,1351768
7290000900049,false,גולאש עגל טרי,,,גולאש עגל טרי,קילוגרמים,1.00,"ק""ג",true,,99.00,99.0000,true,1,1344009
7290000900193,false,"גבינה עמק פרוס ק""ג-ק",,,"גבינה עמק פרוס ק""ג-ק",קילוגרמים,1.00,"ק""ג",true,,44.75,44.7500,true,1,1340012
7290000900230,false,"גבינה גלבוע פרוס ק""ג",,,"גבינה גלבוע פרוס ק""ג",קילוגרמים,1.00,"ק""ג",true,,42.55,42.5500,true,1,1340013
7290000900254,false,שניצל הודו פרוס,,,שניצל הודו פרוס,קילוגרמים,1.00,"ק""ג",true,,39.90,39.9000,true,1,1344010
7290000900384,false,דג סלמון כבוש טרי,,,עוגת מאפינס.,יחידה,0.00,יחידה,false,,19.90,0.0000,true,1,1305488
7290000900438,false,מלפפון במלח,,,מלפפון במלח,קילוגרמים,1.00,"ק""ג",true,,35.00,35.0000,true,1,1319162
7290000900629,false,חמוצים - חציל כבוש,,,חצילים,קילוגרמים,1.00,"ק""ג",true,,35.00,35.0000,true,1,1350058
7290000900650,false,תיבול לסלט,,,תיבול לסלט,קילוגרמים,1.00,"ק""ג",true,,79.00,79.0000,true,1,1353663
7290000900667,false,זית ירוק ענק,שקדיה,,זית ירוק ענק,קילוגרמים,1.00,"ק""ג",true,,49.00,49.0000,true,1,1350351
7290000900728,false,פלפל סודני,,,פלפל סודני,קילוגרמים,1.00,"ק""ג",true,,35.00,35.0000,true,1,1319163
7290000900841,false,ירקות מעורבים,,,ירקות מעורבים,קילוגרמים,1.00,"ק""ג",true,,35.00,35.0000,true,1,1327983
7290000900858,false,לפת אדום,,,לפת אדום,קילוגרמים,1.00,"ק""ג",true,,25.00,25.0000,true,1,1327984
7290000900971,false,אגוז מוסקט טחון,,,אגוז מוסקט טחון,קילוגרמים,1.00,"ק""ג",true,,140.00,140.0000,true,1,1353664
7290000901886,false,אורגנו,,,אורגנו,קילוגרמים,1.00,"ק""ג",true,,29.00,29.0000,true,1,1353665
7290000903309,false,זיתים טבעות,,,זיתים טבעות,קילוגרמים,1.00,"ק""ג",true,,42.00,42.0000,true,1,1345533
7290000907970,false,פסטרמה כפרית טירת צב,טירת- צבי,IL,כפרית במשקל טירת צבי,קילוגרמים,1.00,"ק""ג",true,,55.00,55.0000,true,1,1340504
7290000910352,false,פפריקה מתוקה מעושנת,,,פפריקה מתוקה מעושנת,קילוגרמים,1.00,"ק""ג",true,,49.00,49.0000,true,1,1550157
7290000911052,false,צ'ימיצ'ורי,,,צ'ימיצ'ורי,קילוגרמים,1.00,"ק""ג",true,,49.00,49.0000,true,1,1353669
7290000913551,false,פסטרמה כפרית טירת צבי 400 ג',תנובה בשר,IL,פסטרמה כפרית 400,גרמים,400.00,100 גרם,false,,24.90,0.0622,true,1,1340505
7290000920115,false,פלפל שאטה,,,פלפל שאטה,קילוגרמים,1.00,"ק""ג",true,,35.00,35.0000,true,1,1353670
7290000922249,false,כוסברה עלים,,,כוסברה עלים,קילוגרמים,1.00,"ק""ג",true,,40.00,40.0000,true,1,1743762
7290000930022,false,פילה סלמון שלם פרימי,,,בזיליקום,קילוגרמים,1.00,"ק""ג",true,,40.00,40.0000,true,1,1353673
7290000930039,false,בצל שבבים,,,בצל שבבים,קילוגרמים,1.00,"ק""ג",true,,39.00,39.0000,true,1,1353674
7290000930138,false,הל טחון,,,הל טחון,קילוגרמים,1.00,"ק""ג",true,,149.00,149.0000,true,1,1334467
7290000935423,false,עגבניות מיובשות,,,עגבניות מיובשות,קילוגרמים,1.00,"ק""ג",true,,49.00,49.0000,true,1,1341760
7290000935546,false,סלט כרוב מתוק,,,סלט כרוב מתוק,קילוגרמים,1.00,"ק""ג",true,,29.00,29.0000,true,1,1345536
7290000935553,false,סלט כרוב חריף,,,סלט כרוב חריף,קילוגרמים,1.00,"ק""ג",true,,29.00,29.0000,true,1,1345537
7290000940014,false,זנגביל טחון,,,זנגביל טחון,קילוגרמים,1.00,"ק""ג",true,,59.00,59.0000,true,1,1345052
7290000940052,false,זעתר,,,זעתר,קילוגרמים,1.00,"ק""ג",true,,35.00,35.0000,true,1,1353678
7290000940083,false,חוויג למרק,,,חוויג למרק,קילוגרמים,1.00,"ק""ג",true,,39.00,39.0000,true,1,1353679
7290000940151,false,חילבה טחון,,,חילבה טחון,קילוגרמים,1.00,"ק""ג",true,,19.00,19.0000,true,1,1353680
7290000940168,false,חילבה שלם,,,חילבה שלם,קילוגרמים,1.00,"ק""ג",true,,15.00,15.0000,true,1,1353681
7290000943015,false,כוסברה טחון,,,כוסברה טחון,קילוגרמים,1.00,"ק""ג",true,,19.00,19.0000,true,1,1353684
7290000943046,false,כורכום טחון,,,כורכום טחון,קילוגרמים,1.00,"ק""ג",true,,29.00,29.0000,true,1,1353685
7290000943053,false,כמון,,,כמון,קילוגרמים,1.00,"ק""ג",true,,49.00,49.0000,true,1,1353686
7290000943169,false,זיתים סורי שלם,,,זיתים סורי שלם,קילוגרמים,1.00,"ק""ג",true,,39.00,39.0000,true,1,1319166
7290000943237,false,גבינת פרמזן מרוסקת ק,,,גבינת פרמזן מרוסקת ק,קילוגרמים,1.00,"ק""ג",true,,129.00,129.0000,true,1,1340015
7290000945347,false,זית קלמטה מגולען,,,זית קלמטה מגולען,קילוגרמים,1.00,"ק""ג",true,,42.00,42.0000,true,1,1327500
7290000950600,false,עלי גפן ממולא,,,עלי גפן ממולא,קילוגרמים,1.00,"ק""ג",true,,39.00,39.0000,true,1,1324457
7290000960005,false,זית שחור יבש,,,זית שחור יבש,קילוגרמים,1.00,"ק""ג",true,,42.00,42.0000,true,1,1346413
7290000960111,false,מלח לימון,,,מלח לימון,קילוגרמים,1.00,"ק""ג",true,,19.00,19.0000,true,1,1353688
7290000960159,false,סומק,,,סומק,קילוגרמים,1.00,"ק""ג",true,,30.00,30.0000,true,1,1353689
7290000960180,false,עלי דפנה,,,עלי דפנה,קילוגרמים,1.00,"ק""ג",true,,49.00,49.0000,true,1,1353690
7290000960234,false,פטרוזיליה,,,פטרוזיליה,קילוגרמים,1.00,"ק""ג",true,,39.00,39.0000,true,1,1308309
7290000960241,false,פלפל אנגלי שלם,,,פלפל אנגלי שלם,קילוגרמים,1.00,"ק""ג",true,,49.00,49.0000,true,1,1353691
7290000960272,false,פלפל לבן,,,פלפל לבן,קילוגרמים,1.00,"ק""ג",true,,120.00,120.0000,true,1,1353692
7290000960326,false,פלפל שחור גרוס,,,פלפל שחור גרוס,קילוגרמים,1.00,"ק""ג",true,,99.00,99.0000,true,1,1353693
7290000960333,false,פלפל שחור,ונדסטרה גרופ,,פלפל שחור,קילוגרמים,1.00,"ק""ג",true,,90.00,90.0000,true,1,1353694
7290000960388,false,פפריקה מתוקה,,,פפריקה מתוקה,קילוגרמים,1.00,"ק""ג",true,,35.00,35.0000,true,1,1353695
7290000960500,false,ציפורן,,,ציפורן,קילוגרמים,1.00,"ק""ג",true,,90.00,90.0000,true,1,1353697
7290000961040,false,קארי,,,קארי,קילוגרמים,1.00,"ק""ג",true,,35.00,35.0000,true,1,1353698
7290000961071,false,קימל טחון,,,קימל טחון,קילוגרמים,1.00,"ק""ג",true,,35.00,35.0000,true,1,1353699
7290000961132,false,קימל שלם,,,קימל שלם,קילוגרמים,1.00,"ק""ג",true,,30.00,30.0000,true,1,1353700
7290000961217,false,קינמון טחון,,,קינמון טחון,קילוגרמים,1.00,"ק""ג",true,,25.00,25.0000,true,1,1353701
7290000961262,false,מקלות קינמון,,,מקלות קינמון,קילוגרמים,1.00,"ק""ג",true,,39.00,39.0000,true,1,1353702
7290000961279,false,קצח,,,קצח,קילוגרמים,1.00,"ק""ג",true,,35.00,35.0000,true,1,1353703
7290000961309,false,שאטה טחון,,,שאטה טחון,קילוגרמים,1.00,"ק""ג",true,,29.00,29.0000,true,1,1353704
7290000961569,false,שומר שלם,,,שומר שלם,קילוגרמים,1.00,"ק""ג",true,,39.00,39.0000,true,1,1353705
7290000961606,false,שמיר,,,שמיר,קילוגרמים,1.00,"ק""ג",true,,49.00,49.0000,true,1,1353706
7290000961804,false,תבלין עמבה,"בכורי השדה צפון1994 ג.ד. בע""מ",,תבלין עמבה,קילוגרמים,1.00,"ק""ג",true,,29.00,29.0000,true,1,1353707
7290000961828,false,תבלין סטייק,,,תבלין סטייק,קילוגרמים,1.00,"ק""ג",true,,39.00,39.0000,true,1,1353708
7290000961866,false,שווארמה הודו קוביות,,,שווארמה הודו קוביות,קילוגרמים,1.00,"ק""ג",true,,89.90,89.9000,true,1,1344014
7290000964058,false,תבלין שווארמה,,,תבלין שווארמה,קילוגרמים,1.00,"ק""ג",true,,49.00,49.0000,true,1,1353709
7290000964409,false,"הל שלם 1 ק""ג",,,"הל שלם 1 ק""ג",קילוגרמים,1.00,"ק""ג",true,,199.00,199.0000,true,1,1334468
7290000964966,false,פלפל שיפקה,,,פלפל שיפקה,קילוגרמים,1.00,"ק""ג",true,,29.00,29.0000,true,1,1319167
7290000970509,false,פלפל שאטה גרוס,,,פלפל שאטה גרוס,קילוגרמים,1.00,"ק""ג",true,,35.00,35.0000,true,1,1353710
7290000975801,false,עגבניות אדומות ירוקו,,,עגבניות אדומות ירוקו,קילוגרמים,1.00,"ק""ג",true,,25.00,25.0000,true,1,1345540
7290000975856,false,עגבניות שרי אדומות י,,,עגבניות שרי אדומות י,קילוגרמים,1.00,"ק""ג",true,,19.00,19.0000,true,1,1345541
7290000978260,false,טוסקנה,,,טוסקנה,קילוגרמים,1.00,"ק""ג",true,,39.00,39.0000,true,1,1353711
7290000979069,false,ציפורן שלם,,,ציפורן שלם,קילוגרמים,1.00,"ק""ג",true,,129.00,129.0000,true,1,1353713
7290000979083,false,תבלין ראס אל חנות,,,תבלין ראס אל חנות,קילוגרמים,1.00,"ק""ג",true,,49.00,49.0000,true,1,1353714
7290000979502,false,חוויג לקפה,,,חוויג לקפה,קילוגרמים,1.00,"ק""ג",true,,60.00,60.0000,true,1,1353721
7290000979540,false,פלפל ארבע עונות,,,פלפל ארבע עונות,קילוגרמים,1.00,"ק""ג",true,,129.00,129.0000,true,1,1353722
7290000979601,false,תבלין מעורב ירושלמי,,,תבלין מעורב ירושלמי,קילוגרמים,1.00,"ק""ג",true,,39.00,39.0000,true,1,1353724
7290000980003,false,אגוז מוסקט שלם,,,אגוז מוסקט שלם,קילוגרמים,1.00,"ק""ג",true,,180.00,180.0000,true,1,1353725
7290000980041,false,לימון פרסי לבן,,,לימון פרסי לבן,קילוגרמים,1.00,"ק""ג",true,,79.00,79.0000,true,1,1353727
7290000980058,false,לימון פרסי שחור,,,לימון פרסי שחור,קילוגרמים,1.00,"ק""ג",true,,79.00,79.0000,true,1,1353728
7290000980065,false,פישתן,,,פישתן,קילוגרמים,1.00,"ק""ג",true,,19.00,19.0000,true,1,1345053
7290000980140,false,זית שחור ענק,,,זית שחור ענק,קילוגרמים,1.00,"ק""ג",true,,35.00,35.0000,true,1,1319168
7290000980157,false,פרג שלם,,,פרג שלם,קילוגרמים,1.00,"ק""ג",true,,29.00,29.0000,true,1,1363993
7290000980188,false,תיבול לאורז,,,תיבול לאורז,קילוגרמים,1.00,"ק""ג",true,,89.00,89.0000,true,1,1353730
7290000980232,false,שום פרוס,,,שום פרוס,קילוגרמים,1.00,"ק""ג",true,,60.00,60.0000,true,1,1353732
7290000980300,false,תערובת לאורז,,,תערובת לאורז,קילוגרמים,1.00,"ק""ג",true,,49.00,49.0000,true,1,1353734
7290000980386,false,תבלין לגריל עוף,,,תבלין לגריל עוף,קילוגרמים,1.00,"ק""ג",true,,39.00,39.0000,true,1,1353735
7290000980393,false,תבלין לדגים,,,תבלין לדגים,קילוגרמים,1.00,"ק""ג",true,,39.00,39.0000,true,1,1353736
7290000980492,false,זיתים טבעיים,,,זיתים טבעיים,קילוגרמים,1.00,"ק""ג",true,,49.00,49.0000,true,1,1319169
7290000980515,false,תבלין לפיצה,,,תבלין לפיצה,קילוגרמים,1.00,"ק""ג",true,,39.00,39.0000,true,1,1353737
7290000980539,false,תבלין לפרגיות,,,תבלין לפרגיות,קילוגרמים,1.00,"ק""ג",true,,39.00,39.0000,true,1,1353738
7290000980553,false,זית סורי שבור,,,זית סורי שבור,קילוגרמים,1.00,"ק""ג",true,,42.00,42.0000,true,1,1319170
7290000980560,false,תבלין בהרט,,,תבלין בהרט,קילוגרמים,1.00,"ק""ג",true,,49.00,49.0000,true,1,1353739
7290000980669,false,תבלין פלדלפיה,,,תבלין פלדלפיה,קילוגרמים,1.00,"ק""ג",true,,39.00,39.0000,true,1,1353741
7290000980744,false,זית מונזוליני,,,זית מונזוליני,קילוגרמים,1.00,"ק""ג",true,,35.00,35.0000,true,1,1319171
7290000981369,false,ציפקונית,שקדיה,,ציפקונית,קילוגרמים,1.00,"ק""ג",true,,42.00,42.0000,true,1,1341763
7290000981789,false,זיתים סופר ממוט,שקדיה,,זיתים סופר ממוט,קילוגרמים,1.00,"ק""ג",true,,59.00,59.0000,true,1,1350352
7290000982151,false,הודו זנב עם עצם טרי,,,הודו זנב עם עצם טרי,קילוגרמים,1.00,"ק""ג",true,,4.90,4.9000,true,1,1344015
7290000982168,false,סטייק סינטה טרי,,,סטייק סינטה טרי,קילוגרמים,1.00,"ק""ג",true,,99.00,99.0000,true,1,1344016
7290000982236,false,חלבה בטעמים,,,חלבה בטעמים,קילוגרמים,1.00,"ק""ג",true,,49.00,49.0000,true,1,1348306
7290000987040,false,זיתים חרוזית ירוק,,,זיתים חרוזית ירוק,קילוגרמים,1.00,"ק""ג",true,,35.00,35.0000,true,1,1319172
7290000988030,false,זיתים חרוזית שחור,,,זיתים חרוזית שחור,קילוגרמים,1.00,"ק""ג",true,,42.00,42.0000,true,1,1319173
7290000988573,false,ירך הודו,,,ירך הודו,קילוגרמים,1.00,"ק""ג",true,,59.90,59.9000,true,1,1344017
7290000988733,false,עמבה הודית,,,עמבה הודית,קילוגרמים,1.00,"ק""ג",true,,35.00,35.0000,true,1,1327986
7290000990019,false,מים מינרלים 1.5 ליטר,,,לימון פרוס,קילוגרמים,1.00,"ק""ג",true,,42.00,42.0000,true,1,1345554
7290000990040,false,רוזמרין עלים,,,רוזמרין עלים,קילוגרמים,1.00,"ק""ג",true,,20.00,20.0000,true,1,1353743
7290000990903,false,מרינט חתוך,,,מרינט חתוך,קילוגרמים,1.00,"ק""ג",true,,35.00,35.0000,true,1,1319174
7290000995014,false,זיתים מעדן,,,זיתים מעדן,קילוגרמים,1.00,"ק""ג",true,,35.00,35.0000,true,1,1346760
7290000995038,false,זית טסוס קטן,דין שיווק,,זית טסוס קטן,קילוגרמים,1.00,"ק""ג",true,,49.00,49.0000,true,1,1327501
7290000995045,false,זיתים קלמטה קולסול,,,זיתים קלמטה קולסול,קילוגרמים,1.00,"ק""ג",true,,59.00,59.0000,true,1,1327502
7290000995052,false,זית יווני מגולען,דין שיווק,,זית יווני מגולען,קילוגרמים,1.00,"ק""ג",true,,59.00,59.0000,true,1,1327503
7290000995069,false,חרוזית שחור,דין שיווק,,חרוזית שחור,קילוגרמים,1.00,"ק""ג",true,,59.00,59.0000,true,1,1327504
7290000995359,false,זית טבעי,,,זית טבעי,קילוגרמים,1.00,"ק""ג",true,,59.00,59.0000,true,1,1350063
7290000995458,false,סלט כרוב גזר,,,סלט כרוב גזר,קילוגרמים,1.00,"ק""ג",true,,29.00,29.0000,true,1,1345555
7290000995489,false,סלט כרוב שמיר,,,סלט כרוב שמיר,קילוגרמים,1.00,"ק""ג",true,,29.00,29.0000,true,1,1345557
7290000999012,false,כרובית/ברוקולי מטוגנ,יצור עצמי,,חומוס קלוי טחון,קילוגרמים,1.00,"ק""ג",true,,30.00,30.0000,true,1,1353744
7290000999500,false,ירקות מעורבים,,,ירקות מעורבים,קילוגרמים,1.00,"ק""ג",true,,29.00,29.0000,true,1,1319175
7290001041017,false,חוואיג' תימני בצנצנת מיה 50 גרם,מיה תעשיות מזון מ.ת.מ בעמ,IL,חוואיג' תימני 50גרם,גרמים,50.00,100 גרם,false,,6.90,0.1380,true,1,1333961
7290001041048,false,תבלין על האש בצנצנת מיה 50 גרם,מיה תעשיות מזון מ.ת.מ. ב,IL,תבלין על האש 50גרם,גרמים,50.00,100 גרם,false,,6.90,0.1380,true,1,1333964
7290001041123,false,שקדים מולבנים פרוסים מיה 100 גרם,מיה תעשיות מזון מ.ת.מ. בעמ,IL,שקדים מולבנים פרוסים 100ג,גרמים,100.00,100 גרם,false,,10.90,0.1090,true,1,1333966
7290001041277,false,פירורי לחם רגיל מיה 400ג ',מיה תעשיות מזון מ.ת.מ בעמ,,פירורי לחם.,גרמים,400.00,100 גרם,false,,3.90,0.0097,true,1,1333971
7290001041291,false,לקקן סוכריה על מקל 70יח',מיה תעשיות מזון מ.ת.מ. בעמ,IL,סוכריה על מקל 70יחידות,גרמים,770.00,100 גרם,false,,22.90,0.0297,true,1,1333973
7290001041635,false,פירורי לחם מוזהבים מיה 200 גרם,מיה תעשיות מזון מ.ת.מ. בעמ,IL,פירורי לחם מוזהבים 200גרם,גרמים,200.00,100 גרם,false,,2.90,0.0145,true,1,1333975
7290001041659,false,תמרים שקית 400ג מיה,מיה תעשיות מזון מ.ת.מ בעמ,IL,תמרים 400גרם,גרמים,400.00,100 גרם,false,,9.90,0.0248,true,1,1333977
7290001041895,false,פלפל שחור בצנצנת מיה 300 גרם,מיה תעשיות מזון מ.ת.מ בעמ,IL,פלפל שחור 300גרם,גרמים,300.00,100 גרם,false,,29.90,0.0997,true,1,1333984
7290001041994,false,"סוכר דמררה בצנצנת מיה 1 ק""ג",מיה תעשיות מזון מ.ת.מ. בעמ,IL,סוכר זהב דמררה 1ק'ג,קילוגרמים,1.00,"ק""ג",false,,12.90,12.9000,true,1,1333988
7290001045169,false,מיץ תפוחי עץ צלול פרימור 1 ליטר,שטראוס גרופ בעמ/מצונן,IL,מיץ תפוחי עץ צלול 1 ליטר,ליטרים,1.00,ליטר,false,,15.90,15.9000,true,1,1341805
7290001052044,false,קציצות בורגול וירקות 500,חמים וטעים,,קציצות בורגול וירקות,גרמים,500.00,100 גרם,false,,24.90,0.0498,true,1,1472372
7290001052051,false,קציצות עדשים וירקות,,,קציצות עדשים וירקות,גרמים,500.00,100 גרם,false,,24.90,0.0498,true,1,1472367
7290001052068,false,קציצות קינואה וחמוציות,חמים וטעים,,קציצות קינואה וחמוצי,גרמים,500.00,100 גרם,false,,24.90,0.0498,true,1,1472373
7290001052549,false,חטיפי כרובית בציפוי פריך,חמים וטעים,,כרובית בציפוי פריך,גרמים,500.00,100 גרם,false,,27.90,0.0558,true,1,2312432
7290001052556,false,חטיפי ברוקולי בציפוי פריך,חמים וטעים,,ברוקלי בציפוי פריך,גרמים,500.00,100 גרם,false,,27.90,0.0558,true,1,2312433
7290001052563,false,קציצות כרובית וברוקולי 5,חמים וטעים,,קציצות כרובית ברוקלי,גרמים,500.00,100 גרם,false,,27.90,0.0558,true,1,2312440
7290001072554,false,דאודורנט ספריי גוף לגבר ICE,פרפקט Perfect,,דאודורנט ספריי לגבר,מיליליטרים,150.00,"100 מ""ל",false,,14.90,0.0993,true,1,2322823
7290001072561,false,דאודורנט ספריי גוף לגבר FLAME,פרפקט Perfect,,דאודורנט ספריי גבר פ,מיליליטרים,150.00,"100 מ""ל",false,,14.90,0.0993,true,1,2322824
7290001072578,false,דאודורנט ספריי גוף לגבר SPORT,פרפקט Perfect,,דאודורנט ספריי לגבר,מיליליטרים,150.00,"100 מ""ל",false,,14.90,0.0993,true,1,2322825
7290001072585,false,דאודורנט ספריי גוף לגבר WAVE,פרפקט Perfect,,דאודורנט ספריי לגבר,מיליליטרים,150.00,"100 מ""ל",false,,14.90,0.0993,true,1,2322826
7290001072790,false,ג'ל גילוח לעור רגיל,פרפקט Perfect,,ג'ל גילוח לעור רגיל,מיליליטרים,200.00,"100 מ""ל",false,,14.90,0.0745,true,1,2322877
7290001121023,false,פסטרמה של פעם יחיעם,מעדני יחיעם,IL,פסטרמה של פעם ק'ג,קילוגרמים,1.00,"ק""ג",true,,85.00,85.0000,true,1,1343144
7290001121054,false,צמד חמד פסטרמה וסלמי יחיעם 700 גרם,מעדני יחיעם ( 1993 ) בע`מ,IL,צמד חמד 700גרם,גרמים,700.00,100 גרם,false,,24.90,0.0356,true,1,1343145
7290001121146,false,פסטרמה טבעית חזה הוד,מעדני יחיעם,IL,פסט.הודו מעושנת ק'ג,קילוגרמים,1.00,"ק""ג",true,,85.00,85.0000,true,1,1343148
7290001121238,false,קורנדביף 4% שומן יחיעם (180 גרם).,מעדני יחיעם ( 1993 ) בע`מ,IL,קורנד ביף 180גר',גרמים,180.00,100 גרם,false,,22.90,0.1272,true,1,1343150
7290001121672,false,פסטרמה מעודנת בפפריקה 300 ג' יחיעם,מעדני יחיעם (1993) בעמ,IL,פסטרמה מעודנת בפפריקה 300,גרמים,300.00,100 גרם,false,,24.90,0.0830,true,1,1343151
7290001121849,false,פסטרמה ברביקיו יחיעם 250 גרם ר.טבעיים,מעדני יחיעם ( 1993 ) בע`מ,IL,פסטרמה הודו 100%חומרים טב,גרמים,250.00,100 גרם,false,,24.90,0.0996,true,1,1343156
7290001121863,false,סלמי איטלקי פיקנטי י,מעדני יחיעם,IL,"סלמי איטלקי פיקנטי ק""ג",קילוגרמים,1.00,"ק""ג",true,,80.00,80.0000,true,1,1343157
7290001121979,false,נקניק סלמי הרץ מעדני יחיעם 150 גרם,מעדני יחיעם ( 1993 ) בע`מ,IL,סלמי הרץ 150גר',גרמים,150.00,100 גרם,false,,22.90,0.1527,true,1,1343161
7290001123775,false,שווארמה אמיתית פרגיות טיבון ויל 500 גרם,"טיבול ויל אחזקות בע""",,שווארמה פרגיות 500 ג,גרמים,500.00,100 גרם,false,,19.90,0.0398,true,1,2274647
7290001123782,false,שווארמה אמיתית הודו טיבון ויל (500 גרם),נטו מלינדה סחר בע`מ,,שווארמה הודו 500 גרם,גרמים,500.00,100 גרם,false,,19.90,0.0398,true,1,2274648
7290001125816,false,"פורל שלם טרי ק""ג",נטו,,דג פורל,קילוגרמים,1.00,"ק""ג",true,,79.90,79.9000,true,1,1328375
7290001125953,false,"אמנון שלם טרי ק""ג",נטו,,דג אמנון טרי,קילוגרמים,1.00,"ק""ג",true,,39.90,39.9000,true,1,1328377
7290001127018,false,דג דניס טרי מדיום,,,דג דניס,קילוגרמים,1.00,"ק""ג",true,,69.90,69.9000,true,1,1328378
7290001127049,false,קרפיון טרי,,,קרפיון טרי,קילוגרמים,1.00,"ק""ג",true,,29.90,29.9000,true,1,1328379
7290001127193,false,דג בורי טרי גדול,,,דג בורי טרי גדול,קילוגרמים,1.00,"ק""ג",true,,59.90,59.9000,true,1,1328381
7290001129524,false,דג לברק טרי בינוני,נטו,,דג לברק,קילוגרמים,1.00,"ק""ג",true,,69.00,69.0000,true,1,1328386
7290001129784,false,דג בס טרי,,,דג בס,קילוגרמים,1.00,"ק""ג",true,,59.90,59.9000,true,1,1328387
7290001129845,false,"ברמונדי שלם טרי ק""ג",נטו,,דג ברמונדי,קילוגרמים,1.00,"ק""ג",true,,69.90,69.9000,true,1,1328389
7290001133835,false,מוח עגל טרי,,,מוח עגל טרי,קילוגרמים,1.00,"ק""ג",true,,149.00,149.0000,true,1,1344024
7290001136287,false,"שמפו לשיער רגיל בבושם פרחים נקה 7 750 מ""ל",החברה הדרומית לשיווק בעמ,IL,"שמפו נקה 7 רגיל 750 מ""ל",מיליליטרים,750.00,"100 מ""ל",false,,11.90,0.0159,true,1,1344344
7290001136294,false,"שמפו לשיער יבש בבישום פרחים נקה 7 750 מ""ל",החברה הדרומית לשיווק בעמ,IL,שמפו נקה 7 יבש/צבוע750מל,מיליליטרים,750.00,"100 מ""ל",false,,11.90,0.0159,true,1,1344345
7290001136300,false,"נקה 7 שמפו ומרכך לסירוק קל 750 מ""ל",החברה הדרומית לשיווק בעמ,IL,ש.+מרכך נקה7 סירוק קל750,מיליליטרים,750.00,"100 מ""ל",false,,11.90,0.0159,true,1,1344346
7290001136362,false,נקה 7 תחליב רחצה אלוורה ארומה ירוק 1 ל',מיוצר בסין.יבוא ושיו,IL,תחליב רחצה ארומה אלוורה ו,ליטרים,1.00,ליטר,false,,14.90,14.9000,true,1,1344348
7290001136683,false,"מרכך לשיער רגיל בבושם פרחים נקה 7 750 מ""ל",החברה הדרומית לשיווק בעמ,IL,"מרכך נקה 7 ס""ש 750 מ""ל",מיליליטרים,750.00,"100 מ""ל",false,,11.90,0.0159,true,1,1344349
7290001136799,false,נקה 7 תחליב רחצה ארומה ורוד יסמין 1 ל',החברה הדרומית לשיווק בעמ,IL,תחליב רחצה ארומה ורד יסמי,ליטרים,1.00,ליטר,false,,14.90,14.9000,true,1,1344350
7290001136973,false,נקה 7 תחליב רחצה ארומה קמומיל לבן 1 ל',החברה הדרומית לשיווק בעמ,IL,תחליב רחצה ארומה קמומיל 1,ליטרים,1.00,ליטר,false,,14.90,14.9000,true,1,1344351
7290001208168,false,קבוקים 250 גרם,דין שיווק,,קבוקים 250 גרם,גרמים,250.00,100 גרם,false,,5.90,0.0236,true,1,1327506
7290001208274,false,מיקס חטיף יפני 150 ג,דין שיווק,,מיקס חטיף יפני 150 ג,גרמים,150.00,100 גרם,false,,9.90,0.0660,true,1,1327509
7290001216040,false,טחינה גולמית שומשום טהור אל ארז 500 גרם,אגס ירוק מסחר ושירותים,,טחינה 500 גר אל ארז,גרמים,500.00,100 גרם,false,,15.90,0.0318,true,1,1402453
7290001216231,false,טחינה גולמית שומשום מלא אל ארז 500 גרם,אגס ירוק מסחר ושירותים,,טחינה מלא 500 גרם א,גרמים,500.00,100 גרם,false,,16.90,0.0338,true,1,1402464
7290001245521,false,ג'ל מרוכז לכביסה לבנה וצבעונית,פרפקט Perfect,,ג'ל מרוכז 5 ליטר לכ,ליטרים,5.00,ליטר,false,,24.90,4.9800,true,1,2172773
7290001247068,false,קרטונית נקטר ספרינג תות בננה 1 ליטר,יפאורה שותפות מוגבלת לשיווק,,ספרינג תות בננה קרטו,ליטרים,1.00,ליטר,false,,6.60,6.6000,true,1,1324344
7290001247082,false,מיץ עגבניות רכיבים טבעיים ספרינג 1 ליטר,יפאורה שותפות מוגבלת לשיווק,,ספרינג עגבניות קרטונ,ליטרים,1.00,ליטר,false,,6.60,6.6000,true,1,1324345
7290001247099,false,קרטונית נקטר ספרינג מנגו 1 ליטר,יפאורה שותפות מוגבלת לשיווק,,ספרינג מנגו קרטונית,ליטרים,1.00,ליטר,false,,6.60,6.6000,true,1,1324346
7290001247105,false,קרטונית נקטר ספרינג אפרסק 1 ליטר,יפאורה שותפות מוגבלת לשיווק,,נקטר ספרינג אפרסק,ליטרים,1.00,ליטר,false,,6.60,6.6000,true,1,1324347
7290001247112,false,קרטונית נקטר ספרינג לימונענע 1 ליטר,יפאורה שותפות מוגבלת לשיווק,,ספרינג לימונענע קרטו,ליטרים,1.00,ליטר,false,,6.60,6.6000,true,1,1324348
7290001247129,false,נקטר ספרינג תפוזים קרטונית 1 ל',יפאורה שותפות מוגבלת לשיווק,,ספרינג תפוז קרטונית,ליטרים,1.00,ליטר,false,,6.60,6.6000,true,1,1324349
7290001258217,false,לאבנה עיזים 5% משקל,גבינות משק יעקבס,IL,לבנה עיזים,קילוגרמים,1.00,"ק""ג",true,,49.00,49.0000,true,1,1347659
7290001258224,false,לבנה בקר יעקבס במשקל,גבינות יעקבס,IL,לבנה בקר,קילוגרמים,1.00,"ק""ג",true,,39.00,39.0000,true,1,1347660
7290001258323,false,משולש גאודה כמון משקל,משק יעקבס,,מארז גאודה כמון,קילוגרמים,1.00,"ק""ג",true,,99.00,99.0000,true,1,2333181
7290001258378,false,גבינת חלומי במשקל,גבינות משק יעקבס,,גבינת חלומי,קילוגרמים,1.00,"ק""ג",true,,85.00,85.0000,true,1,2405662
7290001258439,false,גבינת שמנת עז מה במש,גבינות משק יעקבס,IL,עז-מה למריחה 5%,קילוגרמים,1.00,"ק""ג",true,,49.00,49.0000,true,1,1347668
7290001258446,false,"יעקבס יוגורט כבשים 5% 850 מ""ל",גבינות משק יעקבס,IL,"יוגורט כבשים .850 מ""ל",מיליליטרים,850.00,"100 מ""ל",false,,19.90,0.0234,true,1,1347669
7290001258453,false,קממברט בקר+אגוזים במשקל,גבינות משק יעקבס,IL,קממברט אגוזים,קילוגרמים,1.00,"ק""ג",true,,99.00,99.0000,true,1,1347670
7290001258668,false,גבינת עז מה 5% יעקבס 250 גרם,גבינות משק יעקבס,IL,עז מה 250.0 גרם,גרמים,250.00,100 גרם,false,,15.90,0.0636,true,1,1347679
7290001258682,false,"יוגורט עיזים באריזה 500 מ""ל",גבינות משק יעקבס,IL,"יוגורט עזים 500.0 מ""ל",מיליליטרים,500.00,"100 מ""ל",false,,14.90,0.0298,true,1,1347680
7290001258729,false,לאבנה עיזים יעקובס 250 גרם,גבינות משק יעקבס,IL,9 לבנה עזים 250.0 גרם,גרמים,250.00,100 גרם,false,,13.90,0.0556,true,1,1347681
7290001258804,false,קשקבל גבינה חצי קשה יעקבס 180 גרם,גבינות משק יעקבס,IL,קשקבל ואקום 0.18גר,גרמים,180.00,100 גרם,false,,24.90,0.1383,true,1,1347683
7290001258989,false,קממבר בקר בייבי במשקל,גבינות משק יעקבס,,גבינת קממברט בקרבייב,קילוגרמים,1.00,"ק""ג",true,,89.00,89.0000,true,1,1982912
7290001274422,false,שלגונים ציפוי בננה מאגדת שמינייה 560 ג',פלקו בעמ חברה ישראלית,,שלגוני מצופים,גרמים,560.00,100 גרם,false,,22.90,0.0409,true,1,1334713
7290001274576,false,מאגדת גלידל וניל ותות 900 גר`פלדמן,גלידות פלדמן,,גלידל תות וניל 900 מ,מיליליטרים,900.00,"100 מ""ל",false,,19.90,0.0221,true,1,1334714
7290001274934,false,"שמיניית גלידל פרי לימון ""פלדמן""",הגלידות של פלדמן,,שמיניית קרטיבים פופס,גרמים,640.00,100 גרם,false,,19.90,0.0311,true,1,1334717
7290001274941,false,"שמיניית גלידל פרי פטל ""פלדמן""",הגלידות של פלדמן,,שמיניית קרחוני דיאט,גרמים,640.00,100 גרם,false,,19.90,0.0311,true,1,1334718
7290001305058,false,"פלמוליב - נטורלס תחליב רחצה חלב ודבש 500 מ""ל",הנסיך- מפעל לייצור ט,TR,פלמוליב חלב ודבש 500מל חד,מיליליטרים,500.00,"100 מ""ל",false,,15.90,0.0318,true,1,1338612
7290001305188,false,"נוזל לניקוי כלים בריח לימון פלמוליב 750 מ""ל",יבואן ומשווק: ש. שסט,GR,פלמוליב כלים שקוף לימון 7,מיליליטרים,750.00,"100 מ""ל",false,,9.90,0.0132,true,1,1338613
7290001327180,false,שטראוס קרמיסימו וניל ציפ 1.33 ליטר,"גלידת שטראוס בע""\מ, רחוב",IL,קר' 1.33 וניל צ'יפ פסח,ליטרים,1.33,ליטר,false,,19.90,14.9624,true,1,1337015
7290001330623,false,"פולונז שוקו בונדוק 1.1 ק""ג",ברון מפעל לייצור עוג,,עוגת פולונז עגולה 22,גרמים,1100.00,100 גרם,false,,114.90,0.1045,true,1,1363837
7290001330906,false,עוגת ברון למבדה קוטר,ברון מפעל לייצור עוג,,עוגת למבדה עגולה 18.,גרמים,600.00,100 גרם,false,,82.90,0.1382,true,1,1363857
7290001343845,false,תערובת מיזלי עם פירות מיובשים 1 קג,דין שיווק וקליה 2021 בעמ,,"גרנולה פירות 1 ק""ג.",גרמים,1000.00,100 גרם,false,,19.90,0.0199,true,1,1327511
7290001407127,false,פרוסות חלבה קלאסית בטעם וניל בארכה 400 גרם,קבוצת אוסם סחר שותפות מוגבלת,,פרוסות חלבה קלאסית ו,גרמים,400.00,100 גרם,false,,12.90,0.0323,true,1,1393773
7290001407134,false,בארכה פרוסות חלווה שוקו וניל+פ.קקאו 400גר,קבוצת אוסם סחר שותפות מוגבלת,IL,פרוסות חלבה בארכה שוקו ונ,גרמים,400.00,100 גרם,false,,12.90,0.0323,true,1,1339280
7290001407547,false,טחינה גולמית משומשום מלא פי 6 בארכה 500ג',קבוצת אוסם סחר שותפות מוגבלת,IL,טחינה משומשום מלא פי 6 סי,גרמים,500.00,100 גרם,false,,13.90,0.0278,true,1,1339286
7290001407592,false,"בארכה טחינה גולמית פי 6 סידן 6*1 ק""ג",קבוצת אוסם סחר שותפות מוגבלת,,טחינה בארכה משומשום,קילוגרמים,1.00,"100 ק""ג",false,,24.90,24.9000,true,1,2364593
7290001407769,false,טחינה גולמית שומשום מלא בארכה 500 גרם,קבוצת אוסם סחר שותפות מוגבלת,IL,טחינה בארכה עם שומשום מלא,גרמים,500.00,100 גרם,false,,13.90,0.0278,true,1,1339288
7290001407813,false,חלבה שאמית פיסטוק בקטנה בארכה 350ג',קבוצת אוסם סחר שותפות מוגבלת,IL,חלבה בארכה שאמית וניל עם,גרמים,350.00,100 גרם,false,,15.90,0.0454,true,1,1339289
7290001407820,false,חלווה שאמית וניל קלאסית בארכה 350ג',קבוצת אוסם סחר שותפות מוגבלת,IL,חלבה בארכה שאמית וניל 350,גרמים,350.00,100 גרם,false,,15.90,0.0454,true,1,1339290
7290001407837,false,חלבה שאמית עם פולי קקאו בארכה 350 גרם,קבוצת אוסם סחר-שות.מוגבלת,IL,חלבה בארכה שאמית שוקו עם,גרמים,350.00,100 גרם,false,,15.90,0.0454,true,1,1339291
7290001407844,false,חלבה קלאסית בטעם וניל בארכה 350 גרם,קבוצת אוסם סחר שותפות מוגבלת,IL,חלבה בארכה קלאסית וניל 35,גרמים,350.00,100 גרם,false,,15.90,0.0454,true,1,1339292
7290001419618,false,וופל בלגי עלמה שחור לבן וניל 200ג',מ.ד אטיאס סוכנויות מזון בע`מ,,וופל בלגי שוקו.,גרמים,200.00,100 גרם,false,,2.90,0.0145,true,1,1346789
7290001419779,false,"וופל קלאסי בטעם שוקולד ""עלמה"" 200 גרם",רזיט שיווק בעמ,,וופל קלאסי שוקו.,גרמים,200.00,100 גרם,false,,2.90,0.0145,true,1,1346790
7290001419793,false,גביעי גלידה מגולגל עלמה גילרו 30 יח',מ.ד אטיאס סוכנויות מזון בע`מ,,גביע גלידה.,גרמים,132.00,100 גרם,false,,10.90,0.0826,true,1,1346791
7290001425299,false,"קרם גוף זית 500 סמ""ק",שוורץ,IL,"ק.גוף זית 500 סמ""ק",מיליליטרים,500.00,"100 מ""ל",false,,24.90,0.0498,true,1,1328004
7290001425336,false,"קרם ידיים זית 200 מ""ל",שוורץ,IL,"ק.ידיים זית 200 סמ""ק",מיליליטרים,200.00,"100 מ""ל",false,,12.90,0.0645,true,1,1328005
7290001427019,false,קשת מיץ תפוזים טבעי 500 מל,קשת מיצים טבעיים,,מיץ תפוזים קשת 500 מ,מיליליטרים,500.00,"100 מ""ל",false,,13.90,0.0278,true,1,2409429
7290001427033,false,קשת מיץ תפוחים טבעי 1 ליטר,תנובה - פריניב,,מיץ תפוחים סחוט טבעי,ליטרים,1.00,ליטר,false,,16.90,16.9000,true,1,2334577
7290001427095,false,"משקה סלק 500 מ""ל פריניב זכוכית",קשת מיצים טבעיים,,מיץ סלק ותפוחים טבעי,מיליליטרים,500.00,"100 מ""ל",false,,13.90,0.0278,true,1,2334584
7290001427118,false,"משקה תפוח 500 מ""ל פריניב זכוכית",קשת מיצים טבעיים,,מיץ תפוחים סחוט טבעי,מיליליטרים,500.00,"100 מ""ל",false,,13.90,0.0278,true,1,2334578
7290001427255,false,פריניב מיץ תפוח 1 ליטר פלסטיק,קשת רמת הגולן,,מיץ תפוחים סחוט טבעי,ליטרים,1.00,ליטר,false,,16.90,16.9000,true,1,2334579
7290001427453,false,קשת פינק ליידי תפוחים 1 ליטר מצונן,תנובה - פריניב,,מיץ תפוחים פינק לייד,ליטרים,1.00,ליטר,false,,21.90,21.9000,true,1,2332399
7290001439074,false,ספוג שלישיית כדורי רחצה מוסקו,יושלם,,שלישיה כדור ליפה,יח',3.00,יח',false,,11.90,3.9667,true,1,1323709
7290001461105,false,לחם מחמצת לבן (ברקוד,פילסברי,,לחם מחמצת לבן (ברקוד,גרמים,500.00,100 גרם,false,,16.90,0.0338,true,1,2088604
7290001461112,false,לחם רוסטיק עגול פילס,פילסברי,,לחם מחמצת דגנים (ברק,גרמים,500.00,100 גרם,false,,16.90,0.0338,true,1,2088609
7290001461457,false,בגט רוסטיק קמח מלא ו,פילסברי,,בגט רוסטיק קמח מלא,יחידה,0.00,יחידה,false,,7.90,0.0000,true,1,1848099
7290001468272,false,נאמן פלסטרים מעורב 50יח',נאמן לאורך זמן בעמ,,פלסטרים בגדלים וצורו,יח',50.00,יח',false,,6.90,0.1380,true,1,1329619
7290001468319,false,מיץ לימון ליים 200מל,ITAL LEMON,,מיץ לימון 200,מיליליטרים,200.00,"100 מ""ל",false,,5.90,0.0295,true,1,1329620
7290001468326,false,"מיץ לימון טבעי 500 מ""ל",ITAL LEMON,,מיץ לימון,מיליליטרים,500.00,"100 מ""ל",false,,11.90,0.0238,true,1,1329621
7290001468463,false,ספוגי ליפה טבעיים בשלל צורות,נאמן לאורך זמן בעמ,,ספוג ליפה טבעי,יחידה,0.00,יחידה,false,,9.90,0.0000,true,1,1329622
7290001468470,false,ספוגי ליפה טבעיים בשלל צורות וסוגים,נאמן לאורך זמן בעמ,,ספוג ליפה טבעי,יחידה,0.00,יחידה,false,,14.90,0.0000,true,1,1329623
7290001468678,false,מפת שולחן 137*274סמ,נ.ש.ם,,מפת שולחן אלפא,יח',1.00,יח',false,,9.90,9.9000,true,1,1329625
7290001468753,false,קמח תפוחי אדמה 500 ג' נאמן,תבליני ביטון,,קמח תפוחי אדמה 500 ג,גרמים,500.00,100 גרם,false,,5.90,0.0118,true,1,1329626
7290001468890,false,אלכוהול 70% נאמן 100,נאמן לאורך זמן בעמ,,אלכוהול 70%,מיליליטרים,100.00,"100 מ""ל",false,,5.90,0.0590,true,1,1329630
7290001476208,false,גבינת ברי פקאן במשקל,מחלבות גד,IL,"ברי פקאן משולשים ק""ג",קילוגרמים,1.00,"ק""ג",true,,130.00,130.0000,true,1,1327844
7290001482049,false,בולגריה בקוביות עם ש,,,בולגריה בקוביות עם ש,קילוגרמים,1.00,"ק""ג",true,,89.00,89.0000,true,1,1308708
7290001482094,false,גבינה פרמז'נו משולשים ויליפוד 200ג',ג.וילי-פוד אינטרנשיונל **גבינו,IT,פרמז'נו 200גרם ( 25יח') (,גרמים,200.00,100 גרם,false,,19.90,0.0995,true,1,1308709
7290001482384,false,חתיכות אננס בסירופ קל וילי פוד 227 גרם,ג.וילי-פוד אינטרנשיונל בעמ,TH,אננס חתוך 227גרם,גרמים,227.00,100 גרם,false,,3.90,0.0172,true,1,1308711
7290001482933,false,גב.גאודה מהולנד30% משקל,יושלם,NL,אמה חוויה בטעם גאודה מהול,קילוגרמים,1.00,"ק""ג",true,,69.00,69.0000,true,1,1308717
7290001485019,false,גבינת קרם שמנת טבעי 5% טרה 200 גרם,החברה המרכזית טלהפצת משקאות בע,IL,גבינת קרם שמנת טבעי 200 ג,גרמים,200.00,100 גרם,false,,10.90,0.0545,true,1,1328476
7290001491010,false,תה ירוק יסמין ויסוצקי 25 יחידות,תה ויסוצקי (ישראל) בעמ,IL,תה ירוק יסמין,גרמים,37.50,100 גרם,false,,22.90,0.6107,true,1,1339293
7290001491096,false,תה ירוק בתוספת לימונית ולואיזה 50 שקיקים ויסוצקי,תה ויסוצקי (ישראל) בעמ,IL,תה ירוק לימונית ולואיזה,גרמים,75.00,100 גרם,false,,39.90,0.5320,true,1,1339294
7290001507063,false,פתיבר מקמח מלא אורגני השדה מוצרים אורגנים 200 גרם,השדה מוצרים אורגניים,IL,ביסקוויט פתיבר אורגני מקמ,גרמים,200.00,100 גרם,false,,7.90,0.0395,true,1,1308988
7290001507162,false,חטיף אובלטים אורגניים שומשום 100 גר,השדה מוצרים אורגניים,IL,אובלטים אורגנים קמח מלא ש,גרמים,100.00,100 גרם,false,,7.90,0.0790,true,1,1308990
7290001507360,false,חטיף אובלטים אורגניים עם כוסמין 100 גר,השדה מוצרים אורגניים,,אובלטים כוסמין אורגנ,גרמים,100.00,100 גרם,false,,10.90,0.1090,true,1,1421484
7290001515310,false,שש כריות קרצוף יפניות סקוטש ברייט,3m,,כריות קירצוף,יח',6.00,יח',false,,12.90,2.1500,true,1,1304925
7290001515631,false,שלושה ספוגי קרצוף קשיחים ארוכים אדומים,שיוך למחסן 17,,ספוג קרצוף ארוך שליש,יח',3.00,יח',false,,7.90,2.6333,true,1,1304932
7290001532010,false,סלמון בעישון חם הרמס,"הרמס דגים בע""מ",,סלמון מעושן חם,קילוגרמים,1.00,"ק""ג",true,,169.00,169.0000,true,1,2307286
7290001532034,false,פורל בעישון חם,,,פורל בעישון חם,קילוגרמים,1.00,"ק""ג",true,,149.00,149.0000,true,1,2307287
7290001532065,false,טונה מעושנת הרמס במש,ירין חזון שיווק ומזון,,הרמס דג טונה מעושן ח,קילוגרמים,1.00,"ק""ג",true,,129.00,129.0000,true,1,2307288
7290001532096,false,שפרוטים חם,,,שפרוטים חם,קילוגרמים,1.00,"ק""ג",true,,82.00,82.0000,true,1,2353710
7290001532126,false,קילקה בלי ראש,,,קילקה בלי ראש,קילוגרמים,1.00,"ק""ג",true,,69.00,69.0000,true,1,2353711
7290001532157,false,פילה הרינג במשקל,,,פילה הרינג,קילוגרמים,1.00,"ק""ג",true,,45.00,45.0000,true,1,2353714
7290001532164,false,פילה הרינג כבוש,,,פילה הרינג כבוש,קילוגרמים,1.00,"ק""ג",true,,45.00,45.0000,true,1,2353715
7290001532195,false,מקרל מעושן בואקום שקיל,ירין חזון שיווק ומזון,,מקרל מעושן קטן,קילוגרמים,1.00,"ק""ג",true,,69.00,69.0000,true,1,2307289
7290001532232,false,בייבי סלמון מעושן,,,בייבי סלמון מעושן,קילוגרמים,1.00,"ק""ג",true,,129.00,129.0000,true,1,2353718
7290001532263,false,פילה סלמון,,,פילה סלמון,קילוגרמים,1.00,"ק""ג",true,,169.00,169.0000,true,1,2353719
7290001532287,false,דג מויבה מעושן,,,דג מויבה מעושן,קילוגרמים,1.00,"ק""ג",true,,79.00,79.0000,true,1,2353720
7290001532300,false,דג רוטבש מעושן חם,,,דג רוטבש מעושן חם,קילוגרמים,1.00,"ק""ג",true,,95.00,95.0000,true,1,2353721
7290001532317,false,מקרל בשמן,,,מקרל בשמן,קילוגרמים,1.00,"ק""ג",true,,89.00,89.0000,true,1,2353722
7290001532331,false,סלמון גרבלקס פרוס,,,סלמון גרבלקס פרוס,קילוגרמים,1.00,"ק""ג",true,,189.00,189.0000,true,1,2353723
7290001532706,false,"פילה הרינג חתוך 2.8 ק""ג",,,פילה הרינג חתוך,קילוגרמים,1.00,"ק""ג",true,,45.00,45.0000,true,1,2353725
7290001552025,false,קוסקוס של אמא פרבורגר 800 גרם,מטעמי פאר (א.מ.נ) בעמ,,הקוסקוס של אמא 800 ג,גרמים,800.00,100 גרם,false,,14.90,0.0186,true,1,1355100
7290001552049,false,קוסקוס מרוקאי קפוא 800 גר,מטעמי פאר (א.מ.נ) בעמ,,קוסקוס מרוקאי 800 גר,גרמים,800.00,100 גרם,false,,14.90,0.0186,true,1,1355101
7290001567708,false,נקניקיות וינר יחיעם 400 גרם,מעדני יחיעם ( 1993 ) בע`מ,,נקניקיות עוף 400 גרם,גרמים,400.00,100 גרם,false,,9.90,0.0248,true,1,1417748
7290001567814,false,סלמי מעושן בסגנון איטלקי 300 ג' יחיעם,מעדני יחיעם ( 1993 ) בע`מ,,סלמי מעושן בסגנון אי,יחידה,0.00,יחידה,false,,19.90,0.0000,true,1,1474680
7290001567920,false,סלמי תה יחיעם 200 גר,מעדני יחיעם,,סלמי תה,גרמים,200.00,100 גרם,false,,9.90,0.0495,true,1,1889071
7290001567937,false,"סלמי איטלקי מפולפל 200 גרם ""יחיעם""",מעדני יחיעם (1993) בעמ,,נקניק אטלקי מפולפל,גרמים,200.00,100 גרם,false,,12.90,0.0645,true,1,1889072
7290001589342,false,"ספירה תחליב אנתוש יתושים, 70 מ""ל",סאסא קוסמטיקס,IL,תחליב להרחקת יתושים,מיליליטרים,70.00,"100 מ""ל",false,,11.90,0.1700,true,1,1346424
7290001591673,false,"קניידלך מקמח תפו""א שלושת האופים 500 גרם",נטו מלינדה סחר בע`מ,,קניידלך מקמח תפוח אד,גרמים,500.00,100 גרם,false,,18.90,0.0378,true,1,2395918
7290001591680,false,קניידלך מקמח מצה שלושת האופים 500 גרם,נטו מילנדה סחר בעמ*,,קניידלך מקמח מצה 500,גרמים,500.00,100 גרם,false,,18.90,0.0378,true,1,2395919
7290001594155,false,"קוקה-קולה בבקבוק אישי 500 מ""ל",החברה המרכזית להפצת משקאות בעמ,IL,ק'-קולה 500 מל,מיליליטרים,500.00,"100 מ""ל",false,,6.90,0.0138,true,1,1334981
7290001594179,false,"פאנטה אורנג' בבקבוק אישי 500 מ""ל",החברה המרכזית להפצת משקאות בעמ,IL,פנט אורנג 500 מל,מיליליטרים,500.00,"100 מ""ל",false,,6.90,0.0138,true,1,1334983
7290001594230,false,קינלי סודה בבקבוק זכוכית,החברה המרכזית להפצת משקאות בעמ,IL,קינלי סודה 250,מיליליטרים,250.00,"100 מ""ל",false,,4.00,0.0160,true,1,1334986
7290001594520,false,"בירה טובורג רד בקבוק 330 מ""ל",החברה המרכזית להפצת משקאות בעמ,,"בירה טובורג 330 מ""ל.",מיליליטרים,330.00,"100 מ""ל",false,,6.90,0.0209,true,1,1334991
7290001594544,false,"בירה שחורה מאלטי בקבוק 330מ""ל",החברה המרכזית להפצת משקאות בעמ,,"בירה מאלטי 330 מ""ל.",מיליליטרים,330.00,"100 מ""ל",false,,5.90,0.0179,true,1,1334993
7290001594568,false,בירה בפחית קרלסברג (500 מל),החברה המרכזית להפצת משקאות בעמ,IL,קרלסברג פח 500 מל פקדון,מיליליטרים,500.00,"100 מ""ל",false,,7.90,0.0158,true,1,1334995
7290001594575,false,בירה בפחית רד טובורג (500 מל),החברה המרכזית להפצת משקאות בעמ,IL,טובורג פח 500 מל פקדון,מיליליטרים,500.00,"100 מ""ל",false,,7.90,0.0158,true,1,1334996
7290001594810,false,"בירה שחורה מאלטי בקב' מארז 330X6מ""ל",החברה המרכזית להפצת משקאות בעמ,,שישיית בירה מאלטי 33,ליטרים,1.98,ליטר,false,,24.90,12.5758,true,1,1334998
7290001594858,false,מארז שישייה בירה טובורג רד (330x6 מל),החברה המרכזית להפצת משקאות בעמ,IL,טובורג 6 בק 330 פקדון,ליטרים,1.98,ליטר,false,,29.90,15.1010,true,1,1335000
7290001594865,false,"שישייה בירה קרלסברג בקבוק 330 מ""ל",החברה המרכזית להפצת משקאות בעמ,IL,קרלסברג 6 בק 330 פקדון,ליטרים,1.98,ליטר,false,,32.90,16.6162,true,1,1335001
7290001664353,false,אמנון פילה 800 גרם,,,גב עוף,קילוגרמים,1.00,"ק""ג",true,,4.90,4.9000,true,1,1344030
7290001664360,false,עצמות בקר טרי,,,עצמות בקר טרי,קילוגרמים,1.00,"ק""ג",true,,29.90,29.9000,true,1,1344031
7290001664384,false,פילה עגל טרי,,,פילה עגל טרי,קילוגרמים,1.00,"ק""ג",true,,220.00,220.0000,true,1,1344032
7290001664391,false,כנפיים עוף+נקיון,,,כנפיים עוף+נקיון,קילוגרמים,1.00,"ק""ג",true,,14.90,14.9000,true,1,1344033
7290001664445,false,לשון עגל טרי,,,לשון עגל טרי,קילוגרמים,1.00,"ק""ג",true,,49.00,49.0000,true,1,1344037
7290001664483,false,הודו אדום טחון,,,הודו אדום טחון,קילוגרמים,1.00,"ק""ג",true,,69.90,69.9000,true,1,1344039
7290001664490,false,סטייק שווארמה הודו ט,,,סטייק שווארמה הודו ט,קילוגרמים,1.00,"ק""ג",true,,89.90,89.9000,true,1,1344040
7290001664520,false,כתף טלה טרי,,,כתף טלה טרי,קילוגרמים,1.00,"ק""ג",true,,89.90,89.9000,true,1,1344041
7290001664544,false,צלעות טלה טרי,,,צלעות טלה טרי,קילוגרמים,1.00,"ק""ג",true,,199.00,199.0000,true,1,1344043
7290001664551,false,צוואר טלה טרי,,,צוואר טלה טרי,קילוגרמים,1.00,"ק""ג",true,,89.90,89.9000,true,1,1344044
7290001664919,false,סטייק פרגיות,,,סטייק פרגיות,קילוגרמים,1.00,"ק""ג",true,,79.90,79.9000,true,1,1344049
7290001664964,false,קוביות/חזה עוף פרוס,,,קוביות/חזה עוף פרוס,קילוגרמים,1.00,"ק""ג",true,,44.90,44.9000,true,1,1344050
7290001670224,false,מלית פרג פוליבה 400 גרם,הנמל אריזות ושיווק (1984) בעמ,,מלית פרג,גרמים,400.00,100 גרם,false,,10.90,0.0273,true,1,1321317
7290001670255,false,כוס קרטון שתייה חמה 8B 50 יח',הנמל אריזות ושיווק (1984) בעמ,,כוסות קרטון 8 50 יח,יח',50.00,יח',false,,9.90,0.1980,true,1,2388845
7290001670354,false,"מפת שולחן סופגת לבן 137X274 ס""מ במיוחד",הנמל אריזות ושיווק (1984) בעמ,,מפת שולחן סופגת,יחידה,0.00,יחידה,false,,9.90,0.0000,true,1,1321321
7290001670385,false,מפיות ארועים חד שכבתי 100 יחידות,הנמל אריזות ושיווק 1984 בע`מ,,מפיות אירוח,יח',100.00,יח',false,,4.90,0.0490,true,1,1321322
7290001670408,false,נרות חימום בשקית 50 יח הנמל,הנמל אריזות ושיווק (1984) בעמ,,נרות חימום 50 בשקית,יח',50.00,יח',false,,12.90,0.2580,true,1,2384119
7290001670514,false,מלית אוכמניות למילוי דברי מאפה 400 ג,הנמל אריזות ושיווק (1984) בעמ,,מלית אוכמניות,גרמים,400.00,100 גרם,false,,10.90,0.0273,true,1,1321328
7290001670521,false,מלית תפוחים וקינמון 400 גרם,הנמל אריזות ושיווק (1984) בעמ,,מלית תפוח עץ,גרמים,400.00,100 גרם,false,,10.90,0.0273,true,1,1321329
7290001670668,false,קרחונית שקיות להכנת קרח הנמל 12 יחידות,"איטיליאן פוד, אס.פי.",,קרחוניות 12 יח',יח',12.00,יח',false,,3.90,0.3250,true,1,1321331
7290001670736,false,כפפות נילון שקוף 100 יחידות,יבוא ושיווק: הנמל אר,,כפפות ניילון שקוף 10,יח',100.00,יח',false,,4.90,0.0490,true,1,1321332
7290001670842,false,מלית חלבה למילוי דברי מאפה 400 גרם,הנמל אריזות ושיווק (1984) בעמ,,ממרח חלבה 400 גרם,גרמים,400.00,100 גרם,false,,10.90,0.0273,true,1,1321334
7290001670859,false,מלית דובדבנים פוליבה 400 ג',הנמל אריזות ושיווק (1984) בעמ,,מלית דובדבנים,גרמים,400.00,100 גרם,false,,10.90,0.0273,true,1,1321335
7290001675489,false,קרליין - מסיר לק ללא אצטון ורוד,,,קרליין מסיר לק ללא א,יח',1.00,יח',false,,14.90,14.9000,true,1,1344417
7290001690147,false,טעם טוב גבינה מותכת למריחה 6% מון בלאן,נטו מלינדה סחר בע`מ,,טעם טוב גבינה מותכת,גרמים,120.00,100 גרם,false,,9.90,0.0825,true,1,2385953
7290001709467,false,מהרג'ה - מטבעות פאני פורי,,,מטבעות פאני פורי 200,גרמים,200.00,100 גרם,false,,19.90,0.0995,true,1,2424041
7290001723012,false,פדים להנקה 30 יחידות,אינטרסן (1996) בעמ,,פדים להנקה 30 יחידות,יח',30.00,יח',false,,13.90,0.4633,true,1,1322101
7290001780428,false,מאגדת גלידת לייט שוקולד נסטלה 6יח' 312ג',נגה גלידות שותפות מוגבלת,IL,לייט שוקו 6 יח’,גרמים,312.00,100 גרם,false,,29.90,0.0958,true,1,1329754
7290001791356,false,"פרש מבשם אויר אוטומטי בניחוח לבנדר סנו 250 מ""ל",החברה הדרומית לשיווק בעמ,IL,סנופרש אוטומטי לבנדר250מ,מיליליטרים,250.00,"100 מ""ל",false,,12.90,0.0516,true,1,1319662
7290001791363,false,"מטהר אויר בניחוח וניל קוקוס מילוי סנו 250 מ""ל",החברה הדרומית לשיווק בעמ,IL,סנופרש אוטומטי וניל 250מ,מיליליטרים,250.00,"100 מ""ל",false,,12.90,0.0516,true,1,1319663
7290001813454,false,"עוגיות חיוכים שוקולד עלית 900 גרם מארז 6 יחידות בד""צ",אפיפית נצרת תעשיות ב,,חיוכים שוקו 900 גרם,גרמים,900.00,100 גרם,false,,19.90,0.0221,true,1,2415266
7290001813478,false,"עוגיות חיוכים וניל עלית 900 גרם מארז 6 יחידות בד""צ",אפיפית נצרת תעשיות ב,,חיוכים וניל 900 גרם,גרמים,900.00,100 גרם,false,,19.90,0.0221,true,1,2415267
7290001817728,false,צ'יטוס אפוי כאפה בטעם קטשופ 55 גרם,"שטראוס פריטו ליי בע""\מ )",IL,ציטוס כאפה 55 גר תפזורת,גרמים,55.00,100 גרם,false,,3.50,0.0636,true,1,1343193
7290001865439,false,פמילי אל סבון נוזלי בניחוח וניל 1 ליטר,אף.סי תבליני בגליל ב,IL,פמלי אל סבון ליטר ונילה [,ליטרים,1.00,ליטר,false,,9.90,9.9000,true,1,1352999
7290001865453,false,פמילי לקשרי 1 ליטר לבנדר ארומטי+משאבה,מיוצר עי קונדיטוריית,IL,פמלי אל סבון ליטר לבנדר [,ליטרים,1.00,ליטר,false,,9.90,9.9000,true,1,1353000
7290001865460,false,סבון נוזלי פמלי לקשרי זר פרחים לבנים 1 ל,דנשר (1963) בעמ,IL,פמלי אל סבון ליטר ליים [י,ליטרים,1.00,ליטר,false,,9.90,9.9000,true,1,1353001
7290001892008,false,לחם שיפון בסגנון סקנ,מאפיית פולנסקי,IL,לחם סקנדינבי,גרמים,700.00,100 גרם,false,,11.90,0.0170,true,1,1337151
7290001892015,false,לחם בורודסקי עם קוסב,מאפיית פולנסקי,IL,לחם בורודינסקי,גרמים,700.00,100 גרם,false,,11.90,0.0170,true,1,1337152
7290001892060,false,לחם שיפון קל דל קלור,מאפיית פולנסקי,IL,לחם שיפון,גרמים,650.00,100 גרם,false,,11.90,0.0183,true,1,1337154
7290001892077,false,לחם שיפון בריאות/רוס,מאפיית פולנסקי,IL,לחם בריאות/רוסי/אוקראיני,גרמים,700.00,100 גרם,false,,11.90,0.0170,true,1,1337155
7290001892084,false,לחם חיטה נבוטה 700 ג,מאפיית פולנסקי,,לחם חיטה נבוטה 700 ג,גרמים,700.00,100 גרם,false,,11.90,0.0170,true,1,1337156
7290001892145,false,לחם סנדוויץ לבן/דגני,מאפיית פולנסקי,IL,לחם טוסט קטן,גרמים,700.00,100 גרם,false,,11.90,0.0170,true,1,1337159
7290001901656,false,היימיש פיש הדג המיוחד 7 קציצות 600 גרם,נאמן לאורך זמן בעמ,,צנצנת קציצות היימיש,גרמים,560.00,100 גרם,false,,10.90,0.0195,true,1,1410017
7290001901670,false,גפילטע פיש דיאט 4 קציצות בצנצנת הדג המיוחד 670 גרם,דג טעים בעמ,,צנצנת קציצות דיאט 4,גרמים,510.00,100 גרם,false,,15.90,0.0312,true,1,1410037
7290001902301,false,חלה מתוקה קלועה 450 גרם,"גידרון תעשיות בע""מ",,חלה מתוקה קלועה (ברק,יחידה,0.00,יחידה,false,,9.90,0.0000,true,1,1346920
7290001917527,false,פרש וואנס פדים להסרת איפור 80 יח' *3,דנשר (1963) בעמ,IL,פדיות קוסמטיות **1X3**,יח',3.00,יח',false,,14.90,4.9667,true,1,1353004
7290001946015,false,אריסה מתוקה 250 גרם,תבליני ביטון מאיר,IL,אריסה מתוקה 250ג- 12יח',גרמים,250.00,100 גרם,false,,12.90,0.0516,true,1,1364607
7290001946077,false,אריסה חריפה 250 גרם,תבליני ביטון מאיר,IL,אריסה חריפה 250ג- 12יח',גרמים,250.00,100 גרם,false,,12.90,0.0516,true,1,1364609
7290001946114,false,סחוג אדום 150 גר ביט,,,סחוג אדום,גרמים,150.00,100 גרם,false,,9.90,0.0660,true,1,1364610
7290001946237,false,פלפל צ'ומה ביטון,תבליני ביטון מאיר,IL,פלפל צ'ומה 250ג- 12יח',גרמים,250.00,100 גרם,false,,12.90,0.0516,true,1,1364612
7290001946299,false,סחוג ירוק תבליני ביט,תבליני ביטון מאיר,IL,סחוג תימני 250ג- 12יח',גרמים,250.00,100 גרם,false,,12.90,0.0516,true,1,1364613
7290001946503,false,שום כתוש ביטון,תבליני ביטון מאיר,IL,שום כתוש 250ג- 12יח',גרמים,250.00,100 גרם,false,,12.90,0.0516,true,1,1364616
7290001946725,false,לימון בלאדי ביטון,תבליני ביטון מאיר,IL,לימון באלדי 250ג- 12יח',גרמים,250.00,100 גרם,false,,12.90,0.0516,true,1,1364617
7290001946749,false,סחוג ירוק 150 גר ביט,,,סחוג ירוק,גרמים,150.00,100 גרם,false,,9.90,0.0660,true,1,1364618
7290001973233,false,"קמיל בלו מגבונים לחים סנסיטיב ד""ר פישר 120 יחידות","פישר תעשיות פרמבצטיות בע""מ",IL,ק.ב סנסטיב מגבונים 120 יח,יח',120.00,יח',false,,12.90,0.1075,true,1,1351778
7290001973332,false,"קמיל בלו מגבונים לפנים סנסיטיב ד""ר פישר 60 יחידות",פישר תעשיות פרמבצטיות בעמ,IL,- ק.ב.ס מגבונים לפנים 60,יח',60.00,יח',false,,6.90,0.1150,true,1,1351781
7290001973363,false,מגבונים קמיל בלו ליציאה שקית 30 יח,פישר תעשיות פרמבצטיות בעמ,IL,TO-GO ק.ב סנסטיב מגבונ,יח',30.00,יח',false,,6.90,0.2300,true,1,1351782
7290001983454,false,טוסטר לחיצה 2 נירוסטה סטיל,המילטון Hemilton,,טוסטר לחיצה 2 נירוסט,יחידה,0.00,יחידה,false,,149.90,0.0000,true,1,2400514
7290001990148,false,"סוכר גולדן קלאסי בצנצנת סוגת 1 ק""ג",האי נאם סי או אל.טי.,IL,סוכר גולדן קלסי צנצנת1 קג,קילוגרמים,1.00,"ק""ג",false,,12.90,12.9000,true,1,1333109
7290002000136,false,מגע הדבש -שעווה להסרת שיער למיקרוגל 500 גרם,"ש. שוורץ )באר שבע( בע""\מ",IL,מגע המשי הדבש ש.למיקרוגל,גרמים,500.00,100 גרם,false,,16.90,0.0338,true,1,1353005
7290002000143,false,"חדש -פנג'ל ק.ידיים קלאסיק 80מ""ל",מיוצר עי קונדיטוריית,IL,חדש -פנג'ל ק.ידיים קלאסיק,מיליליטרים,80.00,"100 מ""ל",false,,6.90,0.0863,true,1,1353006
7290002000266,false,שעווה מגע המשי הדבש תפוח למיקרו 500 גרם,המאפיה של הרמן,IL,מגע המשי התפוח ש.למיקרוגל,גרמים,500.00,100 גרם,false,,16.90,0.0338,true,1,1353007
7290002001782,false,פנג'ל פלוס לכף הרגל 100מ,אינטרקוסמא,IL,חדש-פנג'ל פלוס קרם כף רגל,גרמים,100.00,100 גרם,false,,14.90,0.1490,true,1,1353008
7290002002635,false,מגע המשי שעווה לפנים 80גר,"ש. שוורץ (ב""ש) בע""מ",IL,מגע המשי דבש ש.לפנים 80גר,גרמים,80.00,100 גרם,false,,14.90,0.1863,true,1,1353012
7290002002857,false,ניירות להסרת שיער בשעווה 50 יחידות,"איטיליאן פוד, אס.פי.",FR,מגע המשי נייר הדבש 50יח,יח',50.00,יח',false,,18.90,0.3780,true,1,1353015
7290002003168,false,"שלישיית קרם ידיים קלאסי פנג'ל 80 מ""ל",אינטרקוסמא 1985 במ,,פנג'ל קרם ידיים קלאס,מיליליטרים,240.00,"100 מ""ל",false,,19.90,0.0829,true,1,2193113
7290002007029,false,קוקוס טחון 100 ג' הנמל,יבוא ושיווק: הנמל אר,,קוקוס טחון,גרמים,100.00,100 גרם,false,,3.90,0.0390,true,1,2288812
7290002007234,false,אבקת סוכר הנמל 100 גרם,הנמל אריזות ושיווק 1984 בע`מ,,אבקת סוכר 100 גרם,גרמים,100.00,100 גרם,false,,1.90,0.0190,true,1,1321338
7290002007302,false,סוכריות לקישוט צבע אחיד 100 ג' הנמל,קריות זול,,סוכריות קישוט לעוגה,גרמים,100.00,100 גרם,false,,4.90,0.0490,true,1,1321341
7290002007357,false,שקיות צליה דליקטס מיקרוגל הנמל 10 יח',הנמל אריזות ושיווק (1984) בעמ,,שקיות לצליה,יח',10.00,יח',false,,4.90,0.4900,true,1,1321342
7290002007371,false,פירורי לחם הנמל 500 ג',הנמל אריזות ושיווק 1984 בע`מ,,פירורי לחם 500ג.,גרמים,500.00,100 גרם,false,,5.90,0.0118,true,1,1321343
7290002007487,false,צמר פלדה הנמל 100 גרם,הנמל אריזות ושיווק (1984) בעמ,,צמר פלדה,גרמים,100.00,גרם,false,,2.90,0.0290,true,1,1321346
7290002007500,false,קיסמי שיניים הנמל במבוק 500 יחידות,הנמל אריזות ושיווק 1984 בע`מ,,קיסמי שיניים 500 יח,יח',500.00,יח',false,,3.80,0.0076,true,1,1321347
7290002007746,false,"צבע מאכל כחול 55 מ""ל הנמל",הנמל אריזות ושיווק ב,,צבע מאכל כחול,מיליליטרים,55.00,"100 מ""ל",false,,2.90,0.0527,true,1,1321351
7290002007821,false,צבעי מאכל אדום הנמל,הנמל אריזות ושווק בעמ,,צבע מאכל אדום,מיליליטרים,55.00,"100 מ""ל",false,,2.90,0.0527,true,1,1321354
7290002007852,false,"תמצית אפייה בטעמים שונים 55 מ""ל הנמל",הנמל אריזות ושיווק 1984 בע`מ,,תמצית לאפיה וניל,מיליליטרים,55.00,"100 מ""ל",false,,2.90,0.0527,true,1,1321355
7290002008057,false,"תמצית אפייה בטעם רום 55 מ""ל הנמל",ממתקי עלה יצור שיווק,,תמצית אפיה רום,מיליליטרים,55.00,"100 מ""ל",false,,2.90,0.0527,true,1,1321363
7290002008088,false,"צבע מאכל צהוב 55 מ""ל הנמל",הנמל אריזות ושיווק ב,,צבע מאכל צהוב,מיליליטרים,55.00,"100 מ""ל",false,,2.90,0.0527,true,1,1321365
7290002008156,false,גביעי נייר מספר 5 הנמל 1 יחידה,הנמל אריזות ושיווק (1984) בעמ,,נייר לעוגיות מס.5 13,יח',130.00,יח',false,,4.90,0.0377,true,1,1321368
7290002008170,false,גביעי נייר מספר 3 הנמל 1 יחידה,הנמל אריזות ושיווק (1984) בעמ,,נייר לעוגיות מס.3 13,יח',130.00,יח',false,,3.90,0.0300,true,1,1321369
7290002008224,false,סוכריות לקישוט צבעונית הנמל 100 ג',הנמל אריזות ושיווק 1984 בע`מ,,סוכריות קישוט,גרמים,60.00,100 גרם,false,,4.90,0.0817,true,1,1321371
7290002008255,false,נייר לאפיה 10 יח,,,נייר אפיה 10 יח,יח',10.00,יח',false,,2.00,0.2000,true,1,1321373
7290002008262,false,מצע נושם לפירות ירקו,שיווק: הנמל אריזות ו,,מצע נושם לירקות,יח',1.00,יח',false,,9.90,9.9000,true,1,1321374
7290002008309,false,עטרות נייר חום לעוגה מס' 4 הנמל 130יח',הנמל אריזות ושיווק (1984) בעמ,,נייר לעוגיות מס.4 13,יח',130.00,יח',false,,4.90,0.0377,true,1,1321376
7290002008354,false,מפת שולחן פלסטיק 8 יחידו,הנמל אריזות ושיווק 1984 בע`מ,,מפות ניילון בגליל 8,יח',8.00,יח',false,,7.90,0.9875,true,1,1321377
7290002008460,false,עטרות חום מספר 1.5 הנמל,הנמל אריזות ושיווק (1984) בעמ,,נייר לעוגיות מס.1.5,יח',130.00,יח',false,,2.90,0.0223,true,1,1321381
7290002008491,false,סוכריות לקישוט שוקולד 100 ג' הנמל,הנמל אריזות ושיווק 1984 בע`מ,,סוכריות קישוט שוקו,גרמים,100.00,100 גרם,false,,4.90,0.0490,true,1,1321382
7290002008569,false,מלבין קפה בקופסא הנמל 200 גרם,הנמל אריזות ושיווק ב,,מלבין קפה 200 גר,גרמים,200.00,100 גרם,false,,12.90,0.0645,true,1,1321386
7290002008620,false,"צבע מאכל ירוק 55 מ""ל הנמל",ממתקי עלה יצור שיווק,,צבע מאכל ירוק,מיליליטרים,55.00,"100 מ""ל",false,,2.90,0.0527,true,1,1321387
7290002008743,false,סוכר וניל עשירייה הנמל 100 גרם,הנמל אריזות ושיווק 1984 בע`מ,,סוכר וניל 10 יח',יח',10.00,יח',false,,1.90,0.1900,true,1,1321389
7290002008750,false,אבקת אפיה עשירייה הנמל 100 גרם,הנמל אריזות ושיווק 1984 בע`מ,,אבקת אפיה 10 יח',גרמים,100.00,100 גרם,false,,1.90,0.0190,true,1,1321390
7290002008835,false,מגן כיריים הנמל 4 יח,מיוצר בסין.יבוא ושיו,,מגן כיריים,יח',4.00,יח',false,,4.90,1.2250,true,1,1321391
7290002008903,false,נייר טואלט חתוך עדין ורך הנמל 12 יחידות,הנמל אריזות ושיווק (1984) בעמ,,נייר טואלט חתוך במזו,יח',12.00,יח',false,,19.90,1.6583,true,1,1321393
7290002008927,false,סוכריות לקישוט שוקו לבן 100 ג' הנמל,ממתקי עלה יצור שיווק,,סוכריות קישוט שוקו ל,גרמים,100.00,100 גרם,false,,4.90,0.0490,true,1,1321394
7290002013006,false,פסטרמה מקסיקנית זוגלובג,נקניק זוגלובק נהריה,,פסטרמה מקסיקנית,קילוגרמים,1.00,"ק""ג",true,,85.00,85.0000,true,1,1322640
7290002013037,false,פסטרמה פרגיות זוגלובג,נקניק זוגלובק נהריה,,פסטרמה פרגיות על לבנ,קילוגרמים,1.00,"ק""ג",true,,85.00,85.0000,true,1,1322641
7290002013174,false,פסטרמה של פעם זוגלובג,נקניק זוגלובק נהריה,,פסטרמה של פעם,קילוגרמים,1.00,"ק""ג",true,,85.00,85.0000,true,1,1322642
7290002022152,false,מרשמלו ורוד לבן וסטהיים 100ג36X שקיות בקרטון,כרמית תעשיות ממתקים בעמ,IL,כרמית מרשמלו 100 גרם,גרמים,100.00,100 גרם,false,,3.00,0.0300,true,1,1338616
7290002022923,false,סוכריות על מקל בטעם תות כרמית 50 יחידות,כרמית תעשיות ממתקים בעמ,IL,כרמית לקקן תות 50יח',גרמים,450.00,100 גרם,false,,18.90,0.0420,true,1,1338617
7290002026341,false,אריסטו קראנץ ציפס בטטה טוגנים 500גר,מוצרי איכות אמריקאיים בעמ,,צ'יפס בטטה אריסטו,גרמים,500.00,100 גרם,false,,14.90,0.0298,true,1,1368265
7290002026358,false,אריסטו קראנץ צ`יפס בטטה זיגזג טוגנים 500,מוצרי איכות אמריקאיים בעמ,,צ'יפס בטטה אריסטו זי,גרמים,500.00,100 גרם,false,,14.90,0.0298,true,1,1368266
7290002026365,false,טבעות בצל אריסטו קראנץ' 500 גרם,מוצרי איכות אמריקאיים בעמ,,טבעות בצל אריסטו,גרמים,500.00,100 גרם,false,,9.90,0.0198,true,1,1368267
7290002026402,false,בראנץ אנד קראנץ בלינצס גבינה 350 גרם,מוצרי איכות אמריקאיים בעמ,IL,בלינצ'ס גבינה קפוא 350גר,גרמים,350.00,100 גרם,false,,15.90,0.0454,true,1,1326912
7290002026440,false,פרצלס בייגלה בראנץ אנד קראנץ 280 ג',מוצרי איכות אמריקאיים בעמ,IL,פרצלס קפוא פרצלס קפוא,גרמים,280.00,100 גרם,false,,15.90,0.0568,true,1,1326916
7290002026587,false,וופל בלגי פרווה בראנץ אנד קראנץ 8 יח',מוצרי איכות אמריקאיים בעמ,,וופל בלגי קפוא.,גרמים,220.00,100 גרם,false,,15.90,0.0723,true,1,2302500
7290002026778,false,"גלידה בן&ג'ריס שמנת וניל קרמל וחתיכות 500מ""ל",מוצרי איכות אמריקאיים בעמ,,גלידת וניל קרמל וחתי,מיליליטרים,500.00,"100 מ""ל",false,,24.90,0.0498,true,1,1416833
7290002037040,false,חלה קלה פרוסה 500 גרם,מאפית י את א ברמן בע,,חלה קלה וודש 500 גרם,גרמים,500.00,100 גרם,false,,13.90,0.0278,true,1,1323299
7290002037057,false,"לחם לבן פרוס ארוז ""ברמן"" - מוצר בפיקוח",מאפית י את א ברמן בע,,לחם לבן פרוס 500 גרם,גרמים,500.00,100 גרם,false,,5.90,0.0118,true,1,1323300
7290002037125,false,חלה פרוסה מאפיית ודש (500 גרם),מאפית י את א ברמן בע,,חלה פרוסה 500 גרם.,גרמים,500.00,100 גרם,false,,8.90,0.0178,true,1,1323301
7290002037163,false,לחם אחיד פרוס ודש ברמן (750 גרם),מאפית י.את א. ברמן ב,,לחם אחיד כהה פרוס 75,גרמים,750.00,100 גרם,false,,6.90,0.0092,true,1,1323303
7290002037194,false,לחם שחור קמח מלא 750 גרם,מאפית י את א ברמן בע,,לחם שחור מקמח מלא 75,גרמים,750.00,100 גרם,false,,12.90,0.0172,true,1,1323304
7290002037569,false,לחמניות באני`ס ודש ברמן) (6,י.את א. ברמן בעמ,,מארז 6 לחמניות באניס,גרמים,450.00,100 גרם,false,,12.90,0.0287,true,1,1323309
7290002037637,false,לחמניות הבית מתוקות מאפיית ודש) (4,מאפית י את א ברמן בע,,חליה מתוקה 4 יחידות.,גרמים,360.00,100 גרם,false,,12.90,0.0358,true,1,1323310
7290002040019,false,קוסקוס רגיל מזון קוסקוס (350 גרם),הנמל אריזות ושיווק (1984) בעמ,,קוסקוס רגיל בשקית 35,גרמים,350.00,100 גרם,false,,5.50,0.0157,true,1,1321397
7290002040064,false,קוסקוס דק להכנה מהירה בשקית 350 גרם,הנמל אריזות ושיווק (1984) בעמ,,קוסקוס דק בשקית.,גרמים,350.00,100 גרם,false,,5.50,0.0157,true,1,1321399
7290002040071,false,קוסקוס עבה להכנה קלה ומהירה 350 גרם,הנמל אריזות ושיווק (1984) בעמ,,קוסקוס עבה בשקית 350,גרמים,350.00,100 גרם,false,,5.50,0.0157,true,1,1321400
7290002040088,false,קוסקוס מלא מזון קוסקוס (350 גרם),הנמל אריזות ושיווק (1984) בעמ,,קוסקוס מלא 350 גר.,גרמים,350.00,100 גרם,false,,6.50,0.0186,true,1,1321401
7290002041009,false,"חלאבילין אורגינל 10 מ""ל",תעשיות שיק,,חלאבלין אורגינל,גרמים,10.00,100 גרם,false,,39.90,3.9900,true,1,1327708
7290002041368,false,"מידנייט דאודורנט ספריי 150 מ""ל",חלאבין,,דאודרנט מידנייט,מיליליטרים,150.00,"100 מ""ל",false,,14.90,0.0993,true,1,1327712
7290002041801,false,"קרם גוף לאב ליין 275 מ""ל",תעשיות שיק,,לאבלין קרם גוף,מיליליטרים,275.00,"100 מ""ל",false,,44.90,0.1633,true,1,1327713
7290002041818,false,"דאו.רול און מידנייט80מ""ל",תעשיות שיק,,דאודורנט און מידנייט,מיליליטרים,80.00,"100 מ""ל",false,,14.90,0.1863,true,1,1327714
7290002041832,false,דאו.רול און לאב ליין80מ,חלאבין,,דאודורנט רולאון לאבל,מיליליטרים,80.00,"100 מ""ל",false,,14.90,0.1863,true,1,1327715
7290002053088,false,אטריות ביצים דקיקים מספר 8 אוריינט 200 גרם,גורי מוצרי צריכה (1991) בעמ,PL,8 אטריות ביצים,גרמים,200.00,100 גרם,false,,6.90,0.0345,true,1,1308996
7290002053095,false,אטריות ביצים דקות מספר 10 אוריינט 200 גרם,גורי מוצרי צריכה (1991) בעמ,PL,10 אטריות ביצים,גרמים,200.00,100 גרם,false,,6.90,0.0345,true,1,1308997
7290002053118,false,אטריות ביצים עבות מספר 14 אוריינט 200 גרם,האי נאם סי או אל.טי.,PL,14 אטריות ביצים,גרמים,200.00,100 גרם,false,,6.90,0.0345,true,1,1308999
7290002053354,false,אטריות נודלס סיני להקפצה אוריינט 300 גרם,טאביט ספ.ז.או.או,PL,נודלס סיני300גר,גרמים,300.00,100 גרם,false,,9.90,0.0330,true,1,1309000
7290002053538,false,נודלס בסגנון תאילנדי 25 תוספת אוריינטל 500 גרם,גורי מוצרי צריכה (1991) בעמ,,נודלס איטריות.,גרמים,400.00,100 גרם,false,,13.90,0.0348,true,1,2304975
7290002057017,false,זיתים ירוקים נובו קבוצת יבנה (540 גרם),קבוצת יבנה מוצרי מזון אגודה שי,,זיתים נובו ענק,גרמים,560.00,100 גרם,false,,8.90,0.0159,true,1,1359139
7290002057031,false,זיתים מבוקעים פיקנטי קבוצת יבנה 340 גרם,"קבוצת יבנה מוצרי מזון בע""מ",,זיתים מבוקע פיקנטי,גרמים,560.00,100 גרם,false,,8.90,0.0159,true,1,1359140
7290002057048,false,זית סורי מתובל בשמן קבוצת יבנה 560 גרם,"קבוצת יבנה מוצרי מזון בע""מ",,סורי מבוקע,גרמים,540.00,100 גרם,false,,10.50,0.0194,true,1,1359141
7290002057062,false,זיתים מנזנילו ירוק בינוני קבוצת יבנה 340 גרם,קבוצת יבנה מוצרי מזון בעמ,,זיתים מנזנילו ירוק ב,גרמים,560.00,100 גרם,false,,6.90,0.0123,true,1,1359143
7290002057093,false,זיתים מנזנילו גדול קבוצת יבנה 340 גרם,קבוצת יבנה מוצרי מזון אגודה שי,,מנזנילו גדול,גרמים,540.00,100 גרם,false,,7.90,0.0146,true,1,1359146
7290002057109,false,זיתים יבנה ירוקים גדולים מאוד שום מנזלינ,קבוצת יבנה מוצרי מזון בעמ,,זיתים מנזנילו גדול מ,גרמים,540.00,100 גרם,false,,8.90,0.0165,true,1,1359147
7290002057123,false,זיתים ירוקים מנזנילו קבוצת יבנה 560 גרם,קבוצת יבנה מוצרי מזון אגודה שי,,זיתים ירוקים מנזנילו,גרמים,560.00,100 גרם,false,,9.50,0.0170,true,1,1359148
7290002057130,false,זיתים חרוזית קבוצת יבנה 650 גרם,"קבוצת יבנה מוצרי מזון בע""מ",,חרוזית,גרמים,1250.00,100 גרם,false,,19.90,0.0159,true,1,1359149
7290002057154,false,"זיתים חרוזית קבוצת יבנה 1.5 ק""ג",קבוצת יבנה מוצרי מזון בעמ,,זיתים חרוזיתA10,קילוגרמים,3.00,"ק""ג",false,,36.90,12.3000,true,1,1359151
7290002057185,false,טבעות זיתים ירוקים קבוצת יבנה 560 גרם,קבוצת יבנה מוצרי מזון אגודה שי,,טבעות זיתים ירוקים,גרמים,560.00,100 גרם,false,,9.20,0.0164,true,1,1359154
7290002057314,false,"מלפפון במלח ‏20‏-‏15‏ ‏‏ 1.3 ק""ג ‏‏ יבנה",קבוצת יבנה מוצרי מזון בעמ,,מלפפון במלח 15-20,קילוגרמים,1.30,"ק""ג",false,,12.90,9.9231,true,1,1359158
7290002057321,false,"מלפפון במלח ‏25‏-‏21‏ יבנה 1.3 ק""ג",קבוצת יבנה מוצרי מזון בעמ,,מלפפון במלח 21-25,קילוגרמים,1.30,"ק""ג",false,,14.90,11.4615,true,1,1359159
7290002057345,false,"מלפפונים במלח ‏36‏-‏30 קבוצת יבנה 1.75 ק""ג",קבוצת יבנה מוצרי מזון בעמ,,מלפפון במלח 30-36,קילוגרמים,3.00,"ק""ג",false,,21.90,7.3000,true,1,1359160
7290002057352,false,מלפפונים במלח ‏9‏-‏7‏ קבוצת יבנה 320 גרם,"קבוצת יבנה מוצרי מזון בע""מ",,מלפפון במלח 7-9,גרמים,560.00,100 גרם,false,,6.50,0.0116,true,1,1359161
7290002057369,false,מלפפונים במלח ‏12‏-‏10‏ קבוצת יבנה 320 גרם,"קבוצת יבנה מוצרי מזון בע""מ",,מלפפון במלח 10-12,גרמים,560.00,100 גרם,false,,7.50,0.0134,true,1,1359162
7290002057376,false,מלפפונים במלח ‏17‏-‏13‏ קבוצת יבנה 320 גרם,"קבוצת יבנה מוצרי מזון בע""מ",,מלפפון במלח 13-17,גרמים,560.00,100 גרם,false,,6.90,0.0123,true,1,1359163
7290002057383,false,מלפפונים במלח ‏25‏-‏18‏ קבוצת יבנה 320 גרם,"קבוצת יבנה מוצרי מזון בע""מ",,מלפפון במלח 18-25,גרמים,560.00,100 גרם,false,,12.90,0.0230,true,1,1359164
7290002057406,false,"מלפפון חומץ ‏36‏-‏30‏ ‏10‏-‏A‏ יבנה 3 ק""ג",קבוצת יבנה מוצרי מזון בעמ,,מלפפון 30-36 A10,גרמים,3000.00,100 גרם,false,,21.90,0.0073,true,1,1359165
7290002057413,false,"מלפפון חומץ ‏20‏-‏15‏ 1.3 ק""ג יבנה",קבוצת יבנה מוצרי מזון בעמ,,מלפפון חומץ 15-20,קילוגרמים,1.30,"ק""ג",false,,12.90,9.9231,true,1,1359166
7290002057451,false,מלפפונים בחומץ ‏9‏-‏7 קבוצת יבנה 290 גרם,קבוצת יבנה מוצרי מזון אגודה שי,,מלפפון בחומץ 7-9,גרמים,560.00,100 גרם,false,,6.50,0.0116,true,1,1359170
7290002057468,false,מלפפונים בחומץ בינוני קבוצת יבנה 560 גרם,"קבוצת יבנה מוצרי מזון בע""מ",,מלפפון חומץ 10-12 A2,גרמים,560.00,100 גרם,false,,7.50,0.0134,true,1,1359171
7290002057475,false,מלפפונים בחומץ ‏17‏-‏13 קבוצת יבנה 290 גרם,קבוצת יבנה מוצרי מזון אגודה שי,,מלפפון בחומץ 13-17 A,גרמים,560.00,100 גרם,false,,6.90,0.0123,true,1,1359172
7290002057482,false,מלפפון יבנה בחומץ קטנים מאוד 18-25 290 ג,קבוצת יבנה מוצרי מזון אגודה שי,,מלפפון חמוץ 18-25 A2,גרמים,560.00,100 גרם,false,,12.90,0.0230,true,1,1359173
7290002057604,false,פלפל חריף שיפקה קבוצת יבנה (540 גרם),קבוצת יבנה מוצרי מזון אגודה שי,,פלפל שיפקה A2,גרמים,560.00,100 גרם,false,,5.90,0.0105,true,1,1359175
7290002057628,false,זיתים מושחרים טבעות קבוצת יבנה (540 גרם),קבוצת יבנה מוצרי מזון אגודה שי,,טבעות זיתים מושחרים,גרמים,560.00,100 גרם,false,,9.50,0.0170,true,1,1359177
7290002057819,false,גמבה רצועות פלפל אדום A2 יבנה 300 גרם,קבוצת יבנה מוצרי מזון בעמ,,גמבה רצועות A2,גרמים,560.00,100 גרם,false,,5.90,0.0105,true,1,1359182
7290002075233,false,שוקולד אייסקונפקט 250 גרם,שוקוטרייד בעמ,,אייס 250 גרם,גרמים,250.00,100 גרם,false,,18.90,0.0756,true,1,1337163
7290002075271,false,סוכריות ריקולה בשקית בטעם צמחים,(EITAN (CHOCOTRADE,,סוכריות ריקולה צמחים,גרמים,70.00,100 גרם,false,,9.90,0.1414,true,1,1337164
7290002077725,false,סלומון נורווגי מצונן דלידג 100ג',נטו מלינדה סחר בע`מ,,פילה סלמון מצונן 100,גרמים,100.00,100 גרם,false,,19.90,0.1990,true,1,2286291
7290002105145,false,צלעות מספר 2 כשרות הרב מחפוד,,,צלעות מס' 2 מחפוד,קילוגרמים,1.00,"ק""ג",true,,47.90,47.9000,true,1,1323334
7290002105176,false,בשר מס' 4 כתף מחיר לפי מ,עוף ירושלים,,כתף מס' 4 מחפוד,קילוגרמים,1.00,"ק""ג",true,,49.90,49.9000,true,1,1323335
7290002105220,false,שריר הזרוע 8 צרכני בקר קפוא מחפוד,,,שריר הזרוע מס' 8 מחפ,קילוגרמים,1.00,"ק""ג",true,,59.90,59.9000,true,1,1323339
7290002105503,false,בורגר מזרחי קפוא גלאט 500ג' מחפוד,עוף ירושלים שיווק בעמ,,המבורגר 500 גרם מחפו,גרמים,500.00,100 גרם,false,,16.90,0.0338,true,1,1323343
7290002105510,false,קבב מזרחי מתובל וקפוא גלאט הדר בשר 500ג',עוף ירושלים שיווק בעמ,,קבב מזרחי 500 גרם מח,גרמים,500.00,100 גרם,false,,16.90,0.0338,true,1,1323344
7290002105558,false,מוצר בקר טחון 500 ג' (בתוספת חלבון מן הצומח) מחפוד,עוף ירושלים שיווק בעמ,,טחון בקר 500 מחפוד,גרמים,500.00,100 גרם,false,,16.90,0.0338,true,1,1323348
7290002105572,false,צלי כתף מעובד מחפוד עוף י-ם,עוף ירושלים,,צלי כתף מחפוד,קילוגרמים,1.00,"ק""ג",true,,49.90,49.9000,true,1,1323350
7290002105749,false,"טחון בקר 100% קפוא 1 ק""ג גאלט מחפוד",עוף ירושלים שיווק בעמ,,"טחון בקר 1 ק""ג מחפוד",גרמים,1000.00,100 גרם,false,,39.90,0.0399,true,1,1323353
7290002105770,false,"קבב כבש קציצות ביתי בוואקום מחפוד 1 ק""ג",עוף ירושלים,,"קבב כבש מחפוד 1 ק""ג",קילוגרמים,1.00,"ק""ג",false,,44.90,44.9000,true,1,1323356
7290002107071,false,גבינת פטה עיזים מעודנת 16% משק צוריאל 200 גרם,החברה המרכזית טלהפצת משקאות בע,IL,פטה עיזים מעודנת בגביע -,גרמים,200.00,100 גרם,false,,21.90,0.1095,true,1,1328482
7290002107316,false,טבורוג למעדיה צוריאל,מחלבת משק צוריאל,IL,"טבורוג 5% - 2 ק""ג",קילוגרמים,1.00,"ק""ג",true,,39.00,39.0000,true,1,1328485
7290002107385,false,גליל גבינת עיזים מה עז משק צוריאל 180 גרם,החברה המרכזית טלהפצת משקאות בע,IL,מה-עז - גליל גבינת עיזים,גרמים,180.00,100 גרם,false,,21.90,0.1217,true,1,1328486
7290002107422,false,בולגרית גלילית 5% במשקל,משק צוריאל תבור,IL,בולגרית המשק 5% צוריאל 4,קילוגרמים,1.00,"ק""ג",true,,49.00,49.0000,true,1,1328487
7290002107491,false,גבינה לבנה מחלב עיזים למריחה 5% משק צוריאל 250 גרם,החברה המרכזית טלהפצת משקאות בע,IL,גב עזים למריחה 5%-250 גר-,גרמים,250.00,100 גרם,false,,10.90,0.0436,true,1,1328490
7290002107743,false,צפתית מעודנת5%משק צוריאל,מחלבת משק צוריאל,IL,"צפתית מעודנת - 5% - 4 ק""ג",קילוגרמים,1.00,"ק""ג",true,,59.00,59.0000,true,1,1328493
7290002107798,false,גבינה בולגרית מעודנת 5% משק צוריאל 250 גרם,החברה המרכזית טלהפצת משקאות בע,IL,בולגרית מעודנת 5% בגביע צ,גרמים,250.00,100 גרם,false,,19.90,0.0796,true,1,1328494
7290002109372,false,בורקס פילו אצבעות בולגרי 700 ג' שלושת האופים,שלושת האופים שגמור,IL,בורקס פילו אצבעות בולגרית,גרמים,700.00,100 גרם,false,,14.90,0.0213,true,1,1329471
7290002118435,false,צמרוני כותנה ביוטי הנמל 300 יחידות,ספה,,צמרוני אוזניים 300 י,יח',300.00,יח',false,,6.90,0.0230,true,1,1321404
7290002128014,false,נרות שבת מס 4 מנורה,"מנורה שי נר בע""מ",IL,נרות שבת מנורה מספר 4 (19,יח',4.00,יח',false,,3.50,0.8750,true,1,1352925
7290002128045,false,נר הבדלה שטוח רגיל,"מנורה שי נר בע""מ",IL,נר הבדלה רגיל שטוח בקופס,יח',1.00,יח',false,,5.90,5.9000,true,1,1352928
7290002128083,false,נרות חנוכה רגיל 44יח-מנורה,אבאל יזמות בעמ,,נרות חנוכה רגיל,יח',44.00,יח',false,,2.90,0.0659,true,1,1352929
7290002128137,false,נרות שבת מנורה 8/72,"מנורה שי נר בע""מ",IL,נרות שבת 8/72 מנורה דה-לו,יח',72.00,יח',false,,34.90,0.4847,true,1,1352931
7290002128151,false,פתיליות מצמר גפן,,,פתיליות מצמר גפן,יחידה,0.00,יחידה,false,,2.90,0.0000,true,1,2326378
7290002128205,false,נרות לא נוטפים 45יח-מנורה,,,נרות חנוכה לוקס,יח',45.00,יח',false,,5.90,0.1311,true,1,1352932
7290002128212,false,נרות שבת מס 6 מנורה,"מנורה שי נר בע""מ",IL,נרות שבת מנורה מספר 6 (19,יחידה,0.00,יחידה,false,,3.50,0.0000,true,1,1352933
7290002128236,false,נרות שבת מס 10 מנורה,"מנורה שי נר בע""מ",IL,נרות שבת מנורה מספר 10 (1,יח',10.00,יח',false,,3.50,0.3500,true,1,1352935
7290002128250,false,"נרות שבת מ""ס 16",מנורה,IL,נרות שבת מנורה מספר 16 (1,יח',16.00,יח',false,,3.50,0.2188,true,1,1352937
7290002128267,false,"נרות שבת מ""ס 20",מנורה,IL,נרות שבת מנורה מספר 20 (1,יח',20.00,יח',false,,3.50,0.1750,true,1,1352938
7290002128274,false,חנוכיית מתכת עם/בלי,,,חנוכיית מתכת עם/בלי,יחידה,0.00,יחידה,false,,10.90,0.0000,true,1,2281954
7290002128281,false,נר ריחני בכוס בצבעי,,,נר ריחני בכוס בצבעי,יחידה,0.00,יחידה,false,,9.90,0.0000,true,1,2290897
7290002128311,false,נר נשמה בכוס זכוכית שבועי מנורה שי נר,"מנורה שי נר בע""מ",IL,נרות נשמה שבועי בכוס זכוכ,יחידה,0.00,יחידה,false,,9.90,0.0000,true,1,1352940
7290002128373,false,חנוכיית פס מנורה,,,חנוכיית פס מנורה,יחידה,0.00,יחידה,false,,6.90,0.0000,true,1,2326379
7290002128380,false,חנוכיית פס +כוסיות+צינוריות+פתיליות,,,חנוכיית פס+כוסיות+צי,יחידה,0.00,יחידה,false,,13.90,0.0000,true,1,2326380
7290002128700,false,נרות חימום 50 יח' מנורה,"מנורה שי נר בע""מ",IL,נרות חימום מנורה 50 יחידו,יח',50.00,יח',false,,12.90,0.2580,true,1,1352943
7290002128762,false,נר נשמה בכוס ל72 שעות מנורה שי נר,"מנורה שי נר בע""מ",IL,נרות נשמה בכוס דולקים 72,יח',1.00,יח',false,,5.90,5.9000,true,1,1352945
7290002128786,false,זוגות כוסיות לנריות,"מנורה שי נר בע""מ",IL,"זוג כוסיות לנריות בקופסה,",יח',2.00,יח',false,,3.20,1.6000,true,1,1352946
7290002128793,false,נר הבדלה מיוחד,מנורה,IL,נר הבדלה מיוחד מבריק בקו,יח',1.00,יח',false,,6.90,6.9000,true,1,1352947
7290002128946,false,נר נשמה בכוס ל48 שעות מנורה שי נר,מנורה אור חדש בעמ,IL,נרות נשמה בכוס דולקים 48,יח',1.00,יח',false,,4.20,4.2000,true,1,1352949
7290002128953,false,נר הבדלה דקורטיבי עששית מנורה,,,נר עשישית להבדלה,יח',1.00,יח',false,,22.90,22.9000,true,1,2328889
7290002129455,false,פיצה איטלקית XL גדולה שלושת האופים 450 גרם,נטו מלינדה סחר בעמ,,פיצה איטלקית XL שלוש,גרמים,450.00,100 גרם,false,,19.90,0.0442,true,1,1874594
7290002129462,false,פיצה איטלקית דקה שלושת האופים מארז זוג 640 ג',נטו מלינדה סחר בעמ,,פיצה איטלקית דקה שלו,גרמים,640.00,100 גרם,false,,21.90,0.0342,true,1,1564364
7290002129479,false,פיצה איטלקית דקה שלושת האופים 320 גר,האי נאם סי או אל.טי.,,פיצה דקה שלושת האופי,גרמים,320.00,100 גרם,false,,12.90,0.0403,true,1,2135096
7290002129486,false,פיצה איטלקית דקה זיתים 340 ג' שלושת האופים,האי נאם סי או אל.טי.,,פיצה איטלקית דקה זית,גרמים,340.00,100 גרם,false,,14.90,0.0438,true,1,1874595
7290002130567,false,דבש דבורים טהור פרחי בר יד מרדכי 350 גרם,מכוורת יד מרדכי שטראוס ב,IL,דבש טהור 350 גרם,גרמים,350.00,100 גרם,false,,16.90,0.0483,true,1,1342514
7290002130581,false,דבש טהור מפרחי בר יד מרדכי (1 קג),מכוורת יד מרדכי שטראוס ב,IL,"דבש טהור 1 ק""ג",גרמים,1000.00,100 גרם,false,,39.90,0.0399,true,1,1342515
7290002132011,false,עוגיות מזרחיות עם שומשום עבאדי (400 גר),מאפיית יוסף ושמחה עבאדי,IL,עוגיות מזרחיות 500 גרם,גרמים,400.00,100 גרם,false,,17.90,0.0447,true,1,1339296
7290002150107,false,קובה בורגול במילוי ב,חמים וטעים,IL,"קובה בשר 1 ק""ג",קילוגרמים,1.00,"ק""ג",false,,32.90,32.9000,true,1,1323614
7290002150169,false,אמפנדס במילוי בשר וז,חמים וטעים,IL,אמפנדס בשר מטוגן 800 גר`,גרמים,800.00,100 גרם,false,,32.90,0.0411,true,1,1323617
7290002150305,false,סיגרים מרוקאים במילו,חמים וטעים בעמ,IL,"סיגר בשר 1 ק""ג",קילוגרמים,1.00,"ק""ג",false,,32.90,32.9000,true,1,1323624
7290002150336,false,"פלאפל אמיתי בד""צ 800",חמים וטעים בעמ,IL,"בד""צ פלאפל אמיתי 800 גר",גרמים,800.00,100 גרם,false,,22.90,0.0286,true,1,1323625
7290002150374,false,"קובה חמוסטה למרק בד""",חמים וטעים,IL,"בד""צ קובה חמוסטה 1 קג",קילוגרמים,1.00,"ק""ג",false,,32.90,32.9000,true,1,1323626
7290002150404,false,"סיגר תפו""א חמים וטעים 1 קג",חמים וטעים בעמ,IL,"סיגר תפו""א 1 ק""ג",קילוגרמים,1.00,"ק""ג",false,,26.90,26.9000,true,1,1323628
7290002150503,false,אגרול סיני במילוי יר,חמים וטעים,IL,"אגרול סיני 1 ק""ג",קילוגרמים,1.00,"ק""ג",false,,32.90,32.9000,true,1,1323629
7290002150589,false,סמבוסק אורגינל במילו,חמים וטעים,IL,סמבוסק חומוס מטוגן 800 גר,גרמים,800.00,100 גרם,false,,32.90,0.0411,true,1,1323633
7290002150626,false,"קובה סורי מטוגן 1 ק""",חמים וטעים,IL,"קובה סורית מטוגן 1 ק""ג",קילוגרמים,1.00,"ק""ג",false,,32.90,32.9000,true,1,1323634
7290002150664,false,"קובה ביתי מטוגן 1ק""ג",חמים וטעים,IL,"קובה ביתי מטוגן 1 ק""ג",קילוגרמים,1.00,"ק""ג",false,,32.90,32.9000,true,1,1323635
7290002150671,false,קרפלך במילוי בשר 1 ק'ג,חמים וטעים בעמ,IL,"קרפלך בשר 1 ק""ג",קילוגרמים,1.00,"ק""ג",false,,32.90,32.9000,true,1,1323636
7290002150688,false,קרפלך במילוי תפוחי א,חמים וטעים בעמ,IL,"קרפלך תפוא 1 ק""ג",קילוגרמים,1.00,"ק""ג",false,,27.90,27.9000,true,1,1323637
7290002150695,false,קובה למרק במילוי בשר,חמים וטעים,IL,"קובה למרק 1 ק""ג",קילוגרמים,1.00,"ק""ג",false,,32.90,32.9000,true,1,1323638
7290002157953,false,מארז נתחי טונה בהירה בשמן קנולה - 4 יחידות,נטו מלינדה סחר בע`מ,,טונה ויליגר בשמן קנו,גרמים,560.00,100 גרם,false,,19.90,0.0355,true,1,2296389
7290002157960,false,טונה ויליגר רביעייה 140 גר במי מלח,נטו מילנדה סחר בעמ*,,טונה ויליגר במי מלח,גרמים,560.00,100 גרם,false,,19.90,0.0355,true,1,2297578
7290002190141,false,ריבת חלב 450 גר`גלעם קומידה,תומר יבוא ושיווק מוצרי מזון (1,,ריבת חלב 450 גרם,גרמים,450.00,100 גרם,false,,14.90,0.0331,true,1,1339554
7290002190516,false,"ריבת חלב גלעם-קומידה 500ג' 12X-כשל""פ",תומר יבוא ושיווק מוצרי מזון (1,,ריבת חלב 500 גרם,גרמים,500.00,100 גרם,false,,14.90,0.0298,true,1,1339555
7290002198031,false,פסטרמה פרגיות ללחמניה .1,זוגלובק,,פסטרמה פרגיות ללחמני,קילוגרמים,1.00,"ק""ג",true,,85.00,85.0000,true,1,2332170
7290002198048,false,פסטרמה הודו בתיבול שוואר,זוגלובק,,פסטרמה הודו בתיבול ש,קילוגרמים,1.00,"ק""ג",true,,85.00,85.0000,true,1,2332171
7290002198062,false,פסטרמה הודו אקסטרהמעושנת,זוגלובק,,פסטרמה הודו אקסטרה מ,קילוגרמים,1.00,"ק""ג",true,,85.00,85.0000,true,1,2381763
7290002198093,false,פסטרמה הודו מיקס פלפלים,זוגלובק,,פסטרמה הודו מיקס מפו,קילוגרמים,1.00,"ק""ג",true,,85.00,85.0000,true,1,2363518
7290002198116,false,"פסטרמה ברזילאית זוגלובק, מחיר לפי משקל",זוגלובק,,ברזילאית מעדנייה,קילוגרמים,1.00,"ק""ג",true,,159.00,159.0000,true,1,2405828
7290002210009,false,חלבה וניל בלוק 500 גרם,עדן,,חלבה בלוק 500 גרם ונ,גרמים,500.00,100 גרם,false,,8.90,0.0178,true,1,1485292
7290002210115,false,חלבה עם שקד ואגוז 500 גר,עדן,,חלבה בלוק 500 גרם שק,גרמים,500.00,100 גרם,false,,10.90,0.0218,true,1,1485295
7290002210467,false,חלבה 12 יחדות בקוופס,,,חלבה 12 יחדות בקוופס,יחידה,0.00,יחידה,false,,9.90,0.0000,true,1,1485322
7290002232995,false,ציפוי פז דגש 500גר ללא גלוטן.,נטורפוד בעמ,IL,ציפוי פז דגש 500,גרמים,500.00,100 גרם,false,,29.90,0.0598,true,1,1350442
7290002233664,false,נביעות 0.5 ליטר 24 י,,,נביעות 0.5 ליטר 24 י,ליטרים,12.00,ליטר,false,,60.00,5.0000,true,1,2413284
7290002239185,false,אפונת גינה קפואה פרי גליל 800 גרם,ויטה- פרי גליל (החדשה) בעמ,IL,אפונה 800פג,גרמים,800.00,100 גרם,false,,9.90,0.0124,true,1,1347190
7290002239215,false,אפונה וגזר פרי הגליל 800 גרם,ויטה- פרי גליל (החדשה) בעמ,IL,אפונה וגזר 800פג,גרמים,800.00,100 גרם,false,,9.90,0.0124,true,1,1347191
7290002239277,false,גזר גמדי קפוא פרי גליל 800ג',ויטה פרי גליל (החדשה) בע`מ,IL,ג .גמדי 800פג,גרמים,800.00,100 גרם,false,,7.90,0.0099,true,1,1347192
7290002239307,false,שעועית צהובה חתוכה 800 גר`פרי גליל,ויטה- פרי גליל (החדשה) בעמ,IL,שע צהובה 800פג,גרמים,800.00,100 גרם,false,,9.90,0.0124,true,1,1347193
7290002239338,false,שעועית ירוקה חתוכה800 גר`פרי גליל,ויטה- פרי גליל (החדשה) בעמ,IL,שע ירוקה 800פג,גרמים,800.00,100 גרם,false,,9.90,0.0124,true,1,1347194
7290002239369,false,שעועית ירוקה שלמה 800 גרם פרי הגליל,ויטה פרי גליל (החדשה) בע`מ,IL,שע שלמה 800פג,גרמים,800.00,100 גרם,false,,9.90,0.0124,true,1,1347195
7290002239420,false,תירס גרעינים 800 ג ' פרי הגליל,ויטה- פרי גליל (החדשה) בעמ,IL,תירס 800פג,גרמים,800.00,100 גרם,false,,9.90,0.0124,true,1,1347196
7290002253006,false,שום טרי כתוש צנצנת דורות 200 גרם,קבוצת אוסם סחר-שות.מוגבלת,IL,שום כתוש 200 גרם מרקם רך,גרמים,200.00,100 גרם,false,,16.90,0.0845,true,1,1305494
7290002253105,false,שום במגשית 20 שיניים כתושות קפוא 80,קבוצת אוסם סחר-שות.מוגבלת,IL,שום כתוש 80 גרם,גרמים,80.00,100 גרם,false,,11.90,0.1488,true,1,1305497
7290002253150,false,קוביות בזיליקום קצוץ דורות 70 גרם,קבוצת אוסם סחר שותפות מוגבלת,IL,בזיליקום קצוץ 70 גרם,גרמים,70.00,100 גרם,false,,9.90,0.1414,true,1,1305498
7290002253167,false,פטרוזיליה טרייה קצוצה מוקפאת 70 גרם,קבוצת אוסם סחר שותפות מוגבלת,IL,פטרוזיליה קצוצה 70 גרם,גרמים,70.00,100 גרם,false,,9.90,0.1414,true,1,1305499
7290002253174,false,קוביות שמיר קצוץ דורות 70 גרם,קבוצת אוסם סחר שותפות מוגבלת,IL,שמיר קצוץ 70 גרם,גרמים,70.00,100 גרם,false,,9.90,0.1414,true,1,1305500
7290002253181,false,כוסברה טרייה קצוצה 20 קוביות 70 גרם קפוא,קבוצת אוסם סחר שותפות מוגבלת,IL,כוסברה קצוצה 70 גרם,גרמים,70.00,100 גרם,false,,9.90,0.1414,true,1,1305501
7290002253198,false,ג'ינג'ר טרי כתוש במגשית 70 ג' דורות,קבוצת אוסם סחר-שות.מוגבלת,IL,ג'ינג'יר כתוש 70 גרם,גרמים,70.00,100 גרם,false,,9.90,0.1414,true,1,1305502
7290002253235,false,דורות רוטב פסטו דורות,קבוצת אוסם סחר שותפות מוגבלת,IL,רוטב פסטו 160 גרם,גרמים,160.00,100 גרם,false,,11.90,0.0744,true,1,1305503
7290002253259,false,דורות רוטב עגבניות בזיליקום 160 גרם,עיצובים 2020 (3.8),IL,רוטב עגבניות בזיליקום 160,גרמים,160.00,100 גרם,false,,11.90,0.0744,true,1,1305505
7290002253310,false,דורות שום צילי חריף קוביות תערובת 80 גר,קבוצת אוסם סחר שותפות מוגבלת,,שום צילי חריף קוביות,גרמים,80.00,100 גרם,false,,11.90,0.1488,true,1,2108766
7290002253495,false,דורות תבל לטחינה ביתית תערובת קוביות 70 גרם,קבוצת אוסם סחר שותפות מוגבלת,,תבלין לטחינה ביתית ק,גרמים,70.00,100 גרם,false,,8.90,0.1271,true,1,2108767
7290002259657,false,"דייאמונד רדיד אלומיניום צר 30 ס""מ ארוך פי 3, 22.5 מ'",גורי ע.ע.ע. בע`מ,US,רדיד אלומיניום צר רוחב 30,מטרים,22.80,מטר,false,,22.90,1.0044,true,1,1346426
7290002259664,false,רדיד אלומיניום דיימונד גדול 60X0.60מ',ריינולדס מוצרי צריכה,US,רדיד אלומיניום צר רוחב 30,מטרים,60.00,מטר,false,,47.90,0.7983,true,1,1346427
7290002259930,false,רדיד אלומיניום זוגות,ריינולדס,US,זוג רדיד אלומיניום צר רוח,מטרים,15.20,מטר,false,,19.90,1.3092,true,1,1346428
7290002269984,false,"ספריי ME דאודורנט 175 מ""ל",אמיליה קוסמטיקס,IL,"175מ""ל ME דאודורנט ספריי",מיליליטרים,175.00,"100 מ""ל",false,,19.90,0.1137,true,1,1344426
7290002270690,false,קרם ידיים גדול קרליי,,,קרם ידיים גדול קרליי,מיליליטרים,80.00,"100 מ""ל",false,,7.40,0.0925,true,1,1344430
7290002270713,false,"קרם ידיים וגוף אבוקדו 45 מ""ל",אבוקדו,,קרם אבוקדו-שפורפרת ק,מיליליטרים,45.00,"100 מ""ל",false,,11.90,0.2644,true,1,1344431
7290002277248,false,גבינת מון בלאן עם זעתר 120ג',שלושת האופים,,גבינה מון בלאן זעתר,גרמים,120.00,100 גרם,false,,12.90,0.1075,true,1,1418287
7290002278528,false,כריות ניקוי שבתכלין ביאנקו שייני 2 יחידות,מ.א.ייצור ויבוא מטליות בעמ,IL,כרית שבת כלין 2 יח' 1/24,יח',2.00,יח',false,,7.90,3.9500,true,1,1326774
7290002317005,false,זיתים טבעות מושחר 560ג A2 מטולה,שימורי מוטולה בעמ,IL,זיתים מושחר טבעות A2,גרמים,560.00,100 גרם,false,,9.90,0.0177,true,1,1319190
7290002317081,false,זיתים נטולי גלעין +20% 670ג A2 מטולה,שימורי מוטולה בעמ,IL,זיתים נטולי גלעין20%+A2,גרמים,670.00,100 גרם,false,,9.90,0.0148,true,1,1319193
7290002317128,false,מלפפון 560ג במלח 10-12 A2 מטולה,שימורי מוטולה בעמ,IL,מלפפון במלח A2 10-12,גרמים,560.00,100 גרם,false,,8.90,0.0159,true,1,1319194
7290002317135,false,מלפפון 560ג במלח 13-17 A2 מטולה,שימורי מוטולה בעמ,IL,מלפפון במלח A2 13-17,גרמים,560.00,100 גרם,false,,10.90,0.0195,true,1,1319195
7290002317142,false,"18-25 מלפפון מלח ""מוטולה""",שימורי מוטולה בעמ,IL,מלפפון במלח A2 18-25,גרמים,560.00,100 גרם,false,,11.90,0.0213,true,1,1319196
7290002317166,false,מלפפון 560ג בחומץ 10-12 A2 מטולה,שימורי מוטולה בעמ,,מלפפון בחומץ 10-12,גרמים,560.00,100 גרם,false,,8.90,0.0159,true,1,1319197
7290002317173,false,מלפפון בחומץ 13-17 560ג A2 מטולה,שימורי מוטולה בעמ,IL,מלפפון בחומץ A2 13-17,גרמים,560.00,100 גרם,false,,10.90,0.0195,true,1,1319198
7290002317180,false,18-25 מוטולה מלפפוןבחומץ,שימורי מוטולה בעמ,,מלפפון בחומץ 18-25,גרמים,560.00,100 גרם,false,,11.90,0.0213,true,1,1319199
7290002317234,false,זיתים מושחרים 15-17 560,שימורי מוטולה בעמ,IL,זיתים מושחר A2 15-17,גרמים,560.00,100 גרם,false,,9.90,0.0177,true,1,1319202
7290002317241,false,זיתים סורי מבוקע,,,זיתים סורי מבוקע,גרמים,560.00,100 גרם,false,,11.90,0.0213,true,1,1319203
7290002317258,false,זיתים סורי שלם מוטולה,שימורי מוטולה,IL,זיתים סורי שלם A2,גרמים,560.00,100 גרם,false,,11.90,0.0213,true,1,1319204
7290002317265,false,מלפפון 650ג במלח +20% 7-9 A2 מטולה,שימורי מוטולה בעמ,IL,מלפפון במלח 20%+ A2 7-9,גרמים,670.00,100 גרם,false,,6.90,0.0103,true,1,1319205
7290002317289,false,חצילים מוחמצים 560 גרם,שימורי מוטולה בעמ,IL,חצילים A2,גרמים,560.00,100 גרם,false,,7.90,0.0141,true,1,1319206
7290002317296,false,פלפל חריף שיפקה 670ג 20%+A2 מטולה,שימורי מוטולה בעמ,IL,פלפל חריף שיפקה 20%+ A2,גרמים,550.00,100 גרם,false,,7.90,0.0144,true,1,1319207
7290002317319,false,מלפפון 650ג בחומץ +20% 7-9 A2 מטולה,שימורי מוטולה בעמ,IL,מלפפון בחומץ 20%+ A2 7-9,גרמים,670.00,100 גרם,false,,6.90,0.0103,true,1,1319209
7290002317326,false,זיתים מנזולינו 12-15 +20% 670ג A2 מטולה,שימורי מוטולה בעמ,IL,זיתים מנז' 20%+ A2 12-15,גרמים,670.00,100 גרם,false,,7.90,0.0118,true,1,1319210
7290002317357,false,פלפל שיפקה חריף צנצנת זכוכית מוטולה,אבאל יזמות בעמ,IL,פלפל חריף שיפקה צנצנת 275,גרמים,630.00,100 גרם,false,,8.90,0.0141,true,1,1319211
7290002317371,false,זיתים מושחר נטול גלעין 560ג A2 מטולה,שימורי מוטולה בעמ,IL,זית מושחר נטול גלעין A2,גרמים,560.00,100 גרם,false,,9.90,0.0177,true,1,1319212
7290002317401,false,"מנזנילו 15-17 1.3 ק""",שימורי מוטולה,IL,זיתים מנז' 43OZ 15-17,גרמים,1300.00,100 גרם,false,,17.90,0.0138,true,1,1319214
7290002317425,false,זיתים חרוזית 25,שימורי מוטולה,IL,זיתים נטולי גלעין 43-OZ,גרמים,1250.00,100 גרם,false,,19.90,0.0159,true,1,1319215
7290002317463,false,מלפפון במלח 15-20,שימורי מוטולה,IL,מלפפון במלח 43OZ 15-20,גרמים,1300.00,100 גרם,false,,15.90,0.0122,true,1,1319217
7290002317470,false,מלפפון בחומץ 15-20,,,מלפפון בחומץ 15-20,גרמים,1300.00,100 גרם,false,,15.90,0.0122,true,1,1319218
7290002317500,false,מלפפונים במלח 30-36 3 קג,שימורי מוטולה בעמ,IL,מלפפון במלח A10 30-36,גרמים,3000.00,100 גרם,false,,24.90,0.0083,true,1,1319219
7290002317531,false,מלפפונים בחומץ 30-36 3קג,שימורי מוטולה בעמ,IL,מלפפון בחומץ A10 30-36,קילוגרמים,3.00,"ק""ג",false,,24.90,8.3000,true,1,1319220
7290002317579,false,זיתים טבעות ירוק 560ג A2 מטולה,שימורי מוטולה בעמ,IL,זיתים טבעות ירוק A2,גרמים,560.00,100 גרם,false,,9.90,0.0177,true,1,1319222
7290002317609,false,כרוב כבוש 560ג A2 מטולה,שימורי מוטולה בעמ,IL,כרוב כבוש A2,גרמים,560.00,100 גרם,false,,7.90,0.0141,true,1,1319223
7290002317616,false,זיתים מרינט 17-19 560ג A2 מטולה,שימורי מוטולה בעמ,IL,זיתים חתוכים מרינט 17-19,גרמים,560.00,100 גרם,false,,9.90,0.0177,true,1,1319224
7290002317654,false,זיתים ירוקים בצנצנת 700 ג' מוטולה,שימורי מוטולה בעמ,,זית נובו ענק צנצנת,גרמים,700.00,100 גרם,false,,11.90,0.0170,true,1,1319227
7290002317661,false,זיתים מנזולינו גדול מאוד זכוכית מוטולה,שימורי מוטולה בעמ,IL,זיתים מנז' גדול צנצ' זכוכ,גרמים,560.00,100 גרם,false,,10.90,0.0195,true,1,1319228
7290002317678,false,חרוזית ירוק צנצנת זכוכית מוטולה,שימורי מוטולה בעמ,,זית חרוזית ירוק,גרמים,560.00,100 גרם,false,,9.90,0.0177,true,1,1319229
7290002317746,false,זיתים שחורים גדול גרם560,שימורי מוטולה בעמ,IL,זיתים טבעי 17-19 צנצ' זכו,גרמים,560.00,100 גרם,false,,9.90,0.0177,true,1,1319230
7290002317753,false,זית טבעות ירוק בצנצנת זכוכית מוטולה,אבאל יזמות בעמ,IL,זיתים טבעות ירוק צנצ' זכו,גרמים,560.00,100 גרם,false,,9.90,0.0177,true,1,1319231
7290002317814,false,חצילים מוחמצים צנצנת700ג,שימורי מוטולה בעמ,IL,חצילים צנצנת זכוכית 400 ג,גרמים,700.00,100 גרם,false,,9.90,0.0141,true,1,1319233
7290002317852,false,מלפפון ביתי בצנצנת מוטולה (900גר`),שימורי מוטולה בעמ,,מלפפונים במלח 1.65 ק,גרמים,1650.00,100 גרם,false,,26.90,0.0163,true,1,1319235
7290002317913,false,ירקות מעורבים כבושים700ג,שימורי מוטולה בעמ,,ירקות מעורבים בצנצנת,גרמים,700.00,100 גרם,false,,11.90,0.0170,true,1,1561134
7290002319016,false,אבקת אפיה עשיריות מיה 100 גרם,מיה תעשיות מזון מ.ת.מ. בעמ,IL,אבקת אפיה עשיריות,גרמים,100.00,100 גרם,false,,2.00,0.0200,true,1,1333989
7290002319023,false,סוכר וניל עשיריות מיה 100 גרם,מיה תבליני החיים ירושלים בע`מ,IL,סוכר וניל עשיריות,גרמים,100.00,100 גרם,false,,2.00,0.0200,true,1,1333990
7290002319047,false,אגוזי המלך 100 גר' מיה,מיה תעשיות מזון מ.ת.מ. בעמ,IL,אגוזי מלך 100גרם,גרמים,100.00,100 גרם,false,,10.90,0.1090,true,1,1333992
7290002319054,false,פרג טחון מיה 100 גרם,מיה תעשיות מזון מ.ת.מ. בעמ,IL,פרג טחון 100גרם,גרמים,100.00,100 גרם,false,,4.90,0.0490,true,1,1333993
7290002319061,false,קוקוס טחון מיה (100 גרם),מיה תעשיות מזון מ.ת.מ. בעמ,,קוקוס טחון 100 גרם,גרמים,100.00,100 גרם,false,,3.50,0.0350,true,1,1333994
7290002319092,false,"קמח תפוח אדמה 500ג בד""ץ מיה*",מיה תעשיות מזון מ.ת.מ. בעמ,IL,קמח תפוחי אדמה 500גרם,גרמים,500.00,100 גרם,false,,5.90,0.0118,true,1,1333995
7290002319313,false,אורז בסגנון פרסי מלא מיה (1 קג),מיה תעשיות מזון מ.ת.מ. בעמ,IL,אורז מלא 1ק''ג,קילוגרמים,1.00,"ק""ג",false,,8.90,8.9000,true,1,1333998
7290002319344,false,שקדים טבעיים מיה 100 גרם,מיה תעשיות מזון מ.ת.מ. בעמ,IL,שקדים טבעי 100גרם,גרמים,100.00,100 גרם,false,,10.90,0.1090,true,1,1334000
7290002319375,false,"קורנפלור 200 ג' בד""ץ מיה",מיה תעשיות מזון מ.ת.מ. בעמ,IL,קורנפלור 200גרם (חדש),גרמים,200.00,100 גרם,false,,3.90,0.0195,true,1,1334001
7290002319412,false,פפריקה חריפה בצנצנת מיה 80 גרם,מיה תעשיות מזון מ.ת.מ בעמ,IL,פפריקה חריפה 80גרם,גרמים,80.00,100 גרם,false,,6.90,0.0863,true,1,1334003
7290002319429,false,פפריקה מתוקה בצנצנת מיה 80 גרם,מיה תעשיות מזון מ.ת.מ בעמ,IL,פפריקה מתוקה 80גרם,גרמים,80.00,100 גרם,false,,6.90,0.0863,true,1,1334004
7290002319436,false,פלפל שחור טחון בצנצנת מיה 70 גרם,מיה תעשיות מזון מ.ת.מ בעמ,IL,פלפל שחור טחון 70גרם,גרמים,70.00,100 גרם,false,,7.90,0.1129,true,1,1334005
7290002319443,false,כמון בצנצנת מיה 80 גרם,מיה תעשיות מזון מ.ת.מ בעמ,IL,כמון 80גרם,גרמים,80.00,100 גרם,false,,6.90,0.0863,true,1,1334006
7290002319450,false,תבלין כרכום צנצנת 80 גר' מיה,מיה תעשיות מזון מ.ת.מ בעמ,IL,כורכום 80גרם,גרמים,80.00,100 גרם,false,,6.90,0.0863,true,1,1334007
7290002319467,false,אורגנו בצנצנת מיה 35 גרם,מיה תעשיות מזון מ.ת.מ בעמ,IL,אורגנו 35גרם,גרמים,35.00,100 גרם,false,,6.90,0.1971,true,1,1334008
7290002319474,false,תבלין אבקת שום מיכל 80 ג' מיה,מיה תעשיות מזון מ.ת.מ בעמ,IL,אבקת שום 80גרם,גרמים,80.00,100 גרם,false,,8.90,0.1113,true,1,1334009
7290002319528,false,קמח מצה חמץ 200 גר' מיה,קבוצת אסם סחר שות. מוגבלת,IL,קמח מצה 200גרם,גרמים,200.00,100 גרם,false,,2.90,0.0145,true,1,1334010
7290002319580,false,מלח לימון בצנצנת מיה 150 גרם,מיה תעשיות מזון מ.ת.מ בעמ,IL,מלח לימון 150גרם,גרמים,150.00,100 גרם,false,,6.90,0.0460,true,1,1334011
7290002319597,false,תבלין כוסברה ירוקה בשקית 80 גר' מיה,מיה תבליני החיים ירושלים בע`מ,IL,כוסברה 80גרם,גרמים,80.00,100 גרם,false,,6.90,0.0863,true,1,1334012
7290002319610,false,שקדים טחונים מיה 100 גרם,מיה תעשיות מזון מ.ת.מ. בעמ,IL,שקדים טחונים 100גרם,גרמים,100.00,100 גרם,false,,10.90,0.1090,true,1,1334014
7290002319627,false,תבלין ציפורן טחון בשקית 50 גר' מיה,מיה תעשיות מזון מ.ת.מ בעמ,IL,ציפורן טחון 50גרם,גרמים,50.00,100 גרם,false,,6.90,0.1380,true,1,1334015
7290002319658,false,תבלין לסטייק בצנצנת מיה 80 גרם,מיה תעשיות מזון מ.ת.מ. ב,IL,תבלין לסטייק 80גרם,גרמים,80.00,100 גרם,false,,6.90,0.0863,true,1,1334018
7290002319702,false,ציפורן שלם בצנצנת מיה 40 גרם,מיה תעשיות מזון מ.ת.מ. ב,IL,ציפורן שלם 40גרם,גרמים,40.00,100 גרם,false,,6.90,0.1725,true,1,1334020
7290002319740,false,אגוזי מלך טחונים מיה 100 גרם,מיה תעשיות מזון מ.ת.מ. בעמ,IL,אגוזי מלך טחונים 100גרם,גרמים,100.00,100 גרם,false,,10.90,0.1090,true,1,1334022
7290002319771,false,תמצית אפיה בטעם וניל מיה (50 מל),מיה תעשיות מזון מ.ת.מ. בעמ,IL,תמצית אפיה וניל,מיליליטרים,50.00,"100 מ""ל",false,,2.50,0.0500,true,1,1334024
7290002319788,false,תמצית אפיה בטעם רום כשלפ בדצ העדח,מיה תעשיות מזון מ.ת.מ. בעמ,IL,תמצית אפיה רום,מיליליטרים,60.00,"100 מ""ל",false,,2.50,0.0417,true,1,1334025
7290002319801,false,תבלין שבבי בצל 50 גר' מיה,מיה תעשיות מזון מ.ת.מ בעמ,IL,שבבי בצל 50גרם,גרמים,50.00,100 גרם,false,,6.90,0.1380,true,1,1334027
7290002319825,false,"אבקת סוכר 100 ג`בד""ץ מיה",מיה תעשיות מזון מ.ת.מ. בעמ,IL,אבקת סוכר 100גרם,גרמים,100.00,100 גרם,false,,2.00,0.0200,true,1,1334028
7290002319849,false,שזיף יבש שקית 200 גר' מיה,מיה תעשיות מזון מ.ת.מ. בעמ,IL,שזיף מיובש 200גרם,גרמים,200.00,100 גרם,false,,8.90,0.0445,true,1,1334029
7290002320463,false,מעדן תות שדה 100% פרי ל.ת.סוכר בית יצחק 284ג',בית יצחק,,מעדן תות שדה 100% פר,גרמים,284.00,100 גרם,false,,14.90,0.0525,true,1,2262427
7290002320487,false,מעדן משמש 100% פרי ל.ת.סוכר בית יצחק 284ג',בית יצחק,,מעדן משמש 100% פרי,גרמים,284.00,100 גרם,false,,14.90,0.0525,true,1,2262428
7290002320548,false,מעדן אוכמניות 100% פרי ל.ת.סוכר בית יצחק 284ג',בית יצחק,,מעדן אוכמניות 100% פ,גרמים,284.00,100 גרם,false,,14.90,0.0525,true,1,2262470
7290002321767,false,"פילה אמנון[מושט] 7-9 בד""צ",,,פילה אמנון קפוא,קילוגרמים,1.00,"ק""ג",true,,29.90,29.9000,true,1,2307548
7290002327028,false,ג`חנון בטעם מיוחד 650 גרם קפוא,נטו מלינדה סחר בע`מ,IL,ג'חנון 650 ג',גרמים,650.00,100 גרם,false,,12.90,0.0198,true,1,1329473
7290002327042,false,"בורקס תפו""א 800 גר' שלושת האופים קהילות",נטו מלינדה סחר בע`מ,,בורקס תפוחי אדמה,גרמים,800.00,100 גרם,false,,15.90,0.0199,true,1,2230994
7290002327059,false,"בצק עלים 1 ק""ג שלושת האופים קהילות",נטו מלינדה סחר בע`מ,,"בצק עלים 1 ק""ג",קילוגרמים,1.00,"ק""ג",false,,15.90,15.9000,true,1,2231010
7290002327066,false,קונכיות בצק למילוי 625 גרם שלושת האופים,נטו מלינדה סחר בע`מ,,קונכיות,גרמים,625.00,100 גרם,false,,15.90,0.0254,true,1,2231011
7290002327073,false,בורקס גבינה 800 גר' שלושת האופים קהילות,נטו מלינדה סחר בע`מ,,בורקס גבינה,גרמים,800.00,100 גרם,false,,15.90,0.0199,true,1,2230995
7290002327103,false,שלושת האופים ג'חנון תימני 900 גרם,נטו מלינדה סחר בעמ,IL,ג'חנון 900 ג',גרמים,900.00,100 גרם,false,,15.90,0.0177,true,1,1329474
7290002327912,false,מיני בורקס גבינה 700 גר`שלושת האופים,נטו מלינדה סחר בעמ,,מיני בורקס גבינה,גרמים,700.00,100 גרם,false,,15.90,0.0227,true,1,2231012
7290002327929,false,מיני בורקס תפוח אדמה 700 גר שלושת האופים,נטו מלינדה סחר בע`מ,,מיני בורקס תפוח אדמה,גרמים,700.00,100 גרם,false,,15.90,0.0227,true,1,2231013
7290002331018,false,"נביעות מים עם פקק ספורט 500מ""ל",החברה המרכזית להפצת משקאות בעמ,,נביעות 0.5 ליטר,מיליליטרים,500.00,"100 מ""ל",false,,2.50,0.0050,true,1,1335006
7290002331025,false,"מים מינרלים נביעות ספורט 500 מ""ל פקדון",החברה המרכזית להפצת משקאות בעמ,IL,נביעות 500 TO GO פקדון,מיליליטרים,500.00,"100 מ""ל",false,,3.90,0.0078,true,1,1335007
7290002331094,false,"מים מינרליים GO TO נביעות 755 מ""ל",החברה המרכזית להפצת משקאות בעמ,IL,"נביעות 755 מ""ל",מיליליטרים,755.00,"100 מ""ל",false,,4.90,0.0065,true,1,1335008
7290002331124,false,נביעות+ מים מינרליים בטעם תפוח,החברה המרכזית להפצת משקאות בעמ,IL,נביעות שיווק2,מיליליטרים,500.00,"100 מ""ל",false,,6.50,0.0130,true,1,1335010
7290002331155,false,מים נביעות בטעם אפרסק 0.5 ליטר,החברה המרכזית להפצת משקאות בעמ,IL,נביעות + בטעם אפרסק 0.5 מ,מיליליטרים,500.00,"100 מ""ל",false,,6.50,0.0130,true,1,1335012
7290002331322,false,שישיית מים נביעות 1.5 ליטר,נביעות טבע הגליל בעמ,IL,נביעות 6 1.5 ליטר,ליטרים,9.00,ליטר,false,,11.90,1.3222,true,1,1335015
7290002331360,false,"נביעות מים מינרליים טו גו מארז 500X6מ""ל",החברה המרכזית להפצת משקאות בעמ,IL,נביעות TO GO 500 שישייה,ליטרים,3.00,ליטר,false,,12.90,4.3000,true,1,1335016
7290002331421,false,"שישיית מים מינרליים GO TO נביעות 755 מ""ל",החברה המרכזית להפצת משקאות בעמ,IL,"נביעות 6 755 מ""ל",ליטרים,4.53,ליטר,false,,14.90,3.2892,true,1,1335017
7290002331476,false,"נביעות בייבי מים מינרלים 250מ""ל",החברה המרכזית להפצת משקאות בע,,"נביעות 320 מ""ל",מיליליטרים,320.00,"100 מ""ל",false,,2.90,0.0091,true,1,1335018
7290002331483,false,נביעות מים מינרלים שישיה בייבי 330 מ`ל,החברה המרכזית להפצת משקאות בעמ,IL,"נביעות בייבי 320 מ""ל שישי",מיליליטרים,1920.00,"100 מ""ל",false,,11.90,0.0062,true,1,1335019
7290002331490,false,מים מינרלים נביעות (1 ליטר),החברה המרכזית להפצת משקאות בעמ,IL,נביעות 1 ליטר,ליטרים,1.00,ליטר,false,,3.90,3.9000,true,1,1335020
7290002331711,false,נביעות מים מינרלים בטעם ענבים0.5ליטר,החברה המרכזית להפצת משקאות בעמ,IL,נביעות+ ענבים חצי ליטר,מיליליטרים,500.00,"100 מ""ל",false,,6.50,0.0130,true,1,1335025
7290002333098,false,חומוס גרגירים אורגני 500 גרם - הרדוף,אול אורגני,IL,חומוס אורגני 500 גר' הרד,גרמים,500.00,100 גרם,false,,12.90,0.0258,true,1,1309004
7290002333128,false,"קמח מלא אורגני 1 ק""ג 1",טחנת קמח יפו,,קמח חיטה מלא אורגני,יחידה,0.00,יחידה,false,,14.90,0.0000,true,1,2287238
7290002333494,false,שעועית אזוקי אורגנית הרדוף 500 גרם,טריאקי,TR,שעועית אזוקי אורגני 500 ג,גרמים,500.00,100 גרם,false,,12.90,0.0258,true,1,1309010
7290002333500,false,עדשים אדומות אורגני 500 גרם - הרדוף,אול אורגני,IL,עדשים אדומות אורגני 500 ג,גרמים,500.00,100 גרם,false,,12.90,0.0258,true,1,1309011
7290002333968,false,עדשים צהובות חצויות אורגני 500 גר,אול אורגני,,עדשים צהובות אורגניו,גרמים,500.00,100 גרם,false,,14.90,0.0298,true,1,1481120
7290002333999,false,גרעיני חמניות קלופים אורגני הרדוף 300 גרם,אול אורגני,IL,גרעיני חמניות קלופים אורג,גרמים,300.00,100 גרם,false,,12.90,0.0430,true,1,1309021
7290002360124,false,חליטת צמחים ורד הבר והיביסקוס פומפדור 20 יחידות,ש. שסטוביץ בע`מ,DE,פומפדור חליטת צמחים ורד ה,גרמים,70.00,100 גרם,false,,11.90,0.1700,true,1,1338618
7290002360155,false,חליטת תה פרחי שומר פומפדור 20 שקיקים,ש.שסטוביץ בעמ,DE,פומפדור חליטת צמחים שומר,גרמים,40.00,100 גרם,false,,11.90,0.2975,true,1,1338619
7290002360278,false,חליטת צמחים פומפדור מנטה 20 יחידות,"איטיליאן פוד, אס.פי.",DE,פומפדור חליטת צמחים מנטה,גרמים,45.00,100 גרם,false,,11.90,0.2644,true,1,1338622
7290002360285,false,חליטת צמחים פומפדור קמומיל 20 יחידות,ש. שסטוביץ בע`מ,DE,פומפדור חליטת צמחים קמומי,גרמים,30.00,100 גרם,false,,11.90,0.3967,true,1,1338623
7290002370123,false,גבינת עיזים רכה 29% משקל,היחוס דה סאלבאדור,,גבינת עיזים רכה 29%,קילוגרמים,1.00,"ק""ג",true,,129.00,129.0000,true,1,1820498
7290002370284,false,גבינת קשקבל מבולגריה,,,גבינת קשקבל חצי קשה,קילוגרמים,1.00,"ק""ג",true,,109.00,109.0000,true,1,2003641
7290002370420,false,גבינת גאודה מהולנד 30% שומן שקיל (גלגל),איוויאן,,גבינת גאודה 30%,קילוגרמים,1.00,"ק""ג",true,,69.00,69.0000,true,1,2286826
7290002370475,false,גבינת דנהבלו בשלה31%משקל,קסרייס,,גבינת דנהבלו בשלה עם,קילוגרמים,1.00,"ק""ג",true,,69.00,69.0000,true,1,2303213
7290002370680,false,אצבעות גב.מוצרלה18%משקל,,,אצבעות גבינת מוצרלה,קילוגרמים,1.00,"ק""ג",true,,44.50,44.5000,true,1,2355808
7290002370789,false,גבינת כבשים עם פטריות כמהין במשקל 36% שו,אל פסטור,,גבינת כבשים עם פטריו,קילוגרמים,1.00,"ק""ג",true,,120.00,120.0000,true,1,2413703
7290002370925,false,גבינת גאודה עם עשבי תיבול ושום שקיל,רובין הולנד,,גבינת גאודה עם עשבי,קילוגרמים,1.00,"ק""ג",true,,99.00,99.0000,true,1,2389945
7290002371403,false,טירת צבי מארז זוגות 600 ג',תנובה מרכז שיתופי לשיווק תוצרת,IL,מארז זוגות 600 גר' טירת צ,גרמים,600.00,100 גרם,false,,24.90,0.0415,true,1,1340506
7290002371526,false,דקניקים סלסולי פסטרמה שום וצילי פיקנטי טירת צבי 120 גרם,תנובה מרכז שיתופי לשיווק תוצרת,IL,סלסולי פסטרמה שום וצ'ילי,גרמים,120.00,100 גרם,false,,12.90,0.1075,true,1,1340507
7290002371533,false,דקניקים סלסולי פסטרמה דבש טירת צבי 120 גרם,תנובה מרכז שיתופי לשיווק תוצרת,IL,סלסולי פסטרמה בדבש 120 גר,גרמים,120.00,100 גרם,false,,12.90,0.1075,true,1,1340508
7290002371540,false,דקניקים קורנדביף ללא גלוטן טירת צבי 120 גרם,תנובה מרכז שיתופי לשיווק תוצרת,IL,קורנדביף 120 גר' טירת מבי,גרמים,120.00,100 גרם,false,,12.90,0.1075,true,1,1340509
7290002371571,false,פסטרמה פרגיות לבאגט במשקלטירת צבי,טירת- צבי,IL,פסטרמה פרגיות לבאגט במשקל,קילוגרמים,1.00,"ק""ג",true,,85.00,85.0000,true,1,1340510
7290002371854,false,נקניקיות עוף חריפות טירת צבי 2 * 500 גרם,תנובה מרכז שיתופי לשיווק תוצרת,IL,"נקניקיות חריפות 1ק""ג טירת",גרמים,1000.00,100 גרם,false,,26.90,0.0269,true,1,1340512
7290002371939,false,סרוולד בסגנון צרפתי דליקטיב 120 גרם,תנובה מרכז שיתופי לשיווק תוצרת,IL,סרוולד בסגנון צרפתי 120 ג,גרמים,120.00,100 גרם,false,,23.90,0.1992,true,1,1340513
7290002373292,false,לחם בריאות דגנים קל 500ג,מאפיית השלום,IL,לחם דגנים קל,גרמים,500.00,100 גרם,false,,11.90,0.0238,true,1,1323324
7290002373506,false,לחם כפרי מקמח מלא 750גרם,מאפיית השלום,IL,לחם מקמח מלא 750 גרם,גרמים,750.00,100 גרם,false,,13.90,0.0185,true,1,1323325
7290002373513,false,לחם שיפון כפרי 750 גרם,מאפיית השלום,IL,לחם שיפון 750 גרם,גרמים,750.00,100 גרם,false,,13.90,0.0185,true,1,1323326
7290002373537,false,לחם שיפון ללא שמרים750גר,מאפיית השלום,IL,לחם שיפון ללא שמרים,גרמים,750.00,100 גרם,false,,13.90,0.0185,true,1,1323328
7290002373544,false,לחם חיטה מלא ללא שמר750.,מאפיית השלום,IL,לחם חיטה מלאה ללא שמרים,גרמים,750.00,100 גרם,false,,13.90,0.0185,true,1,1323329
7290002373551,false,לחם שיפון 750 גרם לל,מאפיית השלום,IL,לחם שיפון 100% 750 גרם,גרמים,750.00,100 גרם,false,,13.90,0.0185,true,1,1323330
7290002373575,false,לחם שיפון קל 500 גרם,מאפיית השלום,IL,לחם שיפון קל 500 גרם,גרמים,500.00,100 גרם,false,,13.90,0.0278,true,1,1323332
7290002374268,false,שמן חמניות מזוכך ללא כולסטרול 1 ליטר,סוגת תעשיות בעמ,IL,שמן חמניות מילומור 1 ליטר,ליטרים,1.00,ליטר,false,,11.90,11.9000,true,1,1337259
7290002374640,false,שמן בריאות קנולה פלוס אומגה 3 עץ הזית 1 ליטר,סוגת תעשיות בעמ,IL,"שמן קנולה פלוס אומגה 3 ""ע",ליטרים,1.00,ליטר,false,,16.50,16.5000,true,1,1337264
7290002385127,false,לבנה שמן זית וזעתר ב,מחלבות גד,IL,לאבנה 5% שמן זית וזעתר 2,קילוגרמים,1.00,"ק""ג",true,,41.00,41.0000,true,1,1327847
7290002385196,false,רוקפור דייניש בלו29%משקל,מחלבות גד,,"גבינת רוקפור ק""ג",קילוגרמים,1.00,"ק""ג",true,,129.00,129.0000,true,1,1411616
7290002385264,false,בלקנית מלוחה 16%,מחלבות גד בעמ`,IL,בלקנית 16% בסגנון פטה,קילוגרמים,1.00,"ק""ג",true,,35.00,35.0000,true,1,1327848
7290002385400,false,גבינת ריקוטה פרסקה ב,מחלבות גד,IL,ריקוטה פרסקה 9% במגש 1.8,קילוגרמים,1.00,"ק""ג",true,,59.00,59.0000,true,1,1327849
7290002385431,false,גבינה בולגרית 16% רכ,דשן,IL,בולגרית מסורתית בפח 16% ק,קילוגרמים,1.00,"ק""ג",true,,56.00,56.0000,true,1,1327850
7290002385455,false,בולגרית מעודנת 24% במשקל,מחלבות גד,IL,בולגרית מעודנת 24% דלי 10,קילוגרמים,1.00,"ק""ג",true,,49.00,49.0000,true,1,1327851
7290002385738,false,גד סדרת דליקטס מנצ'גו 34% במשקל,מחלבות גד,IL,מנצגו משולשים מעדניה בדץ,קילוגרמים,1.00,"ק""ג",true,,135.00,135.0000,true,1,1327853
7290002385745,false,גבינת פיקורינו משולשים גד,מחלבות גד,IL,פקורינו משולשים מעדניה בד,קילוגרמים,1.00,"ק""ג",true,,130.00,130.0000,true,1,1327854
7290002410126,false,שומן בקר,,,שומן בקר,קילוגרמים,1.00,"ק""ג",true,,19.90,19.9000,true,1,1344051
7290002435112,false,רסק עגבנ22% 570גר ט.טוב,מילוז(1989),IL,רוטב עגב. א- BX22 2ויטה,גרמים,570.00,100 גרם,false,,6.90,0.0121,true,1,1347198
7290002447481,false,צא'ך עגל טרי,אדום אדום,,צ'אך עגל טרי,קילוגרמים,1.00,"ק""ג",true,,119.00,119.0000,true,1,1340708
7290002447573,false,שייטל עגל טרי,אדום אדום,,שייטל עגל טרי,קילוגרמים,1.00,"ק""ג",true,,109.00,109.0000,true,1,1340711
7290002448853,false,פרמיו חטיף לבבות לכלב,פרמיו Premio,,פרמיו חטיף לבבות 100,גרמים,100.00,100 גרם,false,,14.90,0.1490,true,1,2423543
7290002485025,false,סלט חומוס מסעדות 500 גרם,"סלטי שמיר 2006 בע""מ",,חומוס מסעדות 500 גרם,גרמים,500.00,100 גרם,false,,13.90,0.0278,true,1,2282118
7290002485049,false,סלט חומוס מסבחה 500 גרם,"סלטי שמיר 2006 בע""מ",,חומוס מסבחה 500,גרמים,500.00,100 גרם,false,,13.90,0.0278,true,1,2282119
7290002485063,false,סלט חומוס אבו גוש בי,"סלטי שמיר 2006 בע""מ",,חומוס אבו גוש 500,גרמים,500.00,100 גרם,false,,13.90,0.0278,true,1,2282120
7290002487364,false,שלושת האופים ב. פילו גבינה זיתים 700 גר לנדא,שלושת האופים שגמור,IL,בורקס פילו גבינה וזיתים,גרמים,700.00,100 גרם,false,,14.90,0.0213,true,1,1329478
7290002496557,false,תמר לח בשקית 500גרם,פרי וירק טמרה ושותפי,,תמר לח 500 גרם,גרמים,500.00,100 גרם,false,,9.90,0.0198,true,1,1319277
7290002507604,false,פיצה שגב השף מאיטליה 350 גרם,האי נאם סי או אל.טי.,,פיצה שגב 320 גרם,גרמים,320.00,100 גרם,false,,13.90,0.0434,true,1,1760546
7290002512004,false,מלווח צנעני 900 גרם קפוא,צנעני מוצרי בצק בעמ,IL,מלאווח צנעני 900גר,גרמים,900.00,100 גרם,false,,19.90,0.0221,true,1,1347200
7290002512011,false,ג`חנון צנעני (900 גרם),צנעני מוצרי בצק בעמ,IL,גחנון צנעני 900גר,גרמים,900.00,100 גרם,false,,19.90,0.0221,true,1,1347201
7290002512035,false,בצק עלים צנעני (1 קג),צנעני מוצרי בצק בעמ,IL,בצק עלים צנעני 1קג,גרמים,1000.00,100 גרם,false,,16.90,0.0169,true,1,1347202
7290002512257,false,מלווח מפחת שומן 700 גרם צנעני,צנעני מוצרי בצק בעמ,,מלווח מופחת שומן,גרמים,700.00,100 גרם,false,,14.90,0.0213,true,1,1347211
7290002512264,false,צנעני גחנון מופחת שומן רווי 700 גר',צנעני מוצרי בצק בעמ,,ג'חנון מופחת שומן,גרמים,700.00,100 גרם,false,,14.90,0.0213,true,1,1347212
7290002515333,false,"ד""ר פישר - קמיל בלו סנסיטיב אל סבון עדין לתינוק 500 מ""ל","פישר תעשיות פרמצביטות בע""מ",IL,קמיל בלו סנסיטיב אל סבון,מיליליטרים,500.00,"100 מ""ל",false,,17.90,0.0358,true,1,1351785
7290002515364,false,"קמיל בלו אל סבון לתינוק קלאסיק ד""ר פישר 500 מ""ל","פישר תעשיות פרמצביטות בע""מ",,קמיל בלו קלאסיק משאב,מיליליטרים,500.00,"100 מ""ל",false,,16.90,0.0338,true,1,2280177
7290002515371,false,"קמיל בלו אל סבון לתינוקות ד""ר פישר 1 ליטר","פישר תעשיות פרמצביטות בע""מ",IL,קמיל בלו קלאסיק ליטר,ליטרים,1.00,ליטר,false,,21.90,21.9000,true,1,1351786
7290002517269,false,"פלפל שחור שלם 350 גרם ""טעם וריח""",תבליני טעם וריח בעמ,IL,מיכל פל.שחור שלם 35 גר',גרמים,35.00,100 גרם,false,,7.90,0.2257,true,1,1350694
7290002517276,false,פלפל אנגלי שלם 25 גר' טעם וריח,תבליני טעם וריח בעמ,IL,מיכל קטן פ.אנגלי שלם 25גר,גרמים,25.00,100 גרם,false,,4.90,0.1960,true,1,1350695
7290002517337,false,אורגנו עלים 20 גר' טעם וריח,"תבליני טעם וריח בע""מ",IL,שק.20 גר' אורגנו,גרמים,20.00,100 גרם,false,,4.90,0.2450,true,1,1350696
7290002517375,false,בזילקום עלים 30 גר' טעם וריח,"תבליני טעם וריח בע""מ",IL,שק.30 גר' בזיליקום,גרמים,30.00,100 גרם,false,,4.90,0.1633,true,1,1350697
7290002517566,false,"תערובת תיבול לדג 80 גרם ""טעם וריח""",תבליני טעם וריח בעמ,IL,דג תערובת תיבול 80 גר',גרמים,80.00,100 גרם,false,,9.90,0.1238,true,1,1350706
7290002517573,false,תערובת תיבול לבשר- 80 גרם,תבליני טעם וריח בעמ,IL,בשר תערובת תיבול 80גר',גרמים,80.00,100 גרם,false,,9.90,0.1238,true,1,1350707
7290002517580,false,"תערובת תיבול לעוף 80 גרם ""טעם וריח""",תבליני טעם וריח בעמ,IL,עוף תערובת תיבול 80גר',גרמים,80.00,100 גרם,false,,9.90,0.1238,true,1,1350708
7290002517726,false,קינמון מקלות 15 גר' טעם וריח,"תבליני טעם וריח בע""מ",IL,מיכל קטן מקל קינמון 15גר',גרמים,15.00,100 גרם,false,,4.90,0.3267,true,1,1350711
7290002517733,false,תבלין קצח טעם וריח 4,תבליני טעם וריח בעמ,IL,מיכל קטן קצח 40גר',גרמים,40.00,100 גרם,false,,4.90,0.1225,true,1,1350712
7290002517801,false,תבלין צ'ילי כתוש - חריף (פלפל קיינה) 30 ג',"תבליני טעם וריח בע""מ",IL,מיכל קטן צ'ילי כתוש 30גר',גרמים,30.00,100 גרם,false,,4.90,0.1633,true,1,1350714
7290002517863,false,תבלין ציפורן טחון 80ג',"תבליני טעם וריח בע""מ",IL,מיכל קטן ציפורן טחון 40גר,גרמים,40.00,100 גרם,false,,7.90,0.1975,true,1,1350717
7290002538592,false,קרמבו ימבו מוקה/וניל 200 גר' שמינייה,,,ימבו 8 יח',גרמים,200.00,100 גרם,false,,10.90,0.0545,true,1,2276448
7290002542506,false,"בקבוק בירה קורונה 355 מ""ל",קריניציה ויטמינה אס,,"בירה קורונה 355 מ""ל",מיליליטרים,355.00,"100 מ""ל",false,,9.90,0.0279,true,1,1474227
7290002542773,false,"בירה סטלה ארטואה בקבוק 330 מ""ל","אינבב, ברוורייפליין",,בירה סטלה ארטואה -בק,מיליליטרים,330.00,"100 מ""ל",false,,9.90,0.0300,true,1,2332538
7290002542780,false,"שישייה בירה סטלה ארטואה בקבוק 330X6 מ""ל","אינבב, ברוורייפליין",,בירה סטלה ארטואה -שי,ליטרים,1.98,ליטר,false,,34.90,17.6263,true,1,2332539
7290002542797,false,"בירה לף בלונד בקבוק 330 מ""ל","אינבב, ברוורייפליין",,"בירה לף בלונד 330 מ""",מיליליטרים,330.00,"100 מ""ל",false,,6.90,0.0209,true,1,2332547
7290002542810,false,"בירה הוגרדן בקבוק 330 מ""ל","אינבב, ברוורייפליין",,"בירה הוגרדן 330 מ""ל.",מיליליטרים,330.00,"100 מ""ל",false,,6.90,0.0209,true,1,2332548
7290002542841,false,"שישייה בירה לף בלונד בקבוק 330X6 מ""ל","אינבב, ברוורייפליין",,בירה לף בלונד שישייה,ליטרים,1.98,ליטר,false,,39.90,20.1515,true,1,2332549
7290002542865,false,"שישייה בירה הוגרדן בקבוק 330X6 מ""ל","אינבב, ברוורייפליין",,"בירה הוגרדן 330 מ""ל",ליטרים,1.98,ליטר,false,,39.90,20.1515,true,1,2333244
7290002543046,false,קלוגס פרוסטיס דגנים וסוכר 750ג',דיפלומט מפיצים (1968) בעמ**,,קלוגס פרוסטיס 750 גם,גרמים,750.00,100 גרם,false,,19.90,0.0265,true,1,1306767
7290002543237,false,דגני בוקר קלוגס קורנפלקס 750 גרם,קלוגס קומפני אוף גרייט ב,,קלוגס קורנפלקס 750 ג,גרמים,750.00,100 גרם,false,,14.90,0.0199,true,1,1306773
7290002544210,false,ממרח זיתים ירוקים 190 גרם,,,ממרח זיתים ירוקים 18,גרמים,180.00,100 גרם,false,,19.90,0.1106,true,1,1394185
7290002544234,false,ממרח עגבניות מיובשות 190 גרם,,,ממרח עגבניה מיובשות,גרמים,180.00,100 גרם,false,,19.90,0.1106,true,1,1394186
7290002551003,false,נתחי טונה בהירה בשמן סטארקיסט (160 גרם),דיפלומט מפיצים (1968) בעמ**,,טונה סטארקיסט בשמן 1,גרמים,160.00,100 גרם,false,,6.90,0.0431,true,1,1306775
7290002551010,false,נתחי טונה בהירה במים סטארקיסט (160 גרם),דיפלומט מפיצים (1968) בעמ**,,טונה סטארקיסט במים 1,גרמים,160.00,100 גרם,false,,6.90,0.0431,true,1,1306776
7290002577492,false,"פילה דג הרינג מלוח בשמן, 340 גרם",מיוצר על ידי קוד יצר,,דג הרניג מלוח בשמן 2,גרמים,240.00,100 גרם,false,,24.90,0.1037,true,1,2286292
7290002581352,false,קרקר עם חיטה מלאה ללא סוכר 250 גר',אפיפית נצרת,IL,קרקר דגן ללא סוכר 24/0.25,גרמים,250.00,100 גרם,false,,7.90,0.0316,true,1,1348111
7290002581536,false,הדר וופל נפוליטנה ללא סוכר 250 גרם,אפיפית נצרת,IL,ופל נאפוליטנה ללא סוכר 24,גרמים,250.00,100 גרם,false,,7.90,0.0316,true,1,1348112
7290002599029,false,תבליני יונה פפריקה מתוקה בשמן 80ג,תבליני יונה,IL,תבליני יונה,גרמים,80.00,100 גרם,false,,3.90,0.0487,true,1,1324451
7290002599081,false,תבליני יונה תבלינים,תבליני יונה,IL,תבליני יונה 30 גר',גרמים,30.00,100 גרם,false,,3.90,0.1300,true,1,1324453
7290002599104,false,תבליני יונה תבלינים שונים.,תבליני יונה,IL,תבליני יונה 50 גר',גרמים,50.00,100 גרם,false,,3.90,0.0780,true,1,1324454
7290002599197,false,תבליני יונה פלפל שחור שלם 50גר,תבליני יונה,IL,שחור גרוס /פ.לבן 50 גר',גרמים,50.00,100 גרם,false,,4.90,0.0980,true,1,1324455
7290002603474,false,פיצת השף מאיטליה רוטב פטריות בטעם כמהין 256 גרם,נטו מילנדה סחר בעמ*,,פיצה השף מאיטליה CHE,גרמים,200.00,100 גרם,false,,12.90,0.0645,true,1,1874596
7290002603498,false,פיצת השף מאיטליה CHEF שגב אנטיפסטי 220,נטו מילנדה סחר בעמ*,,פיצה השף מאיטליה CHE,גרמים,220.00,100 גרם,false,,12.90,0.0586,true,1,1874598
7290002603689,false,"מקלות בורקס פילו XL תפו""א שגב 450 גר",שלושת האופים שגמור,,מקלות פילו XL תפוח א,גרמים,450.00,100 גרם,false,,16.90,0.0376,true,1,1874608
7290002603696,false,בורקס פילו שגב XL גבינה שגב 450 גרם לנדא,שלושת האופים שגמור,,מקלות פילו XL גבינה,גרמים,450.00,100 גרם,false,,16.90,0.0376,true,1,1874609
7290002608509,false,לחם מחמצת זיתי קלמנט,,,לחם מחמצת זיתי קלמטה,גרמים,500.00,100 גרם,false,,16.90,0.0338,true,1,2088615
7290002608516,false,לחם מחמצת מקמח מלא 5,פילסברי,,לחם מחמצת מקמח מלא (,גרמים,500.00,100 גרם,false,,16.90,0.0338,true,1,2088616
7290002608547,false,לחם מחמצת שיפון וחמוציות 530,פילסברי,,לחם מחמצת שיפון כהה,גרמים,500.00,100 גרם,false,,16.90,0.0338,true,1,2088618
7290002627098,false,פיצה ביס 350 גר` שלושת האופים 12 יח,שגמור ייצור ושווק מוצרי,,פיצה ביס שלושת האופי,גרמים,350.00,100 גרם,false,,12.90,0.0369,true,1,2380097
7290002627210,false,גפילטע פיש קציצות מדגי קרפיון וכסיף בצנצנת 560 גרם,האי נאם סי או אל.טי.,,גפילטע פיש 560 גרם,גרמים,560.00,100 גרם,false,,12.90,0.0230,true,1,2275195
7290002628163,false,שומן כבש טרי,,,שומן כבש טרי,קילוגרמים,1.00,"ק""ג",true,,79.00,79.0000,true,1,1344055
7290002628439,false,עוף שלם טרי,,,עוף שלם טרי,קילוגרמים,1.00,"ק""ג",true,,19.90,19.9000,true,1,1344057
7290002661153,false,לחם דני קל פרוס ברמן (1 קג),מאפית י את א ברמן בע,,לחם דני קל.,גרמים,1000.00,100 גרם,false,,15.90,0.0159,true,1,1323316
7290002661184,false,לחם אחיד פרוס חן ברמ,,,לחם אחיד כהה פרוס 75,גרמים,750.00,100 גרם,false,,6.90,0.0092,true,1,1323318
7290002661214,false,ברמן לחם גליל קל מהדרין 750 גרם,מאפית י את א ברמן בע,,לחם גלילי 750 גרם,גרמים,750.00,100 גרם,false,,14.90,0.0199,true,1,1327405
7290002661443,false,פירורי לחם מוזהבים עדינים 200 גר.,י.את א. ברמן בעמ,,פירורי לחם זהוב עדין,גרמים,200.00,100 גרם,false,,2.90,0.0145,true,1,1535345
7290002661474,false,פרורי לחם זהוב עם שומשום 200 גר,י.את א. ברמן בעמ,,פירורי לחם זהוב שומש,גרמים,200.00,100 גרם,false,,3.90,0.0195,true,1,1535346
7290002661900,false,לחמניה שמיניה שומשום/פרג 6 יח' 720 גר',מאפית י את א ברמן בע,,6 יח לחמניות ארוכות,גרמים,720.00,100 גרם,false,,11.90,0.0165,true,1,2171778
7290002674221,false,"אקווה פרש משחת שינים משאבה מנטה 100 מ""ל",גלקסו סמית קליין,GB,"אקוה פרש משאבה 100 מ""ל",מיליליטרים,100.00,"100 מ""ל",false,,15.90,0.1590,true,1,1346429
7290002674238,false,"אקווה פרש - משחת שיניים מנטה מרענן 125 מ""ל",גלקסוסמיתקליין,,א.פרש משחת שיניים 12,מטרים,125.00,100 מ'ל,false,,9.90,0.0792,true,1,1784319
7290002674269,false,"אקווה פרש - משחת שיניים מנטה עדין 125 מ""ל",גלקסוסמיתקליין,,א.פרש משחת שיניים 12,מטרים,125.00,100 מ'ל,false,,9.90,0.0792,true,1,1784320
7290002692393,false,שמן קנולה מזוכך מועשר עץ הזית (1 ליטר),סוגת תעשיות בעמ,IL,"שמן קנולה מועשר 1 ליטר ""ע",ליטרים,1.00,ליטר,false,,15.90,15.9000,true,1,1337266
7290002692478,false,"שמן זית כתית מעולה קלאסי מעודן 750 מ""ל עץ הזית","מרקאולאו, ספרד.אבסה,",IL,שמן זית כתית מעולה מעודן,מיליליטרים,750.00,"100 מ""ל",false,,32.90,0.0439,true,1,1337269
7290002692768,false,"תרסיס שמן קנולה מזוכך ללא תוספת גז עץ הזית 200 מ""ל",טרנסומס פוד איי בי,IL,"תרסיס קנולה 200 מ""ל ""עץ-ה",מיליליטרים,200.00,"100 מ""ל",false,,12.90,0.0645,true,1,1337271
7290002692782,false,"תרסיס שמן זית כתית מעולה ללא תוספת גז עץ הזית 150 מ""ל",י.ב טכנולוגיות אריזה,IL,"תרסיס זית 150 מ""ל ""עץ-הזי",מיליליטרים,150.00,"100 מ""ל",false,,12.90,0.0860,true,1,1337272
7290002730262,false,נוזל לניקוי כלים קלאסי פלמוליב (750 מל),יבואן ומשווק: ש. שסט,GR,פלמוליב כלים שקוף קלאסי 7,מיליליטרים,750.00,"100 מ""ל",false,,9.90,0.0132,true,1,1338628
7290002730521,false,צימרוני אוזניים בלונס בקופסא 200 יח',ש. שסטוביץ בע`מ,GR,בלונס מקלות אוזניים 200 י,יח',200.00,יח',false,,5.90,0.0295,true,1,1338630
7290002730538,false,פדיות להסרת איפור בלונס 80 יחידות,הנסיך- מפעל לייצור ט,GR,בלונס מסיר איפור 80 יח,יח',80.00,יח',false,,9.90,0.1238,true,1,1338631
7290002730675,false,"קולגייט משחת שיניים אדומה משפחתי 100 מ""ל",קולגייט-פלמוליב,PL,קולגייט משחה אדומה משפחתי,מיליליטרים,100.00,"100 מ""ל",false,,10.90,0.1090,true,1,1338633
7290002730811,false,"משחת שיניים ג'ל פסים מרעננים קולגייט 100 מ""ל",הנסיך- מפעל לייצור ט,PL,קולגייט אדומה ג'ל חדש 100,מיליליטרים,100.00,"100 מ""ל",false,,15.90,0.1590,true,1,1338634
7290002730903,false,פלמוליב סבון מוצק ורדים רביעייה * 125 ג',הנסיך- מפעל לייצור ט,TR,פלמוליב סבון מוצק ורדים ר,גרמים,400.00,100 גרם,false,,16.90,0.0422,true,1,1338635
7290002730941,false,כדורי צמר גפן בלונס 100 יחידות,הנסיך- מפעל לייצור ט,GR,בלונס צמר גפן 100 גרם,גרמים,100.00,100 גרם,false,,5.90,0.0590,true,1,1338638
7290002730958,false,סבון מוצק בניחוח זיתים ואלוורה פלמוליב 4*100 גרם,הנסיך- מפעל לייצור ט,TR,פלמוליב סבון מוצק ירוק זי,גרמים,400.00,100 גרם,false,,16.90,0.0422,true,1,1338639
7290002750338,false,לחם רוסטיק עגבניות מ,פילסברי,,לחם רוסטיק עגבניות מ,גרמים,500.00,100 גרם,false,,14.90,0.0298,true,1,2088620
7290002750383,false,לחם מחמצת טוסקני כפר,פילסברי,,לחם מחמצת טוסקאני כפ,גרמים,500.00,100 גרם,false,,16.90,0.0338,true,1,2088626
7290002752332,false,"סוכריות מנטוס פירות בגליל, 37.5 גרם",הדקלאים אגודת שיתופי,,מנטוס פירות בודד,גרמים,37.50,100 גרם,false,,3.00,0.0800,true,1,1326288
7290002752349,false,סוכריות מנטוס מנטה 40יח' בגליל 38ג',ליימן שליסל בעמ,,מנטוס מנטה בודד,גרמים,37.50,100 גרם,false,,3.00,0.0800,true,1,1326289
7290002752493,false,רביעיה סוכריות מנטה 4* 16 ג' טיק טק,פרימיום-חברה לדברי מתיקה ולמסח,,סוכריות טיק-טק רביעי,גרמים,64.00,100 גרם,false,,9.90,0.1547,true,1,1326290
7290002753223,false,רביעייה סוכריות תפוז 4*16 ג' טיק טק,פרימיום-חברה לדברי מתיקה ולמסח,,סוכריות טיק-טק רביעי,גרמים,64.00,100 גרם,false,,9.90,0.1547,true,1,1326291
7290002753995,false,סוכריות עדשים לקישוט עוגה וורנר 6*25 גרם,היינץ צפון אמריקה מק,,קישוטי שוקולד,גרמים,150.00,100 גרם,false,,15.90,0.1060,true,1,1326292
7290002757139,false,מלוואח 700 גר' שלושת האופים קהילות,נטו מלינדה סחר בע`מ,IL,מלאווח 700 ג',גרמים,700.00,100 גרם,false,,12.90,0.0184,true,1,1329483
7290002757146,false,"קובה חמוסטה למרק שלושת האופים 1 ק""ג",נטו מלינדה סחר בע`מ,,קובה חמוסטה למרק 1 ק,קילוגרמים,1.00,"ק""ג",false,,18.90,18.9000,true,1,2227475
7290002757528,false,"בורקס פילו תפו""א 700 גרם שלושת האופים",שלושת האופים שגמור,IL,בורקס פילו תפוח אדמה,גרמים,700.00,100 גרם,false,,14.90,0.0213,true,1,1329485
7290002768036,false,"מי פה תיאדנט ענק מונע עששת 150מ""ל",החברה הדרומית לשיווק בעמ,IL,"מי פה תיאדנט 150מ""ל",מיליליטרים,150.00,"100 מ""ל",false,,14.90,0.0993,true,1,1344432
7290002768043,false,"תיאדנט מי-פה ענק פלאוריד 150 מ""ל",החברה הדרומית לשיווק בעמ,IL,מי פה תיאדנט+פלאוריד150מ,מיליליטרים,150.00,"100 מ""ל",false,,14.90,0.0993,true,1,1344433
7290002768074,false,אל סבון נוזלי רגיל דרמפון 1 ליטר,החברה הדרומית לשיווק בעמ,IL,דרמפון סבון ללא סבון 1 ל,ליטרים,1.00,ליטר,false,,14.90,14.9000,true,1,1344434
7290002768159,false,"קצף אמבט בת אורן קרליין 500 מ""ל",החברה הדרומית לשיווק בעמ,IL,בת אורן סבון נוזלי 500מל,מיליליטרים,500.00,"100 מ""ל",false,,18.90,0.0378,true,1,1344435
7290002769316,false,קראנץ שמרים 500 גרם,ר.כ עוגיות הזהב,,עוגת קראנץ 500 גרם,גרמים,500.00,100 גרם,false,,13.90,0.0278,true,1,1363967
7290002769347,false,עוגיות מובחרות בדלי 600 גר' שיווק הזהב,עוגיות הזהב,,עוגיות מובחרות בדלי,גרמים,600.00,100 גרם,false,,14.90,0.0248,true,1,1363968
7290002769392,false,עוגיות סדרת פרמיום עבודת ד,ר.כ עוגיות הזהב,,עוגיות פרימיום מיוחד,גרמים,250.00,100 גרם,false,,20.90,0.0836,true,1,2114911
7290002769514,false,עוגיות מובחרות 350 ג,ר.כ עוגיות הזהב,,עוגיות מובחרות 350 ג,גרמים,350.00,100 גרם,false,,10.90,0.0311,true,1,1390079
7290002769767,false,קצפות מובחרות אדל חלבי,דין שיווק,,עוגת גבינה במבחר טעמ,גרמים,600.00,100 גרם,false,,41.90,0.0698,true,1,2049477
7290002769910,false,עוגיות מיוחדות ללא סוכר 300 גר',מאפיית ישראל חיפה,,עוגיות ללא סוכר,גרמים,300.00,100 גרם,false,,10.90,0.0363,true,1,2308101
7290002771104,false,קפה עם הל אל נחלה 500 גרם,קפה אל נחלה בני רפיק,,קפה אלנח'לה 500 גרם,גרמים,500.00,100 גרם,false,,29.90,0.0598,true,1,1358811
7290002771111,false,קפה עם הל אל נחלה 250 גרם,קפה אל נחלה בני רפיק,,קפה אלנח'לה 250 גרם,גרמים,250.00,100 גרם,false,,16.90,0.0676,true,1,1358812
7290002771128,false,קפה אלנח'לה בלי הל 250 ג',קפה אל נחלה בני רפיק,,קפה אלנח'לה 250 גרם,גרמים,250.00,100 גרם,false,,16.90,0.0676,true,1,1358813
7290002771135,false,קפה אלנחילה 100גר עם הל,קפה אל נחלה בני רפיק,,קפה אלנח'לה 100 גרם,גרמים,100.00,100 גרם,false,,7.50,0.0750,true,1,1358814
7290002771326,false,קפסולות קפה אלנחלה קלוי טחון עם הל 10 יח,קפה אל נח'לה,,מארז 10 קפסולות קפה,גרמים,50.00,100 גרם,false,,19.90,0.3980,true,1,2353988
7290002775010,false,מיני בורקס פילו גבינה שלושת האופים מהדרין 650 ג',שלושת האופים שגמור,IL,מיני פילו גבינה 650 גר',גרמים,650.00,100 גרם,false,,14.90,0.0229,true,1,1329488
7290002782131,false,"פנינה רוזנבלום - דאודורנט ספריי לאישה מס' 1 150 מ""ל","פנינה רוזנבלום בע""מ",IL,דאודורנט פנינה מס 1,מיליליטרים,150.00,"100 מ""ל",false,,19.90,0.1327,true,1,1348000
7290002782735,false,"דאודורנט ספריי לגבר מס' 1 180 מ""ל פנינה רוזנבלום",פנינה רוזנבלום בעמ,IL,דאודורנט פנינה לגבר,מיליליטרים,180.00,"100 מ""ל",false,,15.90,0.0883,true,1,1348001
7290002782742,false,"פנינה רוזנבלום - דאודורנט ספריי לאישה מס' 2 150 מ""ל","פנינה רוזנבלום בע""מ",IL,דאודורנט פנינה מס 2,מיליליטרים,150.00,"100 מ""ל",false,,15.90,0.1060,true,1,1348002
7290002782759,false,קרם גוף מספר 2 פנינה רוזנבלום (340 מל),"פנינה רוזנבלום בע""מ",IL,קרם גוף פנינה מס 2,מיליליטרים,340.00,"100 מ""ל",false,,24.90,0.0732,true,1,1348003
7290002787884,false,"מקלות פילו תפו""א 600 גרם שלושת האופים",נטו מלינדה סחר בע`מ,IL,מיני פילו תפוא 650 גר',גרמים,600.00,100 גרם,false,,14.90,0.0248,true,1,1367987
7290002787891,false,מקלות פילו תרד 600 גרם שלושת האופים,נטו מלינדה סחר בע`מ,IL,מיני פילו תפוא 650 גר',גרמים,600.00,100 גרם,false,,14.90,0.0248,true,1,1367988
7290002824183,false,"גבינה לבנה סקי 500 גרם 5% ""שטראוס"" -מוצר בפיקוח",שטראוס גרופ בעמ/מצונן,IL,סקי משפחתי 5%,גרמים,500.00,100 גרם,false,,9.40,0.0188,true,1,1341810
7290002824466,false,יוגורט דנונה ביו לבן 0% שומן 200 גרם,שטראוס גרופ בעמ/מצונן,IL,"דנונה ביו טבעי 0%, 200 גר",גרמים,200.00,100 גרם,false,,3.30,0.0165,true,1,1341811
7290002824640,false,"גבינת סקי 250 גרם 5% ""שטראוס"" -מוצר בפיקוח",שטראוס גרופ בעמ/מצונן,IL,סקי 5% 250 גרם,גרמים,250.00,100 גרם,false,,4.70,0.0188,true,1,1341812
7290002825722,false,כרוב אדום במיונז אחלה (500 גרם),שטראוס גרופ בעמ/מצונן,IL,כרוב אדום 500,גרמים,500.00,100 גרם,false,,13.90,0.0278,true,1,1341814
7290002827306,false,נקניקיות עוף ירושלים מחפוד 400 ג',עוף ירושלים שיווק בעמ,,נקניקיות עוף מהדרין,גרמים,400.00,100 גרם,false,,7.90,0.0198,true,1,1323364
7290002827320,false,נקניקיות מרגז קפוא גלאט הדר הבשר 400ג',עוף ירושלים שיווק בעמ,,נקניקיות עוף מרגז מה,גרמים,400.00,100 גרם,false,,19.90,0.0497,true,1,1515360
7290002827337,false,נקניקיות עוף פיקנטי חריף 400 מחפוד,עוף ירושלים שיווק בעמ,,נקניקיות עוף פיקנטי,גרמים,400.00,100 גרם,false,,7.90,0.0198,true,1,1323366
7290002830269,false,"לוקוס שלם טרי ק""ג",נטו,,דג לוקוס,קילוגרמים,1.00,"ק""ג",true,,120.00,120.0000,true,1,1328402
7290002830290,false,"ברבוניה שלם טרי ק""ג",נטו,,דגי ברבוניה,קילוגרמים,1.00,"ק""ג",true,,99.00,99.0000,true,1,1328403
7290002830948,false,גבינת עיזים מותכת 30% מון בלאן 120 גרם,סלס קרית מלאכי ישראל,IL,גבינת מון בלאן עיזים 120,גרמים,120.00,100 גרם,false,,9.90,0.0825,true,1,1329502
7290002842002,false,פתיתי שיבולת שועל קוואקר אנגלי מורנפלייק,ליימן שליסל בעמ,,קווקר שיבולת שועל.,גרמים,500.00,100 גרם,false,,9.90,0.0198,true,1,1363373
7290002842163,false,טונה לבנה יולה 185 ג,יו.אס.איי וליו קו,,טונה יולה,גרמים,185.00,100 גרם,false,,10.90,0.0589,true,1,1363374
7290002842293,false,סרדין מינרבה חריף 120 גרם,יו.אס.איי וליו קו,,סרדינים בשמן חריף,גרמים,120.00,100 גרם,false,,4.90,0.0408,true,1,1363375
7290002842309,false,סרדין מינרבה בשמן 120 גרם,יו.אס.איי וליו קו,,סרדינים בשמן חמניות,גרמים,120.00,100 גרם,false,,4.90,0.0408,true,1,1363376
7290002842415,false,פילה אנשובי אמיתי 50 גרם,יו.אס.איי וליו קו,,פילה אנשובי אמיתי,גרמים,50.00,100 גרם,false,,5.90,0.1180,true,1,1363378
7290002842682,false,סרדין מינרווה בשמן ז,,,סרדין מינרווה בשמן ז,גרמים,120.00,100 גרם,false,,5.90,0.0492,true,1,2168258
7290002862178,false,ממרח פסטו כוסברה 180גרם,,,ממרח כוסברה 180גרם מ,גרמים,180.00,100 גרם,false,,19.90,0.1106,true,1,2363980
7290002868996,false,"קוטג' 5% שומן, רכיבים טבעיים, 250 גרם",החברה המרכזית טלהפצת משקאות בע,IL,קוטג' 5% 250 גרם- נעמ,גרמים,250.00,100 גרם,false,,5.40,0.0216,true,1,1328500
7290002881018,false,מעדן תות שדה סאן מורנו 284 גרם,קריות זול,,מעדן תות-שדה 100% פר,גרמים,284.00,100 גרם,false,,12.90,0.0454,true,1,1339556
7290002881025,false,מעדן דובדבן חמוץ 100% 284 גרם,דוברומירוב,,מעדן דובדבן חמוץ 100,גרמים,284.00,100 גרם,false,,12.90,0.0454,true,1,1339557
7290002881032,false,מעדן אוכמניות כחולות 100% 284 גרם,קריות זול,,מעדן אוכמניות כחולות,גרמים,284.00,100 גרם,false,,12.90,0.0454,true,1,1339558
7290002881063,false,מעדן תפוז סן מורנו 2,קריות זול,,מעדן תפוז 100%פרי,גרמים,284.00,100 גרם,false,,12.90,0.0454,true,1,1339561
7290002881094,false,מעדן פטל 100% פרי ללא תוספת סוכר 284 גרם,קריות זול,,מעדן מיקס פטל 100%פר,גרמים,284.00,100 גרם,false,,12.90,0.0454,true,1,1339563
7290002881124,false,מעדן פרי שזיף 100% 284 גרם,,,מעדן שזיף 100% פרי,גרמים,284.00,100 גרם,false,,12.90,0.0454,true,1,1339564
7290002881209,false,רסק תפוחי עץ דיאט 700 ג' תומר,תומר יבוא ושיווק מוצרי מזון (1,,רסק תפוחי-עץ דיאט 72,גרמים,720.00,100 גרם,false,,9.90,0.0138,true,1,1339566
7290002881216,false,רסק תפוחי עץ לא ממותק תומר 700 גרם,תומר ייבוא ושיווק מוצרי מזון [,,רסק תפוחי-עץ בצנצנת,גרמים,700.00,100 גרם,false,,9.90,0.0141,true,1,1339567
7290002881261,false,"ליצ'י שלם 565 גרם ""תומר""",גיבונג אינדסקיאלס,,ליצי שלם,גרמים,567.00,100 גרם,false,,8.90,0.0157,true,1,2390717
7290002881407,false,נודלס אטריות ביצים דק תומר 400ג',תומר יבוא ושיווק מוצרי מזון (1,,נודלס דק 400 גרם.,גרמים,400.00,100 גרם,false,,6.90,0.0173,true,1,1339570
7290002881414,false,תומר-אטריות ביציםעבו,תומר יבוא ושיווק מוצרי מזון (1,,נודלס עבה-400 גרם.,גרמים,400.00,100 גרם,false,,6.90,0.0173,true,1,1339571
7290002881469,false,עגבניות מיובשות קצוצות עם זיתים ירוקים תומר 340 גרם,תומר יבוא ושיווק מוצרי מזון (1,,עגבניות מיובשות בשמן,גרמים,340.00,100 גרם,false,,12.90,0.0379,true,1,1339573
7290002881506,false,חמאת בוטנים תומר 510 ג',Niza s a,,חמאת בוטנים 500גרם,גרמים,510.00,100 גרם,false,,9.90,0.0194,true,1,1339574
7290002881513,false,חמאת בוטנים עם שברי בוטנים תמר 510 גר',Niza s a,,חמאת בוטנים עם שברי,גרמים,510.00,100 גרם,false,,9.90,0.0194,true,1,1339575
7290002881742,false,לבבות דקל פרוסות תומר 400 גרם,תומר ייבוא ושיווק מוצרי מזון [,,לבבות דקל פרוסות,גרמים,400.00,100 גרם,false,,9.90,0.0248,true,1,1339581
7290002881940,false,סרדינים מרוקאי בשמן חמניות 125ג' תומר,תומר ייבוא ושיווק מוצרי מזון [,,סרדין מרוקאי בשמן,גרמים,125.00,100 גרם,false,,5.90,0.0472,true,1,1339584
7290002881957,false,סרדינים מרוקאי חריף בשמן חמניות 125ג' תומר,תומר ייבוא ושיווק מוצרי מזון [,,סרדין מרוקאי חריף,גרמים,125.00,100 גרם,false,,5.90,0.0472,true,1,1339585
7290002881964,false,סרדינים מרוקאי ברוטב עגבניות 125ג' תומר,תומר ייבוא ושיווק מוצרי מזון [,,סרדין מרוקאי ברוטב ע,גרמים,125.00,100 גרם,false,,5.90,0.0472,true,1,1339586
7290002881988,false,סרדינים בשמן חמניות ולימון תומר 125 גרם,תומר ייבוא ושיווק מוצרי מזון [,,סרדין מרוקאי בשמן ול,גרמים,125.00,100 גרם,false,,5.90,0.0472,true,1,1339587
7290002900092,false,סטייק בורגר טירת צבי,הנסיך- מפעל לייצור ט,IL,סטייק בורגר 400 גר',גרמים,400.00,100 גרם,false,,19.90,0.0497,true,1,1340514
7290002900207,false,המבורגר אמיתי 100% 400 גרם-תנובה,הנסיך- מפעל לייצור ט,IL,המבורגר אמיתי 100% 400 גר,גרמים,400.00,100 גרם,false,,19.90,0.0497,true,1,1340518
7290002900214,false,קבב מזרחי טירת צבי 4,טיב טירת צבי 2000,IL,קבב מזרחי 450 גר',גרמים,450.00,100 גרם,false,,19.90,0.0442,true,1,1340519
7290002900313,false,פסטרמה ספרדית טירת צבי,תנובה קפואים,IL,פסטרמה בסגנון ספרדי טירת,קילוגרמים,1.00,"ק""ג",true,,85.00,85.0000,true,1,1340520
7290002900436,false,פסטרמה איטלקי מילנו משקל,טירת- צבי,IL,פסטרמה בסגנון איטלקי טירת,קילוגרמים,1.00,"ק""ג",true,,85.00,85.0000,true,1,1340521
7290002900566,false,פסטרמה ברביקיו דל שומן טירת צבי 400 גרם,הנסיך- מפעל לייצור ט,IL,"פסטרמה ברביקיו ד""ש 360 גר",גרמים,360.00,100 גרם,false,,26.90,0.0747,true,1,1340522
7290002904694,false,"טיטניום דאודורנט ספריי לגברים 150 מ""ל",החברה הדרומית לשיווק בעמ,IL,דאו.טיטניום תרסיס 180 מל,מיליליטרים,180.00,"100 מ""ל",false,,14.90,0.0828,true,1,1344436
7290002921165,false,"חלב לניקוי רהיטי עור הזלין יעקבי 400 מ""ל","יעקב יעקבי ובניו בע""מ",CH,הזלין ספרי,מיליליטרים,400.00,"100 מ""ל",false,,34.90,0.0872,true,1,1325551
7290002921226,false,"חלב לניקוי רהיטי עור יעקבי 250 מ""ל",יעקובי,CH,הזלין-קרם /בקבוק,גרמים,250.00,100 גרם,false,,24.90,0.0996,true,1,1325552
7290002921233,false,"קרבונה ניקוי יבש לכתמים שומניים 200 מ""ל",יעקב יעקבי ובניו בעמ,ES,קרבונה-ספריי,גרמים,170.00,100 גרם,false,,19.90,0.1171,true,1,1325553
7290002921240,false,"קרבונה שמפוזר לניקוי שטיחים וריפוד יעקבי 650 מ""ל",יעקב יעקבי ובניו בעמ,US,שמפוזר-קרבונה אדום,מיליליטרים,651.00,"100 מ""ל",false,,24.90,0.0382,true,1,1325554
7290002922117,false,מקלות קינמון וסוכר חום,הלל בן הלל שיווק ומסחר בעמ,,עוגיות אקלר פרמיום,גרמים,200.00,100 גרם,false,,22.90,0.1145,true,1,2229469
7290002925729,false,"גם וגם משחת שיניים כחול ומי פה בטעם פפרמינט 120 מ""ל",החברה הדרומית לשיווק בעמ,IL,גם וגם כחול,גרמים,120.00,100 גרם,false,,14.90,0.1242,true,1,1344437
7290002925798,false,"גם וגם משחת שיניים ירוק מי פה לייט 120 מ""ל",החברה הדרומית לשיווק בעמ,IL,"משחה +מי פה ירוק 120מ""ל",גרמים,120.00,100 גרם,false,,14.90,0.1242,true,1,1344438
7290002929734,false,"גפילטעפיש קציצות מדגי קרפיון וכסיף 560 גר' העד""ח",נטו מלינדה,,גפילטע פיש 560 בדצ,גרמים,560.00,100 גרם,false,,12.90,0.0230,true,1,1373454
7290002954187,false,אורז יסמין שוקחה (5 קג),בני ג`ורג` שוקחה (חיפה) בעמ,,"אורז יסמין 5 ק""ג שקי",קילוגרמים,5.00,"ק""ג",false,,39.90,7.9800,true,1,1360832
7290002954330,false,"תה גרבה תפ""ז 1 ק""ג",,,"תה תפזורת 1 ק""ג",קילוגרמים,1.00,"ק""ג",false,,34.90,34.9000,true,1,1360833
7290002954477,false,"אורז עגול אוסטרלי 5 ק""ג סנוואיט",בני ג'ורג' שוקחה חיפ,,"אורז עגול 5 ק""ג",קילוגרמים,5.00,"ק""ג",false,,42.90,8.5800,true,1,1360834
7290002970033,false,גביע דוריקו קטן 20 י,,,גביע דוריקו קטן 20 י,יח',20.00,יח',false,,14.90,0.7450,true,1,1362129
7290002970095,false,גביע דוריקו גדול 20,,,גביע דוריקו גדול 20,100 יח',20.00,100 יח',false,,25.90,1.2950,true,1,1362130
7290002970125,false,כפית מוכסף פסים 20 יחי',WWP,,כפית מוכסף פסים 20 י,100 יח',20.00,100 יח',false,,4.90,0.2450,true,1,1362131
7290002970132,false,כף מוכסף פסים 20 יחי,WWP,,כף מוכסף פסים 20 יחי,יח',20.00,יח',false,,4.90,0.2450,true,1,1362132
7290002970149,false,סכין מוכסף פסים 20 יח',WWP,,סכין מוכסף פסים 20 י,100 יח',20.00,100 יח',false,,4.90,0.2450,true,1,1362133
7290002970255,false,גביע כוכב קטן 24 יחי,,,גביע כוכב קטן 24 יחי,100 יח',24.00,100 יח',false,,18.90,0.7875,true,1,1362134
7290002970606,false,מזלגות יוקרתיים איכותיים,תבניכל,,מזלג יוקרתי שקוף 50,100 יח',50.00,100 יח',false,,13.90,0.2780,true,1,1362145
7290002970613,false,סכין צבעוני איכותי 50 יח,תבניכל,,כף יוקרתי שקופ 50 יח,יחידה,0.00,יחידה,false,,13.90,0.0000,true,1,1362146
7290002970620,false,כפות צבעוני איכותי 50 יח,תבניכל,,כף יוקרתי שקוף 50 יח,יח',50.00,יח',false,,13.90,0.2780,true,1,1362147
7290002970736,false,כפיות צבעוני איכותי50יח,תבניכל,,כפית יוקרתי שקוף 50,100 יח',50.00,100 יח',false,,9.90,0.1980,true,1,1362148
7290002970811,false,מזלג הגשה מוכסף,,,מזלג הגשה מוכסף,יחידה,0.00,יחידה,false,,2.90,0.0000,true,1,1362151
7290002970828,false,מזלג מוכסף פסים 20 יחידות,WWP,,מזלג מוכסף פסים 20 י,100 יח',20.00,100 יח',false,,4.90,0.2450,true,1,1362152
7290002970873,false,כוסות ליקר כסף 24 יחידות,,,גביעי ליקר מוכספים 2,יח',24.00,יח',false,,23.90,0.9958,true,1,1362155
7290002970941,false,כוס בויטק מיני ענתיק,,,כוס בויטק מיני ענתיק,100 יח',20.00,100 יח',false,,17.90,0.8950,true,1,1362156
7290002971016,false,"שטיבל סולת חיטה 1 ק""ג","שטיבל בע""מ",,"סולת 1 ק""ג.",קילוגרמים,1.00,"ק""ג",false,,4.50,4.5000,true,1,1345069
7290002971092,false,שטיבל.6קמח מלא שטיבל,שטיבל טחנות קמח,IL,"קמח מלא שטיבל 1-6 ק""ג",קילוגרמים,1.00,"ק""ג",false,,7.90,7.9000,true,1,1345071
7290002971146,false,קמח שטיבל פיצה ופוקצ,שטיבל טחנות קמח,IL,קמח פיצה ופו. - ש.15,גרמים,1000.00,100 גרם,false,,7.90,0.0079,true,1,1345072
7290002971153,false,קמח חלה מס 18 שטיבל,שטיבל טחנות קמח,IL,קמח חלה 1 קג שטיבל,קילוגרמים,1.00,"ק""ג",false,,7.90,7.9000,true,1,1345073
7290002971207,false,קמח רב תכליתי מס 1 שטיבל 1 קג,שטיבל טחנות קמח,IL,רב תכליתי 1 קג-שטיבל,קילוגרמים,1.00,"ק""ג",false,,7.90,7.9000,true,1,1345075
7290002971214,false,"קמח לחם מעושר מס 2 1 ק""ג",מיוצר עי קונדיטוריית,IL,קמח לחם 1 קג שטיבל,קילוגרמים,1.00,"ק""ג",false,,7.90,7.9000,true,1,1345076
7290002971252,false,קמח -9 פסטה שטיבל.,שטיבל טחנות קמח,IL,קמח פסטה קג שטיבל,גרמים,1000.00,100 גרם,false,,13.90,0.0139,true,1,1345080
7290003006021,false,סלט קוביות בולגרי25%משקל,גבינות אמיר ניצן בעמ,,קוביות גבינת פטה לסל,קילוגרמים,1.00,"ק""ג",true,,69.00,69.0000,true,1,2387299
7290003006120,false,פינצ'וס פלפלונים+גב.משקל,גבינות אמיר ניצן בעמ,,טאפאס גבינות,קילוגרמים,1.00,"ק""ג",true,,149.00,149.0000,true,1,2231079
7290003009183,false,סירופ דיאט 750 מל בטעם תפוחים פריגת,החברה המרכזית להפצת משקאות בעמ,IL,סירופ דיאט תפוחים 750,מיליליטרים,750.00,"100 מ""ל",false,,22.90,0.0305,true,1,1335035
7290003009312,false,בוטן קלוי 200 גרם שקית קליית גת,הדקלאים אגודת שיתופי,,בוטן קלוי בשקית,גרמים,200.00,100 גרם,false,,7.90,0.0395,true,1,1326293
7290003009329,false,בוטנים אמריקאיים קליית גת (200 גרם),הדקלאים אגודת שיתופי,,בוטן אמריקאי.,גרמים,200.00,100 גרם,false,,5.90,0.0295,true,1,1326294
7290003009336,false,קבוקים קליית גת (200 גרם),הדקלאים אגודת שיתופי,,קבוקים בשקית.,גרמים,200.00,100 גרם,false,,5.90,0.0295,true,1,1326295
7290003009596,false,סירופ דיאט אשכוליות 750 מל פיקדון,החברה המרכזית להפצת משקאות בעמ,IL,סירופ דיאט אשכולית 750,מיליליטרים,750.00,"100 מ""ל",false,,22.90,0.0305,true,1,1335038
7290003009640,false,מיץ תפוזים סחוט רכיבים טבעיים פריגת 1 ליטר,החברה המרכזית טלהפצת משקאות בע,IL,סחוט תפוז1 ליטר,ליטרים,1.00,ליטר,false,,15.90,15.9000,true,1,1328501
7290003015627,false,"נוזל רצפות אפרסק 2 ליטר ""ריצפז פרש""",החברה הדרומית לשיווק בעמ,IL,סנו ריצפז פרש אפרסק2ליטר,ליטרים,2.00,ליטר,false,,17.90,8.9500,true,1,1319688
7290003015641,false,"נוזל רצפות יסמין 2 ליטר ""ריצפז פרש""",החברה הדרומית לשיווק בעמ,IL,סנו ריצפז פרש יסמין2ליטר,ליטרים,2.00,ליטר,false,,17.90,8.9500,true,1,1319690
7290003015672,false,סנו סופט מפיות צבעוניות חלקות 50 יחידות,סנו סופט,IL,מפיות אירוח סנו סושי50יח,יח',50.00,יח',false,,7.90,0.1580,true,1,1319691
7290003023196,false,"משקה יטבתה מוקה שקית 225 מ""ל",שטראוס גרופ בעמ (ח),,שקית שוקו מוקה יטבתה,מיליליטרים,225.00,"100 מ""ל",false,,2.60,0.0116,true,1,1341817
7290003026029,false,"ד""ר פישר - קמיל בלו סנסיטיב שמפו אלדמע 500 מ""ל","פישר תעשיות פרמצביטות בע""מ",IL,קמיל בלו סנסיטיב אל דמע 5,מיליליטרים,500.00,"100 מ""ל",false,,17.90,0.0358,true,1,1351787
7290003026036,false,"ד""ר פישר - קמיל בלו סנסיטיב אל סבון עדין לתינוק 1 ליטר","פישר תעשיות פרמצביטות בע""מ",IL,קמיל בלו סנסיטיב אל סבון,ליטרים,1.00,ליטר,false,,24.90,24.9000,true,1,1351788
7290003026197,false,"קמיל בלו סנסטיב שמן טיפולי ד""ר פישר 500 מ""ל","פישר תעשיות פרמצביטות בע""מ",IL,קמיל בלו סנסיטיב שמן טיפו,מיליליטרים,500.00,"100 מ""ל",false,,19.90,0.0398,true,1,1351789
7290003026227,false,"קמיל בלו שמפו לתינוק סנסיטיב אל דמע ד""ר פישר 1 ליטר","פישר תעשיות פרמצביטות בע""מ",IL,קמיל בלו סנסיטיב אל דמע ל,ליטרים,1.00,ליטר,false,,24.90,24.9000,true,1,1351790
7290003026234,false,"ד""ר פישר - קמיל בלו תחליב לתינוק 500 מ""ל","פישר תעשיות פרמצבטיות בע""מ",IL,קמיל בלו סנסיטיב תחליב לת,מיליליטרים,500.00,"100 מ""ל",false,,19.90,0.0398,true,1,1351791
7290003026319,false,"קמיל בלו משחת החתלה לתינוק ד""ר פישר 120 גרם","פישר תעשיות פרמצביטות בע""מ",IL,קמיל בלו סנסיטיב משחה לתי,גרמים,120.00,100 גרם,false,,14.90,0.1242,true,1,1351792
7290003026401,false,פדיסול קרם טיפולי למ,"ד""ר פישר Dr fischer",IL,פדיסול קרם שפשפת,מיליליטרים,100.00,"100 מ""ל",false,,22.90,0.2290,true,1,1351793
7290003029181,false,משקה יטבתה שוקו' בקבוק 1ל מהדרין,שטראוס גרופ בעמ/מצונן,IL,שוקו 1 ל בקבוק מהדרין,ליטרים,1.00,ליטר,false,,10.90,10.9000,true,1,1341820
7290003029389,false,"משקה חלב בננה פקק ספורט 250 מ""ל יוטבתה",שטראוס גרופ בעמ/מצונן,IL,"בננה פקק 250 מ""ל מהדרין",מיליליטרים,250.00,"100 מ""ל",false,,4.90,0.0196,true,1,1341823
7290003029433,false,"משקה יטבתה שוקו פקק 250 מ""ל מהדרין",שטראוס גרופ בעמ/מצונן,IL,שוקו פקק 250 מל מהדר,מיליליטרים,250.00,"100 מ""ל",false,,5.50,0.0220,true,1,1341825
7290003029532,false,מוקה בבקבוק יטבתה 1 ליטר מהדרין,שטראוס גרופ בעמ/מצונן,IL,מוקה בקבוק 1 ליטר מהדרין,ליטרים,1.00,ליטר,false,,10.90,10.9000,true,1,1341827
7290003029617,false,יטבתה שמנת מנה אישית 15% 125מל,שטראוס גרופ בעמ/מצונן,IL,שמנת מנה אישית 100 גרם- מ,גרמים,100.00,100 גרם,false,,1.90,0.0190,true,1,1341828
7290003029792,false,"משקה יטבתה שוקו שקיות מהדרין מארז 225X8מ""ל",שטראוס גרופ בעמ/מצונן,IL,מארז 8 שקיות שוקו- מהדרין,מיליליטרים,1800.00,"100 מ""ל",false,,18.90,0.0105,true,1,1341829
7290003029815,false,כד חלב 3% יטבתה 2 ליטר מהדרין,שטראוס גרופ בעמ/מצונן,IL,כד 2 ליטר חלב 3%- מהדרין,ליטרים,2.00,ליטר,false,,13.90,6.9500,true,1,1341830
7290003029884,false,"מוקה בשקית יטבתה 225 מ""ל מארז 6 יחידות",שטראוס גרופ בעמ (ח),IL,מארז 6 שקיות מוקה (חדש) מ,מיליליטרים,1350.00,"100 מ""ל",false,,14.90,0.0110,true,1,1341831
7290003029907,false,משקה חלב אייס קפה 2% יטבתה (1 ליטר,שטראוס גרופ בעמ/מצונן,IL,אייס קפה 1 ליטר יטבתה מהד,ליטרים,1.00,ליטר,false,,10.90,10.9000,true,1,1341832
7290003031702,false,"נקניקיות הודו מחפוד וואקום 1 ק""ג טירת צבי",תנובה מרכז שיתופי לשיווק תוצרת,,"נקניקיות הודו 1 ק""ג",קילוגרמים,1.00,"ק""ג",false,,32.90,32.9000,true,1,1340523
7290003031740,false,טירתצבי פסטרמה בדבש קופ. מחפוד 400ג,טיב טירת צבי 2000,,פסטרמה בדבש 400 גרם,גרמים,400.00,100 גרם,false,,34.90,0.0872,true,1,1340526
7290003031757,false,פסטרמה הודו בפפריקה מחפוד טירת צבי 400 גרם,תנובה מרכז שיתופי לשיווק תוצרת,,פסטרמה בפפריקה 400 ג,גרמים,400.00,100 גרם,false,,34.90,0.0872,true,1,1340527
7290003031788,false,צמד כפרי סלמי+פסטרמה טירת צבי 400X2ג' מחפוד,תנובה מרכז שיתופי לשיווק תוצרת,,פסטרמה 400+400 מחפוד,גרמים,800.00,100 גרם,false,,34.90,0.0436,true,1,1340528
7290003031849,false,"פסטרמה כפרית דבש וברביקיו צמד ט.צבי 300X2ג' בד""ץ",טיב טירת צבי 2000,,צמד כפרית ברביקיו וד,גרמים,600.00,100 גרם,false,,34.90,0.0582,true,1,1376130
7290003047642,false,תה שחור יילו לייבל 100*1.5 ג' שקיק ליפטון,"יוניליוור ישראלשיווק בע""מ",IN,ליפטון תה שחור 1.5 גר,גרמים,150.00,100 גרם,false,,14.90,0.0993,true,1,1341201
7290003054176,false,מסטמכר לחם שיפון עם מסלי 500ג,מרום את קונפינו,,לחם שיפון מיזלי 500,גרמים,500.00,100 גרם,false,,12.90,0.0258,true,1,1306777
7290003054183,false,מסטמכר לחם שיפון מלא 500ג,דיפלומט מפיצים (1968) בעמ**,,לחם שיפון מלא 500 גר,גרמים,500.00,100 גרם,false,,12.90,0.0258,true,1,1306778
7290003054190,false,מסטמכר לחם שיפון עם שלושה דגנים 500ג,מרום את קונפינו,,לחם שיפון דגנים 500,גרמים,500.00,100 גרם,false,,12.90,0.0258,true,1,1306779
7290003054213,false,מסטמכר לחם שיפון כפרי 500ג,דיפלומט מפיצים (1968) בעמ**,,לחם שיפון כפרי 500 ג,גרמים,500.00,100 גרם,false,,12.90,0.0258,true,1,1306781
7290003054220,false,מסטמכר לחם שיפון פומפרניקל 500ג,דיפלומט מפיצים (1968) בעמ**,,לחם שיפון 500 גרם.,גרמים,500.00,100 גרם,false,,12.90,0.0258,true,1,1306782
7290003054657,false,חרדל ריין דיז'ון אקסטרה פורטה 370 גרם,דיפלומט מפיצים (1968) בעמ**,,חרדל דיזון 370 גרם,גרמים,370.00,100 גרם,false,,10.90,0.0295,true,1,1306783
7290003060009,false,"קמח חיטה לבן בהיר טחנות ישראליות 1 ק""ג",טחנות ישראליות,IL,קמח חיטה לבן בהיר,קילוגרמים,1.00,"ק""ג",false,,4.30,4.3000,true,1,1339475
7290003060023,false,"סולת חיטה 1 ק""ג מטחנות ישראליות",טחנות ישראליות,IL,סולת חיטה,קילוגרמים,1.00,"ק""ג",false,,4.30,4.3000,true,1,1339477
7290003060047,false,קמח תופח בשקיות טחנות ישראליות,טחנות ישראליות,IL,קמח תופח,קילוגרמים,1.00,"ק""ג",false,,4.90,4.9000,true,1,1339479
7290003060085,false,קמח ישראלי ללחם וחלות טחנות ישראליות,טחנות ישראליות,IL,קמח חיטה לאפיית לחמים וחל,קילוגרמים,1.00,"ק""ג",false,,4.90,4.9000,true,1,1339482
7290003060276,false,"קמח בהיר מועשר טחנות ישראליות 1 ק""ג",,,קמח לבן מנופה 1 קג,קילוגרמים,1.00,"ק""ג",false,,6.90,6.9000,true,1,1786368
7290003060283,false,"קמח תופח מועשר טחנות ישראליות 1 ק""ג",,,קמח מנופה תופח 1 קג,קילוגרמים,1.00,"ק""ג",false,,7.90,7.9000,true,1,1786369
7290003060290,false,"קמח מלא מועשר טחנות ישראליות 1 ק""ג",,,קמח מלא מנופה 1 קג,קילוגרמים,1.00,"ק""ג",false,,7.90,7.9000,true,1,1786370
7290003060313,false,"קמח כוסמין מועשר טחנות ישראליות 1 ק""ג",,,קמח כוסמין מנופה 1 ק,קילוגרמים,1.00,"ק""ג",false,,12.90,12.9000,true,1,1786372
7290003060320,false,"קמח ללחם וחלות מועשר טחנות ישראליות 1 ק""ג",,,קמח ללחם וחלות מנופה,קילוגרמים,1.00,"ק""ג",false,,7.90,7.9000,true,1,1821003
7290003060344,false,"קמח לפיצה תופח טחנות ישראליות 1 ק""ג",,,קמח לפיצה בשקיות מנו,קילוגרמים,1.00,"ק""ג",false,,6.90,6.9000,true,1,1912314
7290003060351,false,"קמח מלא 80% מנופה טחנות ישראליות 1 ק""ג",,,קמח מלא 80% מנופה,קילוגרמים,1.00,"ק""ג",false,,6.90,6.9000,true,1,1912315
7290003066070,false,סברינה ר.כ. עוגיות ה,,,עוגת סברינה.,יחידה,0.00,יחידה,false,,15.90,0.0000,true,1,1411940
7290003070008,false,טחינה זהב 500 גרם,קראוון,,טחינה זהב 500 גרם,גרמים,500.00,100 גרם,false,,12.90,0.0258,true,1,1339548
7290003070015,false,"טחינה זהב 1 ק""ג",,,"טחינה זהב 1 ק""ג",גרמים,1000.00,100 גרם,false,,24.90,0.0249,true,1,1339549
7290003070039,false,חלבה וניל,,,חלבה וניל,גרמים,500.00,100 גרם,false,,14.90,0.0298,true,1,2336896
7290003072200,false,פסטרמה בסגנון מקסיקני,טירת צבי,,נקניק פסטרמה בסגנון,קילוגרמים,1.00,"ק""ג",true,,85.00,85.0000,true,1,1488838
7290003072804,false,פסטרמה של פעם עם 200 גר` טירת צבי,טיב טירת צבי 2000,,פסטרמה של פעם 200 גר,גרמים,200.00,100 גרם,false,,19.90,0.0995,true,1,2278084
7290003072828,false,נקנקיות פרנקפורטר 320 גר` טירת צבי,טיב טירת צבי 2000,,נקניקיות פרנקפורטר 3,גרמים,320.00,100 גרם,false,,19.90,0.0622,true,1,2278557
7290003072835,false,נקניקיות קנאקוורסט טירת צבי 320 גרם,טיב טירת צבי 2000,,נקניקיות קנאקוורסט,גרמים,320.00,100 גרם,false,,19.90,0.0622,true,1,2278558
7290003072859,false,רוסטביף טירת צבי 120 גרם,הנסיך- מפעל לייצור ט,,רוסטביף ארוז 120 גרם,גרמים,120.00,100 גרם,false,,29.90,0.2492,true,1,2285695
7290003072965,false,קבנוס חריף מעושן טירת צבי 120 גרם,טיב טירת צבי 2000,,חטיפי קבנוס חריף מעו,גרמים,120.00,100 גרם,false,,12.90,0.1075,true,1,2332230
7290003072972,false,קבנוס בתיבול מעושן טירת צבי 120 גרם,טיב טירת צבי 2000,,חטיפי קבנוס בתיבול ש,גרמים,120.00,100 גרם,false,,12.90,0.1075,true,1,2332231
7290003078042,false,פרג אריסה חריפה 50ג,תבליני הדור השלישי,,אריסה,גרמים,250.00,100 גרם,false,,14.90,0.0596,true,1,1334503
7290003078066,false,שום כתוש פרג 250 גרם,תבליני הדור השלישי,,שום כתוש,גרמים,250.00,100 גרם,false,,14.90,0.0596,true,1,1334504
7290003078318,false,כוסברה ירוקה]פרג[,תבליני הדור השלישי,,עלי פטרוזיליה,גרמים,20.00,100 גרם,false,,13.90,0.6950,true,1,1334507
7290003078516,false,פלפל צומה פרג 250 גר,תבליני הדור השלישי,,פלפל צ'ומה,גרמים,250.00,100 גרם,false,,14.90,0.0596,true,1,1334508
7290003078608,false,פפריקה חריפה בשמן 120 גרם,תבליני הדור השלישי,,פפריקה חריפה בשמן,גרמים,120.00,100 גרם,false,,13.90,0.1158,true,1,1334511
7290003078639,false,פפריקה מתוקה בשמן פר,תבליני הדור השלישי,,פפריקה מתוקה בשמן,גרמים,500.00,100 גרם,false,,29.90,0.0598,true,1,2414335
7290003078721,false,פרג סחוג תימני אדום 250גר,תבליני הדור השלישי,,סחוג,גרמים,250.00,100 גרם,false,,14.90,0.0596,true,1,2414336
7290003078738,false,לימון בלאדי ק 250 גרם,תבליני הדור השלישי,,לימון בלאדי,גרמים,250.00,100 גרם,false,,14.90,0.0596,true,1,1334514
7290003102068,false,צימרוני אוזניים מעץ 100 יח',אינטרסן (1996) בעמ,,צימרוני אוזניים 100,יח',100.00,יח',false,,1.50,0.0150,true,1,1322118
7290003102136,false,צמר גפן COTTON SOFT רפואי 100 גר' 3102136,הדקלאים אגודת שיתופי,,צמר גפן 100 גר',גרמים,100.00,100 גרם,false,,4.50,0.0450,true,1,1322119
7290003102280,false,צמרוני אוזניים עם שסתום טוליפס) (55,אינטרסן (1996) בעמ,,צימרונים לתינוק,יח',55.00,יח',false,,3.50,0.0636,true,1,1322121
7290003102587,false,מברשת לבקבוק+מברשת ל,אינטרסן (1996) בעמ,,מברשת לבקבוק,יחידה,0.00,יחידה,false,,4.90,0.0000,true,1,1322123
7290003102891,false,שקיות צליה הוסטס בקופסה 10יח',אינטרסן (1996) בעמ,,שקיות צליה הוסטס 10,יח',10.00,יח',false,,4.90,0.4900,true,1,1322127
7290003102976,false,צימרוני אוזניים פלסטיק בקופסה 200 יחידות,הדקלאים אגודת שיתופי,,צמרוני אוזנים קופסא,יח',200.00,יח',false,,3.90,0.0195,true,1,1322129
7290003126712,false,יוגורט עיזים מחלב מלא 3.7% משק צוריאל 150 גרם,החברה המרכזית טלהפצת משקאות בע,IL,"יוגורט עיזים בגביע-140 מ""",גרמים,150.00,100 גרם,false,,5.90,0.0393,true,1,1328505
7290003127023,false,שקיות אוכל בקופסא זו,,,שקיות אוכל בקופסא זו,יח',300.00,יח',false,,9.90,0.0330,true,1,1354024
7290003127429,false,שקיות אשפה 52/65 שרו,,,שקיות אשפה 52/65 שרו,יח',100.00,יח',false,,19.90,0.1990,true,1,1354026
7290003127436,false,שקיות בגליל 75/90 50,,,שקיות בגליל 75/90 50,יח',50.00,יח',false,,19.90,0.3980,true,1,1354027
7290003127467,false,שקיות אשפה 75/90 שרו,,,שקיות אשפה 75/90 שרו,יח',20.00,יח',false,,19.90,0.9950,true,1,1354028
7290003127559,false,"מפה חגיגית 24 מ""ר פר",,,"מפה חגיגית 24 מ""ר פר","מ""ר",24.00,"מ""ר",false,,14.90,0.6208,true,1,1354029
7290003127771,false,מפה 45 מטר בגליל שקו,,,מפה 45 מטר בגליל שקו,"מ""ר",45.00,"מ""ר",false,,39.90,0.8867,true,1,1354031
7290003127788,false,שקיות אשפה 52/65 שרו,,,שקיות אשפה 52/65 שרו,יח',60.00,יח',false,,19.90,0.3317,true,1,1354032
7290003127993,false,שקיות סנדוויץ נקשרות,,,שקיות סנדוויץ נקשרות,יח',100.00,יח',false,,7.90,0.0790,true,1,1354034
7290003130399,false,מברשת שיניים לילדים שלב 2 אקווה פרש.,גלקסו סמית קליין,IN,אקוה פרש מברשת חיות,יח',1.00,יח',false,,9.90,9.9000,true,1,1346436
7290003140237,false,סילאן בבקבוק לחיץ קליית גת (360 גרם),ליימן שליסל בעמ,,סילאן לחיץ 350 גרם,גרמים,350.00,100 גרם,false,,9.90,0.0283,true,1,1326301
7290003141159,false,יוגטה מרשמלו ממתק מוקצף בטעמי תות שדה ווניל 180 גרם,ליימן שליסל בעמ,,מרשמלו יוגטה,גרמים,180.00,100 גרם,false,,6.90,0.0383,true,1,1326303
7290003142422,false,גרעיני חמניה בשקית ללא מלח קליית גת 180 גרם,ליימן שליסל בעמ,IL,גרעיני חמניה בשקית ללא מל,גרמים,180.00,100 גרם,false,,5.90,0.0328,true,1,1326313
7290003142477,false,ערמונים קלופים קלויים קלית גת.,הדקלאים אגודת שיתופי,IL,ערמונים קלופים וקלויים 10,גרמים,100.00,100 גרם,false,,5.90,0.0590,true,1,1326314
7290003143139,false,סילאן תמרים קלית גת 900 ג',ליימן שליסל בעמ,,סילאן 900 גרם,גרמים,900.00,100 גרם,false,,12.90,0.0143,true,1,1827501
7290003143146,false,ממרח תמרים קליית גת (450 גרם),הדקלאים אגודת שיתופי,,ממרח תמרים 450 גרם,גרמים,450.00,100 גרם,false,,4.90,0.0109,true,1,1326320
7290003143276,false,יוגטה מרשמלו ממתק מוקצף בטעם תות שדה 180 גרם,תות ממתקי איכות,,מרשמלו יוגטה,גרמים,180.00,100 גרם,false,,6.90,0.0383,true,1,1326329
7290003144419,false,סילאן טבעי קליית גת (710 גרם),ליימן שליסל בעמ,,סילאן 710 גרם טבעי,גרמים,710.00,100 גרם,false,,19.90,0.0280,true,1,1827502
7290003145751,false,אגוזי קשיו קלויים קליית גת (200 גרם),הדקלאים אגודת שיתופי,,קשיו קלוי בשקית,גרמים,200.00,100 גרם,false,,15.90,0.0795,true,1,1326351
7290003189045,false,צהובה הולנדית מחיר לפי מ,צי תעשיות מזון יבנה,,בסיגנון גבינה הולנדי,קילוגרמים,1.00,"ק""ג",true,,33.00,33.0000,true,1,1326714
7290003189076,false,פיצרלה הצהובה הטובה מגורדת 22% כפיר 500 גרם,צי תעשיות מזון יבנה,,פיצרלה 500גר.,גרמים,500.00,100 גרם,false,,19.90,0.0398,true,1,1326716
7290003189144,false,"גבינה הולנדית 22% שומן 1 ק""ג כפיר",צי תעשיות מזון יבנה,,הולנדית בסיגנון גבינ,קילוגרמים,1.00,"ק""ג",false,,29.90,29.9000,true,1,1326718
7290003189199,false,צהובה טובה חריפה במש,צי תעשיות מזון יבנה,,בסיגנון גבינה חריפה.,קילוגרמים,1.00,"ק""ג",true,,35.00,35.0000,true,1,1326721
7290003189205,false,הצהובה הטובה לייט קלאסית 9% כפיר 200 גרם,כפיר,,הצהובה הטובה 9% קלאס,גרמים,200.00,100 גרם,false,,11.90,0.0595,true,1,1326722
7290003189267,false,הצהובה הטובה לייט קלאסית 5% כפיר 200 גרם,צי תעשיות מזון יבנה,,צהובה טובה 5% קלאסית,גרמים,200.00,100 גרם,false,,13.90,0.0695,true,1,1326726
7290003189274,false,בנוסח מעושנת גליל26%משקל,צי תעשיות מזון יבנה,,מעושנת בסיגנון גבינה,קילוגרמים,1.00,"ק""ג",true,,35.00,35.0000,true,1,1326727
7290003189571,false,הצהובה הטובה שום שמיר 5% כפיר 200 גרם,כפיר,,צהובה טובה 5% שום שמ,גרמים,200.00,100 גרם,false,,13.90,0.0695,true,1,1326735
7290003208128,false,"גודופרדו קאווה חצי יבשה 750 מ""ל",סלור,,יין נתזים לבן חצי יב,מיליליטרים,750.00,"100 מ""ל",false,,31.90,0.0425,true,1,1866529
7290003208135,false,קאווה גודופרדו יבש 7,אקרמן,,יין נתזים לבן יבש,מיליליטרים,750.00,"100 מ""ל",false,,31.90,0.0425,true,1,1866530
7290003208531,false,וויסקי קינג רוברט 70,,,וויסקי קינג רוברט,מיליליטרים,700.00,"100 מ""ל",false,,69.90,0.0999,true,1,1866495
7290003208586,false,"וורמוט מרטיני לבן 750 מ""ל",מרטיני ורוסי,,מרטיני ביאנקו.,מיליליטרים,750.00,"100 מ""ל",false,,44.90,0.0599,true,1,1866496
7290003208593,false,"וורמוט מרטיני לבן יבש 750 מ""ל",מרטיני ורוסי,,מרטיני דריי.,מיליליטרים,750.00,"100 מ""ל",false,,44.90,0.0599,true,1,1866497
7290003208609,false,"וורמוט מרטיני אדום מתוק 750 מ""ל",מרטיני ורוסי,,מרטיני רוסו.,מיליליטרים,750.00,"100 מ""ל",false,,44.90,0.0599,true,1,1866498
7290003212965,false,עוגיות רוגלך הזהב במארז 400 גר',ר.כ עוגיות הזהב,,מאפה שמרים 400 גר',גרמים,400.00,100 גרם,false,,9.90,0.0248,true,1,1363979
7290003219766,false,טורבול סופג לחות יעקבי,יעקובי,,מילוי לספוג לחות 3 י,יחידה,0.00,יחידה,false,,32.90,0.0000,true,1,2322755
7290003220595,false,"ווק אורז לסושי 1 ק""ג WOK","מיה תעשיות מזון בע""מ",IL,"ווק אורז לסושי 1ק""ג",קילוגרמים,1.00,"ק""ג",false,,10.90,10.9000,true,1,1336955
7290003220724,false,מקלות לסושי צ'ופסטיק יח,קוסומאי במבוק,,מקלות סושי WOK,יחידה,0.00,יחידה,false,,5.90,0.0000,true,1,1336961
7290003220830,false,"WOK חומץ אורז יסמין 500 מ""ל",דיאמונד פריזרוד פודס,TH,"ווק חומץ אורז יסמין 500מ""",מיליליטרים,500.00,"מ""ל",false,,14.90,0.0298,true,1,1336969
7290003220878,false,"WOK רוטב מירין לתיבול 500 מ""ל",דיאמונד פריזרוד פודס,TH,ווק רוטב מירין לתיבול 500,מיליליטרים,500.00,"מ""ל",false,,19.90,0.0398,true,1,1336970
7290003222049,false,פיתה ביס מקמח מלא50*12גר,מאפיית המכבים,,מארז 12 פיתות ביס מק,גרמים,600.00,100 גרם,false,,10.90,0.0182,true,1,1334697
7290003222070,false,פיתות חומרים טבעי100*13ג,מאפיית המכבים,,מארז פיתות 13 יח,גרמים,1360.00,100 גרם,false,,9.90,0.0073,true,1,1334698
7290003222568,false,פיתה המכבים 100 גרם 5 יח',פיתות מכבים י.מ. בעמ,,מארז 5 פיתות.,גרמים,500.00,100 גרם,false,,4.90,0.0098,true,1,1334702
7290003222742,false,פיתה תימנית 10 יחידות,מאפיית המכבים,,מארז 10 פיתות תמניות,גרמים,1000.00,100 גרם,false,,10.90,0.0109,true,1,1334703
7290003222780,false,פיתות מקמח מלא מאפיית המכבים 5 יחידות,מאפיית המכבים,,מארז 5 פיתות כפריות,גרמים,500.00,100 גרם,false,,4.90,0.0098,true,1,1334704
7290003227402,false,מידנייט תחליב גוף 275 מל,חלאבין,,קרם גוף מידנייט,מיליליטרים,275.00,"100 מ""ל",false,,29.90,0.1087,true,1,1327717
7290003227822,false,חלאבלין SPORTS דאודורנט קרם לבית השחי,תעשיות שיק,,דאודורנט קרם חלאבלין,יחידה,0.00,יחידה,false,,39.90,0.0000,true,1,1327718
7290003227990,false,"חלאבילין קרם דאודורנט לאישה, 10 ג'",תעשיות שיק,,חלאבלין לאישה,גרמים,10.00,100 גרם,false,,39.90,3.9900,true,1,1327719
7290003229109,false,פסטרמה הודו בפפריקה טירת צבי (400 גרם),תנובה מרכז שיתופי לשיווק תוצרת,IL,פסטרמה בפפריקה 400 גרם טי,גרמים,400.00,100 גרם,false,,26.90,0.0672,true,1,1340533
7290003229116,false,פסטרמה הודו בדבש שומן טירת צבי 400 גרם,תנובה מרכז שיתופי לשיווק תוצרת,IL,פסטרמה בדבש 400 גרם טירת,גרמים,400.00,100 גרם,false,,26.90,0.0672,true,1,1340534
7290003229123,false,פסטרמה הודו על גחלים 2% טירת צבי 400 גרם,תנובה מרכז שיתופי לשיווק תוצרת,IL,פסטרמה גחלים 400 גרם טיר,גרמים,400.00,100 גרם,false,,26.90,0.0672,true,1,1340535
7290003229147,false,נקניק סלמי איטלקי מעושן טירת צבי 300 גרם,תנובה מרכז שיתופי לשיווק תוצרת,IL,סלמי בסגנון איטלקי 300 גר,גרמים,300.00,100 גרם,false,,24.90,0.0830,true,1,1340536
7290003229154,false,נקניק סלמי קוניאק טירת צבי 300 גרם,תנובה מרכז שיתופי לשיווק תוצרת,IL,סלמי קוניאק 300 גרם טירת,גרמים,300.00,100 גרם,false,,24.90,0.0830,true,1,1340537
7290003229192,false,נקניק כתף בקר מעושן 2% טירת צבי 400 גרם,תנובה מרכז שיתופי לשיווק תוצרת,IL,כתף בקר מעושן 400 גרם טיר,גרמים,400.00,100 גרם,false,,34.90,0.0872,true,1,1340539
7290003229208,false,פסטרמה ספרדית 2% טירת צבי 360 גרם,תנובה מרכז שיתופי לשיווק תוצרת,IL,פסטרמה בסגנון ספרדי 360 ג,גרמים,360.00,100 גרם,false,,26.90,0.0747,true,1,1340540
7290003229215,false,פסטרמה איטלקית 3.5% טירת צבי 360 גרם,תנובה מרכז שיתופי לשיווק תוצרת,IL,פסטרמה בסגנון איטלקי 360,גרמים,360.00,100 גרם,false,,26.90,0.0747,true,1,1340541
7290003229222,false,נקניק סלמי תה טירת צבי 300 גרם,תנובה מרכז שיתופי לשיווק תוצרת,IL,סלמי תה 300 גר' טירת צבי,גרמים,300.00,100 גרם,false,,22.90,0.0763,true,1,1340542
7290003251070,false,שעווה טבעית למיקרו שוורץ 500גר,ש.שוורץ,IL,ש.טבעית דבש לגוף 500 מיקר,גרמים,500.00,100 גרם,false,,9.90,0.0198,true,1,1328020
7290003251087,false,שעווה טבעית לפנים שוורץ בגוש 100גר,שוורץ,IL,"שעווה גוש לפנים 100 סמ""ק",גרמים,100.00,100 גרם,false,,8.90,0.0890,true,1,1328021
7290003251148,false,נייר שעווה 50 דפים,ש.שוורץ,IL,נייר שעווה רגיל 50 דף,יח',50.00,יח',false,,10.90,0.2180,true,1,1328022
7290003251186,false,"מסיר לק ריחני 150 סמ""ק (צבעים)",ש.שוורץ,IL,"מסיר לק 150 סמ""ק",מיליליטרים,150.00,"100 מ""ל",false,,5.90,0.0393,true,1,1328023
7290003251797,false,"תחליב חמצן 9% 500 מ""",שוורץ,IL,"תח' חמ % 9 500 סמ""ק",מיליליטרים,500.00,"100 מ""ל",false,,9.90,0.0198,true,1,1328031
7290003251865,false,אבקת הבהרה לשיער בלו,ש.שוורץ,IL,אבקת הבהרה לשיער 10 גר בל,גרמים,10.00,100 גרם,false,,3.90,0.3900,true,1,1328033
7290003251933,false,"תחליב חמצן 6% 500 מ""",שוורץ,IL,"תח' חמ % 6 500 סמ""ק",מיליליטרים,500.00,"100 מ""ל",false,,9.90,0.0198,true,1,1328034
7290003258291,false,"דאודורנט ספריי לנשים 150 מ""ל פנינה רוזנבלום","פנינה רוזנבלום בע""מ",IL,דאודורנט פנינה מס 3,מיליליטרים,150.00,"100 מ""ל",false,,15.90,0.1060,true,1,1348005
7290003258406,false,"פנינה וואקס בריליאנטין לשיער 100 מ""ל",פנינה רוזנבלום בעמ,IL,ווקס לשיער פנינה,מיליליטרים,100.00,"100 מ""ל",false,,14.90,0.1490,true,1,1348006
7290003258499,false,מוס לשיער,פנינה רוזנבלום בעמ,IL,מוס לשיער,מיליליטרים,200.00,"100 מ""ל",false,,18.90,0.0945,true,1,1348007
7290003319084,false,גפילטע פיש 12 קציצות בצנצנת הדג המיוחד 670 גרם,דג טעים בעמ,IL,צנצנת 12 מנות-מיוחד,גרמים,980.00,100 גרם,false,,24.90,0.0254,true,1,1304910
7290003319091,false,צנצנת 14 יח גפילטעפי,דג טעים,IL,צנצנת 14 מנות-מיוחד,גרמים,1000.00,100 גרם,false,,24.90,0.0249,true,1,1304911
7290003319107,false,צנצנת 12 יח גפילטעפי,דג טעים,IL,צנצנת 12 מנות-גולד-מיוחד,גרמים,1000.00,100 גרם,false,,27.90,0.0279,true,1,1304912
7290003319114,false,צנצנת 6 קציצות,דג טעים,IL,צנצנת 6 מנות-גולד-מיוחד,גרמים,670.00,100 גרם,false,,18.90,0.0282,true,1,1304913
7290003319121,false,גפילטע פיש 4 קציצות470גר,,,צנצנת 4 יח גפילטעפיש,גרמים,470.00,100 גרם,false,,13.90,0.0296,true,1,1304914
7290003319138,false,גפילטע פיש 6 קציצות הדג המיוחד 540 ג' PL,נאמן לאורך זמן בעמ,IL,צנצנת 6 קציצות-PL,גרמים,570.00,100 גרם,false,,14.90,0.0261,true,1,1304915
7290003319145,false,"גפילטפיש כשל""פ גדולה",דג טעים בעמ,IL,צנצנת 8 מנות-מיוחד,גרמים,700.00,100 גרם,false,,16.90,0.0241,true,1,1304916
7290003319169,false,קציצות גפילטעפיש 4 י,דג טעים,IL,צנצנת 4 מנות-גולד-מיוחד,גרמים,470.00,100 גרם,false,,14.90,0.0317,true,1,1304918
7290003319428,false,גפילטע פיש 6 קציצות 670ג,הדג המיוחד,IL,צנצנת 6 מנות-מיוחד,גרמים,610.00,100 גרם,false,,15.90,0.0261,true,1,1304921
7290003321155,false,יוגורט בר עם פקאן מצופה שוקולד 183 ג' דנונה,שטראוס גרופ בעמ/מצונן,IL,בר פקאן בודד – מקט החזרות,גרמים,183.00,100 גרם,false,,4.50,0.0246,true,1,1341833
7290003364770,false,סביבון פומפה מטאלי,,,סביבון פומפה מתכת,יחידה,0.00,יחידה,false,,19.90,0.0000,true,1,2378304
7290003385881,false,במיה ברוטב עגבניות 600 ג' פרי הגליל,ויטה- פרי גליל (החדשה) בעמ,IL,במיה ברוטב א -2פג,גרמים,540.00,100 גרם,false,,8.90,0.0165,true,1,1347218
7290003387205,false,ספיד סטיק - דאודורנט סטיק לגבר רגולר,הנסיך- מפעל לייצור ט,US,ספיד סטיק בסיסי ירוק רגיל,גרמים,56.60,100 גרם,false,,19.90,0.3516,true,1,1338640
7290003387410,false,שלישיית פדים להסרת איפור בלונס 80 יחידות,ש. שסטוביץ בע`מ,GR,בלונס מסיר איפור שלשות,יח',3.00,יח',false,,18.90,6.3000,true,1,1338643
7290003400500,false,חטיף הרשי ריזס נאטרייגיס 47 גרם,ליימן מותגים,US,חטיף ריסס נאטרייגס 47 גרם,גרמים,47.00,100 גרם,false,,3.90,0.0830,true,1,1326353
7290003401369,false,"קרם לחות לשיער חוחובה נטורל פורמולה 400 מ""ל",החברה הדרומית לשיווק בעמ,IL,קרם לחות לשיער חוחובה400,מיליליטרים,400.00,"100 מ""ל",false,,17.90,0.0447,true,1,1344440
7290003401376,false,"קרם לחות ועיצוב לשיער אלוורה נטורל 400 מ""ל",החברה הדרומית לשיווק בעמ,IL,קרם לחות אלוורה לשיער400,מיליליטרים,400.00,"100 מ""ל",false,,17.90,0.0447,true,1,1344441
7290003401420,false,"קרם לחות לשיער סיליקון כתום נטורל 400 מ""ל",החברה הדרומית לשיווק בעמ,IL,ק.לחות סיליקון לשיער400מ,מיליליטרים,400.00,"100 מ""ל",false,,17.90,0.0447,true,1,1344442
7290003401635,false,נטורל פורמולה לחות מעצבת לפתיחת תלתלים,החברה הדרומית לשיווק בעמ,IL,400 קרם לחות ש.צבוע ברגע,מיליליטרים,400.00,"100 מ""ל",false,,19.90,0.0497,true,1,1344443
7290003401642,false,"קרם לחות לתלתלים טבעיים נטורל פורמולה 400 מ""ל",החברה הדרומית לשיווק בעמ,IL,קר.לחות לתלתלים נטורל400,מיליליטרים,400.00,"100 מ""ל",false,,19.90,0.0497,true,1,1344444
7290003401666,false,"נטורל - ווקס לשיער לברק חזק 120 מ""ל",General,,ווקס לשיער לברק חזק,מיליליטרים,150.00,"100 מ""ל",false,,24.90,0.1660,true,1,1344445
7290003402809,false,חטיף הרשי ריזס שוקולד לבן 39 גר,ליימן מותגים,,חטיף שוקולד לבן במיל,גרמים,39.00,100 גרם,false,,4.90,0.1256,true,1,2173572
7290003409020,false,כתף כבש קפוא,,,כתף כבש קפוא,קילוגרמים,1.00,"ק""ג",true,,79.90,79.9000,true,1,1360724
7290003409037,false,צלי כתף ברשת,,,צלי כתף ברשת,קילוגרמים,1.00,"ק""ג",true,,79.90,79.9000,true,1,1360725
7290003409044,false,"בקר טחון 1 ק""ג ארוז",,,"בקר טחון 1 ק""ג ארוז",גרמים,1000.00,100 גרם,false,,39.90,0.0399,true,1,1360726
7290003409068,false,בורגר בקר משפחתי 2 ק,,,בורגר בקר משפחתי 2 ק,גרמים,2000.00,100 גרם,false,,49.90,0.0249,true,1,1360728
7290003409099,false,בשר בקר לחמין,,,בשר בקר לחמין,קילוגרמים,1.00,"ק""ג",true,,39.90,39.9000,true,1,1360731
7290003409105,false,בורגר אנטריקוט 500 ג,,,בורגר אנטריקוט 500 ג,גרמים,500.00,100 גרם,false,,34.90,0.0698,true,1,1360732
7290003409143,false,נקניקיות מיני מרגז 5,,,נקניקיות מיני מרגז 5,גרמים,500.00,100 גרם,false,,29.90,0.0598,true,1,1360735
7290003409198,false,פילה אמנון 7/9 עם עו,,,פילה אמנון 7/9 עם עו,קילוגרמים,1.00,"ק""ג",true,,29.90,29.9000,true,1,1349139
7290003409204,false,פילה לברק מעדני הים,,,פילה לברק מעדני הים,קילוגרמים,1.00,"ק""ג",true,,39.90,39.9000,true,1,1349140
7290003409211,false,פילה לברק מעדני הים,,,פילה לברק מעדני הים,קילוגרמים,1.00,"ק""ג",true,,39.90,39.9000,true,1,1349141
7290003409365,false,סטייק עין 800 גרם,,,סטייק עין 800 גרם,גרמים,800.00,100 גרם,false,,79.00,0.0988,true,1,1360745
7290003409372,false,סטייק בורגר פרימיום,,,סטייק בורגר פרימיום,גרמים,500.00,100 גרם,false,,34.90,0.0698,true,1,1360746
7290003409389,false,בורגר עוף 400 גרם,,,בורגר עוף 400 גרם,גרמים,400.00,100 גרם,false,,19.90,0.0497,true,1,1360747
7290003409396,false,קבב עוף 400 גרם,,,קבב עוף 400 גרם,גרמים,400.00,100 גרם,false,,19.90,0.0497,true,1,1360748
7290003409402,false,פילה סלמון נורבגי קפ,,,פילה סלמון נורבגי קפ,קילוגרמים,1.00,"ק""ג",true,,79.90,79.9000,true,1,1360749
7290003409426,false,שווארמה הודו מתובלת,,,שווארמה הודו מתובלת,גרמים,500.00,100 גרם,false,,29.90,0.0598,true,1,1360750
7290003409433,false,נקניקיות מרגז עוף 50,,,נקניקיות מרגז עוף 50,גרמים,500.00,100 גרם,false,,19.90,0.0398,true,1,1360751
7290003409587,false,טבעות עוף,,,טבעות עוף,קילוגרמים,1.00,"ק""ג",true,,24.90,24.9000,true,1,1419257
7290003409617,false,פילה נסיכת הנילוס קפ,,,פילה נסיכת הנילוס קפ,קילוגרמים,1.00,"ק""ג",true,,34.90,34.9000,true,1,1470410
7290003409655,false,פילה אמנון 7-9 ללא ע,,,פילה אמנון 7-9 ללא ע,קילוגרמים,1.00,"ק""ג",true,,39.90,39.9000,true,1,1484562
7290003409662,false,נקניקיות מרגז עגל חל,,,נקניקיות מרגז עגל חל,גרמים,500.00,100 גרם,false,,29.90,0.0598,true,1,1552891
7290003409679,false,קבב יווני 400 גרם,,,קבב יווני 400 גרם,יח',1.00,יח',false,,24.90,24.9000,true,1,1725638
7290003409686,false,פילה סלמון מנות מעדנ,,,פילה סלמון מנות מעדנ,גרמים,600.00,100 גרם,false,,49.90,0.0832,true,1,1820730
7290003409693,false,נקניקיות מיני מרגז ע,,,נקניקיות מיני מרגז ע,גרמים,500.00,100 גרם,false,,29.90,0.0598,true,1,1810625
7290003409747,false,צוואר בשר מס' 10,,,צוואר בשר מס' 10,קילוגרמים,1.00,"ק""ג",true,,29.90,29.9000,true,1,1737634
7290003409785,false,חזה בקר בשר מס' 3,,,חזה בקר בשר מס' 3,קילוגרמים,1.00,"ק""ג",true,,29.90,29.9000,true,1,1821271
7290003409808,false,צלעות עגל בשר מס' 2,,,צלעות עגל בשר מס' 2,קילוגרמים,1.00,"ק""ג",true,,39.90,39.9000,true,1,1838413
7290003409907,false,קבב ג'מבו רומני 500,,,קבב ג'מבו רומני 500,גרמים,500.00,100 גרם,false,,29.90,0.0598,true,1,2167089
7290003409914,false,קבב ג'מבו טורקי 500,,,קבב ג'מבו טורקי 500,גרמים,500.00,100 גרם,false,,29.90,0.0598,true,1,2167090
7290003409921,false,קבב ג'מבו עיראקי 500,,,קבב ג'מבו עיראקי 500,גרמים,500.00,100 גרם,false,,29.90,0.0598,true,1,2167091
7290003409938,false,קבב ג'מבו מזרחי 500,,,קבב ג'מבו מזרחי 500,גרמים,500.00,100 גרם,false,,29.90,0.0598,true,1,2167092
7290003409945,false,קבב ג'מבו כבש 500 גר,,,קבב ג'מבו כבש 500 גר,גרמים,500.00,100 גרם,false,,29.90,0.0598,true,1,2167093
7290003409952,false,כנפיים עוף חצוי קפוא,,,כנפיים עוף חצוי קפוא,קילוגרמים,1.00,"ק""ג",true,,9.90,9.9000,true,1,2258048
7290003409952,false,כנפיים עוף חצוי קפוא,,,כנפיים עוף חצוי קפוא,קילוגרמים,1.00,"ק""ג",true,,9.90,9.9000,true,1,2307322
7290003409969,false,סינטה דק דק 250 גרם,,,סינטה דק דק 250 גרם,גרמים,250.00,100 גרם,false,,24.90,0.0996,true,1,2270121
7290003409976,false,בורגר מסעדות 500 גרם,מעדני הגליל,,בורגר מסעדות 500 גרם,גרמים,500.00,100 גרם,false,,29.90,0.0598,true,1,2300395
7290003411054,false,שקיות צליה גדול דליקטס רוסטי הנמל 5יח`,הנמל אריזות ושיווק (1984) בעמ,,שקיות לצליה גדול,יח',5.00,יח',false,,4.90,0.9800,true,1,1321413
7290003411566,false,צמרוני עץ הנמל 200 יחידות,הנמל אריזות ושיווק (1984) בעמ,,צמרוני עץ לאוזנים,יח',200.00,יח',false,,1.90,0.0095,true,1,1321426
7290003411726,false,קיסמי שיניים מלחיה הנמל 300יח',הנמל אריזות ושיווק (1984) בעמ,,קיסמי מלחיה 300 יח,יח',300.00,יח',false,,2.90,0.0097,true,1,1321431
7290003411856,false,גרנולה תפוחי עץ וקינמון 400 גרם,הנמל אריזות ושיווק (1984) בעמ,,גרנולה תפוחי עץ.,גרמים,400.00,100 גרם,false,,9.90,0.0248,true,1,1321436
7290003411948,false,צמר גפן הנמל 100 יחידות,הנמל אריזות ושיווק 1984 בע`מ,,צמר-גפן,גרמים,100.00,100 גרם,false,,3.90,0.0390,true,1,1321437
7290003411993,false,גפרורים הנמל 10 יחידות,הנמל אריזות ושיווק (1984) בעמ,,גפרורים 10 יחידות,יח',10.00,יח',false,,2.00,0.2000,true,1,1321438
7290003414406,false,הרשי ריזס נטיפי אפייה בוטנים 283 גר',ליימן מותגים,,נטיפים לאפייה חמאת ב,גרמים,283.00,100 גרם,false,,14.90,0.0527,true,1,1827495
7290003415076,false,עצמות עגל קפוא ארוז,,,עצמות עגל קפוא ארוז,קילוגרמים,1.00,"ק""ג",true,,19.90,19.9000,true,1,1360755
7290003415120,false,סטייק אנטריקוט דק דק,,,סטייק אנטריקוט דק דק,גרמים,250.00,100 גרם,false,,24.90,0.0996,true,1,1360757
7290003415144,false,שווארמה עוף מתובלת 5,,,שווארמה עוף מתובלת 5,גרמים,500.00,100 גרם,false,,29.90,0.0598,true,1,2310558
7290003415229,false,שומן כבש,,,שומן כבש,קילוגרמים,1.00,"ק""ג",true,,69.90,69.9000,true,1,1360760
7290003415403,false,סטייק דנבר,,,סטייק דנבר,קילוגרמים,1.00,"ק""ג",true,,69.90,69.9000,true,1,2331235
7290003415434,false,כבד עוף קפוא ארוז,,,כבד עוף קפוא ארוז,קילוגרמים,1.00,"ק""ג",true,,24.90,24.9000,true,1,1360768
7290003415458,false,ריאות עגל קפוא ארוז,,,ריאות עגל קפוא ארוז,קילוגרמים,1.00,"ק""ג",true,,19.90,19.9000,true,1,1360770
7290003415564,false,גרון עוף ארוז,,,גרון עוף ארוז,קילוגרמים,1.00,"ק""ג",true,,3.90,3.9000,true,1,1360776
7290003415588,false,בשר לחמין עם עצם,,,בשר לחמין עם עצם,קילוגרמים,1.00,"ק""ג",true,,29.90,29.9000,true,1,2327916
7290003415625,false,שיפודי פרגיות קפוא א,,,שיפודי פרגיות קפוא א,קילוגרמים,1.00,"ק""ג",true,,59.90,59.9000,true,1,1360779
7290003415632,false,סטייק פרגיות קפוא אר,,,סטייק פרגיות קפוא אר,קילוגרמים,1.00,"ק""ג",true,,69.90,69.9000,true,1,1360780
7290003415656,false,עדשים שחורות 500 גרם,,,עדשים שחורות 500 גרם,גרמים,500.00,100 גרם,false,,7.90,0.0158,true,1,1363994
7290003415663,false,עוף טחון קפוא 500 גר,,,עוף טחון קפוא 500 גר,גרמים,500.00,100 גרם,false,,14.90,0.0298,true,1,1360781
7290003415670,false,סטייק אנטריקוט קפוא,,,סטייק אנטריקוט קפוא,קילוגרמים,1.00,"ק""ג",true,,99.00,99.0000,true,1,1360782
7290003415687,false,לשון עגל קפוא ארוז,,,לשון עגל קפוא ארוז,קילוגרמים,1.00,"ק""ג",true,,49.90,49.9000,true,1,1360783
7290003415694,false,בשר ראש קפוא ארוז,,,בשר ראש קפוא ארוז,קילוגרמים,1.00,"ק""ג",true,,49.90,49.9000,true,1,1360784
7290003415694,false,בשר ראש קפוא ארוז,,,בשר ראש קפוא ארוז,קילוגרמים,1.00,"ק""ג",true,,49.90,49.9000,true,1,2416076
7290003415724,false,סטייק עוף ארוז קפוא,,,סטייק עוף ארוז קפוא,קילוגרמים,1.00,"ק""ג",true,,21.90,21.9000,true,1,1360787
7290003415731,false,כבד עגל קפוא ארוז,,,כבד עגל קפוא ארוז,קילוגרמים,1.00,"ק""ג",true,,14.90,14.9000,true,1,1360788
7290003415809,false,אצבעות אנטריקוט מעדנ,,,אצבעות אנטריקוט מעדנ,קילוגרמים,1.00,"ק""ג",true,,59.90,59.9000,true,1,1360792
7290003415847,false,נקניקיות מרגז 500 גר,,,נקניקיות מרגז 500 גר,גרמים,500.00,100 גרם,false,,29.90,0.0598,true,1,1360794
7290003415854,false,נקניקיות צ'וריסוס 50,,,נקניקיות צ'וריסוס 50,גרמים,500.00,100 גרם,false,,29.90,0.0598,true,1,1360795
7290003415878,false,קורנדביף קפוא ארוז,,,קורנדביף קפוא ארוז,קילוגרמים,1.00,"ק""ג",true,,49.90,49.9000,true,1,1360796
7290003415885,false,קישקע קפוא ארוז 500,,,קישקע קפוא ארוז 500,גרמים,500.00,100 גרם,false,,19.90,0.0398,true,1,1360797
7290003415922,false,טבעות בקר קפוא ארוז,,,טבעות בקר קפוא ארוז,קילוגרמים,1.00,"ק""ג",true,,59.00,59.0000,true,1,1360801
7290003415977,false,סטייק אנטריקוט דרום,,,סטייק אנטריקוט דרום,קילוגרמים,1.00,"ק""ג",true,,79.90,79.9000,true,1,1360805
7290003415984,false,שניצל בקר קפוא ארוז,,,שניצל בקר קפוא ארוז,קילוגרמים,1.00,"ק""ג",true,,69.90,69.9000,true,1,1360806
7290003415991,false,כתף עגל בשר מס' 4,,,כתף עגל בשר מס' 4,קילוגרמים,1.00,"ק""ג",true,,49.90,49.9000,true,1,1900939
7290003423909,false,חטיף קוקיס אנד קרים לבן 43 גרם,ליימן מותגים,US,קוקיז אנד קרים הרשי 43 גר,גרמים,43.00,100 גרם,false,,4.90,0.1140,true,1,1326354
7290003438006,false,ממרח אולביה פסטו וצנובר איטלקי 190ג',תה ויסוצקי (ישראל) בעמ,IL,פסטו איטלקי,גרמים,180.00,100 גרם,false,,12.90,0.0717,true,1,1309034
7290003438013,false,7290003אוליביה ממרח זיתים ירוקים 190 גרם,תה ויסוצקי (ישראל) בעמ,IL,ממרח זיתים ירוקים,גרמים,190.00,100 גרם,false,,12.90,0.0679,true,1,1309035
7290003438020,false,אוליביה ממרח עגבניות מיובשות (190 גרם),תה ויסוצקי (ישראל) בעמ,IL,ממרח עגבניות מיובשות,גרמים,190.00,100 גרם,false,,12.90,0.0679,true,1,1309036
7290003438082,false,חזרת מצונן 180 גר אוליבה,אוליביה גורמה (1996),,חזרת אוליביה 180 גרם,גרמים,180.00,100 גרם,false,,9.90,0.0550,true,1,1340016
7290003438709,false,ממרח אולביה זיתים שחורים וירוקים 190 ג',תה ויסוצקי (ישראל) בעמ,IL,ממרח זיתים,גרמים,190.00,100 גרם,false,,12.90,0.0679,true,1,1309046
7290003438853,false,אוליביה ממרח אריסה חריפה 185 גר ',תה ויסוצקי (ישראל) בעמ,IL,אריסה חריפה 185 גרם,גרמים,180.00,100 גרם,false,,12.90,0.0717,true,1,1309047
7290003444009,false,הרשי ריזס חטיף במילוי בוטנים 42 גרם,ליימן מותגים,US,חטיף ריזס שוקולד חלב 42,גרמים,42.00,100 גרם,false,,3.90,0.0929,true,1,1326356
7290003450602,false,חרדל אמיתי צהוב בקבוק לחיץ 255 גר,היינץ צפון אמריקה מקבוצת ה.י.היינץ,,חרדל אמיתי לחיץ 255,גרמים,255.00,100 גרם,false,,7.90,0.0310,true,1,1306789
7290003458035,false,גולש ללא תוספים,,,גולש ללא תוספים,קילוגרמים,1.00,"ק""ג",true,,49.90,49.9000,true,1,2335482
7290003458059,false,עצם ברך בקר,,,עצם ברך בקר,קילוגרמים,1.00,"ק""ג",true,,29.90,29.9000,true,1,2368912
7290003458066,false,פילה מדומה מס.6 קפוא,,,פילה מדומה מס.6 קפוא,קילוגרמים,1.00,"ק""ג",true,,49.90,49.9000,true,1,2378463
7290003458073,false,טחון בקר עם שומן כבש,,,טחון בקר עם שומן כבש,גרמים,500.00,100 גרם,false,,24.90,0.0498,true,1,2351768
7290003458158,false,פילה עוף אמיתי,,,פילה עוף אמיתי,קילוגרמים,1.00,"ק""ג",true,,49.90,49.9000,true,1,2363524
7290003475124,false,בלונס מסיר איפור 80 יח,ש. שסטוביץ בע`מ,GR,עננים צמר גפן 100 גרם,גרמים,100.00,100 גרם,false,,5.90,0.0590,true,1,1338644
7290003485017,false,קווקר דק 500 גרם.,,,קווקר דק 500 גרם.,גרמים,500.00,100 גרם,false,,4.90,0.0098,true,1,1363995
7290003485024,false,קווקר עבה 500 גרם.,,,קווקר עבה 500 גרם.,גרמים,500.00,100 גרם,false,,4.90,0.0098,true,1,1345054
7290003485031,false,בורגול עבה 500 גרם.,,,בורגול עבה 500 גרם.,גרמים,500.00,100 גרם,false,,4.90,0.0098,true,1,1345055
7290003485048,false,כוסמת קלויה 500 גרם.,,,כוסמת קלויה 500 גרם.,גרמים,500.00,100 גרם,false,,5.90,0.0118,true,1,1363996
7290003485055,false,"אורז תאילנדי 1 ק""ג",,,"אורז תאילנדי 1 ק""ג",קילוגרמים,1.00,"ק""ג",false,,8.90,8.9000,true,1,1363997
7290003485123,false,חזה עוף קפוא ארוז,,,חזה עוף קפוא ארוז,קילוגרמים,1.00,"ק""ג",true,,19.90,19.9000,true,1,1360808
7290003485147,false,"אורז יסמין 1 ק""ג",,,"אורז יסמין 1 ק""ג",קילוגרמים,1.00,"ק""ג",false,,9.90,9.9000,true,1,1350356
7290003485161,false,כרעיים עוף קפוא ארוז,,,כרעיים עוף קפוא ארוז,קילוגרמים,1.00,"ק""ג",true,,24.90,24.9000,true,1,1360809
7290003485185,false,"אורז ריזוטו 1 ק""ג",,,"אורז ריזוטו 1 ק""ג",קילוגרמים,1.00,"ק""ג",false,,9.90,9.9000,true,1,1328429
7290003485192,false,"אורז בסמטי 1 ק""ג",,,"אורז בסמטי 1 ק""ג",קילוגרמים,1.00,"ק""ג",false,,9.90,9.9000,true,1,1333262
7290003485208,false,"אורז פלא 1 ק""ג",,,"אורז פלא 1 ק""ג",קילוגרמים,1.00,"ק""ג",false,,8.90,8.9000,true,1,1333263
7290003485215,false,"אורז לסושי 1 ק""ג",,,"אורז לסושי 1 ק""ג",קילוגרמים,1.00,"ק""ג",false,,8.90,8.9000,true,1,1328430
7290003485222,false,"סוכר 1 ק""ג",סוגת תעשיות,IL,"סוכר 1 ק""ג - חצי חינם",קילוגרמים,1.00,"ק""ג",false,,3.90,3.9000,true,1,1333110
7290003485260,false,שוקיים עוף קפוא ארוז,,,שוקיים עוף קפוא ארוז,קילוגרמים,1.00,"ק""ג",true,,29.90,29.9000,true,1,1360811
7290003485277,false,כנפיים עוף קפוא ארוז,,,כנפיים עוף קפוא ארוז,קילוגרמים,1.00,"ק""ג",true,,7.90,7.9000,true,1,1360812
7290003485284,false,שניצל עוף קפוא ארוז,,,שניצל עוף קפוא ארוז,קילוגרמים,1.00,"ק""ג",true,,34.90,34.9000,true,1,1360813
7290003485307,false,"אורז מלא 1 ק""ג",,,"אורז מלא 1 ק""ג",קילוגרמים,1.00,"ק""ג",false,,8.90,8.9000,true,1,1328432
7290003485314,false,בורגול דק 500 גרם.,,,בורגול דק 500 גרם.,גרמים,500.00,100 גרם,false,,4.90,0.0098,true,1,1363998
7290003485321,false,חיטה 500 גרם.,,,חיטה 500 גרם.,גרמים,500.00,100 גרם,false,,4.90,0.0098,true,1,1363999
7290003485338,false,לוביה 500 גרם,,,לוביה 500 גרם,גרמים,500.00,100 גרם,false,,6.90,0.0138,true,1,1334471
7290003485345,false,גריסים 500 גרם,,,גריסים 500 גרם,גרמים,500.00,100 גרם,false,,4.90,0.0098,true,1,1333264
7290003485352,false,"אורז עגול 1 ק""ג",,,"אורז עגול 1 ק""ג",קילוגרמים,1.00,"ק""ג",false,,8.90,8.9000,true,1,1328433
7290003485369,false,חומוס גדול 500 גרם,,,חומוס גדול 500 גרם,גרמים,500.00,100 גרם,false,,9.90,0.0198,true,1,1364000
7290003485376,false,פול קטן 500 גרם,,,פול קטן 500 גרם,גרמים,500.00,100 גרם,false,,4.90,0.0098,true,1,1333265
7290003485383,false,פול גדול 500 גרם,,,פול גדול 500 גרם,גרמים,500.00,100 גרם,false,,8.90,0.0178,true,1,1345056
7290003485390,false,עדשים אדומות 500 גרם,,,עדשים אדומות 500 גרם,גרמים,500.00,100 גרם,false,,5.90,0.0118,true,1,1364001
7290003485406,false,עדשים ירוקות 500 גרם,,,עדשים ירוקות 500 גרם,גרמים,500.00,100 גרם,false,,5.90,0.0118,true,1,1364002
7290003485413,false,פופקורן 500 גרם,,,פופקורן 500 גרם,גרמים,500.00,100 גרם,false,,5.90,0.0118,true,1,1323279
7290003485499,false,מש 500 גרם,,,מש 500 גרם,גרמים,500.00,100 גרם,false,,5.90,0.0118,true,1,1334473
7290003485505,false,שעועית אדומה 500 גרם,,,שעועית אדומה 500 גרם,גרמים,500.00,100 גרם,false,,6.90,0.0138,true,1,1345057
7290003485512,false,שעועית חומה 500 גרם,,,שעועית חומה 500 גרם,גרמים,500.00,100 גרם,false,,6.90,0.0138,true,1,1333266
7290003485529,false,שעועית אמריקאית 500,,,שעועית אמריקאית 500,גרמים,500.00,100 גרם,false,,6.90,0.0138,true,1,1364003
7290003485536,false,שעועית גדולה 500 גרם,,,שעועית גדולה 500 גרם,גרמים,500.00,100 גרם,false,,7.90,0.0158,true,1,1328434
7290003485543,false,אפונה 500 גרם,,,אפונה 500 גרם,גרמים,500.00,100 גרם,false,,4.90,0.0098,true,1,1364004
7290003485567,false,תורמוס 500 גרם,,,תורמוס 500 גרם,גרמים,500.00,100 גרם,false,,4.90,0.0098,true,1,1345058
7290003485574,false,שעועית ארגנטינאית 50,,,שעועית ארגנטינאית 50,גרמים,500.00,100 גרם,false,,5.90,0.0118,true,1,1334474
7290003485666,false,חומוס גרגרים 500 גרם,,,חומוס גרגרים 500 גרם,גרמים,500.00,100 גרם,false,,6.90,0.0138,true,1,1334476
7290003485680,false,קוקוס טחון 200 גרם,,,קוקוס טחון 200 גרם,גרמים,200.00,100 גרם,false,,5.90,0.0295,true,1,1334477
7290003485697,false,שומשום 200 גרם,,,שומשום 200 גרם,גרמים,200.00,100 גרם,false,,4.90,0.0245,true,1,1334478
7290003485734,false,דוחן 500 גרם,,,דוחן 500 גרם,גרמים,500.00,100 גרם,false,,5.90,0.0118,true,1,1364006
7290003485796,false,"אורז פרסי 1 ק""ג",,,"אורז פרסי 1 ק""ג",גרמים,1000.00,100 גרם,false,,9.90,0.0099,true,1,1328436
7290003485901,false,בוטנים לא קלויים קלו,,,בוטנים לא קלויים קלו,קילוגרמים,1.00,"ק""ג",true,,29.00,29.0000,true,1,1351609
7290003485918,false,"בונדוק 1 ק""ג אגוזי ל",שקדיה,,"בונדוק 1 ק""ג אגוזי ל",קילוגרמים,1.00,"ק""ג",true,,49.00,49.0000,true,1,1334479
7290003485925,false,"צנובר ענק 1 ק""ג",,,"צנובר ענק 1 ק""ג",קילוגרמים,1.00,"ק""ג",true,,199.00,199.0000,true,1,1334480
7290003485932,false,פיסטוק חלבי קלוף 1 ק,שקדיה,,פיסטוק חלבי קלוף 1 ק,קילוגרמים,1.00,"ק""ג",true,,119.00,119.0000,true,1,1334481
7290003485949,false,שקד אמריקאי טבעי,,,שקד אמריקאי טבעי,קילוגרמים,1.00,"ק""ג",true,,69.00,69.0000,true,1,1334482
7290003486007,false,זנגוויל מסוכר קוביות,,,זנגוויל מסוכר קוביות,קילוגרמים,1.00,"ק""ג",true,,39.00,39.0000,true,1,1354001
7290003486014,false,זנגוויל מופחת סוכר,,,זנגוויל מופחת סוכר,קילוגרמים,1.00,"ק""ג",true,,39.00,39.0000,true,1,1354002
7290003486021,false,שקד מולבן פרוס,,,שקד מולבן פרוס,קילוגרמים,1.00,"ק""ג",true,,79.00,79.0000,true,1,1357842
7290003486038,false,שקד מולבן גפרורים,,,שקד מולבן גפרורים,קילוגרמים,1.00,"ק""ג",true,,69.00,69.0000,true,1,1357843
7290003486052,false,שקד מולבן טחון,,,שקד מולבן טחון,קילוגרמים,1.00,"ק""ג",true,,69.00,69.0000,true,1,1345088
7290003486090,false,פקאן אמריקאים מקולף,,,פקאן אמריקאים מקולף,קילוגרמים,1.00,"ק""ג",true,,99.00,99.0000,true,1,1334483
7290003486144,false,אגוז ברזיל מקולף 1 ק,,,אגוז ברזיל מקולף 1 ק,קילוגרמים,1.00,"ק""ג",true,,99.00,99.0000,true,1,1334485
7290003486168,false,"קשיו 1 ק""ג טבעי",,,"קשיו 1 ק""ג טבעי",קילוגרמים,1.00,"ק""ג",true,,59.00,59.0000,true,1,1345061
7290003486175,false,"משמש מיובש 1 ק""ג",,,"משמש מיובש 1 ק""ג",קילוגרמים,1.00,"ק""ג",true,,39.00,39.0000,true,1,1345062
7290003486205,false,גרעיני דלעת קלופים,שקדיה,,גרעיני דלעת קלופים,קילוגרמים,1.00,"ק""ג",true,,29.00,29.0000,true,1,1334486
7290003486212,false,"חמניות קלופות 1 ק""ג",,,"חמניות קלופות 1 ק""ג",קילוגרמים,1.00,"ק""ג",true,,15.00,15.0000,true,1,1334487
7290003486243,false,אגוזי מלך קלוף,,,אגוזי מלך קלוף,קילוגרמים,1.00,"ק""ג",true,,59.00,59.0000,true,1,1334488
7290003486274,false,פיסטוק חלבי בקליפה 1,,,פיסטוק חלבי בקליפה 1,קילוגרמים,1.00,"ק""ג",true,,79.00,79.0000,true,1,1334489
7290003486281,false,תמר מגהול ענק,,,תמר מגהול ענק,קילוגרמים,1.00,"ק""ג",true,,49.00,49.0000,true,1,1361404
7290003486304,false,תאנים מיובשות,,,תאנים מיובשות,קילוגרמים,1.00,"ק""ג",true,,49.00,49.0000,true,1,1354007
7290003486328,false,צימוק גדול בהיר,,,צימוק גדול בהיר,קילוגרמים,1.00,"ק""ג",true,,49.00,49.0000,true,1,1354008
7290003486335,false,"שזיף מגולען 1 ק""ג",,,"שזיף מגולען 1 ק""ג",קילוגרמים,1.00,"ק""ג",true,,45.00,45.0000,true,1,1334490
7290003486342,false,שזיף מיובש,,,שזיף מיובש,קילוגרמים,1.00,"ק""ג",true,,39.00,39.0000,true,1,1333267
7290003486359,false,בננה ציפס,שקדיה,,בננה ציפס,קילוגרמים,1.00,"ק""ג",true,,29.00,29.0000,true,1,1334491
7290003486403,false,צימוק כהה,,,צימוק כהה,קילוגרמים,1.00,"ק""ג",true,,29.00,29.0000,true,1,1354042
7290003486410,false,תמר אמרי,,,תמר אמרי,קילוגרמים,1.00,"ק""ג",true,,29.00,29.0000,true,1,1319279
7290003486533,false,פקאן מסוכר,שקדיה,,פקאן מסוכר,קילוגרמים,1.00,"ק""ג",true,,79.00,79.0000,true,1,1319280
7290003486571,false,קבוקים,שקדיה,,קבוקים,קילוגרמים,1.00,"ק""ג",true,,25.00,25.0000,true,1,1319282
7290003486588,false,קבוקים שומשום,שקדיה,,קבוקים שומשום,קילוגרמים,1.00,"ק""ג",true,,25.00,25.0000,true,1,1319283
7290003486595,false,בוטן אמריקאי,,,בוטן אמריקאי,קילוגרמים,1.00,"ק""ג",true,,25.00,25.0000,true,1,1319284
7290003514007,false,מנה שקדי מרק מנה 400 גרם,ש.שסטוביץ בעמ,IL,מנה שקדי מרק מנה 400 גרם,גרמים,400.00,100 גרם,false,,8.90,0.0223,true,1,1338645
7290003514571,false,מנה פריכיות אורז עם מלח 100 גר`כשלפ,ש. שסטוביץ בע`מ,IL,מנה פריכיות אורז עם מלח 1,גרמים,100.00,100 גרם,false,,4.90,0.0490,true,1,1338657
7290003521074,false,סרקל מרכך שיער לילדים דר. פישר (1 ליטר),"פישר תעשיות פרמצביטות בע""מ",IL,סרקל מעצב ליטר,ליטרים,1.00,ליטר,false,,28.90,28.9000,true,1,1351796
7290003521081,false,"סרקל שמפו אל דמע לילדים ד""ר פישר 1 ליטר","פישר תעשיות פרמצביטות בע""מ",IL,סרקל שמפו ליטר,ליטרים,1.00,ליטר,false,,28.90,28.9000,true,1,1351797
7290003521166,false,"ד""ר פישר - סרקל קרם רוזמרין לילדים 325 מ""ל","פישר תעשיות פרמצביטות בע""מ",IL,"סרקל קרם רוזמרין 325מ""ל",גרמים,325.00,100 גרם,false,,22.90,0.0705,true,1,1351798
7290003521180,false,"סרקל שמפו+מרכך500 מ""ל",פישר תעשיות פרמבצטיות בעמ,IL,"סרקל שמפו+מעצב 500 מ""ל",מיליליטרים,500.00,"100 מ""ל",false,,18.90,0.0378,true,1,1351799
7290003521197,false,"ד""ר פישר - סרקל תרסיס מתיר קשרים 340 מ""ל","פישר תעשיות פרמצביטות בע""מ",IL,"סרקל מתיר קשרים 340מ""ל",מיליליטרים,340.00,"100 מ""ל",false,,22.90,0.0674,true,1,1351800
7290003521203,false,"סרקל שמפו לשיער לילדים אל דמע ד""ר פישר 2 ליטר","פישר תעשיות פרמצביטות בע""מ",IL,סרקל שמפו 2 ליטר,ליטרים,2.00,ליטר,false,,44.90,22.4500,true,1,1351801
7290003521210,false,סרקל מרכך שיער לילדים דר. פישר (2 ליטר),"פישר תעשיות פרמצביטות בע""מ",IL,סרקל מעצב 2 ליטר,ליטרים,2.00,ליטר,false,,44.90,22.4500,true,1,1351802
7290003521395,false,"קמיל בלו סנסיטיב אל סבון ד""ר פישר 2 ליטר","פישר תעשיות פרמצביטות בע""מ",IL,קמיל בלו סנסיטיב אל סבון,ליטרים,2.00,ליטר,false,,42.90,21.4500,true,1,1351805
7290003521418,false,מילוי מגבונים 72 יחי,,,מילוי מגבונים 72 יחי,יח',72.00,יח',false,,9.90,0.1375,true,1,1351807
7290003521463,false,"קמיל בלו שמפו לשיער אל דמע ד""ר פישר 2 ליטר","פישר תעשיות פרמצביטות בע""מ",IL,ק.ב סנסטיב אל דמע 2 ליטר,ליטרים,2.00,ליטר,false,,42.90,21.4500,true,1,1351808
7290003521760,false,"אפטרסול ג'ל אלוורה שפורפרת ד""ר פישר 200 מ""ל","פישר תעשיות פרמצביטות בע""מ",IL,אפטרסול חדש ג'ל אלוורה 20,מיליליטרים,200.00,"100 מ""ל",false,,29.90,0.1495,true,1,1351809
7290003522606,false,פארמה וויפס מגבונים אנטי-בקטריאליים 160,"ד""ר פישר Dr fischer",IL,20 אלכוויפס מגבונים לשמיר,100 יח',160.00,100 יח',false,,19.90,0.1244,true,1,1390803
7290003550753,false,נתחי טונה בהירה בשמן פוסידון (108x4 גרם),נטו מילנדה סחר בעמ*,IL,מארז 4 טונה פוסידון,גרמים,432.00,100 גרם,false,,19.90,0.0461,true,1,1329516
7290003561926,false,עוגת קראנץ' שוקולד,,,עוגת קראנץ' שוקולד,יחידה,0.00,יחידה,false,,29.90,0.0000,true,1,1305549
7290003578313,false,דובדבנים ללא חרצנים ויליפוד 680 גרם,ג. וילי-פוד אינטרנשיונל בע`מ,HR,דובדבנים ללא חרצנים 680גר,גרמים,680.00,100 גרם,false,,9.90,0.0146,true,1,1308728
7290003578467,false,גבינת חלומי פרוסות ש,נורגר מאג'רי,DK,גבינת חלומי פרוסות 3.4ק'ג,קילוגרמים,1.00,"ק""ג",true,,99.00,99.0000,true,1,1308734
7290003578672,false,ויליפוד שמן חמניות 1 ליטר{בית יוסף},וילי פוד,,שמן חמניות 1 ליטר,ליטרים,1.00,ליטר,false,,11.90,11.9000,true,1,2383198
7290003643004,false,אורז בסמטי קלאסי סוגת (1 קג),האי נאם סי או אל.טי.,IL,"אורז בסמטי 1 ק""ג",קילוגרמים,1.00,"ק""ג",false,,12.90,12.9000,true,1,1333111
7290003643325,false,קוסקוס בינוני סוגת (350 גרם),"אסיף תעשיות מזון בע""\מ",IL,קוסקוס בינוני 350 גרם,גרמים,350.00,100 גרם,false,,4.90,0.0140,true,1,1333114
7290003643387,false,סוכר לבן בצנצנת פלסטיק 1 ק`ג,האי נאם סי או אל.טי.,IL,סוכר לבן בצנצנת 1 קג,קילוגרמים,1.00,"ק""ג",false,,7.90,7.9000,true,1,1333116
7290003643646,false,"סוכר דמררה קלאסי בצנצנת סוגת 1 ק""ג",האי נאם סי או אל.טי.,IL,סוכר חום דמררה צנצנת 1 קג,קילוגרמים,1.00,"ק""ג",false,,12.90,12.9000,true,1,1333117
7290003643714,false,חומוס גרגירים 500 גרם סוגת,האי נאם סי או אל.טי.,,חומוס 500 גרם,יחידה,0.00,יחידה,false,,7.90,0.0000,true,1,2297251
7290003643752,false,עדשים ירוקים יבש סוגת 500 גר',האי נאם סי או אל.טי.,,עדשים ירוקות 500 גרם,גרמים,500.00,100 גרם,false,,7.90,0.0158,true,1,2297254
7290003643769,false,עדשים אדומים יבש סוגת 500 גר',"סוגת תעשיות בע""\מ",,עדשים אדומות 500 גרם,גרמים,500.00,100 גרם,false,,6.90,0.0138,true,1,2297255
7290003643776,false,"פופקורן גרעינים סוגת 500 ג' כשל""פ",האי נאם סי או אל.טי.,,פופקורן 500 גרם,יחידה,0.00,יחידה,false,,5.90,0.0000,true,1,2297256
7290003643806,false,שעועית לבנה יבשה סוגת (500 גרם),האי נאם סי או אל.טי.,,שעועית לבנה 500 גרם,יחידה,0.00,יחידה,false,,7.90,0.0000,true,1,2297257
7290003643820,false,חומוס ענק יבש סוגת 500 גרם,"סוגת תעשיות בע""\מ",,חומוס ענק 500 גרם,יחידה,0.00,יחידה,false,,9.90,0.0000,true,1,2297258
7290003679263,false,מנגט פרחוני קטן,,,מנגט פרחוני קטן,יחידה,0.00,יחידה,false,,4.90,0.0000,true,1,1342240
7290003679270,false,מנגט פרחוני מס 2,,,מנגט פרחוני מס 2,יחידה,0.00,יחידה,false,,5.90,0.0000,true,1,1342241
7290003679287,false,מנגט פרחוני מס.3,,,מנגט פרחוני מס.3,יחידה,0.00,יחידה,false,,7.90,0.0000,true,1,1342242
7290003679294,false,מנגט עיגול חום מס 4,,,מנגט עיגול חום מס 4,יחידה,0.00,יחידה,false,,7.90,0.0000,true,1,1342243
7290003679324,false,מנגט עוגיות כסף קטן,,,מנגט עוגיות כסף קטן,יח',60.00,יח',false,,7.90,0.1317,true,1,1342246
7290003679331,false,מנגט עוגיות כסף מס.3,,,מנגט עוגיות כסף מס.3,יחידה,0.00,יחידה,false,,11.90,0.0000,true,1,1342247
7290003679348,false,מנגט עוגיות כסף מס.4,,,מנגט עוגיות כסף מס.4,יח',60.00,יח',false,,11.90,0.1983,true,1,1342248
7290003679355,false,מנגט עוגיות כסף מס.2,,,מנגט עוגיות כסף מס.2,יחידה,0.00,יחידה,false,,9.90,0.0000,true,1,1342249
7290003679560,false,מנגט מזל טוב,,,מנגט מזל טוב,יחידה,0.00,יחידה,false,,5.90,0.0000,true,1,1342255
7290003679591,false,מנגט עוגיות מס. 3,,,מנגט עוגיות מס. 3,יחידה,0.00,יחידה,false,,8.90,0.0000,true,1,1342258
7290003679782,false,"צלחת קריסטלית 9"" 20",,,"צלחת קריסטלית 9"" 20",יחידה,0.00,יחידה,false,,42.90,0.0000,true,1,1342261
7290003681211,false,צנובר מיה 100 גרם,מיה תעשיות מזון מ.ת.מ. בעמ,IL,צנובר 100גרם,גרמים,80.00,100 גרם,false,,19.90,0.2487,true,1,1334043
7290003681228,false,תבלין עלי דפנה 10 גר' מיה,מיה תעשיות מזון מ.ת.מ בעמ,IL,עלי דפנה 10גרם,גרמים,10.00,100 גרם,false,,6.90,0.6900,true,1,1334044
7290003681242,false,זעתר בצנצנת מיה 50 גרם,מיה תעשיות מזון מ.ת.מ בעמ,IL,זעתר 50גרם,גרמים,50.00,100 גרם,false,,6.90,0.1380,true,1,1334046
7290003681259,false,תבלין שביבי שום בשקית 50 גר' מיה,מיה תעשיות מזון מ.ת.מ בעמ,IL,שבבי שום 50גרם,גרמים,50.00,100 גרם,false,,8.90,0.1780,true,1,1334047
7290003681334,false,"קוקוס 400 גרם מיה בד""צ",מיה תעשיות מזון מ.ת.מ. בעמ,,קוקוס טחון 400 גרם ב,גרמים,400.00,100 גרם,false,,9.90,0.0248,true,1,2429524
7290003681365,false,קישוט לעוגה צבעוני בבצנצנת מיה 80 גרם,מיה תעשיות מזון מ.ת.מ. בעמ,IL,קישוט לעוגה צבעוני בצנצנת,גרמים,80.00,100 גרם,false,,3.90,0.0487,true,1,1334050
7290003681532,false,דובדבנים מסוכרים 80 גרם מיה,מיה תעשיות מזון מ.ת.מ. בעמ,IL,דובדבנים מסוכרים 80גרם,גרמים,80.00,100 גרם,false,,6.90,0.0863,true,1,1334054
7290003681723,false,תבלין לפיצה בצנצנת מיה 80 גרם,מיה תעשיות מזון מ.ת.מ בעמ,IL,תבלין לפיצה 80גרם,גרמים,80.00,100 גרם,false,,6.90,0.0863,true,1,1334060
7290003681730,false,תבלין לגריל דג מיה 80 גרם,מיה תעשיות מזון מ.ת.מ בעמ,IL,גריל דג 80גרם,גרמים,80.00,100 גרם,false,,6.90,0.0863,true,1,1334061
7290003681747,false,תבלין גריל בשר בשקית 80 גר' מיה,מיה תעשיות מזון מ.ת.מ בעמ,IL,גריל בשר 80גרם,גרמים,80.00,100 גרם,false,,6.90,0.0863,true,1,1334062
7290003681761,false,גבישי שום בצנצנת מיה 80 גרם,מיה תעשיות מזון מ.ת.מ בעמ,IL,גבישי שום 80גרם,גרמים,80.00,100 גרם,false,,9.90,0.1238,true,1,1334064
7290003681792,false,סוכריות טופי פירות מיה (850 גרם),מיה תעשיות מזון מ.ת.מ. בעמ,IL,טופי פירות 850גרם,גרמים,850.00,100 גרם,false,,14.90,0.0175,true,1,1334066
7290003726141,false,טופו אמיתי כפרי בריא 300 גרם,מחלבות גד שיווק 1992 בעמ,,גבינת טופו משק גאיה,גרמים,300.00,100 גרם,false,,12.90,0.0430,true,1,1327859
7290003726615,false,"טופו ויילר 300 גרם ""שטראוס""",שטראוס גרופ בעמ/מצונן,,גבינת טופו ויילר 300,גרמים,300.00,100 גרם,false,,12.90,0.0430,true,1,2249053
7290003744831,false,אובלטים עם בצל 300 גר',שוקוטרייד בעמ,,אובלטים בצל 300גרם,גרמים,300.00,100 גרם,false,,10.90,0.0363,true,1,1337169
7290003744848,false,אובלטים גריל ברביקיו,שוקוטרייד בעמ,,אובלטים גריל 300 גרם,גרמים,300.00,100 גרם,false,,10.90,0.0363,true,1,1337170
7290003744855,false,אובלטים עם שומשום 300 גר,שוקוטרייד בעמ,,אובלטים שומשום 300 ג,גרמים,300.00,100 גרם,false,,10.90,0.0363,true,1,1337171
7290003744862,false,אובלטים מלוחים דקיקים זעתר ברט (300 גרם),שוקוטרייד בעמ,,אובלטים זעתר 300 גרם,גרמים,300.00,100 גרם,false,,10.90,0.0363,true,1,1337172
7290003781652,false,צלפים במי מלח וילי פוד 230 גרם,ג. וילי-פוד אינטרנשיונל בע`מ,TR,צלפים 350גרם,גרמים,350.00,100 גרם,false,,8.90,0.0254,true,1,1308744
7290003796724,false,שקדי עגל טרי,,,שקדי עגל טרי,קילוגרמים,1.00,"ק""ג",true,,160.00,160.0000,true,1,1344058
7290003804252,false,תיבוליות לאורז בנוסח הודי קנור 80גרם,יוניליוור ישראל שיווק בע`מ,IL,קנור תיבוליות הודי 72 גרם,גרמים,72.00,100 גרם,false,,9.90,0.1375,true,1,1341223
7290003804320,false,תיבולית שום ופטרוזיליה קנור 72 גרם,יוניליוור ישראל שיווק בע`מ,IL,קנור תיבוליות שום 72 גרם,גרמים,72.00,100 גרם,false,,9.90,0.1375,true,1,1341225
7290003804368,false,תיבוליות בזיליקום קנור (8 יח`- 72 גרם),יוניליוור ישראל שיווק בע`מ,IL,קנור תיבוליות 72 גרם,גרמים,72.00,100 גרם,false,,9.90,0.1375,true,1,1341228
7290003804382,false,תיבוליות פטריות קנור (8 יח`- 72 גרם),יוניליוור ישראל שיווק בע`מ,IL,קנור תיבוליות פטריות 72 ג,גרמים,72.00,100 גרם,false,,9.90,0.1375,true,1,1341230
7290003805501,false,"פתית בסגנון שוודי תלמה בד""צ 300 גרם",יוניליוור ישראל שיווק בע`מ,IL,"פתית שוודי בד""צ חדש 300 ג",גרמים,300.00,100 גרם,false,,15.90,0.0530,true,1,1341265
7290003805587,false,"פתית חיטה מלאה בד""צ 250 גרם-קופסא",יוניליוור ישראל שיווק בע`מ,IL,פתית חיטה 250גר,גרמים,250.00,100 גרם,false,,15.90,0.0636,true,1,1341272
7290003807178,false,"רוטב קנור סויה בסגנון סיני 300 מ""ל",יוניליוור ישראל שיווק בע`מ,IL,קנור רוטב סויה בסגנון סינ,מיליליטרים,300.00,"100 מ""ל",false,,12.90,0.0430,true,1,1341306
7290003864478,false,סרדינים בשמן צמחי פתח קל ויליפוד 110 גרם,ג.וילי-פוד אינטרנשיונל בעמ,TH,סרדין בשמן צמחי 110גרם פת,גרמים,110.00,100 גרם,false,,4.40,0.0400,true,1,1308747
7290003864485,false,סרדינים ברוטב עגבנ יות ויליפוד 110ג' פתח קל,ג. וילי-פוד אינטרנשיונל בע`מ,TH,סרדין ברוטב עגבניות 110גר,גרמים,110.00,100 גרם,false,,4.40,0.0400,true,1,1308748
7290003864492,false,סרדינים בשמן צמחי חריף פתח קל ויליפוד 110ג',ג. וילי-פוד אינטרנשיונל בע`מ,TH,סרדין בשמן צמחי חריף 110ג,גרמים,110.00,100 גרם,false,,4.40,0.0400,true,1,1308749
7290003882922,false,עלי גפן ממולאים באורז וילי פוד 360 גרם,ג. וילי-פוד אינטרנשיונל בע`מ,,עלי גפן ממולאים באורז 400,גרמים,400.00,100 גרם,false,,7.90,0.0198,true,1,1308752
7290003903771,false,קפה נמס קפוצ'ינו רגיל 200 ג',שטראוס גרופ בע`מ,IL,קפוצ'ינו רגיל 200 ג/6יח'/,גרמים,200.00,100 גרם,false,,23.90,0.1195,true,1,1342521
7290003976492,false,נוזל לניקוי כלים לעו,,,נוזל לניקוי כלים לעו,מיליליטרים,750.00,"100 מ""ל",false,,9.90,0.0132,true,1,2313042
7290003976522,false,ג'ל כביסה מרוכז בניחוח פרחים,פרפקט Perfect,,ג'ל מרוכז 5 לי בניח,ליטרים,5.00,ליטר,false,,24.90,4.9800,true,1,2310142
7290003989096,false,סלט חצילים פיקנטי אחלה 500 גרם,שטראוס גרופ בעמ/מצונן,IL,חציל פיקנטי 500,גרמים,500.00,100 גרם,false,,13.90,0.0278,true,1,1341835
7290003989539,false,רביולי עם גבינה שטראוס (400 גרם),שטראוס גרופ בעמ/מצונן,IL,רביולי גבינה 400 חדש,גרמים,400.00,100 גרם,false,,18.90,0.0472,true,1,1341836
7290003989553,false,פסטה טורטליני גבינה ופטריות 400 גרם,שטראוס גרופ בעמ/מצונן,IL,טורטלוני פטריות 400 גר' ח,גרמים,400.00,100 גרם,false,,18.90,0.0472,true,1,1341837
7290004006440,false,בקבוק חתול עם ידיות ללא ביספנול טוליפס,אינטרסן (1996) בעמ,,בקבוק לתינוק טוליפ,יח',1.00,יח',false,,12.90,12.9000,true,1,1322132
7290004011338,false,קצפת מתוקה מוכנה ספריי ריץ` (250 מל),נטו מלינדה סחר בע`מ,IT,קצפת ארוסול חלבי,מיליליטרים,250.00,"100 מ""ל",false,,9.90,0.0396,true,1,1329518
7290004011345,false,"ספריי קצפת מתוקה מוכנה פרווה ריץ' 238 מ""ל",האי נאם סי או אל.טי.,IT,קצפת אורוסול פרווה,מיליליטרים,250.00,"100 מ""ל",false,,9.90,0.0396,true,1,1329519
7290004014407,false,עדשי מ&מ'ס חמאת בוטנים46,מרס נדרלנד,,אם אנד אמס פינאטבאטר,גרמים,46.00,100 גרם,false,,4.90,0.1065,true,1,1404432
7290004022309,false,עדשי מ&מ'ס חמאת בוטנים80,מרס,,חטיף חמאת בוטנים MַM,גרמים,89.00,100 גרם,false,,6.90,0.0775,true,1,1788584
7290004026776,false,לחם מחמצת אגוזים וצימוקים,פילסברי,,לחם מחמצת אגוזים וצי,גרמים,500.00,100 גרם,false,,16.90,0.0338,true,1,2088599
7290004030018,false,"פריניב מיץ לימון סחוט פרי לתיבול 500 מ""ל",הנסיך- מפעל לייצור ט,,"מיץ לימון 500 מ""ל",מיליליטרים,500.00,"100 מ""ל",false,,7.90,0.0158,true,1,1393592
7290004030100,false,מיץ תפוזים ולנסיה סחוט 100% 1 ליטר,תנובה - פריניב,,מיץ תפוזים סחוט ולנס,ליטרים,1.00,ליטר,false,,16.90,16.9000,true,1,2294663
7290004030216,false,משקה בטעם חמוציות 1 ליטר פריניב,הנסיך- מפעל לייצור ט,,נקטר חמוציות 1 ליטר,ליטרים,1.00,ליטר,false,,13.90,13.9000,true,1,1393595
7290004030223,false,מיץ תפוחים סחוט רכיבים טבעיים 100% פרי ניב 1 ליטר,הנסיך- מפעל לייצור ט,,מיץ תפוח סחוט 100% 1,ליטרים,1.00,ליטר,false,,15.90,15.9000,true,1,1393596
7290004030544,false,משקה בטעם לימונדה לואיזה ולימון 1 ליטר פריניב,תנובה - פריניב,,מיץ לימונענע 1 ליטר,ליטרים,1.00,ליטר,false,,8.90,8.9000,true,1,1393603
7290004030612,false,"מיץ תפוח, קיווי אגס ללא תוספת סוכר 1 ליטר פרי ניב",הנסיך- מפעל לייצור ט,,מיץ קיוי אגס 1 ליטר,ליטרים,1.00,ליטר,false,,17.90,17.9000,true,1,1393606
7290004030810,false,שייק 100% בננה פסיפלורה תפוז מופחת סוכר1,תנובה - פריניב,,מיץ בננה/פסיפלורה/תפ,ליטרים,1.00,ליטר,false,,18.90,18.9000,true,1,1696862
7290004030834,false,מיץ רימונים סחוט 100% רכיבים טבעיים פרי ניב 1 ליטר,תנובה - פריניב,,מיץ רימון סחוט 1,ליטרים,1.00,ליטר,false,,21.90,21.9000,true,1,1393611
7290004033705,false,הבורגריה – 6 לחמניות המבורגר בשקית,מאפית י את א ברמן בע,,לחמניות המבורגר ביס,גרמים,600.00,100 גרם,false,,13.50,0.0225,true,1,2358525
7290004033712,false,לחם עננים מקמח מלא עם פרוסות עבות,מאפית י את א ברמן בע,,לחם עננים מקמח מלא 7,גרמים,750.00,100 גרם,false,,15.50,0.0207,true,1,2358526
7290004033729,false,לחם עננים מקמח כוסמין עם פרוסות עבות,מאפית י את א ברמן בע,,לחם עננים כוסמין 600,גרמים,600.00,100 גרם,false,,15.50,0.0258,true,1,2358527
7290004033736,false,"עננים לחם לבן בסגנון בריוש עם פרוסות עבות, 500 גרם",מאפית י את א ברמן בע,,לחם עננים בסגנון ברי,גרמים,500.00,100 גרם,false,,15.50,0.0310,true,1,2375018
7290004033804,false,לחם פרוס בסגנון כפרי ללא גלוטן 320 גרם,מאפית י את א ברמן בע,,לחם כפרי ללא גלוטן 3,גרמים,320.00,100 גרם,false,,15.90,0.0497,true,1,2355594
7290004033903,false,חטיפי ברוסקטב אפויים בתיבול שום,מאפיית י.את א. ברמן בעמ,,חטיפי ברוסקטה אפויים,גרמים,150.00,100 גרם,false,,12.90,0.0860,true,1,2429712
7290004033910,false,חטיפי ברוסקטב אפויים בתיבול עגבניות,מאפיית י.את א. ברמן בעמ,,חטיפי ברוסקטה אפויים,גרמים,150.00,100 גרם,false,,12.90,0.0860,true,1,2429713
7290004033927,false,חטיפי פוקצה אפויים בתיבול שום,מאפיית י.את א. ברמן בעמ,,חטיפי פוקצה אפויים ב,גרמים,200.00,100 גרם,false,,12.90,0.0645,true,1,2429714
7290004033934,false,חטיפי פוקצה אפויים בתיבול עגבניות,מאפיית י.את א. ברמן בעמ,,חטיפי פוקצה אפויים ב,גרמים,200.00,100 גרם,false,,12.90,0.0645,true,1,2429715
7290004043108,false,עדשי מ&מ'ס שוקולד 89 גרם,מרס,,חטיף שוקולד MַM אריז,גרמים,89.00,100 גרם,false,,6.90,0.0775,true,1,1788585
7290004043205,false,עדשי שוק.מ&מ'ס בוטנים90ג,מרס,,חטיף בוטנים MַM אריז,גרמים,89.00,100 גרם,false,,6.90,0.0775,true,1,1788586
7290004048679,false,קובה למרק שלושת האופים(כ 18 יח`- 1 קג),נטו מלינדה סחר בעמ,,"קובה למרק 1 ק""ג",קילוגרמים,1.00,"ק""ג",false,,18.90,18.9000,true,1,2227477
7290004063016,false,מלח שולחן מעולה סלית (1 קג)פיקוח,האי נאם סי או אל.טי.,,"מלח שולחן 1 ק""ג",קילוגרמים,1.00,"ק""ג",false,,1.80,1.8000,true,1,1348099
7290004063092,false,"מלח הארץ מלח מדיח 2 ק""ג","מלח הארץ אילת בע""מ",,מלח קריסטלי למדיח כל,קילוגרמים,2.00,"1000ק""ג",false,,12.90,6.4500,true,1,2308036
7290004063115,false,"מלח מטבח עבה להמלחת בשר ובישול 1 ק""ג 1ק""ג",האי נאם סי או אל.טי.,,"מלח בישול 1 ק""ג",קילוגרמים,1.00,"ק""ג",false,,1.80,1.8000,true,1,1348100
7290004064082,false,מטחנה מלח ים טבעי מלח הארץ 100 גרם,חברת מלח הארץ אילת ב,,מטחנה מלח ים טבעי 25,גרמים,250.00,100 גרם,false,,12.90,0.0516,true,1,1458414
7290004064099,false,מטחנה מלח ים מהרי ההימלאיה מלח הארץ 100 גרם,"חברת מלח הארץ אילת בע""\מ",,מטחנה מלח מהרי ההימל,גרמים,300.00,100 גרם,false,,14.90,0.0497,true,1,1458415
7290004064105,false,מטחנה מלח עשבי תיבול מלח הארץ 100 גרם,חברת מלח הארץ אילת ב,,מטחנה מלח עשבי תיבול,גרמים,250.00,100 גרם,false,,14.90,0.0596,true,1,1458398
7290004064174,false,"תבלין מלח ההימלאיה דק בצנצנת 1 ק""ג","חברת מלח הארץ אילת בע""\מ",,"מלח ההימלאיה דק 1 ק""",קילוגרמים,1.00,"ק""ג",false,,16.90,16.9000,true,1,1828410
7290004064181,false,"תבלין מלח ההימלאיה גס בצנצנת 1 ק""ג","חברת מלח הארץ אילת בע""\מ",,"מלח הימלאיה גס 1 ק""ג",קילוגרמים,1.00,"ק""ג",false,,16.90,16.9000,true,1,1828411
7290004064280,false,מלח מופחת נתרן בצנצנת מלח הארץ 600 גרם,חברת מלח הארץ אילת ב,,מלח הארץ מופחת נתרן,גרמים,600.00,100 גרם,false,,14.90,0.0248,true,1,2276257
7290004064297,false,"מלח מועשר ביוד בצנצנת מלח הארץ 1 ק""ג","חברת מלח הארץ אילת בע""\מ",,מלח הארץ מועשר ביוד,קילוגרמים,1.00,"ק""ג",false,,7.90,7.9000,true,1,2276258
7290004064303,false,מלח אטלנטי בצנצנת מלח הארץ 800 גרם,"חברת מלח הארץ אילת בע""\מ",,מלח הארץ אטלנטי 800,גרמים,800.00,100 גרם,false,,14.90,0.0186,true,1,2276259
7290004064334,false,מלח פלוס שום מלחייה 175 ג' מלח הארץ,"חברת מלח הארץ אילת בע""\מ",,מלח פלוס שום מלחייה,גרמים,175.00,100 גרם,false,,9.90,0.0566,true,1,2379288
7290004064358,false,"מלח דק זורם בקלות מלח הארץ קרטון 1 ק""ג","חברת מלח הארץ אילת בע""\מ",,מלח הארץ דק זורם בקל,קילוגרמים,1.00,"ק""ג",false,,4.90,4.9000,true,1,2287114
7290004064365,false,"מלח דק מועשר ביוד מלח הארץ קרטון 1 ק""ג","חברת מלח הארץ אילת בע""\מ",,מלח הארץ דק מועשר בי,קילוגרמים,1.00,"ק""ג",false,,5.90,5.9000,true,1,2287115
7290004064372,false,מטחנת מלח אקסטרא תבלינים איטלקי 105 גר,"חברת מלח הארץ בע""\מ",,מטחנת מלח אקסטרא תבל,גרמים,125.00,100 גרם,false,,14.90,0.1192,true,1,2305890
7290004064389,false,מלח הימלאיה דק 250ג מלחיה סוגת*,"חברת מלח הארץ אילת בע""\מ",,מלח הימלאיה דק מלחיי,גרמים,250.00,100 גרם,false,,9.90,0.0396,true,1,2333825
7290004067045,false,קונפיטורת חמוציות בוודקה 360 גר בית יצחק,מוצרים טבעיים בית יצחק,,קונפיטורת חמוציות בו,גרמים,360.00,100 גרם,false,,19.90,0.0553,true,1,2262471
7290004067175,false,מעדן שזיפים 100% פרי ל.ת.סוכר בית יצחק 284ג',בית יצחק,,מעדן שזיפים 100% פרי,גרמים,284.00,100 גרם,false,,14.90,0.0525,true,1,2262472
7290004067182,false,מעדן חבושים ללא סוכר,,,מעדן חבושים 100% פרי,גרמים,284.00,100 גרם,false,,14.90,0.0525,true,1,2262473
7290004067281,false,קונפיטורת אגסים ביין 360 גרם בית יצחק,מוצרים טבעיים בית יצחק,,קונפיטורת אגסים ביין,גרמים,360.00,100 גרם,false,,19.90,0.0553,true,1,2262476
7290004067427,false,מעדן פטל 100% פרי ל.ת.סוכר בית יצחק 284ג',בית יצחק,,מעדן פטל 100% פרי,גרמים,284.00,100 גרם,false,,14.90,0.0525,true,1,2262477
7290004067441,false,מעדן תפוזים 100% פרי ל.ת.סוכר בית יצחק 284ג',בית יצחק,,מעדן תפוז 100% פרי,גרמים,284.00,100 גרם,false,,14.90,0.0525,true,1,2262478
7290004067472,false,קונפיטורת תפוח עץ וקינמון בית יצחק 370 ג',,,קונפיטורת תפוח עץ וק,גרמים,370.00,100 גרם,false,,14.90,0.0403,true,1,2344374
7290004067519,false,מעדן דובדבן 100% פרי בית יצחק,בית יצחק,,מעדן דובדבן 100% פרי,גרמים,284.00,100 גרם,false,,14.90,0.0525,true,1,2262480
7290004067656,false,מעדן פירות יער 100% פרי ל.ת.סוכר בית יצחק 284ג',בית יצחק,,מעדן פירות יער 100%,גרמים,284.00,100 גרם,false,,14.90,0.0525,true,1,2262483
7290004067953,false,"מעדן גויאבה ללת""ס 100% פרי 284 גר",,,מעדן גויאבה 100% פרי,גרמים,284.00,100 גרם,false,,14.90,0.0525,true,1,2262484
7290004068011,false,יוגורט כבשים בדלי 5% שומן 600 ג' גד,מחלבות גד שיווק 1992 בעמ,IL,יוגורט כבשים 5% 600 גרם,גרמים,600.00,100 גרם,false,,16.90,0.0282,true,1,1327860
7290004068028,false,"יוגורט צזיקי לשתיה 3.5% 500 מ""ל רובין",מחלבות גד שיווק 1992 בעמ,IL,יוגורט צי'זקי 0.5 ליטר,מיליליטרים,500.00,"100 מ""ל",false,,9.90,0.0198,true,1,1327861
7290004068035,false,"איירן יוגורט לשתייה 3% גד 500 מ""ל",מחלבות גד שיווק 1992 בעמ,IL,"איירן 0.5 ליטר בד""ץ",מיליליטרים,500.00,"100 מ""ל",false,,7.90,0.0158,true,1,1327862
7290004068172,false,"יוגורט עיזים בדלי 5% 600 מ""ל רובין",מחלבות גד שיווק 1992 בעמ,IL,יוגורט עיזים 600 גרם,גרמים,600.00,100 גרם,false,,16.90,0.0282,true,1,1327864
7290004068196,false,מוצרלה מגוררת 500 גר`גד,מחלבות גד שיווק 1992 בעמ,IL,מוצרלה מגורדת 500 גרם בדץ,גרמים,500.00,100 גרם,false,,29.90,0.0598,true,1,1327866
7290004068585,false,גאודה עיזים משולשים משקל,מחלבת אמלטי הולנד,,גבינה גאודה עיזים מש,קילוגרמים,1.00,"ק""ג",true,,130.00,130.0000,true,1,1398591
7290004068912,false,גרנה פדנו משולש במשקל,מחלבות גד,,גבינת פרמזן גרנה פדנ,קילוגרמים,1.00,"ק""ג",true,,125.00,125.0000,true,1,2303663
7290004078225,false,"שטיפת פה קולגייט פלקס מינט ירוק 500מ""ל",קולגייט- פלמוליב,BR,קולגייט פלקס ירוק 500 מל,מיליליטרים,500.00,"100 מ""ל",false,,24.90,0.0498,true,1,1338675
7290004078263,false,מקלות אוזניים פלסטיק 2* 200 יחידות,ש. שסטוביץ בע`מ,GR,בלונס מקלות אוזניים זוג,יח',400.00,יח',false,,10.90,0.0273,true,1,1338676
7290004078270,false,נוזל לניקוי כלים בריח לימון פלמוליב 1 ליטר,יבואן ומשווק: ש. שסט,GR,פלמוליב צילינדר לימון 1 ל,ליטרים,1.00,ליטר,false,,13.90,13.9000,true,1,1338677
7290004078690,false,"אגקס נוזל לניקוי אסלות מרענן 750 מ""ל",הנסיך- מפעל לייצור ט,FR,אגקס שירותים מרענן חדש 75,גרמים,750.00,100 גרם,false,,14.90,0.0199,true,1,1338679
7290004078942,false,ליידי ספיד סטיק - דאודורנט ג'ל לאישה 65 גרם,קולגייט-פלמוליב,US,ליידי ספיד סטיק גל בסיסי,גרמים,63.00,100 גרם,false,,19.90,0.3159,true,1,1338680
7290004084110,false,סוכר קוביות 500 גרם,,,סוכר קוביות 500 גרם,גרמים,500.00,100 גרם,false,,7.90,0.0158,true,1,1328438
7290004091217,false,"גודרס להברקת כלי כסף 125 מ""ל",אס סי גונסון פורטוגל,PT,גודרס להברקת כלי כסף 125מ,מיליליטרים,144.00,"100 מ""ל",false,,18.90,0.1312,true,1,1353029
7290004119010,false,גבינת שדה מותכת 25% תנובה 500 גרם,תנובה בעמ ***,,גבינת שדה 500 גרם.,גרמים,500.00,100 גרם,false,,11.90,0.0238,true,1,1340028
7290004119133,false,כד יוגורט תנובה 6.5% שומן 1.5 ליטר,מיוצר עי קונדיטוריית,,יוגורט 6.5% שומן 1.5,ליטרים,1.50,ליטר,false,,16.90,11.2667,true,1,1340029
7290004119225,false,יופלה יוגורט בטעם אננס %3 150 גרם,תנובה מרכז שיתופי לש,,יופלה אננס 3%.,גרמים,150.00,100 גרם,false,,4.70,0.0313,true,1,1340030
7290004119928,false,מעדן חלב בטעם וניל 2% קרלו תנובה 125 גרם,מחלבת אלון תבור,,מעדן קרלו וניל.,מיליליטרים,125.00,"100 מ""ל",false,,2.70,0.0216,true,1,1340032
7290004119973,false,קרלו מעדן שוקו רביעיה גביע 1.5% 125 גרם,תנובה מרכז שיתופי לש,,מעדן קרלו.,מיליליטרים,125.00,"100 מ""ל",false,,2.70,0.0216,true,1,1340033
7290004120061,false,מעדן חלב בטעם שוקו וניל שוניל 2% קרלו 125 גרם,תנובה מרכז שיתופי לש,,מעדן קרלו שוניל.,מיליליטרים,125.00,"100 מ""ל",false,,2.80,0.0224,true,1,1340034
7290004120108,false,יופלה דיאט יוגורט דובדבן %0 גביע 150גרם,תנובה מרכז שיתופי לש,,יופלה דובדבן דיאט.,גרמים,150.00,100 גרם,false,,4.70,0.0313,true,1,1340035
7290004120283,false,"שוקו בשקית תנובה 225 מ""ל בד""ץ",תנובה -חלב,,"שוקו שוק בשקית בד""צ.",מיליליטרים,225.00,"100 מ""ל",false,,2.60,0.0116,true,1,1340038
7290004120566,false,גבינה בולגרית (25024% גרם)פיראוס תנובה,"תנובה בע""מ ***",,בולגרית 24% פיראוס 2,גרמים,250.00,100 גרם,false,,21.90,0.0876,true,1,1340039
7290004120634,false,גבינה בולגרית (2505% גרם)פיראוס תנובה,תנובה מרכז שיתופי לש,,בולגרית פיראוס 5% 25,גרמים,250.00,100 גרם,false,,21.90,0.0876,true,1,1340041
7290004120832,false,"חלב 2 ליטר 3% כד ""תנובה""- מוצר בפיקוח",תנובה מרכז שיתופי לש,,חלב שומן 3% כד 2 ליט,ליטרים,2.00,ליטר,false,,12.40,6.2000,true,1,1340042
7290004121488,false,יוגורט ביו דיאט 0% אפרסק יופלה (150 גרם),תנובה מרכז שיתופי לש,,יופלה אפרסק 0%.,גרמים,150.00,100 גרם,false,,4.70,0.0313,true,1,1340043
7290004121525,false,יופלה מאגדת פרי 4 תות 4 אפרסק 3% 8 יח'*150 ג',תנובה מרכז שיתופי לש,,מאגדת 8 יופלה 3% אפר,גרמים,1200.00,100 גרם,false,,28.90,0.0241,true,1,1340044
7290004121754,false,יוגורט ביו עוגת גבינה ותות 3% יופלה 150 גרם,תנובה בעמ ***,,יוגורט ביו בטעם עוג,גרמים,150.00,100 גרם,false,,4.70,0.0313,true,1,1340045
7290004121839,false,גבינת פטה כבשים (25020% גרם)פיראוס בול,תנובה מרכז שיתופי לש,,גבינה פטה 20% פיראוס,גרמים,250.00,100 גרם,false,,25.90,0.1036,true,1,1340046
7290004121853,false,גבינה בולגרית קוביות (2005% גרם)פיראוס,תנובה מרכז שיתופי לש,,בולגרית קוביות 5% פי,גרמים,200.00,100 גרם,false,,19.90,0.0995,true,1,1340047
7290004122119,false,פתיתי פרמזן לפסטה 23% השף הלבן 100 גרם,"תנובה בע""מ ***",,פתיתי גבינה פרמזן 10,גרמים,100.00,100 גרם,false,,11.90,0.1190,true,1,1340050
7290004122195,false,גוש חלב גבינה צהובה פרוסה 28% תנובה 200 גרם,"תנובה בע""מ ***",,גבינה גוש חלב 200 גר,גרמים,200.00,100 גרם,false,,12.90,0.0645,true,1,1340051
7290004122270,false,עמק קלאסית פרוסות גבינה חצי קשה 28% 200 גרם,תנובה מרכז שיתופי לש,,גבינה עמק פרוס 28% ב,גרמים,200.00,100 גרם,false,,15.90,0.0795,true,1,1516703
7290004122348,false,גבינה צהובה מופחתת שומן 9% עמק (200 גרם),תנובה מרכז שיתופי לש,,גבינה עמק לייט 9% 20,גרמים,200.00,100 גרם,false,,16.90,0.0845,true,1,1340053
7290004122607,false,גבינת עמק לייט 9% במשקל,תנובה מרכז שיתופי לש,,"גבינה עמק לייט ק""ג.",קילוגרמים,1.00,"ק""ג",true,,70.00,70.0000,true,1,1340055
7290004122676,false,גבינה חמד לייט (2505% גרם)פיראוס תנובה,"תנובה,מחלבת טנא נוגה",,גבינה חמד 5% גביע מד,גרמים,250.00,100 גרם,false,,17.90,0.0716,true,1,1340056
7290004122683,false,עמק חטיף אצבעות גבינה חצי קשה 28% שומן,תנובה מרכז שיתופי לש,,אצבעות עמק 28% 172 ג,גרמים,172.00,100 גרם,false,,15.90,0.0924,true,1,1340057
7290004124205,false,יופלה דיאט יוגורט תות %0 גביע 150 גרם,תנובה מרכז שיתופי לש,,יופלה תות דיאט.,גרמים,150.00,100 גרם,false,,4.70,0.0313,true,1,1340065
7290004124847,false,"קצפת צמחית השף הלבן 500 מ""ל תנובה",תנובה מרכז שיתופי לש,,קצפת צמחית השף הלבן,מיליליטרים,500.00,"100 מ""ל",false,,14.90,0.0298,true,1,1340066
7290004125370,false,"שמנת חמוצה 9% מופחתת שומן תנובה 200 מ""ל מהדרין",תנובה מרכז שיתופי לש,,"שמנת 9% שומן 200 מ""ל",מיליליטרים,200.00,"100 מ""ל",false,,3.50,0.0175,true,1,1340068
7290004125400,false,"אשל שלי מהדרין 200 מ""ל 4.5% ""תנובה""- מוצר בפיקוח",פארייפאבה אגרואינדוס,,אשל מהדרין 4.5% 200,מיליליטרים,200.00,"100 מ""ל",false,,1.65,0.0082,true,1,1340069
7290004125417,false,"גיל 3% שלי 200 מ""ל ""תנובה"" -מוצר בפיקוח",תנובה מרכז שיתופי לש,,"גיל מהדרין 3% 200 מ""",מיליליטרים,200.00,"100 מ""ל",false,,1.50,0.0075,true,1,1340070
7290004125455,false,"שמנת חמוצה 200 מ""ל 15% ""תנובה"" -מוצר בפיקוח",תנובה מרכז שיתופי לש,,שמנת חמוצה מהדרין 20,מיליליטרים,200.00,"100 מ""ל",false,,2.40,0.0120,true,1,1340071
7290004125462,false,"שמנת חמוצה 15% תנובה 500 מ""ל מהדרין",תנובה מרכז שיתופי לש,,"שמנת חמוצה 500 מ""ל.",מיליליטרים,500.00,"100 מ""ל",false,,6.00,0.0120,true,1,1340072
7290004125509,false,"שמנת חמוצה 15% מועשרת תנובה 100 מ""ל",תנובה מרכז שיתופי לש,,"שמנת אורגינל 100 מ""ל",מיליליטרים,100.00,"100 מ""ל",false,,1.60,0.0160,true,1,1340073
7290004125578,false,משקה סויה מעושר בסידן תנובה 1ל',תנובה מרכז שיתופי לש,,משקה סויה מעושר בסיד,ליטרים,1.00,ליטר,false,,10.90,10.9000,true,1,1340074
7290004125585,false,משקה סויה בטעם וניל תנובה 1 ליטר,תנובה מרכז שיתופי לש,,משקה סויה בוקר וניל,ליטרים,1.00,ליטר,false,,10.90,10.9000,true,1,1340075
7290004125721,false,"השף הלבן שמנת עמידה לבישול 15% תנובה 250 מ""ל",תנובה מרכז שיתופי לש,,שמנת לבישול 15%שומן,מיליליטרים,250.00,"100 מ""ל",false,,7.90,0.0316,true,1,1340076
7290004125738,false,שמנת מתוקה להקצפה32% 250מל עמיד השף הלבן,תנובה מרכז שיתופי לש,,שמנת עמידה להקצפה 32,מיליליטרים,250.00,"100 מ""ל",false,,6.50,0.0260,true,1,1340077
7290004125776,false,גבינה צהובה קלאסית 28% עמק (400 גרם),"תנובה בע""מ ***",,עמק פרוס בקופסא 28%,גרמים,400.00,100 גרם,false,,28.90,0.0722,true,1,1340078
7290004126650,false,גבינה צפתית 5% תנובה,תנובה מרכז שיתופי לש,,גבינה צפתית 5% תנובה,קילוגרמים,1.00,"ק""ג",true,,50.00,50.0000,true,1,1340080
7290004126674,false,טל העמק פרוסות גבינה חצי קשה לייט %9 200 גרם בקופסא,תנובה מרכז שיתופי לש,,גבינה טל עמק לייט 9%,גרמים,200.00,100 גרם,false,,18.90,0.0945,true,1,1340081
7290004126759,false,דאיט יופלה פירות יער טו יוג פרי 150גר.,"תנובה בע""מ ***",,יופלה פירות יער דיאט,גרמים,150.00,100 גרם,false,,4.70,0.0313,true,1,1340082
7290004126872,false,משקאות חלב תנובה שוקו בקבוק 250מל,תנובה - חלב,,שוקו שוק בקבוק 250 מ,מיליליטרים,250.00,"100 מ""ל",false,,5.30,0.0212,true,1,1340083
7290004127077,false,קוטג תנובה 3% גביע 250 גרם מהדרין,מיוצר עי קונדיטוריית,,קוטג' 3% תנובה 250 ג,גרמים,250.00,100 גרם,false,,5.40,0.0216,true,1,1340084
7290004127329,false,קוטג תנובה גביע 250 גרם %5 ו.מהדרין,מיוצר עי קונדיטוריית,,קוטג' 5% תנובה מהדרי,גרמים,250.00,100 גרם,false,,5.40,0.0216,true,1,1340085
7290004127336,false,קוטג תנובה גביע 250 גרם %9 ו.מהדרין,מיוצר עי קונדיטוריית,,קוטג' 9% תנובה 250 ג,גרמים,250.00,100 גרם,false,,5.40,0.0216,true,1,1340086
7290004127817,false,גבינה לבנה 9% שומן 500 ג' תנובה,מיוצר עי קונדיטוריית,,גבינה לבנה 9% 500 גר,גרמים,500.00,100 גרם,false,,9.40,0.0188,true,1,1340089
7290004127862,false,"גבינה לבנה 750 גרם 5% ""תנובה"" - מוצר בפיקוח",תנובה מרכז שיתופי לש,,גבינה לבנה 5% 750 גר,גרמים,750.00,100 גרם,false,,14.85,0.0198,true,1,1340090
7290004127916,false,גבינה לבנה 0.5% שומן 500 ג' תנובה,תנובה מרכז שיתופי לש,,גבינה למריחה 0.5% 50,גרמים,500.00,100 גרם,false,,9.40,0.0188,true,1,1340092
7290004128333,false,לאבנה על בסיס יוגורט %9 שומן 500 ג' פיראוס,תנובה בעמ ***,,לאבנה פיראוס 9% 500,גרמים,500.00,100 גרם,false,,19.90,0.0398,true,1,1340096
7290004128340,false,קרם גבינת שמנת %5 בטעם טבעי 200 ג' תנובה,"תנובה בע""מ ***",,גבינת שמנת בטעם טבעי,גרמים,200.00,100 גרם,false,,10.90,0.0545,true,1,1340097
7290004128364,false,קרם גבינת שמנת 5% עם זיתים ירוקים 200 ג' תנובה,"תנובה, מחלבת תל יוסף",,גבינת שמנת זיתים 5%,גרמים,200.00,100 גרם,false,,10.90,0.0545,true,1,1340098
7290004128401,false,גבינת פטה פיראוס במש,תנובה חלב,,פטה כבשים פיראוס 20%,קילוגרמים,1.00,"ק""ג",true,,99.00,99.0000,true,1,1340099
7290004128432,false,פתיתים מיוחדים לפיצה על בסיס גבינה 500 ג',תנובה - חלב,,פתיתים לפיצה שף לבן,גרמים,500.00,100 גרם,false,,22.90,0.0458,true,1,1340100
7290004129101,false,גבינת שמנת 25% בטעם טבעי 225 ג' נפוליאון,תנובה מרכז שיתופי לש,,גבינת נפולאון טבעי 2,גרמים,225.00,100 גרם,false,,12.90,0.0573,true,1,1340101
7290004129156,false,גבינת שמנת25% עם שום שמיר 225 ג' נפוליאון,תנובה מרכז שיתופי לש,,גבינת נפולאון + שום,גרמים,225.00,100 גרם,false,,12.90,0.0573,true,1,1340103
7290004129767,false,"3% 'יופלה לבן מארז שמינייה 1.2 ק""ג",תנובה מרכז שיתופי לש,,מאגדת 8 יופלה לבן.,גרמים,1200.00,100 גרם,false,,16.90,0.0141,true,1,1340109
7290004130695,false,משקאות חלב תנובה אייס קפה בבקבוק 1ל,תנובה מרכז שיתופי לש,,שוקו אייס קפה בבקבוק,ליטרים,1.00,ליטר,false,,12.90,12.9000,true,1,1340111
7290004130794,false,משקה סויה במתיקות מופחתת תנובה (1 ליטר),תנובה מרכז שיתופי לש,,משקה סויה מעושר טבעי,ליטרים,1.00,ליטר,false,,10.90,10.9000,true,1,1340112
7290004130916,false,יוגורט יופלה פירות יער בשמנת 3% 150 גרם,תנובה מרכז שיתופי לש,,יופלה 3% פירות יער ב,גרמים,150.00,100 גרם,false,,4.70,0.0313,true,1,1340113
7290004131074,false,"חלב 1 ליטר 3% קרטון ""תנובה""- מוצר בפיקוח",תנובה מרכז שיתופי לש,,חלב 3% שומן מהדרין ק,ליטרים,1.00,ליטר,false,,6.20,6.2000,true,1,1340115
7290004131432,false,יוגורט יופלה לבן ביו 3% 200 גרם,מיוצר עי קונדיטוריית,,יופלה לבן חלב תנובה,גרמים,200.00,100 גרם,false,,3.60,0.0180,true,1,1340120
7290004131814,false,גבינת צפתית מעודנת (2005% גרם)פיראוס ת,פארייפאבה אגרואינדוס,,צפתית 5% מעודנת פירא,גרמים,200.00,100 גרם,false,,13.90,0.0695,true,1,1340124
7290004131845,false,לאבנה גביע 9% 750 גר`פיראוס תנובה,תנובה מרכז שיתופי לש,,לאבנה 9% 750גר,גרמים,750.00,100 גרם,false,,22.90,0.0305,true,1,2312034
7290004132552,false,משקה סויה בטעם טבעי לייט תנובה 1 ליטר,תנובה מרכז שיתופי לש,,משקה סויה בוקר לייט,ליטרים,1.00,ליטר,false,,10.90,10.9000,true,1,1340129
7290004132712,false,חטיף אצבעות גבינת מוצרלה 20% 172 ג' עמק,תנובה מרכז שיתופי לש,,אצבעות עמק מוצרלה 17,גרמים,174.00,100 גרם,false,,15.90,0.0914,true,1,1340132
7290004132903,false,גבינה לבנה 3% מהדרין תנובה 250 גרם,תנובה מרכז שיתופי לש,,"גבינה לבנה 3% בד""צ 2",גרמים,250.00,100 גרם,false,,4.70,0.0188,true,1,1340133
7290004133511,false,יופלה מאגדת לבן 1.5% מעודן 8 יח' * 150 ג',מיוצר עי קונדיטוריית,,מארז 8 יופלה לבן 1.5,גרמים,1200.00,100 גרם,false,,19.90,0.0166,true,1,1340136
7290004134945,false,יוגורט ביו 3% בטעם מוקה יופלה (150 גרם),תנובה מרכז שיתופי לש,,יופלה מוקה 3%.,גרמים,150.00,100 גרם,false,,4.70,0.0313,true,1,1340141
7290004135225,false,מעדן חלב דל קלוריות בטעם שוקולד 0.2שומ,תנובה מרכז שיתופי לש,,מעדן דיאט שוקולדה 0%,גרמים,150.00,100 גרם,false,,3.70,0.0247,true,1,1340147
7290004135324,false,פיראוס בולגרית מע5%משקל,תנובה מרכז שיתופי לש,,גבינה בולגרית 5% מעו,קילוגרמים,1.00,"ק""ג",true,,40.00,40.0000,true,1,1340149
7290004135614,false,גבינה בולגרית מעודנת 5% פיראוס 250 גרם,"תנובה בע""מ ***",,בולגרית מעודנת 5% פי,גרמים,250.00,100 גרם,false,,21.90,0.0876,true,1,1340152
7290004136154,false,"משקה חלב אייס קפה תנובה בבקבוק 340 מ""ל",גוד פוד פרודקטס S.p,,שוקו אייס קפה בבקבוק,מיליליטרים,340.00,"100 מ""ל",false,,6.50,0.0191,true,1,1340157
7290004136291,false,צפתית 5% מעודנת תנוב,תנובה חלב,,צפתית 5% מעודנת תנוב,קילוגרמים,1.00,"ק""ג",true,,50.00,50.0000,true,1,1340161
7290004136598,false,מארז הפסקת אוכל עם קורנפלקס ומשקה חלב עמיד בטעם וניל,פארייפאבה אגרואינדוס,,מארז הפסקת אוכל.,מיליליטרים,150.00,"100 מ""ל",false,,7.90,0.0527,true,1,1340164
7290004136857,false,מעדן ג`לי בטעם פטל תנובה (125 גרם),תנובה מרכז שיתופי לש,,ג'לי פטל תנובה.,מיליליטרים,125.00,"100 מ""ל",false,,2.20,0.0176,true,1,1340166
7290004136864,false,מעדן ג'לי בטעם אננס עם חתיכות תנובה 125 גרם,תנובה בעמ ***,,ג'לי אננס + חתיכות א,מיליליטרים,125.00,"100 מ""ל",false,,2.50,0.0200,true,1,1340167
7290004136871,false,מעדן ג'לי בטעם אפרסק עם חתיכות תנובה 125 גרם,תנובה מרכז שיתופי לש,,ג'לי אננס + חתיכות א,מיליליטרים,125.00,"100 מ""ל",false,,2.50,0.0200,true,1,1340168
7290004137021,false,"שמנת עמידה לבישול מופחת שומן 10% השף הלבן 250 מ""ל",תנובה מרכז שיתופי לש,,שמנת לבישול 10% שומן,מיליליטרים,250.00,"100 מ""ל",false,,7.90,0.0316,true,1,1340169
7290004137311,false,גבינה צהובה מופחתת שומן 9% עמק (400 גרם),"תנובה בע""מ ***",,עמק לייט משפחתית 9%,גרמים,400.00,100 גרם,false,,29.90,0.0747,true,1,1340171
7290004146986,false,נקה 7 שמפו לשיער צבוע ומובהר 750 מל,החברה הדרומית לשיווק בעמ,IL,שמפו נקה 7 שיער צבוע750מ,מיליליטרים,750.00,"100 מ""ל",false,,11.90,0.0159,true,1,1344448
7290004146993,false,נקה 7 מרכך שיער צבוע ומובהר 750 מל,החברה הדרומית לשיווק בעמ,IL,מרכך נקה 7 שיער צבוע750מ,מיליליטרים,750.00,"100 מ""ל",false,,11.90,0.0159,true,1,1344449
7290004147020,false,גיישנית מקורית/יפאני,קונסיגנציה- ש. י גיספאן 1993,JP,גיישנית ליפה יפאנית,יחידה,0.00,יחידה,false,,19.90,0.0000,true,1,1308597
7290004147051,false,קיסמי שיניים רפואיים 300 יח`,קונסיגנציה- ש. י גיספאן 1993,,"קיסמי שיניים 300 יח "" רפ",יח',300.00,יח',false,,9.90,0.0330,true,1,1308598
7290004147150,false,ליפות/רצועות/וספוגים- מערוב,קונסיגנציה- ש. י גיספאן 1993,CN,ליפה גב / כפפה / וספוג י,00000000000000000000,0.00,00000000000000000000,false,,9.90,0.0000,true,1,1308600
7290004147266,false,רפידות אל ריח,מיה טריידינג,CN,רפידות פחם,יח',2.00,יח',false,,9.90,4.9500,true,1,1308603
7290004147280,false,שקית כביסון,מיה טריידינג,CN,כביסון 50 / 70,יח',1.00,יח',false,,9.90,9.9000,true,1,1308605
7290004147334,false,סוגרן שקיות מזון,מיה טריידינג,CN,סוגרן שקיות,יח',5.00,יח',false,,8.90,1.7800,true,1,1308608
7290004150112,false,חומוס מזרחי פיקנטי פרימיום 300 גרם שמיר,"סלטי שמיר 2006 בע""\מ",,חומוס מזרחי 300 גרם,יחידה,0.00,יחידה,false,,14.90,0.0000,true,1,2421981
7290004150129,false,טחינה פיקנטי פרימיום 300 גרם,"סלטי שמיר 2006 בע""\מ",,טחינה 300 גרם פיקנטי,יחידה,0.00,יחידה,false,,14.90,0.0000,true,1,2421982
7290004150136,false,חציל על האש פיקנטי פרימיום 300 גרם שמיר,"סלטי שמיר 2006 בע""\מ",,חציל על האש 300 גרם,יחידה,0.00,יחידה,false,,14.90,0.0000,true,1,2421983
7290004150143,false,חציל במיונז פיקנטי פרימיום 300 גרם שמיר,"סלטי שמיר 2006 בע""\מ",,חציל במיונז 300 גרם,יחידה,0.00,יחידה,false,,14.90,0.0000,true,1,2421984
7290004150150,false,חציל בטחינה פיקנטי פרימיום 300 גרם שמיר,"סלטי שמיר 2006 בע""\מ",,חציל בטחינה 300 גרם,יחידה,0.00,יחידה,false,,14.90,0.0000,true,1,2421985
7290004150167,false,"תפו""א במיונז 300 גרם פיקנטי פרימיום שמיר","סלטי שמיר 2006 בע""\מ",,"תפו""א במיונז 300 גרם",יחידה,0.00,יחידה,false,,14.90,0.0000,true,1,2421986
7290004150174,false,קולסלאו פיקנטי פרימיום 300 גרם שמיר,"סלטי שמיר 2006 בע""\מ",,קולסלאו 300 גרם פיקנ,יחידה,0.00,יחידה,false,,14.90,0.0000,true,1,2421987
7290004150181,false,חמוצים סיני פיקנטי פרימיום 300 גרם שמיר,"סלטי שמיר 2006 בע""\מ",,חמוצים סיני 300 גרם,יחידה,0.00,יחידה,false,,14.90,0.0000,true,1,2421988
7290004150198,false,סלק מגורד פיקנטי פרימיום 300 גרם שמיר,"סלטי שמיר 2006 בע""\מ",,סלק מגורד 300 גרם פי,יחידה,0.00,יחידה,false,,14.90,0.0000,true,1,2421989
7290004150204,false,מטבוחה 300 גרם פיקנטי פרימיום,"סלטי שמיר 2006 בע""\מ",,מטבוחה 300 גרם פיקנט,יחידה,0.00,יחידה,false,,14.90,0.0000,true,1,2421990
7290004150211,false,תורכי איסטנבול פיקנטי פרימיום 300 גרם שמיר,"סלטי שמיר 2006 בע""\מ",,תורכי איסטנבול 300 ג,יחידה,0.00,יחידה,false,,14.90,0.0000,true,1,2421991
7290004150228,false,כרוב אדום פיקנטי פרימיום 300 גרם שמיר,"סלטי שמיר 2006 בע""\מ",,כרוב אדום 300 גרם פי,יחידה,0.00,יחידה,false,,14.90,0.0000,true,1,2421992
7290004150235,false,חומוס עם חריף פיקנטי פרימיום 300 גרם שמיר,"סלטי שמיר 2006 בע""\מ",,חומוס עם חריף 300 גר,יחידה,0.00,יחידה,false,,14.90,0.0000,true,1,2421993
7290004194185,false,עוף מספר 2 קפוא חלק הרב מחפוד,עוף ירושלים,,עוף מס 2 מחפוד,קילוגרמים,1.00,"ק""ג",true,,24.90,24.9000,true,1,1323371
7290004194208,false,כרעיים עוף חלק רב מחפוד קפוא,עוף ירושלים,,כרעיים עוף מחפוד,קילוגרמים,1.00,"ק""ג",true,,34.90,34.9000,true,1,1323373
7290004194239,false,מחפוד-חזה עוף קפוא מהדרין,עוף ירושלים,,חזה עוף מחפוד,קילוגרמים,1.00,"ק""ג",true,,34.90,34.9000,true,1,1323374
7290004194253,false,כנפיים עוף קפוא ארוז חלק מחפוד.,עוף ירושלים,,כנפיים עוף מחפוד,קילוגרמים,1.00,"ק""ג",true,,12.90,12.9000,true,1,1323375
7290004194260,false,מחפוד-שוקיים עוף קפוא מהדרין,עוף ירושלים,,שוקיים עוף מחפוד,קילוגרמים,1.00,"ק""ג",true,,34.90,34.9000,true,1,1323376
7290004194345,false,שניצל עוף קפוא פרוס מחפוד,עוף ירושלים,,שניצל עוף מחפוד,קילוגרמים,1.00,"ק""ג",true,,36.90,36.9000,true,1,1516126
7290004199074,false,סאני פלסטר אינטרסן 5,אינטרסן (1996) בעמ,,פלסטרים,יח',50.00,יח',false,,5.90,0.1180,true,1,1322134
7290004199166,false,כפפות לאטקס קטן איזי טאצ` (100),הדקלאים אגודת שיתופי,,כפפות לאטקס S,יח',100.00,יח',false,,24.90,0.2490,true,1,1322137
7290004199173,false,כפפות לטקס איזי טאצ 100 יח מדיום,הדקלאים אגודת שיתופי,,כפפות לאטקס M,יח',100.00,יח',false,,24.90,0.2490,true,1,1322138
7290004199180,false,כפפות לאטקס לארג` איזי טאצ` (100),הדקלאים אגודת שיתופי,,כפפות לאטקס L,יח',100.00,יח',false,,24.90,0.2490,true,1,1322139
7290004199203,false,קיסמי שיניים במבוק מלחיה לב הוסטס (300),הדקלאים אגודת שיתופי,,קיסמי שיניים עץ 300,יח',300.00,יח',false,,3.50,0.0117,true,1,1322140
7290004199234,false,כפפות לטקס איזי טאצ 100 יח אקסטרא לארג,אינטרסן 1996 בעמ,,כפפות לאטקס XL,יחידה,0.00,יחידה,false,,24.90,0.0000,true,1,1322141
7290004199326,false,כוס אימון מהפכנית טוליפס פרמיום,אינטרסן (1996) בעמ,,כוס אימון TULIPS,יח',1.00,יח',false,,14.90,14.9000,true,1,1322143
7290004199579,false,פלסטר מעורב 100 יח' - SUNNY PLASTER,הדקלאים אגודת שיתופי,,פלסטר 100 יחידות מעו,יח',100.00,יח',false,,9.90,0.0990,true,1,1322145
7290004199777,false,צימרוני אוזניים פלסטיק בכוס 300 יחידות אינטרסאן,אינטרסן (1996) בעמ,,צימרונים לאוזנים 300,יח',300.00,יח',false,,6.90,0.0230,true,1,1322146
7290004199784,false,כפפות S לטקס עם איבוק עדין 100 יח- SAFE TOUCH,אינטרסן (1996) בעמ,,כפפות לאטקס S,יח',100.00,יח',false,,18.90,0.1890,true,1,1322147
7290004199791,false,כפפות M לטקס עם איבוק עדין 100 יח- SAFE TOUCH,אינטרסן (1996) בעמ,,כפפות לאטקס M,יח',100.00,יח',false,,18.90,0.1890,true,1,2306335
7290004199807,false,כפפות L לטקס עם איבוק עדין 100 יח- SAFE TOUCH,אינטרסן (1996) בעמ,,כפפות לאטקס L,יח',100.00,יח',false,,18.90,0.1890,true,1,1322149
7290004219826,false,מלבין קפה הולנדי קומפלטה 400ג',ג. וילי-פוד אינטרנשיונל בע`מ,NL,מלבין קפה הולנדי 400גרם,גרמים,400.00,100 גרם,false,,19.90,0.0497,true,1,1308758
7290004225285,false,גבינה בסגנון דנאבלו 100 גר,האי נאם סי או אל.טי.,,בסגנון דנאבלו 100 גר,גרמים,100.00,100 גרם,false,,12.90,0.1290,true,1,1329520
7290004228415,false,פיצה משפחתית עבה סיציליאנית שגב 425 גרם,נטו מילנדה סחר בעמ*,,פיצה עבה שגב,גרמים,425.00,100 גרם,false,,15.90,0.0374,true,1,2273423
7290004228804,false,עלי בצק לסיגרים ואגרול שלושת האופים (450,נטו מלינדה סחר בע`מ,,עלי סיגר,גרמים,450.00,100 גרם,false,,13.90,0.0309,true,1,2289432
7290004229870,false,שלושת האופים בורקס פטריות 800 גרם,נטו מילנדה סחר בעמ*,,בורקס פטריות,גרמים,800.00,100 גרם,false,,15.90,0.0199,true,1,2230996
7290004230326,false,"שטרודל פילו תפ""ע שגב לנדא",שלושת האופים שגמור,IL,שטרודל פילו שגב,גרמים,600.00,100 גרם,false,,16.90,0.0282,true,1,1329521
7290004230333,false,מקלות בורקס פילו תפ`א 600 גר` שגב קפוא,שלושת האופים שגמור,IL,"מקלות פילו תפו""א שגב",גרמים,600.00,100 גרם,false,,16.90,0.0282,true,1,1329522
7290004230340,false,מקלות בורקס פילו תרד ובצל שגב 600 ג,שלושת האופים שגמור,IL,מקלות פילו תרד ובצל שגב,גרמים,600.00,100 גרם,false,,16.90,0.0282,true,1,1329523
7290004230364,false,שגב מקלות בורקס פילו גבינה צרפתי 600 גר,שלושת האופים שגמור,IL,בורקס פילו צרפתי שגב,גרמים,600.00,100 גרם,false,,16.90,0.0282,true,1,1329525
7290004230371,false,מקלות בורקס פילו פיצה 600 גר` `שגב` קפ,שלושת האופים שגמור,IL,מקלות פילו פיצה שגב,גרמים,600.00,100 גרם,false,,16.90,0.0282,true,1,1329526
7290004230944,false,מקלות פילו גבינה 600 גר' שלושת האופים לנדא,שלושת האופים שגמור,IL,מקלות פילו גבינה,גרמים,600.00,100 גרם,false,,14.90,0.0248,true,1,1329528
7290004255008,false,בית חנוכייה קטן שרגא,,,בית חנוכייה קטן,יחידה,0.00,יחידה,false,,49.90,0.0000,true,1,2326381
7290004255237,false,נר נשמה 48 שעות רבני,מנורה,IL,"נרות נשמה צדיקים , דולקים",יח',1.00,יח',false,,7.90,7.9000,true,1,1352953
7290004255305,false,נר נשמה שבועי בפלסטיק מנורה,"מנורה שי נר בע""מ",,נר נשמה 7 ימים בפלסט,יחידה,0.00,יחידה,false,,8.90,0.0000,true,1,2285973
7290004255343,false,נריות 72 בקופסא - 4 שעות,"מנורה שי נר בע""מ",IL,"נריות 72 יחידות , דולקים",יח',72.00,יח',false,,19.90,0.2764,true,1,1352954
7290004255367,false,נריות 63 בקופסא - 6 שעות,"מנורה שי נר בע""מ",IL,"נריות 63 יחידות , דולקים",יח',63.00,יח',false,,22.90,0.3635,true,1,1352955
7290004255619,false,נר חימום מנורה שי נר) (100,"מנורה שי נר בע""מ",IL,נרות חימום מנורה 100 יחיד,יח',100.00,יח',false,,19.90,0.1990,true,1,1352958
7290004256180,false,גאודה הולנדית30.3% משקל,וויסר קאשנדל בי.וי נ,,"גבינה גאודה ק""ג פנימ",קילוגרמים,1.00,"ק""ג",true,,90.00,90.0000,true,1,2210624
7290004256197,false,גאודה הולנד עז30.6%משקל,וויסר קאשנדל בי.וי נ,,גאודה עיזים הולנדית,קילוגרמים,1.00,"ק""ג",true,,99.00,99.0000,true,1,2310488
7290004324605,false,גבינה מותכת למריחה בטעם רוקפור 7% מון בלאן 120 ג',נטו מילנדה סחר בעמ*,IL,גבינת מון בלאן רוקפור 120,גרמים,120.00,100 גרם,false,,9.90,0.0825,true,1,1329532
7290004329266,false,עוף ללא עצמות,,,עוף ללא עצמות,קילוגרמים,1.00,"ק""ג",true,,49.90,49.9000,true,1,1344060
7290004329495,false,גרון עוף,,,גרון עוף,קילוגרמים,1.00,"ק""ג",true,,4.90,4.9000,true,1,1344061
7290004329501,false,גרון הודו,,,גרון הודו,קילוגרמים,1.00,"ק""ג",true,,24.90,24.9000,true,1,1344062
7290004329525,false,שניצל עוף דק טרי,,,שניצל עוף דק טרי,קילוגרמים,1.00,"ק""ג",true,,54.90,54.9000,true,1,1344063
7290004329587,false,לבבות הודו טרי,,,לבבות הודו טרי,קילוגרמים,1.00,"ק""ג",true,,29.90,29.9000,true,1,1344065
7290004329594,false,קורקבן הודו טרי,,,קורקבן הודו טרי,קילוגרמים,1.00,"ק""ג",true,,7.90,7.9000,true,1,1344066
7290004329600,false,כבד הודו,,,כבד הודו,קילוגרמים,1.00,"ק""ג",true,,29.90,29.9000,true,1,1344067
7290004329617,false,אשכי הודו,,,אשכי הודו,קילוגרמים,1.00,"ק""ג",true,,149.00,149.0000,true,1,1344068
7290004329624,false,שוקיים הודו טרי,,,שוקיים הודו טרי,קילוגרמים,1.00,"ק""ג",true,,24.90,24.9000,true,1,1344069
7290004329631,false,כנפיים הודו טרי,,,כנפיים הודו טרי,קילוגרמים,1.00,"ק""ג",true,,14.90,14.9000,true,1,1344070
7290004329655,false,חזה הודו,,,חזה הודו,קילוגרמים,1.00,"ק""ג",true,,34.90,34.9000,true,1,1344071
7290004329662,false,בשר הודו אדום,,,בשר הודו אדום,קילוגרמים,1.00,"ק""ג",true,,59.90,59.9000,true,1,1344072
7290004329679,false,שווארמה הודו,,,שווארמה הודו,קילוגרמים,1.00,"ק""ג",true,,69.90,69.9000,true,1,1344073
7290004329693,false,טחול עוף,,,טחול עוף,קילוגרמים,1.00,"ק""ג",true,,49.90,49.9000,true,1,1344074
7290004329709,false,קורקבן עוף,,,קורקבן עוף,קילוגרמים,1.00,"ק""ג",true,,7.90,7.9000,true,1,1344075
7290004329716,false,לבבות עוף,,,לבבות עוף,קילוגרמים,1.00,"ק""ג",true,,29.90,29.9000,true,1,1344076
7290004329723,false,כבד עוף טרי,,,כבד עוף טרי,קילוגרמים,1.00,"ק""ג",true,,29.90,29.9000,true,1,1344077
7290004329730,false,חזה עוף שלם,,,חזה עוף שלם,קילוגרמים,1.00,"ק""ג",true,,34.90,34.9000,true,1,1344078
7290004329747,false,כנפיים עוף,,,כנפיים עוף,קילוגרמים,1.00,"ק""ג",true,,9.90,9.9000,true,1,1344079
7290004329754,false,שוקיים עוף טרי,,,שוקיים עוף טרי,קילוגרמים,1.00,"ק""ג",true,,29.90,29.9000,true,1,1344080
7290004329761,false,ירכיים עוף טרי,,,ירכיים עוף טרי,קילוגרמים,1.00,"ק""ג",true,,29.90,29.9000,true,1,1344081
7290004329778,false,כרעיים עוף,,,כרעיים עוף,קילוגרמים,1.00,"ק""ג",true,,29.90,29.9000,true,1,1344082
7290004329808,false,כתף עגל טרי,,,כתף עגל טרי,קילוגרמים,1.00,"ק""ג",true,,69.00,69.0000,true,1,1344085
7290004329860,false,אסאדו עם עצם,,,אסאדו עם עצם,קילוגרמים,1.00,"ק""ג",true,,49.90,49.9000,true,1,1344090
7290004339173,false,המבורגר קינואה 400גרם טבע דלי,טבע דלי,IL,"בורגר צמחוני קינואה, עדשי",גרמים,400.00,100 גרם,false,,24.90,0.0622,true,1,1329220
7290004339401,false,המבורגר אורז עדשים 400גרם טבע דלי,טבע דלי,IL,"בורגר צמחוני אורז, עדשים",גרמים,400.00,100 גרם,false,,24.90,0.0622,true,1,1329221
7290004339432,false,סייטן קפוא טבעי 500 גרם טבע דלי,טבע דלי בעמ,IL,"גוש סייטן כפרי (""בשר"", מק",גרמים,500.00,100 גרם,false,,17.90,0.0358,true,1,1329224
7290004339692,false,סייטן קפוא ביתי 500 גרם טבע דלי,טבע דלי,IL,"גוש סייטן טבעי (""עוף"", מק",גרמים,500.00,100 גרם,false,,17.90,0.0358,true,1,1329236
7290004339777,false,סייטן טחון בולונז 350 גרם טבע דלי,טבע דלי,IL,בולונז מהצומח,גרמים,350.00,100 גרם,false,,25.90,0.0740,true,1,1329238
7290004339784,false,המבורגר ניו יורק מהצומח על הגריל טבע דלי 400 גרם,טבע דלי,IL,"המבורגר מהצומח, קציצה על",גרמים,400.00,100 גרם,false,,24.90,0.0622,true,1,1329239
7290004339838,false,סייטן קבב מהצומח 350 גרם טבע דלי,טבע דלי,IL,קבב סייטן מהצומח,גרמים,350.00,100 גרם,false,,25.90,0.0740,true,1,1329242
7290004339937,false,סייטן אמרנט ברוטב סויה סילאן ושום 350 גר,טבע דלי,,סייטן אמרנט רצועות ב,גרמים,350.00,100 גרם,false,,24.90,0.0711,true,1,1409865
7290004339999,false,טבע דלי סייטן אמרנט שניצלונים 400גר,טבע דלי,,שניצלוני סייטן אמרנט,גרמים,400.00,100 גרם,false,,27.90,0.0697,true,1,2389549
7290004351199,false,נקסקר מיקרופור '0.5,,,נקסקר מיקרופור '0.5,מטרים,9.10,מטר,false,,14.90,1.6374,true,1,2409533
7290004351205,false,אגד רפואי עשוי נייר,,,אגד רפואי עשוי נייר,יח',1.00,יח',false,,19.90,19.9000,true,1,2331669
7290004386825,false,שעועית בגודל ענק אפויה ברוטב עגבניות -מוכן לאכילה,ג. וילי-פוד אינטרנשיונל בע`מ,,שעועית ענק ברוטב עגב,גרמים,420.00,100 גרם,false,,9.90,0.0236,true,1,2311964
7290004419141,false,עוגת דובדבן בשוקולד מלבנית 500 גר,ברון מפעל לייצור עוג,,עוגת פס דובדבן בשוקו,גרמים,500.00,100 גרם,false,,35.90,0.0718,true,1,1363876
7290004419196,false,עוגת וופלים ריבת חלב,,,עוגת וופלים ריבת חלב,גרמים,270.00,100 גרם,false,,32.90,0.1219,true,1,1363881
7290004419202,false,"עוגת 22 ס""ס",,,"עוגת 22 ס""ס",גרמים,1200.00,100 גרם,false,,114.90,0.0958,true,1,1363882
7290004456023,false,הודו נקבה שלם,,,הודו נקבה שלם,קילוגרמים,1.00,"ק""ג",true,,24.90,24.9000,true,1,1344091
7290004456061,false,כבד עגל טרי,,,כבד עגל טרי,קילוגרמים,1.00,"ק""ג",true,,24.90,24.9000,true,1,1344093
7290004456078,false,"חזה בקר ע""ע טרי",,,"חזה בקר ע""ע טרי",קילוגרמים,1.00,"ק""ג",true,,49.90,49.9000,true,1,1344094
7290004456085,false,סטייק אנטריקוט עם עצ,,,סטייק אנטריקוט עם עצ,קילוגרמים,1.00,"ק""ג",true,,99.00,99.0000,true,1,1344095
7290004456801,false,פרגיות עוף שלם טרי,,,פרגיות עוף שלם טרי,קילוגרמים,1.00,"ק""ג",true,,59.90,59.9000,true,1,1344100
7290004456818,false,שניצל עוף פרוס,,,שניצל עוף פרוס,קילוגרמים,1.00,"ק""ג",true,,44.90,44.9000,true,1,1344101
7290004456931,false,עוף טרי מפורק,,,עוף טרי מפורק,קילוגרמים,1.00,"ק""ג",true,,24.90,24.9000,true,1,1344102
7290004464851,false,מידנייט U קרם גוף 400 משאבה,חלאבין,,קרם גוף מידנייט,מיליליטרים,400.00,"100 מ""ל",false,,25.90,0.0647,true,1,1327720
7290004469634,false,ספל פלסטיק עדי (שחו,,,ספל פלסטיק עדי (שחו,יחידה,0.00,יחידה,false,,4.90,0.0000,true,1,2379619
7290004470630,false,פח קליק 6 ליטר תמה צ,,,פח קליק 6 ליטר תמה צ,יחידה,0.00,יחידה,false,,22.90,0.0000,true,1,2380992
7290004480219,false,גבינת צ'דר 35% במשקל,וואיק פארמס לימיטיד,,צ'דר,קילוגרמים,1.00,"ק""ג",true,,109.00,109.0000,true,1,2400155
7290004480332,false,גבינת גאודה30%משולש משקל,מחלבות גד,,גבינה גאודה קשה מחלב,קילוגרמים,1.00,"ק""ג",true,,110.00,110.0000,true,1,2401420
7290004480349,false,"משולש גבינת גאודה עיזים ""גד""",מחלבת אמלטי הולנד,,גבינה גאודה עיזים מש,קילוגרמים,1.00,"ק""ג",true,,129.00,129.0000,true,1,2401421
7290004485191,false,"עוף טבעי שלם ארוז ק""ג",שונות,,עוף טבעי שלם במגש,קילוגרמים,1.00,"ק""ג",true,,29.90,29.9000,true,1,1329533
7290004485207,false,"חזה עוף טבעי ארוז ק""ג",שונות,,חזה עוף טבעי במגש,קילוגרמים,1.00,"ק""ג",true,,44.90,44.9000,true,1,1329534
7290004485214,false,"פילה עוף טבעי ארוז ק""ג",שונות,,פילה עוף טבעי במגש,קילוגרמים,1.00,"ק""ג",true,,49.90,49.9000,true,1,1329535
7290004485221,false,"שניצל עוף טבעי ארוז ק""ג",שונות,,שניצל עוף טבעי במגש,קילוגרמים,1.00,"ק""ג",true,,49.90,49.9000,true,1,1329536
7290004485238,false,סטייק פרגית ע.ארוז קג,שונות,,סטייק פרגית עוף טבעי,קילוגרמים,1.00,"ק""ג",true,,74.90,74.9000,true,1,1329537
7290004485245,false,"כרעיים עוף טבעי ארוז ק""ג",שי שירן,,כרעיים עוף טבעי במגש,קילוגרמים,1.00,"ק""ג",true,,39.90,39.9000,true,1,1329538
7290004485252,false,"שוקיים ע.טבעי ארוז ק""ג",שונות,,שוקיים עוף טבעי במגש,קילוגרמים,1.00,"ק""ג",true,,44.90,44.9000,true,1,1329539
7290004485269,false,"ירכיים עוף טבעי ארוז ק""ג",שונות,,ירכיים עוף טבעי במגש,קילוגרמים,1.00,"ק""ג",true,,34.90,34.9000,true,1,1329540
7290004485276,false,"כנפיים עוףטבעי ארוז ק""ג",שי שירן,,כנפיים עוף טבעי במגש,קילוגרמים,1.00,"ק""ג",true,,14.90,14.9000,true,1,1329541
7290004485283,false,לבבות עוף טבעי טרי ב,שונות,,לב עוף טבעי במגש,קילוגרמים,1.00,"ק""ג",true,,34.90,34.9000,true,1,1329542
7290004485290,false,"כבד עוף טבעי ארוז ק""ג",שונות,,כבד עוף טבעי במגש,קילוגרמים,1.00,"ק""ג",true,,39.90,39.9000,true,1,1329543
7290004492274,false,בייגלה טבעות מלוחות בייגל בייגל 400 גרם,יוניליוור ישראל שיווק בע`מ,IL,בייגל בייגל בייגלה מלח 40,גרמים,400.00,100 גרם,false,,9.90,0.0248,true,1,1341318
7290004492762,false,"נשנושים תירס אפוי טעם טבעי בייגל בייגל 325 גרם בד""צ",יוניליוור ישראל שיווק בע`מ,IL,נשנושים תירס 325גר,גרמים,325.00,100 גרם,false,,12.90,0.0397,true,1,1341323
7290004494063,false,יין דלתון פטיט סירה 750 מל,הכרם -משקאות חריפים בעמ,,יין דלתון,מיליליטרים,750.00,"100 מ""ל",false,,59.90,0.0799,true,1,1333779
7290004494117,false,כנען לבן מבושל (דלתו,"יקב דלתון בע""מ",,יין דלתון כנען לבן,מיליליטרים,750.00,"100 מ""ל",false,,39.90,0.0532,true,1,1389702
7290004494131,false,יין דלתון קברנה סוביניון גליל,הכרם - משקאות חריפים בעמ,,יין דלתון קברנה סובי,מיליליטרים,750.00,"100 מ""ל",false,,59.90,0.0799,true,1,1333781
7290004494131,false,יין דלתון קברנה סוביניון גליל,הכרם - משקאות חריפים בעמ,,יין דלתון קברנה סובי,מיליליטרים,750.00,"100 מ""ל",false,,59.90,0.0799,true,1,2416081
7290004494148,false,"דלתון גליל מרלו 750 מ""ל",הכרם - משקאות חריפים בעמ,,יין דלתון מרלו D,מיליליטרים,750.00,"100 מ""ל",false,,59.90,0.0799,true,1,1333782
7290004494179,false,יין דלתון שרדונה 750 מל,הכרם -משקאות חריפים בע`מ,,יין דלתון שרדונה D,מיליליטרים,750.00,"100 מ""ל",false,,59.90,0.0799,true,1,1333783
7290004494315,false,יין כנען מוסקטו דלתון 750 מל,הכרם - משקאות חריפים בעמ,,יין דלתון מוסקאטו,מיליליטרים,750.00,"100 מ""ל",false,,39.90,0.0532,true,1,1333785
7290004494377,false,יין אדום יבש שיראז יקב דלתון (750 מל),הכרם - משקאות חריפים בעמ,,יין דלתון שיראז D,מיליליטרים,750.00,"100 מ""ל",false,,59.90,0.0799,true,1,1333788
7290004494599,false,"יין עלמה קרימזון 750 מ""ל דלתון","יקב דלתון בע""מ",,יין דלתון עלמה בורדו,מיליליטרים,750.00,"100 מ""ל",false,,79.90,0.1065,true,1,1333790
7290004494919,false,יין כנען קברנה שיראז 750 מל דלתון,הכרם - משקאות חריפים בעמ,,יין דלתון שיראז,מיליליטרים,750.00,"100 מ""ל",false,,39.90,0.0532,true,1,1379083
7290004502690,false,וודקה פינלנדיה 1 ליטר,,,פינלנדיה 1 ליטר.,ליטרים,1.00,ליטר,false,,94.90,94.9000,true,1,2387041
7290004532062,false,גרעין אבטיח קלוי 200 גרם,פיצוחי הטיב,,גרעיני אבטיח 200 גרם,גרמים,200.00,100 גרם,false,,11.90,0.0595,true,1,1334611
7290004532147,false,הטיב קבוקים 200ג,"גיי אנג גי פקאנס בע""",,קבוקים 200 גרם.,גרמים,200.00,100 גרם,false,,4.90,0.0245,true,1,1334619
7290004532161,false,אלמנדוס 200 גרם הטיב,יושלם,,"חטיף מנצ""ס 200 גרם",גרמים,200.00,100 גרם,false,,8.90,0.0445,true,1,1334621
7290004532246,false,צימוק שחור 200ג-'פ.הטיב,"גיי אנג גי פקאנס בע""",,צימוק שחור מגש 200 ג,גרמים,200.00,100 גרם,false,,7.90,0.0395,true,1,1334625
7290004532581,false,בוטנים קלויים 200ג' הטיב,פיצוחי הטיב,,בוטנים קלוי 200 גרם,גרמים,200.00,100 גרם,false,,6.90,0.0345,true,1,1334640
7290004544539,false,לחמניות סנדביץ ללא גלוטן 6 יח`,מאפית אריאל שיווק והפצה,,לחמניית סנדבייץ ללא,"י""ח",6.00,"י""ח",false,,17.90,2.9833,true,1,2428145
7290004544546,false,שליש בגט ללא גלוטן 4 יח,מאפית אריאל שיווק והפצה,,שליש בגט ללא גולטן,"י""ח",4.00,"י""ח",false,,17.90,4.4750,true,1,2428146
7290004544553,false,לחמניה המבורגר ללא גלוטן 4 יח`,מאפית אריאל שיווק והפצה,,לחמניה המבורגר,"י""ח",4.00,"י""ח",false,,17.90,4.4750,true,1,2428147
7290004544560,false,לחמניה מיני ללא גלוטן 10 יח`,מאפית אריאל שיווק והפצה,,לחמניה מיני ללא גול,"י""ח",10.00,"י""ח",false,,17.90,1.7900,true,1,2428148
7290004549350,false,גרעיני חמניה ששון הק,"דין שיווק וקלייה בע""",,גרעין שחור קלוי 400,גרמים,400.00,100 גרם,false,,8.90,0.0223,true,1,1327517
7290004584351,false,גבינה לבנה סימפוניה עם תוספות 200 ג' חמישית 200,שטראוס גרופ בעמ/מצונן,IL,סימפ' החמישית,גרמים,200.00,100 גרם,false,,10.90,0.0545,true,1,1341839
7290004584528,false,יוגורט דנונה ביו לבן 1.7% שומן 200 גרם,שטראוס גרופ בעמ/מצונן,IL,"דנונה ביו טבעי 1.5%, 200",גרמים,200.00,100 גרם,false,,3.30,0.0165,true,1,1341840
7290004585907,false,דני ועדן וניל 1.5% 125ג' שטראוס,שטראוס גרופ בעמ/מצונן,IL,דני וניל,גרמים,125.00,100 גרם,false,,2.70,0.0216,true,1,1341841
7290004603175,false,מלח הים האדום גס מלח הארץ (500 גרם),"חברת מלח הארץ אילת בע""\מ",IL,מלח הים האדום גס 500 גרם,גרמים,500.00,100 גרם,false,,7.90,0.0158,true,1,1339313
7290004639006,false,קוסקוס תונסאי קפוא מטעמי פאר (800 גרם),מטעמי פאר (א.מ.נ) בעמ,,קוסקוס טוניסאי 800 ג,גרמים,800.00,100 גרם,false,,14.90,0.0186,true,1,1355102
7290004652401,false,ג'חנון ללא מרגרינה שגב 650 גר' לנדא,נטו מלינדה סחר בעמ,,"ג""חנון ללא מרגרינה 6",גרמים,650.00,100 גרם,false,,19.90,0.0306,true,1,2379374
7290004652418,false,מיני ג'חנון ללא מרגרינה שגב 650 גרם,נטו מילנדה סחר בעמ*,,"מיני ג""חנון ללא מרגר",גרמים,650.00,100 גרם,false,,19.90,0.0306,true,1,2379375
7290004658809,false,קדמון אדום 750מל,,,יין קדמון אדום,מיליליטרים,750.00,"100 מ""ל",false,,39.90,0.0532,true,1,1308261
7290004658953,false,יין סוביניון בלאן פרייבט קולקשן יקבי כרמל,"כד בני דרום בע""מ",,יין סוביניון בלאן,מיליליטרים,750.00,"100 מ""ל",false,,38.90,0.0519,true,1,1308263
7290004658960,false,יין אמרלד ריזלינג פרייבט קולקשן יקבי כרמל,אגודת הכורמים הקואופרטיב,,יין אמרלד ריזלינג,מיליליטרים,750.00,"100 מ""ל",false,,38.90,0.0519,true,1,1308264
7290004685010,false,לחם 100% שיפון פלוס לחם הארץ 500 גר',מאפית י את א ברמן בע,,לחם קל שיפון 100%,גרמים,500.00,100 גרם,false,,15.50,0.0310,true,1,1485760
7290004685027,false,לחם חיטה מלאה פלוס לחם הארץ 500 גרם,מאפית י את א ברמן בע,,לחם קל מחיטה מלאה,גרמים,500.00,100 גרם,false,,15.90,0.0318,true,1,1485761
7290004685089,false,לחם הארץ לחם חמניות 500 גר',מאפית י את א ברמן בע,,לחם חמניות,גרמים,500.00,100 גרם,false,,15.90,0.0318,true,1,1485808
7290004685126,false,לחם 5 דגנים פרוס לחם הארץ (750 גרם),מאפית י את א ברמן בע,,לחם הארץ 5 דגנים 750,גרמים,750.00,100 גרם,false,,14.90,0.0199,true,1,1327413
7290004685157,false,לחם שיפון 100% פרוס לחם הארץ (750 גרם),מאפית י את א ברמן בע,,לחם הארץ שיפון 750 ג,גרמים,750.00,100 גרם,false,,15.50,0.0207,true,1,1327416
7290004685195,false,לחם 10 דגנים פרוס לחם הארץ (750 גרם),מאפית י את א ברמן בע,,לחם הארץ 10 דגנים 75,גרמים,750.00,100 גרם,false,,15.50,0.0207,true,1,1327417
7290004685201,false,לחם הארץ שיפון אגוזים500,מאפית י את א ברמן בע,,לחם הארץ שיפון אגוזי,גרמים,500.00,100 גרם,false,,15.50,0.0310,true,1,1327418
7290004685225,false,לחם פומפרניקל פרוס לחם הארץ (750 גרם),מאפית י את א ברמן בע,,לחם הארץ שיפון פומפר,גרמים,750.00,100 גרם,false,,15.50,0.0207,true,1,1327419
7290004685430,false,100% לחם כומסין 500 גר לחם הארץ,מאפית י את א ברמן בע,,לחם כוסמין 100%,גרמים,500.00,100 גרם,false,,15.50,0.0310,true,1,1522920
7290004685447,false,לחמניות כוסמין 6 יח בשקית מלא 450 גר`E,מאפית ברמן מקבוצת י. את,,לחמניות כוסמין 6 יח,גרמים,450.00,100 גרם,false,,10.00,0.0222,true,1,2281158
7290004685454,false,לחם שיבולת שועל 500 גר`ברמן,מאפית י את א ברמן בע,,לחם שיבולת שועל 500,גרמים,500.00,100 גרם,false,,15.90,0.0318,true,1,2313154
7290004731076,false,אל סבון נוזלי עם אלוורה כיף 1 ליטר,החברה הדרומית לשיווק בעמ,IL,אל סבון כיף אלוורה 1ליטר,ליטרים,1.00,ליטר,false,,14.90,14.9000,true,1,1319697
7290004731090,false,אל סבון נוזלי קמומיל כיף (1 ליטר),החברה הדרומית לשיווק בעמ,IL,אל סבון כיף קמומיל 1ליטר,ליטרים,1.00,ליטר,false,,14.90,14.9000,true,1,1319699
7290004731410,false,"שלישיית כריות קרצוף ירוקות סנו סושי 25X10.6 ס""מ",החברה הדרומית לשיווק בעמ,IL,סנו סושי3כרית קרצוף ירוק,יח',3.00,יח',false,,9.90,3.3000,true,1,1319712
7290004731472,false,"שלישיית אלסבון צבעוני כיף 500 מ""ל",החברה הדרומית לשיווק בעמ,IL,500מX3 אלסבון כיף צבעוני,ליטרים,1.50,ליטר,false,,19.90,13.2667,true,1,1319713
7290004731519,false,"מקסימה מרכך ומבשם כביסה למייבש סנסיטיב סנו 750 מ""ל",החברה הדרומית לשיווק בעמ,IL,מקסימה למייבש סנסטיב750מ,מיליליטרים,750.00,"100 מ""ל",false,,17.90,0.0239,true,1,1319714
7290004731557,false,"מקסימה תרסיס מרכך ומבשם כביסה במייבש מאסק סנו 750 מ""ל",החברה הדרומית לשיווק בעמ,IL,מקסימה למייבש מאסק 750מל,מיליליטרים,750.00,"100 מ""ל",false,,17.90,0.0239,true,1,1319715
7290004731564,false,"מקסימה מבשם ומרכך למייבש הכביסה בלו בלוסום 750 מ""ל",החברה הדרומית לשיווק בעמ,,מרסס למייבש כביסה סנ,מיליליטרים,750.00,"100 מ""ל",false,,17.90,0.0239,true,1,1710846
7290004731670,false,"מטהר אוויר דואופרש פצ'ולי לבנדר סנו 300 מ""ל",החברה הדרומית לשיווק בעמ,IL,דואו פרש פצ'ולי לבנדר300,מיליליטרים,300.00,"100 מ""ל",false,,10.90,0.0363,true,1,1319717
7290004731687,false,"מטהר אויר בניחוח וניל ולמון גראס סנו 300 מ""ל",סנו מפעלי ברונוס בעמ,IL,דואו פרש וניל למון 300מל,מיליליטרים,300.00,"100 מ""ל",false,,10.90,0.0363,true,1,1319718
7290004731984,false,משחת שיניים אורביטול להלבנה 145 גר,טרופיקל דגיל תעשיות קוסמ,,משחת שיניים אורביטול,גרמים,145.00,100 גרם,false,,9.90,0.0683,true,1,2311182
7290004737719,false,אספרגוס שלם מקולף בצנצנת ויליפוד 330 גרם,ג.וילי-פוד אינטרנשיונל בעמ,CN,אספרגוס שלם מקולף בצנצ' 3,גרמים,330.00,100 גרם,false,,10.90,0.0330,true,1,1308760
7290004737900,false,חלב כחוש מרוכז וממותק בתוספת שמן צמחי ויליפוד 397 גרם,ג. וילי-פוד אינטרנשיונל בע`מ,LT,חלב מרוכז ממותק 397גרם,גרמים,397.00,100 גרם,false,,9.90,0.0249,true,1,1308762
7290004810207,false,פרש וואנס פדיות קוסמ,על בד,IL,פ.ו פדיות קוסמטיות 80יח',יח',80.00,יח',false,,5.90,0.0738,true,1,1353039
7290004952785,false,פריכיות דקות מאורז מלא וכוסמת אורגני 100 גרם הרדוף,פרח תעשיות,,פריכיות אורז וכוסמת,גרמים,100.00,100 גרם,false,,10.90,0.1090,true,1,1389129
7290004952792,false,פריכיות אורז מלא דקות אורגני הרדוף 100גר,פרח תעשיות,,פריכיות אורז מלא אור,גרמים,100.00,100 גרם,false,,10.90,0.1090,true,1,1389130
7290004977009,false,עמבה הודית סלטי משני,משני,,עמבה הודית סלטי משני,גרמים,300.00,100 גרם,false,,14.90,0.0497,true,1,2309921
7290004977016,false,ממרח לימון סלטי משני,סלטי משני,,ממרח לימון סלטי משני,גרמים,300.00,100 גרם,false,,12.90,0.0430,true,1,2309922
7290004977023,false,סלט אבוקדו עם ביצים 300 גרם,כ.מ.מ שיווק סלטי משני בעמ,,סלט אבוקדו ובצל סלטי,גרמים,300.00,100 גרם,false,,19.90,0.0663,true,1,2309923
7290004982355,false,גבינת צדר טריפל במשק,א. סיימן סחר בעמ,,גבינה צדר אנגלי 3 צב,קילוגרמים,1.00,"ק""ג",true,,109.00,109.0000,true,1,1550223
7290004982393,false,גבינה ברס בלו במשקל1,בנוגראן,,"גבינה ברס בלו 1 ק""ג",קילוגרמים,1.00,"ק""ג",true,,185.00,185.0000,true,1,1550207
7290005008184,false,"סבון נוזלי בניחוח חלב שקדים פלמוליב 500 מ""ל",הנסיך- מפעל לייצור ט,TR,פלמוליב שקדים 500מל חדש,מיליליטרים,500.00,"100 מ""ל",false,,15.90,0.0318,true,1,1338685
7290005008191,false,"סבון נוזלי ארומה בניחוח לבנדר פטצ'ולי וילנג ילנג פלמוליב 500 מ""ל",הנסיך- מפעל לייצור ט,TR,פלמוליב ארומה סגול 500מל,מיליליטרים,500.00,"100 מ""ל",false,,15.90,0.0318,true,1,1338686
7290005020162,false,וויסקי סקוטי בלנטייס פיינסט 700 מל,טמפו משקאות בע`מ,,וויסקי בלנטיינס 40%,מיליליטרים,700.00,"100 מ""ל",false,,79.90,0.1141,true,1,1323917
7290005068058,false,תירס קל מופחת קלוריות 550 ג' פרי הגליל,ויטה- פרי גליל (החדשה) בעמ,IL,תירס קל א -2פג,גרמים,550.00,100 גרם,false,,6.90,0.0125,true,1,1347222
7290005068447,false,"גרגרי תירס קל בוואקום ללת""ס פרי גליל 340ג'",ויטה- פרי גליל (החדשה) בעמ,IL,תירס קל 12אונק פג,גרמים,340.00,100 גרם,false,,5.90,0.0174,true,1,1347223
7290005068492,false,לקט ירקות מעורבים 700 גרם פרי-גליל,ויטה- פרי גליל (החדשה) בעמ,IL,לקט ירק מעורב 700( 20יח'),גרמים,700.00,100 גרם,false,,9.90,0.0141,true,1,1347224
7290005068553,false,פרי גליל לקט בורגנדי מוקפא 700 גרם,ויטה- פרי גליל (החדשה) בעמ,IL,לקט בורגונדי 700,גרמים,700.00,100 גרם,false,,14.90,0.0213,true,1,1347225
7290005079238,false,פטה עיזים מעודנת16% משקל,מחלבת משק צוריאל,IL,"פטה עיזים מעודנת 16% 4 ק""",קילוגרמים,1.00,"ק""ג",true,,90.00,90.0000,true,1,1328510
7290005079290,false,גבנצ 15% נעם חריץ מעדנייה,החב` המרכזית - טרה,,גבינה צהובה נעם 15%,קילוגרמים,1.00,"ק""ג",true,,69.00,69.0000,true,1,1396692
7290005079320,false,בולגרית גלילית 24% במשקל,החברה המרכזית טלהפצת משקאות בע,,בולגרית 24% גלילית צ,קילוגרמים,1.00,"ק""ג",true,,59.00,59.0000,true,1,1423407
7290005079344,false,מוצרלה נועם רכיבים ט,מחלבת משק צוריאל,,"גבינת מוצרלה נעם ק""ג",קילוגרמים,1.00,"ק""ג",true,,79.00,79.0000,true,1,1833201
7290005079412,false,חריץ אמנטל נועם מהדרין,החברה המרכזית טלהפצת משקאות בע,,חריץ אמנטל נעם,קילוגרמים,1.00,"ק""ג",true,,59.00,59.0000,true,1,2283973
7290005084355,false,סנסודין משחת שיניים דואל קר פלואוריד 75,גלקסו סמית קליין,GB,"סנסודיין דואלקר 75 מ""ל",מיליליטרים,75.00,"100 מ""ל",false,,19.90,0.2653,true,1,1346444
7290005113222,false,זיתים קוקטייל וגמבה יבנה 350ג',קבוצת יבנה,,מיקס זיתים,גרמים,560.00,100 גרם,false,,6.90,0.0123,true,1,1359190
7290005172007,false,טוסטר לחיצה 4 נירוסט,,,טוסטר לחיצה 4 נירוסט,יחידה,0.00,יחידה,false,,199.90,0.0000,true,1,2400515
7290005172212,false,טוסטר קופץ דפנות חמו,,,טוסטר קופץ דפנות חמו,יחידה,0.00,יחידה,false,,59.90,0.0000,true,1,2400516
7290005172243,false,פלטה כפול לבן,,,פלטה כפול לבן,יחידה,0.00,יחידה,false,,129.90,0.0000,true,1,2415467
7290005174513,false,חציל על האש במיונז אחלה 400 גרם+225גר,שטראוס גרופ בעמ/מצונן,IL,חצילים במיונז 500 ג,גרמים,500.00,100 גרם,false,,13.90,0.0278,true,1,1341842
7290005174551,false,סלט חומוס עם צנוברים 125 ג' אחלה,שטראוס גרופ בעמ/מצונן,IL,חומוס יום-יום 125 גרם,גרמים,125.00,100 גרם,false,,4.50,0.0360,true,1,1341843
7290005174568,false,אחלה יום יום חצילים במיונז 125 גרם,שטראוס גרופ בעמ/מצונן,IL,חציל במיונז 125 גרם,גרמים,125.00,100 גרם,false,,4.50,0.0360,true,1,1341844
7290005174575,false,טחינה אחלה יום יום משובחת 125ג',שטראוס גרופ בעמ/מצונן,IL,טחינה 125 משובחת,גרמים,125.00,100 גרם,false,,4.50,0.0360,true,1,1341845
7290005175428,false,"קמח תירס לל""ג ריבארה 500 ג'",ג. וילי-פוד אינטרנשיונל בע`מ,AR,קמח תירס אינסטנט 500גרם,גרמים,500.00,100 גרם,false,,5.90,0.0118,true,1,1308764
7290005175589,false,"קמח תירס ללא גלוטן וילי פוד 1 ק""ג",ג.וילי פוד אינטרנשיונל בעמ,AR,קמח תירס 1ק'ג,קילוגרמים,1.00,"ק""ג",false,,9.90,9.9000,true,1,1308765
7290005197758,false,"עוגיות חיוכים שוקולד עלית 150 גרם בד""צ",אפיפית נצרת תעשיות ב,IL,"חיוכים שוקו 150 בד""צ/24יח",גרמים,150.00,100 גרם,false,,4.90,0.0327,true,1,1342529
7290005199288,false,גומי מאסט בטעם פטל לימון 28 ג' עלית,שטראוס גרופ בע`מ,IL,MUST LL פליפ. פטל לימון,גרמים,28.00,100 גרם,false,,3.90,0.1393,true,1,1342532
7290005199578,false,קפה נמס מיובש בהקפאה נטול קפאין 200ג,שטראוס קפה בי.וי.,IL,פלאטינום נטול חדש200/6יח',גרמים,200.00,100 גרם,false,,29.90,0.1495,true,1,1342535
7290005199738,false,גומי מאסט בטעם פפרמינט ריח פה נעים פליפטופ 28 ג' עלית,שטראוס גרופ בע`מ,IL,LL Must ריח פה פפרמינט,גרמים,30.00,100 גרם,false,,3.90,0.1300,true,1,1342537
7290005201455,false,קפה נמס מגורען ארומה קלאסי עלית 200 גרם,שטראוס גרופ בע`מ,IL,ארומה 200ג' חדש/6יח'/200ג,גרמים,200.00,100 גרם,false,,24.90,0.1245,true,1,1342542
7290005201882,false,קפה טורקי בצלופן עלית 200 גרם,הנסיך- מפעל לייצור ט,IL,כשלפ טורקי שקית 200,גרמים,200.00,100 גרם,false,,15.90,0.0795,true,1,1342544
7290005270000,false,עלים לסיגר 500 גרם חמים וטעים,"חמים וטעים בע""מ",IL,עלי סיגר 500 גרם,גרמים,500.00,100 גרם,false,,13.90,0.0278,true,1,1323668
7290005287206,false,רביעיית טונה בשמן סטארקיסט 160 גרם,דיפלומט מפיצים (1968) בעמ**,,טונה סטארקיסט רביעיה,גרמים,640.00,100 גרם,false,,24.90,0.0389,true,1,1306803
7290005287251,false,רביעיית טונה במים סטארקיסט 160 גרם,דיפלומט מפיצים (1968) בעמ**,,טונה סטארקיסט רביעיה,גרמים,640.00,100 גרם,false,,24.90,0.0389,true,1,1306804
7290005287510,false,"סטארקיסט טונה בשמן עם פלפל חריף 160 גרם בד""צ",סטארקיסט דיפלומט היינץ,,טונה ס.ק בשמן עם פלפ,גרמים,160.00,100 גרם,false,,7.90,0.0494,true,1,1306806
7290005287527,false,"סטארקיסט טונה בשמן עם לימון 160 גרם בד""צ",סטארקיסט דיפלומט היינץ,,טונה ס.ק בשמן עם לימ,גרמים,160.00,100 גרם,false,,7.90,0.0494,true,1,1306807
7290005287534,false,"סטארקיסט טונה בשמן עישון טבעי 160 גרם בד""צ",סטארקיסט דיפלומט היינץ,,טונה ס.ק בשמן עישון,גרמים,160.00,100 גרם,false,,7.90,0.0494,true,1,1306808
7290005287657,false,"סטארקיסט ממרח טונה 160 גרם בד""צ",דיפלומט מפיצים (1968) בעמ**,,ממרח טונה 160 גרם,גרמים,160.00,100 גרם,false,,8.90,0.0556,true,1,1306816
7290005296246,false,"פותח סתימות דריין אאוט 946 מ""ל יעקבי","יעקב יעקבי ובניו בע""מ",US,פותח סתימות DRAIN OUT,מיליליטרים,946.00,"100 מ""ל",false,,29.90,0.0316,true,1,1325565
7290005296260,false,"אסטוניש ספריי רסס ונגב לניקוי כללי יעקבי 750 מ""ל",יעקב יעקבי ובניו בע`מ,GB,אסטוניש רסס נגב-ירוק,מיליליטרים,750.00,"100 מ""ל",false,,11.90,0.0159,true,1,1325566
7290005296857,false,"פוליבוי ספריי מנקה ומבריק הכל יעקבי 300 מ""ל","יעקב יעקבי ובניו בע""מ",PL,הפי-ספריי לרהיטים,מיליליטרים,300.00,"100 מ""ל",false,,14.90,0.0497,true,1,1325569
7290005317194,false,בסקויט מתוק רגיל/שוקו 110 גר,אפיפית נצרת,IL,ביסקויט תה ביסקויט רגיל,גרמים,110.00,100 גרם,false,,3.50,0.0318,true,1,1348114
7290005317200,false,קרקר טופז טעמים שונים 110 גר,ח.כהן סוכנות מזון ומשקאות בע,IL,קרקר טופז רגיל 24/0.110 ה,גרמים,110.00,100 גרם,false,,2.90,0.0264,true,1,1348115
7290005326523,false,ממרח פסטו פטרוזיליה ונענע אוליביה 180 גרם,תה ויסוצקי (ישראל) בעמ,IL,פסטו פטרוזיליה ונענע 180,גרמים,180.00,100 גרם,false,,12.90,0.0717,true,1,1309071
7290005326585,false,ממרח אוליביה פסטו בזיליקום 180 ג',"אוליביה גורמה בע""מ",,פסטו בזיליקום-אוליבי,גרמים,180.00,100 גרם,false,,9.90,0.0550,true,1,1975668
7290005326677,false,אוליביה רוטב ברביקין 350 גר`,תה ויסוצקי (ישראל) בעמ,,רוטב ברביקיו,גרמים,350.00,100 גרם,false,,12.90,0.0369,true,1,1950481
7290005375644,false,מפזר לאמבטיה 2200W,,,מפזר לאמבטיה 2200W,יחידה,0.00,יחידה,false,,159.90,0.0000,true,1,2427464
7290005384837,false,"מיץ לימונים מלימונים טריים 500 מ""ל",דריבדוס סיטרוס,ES,מיץ לימון מלימונים טריים,מיליליטרים,500.00,"100 מ""ל",false,,7.90,0.0158,true,1,1308772
7290005384851,false,וילי פוד מיץ לימון בדץ 200מל,ג.וילי-פוד אינטרנשיונל בעמ,,"מיץ לימון 200 מ""ל",מיליליטרים,200.00,"100 מ""ל",false,,3.90,0.0195,true,1,1308773
7290005384899,false,פטינה ים תיכונית בסג,וילי פוד,DK,פטינה על בסיס ש'צ 12ק'ג(ח,קילוגרמים,1.00,"ק""ג",true,,24.90,24.9000,true,1,1308775
7290005416033,false,מחלבת טל יוגורט עיזים טבעי 3% 500מל,"ל.ד בר אל בע""מ",,יוגורט עיזים טבעי 50,גרמים,500.00,100 גרם,false,,14.90,0.0298,true,1,2321200
7290005416262,false,מחלבת טל יוגורט עיזים בטעם תות 500מל,"ל.ד בר אל בע""מ",,יוגורט עיזים עם תות,גרמים,500.00,100 גרם,false,,14.90,0.0298,true,1,2321203
7290005416279,false,מחלבת טל יוגורט עיזים בטעם פירות יער 500מל,"ל.ד בר אל בע""מ",,יוגורט עיזים עם פירו,גרמים,500.00,100 גרם,false,,14.90,0.0298,true,1,2321204
7290005416286,false,מחלבת טל יוגורט עיזים בטעם אננס 500מל,"ל.ד בר אל בע""מ",,יוגורט עיזים עם אננס,גרמים,500.00,100 גרם,false,,14.90,0.0298,true,1,2321205
7290005416293,false,מחלבת טל יוגורט עיזים בטעם אפרסק 500מל,"ל.ד בר אל בע""מ",,יוגורט עיזים עם אפרס,גרמים,500.00,100 גרם,false,,14.90,0.0298,true,1,2321206
7290005416415,false,יוגורט עיזים בגביע 200 גר,מחלבת טל,,יוגורט עיזים בגביע 2,גרמים,200.00,100 גרם,false,,5.90,0.0295,true,1,2321207
7290005416491,false,משקה יוגורט עיזים טל,מחלבת טל טלה,,יוגורט עיזים 750 גרם,גרמים,750.00,100 גרם,false,,14.90,0.0199,true,1,2321208
7290005416576,false,יוגורט ביו מחלב עיזים עם פירות יער 3.5%,מחלבת טל,,יוגורט עיזים בגביע 1,גרמים,150.00,100 גרם,false,,5.90,0.0393,true,1,2322697
7290005416590,false,יוגורט ביו מחלב עיזים עם אפרסק 3.5%,מחלבת טל,,יוגורט עיזים בגביע 1,גרמים,150.00,100 גרם,false,,5.90,0.0393,true,1,2321210
7290005418693,false,"קרם לחות לחיזוק נטורל פורמולה 400 מ""ל",החברה הדרומית לשיווק בעמ,,קרם לחות לשיער נטורל,מיליליטרים,400.00,"100 מ""ל",false,,19.90,0.0497,true,1,1344451
7290005418709,false,"נטורל קרם לחות לקיבוע תלתלים גלי 400 מ""ל",החברה הדרומית לשיווק בעמ,IL,קר.לחות נטורל קיבוע תלתל,מיליליטרים,400.00,"100 מ""ל",false,,19.90,0.0497,true,1,1344452
7290005418716,false,"קרם לחות לבניית תלתלים עגולים נטורל פורמולה 400 מ""ל",החברה הדרומית לשיווק בעמ,IL,קר.לחות לתלתלים נטורל400,מיליליטרים,400.00,"100 מ""ל",false,,19.90,0.0497,true,1,1344453
7290005418723,false,"נטורל קרם לחות לשיער חלק ברגע קליל 400 מ""ל",נטורל,,קרם לחות לשיער נטורל,מיליליטרים,400.00,"100 מ""ל",false,,19.90,0.0497,true,1,1344454
7290005418891,false,"ג'ל אסטרים חזק לעיצוב רטוב נטורל פורמולה 500 מ""ל",מיוצר עי : אמיליה קוסמטי,,ג'ל לשיער אקסטרים,מיליליטרים,500.00,"100 מ""ל",false,,19.90,0.0398,true,1,1344455
7290005423055,false,סנו פורטה פלוס מתז בניחות לימון 1 ל',החברה הדרומית לשיווק בעמ,,פורטה פלוס 1 ליטר XL,ליטרים,1.00,ליטר,false,,17.90,17.9000,true,1,2132746
7290005423086,false,מטהר אוויר סנומוד פר,סנו מפעלי ברונוס בעמ,,מטהר אויר סנומוד,מיליליטרים,150.00,"100 מ""ל",false,,10.90,0.0727,true,1,1848865
7290005423253,false,"סנו - מקסימה מרסס למייבש כביסה אולטרה פרש 750 מ""ל",החברה הדרומית לשיווק בעמ,IL,"מקסימה למייבש פרש 750מ""ל",מיליליטרים,750.00,"100 מ""ל",false,,17.90,0.0239,true,1,1319722
7290005423369,false,סנו די קידס תחליב דוחה יתושים לילדים 100,טרופיקל דגיל תעשיות,,סנו די קידס נגד יתוש,יחידה,0.00,יחידה,false,,19.90,0.0000,true,1,2301353
7290005423482,false,"קרם לניקוי כיריים קרמיים סנו 300 מ""ל",מיוצר עי קונדיטוריית,,קרם לניקוי כיריים קר,מיליליטרים,300.00,"100 מ""ל",false,,19.90,0.0663,true,1,1319731
7290005423499,false,"תרסיס לניקוי משטחי נירוסטה אירוסל סנו 500 מ""ל",החברה הדרומית לשיווק בעמ,IL,סנו נירוסטה אירוסול500מל,מיליליטרים,500.00,"100 מ""ל",false,,19.90,0.0398,true,1,1319732
7290005423505,false,"מי פה אורביטול להלבנת השיניים 500 מ""ל",החברה הדרומית לשיווק בעמ,IL,"מי פה אורביטול 500 מ""ל",מיליליטרים,500.00,"100 מ""ל",false,,17.90,0.0358,true,1,1319733
7290005423543,false,משחת שיניים מלבינה לבן אורביטול 145 גרם,טרופיקל דגיל קוסמטיק,IL,משחת אורביטול להלבנה145ג,גרמים,145.00,100 גרם,false,,9.90,0.0683,true,1,1319734
7290005423567,false,מטליות ניקוי רב שימושיות בגליל סנו סושי 40 יחידות,החברה הדרומית לשיווק בעמ,IL,40מטליות לניקוי סנו סושי,יח',40.00,יח',false,,19.90,0.4975,true,1,1319735
7290005423635,false,ריצפז נוזל רצפות דוחה תיקנים סנו 2 ליטר,החברה הדרומית לשיווק בעמ,IL,ריצפז פלוס דוחה תיקנים2ל,ליטרים,2.00,ליטר,false,,22.90,11.4500,true,1,1319736
7290005423833,false,פוליוויקס נוזל לניקוי פרקט סנו (2 ליטר).,החברה הדרומית לשיווק בעמ,IL,פוליויקס פרקט 2 ליטר,ליטרים,2.00,ליטר,false,,19.90,9.9500,true,1,1319738
7290005423888,false,אלסבון כיף שלישיה מעורב,טרופיקל דגיל תעשיות,IL,500מלX3 אלסבון כיף מעורב,מיליליטרים,1500.00,"100 מ""ל",false,,19.90,0.0133,true,1,1319740
7290005424014,false,פיסגה אבקת כביסה סנו-120 כביסות (6 קג),החברה הדרומית לשיווק בעמ,IL,"אבקת כביסה פיסגה 6 ק""ג",קילוגרמים,6.00,"ק""ג",false,,39.90,6.6500,true,1,1319743
7290005424021,false,"סנופרש הום מנטרל ריחות רעים 350 מ""ל",החברה הדרומית לשיווק בעמ,,פרש הום מנטרל ריחות,מיליליטרים,350.00,"100 מ""ל",false,,18.90,0.0540,true,1,2427046
7290005424113,false,מטליות רצפה סנו סושי 4 יחידות,החב. הדרומית לשיווק,IL,4סנו סושי מטלית רצפ+כרית,יח',4.00,יח',false,,14.90,3.7250,true,1,1319745
7290005424205,false,ריצפז פלוס נוזל לרצפה דוחה חרקים 4 ל',סנו,IL,ריצפז פלוס דוחה תיקנים4ל,ליטרים,4.00,ליטר,false,,39.90,9.9750,true,1,1319747
7290005424311,false,סנו k רב קוטל זוחלים ומעופפים 475 סמ,החברה הדרומית לשיווק בעמ,IL,רב קוטל בריח פרחים K סנו,מיליליטרים,500.00,"100 מ""ל",false,,22.90,0.0458,true,1,1319748
7290005424700,false,סנו - פורטה פלוס מרסס מסיר שומנים 1 ליטר,החברה הדרומית לשיווק בעמ,IL,"סנו פורטה פלוס 750 מ""ל",ליטרים,1.00,ליטר,false,,17.90,17.9000,true,1,1991096
7290005424755,false,מטליות ריצפז פלוס לחות לניקוי רצפות דוחה תיקנים 10 יח' סנו,החברה הדרומית לשיווק בעמ,,ריצפז פלוס מטליות ענ,יח',10.00,יח',false,,14.90,1.4900,true,1,1989334
7290005424762,false,ריצפז פלוס ווקס נוזל להברקת רצפות דוחה תיקנים סנו 2 ליטר,החברה הדרומית לשיווק בעמ,IL,ריצפז+דוחה תיקנים+ווקס2ל,ליטרים,2.00,ליטר,false,,29.90,14.9500,true,1,1319754
7290005424809,false,כריות קרצוף ענקיות לניקוי כללי סנו סושי 3 יחידות,החב. הדרומית לשיווק,IL,סנו סושי3כרית קרצוף אדום,יח',3.00,יח',false,,9.90,3.3000,true,1,1319757
7290005424915,false,"סנומוד מבשם אויר בניחוח לבנדר פטצ'ולי סנו 150 מ""ל",החברה הדרומית לשיווק בעמ,IL,סנומוד פצ'ולי לבנדר 150מ,מיליליטרים,150.00,"100 מ""ל",false,,10.90,0.0727,true,1,1319759
7290005424991,false,סנו פרש אוטומטיק בהתזה קצובה ניחוח בייבי פאודר,החברה הדרומית לשיווק בעמ,,מטהר אוויר פרש אוטומ,מיליליטרים,250.00,"100 מ""ל",false,,12.90,0.0516,true,1,2279932
7290005425073,false,"מטהר אויר בניחוח יסמין ועץ סאנדלווד סנו 300 מ""ל",החברה הדרומית לשיווק בעמ,IL,דואו פרש יסמין סנדלווד,מיליליטרים,300.00,"100 מ""ל",false,,10.90,0.0363,true,1,1319762
7290005425127,false,"חיטוי משטחים 99.9% מתז לשומנים ואבנית 750 מ""ל",החברה הדרומית לשיווק בעמ,,מתז לחיטוי עוצמתי 99,מיליליטרים,750.00,"100 מ""ל",false,,18.90,0.0252,true,1,2132815
7290005425202,false,אבקת כביסה ביו מקסימה לכתמים קשים,החברה הדרומית לשיווק בעמ,IL,"אבקת מקסימה ביו 2.5 ק""ג",קילוגרמים,2.50,"ק""ג",false,,22.90,9.1600,true,1,1319765
7290005425585,false,מטליות לחות לניקוי רהיטים סנו 20 יחידות,"סנו מפעלי ברונוס בע""\מ",IL,סנו רהיט 20 מטליות ניקוי,יח',20.00,יח',false,,16.90,0.8450,true,1,1319771
7290005425646,false,קליר נוזל לניקוי חלונות רב תכליתי סנו 1 ליטר,החברה הדרומית לשיווק בעמ,IL,'סנוקליר ניקוי חלונות 1ל,ליטרים,1.00,ליטר,false,,12.90,12.9000,true,1,1319773
7290005425714,false,"שמפו שטיחים סנו פלוס 600 מ""ל","סנו מפעלי ברונוס בע""\מ",IL,סנו שמפו שטיחים פלוס600מ,מיליליטרים,600.00,"100 מ""ל",false,,25.90,0.0432,true,1,1319776
7290005425912,false,אוקסיג'ן ג'ל להסרת כתמים עם חמצן פעיל סנו 4 ליטר,החברה הדרומית לשיווק בעמ,IL,ג'ל אוקסיג'ן 4 ליטר,ליטרים,4.00,ליטר,false,,34.90,8.7250,true,1,1319780
7290005426186,false,סקוטש כריות קרצוף ענקיות סנו סושי 3 יחידות,החב. הדרומית לשיווק,IL,סנו סושי3כריות קרצוף חבק,יח',3.00,יח',false,,12.90,4.3000,true,1,1319784
7290005426193,false,ספוגית הפלא סנו סושי 6 יחידות,החברה הדרומית לשיווק בעמ,US,'ספוג הפלא סנו סושי 6 יח,יח',6.00,יח',false,,11.90,1.9833,true,1,1319785
7290005426230,false,מטלית הפלא לרצפה מיקרופייבר סנו 1יח',החברה הדרומית לשיווק בעמ,CN,מטלית הפלא לרצפה ס.סושי,יח',1.00,יח',false,,16.90,16.9000,true,1,1319786
7290005426384,false,"סנומוד מבשם אויר מיס מיליון סטטוס סנו 150 מ""ל",סנו מפעלי ברונוס בעמ,IL,סנומוד מיס מיליון 150 מל,מיליליטרים,150.00,"100 מ""ל",false,,10.90,0.0727,true,1,1319791
7290005426568,false,"קרמה - קרם לחות לשיער רגיל 400 מ""ל",החברה הדרומית לשיווק בעמ,IL,ק.לחות קרמה שיער רגיל400,מיליליטרים,400.00,"100 מ""ל",false,,19.90,0.0497,true,1,1319794
7290005426575,false,"קרמה לחות לשיער יבש ללא שטיפה 400 מ""ל",החברה הדרומית לשיווק בעמ,IL,ק.לחות קרמה שיער יבש400מ,מיליליטרים,400.00,"100 מ""ל",false,,19.90,0.0497,true,1,1319795
7290005426629,false,"סנו דואופרש אורן לוטוס ופרחי מים ודובדבן, 300 מ""ל",החברה הדרומית לשיווק בעמ,IL,דואו פרש לוטוס ופרחי מים,מיליליטרים,300.00,"100 מ""ל",false,,10.90,0.0363,true,1,1319797
7290005426735,false,"סנו - מקסימה אבקת כביסה בלאק 1.25 ק""ג",קריות זול,IL,1.25קג BLACK אבקת מקסימה,קילוגרמים,1.25,"ק""ג",false,,18.90,15.1200,true,1,1319799
7290005426865,false,אורביטול - משחת שיניים לילדים בטעם מסטיק 70 גרם,טרופיקל דגיל תעשיות קוסמ,IL,משחה אורביטול מסטיק 70 ג,גרמים,70.00,100 גרם,false,,8.90,0.1271,true,1,1319801
7290005426940,false,"סנו K-300 מדביר חרקים 475 מ""ל",טרופיקל דגיל תעשיות,IL,300 פלוס8 קוטל חרקי400-K,מיליליטרים,400.00,"100 מ""ל",false,,22.90,0.0572,true,1,1319803
7290005426964,false,סנובון סבון לאסלה בניחוח אפרסק סנו 3 יחידות,החברה הדרומית לשיווק בעמ,IL,50גX3 סנובון כחול אפרסק,יח',3.00,יח',false,,19.90,6.6333,true,1,1319804
7290005426971,false,סנובון סבון לאסלה תפוח כחול סנו 3 יחידות,החברה הדרומית לשיווק בעמ,IL,50גרXסנובון כחול תפוח 3י,יח',3.00,יח',false,,19.90,6.6333,true,1,1319805
7290005427619,false,"כיף גל לשיער לשיער קוצים 1ק""ג",גוד פוד פרודקטס S.p,IL,ג'ל כיף אקסטרים ירוק 1קג,קילוגרמים,1.00,"ק""ג",false,,22.90,22.9000,true,1,1319823
7290005427626,false,"ג'ל לעיצוב השיער למראה רטוב כיף 1 ק""ג",החברה הדרומית לשיווק בעמ,IL,ג'ל כיף אקסטרים כתום 1קג,קילוגרמים,1.00,"ק""ג",false,,22.90,22.9000,true,1,1319824
7290005427725,false,"חמישיית מגבונים מבושם ""ליטופים""",טרופיקל דגיל קוסמטיק,IL,'מגבוני ליטופים 5*72 יח,יח',360.00,יח',false,,19.90,0.0553,true,1,1319826
7290005427732,false,אל סבון נוזלי בניחוח קמומיל כיף 2 ליטר,קוסמופארם,IL,אלסבון כיף קמומיל 2 ליטר,ליטרים,2.00,ליטר,false,,22.90,11.4500,true,1,1319827
7290005427749,false,אל סבון נוזלי בניחוח אצות ים עם לחות כיף 2 ליטר,טרופיקל דגיל תעשיות,IL,אלסבון כיף אצות ים 2ליטר,ליטרים,2.00,ליטר,false,,22.90,11.4500,true,1,1319828
7290005427756,false,אל סבון נוזלי אלוורה כיף 2 ליטר,קוסמופארם,IL,אלסבון כיף אלוורה 2 ליטר,ליטרים,2.00,ליטר,false,,22.90,11.4500,true,1,1319829
7290005427763,false,אל סבון נוזלי בניחוח גינסינג כיף 2 ליטר,החברה הדרומית לשיווק בעמ,IL,'אלסבון כיף ג'ינסינג 2 ל,ליטרים,2.00,ליטר,false,,22.90,11.4500,true,1,1319830
7290005427770,false,"קרמה - קרם לחות לשיער לגבר 400 מ""ל",טרופיקל דגיל תעשיות,IL,קרמה לחות לשיער לגבר400מ,מיליליטרים,400.00,"100 מ""ל",false,,19.90,0.0497,true,1,1319831
7290005427787,false,"קרמה - קרם לחות לשיער מתולתל 400 מ""ל",החברה הדרומית לשיווק בעמ,IL,ק.לחות קרמה ש.מתולתל400מ,מיליליטרים,400.00,"100 מ""ל",false,,19.90,0.0497,true,1,1319832
7290005427848,false,מטליות ניקוי רב שימושיות בגליל סנו סושי 40 יחידות,החברה הדרומית לשיווק בעמ,IL,סנו סושי 30מט.בגליל ורוד,יח',40.00,יח',false,,19.90,0.4975,true,1,1319834
7290005427978,false,"תחליב רחצה לפנים פילינג קרמה 180 מ""ל",החברה הדרומית לשיווק בעמ,IL,קרמה תחליב רחצה לפנים180,מיליליטרים,180.00,"100 מ""ל",false,,14.90,0.0828,true,1,1319839
7290005427985,false,"קרמה תחליב רחצה לפנים בתוספת גרגירי פילינג 180 מ""ל",גוד פוד פרודקטס S.p,IL,קרמה ת.רחצה לפנים+ג.פילי,מיליליטרים,180.00,"100 מ""ל",false,,14.90,0.0828,true,1,1319840
7290005428845,false,מפיות סנו סופט 33*33 100 יחידות,החב הדרומית לשיווק,IL,סנו סושי מפיות אירוח100י,יח',100.00,יח',false,,6.90,0.0690,true,1,1319848
7290005429019,false,פיסגה נוזל לרצפות מבושם סנו 4 ליטר,סנו פיסגה,IL,פיסגה לרצפות 4 ליטר,ליטרים,4.00,ליטר,false,,22.90,5.7250,true,1,1319857
7290005430480,false,"מטליות פלא מייקרופייבר כחול ""סנוסושי""",החברה הדרומית לשיווק בעמ,CN,מטלית הפלא מיקרופייבר,יח',1.00,יח',false,,8.90,8.9000,true,1,1319860
7290005430602,false,"סנו אוקסיג'ן ספריי להסרת כתמים עם חמצן פעיל 750 מ""ל",החברה הדרומית לשיווק בעמ,IL,אוקסיג'ן מ.כתמ.מרסס 750מ,מיליליטרים,750.00,"100 מ""ל",false,,17.90,0.0239,true,1,1319864
7290005430626,false,סנו - אוקסיג'ן מסיר כתמים קשים 2 ליטר,סנו כימיקלים,,מסיר כתמים אוקסיגן 2,ליטרים,2.00,ליטר,false,,19.90,9.9500,true,1,1319865
7290005430671,false,פוליויקס נוזל לניקוי קרמיקה סנו 2 ליטר,החברה הדרומית לשיווק בעמ,IL,'סנו פוליויקס קרמיקה 2 ל,ליטרים,2.00,ליטר,false,,24.90,12.4500,true,1,1319870
7290005430862,false,מים מזוקקים סנו 4 ליטר,סנו,,מים מזוקקים למגהץ ול,ליטרים,4.00,ליטר,false,,19.90,4.9750,true,1,1319874
7290005430961,false,שמפו לכביסה עדינה ביד בד גארד סנו מקסימה 1 ליטר,החברה הדרומית לשיווק בעמ,,טקסטיל שמפו לכביסה ב,ליטרים,1.00,ליטר,false,,15.90,15.9000,true,1,1319875
7290005431159,false,תותים בקצפת לייט עדן קינוחים 80 גרם,עדן קינוחים,,תותים בקצפת לייט 80,גרמים,80.00,100 גרם,false,,5.90,0.0738,true,1,2376781
7290005431883,false,מלבי חלבי עדן קינוחים 165 גרם,עדן קינוחים Eden,,מלבי חלבי 165 גרם,גרמים,165.00,100 גרם,false,,5.90,0.0358,true,1,2308092
7290005431906,false,מארז קדאיף 82 גר` עדן קינוחים,עדן קינוחים Eden,,קדאיף 82 גרם,גרמים,82.00,100 גרם,false,,5.90,0.0720,true,1,2308094
7290005431913,false,עוגת גבינה פירורים עדן קינוחים 92 גרם,עדן קינוחים Eden,,עוגת גבינה פירורים 9,גרמים,92.00,100 גרם,false,,5.90,0.0641,true,1,2308095
7290005431920,false,עוגת גבינה פירורים לייט עדן קינוחים 78 גרם,עדן קינוחים Eden,,עוגת גבינה פירורים ל,גרמים,78.00,100 גרם,false,,5.90,0.0756,true,1,2308096
7290005431937,false,מעדן טירמיסו 82 גר` עדן קינוחים,עדן קינוחים Eden,,עוגת טירימיסו 82 גרם,גרמים,82.00,100 גרם,false,,5.90,0.0720,true,1,2308097
7290005431968,false,מלבי שמנת עדן קינוחים 150 גרם,עדן קינוחים Eden,,מלבי שמנת עדן קינוחי,גרמים,150.00,100 גרם,false,,6.90,0.0460,true,1,2322368
7290005437540,false,"פטריות שמפיניון חתוכות בד""צ טעמן 290 גרם",טעמן שיווק מזון בעמ,,פטריות חתוך 5.5,גרמים,290.00,100 גרם,false,,3.90,0.0134,true,1,1333317
7290005437809,false,חתיכות אננס חתבמיץ טבעי 825 גרם טעמן,טעמן שווק מזון בעמ,,אננס חתוך במיץ טבעי,גרמים,825.00,100 גרם,false,,10.90,0.0132,true,1,1333325
7290005437861,false,קוקטייל פירות טרופיים בסירופ קל טעמן 825 גרם,טעמן שיווק מזון בעמ,,קוקטייל טרופי 825גר',גרמים,825.00,100 גרם,false,,11.90,0.0144,true,1,2428807
7290005437915,false,מיץ ענבים אדום 1 ליטר טעמן,טעמן שווק מזון בעמ,,מיץ ענבים אדום 1 ליט,ליטרים,1.00,ליטר,false,,14.90,14.9000,true,1,1333327
7290005437922,false,מיץ ענבים אדום 1.5 ליטר טעמן,טעמן שווק מזון בעמ,,מיץ ענבים אדום 1.5 ל,ליטרים,1.50,ליטר,false,,22.90,15.2667,true,1,1333328
7290005477669,false,סבון נוזלי דרמפון מועשר לחות קרליין 1 ליטר,החברה הדרומית לשיווק בעמ,IL,'דרמפון סבון נוז.+לחות1ל,ליטרים,1.00,ליטר,false,,14.90,14.9000,true,1,1344458
7290005482885,false,"מיכסה למיקרו 30 ס""מ",,,"מיכסה למיקרו 30 ס""מ",יחידה,0.00,יחידה,false,,9.90,0.0000,true,1,2350066
7290005484162,false,"סיר ג'חנון 22 ס""מ",,,"סיר ג'חנון 22 ס""מ",יחידה,0.00,יחידה,false,,29.90,0.0000,true,1,2353870
7290005484322,false,מעמד כל בו לבן וואקו,,,מעמד כל בו לבן וואקו,יחידה,0.00,יחידה,false,,14.90,0.0000,true,1,2355752
7290005500558,false,ג'ל חזק לעיצוב שיער 1 ליטר פנינה רוזנבלום,פנינה רוזנבלום בעמ,IL,גל לשיער פנינה,ליטרים,1.00,ליטר,false,,14.90,14.9000,true,1,1348008
7290005500657,false,גל לשיער פנינה רוז כחול 1קג,פנינה רוזנבלום בעמ,IL,גל לשיער פנינה,ליטרים,1.00,ליטר,false,,14.90,14.9000,true,1,1348011
7290005500688,false,"פנינה רוזנבלום מסיכה לשיקום ורודה , 1 ק""ג",פנינה רוזנבלום בעמ,IL,"מסיכה לשיער 1 ק""ג",מיליליטרים,1000.00,"100 מ""ל",false,,29.90,0.0299,true,1,1348012
7290005500909,false,גל אלוורה 100 גרם פנ,א.ארמן,IL,גל אלוורה פנינה,גרמים,100.00,100 גרם,false,,9.90,0.0990,true,1,1348015
7290005509445,false,עוגיות מיני קוקיס חמאה בצנצנת כרמית 600 גרם,כרמית תעשיות ממתקים בעמ,IL,כרמית מיני קוקיס בטעם חמא,גרמים,600.00,100 גרם,false,,18.90,0.0315,true,1,1338693
7290005558023,false,ריחנית,,,ריחנית,יחידה,0.00,יחידה,false,,4.90,0.0000,true,1,1335477
7290005559587,false,מאפה נקניקיה בבצק מעדנות 800ג',תנובה מרכז שיתופי לשיווק תוצרת,IL,מאפה נקניקיה 800גר מעדנות,גרמים,800.00,100 גרם,false,,26.90,0.0336,true,1,1340545
7290005559709,false,בורקס פיצה מעדנות 700 גרם,מיוצר עי קונדיטוריית,IL,בורקס פיצה 700גר מעדנות,גרמים,700.00,100 גרם,false,,24.90,0.0356,true,1,1340547
7290005559907,false,פיצה משפחתית 100% גבינה מעדנות 500 גרם,תנובה מרכז שיתופי לשיווק תוצרת,IL,פיצה משפחתית גבינה מעדנות,גרמים,500.00,100 גרם,false,,24.90,0.0498,true,1,1340549
7290005559914,false,פיצה משפחתית עם 100% גבינה בתוספת זיתים מעדנות 550 גרם,תנובה מרכז שיתופי לשיווק תוצרת,IL,פיצה משפחתית זיתים מעדנות,גרמים,550.00,100 גרם,false,,24.90,0.0453,true,1,1340550
7290005559990,false,בצק עלים פילאס תורכי 600 גרם קפוא,תנובה מרכז שיתופי לשיווק תוצרת,IL,בצק פילאס תורכי 600גר מעד,גרמים,600.00,100 גרם,false,,22.90,0.0382,true,1,1340556
7290005587825,false,לוריאל - דרמו מסיר איפור דו פאזי 125 עברית,לוריאל ישראל קוסמטיקס בעמ,DE,מסיר איפור עמיד במים125מ,מיליליטרים,125.00,"100 מ""ל",false,,24.90,0.1992,true,1,1300360
7290005589492,false,שלווה חיטה מלאה דבש 200 גרם דגן,מפעלי דגן,,חטיף שלווה דבש 200ג.,גרמים,200.00,100 גרם,false,,5.90,0.0295,true,1,1409407
7290005591761,false,דבש טהור מפרחי בר בלחיץ 400 ג' יד מרדכי,מכוורת יד מרדכי שטרא,IL,דבש טהור לחיץ 400 גרם,גרמים,400.00,100 גרם,false,,19.90,0.0497,true,1,1342545
7290005680052,false,טמפונים סופר פלוס אובה 32 יחידות,גונסון אנד גונסון,GR,אובה קלאסי סופר פלוס 32,יח',32.00,יח',false,,29.90,0.9344,true,1,1338696
7290005684135,false,לחם מחמצת שיפון עם אגוזים 650 ג',המאפיה של הרמן,,לחם מחמצת שיפון עם א,גרמים,650.00,100 גרם,false,,16.90,0.0260,true,1,2336889
7290005684265,false,לחם רוסי 750 גרם,,,לחם רוסי 750 גרם,גרמים,750.00,100 גרם,false,,9.90,0.0132,true,1,1351614
7290005684418,false,לחם כוסמין אורגני 700 גר,מאפיה מרחבית קרית שמונה,,לחם מקמח כוסמין מלא,גרמים,700.00,100 גרם,false,,14.90,0.0213,true,1,1351615
7290005684487,false,לחמניות כוסמין מקמח 6*70גר,המאפיה של הרמן בעמ,,6 לחמניות מקמח כוסמי,גרמים,420.00,100 גרם,false,,12.90,0.0307,true,1,2039128
7290005684579,false,לחם מחמצת כוסמין 700 גרם,המאפיה של הרמן,,לחם חמצת כוסמין,גרמים,700.00,100 גרם,false,,14.90,0.0213,true,1,2306568
7290005684654,false,לחם מחמצת שיפון 700 גרם,המאפיה של הרמן,,לחם מחמצת שיפון,יחידה,0.00,יחידה,false,,16.90,0.0000,true,1,1660642
7290005684845,false,מארז פיתה אורגנית כו,,,מארז פיתה אורגנית כו,יח',5.00,יח',false,,5.90,1.1800,true,1,1351618
7290005686108,false,משמש מיובש 400 גרם,דין שיווק,,משמש מיובש 400 גרם,גרמים,400.00,100 גרם,false,,19.90,0.0497,true,1,2107821
7290005686122,false,צימוק כהה 400 גרם,דין שיווק,,צימוק כהה 400 גרם,גרמים,400.00,100 גרם,false,,12.90,0.0323,true,1,1327520
7290005719189,false,לחם מחמצת שיפון אגוז,,,לחם מחמצת שיפון אגוז,גרמים,500.00,100 גרם,false,,16.90,0.0338,true,1,2210473
7290005719745,false,"סירופ מייפל טהור 250 מ""ל",דנשר (1963) בעמ,,סירופ מייפל טהור פיל,מיליליטרים,250.00,"100 מ""ל",false,,29.90,0.1196,true,1,2325454
7290005719790,false,"תמצית וניל אמיתי 30 מ""ל",פוליבה בעמ,,תמצית וניל אמיתי פיל,מיליליטרים,30.00,"100 מ""ל",false,,29.90,0.9967,true,1,2325457
7290005727184,false,פילה הרינג עם מיונז,,,פילה הרינג עם מיונז,קילוגרמים,1.00,"ק""ג",true,,59.00,59.0000,true,1,2353729
7290005727344,false,איקרה אדום,,,איקרה אדום,קילוגרמים,1.00,"ק""ג",true,,54.00,54.0000,true,1,2353733
7290005727351,false,איקרה אדום במשקל,,,איקרה לבן,קילוגרמים,1.00,"ק""ג",true,,59.00,59.0000,true,1,2353734
7290005727375,false,מקרוסקה מעושן חם,,,מקרוסקה מעושן חם,קילוגרמים,1.00,"ק""ג",true,,99.00,99.0000,true,1,2353735
7290005734700,false,אקדח סביבונים בלוח,General,,סביבון פופמה,יחידה,0.00,יחידה,false,,14.90,0.0000,true,1,2378306
7290005736070,false,סביבון חללית מאיר ומנגן מנגינת חנוכה בדיספליי,,,סבובון חלילת מאיר,יחידה,0.00,יחידה,false,,19.90,0.0000,true,1,2378299
7290005736193,false,ערכת יצירת חנוכיה,General,,ערכת יצירת חנוכיה,יחידה,0.00,יחידה,false,,19.90,0.0000,true,1,2329090
7290005737800,false,סביבון תות מאיר ומנגן מנגינת חנוכה בדיספליי,General,,סביבון תות גדול במג,יחידה,0.00,יחידה,false,,16.90,0.0000,true,1,2329091
7290005789380,false,פרשיס קוסמטיקס מגבונים להסרת איפור 54 יח',ווטנאפס,,מגבונים לאיפור,יח',54.00,יח',false,,14.90,0.2759,true,1,1304935
7290005838002,false,מעדן גבינה ויוגורט בטעם וניל 88 ג' דניאלה,שטראוס גרופ בעמ/מצונן,IL,דניאלה וניל,גרמים,88.00,100 גרם,false,,3.90,0.0443,true,1,1341847
7290005838613,false,קרם גבינה 3% בטעם וניל סקי (125 גרם),שטראוס גרופ בעמ/מצונן,IL,סקי וניל 125 בודד,גרמים,125.00,100 גרם,false,,3.70,0.0296,true,1,1341848
7290005838972,false,סקי יום יום גבינה לבנה %5 125 גרם,שטראוס גרופ בעמ/מצונן,IL,סקי יום יום 5%,גרמים,125.00,100 גרם,false,,3.20,0.0256,true,1,1341849
7290005839078,false,שמיניית יוגורט לבן 3% ביו דנונה 150 גרם,שטראוס גרופ בעמ/מצונן,IL,מ. דנונה 8 חסכון ביו 3% 1,גרמים,1200.00,100 גרם,false,,15.90,0.0133,true,1,1341850
7290005839108,false,גבינה לבנה סימפוניה עם תוספות 200 ג'+זיתים 5%,שטראוס גרופ בעמ/מצונן,IL,סימפ' 5% עם זתים,גרמים,200.00,100 גרם,false,,10.90,0.0545,true,1,1341851
7290005839313,false,מילקי Top עם שוקולדה מגולגלת 140 גרם,שטראוס גרופ בעמ/מצונן,IL,מילקי טופ מגולגלת,גרמים,170.00,100 גרם,false,,4.30,0.0253,true,1,1341852
7290005869631,false,קרם לחות לפנים מועשר,שוורץ,IL,"ק.ל.לפ' רימונים 50 סמ""ק",מיליליטרים,50.00,"100 מ""ל",false,,64.90,1.2980,true,1,1328052
7290005870460,false,"שמפו רימונים לשיער רגיל 750 מ""ל",ש.שוורץ,IL,שמפו רימונים שיער רגיל 75,מיליליטרים,750.00,"100 מ""ל",false,,14.90,0.0199,true,1,1328060
7290005870477,false,"שמפו רימונים 750 מ""ל שיער יבש",שוורץ,IL,שמפו רימונים שיער יבש 75,מיליליטרים,750.00,"100 מ""ל",false,,14.90,0.0199,true,1,1328061
7290005872860,false,טלק מעושר באלוורה,שוורץ,IL,"טלקיה 300 סמ""ק מ.באלוורה",גרמים,300.00,100 גרם,false,,12.90,0.0430,true,1,1328080
7290005896620,false,סאן בנדטו - מוגז עדין - 1.5 ליטר,אקווה מינרלה סאן בנד,,מים מוגז סן בנדטו 1.,ליטרים,1.50,ליטר,false,,4.90,3.2667,true,1,1323918
7290005896637,false,סאן בנדטו - מים מינרלים טבעיים מהאלפים 1.5 ליטר,אקווה מינרלה סאן בנדטו ב,,מים סאן-בנדטו 1.5 לי,ליטרים,1.50,ליטר,false,,3.90,2.6000,true,1,1323919
7290005896842,false,סן בנדטו משקה קל בטעם אפרסק 500 מל,אקווה מינרלה סאן בנדטו ב,,מים קטן אפרסק 0.5 לי,מיליליטרים,500.00,"100 מ""ל",false,,5.90,0.0118,true,1,1396816
7290005896866,false,"סאן בנדטו ענבים 500 מ""ל",,,מים קטן ענבים 0.5 לי,מיליליטרים,500.00,"100 מ""ל",false,,5.90,0.0118,true,1,1396818
7290005902499,false,"מגב גומי 45 ס""מ + מקל",טירולר Tyroler,,מגבי גומי סיליקון,יחידה,0.00,יחידה,false,,79.90,0.0000,true,1,2194627
7290005930102,false,ג'ל חוחובה חזק שיק קולור,,,גל חובבה שיק קולור,יחידה,0.00,יחידה,false,,19.90,0.0000,true,1,1428371
7290005930805,false,חמאת גוף אורכיד 350מ,,,"חמאת גוף 350 מ""ל שיק",מיליליטרים,350.00,"100 מ""ל",false,,29.90,0.0854,true,1,1429171
7290005938030,false,פסטו זעתר פרסקו 220 גרם,נטו מלינדה סחר בעמ,,פסטו זעתר,גרמים,220.00,100 גרם,false,,16.90,0.0768,true,1,2230997
7290005938238,false,ממרח צ'ימצ'ורי פרסקו 220ג' מצונן,נטו מלינדה סחר בע`מ,,צ'ימצ'ורי,גרמים,220.00,100 גרם,false,,15.90,0.0723,true,1,2230998
7290005938245,false,ממרח פסטו קלאסי פרסקו 220ג' מצונן,מיוצר עי פרסקו חצבה,,פסטו קלאסי,גרמים,220.00,100 גרם,false,,15.90,0.0723,true,1,2230999
7290005938603,false,ממרח זיתים שחורים 220 גרם,נטו מלינדה סחר בע`מ,,טפנד זיתים שחורים,גרמים,220.00,100 גרם,false,,15.90,0.0723,true,1,2231000
7290005938610,false,ממרח זיתים ירוקים 220 גרם,נטו מלינדה סחר בע`מ,,טפנד זיתים ירוקים,גרמים,220.00,100 גרם,false,,15.90,0.0723,true,1,2231001
7290005938627,false,ממרח עגבניות מיובשות פרסקו 220 גרם,נטו מלינדה סחר בע`מ,,ממרח עגבניות מיובשות,גרמים,220.00,100 גרם,false,,14.90,0.0677,true,1,2231002
7290005988301,false,תבניות אלומיניום,,,תבניות אלומיניום,יח',1.00,יח',false,,9.90,9.9000,true,1,1342269
7290005992018,false,"יוגורט עיזים לשתיה 3% מחלבות גד 500 מ""ל",מחלבות גד שיווק 1992 בעמ,IL,יוגורט עיזים 3% 1/2 ליטר,מיליליטרים,500.00,"100 מ""ל",false,,12.90,0.0258,true,1,1327881
7290005992247,false,"גבינה חלומי גד ק""ג.",מחלבות גד,IL,"חלומי מוסדי ק""ג שקיל",קילוגרמים,1.00,"ק""ג",true,,89.00,89.0000,true,1,1327884
7290005992575,false,גבינה בולגרית למריחה 5% גד (250 גרם),מחלבות גד שיווק 1992 בעמ,IL,בולגרית למריחה 250 גרם,גרמים,250.00,100 גרם,false,,14.90,0.0596,true,1,1327887
7290005992667,false,בולגרית פח% {5 גד}שקיל,מחלבות גד,IL,"פח בולגרית מסורתית 5% ק""ג",קילוגרמים,1.00,"ק""ג",true,,56.00,56.0000,true,1,1327889
7290005992735,false,לאבנה טבעית 5% 250 גר' - רבנות,מחלבות גד שיווק 1992 בעמ,IL,לאבנה 5% 250 גרם,גרמים,250.00,100 גרם,false,,11.90,0.0476,true,1,1327891
7290005992858,false,גבינת פטה עיזים במשק,יושלם,IL,פטה עיזים מעודנת 5% דלי 4,קילוגרמים,1.00,"ק""ג",true,,110.00,110.0000,true,1,1327892
7290005992872,false,גב.צפתית במים 5% במשקל,מחלבות גד,IL,"צפתית רכה במים 5% ק""ג שקי",קילוגרמים,1.00,"ק""ג",true,,55.00,55.0000,true,1,1327893
7290005992889,false,גב.שמנת שום שמיר 30%משקל,מחלבות גד,IL,גבינת שמנת שום שמיר 30% 2,קילוגרמים,1.00,"ק""ג",true,,45.00,45.0000,true,1,1327894
7290005992902,false,גבינת שמנת ירקות 30%,מחלבות גד,IL,"גבינת שמנת ירקות 30% בד""ץ",קילוגרמים,1.00,"ק""ג",true,,45.00,45.0000,true,1,1327895
7290005992926,false,גב.לבנה5% שום שמיר במשקל,מחלבות גד,IL,גבינה למריחה 5% שום שמיר,קילוגרמים,1.00,"ק""ג",true,,26.00,26.0000,true,1,1327896
7290005992957,false,גבינת פטה עיזים במשק,טבע עז,IL,"פטה עיזים בדלי 8 ק""ג",קילוגרמים,1.00,"ק""ג",true,,110.00,110.0000,true,1,1327899
7290005992964,false,גבינת פטה כבשים במשק,מחלבות גד,IL,"פטה כבשים דלי 4 ק""ג",קילוגרמים,1.00,"ק""ג",true,,99.00,99.0000,true,1,1327900
7290005996078,false,סלמי סרוולט הונגרי יחיעם 150 גרם,מעדני יחיעם (1993) בעמ,,סלמי סרוולט הונגרי,גרמים,125.00,100 גרם,false,,22.90,0.1832,true,1,2359157
7290005996153,false,נקניקיות צרפתיות פרימיום 280 גר` יחיעם,מעדני יחיעם (1993) בעמ,,נקניקיות פרמיום צו'ר,גרמים,280.00,100 גרם,false,,19.90,0.0711,true,1,2359167
7290005996160,false,נקניקיות צוריסו פרימיום יחיעם 280 גרם,מעדני יחיעם (1993) בעמ,,נקנקיות פרמיום צ'ורי,גרמים,280.00,100 גרם,false,,19.90,0.0711,true,1,2359162
7290005996221,false,פסטרמה של פעם דק דק (120 גר`)יחיעם,מעדני יחיעם (1993) בעמ,,פסטרמה של פעם דק דק,גרמים,120.00,100 גרם,false,,14.90,0.1242,true,1,2306346
7290005996238,false,פסטרמה בדבש דק דק (120 גר`)יחיעם,מעדני יחיעם (1993) בעמ,,פסטרמה בדבש דק דק,גרמים,120.00,100 גרם,false,,14.90,0.1242,true,1,2306347
7290005996276,false,פסטרמה ברביקין דק דק (120 גר`)יחיעם,מעדני יחיעם (1993) בעמ,,פסטרמה ברביקיו דק דק,גרמים,120.00,100 גרם,false,,14.90,0.1242,true,1,2306348
7290006030054,false,"גבינת שמנת שום שמיר 2 ק""",,,גבינת שמנת שום שמיר,קילוגרמים,1.00,"ק""ג",true,,39.00,39.0000,true,1,2288212
7290006030061,false,גבינת שמנת זיתים 30%,,,גבינת שמנת זיתים 25%,קילוגרמים,1.00,"ק""ג",true,,39.00,39.0000,true,1,2288213
7290006030207,false,גבינת שמנת טבעי 5% כ,,,גבינת שמנת טבעי 5% ב,קילוגרמים,1.00,"ק""ג",true,,29.00,29.0000,true,1,2288214
7290006030214,false,גבינת שמנת שום שמיר,,,גבינת שמנת 5% שום שמ,קילוגרמים,1.00,"ק""ג",true,,29.00,29.0000,true,1,2288215
7290006030221,false,גבינת שמנת זיתים 5%,,,גבינת שמנת 5% זיתים,קילוגרמים,1.00,"ק""ג",true,,29.00,29.0000,true,1,2288216
7290006040619,false,גבינה טבורוג 5% במשקל,גבינות הכפר בעמ,,"גבינת טבורוג 5% בד""צ",קילוגרמים,1.00,"ק""ג",true,,29.00,29.0000,true,1,2288217
7290006041043,false,גבינה עם צימוקים במשקל,גבינות הכפר בעמ,,גבינת טבורוג עם צימו,קילוגרמים,1.00,"ק""ג",true,,29.00,29.0000,true,1,2288218
7290006131034,false,פילה נסיכת הנילוס פר,,,פילה נסיכת הנילוס פר,קילוגרמים,1.00,"ק""ג",true,,64.90,64.9000,true,1,1309572
7290006131102,false,הליבוט עם עור פרוס ב,,,דג הליבוט פרוס במגש,קילוגרמים,1.00,"ק""ג",true,,64.90,64.9000,true,1,1309574
7290006131119,false,דג הליבוט מקולף פרוס,,,דג הליבוט מקולף פרוס,קילוגרמים,1.00,"ק""ג",true,,69.90,69.9000,true,1,1309575
7290006131287,false,פילה בקלה (מרלוזה) א,,,דג פילה בקלה מרלוזה,קילוגרמים,1.00,"ק""ג",true,,34.90,34.9000,true,1,1309576
7290006131386,false,דג בקלה ארוז,,,דג בקלה ארוז,קילוגרמים,1.00,"ק""ג",true,,21.90,21.9000,true,1,1309577
7290006131447,false,מקרל קפוא,,,דגי מקרל,קילוגרמים,1.00,"ק""ג",true,,21.90,21.9000,true,1,1368727
7290006131560,false,סרדינים ארוזים,,,סרדינים ארוזים,קילוגרמים,1.00,"ק""ג",true,,21.90,21.9000,true,1,2383199
7290006131591,false,פילה ברבוניה בוואקום,,,דג פילה ברבוניה 400,גרמים,400.00,100 גרם,false,,24.90,0.0622,true,1,1921455
7290006131652,false,דג פילה קוד עם עור ב,,,דג פילה קוד עם עור ב,קילוגרמים,1.00,"ק""ג",true,,74.90,74.9000,true,1,1309582
7290006185952,false,מגבונים לחים להסרת איפור פנינה רוזנבלום 30 יחידות,דן מור חומרי טבע וכי,IL,מגבון מסיר איפור,יח',30.00,יח',false,,14.90,0.4967,true,1,1348027
7290006199027,false,מאגדת גלידל וניל מצופה סורבה תות שדה [8],הגלידות של פלדמן,,שלגוני גלידל שמינייה,גרמים,600.00,100 גרם,false,,29.90,0.0498,true,1,1334719
7290006199218,false,"שמיניית גלידל אייס מוקה ""פלדמן""",הגלידות של פלדמן,,שלגוני גלידל 8 יח קפ,גרמים,400.00,100 גרם,false,,29.90,0.0747,true,1,1334721
7290006199942,false,"שמיניית גלידל פרי דובדבן ""פלדמן""",הגלידות של פלדמן,,שמיניית קרחוני דיאט,גרמים,640.00,100 גרם,false,,19.90,0.0311,true,1,1334724
7290006229427,false,סן בנדטו - מים מינרלים - מארז שישיית 500 מל,טמפו משקאות בע`מ,,מים סאן בנדטו 6X 500,מיליליטרים,3000.00,"100 מ""ל",false,,11.90,0.0040,true,1,1323925
7290006235220,false,דר פישר קידס מגבונים 30יח TO GO דיספנסר,"ד""ר פישר Dr fischer",IL,'30 יח TO-GO קידס מגבונים,יח',30.00,יח',false,,5.90,0.1967,true,1,1351820
7290006241214,false,שקדים טבעיים קליית גת (200 גרם),הדקלאים אגודת שיתופי,,שקד טבעי בשקית,גרמים,200.00,100 גרם,false,,17.90,0.0895,true,1,1987700
7290006241504,false,"משקה תפוזים קפוא פריגת 340 מ""ל",החברה המרכזית טלהפצת משקאות בע,IL,תפוזים 340,גרמים,280.00,100 גרם,false,,9.90,0.0354,true,1,1328513
7290006241511,false,"משקה לימונענע מרוכז קפוא פריגת 280 מ""ל",היינץ צפון אמריקה מק,IL,לימונענע 340,גרמים,280.00,100 גרם,false,,9.90,0.0354,true,1,1328514
7290006241535,false,"משקה מנגו קפוא פריגת 340 מ""ל",*החברה המרכזית להפצת משקאותבעמ,IL,מנגו 340- ישן,גרמים,280.00,100 גרם,false,,9.90,0.0354,true,1,1328515
7290006241689,false,"משקה לימונים מרוכז קפוא פריגת 280 מ""ל",*החברה המרכזית להפצת משקאותבעמ,IL,לימון 340,גרמים,280.00,100 גרם,false,,9.90,0.0354,true,1,1328516
7290006251107,false,תה צ'אי מסאלה ויסוצקי 25 יחידות,תה ויסוצקי (ישראל) בעמ,IL,צ'אי מסאלה,גרמים,50.00,100 גרם,false,,14.90,0.2980,true,1,1339314
7290006251268,false,תה ירוק בטעם תפוח וקינמון ויסוצקי 25 יחידות,תה ויסוצקי (ישראל)בעמ,IL,תה ירוק תפוח וקינמון,גרמים,37.50,100 גרם,false,,22.90,0.6107,true,1,1339315
7290006251275,false,תה ירוק סיני קלאסי ויסוצקי 25 יחידות,תה ויסוצקי (ישראל) בעמ,IL,תה ירוק סיני קלאסי,גרמים,37.50,100 גרם,false,,22.90,0.6107,true,1,1339316
7290006251282,false,חליטת חמוציות הגן הקסום ויסוצקי 25 יחידות,תה ויסוצקי (ישראל) בעמ,IL,חליטת חמוציות,גרמים,75.00,100 גרם,false,,16.90,0.2253,true,1,1339317
7290006251343,false,חליטת פסיפלורה מנגו הגן הקסום ויסוצקי 25 יחידות,תה ויסוצקי (ישראל) בעמ,IL,חליטת פסיפלורה- מנגו,גרמים,62.50,100 גרם,false,,16.90,0.2704,true,1,1339318
7290006251374,false,תה ירוק לימונית וג'ינג'ר ויסוצקי 25 יחידות,תה ויסוצקי (ישראל) בעמ,IL,תה ירוק לימונית וגינגר,גרמים,37.50,100 גרם,false,,22.90,0.6107,true,1,1339319
7290006251589,false,תה ירוק עם עלי נענע 50 שקיקים ויסוצקי,תה ויסוצקי (ישראל) בעמ,IL,תה ירוק נענע,גרמים,75.00,100 גרם,false,,39.90,0.5320,true,1,1339320
7290006271174,false,ג'חנון לאפיה בתנור מעדנות 700 גרם,תנובה מרכז שיתופי לשיווק תוצרת,IL,גחנון בצק 700גר מעדנות,גרמים,700.00,100 גרם,false,,16.90,0.0241,true,1,1340557
7290006271181,false,ג'חנון אפוי למיקרוגל מעדנות 750 גרם,תנובה מרכז שיתופי לשיווק תוצרת,IL,גחנון אפוי 750גר מעדנות,גרמים,750.00,100 גרם,false,,22.90,0.0305,true,1,1340558
7290006271648,false,מיני בורקס תפוחי אדמה מעדנות 800 גרם,תנובה מרכז שיתופי לשיווק תוצרת,IL,"מיני בורקס תפו""א 800 גרם",גרמים,800.00,100 גרם,false,,22.90,0.0286,true,1,1340564
7290006271655,false,מיני בורקס במילוי גבינה מעדנות (800 גרם),תנובה מרכז שיתופי לשיווק תוצרת,IL,מיני בורקס גבינה 800 גרם,גרמים,800.00,100 גרם,false,,24.90,0.0311,true,1,1340565
7290006272072,false,חטיפי פיצה גבינה מעדנות 650 גרם,תנובה קפואים,,ריבועי פיצה.,גרמים,650.00,100 גרם,false,,29.90,0.0460,true,1,1340568
7290006272430,false,בצק עלים חמאה חלבי מעדנות (600 גרם),מיוצר עי קונדיטוריית,IL,בצק עלים חמאה 600גר,גרמים,600.00,100 גרם,false,,27.90,0.0465,true,1,1340569
7290006306159,false,לזניה במילוי ארבע גבינות 500 גר`גד,דורום תעשיות מזון ופסטה,IL,לזניה במילוי 4 גבינות ברו,גרמים,500.00,100 גרם,false,,29.90,0.0598,true,1,1340181
7290006306180,false,פסטה נונה קנלוני גבינת עיזים 500 גר,פסטה נונה Pasta Nonn,IL,קנלוני במילוי גבינת עיזים,גרמים,500.00,100 גרם,false,,29.90,0.0598,true,1,1340183
7290006306296,false,רביולי במילוי גבינה לילדים 400 ג' פסטה נונה,דורום תעשיות מזון ופסטה,IL,רביולי במילוי גבינה במיוח,גרמים,400.00,100 גרם,false,,21.90,0.0547,true,1,1340185
7290006306302,false,רביולי במילוי גבינות פרמזן ריקוטה 400 ג' פסטה נונה,דורום תעשיות מזון ופסטה,IL,רביולי במילוי גבינות פרמז,גרמים,400.00,100 גרם,false,,21.90,0.0547,true,1,1340186
7290006306319,false,רביולי במילוי בטטה 400 ג' פסטה נונה,דורום תעשיות מזון ופסטה,IL,רביולי במילוי בטטה,גרמים,400.00,100 גרם,false,,21.90,0.0547,true,1,1340188
7290006306326,false,רביולי במילוי פטריות וגבינת פרמזן פסטה נונה 400 ג',דורום תעשיות מזון ופסטה,IL,רביולי במילוי פטריות וגבי,גרמים,400.00,100 גרם,false,,21.90,0.0547,true,1,1340189
7290006306333,false,רביולי תרד וריקוטה פסטה נונה (400 גרם),דורום תעשיות מזון ופסטה,IL,רביולי במילוי תרד וגבינת,גרמים,400.00,100 גרם,false,,21.90,0.0547,true,1,1340190
7290006306340,false,"ניוקי תפו""א פסטה נונה גד 400 גרם",דורום תעשיות מזון ופסטה,IL,ניוקי תפוח אדמה,גרמים,400.00,100 גרם,false,,17.90,0.0447,true,1,1340191
7290006306357,false,רביולי במילוי גבינת עיזים 400 ג' פסטה נונה,דורום תעשיות מזון ופסטה,IL,רביולי במילוי גבינת עיזים,גרמים,400.00,100 גרם,false,,22.90,0.0572,true,1,1340192
7290006336453,false,"זיתים"" כפרי ובית",,,"זיתים"" כפרי ובית",קילוגרמים,1.00,"ק""ג",true,,49.00,49.0000,true,1,1334855
7290006342089,false,גרעין שחור 200 גרם ששון הקולה,"דין שיווק וקלייה בע""",,גרעין שחור 200 גרם,גרמים,200.00,100 גרם,false,,5.90,0.0295,true,1,1327526
7290006342577,false,פקאן סיני 200 גרם,דין שיווק,,פקאן סיני 200 גרם,גרמים,200.00,100 גרם,false,,24.90,0.1245,true,1,1327527
7290006342584,false,אגוזי מלך קלופים 300,דין שיווק,,אגוזי מלך קלופים 300,גרמים,300.00,100 גרם,false,,22.90,0.0763,true,1,1327528
7290006342591,false,גרעיני דלעת קלויים 2,דין שיווק,,גרעיני דלעת קלויים 2,גרמים,200.00,100 גרם,false,,7.90,0.0395,true,1,1327529
7290006363602,false,צינור לחץ משוריין 6,,,צינור לחץ משוריין 6,יחידה,0.00,יחידה,false,,12.90,0.0000,true,1,2308304
7290006374615,false,דבש מזון מלכות מרוכז במיוחד 340 גרם,שטראוס גרופ בע`מ,IL,"מ""מ בדבש 340 (5.8%)",גרמים,340.00,100 גרם,false,,36.90,0.1085,true,1,1342548
7290006374653,false,דבש לייט מופחת קלוריות יד מרדכי 350 ג',מכוורת יד מרדכי שטראוס ב,IL,דש-לייט 350 גרם,גרמים,350.00,100 גרם,false,,24.90,0.0711,true,1,1342549
7290006374660,false,שמן זית כתית לתיבול קלאסי יד מרדכי 1 ליטר,מכוורת יד מרדכי שטראוס ב,IL,שמן זית 2 קלאסי 1 ליטר,ליטרים,1.00,ליטר,false,,42.90,42.9000,true,1,1342550
7290006374684,false,שמן זית כתית מעולה לתיבול מעודן 500,מכוורת יד מרדכי שטרא,IL,"שמן זית 2 קלאסי 500 מ""ל",מיליליטרים,500.00,"100 מ""ל",false,,24.90,0.0498,true,1,1342551
7290006374738,false,קונפיטורה תות יד מרדכי בטעם תות,אף.סי תבליני בגליל ב,IL,קונפיטורת תות 340 גרם,גרמים,340.00,100 גרם,false,,12.90,0.0379,true,1,1342553
7290006401366,false,"סבון לשטיפה אינטימית ליגיניה פרוטקטיב 200 מ""ל",)פייזר (קונסיומר הלט קר,IT,LIGINIA PROTECTIVE-SOAP,מיליליטרים,200.00,"100 מ""ל",false,,29.90,0.1495,true,1,1306464
7290006401373,false,ליגיניה סבון מרענן לשטיפה אינטימית,פייזר )קונסיומר הלט קר(,IT,LIGINIA ACTIVE-FRESH,מיליליטרים,200.00,"100 מ""ל",false,,29.90,0.1495,true,1,1306465
7290006429506,false,חצאי אפרסקים 820 גרם טעמן,טעמן שיווק מזון בעמ,,אפרסק 820 גרם,גרמים,820.00,100 גרם,false,,7.90,0.0096,true,1,1333330
7290006492432,false,גבינה מוצרלה בייבי 18% גד (150 גרם),מחלבות גד שיווק 1992 בעמ,IL,מוצרלה בייבי 150 גרם,גרמים,150.00,100 גרם,false,,12.90,0.0860,true,1,1327906
7290006492616,false,גבינה בולגרית מעודנת פרוסות 5% גד 250 גרם,מחלבות גד שיווק 1992 בעמ,IL,בולגרית פרוסות 5% 250 גרם,גרמים,250.00,100 גרם,false,,25.90,0.1036,true,1,1327909
7290006492630,false,גבינת פרומעז עיזים 22% גד 180 גרם,מחלבות גד שיווק 1992 בעמ,IL,גליל גד עז 180 גרם,גרמים,180.00,100 גרם,false,,21.90,0.1217,true,1,1327910
7290006492647,false,מטבעות גבינה עזים 22 אחוז 150גרם גד,מחלבות גד שיווק 1992 בעמ,IL,מטבעות גבינת עיזים 150 גר,גרמים,150.00,100 גרם,false,,22.90,0.1527,true,1,1327911
7290006492685,false,גבינת לאבנה עיזים 5% גד (250 גרם),מחלבות גד שיווק 1992 בעמ,IL,לאבנה 5% עיזים 250 גרם,גרמים,250.00,100 גרם,false,,16.90,0.0676,true,1,1327912
7290006492852,false,גבינת עיזים למריחה 5% שומן 250 ג' גד,מחלבות גד שיווק 1992 בעמ,IL,גבינה למריחה 5% עיזים 250,גרמים,250.00,100 גרם,false,,15.90,0.0636,true,1,1327913
7290006492913,false,גבינת לאבנה ציזיקי 5% מחלבות גד 250 גרם,מחלבות גד שיווק 1992 בעמ,IL,גבינה צ'זקי 250 גרם,גרמים,250.00,100 גרם,false,,14.90,0.0596,true,1,1327915
7290006494597,false,מרמולייט סירופ בטעם תפוחים 1ליטר,זנלכל,IL,מרמולייט סירופ בטעם תפוחי,ליטרים,1.00,ליטר,false,,19.90,19.9000,true,1,1353051
7290006494917,false,טוסו וופל קלאסי במילוי שוקולד 200 גרם,"איטיליאן פוד, אס.פי.",IL,טוסו ופל קלאסי בטעם שוקול,גרמים,200.00,100 גרם,false,,9.90,0.0495,true,1,1353059
7290006494924,false,טוסו וופל קלאסי במילוי קרם לימון 200 גרם,"דנשר (1963) בע,מ",,טוסו ופל בטעם לימון.,גרמים,180.00,100 גרם,false,,9.90,0.0550,true,1,1353060
7290006496300,false,סירופ תירס 350 גרם,,,סירופ תירס 350 גרם,גרמים,350.00,100 גרם,false,,9.90,0.0283,true,1,2306203
7290006498052,false,דנונה ביו יוגורט טבעי מהדרין 3% 150 ג',שטראוס גרופ בעמ/מצונן,,יוגורט טבעי 3% -מהדר,גרמים,165.00,100 גרם,false,,2.80,0.0170,true,1,1341853
7290006511010,false,פרמז'נו שקיל וילי פו,ויליפוד,IT,פרמז'נו שקיל רבעים למעדני,קילוגרמים,1.00,"ק""ג",true,,119.00,119.0000,true,1,1308778
7290006511683,false,מאנצו-פולי סויה בתרמילים 454 גרם מהד,ג.וילי-פוד אינטרנשיונל **גבינו,CN,פולי סויה קפואים 454גרם(מ,גרמים,454.00,100 גרם,false,,7.90,0.0174,true,1,1308783
7290006511904,false,גבינת אדם כדורים במשקל,ברגלנדמיל,AT,גבינת אדם כדורים (שקיל) ח,קילוגרמים,1.00,"ק""ג",true,,59.00,59.0000,true,1,1308788
7290006541949,false,ממרח ארטישוק 190 גרם,,,ממרח ארטישוק 180גרם,גרמים,180.00,100 גרם,false,,19.90,0.1106,true,1,2364275
7290006546012,false,שעועית בנוסח מקסיקני בטעם חריף 580 ג' פרי הגליל,ויטה פרי גליל (החדשה) בע`מ,IL,צ'לי חריף בנוסח מקסיקני 5,גרמים,580.00,100 גרם,false,,6.90,0.0119,true,1,1347230
7290006546302,false,"צ'יפס קיטרינג פרי גליל 1.5 ק""ג",ויטה- פרי גליל (החדשה) בעמ,IL,צ'יפס קטרינג 1.5פג רבנות,קילוגרמים,1.50,"ק""ג",false,,18.90,12.6000,true,1,1347232
7290006546333,false,ציפס קפוא 700 גרם פרי-גליל,ויטה -פרי גליל (החדשה) בעמ,IL,צ'יפס 700ג פג,גרמים,700.00,100 גרם,false,,9.90,0.0141,true,1,1347234
7290006546371,false,במיה 600 ג' פרי הגליל,ויטה- פרי גליל (החדשה) בעמ,IL,במיה 600פג,גרמים,600.00,100 גרם,false,,14.90,0.0248,true,1,1347235
7290006546388,false,תחתיות ארטישוק קפוא פרי הגליל 400ג',ויטה- פרי גליל (החדשה) בעמ,IL,ת.ארטישוק 400פג,גרמים,400.00,100 גרם,false,,19.90,0.0497,true,1,1347236
7290006546395,false,לקט העונה קפוא פרי הגליל 800ג',ויטה- פרי גליל (החדשה) בעמ,IL,לקט העונה 800פג,גרמים,800.00,100 גרם,false,,12.90,0.0161,true,1,1347237
7290006546500,false,צ'יפס זיגזג פרי הגליל 800 גרם,"פרי הגליל בע""""מ",IL,צ'יפס זיגזג 800פג,גרמים,800.00,100 גרם,false,,9.90,0.0124,true,1,1347239
7290006546517,false,צי'פס סטייק קפוא פרי הגליל 800 ג',"פרי הגליל בע""""מ",IL,סטייק צ'יפס 800פג רבנות,גרמים,800.00,100 גרם,false,,9.90,0.0124,true,1,1347240
7290006546524,false,צי'פס מובחר קפוא פרי גליל 800 ג',נטו מלינדה סחר בעמ,IL,צ'יפס מובחר 800פג,גרמים,800.00,100 גרם,false,,9.90,0.0124,true,1,1347241
7290006546982,false,לקט סיני 800 ג' פרי הגליל,"פרי הגליל בע""""מ",IL,לקט סיני 800פג,גרמים,800.00,100 גרם,false,,14.90,0.0186,true,1,1347251
7290006559067,false,גבינת בורטה חצי קשה,,,בורטה,גרמים,220.00,100 גרם,false,,29.90,0.1359,true,1,2355346
7290006559098,false,לבנה בופאלו כדור בשמן זית 250גר,,,לבנה בשמן זית 250 גר,גרמים,250.00,100 גרם,false,,24.90,0.0996,true,1,1333061
7290006559265,false,גבינת מוצרלה בופאלו,,,גבינת מוצרלה 250 גרם,גרמים,250.00,100 גרם,false,,32.90,0.1316,true,1,1333065
7290006559340,false,בוקצינו די בופאלו 150 גר,,,גבינת מוצרלה בייבי15,גרמים,150.00,100 גרם,false,,22.90,0.1527,true,1,1333066
7290006559807,false,בלה מוצרלה 18% שומן150גר,מחלבת חוות הבופאלו,,בלה מוצרלה די בופלו,גרמים,150.00,100 גרם,false,,24.90,0.1660,true,1,1847246
7290006562906,false,פרמיו הודו וכבש לחתולים,פרמיו Premio,,פרמיו הודו וכבש 15ג',גרמים,15.00,100 גרם,false,,6.90,0.4600,true,1,2423548
7290006562913,false,סטיק עוף וברווז פרמי,,,פרמיו עוף וברווז 15ג,גרמים,15.00,100 גרם,false,,6.90,0.4600,true,1,2427435
7290006567048,false,פתיתי קוסקוס ישראלי אסם (350 גרם),קבוצת אוסם סחר שותפות מוגבלת,IL,אסם פתיתי קוסקוס ישראלי 3,גרמים,350.00,100 גרם,false,,6.90,0.0197,true,1,1305603
7290006582355,false,סילאן סירופ 900 גרם שקדיה,דין שיווק וקליה 2021 בעמ,,סילאן 900 גרם,גרמים,900.00,100 גרם,false,,12.90,0.0143,true,1,1350357
7290006618078,false,"מרסס לניקוי יסודי מטבח אסטוניש 750 מ""ל","יעקב יעקבי ובניו בע""מ",GB,אסטוניש מרסס-למטבח,מיליליטרים,750.00,"100 מ""ל",false,,11.90,0.0159,true,1,1325577
7290006618085,false,"אסטוניש תרסיס ניקוי אמבטיה וכיורים יעקבי 750 מ""ל",יעקב יעקבי ובניו בע`מ,GB,אסטוניש מרסס כחול-לאמבט,מיליליטרים,750.00,"100 מ""ל",false,,11.90,0.0159,true,1,1325578
7290006651211,false,"ד""ר פישר - מגבוני איי קר לעיניים רגישות 40 יחידות",פישר מעבדות פרמצבטיות בע,IL,40 סשטים בקופסא EYE CARE,יח',40.00,יח',false,,49.90,1.2475,true,1,1351824
7290006651730,false,"ד""ר פישר - אלכוג'ל מגבונים לשמירת היגייניית הידיים 20 יח'","ד""ר פישר Dr fischer",IL,20 אלכוויפס מגבונים לשמיר,יח',20.00,יח',false,,15.90,0.7950,true,1,1351835
7290006652027,false,במבה חטיף בוטנים אסם 20*15 גרם,קבוצת אוסם סחר שותפות מוגבלת,IL,במבה אריזת תינוק 15 גרם מ,גרמים,300.00,100 גרם,false,,24.90,0.0830,true,1,1305608
7290006653819,false,קוסקוס אמיתי דק בשקית 350 גרם,קבוצת אוסם סחר שותפות מוגבלת,IL,אסם קוסקוס דק 350 גרם,גרמים,350.00,100 גרם,false,,6.90,0.0197,true,1,1305612
7290006660602,false,מי קוקוס אורגני גרין קוקו קרטונית 1 ליטר,תות תעשיות מזון (201,,מי קוקוס אורגני 1 לי,ליטרים,1.00,ליטר,false,,17.90,17.9000,true,1,2280392
7290006664051,false,"אקטימל לבן 1.51 ק""ג מארז 14 יחידות",שטראוס גרופ בעמ/מצונן,IL,אקטימל 14 טבעי,גרמים,1512.00,100 גרם,false,,31.50,0.0208,true,1,1341858
7290006664402,false,גבינה לבנה סקי 5% שומן 750 גרם,שטראוס גרופ בעמ/מצונן,IL,סקי% 5 750 גרם,גרמים,750.00,100 גרם,false,,14.10,0.0188,true,1,1341862
7290006664532,false,יוגורט עם תות 3% שומן 150 ג' דנונה,שטראוס גרופ בעמ/מצונן,IL,דנונה תות 3%,גרמים,150.00,100 גרם,false,,3.40,0.0227,true,1,1341863
7290006664693,false,יוגורט עם אפרסק 3% שומן 150 ג' דנונה,שטראוס גרופ בעמ/מצונן,IL,דנונה אפרסק 3%,גרמים,150.00,100 גרם,false,,3.40,0.0227,true,1,1341866
7290006664990,false,"יוגורט דנונה ביו לבן 1.7% שומן 8*150 מ""ל",שטראוס גרופ בעמ/מצונן,IL,מארז דנונה שמינייה 1.7% ח,גרמים,1200.00,100 גרם,false,,15.90,0.0133,true,1,1341868
7290006666307,false,חומוס אורגינל סלטי מ,כ.מ.מ שיווק סלטי משני בעמ,,חומוס סלטי משני,גרמים,300.00,100 גרם,false,,12.90,0.0430,true,1,2309890
7290006666314,false,סלט טחינה משומשום טהור,כ.מ.מ שיווק סלטי משני בעמ,,סלט טחינה סלטי משני,גרמים,300.00,100 גרם,false,,12.90,0.0430,true,1,2309891
7290006666338,false,סלט טחינה ירוקה עם פטרוזיליה,כ.מ.מ שיווק סלטי משני בעמ,,טחינה ירוקה סלטי משנ,גרמים,300.00,100 גרם,false,,13.90,0.0463,true,1,2309893
7290006666345,false,סלט חצילים במיונז על האש,כ.מ.מ שיווק סלטי משני בעמ,,חציל במיונז סלטי משנ,גרמים,300.00,100 גרם,false,,19.90,0.0663,true,1,2309903
7290006666352,false,סלט חציל בטחינה 300 גרם,כ.מ.מ שיווק סלטי משני בעמ,,חציל בטחינה סלטי משנ,גרמים,300.00,100 גרם,false,,19.90,0.0663,true,1,2309904
7290006666369,false,סלט חצילים יווני אמיתי על האש,משני,,סלט חצילים יווני סלט,גרמים,300.00,100 גרם,false,,19.90,0.0663,true,1,2309905
7290006666376,false,סלט חצילים אמיתי רומני על האש,משני,,חציל רומני סלטי משני,גרמים,300.00,100 גרם,false,,19.90,0.0663,true,1,2309906
7290006666383,false,סלט חצילים בסגנון ספ,,,סלט חצילים בסגנון ספ,גרמים,300.00,100 גרם,false,,19.90,0.0663,true,1,2309907
7290006666406,false,סלט חציל טבעי סלטי מ,כ.מ.מ שיווק סלטי משני בעמ,,חציל טבעי סלטי משני,גרמים,300.00,100 גרם,false,,19.90,0.0663,true,1,2309908
7290006666413,false,סלט כרוב שוודי 300 גרם,כ.מ.מ שיווק סלטי משני בעמ,,סלט כרוב סלטי משני,גרמים,300.00,100 גרם,false,,14.90,0.0497,true,1,2309909
7290006666420,false,סלט כרוב קולסלאו בסגנון אמריקאי,כ.מ.מ שיווק סלטי משני בעמ,,קולסלו כרוב אמריקאי,גרמים,300.00,100 גרם,false,,14.90,0.0497,true,1,2309910
7290006666437,false,סלט טורקי סלטי משני,כ.מ.מ שיווק סלטי משני בעמ,,סלט טורקי סלטי משני,גרמים,300.00,100 גרם,false,,16.90,0.0563,true,1,2309911
7290006666444,false,סלט עגבניות מטבוחה חריף,כ.מ.מ שיווק סלטי משני בעמ,,סלט מטבוחה סלטי משני,גרמים,300.00,100 גרם,false,,19.90,0.0663,true,1,2309912
7290006666451,false,סלט עגבניות סלסה חריף,כ.מ.מ שיווק סלטי משני בעמ,,סלסה סלטי משני,גרמים,300.00,100 גרם,false,,19.90,0.0663,true,1,2309924
7290006666468,false,סלט גזר חריף במיץ לימון,כ.מ.מ שיווק סלטי משני בעמ,,גזר בלימון סלטי משני,גרמים,300.00,100 גרם,false,,19.90,0.0663,true,1,2309913
7290006666475,false,סלט תפוחי אדמה במיונז,כ.מ.מ שיווק סלטי משני בעמ,,"תפו""א רוסי סלטי משני",גרמים,300.00,100 גרם,false,,14.90,0.0497,true,1,2309931
7290006666499,false,סלט טונה לבנה ברוטב 300 גר,כ.מ.מ שיווק סלטי משני בעמ,,סלט טונה לבנה סלטי מ,גרמים,300.00,100 גרם,false,,26.90,0.0897,true,1,2309932
7290006666529,false,סלט פלפלים מרוקאי חריף 300 גרם,כ.מ.מ שיווק סלטי משני בעמ,,פלפל מרוקאי סלטי משנ,גרמים,300.00,100 גרם,false,,19.90,0.0663,true,1,2309926
7290006666543,false,סלט קוביות סלק 300 גרם,כ.מ.מ שיווק סלטי משני בעמ,,סלק סלטי משני,גרמים,300.00,100 גרם,false,,16.90,0.0563,true,1,2309915
7290006666567,false,חציל בנוסח מרוקאי 300 גר,סלטי משני,,חציל מרוקאי סלטי משנ,גרמים,300.00,100 גרם,false,,22.90,0.0763,true,1,2312427
7290006666574,false,חומוס מסעדות בתוספת לימון,משני,,חומוס אבו זוהר סלטי,גרמים,300.00,100 גרם,false,,12.90,0.0430,true,1,2309916
7290006666628,false,סלט ביצים סלטי משני,כ.מ.מ שיווק סלטי משני בעמ,,סלט ביצים סלטי משני,גרמים,300.00,100 גרם,false,,29.90,0.0997,true,1,2310925
7290006666819,false,פלפל שומה סלטי משני,משני,,פלפל שומה סלטי משני,גרמים,150.00,100 גרם,false,,12.90,0.0860,true,1,2309895
7290006666826,false,סחוג ירוק סלט פלפלים,כ.מ.מ שיווק סלטי משני בעמ,,סחוג ירוק סלטי משני,גרמים,150.00,100 גרם,false,,12.90,0.0860,true,1,2309896
7290006666833,false,סחוג אדום סלט פלפלים,כ.מ.מ שיווק סלטי משני בעמ,,סחוג אדום סלטי משני,גרמים,150.00,100 גרם,false,,12.90,0.0860,true,1,2309897
7290006666840,false,עריסה ביתית סלט פלפלים,משני,,עריסה ביתית סלטי משנ,גרמים,150.00,100 גרם,false,,12.90,0.0860,true,1,2309898
7290006681553,false,קרמבו בטעם וניל שטראוס 8 יחידות,"גלידות שטראוס בע""מ",IL,קרמבו 1/8 וניל,גרמים,200.00,100 גרם,false,,13.90,0.0695,true,1,1337030
7290006681560,false,קרמבו בטעם מוקה שטראוס 8 יחידות,"גלידות שטראוס בע""מ",IL,קרמבו 1/8 מוקה,גרמים,200.00,100 גרם,false,,13.90,0.0695,true,1,1337031
7290006712981,false,"משחת שיניים קולגייט ספיידרמן מגיל שש 50 מ""ל",הנסיך- מפעל לייצור ט,PL,קולגייט משחת ילדים 6+ ספי,מיליליטרים,50.00,"100 מ""ל",false,,12.90,0.2580,true,1,1338699
7290006739247,false,פסטרמה איטלקית זוגלו,זוגלובק,,פסטרמה איטלקית,קילוגרמים,1.00,"ק""ג",true,,85.00,85.0000,true,1,1322663
7290006739292,false,נקניק פסטרמה פרגיות ציפוי תירס,נקניק נהריה כשר זוגל,,פסטרמה תבור,גרמים,330.00,100 גרם,false,,24.90,0.0755,true,1,1322664
7290006739346,false,נקניקיות פרגיות טרי 400 גרם זוגלובק,נקניק נהריה כשר זוגל,,נקניקיות פרגיות 400,גרמים,400.00,100 גרם,false,,12.90,0.0323,true,1,1322665
7290006739407,false,שניצל תירס לייט זוגלובק (630 גרם),נקניק נהריה כשר זוגל,,שניצל תירס לייט 630,גרמים,630.00,100 גרם,false,,29.90,0.0475,true,1,1322666
7290006739414,false,נקניק סלמי קוניאק זוגלובק 300 גרם,נקניק נהריה כשר זוגל,,נקניק קוניאק,גרמים,300.00,100 גרם,false,,24.90,0.0830,true,1,1322667
7290006739421,false,נקניק סלמי מעושן איטלקי זוגלובק 300 גרם,נקניק נהריה כשר זוגל,,נקניק מעושן איטלקי,גרמים,300.00,100 גרם,false,,24.90,0.0830,true,1,1322668
7290006739445,false,שניצל תירס קלאסי 750 ג' זוגלובק,נקניק נהריה כשר זוגל,,שניצל תירס קלאסי 750,גרמים,750.00,100 גרם,false,,29.90,0.0399,true,1,1322669
7290006739544,false,כתף בקר 3% שומן זוגלובק (300 גרם),נקניק זוגלובק נהריה,,כתף בקר 300 גרם,גרמים,300.00,100 גרם,false,,29.90,0.0997,true,1,1322670
7290006742278,false,פסטרמה הודו צלויה על לבנים 330 ג' זוגלובק,נקניק נהריה כשר זוגל,,פסטרממיה צלויה על לב,גרמים,330.00,100 גרם,false,,24.90,0.0755,true,1,1322689
7290006742292,false,פסטרמה הודו בדבש 330 ג' זוגלובק,נקניק נהריה כשר זוגל,,נקניק חזה הודו בדבש,גרמים,330.00,100 גרם,false,,24.90,0.0755,true,1,1322690
7290006742315,false,פסטרמה חזה הודו ברביקיו 2% זוגלובק 330 גרם,נקניק נהריה כשר זוגל,,פסטרמה ברבקיו מחזה ה,גרמים,330.00,100 גרם,false,,24.90,0.0755,true,1,1322692
7290006764478,false,"בירה נשר מאלט בקבוק זכוכית 330 מ""ל",החברה המרכזית להפצת משקאות בעמ,,"בירה מאלט נשר 330 מ""",מיליליטרים,330.00,"100 מ""ל",false,,4.90,0.0148,true,1,1323927
7290006764485,false,"בירה שחורה נשר מאלט שישייה ח""פ 330*6 מ''ל","טמפו משקאות בע""\ם.",,שישייה נשר מאלט 330,ליטרים,1.98,ליטר,false,,26.90,13.5859,true,1,1323928
7290006765451,false,פיסטוק קלוי ענק 250,דין שיווק,,פיסטוק קלוי ענק 250,גרמים,250.00,100 גרם,false,,19.90,0.0796,true,1,1327538
7290006765468,false,שקד קלוי ענק 250 גרם,דין שיווק,,שקד קלוי ענק 250 גרם,גרמים,250.00,100 גרם,false,,29.90,0.1196,true,1,1327539
7290006765475,false,בוטן קלוי ענק 250 גר,דין שיווק,,בוטן קלוי ענק 250 גר,גרמים,250.00,100 גרם,false,,9.90,0.0396,true,1,1327540
7290006765482,false,קשיו קלוי ענק 250 גר,דין שיווק,,קשיו קלוי ענק 250 גר,גרמים,250.00,100 גרם,false,,19.90,0.0796,true,1,1327541
7290006770561,false,לקט לקוסקוס פרי הגליל 800ג',ויטה- פרי גליל (החדשה) בעמ,IL,לקט לקוסקוס 800פג,גרמים,800.00,100 גרם,false,,12.90,0.0161,true,1,1347260
7290006775016,false,עוגת תפוז אחוה (450 גרם)אחוה,אחדות ביתחרושת לטחינה חלבה,IL,עוגת תפוז 450 גרם,גרמים,450.00,100 גרם,false,,8.90,0.0198,true,1,1306622
7290006775023,false,עוגה אנגלית אחוה (450 גרם)אחוה,אחדות ביתחרושת לטחינה חלבה,IL,עוגה אנגלית 450 גרם,גרמים,450.00,100 גרם,false,,8.90,0.0198,true,1,1306623
7290006775030,false,עוגת שוקו צ`יפס אחוה (450 גרם)אחוה,אחדות ביתחרושת לטחינה חלבה,IL,עוגת שוקו ציפס 450 גרם,גרמים,450.00,100 גרם,false,,8.90,0.0198,true,1,1306624
7290006775047,false,עוגת שוקולד אחוה (450 גרם)אחוה,אחדות ביתחרושת לטחינה חלבה,IL,עוגה בטעם שוקולד 450 גרם,גרמים,450.00,100 גרם,false,,8.90,0.0198,true,1,1306625
7290006775054,false,עוגת שיש אחוה (450 גרם)אחוה,אחדות ביתחרושת לטחינה חלבה,IL,עוגת שיש 450 גרם,גרמים,450.00,100 גרם,false,,8.90,0.0198,true,1,1306626
7290006775085,false,עוגת שמרים שוקולד אחוה (400 גרם),אחדות ביתחרושת לטחינה חלבה,IL,עוגת שמרים במילוי קרם בטע,גרמים,400.00,100 גרם,false,,10.90,0.0273,true,1,2287077
7290006775337,false,עוגת שמרים במילוי פרג אחווה,אחדות ביתחרושת לטחינה חלבה,IL,עוגת שמרים פרג 400 גרם,גרמים,400.00,100 גרם,false,,10.90,0.0273,true,1,2287078
7290006775344,false,עוגת שמרים במילוי קרם קינמון אחוה 400 גרם,אחדות ביתחרושת לטחינה חלבה,IL,עוגת שמרים במילוי קרם קינ,גרמים,400.00,100 גרם,false,,10.90,0.0273,true,1,1306633
7290006775764,false,אחוה עוגת שוק`צ`יפס ללא סוכר 400 גר,אחדות ביתחרושת לטחינה חלבה,IL,עוגת שוקוצ'יפס ללא תוספת,גרמים,400.00,100 גרם,false,,10.90,0.0273,true,1,1306637
7290006775795,false,עוגת תפוחי עץ עם מילוי מעודן אחוה 450 גרם,"אחדות ביח""ר לטחינה ח",IL,עוגת תפוח עץ עם מילוי מע,גרמים,450.00,100 גרם,false,,10.90,0.0242,true,1,2287086
7290006788269,false,קרליין פרפקט קר סרום למיצוק העור,קרליין,,סרום לפנים -חדש-PERF,יחידה,0.00,יחידה,false,,49.90,0.0000,true,1,1344480
7290006788313,false,"קרליין - חלב פנים לעור יבש / עדין 260 מ""ל",קרליין,,חלב פנים לעור יבש/עד,מיליליטרים,250.00,"100 מ""ל",false,,24.90,0.0996,true,1,1344483
7290006788375,false,קרליין דאודורנט סטיק נושם ורוד,מיוצר עי : אמיליה קוסמטי,IL,דאו.קרליין סטיק נושם פיור,מיליליטרים,50.00,"100 מ""ל",false,,16.90,0.3380,true,1,1344488
7290006788382,false,"דאודורנט סטיק סגול 50 מ""ל קרליין",אמיליה קוסמטיקס,IL,דאו.קרליין סטיק נושם אוקס,גרמים,50.00,100 גרם,false,,16.90,0.3380,true,1,1344489
7290006788399,false,"דאו רול און נושם סנסיטיב ירוק קרליין 75 מ""ל",החברה הדרומית לשיווק בעמ,IL,דאו.קרליין רולאון נושם סנ,מיליליטרים,75.00,"100 מ""ל",false,,12.90,0.1720,true,1,1344490
7290006788412,false,"קרליין - נושם אקווה דאודורנט רול און לאישה כחול 75 מ""ל",החברה הדרומית לשיווק בעמ,IL,דאו.קרליין רולאון נושם אק,מיליליטרים,75.00,"100 מ""ל",false,,12.90,0.1720,true,1,1344492
7290006788429,false,"קרליין - נושם סאן רייס דאודורנט רול און לאישה כתום 75 מ""ל",החברה הדרומית לשיווק בעמ,IL,דאו.קרליין רולאון נושם סנ,מיליליטרים,75.00,"100 מ""ל",false,,12.90,0.1720,true,1,1344493
7290006788443,false,"קרליין - נושם אוקסיג'ן דאודורנט רול און לאישה סגול 75 מ""ל",החברה הדרומית לשיווק בעמ,IL,דאו.קרליין רולאון נושם או,מיליליטרים,75.00,"100 מ""ל",false,,12.90,0.1720,true,1,1344495
7290006788467,false,"קרליין - נושם אקטיב דאודורנט ספריי לאישה בורדו 200 מ""ל",החברה הדרומית לשיווק בעמ,IL,דאו.קרליין ספרי אקטיב 200,מיליליטרים,200.00,"100 מ""ל",false,,12.90,0.0645,true,1,1344497
7290006788474,false,"קרליין - נושם אקווה דאודורנט ספריי לאישה כחול 200 מ""ל",החברה הדרומית לשיווק בעמ,IL,דאו.קרליין ספריי אקווה 20,גרמים,75.00,100 גרם,false,,12.90,0.1720,true,1,1344498
7290006788481,false,"קרליין - נושם סאן רייס דאודורנט ספריי לאישה כתום 200 מ""ל",החברה הדרומית לשיווק בעמ,IL,דאו.קרליין ספריי סאנרייז,מיליליטרים,200.00,"100 מ""ל",false,,15.90,0.0795,true,1,1344499
7290006788481,false,"קרליין - נושם סאן רייס דאודורנט ספריי לאישה כתום 200 מ""ל",החברה הדרומית לשיווק בעמ,IL,דאו.קרליין ספריי סאנרייז,מיליליטרים,200.00,"100 מ""ל",false,,12.90,0.0645,true,1,2416086
7290006788498,false,"קרליין - נושם פיור דאודורנט ספריי לאישה ורוד 200 מ""ל",החברה הדרומית לשיווק בעמ,IL,דאו.קרליין ספריי פיור 200,מיליליטרים,200.00,"100 מ""ל",false,,12.90,0.0645,true,1,1344500
7290006788504,false,"קרליין - נושם אוקסיג'ן דאודורנט ספריי לאישה סגול 200 מ""ל",החברה הדרומית לשיווק בעמ,IL,דאו.קרליין ספריי אוקסיג'ן,מיליליטרים,200.00,"100 מ""ל",false,,12.90,0.0645,true,1,1344501
7290006788559,false,"טיטניום ICE דאודורנט תרסיס ספריי 180 מ""ל",החברה הדרומית לשיווק בעמ,,טיטניום בלו דיאודורנ,מיליליטרים,180.00,"100 מ""ל",false,,14.90,0.0828,true,1,1344503
7290006788948,false,"קרליין דאודורנט תרסיס ספריי מיסט 175 מ""ל",קרליין,,דאודורנט תרסיס CAREL,מיליליטרים,175.00,"100 מ""ל",false,,19.90,0.1137,true,1,1344509
7290006789617,false,"קרם לחות לתלתול טבעי לשיער גלי עד מתולתל 10 קרליין 400 מ""ל",מיוצר עי : אמיליה קוסמטי,IL,"קרם ""10"" לחות לתלתל 400מ",מיליליטרים,400.00,"100 מ""ל",false,,16.90,0.0422,true,1,1344520
7290006789631,false,קרליין קרם לחות לשיער רגיל 400 גרם,החברה הדרומית לשיווק בעמ,IL,"קרם ""10"" שיער רגיל400מ""ל",מיליליטרים,400.00,"100 מ""ל",false,,16.90,0.0422,true,1,1344522
7290006789648,false,"קרם לחות לשיער יבש 10 קרליין 400 מ""ל","אמיליה קוסמטיקס בע""מ",IL,"קרם ""10"" לשיער יבש 400מל",מיליליטרים,400.00,"100 מ""ל",false,,16.90,0.0422,true,1,1344523
7290006789655,false,"קרם לחות לסירוק קל לשיער מתולתל ומקורזל 10 קרליין 400 מ""ל",החברה הדרומית לשיווק בעמ,IL,"קרם ""10"" לסרוק קל 400מל",מיליליטרים,400.00,"100 מ""ל",false,,16.90,0.0422,true,1,1344524
7290006789914,false,"קרליין - מי פנים אויל פרי 260 מ""ל",קרליין,,מי פנים OIL FREE,מיליליטרים,250.00,"100 מ""ל",false,,24.90,0.0996,true,1,1344528
7290006789938,false,"קרליין - תמיסה לייבוש פצעים אויל פרי 15 מ""ל",קרליין,,תמיסה לייבוש פצעים-O,מיליליטרים,15.00,"מ""ל",false,,34.90,2.3267,true,1,1344530
7290006791498,false,"נטורל - שמן אגוז ברזילאי לשיער צבוע 145 מ""ל",אמיליה קוסמטיקס,IL,שמן ברזילאי ש.צבוע 145מל,מיליליטרים,150.00,"100 מ""ל",false,,49.90,0.3327,true,1,1344535
7290006805355,false,"פילסברי, כדורים בטעם שוקולד, תערובת להכנת כדורים בטעם שוקולד. 500 גרם.",הדקלאים אגודת שיתופי,IL,תערובת להכנת כדורי שוקולד,גרמים,500.00,100 גרם,false,,19.90,0.0398,true,1,1326361
7290006805850,false,תערובת להכנת פנקייקס פילסברי (500 גרם),הדקלאים אגודת שיתופי,,תערובת להכנת פנקייק.,גרמים,500.00,100 גרם,false,,19.90,0.0398,true,1,1326362
7290006822192,false,נקטר דיאט חמוציות אושן ספריי פריגת 1 ליטר,החברה המרכזית להפצת משקאות בעמ,IL,פריגת דיאטאושןספריחמוציות,ליטרים,1.00,ליטר,false,,11.90,11.9000,true,1,1335065
7290006855183,false,חטיף תמרים אגוזי מלך 4 יח`במארז ברבריא,טבעית מוצרים מן הטבע,IL,ברבריא חטיף בר תמרים אגוז,גרמים,120.00,100 גרם,false,,15.90,0.1325,true,1,1305616
7290006855190,false,חטיף תמרים ואגוזי מלך עם בננה ללא תוספת סוכר,טבעית מוצרים מן הטבע בעמ,,חטיף בר תמרים בננה 4,גרמים,120.00,100 גרם,false,,15.90,0.1325,true,1,2306709
7290006855206,false,חטיף בר שזיפים קוקוס ואוכמניות מארז 120 גרם,טבעית מוצרים מן הטבע,IL,ברבריא חטיף בר שזיפים קוק,גרמים,120.00,100 גרם,false,,15.90,0.1325,true,1,1305617
7290006855244,false,ברבריא חטיף שקדים צימוקים ודבש 120 גרם,טבעית מוצרים מן הטבע בעמ,IL,ברבריא חטיף בר אגוזים שקד,גרמים,108.00,100 גרם,false,,15.90,0.1472,true,1,1305618
7290006855251,false,ברבריא חטיף קשיו חמוציות וסילאן 120 גרם,טבעית מוצרים מן הטבע בעמ,IL,ברבריא חטיף בר קשיו אגוזי,גרמים,108.00,100 גרם,false,,15.90,0.1472,true,1,1305619
7290006855404,false,בר בראי בייטס כדורי תמריםקשיו שקדים ופיסטוק 55 גרם בית יוסף,טבעית מוצרים מן הטבע בעמ,,ברבריא בייטס תמר קשי,גרמים,55.00,100 גרם,false,,7.90,0.1436,true,1,2376043
7290006855435,false,בר בראי בייטס כדורי תמרים+שקדים קוקוס אננס 55 ג' בית יוסף,טבעית מוצרים מן הטבע בעמ,,ברבריא בייטס תמר שקד,גרמים,55.00,100 גרם,false,,7.90,0.1436,true,1,2376045
7290006866967,false,נקטר חמוציות פרימור 1 ליטר,סטאר סנקס,,נקטר חמוציות 1 ליטר,ליטרים,1.00,ליטר,false,,9.90,9.9000,true,1,2273797
7290006875365,false,סלט פיטריות חמות,,,סלט פיטריות חמות,קילוגרמים,1.00,"ק""ג",true,,49.00,49.0000,true,1,1349151
7290006920843,false,"תחליפי גבינ""צ מוצרלה פרוס 350 גר'",צי תעשיות מזון יבנה,,מוצרלה פרוס 350 גרם,גרמים,350.00,100 גרם,false,,14.90,0.0426,true,1,2287158
7290006920911,false,הולנדית פרוס 350ג' כפיר,צי תעשיות מזון יבנה,,הולנדי פרוס 350 גרם,גרמים,350.00,100 גרם,false,,13.90,0.0397,true,1,2287159
7290006920935,false,הצהובה הטובה חריפה פרוס 350 גרם,צ.י.תעשיות מזון יבנה בעמ,,חריפה פרוס 350 גרם,גרמים,350.00,100 גרם,false,,13.90,0.0397,true,1,2287160
7290006920980,false,מוצרלה בייבי,,,מוצרלה בייבי,קילוגרמים,1.00,"ק""ג",true,,49.00,49.0000,true,1,2288219
7290006920997,false,כדורי מוצרלה 18% כפי,,,מוצרלה כדורים,קילוגרמים,1.00,"ק""ג",true,,49.00,49.0000,true,1,2288220
7290006983176,false,קרקר לחמית שיפון אסם (230 גרם),קבוצת אוסם סחר שותפות מוגבלת,IL,לחמית שיפון 230 גרם,גרמים,230.00,100 גרם,false,,7.90,0.0343,true,1,1305622
7290006983206,false,תערובת להכנת פלפל קלי קלות 180 גרם,קבוצת אוסם סחר שותפות מוגבלת,IL,אסם פלאפל בקלי קלות 180 ג,גרמים,180.00,100 גרם,false,,8.90,0.0494,true,1,1305623
7290006983527,false,עוגת הבית תפוחי עץ עם פירורים 400 ג' אסם,קבוצת אוסם סחר שותפות מוגבלת,IL,אסם הבית עוגת תפוחים פירו,גרמים,400.00,100 גרם,false,,15.90,0.0398,true,1,1305625
7290006983763,false,עוגת הבית בטעם שוקולד אסם (400 גרם),קבוצת אוסם סחר שותפות מוגבלת,IL,אסם הבית עוגה בטעם שוקולד,גרמים,400.00,100 גרם,false,,12.90,0.0323,true,1,1305626
7290006983770,false,עוגת הבית שיש אסם (400 גרם),קבוצת אוסם סחר שותפות מוגבלת,IL,אסם הבית עוגת שיש 400גרם,גרמים,400.00,100 גרם,false,,12.90,0.0323,true,1,1305627
7290006983787,false,עוגת הבית שוקולד צ'יפס אסם 400 גרם,קבוצת אוסם סחר שותפות מוגבלת,IL,אסם הבית עוגת שוקולד צי'פ,גרמים,400.00,100 גרם,false,,12.90,0.0323,true,1,1305628
7290006983794,false,עוגת הבית בטעם תפוז אסם 400 גרם,קבוצת אוסם סחר שותפות מוגבלת,IL,אסם הבית עוגה בטעם תפוז,גרמים,400.00,100 גרם,false,,12.90,0.0323,true,1,1305629
7290006989215,false,מקל עץ 1.5 הברגה,,,מקל עץ 1.5 הברגה,יחידה,0.00,יחידה,false,,9.90,0.0000,true,1,2359729
7290006992161,false,מטרנה - דייסת קורנפלור פרוביוטי 200 גרם,קבוצת אוסם סחר שותפות מוגבלת,IL,אבקה להכנת דייסת קורנפלור,גרמים,200.00,100 גרם,false,,14.90,0.0745,true,1,1305631
7290006992185,false,"מטרנה - דייסת אורז פרוביוטי כשל""פ 200 גרם",קבוצת אוסם סחר שותפות מוגבלת,IL,אבקה להכנת דייסת אורז מטר,גרמים,200.00,100 גרם,false,,14.90,0.0745,true,1,1305633
7290006992192,false,דייסה מטרנה סולת פרוביוטיקה,קבוצת אוסם סחר שותפות מוגבלת,IL,אבקה להכנת דייסת סולת מט,גרמים,200.00,100 גרם,false,,14.90,0.0745,true,1,1305634
7290006992208,false,מטרנה דייסת 8 דגנים מעורבים 200 גרם,קבוצת אוסם סחר שותפות מוגבלת,IL,אבקה להכנת דייסת דגנים מע,גרמים,200.00,100 גרם,false,,14.90,0.0745,true,1,1305635
7290006992390,false,"מטרנה - דייסת וניל פרוביוטי כשל""פ 200 גרם",קבוצת אוסם סחר שותפות מוגבלת,IL,אבקה להכנת דייסת קורנפלור,גרמים,200.00,100 גרם,false,,14.90,0.0745,true,1,1305637
7290008000239,false,"שטיפה אינטימית מועשר בלחות פמינה 220 מ""ל",גורי ע.ע.ע בעמ,IL,פמינה פלוס מועשר בלחות 22,מיליליטרים,220.00,"100 מ""ל",false,,24.90,0.1132,true,1,1346448
7290008000246,false,"פמינה - שטיפה אינטימית מועשר באלוורה 220 מ""ל",גורי ע.ע.ע. בע`מ,IL,"פמינה פרש אלוורה 220 מ""ל",מיליליטרים,220.00,"100 מ""ל",false,,24.90,0.1132,true,1,1346449
7290008000598,false,"קרם ידיים שאו 100 מ""ל",כצט,IL,"SHOW קרם ידיים 100 מ""ל",מיליליטרים,100.00,"100 מ""ל",false,,4.90,0.0490,true,1,1346450
7290008000666,false,שעווה בניחוח תות,כצט,IL,SHOW שעווה בניחוח תות,גרמים,480.00,100 גרם,false,,12.90,0.0269,true,1,1346451
7290008000796,false,"סופרמן משחת שיניים לילדים בטעם פירות כצט 50 מ""ל",גורי ע.ע.ע. בע`מ,IL,משחת שיניים סופרמן-כצט,מיליליטרים,50.00,"100 מ""ל",false,,11.90,0.2380,true,1,1346454
7290008000826,false,"משחת שיניים לילדים בטעם פירות לגילאים 2-6 כצט 50 מ""ל",גורי ע.ע.ע. בע`מ,IL,"משחת שיניים ברבי 50 מ""ל",גרמים,50.00,100 גרם,false,,11.90,0.2380,true,1,1346455
7290008001502,false,אלמקס מי פה לשיניים רגישות 400 מל,"ש. שסטוביץ בע""\מ",CH,אלמקס שטיפה דנטלית לרגישו,מיליליטרים,400.00,"100 מ""ל",false,,29.90,0.0747,true,1,1338701
7290008104036,false,"לקטופיל - תחליב סבון טיפולי 500 מ""ל",פמינה,IL,לקטופיל תחליב סבון טיפולי,מיליליטרים,500.00,"100 מ""ל",false,,34.90,0.0698,true,1,1346459
7290008104050,false,"שטיפת אינטימית לקטופיל פמינה 220 מ""ל",גורי ע.ע.ע. בע`מ,IL,"פמינה קלאסיק 220 מ""ל",מיליליטרים,220.00,"100 מ""ל",false,,19.90,0.0905,true,1,1346460
7290008116541,false,שטיפת פה ליסטרין מנטה קריר 500 מ`ל,ג'\ונסון אנד ג'\ונסון,,מי פה ליסטרין קול מי,מיליליטרים,500.00,"100 מ""ל",false,,19.90,0.0398,true,1,1306467
7290008116565,false,שטיפת פה ליסטרין מנטה מרענן 500 מ`ל,ג'\ונסון אנד ג'\ונסון,,מי פה ליסטרין פרש 50,מיליליטרים,500.00,"100 מ""ל",false,,19.90,0.0398,true,1,1306468
7290008116862,false,בלנאום שמן רחצה יומיומי לתינוקות וילדים,שקד תבל בעמ,,שמן אמבט בלנאום בייב,מיליליטרים,500.00,"100 מ""ל",false,,74.90,0.1498,true,1,1306469
7290008116886,false,בלנאום שמן רחצה טיפולי לתינוקות וילדים 5,שקד תבל בעמ,,שמן אמבט בלנאום בייב,מיליליטרים,500.00,"100 מ""ל",false,,74.90,0.1498,true,1,1306471
7290008149228,false,עופיון טרי,,,עופיון טרי,קילוגרמים,1.00,"ק""ג",true,,39.90,39.9000,true,1,1350411
7290008154222,false,שניצלונים עוף טוב 700 גרם,קבוצת אוסם סחר-שות.מוגבלת,IL,עוף טוב שניצלונים בציפוי,גרמים,700.00,100 גרם,false,,19.90,0.0284,true,1,1305638
7290008166010,false,לקט פיצוחים מובחר200גרם,"גיי אנג גי פקאנס בע""",,לקט פיצוחים 200 גרם,גרמים,200.00,100 גרם,false,,15.90,0.0795,true,1,1334644
7290008166751,false,חמוציות במגשית הטיב 200 גר',"גיי אנג גי פקאנס בע""",,חמוציות 200 גרם,גרמים,200.00,100 גרם,false,,8.90,0.0445,true,1,1334660
7290008166775,false,הטיב בוטן מטוגן 200ג,"גיי אנג גי פקאנס בע""",,בוטן מטוגן 200 גרם,גרמים,200.00,100 גרם,false,,7.90,0.0395,true,1,1334661
7290008175173,false,חמאה מפינלנד ללא מלח 200 גרם ויליפוד,ג.וילי-פוד אינטרנשיונל **גבינו,,חמאה 200 גרם ללא תוס,גרמים,200.00,100 גרם,false,,12.90,0.0645,true,1,1308792
7290008175210,false,גבינת פרמזן מגורדת 90ג' ויליפוד,ג.וילי-פוד אינטרנשיונל **גבינו,IT,פרמז'נו מגורדת 90גרם (כ/ל,גרמים,90.00,100 גרם,false,,14.90,0.1656,true,1,1308793
7290008175760,false,מנצגו חלב כבשים מעדניה שקיל,אלפסטור,ES,גבינת מנצ'גו מחלב כבשים (,קילוגרמים,1.00,"ק""ג",true,,99.00,99.0000,true,1,1308798
7290008175777,false,גבינת איבריקו31% במשקל,יושלם,,גבינת איברקו חלב ישר,קילוגרמים,1.00,"ק""ג",true,,99.00,99.0000,true,1,1308799
7290008175814,false,וילי פוד פטריות שמפיניון חתוך בדץ 400ג,ג.וילי-פוד אינטרנשיונל בעמ,PL,פטריות חתוך 400גרם- בד'צ,גרמים,400.00,100 גרם,false,,4.90,0.0123,true,1,1308800
7290008175906,false,גבינת עיזים קשה וילי,אלמטאה,NL,גבינת עיזים (שקיל) חלב יש,קילוגרמים,1.00,"ק""ג",true,,119.00,119.0000,true,1,1308801
7290008190909,false,עוגיות מיני קוקיס שוקולד צ'יפס בצנצנת כרמית 600 גרם,כרמית תעשיות ממתקים בעמ,IL,כרמית מיני קוקיס שוקו ציפ,גרמים,600.00,100 גרם,false,,18.90,0.0315,true,1,1338710
7290008190985,false,לקקנים בטעם גלידה 450גר 50יח`,כרמית תעשיות ממתקים בעמ,IL,כרמית לקקן גלידה 50יח' כש,גרמים,450.00,100 גרם,false,,18.90,0.0420,true,1,1338711
7290008194266,false,מארזים מתוקים א.אטיא,ממתקי השלום בעולם בעמ,,מארזים מתוקים א.אטיא,גרמים,350.00,100 גרם,false,,14.90,0.0426,true,1,2358477
7290008194839,false,חטיפים מצופים אטיאס,ממתקי השלום,,מארז מצופים א.אטיאס,גרמים,300.00,100 גרם,false,,14.90,0.0497,true,1,2358478
7290008263214,false,ממרח חרובים אורגני-הרדוף 350 גר,ברינקרס פוד,NL,ממרח חרובים אורגני 350 גר,גרמים,350.00,100 גרם,false,,19.90,0.0569,true,1,1309085
7290008263597,false,קוואקר אורגני הרדוף 500 גרם,אול אורגני,GB,קוואקר 500 גר אורגני,גרמים,500.00,100 גרם,false,,12.90,0.0258,true,1,1309091
7290008263641,false,קוואקר עדין אורגני 500 גרם - הרדוף,אול אורגני,IL,קוואקר עדין אורגני 500 גר,גרמים,500.00,100 גרם,false,,12.90,0.0258,true,1,1309094
7290008263924,false,טחינה אורגנית מלאה 1 קג הרדוף,"אחדות ביח""ר לטחינה ח",IL,טחינה אורגנית שומשום מלא,גרמים,1000.00,100 גרם,false,,39.90,0.0399,true,1,1309100
7290008318518,false,"דאו.לאבליין ספריי 187מ""ל",חלאבין,,דאו לאבליין ספרי,מיליליטרים,187.00,"100 מ""ל",false,,19.90,0.1064,true,1,1327727
7290008318921,false,טל קרם לידיים יבשות 150,General,,קרם ידיים טל,מיליליטרים,100.00,"100 מ""ל",false,,8.90,0.0890,true,1,1327732
7290008318990,false,"מידנייט קרם ידיים 100 מ""ל",חלאבין,,קרם ידיים מידנייט,מיליליטרים,100.00,"100 מ""ל",false,,9.90,0.0990,true,1,1327734
7290008330107,false,מרכך כביסה סגול בדין (4 ליטר),יוניליוור ישראל שיווק בע`מ,IL,Badin Std Liquid Purple 4,ליטרים,4.00,ליטר,false,,19.90,4.9750,true,1,1341345
7290008335539,false,פלמיני במלית בשר 600 גר`שלושת האופים,נטו מלינדה סחר בע`מ,,כיסונים במלית בשר-פל,גרמים,600.00,100 גרם,false,,13.90,0.0232,true,1,2389418
7290008335546,false,ורניקי במלית תפוא 600 גר` שלושת האופים,נטו מלינדה סחר בע`מ,,"כיסונים במלית תפו""א-",גרמים,600.00,100 גרם,false,,13.90,0.0232,true,1,2389419
7290008343466,false,בצק פילו שלושת האופים (500 גרם),שלושת האופים שגמור,IL,בצק פילו 500 גר',גרמים,500.00,100 גרם,false,,14.90,0.0298,true,1,1329548
7290008343503,false,גחנון אפוי 650 גר' שלושת האופים קהילות,נטו מלינדה סחר בעמ,,ג'חנון אפוי 650 גרם,גרמים,650.00,100 גרם,false,,15.90,0.0245,true,1,2231014
7290008343510,false,ג'חנון מיני אפוי למיקרו 3 האופים 650 ג',נטו מלינדה סחר בעמ,,מיני ג'חנון אפוי 650,גרמים,650.00,100 גרם,false,,19.90,0.0306,true,1,2231015
7290008343558,false,סיגרים במילוי בשר פיקנטי 1 ק``ג קפוא,נטו מלינדה סחר בע`מ,,"סיגרים בשר 1 ק""ג",קילוגרמים,1.00,"ק""ג",false,,18.90,18.9000,true,1,2227478
7290008343572,false,אגרול סיני 1 קג -שלושת האופים,נטו מלינדה סחר בע`מ,,"אגרול סיני 1 ק""ג",קילוגרמים,1.00,"ק""ג",false,,18.90,18.9000,true,1,2227437
7290008343602,false,"קובה בשר 1 ק""ג שלושת האופים",נטו מלינדה סחר בעמ,,"קובה בשר 1 ק""ג",קילוגרמים,1.00,"ק""ג",false,,18.90,18.9000,true,1,2227480
7290008343619,false,"פסטלים תפו""א שלושת האופים 1 ק""ג",נטו מלינדה סחר בע`מ,,"פסטלים תפו""א 1 קג",קילוגרמים,1.00,"ק""ג",false,,18.90,18.9000,true,1,2227438
7290008343626,false,כדורי פלאפל 1 קג -שלושת האופים,נטו מלינדה סחר בע`מ,,כדורי פלאפל 1 קג,קילוגרמים,1.00,"ק""ג",false,,18.90,18.9000,true,1,2227439
7290008345118,false,דלידג מקרל בשמן 240 גרם,מיוצר על ידי קוד יצר,,דג מקרל בשמן 240 גרם,גרמים,240.00,100 גרם,false,,26.90,0.1121,true,1,2286294
7290008345132,false,הרינג כבוש דלידג 240 ג',נטו מלינדה סחר בעמ,,דג הרניג כבוש 240 גר,גרמים,240.00,100 גרם,false,,24.90,0.1037,true,1,2286284
7290008345576,false,סלט איקרה ביתית לבנה 300 גרם דלידג,נטו מלינדה סחר בע`מ,,איקרה ביתית לבנה 300,גרמים,300.00,100 גרם,false,,19.90,0.0663,true,1,2286285
7290008345583,false,סלט איקרה ביתית ורודה דלידג (300 גרם),נטו מלינדה סחר בע`מ,,איקרה ביתית ורוד 300,גרמים,300.00,100 גרם,false,,19.90,0.0663,true,1,2286286
7290008347211,false,אצבעות דג מצופות דלידג (700 גרם),אף.סי תבליני בגליל ב,IL,אצבעות דג 700 ג,גרמים,700.00,100 גרם,false,,19.90,0.0284,true,1,1329550
7290008347730,false,סלמון מעושן הילטון ב,דלידג ק.מלאכי,,פילה סלמון מעושן,קילוגרמים,1.00,"ק""ג",true,,199.00,199.0000,true,1,1395667
7290008403238,false,גבינת ברי צרפתית32% משקל,קואופורטיב איסיני סנט מר,,"גבינה ברי איסני ק""ג",קילוגרמים,1.00,"ק""ג",true,,120.00,120.0000,true,1,1550208
7290008403443,false,"גבינה קברה עיזים ק""ג",סאן ויסנצה,,"גבינה קברה עיזים ק""ג",קילוגרמים,1.00,"ק""ג",true,,140.00,140.0000,true,1,1565377
7290008403450,false,גבינת מנצ'גו 36% משקל,סן וינשנטה,,"גבינה מנצ'גו בשלה ק""",קילוגרמים,1.00,"ק""ג",true,,220.00,220.0000,true,1,1565378
7290008403900,false,גבינת גאודה עגבניות וזיתים במשקל,מיוצר עי קונדיטוריית,,גבינה גאודה עגבניות,קילוגרמים,1.00,"ק""ג",true,,99.00,99.0000,true,1,2303437
7290008403917,false,גבינת גאודה פסטו במשקל,הנרי ויליך,,גבינה גאודה פסטו ירו,קילוגרמים,1.00,"ק""ג",true,,115.00,115.0000,true,1,2303438
7290008403924,false,גבינת גאודה פסטו אדום במשקל,מיוצר עי קונדיטוריית,,גבינה גאודה פסטו אדו,קילוגרמים,1.00,"ק""ג",true,,115.00,115.0000,true,1,2303427
7290008403931,false,גבינת גאודה כמון במשקל,מיוצר עי קונדיטוריית,,גבינה גאודה כמון,קילוגרמים,1.00,"ק""ג",true,,99.00,99.0000,true,1,2303439
7290008409049,false,שניצלונים בציפוי שומשום מיני מיני דק מאמא עוף 500 גרם,תנובה מרכז שיתופי לשיווק תוצרת,,שניצלונים מיני דק דק,גרמים,500.00,100 גרם,false,,27.90,0.0558,true,1,1340576
7290008409100,false,אצבעות שניצל בציפוי שומשום מאמא עוף 700 גרם,תנובה גליל שותפות מוגבלת,,אצבעות שניצל בציפוי,גרמים,700.00,100 גרם,false,,34.90,0.0499,true,1,1340579
7290008409124,false,מאמא עוף קפוא שניצל ג'ונגל פריך 700 גרם,תנובה מרכז שיתופי לשיווק תוצרת,,שניצל ג'ונגל מאמאעוף,גרמים,700.00,100 גרם,false,,32.90,0.0470,true,1,1340581
7290008409216,false,מאמא עוף קפוא שניצל דק פריך 700 גרם,תנובה מרכז שיתופי לשיווק תוצרת,,שניצל דק דק פריך מאמ,גרמים,700.00,100 גרם,false,,39.90,0.0570,true,1,1340582
7290008409223,false,שניצל דק דק מתובל מאמא עוף (700 גרם),תנובה מרכז שיתופי לשיווק תוצרת,,שניצל דק דק מתובל מא,גרמים,700.00,100 גרם,false,,39.90,0.0570,true,1,1340583
7290008409315,false,שניצלונים בציפוי פריך מיני מיני דק מאמא עוף 500 גרם,תנובה מרכז שיתופי לשיווק תוצרת,,שניצלונים מיני דק דק,גרמים,500.00,100 גרם,false,,27.90,0.0558,true,1,1340586
7290008409407,false,שניצל דק דק צ`יפס מאמא עוף (700 גרם),תנובה גליל שותפות מוגבלת,,שניצל דק דק צ'יפס מא,גרמים,700.00,100 גרם,false,,39.90,0.0570,true,1,1340590
7290008409551,false,שניצל עוף אמיתי בציפוי מעודן 700 ג' מאמא עוף,תנובה מרכז שיתופי לשיווק תוצרת,,חזה עוף בציפוי מעודן,גרמים,700.00,100 גרם,false,,42.90,0.0613,true,1,1340597
7290008409582,false,שניצל עוף אמיתי בציפוי ביתי מאמא עוף 700 גרם,תנובה מרכז שיתופי לשיווק תוצרת,,חזה עוף בציפוי ביתי,גרמים,700.00,100 גרם,false,,42.90,0.0613,true,1,1340600
7290008415071,false,צבר חומוס עם טחינה עגול 150 גרם,קבוצת אוסם סחר שותפות מוגבלת,IL,צבר חומוס עם טחינה 150 גר,גרמים,150.00,100 גרם,false,,4.90,0.0327,true,1,1305641
7290008415514,false,צבר חומוס עם חריף עגול 150 גרם,קבוצת אוסם סחר שותפות מוגבלת,IL,צבר חומוס עם חריף 150 גרם,גרמים,150.00,100 גרם,false,,4.90,0.0327,true,1,1305642
7290008417228,false,תבלין על אש 110,נווה תבלין,,תבלין על האש,קילוגרמים,1.00,"ק""ג",true,,39.00,39.0000,true,1,1353746
7290008423014,false,פלפל שחור גרוס 100 גרם,תבליני הדור השלישי,,פלפל שחור,גרמים,100.00,100 גרם,false,,13.90,0.1390,true,1,2414264
7290008423021,false,תבלין כמון 500 גרם,תבליני הדור השלישי,,כמון טחון,גרמים,400.00,100 גרם,false,,29.90,0.0747,true,1,2414329
7290008423045,false,תבלין לקציצות פרג 10,תבליני הדור השלישי,,תבלין קציצות,גרמים,100.00,100 גרם,false,,13.90,0.1390,true,1,1334517
7290008423052,false,ממרח עגבניות מיובשות בשמן זית 250גר,תבליני הדור השלישי,,עגבניות מיובשות בשמן,גרמים,250.00,100 גרם,false,,14.90,0.0596,true,1,1334518
7290008423243,false,מלח שולחן הים האדום,מלח הארץ,,מלח הים האדום דק,גרמים,650.00,100 גרם,false,,7.90,0.0122,true,1,1334523
7290008423250,false,מלח גס הים האדום 630,מלח הארץ,,מלח גס,גרמים,630.00,100 גרם,false,,7.90,0.0125,true,1,2414343
7290008443265,false,תחליב לחות לרחצה אל סבון נוזלי נקה 7 2 ליטר,החברה הדרומית לשיווק בעמ,IL,סופטקר אל סבון קלאסי 2 לי,ליטרים,2.00,ליטר,false,,29.90,14.9500,true,1,1344571
7290008443616,false,"מרכך לשיער יבש אדום נקה 7 750 מ""ל",החברה הדרומית לשיווק בעמ,IL,מרכך נקה 7 לשיר יבש 750מ,מיליליטרים,750.00,"100 מ""ל",false,,11.90,0.0159,true,1,1344575
7290008443630,false,"שמפו לשיער מתולתל סגול נקה 7 750 מ""ל",החברה הדרומית לשיווק בעמ,IL,שמפו נקה7 שיער מתולתל750,מיליליטרים,750.00,"100 מ""ל",false,,11.90,0.0159,true,1,1344577
7290008443647,false,"מרכך לשיער מתולתל סגול, 750 מ""ל נקה 7",החברה הדרומית לשיווק בעמ,IL,מרכך נקה7 שיער מתולתל750,מיליליטרים,750.00,"100 מ""ל",false,,11.90,0.0159,true,1,1344578
7290008444231,false,"קרליין - קרם ג'ל לחות יאנג 50 מ""ל",קרליין,,CARELINE YOUNG קרם ג,מיליליטרים,50.00,"100 מ""ל",false,,34.90,0.6980,true,1,1344584
7290008444538,false,דאודורנט ספריי פריטי,,,דאודורנט ספריי פריטי,מיליליטרים,175.00,"100 מ""ל",false,,19.90,0.1137,true,1,1344589
7290008449267,false,ארגז אדיר 15 ליטר (30*39*12.5),,,תיבת אחסון 12.5 ל',יחידה,0.00,יחידה,false,,29.90,0.0000,true,1,2318633
7290008461047,false,גב.ברי לה רוסטיק 31%משקל,נטו מלינדה סיימן,,"גבינה ברי לרוסטיק ק""",קילוגרמים,1.00,"ק""ג",true,,169.00,169.0000,true,1,1550211
7290008461283,false,גבינת טריפל צ'דר חצי קשה הגבינות של נני 200 גרם,שבינגטון,,צ'דר טריפל*200 גרם,גרמים,200.00,100 גרם,false,,20.90,0.1045,true,1,1551008
7290008462204,false,חרדל דיז'ון מקורי נטו מאי 380 גרם,א. סיימן סחר בעמ,,חרדל דז'ון מקורי MAI,גרמים,380.00,100 גרם,false,,11.90,0.0313,true,1,1565237
7290008462259,false,חרדל דיז'ון גרגירים מיילי 380 גרם,א. סיימן סחר בעמ,,חרדל דיז'ון גרגירים,גרמים,380.00,100 גרם,false,,13.90,0.0366,true,1,1565238
7290008464024,false,"בירה גולדסטאר Unfiltered, בירה לא מסוננת, פחית 500 מ""ל","טמפו משקאות בע""מ",,פחית גולדסטאר לא מסו,מיליליטרים,500.00,"100 מ""ל",false,,9.90,0.0198,true,1,1323934
7290008464109,false,"בירה גולדסטאר Unfiltered, בירה לא מסוננת, בקבוק 330 מ""ל","טמפו משקאות בע""מ",,בירה גולדסטאר לא מסו,מיליליטרים,330.00,"100 מ""ל",false,,8.90,0.0270,true,1,1323935
7290008464130,false,"בירה גולדסטאר Unfiltered, בירה לא מסוננת, מארז שישייה, בקבוק 330 מ""ל",טמפו משקאות בעמ,,שישייה בירה גולדסטאר,ליטרים,1.98,ליטר,false,,39.90,20.1515,true,1,1323936
7290008464208,false,"בירה מכבי 7.9%, בירה חזקה, בקבוק 330 מ''ל",פארייפאבה אגרואינדוס,,בירה מכבי 7.9% אלכוה,מיליליטרים,330.00,"100 מ""ל",false,,6.90,0.0209,true,1,1323937
7290008464222,false,"בירה מכבי 7.9%, בירה חזקה, פחית 500 מ""ל","טמפו משקאות בע""\מ",,בירה מכבי 7.9 פחית 5,מיליליטרים,500.00,"100 מ""ל",false,,9.90,0.0198,true,1,1371211
7290008464345,false,"בירה גולדסטאר, בקבוק 330 מ''ל",פארייפאבה אגרואינדוס,,בירה גולדסטאר בקבוק,מיליליטרים,330.00,"100 מ""ל",false,,6.90,0.0209,true,1,1364606
7290008464369,false,"פפסי קולה בפחית 330 מ""ל","טמפו משקאות בע""\מ",,פחית פפסי קולה 330 מ,מיליליטרים,330.00,"100 מ""ל",false,,3.50,0.0106,true,1,1323940
7290008464376,false,"מרינדה תפוז פחית 330 מ""ל",טמפו,,"פחית מירנדה 330 מ""ל",מיליליטרים,330.00,"100 מ""ל",false,,3.50,0.0106,true,1,1323941
7290008464383,false,"פחית סבן אפ 330 מ""ל",טמפו משקאות בעמ,,"פחית סבן אפ 330 מ""ל",מיליליטרים,330.00,"100 מ""ל",false,,3.50,0.0106,true,1,1323942
7290008464390,false,"פחית דיאט סבן אפ 330 מ""ל",טמפו משקאות בעמ,,פחית סבן אפ דיאט 330,מיליליטרים,330.00,"100 מ""ל",false,,3.50,0.0106,true,1,1323943
7290008464406,false,פפסי מקס – משקה מוגז דל קלוריות פחיות 300 מל' שישייה,טמפו משקאות בע`מ,,"פחית פפסי מקס 330 מ""",מיליליטרים,330.00,"100 מ""ל",false,,3.50,0.0106,true,1,1323944
7290008464468,false,בירה בפחית גולדסטאר (500 מל),פארייפאבה אגרואינדוס,,בירה גולדסטאר בפחית,מיליליטרים,500.00,"100 מ""ל",false,,8.90,0.0178,true,1,1323945
7290008464505,false,סאן בנדטו מים מינרלים להחזרה 0.5 ל`,אקווה מינרלה סאן בנדטו ב,,מים סן בנדטו 0.5 ליט,מיליליטרים,500.00,"100 מ""ל",false,,4.90,0.0098,true,1,1323947
7290008464604,false,"בירה הייניקן פחית 500 מ""ל",טמפו משקאות בע''מ,,"היינקן פחית 500 מ""ל.",מיליליטרים,500.00,"100 מ""ל",false,,11.90,0.0238,true,1,1323949
7290008464611,false,"הסודה של טמפו, מי סודה בגיזוז חזק, 275 מל",טמפו משקאות בעמ,,סודה טמפו,מיליליטרים,275.00,"100 מ""ל",false,,3.90,0.0142,true,1,1999436
7290008464628,false,"טמפו ביטר למון גזוז בטעם ביטר לימון, 275 מל","טמפו משקאות בע""\מ",,סודה ביטר לימון 275מ,מיליליטרים,275.00,"100 מ""ל",false,,4.50,0.0164,true,1,1997388
7290008464635,false,"מי טוניק, גזוז בטעם טוניק 275 מל",טמפו משקאות בעמ,,"מי טוניק 275 מ""ל",מיליליטרים,275.00,"100 מ""ל",false,,4.50,0.0164,true,1,1997389
7290008464642,false,"טמפו ג'ינג'ר אייל גזוז בטעם ג'ינג'ר, 275 מל","טמפו משקאות בע""מ",,משקה ג'ינג'ר אייל 27,מיליליטרים,275.00,"100 מ""ל",false,,4.50,0.0164,true,1,1997390
7290008464673,false,"בירה גולדסטאר SLOWBREW פחית 10%, 500 מ""ל","טמפו משקאות בע""\מ",,"פחית גולדסטאר 500 מ""",מיליליטרים,500.00,"100 מ""ל",false,,9.90,0.0198,true,1,2120018
7290008464697,false,"בירה מכבי 7.9%, בירה חזקה, מארז שישייה, בקבוק 330 מ""ל",טמפו משקאות בעמ,,שישיית בירה מכבי 7.9,ליטרים,1.98,ליטר,false,,25.00,12.6263,true,1,1323950
7290008464703,false,"שישיית בירה מכבי בקבוק 330 מ""ל",טמפו משקאות בע''מ,,מכבי מארז שישיה 330,ליטרים,1.98,ליטר,false,,25.00,12.6263,true,1,1323951
7290008464741,false,"בירה גולדסטאר, מארז שישייה, בקבוק 330 מ''ל","טמפו משקאות בע""\מ",,שישייה בירה גולדסטאר,ליטרים,1.98,ליטר,false,,25.00,12.6263,true,1,1323952
7290008464796,false,"בירה היינקן, מארז שישייה, בקבוק 330 מ''ל",טמפו משקאות בע''מ,,הייניקן שישייה 330 מ,ליטרים,1.98,ליטר,false,,32.90,16.6162,true,1,1323953
7290008469760,false,שריר הזרוע מס 8 חלק,לאס,,שריר בקר מס.8 קפוא,קילוגרמים,1.00,"ק""ג",true,,49.90,49.9000,true,1,2389208
7290008470759,false,מסטיק אורביט ספירמינט מארז שמינייה,מרס ריגלי ישראל בעמ,,מסטיק אורביט שמניות,גרמים,104.00,100 גרם,false,,14.90,0.1433,true,1,1336744
7290008470766,false,שמינייה אורביט סטיקס בטעם פפרמינט,מרס ריגלי ישראל בעמ,,מסטיק אורביט שמניות,גרמים,104.00,100 גרם,false,,14.90,0.1433,true,1,1336745
7290008473057,false,מגבונים קמיל בלו טו גו שקית 3*30 יח,"ד""ר פישר Dr fischer",IL,קמיל בלו סנסטיב מגבונים 3,יח',90.00,יח',false,,15.90,0.1767,true,1,1351836
7290008473637,false,מגבונים לניקוי האף לתינוק 30יח,"ד""ר פישר Dr fischer",IL,'קמיל בלו מגבונאף 30 יח,יח',30.00,יח',false,,6.90,0.2300,true,1,1351837
7290008482486,false,אבקת אינסטנט להכנת מלאבי פרווה 112ג' נאמן,נאמן לאורך זמן בעמ,,"מלאבי 112 ג""ר.",גרמים,112.00,100 גרם,false,,6.90,0.0616,true,1,1329638
7290008482561,false,פודינג אינסטנט בטעם,י.כהן,,פודינג אינסטנט,גרמים,85.00,100 גרם,false,,4.90,0.0576,true,1,1329640
7290008482578,false,פודינג אינסטנט וניל 80 גרם,י.כהן,,פודינג אינסטנט,גרמים,85.00,100 גרם,false,,4.90,0.0576,true,1,1329641
7290008482585,false,גלי אינסטנט בטעם משמ,י.כהן,,אינסטנט פודינג ג'לי,גרמים,85.00,100 גרם,false,,4.90,0.0576,true,1,1329642
7290008482592,false,גלי אינסטנט תות פרוו,נאמן לאורך זמן בעמ,,אינסטנט ג'לי תות,גרמים,85.00,100 גרם,false,,4.90,0.0576,true,1,1329643
7290008482639,false,"ג'יל תות בד""צ 500 גר",,,"ג'יל תות בד""צ 500 גר",גרמים,500.00,100 גרם,false,,14.90,0.0298,true,1,1329644
7290008493413,false,פירורי לחם מאיר בייגל פירורי גריסיני 200 גרם,"דנשר (1963) בע,מ",,פירורי גריסיני 200 ג,גרמים,200.00,100 גרם,false,,5.90,0.0295,true,1,1306837
7290008493710,false,פרורי גריסני זהב פירורי לחם מאיר בייגל 200 גרם,"דנשר (1963) בע,מ",,פירורי גריסיני 200 ג,גרמים,200.00,100 גרם,false,,5.90,0.0295,true,1,1306846
7290008611091,false,פילה סלמון מנות קפוא,סיבורן,,פילה סלמון מנות קפוא,קילוגרמים,1.00,"ק""ג",true,,79.00,79.0000,true,1,2416176
7290008618007,false,פילה סלמון/פרוס טרי במגש,מאסטר פוד בע`מ[דגים],,פילה סלמון טרי פרוס,קילוגרמים,1.00,"ק""ג",true,,120.00,120.0000,true,1,2358687
7290008618021,false,פילה דניס טרי פרמיום,מאסטר פוד בע`מ[דגים],,פילה דניס טרי ארוז מ,קילוגרמים,1.00,"ק""ג",true,,109.00,109.0000,true,1,2358689
7290008618045,false,פילה בס טרי ארוז מאס,,,פילה בס טרי ארוז מאס,קילוגרמים,1.00,"ק""ג",true,,99.00,99.0000,true,1,2358691
7290008618069,false,פילה ברמונדי טרי ארו,,,פילה ברמונדי טרי ארו,קילוגרמים,1.00,"ק""ג",true,,99.00,99.0000,true,1,2358693
7290008634045,false,"פלסטר שקוף 30 יחידות ""SUNNY PLASTER""",אינטרסן (1996) בעמ,,פלסטר ציבעוני,יח',30.00,יח',false,,5.90,0.1967,true,1,1322151
7290008634663,false,בקבוק לתינוק +0 טוליפס) (3,אינטרסן (1996) בעמ,,מארז בקבוקים לתינוקו,יח',3.00,יח',false,,14.90,4.9667,true,1,1322156
7290008634700,false,כפפות XL לטקס עם איבוק עדין 100 יח- SAFE TOUCH,אינטרסן (1996) בעמ,,כפפות לאטקס XL,יח',100.00,יח',false,,18.90,0.1890,true,1,2306336
7290008636193,false,כמון בצנצנת מיה 300 גרם,מיה תעשיות מזון מ.ת.מ. ב,IL,כמון 300גרם,גרמים,300.00,100 גרם,false,,19.90,0.0663,true,1,1334074
7290008636209,false,כורכום בצנצנת מיה 300 גרם,מיה תעשיות מזון מ.ת.מ בעמ,IL,כורכום 300גרם,גרמים,300.00,100 גרם,false,,19.90,0.0663,true,1,1334075
7290008636216,false,אבקת שום בצנצנת מיה 300 גרם,מיה תעשיות מזון מ.ת.מ בעמ,IL,אבקת שום 300גרם,גרמים,300.00,100 גרם,false,,19.90,0.0663,true,1,1334076
7290008636339,false,פירה שבבי תפוח אדמה מיה 500 גרם כשר לפסח,מיה תעשיות מזון מ.ת.מ. בעמ,IL,שבבי תפוחי אדמה 400גרם,גרמים,400.00,100 גרם,false,,9.90,0.0248,true,1,1334077
7290008636650,false,קמח מצה מיה 500 גרם,מיה תעשיות מזון מ.ת.מ. בעמ,IL,קמח מצה 500גרם,גרמים,500.00,100 גרם,false,,6.90,0.0138,true,1,1334081
7290008636919,false,קקאו הולנדי בבשקית מיה 200 גרם,מיה תעשיות מזון מ.ת.מ. בעמ,IL,קקאו הולנדי 250גרם בשקית,גרמים,250.00,100 גרם,false,,10.90,0.0436,true,1,1334084
7290008636926,false,קקאו הולנדי בשקית מיה 500 גרם,מיה תעשיות מזון מ.ת.מ. בעמ,IL,קקאו הולנדי 500גרם בשקית,גרמים,500.00,100 גרם,false,,16.90,0.0338,true,1,1334085
7290008636933,false,אגוזי מלך גרוסים מיה 100 גרם,מיה תעשיות מזון מ.ת.מ. בעמ,IL,אגוזי מלך גרוסים 100גרם,גרמים,100.00,100 גרם,false,,10.90,0.1090,true,1,1334086
7290008636957,false,שקדים מולבנים גרוסים מיה 100 גרם,מיה תעשיות מזון מ.ת.מ. בעמ,IL,שקדים מולבנים גרוסים 100ג,גרמים,100.00,100 גרם,false,,10.90,0.1090,true,1,1334088
7290008636964,false,שקדים מולבנים שביבים 100 גר' מיה,מיה תעשיות מזון מ.ת.מ. בעמ,IL,שקדים מולבנים שבבים 100גר,גרמים,100.00,100 גרם,false,,10.90,0.1090,true,1,1334089
7290008636988,false,גרעיני חמניות קלופים 100 גר' מיה,מיה תעשיות מזון מ.ת.מ. בעמ,IL,גרעיני חמניה קלופים 100גר,גרמים,100.00,100 גרם,false,,2.90,0.0290,true,1,1334091
7290008636995,false,גרעיני דלעת קלופים מיה 100 גרם,מיה תעשיות מזון מ.ת.מ. בעמ,IL,גרעיני דלעת קלופים 100גרם,גרמים,100.00,100 גרם,false,,5.90,0.0590,true,1,1334092
7290008644112,false,אחלה יום יום סלט מטבוחה יום יום 125 גרם,שטראוס גרופ בעמ/מצונן,IL,מטבוחה יום יום 125 גר',גרמים,125.00,100 גרם,false,,4.50,0.0360,true,1,1341871
7290008645935,false,אחלה חומוס לניגוב 750 גרם,שטראוס גרופ בעמ/מצונן,IL,חומוס 750 מ. כתומה,גרמים,750.00,100 גרם,false,,9.90,0.0132,true,1,1341878
7290008690713,false,נקטר חמוציות אושן ספריי פריגת (1 ליטר),החברה המרכזית להפצת משקאות בעמ,IL,פריגתאושןספרי חמוציות1ליט,ליטרים,1.00,ליטר,false,,11.90,11.9000,true,1,1335074
7290008693134,false,מעדן גבינה ויוגורט בטעם תות 5% שומן 88 ג' דניאלה,שטראוס גרופ בעמ/מצונן,IL,דניאלה תות,גרמים,88.00,100 גרם,false,,3.90,0.0443,true,1,1341879
7290008739986,false,בוקט גרליק,,,בוקט גרליק,יחידה,0.00,יחידה,false,,19.90,0.0000,true,1,2335174
7290008745239,false,תפוצ'יפס קראנצ' בטעם טבעי עלית 50 גרם,"שטראוס פריטו ליי בע""\מ )",IL,תפו קראנצ טבעי 50,גרמים,50.00,100 גרם,false,,3.90,0.0780,true,1,1343199
7290008747547,false,תפוצ'יפס קראנץ' בטעם טבעי עלית 200 גרם,"שטראוס פריטו ליי בע""\מ )",IL,תפו קראנצ טבעי 200,גרמים,200.00,100 גרם,false,,9.90,0.0495,true,1,1343201
7290008750264,false,"מסטיק מאסט ציקלס דובדבן 28 גרם לל""ס מגדים",שטראוס גרופ בע`מ,IL,MUST LL פליפ. דובדבן,גרמים,28.00,100 גרם,false,,3.90,0.1393,true,1,1342563
7290008752244,false,תפוצ'יפס קראנץ' בטעם גריל עלית 50 גרם,"שטראוס פריטו ליי בע""\מ )",IL,תפו קראנצ גריל 50,גרמים,50.00,100 גרם,false,,3.90,0.0780,true,1,1343203
7290008753111,false,תפוצ'יפס קראנץ' בטעם מקסיקני עלית 50 גרם,"שטראוס פריטו ליי בע""\מ )",IL,תפו קראנצ מקסיקני 50,גרמים,50.00,100 גרם,false,,3.90,0.0780,true,1,1343205
7290008754415,false,גומי מאסט בטעם ספירמינט עדין פליפטופ 28 ג' עלית,שטראוס גרופ בע`מ,IL,כשלפ מסטיק MUST ספירמינט,גרמים,28.00,100 גרם,false,,3.90,0.1393,true,1,1342572
7290008754422,false,גומי מאסט בטעם פפרמינט קלאסי פליפטופ 28 ג' עלית,שטראוס גרופ בע`מ,IL,Must LL קלאסי פפרמינט,גרמים,28.00,100 גרם,false,,3.90,0.1393,true,1,1342573
7290008757034,false,"שוופס סודה זכוכית 250 מ""ל",יפאורה שותפות מוגבלת לשיווק,,"סודה בקבוק 250 מ""ל",מיליליטרים,250.00,"100 מ""ל",false,,4.00,0.0160,true,1,1324374
7290008757980,false,קרטונית ספרינג נקטר רימונים 1 ליטר,יפאורה שותפות מוגבלת לשיווק,,ספרינג רימונים קרטונ,ליטרים,1.00,ליטר,false,,6.60,6.6000,true,1,1324380
7290008775816,false,ערגליות עוגיות במילוי שוקולד אסם 300 גרם,קבוצת אוסם סחר שותפות מוגבלת,IL,אסם ערגליות שוקו 300גרם,גרמים,300.00,100 גרם,false,,9.90,0.0330,true,1,1305646
7290008775823,false,ערגליות עוגיות תות שדה אסם 300 גרם,קבוצת אוסם סחר שותפות מוגבלת,IL,אסם ערגליות תות 300גרם,גרמים,300.00,100 גרם,false,,9.90,0.0330,true,1,1305647
7290008784542,false,ספוג רחצה קויוטה מסג,קונסיגנציה- ש. י גיספאן 1993,IL,קויוטה מסג,יחידה,0.00,יחידה,false,,7.90,0.0000,true,1,1308619
7290008801010,false,"יין קברנה סוביניון מרלו פרייוט קולקשן 750 מ""ל",אגודת הכורמים הקאופו,,יין קברנה / מרלו,מיליליטרים,750.00,"100 מ""ל",false,,38.90,0.0519,true,1,1308265
7290008801089,false,"יין P.C קברנה סוביניון אדום יבש כרמל 375 מ""ל",אגודת הכורמים,,קברנה סוביניון,מיליליטרים,375.00,"100 מ""ל",false,,20.20,0.0539,true,1,2294682
7290008801119,false,סלקטד סוביניון בלאן יקבי כרמל (750 מל),אגודת הכורמים הקואופרטיב,,יין סובניון בלאן,מיליליטרים,750.00,"100 מ""ל",false,,24.90,0.0332,true,1,1308266
7290008801157,false,"יין מרלו סלקטד כרמל כרמל 750 מ""ל",אגודת הכורמים -כרמל מזרחי,,יין מרלו סלקטד,מיליליטרים,750.00,"100 מ""ל",false,,24.90,0.0332,true,1,1308267
7290008801461,false,"יין הנצחון לקידוש, 750 מ""ל",אגודת הכורמים -כרמל מזרחי,,יין הנצחון,מיליליטרים,750.00,"100 מ""ל",false,,18.90,0.0252,true,1,2197916
7290008801478,false,יין טופז זהב אדום מתוק ייצוא 750 מל,אגודת הכורמים בעמ,,יין טופז זהב,מיליליטרים,750.00,"100 מ""ל",false,,18.90,0.0252,true,1,1308272
7290008801522,false,יין קינג דויד קונקורד אדום מתוק 750 מל,אגודת הכורמים הקואופרטיב,,יין קונקורד,מיליליטרים,750.00,"100 מ""ל",false,,18.90,0.0252,true,1,1308273
7290008801539,false,כרמל 120 אדום מתוק 750 מל קינג דיוויד,אגודת הכורמים הקואופרטיב,,יין כרמל,מיליליטרים,750.00,"100 מ""ל",false,,18.90,0.0252,true,1,1308274
7290008801546,false,יין מוסקט מתוק קינג דיוויד יקבי כרמל,אגודת הכורמים הקואופרטיב,,יין מוסקט מתוק,מיליליטרים,750.00,"100 מ""ל",false,,18.90,0.0252,true,1,1852698
7290008801843,false,סלקטד קברנה סובניון יקבי כרמל (750 מל),אגודת הכורמים בעמ,,יין קברנה סוביניון ס,מיליליטרים,750.00,"100 מ""ל",false,,24.90,0.0332,true,1,1308276
7290008801850,false,סלקטד אמרלד ריזלינג לבן חצי יבש 750 מל,אגודת הכורמים הקואופרטיב,,יין אמרלנד רזלינג,מיליליטרים,750.00,"100 מ""ל",false,,24.90,0.0332,true,1,1308277
7290008802291,false,יין מרלו פרייבט קולקשן יקבי כרמל,אגודת הכורמים הקואופרטיב,,יין מרלו,מיליליטרים,750.00,"100 מ""ל",false,,38.90,0.0519,true,1,1308278
7290008802512,false,"יין וינו אדום ""כרמל מזרחי""",אגודת הכורמים בעמ,,יין אדום וינו,מיליליטרים,750.00,"100 מ""ל",false,,18.90,0.0252,true,1,1308279
7290008802529,false,"יין לבן חצי יבש וינו 750 מ""ל",אגודת הכורמים בעמ,,יין וינו לבן,מיליליטרים,750.00,"100 מ""ל",false,,18.90,0.0252,true,1,1308280
7290008802895,false,יין קברנה סוביניון פרייבט קולקשן יקבי כרמל,אגודת הכורמים הקאופורטיב,,יין קברנה סוביניון,מיליליטרים,750.00,"100 מ""ל",false,,38.90,0.0519,true,1,1308281
7290008803014,false,"כרמל הוק אורגינל 750 מ""ל",יקבי כרמל,,יין כרמל הוק,מיליליטרים,750.00,"100 מ""ל",false,,19.90,0.0265,true,1,1308282
7290008803021,false,"כרמל אדום עתיק 750 מ""ל",כרמל מזרחי,,יין אדום עתיק,מיליליטרים,750.00,"100 מ""ל",false,,19.90,0.0265,true,1,1308283
7290008803090,false,"יין מרלו קולקשיין הסדרה האזורית כרמל 750 מ""ל",אגודת הכורמים הקואופרטיב,,מרלו גליל עליון,מיליליטרים,750.00,"100 מ""ל",false,,54.90,0.0732,true,1,2171646
7290008804189,false,יין קברנה סוביניון גליל עליון סדרה אזורית יקבי כרמל,אגודת הכורמים הקואופרטיב,,קברנה סוביניון גליל,מיליליטרים,750.00,"100 מ""ל",false,,54.90,0.0732,true,1,2171647
7290008804332,false,שיראז אדום יבש פריווט קולקשיין 750מל,אגודת הכורמים הקואופרטיב,,יין שיראז,מיליליטרים,750.00,"100 מ""ל",false,,38.90,0.0519,true,1,1308289
7290008804462,false,יין מוסקט קינוח פרייבט קולקשן יקבי כרמל,אגודת הכורמים הקואופרטיב,,יין מוסקט קינוח,מיליליטרים,500.00,"100 מ""ל",false,,38.90,0.0778,true,1,1308293
7290008805049,false,סלקטד זינפנדל סמוק יקבי כרמל (750 מל),"כד בני דרום בע""מ",,יין רוזה חצי יבש,מיליליטרים,750.00,"100 מ""ל",false,,24.90,0.0332,true,1,1308298
7290008805384,false,סלקטד מוסקטו לבן יקבי כרמל (750 מל),אגודת הכורמים הקואופרטיב,,יין מוסקטו סלקטד,מיליליטרים,750.00,"100 מ""ל",false,,24.90,0.0332,true,1,1308299
7290008805520,false,"יין קברנה/סוביניון סלקטד כרמל 750 מ""ל",אגודת הכורמים בעמ,,יין קברנה /מרלו,מיליליטרים,750.00,"100 מ""ל",false,,24.90,0.0332,true,1,1308300
7290008805964,false,יין קברנה שיראז גליל עליון סדרה אזורית יקבי כרמל,אגודת הכורמים הקואופרטיב,,יין אדום קברנה שיראז,מיליליטרים,750.00,"100 מ""ל",false,,54.90,0.0732,true,1,1308303
7290008807012,false,"יין טבע מוסקט חצי יבש 750 מ""ל",ויטה פרי גליל (החדשה) בע`מ,IL,טבע מוסקט חצי יבש N,מיליליטרים,750.00,"100 מ""ל",false,,24.90,0.0332,true,1,1347303
7290008807029,false,"יין טבע אמרלד ריזלינג 750 מ""ל",יקבי בינימינה,IL,טבע אמרלד ריזלינג N,מיליליטרים,750.00,"100 מ""ל",false,,24.90,0.0332,true,1,1347304
7290008807050,false,"יין טבע קברנה סובניון 750 מ""ל",יקבי בינימינה,IL,טבע קברנה סוביניון N,מיליליטרים,750.00,"100 מ""ל",false,,24.90,0.0332,true,1,1347305
7290008807067,false,"טבע מרלו אדום יבש 750מ""ל",יקבי בינימינה,IL,טבע מרלו N 750,מיליליטרים,750.00,"100 מ""ל",false,,24.90,0.0332,true,1,1347306
7290008807128,false,"יוגב קברנה שיראז 750 מ""ל",יקבי בנימינה,,יין יוגב קברנה סובני,מיליליטרים,750.00,"100 מ""ל",false,,39.90,0.0532,true,1,2424146
7290008807289,false,יין קיסריה,בנימינה Binyamina,IL,קיסריה יין אדום מתוק 750מ,מיליליטרים,750.00,"100 מ""ל",false,,14.90,0.0199,true,1,1347312
7290008807302,false,"ליקר שוקולד 700 מ""ל",אליעז בנימינה,IL,ליקר בנימינה שוקולד 750מל,מיליליטרים,700.00,"100 מ""ל",false,,69.90,0.0999,true,1,1347313
7290008807319,false,ליקר בנימינה וישיניא,אליעז בנימינה,IL,ליקר בנימינה וישיניאק 750,מיליליטרים,700.00,"100 מ""ל",false,,69.90,0.0999,true,1,1347314
7290008807333,false,"ליקר בננה 750 מ""ל",אליעז בנימינה,IL,ליקר בנימינה בננה 750מל,מיליליטרים,750.00,"100 מ""ל",false,,69.90,0.0932,true,1,1347316
7290008807364,false,ליקר קרם דה קסיס יקב,אליעז בנימינה,IL,ליקר בנימינה ק.קסיס 700מל,מיליליטרים,750.00,"100 מ""ל",false,,69.90,0.0932,true,1,1347317
7290008807371,false,ליקר טריפלסק יקבי בנ,אליעז בנימינה,IL,ליקר בנימינה טריפל סק 750,מיליליטרים,750.00,"100 מ""ל",false,,69.90,0.0932,true,1,1347318
7290008807449,false,יין יוגב סובניון בלא,בנימינה Binyamina,IL,יוגב סוביניון בלאן שרדונה,מיליליטרים,750.00,"100 מ""ל",false,,39.90,0.0532,true,1,1347319
7290008807487,false,יין יוגב קברנה סובינ,יקבי בנימינה,,יין יוגב קברנה סובינ,מיליליטרים,750.00,"100 מ""ל",false,,39.90,0.0532,true,1,1347320
7290008807494,false,יוגב בלד ארומטי 2008,בנימינה Binyamina,IL,יוגב ארומטי 2014,מיליליטרים,750.00,"100 מ""ל",false,,39.90,0.0532,true,1,1347321
7290008807654,false,יין רזרב סובניון בלא,יקבי בנימינה,,יין לבן רזרב סוביניו,מיליליטרים,750.00,"100 מ""ל",false,,49.90,0.0665,true,1,1347323
7290008807777,false,יין בנימינה טבע שירא,אליעז בנימינה,IL,טבע שיראז N,מיליליטרים,750.00,"100 מ""ל",false,,24.90,0.0332,true,1,1347324
7290008834117,false,סטייק אנטריקוט טרי,,,סטייק אנטריקוט טרי,קילוגרמים,1.00,"ק""ג",true,,129.00,129.0000,true,1,1344104
7290008834551,false,חזה עוף עם נקיון,,,חזה עוף עם נקיון,קילוגרמים,1.00,"ק""ג",true,,39.90,39.9000,true,1,1344111
7290008834650,false,כנף עוף שרוף,,,כנף עוף שרוף,קילוגרמים,1.00,"ק""ג",true,,14.90,14.9000,true,1,1344113
7290008834674,false,טחון טרי עם כבש,,,טחון טרי עם כבש,קילוגרמים,1.00,"ק""ג",true,,89.90,89.9000,true,1,1344114
7290008834704,false,אוסובוקו עגל טרי,,,אוסובוקו עגל טרי,קילוגרמים,1.00,"ק""ג",true,,39.90,39.9000,true,1,1344115
7290008834711,false,פילה מדומה טרי,,,פילה מדומה טרי,קילוגרמים,1.00,"ק""ג",true,,59.90,59.9000,true,1,1344116
7290008834759,false,צוואר טרי,,,צוואר טרי,קילוגרמים,1.00,"ק""ג",true,,69.00,69.0000,true,1,1344120
7290008834766,false,בקר טחון טרי,,,בקר טחון טרי,קילוגרמים,1.00,"ק""ג",true,,59.90,59.9000,true,1,1344121
7290008834810,false,שומן כבש (ליה כבש),,,שומן כבש (ליה כבש),קילוגרמים,1.00,"ק""ג",true,,120.00,120.0000,true,1,1344124
7290008834834,false,טחון עוף,,,טחון עוף,קילוגרמים,1.00,"ק""ג",true,,34.90,34.9000,true,1,1344125
7290008834841,false,חזה הודו טחון,,,חזה הודו טחון,קילוגרמים,1.00,"ק""ג",true,,44.90,44.9000,true,1,1344126
7290008834865,false,ריאות עגל טרי,,,ריאות עגל טרי,קילוגרמים,1.00,"ק""ג",true,,29.90,29.9000,true,1,1344128
7290008834889,false,בשר ראש טרי,,,בשר ראש טרי,קילוגרמים,1.00,"ק""ג",true,,69.90,69.9000,true,1,1344130
7290008834896,false,לב עגל טרי,,,לב עגל טרי,קילוגרמים,1.00,"ק""ג",true,,19.90,19.9000,true,1,1344131
7290008834902,false,זנב עגל טרי,,,זנב עגל טרי,קילוגרמים,1.00,"ק""ג",true,,69.00,69.0000,true,1,1344132
7290008834919,false,רוטפלש(נתח קצבים),,,רוטפלש(נתח קצבים),קילוגרמים,1.00,"ק""ג",true,,149.00,149.0000,true,1,1344133
7290008834926,false,רגל עגל פרוס,,,רגל עגל פרוס,קילוגרמים,1.00,"ק""ג",true,,59.90,59.9000,true,1,1344134
7290008835831,false,פרגיות קוביות,,,פרגיות קוביות,קילוגרמים,1.00,"ק""ג",true,,79.90,79.9000,true,1,1344135
7290008835879,false,בשר צלעות טרי,,,בשר צלעות טרי,קילוגרמים,1.00,"ק""ג",true,,79.90,79.9000,true,1,1344136
7290008849470,false,פלפל צ'ומה חריף אוליביה 185 גרם,תה ויסוצקי (ישראל)בעמ,IL,פלפל צומה 185 ג,גרמים,185.00,100 גרם,false,,12.90,0.0697,true,1,1309110
7290008849586,false,רוטב לעוף ריבת בצל אוליביה 310 גרם,תה ויסוצקי (ישראל) בעמ,IL,רוטב לעוף ריבת בצל,גרמים,310.00,100 גרם,false,,12.90,0.0416,true,1,1309114
7290008849661,false,אוליביה ממרח עגבניות מיובשות פיקנטי 180 גרם,טרופיקל דגיל תעשיות,,ממרח עגבניות מיובשות,גרמים,180.00,100 גרם,false,,9.90,0.0550,true,1,1975652
7290008849739,false,רוטב סויה אמיתי אוליביה 310 גרם,תה ויסוצקי (ישראל)בעמ,IL,רוטב סויה אמיתי,מיליליטרים,290.00,"100 מ""ל",false,,12.90,0.0445,true,1,1309116
7290008849777,false,רוטב צ'ילי מתוק אוליביה 345 גרם,תה ויסוצקי (ישראל)בעמ,IL,רוטב צ'ילי מתוק,גרמים,290.00,100 גרם,false,,12.90,0.0445,true,1,1309119
7290008849838,false,טפנד זיתים אוליביה 190 גר',"אוליביה גורמה בע""מ",,טפנד זיתים-אוליביה,גרמים,180.00,100 גרם,false,,9.90,0.0550,true,1,1975654
7290008849845,false,ממרח אוליביה אריסה פיקנטי 180 ג',"אוליביה גרומה בע""מ",,אריסה פיקנטית-אוליבי,גרמים,185.00,100 גרם,false,,9.90,0.0535,true,1,1975655
7290008866002,false,קממברט אגוזים בייבי משקל,גבינות משק יעקבס,,מארז קממבר בקר אגוזי,קילוגרמים,1.00,"ק""ג",true,,120.00,120.0000,true,1,2405669
7290008909761,false,"קרלסברג בקבוק יחיד 330מ""ל",החברה המרכזית להפצת משקאות בעמ,,בירה קרלסברג בקבוק 3,מיליליטרים,330.00,"100 מ""ל",false,,6.90,0.0209,true,1,1335084
7290008909853,false,"קוקה קולה זירו בקבוק 500 מ""ל.",החברה המרכזית להפצת משקאות בעמ,IL,קולה ZERO בקבוק 500 מל,מיליליטרים,500.00,"100 מ""ל",false,,6.90,0.0138,true,1,1335085
7290008975551,false,תחליף חלב מטרנה מהדרין שלב 3 חלבי 700 גרם,קבוצת אוסם סחר שותפות מוגבלת,IL,תרכובת מזון המשך לפעוטות,גרמים,700.00,100 גרם,false,,59.90,0.0856,true,1,1305655
7290008981279,false,זעתר עם שומשום נחלה100גר,קפה אל נח'לה,,זעתר ביתי 100 גרם,גרמים,100.00,100 גרם,false,,9.90,0.0990,true,1,1358815
7290008981538,false,זעתר עם שומשום אלנחלה 250 גרם צנצנת,קפה אל נח'לה,,זעתר ביתי 250 גרם צנ,גרמים,250.00,100 גרם,false,,19.90,0.0796,true,1,1358818
7290008989022,false,דייסת סולת בטר אנד דיפרנט 400 גרם,בטר אנד דיפרנט בעמ,IL,דייסת סולת 400 גרם,גרמים,400.00,100 גרם,false,,16.90,0.0422,true,1,1348184
7290008989039,false,דייסת קורנפלור בטר אנד דיפרנט 400 גרם,בטר אנד דיפרנט בעמ,IL,דייסת קורנפלור 400 גרם,גרמים,400.00,100 גרם,false,,16.90,0.0422,true,1,1348185
7290008989091,false,שלישיית פירכוני אורז בטר אנד דיפרנט 310 גרם,"בטר אנד דיפרנט בע""מ",IL,פריכיות שלישיות אריזת חסכ,גרמים,310.00,100 גרם,false,,11.90,0.0384,true,1,1348187
7290008989282,false,שמן פשתן 250 גר',בטר אנד דיפרנט B&D,IL,"שמן פשתן 250 מ""ל",גרמים,250.00,100 גרם,false,,19.90,0.0796,true,1,1348189
7290008989305,false,שבבי סויה 55% חלבון 200גר,בטר אנד דיפרנט בעמ,IL,שבבי סויה 200 גרם 55% חלב,גרמים,200.00,100 גרם,false,,6.90,0.0345,true,1,1348190
7290008989428,false,בטר&דיפרנט גרנולה אגוזים ושקדים 500ג,בטר אנד דיפרנט בעמ,,גרנולה,גרמים,400.00,100 גרם,false,,12.90,0.0323,true,1,1404255
7290008989473,false,ממרח חרובים בטעם שוקולד בטר אנד דיפרנט 350 גרם,"בטר אנד דיפרנט בע""מ",IL,ממרח חרובים בטעם שוקולד 3,גרמים,350.00,100 גרם,false,,12.90,0.0369,true,1,1348193
7290008989749,false,פריכיות קינואה +אורז מלא 200 גרם,בטר אנד דיפרנט,,פירכיות קינואה 200 ג,גרמים,200.00,100 גרם,false,,10.90,0.0545,true,1,1348202
7290008989848,false,ממרח חמאת בוטנים קרנצי בטר אנד דיפרנט 350 גרם,בטר אנד דיפרנט B&D,IL,חמאת בוטנים קרנצ'ית 350 ג,גרמים,350.00,100 גרם,false,,12.90,0.0369,true,1,1348203
7290008989855,false,"פרכוני אורז בטר אנד דיפרנט 80 גרם כשל""פ",בטר אנד דיפרנט B&D,IL,פריכוני אורז 80 גרם,גרמים,80.00,100 גרם,false,,4.90,0.0613,true,1,1348204
7290008989893,false,בטר&דיפרנט דייסה כוסמת 200 גר,בטר אנד דיפרנט B&D,IL,דייסת כוסמת 200 גרם,גרמים,200.00,100 גרם,false,,9.90,0.0495,true,1,1348205
7290010023141,false,תה לימונענע הגן הקסום ויסוצקי 25 יחידות,תה ויסוצקי (ישראל) בעמ,IL,חליטת לימונענע,גרמים,55.00,100 גרם,false,,16.90,0.3073,true,1,1339340
7290010023622,false,תה קלאסי עם נגיעות נענע ויסוצקי 100 יחידות,תה ויסוצקי (ישראל) בעמ,IL,תה ויסוצקי קלאסי בנגיעות,גרמים,100.00,100 גרם,false,,19.90,0.1990,true,1,1339342
7290010023943,false,חליטה מצמח הרויבוש Red tea בטעם קינמון ווניל,תה ויסוצקי (ישראל)בעמ,IL,רויבוש קינמון וניל,גרמים,50.00,100 גרם,false,,24.90,0.4980,true,1,1339345
7290010045006,false,עוגיות חמאה פריכות לחמי (200 גרם),קונדטוריות לחמי,IL,עוגיות חמאה פריכות,גרמים,200.00,100 גרם,false,,18.90,0.0945,true,1,1339346
7290010045013,false,עוגיות חמאה צרפתיות לחמי (200 גרם),קונדטוריות לחמי,IL,עוגיות חמאה צרפתיות,גרמים,200.00,100 גרם,false,,18.90,0.0945,true,1,1339347
7290010045051,false,עוגיות מלבן שקדים לחמי (200 גרם),קונדטוריות לחמי,IL,עוגיות מלבן שקדים,גרמים,200.00,100 גרם,false,,18.90,0.0945,true,1,1339349
7290010045068,false,עוגיות נסיכה לחמי (250 גרם),קונדטוריות לחמי,IL,עוגיות נסיכה,גרמים,250.00,100 גרם,false,,18.90,0.0756,true,1,1339350
7290010049004,false,מרמולייט תרכיז ענבים דיאט 1 ליטר,מרמולייט,IL,מרמולייט סירופ בטעם ענבים,ליטרים,1.00,ליטר,false,,19.90,19.9000,true,1,1353284
7290010049028,false,מרמולייט תרכיז פטל דיאט 1 ליטר,מרמולייט,IL,מרמולייט סירופ בטעם פטל 1,ליטרים,1.00,ליטר,false,,19.90,19.9000,true,1,1353286
7290010065059,false,מחית פירות מעורבים ג'וניור פרינוק 190 גרם,פרוטה פודווין איי.אס,CZ,ג'וניור פירות מעור.190 ג',גרמים,190.00,100 גרם,false,,5.90,0.0311,true,1,1309159
7290010065295,false,פרינוק - מחית תפוחי עץ ובננה 130 גרם,גורי מוצרי צריכה (1991) בעמ,CZ,מחית תפ'ע+בננה 130ג'ירוק,גרמים,130.00,100 גרם,false,,4.90,0.0377,true,1,1309164
7290010065318,false,מחית תפוח עץ ג'וניור פרינוק 190 גרם,גורי מוצרי צריכה 1991 בע`מ,CZ,ג'וניור תפ'ע 190 ג' אדום,גרמים,190.00,100 גרם,false,,5.90,0.0311,true,1,1309166
7290010065332,false,מחית תפוח עץ בננה ג'וניור פרינוק 190 גרם,גורי מוצרי צריכה (1991) בעמ,CZ,ג'וניור תפ'ע בננה 190 ג',גרמים,190.00,100 גרם,false,,5.90,0.0311,true,1,1309168
7290010065349,false,מחית סלט פירות ג'וניור פרינוק 190 גרם,גורי מוצרי צריכה (1991) בעמ,CZ,ג'וניור סלט פירות 190 ג',גרמים,190.00,100 גרם,false,,5.90,0.0311,true,1,1309169
7290010065721,false,פרינוק - מחית לפתן פירות 130 גרם,פרינוק,CZ,מחית לפתן פירות 130 ג' יר,גרמים,130.00,100 גרם,false,,4.90,0.0377,true,1,1309174
7290010065745,false,מחית לפתן פירות ג'וניור פרינוק 190 גרם,גורי מוצרי צריכה (1991) בעמ,CZ,ג'וניור לפתן פירות 190 ג',גרמים,190.00,100 גרם,false,,5.90,0.0311,true,1,1309176
7290010116980,false,שוקולית אבקה להכנת משקה שוקו שקית 850,הנסיך- מפעל לייצור ט,IL,שוקולית 850 גרם 6 יח,גרמים,850.00,100 גרם,false,,18.90,0.0222,true,1,1342609
7290010117864,false,דוריטוס חטיף תירס בטעם חריף אש עלית 70 גרם,"שטראוס פריטו ליי בע""\מ )",IL,דוריטוס חריף אש 70 גרם,גרמים,70.00,100 גרם,false,,3.50,0.0500,true,1,1343218
7290010117970,false,סבבה בוטנים קלויים מצופים - אריזה אישית,שטראוס פריטו ליי בע`מ,,בוטנים סבבה עלית טבע,גרמים,50.00,100 גרם,false,,2.00,0.0400,true,1,1343219
7290010118328,false,חטיף צ`יפס בטעם טבעי תפוצ`יפס (40x6 גרם),"שטראוס פריטו ליי בע""מ",IL,מארז תפוציפס 240*6ג/1מארז,גרמים,240.00,100 גרם,false,,12.90,0.0538,true,1,1343221
7290010153534,false,קמח תירס מיה 400 גרם,מיה תעשיות מזון מ.ת.מ. בעמ,IL,קמח תירס 400גרם,גרמים,400.00,100 גרם,false,,3.90,0.0097,true,1,1334096
7290010153688,false,חומץ רכיבים טבעיים 1 ליטר,מיה תעשיות מזון מ.ת.מ. בעמ,IL,חומץ טבעי 1ליטר בד''ץ,ליטרים,1.00,ליטר,false,,6.90,6.9000,true,1,1334098
7290010153725,false,קונפיטורה דובדבן מיה 340 גרם,מיה תעשיות מזון מ.ת.מ בעמ,IL,קונפיטורה דובדבן 340גרם,גרמים,340.00,100 גרם,false,,12.90,0.0379,true,1,1334099
7290010153763,false,חטיף תן צאפ קונוסים,מיה תעשיות מזון,IL,שפיצים 50גרם,גרמים,50.00,100 גרם,false,,3.90,0.0780,true,1,1334102
7290010153787,false,ציפוי לשניצל עם שומשום 500 גר`מיה,מיה תעשיות מזון מ.ת.מ. בעמ,IL,ציפוי לשניצל עם שום 500גר,גרמים,500.00,100 גרם,false,,9.90,0.0198,true,1,1334104
7290010153794,false,ציפוי לשניצל עם עשבי תיבול מיה 500 גרם,מיה תעשיות מזון מ.ת.מ. בעמ,IL,ציפוי לשניצל עם עשבי תיבו,גרמים,500.00,100 גרם,false,,9.90,0.0198,true,1,1334105
7290010153800,false,ציפוי לשניצל עם תיבול עדין מיה (500 גרם),מיה תעשיות מזון מ.ת.מ. בעמ,IL,ציפוי לשניצל עם תיבול עדי,גרמים,500.00,100 גרם,false,,9.90,0.0198,true,1,1334106
7290010153817,false,ריבת חלב אמיתי מיה 400 גרם,מיה תעשיות מזון מ.ת.מ. בעמ,IL,ריבת חלב בד''ץ,גרמים,400.00,100 גרם,false,,10.90,0.0273,true,1,1334107
7290010153855,false,פפריקה מרוקאית בשמן 300 גרם צנצנת,מיה תעשיות מזון מ.ת.מ בעמ,IL,פפריקה מרוקאית בשמן 300גר,גרמים,300.00,100 גרם,false,,19.90,0.0663,true,1,1334110
7290010153879,false,ריבת חלב מרוכזת בטעם שמנת מיה 400 גר',מיה תעשיות מזון מ.ת.מ. בעמ,IL,ריבת חלב בטעם שמנת 400גרם,גרמים,400.00,100 גרם,false,,10.90,0.0273,true,1,1334112
7290010153978,false,קונפיטורה שזיפים מיה 340 גרם,מיה תעשיות מזון מ.ת.מ בעמ,IL,קונפיטורה שזיפים 340גרם,גרמים,340.00,100 גרם,false,,12.90,0.0379,true,1,1334114
7290010154050,false,ממרח שיפקה כבוש ביטון יוחאי (250 גרם),תבליני יוחאי ביטון,,ממרח שיפקה כבוש ביטו,גרמים,250.00,100 גרם,false,,12.90,0.0516,true,1,2393842
7290010154418,false,סחוג אדום תבליני ביטון 130 גרם,תבליני יוחאי ביטון,,סחוג אדום 130 גרם,יחידה,0.00,יחידה,false,,7.90,0.0000,true,1,2144733
7290010154425,false,סחוג ירוק תבליני ביטון 130 גרם,תבליני יוחאי ביטון,,סחוג ירוק 130 גרם,יחידה,0.00,יחידה,false,,7.90,0.0000,true,1,2144734
7290010154548,false,ממרח שום טבעי יוחאי ביטון 235 גרם,תבליני יוחאי ביטון,,ממרח שום ביטון יוחאי,גרמים,235.00,100 גרם,false,,12.90,0.0549,true,1,2144735
7290010154555,false,ממרח לימון כבוש יוחאי ביטון 250 גרם,תבליני יוחאי ביטון,,ממרח לימון כבוש 250ג,יחידה,0.00,יחידה,false,,12.90,0.0000,true,1,2144736
7290010154678,false,אריסה מרוקאית תבליני ביטון 250 גרם,תבליני יוחאי ביטון,,אריסה בטעם ביתי ביטו,גרמים,250.00,100 גרם,false,,12.90,0.0516,true,1,2144737
7290010154685,false,סלט שום כתוש 250 ג' ביטון יוחאי,תבליני יוחאי ביטון,,סלט שום כתוש 250 גרם,גרמים,250.00,100 גרם,false,,12.90,0.0516,true,1,2144738
7290010175291,false,קקאו הולנדי לאפייה ולהכנת משקה,טעמן שיווק מזון בעמ,,קקאו הולנדי 500 גרם,גרמים,500.00,100 גרם,false,,19.90,0.0398,true,1,1333335
7290010175819,false,חמאת בוטנים קלאסית טעמן 510 גרם,טעמן שווק מזון בעמ,,חמאת בוטנים,גרמים,510.00,100 גרם,false,,9.90,0.0194,true,1,1333341
7290010175840,false,לבבות דקל שלמים טעים 400 גרם,טעמן שיווק מזון בעמ,,לבבות דקל שלם 400 גר,גרמים,400.00,100 גרם,false,,10.90,0.0273,true,1,1333344
7290010175857,false,פרוסות לבבות דקל במי מלח טעים 400 גרם,טעמן שיווק מזון בעמ,,פרוסות לבבות דקל 400,גרמים,400.00,100 גרם,false,,9.90,0.0248,true,1,1333345
7290010176793,false,מארז סוכריות סודה 17 יחידות 385 גרם,גואנגדונג צאואן פוד,,סוכריות רולס 375 גרם,גרמים,385.00,100 גרם,false,,18.90,0.0491,true,1,2405221
7290010182237,false,לאב ליין דאו.רול און כתום,חלאבין,,דאודורנט רול און לאב,מיליליטרים,80.00,"100 מ""ל",false,,14.90,0.1863,true,1,1327739
7290010195268,false,פופקורן פופסטאר חמישייה מופחת שומן טבעי,דנשר (1963) בעמ,US,פופסטאר מופחת שומן טבעי 5,גרמים,500.00,100 גרם,false,,12.90,0.0258,true,1,1353298
7290010195275,false,פופ סטאר גרעיני תירס להכנת פופקורן במיקרוגל בטעם חמאה מופחת שומן 425 גרם,דנשר (1963) בעמ,US,פופסטאר מופחת שומן חמאה 5,גרמים,500.00,100 גרם,false,,12.90,0.0258,true,1,1353299
7290010199891,false,"סטייל - סבון ידיים אדום 500 מ""ל משאבה - מרכז",דולפין ספא,TR,סבון ידיים תה ירוק,מיליליטרים,500.00,"100 מ""ל",false,,8.90,0.0178,true,1,1346491
7290010234004,false,"שטיפה אינטימית 200 מ""ל פנינה רוזנבלום",פנינה רוזנבלום בעמ,,"סבון אינטימי 450 מ""ל",מיליליטרים,450.00,"100 מ""ל",false,,19.90,0.0442,true,1,1348029
7290010234769,false,"דאודורנט איזבלה ורוד 200 מ""ל פנינה רוזנבלום",פנינה רוזנבלום PR,IL,דאודורנט איזבלה,מיליליטרים,200.00,"100 מ""ל",false,,15.90,0.0795,true,1,1348030
7290010237548,false,"פפסי מקס דל קלוריות 500 מ""ל בקבוק",טמפו משקאות בע`מ,,"פפסי מקס 500 מ""ל",מיליליטרים,500.00,"100 מ""ל",false,,4.50,0.0090,true,1,1323988
7290010237562,false,משקה מוגז בטעם תפוזים מירנדה (500 מל),טמפו משקאות בע`מ,,"משקה מירנדה 500 מ""ל",מיליליטרים,500.00,"100 מ""ל",false,,4.50,0.0090,true,1,1323989
7290010237685,false,"הייניקן בירה צואר ארוך 330מ""ל",טמפו משקאות בע''מ,,"הייניקן בקבוק 330 מ""",מיליליטרים,330.00,"100 מ""ל",false,,9.90,0.0300,true,1,1323994
7290010237777,false,בירה שנדי בתוספת משקה לימון ליים,טמפו משקאות בע''מ,,בירה שנדי לימון ליים,מיליליטרים,330.00,"100 מ""ל",false,,5.90,0.0179,true,1,1323998
7290010237784,false,בירה שנדי בתוספת משקה לימון ליים - שישייה,"טמפו משקאות בע""\מ",,שישיית בירה שנדי לימ,ליטרים,1.98,ליטר,false,,29.90,15.1010,true,1,1323999
7290010259007,false,"עוגיות איטלקיות מובחרות ויליפוד 1 ק""ג",ג.וילי פוד אינטרנשיונל בעמ,PT,עוגיות ביצים בישקוטים 200,גרמים,200.00,100 גרם,false,,6.90,0.0345,true,1,1308834
7290010259311,false,מי קוקוס 400 גרם]וויליפו,ג.וילי-פוד אינטרנשיונל בעמ,,קרם קוקוס 400 גרם,גרמים,400.00,100 גרם,false,,7.90,0.0198,true,1,1932084
7290010259359,false,וילי פוד נודלס אטר.ביצים להקפצה בדץ 200ג,ג.וילי-פוד אינטרנשיונל בעמ,CN,אטריות להקפצה נודלס 200גר,גרמים,200.00,100 גרם,false,,4.90,0.0245,true,1,1308838
7290010259366,false,וילי פוד נודלס אטר.ביצים מסולסל בדץ 200ג,ג. וילי-פוד אינטרנשיונל בע`מ,CN,אטריות להקפצה מסולסלות נו,גרמים,200.00,100 גרם,false,,4.90,0.0245,true,1,1308839
7290010259861,false,מנת השף מרק עם נודלס בטעם ירקות ויליפוד 70 גרם,ג. וילי-פוד אינטרנשיונל בע`מ,TH,מנת השף -מרק עם נודלס בטע,גרמים,70.00,100 גרם,false,,4.90,0.0700,true,1,1308844
7290010259977,false,שמן קנולה מזוכך ויליפוד 1 ליטר,ג.וילי-פוד אינטרנשיונל ***שמן,,שמן קנולה מזוכך 1 לי,ליטרים,1.00,ליטר,false,,9.90,9.9000,true,1,2376710
7290010259991,false,צנימים מיוחדים בטעם טבעי 250 ג',ג. וילי-פוד אינטרנשיונל בע`מ,PT,צנימים 250גרם,גרמים,250.00,100 גרם,false,,7.90,0.0316,true,1,1308848
7290010300488,false,קיסמים וחוט דנטלי דנטה קלין 40 יח',,,קיסם+חוטדנטלי 40 יח,יח',40.00,יח',false,,8.90,0.2225,true,1,1329661
7290010300518,false,"קוואקר שבולת שועל, 500 גרם ""נאמן""",נאמן לאורך זמן בעמ,,קווקר בשקית.,גרמים,500.00,100 גרם,false,,7.90,0.0158,true,1,1329662
7290010300594,false,אבקת גלטין טהור 28 גר,נאמן לאורך זמן בעמ,,גלטין טהור קופסא,גרמים,24.00,100 גרם,false,,11.90,0.4958,true,1,1329663
7290010300860,false,אציטון נאמן לאורך זמ,נאמן לאורך זמן בעמ,,"אציטון 100 מ""ל",מיליליטרים,100.00,"100 מ""ל",false,,4.90,0.0490,true,1,2189423
7290010328093,false,ממרח חלווה אחווה 400 ג' מהדרין,אחדות בית חרושת לטחי,IL,ממרח חלוה 400 גרם,גרמים,400.00,100 גרם,false,,10.90,0.0273,true,1,1306641
7290010328178,false,חלבה מסולסלת שערות אחוה 250 ג',אחדות ביתחרושת לטחינה חלבה,IL,חלוה מסולסלת 250 גרם,גרמים,250.00,100 גרם,false,,9.90,0.0396,true,1,2287028
7290010328253,false,טחינה גולמית משומשום טבעי אחווה 500 גרם,אחדות ביתחרושת לטחינה חלבה,,טחינה אחוה גולמית 50,גרמים,500.00,100 גרם,false,,9.90,0.0198,true,1,1306645
7290010328345,false,חלווה בקופסה אחוה 50 גרם,אחדות ביחר לטחינה חל,,חלוה בטעם וניל 50 ג,גרמים,50.00,100 גרם,false,,1.90,0.0380,true,1,2283056
7290010328451,false,אחווה חלווה עם פולי קקאו 400 גר,אחדות ביתחרושת לטחינה חלבה,IL,חלוה עם פולי קקאו 400 גרם,גרמים,400.00,100 גרם,false,,12.90,0.0323,true,1,1306646
7290010328468,false,מארז מיני חלווה אחוה בטעמים 18 יחידות 216 גרם,שוורצקוף& הנקל דיסלד,IL,חטיפי מיני חלוה בטעמים 18,יח',18.00,יח',false,,8.90,0.4944,true,1,1306647
7290010328505,false,"מארז מיני חלווה 15 יחידות לל""ס אחוה 150 גרם",אחדות ביחר לטחינה חל,IL,חטיפי מיני חלוה ללא תוספת,גרמים,150.00,100 גרם,false,,8.90,0.0593,true,1,1306649
7290010328680,false,עוגה בטעם שוקולד עם שוקוצ'יפס מריר ולבן 450 גרם,אחדות ביחר לטחינה חל,IL,עוגה בטעם שוקולד עם שוקוצ,גרמים,450.00,100 גרם,false,,8.90,0.0198,true,1,1306655
7290010328727,false,ממרח טחינה עם שוקולד אחווה 400 גרם,אחדות ביחר לטחינה חל,,ממרח טחינה עם שוקולד,גרמים,400.00,100 גרם,false,,10.90,0.0273,true,1,2287296
7290010328734,false,ממרח טחינה עם סילאן משומשום מלא,אחדות ביחר לטחינה חל,,ממרח שומשום עם סילאן,גרמים,400.00,100 גרם,false,,10.90,0.0273,true,1,1419438
7290010328765,false,חלבה חטיף שוקו וניל וחלבה אחווה 50 גרם,אחדות ביחר לטחינה חל,,חלוה בטעם שוקו וניל,גרמים,50.00,100 גרם,false,,1.90,0.0380,true,1,2283057
7290010328796,false,עוגה בטעם שוקולד אחוה 350 גרם,אחדות ביחר לטחינה חל,,עוגה בטעם שוקולד 350,גרמים,350.00,100 גרם,false,,6.90,0.0197,true,1,2287071
7290010328802,false,עוגה וניל שוקוצ'יפס אחדות 350 גר',אחדות ביחר לטחינה חל,,עוגה שוקוציפס 350 גר,גרמים,350.00,100 גרם,false,,6.90,0.0197,true,1,2287072
7290010328819,false,"ממרח טחינה עם שוקולד לל""ס 400 ג' אחדות!.",אחדות ביחר לטחינה חל,,ממרח שומשום בטעם שוק,גרמים,400.00,100 גרם,false,,10.90,0.0273,true,1,1472550
7290010329854,false,מיני קוקיס עוגיות בטעם חמאה ללא סוכר כרמית 600 גרם,כרמית תעשיות ממתקים בעמ,,עוגיות מיני קוקיס בט,גרמים,600.00,100 גרם,false,,18.90,0.0315,true,1,1402139
7290010380466,false,"קרליין - קרם ג'ל לפנים יאנג 50 מ""ל 15SPF",קרליין,,"קרם ג""ל לעור פנים SP",מיליליטרים,60.00,"100 מ""ל",false,,34.90,0.5817,true,1,1344616
7290010382811,false,"לחות קלילה לשיער מתולתל נטורל פורמולה, 400 מ""ל",החברה הדרומית לשיווק בעמ,,קרם לחות קלילה לשיער,מיליליטרים,300.00,"100 מ""ל",false,,24.90,0.0830,true,1,1344679
7290010382828,false,"קרם לחות קלילה לשיער יבש נטורל פורמולה, 400 מ""ל",אמיליה קוסמטיקס בעמ,IL,קרם לחות קליל-יבש 400מל,מיליליטרים,300.00,"100 מ""ל",false,,24.90,0.0830,true,1,1344680
7290010382842,false,"קרם נטורל פורמולה קרם לחות קלילה לשיער רגיל, 400 מ""ל קלילה רגיל",החברה הדרומית לשיווק בעמ,IL,קרם לחות קליל-רגיל 400מל,מיליליטרים,300.00,"100 מ""ל",false,,24.90,0.0830,true,1,1344682
7290010429554,false,"שמן זית כתית מעולה יד מרדכי 2 קלאסי, 750 מ""ל",מכוורת יד מרדכי שטראוס ב,IL,"שמן זית 2 קלאסי 750 מ""ל",מיליליטרים,750.00,"100 מ""ל",false,,33.90,0.0452,true,1,1342616
7290010471669,false,יוגורט תות עם קורנפלקס מצופה שוקולד ללא גלוטן 3.9%,שטראוס גרופ בעמ/מצונן,IL,בר תות קורנפלקס בודד- מקט,גרמים,175.00,100 גרם,false,,4.50,0.0257,true,1,1341894
7290010472307,false,"שמיניית משקה גמדים תות בננה דיסני 108 מ""ל",שטראוס גרופ בעמ/מצונן,IL,8 גמדים לשתייה תות בננה,גרמים,864.00,100 גרם,false,,18.90,0.0219,true,1,1341898
7290010472390,false,מארז 8 יחידות מעדן דני בטעם שוקולד 1.5%,שטראוס גרופ בעמ/מצונן,IL,מארז 8 דני שוקולד,גרמים,1000.00,100 גרם,false,,15.90,0.0159,true,1,1341899
7290010535699,false,חוט דנטאלי 50 מטר רפ,קונסיגנציה- ש. י גיספאן 1993,CN,חוט דנטאלי 50 מטר מנטה,מטרים,50.00,מטר,false,,9.90,0.1980,true,1,1308631
7290010535767,false,כובע רחצה עבה משי,מיה טריידינג,CN,כובע רחצה ממשי / ענק,יחידה,0.00,יחידה,false,,5.90,0.0000,true,1,1308633
7290010548514,false,קוביות עשבי תיבול לבישול איטלקי דורות 70 גרם,קבוצת אוסם סחר שותפות מוגבלת,IL,תערובת איטלקית 70 גרם,גרמים,70.00,100 גרם,false,,9.90,0.1414,true,1,1305711
7290010561360,false,ברילי באגט EXTRA קמח טף 360 גרם,ברילי Barili,,ברילי באגט EXTRA קמח,גרמים,360.00,100 גרם,false,,17.90,0.0497,true,1,2329738
7290010561407,false,ברילי לחם פרוס extra ויטמינים ומינרלים 500 גרם,י.איטליאנו אחזקות בעמ,,ברילי לחם פרוס EXTRA,גרמים,500.00,100 גרם,false,,19.90,0.0398,true,1,2329739
7290010561421,false,ברילי לחם כפרי EXTRA קמח טף 500 גרם,אשבל מזון פונקציונלי,,ברילי לחם כפרי EXTRA,גרמים,500.00,100 גרם,false,,19.90,0.0398,true,1,2329741
7290010561445,false,עוגיות שוקוצ'יפס 180 גרם,י.איטליאנו אחזקות בעמ,,ברילי פיתות,גרמים,420.00,100 גרם,false,,19.90,0.0474,true,1,2329742
7290010561452,false,ברילי מאפה ביס EXTRA ויטמינים ומינרלים 360 ג,קרלו,,ברילי מאפה ביס EXTRA,גרמים,360.00,100 גרם,false,,17.90,0.0497,true,1,2329743
7290010561469,false,מאפה אצבע ללא גלוטן 330 גרם,אשבל מזון פונקציונלי,,לחמניות אצבע ללא גלו,גרמים,330.00,100 גרם,false,,19.90,0.0603,true,1,2356054
7290010609727,false,פופס קידס משקה להקפאה בטעם פירות 70יח,דודו הדיל בעמ,,פופס קידס-שלוקים מאר,מיליליטרים,2240.00,"100 מ""ל",false,,13.90,0.0062,true,1,1335474
7290010609734,false,אייס לי משקה להקפאה בטעמי פירות - מארז 8 יח',דודו הדיל בעמ,,אייס לי שלוקים 8 יח',מיליליטרים,800.00,"100 מ""ל",false,,4.90,0.0061,true,1,1536420
7290010609864,false,טרופיX משקה בטעם ענבים- מארז 40 יח',דודו הדיל,,טרופיקס משקה ענבים,ליטרים,8.00,ליטר,false,,34.90,4.3625,true,1,1536407
7290010613823,false,נוזל לניקוי כלים 1.6,,,נוזל לניקוי כלים 1.6,ליטרים,1.60,ליטר,false,,14.90,9.3125,true,1,2368065
7290010613830,false,נוזל לניקוי כלים 1.6,,,נוזל לניקוי כלים 1.6,ליטרים,1.60,ליטר,false,,14.90,9.3125,true,1,2368066
7290010613892,false,תרסיס לניקוי כללי בתוספת חומץ בריח פריחה סגולה,פרפקט Perfect,,תרסיס לניקוי כללי בת,ליטרים,1.00,ליטר,false,,12.90,12.9000,true,1,2350083
7290010613939,false,תרסיס לניקוי כללי בתוספת אבקת סודה,פרפקט Perfect,,תרסיס לניקוי כללי בת,ליטרים,1.00,ליטר,false,,12.90,12.9000,true,1,2350136
7290010627004,false,טחינה גולמית מסורתית ירושלים 500 ג',תה ויסוצקי (ישראל) בעמ,,טחינה גולמית ירושלים,גרמים,500.00,100 גרם,false,,12.90,0.0258,true,1,1458428
7290010627844,false,טחינה גולמית שומשום מלא ירושלים 500גרם,תה ויסוצקי (ישראל) בעמ,,טחינה גולמית ירושלים,גרמים,500.00,100 גרם,false,,12.90,0.0258,true,1,1458429
7290010632107,false,מוצץ סילקון זוג קצר,,,זוג מוצצים קצר,יחידה,0.00,יחידה,false,,15.90,0.0000,true,1,1322169
7290010632114,false,מוצץ סיל' אורט'-זוג בינוני ללא ביספנול A טוליפס,אינטרסן (1996) בעמ,,זוג מוצצים בינוני,יח',2.00,יח',false,,14.90,7.4500,true,1,1322170
7290010632138,false,נשכן קור עם גל טוליפ,אינטרסן (1996) בעמ,,נשכן קור עם ג'ל,יחידה,0.00,יחידה,false,,10.90,0.0000,true,1,1322172
7290010632343,false,מברשת לבקבוק ופיטמה,אינטרסן (1996) בעמ,,מברשת לבקבוק ופיטמה,יחידה,0.00,יחידה,false,,19.90,0.0000,true,1,1322178
7290010632459,false,מחזיק למוצץ נובי,אינטרסן (1996) בעמ,,מחזיק למוצץ נובי,יח',1.00,יח',false,,17.90,17.9000,true,1,1322189
7290010632558,false,כפית ארוכה נובי 18יחידות,אינטרסן (1996) בעמ,,כפית ארוכה 18 יח נוב,יח',18.00,יח',false,,19.90,1.1056,true,1,1322199
7290010632572,false,נובי478-נשכן שרשרת חרוזים,מולינו ניקולי s.p.a,,נשכן שרשרת נובי,יח',1.00,יח',false,,35.90,35.9000,true,1,1322201
7290010632701,false,"מוצץ ""נובי"" פרפר בינוני",אינטרסן (1996) בעמ,,מוצץ פרפר בינוני נוב,יח',2.00,יח',false,,29.90,14.9500,true,1,1322212
7290010632787,false,צימרוני אוזניים מעץ אינטרסן) (300,הדקלאים אגודת שיתופי,,צימרוני אוזנים מעץ 3,יח',300.00,יח',false,,3.50,0.0117,true,1,1322215
7290010718023,false,"קרם גוף איזבלה ורוד 300 מ""ל פנינה רוזנבלום",פנינה רוזנבלום בעמ,IL,קרם גוף איזבלה,מיליליטרים,300.00,"100 מ""ל",false,,19.90,0.0663,true,1,1348034
7290010748518,false,"סרקל פורטה שמפו לילדים 750 מ""ל",פישר תעשיות פרמבצטיות בעמ,IL,סרקל פורטה שמפו 750 גרם,מיליליטרים,750.00,"100 מ""ל",false,,24.90,0.0332,true,1,1351848
7290010748525,false,"סרקל פורטה מרכך לילדים 750 מ""ל",פישר תעשיות פרמבצטיות בעמ,IL,סרקל פורטה מרכך 750 גרם,מיליליטרים,750.00,"100 מ""ל",false,,24.90,0.0332,true,1,1351849
7290010748853,false,"ד""ר פישר - אפקטיב קר קרם ידיים סנסיטיב 150 מ""ל","פישר תעשיות פרמצביטות בע""מ",IL,אפקטיב קר קרם ידיים סנסיט,מיליליטרים,150.00,"100 מ""ל",false,,11.90,0.0793,true,1,1351850
7290010748860,false,"ד""ר פישר - אפקטיב קר קרם ידיים אינטנסיב 150 מ""ל","פישר תעשיות פרמצביטות בע""מ",IL,אפקטיב קר קרם ידיים אינטנ,מיליליטרים,150.00,"100 מ""ל",false,,11.90,0.0793,true,1,1351851
7290010748884,false,אפקטיב קר קרם גוף אינטנסיב לעור יבש במיוחד ח 700,"פישר תעשיות פרמצביטות בע""מ",IL,אפקטיב קר קרם גוף אינטנסי,מיליליטרים,700.00,"100 מ""ל",false,,32.90,0.0470,true,1,1351853
7290010748891,false,אפקטיב קר קרם גוף מולטי ויטמין לעור רגיל יבש ח 7,פישר תעשיות פרמצבטיות בעמ,IL,אפקטיב קר קרם גוף מולטי ו,מיליליטרים,700.00,"100 מ""ל",false,,32.90,0.0470,true,1,1351854
7290010757909,false,בורקס גבינה ללא גלוטן אריאל 500 גרם,מאפיית ישראל חיפה,,בורקס גבינה ללא גלוט,גרמים,500.00,100 גרם,false,,19.90,0.0398,true,1,2384817
7290010757923,false,אריאל ללא גלוטן- ריבועי בצק עלים 450 גר,מאפית אריאל שיווק והפצה,,ריבועי בצק עלים ללא,גרמים,450.00,100 גרם,false,,17.90,0.0398,true,1,2384827
7290010757930,false,מלאווח ללא גלוטן פרווה - מוקפא,מאפיית ישראל חיפה,,מלוואח ללא גלוטן 500,גרמים,500.00,100 גרם,false,,19.90,0.0398,true,1,2384819
7290010757954,false,אריאל ללא גלוטן- זיווה גבינה 500 גר,מאפיית ישראל חיפה,,זיווה גבינה ללא גלוט,גרמים,500.00,100 גרם,false,,19.90,0.0398,true,1,2384821
7290010757961,false,ג'חנון ללא גלוטן אריאל 450 גרם,מאפיית ישראל חיפה,,ג'חנון ללא גלוטן 450,גרמים,450.00,100 גרם,false,,19.90,0.0442,true,1,2384822
7290010760688,false,בצק פילאס שחף מגולגל,מאפית אריאל,,בצק פילאס מגולגל 600,גרמים,600.00,100 גרם,false,,14.90,0.0248,true,1,2364430
7290010760749,false,מארז לחמניות שישייה אריאל,מאפיית אריאל בעמ,,"מארז 6 לחמניות כשל""פ",יחידה,0.00,יחידה,false,,15.90,0.0000,true,1,1340703
7290010760947,false,עוגיות שקד בדליים מאפיית אריאל 600 גרם,,,עוגיות בדלי בטעמים ש,גרמים,600.00,100 גרם,false,,15.90,0.0265,true,1,1340707
7290010766697,false,אוליביה רוטב שקשוקה אוליביה (415 גרם),תה ויסוצקי (ישראל) בעמ,IL,רוטב שקשוקה,גרמים,415.00,100 גרם,false,,12.90,0.0311,true,1,1309186
7290010766734,false,רוטב פיצה אוליביה אסם 430 ג',תה ויסוצקי (ישראל) בעמ,IL,רוטב פיצה,מיליליטרים,415.00,"100 מ""ל",false,,12.90,0.0311,true,1,1309187
7290010766949,false,ממרח תחתיות ארטישוק 180ג' אוליביה,תה ויסוצקי (ישראל)בעמ,IL,ממרח ארטישוק,גרמים,180.00,100 גרם,false,,12.90,0.0717,true,1,1309189
7290010766956,false,ממרח פלפלים מתוקים אדומים אוליביה 180 גרם,תה ויסוצקי (ישראל)בעמ,IL,ממרח פלפלים מתוקים אדומים,גרמים,190.00,100 גרם,false,,12.90,0.0679,true,1,1309190
7290010770762,false,מברשת שיניים קלין אנד פלקס אקווה פרש,גלקסו סמית קליין,DE,א.פרש מברשת פלקס,יח',1.00,יח',false,,4.90,4.9000,true,1,1346495
7290010814244,false,שלשות שוקולד מריר 85 גרם*3 בלמינט *18 בקרטון,כרמית תעשיות ממתקים בעמ,IL,כרמית שוקולד מריר שלשות 1,גרמים,255.00,100 גרם,false,,11.90,0.0467,true,1,1338880
7290010814251,false,שלשות שוקולד חלב 85 גר*3 בלמינט*18 בקרט בדצ,כרמית תעשיות ממתקים בעמ,IL,כרמית שוקולד חלב שלשות 85,גרמים,255.00,100 גרם,false,,11.90,0.0467,true,1,1338881
7290010814268,false,שלשות שוקולד לבן 85 גר*3 בלמינט * 18 בקרטון,כרמית תעשיות ממתקים בעמ,IL,כרמית שוקולד לבן שלשות 85,גרמים,255.00,100 גרם,false,,11.90,0.0467,true,1,1338882
7290010838219,false,ממתיק על בסיס צמח הסטיביה - שקיות,"קיפל טבליות וממתיקים בע""מ",IL,מר' סטיביה 100שקיות,יח',100.00,יח',false,,25.90,0.2590,true,1,1353302
7290010838424,false,ג'ל לניקוי מתקדם בניחוח רענן - מארז זוג,"איטיליאן פוד, אס.פי.",NL,טואלט דאק * 750זוג *ירוק,מיליליטרים,1500.00,"מ""ל",false,,19.90,0.0133,true,1,1353303
7290010838431,false,דאק נוזל לניקוי אסלות זוג בניחוח ים 2*750 מל,מיוצר עי קונדיטוריית,NL,טואלט דאק * 750זוג *כחול,מיליליטרים,1500.00,"מ""ל",false,,19.90,0.0133,true,1,1353304
7290010849505,false,די לואיג`י רוסו דולצ`ה 750 מל למברוסקו,הכרם - משקאות חריפים בעמ,,יין למברוסקו מבעבע,מיליליטרים,750.00,"100 מ""ל",false,,29.90,0.0399,true,1,1333832
7290010849512,false,למברוסקו די לואיג`י קאוויקיולי (750 מל),הכרם - משקאות חריפים בעמ,,יין למברוסקו מבעבע,מיליליטרים,750.00,"100 מ""ל",false,,29.90,0.0399,true,1,1333833
7290010849529,false,"למברוסקו די לואיג`י ביאנקו 750מ""ל",הכרם - משקאות חריפים בעמ,,יין למברוסקו מבעבע,מיליליטרים,750.00,"100 מ""ל",false,,29.90,0.0399,true,1,1333834
7290010883042,false,"סנובון נוזלי אפקט קצף פעיל רענן תות 750 מ""ל",החברה הדרומית לשיווק בעמ,IL,סנובון נוזלי רענן 750 מל,מיליליטרים,750.00,"100 מ""ל",false,,9.90,0.0132,true,1,1319885
7290010883356,false,כפפות אלוורה רב שימושיות גדולות L סנו סושי,החברה הדרומית לשיווק בעמ,CN,XL סנו סושי כפפות אלוורה,יח',1.00,יח',false,,9.90,9.9000,true,1,1319887
7290010883363,false,כפפות אלוורה רב שימושיות קטנות S סנו סושי,החברה הדרומית לשיווק בעמ,CN,S סנו סושי כפפות אלוורה,יח',1.00,יח',false,,9.90,9.9000,true,1,1319888
7290010883370,false,כפפות אלוורה רב שימושיות בינוניות M סנו סושי,החברה הדרומית לשיווק בעמ,CN,M סנו סושי כפפות אלוורה,יח',1.00,יח',false,,9.90,9.9000,true,1,1319889
7290010931330,false,סלט מטבוחה אחלה 500 גרם,שטראוס גרופ בעמ/מצונן,IL,מטבוחה 500,גרמים,500.00,100 גרם,false,,13.90,0.0278,true,1,1341902
7290010944835,false,שטיח סיליקון לארונות,,,שטיח סיליקון לארונות,יחידה,0.00,יחידה,false,,9.90,0.0000,true,1,2355754
7290010945146,false,קוטג' 3% מועשר בסידן טרה 250 ג' מהדרין,החברה המרכזית טלהפצת משקאות בע,IL,קוטג' 3% 250 גרם- נעמ,גרמים,250.00,100 גרם,false,,5.40,0.0216,true,1,1328522
7290010945450,false,גבינה לבנה 3% 250 גר מועשר בסידן וויטמין,החברה המרכזית טלהפצת משקאות בע,IL,גבינה לבנה 250 גרם 3% מהד,גרמים,250.00,100 גרם,false,,4.95,0.0198,true,1,1328524
7290010945481,false,גבינה לבנה טרה 5% מרכיבים טבעיים,החברה המרכזית טלהפצת משקאות בע,IL,גבינה לבנה 500 גרם 5%,גרמים,500.00,100 גרם,false,,9.90,0.0198,true,1,1328525
7290010970063,false,שמן שומשום כבישה קרה 500 מיל,טעמים,IL,שמן שומשום 500 מל,מיליליטרים,500.00,"100 מ""ל",false,,39.90,0.0798,true,1,1352561
7290010970193,false,סילאן תמרים טבעי 100% תמרים,"ג.מ טעם הארץ בע""\ם",,סילאן 100% תמרים 900,גרמים,900.00,100 גרם,false,,19.90,0.0221,true,1,1457812
7290010970223,false,"חומץ יין אדום 500 מ""ל ""טעמים""","ג.מ טעם הארץ בע""\ם",IL,חומץ יין אדום  500 מל,מיליליטרים,500.00,"100 מ""ל",false,,10.90,0.0218,true,1,1352564
7290010970230,false,חומץ יין פירות הדר 500מל,ג.מ.טעם הארץ,IL,"חומץ פירות הדר 500 מ""ל",מיליליטרים,500.00,"100 מ""ל",false,,10.90,0.0218,true,1,1352565
7290010970254,false,חומץ בן יין לבן מונט,"ג.מ טעם הארץ בע""\ם",IL,חומץ יין לבן   500 מל,מיליליטרים,500.00,"100 מ""ל",false,,10.90,0.0218,true,1,1352566
7290010970261,false,טעמים-חומץ תפוחי עץ,"ג.מ טעם הארץ בע""\ם",IL,חומץ תפוחי עץ 500 מל,מיליליטרים,500.00,"100 מ""ל",false,,10.90,0.0218,true,1,1352567
7290010970346,false,תמרים מובחרים מרוסקים 500 גרם,,,תמרים מרוסקים 500 גר,גרמים,500.00,100 גרם,false,,12.90,0.0258,true,1,2344406
7290010970452,false,טחינה גולמית מעודנת 380 גרם,,,טחינה גולמית מעודנת,גרמים,380.00,100 גרם,false,,14.90,0.0392,true,1,2344408
7290010970520,false,שמן קנולה בטעם חמאה בתרסיס 200 גרם,"ג.מ טעם הארץ בע""\ם",IL,שמן בטעם חמאה בתרסיס  200,גרמים,200.00,100 גרם,false,,19.90,0.0995,true,1,1352572
7290010970537,false,שמן קנולה בתרסיס 200 גרם טעמים,"ג.מ טעם הארץ בע""\ם",IL,שמן קנולה בתרסיס  200 גרם,גרמים,200.00,100 גרם,false,,19.90,0.0995,true,1,1352573
7290010970544,false,"שמן אבוקדו טעמים 500 מ""ל",טעמים,IL,שמן זית כתית מעולה 750 מל,מיליליטרים,500.00,"100 מ""ל",false,,39.90,0.0798,true,1,1379229
7290010970551,false,שמן אבוקדו מעודן 250 מ`ל טעמים,"ג.מ טעם הארץ בע""\ם",IL,שמן זית כתית מעולה 750 מל,מיליליטרים,250.00,"100 מ""ל",false,,24.90,0.0996,true,1,1379230
7290010970568,false,"שמן בוטנים טעמים 500 מ""ל",טעמים,IL,שמן זית כתית מעולה 750 מל,מיליליטרים,500.00,"100 מ""ל",false,,39.90,0.0798,true,1,1379231
7290010970575,false,שמן בוטנים כבישה קרה 250 מ`ל טעמים,"ג.מ טעם הארץ בע""\ם",IL,שמן זית כתית מעולה 750 מל,מיליליטרים,250.00,"100 מ""ל",false,,24.90,0.0996,true,1,1379232
7290010970582,false,"רוטב סויה 350 מ""ל",טעמים,,"רוטב סויה 350 מ""ל",מיליליטרים,350.00,"100 מ""ל",false,,7.90,0.0226,true,1,1457813
7290010970650,false,קרם בלסמי חומץ מצומצם ממודנה איטליה 250,טעמים,,"קרם בלסמי 250 מ""ל",מיליליטרים,250.00,"100 מ""ל",false,,19.90,0.0796,true,1,1457052
7290010970711,false,פסטו בזיליקום א-לה ג'נובזה,טעמים,,ממרח פסטו בזיליקום 1,גרמים,180.00,100 גרם,false,,12.90,0.0717,true,1,1557670
7290010970728,false,ממרח עגבניות מיובשות 180 גרם,טעמים,,ממרח עגבניות מיובשות,גרמים,180.00,100 גרם,false,,12.90,0.0717,true,1,1557671
7290010970742,false,ממרח פסטו פלפלים אמיתי 180 גרם,,,ממרח פלפלים 180 גרם,גרמים,180.00,100 גרם,false,,12.90,0.0717,true,1,1557673
7290010970773,false,סילאן תמרים 100% טבעי בקבוק לחיץ 350 גרם,"ג.מ טעם הארץ בע""\ם",,סילאן תמרים טבעי בקב,גרמים,350.00,100 גרם,false,,12.90,0.0369,true,1,2344409
7290010970933,false,"שמן קוקוס 500 מ""ל או",,,"שמן קוקוס 500 מ""ל או",מיליליטרים,500.00,"100 מ""ל",false,,29.90,0.0598,true,1,2344410
7290010970971,false,שמן זית בתרסיס 150 גרם טעמים,"ג.מ טעם הארץ בע""\ם",,תרסיס שמן זית 200 גר,גרמים,200.00,100 גרם,false,,19.90,0.0995,true,1,2406221
7290011015862,false,סירופ דיאט 750 מל בטעם לימונענע פריגת,החברה המרכזית להפצת משקאות בעמ,IL,סירופ ד.לנענע 750,מיליליטרים,750.00,"100 מ""ל",false,,22.90,0.0305,true,1,1335104
7290011015985,false,"סירופ בטעם דיאט אננס 750 מ""ל פריגת",החברה המרכזית להפצת משקאות בעמ,IL,סירופ דיאט אננס 750,מיליליטרים,750.00,"100 מ""ל",false,,22.90,0.0305,true,1,1335105
7290011017866,false,פחית קולה סליק קוקה-קולה (330 מל),החברה המרכזית להפצת משקאות בעמ,IL,"סליק קוקה-קולה 330 מ""ל",מיליליטרים,330.00,"100 מ""ל",false,,5.40,0.0164,true,1,1335115
7290011017873,false,פחית זירו סליק קוקה-קולה (330 מל),החברה המרכזית להפצת משקאות בעמ,IL,"סליק קולה זירו 330 מ""ל",מיליליטרים,330.00,"100 מ""ל",false,,5.40,0.0164,true,1,1335116
7290011017880,false,פחית דיאט קולה סליק קוקה-קולה (330 מל),החברה המרכזית להפצת משקאות בעמ,IL,"סליק ד.קוקה-קולה 330 מ""ל",מיליליטרים,330.00,"100 מ""ל",false,,5.40,0.0164,true,1,1335117
7290011018184,false,תה קר בטעם אפרסק פיוז-טי (500 מל),החברה המרכזית להפצת משקאות בעמ,IL,FUZE tea אפרסק 0.5 ליטר,מיליליטרים,500.00,"100 מ""ל",false,,6.90,0.0138,true,1,1335120
7290011018368,false,ויינשטפן בירת חיטה לא מסוננת,החברה המרכזית להפצת משקאות בעמ,DE,ויינשטפן 6 בק 330 פקדון,מיליליטרים,1980.00,"100 מ""ל",false,,59.90,0.0303,true,1,1335131
7290011018443,false,משקה מוגז אורנג` פאנטה (330 מל),החברה המרכזית להפצת משקאות בעמ,IL,"סליק פאנטה אורנג' 330 מ""ל",מיליליטרים,330.00,"100 מ""ל",false,,5.40,0.0164,true,1,1335133
7290011018832,false,"קוקה קולה פרידגפק סליק 330 מ""ל שישייה",החברה המרכזית להפצת משקאות בעמ,IL,"מארז ק""ק 6 פח FRIDGE-PACK",ליטרים,1.98,ליטר,false,,23.90,12.0707,true,1,1335138
7290011018917,false,ק.קולה זירו פרידגפק סליק 330 מל שישייה,החברה המרכזית להפצת משקאות בעמ,IL,מארז zero 6 פח FRIDGE-PAC,ליטרים,1.98,ליטר,false,,23.90,12.0707,true,1,1335141
7290011018924,false,"מארז פחיות דיאט קוקה קולה שישייה 330 מ""ל",החברה המרכזית להפצת משקאות בעמ,IL,"דק""ק מארז פח 6 FRIDGE-PAC",ליטרים,1.98,ליטר,false,,23.90,12.0707,true,1,1335142
7290011022419,false,תבניות אלומיניום 7 י,,,תבניות אלומיניום 7 י,יח',7.00,יח',false,,7.90,1.1286,true,1,1820911
7290011022426,false,תבניות אלומיניום 5 י,,,תבניות אלומיניום 5 י,יח',5.00,יח',false,,7.90,1.5800,true,1,1820912
7290011026066,false,"ד""ר פישר - סרקל שמפו + מרכך לילדים 1 ליטר","פישר תעשיות פרמצביטות בע""מ",IL,סרקל שמפו + מעצב ליטר,ליטרים,1.00,ליטר,false,,28.90,28.9000,true,1,1351855
7290011026523,false,שמפו לתינוק לפני השינה Senstive עם לבנדר וקמומיל,"פישר תעשיות פרמצביטות בע""מ",IL,קמיל בלו סנסיטיב אל דמע ל,מיליליטרים,500.00,"100 מ""ל",false,,19.90,0.0398,true,1,1351858
7290011026530,false,ק.ב סנסטיב אל סבון לבנדר קמומיל לפני השינה 500 מ,"פישר תעשיות פרמצביטות בע""מ",IL,קמיל בלו סנסיטיב אל סבון,גרמים,500.00,100 גרם,false,,19.90,0.0398,true,1,1351859
7290011045623,false,געלה תערובת גרעינים,ניצני הדר,,ג'עלה קופסא,גרמים,350.00,100 גרם,false,,19.90,0.0569,true,1,2332957
7290011064020,false,בולגרית בעיר מעדן גבינה למריחה 200 גרם,גבינות עמיר ניצן בעמ,,גבינה בולגרית בעיר 2,גרמים,200.00,100 גרם,false,,12.90,0.0645,true,1,2309457
7290011064075,false,מעדן לבנה מסבחה -אבו גוש 200 גרם,גבינות עמיר ניצן בעמ,,גבינה לבנה אבו גוש 2,גרמים,200.00,100 גרם,false,,12.90,0.0645,true,1,2266701
7290011064099,false,ירקות או פרות ממולאים במעדן גבינה ניצן 125 גרם,גבינות עמיר ניצן בעמ,,טאפס שכונתי 125 גרם,גרמים,125.00,100 גרם,false,,19.90,0.1592,true,1,2266702
7290011091057,false,פפריקה מתוקה 500 ג פרג,תבליני הדור השלישי,,פפריקה מתוקה,גרמים,500.00,100 גרם,false,,29.90,0.0598,true,1,2414337
7290011091071,false,פפריקה חריפה בשמן 500 גרם,תבליני הדור השלישי,,פפריקה חריפה בשמן 50,גרמים,500.00,100 גרם,false,,29.90,0.0598,true,1,2414330
7290011091088,false,כורכום פרג 500 גרם,תבליני הדור השלישי,,כרכום גדול,גרמים,500.00,100 גרם,false,,29.90,0.0598,true,1,2414322
7290011091095,false,חוואיג למרק פרג 500,תבליני הדור השלישי,,חוויג מרק 500 גרם,גרמים,500.00,100 גרם,false,,29.90,0.0598,true,1,2414323
7290011091118,false,גריל עוף פרג 500 גרם,תבליני הדור השלישי,,תבלין עוף בגריל,גרמים,500.00,100 גרם,false,,29.90,0.0598,true,1,1334531
7290011091125,false,תבלין לסטייק 120 גרם,תבליני הדור השלישי,,תבלין לסטייק 120 גרם,גרמים,120.00,100 גרם,false,,13.90,0.1158,true,1,1334532
7290011091132,false,תבלין קארי הודי 120גר,תבליני הדור השלישי,,קארי הודי 120 גרם,גרמים,120.00,100 גרם,false,,13.90,0.1158,true,1,2414278
7290011091149,false,קייטג'ון 150 גרם,תבליני הדור השלישי,,תבלין קייטגון,גרמים,150.00,100 גרם,false,,13.90,0.0927,true,1,1334534
7290011091156,false,פפריקה חריפה 500 גרם,,,פפריקה חריפה,גרמים,500.00,100 גרם,false,,29.90,0.0598,true,1,1334535
7290011091200,false,פרג בזיליקום 40 גרם,תבליני הדור השלישי,,בזיליקום 40 גרם,גרמים,40.00,100 גרם,false,,13.90,0.3475,true,1,1334537
7290011091217,false,פרג תבלין שמיר 40ג,תבליני פרג,,שמיר 40 גרם,גרמים,40.00,100 גרם,false,,13.90,0.3475,true,1,1334538
7290011091224,false,פרג תבלין רוזמרין 40 גרם.,תבליני הדור השלישי,,תבלין רוזמרין,גרמים,60.00,100 גרם,false,,13.90,0.2317,true,1,1334539
7290011091231,false,עלי דפנה ופלפל אנגלי ק 40 גרם,תבליני הדור השלישי,,עלי דפנה 40 גרם,גרמים,40.00,100 גרם,false,,13.90,0.3475,true,1,1334540
7290011091248,false,פרג טימין 40ג,תבליני הדור השלישי,,טימין,גרמים,40.00,100 גרם,false,,13.90,0.3475,true,1,2414246
7290011091262,false,פרג תבלין אורגנו 40ג,תבליני הדור השלישי,,אורגנו 60 גרם,גרמים,60.00,100 גרם,false,,13.90,0.2317,true,1,2414234
7290011091323,false,זעתר בלאדי פרג 150 ג,תבליני הדור השלישי,,זעתר בלאדי,גרמים,120.00,100 גרם,false,,13.90,0.1158,true,1,1334543
7290011091347,false,תבלינים שונים]פרג[,תבליני הדור השלישי,,גריל עוף 120 גרם,גרמים,120.00,100 גרם,false,,13.90,0.1158,true,1,1334544
7290011091354,false,תבלין שווארמה ופרגיות 120 גרם,תבליני הדור השלישי,,תבלין לשווארמה,גרמים,120.00,100 גרם,false,,13.90,0.1158,true,1,1334545
7290011091361,false,תבלינים שונים]פרג[,תבליני הדור השלישי,,תבלין לדגים 120 גרם,גרמים,120.00,100 גרם,false,,13.90,0.1158,true,1,1334546
7290011091392,false,תבלין בהרט לקובה 100 גרם,תבליני הדור השלישי,,בהרט לקובה,גרמים,100.00,100 גרם,false,,13.90,0.1390,true,1,1334548
7290011091408,false,תבליין חוויג מרק 120,תבליני הדור השלישי,,תבליין חוויג מרק 120,גרמים,120.00,100 גרם,false,,13.90,0.1158,true,1,1334549
7290011091415,false,חוויאג' קפה 100 גרם,תבליני הדור השלישי,,חוויג לקפה,גרמים,100.00,100 גרם,false,,13.90,0.1390,true,1,1334550
7290011091453,false,כוסברה טחונה 100 גרם,תבליני פרג,,כוסברה טחונה 100 גרם,גרמים,100.00,100 גרם,false,,13.90,0.1390,true,1,2414247
7290011091460,false,כורכום טחון 150 גרם,תבליני הדור השלישי,,כורכום טחון 150 גרם,גרמים,150.00,100 גרם,false,,13.90,0.0927,true,1,1334553
7290011091477,false,מלח לימון 200 גרם,תבליני הדור השלישי,,מלח לימון,גרמים,200.00,100 גרם,false,,13.90,0.0695,true,1,1334554
7290011091491,false,קינמון טחון 120 גרם,תבליני הדור השלישי,,קינמון טחון 120 גרם,גרמים,120.00,100 גרם,false,,13.90,0.1158,true,1,1334556
7290011091507,false,פלפל שחור שלם]פרג[100גר,תבליני הדור השלישי,,פלפל שחור טחון,גרמים,100.00,100 גרם,false,,13.90,0.1390,true,1,1334557
7290011091514,false,פרג פפריקה מתוקה בשמן 120ג,תבליני הדור השלישי,,פפריקה מתוקה בשמן,גרמים,120.00,100 גרם,false,,13.90,0.1158,true,1,1334558
7290011091521,false,פרג תבלין כמון טחון 120ג,תבליני הדור השלישי,,כמון טחון,גרמים,120.00,100 גרם,false,,13.90,0.1158,true,1,1334559
7290011091590,false,פפריקה חריפה 150 גרם,תבליני הדור השלישי,,פפריקה חריפה,גרמים,150.00,100 גרם,false,,13.90,0.0927,true,1,1334562
7290011091606,false,פפריקה מתוקה 150 גרם פרג,תבליני הדור השלישי,,פפריקה מתוקה,גרמים,150.00,100 גרם,false,,13.90,0.0927,true,1,1334563
7290011091620,false,קימל טחון פרג 120 גר,תבליני הדור השלישי,,קימל טחון,גרמים,120.00,100 גרם,false,,13.90,0.1158,true,1,1334564
7290011091651,false,שום גבישי פרג 150 גר,תבליני הדור השלישי,,תבלין גבישי שום,גרמים,150.00,100 גרם,false,,13.90,0.0927,true,1,1334567
7290011091958,false,צ'ילי מקסיקני 80 גרם,תבליני הדור השלישי,,צילי מקסיקני 80 גרם,גרמים,80.00,100 גרם,false,,13.90,0.1738,true,1,1334570
7290011112523,false,"דאודורנט לנשים 150 מ""ל YOU PRETTY",קרליין Careline,,דאודורנט ספריי פריטי,מיליליטרים,175.00,"100 מ""ל",false,,19.90,0.1137,true,1,1344705
7290011113926,false,דאודורנט ספריי טיטניום בלאק Titanium Black,החברה הדרומית לשיווק בעמ,IL,200מל BLACK דאו.טיטניום,מיליליטרים,180.00,"100 מ""ל",false,,14.90,0.0828,true,1,1344742
7290011115159,false,סבון מוצק מועשר בקרם לחות ניחוח פרחים נקה 7 4*100 גרם,החברה הדרומית לשיווק בעמ,IL,רביעיית סבון מוצק נקה 7 ל,גרמים,400.00,100 גרם,false,,9.90,0.0248,true,1,1344767
7290011115166,false,נקה 7 ארומה סבון נוזלי לבנדר 1 ל',החברה הדרומית לשיווק בעמ,IL,תחליב רחצה ארומה לבנדר1ל,ליטרים,1.00,ליטר,false,,14.90,14.9000,true,1,1344768
7290011115173,false,נקה 7 ארומה סבון נוזלי וניל 1 ל',טרופיקל דגיל תעשיות,IL,תחליב רחצה ארומה וניל שקד,ליטרים,1.00,ליטר,false,,14.90,14.9000,true,1,1344769
7290011115203,false,אל סבון מוצק מבושם בניחוח עדין קלאסיק - מארז רביעיה,החברה הדרומית לשיווק בעמ,IL,רבעיית סבון מוצק נקה 7 קל,גרמים,400.00,100 גרם,false,,9.90,0.0248,true,1,1344770
7290011115241,false,אל סבון ארומטי מוצק ורוד ורד ויסמין - מארז רביעיה,החברה הדרומית לשיווק בעמ,IL,רבעיית סבון מוצק נקה 7 אר,גרמים,400.00,100 גרם,false,,9.90,0.0248,true,1,1344771
7290011115258,false,אל סבון מוצק מבושם בניחוח עדין קלאסיק - מארז רביעיה,החברה הדרומית לשיווק בעמ,IL,רבעיית סבון מוצק נקה 7 קל,גרמים,400.00,100 גרם,false,,9.90,0.0248,true,1,1344772
7290011115265,false,מארז סבון מוצק ארומה אל סבון מועשר בשמנים ארומטיים,החברה הדרומית לשיווק בעמ,IL,רבעיית סבון מוצק נקה 7 אר,גרמים,400.00,100 גרם,false,,9.90,0.0248,true,1,1344773
7290011115272,false,אל סבון מוצק מועשר בקרם לחות צמחים - מארז רביעיה,החברה הדרומית לשיווק בעמ,IL,רבעיית סבון מוצק נקה 7 לח,גרמים,400.00,100 גרם,false,,9.90,0.0248,true,1,1344774
7290011115289,false,אל סבון מוצק מבושם בניחוח עדין קלאסיק - מארז רביעיה,החברה הדרומית לשיווק בעמ,IL,רבעיית סבון מוצק נקה 7 קל,גרמים,400.00,100 גרם,false,,9.90,0.0248,true,1,1344775
7290011115296,false,אל סבון מוצק מועשר בקרם לחות לבנדר - מארז רביעיה,נקה 7,,רביעיית סבון מוצק לח,גרמים,400.00,100 גרם,false,,9.90,0.0248,true,1,1344776
7290011115401,false,אל סבון ארומטי מוצק צהוב קמומיל - רביעייה,החברה הדרומית לשיווק בעמ,,רביעיית סבון מוצק אר,גרמים,400.00,100 גרם,false,,9.90,0.0248,true,1,1344784
7290011126209,false,הגן הקסום תה טעם תפוח וקינמון סיידר ויסוצקי 25 יח',תה ויסוצקי (ישראל)בעמ,IL,חליטת תפוח וקינמון סיידר,גרמים,67.50,100 גרם,false,,16.90,0.2504,true,1,1339351
7290011126216,false,תה רויבוש קלאסי ויסוצקי 25 יחידות,תה ויסוצקי (ישראל) בעמ,IL,רויבוש קלאסי,גרמים,50.00,100 גרם,false,,24.90,0.4980,true,1,1339352
7290011126452,false,הגן הקסום תה בטעם קמומיל ונענע ויסוצקי 25 יחידות,תה ויסוצקי (ישראל) בעמ,IL,חליטת קמומיל ונענע,גרמים,37.50,100 גרם,false,,16.90,0.4507,true,1,1339359
7290011126469,false,חליטת צמחים וקמומיל הגן הקסום ויסוצקי 25 יחידות,תה ויסוצקי (ישראל) בעמ,IL,חליטת קמומיל ודבש,גרמים,37.50,100 גרם,false,,16.90,0.4507,true,1,1339360
7290011126940,false,תה ירוק ויסוצקי בתוספת מרווה 25 שקיקים,תה ויסוצקי (ישראל) בעמ,IL,תה ירוק מרווה,גרמים,37.50,100 גרם,false,,22.90,0.6107,true,1,1339366
7290011126957,false,תה ירוק ויסוצקי ארל גריי 25 שקיקים,תה ויסוצקי (ישראל) בעמ,IL,תה ירוק ארל גרי,גרמים,37.50,100 גרם,false,,22.90,0.6107,true,1,1339367
7290011131050,false,גרנולה בתוספת פקאן 1 קילו גרין,ויטליאה ניקולה דו,MK,גרנולה 1 ק'ג פקאן,גרמים,1000.00,100 גרם,false,,24.90,0.0249,true,1,1319065
7290011131371,false,מוזלי קראנצ`י שקדים ואגוזים גרין (1 קג),ויטליאה ניקולה דו,MK,מיזלי 1קג קראנצ' אלמונד,גרמים,1000.00,100 גרם,false,,24.90,0.0249,true,1,1319074
7290011131388,false,מיזלי 1 קג קרנצ תפוח&קינמ,ויטליאה ניקולה דו,MK,מיזלי1קג קראנצ'אפל&קינמון,גרמים,1000.00,100 גרם,false,,24.90,0.0249,true,1,1319075
7290011131395,false,מוזלי קראנצ`י 30% פירות גרין (1 קג),ויטליאה ניקולה דו,MK,מיזלי1קג קראנצ'30%פירות,גרמים,1000.00,100 גרם,false,,24.90,0.0249,true,1,1319076
7290011131609,false,"מיזלי מ.שומן 30% פירות 1 ק""ג",ויטליאה ניקולה דו.,MK,מיזלי1קג מ.שומן30%פירות,קילוגרמים,1.00,"100 ק""ג",false,,24.90,24.9000,true,1,1319078
7290011131654,false,מוזלי קראנצ'י ביג מיקס עם פירות ואגוזים,משה סידס ובנו בעמ,MK,מיזלי 1 קג ביג מיקס,גרמים,1000.00,100 גרם,false,,24.90,0.0249,true,1,1319082
7290011131968,false,"גרנולה בתוספת שקדים ואגוזים גרין 1 ק""ג",ויטליה ניקולא דו,MK,גרנולה 1 ק'ג אגוזים,גרמים,1000.00,100 גרם,false,,24.90,0.0249,true,1,1319086
7290011131975,false,גרנולה בתוספת פירות מיובשים ומסוכרים,ויטליאה ניקולה דו,MK,גרנולה 1 ק'ג פירות,גרמים,1000.00,100 גרם,false,,24.90,0.0249,true,1,1319087
7290011132309,false,"שישיית בירה גולדסטאר 330 מ""ל מהדורת Black roast","טמפו משקאות בע""\מ",,שישייה בירה גולדסטאר,ליטרים,1.98,ליטר,false,,32.90,16.6162,true,1,2405896
7290011132507,false,סן בנדטו- מים מנרליים - מוגז עדין 500 מל,אקווה מינרלה סאן בנדטו ב,,מים בנדטו מוגז 500 מ,מיליליטרים,500.00,"100 מ""ל",false,,4.90,0.0098,true,1,1324008
7290011132552,false,רביעיית בירה פאולנר 330 מל בקבוק,טמפו משקאות בעמ,,רביעייה בירה פאולנר,ליטרים,1.32,ליטר,false,,39.90,30.2273,true,1,1324010
7290011133368,false,בירה שנדי בתוספת משקה תפוח - שישייה,טמפו משקאות בע`מ,,שישיית בירה שנדי תפו,ליטרים,1.98,ליטר,false,,29.90,15.1010,true,1,1324014
7290011133375,false,בירה שנדי בתוספת משקה אפרסק - שישייה,"טמפו משקאות בע""מ",,שישיית בירה שנדי אפר,ליטרים,1.98,ליטר,false,,29.90,15.1010,true,1,1324015
7290011133498,false,"מכבי שנדי תפוח בקבוק בודד 330 מ""ל",טמפו משקאות בע`מ,,בירה שנדי תפוח 330 מ,מיליליטרים,330.00,"100 מ""ל",false,,5.90,0.0179,true,1,1324016
7290011133504,false,"מכבי שנדי אפרסק בקבוק בודד 330 מ""ל",טמפו משקאות בע''מ,,בירה שנדי אפרסק 330,מיליליטרים,330.00,"100 מ""ל",false,,5.90,0.0179,true,1,1324017
7290011133634,false,"פפסי מקס פחית צרה מארז שישייה 330 מ""ל","טמפו משקאות בע""\מ",,מארז שישיית פפסי קול,ליטרים,1.98,ליטר,false,,18.90,9.5455,true,1,2274965
7290011164164,false,מארז לקקני סודה 40 יחידות 360 גרם,גואנגדונג צאואן פוד,,לקקן סודה 40 יחידות,100 יח',40.00,100 יח',false,,18.90,0.4725,true,1,1333356
7290011164171,false,לקקן סודה 15 יח 115 גרם,טעמן שיווק מזון בעמ,,לקקן סודה 15 יחידות,גרמים,135.00,100 גרם,false,,8.90,0.0659,true,1,1333357
7290011174040,false,גזר ננסי 800 גרם פרי הגליל,פרי הגליל בעמ,IL,ג .ננסי 800פג רבנות,גרמים,800.00,100 גרם,false,,7.90,0.0099,true,1,1347381
7290011174156,false,תירס גרעינים ויטה 550גרם,ויטה- פרי גליל (החדשה) בעמ,IL,תירס א -2ויטה בדצ,גרמים,550.00,100 גרם,false,,5.90,0.0107,true,1,1347385
7290011174163,false,"גרעיני תירס מתוק ויטה 340 גרם בד""צ",ויטה- פרי גליל (החדשה) בעמ,IL,תירס 12אונק ויטה בדצ,גרמים,340.00,100 גרם,false,,5.90,0.0174,true,1,1347386
7290011174187,false,אפונה ירוקה 550 גר' ויטה,ויטה- פרי גליל (החדשה) בעמ,IL,אפונה א -2ויטה בדצ,גרמים,550.00,100 גרם,false,,5.90,0.0107,true,1,1347388
7290011174323,false,"צ'יפס אמריקאי פרי הגליל 1.5 ק""ג",ויטה- פרי גליל (החדשה) בעמ,IL,צ'יפס אמריקאי 1.5פג רבנות,קילוגרמים,1.50,"ק""ג",false,,18.90,12.6000,true,1,1347390
7290011174392,false,"שעועית ברוטב עגבניות ויטה 570 גרם בד""צ",ויטה-פרי גליל (החדשה) בעמ,IL,שע ברוטב א -2ויטה בדצ - ח,גרמים,580.00,100 גרם,false,,6.90,0.0119,true,1,1347392
7290011174491,false,תירס קל - מופחת קלוריות וללא תוספת סוכר,ויטה- פרי גליל (החדשה) בעמ,IL,תירס קל א -2ויטה בדצ,גרמים,550.00,100 גרם,false,,6.90,0.0125,true,1,1347394
7290011174897,false,אפונה עדינה פרי גליל 600 גר',"פרי הגליל בע""""מ",IL,אפונה עדינה 600פג,גרמים,600.00,100 גרם,false,,12.90,0.0215,true,1,1347401
7290011174903,false,שעועית ירוקה עדינה שלמה 600 גרם,ויטה פרי גליל (החדשה) בע`מ,,שעועית עדינה,גרמים,600.00,100 גרם,false,,14.90,0.0248,true,1,1368731
7290011194215,false,מעדן גבינה ויוגורט בטעם בננה 5% שומן 88 ג' דניאלה,שטראוס גרופ בעמ/מצונן,IL,דניאלה בננה,גרמים,88.00,100 גרם,false,,3.90,0.0443,true,1,1341903
7290011194246,false,קוטג 5% 250 גרם עם סידן שטראוס,שטראוס גרופ בעמ/מצונן,IL,קוטג' %5 עם סידן 250 גרם,גרמים,250.00,100 גרם,false,,5.90,0.0236,true,1,1341904
7290011195298,false,מפזר חום לאמבטיה,,,מפזר חום לאמבטיה,יחידה,0.00,יחידה,false,,129.90,0.0000,true,1,2427469
7290011210564,false,יין יוגב קברנה סוביניון פטי ורדו,בנימינה Binyamina,IL,יוגב קברנה סוביניון פטי ו,מיליליטרים,750.00,"100 מ""ל",false,,39.90,0.0532,true,1,1347406
7290011210847,false,יין רזרב Reserve שרדונה גלבוע,בנימינה Binyamina,,יין לבן רזרב שרדונה,מיליליטרים,750.00,"100 מ""ל",false,,49.90,0.0665,true,1,1347407
7290011223021,false,רפידות הנקה באריזה אישית פרש וואנס (30),קריפורט סחר בינלאומי,IL,פ.ו כריות הנקה אישיות - 3,יח',30.00,יח',false,,14.90,0.4967,true,1,1353312
7290011223038,false,בונומי עלים לקרמשניט שכבות אפויות מבצק עלים 300 גרם,דנשר (1963) בעמ,IT,עלים לקרמשניט - בונומי 30,גרמים,300.00,100 גרם,false,,14.90,0.0497,true,1,1353313
7290011223045,false,בישקוטים ליידיפינגרז בונומי (200 גרם),דנשר (1963) בעמ,IT,בישקוטים בונומי 200גרם,גרמים,200.00,100 גרם,false,,4.90,0.0245,true,1,1353314
7290011223229,false,"טואלט דאק ג'ל לאסלה טיפות טל רעננות 55 מ""ל","איטיליאן פוד, אס.פי.",IT,ט.ד ג'ל אסלה טיפות טל רענ,מיליליטרים,55.00,"100 מ""ל",false,,9.90,0.1800,true,1,1353318
7290011223243,false,"טואלט דאק ג'ל לאסלה בניחוח לבנדר 55 מ""ל","איטיליאן פוד, אס.פי.",IT,ט.ד ג'ל אסלה ניחוח לבנדר,מיליליטרים,55.00,"100 מ""ל",false,,9.90,0.1800,true,1,1353319
7290011249212,false,וופל עלמה בלגי לימון 200 גר' ללא סוכר,ח.כהן סוכנות מזון ומשקאות בע,,וופל בלגי לימון.,גרמים,200.00,100 גרם,false,,2.90,0.0145,true,1,1346794
7290011249250,false,עלמה גביעי גלידה אמריקאי 24 יח',ח.כהן סוכנות מזון ומשקאות בע,,גביעי גלידה 24 יח'.,גרמים,120.00,100 גרם,false,,9.90,0.0825,true,1,1346796
7290011249748,false,רולים גלילי ופל במילוי קרם שוקולד 100 ג' עלמה,ח.כהן סוכנות מזון ומשקאות בע,,רולים שוקולד.,גרמים,100.00,100 גרם,false,,2.90,0.0290,true,1,1346805
7290011249755,false,רולים גלילי ופל במילוי קרם אגוזים 100 ג' עלמה,ח.כהן סוכנות מזון ומשקאות בע,,רולים אגוז.,גרמים,100.00,100 גרם,false,,2.90,0.0290,true,1,1346806
7290011254001,false,זרעי פשתן מיה 450 גרם,מיה תעשיות מזון מ.ת.מ. ב,IL,פשתן 450גרם,גרמים,450.00,100 גרם,false,,6.90,0.0153,true,1,1334115
7290011254070,false,תבלין פלפל שחור בשקית 50ג' מיה,מיה תעשיות מזון מ.ת.מ בעמ,IL,פלפל שחור 50גרם שקית,גרמים,50.00,100 גרם,false,,6.90,0.1380,true,1,1334120
7290011254087,false,תבלין קינמון בשקית 80 גר' מיה,מיה תעשיות מזון מ.ת.מ בעמ,IL,קינמון 80גרם שקית,גרמים,80.00,100 גרם,false,,4.90,0.0613,true,1,1334121
7290011254094,false,תבלין כמון 80גר' שקית,מיה תעשיות מזון מ.ת.מ בעמ,IL,כמון 80גרם שקית,גרמים,80.00,100 גרם,false,,4.90,0.0613,true,1,1334122
7290011254100,false,תבלין כרכום בשקית 80 גר' מיה,מיה תעשיות מזון מ.ת.מ בעמ,IL,כורכום 80גרם שקית,גרמים,80.00,100 גרם,false,,4.90,0.0613,true,1,1334123
7290011254117,false,תבלין פפריקה מתוקה בשקית 80 גר' מיה,מיה תעשיות מזון מ.ת.מ בעמ,IL,פפריקה מתוקה 80גרם שקית,גרמים,80.00,100 גרם,false,,4.90,0.0613,true,1,1334124
7290011254124,false,תבלין פפריקה חריפה בשקית 80 גר' מיה,מיה תעשיות מזון מ.ת.מ בעמ,IL,פפריקה חריפה 80גרם שקית,גרמים,80.00,100 גרם,false,,4.90,0.0613,true,1,1334125
7290011254131,false,תבלין אורגנו 20גרם- שקית,מיה תעשיות מזון מ.ת.מ בעמ,IL,אורגנו 20גרם שקית,גרמים,20.00,100 גרם,false,,4.90,0.2450,true,1,1334126
7290011254148,false,אבקת שום בשקית מיה 80 גרם,מיה תעשיות מזון מ.ת.מ בעמ,IL,אבקת שום 80גרם שקית,גרמים,80.00,100 גרם,false,,7.90,0.0988,true,1,1334127
7290011254155,false,תבלין מלח לימון בשקית 80 גר' מיה,מיה תעשיות מזון מ.ת.מ בעמ,IL,מלח לימון 80גרם שקית,גרמים,80.00,100 גרם,false,,4.90,0.0613,true,1,1334128
7290011254179,false,תבלין גריל עוף בשקית 80 גר' מיה,מיה תעשיות מזון מ.ת.מ בעמ,IL,גריל עוף 80גרם שקית,גרמים,80.00,100 גרם,false,,4.90,0.0613,true,1,1334129
7290011254193,false,תבלין שביבי שום 50גרם שקית,מיה תעשיות מזון מ.ת.מ בעמ,IL,שבבי שום 50גרם שקית,גרמים,50.00,100 גרם,false,,7.90,0.1580,true,1,1334131
7290011254209,false,גבישי שום בשקית מיה 80 גרם,מיה תעשיות מזון מ.ת.מ בעמ,IL,גבישי שום 80גרם שקית,גרמים,80.00,100 גרם,false,,9.90,0.1238,true,1,1334132
7290011254254,false,נטיפי שוקולד צ'יפס בטעם שוקולד מיה 300 גרם,מיה תעשיות מזון מ.ת.מ. בעמ,IL,נטיפים בטעם שוקולד 300גרם,גרמים,300.00,100 גרם,false,,9.90,0.0330,true,1,1334135
7290011254346,false,"קינואה מיה בד""צ 1 ק""ג",מיה תעשיות מזון מ.ת.מ. בעמ,,קינואה 1 קג,קילוגרמים,1.00,"100 ק""ג",false,,16.90,16.9000,true,1,1859154
7290011254469,false,סוכריות ללא תוספת סוכר בטעם לימון מיה 80 גרם,מיה תעשיות מזון מ.ת.מ. בעמ,IL,סוכריות לימון ללא סוכר 80,גרמים,80.00,100 גרם,false,,6.90,0.0863,true,1,1334140
7290011254483,false,סוכריות ללא תוספת סוכר בטעם אפרסק מיה 80 גרם,מיה תעשיות מזון מ.ת.מ. בעמ,IL,סוכריות אפרסק ללא סוכר 80,גרמים,80.00,100 גרם,false,,6.90,0.0863,true,1,1334142
7290011254612,false,"לקט תערובת לקדירה 600 גרם ""מיה"" קדירה לקט בריאות",מיה תעשיות מזון מ.ת.מ. בעמ,IL,תערובת קדירה לקט בריאות 0,גרמים,600.00,100 גרם,false,,8.90,0.0148,true,1,1334145
7290011254698,false,"שמן זית כתית מעולה 750מ""ל בד''ץ",מיה תעשיות מזון מ.ת.מ. בעמ,ES,שמן זית כתית מעולה 750מ'ל,מיליליטרים,750.00,"100 מ""ל",false,,29.90,0.0399,true,1,1334148
7290011254803,false,סוכריות ג'לילנד טבעות פרי 125 גר' מיה,מיה תעשיות מזון מ.ת.מ. בעמ,IL,ג'לילנד טבעות פרי 125גרם,גרמים,125.00,100 גרם,false,,4.90,0.0392,true,1,1334150
7290011254810,false,סוכריות ג'לילנד דובונים פרי קיץ 125 גרם,מיה תעשיות מזון מ.ת.מ. בעמ,IL,ג'לילנד דובונים 125גרם *,גרמים,125.00,100 גרם,false,,4.90,0.0392,true,1,1334151
7290011254827,false,סוכריות ג`לי פירות גדולים במיוחד 125גר,מיה תעשיות מזון מ.ת.מ. בעמ,IL,ג'לילנד פירות גדולים 125ג,גרמים,125.00,100 גרם,false,,4.90,0.0392,true,1,1334152
7290011254841,false,"סוכריות ג'לילנד חמוצמוצים 125ג' מיה בד""צ",מיה תעשיות מזון מ.ת.מ. בעמ,IL,ג'לילנד חמוצמוצים 125גרם,גרמים,125.00,100 גרם,false,,4.90,0.0392,true,1,1334154
7290011254858,false,סוכריות ג'לילנד ג'ונגל בטעמים טרופיים 125 גר',מיה תעשיות מזון מ.ת.מ. בעמ,,סוכריות גלי טבעי,גרמים,100.00,100 גרם,false,,4.90,0.0490,true,1,1334155
7290011300975,false,פנינה סבון נוזלי ורוד פרדייז 500 מל,פנינה רוזנבלום בעמ,IL,סבון ורוד פרדייז 500,מיליליטרים,500.00,"100 מ""ל",false,,7.90,0.0158,true,1,1348041
7290011300982,false,"סבון נוזלי כחול אושן 500מ""ל",פנינה רוזנבלום בעמ,IL,סבון כחול אושן 500 מ,מיליליטרים,500.00,"500 מ""ל",false,,7.90,0.0158,true,1,1348042
7290011300999,false,סבון נוזלי בז' 500 מ''ל פנינה רוזנבלום,פנינה רוזנבלום בעמ,IL,"סבון בז גרדן 500 מ""ל",מיליליטרים,500.00,"100 מ""ל",false,,7.90,0.0158,true,1,1348043
7290011316907,false,"סכין חיתוך 18 מ""מ S2",,,"סכין חיתוך 18 מ""מ S2",יחידה,0.00,יחידה,false,,4.90,0.0000,true,1,2401790
7290011332983,false,מגבונים לניקוי אף מגבונאף קמיל בלו- מארז שלישייה,"פישר תעשיות פרמצביטות בע""מ",IL,קמיל בלו מגבונאף שלישייה,יח',90.00,יח',false,,19.90,0.2211,true,1,1351865
7290011378028,false,חלבה קלאסית וניל ללא תוספת סוכר בארכה 350 גרם,קבוצת אסם סחר שות. מוגבלת,IL,חלבה בארכה קלאסית וניל לל,גרמים,350.00,100 גרם,false,,15.90,0.0454,true,1,1339369
7290011378233,false,"חטיפי חלווה בארכה 126 גרם מארז 7 יחידות לל""ס",קבוצת אוסם סחר שותפות מוגבלת,IL,מאגדת חטיף חלבה בארכה בקט,גרמים,120.00,100 גרם,false,,9.90,0.0825,true,1,1339370
7290011378257,false,חטיף חלבה בטעם וניל ללא תוספת סוכר בתוספת פיסטוק ופקאן,קבוצת אוסם סחר-שות.מוגבלת,IL,מאגדת חלבה בארכה בקטנה לל,גרמים,120.00,100 גרם,false,,9.90,0.0825,true,1,1339371
7290011378769,false,חטיף חלווה וניל בארכה 126 גרם מארז 7 יחידות,קבוצת אוסם סחר שותפות מוגבלת,IL,מאגדת חטיף חלבה בארכה בקט,גרמים,126.00,100 גרם,false,,9.90,0.0786,true,1,1339373
7290011378776,false,חטיף חלווה פיסטוק בארכה 126 גרם מארז 7 יחידות,קבוצת אוסם סחר שותפות מוגבלת,IL,מאגדת חטיף חלבה בארכה בקט,גרמים,120.00,100 גרם,false,,9.90,0.0825,true,1,1339374
7290011435226,false,דבש מפרחי בר לחיץ 650 ג' יד מרדכי,מכוורת יד מרדכי שטראוס ב,,דבש טהור לחיץ 650 גר,גרמים,650.00,100 גרם,false,,29.90,0.0460,true,1,1843818
7290011438142,false,"משקה יטבתה אייס קפה בבקבוק אישי 350 מ""ל",שטראוס גרופ בעמ/מצונן,IL,"אייסקפה 350 מ""ל מהדרין",מיליליטרים,350.00,"100 מ""ל",false,,5.90,0.0169,true,1,1341910
7290011447014,false,מטרנה דייסת סלט פירות 200 גרם,קבוצת אוסם סחר שותפות מוגבלת,IL,אבקה להכנת דייסת סולת עם,גרמים,200.00,100 גרם,false,,14.90,0.0745,true,1,1305725
7290011447267,false,מטרנה פרימיום חלבי שלב 1 700 גרם חיסכון,קבוצת אוסם סחר שותפות מוגבלת,IL,תרכובת מזון לתינוקות על ב,גרמים,700.00,100 גרם,false,,59.90,0.0856,true,1,1305730
7290011447281,false,מטרנה פרימיום חלבי שלב 2 700 גרם חיסכון,קבוצת אוסם סחר שותפות מוגבלת,IL,תרכובת מזון המשך לתינוקות,גרמים,700.00,100 גרם,false,,59.90,0.0856,true,1,1305732
7290011447304,false,מטרנה פרימיום חלבי שלב 3 700 גרם חיסכון,קבוצת אוסם סחר שותפות מוגבלת,IL,תרכובת מזון המשך לפעוטות,גרמים,700.00,100 גרם,false,,59.90,0.0856,true,1,1305733
7290011447359,false,תחליף חלב מטרנה מהדרין שלב 1 חלבי 700 גרם,קבוצת אוסם סחר שותפות מוגבלת,IL,מטרנה מהדרין שלב 1 700 גר,גרמים,700.00,100 גרם,false,,59.90,0.0856,true,1,1305736
7290011447373,false,תחליף חלב מטרנה מהדרין שלב 2 חלבי 700 גרם,קבוצת אוסם סחר שותפות מוגבלת,IL,תרכובת מזון המשך לתינוקות,גרמים,700.00,100 גרם,false,,59.90,0.0856,true,1,1305737
7290011473051,false,קוואקר עבה אורגני 500 גרם,גורי מוצרי צריכה (1991) בעמ,,קוואקר עבה אורגני 50,גרמים,500.00,100 גרם,false,,10.90,0.0218,true,1,1358909
7290011473068,false,אורז פרא מעורב אורגני 500 גרם,גורי מוצרי צריכה בעמ,,אורז פרא מעורב אורגנ,גרמים,500.00,100 גרם,false,,15.90,0.0318,true,1,1358910
7290011473082,false,אורז בסמטי מלא אורגני 500 גר,תבואות,,אורז בשמתי מלא אורגנ,גרמים,500.00,100 גרם,false,,12.90,0.0258,true,1,1358911
7290011473129,false,גרעיני חמניות קלוף אורגני 300 גרם,גורי מוצרי צריכה בעמ,,חמניות קלופות אורגני,גרמים,300.00,100 גרם,false,,9.90,0.0330,true,1,1358913
7290011473136,false,גרעיני דלעת קלוף אורגני 300 גרם,גורי מוצרי צריכה (1991) בעמ,,דלעת קלופה אורגני 30,גרמים,300.00,100 גרם,false,,19.90,0.0663,true,1,1358914
7290011473150,false,שומשום מלא אורגני 400 גרם,תבואות,,שומשום מלא אורגני 40,גרמים,400.00,100 גרם,false,,12.90,0.0323,true,1,1358916
7290011473181,false,עדשים שחורים אורגני 500 גרם תבאות,גורי מוצרי צריכה (1991) בעמ,,עדש שחור אורגני 500,גרמים,500.00,100 גרם,false,,14.90,0.0298,true,1,1358918
7290011473198,false,עדשים חומים אורגני 500 גרם,,,עדש חום אורגני 500 ג,גרמים,500.00,100 גרם,false,,12.90,0.0258,true,1,1358919
7290011473211,false,"עדשים אדומים אורגני 500 גרם ""תבואות""",גורי מוצרי צריכה (1991) בעמ,,עדש אדום אורגני 500,גרמים,500.00,100 גרם,false,,12.90,0.0258,true,1,1358921
7290011473228,false,אפונה ירוקה אורגנית 500 גרם,תבואות,,אפונה ירוקה אורגנית,גרמים,500.00,100 גרם,false,,10.90,0.0218,true,1,1358922
7290011473242,false,פשתן זרעים אורגני 500 גרם,גורי מוצרי צריכה (1991) בעמ,,פשתן זרעים אורגני 50,גרמים,500.00,100 גרם,false,,9.90,0.0198,true,1,1358924
7290011473259,false,פשתן טחון אורגני 350 גרם,תבואות,,פשתן טחון אורגני 350,גרמים,350.00,100 גרם,false,,10.90,0.0311,true,1,1358925
7290011473273,false,בורגול מלא אורגני 500ג,גורי מוצרי צריכה בעמ,,בורגול מלא אורגני 50,גרמים,500.00,100 גרם,false,,9.90,0.0198,true,1,1358927
7290011473280,false,חומוס אורגני תבואות,גורי מוצרי צריכה (1991) בעמ,,חומוס אורגני 500 גרם,גרמים,500.00,100 גרם,false,,9.90,0.0198,true,1,1358928
7290011473297,false,גריסי פנינה אורגנים 500 גרם,גורי מוצרי צריכה בעמ,,גריסי פנינה אורגני 5,גרמים,500.00,100 גרם,false,,9.90,0.0198,true,1,1358929
7290011473310,false,פולי אזוקי אורגני 500 גרם,תבואות,,אזוקי אורגני 500 גרם,גרמים,500.00,100 גרם,false,,12.90,0.0258,true,1,1358930
7290011473334,false,שעועית לבנה אורגנית 500 גרם,גורי מוצרי צריכה בעמ,,שעועית לבנה אורגנית,גרמים,500.00,100 גרם,false,,9.90,0.0198,true,1,1358931
7290011473341,false,שעועית אדומה 500 גרם תבואות,תבואות,,שעועית אדומה אורגנית,גרמים,500.00,100 גרם,false,,11.90,0.0238,true,1,1401075
7290011473365,false,תבואות דוחן אורגני,תבואות,,דוחן אורגני 500 גרם,גרמים,500.00,100 גרם,false,,9.90,0.0198,true,1,1358933
7290011473372,false,אבקת חרובים אורגני 500 גרם,,,אבקת חרוב אורגנית 40,גרמים,400.00,100 גרם,false,,15.90,0.0398,true,1,1401227
7290011473396,false,חיטת כוסמין אורגנית 500 גרם תבואות,תבואות,,חיטת כוסמין אורגנית,גרמים,500.00,100 גרם,false,,9.90,0.0198,true,1,1358934
7290011473426,false,גרגרי שיפון אורגני 500 גרם תבואות,,,גרגרי שיפון אורגני 5,גרמים,500.00,100 גרם,false,,9.90,0.0198,true,1,1358935
7290011473440,false,גרעיני שיבולת שועל אורגני 500 גרם תבואות,תבואות,,גריסי שיבולת שועל או,גרמים,500.00,100 גרם,false,,9.90,0.0198,true,1,1358937
7290011473464,false,סובין שיבולת שועל אורגנית,תבואות,,סובין ש.שועל אורגני,גרמים,400.00,100 גרם,false,,10.90,0.0273,true,1,1358938
7290011473471,false,אורז בסמטי לבן אורגני 500 גרם,תבואות,,אורז בשמתי לבן אורגנ,גרמים,500.00,100 גרם,false,,12.90,0.0258,true,1,1358939
7290011473488,false,קמח אורז מלא טבעי 500 גר,תבואות,,קמח אורז מלא טבעי 50,גרמים,500.00,100 גרם,false,,9.90,0.0198,true,1,1358940
7290011473495,false,שמרי בירה-פתיתים טבעי 200 גר,תבואות,,שמרי בירה פתיתים טבע,גרמים,200.00,100 גרם,false,,24.90,0.1245,true,1,1434000
7290011473525,false,אורז בר שחור טבעי 40,תבואות,,אורז בר טבעי 400 גרם,גרמים,400.00,100 גרם,false,,27.90,0.0697,true,1,1358941
7290011473532,false,סוכר ענבים טבעי 500,תבואות,,סוכר ענבים טבעי 500,גרמים,500.00,100 גרם,false,,9.90,0.0198,true,1,1358942
7290011473556,false,סוכר פירות טבעי 500 גרם תבואות,תבואות,,סוכר פירות טבעי 500,גרמים,500.00,100 גרם,false,,12.90,0.0258,true,1,1358943
7290011473563,false,פולי קקאו שלמים אורגני 200 גרם,תבואות,,פולי קקאו שלמים אורג,גרמים,200.00,100 גרם,false,,27.90,0.1395,true,1,1434001
7290011473570,false,קמח חומוס טבעי תבואות 500 גרם אורגני,גורי מוצרי צריכה (1991) בעמ,,קמח חומוס טבעי 500 ג,גרמים,500.00,100 גרם,false,,12.90,0.0258,true,1,1358944
7290011473587,false,נבט חיטה טבעי 250 גר,תבואות,,נבט חיטה טבעי 250 גר,גרמים,250.00,100 גרם,false,,6.90,0.0276,true,1,1358945
7290011473648,false,סוכר דמררה תבואות 1 קג אורגני,גורי מוצרי צריכה (1991) בעמ,,סוכר דמררה אורגני 1,גרמים,1000.00,100 גרם,false,,14.90,0.0149,true,1,1358947
7290011473655,false,סוכר קנים אורגני 1 קילו,גורי מוצרי צריכה (1991) בעמ,,סוכר קנים אורגני 1 ק,גרמים,1000.00,100 גרם,false,,10.90,0.0109,true,1,1358948
7290011473860,false,שמרי בירה-אבקה טבעי 250 גר,תבואות,,שמרי בירה אבקה טבעית,גרמים,250.00,100 גרם,false,,24.90,0.0996,true,1,1434003
7290011473907,false,סובין חיטה טבעי 200 גרם,תבואות,,סובין חיטה טבעי 200,גרמים,200.00,100 גרם,false,,4.90,0.0245,true,1,1358952
7290011473921,false,סובין שיבולת שועל טבעי 500 גרם,תבואות,,סובין ש.שועל טבעי 50,גרמים,500.00,100 גרם,false,,14.90,0.0298,true,1,1358953
7290011473983,false,תערובת קטניות אורגני500ג,תבואות,,קדרה אורגנית 500 גרם,גרמים,500.00,100 גרם,false,,14.90,0.0298,true,1,1358955
7290011474010,false,"קמח כוסמין לבן טבעי 1 ק""ג תבואות",תבואות,,קמח כוסמין לבן טבעי,קילוגרמים,1.00,"ק""ג",false,,19.90,19.9000,true,1,1401228
7290011474058,false,ספגטי כוסמין מלא אורגני 500 ג',גורי מוצרי צריכה (1991) בעמ,,ספגטי כוסמין אורגני,גרמים,500.00,100 גרם,false,,18.90,0.0378,true,1,1358958
7290011474072,false,פוזילי כוסמין אורגני 500 גר,תבואות,,פוזילי כוסמין אורגני,גרמים,500.00,100 גרם,false,,19.90,0.0398,true,1,1358959
7290011474133,false,תערובת למגדרה אורגנית 500 גרם,גורי מוצרי צריכה בעמ,,מג'דרה אורגנית 500 ג,גרמים,500.00,100 גרם,false,,14.90,0.0298,true,1,1358960
7290011474256,false,מלח הימליה גס שקית 1 קילו תבואות,גורי מוצרי צריכה (1991) בעמ,,"הימליה גס שקית 1 ק""ג",גרמים,1000.00,100 גרם,false,,19.90,0.0199,true,1,1485762
7290011474331,false,"קמח כוסמין מלא טבעי 1 ק""ג תבואות",תבואות,,קמח כוסמין מלא טבעי,קילוגרמים,1.00,"ק""ג",false,,15.90,15.9000,true,1,1401230
7290011474362,false,קמח עדשים תבואות 500 גרם אורגני,גורי מוצרי צריכה (1991) בעמ,,קמח עדשים אורגניות 5,גרמים,500.00,100 גרם,false,,15.90,0.0318,true,1,1401231
7290011474379,false,קמח כוסמת תבואות 500 גרם,תבואות,,קמח כוסמת טבעי 500 ג,גרמים,500.00,100 גרם,false,,12.90,0.0258,true,1,1358961
7290011474386,false,קוואקר דק אורגני 500 גרם,גורי מוצרי צריכה (1991) בעמ,,קוואקר אורגני דק 500,גרמים,500.00,100 גרם,false,,10.90,0.0218,true,1,1358962
7290011474454,false,שעועית MIX אורגני 500 גרם תבואות,תבואות,,מיקס שעועית אורגני 5,גרמים,500.00,100 גרם,false,,12.90,0.0258,true,1,1358964
7290011474577,false,פולי קקאו גרוס נא אורגני 200 גרם,תבואות,,פולי קקאו גרוס אורגנ,גרמים,200.00,100 גרם,false,,29.90,0.1495,true,1,1434004
7290011474591,false,פנה כוסמין מלא תבואות אורגני 500 גרם,גורי מוצרי צריכה (1991) בעמ,,פנה כוסמין מלא אורגנ,גרמים,500.00,100 גרם,false,,19.90,0.0398,true,1,1358966
7290011474898,false,סוכר קוקוס תבואות 300 גרם אורגני,גורי מוצרי צריכה (1991) בעמ,,סוכר קוקוס אורגני 30,גרמים,300.00,100 גרם,false,,15.90,0.0530,true,1,1401081
7290011482053,false,תמצית מי זהר (נרולי),לבריאות,IL,תמצית מי זהר (נרולי),מיליליטרים,30.00,"100 מ""ל",false,,29.90,0.9967,true,1,1363903
7290011489595,false,קרקר טופז שומשום 110 גרם הדר*,ח.כהן סוכנות מזון ומשקאות בע,IL,קרקר טופז שומשום 24/0.110,גרמים,110.00,100 גרם,false,,2.90,0.0264,true,1,1348147
7290011489601,false,קרקר טופז טעם בצל 110 גר,אפיפית נצרת,IL,קרקר טופז בצל 24/0.110 הד,גרמים,110.00,100 גרם,false,,2.90,0.0264,true,1,1348148
7290011489625,false,פתי בר ביסקויט בטעם שוקו,אפיפית נצרת,IL,ביסקויט תה ביסקויט שוקו 2,גרמים,110.00,100 גרם,false,,3.90,0.0355,true,1,1348150
7290011489700,false,פירורי ביסקוויט בטעם שוקו 300 ג`הדר,ח.כהן סוכנות מזון ומשקאות בע,IL,פירורי בסקויט בטעם שוקו,גרמים,300.00,100 גרם,false,,5.90,0.0197,true,1,1348156
7290011499051,false,פטה כבשים מסורתית 20% בגביע 250 גרם - רובין,מחלבות גד שיווק 1992 בעמ,IL,פטה כבשים 20% בגביע 250 ג,גרמים,250.00,100 גרם,false,,23.90,0.0956,true,1,1327918
7290011499105,false,בולגרית מסורתית 5% 250 גרם -רבנות,מחלבות גד שיווק 1992 בעמ,IL,בולגרית גביע 250 גרם 5%,גרמים,250.00,100 גרם,false,,21.90,0.0876,true,1,1327919
7290011499112,false,בולגרית מסורתית 16% 250 גרם - רבנות,מחלבות גד שיווק 1992 בעמ,IL,בולגרית גביע 250 גרם 16%,גרמים,250.00,100 גרם,false,,21.90,0.0876,true,1,1327920
7290011499129,false,גבינה בולגרית מעודנת קוביות קטנות 5% גד 200 גרם,מחלבות גד שיווק 1992 בעמ,IL,קוביות בולגרית מעודנת 200,גרמים,200.00,100 גרם,false,,19.90,0.0995,true,1,1327921
7290011499303,false,פטה עיזים מעודנת 5% בגביע 250 גרם - רבנות,מחלבות גד שיווק 1992 בעמ,IL,בולגרית מעודנת עזים 5% 25,גרמים,250.00,100 גרם,false,,29.90,0.1196,true,1,1327926
7290011499327,false,גבינה בולגרית מעודנת 5% 250 גרם - רבנות,מחלבות גד שיווק 1992 בעמ,IL,בולגרית מעודנת 250 גרם 5%,גרמים,250.00,100 גרם,false,,21.90,0.0876,true,1,1327928
7290011499341,false,גבינת קשקבל ארוז 26 אחוז 250גרם גד,מחלבות גד שיווק 1992 בעמ,IL,קשקבל 250 גרם,גרמים,200.00,100 גרם,false,,25.90,0.1295,true,1,1327930
7290011499358,false,פטה עיזים מסורתית 20% בגביע 200 גרם - רובין,מחלבות גד שיווק 1992 בעמ,IL,פטה עיזים 20% בשקית 200 ג,גרמים,200.00,100 גרם,false,,24.90,0.1245,true,1,1327931
7290011499365,false,גבינת חלומי 24% מחלב בקר גד (200 גרם),מחלבות גד שיווק 1992 בעמ,IL,"חלומי 200 גרם בד""ץ",גרמים,200.00,100 גרם,false,,19.90,0.0995,true,1,1327932
7290011499419,false,גבינה במרקם שמנת בטעם טבעי 5% ניו יורק,מחלבות גד שיווק 1992 בעמ,IL,גבינת שמנת NEY YORK לייט,גרמים,200.00,100 גרם,false,,12.90,0.0645,true,1,1327934
7290011499525,false,גבינת לאבנה דרוזית 9% גד 500 גרם,מחלבות גד שיווק 1992 בעמ,IL,לאבנה דרוזית 9% 500 גרם,גרמים,500.00,100 גרם,false,,18.90,0.0378,true,1,1327938
7290011499624,false,שמנת 30% ניו יורק טבעי 200 גרם רבנות,מחלבות גד שיווק 1992 בעמ,IL,גבינת שמנת NEY YORK טבעי,גרמים,200.00,100 גרם,false,,12.90,0.0645,true,1,1327940
7290011499686,false,גבינה צפתית במליחות מעודנת 5% גד 350 גרם,מחלבות גד שיווק 1992 בעמ,IL,"צפתית 5% מיני 350 גרם בד""",גרמים,350.00,100 גרם,false,,19.90,0.0569,true,1,1327944
7290011499723,false,בולגרית פרוסות 5% 250 גרם מהדרין-רובין,גבינות מדף,IL,בולגרית פרוסות 5% 250 גרם,גרמים,250.00,100 גרם,false,,25.90,0.1036,true,1,1327947
7290011499730,false,בולגרית מסורתית 5% גביע 250 גרם מהדרין - רובין,גבינות מדף,IL,בולגרית גביע 250 גרם 5% ב,גרמים,250.00,100 גרם,false,,19.90,0.0796,true,1,1327948
7290011499822,false,בולגרית מעודנת 5% 250 גרם מהדרין - רובין,מחלבות גד שיווק 1992 בעמ,IL,בולגרית מעודנת גביע 250 ג,גרמים,250.00,100 גרם,false,,19.90,0.0796,true,1,1327951
7290011499846,false,גבינת ריקוטה פרסקה 9% גד (300 גרם),מחלבות גד שיווק 1992 בעמ,IL,גביע ריקוטה פרסקה 9% 300,גרמים,300.00,100 גרם,false,,16.90,0.0563,true,1,1327952
7290011499853,false,שמנת 30% ניו יורק זיתים מחלבות גד,מחלבות גד שיווק 1992 בעמ,IL,גבינת שמנת NEY YORK זיתים,גרמים,200.00,100 גרם,false,,12.90,0.0645,true,1,1327953
7290011501617,false,חמוציות ברכז תפוחים ללא תוספת סוכר 250 גרם,דין שיווק וקליה 2021 בעמ,,חמוציות ברכז תפוחים,גרמים,250.00,100 גרם,false,,12.90,0.0516,true,1,1327562
7290011501686,false,גרעיני אבטיח קלויים,דין שיווק,,גרעיני אבטיח קלויים,גרמים,250.00,100 גרם,false,,16.90,0.0676,true,1,1327564
7290011501716,false,שקד טבעי 250 גרם,דין שיווק,,שקד טבעי 250 גרם,גרמים,250.00,100 גרם,false,,24.90,0.0996,true,1,1327565
7290011501723,false,תערובת פיצוחים 250 ג,דין שיווק,,תערובת פיצוחים 250 ג,גרמים,250.00,100 גרם,false,,19.90,0.0796,true,1,1327566
7290011501747,false,חמוציות מסוכרות,דין שיווק,,חמוציות 300 גרם,גרמים,300.00,100 גרם,false,,9.90,0.0330,true,1,1327567
7290011502850,false,דלישס מיזלי עם פירות 500גר,"דין שיווק וקלייה בע""",,גרנולה מוזלי פירות 5,גרמים,500.00,100 גרם,false,,12.90,0.0258,true,1,1327568
7290011502867,false,גרנולה אגוזים בשקית שקדיה 500 גרם,"דין שיווק וקלייה בע""",,גרנולה אגוזים 500 גר,גרמים,500.00,100 גרם,false,,12.90,0.0258,true,1,1327569
7290011502874,false,דלישס גרנולה עם פירות יבשים 500גר,"דין שיווק וקלייה בע""",,גרנולה פירות 500 גרם,גרמים,500.00,100 גרם,false,,12.90,0.0258,true,1,1327570
7290011505004,false,נובי5299 כפית ומזלג מעוצבים,,,סט סכום לתינוק מעוצב,2 יח',2.00,2 יח',false,,19.90,9.9500,true,1,1322225
7290011505455,false,נובי מוצץ פלקס דובדב,,,מוצץ פלקס נובי,יחידה,0.00,יחידה,false,,27.90,0.0000,true,1,1390233
7290011505509,false,מזלגות מהודר עבה במי,הוסטס,,מזלג מהודר 50 יח' עב,יח',50.00,יח',false,,10.90,0.2180,true,1,1322251
7290011505561,false,סינר ויניל עם כיס נובי,LTD E.L.CO,,סינר ויניל עם כיס,יח',1.00,יח',false,,29.90,29.9000,true,1,1322255
7290011505608,false,"בקבוק נובי טבעי מצויר 180מ""ל שלב 1",אינטרסן (1996) בעמ,,בקבוק נובי,יחידה,0.00,יחידה,false,,39.90,0.0000,true,1,1322257
7290011505707,false,"בקבוק 250מ""ל פיה רחבה ללא ביספנול",אינטרסן (1996) בעמ,,בקבוק לתינוק פיה רחב,יחידה,0.00,יחידה,false,,23.90,0.0000,true,1,1322264
7290011505769,false,צימרוני אוזניים מפלסטיק 200 יח'* רביעיה,קוטון סופט Cotton soft,,צימרוני אוזנים מפלסט,יח',800.00,יח',false,,12.90,0.0161,true,1,1322266
7290011505790,false,צימרוני אוזניים מפלסטיק בחבית 500 יח`,קוטון סופט Cotton soft,,צימרוני אוזניים מפלס,יח',500.00,יח',false,,8.90,0.0178,true,1,1322267
7290011505806,false,קיסמי שיניים דנטאליים מפלסטיק 200 יחידות בחבית,אינטרסן (1996) בעמ,,קיסמי שיניים דנטאליי,יח',200.00,יח',false,,8.90,0.0445,true,1,1322268
7290011515683,false,מאגדת טילון אקסטרים וניל נסטלה 6 יחידות,נגה גלידות שותפות מוגבלת,IL,אקסטרים וניל 6 יח’,גרמים,432.00,100 גרם,false,,32.90,0.0762,true,1,1329757
7290011515911,false,שלגוני לייט ריבת חלב עם סירופ 6*52 גרם,נגה גלידות שותפות מוגבלת,IL,לייט ריבת חלב 6 יח’,גרמים,312.00,100 גרם,false,,29.90,0.0958,true,1,1329758
7290011517571,false,רוז לאב ליין דאו.ספריי 48 ללא אלומיניום,חלאבין Halvin,,דאודורנט ספריי,מיליליטרים,275.00,"100 מ""ל",false,,19.90,0.0724,true,1,1327746
7290011517588,false,LL-R נצנצים קרם גוף 275 מל',חלאבין,,קרם גוף,מיליליטרים,275.00,"100 מ""ל",false,,34.90,0.1269,true,1,1327747
7290011518561,false,"אקטימל תות 1.51 ק""ג מארז 14 יחידות",שטראוס גרופ בעמ/מצונן,IL,אקטימל 14 תות,גרמים,1512.00,100 גרם,false,,31.50,0.0208,true,1,1341917
7290011522605,false,"גלייז מעצב שיער לתלתלים 400 מ""ל",ג'נרל מילס סאן אדריא,IL,גלייז לשיער כחול,מיליליטרים,400.00,"100 מ""ל",false,,24.90,0.0622,true,1,1346509
7290011524104,false,ריבה מעורבת ויטה,פרי הגליל,IL,ריבה מעורבת 680ויטה,גרמים,680.00,100 גרם,false,,9.90,0.0146,true,1,1347412
7290011524524,false,4 יח' טונה בשמן זית,,,4 יח' טונה בשמן זית,גרמים,560.00,100 גרם,false,,29.90,0.0534,true,1,2305935
7290011524548,false,גרגרי חומוס מוקפאים 800 גר`פרי גליל,ויטה- פרי גליל (החדשה) בעמ,IL,חומוס 800פג,גרמים,800.00,100 גרם,false,,14.90,0.0186,true,1,1347420
7290011524555,false,שעועית לבנה מבושלת קפוא 800 גר`פרי גליל,ויטה פרי גליל (החדשה) בע`מ,IL,שע.לבנה 800פג,גרמים,800.00,100 גרם,false,,14.90,0.0186,true,1,1347421
7290011524968,false,פולי סויה מוקפאים Green & Fresh,ויטה-פרי גליל (החדשה) בעמ,IL,פולי סויה 1קג פג,קילוגרמים,1.00,"ק""ג",false,,14.90,14.9000,true,1,1347430
7290011525316,false,"ד""ר פישר - קמיל בלו סנסיטיב תחליב לתינוק שיבולת 500 מ""ל",פישר תעשיות פרמצבטיות בעמ,IL,קמיל בלו סנסיטיב תחליב לת,מיליליטרים,500.00,"100 מ""ל",false,,29.90,0.0598,true,1,1351867
7290011525323,false,אל סבון טיפולי לתינוק קמיל בלו סנסטיב שיבולת שועל,פישר תעשיות פרמבצטיות בעמ,IL,קמיל בלו סנסיטיב אל סבון,מיליליטרים,500.00,"100 מ""ל",false,,19.90,0.0398,true,1,1351868
7290011525712,false,"קמיל בלו אל סבון סנסיטיב לפני השינה ד""ר פישר 1 ליטר","פישר תעשיות פרמצביטות בע""מ",IL,קמיל בלו סנסיטיב אל סבון,ליטרים,1.00,ליטר,false,,24.90,24.9000,true,1,1351871
7290011525729,false,שמפו לתינוק קמיל בלו סנסטיב לפני השינה עם לבנדר וקמומיל,"פישר תעשיות פרמצביטות בע""מ",IL,קמיל בלו סנסיטיב שמפו לפנ,ליטרים,1.00,ליטר,false,,24.90,24.9000,true,1,1351872
7290011570132,false,"קמח ללא גלוטן גלעם 1 ק""ג-",תומר יבוא ושיווק מוצרי מזון (1,,קמח ללא גלוטן,קילוגרמים,1.00,"ק""ג",false,,18.90,18.9000,true,1,1339670
7290011570644,false,קמח רב תכליתי ללא גלוטן אשבל 450 גרם,תומר יבוא ושיווק מוצרי מזון (1,,קמח ללא גלוטן,גרמים,500.00,100 גרם,false,,16.90,0.0338,true,1,1339672
7290011570781,false,"קמח כרגיל ללא גלוטן בטעם וניל אשבל 1 ק""ג",תומר יבוא ושיווק מוצרי מזון (1,,תערובת להכנת עוגה בט,גרמים,450.00,100 גרם,false,,19.90,0.0442,true,1,1463837
7290011570798,false,"קמח כרגיל ללא גלוטן בטעם שוקולד אשבל 1 ק""ג",תומר ייבוא ושיווק מוצרי מזון [,,תערובת להכנת עוגה בט,גרמים,450.00,100 גרם,false,,19.90,0.0442,true,1,1463838
7290011575007,false,"הפי מרסס שומר ברק למקלחון 750 מ""ל","יעקב יעקבי ובניו בע""מ",DE,הפי למקלחון - מסיר אבנית-,מיליליטרים,750.00,"100 מ""ל",false,,14.90,0.0199,true,1,1325612
7290011575250,false,מברשת הפי מבריק וצובע נעליים שחור יעקבי,יעקב יעקבי ובניו בעמ,ES,הפי מבריק נעלים שקוף 8548,יחידה,0.00,יחידה,false,,9.90,0.0000,true,1,1325617
7290011575809,false,"הגרטי תרסיס לניקוי כלי כסף יעקבי 200 מ""ל",יעקב יעקבי ובניו בעמ,NL,הפי נוצץ-ספרי הגרטי,מיליליטרים,200.00,"200 מ""ל",false,,29.90,0.1495,true,1,1325622
7290011587444,false,מוזלי קראנצי בתוספת פירות ויטליה 600 גרם,תומר יבוא ושיווק מוצרי מזון (1,,מוזלי 600 גרם קראהצי,גרמים,600.00,100 גרם,false,,14.90,0.0248,true,1,1339680
7290011587468,false,מוזלי קראנצי בתוספת אגוזים ויטליה 600 גרם,תומר ייבוא ושיווק מוצרי מזון [,,מוזלי 600 גרם קראהצי,גרמים,600.00,100 גרם,false,,14.90,0.0248,true,1,1339682
7290011587598,false,פילה אנשובי בשמן תומר (45 גרם),תומר ייבוא ושיווק מוצרי מזון [,,אנשובי 45 גרם,גרמים,45.00,100 גרם,false,,4.90,0.1089,true,1,1473371
7290011587635,false,מקרל מרוקאי ברוטב עגבניות 125 גר,תומר ייבוא ושיווק מוצרי מזון [,,מקרל מרוקאי ברוטב עג,גרמים,125.00,100 גרם,false,,5.90,0.0472,true,1,1339686
7290011587642,false,מקרל עם פלפל חריף בשמן חמניות,תומר ייבוא ושיווק מוצרי מזון [,,מקרל מרוקאי חריף,גרמים,125.00,100 גרם,false,,5.90,0.0472,true,1,1339687
7290011587697,false,ממרח עגבניות מיובשות פסטו תומר 340 ג',תומר יבוא ושיווק מוצרי מזון (1,,ממרח עגבניות 360 גרם,גרמים,360.00,100 גרם,false,,12.90,0.0358,true,1,1339688
7290011587703,false,ממרח עגבניות מיובשות פיקנטי תומר 360 גרם,תומר יבוא ושיווק מוצרי מזון (1,,ממרח עגבניות חריף 36,גרמים,360.00,100 גרם,false,,12.90,0.0358,true,1,1339689
7290011587710,false,צלפים במי מלח תומר 350 גרם,תומר יבוא ושיווק מוצרי מזון (1,,צנצנת צלפים 350 גרם,גרמים,350.00,100 גרם,false,,8.90,0.0254,true,1,1870196
7290011587833,false,חצאי עגבניות מיובשות מתובלות בשמן חמניות ועשבי תיבול,תומר ייבוא ושיווק מוצרי מזון [,,עגבניות מיובשות בשמן,גרמים,340.00,100 גרם,false,,12.90,0.0379,true,1,1339692
7290011587840,false,עגבניות מיובשות קצוצות 340 גר`,תומר ייבוא ושיווק מוצרי מזון [,,עגבניות קצוצות בשמן,גרמים,370.00,100 גרם,false,,12.90,0.0349,true,1,1339693
7290011587857,false,עגבניות מיובשות בשמן חמניות ועשבי תיבול,סנטו דידה סאן,,עגבניות מיובשות 250,גרמים,250.00,100 גרם,false,,9.90,0.0396,true,1,1339694
7290011593087,false,"שמן זית כתית מעולה 750 מ""ל סבא חביב",בני פאוזי שמשום (2009) בעמ,,שמן זית כתית מעולה 7,מיליליטרים,750.00,"100 מ""ל",false,,29.90,0.0399,true,1,1352760
7290011598211,false,"סנו - אנטי קאלק מרסס ניקוי כללי 4 ב-1 700 מ""ל",החברה הדרומית לשיווק בעמ,IL,סנו אנטי קאלק נ.כללי700מ,מיליליטרים,700.00,"100 מ""ל",false,,18.90,0.0270,true,1,1319906
7290011598259,false,"פרש מטהר אוויר אוטומטי בניחוח מאסק סנו 250 מ""ל",החברה הדרומית לשיווק בעמ,,מטהר אוויר פרש אוטומ,מיליליטרים,250.00,"100 מ""ל",false,,12.90,0.0516,true,1,1319907
7290011598365,false,רביעיית מטליות מיקרופייבר מקצועיות סנו סושי,החב הדרומית לשיווק,,ארבע מטליות מיקורופי,יח',4.00,יח',false,,19.90,4.9750,true,1,1319908
7290011598372,false,"מטלית מקצועית לריצפה פרופישיונל ""סנו סושי""",החברה הדרומית לשיווק בעמ,CN,מטלית רצפה פרופשיונל,יח',1.00,יח',false,,10.90,10.9000,true,1,1319909
7290011607098,false,ביק מחק ללוח מחיק,,,ביק מחק ללוח מחיק,יחידה,0.00,יחידה,false,,4.90,0.0000,true,1,2236420
7290011607180,false,"אבקת כביסה קולון 101 1.25 ק""ג",רקיט בנקיזר (ניר איסט) בעמ,IL,קולון 101 1.25,קילוגרמים,1.25,"ק""ג",false,,19.90,15.9200,true,1,1309389
7290011615260,false,"טורטייה 20 ס""מ קוטר וילי פוד 540 גר",ג.וילי פוד אינטרנשיונל בעמ,TR,טורטייה ( 20ס'מ קוטר) 540,גרמים,540.00,100 גרם,false,,7.90,0.0146,true,1,1308861
7290011615406,false,בולגרית בקוביות בשמן ותבלינים הבולגריה 325 ג' קוליוס,ג.וילי פוד אינטרנשיונל בעמ,GR,הבולגריה בקוביות (בשמן ות,גרמים,325.00,100 גרם,false,,12.90,0.0397,true,1,1308864
7290011618025,false,בייבי ביס הוט קידס נגיסי אורז לתינוק,גואנז'ו יונג וואנט פ,CN,נגיסי אורז לתינוקות בטעם,גרמים,50.00,100 גרם,false,,11.90,0.2380,true,1,1353331
7290011618124,false,נגיסי אורז לתינוקות בטעם ירקות,גואנז'ו יונג וואנט פ,CN,נגיסי אורז לתינוקות בטעם,גרמים,50.00,100 גרם,false,,11.90,0.2380,true,1,1353335
7290011622428,false,כתמטמינים-חטיף בריאות לתינוקות וילדים 45 ג',גורי מוצרי צריכה (1991) בעמ,IL,'כתמטמינים 45גר,גרמים,45.00,100 גרם,false,,5.90,0.1311,true,1,1309196
7290011622442,false,טבעונים - חטיף טבעות דגנים מלאים בטעם טבעי 45 גרם,הארט Heart,IL,טבעונים טבעות דגנים מלאים,גרמים,45.00,100 גרם,false,,5.90,0.1311,true,1,1309197
7290011622664,false,כתמטמינים - חטיף אצבעות טחינה אורז ותירס 45 גרם,גורי מוצרי צריכה בעמ,,כתמטמינים טחינה 45 ג,גרמים,45.00,100 גרם,false,,5.90,0.1311,true,1,1744580
7290011622756,false,ביסקוויטמינים פלוס בטעם שוקולד 150 גרם,גורי מוצרי צריכה בעמ,,ביסקווטמינים פלוס שו,גרמים,150.00,100 גרם,false,,14.90,0.0993,true,1,2321032
7290011644000,false,מקלות תירס ממותקים 80 גרם,סנקי,,"""סנקי"" חטיף תירס מקל",גרמים,80.00,100 גרם,false,,3.90,0.0487,true,1,2327210
7290011668136,false,מסיכה לשיער מחליקה 1 ליטר פנינה רוזנבלום,פנינה רוזנבלום בעמ,IL,מסיכה מחליקה,מיליליטרים,1000.00,"100 מ""ל",false,,29.90,0.0299,true,1,1348047
7290011668143,false,מסיכה משקמת ומטפחת לשיער צבוע ופגום,פנינה רוזנבלום בעמ,IL,מסיכה משקמת,מיליליטרים,1000.00,"100 מ""ל",false,,29.90,0.0299,true,1,1348048
7290011668327,false,תרחיץ לפנים מלפפונים,א.ארמן,IL,תרחיץ לפנים מלפפונים,מיליליטרים,150.00,"100 מ""ל",false,,19.90,0.1327,true,1,1348054
7290011668419,false,"שמפו אובלפיחה לשיער רגיל 750 מ""ל פנינה רוזנבלום","פנינה רוזנבלום בע""מ",IL,שמפו אובלי יומי,מיליליטרים,750.00,"100 מ""ל",false,,12.90,0.0172,true,1,1348061
7290011668457,false,"שמפו שמן זית לשיער גלי 750 מ""ל פנינה רוזנבלום","פנינה רוזנבלום בע""מ",IL,שמפו שמן זית,מיליליטרים,750.00,"100 מ""ל",false,,12.90,0.0172,true,1,1348065
7290011668471,false,"שמפו רימונים לשיער דק 750 מ""ל פנינה רוזנבלום","פנינה רוזנבלום בע""מ",IL,שמפו רימונים,מיליליטרים,750.00,"100 מ""ל",false,,12.90,0.0172,true,1,1348067
7290011668570,false,בריא מהטבע גרנולה פירות יבשים 450 גרם פנינה רוזנבלום,בריא מהטבע פנינה רוזנבלום,IL,גרנולה פירות יבשים,גרמים,450.00,100 גרם,false,,22.90,0.0509,true,1,1348072
7290011668587,false,בריא מהטבע גרנולה בטעם עשיר 500 גרם פנינה רוזנבלום,בריא מהטבע פנינה רוזנבלום,IL,גרנולה טעם עשיר.,גרמים,500.00,100 גרם,false,,22.90,0.0458,true,1,1348073
7290011668594,false,בריא מהטבע תוספת בריאה לסלט 550 גרם פנינה רוזנבלום,בריא מהטבע פנינה רוזנבלום,IL,תוספת בריאה לסלט.,גרמים,550.00,100 גרם,false,,29.90,0.0544,true,1,1348074
7290011688820,false,מיקס פירות טרופיים 5,,,מיקס פירות טרופיים 5,גרמים,500.00,100 גרם,false,,19.90,0.0398,true,1,2329309
7290011695439,false,"רוטב סויה 295 מ""ל",BAAECO,,רוטב סויה,מיליליטרים,300.00,"100 מ""ל",false,,8.90,0.0297,true,1,1329672
7290011695545,false,אלפא אטבים איכותיים 55 יח`,נאמן לאורך זמן בעמ,,אטבים איכותיים אלפא,יח',55.00,יח',false,,8.90,0.1618,true,1,1329673
7290011695552,false,אטבים איכותים כחול לבן 10 יח`,נאמן לאורך זמן בעמ,,אטבי סיליקון איכותיי,יח',10.00,יח',false,,5.90,0.5900,true,1,1329674
7290011695651,false,צנימים עגולים 300 גרם נאמן,נאמן לאורך זמן בעמ,,צנימים עגולים.,גרמים,300.00,100 גרם,false,,11.90,0.0397,true,1,1329675
7290011695705,false,חמאת בוטנים קרמי נאמ,QINGDAO OKAY FOOD,,חמאת בוטנים קרמי אדו,גרמים,340.00,100 גרם,false,,6.90,0.0203,true,1,1329676
7290011695712,false,חמאת בוטנים עם שברי 510 ג' NEEMAN,SUPER NUTRI,,חמאת בוטנים קרמי אדו,גרמים,510.00,100 גרם,false,,9.90,0.0194,true,1,1329677
7290011695866,false,דפים למייבש אלפא 40,,,דפים למייבש,יחידה,40.00,יחידה,false,,9.90,0.2475,true,1,1329678
7290011695958,false,"חומץ תפוחים נאמן 750 מ""ל",נאמן לאורך זמן בעמ,,חומץ תפוחים,מיליליטרים,750.00,"100 מ""ל",false,,12.90,0.0172,true,1,1329679
7290011695972,false,טוסטים מלבנים בטעמים 100 גרם,נאמן לאורך זמן בעמ,,טוסטים טעימים.,גרמים,100.00,100 גרם,false,,7.90,0.0790,true,1,1329680
7290011723101,false,טחינה הר ברכה 1 ליטר,רזיט שיווק בעמ,,"טחינה הר ברכה 1 ק""ג",גרמים,1000.00,100 גרם,false,,31.90,0.0319,true,1,1327992
7290011732189,false,"סוכריות צמיד דחוסות בד""ץ טעמן 48 יחידות",גואנגדונג צאואן פוד,,סוכריות צמיד 48 יחיד,גרמים,384.00,100 גרם,false,,19.90,0.0518,true,1,2305545
7290011732820,false,גרעיני תירס מתוק בואקום 340ג',טעמן שווק מזון בעמ,,גרעיני תירס 340גר' ט,גרמים,340.00,100 גרם,false,,5.90,0.0174,true,1,2428809
7290011743833,false,משחת שיניים פרונאמל סנסודיין (75 מל),גלקסו סמית קליין,GB,"סנסודיין פרונמל 75 מ""ל",מיליליטרים,75.00,"100 מ""ל",false,,23.90,0.3187,true,1,1346513
7290011744885,false,"אקווה פרש משחת שיניים ילדים לשיני חלב 50 מ""ל",גלקסו סמית קליין,SK,א.פרש משחת ילדים לשיני חל,מיליליטרים,50.00,"100 מ""ל",false,,12.90,0.2580,true,1,1346514
7290011744892,false,"אקווה פרש - משחת שיניים ילדים ג'וניור 6+ 50 מ""ל",גלקסו סמית קליין,SK,א.פרש משחת ילדים ג'וניור,מיליליטרים,50.00,"100 מ""ל",false,,12.90,0.2580,true,1,1346515
7290011745707,false,משחת שיניים פרונמל Pro namel לילדים לגילאי 6-12,גלקסו סמית קליין,SK,סנסודיין פרונמל ילדים 50,גרמים,50.00,100 גרם,false,,14.90,0.2980,true,1,1346517
7290011765071,false,ג'ל גילוח לעור רגיל לחות והגנה Moisture,טרופיקל דגיל תעשיות,TR,ג'ל גילוח קרמה רגיל 200מ,מיליליטרים,200.00,"100 מ""ל",false,,19.90,0.0995,true,1,1319912
7290011765088,false,ג'ל גילוח לעור רגיל מנטול Cool,החברה הדרומית לשיווק בעמ,TR,200מ COOL ג'ל גילוח קרמה,מיליליטרים,200.00,"100 מ""ל",false,,19.90,0.0995,true,1,1319913
7290011765200,false,"סנו מדיק ג'ל לניקוי ידיים עם אולוורה 300 מ""ל",החברה הדרומית לשיווק בעמ,,ג'ל לניקוי ידיים 300,מיליליטרים,300.00,"100 מ""ל",false,,11.90,0.0397,true,1,1319919
7290011765217,false,"סנו מדיק ג'ל לניקוי ידיים אלוורה 100 מ""ל",החברה הדרומית לשיווק בעמ,IL,ג'ל לניקוי ידיים אלוורה,מיליליטרים,100.00,"100 מ""ל",false,,9.90,0.0990,true,1,1319920
7290011765309,false,אורביטול diamond זוג מברשות שיניים,אורביטול Orbitol,CN,2מברשות אורביטול דיימונד,יח',2.00,יח',false,,15.90,7.9500,true,1,1319924
7290011765316,false,מברשת שיניים לילדים עם שעון 4-8 אורביטול,החברה הדרומית,CN,מב.ש.אורביטול קידס +שעון,יח',1.00,יח',false,,12.90,12.9000,true,1,1319925
7290011765323,false,אורביטול מברשת שיניים לילדים 0-4,z.h. plastic,CN,0-4 מברשת אורביטול גילאי,יחידה,0.00,יחידה,false,,12.90,0.0000,true,1,1319926
7290011765392,false,"בוב ספוג שמפו לשיער לסירוק קל כיף 750 מ""ל",החברה הדרומית לשיווק בעמ,IL,שמ.כיף ילדים בוב ספוג750,מיליליטרים,750.00,"100 מ""ל",false,,14.90,0.0199,true,1,1319931
7290011765408,false,"בוב ספוג שמפו ומרכך לשיער לסירוק קל כיף 750 מ""ל",החב. הדרומית לשיווק,IL,שמפו+מרכ.כיף בוב ספוג750,מיליליטרים,750.00,"100 מ""ל",false,,14.90,0.0199,true,1,1319932
7290011765422,false,אל סבון מועשר בלחות ותמצית קמומיל - בוב ספוג,החברה הדרומית לשיווק בעמ,IL,אלסבון כיף בוב ספוג750מל,מיליליטרים,750.00,"100 מ""ל",false,,14.90,0.0199,true,1,1319934
7290011765446,false,משחת שיניים לילדים בוב ספוג בטעם מיץ ענבים עם פלואוריד למניעת עששת,טרופיקל דגיל תעשיות קוסמ,IL,משחה אורביטול ענבים 70 ג,גרמים,70.00,100 גרם,false,,8.90,0.1271,true,1,1319935
7290011765453,false,מברשת שיניים אורביטול,החברה הדרומית לשיווק בעמ,CN,מברשת אורביטול בוב ספוג,יח',1.00,יח',false,,12.90,12.9000,true,1,1319936
7290011765613,false,סנו מסיר עובש בניחות לימון מתז 1 ל',החברה הדרומית לשיווק בעמ,,מתז מסיר עובש בניחוח,ליטרים,1.00,ליטר,false,,18.90,18.9000,true,1,2132807
7290011765620,false,"נוזל כלים סנו גרין פאוור אקולוגי 750 מ""ל",סנו מפעלי ברונוס בעמ,,נוזל כלים אקולוגי GR,מיליליטרים,700.00,"100 מ""ל",false,,9.90,0.0141,true,1,2304643
7290011800840,false,רפי כהן סלט טחינה בלאדי צבר 400 גרם,קבוצת אוסם סחר שותפות מוגבלת,IL,צבר טחינה בלאדי סלטי השף,גרמים,400.00,100 גרם,false,,14.90,0.0373,true,1,1305741
7290011830526,false,מיני פריכיות אורז מלא 80,השדה מוצרים אורגניים,IL,מיני פריכיות אורגניות מאו,גרמים,80.00,100 גרם,false,,9.90,0.1238,true,1,1309209
7290011830564,false,פתיבר כוסמין אורגני השדה מוצרים אורגנים 200 גרם,השדה מוצרים אורגניים,,פתי בר כוסמין אורגני,גרמים,200.00,100 גרם,false,,11.90,0.0595,true,1,1421440
7290011851606,false,סחלב תערובת הכנה 500 ג',נאמן לאורך זמן בעמ,,"סחלב 500 ג""ר.",גרמים,500.00,100 גרם,false,,15.90,0.0318,true,1,1329681
7290011857844,false,"עוגת פס חלבי ללא תוספת סוכר ""אדל"" 500 גר'",,,עוגת דואט חלבי ללא ת,גרמים,600.00,100 גרם,false,,40.00,0.0667,true,1,1954015
7290011876388,false,קציצות עוף ובקר מאמא עוף (600 גרם),תנובה מרכז שיתופי לשיווק תוצרת,,קציצות עוף ובקר מאמא,גרמים,600.00,100 גרם,false,,32.90,0.0548,true,1,1340612
7290011877088,false,"רדיד אלומיניום רוחב 30 ס""מ, 18 מיקרון - מארז זוג",החברה הדרומית לשיווק בעמ,,זוג רדיד אלומיניום ע,מטרים,15.00,מטר,false,,15.90,1.0600,true,1,1319941
7290011877101,false,"סנומוד מטהר אוויר מאסק סנו 150 מ""ל",החברה הדרומית לשיווק בעמ,IL,"סנומוד ניחוח מאסק 150מ""ל",מיליליטרים,150.00,"100 מ""ל",false,,10.90,0.0727,true,1,1319942
7290011877156,false,"מבשם אוויר, בגדים וארונות פרש בניחוח מאסק",החברה הדרומית לשיווק בעמ,IL,"סנו פרש ענק מאסק 375 מ""ל",מיליליטרים,375.00,"100 מ""ל",false,,9.90,0.0264,true,1,1319943
7290011877835,false,שקיות ואקום לאחסון XXL סנו סושי 2 יחידות,מיוצר עי קונדיטוריית,CN,XXL2 שקיות ואקום לאיחסון,יח',2.00,יח',false,,24.90,12.4500,true,1,1319952
7290011877842,false,שקיות ואקום לאחסון XXXL+L סנו סושי 2 יחידות,החברה הדרומית לשיווק בעמ,,אריזות ואקום לאחסון,יח',2.00,יח',false,,24.90,12.4500,true,1,1319953
7290011877859,false,סנו אינסטלטור חדש פותח סתימות 200ג',החברה הדרומית לשיווק בעמ,IL,סנו אינסטלטור 200 גרם,גרמים,200.00,100 גרם,false,,15.90,0.0795,true,1,1319954
7290011893217,false,קרש חיתוך מאיר אדוני,,,קרש חיתוך מאיר אדוני,יחידה,0.00,יחידה,false,,59.90,0.0000,true,1,2296713
7290011912635,false,ליסטרין שטיפת פה הגנה על השיניים והחניכי,שקד תבל בעמ,,מי פה ליסטרין טאגד פ,מיליליטרים,250.00,"100 מ""ל",false,,12.90,0.0516,true,1,2157414
7290011912642,false,ליסטרין שטיפת פה הגנה על השיניים והחניכי,ג'\ונסון אנד ג'\ונסון,,מי פה ליסטרין TAGD מ,מיליליטרים,500.00,"100 מ""ל",false,,19.90,0.0398,true,1,1306548
7290011923273,false,טופו אורגני ליב (300 גרם),ל.י.ב. (לחיות יותר בטבע) בעמ,,טופו אורגני 300גרם ל,גרמים,300.00,100 גרם,false,,11.90,0.0397,true,1,1394133
7290011923303,false,טופו טבעי ליב (300 גרם),ל.י.ב. (לחיות יותר בטבע) בעמ,,טופו טבעי 300גרם ליב,גרמים,300.00,100 גרם,false,,9.90,0.0330,true,1,1394168
7290011931162,false,סוכרלייט ממתיק נוזלי על בסיס סוכרלוז,אף.סי תבליני בגליל ב,IL,סוכרלייט נוזלי/6יח'/220גר,גרמים,220.00,100 גרם,false,,24.90,0.1132,true,1,1342622
7290011931193,false,סוכרלייט סוכרזית כפית לכפית 100 גרם,שטראוס גרופ בע`מ,IL,סוכרלייט כפית לכפית/6יח'/,גרמים,100.00,100 גרם,false,,28.90,0.2890,true,1,1342623
7290011947309,false,זיתים מצוננים סורי מבוקע ולימון כבוש זיתא 230 ג',תה ויסוצקי (ישראל) בעמ,,זית סורי מבוקע עם לי,גרמים,230.00,100 גרם,false,,12.90,0.0561,true,1,1458432
7290011947316,false,זיתא זיתי קלמטה בשמן זית כתית מעולה 215ג,תה ויסוצקי (ישראל) בעמ,,זיתי קלמטה זיתא 215,גרמים,215.00,100 גרם,false,,12.90,0.0600,true,1,2008551
7290011947781,false,מיקס זית ירוק וזית קלמטה ללא גלעין עם שמן זית כתית מעולה,תה ויסוצקי (ישראל) בעמ,,מיקס זית ירוק וזית ק,גרמים,165.00,100 גרם,false,,12.90,0.0782,true,1,2330129
7290011947798,false,זית קלמטה ללא גלעין עם שמן זית כתית מעולה,תה ויסוצקי (ישראל) בעמ,,זית קלמטה ללא גלעין,גרמים,190.00,100 גרם,false,,12.90,0.0679,true,1,2330130
7290011964344,false,שום גבישי בקופ' 120 גר' טעם וריח,"תבליני טעם וריח בע""מ",IL,מיכל שום גבישי 120 גר',גרמים,120.00,100 גרם,false,,9.90,0.0825,true,1,1350722
7290011964542,false,פפריקה מתוקה 400 גר' טעם וריח,"תבליני טעם וריח בע""מ",IL,פפריקה מתוקה מ.400 גר',גרמים,400.00,100 גרם,false,,17.90,0.0447,true,1,1350723
7290011964566,false,גריל עוף 400 גר' טעם וריח,"תבליני טעם וריח בע""מ",IL,גריל עוף מיכל 400 גר',גרמים,400.00,100 גרם,false,,14.90,0.0373,true,1,1350725
7290011964658,false,מלח לימון בקופ' 170 גר' טעם וריח,"תבליני טעם וריח בע""מ",IL,מיכל מלח לימון 170 גר',גרמים,170.00,100 גרם,false,,6.90,0.0406,true,1,1350731
7290011964689,false,על האש לא מונוסודיום 100 גרם 100 גרם מיכל גדול,"תבליני טעם וריח בע""מ",IL,מיכל על האש ללא מונוסודיו,גרמים,100.00,100 גרם,false,,7.90,0.0790,true,1,1350732
7290011964702,false,שווארמה ללא מונסודיום 100 גרם מיכל גדול,"תבליני טעם וריח בע""מ",IL,מיכל שוארמה ללא מונוסודיו,גרמים,100.00,100 גרם,false,,7.90,0.0790,true,1,1350734
7290011977627,false,סרדינים בשמן צמחי טעים 125 גרם,טעמן שווק מזון בעמ,,סרדינים בשמן 125 גרם,גרמים,125.00,100 גרם,false,,4.90,0.0392,true,1,1333387
7290011977634,false,סרדינים בשמן קנולה עם פלפל חריף טעים 125 גרם,טעמן שווק מזון בעמ,,סרדינים פלפל חריף 12,גרמים,125.00,100 גרם,false,,4.90,0.0392,true,1,1333388
7290011977641,false,סרדינים בשמן קנולה עם לימון טעים 125 גרם,טעמן שיווק מזון בעמ,,סרדינים לימון 125 גר,גרמים,125.00,100 גרם,false,,4.90,0.0392,true,1,1333389
7290011977665,false,סרדינים ברוטב עגבניות טעים 125 גרם,טעמן שווק מזון בעמ,,סרדינים רוטב עגבניות,גרמים,125.00,100 גרם,false,,4.90,0.0392,true,1,1333391
7290011996000,false,טעם אסיה אטריות עגבניות 454 ג',טחנת האבן קואופ בעמ,CN,אטריות עגבניות 454 גרם כש,גרמים,454.00,100 גרם,false,,8.90,0.0196,true,1,1343383
7290011996017,false,נודלס אטריות תרד טעמי אסיה (454 גרם),טחנת האבן קואופ בעמ,CN,אטריות תרד 454 גרם - כשר,גרמים,454.00,100 גרם,false,,8.90,0.0196,true,1,1343384
7290011996031,false,אטריות ביצים טעמי אסיה (454 גרם),טחנת האבן קואופ בעמ,CN,אטריות ביצים 454 גרם - כש,גרמים,454.00,100 גרם,false,,8.90,0.0196,true,1,1343386
7290011996062,false,אורז לבן עגול מתאים להכנת סושי,טחנת האבן קואופ בעמ,ES,"אורז לסושי 1 ק""ג - כשר",קילוגרמים,1.00,"ק""ג",false,,12.90,12.9000,true,1,1343388
7290011996086,false,"רוטב צ`ילי חריף אסיה 700 מ""ל",טחנת האבן קואופ בעמ,TH,"רוטב צ'ילי חריף 700 מ""ל כ",גרמים,700.00,100 גרם,false,,9.90,0.0141,true,1,1343389
7290011996093,false,"רוטב צילי מתוק 300 מ""ל ""אסיה""",טחנת האבן קואופ בעמ,,צילי מתוק 300 גרם,גרמים,300.00,100 גרם,false,,7.90,0.0263,true,1,1343390
7290011996109,false,רוטב צ`ילי מתוק טעמי אסיה (700 מל),טחנת האבן קואופ בעמ,TH,"רוטב צ'ילי מתוק 700 מ""ל כ",גרמים,700.00,100 גרם,false,,9.90,0.0141,true,1,1343391
7290011996123,false,אצות לסושי נורי גולד 10 יחידות,טחנת האבן קואופ בעמ,CN,אצות נורי גולד 10 דפים כש,יח',10.00,יח',false,,10.90,1.0900,true,1,1343392
7290011996130,false,אצות ים קלויות נורי לסושי - 10 דפים,טחנת האבן קואופ בעמ,CN,אצות נורי סילוור 10 דפים,גרמים,25.00,100 גרם,false,,9.90,0.3960,true,1,1343393
7290011996178,false,"רוטב סויה בסגנון יפני 300 מ""ל",טחנת האבן קואופ בעמ,CN,רוטב סויה נוסח יפני 300 כ,מיליליטרים,280.00,"100 מ""ל",false,,9.90,0.0354,true,1,1343395
7290011996185,false,חומץ אורז לבן לסושי טעמי אסיה (250 מל),טחנת האבן קואופ בעמ,CN,"חומץ אורז לסושי 250 מ""ל כ",מיליליטרים,250.00,"100 מ""ל",false,,8.90,0.0356,true,1,1343396
7290011996222,false,מי קוקוס טעמי אסיה (400 מל),טחנת האבן קואופ בעמ,TH,"חלב קוקוס מבצע 400 מ""ל כש",מיליליטרים,400.00,"100 מ""ל",false,,6.90,0.0173,true,1,1343399
7290011996277,false,מחצלת עגולה לגלגול סושי,מזרח ומערב יבוא ושיווק,CN,מחצלת עגולה לגלגול סושי,יחידה,0.00,יחידה,false,,5.90,0.0000,true,1,1343401
7290011996291,false,כלי לאידוי קוטר 10,טעמי אסיה Taste of Asia,CN,"סטימר משובח 10""",יחידה,0.00,יחידה,false,,30.90,0.0000,true,1,1343403
7290011996307,false,כלי לאידוי קוטר 12,fuzhou jingihgyun,CN,"סטימר משובח 12""",יחידה,0.00,יחידה,false,,35.90,0.0000,true,1,1343404
7290011996499,false,אטריות אורז דקות טעמי אסיה (400 גרם),טחנת האבן קואופ בעמ,CN,אטריות אורז דקות 400 ג' כ,גרמים,400.00,100 גרם,false,,8.90,0.0223,true,1,1343409
7290011996512,false,"טעם אסיה טעם אסיה אטריות אורז 3מ""מ 400ג'",טחנת האבן קואופ בעמ,TH,"אטריות אורז 3 מ""מ 400ג' כ",גרמים,400.00,100 גרם,false,,8.90,0.0223,true,1,1343410
7290011996529,false,אטריות אורז 5 סמ טעמי אסיה (400 גרם),טחנת האבן קואופ בעמ,TH,"אטריות אורז 5מ""מ 400 ג' כ",גרמים,400.00,100 גרם,false,,8.90,0.0223,true,1,1343411
7290011996550,false,טעם אסיה רוטב הויסין 240 ג',קיי.אר.אס.ספייסי פוד,TH,רוטב הויסין 240 גרם כשר,גרמים,240.00,100 גרם,false,,11.90,0.0496,true,1,1343412
7290011996567,false,רוטב סאטה אסיה 240 ג,קיי.אר.אס.ספייסי פוד,TH,רוטב סאטה 240 גרם כשר,גרמים,240.00,100 גרם,false,,12.90,0.0538,true,1,1343413
7290011996581,false,"רוטב חמוץ מתוק 300 מ""ל ""אסיה""",טחנת האבן קואופ בעמ,TH,"רוטב חמוץ-מתוק 300 מ""ל- כ",מיליליטרים,300.00,"100 מ""ל",false,,10.90,0.0363,true,1,1343414
7290011996604,false,רוטב פאד תאי טעמי אסיה (300 מל),טחנת האבן קואופ בעמ,TH,"רוטב פד-תאי 300 מ""ל כשר",גרמים,300.00,100 גרם,false,,13.90,0.0463,true,1,1343415
7290011996703,false,טעם אסיה אצות וקאמה 100גר,טחנת האבן קואופ בעמ,,אצות וואקמה 100 גרם,גרמים,100.00,100 גרם,false,,14.90,0.1490,true,1,1343417
7290011996741,false,"חומץ אורז לסושי 500 מ""ל ""אסיה""",טחנת האבן קואופ בעמ,,חומץ אורז לסושי 500,מיליליטרים,500.00,"100 מ""ל",false,,11.90,0.0238,true,1,1343418
7290011996758,false,קמח טמפורה כשר מזרח ומערב 500 גר`,טחנת האבן קואופ בעמ,CN,תערובת קמחים לטמפורה 500,גרמים,500.00,100 גרם,false,,10.90,0.0218,true,1,1343419
7290011996765,false,"אבקה ווסאבי 70 גרם ""אסיה""",טחנת האבן קואופ בעמ,CN,משחת ווסאבי 43 גרם כשר,גרמים,43.00,100 גרם,false,,8.90,0.2070,true,1,1343420
7290011996789,false,פנקו פירורי לחם בסגנון יפני,טחנת האבן קואופ בעמ,CN,פנקו - פירורי לחם יפניים,גרמים,200.00,100 גרם,false,,7.90,0.0395,true,1,1343421
7290011996802,false,אבקת ווסאבי 70ג' טעמי אסיה,טעמי אסיה Taste of Asia,CN,"אבקת ווסאבי 70 ג""ר כשר",גרמים,70.00,100 גרם,false,,14.90,0.2129,true,1,1343423
7290011996819,false,"מקלוני אטריות שעועית 250 גרם ""אסיה""",טחנת האבן קואופ בעמ,CN,אטריות שעועית סיני 250ג-כ,גרמים,250.00,100 גרם,false,,5.90,0.0236,true,1,1343424
7290011996888,false,רוטב טריאקי טעמי אסיה (300 מל),קיי.אר.אס.ספייסי פוד,TH,"רוטב טריאקי 300 מ""ל כשר",מיליליטרים,300.00,"100 מ""ל",false,,10.90,0.0363,true,1,1343426
7290012001994,false,חרדל דיז'ון גרעינים 350 ג' ריין דיזון,דיפלומט מפיצים (1968) בעמ**,,חרדל דיזון 350 גרם,גרמים,350.00,100 גרם,false,,9.90,0.0283,true,1,1306916
7290012019036,false,שיני שום כבושים תומר 330 גרם,ליני דשן פוד,,שיני שום צנצנת,קילוגרמים,330.00,"ק""ג",false,,10.90,0.0330,true,1,1339699
7290012019043,false,שום צעיר כבוש בחומץ בצנצנת 330 גרם,FOODS CANDDED QINGDAO,,שום צעיר כבוש בחומץ,קילוגרמים,330.00,"ק""ג",false,,10.90,0.0330,true,1,1339700
7290012019050,false,שום צעיר כבוש ובוגר וציפורן בחומץ 330 גר,Qingdao canned foods,,שום צעיר ובוגר וציפו,גרמים,330.00,100 גרם,false,,10.90,0.0330,true,1,1339701
7290012019265,false,"מחית תפו""ע ללא תוספת סוכר 4*113גר",תומר ייבוא ושיווק מוצרי מזון [,,"רסק תפו""ח דיאט 4 יח'",גרמים,452.00,100 גרם,false,,9.90,0.0219,true,1,1339702
7290012019401,false,מיץ דובדבן 100% 1 ליטר תוצרת גרוזיה,תומר יבוא ושיווק מוצרי מזון (1,,נקטר דובדבן 100% ליט,ליטרים,1.00,ליטר,false,,19.90,19.9000,true,1,1339706
7290012027642,false,קינוחית משושה גדול 2,,,קינוחית משושה גדול 2,יח',24.00,יח',false,,16.90,0.7042,true,1,1342296
7290012027703,false,קינוחית לולינית 12 י,,,קינוחית לולינית 12 י,יח',12.00,יח',false,,8.90,0.7417,true,1,1342301
7290012027741,false,מיני מזלג שקוף,,,מיני מזלג שקוף,יחידה,0.00,יחידה,false,,4.90,0.0000,true,1,1342302
7290012027758,false,מיני כפות שקוף,,,מיני כפות שקוף,יחידה,0.00,יחידה,false,,4.90,0.0000,true,1,1342303
7290012027901,false,זוג מצקות שקוף,,,זוג מצקות שקוף,יח',2.00,יח',false,,6.90,3.4500,true,1,1342313
7290012027956,false,צלחת מרובעת,,,צלחת מרובעת,יחידה,0.00,יחידה,false,,7.90,0.0000,true,1,1342318
7290012052170,false,גרנולה עם אגוזים ופירות יבשים במתיקות מעודנת,כרמית תעשיות ממתקים בעמ,,גרנולה ללא סוכר אגוז,גרמים,350.00,100 גרם,false,,17.90,0.0511,true,1,1361544
7290012052187,false,גרנולה חלבה תמרים ושקדים מרכיבים טבעיים,כרמית תעשיות ממתקים בעמ,,חטיפי גרנולה חלבה תמ,גרמים,350.00,100 גרם,false,,17.90,0.0511,true,1,1361545
7290012052194,false,גרנולה פירות יער וקשיו מרכיבים טבעיים 350 גרם,כרמית תעשיות ממתקים בעמ,,גרנולה פירות יער וקש,גרמים,350.00,100 גרם,false,,17.90,0.0511,true,1,1361546
7290012052200,false,גרנולה רפאל-אגוזים זרעים ופירות 800 גרם,רפאלס,,גרנולה אגזים ופירות,גרמים,800.00,100 גרם,false,,29.90,0.0374,true,1,1361547
7290012052224,false,גרנולה רפאל-חלבה תמרים ואגוזים 800 גרם,רפאלס,,גרנולה חלבה תמרים וש,גרמים,800.00,100 גרם,false,,29.90,0.0374,true,1,1361549
7290012052309,false,גרנולה בננה צימוקים ושקדים מרכיבים טבעיים 1 ק''ג,כרמית תעשיות ממתקים בעמ,,גרנולה בננה וצימוק 1,קילוגרמים,1.00,"ק""ג",false,,27.90,27.9000,true,1,1361551
7290012052316,false,גרנולה תענוג - שפע פירות 1 קילו,כרמית תעשיות ממתקים בעמ,,גרנולה שפע פירות.,קילוגרמים,1.00,"ק""ג",false,,27.90,27.9000,true,1,1361552
7290012052323,false,מוזלי עם פירות יבשים ושקדים ללא תוספת סוכר,כרמית תעשיות ממתקים בעמ,,גרנולה מוזלי מיקס.,קילוגרמים,1.00,"ק""ג",false,,27.90,27.9000,true,1,1361553
7290012052347,false,"גרנולה תענוג-צימוקים ושקדים ללא תוספת סוכר 1 ק""ג",כרמית תעשיות ממתקים בעמ,,גרנולה ללא סוכר צימו,קילוגרמים,1.00,"ק""ג",false,,27.90,27.9000,true,1,1361555
7290012052354,false,גרנולה אגוזים זרעים שוקולד ואגוזי לוז,כרמית תעשיות ממתקים בעמ,,גרנולה שוקולד ואגוזי,גרמים,350.00,100 גרם,false,,17.90,0.0511,true,1,1361556
7290012052361,false,גרנולה מוזלי בטעם מרכיבים טבעיים 350 גרם,כרמית תעשיות ממתקים בעמ,,גרנולה מוזלי.,גרמים,350.00,100 גרם,false,,17.90,0.0511,true,1,1361557
7290012052385,false,מוזלי עם חמוציות ושקדים ללא תוספת סוכר,רפאלס,,גרנולה מוזלי עם חמוצ,גרמים,720.00,100 גרם,false,,29.90,0.0415,true,1,1361559
7290012052460,false,צ'וקולומומו - מיקס זרעים לסלט - אורגינל,רפאלס,,צוקולומומו מיקס זרעי,גרמים,250.00,100 גרם,false,,17.90,0.0716,true,1,1361560
7290012052477,false,צ'וקולומומו - מיקס זרעים לסלט - עשבי תיבול,כרמית תעשיות ממתקים בעמ,,צוקולומומו מיקס זרעי,גרמים,250.00,100 גרם,false,,17.90,0.0716,true,1,1361561
7290012052880,false,7 דגנים - חטיף חלבה 7 יח' 140 גרם,רפאלס,,חטיף 7 דגנים חלבה רפ,גרמים,132.00,100 גרם,false,,12.90,0.0977,true,1,1402678
7290012052897,false,חטיפי 7 דגנים בתוספת שוקולד מריר,רפאלס,,חטיף 7 דגנים שוקולד,גרמים,132.00,100 גרם,false,,12.90,0.0977,true,1,1402679
7290012052903,false,7 דגנים - חטיף מיקס פירות 7 יח' 140 גרם,רפאלס,,7 דגנים- חטיף מיקס פ,גרמים,132.00,100 גרם,false,,12.90,0.0977,true,1,1402680
7290012052910,false,7 דגנים - חטיף תפוח קינמון 7 יח' 140 גרם,רפאלס,,חטיף 7 דגנים תפוח וק,גרמים,132.00,100 גרם,false,,12.90,0.0977,true,1,1402681
7290012071003,false,קמיל בלו משחה לתינוק דר. פישר (200 גרם),"פישר תעשיות פרמצביטות בע""מ",IL,קמיל בלו משחה לתינוק 200,גרמים,200.00,100 גרם,false,,19.90,0.0995,true,1,1351876
7290012116032,false,כיף פיות מרכך לסירוק קל 750 מל,החברה הדרומית לשיווק בעמ,IL,"מרכך כיף פיות 750 מ""ל",מיליליטרים,750.00,"100 מ""ל",false,,14.90,0.0199,true,1,1319967
7290012116063,false,כיף אלסבון פיות מועשר בתמציות קמומיל 750,החברה הדרומית לשיווק בעמ,IL,אלסב.כיף פיות קמומיל750מ,מיליליטרים,750.00,"100 מ""ל",false,,14.90,0.0199,true,1,1319968
7290012116070,false,"אל סבון נוזלי פיות בתמציות אלוורה כיף 750 מ""ל",החברה הדרומית לשיווק בעמ,IL,אלסב.כיף פיות אלוורה750מ,מיליליטרים,750.00,"100 מ""ל",false,,14.90,0.0199,true,1,1319969
7290012116537,false,"מקסימה אבקת כביסה בניחוח מאסק סנו 2.5 ק""ג",החברה הדרומית לשיווק בעמ,IL,אבקת כב.מקסימה מאסק 2.5ק,קילוגרמים,2.50,"ק""ג",false,,22.90,9.1600,true,1,1319978
7290012116551,false,אנטי קאלק נוזל לניקוי כללי סנו 2 ליטר,החברה הדרומית לשיווק בעמ,IL,"סנו אנטי קאלק רב""ש 2ליטר",ליטרים,2.00,ליטר,false,,27.90,13.9500,true,1,1319979
7290012116612,false,אורביטול מברשת שיניים סופט 4 יח`,החברה הדרומית לשיווק בעמ,CN,4 מברשות שיניים אורביטול,יח',4.00,יח',false,,14.90,3.7250,true,1,1319985
7290012116674,false,"דאודורנט גל קול 75 מ""ל קרמה מן",החברה הדרומית לשיווק בעמ,IL,"קרמה דאו.ג'ל קול 70 מ""ל",מיליליטרים,70.00,"100 מ""ל",false,,14.90,0.2129,true,1,1319991
7290012116681,false,דאודורנט ג'ל אנטיפרספירנט אקטיב בלוק Calm,החברה הדרומית לשיווק בעמ,IL,"קרמה דאו.ג'ל קאלם 70מ""ל",מיליליטרים,70.00,"100 מ""ל",false,,14.90,0.2129,true,1,1319992
7290012116698,false,דאודורנט ג'ל אנטיפרספירנט אקטיב בלוק Ultimate,החברה הדרומית לשיווק בעמ,IL,קרמה דאו.ג'ל אולטימט 70מ,מיליליטרים,70.00,"100 מ""ל",false,,14.90,0.2129,true,1,1319993
7290012116704,false,דאודורנט ג'ל אנטיפרספירנט אקטיב בלוק Power,קוסמופארם,IL,"קרמה דאו.ג'ל פאוור 70מ""ל",מיליליטרים,70.00,"100 מ""ל",false,,14.90,0.2129,true,1,1319994
7290012116964,false,"קרמה מן תרחיץ ג'ל לפנים 150 מ""ל",החברה הדרומית,IL,קרמה תרחיץ פנים לגבר150מ,מיליליטרים,150.00,"100 מ""ל",false,,19.90,0.1327,true,1,1320002
7290012117275,false,"קליר שקית מילוי לניקוי חלונות סנו 750 מ""ל",החברה הדרומית לשיווק בעמ,IL,סנוקליר שקית מילוי 750מל,מיליליטרים,750.00,"100 מ""ל",false,,8.90,0.0119,true,1,1320010
7290012117350,false,"נוזל רצפות לילך 2 ליטר ""ריצפז פרש""",החברה הדרומית לשיווק בעמ,IL,סנו ריצפז פרש לילך 2ליטר,ליטרים,2.00,ליטר,false,,17.90,8.9500,true,1,1320011
7290012117411,false,"שמפו וג'ל רחצה רויבוס 700 מ""ל ""קרמה""",החברה הדרומית לשיווק בעמ,IL,קרמה ג'ל רח.גבר במבוק700,מיליליטרים,700.00,"100 מ""ל",false,,18.90,0.0270,true,1,1320016
7290012117428,false,"ג'ל רחצה ושמפו מעיינות מנטה קרמה מן 700 מ""ל",החברה הדרומית לשיווק בעמ,IL,קרמה ג'ל רח.ושמפו גבר700,מיליליטרים,700.00,"100 מ""ל",false,,18.90,0.0270,true,1,1320017
7290012117435,false,"קרמה - שמפו וג'ל רחצה 2 ב-1 אלוורה 700 מ""ל",החברה הדרומית לשיווק בעמ,IL,קרמה ג'ל רחצה אלוורה700מ,מיליליטרים,700.00,"100 מ""ל",false,,18.90,0.0270,true,1,1320018
7290012117466,false,"תחליב רחצה לפנים תה ירוק קרמה 180 מ""ל",קוסמופארם,IL,קרמה ת.רחצה פנים תה 180מ,מיליליטרים,180.00,"100 מ""ל",false,,14.90,0.0828,true,1,1320019
7290012117558,false,מקסימה מרכך כביסה מרוכז ורוד בניחוח מאסק סנו 1 ליטר,החברה הדרומית לשיווק בעמ,IL,מרכ.מקסימה ס.מרוכז מסק1ל,ליטרים,1.00,ליטר,false,,19.90,19.9000,true,1,1320026
7290012117565,false,כפפות סנו סושי לטקס S אריזת 100יח',החב. הדרומית לשיווק,IL,100יח S כפפות לטקס מידה,יח',100.00,יח',false,,32.90,0.3290,true,1,1320027
7290012117572,false,כפפות סנו סושי לטקס M אריזת 100יח',החב. הדרומית לשיווק,IL,M כפפות לטקס 100 יח מידה,יח',100.00,יח',false,,32.90,0.3290,true,1,1320028
7290012117589,false,כפפות סנו סושי לטקס L אריזת 100יח',החב. הדרומית לשיווק,IL,לטקס 100יח Lכפפות מידה,יח',100.00,יח',false,,32.90,0.3290,true,1,1320029
7290012117626,false,שטיפת פה דנטלית לילדים בטעם ענבים בוב ספוג,קוסמופארם בע'\'\מ,IL,אורביטול קיד מי פה 250מל,מיליליטרים,250.00,"100 מ""ל",false,,11.90,0.0476,true,1,1320032
7290012117763,false,אורביטול מברשת שיניים בוב ספוג מנצנצת,,,מברשת שיניים לילדים,יחידה,0.00,יחידה,false,,9.90,0.0000,true,1,1764201
7290012117916,false,אינסטלטור נוזל לפתיחת סתימות סנו 1 ליטר,החברה הדרומית לשיווק בעמ,IL,'סנו אינסטלטור נוזלי 1 ל,ליטרים,1.00,ליטר,false,,29.90,29.9000,true,1,1320047
7290012159275,false,מיונז אמיתי 430 גרם LINA,יורוסטנדרט בעמ,,מיונז אמיתי לינה 430,גרמים,430.00,100 גרם,false,,7.90,0.0184,true,1,1334903
7290012159480,false,יין לבן חצי יבש מבעבע גוטה דה מרוויה,יורוסטנדרט בעמ,,יין לבן חצי יבש מבעב,מיליליטרים,700.00,"100 מ""ל",false,,24.90,0.0356,true,1,1334912
7290012159497,false,יין לבן יבש מבעבע גוטה דה מרוויה Gota De Maravilla,יורוסטנדרט בעמ,,יין לבן יבש מבעבע גו,מיליליטרים,700.00,"100 מ""ל",false,,24.90,0.0356,true,1,1334913
7290012191985,false,גפרור קטן מנורה,אבאל יזמות בעמ,,גפרור קטן מנורה,יחידה,0.00,יחידה,false,,2.40,0.0000,true,1,2290906
7290012191992,true,חבילת גפרורים ארוכים,,,חבילת גפרורים ארוכים,יחידה,0.00,יחידה,false,,4.90,0.0000,true,1,1344144
7290012192104,false,חלאבלין רול און 72 שעות כחול,חלאבין Halvin,,רול און דאודורנט,מיליליטרים,50.00,"100 מ""ל",false,,24.90,0.4980,true,1,1327751
7290012192975,false,קרם לחות,,,קרם לחות,מיליליטרים,200.00,"100 מ""ל",false,,27.90,0.1395,true,1,1327754
7290012193125,false,ממתיק על בסיס סוכרלוז - טבליות,"קיפל טבליות וממתיקים בע""מ",IL,מר' סוכרלוז 150טבליות,גרמים,10.80,100 גרם,false,,24.90,2.3056,true,1,1353355
7290012193163,false,סבון נוזלי פמלי לקשרי פריחת הדובדבן 1 ל,אף.סי תבליני בגליל ב,IL,פמלי אל סבון ליטר פרחי בר,ליטרים,1.00,ליטר,false,,9.90,9.9000,true,1,1353356
7290012208027,false,ממרח חזרת מוטי שף 18,"איטיליאן פוד, אס.פי.",,ממרח חזרת 180גרם מוט,גרמים,180.00,100 גרם,false,,19.90,0.1106,true,1,1409487
7290012208065,false,ממרח לימון כבוש 190 גרם,"איטיליאן פוד, אס.פי.",,ממרח לימון כבוש 180ג,גרמים,180.00,100 גרם,false,,19.90,0.1106,true,1,1394190
7290012212055,false,קוקטייל זיתים ישראלי 560,שימורי מוטולה בעמ,,קוקטייל זיתים,גרמים,560.00,100 גרם,false,,11.90,0.0213,true,1,1561135
7290012226021,false,נקניק סלמי מעושן פראג זוגלובק (400 גרם),נקניק נהריה כשר זוגל,,נקניק סלמי מעושן פרא,גרמים,400.00,100 גרם,false,,17.90,0.0447,true,1,1322697
7290012226120,false,קבנוס זוגלובק (45x3 גרם),נקניק נהריה כשר זוגל,,קבנוס 135 גרם,גרמים,135.00,100 גרם,false,,9.90,0.0733,true,1,1322698
7290012226342,false,נקניקיה טבעונית למחבת או לתנור עשירה בחלבון,זוגלובק שיווק בעמ,,נקניקיה מן הצומח עשי,גרמים,460.00,100 גרם,false,,24.90,0.0541,true,1,1885853
7290012226922,false,קבנוס בטעם שום זוגלובק (45x3 גרם),נקניק נהריה כשר זוגל,,קבנוס בטעם שום 135 ג,גרמים,135.00,100 גרם,false,,9.90,0.0733,true,1,1322700
7290012226939,false,קבנוס עם צ'ילי חריף זוגלובק 135 גרם,נקניק נהריה כשר זוגל,,קבנוס בטעם צ'ילי חרי,גרמים,135.00,100 גרם,false,,9.90,0.0733,true,1,1322701
7290012226991,false,"נקניקיות עוף באריזת ג''מבו 1.5 ק""ג זוגלובק",נקניק נהריה כשר זוגל,,נקניקיות ג'מבו 1.5 ק,קילוגרמים,1.50,"ק""ג",false,,25.90,17.2667,true,1,1322704
7290012227172,false,חרמן הודו בדבש וברביקיו זוג במארז 600 ג' זוגלובק,נקניק נהריה כשר זוגל,,זוג נקניקים כפרית +ח,גרמים,600.00,100 גרם,false,,29.90,0.0498,true,1,1322707
7290012227325,false,סלמי דק דק מעושן איטלקי 120 ג' זוגלובק,זוגלובק שיווק בעמ,,סלמי מעושן דק דק 120,גרמים,120.00,100 גרם,false,,11.90,0.0992,true,1,1867558
7290012227592,false,פסט' חרמון כפרי וסלמי תה זוגי זוגלובק 300X2ג' מחפוד,זוגלובק שיווק בעמ,,מארז זוג הודו ועוף 3,גרמים,700.00,100 גרם,false,,29.90,0.0427,true,1,1368021
7290012227912,false,קבנוס מעודן זוגלובק 135 גרם,נקניק זוגלובק נהריה,,קבנוס מעודן 135 גרם,גרמים,135.00,100 גרם,false,,9.90,0.0733,true,1,1685441
7290012227974,false,פסטרמה הודו בדבש טהור דק דק דק,זוגלובק שיווק בעמ,,פסטרמה בדבש 120,גרמים,120.00,100 גרם,false,,11.90,0.0992,true,1,1867565
7290012227981,false,פסטרמה דק דק ברביקיו 120 ג' זוגלובק,זוגלובק שיווק בעמ,,פסטרמה ברביקיו 120 ג,גרמים,120.00,100 גרם,false,,11.90,0.0992,true,1,1867566
7290012227998,false,פסטרמה דק דק חזה בקר 120 ג' זוגלובק,זוגלובק שיווק בעמ,,חזה בקר פרוס דק 120,גרמים,120.00,100 גרם,false,,11.90,0.0992,true,1,1867619
7290012228124,false,קבנוס סטיקס עם נגיעות מלח ים סדרת ריינהולד'ס,זוגלובק שיווק בעמ,,חטיף קבנוסטיקס-חטיף,גרמים,50.00,100 גרם,false,,9.90,0.1980,true,1,2278041
7290012228261,false,נקנקיות קנקרס הודו ועוף ריינהולד'ס זוגלובק 300 ג',זוגלובק שיווק בעמ,,נקניקיות הודו פרמיום,גרמים,300.00,100 גרם,false,,19.90,0.0663,true,1,2395413
7290012228704,false,הספרדיה – נקניקיית עוף ובקר חריפות ריינהולד'ס,זוגלובק שיווק בעמ,,נקניקיות ריינהולד'ס,גרמים,310.00,100 גרם,false,,19.90,0.0642,true,1,2395415
7290012228728,false,קבנוס סטיקס בסגנון מקסיקני חריף סדרת ריינהולד'ס,זוגלובק שיווק בעמ,,חטיף קבנוסטיקס-בטעם,גרמים,50.00,100 גרם,false,,9.90,0.1980,true,1,2278043
7290012228766,false,קבנוס מחפוד זוגלובק 120 גרם,זוגלובק שיווק בעמ,,קבנוס מחפוד 120 גרם,גרמים,120.00,100 גרם,false,,9.90,0.0825,true,1,2315340
7290012228797,false,נקיקיות ביג קרנקס זוגלובק 500 ג',זוגלובק שיווק בעמ,,נקניקיות ביג קנקרס 5,גרמים,500.00,100 גרם,false,,12.90,0.0258,true,1,2326431
7290012309311,false,ערמונים קלופים ששון הקולה 100 גרם,דין שיווק וקליה 2021 בעמ,,ערמונים 100 גרם,גרמים,100.00,100 גרם,false,,6.90,0.0690,true,1,1327577
7290012309878,false,חלבה עם פיסטוקים 500 גר`ששון הקולה,דין שיווק וקליה 2021 בעמ,,חלבה עם פיסטוק 500 ג,גרמים,500.00,100 גרם,false,,14.90,0.0298,true,1,1327580
7290012313141,false,מלפפונים פרוסות במלח קבוצת יבנה 330 גרם,"קבוצת יבנה מוצרי מזון בע""מ",,מלפפון פרוסות במלח,גרמים,560.00,100 גרם,false,,6.50,0.0116,true,1,1359193
7290012335020,false,סוכריות סודה שעון מארז משפחתי 375 גר',גואנגדונג צאואן פוד,,סוכריות שעון 30 יחיד,יחידה,0.00,יחידה,false,,19.90,0.0000,true,1,1333397
7290012352010,false,קרם לחות מזינה עם שמן ארגן מרוקאי לשיער יבש מאוד ופגום,החברה הדרומית לשיווק בעמ,,קרם לחות לשיער +שמן,מיליליטרים,400.00,"100 מ""ל",false,,19.90,0.0497,true,1,1344887
7290012352027,false,קרם לחות מזינה עם שמן אגוז ברזילאי לשיער צבוע ופגום,נטורל פורמולה Natural Formula,IL,ק.לחות+שמן אגוז ברזיל400,מיליליטרים,400.00,"100 מ""ל",false,,19.90,0.0497,true,1,1344888
7290012352034,false,"נטורל - קרם לחות עם שמן אגוז מקדמיה לשיער מתולתל 400 מ""ל",החברה הדרומית לשיווק בעמ,,קרם לחות+שמן מקדימה,מיליליטרים,400.00,"100 מ""ל",false,,19.90,0.0497,true,1,1344889
7290012367700,false,קרם גוף אינטנסיב רליף Intensive relief לעור יבש ומגורה,"פישר תעשיות פרמבצטיות בע""מ",IL,אפקטיב קר קרם גוף שיבולת,מיליליטרים,700.00,"100 מ""ל",false,,32.90,0.0470,true,1,1351880
7290012367717,false,קרם ידיים וציפורניים Intensive relief לעור יבש ומגורה,"פישר תעשיות פרמצביטות בע""מ",IL,אפקטיב קר קרם ידיים שיבול,מיליליטרים,150.00,"100 מ""ל",false,,11.90,0.0793,true,1,1351881
7290012367908,false,שמן טיפולי לתינוק בתוספת אלוורה Kamil Blue Sensitive,פישר תעשיות פרמצבטיות בעמ,IL,"ד""ר פישר קמיל בלו סנסיטיב",מיליליטרים,200.00,"100 מ""ל",false,,17.90,0.0895,true,1,1351886
7290012404955,false,נקטר חמוציות ספרינג קולקשן (1.25 ליטר),יפאורה - שותפות מוגבלת לשיווק,,ספרינג נקטר חמוציות,ליטרים,1.25,ליטר,false,,11.90,9.5200,true,1,1324406
7290012404993,false,נקטר דיאט חמוציות ספרינג קולקשן 1.25 ליטר,יפאורה - שותפות מוגבלת לשיווק,,ספרינג נקטר דיאט חמו,ליטרים,1.25,ליטר,false,,11.90,9.5200,true,1,1324408
7290012413636,false,תה ירוק צ'אי מסאלה ויסוצקי 25 יחידות,תה ויסוצקי (ישראל) בעמ,IL,תה ירוק צ'אי מסאלה,גרמים,37.50,100 גרם,false,,22.90,0.6107,true,1,1339384
7290012413643,false,תה ירוק קמומיל ויסוצקי 25 יחידות,תה ויסוצקי (ישראל) בעמ,IL,תה ירוק קמומיל,גרמים,37.50,100 גרם,false,,22.90,0.6107,true,1,1339385
7290012454189,false,סוכריות ללא תוספת סוכר בטעם קפוצ'ינו מיה 80 גרם,מיה תעשיות מזון מ.ת.מ. בעמ,IL,סוכריות יוגורט אפרסק ללא,גרמים,80.00,100 גרם,false,,6.90,0.0863,true,1,1334163
7290012454196,false,סוכריות קפוצ'ינו ללא סוכר מיה 80 גרם,מיה תעשיות מזון מ.ת.מ. בעמ,IL,סוכריות קפוצ'ינו ללא סוכר,גרמים,80.00,100 גרם,false,,6.90,0.0863,true,1,1334164
7290012454202,false,סוכריות ללא תוספת סוכר בטעם ריבת חלב מיה 80 גרם,מיה תעשיות מזון מ.ת.מ. בעמ,IL,סוכריות ריבת חלב ללא סוכר,גרמים,80.00,100 גרם,false,,6.90,0.0863,true,1,1334165
7290012454257,false,שזיף מיובש ללא גלעין מיה 200 גרם,מיה תעשיות מזון מ.ת.מ. בעמ,IL,שזיף מיובש ללא גלעין 200ג,גרמים,200.00,100 גרם,false,,9.90,0.0495,true,1,1334167
7290012454561,false,קישוט לעוגה חום בבצנצנת מיה 80 גרם,מיה תעשיות מזון מ.ת.מ בעמ,IL,קישוט לעוגה חום בצנצנת,גרמים,80.00,100 גרם,false,,3.90,0.0487,true,1,1334171
7290012454592,false,סוכריות דבש לימון ללא סוכר מיה 80 גרם,מיה תעשיות מזון מ.ת.מ. בעמ,IL,סוכריות דבש לימון ללא סוכ,גרמים,80.00,100 גרם,false,,6.90,0.0863,true,1,1334172
7290012454608,false,תן צ'אפ חטיף גלגלים 50 גר',מיה תעשיות מזון מ.ת.מ. בעמ,IL,תן צ'אפ גלגלים 50גרם,גרמים,50.00,100 גרם,false,,3.90,0.0780,true,1,1334173
7290012470264,false,דוקרן גבינות ודגים,מיה טריידינג,CN,דוקרני גבינות ופירות,יחידה,1.00,יחידה,false,,9.90,9.9000,true,1,1308642
7290012470479,false,אסלונית כיסוי מגן לאסלה,קונסיגנציה- ש. י גיספאן 1993,CN,"אסלונית 10 יח""",יח',10.00,יח',false,,9.90,0.9900,true,1,1308647
7290012470493,false,כובע רחצה 2 שכבות ענ,קונסיגנציה- ש. י גיספאן 1993,CN,כובע רחצה ענק 2 שכבות,יחידה,0.00,יחידה,false,,14.90,0.0000,true,1,1308649
7290012470981,false,כביסון לחזיות,מיה טריידינג,CN,כביסון מיוחד לחזייה,יח',1.00,יח',false,,9.90,9.9000,true,1,1308650
7290012483608,false,"אורז בסגנון בסמטי מובחר 5ק""ג DAWAT",ג.וילי-פוד אינטרנשיונל בעמ,IN,אורז בסמטי מובחר 5ק'ג DAA,קילוגרמים,5.00,"ק""ג",false,,52.90,10.5800,true,1,1797974
7290012493218,false,צלי כתף בשר מס' 5,,,צלי כתף בשר מס' 5,קילוגרמים,1.00,"ק""ג",true,,69.90,69.9000,true,1,1341730
7290012522581,false,טבעול שניצל תירס ללא גלוטן טבעול 664 גרם,קבוצת אוסם סחר-שות.מוגבלת,IL,טבעול שניצל תירס ללא גלוט,גרמים,664.00,100 גרם,false,,29.90,0.0450,true,1,1305759
7290012561337,false,כורכום טרי כתוש קפוא דורות 70 גר,קבוצת אוסם סחר שותפות מוגבלת,,כורכום טרי כתוש,גרמים,70.00,100 גרם,false,,9.90,0.1414,true,1,2222451
7290012561405,false,בצל קצוץ ומטוגן דורות (180 גרם),קבוצת אוסם סחר שותפות מוגבלת,IL,בצל קצוץ ומטוגן 180 גרם,גרמים,180.00,100 גרם,false,,9.90,0.0550,true,1,1305770
7290012576591,false,"יין רזרב גוורצטרמינר 750 מ""ל שביעית",יקבי ברקן שיווק והפצה בע,,יין רזרב גוורצטרמינר,מיליליטרים,750.00,"100 מ""ל",false,,59.90,0.0799,true,1,1869466
7290012576607,false,"יין קברנה סוביניון פרמייר מלבק אדום ברקן 750 מ""ל","ברקן שיווק והפצה בע""",,יין פרימייר אדום 750,מיליליטרים,750.00,"100 מ""ל",false,,26.90,0.0359,true,1,1324025
7290012642678,false,אננס בכוסות פלסטיק 4*113 ג' תומר,FOODS HUIZIANG JIANGSU,,לפתן אננס בכוסות פלס,גרמים,452.00,100 גרם,false,,10.90,0.0241,true,1,1339722
7290012642685,false,אפרסק פירות בכוסות פלסטיק 4*113ג' תומר,תומר,,לפתן אפרסק פירות בכו,גרמים,452.00,100 גרם,false,,10.90,0.0241,true,1,1339723
7290012642692,false,קוקטייל פירות בכוסות פלס. רביעיות 113 גר,תומר יבוא ושיווק מוצרי מזון (1,,לפתן קוקטייל פירות ב,גרמים,452.00,100 גרם,false,,10.90,0.0241,true,1,1339724
7290012642807,false,פלפלים ירוקים כבושים בחומץ תומר 540 גרם,תומר,,פלפלים ירוקים חריפים,גרמים,530.00,100 גרם,false,,9.90,0.0187,true,1,1339725
7290012642814,false,פלפלים חריפים מעורבים כבושים שלמים,סאטקו,,פלפל מעורב בחומץ חרי,גרמים,530.00,100 גרם,false,,9.90,0.0187,true,1,1339726
7290012642838,false,רצועות פלפל אדום בחומץ תומר 520 גרם,תומר,,פלפל רצועות אדום בחו,מיליליטרים,520.00,"100 מ""ל",false,,9.90,0.0190,true,1,1339727
7290012642845,false,פלפל אדום כבוש בחומץ תומר 520 ג',תומר,,פלפל אדום בחומץ,גרמים,520.00,100 גרם,false,,9.90,0.0190,true,1,1339728
7290012642852,false,פלפל אדום קלוי על האש עם שום 540 תומר,סאטקו,,פלפל אדום על האש,מיליליטרים,540.00,"100 מ""ל",false,,9.90,0.0183,true,1,1339729
7290012642869,false,פלפלונים אדום בחומץ חריף 540 מ`ל תומר,תומר ייבוא ושיווק מוצרי מזון [,,פלפלונים אדום בחומץ,גרמים,530.00,100 גרם,false,,9.90,0.0187,true,1,1339730
7290012642876,false,פלפלונים מעורב צבעוני בחומץ חריף6X,סאטקו,,פלפלונים מעורב בחומץ,מיליליטרים,530.00,"100 מ""ל",false,,9.90,0.0187,true,1,1339731
7290012642906,false,פלפלים ירוקים מוחמצים שלמים בחריפות עדינה,תומר,,פלפלונים ירוק בחומץ,גרמים,450.00,100 גרם,false,,9.90,0.0220,true,1,1339733
7290012645020,false,"יוגורט עיזים טבעי בבקבוק חלב הארץ 500 מ""ל",שטראוס גרופ בעמ/מצונן,,יוגורט עיזים מחלב עי,מיליליטרים,500.00,"100 מ""ל",false,,11.90,0.0238,true,1,1826647
7290012645051,false,יוגורט עיזים בגביע 350 גר` חלב הארץ,שטראוס גרופ בעמ/מצונן,,יוגורט עיזים 350 גרם,גרמים,350.00,100 גרם,false,,10.90,0.0311,true,1,2301270
7290012645112,false,יוגורט עיזים 2.8% בדלי חלב הארץ 750 גרם,שטראוס גרופ בעמ/מצונן,,יוגורט עיזים 750 גרם,גרמים,750.00,100 גרם,false,,19.90,0.0265,true,1,1826648
7290012645129,false,יוגורט כבשים 5% בדלי חלב הארץ 750 גרם,שטראוס גרופ בעמ/מצונן,,יוגורט כבשים 750 גרם,גרמים,750.00,100 גרם,false,,19.90,0.0265,true,1,1826649
7290012645181,false,לאבנה עיזים 5% חלב הארץ 200 גרם,שטראוס גרופ בעמ/מצונן,,לאבנה עיזים 5% 200 ג,גרמים,200.00,100 גרם,false,,13.90,0.0695,true,1,2407562
7290012645297,false,יוגורט עיזים ביו 2.8% טעם טבעי חלב הארץ 150 גרם,שטראוס גרופ בעמ/מצונן,,יוגורט עיזים 150 גרם,גרמים,150.00,100 גרם,false,,5.90,0.0393,true,1,1826654
7290012697241,false,"סוכרזית מהטבע סטיוויה נוזלי 220מ""ל",אף.סי תבליני בגליל ב,IL,סוכרזית מצמח הסטיוויה נוז,מיליליטרים,220.00,"100 מ""ל",false,,26.90,0.1223,true,1,1342627
7290012697388,false,סוכרזית מצמח הסטיוויה כפית לכפית 100 גר,שטראוס גרופ בע`מ,IL,סוכרזית מצמח הסטיוויה כפי,גרמים,100.00,100 גרם,false,,29.90,0.2990,true,1,1342629
7290012803055,false,סוכרלוז מרמולייט- 100שקיות אישיות,"קיפל טבליות וממתיקים בע""מ",IL,מר' סוכרלוז 100שקיות,יח',100.00,יח',false,,24.90,0.2490,true,1,1353365
7290012803215,false,טוסו וופל בלגי ללתס בטעם שוקולד 200 גר`,בטר אנד דיפרנט,IL,טוסו ופל בלגי בטעם שוקולד,גרמים,200.00,100 גרם,false,,9.90,0.0495,true,1,1353369
7290012803222,false,טוסו ופל בסגנון בלגי בטעם לימון ללא תוספת סוכר 200 גרם,בטר אנד דיפרנט,IL,טוסו ופל בלגי בטעם לימון,גרמים,200.00,100 גרם,false,,9.90,0.0495,true,1,1353370
7290012803314,false,ממתיק על בסיס סוכרלוז - טבליות,"קיפל טבליות וממתיקים בע""",IL,מר' סוכרלוז 300טבליות,יח',300.00,יח',false,,39.90,0.1330,true,1,1353371
7290012803321,false,מרמולייט סוכרלוז 200 שקיות אישיות,דנשר (1963) בעמ,IL,מר' סוכרלוז 200שקיות,יח',200.00,יח',false,,39.90,0.1995,true,1,1353372
7290012803451,false,טוסו שוקולד מריר 62% מוצקי קקאו ללא תוספת סוכר 100 גרם,"דנשר (1963) בע,מ",TR,טוסו שוקולד מריר מעולה 10,גרמים,100.00,100 גרם,false,,7.90,0.0790,true,1,1353375
7290012803765,false,טוסו שוקולד מריר ללא תוספת סוכר 100 גרם,אלטינמארקה גידה סאן,TR,טוסו שוקולד מריר 100גרם,גרמים,100.00,100 גרם,false,,7.90,0.0790,true,1,1353385
7290012803772,false,טוסו שוקולד חלב ללא תוספת סוכר 100 גרם,אלטינמארקה גידה סאן,TR,טוסו שוקולד חלב 100גרם,גרמים,100.00,100 גרם,false,,7.90,0.0790,true,1,1353386
7290012803789,false,טוסו שוקולד מריר עם אגוזים ללא תוספת סוכר 100 גרם,האי נאם סי או אל.טי.,TR,טוסו שוקולד מריר עם אגוזי,גרמים,100.00,100 גרם,false,,7.90,0.0790,true,1,1353387
7290012803796,false,טוסו שוקולד חלב עם אגוזים ללא תוספת סוכר 100 גר',אלטינמארקה גידה סאן,TR,טוסו שוקולד חלב עם אגוזים,גרמים,100.00,100 גרם,false,,7.90,0.0790,true,1,1353388
7290012823251,false,אל סבון נוזלי יסמין ולבנדר כיף (1 ליטר),החברה הדרומית לשיווק בעמ,IL,אל סבון כיף יסמין 1 ליטר,ליטרים,1.00,ליטר,false,,14.90,14.9000,true,1,1320058
7290012823343,false,משחת שיניים אורביטול קידס סטעם סוכריות ג'לי 70 גרם,החברה הדרומית,,משחת שיניים אורביטול,גרמים,70.00,100 גרם,false,,8.90,0.1271,true,1,2304955
7290012823374,false,אנטי קאלק מטליות לחות לניקוי כללי סנו 50 יחידות,מיוצר עי קונדיטוריית,IL,'אנטי קאלק מטליות 50 יח,יח',50.00,יח',false,,14.90,0.2980,true,1,1320061
7290012823381,false,מקסימה מרכך כביסה מרוכז סנסטיב בייבי סנו 1 ליטר,החברה הדרומית לשיווק בעמ,IL,מקסימה ס.מרוכז סנסטיב 1ל,ליטרים,1.00,ליטר,false,,19.90,19.9000,true,1,1320062
7290012823398,false,מטליות חד פעמיות לניקוי הרצפה בניחוח מרכך כביסה 10יח' סנו,החברה הדרומית לשיווק בעמ,,ריצפז פרש מטליות ענק,יח',10.00,יח',false,,14.90,1.4900,true,1,1710847
7290012823404,false,מטהר אוויר פרש אוטומטיק יסמין וסנדלווד,החב. הדרומית לשיווק,,מטהר אוויר פרש אוטומ,מיליליטרים,250.00,"100 מ""ל",false,,12.90,0.0516,true,1,1320063
7290012823541,false,ריצפז פרש מטליות לחות לרצפה בניחוח לבנדר 10 יחידות,החברה הדרומית לשיווק בעמ,IL,10 מטל.לחות לריצפה ריצפז,יח',10.00,יח',false,,14.90,1.4900,true,1,1320067
7290012823558,false,"מטליות לחות לרצפה 40*70 ס""מ סנו סושי 10 יחידות",החברה הדרומית לשיווק בעמ,IL,10מטליות לחות לרצפה סושי,יח',10.00,יח',false,,14.90,1.4900,true,1,1320068
7290012823565,false,פוליויקס מטליות ענק לחות לפרקט סנו 10 יחידות,החב. הדרומית לשיווק,IL,10 מטליות לחות פוליויקס,יח',10.00,יח',false,,13.90,1.3900,true,1,1320069
7290012823602,false,נייר טואלט סופט סילק לבן 32 גלילים סנו,החברה הדרומית לשיווק בעמ,IL,נייר טואלט סופט לבן 32גל,מטרים,589.00,מטר,false,,35.90,0.0610,true,1,1320072
7290012823787,false,"סנו רסס ונגב שקית מילוי 750 מ""ל",סנו,IL,סנו רסס ונגב מילוי 750מל,מיליליטרים,750.00,"100 מ""ל",false,,9.90,0.0132,true,1,1320085
7290012823794,false,אל סבון נוזלי יסמין לבנדר כיף (2 ליטר),החברה הדרומית לשיווק בעמ,IL,אל סבון כיף יסמין 2 ליטר,ליטרים,2.00,ליטר,false,,22.90,11.4500,true,1,1320086
7290012823886,false,כיף סבון מוצק אוקינוס 100 ג' * 4 יח',קוסמופארם,IL,סבון כיף אוקיינוס4*100 ג,יח',4.00,יח',false,,9.90,2.4750,true,1,1320093
7290012823916,false,גל כביסה סנו מקסימ מרוכז קריסטל נואר 5 ל,החברה הדרומית לשיווק בעמ,IL,מקסימה ג'ל כביסה 5ל,ליטרים,5.00,ליטר,false,,44.90,8.9800,true,1,1320094
7290012823923,false,"מרכך כביסה מרוכז פרפיום גולדן מקסימה 750 מ""ל",החברה הדרומית לשיווק בעמ,IL,מ.מקסימה פרפיום גולדן750,מיליליטרים,750.00,"100 מ""ל",false,,19.90,0.0265,true,1,1320095
7290012823947,false,"סנו - מרכך כביסה מרוכז פרפיום קריסטל נואר 750 מ""ל",החברה הדרומית לשיווק בעמ,IL,מ.מקסימה פרפיום קריסט750,מיליליטרים,750.00,"100 מ""ל",false,,19.90,0.0265,true,1,1320097
7290012838026,false,עוגיות מלוחות עבודת יד 350גר,הלל בן הלל שיווק ומסחר בעמ,,עוגיות מלוחות,גרמים,350.00,100 גרם,false,,15.90,0.0454,true,1,1363938
7290012850011,false,מחית תפוחי עץ שלב 3 בילובד (190 גרם),שקד תבל בע`מ,SK,BELOVED מחית תפוחי עץ 190,גרמים,190.00,100 גרם,false,,5.90,0.0311,true,1,1306569
7290012850035,false,מחית בוליווד תפוח ואפרסק 190 גרם,שקד תבל בע`מ,SK,BELOVED מחית תפוח ואפרסק,גרמים,190.00,100 גרם,false,,5.90,0.0311,true,1,1306571
7290012850073,false,מחית בוליווד סלט פירות 190 גרם,שקד תבל בע`מ,SK,BELOVED מחית סלט פירות 19,גרמים,190.00,100 גרם,false,,5.90,0.0311,true,1,1306575
7290012871054,false,שלווה חיטה מלאה דבש 200 גרם דגן,מפעלי דגן,,חטיף שלווה מתוקה 220,גרמים,200.00,100 גרם,false,,5.90,0.0295,true,1,1405982
7290012871061,false,חטיף תירס פופ מתוק ד,מפעלי דגן,,חטיף תירס תפוח 150ג.,גרמים,150.00,100 גרם,false,,5.90,0.0393,true,1,1405983
7290012878817,false,קרם חמצן 6% שוורץ,שוורץ Schwartz,IL,"תח' חמ % 6 60 סמ""ק שוו","100 סמ""ק",60.00,"100 סמ""ק",false,,3.00,0.0500,true,1,1328083
7290012878831,false,תחליב חמצן 9%,שוורץ Schwartz,IL,"תח' חמ'9% 60 סמ""ק שוור","100 סמ""ק",60.00,"100 סמ""ק",false,,3.00,0.0500,true,1,1328084
7290012884986,false,צ`יפס לתנור עד 4% שומן תפוגן (1.5 קג),קבוצת אוסם סחר שותפות מוגבלת,IL,תפוגן צ'יפס לתנור 4% שומן,קילוגרמים,1.50,"ק""ג",false,,24.90,16.6000,true,1,1305774
7290012888038,false,סט 3 צנצנות סמרט חצי,,,סט 3 צנצנות סמרט חצי,יחידה,0.00,יחידה,false,,16.90,0.0000,true,1,2381002
7290012901355,false,דודלס ארוחת אטריות עם גבינה 206 גרם,האי נאם סי או אל.טי.,,דודלס ארוחת אטריות ע,גרמים,206.00,100 גרם,false,,9.90,0.0481,true,1,2354097
7290012901959,false,ארוחת אטריות עם גבינה מסולסלים 156 גרם,מור-ים מרקטינג בעמ,,דודלס ארוחת אטריות ע,גרמים,156.00,100 גרם,false,,9.90,0.0635,true,1,2354098
7290012911156,false,"רוטב טריאקי שומשום 300 מ""ל ""אסיה""",קיי.אר.אס.ספייסי פוד,TH,"רוטב טריאקי שומשום 300 מ""",מיליליטרים,300.00,"100 מ""ל",false,,13.90,0.0463,true,1,1343431
7290012911170,false,מיסו כהה-מחית פולי סויה,טחנת האבן קואופ בעמ,,"מיסו כהה 500 ג""ר -כש",גרמים,500.00,100 גרם,false,,10.90,0.0218,true,1,1343432
7290012911187,false,מיסו בהיר-מחית פולי סויה,טחנת האבן קואופ בעמ,,"מיסו בהיר 500 ג""ר -כ",גרמים,500.00,100 גרם,false,,10.90,0.0218,true,1,1343433
7290012911224,false,יין אורז סאקה,ningbo yimin,CN,"סאקה 750 מ""ל -כשר",מיליליטרים,750.00,"100 מ""ל",false,,21.90,0.0292,true,1,1343434
7290012911262,false,"מירין משובח 500 מ""ל",טחנת האבן קואופ בעמ,CN,"מירין משובח 500 מ""ל - כשר",מיליליטרים,500.00,"100 מ""ל",false,,16.90,0.0338,true,1,1343436
7290012911293,false,דפי אורז 22 סמ טעמי אסיה (300 גרם)-ללא,טחנת האבן קואופ בעמ,VN,"דפי אורז 22 ס""מ (כשר) 300",גרמים,300.00,100 גרם,false,,12.90,0.0430,true,1,1343437
7290012911415,false,ממרח קארי ירוק טעמי אסיה (400 גרם),קיי אר אס ספייסי פוד,TH,ממרח קארי ירוק 400 גרם- כ,גרמים,400.00,100 גרם,false,,16.90,0.0422,true,1,1343442
7290012911422,false,ממרח קארי אדום טעמי אסיה (400 גרם),טחנת האבן קואופ בעמ,TH,ממרח קארי אדום 400 גרם -כ,גרמים,400.00,100 גרם,false,,16.90,0.0422,true,1,1343443
7290012911439,false,"קארי ממרח צהוב 400 גרם ""אסיה""",טחנת האבן קואופ בעמ,TH,ממרח קארי צהוב 400 גרם -כ,גרמים,400.00,100 גרם,false,,16.90,0.0422,true,1,1343444
7290012911477,false,קרם קוקוס טעמי אסיה (400 מל),אסיאטיק אגרו אינדסטר,TH,"קרם קוקוס מבצע 400 מ""ל",גרמים,400.00,100 גרם,false,,8.90,0.0223,true,1,1343445
7290012911583,false,רצועות דלעת כבושה קנפיו 100גר,טחנת האבן קואופ בעמ,CN,רצועות דלעת כבושה - קנפיו,גרמים,100.00,100 גרם,false,,10.90,0.1090,true,1,1343447
7290012911644,false,רוטב סריראצ'ה- רוטב צ'ילי חריף,טחנת האבן קואופ בעמ,,רוטב סריראג'ה צילי ח,מיליליטרים,435.00,"100 מ""ל",false,,19.90,0.0457,true,1,1343449
7290012911651,false,"מקלוני אורז 10 מ""מ Rice stick",טעמי אסיה Taste of Asia,TH,"אטריות אורז 10 מ""מ 400 ג""",גרמים,400.00,100 גרם,false,,8.90,0.0223,true,1,1343450
7290012911675,false,פטריות שטאקה טעמי אסיה (85 גרם),טחנת האבן קואופ בעמ,CN,"פטריות שטאקה 85 ג""ר - כשר",גרמים,85.00,100 גרם,false,,13.90,0.1635,true,1,1343451
7290012911729,false,"ג'ינג'ר ורוד לסושי 250 גרם ""אסיה""",טחנת האבן קואופ בעמ,CN,ג'ינג'ר לסושי ( ורוד ) כש,גרמים,250.00,100 גרם,false,,7.90,0.0316,true,1,1343452
7290012911804,false,שמן שומשום טעמי אסיה (150 מל),גואנגדונג גוד טייסט,SG,"שמן שומשום 150 מ""ל - כשר",מיליליטרים,150.00,"100 מ""ל",false,,11.90,0.0793,true,1,1343454
7290012911866,false,"דפי אורז מרוב עים 22 ס""מ 300 גרם",טחנת האבן קואופ בעמ,VN,"דפי אורז מרובעים- 22 ס""מ,",גרמים,300.00,100 גרם,false,,12.90,0.0430,true,1,1343456
7290012911934,false,שבבי אורז 227 גרם כש,טחנת האבן קואופ בעמ,TH,שבבי אורז 227ג' -כשר,גרמים,227.00,100 גרם,false,,5.90,0.0260,true,1,1343457
7290012911965,false,ג'ינג'ר לסושי ללא צבע כשר 250ג',טחנת האבן קואופ בעמ,CN,"ג'ינג'ר לסושי , ללא צבע -",גרמים,250.00,100 גרם,false,,7.90,0.0316,true,1,1343459
7290012921025,false,"בקבוק בירה מלכה בהירה 330 מ""ל",הכרם - משקאות חריפים בעמ,,בירה מלכה בהירה.,מיליליטרים,330.00,"100 מ""ל",false,,12.90,0.0391,true,1,1333848
7290012921032,false,"בקבוק בירה מלכה אדמונית 330 מ""ל",הכרם - משקאות חריפים בעמ,,בירה מלכה אדמונית.,מיליליטרים,330.00,"100 מ""ל",false,,12.90,0.0391,true,1,1333849
7290012921049,false,בירה מלכה כהה בסגנון,הכרם -משקאות חריפים בעמ,,בירה מלכה כהה.,מיליליטרים,330.00,"100 מ""ל",false,,12.90,0.0391,true,1,1333850
7290012921063,false,בירה מלכה הינדי בבקבוק,הכרם -משקאות חריפים בעמ,,בירה מלכה הינדי.,מיליליטרים,330.00,"100 מ""ל",false,,12.90,0.0391,true,1,1333852
7290012921070,false,"בירה מלכה אדמונית 750 מ""ל","בירה מלכה בע""מ",,בירה מלכה אדמונית,מיליליטרים,750.00,"100 מ""ל",false,,29.90,0.0399,true,1,2320755
7290012921087,false,"בירה מלכה בהירה 750 מ""ל","בירה מלכה בע""מ",,בירה מלכה בהירה,מיליליטרים,750.00,"100 מ""ל",false,,29.90,0.0399,true,1,2320756
7290012929779,false,פסטה מקמח מלא ספירלה 500גרם טעמן,מוצרי יסוד - טעמן,,פסטה ספירלה מקמח מלא,גרמים,500.00,100 גרם,false,,4.90,0.0098,true,1,1333415
7290012929786,false,פסטה מקמח מלא צינורות 500 גרם טעמן,מוצרי יסוד - טעמן,,פסטה צינורות מקמח מל,גרמים,500.00,100 גרם,false,,4.90,0.0098,true,1,1333416
7290012929793,false,פסטה ספדטי מקמח מלא טעמן 500 גר',מוצרי יסוד - טעמן,,ספגטי מקמח מלא 500 ג,גרמים,500.00,100 גרם,false,,4.90,0.0098,true,1,1333417
7290012931055,false,מגב חלון פלסטיק 24סמ,רפכל עיצובים,,מגב חלון פלסטיק 24 ס,יחידה,0.00,יחידה,false,,7.90,0.0000,true,1,2308466
7290012938580,false,"סנסודיין משחת שיניים להלבנה עדינה 75 מ""ל",גלקסוסמית'\קליין קונסיומ,GB,סנסודיין הלבנה עדינה 75 מ,מיליליטרים,75.00,"100 מ""ל",false,,19.90,0.2653,true,1,1346534
7290012938597,false,משחת שיניים רפיד רליף סנסודיין (75 מל),"סמיתקליין ביצ'ם בע""מ",SK,סנסודיין רפיד רליף 75 מ'',מיליליטרים,75.00,"100 מ""ל",false,,23.90,0.3187,true,1,1346535
7290012938740,false,"משחת שיניים פרש מינט מנטה 75מ""ל סנסודיין",גלקסו סמית קליין,GB,"סנסודיין פרש מינט 75 מ""ל",מיליליטרים,75.00,"100 מ""ל",false,,19.90,0.2653,true,1,1346538
7290012938924,false,אקוהפרש מי פה ללא אלכוהול 500 מל,מולינו ניקולי s.p.a,GB,"א.פרש מיי פה 500 מ""ל",מיליליטרים,500.00,"100 מ""ל",false,,19.90,0.0398,true,1,1346539
7290012962134,false,קיסמי שיניים מפלסטיק עם מברשת 100יח,אינטרסן (1996) בעמ,,קיסמי שיניים מפלסטיק,יח',100.00,יח',false,,8.90,0.0890,true,1,1322277
7290012962561,false,קיסמי שיניים במבוק הוסטס) (500,אינטרסן (1996) בעמ,,קיסמי שיניים 500יח',יח',500.00,יח',false,,3.90,0.0078,true,1,1322284
7290012962578,false,צימרוני אוזניים עץ בקופסא 300 יחידות אינטרסאן,הדקלאים אגודת שיתופי,,צימרוני אוזנים עץ בק,יח',300.00,יח',false,,6.90,0.0230,true,1,1322285
7290012962608,false,"צלחות פלסטיק עבות במיוחד 22 ס""מ-לבן 25 יח'",הוסטס Hostess,,צלחות פלסטיק עבות במ,יח',25.00,יח',false,,12.90,0.5160,true,1,1322287
7290012962684,false,"הוסטס שקיות צליה ג'מבו 50X35 ס""מ בקופסה 5 יח'",אינטרסן (1996) בעמ,,שקיות צליה גמבו 5 יח,יח',5.00,יח',false,,4.90,0.9800,true,1,1322291
7290012962882,false,מימייה גדולה,,,מימייה גדולה,יחידה,0.00,יחידה,false,,24.90,0.0000,true,1,1491495
7290012996702,false,הפי ג'ל דוחה עש ומבשם לארון הבגדים,יעקב יעקבי ובניו בעמ,IT,הפי שקיות ריחניות לבגדים,יח',2.00,יח',false,,9.90,4.9500,true,1,1325662
7290013038432,false,מים אקווה נובה בקבוק יחיד,טמפו משקאות בע`מ,,מים אקווה נובה 2 ליט,ליטרים,2.00,ליטר,false,,3.20,1.6000,true,1,1324032
7290013083661,false,"מטרנה אקסטרה קר שלב 1 חסכון 700 גרם תמ""ל",קבוצת אוסם סחר-שות.מוגבלת,IL,תרכובת מזון לתינוקות על ב,גרמים,700.00,100 גרם,false,,59.90,0.0856,true,1,1305775
7290013083678,false,"מטרנה אקסטרה קר שלב 2 חסכון 700 גרם תמ""ל",קבוצת אוסם סחר-שות.מוגבלת,IL,תרכובת מזון המשך לתינוקו,גרמים,700.00,100 גרם,false,,59.90,0.0856,true,1,1305776
7290013083685,false,תחליף חלב מטרנה אקסטרה קר שלב 3 חסכון 700 גרם,קבוצת אוסם סחר-שות.מוגבלת,IL,תרכובת מזון המשך לפעוטות,גרמים,700.00,100 גרם,false,,59.90,0.0856,true,1,1305777
7290013117212,false,בורקס פילו במילוי גבינה מעדנות 600 גר,תנובה מרכז שיתופי לשיווק תוצרת,IL,בורקס פילו במילוי גבינה מ,גרמים,600.00,100 גרם,false,,19.90,0.0332,true,1,1340617
7290013117229,false,"בורקס פילו במילוי תפו""א מעדנות 600 גר",תנובה מרכז שיתופי לשיווק תוצרת,IL,"בורקס פילו במילוי תפו""א מ",גרמים,600.00,100 גרם,false,,19.90,0.0332,true,1,1340618
7290013117236,false,בורקס פילו פיצה מעדנות 600 גרם,תנובה מרכז שיתופי לשיווק תוצרת,IL,בורקס פילו פיצה 600 גר,גרמים,600.00,100 גרם,false,,19.90,0.0332,true,1,1340619
7290013117243,false,בורקס פילו בולגרית מעדנות 600 גרם,תנובה מרכז שיתופי לשיווק תוצרת,IL,בורקס פילו בולגרית 600 גר,גרמים,600.00,100 גרם,false,,19.90,0.0332,true,1,1340620
7290013117410,false,בצק פריך מרודד למאפים מתוקים 900 ג' מעדנות,תנובה מרכז שיתופי לשיווק תוצרת,IL,בצק פריך מתוק 900 גר מעדנ,גרמים,900.00,100 גרם,false,,22.90,0.0254,true,1,1340623
7290013117427,false,בצק פריך מרודד למאפים מלוחים מעדנות 2*450 גרם,תנובה מרכז שיתופי לשיווק תוצרת,IL,בצק פריך מלוח 900 גר מעדנ,גרמים,900.00,100 גרם,false,,22.90,0.0254,true,1,1340624
7290013117526,false,בצק שמרים מרודד למאפים מתוקים מעדנות 900 גרם,תנובה מרכז שיתופי לשיווק תוצרת,IL,בצק שמרים למאפים מתוקים 9,גרמים,900.00,100 גרם,false,,22.90,0.0254,true,1,1340628
7290013121011,false,חלת שבת 500 גרם ללא גלוטן,אביב קונדיטוריה מעול,IL,חלת שבת 500,גרמים,500.00,100 גרם,false,,21.90,0.0438,true,1,1350515
7290013121028,false,לחם לבן 500 גרם ללא גלוטן גרין לייט,אביב קונדיטוריה מעול,IL,לחם לבן 500,גרמים,500.00,100 גרם,false,,18.90,0.0378,true,1,1350516
7290013121035,false,לחם פשתן ללא גלוטן 500 גר קפוא,אביב קונדיטוריה מעול,IL,לחם פשתן 500,גרמים,500.00,100 גרם,false,,19.90,0.0398,true,1,1350517
7290013121042,false,לחם איטלקי ללא גלוטן 500 גר קפוא,אביב קונדיטוריה מעול,IL,לחם איטלקי 500,גרמים,500.00,100 גרם,false,,19.90,0.0398,true,1,1350518
7290013121103,false,רביעיית לחמניות סנדויץ ללא גלוטן 460 גרם,אביב קונדיטוריה מעול,IL,שליש באגט 4 400,גרמים,400.00,100 גרם,false,,19.90,0.0497,true,1,1350520
7290013121110,false,לחמניות בורגר ללא גלוטן גרין לייט 4 * 87 גרם,אביב קונדיטוריה מעול,IL,לחמניות בורגר 4 350,גרמים,350.00,100 גרם,false,,19.90,0.0569,true,1,1350521
7290013121127,false,לחמניות מיני ללא גלוטן גרין לייט 6 יחידות,אביב קונדיטוריה מעול,IL,לחמניות מיני 420,גרמים,480.00,100 גרם,false,,19.90,0.0415,true,1,1350522
7290013121158,false,לחמניות סנדוויץ ללא גלוטן גרין לייט 4 * 115 גרם,אביב קונדיטוריה מעול,IL,רביעיית לחמניות סנדביץ 46,גרמים,460.00,100 גרם,false,,19.90,0.0433,true,1,1350525
7290013121165,false,לחמניות נקניקיה ללא גלוטן גרין לייט 6 * 77 גרם,אביב קונדיטוריה מעול,IL,6 לחמניות נקניקיה,גרמים,460.00,100 גרם,false,,19.90,0.0433,true,1,1350526
7290013121684,false,כדורי שוקולד 400 גרם ללא גלוטן,אביב קונדיטוריה מעול,IL,כדורי שוקולד 400,גרמים,400.00,100 גרם,false,,29.90,0.0747,true,1,1350540
7290013121752,false,לחם לבן ביתי ללא גלוטן 700 גר קפוא,אביב קונדיטוריה מעול,IL,לחם לבן בייתי 700 גרם,גרמים,700.00,100 גרם,false,,24.90,0.0356,true,1,1350546
7290013121769,false,רביעיית שליש באגט ללא תוספת סוכר וללא גלוטן,אביב קונדיטוריה מעול,IL,באגט שליש ללא סוכר 400 גר,גרמים,400.00,100 גרם,false,,19.90,0.0497,true,1,1350547
7290013121776,false,לחם כפרי ללא תוספת סוכר וללא גלוטן,אביב קונדיטוריה מעול,IL,לחם כפרי ללא סוכר 700 גרם,גרמים,700.00,100 גרם,false,,24.90,0.0356,true,1,1350548
7290013121851,false,גרינלייט זוג בגאטים קלאסי 480ג,גורי ע.ע.ע בעמ,,זוג באגטים רוסטיק קל,גרמים,480.00,100 גרם,false,,19.90,0.0415,true,1,2328689
7290013121868,false,זוג בגטים רוסטיק גרעינים 480 גר,,,זוג באגטים רוסטיק גר,גרמים,480.00,100 גרם,false,,19.90,0.0415,true,1,2328690
7290013125279,false,פרשיס 60 מגבוני נייר טואלט לחים,,,מגבוני נייר לחים,"י""ח",60.00,"י""ח",false,,6.90,0.1150,true,1,1305011
7290013132475,false,רצועות שעווה לקו הביקיני ופנים,,,רצועות שעווה לקו הבק,יח',16.00,יח',false,,19.90,1.2437,true,1,1333725
7290013151827,false,פיטריות חתוכות במרינ,,,פיטריות חתוכות במרינ,גרמים,340.00,100 גרם,false,,11.90,0.0350,true,1,2321952
7290013153395,false,מיץ סחוט רימונים טבעי פריגת (1 ליטר),*החברה המרכזית להפצת משקאותבעמ,IL,סחוט 750 רימונים,ליטרים,1.00,100 ליטר,false,,21.90,21.9000,true,1,2353651
7290013153418,false,מיץ סחוט טרי 1ל לימונענע פרי גת,החברה המרכזית טלהפצת משקאות בע,,משקה פריגת טעם לימונ,ליטרים,1.00,ליטר,false,,15.90,15.9000,true,1,2409190
7290013153579,false,משקה בטעם אפרסק מרוכז קפוא,החברה המרכזית טלהפצת משקאות בע,,מיץ אפרסק קפוא 280 ג,גרמים,280.00,100 גרם,false,,9.90,0.0354,true,1,1667619
7290013153586,false,"משקה פירות יער קפוא פריגת 340 מ""ל",היינץ צפון אמריקה מק,,מיץ פירות יער קפוא 2,גרמים,280.00,100 גרם,false,,9.90,0.0354,true,1,1667620
7290013153593,false,תפוזים מתקתק 100% פריגת 1 ליטר,החברה המרכזית טלהפצת משקאות בע,,מיץ תפוזים מתקתק 100,ליטרים,1.00,ליטר,false,,11.90,11.9000,true,1,2368831
7290013156006,false,עוגיות כעכים לקפה מרוקאיות 200גר,הלל בן הלל שיווק ומסחר בעמ,,עוגיות מרוקאיות,גרמים,350.00,100 גרם,false,,16.90,0.0483,true,1,1363939
7290013156822,false,עוגיות רייף 350ג גאקובס,הלל בן הלל שיווק ומסחר בעמ,,עוגיות רייף,גרמים,350.00,100 גרם,false,,16.90,0.0483,true,1,2358364
7290013181398,false,מגש אובלי עלי דקל 3 יחיד,,,מגש הגשה אובאלי עלי,יחידה,0.00,יחידה,false,,12.90,0.0000,true,1,2284735
7290013237873,false,טסקיו דאודורנט ספריי לגבר,חלאבין,,דאודורנט ספריי טסקיו,יחידה,0.00,יחידה,false,,19.90,0.0000,true,1,1327771
7290013237880,false,טסקיו תחליב לאחר גילוח 125 מל,,,גל לאחר גילוח טסקיו,יחידה,0.00,יחידה,false,,29.90,0.0000,true,1,1327772
7290013237897,false,טסקיו דאודורנט סטיק לגבר,חלאבין Halvin,,דאודורנט סטיק טסקיו,מיליליטרים,50.00,"100 מ""ל",false,,14.90,0.2980,true,1,1327773
7290013268020,false,מקסימה מרכך כביסה מרוכז בניחוח אולטרא פרש סנו 1 ליטר,החברה הדרומית לשיווק בעמ,IL,מקסימה סופר מרוכז פרש 1ל,ליטרים,1.00,ליטר,false,,19.90,19.9000,true,1,1320100
7290013268037,false,מקסימה מרכך כביסה מרוכז בניחוח לבנדר פצ'ולי סנו 1 ליטר,החברה הדרומית לשיווק בעמ,IL,'מקסימה ס.מרוכז לבנדר 1ל,ליטרים,1.00,ליטר,false,,19.90,19.9000,true,1,1320101
7290013268204,false,סנובון מגבונים לניקוי וחיטוי מושב האסלה,טרופיקל דגיל- תעשיות,,מגבונים לחיטוי מושב,יח',20.00,יח',false,,9.90,0.4950,true,1,1942026
7290013268372,false,פוליוויקס פרקט סנו בתוספת שמן ארגן (2 לי,החברה הדרומית לשיווק בעמ,,פוליויקס פרקט בתוספת,ליטרים,2.00,ליטר,false,,19.90,9.9500,true,1,2302357
7290013268440,false,אורביטול צמד מברשות שיניים בובספוג+פיגור,החברה הדרומית לשיווק בעמ,,צמד מברשות שיניים בו,יח',2.00,יח',false,,14.90,7.4500,true,1,1397113
7290013268570,false,דאודורנט ספריי אנטיפרספירנט אקטיב בלוק Calm,אמיליה קוסמטיקס,IL,"דאו.קרמה מן קלאם 200 מ""ל",מיליליטרים,200.00,"100 מ""ל",false,,11.90,0.0595,true,1,1320127
7290013268594,false,דאודורנט ספריי לגבר Body Power הגנה אפקטיבית,החברה הדרומית לשיווק בעמ,IL,"דאו.קרמה מן פאוור 200מ""ל",מיליליטרים,200.00,"100 מ""ל",false,,11.90,0.0595,true,1,1320129
7290013268839,false,פוליויקס פרקט-תרכיז ריחני לניקוי רצפות עץ,החברה הדרומית לשיווק בעמ,,פוליויקס פרקט 2 ליטר,ליטרים,2.00,ליטר,false,,19.90,9.9500,true,1,1989348
7290013268884,false,"נוזל רצפות מאסק 2 ליטר ""ריצפז פרש""",החברה הדרומית לשיווק בעמ,IL,סנו ריצפז פרש מאסק 2ליטר,ליטרים,2.00,ליטר,false,,17.90,8.9500,true,1,1320150
7290013268891,false,אוקסיג'ן ג'ל ללא אקונומיקה עם חמצן פעיל סנו 3 ליטר,החברה הדרומית לשיווק בעמ,IL,אוקסיג'ן ג'ל 3ליטר,ליטרים,3.00,ליטר,false,,29.90,9.9667,true,1,1320151
7290013268907,false,ג'ל כביסה ביו בטמפרטורות נמוכות,החברה הדרומית לשיווק בעמ,IL,מקסימה ג'ל לכביסה 3ל,ליטרים,3.00,ליטר,false,,29.90,9.9667,true,1,1320152
7290013268914,false,סנו מקסימה ג'ל כביסה סמארט 3 ל',החברה הדרומית לשיווק בעמ,,ג'ל כביסה SMART מקסי,ליטרים,3.00,ליטר,false,,34.90,11.6333,true,1,1764220
7290013268938,false,סנובון סבון לאסלה בניחוח מאסק סנו 3*65 גרם,החברה הדרומית לשיווק בעמ,PL,55 ג X 'סנובון מאסק 3 יח,יח',3.00,יח',false,,9.90,3.3000,true,1,1320154
7290013268983,false,מרכך כביסה סופר מרוכז בבישום עוצמתי סנו מקסימה 1 ל',החברה הדרומית לשיווק בעמ,,מרכך כביסה מרוכז מקס,ליטרים,1.00,ליטר,false,,19.90,19.9000,true,1,2355887
7290013268990,false,מרכך כביסה מרוכז לבן ביו סנו מקסימה 1 ליטר,החברה הדרומית לשיווק בעמ,IL,מקסימה מרכך מרוכז ביו1ל,ליטרים,1.00,ליטר,false,,19.90,19.9000,true,1,1320155
7290013269003,false,מרכך כביסה סופר מרוכז בייבי לתינוקות ולעור רגיש,החברה הדרומית לשיווק בעמ,IL,מקסימה מרכך בייבי 1 ליטר,ליטרים,1.00,ליטר,false,,19.90,19.9000,true,1,1320156
7290013269096,false,מטליות לחות לטיפול במוצרי עור,מיוצר עי קונדיטוריית,IL,מטליות למוצרי עור 20יח,יח',1.00,יח',false,,18.90,18.9000,true,1,1320160
7290013269157,false,"מרכך מבשם למייבש כביסה לבנדר סנו מקסימה 750 מ""ל",החב הדרומית לשיווק,,מרסס למייבש כביסה סנ,מיליליטרים,750.00,"100 מ""ל",false,,17.90,0.0239,true,1,1320163
7290013269263,false,ג'ל כביסה מרוכז מקסימה בבישום קריסטל נואר,החברה הדרומית לשיווק בעמ,IL,מקסימה ג'ל כביסה 3ליטר,ליטרים,3.00,ליטר,false,,29.90,9.9667,true,1,1320169
7290013269287,false,סנו - מקסימה ג'ל כביסה מרוכז מאסק 3 ליטר,החברה הדרומית לשיווק בעמ,IL,מקסימה ג'ל כביסה מאסק3ל,ליטרים,3.00,ליטר,false,,29.90,9.9667,true,1,1320171
7290013269300,false,סושי ניילון נצמד פלוס סנו (150 מטר),החברה הדרומית לשיווק בעמ,CN,ניילון נצמד פלוס 150 מטר,מטרים,150.00,מטר,false,,29.90,0.1993,true,1,1320172
7290013269348,false,K3 תחנת פיתיון קוטל תיקנים (ג'וקים) בבית ובחצר,החברה הדרומית לשיווק בעמ,,סנו -K3 תחנות פיתיון,גרמים,10.00,100 גרם,false,,49.90,4.9900,true,1,2266589
7290013269621,false,ריצפז פרש לניקוי רצפות בניחוח מלון בוטיק,החברה הדרומית לשיווק בעמ,,ריצפז פרש הום תרכיז,ליטרים,2.00,ליטר,false,,19.90,9.9500,true,1,2069213
7290013269638,false,ספוג הפלא אקסטרה Extra- מארז 6 יח',החברה הדרומית לשיווק בעמ,US,ספוג הפלא אקסטרה 6 יחידו,יח',6.00,יח',false,,11.90,1.9833,true,1,1320180
7290013269645,false,ריצפז פרש מטליות לחות לריצפה בניחוח מאסק 10 יחידות,החברה הדרומית לשיווק בעמ,IL,10מטליות לחות מאסק,יח',10.00,יח',false,,14.90,1.4900,true,1,1320181
7290013269652,false,פוליויקס נוזל לניקוי רצפות גרניט פורצלן סנו 2 ליטר,החברה הדרומית לשיווק בעמ,IL,פוליויקס ג.פורצלן מאסק2ל,ליטרים,2.00,ליטר,false,,24.90,12.4500,true,1,1320182
7290013269669,false,ריצפז בניחוח פנטזיה לניקוי הרצפה,החברה הדרומית לשיווק בעמ,IL,'ריצפז בניחוח פנטזיה 3 ל,ליטרים,3.00,ליטר,false,,15.90,5.3000,true,1,1320183
7290013269751,false,מטליות לחותריצפז פרש לניקוי ריצפה בניחות מלון בוטיק 10 יח' סנו,החברה הדרומית לשיווק בעמ,,ריצפז פרש מטליות ענק,יח',10.00,יח',false,,14.90,1.4900,true,1,2069220
7290013269850,false,נייר אפיה אקולוגי סנו סושי 50 יחידות,החברה הדרומית לשיווק בעמ,IL,'נייר אפיה אקולוגי 50 יח,יח',50.00,יח',false,,14.90,0.2980,true,1,1320190
7290013269867,false,סנו סושי זוג מפות אירוח צבעים שונים,החברה הדרומית לשיווק בעמ,IL,סנו סושי צמד מפות שולחן,יח',2.00,יח',false,,9.90,4.9500,true,1,1320191
7290013269911,false,"סנו K-333 קוטל חרקים ללא ריח 750מ""ל",החברה הדרומית לשיווק בעמ,IL,"סנו ק-333 750מ""ל",מיליליטרים,750.00,"100 מ""ל",false,,29.90,0.0399,true,1,1320194
7290013269942,false,קוטל מעופפים קיי פירטרום סנו (400 מל),החברה הדרומית לשיווק בעמ,IL,"פירטרום 400מ""ל K סנו",מיליליטרים,400.00,"100 מ""ל",false,,24.90,0.0622,true,1,1320195
7290013276117,false,"בקבוק בירה נגב אואזיס 330 מ""ל",הכרם - משקאות חריפים בעמ,,בירה נגב אואזיס,ליטרים,330.00,100 ליטר,false,,14.90,0.0452,true,1,1482418
7290013276124,false,"בקבוק בירה נגב אמבר אייל 330 מ""ל",הכרם - משקאות חריפים בעמ,,בירה אמבר אלון 330 מ,ליטרים,330.00,100 ליטר,false,,14.90,0.0452,true,1,1482419
7290013276131,false,"בקבוק בירה נגב פורטר אלון 330 מ""ל",הכרם משקאות חריפים בעמ,,בירה פורטר אלון 330,ליטרים,330.00,100 ליטר,false,,14.90,0.0452,true,1,1482420
7290013302014,false,"אבקה להכנת שוקו 1 ק""ג טעמן",טעמן שווק מזון בעמ,,"שוקו שוקו 1ק""ג 12 Xב",קילוגרמים,1.00,"ק""ג",false,,12.90,12.9000,true,1,2428813
7290013302342,false,"מארז מחית תפו""ע 130 גרם*6 יח' פריטוב",טעמן,,שישיית מחיות קוקטייל,גרמים,780.00,100 גרם,false,,23.90,0.0306,true,1,1333431
7290013302656,false,פילה סרדין בשמן זית ופלפל חריף טעים 125 ג',טעמן שווק מזון בעמ,,פילה סרדין בשמן זית,גרמים,125.00,100 גרם,false,,7.90,0.0632,true,1,1333436
7290013302663,false,פילה סרדין בשמן זית 125 גר' טעים,טעמן שווק מזון בעמ,,פילה סרדין בשמן זית,גרמים,125.00,100 גרם,false,,7.90,0.0632,true,1,1333437
7290013310019,false,קיסמי שיניים רפואיים עם חוט דנטאלי הוסטס,אינטרסן 1996 בעמ,,קיסמי שיניים רפואיים,יח',30.00,יח',false,,5.90,0.1967,true,1,1322292
7290013310057,false,כוסות נייר לשתיה חמה,הוסטס Hostess,,כוסות נייר 50 יח',יח',50.00,יח',false,,10.90,0.2180,true,1,1322293
7290013310064,false,חוט דנטלי בטעם מנטה מצופה שעווה,אינטרסן (1996) בעמ,,חוט דנטאלי רפואי עם,מטרים,50.00,מטר,false,,5.90,0.1180,true,1,1322294
7290013310262,false,נובי 5380 כפית ארוכה 4 יח' בטוחה ורגישה לחום,אינטרסן (1996) בעמ,,כפית לתינוק נובי,יחידה,0.00,יחידה,false,,29.90,0.0000,true,1,1322301
7290013310279,false,נובי כפית ארוכה וצבעונית 3 יח,אינטרסן (1996) בעמ,,כפית לתינוק 3 יח' נו,יח',3.00,יח',false,,19.90,6.6333,true,1,1322302
7290013310378,false,כפפות ניטריל S כחולות ללא אבקה 80 יח' EASY TOUCH,אינטרסן (1996) בעמ,,כפפות כחולות S ללא א,יח',80.00,יח',false,,24.90,0.3112,true,1,1322306
7290013310385,false,כפפות ניטריל M כחולות ללא אבקה 80 יח' EASY TOUCH,אינטרסן (1996) בעמ,,כפפות כחולות M ללא א,יח',80.00,יח',false,,24.90,0.3112,true,1,1322307
7290013310392,false,כפפות ניטריל L כחולות ללא אבקה 80 יח' EASY TOUCH,אינטרסן (1996) בעמ,,כפפות כחולות L ללא א,יח',80.00,יח',false,,24.90,0.3112,true,1,1322308
7290013310408,false,כפפות ניטריל XL כחולות ללא אבקה 80 יח' EASY TOUCH,אינטרסן (1996) בעמ,,כפפות כחולות XL ללא,יח',80.00,יח',false,,24.90,0.3112,true,1,1322309
7290013310576,false,"כוסות נייר 240-8BOZמ""ל שתיה חם/קר הוסטס 50 יח'",ACSP,,כוסות נייר 50 יח',יח',50.00,יח',false,,11.90,0.2380,true,1,1322311
7290013310637,false,מברשת ניצמדת לניקוי פטמות ובקבוקים,אינטרסן 1996 בעמ,,מברשת לבקבוקים לניקו,יחידה,0.00,יחידה,false,,39.90,0.0000,true,1,1322312
7290013358356,false,פירורי לחם מוזהבים מאסטר שף (320גרם),ש. שסטוביץ בע`מ,IL,מנה פירורי לחם מוזהבים 35,גרמים,320.00,100 גרם,false,,6.90,0.0216,true,1,1338905
7290013358363,false,מאסטר שף פרורי לחם פנקו עבים בסגנון יפני 300 גר,קריניציה ויטמינה אס,IL,מנה פירורי לחם פנקו מוזהב,גרמים,300.00,100 גרם,false,,9.90,0.0330,true,1,1338906
7290013358370,false,פנקו פירורי לחם מאסטר שף בטעם שום 300 גרם,"מיוצר ע""י מנה י.א בע",IL,מנה פירורי לחם פנקו מוזהב,גרמים,300.00,100 גרם,false,,9.90,0.0330,true,1,1338907
7290013358417,false,מאסטר שף אסייאתי רוטב טריאקי 300 מל כשלפ,קריניציה ויטמינה אס,,"רוטב טריאקי 300 מ""ל",מיליליטרים,300.00,"100 מ""ל",false,,10.90,0.0363,true,1,1396791
7290013358431,false,מאסטר שף קרוטונים לסלט עגבניות ובזיליקום,עינת תעשיות מזון אגו,IL,מנה קרוטונים לסלט עגבניות,גרמים,200.00,100 גרם,false,,9.90,0.0495,true,1,1338910
7290013358448,false,"קרוטונים לסלט אקסטרה ארוכים בתיבול שום, בצל ופטרוזיליה",עינת תעשיות מזון אגו,IL,מנה קרוטונים לסלט אקסטרא,גרמים,200.00,100 גרם,false,,9.90,0.0495,true,1,1338911
7290013358462,false,"מיני קרוטונים למרק בתיבול שום, בצל ופטרוזיליה","עינת תעשיות מזון, אגשח ב",IL,מנה מיני קרוטונים למרק שו,גרמים,350.00,100 גרם,false,,17.90,0.0511,true,1,1338913
7290013358486,false,מאסטר שף פירורים מוזהבים ללא צורך בביצה 300 ג,"מיוצר ע""י מנה י.א בע",IL,מנה פירורי לחם מוזהבים לל,גרמים,300.00,100 גרם,false,,9.90,0.0330,true,1,1338914
7290013358509,false,מנה מיקסלט תערובת עשירה מאסטר שף 200גר,ש. שסטוביץ בע`מ,IL,מנה מיקסלט 200 גרם,גרמים,200.00,100 גרם,false,,14.90,0.0745,true,1,1338915
7290013358516,false,"מיקסלט חמוציות, גרעינים, קטניות ואגוזים",ש. שסטוביץ בע`מ,IL,מנה מיקסלט עם חמוציות 200,גרמים,200.00,100 גרם,false,,14.90,0.0745,true,1,1338916
7290013358523,false,מאסטר שף שבבי בצל מטוגן 150 גרם,קריניציה ויטמינה אס,,שבבי בצל מטוגן 150 ג,גרמים,150.00,100 גרם,false,,9.90,0.0660,true,1,1722375
7290013358578,false,מנה אסייאתי אטריות אורז רחבות 400 ג מ.שף,ליינג טונג רייספלוור,,איטריות אורז רחבות מ,גרמים,400.00,100 גרם,false,,8.90,0.0223,true,1,1396794
7290013358585,false,מנה אסייאתי נודלס ביצים להקפצה 400 מ.שף,הנסיך- מפעל לייצור ט,,נודלס ביצים מנה 400,גרמים,400.00,100 גרם,false,,8.90,0.0223,true,1,1396795
7290013358806,false,מנה מאגדת פריכיות אורז עם מלח 264 גרם,ש. שסטוביץ בע`מ,IL,מנה מאגדת פריכיות אורז עם,גרמים,264.00,100 גרם,false,,12.90,0.0489,true,1,1338919
7290013361103,false,4 יח' טונה במים ויטה,פרי הגליל,IL,מארז טונה 160X4במים פג,גרמים,640.00,100 גרם,false,,19.90,0.0311,true,1,1347438
7290013361172,false,4 יח' טונה בשמן קנול,,,4 יח' טונה בשמן קנול,גרמים,640.00,100 גרם,false,,19.90,0.0311,true,1,1819915
7290013361981,false,צ'יפס קפוא חתוך פרי הגליל,ויטה- פרי גליל (החדשה) בעמ,IL,צ'יפס קטרינג 2פג,קילוגרמים,2.00,"ק""ג",false,,24.90,12.4500,true,1,1347453
7290013361998,false,"סטייק צ'יפס פרי הגליל 2 ק""ג",ויטה- פרי גליל (החדשה) בעמ,IL,סטייק צ'יפס 2קג פג רבנות,קילוגרמים,2.00,"ק""ג",false,,24.90,12.4500,true,1,1347454
7290013381088,false,עמבה הודית אורגינלית 500,נאמן לאורך זמן בעמ,,עמבה הודית,גרמים,500.00,100 גרם,false,,9.90,0.0198,true,1,1329682
7290013381293,false,שקיות אלפא פתח סגור גדול,QINGDAO XIRONG,,שקיות פתח סגור 20 יח,יחידה,20.00,יחידה,false,,8.90,0.4450,true,1,1329685
7290013381323,false,לימונלה מיץ לימון,ITAL LEMON,,מיץ לימון,ליטרים,1.00,ליטר,false,,15.90,15.9000,true,1,1329686
7290013381361,false,שטחון לציפוי ואחסנה צבעוני,אלפא Alfa,,משטח לציפוי ואחסנה,יחידה,0.00,יחידה,false,,7.90,0.0000,true,1,1329687
7290013381576,false,"רוזטה תרכיז שקדים 1 ליטר בד""צ",נאמן לאורך זמן בעמ,,משקה רוזטה-תרכיז שקד,ליטרים,1.00,ליטר,false,,20.90,20.9000,true,1,1329695
7290013381699,false,קקאו טופ מותגים 500 גרם,נאמן לאורך זמן,,אבקת קקאו,גרמים,500.00,100 גרם,false,,19.90,0.0398,true,1,1329699
7290013389114,false,ניוקי תפוח אדמה לה פסטה 500 גרם,לה פסטה La' Pasta,,"ניוקי תפו""א 500 גרם.",גרמים,500.00,100 גרם,false,,7.90,0.0158,true,1,1339740
7290013389145,false,"ניוקי 500 ג' ""לה פסטה"" מיני 500 גר' 12X",תומר ייבוא ושיווק מוצרי מזון [,,מיני ניוקי 500 גרם.,גרמים,500.00,100 גרם,false,,7.90,0.0158,true,1,1339743
7290013389374,false,תומר קמח תירס דק 500 גר פולטנה,תומר ייבוא ושיווק מוצרי מזון [,,קמח תירס פולנטה 500,גרמים,500.00,100 גרם,false,,6.90,0.0138,true,1,1339748
7290013389381,false,"קמח תירס פולנטה מולינו 1 ק""ג",תומר ייבוא ושיווק מוצרי מזון [,,"קמח תירס פולנטה 1 ק""",קילוגרמים,1.00,"ק""ג",false,,9.90,9.9000,true,1,1339749
7290013389398,false,קמח תירס דק 1 קג פולטנה תומר,תומר ייבוא ושיווק מוצרי מזון [,,"קמח תירס דק 1 ק""ג",גרמים,1000.00,100 גרם,false,,9.90,0.0099,true,1,1339750
7290013389893,false,סרדין פילה מרוקאי בשמן תומר 125 ג',תומר יבוא ושיווק מוצרי מזון (1,,פילה סרדין בשמן 125,גרמים,125.00,100 גרם,false,,7.90,0.0632,true,1,1339759
7290013389909,false,פילה סרדין חריף 125 גרם,,,פילה סרדין חריף 125,גרמים,125.00,100 גרם,false,,7.90,0.0632,true,1,1339760
7290013412409,false,טופד סופגנית מקסי 15,שקד תבל בעמ,,נועם סופגנית 15-FREE,יח',15.00,יח',false,,9.90,0.6600,true,1,1405289
7290013412966,false,רבעיית מגבונים תולי 72*4 יחידות,שקד תבל בעמ,,מגבון תולי רביעייה 7,יח',288.00,יח',false,,14.90,0.0517,true,1,2032749
7290013420886,false,תחבושת אלסטית נצמדת,,,תחבושת אלסטית נצמדת,יח',1.00,יח',false,,24.90,24.9000,true,1,2350105
7290013424914,false,אפרסק פלחים ארוז 500 גר,בינזו לונגשינטיאנרן,,אפרסק פלחים 500 גרם,גרמים,500.00,100 גרם,false,,9.90,0.0198,true,1,2408256
7290013424921,false,קיווי פרוסות קפוא פי,בינזו לונגשינטיאנרן,,קיווי פרוס ארוז 500,גרמים,500.00,100 גרם,false,,9.90,0.0198,true,1,2408257
7290013430083,false,"בירה אלכסנדר בלונד בקבוק 330 מ""ל",אגודת הכורמים -כרמל מזרחי,,בירה אלכסנדר,מיליליטרים,330.00,"100 מ""ל",false,,13.20,0.0400,true,1,2351795
7290013430205,false,"בירה אלכסנדר בלאק 330 מ""ל",אגודת הכורמים,,בירה אלכסנדר,מיליליטרים,330.00,"100 מ""ל",false,,12.90,0.0391,true,1,2351797
7290013430250,false,אלכסנדר חיטה ישראלית בקבוק בודד 330 מל,אלכסנדר- בירה ישראלית מע,,בירה אלכסנדר,מיליליטרים,330.00,"100 מ""ל",false,,12.90,0.0391,true,1,2351798
7290013430304,false,בירה אלכסנדר גרין GREEN בירה ישראלית,מנדלז סי.אר. פרודקשן,,בירה אלכסנדר,מיליליטרים,330.00,"100 מ""ל",false,,12.90,0.0391,true,1,2351799
7290013440648,false,מאגדת שלגוני אבטיח נסטלה 5 יחידות,נגה גלידות שותפות מוגבלת,IL,אבטיח 5 יח׳,גרמים,540.00,100 גרם,false,,25.90,0.0480,true,1,1329776
7290013451927,false,פריכיות כוסמת ללא תוספת מלח,י.איטליאנו אחזקות בעמ,,פריכיות כוסמת ללא מל,גרמים,175.00,100 גרם,false,,9.90,0.0566,true,1,2333859
7290013453181,false,קריספיס שקדים רוזמרין 170 גר,,,קריספיס שקדים ורוזמר,גרמים,170.00,100 גרם,false,,24.90,0.1465,true,1,2273707
7290013453617,false,ביסקוטי שקדים וקוקוס 200 גרם,האי נאם סי או אל.טי.,,עוגיות ביסקוטי שקדים,גרמים,200.00,100 גרם,false,,25.90,0.1295,true,1,2273712
7290013453631,false,דני וגלית עוגיות חמאת בוטנים שוקולדצ'יפס מפצפוצי אורז מלא 230 גרם,האי נאם סי או אל.טי.,,עוגיות כדורי ח. בוטנ,גרמים,230.00,100 גרם,false,,25.90,0.1126,true,1,2273713
7290013453648,false,דני וגלית עוגיות פירות יער מקמח שקדים וקמח אורז מלא 230 גרם,"דני וגלית בע""מ",,עוגיות פ. יער קמח שק,גרמים,230.00,100 גרם,false,,25.90,0.1126,true,1,2273720
7290013472199,false,ערמונים קלופים וקלויים 105 גרם,ג.וילי-פוד אינטרנשיונל בעמ,CN,ערמונים קלופים וקלויים 10,גרמים,100.00,100 גרם,false,,5.90,0.0590,true,1,1308874
7290013472892,false,בולגריה קוביות במי מלח - מרכיבי חלב ושומן צמחי,ג.וילי-פוד אינטרנשיונל **גבינו,GR,הבולגריה בקוביות 200גרם (,גרמים,200.00,100 גרם,false,,9.90,0.0495,true,1,1308878
7290013521101,false,פסטה כוסמין אורגנית תרד 350 גרם,השדה מוצרים אורגניים,,פסטה פוטציני כוסמין,גרמים,350.00,100 גרם,false,,19.90,0.0569,true,1,1421151
7290013521231,false,פסטה כוסמין אורגנית עם תרד ועגבניות,השדה מוצרים אורגניים,,פסטה כוסמין טריקולר,גרמים,400.00,100 גרם,false,,19.90,0.0497,true,1,1421154
7290013521316,false,ממרח אורגני בטעם מיונז ללא ביצים 230 גר,השדה מוצרים אורגניים,,ממרח אורגני בטעם מיו,גרמים,230.00,100 גרם,false,,16.90,0.0735,true,1,1421179
7290013521385,false,רסק תפוחים אורגני השדה מוצרים אורגנים 700 גרם,השדה מוצרים אורגניים,,רסק תפוחים אורגני 70,גרמים,700.00,100 גרם,false,,18.90,0.0270,true,1,1421162
7290013521392,false,רסק תפוחים אורגני 360 גר,מחנדל,,רסק תפוחים אורגני 36,גרמים,360.00,100 גרם,false,,14.90,0.0414,true,1,1421163
7290013521408,false,אבקת מרק ירקות אורגני השדה מוצרים אורגנים 200 גרם,השדה מוצרים אורגניים,,אבקת מרק ירקות אורגנ,גרמים,200.00,100 גרם,false,,24.90,0.1245,true,1,1421164
7290013521415,false,אבקת מרק אורגנית בטעם עוף 200 גרם,השדה מוצרים אורגניים,,אבקת מרק אורגנית בטע,גרמים,200.00,100 גרם,false,,24.90,0.1245,true,1,1421456
7290013525789,false,אריסה מרוקאית שמיר 150 גר',"סלטי שמיר 2006 בע""מ",,עריסה 150גרם,גרמים,150.00,100 גרם,false,,9.90,0.0660,true,1,2282125
7290013525796,false,סחוג תימני שמיר 150 גר',"סלטי שמיר 2006 בע""מ",,סחוג תימני 150גרם,גרמים,150.00,100 גרם,false,,9.90,0.0660,true,1,2282126
7290013525802,false,סחוג תימני אדום 150 גר' שמיר,"סלטי שמיר 2006 בע""מ",,סחוג אדום 150 גרם,גרמים,150.00,100 גרם,false,,9.90,0.0660,true,1,2282127
7290013531117,false,רוטב פסטה לילדים יכין (240 גר`),"זנלכל בע""\מ",IL,רוטב פסטה לילדים 260 ג יכ,גרמים,240.00,100 גרם,false,,5.50,0.0229,true,1,1322782
7290013531346,false,סירופ דיאט בטעם לימונענע יכין 1 ליטר,זנלכול יכין,,סירופ דיאט למונענע 1,ליטרים,1.00,ליטר,false,,16.90,16.9000,true,1,1322783
7290013531612,false,רוטב לפסטה נפוליטנה יכין 240 גרם,זנלכול יכין,,רוטב פסטה נפוליטנה 2,גרמים,240.00,100 גרם,false,,5.50,0.0229,true,1,2329413
7290013531629,false,רוטב לפסטה פומודורו 240 גרם יכין,היינץ צפון אמריקה מק,,רוטב פסטה פומדורו 24,גרמים,240.00,100 גרם,false,,5.50,0.0229,true,1,2329418
7290013534057,false,"צ'יפס בטטה טבעי מיה 100ג' 'כשל""פ",מיה תעשיות מזון מ.ת.מ. בעמ,,ציפס בטטה,גרמים,100.00,100 גרם,false,,7.90,0.0790,true,1,1459811
7290013539502,false,סטייל קרם לחות ארגן מרוקאי 400 מל,א.ל.ארמן ייצור תמרוקים ב,IL,AS לחות ארגן,מיליליטרים,400.00,"100 מ""ל",false,,24.90,0.0622,true,1,1346540
7290013539892,false,אל סבון נוזלי משאבה תה ירוק סטייל 1 ל',סטייל Style,TR,סבון ידיים תה ירוק,ליטרים,1.00,ליטר,false,,10.90,10.9000,true,1,1346554
7290013539915,false,אל סבון נוזלי משאבה תה לבן סטייל 1 ל,גורי ע.ע.ע בעמ,TR,סבון ידיים תה לבן,ליטרים,1.00,ליטר,false,,10.90,10.9000,true,1,1346556
7290013585233,false,"ספרייט זירו פחית סליק 330 מ""ל",החברה המרכזית להפצת משקאות בעמ,IL,ספרייט ZERO סליק 330 מל,מיליליטרים,330.00,"100 מ""ל",false,,4.50,0.0136,true,1,1335155
7290013585257,false,ספרייט זירו בבקבוק אישי,החברה המרכזית להפצת משקאות בעמ,IL,ספרייט 500 מל פקד ZERO,מיליליטרים,500.00,"100 מ""ל",false,,6.90,0.0138,true,1,1335157
7290013585387,false,בקבוק זירו קוקה-קולה (1 ליטר),החברה המרכזית להפצת משקאות בעמ,,קולה זירו 1 ליטר,ליטרים,1.00,ליטר,false,,6.90,6.9000,true,1,1793244
7290013585394,false,בקבוק קוקה-קולה (1 ליטר),החברה המרכזית להפצת משקאות בעמ,,קוקה קולה 1 ליטר,ליטרים,1.00,ליטר,false,,6.90,6.9000,true,1,1793238
7290013608260,false,מיץ רימונים 100%מיץ סחוט טרי מצונן 1ליט,שטראוס גרופ בעמ/מצונן,IL,מיץ רימונים 100%מיץ סחוט,ליטרים,1.00,ליטר,false,,22.90,22.9000,true,1,1341927
7290013608482,false,נקטר מנגו פרימור 1 ליטר,דיפלומט,,נקטר מנגו 1 ליטר,ליטרים,1.00,ליטר,false,,7.90,7.9000,true,1,2273802
7290013608550,false,נקטר תפוזים פרימור 1 ליטר,סטאר סנקס,,נקטר תפוזים 1 ליטר,ליטרים,1.00,ליטר,false,,7.90,7.9000,true,1,2273806
7290013608635,false,משקה לימונים עם נענע פרימור 1 ליטר,סטאר סנקס,,משקה לימונים עם נענע,ליטרים,1.00,ליטר,false,,7.90,7.9000,true,1,2273808
7290013608673,false,נקטר תפוחי עץ פרימור 1 ליטר,סטאר סנקס,,נקטר תפוחי עץ 1 ליטר,ליטרים,1.00,ליטר,false,,7.90,7.9000,true,1,2273810
7290013608864,false,פרימור משקה פירות הדר 1 ליטר בתוספת ויטמין C,שטראוס גרופ בעמ/מצונן,,משקה פירות הדר בתוספ,ליטרים,1.00,ליטר,false,,15.90,15.9000,true,1,2315397
7290013622167,false,צלחת מרובע 7 מתכלה 2,,,צלחת מרובע 7 מתכלה 2,100 יח',20.00,100 יח',false,,9.90,0.4950,true,1,2107809
7290013622181,false,צלחת מרובע 10מתכלה 2,,,צלחת מרובע 10מתכלה 2,יח',20.00,יח',false,,24.90,1.2450,true,1,2107811
7290013622273,false,צלחות מתכלה 9 עגול 2,,,צלחות מתכלה 9 עגול 2,100 יח',25.00,100 יח',false,,14.90,0.5960,true,1,2400553
7290013625212,false,פילה מקרל בשמן צמחי 125 גרם טעים,טעמן שווק מזון בעמ,,פילה מקרל בשמן צמחי,גרמים,125.00,100 גרם,false,,7.90,0.0632,true,1,1333451
7290013625229,false,פילה מקרל בשמן צמחי ופלפל חריף טעים 125 ג',טעמן שווק מזון בעמ,,פילה מקרל בשמן צמחי,גרמים,125.00,100 גרם,false,,7.90,0.0632,true,1,1333452
7290013625670,false,סינטטי חומצה אצטית מדוללת למזון 5%,טעמן שווק מזון בעמ,,חומץ סינטטי 1 ליטר,ליטרים,1.00,ליטר,false,,3.90,3.9000,true,1,1333460
7290013625922,false,אטריות דקות טעמן 400 גרם,מוטלו,,איטריות 400 גרם דקות,גרמים,400.00,100 גרם,false,,4.90,0.0123,true,1,1333470
7290013625939,false,"אטריות דקיקות בד""ץ טעמן 400 גרם",מוטלו,,איטריות 400 גרם דקיק,גרמים,400.00,100 גרם,false,,4.90,0.0123,true,1,1333471
7290013645364,false,עוגיות מזרחיות ללא גלוטן GFREE 200 גר`,גורי מוצרי צריכה (1991) בעמ,,עוגיות מזרחיות GFREE,גרמים,200.00,100 גרם,false,,18.90,0.0945,true,1,1408771
7290013652157,false,"ד""ר פישר - נטורל קר מגבונים להסרת איפור לעור רגיל יבש 30 יח' * 3","פישר תעשיות פרמבצטיות בע""מ",IL,נטורל קר שלישיית מגבונים,יח',90.00,יח',false,,24.90,0.2767,true,1,1351925
7290013652164,false,"ד""ר פישר - נטורל קר מגבונים להסרת איפור לעור רגיש 30 יח' * 3","פישר תעשיות פרמצביטות בע""מ",IL,נטורל קר שלישיית מגבונים,יח',90.00,יח',false,,24.90,0.2767,true,1,1351926
7290013652171,false,"ד""ר פישר - נטורל קר מגבונים להסרת איפור לעור שמן מעורב 30 יח' * 3",פישר תעשיות פרמצבטיות בעמ,IL,נטורל קר שלישיית מגבונים,יח',90.00,יח',false,,24.90,0.2767,true,1,1351927
7290013652768,false,"מסכת החייאה לשיער יבש, צבוע ופגום Natural care","פישר תעשיות פרמבצטיות בע""מ",IL,נטורל קר מסכה לשיער יבש/צ,מיליליטרים,450.00,"100 מ""ל",false,,24.90,0.0553,true,1,1351931
7290013652799,false,נטורל קר קרם לחות לשיער רגיל/יבש- ורדים וחלב רימונים,פישר תעשיות פרמבצטיות בעמ,IL,נטורל קר קרם לחות לשיער ר,מיליליטרים,400.00,"100 מ""ל",false,,24.90,0.0622,true,1,1351934
7290013652812,false,"נטורל קר קרם ידיים רגיל/יבש 150 מ""ל",פישר תעשיות פרמבצטיות בעמ,IL,נטורל קר קרם ידיים רגיל/י,מיליליטרים,150.00,"100 מ""ל",false,,11.90,0.0793,true,1,1351936
7290013652829,false,קרם ידיים לעור יבש במיוחד Natural care,פישר מעבדות פרמצבטיות בע,IL,נטורל קר קרם ידיים יבש/יב,מיליליטרים,150.00,"100 מ""ל",false,,11.90,0.0793,true,1,1351937
7290013652843,false,נטורל קר שמפו לשיער רגיל- ורדים וחלב רימונים,"פישר תעשיות פרמצביטות בע""מ",IL,נטורל קר שמפו לשיער רגיל,מיליליטרים,700.00,"100 מ""ל",false,,15.90,0.0227,true,1,1351939
7290013652850,false,שמפו נטורל קר לשיער יבש ופגום חינה ושמן ארגאן,"פישר תעשיות פרמצביטות בע""מ",IL,נטורל קר שמפו לשיער יבש/פ,מיליליטרים,700.00,"100 מ""ל",false,,15.90,0.0227,true,1,1351940
7290013652874,false,נטורל קר מרכך לשיער רגיל- ורדים וחלב רימונים,"פישר תעשיות פרמבצטיות בע""מ",IL,נטורל קר מרכך לשיער רגיל,מיליליטרים,700.00,"100 מ""ל",false,,15.90,0.0227,true,1,1351942
7290013652881,false,מרכך נטורל קר לשיער יבש ופגום חינה ושמן ארגאן,"פישר תעשיות פרמבצטיות בע""מ",IL,נטורל קר מרכך לשיער יבש/פ,מיליליטרים,700.00,"100 מ""ל",false,,15.90,0.0227,true,1,1351943
7290013652904,false,נטורל קר שמפו+מרכך לשיער רגיל ורדים וחלב רימונים,פישר תעשיות פרמבצטיות בעמ,IL,נטורל קר שמפו מרכך רגיל -,מיליליטרים,700.00,"100 מ""ל",false,,15.90,0.0227,true,1,1351945
7290013652935,false,נטורל קר שמפו לשיער רגיל- יסמין ופרחי מגנוליה,פישר תעשיות פרמבצטיות בעמ,IL,נטורל קר שמפו לשיער רגיל,מיליליטרים,700.00,"100 מ""ל",false,,15.90,0.0227,true,1,1351948
7290013652942,false,מרכך נטורל קר לשיער רגיל יסמין ופרחי מגנוליה,"פישר תעשיות פרמצביטות בע""מ",IL,נטורל קר מרכך לשיער רגיל,מיליליטרים,700.00,"100 מ""ל",false,,15.90,0.0227,true,1,1351949
7290013655301,false,כוס יין+רגל 12 יחידו,,,כוס יין+רגל 12 יחידו,100 יח',12.00,100 יח',false,,15.90,1.3250,true,1,1362197
7290013655318,false,כוס שמפניה ארוז 12 יח,,,כוס שמפניה ארוז 12 י,יחידה,0.00,יחידה,false,,14.90,0.0000,true,1,1960820
7290013655486,false,כוסיות ליקר 25 יח' 25 יח,,,כוס ליקר ארוז 25 יחי,יחידה,0.00,יחידה,false,,6.90,0.0000,true,1,1362199
7290013655554,false,"קערה קריסטל 12ס""מ",,,קערה 12 קריסטל,יחידה,0.00,יחידה,false,,12.90,0.0000,true,1,1362200
7290013655561,false,מגש קריסטל שקוף יחידה,,,מגש קריסטל שקוף,יחידה,0.00,יחידה,false,,6.90,0.0000,true,1,1362201
7290013655585,false,קערה 9.5 קריסטל יח,,,קערה 9.5 קריסטל,יחידה,0.00,יחידה,false,,9.90,0.0000,true,1,1362203
7290013655592,false,"קערה אובלי קריסטל 11ס""מ",,,קערה 11 קריסטל,יחידה,0.00,יחידה,false,,9.90,0.0000,true,1,1362204
7290013655769,false,מגש עגול,,,מגש עגול,יחידה,0.00,יחידה,false,,9.90,0.0000,true,1,1386757
7290013655943,false,מגש ענק קריסטל,,,מגש ענק קריסטל,יחידה,0.00,יחידה,false,,16.90,0.0000,true,1,1362206
7290013677006,false,חומוס גדול באריזת וואקום Selected,מיה תעשיות מזון מ.ת.מ בעמ,,חומוס גדול סלקטד בוו,גרמים,500.00,100 גרם,false,,9.90,0.0198,true,1,1481363
7290013677020,false,שעועית לבנה בוואקום מיה 500 גר',מיה תעשיות מזון מ.ת.מ בעמ,,שעועית לבנה סלקטד וו,גרמים,500.00,100 גרם,false,,8.90,0.0178,true,1,1481419
7290013677037,false,עדשים ירוקות באריזת וואקום Selected,מיה תעשיות מזון מ.ת.מ בעמ,,עדשים ירוקות סלקטד ו,גרמים,500.00,100 גרם,false,,9.90,0.0198,true,1,1481474
7290013677044,false,עדשים אדומים בוואקום מיה 500 גר',מיה תעשיות מזון מ.ת.מ בעמ,,עדשים אדומות סלקטד,גרמים,500.00,100 גרם,false,,9.90,0.0198,true,1,1481475
7290013677068,false,כוסמת בוואקום מיה 500 גר',מיה תעשיות מזון מ.ת.מ בעמ,,כוסמת סלקטד וואקום,גרמים,500.00,100 גרם,false,,8.90,0.0178,true,1,1481476
7290013677075,false,חיטה בוואקום מיה 500 גר',מיה תעשיות מזון מ.ת.מ. ב,,חיטה סלקטד וואקום,גרמים,500.00,100 גרם,false,,8.90,0.0178,true,1,1481477
7290013677082,false,שעועית אדומה בוואקום מיה 500 גר',מיה תעשיות מזון מ.ת.מ בעמ,,שעועית אדומה סלקטד ו,גרמים,500.00,100 גרם,false,,9.90,0.0198,true,1,1481467
7290013677099,false,גריסי פנינה בוואקום מיה 500 גר',מיה תעשיות מזון מ.ת.מ בעמ,,גריסים פנינה סלקטד ו,גרמים,500.00,100 גרם,false,,8.90,0.0178,true,1,1481420
7290013677105,false,אפונה סלקטד מיה 500 גרם,מיה תעשיות מזון מ.ת.מ בעמ,,אפונה סלקטד וואקום,גרמים,500.00,100 גרם,false,,9.90,0.0198,true,1,1481468
7290013677112,false,בורגול באריזת וואקום Selected,מיה תעשיות מזון מ.ת.מ בעמ,,בורגול סלקטד וואקום,גרמים,500.00,100 גרם,false,,8.90,0.0178,true,1,1481478
7290013677129,false,שעועית מעורבת בוואקום מיה 500 גר',מיה תעשיות מזון מ.ת.מ בעמ,,שעועית מעורבת סלקטד,יחידה,0.00,יחידה,false,,9.90,0.0000,true,1,1481469
7290013677136,false,חומוס לבן ענק בוואקום יבש 500 גר',מיה תעשיות מזון מ.ת.מ. ב,,חומוס לבן ענק סלקטד,גרמים,500.00,100 גרם,false,,10.90,0.0218,true,1,1481421
7290013677259,false,תבלין זעתר 50 גרם שקית,מיה תעשיות מזון מ.ת.מ בעמ,IL,זעתר 50גרם שקית,גרמים,50.00,100 גרם,false,,4.90,0.0980,true,1,1334180
7290013677280,false,תבלין ציפורן שלם 40 גרם שקית,מיה תעשיות מזון מ.ת.מ בעמ,IL,ציפורן שלם 40גרם גרם שקית,גרמים,40.00,100 גרם,false,,4.90,0.1225,true,1,1334183
7290013677310,false,תבלין גרילבשר 80 גרם שקית,מיה תעשיות מזון מ.ת.מ בעמ,IL,גריל בשר 80גרם שקית,גרמים,80.00,100 גרם,false,,4.90,0.0613,true,1,1334186
7290013677327,false,תבלין אבקת קארי 80 גרם-שקית,מיה תעשיות מזון מ.ת.מ בעמ,IL,אבקת קארי 80גרם שקית,גרמים,80.00,100 גרם,false,,4.90,0.0613,true,1,1334187
7290013677334,false,תבלין על האש בשקית מיה 50 גרם,מיה תעשיות מזון מ.ת.מ בעמ,IL,תבלין על האש 50גרם שקית,גרמים,50.00,100 גרם,false,,4.90,0.0980,true,1,1334188
7290013677341,false,ג'לילנד - ג'ליבינס - תות /בננה - 100גרם *( 12יח'),מיה תעשיות מזון מ.ת.מ. בעמ,IL,ג'לי לנד תות בננה 100גרם,גרמים,100.00,100 גרם,false,,4.90,0.0490,true,1,1334189
7290013677372,false,ג'לילנד - ג'ליבינס - תפוח /דובדבן - 100גרם *(12יח'),מיה תעשיות מזון מ.ת.מ. ב,IL,ג'לי לנד תפוח דובדבן 100ג,גרמים,100.00,100 גרם,false,,4.90,0.0490,true,1,1334192
7290013677419,false,תן צ'אפ טבעות שמנת בצל 50גרם,מיה תעשיות מזון מ.ת.מ בעמ,IL,תן צ'אפ טבעות שמנת בצל 50,גרמים,50.00,100 גרם,false,,3.90,0.0780,true,1,1334194
7290013677426,false,תן צ'אפ גלגלים צ'ילי 50גרם,מיה תעשיות מזון מ.ת.מ בעמ,IL,תן צ'אפ גלגלים צ'ילי 50גר,גרמים,50.00,100 גרם,false,,3.90,0.0780,true,1,1334195
7290013677563,false,קינואה אדומה יבשה מיה 500 גר',מיה תעשיות מזון מ.ת.מ. בעמ,,קינואה אדומה 500 גר,גרמים,500.00,100 גרם,false,,14.90,0.0298,true,1,1861816
7290013677648,false,שמן זית למאור מיה 1 ליטר,מיה תעשיות מזון מ.ת.מ. בעמ,ES,שמן זית למאור 1ליטר בד''ץ,ליטרים,1.00,ליטר,false,,18.90,18.9000,true,1,1334197
7290013677662,false,מלח לימון בצנצנת מיה 500 גרם,מיה תעשיות מזון מ.ת.מ בעמ,IL,מלח לימון 500גרם,גרמים,300.00,100 גרם,false,,19.90,0.0663,true,1,1334199
7290013677679,false,סודה לשתיה בשקית מיה 80 גרם,מיה תעשיות מזון מ.ת.מ בעמ,IL,סודה לשתיה 80גרם שקית,גרמים,80.00,100 גרם,false,,4.90,0.0613,true,1,1334200
7290013677693,false,תבלין פלפל שחור גרוס שקית 50 גרם,מיה תעשיות מזון מ.ת.מ בעמ,IL,פלפל שחור גרוס 50גרם שקית,גרמים,50.00,100 גרם,false,,6.90,0.1380,true,1,1334202
7290013677747,false,"שוקו של מיה 500גרם בשקית בד""ץ",מיה תעשיות מזון מ.ת.מ. בעמ,IL,שוקו של מיה 500גרם בשקית,גרמים,500.00,100 גרם,false,,9.90,0.0198,true,1,1334206
7290013677976,false,שמן אגוזי מלך מיה (1 ליטר),מיה תעשיות מזון מ.ת.מ. בעמ,US,שמן אגוזי מלך 1ליטר,ליטרים,1.00,ליטר,false,,34.90,34.9000,true,1,1334209
7290013702708,false,"שוופס מוגז עדין אננס זכוכית 330 מ""ל",יפאורה תבורי בעמ,,"שוופס אננס 330 מ""ל",מיליליטרים,330.00,"100 מ""ל",false,,5.90,0.0179,true,1,1324421
7290013713001,false,"בירה JEM'S אמבר אייל בקבוק 330 מ""ל",אגודת הכורמים,,בירה ג'מס,ליטרים,0.33,100 ליטר,false,,12.90,39.0909,true,1,2403363
7290013713018,false,"בירה JEM'S דארק לאגר בקבוק 330 מ""ל",,,בירה ג'מס,ליטרים,0.33,100 ליטר,false,,12.90,39.0909,true,1,2403364
7290013713025,false,"בירה ג'מס פילס בקבוק 330 מ""ל",אגודת הכורמים בעמ,,בירה ג'מס בקבוקי פיל,ליטרים,0.33,100 ליטר,false,,12.90,39.0909,true,1,2221629
7290013713032,false,"בירה ג'מס חיטה בקבוק 330 מ""ל",אגודת הכורמים -כרמל מזרחי,,בירה ג'מס בקבוקי חיט,ליטרים,0.33,100 ליטר,false,,12.90,39.0909,true,1,2221630
7290013713094,false,"בירה ג'יימס בלייזר בראון 330 מ""ל",אגודת הכורמים בעמ,,בירה ג'מס בקבוקי חיט,ליטרים,0.33,100 ליטר,false,,12.90,39.0909,true,1,2403322
7290013713124,false,"בירה גמס קראפט אייל בהיר 330 מ""ל",אגודת הכורמים,,בירה ג'מס בקבוקי פיל,ליטרים,0.33,100 ליטר,false,,12.90,39.0909,true,1,2428867
7290013724809,false,חטיף דגנים בתוספת אגוזים שקדיה 175 גרם.,דין שיווק וקליה 2021 בעמ,,חטיף גרנולה בתוספת א,גרמים,175.00,100 גרם,false,,9.90,0.0566,true,1,2297512
7290013724946,false,שקדים בשוקולד מריר בקופסא 140 גרם,דין שיווק וקליה 2021 בעמ,,שקדים בשוקולד מריר 1,גרמים,140.00,100 גרם,false,,9.90,0.0707,true,1,1350365
7290013724960,false,שקדים בציפוי שוקולד בקופסא שקדיה 140 גרם,דין שיווק וקליה 2021 בעמ,,שקדים בשוקולד חלב 14,גרמים,140.00,100 גרם,false,,9.90,0.0707,true,1,1350367
7290013724977,false,צימוקים בשוקולד מריר בקופסא 140 גרם,דין שיווק וקליה 2021 בעמ,,צימוקים בשוקולד מריר,גרמים,140.00,100 גרם,false,,9.90,0.0707,true,1,1350368
7290013724984,false,בוטנים בשוקולד מריר בקופסא 160 גרם,דין שיווק וקליה 2021 בעמ,,בוטנים בשוקולד מריר,גרמים,160.00,100 גרם,false,,9.90,0.0619,true,1,1350369
7290013725639,false,רוטב צילי חריף סו שף 700 גרם,"דין שיווק וקליה בע""מ",,רוטב צילי חריף 700 ג,גרמים,700.00,100 גרם,false,,7.90,0.0113,true,1,1327586
7290013725820,false,אגוזי לוז בשוקולד מריר בקופסא 140 גרם,דין שיווק וקליה 2021 בעמ,,אגוזי לוז בשוקולד מר,גרמים,140.00,100 גרם,false,,9.90,0.0707,true,1,1350371
7290013725837,false,שומשום בציפוי שוקולד בקופסא שקדיה 140 גרם,דין שיווק וקליה 2021 בעמ,,שומשום בשוקולד חלב 1,גרמים,140.00,100 גרם,false,,9.90,0.0707,true,1,1350372
7290013725844,false,שומשום בשוקולד מריר בקופסא 140 גרם,דין שיווק וקליה 2021 בעמ,,שומשום בשוקולד מריר,גרמים,140.00,100 גרם,false,,9.90,0.0707,true,1,1350373
7290013757197,false,קערה עגולה שקופה 12,,,קערה עגולה שקופה 12,יחידה,0.00,יחידה,false,,11.90,0.0000,true,1,1342329
7290013757272,false,מנג'ט מודפס מס 2 ארו,,,מנג'ט מודפס מס 2 ארו,יח',100.00,יח',false,,6.90,0.0690,true,1,1342334
7290013757333,false,קערה מיני עיגולים +מ,,,קערה מיני עיגולים +מ,יחידה,0.00,יחידה,false,,12.90,0.0000,true,1,1342340
7290013757388,false,קינוחית שלוש שקעים 6,,,קינוחית שלוש שקעים 6,יחידה,0.00,יחידה,false,,9.90,0.0000,true,1,1342342
7290013757395,false,קינוחית מנג'ט 24 יח,,,קינוחית מנג'ט 24 יח,יח',24.00,יח',false,,9.90,0.4125,true,1,1342343
7290013757401,false,קערית מרובעת גדולה +,,,קערית מרובעת גדולה +,יחידה,0.00,יחידה,false,,22.90,0.0000,true,1,1342344
7290013767639,false,משחרר ברגים קטן,,,משחרר ברגים קטן,יחידה,0.00,יחידה,false,,14.90,0.0000,true,1,2286338
7290013787156,false,רוטב שמנת גראנה פדאנו 200 גרם ריקו - בית יוסף,דורו איטליאן פרודקטס בע\,,רוטב שמנת גראנה פאדנ,גרמים,200.00,100 גרם,false,,12.90,0.0645,true,1,2304686
7290013787392,false,רביולי גבינות קלאסי 330 גרם ריקו בית יוסף,דודו איטליאן פרודקטס בע\,,רביולי גבינות קלאסי,גרמים,330.00,100 גרם,false,,24.90,0.0755,true,1,2304693
7290013787408,false,רביולי בטטה 330 גרם ריקו בית יוסף,דודו איטליאן פרודקטס בע\,,רביולי בטטה 330 גרם,גרמים,330.00,100 גרם,false,,24.90,0.0755,true,1,2304694
7290013787415,false,רביולי ריקוטה תרד 330 גרם ריקו בית יוסף,דודו איטליאן פרודקטס בע\,,רביולי ריקוטה תרד 33,גרמים,330.00,100 גרם,false,,24.90,0.0755,true,1,2304695
7290013800329,false,"צלחת rewolf 10"" שחור 10י",,,צלחת flower 10 שחור-,יחידה,0.00,יחידה,false,,27.90,0.0000,true,1,2358544
7290013800343,false,"צלחת ""7 שחור 10יחידות",,,צלחת flower 7 שחור-,יחידה,0.00,יחידה,false,,13.90,0.0000,true,1,2358545
7290013800350,false,מרק flower שחור- אר',,,מרק flower שחור- אר',יחידה,0.00,יחידה,false,,17.90,0.0000,true,1,2358546
7290013801845,false,50כוס שתיה קרה מעוטר כסף,WWP,,כוסות מעוטרות כסף 50,100 יחידה,50.00,100 יחידה,false,,13.90,0.2780,true,1,1362209
7290013847102,false,נתחי טונה בהירה בשמן - מארז שלישיה,דיפלומט מפיצים (1968) בעמ**,,טונה בשמן סטארקיסט ש,גרמים,240.00,100 גרם,false,,12.90,0.0538,true,1,2383302
7290013847386,false,סטארקיסט נתחי טונה בהירה במים ושמן קנולה בטעם טבעי 140 גרם,סטארקיסט דיפלומט היינץ,,טונה ס.ק לייט 4 % שו,גרמים,140.00,100 גרם,false,,7.90,0.0564,true,1,1878340
7290013847393,false,סטארקיסט לייט נתחי טונה בהירה במים ושמן קנולה עם עשבי תיבול 140 גרם,סטארקיסט דיפלומט היינץ,,טונה ס.ק לייט 4 % שו,גרמים,140.00,100 גרם,false,,7.90,0.0564,true,1,1878341
7290013847409,false,סטארקיסט לייט נתחי טונה בהירה במים ושמן קנולה עם לימון ופלפל חריף 140 גרם,סטארקיסט דיפלומט היינץ,,טונה ס.ק לייט 4 % שו,גרמים,140.00,100 גרם,false,,7.90,0.0564,true,1,1878342
7290013847454,false,טונה סטאריקיסט בשמן קנולה רביעייה 160 גר,דיפלומט מפיצים (1968) בעמ**,,טונה סטארקיסט רביעיה,גרמים,640.00,100 גרם,false,,24.90,0.0389,true,1,2367054
7290013847553,false,נתחי טונה בהירה במים דל נתרן - מארז רביעיה,דיפלומט מפיצים (1968) בעמ**,,טונה סטארקיסט רביעיה,גרמים,640.00,100 גרם,false,,24.90,0.0389,true,1,2146412
7290013847645,false,סטארקיסט שלישיות טונה בשמן זית 80 גר`,סטארקיסט דיפלומט היינץ,,טונה סטארקיסט שלישיי,גרמים,240.00,100 גרם,false,,19.90,0.0829,true,1,2109490
7290013847812,false,נתחי טונה בהירה בשמן זית כתית מעולה Yellowfin,סטארקיסט דיפלומט היינץ,,טונה ילופין בשמן זית,גרמים,140.00,100 גרם,false,,8.90,0.0636,true,1,1940358
7290013847867,false,מארז זוג טונה בשמן סויה 140 ג' סטארקיסט,דיפלומט מפיצים (1968) בעמ**,,מארז זוג טונה סטארקי,גרמים,280.00,100 גרם,false,,12.90,0.0461,true,1,2237617
7290013848017,false,תרסיס ניקוי והברקת נירוסטה,החברה הדרומית לשיווק בעמ,,סנו נירוסטה מרסס 500,מיליליטרים,500.00,"100 מ""ל",false,,19.90,0.0398,true,1,1989363
7290013848383,false,קרמה מן גל רחצה אקטיב בלוק 700 מל לגבר,החברה הדרומית לשיווק בעמ,IL,קמה מן ג'ל רחצה אקטיב700,מיליליטרים,700.00,"100 מ""ל",false,,18.90,0.0270,true,1,1320209
7290013848420,false,דאודורנט גל קרמה מן אנטיפרספירנט 70 מל,החברה הדרומית לשיווק בעמ,IL,70 דאו.קרמה מן ג'ל אקטיב,מיליליטרים,70.00,"100 מ""ל",false,,14.90,0.2129,true,1,1320210
7290013848437,false,"קרמה - דאודורנט ספריי לגבר אקטיב בלוק 200 מ""ל",החברה הדרומית לשיווק בעמ,IL,דאו.קרמה מן אקטיב 200מל,מיליליטרים,200.00,"100 מ""ל",false,,11.90,0.0595,true,1,1320211
7290013848611,false,רדיד אלומיניום סנו סושי (61 מטר),החברה הדרומית לשיווק בעמ,IL,רדיד אלומיניום עבה 61מטר,מטרים,61.00,מטר,false,,39.90,0.6541,true,1,1320221
7290013848727,false,מכשיר אוטומטי לבישום אוויר בתוספת מילוי SOFT HARMONY,החברה הדרומית לשיווק בעמ,,מכשיר לבישום סנו פרש,יחידה,0.00,יחידה,false,,39.90,0.0000,true,1,1786210
7290013848758,false,מקסימה גל כביסה מרוכז בייבי 3ליטר סנסטיב,החברה הדרומית לשיווק בעמ,IL,ג'ל לכביסה בייבי 3 ליטר,ליטרים,3.00,ליטר,false,,34.90,11.6333,true,1,1320231
7290013848789,false,כיף רביעיה סבון מוצק דבש-מרכז,יבואן ומשווק: ש. שסט,IL,סבון מוצק כיף דבש4*100ג,גרמים,400.00,100 גרם,false,,9.90,0.0248,true,1,1320234
7290013848796,false,אל סבון מוצק שקד - מארז רביעיה,קוסמופארם,IL,100 *4 סבון מוצק כיף שקד,גרמים,400.00,100 גרם,false,,9.90,0.0248,true,1,1320235
7290013848802,false,כייף רביעייה אל סבון מוצק לבנדר,קוסמופארם,IL,סבון מוצק כיף לבנד4*100ג,גרמים,400.00,100 גרם,false,,9.90,0.0248,true,1,1320236
7290013848819,false,אל סבון כיף מוצק לוטוס מארז 100X4ג',קוסמופארם,IL,100*סבון מוצק כיף לוטוס4,גרמים,400.00,100 גרם,false,,9.90,0.0248,true,1,1320237
7290013848826,false,אל סבון מוצק קוקוס וניל - מארז רביעיה,קוסמופארם,IL,סבון מוצק כיף קוקס4*100ג,גרמים,400.00,100 גרם,false,,9.90,0.0248,true,1,1320238
7290013848833,false,כיף סבון מוצק אצות ים 100 ג' *4 יח',החברה הדרומית לשיווק בעמ,IL,סבון מוצק כיף רגיל4*100ג,גרמים,400.00,100 גרם,false,,9.90,0.0248,true,1,1320239
7290013861054,false,צימוקים בשוקולד חלב בקופסא 140 גרם,דין שיווק וקליה 2021 בעמ,,צימוקים בשוקולד חלב,גרמים,140.00,100 גרם,false,,9.90,0.0707,true,1,1350374
7290013861061,false,בוטנים בשוקולד חלב בקופסא 160 גרם,דין שיווק וקליה 2021 בעמ,,בוטנים בשוקולד חלב 1,גרמים,160.00,100 גרם,false,,9.90,0.0619,true,1,1350375
7290013861740,false,ניוקי תפוחי אדמה סו שף 500 ג',דין שיווק וקליה 2021 בעמ,,ניוקי 500 גרם,גרמים,500.00,100 גרם,false,,8.90,0.0178,true,1,1327594
7290013863317,false,LL-R סטיק דאודורנט 60 מל,,,דאודורנט סטיק רוז,יחידה,0.00,יחידה,false,,14.90,0.0000,true,1,1327776
7290013863591,false,חלאבילין סטיק דאודורנט 60 מל,חלאבין,,דאודורנט סטיק חלאבלי,מיליליטרים,60.00,"100 מ""ל",false,,14.90,0.2483,true,1,1327782
7290013883148,false,סופג ריחות במקרר ווליט 40 גרם,יעקב יעקבי ובניו בעמ,IT,הפי סופג ריחות במקרר,יחידה,0.00,יחידה,false,,9.90,0.0000,true,1,1325669
7290013883407,false,"דזיטול מרסס לחיטוי כללי יעקבי 750 מ""ל",יעקב יעקבי ובניו בע`מ,ES,דזיטול מרסס לחיטוי,מיליליטרים,750.00,"100 מ""ל",false,,14.90,0.0199,true,1,1325679
7290013903273,false,אדממה אורגני קפוא 400 גר,זהג'יאנג קינגסור פוד,,אדממה אורגני פולי סו,גרמים,500.00,100 גרם,false,,9.90,0.0198,true,1,2338966
7290013903464,false,פולי סויה אורגנים קלופים מוקפאים (אדממה) 500גרם ליב,זהג'יאנג קינגסור,,פולי סויה אורגנים קל,גרמים,500.00,100 גרם,false,,14.90,0.0298,true,1,2338968
7290013906205,false,פסטרמה שום וצילי טירת צבי (400 גרם),תנובה מרכז שיתופי לשיווק תוצרת,IL,פסטרמה שום וצילי 400 גרם,גרמים,400.00,100 גרם,false,,26.90,0.0672,true,1,1340655
7290013906212,false,"נקנקיות וינר טירת 1 ק""ג טירת צבי",תנובה מרכז שיתופי לשיווק תוצרת,IL,טירת צבי נקניקיות וינר 1,קילוגרמים,1.00,"ק""ג",false,,32.90,32.9000,true,1,1340656
7290013906236,false,סלמי גלבוע טירת צבי 400 גרם,הנסיך- מפעל לייצור ט,IL,סלמי גלבוע 400 ג',גרמים,400.00,100 גרם,false,,24.90,0.0622,true,1,1340657
7290013906441,false,קבנוס טירת צבי 120 גרם,תנובה מרכז שיתופי לשיווק תוצרת,IL,קבנוס טירת צבי 120 גר',גרמים,120.00,100 גרם,false,,12.90,0.1075,true,1,1340658
7290013906458,false,קבנוס בטעם פיקנטי טירת צבי 120 גרם,תנובה מרכז שיתופי לשיווק תוצרת,IL,קבנוס פיקנטי טירת צבי 120,גרמים,120.00,100 גרם,false,,12.90,0.1075,true,1,1340659
7290013906489,false,חטיפי מיני קבנוס טירת צבי 120 גרם,תנובה מרכז שיתופי לשיווק תוצרת,IL,חטיפי קבנוס טירת צבי 120,גרמים,120.00,100 גרם,false,,12.90,0.1075,true,1,1340660
7290013906496,false,פסטרמה עגל בסגנון רומני טירת צבי 120 גר,הנסיך- מפעל לייצור ט,IL,פסטרמה עגל בסגנון רומני ט,גרמים,120.00,100 גרם,false,,12.90,0.1075,true,1,1340661
7290013906519,false,פרושוטו בקר טירת צבי 100 גרם,תנובה מרכז שיתופי לשיווק תוצרת,IL,פרושוטו בקר טירת צבי 100,גרמים,100.00,100 גרם,false,,23.90,0.2390,true,1,1340662
7290013906687,false,פסט' צמד כפרית ברביקיו ודבש 300X2ג' טירת צבי,תנובה מרכז שיתופי לשיווק תוצרת,,צמד כפרית ברביקיו וד,גרמים,600.00,100 גרם,false,,26.90,0.0448,true,1,1376131
7290013906694,false,נקניקיות שקית קילו וחצי טירת צבי,תנובה מרכז שיתופי לשיווק תוצרת,,"נקניקיות עוף 1.5 ק""ג",קילוגרמים,1.50,"ק""ג",false,,29.90,19.9333,true,1,2400201
7290013927200,false,עוגיות שוקולד צ`יפס עשירה 400גרם אחוה,אחדות ביחר לטחינה חל,IL,עוגת שוקולד צי'פס עשירה 4,גרמים,400.00,100 גרם,false,,10.90,0.0273,true,1,1306659
7290013927323,false,עוגת בראוניס 400 גרם אחדות,אחדות ביחר לטחינה חל,IL,עוגת בראוניס 400 גרם,גרמים,400.00,100 גרם,false,,10.90,0.0273,true,1,2282952
7290013927637,false,חלוה ללא תוספת סוכר במגש 400 גר' אחוה,אחדות ביחר לטחינה חל,,חלוה ללא תוספת סוכר,גרמים,400.00,100 גרם,false,,12.90,0.0323,true,1,2287035
7290013927996,false,עוגת שמרים קרנץ בטעם שוקולד אחוה 400 גרם,אחדות ביחר לטחינה חל,,עוגת שמרים קרנץ בטעם,גרמים,400.00,100 גרם,false,,10.90,0.0273,true,1,2305925
7290013940650,false,קרם רגליים לעור יבש,שוורץ,IL,"קרם רגליים 150סמ""ק לכף הר",מיליליטרים,150.00,"100 מ""ל",false,,14.90,0.0993,true,1,1328106
7290013941398,false,יאלוט חטיף חטיף רך ל,,,יאלוט חטיף חטיף רך ל,יחידה,0.00,יחידה,false,,14.90,0.0000,true,1,2413774
7290013994042,false,זרעי פשתן אורגניים הרדוף 300 גרם,אול אורגני,,זרעי פשתן הרדוף 300,גרמים,300.00,100 גרם,false,,6.90,0.0230,true,1,1389112
7290013994059,false,כדורוני דבש אורגני 375 גר הרדוף,,,כדורוני דבש אורגני 3,גרמים,375.00,100 גרם,false,,24.90,0.0664,true,1,1481158
7290013994585,false,גרעיני דלעת קלופים אורגניים 300 גרם הרדוף,אול אורגני,,גרעיני דלעת קלופים א,גרמים,300.00,100 גרם,false,,24.90,0.0830,true,1,1481107
7290013994653,false,קינואה רויאל אורגני 500 גרם - הרדוף,אול אורגני,,קינואה רויאל אורגנית,גרמים,500.00,100 גרם,false,,17.90,0.0358,true,1,1481132
7290013994677,false,עדשים שחורות אורגניות הרדוף 500 גרם,אול אורגני,,עדשים שחורות אורגניו,גרמים,500.00,100 גרם,false,,19.90,0.0398,true,1,1389113
7290013994684,false,אפונה חצויה אורגנית הרדוף 500 גרם,אול אורגני,,אפונה ירוקה חצויה או,גרמים,500.00,100 גרם,false,,14.90,0.0298,true,1,1389114
7290013994707,false,פופקורן אורגני 500 גרם,אול אורגני,,פופקורן אורגני 500 ג,גרמים,500.00,גרם,false,,14.90,0.0298,true,1,1481133
7290013994714,false,ממרח סויה חרובים ואגוזים אורגני 350 גר,ברינקס פוד,,ממרח סויה חרובים ואג,גרמים,350.00,100 גרם,false,,19.90,0.0569,true,1,1480916
7290013994752,false,בייגלה עם מלח מקמח מלא אורגני 200 גרם,אם החיטה,,מקלות בייגלה עם מלח,גרמים,200.00,100 גרם,false,,12.90,0.0645,true,1,1775237
7290013994943,false,קוסקוס אורגני אורגני,הרדוף,,קוסקוס אורגני אורגני,גרמים,350.00,100 גרם,false,,9.90,0.0283,true,1,2287211
7290014002128,false,תה ירוק לימונית ומנטה 25 שקיקים ויסוצקי,תה ויסוצקי (ישראל)בעמ,IL,תה ירוק לימונית מנטה,גרמים,37.50,100 גרם,false,,22.90,0.6107,true,1,1339394
7290014002135,false,תה ירוק מיקס 5 טעמים ויסוצקי 25 יחידות,תה ויסוצקי (ישראל) בעמ,IL,תה ירוק מיקס,גרמים,37.50,100 גרם,false,,22.90,0.6107,true,1,1339395
7290014002197,false,חליטת קמומיל ולימונית הגן הקסום ויסוצקי 25 יחידות,תה ויסוצקי (ישראל) בעמ,IL,חליטת קמומיל ולימונית,גרמים,62.50,100 גרם,false,,16.90,0.2704,true,1,1339398
7290014002203,false,חליטת לימונית ולואיזה הגן הקסום ויסוצקי 25 יחידות,תה ויסוצקי (ישראל) בעמ,IL,חליטת לימונית ולואיזה,גרמים,62.50,100 גרם,false,,16.90,0.2704,true,1,1339399
7290014002579,false,תה ירוק וניל ויסוצקי 25 יחידות,תה ויסוצקי (ישראל)בעמ,IL,תה ירוק וניל,גרמים,37.50,100 גרם,false,,22.90,0.6107,true,1,1339400
7290014002661,false,תה ארל גריי 20 שקיקים,תה ויסוצקי (ישראל)בעמ,,תה ארל גריי 20 שקיקי,יחידה,0.00,יחידה,false,,10.90,0.0000,true,1,1866574
7290014002944,false,גן קסום חליטת פירות וצמחים חמדת שקד 25 שקיקים,תה ויסוצקי (ישראל) בעמ,IL,חליטת חמדת השקד,גרמים,62.50,100 גרם,false,,16.90,0.2704,true,1,1339408
7290014002982,false,תה ירוק לימונית ולואיזה ויסוצקי 25 יחידות תוספת סטיביה,תה ויסוצקי (ישראל) בעמ,IL,תה ירוק סטיביה,גרמים,37.50,100 גרם,false,,22.90,0.6107,true,1,1339410
7290014046016,false,פסטרמה של פעם דל שומן 2% רכיבים טבעיים,מעדני יחיעם ( 1993 ) בע`מ,IL,פסטרמה של פעם 100% 250חומ,גרמים,250.00,100 גרם,false,,24.90,0.0996,true,1,1343164
7290014046030,false,"מוס כבד עוף 140 גרם ""יחיעם""",מעדני יחיעם ( 1993 ) בע`מ,,ממרח כבד עוף,גרמים,140.00,100 גרם,false,,12.90,0.0921,true,1,1343166
7290014046047,false,פסטרמת מעודנת ברביקיו 2יח*300גר,מעדני יחיעם ( 1993 ) בע`מ,IL,צמד פסטרמות 600גר',גרמים,600.00,100 גרם,false,,24.90,0.0415,true,1,1343167
7290014046436,false,נשנושי קבנוס יחיעם (125 גרם),מעדני יחיעם ( 1993 ) בע`מ,IL,נשנושי קבנוס 125גר',גרמים,125.00,100 גרם,false,,12.90,0.1032,true,1,1343168
7290014046474,false,"נקניקיות עוף יחיעם 1.5 ק""ג",מעדני יחיעם ( 1993 ) בע`מ,,נקניקיות עוף,קילוגרמים,1.50,"ק""ג",false,,25.90,17.2667,true,1,1490047
7290014046757,false,סלמי תה יחיעם (300 גרם),מעדני יחיעם (1993) בעמ,,סלמי תה 300 גרם,גרמים,300.00,100 גרם,false,,19.90,0.0663,true,1,1459143
7290014046764,false,סלמי פפרוני יחיעם 200 גרם,מעדני יחיעם (1993) בעמ,,סלמי פפרוני,גרמים,200.00,100 גרם,false,,12.90,0.0645,true,1,1900934
7290014059078,false,"אקווה פרש מי פה אקסטרים 500 מ""ל",גלקסו סמית קליין,GB,א.פרש מי פה אקסטרים 500 מ,מיליליטרים,500.00,"100 מ""ל",false,,19.90,0.0398,true,1,1346560
7290014059085,false,"משחת שיניים סנסודיין 75 מ""ל פרימיום לשיקום והגנה","סמית קליין ביצ'ם בע""",GB,סנסודיין משחה לשיקום והגנ,מיליליטרים,75.00,"100 מ""ל",false,,23.90,0.3187,true,1,1346561
7290014059436,false,"משחת שיניים סנסודיין 75 מ""ל פרימיום לשיקום והגנה מלבינה 75 מ""ל","סמית קליין ביצ'ם בע""",GB,75 סנסודיין שיקום והגנה מ,מיליליטרים,75.00,"100 מ""ל",false,,23.90,0.3187,true,1,1346568
7290014066359,false,לנדוור-קפסולות אספרסו בלנסד(06) - 10יח'12X יח,"קפה לנדוור בע""\מ",,קפסולות קפה לנדוור 1,גרמים,80.00,100 גרם,false,,15.90,0.1988,true,1,2154266
7290014066366,false,לנדוור-קפסולות אספרסו ריסטרטו(08) - 10יח'12X יח,ש.שסטוביץ בעמ,,קפסולות קפה לנדוור 1,גרמים,80.00,100 גרם,false,,15.90,0.1988,true,1,2154267
7290014066373,false,לנדוור-קפסולות אספרסו קלאסיק(09) - 10יח'12X יח,ש.שסטוביץ בעמ,,קפסולות קפה לנדוור 1,גרמים,80.00,100 גרם,false,,15.90,0.1988,true,1,2154268
7290014066380,false,לנדוור-קפסולות אספרסו סופרימו(10) - 10יח'12X יח,ש.שסטוביץ בעמ,,קפסולות קפה לנדוור 1,גרמים,80.00,100 גרם,false,,15.90,0.1988,true,1,2154269
7290014066441,false,לנדוור-קפסולות אספרסו נטול קפאין(07) - 10יח'12X יח,ש.שסטוביץ בעמ,,קפסולות קפה לנדוור 1,גרמים,80.00,100 גרם,false,,15.90,0.1988,true,1,2301368
7290014066526,false,לנדוור-קפסולות אספרסו תערובת הבית(11) - 10יח'12X יח,ש.שסטוביץ בעמ,,קפסולות קפה לנדוור 1,גרמים,80.00,100 גרם,false,,15.90,0.1988,true,1,2301373
7290014066533,false,לנדוור-קפסולות אספרסו קלייה כפולה(12) - 10יח'12X יח,ש.שסטוביץ בעמ,,קפסולות קפה לנדוור 1,גרמים,80.00,100 גרם,false,,15.90,0.1988,true,1,2301374
7290014083165,false,ניוקי ויליפוד 500 גרם,ג. וילי-פוד אינטרנשיונל בע`מ,IT,ניוקי 500גרם ( 12יח'),גרמים,500.00,100 גרם,false,,8.90,0.0178,true,1,1308881
7290014083479,false,גבינה פרוסה גאודה 27% שומן EURO CHEESE ויליפוד 150 גרם,ג.וילי פוד אינטרנשיונל בעמ,LT,גבינת גאודה פרוסות 150גרם,גרמים,150.00,100 גרם,false,,9.90,0.0660,true,1,1821256
7290014083813,false,וילי פוד מריגה שפרוטים מעושנים בשמן 190ג,ג. וילי-פוד אינטרנשיונל בע`מ,LV,שפרוטים מעושנים בשמן 190ג,גרמים,190.00,100 גרם,false,,7.90,0.0416,true,1,1308902
7290014094307,false,סילאן רכיבים טבעיים 380 גר-השקדיה,"דין שיווק וקליה בע""מ",,סילאן טבעי 360 גרם,גרמים,360.00,100 גרם,false,,16.90,0.0469,true,1,1327595
7290014094338,false,דלעת מקולפת 250 גרם בקופסא,דין שיווק וקליה 2021 בעמ,,דלעת מקולפת 200 גרם,גרמים,200.00,100 גרם,false,,14.90,0.0745,true,1,1327596
7290014094345,false,גרעיני חמניה קלופים ששון הקולה בקופסא 300 גרם,דין שיווק וקליה 2021 בעמ,,חמניה מקולפת 200 גרם,גרמים,200.00,100 גרם,false,,9.90,0.0495,true,1,1327597
7290014094352,false,אגוז מלך טבעי ששון הקולה (200 גרם),דין שיווק וקליה 2021 בעמ,,אגוזי מלך 200 גרם בק,גרמים,200.00,100 גרם,false,,19.90,0.0995,true,1,1327598
7290014094369,false,שקד טבעי קלוף ששון הקולה (200 גרם),דין שיווק וקליה 2021 בעמ,,שקד טבעי 200 גרם בקו,גרמים,200.00,100 גרם,false,,19.90,0.0995,true,1,1327599
7290014094376,false,שזיפים ללא גלעין בקופסא ששון הקולה 330 גרם,דין שיווק וקליה 2021 בעמ,,שזיף ללא גלעין 250 ג,גרמים,250.00,100 גרם,false,,19.90,0.0796,true,1,1327600
7290014094383,false,משמש בקופסא ששון הקולה 250 גר`,דין שיווק וקליה 2021 בעמ,,משמש 250 גרם בקופסא,גרמים,250.00,100 גרם,false,,19.90,0.0796,true,1,1327601
7290014094390,false,חמוציות מסוכרות ששון הקולה 250 גר`,דין שיווק וקליה 2021 בעמ,,חמוציות 250 גרם בקופ,גרמים,250.00,100 גרם,false,,12.90,0.0516,true,1,1327602
7290014094406,false,צימוק לבן בקופסא ששון הקולה 330 גרם,דין שיווק וקליה 2021 בעמ,,צימוק לבן 250 גרם בק,גרמים,250.00,100 גרם,false,,14.90,0.0596,true,1,1327603
7290014094505,false,אורז בסמתי טהור אהרוני 1 ק''ג,דין שיווק וקליה 2021 בעמ,,"אורז בסמטי 1 ק""ג",קילוגרמים,1.00,"ק""ג",false,,12.90,12.9000,true,1,1327611
7290014094529,false,רוטב סויה 300 מל- אהרוני,דין שיווק וקליה 2021 בעמ,,"רוטב סויה 300 מ""ל",מיליליטרים,300.00,"100 מ""ל",false,,10.90,0.0363,true,1,1327613
7290014094536,false,רוטב סויה 623מ''ל אהרוני,****דין שיווק וקליה 2021 בעמ,,"רוטב סויה 623 מ""ל",מיליליטרים,623.00,"100 מ""ל",false,,19.90,0.0319,true,1,1327614
7290014094628,false,פקאן טבעי ששון הקולה (200 גרם),דין שיווק וקליה 2021 בעמ,,פקאן טבעי 200 גרם בק,גרמים,200.00,100 גרם,false,,22.90,0.1145,true,1,1327620
7290014095472,false,חטיף דגנים עם חומציות שוקולד מריר שקדיה 125 גרם,****דין שיווק וקליה 2021 בעמ,,חטיף דגנים עם חמוציו,גרמים,125.00,100 גרם,false,,9.90,0.0792,true,1,1327624
7290014095496,false,חטיף דגנים עם אגוזים ושוקולד מריר 125 גר',****דין שיווק וקליה 2021 בעמ,,חטיף דגנים אגוזים בש,גרמים,125.00,100 גרם,false,,9.90,0.0792,true,1,1327625
7290014095861,false,שיבולת שועל דקה בשקית שקדיה 500 גרם,דין שיווק וקליה 2021 בעמ,,שיבולת שועל דקה 500,גרמים,500.00,100 גרם,false,,4.90,0.0098,true,1,1327637
7290014095946,false,משוקלדים פקאן בשוקולד מריר 140 גרם,דין שיווק וקליה 2021 בעמ,,פקאן בשוקולד מריר 14,גרמים,140.00,100 גרם,false,,9.90,0.0707,true,1,1350378
7290014095953,false,פקאן בציפוי שוקולד בקופסא שקדיה 140 גרם,דין שיווק וקליה 2021 בעמ,,פקאן בשוקולד חלב 140,גרמים,140.00,100 גרם,false,,9.90,0.0707,true,1,1350379
7290014095960,false,שיבולת שועל עבה בשקית שקדיה 500 גרם,דין שיווק וקליה 2021 בעמ,,שיבולת שועל עבה 500,גרמים,500.00,100 גרם,false,,4.90,0.0098,true,1,1364007
7290014126343,false,בישוקטים בונומי וניל קקאו קקאו 200 גרם,"דנשר (1963) בע,מ",,ביסקוטים בונומי קקאו,גרמים,200.00,100 גרם,false,,4.90,0.0245,true,1,1544664
7290014126428,false,מרמולייט סטיביה ממתיק 150 טבליות,מיוצר עי קונדיטוריית,CN,מר' סטיביה 150טבליות,יח',150.00,יח',false,,26.90,0.1793,true,1,1353409
7290014204027,false,"שמפו לשיער חפיפה יומיומית 750 מ""ל פנינה רוזנבלום","פנינה רוזנבלום בע""מ",IL,"שמפו יומי 750 מ""ל",מיליליטרים,750.00,"100 מ""ל",false,,12.90,0.0172,true,1,1348084
7290014204034,false,"מרכך יומי 750 מ""ל פנינה רוזנבלום","פנינה רוזנבלום בע""מ",IL,"מרכך יומי 750 מ""ל",מיליליטרים,750.00,"100 מ""ל",false,,12.90,0.0172,true,1,1348085
7290014204577,false,"תחליב רחצה לילדים 750 מ""ל פנינה רוזנבלום",פנינה רוזנבלום,,"תחליב לילדים 750 מ""ל",מיליליטרים,750.00,"100 מ""ל",false,,19.90,0.0265,true,1,1348091
7290014204591,false,"שמפו לילדים 750 מ""ל",פנינה רוזנבלום בעמ,,"שמפו לילדים 750 מ""ל",מיליליטרים,750.00,"100 מ""ל",false,,19.90,0.0265,true,1,1348093
7290014204607,false,"אל סבון נוזלי לילדים 750 מ""ל פנינה",פנינה רוזנבלום,,"סבון לילדים 750 מ""ל",מיליליטרים,750.00,"100 מ""ל",false,,19.90,0.0265,true,1,1348094
7290014204638,false,"מרכך קרטין לאחר החלקה 750 מ""ל פנינה רוזנבלום",פנינה רוזנבלום בעמ,,מרכך שיער לאחר החלקה,מיליליטרים,750.00,"100 מ""ל",false,,24.90,0.0332,true,1,1371361
7290014204645,false,"שמפו קרטין לאחר החלקה 750 מ""ל פנינה רוזנבלום","פנינה רוזנבלום בע""מ",,שמפו לאחר החלקה 750,מיליליטרים,750.00,"100 מ""ל",false,,24.90,0.0332,true,1,1371362
7290014217003,false,פפריקה מעושנת בקופ' 90 גר' טעם וריח,"תבליני טעם וריח בע""מ",IL,מיכל פפריקה מעושנת 90 גר',גרמים,90.00,100 גרם,false,,7.90,0.0878,true,1,1350742
7290014217010,false,דגים T130 -BUL בקופ' 90 גר' טעם וריח,"תבליני טעם וריח בע""מ",IL,T-BUL לדגים מיכל 90 גר',גרמים,90.00,100 גרם,false,,12.90,0.1433,true,1,1350743
7290014217027,false,עוף T130 -BUL בקופ' 120 גר' טעם וריח,"תבליני טעם וריח בע""מ",IL,T-BUL לעוף מיכל 120 גר',גרמים,120.00,100 גרם,false,,12.90,0.1075,true,1,1350744
7290014217065,false,אורגנו עלים בקופ' 30 גר' טעם וריח,"תבליני טעם וריח בע""מ",IL,מיכל אורגנו 30 גר',גרמים,30.00,100 גרם,false,,5.90,0.1967,true,1,1350748
7290014217119,false,תערובת לצ'יפס בקופ' 100 גר' טעם וריח,"תבליני טעם וריח בע""מ",IL,מיכל תע' לצ'יפס 100 גר',גרמים,100.00,100 גרם,false,,7.90,0.0790,true,1,1350749
7290014217157,false,תיבול טוסקנה בקופ' 120 גר' טעם וריח,"תבליני טעם וריח בע""מ",IL,מיכל טוסקנה תיבול 120גר',גרמים,120.00,100 גרם,false,,7.90,0.0658,true,1,1350752
7290014217164,false,תבלין פטרוזיליה מיכל גדול 20 ג',"תבליני טעם וריח בע""מ",IL,מיכל פטרוזיליה 20 גר',גרמים,20.00,100 גרם,false,,5.90,0.2950,true,1,1350753
7290014217171,false,תערובת תיבול תיבול גריל דג מיכל 100ג',"תבליני טעם וריח בע""מ",IL,מיכל גריל דג תיבול 100גר',גרמים,100.00,100 גרם,false,,7.90,0.0790,true,1,1350754
7290014217201,false,"תערובת תיבול סומק 45 גרם ""טעם וריח""","תבליני טעם וריח בע""מ",,תערובת תיבול סומק,גרמים,45.00,100 גרם,false,,4.90,0.1089,true,1,1394903
7290014217225,false,גריל עוף בקופ' 120 גר' טעם וריח,"תבליני טעם וריח בע""מ",IL,מיכל גריל עוף 120 גר',גרמים,120.00,100 גרם,false,,7.90,0.0658,true,1,1350755
7290014217263,false,תיבול לפרגית בקופ' 100 גר' טעם וריח,"תבליני טעם וריח בע""מ",,תיבול לפרגיות,גרמים,100.00,100 גרם,false,,7.90,0.0790,true,1,1413128
7290014217348,false,"מיכל צ'ילי כתוש 70 גר' ""טעם וריח""","תבליני טעם וריח בע""מ",IL,מיכל צ'ילי כתוש 70 גר',גרמים,70.00,100 גרם,false,,7.90,0.1129,true,1,1350758
7290014217355,false,קרי אבקה בקופ' 100 גר' טעם וריח,"תבליני טעם וריח בע""מ",IL,מיכל קרי אבקה 100 גר',גרמים,100.00,100 גרם,false,,7.90,0.0790,true,1,1350759
7290014217362,false,תיבול לקציצות בקופ' 100 גר' טעם וריח,"תבליני טעם וריח בע""מ",IL,מיכל תיבול לקציצות 100גר',גרמים,100.00,100 גרם,false,,7.90,0.0790,true,1,1350760
7290014217393,false,אבקת צ'ילי חריף 30 גרם מיכל קטן,"תבליני טעם וריח בע""מ",,אבקת צילי חריף 30 גר,גרמים,30.00,100 גרם,false,,4.90,0.1633,true,1,2363693
7290014217478,false,תערובת עשבי תיבול איטלקי ים תיכוני 30ג',"תבליני טעם וריח בע""מ",,תערובת עשבי תיבול אי,גרמים,30.00,100 גרם,false,,5.90,0.1967,true,1,1419174
7290014217485,false,תיבול קייג'ון בקופ' 100 גר' טעם וריח,"תבליני טעם וריח בע""מ",,קייגון תיבול מיכל,גרמים,100.00,100 גרם,false,,7.90,0.0790,true,1,2058541
7290014217492,false,תיבול פילדלפיה בקופ' 100 גר' טעם וריח,"תבליני טעם וריח בע""מ",,פילדלפיה תיבול מיכל,גרמים,100.00,100 גרם,false,,7.90,0.0790,true,1,2058542
7290014217515,false,לציפוי מאפה מלוח מיכל 90 גר` טעם וריח,"תבליני טעם וריח בע""מ",,ציפוי מאפה מלוח מיכל,גרמים,90.00,100 גרם,false,,8.90,0.0989,true,1,2058533
7290014217522,false,לחם שום תערובת מיכל 100 גר`טעם וריח,"תבליני טעם וריח בע""מ",,לחם שום תערובת מיכל,גרמים,100.00,"100 ג""ר",false,,8.90,0.0890,true,1,2058534
7290014217911,false,תבלין פלפל אדום מתוק בשקית 150 גר,"תבליני טעם וריח בע""\מ",,פלפל מתוק שלם 150 גר,גרמים,150.00,100 גרם,false,,12.90,0.0860,true,1,2330964
7290014218321,false,בורקס אישי יפו גבינה מעדנות 600 גרם,תנובה מרכז שיתופי לשיווק תוצרת,,בורקס יפו גבינה מעדנ,גרמים,600.00,100 גרם,false,,14.90,0.0248,true,1,1473241
7290014218338,false,"בורקס אישי יפו תפו""א מעדנות 600 גרם",מיוצר עי קונדיטוריית,,"בורקס יפו תפו""א מעדנ",גרמים,600.00,100 גרם,false,,12.90,0.0215,true,1,1473242
7290014218932,false,חטיפי פיצה בתוספ זיתים בשקית מעדנות 710 גרם,מיוצר עי קונדיטוריית,,חטיפי פיצה בתוספת זי,גרמים,710.00,100 גרם,false,,32.90,0.0463,true,1,2264771
7290014256620,false,"יין מבעבע קריניאנו באזז יקבי כרמל 750 מ""ל",אגודת הכורמים -כרמל מזרחי,,יין קריניאנו,מיליליטרים,750.00,"100 מ""ל",false,,24.90,0.0332,true,1,1308306
7290014256637,false,"יין מבעבע מוסקטו באזז יקבי כרמל 750 מ""ל",אגודת הכורמים -כרמל מזרחי,,יין מוסקטו,מיליליטרים,750.00,"100 מ""ל",false,,24.90,0.0332,true,1,1308307
7290014258716,false,תרכובת מזון צמחי על בסיס חלבון סויה מגיל לידה,קבוצת אוסם סחר שותפות מוגבלת,IL,תרכובת מזון לתינוקות על ב,גרמים,700.00,100 גרם,false,,54.90,0.0784,true,1,1305824
7290014258723,false,תרכובת מזון צמחי לתינוקות מגיל 0 עד גיל שנה,קבוצת אוסם סחר שותפות מוגבלת,IL,תרכובת מזון לתינוקות על ב,גרמים,700.00,100 גרם,false,,69.90,0.0999,true,1,1305825
7290014258730,false,תרכובת מזון צמחי לתינוקות מגיל 12 חודשים ואילך,קבוצת אוסם סחר שותפות מוגבלת,IL,תרכובת מזון המשך לפעוטות,גרמים,700.00,100 גרם,false,,69.90,0.0999,true,1,1305826
7290014308626,false,פלפל שחור גרוס דק 100 גרם,תבליני פרג,,פלפל שחור גרוס דק דק,גרמים,100.00,100 גרם,false,,13.90,0.1390,true,1,2414265
7290014308633,false,פלפל שחור שלם פרג,,,פלפל שחור שלם,גרמים,80.00,100 גרם,false,,13.90,0.1738,true,1,2414623
7290014308978,false,מקלות קינמון שלם 80 גרם,תבליני הדור השלישי,,מקלות קינמון,גרמים,80.00,100 גרם,false,,13.90,0.1738,true,1,2414258
7290014309128,false,תבלין קצח פרג 120 גר,תבליני הדור השלישי,,קצח 120 גרם,גרמים,120.00,100 גרם,false,,13.90,0.1158,true,1,2414286
7290014309180,false,סומך טחון פרג,תבליני פרג,,סומק,גרמים,100.00,100 גרם,false,,13.90,0.1390,true,1,2414259
7290014318090,false,מיני ניוקי ללא גלוטן 500 גרם,VINCI,,מיני ניוקי ללא גלוטן,גרמים,500.00,100 גרם,false,,16.90,0.0338,true,1,1490788
7290014318113,false,"ניוקי תפו""א ללא גלוטן 500 גרם",VINCI,,ניוקי תפוח אדמה ללא,גרמים,500.00,100 גרם,false,,16.90,0.0338,true,1,1490789
7290014318243,false,פולנטה איטלקית עדינה בווקום 1 קג,,,פולנטה איטלקית עדינה,גרמים,1000.00,100 גרם,false,,12.90,0.0129,true,1,1480089
7290014318250,false,"פולנטה איטלקית מקורית 1 ק""ג (10)",,,פולנטה איטלקית,קילוגרמים,1.00,"ק""ג",false,,12.90,12.9000,true,1,1480104
7290014318274,false,"שמן כמהין שחור כשר 250 מ""ל",,,שמן כמהין שחור כשר 2,גרמים,250.00,100 גרם,false,,59.90,0.2396,true,1,1850119
7290014318311,false,מארז שלישיית עגבניות חתוכות דק במיץ עגבניות Rosso,,,עגבניות פולפה (מעגבנ,גרמים,1200.00,100 גרם,false,,14.90,0.0124,true,1,1479971
7290014318441,false,מחית עגבניות חלקה 680 ג',,,מחית עגבניות חלקה,גרמים,680.00,100 גרם,false,,9.90,0.0146,true,1,1551005
7290014318458,false,מחית עגבניות חתוכות דק Rustica,איטליקה Italica,,עגבניות חתוכות דק,גרמים,680.00,100 גרם,false,,12.90,0.0190,true,1,1551006
7290014318663,false,"חומץ תפוחים אורגני 750 מ""ל",,,"חומץ תפוחים אורגני """,מיליליטרים,750.00,"1000מ""ל",false,,18.90,0.0252,true,1,2104805
7290014318670,false,רוטב רימונים אורגני,,,רכז רימונים,מיליליטרים,250.00,"100 מ""ל",false,,27.90,0.1116,true,1,2285754
7290014318861,false,"קרם קוקוס אורגני 17.5% שומן 250 מ""ל",,,קרם קוקוס אורגנני 18,מיליליטרים,250.00,"100 מ""ל",false,,9.90,0.0396,true,1,2285767
7290014321007,false,"שמן קוקוס אורגני 350 מ""ל",כפרי בריא,,"שמן קוקוס 350 מ""ל או",מיליליטרים,350.00,"100 מ""ל",false,,29.90,0.0854,true,1,1364630
7290014325036,false,סוכריות ג'לי עטופות שמחות מיה 600 גרם,מיה תעשיות מזון מ.ת.מ. בעמ,IL,סוכריות ג'לי שמחות 600גרם,גרמים,600.00,100 גרם,false,,22.90,0.0382,true,1,1334210
7290014325043,false,פודינג בטעם וניל 1 קג מיה,מיה תעשיות מזון מ.ת.מ. בעמ,IL,פודינג וניל 1ק'ג,גרמים,1000.00,100 גרם,false,,19.90,0.0199,true,1,1334211
7290014325050,false,קורנפלור 500 גר` מיה ג.,מיה תעשיות מזון מ.ת.מ. בעמ,IL,קורנפלור 500גרם,גרמים,500.00,100 גרם,false,,4.90,0.0098,true,1,1334212
7290014397163,false,"מטהר אוויר פרש הום פריחת השקד, ורד אנגלי וכותנה",החברה הדרומית לשיווק בעמ,,מטהר אוויר פרש אוטומ,מיליליטרים,250.00,"100 מ""ל",false,,12.90,0.0516,true,1,1842176
7290014397170,false,"פרש מיכל מילוי אוטומטיק סופט בלאנס 250 מ""ל סנו",החברה הדרומית לשיווק בעמ,,מטהר אוויר פרש אוטומ,מיליליטרים,250.00,"100 מ""ל",false,,12.90,0.0516,true,1,1837352
7290014397200,false,שלשיית מברשות שיניים אורביטול פרמיום,החב הדרומית לשיווק,CN,3 מברשות שיניים אורביטול,יח',3.00,יח',false,,14.90,4.9667,true,1,1320264
7290014397279,false,שקיות מזון גדולות XL סנו סושי 300 יחידות,החברה הדרומית לשיווק בעמ,IL,סנו סושי 300 שקיות מזון,יח',300.00,יח',false,,11.90,0.0397,true,1,1320269
7290014397453,false,סנו אוקסיגן גל מסיר כתמים כביסה לבנה 3 ל,החברה הדרומית לשיווק בעמ,IL,מסיר כתמים לכביסה לבנה3ל,ליטרים,3.00,ליטר,false,,29.90,9.9667,true,1,1320273
7290014397491,false,"מבשם אויר סנו פרש הום בניחוח וניל קוקוס 350 מ""ל",סנו פרש Fresh,IL,סנופרש וניל קוקוס 350מל,מיליליטרים,350.00,"100 מ""ל",false,,10.90,0.0311,true,1,1320274
7290014397507,false,מבשם אויר סנו פרש הום בניחוח מאסק מעודן 350 מ''ל,מיוצר עי קונדיטוריית,IL,סנופרש מאסק מעודן350,מיליליטרים,350.00,"100 מ""ל",false,,10.90,0.0311,true,1,1320275
7290014397514,false,"מבשם אויר סנו פרש הום בניחוח כותנה מלטפת 350 מ""ל",החברה הדרומית לשיווק בעמ,IL,סנופרש הום כותנה 350מל,מיליליטרים,350.00,"100 מ""ל",false,,10.90,0.0311,true,1,1320276
7290014397521,false,"מבשם אויר סנו פרש הום בניחוח לבנדר 350 מ""ל",סנו פרש Fresh,IL,סנופרש הום לבנדר,מיליליטרים,350.00,"100 מ""ל",false,,10.90,0.0311,true,1,1320277
7290014397538,false,"מבשם אויר סנו פרש הום בניחוח אביב 350 מ""ל",סנו מפעלי ברונוס בעמ,IL,סנופרש הום סבון מפנק,מיליליטרים,350.00,"100 מ""ל",false,,10.90,0.0311,true,1,1320278
7290014397705,false,פוליויקס פרקט טבעי וסינטטי סנו (2 ליטר),החברה הדרומית לשיווק בעמ,IL,פוליויקס פרקט 2 ליטר,ליטרים,2.00,ליטר,false,,19.90,9.9500,true,1,1320290
7290014397712,false,סנובון גל לאסלה בניחוח פריחה ורודה,החב הדרומית לשיווק,PL,סנובון ג'ל בניחוח פריחה,מיליליטרים,65.00,"100 מ""ל",false,,14.90,0.2292,true,1,1320291
7290014397767,false,סנו ריצפז פרש הום 2 ליטר בניחוח כותנה-מרכז,החברה הדרומית לשיווק בעמ,IL,ריצפז פרש הום כותנה 2 לי,ליטרים,2.00,ליטר,false,,19.90,9.9500,true,1,1320295
7290014397774,false,ריצפז פרש הום טבע רענן 2ל לרצפה,החברה הדרומית לשיווק בעמ,IL,ריצפז פרש הום טבע רענן2ל,ליטרים,2.00,ליטר,false,,19.90,9.9500,true,1,1320296
7290014397781,false,סנו ריצפז פרש הום 2 ליטר בניחוח סבון,החברה הדרומית לשיווק בעמ,IL,'ריצפז פרש סבון מפנק 2ל,ליטרים,2.00,ליטר,false,,19.90,9.9500,true,1,1320297
7290014397835,false,סנו - מט דוחה יתושים נוזלי מכשיר + מילוי 45 לילות,החברה הדרומית לשיווק בעמ,IT,סנומט סמרט 45לילות יחיד,יחידה,0.00,יחידה,false,,44.90,0.0000,true,1,1320299
7290014397897,false,"מבשם בגדים ואריגים כותנה מקסימה 350 מ""ל סנו",סנו מפעלי ברונוס בעמ,IL,מבשם בגדים ואריגים 350מל,מיליליטרים,350.00,"100 מ""ל",false,,18.90,0.0540,true,1,1320304
7290014397903,false,מבשם בגדים ואריגים מקסימה Soft linen,סנו-מקסימה,IL,מבשם בגדים לילך 350מל,מיליליטרים,350.00,"100 מ""ל",false,,18.90,0.0540,true,1,1320305
7290014397958,false,"סנו - די רולאון דוחה יתושים ממקור טבעי 50 מ""ל",החברה הדרומית לשיווק בעמ,IL,"""סנו די דוחה יתושים 50 מ",מיליליטרים,50.00,"100 מ""ל",false,,19.90,0.3980,true,1,1320306
7290014398733,false,צלחות 10 גפן קרם זהב,,,צלחות 10 גפן קרם זהב,100 יח',10.00,100 יח',false,,31.90,3.1900,true,1,1362228
7290014398764,false,צלחת 9 גפן קרם זהב 1,,,צלחת 9 גפן קרם זהב 1,100 יח',10.00,100 יח',false,,27.90,2.7900,true,1,1362230
7290014426061,false,משחת שיניים הלו קיטי בטעם ענבים לגיל 2-6,גורי ע.ע.ע. בע`מ,IL,משחת שיניים הלו קיטי,מיליליטרים,50.00,"100 מ""ל",false,,11.90,0.2380,true,1,1346577
7290014435360,false,חומוס עם רוטב חריף שמיר 400 גרם,"סלטי שמיר 2006 בע""מ",,חומוס עם רוטב חריף,גרמים,400.00,100 גרם,false,,10.90,0.0273,true,1,2282129
7290014435377,false,חומוס עם רוטב מסבחה שמיר 400 גרם,סלטי שמיר 2006 בעמ,,חומוס עם רוטב מסבחה,גרמים,400.00,100 גרם,false,,10.90,0.0273,true,1,2282130
7290014435391,false,חומוס אורגינל עם גרגירים שמיר 400 גרם,"סלטי שמיר 2006 בע""מ",,חומוס אורגינל עם גרג,גרמים,400.00,100 גרם,false,,7.90,0.0198,true,1,2282132
7290014435704,false,סלמון מעושן פרוס 100ג(שמיר),שבעת הימים - שמיר,,סלמון מעושן פרוס 100,גרמים,100.00,100 גרם,false,,21.90,0.2190,true,1,2145821
7290014435803,false,מטיאס הולנדי (פרובנציאל) עם בצל בשמן 180 גרם,שבעת הימים - שמיר,,מטיאס הולנדי (פרובנצ,גרמים,200.00,100 גרם,false,,18.90,0.0945,true,1,2149075
7290014435810,false,נתחי הרינג כבוש עם בצל במרינת חמוץ מתוק שמיר 220 גרם,שבעת הימים - שמיר,,הרינג כבוש עם בצל במ,גרמים,220.00,100 גרם,false,,18.90,0.0859,true,1,2149076
7290014435827,false,פילה מקרל מעושן בשמן ויטהול 180 גר,"סלטי שמיר 2006 בע""מ",,פילה מקרל מעושן בשמן,גרמים,190.00,100 גרם,false,,24.90,0.1311,true,1,2149077
7290014435834,false,מקרל מעושן פרוס בשמן שמיר 180 גרם,שבעת הימים - שמיר,,מקרל מעושן פרוס בשמן,גרמים,190.00,100 גרם,false,,24.90,0.1311,true,1,2149078
7290014435841,false,פילה הרינג עם בצל בשמן מטיאס הולנדי שמיר 200 גרם,סלטי שמיר 2006 בעמ,,פילה מטיאס הולנדי בש,גרמים,200.00,100 גרם,false,,18.90,0.0945,true,1,2149079
7290014435872,false,סלט הרינג עם מיונז שמיר 200 גרם,שבעת הימים - שמיר,,סלט הרינג עם מיונז,גרמים,200.00,100 גרם,false,,18.90,0.0945,true,1,2149080
7290014435889,false,סלט מטיאס עם מיונז שמיר 200 גרם,שבעת הימים - שמיר,,סלט מטיאס עם מיונז,גרמים,200.00,100 גרם,false,,18.90,0.0945,true,1,2149081
7290014435896,false,סלט סלמון עם מיונז שמיר 180 גרם,שבעת הימים - שמיר,,סלט סלומון עם מיונז,גרמים,200.00,100 גרם,false,,21.90,0.1095,true,1,2149082
7290014454132,false,לאב ליין וויט דאודורנט ספריי,חלאבין,,דאודורנט ספריי love,יחידה,0.00,יחידה,false,,19.90,0.0000,true,1,1327794
7290014454149,false,לאב ליין וויט דאודורנט רול און,חלאבין Halvin,,דאודורנט רול-און lov,מיליליטרים,80.00,"100 מ""ל",false,,12.90,0.1613,true,1,1327795
7290014454286,false,"שמן 30 מ""ל love line",,,"שמן 30 מ""ל love line",מיליליטרים,30.00,"100 מ""ל",false,,89.90,2.9967,true,1,1327797
7290014454989,false,"חלאבלין רול און 80 מ""ל ג",חלאבין,,"רול און גולד 80 מ""ל",מיליליטרים,80.00,"100 מ""ל",false,,14.90,0.1863,true,1,1327810
7290014454996,false,ספריי דאודורנט 187 מ,,,ספריי דאודורנט 187 מ,מיליליטרים,187.00,"100 מ""ל",false,,19.90,0.1064,true,1,1327811
7290014455245,false,גבינת גרנה פדנו משולש 29% 200 גרם בית יוסף,מחלבות גד שיווק 1992 בעמ,,גבינה גרנה פדנו משול,גרמים,200.00,100 גרם,false,,23.90,0.1195,true,1,1398592
7290014455252,false,גבינת גרנה פדנו מגורדת 29% גד (100 גרם),מחלבות גד שיווק 1992 בעמ,,גבינה גרנה פדנו מגור,גרמים,100.00,100 גרם,false,,10.90,0.1090,true,1,1398593
7290014455320,false,גבינה כדורי מוצרלה פרסקה גד 100ג',מחלבות גד שיווק 1992 בעמ,,כדור מוצרלה פרסקה 10,גרמים,100.00,100 גרם,false,,9.90,0.0990,true,1,1327964
7290014455467,false,ירח מתוק מעדן חלב 2% ושיבולת שועל גד 150ג',מחלבות גד שיווק 1992 בעמ,,מעדן שיבולת שועל וחל,גרמים,150.00,100 גרם,false,,5.50,0.0367,true,1,1398595
7290014455610,false,"יוגורט עיזים תות 125 גרם ""גד""",מחלבות גד שיווק 1992 בעמ,,יוגורט עיזים עם תות,גרמים,125.00,100 גרם,false,,5.90,0.0472,true,1,1457130
7290014455627,false,יוגורט עיזים עם דובדבן אמרנה 125גר,מחלבות גד שיווק 1992 בעמ,,יוגורט עיזים דובדבן,גרמים,125.00,100 גרם,false,,5.90,0.0472,true,1,1457131
7290014459137,false,"תפוגן סטייק צ'יפס 1.5 ק""ג אסם",קבוצת אוסם סחר שותפות מוגבלת,IL,"תפוגן סטייק צ'יפס 1.5 ק""ג",קילוגרמים,1.50,"ק""ג",false,,19.90,13.2667,true,1,1305830
7290014459373,false,"צ'יפס קראנצ'י לתנור קפוא תפוגן 1.5ק""ג",קבוצת אוסם סחר שותפות מוגבלת,,תפוגן צ'יפס קראנצי 1,קילוגרמים,1.50,"ק""ג",false,,22.90,15.2667,true,1,1400456
7290014459472,false,"תפוגן צ יפס קלאסי 2ק""ג (תפוגן)",קבוצת אוסם סחר שותפות מוגבלת,,תפוגן צ'יפס קלאסי 2,קילוגרמים,2.00,"ק""ג",false,,24.90,12.4500,true,1,1474233
7290014471412,false,"מוזלי בוטנים אגוזים ושקדים 1 ק""ג - 412 ירוק שקדיה",דין שיווק וקליה 2021 בעמ,,מיזלי בוטנים אגוזים,גרמים,1000.00,100 גרם,false,,19.90,0.0199,true,1,1327638
7290014471429,false,"מוזלי עם פירות 1 ק""ג - 429 סגול שקדיה",דין שיווק וקליה 2021 בעמ,,"מיזלי פירות 1 ק""ג.",גרמים,1000.00,100 גרם,false,,19.90,0.0199,true,1,1327639
7290014471436,false,"מוזלי צימוקים תפוח קינמון וגרעיני חמניה 1 ק""ג כחול שקדיה",דין שיווק וקליה 2021 בעמ,,מיזלי צימוקים תפוח ק,גרמים,1000.00,100 גרם,false,,19.90,0.0199,true,1,1327640
7290014471443,false,"גרנולה צימוקים אגוזים ושקדים1 ק""ג חדש - 443 כתום שקדיה (כתום)",דין שיווק וקליה 2021 בעמ,,"גרנולה אגוזים 1ק""ג",גרמים,1000.00,100 גרם,false,,19.90,0.0199,true,1,1327641
7290014472235,false,פקאן סיני מסוכר ששון הקולה (200 גרם),דין שיווק וקליה 2021 בעמ,,פקאן סיני מסוכר 200,גרמים,200.00,100 גרם,false,,24.90,0.1245,true,1,1327648
7290014472426,false,קונפיטורה דובדבן 70% פרי 450 גרם שקדיה,דין שיווק וקליה 2021 בעמ,,קונפיטורה 450 גרם דו,גרמים,450.00,100 גרם,false,,12.90,0.0287,true,1,1730792
7290014472433,false,קונפיטורה תות שדה 70% פרי 450 גרם,דין שיווק וקליה 2021 בעמ,,קונפיטורה 450 גרם תו,גרמים,450.00,100 גרם,false,,12.90,0.0287,true,1,1730793
7290014472440,false,קונפיטורה תפוז 70% פרי 450 גרם שקדיה,דין שיווק וקליה 2021 בעמ,,קונפיטורה 450 גרם תפ,גרמים,450.00,100 גרם,false,,12.90,0.0287,true,1,1730794
7290014472464,false,קונפיטוריה משמש 450 גר`שקדיה,דין שיווק וקליה 2021 בעמ,,קונפיטורה 450 גרם מש,גרמים,450.00,100 גרם,false,,12.90,0.0287,true,1,1730796
7290014472990,false,ממרח 100% שקדים שקדיה (300 גרם),דין שיווק וקליה 2021 בעמ,,ממרח שקדים 300 גרם,גרמים,300.00,100 גרם,false,,34.90,0.1163,true,1,1472980
7290014499461,false,קערה מקופלת קטן שקוף יחי,.,,קערה מקופלת קטן,יחידה,0.00,יחידה,false,,6.90,0.0000,true,1,1362255
7290014499744,false,גביע טוביטו 24 יחידו,,,גביע טוביטו 24 יחידו,100 יחידה,24.00,100 יחידה,false,,15.90,0.6625,true,1,1362281
7290014499973,false,קש מעוצב בצבעי נאון-,,,קש מעוצב בצבעי נאון-,יחידה,0.00,יחידה,false,,5.90,0.0000,true,1,1960822
7290014500013,false,צלחת 9 עגולה מתכלה 2,,,צלחת 9 עגולה מתכלה 2,100 יח',25.00,100 יח',false,,12.90,0.5160,true,1,1362295
7290014500037,false,לפתן עגול מתכלת אר 2,,,לפתן עגולה מתכלה,100 יח',100.00,100 יח',false,,7.90,0.0790,true,1,1362297
7290014500044,false,מרק עגולה מתכלה 25 י,,,מרק עגולה מתכלה 25 י,100 יח',100.00,100 יח',false,,9.90,0.0990,true,1,1362298
7290014500082,false,צלחת 10 מרובע מתכלה,,,צלחת 10 מרובע מתכלה,יחידה,0.00,יחידה,false,,19.90,0.0000,true,1,1747658
7290014500419,false,מגש גלים קטן לבן יח,,,מגש גלים קטן,יחידה,0.00,יחידה,false,,7.90,0.0000,true,1,1386742
7290014500440,false,קש ניאון צבעוני 225 יח,,,קש בצבעי נאון באריזת,יחידה,0.00,יחידה,false,,13.90,0.0000,true,1,1960823
7290014500600,false,כפית מיני מוכסף 24 י,,,כפית מיני מוכסף 24 י,יחידה,0.00,יחידה,false,,6.90,0.0000,true,1,1362324
7290014500686,false,כף מצדה 20 יחי',WWP,,כף מצדה,יחידה,0.00,יחידה,false,,5.90,0.0000,true,1,1386711
7290014500693,false,כפית מצדה 20 יחידות,WWP,,כפית מצדה,יחידה,0.00,יחידה,false,,5.90,0.0000,true,1,1386741
7290014500761,false,כוס קריספנו,,,כוס קריספנו,יחידה,0.00,יחידה,false,,13.90,0.0000,true,1,1386807
7290014500884,false,צלחת קטן קריסטל יחידה,,,קערת פלסטיק קריסטל ק,יחידה,0.00,יחידה,false,,6.90,0.0000,true,1,1362332
7290014500907,false,צלחת גדול קריסטל יחידה,,,מגש אובלי גדול,יחידה,0.00,יחידה,false,,14.90,0.0000,true,1,1362334
7290014503137,false,יין אדום יבש יובלים יקב דלתון (750 מל),הכרם - משקאות חריפים בעמ,,יין דלתון יובלים אדו,מיליליטרים,750.00,"100 מ""ל",false,,39.90,0.0532,true,1,1333855
7290014503328,false,"יין עלמה סקארלט 750 מ""ל דלתון",הכרם משקאות חריפים בעמ,,יין דלתון עלמה,מיליליטרים,750.00,"100 מ""ל",false,,79.90,0.1065,true,1,1847264
7290014503618,false,"יין דלתון עלמה רוזה 750 מ""ל","יקב דלתון בע""מ",,יין דלתון עלמה,מיליליטרים,750.00,"100 מ""ל",false,,79.90,0.1065,true,1,1847265
7290014525009,false,חטיף סלים פרוט Slim fruit בטעם יוגורט ובמילוי תפוח,סלים דליס Slim Delis,ES,מרבה סלים פרוט בטעם יוגור,גרמים,182.00,100 גרם,false,,10.90,0.0599,true,1,1338925
7290014525177,false,חטיף סלים פרוט Slim fruit בטעם יוגורט ופירות יער,סלים דליס Slim Delis,ES,מרבה סלים פרוט בטעם יוגור,גרמים,120.00,100 גרם,false,,10.90,0.0908,true,1,1338931
7290014525290,false,חטיפי סלים דליס קריספי תות מרבה 125 גרם,סלים דליס Slim Delis,,חטיף קריספי עם מילוי,גרמים,125.00,100 גרם,false,,10.90,0.0872,true,1,1414462
7290014525306,false,חטיפי סלים דליס קריספי אוכמניות מרבה 125 גרם,סלים דליס Slim Delis,,חטיף קריספי עם מילוי,גרמים,125.00,100 גרם,false,,10.90,0.0872,true,1,1414463
7290014525313,false,חטיפי סלים דליס קריספי שוקולד מרבה 125 גרם,סלים דליס Slim Delis,,חטיף קריספי עם מילוי,גרמים,125.00,100 גרם,false,,10.90,0.0872,true,1,1414464
7290014525665,false,מרבה על חלל עוגיות קקאו וסוכריות שוק חלב 140 יח',ש.שסטוביץ בעמ,,עוגיות על חלל קקאו ע,גרמים,140.00,100 גרם,false,,9.90,0.0707,true,1,2349735
7290014547353,false,סנסודין זוג מברשות שיניים דואלקר ירוק+יר,גורי ע.ע.ע בעמ,,זוג מברשות שיניים סנ,יחידה,0.00,יחידה,false,,19.90,0.0000,true,1,1871952
7290014562387,false,תה גרגירים להכנת משקה קמומיל בטר אנד דיפרנט 200 גרם,סילקו אם איי ספולקה,,תה קמומיל 200 גרם,גרמים,200.00,100 גרם,false,,19.90,0.0995,true,1,1348222
7290014562394,false,משקה גרגירים שומר בטר& דיפרנט 200ג',סילקו אם איי ספולקה,,תה שומר 200 גרם,גרמים,200.00,100 גרם,false,,19.90,0.0995,true,1,1348223
7290014562448,false,גרנולה עם רכז תפוח וקינמון,בטר אנד דיפרנט,,גרנולה עם רכז תפוח ו,גרמים,900.00,100 גרם,false,,24.90,0.0277,true,1,1404280
7290014562455,false,גרנולה קינואה וציות900,בטר אנד דיפרנט,,גרנולה עם חמוציות.,גרמים,900.00,100 גרם,false,,24.90,0.0277,true,1,1404267
7290014562684,false,פריכיות אורז מרובעות דקות 130 גרם,בטר אנד דיפרנט בעמ,,פריכיות אורז דקות מר,גרמים,130.00,100 גרם,false,,5.90,0.0454,true,1,1404197
7290014562691,false,פריכיות תירס מרובעות דקות 130 גרם,בטר אנד דיפרנט בעמ,,פריכיות תירס דקות מר,גרמים,130.00,100 גרם,false,,5.90,0.0454,true,1,1404198
7290014581074,false,רשת למנגל גדול,,,רשת למנגל גדול,יחידה,0.00,יחידה,false,,19.90,0.0000,true,1,2350531
7290014581197,false,מלקחיים לקרח,,,מלקחיים לקרח,יחידה,0.00,יחידה,false,,6.90,0.0000,true,1,2349110
7290014581319,false,מנגל קטן+ רשת,פחם קוואנגו סחר בעמ,,מנגל + רשת,יחידה,0.00,יחידה,false,,29.90,0.0000,true,1,2349111
7290014648517,false,פד סטרילי מרופד 5X5ס,,,פד סטרילי מרופד 5X5ס,יחידה,0.00,יחידה,false,,5.90,0.0000,true,1,2122521
7290014648548,false,מרפדי גזה לא סטרילי,,,מרפדי גזה לא סטרילי,יחידה,0.00,יחידה,false,,6.90,0.0000,true,1,2122524
7290014648630,false,מסרק כינים חירוץ כפו,,,מסרק כינים חירוץ כפו,יחידה,0.00,יחידה,false,,9.90,0.0000,true,1,2122529
7290014651920,false,פיצוחי הטיב קבוקים שומשום 200ג,פיצוחי הטיב,,קבוקים שומשום 200 גר,גרמים,200.00,100 גרם,false,,4.90,0.0245,true,1,1833161
7290014666337,false,פלסטר נקסקר נושם שקו,תאילנד M3,,פלסטר נקסקר נושם שקו,יח',48.00,יח',false,,14.90,0.3104,true,1,2331643
7290014666344,false,נקסקר נש 48פלסטרים עור,3M,,פלסטר נקסקר נושם צבע,יח',48.00,יח',false,,14.90,0.3104,true,1,2331660
7290014666764,false,נקסקר 100פלסטרים צבע עור,פארמה גורי,,פלסטר נקסקר נושם בצב,יח',100.00,יח',false,,24.90,0.2490,true,1,2331662
7290014666993,false,נקסקר 100פלסטרים שקופים,פארמה גורי,,פלסטר נקסקר נושם שקו,יח',100.00,יח',false,,24.90,0.2490,true,1,2331663
7290014692299,false,גבינת ברי EURO CHEESE ויליפוד 125 גרם,ג.וילי-פוד אינטרנשיונל **גבינו,DK,גבינת ברי 125גרם CASTELLO,גרמים,125.00,100 גרם,false,,19.90,0.1592,true,1,1308906
7290014692305,false,גבינת קממבר EURO CHEESE ויליפוד 125 גרם,ג.וילי-פוד אינטרנשיונל **גבינו,DK,גבינת קממבר 125גרם CASTEL,גרמים,125.00,100 גרם,false,,19.90,0.1592,true,1,1308907
7290014692749,false,"שמן זית כתית מעולה ויליפוד 750 מ""ל",ג. וילי-פוד אינטרנשיונל בע`מ,,שמן זית כתית מעולה 7,מיליליטרים,750.00,"100 מ""ל",false,,29.90,0.0399,true,1,2367132
7290014692817,false,גבינת מוצרלה מגורדתEURO CHEESE ויליפוד 200 גרם,ג.וילי-פוד אינטרנשיונל **גבינו,LT,גבינת מוצרלה מגורדת 200גר,גרמים,200.00,100 גרם,false,,15.00,0.0750,true,1,1308914
7290014725348,false,ממתיק דל קלוריות קלאסי סוכרזית) (100,שטראוס גרופ בע`מ,IL,סוכרזית קלאסי 100 שקיות,גרמים,130.00,100 גרם,false,,12.90,0.0992,true,1,1342631
7290014748613,false,דג טוב מקלוני דגים בציפוי ציפס 600גר,קבוצת אוסם סחר שותפות מוגבלת,,דג טוב - מקלוני דגים,גרמים,600.00,100 גרם,false,,24.90,0.0415,true,1,2064794
7290014748651,false,פילה אמנון מצופה נתח שלם דג טוב 360 גרם,קבוצת אוסם סחר שותפות מוגבלת,,דג טוב - פילה אמנון,גרמים,360.00,100 גרם,false,,29.90,0.0831,true,1,2064788
7290014748972,false,עוף טוב מיני פילה אמנון בציפוי פופקורן,קבוצת אסם סחר שות. מוגבלת,,דג טוב - מיני אמנון,גרמים,400.00,100 גרם,false,,32.90,0.0822,true,1,2154257
7290014749078,false,מקלוני קבנוס עוף טוב 200 גרם,קבוצת אוסם סחר שותפות מוגבלת,,מקלוני קבנוס עוף טוב,גרמים,200.00,100 גרם,false,,14.90,0.0745,true,1,2262401
7290014749245,false,ספיישל רצועות שניצל שומשום עוף טוב 600 גרם,קבוצת אוסם סחר שותפות מוגבלת,,רצועות שניצל בציפוי,גרמים,600.00,100 גרם,false,,34.90,0.0582,true,1,2285700
7290014749740,false,שניצל עוף ביתי מתובל 600 גר` עוף טוב,קבוצת אסם סחר שות. מוגבלת,,שניצל עוף ביתי מתובל,גרמים,600.00,100 גרם,false,,42.90,0.0715,true,1,2301222
7290014749764,false,עוף טוב שניצל עוף ביתי עדין כזה 700 גרם,קבוצת אוסם סחר שותפות מוגבלת,,שניצל עוף ביתי עדין,גרמים,700.00,100 גרם,false,,42.90,0.0613,true,1,2301223
7290014749849,false,שניצל דק ענק קריספי שומשום עוף טוב 720 גרם,קבוצת אוסם סחר שותפות מוגבלת,,שניצל עוף דק ענק קרי,גרמים,720.00,100 גרם,false,,27.90,0.0387,true,1,2350669
7290014749863,false,שניצל דק ענק קריספי צ'יפס עוף טוב 720 גרם,קבוצת אוסם סחר-שות.מוגבלת,,שניצל עוף דק ענק קרי,גרמים,720.00,100 גרם,false,,27.90,0.0387,true,1,2350670
7290014749887,false,שניצל דק ענק קריספי קלאסי עוף טוב 720 גרם,קבוצת אוסם סחר שותפות מוגבלת,,שניצל עוף דק ענק קרי,גרמים,720.00,100 גרם,false,,27.90,0.0387,true,1,2350671
7290014758100,false,מאגדת יוגורט ביו 3% שומן 8 יח' *150ג' תנובה,מיוצר עי קונדיטוריית,,מאגדת 8 יוגורט ביו ת,גרמים,1200.00,100 גרם,false,,15.90,0.0133,true,1,1340230
7290014758117,false,מאגדת יוגורט ביו 1.5% שומן 8 יח' *150 ג' תנובה,מיוצר עי קונדיטוריית,,מאגדת 8 יוגורט ביו ת,גרמים,1200.00,100 גרם,false,,15.90,0.0133,true,1,1340231
7290014758681,false,גבינת קוטג`1% בגביע תנובה (250 גרם),מיוצר עי קונדיטוריית,,קוטג 1% תנובה 250 גר,גרמים,250.00,100 גרם,false,,5.40,0.0216,true,1,1340252
7290014759084,false,גבינת שמנת נפוליאון 16% מופחת שומן תנובה 225 גרם,תנובה מרכז שיתופי לש,,גבינת נפולאון טבעי מ,גרמים,225.00,100 גרם,false,,12.90,0.0573,true,1,1340266
7290014759534,false,גבינה בולגרית למריחה טבעי 5% 200 ג' פיראוס,"תנובה, מחלבת תל יוסף",,בולגרית למריחה 5% טב,גרמים,200.00,100 גרם,false,,12.90,0.0645,true,1,1340280
7290014759978,false,קצ`קאבל פלח גלעד 200 גר`קולקשיין תנובה,"תנובה בע""מ ***",,גבינה גלעד קשקבל 200,גרמים,200.00,100 גרם,false,,25.90,0.1295,true,1,1340289
7290014759985,false,פרמזן פלח גבע 23% 200 גר`קולקשיין תנובה,תנובה - חלב,,גבינה גבע פרמזן 200,גרמים,200.00,100 גרם,false,,24.90,0.1245,true,1,1340290
7290014760141,false,משקה שקדים טרי תנובה (1 ליטר),"תנובה בע""מ ***",DE,רייס דרים משקה שקדים 1 לי,ליטרים,1.00,ליטר,false,,11.90,11.9000,true,1,1364667
7290014760448,false,גבינה צהובה גלבוע 400 גרם 22% שומן תנובה,מחלבת בית יצחק,,גבינה גלבוע 400 גרם,גרמים,400.00,100 גרם,false,,22.90,0.0572,true,1,1340303
7290014760912,false,גבינה צהובה 28% מהדרין גוש חלב (400 גרם),תנובה מרכז שיתופי לש,,גבינה צהובה גוש חלב,גרמים,400.00,100 גרם,false,,24.90,0.0622,true,1,1364850
7290014761056,false,מעדן שוקולד חלב יולו תנובה 123 גרם,מיוצר עי קונדיטוריית,,מעדן YOLO שוקולד חלב,גרמים,123.00,100 גרם,false,,4.20,0.0341,true,1,1340325
7290014761063,false,מעדן שוקולד מריר יולו תנובה 123 גרם,מיוצר עי קונדיטוריית,,מעדן YOLO שוקולד מרי,גרמים,123.00,100 גרם,false,,4.20,0.0341,true,1,1340326
7290014761070,false,מעדן שוקולד לבן יולו תנובה 123 גרם,מיוצר עי קונדיטוריית,,מעדן YOLO שוקולד לבן,גרמים,123.00,100 גרם,false,,4.20,0.0341,true,1,1340327
7290014761193,false,יוגורט עם פירות יער 1.5% שומן 125 ג' פרילי,תנובה מרכז שיתופי לש,,פרילי פירות יער.,גרמים,125.00,100 גרם,false,,3.20,0.0256,true,1,1340329
7290014761414,false,יולו מעדן שכבות שוקולד חלב ולבן 123 גר,מיוצר עי קונדיטוריית,,מעדן YOLO שכבות שוקו,גרמים,123.00,100 גרם,false,,4.20,0.0341,true,1,1340335
7290014761438,false,פיראוס בולגרית קלאסית 24% סמי מעדניה 400,תנובה מרכז שיתופי לש,,גבינה מלוחה פיראוס 2,גרמים,400.00,100 גרם,false,,25.90,0.0647,true,1,1340336
7290014761612,false,מעדן שכבות שוקולד מריר ולבן יולו 122 גרם,מיוצר עי קונדיטוריית,,מעדן YOLO שכבות שוקו,גרמים,122.00,100 גרם,false,,4.20,0.0344,true,1,1340339
7290014761698,false,"גבינת עמק 28% סמי חצי קשה 600 גרם בד""ץ",תנובה מרכז שיתופי לש,,גבינת עמק 600 גרם בד,גרמים,600.00,100 גרם,false,,29.90,0.0498,true,1,2200248
7290014762756,false,גבינת שמנת נפוליאון 16% עם בצל תנובה 225 גרם,תנובה - חלב,,גבינת נפולאון 16% בט,גרמים,225.00,100 גרם,false,,12.90,0.0573,true,1,1401241
7290014762800,false,מעדן סויה שוקולד גביע 125 גרם אלטרנטיב,תנובה מרכז שיתופי לש,,גביע מעדן סויה בטעם,מיליליטרים,125.00,"100 מ""ל",false,,3.90,0.0312,true,1,1465708
7290014762831,false,גבינת שמנת נפוליאון 16% עם פלפל חלפיניו תנובה 225 גרם,תנובה מרכז שיתופי לש,,גבינת נפוליאון 24% ע,גרמים,225.00,100 גרם,false,,12.90,0.0573,true,1,1416765
7290014762848,false,גבינה צהובה מגורדת 22% שומן 500 ג' פתיתי גלבוע,גלבוע - תנובה,,פתיתי גלבוע 22% 500,גרמים,500.00,100 גרם,false,,32.90,0.0658,true,1,1802074
7290014762909,false,פתיתי מוצרלה השף הלבן 10% תוספת מתנה,"תנובה, מחלבת תל יוסף",,פתיתי גבינת מוצרלה.,גרמים,200.00,100 גרם,false,,15.90,0.0795,true,1,1413391
7290014763098,false,קרם גבינת שמנת 5% עם פלפל שום ובצל 200 ג' תנובה,תנובה - חלב,,קרם גבינת שמנת 5% טו,גרמים,200.00,100 גרם,false,,10.90,0.0545,true,1,1413405
7290014763272,false,יוגורט סויה BIO לשתיה תות ובננה אלטרנטיב,תות תעשיות מזון (201,,משקה סויה ביו תות וב,גרמים,250.00,100 גרם,false,,5.90,0.0236,true,1,1429182
7290014785007,false,גרגרי טפיוקה קטנים 400 גר`טעמי אסיה,טחנת האבן קואופ בעמ,,גרגרי טפיוקה קטנים,גרמים,400.00,100 גרם,false,,7.90,0.0198,true,1,1343461
7290014785052,false,"רוטב פטריות צמחוני 500 מ""ל",טעמי אסיה Taste of Asia,TH,"רוטב פטריות צמחוני 500 מ""",מיליליטרים,500.00,"100 מ""ל",false,,12.90,0.0258,true,1,1343465
7290014785069,false,מירין משובח טעמי אסיה (250 מל),טחנת האבן קואופ בעמ,CN,"מירין משובח 250 מ""ל - כשר",מיליליטרים,250.00,"100 מ""ל",false,,11.90,0.0476,true,1,1343466
7290014785076,false,"קרם קוקוס ללא תוספות חומר משמר 400 מ""ל",טחנת האבן קואופ בעמ,TH,קרם קוקוס ללא חומר משמר,גרמים,400.00,100 גרם,false,,7.90,0.0198,true,1,1343467
7290014785168,false,שיראטקי ג'ל קונג'אק בצורת אטריות,ננטונג דינגבורג סיוי,CN,אטריות שירטאקה 200 גר' דק,גרמים,200.00,100 גרם,false,,8.90,0.0445,true,1,1343474
7290014785175,false,שיראטקי אטריות קונג'אק עבות,ננטונג דינגבורג סיוי,CN,אטריות שירטאקה 200 גרם עב,גרמים,200.00,100 גרם,false,,8.90,0.0445,true,1,1343475
7290014785441,false,אטריות ביצים מקצועי 450 גרם,,,אטריות ביצים 450 גרם,גרמים,450.00,100 גרם,false,,8.90,0.0198,true,1,1749221
7290014785588,false,אטריות ראמן מוכנות 180 גר`,טחנת האבן קואופ בעמ,,אטריות ראמן מוכנות 1,גרמים,180.00,100 גרם,false,,4.90,0.0272,true,1,2249073
7290014785984,false,רוטב סויה ללא גלוטן,טעמי אסיה Taste of Asia,,רוטב סויה 150 מל ללא,מיליליטרים,150.00,"100 מ""ל",false,,8.90,0.0593,true,1,1957929
7290014785991,false,רוטב סויה ללא גולטן 500 מל טעמי אסיה,טחנת האבן קואופ בעמ,,רוטב סויה 500 מל ללא,מיליליטרים,500.00,"100 מ""ל",false,,10.90,0.0218,true,1,1957930
7290014803213,false,"חומץ יין לבן 5% 500מ""ל נאמן",נאמן לאורך זמן בעמ,,חומץ יין לבן 5% 500,מיליליטרים,500.00,"100 מ""ל",false,,12.90,0.0258,true,1,1455260
7290014803220,false,"חומץ בלסמי 500 מ""ל ""נאמן""",נאמן לאורך זמן בעמ,,"חומץ בלסמי 5% 500 מ""",מיליליטרים,500.00,"100 מ""ל",false,,15.90,0.0318,true,1,1455261
7290014803565,false,צנימים עגולים עם חיטה מלאה 300 גרם,נאמן לאורך זמן בעמ,,צנימים עגולים.,גרמים,300.00,גרם,false,,11.90,0.0397,true,1,1387620
7290014828117,false,סט 4 גמישונים KITCHE,,,סט 4 גמישונים KITCHE,יחידה,0.00,יחידה,false,,29.90,0.0000,true,1,2334393
7290014847026,false,חבל כביסה מתכת,,,חבל כביסה מתכת,יחידה,0.00,יחידה,false,,16.90,0.0000,true,1,2287137
7290014855434,false,מגבונים בייביסיטר פרפורמנס מבושם רביעיה,בייביסיטר Babysitter,,מגבונים בייביסיטר פר,יח',288.00,יח',false,,15.90,0.0552,true,1,1395315
7290014855458,false,מגבוני בייביסיטר פרפורמנס ללא בישום מארז 72X4יח',בייביסיטר Babysitter,,מגבונים בייביסיטר פר,יח',288.00,יח',false,,15.90,0.0552,true,1,1395316
7290014855809,false,מטליות לחות לניקוי כללי,פרפקט Perfect,,מטליות לחות לניקוי כ,יח',50.00,יח',false,,9.90,0.1980,true,1,1418747
7290014855854,false,מגבונים לחים מועשרים בקמומיל,בייבי בייסיק,,בייבי בייסיק מגבונים,יח',360.00,יח',false,,19.90,0.0553,true,1,1831003
7290014890145,false,גבינת שמנת טבעי 225 גרם יעקובס,גבינות משק יעקבס,,גבינת שמנת טבעית 225,גרמים,225.00,100 גרם,false,,9.90,0.0440,true,1,1851112
7290014890152,false,גבינת שמנת זיתים 225 גרם יעקובס,גבינות משק יעקבס,,גבינת שמנת זיתים 225,גרמים,225.00,100 גרם,false,,9.90,0.0440,true,1,1851113
7290014890169,false,גבינת שמנת שום שמיר 225 גרם יעקובס,גבינות משק יעקבס,,גבינת שמנת שום שמיר,גרמים,225.00,100 גרם,false,,9.90,0.0440,true,1,1851114
7290014890176,false,ריקוטה סגנון איטלק5% 250,מחלבת משק יעקובס,,גבינת ריקוטה 5% 250,גרמים,250.00,100 גרם,false,,9.90,0.0396,true,1,2283453
7290014890237,false,גבינת קממברט יעקבס 125 גרם,גבינות משק יעקבס,,גבינת קממברט בייבי ב,גרמים,125.00,100 גרם,false,,14.90,0.1192,true,1,2283461
7290014901247,false,"שמפו קרטין לאחר החלקה ועיצוב בחום סטייל 750 מ""ל",א.ל. ארמן ייצור תמרו,,שמפו קרטין סטייל לאח,מיליליטרים,750.00,"100 מ""ל",false,,24.90,0.0332,true,1,1346584
7290014901254,false,"מרכך קרטין לאחר החלקה ועיצוב בחום סטייל 750 מ""ל",א.ל ארמן ייצור תמרוק,,מרכך קרטין סטייל לאח,מיליליטרים,750.00,"100 מ""ל",false,,24.90,0.0332,true,1,1346585
7290014901308,false,משחת שיניים לשיניים רגישות Complete protection,"סמית קליין ביצ'ם בע""",GB,"סנסודיין הגנה מלאה 75 מ""ל",מיליליטרים,75.00,"100 מ""ל",false,,23.90,0.3187,true,1,1346588
7290014901315,false,סנסודיין משחה הגנה מלאה אקסטרה פרש 75 מל,"סמית קליין ביצ'ם בע""",GB,סנסודיין הגנה מלאה פרש 75,מיליליטרים,75.00,"100 מ""ל",false,,23.90,0.3187,true,1,1346589
7290014901575,false,אל סבון סטייל ארומטי בניחוח תה מרווה,סטייל Style,TR,סבון ידיים תה ירוק,מיליליטרים,500.00,"100 מ""ל",false,,8.90,0.0178,true,1,1373319
7290014901605,false,אקווה פרש מברשת שיניים ג'ניור,גלקסוסמיתקליין,,מברשת שיניים אקווה פ,יח',1.00,יח',false,,9.90,9.9000,true,1,1388699
7290014901896,false,"מי פה סנסודיין מנטה מרענן 500 מ""ל",גלקסוסמיתקליין,,מיי פה סנסודיין 500,מיליליטרים,500.00,"100 מ""ל",false,,29.90,0.0598,true,1,1747635
7290014905313,false,דזיטול מחטא ומשמיד חיידקים לניקוי רצפות ומשטחים 1.2 ליטר,יעקב יעקבי ובניו בעמ,ES,דזיטול לחיטוי רצפות ומשטח,ליטרים,1.00,ליטר,false,,14.90,14.9000,true,1,1867786
7290014905344,false,"הפי תרסיס קצף לניקוי שטיחים יעקביי 623 מ""ל",יעקב יעקבי ובניו בעמ,US,הפי קצף לשטיחים,מיליליטרים,800.00,"100 מ""ל",false,,17.90,0.0224,true,1,1325698
7290014905498,false,הפי מטליות דו צדדיות בגליל 20 מטליות,"יעקב יעקבי ובניו בע""מ",TR,הפי גם וגם--גליל צהוב דו,יחידה,0.00,יחידה,false,,9.90,0.0000,true,1,1325703
7290014905719,false,הפי לימונית למדיח כלים - מנטרל ריחות רעים,"יעקב יעקבי ובניו בע""מ",IT,הפי לימונית גדולה למדיח,יחידה,0.00,יחידה,false,,9.90,0.0000,true,1,1325707
7290014947047,false,פריכיות כוסמת עם מלח 175 גרם,י.איטליאנו אחזקות בעמ,,פריכיות כוסמת עם מלח,גרמים,175.00,100 גרם,false,,9.90,0.0566,true,1,2333860
7290014962521,false,"טפטפים משחת שיניים לילדים מגיל 2-6 50 מ""ל",גורי ע.ע.ע. בע`מ,IL,2-6משחת שיניים טפטפים לגי,מיליליטרים,50.00,"100 מ""ל",false,,9.90,0.1980,true,1,1346604
7290014962538,false,משחת שיניים ג'וניור מנטה מעודן לגילאי 6+,כצט CTS,IL,6משחת שיניים טפטפים ג'ניו,גרמים,50.00,100 גרם,false,,9.90,0.1980,true,1,1346605
7290014973213,false,הרמס סלמון מעושן מדג,"הרמס דגים בע""מ",,הרמס סלמון מעושן מדג,גרמים,200.00,100 גרם,false,,44.90,0.2245,true,1,2306936
7290014973305,false,פילה הרינג לבן הרמס,"הרמס דגים בע""מ",,הרמס פילה הרינג לבן,גרמים,200.00,100 גרם,false,,16.90,0.0845,true,1,2306911
7290014973336,false,פילה הרינג כבוש צנצנת 200 גרם,"הרמס דגים בע""מ",,הרמס פילה הרינג כבוש,גרמים,200.00,100 גרם,false,,16.90,0.0845,true,1,2306912
7290014973374,false,פילה מקרל בשמן צנצנת 200 גרם,ירין חזון שיווק ומזון,,הרמס פילה מקרל בשמן,גרמים,200.00,100 גרם,false,,24.90,0.1245,true,1,2306913
7290014973411,false,פילה דג סלמון טרי מעושן 100 גר`,ירין חזון שיווק ומזון,,הרמס סלמון מעושן מדג,גרמים,100.00,100 גרם,false,,22.90,0.2290,true,1,2306924
7290014973480,false,הרמס טונה מעושן פרוס,"הרמס דגים בע""מ",,הרמס טונה מעושן פרוס,גרמים,200.00,100 גרם,false,,36.90,0.1845,true,1,2306925
7290014973558,false,פילה סלמון גרבלקס הר,"הרמס דגים בע""מ",,הרמס גרבלקס,גרמים,200.00,100 גרם,false,,39.90,0.1995,true,1,2306926
7290014973664,false,איקרה אדומה הרמס 250,ירין חזון שיווק ומזון,,הרמס איקרה אדום,גרמים,250.00,100 גרם,false,,19.90,0.0796,true,1,2350598
7290014973671,false,איקרה לבנה הרמס 250,ירין חזון שיווק ומזון,,הרמס איקרה לבן,גרמים,250.00,100 גרם,false,,19.90,0.0796,true,1,2350599
7290014974562,false,גביעי גלידה רגיל טילון עלמה גילרו 24 יח',"א.ג גילרו בע""\מ",,גביע גלידה,גרמים,120.00,100 גרם,false,,6.90,0.0575,true,1,1655344
7290014974593,false,גביעי גלידה 12 מגולגל ללא גלוטן גילרו*,ח.כהן סוכנות מזון ומשקאות בע,,גביע גלידה ללא גלוטן,יח',24.00,יח',false,,15.90,0.6625,true,1,1576096
7290015005548,false,"צ'יפס זיג זג 2 ק""ג פרי הגליל",ויטה -פרי גליל (החדשה) בעמ,IL,צ'יפס זיג זג 2קג פג,קילוגרמים,2.00,"ק""ג",false,,24.90,12.4500,true,1,1347549
7290015005555,false,"צ'יפס אמריקאי 2 ק""ג פרי הגליל",ויטה- פרי גליל (החדשה) בעמ,IL,צ'יפס אמריקאי 2קג פג רבנו,קילוגרמים,2.00,"ק""ג",false,,24.90,12.4500,true,1,1347550
7290015009119,false,עלי טורטייה מקמח תירס 360 גרם,פרינסיס און וה אונלו,,עלי טורטייה מקמח לבן,גרמים,420.00,100 גרם,false,,12.90,0.0307,true,1,2286297
7290015009126,false,עלי טורטייה מקמח מלא 420 גר 25 סמ,לווליה,,עלי טורטייה מקמח מלא,גרמים,420.00,100 גרם,false,,13.90,0.0331,true,1,2231770
7290015009188,false,"ניוקי תפוחי אדמה עם דלעת 300 גר' ""דניאל""",סיאמה אלימנטארי סרל,,ניוקי תפוח אדמה 300,גרמים,300.00,100 גרם,false,,8.90,0.0297,true,1,2286208
7290015009195,false,"ניוקי תפוחי אדמה עם עגבניות 300 גרם ""דניאל""",סיאמה אלימנטארי סרל,,ניוקי תפוח אדמה 300,גרמים,300.00,100 גרם,false,,8.90,0.0297,true,1,2286244
7290015009201,false,"ניוקי תפוחי אדמה עם פטריות כמהין 300 גרם ""דניאל""",סיאמה אלימנטארי סרל,,ניוקי תפוח אדמה 300,גרמים,300.00,100 גרם,false,,8.90,0.0297,true,1,2286245
7290015009225,false,"ריבת חלב מקורים 450 גרם ""DANIEL""",קארו,,ריבת חלב 450 גרם,גרמים,450.00,100 גרם,false,,19.90,0.0442,true,1,2286298
7290015009232,false,"רוטב סלסה בינוני צהוב 454 גרם ""סבוריטו""",,,רוטב סלסלה,גרמים,454.00,100 גרם,false,,14.90,0.0328,true,1,2286299
7290015009249,false,"רוטב סלסה חריף אדום 454 גרם ""סבוריטו""",לינדסטרי פודס,,רוטב סלסלה חריף,גרמים,454.00,100 גרם,false,,14.90,0.0328,true,1,2286300
7290015009256,false,"רוטב סלסה רגיל ירוק 454 גרם ""סבוריטו""",לינדסטרי פודס אנד דר,,רוטב סלסלה ירוק,גרמים,454.00,100 גרם,false,,14.90,0.0328,true,1,2286301
7290015009294,false,גבינת פרמיזאנו רזאנו170ג,ביג גראנה,,פרמיז'אנו ראז'אנו,גרמים,170.00,100 גרם,false,,29.90,0.1759,true,1,2286209
7290015009300,false,עלי טורטייה מקמח תירס 360 גרם,פרינסס,,עלי טורטייה מקמח,גרמים,360.00,100 גרם,false,,12.90,0.0358,true,1,2286302
7290015009324,false,נאצו'ס תירס ברביקיו 200 גרם,אוקיי סנקס,,נאצ'וס ברבקיו 200 גר,גרמים,200.00,100 גרם,false,,11.90,0.0595,true,1,2286304
7290015009331,false,נאצו'ס תירס חריף 200 גרם,מנדלז סי.אר. פרודקשן,,נאצ'וס חריף 200 גרם,גרמים,200.00,100 גרם,false,,11.90,0.0595,true,1,2286305
7290015025478,false,פנג'ל ק.פנים עור יבש130מ,אינטרקוסמא,IL,פנג'ל קרם פנים לעור יבש 1,מיליליטרים,130.00,"100 מ""ל",false,,39.90,0.3069,true,1,1353436
7290015025942,false,"קרם ידיים קלאסי עם שמן שקדים פנג'ל 80 מ""ל",מיוצר עי קונדיטוריית,IL,חדש -פנג'ל ק.ידיים קלאסיק,מיליליטרים,80.00,"100 מ""ל",false,,6.90,0.0863,true,1,1388114
7290015039055,false,"רוטב צ'ילי חריף תאילנדי וילי פוד 700 מ""ל",ג.וילי פוד אינטרנשיונל בעמ,,רוטב צילי חריף,מיליליטרים,700.00,"100 מ""ל",false,,9.90,0.0141,true,1,1872008
7290015039246,false,נתחי טונה בשמן צמחי רביעיה * 160 ג' וילי פוד,ג.וילי-פוד אינטרנשיונל בעמ,TH,רביעית נתחי טונה בהירה בש,גרמים,640.00,100 גרם,false,,19.90,0.0311,true,1,1308924
7290015039253,false,עלי גפן במי מלח ויליפוד 620 גרם,ג. וילי-פוד אינטרנשיונל בע`מ,TR,עלי גפן במי מלח 620גרם,גרמים,620.00,100 גרם,false,,9.90,0.0160,true,1,1308925
7290015039482,false,גבינת אדם פלח 230גרם 24%שומן - הולנד,ג.וילי-פוד אינטרנשיונל **גבינו,AT,גבינת אדם 235גרם SAY CHEE,גרמים,230.00,100 גרם,false,,19.90,0.0865,true,1,1782934
7290015057110,false,מקלות חמוצים בטעם תות 20גרם טעמן,אלבן מזון תעשיות ומס,,מקלות חמוצים,גרמים,20.00,100 גרם,false,,1.90,0.0950,true,1,2396238
7290015057127,false,מקלות חמוצים בטעם קולה 20 גרם טעמן,אלבן מזון תעשיות ומס,,מקלות חמוצים,גרמים,20.00,100 גרם,false,,1.90,0.0950,true,1,2396239
7290015057134,false,מקלות חמוצים בטעם פטל 20 גרם טעמן,אלבן מזון תעשיות ומס,,מקלות חמוצים,גרמים,20.00,100 גרם,false,,1.90,0.0950,true,1,2396240
7290015129121,false,אטריות גל קונג`אק נודלס ללא גלוטן סקיני,הוויזאי וואנגייה פוד,CN,סקיני פסטה נודלס 270 ג',גרמים,270.00,100 גרם,false,,12.90,0.0478,true,1,1350561
7290015129145,false,אטריות קונג'אק בתוספת טפיוקה בצורת ספגטי,הוויזאי וואנגייה פוד,CN,סקיני פסטה ספגטי 270 ג',גרמים,270.00,100 גרם,false,,12.90,0.0478,true,1,1350563
7290015129220,false,איטריות גל קונג`אק בצורת קוסקוס סקיני פס,אף.סי תבליני בגליל ב,,סקיני פסטה קוסקוס לל,גרמים,270.00,100 גרם,false,,12.90,0.0478,true,1,1370736
7290015129251,false,איטריות גל קונג`אק בצורת פסטה פטוצ`יני ס,אף.סי תבליני בגליל ב,,סקיני פסטה פטוציני,גרמים,200.00,100 גרם,false,,12.90,0.0645,true,1,1370738
7290015129428,false,מאגדת סקיני אגוזי לו,מנדלז סי.אר. פרודקשן,,מארז חטיף אגוזי לוז,גרמים,105.00,100 גרם,false,,26.90,0.2562,true,1,2358065
7290015139465,false,כרמית מיקסים בייגלה מצופה שוקולד חלב,כרמית תעשיות ממתקים בעמ,,בייגלה מצופה שוקולד,גרמים,55.00,100 גרם,false,,3.90,0.0709,true,1,1402142
7290015139519,false,אגו מיקס קוביות וופל 55 גר',כרמית תעשיות ממתקים בעמ,,קוביות וופל 55 גר' M,גרמים,55.00,100 גרם,false,,3.90,0.0709,true,1,1402147
7290015139533,false,חופשי ופל לימון ללא ציפוי ללא גלוטן כרמית 200 גרם,כרמית תעשיות ממתקים בעמ,,וופל לימון ללא ציפוי,גרמים,200.00,100 גרם,false,,9.90,0.0495,true,1,1402149
7290015139557,false,חופשי ופל שוקו ללא גלוטן כרמית 200 גרם,כרמית תעשיות ממתקים בעמ,,וופל שוקו ללא ציפוי,גרמים,200.00,100 גרם,false,,9.90,0.0495,true,1,1402151
7290015139571,false,חופשי ופל בארים בציפוי שוקולד 25 גר,כרמית תעשיות ממתקים בעמ,,וופל בארים בציפוי שו,גרמים,125.00,100 גרם,false,,9.90,0.0792,true,1,1402153
7290015150088,false,מחית עגבניות קלה גרנד איטליה 700 גרם,תה ויסוצקי (ישראל) בעמ,,מחית עגבניות 700 גרם,גרמים,700.00,100 גרם,false,,9.90,0.0141,true,1,1458433
7290015150118,false,שלישיית עגבניות חתוכות דק גרנד איטליה 400 גרם,תה ויסוצקי (ישראל) בעמ,,עגבניות חתוכות דק 3*,גרמים,1200.00,100 גרם,false,,14.90,0.0124,true,1,1397330
7290015150361,false,תה ירוק נענע בתוספת סטיביה ויסוצקי) (25,תה ויסוצקי (ישראל) בעמ,,תה ירוק נענע סטיביה,גרמים,37.50,100 גרם,false,,22.90,0.6107,true,1,1339433
7290015150583,false,תה ירוק בתוספת לימון ודבש ויסוצקי) (25,תה ויסוצקי (ישראל) בעמ,IL,תה ירוק לימונית ולואיזה,גרמים,37.50,100 גרם,false,,22.90,0.6107,true,1,1379914
7290015150590,false,תה ירוק ג'ינג'ר חריף ויסוצקי 25 יחידות,תה ויסוצקי (ישראל) בעמ,IL,תה ירוק לימונית ולואיזה,גרמים,37.50,100 גרם,false,,22.90,0.6107,true,1,1379915
7290015150903,false,תה ירוק קינמון ודבש ויסוצקי 25 יחידות,תה ויסוצקי (ישראל) בעמ,,תה ירוק קינמון ודבש,גרמים,37.50,100 גרם,false,,22.90,0.6107,true,1,1457485
7290015155007,false,פרמיו דנטל לארג' לכלב,פרמיו Premio,,פרמיו דנטל לארג 270ג,גרמים,270.00,100 גרם,false,,14.90,0.0552,true,1,2423550
7290015155014,false,חטיף דנטלי לכלב בינוני,פרמיו Premio,,פרמיו דנטל מידיום 60,גרמים,180.00,100 גרם,false,,14.90,0.0828,true,1,1389134
7290015155021,false,פרמיו חטיף דנטלי לכלבים מגזע קטן110ג,שחורי אריה ואנסטסיה,,פרמיו דנטל מיני 110ג,גרמים,110.00,100 גרם,false,,9.90,0.0900,true,1,1389135
7290015155243,false,פרמיו חטיף כריות לתמיכה באנטי -היירבול לחתול 60ג',שחורי אריה ואנסטסיה,,פרמיו כריות אנטי היי,גרמים,60.00,100 גרם,false,,9.90,0.1650,true,1,2423551
7290015155427,false,מעדן פרמיו עוף וכבד 15ג,פרמיו Premio,,פרמיו עוף וכבד 15ג',גרמים,15.00,100 גרם,false,,6.90,0.4600,true,1,2423557
7290015155434,false,מעדן פרמיו סלמון ופורל 15ג,רנדי בעמ,,פרמיו סלמון ופורל 15,גרמים,15.00,100 גרם,false,,6.90,0.4600,true,1,2423558
7290015155564,false,פרמיו חטיפי עוף מובחרים 100ג,שחורי אריה ואנסטסיה,,פרמיו חטיפי+C106:C12,גרמים,100.00,100 גרם,false,,14.90,0.1490,true,1,2423560
7290015155823,false,מחית תפוחי עץ חטיפטף ללא תוספת סוכר,גורי מוצרי צריכה (1991) בעמ,,חטיפטף פרינוק תפוח 1,גרמים,120.00,100 גרם,false,,5.90,0.0492,true,1,1858341
7290015155830,false,מחית תפוחי עץ ובננה חטיפטף ללא תוספת סוכר,גורי מוצרי צריכה (1991) בעמ,,חטיפטף פרינוק תפוח ב,גרמים,120.00,100 גרם,false,,5.90,0.0492,true,1,1858342
7290015155847,false,מחית סלט פירות חטיפטף ללא תוספת סוכר,גורי מוצרי צריכה (1991) בעמ,,חטיפטף פרינוק מחית ס,גרמים,120.00,100 גרם,false,,5.90,0.0492,true,1,1858343
7290015156110,false,הוריזן סטיק בקר וכבד לחתולים,הורייזן Horizon,,הוריזן סטיק בקר וכבד,גרמים,50.00,100 גרם,false,,16.90,0.3380,true,1,2423564
7290015156769,false,מחית פרינוק פאוץ' תפוח ואוכמניות 120 גרם,גורי מוצרי צריכה (1991) בעמ,,חטיפטף פרינוק תפוח ו,גרמים,120.00,100 גרם,false,,5.90,0.0492,true,1,2038457
7290015156776,false,מחית פירות טרופיים חטיפטף ללא תוספת סוכר,גורי מוצרי צריכה (1991) בעמ,,חטיפטף פרינוק פירות,גרמים,120.00,100 גרם,false,,5.90,0.0492,true,1,1927245
7290015156790,false,מחית לפתן פירות חטיפטף ללא תוספת סוכר,גורי מוצרי צריכה (1991) בעמ,,חטיפטף פרינוק לפתן פ,גרמים,120.00,100 גרם,false,,5.90,0.0492,true,1,1927246
7290015156813,false,פאוץ' מחית פירות מעורבים פרינוק 120 גרם,גורי מוצרי צריכה (1991) בעמ,,חטיפטף פרינוק פירות,גרמים,120.00,100 גרם,false,,5.90,0.0492,true,1,1927247
7290015161169,false,גרנולה כוסמין קלאסית 300 גרם,שקד תבור,,גרנולה כוסמין קלאסית,גרמים,300.00,100 גרם,false,,26.90,0.0897,true,1,2329746
7290015161176,false,"שמן קוקוס אורגני לא מזוכך 330 מ""ל",נוטרה זן NutraZen,,שמן קוקוס אורגני NUT,מיליליטרים,330.00,"100 מ""ל",false,,18.90,0.0573,true,1,2329747
7290015161206,false,קמח קוקוס אורגני ללא גלוטן 500 גר`נוטרה,י.איטליאנו אחזקות בעמ,,קמח קוקוס אורגני ללא,גרמים,500.00,100 גרם,false,,18.90,0.0378,true,1,2329749
7290015161336,false,"רוטב סויה תמרי אורגני ללא גלוטן 250 מ""ל",י.איטליאנו אחזקות בעמ,,רוטב סויה תמרי אורגנ,גרמים,250.00,100 גרם,false,,19.90,0.0796,true,1,2329751
7290015161367,false,אבקת מרק ירקות אורגני טבעוני דל שומן,נוטרה זן NutraZen,,אבקת מרק ירקות אורגנ,גרמים,200.00,100 גרם,false,,22.90,0.1145,true,1,2329753
7290015161534,false,קוואקר שיבולת שועל עבה ללא גלוטן - 400 גרם,הלינסקי מילס אל.טי.די,,קוואקר עבה ללא גלוטן,גרמים,400.00,100 גרם,false,,17.90,0.0447,true,1,2329754
7290015161541,false,קוואקר שיבולת שועל אינסטנט ללא גלוטן - 400 גרם,י.איטליאנו אחזקות בעמ,,קוואקר דק ללא גלוטן,גרמים,400.00,100 גרם,false,,17.90,0.0447,true,1,2329755
7290015161565,false,גרנולה נוטרה זן 29% פירות ללא גלוטן 300 גרם,נוטרה זן NutraZen,,"גרנולה ש""ש 28% פירות",גרמים,300.00,100 גרם,false,,22.90,0.0763,true,1,2329757
7290015161572,false,גרנולה נוטרה זן 29% אגוזים וגרעינים ללא גלוטן 300 גרם,נוטרה זן NutraZen,,"גרנולה ש""ש 28% אגוזי",גרמים,300.00,100 גרם,false,,22.90,0.0763,true,1,2329758
7290015161589,false,פת פריכה אורגנית ללא גלוטן ירקות גינה 100 גרם,אקסטרודו בצ'\יצה,,פת פריכה אורגנית ללא,גרמים,100.00,100 גרם,false,,12.90,0.1290,true,1,2329759
7290015161848,false,פת פריכה אורגנית ללא גלוטן - כוסמת וקינואה 100 גרם,י.איטליאנו אחזקות בעמ,,פת פריכה אורגנית ללא,גרמים,100.00,100 גרם,false,,12.90,0.1290,true,1,2329762
7290015161862,false,פת פריכה אורגנית ללא גלוטן - ערמונים 100 גרם,י.איטליאנו אחזקות בעמ,,פת פריכה אורגנית ללא,גרמים,100.00,100 גרם,false,,12.90,0.1290,true,1,2329764
7290015161879,false,פת פריכה אורגנית PRO ללא גלוטן עדשים אדומות וחומות 100 ג',אקסטרודו בצ'\יצה,,פת פריכה אורגנית PRO,גרמים,100.00,100 גרם,false,,15.90,0.1590,true,1,2329765
7290015161886,false,פת פריכה אורגנית PRO ללא גלוטן חומוס ואפונה צהובה 100 ג',,,פת פריכה אורגנית PRO,גרמים,100.00,100 גרם,false,,15.90,0.1590,true,1,2329766
7290015161930,false,"פסטPRO קסרצ'ה פתיתים אורגניים, ללא גלוטן",י.איטליאנו אחזקות בעמ,,פסטPRO עדשים צהובות,גרמים,250.00,100 גרם,false,,16.90,0.0676,true,1,2329769
7290015161978,false,פסטPRO עדשים אדומות חומוס ופשתן GF אורגנית 250 ג,י.איטליאנו אחזקות בעמ,,פסטPRO עדשים אדומות,גרמים,250.00,100 גרם,false,,16.90,0.0676,true,1,2329770
7290015161992,false,"פסטPRO קסרצ'ה פתיתים אורגניים, ללא גלוטן",י.איטליאנו אחזקות בעמ,,פסטPRO עדשים אדומות,גרמים,250.00,100 גרם,false,,16.90,0.0676,true,1,2329772
7290015172011,false,דים סאם גיוזה עוף 300 גרם,דים סאם,,גיוזה עוף,גרמים,330.00,100 גרם,false,,26.90,0.0815,true,1,2388751
7290015172028,false,דים סאם גיוזה בטטה 300 גרם,דים סאם מטבח מרכזי כ,,גיוזה בטטה,גרמים,330.00,100 גרם,false,,26.90,0.0815,true,1,2388752
7290015172073,false,דים סאם גיוזה פטריות 300 גרם,דים סאם מטבח מרכזי כ,,גיוזה פטריות,גרמים,330.00,100 גרם,false,,26.90,0.0815,true,1,2388753
7290015172097,false,דים סאם גיוזה בקר 300 גרם,דים סאם מטבח מרכזי כ,,גיוזה בקר,גרמים,330.00,100 גרם,false,,26.90,0.0815,true,1,2388754
7290015172172,false,אגרול ירקות אסייתי,דים סאם,,מארז אגרול ירקות,גרמים,330.00,100 גרם,false,,26.90,0.0815,true,1,2388756
7290015172202,false,דים סאם -גויזה אדממה,דים סאם,,גיוזה ירקות אדממה,גרמים,330.00,100 גרם,false,,26.90,0.0815,true,1,2388757
7290015172219,false,גיוזה עוף פטריות ופקאן,דים סאם,,גיוזה עוף פקאן,גרמים,330.00,100 גרם,false,,26.90,0.0815,true,1,2388758
7290015172264,false,"מארז 8 לחמניות באן כפפה ""דים דאם""",דים סאם,,באן כפפה,יח',8.00,יח',false,,26.90,3.3625,true,1,2389836
7290015178174,false,ממרח אוליביה - פסטו בטעם פרמז'ן 180 גרם,יוניליוור גרמניה Gm,,פסטו בטעם פרמג'ן-אול,גרמים,180.00,100 גרם,false,,9.90,0.0550,true,1,2329700
7290015178181,false,ממרח אוליביה - ארטישוק ברוזמרין 180 גרם,יוניליוור גרמניה Gm,,ארטישוק ברוזמרין -או,גרמים,180.00,100 גרם,false,,9.90,0.0550,true,1,2329701
7290015178204,false,ממרח אוליביה - עגבניות מיובשות בשמש עם לימון 180 גרם,אוליביה בעמ,,עגבניות מיובשות בשמש,גרמים,180.00,100 גרם,false,,9.90,0.0550,true,1,2329703
7290015178235,false,מאזטים זיתים מושחרים בסלסת עגבניות מיובש,תנובה ב.ע.ד,,מאזטים - זיתים מושח,גרמים,180.00,100 גרם,false,,9.90,0.0550,true,1,2360244
7290015178266,false,אוליביה רוטב פלפלת שחורה 270 גרם,תה ויסוצקי (ישראל)בעמ,,רוטב פלפלת שחור ה,גרמים,350.00,100 גרם,false,,12.90,0.0369,true,1,2416581
7290015178273,false,רוטב מרינדה לעוף בגריל אוליביה 270 גר,תה ויסוצקי (ישראל)בעמ,,מרינדה לעוף בגריל,גרמים,350.00,100 גרם,false,,12.90,0.0369,true,1,2416582
7290015223324,false,"וזלין פטרולטום טהור 100 סמ""ק שוורץ",שוורץ Schwartz,,וזלין טהור,גרמים,100.00,100 גרם,false,,11.90,0.1190,true,1,2428895
7290015264174,false,טחינה אבן ריחיים 500 גרם,,,טחינה 500 גר' ממלכת,גרמים,500.00,100 גרם,false,,19.90,0.0398,true,1,2428814
7290015282000,false,איקרא אדומה SEVEN SEAS 200 גרם,שבעת הימים - שמיר,,איקרה אדומה,גרמים,200.00,100 גרם,false,,12.90,0.0645,true,1,2149084
7290015282024,false,איקרא לבנה SEVEN SEAS 200 גרם,שבעת הימים - שמיר,,איקרה לבנה,גרמים,200.00,100 גרם,false,,12.90,0.0645,true,1,2149086
7290015282390,false,סלט תורכי 200 גרם שמיר,"סלטי שמיר 2006 בע""מ",,סלט תורכי 200 גרם,גרמים,200.00,100 גרם,false,,11.90,0.0595,true,1,2282143
7290015282581,false,חומוס אבו גוש עם חריף שמיר 200 גרם,"סלטי שמיר 2006 בע""מ",,חומוס עם חריף 200 גר,גרמים,200.00,100 גרם,false,,9.90,0.0495,true,1,2282145
7290015282598,false,חומוס מסעדות גורמה שמיר 200 גרם,"סלטי שמיר 2006 בע""מ",,חומוס מסעדות 200 גרם,גרמים,200.00,100 גרם,false,,9.90,0.0495,true,1,2282146
7290015282604,false,טחינה מיוחדת גורמה שמיר 200 גרם,"סלטי שמיר 2006 בע""מ",,טחינה מיוחדת 200 גרם,גרמים,200.00,100 גרם,false,,9.90,0.0495,true,1,2282147
7290015282628,false,חציל בטעם כבד גורמה שמיר 200 גרם,"סלטי שמיר 2006 בע""מ",,חציל בטעם כבד 200 גר,גרמים,200.00,100 גרם,false,,11.90,0.0595,true,1,2282149
7290015282635,false,חומוס מסבחה גורמה שמיר 200 גרם,"סלטי שמיר 2006 בע""מ",,חומוס מסבחה 200 גרם,גרמים,200.00,100 גרם,false,,9.90,0.0495,true,1,2282150
7290015282642,false,חומוס אבו גוש גורמה שמיר 200 גרם,"סלטי שמיר 2006 בע""מ",,חומוס אבו גוש 200 גר,גרמים,200.00,100 גרם,false,,9.90,0.0495,true,1,2282151
7290015282666,false,סלט טונה עם ירקות 200 גר,"סלטי שמיר 2006 בע""מ",,סלט טונה בריאות 200,גרמים,200.00,100 גרם,false,,16.90,0.0845,true,1,2282152
7290015282673,false,חציל במיונז ביתי גורמה שמיר 200 גרם,"סלטי שמיר 2006 בע""מ",,חציל במיונז ביתי 200,גרמים,200.00,100 גרם,false,,9.90,0.0495,true,1,2282153
7290015282680,false,קישוא בטעם כבד גורמה שמיר 200 גרם,"סלטי שמיר 2006 בע""מ",,קישוא בטעם כבד 200 ג,גרמים,200.00,100 גרם,false,,11.90,0.0595,true,1,2282154
7290015282697,false,כרוב אדום שמיר גורמה 200גר,"סלטי שמיר 2006 בע""מ",,כרוב אדום 200 גרם,גרמים,200.00,100 גרם,false,,11.90,0.0595,true,1,2282155
7290015282710,false,קוביות סלק גורמה שמיר 200 גרם,"סלטי שמיר 2006 בע""מ",,קוביות סלק 200 גרם,גרמים,200.00,100 גרם,false,,9.90,0.0495,true,1,2282156
7290015282727,false,גזר מרוקאי ברוטב פיקנטי אסלי שמיר 200 ג',"סלטי שמיר 2006 בע""מ",,גזר מרוקאי פיקנטי 20,גרמים,200.00,100 גרם,false,,11.90,0.0595,true,1,2282157
7290015282734,false,מטבוחה ביתית גורמה שמיר 200 גרם,"סלטי שמיר 2006 בע""מ",,מטבוחה ביתית 200 גרם,גרמים,200.00,100 גרם,false,,11.90,0.0595,true,1,2282158
7290015282741,false,חציל תאילנדי אסלי שמיר 200 ג',"סלטי שמיר 2006 בע""מ",,חציל תאילנדי 200 גרם,גרמים,200.00,100 גרם,false,,11.90,0.0595,true,1,2282159
7290015282796,false,"סלט תפו""א שמיר במיונז 200ג'","סלטי שמיר 2006 בע""מ",,"סלט תפו""א 200 גרם",גרמים,200.00,100 גרם,false,,11.90,0.0595,true,1,2282163
7290015289054,false,"בירה הרצל לבנה 330 מ""ל",ג'נרל מילס סאן אדריא,,בירה הרצל,מיליליטרים,330.00,"100 מ""ל",false,,12.90,0.0391,true,1,2301058
7290015293624,false,קמיל בלו NATURE אל סבון ושמפו לתינוק 400,פישר תעשיות פרמבצטיות בעמ,,"אל סבון 400 מ""ל קמיל",מיליליטרים,400.00,"100 מ""ל",false,,34.90,0.0872,true,1,1789888
7290015304009,false,"קרם ידיים גולד 100 מ""ל LOVE LINE",,,קרם ידיים,מיליליטרים,100.00,"100 מ""ל",false,,9.90,0.0990,true,1,1327812
7290015320481,false,שוקולד מריר 60% קקאו שגוטן 100 גרם,יעד ממתקים בעמ,,שוקולד מריר 60% 100,גרמים,100.00,100 גרם,false,,3.90,0.0390,true,1,2299554
7290015321853,false,תבלין תיבול לבייגלה,תבליני פרג,,תיבול על הבייגל,גרמים,120.00,100 גרם,false,,13.90,0.1158,true,1,2414295
7290015324007,false,פלפל שחור גרוס 80 גר' טעם וריח,"תבליני טעם וריח בע""מ",IL,שק.80 גר' פל.שחור גרוס,גרמים,80.00,100 גרם,false,,8.90,0.1113,true,1,1350761
7290015324014,false,"פלפל שחור טחון בשקית 80 גרם ""טעם וריח""","תבליני טעם וריח בע""מ",IL,שק.80 גר' פל.שחור טחון,גרמים,80.00,100 גרם,false,,8.90,0.1113,true,1,1350762
7290015324038,false,פפריקה מתוקה בשמן 100 גרם טעם וריח,"תבליני טעם וריח בע""מ",IL,שק.80 גר' פפריקה בשמן,גרמים,80.00,100 גרם,false,,4.90,0.0613,true,1,1350763
7290015324045,false,תבלין פפריקה חריפה 80 גר' שק',"תבליני טעם וריח בע""מ",IL,שק.80 גר' פפריקה חריפה,גרמים,80.00,100 גרם,false,,4.90,0.0613,true,1,1350764
7290015324052,false,פפריקה מתוקה 80 גר' טעם וריח,"תבליני טעם וריח בע""מ",IL,שק.80 גר' פפריקה מתוקה,גרמים,80.00,100 גרם,false,,4.90,0.0613,true,1,1350765
7290015324069,false,גריל עוף 80 גר' טעם וריח,"תבליני טעם וריח בע""מ",IL,שק.80 גר' גריל עוף,גרמים,80.00,100 גרם,false,,4.90,0.0613,true,1,1350766
7290015324076,false,זעתר מעורב 80 גר' טעם וריח,"תבליני טעם וריח בע""מ",IL,שק.80 גר' זעתר מעורב,גרמים,80.00,100 גרם,false,,4.90,0.0613,true,1,1350767
7290015324083,false,מלח לימון 80 גר' טעם וריח,"תבליני טעם וריח בע""מ",IL,שק.80 גר' מלח לימון,גרמים,80.00,100 גרם,false,,4.90,0.0613,true,1,1350768
7290015324090,false,כמון טחון 80 גר' טעם וריח,"תבליני טעם וריח בע""מ",IL,שק.80 גר' כמון טחון,גרמים,80.00,100 גרם,false,,4.90,0.0613,true,1,1350769
7290015324106,false,כורכום טחון 80 גר' טעם וריח,"תבליני טעם וריח בע""מ",IL,שק.80 גר' כורכום טחון,גרמים,80.00,100 גרם,false,,4.90,0.0613,true,1,1350770
7290015324113,false,טעם וריח בהרט שקית 8,"תבליני טעם וריח בע""מ",IL,שק.80 גר' בהרט,גרמים,80.00,100 גרם,false,,4.90,0.0613,true,1,1350771
7290015324120,false,שום גבישי 80 גר' טעם וריח,"תבליני טעם וריח בע""מ",IL,שק.80 גר' שום גבישי,גרמים,80.00,100 גרם,false,,6.90,0.0863,true,1,1350772
7290015324151,false,חוואיג' למרק 80 גר' טעם וריח,"תבליני טעם וריח בע""מ",IL,שק.80 גר' חוואיג' למרק,גרמים,80.00,100 גרם,false,,4.90,0.0613,true,1,1350773
7290015324168,false,שק 80 גרם על האש ללא מונוסטדיום,"תבליני טעם וריח בע""מ",IL,שק.80 גר' על האש תיבול,גרמים,80.00,100 גרם,false,,4.90,0.0613,true,1,1350774
7290015324175,false,תיבול לשווארמה 80 גר' טעם וריח,"תבליני טעם וריח בע""מ",IL,שק.80 גר' שוארמה תיבול,גרמים,80.00,100 גרם,false,,4.90,0.0613,true,1,1350775
7290015324519,false,תערובת לפיצה שקית 80 גרם,"תבליני טעם וריח בע""מ",,תבלין תערובת לפיצה,גרמים,80.00,100 גרם,false,,4.90,0.0613,true,1,2284530
7290015324526,false,תערובת תיבול לפרגיות 80 גרם,"תבליני טעם וריח בע""מ",,תבלין תיבול לפרגיות,גרמים,80.00,100 גרם,false,,4.90,0.0613,true,1,2284531
7290015324533,false,רוזמרין מיכל גדול 55 גרם,"תבליני טעם וריח בע""מ",,תבלין רוזמרין,גרמים,55.00,100 גרם,false,,5.90,0.1073,true,1,2284542
7290015324540,false,טימין מיכל גדול 30 גרם,"תבליני טעם וריח בע""מ",,תבלין טימין,גרמים,30.00,100 גרם,false,,5.90,0.1967,true,1,2284543
7290015324557,false,בהרט לבישול מיכל גדול 80 גרם,"תבליני טעם וריח בע""מ",,תבלין בהרט לבישול,גרמים,80.00,100 גרם,false,,7.90,0.0988,true,1,2284544
7290015324564,false,בכוסברה טחונה מיכל גדול 70 גרם,"תבליני טעם וריח בע""מ",,מיכל כוסברה טחונה,גרמים,70.00,100 גרם,false,,7.90,0.1129,true,1,2284532
7290015324588,false,פלפל לבן 100 גר` טעם וריח,"תבליני טעם וריח בע""מ",,פלפל לבן 100 גרם,גרמים,100.00,100 גרם,false,,12.90,0.1290,true,1,2302870
7290015324656,false,זעפרן ספרדי יחידה0.5,"תבליני טעם וריח בע""מ",,זעפרן 0.5 גרם,גרמים,0.50,100 גרם,false,,19.90,39.8000,true,1,2326181
7290015324663,false,צ'ילי גרוס חריף אש 70 גרם,"תבליני טעם וריח בע""מ",,מיכל צילי גרוס חריף,גרמים,70.00,100 גרם,false,,7.90,0.1129,true,1,2327659
7290015332255,false,מבשם בניחוח משב קליל,,,מבשם פרובנס 750 גר',מיליליטרים,750.00,"100 מ""ל",false,,29.90,0.0399,true,1,1499637
7290015339483,false,ערמונים קלופים וקלויים טעמן 100ג',טאנגשאלן היואן פוד,,ערמונים,גרמים,100.00,100 גרם,false,,5.90,0.0590,true,1,2408732
7290015339551,false,פסטה פתיתים קוסקוס טעמן 500 גר',מוטלו מקרנה גזאנטפ,,פתיתים קוסקוס 500גר',גרמים,500.00,100 גרם,false,,4.90,0.0098,true,1,2428816
7290015339568,false,פסטה פתיתים אורז טעמן 500 גר',מוטלו מקרנה גזאנטפ,,פתיתים אורז 500גר',גרמים,500.00,100 גרם,false,,4.90,0.0098,true,1,2428817
7290015339643,false,שוקולד מריר 100 גרם טעמן.,טעמן שיווק מזון בעמ,,שוקולד מריר בדץ,יחידה,0.00,יחידה,false,,6.90,0.0000,true,1,2408733
7290015339650,false,"שוקולד חלבי בד""ץ 100 גרם",טעמן שיווק מזון בעמ,,שוקולד חלבי בדץ,יחידה,0.00,יחידה,false,,6.90,0.0000,true,1,2408734
7290015339698,false,דובדבנים חמוצים מגולענים 380 גר' טעמן,דונקליטי קונזרוון,,דובדבנים חמוצים מגול,יחידה,0.00,יחידה,false,,11.90,0.0000,true,1,2428821
7290015339933,false,ריבת חלב טעמן 340 גרם,טעמן שיווק מזון בעמ,,ריבת חלב 340 גר,גרמים,350.00,100 גרם,false,,14.90,0.0426,true,1,2396241
7290015347167,false,קינואה לבנה סלקטד מיה 500 גרם,מיה תעשיות מזון בעמ,,קינואה לבנה סלקטד 50,גרמים,500.00,100 גרם,false,,14.90,0.0298,true,1,2032725
7290015347204,false,"חומוס גדול סלקטד מיה 1 ק""ג",מיה תעשיות מזון מ.ת.מ בעמ,,חומוס גדול סלקטד 1 ק,קילוגרמים,1.00,"ק""ג",false,,18.90,18.9000,true,1,1859158
7290015347259,false,פירורי לחם מוזהבים מיה 400 גרם,מיה תעשיות מזון מ.ת.מ בעמ,IL,פירורי לחם מוזהבים 400גרם,גרמים,400.00,100 גרם,false,,5.90,0.0148,true,1,1334228
7290015347273,false,נטיפי שוקולד לאפייה שוקולדמריר 250גר,מיה תעשיות מזון מ.ת.מ. בעמ,,שוקולד צ'יפס,גרמים,300.00,100 גרם,false,,9.90,0.0330,true,1,1474933
7290015347280,false,"מעדן תות 280 גרם בד""ץ",מיה תעשיות מזון מ.ת.מ בעמ,,מעדן תות 280 גרם בדץ,גרמים,280.00,100 גרם,false,,12.90,0.0461,true,1,2333794
7290015347303,false,מעדן אוכמניות 280 גר`ללא גלוטן מיה,מיה תעשיות מזון מ.ת.מ. בעמ,,מעדן אוכמניות 280 גר,גרמים,280.00,100 גרם,false,,12.90,0.0461,true,1,2333795
7290015347426,false,סוכריות קולה לימון ללא סוכר 80גרם,מיה תעשיות מזון מ.ת.מ. בעמ,,סוכריות ללא סוכר,גרמים,80.00,100 גרם,false,,6.90,0.0863,true,1,1386766
7290015347433,false,סוכריות פינה קולדה ללא סוכר 80גרם,מיה תעשיות מזון מ.ת.מ. בעמ,,סוכריות ללא סוכר,גרמים,80.00,100 גרם,false,,6.90,0.0863,true,1,1386767
7290015347457,false,קינואה שחורה יבשה מיה 400 גר',מיה תעשיות מזון מ.ת.מ. בעמ,,קינואה שחורה 400 גר,גרמים,400.00,100 גרם,false,,14.90,0.0373,true,1,1859159
7290015347464,false,מיה קינואה מעורבת 400 גרם,מיה תעשיות מזון מ.ת.מ. בעמ,,קינואה מעורבת 400 גר,גרמים,400.00,100 גרם,false,,14.90,0.0373,true,1,1859160
7290015347488,false,"סוכר דמררה חום שקית מיה 1 ק""ג",מיה תעשיות מזון מ.ת.מ. בעמ,,סוכר דמררה שקית,קילוגרמים,1.00,"ק""ג",false,,9.90,9.9000,true,1,1481500
7290015347525,false,צ'יפס בטטה עם שום ורוזמרין מיה 100 גרם,מיה תעשיות מזון מ.ת.מ. בעמ,,ציפס בטטה,גרמים,80.00,100 גרם,false,,7.90,0.0988,true,1,1709164
7290015347532,false,צ'יפס בטטה עם שמן זית ועשבי תיבול מיה 100 גרם,מיה תעשיות מזון מ.ת.מ. בעמ,,ציפס בטטה,גרמים,80.00,100 גרם,false,,7.90,0.0988,true,1,1709165
7290015347679,false,"תבלין צ'ילי גרוס 70 גר' צנצנת כשל""פ",מיה תעשיות מזון מ.ת.מ בעמ,,תבלין צילי,גרמים,70.00,100 גרם,false,,7.90,0.1129,true,1,1409151
7290015347686,false,תבלין צ'ילי גרוס 50 גר' שקית,מיה תעשיות מזון מ.ת.מ בעמ,,תבלין צילי,גרמים,50.00,100 גרם,false,,6.90,0.1380,true,1,1409152
7290015347709,false,אגוז מוסקט טחון בצנ מיה 70 גרם,מיה תעשיות מזון מ.ת.מ בעמ,,אגוז מוסקט,גרמים,70.00,100 גרם,false,,7.90,0.1129,true,1,1409153
7290015347785,false,סוכריות ג'לילנד לבבות 125 גר' מיה,מיה תעשיות מזון מ.ת.מ בעמ,,סוכריות ג'לי לבבות,גרמים,125.00,100 גרם,false,,4.90,0.0392,true,1,1861946
7290015347990,false,מארז שמיניית עדשי שוקולד מיה 160 גרם,מיה תעשיות מזון מ.ת.מ. בעמ,,מארז עדשי שוקולד 20X,גרמים,160.00,"100 ג""ר",false,,9.90,0.0619,true,1,1866565
7290015348072,false,"למברוסקו אדום 750 מ""ל ""אמיליאנו""",טמפו משקאות בעמ,,יין אמיליאנו למברוסק,מיליליטרים,750.00,"100 מ""ל",false,,25.00,0.0333,true,1,1366496
7290015348089,false,"למברוסקו אדום ביאנקו 750 מ""ל ""אמיליאנו""",טמפו משקאות בעמ,,יין לבן למברוסקו ביא,מיליליטרים,750.00,"100 מ""ל",false,,25.00,0.0333,true,1,1405503
7290015348096,false,"למברוסקו רוזה 750 מ""ל ""אמיליאנו""",טמפו משקאות בעמ,,יין אמיליאנו למברוסק,מיליליטרים,750.00,"100 מ""ל",false,,25.00,0.0333,true,1,1366497
7290015348386,false,רוזה יבש מרום גליל 750מל,"כרמי צבי-אחים סגל בע""\מ",,יין מרום גליל רוזה 7,מיליליטרים,750.00,"100 מ""ל",false,,49.90,0.0665,true,1,1415596
7290015350136,false,"יין קברנה סוביניון 750מ""ל Free Run",סי.זי.איי.אס בעמ,,יין יוקרתי קרבנה סוב,מיליליטרים,750.00,"100 מ""ל",false,,55.90,0.0745,true,1,2108714
7290015350150,false,יין אדום חצי יבש של סגל (750 מל),"כרמי צבי - אחים סגל בע""\",,סגל אדום חצי יבש,מיליליטרים,750.00,"100 מ""ל",false,,24.90,0.0332,true,1,2302527
7290015350242,false,שטוק 84 משקה כוהלי על בסיס ברנדי בטעם דבש,טמפו משקאות בעמ,,"ברנדי שטוק 84 750 מ""",מיליליטרים,750.00,"100 מ""ל",false,,81.90,0.1092,true,1,1867833
7290015350402,false,"יין רזרב מוסקטו ורוד חצי יבש ברקן 750 מ""ל",טמפו משקאות בעמ,,יין רזרב מוסקט ורוד,מיליליטרים,750.00,"100 מ""ל",false,,59.90,0.0799,true,1,1869467
7290015354899,false,חרדל דיז'ון מעודן 350 גרם,דיפלומט מפיצים (1968) בעמ**,,חרדל דיזון מעודן 350,גרמים,350.00,100 גרם,false,,10.90,0.0311,true,1,1981122
7290015356688,false,ארק שליט אלכוהום 700,ארק שליט,,ארק שליט,מיליליטרים,700.00,"100 מ""ל",false,,59.90,0.0856,true,1,2037619
7290015366342,false,ספירה - מילוי נוזלי להרחקת יתושים 2 יח',גורי ע.ע.ע. בעמ,IT,רפיל נוזל להרחקת יתושים ל,יחידה,0.00,יחידה,false,,29.90,0.0000,true,1,1346612
7290015366380,false,ספירה אנתוש ספריי דוחה יתושים 70 מל,סאסא קוסמטיקס,,דוחה יתושים ספירה,מיליליטרים,70.00,"100 מ""ל",false,,11.90,0.1700,true,1,2234133
7290015366663,false,"משחת שיניים מנטה עדין אקווה פרש 100 מ""ל",גלקסוסמיתקליין,,משחת שיניים אקווה פר,גרמים,100.00,100 גרם,false,,7.90,0.0790,true,1,1404307
7290015366670,false,משחת שיניים בטעם מנטה אקוהפרש (100 מל),גלקסוסמיתקליין,,משחת שיניים אקוה פרש,גרמים,100.00,100 גרם,false,,7.90,0.0790,true,1,1404308
7290015366717,false,"מסיכה לשיער ארגן קוקוס סטייל 500 מ""ל",א.ל ארמן יצור תמרוקים,,מסיכה ארגן קוקוס 500,מיליליטרים,500.00,"100 מ""ל",false,,29.90,0.0598,true,1,1404471
7290015366724,false,"קרם לחות ארגן קוקוס סטייל 400 מ""ל",א.ל.ארמן ייצור תמרוקים ב,,קרם לחות ארגן קוקוס,מיליליטרים,400.00,"100 מ""ל",false,,29.90,0.0747,true,1,1404472
7290015366748,false,"שמן לשיער ארגן קוקוס סטייל 120 מ""ל",א.ל ארמן,,שמן ארגן מרוקאי סטיי,מיליליטרים,120.00,"100 מ""ל",false,,39.90,0.3325,true,1,1404474
7290015395021,false,גוג`י ברי מיובש 200 גר`קופסא,דין שיווק וקליה 2021 בעמ,,גרגירי גוג'י ברי 180,גרמים,180.00,100 גרם,false,,19.90,0.1106,true,1,1327659
7290015395045,false,"קינואה בשקית שקדיה 400 גרם בד""ץ",דין שיווק וקליה 2021 בעמ,,קינואה 400 גרם,גרמים,400.00,100 גרם,false,,9.90,0.0248,true,1,2302273
7290015395960,false,בוטן רביולי בציפוי בטעם מלוח מתוק 150 ג,דין שיווק וקליה 2021 בעמ,,בוטן רביולי 150 גרם,גרמים,150.00,100 גרם,false,,12.90,0.0860,true,1,2347826
7290015437431,false,רכז רימונים 100% טבעי 420 גר,תומר יבוא ושיווק מוצרי מזון (1,,רכז רימונים 420 גרם,גרמים,420.00,100 גרם,false,,19.90,0.0474,true,1,1339779
7290015437578,false,מוזלי קראנצ'י צימוק תפוח מיובש גרעיני חמנ' 600ג',תומר יבוא ושיווק מוצרי מזון (1,,מיזלי קראנצי+צימוק ת,גרמים,600.00,100 גרם,false,,14.90,0.0248,true,1,1368317
7290015437585,false,מוזלי קראנצי בתוספת צימוק ושוקולד 600 גרם,תומר ייבוא ושיווק מוצרי מזון [,,מיזלי קראנצי+צימוק ו,גרמים,600.00,100 גרם,false,,14.90,0.0248,true,1,1368318
7290015470094,false,טבלאות שוקולד טוסו מר`שוקולד תפוז 100ג,דנשר (1963) בעמ,,טוסו שוקולד מריר תפו,גרמים,100.00,100 גרם,false,,7.90,0.0790,true,1,1456719
7290015470391,false,קרם ידיים מועשר בשמן זית לעור רגיל עד יבש,"דנשר (1963) בע,מ",IL,חדש-פנג'ל פלוס קרם ידיים,מיליליטרים,100.00,"100 מ""ל",false,,9.90,0.0990,true,1,1393437
7290015519366,false,מזרון מתנפח זוגית,,,מיטה מתנפחת לזוג,יחידה,0.00,יחידה,false,,99.00,0.0000,true,1,2355254
7290015519816,false,"מזרון שטח כמו בבית 170*60*4 ס""מ",ארטוס,,מזרון שטח כמו בבית,יחידה,0.00,יחידה,false,,99.90,0.0000,true,1,2355620
7290015596251,false,"אלכוג'ל קיווי לשמירת הגיינת ידיים 100 מ""ל",פישר תעשיות פרמבצטיות בעמ,IL,"אלכוג'ל 100 מ""ל תפוח",מיליליטרים,100.00,"10 מ""ל",false,,9.90,0.0990,true,1,1351985
7290015596398,false,"אלכוג'ל 100 מ""ל קיווי לימון",פישר תעשיות פרמבצטיות בעמ,IL,"אלכוג'ל 100 מ""ל קיווי-לימ",מיליליטרים,100.00,"10 מ""ל",false,,9.90,0.0990,true,1,1351987
7290015596817,false,"ד""ר פישר - אפקטיב קר קרם גוף מועשר בשמן קוקוס 450 מ""ל",פישר תעשיות פרמצבטיות בעמ,,קרם גוף מועשר בשמן ק,מיליליטרים,450.00,"100 מ""ל",false,,21.90,0.0487,true,1,2308737
7290015596831,false,"קרם גוף מעושר בשמן אבוקדו אפקטיב קר ד""ר פישר",פישר תעשיות פרמבצטיות בעמ,,קרם גוף מועשר בשמן א,מיליליטרים,450.00,"100 מ""ל",false,,21.90,0.0487,true,1,2308738
7290015599023,false,VEGA צהובה טבעונית בטעם קלאסי 200 גרם,וגה מוצרים טבעוניים VEGA,,צהובה טבעונית בטעם ק,גרמים,200.00,100 גרם,false,,23.90,0.1195,true,1,2150799
7290015599061,false,VEGA צהובה טבעונית בטעם מוצרלה 200 גרם,וגה מוצרים טבעוניים VEGA,,צהובה טבעונית בטעם מ,גרמים,200.00,100 גרם,false,,23.90,0.1195,true,1,2150803
7290015599283,false,אבקת בסיס לחביתה טבעונית 250 גר,א.ל.ייצור ושיווק תבלינים,,תחליף חביתה,גרמים,250.00,100 גרם,false,,26.90,0.1076,true,1,2150808
7290015599504,false,VEGA ממרח בטעם חמאה אורגני 225 גרם,גוד פוד פרודקטס S.p,,ממרח בטעם חמאה אורגנ,גרמים,225.00,100 גרם,false,,17.90,0.0796,true,1,2017615
7290015602112,false,שקיות קוקי+סוגרים בא,,,שקיות קוקי+סוגרים בא,יח',5.00,יח',false,,4.90,0.9800,true,1,1362339
7290015602358,false,מאפינס גדול 20 יח' תבניכל,.,,מאפינס גדול יום הולד,יחידה,0.00,יחידה,false,,4.90,0.0000,true,1,2284743
7290015602365,false,מאפינס קטן 20 יח' תבניכל,,,מאפינס קטן יום הולדת,יחידה,0.00,יחידה,false,,4.50,0.0000,true,1,2284744
7290015602730,false,"10צלחות ""8 כיסופים לבן",WWP,,צלחת 8 כיסופים כסף (,יחידה,0.00,יחידה,false,,25.90,0.0000,true,1,2284745
7290015602747,false,מרק כיסופים כסף (ח)-,,,מרק כיסופים כסף (ח)-,יחידה,0.00,יחידה,false,,29.90,0.0000,true,1,2284746
7290015602754,false,"צלחת ""6.5 כיסופים לבן 10",WWP,,צלחת 6.5 כיסופים כסף,יחידה,0.00,יחידה,false,,18.90,0.0000,true,1,2284747
7290015602853,false,קערת אירוח 8 פס כסף 1 יח,WWP,,קערת אירוח חד פעמי,יחידה,0.00,יחידה,false,,9.90,0.0000,true,1,1386812
7290015641470,false,תבניות אלומיניום 3 י,,,תבניות אלומיניום 3 י,יח',3.00,יח',false,,9.90,3.3000,true,1,2415824
7290015641487,false,תבניות אלומיניום 4 י,,,תבניות אלומיניום 4 י,יח',4.00,יח',false,,9.90,2.4750,true,1,2416052
7290015641494,false,תבניות אלומיניום 4 י,,,תבניות אלומיניום 4 י,יח',4.00,יח',false,,9.90,2.4750,true,1,2415834
7290015641500,false,תבניות אלומיניום 10,,,תבניות אלומיניום 10,יח',10.00,יח',false,,9.90,0.9900,true,1,2415835
7290015641517,false,תבניות אלומיניום 7 י,,,תבניות אלומיניום 7 י,יח',7.00,יח',false,,9.90,1.4143,true,1,2415836
7290015652384,false,"קמח תירס ללא גלוטן עבה ששון הקולה 1 ק""ג",מולינו פיילה גלאסה,,"קמח תירס 1 ק""ג ללא ג",קילוגרמים,1.00,"ק""ג",false,,9.90,9.9000,true,1,1472986
7290015652391,false,"קמח תירס דק ל.גלוטן ששון הקולה 1 ק""ג",מולינו פיילה גלאסה,,"קמח תירס 1 ק""ג ללא ג",קילוגרמים,1.00,"ק""ג",false,,8.90,8.9000,true,1,1472993
7290015652513,false,תערובת תבלינים לסטייק ובשרים על האש,"דין שיווק וקליה בע""מ",,תבלין לסטייק 150 גרם,גרמים,150.00,100 גרם,false,,9.90,0.0660,true,1,1730778
7290015652520,false,"תערובת השף עשבי תיבול ושום לתיבול דגים, עופות, מאפים ועוד","דין שיווק וקליה בע""מ",,תבלין תערובת השף 70,גרמים,70.00,100 גרם,false,,9.90,0.1414,true,1,1730779
7290015652537,false,"תערובת תיבול פלפל, לימון פרסי ושום לבשר ותבשילים","דין שיווק וקליה בע""מ",,תבלין פלפל לימון פרס,גרמים,130.00,100 גרם,false,,9.90,0.0762,true,1,1730780
7290015652551,false,תערובת תיבול זעתר ושומשום בלדי,"נווה התבלין בע""מ",,תבלין זעתר שומשום 15,גרמים,150.00,100 גרם,false,,9.90,0.0660,true,1,1730782
7290015652568,false,אהרוני עשבי טיבול לדגים 70 גר,"דין שיווק וקליה בע""מ",,תבלין תיבול לדג 70 ג,גרמים,70.00,100 גרם,false,,9.90,0.1414,true,1,1730783
7290015652575,false,תבלין ראס אל חנות 150 גרם - אהרוני,"דין שיווק וקליה בע""מ",,תבלין ראס אל חנות 15,גרמים,150.00,100 גרם,false,,9.90,0.0660,true,1,1730784
7290015652582,false,חריימה דג אהרוני 150 גרם,"דין שיווק וקליה בע""מ",,תבלין חרימה דג 150 ג,גרמים,150.00,100 גרם,false,,9.90,0.0660,true,1,1730785
7290015652599,false,תערובת מתובלת להכנת צלי בקר,"דין שיווק וקליה בע""מ",,תבלין צלי בקר 120 גר,גרמים,120.00,100 גרם,false,,9.90,0.0825,true,1,1730786
7290015652612,false,קורנפלקס שקדייה 750 ג',דין שיווק וקליה 2021 בעמ,,קורנפלקס 750 גרם.,גרמים,750.00,100 גרם,false,,14.90,0.0199,true,1,2396104
7290015673013,false,טחון מהצומח צליה גריל500,טבע דלי בעמ,,טחון לצליה לקציצות ו,גרמים,500.00,100 גרם,false,,24.90,0.0498,true,1,1508051
7290015673150,false,קציצות אוקרה ברוקולי וציה 400 גר,ליב,,קציצות אוקרה ברוקולי,גרמים,400.00,100 גרם,false,,24.90,0.0622,true,1,1409867
7290015673181,false,המבורגר קליפורניה קלאסי עם ברוקולי טבע,ל.י.ב. (לחיות יותר בטבע) בעמ,,בורגר קליפורניה 400,גרמים,400.00,100 גרם,false,,24.90,0.0622,true,1,1409852
7290015673198,false,המבורגר טקסס עם פטריות טבע דלי 400 גרם,ל.י.ב. (לחיות יותר בטבע) בעמ,,בורגר טקסס 400 גרם.,גרמים,400.00,100 גרם,false,,24.90,0.0622,true,1,1409853
7290015673617,false,כדורי בשר ללא בשר 400 גרם,טבע דלי,,כדורי בשר ללא בשר קי,גרמים,400.00,100 גרם,false,,24.90,0.0622,true,1,2389554
7290015673662,false,שניצלוני טופו טבע דלי 400 גר,טבע דלי,,שניצלוני טופו,גרמים,400.00,100 גרם,false,,29.90,0.0747,true,1,2389555
7290015699730,false,סבון דה מארסיי יעקבי 1.5 ליטר *חדש-,"יעקב יעקבי ובניו בע""מ",,הפי רצפות מבושם 1.5,ליטרים,1.50,ליטר,false,,14.90,9.9333,true,1,1480991
7290015733120,false,מטרנה גולד שלב 1 תרכובת מזון על בסיס חלבי,קבוצת אוסם סחר שותפות מוגבלת,,מטרנה גולד שלב 1 700,גרמים,700.00,100 גרם,false,,74.90,0.1070,true,1,1935571
7290015733144,false,מטרנה גולד שלב 2 תרכובת מזון על בסיס חלבי,קבוצת אוסם סחר-שות.מוגבלת,,מטרנה גולד שלב 2 700,גרמים,700.00,100 גרם,false,,74.90,0.1070,true,1,1935572
7290015733205,false,תרכובת מזון לתינוקות חלבי שלב 1 אקסטרה קר מהדרין,קבוצת אוסם סחר שותפות מוגבלת,,מטרנה אקסטרה קר מהדר,גרמים,700.00,100 גרם,false,,59.90,0.0856,true,1,1960722
7290015733229,false,תרכובת מזון לתינוקות חלבי שלב 2 אקסטרה קר מהדרין,קבוצת אוסם סחר שותפות מוגבלת,,מטרנה אקסטרה קר מהדר,גרמים,700.00,100 גרם,false,,59.90,0.0856,true,1,1960723
7290015733243,false,מטרנה אקסטרה קייר מהדרין שלב 3 700 גרם,קבוצת אוסם סחר שותפות מוגבלת,,מטרנה אקסטרה קר מהדר,גרמים,700.00,100 גרם,false,,59.90,0.0856,true,1,1960724
7290015733427,false,מטרנה דייסת גם וגם וניל פרו12*300ג 2019,קבוצת אוסם סחר שותפות מוגבלת,,דייסת גם וגם וניל פי,גרמים,300.00,100 גרם,false,,22.90,0.0763,true,1,2281783
7290015733441,false,מטרנה דייסת גם וגם דגנים פרו 300 גר`,קבוצת אוסם סחר שותפות מוגבלת,,דייסת גם וגם דגנים 3,גרמים,300.00,100 גרם,false,,22.90,0.0763,true,1,2281784
7290015733465,false,דייסת מטרנה גם וגם קרנפלור פרו 300 גרם,קבוצת אוסם סחר שותפות מוגבלת,,דייסת גם וגם קורנפלו,גרמים,300.00,100 גרם,false,,22.90,0.0763,true,1,2281785
7290015733939,false,"תרכובת מזון A.R על בסיס חלבי בתוספת עמילן תפו""א ותירס",קבוצת אוסם סחר שותפות מוגבלת,,"A.R מטרנה בד""ץ 700 ג",גרמים,700.00,100 גרם,false,,79.90,0.1141,true,1,2333286
7290015733977,false,תרכובת מזון קומפורט על בסיס חלבי דל לקטוז,קבוצת אוסם סחר שותפות מוגבלת,,מטרנה אקסטרה קר קומפ,גרמים,700.00,100 גרם,false,,59.90,0.0856,true,1,2344036
7290015804400,false,עגבניות מרוסקות טל 250 גרם,ויטה- פרי גליל (החדשה) בעמ,,עגבניות מרוסקות טל,גרמים,250.00,100 גרם,false,,3.50,0.0140,true,1,1395762
7290015804417,false,עגבניות מרוסקות מתובלות עם שום,ויטה- פרי גליל (החדשה) בעמ,,עגבניות מרוסקות עם ש,גרמים,250.00,100 גרם,false,,3.50,0.0140,true,1,1395763
7290015804424,false,עגבניות מרוסקות בטעם בזיל ועשבי תיבול 260 ג' טל,ויטה- פרי גליל (החדשה) בעמ,,עגבניות מרוסקות בטעם,גרמים,250.00,100 גרם,false,,3.50,0.0140,true,1,1395764
7290015856492,false,חטיפי קרקר עם מלח 180 גר',,,קרקר חטיפית מלוח,גרמים,180.00,100 גרם,false,,4.90,0.0272,true,1,2194593
7290015856508,false,קרקר חטיפית שומשום 180 גרם הדר*,ח.כהן סוכנות מזון ומשקאות בע,,חטיפי קרקר עם שומשום,גרמים,180.00,100 גרם,false,,4.90,0.0272,true,1,2194594
7290015856515,false,חטיפי קרקר בטעם בצל הדר,,,קרק חטיפית בצל,גרמים,180.00,100 גרם,false,,4.90,0.0272,true,1,2194595
7290015856539,false,חטיפי קרקר בצורת דגים הדר,,,בסקויט גן חיות,גרמים,180.00,100 גרם,false,,4.90,0.0272,true,1,2194597
7290015856607,false,קרקר תירוש מלוח מתוק חצי מצופה בטעם שוקולד,אפיפית נצרת תעשיות ב,,קרקר תירוש חצי מצופה,גרמים,175.00,100 גרם,false,,7.90,0.0451,true,1,2295089
7290015856621,false,ביסקויט תירוש בטעם קרמל[לוטוס]175 גרם,אפיפית נצרת תעשיות ב,,בסקויט תירוש קרמל חצ,גרמים,175.00,100 גרם,false,,7.90,0.0451,true,1,2295090
7290015856690,false,"קרקר קרם קרקר רגיל 1 ק""ג הדר.",ח.כהן סוכנות מזון ומשקאות בע,,קרם קרקר,קילוגרמים,1.00,"ק""ג",false,,18.90,18.9000,true,1,2310080
7290015856706,false,סנקסו חטיף אפונה אפויה טבעי 50 גרם,תות תעשיות מזון (201,,סנקסו חטיף אפונה,גרמים,50.00,100 גרם,false,,5.90,0.1180,true,1,2359432
7290015856713,false,סנקסו חטיף אפונה אפוי עם אריסה 50 גרם,אפיפית נצרת (1971) ב,,סנקסו חטיף אפונה,גרמים,50.00,100 גרם,false,,5.90,0.1180,true,1,2359433
7290015856720,false,סנקסו חטיף אפונה אפוי עם זעתר 50 גרם,תות תעשיות מזון (201,,סנקסו חטיף אפונה,גרמים,50.00,100 גרם,false,,5.90,0.1180,true,1,2359434
7290015856737,false,סנקסו חטיף אפונה אפוי עם פלפל 50 גרם,אפיפית נצרת (1971) ב,,סנקסו חטיף אפונה,גרמים,50.00,100 גרם,false,,5.90,0.1180,true,1,2359435
7290015856775,false,עוגיות בטעם קרמל הדר 300 ג',,,עוגיות סנדביץ קרמל ו,גרמים,300.00,100 גרם,false,,9.90,0.0330,true,1,2402578
7290015856805,false,דגנית קרקר חיטה מלאה בתו,,,קרקר דגן ללא סוכר 25,גרמים,250.00,100 גרם,false,,7.90,0.0316,true,1,2335429
7290015856935,false,ביסקויט אקסטרא גליל טעם חמאה 400 גרם,ח.כהן סוכנות מזון ומשקאות בע,,ביסקוויט בטעם חמאה ה,גרמים,400.00,100 גרם,false,,8.90,0.0223,true,1,2363924
7290015856942,false,קרם קרקר עם זעתר אפיפית,אפיפית,,קרם קרקר 250 גרם הדר,גרמים,250.00,100 גרם,false,,5.90,0.0236,true,1,2387294
7290015856973,false,תה בסקוויט וניל ללא תוספת סוכר הדר,אפיפית נצרת תעשיות בסקויט,,ביסקוויט תה וניל ללא,גרמים,150.00,100 גרם,false,,5.90,0.0393,true,1,2401402
7290015856980,false,תה בסקוויט שוקו ללא תוספת סוכר הדר,אפיפית נצרת תעשיות בסקויט,,ביסקוויט תה שוקו ללא,גרמים,150.00,100 גרם,false,,5.90,0.0393,true,1,2401403
7290015858106,false,"ממרח פסטו ביתי 180 גרם ""עללחם""",שטראוס גרופ בעמ/מצונן,,ממרח פסטו ביתי 180 ג,גרמים,180.00,100 גרם,false,,14.90,0.0828,true,1,2224228
7290015858113,false,"ממרח עגבניות מיובשות 180 גרם ""טריטרי""",שטראוס גרופ בעמ/מצונן,,ממרח עגבניות מיובשות,גרמים,180.00,100 גרם,false,,14.90,0.0828,true,1,2224236
7290015858144,false,ממרח ארטישוק עללחם 180 גרם,שטראוס גרופ בעמ/מצונן,,ממרח ארטישוק 180 גרם,גרמים,180.00,100 גרם,false,,14.90,0.0828,true,1,2224229
7290015858175,false,ממרח פלפלים קלויים עללחם 180 גרם,שטראוס גרופ בעמ/מצונן,,ממרח פלפלים קלויים 1,גרמים,180.00,100 גרם,false,,14.90,0.0828,true,1,2224237
7290015858229,false,"טפנד זיתי קלמטה 180 גרם ""עללחם""",שטראוס גרופ בעמ/מצונן,,ממרח טפנד זיתי קלמטה,גרמים,180.00,100 גרם,false,,14.90,0.0828,true,1,2224239
7290015858243,false,ממרח צימיצורי עללחם 180 גרם,שטראוס גרופ בעמ/מצונן,,ממרח צימיצורי 180 גר,גרמים,180.00,100 גרם,false,,14.90,0.0828,true,1,2224240
7290015858328,false,עללחם ממרח איולי פסטו 295 גרם,"מדשא תעשיות מזון בע""\מ",,איולי פסטו עללחם,גרמים,295.00,גרם,false,,13.90,0.0471,true,1,2425473
7290015858434,false,שום כתוש עללחם 250 גרם,שטראוס גרופ בעמ/מצונן,,שום כתוש 250 גרם עלל,גרמים,250.00,100 גרם,false,,12.90,0.0516,true,1,2274478
7290015858441,false,עללחם ממרח איולי פלפלים 295 גרם,"מדשא תעשיות מזון בע""\מ",,איולי פלפלים עללחם,גרמים,295.00,גרם,false,,13.90,0.0471,true,1,2425474
7290015858687,false,עללחם ממרח איולי שום 295 גרם,"מדשא תעשיות מזון בע""\מ",,איולי שום עללחם,גרמים,295.00,גרם,false,,13.90,0.0471,true,1,2425475
7290015858694,false,עללחם ממרח איולי שום לימון 295 גרם,"מדשא תעשיות מזון בע""\מ",,איולי שום לימון עללח,גרמים,295.00,גרם,false,,13.90,0.0471,true,1,2425476
7290015865722,false,ענבי ציון קונפיטורה לייט תות שדה 400 גר`,אבאל יזמות בעמ,,קונפיטורת תות שדה ענ,גרמים,400.00,100 גרם,false,,19.90,0.0497,true,1,2395430
7290015865739,false,ענבי ציון קונפיטורה לייט אוכמניות 400 גר,אבאל יזמות בעמ,,קונפיטורת אוכמניות ע,גרמים,400.00,100 גרם,false,,19.90,0.0497,true,1,2395431
7290015865746,false,ענבי ציון קונפיטורה לייט פירות יער 400 ג,אבאל יזמות בעמ,,קונפיטורת פירות יער,גרמים,400.00,100 גרם,false,,19.90,0.0497,true,1,2395432
7290015872553,false,חומוס של מסעדה שמיר 700 גרם,"סלטי שמיר 2006 בע""מ",,חומוס של מסעדה 700 ג,גרמים,700.00,100 גרם,false,,9.90,0.0141,true,1,2282168
7290015899390,false,תרסיס לניקוי והברקת נירוסטה ומתכות אחרות,סאסאטק SASATECK,,תרסיס לניקוי והברקת,מיליליטרים,500.00,"100 מ""ל",false,,9.90,0.0198,true,1,1523744
7290015899505,false,חיטוי פירות וירקות מסיר שאריות של חומרי הדברה,פרפקט Perfect,,חיטוי פירות וירקות 1,ליטרים,1.00,ליטר,false,,9.90,9.9000,true,1,1798949
7290015899512,false,אקונומיקה בניחוח לימון,סאסאטק SASATECK,,אקונומיקה מבושמת לימ,ליטרים,4.00,ליטר,false,,14.90,3.7250,true,1,1374387
7290015899529,false,אקונומיקה בניחוח פרחים,סאסאטק SASATECK,,אקונומיקה מבושמת פרח,ליטרים,4.00,ליטר,false,,14.90,3.7250,true,1,1374388
7290015899628,false,נוזל רב תכליתי מנקה ומבריק,סאסאטק SASATECK,,נוזל רב תכליתי 1 ליט,ליטרים,1.00,ליטר,false,,9.90,9.9000,true,1,1383915
7290015899970,false,אקונומיקה סמיכה בניחוח לימון,סאסאטק SASATECK,,אקונומיקה סמיכה בניח,ליטרים,4.00,ליטר,false,,14.90,3.7250,true,1,1394813
7290015899994,false,מסיר אבן 1 ליטר פרפק,סאסאטק SASATECK,,מסיר אבן 1 ליטר פרפק,ליטרים,1.00,ליטר,false,,9.90,9.9000,true,1,1395589
7290015922319,false,מגש עגול,,,מגש עגול,יחידה,0.00,יחידה,false,,14.90,0.0000,true,1,1956498
7290015946001,false,מאסטר ספירולינה הזהב הירוק 200 גרם,אשבל,,ספירולינה קפואה הזהב,גרמים,200.00,100 גרם,false,,59.90,0.2995,true,1,2350699
7290015958011,false,ממרח עגבניות מיובשות וציפוטלה 180 ג,מוטי שף,,ממרח עגבניות מיובשות,גרמים,180.00,100 גרם,false,,19.90,0.1106,true,1,2363982
7290015968010,false,כפפות ניטריל S שחורות סייף טאץ 100 יחידות,סייף טאץ' Safe Touch,,כפפות ניטריל שחורות,יח',100.00,יח',false,,17.90,0.1790,true,1,2248321
7290015968089,false,"צלחות פלסטיק עבות כ-17 ס""מ במבחר צבעים",הוסטס Hostess,,צלחות פלסטיק עבות 25,יח',25.00,יח',false,,6.90,0.2760,true,1,1424391
7290015968645,false,כפות חד פעמי מוכסף מ,J.E&W.Inc,,כף חד פעמי מוכסף מהו,יח',20.00,יח',false,,11.90,0.5950,true,1,1856561
7290015968713,false,צלחת קריסטל מעוטרת בינונית 10 יחידות,הוסטס Hostess,,צלחות מעוטרות בינוני,יח',10.00,יח',false,,15.90,1.5900,true,1,1856552
7290015968737,false,צלחת קריסטל מעוטרת ענקית,הוסטס Hostess,,צלחות מעוטרות ענקיות,יח',10.00,יח',false,,35.90,3.5900,true,1,1856554
7290015968805,false,"מפיות מודפסות 33*33 ס""מ הוסטס",W.W.P.CO,,מפיות מודפסות 20 יח',יח',20.00,יח',false,,8.90,0.4450,true,1,1856577
7290015968812,false,מפיות מודפסות 20 יח',W.W.P.CO,,מפיות מודפסות 20 יח',יח',20.00,יח',false,,8.90,0.4450,true,1,1856578
7290015968881,false,מפיות מודפסות 20 יח',W.W.P.Co.Ltd,,מפיות מודפסות 20 יח',יח',20.00,יח',false,,8.90,0.4450,true,1,1856585
7290015968898,false,"מפיות מודפסות 33*33 ס""מ הוסטס",W.W.P.Co.Ltd,,מפיות מודפסות 20 יח',יח',20.00,יח',false,,8.90,0.4450,true,1,1856586
7290015968904,false,מפיות מודפסות 20 יח',W.W.P.Co.Ltd,,מפיות מודפסות 20 יח',יח',20.00,יח',false,,8.90,0.4450,true,1,1856587
7290015968928,false,מפיות מודפסות 20 יח',W.W.P.CO,,מפיות מודפסות 20 יח',יח',20.00,יח',false,,8.90,0.4450,true,1,1856589
7290015968966,false,"מפיות מודפסות 33*33 ס""מ הוסטס",W.W.P.CO,,מפיות מודפסות 20 יח',יח',20.00,יח',false,,8.90,0.4450,true,1,1856593
7290015968973,false,כפפות ניטריל M שחורות סייף טאץ 100 יחידות,סייף טאץ' Safe Touch,,כפפות ניטריל שחורות,יח',100.00,יח',false,,17.90,0.1790,true,1,2248322
7290015968980,false,כפפות ניטריל L שחורות סייף טאץ 100 יחידות,סייף טאץ' Safe Touch,,כפפות ניטריל שחורות,יח',100.00,יח',false,,17.90,0.1790,true,1,2248323
7290015968997,false,כפפות ניטריל XL שחורות סייף טאץ 100 יחידות,אינטרסן 1996 בעמ,,כפפות ניטריל שחורות,יח',100.00,יח',false,,17.90,0.1790,true,1,2248324
7290015996983,false,סוכרלוז סוכרזית 0 קלוריות 100 שקיות,"שטראוס גרופ בע""מ",,סוכרזית סוכרלוז 100,גרמים,130.00,100 גרם,false,,26.90,0.2069,true,1,1940405
7290016006322,false,מים מינרליים מי עדן,יפאורה שותפות מוגבלת לשיווק,,מי עדן 1 ליטר,ליטרים,1.00,ליטר,false,,2.90,2.9000,true,1,1830962
7290016006339,false,מים מינרלים מי עדן (1x4 ליטר),יפאורה שותפות מוגבלת לשיווק,,רביעייה מי עדן 1 ליט,ליטרים,4.00,ליטר,false,,9.90,2.4750,true,1,1830963
7290016006346,false,שוופס סודה 0.5 ליטר מארז שישייה,יפאורה שותפות מוגבלת לשיווק,,שוופס סודה שישייה מו,ליטרים,3.00,ליטר,false,,14.90,4.9667,true,1,1830964
7290016034141,false,מאפינס קטן בשרינק 50 יחי,,,מאפינס קטן בשרינק מס,יחידה,0.00,יחידה,false,,6.90,0.0000,true,1,1736758
7290016034158,false,מאפינס גדול 50 יח' תבניכל,,,מאפינס גדול בשרינק 2,יחידה,0.00,יחידה,false,,7.90,0.0000,true,1,1736759
7290016034387,false,צלחת קסרול כיסופים כ,,,צלחת קסרול כיסופים כ,יחידה,0.00,יחידה,false,,14.90,0.0000,true,1,2284748
7290016077759,false,רוטב ברביקיו קלאסי היינץ 480 גרם,דיפלומט מפיצים (1968) בעמ**,,רוטב ברבקיו 480 גרם,גרמים,480.00,100 גרם,false,,12.90,0.0269,true,1,1819951
7290016080551,false,מתבל עגבניות אורגני 580 גרם היינץ,ה.י. היינץ,,היינץ מתבל עגבניות א,גרמים,580.00,100 גרם,false,,14.90,0.0257,true,1,1559298
7290016083323,false,מעמול תמרים שקד 500 גרם,מאפיית ישראל חיפה,,עוגיות בדלי בטעמים ש,גרמים,500.00,100 גרם,false,,15.90,0.0318,true,1,2379313
7290016083378,false,עוגיות במילוי בטעם שוקולד שקד 500 גרם,מאפיית ישראל חיפה,,עוגיות בדלי בטעמים ש,גרמים,500.00,100 גרם,false,,15.90,0.0318,true,1,2379316
7290016083583,false,שקד - עוגיות כעכים מרוקאיות 500 גרם,,,עוגיות בדלי בטעמים ש,גרמים,500.00,100 גרם,false,,15.90,0.0318,true,1,2334814
7290016083590,false,שקד - עוגיות כעכים קקאו 500 גרם,,,עוגיות בדלי בטעמים ש,גרמים,500.00,100 גרם,false,,15.90,0.0318,true,1,2351257
7290016094008,false,אולטרסול קרם פנים 50 75 מל,פישר תעשיות פרמבצטיות בעמ,,אולטרסול קרם פנים 75,מיליליטרים,75.00,"100 מ""ל",false,,49.90,0.6653,true,1,1409114
7290016094695,false,אלכוג'ל לשמירה על הייגיינת הידיים 70% אלכוהול,"פישר תעשיות פרמבצטיות בע""מ",,אלכוג'ל טבעי 500 מל,מיליליטרים,500.00,"100 מ""ל",false,,19.90,0.0398,true,1,2276679
7290016106411,false,פרוסות מנגו 425 גרם בסירופ קל,לונגהי גואנגפה פוד ב,,פרוסות מנגו 425 גרם,גרמים,425.00,100 גרם,false,,7.90,0.0186,true,1,2356525
7290016106657,false,נתחי טונה בהירה בשמן צמחי - מארז רביעייה,דיאמוד פוד פרודקט סי,,רביעיית טונה בשמן בד,גרמים,560.00,100 גרם,false,,19.90,0.0355,true,1,2415538
7290016106664,false,נתחי טונה בהירה במי מלח - מארז רביעייה,דיאמוד פוד פרודקט סי,,רביעיית טונה במים בד,גרמים,560.00,100 גרם,false,,19.90,0.0355,true,1,2415652
7290016106671,false,נתחי טונה בהירה בשמן צמחי,טעמן שווק מזון בעמ,,טונה בודד בשמן טעמן,גרמים,140.00,100 גרם,false,,5.90,0.0421,true,1,2428822
7290016106688,false,נתחי טונה במי מלח טעמן 140 ג',טעמן שווק מזון בעמ,,טונה בודד במים טעמן,גרמים,140.00,100 גרם,false,,5.90,0.0421,true,1,2428823
7290016117196,false,כריות יפניות דו צדדיות,פרפקט Perfect,,כרית יפנית דו צדדית,יח',4.00,יח',false,,9.90,2.4750,true,1,1419904
7290016117202,false,שלישיית כריות קרצוף,פרפקט Perfect,,כריות קרצוף שלישייה,יח',3.00,יח',false,,9.90,3.3000,true,1,1419916
7290016117226,false,כרית יפנית שישיה פרפ,פרפקט Perfect,,כרית יפנית שישיה פרפ,יח',6.00,יח',false,,9.90,1.6500,true,1,1419906
7290016117233,false,כריות קרצוף 6 יחידות,פרפקט Perfect,,כריות קרצוף 6 יחידות,יח',6.00,יח',false,,7.90,1.3167,true,1,1419917
7290016132601,false,קערית מילנו קטנה,ד.ג.ש ייבוא ושיווק בעמ,,קערית מילנו קטנה,יחידה,0.00,יחידה,false,,3.90,0.0000,true,1,2277922
7290016135541,false,פסטה ביצים 3 צבעים פוזילי 400 גר אוריינט,גורי מוצרי צריכה 1991 בע`מ,,פסטה ביצים 3 צבעים פ,גרמים,400.00,100 גרם,false,,9.90,0.0248,true,1,1458977
7290016136111,false,"תערובת קמח רב תכליתי ג'י פרי 500 גרם לל""ג",גורי מוצרי צריכה (1991) בעמ,,תערובת קמח רב תכליתי,גרמים,500.00,100 גרם,false,,16.90,0.0338,true,1,1408777
7290016136692,false,משחת שיניים הגנה משולשת מנטה מרענן- שלישייה,גלקסוסמיתקליין,,משחת שיניים שלישיה מ,מיליליטרים,300.00,"100 מ""ל",false,,19.90,0.0663,true,1,1456233
7290016136708,false,משחת שיניים הגנה משולשת מנטה עדין- שלישייה,גלקסוסמיתקליין,,א.פרש שלישיה עדין,מיליליטרים,300.00,"100 מ""ל",false,,19.90,0.0663,true,1,1456234
7290016136722,false,פתיתים פנה ללא גלוטן 340 גרם גי פרי,גורי מוצרי צריכה (1991) בעמ,,פתיתים פנה ללא גלוטן,גרמים,340.00,100 גרם,false,,7.90,0.0232,true,1,1502699
7290016136739,false,GFREE פתיתי פוזילי על בסיס קמח תירס וקמח,גורי מוצרי צריכה (1991) בעמ,,פתיתים פוזילי ללא גל,גרמים,340.00,100 גרם,false,,7.90,0.0232,true,1,1502692
7290016144000,false,"קמח חיטה מלאה נפלאות 80% 1 ק""ג",תה ויסוצקי (ישראל)בעמ,,קמח חיטה מלא 80% נפל,קילוגרמים,1.00,"ק""ג",false,,9.90,9.9000,true,1,1395045
7290016144017,false,"קמח מלא נפלאות 100% ללא ניפוי 1 ק""ג",תה ויסוצקי (ישראל)בעמ,,קמח חיטה מלא 100% נפ,קילוגרמים,1.00,"ק""ג",false,,9.90,9.9000,true,1,1395046
7290016144024,false,"קמח כוסמין מלא נפלאות 100% 1 ק""ג",תה ויסוצקי (ישראל)בעמ,,קמח כוסמין מלא 100%,קילוגרמים,1.00,"ק""ג",false,,14.90,14.9000,true,1,1470165
7290016144031,false,"נפלאות קמח חיטה לבן מנופה 1 ק""ג",תה ויסוצקי (ישראל)בעמ,,קמח לבן מנופה נפלאות,קילוגרמים,1.00,"ק""ג",false,,6.90,6.9000,true,1,1470166
7290016144048,false,"קמח כוסמין לבן נפלאות 1 ק""ג",תה ויסוצקי (ישראל)בעמ,,קמח כוסמין לבן נפלאו,קילוגרמים,1.00,"ק""ג",false,,14.90,14.9000,true,1,1535280
7290016144055,false,קמח כוסמין 80% קמח נפלאות 1 קג,תה ויסוצקי (ישראל)בעמ,,קמח כוסמין מלא 80% נ,קילוגרמים,1.00,"ק""ג",false,,14.90,14.9000,true,1,1802869
7290016144062,false,"קמח שיפון מלא נפלאות, 1 ק""ג",תה ויסוצקי (ישראל)בעמ,,קמח שיפון מלא,קילוגרמים,1.00,"ק""ג",false,,8.90,8.9000,true,1,2428904
7290016144079,false,"קמח חיטה כפרי נפלאות 1 ק""ג",תה ויסוצקי (ישראל)בעמ,,קמח חיטה כפרי,קילוגרמים,1.00,"ק""ג",false,,8.90,8.9000,true,1,2428905
7290016144086,false,נפלאות קמח חלה מנופה 1 ק”ג,תה ויסוצקי (ישראל)בעמ,,קמח חלה,קילוגרמים,1.00,"ק""ג",false,,6.90,6.9000,true,1,2428906
7290016144093,false,נפלאות קמח לחם לבן מנופה 1 ק”ג,תה ויסוצקי (ישראל)בעמ,,קמח לחם,קילוגרמים,1.00,"ק""ג",false,,6.90,6.9000,true,1,2428907
7290016144116,false,"קמח תופח נפלאות, 1 ק""ג",תה ויסוצקי (ישראל)בעמ,,קמח תופח,קילוגרמים,1.00,"ק""ג",false,,8.90,8.9000,true,1,2428908
7290016150865,false,מוזלי בננה ותמר גרין (1 קג),משה סידס ובנו בעמ,,"מיזלי קרנצ'י 1 ק""ג ב",גרמים,1000.00,100 גרם,false,,24.90,0.0249,true,1,2384928
7290016162264,false,עוגת גבינה רנסנס קפולסקי (450 גרם),קפולסקי שיווק וקמעונ,,עוגת גבינה רנסנס 450,גרמים,450.00,100 גרם,false,,34.90,0.0776,true,1,1409679
7290016188585,false,GIACOBAZZI למברוסקו רוזה חצי יבש יקבי כרמל,אגודת הכורמים,,יין למברוסקו רוזה חצ,מיליליטרים,750.00,"100 מ""ל",false,,23.90,0.0319,true,1,2088529
7290016188592,false,למברוסקו אדום חצי יבש 750 מל יקבי כרמל,אגודת הכורמים -כרמל מזרחי,,יין למברוסקו אדום חצ,מיליליטרים,750.00,"100 מ""ל",false,,23.90,0.0319,true,1,2088530
7290016188608,false,GIACOBAZZI למברוסקו לבן חצי יבש יקבי כרמל,אגודת הכורמים -כרמל מזרחי,,יין למברוסקו לבן חצי,מיליליטרים,750.00,"100 מ""ל",false,,23.90,0.0319,true,1,2088531
7290016217735,false,חציל על האש 200גרם גורמה,"סלטי שמיר 2006 בע""מ",,חציל אש 200 גרם,גרמים,200.00,100 גרם,false,,9.90,0.0495,true,1,2282169
7290016217742,false,חציל בטחינה 200גרם גורמה,"סלטי שמיר 2006 בע""מ",,חציל בטחינה,גרמים,200.00,100 גרם,false,,9.90,0.0495,true,1,2282170
7290016217759,false,חציל מרוקאי 200גרם גורמה,"סלטי שמיר 2006 בע""מ",,חציל מרוקאי 200 גרם,גרמים,200.00,100 גרם,false,,11.90,0.0595,true,1,2282171
7290016217988,false,גרבלקס-סלמון כבוש שמיר 100 גרם,"סלטי שמיר 2006 בע""מ",,גרבלקס חדש,גרמים,100.00,100 גרם,false,,21.90,0.2190,true,1,2381175
7290016233247,false,עגבניות מיובשות קצוצות עם זיתים ירוקים מתובלים,תומר,,עגבניות מיובשות 250,גרמים,250.00,100 גרם,false,,9.90,0.0396,true,1,1404012
7290016233254,false,עגבניות מיובשות קצוצות מתובלות,סנטו גידה,,עגבניות מיובשות 250,גרמים,250.00,100 גרם,false,,9.90,0.0396,true,1,1404013
7290016246018,false,חטיף מיקס פינוקיות חלבה בארכה 20ג*9,קבוצת אוסם סחר שותפות מוגבלת,,בארכה מיקס פינוקיות,גרמים,200.00,100 גרם,false,,11.90,0.0595,true,1,1404140
7290016246025,false,בארכה מיקס פינוקיות חלווה ללא סוכר 10*20ג,קבוצת אוסם סחר שותפות מוגבלת,,בארכה מיקס פינוקיות,גרמים,200.00,100 גרם,false,,11.90,0.0595,true,1,1404141
7290016246209,false,"חטיף חלבה וניל 100 גרם ""בארכה""",קבוצת אוסם סחר שותפות מוגבלת,,חלבה בארכה חטיף וניל,גרמים,100.00,100 גרם,false,,3.00,0.0300,true,1,1492419
7290016246308,false,בארכה בקטנה חטיף חלבה וניל קוקוס 18 גרם 7 יחידות,קבוצת אוסם סחר שותפות מוגבלת,,מאגדת בארכה חטיף חלב,גרמים,126.00,100 גרם,false,,9.90,0.0786,true,1,1774988
7290016246445,false,בארכה טחינה גולמית מעודנת שומשום מלא 310 גם,קבוצת אוסם סחר שותפות מוגבלת,,טחינה גולמית מעודנת,גרמים,310.00,100 גרם,false,,11.90,0.0384,true,1,2060094
7290016246711,false,טחינה גולמית מעודנת הריסה בארכה 310 גרם,קבוצת אוסם סחר שותפות מוגבלת,,טחינה גולמית מעודנת,גרמים,310.00,100 גרם,false,,11.90,0.0384,true,1,2274353
7290016246773,false,בארכה טחינה מתובלת גולמית מעודנת משומשום מלא זעתר 310 גרם,קבוצת אוסם סחר שותפות מוגבלת,,טחינה גולמית מעודנת,גרמים,310.00,100 גרם,false,,11.90,0.0384,true,1,2328097
7290016255003,false,מסיר שומנים להסרת לכלוך קשה,סאסאטק SASATECK,,"מסיר שומנים 750 מ""ל",מיליליטרים,750.00,"100 מ""ל",false,,9.90,0.0132,true,1,1400674
7290016255010,false,מסיר אבנית ולכלוך קשה,סאסאטק SASATECK,,מרסס מסיר אבנית 750,מיליליטרים,750.00,"100 מ""ל",false,,14.90,0.0199,true,1,1400683
7290016255027,false,ספריי קצף רב שימושי בתוספת אקונומיקה,סאסאטק SASATECK,,מרסס לניקוי כללי בתו,מיליליטרים,750.00,"100 מ""ל",false,,14.90,0.0199,true,1,1400684
7290016255034,false,ג'ל לניקוי אסלות בניחוח אורנים,סאסאטק SASATECK,,ג'ל לניקוי אסלות בני,מיליליטרים,750.00,"100 מ""ל",false,,7.90,0.0105,true,1,1394830
7290016255041,false,ג'ל לניקוי אסלות בניחוח לימון,סאסאטק SASATECK,,ג'ל לניקוי אסלות בני,מיליליטרים,750.00,"100 מ""ל",false,,7.90,0.0105,true,1,1394831
7290016255058,false,ג'ל לניקוי אסלות בניחוח לבנדר,סאסאטק SASATECK,,ג'ל לניקוי אסלות בני,מיליליטרים,750.00,"100 מ""ל",false,,7.90,0.0105,true,1,1394832
7290016255157,false,דלי מטליות לחות לרצפה בבישום מרענן,פרפקט Perfect,,דלי מטליות לחות לניק,יח',50.00,יח',false,,29.90,0.5980,true,1,1847217
7290016255386,false,נוזל לניקוי אסלות 1,סאסאטק SASATECK,,נוזל לניקוי אסלות 1,ליטרים,1.00,ליטר,false,,9.90,9.9000,true,1,1401094
7290016255393,false,מטליות נשלפות לניקוי וחיטוי כללי בבישום עדין 400 יח',פרפקט Perfect,,מטליות נשלפות לניקוי,יח',400.00,יח',false,,29.90,0.0747,true,1,1404153
7290016255492,false,נוזל מבושם לשטיפת פר,פרפקט Perfect,,נוזל מבושם לשטיפת פר,ליטרים,2.00,ליטר,false,,19.90,9.9500,true,1,1410249
7290016255508,false,נוזל לניקוי כלים בניחוח לימון,פרפקט Perfect,,נוזל לניקוי כלים 750,מיליליטרים,750.00,"100 מ""ל",false,,9.90,0.0132,true,1,1440109
7290016255515,false,נוזל לניקוי כלים בניחוח תפוח,פרפקט Perfect,,נוזל לניקוי כלים 750,מיליליטרים,750.00,"100 מ""ל",false,,9.90,0.0132,true,1,1440110
7290016255638,false,נוזל מנקה רצפות בניחוח לבנדר,פרפקט Perfect,,נוזל לניקוי רצפות בנ,ליטרים,2.00,ליטר,false,,19.90,9.9500,true,1,1410250
7290016255645,false,נוזל מנקה רצפות בניחוח מאסק,פרפקט Perfect,,נוזל לניקוי רצפות בנ,ליטרים,2.00,ליטר,false,,19.90,9.9500,true,1,1410251
7290016255652,false,נוזל מנקה רצפות בניחוח אורנים,פרפקט Perfect,,נוזל לניקוי רצפות בנ,ליטרים,2.00,ליטר,false,,19.90,9.9500,true,1,1410252
7290016255928,false,ג'ל מרוכז לכביסה לבנה וצבעונית,סאסאטק SASATECK,,ג'ל כביסה לבנה וצבעו,ליטרים,3.00,ליטר,false,,24.90,8.3000,true,1,1422131
7290016287899,false,משטח חיתוך קלין אל פ,,,משטח חיתוך CLEAN L,יחידה,0.00,יחידה,false,,59.90,0.0000,true,1,2349554
7290016287912,false,משטח חיתוך קלין אס פ,,,משטח חיתוך CLEAN S,יחידה,0.00,יחידה,false,,29.90,0.0000,true,1,2349556
7290016302059,false,מארז לחמניות פרנה ביס 10 יח',קונסיגנציה ג`נרל מילס ישראל בע,,מארז פרנה ביס 10 יח',יח',10.00,יח',false,,9.90,0.9900,true,1,2331155
7290016319118,false,מגע הדבש שעווה מתקלפת לפנים 100 גרם,המאפיה של הרמן,,שעווה מגע הדבש מתקלפ,גרמים,100.00,100 גרם,false,,29.90,0.2990,true,1,2336340
7290016319187,false,טוסו עוגיות סנדוויץ שוקו במילוי קרם שוקולד *זוג* 300 גרם,בטר אנד דיפרנט,,עוגיות סנדויץ טוסו ש,גרמים,300.00,100 גרם,false,,16.90,0.0563,true,1,2318897
7290016319194,false,טוסו עוגיות סנדוויץ שוקו במילוי קרם וניל *זוג* 300 גרם,דנשר (1963) בעמ,,עוגיות סנדויץ טוסו ש,גרמים,300.00,100 גרם,false,,16.90,0.0563,true,1,2318898
7290016319200,false,טוסו עוגיות סנדוויץ' אוראו במילוי קרם וניל *זוג* 300 גרם,"דנשר (1963) בע,מ",,עוגיות סנדויץ טוסו א,גרמים,300.00,100 גרם,false,,16.90,0.0563,true,1,2318899
7290016319309,false,סבון נוזלי מאסק קלאסי+משאבה פמלי 1 ל,הנסיך- מפעל לייצור ט,,אל סבון פמילי 1 ליטר,ליטרים,1.00,ליטר,false,,9.90,9.9000,true,1,1982902
7290016320343,false,"דאק נוזל ג'ל לניקוי מתקדם בניחות לבנדר זוג * 750 מ""ל",אס. סי. ג'\ונסון מידרכט,,"זוג ט.דאק 750 מ""ל בנ",מיליליטרים,1500.00,"מ""ל",false,,19.90,0.0133,true,1,1802876
7290016321319,false,סבון נוזלי בניחוח אשכליות אדומה 1 ל' פמלי,דנשר (1963) בעמ,,אל סבון פמילי 1 ליטר,ליטרים,1.00,ליטר,false,,9.90,9.9000,true,1,2381924
7290016321326,false,סבון נוזלי בניחוח מנדרינה ולואיזה + משאבה 1 ל' פמלי,דנשר (1963) בעמ,,אל סבון פמילי 1 ליטר,ליטרים,1.00,ליטר,false,,9.90,9.9000,true,1,2381930
7290016321531,false,רצועות שעווה לגוף מגע הדבש אלוורה 12+3יח,שוורצקוף& הנקל דיסלד,,רצועות שעווה מגע המש,יחידה,0.00,יחידה,false,,19.90,0.0000,true,1,2308483
7290016321548,false,רצועות שעווה לגוף מגע הדבש קמומיל 12+3יח,דנשר (1963) בעמ,,רצועות שעווה מגע המש,יחידה,0.00,יחידה,false,,19.90,0.0000,true,1,2308726
7290016321555,false,מגע המשי רצועות שעווה לביקיני קמומיל 12+2,דנשר (1963) בעמ,,רצועות שעווה מגע המש,יחידה,0.00,יחידה,false,,19.90,0.0000,true,1,2308727
7290016321661,false,פרש וואנס SENSITIVE מגבונים ללא בישום רביעייה 72 יחידות,עלבד משואות יצחק,,רביעיית מגבוני פרשוו,יח',256.00,יח',false,,15.90,0.0621,true,1,2254589
7290016321678,false,מגבונים לחים בניחוח מרענן עם תמציות קמומיל ואלוורה,עלבד משואות יצחק,,רביעיית מגבוני פרשוו,יח',256.00,יח',false,,15.90,0.0621,true,1,2254590
7290016321883,false,פרשוואנס נייר טואלט מתכלה לילדים -מארז שלישייה,עלבד משואות יצחק בעמ,,מארז שלישייה נייר טו,יח',40.00,יח',false,,14.90,0.3725,true,1,2280753
7290016321890,false,פרשוואנס נייר טואלט מתכלה למבוגרים -מארז שלישייה,עלבד משואות יצחק בעמ,,מארז שלישייה נייר טו,יח',40.00,יח',false,,14.90,0.3725,true,1,2280754
7290016323900,false,קומקום פלסטיק 2 ליטר,,,קומקום פלסטיק 2 ליטר,יחידה,0.00,יחידה,false,,69.90,0.0000,true,1,2400530
7290016323917,false,קומקום זכוכית חדש HH,,,קומקום זכוכית חדש HH,יחידה,0.00,יחידה,false,,99.90,0.0000,true,1,2400531
7290016325188,false,סרט דבק לאריזה שקוף,,,סרט דבק לאריזה שקוף,יחידה,0.00,יחידה,false,,4.90,0.0000,true,1,2415348
7290016325843,false,מברג דפיקה שטוח 150*,,,מברג דפיקה שטוח 150*,יחידה,0.00,יחידה,false,,22.90,0.0000,true,1,2401808
7290016325850,false,מברג שטוח 100*6.0,,,מברג שטוח 100*6.0,יחידה,0.00,יחידה,false,,9.90,0.0000,true,1,2401809
7290016325874,false,מברג PH1*100,,,מברג PH1*100,יחידה,0.00,יחידה,false,,4.90,0.0000,true,1,2401811
7290016329261,false,סרקל מתיר קשרים ספריי רציףף 300 מ'ל,"פישר תעשיות פרמצביטות בע""מ",,סרקל ספריי מתיר קשרי,מיליליטרים,300.00,"100 מ""ל",false,,29.90,0.0997,true,1,1455406
7290016329278,false,קמיל בלו מגבונים מילוי 64 יח רביעייה,"פישר תעשיות פרמצביטות בע""מ",,רביעיית מגבונים קמיל,64 יח',256.00,64 יח',false,,19.90,0.0777,true,1,2274695
7290016329308,false,"ד""ר פישר - סרקל קרם רוזמרין לשיער מתולתל 325 מ""ל","פישר תעשיות פרמצביטות בע""מ",,סרקל קרם רוזמרין לשי,מיליליטרים,325.00,"100 מ""ל",false,,27.90,0.0858,true,1,2280179
7290016329315,false,סרקל ספריי מתיר קשרים לילדים לשיער מתולתל,"פישר תעשיות פרמבצטיות בע""מ",,סרקל ספריי מתיר קשרי,מיליליטרים,300.00,"100 מ""ל",false,,29.90,0.0997,true,1,1484440
7290016329674,false,קמיל בלו קרם פנים לתינוק לעור יבש במיוחד,"פישר תעשיות פרמצביטות בע""מ",,קרם פנים קמיל בלו לת,מיליליטרים,75.00,"100 מ""ל",false,,19.90,0.2653,true,1,1789850
7290016329865,false,ד.פישר אפקטיב קר קרם ידיים אינטנסיב,"ד""ר פישר Dr fischer",,קרם ידיים אפקטיב קר,מיליליטרים,50.00,"100 מ""ל",false,,14.90,0.2980,true,1,1456370
7290016329971,false,ד.פישר אפקטיב קר קרם ידיים אינטנסיב רליף,פישר תעשיות פרמבצטיות בעמ,,קרם ידיים אפקטיב קר,מיליליטרים,50.00,"100 מ""ל",false,,14.90,0.2980,true,1,1456371
7290016370942,false,מיקס ירקות יווני בצנצנת קבוצת יבנה 300 גרם,לפ קבוצת יבנה מוצרי מזון אגש``,,תערובת ירקות כבושים,גרמים,560.00,100 גרם,false,,9.90,0.0177,true,1,1482600
7290016370959,false,חציל קלוי (פירה) בצנצנת קבוצת יבנה 530 גרם,"קבוצת יבנה מוצרי מזון בע""מ",,חציל קלוי על האש בצנ,גרמים,530.00,100 גרם,false,,9.90,0.0187,true,1,1482601
7290016370973,false,פלפל קלוי (גמביה) בצנצנת קבוצת יבנה 390 גרם,"קבוצת יבנה מוצרי מזון בע""מ",,פלפל קלויי על האש,גרמים,540.00,100 גרם,false,,9.90,0.0183,true,1,1482603
7290016372342,false,עגבניות חתוך קוביות גראנד איטליה מארז 400X3ג',תה ויסוצקי (ישראל) בעמ,,עגבניות חתוכות 3*400,גרמים,1200.00,100 גרם,false,,14.90,0.0124,true,1,1844573
7290016372373,false,רסק עגבניות ללא תוספת סוכר ומלח - מארז זוג,תה ויסוצקי (ישראל) בעמ,,זוג רסק עגבניות 2*14,גרמים,280.00,100 גרם,false,,7.90,0.0282,true,1,1844575
7290016372397,false,"תה ויסוצקי ירוק תפוז,ג'ינגר וכורכום 25 יח'",תה ויסוצקי (ישראל) בעמ,,תה ירוק תפוז ג'ינג'ר,גרמים,37.50,100 גרם,false,,22.90,0.6107,true,1,1766332
7290016372458,false,חליטת לימונית ולואיזה הגן הקסום ויסוצקי 50 יחידות,תה ויסוצקי (ישראל) בעמ,,תה הגן הקסום לימונית,גרמים,75.00,100 גרם,false,,29.90,0.3987,true,1,1723223
7290016372489,false,ויסוצקי חליטת ג'ינג'ר ולימון סודות הצמחים 25 שקיקים,תה ויסוצקי (ישראל) בעמ,,חליטת ג'ינג'ר ולימון,גרמים,45.00,100 גרם,false,,17.90,0.3978,true,1,1766363
7290016372496,false,חליטת פירות וצמחים בטעם ג'ינג'ר ודבש -אפקט הג'ינג'ר,תה ויסוצקי (ישראל) בעמ,,חליטת ג'ינג'ר ודבש ס,גרמים,45.00,100 גרם,false,,17.90,0.3978,true,1,1766364
7290016372922,false,תה ירוק בטעם קינמון גינגיר וכורכום עם מאצה יפנית,תה ויסוצקי (ישראל)בעמ,,תה ירוק עם מאצ'ה יפנ,גרמים,37.50,100 גרם,false,,22.90,0.6107,true,1,2049393
7290016373646,false,פסים חמוצים פטל 275 גרם,אלוון גידה סאן,,מקלות חמצוצים בטעם פ,גרמים,275.00,100 גרם,false,,9.90,0.0360,true,1,2396247
7290016373721,false,מקלות חמוצים תות וניל 275 גרם,טעמן שיווק מזון בעמ,,מקלות חצוצים 275 גרם,גרמים,275.00,100 גרם,false,,9.90,0.0360,true,1,2396249
7290016408119,false,טרליני כעכים בטעם קלאסי 225 גר' - בדץ,כרמית תעשיות ממתקים בעמ,,כעכים טרליני בטעם קל,גרמים,225.00,100 גרם,false,,6.90,0.0307,true,1,1469389
7290016408133,false,טרליני כעכים בטעם בצל וזיתים 225 גר' - בדץ,כרמית תעשיות ממתקים בעמ,,כעכים טרליני בטעם בצ,גרמים,225.00,100 גרם,false,,6.90,0.0307,true,1,1469391
7290016408140,false,טריליני כעכים רוטב פיצה כרמית 225 גרם,כרמית תעשיות ממתקים בעמ,,כעכים טרליני בטעם רו,גרמים,225.00,100 גרם,false,,6.90,0.0307,true,1,1469392
7290016408157,false,טריליני כעכים קמח מלא כרמית 225 גרם,כרמית תעשיות ממתקים בעמ,,כעכים טרליני עם קמח,גרמים,225.00,100 גרם,false,,6.90,0.0307,true,1,1469393
7290016408164,false,טרליני כעכים בטעם שום וצי'לי פיקנטי 225 גר' - בדץ,כרמית תעשיות ממתקים בעמ,,כעכים טרליני בטעם שו,גרמים,225.00,100 גרם,false,,6.90,0.0307,true,1,1469394
7290016408294,false,"מרשמלו ורוד לבן וסטהיים 150 ג', 26 בקרטון",כרמית תעשיות ממתקים בעמ,,מרשמלו ורוד לבן,גרמים,150.00,100 גרם,false,,4.90,0.0327,true,1,1893757
7290016408393,false,חטיף קרקר עם שומשום פניני 130 ג',כרמית תעשיות ממתקים בעמ,,חטיף קרקר עם שומשום,גרמים,130.00,100 גרם,false,,6.90,0.0531,true,1,1469396
7290016408416,false,חטיף קרקר עם צ'ילי פיקנטי 130 גר,כרמית תעשיות ממתקים בעמ,,חטיף קרקר עם צ'ילי פ,גרמים,130.00,100 גרם,false,,6.90,0.0531,true,1,1469398
7290016408423,false,חטיף קרקר עם זיתים שחורים ושום 130 גר,כרמית תעשיות ממתקים בעמ,,חטיף קרקר עם זיתים ש,גרמים,130.00,100 גרם,false,,6.90,0.0531,true,1,1469399
7290016408430,false,קרקר עם תערובת תבלינים כרמית 130 גרם,כרמית תעשיות ממתקים בעמ,,חטיף קרקר עם תערובת,גרמים,130.00,100 גרם,false,,6.90,0.0531,true,1,1469400
7290016408447,false,קרקר עגבניות ובזיליקום כרמית 130 גרם,כרמית תעשיות ממתקים בעמ,,חטיף קרקר עם עגבניות,גרמים,130.00,100 גרם,false,,6.90,0.0531,true,1,1469401
7290016408720,false,אגו מיקס בייגלה מצופה שוקולד לבן 55גר* 24 בקר',כרמית תעשיות ממתקים בעמ,,בייגלה מצופה שוקולד,גרמים,55.00,100 גרם,false,,3.90,0.0709,true,1,1703623
7290016408744,false,מרשמלו טוויסטר כרמית 150 גרם,כרמית תעשיות ממתקים בעמ,,מרשמלו טוויסטר,גרמים,150.00,100 גרם,false,,4.90,0.0327,true,1,1893758
7290016408980,false,"מטבעות שוקולד חלב 36 ג' כשל""פ בד""ץ!",כרמית תעשיות ממתקים בעמ,,מטבעות חלב,גרמים,36.00,100 גרם,false,,3.90,0.1083,true,1,2053700
7290016440218,false,עמבה פרי מעדני עופר,בידאני נתן,,עמבה מקורית עם פיר,גרמים,500.00,100 גרם,false,,12.90,0.0258,true,1,1483863
7290016440607,false,עמבה בקבוק לחיץ 300גר,בידאני נתן,,עמבה לחיץ,גרמים,300.00,100 גרם,false,,12.90,0.0430,true,1,2363150
7290016440652,false,תערובת פרוסות ירקות חמוצים מעדני עופר 500 גרם,קפוא זן תעשיות מזון בעמ,,תערובת ירקות חמוצים,גרמים,500.00,100 גרם,false,,19.90,0.0398,true,1,2363151
7290016440881,false,ירקות חמוצים בטעם ביתי מעדני עופר 500 גרם,קפוא זן תעשיות מזון בעמ,,תערובת ירקות חמוצים,גרמים,500.00,100 גרם,false,,19.90,0.0398,true,1,2363152
7290016440911,false,מלפפונים ביתיים כבושים 500גר מעדני עופר,קפוא זן תעשיות מזון בעמ,,מלפפון ביתיים כבושים,גרמים,750.00,100 גרם,false,,19.90,0.0265,true,1,2363153
7290016440928,false,מעדני עופר - ירקות כבושים חמוץ מתוק (סיני),קפוא זן תעשיות מזון בעמ,,ירקות כבושים חמוץ מת,גרמים,750.00,100 גרם,false,,19.90,0.0265,true,1,2363154
7290016475067,false,מארז 4 לאפות במלאכת יד,פיתות מכבים י.מ. בעמ,,4 יח' לאפות במארז עב,יח',4.00,יח',false,,10.90,2.7250,true,1,2239907
7290016492118,false,פפריקה מתוקה מעושנת,תבליני הדור השלישי,,פפריקה מעושנת,גרמים,120.00,100 גרם,false,,13.90,0.1158,true,1,2414273
7290016492125,false,פרג תבלין פילדפיה 120 גר',תבליני הדור השלישי,,פילדלפיה 120 גרם,גרמים,120.00,100 גרם,false,,13.90,0.1158,true,1,2414267
7290016492132,false,תבלין טוסקנה פרג 160 גר',תבליני הדור השלישי,,טוסקנה 160 גרם,גרמים,160.00,100 גרם,false,,13.90,0.0869,true,1,2414248
7290016492453,false,מג'דרה אורז עם עדשים,תבליני פרג,,אורז עם עדשים,גרמים,300.00,100 גרם,false,,14.90,0.0497,true,1,2414221
7290016492507,false,אורז עם ירקות,תבליני פרג,,אורז עם ירקות,גרמים,300.00,100 גרם,false,,14.90,0.0497,true,1,2414222
7290016492514,false,בורגול עם עדשים,תבליני פרג,,בורגול עם עדשים,גרמים,300.00,100 גרם,false,,14.90,0.0497,true,1,2414223
7290016492521,false,קינואה עם עדשים,תבליני פרג,,קינואה עם עדשים,גרמים,300.00,100 גרם,false,,14.90,0.0497,true,1,2414224
7290016492538,false,קינואה עם ירקות,תבליני פרג,,קינואה עם ירקות,גרמים,300.00,100 גרם,false,,14.90,0.0497,true,1,2414225
7290016492620,false,"סומסומיה - ממרח טחינה, דבש ואגוזים",תבליני פרג,,סומסומיה-ממרח,גרמים,150.00,100 גרם,false,,14.90,0.0993,true,1,2414417
7290016509342,false,סוד מארז טריו כדוריות לאסלה כחול אקטיבי אקונומיקה,גורי שיווק בעמ,,כדוריות שלישייה אסלה,יח',3.00,יח',false,,19.90,6.6333,true,1,1819988
7290016509786,false,פרסיל גל לכביסה לבנה וצבעונית-ירוק 2.5 ל,גורי שיווק בעמ,,פרסיל גל 2.5 ליטר יר,ליטרים,2.50,ליטר,false,,29.90,11.9600,true,1,2008627
7290016509793,false,ג'ל לכביסה לבנה וצבעונית אריזת XL,גורי שיווק בעמ,,פרסיל גל 4 ליטר ירוק,ליטרים,4.00,ליטר,false,,44.90,11.2250,true,1,2008639
7290016509809,false,ג'ל מרוכז לכביסה קולור 2.5 ל' פרסיל,גורי שיווק בעמ,,פרסיל גל 2.5 ליטר קו,ליטרים,2.50,ליטר,false,,29.90,11.9600,true,1,2008628
7290016509816,false,ג'ל לכביסה צבעונית אריזת XL,גורי שיווק בעמ,,פרסיל גל 4 ליטר קולו,ליטרים,4.00,ליטר,false,,44.90,11.2250,true,1,2008640
7290016509823,false,ג'ל לכביסה לבנה וצבעונית בניחוח רענן,גורי שיווק בעמ,,פרסיל גל 2.5 ליטר בל,ליטרים,2.50,ליטר,false,,29.90,11.9600,true,1,2008629
7290016509830,false,ג'ל כביסה לבגדי תינוקות ובעלי עור רגיש Sensitive,גורי שיווק בעמ,,פרסיל גל 2.5 ליטר בי,ליטרים,2.50,ליטר,false,,29.90,11.9600,true,1,2008630
7290016509847,false,פרסיל ג'ל לכביסה כהה בלאק 2.5 ליטר,גורי שיווק בעמ,,פרסיל גל 2.5 ליטר בל,ליטרים,2.50,ליטר,false,,29.90,11.9600,true,1,2047382
7290016510331,false,"הוואי אל סבון לילדים בנות 700 מ""ל",טרופיקל דגיל,,אל סבון ילדים הוואי,מיליליטרים,700.00,"100 מ""ל",false,,9.90,0.0141,true,1,2305991
7290016510348,false,"הוואי אל סבון לילדים בנים 700 מ""ל",טרופיקל דגיל,,אל סבון ילדים הוואי,מיליליטרים,700.00,"100 מ""ל",false,,9.90,0.0141,true,1,2305992
7290016566284,false,"כוס נשיאה תרמית דאבל 500 מ""ל",,,כוס נשיאה תרמית גדול,יחידה,0.00,יחידה,false,,49.90,0.0000,true,1,2335167
7290016566888,false,"בקבוק טרמי כוס מכסה 700 מ""ל",,,בקבוק תרמי כוס מכסה,יחידה,0.00,יחידה,false,,79.90,0.0000,true,1,2384460
7290016566895,false,"בקבוק טרמי פקק קש 600 מ""ל",,,בקבוק נירוסטה תרמי 6,יחידה,0.00,יחידה,false,,69.90,0.0000,true,1,2384461
7290016566901,false,"בקבוק טרמי פקק קש 770 מ""ל",,,בקבוק נירוסטה תרמי 7,יחידה,0.00,יחידה,false,,79.90,0.0000,true,1,2384462
7290016567007,false,מחית אסאי ריבאר קפוא,בלהאיסה,,מחית אסאי,גרמים,100.00,100 גרם,false,,10.90,0.1090,true,1,2329776
7290016574265,false,ממרח ריבת בצל מוטי ש,,,ממרח ריבת בצל 250 גר,גרמים,250.00,100 גרם,false,,19.90,0.0796,true,1,2300327
7290016601206,false,פותח סתימות פרפקט 1,,,פותח סתימות פרפקט 1,ליטרים,1.00,ליטר,false,,14.90,14.9000,true,1,1806985
7290016601596,false,מבשם לבית בניחוח ורד אנגלי,פרפקט Perfect,,מבשם לבית ורד אנגלי,מיליליטרים,350.00,"100 מ""ל",false,,14.90,0.0426,true,1,1488720
7290016601602,false,מבשם לבית פריחת הנרקיס,פרפקט Perfect,,מבשם לבית פריחת הנרק,מיליליטרים,350.00,"100 מ""ל",false,,14.90,0.0426,true,1,1488721
7290016601619,false,מבשם לבית מאסק מרענן,,,מבשם לבית מאסק מרענן,מיליליטרים,350.00,"100 מ""ל",false,,14.90,0.0426,true,1,1488722
7290016601626,false,מבשם לבית בניחוח לבנדר טוסקנה,פרפקט Perfect,,מבשם לבית לבנדר טוסק,מיליליטרים,350.00,"100 מ""ל",false,,14.90,0.0426,true,1,1488723
7290016601701,false,סבון נוזלי בניחוח ים Blue Lagoon- מארז שלישייה,פרפקט Perfect,,שלישיית אל סבון בני,מיליליטרים,1500.00,"100 מ""ל",false,,14.90,0.0099,true,1,1487527
7290016601718,false,סבון נוזלי בניחוח ורדים Pink Roses- מארז שלישייה,פרפקט Perfect,,שלישיית אל סבון בני,מיליליטרים,1500.00,"100 מ""ל",false,,14.90,0.0099,true,1,1487528
7290016601725,false,סבון נוזלי בניחוח טרופי Fresh Yellow- מארז שלישייה,פרפקט Perfect,,שלישיית אל סבון בני,מיליליטרים,1500.00,"100 מ""ל",false,,14.90,0.0099,true,1,1487529
7290016601732,false,סבון נוזלי בניחוח ים,פרפקט Perfect,,אל סבון נוזלי בניחוח,מיליליטרים,1000.00,"100 מ""ל",false,,9.90,0.0099,true,1,1487544
7290016601749,false,סבון נוזלי בניחוח ורדים,פרפקט Perfect,,אל סבון נוזלי בניחוח,מיליליטרים,1000.00,"100 מ""ל",false,,9.90,0.0099,true,1,1487545
7290016601756,false,סבון נוזלי בניחוח טרופי,פרפקט Perfect,,אל סבון נוזלי בניחוח,מיליליטרים,1000.00,"100 מ""ל",false,,9.90,0.0099,true,1,1487546
7290016601800,false,תרסיס לניקוי רהיטים,סאסאטק SASATECK,,תרסיס לניקוי רהיטים,מיליליטרים,300.00,"100 מ""ל",false,,9.90,0.0330,true,1,1520734
7290016601817,false,מרסס לניקוי שטיחים פ,פרפקט Perfect,,מרסס לניקוי שטיחים פ,מיליליטרים,600.00,"100 מ""ל",false,,19.90,0.0332,true,1,1503948
7290016607345,false,יין רזרב שיראז דלתון,"יקב דלתון בע""מ",,יין דלתון רזרב שיראז,מיליליטרים,750.00,"100 מ""ל",false,,99.90,0.1332,true,1,2278711
7290016621341,false,אל סבון היגייני לניקוי יסודי קמיל Clean & Moisture,פישר תעשיות פרמצבטיות בעמ,,קמיל בלו אל סבון 1 ל,ליטרים,1.00,ליטר,false,,15.90,15.9000,true,1,1671543
7290016621358,false,"ד""ר פישר - קמיל אל סבון ניקיון והזנה ורוד 1 ליטר","פישר תעשיות פרמבצטיות בע""מ",,קמיל בלו אל סבון 1 ל,ליטרים,1.00,ליטר,false,,15.90,15.9000,true,1,1671544
7290016621365,false,אל סבון היגייני לניקוי יסודי קמיל Clean & Moisture,"פישר תעשיות פרמבצטיות בע""מ",,קמיל בלו אל סבון 1 ל,ליטרים,1.00,ליטר,false,,15.90,15.9000,true,1,1671545
7290016621952,false,קמיל בלו סנסיטיב קרם פנים לתינוק SPF30,פישר תעשיות פרמבצטיות בעמ,,קרם פנים קמיל בלו לת,מיליליטרים,75.00,"100 מ""ל",false,,19.90,0.2653,true,1,1789851
7290016621990,false,"נטורל קר מסיכה לשיער יבש צבוע פגום 200 מ""ל",פישר תעשיות פרמבצטיות בעמ,,מסכה לשיער נטורל קר,מיליליטרים,200.00,"100 מ""ל",false,,19.90,0.0995,true,1,1789865
7290016624090,false,"תבנית פאי 12/6 ס""מ ב",,,"תבנית פאי 12/6 ס""מ ב",יחידה,0.00,יחידה,false,,1.90,0.0000,true,1,1960838
7290016624113,false,תבנית פאי לעוגה 18/6,,,תבנית פאי לעוגה 18/6,יחידה,0.00,יחידה,false,,2.90,0.0000,true,1,1960839
7290016624120,false,תבנית פאי לעוגה 22/6,,,תבנית פאי לעוגה 22/6,יחידה,0.00,יחידה,false,,2.90,0.0000,true,1,1960840
7290016624144,false,תבנית פאי לעוגת סבתא,,,תבנית פאי לעוגת סבתא,יחידה,0.00,יחידה,false,,2.90,0.0000,true,1,1960841
7290016624168,false,תבנית אינגלישקייק קש,,,תבנית אינגלישקייק קש,יחידה,0.00,יחידה,false,,2.90,0.0000,true,1,1960842
7290016624175,false,תבנית גדולה קשיחה מנ,,,תבנית גדולה קשיחה מנ,יחידה,0.00,יחידה,false,,2.90,0.0000,true,1,1960843
7290016624908,false,צלחת 8 כיסופים זהב-,,,צלחת 8 כיסופים זהב-,יחידה,0.00,יחידה,false,,25.90,0.0000,true,1,2284756
7290016624922,false,צלחת 6.5 כיסופים זהב,,,צלחת 6.5 כיסופים זהב,יחידה,0.00,יחידה,false,,18.90,0.0000,true,1,2284758
7290016624939,false,צלחת קסרול כיסופים ז,,,צלחת קסרול כיסופים ז,יחידה,0.00,יחידה,false,,14.90,0.0000,true,1,2284759
7290016667462,false,פריכיות חסכוני אורז 265 ג',פרח תעשיות,,פריכיות אורז במארז 2,גרמים,265.00,100 גרם,false,,11.90,0.0449,true,1,1957907
7290016667479,false,פריכיות כוסמת מארז גדול 130 ג',נאמן לאורך זמן בעמ,,פרכיות כוסמת 130 גרם,גרמים,130.00,100 גרם,false,,8.90,0.0685,true,1,2060181
7290016667486,false,פריכיות כוסמת דל נתרן 130 ג',נאמן לאורך זמן בעמ,,פריכיות כוסמת דל נתר,גרמים,130.00,100 גרם,false,,8.90,0.0685,true,1,2060182
7290016667578,false,ניוקי תפוחי אדמה קטן/רגיל 1 ק``ג נאמן,נאמן לאורך זמן בעמ,,ניוקי מתפוח אדמה 1 ק,קילוגרמים,1000.00,"ק""ג",false,,9.90,0.0099,true,1,2303407
7290016682038,false,"מיץ תפוזים 400 מ""ל ""פריניב""",תנובה - פריניב,,מיץ תפוזים פריניב 40,מיליליטרים,400.00,"100 מ""ל",false,,8.90,0.0223,true,1,2294668
7290016682052,false,"מיץ לימונענע 400 מ""ל ""פריניב""",פריניב תנובה,,מיץ לימונענע פריניב,מיליליטרים,400.00,"100 מ""ל",false,,8.90,0.0223,true,1,2294740
7290016682083,false,"פריניב נקטר תות בננה 400 מ""ל",תנובה - פריניב,,מיץ תות בננה פריניב,מיליליטרים,400.00,"100 מ""ל",false,,8.90,0.0223,true,1,2294674
7290016682168,false,"פריניב מיץ תפוזים ולנסיה סחוט 100% 400 מ""ל",תנובה - פריניב,,מיץ תפוזים וולנסיה ס,מיליליטרים,400.00,"100 מ""ל",false,,8.90,0.0223,true,1,2355515
7290016682182,false,פריניב שייק תמר בננה מופחת סוכר 1 ליטר,תנובה - פריניב,,שייק תמר בננה מופחת,ליטרים,1.00,ליטר,false,,14.90,14.9000,true,1,1696863
7290016682199,false,פריניב שייק תות בננה מופחת סוכר 1 ליטר,הנסיך- מפעל לייצור ט,,שייק תות בננה מופחת,ליטרים,1.00,ליטר,false,,14.90,14.9000,true,1,1696864
7290016682250,false,מיץ תפוז גזר פרי ניב 1 ליטר,תנובה - פריניב,,מיץ תפוגזר 1 ליטר פ,ליטרים,1.00,ליטר,false,,15.90,15.9000,true,1,2422373
7290016682335,false,מיץ תפוזים סחוט 2 ליטר פרי ניב,תנובה - פריניב,,מיץ תפוזים סחוט 100%,ליטרים,2.00,ליטר,false,,24.90,12.4500,true,1,2379218
7290016682342,false,מיץ תפוזים וולנסיה פרי ניב 2 ליטר-,תנובה - פריניב,,מיץ תפוזים סחוט וולנ,ליטרים,2.00,ליטר,false,,23.90,11.9500,true,1,2379219
7290016682359,false,מיץ תפוזים שמוטי פרי ניב 2 ליטר-,תנובה - פריניב,,מיץ תפוזים סחוט שמוט,ליטרים,2.00,ליטר,false,,23.90,11.9500,true,1,2379226
7290016682366,false,פריניב מיץ תפוחים צלול 2 ליטר.,תנובה - פריניב,,מיץ תפוח צלול 2 ליטר,ליטרים,2.00,ליטר,false,,15.90,7.9500,true,1,2379227
7290016682373,false,משקה קל לימונדה בלאדי 2 ליטר פריניב,תנובה - פריניב,,מיץ לימונדה בלדי 2 ל,ליטרים,2.00,ליטר,false,,15.90,7.9500,true,1,2379228
7290016682380,false,מיץ טבעי לימונדה ולואיזה פרי ניב 2 ליטר-,תנובה - פריניב,,מיץ לימונדה לואיזה ו,ליטרים,2.00,ליטר,false,,15.90,7.9500,true,1,2379229
7290016682397,false,מיץ חמוציות פרי ניב 2 ליטר-,תנובה - פריניב,,מיץ חמוציות 2 ליטר,ליטרים,2.00,ליטר,false,,15.90,7.9500,true,1,2379230
7290016717044,false,"יין מוסקטו סלקטד באז כרמל 750 מ""ל",אגודת הכורמים -כרמל מזרחי,,יין מנגו,מיליליטרים,750.00,"100 מ""ל",false,,24.90,0.0332,true,1,2231051
7290016717051,false,משקה Buzz מוגז בטעם רימון מבוסס יין אדום מתוק,אגודת הכורמים -כרמל מזרחי,,יין רימון באזז,מיליליטרים,750.00,"100 מ""ל",false,,24.90,0.0332,true,1,2294709
7290016717099,false,"יין כרמל סלקטד אדום חצי יבש, 750 מ""ל",אגודת הכורמים בעמ,,יין סלקטד אדום,מיליליטרים,750.00,"100 מ""ל",false,,24.90,0.0332,true,1,1483801
7290016717235,false,יין קונקורד אדום ממותק קינג דיוויד - בקבוק אישי,יקבי כרמל Carmel Winery,,קונקורד קינג דויד,מיליליטרים,187.00,"100 מ""ל",false,,5.90,0.0316,true,1,2294683
7290016717631,false,יין מוסקטו בעל חוזק אלכוהול נמוך פרייבט קולקשן,אגודת הכורמים הקואופרטיב,,יין מוסקטו,מיליליטרים,750.00,"100 מ""ל",false,,38.90,0.0519,true,1,2087043
7290016717754,false,יין היובל ישן נושן יקבי כרמל (750 מל),אגודת הכורמים הקואופרטיב,,יין ישן נושן,מיליליטרים,750.00,"100 מ""ל",false,,18.90,0.0252,true,1,2018556
7290016717976,false,יין ספארקלינג בטעם אפרסק 750 מל BUZZ,אגודת הכורמים -כרמל מזרחי,,יין ספארקלינג,מיליליטרים,750.00,"100 מ""ל",false,,24.90,0.0332,true,1,2303457
7290016865943,false,אטריות ביצים פטוציני אוריינט 400 גרם,גורי מוצרי צריכה 1991 בעמ,,פסטה ביצים פטוצ'ילי,גרמים,400.00,100 גרם,false,,9.90,0.0248,true,1,1744587
7290016866445,false,תערובת קמח תופח 500גר ללא גלוטן,גורי מוצרי צריכה (1991) בעמ,,קמח תופח 500 גר' חדש,גרמים,500.00,100 גרם,false,,14.90,0.0298,true,1,1502656
7290016866643,false,פרודונטקס מ.שיניים אקסטרה פרש 75 מל,פרודונטקס Parodontax,,משחת שיניים פרודונטק,מיליליטרים,75.00,"100 מ""ל",false,,29.90,0.3987,true,1,1950440
7290016866650,false,"פרודונטקס - משחת שיניים אוריג'ינל 75 מ""ל",פרודונטקס Parodontax,,משחת שיניים פרודונטק,מיליליטרים,75.00,"100 מ""ל",false,,29.90,0.3987,true,1,1950441
7290016866674,false,"פרודונטקס - משחת שיניים מלבינה 75 מ""ל",פרודונטקס Parodontax,,משחת שיניים פרודונטק,מיליליטרים,75.00,"100 מ""ל",false,,29.90,0.3987,true,1,1950443
7290016866704,false,סטייל שמפו קרטין E 750 מל לשיקום שיער יב,גורי ע.ע.ע בעמ,,שמפו קרטין סטייל E 7,מיליליטרים,750.00,"100 מ""ל",false,,24.90,0.0332,true,1,1820399
7290016866711,false,סטייל מרכך קרטין E 750 מל לשיקום שיער יב,גורי ע.ע.ע בעמ,,מרכך קרטין סטייל E 7,מיליליטרים,750.00,"100 מ""ל",false,,24.90,0.0332,true,1,1820400
7290016866728,false,סטייל מסכה קרטין E 500 מל לשיקום שיער יב,גורי ע.ע.ע בעמ,,מסכת קרטין סטייל E 5,מיליליטרים,500.00,"100 מ""ל",false,,29.90,0.0598,true,1,1820401
7290016866735,false,סטייל קרם לחות קרטין E 400 מל לשיקום שיע,א.ל. ארמן,,קרם לחות סטייל קרטין,מיליליטרים,500.00,"100 מ""ל",false,,29.90,0.0598,true,1,1820402
7290016882421,false,קונפיטורה אפרסק 70% פרי 450גר,דין שיווק וקליה 2021 בעמ,,קונפיטורה 450 גרם אפ,גרמים,450.00,100 גרם,false,,12.90,0.0287,true,1,1730798
7290016912494,false,"ד""ר פישר - אפקטיב קר תרחיץ פנים לכל סוגי העור 180 מ""ל","פישר תעשיות פרמצביטות בע""מ",,תרחיץ פנים אפקטיב קר,מיליליטרים,180.00,"100 מ""ל",false,,17.90,0.0994,true,1,1789867
7290016912623,false,סרקל מרכך לילדים לשיער בהיר - בלונדיני,פישר תעשיות פרמבצטיות בעמ,,מרכך סרקל 1 ליטר בלו,ליטרים,1.00,ליטר,false,,28.90,28.9000,true,1,1789892
7290017020785,false,בקבוק להכנת משקה שוקו,סיטי תוספי מזון,,בקבוק פאוארטק להכנת,גרמים,37.00,100 גרם,false,,12.90,0.3486,true,1,2328040
7290017023229,false,רביעיית פחיות שוופס מוגז פירות תות ליים 330 מל.,יפאורה שותפות מוגבלת לשיווק,,רבעיית פחיות שוופס מ,ליטרים,1.32,ליטר,false,,11.90,9.0152,true,1,1901829
7290017023236,false,רביעיית פחיות שוופס מוגז פירות ענבים 330 מל.,יפאורה שותפות מוגבלת לשיווק,,רבעיית פחיות שוופס מ,ליטרים,1.32,ליטר,false,,11.90,9.0152,true,1,1901830
7290017023526,false,שוופס מוגז פירות תפוחים ללא סוכר 330 מל,שוופס Schweppes,,שוופס מוגז פירות 330,מיליליטרים,330.00,"100 מ""ל",false,,5.90,0.0179,true,1,1932647
7290017023663,false,"שוופס מיץ פירות לימונייד פחית מארז 330X4מ""ל",יפאורה שותפות מוגבלת לשיווק,,רבעיית פחיות שוופס מ,ליטרים,1.32,ליטר,false,,11.90,9.0152,true,1,1991171
7290017023816,false,"ספרינג  פירות טרופיים 250 מ""ל רביעייה",יפאורה שותפות מוגבלת לשיווק,,ספרינג תות בננה 250,ליטרים,1000.00,ליטר,false,,11.90,0.0119,true,1,2405131
7290017023823,false,"רביעיית ספרינג תות בננה 250 מ""ל",יפאורה שותפות מוגבלת לשיווק,,ספרינג תות בננה 250,ליטרים,1000.00,ליטר,false,,11.90,0.0119,true,1,2405132
7290017023854,false,מי סודה בקבוקים אישיים - מארז 4 יח',יפאורה שותפות מוגבלת לשיווק,,רביעיית סודה שוופס 2,ליטרים,1.00,ליטר,false,,10.90,10.9000,true,1,2145809
7290017023861,false,סודה בטעם לימון בקבוקים אישיים - מארז 4 יח',יפאורה שותפות מוגבלת לשיווק,,רביעיית סודה לימון ש,מיליליטרים,1000.00,"100 מ""ל",false,,10.90,0.0109,true,1,2145810
7290017023878,false,סודה בטעם נענע ליים בקבוקים אישיים - מארז 4 יח',יפאורה שותפות מוגבלת לשיווק,,רביעיית סודה נענע לי,ליטרים,1.00,ליטר,false,,10.90,10.9000,true,1,2145811
7290017031170,false,פתיתים על בסיס קמח עדשים אדומות בצורת פוזילי ללא גלוטן 250 גר',גורי מוצרי צריכה בעמ,,פוזוילי עדשים,גרמים,200.00,100 גרם,false,,9.90,0.0495,true,1,2321024
7290017031262,false,G FREE חטיפי דגנים ואורז עם חמאת בוטנים ללא גלוטן 140 גרם,אמקו,,"חטיף ע""ב דגנים אורז",גרמים,140.00,100 גרם,false,,14.90,0.1064,true,1,1950474
7290017031323,false,"אטריות ביצים פפרדלה 400 מ""ל",גורי מוצרי צריכה 1991 בעמ,,איטריות ביצים פפרדלה,גרמים,400.00,100 גרם,false,,9.90,0.0248,true,1,1861939
7290017031477,false,"סנסודיין משחת שיניים רפיד רליף להלבנה 75 מ""ל","סמיתקליין ביצ'ם בע""מ",,משחת שיניים סנסודיין,מיליליטרים,75.00,"100 מ""ל",false,,23.90,0.3187,true,1,2185311
7290017031705,false,"סנסודיין משחת שיניים קלין & פרש 75 מ""ל",גלקסוס סמית קליין,,משחת שיניים סנסודיין,מיליליטרים,75.00,"100 מ""ל",false,,19.90,0.2653,true,1,2084258
7290017031811,false,פרודונטקס מברשת שיניים אקסטרא סופט א.זוג,גלקסוסמיתקליין,,זוג מברשות שיניים פר,יחידה,0.00,יחידה,false,,24.90,0.0000,true,1,2273400
7290017031859,false,"פרודונטקס - משחת שיניים אולטרא קלין 75 מ""ל","מאסטרפוד אוסטריה בע""מ",,משחת שיניים פרודונטק,מיליליטרים,75.00,"100 מ""ל",false,,29.90,0.3987,true,1,2084259
7290017040301,false,קורונפלקס טבעות דגנים עם דבש 375 גר`,דין שיווק וקליה 2021 בעמ,,קורנפלקס טבעות דגנים,גרמים,375.00,100 גרם,false,,10.90,0.0291,true,1,2400936
7290017058139,false,רביעיית מחית תפוח עץ ותות שדה תומר 113 גרם,תומר יבוא ושיווק מוצרי מזון (1,,"רסק תפו""ח עם תות שדה",גרמים,452.00,100 גרם,false,,9.90,0.0219,true,1,1827609
7290017058146,false,רסק תפוע רביעייה עם אפרסק תומר,תומר יבוא ושיווק מוצרי מזון (1,,"רסק תפו""ח עם אפרסק 4",גרמים,452.00,100 גרם,false,,9.90,0.0219,true,1,1827610
7290017058160,false,שימורי אנשובי עם צ'ילי חריף 45 ג' תומר,תומר,,אנשובי עם צילי חריף,גרמים,45.00,100 גרם,false,,4.90,0.1089,true,1,1740048
7290017058511,false,ממרח זיתים שחורים יווני,תומר,,ממרח זיתים שחורים,גרמים,200.00,100 גרם,false,,11.90,0.0595,true,1,1999775
7290017058528,false,ממרח זיתים ירוקים יווני,תומר,,ממרח זיתים ירוקים,גרמים,200.00,100 גרם,false,,11.90,0.0595,true,1,1999776
7290017058535,false,ממרח זיתי קלמטה יווני,תומר,,ממרח זיתי קלמטה,גרמים,200.00,100 גרם,false,,11.90,0.0595,true,1,1999763
7290017058573,false,תומר פרוסות פלפל חלפיניו בחומץ 340 גרם,תומר יבוא ושיווק מוצרי מזון (1,,פרוסות פלפל חלפיניו,גרמים,340.00,100 גרם,false,,7.90,0.0232,true,1,2277422
7290017062105,false,ג'ל אלוורה להרגעה ורענון העור,פרפקט Perfect,,ג'ל אלוורה 200,מיליליטרים,200.00,"100 מ""ל",false,,14.90,0.0745,true,1,1655202
7290017062266,false,תחליב רחצה Fresh Spa בניחוח חלב ודבש,פרפקט Perfect,,תחליב רחצה פרפקט בני,מיליליטרים,700.00,"100 מ""ל",false,,9.90,0.0141,true,1,1959634
7290017062280,false,תחליב רחצה Fresh Spa בניחוח חלב ושמן זית,פרפקט Perfect,,תחליב רחצה פרפקט בני,מיליליטרים,700.00,"100 מ""ל",false,,9.90,0.0141,true,1,1959636
7290017065007,false,פרוסות גבינה מוצרלה חצי קשה 22% שומן 200 ג' גד,מחלבות גד שיווק 1992 בעמ,,מוצרלה פרוסה גד 200,גרמים,200.00,100 גרם,false,,16.90,0.0845,true,1,1554328
7290017065137,false,ריקוטה למריחה 5% טבעית 200 גר`מחלבות גד,מחלבות גד שיווק 1992 בעמ,,גבינת ריקוטה 5% טבעי,גרמים,200.00,100 גרם,false,,8.90,0.0445,true,1,1856708
7290017065144,false,ריקוטה למריחה בתוספת בזיליקום 5% גד 200 גם,מחלבות גד שיווק 1992 בעמ,,גבינת ריקוטה 5% עם ב,גרמים,200.00,100 גרם,false,,8.90,0.0445,true,1,1856714
7290017065168,false,גבינה כחולה denish blue cheese 100 גרם,מחלבות גד שיווק 1992 בעמ,,גבינה כחולה גד 100 ג,גרמים,100.00,100 גרם,false,,15.90,0.1590,true,1,1919608
7290017065175,false,גבינת מנצ`גו פרוסה 150 גר`מחלבות גד,מחלבות גד שיווק 1992 בעמ,,גבינת מנצ'גו פרוסה 3,גרמים,150.00,100 גרם,false,,21.50,0.1433,true,1,1919613
7290017065212,false,גבינת קרם מסקרפונה מחלבות גד 250 גר,מחלבות גד שיווק 1992 בעמ,,קרם מסקרפונה להקצפה,גרמים,250.00,100 גרם,false,,16.90,0.0676,true,1,1920312
7290017065236,false,גבינה בולגרית מעודנת 24% גד (250 גרם),מחלבות גד שיווק 1992 בעמ,,בולגרית מעודנת 24% 2,גרמים,250.00,100 גרם,false,,21.90,0.0876,true,1,1919615
7290017065311,false,פרוסות גבינה מוצרלה מעושנת 200 ג',מחלבות גד שיווק 1992 בעמ,,פרוסות מוצרלה מעושנת,גרמים,200.00,100 גרם,false,,18.90,0.0945,true,1,1920307
7290017065380,false,גרנה פדנו שבבים 100 גר`מחלבות גד,מחלבות גד שיווק 1992 בעמ,,גבינה גרנה פדנו שבבי,גרמים,100.00,100 גרם,false,,13.90,0.1390,true,1,2187293
7290017065434,false,גבינה גאודה פרוסה הולנדית 200 גר',מחלבות גד שיווק 1992 בעמ,,גבינה גאודה הולנדית,גרמים,200.00,100 גרם,false,,19.90,0.0995,true,1,2286994
7290017065441,false,גבינה גאודה עיזים פרוסה הולנדית 200 גר',מחלבות גד שיווק 1992 בעמ,,גבינת גאודה עיזים 20,גרמים,200.00,100 גרם,false,,29.90,0.1495,true,1,2286995
7290017065526,false,קוואטרו פורמאג'י 4 גבינות מגוררות 26%,מחלבות גד שיווק 1992 בעמ,,גבינות קוואטרו פורמא,גרמים,300.00,100 גרם,false,,25.90,0.0863,true,1,2286996
7290017065588,false,יוגורט יווני 600 גר`מחלבות גד,מחלבות גד שיווק 1992 בעמ,,יוגורט יווני 600 גרם,גרמים,600.00,100 גרם,false,,15.90,0.0265,true,1,2303684
7290017065618,false,גבינת פקורינו פרוס גד 150 גרם,מחלבות גד שיווק 1992 בעמ,,גבינת פקורינו פרוס 1,גרמים,150.00,100 גרם,false,,19.90,0.1327,true,1,2303674
7290017065649,false,קרם פטיסייר מחלבות גד,מחלבות גד שיווק 1992 בעמ,,קרם פטיסייר 250 גרם,גרמים,250.00,100 גרם,false,,19.90,0.0796,true,1,2303676
7290017065731,false,גבינת שמנת 30% ניו יורק +כמהין 200 גרם רבנות,מחלבות גד שיווק 1992 בעמ,,גבינת שמנת ניו יורק,יחידה,0.00,יחידה,false,,12.90,0.0000,true,1,2352336
7290017065762,false,גבינת מאנורי 30% שומן 100 גר`מחלבות גד,מחלבות גד שיווק 1992 בעמ,,מאנורי גד,גרמים,100.00,100 גרם,false,,10.90,0.1090,true,1,2399990
7290017065786,false,גבינה אנגלית קשה צ`דר 210 גר`גד,מחלבות גד שיווק 1992 בעמ,,צדר,גרמים,200.00,100 גרם,false,,18.90,0.0945,true,1,2399991
7290017065861,false,קאצ`יו אה פפה רוטב פיקורינו ופלפל שחור 2,מחלבות גד שיווק 1992 בעמ,,קאצ'יו אה פפה,גרמים,200.00,100 גרם,false,,14.90,0.0745,true,1,2404936
7290017065878,false,רוטב לפסטה מק אנד צ'יז גד 200 גרם,מחלבות גד שיווק 1992 בעמ,,מק אנד ציז,גרמים,200.00,100 גרם,false,,14.90,0.0745,true,1,2404937
7290017065960,false,רוטב פורצ'יני מחלבות גד 200 גרם,מחלבות גד שיווק 1992 בעמ,,רוטב פורצ'יני,גרמים,200.00,100 גרם,false,,14.90,0.0745,true,1,2429092
7290017068138,false,שקדים מולבנים שבבים 250 גרם,מיה,,שקדים שבבים 250 גרם,גרמים,250.00,100 גרם,false,,18.90,0.0756,true,1,1999286
7290017068367,false,שמרים בוואקום 125 גרם,מיה תעשיות מזון מ.ת.מ בעמ,,שמרים,גרמים,125.00,100 גרם,false,,4.90,0.0392,true,1,2349898
7290017068374,false,שמרים יבשים בואקום מיה 500 גרם,מיה תעשיות מזון מ.ת.מ. בעמ,,שמרים בוואקים,גרמים,500.00,100 גרם,false,,9.90,0.0198,true,1,2245135
7290017068848,false,סוכריות קישוט לעוגה צבעוני מיה 200 גרם,מיה תעשיות מזון מ.ת.מ. בעמ,,סוכריות קישוט לעוגה,גרמים,200.00,100 גרם,false,,7.90,0.0395,true,1,2333796
7290017068886,false,סוכריות ג`לי דובונים בציפוי שמן 350גר,מיה תעשיות מזון מ.ת.מ. בעמ,,סוכריות ג'לי דובונים,גרמים,350.00,100 גרם,false,,14.90,0.0426,true,1,2333797
7290017068893,false,סוכריות ג`לי דגיגים בציפוי סוכר 350גר,מיה תעשיות מזון מ.ת.מ. בעמ,,סוכריות ג'לי דגיגים,גרמים,350.00,100 גרם,false,,14.90,0.0426,true,1,2333798
7290017068909,false,סוכריות ג`לי לבבות בציפוי שמן 350גר,מיה תעשיות מזון מ.ת.מ. בעמ,,סוכריות ג'לי לבבות,גרמים,350.00,100 גרם,false,,14.90,0.0426,true,1,2333799
7290017068923,false,סוכריות ג`לי בינס קרנבל 375גר,מיה תעשיות מזון מ.ת.מ. בעמ,,סוכריות ג'לי בינס קר,גרמים,375.00,100 גרם,false,,14.90,0.0397,true,1,2333801
7290017068947,false,"אורז יסמין סלקטד 1 ק""ג",,,אורז יסמין סלקטד 1 ק,קילוגרמים,1.00,"ק""ג",false,,18.90,18.9000,true,1,2332052
7290017068978,false,שיבולת שועל מלאה להכנה מהירה מיה 500 גרם,מיה תעשיות מזון מ.ת.מ. בעמ,,שיבולת שועל מלאה להכ,גרמים,500.00,100 גרם,false,,9.90,0.0198,true,1,2333787
7290017068985,false,שיבולת שועל מלאה עבה 500 גר בזיפר מיה,מיה תעשיות מזון מ.ת.מ. בעמ,,שיבולת שועל מלאה עבה,גרמים,500.00,100 גרם,false,,9.90,0.0198,true,1,2333788
7290017068992,false,ערמונים קלופים וקלויים 100 גרם,מיה תעשיות מזון מ.ת.מ בעמ,,ערמונים קלופיים וקלו,גרמים,100.00,100 גרם,false,,5.90,0.0590,true,1,2350776
7290017079189,false,חתיכות אננס דק במיץ אננס 825 גר` טעמן,טעמן שיווק מזון בעמ,,חתיכות אננס דק במיץ,גרמים,825.00,100 גרם,false,,10.90,0.0132,true,1,2408720
7290017079615,false,עגבניות קוביות טעמן 400 גרם,ביו ברדה אס אר אל,,עגבניות קוביות טעמן,יחידה,0.00,יחידה,false,,14.90,0.0000,true,1,2428824
7290017079639,false,עגבניות קצוצות שלישייה,ביו ברדה אס אר אל,,עגבניות קצוצות טעמן,יחידה,0.00,יחידה,false,,14.90,0.0000,true,1,2428825
7290017079677,false,שוקולד חלב 270 גרם טעמן,טעמן שווק מזון בעמ,,שוקולד חלב,גרמים,270.00,100 גרם,false,,11.90,0.0441,true,1,2395284
7290017079684,false,שוקולד מריר 270 גרם טעמן,טעמן שווק מזון בעמ,,שוקולד מריר,גרמים,270.00,100 גרם,false,,11.90,0.0441,true,1,2395285
7290017079691,false,שוקולד חלב עם אגוזים 270 גרם טעמן,טעמן שווק מזון בעמ,,שוקולד חלב עם אגוזים,גרמים,270.00,100 גרם,false,,11.90,0.0441,true,1,2398911
7290017079707,false,שוקולד מריר עם אגוזים 270 גרם טעמן,טעמן שווק מזון בעמ,,שוקולד מריר עם אוגזי,גרמים,270.00,100 גרם,false,,11.90,0.0441,true,1,2395286
7290017079714,false,שוקולד חלב עם בוטנים 270 גרם טעמן,טעמן שווק מזון בעמ,,שוקולד מריר עם בוטני,גרמים,270.00,100 גרם,false,,11.90,0.0441,true,1,2395287
7290017079769,false,מחית תפוח עץ ובננה בפאוץ פריטוב קידס,פרוטה פודיוין איי.אס,,מחית פאו'ץ תפוח עץ ב,גרמים,120.00,100 גרם,false,,3.90,0.0325,true,1,2310216
7290017079790,false,מחיות פאוץ' פירות מעורבים פריטוב 120 גרם,פרוטה פודיוין איי.אס,,מחית פאו'ץ פירות מעו,גרמים,120.00,100 גרם,false,,3.90,0.0325,true,1,2310219
7290017086057,false,כדורי פלאפל קציצות טבעוני 400 גרם,פייס אוף ביין,,"כדורי פלאפל ""קציצות",גרמים,400.00,100 גרם,false,,19.90,0.0497,true,1,2333959
7290017086064,false,כדורי פלאפל פיקנטי קציצות טבעוני 400 גרם,פיס אוף בין Peas of Bean,,כדורי פלאפל פיקנטי,גרמים,400.00,100 גרם,false,,19.90,0.0497,true,1,2333960
7290017088006,false,מטליות לניקוי וחיטוי אמבטיה ושירותים בניחוח לבנדר,פרפקט Perfect,,מטליות לניקוי וחיטוי,יח',50.00,יח',false,,9.90,0.1980,true,1,1786317
7290017088051,false,בייביסיטר - חיתולי סטנדרט מידה 3 - 52 יח',די.פי.אל תעשיות מוצרים ח,,חיתולים בייביסיטר מי,יח',50.00,יח',false,,34.90,0.6980,true,1,1920280
7290017088068,false,בייביסיטר - חיתולי סטנדרט מידה 4 - 42 יח',די.פי.אל תעשיות מוצרים ח,,חיתולים בייביסיטר מי,יח',42.00,יח',false,,34.90,0.8310,true,1,1920281
7290017088075,false,בייביסיטר - חיתולי סטנדרט מידה 4+ - 40 יח',די.פי.אל תעשיות מוצרים ח,,חיתולים בייביסיטר מי,יח',40.00,יח',false,,34.90,0.8725,true,1,1920282
7290017088082,false,בייביסיטר - חיתולי סטנדרט מידה 5 - 36 יח',די.פי.אל תעשיות מוצרים ח,,חיתולים בייביסיטר מי,יח',36.00,יח',false,,34.90,0.9694,true,1,1920283
7290017088099,false,בייביסיטר - חיתולי סטנדרט מידה 6 - 30 יח',די.פי.אל תעשיות מוצרים ח,,חיתולים בייביסיטר מי,יח',34.00,יח',false,,34.90,1.0265,true,1,1920284
7290017088495,false,תחבושות טופ פד אקסטרה 20 יח',שקד תבל בעמ,,טופ-פד אקסטרה,יח',20.00,יח',false,,9.90,0.4950,true,1,2319933
7290017088501,false,תחבושות טופ פד אקסטרה לונג 20 יח',שקד תבל בעמ,,טופ-פד אקסטרה לונג,יח',20.00,יח',false,,9.90,0.4950,true,1,2319934
7290017088686,false,מגבון ידיים אלקו קאר,,,מגבון ידיים קניסטר 7,מיליליטרים,40.00,"100 מ""ל",false,,12.90,0.3225,true,1,2298161
7290017088693,false,קוויק מטליות לחות לניקוי וחיטוי רצפות ניחוח לוונדר 10 יחידות,שקד תבל בעמ,,קוויק מטליות לחות לנ,יח',10.00,יח',false,,9.90,0.9900,true,1,2298788
7290017088815,false,בריז תחבושות לבריחת שתן נורמל 12 יח,שקד תבל בעמ,,BREEZE תחבושות נורמל,יח',12.00,יח',false,,16.90,1.4083,true,1,2358009
7290017088822,false,BREEZE תחבושות לבריחת שתן אקסטרה (10 יח'),שקד תבל בעמ,,BREEZE תחבושות אקסטר,יח',10.00,יח',false,,16.90,1.6900,true,1,2358010
7290017088839,false,BREEZE תחבושות לבריחת שתן אקסטרה פלוס (8 יח'),שקד תבל בעמ,,BREEZE תחבושות אקסטר,יח',8.00,יח',false,,16.90,2.1125,true,1,2358011
7290017088846,false,BREEZE תחבושות לבריחת שתן מקסי (8 יח'),שקד תבל בעמ,,BREEZE תחבושות מקסי,יח',8.00,יח',false,,16.90,2.1125,true,1,2358012
7290017088969,false,חיתולי בייביסיטר ניו בורן מידה 1 42 יח',די.פי.אל תעשיות מוצרים ח,,חיתולים בייביסיטר NB,יח',42.00,יח',false,,25.90,0.6167,true,1,2379909
7290017088983,false,חיתולי בייביסיטר ניו בורן מידה 2 38 יחי',די.פי.אל תעשיות מוצרים ח,,חיתולים בייביסיטר NB,יח',38.00,יח',false,,25.90,0.6816,true,1,2379910
7290017094199,false,סלט קוביות חציל ברוטב שמיר 200 גרם,"סלטי שמיר 2006 בע""מ",,מעדן חצילים,גרמים,200.00,100 גרם,false,,9.90,0.0495,true,1,2380911
7290017105369,false,סירופ דיאט בטעם תה אפרסק יכין (1 ליטר),זנלכל בעמ,,סירופ דיאט אייס טי א,ליטרים,1.00,ליטר,false,,16.90,16.9000,true,1,2305423
7290017106069,false,"קוביות סלק יכין, 550 גרם",היינץ צפון אמריקה מק,,קוביות סלק 550 גרם,גרמים,550.00,100 גרם,false,,9.90,0.0180,true,1,2297724
7290017121048,false,"פלפל צ'ומה 250 גרם ""עללחם""",שטראוס גרופ בעמ/מצונן,,פלפל צ'ומה 250 גרם,גרמים,250.00,100 גרם,false,,12.90,0.0516,true,1,2224241
7290017121093,false,"אריסה חריפה 250 גרם ""עללחם""",שטראוס גרופ בעמ/מצונן,,אריסה חריפה 250 גרם,גרמים,250.00,100 גרם,false,,12.90,0.0516,true,1,2224242
7290017129495,false,אגו מיקס כדורי תירס מצופים שוקולד חלב כרמית 55 גרם,כרמית תעשיות ממתקים בעמ,,אגו מיקס כדורי תירס,גרמים,55.00,100 גרם,false,,3.90,0.0709,true,1,1893765
7290017129501,false,אגו מיקס כדורי תירס מצופים שוקולד לבן כרמית 55 גרם,כרמית תעשיות ממתקים בעמ,,אגו מיקס כדורי תירס,גרמים,55.00,100 גרם,false,,3.90,0.0709,true,1,1893766
7290017129518,false,אגו מיקס כדורי תירס מצופים שוקולד חלב ולבן כרמית 55 גרם,כרמית תעשיות ממתקים בעמ,,אגו מיקס כדורי תירס,גרמים,55.00,100 גרם,false,,3.90,0.0709,true,1,1893767
7290017129532,false,סוכריות לקקן תות 90 גרם כרמית,כרמית תעשיות ממתקים בעמ,,לקקן תות 90 גרם,גרמים,90.00,100 גרם,false,,4.90,0.0544,true,1,2050277
7290017129549,false,סוכריות לקקן גלידה כרמית 90 גרם,כרמית תעשיות ממתקים בעמ,,לקקן גלידה 90 גרם,גרמים,90.00,100 גרם,false,,4.90,0.0544,true,1,2050278
7290017129624,false,כרמית לקקן ענבים תפוח 450 גרם,כרמית תעשיות ממתקים בעמ,,לקקן בטעם תפוח ענבים,גרמים,450.00,100 גרם,false,,18.90,0.0420,true,1,2050280
7290017129754,false,"שוקולד מריר מעולה 70% מוצקי קקאו 100 גר בד""ץ",כרמית תעשיות ממתקים בעמ,,שוקולד מריר מעולה אג,גרמים,100.00,100 גרם,false,,7.90,0.0790,true,1,1950400
7290017129761,false,שוקולד פרימיום 70% מריר בטעם תפוז כרמית 100 גרם,כרמית תעשיות ממתקים בעמ,,שוקולד מריר תפוז אגו,גרמים,100.00,100 גרם,false,,7.90,0.0790,true,1,1950405
7290017129778,false,שוקולד פרימיום 70% מריר בטעם קפה כרמית 100 גרם,כרמית תעשיות ממתקים בעמ,,שוקולד מריר קפה אגו,גרמים,100.00,100 גרם,false,,7.90,0.0790,true,1,1950406
7290017129822,false,מטבעות שוקולד מריר כרמית 36 גרם,כרמית תעשיות ממתקים בעמ,,מטבעות שוקולד,גרמים,36.00,100 גרם,false,,3.90,0.1083,true,1,2053704
7290017129839,false,שוקולד פרימיום 70% מריר בטעם פטל כרמית 100 גרם,כרמית תעשיות ממתקים בעמ,,שוקולד מריר פטל אגו,גרמים,100.00,100 גרם,false,,7.90,0.0790,true,1,1950407
7290017129846,false,עוגיות מיני קוקיס בטעם קרמל בצנצנת כרמית 600 גרם,כרמית תעשיות ממתקים בעמ,,עוגיות מיני קוקיס בט,גרמים,600.00,100 גרם,false,,18.90,0.0315,true,1,1960683
7290017129877,false,מיקס 40 יחידות לקקנים שטוחים כרמית 180 גרם,כרמית תעשיות ממתקים בעמ,,מיקס לקקנים,גרמים,300.00,100 גרם,false,,12.90,0.0430,true,1,2053705
7290017129983,false,שוקולד צ'יפס לבן פרווה כרמית 250 גרם,כרמית תעשיות ממתקים בעמ,,שוקולד ציפס 250 גרם,גרמים,250.00,100 גרם,false,,12.90,0.0516,true,1,2273213
7290017142012,false,"שמן קוקוס אורגני כתית 500מ""ל עץ הזית",סוגת תעשיות בעמ,,שמן קוקוס אורגני 500,מיליליטרים,500.00,"100 מ""ל",false,,39.90,0.0798,true,1,1884606
7290017142029,false,שמן קוקוס אורגני כתית1 ליטר עץ הזית,אקספולנקה,,שמן קוקוס אורגני 1 ל,ליטרים,1.00,ליטר,false,,59.90,59.9000,true,1,1884607
7290017142128,false,"שמן זית כתית מעולה קלאסי עץ הזית 750 מ""ל",סוגת תעשיות בעמ,,"שמן זית 750 מ""ל קלאס",מיליליטרים,750.00,"100 מ""ל",false,,32.90,0.0439,true,1,2061642
7290017142159,false,"שלישיית נתחי טונה בהירה בשמן זית 80 גרם ""עץ הזית""",הנסיך- מפעל לייצור ט,,נתחי טונה בהירה בשמן,גרמים,240.00,100 גרם,false,,23.90,0.0996,true,1,1979119
7290017142166,false,"פילה טונה פרוס עם שמן זית 120 גרם ""עץ הזית""","יוניקורד ח.צ בע""מ",,פילה טונה בשמן זית 1,גרמים,120.00,100 גרם,false,,14.90,0.1242,true,1,2236399
7290017142180,false,פילה טונה בשמן זית בטעם לימון עם פלפל שחור 120 ג',"יוניקורד ח.צ בע""מ",,פילה טונה בשמן זית ב,גרמים,120.00,100 גרם,false,,14.90,0.1242,true,1,2236405
7290017142203,false,"פילה טונה פרוס עם שמן זית בטעם מעושן 120 גרם ""עץ הזית""","יוניקורד ח.צ בע""מ",,פילה טונה בשמן זית ב,גרמים,120.00,100 גרם,false,,14.90,0.1242,true,1,2236406
7290017142289,false,תרסיס שמן חמניות 200 מל ללא תוספת גז עץ,י.ב טכנולוגיות אריזה בעמ,,תרסיס שמן חמניות מזו,מיליליטרים,200.00,"100 מ""ל",false,,12.90,0.0645,true,1,2113231
7290017142340,false,שמן זרעי ענבים מזוכך 1 ליטר עץ הזית*,אף.ג'\יי.סנצ'\ז סוקחורס,,שמן זרעי ענבים מזוכך,מיליליטרים,1000.00,"100 מ""ל",false,,29.90,0.0299,true,1,2286531
7290017142364,false,"שמן דלעת לא מזוכך עץ הזית 250 מ""ל",סוגת תעשיות בעמ,,"שמן זרעי דלעת 250 מ""",מיליליטרים,250.00,"100 מ""ל",false,,39.90,0.1596,true,1,2286523
7290017142388,false,שמן חמניות פלוס אומגה 3 עץ הזית 1 ליטר,סוגת תעשיות בעמ,,שמן חמניות פלוס אומג,ליטרים,1.00,ליטר,false,,15.90,15.9000,true,1,2266984
7290017142395,false,"LUNCH TO GO פסטה עם טונה בשמן זית 160 גרם ""עץ הזית""",יוניקורד ח.צ בעמ,,פסטה עם טונה,גרמים,160.00,100 גרם,false,,12.90,0.0806,true,1,2286517
7290017142401,false,"LUNCH TO GO קינואה לבנה ואדומה טונה בשמן זית 160 גרם ""עץ הזית""",ג'נרל מילס סאן אדריא,,קינואה לבנה ואדומה ע,גרמים,160.00,100 גרם,false,,12.90,0.0806,true,1,2322672
7290017142456,false,מארז נתחי טונה בהירה בשמן זית 2 * 160 ג' עץ הזית,יוניקורד ח.צ בעמ,,נתחי טונה בהירה בשמן,גרמים,320.00,100 גרם,false,,27.90,0.0872,true,1,2286525
7290017142487,false,"LUNCH TO GO בורגול עם חומוס טונה בשמן זית 160 גרם ""עץ הזית""",יוניקורד ח.צ בעמ,,בורגול וגרגרי חומוס,גרמים,160.00,100 גרם,false,,12.90,0.0806,true,1,2351299
7290017142500,false,תרסיס שמן זית כתית מעולה בטעם שום 150מל,קומטמפ קומפניה פורטו,,תרסיס שמן זית בטעם ש,מיליליטרים,150.00,"100 מ""ל",false,,16.90,0.1127,true,1,2416900
7290017142609,false,"תרסיס שמן זית בטעם לימון עץ הזית 150 מ""ל",סוגת תעשיות בעמ,,תרסיס שמן זית בטעם ל,מיליליטרים,150.00,"100 מ""ל",false,,16.90,0.1127,true,1,2416901
7290017197777,false,מגבוני טואלט לחים להיגיינה אישית- מארז שלישייה,פרפקט Perfect,,מגבונים לחים להי,יח',144.00,יח',false,,12.90,0.0896,true,1,2090999
7290017197784,false,מגבונים לחים לעור רגיש ללא בישום - מארז רביעיה,פרפקט Perfect,,רביעיית מגבונים סנסט,יח',288.00,יח',false,,14.90,0.0517,true,1,1942785
7290017217031,false,נובי שלישיית כפיות מסיליקון רך,אינטרסן (1996) בעמ,,שלישיית כפיות מסיליק,יחידה,0.00,יחידה,false,,29.90,0.0000,true,1,2308107
7290017217710,false,"שיפודי במבוק יקיטורי 15 ס""מ 100 יחידות",אינטרסן 1996 בעמ,,שיפודי במבוק 100 יח',יח',100.00,יח',false,,7.90,0.0790,true,1,2303458
7290017217727,false,שיפודי במבוק בינוני 100 יחידות בינוני,אינטרסן 1996 בעמ,,שיפודי במבוק 100 יח',יח',100.00,יח',false,,9.90,0.0990,true,1,2303459
7290017236551,false,משחת כלים אמה 3.5 קג לימון,עיסא ערטול בעמ,,משחה כלים אמה לימון,קילוגרמים,3.50,"ק""ג",false,,22.90,6.5429,true,1,1821222
7290017236568,false,משחת כלים אמה 3.5 קג סמדר,עיסא ערטול בעמ-סוכן הנקל סוד,,משחה כלים אמה סמדר 3,קילוגרמים,3.50,"ק""ג",false,,22.90,6.5429,true,1,1821223
7290017253213,false,שלישייה פרשיס 60 מגבוני נייר טואלט לחים,,,מגבוני נייר טואלט לח,"י""ח",180.00,"י""ח",false,,19.90,0.1106,true,1,2349298
7290017266909,false,וופלים מעולים במילוי קרם בטעם שוקולד SUNי 200 גרם,ח.כהן סוכנות מזון ומשקאות בע,,וופלים במילוי קרם בט,גרמים,200.00,100 גרם,false,,4.90,0.0245,true,1,2416890
7290017266916,false,וופלים מעולים במילוי קרם בטעם לימון SUNי 200 גרם,ח.כהן סוכנות מזון ומשקאות בע,,וופלים במילוי קרם בט,גרמים,200.00,100 גרם,false,,4.90,0.0245,true,1,2416891
7290017275338,false,טחינה גולמית 500 טורקיז אחווה*,אחדות ביתחרושת לטחינה חלבה,,טחינה גולמית 500 גרם,גרמים,500.00,100 גרם,false,,10.90,0.0218,true,1,2378638
7290017275345,false,"טחינה גולמית בבקבוק לחיץ , 350 גרם אחווה",אחדות ביתחרושת לטחינה חלבה,,טחינה בבקבוק לחיץ 35,גרמים,350.00,100 גרם,false,,8.90,0.0254,true,1,2389388
7290017275369,false,טורקיז- טחינה משומשום מלא 500 גרם,אחדות ביתחרושת לטחינה חלבה,,טחינה משומשום מלא 50,גרמים,500.00,100 גרם,false,,10.90,0.0218,true,1,2378639
7290017275741,false,חלווה עם אגוזי לוז במגש 400 גר אחווה,אחדות ביתחרושת לטחינה חלבה,,חלווה עם אגוזי לוז 4,גרמים,400.00,100 גרם,false,,12.90,0.0323,true,1,2422804
7290017296142,false,גרנולה חלבה ושוקולד פנינה רוזנבלום 400 גרם,"פנינה רוזנבלום בע""מ",,גרנולה חלבה ושוקולד,גרמים,400.00,100 גרם,false,,22.90,0.0572,true,1,2302616
7290017296159,false,גרנולה תפוח וקינמון 400גר,"פנינה רוזנבלום בע""מ",,גרנולה תפוח וקינמון.,גרמים,400.00,100 גרם,false,,22.90,0.0572,true,1,2302617
7290017297149,false,גרגירי חומוס להכנת חומוס ביתי פרי הגליל 550 גרם,ויטה- פרי גליל (החדשה) בעמ,,גרגירי חומוס להכנת ח,גרמים,550.00,100 גרם,false,,6.90,0.0125,true,1,2325489
7290017297187,false,לקט ירקות להקפצה( 800 גר`)פרי הגליל,ויטה -פרי גליל (החדשה) בעמ,,לקט ירקות להקפצה 800,גרמים,800.00,100 גרם,false,,14.90,0.0186,true,1,2329017
7290017297194,false,לקט לקט ירקות לתנור פרי הגליל 800 ג',ויטה- פרי גליל (החדשה) בעמ,,לקט ירקות לתנור 800,גרמים,800.00,100 גרם,false,,14.90,0.0186,true,1,2329024
7290017297200,false,לקט כפרי תוספת לעוף( 800 גר`)פרי הגליל,ויטה- פרי גליל (החדשה) בעמ,,לקט ירקות לצד העוף 8,גרמים,800.00,100 גרם,false,,14.90,0.0186,true,1,2329018
7290017297217,false,עדשים ירוקות מושרות מבושלות ומקפאות פרי הגליל 800 ג',ויטה- פרי גליל (החדשה) בעמ,,עדשים ירוקות,גרמים,800.00,100 גרם,false,,14.90,0.0186,true,1,2330969
7290017297224,false,"שעועית אדומה מושרית, מבושלת ומוקפאת",ויטה- פרי גליל (החדשה) בעמ,,שעועית אדומה פרי הגל,גרמים,800.00,100 גרם,false,,12.90,0.0161,true,1,2332565
7290017297323,false,רוטב עגבניות מרוכז 100 גר' 22 BX טל וטרי,ויטה- פרי גליל (החדשה) בעמ,,רוטב עגבניות מרוכז ט,גרמים,100.00,100 גרם,false,,1.50,0.0150,true,1,2369594
7290017297330,false,"טל רוטב עגבניות מרוכז, 240 גרם",ויטה- פרי גליל (החדשה) בעמ,,רוטב עגבניות מרוכז,גרמים,240.00,100 גרם,false,,3.50,0.0146,true,1,2394863
7290017297378,false,גרעיני תירס מתוק ללא תוספת סוכר ומלח,פרי הגליל,,תירס ללא סוכר ומלח,גרמים,550.00,100 גרם,false,,6.90,0.0125,true,1,2382942
7290017297620,false,רסק עגבניות טל וטרי 570 גרם,ויטה- פרי גליל (החדשה) בעמ,,רוטב עגבניות 22BX A2,גרמים,570.00,100 גרם,false,,5.90,0.0104,true,1,2380910
7290017297637,false,רכז עגבניות A2 BX28 טל וטרי 580 גר',ויטה-פרי גליל (החדשה) בעמ,,רוטב עגבניות 28BX,גרמים,580.00,100 גרם,false,,6.50,0.0112,true,1,2380919
7290017297644,false,ברוקולי קפוא גרין אנד פרש 800 גר',ויטה- פרי גליל (החדשה) בעמ,,ברוקולי green & fres,גרמים,800.00,100 גרם,false,,15.90,0.0199,true,1,2382050
7290017297682,false,כרובית מוקפאת גרין אנד פרש 800 גר',ויטה- פרי גליל (החדשה) בעמ,,כרובית green & fresh,גרמים,800.00,100 גרם,false,,14.90,0.0186,true,1,2382051
7290017297743,false,צ'יפס אמריקאי 800 ג' פרי הגליל,"פרי הגליל בע""""מ",,ציפס אמריקאי פרי הגל,גרמים,800.00,100 גרם,false,,9.90,0.0124,true,1,2386882
7290017303482,false,מלאווח שחף 700 גרם,,,מלאווח 700 גרם-שחף,גרמים,700.00,100 גרם,false,,12.90,0.0184,true,1,2364423
7290017303499,false,בורקס פטריות שחף 800,,,בורקס פטריות 800 גרם,גרמים,800.00,100 גרם,false,,12.90,0.0161,true,1,2364431
7290017325347,false,מקלות בייגלה מכוסמין מלא אורגני 200 גרם,"אם החיטה בע""\מ",,מקלות ביילגה כמקמח כ,גרמים,350.00,100 גרם,false,,16.90,0.0483,true,1,2287212
7290017325583,false,קוסקוס כוסמין אורגני 350 גרם הרדוף,הרדוף,,קוסקוס כוסמין אורגני,גרמים,350.00,100 גרם,false,,14.90,0.0426,true,1,2287214
7290017325613,false,"משקה שיבולת שועל אורגני הרדוף לל""ג 1 ליטר",סוי מג'יק,,משקה שובילת שועל אור,מיליליטרים,1000.00,"100 מ""ל",false,,11.90,0.0119,true,1,2406993
7290017325897,false,"משקה סויה במתיקות מעודנת לל""ג אורגני 1 ל",ליקואטס,,משקה סויה במתיקות מע,מיליליטרים,1000.00,"100 מ""ל",false,,11.90,0.0119,true,1,2407004
7290017361253,false,קומקום פלסטיק חדיש ל,המילטון Hemilton,,קומקום פלסטיק חדיש ל,יחידה,0.00,יחידה,false,,59.90,0.0000,true,1,2400533
7290017374390,false,סט שירותים טורינו,מ.א.ייצור ויבוא מטליות בעמ,,סט שירותים טורינו,יחידה,0.00,יחידה,false,,24.90,0.0000,true,1,2308468
7290017374727,false,מברשת אבק מיקרופייבר,,,מברשת אבק מיקרופייבר,יח',1.00,יח',false,,9.90,9.9000,true,1,2308469
7290017374925,false,מטאטא אמור AMOR + מק,מ.א.ייצור ויבוא מטליות בעמ,,מטאטא אמור+מקל,יחידה,0.00,יחידה,false,,24.90,0.0000,true,1,2308470
7290017433059,false,קולפן שוויצרי גוליאן ארקוסטיל Y,,,קולפן Y שווצרי,יחידה,0.00,יחידה,false,,24.90,0.0000,true,1,2296753
7290017433295,false,סכין ילדים,,,סכין ילדים,יחידה,0.00,יחידה,false,,34.90,0.0000,true,1,2322161
7290017440231,false,סרקל שמפו לילדים לשיער מתולתל 1 ליטר,"פישר תעשיות פרמצביטות בע""מ",,שמפו סרקל 1 ליטר מתו,ליטרים,1.00,ליטר,false,,28.90,28.9000,true,1,2042906
7290017440248,false,סרקל מרכך לילדים לשיער מתולתל 1 ליטר,"פישר תעשיות פרמצביטות בע""מ",,מרכך סרקל 1 ליטר מתו,ליטרים,1.00,ליטר,false,,28.90,28.9000,true,1,2042911
7290017440286,false,"ד""ר פישר - קידס מרכך ויטמינים 750 מ""ל","פישר תעשיות פרמצביטות בע""מ",,"מרכך קידס 750 מ""ל",מיליליטרים,750.00,"100 מ""ל",false,,16.90,0.0225,true,1,2263293
7290017440309,false,"ד""ר פישר - קידס שמפו ויטמינים 750 מ""ל","פישר תעשיות פרמצביטות בע""מ",,"שמפו קידס 750 מ""ל",מיליליטרים,750.00,"100 מ""ל",false,,16.90,0.0225,true,1,2263294
7290017440323,false,"ד""ר פישר - קידס שמפו + מרכך ויטמינים 750 מ""ל",פישר תעשיות פרמצבטיות בעמ,,שמפו+מרכך קידס 750 מ,מיליליטרים,750.00,"100 מ""ל",false,,16.90,0.0225,true,1,2263295
7290017440682,false,ד.פישר בלונד שמפו לשיער בהיר,פישר תעשיות פרמבצטיות בעמ,,שמפו לשיער בלונד 400,מיליליטרים,400.00,"100 מ""ל",false,,29.90,0.0747,true,1,2286001
7290017440699,false,ד.פישר בלונד מרכך לשיער בהיר 400 מל,"פישר תעשיות פרמצביטות בע""מ",,מרכך לשיער בלונד 400,מיליליטרים,400.00,"100 מ""ל",false,,29.90,0.0747,true,1,2286002
7290017440798,false,ד.פישר סילבר מרכך לשיער כסוף 400 מל,"פישר תעשיות פרמבצטיות בע""מ",,מרכך לשיער כסוף 400,מיליליטרים,400.00,"100 מ""ל",false,,29.90,0.0747,true,1,2238310
7290017440965,false,אל סבון היגייני לניקוי יסודי ולהזנת העור clean & nourish,"פישר תעשיות פרמבצטיות בע""מ",,קמיל בלו אל סבון ניק,ליטרים,1.00,ליטר,false,,15.90,15.9000,true,1,2237438
7290017457574,false,כדוריות סבון נתלה לאסלה בניחוח פרחים - 3 יח',גורי שיווק בעמ,,סוד כדוריות אסלה,יח',3.00,יח',false,,19.90,6.6333,true,1,2228484
7290017457581,false,"סוד מרכך כביסה מרוכז קוקוס 900 מ""ל",גורי שיווק בעמ,,סוד מרכך כביסה 20%+ב,מיליליטרים,900.00,"100 מ""ל",false,,11.90,0.0132,true,1,2233448
7290017457727,false,"סוד כחול מרכך כביסה מרוכז20%+בישום 900 מ""ל",גורי שיווק בעמ,,סוד מרכך כביסה 20%+ב,מיליליטרים,900.00,"100 מ""ל",false,,11.90,0.0132,true,1,2233452
7290017457734,false,"סוד ורוד מרכך כביסה מרוכז20%+בישום 900 מ""ל",גורי שיווק בעמ,,סוד מרכך כביסה 20%+ב,מיליליטרים,900.00,"100 מ""ל",false,,11.90,0.0132,true,1,2233453
7290017457949,false,"פרסיל א.כ לבגדי תינוקות ולבעלי עור רגיש 2.5 ק""ג",קריות זול,,אבקת כביסה פרסיל שקי,קילוגרמים,2.50,"ק""ג",false,,28.90,11.5600,true,1,2328408
7290017477244,false,שקד מולבן טחון 180 גרם,דין שיווק,,שקדים מולבן טחון 180,גרמים,180.00,100 גרם,false,,19.90,0.1106,true,1,1941186
7290017477268,false,שקדים מולבן משובב 20,דין שיווק,,שקדים מולבן משובב 20,גרמים,200.00,100 גרם,false,,19.90,0.0995,true,1,1941188
7290017477275,false,גרעיני חמניה קלופים קלויים 200 גרם,דין שיווק,,גרעיני חמנייה קלופים,גרמים,200.00,100 גרם,false,,9.90,0.0495,true,1,1941189
7290017477299,false,תערובת געלה שקדיה 20,דין שיווק וקליה 2021 בעמ,,ג'עלה 200 גרם,גרמים,200.00,100 גרם,false,,9.90,0.0495,true,1,1941191
7290017477305,false,זרעי צ`יה 250 גר`שקדיה,דין שיווק וקליה 2021 בעמ,,זרעי צ'יה 250 גרם,גרמים,250.00,100 גרם,false,,9.90,0.0396,true,1,1941192
7290017477350,false,תערובת לסלט ירוק 200 גרם,דין שיווק וקליה 2021 בעמ,,תערובת לסלט ירוק 200,גרמים,200.00,100 גרם,false,,9.90,0.0495,true,1,1941193
7290017477367,false,מטבעות שוקולד לבן לאפייה 300 גר`שקדיה,דין שיווק וקליה 2021 בעמ,,מטבעות שוקולד לבן לא,גרמים,300.00,100 גרם,false,,12.90,0.0430,true,1,1941922
7290017477374,false,מטבעות שוקולד חלב לאפייה 300 גר`שקדיה,דין שיווק וקליה 2021 בעמ,,מטבעות שוקולד חלב לא,גרמים,300.00,100 גרם,false,,12.90,0.0430,true,1,1941923
7290017477381,false,מטבעות שוקולד מריר 45% לאפיה שקדיה 300 גרם,דין שיווק וקליה 2021 בעמ,,מטבעות שוקולד מריר 4,גרמים,300.00,100 גרם,false,,12.90,0.0430,true,1,1941924
7290017477558,false,"שמן זית כתית מעולה אספניולה 750 מ""ל",דין שיווק וקליה 2021 בעמ,,שמן זית כתית מעולה 7,מיליליטרים,750.00,"100 מ""ל",false,,29.90,0.0399,true,1,2408509
7290017513393,false,תה ירוק ספירולינה וצמחים ירוקים 25 שקי,תה ויסוצקי (ישראל) בעמ,,תה ירוק בתוספת ספירו,יחידה,0.00,יחידה,false,,22.90,0.0000,true,1,2280427
7290017513409,false,תה ירוק SUPER GREEN 87 גרםבטעם אוכמניות ואסאי,תה ויסוצקי (ישראל) בעמ,,תה ירוק עם צמחים סגו,יחידה,0.00,יחידה,false,,22.90,0.0000,true,1,2280428
7290017513485,false,מחית עגבניות רוסטיקה גרנד איטליה 680 גרם,תה ויסוצקי (ישראל) בעמ,,מחית עגבניות רוסטיקה,גרמים,680.00,100 גרם,false,,10.90,0.0160,true,1,2281772
7290017513775,false,פליפז בייגלה מצופה שוקולד חלב מקוויטיס 140 גרם,תה ויסוצקי (ישראל) בעמ,,בייגלה מצופה שוקולד,גרמים,140.00,100 גרם,false,,8.90,0.0636,true,1,2287138
7290017513782,false,פליפז בייגלה מצופה שוקולד מריר מקוויטיס 140 גרם,תה ויסוצקי (ישראל) בעמ,,בייגלה מצופה שוקולד,גרמים,140.00,100 גרם,false,,8.90,0.0636,true,1,2287139
7290017513829,false,תה ירוק לימונית ג'ינג'ר 25 שקיקים בתוספת ויטמין Cּּ+D,תה ויסוצקי (ישראל) בעמ,,תה ירוק לימונית ג'ינ,גרמים,37.50,100 גרם,false,,22.90,0.6107,true,1,2325441
7290017513850,false,תה ירוק נענע 25 שקיקים בתוספת ויטמינים Cּּ+D,תה ויסוצקי (ישראל) בעמ,,תה ירוק נענע בתוספת,גרמים,37.50,100 גרם,false,,22.90,0.6107,true,1,2325442
7290017516295,false,חטיף חלבון פרוטאין אגוז לוז שוקולד 50 גר,י.איטליאנו אחזקות בעמ,,חטיף פרוטאין אגוז לו,גרמים,50.00,100 גרם,false,,9.90,0.1980,true,1,2329781
7290017516318,false,חטיפ בריאות פרוטאין שוקולד 50 גר`פנגיאה,י.איטליאנו אחזקות בעמ,,חטיף פרוטאין שוקולד,גרמים,50.00,100 גרם,false,,9.90,0.1980,true,1,2329782
7290017516332,false,חטיפ בריאות פרוטאין חמאת בוטנים 50 גר`פ,י.איטליאנו אחזקות בעמ,,חטיף פרוטאין חמאת בו,גרמים,50.00,100 גרם,false,,9.90,0.1980,true,1,2329783
7290017516424,false,שוקלד + פנגיאה שוקולד קוקוס ואגוזי לוז 300 גרם,י.איטליאנו אחזקות בעמ,,שוקלד + פנגיאה שוקול,גרמים,300.00,100 גרם,false,,29.90,0.0997,true,1,2329784
7290017516431,false,שוקולד+ פנגיאה שוקולד קוקוס שקדים וקפה 300 גרם,י.איטליאנו אחזקות בעמ,,שוקלד + פנגיאה שוקול,גרמים,300.00,100 גרם,false,,29.90,0.0997,true,1,2329785
7290017516479,false,חטיפ בריאות וניל קפה 50 גר`פרוטאין פנגי,י.איטליאנו אחזקות בעמ,,חטיף פרוטאין וניל קפ,גרמים,50.00,100 גרם,false,,9.90,0.1980,true,1,2329787
7290017516486,false,פנגיאה פרוטאין טרופי 50 גרם,פנגיאה,,חטיף פרוטאין טרופי פ,גרמים,50.00,100 גרם,false,,9.90,0.1980,true,1,2329788
7290017516509,false,חטיפ בריאות קרמל מלוח 50 גר`פרוטאין פנג,י.איטליאנו אחזקות בעמ,,חטיף פרוטאין קרמל מל,גרמים,50.00,100 גרם,false,,9.90,0.1980,true,1,2331520
7290017520315,false,ערק מרקש רוזטה שקדים,,,משקה מרקש רוזטה,מיליליטרים,750.00,"100 מ""ל",false,,54.90,0.0732,true,1,2330679
7290017589374,false,"פרי ראן שרדונה 750 מ""ל",סי.זי.איי.אס בעמ,,יין יוקרתי שרדונה 75,מיליליטרים,750.00,"100 מ""ל",false,,55.90,0.0745,true,1,2108715
7290017589565,false,"ברקן, גוורצטרמינר לבן חצי יבש 750 מל",יקבי ברקן שיווק והפצ,,יין קלאסיק גוורצטרמי,מיליליטרים,750.00,"100 מ""ל",false,,39.90,0.0532,true,1,2149103
7290017589633,false,"רזרב גולד אדישיין קברנה סוביניון 750 מ""ל",טמפו משקאות בעמ,,יין רזרב קברנה גולד,מיליליטרים,750.00,"100 מ""ל",false,,59.90,0.0799,true,1,2151699
7290017589923,false,פרי ראן גוורצטרמינר750מל,"יקב סגל בע""\מ",,FREE RUN יין גוורצטי,מיליליטרים,750.00,"100 מ""ל",false,,55.90,0.0745,true,1,2285174
7290017599229,false,ממתיק סוכרלוז 200 טבליות סוכרזית,שטראוס גרופ בע`מ,,סוכרזית סוכרלוז 200,גרמים,365.00,100 גרם,false,,20.90,0.0573,true,1,2380020
7290017599236,false,סוכרזית סיטיוויה 200 טבליות,סנו מפעלי ברונוס.,,סוכרזית סטיוויה 200,גרמים,365.00,100 גרם,false,,24.90,0.0682,true,1,2380032
7290017599267,false,סוכרלוז 120 שקיות ממתיק שולחני,שטראוס גרופ בע`מ,,סוכרזית סוכרלוז 120,גרמים,120.00,100 גרם,false,,23.90,0.1992,true,1,2409624
7290017599274,false,סוכרזית סטיוויה 120שקיות 100גרם,שטראוס גרופ בע`מ,,סוכרזית סטיוויה 120,גרמים,120.00,100 גרם,false,,35.90,0.2992,true,1,2409625
7290017617084,false,סטארקיסט מיקס טוגו טונה עם שעועית 185 גרם,דיפלומט מפיצים (1968) בעמ**,,טונה סטארקיסט מיקס ט,גרמים,185.00,100 גרם,false,,13.90,0.0751,true,1,2335615
7290017617091,false,סטארקיסט מיקס טוגו טונה עם פתיתים 185 גרם,דיפלומט מפיצים (1968) בעמ**,,טונה סטארקיסט מיקס ט,גרמים,185.00,100 גרם,false,,13.90,0.0751,true,1,2335616
7290017617107,false,סטארקיסט מיקס טוגו טונה עם 4 דגנים 185 גרם,דיפלומט מפיצים (1968) בעמ**,,טונה סטארקיסט מיקס ט,גרמים,185.00,100 גרם,false,,13.90,0.0751,true,1,2335617
7290017617138,false,רביעיית טונה סטארקיסט בשמן קנולה דל נתרן 160 גרם,דיפלומט מפיצים (1968) בעמ**,,טונה סטארקיסט רביעיה,גרמים,640.00,100 גרם,false,,24.90,0.0389,true,1,2325993
7290017617282,false,נתחי טונה בהירה בשמן צמחי - מארז 4 יח',סטארקיסט דיפלומט היינץ,,טונה יונה רביעיות 14,גרמים,560.00,100 גרם,false,,17.90,0.0320,true,1,2385439
7290017617411,false,סטארקיסט מיקס סלמון עם אורז מלא וירקות 160 גרם,דיפלומט מפיצים (1968) בעמ**,,סטארקיסט נתחי סלמון,גרמים,160.00,100 גרם,false,,14.90,0.0931,true,1,2402783
7290017617428,false,סטארקיסט מיקס סלמון עם פסטה ברוטב עגבניות 160 גרם,דיפלומט מפיצים (1968) בעמ**,,סטארקיסט נתחי סלמון,גרמים,160.00,100 גרם,false,,14.90,0.0931,true,1,2402784
7290017617435,false,סטארקיסט מיקס סלמון עם עדשים קינואה וירק 160 גרם,דיפלומט מפיצים (1968) בעמ**,,סטארקיסט נתחי סלמון,גרמים,160.00,100 גרם,false,,14.90,0.0931,true,1,2402785
7290017618111,false,עוגיות שקדים עם טריפל שוקולד 200 גר לחמי,קונדטוריות לחמי,,עוגיות מלבן שקדים עם,גרמים,180.00,100 גרם,false,,18.90,0.1050,true,1,2128323
7290017619293,false,מטהר גומא אפור זהב מ,,,מפיץ ריח אפור זהב,יחידה,0.00,יחידה,false,,22.90,0.0000,true,1,2295386
7290017619316,false,גומא אפור גבוה מוסקו מקלות,מוסקו,,מפיץ ריח אפור גבוה,יחידה,0.00,יחידה,false,,22.90,0.0000,true,1,2295388
7290017619781,false,סלסלת קש לבן טבעי,,,סלסלת קש לבן טבעי,יחידה,0.00,יחידה,false,,39.90,0.0000,true,1,2282587
7290017637365,false,ספריי לשיער לסירוק ק,,,ספריי לשיער לסירוק ק,מיליליטרים,200.00,"100 מ""ל",false,,9.90,0.0495,true,1,2344197
7290017637372,false,שמפו לסירוק קל פרפק,,,שמפו לסירוק קל פרפק,מיליליטרים,700.00,"100 מ""ל",false,,9.90,0.0141,true,1,2392013
7290017637556,false,שמפו CLEANSING לקרקפת שומנית מיקי בוגנים,סאסאטק אגשח בעמ - סאסא MB,,שמפו לקרקפת שומנית M,מיליליטרים,500.00,"100 מ""ל",false,,23.90,0.0478,true,1,2400316
7290017637563,false,שמפו לתלתלים מושלמים 500 מל מיקי בוגנים,סאסאטק אגשח בעמ - סאסא MB,,שמפו לתלתלים מושלמים,מיליליטרים,500.00,"100 מ""ל",false,,23.90,0.0478,true,1,2400304
7290017637570,false,מרכך לתלתלים מושלמים 500 מל מיקי בוגנים,סאסאטק אגשח בעמ - סאסא MB,,מרכך לתלתלים מושלמים,מיליליטרים,500.00,"100 מ""ל",false,,23.90,0.0478,true,1,2400317
7290017637587,false,קרם CURLS לתלתלים מושלמים מיקי בוגנים 20,סאסאטק אגשח בעמ - סאסא MB,,קרם לתלתלים מושלמים,מטרים,200.00,100 מ'ל,false,,23.90,0.1195,true,1,2400327
7290017637594,false,שמפו יומיומי זיכרונות מתוקים 500 מל,סאסאטק אגשח בעמ - סאסא MB,,שמפו לשיער רגיל MB S,מיליליטרים,500.00,"100 מ""ל",false,,23.90,0.0478,true,1,2400305
7290017637600,false,מרכך יומיומי זיכרונות מתוקים 500 מל,סאסאטק אגשח בעמ - סאסא MB,,מרכך לשיער רגיל MB S,מיליליטרים,500.00,"100 מ""ל",false,,23.90,0.0478,true,1,2400306
7290017637617,false,מסיכת הזנה לשיער מיקי בוגנים 250 מל,סאסאטק אגשח בעמ - סאסא MB,,מסיכת הזנה לשיער רגי,מטרים,250.00,100 מ'ל,false,,27.90,0.1116,true,1,2400318
7290017637624,false,מרכך יומיומי יסמין קסום 500 מל בוגנים,סאסאטק אגשח בעמ - סאסא MB,,שמפו לשיער רגיל MB M,מיליליטרים,500.00,"100 מ""ל",false,,23.90,0.0478,true,1,2400307
7290017637631,false,מרכך יומיומי יסמין קסום 500 מל בוגנים,סאסאטק אגשח בעמ - סאסא MB,,מרכך לשיער רגיל MB M,מיליליטרים,500.00,"100 מ""ל",false,,23.90,0.0478,true,1,2400308
7290017637662,false,שמפו שימר להדגשת גוונים בהיר מיקי בוגנים 500 מל,סאסטק מיקי בוגנים,,שמפו להדגשת גוונים ז,מיליליטרים,500.00,"100 מ""ל",false,,23.90,0.0478,true,1,2400321
7290017637679,false,מרכך שימר להדגשת גוונים בהיר מיקי בוגנים 500 מל,סאסטק מיקי בוגנים,,מרכך להדגשת גוונים ז,מיליליטרים,500.00,"100 מ""ל",false,,23.90,0.0478,true,1,2400322
7290017641744,false,"חטיפי קרח גדולים בטעמי פטל, לימון, ענבים ואננס",כרמית תעשיות ממתקים בעמ,,שלוקים איגלו סטיקס,מיליליטרים,800.00,"100 מ""ל",false,,5.90,0.0074,true,1,2305492
7290017671628,false,מיכל מרובע,,,מיכל מרובע,יחידה,0.00,יחידה,false,,19.90,0.0000,true,1,2283809
7290017672038,false,מלמין קערה אובלית 25,,,מלמין קערה אובלית 25,יחידה,0.00,יחידה,false,,24.90,0.0000,true,1,2322179
7290017675008,false,"טחינה גולמית 1 ק""ג שכם היונה",היונה,,טחינה היונה 900 גרם,גרמים,900.00,100 גרם,false,,19.90,0.0221,true,1,1959754
7290017677804,false,"רוטב סויה קיקומן ללא חומרים משמרים 444 מ""ל",דיפלומט מפיצים (1968) בעמ**,,רוטב סויה קיקומן 444,מיליליטרים,444.00,"100 מ""ל",false,,19.90,0.0448,true,1,2242066
7290017677811,false,"רוטב סויה קיקומן ללא חומרים משמרים 296 מ""ל",דיפלומט מפיצים (1968) בעמ**,,רוטב סויה קיקומן 296,מיליליטרים,296.00,"100 מ""ל",false,,17.90,0.0605,true,1,2242067
7290017682020,false,"מגב תחנות דלק 20 ס""מ",,,"מגב תחנות דלק 20 ס""מ",יחידה,0.00,יחידה,false,,14.90,0.0000,true,1,2308471
7290017682334,false,מטאטא ריץ' + מקל 1.5,,,מטאטא ריץ'+מקל,יחידה,0.00,יחידה,false,,19.90,0.0000,true,1,2308472
7290017682617,false,"מגב 40 ס""מ עם תפס להצמדה סחבה",מ.א.ייצור ויבוא מטליות בעמ,,"מגב עם תפסן 40 ס""מ+מ",יחידה,0.00,יחידה,false,,19.90,0.0000,true,1,2308460
7290017682624,false,מגב עם תפסן+ מקל( 50 סמ) CLING,מ.א.ייצור ויבוא מטליות בעמ,,"מגב עם תפסן 50 ס""מ+מ",יחידה,0.00,יחידה,false,,24.90,0.0000,true,1,2308461
7290017682648,false,מגב חד להב עם תוספן+מקל (40 סמ)pvc on,מ.א.ייצור ויבוא מטליות בעמ,,מגב חד להב עם תופסן,יחידה,0.00,יחידה,false,,24.90,0.0000,true,1,2308474
7290017682655,false,מגב חד להב עם תופסן,,,מגב חד להב עם תופסן,יחידה,0.00,יחידה,false,,29.90,0.0000,true,1,2308866
7290017682945,false,מגב חד להב סיליקון silicone one,מ.א.ייצור ויבוא מטליות בעמ,,מגב חד להב סיליקון+מ,יחידה,0.00,יחידה,false,,34.90,0.0000,true,1,2308475
7290017712192,false,פרמיו שימורי מזון מלא עם נתחי פילה עוף ו,שחורי אריה ואנסטסיה,,פרמיו נתחי פילה עוף,גרמים,100.00,100 גרם,false,,3.90,0.0390,true,1,2423568
7290017712208,false,פרמיו נתחי פילה עוף וברווז 100 גר,שחורי אריה ואנסטסיה,,פרמיו פילה ברווז 100,גרמים,100.00,100 גרם,false,,3.90,0.0390,true,1,2423569
7290017712215,false,פרמיו שימורי מזון מלא עם עוף לחתלתול 100,שחורי אריה ואנסטסיה,,פרמיו מוס עוף לחתלתו,גרמים,100.00,100 גרם,false,,3.90,0.0390,true,1,2423570
7290017712260,false,פרמיו פטה סלמון לכלב 150ג',שחורי אריה ואנסטסיה,,פרמיו פטה סלמון לכלב,גרמים,150.00,100 גרם,false,,3.90,0.0260,true,1,2423574
7290017712277,false,פרמיו שימורי מזון מלא עם כבש במרקם פטה פ,שחורי אריה ואנסטסיה,,פרמיו פטה כבש לכלב 1,גרמים,150.00,100 גרם,false,,3.90,0.0260,true,1,2423575
7290017712574,false,הוריזן עוף לחתלתול 85 גרם,שחורי אריה ואנסטסיה,,הורייזן עוף לחתלתול,גרמים,85.00,100 גרם,false,,3.90,0.0459,true,1,2423579
7290017712581,false,הורייזן עוף לחתול מעדן,הורייזן Horizon,,הורייזן עוף לחתול מע,גרמים,85.00,100 גרם,false,,3.90,0.0459,true,1,2423580
7290017712598,false,הוריזן סלמון לחתול 85 גרם,שחורי אריה ואנסטסיה,,הורייזן סלמון לחתול,גרמים,85.00,100 גרם,false,,3.90,0.0459,true,1,2423581
7290017712604,false,הורייזן בקר לחתול מעדן,הורייזן Horizon,,הורייזן בקר לחתול מע,גרמים,85.00,100 גרם,false,,3.90,0.0459,true,1,2423582
7290017712659,false,הוריזן עוף לגור כלבים ננסי 100 גר`,שחורי אריה ואנסטסיה,,הורייזן עוף לגור כלב,גרמים,100.00,100 גרם,false,,3.90,0.0390,true,1,2423583
7290017712666,false,הוריזן בקר לכלב ננסי 100 גר`,שחורי אריה ואנסטסיה,,הורייזן בקר לכלב ננס,גרמים,100.00,100 גרם,false,,3.90,0.0390,true,1,2423584
7290017712680,false,הוריזן עוף לכלב ננסי 100 גר`,שחורי אריה ואנסטסיה,,הורייזן עוף לכלב ננס,גרמים,100.00,100 גרם,false,,3.90,0.0390,true,1,2423586
7290017712734,false,פרמיו לגור חתולים עוף וכבד,שחורי אריה ואנסטסיה,,פרמיו גור עוף וכבד 1,גרמים,100.00,100 גרם,false,,3.90,0.0390,true,1,2423591
7290017712741,false,פרמיו כבד 100 גר`,שחורי אריה ואנסטסיה,,פרמיו כבש 100ג',גרמים,100.00,100 גרם,false,,3.90,0.0390,true,1,2423592
7290017712758,false,פרמיו סלמון לחתול,שחורי אריה ואנסטסיה,,פרמיו סלמון 100ג',גרמים,100.00,100 גרם,false,,3.90,0.0390,true,1,2423593
7290017712765,false,פרימו סלמון ופורל לחתול,שחורי אריה ואנסטסיה,,פרמיו סלמון ופורל 10,גרמים,100.00,100 גרם,false,,3.90,0.0390,true,1,2423594
7290017712772,false,פרמיו ברק וכבד לחתול,שחורי אריה ואנסטסיה,,פרמיו בקר וכבד 100ג',גרמים,100.00,100 גרם,false,,3.90,0.0390,true,1,2423595
7290017712789,false,מזון חתולים פרמיו עם עוף במרקם פטה,שחורי אריה ואנסטסיה,,פרמיו סטירליז עוף 10,גרמים,100.00,100 גרם,false,,3.90,0.0390,true,1,2423596
7290017712796,false,פרמיו סטריליז דג קוד 100 גרם לחתול,שחורי אריה ואנסטסיה,,פרמיו סטירליז דג קוד,גרמים,100.00,100 גרם,false,,3.90,0.0390,true,1,2423597
7290017712864,false,פרמיו מקלות סלמון לכלב,פרמיו Premio,,פרמיו מקלות סלמון 10,גרמים,100.00,100 גרם,false,,14.90,0.1490,true,1,2423598
7290017712871,false,פרמיו קוביות סלמון ו,,,פרמיו קוביות סלמון ו,גרמים,100.00,100 גרם,false,,14.90,0.1490,true,1,2423599
7290017712901,false,פרמיו סלמון בייטס 10,,,פרמיו סלמון בייטס 10,גרמים,100.00,100 גרם,false,,14.90,0.1490,true,1,2423601
7290017715186,false,טורטיה חיטה מלאה תומר 320 גרם,,,"טורטיה קמח 20 ס""מ",גרמים,320.00,100 גרם,false,,9.90,0.0309,true,1,2335407
7290017715285,false,רסק תפוח עץ רביעייה עם דובדבן,תומר יבוא ושיווק מוצרי מזון (1,,"רסק תפו""ח עץ עם דובד",גרמים,452.00,100 גרם,false,,9.90,0.0219,true,1,2276461
7290017715964,false,"רביעיית מחית תפו""ע לל""ס ואפרסק תומר 490 גרם",Cherry growers inc,,"רסק תפו""ח דיאט אפרסק",גרמים,452.00,100 גרם,false,,9.90,0.0219,true,1,2320872
7290017724003,false,עוגיות גריסיני קצח אקלר,הלל בן הלל שיווק ומסחר בעמ,,גרסיני,גרמים,250.00,100 גרם,false,,22.90,0.0916,true,1,2358334
7290017724027,false,עוגיות אלפחורס 300 גרם,הלל בן הלל שיווק ומסחר בעמ,,עוגיות אלפא חורס,גרמים,300.00,100 גרם,false,,22.90,0.0763,true,1,2358277
7290017724041,false,עוגיות תותי פרוטי 200גרם,הלל בן הלל שיווק ומסחר בעמ,,עוגיות תותי פרוטי,גרמים,250.00,100 גרם,false,,22.90,0.0916,true,1,2358279
7290017724058,false,עוגיות מעדן תמר אגוז אקלר,הלל בן הלל שיווק ומסחר בעמ,,עוגיות מעדן תמר אגוז,גרמים,250.00,100 גרם,false,,22.90,0.0916,true,1,2358280
7290017724065,false,"עוגיות מעדן תפו""ע ואגוז אקלר",הלל בן הלל שיווק ומסחר בעמ,,"עוגיות מעדן תפו""ע וא",גרמים,250.00,100 גרם,false,,22.90,0.0916,true,1,2358324
7290017724072,false,עוגיות רולדה שוקולד תמר 200 גר`,הלל בן הלל שיווק ומסחר בעמ,,רולדה שוקולד תמר,גרמים,200.00,100 גרם,false,,22.90,0.1145,true,1,2358335
7290017724089,false,עוגיות ואן גוך אקלר 200 גרם,הלל בן הלל שיווק ומסחר בעמ,,עוגיות ואן גוך,גרמים,200.00,100 גרם,false,,22.90,0.1145,true,1,1363936
7290017724102,false,עוגיות סיגרים תמרים אקלר,הלל בן הלל שיווק ומסחר בעמ,,עוגיות סיגרים תמרים,גרמים,200.00,100 גרם,false,,22.90,0.1145,true,1,2358325
7290017724119,false,עוגיות אוזנים אקלר 200 גרם,הלל בן הלל שיווק ומסחר בעמ,,עוגיות אוזניים,גרמים,250.00,100 גרם,false,,22.90,0.0916,true,1,2358337
7290017724140,false,עוגיות שושנים אקלר 200 גרם,הלל בן הלל שיווק ומסחר בעמ,,עוגיות שושנים,גרמים,200.00,100 גרם,false,,22.90,0.1145,true,1,2358327
7290017724157,false,"עוגיות מעדן תפו""ע ללא סוכר אקלר",הלל בן הלל שיווק ומסחר בעמ,,"עוגיות מעדן תפו""ע לל",גרמים,200.00,100 גרם,false,,22.90,0.1145,true,1,2358347
7290017724164,false,עוגיות אוזניים ללא סוכר אקלר 200 גרם,הלל בן הלל שיווק ומסחר בעמ,,עוגיות אוזניים ללא ת,גרמים,200.00,100 גרם,false,,22.90,0.1145,true,1,2358338
7290017724171,false,עוגיות סנדביץ ריבה ללא סוכר אקלר 200 גרם,הלל בן הלל שיווק ומסחר בעמ,,עוגיות סנדביץ ריבה ל,גרמים,250.00,100 גרם,false,,22.90,0.0916,true,1,2358339
7290017724195,false,שטרודל פירות יבשים 250גר,הלל בן הלל שיווק ומסחר בעמ,,עוגיות שטרודל פירות,גרמים,250.00,100 גרם,false,,22.90,0.0916,true,1,2358328
7290017724201,false,עוגיות ואן גוך ללא סוכר אקלר,הלל בן הלל שיווק ומסחר בעמ,,עוגיות ואן גוך ללא ת,גרמים,250.00,100 גרם,false,,22.90,0.0916,true,1,2358348
7290017724218,false,עוגיות תמר אגוז ללא סוכר אקלר,הלל בן הלל שיווק ומסחר בעמ,,עוגיות מעדן תמר ללא,גרמים,200.00,100 גרם,false,,22.90,0.1145,true,1,2358349
7290017724232,false,עוגיות שומשומיות 200 גר`,הלל בן הלל שיווק ומסחר בעמ,,סומסומית,גרמים,200.00,100 גרם,false,,22.90,0.1145,true,1,2358340
7290017724256,false,עוגיות שומשיות ללא סוכר אקלר,הלל בן הלל שיווק ומסחר בעמ,,שומשומית ללא תוספת ס,גרמים,200.00,100 גרם,false,,22.90,0.1145,true,1,2358350
7290017724263,false,עוגיות בטוהבן ללא סוכר אקלר,הלל בן הלל שיווק ומסחר בעמ,,עוגיות בטהובן ללא תו,גרמים,300.00,100 גרם,false,,22.90,0.0763,true,1,2358351
7290017724270,false,עוגיות אשכול בריאות ללא סוכר אקלר,הלל בן הלל שיווק ומסחר בעמ,,עוגיות אשכול בריאות,גרמים,200.00,100 גרם,false,,22.90,0.1145,true,1,2358352
7290017724287,false,עוגיות אצבעות פקאן ללא סוכר אקלר,הלל בן הלל שיווק ומסחר בעמ,,אצבעות פאקן ללא תוספ,גרמים,250.00,100 גרם,false,,22.90,0.0916,true,1,2358357
7290017724294,false,עוגיות גרנולה צ`יפס חמוציות ללס 200 גר`,אקלר בעמ,,גרנולה ציפס חמוציות,גרמים,200.00,100 גרם,false,,22.90,0.1145,true,1,2358358
7290017724300,false,עוגיות גרנולה אקלר 200 גרם,הלל בן הלל שיווק ומסחר בעמ,,עוגיות גרנולה,גרמים,250.00,100 גרם,false,,22.90,0.0916,true,1,2358342
7290017758886,false,"מכסה סיליקון 20 ס""מ",,,"מכסה סיליקון 20 ס""מ",יחידה,0.00,יחידה,false,,21.90,0.0000,true,1,2367530
7290017812052,false,יין שיראז-קברנה סוביניון אקסלנס יקבי כרמל,אגודת הכורמים בעמ,,יין קברנה סוביניון א,מיליליטרים,750.00,"100 מ""ל",false,,24.90,0.0332,true,1,2085058
7290017812069,false,יין אמרלד ריזלינג שרדונה אקסלנס Excellence,אגודת הכורמים -כרמל מזרחי,,יין שרדונה אקסלנס רי,מיליליטרים,750.00,"100 מ""ל",false,,24.90,0.0332,true,1,2085059
7290017812373,false,יין שרדונה לבן יבש פרייבט קולקשן - בקבוק אישי,אגודת הכורמים -כרמל מזרחי,,שרדונה,מיליליטרים,375.00,"100 מ""ל",false,,17.90,0.0477,true,1,2294684
7290017812571,false,מיץ ענבים תירוש אדום 100% טבעי כרמל 1 ליטר,אגודת הכורמים -כרמל מזרחי,,מיץ ענבים תירוש אדום,ליטרים,1.00,ליטר,false,,19.90,19.9000,true,1,2294710
7290017812588,false,מיץ ענבים תירוש לבן 100% טבעי כרמל 1 ליטר,אגודת הכורמים -כרמל מזרחי,,מיץ ענבים תירוש לבן,ליטרים,1.00,ליטר,false,,19.90,19.9000,true,1,2294711
7290017812595,false,"יין ישן נושן לייט כרמל 3.5% אלכוהל 750 מ""ל",אגודת הכורמים בעמ,,יין ישן נושן לייט,מיליליטרים,750.00,"100 מ""ל",false,,18.90,0.0252,true,1,2294712
7290017812618,false,מיץ ענבים תירוש אדום רוזה כרמל 1 ליטר,אגודת הכורמים -כרמל מזרחי,,תירוש ענבים 1 ליטר,ליטרים,1.00,ליטר,false,,19.90,19.9000,true,1,2294713
7290017812656,false,"תירוש אדום מיץ ענבים מבעבע כרמל 750 מ""ל",ג'\קובז'\י איי.אי פיגלי,,תירוש מבעבע אדום,מיליליטרים,750.00,"100 מ""ל",false,,19.90,0.0265,true,1,2335938
7290017812663,false,"תירוש לבן מיץ ענבים מבעבע כרמל 750 מ""ל",ג'\קובז'\י איי.אי פיגלי,,תירוש מבעבע אדום,מיליליטרים,750.00,"100 מ""ל",false,,19.90,0.0265,true,1,2335939
7290017812847,false,"יין פרנץ גוורצטרמינר סלקטד כרמל 750 מ""ל",אגודת הכורמים -כרמל מזרחי,,יין סלקטד פקנץ גוורצ,מיליליטרים,750.00,"100 מ""ל",false,,24.90,0.0332,true,1,2330032
7290017812861,false,יין לבש יבש ( 750 מל) וינו,אגודת הכורמים -כרמל מזרחי,,יין לבן וינו,מיליליטרים,750.00,"100 מ""ל",false,,18.90,0.0252,true,1,2328534
7290017812878,false,"אקסלנס וזה -קברנה סוביניון כרמל 750 מ""ל",אגודת הכורמים בעמ,,יין אקסלנס רוזה,מיליליטרים,750.00,"100 מ""ל",false,,24.90,0.0332,true,1,2330037
7290017812885,false,"יין P.C סוביניון בלאן גוורצטרמינר כרמל 750 מ""ל",אגודת הכורמים א.ת אל,,יין סובניון בלאן,מיליליטרים,750.00,"100 מ""ל",false,,38.90,0.0519,true,1,2349782
7290017812977,false,"יין קריניאנו סלקטדאננס באז כרמל 750 מ""ל",אגודת הכורמים -כרמל מזרחי,,יין מבעבע באז אננס,מיליליטרים,750.00,"100 מ""ל",false,,24.90,0.0332,true,1,2353773
7290017816012,false,קרם קרקר כוסמין מקור הכוסמין 250 גר,גורי מוצרי צריכה (1991) בעמ,,קרקר כוסמין,גרמים,250.00,100 גרם,false,,14.90,0.0596,true,1,2276022
7290017871363,false,פמילי יהלום- פמלי סבון ידיים מועשר בשמן מקדמיה לניקוי וטיפוח עור הידיים,המאפיה של הרמן,,אל סבון פמילי יהלום,מיליליטרים,500.00,"100 מ""ל",false,,9.90,0.0198,true,1,2302827
7290017871370,false,פמילי יהלום- סבון ידיים מועשר בשמן אבוקדו לניקוי וטיפוח עור הידיים,המאפיה של הרמן,,אל סבון פמילי יהלום,מיליליטרים,500.00,"100 מ""ל",false,,9.90,0.0198,true,1,2302828
7290017871462,false,טוסו חטיף פצפוצי אורז מצופה שוקולד מריר ללא תוספת סוכר,תות תעשיות מזון (2014) ב,,חטיף פיצפוצי אורז מצ,גרמים,140.00,100 גרם,false,,16.90,0.1207,true,1,2280357
7290017871554,false,טוסו חטיף תמרים ושברי קקאו ללא גלוטן וללא תוספת סוכר,תות תעשיות מזון (2014) ב,,חטיף תמרים ושברי קקא,גרמים,140.00,100 גרם,false,,16.90,0.1207,true,1,2280358
7290017871707,false,חטיף פיצפוצי אורז וקוקוס מצופה שוקולד מריר ללא תוספת סוכר,תות תעשיות מזון (2014) ב,,חטיף פיצפוצי אורז וק,גרמים,140.00,100 גרם,false,,16.90,0.1207,true,1,2280359
7290017871950,false,פרשוואנס נייר טואלט לח מתכלה בניחוח לוונדר מארז שלישייה,עלבד משואות יצחק,,מארז שלישייה נייר טו,יח',40.00,יח',false,,14.90,0.3725,true,1,2333338
7290017871981,false,טוסו אבקת ג'לי טעם משמש 30גרם,אשבל מזון פונקציונלי בע\,,ג'לי טוסו בטעם משמש,גרמים,25.00,100 גרם,false,,9.90,0.3960,true,1,2327639
7290017871998,false,פודינג אינסטנט בטעם וניל 30 גר` טוסו,אשבל מזון פונקציונלי בע\,,ג'לי טוסו בטעם וניל,גרמים,25.00,100 גרם,false,,9.90,0.3960,true,1,2327640
7290017872162,false,טוסו - עוגיות אגוזי לוז ללא סוכר 200 גרם,"הגביע מוצרי וופלים בע""\מ",,טוסו עוגיות אגוזי לו,גרמים,200.00,100 גרם,false,,14.90,0.0745,true,1,2301045
7290017872179,false,טוסו - עוגיות טחינה ללא סוכר 200 גרם,"הגביע מוצרי וופלים בע""\מ",,טוסו עוגיות טחינה 20,גרמים,200.00,100 גרם,false,,14.90,0.0745,true,1,2301046
7290017872186,false,טוסו - עוגיות פקאן ללא סוכר 200 גרם,"הגביע מוצרי וופלים בע""\מ",,טוסו עוגיות פקאן 200,גרמים,200.00,100 גרם,false,,14.90,0.0745,true,1,2301047
7290017872193,false,טוסו עוגיות שקדים וקינמון ללא סוכר 200 גרם,"הגביע מוצרי וופלים בע""\מ",,טוסו עוגיות שקדים וק,גרמים,200.00,100 גרם,false,,14.90,0.0745,true,1,2301048
7290017872230,false,פרש וונס מגבונים נטורל 100 יח דיספנסר,פרש וואנס Fresh Ones,,מגבונים פרשוואנס 100,יח',100.00,יח',false,,7.90,0.0790,true,1,2358416
7290017872285,false,טוסו חטיף קראנצ'י בטעם פירות יבשים 105 גר',תות ממתקי איכות,,חטיף טוסו קראנצ'י בט,גרמים,140.00,100 גרם,false,,16.90,0.1207,true,1,2301050
7290017872650,false,"פמלי יהלום-סבון ידיים עם שמן לבנדר 500 מ""ל",המאפיה של הרמן,,אל סבון פמילי יהלום,מיליליטרים,500.00,"100 מ""ל",false,,9.90,0.0198,true,1,2311374
7290017872667,false,"פמלי יהלום-סבון ידיים עם שמן קמומיל 500 מ""ל",המאפיה של הרמן,,אל סבון פמילי יהלום,מיליליטרים,500.00,"100 מ""ל",false,,9.90,0.0198,true,1,2311375
7290017872865,false,בייביביס חטיפי דגנים אפויים לתינוקות בטעם גזר ועגבנייה,טאטא גלובל בוורג'ס,,חטיפי דגנים אפויים ב,גרמים,35.00,100 גרם,false,,12.90,0.3686,true,1,2396100
7290017872964,false,אדג' - מכשיר גילוח רב פעמי ידית + 3 סכינים לחות מוגברת,"דנשר (1963) בע,מ",,מכשיר גילוח אדג' +3,יחידה,0.00,יחידה,false,,54.90,0.0000,true,1,2407424
7290017888026,false,"משקה אננס תפוח גזר פרות & ווג 350 מ""ל",יפאורה שותפות מוגבלת לשיווק,,משקה קל אננס תפוח גז,מיליליטרים,350.00,"100 מ""ל",false,,6.50,0.0186,true,1,2228514
7290017888033,false,"משקה בננה מלון נענע פרות &ווג 350 מ""ל",יפאורה שותפות מוגבלת לשיווק,,משקה קל בננה מלון נע,מיליליטרים,350.00,"100 מ""ל",false,,6.50,0.0186,true,1,2228515
7290017888095,false,"רביעיית פחיות שוופס מוגז עדין פירות יער 330 מ""ל.",יפאורה שותפות מוגבלת לשיווק,,רביעיית פחיות שוופס,ליטרים,1.32,ליטר,false,,11.90,9.0152,true,1,2224234
7290017888101,false,"שוויפס מוגז עדין אפרסק מארז רביעייה* 330 מ""ל",יפאורה שותפות מוגבלת לשיווק,,רביעיית פחיות שוופס,ליטרים,1.32,ליטר,false,,11.90,9.0152,true,1,2224235
7290017888644,false,"משקה אננס בננה כורכום פרות & ווג 350 מ""ל",יפאורה שותפות מוגבלת לשיווק,,משקה אננס בננה כורכו,מיליליטרים,350.00,"100 מ""ל",false,,6.50,0.0186,true,1,2300206
7290017888729,false,שוופס סודה בקבוק 1 ל',יפאורה שותפות מוגבלת לשיווק,,סודה שוופס 1 ליטר,ליטרים,1.00,ליטר,false,,3.90,3.9000,true,1,2302962
7290017888972,false,בקבוק מי עדן פקק ספורט 1 ליטר,יפאורה שותפות מוגבלת לשיווק,,מי עדן 1 ליטר פקק ספ,ליטרים,1.00,ליטר,false,,4.90,4.9000,true,1,2308459
7290017907208,false,תערובת קמח רב תכליתי לנמנעים מגלוטן,י.איטליאנו אחזקות בעמ,,"קמח ""תמי"" רב תכליתי",גרמים,500.00,100 גרם,false,,18.90,0.0378,true,1,2334508
7290017907215,false,קמח תמי למאפי שמרים ללא גלוטן 500 גרם,י.איטליאנו אחזקות בעמ,,"קמח ""תמי"" למאפי שמרי",גרמים,500.00,100 גרם,false,,18.90,0.0378,true,1,2334514
7290017907222,false,תערובת קמח תופח לנמנעים מגלוטן,י.איטליאנו אחזקות בעמ,,"קמח ""תמי"" תופח",גרמים,500.00,100 גרם,false,,18.90,0.0378,true,1,2334509
7290017907246,false,סולת מאורז לנמנעים מגלוטן,י.איטליאנו אחזקות בעמ,,"סולת ""תמי""",גרמים,300.00,100 גרם,false,,15.90,0.0530,true,1,2334516
7290017917382,false,אל סבון היגייני לניקוי יסודי ולהרגע העור clean & calm,"פישר תעשיות פרמבצטיות בע""מ",,קמיל אל סבון 1 ליטר,ליטרים,1.00,ליטר,false,,15.90,15.9000,true,1,2259763
7290017917405,false,מגבוני פוליאסטר מיוחדים לשימוש בשבת פישר,פישר תעשיות פרמצבטיות בעמ,,מגבוני פוליאסטר מיוח,יח',40.00,יח',false,,9.90,0.2475,true,1,2308744
7290017917429,false,אלכוג`ל בייבי בסיליקון צונרי+גליל 30מ,פישר תעשיות פרמבצטיות בעמ,,"אלכו-גיל בייבי 30 מ""",מיליליטרים,30.00,"100 מ""ל",false,,29.90,0.9967,true,1,2284942
7290017917450,false,קמיל בלו סנסיטיב אל סבון ושמפו לתינוק קמומיל ואלוורה,"פישר תעשיות פרמצביטות בע""מ",,קמיל בלו סנסטיב אל ס,ליטרים,1.00,ליטר,false,,24.90,24.9000,true,1,2263296
7290017917467,false,קמיל בלו סנסטי בשיבולת שועל אל סבון טיפולי לתינוק,"פישר תעשיות פרמצביטות בע""מ",,קמיל בלו אל סבון שיב,ליטרים,1.00,ליטר,false,,24.90,24.9000,true,1,2263297
7290017917542,false,"ד""ר פישר שמפו בלונד ללא תוספת מלחים 400 מ""ל","פישר תעשיות פרמצביטות בע""מ",,שמפו לשיער בלונד ללא,מיליליטרים,400.00,"100 מ""ל",false,,39.90,0.0997,true,1,2286003
7290017917566,false,ד.פישר סילבר שמפו לשיער כסוף ללא מלח,פישר תעשיות פרמצבטיות בעמ,,שמפו לשיער כסוף,מיליליטרים,300.00,"100 מ""ל",false,,39.90,0.1330,true,1,2286005
7290017917764,false,"ד""ר פישר - אפקטיב קר קרם גוף מועשר בשמן ארגן 450 מ""ל",פישר תעשיות פרמצבטיות בעמ,,קרם גוף מועשר בשמן א,מיליליטרים,450.00,"100 מ""ל",false,,21.90,0.0487,true,1,2308745
7290017925554,false,"חמישיית בירה לאגר באדוויזר 5*330 מ""ל+כוס",הכרם משקאות חריפים בעמ,,בירה באדוויזר חמישה,ליטרים,1.65,ליטר,false,,26.90,16.3030,true,1,2356176
7290017925837,false,מארז הנדריקס + 2 טונ,,,מארז הנדריקס + 2 טונ,מיליליטרים,700.00,"100 מ""ל",false,,149.00,0.2129,true,1,2414979
7290017928036,false,מקלות גריסיני שומשום מאיר בייגל 175 גרם,מאיר את בייגל,,בייגל מקלות גריסיני,גרמים,175.00,100 גרם,false,,9.90,0.0566,true,1,2284367
7290017928043,false,מקלות גריסיני קראנץ' מלח מאיר בייגל 175 גרם,מאיר את בייגל,,בייגל גריסיני קראנץ,גרמים,175.00,100 גרם,false,,9.90,0.0566,true,1,2284368
7290017928098,false,בייגלה שטוח מלח 330 גר` מאיר בייגל,מאיר את בייגל,,בייגל שטוחלה מלח 330,גרמים,300.00,100 גרם,false,,9.90,0.0330,true,1,2376857
7290017928128,false,בייגלה מקלות מלח מאיר בייגל 400 גרם.,"דנשר (1963) בע,מ",,בייגל ה מקלות 400 גר,גרמים,400.00,100 גרם,false,,9.90,0.0248,true,1,2424333
7290017928210,false,בייגלה גדול שומשום מאיר בייגל 250 גרם,מאיר את בייגל,,בייגלה גדול שומשום 2,גרמים,250.00,100 גרם,false,,9.90,0.0396,true,1,2284354
7290017928432,false,מקלות גריסיני קראנץ' פרג מאיר בייגל 175 גרם,מאיר את בייגל,,בייגל גריסיני קראנץ,גרמים,175.00,100 גרם,false,,9.90,0.0566,true,1,2284372
7290017928449,false,בייגלה שטוחלה פרו מלח 170 גר`מאיר בייגל,מאיר את בייגל,,בייגל שטוחלה פרו מלח,גרמים,170.00,100 גרם,false,,9.90,0.0582,true,1,2284356
7290017928463,false,מאיר בייגל -סמאש-שבורים בטעם דבש חרדל ובצל 300 גרם,דנשר (1963) בעמ,,בייגל סמאש שבורים בט,גרמים,300.00,100 גרם,false,,9.90,0.0330,true,1,2379224
7290017928524,false,מאיר בייגל בייגלה שטוח ניגובים מלח 330גר,מאיר את בייגל,,בייגל שטוחלה ניגובים,גרמים,330.00,100 גרם,false,,9.90,0.0300,true,1,2377172
7290017928609,false,בייגלה טבעות שומשום מאיר בייגל 300 גרם,מאיר את בייגל,,בייגלה טבעות שומשום,גרמים,300.00,100 גרם,false,,9.90,0.0330,true,1,2284357
7290017928616,false,בייגלה שטוחלה שומשום 300 גר` מאיר בייגל,מאיר את בייגל,,בייגל שטוחלה שומשום,גרמים,300.00,100 גרם,false,,9.90,0.0330,true,1,2284373
7290017928630,false,מקלות גריסיני קראנץ' פינוקים מאיר בייגל 175 גרם,מאיר את בייגל,,בייגל גריסיני קראנץ,גרמים,175.00,100 גרם,false,,9.90,0.0566,true,1,2284374
7290017928661,false,מאיר בייגל -סמאש-שבורים בטעם צ'דר 300 גרם,"דנשר (1963) בע,מ",,בייגל סמאש שבורים בט,גרמים,300.00,100 גרם,false,,9.90,0.0330,true,1,2379225
7290017928685,false,בייגלה שמיניות מלוח מאיר בייגל 400 גרם.,מאיר את בייגל,,בייגלה שמיניות מלח 4,גרמים,400.00,100 גרם,false,,9.90,0.0248,true,1,2376852
7290017928722,false,בייגלה שטוח ניגובים שומשום 300 ג' מאיר בייגל,מאיר את בייגל,,בייגל שטוחלה ניגובים,גרמים,300.00,100 גרם,false,,9.90,0.0330,true,1,2377173
7290017928821,false,מקלות גריסיני קלאסי מאיר בייגל 200 גרם,מאיר את בייגל,,בייגל מקלות גריסיני,גרמים,200.00,100 גרם,false,,9.90,0.0495,true,1,2284376
7290017946764,false,מנקה מכונת כביסה 150 גר K2R,גורי שיווק בעמ,,מנקה מכונת כביסה,יח',2.00,יח',false,,19.90,9.9500,true,1,2328416
7290017993454,false,מחית וניל,,,מחית וניל,גרמים,60.00,100 גרם,false,,79.90,1.3317,true,1,2385282
7290018043189,false,פראוד - חטיף חלבון בטעם קשיו קרמל 60 גרם,דיפלומט מפיצים (1968) בעמ**,,חטיף פרוטאין קשיו מק,גרמים,60.00,100 גרם,false,,12.90,0.2150,true,1,2331024
7290018043196,false,פראוד - חטיף חלבון בטעם שוקולד לבן עוגיות 60 גרם,דיפלומט מפיצים (1968) בעמ**,,חטיף פרוטאין עוגיות,גרמים,60.00,100 גרם,false,,12.90,0.2150,true,1,2331025
7290018043295,false,חטיף חלבון טעם ונילה קראנץ 60ג,דיפלומט מפיצים (1968) בעמ**,,חטיף פרוטאין קראנץ',גרמים,60.00,100 גרם,false,,12.90,0.2150,true,1,2331026
7290018043844,false,חטיף חלבון בוטנים קרמל קראנץ 60 ג' פראוד,דיפלומט מפיצים (1968) בעמ**,,חטיף פרוטאין בוטנים,גרמים,60.00,100 גרם,false,,12.90,0.2150,true,1,2405806
7290018045084,false,דגני בוקר בון בון במילוי קרם בטעם בראוני,ר.ב. מוצרי דגנים בעמ,,דגנים במילוי קרם בטע,גרמים,480.00,100 גרם,false,,23.90,0.0498,true,1,2386005
7290018045312,false,זוג ספוגי ניקוי סקראב דדי,ר.ב. מוצרי דגנים בעמ,,ספוג ניקוי סקראב דד,יחידה,0.00,יחידה,false,,17.90,0.0000,true,1,2426839
7290018045497,false,דגני בוקר בון בון במילוי קרם שוקולד 480,ר.ב. מוצרי דגנים בעמ,,דגנים במילוי קרם שוק,גרמים,480.00,100 גרם,false,,23.90,0.0498,true,1,2385993
7290018045695,false,דגני בוקר בון בון במילוי קרם בטעם קרמל מ,ר.ב. מוצרי דגנים בעמ,,דגנים במילוי קרם קרמ,גרמים,480.00,100 גרם,false,,23.90,0.0498,true,1,2385994
7290018045893,false,דגני בוקר בון בון במילוי קרם נוגט 480 גר,ר.ב. מוצרי דגנים בעמ,,דגנים במילוי קרם נוג,גרמים,480.00,100 גרם,false,,23.90,0.0498,true,1,2385995
7290018071205,false,כפפות ניטרו V כחולות אלסטיות S ללא אבקה 100 יחידות,אינטרסן (1996) בעמ,,כפפות ויניל ללא אבקה,יח',100.00,יח',false,,17.90,0.1790,true,1,2378557
7290018071212,false,כפפות ניטרו V כחולות אלסטיות M ללא אבקה 100 יחידות,אינטרסן (1996) בעמ,,כפפות ויניל ללא אבקה,יח',100.00,יח',false,,17.90,0.1790,true,1,2378558
7290018071229,false,כפפות ניטרו V כחולות אלסטיות L ללא אבקה 100 יחידות,אינטרסן (1996) בעמ,,כפפות ויניל ללא אבקה,יח',100.00,יח',false,,17.90,0.1790,true,1,2378559
7290018071236,false,כפפות ניטרו V כחולות אלסטיות XL ללא אבקה 100 יחידות,אינטרסן (1996) בעמ,,כפפות ויניל ללא אבקה,יח',100.00,יח',false,,17.90,0.1790,true,1,2378560
7290018075968,false,"סכין משוננת 10 ס""מ",,,"סכין משוננת 10 ס""מ",יחידה,0.00,יחידה,false,,12.90,0.0000,true,1,2329638
7290018076200,false,מייסן קערית פרחי יפן,,,מייסן קערית פרחי יפן,יחידה,0.00,יחידה,false,,9.90,0.0000,true,1,2298437
7290018091029,false,מקלות פילו תפוחי אדמה מעדנות 450 ג',תנובה ענף ב.ע.ד,,"מקלות פילו תפו""א מעד",גרמים,450.00,100 גרם,false,,16.90,0.0376,true,1,2299095
7290018091074,false,בצק עוגיות שוקולד צ'יפס 300 גרם מעדנות,תנובה מרכז שיתופי לשיווק תוצרת,,בצק עוגיות שוקולד צ',גרמים,300.00,100 גרם,false,,19.90,0.0663,true,1,2414989
7290018091081,false,מאפה פילו תרד וגבינות מעדנות 320 גרם,תנובה מרכז שיתופי לשיווק תוצרת,,מאפה פילו תרד וגבינו,גרמים,320.00,100 גרם,false,,20.90,0.0653,true,1,2405180
7290018091234,false,פיצה מקסיקנית 270 גר מעדנות,תנובה קפואים,,פיצה מקסיקנית מעדנות,גרמים,270.00,100 גרם,false,,13.90,0.0515,true,1,2321496
7290018091272,false,בצק עוגיות קקאו טריפל שוקולד צ'יפס 300 גרם מעדנות,תנובה מרכז שיתופי לשיווק תוצרת,,בצק עוגיות קקאו טריפ,גרמים,300.00,100 גרם,false,,19.90,0.0663,true,1,2414990
7290018091616,false,מקלות פילו גבינה מעדנות 450 גרם,מיוצר עי קונדיטוריית,,מקלות פילו גבינה מעד,גרמים,450.00,100 גרם,false,,16.90,0.0376,true,1,2299097
7290018091661,false,פיצה ירקות שוק מעדנות 380 גרם,תנובה מרכז שיתופי לשיווק תוצרת,,פיצה שוק,גרמים,330.00,100 גרם,false,,19.90,0.0603,true,1,2381535
7290018091838,false,חטיפי פילאס גבינה מעדנות 600 גרם,תנובה ענף ב.ע.ד,,חטיפי פילאס גבינה מע,גרמים,600.00,100 גרם,false,,21.90,0.0365,true,1,2405181
7290018091876,false,"מאפה פילו גבינה, 320 גרם מעדנות",תנובה מרכז שיתופי לשיווק תוצרת,,מאפה פילו גבינה מעדנ,גרמים,320.00,100 גרם,false,,18.90,0.0591,true,1,2405182
7290018098486,false,פיצה מרגריטה מקמח כוסמין טבעוני 350 גרם פרווה,גורי מוצרי צריכה (1991) בעמ,,פיצה משפחתית מרגריטה,גרמים,350.00,100 גרם,false,,21.90,0.0626,true,1,2413353
7290018098493,false,פיצה זיתים מקמח כוסמין טבעוני 350 גרם פרווה,גורי מוצרי צריכה (1991) בעמ,,פיצה משפחתית זיתים 3,גרמים,350.00,100 גרם,false,,21.90,0.0626,true,1,2413354
7290018098592,false,שווארמה טבעוניות ביף,גורי מוצרי צריכה (1991) בעמ,,שווארמה 300 גרם BEEF,גרמים,300.00,100 גרם,false,,21.90,0.0730,true,1,2413357
7290018131534,false,מאגדת מיני בייטס מילקה 201 גרם,שוורצקוף& הנקל דיסלד,,מאגדת מיני בייטס מיל,גרמים,162.00,100 גרם,false,,19.90,0.1228,true,1,2363681
7290018131831,false,נסטלה מאגדת שלגון מילקה וניל חדש8 4*66ג,נגה גלידות שותפות מוגבלת,,מאגדת שלגון מילקה,גרמים,284.00,100 גרם,false,,32.90,0.1158,true,1,2355533
7290018131855,false,אקסטרים טילון בראוניז בדצ מאגדת 6*72 גרם נסטלה,נגה גלידות שותפות מוגבלת,,גלידת טילון אקסטרים,גרמים,432.00,100 גרם,false,,32.90,0.0762,true,1,2350646
7290018131879,false,אקסטרים טילון חלב בדצ מאגדת 6*72 גרם נסטלה,נגה גלידות שותפות מוגבלת,,גלידת טילון אקסטרים,גרמים,432.00,100 גרם,false,,32.90,0.0762,true,1,2350647
7290018131954,false,מאגדת לה פרוטה תות שוקולד נסטלה 350 גרם,נגה גלידות שותפות מוגבלת,,מאגדת לה פרוטה שוקול,יחידה,0.00,יחידה,false,,29.90,0.0000,true,1,2336418
7290018132425,false,מטרנה גולד בדץ שלב 3 700 גרם,קבוצת אוסם סחר שותפות מוגבלת,,מטרנה גולד שלב 3 700,גרמים,700.00,100 גרם,false,,74.90,0.1070,true,1,2415239
7290018156094,false,"ד""ר פישר סרקל אקטיב מרכך 450 מ""ל","פישר תעשיות פרמבצטיות בע""מ",,"מרכך סרקל אקטיב ד""ר",מיליליטרים,450.00,"100 מ""ל",false,,24.90,0.0553,true,1,2320618
7290018156124,false,"אל סבון קמיל צבעוני ד""ר פישר שלישיה* 500 מ""ל","פישר תעשיות פרמצביטות בע""מ",,שלישיית אל סבון צבעו,ליטרים,1.50,ליטר,false,,19.90,13.2667,true,1,2286011
7290018156513,false,"ד""ר פישר - אלכוג'ל מגבונים היגיינים לידיים 40 יח'",,,אלכוגי'ל וויפס מגבונ,10 יח',40.00,10 יח',false,,29.90,0.7475,true,1,2298122
7290018165010,false,"יין רזרב GOLD EDITION גווצטרמינר ברקן 750 מ""ל",יקבי ברקן שיווק והפצה בע,,יין רזרב גולד גוורצט,מיליליטרים,750.00,"100 מ""ל",false,,59.90,0.0799,true,1,2285176
7290018165027,false,רזרב גולד אדישיין רוזה 750 מל-יקבי ברק,יקבי ברקן שיווק והפצה בע,,יין רזרב גולד רוזה,מיליליטרים,750.00,"100 מ""ל",false,,59.90,0.0799,true,1,2285177
7290018165447,false,רזרב גולד מרלו ( 750 מל) יקבי ברקן,יקבי ברקן שיווק והפצה בע,,יין רזרב גולד מרלו 7,מיליליטרים,750.00,"100 מ""ל",false,,59.90,0.0799,true,1,2329483
7290018195048,false,"חתיכות אננס בסירופ קל טעמן, 850 גרם",טעמן שיווק מזון בעמ,,חתיכות אננס בסירופ ק,גרמים,850.00,100 גרם,false,,10.90,0.0128,true,1,2408727
7290018195086,false,חלב מרוכז טעמן 340 גרם,טעמן,,חלב מרוכז 340גר',גרמים,340.00,100 גרם,false,,12.90,0.0379,true,1,2428826
7290018195178,false,שוקולד מריר 62% קקאו 100 גרם טעמן,אס.קיי ראיס אינטרנשי,,שוקולד מריר 62% 100,גרמים,100.00,100 גרם,false,,5.90,0.0590,true,1,2408743
7290018195345,false,"שמן קנולה ""טעים"" 1 ליטר טעמן",טעים,,שמן קנולה טעמן,ליטרים,1.00,ליטר,false,,9.90,9.9000,true,1,2395977
7290018195512,false,ארוחת אורז בסגנון מקסיקני טעמן,טעמן שווק מזון בעמ,,ארוחת אורז בסגנון מק,יחידה,0.00,יחידה,false,,12.90,0.0000,true,1,2428827
7290018195529,false,ארוחת אורז מג'דרה טעים 250 גרם,טעמן שווק מזון בעמ,,ארוחת אורז מג'דרה,יחידה,0.00,יחידה,false,,12.90,0.0000,true,1,2428828
7290018195536,false,ארוחת אורז בסגנון איטלקי טעים 250 גרם,טעמן שווק מזון בעמ,,ארוחת אורז בסגנון אי,יחידה,0.00,יחידה,false,,12.90,0.0000,true,1,2428829
7290018195543,false,ארוחת אורז בסגנון מקסיקני טעים 250 גרם,טעמן שווק מזון בעמ,,ארוחת אורז שעועית אד,יחידה,0.00,יחידה,false,,12.90,0.0000,true,1,2428830
7290018198056,false,תפוגן קוביות תפוחי אדמה 9*1.5קג,קבוצת אוסם סחר שותפות מוגבלת,,תפוגן קוביות תפוח אד,קילוגרמים,1.50,"ק""ג",false,,22.90,15.2667,true,1,2305838
7290018198148,false,"תפוגן קריספי צ'יפס קלאסי 1.25 ק""ג",קבוצת אוסם סחר-שות.מוגבלת,,תפוגן קריספי ציפס קל,קילוגרמים,1.25,"ק""ג",false,,22.90,18.3200,true,1,2350655
7290018198209,false,צ'יפס בטטה קראנצ'י תפוגן 500 גרם,קבוצת אוסם סחר שותפות מוגבלת,,תפוגן צ'יפס בטטה קרא,גרמים,500.00,100 גרם,false,,17.90,0.0358,true,1,2329446
7290018213476,false,כף אשפה מתקפל GLOW (,,,יעה מתקפל .,יחידה,0.00,יחידה,false,,17.90,0.0000,true,1,2408318
7290018228074,false,כוס תרמית 380 מ”ל מוסקו,,,כוס נשיאה תרמית 380,יחידה,0.00,יחידה,false,,39.90,0.0000,true,1,2335168
7290018228340,false,מעמד קרמיקה למקלות ר,,,מעמד קרמיקה למקלות ר,יחידה,0.00,יחידה,false,,19.90,0.0000,true,1,2366295
7290018228456,false,מטאטא אנטי שוק,,,מטאטא אנטי שוק,יחידה,0.00,יחידה,false,,16.90,0.0000,true,1,2350941
7290018228463,false,מקל למטאטא/מגב 1.3 מ,,,מקל למטאטא/מגב 1.3 מ,יחידה,0.00,יחידה,false,,4.90,0.0000,true,1,2350942
7290018228586,false,מפיץ ריח באמצעות מקל,,,מפיץ ריח מיוחד,יחידה,0.00,יחידה,false,,29.90,0.0000,true,1,2384463
7290018228654,false,מטאטא טי,,,מטאטא טי,יחידה,0.00,יחידה,false,,12.90,0.0000,true,1,2350943
7290018228661,false,דלי אובלי 15 ליטר,,,דלי אובלי 15 ליטר,יחידה,0.00,יחידה,false,,14.90,0.0000,true,1,2350944
7290018228869,false,יעה+מקל,,,יעה+מקל,יחידה,0.00,יחידה,false,,14.90,0.0000,true,1,2350945
7290018228944,false,מוסקו מקלות מפיצי ריח לבית,,,מפיצי ריח לבית מקלות,יחידה,0.00,יחידה,false,,16.90,0.0000,true,1,2366296
7290018236635,false,צ'ונגו-פופקורן מצופה עוף טוב 600 גרם,קבוצת אוסם סחר שותפות מוגבלת,,עוף טוב צונגו פופקור,גרמים,600.00,100 גרם,false,,34.90,0.0582,true,1,2332042
7290018237373,false,עוף טוב פסטרמה צרובה על הגריל נתח שלם 8*300 גרם,קבוצת אוסם סחר-שות.מוגבלת,,עוף טוב פסטרמה צרובה,גרמים,300.00,100 גרם,false,,27.90,0.0930,true,1,2363723
7290018237397,false,עוף טוב פסטרמה מקורמלת נתח שלם 8*300 גרם,קבוצת אוסם סחר שותפות מוגבלת,,עוף טוב פסטרמה מקורמ,גרמים,300.00,100 גרם,false,,27.90,0.0930,true,1,2363724
7290018237410,false,עוף טוב פסטרמה במעשנה נתח שלם 8*300 גרם,קבוצת אוסם סחר-שות.מוגבלת,,עוף טוב פסטרמה במעשנ,גרמים,300.00,100 גרם,false,,27.90,0.0930,true,1,2363725
7290018237731,false,זוג פסטרמות ברביקיו ומעושנת עוף טוב 600 גרם,קבוצת אוסם סחר-שות.מוגבלת,,עוף טוב זוג פסטר.ברב,גרמים,600.00,100 גרם,false,,26.90,0.0448,true,1,2391981
7290018237939,false,שניצלונים ציפוי שומשום עוף טוב 700 גרם,קבוצת אוסם סחר שותפות מוגבלת,,שניצלונים ציפוי שומש,גרמים,700.00,100 גרם,false,,19.90,0.0284,true,1,2398302
7290018237960,false,עוף טוב כתף בקר עסיסי 265 גרם,קבוצת אוסם סחר שותפות מוגבלת,,עוף טוב כתף בקר עסיס,גרמים,320.00,100 גרם,false,,24.90,0.0778,true,1,2408146
7290018241141,false,עציץ סחלב מלאכותי,אליס אריזות,,עציץ סחלב,יחידה,0.00,יחידה,false,,69.90,0.0000,true,1,2300227
7290018249123,false,אינסטנט פודינג סוויטאנגו בטעם וניל,י.איטליאנו אחזקות בעמ,,פודינג וניל סוויטאנג,גרמים,50.00,100 גרם,false,,11.90,0.2380,true,1,2334621
7290018249154,false,ממרח קקאו עם אגוזי סוויטאנגו 350 גר`,י.איטליאנו אחזקות בעמ,,ממרח קקאו אגוזי לוז,גרמים,350.00,100 גרם,false,,32.90,0.0940,true,1,2423965
7290018249222,false,סוויטנגו אבקת ממתיק 100 גרם,מתבל תעשיות מזון,,אבקת ממתיק סוויטאנגו,גרמים,100.00,100 גרם,false,,14.90,0.1490,true,1,2334622
7290018249352,false,אינסטנט פודינג קרמל סוויטאנגו 55 גר,י.איטליאנו אחזקות בעמ,,פודינג קרמל סוויטאנג,גרמים,50.00,100 גרם,false,,11.90,0.2380,true,1,2398069
7290018249444,false,אבקת ממתיק סוכר שוקו סוויטאנגו 400 גר,מתבל תעשיות מזון,,אבקת שוקו סוויטאנגו,גרמים,400.00,100 גרם,false,,38.90,0.0972,true,1,2398452
7290018249550,false,אינסטנט פודינג שוקולד סוויטאנגו 55 גר,י.איטליאנו אחזקות בעמ,,פודינג שוקולדסוויטאנ,גרמים,50.00,100 גרם,false,,11.90,0.2380,true,1,2398070
7290018249802,false,ממתיק סוויטאנגו צנצנת 280 גרם,י.איטליאנו אחזקות בעמ,,ממתיק סוויטאנגו צנצנ,גרמים,280.00,100 גרם,false,,26.90,0.0961,true,1,2334614
7290018276174,false,שקית אישית פיור וואי HD,סיטי תוספי מזון,,שקית אישית פיור וואי,גרמים,33.00,100 גרם,false,,5.90,0.1788,true,1,2328043
7290018294000,false,"יין קינג דויד רוזה כרמל 750 מ""ל",אגודת הכורמים,,קינג דיווד רוזה,מיליליטרים,750.00,"100 מ""ל",false,,18.90,0.0252,true,1,2353774
7290018294192,false,"יין בלנד היינן אדום יבש 750 מ""ל p.c",אגודת הכורמים -כרמל מזרחי,,יין בלנד היינן,מיליליטרים,750.00,"100 מ""ל",false,,38.90,0.0519,true,1,2384185
7290018294208,false,"סלקטדאדום ישראלי יבש כרמל 750 מ""ל",אגודת הכורמים בעמ,,יין אדום יבש סלקטד,מיליליטרים,750.00,"100 מ""ל",false,,24.90,0.0332,true,1,2362453
7290018294314,false,מארז מחייה זוגי + 2,,,מארז מחייה זוגי + 2,ליטרים,1400.00,100 ליטר,false,,99.90,0.0714,true,1,2415044
7290018294352,false,"ארק יקבי כרמל 700 מ""",אגודת הכורמים -כרמל מזרחי,,ארק כרמל,מיליליטרים,700.00,"100 מ""ל",false,,59.90,0.0856,true,1,2384723
7290018294369,false,"תירוש מיץ ענבים טבעי 700 מ""ל",יקבי כרמל Carmel Winery,,"תירוש אדום 700 מ""ל",מיליליטרים,700.00,"100 מ""ל",false,,13.90,0.0199,true,1,2421980
7290018294383,false,קברנה סוביניון אזוריתפינו גריג`יו 750 מ,אגודת הכורמים,,אזורית פינו גריצלו,מיליליטרים,750.00,"100 מ""ל",false,,54.90,0.0732,true,1,2403601
7290018294895,false,"יין מונלייט מוסקטו ורוד מבעבע 750 מ""ל",אגודת הכורמים בעמ,,יין מונלייט לבן חצי,מיליליטרים,750.00,"100 מ""ל",false,,34.90,0.0465,true,1,2413366
7290018294901,false,"יין מונלייט אדום יבש 750 מ""ל כרמל",יקבי כרמל Carmel Winery,,יין מונלייט אדום יבש,מיליליטרים,750.00,"100 מ""ל",false,,34.90,0.0465,true,1,2413367
7290018294918,false,מונלייט מוסקטו רוזה מתוק מבעבע 750מל,אגודת הכורמים -כרמל מזרחי,,יין מונלייט מוסקטו ו,מיליליטרים,750.00,"100 מ""ל",false,,34.90,0.0465,true,1,2413368
7290018311288,false,"סכין משוננת 10 ס""מ",,,"סכין משוננת 10 ס""מ",יחידה,0.00,יחידה,false,,12.90,0.0000,true,1,2329643
7290018311332,false,"סכין משוננת 10 ס""מ",,,"סכין משוננת 10 ס""מ",יחידה,0.00,יחידה,false,,12.90,0.0000,true,1,2329648
7290018312025,false,מאג ניו בון ציינה,,,מאג ניו בון ציינה,יחידה,0.00,יחידה,false,,14.90,0.0000,true,1,2322223
7290018333044,false,"שלוקים-משקה קל בטעם ענבים קש 18 יח' 200 מ""ל",כרמית תעשיות ממתקים בעמ,,משקה קל שלוקים קש 18,"י""ח",18.00,"י""ח",false,,19.90,1.1056,true,1,2404262
7290018333693,false,גרנולה פרו עם קשיו ופירות יבשים 600 גר',רפאלס,,גרנולה פרו עם קשיו ו,גרמים,600.00,100 גרם,false,,27.90,0.0465,true,1,2332225
7290018333945,false,חטיף אגוזים רפאלס שקד ווניל בדצ 150 גר *12יח,כרמית תעשיות ממתקים בעמ,,חטיף אגוזים רפאלס שק,גרמים,150.00,100 גרם,false,,14.90,0.0993,true,1,2359950
7290018333952,false,חטיף אגוזים רפאלס וחמוציות בדצ 150 גר *12יח,כרמית תעשיות ממתקים בעמ,,חטיף אגוזים רפאלס חמ,גרמים,150.00,100 גרם,false,,14.90,0.0993,true,1,2359951
7290018333969,false,חטיף גרנולה רפאלס שקדים וטחינה בדצ 150 גר *12יח,כרמית תעשיות ממתקים בעמ,,חטיף גרנולה רפאלס שק,גרמים,150.00,100 גרם,false,,14.90,0.0993,true,1,2359952
7290018333976,false,חטיף גרנולה רפאלס קשיו וקוקוס בדצ 150 גר *12יח,כרמית תעשיות ממתקים בעמ,,חטיף גרנולה רפאלס קש,גרמים,150.00,100 גרם,false,,14.90,0.0993,true,1,2359953
7290018339077,false,ריקו טורטליני עוף 100% חיטת דורום,פסטה ריקו Pasta Ricco,,טורטליני עוף 300 גרם,גרמים,300.00,100 גרם,false,,29.90,0.0997,true,1,2428743
7290018339084,false,ריקו טורטליני ראגו 100% חיטת דורום,פסטה ריקו Pasta Ricco,,טורטליני ראגו מכסה א,גרמים,300.00,100 גרם,false,,29.90,0.0997,true,1,2428744
7290018339091,false,אניוליטי ראגו מכסה אנטריקוט פסטה ריקו 30,פסטה ריקו Pasta Ricco,,אניולוטי ראגו מכסה א,גרמים,300.00,100 גרם,false,,29.90,0.0997,true,1,2428745
7290018343296,false,אלכוג`ל הגיינת הידיים 100 מלפישר,פישר תעשיות פרמצבטיות בעמ,,"אלכוג'ל 100 מ""ל",מיליליטרים,100.00,"100 מ""ל",false,,14.90,0.1490,true,1,2299850
7290018343340,false,"ד""ר פישר - שמפו משקם לאחר החלקה ללא תוספת מלח 400 מ""ל","פישר תעשיות פרמבצטיות בע""מ",,שמפו משקם לאחר החלקה,מיליליטרים,400.00,"100 מ""ל",false,,39.90,0.0997,true,1,2331689
7290018343364,false,"ד""ר פישר - מסכת הזנה משקמת לאחר החלקה ללא תוספת מלח 300 מ""ל",פישר תעשיות פרמבצטיות בעמ,,שמפו משקם לאחר החלקה,מיליליטרים,400.00,"100 מ""ל",false,,39.90,0.0997,true,1,2331691
7290018343517,false,מגבוני אלכוג'ל פרמה וויפס לניקוי משטחים פישר 60 יח',"פישר תעשיות פרמצביטות בע""מ",,אלכוג'ל פרמה וויפס -,10 יח',60.00,10 יח',false,,9.90,0.1650,true,1,2312262
7290018343630,false,ד.פישר אפקטיב קר קרם גוף מועשר חמאת קקאו,פישר תעשיות פרמבצטיות בעמ,,קרם גוף מועשר בחמאת,מיליליטרים,450.00,"100 מ""ל",false,,21.90,0.0487,true,1,2331701
7290018343685,false,"מגבוני אלכוגל ד""ר פישר 70% אלכוהול 20 יח",פישר תעשיות,,אלכוג'ל פרמה וויפס 7,10 יח',20.00,10 יח',false,,17.90,0.8950,true,1,2312263
7290018343692,false,פישר אלכוג'ל פרמה וויפס  70% אלכוהול – 60מגבונים,פישר תעשיות פרמבצטיות בעמ,,אלכוג'ל פרמה וויפס 7,10 יח',60.00,10 יח',false,,24.90,0.4150,true,1,2312264
7290018359495,false,תירס מהשדה בלי תוספת סוכר יכין 550 גרם,היינץ צפון אמריקה מק,,תירס השדה בלי תוספת,גרמים,550.00,100 גרם,false,,8.90,0.0162,true,1,2320309
7290018359716,false,רוטב עגבניות פיצה טוסקנה 240 גרם יכין,"זנלכל בע""\מ",,רוטב פיצה טוסקנה 240,גרמים,240.00,100 גרם,false,,5.50,0.0229,true,1,2345486
7290018359860,false,רסק עגבניות ליקופן טבעי 2*200גר יכין .,זנלכל בעמ,,רסק עגבניות ליקופן ט,גרמים,400.00,100 גרם,false,,12.90,0.0323,true,1,2388637
7290018359884,false,פולפה עגבניות ליקופן טבעית 2*400 יכין,זנלכול יכין,,שימורי עגבניות פולפה,גרמים,800.00,100 גרם,false,,16.90,0.0211,true,1,2388631
7290018380260,false,"מזון לכלב עם כבד ""באדי"" 400 גרם",Effeffe pet food,,מזון לכלב עם כבד,גרמים,400.00,100 גרם,false,,3.90,0.0097,true,1,2336058
7290018380291,false,"מזון לחתול עם בשר עוף ""באדי"" 400 גרם",Effeffe pet food,,מזון לחתול עם בשר עו,גרמים,415.00,100 גרם,false,,3.90,0.0094,true,1,2327096
7290018380543,false,"סקוויז מחית תפו""ע 100 גרם",,,"סקוויז תפו""ע 100 גרם",גרמים,100.00,100 גרם,false,,5.90,0.0590,true,1,2408385
7290018380567,false,"סקוויז מחית תפו""ע גזר וסלק 100 גרם",,,"סקוויז תפו""ע גזר וסל",גרמים,100.00,100 גרם,false,,5.90,0.0590,true,1,2408387
7290018380628,false,צלפים שלמים עם גבעול בחומץ תומר 370 גרם,תומר יבוא ושיווק מוצרי מזון (1,,צלפים שלמים עם גבעול,גרמים,370.00,100 גרם,false,,8.90,0.0241,true,1,2405325
7290018400036,false,חגיגת טעמים כתומים לתנור סנפרוסט 800 גרם,תנובה קפואים,,חגיגת טעמים כתומים 8,גרמים,800.00,100 גרם,false,,24.90,0.0311,true,1,2356446
7290018400234,false,חומוס לחומוס סנפרוסט 800 גרם,תנובה בשר,,חומוס לחומוס גרגירי,גרמים,800.00,100 גרם,false,,19.90,0.0249,true,1,2338973
7290018400456,false,סמודיז עם פיטאיה סנפרוסט 300 גר,תנובה מרכז שיתופי לשיווק תוצרת,,סמוטיז עם פיטאיה,גרמים,300.00,100 גרם,false,,12.90,0.0430,true,1,2405559
7290018400609,false,פיאסטה מקסיקנית סנפרוסט 800 גרם,"סנפרוסט בע""מ",,לקט ירקות פיאסטה מקס,גרמים,800.00,100 גרם,false,,21.90,0.0274,true,1,2325085
7290018400647,false,סנפרוסט סמודיז בננה תמר 300 גרם SMOOTHI,תנובה ענף ב.ע.ד,,בננה תמר מוקפא,גרמים,300.00,100 גרם,false,,12.90,0.0430,true,1,2351685
7290018400661,false,לקט פאייה בסגנון ספרדי סנפרוסט 800 גרם,תנובה קפואים,,לקט פאייה בסגנון ספר,גרמים,800.00,100 גרם,false,,21.90,0.0274,true,1,2365064
7290018400807,false,טברנה יוונית סנפרוסט 800 גרם,"סנפרוסט בע""מ",,לקט ירקות טברנה יוונ,גרמים,800.00,100 גרם,false,,21.90,0.0274,true,1,2325086
7290018401323,false,מקל תפיסה אוניברסלי,,,מקל תפיסה אוניברסלי,יחידה,0.00,יחידה,false,,19.90,0.0000,true,1,2401824
7290018401361,false,"פלייר ""7",,,"פלייר ""7",יחידה,0.00,יחידה,false,,25.90,0.0000,true,1,2401826
7290018401484,false,"מפתח שוודי ""8",,,"מפתח שוודי ""8",יחידה,0.00,יחידה,false,,24.90,0.0000,true,1,2401837
7290018440070,false,תרכיז עגבניות בשפורפרת 28BX בלה איטליה 200 ג',תה ויסוצקי (ישראל) בעמ,,תרכיז עגבניות בשפורפ,גרמים,200.00,100 גרם,false,,7.90,0.0395,true,1,2330157
7290018440193,false,פליפז בייגלה בציפוי קרם בטעם חמאת בוטנים מקוויטיס 140 גרם,תה ויסוצקי (ישראל) בעמ,,בייגלה מצופה קרם בטע,גרמים,140.00,100 גרם,false,,8.90,0.0636,true,1,2332943
7290018440209,false,פליפז בייגלה בציפוי פאדג' לבן מקוויטיס 140 גרם,תה ויסוצקי (ישראל) בעמ,,בייגלה בציפוי פאדג',גרמים,140.00,100 גרם,false,,8.90,0.0636,true,1,2332944
7290018440223,false,תה צ'אי מסאלה 25 שקיקים ויסוצקי,תה ויסוצקי (ישראל) בעמ,,צאי מסאלה,גרמים,50.00,100 גרם,false,,19.90,0.3980,true,1,2379467
7290018440230,false,תה צ'אי ורדים 25 שקיקים ויסוצקי,תה ויסוצקי (ישראל) בעמ,,צאי מסאלה,גרמים,50.00,100 גרם,false,,19.90,0.3980,true,1,2379468
7290018440247,false,תה צ'אי שקדים0 25 שקיקים ויסוצקי,תה ויסוצקי (ישראל) בעמ,,צאי מסאלה,גרמים,50.00,100 גרם,false,,19.90,0.3980,true,1,2379469
7290018440254,false,תה צ'אי קרמל מלוח 25 שקיקים ויסוצקי,תה ויסוצקי (ישראל) בעמ,,צאי מסאלה,גרמים,50.00,100 גרם,false,,19.90,0.3980,true,1,2379470
7290018440407,false,תה ירוק מאטה קקאו לוז ויסוצקי 25 יחידות,תה ויסוצקי (ישראל) בעמ,,תה ירוק מאטה קקאו לו,גרמים,37.50,100 גרם,false,,22.90,0.6107,true,1,2378418
7290018440438,false,Calvo טונה בשמן זית פתיחה קלה 3 * 65 גרם,תה ויסוצקי (ישראל) בעמ,,טונה EASY FLIP בשמן,יחידה,0.00,יחידה,false,,22.90,0.0000,true,1,2416958
7290018440445,false,טונה קאלוו בשמן זית 160 גר,תה ויסוצקי (ישראל) בעמ,,טונה בשמן זית 160 גר,יחידה,0.00,יחידה,false,,13.90,0.0000,true,1,2416959
7290018440476,false,פליפז בייגלה מצופה בקרם עוגת גבינה ותותים מקוויטיס 140 גרם,תה ויסוצקי (ישראל) בעמ,,בייגלה מצופה ברקם עו,גרמים,140.00,100 גרם,false,,8.90,0.0636,true,1,2366636
7290018440490,false,סלט טונה קאלוו עם קוסקוס 150 גר,תה ויסוצקי (ישראל) בעמ,,סלט טונה עם קוסקוס-,יחידה,0.00,יחידה,false,,11.90,0.0000,true,1,2416960
7290018440513,false,סלט קליפורנייה קאלוו עם טונה 150 גר,תה ויסוצקי (ישראל) בעמ,,סלט קליפורניה עם טונ,יחידה,0.00,יחידה,false,,11.90,0.0000,true,1,2416962
7290018440520,false,סלט טונה קאלוו מקסיקני 150 גר,"קאלוו קונסרבס ס.ל.יו. ,",,סלט טונה מקסיקני- 15,יחידה,0.00,יחידה,false,,11.90,0.0000,true,1,2416963
7290018440599,false,תה גן הקסום קמומיל ו,תה ויסוצקי,,תה צמחים קמומיל ונע,גרמים,45.00,100 גרם,false,,16.90,0.3756,true,1,2367864
7290018440605,false,קמומיל ולימונית הגן הקסום 25+5,תה ויסוצקי,,תה צמחים קמומיל ולימ,גרמים,45.00,100 גרם,false,,16.90,0.3756,true,1,2367865
7290018440612,false,חליטת קמומיל ודבש הגן הקסום ויסוצקי 25+5 יחידות,תה ויסוצקי (ישראל)בעמ,,תה צמחים קמומיל ודבש,גרמים,45.00,100 גרם,false,,16.90,0.3756,true,1,2366546
7290018440896,false,הגן הקסום חליטה ג'ינגר כורכום ויסוצקי 25 יח,תה ויסוצקי (ישראל) בעמ,,חליטת ג'ינג'ר וכרכום,גרמים,50.00,100 גרם,false,,17.90,0.3580,true,1,2385290
7290018441916,false,תות שדה קפוא מהדרין 300 גרם,מוצרי איכות אמריקאיי,,תות שדה קפוא,גרמים,300.00,100 גרם,false,,10.90,0.0363,true,1,2359019
7290018468326,false,נקניקיה טבעונית בסגנון אמריקאי טירת צבי 400 גרם,תנובה מרכז שיתופי לשיווק תוצרת,,נקניקיה צמחית בסגנו,גרמים,400.00,100 גרם,false,,39.90,0.0997,true,1,2405185
7290018468432,false,נקניק טבעוני בטעם מעושן 100 גרם טירת צבי,תנובה מרכז שיתופי לשיווק תוצרת,,נקניק טבעוני בטעם מע,גרמים,100.00,100 גרם,false,,19.90,0.1990,true,1,2422403
7290018471029,false,"סודה בטעם לימון - מארז 6 בקבוקים 500 מ""ל",יפאורה שותפות מוגבלת לשיווק,,שוופס סודה לימון שיש,ליטרים,3.00,ליטר,false,,14.90,4.9667,true,1,2328088
7290018471180,false,משקה פרוט& ווג' אננס תפוח גזר 1 ליטר,יפאורה שותפות מוגבלת לשיווק,,משקה קל אננס תפוח פר,ליטרים,1.00,100 ליטר,false,,12.90,12.9000,true,1,2345787
7290018471197,false,פרוט אנד ווג` תפוח בננה מלון נענע 1 ליטר,יפאורה שותפות מוגבלת לשיווק,,משקה קל תפוח בננה מל,ליטרים,1.00,100 ליטר,false,,12.90,12.9000,true,1,2345788
7290018471210,false,ספרינג נקטר אגס סברס תפוח 1ליטר קרטוני,יפאורה שותפות מוגבלת לשיווק,,ספרינג אגס סברס תפוח,ליטרים,1.00,ליטר,false,,6.60,6.6000,true,1,2345789
7290018471395,false,משקה פרוט& ווג' תפוח רימון ג'ינג'ר 1 ליטר,יפאורה שותפות מוגבלת לשיווק,,משקה קל תפוח רימון ס,ליטרים,1.00,100 ליטר,false,,12.90,12.9000,true,1,2345790
7290018471401,false,משקה פרוט& ווג' אננס בננה כורכום 1 ליטר,יפאורה שותפות מוגבלת לשיווק,,משקה קל תפוח אננס בנ,ליטרים,1.00,100 ליטר,false,,12.90,12.9000,true,1,2345791
7290018471449,false,קרטונית ספרינג שייק בננה תמר תפוז 1 ליטר,יפאורה - שותפות מוגבלת לשיווק,,ספרינג שייק 1 ליטר ב,ליטרים,1.00,ליטר,false,,12.60,12.6000,true,1,2362876
7290018471463,false,תפוזינה נקטר תפוז מנגו קרטונית 1 ליטר,יפאורה שותפות מוגבלת לשיווק,,תפוזינה נקטר תפוז מנ,ליטרים,1.00,ליטר,false,,6.60,6.6000,true,1,2351373
7290018471487,false,תפוזינה נקטר תפוז אננס קרטונית 1 ליטר,יפאורה שותפות מוגבלת לשיווק,,תפוזינה נקטר תפוז אנ,ליטרים,1.00,ליטר,false,,6.60,6.6000,true,1,2351375
7290018471494,false,תפוזינה משקה תפוז גזר קרטונית 1 ליטר,יפאורה שותפות מוגבלת לשיווק,,תפוזינה נקטר תפוז גז,ליטרים,1.00,ליטר,false,,6.60,6.6000,true,1,2351376
7290018471548,false,"רביעיית ספרינג ענבים 250 מ""ל",יפאורה שותפות מוגבלת לשיווק,,ספרינג תות בננה 250,ליטרים,1000.00,ליטר,false,,11.90,0.0119,true,1,2405133
7290018471616,false,שוופס אינדיאן טוניק 1 ליטר,יפאורה שותפות מוגבלת לשיווק,,שוופס אינדיאן טוניק,ליטרים,1.00,ליטר,false,,9.90,9.9000,true,1,2355938
7290018471623,false,שוופס טוניק אשכוליות ליצ`י 1 ליטר,יפאורה שותפות מוגבלת לשיווק,,שוופס טוניק אשכוליות,ליטרים,1.00,ליטר,false,,9.90,9.9000,true,1,2355939
7290018471630,false,שוופס טוניק מלפפון ליים 1 ליטר,יפאורה שותפות מוגבלת לשיווק,,שוופס טוניק מלפפון ל,ליטרים,1.00,ליטר,false,,9.90,9.9000,true,1,2355940
7290018471906,false,שוופס מוגז פירות לימונדה ורודה 1.5 ליטר פיקדון,יפאורה - שותפות מוגבלת לשיווק,,שוופס מוגז 1.5 ליטר,ליטרים,1.50,ליטר,false,,9.50,6.3333,true,1,2380854
7290018471913,false,משקה מוגז פירות תפוחים שוופס 1.5 ליטר,יפאורה - שותפות מוגבלת לשיווק,,שוופס תפוח מוגז 1.5,ליטרים,1.50,ליטר,false,,9.50,6.3333,true,1,2380855
7290018471920,false,שוופס מוגז פירות ענבים 1.5 ליטר פיקדון,יפאורה - שותפות מוגבלת לשיווק,,שוופס ענבים מוגז 1.5,ליטרים,1.50,ליטר,false,,9.50,6.3333,true,1,2380856
7290018471937,false,שוופס מוגז פירות תות ליים 1.5 ליטר פיקדון,יפאורה - שותפות מוגבלת לשיווק,,שוופס תות ליים מוגז,ליטרים,1.50,ליטר,false,,9.50,6.3333,true,1,2380857
7290018471944,false,שוופס מוגז פירות לימונייד 1.5 ליטר פיקדון,יפאורה - שותפות מוגבלת לשיווק,,שוופס מוגז 1.5 ליטר,ליטרים,1.50,ליטר,false,,9.50,6.3333,true,1,2380858
7290018493052,false,"ד""ר פישר - אפקטיב קר קרם ידיים מועשר בשמן אבוקדו 100 מ""ל",פישר תעשיות פרמבצטיות בעמ,,קרם ידיים אפקטיב קר,מיליליטרים,100.00,"100 מ""ל",false,,15.90,0.1590,true,1,2409655
7290018493069,false,"אפקטיב קר קרם ידייםמועשר בשמן כותנה ד""ר פישר 100 מ""ל",פישר תעשיות פרמצבטיות בעמ,,קרם ידיים אפקטיב קר,מיליליטרים,100.00,"100 מ""ל",false,,15.90,0.1590,true,1,2409656
7290018493076,false,"אפקטיב קר קרם ידייםמועשר בשמן ארגן ד""ר פישר 100 מ""ל",פישר תעשיות פרמצבטיות בעמ,,קרם ידיים אפקטיב קר,מיליליטרים,100.00,"100 מ""ל",false,,15.90,0.1590,true,1,2409657
7290018493144,false,קמיל קלין &נוריש אל סבון מועשר בשמן ארגן 1 ליטר,"פישר תעשיות פרמצביטות בע""מ",,קמיל קלין אל סבון 1,ליטרים,1.00,ליטר,false,,15.90,15.9000,true,1,2331568
7290018493403,false,"ד""ר פישר - קידס קצף אמבט ויטמינים 750 מ""ל",פישר תעשיות פרמצבטיות בעמ,,"קצף אמבט קידס 750 מ""",מיליליטרים,750.00,"100 מ""ל",false,,16.90,0.0225,true,1,2353625
7290018493700,false,"סבון ידיים ויטמינים לילדים כחול 500 מ""ל ד""ר פישר",פישר תעשיות פרמבצטיות בעמ,,קידס סבון ידיים לילד,מיליליטרים,500.00,"100 מ""ל",false,,12.90,0.0258,true,1,2409658
7290018493748,false,"ד""ר פישר - מגבונים להסרת איפור אקסטרה סופט 30 יח' * 3",פישר תעשיות פרמבצטיות בעמ,,מגבונים להסרת איפור,יח',90.00,יח',false,,29.90,0.3322,true,1,2379304
7290018493915,false,"ד""ר פישר - שמן גוף לתינוק מעושר בשמן שקדים 200 מ""ל",פישר תעשיות פרמצבטיות בעמ,,שמן תינוקות קמיל בלו,מיליליטרים,200.00,"100 מ""ל",false,,17.90,0.0895,true,1,2409665
7290018493977,false,קמיל לניקוי והרגעת העור מועשר בשיבולת שועל 1 ל',"פישר תעשיות פרמצבטיות בע""מ",,קמיל בלו אל סבון מו,ליטרים,1.00,ליטר,false,,15.90,15.9000,true,1,2356074
7290018494004,false,חגורות /לירון,,,חגורות /לירון,יחידה,0.00,יחידה,false,,24.90,0.0000,true,1,2310945
7290018494011,false,חגורות /לירון,,,חגורות /לירון,יחידה,0.00,יחידה,false,,65.00,0.0000,true,1,2310946
7290018494028,false,חגורות /לירון,,,חגורות /לירון,יחידה,0.00,יחידה,false,,44.90,0.0000,true,1,2310947
7290018495490,false,סולם במבו בינוני 150,,,סולם במבו בינוני 150,יחידה,0.00,יחידה,false,,69.90,0.0000,true,1,2366788
7290018516041,false,פרמיו דליקט עוף לחתול,שחורי אריה ואנסטסיה,,פרמיו דליקט עוף 56גר,גרמים,56.00,100 גרם,false,,9.90,0.1768,true,1,2423605
7290018516058,false,פרמיו דליקט טונה ושרימפס לחתול,פרמיו Premio,,פרמיו דליקט טונה ושר,גרמים,56.00,100 גרם,false,,9.90,0.1768,true,1,2423606
7290018516065,false,פרמיו דליקט טונה וסלמון לחתול,שחורי אריה ואנסטסיה,,פרמיו דליקט טונה וסל,גרמים,56.00,100 גרם,false,,9.90,0.1768,true,1,2423607
7290018516072,false,פרמיו דליקט טונה וצדפות לחתול,פרמיו Premio,,פרמיו דליקט טונה וצד,גרמים,56.00,100 גרם,false,,9.90,0.1768,true,1,2423608
7290018516089,false,פרמיו דליקט טונה ודג קוד לחתול,שחורי אריה ואנסטסיה,,פרמיו דליקט טונה ודג,גרמים,56.00,100 גרם,false,,9.90,0.1768,true,1,2423609
7290018516102,false,פרימו קטניפ לחתולים,פרמיו Premio,,פרמיו קטניפ 15ג',גרמים,15.00,100 גרם,false,,6.90,0.4600,true,1,2423610
7290018516324,false,פאוץ' פרינוק תפוח עץ עם שיבולת שועל 120 גרם,גורי מוצרי צריכה (1991) בעמ,,חטיפטף פרינוק תפוח ו,גרמים,120.00,100 גרם,false,,5.90,0.0492,true,1,2379256
7290018516331,false,פאוץ' פרינוק תפוח בננה ושיבולת שועל 120 גרם,גורי מוצרי צריכה (1991) בעמ,,חטיפטף פרינוק תפוח ב,גרמים,120.00,100 גרם,false,,5.90,0.0492,true,1,2379261
7290018516362,false,מחיט תפוח עץ בננה ושבולות שועל 190 ג' פרינוק גוניור,גורי מוצרי צריכה (1991) בעמ,,מחית פרינוק בננה+ש.ש,גרמים,190.00,100 גרם,false,,5.90,0.0311,true,1,2383172
7290018516379,false,מחיט סלט פירות ושבולות שועל 190 ג' פרינוק גוניור,גורי מוצרי צריכה (1991) בעמ,,מחית ג'וניות סלט פיר,גרמים,190.00,100 גרם,false,,5.90,0.0311,true,1,2383173
7290018516393,false,פרמיו סופרים מיקס לחתול,שחורי אריה ואנסטסיה,,פרמיו סופרים מיקס 3ק,קילוגרמים,3.00,"ק""ג",false,,59.90,19.9667,true,1,2423613
7290018516744,false,"פרמיו סופרים עוף וסלמון לחתול בוגר 3 ק""ג",שחורי אריה ואנסטסיה,,פרמיו סופרים עוף וס,קילוגרמים,3.00,"ק""ג",false,,59.90,19.9667,true,1,2423886
7290018516768,false,פרמיו עוף לחתלתול בוגר במרקם פטה 400ג,רנדי בעמ,,פרמיו פטה עוף לחתלתו,גרמים,400.00,100 גרם,false,,5.90,0.0148,true,1,2428890
7290018516782,false,פרמיו פטה בקר וכבד ל,,,פרמיו פטה בקר וכבד ל,גרמים,400.00,100 גרם,false,,5.90,0.0148,true,1,2427132
7290018516850,false,פרמיו עוף וכבש לחתול,,,פרמיו עוף וכבש לחתול,גרמים,400.00,100 גרם,false,,5.90,0.0148,true,1,2427136
7290018516959,false,פרמיו סופרים מועשר בעוף לכלב מגזע ננסי 3,שחורי אריה ואנסטסיה,,פרמיו סופרים עופות ל,קילוגרמים,3.00,"ק""ג",false,,59.90,19.9667,true,1,2423889
7290018516966,false,פרמיו סופרים עם בקר לכלב בוגר 3קג,שחורי אריה ואנסטסיה,,פרמיו סופרים עופות ל,קילוגרמים,3.00,"ק""ג",false,,59.90,19.9667,true,1,2423890
7290018517147,false,פופקורן למיקרוגל בטעם טבעי 300 ג',נאמן לאורך זמן בעמ,,פופקורן למיקרוגל טבע,גרמים,300.00,100 גרם,false,,8.90,0.0297,true,1,2358513
7290018517154,false,פופקורן למיקרוגל חמא,RAMSEY,,פופקורן למיקרוגל חמא,גרמים,300.00,100 גרם,false,,8.90,0.0297,true,1,2358514
7290018571064,false,מקלוני טופי 450 גרם כשלפ,מיה תעשיות מזון מ.ת.מ. בעמ,,מקלוני טופי,גרמים,450.00,100 גרם,false,,22.90,0.0509,true,1,2399905
7290018571071,false,טופי פספסים 450 גרם כשלפ,מיה תעשיות מזון מ.ת.מ. בעמ,,טופי פספסים,גרמים,450.00,100 גרם,false,,22.90,0.0509,true,1,2399906
7290018571095,false,טופי ממולא בטעמי פירות 600 גרם כשלפ,מיה תעשיות מזון מ.ת.מ. בעמ,,סוכריות בטעם פירות,גרמים,600.00,100 גרם,false,,22.90,0.0382,true,1,2345769
7290018571507,false,סוכריות ויטמין סי לילדים דובונים יד למעלה 175 גרם מיה פלוס,מיה תעשיות מזון מ.ת.מ בעמ,,סוכריות ויטמין סי דו,גרמים,175.00,100 גרם,false,,39.90,0.2280,true,1,2427215
7290018571514,false,סוכריות ויטמין די ילדים דובונים יד למעלה 175 גרם מיה פלוס,מיה תעשיות מזון מ.ת.מ בעמ,,סוכריות ויטמין די דו,גרמים,175.00,100 גרם,false,,39.90,0.2280,true,1,2427220
7290018571521,false,סוכריות מולטי ויטמין ילדים דובונים יד למעלה 175 גרם מיה פלוס,מיה תעשיות מזון מ.ת.מ בעמ,,סוכריות מולטי ויטמין,גרמים,175.00,100 גרם,false,,39.90,0.2280,true,1,2427221
7290018571545,false,סוכריות ג'לי עם מיצוי כורכומין וג'ינג'ר למבוגרים,מיה תעשיות מזון מ.ת.מ בעמ,,סוכריות כורכומין מבו,גרמים,210.00,100 גרם,false,,39.90,0.1900,true,1,2427228
7290018571552,false,סוכריות ג'לי ללא סוכר עם חומצות שומן אומגה 3 למבוגרים,מיה תעשיות מזון מ.ת.מ בעמ,,סוכריות אומגה 3 ילדי,גרמים,240.00,100 גרם,false,,39.90,0.1662,true,1,2427223
7290018571606,false,תערובת תבלינים ראס אל חנות 70 גרם מיה,מיה תעשיות מזון מ.ת.מ בעמ,,תבלין ראס אל חות,גרמים,70.00,100 גרם,false,,7.90,0.1129,true,1,2399223
7290018571613,false,סוכריות אומגה 3 מבוגרים אצבעות מיה פלוס 210 גרם ללס,מיה תעשיות מזון מ.ת.מ בעמ,,סוכריות אומגה 3 מבוג,גרמים,210.00,100 גרם,false,,39.90,0.1900,true,1,2427229
7290018571620,false,סוכריות מולטי ויטמין נשים מבוגרים גבעות מיה פלוס 240 גרם,מיה תעשיות מזון מ.ת.מ בעמ,,סוכריות מולטי ויטמין,גרמים,240.00,100 גרם,false,,39.90,0.1662,true,1,2427230
7290018571637,false,סוכריות מולטי ויטמין גברים מבוגרים גבעות  220 גרם מיה פלוס,מיה תעשיות מזון מ.ת.מ בעמ,,סוכריות מולטי ויטמין,גרמים,220.00,100 גרם,false,,39.90,0.1814,true,1,2427231
7290018571644,false,סוכריות ג'לי ללא סוכר מולטי ויטמין בשילוב תוספת ביוטין,מיה תעשיות מזון מ.ת.מ בעמ,,סוכריות קוסמטיקה מבו,גרמים,210.00,100 גרם,false,,39.90,0.1900,true,1,2427232
7290018571682,false,גריל עוף בצנצנת מיה 300 גרם,מיה תעשיות מזון מ.ת.מ בעמ,,תערובת לתיבול גריל ע,גרמים,300.00,100 גרם,false,,29.90,0.0997,true,1,2399609
7290018571699,false,"קמח שקדים 250 גרם כשל""פ עד""ח",מיה תעשיות מזון מ.ת.מ. בעמ,,קמח שקדים,גרמים,250.00,100 גרם,false,,24.90,0.0996,true,1,2400173
7290018571705,false,"אורז יסמין 1 ק""ג מיה.",מיה תעשיות מזון מ.ת.מ. בעמ,,אורז יסמין 1 קג,קילוגרמים,1.00,"ק""ג",false,,12.90,12.9000,true,1,2413531
7290018571712,false,"אורז בסגנון פרסי 1 ק""ג",מיה תעשיות מזון מ.ת.מ. בעמ,,אורז פרסי 1 קג,קילוגרמים,1.00,"ק""ג",false,,12.90,12.9000,true,1,2413532
7290018571729,false,"אורז ריזוטו עגול 1 ק""ג מיה.",מיה תעשיות מזון מ.ת.מ. בעמ,,אורז ריזוטו עגול,קילוגרמים,1.00,"ק""ג",false,,9.90,9.9000,true,1,2413533
7290018571736,false,אורז בסמטי הודי 1ק''ג,מיה תעשיות מזון מ.ת.מ. בעמ,,אורז בסמטי 1 קג,קילוגרמים,1.00,"ק""ג",false,,12.90,12.9000,true,1,2413534
7290018620465,false,מאג ניו בון ציינה קו,,,מאג ניו בון ציינה קו,יחידה,0.00,יחידה,false,,7.90,0.0000,true,1,2367553
7290018652671,false,"לה קרמריה שוקולד וניל 1.4 ליטר [תו אי""ל]",נגה גלידות שותפות מוגבלת,,גלידה ל'קרמריה שוקול,ליטרים,1.40,ליטר,false,,20.90,14.9286,true,1,2405501
7290018652688,false,לה קרמריה פירות טרופיים ופירות יער נסטלה 700 גרם,נגה גלידות שותפות מוגבלת,,גלידה ל'קרמריה סורבה,ליטרים,1.40,ליטר,false,,20.90,14.9286,true,1,2405502
7290018652886,false,שלגונים בשומן צמחי בטעמי שוקו ובננה מצופים צימקאו,נגה גלידות שותפות מוגבלת,,מאגדת מצופים שוקו בנ,יח',8.00,יח',false,,27.90,3.4875,true,1,2405533
7290018652909,false,מאגדת מאגנום קפה שוקולד ופקאן 5 *43 ג' נסטלה,נגה גלידות שותפות מוגבלת,,מאגדת קפה שוקולד ופא,"י""ח",5.00,"י""ח",false,,29.90,5.9800,true,1,2405730
7290018652923,false,פרוייקט סער-תות עוגת גבינה נסטלה 5*43 גרם,נגה גלידות שותפות מוגבלת,,מאגדת עוגת גבינה ותו,יח',5.00,יח',false,,29.90,5.9800,true,1,2405527
7290018652947,false,קראנץ ליבת נוגט+אורז תפוח כלפ28*100ג,גלידות נסטלה,,גלידה קראנץ שוקולד ל,ליטרים,0.00,ליטר,false,,10.00,0.0000,true,1,2406696
7290018677087,false,"קרם קוקוס לל""ג אורגני נוטרה זן 1 ליטר",,,קרם קוקוס נוטרה זן 1,מיליליטרים,1000.00,"100 מ""ל",false,,19.90,0.0199,true,1,2398453
7290018677216,false,"פנה כוסמת לל""ג אורגני 250 גרם",,,פסטPRO כוסמת ללא גלו,גרמים,250.00,100 גרם,false,,16.90,0.0676,true,1,2398071
7290018698136,false,"קערית 6.5*13 ס""מ ז",,,"קערית 6.5*13 ס""מ ז",יחידה,0.00,יחידה,false,,19.90,0.0000,true,1,2345683
7290018699423,false,RAINBOW -מאג אפור בה,,,RAINBOW -מאג אפור בה,יחידה,0.00,יחידה,false,,16.90,0.0000,true,1,2367575
7290018700280,false,קערית 16 סמ פס זהב פ,,,קערית 16 סמ פס זהב פ,יחידה,0.00,יחידה,false,,34.90,0.0000,true,1,2367589
7290018700655,false,מאג BELLY פורצלן 400,,,מאג BELLY פורצלן 400,יחידה,0.00,יחידה,false,,19.90,0.0000,true,1,2416764
7290018703083,false,פראוד חטיף חלבון דאבל שוקולד 60 גרם קראנץ,דיפלומט מפיצים (1968) בעמ**,,חטיף פרוטאין דאבל ש,גרמים,60.00,100 גרם,false,,12.90,0.2150,true,1,2405807
7290018703229,false,חטיף חלבון טבעוני בטעם שוקולד אגוזי לו,דיפלומט מפיצים (1968) בעמ**,,חטיף פרוטאין טבעוני,גרמים,60.00,100 גרם,false,,12.90,0.2150,true,1,2405808
7290018703243,false,חטיף חלבון טבעוני בטעם קרמל קראנצ 60גר,דיפלומט מפיצים (1968) בעמ**,,חטיף פרוטאין טבעוני,גרמים,60.00,100 גרם,false,,12.90,0.2150,true,1,2405809
7290018703496,false,פראוד - חטיף חלבון בטעם בננה טופי 60 גרם,דיפלומט מפיצים (1968) בעמ**,,חטיף פרוטאין בננה ט,גרמים,60.00,100 גרם,false,,12.90,0.2150,true,1,2406535
7290018708118,false,חלבה וניל פיסטוק ללא סוכר בארכה 350 גרם,קבוצת אוסם סחר-שות.מוגבלת,,חלבה וניל פיסטוק ללא,גרמים,350.00,100 גרם,false,,15.90,0.0454,true,1,2381486
7290018724552,false,קמח שקדים ללא גלוטן 250 גרם,י.איטליאנו אחזקות בעמ,,קמח שקדים ללא גלוטן,גרמים,250.00,100 גרם,false,,23.90,0.0956,true,1,2378656
7290018724620,false,זוג מאפי פאי סויה טבעוני נטורלה 460 גר,י.איטליאנו אחזקות בעמ,,זוג מאפי פאי סויה טב,גרמים,460.00,100 גרם,false,,44.90,0.0976,true,1,2423805
7290018724637,false,זוג פאי שווארמה טבעוני נטורלה 460 גר`,י.איטליאנו אחזקות בעמ,,זוג מאפי פאי שווארמה,גרמים,460.00,100 גרם,false,,44.90,0.0976,true,1,2423806
7290018724651,false,מאפה בורקיטס פילו ת.,הטבעונית של סבתא מזל,,בורקיטס טבעוני  עם ג,גרמים,400.00,100 גרם,false,,34.90,0.0872,true,1,2423808
7290018724811,false,"זרעי פשתן ""נטורלה"" 400 גר",,,זרעי פשתן קופסא,גרמים,400.00,100 גרם,false,,12.90,0.0323,true,1,2332966
7290018724897,false,פירורי לחם ללא גלוטן 300 גרם אביב ירוק,,,פירורי לחם נטורלה לל,גרמים,300.00,100 גרם,false,,12.90,0.0430,true,1,2398454
7290018813539,false,"שטיח במבו 50/120 ס""מ",,,"שטיח במבו 50/120 ס""מ",יחידה,0.00,יחידה,false,,59.90,0.0000,true,1,2415971
7290018813553,false,מגירה/סלסלה במבוק או,,,מגירה/סלסלה במבוק או,יחידה,0.00,יחידה,false,,24.90,0.0000,true,1,2415973
7290018813560,false,מגירה/סלסלה במבוק או,,,מגירה/סלסלה במבוק או,יחידה,0.00,יחידה,false,,19.90,0.0000,true,1,2415974
7290018879658,false,שוקולד צ'יפס מריר 45% כרמית 250 גרם,"כרמית תעשיות ממתקים בע""\",,שוקולד ציפס מריר 45%,גרמים,250.00,100 גרם,false,,12.90,0.0516,true,1,2387084
7290018893005,false,"חטיפי בייגלה אפוי בטעם חרדל ודבש, 160 גרם",ש.שסטוביץ בעמ,,חטיף בייגלה אפוי בטע,גרמים,160.00,100 גרם,false,,6.90,0.0431,true,1,2378978
7290018893036,false,צ'וקטה ביסקוויט בטעם שוקוטלד במילוי קרם בטעם וניל 176 גרם,ש. שסטוביץ בע`מ,,עוגיות סנדוויץ בטעם,גרמים,176.00,100 גרם,false,,6.90,0.0392,true,1,2378959
7290018893081,false,עוגות מגולגלות במילוי קרם חלבי וציפוי בטעם שוקולד,ש. שסטוביץ בע`מ,,צוקטה עוגות מגולגלות,גרמים,222.00,100 גרם,false,,9.90,0.0446,true,1,2379331
7290018893098,false,צ'וקטה עוגויות ביסקוויט מצופה שוקולד חלב 100 גרם,דיסטרופר אוליבייר,,עוגיות מצופות בשוקול,גרמים,100.00,100 גרם,false,,10.90,0.1090,true,1,2383508
7290018893104,false,צ'וקטה עוגויות ביסקוויט מצופה שוקולד מריר 100 גרם,דיסטרופר אוליבייר,,עוגיות מצופות בשוקול,גרמים,100.00,100 גרם,false,,10.90,0.1090,true,1,2383509
7290018893111,false,צ'וקטה שוקולד מריר בלגי 70% 100 גרם,ש. שסטוביץ בע`מ,,שוקולד מריר בלגי 70%,גרמים,100.00,100 גרם,false,,8.90,0.0890,true,1,2387349
7290018893135,false,מקלות אפויים בתוספת מלח Salty,ש.שסטוביץ בעמ,,גריסיני צ'וקטה מלח 1,גרמים,120.00,100 גרם,false,,5.90,0.0492,true,1,2409543
7290018893142,false,צ'וקטה גריסיני בתוספת שמן זית 120 גרם,ש.שסטוביץ בעמ,,גריסיני צ'וקטה שמן ז,גרמים,120.00,100 גרם,false,,5.90,0.0492,true,1,2409544
7290018893258,false,צ'וקטה עוגות אישיות במילוי קרם קרמל ובציפוי בטעם שוקולד 300 גרם,פרדי קונדיטוריה אס.פ,,צוקטה עוגות אישיות.,גרמים,300.00,100 גרם,false,,11.90,0.0397,true,1,2366412
7290018893265,false,צ'וקטה עוגות אישיות בטעם שוקולד מריר 8 יח 240 גרם,"פרדי קונדיטוריה אס,פי.אי",,צוקטה עוגות אישיות.,גרמים,240.00,100 גרם,false,,14.90,0.0621,true,1,2366413
7290018893272,false,צוקטה בונבוניירה צדפות בלגי יוגטה 125 גרם,ש. שסטוביץ בע`מ,,בונבוניירה צדפות בלג,גרמים,125.00,100 גרם,false,,9.90,0.0792,true,1,2378980
7290018893289,false,צ'וקטה עוגות מגולגלות בטעם קקאו במילוי קרם קקאו וציפוי בטעם שוקולד 6 יח' 222 גרם,ש. שסטוביץ בע`מ,,צוקטה עוגות מגולגלות,גרמים,222.00,100 גרם,false,,9.90,0.0446,true,1,2379332
7290018893296,false,עוגיות חמאה מצופות שוקולד בעיטורי שוקולד לבן 100 ג',דיסטרופר אוליבייר,,עוגיות מיני חמאה מצו,גרמים,100.00,100 גרם,false,,8.90,0.0890,true,1,2381782
7290018893319,false,צ'וקטה שוקולד מריר בלגי 85% 100 גרם,ש. שסטוביץ בע`מ,,שוקולד מריר בלגי 85%,גרמים,100.00,100 גרם,false,,8.90,0.0890,true,1,2387344
7290018893340,false,מקלות אפויים בתוספת שומשום Salty,ש. שסטוביץ בע`מ,,גריסיני צ'וקטה שומשו,גרמים,120.00,100 גרם,false,,5.90,0.0492,true,1,2409545
7290018893401,false,צ'וקטה שוקולד מריר מוצקי קקאו 100 70% גרם,ש.שסטוביץ בעמ,,שוקולד מריר 70% צוקט,גרמים,100.00,100 גרם,false,,5.90,0.0590,true,1,2378994
7290018893418,false,שוקולד מריר 60% מארז 6 יח' *100 ג' צ'וקטה,ש. שסטוביץ בע`מ,,שוקולד מריר 60% שישי,גרמים,600.00,100 גרם,false,,19.90,0.0332,true,1,2378992
7290018893456,false,צ'וקטה עוגות אישיות במילוי קרם ובציפוי בטעם שוקולד 300 גרם,"פרדי קונדיטוריה אס,פי.אי",,צוקטה עוגות אישיות.,גרמים,300.00,100 גרם,false,,11.90,0.0397,true,1,2366414
7290018893487,false,צ`וקטה עוגות אישיות בטעם קוקוס 350 גרם,פרדי קונדטוריה אס פי,,צוקטה עוגות אישיות.,גרמים,350.00,100 גרם,false,,11.90,0.0340,true,1,2379333
7290018893494,false,עלי וופל דקים בטעם חמאה ציוקטה 100 גר,דיסטרופר אוליבייר,,עלי וופל דקים בטעם ח,גרמים,100.00,100 גרם,false,,8.90,0.0890,true,1,2378995
7290018893517,false,צ'וקטה בייגלה שטוח מצופה שוקולד מריר 80 גרם,ש.שסטוביץ בעמ,,בייגלה שטוח מצופה שו,גרמים,80.00,100 גרם,false,,6.90,0.0863,true,1,2385945
7290018893609,false,שוקולד מריר פרימיום 85% 100 גרם איגוד רבנים,ש.שסטוביץ בעמ,,שוקולד מריר 85% צוקט,גרמים,100.00,100 גרם,false,,5.90,0.0590,true,1,2378996
7290018893616,false,מארז צוקטה שוקולד מריר 48% 6*100 גר,ש. שסטוביץ בע`מ,,שישיית שוקולד מריר צ,גרמים,600.00,100 גרם,false,,19.90,0.0332,true,1,2378997
7290018893647,false,עוגיות סנדוויץ במילוי קרם וניל בציפוי שוקולד 150 גרם צ'וקטה,ש.שסטוביץ בעמ,,ביסקוויט סנדווי'ץ מצ,גרמים,150.00,100 גרם,false,,10.90,0.0727,true,1,2378998
7290018893661,false,עוגות אישיות במילוי קרם קקאו ציפוי בטעם שוקולד מריר,"פרדי קונדיטוריה אס,פי.אי",,צוקטה עוגות אישיות,גרמים,240.00,100 גרם,false,,14.90,0.0621,true,1,2366415
7290018893708,false,עוגיות סנדוויץ' במילוי קרם בטעם שוקולד,ש.שסטוביץ בעמ,,עוגיות סנדווי'ץ במיל,גרמים,250.00,100 גרם,false,,10.90,0.0436,true,1,2383515
7290018893715,false,צ'וקטה בייגלה שטוח מצופה שוקולד חלב 80 גרם,ש.שסטוביץ בעמ,,בייגלה שטוח מצופה שו,גרמים,80.00,100 גרם,false,,6.90,0.0863,true,1,2385946
7290018893753,false,עלי וופל חמאה בטעם לימון 100 גר` צוקטה,ש.שסטוביץ בעמ,,וופל חמאה בטעם לימון,גרמים,100.00,100 גרם,false,,8.90,0.0890,true,1,2414043
7290018893807,false,צוקטה בטעם שוקולד מריר 60% 3 יח' 300 גרם,אייברקקאו אס אי. יו,,שוקולד מריר 60% שליש,גרמים,300.00,100 גרם,false,,11.90,0.0397,true,1,2378982
7290018893814,false,צ'וקטה חמישיית שוקולד מריר 48%,הדקלאים אגודת שיתופי,,שוקולד מריר 48% אריז,גרמים,500.00,100 גרם,false,,17.90,0.0358,true,1,2378999
7290018893845,false,פתי בר ביסקוויט בטעם חמאה 400 גרם צ'וקטה,ש. שסטוביץ בע`מ,,ביסקוויט בטעם חמאה,גרמים,400.00,100 גרם,false,,6.90,0.0173,true,1,2378983
7290018893876,false,עוגות אישיות רכות עם מילוי קרם בטעם וניל,פרדי קונדיטוריה אס.פ,,צוקטה עוגות אישיות.,גרמים,200.00,100 גרם,false,,14.90,0.0745,true,1,2366420
7290018893906,false,עוגיות סנדוויץ' במילוי קרם בטעם וניל,ש.שסטוביץ בעמ,,עוגיות סנדווי'ץ במיל,גרמים,250.00,100 גרם,false,,10.90,0.0436,true,1,2383516
7290018893920,false,לוקיטוס סוכריות ג'לי בטעמי פירות 700 גרם,ש. שסטוביץ בע`מ,,סוכריות ג'לי בטעמי פ,גרמים,700.00,100 גרם,false,,17.90,0.0256,true,1,2426532
7290018893951,false,עלי וופל חמאה בטעם קינמון 100 גר` צוקטה,ש.שסטוביץ בעמ,,עוגיות וופל חמאה וקי,גרמים,100.00,100 גרם,false,,8.90,0.0890,true,1,2415556
7290018894002,false,קוביות וופל במילוי קרם קקאו - חלבי,ש. שסטוביץ בע`מ,,וופל קוביות קקאו בלק,גרמים,250.00,100 גרם,false,,9.90,0.0396,true,1,2388856
7290018894019,false,עוגות אישיות במילוי קרם חלבי ובציפוי קרם קקאו,ש. שסטוביץ בע`מ,,עוגות מיקס מקס חלב ב,גרמים,350.00,100 גרם,false,,11.90,0.0340,true,1,2389108
7290018894040,false,צ'וקטה שוקולד שוקולד חלב 5*100 גרם,ש. שסטוביץ בע`מ,,שוקולד חלב 1/5 100גר,גרמים,100.00,100 גרם,false,,19.90,0.1990,true,1,2427814
7290018894071,false,צוקטה מארז סביבון לחנוכה 225ג,ש.שסטוביץ בעמ,,צוקטה מארז סביבון לח,גרמים,225.00,100 גרם,false,,14.90,0.0662,true,1,2429489
7290018894200,false,וופל קוביות ווניל בלקוני 250 גרם,ש. שסטוביץ בע`מ,,וופל קוביות וניל בלק,גרמים,250.00,100 גרם,false,,9.90,0.0396,true,1,2388857
7290018894217,false,עוגות אישיות במילוי קרם קקאו ובציפוי קרם קקאו,ש. שסטוביץ בע`מ,,עוגות מיקס מקס קקאו,גרמים,350.00,100 גרם,false,,11.90,0.0340,true,1,2389109
7290018894248,false,צ'וקטה - שוקולד חלב שלישייה 3 * 100 גרם,ש. שסטוביץ בע`מ,,שוקולד חלב שלישייה צ,גרמים,300.00,100 גרם,false,,11.90,0.0397,true,1,2424082
7290018894408,false,קוביות וופל במילוי קרם אגוזי לוז - חלבי,ש. שסטוביץ בע`מ,,וופל קוביות אגוזים ב,גרמים,250.00,100 גרם,false,,9.90,0.0396,true,1,2388858
7290018894606,false,בלקוני וופל קקאו 175 גרם חלבי OU,ש. שסטוביץ בע`מ,,וופל קקאו בלקוני 175,גרמים,175.00,100 גרם,false,,7.90,0.0451,true,1,2388859
7290018894804,false,וופלים במילוי קרם אגוזי לוז - חלבי,ש. שסטוביץ בע`מ,,וופל אגוזים בלקוני 1,גרמים,175.00,100 גרם,false,,7.90,0.0451,true,1,2388860
7290018921067,false,"ד""ר פישר - אפקטיב קר תחליב רחצה שמן שקדים 700 מ""ל","פישר תעשיות פרמצביטות בע""מ",,תחליב רחצה אפקטיב קר,מיליליטרים,700.00,"100 מ""ל",false,,12.90,0.0184,true,1,2385490
7290018921166,false,קמיל אל סבון להזנת העור מועשר באצות-ים 1 ליטר,"פישר תעשיות פרמבצטיות בע""מ",,קמיל בלו אל סבון 1,ליטרים,1.00,ליטר,false,,15.90,15.9000,true,1,2379321
7290018921203,false,"קמיל בלו קרם החתלה קמומיל 120 ג' ד""ר פישר","פישר תעשיות פרמבצטיות בע""מ",,משחה לתינוק קמיל בלו,גרמים,120.00,100 גרם,false,,14.90,0.1242,true,1,2421679
7290018921609,false,"ד""ר פישר - קמיל בלו קרם החתלה קלנדולה 120 גרם","פישר תעשיות פרמצבטיות בע""מ",,משחה לתינוק קמיל בלו,גרמים,120.00,100 גרם,false,,14.90,0.1242,true,1,2421680
7290018921654,false,"ד""ר פישר - אפקטיב קר תחליב רחצה תמצית לוונדר 700 מ""ל","פישר תעשיות פרמצבטיות בע""מ",,תחליב רחצה אפקטיב קר,מיליליטרים,700.00,"100 מ""ל",false,,12.90,0.0184,true,1,2385493
7290018921753,false,קמיל אל סבון היגייני לניקוי יסודי מועשר בלחות 1 ליטר,"פישר תעשיות פרמבצטיות בע""מ",,קמיל בלו אל סבון 1,ליטרים,1.00,ליטר,false,,15.90,15.9000,true,1,2379322
7290018921807,false,"קמיל בלו משחת החתלה צמחי מרפא 120 ג' ד""ר פישר","פישר תעשיות פרמצבטיות בע""מ",,פסטה קמיל בלו קרם צמ,גרמים,120.00,100 גרם,false,,14.90,0.1242,true,1,2421681
7290018921852,false,"תחליב רחצה מועשר בשמן ארגן 700 מ""ל אפקטיב קר","פישר תעשיות פרמצבטיות בע""מ",,תחליב רחצה אפקטיב קר,מיליליטרים,700.00,"100 מ""ל",false,,12.90,0.0184,true,1,2385494
7290018925065,false,מיץ תפוזים סחוט פרימור (2 ליטר),שטראוס גרופ בעמ/מצונן,,מיץ תפוזים סחוט 2 לי,ליטרים,2.00,ליטר,false,,26.90,13.4500,true,1,2379215
7290018925072,false,פרימור טרי מיץ לימונים עם נענע 2 ליטר,שטראוס גרופ בעמ/מצונן,,משקה לימונים ונענע 2,ליטרים,2.00,ליטר,false,,26.90,13.4500,true,1,2379216
7290018925089,false,"מיץ פרימור תפו""ע צלול סחוט 2 ליטר-",שטראוס גרופ בעמ/מצונן,,מיץ תפוחים צלול 2 לי,ליטרים,2.00,ליטר,false,,26.90,13.4500,true,1,2379217
7290018925096,false,משקה קל תפוזים פרימור 1.5 ליטר,פרימור,,משקה קל תפוזים 1.5 ל,ליטרים,1.50,ליטר,false,,7.90,5.2667,true,1,2378590
7290018925102,false,משקה קל ענבים פרימור 1.5 ליטר,גניר (1992) בעמ,,משקה קל ענבים 1.5 לי,ליטרים,1.50,ליטר,false,,7.90,5.2667,true,1,2378591
7290018925119,false,משקה קל דיאט אשכוליות פרימור 1.5 ליטר,פרימור,,משקה קל דיאט אשכוליו,ליטרים,1.50,ליטר,false,,7.90,5.2667,true,1,2378592
7290018925126,false,משקה קל תפוחי עץ פרימור 1.5 ליטר,גניר (1992) בעמ,,משקה קל תפוחי עץ 1.,ליטרים,1.50,ליטר,false,,7.90,5.2667,true,1,2378593
7290018925133,false,פרימור משקה קל מנגו ‏5‏.‏1‏ ליטר,פרימור,,משקה קל מנגו 1.5 ליט,ליטרים,1.50,ליטר,false,,7.90,5.2667,true,1,2378601
7290018925140,false,משקה קל אשכוליות פרימור 1.5 ליטר,פרימור,,משקה קל אשכוליות 1.5,ליטרים,1.50,ליטר,false,,7.90,5.2667,true,1,2378594
7290018925157,false,משקה קל לימונים פרימור 1.5 ליטר,פרימור,,משקה קל לימונים 1.5,ליטרים,1.50,ליטר,false,,7.90,5.2667,true,1,2378595
7290018925409,false,משקה לימון ואננס 400 מל פרימור,שטראוס גרופ בעמ/מצונן,,מיץ לימון ואננס 400,מיליליטרים,400.00,"100 מ""ל",false,,7.90,0.0197,true,1,2410032
7290018925416,false,פרימור סחוט לימון ופסיפלורה 400 מל,שטראוס גרופ בעמ/מצונן,,מיץ לימון ופסיפלורה,מיליליטרים,400.00,"100 מ""ל",false,,7.90,0.0197,true,1,2410033
7290018989005,false,שלישיית פולפה עגבניות טבעי יכין 400X3 גרם,זנלכול יכין,,שימורי עגבניות פולפה,גרמים,1200.00,100 גרם,false,,16.90,0.0141,true,1,2388632
7290019015017,false,נר ריחני מראה,,,נר מראה,יחידה,0.00,יחידה,false,,34.90,0.0000,true,1,2384465
7290019015185,false,דפיוזר בוהו(פרחים לבנים),מוסקו בעמ,,"דפיוזר בוהו 200 מ""ל",יחידה,0.00,יחידה,false,,49.90,0.0000,true,1,2384467
7290019015192,false,דפיוזר פרימיום מקלות,,,דפיוזר פרימיום,יחידה,0.00,יחידה,false,,49.90,0.0000,true,1,2384468
7290019015680,false,כפפת רחצה מסיבים מסו,,,כפפת רחצה,יחידה,0.00,יחידה,false,,15.90,0.0000,true,1,2416986
7290019015697,false,רצועת רחצה מסיבים מס,,,רצועת רחצה,יחידה,0.00,יחידה,false,,14.90,0.0000,true,1,2416987
7290019015703,false,כפפת רחצה הידרופילית,,,כפפת רחצה,יחידה,0.00,יחידה,false,,19.90,0.0000,true,1,2416988
7290019015710,false,מטלית רחצה מסיבים מס,,,מטלית רחצה,יחידה,0.00,יחידה,false,,19.90,0.0000,true,1,2416989
7290019015772,false,"בקבוק טריטן 750 מ""ל",,,"בקבוק טריטן 750 מ""ל",יחידה,0.00,יחידה,false,,34.90,0.0000,true,1,2403946
7290019015796,false,"קערה קטנה 15 ס""מ במב",,,"קערה קטנה 15 ס""מ במב",יחידה,0.00,יחידה,false,,14.90,0.0000,true,1,2403947
7290019015840,false,כוס שתייה במבוק,,,כוס שתייה במבוק,יחידה,0.00,יחידה,false,,9.90,0.0000,true,1,2403952
7290019035053,false,מלון ירוק קוביות קפוא 500 ג' פילד גוד,דה נייל אג'יפטיאן פו,,מלון ירוק קוביות 500,גרמים,500.00,100 גרם,false,,9.90,0.0198,true,1,2408260
7290019035060,false,חצאי משמש קפוא פילד,דה נייל אג'יפטיאן פו,,חצאי משמש קפואים 500,גרמים,500.00,100 גרם,false,,9.90,0.0198,true,1,2408261
7290019035091,false,רימון קפוא פילד גוד,דה נייל אג'יפטיאן פו,,רימון 500 גרם ארוז,גרמים,500.00,100 גרם,false,,9.90,0.0198,true,1,2408251
7290019035220,false,תערובת פירות יער קפוא 600ג' פילד גוד,קונגלדוס אקיואטוריאנ,,מיקס פירות קפואים 4*,גרמים,600.00,100 גרם,false,,29.90,0.0498,true,1,2408263
7290019035244,false,מיקס פירות קפואים פסיפלורה/ בננה/פפי,קונגלדוס אקיואטוריאנ,,מיקס פירות קפואים 4*,גרמים,600.00,100 גרם,false,,29.90,0.0498,true,1,2408264
7290019035251,false,מיקס פירות אננס בננה,קונגלדוס אקיואטוריאנ,,מיקס פירות קפואים 4*,גרמים,600.00,100 גרם,false,,29.90,0.0498,true,1,2408265
7290019035329,false,מיקס פירות תות קפוא 600 ג' פילד גוד,קונגלדוס אקיואטוריאנ,,מיקס פירות קפואים 4*,גרמים,600.00,100 גרם,false,,29.90,0.0498,true,1,2408266
7290019039846,false,ערכת לפידונים משמן ז,,,ערכת לפידונים משמן ז,יח',44.00,יח',false,,39.90,0.9068,true,1,2428943
7290019056027,false,שוופס מוגז פירות תפוחים ללא סוכר 1.5 ליטר פיקדון,יפאורה - שותפות מוגבלת לשיווק,,שוופס מוגז תפוחים לל,ליטרים,1.50,ליטר,false,,8.90,5.9333,true,1,2380860
7290019056034,false,שוופס מוגז פירות אננס ללא סוכר 1.5 ליטר פיקדון,יפאורה - שותפות מוגבלת לשיווק,,שוופס מוגז אננס ללא,ליטרים,1.50,ליטר,false,,8.90,5.9333,true,1,2380861
7290019056041,false,שוופס מוגז פירות לימונייד ללא סוכר 1.5 ליטר פיקדון,יפאורה - שותפות מוגבלת לשיווק,,שוופס מוגז פירות ללא,ליטרים,1.50,ליטר,false,,8.90,5.9333,true,1,2380862
7290019056058,false,שוופס מוגז עדין תפוח ליים 1.5 ליטר פיקדון,יפאורה - שותפות מוגבלת לשיווק,,שוופס מוגז עדין 1.5,ליטרים,1.50,ליטר,false,,8.90,5.9333,true,1,2380844
7290019056065,false,שוופס מוגז עדין פירות יער 1.5 ליטר פיקדון,יפאורה - שותפות מוגבלת לשיווק,,שוופס מוגז עדין 1.5,ליטרים,1.50,ליטר,false,,8.90,5.9333,true,1,2380845
7290019056072,false,שוופס מוגז עדין אננס 1.5 ליטר פיקדון,יפאורה - שותפות מוגבלת לשיווק,,שוופס מוגז עדין 1.5,ליטרים,1.50,ליטר,false,,8.90,5.9333,true,1,2380846
7290019056089,false,שוופס מוגז עדין ענבי ריזלינג 1.5 ליטר פיקדון,יפאורה - שותפות מוגבלת לשיווק,,שוופס ריזלינג מוגז ע,ליטרים,1.50,ליטר,false,,8.90,5.9333,true,1,2380847
7290019056096,false,שוופס מוגז עדין אפרסק 1.5 ליטר פיקדון,יפאורה - שותפות מוגבלת לשיווק,,שוופס מוגז עדין 1.5,ליטרים,1.50,ליטר,false,,8.90,5.9333,true,1,2380848
7290019056119,false,שוופס סודה 1.5 ליטר פיקדון,יפאורה שותפות מוגבלת לשיווק,,סודה שוופס 1.5 ליטר,ליטרים,1.50,ליטר,false,,3.20,2.1333,true,1,2380811
7290019056126,false,שוופס סודה לימון 1.5 ליטר בק' בודד פיקדון,יפאורה - שותפות מוגבלת לשיווק,,שוופס סודה לימון 1.5,ליטרים,1.50,ליטר,false,,3.20,2.1333,true,1,2380823
7290019056133,false,שוופס סודה נענע ליים 1.5 ליטר בק' בודד,יפאורה שותפות מוגבלת לשיווק,,סודה שוופס נענע ליים,ליטרים,1.50,ליטר,false,,3.20,2.1333,true,1,2380824
7290019056157,false,שוופס סודה פירות יער 1.5 ליטר בק' בודד פיקדון,יפאורה - שותפות מוגבלת לשיווק,,סודה שוופס פירות יער,ליטרים,1.50,ליטר,false,,3.20,2.1333,true,1,2380849
7290019056164,false,שוופס סודה 1.5 ליטר רביעייה פיקדון,יפאורה - שותפות מוגבלת לשיווק,,מארז שוופס סודה 1.5,ליטרים,6.00,ליטר,false,,12.10,2.0167,true,1,2380812
7290019056171,false,שוופס סודה לימון 1.5 ליטר רביעייה פיקדון,יפאורה - שותפות מוגבלת לשיווק,,רביעית שוופס סודה לי,ליטרים,6.00,ליטר,false,,12.10,2.0167,true,1,2380826
7290019056188,false,שוופס סודה נענע ליים 1.5 ליטר רביעייה פיקדון,יפאורה - שותפות מוגבלת לשיווק,,מארז 4 יח' שוופס סוד,ליטרים,6.00,ליטר,false,,12.10,2.0167,true,1,2380827
7290019056195,false,שוופס סודה למון גראס ג'ינג'ר 1.5 ליטר רביעייה פיקדון,"יפאורה תבורי בע""\מ",,מארז שוופס סודה למון,ליטרים,6.00,ליטר,false,,12.10,2.0167,true,1,2380828
7290019056201,false,שוופס סודה פירות יער 1.5 ליטר רביעייה פיקדון,יפאורה - שותפות מוגבלת לשיווק,,מארז 4 יח' שוופס סוד,ליטרים,6.00,ליטר,false,,12.10,2.0167,true,1,2380838
7290019056232,false,משקה מוגז בטעם ליים מוחיטו 1.5 ל' שוופס,יפאורה - שותפות מוגבלת לשיווק,,שוופס מוגז ליים מוחי,ליטרים,1.50,ליטר,false,,9.50,6.3333,true,1,2380863
7290019056249,false,שוופס מים בטעמים ענבים 1.5 ליטר פיקדון,יפאורה - שותפות מוגבלת לשיווק,,שוופס Water ענבים 1.,ליטרים,1.50,ליטר,false,,8.90,5.9333,true,1,2380798
7290019056256,false,שוופס מים בטעמים תפוחים 1.5 ליטר פיקדון,יפאורה - שותפות מוגבלת לשיווק,,שוופס Water תפוחים 1,ליטרים,1.50,ליטר,false,,8.90,5.9333,true,1,2380799
7290019056263,false,שוופס מים בטעמים אפרסק 1.5 ליטר פיקדון,יפאורה - שותפות מוגבלת לשיווק,,שוופס Water אפרסק 1.,ליטרים,1.50,ליטר,false,,8.90,5.9333,true,1,2380800
7290019056270,false,שוופס מים בטעמים פירות יער 1.5 ליטר פיקדון,יפאורה - שותפות מוגבלת לשיווק,,שוופס Water פירות יע,ליטרים,1.50,ליטר,false,,8.90,5.9333,true,1,2380801
7290019056287,false,שוופס מים בטעמים אפרסק ללא סוכר 1.5 ליטר פיקדון,יפאורה - שותפות מוגבלת לשיווק,,שוופס Water אפרסק לל,ליטרים,1.50,ליטר,false,,8.90,5.9333,true,1,2380802
7290019056294,false,שוופס ג`ינג`ר אייל 1.5 ליטר פיקדון,יפאורה - שותפות מוגבלת לשיווק,,"שוופס ג""ינג""ר 1.5 לי",ליטרים,1.50,ליטר,false,,11.90,7.9333,true,1,2380864
7290019056300,false,משקה בטעם ביטר לימון 1.5 ל' שוויפס,יפאורה - שותפות מוגבלת לשיווק,,שוופס ביטר לימון 1.5,ליטרים,1.50,ליטר,false,,11.90,7.9333,true,1,2380865
7290019056317,false,שוופס ראשן 1.5 ליטר פיקדון,יפאורה - שותפות מוגבלת לשיווק,,שוופס RUSSCHIAN,ליטרים,1.50,ליטר,false,,11.90,7.9333,true,1,2380870
7290019056324,false,שוופס טוניק 1.5 ליטר פיקדון,יפאורה - שותפות מוגבלת לשיווק,,שוופס טוניק 1.5 ליטר,ליטרים,1.50,ליטר,false,,11.90,7.9333,true,1,2380871
7290019056331,false,שוופס טוניק ללא סוכר 1.5 ליטר פיקדון,יפאורה - שותפות מוגבלת לשיווק,,שוופס טוניק ללא סוכר,ליטרים,1.50,ליטר,false,,10.90,7.2667,true,1,2380876
7290019056355,false,תפוזינה לימונדה מיקס לימונענע 1.5 ליטר,יפאורה - שותפות מוגבלת לשיווק,,תפוזינה 1.5 ליטר לימ,ליטרים,1.50,ליטר,false,,8.90,5.9333,true,1,2380751
7290019056362,false,תפוזינה משקה קל ענבים 1.5 ליטר,יפאורה - שותפות מוגבלת לשיווק,,תפוזינה 1.5 ליטר ענב,ליטרים,1.50,ליטר,false,,8.90,5.9333,true,1,2380752
7290019056379,false,משקה קל תפוזינה 1.5 ליטר תפוזים,יפאורה - שותפות מוגבלת לשיווק,,תפוזינה 1.5 ליטר תפו,ליטרים,1.50,ליטר,false,,8.90,5.9333,true,1,2380753
7290019056386,false,משקה קל תפוזינה 1.5 ליטר אשכוליות,יפאורה - שותפות מוגבלת לשיווק,,תפוזינה 1.5 ליטר אשכ,ליטרים,1.50,ליטר,false,,8.90,5.9333,true,1,2380754
7290019056393,false,משקה קל תפוזינה 1.5 ליטר תות בננה,יפאורה - שותפות מוגבלת לשיווק,,תפוזינה 1.5 ליטר תות,ליטרים,1.50,ליטר,false,,8.90,5.9333,true,1,2380755
7290019056409,false,תפוזינה משקה קל מנגו עסיסי1.5ליטר,יפאורה - שותפות מוגבלת לשיווק,,תפוזינה 1.5 ליטר מנג,ליטרים,1.50,ליטר,false,,8.90,5.9333,true,1,2380756
7290019056423,false,תפוזינה משקה קל תפוח רענן 1.5ליטר,יפאורה - שותפות מוגבלת לשיווק,,תפוזינה 1.5 ליטר תפו,ליטרים,1.50,ליטר,false,,8.90,5.9333,true,1,2380758
7290019056430,false,משקה קל תפוזינה 1.5 ליטר תפוזים לייט,יפאורה - שותפות מוגבלת לשיווק,,תפוזינה 1.5 ליטר תפו,ליטרים,1.50,ליטר,false,,7.90,5.2667,true,1,2380759
7290019056454,false,משקה מוגז בטעם קולה 1.5 ל' אר סי,יפאורה שותפות מוגבלת לשיווק,,RC קולה 1.5 ליטר,ליטרים,1.50,ליטר,false,,6.90,4.6000,true,1,2380892
7290019056461,false,מארז משקה בטעם קולה שישייה * 1.5 ל' אר.סי,יפאורה - שותפות מוגבלת לשיווק,,RC קולה שישיית 1.5,ליטרים,9.00,ליטר,false,,39.90,4.4333,true,1,2380893
7290019056478,false,ספרינג טי קר אפרסק 1.5ליטר פיקדון,יפאורה - שותפות מוגבלת לשיווק,,ספרינג TEA אפרסק 1.5,ליטרים,1.50,ליטר,false,,7.90,5.2667,true,1,2380779
7290019056485,false,ספריג תה ירוק לימון לואיזה 1.5 ליטר פיקדון,יפאורה - שותפות מוגבלת לשיווק,,ספרינג TEA תה ירוק ל,ליטרים,1.50,ליטר,false,,7.90,5.2667,true,1,2380780
7290019056492,false,ספרינג תה מנגו אפרסק 1.5 ליטר פיקדון,יפאורה - שותפות מוגבלת לשיווק,,ספרינג TEA תה מנגו א,ליטרים,1.50,ליטר,false,,7.90,5.2667,true,1,2380781
7290019056515,false,פרוט ווטר אננס 1.5 ליטר פיקדון,יפאורה - שותפות מוגבלת לשיווק,,משקה Fruit Water אננ,ליטרים,1.50,ליטר,false,,8.90,5.9333,true,1,2380788
7290019056522,false,פרוט ווטר תות 1.5 ליטר פיקדון,יפאורה - שותפות מוגבלת לשיווק,,משקה Fruit Water תות,ליטרים,1.50,ליטר,false,,8.90,5.9333,true,1,2380789
7290019056539,false,פרוט ווטר אפרסק 1.5 ליטר פיקדון,יפאורה שותפות מוגבלת לשיווק,,משקה Fruit Water אפר,ליטרים,1.50,ליטר,false,,8.90,5.9333,true,1,2380790
7290019056546,false,פרוט ווטר אבטיח 1.5 ליטר פיקדון,יפאורה - שותפות מוגבלת לשיווק,,משקה Fruit Water אבט,ליטרים,1.50,ליטר,false,,8.90,5.9333,true,1,2380791
7290019056553,false,שישיית מים מינרלים עין גדי 2 ליטר,יפאורה - שותפות מוגבלת לשיווק,,עין גדי מים שישייה 2,ליטרים,12.00,ליטר,false,,12.70,1.0583,true,1,2380736
7290019056560,false,עין גדי מים מינרלים בקבוק 2 ליטר,יפאורה שותפות מוגבלת לשיווק,,עין גדי 2 ליטר מים,ליטרים,2.00,ליטר,false,,3.20,1.6000,true,1,2380902
7290019056577,false,ספרינג קל מנגו 1.5 ליטר פיקדון,יפאורה - שותפות מוגבלת לשיווק,,ספרינג מנגו 1.5 ליטר,ליטרים,1.50,ליטר,false,,8.90,5.9333,true,1,2380737
7290019056584,false,משקה קל תפוזים ספרינג 1.5 ליטר,יפאורה - שותפות מוגבלת לשיווק,,ספרינג תפוזים 1.5 לי,ליטרים,1.50,ליטר,false,,8.90,5.9333,true,1,2380738
7290019056591,false,משקה קל ענבים ספרינג 1.5 ליטר,יפאורה - שותפות מוגבלת לשיווק,,ספרינג ענבים 1.5 ליט,ליטרים,1.50,ליטר,false,,8.90,5.9333,true,1,2380739
7290019056607,false,משקה קל תפוחים ספרינג 1.5 ליטר,יפאורה - שותפות מוגבלת לשיווק,,ספרינג תפוחים 1.5 לי,ליטרים,1.50,ליטר,false,,8.90,5.9333,true,1,2380740
7290019056614,false,משקה קל ספרינג 1.5 ליטר אפרסק,יפאורה - שותפות מוגבלת לשיווק,,ספרינג אפרסק 1.5 ליט,ליטרים,1.50,ליטר,false,,8.90,5.9333,true,1,2380741
7290019056621,false,משקה קל פירות טרופיים ספרינג 1.5 ליטר,יפאורה - שותפות מוגבלת לשיווק,,ספרינג פירות טרופיים,ליטרים,1.50,ליטר,false,,8.90,5.9333,true,1,2380742
7290019056638,false,משקה קל תות בננה ספרינג 1.5 ליטר,יפאורה - שותפות מוגבלת לשיווק,,ספרינג תות בננה 1.5,ליטרים,1.50,ליטר,false,,8.90,5.9333,true,1,2380743
7290019056645,false,משקה קל ספרינג 1.5 ליטר אגס תפוח סברס,יפאורה - שותפות מוגבלת לשיווק,,ספרינג אגס תפוח סברס,ליטרים,1.50,ליטר,false,,8.90,5.9333,true,1,2380744
7290019056652,false,משקה קל ספרינג 1.5 ליטר אננס בננה,יפאורה - שותפות מוגבלת לשיווק,,ספרינג אננס בננה 1.5,ליטרים,1.50,ליטר,false,,8.90,5.9333,true,1,2380745
7290019056676,false,משקה קל אשכולית אננס דיאט ספרינג 1.5 ליטר,יפאורה - שותפות מוגבלת לשיווק,,ספרינג אשכוליות אננס,ליטרים,1.50,ליטר,false,,7.90,5.2667,true,1,2380761
7290019056737,false,משקה קל קריסטל (2 ליטר)אשכוליות,יפאורה - שותפות מוגבלת לשיווק,,קריסטל אשכוליות,ליטרים,2.00,ליטר,false,,7.90,3.9500,true,1,2380878
7290019056744,false,קריסטל מיץ תפוזים 2 ליטר פיקדון,יפאורה - שותפות מוגבלת לשיווק,,קריסטל תפוזים,ליטרים,2.00,ליטר,false,,7.90,3.9500,true,1,2380879
7290019056751,false,קריסטל מיץ אשכוליות דיאט 2 ליטר פיקדון,יפאורה - שותפות מוגבלת לשיווק,,קריסטל דיאט אשכולית,ליטרים,2.00,ליטר,false,,6.90,3.4500,true,1,2380880
7290019056775,false,משקה קל קריסטל (2 ליטר)מוגז ענבים,יפאורה - שותפות מוגבלת לשיווק,,קריסטל ענבים,ליטרים,2.00,ליטר,false,,7.90,3.9500,true,1,2380882
7290019056782,false,משקה קל קריסטל (2 ליטר)מוגז למון ליים,יפאורה - שותפות מוגבלת לשיווק,,קריסטל לימון,ליטרים,2.00,ליטר,false,,7.90,3.9500,true,1,2380883
7290019056799,false,משקה קל קריסטל (2 ליטר)מוגז אקזוטי,יפאורה - שותפות מוגבלת לשיווק,,קריסטל אקזוטי מוגז,ליטרים,2.00,ליטר,false,,7.90,3.9500,true,1,2380884
7290019056805,false,משקה קל קריסטל (2 ליטר)מוגז תפוחים,יפאורה - שותפות מוגבלת לשיווק,,קריסטל תפוח מוגז,ליטרים,2.00,ליטר,false,,7.90,3.9500,true,1,2380885
7290019056812,false,משקה קל קריסטל (2 ליטר)מוגז מנטה,יפאורה - שותפות מוגבלת לשיווק,,קריסטל מנטה,ליטרים,2.00,ליטר,false,,7.90,3.9500,true,1,2380886
7290019056829,false,משקה קל קריסטל (2 ליטר)מוגז תפוזים,יפאורה - שותפות מוגבלת לשיווק,,קריסטל אורנג',ליטרים,2.00,ליטר,false,,7.90,3.9500,true,1,2380887
7290019056836,false,משקה קל קריסטל (2 ליטר)מוגז תות,יפאורה - שותפות מוגבלת לשיווק,,קריסטל תות,ליטרים,2.00,ליטר,false,,7.90,3.9500,true,1,2380894
7290019056843,false,משקה קל קריסטל (2 ליטר)מוגז קולה,יפאורה - שותפות מוגבלת לשיווק,,קריסטל קולה,ליטרים,2.00,ליטר,false,,7.90,3.9500,true,1,2380895
7290019056850,false,ספרינג תה אפרסק דיאט 1.5 ליטר פיקדון,יפאורה - שותפות מוגבלת לשיווק,,ספרינג תה 1.5 אפרסק,ליטרים,1.50,ליטר,false,,7.90,5.2667,true,1,2380782
7290019056959,false,מי עדן בקבוק מתכווץ שקט 1.5 מ``ל,יפאורה - שותפות מוגבלת לשיווק,,מי עדן 1.5 ליטר,ליטרים,1.50,ליטר,false,,2.90,1.9333,true,1,2380896
7290019056973,false,מי עדן שישיה בק `1.5ליטר פיקדון,יפאורה - שותפות מוגבלת לשיווק,,מי עדן שישייה 1.5 לי,ליטרים,9.00,ליטר,false,,13.70,1.5222,true,1,2380897
7290019074090,false,"ד""ר פישר - קמיל בלו אקסטרה סופט אל סבון לתינוק 500 מ""ל","פישר תעשיות פרמצביטות בע""מ",,אלסבון קמיל בלו אקסט,מיליליטרים,500.00,"מ""ל",false,,22.90,0.0458,true,1,2421691
7290019074885,false,"ד""ר פישר - קמיל בלו אקסטרה סופט קרם גוף לתינוק 500 מ""ל","פישר תעשיות פרמצביטות בע""מ",,קרם גוף קמיל בלו אקס,מיליליטרים,500.00,"100 מ""ל",false,,24.90,0.0498,true,1,2421692
7290019074953,false,"אפקטיב קר תחליב רחצה מועשר תמצית אלוורה 450 מ""ל",פישר תעשיות פרמבצטיות בעמ,,תחליב רחצה אפקטיב קר,מיליליטרים,450.00,"100 מ""ל",false,,14.90,0.0331,true,1,2413543
7290019075103,false,קמיל בלו אקסטרה סופט שמפו לתינוק 1 ליטר,"פישר תעשיות פרמצביטות בע""מ",,שמפו קמיל בלו אקסטר,ליטרים,1.00,ליטר,false,,32.90,32.9000,true,1,2421693
7290019075400,false,"אפקטיב קר תחליב רחצה מועשר בשיבולת שועל 700 מ""ל","פישר תעשיות פרמבצטיות בע""מ",,תחליב רחצה אפקטיב קר,מיליליטרים,700.00,"100 מ""ל",false,,12.90,0.0184,true,1,2416124
7290019075608,false,"אפקטיב קר תחליב רחצה מועשר בתה ירוק ויסמין 700 מ""ל","פישר תעשיות פרמבצטיות בע""מ",,תחליב רחצה אפקטיב קר,מיליליטרים,700.00,"100 מ""ל",false,,12.90,0.0184,true,1,2416125
7290019075899,false,קמיל בלו אקסטרה סופט אל סבון לתינוק 1 ליטר,"פישר תעשיות פרמצביטות בע""מ",,אלסבון קמיל בלו אקסט,ליטרים,1.00,ליטר,false,,32.90,32.9000,true,1,2421686
7290019088479,false,מברשת אסלה שחור - סו,,,מברשת אסלה שחור - סו,יחידה,0.00,יחידה,false,,49.90,0.0000,true,1,2395078
7290019142461,false,מאג ניו בון ציינה צי,,,מאג ניו בון ציינה צי,יחידה,0.00,יחידה,false,,14.90,0.0000,true,1,2416804
7290019144144,false,מאג ניו בון ציינה גד,,,מאג ניו בון ציינה גד,יחידה,0.00,יחידה,false,,19.90,0.0000,true,1,2398179
7290019144151,false,מאג ניו בון ציינה OP,,,מאג ניו בון ציינה OP,יחידה,0.00,יחידה,false,,14.90,0.0000,true,1,2398180
7290019144274,false,כלי לרוטב חמאון 8X2,,,כלי לרוטב חמאון 8X2,יחידה,0.00,יחידה,false,,5.90,0.0000,true,1,2398191
7290019153023,false,אר.סי. קולה ללא סוכר 1.5 ל' מארז רביעייה,יפאורה שותפות מוגבלת לשיווק,,אר סי 1.5 רביעייה לל,ליטרים,6.00,ליטר,false,,23.90,3.9833,true,1,2399167
7290019153078,false,שוופס ביטר למון 1.5 לייט ליטר פיקדון,יפאורה - שותפות מוגבלת לשיווק,,שוופס ביטר למון לייט,ליטרים,1.50,ליטר,false,,10.90,7.2667,true,1,2388656
7290019153085,false,שוופס מוגז ליים מוחיטו ללא סוכר 1.5 ליטר-,יפאורה - שותפות מוגבלת לשיווק,,שוופס ליים מוחיטו לל,ליטרים,1.50,ליטר,false,,9.50,6.3333,true,1,2388651
7290019153221,false,שוופס סודה בטעם אננס 0.5 ליטר,יפאורה שותפות מוגבלת לשיווק,,שוופס סודה אננס 0.5,ליטרים,0.50,ליטר,false,,4.20,8.4000,true,1,2403586
7290019153238,false,שוופס סודה בטעם תפוח 0.5 ליטר,יפאורה - שותפות מוגבלת לשיווק,,שוופס סודה תפוח 0.5,ליטרים,0.50,ליטר,false,,4.20,8.4000,true,1,2403587
7290019153245,false,שוופס סודה לימון מוגז עדין 0.50,יפאורה - שותפות מוגבלת לשיווק,,שוופס סודה לימון 0.5,ליטרים,0.50,ליטר,false,,4.20,8.4000,true,1,2403588
7290019153252,false,שוופס סודה תפוח 1.5 ליטר רביעייה פיקדון,יפאורה - שותפות מוגבלת לשיווק,,רביעית שוופס סודה תפ,ליטרים,6.00,ליטר,false,,12.10,2.0167,true,1,2403378
7290019153269,false,שוופס סודה אננס 1.5 ליטר רביעייה פיקדון,יפאורה - שותפות מוגבלת לשיווק,,רביעית שוופס סודה אנ,ליטרים,6.00,ליטר,false,,12.10,2.0167,true,1,2403379
7290019153344,false,משקה קל תפוזינה 1.5 ליטר סנגרייה,יפאורה - שותפות מוגבלת לשיווק,,תפוזינה 1.5 ליטר סנג,ליטרים,1.50,ליטר,false,,8.90,5.9333,true,1,2403380
7290019153351,false,משקה קל תפוזינה 1.5 ליטר פינק אוזו,יפאורה - שותפות מוגבלת לשיווק,,תפוזינה 1.5 ליטר פינ,ליטרים,1.50,ליטר,false,,8.90,5.9333,true,1,2403385
7290019153535,false,"רביעיית שוופס מוגז פירות למונייד ללא סוכר 330 מ""ל פחיות",יפאורה - שותפות מוגבלת לשיווק,,רבעיית פחיות שוופס מ,ליטרים,1.32,ליטר,false,,11.90,9.0152,true,1,2407747
7290019167020,false,עוגת גבינה עם פירות יער לייט עדן קינוחים 82 גרם,"תנובה בע""מ ***",,עוגת גבינה עם פירות,גרמים,82.00,100 גרם,false,,5.90,0.0720,true,1,2426222
7290019167037,false,תותים בקצפת עדן קינוחים 82 גרם,תנובה בעמ ***,,תותים בקצפת 82 גרם,גרמים,82.00,100 גרם,false,,5.90,0.0720,true,1,2426223
7290019167044,false,קצפת עם קרם בייגלה מתוק מלוח עדן קינוחים 82 גרם,תנובה בעמ ***,,קצפת עם קרם בייגלה מ,גרמים,82.00,100 גרם,false,,5.90,0.0720,true,1,2426224
7290019204008,false,עוף טוב פסטרמה ארבעה פלפלים 350 גרם,קבוצת אוסם סחר שותפות מוגבלת,,עוף טוב פסטרמה ארבע,גרמים,350.00,100 גרם,false,,24.90,0.0711,true,1,2408148
7290019204107,false,עוף טוב פסטרמה בטעם אווז 320 גרם,קבוצת אוסם סחר-שות.מוגבלת,,עוף טוב פסטרמה בטעם,גרמים,350.00,100 גרם,false,,24.90,0.0711,true,1,2408149
7290019204206,false,עוף טוב פסטרמה בסגנון רומני 320 גרם,קבוצת אוסם סחר-שות.מוגבלת,,עוף טוב פסטרמה בסגנו,גרמים,320.00,100 גרם,false,,24.90,0.0778,true,1,2408150
7290019204305,false,חזה הודו פסטרמה ברביקיו 350 גר',קבוצת אוסם סחר שותפות מוגבלת,,עוף טוב פסטרמה ברביק,גרמים,350.00,100 גרם,false,,24.90,0.0711,true,1,2408151
7290019232155,false,"חליטת ""לילה טוב"" קמומיל לבנדר ו25 שקיקים ויסוצקי",תה ויסוצקי (ישראל) בעמ,,תה חליטה קמומיל לבנד,גרמים,67.50,100 גרם,false,,23.90,0.3541,true,1,2427206
7290019232162,false,"חליטת ""לילה טוב"" קמומיל מליסה 25 שקיקים ויסוצקי",תה ויסוצקי (ישראל) בעמ,,תה חליטה קמומיל מליס,גרמים,67.50,100 גרם,false,,23.90,0.3541,true,1,2427207
7290019232179,false,ויסוצקי פלוס תה ירוק נענע עם ויטמינים,תה ויסוצקי (ישראל) בעמ,,תה ירוק נענע STAY WA,גרמים,37.50,100 גרם,false,,23.90,0.6373,true,1,2427208
7290019232186,false,תה ירוק לימונית לואיזהSTAY WELL 25 שקיקים ויסוצקי,תה ויסוצקי (ישראל) בעמ,,תה ירוק לימונית ולוא,גרמים,37.50,100 גרם,false,,23.90,0.6373,true,1,2427209
7290019232353,false,תה ירוק סיני 50 שקיקים ויסוצקי,תה ויסוצקי (ישראל) בעמ,,תה ירוק סיני 50,גרמים,75.00,100 גרם,false,,39.90,0.5320,true,1,2415966
7290019232834,false,פליפז בייגלה מצופה קרם עוגיות ושוקולד מקוויטיס 140 גרם,תה ויסוצקי (ישראל) בעמ,,בייגלה מצופה שוקולד,גרמים,140.00,100 גרם,false,,8.90,0.0636,true,1,2401933
7290019233008,false,רוטב עגבניות עם קוביות ארטישוק ושמן זית 420ג ויסוצקי,תה ויסוצקי (ישראל) בעמ,,שקשוקה ארטישוק- רוטב,יחידה,0.00,יחידה,false,,12.90,0.0000,true,1,2416964
7290019233022,false,רוטב עגבניות עם קוביות ושמן זית 420ג זיתא,תה ויסוצקי (ישראל) בעמ,,שקשוקה חצילים- רוטב,יחידה,0.00,יחידה,false,,12.90,0.0000,true,1,2416966
7290019233039,false,רוטב עגבניות עם קוביות פלפלים ושמן זית 420ג' ויסוצקי,תה ויסוצקי (ישראל) בעמ,,שקשוקה קלאסית- רוטב,יחידה,0.00,יחידה,false,,12.90,0.0000,true,1,2416967
7290019233046,false,זית קלמטה בלונד מרינד עם שמן זית 215 גרם,תה ויסוצקי (ישראל) בעמ,,זית קלמטה בלונד מרינ,גרמים,215.00,100 גרם,false,,12.90,0.0600,true,1,2385312
7290019297192,false,חטיף גרנולה עם שקדים ושוקולד 175 גר',,,חטיף גרנולה עם שקדים,גרמים,175.00,100 גרם,false,,9.90,0.0566,true,1,2428876
7290019297208,false,חטיף גרנולה עם פירות יבשים (5 יחידות) 175 גר',****דין שיווק וקליה 2021 בעמ,,חטיף גרנולה עם פירות,גרמים,175.00,100 גרם,false,,9.90,0.0566,true,1,2428877
7290019297239,false,צימוק חום 250 גרם ששון הקולה,דין שיווק וקליה 2021 בעמ,,צימוק חום 250 גרם בק,גרמים,250.00,100 גרם,false,,12.90,0.0516,true,1,1327667
7290019297246,false,שזיפים מיובשים ששון הקולה (330 גרם),דין שיווק וקליה 2021 בעמ,,שזיפים 250 גרם בקופס,גרמים,250.00,100 גרם,false,,17.90,0.0716,true,1,1327668
7290019297451,false,מי ורדים 500 מל דין שיווק,דין שיווק וקליה 2021 בעמ,,"מי ורדים 500 מ""ל",מיליליטרים,500.00,"100 מ""ל",false,,13.90,0.0278,true,1,2413467
7290019297505,false,"רוטב רימונים שקדיה 700מ""ל בד""ץ",דין שיווק וקליה 2021 בעמ,,"רוטב רימונים בד""צ 1",מיליליטרים,1000.00,"100 מ""ל",false,,19.90,0.0199,true,1,1327669
7290019297536,false,חמאת בוטנים עם שברי בוטנים שקדיה 510 גרם,דין שיווק וקליה 2021 בעמ,,חמאת בוטנים עם שברי,גרמים,510.00,100 גרם,false,,9.90,0.0194,true,1,1327671
7290019297543,false,חמאת בוטנים 510 גר` דין שיווק,דין שיווק וקליה 2021 בעמ,,חמאת בוטנים 510 גרם,גרמים,510.00,100 גרם,false,,9.90,0.0194,true,1,1327672
7290019297550,false,בוטנים מטוגנים בקופסא 185 גרם,דין שיווק וקליה 2021 בעמ,,בוטנים מטוגנים 185 ג,גרמים,185.00,100 גרם,false,,7.90,0.0427,true,1,1327673
7290019302315,false,יין ספארקלין אבטיח מלון 750 מל BUZZ,אגודת הכורמים -כרמל מזרחי,,באזז אבטיח מלון,מיליליטרים,750.00,"100 מ""ל",false,,24.90,0.0332,true,1,2408635
7290019302636,false,"קרומבכר בירה רביעייה 330 מ""ל",אגודת הכורמים,,מארז קרומבאכר 4 יח',ליטרים,1320.00,100 ליטר,false,,22.90,0.0173,true,1,2426201
7290019443124,false,"בירה נגב אואזיס 330 מ""ל",הכרם משקאות חריפים בעמ,,בירה נגב אואזיס,ליטרים,330.00,100 ליטר,false,,14.90,0.0452,true,1,2413441
7290024486482,false,פרמיו בקר וכבד 15 גר,,,פרמיו בקר וכבד 15 גר,גרמים,15.00,100 גרם,false,,6.90,0.4600,true,1,2423615
7290055090702,false,"איגלו שלוקים בטעמי פטל, לימון וענבים 60 יח'",כרמית תעשיות ממתקים בעמ,IL,כרמית איגלו שלוקים 264 יח,מיליליטרים,1740.00,"100 מ""ל",false,,13.90,0.0080,true,1,1338957
7290100240144,false,"תרסיס ריחני למייבש ורוד בדין 500 מ""ל",יוניליוור ישראל שיווק בע`מ,IL,ספריי ורוד למייבש- 500 מל,מיליליטרים,500.00,"100 מ""ל",false,,16.90,0.0338,true,1,1341424
7290100240632,false,קרקר פתית 200-300ג' 6 דגנים 250 גרם,יוניליוור ישראל שיווק בע`מ,IL,"פתית 6 דגנים בד""צ חדש 250",גרמים,250.00,100 גרם,false,,15.90,0.0636,true,1,1341425
7290100240656,false,"פתית שיפון בד""צ חדש 300X24 גר'",יוניליוור ישראל שיווק בע`מ,IL,"פתית שיפון בד""צ חדש 300 ג",גרמים,300.00,100 גרם,false,,15.90,0.0530,true,1,1341426
7290100243671,false,"מרכך כביסה מרוכז אקסטרה כחול בדין 960 מ""ל",יוניליוור ישראל שיווק בע`מ,TR,Badin RC Conc Liquid Blue,מיליליטרים,960.00,"100 מ""ל",false,,15.90,0.0166,true,1,1341451
7290100245231,false,נמס בכוס מרק בטעם עוף עם אטריות ושקדי מרק-2 שקיות,יוניליוור ישראל שיווק בע`מ,IL,נמס בכוס טעם עוף ושקדי מר,גרמים,48.00,100 גרם,false,,6.50,0.1354,true,1,1341467
7290100249598,false,רוטב לעוף בטעם שום ודבש קנור (320 גרם),יוניליוור ישראל שיווק בע`מ,IL,קנור בישול ברטבים שום ודב,גרמים,320.00,100 גרם,false,,12.90,0.0403,true,1,1341538
7290100249659,false,"רוטב לעוף צ'ילי מתוק ושום קנור 320 גרם בד""צ",יוניליוור ישראל שיווק בע`מ,,רוטב צ'ילי שום 320 ג,גרמים,320.00,100 גרם,false,,12.90,0.0403,true,1,1341543
7290100412343,false,קוויק מטליות לחות 99.9% לניקוי כללי בריח לימון 50 יחידות,שקד תבל בע`מ,,מגבונים לניקוי כללי,יח',50.00,יח',false,,7.90,0.1580,true,1,1455705
7290100412435,false,קוויק מטליות לחות 99.9% לניקוי כללי בריח פרחי בר 50 יחידות,שקד תבל בע`מ,,מגבונים לניקוי כללי,יח',50.00,יח',false,,7.90,0.1580,true,1,1455706
7290100412718,false,"תרחיץ פנים קלאסק מאסק דר עור 150 מ""ל","אמיליה קוסמטיקס בע""מ",,ג'ל ניקוי פנים 150 מ,מיליליטרים,150.00,"100 מ""ל",false,,19.90,0.1327,true,1,1775208
7290100412732,false,תחליב גוף לעור יבש פרחי בר דר עור 400 מל,"אמיליה קוסמטיקס בע""מ",,"תחליב גוף ד""ר עור 40",מיליליטרים,400.00,"100 מ""ל",false,,19.90,0.0497,true,1,1775209
7290100412763,false,"דר' עור תחליב רחצה קלאסי -לבנדר 700 מ""ל","אמיליה קוסמטיקס בע""מ",,"תחליב רחצה 700 מ""ל ד",מיליליטרים,700.00,"100 מ""ל",false,,19.90,0.0284,true,1,1775228
7290100412770,false,"ד""ר עור - תחליב רחצה קלאסי בניחוח מאסק 700 מ""ל","אמיליה קוסמטיקס בע""מ",,"תחליב רחצה 700 מ""ל ד",מיליליטרים,700.00,"100 מ""ל",false,,19.90,0.0284,true,1,1775229
7290100412787,false,"ד""ר עור - תחליב רחצה קלאסי בניחוח פריחת הכותנה 700 מ""ל","אמיליה קוסמטיקס בע""מ",,"תחליב רחצה 700 מ""ל ד",מיליליטרים,700.00,"100 מ""ל",false,,19.90,0.0284,true,1,1775230
7290100412794,false,דר עור פילינג עדין לפנים קלאסי מאסק 150,"אמיליה קוסמטיקס בע""מ",,"פילינג לפנים 150 מ""ל",מיליליטרים,150.00,"100 מ""ל",false,,19.90,0.1327,true,1,1775218
7290100412800,false,"תחליב רחצה לעור יבש וילד פלאור דר עור 700 מ""ל","אמיליה קוסמטיקס בע""מ",,"תחליב רחצה 700 מ""ל ד",מיליליטרים,700.00,"100 מ""ל",false,,19.90,0.0284,true,1,1775231
7290100412817,false,קרם רגליים לעור יבש פרחי בר דר עור 100 מ,"אמיליה קוסמטיקס בע""מ",,"קרם רגליים 100 מ""ל ד",מיליליטרים,100.00,"100 מ""ל",false,,10.00,0.1000,true,1,1775219
7290100412831,false,תחליב רחצה אנטי אייג'ינג בניחוח וניל טרופי,"אמיליה קוסמטיקס בע""מ",,"תחליב רחצה 700 מ""ל ד",מיליליטרים,700.00,"100 מ""ל",false,,19.90,0.0284,true,1,1775232
7290100412848,false,DR OR תחליב גוף אנטי אייגינג וניל מעודן 400 מל,"אמיליה קוסמטיקס בע""מ",,"תחליב גוף ד""ר עור 40",מיליליטרים,400.00,"100 מ""ל",false,,19.90,0.0497,true,1,1775210
7290100413593,false,קוויק מטליות לחות גדולות לניקוי כללי בריח פרחי בר 40 יחידות,שקד תבל בע`מ,,מגבונים קוויק מטליות,יח',40.00,יח',false,,6.90,0.1725,true,1,1499466
7290100653463,false,"פלמוליב - ארומה ג'ל רחצה מסאז' 500 מ""ל",קולגייט-פלמוליב,IT,פלמוליב סבון נוזלי ספא מס,מיליליטרים,500.00,"100 מ""ל",false,,15.90,0.0318,true,1,1338976
7290100658338,false,"נוזל לניקוי כלים אוקסי פלוס פלמוליב 750 מ""ל",הנסיך- מפעל לייצור ט,GR,פלמוליב כלים אוקסי כחול פ,מיליליטרים,750.00,"100 מ""ל",false,,9.90,0.0132,true,1,1338983
7290100659090,false,פרי חטיפים ללא גלוטן ותוספת סוכר מארז 5 תמרים וקינמון,טבעית מוצרים מן הטבע בעמ,IL,פרי חטיפים ללא סוכר מארז,גרמים,110.00,100 גרם,false,,15.90,0.1445,true,1,1338984
7290100680650,false,מנה חמה נודלס-אטריות ירקות טעם תאילנדי אסם 76 ג',קבוצת אוסם סחר שותפות מוגבלת,TH,מנה חמה נודלס בסגנון תיאל,גרמים,76.00,100 גרם,false,,6.50,0.0855,true,1,1305887
7290100680667,false,מנה חמה נודלס בסגנון סצ`ואן אסם (76 גרם),קבוצת אוסם סחר שותפות מוגבלת,TH,מנה חמה נודלס בסגנון סצ'ו,גרמים,76.00,100 גרם,false,,6.50,0.0855,true,1,1305888
7290100680711,false,פירורית זהב אסם זהב 350ג',קבוצת אוסם סחר שותפות מוגבלת,IL,אסם פירורית זהב 350 גרם,גרמים,350.00,100 גרם,false,,7.90,0.0226,true,1,1305889
7290100680728,false,פירורית רגילה שקית 350 גרם,קבוצת אוסם סחר שותפות מוגבלת,IL,אסם פירורית 350 גרם,גרמים,350.00,100 גרם,false,,6.90,0.0197,true,1,1305890
7290100681015,false,אינסטנט פודינג בטעם ריבת חלב אסם 84 גרם,קבוצת אוסם סחר שותפות מוגבלת,IL,אסם פודינג אינסטנט בטעם ר,גרמים,84.00,100 גרם,false,,5.50,0.0655,true,1,1305892
7290100681138,false,מארז אפרופו חטיף תירס 3 יחידות,קבוצת אוסם סחר שותפות מוגבלת,IL,אפרופו קלאסי 50 גרם מארז,גרמים,150.00,100 גרם,false,,11.90,0.0793,true,1,1305894
7290100681503,false,עסיס סירופ לימונענע דיאטטי 1 ליטר,קבוצת אוסם סחר שותפות מוגבלת,IL,עסיס סירופ דיאט בטעם לימו,ליטרים,1.00,ליטר,false,,16.90,16.9000,true,1,1305896
7290100681510,false,סירופ דיאט בטעם אשכולית אדומה עסיס 1 ליטר,קבוצת אוסם סחר-שות.מוגבלת,IL,עסיס סירופ דיאט בטעם אשכו,ליטרים,1.00,ליטר,false,,16.90,16.9000,true,1,1305897
7290100684139,false,פסטה מיני מקרוני אסם (500 גרם),קבוצת אוסם סחר שותפות מוגבלת,IT,אסם פסטה מיני מקרוני 500,גרמים,500.00,100 גרם,false,,5.90,0.0118,true,1,1305906
7290100685068,false,אינסטנט פודינג בטעם וניל עם פצפוצי שוקולד אסם 110 גרם,קבוצת אסם סחר שות. מוגבלת,IL,אסם פודינג אינסטנט בטעם ו,גרמים,110.00,100 גרם,false,,5.90,0.0536,true,1,1305912
7290100685136,false,"אבקת מרק טעם עוף 1 ק""ג 1/8 אסם",קבוצת אוסם סחר שותפות מוגבלת,IL,"אסם מרק בטעם עוף 1 ק""ג",גרמים,1000.00,100 גרם,false,,13.90,0.0139,true,1,1305913
7290100685334,false,אבקת מרק עוף אמיתי בשרי רכיבים טבעיים אסם 400 גרם,קבוצת אוסם סחר שותפות מוגבלת,IL,אסם מרק עוף אמיתי רכיבים,גרמים,400.00,100 גרם,false,,24.90,0.0622,true,1,1305915
7290100685341,false,אבקת מרק טעם עוף זך רכיבים טבעיים אסם 400 גרם,קבוצת אוסם סחר שותפות מוגבלת,IL,אסם מרק בטעם עוף זך רכיבי,גרמים,400.00,100 גרם,false,,16.90,0.0422,true,1,1305916
7290100685600,false,פירורית זהב אסם זהב חיטה מלאה 200ג',קבוצת אוסם סחר שותפות מוגבלת,IL,אסם פירורית חיטה מלאה 200,גרמים,200.00,100 גרם,false,,6.40,0.0320,true,1,1305920
7290100686164,false,מארז מולטיפק ביסלי ברביקיו 6 יח 35 גר יח,קבוצת אוסם סחר שותפות מוגבלת,IL,ביסלי ברביקיו 35 גרם מארז,גרמים,210.00,100 גרם,false,,12.90,0.0614,true,1,1305923
7290100686171,false,מארז מולטיפק ביסלי גריל 6 יח 35 גר ליח,קבוצת אוסם סחר שותפות מוגבלת,IL,ביסלי גריל 35 גרם מארז 6,גרמים,210.00,100 גרם,false,,12.90,0.0614,true,1,1305924
7290100688618,false,גביעי גלידה שוקולד אסם 95 גרם 24 יחידות,קבוצת אוסם סחר-שות.מוגבלת,IL,אסם.גלדה ממותקים בטעם שוק,גרמים,85.00,100 גרם,false,,12.90,0.1518,true,1,1305932
7290100689301,false,אבקת מרק בטעם עוף זך עדיף אסם 400 גרם,קבוצת אוסם סחר שותפות מוגבלת,IL,אסם מרק בטעם עוף זך 400 ג,גרמים,400.00,100 גרם,false,,12.90,0.0323,true,1,1305936
7290100700020,false,גריסי פנינה סוגת (500 גרם),האי נאם סי או אל.טי.,,גריסי פנינה 500 גרם,יחידה,0.00,יחידה,false,,4.90,0.0000,true,1,2297259
7290100700068,false,סוגת שעועית צבעונית 500גרם,"סוגת תעשיות בע""מ",,שעועית צבעונית 500 ג,יחידה,0.00,יחידה,false,,7.90,0.0000,true,1,2297260
7290100700242,false,אורז מלא עגול סוגת (1 קג),"סוגת תעשיות בע""\מ",IL,"אורז עגול מלא 1 ק""ג",קילוגרמים,1.00,"ק""ג",false,,8.90,8.9000,true,1,1333118
7290100700273,false,קינואה לבנה 500 ג סו,האי נאם סי או אל.טי.,,קינואה 500 גרם,גרמים,500.00,100 גרם,false,,12.90,0.0258,true,1,2297261
7290100700372,false,"אורז בסגנון בסמטי מלא 1 ק""ג",האי נאם סי או אל.טי.,IL,"אורז בסמטי 1מלא ק""ג",קילוגרמים,1.00,"ק""ג",false,,12.90,12.9000,true,1,1333119
7290100700389,false,"אורז אדום 1 ק""ג ""סוגת""","סוגת תעשיות בע""\מ",IL,"אורז אדום 1 ק""ג",קילוגרמים,1.00,"ק""ג",false,,12.90,12.9000,true,1,1333120
7290100700396,false,"סוגת אורז יסמין קלאסי 1 ק""ג",האי נאם סי או אל.טי.,IL,"אורז יסמין קלאסי 1 ק""ג",קילוגרמים,1.00,"ק""ג",false,,11.90,11.9000,true,1,1333121
7290100700563,false,אורז מיקס קלאסי סוגת (1 קג),סוגת תעשיות בעמ,IL,"אורז מיקס קלאסי 1 ק""ג",קילוגרמים,1.00,"ק""ג",false,,12.90,12.9000,true,1,1333124
7290100700587,false,בורגול סוגת (500 גרם),האי נאם סי או אל.טי.,,בורגול 500 גרם,גרמים,500.00,100 גרם,false,,4.90,0.0098,true,1,2297263
7290100701300,false,קינואה אדומה סוגת (500 גרם),"סוגת תעשיות בע""\מ",,קינואה אדומה 500 גרם,יחידה,0.00,יחידה,false,,12.90,0.0000,true,1,2297264
7290100701331,false,קמח רב תכליתי שטיבל קמח חיטה לבן בהיר,"שטיבל בע""\מ - טחנות קמח",IL,קמח רב תכליתי,קילוגרמים,1.00,"ק""ג",false,,6.90,6.9000,true,1,1333138
7290100701348,false,"קמח שיפון מלא סוגת 1 ק""ג",שטיבל טחנות קמח,IL,קמח שיפון מלא,קילוגרמים,1.00,"ק""ג",false,,6.90,6.9000,true,1,1333139
7290100701454,false,בורגול דק גרישה סוגת (500 גרם),"סוגת תעשיות בע""\מ",,גרישה 500 גרם,גרמים,500.00,100 גרם,false,,4.90,0.0098,true,1,2297265
7290100701577,false,קמח לחם קמח חיטה לבן שטיבל,טחנות קמח שטיבל באר שבע,IL,קמח לחם,קילוגרמים,1.00,"ק""ג",false,,6.90,6.9000,true,1,1333145
7290100701874,false,"קמח כוסמין מלא סוגת 1 ק""ג",טחנות קמח שטיבל באר,IL,קמח כוסמין מלא + 12,קילוגרמים,1.00,"ק""ג",false,,13.90,13.9000,true,1,1333148
7290100701898,false,קמח סוגת לפסטה 1 קג,שטיבל טחנות קמח,IL,קמח פסטה + 9,קילוגרמים,1.00,"ק""ג",false,,13.90,13.9000,true,1,1333150
7290100702260,false,קוסקוס דק סוגת 350 גרם,"אסיף תעשיות מזון בע""\מ",IL,קוסקוס דק 350 גרם,גרמים,350.00,100 גרם,false,,4.90,0.0140,true,1,1333151
7290100702277,false,קוסקוס עבה סוגת 350 גרם,"אסיף תעשיות מזון בע""",IL,קוסקוס עבה 350 גרם,גרמים,350.00,100 גרם,false,,4.90,0.0140,true,1,1333152
7290100702284,false,קוסקוס מלא סוגת (350 גרם),"אסיף תעשיות מזון בע""",IL,קוסקוס מלא 350 גרם,גרמים,350.00,100 גרם,false,,4.90,0.0140,true,1,1333153
7290100702314,false,שעועית שחורה 500 גרם סוגת,סוגת תעשיות בעמ,,שעועית שחורה 500 גרם,יחידה,0.00,יחידה,false,,7.90,0.0000,true,1,2297266
7290100702383,false,קמח תופח מס' 13 סוגת,"שטיבל בע""\מ - טחנות קמח",IL,קמח תופח,קילוגרמים,1.00,"ק""ג",false,,6.90,6.9000,true,1,1333155
7290100703007,false,עדשים שחורות בלוגה סוגת (500 גרם),האי נאם סי או אל.טי.,,עדשים שחורות בלוגה 5,יחידה,0.00,יחידה,false,,7.90,0.0000,true,1,2297267
7290100703625,false,קמח חיטה לבן ללא צורך בניפוי,סוגת תעשיות בעמ,,קמח לבן ללא ניפוי 1,קילוגרמים,1.00,"ק""ג",false,,7.90,7.9000,true,1,1481036
7290100703632,false,קמח חיטה מלא ללא צורך בניפוי,סוגת תעשיות בעמ,,קמח מלא ללא ניפוי 1,קילוגרמים,1.00,"ק""ג",false,,9.90,9.9000,true,1,1481017
7290100703649,false,"קמח חיטה 80% ללא צורך בניפוי סוגת 1 ק""ג",סוגת תעשיות בעמ,,קמח מלא חיטה 80% ללא,קילוגרמים,1.00,"ק""ג",false,,9.90,9.9000,true,1,1481037
7290100703861,false,"תערובת קסם לחלה ללא צורך בניפוי סוגת 1 ק""ג","שטיבל בע""\מ - טחנות קמח",,קמח תערובת קסם לחלה,קילוגרמים,1.00,"ק""ג",false,,9.90,9.9000,true,1,2305868
7290100703915,false,פופקורן להכנה במיקרוגל בטעם חמאה - מארז 6 שקיות,סוגת תעשיות בעמ,,מארז פופקורן למיקרו,גרמים,540.00,100 גרם,false,,9.90,0.0183,true,1,1941976
7290100703922,false,פופקורן להכנה במיקרוגל בטעם טבעי - מארז 6 שקיות,סוגת תעשיות בעמ,,מארז פופקורן למיקרו,גרמים,540.00,100 גרם,false,,9.90,0.0183,true,1,1941977
7290100704493,false,קמח שמרים פיצה ללא צורך בניפוי 1 קג סוגת,"שטיבל בע""\מ - טחנת קמח",,קמח שמרים פיצה ללא צ,קילוגרמים,1.00,"ק""ג",false,,9.90,9.9000,true,1,2325052
7290100704530,false,"קמח כוסמין לבן תפוח מנופה סוגת 1 ק""ג",טחנות קמח שטיבל באר,,קמח כוסמין לבן מנופ,קילוגרמים,1.00,"ק""ג",false,,14.90,14.9000,true,1,2357702
7290100704615,false,סוכר לבן דק דק בצנצנת סוגת 500 גרם,"סוגת תעשיות בע""\מ",,סוכר לבן דק דק בצנצנ,גרמים,500.00,100 גרם,false,,7.90,0.0158,true,1,2379289
7290100704622,false,סוכר דמררה דק דק בצנצנת סוגת 500 גרם,"סוגת תעשיות בע""\מ",,סוכר דמררה דק דק בצנ,גרמים,500.00,100 גרם,false,,7.90,0.0158,true,1,2379290
7290100850909,false,חטיף תירס נאצ`ו מקסיקני דוריטוס (70 גרם),"שטראוס פריטו ליי בע""\מ",IL,דו.נאצו מקסיקני 70ג/1שק'/,גרמים,70.00,100 גרם,false,,3.50,0.0500,true,1,1343224
7290100850916,false,דוריטוס חמוץ חריף מעודן 70 גרם כשר לפסח,"שטראוס פריטו ליי בע""\מ )",,דוריטוס 70 גרם חמוץ,גרמים,70.00,100 גרם,false,,3.50,0.0500,true,1,1343225
7290100850923,false,חטיף תירס גריל דוריטוס (70 גרם),"שטראוס פריטו ליי בע""\מ )",IL,דוריטוס גריל 70גר/1שק'/70,גרמים,70.00,100 גרם,false,,3.50,0.0500,true,1,1343226
7290100850930,false,חטיף תירס בטעם טבעי דוריטוס (70 גרם),"שטראוס פריטו ליי בע""\מ )",IL,דוריטוס דיפ טבעי 70 גר,גרמים,70.00,100 גרם,false,,3.50,0.0500,true,1,1343227
7290100858608,false,עלית אבקת קקאו כשלפ 500 גרם,שטראוס קפה בי.ויn\.,,קקאו עלית 500 גרם,גרמים,500.00,100 גרם,false,,25.90,0.0518,true,1,1342658
7290100921593,false,מנקה אסלה סוד 4 כדוריות לאסלה לימון נתלה 50 ג',גורי שיווק בעמ,HU,סוד סבון אסלה לימון 50 גר,גרמים,50.00,100 גרם,false,,5.50,0.1100,true,1,1360875
7290100921609,false,סוד סבון לאסלה 4 כדוריות בניחוח אוקיינוס 50 ג',גורי שיווק בעמ,HU,סוד סבון אסלה אקיינוס 50,גרמים,50.00,100 גרם,false,,5.50,0.1100,true,1,1360876
7290100921616,false,סוד סבון לאסלה 4 כדוריות בניחוח אורנים 50 ג',גורי שיווק בעמ,HU,סוד סבון אסלה אורנים 50 ג,גרמים,50.00,100 גרם,false,,5.50,0.1100,true,1,1360877
7290100921623,false,מנקה אסלה סוד 4 כדוריות נתלה אקונומיקה נתלה 50 ג',גורי שיווק בעמ,HU,סוד סבון אסלה אקונומיקה 5,גרמים,50.00,100 גרם,false,,5.50,0.1100,true,1,1360878
7290100922569,false,קרם לטיפוח עוד הידיים והגוף- מארז שלישייה,טרופיקל דגיל,IL,קרם ידיים ולוטה מארז 100,מיליליטרים,300.00,"100 מ""ל",false,,19.90,0.0663,true,1,1323172
7290100922651,false,הוואי - סבון מוצק מי קוקוס 100 גרם רביעייה,טרופיקל דגיל קוסמטיק,,סבון מוצק הוואי מארז,יח',4.00,יח',false,,10.90,2.7250,true,1,1465953
7290100924204,false,"פרסיל אבקה לכביסה רגיל 8 ק""ג",גורי שיווק בעמ,IL,"פרסיל אבקת כביסה 8 ק""ג",קילוגרמים,8.00,"ק""ג",false,,54.90,6.8625,true,1,1360888
7290100924464,false,כדוריות סבון נתלה לאסלה עם אקונומיקה - 3 יח',גורי שיווק בעמ,HU,סוד סבון אסלה שלישיה אקונ,יח',3.00,יח',false,,19.90,6.6333,true,1,1820000
7290100924631,false,מרכך כביסה מרוכז לבגדי תינוקות ובעלי עור רגיש,גורי שיווק בעמ,IL,מרכך כביסה סוד מרוכז בייב,מיליליטרים,900.00,"100 מ""ל",false,,11.90,0.0132,true,1,1390574
7290100924693,false,סבון סוד 4 כדוריות מוצק כחול אקטיבי-אקנומיקה 50ג',גורי שיווק בעמ,HU,סוד סבון אסלה לימון 50 גר,גרמים,50.00,100 גרם,false,,5.50,0.1100,true,1,1373353
7290100925669,false,דפים למניעת העברת צבע קולור קאצ`ר) (10,גורי שיווק בעמ,,דפים למכונה כביסה קו,יח',10.00,יח',false,,7.50,0.7500,true,1,1435925
7290100925676,false,קולור קאצר 20 דפים לוכדי צבע למכונת כביס,גורי שיווק בעמ,,דפים למכונה כביסה קו,יח',20.00,יח',false,,19.90,0.9950,true,1,1435926
7290100925751,false,נוזל כלים תפוח סוד (650 מל),גורי שיווק בעמ,,סוד כלים קלאסי 650 מ,מיליליטרים,650.00,"100 מ""ל",false,,5.90,0.0091,true,1,1459001
7290100926147,false,אבקת כביסה פרסיל קולור שקית 2.5 קג,גורי שיווק בעמ,IL,פרסיל קולור אבקת כביסה 2.,קילוגרמים,2.50,"ק""ג",false,,28.90,11.5600,true,1,1360912
7290100926598,false,פרסיל א.כביסה סודה אקטיב 5קג,גורי שיווק בעמ,IL,"אבקת כביסה פרסיל 5 ק""ג",קילוגרמים,5.00,"ק""ג",false,,44.90,8.9800,true,1,1360918
7290100927717,false,"פרסיל קולור אבקת כביסה 5 ק""ג -מרכז",גורי שיווק בעמ,IL,אבקת כביסה פרסיל קולור 5,קילוגרמים,5.00,"ק""ג",false,,44.90,8.9800,true,1,1360922
7290100928516,false,סוד - ג'ל לכביסה ביד 1 ליטר,גורי שיווק בעמ,IL,סוד ג'ל שמפו לכביסה ביד 1,ליטרים,1.00,ליטר,false,,13.90,13.9000,true,1,1360928
7290101110279,false,גלידה משפחתית שוקולד פאדג פקאן 1.3ל,גלידות פלדמן,,גלידה שוקו פקאן.,ליטרים,1.30,ליטר,false,,16.90,13.0000,true,1,1334729
7290101110460,false,גלידה בליסימו וניל צרפתי 1.3 ל' פלדמן,פלקו בעמ חברה ישראלית,,גלידת בליסימו וניל צ,ליטרים,1.30,ליטר,false,,16.90,13.0000,true,1,1334731
7290101111269,false,פונטש בננה וניל שוקו וניל נטיפים,פלקו בעמ,,גלידת טריפל 5טעמים.,ליטרים,1.80,ליטר,false,,19.90,11.0556,true,1,1334737
7290101112112,false,חגיגה טירמיסו פלדמן 1.8 ליטר,פלקו בעמ חברה ישראלית,,גלידה טירמיסו 1.8 לי,ליטרים,1.80,ליטר,false,,27.90,15.5000,true,1,2239312
7290101112228,false,מאגדת פופסיקל גלידל פרי אננס 8 יח`,פלקו בעמ חברה ישראלית,,שמיניית קרחוני דיאט,גרמים,640.00,100 גרם,false,,19.90,0.0311,true,1,1334760
7290101112600,false,גלידה בלסימו מילקשייק וניל מוקה 1.3 ל' פלדמן,פלקו בעמ חברה ישראלית,,גלידת בליסימו מילקשי,ליטרים,1.30,ליטר,false,,16.90,13.0000,true,1,1413338
7290101112921,false,"גלידל פרי פירות טרופים לל""ס 8 יחידות",פלקו בעמ חברה ישראלית,,שמיניית קרחוני דיאט,גרמים,640.00,100 גרם,false,,19.90,0.0311,true,1,1927195
7290101113591,false,מאגדת טילונים יולי 5 יחידות שוקולד לבן ועוגיות,פלקו בעמ חברה ישראלית,,מאגדת טילונים שוקולד,גרמים,400.00,100 גרם,false,,19.90,0.0497,true,1,2365816
7290101113638,false,מאגדת סנקור שוקו וניל שמינייה,פלקו בעמ חברה ישראלית,,גלידה חלבית בשומן צמ,גרמים,560.00,100 גרם,false,,26.90,0.0480,true,1,2365811
7290101411765,false,תנור אינפרא 2 גופים 800W,אוהב ציון בעמ (מבצעים),,תנור אינפרא 2 גופים,יחידה,0.00,יחידה,false,,69.90,0.0000,true,1,2385975
7290101411772,false,בי פרש משקל אדם זכוכית עגול,,,משקל אדם דיגיטלי עגו,יחידה,0.00,יחידה,false,,59.90,0.0000,true,1,2247549
7290101411932,false,משקל אדם זכוכית+מד ש,,,משקל אדם זכוכית+מד ש,יחידה,0.00,יחידה,false,,79.90,0.0000,true,1,2323457
7290101417774,false,מגב מלניום BLANCA,,,מגב מלניום BLANCA,יחידה,0.00,יחידה,false,,12.90,0.0000,true,1,2301144
7290101486688,false,חטיף דגנים עם שוקולד ללא גלוטן וסוכר פרי 5*20 גרם,טבעית מוצרים מן הטבע בעמ,IL,פרי חטיפי בריאות מארז 5 ד,גרמים,100.00,100 גרם,false,,15.90,0.1590,true,1,1338988
7290101488248,false,"ליידי ספיד סטיק - דאודורנט רול און לאישה ורוד פרש פיושן 50 מ""ל",ליידי ספיד סטיק Lady Speed Stick,MX,ליידי 24/7 רול און ורוד ח,מיליליטרים,50.00,"100 מ""ל",false,,19.90,0.3980,true,1,1338991
7290101488286,false,"ליידי ספיד סטיק - דאודורנט ספריי לאישה 24/7 פרש פיוזן ורוד 150 מ""ל",ליידי ספיד סטיק Lady Speed Stick,MX,ליידי 24/7 ספריי ורוד חדש,מיליליטרים,150.00,"100 מ""ל",false,,24.90,0.1660,true,1,1338993
7290101488323,false,ליידי ספיד סטיק - דאודורנט סטיק לאישה ללא סימן ירוק סטיק 65 גרם,ליידי ספיד סטיק Lady Speed Stick,US,ליידי ספיד סטיק ללא סימן,גרמים,65.00,100 גרם,false,,19.90,0.3062,true,1,1338996
7290101551027,false,קפסולות קפה אספרסו חזק במיוחד 14 עלית 10 יח',הנסיך- מפעל לייצור ט,,קפסולות למכונות נספר,גרמים,50.00,100 גרם,false,,16.50,0.3300,true,1,2145816
7290101551263,false,סילאן טבעי ללא תוספת סוכר,שטראוס גרופ בע`מ,,סילאן טבעי ללא תוספת,גרמים,700.00,100 גרם,false,,19.90,0.0284,true,1,2031844
7290101551300,false,סילאן טבעי ללא תוספת סוכר בקבוק לחיץ,מכוורת יד מרדכי שטראוס ב,,סילאן טבעי לחיץ 380,גרמים,380.00,100 גרם,false,,12.90,0.0339,true,1,2031845
7290101551539,false,יוגורט PRO בטעם אפרסק 0% 20 גרם חלבון בגביע,שטראוס גרופ בעמ/מצונן,,דנונה פרו 20 גרם חלב,גרמים,200.00,100 גרם,false,,5.90,0.0295,true,1,2055290
7290101551584,false,תפוצ'יפס קידס מארז 10 יח' * 20 ג',"שטראוס פריטו ליי בע""מ )פ",,מארז תפוציפס קידס,גרמים,200.00,100 גרם,false,,12.90,0.0645,true,1,2069427
7290101551614,false,חטיף צ'יטוס קראנץ בטעם גבינה - מארז 8 יח',"שטראוס פריטו ליי בע""מ )פ",,מארז ציטוס קראנצ גבי,גרמים,240.00,100 גרם,false,,12.90,0.0538,true,1,2069437
7290101551638,false,חטיף צ'יטוס כאפה בטעם קטשופ - מארז 10 יח',"שטראוס פריטו ליי בע""מ )פ",,מארז צ'יטוס כאפה 10*,גרמים,200.00,100 גרם,false,,12.90,0.0645,true,1,2069260
7290101580089,false,יין יוגב קברנה סוביניון,בנימינה Binyamina,IL,יוגב קברנה סוביניון 2012,מיליליטרים,750.00,"100 מ""ל",false,,39.90,0.0532,true,1,1347559
7290101580942,false,יין כרם קברנה סובניון,בנימינה Binyamina,IL,כרם קברנה סוביניון 2010,מיליליטרים,750.00,"100 מ""ל",false,,19.90,0.0265,true,1,1347583
7290101580959,false,יין כרם מרלו,בנימינה Binyamina,IL,כרם מרלו 2010,מיליליטרים,750.00,"100 מ""ל",false,,19.90,0.0265,true,1,1347584
7290101580966,false,יין כרם אמרלד ריזלינג,בנימינה Binyamina,IL,כרם אמרלד ריזלינג 2010,מיליליטרים,750.00,"100 מ""ל",false,,19.90,0.0265,true,1,1347585
7290101581208,false,יין רזרב Reserve קברנה סוביניון גליל,בנימינה Binyamina,IL,ב.רזרב קברנה סוביניון 201,מיליליטרים,750.00,"100 מ""ל",false,,49.90,0.0665,true,1,1347588
7290101581604,false,יין אדום יבש אבני החושן אודם,אליעז בנימינה,,יין אדום אבני החושן,מיליליטרים,750.00,"100 מ""ל",false,,99.90,0.1332,true,1,1465711
7290101581628,false,יין אדום יבש אבני חושן יהלום,בנימינה Binyamina,,יין אדום אבני החושן,מיליליטרים,750.00,"100 מ""ל",false,,99.90,0.1332,true,1,1505772
7290101581710,false,יין רזרב Reserve שיראז גליל,בנימינה Binyamina,,יין אדום רזרב שיראז,מיליליטרים,750.00,"100 מ""ל",false,,49.90,0.0665,true,1,1459175
7290101581734,false,יין רזרב Reserve מרלו גליל,בנימינה Binyamina,,יין אדום רזרב מרלו,מיליליטרים,750.00,"100 מ""ל",false,,49.90,0.0665,true,1,1461254
7290101582304,false,יין יוגב רוזה גראנש,,,יין יוגב רוזה גראנש,מיליליטרים,750.00,"100 מ""ל",false,,39.90,0.0532,true,1,2396260
7290101582359,false,יין בנימינה שרדונה 2017,בנימינה Binyamina,,יין המושבה שרדונה,מיליליטרים,750.00,"100 מ""ל",false,,29.90,0.0399,true,1,1875653
7290101582366,false,יין המושבה קברנה סוביניון 2017,ויטה- פרי גליל (החדשה) בעמ,,יין המושבה קברנה סוב,מיליליטרים,750.00,"100 מ""ל",false,,29.90,0.0399,true,1,1875654
7290101582373,false,יין המושבה גרנאש בלאש רוזה 2017,ויטה- פרי גליל (החדשה) בעמ,,יין המושבה גראנש בלא,מיליליטרים,750.00,"100 מ""ל",false,,29.90,0.0399,true,1,1875655
7290101582380,false,יין בנימינה המושבה גוורצטרמינר 2017,,,יין המושבה גוורצטרמי,מיליליטרים,750.00,"100 מ""ל",false,,29.90,0.0399,true,1,1875656
7290101582397,false,יין מרלו המושבה ביני,יקבי בינימינה,,יין המושבה מרלו,מיליליטרים,750.00,"100 מ""ל",false,,29.90,0.0399,true,1,1875657
7290101582403,false,יין שיראז המושבה בינ,בנימינה Binyamina,,יין המושבה שיראז,מיליליטרים,750.00,"100 מ""ל",false,,29.90,0.0399,true,1,1875658
7290101582410,false,יין גוורצטרמינר לבן חצי יבש,בנימינה Binyamina,,יין גוורצטרמינר חצי,מיליליטרים,750.00,"100 מ""ל",false,,49.90,0.0665,true,1,1989371
7290101582496,false,יין לבן חצי מתוק אמרלד ריזלינג,יקבי בינימינה,,יין כחול אמרלד ריזלי,מיליליטרים,750.00,"100 מ""ל",false,,49.90,0.0665,true,1,2281750
7290101582571,false,יין רוזה חצי יבש גרנאש,בנימינה Binyamina,,יין אדום רוזה גראנש,מיליליטרים,750.00,"100 מ""ל",false,,49.90,0.0665,true,1,2295975
7290101825234,false,כפפות לטקס מידה L 100 יחידות בחבילה,ח.כהן סוכנות מזון ומשקאות בע,,כפפות לטקס מידה L הר,יחידה,0.00,יחידה,false,,34.90,0.0000,true,1,2336038
7290101863410,false,"סיליט באנג ספריי ניקוי עוצמתי מכיל אקונומיקה 750 מ""ל",רקיט בנקיזר (ניר איסט) בעמ,PL,סיליט ספריי אקונומיקה שרו,מיליליטרים,750.00,"100 מ""ל",false,,14.90,0.0199,true,1,1309405
7290101864127,false,ספריי להסרת כתמים וניש קליה (750 מל),רקיט בנקיזר (ניר איסט) בעמ,PL,"וניש ספריי 750 מ""ל סולו 1",מיליליטרים,750.00,"100 מ""ל",false,,19.90,0.0265,true,1,1309408
7290101865261,false,נוזל הברקה למדיח כלים פיניש (800 מל),רקיט בנקיזר (ניר איסט) בעמ,PL,"פיניש נוזל הברקה 800 מ""""ל",מיליליטרים,800.00,"100 מ""ל",false,,19.90,0.0249,true,1,1309413
7290101866633,false,וניש קליה גל להסרת כתמים 3 ליטר אוקסיפרש,רקיט בנקיזר (ניר איסט) בעמ,IL,וניש ורוד TITAN 3L,ליטרים,3.00,ליטר,false,,34.90,11.6333,true,1,1309419
7290101866787,false,וניש קליה נוזל מסיר כתמים לכביסה לבנה 3 ליטר,רקיט בנקיזר (ניר איסט) בעמ,IL,וניש נוזל להלבנה TITAN 3L,ליטרים,3.00,ליטר,false,,34.90,11.6333,true,1,1309423
7290101868460,false,"קולון 101 אבקת כביסה 8 ק""ג",רקיט בנקיזר (ניר איסט) בעמ,IL,קולון 101 8 ק''ג,קילוגרמים,8.00,"ק""ג",false,,54.90,6.8625,true,1,1309448
7290101868958,false,פיניש נוזל הברקה למדיח בניחוח לימון,רקיט בנקיזר (ניר איסט) בעמ,PL,"פיניש נוזל הברקה 800 מ""ל",מיליליטרים,800.00,"100 מ""ל",false,,19.90,0.0249,true,1,1309451
7290101869702,false,ג`ל למדיח כלים All in 1 פיניש (600 מל),רקיט בנקיזר (ניר איסט) בעמ,,פיניש ג'ל 600 AIO למ,מיליליטרים,600.00,"100 מ""ל",false,,32.90,0.0548,true,1,1309459
7290101869719,false,ג'ל מרוכז למדיח פיניש all in one max בניחוח לימון,רקיט בנקיזר (ניר איסט) בעמ,,פיניש ג'ל 600לימון A,מיליליטרים,600.00,"100 מ""ל",false,,32.90,0.0548,true,1,1309460
7290101869726,false,ג'ל מרוכז למדיח הכל ב-1 פיניש 1 ליטר,רקיט בנקיזר (ניר איסט) בעמ,,פיניש ג'ל 1000 AIO ל,מיליליטרים,1000.00,"100 מ""ל",false,,42.90,0.0429,true,1,1309461
7290101869733,false,פיניש ג'ל למדיח כלים בניחוח לימון 1 ליטר ALL IN 1,רקיט בנקיזר (ניר איסט) בעמ,,פיניש ג'ל 1000 AIO ל,מיליליטרים,1000.00,"100 מ""ל",false,,42.90,0.0429,true,1,1309462
7290101869788,false,"אירוויק ספריי אוטומטי מילוי בניחוח אואזיס 250 מ""ל*",רקיט בנקיזר (ניר איסט) בעמ,GB,מילוי מבשם אויר אוטומטי א,מיליליטרים,250.00,"100 מ""ל",false,,19.90,0.0796,true,1,1309467
7290101869795,false,"מטהר אוויר אירוויק ספריי מילוי חלום ליל קיץ 250 מ""ל",רקיט בנקיזר (ניר איסט) בעמ,GB,מילוי מבשם אויר אוטומטי ח,מיליליטרים,250.00,"100 מ""ל",false,,19.90,0.0796,true,1,1309468
7290101869801,false,"אירוויק מכשיר חשמלי+מילוי בניחוח אואזיס 19 מ""ל",רקיט בנקיזר (ניר איסט) בעמ,HU,מבשם אויר חשמלי מכשיר אוא,מיליליטרים,19.00,"100 מ""ל",false,,26.90,1.4158,true,1,1309469
7290101869825,false,"אירוויק מילוי למכשיר חשמלי בניחוח אואזיס 19 מ""ל",רקיט בנקיזר (ניר איסט) בעמ,HU,מילוי מבשם אויר חשמלי אוא,מיליליטרים,19.00,"100 מ""ל",false,,19.90,1.0474,true,1,1309471
7290101869832,false,"אירוויק מילוי מבשם אויר חשמלי חלום ליל קיץ 19 מ""ל",רקיט בנקיזר (ניר איסט) בעמ,HU,מילוי מבשם אויר חשמלי חלו,מיליליטרים,19.00,"100 מ""ל",false,,19.90,1.0474,true,1,1309472
7290101869917,false,"אירוויק מילוי מבשם אויר אטומטי היער הקסום 19 מ""ל",רקיט בנקיזר (ניר איסט) בעמ,GB,מילוי מבשם אויר אוטומטי ה,מיליליטרים,250.00,"100 מ""ל",false,,19.90,0.0796,true,1,1309475
7290101869962,false,"אירוויק מקלות ריחניים בניחוח חלום ליל קיץ 30 מ""ל",רקיט בנקיזר (ניר איסט) בעמ,HU,מקלות ריחניים חלום ליל קי,מיליליטרים,30.00,"100 מ""ל",false,,24.90,0.8300,true,1,1309480
7290101922773,false,סכין קרם /שקוף 100 י,,,סכין קרם /שקוף 100 י,יח',100.00,יח',false,,9.90,0.0990,true,1,1348264
7290101925606,false,ממחטות אף רכות פרפקט,פרפקט Perfect,,ממחטות אף רכות פרפקט,יח',120.00,יח',false,,9.90,0.0825,true,1,1471965
7290101925620,false,ממחטות אף רכות 3 שכבות,פרפקט Perfect,,ממחטות אף רכות 3 שכ,יח',56.00,יח',false,,7.90,0.1411,true,1,1474559
7290101980919,false,שלישיית ביצי שוקולד פיניאס ופרב ***לא פעיל***,שמחה זה אנחנו בע`מ,,מארז שלישיית ביצי שו,גרמים,60.00,100 גרם,false,,12.90,0.2150,true,1,1337670
7290101982371,false,סוכריות ספריי באריזה דמוי נחש-טעמים,שמחה זה אנחנו בע`מ,,סוכריות ספריי נחש בט,יחידה,0.00,יחידה,false,,4.90,0.0000,true,1,1337684
7290101982395,false,ספריי בטעמים - ממתק 30גר,,,סוכריות ספריי בטעמים,יחידה,0.00,יחידה,false,,2.90,0.0000,true,1,1337686
7290101982470,false,ממתק רולר 30 מל' בטעמים,עולם הממתקים שיווק,,ממתק רולר בטעמים,יחידה,0.00,יחידה,false,,4.90,0.0000,true,1,1337688
7290102030330,false,תפוצ`יפס אקסטרא מקסיקני 200 גרם +20 תו,"שטראוס פריטו ליי בע""\מ )",IL,תפוציפס קראנצ מקסיקני 200,גרמים,200.00,100 גרם,false,,9.90,0.0495,true,1,1343230
7290102031276,false,מארז 8 יחידות אקטימל משקה יוגורט בטעם תות בננה,שטראוס גרופ בעמ/מצונן,IL,אקטימל 8 תות בננה,גרמים,864.00,100 גרם,false,,19.90,0.0230,true,1,1341931
7290102032334,false,אבקה להכנת משקה קפה בטעם וניל,שטראוס קפה בי.וי,IL,קפה נמס וניל 200 גר' חדש,גרמים,200.00,100 גרם,false,,26.90,0.1345,true,1,1342668
7290102060764,false,מרידול מברשת שיניים אריזת זוג,יבואן ומשווק: ש. שסט,CH,מרידול מברשת שיניים זוג,יח',2.00,יח',false,,34.90,17.4500,true,1,1339000
7290102060979,false,"אלמקס משחת שיניים למניעת עששת 100מ""ל",יבואן ומשווק: ש. שסט,PL,אלמקס משחת שיניים למניעת,גרמים,100.00,100 גרם,false,,14.90,0.1490,true,1,1339002
7290102062195,false,"משחת שיניים לילדים לגילאי 6-12 אלמקס 75 מ""ל",יבואן ומשווק: ש. שסט,PE,אלמקס ג'וניור משחת שיניים,גרמים,75.00,100 גרם,false,,15.90,0.2120,true,1,1339005
7290102300822,false,גבינת צ`דר אנגלית כתומה 200 גרם,דאולי צ'יסמייקרס,GB,גבינת צ'דר אנגלית כתום,גרמים,200.00,100 גרם,false,,20.90,0.1045,true,1,1329589
7290102300860,false,"גבינת צ'דר אנגלית לבן, 200 גרם",א. סיימן סחר בעמ,GB,גבינת צ'דר אנגלית,גרמים,200.00,100 גרם,false,,20.90,0.1045,true,1,1329591
7290102302833,false,גאודה פרוסה 150 גר`הגבינות של נני,קאסמאקרי הנרי ויליך,,גאודה בקר 150 גרם פר,גרמים,150.00,100 גרם,false,,19.90,0.1327,true,1,2302933
7290102302864,false,גבינה הולנדית עם פסטו ירוק 34%,הנרי ויליך Henri Willig,,גאודה פסטו ירוק 200,גרמים,200.00,100 גרם,false,,25.90,0.1295,true,1,2303430
7290102302932,false,גבינה גאיה קלאסית פרוסות 150ג,קריניציה ויטמינה אס,,גבינה טבעונית גאיה ק,גרמים,150.00,100 גרם,false,,22.90,0.1527,true,1,2330700
7290102302987,false,גאיה בסגנון צ'דר בפרוסות 150 גרם,קריניציה ויטמינה אס,,גבינה טבעונית גאיה ב,גרמים,150.00,100 גרם,false,,22.90,0.1527,true,1,2330708
7290102303854,false,צ`דר פרוסות מוצרלה טבעונית גאיה 150 ג,נטו מלינדה סחר בע`מ,,גבינה טבעונית גאיה ב,גרמים,150.00,100 גרם,false,,22.90,0.1527,true,1,2425926
7290102390427,false,יוגורט ביו עם קציפת תות 3% שומן 150 ג' מולר,החברה המרכזית טלהפצת משקאות בע,IL,"Muller Froop תות 150 מ""ל",מיליליטרים,150.00,"100 מ""ל",false,,4.70,0.0313,true,1,1328533
7290102390465,false,יוגורט ביו עם קציפת אפרסק ופסיפלורה 3% שומן 150 ג' מולר,החברה המרכזית טלהפצת משקאות בע,IL,Muller Froop אפרסק פסיפלו,מיליליטרים,150.00,"100 מ""ל",false,,4.70,0.0313,true,1,1328534
7290102390489,false,יוגורט ביו עם קציפת לימון 3% שומן 150 ג' מולר,החברה המרכזית טלהפצת משקאות בע,IL,"Muller Froop לימון 150 מ""",מיליליטרים,150.00,"100 מ""ל",false,,4.70,0.0313,true,1,1328535
7290102391844,false,יוגורט ביו עם קציפת פירות יער3% שומן 150 ג' מולר,החברה המרכזית טלהפצת משקאות בע,IL,Muller Froop פירות יער 15,מיליליטרים,150.00,"100 מ""ל",false,,4.70,0.0313,true,1,1328539
7290102392049,false,גבינה לאפיה תבור ללא תוספת מלח 5% משק צוריאל 500 גרם,החברה המרכזית טלהפצת משקאות בע,IL,תבור- גבינה לאפייה 5% 500,גרמים,500.00,100 גרם,false,,22.90,0.0458,true,1,1328541
7290102392094,false,חלב עיזים 3.7% בקרטון משק צוריאל 1 ליטר,החברה המרכזית טלהפצת משקאות בע,IL,חלב עיזים בקרטון 1 ליטר,ליטרים,1.00,ליטר,false,,14.90,14.9000,true,1,1328542
7290102392254,false,"חלב בקרטון 1% 2 ליטר בד""צ - מוצר בפיקוח",החברה המרכזית טלהפצת משקאות בע,IL,חלב בקרטון 1% 2 ליטר,ליטרים,2.00,ליטר,false,,11.70,5.8500,true,1,1328544
7290102392728,false,מולר ביאנקו נטורל יוגורט טבעי 2.8%,*החברה המרכזית להפצת משקאותבעמ,IL,מולר ביאנקו נטורל 2.8% 20,גרמים,200.00,100 גרם,false,,3.70,0.0185,true,1,1328550
7290102393060,false,"יוגורט ביו קרמי מיקס גלילי ופל ואגוזים 5.9% מולר 170 מ""ל",*החברה המרכזית להפצת משקאותבעמ,IL,Muller mix גליליות קרם אג,מיליליטרים,170.00,"100 מ""ל",false,,5.40,0.0318,true,1,1328553
7290102393169,false,"יוגורט סימפלי פרוט בטעם תות 3% מולר 150 מ""ל",*החברה המרכזית להפצת משקאותבעמ,IL,תות שדה Muller Simply fru,גרמים,150.00,100 גרם,false,,4.80,0.0320,true,1,1328562
7290102393176,false,סימפלי פרוט יוגורט אפרסק 3% שומן 150 ג' מולר,*החברה המרכזית להפצת משקאותבעמ,IL,אפרסק Muller Simply fruit,גרמים,150.00,100 גרם,false,,4.80,0.0320,true,1,1328563
7290102393190,false,"יוגורט סימפלי פרוט בטעם פירות יער 3% מולר 150 מ""ל",*החברה המרכזית להפצת משקאותבעמ,IL,פירות יער Muller Simply f,גרמים,150.00,100 גרם,false,,4.80,0.0320,true,1,1328564
7290102393718,false,גבינת חלומי מחלב בקר 28% משק צוריאל 200 גרם,החברה המרכזית טלהפצת משקאות בע,IL,חלומי בקר 200 גרם,גרמים,200.00,100 גרם,false,,19.90,0.0995,true,1,1328568
7290102393848,false,יוגורט עיזים 2.4% עם תות משק צוריאל 150 גרם,*החברה המרכזית להפצת משקאותבעמ,IL,יוגורט עיזים עם תות 150 ג,גרמים,150.00,100 גרם,false,,5.90,0.0393,true,1,1328569
7290102393855,false,יוגורט עיזים 2.5% עם אפרסק משק צוריאל 150 גרם,*החברה המרכזית להפצת משקאותבעמ,IL,יוגורט עיזים עם אפרסק 150,גרמים,150.00,100 גרם,false,,5.90,0.0393,true,1,1328570
7290102393947,false,סימפלי פרוט יוגורט בטעם קיווי 3% שומן 150 ג' מולר,*החברה המרכזית להפצת משקאותבעמ,IL,קיווי Muller Simply fruit,גרמים,150.00,100 גרם,false,,4.80,0.0320,true,1,1328571
7290102394081,false,"יוגורט ביו קרמי מיקס קורנפלקס מצופה שוקולד מולר 170 מ""ל",*החברה המרכזית להפצת משקאותבעמ,IL,Muller mix קורנפלקס מצופה,מיליליטרים,170.00,"100 מ""ל",false,,5.40,0.0318,true,1,1328573
7290102394258,false,גליל גבינת עיזים מה עז 9% משק צוריאל 180 גרם,*החברה המרכזית להפצת משקאותבעמ,IL,מה עז 9% 180 גרם,גרמים,180.00,100 גרם,false,,21.90,0.1217,true,1,1328574
7290102394463,false,נעם גבינה צהובה פרוסה ואקום 28% טרה 500 גרם,החברה המרכזית טלהפצת משקאות בע,IL,וואקום 28% שומן 500 גרם,גרמים,500.00,100 גרם,false,,26.90,0.0538,true,1,1328578
7290102394821,false,גבינה צהובה 28% דק דק לפתיחה חוזרת 200,החברה המרכזית טלהפצת משקאות בע,IL,"דק דק פ""ח 28% 200 גרם",גרמים,200.00,100 גרם,false,,15.60,0.0780,true,1,1328580
7290102394845,false,נעם גבינה צהובה לייט פרוסה דק דק 9% טרה 200 גרם,החברה המרכזית טלהפצת משקאות בע,IL,"דק דק פ""ח 9% 200 גרם",גרמים,200.00,100 גרם,false,,16.90,0.0845,true,1,1328581
7290102395101,false,ממרח גבינה ושוקולד מוו טרה 200 גרם,החברה המרכזית טלהפצת משקאות בע,IL,ממרח גבינה ושוקולד 200 גר,גרמים,200.00,100 גרם,false,,10.90,0.0545,true,1,1328585
7290102395217,false,מאגדת שמיניה מולר במתיקות מעודנת 1.2% 8*150 ג',החברה המרכזית טלהפצת משקאות בע,IL,מאגדת שמיניה מולר ביאנקו,גרמים,1200.00,100 גרם,false,,17.90,0.0149,true,1,1328593
7290102395262,false,מארז 8 גביעים יוגורט בטעם תות שדה ואפרסק 3% Simply Fruit,החברה המרכזית טלהפצת משקאות בע,IL,מאגדת שמינייה סימפלי 3% ת,גרמים,1200.00,100 גרם,false,,29.90,0.0249,true,1,1328597
7290102395439,false,מארז 8 גביעים יוגורט בטעם פירות יער וקיווי 3% Simply Fruit,החברה המרכזית טלהפצת משקאות בע,IL,מאגדת שמינייה סימפלי פירו,גרמים,1200.00,100 גרם,false,,29.90,0.0249,true,1,1328601
7290102395446,false,מעדן חלב בטעם וניל עם קצפת 123 ג' טרה,*החברה המרכזית להפצת משקאותבעמ,IL,מוו וניל קצפת,גרמים,123.00,100 גרם,false,,2.90,0.0236,true,1,1328602
7290102395477,false,מעדן חלב בטעם שוקולד עם קצפת 123 ג' טרה,החברה המרכזית טלהפצת משקאות בע,IL,מוו שוקולד קצפת,גרמים,123.00,100 גרם,false,,2.90,0.0236,true,1,1328605
7290102395521,false,"שמנת לבישול 15% שומן 500 מ""ל טרה",החברה המרכזית טלהפצת משקאות בע,IL,"שמנת לבישול 15% 500 מ""ל",מיליליטרים,500.00,"100 מ""ל",false,,15.90,0.0318,true,1,1328606
7290102396405,false,שמיניית מעדן וניל מוו 1.5% טרה 100 גרם,החברה המרכזית טלהפצת משקאות בע,IL,מאגדת שמינייה מעדן וניל 1,גרמים,800.00,100 גרם,false,,12.90,0.0161,true,1,1328643
7290102396436,false,מעדן בטעם שוקולד 1.5% שומן מוו (125 גרם),החברה המרכזית טלהפצת משקאות בע,IL,מוו מעדן שוקולד 1.5% 125,גרמים,125.00,100 גרם,false,,2.70,0.0216,true,1,1328646
7290102396443,false,מעדן בטעם וניל 1.5% שומן מוו (125 גרם),*החברה המרכזית להפצת משקאותבעמ,IL,מוו מעדן וניל 1.5% 125 גר,גרמים,125.00,100 גרם,false,,2.70,0.0216,true,1,1328647
7290102396580,false,מעדן מוו שוקולד ומוס שוקולד טרה 118 גרם,החברה המרכזית טלהפצת משקאות בע,IL,מעדן מוו שוקולד ומוס שוקו,גרמים,123.00,100 גרם,false,,2.90,0.0236,true,1,1328655
7290102396597,false,מעדן מוו וניל ומוס שוקולד טרה 118 גרם,החברה המרכזית טלהפצת משקאות בע,IL,מעדן מוו וניל ומוס שוקולד,גרמים,123.00,100 גרם,false,,2.90,0.0236,true,1,1328656
7290102396665,false,צהובה פרוסות דקדק פתח סגור 15% 200 גר`,החברה המרכזית טלהפצת משקאות בע,,גבינה צהובה דק דק 15,גרמים,200.00,100 גרם,false,,15.60,0.0780,true,1,1396713
7290102396672,false,גבינה צהובה נעם דק דק 9% פתח סגור 360 ג,החברה המרכזית טלהפצת משקאות בע,,גבינה צהובה 9% נעם 3,גרמים,360.00,100 גרם,false,,25.90,0.0719,true,1,1393686
7290102396719,false,יוגורט 0% תות סימפלי מולר (150 גרם),החברה המרכזית טלהפצת משקאות בע,IL,תות 0% Muller Simply fru,גרמים,150.00,100 גרם,false,,4.80,0.0320,true,1,1328663
7290102396726,false,יוגורט 0% אפרסק סימפלי מולר (150 גרם),*החברה המרכזית להפצת משקאותבעמ,IL,אפרסק 0% Muller Simply f,גרמים,150.00,100 גרם,false,,4.80,0.0320,true,1,1328664
7290102396740,false,מארז 8 גביעים יוגורט בטעם תות שדה ואפרסק 0% Simply Fruit,החברה המרכזית טלהפצת משקאות בע,IL,מאגדת שמינייה סימפלי 0% ת,גרמים,1200.00,100 גרם,false,,29.90,0.0249,true,1,1328666
7290102397075,false,יוגורט בקרטון 4% שומן 1.5ל' טרה,*החברה המרכזית להפצת משקאותבעמ,,יוגורט 1.5ליטר בקרטו,ליטרים,1.50,ליטר,false,,12.90,8.6000,true,1,1328681
7290102397204,false,"גבנ""צ דק דק נעם פתיחה חוזרת 22% 200 גרם",*החברה המרכזית להפצת משקאותבעמ,,גבינה צהובה 22% נעם,גרמים,200.00,100 גרם,false,,15.60,0.0780,true,1,1393687
7290102397334,false,גבינה בולגרית גלילית 5% משק צוריאל 250 גרם,החברה המרכזית טלהפצת משקאות בע,,גבינה בולגרית 5% קלא,גרמים,250.00,100 גרם,false,,19.90,0.0796,true,1,1401058
7290102397464,false,יוגורט ביו בתוספת גרעינים אגוזים וחמוציות 170 ג' מולר,החברה המרכזית טלהפצת משקאות בע,,יוגורט מיקס מולר נטו,גרמים,170.00,100 גרם,false,,5.40,0.0318,true,1,1845462
7290102397600,false,מיקס יוגורט בתוספת שקדים ובוטנים מקורמלים 170 ג' מולר,החברה המרכזית טלהפצת משקאות בע,,יוגורט מיקס מולר שקד,גרמים,170.00,100 גרם,false,,5.40,0.0318,true,1,1430169
7290102397617,false,יוגורט ביו קרמי עם כדורים מצופים שוקולד חום לבן,החברה המרכזית טלהפצת משקאות בע,,יוגורט מיקס מולר קלי,גרמים,170.00,100 גרם,false,,5.40,0.0318,true,1,1430170
7290102397679,false,קוטג' וחצי טרה 5% מרכיבים טבעיים,החברה המרכזית טלהפצת משקאות בע,,קוטג' וחצי 5% טרה 37,גרמים,375.00,100 גרם,false,,7.90,0.0211,true,1,1490985
7290102397730,false,פרוסות גבינה אמנטל חצי קשה 30% שומן 200 ג' נעם,החברה המרכזית טלהפצת משקאות בע,,גבינה אמנטל 200 גר נ,גרמים,200.00,100 גרם,false,,16.90,0.0845,true,1,1994488
7290102397747,false,פרוסות גבינת מוצרלה נעם מחלב בקר 22%,החברה המרכזית טלהפצת משקאות בע,,מוצרלה נעם 200 גרם ר,גרמים,200.00,100 גרם,false,,17.90,0.0895,true,1,1834023
7290102397891,false,גבינה ניו יורק מותכת %16 4*25 גרם,החברה המרכזית טלהפצת משקאות בע,,גבינה מותכת משק צורי,גרמים,100.00,100 גרם,false,,6.90,0.0690,true,1,1539601
7290102398065,false,חלב טרה בקרטון 2 ליטר מהדרין 3% - מוצר בפיקוח,החברה המרכזית טלהפצת משקאות בע,,חלב קרטון 2 ליטר 3%,ליטרים,2.00,ליטר,false,,12.40,6.2000,true,1,1866436
7290102398072,false,"חלב קרטון 3%-1 ליטר "" טרה"" -מוצר פיקוח",החברה המרכזית טלהפצת משקאות בע,,חלב בקרטון 1 ליטר 3%,ליטרים,1.00,ליטר,false,,6.20,6.2000,true,1,1728053
7290102398331,false,חלב מועשר דל לקטוז 2% שומן טרה 1 ליטר,החברה המרכזית טלהפצת משקאות בע,,חלב מועשר דל לקטוז 2,ליטרים,1.00,ליטר,false,,7.40,7.4000,true,1,1837507
7290102398478,false,לאבנה 9% שומן 500 ג' טרה,החברה המרכזית טלהפצת משקאות בע,,לאבנה טרה 500 גרם .,גרמים,500.00,100 גרם,false,,19.90,0.0398,true,1,2288285
7290102398560,false,משקה שוקו מועשר בבקבוק 1 ליטר טרה,החברה המרכזית טלהפצת משקאות בע,,שוקו 1 ליטר טרה,ליטרים,1.00,ליטר,false,,10.90,10.9000,true,1,1961921
7290102398577,false,משקה חלב בטעם שוקו 2% בבקבוק אישי,החברה המרכזית טלהפצת משקאות בע,,שוקו טרה מועשר בבקבו,מיליליטרים,250.00,"100 מ""ל",false,,5.20,0.0208,true,1,1961894
7290102398614,false,משקה חלב טרה ט. בננה 1ליטר בקבוק,החברה המרכזית טלהפצת משקאות בע,,משקה חלב בטעם בננה 1,ליטרים,1.00,ליטר,false,,10.90,10.9000,true,1,1961922
7290102398669,false,משקה חלב אייס קפוצ'ינו טרה 1 ליטר,החברה המרכזית טלהפצת משקאות בע,,אייס קפוצינו 1 ליטר,ליטרים,1.00,ליטר,false,,10.90,10.9000,true,1,2308845
7290102398782,false,.משקה סויה קלאסי 1ל בקבוק משק צוריא,החברה המרכזית טלהפצת משקאות בע,,משקה סויה קלאסיק צור,ליטרים,1.00,ליטר,false,,9.90,9.9000,true,1,2284318
7290102398799,false,משקה סויה במתיקות מופחתת משק צוריאל 1 ליטר,החברה המרכזית טלהפצת משקאות בע,,משקה סויה במתיקות מו,ליטרים,1.00,ליטר,false,,9.90,9.9000,true,1,2284319
7290102398805,false,משקה סויה בטעם וניל 1ל בקבוק משק צוריא,החברה המרכזית טלהפצת משקאות בע,,משקה סויה בטעם וניל,ליטרים,1.00,ליטר,false,,9.90,9.9000,true,1,2284320
7290102398836,false,משקה שקדים קלאסי משק צוריאל 1 ליטר,החברה המרכזית טלהפצת משקאות בע,,משקה שקדים קלאסיק צו,ליטרים,1.00,ליטר,false,,11.90,11.9000,true,1,2284336
7290102399048,false,פרוסות גבינת קשקבל נעם 200 ג' טרה,*החברה המרכזית להפצת משקאותבעמ,,קשקבל נעם 200 גרם רכ,גרמים,200.00,100 גרם,false,,22.90,0.1145,true,1,2221614
7290102399635,false,"מולר פרופ יוגורט ביו עם קציפת קוקוס ואננס 150 מ""ל",החברה המרכזית טלהפצת משקאות בע,,יוגורט מולר פרופ 4.1,מיליליטרים,150.00,"100 מ""ל",false,,4.70,0.0313,true,1,2310567
7290102399697,false,סימפלי פרוט מנגו 1.5% שומן 150 ג' מולר,*החברה המרכזית להפצת משקאותבעמ,,יוגורט מולר סימפלי פ,גרמים,150.00,100 גרם,false,,4.80,0.0320,true,1,2284361
7290102399772,false,מולר ספרדבל-ממרח חמאת מולר במליחות עדינה 250 גרם,החברה המרכזית טלהפצת משקאות בע,,ממרח חמאת מולר במליח,גרמים,250.00,100 גרם,false,,16.90,0.0676,true,1,2300867
7290102399789,false,מולר ספרדבל-ממרח חמאת מולר ללא מלח 250 גרם,החברה המרכזית טלהפצת משקאות בע,,ממרח חמאת מולר ללא מ,גרמים,250.00,100 גרם,false,,16.90,0.0676,true,1,2300868
7290102399796,false,מעדן יוגורט לבן מועשר בחלבון 200 ג' מולר אקטיב,החברה המרכזית טלהפצת משקאות בע,,יוגורט מולר לבן מועש,גרמים,200.00,100 גרם,false,,5.50,0.0275,true,1,2288276
7290102399802,false,יוגורט עם תות מולר אקטיב מועשר בחלבון 200 גר',החברה המרכזית טלהפצת משקאות בע,,יוגורט מולר אקטיב עם,גרמים,200.00,100 גרם,false,,5.80,0.0290,true,1,2288277
7290102399819,false,יוגורט עם פירות יער מולר אקטיב מועשר בחלבון 200 גר',החברה המרכזית טלהפצת משקאות בע,,יוגורט מולר אקטיב עם,גרמים,200.00,100 גרם,false,,5.80,0.0290,true,1,2288286
7290102399857,false,מולר אקטיב לייט 20 גרם חלבון 0% שומן עם תות 200 גרם,החברה המרכזית טלהפצת משקאות בע,,יוגורט מולר אקטיב עם,גרמים,200.00,100 גרם,false,,5.80,0.0290,true,1,2306843
7290102448845,false,צנצנת רטרו 0.085 ל',,,צנצנת רטרו 0.085 ל',יחידה,0.00,יחידה,false,,4.90,0.0000,true,1,2175148
7290102448852,false,לקיטשן צנצנת רטרו 0.15 ל' משושה,,,לקיטשן צנצנת רטרו 0.,יחידה,0.00,יחידה,false,,4.90,0.0000,true,1,2175149
7290102454471,false,קרש חיתוך פלנרו בינו,,,קרש חיתוך.,יח',1.00,יח',false,,12.90,12.9000,true,1,2266781
7290102808588,false,פולו בקבוק ספורט פלס,,,פולו בקבוק ספורט פלס,יחידה,0.00,יחידה,false,,19.90,0.0000,true,1,2318741
7290102840243,false,אבקה להכנת פלאן קרמל 112 גרם,נאמן לאורך זמן בעמ,,אבקה להכנה פלאן בדץ.,גרמים,112.00,100 גרם,false,,8.90,0.0795,true,1,1329702
7290102842360,false,תערובת להכנת סופלה בטעם שוקולד בלגי,נאמן לאורך זמן בעמ,,תערובת להכנת סופלה ש,גרמים,250.00,100 גרם,false,,15.90,0.0636,true,1,1329711
7290102842711,false,תערובת להכנת עוגת גבינה 340ג,י.כהן,,אבקה להכנת עוגת גבינ,גרמים,375.00,100 גרם,false,,14.90,0.0397,true,1,1329712
7290102844265,false,תערובת להכנת בליל טמפורה 500ג',נאמן לאורך זמן בעמ,,תערובת להכנת בלילה ט,גרמים,500.00,100 גרם,false,,10.90,0.0218,true,1,1455233
7290102844357,false,גלי אינסטנט בטעם אננ,י.כהן,,אינסטנט ג'לי אננס,גרמים,85.00,100 גרם,false,,4.90,0.0576,true,1,1460321
7290103120658,false,דאודורנט ספיד סטיק גל שחור 85 גרם,הנסיך- מפעל לייצור ט,US,ספיד סטיק 24/7 גל שחור,גרמים,50.00,100 גרם,false,,19.90,0.3980,true,1,1339012
7290103124588,false,"סבון נוזלי ארומה בניחוח לבנדר פטצ'ולי פלמוליב 750 מ""ל",הנסיך- מפעל לייצור ט,TR,פלמוליב סבון נוזלי ארומה,מיליליטרים,750.00,"100 מ""ל",false,,17.90,0.0239,true,1,1339018
7290103124601,false,"תחליב רחצה נוזל חלב ודבש משאבה 750מ""ל פלמוליב",הנסיך- מפעל לייצור ט,TR,פלמוליב חלב ודבש 750מל חד,מיליליטרים,750.00,"100 מ""ל",false,,17.90,0.0239,true,1,1339020
7290103126797,false,"משחת שיניים קולגייט סנסיטיב פרו רליף 75 מ""ל",הנסיך- מפעל לייצור ט,BR,קולגייט סנסיטיב פרו ריליף,מיליליטרים,75.00,"100 מ""ל",false,,24.90,0.3320,true,1,1339029
7290103128739,false,בלונס מקלות אוזניים לתינוק 56 יחידות,הנסיך- מפעל לייצור ט,GR,בלונס מקלות אוזניים תינוק,יח',50.00,יח',false,,5.90,0.1180,true,1,1339037
7290103129378,false,ספיד סטיק - דאודורנט ג'ל לגבר איקס 5 85 גרם,הנסיך- מפעל לייצור ט,US,ספיד סטיק גל X5,גרמים,85.00,100 גרם,false,,19.90,0.2341,true,1,1339042
7290103129392,false,ליידי ספיד סטיק פרש אסנס פרח הפרזיה סטיק 65 גר,ליידי ספיד סטיק Lady Speed Stick,US,לסס פרש אסנס פרח הפרזיה ס,גרמים,65.00,100 גרם,false,,19.90,0.3062,true,1,1339043
7290103129408,false,ליידי ספיד סטיק - דאודורנט סטיק לאישה פרש אסנס פריחת הפרדס 65 גרם,ליידי ספיד סטיק Lady Speed Stick,US,לסס פרש אסנס פריחת הפרדס,גרמים,65.00,100 גרם,false,,19.90,0.3062,true,1,1339044
7290103129637,false,בלונס פדים אובליים להסרת איפור 40 יחידות,הנסיך- מפעל לייצור ט,GR,בלונס פדים אובאליים להסרת,יח',40.00,יח',false,,7.90,0.1975,true,1,1339046
7290103401429,false,קפה קצב ברזילאי אוריגינס 200 גר,הנסיך- מפעל לייצור ט,IL,קפה קצב ברזילאי,גרמים,200.00,100 גרם,false,,29.90,0.1495,true,1,1342681
7290103404758,false,סלט כרוב אדום במיונז אחלה 120 גרם,שטראוס גרופ בעמ/מצונן,IL,כרוב 120,גרמים,120.00,100 גרם,false,,4.50,0.0375,true,1,1341940
7290103681173,false,"יין הר קברנה סובניון יקבי תבור 750 מ""ל.",החברה המרכזית טלהפצת משקאות בע,,יין תבור הר קברנה סו,מיליליטרים,750.00,"100 מ""ל",false,,32.90,0.0439,true,1,2161093
7290103681180,false,"יין הר מרלו מיתוג תנשמת 750 מ""ל",החברה המרכזית טלהפצת משקאות בע,,יין תבור הר מרלו 750,מיליליטרים,750.00,"100 מ""ל",false,,32.90,0.0439,true,1,2161094
7290103681197,false,"יין הר שיראז מיתוג תנשמת 750 מ""ל",החברה המרכזית טלהפצת משקאות בע,,יין תבור הר שיראז 75,מיליליטרים,750.00,"100 מ""ל",false,,32.90,0.0439,true,1,2161095
7290103681210,false,"יין הר שרדונה מיתוג תנשמת 750 מ""ל",*החברה המרכזית להפצת משקאותבעמ,,יין תבור הר שרדונה 7,מיליליטרים,750.00,"100 מ""ל",false,,32.90,0.0439,true,1,2161096
7290103681227,false,"יין הר גוורצטרמינר מיתוג תנשמת 750 מ""ל",החברה המרכזית טלהפצת משקאות בע,,יין תבור הר גוורצטרמ,מיליליטרים,750.00,"100 מ""ל",false,,32.90,0.0439,true,1,2161097
7290103681234,false,"יין הר רוזה מיתוג תנשמת 750 מ""ל",החברה המרכזית טלהפצת משקאות בע,,יין תבור הר רוזה 750,מיליליטרים,750.00,"100 מ""ל",false,,32.90,0.0439,true,1,2161098
7290103681241,false,"יין הר מוסקטו מיתוג תנשמת 750 מ""ל",*החברה המרכזית להפצת משקאותבעמ,,יין תבור הר מוסקטו 7,מיליליטרים,750.00,"100 מ""ל",false,,32.90,0.0439,true,1,2161347
7290103681371,false,תבור קברנה סובניון 750 מ`ל,*החברה המרכזית להפצת משקאותבעמ,,"יין אדמה מרלו 750 מ""",מיליליטרים,750.00,"100 מ""ל",false,,59.90,0.0799,true,1,2161086
7290103681739,false,"יין הר לבן יקבי תבור 750 מ""ל",מיוצר על ידי יקב תבור,,יין תבור הר לבן 750,מיליליטרים,750.00,"100 מ""ל",false,,32.90,0.0439,true,1,2395461
7290103702540,false,נייר טואלט מהדרות כדור פורח 30 גלילים טאצ',שניב תעשיות נייר בעמ,,נייר טואלט 30,מטרים,504.00,מטר,false,,35.90,0.0712,true,1,2393784
7290103702649,false,מארז חמישייה מגבוני טישו דו שכבתי,שניב תעשיות נייר בעמ,,ממחטות טישו חמישייה,יח',500.00,יח',false,,13.90,0.0278,true,1,2428920
7290103702687,false,מגבות נייר - מארז 8 גלילים,פרפקט Perfect,,מגבות נייר 8 יחידות,מטרים,84.64,מטר,false,,12.90,0.1524,true,1,1408254
7290103702731,false,מגבות נייר - מארז 6 גלילים,פרפקט Perfect,,מגבות נייר 6 יחידות,מטרים,63.48,מטר,false,,12.90,0.2032,true,1,1418192
7290103702748,false,מגבות נייר - מארז 12 גלילים,פרפקט Perfect,,מגבות נייר 12 יחידות,מטרים,126.96,מטר,false,,16.90,0.1331,true,1,1418535
7290103702755,false,נייר טואלט דו שכבתי - מארז 32 גלילים,פרפקט Perfect,,נייר טואלט דו שכבתי,מטרים,573.44,מטר,false,,32.90,0.0574,true,1,1419713
7290103702847,false,ממחטות אף באריזה אישית- 10 במארז,פרפקט Perfect,,ממחטות אף 10 יחידות,יח',10.00,יח',false,,8.90,0.8900,true,1,1470801
7290103702908,false,ממחטות נייר- מארז חמישייה,פרפקט Perfect,,ממחטות טישו 5 יחידות,יח',500.00,יח',false,,12.90,0.0258,true,1,1470237
7290103702915,false,נייר טואלט דו שכבתי - מארז 48 גלילים,פרפקט Perfect,,נייר טואלט דו שכבתי,מטרים,860.16,מטר,false,,34.90,0.0406,true,1,1473958
7290104061424,false,סלט חומוס עם זעתר אחלה 400 גרם,שטראוס גרופ בעמ/מצונן,IL,חומוס זעתר 400 גרם,גרמים,400.00,100 גרם,false,,9.90,0.0248,true,1,1341948
7290104061431,false,סלט חומוס עם צנובר אחלה 400 גרם,שטראוס גרופ בעמ/מצונן,IL,חומוס צנובר 400 גרם,גרמים,400.00,100 גרם,false,,9.90,0.0248,true,1,1341949
7290104061448,false,סלט חומוס עם חריף אחלה 400 גרם,שטראוס גרופ בעמ/מצונן,IL,חומוס חריף 400 גרם,גרמים,400.00,100 גרם,false,,9.90,0.0248,true,1,1341950
7290104062599,false,מארז 8 יחידות מעדן גמדים בטעמי תות ובננה,שטראוס גרופ בעמ/מצונן,IL,8 גמדים תות בננה,גרמים,800.00,100 גרם,false,,17.90,0.0224,true,1,1341951
7290104065187,false,אבקה להכנת משקה קפה בטעם מוקה,שטראוס גרופ בע`מ,IL,קפה נמס מוקה 200 גר',גרמים,200.00,100 גרם,false,,26.90,0.1345,true,1,1342718
7290104066566,false,סלט טחינה שומשום מלא 500גר אחלה,שטראוס גרופ בעמ/מצונן,IL,טחינה משומשום מלא 500 גרם,גרמים,500.00,100 גרם,false,,13.90,0.0278,true,1,1341956
7290104067693,false,חומוס אחלה עם תוספת חריף 150 גר,שטראוס גרופ בעמ/מצונן,IL,חומוס 150 חריף,גרמים,150.00,100 גרם,false,,4.90,0.0327,true,1,1341959
7290104068539,false,מאסט פליפטופ מלון ואבטיח ללא גרעינים,שטראוס גרופ בע`מ,IL,MUST LL פליפ. אבטיח מלון,גרמים,28.00,100 גרם,false,,3.90,0.1393,true,1,1342726
7290104068546,false,גומי מאסט בטעם לימון קולה ללא סוכר 28 ג' עלית,שטראוס גרופ בע`מ,IL,MUST פליפ קולה,גרמים,28.00,100 גרם,false,,3.90,0.1393,true,1,1342727
7290104501661,false,אינסטנט פודינג בטעם וניל צרפתי אסם 80 גרם,קבוצת אוסם סחר-שות.מוגבלת,IL,אסם פודינג אינסטנט בטעם ו,גרמים,80.00,100 גרם,false,,5.50,0.0688,true,1,1305946
7290104501784,false,בונג`ור מיני מאפינס שוקוציפס 40גר,**קבוצת אוסם סחר-שות.מוגבלת,IL,בונז'ור מיני מאפינס שוקוצ,יחידה,0.00,יחידה,false,,9.90,0.0000,true,1,1305947
7290104501807,false,בונג`ור מיני מאפינס שוקו 40גר,**קבוצת אוסם סחר-שות.מוגבלת,IL,בונז'ור מיני מאפינס שוקו,יחידה,0.00,יחידה,false,,9.90,0.0000,true,1,1305948
7290104504228,false,מיני דובונים אסם 100 גרם מארז 5 יחידות,קבוצת אוסם סחר-שות.מוגבלת,IL,חבורת דובונים 20 גרם מאר,גרמים,100.00,100 גרם,false,,12.90,0.1290,true,1,1305963
7290104508189,false,אסם 24 גביעי גלידה ממותקים 95 גרם,קבוצת אוסם סחר שותפות מוגבלת,IL,אסם גביעי גלידה ממותקים,גרמים,95.00,100 גרם,false,,11.90,0.1253,true,1,1305971
7290104508943,false,במבה חטיף בוטנים אסם 200 גרם,קבוצת אוסם סחר-שות.מוגבלת,IL,במבה קלאסית 200 גרם,גרמים,200.00,100 גרם,false,,9.90,0.0495,true,1,1305978
7290104570162,false,תמרים ללא חרצנים תמר כבוש 500 גרם,מ.ד אטיאס סוכנויות מזון בע`מ,,תמר כבוש 500 גרם,גרמים,500.00,100 גרם,false,,12.90,0.0258,true,1,1319291
7290104570629,false,ממרח גביע ירוק 450 ג' ירדן,מ.ד אטיאס סוכנויות מזון בע`מ,,ממרח תמרים 450 גרם ב,גרמים,450.00,100 גרם,false,,4.90,0.0109,true,1,1378940
7290104570636,false,ממרח תמרים 450 גר`צמח שוקחה,מ.ד אטיאס סוכנויות מזון בע`מ,,ממרח תמרים 450 גרם,גרמים,450.00,100 גרם,false,,4.90,0.0109,true,1,1378941
7290104570711,false,"סילאן מגהול בד""צ 900גרם",,,סילאן טבעי ללא סוכר,גרמים,900.00,100 גרם,false,,19.90,0.0221,true,1,1378953
7290104570735,false,הדקלאים סילאן טהור 5,,,סילאן לחיץ 500 גרם,גרמים,500.00,100 גרם,false,,14.90,0.0298,true,1,1416630
7290104720499,false,מארז 8 יחידות מעדן דני בטעם וניל 1.5%,שטראוס גרופ בעמ/מצונן,IL,מארז 8 דני וניל,גרמים,1000.00,100 גרם,false,,15.90,0.0159,true,1,1341962
7290104721533,false,רצועות פלפלים קלויים אחלה (400 גרם),שטראוס גרופ בעמ/מצונן,IL,פלפל קלויים 400,גרמים,400.00,100 גרם,false,,13.90,0.0348,true,1,1341968
7290104722530,false,תפוצ'יפס בטעם שמנת בצל עלית 200 גרם,"שטראוס פריטו ליי בע""\מ )",IL,תפוצ'יפס שמנת בצל 200 גר,גרמים,200.00,100 גרם,false,,9.90,0.0495,true,1,1343243
7290104726262,false,רביעייה מעדן דני שוקולד דיסני לבנים 125 גרם,שטראוס גרופ בעמ/מצונן,IL,מארז 4 דני לשתייה,גרמים,500.00,100 גרם,false,,10.90,0.0218,true,1,1341980
7290104726712,false,מארז 8 יחידות מעדן מילקי בטעם שוקולד עם קצפת,שטראוס גרופ בעמ/מצונן,IL,מארז 8 מילקי שוקולד,גרמים,1064.00,100 גרם,false,,19.90,0.0187,true,1,1341982
7290104728310,false,"שמנת מתוקה עמידה 38% שומן ""יטבתה"" -מוצר בפיקוח",שטראוס גרופ בעמ/מצונן,IL,שמנת להקצפה 38% מהדרין,מיליליטרים,250.00,"100 מ""ל",false,,6.10,0.0244,true,1,1341989
7290104729010,false,"לבן בטעם תות יטבתה 100 מ""ל מהדרין",שטראוס גרופ בעמ (ח),IL,לבן בטעם תות 100 מל'- מהד,גרמים,100.00,100 גרם,false,,1.40,0.0140,true,1,1341993
7290104960239,false,תחליב רחצה בניחוח קמומיל נקה (7507 מל),טרופיקל דגיל תעשיות קוסמ,IL,תחליב רחצה ארומה קמומיל 7,מיליליטרים,750.00,"100 מ""ל",false,,12.90,0.0172,true,1,1344911
7290104960246,false,נקה 7 ארומה תחליב רחצה ורד יסמין 750 מ,טרופיקל דגיל תעשיות קוסמ,IL,תחליב רחצה ארומה ורד יסמי,מיליליטרים,750.00,"100 מ""ל",false,,12.90,0.0172,true,1,1344912
7290104960253,false,נקה 7 ארומה תחליב רחצה לבנדר ענוג 750,טרופיקל דגיל תעשיות קוסמ,IL,תחליב רחצה ארומה לבנדר 75,מיליליטרים,750.00,"100 מ""ל",false,,12.90,0.0172,true,1,1344913
7290104960338,false,"נקה 7 תחליב רחצה ארומה אלוורה ותה ירוק 750מ""ל",טרופיקל דגיל תעשיות קוסמ,IL,תחליב רחצה ארומה אלוורה ו,מיליליטרים,750.00,"100 מ""ל",false,,12.90,0.0172,true,1,1344914
7290104960970,false,דאודורנט ספריי טיטניום מטאל Titanium Metal,אמיליה קוסמטיקס בעמ,IL,"דאו.טיטניום מטאל 180 מ""ל",מיליליטרים,180.00,"100 מ""ל",false,,14.90,0.0828,true,1,1344963
7290104961205,false,"נקה 7 תחליב רחצה מגע קטיפה מ""לפפון קיווי 750 מ""ל",טרופיקל דגיל תעשיות קוסמ,IL,תח.רחצה נקה7 מלפפון 750 מ,מיליליטרים,750.00,"100 מ""ל",false,,12.90,0.0172,true,1,1344982
7290104961229,false,"מי פנים לניקוי, הסרה ורענון הפנים לעור רגיל או יבש",קרליין Careline,,מי פנים לעור רגיל/יב,מיליליטרים,250.00,"100 מ""ל",false,,24.90,0.0996,true,1,1344984
7290104961243,false,"נקה 7 תחליב רחצה מגע קטיפה קוקוס ליים 750 מ""ל",טרופיקל דגיל תעשיות קוסמ,IL,"תח.רחצה נקה7 קוקוס 750מ""ל",מיליליטרים,750.00,"100 מ""ל",false,,12.90,0.0172,true,1,1344986
7290104961250,false,"נקה 7 תחליב רחצה מגע קטיפה וניל מאסק 750 מ""ל",טרופיקל דגיל תעשיות קוסמ,IL,תחליב רחצה נקה7 וניל ומאס,מיליליטרים,750.00,"100 מ""ל",false,,12.90,0.0172,true,1,1344987
7290104961526,false,דאודורנט ספריי גוף טיטניום קלאסיק Titanium Classic,החברה הדרומית לשיווק בעמ,IL,טיטניום ספריי קלאסי150מ,מיליליטרים,150.00,"100 מ""ל",false,,12.90,0.0860,true,1,1344994
7290104961533,false,דאודורנט ספריי גוף טיטניום בלק Titanium Black,החברה הדרומית לשיווק בעמ,IL,טיטניום ספריי בלק 150מ,מיליליטרים,150.00,"100 מ""ל",false,,12.90,0.0860,true,1,1344995
7290104961540,false,דאודורנט ספריי גוף טיטניום מטאל Titanium Metal,החב הדרומית לשיווק,IL,טיטניום ספריי מטאל 150מ,מיליליטרים,150.00,"100 מ""ל",false,,12.90,0.0860,true,1,1344996
7290104961557,false,"טיטניום - דאודורנט ספריי לגבר בלו 150 מ""ל","אמיליה קוסמטיקס בע""מ",IL,טיטניום ספריי אייס 150מ,מיליליטרים,150.00,"100 מ""ל",false,,12.90,0.0860,true,1,1344997
7290104961601,false,"מי מאסק דאודורנט ספרי תרסיס 175מ""ל",קרליין Careline,,דאודורנט תרסיס מי מא,מיליליטרים,175.00,"100 מ""ל",false,,19.90,0.1137,true,1,1344999
7290104961878,false,"שמפו לשיער קרטין אינטנס פורמולה 400 מ""ל נטורל",החברה הדרומית לשיווק בעמ,IL,"שמפו קרטין נטורל 400 מ""ל",מיליליטרים,400.00,"100 מ""ל",false,,29.90,0.0747,true,1,1345009
7290104961885,false,מרכך קרטין טהור לשיער שעבר החלקה או עיצוב בחום,החברה הדרומית לשיווק בעמ,IL,"מרכך קרטין נטורל 400 מ""ל",מיליליטרים,400.00,"100 מ""ל",false,,29.90,0.0747,true,1,1345010
7290104961892,false,מסכת קרטין טהור לשיער שעבר החלקה או עיצוב בחום,החברה הדרומית לשיווק בעמ,IL,"מסכת קרטין נטורל 350 מ""ל",מיליליטרים,350.00,"100 מ""ל",false,,39.90,0.1140,true,1,1345011
7290104961908,false,נ.פורמולה קרטין אינטנס סרום לשיער 145 מל,נטורל פורמולה Natural Formula,IL,"סרום קרטין נטורל 145 מ""ל",מיליליטרים,145.00,"100 מ""ל",false,,49.90,0.3441,true,1,1345012
7290104961991,false,"סבון בניחוח חמאה שיאה שחור נקה 7 שלישייה * 500 מ""ל",החברה הדרומית לשיווק בעמ,IL,נקה 7 - שלישיית אלסבון מפ,מיליליטרים,1500.00,"100 מ""ל",false,,17.90,0.0119,true,1,1345016
7290104962004,false,"סבון בניחוח וניל ומאסק נקה 7 שלישייה * 500 מ""ל",החברה הדרומית לשיווק בעמ,IL,נקה 7 - שלישיית אלסבון מפ,מיליליטרים,1500.00,"100 מ""ל",false,,17.90,0.0119,true,1,1345017
7290104962073,false,דאודורנט ספריי גוף טיטניום גולד Titanium Gold,החברה הדרומית לשיווק בעמ,IL,"דאו.טיטניום גולד 180 מ""ל",מיליליטרים,180.00,"100 מ""ל",false,,14.90,0.0828,true,1,1345023
7290104962080,false,"טיטניום - דאודורנט ספריי לגבר גולד 150 מ""ל",החברה הדרומית לשיווק בעמ,IL,ספריי גוף טיטניום 150מ,מיליליטרים,150.00,"100 מ""ל",false,,12.90,0.0860,true,1,1345024
7290104962110,false,דאודורנט קרליין ספריי נושם לנערות ללא אלומיניום,החברה הדרומית לשיווק בעמ,IL,דאו.קרליין ספריי נושם לנע,מיליליטרים,150.00,"100 מ""ל",false,,12.90,0.0860,true,1,1345026
7290104962134,false,דאודורנט קרליין רול און נושם לנערות ללא אלומיניום,החברה הדרומית לשיווק בעמ,IL,דאו.קרליין רול און נושם ל,מיליליטרים,75.00,"100 מ""ל",false,,12.90,0.1720,true,1,1345028
7290104962509,false,נ.פורמולה קרם הגנה קרטין אינטנס,החברה הדרומית לשיווק בעמ,IL,"קרם קרטין נטורל 145 מ""ל",מיליליטרים,145.00,"100 מ""ל",false,,39.90,0.2752,true,1,1345037
7290104962578,false,דאודורנט ספריי נושם + אינביזיבל ללא סימנים לבנים,החב הדרומית לשיווק,,דאודורנט ספריי נושם,מיליליטרים,75.00,"100 מ""ל",false,,12.90,0.1720,true,1,1552857
7290104962585,false,דאודורנט רול און נושם +אינביזיבל ללא סימנים לבנים,מיוצר עי : אמיליה קוסמטי,,דאודורנט רול און נו,מיליליטרים,75.00,"100 מ""ל",false,,12.90,0.1720,true,1,1552512
7290104962684,false,"קרליין - נושם דאודורנט רול און לאישה ללא אלומיניום 75 מ""ל",החברה הדרומית לשיווק בעמ,IL,דאו.קרליין רול און נושם ל,מיליליטרים,75.00,"100 מ""ל",false,,12.90,0.1720,true,1,1345040
7290104962844,false,"שמפו אמפולה לטיפול אינטנסיבי לשיער יבש, צבוע ופגום",נטורל פורמולה Natural Formula,,שמפו נטורל פורמולה א,מיליליטרים,400.00,"100 מ""ל",false,,29.90,0.0747,true,1,1320308
7290104962851,false,"מרכך אמפולה לטיפול אינטנסיבי לשיער יבש, צבוע ופגום",נטורל פורמולה Natural Formula,,מרכך נטורל פורמולה א,מיליליטרים,400.00,"100 מ""ל",false,,29.90,0.0747,true,1,1320309
7290104962868,false,"מסכת אמפולה לטיפול אינטנסיבי לשיער יבש, צבוע ופגום",נטורל פורמולה Natural Formula,IL,"מסכת קרטין נטורל 350 מ""ל",מיליליטרים,350.00,"100 מ""ל",false,,39.90,0.1140,true,1,1345042
7290104962875,false,"סרום אמפולה לטיפול אינטנסיבי לשיער יבש, צבוע ופגום",החברה הדרומית לשיווק בעמ,IL,"סרום קרטין נטורל 145 מ""ל",מיליליטרים,145.00,"100 מ""ל",false,,49.90,0.3441,true,1,1345043
7290104963124,false,קרליין מים מיסליירים להסרת איפור,@@@ החב הדרומית לשיווק בעמ,,מים מיסלריים להסרת א,מיליליטרים,260.00,"100 מ""ל",false,,24.90,0.0958,true,1,1396996
7290104963216,false,סופטקר - אל סבון עדין לתינוק לעור רגיש 1 ליטר,החברה הדרומית לשיווק בעמ,,אלסבון לתינוק סופטקר,ליטרים,1.00,ליטר,false,,18.90,18.9000,true,1,1422777
7290104963223,false,סופטקר - אל סבון עדין לתינוק לעור רגיש 1 ליטר,החברה הדרומית לשיווק בעמ,,אל סבון סופטקר נוזלי,ליטרים,1.00,ליטר,false,,18.90,18.9000,true,1,1422778
7290104963650,false,נקה 7 שמפו אל דמע סופטקר 1 ליטר,החברה הדרומית לשיווק בעמ,,שמפו אל דמע סופטקר 1,ליטרים,1.00,ליטר,false,,18.90,18.9000,true,1,1422779
7290104963667,false,שמפו ותחליב רחצה אל דמע סופט קר 1 ליטר,החברה הדרומית לשיווק בעמ,,אלסבון +שמפו אל דמע,ליטרים,1.00,ליטר,false,,18.90,18.9000,true,1,1422780
7290104963902,false,קרליין אורבן דיפנס קרם לחות והגנה 50 מל,פאר פארם בעמ,,קרם יום URBAN DEFENS,מיליליטרים,50.00,"100 מ""ל",false,,34.90,0.6980,true,1,2132708
7290104964091,false,"קרליין - מולטי אפקט קרם לילה 50 מ""ל",@@@ החב הדרומית לשיווק בעמ,,קרם לילה MULTI EFFEC,מיליליטרים,50.00,"100 מ""ל",false,,29.90,0.5980,true,1,1558727
7290104964213,false,"קרליין - פילינג פנים לניקוי עמוק 150 מ""ל",@@@ החב הדרומית לשיווק בעמ,,לניקוי פניםXדאבל סקר,מיליליטרים,150.00,"100 מ""ל",false,,24.90,0.1660,true,1,1764224
7290104964251,false,"תרחיץ פנים פעולה משולשת מסכה, פילינג וניקוי",@@@ החב הדרומית לשיווק בעמ,,תרחיץ פעולה משולשת-A,מיליליטרים,150.00,"100 מ""ל",false,,24.90,0.1660,true,1,1764203
7290104964329,false,"N.F שמפו יבש לשיער יבש 200מ""ל",מיוצר עי : אמיליה קוסמטי,,שמפו יבש לשיער צבוע/,מיליליטרים,200.00,"100 מ""ל",false,,29.90,0.1495,true,1,1479450
7290104964336,false,"שמפו יבש לשיער צדק/דליל 200מ""ל",החב הדרומית לשיווק,,שמפו יבש לשיער דק/דל,מיליליטרים,200.00,"100 מ""ל",false,,29.90,0.1495,true,1,1479451
7290104964350,false,אל סבון עשיר בלחות בניחוח פרחי מים - מארז 3 יח',החב. הדרומית לשיווק,,שלישייה סבון נוזלי נ,מיליליטרים,1500.00,"100 מ""ל",false,,17.90,0.0119,true,1,1448921
7290104964381,false,נ.פורמולה מארז 4 אמפולות קרטין,נטורל פורמולה Natural Formula,,מארז אמפולות קרטין ט,יח',4.00,יח',false,,49.90,12.4750,true,1,1689158
7290104964398,false,"שלשיית אלסבון מפנק נקה 7 וניל רענן 3* 500 מ""ל",החב. הדרומית לשיווק,,שלישייה סבון נוזלי נ,מיליליטרים,1500.00,"100 מ""ל",false,,17.90,0.0119,true,1,1709182
7290104964565,false,קרליין מסכה מתקלפת לניקוי לכל סוגי העור,פאר פארם בעמ,,מסכה מתקלפת-שחור,מיליליטרים,150.00,"100 מ""ל",false,,34.90,0.2327,true,1,2281085
7290104964619,false,"STORY - ברגמוט אמבר בושם לאישה א.ד.פ 50 מ""ל",קרליין,,בושם לאישה STORY מ-3,יחידה,0.00,יחידה,false,,39.90,0.0000,true,1,2334812
7290104964626,false,בושם לאישה STORY מ-4,קרליין,,בושם לאישה STORY מ-4,יחידה,0.00,יחידה,false,,39.90,0.0000,true,1,2334813
7290104964824,false,קרליין המפ שמן מזין לעור 30 מל,אגיס,,"המפ-שמן לפנים 30 מ""ל",מיליליטרים,30.00,"100 מ""ל",false,,69.90,2.3300,true,1,2295289
7290104964947,false,"קרלין - תרחיץ ניקוי פנים ויטמין סי 300 מ""ל","קוסמופארם בע""\מ",,קרליין ג'ל לניקוי פנ,מיליליטרים,300.00,"100 מ""ל",false,,24.90,0.0830,true,1,2389830
7290104965654,false,קרליין נושם דאו סטיק סוויט קיס לנערות 50,החברה הדרומית לשיווק בעמ,,דאודורנט סטיק נושם ב,גרמים,50.00,100 גרם,false,,16.90,0.3380,true,1,2350987
7290104965661,false,קרליין דאו ספרי נושם סוויט קיס לנערות150,החברה הדרומית לשיווק בעמ,,דאודורנט ספריי נושם,מיליליטרים,150.00,"100 מ""ל",false,,12.90,0.0860,true,1,2350988
7290104969935,false,"קרליין - סי פאוור קרם יום 50 מ""ל",פאר פארם בעמ,,"קרם יום 50 מ""ל-POWER",מיליליטרים,50.00,"100 מ""ל",false,,59.90,1.1980,true,1,2329980
7290105040794,false,בנפייבר סיבים תזונתי,בנפייבר Benefiber,,בנפייבר סיבים תזונתי,גרמים,261.00,100 גרם,false,,39.90,0.1529,true,1,1726558
7290105100191,false,פינצטה מוזהבת / צבעו,,,פינצטה מוזהבת / צבעו,יחידה,0.00,יחידה,false,,14.90,0.0000,true,1,2307155
7290105100214,false,קוצץ ציפורניים,,,קוצץ ציפורניים,יחידה,0.00,יחידה,false,,7.90,0.0000,true,1,2307156
7290105100252,false,סט קוצצים,,,סט קוצצים,יחידה,0.00,יחידה,false,,9.90,0.0000,true,1,2307157
7290105100269,false,קאטר לציפורניים,,,קאטר לציפורניים,יחידה,0.00,יחידה,false,,29.90,0.0000,true,1,2307158
7290105100276,false,קאטר לעור,,,קאטר לעור,יחידה,0.00,יחידה,false,,24.90,0.0000,true,1,2307159
7290105100313,false,משייף לרגל לעור קשה,,,משייף לרגל לעור קשה,יחידה,0.00,יחידה,false,,14.90,0.0000,true,1,2307163
7290105100320,false,פצירה ברזל,,,פצירה ברזל,יחידה,0.00,יחידה,false,,9.90,0.0000,true,1,2307164
7290105100375,false,פצירה דוצדדי,,,פצירה דוצדדי,יחידה,0.00,יחידה,false,,9.90,0.0000,true,1,2307168
7290105100450,false,סט כלי מניקיור,,,סט כלי מניקיור,יחידה,0.00,יחידה,false,,14.90,0.0000,true,1,2406163
7290105100641,false,כובע אופנתי,,,כובע אופנתי,יחידה,0.00,יחידה,false,,34.90,0.0000,true,1,2405154
7290105100658,false,מברשת איפור מתקפל,,,מברשת איפור מתקפל,יחידה,0.00,יחידה,false,,14.90,0.0000,true,1,2405137
7290105107237,false,תיק רחצה,,,תיק רחצה,יחידה,0.00,יחידה,false,,19.90,0.0000,true,1,1360650
7290105108944,false,מברשת שיער מודפס/פות,,,מברשת שיער מודפס/פות,יחידה,0.00,יחידה,false,,14.90,0.0000,true,1,1491413
7290105360250,false,קפסולות 09 עשיר וארומטי למכונת נספרסו עלית 10יח',הנסיך- מפעל לייצור ט,IL,קפסולות מקיאטו למכונות נס,גרמים,50.00,100 גרם,false,,16.50,0.3300,true,1,1342774
7290105360335,false,קפסולות אספרסו למכונות נספרסו 50 גר,הנסיך- מפעל לייצור ט,IL,קפסולות אספרסו מעודן למכו,גרמים,50.00,100 גרם,false,,16.50,0.3300,true,1,1342776
7290105360755,false,שמן זית כתית מעולה חזק750 מל,מכוורת יד מרדכי שטראוס ב,IL,"שמן זית 3 חזק 750 מ""ל",מיליליטרים,750.00,"100 מ""ל",false,,33.90,0.0452,true,1,1342783
7290105360762,false,"שמן זית 1 עדין 750 מ""ל יד מרדכי",מכוורת יד מרדכי שטראוס ב,IL,"שמן זית 1 עדין 750 מ""ל",מיליליטרים,750.00,"100 מ""ל",false,,33.90,0.0452,true,1,1342784
7290105362339,false,"שמנת לבישול 15% 250 מ""ל יטבתה מהדרין",שטראוס גרופ בעמ/מצונן,IL,שמנת לבישול 15% מהדרין,מיליליטרים,250.00,"100 מ""ל",false,,7.90,0.0316,true,1,1341998
7290105363602,false,מקלות כיף כף קלאסי עלית (40 גרם),שולן צ'\יקולטה גידה סאן.,TR,כיף כף מקלות קלאסי 20% תו,גרמים,40.00,100 גרם,false,,4.90,0.1225,true,1,1342793
7290105364289,false,מקלות כיף כף פצפוצים עלית 40 גרם,שולן צ'\יקולטה גידה סאן.,TR,כיף כף מקלות פצפוצים 20%,גרמים,40.00,100 גרם,false,,4.90,0.1225,true,1,1342795
7290105364302,false,"עלית חטיף שוקולד כיף כף מקלות אגוזים, 40 גרם",שולן צ'\יקולטה גידה סאן.,,חטיף כיף כף מקלות אג,גרמים,42.00,100 גרם,false,,4.90,0.1167,true,1,1342796
7290105366047,false,טחינה לבנה אחלה (400 גרם),שטראוס גרופ בעמ/מצונן,IL,טחינה לבנה 400 גר,גרמים,400.00,100 גרם,false,,13.90,0.0348,true,1,1342009
7290105366993,false,סימפוניה גבינת שמנת פלפל שיפקה 5% שטראוס 200 גרם,שטראוס גרופ בעמ/מצונן,IL,סימפוניה פילפל שיפקה חריף,גרמים,200.00,100 גרם,false,,10.90,0.0545,true,1,1342016
7290105368331,false,מעדן מילקי בטעם תות עם קצפת,שטראוס גרופ בעמ/מצונן,IL,מילקי תות,גרמים,133.00,100 גרם,false,,2.80,0.0211,true,1,1342031
7290105368904,false,"שמנת מתוקה להקצפה 32% שומן 250 מ""ל יוטבתה",שטראוס גרופ בעמ/מצונן,IL,שמנת מתוקה להקצפה 32% מהד,מיליליטרים,250.00,"100 מ""ל",false,,6.90,0.0276,true,1,1342042
7290105368928,false,שמנת חמוצה יטבתה %9 200 מל גביע מהדרין,שטראוס גרופ בעמ/מצונן,IL,שמנת 9% 200 גר-מהדרין,גרמים,200.00,100 גרם,false,,3.00,0.0150,true,1,1342043
7290105369130,false,סימפוניה גבינת שמנת בצל ירוק 5% שטראוס 200 גרם,שטראוס גרופ בעמ/מצונן,IL,סימפוניה בצל ירוק,גרמים,200.00,100 גרם,false,,10.90,0.0545,true,1,1342047
7290105430441,false,פלמוליב ס.נוזלי סחלב שחור 750 מל משאבה,הנסיך- מפעל לייצור ט,TR,פלמוליב סחלב שחור 750מל ח,מיליליטרים,750.00,"100 מ""ל",false,,17.90,0.0239,true,1,1339048
7290105430458,false,"פלמוליב - תחליב רחצה נטורלס שקדים 750 מ""ל",הנסיך- מפעל לייצור ט,TR,פלמוליב שקדים 750מל חדש,מיליליטרים,750.00,"100 מ""ל",false,,17.90,0.0239,true,1,1339049
7290105431516,false,מארז חטיף פריי תמרים ובוטנים ללא גלוטן ותוספת סוכר 125 גרם,טבעית מוצרים מן הטבע בעמ,IL,פרי חטיפי בריאות מארז 5 ת,גרמים,125.00,100 גרם,false,,15.90,0.1272,true,1,1339059
7290105431868,false,"פלמוליב ספא קוקוס גרגרים נוזלי 500 מ""ל",הנסיך- מפעל לייצור ט,TR,פלמוליב ספא קוקוס גרגרים,מיליליטרים,500.00,"100 מ""ל",false,,15.90,0.0318,true,1,1339064
7290105433985,false,ליידי ספיד סטיק פרש אסנס פריחת הדובדבן סטיק 65 גר,ליידי ספיד סטיק Lady Speed Stick,US,לסס פרש אסנס פריחת הדובדב,גרמים,65.00,100 גרם,false,,19.90,0.3062,true,1,1339079
7290105434029,false,"ספיד סטיק - דאודורנט ספריי לגבר נוטרו פאואר 150 מ""ל",הנסיך- מפעל לייצור ט,MX,ספיד סטיק נוטרו ספריי,מיליליטרים,165.00,"100 מ""ל",false,,24.90,0.1509,true,1,1339081
7290105434050,false,ספיד סטיק - דאודורנט סטיק לגבר XL ירוק רגיולר 85 גרם,קולגייט פלמוליב,,דאודורנט ספיד סטיק 8,גרמים,85.00,100 גרם,false,,19.90,0.2341,true,1,1396753
7290105434067,false,ספיד סטיק - דאודורנט סטיק לגבר XL אושן סרף 85 גרם,קולגייט פלמוליב,,דאודורנט ספיד סטיק 8,גרמים,85.00,100 גרם,false,,19.90,0.2341,true,1,1396754
7290105436382,false,חטיף פרי תמרים קשיו ללא תוספת סוכר וגלוטן 5 יח,טבעית מוצרים מן הטבע בעמ,IL,פרי מארז 5 תמרים קשיו,גרמים,125.00,100 גרם,false,,15.90,0.1272,true,1,1339086
7290105438539,false,קוקי נייר אפייה 40 דפים,ש. שסטוביץ בע`מ,,נייר אפייה קוקי,יח',40.00,יח',false,,12.90,0.3225,true,1,2021604
7290105438546,false,קוקי נייר אפייה פרימיום 40 יח',ש. שסטוביץ בע`מ,,נייר אפייה קוקי פרימ,יח',40.00,יח',false,,12.90,0.3225,true,1,2021605
7290105439499,false,מאסטר שף מאסטר שף מיונז 480 גר כשלפ,רמיה סי.וי. הולנד,,מיונז מאסטר שף,גרמים,481.00,100 גרם,false,,11.90,0.0247,true,1,1406171
7290105439505,false,מאסטר שף קרם בטעם מיונז לייט 479 גר כשלפ,רמיה סי.וי. הולנד,,מיונז לייט מאסטר שף,גרמים,479.00,100 גרם,false,,11.90,0.0248,true,1,1721461
7290105439581,false,מנה מאסטר שף חרדל דיזיון צרפתי 370 גר,רמיה סי.וי.הולנד,,חרדל צרפתי 370 גרם מ,גרמים,370.00,100 גרם,false,,11.90,0.0322,true,1,1403878
7290105500151,false,וודקה פינלנדיה רגיל 700,"אלטיה קורפ, הלסינקי,",,וודקה פינלנדיה 700 מ,מיליליטרים,700.00,"100 מ""ל",false,,54.90,0.0784,true,1,1866506
7290105500236,false,וויסקי ג'ק דניאלס מס' 7 Brand No,ג'ק דניאלס Jack Daniel's,,ויסקי ג'ק דניאלס.,מיליליטרים,700.00,"100 מ""ל",false,,99.90,0.1427,true,1,1866507
7290105500953,false,"וויסקי ג'ק דניאלס דבש 700 מ""ל",מ.אקרמן בעמ,,ג'ק דניאלס דבש,מיליליטרים,700.00,"100 מ""ל",false,,99.90,0.1427,true,1,1866535
7290105501547,false,"מארז וודקה גריי גוס 700מ""ל פלוס כוס",בקרדי מרטיני,,וודקה גריי גוס 700 מ,מיליליטרים,700.00,"100 מ""ל",false,,104.90,0.1499,true,1,2378628
7290105541697,false,קינואה 500 גרם,חצי חינם,,קינואה 500 גרם,גרמים,500.00,100 גרם,false,,9.90,0.0198,true,1,1364008
7290105546609,false,בורגר בקר 400 גרם,מעדני הגליל,,בורגר בקר 400 גרם,גרמים,400.00,100 גרם,false,,24.90,0.0622,true,1,1360816
7290105546616,false,קבב רומני 400 גרם,מעדני הגליל,,קבב רומני 400 גרם,גרמים,400.00,100 גרם,false,,24.90,0.0622,true,1,1360817
7290105546623,false,קבב מזרחי 400 גרם,מעדני הגליל,,קבב מזרחי 400 גרם,גרמים,400.00,100 גרם,false,,24.90,0.0622,true,1,1360818
7290105546630,false,קבב כבש 400 גרם,מעדני הגליל,,קבב כבש 400 גרם,גרמים,400.00,100 גרם,false,,29.90,0.0747,true,1,1360819
7290105547378,false,מארז לחמניות פרנה 4 יח',גיא מאפים שיווק טוב בעמ,IL,מארז פרנה 150 ג,גרמים,600.00,100 גרם,false,,9.90,0.0165,true,1,1363371
7290105548634,false,"טורטייה - 12 יח', קוטר 25 ס""מ",,,טורטייה 840 גרם.,גרמים,840.00,100 גרם,false,,14.90,0.0177,true,1,1365976
7290105548641,false,"טורטייה בתוספת חיטה מלאה- 12 יח', קוטר 25 ס""מ",,,טורטייה קמח מלא 840,גרמים,840.00,100 גרם,false,,14.90,0.0177,true,1,1365977
7290105548658,false,"טורטייה - 12 יח', קוטר 20 ס""מ",,,טורטייה 540 גרם.,גרמים,540.00,100 גרם,false,,9.90,0.0183,true,1,1365978
7290105548665,false,"טורטייה בתוספת חיטה מלאה- 12 יח', קוטר 20 ס""מ",,,טורטייה קמח מלא 540,גרמים,540.00,100 גרם,false,,9.90,0.0183,true,1,1365979
7290105691224,false,אסם חטיפי פריכונים טורטייה שום בצל 60 גרם,קבוצת אוסם סחר-שות.מוגבלת,IL,אסם חטיפי פריכונים טורטיה,גרמים,60.00,100 גרם,false,,6.90,0.1150,true,1,1306006
7290105691248,false,אסם חטיפי פריכונים טורטייה תירס 60 גרם,קבוצת אוסם סחר שותפות מוגבלת,IL,אסם חטיפי פריכונים טורטיה,גרמים,60.00,100 גרם,false,,6.90,0.1150,true,1,1306007
7290105691897,false,קוסקוס עם חיטה מלאה אסם 350 גרם,"מיוצר ע""י קוד יצרן K",IL,אסם קוסקוס עם חיטה מלאה 3,גרמים,350.00,100 גרם,false,,6.90,0.0197,true,1,1306015
7290105691934,false,קמח שמרים אסם 1 קילו,קבוצת אוסם סחר שותפות מוגבלת,IL,אסם קמח שמרים לעוגות שמרי,קילוגרמים,1.00,"ק""ג",false,,9.90,9.9000,true,1,1306016
7290105693341,false,מארז עשיריית במבה אסם 25*10 גרם,קבוצת אוסם סחר שותפות מוגבלת,IL,במבה אריזת תינוק 25 גרם מ,גרמים,250.00,100 גרם,false,,15.90,0.0636,true,1,1306029
7290105693457,false,עוגת הבית דמקה שוקו וניל 320 גר`בחושות,קבוצת אוסם סחר שותפות מוגבלת,IL,אסם הבית עוגת דמקה בטעם ש,גרמים,320.00,100 גרם,false,,12.90,0.0403,true,1,1306030
7290105693952,false,פירורית זהב אסם זהב שומשום 200 ג',קבוצת אוסם סחר שותפות מוגבלת,IL,אסם פירורית זהב עם שומשום,גרמים,200.00,100 גרם,false,,5.50,0.0275,true,1,1306034
7290105694614,false,פסטה אוסם ספגטי מהיר הכנה 500 גרם,קבוצת אוסם סחר שותפות מוגבלת,IT,אסם פסטה ספגטי מהיר הכנה,גרמים,500.00,100 גרם,false,,6.90,0.0138,true,1,1306041
7290105695024,false,פתיתים אפויים אורז עם אטריות אסם 500 גרם,קבוצת אוסם סחר שותפות מוגבלת,IL,אסם פתיתים אפויים אורז עם,גרמים,500.00,100 גרם,false,,7.90,0.0158,true,1,1306052
7290105695321,false,עוגת הבית בראוניס פאדג' אסם 380 גרם,קבוצת אוסם סחר שותפות מוגבלת,IL,אסם הבית עוגת בראוניס פאד,גרמים,380.00,100 גרם,false,,15.90,0.0418,true,1,1306057
7290105962331,false,סחוג תימני אדום חריף מאוד זהבי הכרם 220 גרם,שטראוס גרופ בעמ/מצונן,IL,סחוג חריף מאד זהבי 220 גר,גרמים,220.00,100 גרם,false,,10.90,0.0495,true,1,1342051
7290105964564,false,חומוס אחלה 400 גרם. שטראוס,שטראוס גרופ בעמ/מצונן,,חומוס 400 גרם,גרמים,400.00,100 גרם,false,,7.90,0.0198,true,1,1414448
7290105965738,false,יוגורט לשתיה בטעם תות בננה267 ג' דנונה,שטראוס גרופ בעמ/מצונן,IL,דנונה לשתיה תות בננה 267ג,גרמים,267.00,100 גרם,false,,4.90,0.0184,true,1,1342066
7290105966469,false,חומץ בלסמי ממודנה יד מרדכי (250 מל),אצטייה ג'וזפה קרמוני,IT,חומץ בלסמי יד מרדכי,מיליליטרים,250.00,"100 מ""ל",false,,12.90,0.0516,true,1,1342854
7290105968777,false,פריכיות 5 דגנים עם תחתית שוקולד מריר 70 גרם,"טחנת האבן תעשיות בע""",IL,פריכיות אנרג'י שוק.מריר,גרמים,70.00,100 גרם,false,,7.90,0.1129,true,1,1342865
7290105999054,false,ג'ו - קפסולות קרים אלומיניום תערובת אולטרא,נורוליס,,מארז 10 קפסולות תערו,יחידה,0.00,יחידה,false,,19.90,0.0000,true,1,2427122
7290105999214,false,ג'ו - קפסולות קרים אלומיניום תערובת טריאסטה,נורוליס,,מארז 10 קפסולות תערו,יחידה,0.00,יחידה,false,,19.90,0.0000,true,1,2427097
7290105999238,false,ג'ו - קפסולות קרים אלומיניום תערובת אקסטרה,נורוליס,,מארז 10 קפסולות תערו,יחידה,0.00,יחידה,false,,19.90,0.0000,true,1,2427099
7290105999245,false,ג'ו - קפסולות קרים אלומיניום תערובת קובה,נורוליס,,מארז 10 קפסולות תערו,יחידה,0.00,יחידה,false,,19.90,0.0000,true,1,2427100
7290105999252,false,ג'ו - קפסולות קרים אלומיניום תערובת קולומביה,נורוליס,,מארז 10 קפסולות תערו,יחידה,0.00,יחידה,false,,19.90,0.0000,true,1,2427101
7290105999269,false,ג'ו - קפסולות קרים אלומיניום תערובת קוסטה ריקה,נורוליס,,מארז 10 קפסולות תערו,יחידה,0.00,יחידה,false,,19.90,0.0000,true,1,2427107
7290105999276,false,מארז 10 קפסולות תערו,,,מארז 10 קפסולות תערו,יחידה,0.00,יחידה,false,,19.90,0.0000,true,1,2427108
7290105999283,false,מארז 10 קפסולות תערו,,,מארז 10 קפסולות תערו,יחידה,0.00,יחידה,false,,19.90,0.0000,true,1,2427109
7290105999290,false,קפה קרים תערובת קרמל קפסולות 10*5.5 גרם,,,מארז 10 קפסולות תערו,יחידה,0.00,יחידה,false,,19.90,0.0000,true,1,2427110
7290105999306,false,קפסולות קרים אלומיניום תערובת גו קלאסי,נורוליס,,מארז 10 קפסולות תערו,יחידה,0.00,יחידה,false,,19.90,0.0000,true,1,2427111
7290105999313,false,מארז 10 קפסולות תערו,,,מארז 10 קפסולות תערו,יחידה,0.00,יחידה,false,,19.90,0.0000,true,1,2427112
7290106509474,false,מברשת שיניים חשמלית,,,מברשת שיניים חשמלית,יחידה,0.00,יחידה,false,,79.90,0.0000,true,1,2285098
7290106520066,false,"רבע לשבע שוקולד חלב במילוי אגוזים עלית 160 גרם בד""צ","הגביע מוצרי וופלים בע""\מ",IL,רבע לשבע,גרמים,160.00,100 גרם,false,,10.90,0.0681,true,1,1342868
7290106520288,false,יוגורט פרו חלבון עם תות 2.4% שומן 150 ג' דנונה,שטראוס גרופ בעמ/מצונן,,דנונה WOW תות 2.4% ש,גרמים,150.00,100 גרם,false,,4.50,0.0300,true,1,1404032
7290106520905,false,סלט טורקי אחלה (400 גרם),שטראוס גרופ בעמ/מצונן,IL,סלט טורקי 400 גרם,גרמים,400.00,100 גרם,false,,13.90,0.0348,true,1,1342088
7290106520912,false,שמנת לבישול 9% שומן 258גר מהדרין יטבתה,שטראוס גרופ בעמ/מצונן,IL,שמנת לבישול 9% מהדרין,מיליליטרים,250.00,"100 מ""ל",false,,7.90,0.0316,true,1,1342089
7290106521049,false,אחלה טעמי השוק קוביות סלק 400 גר,שטראוס גרופ בעמ/מצונן,IL,קוביות סלק 400,גרמים,400.00,100 גרם,false,,13.90,0.0348,true,1,1342095
7290106521926,false,קפה טורקי בצלופן עלית 150 גרם,שטראוס קפה בי.ויn\.,,קפה טורקי 150 גרם,גרמים,150.00,100 גרם,false,,12.90,0.0860,true,1,2383396
7290106524439,false,"תפוצ'יפס פופס 60 גרם ""עלית""","שטראוס פריטו ליי בע""\מ )",,תפוצ'יפס 60 גרם פופס,גרמים,60.00,100 גרם,false,,3.90,0.0650,true,1,1845457
7290106525320,false,אבקת שוקולית לאפייה קופסא 500ג' עלית,הנסיך- מפעל לייצור ט,IL,שוקולית לאפיה,גרמים,500.00,100 גרם,false,,11.90,0.0238,true,1,1342901
7290106525399,false,קפסולות 06 ברזיל למכונות נספרסו עלית 10יח',הנסיך- מפעל לייצור ט,,קפסולות למכונות נספר,גרמים,50.00,100 גרם,false,,16.50,0.3300,true,1,1422572
7290106525405,false,קפסולות קפה עלית נטול קפאין אספרסו) (10,שטראוס קפה בי.וי.,IL,קפסולות נטול למכונות נספר,גרמים,50.00,100 גרם,false,,16.50,0.3300,true,1,1342903
7290106526822,false,פריכיות אורז חום מלא תחתית שוקולד חלב 80 גרם,"טחנת האבן תעשיות בע""",IL,פריכיות אנרגי תחתית שוק.ח,גרמים,80.00,100 גרם,false,,7.90,0.0988,true,1,1342919
7290106528567,false,חטיף תירס גריל דוריטוס (185 גרם),"שטראוס פריטו ליי בע""\מ )",,דוריטוס גריל 185 גר,גרמים,185.00,100 גרם,false,,7.90,0.0427,true,1,1417919
7290106528628,false,חטיף תירס בטעם טבעי דוריטוס (185 גרם),"שטראוס פריטו ליי בע""\מ )",,דוריטוס טבעי 185 גר,גרמים,185.00,100 גרם,false,,7.90,0.0427,true,1,1417920
7290106571921,false,פיטנס עוגיות עם חמוציות נסטלה (180 גרם),קבוצת אוסם סחר שותפות מוגבלת,IL,פיטנס עוגיות עם חמוציות 1,גרמים,180.00,100 גרם,false,,10.90,0.0606,true,1,1306089
7290106572027,false,קרקר לחמית חמישה דגנים אסם (190 גרם),קבוצת אוסם סחר-שות.מוגבלת,IL,לחמית חמישה דגנים 190 גרם,גרמים,190.00,100 גרם,false,,7.90,0.0416,true,1,1306091
7290106572065,false,חטיפי טורטיה בטעם חמוץ מתוק אסם (60 גרם),קבוצת אוסם סחר שותפות מוגבלת,IL,אסם חטיפי פריכונים טורטיה,גרמים,60.00,100 גרם,false,,6.90,0.1150,true,1,1306092
7290106573314,false,חטיף קריספי בטעם כפרי 150 ג' אסם,קבוצת אוסם סחר שותפות מוגבלת,IL,אסם קריספי טאפאס כפרי 150,גרמים,150.00,100 גרם,false,,10.90,0.0727,true,1,1306108
7290106573598,false,חומוס לבנוני צבר (400 גרם),קבוצת אוסם סחר שותפות מוגבלת,IL,צבר חומוס לבנוני 400 גרם,גרמים,400.00,100 גרם,false,,11.90,0.0298,true,1,1306112
7290106573628,false,חומוס עם טחינה צבר (400 גרם),קבוצת אוסם סחר שותפות מוגבלת,IL,צבר חומוס עם טחינה 400 גר,גרמים,400.00,100 גרם,false,,11.90,0.0298,true,1,1306113
7290106574793,false,עוגת הבית בטעם שוקו-שוקוצ'יפס 350 ג' אסם,קבוצת אוסם סחר שותפות מוגבלת,IL,אסם הבית עוגת שוקו שוקוצי,גרמים,350.00,100 גרם,false,,12.90,0.0369,true,1,1306130
7290106574953,false,בייגלה שטוחים כעכים שטוחים עם שומשום,קבוצת אוסם סחר שותפות מוגבלת,IL,אסם בייגלה שטוחים שומשום,גרמים,300.00,100 גרם,false,,10.90,0.0363,true,1,1306131
7290106574977,false,בייגלה שטוחים טבעות עם מלח אסם (300 גרם),קבוצת אוסם סחר שותפות מוגבלת,IL,אסם בייגלה שטוחים עם מלח,גרמים,300.00,100 גרם,false,,10.90,0.0363,true,1,1306132
7290106575011,false,פתיתים אפויים קוסקוס מחיטה מלאה אסם 400 גרם,קבוצת אוסם סחר שותפות מוגבלת,IL,אסם פתיתים פלוס חיטה מלאה,גרמים,400.00,100 גרם,false,,7.90,0.0198,true,1,1306133
7290106575257,false,עוגת הבית סופלה בטעם שוקולד 340 ג' אסם,קבוצת אוסם סחר שותפות מוגבלת,IL,אסם הבית עוגת סופלה בטעם,גרמים,340.00,100 גרם,false,,12.90,0.0379,true,1,1306138
7290106575332,false,פתיתים אפויים פלוס בורגול 400 ג' אסם,קבוצת אוסם סחר שותפות מוגבלת,IL,אסם פתיתים פלוס בורגול 40,גרמים,400.00,100 גרם,false,,7.90,0.0198,true,1,1306142
7290106575431,false,עוגת הבית סופלה בטעם שוקוניל 340 ג' אסם,קבוצת אוסם סחר-שות.מוגבלת,IL,אסם הבית עוגת סופלה בטעם,גרמים,340.00,100 גרם,false,,12.90,0.0379,true,1,1306144
7290106576223,false,"אפרופו שוקולד 40 גרם ""אסם""",קבוצת אוסם סחר שותפות מוגבלת,,אפרופו שוקולד 40 גרם,גרמים,40.00,100 גרם,false,,4.50,0.1125,true,1,1466742
7290106576513,false,סלט רק חומוס צבר 400 גרם,קבוצת אוסם סחר שותפות מוגבלת,IL,צבר חומוס חלק 400 גרם,גרמים,400.00,100 גרם,false,,8.90,0.0223,true,1,1306159
7290106576537,false,חומוס מסעדות צבר 700 גרם,קבוצת אוסם סחר שותפות מוגבלת,IL,צבר חומוס מסעדה 700 גרם,גרמים,700.00,100 גרם,false,,10.90,0.0156,true,1,1306160
7290106576797,false,"לה קרמריה גלידת וניל איטלקי כשל""פ 1.4ל'",נגה גלידות שותפות מוגבלת,IL,לה קרמריה וניל איטלקי,ליטרים,1.40,ליטר,false,,20.90,14.9286,true,1,1329808
7290106576858,false,גלידה לה קרמריה תותים בשמנת 1.4 ל' נסטלה,נגה גלידות שותפות מוגבלת,IL,לה קרמריה תותים בשמנת,ליטרים,1.40,ליטר,false,,20.90,14.9286,true,1,1329811
7290106576957,false,"לה קרמריה גלידת שוקו וניל פליק פרווה כשל""פ 1.4",נגה גלידות שותפות מוגבלת,IL,לה קרמריה שוקו וניל פליק,ליטרים,1.40,ליטר,false,,20.90,14.9286,true,1,1329815
7290106576995,false,גלידה סורבה לה קרמריה תות מנגו לייט 1.4 ל' נסטלה,נגה גלידות שותפות מוגבלת,IL,לה קרמריה לייט סורבה תות,ליטרים,1.40,ליטר,false,,20.90,14.9286,true,1,1329817
7290106577039,false,גלידה לה קרמריה שוקו וניל פליק 1.4 ל' נסטלה,נגה גלידות שותפות מוגבלת,IL,לה קרמריה שוקו וניל פליק,ליטרים,1.40,ליטר,false,,20.90,14.9286,true,1,1329818
7290106577282,false,טחינה אמיתית מרובע 400 ג' צבר,קבוצת אוסם סחר-שות.מוגבלת,IL,צבר טחינה אמיתית 400 גרם,גרמים,400.00,100 גרם,false,,10.90,0.0273,true,1,1306168
7290106577527,false,סלט קולסלאו כרוב לבן וגזר 400 ג' צבר,קבוצת אוסם סחר-שות.מוגבלת,IL,צבר סלט קולסלו כרוב לבן ו,גרמים,400.00,100 גרם,false,,10.90,0.0273,true,1,1306175
7290106577541,false,צבר כרוב אדום מרובע 400גרם,קבוצת אוסם סחר-שות.מוגבלת,IL,צבר סלט כרוב אדום 400 גרם,גרמים,400.00,100 גרם,false,,10.90,0.0273,true,1,1306176
7290106577572,false,מטבוחה אמיתית מרובע 400 ג' צבר,קבוצת אוסם סחר-שות.מוגבלת,IL,צבר מטבוחה אמיתית 400 גרם,גרמים,400.00,100 גרם,false,,10.90,0.0273,true,1,1306177
7290106578692,false,ביסלי במבה מיקס מהדורת אליפות אסם 80 גרם,קבוצת אוסם סחר שותפות מוגבלת,,ביסלי במבה מיקס,גרמים,80.00,100 גרם,false,,4.50,0.0563,true,1,1306193
7290106578821,false,עוגת הבית שמרים קלאסית שוקולד אסם 350 גרם,קבוצת אוסם סחר שותפות מוגבלת,IL,אסם הבית עוגת שמרים שוקול,גרמים,350.00,100 גרם,false,,15.90,0.0454,true,1,1306195
7290106652996,false,כיף כף מקלות קוקוס חלבי 40 גר',סולן בעבור שטראוס,TR,כיף כף מקלות קוקוס,גרמים,40.00,100 גרם,false,,4.90,0.1225,true,1,2424342
7290106653504,false,סבבה בוטנים אמריקאים ברביקיו 50 גרם,שטראוס פריטו ליי בע`מ,,בוטנים סבבה עלית ברב,גרמים,50.00,100 גרם,false,,1.90,0.0380,true,1,2310958
7290106654099,false,מילקי CAKE עוגות אישיות במילוי קרם חלב,בובארד איטליה אס.פי.איי,,מאגדת 8 מילקי cake,גרמים,272.00,100 גרם,false,,17.90,0.0658,true,1,1406016
7290106656727,false,"עוגיות חיוכים שוקולד עלית 600 גרם בד""צ",אפיפית נצרת תעשיות ב,IL,חיוכים שוקו 600 ג בדצ,גרמים,600.00,100 גרם,false,,15.90,0.0265,true,1,1342974
7290106656734,false,"עוגיות חיוכים וניל עלית 600 גרם בד""צ",אפיפית נצרת תעשיות ב,IL,חיוכים וניל 600 גר בדצ,גרמים,600.00,100 גרם,false,,15.90,0.0265,true,1,1342975
7290106660410,false,רביולי תרד וגבינה שטראוס (400 גרם),שטראוס גרופ בעמ/מצונן,IL,רביולי תרד וגבינה 400 ג ש,גרמים,400.00,100 גרם,false,,18.90,0.0472,true,1,1342183
7290106663503,false,קונפיטורת תות לייט יד מרדכי (230 גרם),אף.סי תבליני בגליל ב,IL,קונפיטורת תות שדה לייט,גרמים,230.00,100 גרם,false,,12.90,0.0561,true,1,1343023
7290106663558,false,"רוטב טריאקי ורימון יד מרדכי 280מ""ל",אף.סי תבליני בגליל ב,,רוטב טריאקי 320 גרם,גרמים,320.00,100 גרם,false,,12.90,0.0403,true,1,1372807
7290106664067,false,לאבנה עם שמן זית וזעתר 10% שטראוס 400 ג',שטראוס גרופ בעמ/מצונן,,לאבנה 10%שומן 400 גר,גרמים,400.00,100 גרם,false,,13.90,0.0348,true,1,1396176
7290106664555,false,"רוטב שמנת עם עגבניות 9% שומן 250 מ""ל יוטבתה",שטראוס גרופ בעמ/מצונן,IL,רוטב שמנת עם פטריות 9%,גרמים,250.00,100 גרם,false,,9.90,0.0396,true,1,1391132
7290106666788,false,עלית - סוכריות נוסטלגיה דבש ממולאות 80 גרם,שטראוס גרופ בע`מ,PL,סוכריות דבש ממולאות,גרמים,80.00,100 גרם,false,,4.90,0.0613,true,1,1365148
7290106667266,false,חטיף תירס חמוץ חריף דוריטוס (185 גרם),"שטראוס פריטו ליי בע""\מ )",,דוריטוס חמוץ חריף 18,גרמים,185.00,100 גרם,false,,7.90,0.0427,true,1,1417922
7290106668577,false,"מיץ לימון טיבעי 250 מ""ל יד מרדכי",האי נאם סי או אל.טי.,IL,מיץ לימון יכין 1 ליטר,מיליליטרים,250.00,"100 מ""ל",false,,6.90,0.0276,true,1,1372826
7290106668713,false,יוגורט עם פירות יער 3% שומן 150 ג' דנונה,שטראוס גרופ בעמ/מצונן,IL,דנונה תות 3%,גרמים,150.00,100 גרם,false,,3.40,0.0227,true,1,1376174
7290106720626,false,חטיף תירס בטעם גבינה צ`יטוס (80 גרם),"שטראוס פריטו ליי בע""\מ )",,ציטוס גבינה 80 גר,גרמים,80.00,100 גרם,false,,3.90,0.0487,true,1,1564357
7290106721913,false,מסטיק מאסט MUST ללא סוכר בטעם מנטה מרעננת,שטראוס גרופ בע`מ,IL,כשלפ בזוקה רגיל 30,גרמים,66.00,100 גרם,false,,8.90,0.1348,true,1,1365164
7290106721920,false,צנצנת מסטיק מאסט בטעם ספירמינט עדין 66 ג' עלית,"שטראוס גרופ בע""\מ.",IL,כשלפ בזוקה רגיל 30,גרמים,66.00,100 גרם,false,,8.90,0.1348,true,1,1365165
7290106724488,false,דנונה טבעי פרוביוטי 1.7% טבעי 150ג',"שטראוס גרופ ***בע""מ",IL,מארז דנונה שמינייה 1.7% ח,גרמים,150.00,100 גרם,false,,1.90,0.0127,true,1,1342218
7290106725867,false,סירופ מייפל טהור ללס יד מרדכי 189 גר,שטראוס גרופ בע`מ,,סירופ מייפל טבעי 189,מיליליטרים,189.00,"100 מ""ל",false,,24.90,0.1317,true,1,1396156
7290106725874,false,"סירופ מייפל טבעי 236 מ""ל ""יד מרדכי""",שטראוס גרופ בעמ,,סירופ מייפל טבעי 236,מיליליטרים,236.00,"100 מ""ל",false,,34.90,0.1479,true,1,1396157
7290106726178,false,יוגורט PRO עם פירות יער 2.4% 10 גרם חלבון בגביע,שטראוס גרופ בעמ/מצונן,,דנונה WOW פירות יער,גרמים,150.00,100 גרם,false,,4.50,0.0300,true,1,1396203
7290106727984,false,"כיף כף פצפצים בגביע 135 גרם ""עלית""",שולן צ'\יקולטה גידה סאן.,,גביע פצפצים 135 גרם,גרמים,135.00,100 גרם,false,,8.90,0.0659,true,1,1466968
7290107280020,false,שלישיית מטליות לחות לניקוי כללי סנו סושי 50 יחידות,החברה הדרומית לשיווק בעמ,IL,מטליות לניקוי כללי50*3יח,יח',150.00,יח',false,,19.90,0.1327,true,1,1320311
7290107280037,false,מטלית לחות עבות לניקוי סנו סושי מארז 50יח',החברה הדרומית לשיווק בעמ,IL,50מגבונים לניקוי כללי,יח',50.00,יח',false,,8.90,0.1780,true,1,1320312
7290107280068,false,סנו סושי תבנית אלומיניום ענק א.לארג 2 יח,החברה הדרומית לשיווק בעמ,,זוג תבניות אלומיניום,יח',2.00,יח',false,,7.90,3.9500,true,1,1320314
7290107280075,false,סנו סושי תבנית אלומיניום לארג 4יח,החברה הדרומית לשיווק בעמ,,מארז 4 תבניות אלומינ,יח',4.00,יח',false,,7.90,1.9750,true,1,1320315
7290107280082,false,מארז 7 תבניות אלומיניום מוארכות לאפייה אינגליש קייק,החברה הדרומית לשיווק בעמ,,מארז 7 תבניות אלומינ,יח',7.00,יח',false,,7.90,1.1286,true,1,1320316
7290107280099,false,שלישיית מגובנים נשטפים באסלה סופט סוד 48 יחידות,החברה הדרומית לשיווק בעמ,IL,מגבוני נייר טואלט3*48יח,יח',144.00,יח',false,,15.90,0.1104,true,1,1320317
7290107280105,false,מגבוני אף רכים במיוחד סנו סופט 120 יח,החברה הדרומית לשיווק בעמ,US,סנו סופט 120 מגבוני טישו,יח',120.00,יח',false,,12.90,0.1075,true,1,1320318
7290107280341,false,ריצפז מטליות לחות לניקוי הרצפה בניחוח מלון מפנק,החברה הדרומית לשיווק בעמ,,ריצפז פרש מטליות ענק,יח',10.00,יח',false,,14.90,1.4900,true,1,2285191
7290107280389,false,"סנו - ג'ט מרסס לניקוי בחדר האמבטיה 750 מ""ל",החברה הדרומית לשיווק בעמ,IL,"מתז ג'ט לאמבט 750 מ""ל",מיליליטרים,750.00,"100 מ""ל",false,,19.90,0.0265,true,1,1320326
7290107280396,false,"סנו - ג'ט מרסס לניקוי יסודי במטבח 750 מ""ל",החברה הדרומית לשיווק בעמ,IL,"מתז ג'ט למטבח 750 מ""ל",מיליליטרים,750.00,"100 מ""ל",false,,19.90,0.0265,true,1,1320327
7290107280402,false,ג`ט לניקוי כללי ורצפות סנו (2 ליטר),החברה הדרומית לשיווק בעמ,IL,ג'ט ניקוי כללי ורצפות2ל,ליטרים,2.00,ליטר,false,,14.90,7.4500,true,1,1320328
7290107280563,false,סנו אוקסיג`ן ג`ל לכביסה בייבי 3 ל`,החברה הדרומית לשיווק בעמ,IL,ג'ל אוקסיג'ן בייבי 3 ל,ליטרים,3.00,ליטר,false,,29.90,9.9667,true,1,1320333
7290107280570,false,סנו - מקסימה ג'ל כביסה מרוכז לכביסה צבעונית 3 ליטר,החברה הדרומית לשיווק בעמ,IL,ג'ל לכביסה מעורבת 3ל,ליטרים,3.00,ליטר,false,,29.90,9.9667,true,1,1320334
7290107280587,false,שלישיית סנובון מוצק דאבל אקשן פריחה ורודה 55 גרם,החברה הדרומית לשיווק בעמ,,שלישייה סנובון לאסלה,גרמים,165.00,100 גרם,false,,11.90,0.0721,true,1,1397021
7290107280594,false,שלישיית סנובון מוצק דאבל אקשן לבנדר 55 גרם,סנו מפעלי ברונוס בעמ,,שלישייה סנובון לאסלה,גרמים,165.00,100 גרם,false,,11.90,0.0721,true,1,1397022
7290107280655,false,"אבקת כביסה בייבי סנו מקסימה 3.25 ק""ג",החברה הדרומית לשיווק בעמ,IL,מקסימה בייבי 3.25קג,קילוגרמים,3.25,"ק""ג",false,,29.90,9.2000,true,1,1320335
7290107280709,false,ספארק נוזל הברקה למדיח סנו (700 מל),החברה הדרומית לשיווק בעמ,,נוזל הברקה למדיח סנו,מיליליטרים,700.00,"100 מ""ל",false,,14.90,0.0213,true,1,1320337
7290107280723,false,נוזל לניקוי כלים סנו ספארק Spark בניחוח לימון רענן,החברה הדרומית לשיווק בעמ,IL,נוזל לכלים לימון 700מל,מיליליטרים,700.00,"100 מ""ל",false,,9.90,0.0141,true,1,1320339
7290107280730,false,נוזל לניקוי כלים סנו ספארק Spark בניחוח לבנדר,החברה הדרומית לשיווק בעמ,IL,"נוזל לכלים לבנדר 700 מ""ל",מיליליטרים,700.00,"100 מ""ל",false,,9.90,0.0141,true,1,1320340
7290107280747,false,נוזל לניקוי כלים סנו ספארק Spark קלאסי,החברה הדרומית לשיווק בעמ,IL,"נוזל לכלים קלאסי 700מ""ל",מיליליטרים,700.00,"100 מ""ל",false,,9.90,0.0141,true,1,1320341
7290107280754,false,נוזל כלים סנו ספארק Spark היפואלרגני פריחת השקד,החברה הדרומית לשיווק בעמ,IL,"נוזל לכלים שקד 700 מ""ל",מיליליטרים,700.00,"100 מ""ל",false,,9.90,0.0141,true,1,1320342
7290107280761,false,נוזל לניקוי כלים בניחוח לימון רענן סנו ספארק Spark,החברה הדרומית לשיווק בעמ,IL,סנו ספארק לכלים לימון1ל,ליטרים,1.00,ליטר,false,,12.90,12.9000,true,1,1320343
7290107280822,false,סנו ריצפז פרש הום 2 ליטר בניחוח ספא,החברה הדרומית לשיווק בעמ,IL,ריצפז פרש הום ספא 2 ליטר,ליטרים,2.00,ליטר,false,,19.90,9.9500,true,1,1320344
7290107460873,false,מפה קריסטל,,,מפה קריסטל,קילוגרמים,1.00,"ק""ג",true,,19.90,19.9000,true,1,2175193
7290107522106,false,סדין מיקס יור סטייל 120X200,דניאלה ע.י בעמ,,סדין מיקס יור סטייל,יחידה,0.00,יחידה,false,,49.90,0.0000,true,1,2336498
7290107522113,false,סדין מיקס יור סטייל 160X200,דניאלה ע.י בעמ,,סדין מיקס יור סטייל,יחידה,0.00,יחידה,false,,59.90,0.0000,true,1,2336499
7290107522120,false,סדין מיקס יור סטייל 180X200,דניאלה ע.י בעמ,,סדין מיקס יור סטייל,יחידה,0.00,יחידה,false,,69.90,0.0000,true,1,2336500
7290107522137,false,סדין מיקס יור סטייל 220*200,דניאלה ע.י בעמ,,סדין מיקס יור סטייל,יחידה,0.00,יחידה,false,,79.90,0.0000,true,1,2336501
7290107522144,false,זוג ציפיות מיקס יור סטייל 50*70,דניאלה ע.י בעמ,,זוג ציפיות מיקס יור,יחידה,0.00,יחידה,false,,24.90,0.0000,true,1,2336502
7290107522151,false,ציפה יחיד מיקס יור סטייל 150X200,,,ציפה יחיד מיקס יור ס,יחידה,0.00,יחידה,false,,69.90,0.0000,true,1,2336503
7290107522168,false,ציפה זוגי מיקס יור סטייל 200X220,,,ציפה זוגי מיקס יור ס,יחידה,0.00,יחידה,false,,99.90,0.0000,true,1,2336504
7290107523400,false,חנוכיה מתכת צבעונית,,,חנוכיה מתכת צבעונית,יחידה,0.00,יחידה,false,,14.90,0.0000,true,1,2378484
7290107544467,false,שעווה קרה להסרת שיער מיוחד למיקרוגל,אלפא קוסמטיקה,,דפילטור אורנה 19 שעו,גרמים,500.00,100 גרם,false,,14.90,0.0298,true,1,2364040
7290107544481,false,אורנה 19קרם להסרת שיער קלאסי 80 מל,אלפא קוסמטיקה,,דפילטור-קרם אורנה 19,גרמים,80.00,100 גרם,false,,14.90,0.1863,true,1,2364041
7290107544504,false,קרם להסרת שיער לעור רגיש אורנה 19 80 ג',אלפא קוסמטיקה,,דפילטור אורנה 19 לעו,גרמים,80.00,100 גרם,false,,14.90,0.1863,true,1,2364043
7290107645584,false,אבקת מרק עוף אמיתי רכיבים טבעיים 400 גרם - רבנות,יוניליוור ישראל שיווק בע`מ,,מרק עוף אמיתי 400 גר,גרמים,400.00,100 גרם,false,,24.90,0.0622,true,1,1909134
7290107645591,false,אבקת מרק בטעם עוף 100% רכיבים טבעיים 400 גרם,יוניליוור ישראל שיווק בע`מ,,מרק בטעם עוף רכיבים,גרמים,400.00,100 גרם,false,,18.90,0.0472,true,1,1909144
7290107646062,false,אבקת מרק בצל רכיבים טבעיים קנור 400 ג',יוניליוור ישראל שיווק בע`מ,,מרק בצל 400 גר רכיבי,גרמים,400.00,100 גרם,false,,24.90,0.0622,true,1,1909136
7290107646147,false,"חטיף שוגי קורנפלקס תלמה 156 גרם מארז 6 יחידות בד""צ",יוניליוור ישראל שיווק בע`מ,,מאגדת חטיפי שוגי קור,גרמים,156.00,100 גרם,false,,12.90,0.0827,true,1,1885651
7290107646154,false,"חטיף קוקומן פצפוצים תלמה 126 גרם מארז 6 יחידות בד""צ",יוניליוור ישראל שיווק בע`מ,,מאגדת חטיפי קוקומן ק,גרמים,126.00,100 גרם,false,,12.90,0.1024,true,1,1885652
7290107646826,false,"חטיף שוגי שוקו תלמה 156 גרם מארז 6 יחידות בד""צ",יוניליוור ישראל שיווק בע`מ,,מאגדת חטיפי שוגי בטע,גרמים,156.00,100 גרם,false,,12.90,0.0827,true,1,1885657
7290107646833,false,תלמה שוגי חטיף דגנים פצפוצי שוקולד שישי,יוניליוור ישראל שיווק בע`מ,,מאגדת חטיפי שוגי פצפ,גרמים,138.00,100 גרם,false,,12.90,0.0935,true,1,1885658
7290107646895,false,קנור - רוטב פסטה נפוליטנה 415 גרם חתם סופר,יוניליוור ישראל שיווק בע`מ,,רוטב עגבניות נפוליטנ,גרמים,415.00,100 גרם,false,,12.90,0.0311,true,1,1921443
7290107646918,false,רוטב עגבניות ופלפלים לשקשוקה 415 ג' קנור,יוניליוור ישראל שיווק בע`מ,,רוטב עגבניות לשקשוקה,גרמים,415.00,100 גרם,false,,12.90,0.0311,true,1,1921445
7290107646963,false,"מיונז תלמה טעם ספייסי 273 גר בד""ץ",יוניליוור ישראל שיווק בע`מ,,ממרח ספייסי מיו תלמה,גרמים,250.00,100 גרם,false,,7.90,0.0316,true,1,2420524
7290107646970,false,"מיונז תלמה איולי שום 273 גר בד""ץ",יוניליוור ישראל שיווק בע`מ,,ממרח איולי שום תלמה,גרמים,250.00,100 גרם,false,,7.90,0.0316,true,1,2420525
7290107647731,false,קוקומן חום לבן 20% פחות סוכר 375 גרם ב,יוניליוור ישראל שיווק בע`מ,,"קוקומן 375 גרם בד""צ",גרמים,375.00,100 גרם,false,,19.90,0.0531,true,1,1773292
7290107647816,false,"דגני ברנפלקס ללא תוספת סוכר 500 גרם בד""צ",יוניליוור ישראל שיווק בע`מ,,ברנפלקס ללא סוכר 500,גרמים,500.00,100 גרם,false,,22.90,0.0458,true,1,1826601
7290107647854,false,"שוגי מופחת סוכר תלמה 500 ג' בד""צ",יוניליוור ישראל שיווק בע`מ,,דגני שוגי מופחת סוכר,גרמים,500.00,100 גרם,false,,21.90,0.0438,true,1,1775189
7290107648943,false,"ברנפלקס קרנצ'ים מייפל תלמה 375 גרם בד""צ","יוניליוור ישראל שיווק בע""מ",,ברנפלקס קרנצ'ים בטעם,גרמים,375.00,100 גרם,false,,22.90,0.0611,true,1,1931140
7290107648974,false,קנור רוטב לפסטה עגבניות עם בזיליקום,יוניליוור ישראל שיווק בע`מ,,רוטב עגבניות בזיליקו,גרמים,415.00,100 גרם,false,,12.90,0.0311,true,1,1941110
7290107648981,false,רוטב עגבניות קלאסי פומודורו 415 ג' קנור,יוניליוור ישראל שיווק בע`מ,,רוטב עגבניות פומודור,גרמים,415.00,100 גרם,false,,12.90,0.0311,true,1,1921446
7290107649100,false,בייגלה טבעות שומשום 300 גרם.,יוניליוור ישראל שיווק בע`מ,,בייגלה טבעות שומשום,גרמים,300.00,100 גרם,false,,9.90,0.0330,true,1,2100923
7290107649605,false,קליק אקסטרא לארג שוקולד חלב עם פתיתי תירס ודגנים,יוניליוור ישראל שיווק בע`מ,,טבלאות קליק קורנפלקס,גרמים,85.00,100 גרם,false,,4.90,0.0576,true,1,1931119
7290107871990,false,פסטה צינורות מהדרין אסם (500 גרם),קבוצת אוסם סחר שותפות מוגבלת,IT,אסם פסטה צינורות 500 גרם,גרמים,500.00,100 גרם,false,,5.90,0.0118,true,1,1306239
7290107874427,false,מיני פריכונים בטעם זעתר אסם (25 גרם),קבוצת אוסם סחר שותפות מוגבלת,IL,אסם אסם פריכונים מיני זעת,גרמים,25.00,100 גרם,false,,3.90,0.1560,true,1,1306276
7290107874441,false,פריכונים מיני בצל מקורמל אסם (25 גרם),קבוצת אוסם סחר שותפות מוגבלת,IL,אסם פריכונים מיני בצל מקו,גרמים,25.00,100 גרם,false,,3.90,0.1560,true,1,1306277
7290107874502,false,ביסלי גריל קדמ. מארז אחיד 10 4*55 גרם,קבוצת אוסם סחר שותפות מוגבלת,,מארז ביסלי גריל.,גרמים,220.00,100 גרם,false,,12.90,0.0586,true,1,1423551
7290107875271,false,ביסלי ברביקיו קדמ. מארז אחיד10 4*55 גרם,קבוצת אוסם סחר שותפות מוגבלת,,מארז ביסלי ברביקיו .,גרמים,220.00,100 גרם,false,,12.90,0.0586,true,1,1423552
7290107875820,false,קרוטונים אפויים בתיבול ביתי אוסם 180 ג',קבוצת אוסם סחר שותפות מוגבלת,IL,קרוטונים אפויים בתיבול בי,גרמים,180.00,100 גרם,false,,10.90,0.0606,true,1,1306285
7290107879132,false,פריכיות פיטנס מיני פריכיות שוקולד חלב 22 ג',קבוצת אוסם סחר שותפות מוגבלת,,פירכיות מיני שוקולד,גרמים,22.00,100 גרם,false,,4.90,0.2227,true,1,1475136
7290107879521,false,קרחון לה פרוטה שרבט תות מאגדת 5יח',נגה גלידות שותפות מוגבלת,,מאגדת שלגוני לה פרוט,יח',5.00,יח',false,,22.90,4.5800,true,1,1413506
7290107879569,false,קרחון לה פרוטה שרבט מנגו מאגדת 5יח',נגה גלידות שותפות מוגבלת,,מאגדת שלגוני לה פרוט,גרמים,350.00,100 גרם,false,,22.90,0.0654,true,1,1413507
7290107905121,false,קופסא 4.4 ליטר פירו,,,קופסא 4.4 ליטר פירו,יחידה,0.00,יחידה,false,,19.90,0.0000,true,1,2381679
7290107908450,false,קופסא לסנדוויץ גבינה,ד.ג.ש ייבוא ושיווק בעמ,,סנדוויץ בוקס גבינה/נ,יחידה,0.00,יחידה,false,,9.90,0.0000,true,1,2381019
7290107930321,false,קונפיטורת יד מרדכי דובדובן 340 גרם,"שטראוס גרופ בע""מ",IL,קונפיטורת תות 340 גרם,גרמים,340.00,100 גרם,false,,12.90,0.0379,true,1,1388100
7290107932080,false,חלב מועשר יוטבתה בבקבוק 3% 1 ליטר,שטראוס גרופ בעמ/מצונן,,חלב 1ליטר בבקבוק 3%,ליטרים,1.00,ליטר,false,,7.40,7.4000,true,1,1397175
7290107932134,false,חלב מועשר יוטבתה בבקבוק 1% 1 ליטר,שטראוס גרופ בעמ/מצונן,,חלב 1 ליטר בבקבוק 1%,ליטרים,1.00,ליטר,false,,7.40,7.4000,true,1,1397177
7290107936309,false,דנונה יוגורט 7% יווני לבן 130 ג',שטראוס גרופ בעמ/מצונן,,דנונה יווני לבן,גרמים,130.00,100 גרם,false,,3.40,0.0262,true,1,1473473
7290107936460,false,מארז 8 יח' דנכול משקה יוגורט בטעם מעודן,שטראוס גרופ בעמ/מצונן,,מארז 8 דנכול בטעם מע,גרמים,800.00,100 גרם,false,,27.90,0.0349,true,1,1422129
7290107936958,false,עד חצות ביסקוויט אצבעות שוקולד 125 גרם,ביסקוויטס טור ד'\אלבון,,ביסקויט עד חצות אצבע,גרמים,125.00,100 גרם,false,,9.90,0.0792,true,1,1803721
7290107936965,false,עיגולים עד חצות עם שוקולד חלב 225 גר,ביסקווטרי עוגיות סנט,,ביסקויט עד חצות עיגו,גרמים,225.00,100 גרם,false,,12.90,0.0573,true,1,1803730
7290107937542,false,משקה יוגורט אקטיביה עם תות 1.2% שומן,שטראוס גרופ בעמ/מצונן,,משקה אקטיביה תות 1.2,מיליליטרים,265.00,"100 מ""ל",false,,4.90,0.0185,true,1,1423173
7290107937627,false,מסטיק מאסט Must קוביות ללא סוכר בטעם מנטה עדינה,שטראוס גרופ בע`מ,,קופסא מסטיק קוביות ס,גרמים,58.00,100 גרם,false,,8.90,0.1534,true,1,1475147
7290107937634,false,צנצנית מסטיק מאסט קוביות פפירמינט 58 ג' עלית,שטראוס גרופ בע`מ,,קופסא מסטיק קוביות פ,גרמים,58.00,100 גרם,false,,8.90,0.1534,true,1,1475148
7290107937641,false,צנצנת קוביות בזוקה גומי לעיסה 58גר,שטראוס גרופ בע`מ,,קופסא מסטיק בזוקה קו,גרמים,58.00,100 גרם,false,,8.90,0.1534,true,1,1475149
7290107937856,false,קפסולות 11חזק למכונות נספרסו עלית 10יח',הנסיך- מפעל לייצור ט,,קפסולות למכונות נספר,גרמים,50.00,100 גרם,false,,16.50,0.3300,true,1,1470375
7290107938396,false,שמיניית אקטימל תות דיסני בנים 108 גרם,שטראוס גרופ בעמ/מצונן,,מארז 8 אקטימל תות,גרמים,864.00,100 גרם,false,,19.90,0.0230,true,1,1455686
7290107940467,false,אקטיביה יוגורט קרמי 1.5% דנונה (200 גרם),שטראוס גרופ בעמ/מצונן,,אקטיבייה 1.5% 200 גר,גרמים,200.00,100 גרם,false,,3.90,0.0195,true,1,1456479
7290107943192,false,"שמנת חמוצה מהערבה 27% שומן 200 מ""ל יטבתה",שטראוס גרופ בעמ/מצונן,,שמנת חמוצה מהערבה 27,מיליליטרים,200.00,"100 מ""ל",false,,3.90,0.0195,true,1,1807740
7290107943369,false,קוואקר שיבולת שועל ללא גלוטן 511 גרם,שטראוס פריטו ליי בע`מ,,קוואקר שיבולת שועל ל,גרמים,511.00,100 גרם,false,,16.90,0.0331,true,1,1769974
7290107944243,false,אפיפיות בטעם שוקולד 200 גרם כשר לפסח,"שטראוס גרופ בע""\מ",,"אפיפית 200 גרם בד""צ",גרמים,200.00,100 גרם,false,,6.90,0.0345,true,1,1777054
7290107944472,false,סימפוניה גבינה במרקם שמנת 5% שום שמיר,שטראוס גרופ בעמ/מצונן,,סימפוניה שום שמיר 5%,גרמים,200.00,100 גרם,false,,10.90,0.0545,true,1,1484318
7290107945165,false,קונפיטורת משמש יד מרדכי 340 גרם,אף.סי תבליני בגליל ב,,קונפיטורת משמש 340 ג,גרמים,340.00,100 גרם,false,,12.90,0.0379,true,1,1539532
7290107950190,false,מעדן חלב דל קלוריות בטעם שוקולד מריר 0.5% שומן,שטראוס גרופ בעמ/מצונן,,מעדן שטראוס דיאט שוק,גרמים,130.00,100 גרם,false,,2.90,0.0223,true,1,1473487
7290107951104,false,בפלות ופלים ארוכים בטעם שוקולד,"שטראוס גרופ בע""\מ",,בפלות בטעם שוקולד 20,גרמים,200.00,100 גרם,false,,3.90,0.0195,true,1,1484870
7290107951715,false,צנצנת מסטיק מאסט קוביות בטעם ענבים 58 ג' עלית,שטראוס גרופ בע`מ,,קופסא מסטיק קוביות ע,גרמים,58.00,100 גרם,false,,8.90,0.1534,true,1,1539483
7290107953559,false,"מארז קפה טורקי עלית לדרך כשל""פ 168 גרם",הנסיך- מפעל לייצור ט,,מארז קפה טורקי אישי,גרמים,168.00,100 גרם,false,,17.90,0.1065,true,1,1489619
7290107954709,false,"קונפיטורת פירות יער ""יד מרדכי"" 340 גר'",שטראוס גרופ בע`מ,,קונפיטורת פירות יער,גרמים,340.00,100 גרם,false,,12.90,0.0379,true,1,1689073
7290107954976,false,משקה חלב PRO עם קפה 1.5% 25 גרם חלבון בבקבוק,שטראוס גרופ בעמ/מצונן,,משקה יטבתה פרו בטעם,מיליליטרים,350.00,"100 מ""ל",false,,5.90,0.0169,true,1,1734897
7290107956642,false,"תרסיס שמן זית 150 מ""ל יד מרדכי כשלפ",פארייפאבה אגרואינדוס,,"תרסיס שמן זית 150 מ""",מיליליטרים,150.00,"100 מ""ל",false,,17.90,0.1193,true,1,1852728
7290107956895,false,קפסולות טעם קרמל למכונות נספרסו 50גר,שטראוס קפה בי.וי.,,קפסולות למכונות נספר,גרמים,50.00,100 גרם,false,,16.50,0.3300,true,1,1894603
7290107956901,false,קפסולות בטעם אגוזים למכונת נספרסו עלית 10 יחידות,שטראוס קפה בי.וי.,,קפסולות למכונות נספר,גרמים,50.00,100 גרם,false,,16.50,0.3300,true,1,1820685
7290107956925,false,קפסולות 13 אוגנדה למכונת נספרסו עלית 10יח',שטראוס קפה בי.וי.,,קפסולות למכונות נספר,גרמים,50.00,100 גרם,false,,16.50,0.3300,true,1,2060154
7290107956932,false,קפסולות אספרסו אידונזיה למכונות 50 גר,שטראוס קפה בי.וי.,,קפסולות למכונות נספר,גרמים,50.00,100 גרם,false,,16.50,0.3300,true,1,1803733
7290107957069,false,"מסטיק ע""למה ""בטעם אוכניות 66 גרם צנצנת ""עלית""","שטראוס גרופ בע""\מ",,קופסא מסטיק עלמה אוכ,גרמים,66.00,100 גרם,false,,8.90,0.1348,true,1,1803734
7290107957076,false,"מסטיק ""עלמה"" בטעם ספירמנט 66 גרם צנצנת ""עלית""","שטראוס גרופ בע""\מ",,קופסא מסטיק עלמה ספי,גרמים,66.00,100 גרם,false,,8.90,0.1348,true,1,1803735
7290107957229,false,שוקולד צ'יפס מריר מעולה לאפיה עלית 250 ג',שטראוס גרופ בע`מ,,נטיפי שוקולד צ'יפס מ,גרמים,250.00,100 גרם,false,,10.90,0.0436,true,1,1894587
7290107957991,false,מילקי CAKE מיניס קרם חלב בציפוי שוקולד חלב שקית 16X9ג',בובארד איטליה אס.פי.איי,,מילקי CAKE מיניס,גרמים,144.00,100 גרם,false,,12.90,0.0896,true,1,2011305
7290107958035,false,יוגורט במתיקות מעודנת 2% ללא תוספת סוכר- מארז 8 יח,שטראוס גרופ בעמ/מצונן,,מארז 8 יוגורט מתיקות,גרמים,1200.00,100 גרם,false,,17.90,0.0149,true,1,1821097
7290107971539,false,פרי חטיף בוטנים וקשיו עם שוקולד מריר 125 גרם,אמקו סאם מילס ספול.,,חטיף בוטנים וקשיו עם,גרמים,140.00,100 גרם,false,,14.90,0.1064,true,1,1474404
7290107971744,false,"קולגייט - מי פה טוטל ירוק ספרמינט 500 מ""ל",יבואן ומשווק: ש. שסט,,מי פה קולגייט טוטל י,מיליליטרים,500.00,"100 מ""ל",false,,29.90,0.0598,true,1,1474405
7290107971751,false,מי פה קולגייט טוטל ללא אלכוהול פפרמינט,יבואן ומשווק: ש. שסט,,מי פה קולגייט טוטל כ,מיליליטרים,500.00,"100 מ""ל",false,,29.90,0.0598,true,1,1474406
7290107973014,false,"סבון ידיים משאבה פלמוליב חלב ודבש 300 מ""ל",הנסיך- מפעל לייצור ט,,סבון ידיים פלמוליב ח,מיליליטרים,300.00,"100 מ""ל",false,,10.90,0.0363,true,1,1707723
7290107973038,false,"סבון ידיים משאבה פלמוליב אקווריום 300 מ""ל",הנסיך- מפעל לייצור ט,,סבון ידיים פלמוליב 3,מיליליטרים,300.00,"100 מ""ל",false,,10.90,0.0363,true,1,1707725
7290107973311,false,קולגייט מברשת שיניים 360 פחם זהב זוג,הנסיך- מפעל לייצור ט,,זוג מברשת שיניים קול,יח',2.00,יח',false,,24.90,12.4500,true,1,2386975
7290107973793,false,שימורי עגבניות שלמות 400 ג' מאסטר שף,פראנו אריקו ופיגלי ס,,עגבניות שלמות 400 גר,גרמים,400.00,100 גרם,false,,5.00,0.0125,true,1,1534494
7290107973809,false,שימורי עגבניות קוביות 400 ג' מאסטר שף,פראנו אריקו ופיגלי ס.פ.א,,עגבניות קוביות 400 ג,גרמים,400.00,100 גרם,false,,5.00,0.0125,true,1,1534500
7290107973861,false,מאסטר שף עגבניות קצוצות דק שלישיה 400ג*3 כשלפ,קונסרזיו קאסאלאסקו ד,,עגבניות קצוצות דק מא,גרמים,1200.00,100 גרם,false,,15.90,0.0133,true,1,1534495
7290107974066,false,"עלי טורטיה קמח מלא 20ס""מ 8יח' מאסטר שף 320ג'",אלקאטי קורביישיסי גי,,עלי טורטיה 5 דגנים מ,גרמים,320.00,100 גרם,false,,7.90,0.0247,true,1,1721469
7290107974080,false,עלי טורטיה קמח לבן 744 גר`מנה מאסטר שף,הדקלאים אגודת שיתופי,,עלי טורטיה מקמח לבן,גרמים,746.00,100 גרם,false,,15.90,0.0213,true,1,1721471
7290107974301,false,ליידי ספיד סטיק - דאודורנט ג'ל לאישה אלוורה 45 גרם,ליידי ספיד סטיק Lady Speed Stick,US,ליידי ספיד סטיק 24/7 גל ו,גרמים,65.00,100 גרם,false,,19.90,0.3062,true,1,1684469
7290107974646,false,מרידול נשימה רעננה שטיפת פה 400 מל,הנסיך- מפעל לייצור ט,,מרידול מי פה נשימה ר,מיליליטרים,400.00,"100 מ""ל",false,,32.90,0.0822,true,1,1474418
7290107974806,false,"אורז בסגנון בסמטי 1ק""ג מאסטר שף",דווה סינג שיהם סינג,,אורז בסמטי מאסטר שף,קילוגרמים,1.00,"ק""ג",false,,11.90,11.9000,true,1,1721484
7290107974813,false,מאסטר שף אורז יסמין 1 קג`,טאומי אינטרפרייד,,אורז יסמין מאסטר שף,קילוגרמים,1.00,"ק""ג",false,,10.90,10.9000,true,1,1721485
7290107974820,false,ממרח בטעם ספייסי מיונז מאסטר שף 250 גרם,רמיה סי.וי.הולנד,,ממרח מתובל ספייסי מא,גרמים,250.00,100 גרם,false,,6.90,0.0276,true,1,1721462
7290107974837,false,מנה מאסטר שף ממרח מתובל שום 246 גר,רמיה סי.וי.הולנד,,ממרח מתובל שום מאסטר,גרמים,250.00,100 גרם,false,,6.90,0.0276,true,1,1721463
7290107975278,false,דאודורנט סטיק עם הגנת אלוורה Aloe Protection,ליידי ספיד סטיק Lady Speed Stick,,דאודורנט סטיק- ליידי,גרמים,45.00,100 גרם,false,,19.90,0.4422,true,1,1684475
7290107975285,false,דאו לנערות תות מתוק ליידי ספיד סטיק 65 ג,ליידי ספיד סטיק Lady Speed Stick,,דאודורנט ליידי ספיד,מיליליטרים,65.00,"100 מ""ל",false,,19.90,0.3062,true,1,1756719
7290107975292,false,ליידי ספיד סטיק - דאודורנט סטיק נערות ורוד 65 גרם,ליידי ספיד סטיק Lady Speed Stick,,דאודורנט ליידי ספיד,מיליליטרים,65.00,"100 מ""ל",false,,19.90,0.3062,true,1,1756720
7290107975346,false,ספיד סטיק - דאודורנט ג'ל לגבר כוח הטבע 85 גרם,קולגייט-פלמוליב,,דאודורנט סטיק גל-כח,גרמים,50.00,100 גרם,false,,19.90,0.3980,true,1,1806999
7290107975360,false,ליידי ספיד סטיק פיור פרשנס ג'ל נשים 65ג',ליידי ספיד סטיק Lady Speed Stick,,דאודורנט ג'ל ספיד סט,גרמים,65.00,100 גרם,false,,19.90,0.3062,true,1,1701315
7290107975544,false,"קולגייט משחת שיניים סמיילס ברבי לגילאי 6 50מ""ל",קולגייט- פלמוליב,,משחת שיניים קולגייט,מיליליטרים,50.00,"100 מ""ל",false,,12.90,0.2580,true,1,1701322
7290107976589,false,"שטיפת פה קולגייט אופטיק וייט 250 מ""ל",ש.שסטוביץ בעמ,,מיי פה קולגייט אופטי,מיליליטרים,250.00,"100 מ""ל",false,,14.90,0.0596,true,1,1883605
7290107976848,false,פלמוליב סבון מוצק קמומיל רביעייה 360 ג,קולגייט-פלמוליב,,סבון מוצק רביעייה פל,גרמים,400.00,100 גרם,false,,16.90,0.0422,true,1,1820897
7290107977456,false,"פלמוליב - ג'ל רחצה ושמפו ספורט לגבר 750 מ""ל",קולגייט פלמוליב,,ג'ל רחצה ושמפו לגבר,מיליליטרים,750.00,"100 מ""ל",false,,17.90,0.0239,true,1,2280841
7290107977753,false,"משחת שיניים פרודונט אקספרס 75 מ""ל ""מרידול""",קולגייט פלמוליב,,מרידול משחת שיניים פ,גרמים,75.00,100 גרם,false,,25.90,0.3453,true,1,2302816
7290107978101,false,מש.שיניים קולגייט א.וויט אקסטרה פאוור 75,קולגייט-פלמוליב,,משחת שינים קולגייט א,מיליליטרים,75.00,"100 מ""ל",false,,29.90,0.3987,true,1,1952188
7290107978323,false,איטריות דקיקות מאסטר שף 400 גרם,הדקלאים אגודת שיתופי,,איטריות דקיקות מאסטר,גרמים,400.00,100 גרם,false,,5.00,0.0125,true,1,1707737
7290107978330,false,מאסטר שף איטריות דקות 400 גרם,הדקלאים אגודת שיתופי,,איטריות דקות מאסטר ש,גרמים,400.00,100 גרם,false,,5.00,0.0125,true,1,1707738
7290107978347,false,איטריות בינוניות מאסטר שף 400 גרם,הדקלאים אגודת שיתופי,,איטריות בנוניות מאסט,גרמים,400.00,100 גרם,false,,5.00,0.0125,true,1,1707739
7290107978453,false,חטיף בטעם גריל קראנצ,ש. שסטוביץ בע`מ,,חטיף קראנצ'וס גריל 5,גרמים,55.00,100 גרם,false,,3.90,0.0709,true,1,1764145
7290107978460,false,קראנצ וס פלאפל 60ג חדש,ש. שסטוביץ בע`מ,,חטיף קראנצ'וס פלאפל,גרמים,55.00,100 גרם,false,,3.90,0.0709,true,1,1764146
7290107979184,false,"תבניות אלומיניום פלוס נייר אפייה 32/26 ס""מ L",ש.שסטוביץ בעמ,,תבנית אלומיניום עם נ,יח',3.00,יח',false,,12.90,4.3000,true,1,1744557
7290107979191,false,"תבנית אלומיניום עם נייר אפייה ענק 2 ""קוקי""",ש.שסטוביץ בעמ,,תבנית אלומיניום עם נ,יח',2.00,יח',false,,12.90,6.4500,true,1,1744558
7290108201284,false,איירוויק מקלות ריחניים בניחוח לבנדר מתוק,רקיט בנקיזר (ניר איסט) בעמ,,מקלות ריחניים לבנדר,מיליליטרים,30.00,"100 מ""ל",false,,24.90,0.8300,true,1,1547887
7290108201864,false,קולון קפסולות גל לכביסה 28 יחידות,רקיט בנקיזר (ניר איסט) בעמ,,קפסולות ג'ל לכביסה -,יח',28.00,יח',false,,29.90,1.0679,true,1,1954979
7290108350128,false,סנו סושי שקיות אשפה חזקות במיוחד 40 יח',החברה הדרומית לשיווק בעמ,IL,שקיות אשפה חזקות 40יח,יח',40.00,יח',false,,22.90,0.5725,true,1,1320354
7290108350142,false,"שקיות רב שימושיות גדולות 25*35 ס""מ סנו סושי 270 יחידות",החברה הדרומית לשיווק בעמ,IL,35*25 שקיות רב שימושיות,יח',270.00,יח',false,,14.90,0.0552,true,1,1320355
7290108350180,false,סנו סושי מפיות מודפסות 100 יח',החב. הדרומית לשיווק,,מפיות מודפסות 100 יח,יח',100.00,יח',false,,6.90,0.0690,true,1,1396993
7290108350203,false,"סנו סושי כריות קרצוף+ספוג מקציף 6 יחידות 12X9 ס""מ",החברה הדרומית לשיווק בעמ,,כריות קרצוף עם ספוג,יח',6.00,יח',false,,9.90,1.6500,true,1,1448943
7290108350210,false,סנו סושי 30 שקיות אשפה XL חזקות במיוחד,החברה הדרומית לשיווק בעמ,,שקיות אשפה סנו סושי,יח',30.00,יח',false,,24.90,0.8300,true,1,1397024
7290108350500,false,סנובון מוצק דאבל אקשן בניחוח תפוז שלישייה,החברה הדרומית לשיווק בעמ,,שלישייה סנובון לאסלה,גרמים,165.00,100 גרם,false,,11.90,0.0721,true,1,1397025
7290108350524,false,ארון פרש בניחוח לוונדר סנו,"סנו מפעלי ברונוס בע""",,ריח לארון פרש בניחוח,יח',4.00,יח',false,,18.90,4.7250,true,1,1479461
7290108350531,false,סנו ספארק נוזל כלים בניחוח קלאסי עם משאבה 1 ל',מיוצר עי קונדיטוריית,IL,סנו ספארק לכלים לימון1ל,ליטרים,1.00,ליטר,false,,12.90,12.9000,true,1,1373009
7290108350548,false,סנו ספארק נוזל כלים בניחוח לבנדר עם משאבה 1 ל',החברה הדרומית לשיווק בעמ,IL,סנו ספארק לכלים לימון1ל,ליטרים,1.00,ליטר,false,,12.90,12.9000,true,1,1373010
7290108350555,false,נוזל כלים סנו ספארק Spark היפואלרגני פריחת השקד,החברה הדרומית לשיווק בעמ,IL,סנו ספארק לכלים לימון1ל,ליטרים,1.00,ליטר,false,,12.90,12.9000,true,1,1373011
7290108350586,false,נוזל לניקוי כלים סנו ספארק Spark בניחוח לימון רענן,החברה הדרומית לשיווק בעמ,,נוזל לכלים סנו ספארק,ליטרים,1.50,ליטר,false,,14.90,9.9333,true,1,1396994
7290108350616,false,סנו - מקסימה מרכך כביסה מרוכז פריחה כחולה 1 ליטר,החברה הדרומית לשיווק בעמ,,מרכך כביסה מקסימה סו,ליטרים,1.00,ליטר,false,,19.90,19.9000,true,1,1448944
7290108350623,false,מרכך כביסה סופר מרוכז סופט סילק מקסימה 1 ל' סנו,החברה הדרומית לשיווק בעמ,,מרכך כביסה מקסימה סו,ליטרים,1.00,ליטר,false,,19.90,19.9000,true,1,1448945
7290108350647,false,"כיף פיות קרם מתיר קשרים 350 מ""ל-מרכז",החברה הדרומית לשיווק בעמ,,קרם להתרת קשרים כיף,מיליליטרים,350.00,"100 מ""ל",false,,19.90,0.0569,true,1,1412604
7290108350685,false,"מנקה למדיח כלים סנו ספארק 250 מ""ל",סנו,,מנקה למדיח כלים סנו,מיליליטרים,250.00,"100 מ""ל",false,,14.90,0.0596,true,1,1942027
7290108350722,false,אורביטול גוניור משחת שיניים בוב ספוג 70ג,טרופיקל דגיל תעשיות קוסמ,,משחת שיניים אורביטול,גרמים,70.00,100 גרם,false,,8.90,0.1271,true,1,2330059
7290108350739,false,משחת שיניים לילדים בטעם סוכריות ג'לי גילאי 2-6,טרופיקל דגיל תעשיות קוסמ,,משחת שיניים אורביטול,גרמים,70.00,100 גרם,false,,8.90,0.1271,true,1,2132809
7290108350777,false,שלישייה סבון נוזלי נ,החב הדרומית לשיווק,,שלישייה סבון נוזלי נ,מיליליטרים,1500.00,"100 מ""ל",false,,17.90,0.0119,true,1,1989339
7290108350791,false,אורביטול מברשות שיניים כדורגל +8,z.h. plastic,,מברשת שיניים לילדים,יחידה,0.00,יחידה,false,,12.90,0.0000,true,1,2120846
7290108351149,false,ג'ל ניקוי כללי בתוספת אבקת סודה ריח כביסה סנו ג'ט 1.5 ליטר,החברה הדרומית לשיווק בעמ,,סנו ג'ט ניקוי כללי ו,ליטרים,1.50,ליטר,false,,19.90,13.2667,true,1,1499321
7290108351156,false,ג'ל ניקוי כללי בתוספת חומץ בריח לבנדר סנו ג'ט 1.5 ליטר,החברה הדרומית לשיווק בעמ,,סנו ג'ט ניקוי כללי ו,ליטרים,1.50,ליטר,false,,19.90,13.2667,true,1,1491505
7290108351521,false,סנו מקסימה ג`ל כביסה מרוכז 5 ל`מאסק,החברה הדרומית לשיווק בעמ,,ג'ל כביסה מרוכז סנו,ליטרים,5.00,ליטר,false,,44.90,8.9800,true,1,1486827
7290108351538,false,סנופרש הום מבשם לבית בניחוח מרכך כביסה ב,סנו מפעלי ברונוס בעמn,,מבשם אוויר פרש הום י,מיליליטרים,200.00,"100 מ""ל",false,,12.90,0.0645,true,1,1989349
7290108351545,false,מטהר אוויר סנו פרש הום בניחוח מרכך,סנו מפעלי ברונוס בעמn,,מבשם אוויר פרש הום י,מיליליטרים,200.00,"100 מ""ל",false,,12.90,0.0645,true,1,1989350
7290108351552,false,"סנו - ג'ט לניקוי כללי בתוספת חומץ בניחוח לבנדר 750 מ""ל",החברה הדרומית לשיווק בעמ,,מתז לניקוי כללי ג'ט+,מיליליטרים,750.00,"100 מ""ל",false,,19.90,0.0265,true,1,1848832
7290108351569,false,מבשם ומרכך למייבש כביסה Baby לתינוקות ולעור רגיש,החברה הדרומית לשיווק בעמ,,מרסס למייבש כביסה סנ,מיליליטרים,750.00,"100 מ""ל",false,,17.90,0.0239,true,1,1719517
7290108351583,false,"סנו - ג'ט פלוס חומץ ג'ל לניקוי אסלות לבנדר 750 מ""ל",החברה הדרומית לשיווק בעמ,,סנו ג'ט + לניקוי אסל,מיליליטרים,750.00,"100 מ""ל",false,,9.90,0.0132,true,1,1942779
7290108351590,false,"סנופרש הום בלו בלוסון בניחוח מרכך כביסה 350 מ""ל",החברה הדרומית לשיווק בעמ,,מבשם אוויר פרש הום נ,מיליליטרים,350.00,"100 מ""ל",false,,10.90,0.0311,true,1,1710849
7290108351606,false,מטהר אוויר בלו בלוסום סנו פרש הום 350 מל,החברה הדרומית לשיווק בעמ,,מבשם אוויר פרש הום נ,מיליליטרים,350.00,"100 מ""ל",false,,10.90,0.0311,true,1,1710850
7290108351613,false,סנו ריצפז פרש הום 2 ליטר בניחוח מלון חלומי,החברה הדרומית לשיווק בעמ,,ריצפז פרש הום תרכיז,ליטרים,2.00,ליטר,false,,19.90,9.9500,true,1,1574994
7290108351620,false,סנו פרש NO.2 לוכד ריחות רעים,"סנו מפעלי ברונוס בע""\מ",,סנו פרש לוכד ריחות ר,"י""ח",1.00,"י""ח",false,,12.90,12.9000,true,1,1764202
7290108351637,false,מקסימה אבקת כביסה סמארט סנו (5 קג),החברה הדרומית לשיווק בעמ,,אבקת כביסה SMART מקס,קילוגרמים,5.00,"ק""ג",false,,49.90,9.9800,true,1,1764221
7290108351668,false,מטליות לחות לניקוי כללי בתוספת חומץ בניחוח לבנדר,טרופיקל דיגל- תעשיות,,מטליות לחות לניקוי כ,יח',50.00,יח',false,,8.90,0.1780,true,1,1989364
7290108351682,false,גל כביסה סנו מקסימה ביו קולד ווטר 5 ל,החברה הדרומית לשיווק בעמ,,ג'ל כביסה מרוכז סנו,ליטרים,5.00,ליטר,false,,44.90,8.9800,true,1,2022451
7290108351699,false,סנו - ג'ט מטליות לחות לניקוי כללי בתוספת חומץ לבנדר שלישיה,החברה הדרומית לשיווק בעמ,,מגבונים לניקוי ג'ט+ח,יח',150.00,יח',false,,19.90,0.1327,true,1,2022460
7290108351705,false,פניני בישום לכביסה275 גר` fresh linen,החברה הדרומית לשיווק בעמ,,פניני בישום מקסימה ל,גרמים,275.00,100 גרם,false,,29.90,0.1087,true,1,2281083
7290108351712,false,מקסימה פניני בישום לכביסה לובלי 275 גרם,החברה הדרומית לשיווק בעמ,,פניני בישום מקסימה ל,גרמים,275.00,100 גרם,false,,29.90,0.1087,true,1,2281084
7290108351729,false,נ.לניקוי אסלות סנו גרין פאוור אקולוגי750,החברה הדרומית לשיווק בעמ,,נוזל לניקוי אסלות אק,מיליליטרים,750.00,"100 מ""ל",false,,12.90,0.0172,true,1,2304644
7290108351736,false,"סנו נוזל לניקוי חלונות אקולוגי 750 מ""ל GREEN POWER",החברה הדרומית לשיווק בעמ,,נוזל לניקוי חלונות א,מיליליטרים,750.00,"100 מ""ל",false,,12.90,0.0172,true,1,2304645
7290108351743,false,"סנו נוזל לניקוי כללי אקולוגי 750 מ""ל GREEN POWER",החברה הדרומית לשיווק בעמ,,נוזל לניקוי כללי אקו,מיליליטרים,750.00,"100 מ""ל",false,,12.90,0.0172,true,1,2304656
7290108351750,false,נ.לניקוי רצפות סנו גרין פאוור אקולוגי 2ל,סנו מפעלי ברונוס בעמ,,נוזל לרצפות אקולוגי,ליטרים,2.00,ליטר,false,,19.90,9.9500,true,1,2304657
7290108351767,false,סנו פרש מכשיר אוטומטי לבישום אוויר blue,החברה הדרומית לשיווק בעמ,,מכשיר לבישום סנו פרש,יחידה,0.00,יחידה,false,,39.90,0.0000,true,1,2069225
7290108351774,false,מרסס סנו לניקוי וטיפול במוצרי עור 500 מל,החברה הדרומית לשיווק בעמ,,מתז לניקוי וטיפול במ,מיליליטרים,500.00,"100 מ""ל",false,,29.90,0.0598,true,1,2069207
7290108351781,false,ג'ל לניקוי אסלות + חומץ ומלח לימון בריח הדרים,החברה הדרומית לשיווק בעמ,,סנו ג'ט + לניקוי אסל,מיליליטרים,750.00,"100 מ""ל",false,,9.90,0.0132,true,1,2085073
7290108351804,false,מרכך כביסה סופר מרוכז Gentl Breeze סנו מקסימה 1 ליטר,החברה הדרומית לשיווק בעמ,,מרכך כביסה מרוכז מקס,ליטרים,1.00,ליטר,false,,19.90,19.9000,true,1,2270182
7290108351811,false,מרכך כביסה סופר מרוכז Floral touch סנו מקסימה 1 ליטר,החברה הדרומית לשיווק בעמ,,מרכך כביסה מרוכז מקס,ליטרים,1.00,ליטר,false,,19.90,19.9000,true,1,2270183
7290108351842,false,"מקסימה בושם מרוכז לכביסה FOREVER כחול 600מ""ל",החברה הדרומית לשיווק בעמ,,בושם מרוכז לכביסה FO,מיליליטרים,600.00,"100 מ""ל",false,,19.90,0.0332,true,1,2145614
7290108351859,false,"סנו מקסימה בושם מרוכז לכביסה FOREVER ורוד 600 מ""ל",סנו מקסימה,,בושם מרוכז לכביסה FO,מיליליטרים,600.00,"100 מ""ל",false,,19.90,0.0332,true,1,2145615
7290108351866,false,"סנו מקסימה בושם מרוכז לכביסה FOREVER בורדו 600 מ""ל",החב. הדרומית לשיווק,,בושם מרוכז לכביסה FO,מיליליטרים,600.00,"100 מ""ל",false,,19.90,0.0332,true,1,2145616
7290108351903,false,אורביטול - פרוטקט פרש שטיפת פה באריזה חד פעמית 20 יחידות,קוסמופארם בע'\'\מ,,שטיפת פה PROTECT & F,"200 י""ח",20.00,"200 י""ח",false,,19.90,0.9950,true,1,2311183
7290108351910,false,סנו ספארק טבליות למדיח 30 יחידות,החברה הדרומית לשיווק בעמ,,טבליות למדיח סנו ספא,יח',30.00,יח',false,,19.90,0.6633,true,1,2132764
7290108351927,false,סנו ספארק טבליות למדיח 70 יחידות,החברה הדרומית לשיווק בעמ,,טבליות למדיח סנו ספא,יח',70.00,יח',false,,39.90,0.5700,true,1,2132769
7290108351934,false,סנובון סבון אסלה מוצק RINGS בניחוח לימון שלישיה,החברה הדרומית לשיווק בעמ,,שלישייה סנובון מוצק,יח',3.00,יח',false,,19.90,6.6333,true,1,2270184
7290108351965,false,סנו ג'ט סבון אסלה בחומץ שלישיה,סנו מפעלי ברונוס בעמ,,ג'ט סבון אסלה מוצק ש,יח',3.00,יח',false,,11.90,3.9667,true,1,2173497
7290108351972,false,סנופרש הום מבשם לבית בניחוח מלון בוטיק,החברה הדרומית לשיווק בעמ,,מבשם אוויר פרש הום י,מיליליטרים,200.00,"100 מ""ל",false,,12.90,0.0645,true,1,2279939
7290108351989,false,סנופרש הום מבשם לבית בניחוח מלון מפנק,החברה הדרומית לשיווק בעמ,,מבשם אוויר פרש הום י,מיליליטרים,200.00,"100 מ""ל",false,,12.90,0.0645,true,1,2279940
7290108351996,false,"חיטוי בייבי 99.9% לחיטוי וניקוי בסביבת תינוקות 750 מ""ל",החברה הדרומית לשיווק בעמ,,מתז בייבי לחיטוי משט,מיליליטרים,750.00,"100 מ""ל",false,,18.90,0.0252,true,1,2222424
7290108352009,false,סנו ספארק קפסולות למדיח כלים 50 יחידות,החברה הדרומית לשיווק בעמ,,קפסולות ג'ל למדיח סנ,יח',50.00,יח',false,,49.90,0.9980,true,1,2301342
7290108352023,false,שלישיית סנובון מוצק לאסלה DESIGN בניחוח ספא,החברה הדרומית לשיווק בעמ,,שלישייה סנובון מוצק,יח',3.00,יח',false,,19.90,6.6333,true,1,2266591
7290108352047,false,אורביטול - צמד מברשות שיניים 808 + חוט דנטלי במתנה,החברה הדרומית לשיווק בעמ,,צמד מברשות שיניים או,יח',2.00,יח',false,,14.90,7.4500,true,1,2386864
7290108352054,false,אורביטול - צמד מברשות שיניים 980 + חוט דנטלי במתנה,החברה הדרומית לשיווק בעמ,,צמד מברשות שיניים או,יח',2.00,יח',false,,14.90,7.4500,true,1,2386869
7290108352061,false,משחת שיניים Go White אורביט 145 גרם עם פחם,טרופיקל דגיל תעשיות קוסמ,,משחת שיניים אורביטול,גרמים,145.00,100 גרם,false,,9.90,0.0683,true,1,2406508
7290108352078,false,"שטיפת פה protective salt אורביטול 500 מ""ל",החברה הדרומית לשיווק בעמ,,אורביטול מי-פה פרוטק,מיליליטרים,500.00,"100 מ""ל",false,,14.90,0.0298,true,1,2311175
7290108352085,false,"מי פה אורביטול רעננות חריפה 500 מ""ל",החברה הדרומית לשיווק בעמ,,שטיפת פה שוקינג פרש,מיליליטרים,500.00,"100 מ""ל",false,,14.90,0.0298,true,1,2311176
7290108352092,false,משחת שיניים אורביטול פרוטקטיב סולט בטעם מנטה,טרופיקל דגיל תעשיות קוסמ,,משחת שיניים אורביטול,גרמים,145.00,100 גרם,false,,9.90,0.0683,true,1,2311384
7290108352108,false,משחת שיניים אורביטול רעננות חריפה 145 גר,טרופיקל דגיל תעשיות קוסמ,,משחת שיניים אורביטול,גרמים,145.00,100 גרם,false,,9.90,0.0683,true,1,2311177
7290108352139,false,ג'ל כביסה גרין פוויר אקולוגי 3 ל' סנו,החברה הדרומית לשיווק בעמ,,ג'ל כביסה אקולוגי 3,ליטרים,3.00,ליטר,false,,34.90,11.6333,true,1,2304702
7290108352146,false,"סנובון נוזלי בניחוח מנגוליה ונרולי סנו 750 מ""ל",החברה הדרומית לשיווק בעמ,,סנובון נוזלי סנסורי,מיליליטרים,750.00,"100 מ""ל",false,,11.90,0.0159,true,1,2301343
7290108352153,false,"סנובון נוזלי בניחוח לוטוס וסחלב סנו 750 מ""ל",החברה הדרומית לשיווק בעמ,,סנובון נוזלי סנסורי,מיליליטרים,750.00,"100 מ""ל",false,,11.90,0.0159,true,1,2301344
7290108352207,false,מקסימה 40 קפסולות לכביסה בניחוח fresh burst,החברה הדרומית לשיווק בעמ,,קפסולות ג'ל לכביסה מ,יח',40.00,יח',false,,29.90,0.7475,true,1,2304646
7290108352221,false,סנופרש הום מבשם נוזלי בניחוח מלון מפנק,החברה הדרומית לשיווק בעמ,,מבשם אוויר פרש הום נ,מיליליטרים,350.00,"100 מ""ל",false,,10.90,0.0311,true,1,2304956
7290108352252,false,נוזל לניקוי כלים מתאים לניקוי ירקות ופירות סנו ספארק,החברה הדרומית לשיווק בעמ,,נוזל לכלים סנו ספארק,ליטרים,1.00,ליטר,false,,12.90,12.9000,true,1,2311221
7290108352269,false,סנו מטליות לחיטוי ולניקוי בדלי 400 יחידו,החברה הדרומית לשיווק בעמ,,מטליות לחיטוי וניקוי,יח',400.00,יח',false,,34.90,0.0872,true,1,2304648
7290108352276,false,סנו המטליות משמידות 99.9% מהחיידקים 10 יחידות,החברה הדרומית לשיווק בעמ,,מטליות לחיטויי וניקו,יח',10.00,יח',false,,14.90,1.4900,true,1,2301354
7290108352283,false,נוזל לחיטוי וניקוי רצפות- סדרת 99.9% סנו 2 ליטר,החברה הדרומית לשיווק בעמ,,נוזל לחיטוי וניקוי ר,ליטרים,2.00,ליטר,false,,19.90,9.9500,true,1,2301355
7290108352290,false,שלישיית מטליות לחיטוי ולניקוי יסודי לחדר האמבטיה סדרת 99.9%,החברה הדרומית לשיווק בעמ,,מארז שלישיה מגבונים,יח',150.00,יח',false,,19.90,0.1327,true,1,2301356
7290108352313,false,שקית מילוי 99.9% מחטא ומשמיד חיידקים למשטחים,החברה הדרומית לשיווק בעמ,,שקית מילוי למתז חיטו,מיליליטרים,750.00,"100 מ""ל",false,,9.90,0.0132,true,1,2304649
7290108352320,false,"מבשם אויר סנו פרש הום בניחוח כותנה מלטפת 350 מ""ל",החברה הדרומית לשיווק בעמ,,מבשם אוויר פרש הום נ,מיליליטרים,350.00,"100 מ""ל",false,,10.90,0.0311,true,1,2304957
7290108352337,false,"סנו - פרש מילוי למטהר אוויר מלון מפנק 250 מ""ל",החברה הדרומית לשיווק בעמ,,מטהר אוויר פרש אוטומ,מיליליטרים,250.00,"100 מ""ל",false,,12.90,0.0516,true,1,2304958
7290108352344,false,"פרש מבשם אויר אוטומטי בניחוח לבנדר סנו 250 מ""ל",החברה הדרומית לשיווק בעמ,,מטהר אוויר פרש אוטומ,מיליליטרים,250.00,"100 מ""ל",false,,12.90,0.0516,true,1,2304959
7290108352351,false,"סנו תרסיס לחיטוי משטחים 99.9% - 400 מ""ל",החברה הדרומית לשיווק בעמ,,תרסיס לחיטוי משטחים,מיליליטרים,400.00,"100 מ""ל",false,,19.90,0.0497,true,1,2304650
7290108352368,false,תוסף לחיטוי כביסה 99.9% סנו מקסימה 3 ל',החברה הדרומית לשיווק בעמ,,תוסף לחיטוי כביסה 99,ליטרים,3.00,ליטר,false,,29.90,9.9667,true,1,2366228
7290108352382,false,מטליות לחות אישיות לחיטוי משטחים ואביזרים 99.9 % 20 יחי,החברה הדרומית לשיווק בעמ,,מגבונים הגיינים לחיט,יח',20.00,יח',false,,9.90,0.4950,true,1,2319945
7290108352399,false,ריצפז פרש הום בניחוח מרכך כביסה פלורל טאצ',החברה הדרומית לשיווק בעמ,,ריצפז פרש הום תרכיז,ליטרים,2.00,ליטר,false,,19.90,9.9500,true,1,2382001
7290108352405,false,מטהר אוויר סנו פרש הום נוזלי ירוק ארומטי,סנו מפעלי ברונוס בעמ,,מבשם אוויר פרש הום v,מיליליטרים,300.00,"100 מ""ל",false,,10.90,0.0363,true,1,2311232
7290108352412,false,"סנו - פרש הום מבשם לבית ולטקסטיל ורד אנגלי ועלים 300 מ""ל",מיוצר עי קונדיטוריית,,מבשם אוויר פרש הום e,מיליליטרים,300.00,"100 מ""ל",false,,10.90,0.0363,true,1,2311297
7290108352429,false,מטהר אוויר סנו פרש הום נוזלי כחול ארומטי,סנו מפעלי ברונוס בעמ,,מבשם אוויר פרש הום w,מיליליטרים,300.00,"100 מ""ל",false,,10.90,0.0363,true,1,2311298
7290108352436,false,סנובון מוצק בניחוח נגוליה ונרולי שלישייה,החברה הדרומית לשיווק בעמ,,שלישייה סנובון לאסלה,גרמים,165.00,100 גרם,false,,19.90,0.1206,true,1,2333125
7290108352443,false,סנובון מוצק לניקוי אסלה כחול סנו 3 יחידות,החברה הדרומית לשיווק בעמ,,שלישייה סנובון לאסלה,גרמים,165.00,100 גרם,false,,19.90,0.1206,true,1,2333126
7290108352450,false,ריצפז פרש הום בניחוח מרכך כביסה בלו בלוסום,החברה הדרומית לשיווק בעמ,,ריצפז פרש הום תרכיז,ליטרים,2.00,ליטר,false,,19.90,9.9500,true,1,2326245
7290108352474,false,"סנומוד מטהר אוויר ליידי קוקו סנו 150 מ""ל",החברה הדרומית לשיווק בעמ,,מטהר אויר סנומוד ליי,מיליליטרים,150.00,"100 מ""ל",false,,10.90,0.0727,true,1,2333897
7290108352481,false,מטהר אויר סנומוד נרסיסוס נטול גז 150,החברה הדרומית לשיווק בעמ,,מטהר אויר סנומוד נרס,מיליליטרים,150.00,"100 מ""ל",false,,10.90,0.0727,true,1,2333898
7290108352511,false,"מקסימה לניקוי וחיטוי מכונת כביסה שקית 500 מ""ל",החברה הדרומית לשיווק בעמ,,סנו מקסימה לניקוי וח,מיליליטרים,500.00,"100 מ""ל",false,,12.90,0.0258,true,1,2351420
7290108352528,false,"מתז לחיטוי וניקוי חדר האמבטיה 99.9% 750 מ""ל",החברה הדרומית לשיווק בעמ,,מתז לחיטוי וניקוי חד,מיליליטרים,750.00,"100 מ""ל",false,,18.90,0.0252,true,1,2351139
7290108352535,false,סנו - מקסימה דפי בישום לחים למייבש הכביסה בניחוח מרכך כביסה,טרופיגל דגיל תעשיות קוסמ,,דפי בישום למייבש כבי,יח',20.00,יח',false,,12.90,0.6450,true,1,2381359
7290108352566,false,מרכך כביסה בבישום עוצמתי 4 ל' סנו מקסינה,החברה הדרומית לשיווק בעמ,,מרכך כביסה מקסימה 4,ליטרים,4.00,ליטר,false,,22.90,5.7250,true,1,2377019
7290108352573,false,מרכך כביסה סנו מקסימה בבישום עוצמתי 4 ליטר,החברה הדרומית לשיווק בעמ,,מרכך כביסה מקסימה CA,ליטרים,4.00,ליטר,false,,22.90,5.7250,true,1,2394997
7290108352641,false,סנו סושי מטלית הפלא לניקוי כללי במארז שלישייה,החברה הדרומית לשיווק בעמ,,שלישיית מטליות הפלא,יח',3.00,יח',false,,14.90,4.9667,true,1,1764222
7290108352689,false,כריות קרצוף ללכלוך קשה סנו סושי 9 יחידות,החברה הדרומית לשיווק בעמ,,כריות קרצוף לליכלוך,יח',9.00,יח',false,,9.90,1.1000,true,1,1448924
7290108352702,false,סנו סופט שלישיית מגבוני טואלט נשטפים בוב ספוג 48 יחידות,החברה הדרומית לשיווק בעמ,,מארז שלישייה מגבוני,יח',144.00,יח',false,,15.90,0.1104,true,1,1422781
7290108352788,false,סנו סושי שקיות זיפר לאוכל L 20 יחידות,החברה הדרומית לשיווק בעמ,,שקיות זיפר 20 יח' מי,יח',20.00,יח',false,,12.90,0.6450,true,1,2132941
7290108352795,false,שקיות זיפר 50 יח`במידה M סנו סושי,החברה הדרומית לשיווק בעמ,,שקיות זיפר 50 יח' מי,יח',50.00,יח',false,,12.90,0.2580,true,1,2132942
7290108352801,false,"שקיות אשפה לפחים קטנים 45 * 56 ס""מ סנו סושי 100 יחידות",החברה הדרומית לשיווק בעמ,,סושי שקיות אשפה 45*5,יח',100.00,יח',false,,19.90,0.1990,true,1,1942781
7290108352818,false,מטלית במבוק לניקוי דוחה ריחות רעים,החברה הדרומית לשיווק בעמ,,מטלית במבוק לניקוי ס,יח',1.00,יח',false,,8.90,8.9000,true,1,2132822
7290108352825,false,ספוג הפלא נירוסטה סנו סושי 3יח',החברה הדרומית לשיווק בעמ,,ספוג הפלא נירוסטה סנ,יח',3.00,יח',false,,9.90,3.3000,true,1,1989366
7290108352849,false,שלישיית מטליות הפלא לניקוי כללי דקור סנו סושי,החברה הדרומית לשיווק בעמ,,שלישיית מטליות הפלא,יח',3.00,יח',false,,14.90,4.9667,true,1,2311222
7290108352887,false,"זוג מפות שולחן עשויות מבד בלתי ארוג 180*120 ס""מ",החברה הדרומית לשיווק בעמ,,זוג מפות שולחן לבנות,יח',2.00,יח',false,,9.90,4.9500,true,1,2069208
7290108352894,false,סנו סושי מפת שולחן חגיגית,החב הדרומית לשיווק,,מפת שולחן חגיגית סנו,יח',1.00,יח',false,,7.90,7.9000,true,1,2132816
7290108352917,false,כפפות ניטריל כחולות 80 יח' S סנו סושי,החב. הדרומית לשיווק,,כפפות ניטריל כחולות,יח',80.00,יח',false,,28.90,0.3612,true,1,2145617
7290108352924,false,כפפות ניטריל כחולות 80 יח' M סנו סושי,החב. הדרומית לשיווק,,כפפות ניטריל כחולות,יח',80.00,יח',false,,28.90,0.3612,true,1,2145618
7290108352931,false,כפפות ניטריל כחולות 80 יח' L סנו סושי,החב. הדרומית לשיווק,,כפפות ניטריל כחולות,יח',80.00,יח',false,,28.90,0.3612,true,1,2145619
7290108352948,false,"סנו סושי 7 תבניות מאפינס אקסטרה חזקות 16*24 ס""מ",יויו טינואט,,7 תבניות מאפינס סנו,יח',7.00,יח',false,,14.90,2.1286,true,1,2145620
7290108352955,false,"סנו סושי 4 תבניות אינגליש אקסטרה חזקות 16*31 ס""מ",יויו טינואט,,4 תבניות אינגליש סנו,יח',4.00,יח',false,,14.90,3.7250,true,1,2145621
7290108352962,false,"סנו סושי 3 תבניות עמוקות אקסטרה חזקות 25*30 ס""מ",יויו טינואט,,3 תבניות עמוקות סנו,יח',3.00,יח',false,,14.90,4.9667,true,1,2145622
7290108352979,false,"סנו סושי 4 תבניות L אקסטרה חזקות 26*36 ס""מ",יויו טינואט,,4 תבניות L סנו סושי,יח',4.00,יח',false,,14.90,3.7250,true,1,2145623
7290108352993,false,"סנו סושי 2 תבניות XL אקסטרא חזקות 43*31ס""מ",יויו טינואט,,2 תבניות XL עמוקות ס,יח',2.00,יח',false,,14.90,7.4500,true,1,2145625
7290108353006,false,סנו סושי - שקיות אוכל נקשרות 250 יחידות XL,החברה הדרומית לשיווק בעמ,,שקיות מזון נקשרות סנ,יח',250.00,יח',false,,12.90,0.0516,true,1,2248244
7290108353013,false,תבניות אינגלישקייק מנייר סנו סושי 5 יח',החברה הדרומית לשיווק בעמ,,תבניות אינגלישקייק מ,יח',5.00,יח',false,,11.90,2.3800,true,1,2274566
7290108353020,false,4 תבניות אפייה מנייר מלבנית גדולה סנו סו,החברה הדרומית לשיווק בעמ,,תבנית אפייה מלבנית מ,יח',4.00,יח',false,,11.90,2.9750,true,1,2274567
7290108353037,false,"תבניות אפיה עגולות מנייר קוטר 21 ס""מ",החברה הדרומית לשיווק בעמ,,תבנית אפייה עגולה מנ,יח',4.00,יח',false,,11.90,2.9750,true,1,2274568
7290108353068,false,ספוג הפלא נירוסטה עם סיבי קירצוף סנו סושי 2 יח',החברה הדרומית לשיווק בעמ,,כרית קירצוף עם סיבי,יח',2.00,יח',false,,9.90,4.9500,true,1,2274590
7290108353075,false,מפיות אירוח גדולות ועבות סנו סושי 50 יחידות,החברה הדרומית לשיווק בעמ,,מפיות אירוח סנו סושי,יח',50.00,יח',false,,9.90,0.1980,true,1,2248245
7290108353082,false,ממחטות אף בקופסה 2 שכבות סנו סופט 120 דף,החברה הדרומית לשיווק בעמ,,מגבוני אף סנו סופט ב,יח',120.00,יח',false,,6.90,0.0575,true,1,2274591
7290108353099,false,ממחטות אף במארז ניילון סנו סופט 5 יח' * 100 דף,החברה הדרומית לשיווק בעמ,,מארז חמישייה ממחטות,יח',500.00,יח',false,,11.90,0.0238,true,1,2284335
7290108353334,false,"שמפו למניעת קשקשים עם שמן עץ התה ואסאי 700 מ""ל כיף",החברה הדרומית לשיווק בעמ,,"שמפו כיף 700 מ""ל עם",מיליליטרים,700.00,"100 מ""ל",false,,14.90,0.0213,true,1,2280026
7290108353341,false,"מרכך למניעת קשקשים עם שמן עץ התה ואסאי 700 מ""ל כיף",החברה הדרומית לשיווק בעמ,,"מרכך כיף 700 מ""ל עם",מיליליטרים,700.00,"100 מ""ל",false,,14.90,0.0213,true,1,2280027
7290108353372,false,אורביטול צמד מברשות שיניים 12000 סיבי פחם,החברה הדרומית לשיווק בעמ,,מברשת שיניים NANO פח,יח',2.00,יח',false,,29.90,14.9500,true,1,2406509
7290108353389,false,"אורביטול - מי פה ג'וניור לגילאי 8+ 250 מ""ל",החברה הדרומית לשיווק בעמ,,אורביטול קיד מי פה ג,מיליליטרים,250.00,"100 מ""ל",false,,11.90,0.0476,true,1,2400010
7290108353402,false,צמד מברשות שיניים עם סיבי פחם דקים במיוחד,יבואן ומשווק: ש. שסט,,צמד מברשות שיניים או,יח',2.00,יח',false,,14.90,7.4500,true,1,2295150
7290108353419,false,צמד מברשות שיניים עם סיבי הלבנה ספירליים,החברה הדרומית לשיווק בעמ,,צמד מברשות שיניים או,יח',2.00,יח',false,,14.90,7.4500,true,1,2295151
7290108353433,false,שטיפת פה לרעננות מתמשכת מנטה עדין Protect & Fresh,"קוסמופארם בע""\מ",,שטיפת פה PROTECT & F,מיליליטרים,500.00,"100 מ""ל",false,,19.90,0.0398,true,1,2132817
7290108353440,false,אורביטול מברשות שיניים נאנו לחניכיים 2יח,החברה הדרומית לשיווק בעמ,,מברשת שיניים NANO או,יח',2.00,יח',false,,29.90,14.9500,true,1,2366534
7290108353471,false,סנובון מוצק לאסלה DESIGN בניחוח ספא,החברה הדרומית לשיווק בעמ,,סנובון DESIGN בניחוח,גרמים,65.00,100 גרם,false,,6.90,0.1062,true,1,2266596
7290108353495,false,אורביטול - חוט דנטאלי 50 מטר בתוספת שעווה ופלואוריד,החב הדרומית לשיווק,,חוט דנטלי עם שעווה א,מטרים,50.00,מטר,false,,9.90,0.1980,true,1,2414161
7290108353501,false,"שקיות אשפה ענקיות עם ידיות ענקיות 75*90 ס""מ סנו סושי 25 יחידות",החברה הדרומית לשיווק בעמ,,סושי שקיות אשפה 75*9,יח',25.00,יח',false,,21.90,0.8760,true,1,2288956
7290108353525,false,סנו סושי - תבניות אלומיניום עם ידיות אחיזה,החברה הדרומית לשיווק בעמ,,4 תבניות אלומיניום ע,יח',4.00,יח',false,,9.90,2.4750,true,1,2284305
7290108353532,false,"שקיות אשפה חזקות עם שרוך לארג' 54 * 65 ס""מ סנו סושי 100 יחידות",החברה הדרומית לשיווק בעמ,,סושי שקיות אשפה 54*6,יח',100.00,יח',false,,29.90,0.2990,true,1,2288957
7290108353549,false,נייר אפיה 100 דפים סנו סושי,החברה הדרומית לשיווק בעמ,,נייר אפיה סנו סושי 1,יח',100.00,יח',false,,19.90,0.1990,true,1,2288958
7290108353563,false,צלחות מקנה סוכר טבעי סנו סושי - 10'' *25,החברה הדרומית לשיווק בעמ,,צלחות מקנה סוכר טבעי,יח',25.00,יח',false,,19.90,0.7960,true,1,2311417
7290108353587,false,"קעריות מעוטרות מקנה סוכר בקוטר 15 ס""מ",החברה הדרומית לשיווק בעמ,,קעריות מקנה סוכר טבע,יח',25.00,יח',false,,13.90,0.5560,true,1,2311419
7290108353594,false,סלטייה אובלית מקנה סוכר 25 יח סנו סושי,החברה הדרומית לשיווק בעמ,,צלוחיות מקנה סוכר טב,יח',25.00,יח',false,,9.90,0.3960,true,1,2311420
7290108353648,false,סנו סושי - שקיות אוכל מנייר 70 יחידות,החברה הדרומית לשיווק בעמ,,שקיות אוכל מנייר = מ,יח',70.00,יח',false,,10.90,0.1557,true,1,2329119
7290108353655,false,"סנו סושי - 50 מפיות אירוח איכותיות גדולות ועבות 3 שכבות לבנות """,החברה הדרומית לשיווק בעמ,,מפיות אירוח סנו סושי,יח',50.00,יח',false,,9.90,0.1980,true,1,2288975
7290108353662,false,"סנו סושי מפת שולחן מוטבעת 120*270 ס""מ",החברה הדרומית לשיווק בעמ,,מפת שולחן מוטבעת סנו,יח',1.00,יח',false,,10.90,10.9000,true,1,2388812
7290108353679,false,מפות ניילוון שקופות סנו סושי 10 יח,החברה הדרומית לשיווק בעמ,,מפות ניילון שקופות 1,יח',10.00,יח',false,,14.90,1.4900,true,1,2304651
7290108353686,false,מטלית חלומית לרצפה סנו סושי 1 יחידה,החברה הדרומית לשיווק בעמ,,מטלית חלומית לרצפה ס,יח',1.00,יח',false,,16.90,16.9000,true,1,2311216
7290108353693,false,"צלחות מעוטרות מקנה סוכר בקוטר 19 ס""מ",החברה הדרומית לשיווק בעמ,,צלחות מקנה סוכר טבעי,יח',25.00,יח',false,,14.90,0.5960,true,1,2311421
7290108353709,false,סושי כפפות ניטריל שחורות 80 יחידות S,החברה הדרומית לשיווק בעמ,,כפפות ניטריל שחורות,יח',80.00,יח',false,,28.90,0.3612,true,1,2400011
7290108353716,false,"קרמה - תחליב רחצה חימר פיטאיה 500 מ""ל",החברה הדרומית לשיווק בעמ,,תחליב רחצה קרמה חימר,מיליליטרים,500.00,"100 מ""ל",false,,16.90,0.0338,true,1,2395276
7290108353723,false,"קרמה - תחליב רחצה חימר תה ירוק 500 מ""ל",החברה הדרומית לשיווק בעמ,,תחליב רחצה קרמה חימר,מיליליטרים,500.00,"100 מ""ל",false,,16.90,0.0338,true,1,2395277
7290108353730,false,"קרמה - תחליב רחצה חימר אוכמניות כחולות 500 מ""ל",החברה הדרומית לשיווק בעמ,,תחליב רחצה קרמה חימר,מיליליטרים,500.00,"100 מ""ל",false,,16.90,0.0338,true,1,2396313
7290108353747,false,"תחליב רחצה אירוודה, בניחוח טונקה 600 מ""ל קרימה",החברה הדרומית לשיווק בעמ,,תחליב רחצה קרמה אירו,מיליליטרים,600.00,"100 מ""ל",false,,17.90,0.0298,true,1,2414147
7290108353761,false,"תחליב רחצה זן, בניחוח קשמיר 600 מ""ל קרימה",החברה הדרומית לשיווק בעמ,,תחליב רחצה קרמה זן 6,מיליליטרים,600.00,"100 מ""ל",false,,17.90,0.0298,true,1,2414148
7290108353785,false,תחליב רחצה נקה 7 מרוקו בניחוח טונקה 750,החברה הדרומית לשיווק בעמ,,תחליב רחצה נקה 7 מרו,מיליליטרים,750.00,"100 מ""ל",false,,12.90,0.0172,true,1,2323369
7290108353792,false,"נקה 7 - תחליב רחצה יפן בניחוח פריחת הדובדבן 750 מ""ל",החברה הדרומית לשיווק בעמ,,תחליב רחצה נקה 7 פרי,מיליליטרים,750.00,"100 מ""ל",false,,12.90,0.0172,true,1,2319963
7290108353808,false,"תחליב רחצה מדגסקר נקה 7 בניחוח אמבר 750 מ""ל",החברה הדרומית לשיווק בעמ,,תחליב רחצה נקה 7 מדג,מיליליטרים,750.00,"100 מ""ל",false,,12.90,0.0172,true,1,2319968
7290108353815,false,"תחליב רחצה מדיטציה בניחוח פצ'ולי לבנדר+משאבה 600 מ""ל",החב. הדרומית לשיווק,,תחליב רחצה קרמה מדיט,מיליליטרים,600.00,"100 מ""ל",false,,17.90,0.0298,true,1,2414154
7290108353839,false,סושי כפפות ניטריל שחורות 80 יחידות M,החברה הדרומית לשיווק בעמ,,כפפות ניטריל שחורות,יח',80.00,יח',false,,28.90,0.3612,true,1,2400012
7290108353846,false,סושי כפפות ניטריל שחורות 80 יחידות L,החברה הדרומית לשיווק בעמ,,כפפות ניטריל שחורות,יח',80.00,יח',false,,28.90,0.3612,true,1,2400013
7290108353891,false,"קרמה - דאודורנט רול און לאישה קרמה מאסק 75 מ""ל",החברה הדרומית לשיווק בעמ,,דאודרנט קרמה רול און,מיליליטרים,75.00,"100 מ""ל",false,,12.90,0.1720,true,1,2311202
7290108353907,false,"קרמה - דאודורנט רול און לאישה קרמה קלאסי 75 מ""ל",החברה הדרומית לשיווק בעמ,,דאודרנט קרמה רול און,מיליליטרים,75.00,"100 מ""ל",false,,12.90,0.1720,true,1,2311191
7290108353921,false,קרמה דיאודורנט סטיק מאסק 70 גרם,"אמיליה קוסמטיקס בע""\מ",,דאודורנט קרמה סטיק מ,מיליליטרים,70.00,"100 מ""ל",false,,24.90,0.3557,true,1,2336475
7290108353945,false,דאודורנט ספריי קרמה בניחוח אשכולית ולמון גראס,מיוצר עי : אמיליה קוסמטי,,דאודורנט קרמה ספריי,מיליליטרים,150.00,"100 מ""ל",false,,12.90,0.0860,true,1,2366229
7290108353952,false,"קרמה - דאודורנט ספריי לאישה קרמה קלאסי 150 מ""ל",החברה הדרומית לשיווק בעמ,,דאודורנט קרמה ספריי,מיליליטרים,150.00,"100 מ""ל",false,,12.90,0.0860,true,1,2366230
7290108353969,false,"קרמה - דאודורנט ספריי לאישה קרמה מאסק 150 מ""ל",החברה הדרומית לשיווק בעמ,,דאודורנט קרמה ספריי,מיליליטרים,150.00,"100 מ""ל",false,,12.90,0.0860,true,1,2366223
7290108353983,false,"קרמה - קרם גוף קרמה קלאסי 500 מ""ל",החברה הדרומית לשיווק בעמ,,קרם גוף קרמה קלאסי,מיליליטרים,500.00,"100 מ""ל",false,,24.90,0.0498,true,1,2321026
7290108353990,false,"קרמה - קרם גוף קרמה מאסק 500 מ""ל",החברה הדרומית לשיווק בעמ,,קרם גוף קרמה מאסק,מיליליטרים,500.00,"100 מ""ל",false,,24.90,0.0498,true,1,2321027
7290108354034,false,"סבון ידיים קרמה חמאת שיאה וקוקוי 300 מ""ל",החברה הדרומית לשיווק בעמ,,סבון ידיים קרמה חמאת,מיליליטרים,300.00,"100 מ""ל",false,,9.90,0.0330,true,1,2311385
7290108354065,false,קרמה מן גל רחצה פילינג 700 מל לגבר,החברה הדרומית לשיווק בעמ,,קרמה מן ג'ל רחצה פיל,מיליליטרים,700.00,"100 מ""ל",false,,18.90,0.0270,true,1,2386815
7290108354164,false,"כיף שלישיית אל סבון קטיפתי מועשר בשמנים 3*500 מ""ל",החברה הדרומית לשיווק בעמ,,אל סבון כיף מועשר בש,יח',3.00,יח',false,,19.90,6.6333,true,1,2330060
7290108354263,false,אורביטול גוניור משחת שיניים חד קרן 70גרם,טרופיקל דגיל תעשיות קוסמ,,משחת שיניים אורביטול,גרמים,70.00,100 גרם,false,,8.90,0.1271,true,1,2330061
7290108354270,false,מרכך כביסה מרוכז בבישום עוצמתי 1 ל' סנו מקסימה,החברה הדרומית לשיווק בעמ,,מרכך כביסה מרוכז מקס,ליטרים,1.00,ליטר,false,,19.90,19.9000,true,1,2377020
7290108354355,false,סנו מגבוני היגיינים לניקוי הידיים 70 % אלכוהול 20 יח',החברה הדרומית לשיווק בעמ,,מגבונים הגיינים לחיט,יח',20.00,יח',false,,9.90,0.4950,true,1,2318581
7290108354362,false,"סנו מדיק אל סבון היגייני לידיים 500 מ""ל",החברה הדרומית לשיווק בעמ,,אל סבון הגייני לידיי,מיליליטרים,500.00,"100 מ""ל",false,,9.90,0.0198,true,1,2329120
7290108354416,false,"תחליב רחצה יוגה, בניחוח ברגמוט 600מ""ל קרימה",החברה הדרומית לשיווק בעמ,,תחליב רחצה קרמה יוגה,מיליליטרים,600.00,"100 מ""ל",false,,17.90,0.0298,true,1,2414149
7290108354430,false,"שמפו כיף לשיקום והזנה שמן קוקוס וקרטין 700 מ""ל",החברה הדרומית לשיווק בעמ,,שמפו כיף שמן קוקוס ו,מיליליטרים,700.00,"100 מ""ל",false,,14.90,0.0213,true,1,2336698
7290108354447,false,"מרכך כיף לשיקום והזנה שמן קוקוס וקרטין 700 מ""ל",החברה הדרומית לשיווק בעמ,,מרכך כיף שמן קוקוס ו,מיליליטרים,700.00,"100 מ""ל",false,,14.90,0.0213,true,1,2336699
7290108354461,false,קרליין 10 שמפו חימר לכל סוגי השיער 700 מ,החב הדרומית לשיווק,,שמפו קרליין 10 חימר,מיליליטרים,700.00,"100 מ""ל",false,,14.90,0.0213,true,1,2428835
7290108354492,false,"קרליין שמפו 10 לשיער שמן ארגן 700 מ""ל",החברה הדרומית לשיווק בעמ,,שמפו קרליין 10 לשיער,מיליליטרים,700.00,"100 מ""ל",false,,14.90,0.0213,true,1,2395279
7290108354577,false,דאודורנט רול און קרמה וניל ופלפל ורוד 75,החברה הדרומית לשיווק בעמ,,דאודרנט קרמה רול און,מיליליטרים,75.00,"100 מ""ל",false,,12.90,0.1720,true,1,2368929
7290108354614,false,"מרכך בניחוח מי קקטוס ושמן באבאסו 750 מ""ל נקה 7",החברה הדרומית לשיווק בעמ,,נקה 7 מרכך ביו 750 מ,מיליליטרים,750.00,"100 מ""ל",false,,11.90,0.0159,true,1,2402716
7290108354706,false,"קרמה - תחליב רחצה מאסק 500 מ""ל",החברה הדרומית לשיווק בעמ,,תחליב רחצה קרמה מאסק,מיליליטרים,500.00,"100 מ""ל",false,,16.90,0.0338,true,1,2368930
7290108354713,false,"קרמה - תחליב רחצה קלאסי 500 מ""ל",החברה הדרומית לשיווק בעמ,,תחליב רחצה קרמה קלאס,מיליליטרים,500.00,"100 מ""ל",false,,16.90,0.0338,true,1,2368931
7290108354751,false,"סנו - ג'ט מרסס לניקוי כללי בתוספת אבקת סודה 750 מ""ל",החברה הדרומית לשיווק בעמ,,מתז לניקוי כללי ג'ט+,מיליליטרים,750.00,"100 מ""ל",false,,19.90,0.0265,true,1,2085074
7290108354768,false,"קרמה קרם גוף דבש 500 מ""ל",החברה הדרומית לשיווק בעמ,,קרם גוף קרמה דבש 500,מיליליטרים,500.00,"100 מ""ל",false,,24.90,0.0498,true,1,2368932
7290108354799,false,קרמה שמן גוף ורד ווניל 150 מל,החברה הדרומית,,שמן גוף קרמה ורד וונ,מיליליטרים,150.00,"100 מ""ל",false,,24.90,0.1660,true,1,2329121
7290108354805,false,"שמן גוף קרמה נרולי ומגנוליה 150 מ""ל",החב. הדרומית לשיווק,,שמן גוף קרמה נרולי ו,מיליליטרים,150.00,"100 מ""ל",false,,24.90,0.1660,true,1,2329122
7290108354829,false,"קרם ידיים קרמה ורד וניל 100 מ""ל מ""ל",החברה הדרומית לשיווק בעמ,,קרם ידיים קרמה ורד ו,מיליליטרים,100.00,"100 מ""ל",false,,8.90,0.0890,true,1,2319746
7290108354836,false,קרם ידיים מרוכז לידיים יבשות מאוד בבישום עדין,החברה הדרומית לשיווק בעמ,,קרם ידיים קרמה מרוכז,מיליליטרים,50.00,"100 מ""ל",false,,15.90,0.3180,true,1,2329976
7290108354850,false,"דאורדוראנט רול און קרמה בריזת ים 75 מ""ל",החברה הדרומית לשיווק בעמ,,דאודרנט קרמה רול און,מיליליטרים,75.00,"100 מ""ל",false,,12.90,0.1720,true,1,2311192
7290108354911,false,"שמפו, ג'ל רחצה וגילוח מועשר בתמצית אלוורה",החברה הדרומית לשיווק בעמ,,קרמה מן 3 ב-1 שמפו/ג,מיליליטרים,700.00,"100 מ""ל",false,,18.90,0.0270,true,1,2301362
7290108354973,false,"סבון ידיים קרמה ורד ווניל 300 מ""ל",החברה הדרומית לשיווק בעמ,,סבון ידיים קרמה ורד,מיליליטרים,300.00,"100 מ""ל",false,,9.90,0.0330,true,1,2311386
7290108354980,false,קרם ידיים מרוכז לידיים יבשות מאוד ללא בישום,החברה הדרומית לשיווק בעמ,,קרם ידיים קרמה מרוכז,מיליליטרים,50.00,"100 מ""ל",false,,15.90,0.3180,true,1,2329977
7290108355000,false,שמפו לילדים מיניונים נקה 7 (750 מל),החברה הדרומית לשיווק בעמ,,שמפו נקה 7 קידס מיני,מיליליטרים,750.00,"100 מ""ל",false,,14.90,0.0199,true,1,1412607
7290108355017,false,מרכך לילדים מיניונים נקה 7 (750 מל),החברה הדרומית לשיווק בעמ,,מרכך נקה 7 קידס מיני,מיליליטרים,750.00,"100 מ""ל",false,,14.90,0.0199,true,1,1412608
7290108355024,false,"נקה 7 שמפו ומרכך לילדים מיניונים 750 מ""ל",החברה הדרומית לשיווק בעמ,,שמפו+מרכך נקה 7 קידס,מיליליטרים,750.00,"100 מ""ל",false,,14.90,0.0199,true,1,1412609
7290108355031,false,"נקה 7 אל סבון לילדים מיניונים 750 מ""ל",החברה הדרומית לשיווק בעמ,,אל סבון נקה 7 קידס מ,מיליליטרים,750.00,"100 מ""ל",false,,14.90,0.0199,true,1,1412610
7290108355055,false,לחו.לשיער מקצועי גלייז נטורל פורמולה 400,החברה הדרומית לשיווק בעמ,,לחות לשיער עם גלייז,מיליליטרים,400.00,"100 מ""ל",false,,29.90,0.0747,true,1,1689159
7290108355062,false,לחו.לשיער מקצועי קרטין נטורל פורמולה 400,החברה הדרומית לשיווק בעמ,,קרם לחות לשיער עם קר,מיליליטרים,400.00,"100 מ""ל",false,,29.90,0.0747,true,1,1689160
7290108355079,false,לחו.לשיער מקצועי קוקוס נטורל פורמולה 400,החברה הדרומית לשיווק בעמ,,לחות לשיער עם קוקוס,מיליליטרים,400.00,"100 מ""ל",false,,29.90,0.0747,true,1,1689161
7290108355116,false,בייבי כיף אל סבון לפני שינה 750 מל,קוסמופארם,,אל סבון בייבי כיף לפ,מיליליטרים,750.00,"100 מ""ל",false,,17.90,0.0239,true,1,2069192
7290108355123,false,בייבי כיף קרם גוף לפני השינה 500 מל,החברה הדרומית,,קרם גוף בייבי כיף לפ,מיליליטרים,500.00,"100 מ""ל",false,,24.90,0.0498,true,1,2069193
7290108355130,false,בייבי כיף שמן גוף לפני השינה 500 מל,החברה הדרומית לשיווק בעמ,,שמן גוף בייבי כיף לפ,מיליליטרים,500.00,"100 מ""ל",false,,24.90,0.0498,true,1,2069194
7290108355147,false,תחליב רחצה שמנהי הזנה נקה (7507 מל),טרופיקל דגיל תעשיות קוסמ,,תחליב רחצה נקה 7 שמנ,מיליליטרים,750.00,"100 מ""ל",false,,12.90,0.0172,true,1,1941106
7290108355154,false,נקה 7 שמפו לשיער שמני הזנה 750 מל,החברה הדרומית לשיווק בעמ,,נקה 7 שמפו שמני הזנה,מיליליטרים,750.00,"100 מ""ל",false,,11.90,0.0159,true,1,1941107
7290108355161,false,"מרכך שיער שמני הזנה 750 מ""ל נקה 7",החברה הדרומית לשיווק בעמ,,מרכך שיער נקה 7 שמני,מיליליטרים,750.00,"100 מ""ל",false,,11.90,0.0159,true,1,1941108
7290108355178,false,"קרמה - קרם ידיים חמאת שיאה וקוקוי 100 מ""ל",החברה הדרומית לשיווק בעמ,,קרם ידיים קרמה חמאת,מיליליטרים,100.00,"100 מ""ל",false,,8.90,0.0890,true,1,2319951
7290108355185,false,"נטורל מסיכת קרטין אינטנס למניעת קשקשים 350 מ""ל",החברה הדרומית לשיווק בעמ,,מסיכה לשיער קרטין אי,מיליליטרים,350.00,"100 מ""ל",false,,39.90,0.1140,true,1,1848927
7290108355192,false,"מרכך קרטין אינטנס למניעת קשקשים נטורל פורמולה 400 מ""ל",החברה הדרומית לשיווק בעמ,,מרכך קרטין אינטנס למ,מיליליטרים,400.00,"100 מ""ל",false,,29.90,0.0747,true,1,1848875
7290108355208,false,"שמפו קרטין אינטנס למניעת קשקשים נטורל 400 מ""ל",החברה הדרומית לשיווק בעמ,,שמפו קרטין אינטנס למ,מיליליטרים,400.00,"100 מ""ל",false,,29.90,0.0747,true,1,1848876
7290108355215,false,נ.פורמולה קרטין אינטנס מסכה לשיער +משאבה,החב הדרומית לשיווק,,מסיכה לשיער קרטין אי,מיליליטרים,450.00,"100 מ""ל",false,,49.90,0.1109,true,1,1848928
7290108355253,false,ג'ל רחצה לגבר אקסטרה פרש 800 גם נקה 7 men,"אמיליה קוסמטיקס בע""מ",,נקה 7 ג'ל רחצה לגבר,מיליליטרים,750.00,"100 מ""ל",false,,11.90,0.0159,true,1,2068434
7290108355260,false,"נקה 7-שמפו 3ב1 שמפו ג'ל רחצה וסבון פנים לגבר 750 מ""ל",החברה הדרומית לשיווק בעמ,,נקה 7 שמפו+ג'ל רחצה+,מיליליטרים,750.00,"100 מ""ל",false,,11.90,0.0159,true,1,2068435
7290108355277,false,"נקה 7 - שמפו ומרכך לגבר 2 ב-1 750 מ""ל",החברה הדרומית לשיווק בעמ,,נקה 7 שמפו 2 ב-1 לגב,מיליליטרים,750.00,"100 מ""ל",false,,11.90,0.0159,true,1,2068436
7290108355284,false,נקה 7 תרסיס להתרת קשרים 750 מל,החברה הדרומית לשיווק בעמ,,תרסיס להתרת קשרים נק,מיליליטרים,350.00,"100 מ""ל",false,,15.90,0.0454,true,1,2248246
7290108355291,false,"קרם לשיער נקה 7 להתרת קשרים 750 מ""ל",החברה הדרומית לשיווק בעמ,,קרם להתרת קשרים נקה,מיליליטרים,350.00,"100 מ""ל",false,,15.90,0.0454,true,1,2248247
7290108355307,false,"נקה 7 - שמפו סירוק קל רוזמרין 750 מ""ל",החברה הדרומית לשיווק בעמ,,נקה 7 שמפו לשיער רגי,מיליליטרים,750.00,"100 מ""ל",false,,11.90,0.0159,true,1,2248248
7290108355314,false,מרכך לסירוק קל בתוספת רוזמרין,החברה הדרומית לשיווק בעמ,,מרכך שיער נקה 7 לשיע,מיליליטרים,750.00,"100 מ""ל",false,,11.90,0.0159,true,1,2248249
7290108355338,false,נ.פורמולה שמפו פיגמנט אדום,החברה הדרומית,,שמפו פיגמנט אדום נטו,מיליליטרים,250.00,"100 מ""ל",false,,29.90,0.1196,true,1,2330225
7290108355352,false,נ.פורמולה שמפו מעצים גוונים,החברה הדרומית,,שמפו מעצים גוונים נט,מיליליטרים,250.00,"100 מ""ל",false,,29.90,0.1196,true,1,2330227
7290108355406,false,נ.פורמולה מרכך פיגמנט חום,החברה הדרומית,,מרכך פיגמנט חום נטור,מיליליטרים,250.00,"100 מ""ל",false,,29.90,0.1196,true,1,2330231
7290108355420,false,מרכך פיגמנט אדום 250 מל,פארפארם בעמ,,מרכך פיגמנט אדום נטו,מיליליטרים,250.00,"100 מ""ל",false,,29.90,0.1196,true,1,2330233
7290108355451,false,"קרמה - דאודורנט רול און לאישה קרמה ורד ווניל 75 מ""ל",החב הדרומית לשיווק,,דאודרנט קרמה רול און,מיליליטרים,75.00,"100 מ""ל",false,,12.90,0.1720,true,1,2311193
7290108355468,false,"קרמה דאודורנט רול און נרולי ומגנוליה 75 מ""ל",החברה הדרומית לשיווק בעמ,,דאודרנט קרמה רול און,מיליליטרים,75.00,"100 מ""ל",false,,12.90,0.1720,true,1,2311194
7290108355482,false,"קרמה - דאודורנט רול און לאישה קרמה לבנדר ואקליפטוס 75 מ""ל",החברה הדרומית לשיווק בעמ,,דאודרנט קרמה רול און,מיליליטרים,75.00,"100 מ""ל",false,,12.90,0.1720,true,1,2311196
7290108355499,false,"דאודורנט רול און ורד ווניל קרמה 70 מ""ל","אמיליה קוסמטיקס בע""\מ",,דאודורנט קרמה סטיק ו,מיליליטרים,70.00,"100 מ""ל",false,,24.90,0.3557,true,1,2336484
7290108355543,false,"קרמה - דאודורנט ספריי לאישה נרולי מגנוליה 150 מ""ל",החברה הדרומית לשיווק בעמ,,דאודורנט קרמה ספריי,מיליליטרים,150.00,"100 מ""ל",false,,12.90,0.0860,true,1,2366232
7290108355680,false,"מרכך פיור אסנס דק שמן 600 מ""ל קרליין",קוסמופארם,,מרכך פיור אסנס לשיער,מיליליטרים,600.00,"100 מ""ל",false,,14.90,0.0248,true,1,2274642
7290108355703,false,"קרליין - בודי מיסט סטולן קיס 250 מ""ל",החברה הדרומית,,בישום בודי מיסט קרלי,מיליליטרים,250.00,"100 מ""ל",false,,39.90,0.1596,true,1,2304704
7290108355727,false,"קרליין קרם גוף מבושם PURE LOVE שפופרת 250 מ""ל",החברה הדרומית,,"קרם גוף מבושם 250 מ""",מיליליטרים,250.00,"100 מ""ל",false,,24.90,0.0996,true,1,2304706
7290108355734,false,"קרליין קרם גוף מבושם KISS STOLEN שפופרת 250 מ""ל",החברה הדרומית,,"קרם גוף מבושם 250 מ""",מיליליטרים,250.00,"100 מ""ל",false,,24.90,0.0996,true,1,2304707
7290108355765,false,דאודורנט ספריי קרמה בניחוח לבנדר ואקליפטוס,החברה הדרומית לשיווק בעמ,,דאודורנט קרמה ספריי,מיליליטרים,150.00,"100 מ""ל",false,,12.90,0.0860,true,1,2366233
7290108355802,false,"תחליב רחצה קרמה ורד ווניל 700 מ""ל",החברה הדרומית לשיווק בעמ,,תחליב רחצה קרמה ורד,מיליליטרים,700.00,"100 מ""ל",false,,19.90,0.0284,true,1,2311211
7290108355949,false,"תחליב רחצה קרמה נרולי ומנגוליה 700 מ""ל",החברה הדרומית לשיווק בעמ,,תחליב רחצה קרמה נרול,מיליליטרים,700.00,"100 מ""ל",false,,19.90,0.0284,true,1,2311205
7290108356021,false,כיף תחליב רחצה בניחוח גלידת קרם עוגיות,החברה הדרומית לשיווק בעמ,,תחליב רחצה כיף בניחו,מיליליטרים,700.00,"100 מ""ל",false,,12.90,0.0184,true,1,2132824
7290108356045,false,"כיף תחליב רחצה בניחוח גלידת סוכריות ג'לי 700 מ""ל",החברה הדרומית לשיווק בעמ,,תחליב רחצה כיף בניחו,מיליליטרים,700.00,"100 מ""ל",false,,12.90,0.0184,true,1,2132826
7290108356090,false,קרמה תרחיץ גל לשטיפה אינטימית 220 מל,קוסמופארם בעמ,,תרחיץ ג'ל לשטיפה אינ,מיליליטרים,220.00,"100 מ""ל",false,,19.90,0.0905,true,1,2351426
7290108356106,false,כיף תחליב רחצה חלב שקדים 700 מל,החברה הדרומית לשיווק בעמ,,תחליב רחצה כיף שקד 7,מיליליטרים,700.00,"100 מ""ל",false,,12.90,0.0184,true,1,2077147
7290108356113,false,תחליב רחצה כיף ניחוח דבש 700 מל,החברה הדרומית לשיווק בעמ,,תחליב רחצה כיף דבש 7,מיליליטרים,700.00,"100 מ""ל",false,,12.90,0.0184,true,1,2077148
7290108356137,false,תחליב רחצה כיף ניחוח לבנדר 700 מל,החברה הדרומית לשיווק בעמ,,תחליב רחצה כיף לבנדר,מיליליטרים,700.00,"100 מ""ל",false,,12.90,0.0184,true,1,2077150
7290108356151,false,תחליב רחצה כיף ניחוחמאסק יסמין 700 מל,החברה הדרומית לשיווק בעמ,,תחליב רחצה כיף מאסק,מיליליטרים,700.00,"100 מ""ל",false,,12.90,0.0184,true,1,2077151
7290108356168,false,תחליב רחצה כיף ניחוח אוקיינס700 מל,החברה הדרומית לשיווק בעמ,,תחליב רחצה כיף אוקיי,מיליליטרים,700.00,"100 מ""ל",false,,12.90,0.0184,true,1,2077152
7290108356175,false,אל סבון נוזלי כיף אבטיח ומנטה (1 ליטר),החברה הדרומית לשיווק בעמ,,אל סבון כיף אבטיח ומ,ליטרים,1.00,ליטר,false,,14.90,14.9000,true,1,2308025
7290108356182,false,אל סבון נוזלי כיף תאנה ותה ירוק (1ליטר),החברה הדרומית לשיווק בעמ,,אל סבון כיף תאנה ותה,ליטרים,1.00,ליטר,false,,14.90,14.9000,true,1,2308030
7290108356199,false,אל סבון נוזלי כיףאפרסק ופלפל שחור (1ליטר,החברה הדרומית לשיווק בעמ,,אל סבון כיף אפרסק ופ,ליטרים,1.00,ליטר,false,,14.90,14.9000,true,1,2308031
7290108356298,false,"כיף - מוס רחצה בניחוח קרם עוגיות 150 מ""ל",החברה הדרומית לשיווק בעמ,,מוס רחצה כיף בניחוח,מיליליטרים,150.00,"100 מ""ל",false,,12.90,0.0860,true,1,2381361
7290108356373,false,סנו - מדיק ג'ל לניקוי ידיים מיניונים סיליקון,החברה הדרומית לשיווק בעמ,,ג'ל לניקוי ידיים סנו,מיליליטרים,29.00,"100 מ""ל",false,,9.90,0.3414,true,1,2311223
7290108356489,false,"כיף - תחליב רחצה אפרסק וחמאת מורומורו 700 מ""ל",החברה הדרומית לשיווק בעמ,,תחליב רחצה כיף אפרסק,מיליליטרים,700.00,"100 מ""ל",false,,14.90,0.0213,true,1,2394998
7290108356519,false,קרליין שמפו 10למניעת קשקשים 700מל,החברה הדרומית לשיווק בעמ,,שמפו קרליין 10 לשיער,מיליליטרים,700.00,"100 מ""ל",false,,14.90,0.0213,true,1,2386827
7290108356526,false,"קרליין - שמפו 10 לשיער יבש 700 מ""ל",החברה הדרומית לשיווק בעמ,,שמפו קרליין 10 לשיער,מיליליטרים,700.00,"100 מ""ל",false,,14.90,0.0213,true,1,2386828
7290108356533,false,קרוליין 10 שמפו לשיער מתולתל 700 מל,החברה הדרומית לשיווק בעמ,,שמפו קרליין 10 לשיער,מיליליטרים,700.00,"100 מ""ל",false,,14.90,0.0213,true,1,2386829
7290108356540,false,קרוליין 10 שמפו לשיער צבוע 700 מל,החברה הדרומית לשיווק בעמ,,שמפו קרליין 10 לשיער,מיליליטרים,700.00,"100 מ""ל",false,,14.90,0.0213,true,1,2386830
7290108356557,false,"שמפו 10 לשיער למניעת קשקשים 700 מ""ל קרליין",החברה הדרומית לשיווק בעמ,,שמפו קרליין 10 למניע,מיליליטרים,700.00,"100 מ""ל",false,,14.90,0.0213,true,1,2386831
7290108356564,false,"קרליין - מרכך 10 לשיער רגיל 700 מ""ל",החברה הדרומית לשיווק בעמ,,מרכך קרליין 10 לשיער,מיליליטרים,700.00,"100 מ""ל",false,,14.90,0.0213,true,1,2386832
7290108356571,false,"קרליין - מרכך 10 לשיער יבש 700 מ""ל",החברה הדרומית לשיווק בעמ,,מרכך קרליין 10 לשיער,מיליליטרים,700.00,"100 מ""ל",false,,14.90,0.0213,true,1,2386833
7290108356588,false,קרוליין 10 מרכך לשיער מתולתל 700 מל,החברה הדרומית לשיווק בעמ,,מרכך קרליין 10 לשיער,מיליליטרים,700.00,"100 מ""ל",false,,14.90,0.0213,true,1,2386834
7290108356595,false,"קרליין מרכך 10 לשיער צבוע 700 מ""ל",החברה הדרומית לשיווק בעמ,,מרכך קרליין 10 לשיער,מיליליטרים,700.00,"100 מ""ל",false,,14.90,0.0213,true,1,2386835
7290108356816,false,"סבון בוטני גרניום ופטצ'ולי לניקוי וטיפוח הידיים, טבעוני 1 ל' כיף",החברה הדרומית לשיווק בעמ,,אל סבון כיף + משאבה,ליטרים,1.00,ליטר,false,,14.90,14.9000,true,1,2414142
7290108356854,false,מגבוני בייבי כיף בניוח עדין מארז חמישייה,החברה הדרומית לשיווק בעמ,,מגבונים לחים חמישייה,יח',320.00,יח',false,,19.90,0.0622,true,1,2350177
7290108356861,false,מגבוני בייבי כיף ללא בישום מארז חמישייה,החברה הדרומית לשיווק בעמ,,מגבונים לחים חמישייה,יח',320.00,יח',false,,19.90,0.0622,true,1,2350178
7290108357004,false,כיף שמפו ורד ושמן קוקוי לרכות וברק,החברה הדרומית לשיווק בעמ,,"שמפו כיף 700 מ""ל ורד",מיליליטרים,700.00,"100 מ""ל",false,,14.90,0.0213,true,1,2284341
7290108357011,false,כיף קונדישינר לשיער שמן קוקוי 700 מל,החברה הדרומית לשיווק בעמ,,"מרכך כיף 700 מ""ל ורד",מיליליטרים,700.00,"100 מ""ל",false,,14.90,0.0213,true,1,2284342
7290108357028,false,"תחליב רחצה כיף ורד ושמן קוקוי 700 מ""ל",החברה הדרומית לשיווק בעמ,,תחליב רחצה כיף 700 מ,מיליליטרים,700.00,"100 מ""ל",false,,12.90,0.0184,true,1,2284343
7290108357042,false,"קרליין - נושם ביו דאודורנט רול און 75 מ""ל Citrus Blossoms לאישה",החברה הדרומית לשיווק בעמ,,דאודורנט רול און נו,מיליליטרים,75.00,"100 מ""ל",false,,12.90,0.1720,true,1,2395270
7290108357059,false,"קרליין - נושם ביו דאודורנט רול און 75 מ""ל Secret Garden לאישה",החברה הדרומית לשיווק בעמ,,דאודורנט רול און נו,מיליליטרים,75.00,"100 מ""ל",false,,12.90,0.1720,true,1,2395271
7290108357073,false,"קרליין - נושם ביו דאודורנט ספריי 150 מ""ל Blossoms Citrus לאישה",החברה הדרומית לשיווק בעמ,,דאודורנט ספריי נושם,מיליליטרים,150.00,"100 מ""ל",false,,12.90,0.0860,true,1,2395280
7290108357080,false,"קרליין - נושם ביו דאודורנט ספריי 150 מ""ל Secret Garden לאישה",החברה הדרומית לשיווק בעמ,,דאודורנט ספריי נושם,מיליליטרים,150.00,"100 מ""ל",false,,12.90,0.0860,true,1,2395281
7290108357097,false,"קרליין - נושם ביו דאודורנט ספריי 150 מ""ל Velvet Rose לאישה",החברה הדרומית לשיווק בעמ,,דאודורנט ספריי נושם,מיליליטרים,150.00,"100 מ""ל",false,,12.90,0.0860,true,1,2395282
7290108357110,false,"קרליין - נושם ביו דאודורנט רול און 75 מ""ל Valvet Rose לאישה",החברה הדרומית לשיווק בעמ,,דאודורנט רול און נו,מיליליטרים,75.00,"100 מ""ל",false,,12.90,0.1720,true,1,2395283
7290108357189,false,"מבשם ומרכך למייבש הכביסה מקסימה פלורל 750 מ""ל סנו",החברה הדרומית לשיווק בעמ,,מרסס למייבש כביסה סנ,מיליליטרים,750.00,"100 מ""ל",false,,17.90,0.0239,true,1,2285197
7290108357196,false,"ג'ט פלוס לניקוי כללי בתוספת תמצית עץ התה 750 מ""ל סנו",החברה הדרומית לשיווק בעמ,,מתז לניקוי כללי ג'ט+,מיליליטרים,750.00,"100 מ""ל",false,,19.90,0.0265,true,1,2355888
7290108357202,false,סנוקליר לניקוי בניחוח בלו בלוסום 1 ליטר,החברה הדרומית לשיווק בעמ,,סנוקליר רב תכליתי בנ,ליטרים,1.00,ליטר,false,,12.90,12.9000,true,1,2333903
7290108357226,false,"אוקסיגן POWER אבקה לכביסה לבנה והסרת כתמים 1.4 ק""ג סנו",החברה הדרומית לשיווק בעמ,,אוקסיג'ן מסיר כתמים,גרמים,1400.00,100 גרם,false,,29.90,0.0214,true,1,2388823
7290108357233,false,סנו קליר מטליות לחות לניקוי והברקה 50 יח,החברה הדרומית לשיווק בעמ,,מטליות לחות לניקוי ו,יח',50.00,יח',false,,10.90,0.2180,true,1,2386821
7290108357240,false,"אוקסיג'ן פאוור תוסף להסרת כתמים קשים 1.4 ק""ג",החברה הדרומית לשיווק בעמ,,אוקסיג'ן מסיר כתמים,גרמים,1400.00,100 גרם,false,,29.90,0.0214,true,1,2388829
7290108357257,false,סנו - פרש מכשיר אוטומטי לבישום אוויר בתוספת מילוי אולטרא פרש,החברה הדרומית לשיווק בעמ,,מכשיר לבישום סנו פרש,יחידה,0.00,יחידה,false,,39.90,0.0000,true,1,2400014
7290108357264,false,"פרש אוטומטי מילוי בניחוח מרכך הכביסה אולטרה 375 מ""ל סנו",החברה הדרומית לשיווק בעמ,,מטהר אויר בהתזה אולט,מיליליטרים,250.00,"100 מ""ל",false,,12.90,0.0516,true,1,2400015
7290108357271,false,סנובון ג'ל לניקוי אסלות עם חמצן פעיל לניקוי עוצמתי,החברה הדרומית לשיווק בעמ,,סנובון נוזלי עם כח ה,מיליליטרים,750.00,"100 מ""ל",false,,11.90,0.0159,true,1,2404276
7290108357288,false,אקונומיקה ז'אוול בניחוח פריחה לבנה 4 ל' סנו,החברה הדרומית לשיווק בעמ,,אקונומיקה סנו ז'אוול,ליטרים,4.00,ליטר,false,,16.90,4.2250,true,1,2386822
7290108357295,false,"מרסס אוקסיג'ן מסיר כתמים סנו לכביסה לבנה 750 מ""ל",החברה הדרומית לשיווק בעמ,,מרסס כביסה מסיר כתמי,מיליליטרים,750.00,"100 מ""ל",false,,17.90,0.0239,true,1,2404138
7290108357301,false,"סנו - K300 קוטל חרקים תיקנים ונמלים 300 מ""ל",החברה הדרומית לשיווק בעמ,,K-300 קוטל חרקים מיי,מיליליטרים,300.00,"100 מ""ל",false,,14.90,0.0497,true,1,2400016
7290108357394,false,"תחליב רחצה וניל ופלפל ורוד קרמה 700מ""ל",החברה הדרומית לשיווק בעמ,,תחליב רחצה קרמה חלב,מיליליטרים,700.00,"100 מ""ל",false,,19.90,0.0284,true,1,2336492
7290108357400,false,"תחליב רחצה קרמה לבנדר ואקליפטוס 700 מ""ל",החברה הדרומית לשיווק בעמ,,תחליב רחצה קרמה לבנד,מיליליטרים,700.00,"100 מ""ל",false,,19.90,0.0284,true,1,2311206
7290108357417,false,"קרמה - קרם גוף קרמה ורד ווניל 500 מ""ל",החברה הדרומית לשיווק בעמ,,קרם גוף קרמה ורד וונ,מיליליטרים,500.00,"100 מ""ל",false,,24.90,0.0498,true,1,2319977
7290108357448,false,"קרמה - קרם גוף קרמה לבנדר ואקליפטוס 500 מ""ל",החברה הדרומית לשיווק בעמ,,קרם גוף קרמה לבנדר ו,מיליליטרים,500.00,"100 מ""ל",false,,24.90,0.0498,true,1,2319980
7290108357493,false,"תחליב רחצה קרמה וניל ופלפל ורוד 700 מ""ל",החברה הדרומית לשיווק בעמ,,תחליב רחצה קרמה וניל,מיליליטרים,700.00,"100 מ""ל",false,,19.90,0.0284,true,1,2336493
7290108357516,false,"קרמה - סבון ידיים וניל ופלפל ורוד 500 מ""ל",החברה הדרומית לשיווק בעמ,,סבון ידיים קרמה וניל,מיליליטרים,500.00,"100 מ""ל",false,,12.90,0.0258,true,1,2388824
7290108357578,false,"קרם ידיים קרמה וניל ופלפל ורוד 100מ""ל",החברה הדרומית לשיווק בעמ,,קרם ידיים קרמה וניל,מיליליטרים,100.00,"100 מ""ל",false,,8.90,0.0890,true,1,2368933
7290108357653,false,סנובון ג'ל לאסלה שלישיה בניחוח אוקיינוס,החברה הדרומית לשיווק בעמ,,שלישייה סנובון מוצק,יח',3.00,יח',false,,19.90,6.6333,true,1,2415229
7290108357660,false,סנובון Bubbles שלישיית כדוריות ג'ל אסלה ניחוח לבנדר,החברה הדרומית לשיווק בעמ,,שלישייה סנובון מוצק,יח',3.00,יח',false,,19.90,6.6333,true,1,2415230
7290108357707,false,"כיף שמפו לשיער רגיל- תפוח זרעי צ'יה 700 מ""ל",החברה הדרומית לשיווק בעמ,,"שמפו כיף 700 מ""ל תפו",מיליליטרים,700.00,"100 מ""ל",false,,14.90,0.0213,true,1,2134770
7290108357714,false,"כיף שמפו לשיער יבש -רימונים ושמן ארגן 700 מ""ל",החברה הדרומית לשיווק בעמ,,"שמפו כיף 700 מ""ל רימ",מיליליטרים,700.00,"100 מ""ל",false,,14.90,0.0213,true,1,2134771
7290108357721,false,"כיף שמפו לשיער דק ושביר גוג'י ברי ומורינגה 700 מ""ל",החב הדרומית לשיווק,,"שמפו כיף 700 מ""ל גוג",מיליליטרים,700.00,"100 מ""ל",false,,14.90,0.0213,true,1,2134779
7290108357745,false,"כיף שמפו ומרכך 700 מ""ל 2ב-1 תאנה ומנטה",החברה הדרומית לשיווק בעמ,,שמפו ומרכך 2+1 תאנה,מיליליטרים,700.00,"100 מ""ל",false,,14.90,0.0213,true,1,2134780
7290108357769,false,"מרכך לשיער רגיל תפוח וזרעי צ'יה 700 מ""ל כיף",החברה הדרומית לשיווק בעמ,,"מרכך כיף 700 מ""ל תפו",מיליליטרים,700.00,"100 מ""ל",false,,14.90,0.0213,true,1,2134773
7290108357776,false,"כיף מרכך לשיער יבש -רימונים ושמן ארגן 700 מ""ל",החברה הדרומית לשיווק בעמ,,מרכך רימונים ושמן אר,מיליליטרים,700.00,"100 מ""ל",false,,14.90,0.0213,true,1,2134774
7290108357844,false,כיף אל סבון 1 ליטר אצות ים שקית מילוי + פקק,החברה הדרומית לשיווק בעמ,,אל סבון כיף שקית מי,ליטרים,1.00,ליטר,false,,9.90,9.9000,true,1,2398986
7290108357851,false,"כיף - ג'ל רחצה אליקסיר אוילס מועשר בשמן קוקוס 700 מ""ל",החברה הדרומית לשיווק בעמ,,תחליב רחצה כיף ELIXI,מיליליטרים,700.00,"100 מ""ל",false,,12.90,0.0184,true,1,2382154
7290108357868,false,"כיף - ג'ל רחצה אליקסיר אויל מועשר בשמן מקדמיה 700 מ""ל",החברה הדרומית לשיווק בעמ,,תחליב רחצה כיף ELIXI,מיליליטרים,700.00,"100 מ""ל",false,,12.90,0.0184,true,1,2382155
7290108357875,false,"כיף - שמפו לחות מוגברת עם אפרסק וחמאת מורומורו 700 מ""ל",החברה הדרומית לשיווק בעמ,,שמפו כיף לחות מוגברת,מיליליטרים,700.00,"100 מ""ל",false,,14.90,0.0213,true,1,2394999
7290108357882,false,"כיף - מרכך לחות מוגברת עם אפרסק וחמאת מורומורו 700 מ""ל",החברה הדרומית לשיווק בעמ,,מרכך כיף לחות מוגברת,מיליליטרים,700.00,"100 מ""ל",false,,14.90,0.0213,true,1,2395000
7290108358070,false,"תחליב רחצה קרמה קלאסי 700 מ""ל",החברה הדרומית לשיווק בעמ,,תחליב רחצה קרמה קלאס,מיליליטרים,700.00,"100 מ""ל",false,,19.90,0.0284,true,1,2321158
7290108358087,false,"תחליב רחצה קרמה מאסק 700 מ""ל",החברה הדרומית לשיווק בעמ,,תחליב רחצה קרמה מאסק,מיליליטרים,700.00,"100 מ""ל",false,,19.90,0.0284,true,1,2321159
7290108358100,false,"פרש הום מקלות ריחניים בייבי בבקבוק 100 מ""ל",החברה הדרומית לשיווק בעמ,,מקלות ריחניים לבית ב,מיליליטרים,100.00,"100 מ""ל",false,,24.90,0.2490,true,1,2388817
7290108358117,false,"פרש הום מקלות ריחניים לבית בניחוח כביסה רעננה 100 מ""ל",החברה הדרומית לשיווק בעמ,,מקלות ריחניים לבית פ,מיליליטרים,100.00,"100 מ""ל",false,,24.90,0.2490,true,1,2388818
7290108358124,false,דפי בישום לחים למייבש הכביסה בניחוח מרכך כביסה 20 יח' מקסימה,טרופיגל דגיל תעשיות קוסמ,,דפי בישום למייבש כבי,יח',20.00,יח',false,,12.90,0.6450,true,1,2410046
7290108359008,false,סושי שקיות זיפר עם סליידר 15 יח לארג',החברה הדרומית לשיווק בעמ,,שקיות זיפר סליידר L,יח',15.00,יח',false,,14.90,0.9933,true,1,2385803
7290108359015,false,סושי שקיות זיפר עם סליידר 20 יח מדיום,החברה הדרומית לשיווק בעמ,,שקיות זיפר סליידר M,יח',20.00,יח',false,,14.90,0.7450,true,1,2385804
7290108359039,false,שקיות אשפה עם ידיות סנו סושי לפחים 30 יחידות,החברה הדרומית לשיווק בעמ,,סושי שקיות אשפה עם י,יח',30.00,יח',false,,21.90,0.7300,true,1,2351421
7290108359046,false,שקיות אשפה EXTRA חזקאות במיוחד XXL סנו סושי 20 יח',החברה הדרומית לשיווק בעמ,,שקיות אשפה סנו סושי,יח',20.00,יח',false,,24.90,1.2450,true,1,2366539
7290108359060,false,סנו סושי כריות הפלא רב תכלתיות *4 לשבת,החברה הדרומית לשיווק בעמ,,כריות ניקוי לשבת סנו,יח',4.00,יח',false,,12.90,3.2250,true,1,2370081
7290108359077,false,סנו - סופט לושן ממחטות אף בקופסא 3 שכבות 120 יח',החברה הדרומית לשיווק בעמ,,ממחטות סנו סופט לושן,יח',120.00,יח',false,,9.90,0.0825,true,1,2385809
7290108359084,false,סנו סושי כיסוי ניילון עם גומי 30 יחידות M,החברה הדרומית לשיווק בעמ,,כיסוי ניילון עם גומי,יח',30.00,יח',false,,9.90,0.3300,true,1,2414155
7290108359091,false,סנו סושי כיסוי ניילון עם גומי 30 יחידות L,החברה הדרומית לשיווק בעמ,,כיסוי ניילון עם גומי,יח',30.00,יח',false,,9.90,0.3300,true,1,2414156
7290108359114,false,סנו סושי – 10 חמגשית אלומיניום עם מכסה,החברה הדרומית לשיווק בעמ,,חמגשית אלומיניום עם,יח',10.00,יח',false,,10.90,1.0900,true,1,2389865
7290108359152,false,"תבנית אלומיניום עגולה 25 ס""מ -6 יחי סנו סושי",החברה הדרומית לשיווק בעמ,,תבניות אלומינים עגול,יח',6.00,יח',false,,11.90,1.9833,true,1,2415222
7290108359169,false,"תבנית אלומיניום עגולה 628 ס""מ יחי סנו סושי",החברה הדרומית לשיווק בעמ,,תבניות אלומינים עגול,יח',6.00,יח',false,,11.90,1.9833,true,1,2415223
7290108359183,false,שקית אשפה חזקות 70*50 60 יח' סנו סושי,החברה הדרומית לשיווק בעמ,,סושי שקיות אשפה 52*7,יח',60.00,יח',false,,22.90,0.3817,true,1,2415232
7290108359190,false,סנו סושי מגבות נייר בגליל כפול פי 3,החברה הדרומית לשיווק בעמ,,מגבות נייר 4=12 סנו,מטרים,126.96,מטר,false,,24.90,0.1961,true,1,2430210
7290108359824,false,"כיף - בייבי כיף קרם 500 מ""ל",החברה הדרומית לשיווק בעמ,,קרם גוף בייבי כיף 50,מיליליטרים,500.00,"100 מ""ל",false,,24.90,0.0498,true,1,2069195
7290108359831,false,בייבי שמן לתינוק לעור עדין כיף (500 מל),החברה הדרומית לשיווק בעמ,,שמן גוף בייבי כיף 50,מיליליטרים,500.00,"100 מ""ל",false,,24.90,0.0498,true,1,2069196
7290108359848,false,בייבי כיף שמפו אל דמע (1 ליטר),החברה הדרומית לשיווק בעמ,,שמפו בייבי כיף אל דמ,ליטרים,1.00,ליטר,false,,19.90,19.9000,true,1,2069197
7290108359855,false,"שמפו אל דמע בייבי כיף+משאבה 750 מ""ל",החברה הדרומית לשיווק בעמ,,שמפו בייבי כיף אל דמ,מיליליטרים,750.00,"100 מ""ל",false,,17.90,0.0239,true,1,2069198
7290108359862,false,בייבי כיף אל סבון 1 ליטר,החברה הדרומית לשיווק בעמ,,אל סבון בייבי כיף 1,ליטרים,1.00,ליטר,false,,19.90,19.9000,true,1,2069199
7290108359879,false,"אלסבון בייבי כיף+משאבה 750 מ""ל",החברה הדרומית לשיווק בעמ,,אל סבון בייבי כיף 75,מיליליטרים,750.00,"100 מ""ל",false,,17.90,0.0239,true,1,2069200
7290108359886,false,תחליב רחצה בייבי כיף 1 ליטר,החברה הדרומית לשיווק בעמ,,תחליב רחצה בייבי כיף,ליטרים,1.00,ליטר,false,,19.90,19.9000,true,1,2069201
7290108359893,false,"תחליב רחצה בייבי כיף+משאבה 750 מ""ל",החברה הדרומית לשיווק בעמ,,תחליב רחצה בייבי כיף,מיליליטרים,750.00,"100 מ""ל",false,,17.90,0.0239,true,1,2069202
7290108359985,false,סנו - ז'אוול מרסס קצף לניקוי וחינו בניחוח פריחה לבנה 1 ליטר,החברה הדרומית לשיווק בעמ,,תרסיס סנו ז'אוול קצף,ליטרים,1.00,ליטר,false,,19.90,19.9000,true,1,2386816
7290108403411,false,וילון קדמי משקפיים ש,,,וילון קדמי משקפיים ש,יחידה,0.00,יחידה,false,,29.90,0.0000,true,1,2400867
7290108405026,false,מטלית מיקרופייבר מקצ,,,מטלית מיקרופייבר מקצ,יחידה,0.00,יחידה,false,,14.90,0.0000,true,1,2400883
7290108500677,false,כבד דג שיבוט בשמן דג וילי פוד 115 גרם,ג. וילי-פוד אינטרנשיונל בע`מ,,כבד דג שיבוט,גרמים,120.00,100 גרם,false,,8.90,0.0742,true,1,1458253
7290108501346,false,גבינה מגורדת גאודה 28% שומן EURO CHEESE ויליפוד 500 גרם,ג.וילי-פוד אינטרנשיונל **גבינו,,גבינת גאודה מגורדת 5,גרמים,500.00,100 גרם,false,,24.90,0.0498,true,1,1820474
7290108501377,false,שפרוטים מעושנים בשמן מרינה מכסה שקוף 160 ג',ג. וילי-פוד אינטרנשיונל בע`מ,,שפרוטים מעושנים בשמן,גרמים,160.00,100 גרם,false,,9.90,0.0619,true,1,1856638
7290108501391,false,גבינת חצי קשה מחלב עיזים פרוסות 150 גר`,ג. וילי-פוד אינטרנשיונל בע`מ,,גבינה חצי קשה מחלב ע,גרמים,150.00,100 גרם,false,,19.90,0.1327,true,1,1872057
7290108501490,false,גבינת מוצרלה פרוסות 150 גר`וילי פוד,ג.וילי-פוד אינטרנשיונל **גבינו,,גבינת מוצרלה פרוסות,גרמים,150.00,100 גרם,false,,13.90,0.0927,true,1,1872087
7290108501827,false,קדאיף שערות בצק ויליפוד 450 גרם,ג.וילי-פוד אינטרנשיונל **גבינו,,קדאיף שערות בצק 450ג,גרמים,450.00,100 גרם,false,,19.90,0.0442,true,1,1981159
7290108501964,false,חטיף אגוזים וצימוקים הפי נאטס מארז 35X4ג',ג.וילי פוד אינטרנשיונל בעמ,,חטיף שקדים וצימוקים,גרמים,140.00,100 גרם,false,,10.00,0.0714,true,1,1981173
7290108501971,false,חטיף בוטנים ומשמש הפי נאטס מארז 35X4ג',ג. וילי-פוד אינטרנשיונל בע`מ,,חטיף שקדים ומשמש HAP,יחידה,0.00,יחידה,false,,10.00,0.0000,true,1,1981174
7290108501988,false,חטיף שקדים וחמוציות הפי נוטס מארז 35X4ג',ג. וילי-פוד אינטרנשיונל בע`מ,,חטיף שקדים וחמוציות,גרמים,140.00,100 גרם,false,,10.00,0.0714,true,1,1981175
7290108502305,false,גבינת גרנה פדנו משולש ויליפוד 150 גרם,ג.וילי-פוד אינטרנשיונל **גבינו,,גבינת גרנה פדנו משול,גרמים,150.00,100 גרם,false,,22.90,0.1527,true,1,2073608
7290108502329,false,רביעיית טונה בשמן זית ויליפוד 4*160 גרם,ג. וילי-פוד אינטרנשיונל בע`מ,,רביעית נתחי טונה בשמ,גרמים,640.00,100 גרם,false,,29.90,0.0467,true,1,2003602
7290108502381,false,בסיסים להכנת פיצה קוטר 26 וילי פוד 480ג',ג. וילי-פוד אינטרנשיונל בע`מ,,תחתיות לפיצה (קוטר 2,גרמים,480.00,100 גרם,false,,12.90,0.0269,true,1,2106176
7290108502558,false,גבינת שמנת טעם טבעי לייט ויליפוד 200 גרם,ג.וילי-פוד אינטרנשיונל **גבינו,,גבינה במרקם שמנת ליי,גרמים,200.00,100 גרם,false,,12.90,0.0645,true,1,2036299
7290108502596,false,גבינת שמנת לייט שום 200 גר`EURO CHEESE,ג.וילי-פוד אינטרנשיונל **גבינו,,גבינת שמנת לייט שום,גרמים,200.00,100 גרם,false,,12.90,0.0645,true,1,2036303
7290108502725,false,גבינת גאודה פרוסות ויליפוד 400 גרם,ג.וילי-פוד אינטרנשיונל **גבינו,,גבינת גאודה פרוסות 4,גרמים,400.00,100 גרם,false,,19.90,0.0497,true,1,2003631
7290108502763,false,גבינת קממבר ויליפוד 200 גרם,ג.וילי-פוד אינטרנשיונל **גבינו,,גבינת קממבר 200גרם,גרמים,200.00,100 גרם,false,,22.90,0.1145,true,1,2003626
7290108502862,false,מלפפונים כבושים במלח 18-25 קטנים ויליפוד 600 גרם,ג. וילי-פוד אינטרנשיונל בע`מ,,מלפפונים כבושים במלח,גרמים,600.00,100 גרם,false,,11.90,0.0198,true,1,2127259
7290108503043,false,תפוחונים חטיף פלחים מיובשים מארז 22X4ג',ג. וילי-פוד אינטרנשיונל בע`מ,,מארז תפוחונים 4 יח',גרמים,88.00,100 גרם,false,,13.90,0.1580,true,1,2127262
7290108503067,false,פרמז'נו משולש ויליפוד 150 גרם,ג.וילי-פוד אינטרנשיונל **גבינו,,פרמז'נו משולש,גרמים,150.00,100 גרם,false,,14.90,0.0993,true,1,2073614
7290108503159,false,גבינה כחולה עם עובש 31% ויליפוד 100 גרם,ג.וילי-פוד אינטרנשיונל **גבינו,,גבינה כחולה עם עובש,גרמים,100.00,100 גרם,false,,14.90,0.1490,true,1,2096880
7290108503692,false,פיצה מרגריטה ויליפוד 380 גרם,ג.וילי-פוד אינטרנשיונל **גבינו,,פיצה מרגריטה 380 גרם,גרמים,380.00,100 גרם,false,,15.90,0.0418,true,1,2266659
7290108503708,false,פיצה עם פטריות ויליפוד 390 גרם,ג.וילי-פוד אינטרנשיונל **גבינו,,פיצה עם פטריות 390 ג,גרמים,390.00,100 גרם,false,,15.90,0.0408,true,1,2266660
7290108503715,false,פיצה עם זיתים ויליפוד 385 גרם,ג.וילי-פוד אינטרנשיונל **גבינו,,פיצה עם זיתים 385 גר,גרמים,385.00,100 גרם,false,,15.90,0.0413,true,1,2266661
7290108503791,false,ניוקי תפוח אדמה 3 צבעים 500 גרם (ללא גלוטן),ג. וילי-פוד אינטרנשיונל בע`מ,,ניוקי תפוחי אדמה 3 צ,גרמים,500.00,100 גרם,false,,10.90,0.0218,true,1,2326011
7290108503975,false,פסטה איטליאנה קנלוני ויליפוד 250 גרם,ג. וילי-פוד אינטרנשיונל בע`מ,,קנלוני 250 גרם,גרמים,250.00,100 גרם,false,,7.90,0.0316,true,1,2188561
7290108504002,false,פרוסות גבינה בטעם צ'דר לכריכים וטוסטים ויליפוד 150 גרם,ג.וילי-פוד אינטרנשיונל **גבינו,,פרוסות גבינה לייט 9%,גרמים,150.00,100 גרם,false,,7.90,0.0527,true,1,2224190
7290108504279,false,קשקבל \איבריקו\ מנצ'גו צ'אנק 150 גרם,ג. וילי-פוד אינטרנשיונל בע`מ,,קשקבל צ'אנק 150 גרם,גרמים,150.00,100 גרם,false,,15.90,0.1060,true,1,2273892
7290108504293,false,מנצ`גו צ`אנק 150 גרם ויליפוד,ג.וילי-פוד אינטרנשיונל **גבינו,,גבינה מנצ'גו צ'אנק 1,גרמים,150.00,100 גרם,false,,15.90,0.1060,true,1,2273894
7290108504699,false,רביעיית טונה בשמן קנולה פתח קל ויליפוד 4*160 גרם,ג.וילי-פוד אינטרנשיונל בעמ,,רביעית נתחי טונה בשמ,גרמים,640.00,100 גרם,false,,19.90,0.0311,true,1,2284922
7290108504934,false,"דפי אורז למילוי 22 ס""מ 300 גרם בית יוסף",ג.וילי פוד אינטרנשיונל בעמ,,דפי אורז למילוי קוטר,גרמים,300.00,100 גרם,false,,7.90,0.0263,true,1,2381540
7290108505603,false,שלישיית נתחי טונה בשמן פתח קל ויליפוד 3*80 גרם,ג.וילי-פוד אינטרנשיונל בעמ,,שלישיית נתחי טונה בה,גרמים,80.00,100 גרם,false,,10.90,0.1363,true,1,2286956
7290108505719,false,גבינת מוצרלה מגורדת EURO CHEESE ויליפוד 200 גרם,ג.וילי-פוד אינטרנשיונל **גבינו,,גבינה מוצרלה מגורדת,גרמים,200.00,100 גרם,false,,19.90,0.0995,true,1,2300751
7290108505726,false,אצבעות גבינת חצי קשה EURO CHEESE ויליפוד 200 גרם,ג.וילי-פוד אינטרנשיונל **גבינו,,גבינה חצי קשה-אצבעות,גרמים,200.00,100 גרם,false,,19.90,0.0995,true,1,2300752
7290108505733,false,צמות -גבינה חצי קשה 25% שומן ( 200 גר) ו,ג.וילי-פוד אינטרנשיונל **גבינו,,גבינה חצי קשה-צמות 2,גרמים,200.00,100 גרם,false,,19.90,0.0995,true,1,2300753
7290108505740,false,קשקבל גבינה חצי קשה EURO CHEESE ויליפוד 200 גרם,ג.וילי-פוד אינטרנשיונל **גבינו,,גבינה חצי קשה-קשקבל,גרמים,200.00,100 גרם,false,,19.90,0.0995,true,1,2300754
7290108505962,false,שזיפים מיובשים וילי פוד 400 גרם,ג.וילי פוד אינטרנשיונל בעמ,,שזיפים יבשים 400 גרם,גרמים,400.00,100 גרם,false,,24.90,0.0622,true,1,2303166
7290108506426,false,סימיט בייגלה קפוא 400 גר` פינוקים וילי פ,ג.וילי-פוד אינטרנשיונל **גבינו,,בייגלה קפוא סימיט 40,גרמים,400.00,100 גרם,false,,9.90,0.0248,true,1,2302355
7290108506495,false,"כנאפה מאפה בצק ""שערות"" קדאיף וגבינה",ג.וילי-פוד אינטרנשיונל **גבינו,,כנאפה קפוא,גרמים,192.50,100 גרם,false,,12.90,0.0670,true,1,2302356
7290108506501,false,אצבעות בצק פילו ממולאות גבינה 500 ג' ויליפוד,ג.וילי-פוד אינטרנשיונל **גבינו,,אצבעות בצק פילו ממול,גרמים,500.00,100 גרם,false,,17.90,0.0358,true,1,2377178
7290108506518,false,אצבעות בצק פילו ממולאות גבינה ותרד 500 ג' ויליפוד,ג.וילי-פוד אינטרנשיונל **גבינו,,אצבעות בצק פילו ממול,גרמים,500.00,100 גרם,false,,17.90,0.0358,true,1,2377179
7290108506532,false,גליליות וופל במילוי קרם בטעם אגוזי לוז 400ג' ויליפוד,ג. וילי-פוד אינטרנשיונל בע`מ,,גליליות וופל במילוי,גרמים,400.00,100 גרם,false,,12.90,0.0323,true,1,2302303
7290108506549,false,גליליות וופל במילוי קרם וניל פינוקים 400 גרם,ג. וילי-פוד אינטרנשיונל בע`מ,,גליליות וופל במילוי,גרמים,400.00,100 גרם,false,,12.90,0.0323,true,1,2302304
7290108506624,false,גבינת עיזים צ'אנק ויליפוד 150 גרם,ג.וילי-פוד אינטרנשיונל **גבינו,,גבינת עזים צאנק 32%,גרמים,150.00,100 גרם,false,,15.90,0.1060,true,1,2304876
7290108506648,false,רביולי דלעת ויליפוד 250 גרם,ארמנדו,,רביולי דלעת 250 גרם,גרמים,250.00,100 גרם,false,,12.90,0.0516,true,1,2302471
7290108506662,false,רביולי פטריות ויליפוד 250 גרם,ג. וילי-פוד אינטרנשיונל בע`מ,,רביולי פטריות 250 גר,גרמים,250.00,100 גרם,false,,12.90,0.0516,true,1,2302473
7290108506679,false,רביולי חצילים ומוצרלה ויליפוד 250 גרם,ג. וילי-פוד אינטרנשיונל בע`מ,,רביולי חצילים ומוצרל,גרמים,250.00,100 גרם,false,,12.90,0.0516,true,1,2302466
7290108506709,false,גבינת פרמג`אנו ר`גיאנו 150 גר וילי פוד,ג.וילי-פוד אינטרנשיונל **גבינו,,גבינת פרמג'יאנו רג'י,גרמים,150.00,100 גרם,false,,22.90,0.1527,true,1,2311158
7290108506815,false,גליליות וופל במילוי קרם קרמל מלוח פינוקים 400 גרם,ג. וילי-פוד אינטרנשיונל בע`מ,,גליליות וופל במילוי,גרמים,400.00,100 גרם,false,,12.90,0.0323,true,1,2302305
7290108506969,false,מאפה בורקס מים תורכי גבינה ויליפוד 300 גרם,ג.וילי-פוד אינטרנשיונל **גבינו,,מאפה בורקס מים תורכי,גרמים,300.00,100 גרם,false,,14.90,0.0497,true,1,2308756
7290108507010,false,מאפה בורקס מים תורכי תרד וגבינה ויליפוד 300 גרם,ג.וילי-פוד אינטרנשיונל **גבינו,,מאפה בורקס מים תורכי,גרמים,300.00,100 גרם,false,,14.90,0.0497,true,1,2308757
7290108507058,false,ביסקויט פריך בשוקולד חלב 100 גרם -קהילות,ג. וילי-פוד אינטרנשיונל בע`מ,,ביסקוויט פריך בשוקול,גרמים,100.00,100 גרם,false,,6.90,0.0690,true,1,2383463
7290108507065,false,גבינת פרמג'אנו רגיאנו מגורדת ויליפוד 100 גרם,ג.וילי-פוד אינטרנשיונל **גבינו,,גבינת פרמג'יאנו מגור,גרמים,100.00,100 גרם,false,,12.90,0.1290,true,1,2334247
7290108507072,false,שבבי גבינת גרנה פדנו ויליפוד 100 גרם,ג. וילי-פוד אינטרנשיונל בע`מ,,שבבי גבינת גרנה פדנו,גרמים,100.00,100 גרם,false,,9.90,0.0990,true,1,2334162
7290108507126,false,אוכמניות מוקפאות 300,,,אוכמניות מוקפאות 300,גרמים,300.00,100 גרם,false,,9.90,0.0330,true,1,2388775
7290108507188,false,כנאפה קפוא אריזה משפחתית657.50 גרם,ג.וילי-פוד אינטרנשיונל **גבינו,,כנאפה אריזה משפחתית,גרמים,450.00,100 גרם,false,,21.90,0.0487,true,1,2311973
7290108507645,false,ביסקויט פריך בשוקולד מריר 100 גרם -קהילות,ג. וילי-פוד אינטרנשיונל בע`מ,,ביסקוויט פריך בשוקול,גרמים,100.00,100 גרם,false,,6.90,0.0690,true,1,2383464
7290108507652,false,ביסקויט פריך בשוקולד לבן 100 גרם -קהילות,ג. וילי-פוד אינטרנשיונל בע`מ,,ביסקוויט פריך בשוקול,גרמים,100.00,100 גרם,false,,6.90,0.0690,true,1,2383465
7290108507911,false,קינואה עם טונה וירקות 160 גר ויליפוד,ג. וילי-פוד אינטרנשיונל בע`מ,,קינואה עם טונה וירקו,גרמים,160.00,100 גרם,false,,12.90,0.0806,true,1,2344364
7290108507942,false,ירקות גינה+טונה 160 גרם בית יוסף,ג.וילי-פוד אינטרנשיונל בעמ,,ירקות גינה עם טונה 1,גרמים,160.00,100 גרם,false,,12.90,0.0806,true,1,2344365
7290108508031,false,ויליפוד אננס שלם 830 גרם,ג. וילי-פוד אינטרנשיונל בע`מ,,אננס שלם 830 גרם,גרמים,830.00,100 גרם,false,,10.90,0.0131,true,1,2399151
7290108508130,false,עגבניות איטלקיות מרוסקות 390 גרם,ג.וילי פוד אינטרנשיונל בעמ,,עגבניות איטלקיות מרו,גרמים,390.00,100 גרם,false,,9.90,0.0254,true,1,2367916
7290108508147,false,מחית עגבניות איטלקיות ויליפוד 500 גרם,ג.וילי פוד אינטרנשיונל בעמ,,מחית עגבניות איטלקיו,גרמים,500.00,100 גרם,false,,9.90,0.0198,true,1,2379049
7290108508192,false,ספגטי פוסילי ללא גלוטן 400 גרם,,,פסטה פוסילי ללא גלוט,גרמים,400.00,100 גרם,false,,12.90,0.0323,true,1,2341522
7290108508369,false,גבינת CHEESE LONG ויליפוד 200 גרם,ג. וילי-פוד אינטרנשיונל בע`מ,,גבינת שערות צ'יז לונ,גרמים,200.00,100 גרם,false,,19.90,0.0995,true,1,2335198
7290108508451,false,"משקה יוגורט טבעי 3.2% שומן יורו 200 מ""ל",ג.וילי-פוד אינטרנשיונל **גבינו,,משקה יוגורט טבעי 200,מיליליטרים,200.00,"100 מ""ל",false,,5.90,0.0295,true,1,2345727
7290108508475,false,"משקה יוגורט עם תות שדה 2.6% שומן יורו 200 מ""ל",אקר,,משקה יוגורט עם תות ש,מיליליטרים,200.00,"100 מ""ל",false,,5.90,0.0295,true,1,2345729
7290108508499,false,"איירן משקה יוגורט בסגנון טורקי יורו 293 מ""ל",ג.וילי-פוד אינטרנשיונל **גבינו,,איירן משקה יוגורט בס,מיליליטרים,293.00,"100 מ""ל",false,,5.90,0.0201,true,1,2345731
7290108508574,false,פסטה ברוטב עגבניות פיקנטי ארביאטה 250 ג'-מוכנה לאכילה,ג. וילי-פוד אינטרנשיונל בע`מ,,פסטה ברוטב עגבניות פ,גרמים,250.00,100 גרם,false,,12.90,0.0516,true,1,2357504
7290108508703,false,טורטיה ללא גלוטן 270 גרם ויליפוד,ג.וילי-פוד אינטרנשיונל בעמ,,טורטייה ללא גלוטן 2,גרמים,270.00,100 גרם,false,,9.90,0.0367,true,1,2343876
7290108508710,false,ממתקים חמוצים בטעם פירות עם מילוי 250 גרם,,,ממתקים חמוצים בטעם פ,גרמים,250.00,100 גרם,false,,9.90,0.0396,true,1,2335365
7290108508765,false,קונכיות פתיתים 400 גרם וילי פוד,ג. וילי-פוד אינטרנשיונל בע`מ,,קונכיות פתיתים 400 ג,גרמים,400.00,100 גרם,false,,7.90,0.0198,true,1,2355564
7290108508772,false,קונכיות פתיתים עם תרד 400 גרם וילי פוד,ג. וילי-פוד אינטרנשיונל בע`מ,,קונכיות פתיתים עם תר,גרמים,400.00,100 גרם,false,,7.90,0.0198,true,1,2355565
7290108508888,false,ביסקוויטים פתי בר ויליפוד 500 ג',ארגון ציקולאטה,,ביסקוויטים פתי בר 50,גרמים,500.00,100 גרם,false,,9.90,0.0198,true,1,2352623
7290108508963,false,גבינת מוצרלה מגורדת 25% שומן( 200 גר`)יו,ג.וילי-פוד אינטרנשיונל **גבינו,,גבינת קשקבל מגורדת ח,גרמים,200.00,100 גרם,false,,19.90,0.0995,true,1,2336204
7290108508970,false,תה ג`רבה עלי מנטה 500 גרם וילי פוד,ג.וילי-פוד אינטרנשיונל בעמ,,תה גרבה 500 גרם,גרמים,500.00,100 גרם,false,,19.90,0.0398,true,1,2354141
7290108509052,false,מאפה פילו במילוי גבינת פטה ויליפוד 400 גרם,ג.וילי-פוד אינטרנשיונל **גבינו,,מאפה פילו ממולא גבינ,גרמים,400.00,100 גרם,false,,22.90,0.0572,true,1,2357209
7290108509090,false,גבינה מותכת משולשים EUROויליפוד 200 גרם,ג.וילי-פוד אינטרנשיונל **גבינו,,גבינה מותכת משולשים,גרמים,200.00,100 גרם,false,,14.90,0.0745,true,1,2367917
7290108509106,false,"גבינה בולגרית מעודנת בקוביות 13% שומן 200 ג' חת""ס פ""ת",ג.וילי-פוד אינטרנשיונל **גבינו,,גבינת בולגרית מעודנת,גרמים,200.00,100 גרם,false,,12.90,0.0645,true,1,2364710
7290108509113,false,"גבינה בולגרית מעודנת 18% שומן 250 גרם חת""ס פ""ת",ג.וילי-פוד אינטרנשיונל **גבינו,,גבינת בולגרית מעודנת,גרמים,250.00,100 גרם,false,,12.90,0.0516,true,1,2364711
7290108509144,false,שלישיית עגבניות שלמות מרוסקות במיץ עגבני,ג.וילי-פוד אינטרנשיונל בעמ,,שלישיית עגבניות מרוס,גרמים,1200.00,100 גרם,false,,14.90,0.0124,true,1,2357651
7290108509168,false,שלישיית עגבניות קוביות במיץ עגבניות ויליפוד 3*400,ג.וילי-פוד אינטרנשיונל בעמ,,שלישיית עגבניות קובי,גרמים,1200.00,100 גרם,false,,14.90,0.0124,true,1,2357653
7290108509199,false,גבינת פטה 17% שומן יורו 500 ג',ג.וילי-פוד אינטרנשיונל **גבינו,,גבינה פטה 17% שומן 5,גרמים,500.00,100 גרם,false,,22.90,0.0458,true,1,2358720
7290108509205,false,ויליפוד חטיף אורז אפוי בטעם טבעי לתינוקות 50 גר',ג. וילי-פוד אינטרנשיונל בע`מ,,חטיף אורז אפוי בטעם,גרמים,50.00,100 גרם,false,,12.90,0.2580,true,1,2381550
7290108509212,false,ויליפוד חטיף אורז אפוי בטעם ירקות לתינוקות 50 גר',ג. וילי-פוד אינטרנשיונל בע`מ,,חטיף אורז אפוי בטעם,גרמים,50.00,100 גרם,false,,12.90,0.2580,true,1,2381551
7290108509229,false,חטיף אורז בטעם בננה לתינוקות ויליפוד 50 גרם,ג. וילי-פוד אינטרנשיונל בע`מ,,חטיף אורז אפוי בטעם,גרמים,50.00,100 גרם,false,,12.90,0.2580,true,1,2381552
7290108509250,false,"אנטיפסטי ארטישוק+עגבניות מיובשות וצלפים בשמן חמניות 380 מ""ל",ג. וילי-פוד אינטרנשיונל בע`מ,,אנטיפסטי ארטישוק תחת,גרמים,530.00,100 גרם,false,,24.90,0.0470,true,1,2357430
7290108509267,false,ארוחת פסטה עם רוטב גבינה ויליפוד 206 גרם,ג. וילי-פוד אינטרנשיונל בע`מ,,ארוחת פסטה עם רוטב ג,גרמים,206.00,100 גרם,false,,9.90,0.0481,true,1,2357506
7290108509359,false,פופקורן בציפוי בטעם קרמל ויליפוד 90 גרם,ג. וילי-פוד אינטרנשיונל בע`מ,,פופקורן בציפוי בטעם,גרמים,90.00,100 גרם,false,,5.00,0.0556,true,1,2381545
7290108509397,false,עלי בצק פילו(משולשים )360גרם ויליפוד,ג.וילי-פוד אינטרנשיונל **גבינו,,עלי בצק פילו (משולשי,גרמים,360.00,100 גרם,false,,10.90,0.0303,true,1,2356226
7290108509403,false,חלבה טורקית קלאסית 350 גרם ג.ויליפוד,ג.וילי פוד אינטרנשיונל בעמ,,חלבה טורקית קלאסית 3,גרמים,350.00,100 גרם,false,,11.90,0.0340,true,1,2358017
7290108509410,false,חלבה טורקית עם קקאו 350 גרם ויליפוד,ג.וילי פוד אינטרנשיונל בעמ,,חלבה טורקית עם קקאו,גרמים,350.00,100 גרם,false,,11.90,0.0340,true,1,2358018
7290108509540,false,רוטב ברביקיו ויליפוד 350 גרם,וילי פוד,,רוטב ברביקיו 350 גרם,גרמים,290.00,100 גרם,false,,9.90,0.0341,true,1,2364804
7290108509618,false,זיתים ירוקים על הגריל מגולענים במרינדה 730 גרם,,,זיתים ירוקים על הגרי,גרמים,730.00,100 גרם,false,,23.90,0.0327,true,1,2427555
7290108509625,false,זיתים ירוקים ופלפל על הגריל מגולענים במרינדה 730 גרם ויליפוד,,,זיתים ירוקים ופלפל ע,גרמים,730.00,100 גרם,false,,23.90,0.0327,true,1,2427564
7290108509700,false,אורז פרסי 1 קג`DAAWAT וילי פוד,ג. וילי-פוד אינטרנשיונל בע`מ,,אורז פרסי DAAWAT 1 ק,קילוגרמים,1.00,"ק""ג",false,,9.90,9.9000,true,1,2365275
7290108509731,false,איירן משקה יוגורט בסגנון טורקי 2.3% שומן 1ל' יורו,ג.וילי-פוד אינטרנשיונל **גבינו,,איירן משקה יוגורט בס,ליטרים,1000.00,ליטר,false,,13.90,0.0139,true,1,2385952
7290108509755,false,EURO גבינת חלומי 23% שומן 250 גרם,ג.וילי-פוד אינטרנשיונל **גבינו,,גבינת חלומי 250 גרם,גרמים,250.00,100 גרם,false,,22.90,0.0916,true,1,2426556
7290108509816,false,גבינת בייבי מוצרלה EURO CHEESE ויליפוד 200 גרם,ג.וילי-פוד אינטרנשיונל **גבינו,,גבינה בייבי מוצרלה 2,גרמים,200.00,100 גרם,false,,19.90,0.0995,true,1,2359151
7290108509908,false,"מנת השף בשקית-איטריות בטעם ירקות 85 ג' חתם סופר ב""ב",ג. וילי-פוד אינטרנשיונל בע`מ,,מנת השף-אטריות להכנה,גרמים,85.00,100 גרם,false,,3.90,0.0459,true,1,2368594
7290108509915,false,"מנת השף בשקית-איטריות בטעם סיני פיקנטי 85 ג' חתם סופר ב""ב",ג. וילי-פוד אינטרנשיונל בע`מ,,מנת השף-אטריות להכנה,גרמים,85.00,100 גרם,false,,3.90,0.0459,true,1,2368595
7290108509922,false,מנתהשף אטריות להכנה מהירה טעם עוף ויליפוד 85 גרם,ג. וילי-פוד אינטרנשיונל בע`מ,,מנת השף-אטריות להכנה,גרמים,85.00,100 גרם,false,,3.90,0.0459,true,1,2368596
7290108509939,false,פרוסות פילה טונה בשמן זית כתית מעולה,ג. וילי-פוד אינטרנשיונל בע`מ,,פרוסות פילה טונה 120,גרמים,120.00,100 גרם,false,,14.90,0.1242,true,1,2377013
7290108509953,false,פולי קפה 100% קלויים,,,פולי קפה 100% פולי ק,גרמים,250.00,100 גרם,false,,14.90,0.0596,true,1,2413992
7290108509960,false,נתחי טונה בהירה בשמן זית כתית מעולה - מארז 3 יח',ג. וילי-פוד אינטרנשיונל בע`מ,,שלישיית נתחי טונה בה,גרמים,80.00,100 גרם,false,,14.90,0.1863,true,1,2377014
7290108509984,false,"רוטב סויה 300 מ""ל וילי פוד",ג.וילי-פוד אינטרנשיונל בעמ,,"רוטב סויה 300 מ""ל",מיליליטרים,300.00,"100 מ""ל",false,,9.90,0.0330,true,1,2368601
7290108509991,false,"רוטב טריאקי 300 מ""ל וילי פוד",ג.וילי-פוד אינטרנשיונל בעמ,,"רוטב טריאקי 300 מ""ל",מטרים,300.00,100 מ'ל,false,,9.90,0.0330,true,1,2368602
7290108984682,false,מצנם דפנות קרות נירו,,,מצנם דפנות קרות נירו,יחידה,0.00,יחידה,false,,99.90,0.0000,true,1,2368745
7290109060132,false,מגבת נייר ג'מבו ענק,,,מגבת נייר ג'מבו ענק,מטרים,63.50,מטר,false,,10.90,0.1717,true,1,1423617
7290109060293,false,ניירות אפיה נשלפים אחד אחד,פרפקט Perfect,,נייר אפייה 50 יח פרפ,יח',50.00,יח',false,,9.90,0.1980,true,1,1455979
7290109060378,false,מטליות רב שימושיות לכל סוגי המשטחים,פרפקט Perfect,,מטליות רב שימושיות 4,יח',40.00,יח',false,,19.90,0.4975,true,1,1460585
7290109060385,false,מטליות לחות לניקוי רצפות,פרפקט Perfect,,מטליות לחות לניקוי ר,יח',10.00,יח',false,,14.90,1.4900,true,1,1469652
7290109060392,false,מטליות רב שימושיות ת,פרפקט Perfect,,מטליות רב שימושיות ת,יח',9.00,יח',false,,8.90,0.9889,true,1,1471109
7290109060415,false,מטליות מיקרופייבר לרצפה,פרפקט Perfect,,מטליות מיקרופייבר לר,יח',3.00,יח',false,,19.90,6.6333,true,1,1465089
7290109060422,false,מטלית מיקרופייבר למשטחים,פרפקט Perfect,,מטלית מיקרופייבר לני,יחידה,0.00,יחידה,false,,8.90,0.0000,true,1,1465090
7290109060439,false,מטליות מיקרופייבר למשטחים,פרפקט Perfect,,מטליות מיקרופייבר לנ,יח',3.00,יח',false,,14.90,4.9667,true,1,1465091
7290109060446,false,מטלית מיקרופייבר למשטחים XL,פרפקט Perfect,,מטלית מיקרופייבר לני,יחידה,0.00,יחידה,false,,9.90,0.0000,true,1,1465092
7290109060453,false,ספוג הפלא 6 יח'-פרפק,פרפקט Perfect,,ספוג הפלא 6 יח'-פרפק,יח',6.00,יח',false,,8.90,1.4833,true,1,1487541
7290109060460,false,סחבה לבנה זיג זג 3 י,פרפקט Perfect,,סחבה לבנה זיג זג 3 י,יח',3.00,יח',false,,9.90,3.3000,true,1,1472816
7290109060613,false,מפיות לבן דו שכבתי 1,פרפקט Perfect,,מפיות לבן דו שכבתי 1,יח',180.00,יח',false,,7.90,0.0439,true,1,1479834
7290109060651,false,משטח מיקרופייבר לייבוש כלים,פרפקט Perfect,,משטח ייבוש כלים מיקר,יח',1.00,יח',false,,14.90,14.9000,true,1,1670622
7290109060699,false,כריות ברזל לקרצוף חזק,פרפקט Perfect,,כריות ברזל 3 יח'-פרפ,יח',3.00,יח',false,,8.90,2.9667,true,1,1689972
7290109060828,false,אטבי כביסה איכותיים בשלל צבעים,פרפקט Perfect,,9 אטבים מעוצבים-בשלל,יח',9.00,יח',false,,8.90,0.9889,true,1,1703638
7290109060835,false,אטבי כביסה גדולים וחזקים עם גומי- מארז 10 יח',פרפקט Perfect,,10 אטבים גדולים וחזק,יח',10.00,יח',false,,8.90,0.8900,true,1,1703639
7290109060842,false,אטבי כביסה איכותיים - מארז 10 יח',פרפקט Perfect,,10 אטבים מילניום הזר,יח',10.00,יח',false,,8.90,0.8900,true,1,1703640
7290109060873,false,מפיות אירוח בצבעים כהים,פרפקט Perfect,,מפיות אירוח 100 יח',00000000000000000יח',100.00,00000000000000000יח',false,,5.90,0.0590,true,1,1704501
7290109060880,false,מפיות אירוח בצבעי פסטל,פרפקט Perfect,,מפיות אירוח 100 יח',יח',100.00,יח',false,,5.90,0.0590,true,1,1704502
7290109061054,false,מגבונים לחים לתינוק בניחוח עדין- מארז רביעיה,פרפקט Perfect,,רביעיית מגבונים בביש,יח',288.00,יח',false,,14.90,0.0517,true,1,1819930
7290109061061,false,מגבונים לחים לתינוק ללא בישום- מארז רביעיה,פרפקט Perfect,,רביעיית מגבונים ללא,יח',288.00,יח',false,,14.90,0.0517,true,1,1819931
7290109061238,false,סכינים 100 יח' פרפקט,,,סכינים 100 יח' פרפקט,יח',100.00,יח',false,,9.90,0.0990,true,1,1945246
7290109061320,false,ספוג הפלא לנירוסטה פ,פרפקט Perfect,,ספוג הפלא לנירוסטה פ,יח',3.00,יח',false,,10.90,3.6333,true,1,2049504
7290109061405,false,"כוסות לשתיה חמה 250 מ""ל+ מכסים - מארז 16 יח'",פרפקט Perfect,,כוסות נייר+מכסים 16,יח',16.00,יח',false,,12.90,0.8063,true,1,2183522
7290109061450,false,צמרוני אוזניים עם שסתום ביטחון לתינוקות,פרפקט Perfect,,צימרוני אוזניים שסתו,יח',55.00,יח',false,,3.90,0.0709,true,1,2253077
7290109061474,false,זוג צמר גפן פרפקט,פרפקט Perfect,,זוג צמר גפן פרפקט,גרמים,200.00,100 גרם,false,,9.90,0.0495,true,1,2253079
7290109061535,false,שקיות אשפה ענקיות עם ידית 90*75 עבות וחזקות,פרפקט Perfect,,שקיות אשפה ענקיות,יח',25.00,יח',false,,12.90,0.5160,true,1,2230975
7290109061542,false,"שקיות גופיה גדולות 60*50 ס""מ עם ידיות - 50 במארז",פרפקט Perfect,,שקיות גופיה פרפ,יח',50.00,יח',false,,4.90,0.0980,true,1,2246878
7290109061566,false,סט 3 מגבות מטבח משובצות בצבע לבחירה,SK home fashion,,סט 3 מגבות מטבח משוב,מארז,1.00,מארז,false,,10.90,10.9000,true,1,2280087
7290109061795,false,כוס יין פלסטיק לבן לשימוש רב פעמי,,,כוס יין לבנה,יחידה,0.00,יחידה,false,,14.90,0.0000,true,1,2289822
7290109061801,false,כוס יין פלסטיק זהב לשימוש רב פעמי,,,כוס יין זהב,יחידה,0.00,יחידה,false,,14.90,0.0000,true,1,2289823
7290109061818,false,כוס יין שקופה,,,כוס יין שקופה,יחידה,0.00,יחידה,false,,14.90,0.0000,true,1,2289824
7290109061863,false,צלחות עבות במיוחד 66,פרפקט Perfect,,צלחות עבות במיוחד 66,יח',66.00,יח',false,,39.90,0.6045,true,1,2298933
7290109062068,false,שמיכת פוך יחיד 200*150,SK home fashion,,שמיכת פוך יחיד 200*1,יחידה,0.00,יחידה,false,,179.90,0.0000,true,1,2323820
7290109062075,false,שמיכת פוך זוגית 220*200,SK home fashion,,שמיכת פוך זוגית 220*,יחידה,0.00,יחידה,false,,229.90,0.0000,true,1,2323821
7290109062105,false,נוזל לניקוי רצפות בנ,,,נוזל לניקוי רצפות בנ,ליטרים,2.00,ליטר,false,,9.90,4.9500,true,1,2329948
7290109062112,false,נוזל לניקוי רצפות בנ,,,נוזל לניקוי רצפות בנ,ליטרים,2.00,ליטר,false,,9.90,4.9500,true,1,2329949
7290109062129,false,סל קניה כחול,,,סל קניה כחול,יחידה,0.00,יחידה,false,,5.00,0.0000,true,1,2343905
7290109062204,false,"כרית שינה פרימיום 70*50 ס""מ",SK home fashion,,כרית שינה פרימיום 70,יחידה,0.00,יחידה,false,,59.90,0.0000,true,1,2370754
7290109062259,false,מפת שולחן עגולה דמוי,,,מפת שולחן עגולה דמוי,יחידה,0.00,יחידה,false,,39.90,0.0000,true,1,2368440
7290109062334,false,כפפות ויניל S פרפקט,,,כפפות ויניל S פרפקט,יח',100.00,יח',false,,24.90,0.2490,true,1,2381629
7290109062341,false,כפפות ויניל M פרפקט,,,כפפות ויניל M פרפקט,יח',100.00,יח',false,,24.90,0.2490,true,1,2381630
7290109062358,false,כפפות ויניל L פרפקט,,,כפפות ויניל L פרפקט,יח',100.00,יח',false,,24.90,0.2490,true,1,2381631
7290109062372,false,תיק צידנית 35 ליטר ח,חצי חינם,,תיק צידנית 35 ליטר ח,יחידה,0.00,יחידה,false,,59.90,0.0000,true,1,2370747
7290109062396,false,"כרית ויסקו ממורי במידות 40/60/12 ס""מ",SK home fashion,,כרית ויסקו ממורי 40/,יחידה,0.00,יחידה,false,,89.90,0.0000,true,1,2376346
7290109062402,false,ראנר ג'קארד 35/150 ס,,,ראנר ג'קארד 35/150 ס,יחידה,0.00,יחידה,false,,19.90,0.0000,true,1,2378189
7290109062464,false,שמן זית כתית מעולה אוליבה,אוליבה Oliva,,שמן זית כתית מעולה א,מיליליטרים,750.00,"100 מ""ל",false,,26.90,0.0359,true,1,2383714
7290109062471,false,"שטיחון אמבט במידות ס""מ 50*70 -גוון לפי בחירה",SK home fashion,,שטיחון אמבט SK 50*70,יחידה,0.00,יחידה,false,,19.90,0.0000,true,1,2382377
7290109062488,false,סט 3 קולבים עץ טבעי,SK home fashion,,סט 3 קולבים עץ טבעי,יחידה,0.00,יחידה,false,,19.90,0.0000,true,1,2388449
7290109062495,false,סט 3 קולבים עץ צבוע,SK home fashion,,סט 3 קולבים עץ צבוע,יחידה,0.00,יחידה,false,,19.90,0.0000,true,1,2388450
7290109062501,false,סט 3 קולבים עץ ציפוי סיליקון,SK home fashion,,סט 3 קולבים עץ ציפוי,יחידה,0.00,יחידה,false,,29.90,0.0000,true,1,2388451
7290109062518,false,סט קולבי קטיפה - 5 יחידות,SK home fashion,,סט 5 קולבים קטיפה,יחידה,0.00,יחידה,false,,14.90,0.0000,true,1,2388452
7290109062525,false,סט 3 קולבים צבעוניים לילדים,SK home fashion,,סט 3 קולבים צבעוניים,יחידה,0.00,יחידה,false,,19.90,0.0000,true,1,2388453
7290109062549,false,"שטיחון כניסה לבית 75*45 ס""מ SK",SK home fashion,,שטיחון כניסה לבית 75,יחידה,0.00,יחידה,false,,39.90,0.0000,true,1,2386908
7290109062556,false,"סט 2 מגבות מטבח פרימיום פסים 60*40 ס""מ",SK home fashion,,סט 2 מגבות מטבח פרימ,יח',2.00,יח',false,,24.90,12.4500,true,1,2394950
7290109062563,false,"שמיכת מיקרו פלנל פסים 180*130 ס""מ - בצבע לבחירה",SK home fashion,,שמיכת מיקרו פלנל פסי,יחידה,0.00,יחידה,false,,59.90,0.0000,true,1,2396299
7290109062587,false,סל קניה כחול בד,,,סל קניה כחול בד,יחידה,0.00,יחידה,false,,5.00,0.0000,true,1,2399130
7290109062594,false,"שטיחון אמבטיה פופקורן 70*50 ס""מ בצבע לבחירה",SK home fashion,,שטיחון אמבטיה 70*50,יחידה,0.00,יחידה,false,,39.90,0.0000,true,1,2402704
7290109062600,false,"שטיח נורדי 60/120 ס""",,,"שטיח נורדי 60/120 ס""",יחידה,0.00,יחידה,false,,59.90,0.0000,true,1,2402705
7290109062617,false,מגבת ידיים 50*30 פרמיום כותנה סרוקה,SK home fashion,,מגבת ידיים 50*30 פרמ,יחידה,0.00,יחידה,false,,9.90,0.0000,true,1,2402692
7290109062624,false,מגבת פנים 90*50 פרמיום כותנה סרוקה,SK home fashion,,מגבת פנים 90*50 פרמי,יחידה,0.00,יחידה,false,,19.90,0.0000,true,1,2402693
7290109062631,false,מגבת רחצה 130*70 פרמיום כותנה סרוקה,SK home fashion,,מגבת רחצה 130*70 פרמ,יחידה,0.00,יחידה,false,,39.90,0.0000,true,1,2402694
7290109062648,false,מגבת רחצה ענקית 140*90 פרמיום כותנה סרוקה,SK home fashion,,מגבת רחצה ענקית 140*,יחידה,0.00,יחידה,false,,49.90,0.0000,true,1,2402695
7290109062655,false,טורטייה בתוספת קמח כ,,,טורטייה בתוספת קמח כ,גרמים,360.00,100 גרם,false,,9.90,0.0275,true,1,2424204
7290109062662,false,"מנגל גדול מנירוסטה 30*77 ס""מ + רגליים",בסט BEST,,מנגל ענק מנירוסטה +ר,יח',1.00,יח',false,,119.00,119.0000,true,1,2415209
7290109134604,false,סוחט הדרים קטן אלומיניום צהוב,,,סוחט הדרים קטן אלומי,יחידה,0.00,יחידה,false,,19.90,0.0000,true,1,2315438
7290109134611,false,פלטת צלייה לחציל 30,,,פלטת צלייה לחציל 30,יחידה,0.00,יחידה,false,,44.90,0.0000,true,1,2315439
7290109134635,false,נפה נירוסטה ידנית 13,,,נפה נירוסטה ידנית 13,יחידה,0.00,יחידה,false,,19.90,0.0000,true,1,2296574
7290109134673,false,"קלף בצק נירוסטה 11.5*15 ס""מ Bake-it up סולתם",,,קלף בצק נירוסטה 15*1,יחידה,0.00,יחידה,false,,6.90,0.0000,true,1,2296575
7290109134901,false,פורס וכותש שום אלומי,,,פורס וכותש שום אלומי,יחידה,0.00,יחידה,false,,39.90,0.0000,true,1,2315445
7290109135229,false,מגרדת נירוסטה עם קופ,,,מגרדת נירוסטה עם קופ,יחידה,0.00,יחידה,false,,34.90,0.0000,true,1,2315448
7290109136653,false,"מסננת נירוסטה 7 ס""מ Bake-it up סולתם",,,"מסננת נירוסטה 7 ס""מ",יחידה,0.00,יחידה,false,,7.90,0.0000,true,1,2188414
7290109136660,false,"מסננת נירוסטה 10 ס""מ",,,"מסננת נירוסטה 10 ס""מ",יחידה,0.00,יחידה,false,,10.90,0.0000,true,1,2188415
7290109136684,false,"מסננת נירוסטה 18 ס""מ Bake-it up",,,"מסננת נירוסטה 18 ס""מ",יחידה,0.00,יחידה,false,,19.90,0.0000,true,1,2188417
7290109137018,false,"כף עץ במבוק קצה מחודד 30 ס""מ סולתם",,,כף עץ במבוק קצה מחוד,יחידה,0.00,יחידה,false,,9.90,0.0000,true,1,2315450
7290109137025,false,"תרווד מחורץ עץ במבוק קצה מחודד 30 ס""מ סולתם",,,תרווד מחורץ עץ במבמק,יחידה,0.00,יחידה,false,,9.90,0.0000,true,1,2315451
7290109137032,false,"תרווד עץ במבוק קצה מחודד 30 ס""מ סולתם",,,תרווד עץ במבוק קצה מ,יחידה,0.00,יחידה,false,,9.90,0.0000,true,1,2315452
7290109137995,false,"חולץ פקקי יין 18 ס""מ",,,"חולץ פקקי יין 18 ס""מ",יחידה,0.00,יחידה,false,,39.90,0.0000,true,1,2366843
7290109139579,false,מלקחיים לסלט נירוסטה,,,מלקחיים לסלט נירוסטה,יחידה,0.00,יחידה,false,,14.90,0.0000,true,1,2315463
7290109139593,false,"קערה נירוסטה 18 ס""מ",,,"קערה נירוסטה 18 ס""מ",יחידה,0.00,יחידה,false,,12.90,0.0000,true,1,2315464
7290109139661,false,"מסננת נירוסטה 26 ס""מ",,,"מסננת נירוסטה 26 ס""מ",יחידה,0.00,יחידה,false,,34.90,0.0000,true,1,2315469
7290109351025,false,מלך החומוס חומוסטחינה 40% טחינה גולמית,קבוצת אוסם סחר שותפות מוגבלת,,חומוסטחינה מלך החומו,גרמים,400.00,100 גרם,false,,11.90,0.0298,true,1,1400458
7290109351957,false,פריכיות פיטנס מיני גדולות שוקולד חלב 100ג',קבוצת אוסם סחר שותפות מוגבלת,,פירכיות גדולות שוקול,גרמים,100.00,100 גרם,false,,7.90,0.0790,true,1,1475137
7290109351971,false,פריכיות דגנים פיטנס מצופות שוקולד חלב,קבוצת אוסם סחר שותפות מוגבלת,,פירכיות פיטנס שוקולד,גרמים,84.00,100 גרם,false,,11.90,0.1417,true,1,1457740
7290109353494,false,פסטה פרפקטו פארפאלה 500ג' אסם,קבוצת אוסם סחר-שות.מוגבלת,,פסטה פרפקטו פאפאלה 5,גרמים,500.00,100 גרם,false,,6.90,0.0138,true,1,1466712
7290109354101,false,קרקר לחמית ללא גלוטן 200 גר אסם,קבוצת אוסם סחר שותפות מוגבלת,,לחמית ללא גלוטן,גרמים,200.00,100 גרם,false,,9.90,0.0495,true,1,1672358
7290109354996,false,פתי בר ללא גלוטן שוקו 200 גרם אסם,קבוצת אוסם סחר שותפות מוגבלת,,פתיבר שוקו ללא גלוטן,גרמים,200.00,100 גרם,false,,9.90,0.0495,true,1,1457743
7290109358284,false,"שניצל תירס עם חלבון 664 גר' ""טבעול""",קבוצת אוסם סחר שותפות מוגבלת,,שניצל תירס עם חלבון,גרמים,664.00,100 גרם,false,,29.90,0.0450,true,1,1689107
7290109358482,false,עוגיות קרמוגית במילוי קרם בטעם חלבה,קבוצת אוסם סחר שותפות מוגבלת,,עוגיות קרמוגית במילו,גרמים,200.00,100 גרם,false,,10.90,0.0545,true,1,2140146
7290109580043,false,"שניצל תירס קלאסי זוגלובק 1.75 ק""ג",נקניק זוגלובק נהריה,,"שניצל תירס 1.750 ק""ג",קילוגרמים,1.75,"ק""ג",false,,49.90,28.5143,true,1,2331917
7290109580050,false,נקניקיות צ'וריסוס וונדרס 0% בשר טבעוני ללא גלוטן,זוגלובק שיווק בעמ ו/או וונדרס,,נקניקיות 226 ג' Won,גרמים,226.00,100 גרם,false,,34.90,0.1544,true,1,2351300
7290109580067,false,וונדרס טחון מן הצומח 340 גר`,זוגלובק שיווק בעמ ו/או וונדרס,,טחון 340 ג' Wonders,גרמים,340.00,100 גרם,false,,34.90,0.1026,true,1,2351301
7290109580098,false,קבנוס בטעם סרירצ'ה זוגלובק 135 גרם,נקניק זוגלובק נהריה,,קבנוס בטעם סרירצ'ה 1,גרמים,135.00,100 גרם,false,,9.90,0.0733,true,1,2389420
7290109580104,false,רוסטביף פרימיום זוגלובק 150 גרם,נקניק זוגלובק נהריה,,רוסטביף זוגלובק פרימ,גרמים,150.00,100 גרם,false,,19.90,0.1327,true,1,2339167
7290109580111,false,צלעות אסאדו מעושנות פרימיום זוגלובק 120 גרם,נקניק זוגלובק נהריה,,צלעות אסאדו מעושנות,גרמים,120.00,100 גרם,false,,19.90,0.1658,true,1,2385947
7290109580135,false,קורנדביף פרימיום 180 גרם זוגלובק,נקניק זוגלובק נהריה,,קורנדביף זוגלובק פרי,גרמים,180.00,100 גרם,false,,19.90,0.1106,true,1,2339169
7290109580159,false,פסטרמה בנוסח טוסקנה פרימיום זוגלובק 180 גרם,נקניק זוגלובק נהריה,,פסטרמה בנוסח טוסקנה,גרמים,180.00,100 גרם,false,,19.90,0.1106,true,1,2339170
7290109580166,false,סרוולד קלאסי פרימיום זוגלובק 150 גרם,נקניק זוגלובק נהריה,,סרוולד קלאסי זוגלובק,גרמים,150.00,100 גרם,false,,19.90,0.1327,true,1,2339171
7290109580234,false,"נקניקיות מרגז חריפות וונדרס 0% בשר, טבעוני",זוגלובק שיווק בעמ ו/או וונדרס,,נקניקיות מרגז 226ג',גרמים,226.00,100 גרם,false,,34.90,0.1544,true,1,2382431
7290109580241,false,נאגטס מן הצומח זוגלובק 500 גרם,נקניק זוגלובק נהריה,,נאגטס מן הצומח 500 ג,גרמים,500.00,100 גרם,false,,24.90,0.0498,true,1,2402801
7290109580319,false,"בורגר וונדרס 0% בשר , טבעוני",זוגלובק שיווק בעמ ו/או וונדרס,,בורגר 280ג' WONDERS,גרמים,280.00,100 גרם,false,,34.90,0.1246,true,1,2382432
7290109580432,false,פסטרמה חזה הודו מעושן דק דק זוגלובק 120 גרם,נקניק זוגלובק נהריה,,פסטרמה הודו 120 גרם,גרמים,120.00,100 גרם,false,,11.90,0.0992,true,1,2404220
7290109640198,false,מגורדת לפיצה ולאפיה 20% שומן 200 גרם - משומשו,קפוא זן תעשיות מזון בעמ,,גבינה מגורדת לפיצה ו,גרמים,200.00,100 גרם,false,,19.90,0.0995,true,1,1965912
7290109640396,false,ממרח שום שמיר על בסיס קוקוס 9% שומן 200 גרם - משומשו,קפוא זן תעשיות מזון בעמ,,ממרח שום שמיר 9% שומ,גרמים,200.00,100 גרם,false,,14.90,0.0745,true,1,2133572
7290109640648,false,ממרח בטעם חמאה 150 גרם - משומשו,קפוא זן תעשיות מזון בעמ,,ממרח בטעם חמאה,גרמים,150.00,100 גרם,false,,9.90,0.0660,true,1,2357387
7290109640761,false,מאפה פילאס במילוי פטה טבעונית 600 גרם - משומשו,סנו מפעלי ברונוס.,,מאפה טבעוני משומשו,גרמים,600.00,100 גרם,false,,22.90,0.0382,true,1,2357716
7290109640785,false,מאפה פילאס טבעוני במילוי בסגנון פיצה,סנו מפעלי ברונוס.,,מאפה טבעוני משומשו,גרמים,600.00,100 גרם,false,,22.90,0.0382,true,1,2357718
7290109727967,false,סט חורף באטמן,,,סט חורף באטמן,יחידה,0.00,יחידה,false,,14.90,0.0000,true,1,2378225
7290109920146,false,"דורגול מסיר אבנית מקומקומים 750 מ""ל",יעקב יעקבי ובניו בע`מ,,דורגול מסיר אבנית מק,מיליליטרים,750.00,"100 מ""ל",false,,18.90,0.0252,true,1,2387089
7290109920153,false,"מלבין לכביסה לבנה לובן צח, 790 גרם יעקבי","יעקב יעקבי ובניו בע""מ",,מלבין כביסה לבנה,גרמים,790.00,100 גרם,false,,29.90,0.0378,true,1,1882076
7290109920313,false,"אסטוניש מרסס לניקוי חלונות 750 מ""ל","יעקב יעקבי ובניו בע""מ",,אסטוניש מרסס מבריק ש,מיליליטרים,750.00,"100 מ""ל",false,,11.90,0.0159,true,1,1870979
7290109920597,false,"אסטוניש - מרסס לניקוי המקלחון 750 מ""ל",יעקב יעקבי ובניו בע`מ,,אסטוניש מרסס למקלחון,מיליליטרים,750.00,"100 מ""ל",false,,11.90,0.0159,true,1,1870982
7290109920627,false,"אסטוניש קרם ואקונומיקה לניקוי אמבטיות 500 מ""ל",יעקב יעקבי ובניו בע`מ,,אסטוניש קרם אמבט אקו,יחידה,0.00,יחידה,false,,11.90,0.0000,true,1,1870984
7290109920665,false,אסטוניש מרסס מסיר אוכל שרוף במטבח יעקובי,יעקב יעקבי ובניו בע`מ,,אסטוניש מרסס מסיר או,מיליליטרים,750.00,"100 מ""ל",false,,11.90,0.0159,true,1,1870986
7290109920825,false,צמד-דורגול אספרסו + דורגול מקציף חלב מתנה,"יעקב יעקבי ובניו בע""מ",,דורגול לניקוי מכונת,מיליליטרים,500.00,"100 מ""ל",false,,28.90,0.0578,true,1,2120824
7290109920832,false,"נ.ניקוי דורגול לניקוי מקציף חלב 500 מ""ל",יעקב יעקבי ובניו בעמ,,דורגול לניקוי מקציף,מיליליטרים,500.00,"100 מ""ל",false,,29.90,0.0598,true,1,2119170
7290109920849,false,"אסטוניש - מרסס לניקוי כללי בניחוח תפוז 750 מ""ל",יעקב יעקבי ובניו בע`מ,,אסטוניש מרסס תפוז לנ,מיליליטרים,750.00,"100 מ""ל",false,,11.90,0.0159,true,1,1870987
7290109920863,false,גל כביסה הפי מיוחד לכביסת בגדי ספורט,יעקובי הפי,,ג'ל כביסה,ליטרים,1.00,ליטר,false,,14.90,14.9000,true,1,1965870
7290109920870,false,גל כביסה הפי מיוחד לכביסה שחורה וכהה,יעקובי הפי,,הפי לכביסה כהה,ליטרים,1.00,ליטר,false,,14.90,14.9000,true,1,1965875
7290109920887,false,גל כביסה הפי מיוחד לכביסה ביד צמר ומשי,יעקובי הפי,,הפי לכביסה ביד,ליטרים,1.00,ליטר,false,,14.90,14.9000,true,1,1965876
7290109920894,false,הפי GEL DE LINE לשטיפת רצפות 1ליטר,יעקובי הפי,,נוזל רצפות הפי,ליטרים,1.00,ליטר,false,,12.90,12.9000,true,1,1965865
7290109920917,false,"ג'ל לניקוי אסלה עם כלור הפי 750 מ""ל","יעקב יעקבי ובניו בע""מ",,ג'ל לניקוי האסלה,מיליליטרים,750.00,"100 מ""ל",false,,7.90,0.0105,true,1,2006517
7290109921303,false,טורבול SLIM סופג לחות 2 מגשיות יעקבי,יעקב יעקבי ובניו בעמ,,סופג לחות 2 מגשיות,יחידה,0.00,יחידה,false,,24.90,0.0000,true,1,2322756
7290109921334,false,אידאל קולור פרוטקט 15 דפי בד לכביסה.,"יעקב יעקבי ובניו בע""מ",,15 דפי כביסה,יח',15.00,יח',false,,12.90,0.8600,true,1,2155676
7290109921372,false,אסטוניש משחה לניקוי תנורים וגריל+ספוג 250 גר',"יעקב יעקבי ובניו בע""מ",,אסטוניש משחה לניקוי,גרמים,250.00,100 גרם,false,,14.90,0.0596,true,1,2322739
7290109921488,false,"דורגול לניקוי וחיטוי מכונת הכביסה יעקבי 500 מ""ל","יעקב יעקבי ובניו בע""מ",,דורגול למכונות הכביס,מיליליטרים,500.00,"100 מ""ל",false,,28.90,0.0578,true,1,2322740
7290109921754,false,חידוש פוליטורה עץ,,,חידוש פוליטורה עץ,מיליליטרים,100.00,"100 מ""ל",false,,14.90,0.1490,true,1,2350259
7290109921853,false,אסטוניש המשחה המקורית לניקוי עם עוצמה,"יעקב יעקבי ובניו בע""מ",,אסטוניש משחת פרימיום,גרמים,150.00,100 גרם,false,,17.90,0.1193,true,1,2328733
7290109921952,false,ג'ל כביסה סופרו אקטיב יעקובי ירוק 2.5 ליטר,יעקב יעקבי ובניו בעמ,,ג'ל כביסה מסיר כתמים,ליטרים,2.50,ליטר,false,,24.90,9.9600,true,1,2343670
7290109921969,false,ג'ל כביסה סופרו אקטיב יעקובי כחול 2.5 ליטר,"יעקב יעקבי ובניו בע""מ",,ג'ל הפי לכביסה,ליטרים,2.50,ליטר,false,,24.90,9.9600,true,1,2343671
7290109921976,false,ג'ל כביסה סופרו אקטיב יעקובי לבן 2.5 ליטר,יעקב יעקבי ובניו בעמ,,ג'ל כביסה לתינוקות,ליטרים,2.50,ליטר,false,,24.90,9.9600,true,1,2343672
7290109923024,false,"אסטוניש מרסס פרימיום ארומטיק למטבח 750 מ""ל","יעקב יעקבי ובניו בע""מ",,אסטוניש מרסס פרמיום,מיליליטרים,750.00,"100 מ""ל",false,,12.90,0.0172,true,1,2397177
7290109923031,false,"אסטוניש מרסס פרימיום ארומטיק למקלחון 750 מ""ל","יעקב יעקבי ובניו בע""מ",,אסטוניש מרסס פרמיום,מיליליטרים,750.00,"100 מ""ל",false,,12.90,0.0172,true,1,2397178
7290109923048,false,"אסטוניש מרסס פרימיום ארומטיק לכל הבית 750 מ""ל","יעקב יעקבי ובניו בע""מ",,אסטוניש מרסס פרמיום,מיליליטרים,750.00,"100 מ""ל",false,,12.90,0.0172,true,1,2397179
7290109923130,false,מדליק לפחמים קוביות הפי 24 יח',"יעקב יעקבי ובניו בע""מ",,מדליק פחמים הפי,יח',40.00,יח',false,,5.90,0.1475,true,1,2406662
7290109923147,false,אסטוניש מהדורה פרימיום פלא של אקונומיקה,יעקב יעקבי ובניו בע`מ,,אסטוניש מרסס פרמיום,מיליליטרים,750.00,"100 מ""ל",false,,14.90,0.0199,true,1,2413646
7290110000493,false,חמאת בוטנים טבעית קרנצ`י 350 גרם),"בטר אנד דיפרנט בע""מ",,חמאת בוטנים טבעית עם,גרמים,350.00,100 גרם,false,,12.90,0.0369,true,1,2231056
7290110058555,false,שוקולד,,,שוקולד,גרמים,42.00,100 גרם,false,,6.90,0.1643,true,1,1488197
7290110058821,false,מארז שלישיית ביצי שוקולד הלו קיטי,שמחה זה אנחנו,,מארז שלישיית ביצי שו,גרמים,60.00,100 גרם,false,,12.90,0.2150,true,1,1500618
7290110058838,false,שלישיית ביצי שוקולד-,,,מארז שלישיית ביצי שו,גרמים,60.00,100 גרם,false,,12.90,0.2150,true,1,1500619
7290110058869,false,מארז שלישיית ביצי שוקולד סמי הכבאי,שמחה זה אנחנו בע`מ,,מארז שלישיית ביצי שו,גרמים,60.00,100 גרם,false,,12.90,0.2150,true,1,1500621
7290110110277,false,"סומרסבי סיידר תפוחים אלכוהולי 4*300 מ""ל",החברה המרכזית להפצת משקאות בעמ,,רביעיית סומרסבי סייד,ליטרים,1.32,ליטר,false,,29.90,22.6515,true,1,1939690
7290110110369,false,"שישייה בירה קרלסברג LUMA בקבוק 330 מ""ל",החברה המרכזית להפצת משקאות בעמ,,שישיית בירה קרלסברג,ליטרים,1.98,ליטר,false,,37.90,19.1414,true,1,2311688
7290110110635,false,ספרייט 0.5 ליים חייב פקדון,החברה המרכזית להפצת משקאות בעמ,,"ספרייט 500 מ""ל",מיליליטרים,500.00,"100 מ""ל",false,,6.90,0.0138,true,1,1889085
7290110110659,false,"ספרייט לימון ליים פחית 330מ""ל",החברה המרכזית להפצת משקאות בעמ,,"ספרייט פחית 330 מ""ל",מיליליטרים,330.00,"100 מ""ל",false,,4.50,0.0136,true,1,1889086
7290110111809,false,"מארז פחיות פאנטה אורנג' שישייה 330 מ""ל",החברה המרכזית לייצור משק,,מארז שישיית פחיות פא,ליטרים,1.98,ליטר,false,,22.90,11.5657,true,1,2227638
7290110113261,false,נקטר חמוציות 19 קלוריות SPRAY OCEAN פריגת 1 ליטר,החברה המרכזית להפצת משקאות בעמ,,נקטר חמוציות 1 ליטר,ליטרים,1.00,ליטר,false,,11.90,11.9000,true,1,2379904
7290110113476,false,בירה קרלסברג ללא אלכוהול - שישייה,החברה המרכזית להפצת משקאות בעמ,,שישייה בירה קרלסברג,ליטרים,1.98,ליטר,false,,32.90,16.6162,true,1,2295507
7290110113605,false,בירה שקמה אי פי איי,מבשלות בירה בינלאומי,,בירה שקמה IPA בקבוק,מיליליטרים,330.00,"100 מ""ל",false,,10.90,0.0330,true,1,2413451
7290110113629,false,"בירה שקמה אייל ענברי בק 330 מ""ל",מבשלות בירה בינלאומי,,בירה שקמה אייל ענברי,מיליליטרים,330.00,"100 מ""ל",false,,10.90,0.0330,true,1,2413452
7290110114787,false,נביעות+ מים מינרליים בטעם תפוח 1.5 ליטר,החברה המרכזית להפצת משקאות בעמ,,נביעות בטעמים 1.5 לי,ליטרים,1.50,ליטר,false,,8.90,5.9333,true,1,2380903
7290110114794,false,נביעות+ מים מינרליים בטעם אפרסק 1.5 ליטר,החברה המרכזית להפצת משקאות בעמ,,נביעות בטעמים 1.5 לי,ליטרים,1.50,ליטר,false,,8.90,5.9333,true,1,2380904
7290110114800,false,נביעות+ מים מינרליים בטעם ענבים 1.5 ליטר,החברה המרכזית להפצת משקאות בעמ,,נביעות בטעמים 1.5 לי,ליטרים,1.50,ליטר,false,,8.90,5.9333,true,1,2380905
7290110114855,false,"נביעות מים מינרליים, שישיה 6 * 1.5 ליטר פקדון",החברה המרכזית להפצת משקאות בעמ,,נביעות שישייה מים 1.,ליטרים,9.00,ליטר,false,,11.90,1.3222,true,1,2381133
7290110114893,false,מיץ תפוזים מפוסטר סחוט 2 ליטר,החברה המרכזית טלהפצת משקאות בע,,מיץ תפוזים סחוט 2 לי,ליטרים,2.00,ליטר,false,,26.90,13.4500,true,1,2381144
7290110114961,false,משקה קל בטעם תפוזים פריגת (1.5 ליטר),החברה המרכזית להפצת משקאות בעמ,,פריגת תפוזים 1.5 ליט,ליטרים,1.50,ליטר,false,,8.90,5.9333,true,1,2381156
7290110114985,false,משקה קל בטעם אשכוליות פריגת (1.5 ליטר),החברה המרכזית להפצת משקאות בעמ,,פריגת אשכוליות 1.5 ל,ליטרים,1.50,ליטר,false,,8.90,5.9333,true,1,2381158
7290110114992,false,משקה קל בטעם אשכוליות לייט פריגת (1.5 לי,החברה המרכזית להפצת משקאות בעמ,,פריגת אשכוליות דיאט,ליטרים,1.50,ליטר,false,,8.90,5.9333,true,1,2381163
7290110115005,false,משקה קל בטעם ענבים פריגת (1.5 ליטר),החברה המרכזית להפצת משקאות בעמ,,פריגת ענבים 1.5 ליטר,ליטרים,1.50,ליטר,false,,8.90,5.9333,true,1,2381172
7290110115036,false,משקה קל בטעם מנגו פריגת (1.5 ליטר),החברה המרכזית להפצת משקאות בעמ,,פריגת מנגו 1.5 ליטר,ליטרים,1.50,ליטר,false,,8.90,5.9333,true,1,2381180
7290110115043,false,משקה קל בטעם לימונענע פריגת (1.5 ליטר),החברה המרכזית להפצת משקאות בעמ,,פריגת לימונענע 1.5 ל,ליטרים,1.50,ליטר,false,,8.90,5.9333,true,1,2381181
7290110115050,false,משקה קל בטעם תות בננה פריגת (1.5 ליטר),החברה המרכזית להפצת משקאות בעמ,,פריגת תות בננה 1.5 ל,ליטרים,1.50,ליטר,false,,8.90,5.9333,true,1,2381186
7290110115081,false,פריגת צלול ענבים 1.5 ליטר פיקדון,החברה המרכזית להפצת משקאות בעמ,,פריגת צלול ענבים 1.5,ליטרים,1.50,ליטר,false,,8.90,5.9333,true,1,2381224
7290110115104,false,פריגת צלול אפרסק 1.5 ליטר פיקדון,החברה המרכזית להפצת משקאות בעמ,,פריגת צלול אפרסק 1.5,ליטרים,1.50,ליטר,false,,8.90,5.9333,true,1,2381235
7290110115111,false,פריגת צלול אננס 1.5 ליטר פיקדון,החברה המרכזית להפצת משקאות בעמ,,פריגת צלול אננס 1.5,ליטרים,1.50,ליטר,false,,8.90,5.9333,true,1,2381236
7290110115128,false,פריגת צלול בטעם לימונענע 1.5 ליטר פיקדון,החברה המרכזית להפצת משקאות בעמ,,פריגת צלול לימונענע,ליטרים,1.50,ליטר,false,,8.90,5.9333,true,1,2381241
7290110115180,false,נביעות מים מינרלים שקט 1.5 ליטר פיקדון,החברה המרכזית להפצת משקאות בעמ,,מים נביעות 1.5 ליטר,ליטרים,1.50,ליטר,false,,3.80,2.5333,true,1,2383899
7290110115203,false,קוקה קולה 1.5 ליטר פיקדון,החברה המרכזית להפצת משקאות בעמ,,קוקה קולה 1.5 ליטר,ליטרים,1.50,ליטר,false,,8.60,5.7333,true,1,2381255
7290110115210,false,קוקה קולה דיאט 1.5 ליטר פיקדון,החברה המרכזית להפצת משקאות בעמ,,דיאט קוקה קולה 1.5 ל,ליטרים,1.50,ליטר,false,,8.60,5.7333,true,1,2381256
7290110115227,false,קוקה קולה Zero בקבוק 1.5 ליטר פיקדון,החברה המרכזית להפצת משקאות בעמ,,קולה זירו 1.5 ליטר,ליטרים,1.50,ליטר,false,,8.60,5.7333,true,1,2381257
7290110115234,false,קוקה קולה דיאט זירו 1.5 ליטר פיקדון,החברה המרכזית להפצת משקאות בעמ,,קולה זירו נטול 1.5לי,ליטרים,1.50,ליטר,false,,8.60,5.7333,true,1,2381264
7290110115241,false,קוקה קולה דיאט לימון 1.5 ליטר פיקדון,החברה המרכזית להפצת משקאות בעמ,,קולה זירו לימון 1.5ל,ליטרים,1.50,ליטר,false,,8.60,5.7333,true,1,2381265
7290110115265,false,ספרייט לימון ליים 1.5 ליטר-,החברה המרכזית להפצת משקאות בעמ,,ספרייט 1.5 ליטר,ליטרים,1.50,ליטר,false,,8.50,5.6667,true,1,2381267
7290110115272,false,ZERO ספרייט 1.5 ליטר פיקדון,החברה המרכזית להפצת משקאות בעמ,,ZERO ספרייט 1.5 ליטר,ליטרים,1.50,ליטר,false,,8.50,5.6667,true,1,2382703
7290110115289,false,ספרייט 19 קל' לימון-נענע 1.5 ליטר פיקדון,החברה המרכזית להפצת משקאות בעמ,,ספרייט 1.5 ליטר לימו,ליטרים,1.50,ליטר,false,,8.50,5.6667,true,1,2381298
7290110115296,false,גזוז בטעם תפוז פאנטה 1.5 ליטר פיקדון,החברה המרכזית להפצת משקאות בעמ,,פאנטה אורנג' 1.5 ליט,ליטרים,1.50,ליטר,false,,8.80,5.8667,true,1,2381305
7290110115302,false,משקה מוגז אורנג' זירו פאנטה 1.5 ליטר,החברה המרכזית להפצת משקאות בעמ,,פאנטה זירו אורנג' 1.,ליטרים,1.50,ליטר,false,,8.80,5.8667,true,1,2381306
7290110115319,false,פאנטה אקזוטי פירות טרופיים 1.5ל פיקדון,החברה המרכזית להפצת משקאות בעמ,,פאנטה אקזוטי 1.5 ליט,ליטרים,1.50,ליטר,false,,8.80,5.8667,true,1,2381312
7290110115333,false,גזוז בטעם תות פאנטה 1.5 ליטר פיקדון,החברה המרכזית להפצת משקאות בעמ,,פאנטה תות 1.5 ליטר,ליטרים,1.50,ליטר,false,,8.80,5.8667,true,1,2381314
7290110115340,false,פאנטה ענבים 1.5 ליטר פיקדון,החברה המרכזית להפצת משקאות בעמ,,פאנטה ענבים 1.5 ליטר,ליטרים,1.50,ליטר,false,,8.80,5.8667,true,1,2381315
7290110115357,false,קינלי סודה 1.5 ליטר פיקדון,החברה המרכזית להפצת משקאות בעמ,,סודה קינלי 1.5ליטר,ליטרים,1.50,ליטר,false,,3.80,2.5333,true,1,2381366
7290110115364,false,שישייה קוקה קולה 1.5 ליטר פיקדון,החברה המרכזית להפצת משקאות בעמ,,קוקה קולה שישייה 1.5,ליטרים,9.00,ליטר,false,,49.90,5.5444,true,1,2381268
7290110115371,false,דיאט קוקה קולה שישיות 1.5 ליטר פיקדון,החברה המרכזית להפצת משקאות בעמ,,קוקה קולה דיאט שישיי,ליטרים,9.00,ליטר,false,,46.50,5.1667,true,1,2381269
7290110115388,false,ספרייט לימון ליים 1.5 ליטר מארז שישייה,החברה המרכזית להפצת משקאות בעמ,,ספרייט שישייה 1.5 לי,ליטרים,9.00,ליטר,false,,49.90,5.5444,true,1,2381299
7290110115395,false,ספרייט זירו שישיות 1.5 ליטר פיקדון,החברה המרכזית להפצת משקאות בעמ,,שישיית ZERO ספרייט 1,ליטרים,9.00,ליטר,false,,46.50,5.1667,true,1,2381300
7290110115401,false,קינלי סודה שישייה 1.5 ליטר פיקדון,החברה המרכזית להפצת משקאות בעמ,,שישיית סודה קינלי 1.,ליטרים,9.00,ליטר,false,,14.90,1.6556,true,1,2381367
7290110115418,false,קוקה קולה זירו 1.5 ליטר מארז שישייה,החברה המרכזית להפצת משקאות בעמ,,ZERO קולה שישייה 1.5,ליטרים,9.00,ליטר,false,,46.50,5.1667,true,1,2381270
7290110115449,false,פיוז-טי תה מנגו אננס 1.5 ליטר פיקדון,החברה המרכזית להפצת משקאות בעמ,,FUZE-T מנגו אננס 1.5,ליטרים,1.50,ליטר,false,,8.90,5.9333,true,1,2381374
7290110115456,false,פיוז-טי תה אפרסק 1.5 ליטר 19 קל פיקדון,החברה המרכזית להפצת משקאות בעמ,,FUZE-T אפרסק 1.5 ליט,ליטרים,1.50,ליטר,false,,8.90,5.9333,true,1,2381375
7290110115463,false,פיוז-טי תה אפרסק 1.5 ליטר פיקדון,החברה המרכזית להפצת משקאות בעמ,,FUZE-T אפרסק 1.5 ליט,ליטרים,1.50,ליטר,false,,8.90,5.9333,true,1,2381380
7290110115494,false,תה קר בטעם ענבים פיוז טי 1.5 ליטר,החברה המרכזית להפצת משקאות בעמ,,FUZE-T ענבים 1.5 ליט,ליטרים,1.50,ליטר,false,,8.90,5.9333,true,1,2381383
7290110115531,false,משקה מוגז תפוח זירו פאנטה 1.5 ליטר,החברה המרכזית להפצת משקאות בעמ,,פאנטה זירו בטעם תפוח,ליטרים,1.50,ליטר,false,,8.80,5.8667,true,1,2381307
7290110115593,false,פריגת אשכוליות 40% פחות סוכר 1.5 ליטר פיקדון,החברה המרכזית להפצת משקאות בעמ,,פריגת אשכוליות 40% פ,ליטרים,1.50,ליטר,false,,8.90,5.9333,true,1,2381219
7290110115616,false,פיוז-טי תה גרין אננס זירו 1.5 ליטר פיקדו,החברה המרכזית להפצת משקאות בעמ,,FUZE-T זירו גרין אננ,ליטרים,1.50,ליטר,false,,8.90,5.9333,true,1,2385461
7290110115623,false,פיוז-טי תה אפרסק זירו 1.5 ליטר פיקדון,החברה המרכזית להפצת משקאות בעמ,,FUZE-T זירו אפרסק 1.,ליטרים,1.50,ליטר,false,,8.90,5.9333,true,1,2385462
7290110116064,false,פאנטה זירו בטעם פירות ירוק 1.5 ל פיקדון,החברה המרכזית להפצת משקאות בעמ,,פאנטה זירו פירות ירו,ליטרים,1.50,ליטר,false,,8.80,5.8667,true,1,2407644
7290110116125,false,"סירופ פריגת בטעם פטל 750 מ""ל פיקדון",החברה המרכזית להפצת משקאות בעמ,,"סירופ פטל 750 מ""ל",מיליליטרים,750.00,"100 מ""ל",false,,24.90,0.0332,true,1,2426214
7290110116132,false,"סירופ פריגת בטעם לימון 750 מ""ל פיקדון",החברה המרכזית להפצת משקאות בעמ,,"סירופ לימון 750 מ""ל",מיליליטרים,750.00,"100 מ""ל",false,,24.90,0.0332,true,1,2426215
7290110116149,false,"סירופ פריגת בטעם ענבים 750 מ""ל פיקדון",החברה המרכזית להפצת משקאות בעמ,,"סירופ ענבים 750 מ""ל",מיליליטרים,750.00,"100 מ""ל",false,,24.90,0.0332,true,1,2426216
7290110116200,false,מים 0 קלוריות בטעם לימון-ליים 0.5 ל נביעות,החברה המרכזית להפצת משקאות בעמ,,בקבוק נביעות+ לימון,מיליליטרים,500.00,"100 מ""ל",false,,6.50,0.0130,true,1,2422428
7290110116217,false,נביעות+ סדרת 0 קלוריות אשכוליות 1.5 ליטר,החברה המרכזית להפצת משקאות בעמ,,נביעות + אשכוליות 1.,ליטרים,1.50,ליטר,false,,9.90,6.6000,true,1,2422429
7290110116224,false,נביעות 0 קלוריות בטעם אשכולית 0.5 ליטר,החברה המרכזית להפצת משקאות בעמ,,בקבוק נביעות+ אשכולי,מיליליטרים,500.00,"100 מ""ל",false,,6.50,0.0130,true,1,2422430
7290110116316,false,קוקה קולה 1.5 ליטר מארז שישייה חג שמח,החברה המרכזית להפצת משקאות בעמ,,קוקה קולה שישייה 1.5,ליטרים,9.00,ליטר,false,,49.90,5.5444,true,1,2400685
7290110116323,false,קוקה קולה זירו 1.5 ליטר מארז שישייה חג ש,החברה המרכזית להפצת משקאות בעמ,,ZERO קולה שישייה 1.5,ליטרים,9.00,ליטר,false,,46.50,5.1667,true,1,2400686
7290110116392,false,"סירופ פריגת בטעם תפוזים 750 מ""ל פיקדון",החברה המרכזית להפצת משקאות בעמ,,"סירופ תפוזים 750 מ""ל",מיליליטרים,750.00,"100 מ""ל",false,,24.90,0.0332,true,1,2426217
7290110116514,false,פריגת סחוט מיקס תות בננה 400מל,*החברה המרכזית להפצת משקאותבעמ,,פריגת מיקס תות,מיליליטרים,400.00,"100 מ""ל",false,,9.90,0.0248,true,1,2429426
7290110116521,false,"פריגת סחוט מיקס אפרסק משמש 400 מ""ל",*החברה המרכזית להפצת משקאותבעמ,,פריגת מיקס,ליטרים,400.00,100 ליטר,false,,9.90,0.0248,true,1,2429427
7290110116552,false,ספרייט לימון היט 1.5 ליטר LIME פיקדון,החברה המרכזית להפצת משקאות בעמ,,ספרייט 1.5 ליטר LEMO,ליטרים,1.50,ליטר,false,,8.50,5.6667,true,1,2426246
7290110116569,false,ספרייט זירו 1.5 ליטר LEMON HIT פיקדון,החברה המרכזית להפצת משקאות בעמ,,ספרייט זירו 1.5 ליטר,ליטרים,1.50,ליטר,false,,8.50,5.6667,true,1,2425891
7290110116637,false,בירה שקמה חיטה מעוננת Bitter Wheat,שקמה,,בירה שקמה בירת חיטה,מיליליטרים,330.00,"100 מ""ל",false,,10.90,0.0330,true,1,2427621
7290110320591,false,גבינה בולגרית במרקם מעודן 16% פיראוס,"תנובה בע""מ ***",,בולגרית 16% פיראוס ב,גרמים,250.00,100 גרם,false,,21.90,0.0876,true,1,1570329
7290110320683,false,שמיניית משקה יוגורט 1.5% טעם תות יופלה 107 גרם,מיוצר עי קונדיטוריית,,מארז 8 יופלה 360 טעם,גרמים,856.00,100 גרם,false,,16.40,0.0192,true,1,1784338
7290110320850,false,פתיתים גבינה חצי קשה מגורדת 28% שומן,תנובה מרכז שיתופי לש,,פתיתי עמק למאפים 200,גרמים,200.00,100 גרם,false,,14.90,0.0745,true,1,1802063
7290110320867,false,פתיתים גבינה חצי קשה מגורדת 28% שומן,תנובה מרכז שיתופי לש,,פתיתי עמק למאפים 28%,גרמים,500.00,100 גרם,false,,32.90,0.0658,true,1,1784340
7290110320935,false,פרוסות מוצרלה 150 גר`קולקשיין תנובה,תנובה מרכז שיתופי לש,,פרוסות מוצרלה 150 גר,גרמים,150.00,100 גרם,false,,15.90,0.1060,true,1,1784347
7290110321031,false,מעדן חלב GO יוגורט מועשר בחלבון טבעי 200 ג' יופלה,"תנובה, מחלבת אלון תב",,יוגורט יופלה GO,גרמים,200.00,100 גרם,false,,4.90,0.0245,true,1,1784341
7290110321277,false,קוטג' בקטנה 5% תנובה 100 גרם מהדרין,פארייפאבה אגרואינדוס,,קוטג' 5% בקטנה 100 ג,גרמים,100.00,100 גרם,false,,2.90,0.0290,true,1,1821023
7290110321284,false,קוטג' בקטנה 9% תנובה 100 גרם מהדרין,פארייפאבה אגרואינדוס,,קוטג' 9% בקטנה מהדרי,גרמים,100.00,100 גרם,false,,2.90,0.0290,true,1,1821024
7290110321680,false,יוגורט GO בטעם תות 20 גרם חלבון בגביע,מיוצר עי קונדיטוריית,,יוגורט יופלה GO תות,גרמים,200.00,100 גרם,false,,5.40,0.0270,true,1,1885808
7290110321697,false,יוגורט GO בטעם אפרסק 20 גרם חלבון בגביע,מיוצר עי קונדיטוריית,,יוגורט יופלה GO אפרס,גרמים,200.00,100 גרם,false,,5.40,0.0270,true,1,1885809
7290110321703,false,יוגורט עם פירות יער בתוספת חלבוני חלב 2% שומן,מיוצר עי קונדיטוריית,,יוגורט יופלה GO פירו,גרמים,200.00,100 גרם,false,,5.40,0.0270,true,1,1946997
7290110322014,false,טופו בטעם טבעי תנובה ALTERNATIVE,שוורצקוף& הנקל דיסלד,,טופו טבעי 300 גרם תנ,גרמים,300.00,100 גרם,false,,12.90,0.0430,true,1,1946998
7290110322038,false,טופו בטעם פיקנטי 300 גר`תנובה,"תנובה בע""מ ***",,טופו פיקנטי 300 גרם,גרמים,300.00,100 גרם,false,,12.90,0.0430,true,1,1947001
7290110322946,false,יופלה טיוב יוגורט במרקם חלק בטעם תות בננה כשרות רבנות 348 ג',תנובה - חלב,,מארז 6 יופלה טיוב תו,גרמים,348.00,100 גרם,false,,11.90,0.0342,true,1,2056938
7290110323073,false,"משקה יוגורט יופלה גו תות פטל 250 מ""ל - רבנות",מיוצר עי קונדיטוריית,,משקה יוגורט מועשר בח,מיליליטרים,236.00,"100 מ""ל",false,,5.90,0.0250,true,1,2029676
7290110323301,false,טל העמק בסגנון אמנטל 32% שומן 200 גרם,"תנובה בע""מ ***",,גבינת טל העמק 32% שו,גרמים,200.00,100 גרם,false,,17.90,0.0895,true,1,2151647
7290110323585,false,יופלה יוגורט עם דובדבן מופחת קלוריות 200 ג' GO,"תנובה בע""מ ***",,יוגורט יופלה GO דובד,גרמים,200.00,100 גרם,false,,5.40,0.0270,true,1,2106101
7290110323592,false,יופלה יוגורט עם אפרסק מופחת קלוריות 200 ג' GO,תנובה בעמ ***,,יוגורט יופלה GO אפרס,גרמים,200.00,100 גרם,false,,5.40,0.0270,true,1,2106102
7290110323714,false,משקה קוקוס שקדים תנובה E אלטרנטיב,מיוצר עי קונדיטוריית,,משקה קוקוס שקדים 1 ל,ליטרים,1.00,ליטר,false,,11.90,11.9000,true,1,2151648
7290110324070,false,גבינת חלומי מחלב בקר (30% 200 גר`)פירא,"תנובה בע""\מ",,גבינת חלומי מחלב בקר,גרמים,200.00,100 גרם,false,,16.90,0.0845,true,1,2162057
7290110324353,false,יוגורט GO לייט בטעם אננס 20 גרם חלבון בגביע,מיוצר עי קונדיטוריית,,יוגורט יופלה GO לייט,גרמים,200.00,100 גרם,false,,5.40,0.0270,true,1,2253032
7290110324711,false,ממרח סויה 9% שומן בטעם טבעי תנובה 250 גרם,מיוצר עי קונדיטוריית,,ממרח סויה בסגנון גבי,גרמים,250.00,100 גרם,false,,8.00,0.0320,true,1,2264726
7290110324728,false,ממרח סויה 9% שומן עם שום שמיר תנובה 250 גרם,מיוצר עי קונדיטוריית,,ממרח סויה בסגנון גבי,גרמים,250.00,100 גרם,false,,8.00,0.0320,true,1,2264727
7290110324841,false,מעדן שקדים עם שוקולד מריר תנובה 125 גרם,מיוצר עי קונדיטוריית,,מעדן שקדים עם שוקולד,גרמים,125.00,100 גרם,false,,3.90,0.0312,true,1,2283080
7290110324872,false,גבינה צהובה גלבוע (5% 200 גר`)תנובה,גלבוע - תנובה,,גבינה גלבוע פרוס 200,גרמים,200.00,100 גרם,false,,17.90,0.0895,true,1,2285121
7290110324926,false,משקה סויה ללא תוספת סוכר E אלטרנטיב,תנובה מרכז שיתופי לש,,משקה סויה ללא תוספת,ליטרים,1.00,ליטר,false,,10.90,10.9000,true,1,2279885
7290110325114,false,"משקה יוגורט יופלה גו לייט תות בננה 250 מ""ל - רבנות",מיוצר עי קונדיטוריית,,משקה יוגורט גו לייט,מיליליטרים,250.00,"100 מ""ל",false,,5.90,0.0236,true,1,2273659
7290110325121,false,"משקה יוגורט יופלה גו לייט מנגו אננס 250 מ""ל",תנובה בעמ ***,,משקה יוגורט גו לייט,מיליליטרים,250.00,"100 מ""ל",false,,5.90,0.0236,true,1,2273660
7290110325169,false,פרוסות גאודה 170 גר`קולקשיין תנובה,תנובה בעמ ***,,גבינת גאודה פרוסות 1,גרמים,170.00,100 גרם,false,,19.90,0.1171,true,1,2300128
7290110325305,false,יופלה GO סויה 20 גרם חלבון במתיקות מעודנת תנובה 200 גרם,מיוצר עי קונדיטוריית,,מעדן סויה גו 20 גרם,גרמים,200.00,100 גרם,false,,5.90,0.0295,true,1,2283089
7290110325312,false,יופלה GO סויה 20 גרם חלבון בטעם תות תנובה 200 גרם,תנובה בעמ ***,,מעדן סויה גו 20 גרם,גרמים,200.00,100 גרם,false,,5.90,0.0295,true,1,2283090
7290110325510,false,יופלה טיוב יוגורט במרקם חלק בטעם וניל-יוניקור,"תנובה בע""מ ***",,מארז 6 יופלה טיוב ונ,גרמים,348.00,100 גרם,false,,11.90,0.0342,true,1,2285690
7290110325619,false,משקה שיבולת שועל תנובה E אלטרנטיב,מיוצר עי קונדיטוריית,,משקה שיבולת שועל 1 ל,ליטרים,1.00,ליטר,false,,11.90,11.9000,true,1,2288489
7290110325701,false,פיראוס צזיקי יווני 9% שומן בשיטת יצור מסורתית על בסיס יוגורט,גוד פוד פרודקטס S.p,,צזיקי יווני פיראוס 9,גרמים,250.00,100 גרם,false,,10.90,0.0436,true,1,2296428
7290110325879,false,פתיתי גאודה תנובה 200 גרם,תנובה- השף הלבן,,פתיתי גאודה 200 גרם,גרמים,200.00,100 גרם,false,,15.90,0.0795,true,1,2300129
7290110325893,false,משקה חלב GO מועשר בחלבון בטעם אייס קפה,מיוצר עי קונדיטוריית,,משקה תנובה GO אייס ק,מיליליטרים,340.00,"100 מ""ל",false,,7.90,0.0232,true,1,2288494
7290110326210,false,יופלה און טופ פצפוצים תנובה 157 גרם,מיוצר עי קונדיטוריית,,יופלה און טופ פצפוצי,גרמים,157.00,100 גרם,false,,5.20,0.0331,true,1,2300130
7290110326227,false,יופלה און טופ קורנפלקס תנובה 157 גרם,מיוצר עי קונדיטוריית,,יופלה און טופ קורנפל,גרמים,157.00,100 גרם,false,,5.20,0.0331,true,1,2300131
7290110326234,false,יופלה און טופ כוכבים תנובה 157 גרם,מיוצר עי קונדיטוריית,,יופלה און טופ כוכבים,גרמים,157.00,100 גרם,false,,5.20,0.0331,true,1,2300132
7290110326333,false,פרוסות גבינה סקנדינבית 170 גר`קולקשיין,"תנובה בע""מ ***",,פרוסות גבינה סקנדינב,גרמים,200.00,100 גרם,false,,13.90,0.0695,true,1,2321493
7290110326906,false,חלב נטול לקטוז 3% שומן( 1 ליטר)תנובה,מיוצר עי קונדיטוריית,,חלב נטול לקטוז 3% שו,ליטרים,1.00,ליטר,false,,7.50,7.5000,true,1,2321494
7290110326999,false,"משקאות חלב+שוקולד קלאסי 340 מ""ל YOLO בקבוק.",תנובה - חלב,,משקה חלב עם שוקולד ק,מיליליטרים,340.00,"100 מ""ל",false,,6.90,0.0203,true,1,2309808
7290110327514,false,alternative משקה שיבולת שועל בטעם אגוזי לוז תנובה 1 ליטר,תנובה מרכז שיתופי לש,,משקה שיבולת שועל 1 ל,ליטרים,1.00,ליטר,false,,11.90,11.9000,true,1,2379928
7290110327798,false,חטיף חלבון GO - שוקולד 60 ג' חלב נוכרי - רבנות,"בלמונט קונפקציות בע""\מ.",,חטיף חלבון GO בטעם ש,גרמים,20.00,100 גרם,false,,11.90,0.5950,true,1,2358013
7290110327804,false,חטיף חלבון GO - עוגיות 60 ג' חלב נוכרי - רבנות,"בלמונט קונפקציות בע""\מ.",,חטיף חלבון GO בטעם ב,גרמים,20.00,100 גרם,false,,11.90,0.5950,true,1,2358014
7290110327811,false,חטיף חלבון GO בטעם בצק קוקוס 20 גר`חלבו,"בלמונט קונפקציות בע""\מ.",,חטיף חלבון GO בטעם ק,גרמים,20.00,100 גרם,false,,11.90,0.5950,true,1,2358015
7290110327828,false,חטיף חלבון GO - חמאת בוטנים 60 ג' חלב נוכרי - רבנות,"בלמונט קונפקציות בע""\מ.",,חטיף חלבון GO בטעם ח,גרמים,20.00,100 גרם,false,,11.90,0.5950,true,1,2358016
7290110328474,false,פלח פרמג`יאנו רג`יאנו 150 גר`קולקשיין ת,מנדלז סי.אר. פרודקשן,,גבינת פרמג'יאנו רג'י,גרמים,150.00,100 גרם,false,,27.90,0.1860,true,1,2350556
7290110328481,false,פתיתי פרמג'יאנו רג'יאנו מחלב בקר 30%,ברטינלי גיאני א.,,פתיתי פרמג'יאנו רג'י,גרמים,100.00,100 גרם,false,,14.90,0.1490,true,1,2350561
7290110328504,false,טריו - מיקס גבינות מוצרלה סקנדינבית וגאודה 300 גרם,מיוצר עי קונדיטוריית,,טריו-מיקס מוצרלה סקנ,גרמים,300.00,100 גרם,false,,24.90,0.0830,true,1,2350526
7290110328610,false,משקה אורז ושקדים בריסטה אלטרנטיב 1 ליטר,תנובה Alternative,,משקה אורז ושקדים ברי,ליטרים,1.00,ליטר,false,,11.90,11.9000,true,1,2408235
7290110328627,false,יוגורט יופלה GO במרקם סמיך בטעם בננה קרמל 0%,מיוצר עי קונדיטוריית,,יוגורט יופלה GO בננה,גרמים,200.00,100 גרם,false,,5.40,0.0270,true,1,2358641
7290110328764,false,יוגורט יופלה GO במרקם סמיך עם תות 0%,מיוצר עי קונדיטוריית,,יוגורט יופלה GO תות,גרמים,200.00,100 גרם,false,,5.40,0.0270,true,1,2358642
7290110328771,false,יוגורט יופלה GO במרקם סמיך עם פירות יער 0%,מיוצר עי קונדיטוריית,,יוגורט יופלה GO פירו,גרמים,200.00,100 גרם,false,,5.40,0.0270,true,1,2358643
7290110328788,false,יוגורט יופלה GO במרקם סמיך בטעם אפרסק 0%,תנובה מרכז שיתופי לש,,יוגורט יופלה GO אפרס,גרמים,200.00,100 גרם,false,,5.40,0.0270,true,1,2358644
7290110328955,false,קוביות גבינת עזים בשמן מתובל פיראוס 350 גרם,דודוני תעשיית החלב החקלא,,קוביות גבינת עזים בש,גרמים,350.00,100 גרם,false,,24.90,0.0711,true,1,2403793
7290110329136,false,מעדן חלב מעושר בחלבון בטעם שוקולד 120 ג' GO,תנובה מרכז שיתופי לש,,מעדן חלב גו בטעם שוק,גרמים,120.00,100 גרם,false,,4.90,0.0408,true,1,2381517
7290110329143,false,מעדן חלב מעושר בחלבון בטעם וניל גביע 120 ג' GO,תנובה מרכז שיתופי לש,,מעדן חלב גו בטעם וני,גרמים,120.00,100 גרם,false,,4.90,0.0408,true,1,2381518
7290110329686,false,משקה GO חלב בטעם עוגיות 27 גר`חלבון,מיוצר עי קונדיטוריית,,משקה תנובה GO בטעם ע,מיליליטרים,340.00,"100 מ""ל",false,,7.90,0.0232,true,1,2379923
7290110329716,false,משקה חלב קר בטעם קפוצ'ינו 230 גרם תנובה,תנובה מרכז שיתופי לש,,משקה קפה קר בטעם קפו,גרמים,230.00,100 גרם,false,,6.90,0.0300,true,1,2405120
7290110329723,false,משקה חלב קר בטעם לאטה 230 גרם תנובה,תנובה מרכז שיתופי לש,,משקה קפה קר בטעם לאט,גרמים,230.00,100 גרם,false,,6.90,0.0300,true,1,2405125
7290110329730,false,"משקה חלב עם שוקולד וקפה בסגנון לאטה 2.7%  230 מ""ל תנובה",תנובה מרכז שיתופי לש,,משקה חלב עם שוקולד ו,גרמים,230.00,100 גרם,false,,6.90,0.0300,true,1,2405136
7290110329792,false,יוגורט סויה BIO Alternative אפרסק 150 ג' תנובה,מיוצר עי קונדיטוריית,,מעדן סויה ביו אפרסק,גרמים,150.00,100 גרם,false,,4.50,0.0300,true,1,2386921
7290110329808,false,יוגורט סויה BIO Alternative תות 150 ג' תנובה,מיוצר עי קונדיטוריית,,מעדן סויה ביו תות אל,גרמים,150.00,100 גרם,false,,4.50,0.0300,true,1,2386922
7290110329822,false,יוגורט סויה BIO Alternative פירות יער 150 ג' תנובה,מיוצר עי קונדיטוריית,,מעדן סויה ביו בטעם פ,גרמים,150.00,100 גרם,false,,4.50,0.0300,true,1,2386924
7290110329846,false,יוגורט סויה BIO Alternative בטעם טבעי 150 ג' תנובה,מיוצר עי קונדיטוריית,,מעדן סויה ביו טבעי א,גרמים,150.00,100 גרם,false,,4.50,0.0300,true,1,2386925
7290110461317,false,שישיית כלי ששת מבמבו,,,שישיית כלי ששת מבמבו,יחידה,0.00,יחידה,false,,19.90,0.0000,true,1,2334396
7290110463441,false,פרקולטור פרנץ' פרס 3,,,פרקולטור פרנץ' פרס 3,יחידה,0.00,יחידה,false,,49.90,0.0000,true,1,2345947
7290110463458,false,"פרנץ' פרס 600 מ""ל",,,"פרנץ' פרס 600 מ""ל",יחידה,0.00,יחידה,false,,59.90,0.0000,true,1,2345948
7290110463786,false,קופסאת איחסון מלבנית 1.8 ליטר TWIST IT מבית FOOD APPEAL,,,קופסאת איחסון מלבנית,יחידה,0.00,יחידה,false,,29.90,0.0000,true,1,2334693
7290110464554,false,פינג'אן אינדוקציה 0.5 ליטר COFFEE COLLECTION,,,פינג'אן אינדוקציה 0.,יחידה,0.00,יחידה,false,,49.90,0.0000,true,1,2345950
7290110465797,false,קולפן פוד אפיל סיגנט,,,קולפן SIGNATURE,יחידה,0.00,יחידה,false,,14.90,0.0000,true,1,2349572
7290110466022,false,כפית דבש מעץ BOTANIC,,,כפית דבש מעץ BOTANIC,יחידה,0.00,יחידה,false,,9.90,0.0000,true,1,2422737
7290110466466,false,מעמד 40 קפסולות נספר,,,מעמד 40 קפסולות נספר,יחידה,0.00,יחידה,false,,59.90,0.0000,true,1,2349606
7290110467265,false,קופסת איחסון מרובעת,,,קופסת איחסון מרובעת,יחידה,0.00,יחידה,false,,34.90,0.0000,true,1,2334696
7290110467296,false,קופסת איחסון עגולה 1,,,קופסת איחסון עגולה 1,יחידה,0.00,יחידה,false,,26.90,0.0000,true,1,2334699
7290110467692,false,מחבת 26סמ פוד אפל בל,,,"מחבת 26 ס""מ BLACKBER",יחידה,0.00,יחידה,false,,129.90,0.0000,true,1,2355842
7290110470418,false,"רשת צלייה 20*32 ס""מ",,,"רשת צלייה 20*32 ס""מ",יחידה,0.00,יחידה,false,,29.90,0.0000,true,1,2349576
7290110550202,false,מטבעות שוקולד חלב לאפיה 400 גרם עלית,שטראוס גרופ בע`מ,,מטבעות שוקולד חלב לא,גרמים,400.00,100 גרם,false,,29.90,0.0747,true,1,2403144
7290110550219,false,מטבעות שוקולד לבן לאפיה 400 גרם עלית,שטראוס גרופ בע`מ,,מטבעות שוקולד לבן לא,גרמים,400.00,100 גרם,false,,29.90,0.0747,true,1,2403145
7290110550226,false,מטבעות שוקולד מריר לאפיה 400 גרם עלית,שטראוס גרופ בע`מ,,מטבעות שוקולד מריר ל,גרמים,400.00,100 גרם,false,,29.90,0.0747,true,1,2403146
7290110550370,false,פריכיות משולשות קינואה ופלפל שחור 65 גרם,שטראוס גרופ בע`מ,,פירכיות משולשות קינו,גרמים,65.00,100 גרם,false,,9.90,0.1523,true,1,2416560
7290110552121,false,יוגורט 5% בתוספת סידן וויטמין D היוגורט הראשון שלי,שטראוס גרופ בעמ/מצונן,,יוגורט 5%+ויטמין D,גרמים,100.00,100 גרם,false,,2.20,0.0220,true,1,2402666
7290110552220,false,יוגורט PRO בטעם תות 0% סוכר לבן 20 גרם חלבון בגביע,שטראוס גרופ בעמ/מצונן,,דנונה פרו 20 גר ללא,גרמים,200.00,100 גרם,false,,5.90,0.0295,true,1,2385339
7290110552237,false,יוגורט פרו בטעם אפרסק מנגו ללא סוכר 200 ג' דנונה,שטראוס גרופ בעמ/מצונן,,דנונה פרו 20 גר ללא,גרמים,200.00,100 גרם,false,,5.90,0.0295,true,1,2385332
7290110552817,false,צנצנת מסטיק - גלידה לימון 58 גרם וועסטהיים,שטראוס גרופ בע`מ,,קופסא מסטיק קוביות ב,גרמים,58.00,100 גרם,false,,8.90,0.1534,true,1,2409631
7290110553029,false,"אנרג'י קריספס-פריכיות חומוס, עדשים ואפונה עם קייל וסלק","פרח תעשיו מזון בע""מ",,פריכיות חלבון קייל ח,גרמים,60.00,100 גרם,false,,9.90,0.1650,true,1,2390004
7290110553036,false,קריספס-פריכיות עם אפונה ובטטה סגולה בטעם בצל מקורמל,"פרח תעשיו מזון בע""מ",,פריכיות חלבון בטטה ס,גרמים,60.00,100 גרם,false,,9.90,0.1650,true,1,2390005
7290110553098,false,מאגדת חטיפים אנרג'י מיקס צימוקים אגוזים 100X4 גרם,אנרג'י Energy - שטראוס,,אנרג'י מיקס צימוקים,גרמים,100.00,100 גרם,false,,15.90,0.1590,true,1,2414669
7290110553104,false,נסקפה קפוצ'ינו סטיק קלאסי 130 ג' עלית,שטראוס גרופ בע`מ,,קפוצ'ינו סטיק קלאסי,גרמים,130.00,100 גרם,false,,15.90,0.1223,true,1,2425481
7290110553135,false,נסקפה קפוצ'ינו סטיק וניל 130 ג' עלית,שטראוס גרופ בע`מ,,קפוצ'ינו סטיק וניל,גרמים,130.00,100 גרם,false,,15.90,0.1223,true,1,2425482
7290110553173,false,אנרגי פריכיות אורז בטעם קרמל 50 גרם,שטראוס גרופ בע`מ,,פרכיות אנרג'י בטעם ק,גרמים,40.00,100 גרם,false,,6.90,0.1725,true,1,2420485
7290110553180,false,אנרגי פריכיות אורז בטעם תפוח קינמון 50 ג,שטראוס גרופ בע`מ,,פרכיות אנרג'י בטעם ת,גרמים,40.00,100 גרם,false,,6.90,0.1725,true,1,2420486
7290110553340,false,נמס מילקשייק- אבקה להכנת משקה קר בטעם מלבי,שטראוס קפה בי.וי,,קפה נמס מילקשייק מלב,גרמים,200.00,100 גרם,false,,14.90,0.0745,true,1,2406540
7290110553623,false,צ'יטוס קראנצ'י בטעם צ'דר חלפיניו - חלבי,"שטראוס פריטו ליי בע""\מ )",,ציטוס קראנץ צ'דר חלפ,גרמים,80.00,100 גרם,false,,3.90,0.0487,true,1,2408241
7290110554101,false,"סירופ מייפל בפאוץ' יד מרדכי 125 מ""ל",שטראוס גרופ בע`מ,,סירופ מייפל בפאוץ' 1,מיליליטרים,125.00,"100 מ""ל",false,,14.90,0.1192,true,1,2414110
7290110554118,false,נודלס מלזי חריף עם טופו וירקות ברוטב קארי ירוק,קפוא-זן תעשיות מזון בעמ - תפוג,,נודלס מלזי חריף,גרמים,350.00,100 גרם,false,,26.90,0.0769,true,1,2384124
7290110554125,false,דלישס נודלס בסגנון סצ`ואן חריף 350 גרם,קפוא-זן תעשיות מזון בעמ - תפוג,,נודלס סצ'ואן חריף,גרמים,350.00,100 גרם,false,,26.90,0.0769,true,1,2384125
7290110554262,false,חלבית מלבין קפה חלבי 350 ג' עלית,שטראוס גרופ בע`מ,,חלבית אבקה חלבי 350,גרמים,350.00,100 גרם,false,,18.90,0.0540,true,1,2415343
7290110554422,false,פומודורו רוטב עגבניות ופלפלים לשקשוקה לפסטה יד מרדכי 350 גרם,אמיליאנה קונסרב סוסייטה,,רוטב עגבניות ופלפלים,גרמים,350.00,100 גרם,false,,11.90,0.0340,true,1,2389131
7290110554545,false,קפסולת אספרסו לאפוגטו טעם קוקוס 50 ג' עלית,שטראוס קפה בי.וי.,,קפסולות למכונות נספר,גרמים,50.00,100 גרם,false,,16.50,0.3300,true,1,2406548
7290110554583,false,מארז חטיפי צ'יטוס פאפס בטעם גבינה - 10 יחידות,"שטראוס פריטו ליי בע""\מ )",,מארז צ'יטוס פאפס גבי,גרמים,200.00,100 גרם,false,,12.90,0.0645,true,1,2385574
7290110554699,false,"קפה עולה קפסולות אספרסו קלייה איטית וכהה מאוד, 10 * 50 ג'",שטראוס קפה בי.וי.,,"קפסולות שת""פ למכונות",גרמים,50.00,100 גרם,false,,18.90,0.3780,true,1,2420651
7290110554705,false,קפסולות נספרסו לקפה יוניקו סדרת בתי הקלייה 10יח,שטראוס קפה בי.וי.,,"קפסולות שת""פ למכונות",גרמים,50.00,100 גרם,false,,18.90,0.3780,true,1,2420652
7290110554712,false,"קפסולות קפה אספרסו קלייה איטית ובהירה, 10 * 50 ג'",שטראוס קפה בי.וי.,,"קפסולות שת""פ למכונות",גרמים,50.00,100 גרם,false,,18.90,0.3780,true,1,2420653
7290110554729,false,קפסולות עלית אספרסו 04 תואמות למכונות NESPRESSO,שטראוס קפה בי.וי.,,קפסולות למכונות נספר,גרמים,50.00,100 גרם,false,,16.50,0.3300,true,1,2395674
7290110554798,false,פולי אספרסו עשירים וארומטיים עוצמה 8 עלית 250 גרם,שטראוס קפה בי. וי.,,פולי אספרסו עלית 250,גרמים,250.00,100 גרם,false,,21.90,0.0876,true,1,2400636
7290110555009,false,זוג פסאטה מחית עגבניות חלקה יד מרדכי 700 גרם,אמיליאנה קונסרב ס.פ.,,פסאטה זוג 700ג' יד מ,גרמים,700.00,100 גרם,false,,11.90,0.0170,true,1,2403139
7290110555078,false,לאבנה עם שמן זית ועשבי תיבול שטראוס 250 גרם,שטראוס גרופ בעמ/מצונן,,לאבנה עם שמן זית ועש,גרמים,250.00,100 גרם,false,,9.90,0.0396,true,1,2404246
7290110555092,false,לאבנה עם שמן זית וצ'ילי שטראוס 250 גרם,שטראוס גרופ בעמ/מצונן,,לאבנה עם שמן זית וצי,גרמים,250.00,100 גרם,false,,9.90,0.0396,true,1,2404247
7290110555603,false,ספלנדיד אבקה להכנת משקה בטעם שוקולטה,שטראוס גרופ בע`מ,,שוקולוטה ספלנדיד בפח,גרמים,360.00,100 גרם,false,,21.90,0.0608,true,1,2425501
7290110555665,false,קקאו דל שומן עלית בקופסא 220 גרם,שטראוס גרופ בע`מ,,קקאו דל שומן בפחית,גרמים,220.00,100 גרם,false,,18.90,0.0859,true,1,2425502
7290110555788,false,נסקפה קפוצ'ינו פחית וניל 200 ג' עלית,שטראוס גרופ בע`מ,,קפוצינו וניל פחית,גרמים,200.00,100 גרם,false,,19.90,0.0995,true,1,2425487
7290110556242,false,"שוקולד מריר פרווה 100 גר' בד""ץ תוצרת חוץ","שטראוס גרופ בע""מ.",,שוקולד מריר פרווה 10,גרמים,100.00,100 גרם,false,,5.90,0.0590,true,1,2416561
7290110557027,false,חומוס עשיר 50% טחינה גולמית 400 ג' אחלה,שטראוס גרופ בעמ/מצונן,,חומוס אחלה עשיר ב-50,גרמים,400.00,100 גרם,false,,11.90,0.0298,true,1,2382573
7290110557102,false,מעדן חלב עם שוקולד מועשר בחלבון 150 ג' שטראוס,שטראוס גרופ בעמ/מצונן,,מעדן חלב דנונה פרו 1,גרמים,150.00,100 גרם,false,,4.90,0.0327,true,1,2376463
7290110557133,false,מעדן הגולן וניל 125 ג' שטראוס,שטראוס גרופ בעמ/מצונן,,מעדן הגולן וניל 125,גרמים,125.00,100 גרם,false,,2.90,0.0232,true,1,2379651
7290110557645,false,מאגדת חטיפים אנרג'י מיקס צימוקים חמוציות 100X4 גרם,שטראוס גרופ בע`מ,,אנרג'י מיקס צימוקים,גרמים,100.00,100 גרם,false,,15.90,0.1590,true,1,2414670
7290110558130,false,יוגורט אקטיביה עם שיבולת שועל ודבש 150 גרם,שטראוס גרופ בעמ/מצונן,,דנונה אקטיביה עם שיב,גרמים,150.00,100 גרם,false,,4.50,0.0300,true,1,2407440
7290110558222,false,"וואו יוגורט עם שכבה בטעם בנופי פאי 5.4%, 150ג דנונה",שטראוס גרופ בעמ/מצונן,,דנונה WOW בנופי 150,גרמים,150.00,100 גרם,false,,4.50,0.0300,true,1,2413925
7290110558239,false,"וואו יוגורט עם שכבה בטעם קראק פאי 5.4%, 150 ג דנונה",שטראוס גרופ בעמ/מצונן,,דנונה WOW קראק פאי 1,גרמים,150.00,100 גרם,false,,4.50,0.0300,true,1,2413926
7290110558253,false,דנונה שייק נונה ריפרש בננה אננס וצ'יה,שטראוס גרופ בעמ/מצונן,,דנונה לשתייה ריפרש,גרמים,250.00,100 גרם,false,,5.50,0.0220,true,1,2407441
7290110558284,false,דנונה ביו מולטי שטראוס 200 גרם,שטראוס גרופ בעמ/מצונן,,יוגורט דנונה ביו מול,גרמים,200.00,100 גרם,false,,3.90,0.0195,true,1,2410000
7290110558314,false,דנונה פרו 20 גרם חלבון ללא סוכר פיסטוק 200 גרם,שטראוס גרופ בעמ/מצונן,,דנונה פרו 20 גר ללא,גרמים,200.00,100 גרם,false,,5.90,0.0295,true,1,2413933
7290110558338,false,דנונה פרו 25 ג' חלבון 200 ג' שטראוס,שטראוס גרופ בעמ/מצונן,,דנונה פרו 25 גרם חלב,גרמים,200.00,100 גרם,false,,5.90,0.0295,true,1,2407449
7290110558666,false,מעדן גבינה בטעם תפוח 88 ג' דניאלה,שטראוס גרופ בעמ/מצונן,,מעדן דניאלה תפוח 88,גרמים,88.00,100 גרם,false,,3.90,0.0443,true,1,2428069
7290110559007,false,"שועועית חומה טעם הטבע קופסה, 380 גרם",שטראוס גרופ בע`מ,,שעועית חומה טעם הטבע,גרמים,380.00,100 גרם,false,,6.90,0.0182,true,1,2414678
7290110559014,false,שעועית שחורה מבושלת טעם הטבע 380 גרם,שטראוס גרופ בע`מ,,שעועית שחורה טעם הטב,גרמים,380.00,100 גרם,false,,6.90,0.0182,true,1,2414679
7290110559748,false,ריל מאגדת שקדים קוקוס ושוקולד מריר שטראוס 105 גרם,"ואמואליס פודס אס.איי,",,REAL מאגדת שקדים קוק,גרמים,105.00,100 גרם,false,,15.90,0.1514,true,1,2407577
7290110559755,false,ריל מאגדת בוטנים פיסטוק וחמוציות שטראוס 105 גרם,"ואמואליס פודס אס.איי,",,REAL מאגדת בוטנים פי,גרמים,105.00,100 גרם,false,,15.90,0.1514,true,1,2407578
7290110559762,false,ריל מאגדת אגוזים תמרים קוקוס שטראוס 105 גרם,"ואמואליס פודס אס.איי,",,REAL מאגדת אגוזים תמ,גרמים,105.00,100 גרם,false,,15.90,0.1514,true,1,2407579
7290110559939,false,דלישס נתחי סויה בסגנון שוארמה 350ג דלישס,קפוא זן תעשיות מזון בעמ,,נתחי סויה בסגנון שוא,גרמים,350.00,100 גרם,false,,26.90,0.0769,true,1,2415965
7290110560300,false,"הפריכיות הטעימות חומוס, עדשים שחורות, קינואה ופלפל שחור",אנרג'י Energy - שטראוס,,פירכיות משולשות פלפל,גרמים,30.00,100 גרם,false,,4.90,0.1633,true,1,2108652
7290110560317,false,"הפריכיות הטעימות חומוס, עדשים שחורות, קינואה ומלח ים","פרח תעשיו מזון בע""מ",,פירכיות משולשות מלח,גרמים,30.00,100 גרם,false,,4.90,0.1633,true,1,2108653
7290110560324,false,"הפריכיות הטעימות תפו""א, אורז, אפונה ומלח ים","פרח תעשיו מזון בע""מ",,פירכיות משולשות אפונ,גרמים,30.00,100 גרם,false,,4.90,0.1633,true,1,2108654
7290110561352,false,דנונה יוגורט ביו פרוביוטי 3% דל לקטוז 150ג',שטראוס גרופ בעמ/מצונן,,יוגורט דנונה שטראוס,גרמים,200.00,100 גרם,false,,3.30,0.0165,true,1,1940386
7290110561604,false,מארז 8 יחידות מעדן גמדים בטעם תות בננה,שטראוס גרופ בעמ/מצונן,,מארז 8 גמדים שמינייה,גרמים,800.00,100 גרם,false,,17.90,0.0224,true,1,1870887
7290110563431,false,"משקה קפה קר בסגנון קלאסי 230 מ""ל 1.6% יוטבתה",שטראוס גרופ בעמ/מצונן,,משקה קפה קר בסגנון ק,מיליליטרים,230.00,"100 מ""ל",false,,7.90,0.0343,true,1,2182405
7290110563448,false,"משקה קפה קר בסגנון מעודן 230 מ""ל 1.6% יוטבתה",שטראוס גרופ בעמ/מצונן,,משקה קפה קר בסגנון מ,מיליליטרים,230.00,"100 מ""ל",false,,7.90,0.0343,true,1,2182406
7290110563462,false,חלב 2% דל לקטוז בבקבוק יטבתה 1 ליטר.,שטראוס גרופ בעמ/מצונן,,חלב 1ליטר בקבוק נטול,ליטרים,1.00,ליטר,false,,7.90,7.9000,true,1,2181492
7290110564339,false,חומוס אחלה הסידרה המובחר 30% טחינה 400 גר',שטראוס גרופ בעמ/מצונן,,חומוס אחלה עשיר ב-30,גרמים,400.00,100 גרם,false,,11.90,0.0298,true,1,1870889
7290110564360,false,חומוס אחלה הסידרה המובחר 40% טחינה 400 גר',שטראוס גרופ בעמ/מצונן,,חומוס אחלה עשיר ב-40,גרמים,400.00,100 גרם,false,,11.90,0.0298,true,1,1863486
7290110564414,false,חומוס אחלה הסידרה המובחר 30% טחינה 600 גר',שטראוס גרופ בעמ/מצונן,,חומוס אחלה עשיר ב-30,גרמים,600.00,100 גרם,false,,14.90,0.0248,true,1,1870892
7290110564742,false,"משקה קפה קר בסגנון חזק 230 מ""ל 1.2% יוטבתה",שטראוס גרופ בעמ/מצונן,,משקה קפה קר בסגנון ח,מיליליטרים,230.00,"100 מ""ל",false,,7.90,0.0343,true,1,2182434
7290110565435,false,מעדן ג`לי בטעם פטל חלבי שטראוס (125 גרם,שטראוס גרופ בעמ/מצונן,,ג'לי בטעם פטל לימבו,גרמים,125.00,100 גרם,false,,2.00,0.0160,true,1,1843759
7290110565527,false,יוגורט PRO פרו 1.5% 20 גרם חלבון בגביע,שטראוס גרופ בעמ/מצונן,,דנונה פרו 20 גרם חלב,גרמים,200.00,100 גרם,false,,5.90,0.0295,true,1,1821102
7290110565572,false,מארז קפה טורקי עלית לדרך עם הל 168 גרם,שטראוס קפה בי.וי.,,מארז קפה טורקי עם הל,גרמים,168.00,100 גרם,false,,17.90,0.1065,true,1,2266728
7290110566623,false,קפסולות קולומביה עלית 08 למכונת נספרסו מארז 5X10ג',שטראוס קפה בי.וי.,,קפסולות למכונות נספר,גרמים,50.00,100 גרם,false,,16.50,0.3300,true,1,1984577
7290110566975,false,דנונה פרו יוגורט 0% תות עשיר בחלבון 200ג',שטראוס גרופ בעמ/מצונן,,דנונה פרו 20 גרם חלב,גרמים,200.00,100 גרם,false,,5.90,0.0295,true,1,1940388
7290110568238,false,"קצפת צמחית 21% שומן 250 מ""ל יוטבתה",שטראוס גרופ בעמ/מצונן,,קצפת צימחית 21% שומן,מיליליטרים,250.00,"100 מ""ל",false,,7.90,0.0316,true,1,1991996
7290110568276,false,"משקה יוטבתה פרו וניל לשתיה 350מ""ל",שטראוס גרופ בעמ/מצונן,,משקה יטבתה פרו בטעם,מיליליטרים,350.00,"100 מ""ל",false,,5.90,0.0169,true,1,1964958
7290110570224,false,משקה קפה קר בטעם עוגיות (230 גר`) יטבתה,שטראוס גרופ בעמ/מצונן,,משקה קפה קר בטעם עוג,מיליליטרים,230.00,"100 מ""ל",false,,7.90,0.0343,true,1,2413940
7290110570569,false,"פולי אספרסו עשירים וארומטיים עוצמה 08 1 ק""ג עלית",שטראוס גרופ בע`מ,,פולי אספרסו עלית 1 ק,גרמים,1000.00,100 גרם,false,,74.90,0.0749,true,1,2400637
7290110570576,false,פולי אספרסו עשירים וארומטיים עוצמה 10 עלית 500 גרם,שטראוס קפה בי.וי,,פולי אספרסו עלית 500,גרמים,500.00,100 גרם,false,,39.90,0.0798,true,1,2400638
7290110570583,false,"פולי אספרסו עשירים וארומטיים עוצמה 10 1 ק""ג עלית",שטראוס גרופ בע`מ,,פולי אספרסו עלית 1 ק,גרמים,1000.00,100 גרם,false,,74.90,0.0749,true,1,2400639
7290110570880,false,פולי אספרסו עשירים וארומטיים עוצמה 14 עלית 250 גרם,שטראוס גרופ בע`מ,,פולי אספרסו עלית 250,גרמים,250.00,100 גרם,false,,21.90,0.0876,true,1,2402462
7290110570897,false,"פולי אספרסו עשירים וארומטיים עוצמה 14 עלית 1 ק""ג",שטראוס גרופ בעמ,,פולי אספרסו עלית 1 ק,גרמים,1000.00,100 גרם,false,,74.90,0.0749,true,1,2402463
7290110571184,false,עדשים חומות 380 גר` טעם הטבע שטראוס,שטראוס גרופ בע`מ,,עדשים חומות טעם הטבע,גרמים,380.00,100 גרם,false,,6.90,0.0182,true,1,2414680
7290110571375,false,"אנרג'י מיקס תערובת צימוקים, תמרים, טופי ושברי פקאן",אנרג'י Energy - שטראוס,,אנרג'י מיקס צימוקים,גרמים,100.00,100 גרם,false,,15.90,0.1590,true,1,2414671
7290110571382,false,מעדן חלב בטעם וניל מעושר בחלבון 150 ג' שטראוס,שטראוס גרופ בעמ/מצונן,,מעדן חלב דנונה פרו,גרמים,150.00,100 גרם,false,,4.90,0.0327,true,1,2400423
7290110571399,false,צנצנת קוביות מסטיק בטעם גלידה תות 58 גר`,שטראוס גרופ בע`מ,,קופסא מסטיק קוביות ב,גרמים,58.00,100 גרם,false,,8.90,0.1534,true,1,2409632
7290110571405,false,עלית - מיני פינוקיות בגביע פסק זמן 180 גרם,שטראוס גרופ בע`מ,,מיני פינוקיות בגביע,גרמים,180.00,100 גרם,false,,9.90,0.0550,true,1,2424347
7290110571412,false,מיני פינוקיות - פאדג' שוקולד בגביע 180 גרם,שטראוס גרופ בע`מ,,מיני פינוקיות בגביע,גרמים,180.00,100 גרם,false,,9.90,0.0550,true,1,2424348
7290110571535,false,מארז קפה טורקי הל עלית 300 גרם,שטראוס קפה בי.וי.,,קפה טורקי + הל 100 ג,גרמים,300.00,100 גרם,false,,25.90,0.0863,true,1,2403147
7290110572129,false,כיף כף מקלות שוקולד לבן 40 ג' עלית,סולן בעבור שטראוס,,חטיף כיף כף מקלות שו,גרמים,40.00,100 גרם,false,,4.90,0.1225,true,1,2424349
7290110572884,false,"קפסולות קפה מספר 20 למכונת אספרס אספרסו, 50 גרם",שטראוס קפה בי.וי.,,קפסולות למכונות נספר,גרמים,50.00,100 גרם,false,,16.50,0.3300,true,1,2424357
7290110572969,false,כיף כף פצפצים עלית קרם לבן (40 גר`),שולן צ'\יקולטה גידה סאן.,,חטיף כיף כף פצפצים ק,גרמים,40.00,100 גרם,false,,4.90,0.1225,true,1,2414672
7290110572976,false,כיף כף פצפצים בגביע במילוי קרם בטעם שוקולד לבן,שולן צ'יקולטה גידה ס,,גביע פצפצים 135 גרם,גרמים,135.00,100 גרם,false,,8.90,0.0659,true,1,2414673
7290110576318,false,מאגדת שלישיית שוקולד אגוז לבן 300 ג' עלית,שטראוס גרופ בע`מ,,מאגדת שלישיית אגוז ל,גרמים,300.00,100 גרם,false,,22.90,0.0763,true,1,2416566
7290110576356,false,"שוקולד ספלנדיד מריר 64% - חלבי , מפולי קקאו מפרו",שטראוס גרופ בע`מ,,שוקולד ספלנדיד מריר,גרמים,100.00,100 גרם,false,,8.90,0.0890,true,1,2413651
7290110576363,false,"שוקולד ספלנדיד מריר 80% חלבי ,פולי קקאו מאוגנדה",שטראוס גרופ בע`מ,,שוקולד ספלנדיד מריר,גרמים,100.00,100 גרם,false,,8.90,0.0890,true,1,2413652
7290110576370,false,מארז שלישייה שוקולד מריר חלבי עם אגוזי לוז,שטראוס גרופ בע`מ,,מאגדת שלישיית אגוז מ,גרמים,300.00,100 גרם,false,,22.90,0.0763,true,1,2416567
7290110576752,false,טבלאות שוקולד ספלנדיד מריר 70% 100 ג' עלית,שטראוס גרופ בע`מ,,שוקולד ספלנדיד מריר,גרמים,100.00,100 גרם,false,,9.90,0.0990,true,1,2424350
7290110576776,false,טבלאות שוקולד ספלנדיד מריר 85% 100 ג' עלית,שטראוס גרופ בע`מ,,שוקולד ספלנדיד מריר,גרמים,100.00,100 גרם,false,,9.90,0.0990,true,1,2424351
7290110576790,false,סקי בטעם מוקה 3% (125 גר`) דנונה,שטראוס גרופ בעמ/מצונן,,סקי מוקה 125 גרם,גרמים,125.00,100 גרם,false,,3.70,0.0296,true,1,2428071
7290110730109,false,נוטרילון קומפורט תרכובת מזון מגיל לידה,דיפלומט מפיצים (1968) בעמ**,,נוטרילון קומפורט חלב,גרמים,900.00,100 גרם,false,,99.90,0.1110,true,1,1984523
7290111091513,false,קוויק XLלניקוי שירותים ואמבטיה - בריח לוונדר 40 יח,שקד תבל בעמ,,מגבונים קוויק XL לאמ,יח',40.00,יח',false,,6.90,0.1725,true,1,1713216
7290111091520,false,"דר' עור תחליב רחצה קלאסי -קוקוס 700 מ""ל","אמיליה קוסמטיקס בע""מ",,"תחליב רחצה 700 מ""ל ד",מיליליטרים,700.00,"100 מ""ל",false,,19.90,0.0284,true,1,2047277
7290111092985,false,מארז מגבונים לחים בייביסיטר ללא בישום רביעייה,שקד תבל בע`מ,,מגבונים בייביסיטר פר,יח',288.00,יח',false,,15.90,0.0552,true,1,2407642
7290111093005,false,"I-CARE מג'להסרת איפור, 25 יח בפלופק",די.פי.אל תעשיות מוצר,,מגבונים מסיר איפור I,יח',25.00,יח',false,,5.90,0.2360,true,1,2162998
7290111093760,false,קוויק מטליות לחות לניקוי רצפות ניחוח מרכך כביסה 10 יחידות,שקד תבל בע`מ,,קוויק מטליות לחות לנ,יח',10.00,יח',false,,9.90,0.9900,true,1,2415082
7290111093982,false,"טרופיקל תחליב רחצה פסיפלורה ואינקה אינצ'י 700 מ""ל דר' עור","אמיליה קוסמטיקס בע""\מ",,"תחליב רחצה 700 מ""ל ד",מיליליטרים,700.00,"100 מ""ל",false,,19.90,0.0284,true,1,2415083
7290111094248,false,"קוויק שקית אשפה חזקה וגדולה במיוחד (90*78), 20 יח'",שקד תבל בע`מ,,קוויק שקיות אשפה XL,יח',20.00,יח',false,,16.90,0.8450,true,1,2298794
7290111094361,false,קוויק שקיות אשפה XL עם ידית 20 יח' במארז,שקד תבל בעמ,,קוויק שקיות אשפה XL,יח',25.00,יח',false,,10.90,0.4360,true,1,2377581
7290111094392,false,"טרופיקל תחליב רחצה קוקוס וליים 700 מ""ל דר' עור","אמיליה קוסמטיקס בע""\מ",,"תחליב רחצה 700 מ""ל ד",מיליליטרים,700.00,"100 מ""ל",false,,19.90,0.0284,true,1,2415084
7290111094651,false,שקיות אשפה L עם ידית קוויק 40 יח',שקד תבל בעמ,,קוויק שקיות אשפה L ע,יח',40.00,יח',false,,10.90,0.2725,true,1,2377582
7290111095818,false,קוויק שקיות אשפה L חזקות במיוחד עם שרוך 40 יח',שקד תבל בע`מ,,קוויק שקיות אשפה L,יח',40.00,יח',false,,16.90,0.4225,true,1,2298795
7290111096921,false,קוויק מגבונים לניקוי כללי בתוספת חומץ ומלח לימון 50 יח',שקד תבל בע`מ,,מגבונים קוויק לניקוי,יח',50.00,יח',false,,7.90,0.1580,true,1,2370428
7290111097546,false,קוויק מגבונים 99.9% לניקוי כללי למשטחים בניחוח מרכך כביסה 50 יחידות,שקד תבל בע`מ,,מגבונים לניקוי כללי,יח',50.00,יח',false,,7.90,0.1580,true,1,2415085
7290111340109,false,דיפנד - מגן תחתון לנשים אקטיב 22 יח',קימברלי קלארק ישראל שיווק בעמ,,מגן תחתון דיפנד אקטי,יח',22.00,יח',false,,19.90,0.9045,true,1,2116951
7290111340925,false,מטליות לחות ניקול XL לניקוי כללי בניחוח פריחה 40 יח',קימברלי קלארק ישראל שיווק בעמ,,מטליות לחות חד פעמיו,יח',40.00,יח',false,,10.90,0.2725,true,1,2345066
7290111343766,false,דיפנד תחתונים סופגים M גברים 10 יח,קימברלי קלארק ישראל שיווק בעמ,,תחתוני דיפנד גברים M,יח',10.00,יח',false,,54.90,5.4900,true,1,2336287
7290111343827,false,ניקול 6 מטליות רב שימושיות לניקוי וקרצוף,קימברלי קלארק ישראל שיווק בעמ,,מטליות רב-שימושיות ל,יח',6.00,יח',false,,11.90,1.9833,true,1,2325111
7290111345043,false,ניקול מטליות מיקרופייבר דו צדדית למשטחים,קימברלי קלארק ישראל שיווק בעמ,,מטלית מיקרופייבר למש,יח',2.00,יח',false,,14.90,7.4500,true,1,2382915
7290111350092,false,מארז מיקס חטיפי מיני לואקר בסט 200 גר,ליימן שליסל בעמ,,מארז חטיפי לואקר 200,גרמים,200.00,100 גרם,false,,19.90,0.0995,true,1,1727974
7290111350665,false,קליית גת דבש לחיץ טהור מפרחי בר 350 גרם,חקלאות עין חרוד מאוח,,דבש לחיץ 350 גרם,גרמים,350.00,100 גרם,false,,19.90,0.0569,true,1,1992798
7290111350672,false,צנצנת דבש קליית גת 700 גרם,חקלאות עין חרוד מאוח,,דבש בצנצנת 700 גרם,גרמים,700.00,100 גרם,false,,29.90,0.0427,true,1,1992799
7290111350719,false,חטיף נאצוס הוטפופ בסגנון מסעדות 322 גר,ליימן שליסל בע`מ,,נאצ'וס חטיף תירס הוט,גרמים,322.00,100 גרם,false,,14.90,0.0463,true,1,2273209
7290111350726,false,חטיף נאצוס הוטפופ בסגנון מקסיקני 322 גר,ליימן שליסל בע`מ,,נאצ'וס חטיף מתירס צה,גרמים,322.00,100 גרם,false,,14.90,0.0463,true,1,2273210
7290111352430,false,ממרח תמרים טבעי קליית גת 440 גרם,ליימן שליסל בע`מ,,ממרח תמרים טבעי 440,גרמים,440.00,100 גרם,false,,9.90,0.0225,true,1,2321002
7290111352935,false,יוגטה סוכריות טופי ממולאות 600 גרם 3 טעמים,ליימן שליסל בע`מ,,סוכריות טופי יוגטה 6,גרמים,600.00,100 גרם,false,,24.90,0.0415,true,1,2310203
7290111352942,false,יוגטה סוכריות טופי ללא גלוטן 850 ג',ליימן שליסל בע`מ,,סוכריות טופי יוגטה 8,גרמים,850.00,100 גרם,false,,24.90,0.0293,true,1,2310204
7290111352959,false,מקלות חמוצים ממולאים בטעם פירות 80 גר' יוגטה,ליימן שליסל בעמ,,מקלות חמוצים סוכריות,גרמים,100.00,100 גרם,false,,5.90,0.0590,true,1,2310205
7290111353093,false,יוגטה סוכריות טופי בטעם פירות בצורת מקלות 600 ג',ליימן שליסל בע`מ,,סוכריות טופי בטעמי פ,גרמים,600.00,100 גרם,false,,24.90,0.0415,true,1,2334155
7290111353123,false,"גומי נחש מסוכר 200 גר' וסטהיים (כש""לפ בית יוסף)",טופגם תעשיות ממתקים,,סוכריות גומי נחשים מ,גרמים,200.00,100 גרם,false,,7.90,0.0395,true,1,2323636
7290111353376,false,מארז 100 סוכריות מנטוס שמחות בטעם מנטה 250 גרם,פרפטי ואן מלה ברדה,,סוכריות מנטוס בטעם מ,גרמים,250.00,100 גרם,false,,14.90,0.0596,true,1,2366467
7290111353383,false,מארז 100 סוכריות מנטוס שמחות בטעם תות 250 גרם,פרפטי ואן מלה ברדה,,סוכריות מנטוס בטעם ת,גרמים,250.00,100 גרם,false,,14.90,0.0596,true,1,2366468
7290111353437,false,חטיף בטטה ומלח ים 120 גרם הוט פופ,איץ.סיי גרופ אס.דה א,,חטיף בטטה ומלח ים,גרמים,120.00,100 גרם,false,,14.90,0.1242,true,1,2332622
7290111353451,false,חטיף בירקות שורש ומלח ים הוטפופ 120 גרם,איץ.סיי גרופ אס.דה א,,חטיף ירקות שורש ומלח,גרמים,120.00,100 גרם,false,,14.90,0.1242,true,1,2332624
7290111353482,false,מקלות חמוצים ממולאות בטעמי פירות יוגטה 200 גרם,ליימן שליסל בע`מ,,סוכריות חמוצות ממולא,גרמים,200.00,100 גרם,false,,7.90,0.0395,true,1,2334209
7290111534010,false,פס גבינה שמנת פירורים קפולסקי 400 גרם,תופינים מקבוצת קפולסקי,,פס גבינה שמנת ופירור,גרמים,450.00,100 גרם,false,,34.90,0.0776,true,1,1547938
7290111563492,false,סלטי צבר מטבוחה חריפה מרובע 6*400גרם,קבוצת אוסם סחר-שות.מוגבלת,,סלט מטבוחה חריפה 400,גרמים,400.00,100 גרם,false,,10.90,0.0273,true,1,1928004
7290111564239,false,מאגדת מיני קראנץ וניל 5 יח' נסטלה,נגה גלידות שותפות מוגבלת,,מאגדת מיני קראנץ וני,גרמים,275.00,100 גרם,false,,29.90,0.1087,true,1,1875477
7290111564277,false,פריכיות דקות ונימוחות 3 דגנים פיטנס Fitness,קבוצת אוסם סחר שותפות מוגבלת,,פיטנס פריכיות 3 דגני,גרמים,120.00,100 גרם,false,,9.90,0.0825,true,1,1689114
7290111564291,false,פריכיות דקות ונימוחות 3 דגנים וקינואה פיטנס Fitness,קבוצת אוסם סחר שותפות מוגבלת,,פיטנס פריכיות דקות ק,גרמים,120.00,100 גרם,false,,9.90,0.0825,true,1,1689115
7290111564727,false,עוגיות אסם קרמוגית וקרם אגוזים אסם 200ג',קבוצת אוסם סחר שותפות מוגבלת,,עוגיות קרמוגית במילו,גרמים,200.00,100 גרם,false,,10.90,0.0545,true,1,1821205
7290111565038,false,"לה קרמריה וניל קוקילידה בד""צ 1.4 ל'",נגה גלידות שותפות מוגבלת,,גלידה ל'קרמריה קוקיל,ליטרים,1.40,ליטר,false,,20.90,14.9286,true,1,1926286
7290111566103,false,טבעול פלאפל מרכיבים ביתיים בלבד 590 גרם,קבוצת אוסם סחר שותפות מוגבלת,,פלאפל מרכיבים ביתיים,גרמים,590.00,100 גרם,false,,29.90,0.0507,true,1,1844595
7290111566127,false,מאגדת אוראו מיני סנדוויץ' 6 יח' נסטלה,נגה גלידות שותפות מוגבלת,,מאגדת אוראו סנדביץ 6,גרמים,198.00,100 גרם,false,,24.90,0.1258,true,1,1875483
7290111566226,false,שניצל ברוקולי טבעול 667 גרם,קבוצת אוסם סחר-שות.מוגבלת,,שניצל ברוקולי,גרמים,667.00,100 גרם,false,,29.90,0.0448,true,1,1844596
7290111566271,false,טבעול חטיפי תירס 657 גרם קפוא,קבוצת אוסם סחר שותפות מוגבלת,,חטיפי תירס.,גרמים,657.00,100 גרם,false,,29.90,0.0455,true,1,1844598
7290111566318,false,שניצל דק מן הצומח בטעם ביתי 700 גרם,קבוצת אוסם סחר שותפות מוגבלת,,שניצל דק מן הצומח.,גרמים,564.00,100 גרם,false,,29.90,0.0530,true,1,1844599
7290111566332,false,"נקניקיות וינר מן הצומח 680 גרם ""טבעול""",קבוצת אוסם סחר שותפות מוגבלת,,נקניקיות וינר צמחוני,גרמים,680.00,100 גרם,false,,29.90,0.0440,true,1,1844600
7290111566417,false,טבעול טחון מן הצומח משופר 400 גרם,קבוצת אוסם סחר שותפות מוגבלת,,טבעול טחון צמחוני,גרמים,500.00,100 גרם,false,,29.90,0.0598,true,1,1844620
7290111566547,false,טבעול חזה בגריל צמחוני 99 קלוריות 560ג',קבוצת אוסם סחר שותפות מוגבלת,,חזה בגריל צמחוני,גרמים,560.00,100 גרם,false,,29.90,0.0534,true,1,1844622
7290111566561,false,"שניצל ברוקולי 99 קלוריות 560 גר' ""טבעול""",קבוצת אוסם סחר שותפות מוגבלת,,שניצל ברוקלי 99 קלור,גרמים,560.00,100 גרם,false,,29.90,0.0534,true,1,1844623
7290111566585,false,"שניצל צמחוני 99 קלוריות 650 גר' ""טבעול""",קבוצת אוסם סחר שותפות מוגבלת,,שניצל צמחוני 99 קלור,גרמים,650.00,100 גרם,false,,29.90,0.0460,true,1,1844624
7290111566660,false,קציצות עדשים כתומות טבעול 530 גרם,קבוצת אוסם סחר שותפות מוגבלת,,קציצות עדשים כתומות.,גרמים,530.00,100 גרם,false,,29.00,0.0547,true,1,1844601
7290111566691,false,"שניצל תרד 99 קלוריות 560 גרם ""טבעול""",קבוצת אוסם סחר-שות.מוגבלת,,שניצל תרד 99 קלוריות,גרמים,560.00,100 גרם,false,,29.90,0.0534,true,1,1910145
7290111566714,false,טבעול המבורגר צמחוני 99 קלוריות 600 גרם,קבוצת אוסם סחר שותפות מוגבלת,,המבורגר צמחוני 99 קל,גרמים,600.00,100 גרם,false,,29.90,0.0498,true,1,1844625
7290111566752,false,טבעול שניצל תירס 99 קלוריות 693 גרם,קבוצת אוסם סחר שותפות מוגבלת,,שניצל תירס 99 קלוריו,גרמים,693.00,100 גרם,false,,29.90,0.0431,true,1,1844603
7290111566776,false,"נקניקיות קוקטייל מן הצומח 680 גרם ""טבעול""",קבוצת אוסם סחר שותפות מוגבלת,,נקניקיות קוקטייל צמח,גרמים,680.00,100 גרם,false,,29.90,0.0440,true,1,1844604
7290111568206,false,ביסלי פארטי מיקס אסם 150 גר',קבוצת אוסם סחר שותפות מוגבלת,,ביסלי במבה מיקס 150,גרמים,150.00,100 גרם,false,,8.90,0.0593,true,1,1936366
7290111568251,false,אטריות נודלס להקפצה אסם אסייתי 350 גר',קבוצת אוסם סחר שותפות מוגבלת,,נודלס אטריות להקפצה,גרמים,350.00,100 גרם,false,,9.90,0.0283,true,1,1931974
7290111568275,false,אטריות נודלס אורז רחבות אסם אסייתי 300גרם,קבוצת אוסם סחר שותפות מוגבלת,,נודלס אטריות אורז רח,גרמים,300.00,100 גרם,false,,9.90,0.0330,true,1,1931975
7290111568299,false,אטריות נודלס עם תרד אסם אסייתי 300 גר',קבוצת אוסם סחר שותפות מוגבלת,,נודלס אטריות עם תרד,גרמים,300.00,100 גרם,false,,9.90,0.0330,true,1,1931989
7290111568961,false,אסם בייגלה טבעות מלוח 400 גר`,קבוצת אוסם סחר שותפות מוגבלת,,בייגלה טבעות מלח 400,גרמים,400.00,100 גרם,false,,9.90,0.0248,true,1,1960717
7290111660917,false,שקיות פסגור סנדוויץ,,,שקיות פסגור סנדוויץ,יחידה,0.00,יחידה,false,,7.90,0.0000,true,1,1960849
7290111660924,false,שקיות פסגור הקפאה 27,,,שקיות פסגור הקפאה 27,יחידה,0.00,יחידה,false,,9.90,0.0000,true,1,1960850
7290111661877,false,מפיות מוטבעות תכלת-,,,מפיות מוטבעות תכלת-,יחידה,0.00,יחידה,false,,5.90,0.0000,true,1,1960909
7290111662188,false,מגש אובלי עמוק שקוף קטן,,,מגש אובלי עמוק קטן ש,יחידה,0.00,יחידה,false,,9.90,0.0000,true,1,1960912
7290111662201,false,מגש אובלי עמוק שקוף גדול,,,מגש אובלי עמוק גדול,יחידה,0.00,יחידה,false,,19.90,0.0000,true,1,1960914
7290111662331,false,כף רטרו שקוף- אר' 10,,,כף רטרו שקוף- אר' 10,יחידה,0.00,יחידה,false,,6.90,0.0000,true,1,1960923
7290111662423,false,כפית רטרו לבן- אר' 1,,,כפית רטרו לבן- אר' 1,יחידה,0.00,יחידה,false,,3.90,0.0000,true,1,1960932
7290111662638,false,תבניות עגולות בחבק 3 יחי,,,תבניות עגולות בחבק -,יחידה,0.00,יחידה,false,,6.90,0.0000,true,1,1960935
7290111662737,false,אגרטל מלבני גדול,,,אגרטל מלבני גדול,יחידה,0.00,יחידה,false,,6.90,0.0000,true,1,1960939
7290111662744,false,אגרטל מלבני קטן,,,אגרטל מלבני קטן,יחידה,0.00,יחידה,false,,7.90,0.0000,true,1,1960940
7290111663260,false,כוס יין קריסטל ניצוצ,,,כוס יין קריסטל ניצוצ,יחידה,0.00,יחידה,false,,21.90,0.0000,true,1,2284763
7290111663277,false,כוס יין קריסטל ניצוצות כ,,,כוס יין קריסטל ניצוצ,יחידה,0.00,יחידה,false,,21.90,0.0000,true,1,2284764
7290111664038,false,מזלג ורסאי שקוף -אר',,,מזלג ורסאי שקוף -אר',יחידה,0.00,יחידה,false,,5.90,0.0000,true,1,2283859
7290111664045,false,סכין ורסאי שקוף -אר',,,סכין ורסאי שקוף -אר',יחידה,0.00,יחידה,false,,6.90,0.0000,true,1,2283860
7290111664052,false,כף ורסאי שקוף -אר' 1,,,כף ורסאי שקוף -אר' 1,יחידה,0.00,יחידה,false,,6.90,0.0000,true,1,2283861
7290111664069,false,כפית ורסאי שקוף -אר',,,כפית ורסאי שקוף -אר',יחידה,0.00,יחידה,false,,3.90,0.0000,true,1,2283862
7290111664076,false,מזלג ורסאי קרם -אר',,,מזלג ורסאי קרם -אר',יחידה,0.00,יחידה,false,,5.90,0.0000,true,1,2283863
7290111664090,false,כף ורסאי קרם -אר' 10,,,כף ורסאי קרם -אר' 10,יחידה,0.00,יחידה,false,,6.90,0.0000,true,1,2283865
7290111664113,false,מזלג וסראי לבן 10 יח,,,מזלג ורסאי לבן -אר',יחידה,0.00,יחידה,false,,5.90,0.0000,true,1,2283867
7290111664120,false,סכין ורסאי לבן -אר',,,סכין ורסאי לבן -אר',יחידה,0.00,יחידה,false,,6.90,0.0000,true,1,2283868
7290111664137,false,כף ורסאי לבן -אר' 10,,,כף ורסאי לבן -אר' 10,יחידה,0.00,יחידה,false,,6.90,0.0000,true,1,2283869
7290111664144,false,כפית ורסאי לבן יחי',,,כפית ורסאי לבן -אר',יחידה,0.00,יחידה,false,,3.90,0.0000,true,1,2283870
7290111664151,false,מזלג ורסאי אפור -אר',,,מזלג ורסאי אפור -אר',יחידה,0.00,יחידה,false,,5.90,0.0000,true,1,2283871
7290111664199,false,מזלג ורסאי שחור -אר',,,מזלג ורסאי שחור -אר',יחידה,0.00,יחידה,false,,5.90,0.0000,true,1,2283875
7290111664205,false,סכין ורסאי שחור -אר',,,סכין ורסאי שחור -אר',יחידה,0.00,יחידה,false,,6.90,0.0000,true,1,2283876
7290111664212,false,כף ורסאי שחור -אר' 1,,,כף ורסאי שחור -אר' 1,יחידה,0.00,יחידה,false,,6.90,0.0000,true,1,2283877
7290111664229,false,כפית ורסאי שחור -אר',,,כפית ורסאי שחור -אר',יחידה,0.00,יחידה,false,,3.90,0.0000,true,1,2283878
7290111664441,false,כוסות יין פסים עם רגל 8,,,כוסות יין קטנות פסים,יחידה,0.00,יחידה,false,,10.90,0.0000,true,1,2284778
7290111664762,false,צלחות קטנות קשת קרם,,,צלחות קטנות קשת קרם,יחידה,0.00,יחידה,false,,24.90,0.0000,true,1,2284789
7290111664885,false,תבניות אפייה עץ גדול,,,תבניות אפייה עץ גדול,יחידה,0.00,יחידה,false,,9.90,0.0000,true,1,2284797
7290111664991,false,כפיות גלידה מעץ-אר',,,כפיות גלידה מעץ-אר',יחידה,0.00,יחידה,false,,4.90,0.0000,true,1,2320759
7290111665028,false,קערות מרק דקל ריבועי,,,קערות מרק דקל מרובעו,יחידה,0.00,יחידה,false,,18.90,0.0000,true,1,2284806
7290111665165,false,סירות דקל גדולות 30,,,סירות דקל גדולות 30,יחידה,0.00,יחידה,false,,14.90,0.0000,true,1,2284808
7290111665233,false,מפיות נקודתיים זהב-א,,,מפיות נקודתיים זהב-א,יחידה,0.00,יחידה,false,,4.90,0.0000,true,1,2284809
7290111665240,false,מפיות נקודתיים כסף-א,,,מפיות נקודתיים כסף-א,יחידה,0.00,יחידה,false,,4.90,0.0000,true,1,2284810
7290111665264,false,מפיות נקודתיים טורקי,,,מפיות נקודתיים טורקי,יחידה,0.00,יחידה,false,,4.90,0.0000,true,1,2284812
7290111665295,false,מפיות נקודתיים סגול-,,,מפיות נקודתיים סגול-,יחידה,0.00,יחידה,false,,4.90,0.0000,true,1,2284815
7290111665417,false,מזלג ורסאי זהב -אר',,,מזלג ורסאי זהב -אר',יחידה,0.00,יחידה,false,,5.90,0.0000,true,1,2283880
7290111665424,false,סכין ורסאי זהב -אר',,,סכין ורסאי זהב -אר',יחידה,0.00,יחידה,false,,6.90,0.0000,true,1,2283881
7290111665431,false,כף ורסאי זהב -אר' 10,,,כף ורסאי זהב -אר' 10,יחידה,0.00,יחידה,false,,6.90,0.0000,true,1,2283882
7290111665455,false,מזלג ורסאי טורקיז -א,,,מזלג ורסאי טורקיז -א,יחידה,0.00,יחידה,false,,5.90,0.0000,true,1,2283884
7290111665479,false,כף וסראי טורקיז 10 יח,,,כף ורסאי טורקיז -אר',יחידה,0.00,יחידה,false,,6.90,0.0000,true,1,2283886
7290111665493,false,מזלג ורסאי ורוד -אר',,,מזלג ורסאי ורוד -אר',יחידה,0.00,יחידה,false,,5.90,0.0000,true,1,2283888
7290111665523,false,כפית ורסאי ורוד -אר',,,כפית ורסאי ורוד -אר',יחידה,0.00,יחידה,false,,3.90,0.0000,true,1,2283891
7290111665530,false,מזלג וסראי ניצוצות זהב 10 יח,,,מזלג ורסאי ניצוצות ז,יחידה,0.00,יחידה,false,,5.90,0.0000,true,1,2283892
7290111665547,false,סכין וסראי ניצוצות זהב 10 יח,,,סכין ורסאי ניצוצות ז,יחידה,0.00,יחידה,false,,6.90,0.0000,true,1,2283893
7290111665561,false,כפית ורסאי ניצוצות זהב,,,כפית ורסאי ניצוצות ז,יחידה,0.00,יחידה,false,,3.90,0.0000,true,1,2283895
7290111665585,false,סכין וסראי ניצוצות כסף 10 יח,,,סכין ורסאי ניצוצות כ,יחידה,0.00,יחידה,false,,6.90,0.0000,true,1,2283896
7290111665615,false,כפית ורסאי ניצוצות כסף .,,,כפית ורסאי ניצוצות כ,יחידה,0.00,יחידה,false,,3.90,0.0000,true,1,2283898
7290111665622,false,כפות הגשה ורסאי -זוג,,,כפות הגשה ורסאי -זוג,יחידה,0.00,יחידה,false,,2.90,0.0000,true,1,2284823
7290111665639,false,צלחות ענקיות קשת זהב,,,צלחות ענקיות קשת זהב,יחידה,0.00,יחידה,false,,35.90,0.0000,true,1,2284824
7290111665899,false,כוס 4 נייר טבעי אקול,,,כוס 4 נייר טבעי אקול,יחידה,0.00,יחידה,false,,9.90,0.0000,true,1,2284830
7290111665912,false,כוס נייר לגלידה 100מל 25,,,כוס נייר לגלידה 100,יחידה,0.00,יחידה,false,,7.90,0.0000,true,1,2284832
7290111666087,false,צלחת WINDMILL 9 ניצו,,,צלחת WINDMILL 9 ניצו,יח',10.00,יח',false,,19.90,1.9900,true,1,2283906
7290111666384,false,צלחת 9 ענן שקוף-אר',,,צלחת 9 ענן שקוף-אר',יחידה,0.00,יחידה,false,,14.90,0.0000,true,1,2284855
7290111667534,false,קשים מנייר מתכלים לב,,,קשים מנייר מתכלים לב,יחידה,0.00,יחידה,false,,4.90,0.0000,true,1,2320791
7290111667541,false,קשים מנייר פסים צבעוני,,,קשים מנייר פסים צבעו,יחידה,0.00,יחידה,false,,4.90,0.0000,true,1,2320792
7290111667558,false,קשים עבים מנייר צבעו,,,קשים עבים מנייר צבעו,יחידה,0.00,יחידה,false,,4.90,0.0000,true,1,2320793
7290111668869,false,כוסות נייר קומיקס 40,,,כוסות נייר קומיקס,יחידה,0.00,יחידה,false,,9.90,0.0000,true,1,2401112
7290111775376,false,קטרקס חול לחתולים 6ליטר,בנטאס,,חול קט רקס אנטי בקטר,יחידה,0.00,יחידה,false,,49.90,0.0000,true,1,2413785
7290111776328,false,זוג רול עור בפאלו לב,,,זוג רול עור בפאלו לב,יחידה,0.00,יחידה,false,,19.90,0.0000,true,1,2413789
7290111776342,false,עצם קשר לבנה בציפוי,,,עצם קשר לבנה בציפוי,יחידה,0.00,יחידה,false,,24.90,0.0000,true,1,2413791
7290111776380,false,זוג עצמות דחוסות טבע,,,זוג עצמות דחוסות טבע,יחידה,0.00,יחידה,false,,19.90,0.0000,true,1,2413795
7290111776403,false,"4 י""ח עצמות דחוסות ט",,,"4 י""ח עצמות דחוסות ט",יחידה,0.00,יחידה,false,,14.90,0.0000,true,1,2413796
7290111872068,false,לקקן עם סוכריות קופצ,,,לקקן עם סוכריות קופצ,יחידה,0.00,יחידה,false,,1.20,0.0000,true,1,2335680
7290111873010,false,אצבעות שוקולד ממולא בקרם,שמחה זה אנחנו בע`מ,,אצבעות שוקולד בקרם ח,יחידה,0.00,יחידה,false,,4.90,0.0000,true,1,2075562
7290111873034,false,אצ.שוקולד כוח פי ג'יי 50,מאלבי פודס,,אצבעות שוקולד בקרם ח,יחידה,0.00,יחידה,false,,4.90,0.0000,true,1,2075564
7290111873041,false,אצבעות שוקולד ממולא בקרם חלב 50 ג'- מפרץ הרפתקאות,שמחה זה אנחנו,,אצבעות שוקולד בקרם ח,יחידה,0.00,יחידה,false,,4.90,0.0000,true,1,2075565
7290111930805,false,קראנצ'וס טעם ברביקיו 55 גר',ש. שסטוביץ בע`מ,,חטיף קראנצ'וס ברביקי,גרמים,55.00,100 גרם,false,,3.90,0.0709,true,1,1764148
7290111930850,false,קראנצ'וס טעם פיצה 55גר',ש. שסטוביץ בע`מ,,חטיף קראנצ'וס פיצה 5,גרמים,55.00,100 גרם,false,,3.90,0.0709,true,1,1764149
7290111930898,false,חטיף פוף כוכבים גריל אמריקאי 40 גרם,ש. שסטוביץ בע`מ,,חטיף פוף כוכבים גריל,גרמים,40.00,100 גרם,false,,3.90,0.0975,true,1,1797987
7290111930904,false,חטיף פוף כוכבים בצל 40 גרם,ש. שסטוביץ בע`מ,,חטיף פוף כוכבים בצל,גרמים,40.00,100 גרם,false,,3.90,0.0975,true,1,1797988
7290111930911,false,חטיף פוף לבבות קלאסי 40 גרם,ש. שסטוביץ בע`מ,,חטיף פוף לבבות קלאסי,גרמים,40.00,100 גרם,false,,3.90,0.0975,true,1,1797949
7290111930928,false,חטיף פוף לבבות גריל 40 גרם,ש. שסטוביץ בע`מ,,חטיף פוף לבבות גריל,גרמים,40.00,100 גרם,false,,3.90,0.0975,true,1,1797989
7290111930935,false,חטיף פוף טבעות קלאסי 40 גרם,ש. שסטוביץ בע`מ,,חטיף פוף טבעות קלאסי,גרמים,40.00,100 גרם,false,,3.90,0.0975,true,1,1797990
7290111931321,false,"קולגייט משחת שיניים ילדים 6+ מיניונים 50 מ""ל",קולגייט- פלמוליב,,משחת שיניים קולגייט,מיליליטרים,50.00,"100 מ""ל",false,,12.90,0.2580,true,1,1946853
7290111931338,false,סבון רחצה פלמוליב לומינוס מועשר בשמנים טבעיים,קולגייט פלמוליב,,סבון נוזלי פלמוליב ל,מיליליטרים,500.00,"100 מ""ל",false,,15.90,0.0318,true,1,1936368
7290111932502,false,"משחת שיניים קולגייט אופטיק וייט אקספרט וויט 75 מ""ל",ש.שסטוביץ בעמ,,משחת שינים קולגייט א,מיליליטרים,75.00,"100 מ""ל",false,,29.90,0.3987,true,1,2009324
7290111932748,false,"בלונס - קרם לחות רגיל יבש 50 מ""ל",,,"קרם לחות לפנים 50 מ""",מיליליטרים,50.00,"100 מ""ל",false,,16.90,0.3380,true,1,2366063
7290111932755,false,"בלונס - קרם ג'ל לחות לפנים 50 מ""ל",,,קרם ג'ל לחות לפנים 5,מיליליטרים,50.00,"100 מ""ל",false,,16.90,0.3380,true,1,2366064
7290111932786,false,"בלונס - ג'ל לניקוי הפנים רגיל יבש 250 מ""ל",,,ג'ל ניקוי לפנים רגיל,מיליליטרים,230.00,"100 מ""ל",false,,8.90,0.0387,true,1,2366052
7290111932823,false,בלונס קרם גוף במרקם מוס מועשר בפינגרליים,שסטוביץ,,קרם גוף במרקם מוס בל,מיליליטרים,150.00,"100 מ""ל",false,,8.90,0.0593,true,1,2384895
7290111933318,false,פלמוליב ס.נוזלי לומינוס מקדמיה 750 משאבה,קולגייט פלמוליב,,סבון נוזלי פלמוליב ל,מיליליטרים,750.00,"100 מ""ל",false,,19.90,0.0265,true,1,2094096
7290111933325,false,פלמוליב ס.נוזלי לומינוס אבוקדו 750 משאבה,קולגייט פלמוליב,,סבון נוזלי פלמוליב ל,מיליליטרים,750.00,"100 מ""ל",false,,19.90,0.0265,true,1,2094097
7290111933462,false,"רוטב צ'ילי מתוק מאסטר שף 300 מ""ל",ש. שסטוביץ בע`מ,,רוטב צ'ילי מתוק מאסט,מיליליטרים,300.00,"100 מ""ל",false,,9.90,0.0330,true,1,1946070
7290111933554,false,שלישייה עגבניות קוביות מאסטר שף 400 גרם,קונסוריזיו קאסאלסקו,,עגבניות קוביות מארז,גרמים,1200.00,100 גרם,false,,15.90,0.0133,true,1,2049391
7290111933561,false,מאסטר שף תערובת ציפוי נגטס 250 גרם,טסט וסנט קו.לטד,,תערובת לציפוי נאגטס,גרמים,250.00,100 גרם,false,,9.90,0.0396,true,1,2256386
7290111933998,false,קוקי תבנית אינגליקייק עם נייר אפיה 4יח,ש.שסטוביץ בעמ,,תבנית אינגליש עם ניי,יח',4.00,יח',false,,12.90,3.2250,true,1,2193075
7290111934018,false,בלונס קרם עיניים לכל סוגי העור 30 מל,שסטוביץ,,קרם עיניים קלוגן בלו,מיליליטרים,30.00,"100 מ""ל",false,,16.90,0.5633,true,1,2366069
7290111934827,false,"פלמוליב סבון ידיים היגיינה 300 מ""ל",ש.שסטוביץ בעמ,,סבון ידיים פלמוליב 3,מיליליטרים,300.00,"100 מ""ל",false,,10.90,0.0363,true,1,2186405
7290111935527,false,"מ. שיניים קולגייט טוטל קלין מיניט -זוג כשל""פ2*100 גרם",קולגייט פלמוליב,,קולגייט טוטל קלין מי,מיליליטרים,200.00,"100 מ""ל",false,,24.90,0.1245,true,1,2162051
7290111935817,false,דאו ליידי ספיד סטיק סטיק דרמה פנינה 45 ג,ש.שסטוביץ בעמ,,דאודורנט ליידי ספיד,גרמים,45.00,100 גרם,false,,19.90,0.4422,true,1,2274760
7290111935824,false,ליידי ספיד סטיק אומגה 3 דרמה סטיק 45 ג',Colgate - USA,,דאודורנט ליידי ספיד,גרמים,45.00,100 גרם,false,,19.90,0.4422,true,1,2274761
7290111935961,false,מאסטר שף מחית עגבניות 690 גרם,פראנו אנריקו ופיגלי,,מחית עגבניות מאסטר ש,גרמים,690.00,100 גרם,false,,9.90,0.0143,true,1,2266885
7290111936203,false,"ליידי ספיד סטיק דרמה ספריי ויטמין אי 150 מ""ל",ליידי ספיד סטיק Lady Speed Stick,,דאודורנט ספריי ליידי,מיליליטרים,150.00,"100 מ""ל",false,,24.90,0.1660,true,1,2256388
7290111936296,false,"פלמוליב סבון נוזלי בניחוח סנסיישן מסאז' ,750 מ""ל",קולגייט פלמוליב,,סבון נוזלי פלמוליב א,מיליליטרים,750.00,"100 מ""ל",false,,17.90,0.0239,true,1,2222416
7290111936487,false,"קולגייט זוג משחת שיניים טוטל קלין להלבנה 100 מ""ל",קולגייט פלמוליב,,קולגייט טוטל הלבנה 1,מיליליטרים,200.00,"100 מ""ל",false,,24.90,0.1245,true,1,2162056
7290111936647,false,"משחת שיניים קולגייט מקס כחול 125 מ""ל*2 כשלפ",קולגייט פלמוליב,,מארז זוג קולגייט מקס,מיליליטרים,250.00,"100 מ""ל",false,,24.90,0.0996,true,1,2296324
7290111936784,false,פרי מארז חטיפים 5 יחידות תמרים ואגוזי לוז כשלפ,"טבעית מוצרים מהטבע בע""\מ",,חטיף תמרים וגוזי לוז,גרמים,125.00,100 גרם,false,,15.90,0.1272,true,1,2177333
7290111937231,false,פרי מארז חטיפים 5 יחידות תמרים וקוקוס כשלפ,"טבעית מוצרים מהטבע בע""\מ",,חטיף תמרים וקוקוס FR,גרמים,125.00,100 גרם,false,,15.90,0.1272,true,1,2177335
7290111937248,false,פרי מארז חטיפים 5 יחידות תמרים קשיו ונגיעות לוז כשלפ,"טבעית מוצרים מהטבע בע""\מ",,חטיף תמרים קשיו ונגי,גרמים,125.00,100 גרם,false,,15.90,0.1272,true,1,2177336
7290111937262,false,מארז חמישיית חטיפי תמרים אגוזים ושברי קקאו פרי 125 גרם,"טבעית מוצרים מהטבע בע""\מ",,חטיף תמרים אגוזים וש,גרמים,125.00,100 גרם,false,,15.90,0.1272,true,1,2177337
7290111937644,false,פצצת אמבט קוקוס לכל סוגי העור,בלונס Balloons,,פצצת אמבט קוקוס בלונ,יח',1.00,יח',false,,9.90,9.9000,true,1,2357440
7290111937651,false,פצצת אמבט מנגו לכל סוגי העור,בלונס Balloons,,פצצת אמבט מנגו בלונס,יח',1.00,יח',false,,9.90,9.9000,true,1,2357449
7290111937668,false,פצצת אמבט תפוח לכל סוגי העור,בלונס Balloons,,פצצת אמבט תפוח בלונס,יח',1.00,יח',false,,9.90,9.9000,true,1,2357441
7290111937712,false,רדיד אלומיניום קוקי עטוף בנייר אפייה,ש. שסטוביץ בע`מ,,קוקי רדיד אלומיניום,מטרים,7.50,מטר,false,,12.90,1.7200,true,1,2293313
7290111937729,false,"בלונס - קרם גוף שקדים 200 מ""ל",,,קרם גוף שקדים בלונס,מיליליטרים,200.00,"100 מ""ל",false,,8.90,0.0445,true,1,2366089
7290111937781,false,"בלונס קרם גוף אלוורה 200 מ""ל",שסטוביץ,,קרם גוף אלוורה בלונס,מיליליטרים,200.00,"100 מ""ל",false,,8.90,0.0445,true,1,2366090
7290111938481,false,"רוטב סויה בהירה מאסטר שף 300 מ""ל",ש. שסטוביץ בע`מ,,רוטב סויה בהירה מאסט,מיליליטרים,300.00,"100 מ""ל",false,,9.90,0.0330,true,1,2302817
7290111939136,false,קוקי נייר אפייה עגול קוטר 26,קוקי,,קוקי נייר אפייה עגול,יח',20.00,יח',false,,7.90,0.3950,true,1,2293314
7290111939143,false,קוקי נייר אפייה עגול קוטר 28,,,קוקי נייר אפייה עגול,יח',20.00,יח',false,,7.90,0.3950,true,1,2293315
7290111939174,false,קוקי ניילון נצמד עם גומי מידה לארג,ש.שסטוביץ בעמ,,קוקי ניילון נצמד עם,יח',18.00,יח',false,,9.90,0.5500,true,1,2293303
7290111939181,false,קוקי כיסוי ניילון עם גומי מיקס מידות,ש.שסטוביץ בעמ,,קוקי ניילון נצמד עם,יח',20.00,יח',false,,9.90,0.4950,true,1,2293304
7290111961052,false,לידר'ס צ'ויס חטיף ג',,,לידר'ס צ'ויס חטיף ג',יחידה,0.00,יחידה,false,,14.90,0.0000,true,1,2369449
7290111963865,false,אלפה דוג צמח חטיפי ב,,,אלפה דוג צמח חטיפי ב,יחידה,0.00,יחידה,false,,12.90,0.0000,true,1,2369457
7290111964183,false,אלפה דוג צמח חטיף סו,,,אלפה דוג צמח חטיף סו,יחידה,0.00,יחידה,false,,12.90,0.0000,true,1,2369476
7290111964626,false,אלפה דוג צמח חטיף לכ,,,אלפה דוג צמח חטיף לכ,יחידה,0.00,יחידה,false,,12.90,0.0000,true,1,2369484
7290111979279,false,משטח ספיגה ליבוש כלים,,,משטח ספיגה ליבוש כלי,יחידה,0.00,יחידה,false,,9.90,0.0000,true,1,2368746
7290112000057,false,וולייט גל גולד 3 ליטר לשמירה על הבגד,רקיט בנקיזר (ניר איסט) בעמ,,ווליט ג'ל גולד לשמיר,ליטרים,3.00,ליטר,false,,29.90,9.9667,true,1,1820994
7290112000149,false,אירוויק מפיץ אדים אוטמטי מכשיר +מחלוי יסמין,רקיט בנקיזר (ניר איסט) בעמ,,אירוויק מפיץ אדים קו,מיליליטרים,20.00,"100 מ""ל",false,,49.90,2.4950,true,1,1999488
7290112000156,false,"איירוויק מילוי מפיץ אדים אוטמטי לבנדר 20 מ""ל",רקיט בנקיזר (ניר איסט) בעמ,,אירוויק מילוי מפיץ א,מיליליטרים,20.00,"100 מ""ל",false,,19.90,0.9950,true,1,1999489
7290112000163,false,מילוי למפזר אדים בניחוח יסמין ואדמונית,רקיט בנקיזר (ניר איסט) בעמ,,אירוויק מילוי מפיץ א,מיליליטרים,20.00,"100 מ""ל",false,,19.90,0.9950,true,1,1999490
7290112000286,false,"גל לניקוי אסלות סיליט באנג לימון 750 מ""ל",רקיט בנקיזר (ניר איסט) בעמ,,גל אסלות סיליט באנג,מיליליטרים,750.00,"100 מ""ל",false,,9.90,0.0132,true,1,1871014
7290112000293,false,"סיליט באנג ג'ל לחיטוי וניקוי האסלה פרש, 750 מ""ל",רקיט בנקיזר (ניר איסט) בעמ,,גל אסלות סיליט באנג,מיליליטרים,750.00,"100 מ""ל",false,,9.90,0.0132,true,1,1871015
7290112000385,false,מנקה ומחטא עוצמתי למטבח ללא אקונומיקה,רקיט בנקיזר (ניר איסט) בעמ,,תרסיס למטבח דטול 750,מיליליטרים,750.00,"100 מ""ל",false,,14.90,0.0199,true,1,2068402
7290112000392,false,מנקה ומחטא עוצמתי לחדר האמבטיה ללא אקונומיקה,רקיט בנקיזר (ניר איסט) בעמ,,תרסיס לאמבטיה דטול 7,מיליליטרים,750.00,"100 מ""ל",false,,14.90,0.0199,true,1,2069277
7290112000408,false,מנקה ומחטא עוצמתי לניקוי כללי בניחוח לימון,רקיט בנקיזר (ניר איסט) בעמ,,תרסיס דטול לניקוי כל,מיליליטרים,750.00,"100 מ""ל",false,,14.90,0.0199,true,1,2068392
7290112000736,false,פיניש טבליות AIO 80 יח` אריזת חיסכון,רקיט בנקיזר (ניר איסט) בעמ,,פיניש 80 טבליות AIO,יח',80.00,יח',false,,54.90,0.6862,true,1,1999493
7290112000798,false,"דיטול תרסיסי חיטוי וניקוי אנטי בקטריאלי 750 מ""ל",רקיט בנקיזר (ניר איסט) בעמ,,תרסיס דטול לניקוי וח,מיליליטרים,750.00,"100 מ""ל",false,,14.90,0.0199,true,1,2069278
7290112000828,false,דטול - מגבונים חיטוי וניקוי אנטי בקטריאלי 60 יח',רקיט בנקיזר (ניר איסט) בעמ,,דטול מגבונים לניקוי,יח',60.00,יח',false,,14.90,0.2483,true,1,2069279
7290112000842,false,דטול מגבונים לניקוי כללי בניחות לימון 60 יח',רקיט בנקיזר (ניר איסט) בעמ,,דטול מגבונים לניקוי,יח',60.00,יח',false,,14.90,0.2483,true,1,2068397
7290112000873,false,מטליות לחות לחדר האמבטיה מנקה ומחטא עוצמתי,רקיט בנקיזר (ניר איסט) בעמ,,דטול מגבונים לאמבטיה,יח',60.00,יח',false,,14.90,0.2483,true,1,2069280
7290112000880,false,מטליות לחות למטבח מנקה ומחטא עוצמתי,רקיט בנקיזר (ניר איסט) בעמ,,דטול מגבונים למטבח 6,יח',60.00,יח',false,,14.90,0.2483,true,1,2068403
7290112001016,false,"אירוויק פרשמטיק מכשיר אוטמטי ומלוי בניחוח תענוגות האביב 250 מ""ל",רקיט בנקיזר (ניר איסט) בעמ,,מבשם אויר מכשיר אוטו,מיליליטרים,250.00,"100 מ""ל",false,,49.90,0.1996,true,1,2069293
7290112001023,false,"אירוויק ספרי אוטמטי מילוי תענוגות האביב 250 מ""ל",רקיט בנקיזר (ניר איסט) בעמ,,מילוי מבשם אויר אוטו,מיליליטרים,250.00,"100 מ""ל",false,,19.90,0.0796,true,1,2069294
7290112001030,false,"אירוויק ספרי אוטמטי מילוי פריחת הדובדבן 250 מ""ל",רקיט בנקיזר (ניר איסט) בעמ,,מילוי מבשם אויר אוטו,מיליליטרים,250.00,"100 מ""ל",false,,19.90,0.0796,true,1,2069295
7290112001221,false,מנקה מכונת כביסה בניחוח נקי ורענן,רקיט בנקיזר (ניר איסט) בעמ,,קולון מנקה למכונת כב,מיליליטרים,250.00,"100 מ""ל",false,,19.90,0.0796,true,1,2069296
7290112001238,false,"מנקה מכונת כביסה קולון לימון 250 מ""ל",רקיט בנקיזר (ניר איסט) בעמ,,קולון מנקה למכונת כב,מיליליטרים,250.00,"100 מ""ל",false,,19.90,0.0796,true,1,2069297
7290112001436,false,"פיניש מנקה מדיח כלים בניחוח לימון 250 מ""ל",רקיט בנקיזר (ניר איסט) בעמ,,מנקה מדיח כלים 250 מ,מיליליטרים,250.00,"100 מ""ל",false,,14.90,0.0596,true,1,2281816
7290112001870,false,"סיליט באנג ספריי ניקוי אמבטיה 750 מ""ל",רקיט בנקיזר (ניר איסט) בעמ,,סיליט באנג לאמבטיות,מיליליטרים,750.00,"100 מ""ל",false,,14.90,0.0199,true,1,2277780
7290112001900,false,פיניש ג'ל למדיח אקולוגי 1 ליטר,רקיט בנקיזר (ניר איסט) בעמ,,פיניש ג'ל 1 ליטר אקו,ליטרים,1.00,ליטר,false,,42.90,42.9000,true,1,2277781
7290112002099,false,קולון גל כביסה מרוכז 2.5 ליטר קלאסי,רקיט בנקיזר (ניר איסט) בעמ,,ג'ל קולון 2.5 ליטר ר,ליטרים,2.50,ליטר,false,,21.90,8.7600,true,1,2281642
7290112002105,false,קולון גל כביסה מרוכז 2.5 ליטר ניחוח לילך,רקיט בנקיזר (ניר איסט) בעמ,,ג'ל קולון 2.5 ליטר מ,ליטרים,2.50,ליטר,false,,21.90,8.7600,true,1,2281643
7290112002112,false,ג'ל כביסה מרוכז קולון 101 בניחוח ורדים,רקיט בנקיזר (ניר איסט) בעמ,,ג'ל קולון 2.5 ליטר ב,ליטרים,2.50,ליטר,false,,21.90,8.7600,true,1,2281644
7290112002129,false,ג'ל כביסה מרוכז קולון 101 בניחוח פריחה מרענן,רקיט בנקיזר (ניר איסט) בעמ,,ג'ל קולון 2.5 ליטר ב,ליטרים,2.50,ליטר,false,,21.90,8.7600,true,1,2281645
7290112002136,false,ג'ל כביסה מרוכז קולון 101 קלאסי,רקיט בנקיזר (ניר איסט) בעמ,,קולון ג'ל 4 ליטר רגי,ליטרים,4.00,ליטר,false,,34.90,8.7250,true,1,2281646
7290112002143,false,ג'ל כביסה מרוכז קולון 101 בניחוח לילך,רקיט בנקיזר (ניר איסט) בעמ,,קולון ג'ל 4 ליטר ליל,ליטרים,4.00,ליטר,false,,34.90,8.7250,true,1,2281647
7290112002150,false,ג'ל כביסה מרוכז קולון 101 בניחוח ורדים,רקיט בנקיזר (ניר איסט) בעמ,,קולון ג'ל 4 ליטר בני,ליטרים,4.00,ליטר,false,,34.90,8.7250,true,1,2281648
7290112002167,false,קולון ג'ל כביסה בניחוח פריחה מרענן ירוק 4 ליטר,רקיט בנקיזר (ניר איסט) בעמ,,קולון ג'ל 4 ליטר בני,ליטרים,4.00,ליטר,false,,34.90,8.7250,true,1,2281649
7290112002457,false,דטול - שלישיית מגבונים לניקוי וחיטוי בניחוח לימון,רקיט בנקיזר (ניר איסט) בעמ,,דטול מגבונים לניקוי,יח',180.00,יח',false,,21.90,0.1217,true,1,2293310
7290112002990,false,"סיליט ספריי אבקת סודה להסרת שומנים 750 מ""ל",רקיט בנקיזר (ניר איסט) בעמ,,ספריי לניקוי כללי סי,מיליליטרים,750.00,"100 מ""ל",false,,19.90,0.0265,true,1,2311708
7290112003072,false,קולון מבשם בדים משב רוח ים (כחול),רקיט בנקיזר (ניר איסט) בעמ,,קולון מבשם בדים משב,מיליליטרים,300.00,"100 מ""ל",false,,19.90,0.0663,true,1,2331232
7290112003188,false,קולון קפסולות ג'ל 60 יח' אריזת חיסכון,רקיט בנקיזר (ניר איסט) בעמ,,קולון קפסולות ג'ל לכ,יח',60.00,יח',false,,54.90,0.9150,true,1,2330049
7290112003232,false,אבקת כביסה בניחוח לבנדר קולון 5 ק''ג,רקיט בנקיזר (ניר איסט) בעמ,,"אבקת כביסה 5 ק""ג קול",קילוגרמים,5.00,"ק""ג",false,,39.90,7.9800,true,1,2311695
7290112003249,false,אבקת כביסה בניחוח מאסק קולון 5 ק''ג,רקיט בנקיזר (ניר איסט) בעמ,,"אבקת כביסה 5 ק""ג קול",קילוגרמים,5.00,"ק""ג",false,,39.90,7.9800,true,1,2311696
7290112003256,false,אבקת כביסה קולון 101 בניחוח לבנדר,רקיט בנקיזר (ניר איסט) בעמ,,"אבקת כביסה 1.25ק""ג -",קילוגרמים,1.25,"ק""ג",false,,19.90,15.9200,true,1,2311687
7290112003423,false,"אירוויק מקלות ריחניים יער אננס ורוזמרין 80 מ""ל",רקיט בנקיזר (ניר איסט) בעמ,,מקלות ריחניים אננס ו,מיליליטרים,80.00,"100 מ""ל",false,,24.90,0.3112,true,1,2333755
7290112003508,false,"מבשם אוויר אירוויק ספריי יער ועשבי בר 236 מ""ל",רקיט בנקיזר (ניר איסט) בעמ,,מבשם אויר ספריי אירו,מיליליטרים,236.00,"100 מ""ל",false,,19.90,0.0843,true,1,2333765
7290112003515,false,"מבשם אוויר אירוויק ספריי ורדים וגרניום 236 מ""ל",רקיט בנקיזר (ניר איסט) בעמ,,מבשם אויר ספריי אירו,מיליליטרים,236.00,"100 מ""ל",false,,19.90,0.0843,true,1,2333770
7290112003522,false,איירוויק בוטניקה נר ריחני בניחוח אננס ור,רקיט בנקיזר (ניר איסט) בעמ,,נר ריחני אירוויק אנ,גרמים,205.00,100 גרם,false,,24.90,0.1215,true,1,2333758
7290112003843,false,"קלגון גל אנטי בקטריאלי 750 מ""ל",רקיט בנקיזר,,ג'ל למניעת אבנית אנט,מיליליטרים,750.00,"100 מ""ל",false,,27.90,0.0372,true,1,2355773
7290112004031,false,ג'ל מסיר כתמים לכביסה צבעונית וניש אוקסי אקשן,רקיט בנקיזר (ניר איסט) בעמ,,"וניש גולד ג'ל 940 מ""",מיליליטרים,940.00,"100 מ""ל",false,,24.90,0.0265,true,1,2380822
7290112004161,false,"ספריי אוטמטי מילוי בניחוח סנטורל 250 מ""ל אירוויק",רקיט בנקיזר (ניר איסט) בעמ,,מילוי מבשם אויר אוטו,מיליליטרים,250.00,"100 מ""ל",false,,19.90,0.0796,true,1,2332466
7290112004208,false,פיניש טבליות למדיח הכל ב 1 לימון 50 יחידות,רקיט בנקיזר (ניר איסט) בעמ,,פיניש 50 טבליות לימו,יח',50.00,יח',false,,34.90,0.6980,true,1,2363883
7290112004314,false,"דטול - תרסיס חיטוי וניקוי בניחוח לימון רימונים 750 מ""ל",רקיט בנקיזר (ניר איסט) בעמ,,תרסיס למטבח דטול רימ,מיליליטרים,750.00,"100 מ""ל",false,,14.90,0.0199,true,1,2363827
7290112004321,false,מגבונים לניקוי כללי בניחוח רימונים וליים 60 יח' דטול,רקיט בנקיזר (ניר איסט) בעמ,,דטול מגבונים למטבח ב,יח',60.00,יח',false,,14.90,0.2483,true,1,2363828
7290112004413,false,"ספריי וניש קליה להסרת כתמים לבגדים לבנים 750 מ""ל",רקיט בנקיזר (ניר איסט) בעמ,,וניש ספריי לבן 750 מ,מיליליטרים,750.00,"100 מ""ל",false,,19.90,0.0265,true,1,2396783
7290112004451,false,דטול - מחטא כביסה לספורט 1.50 ליטר,רקיט בנקיזר (ניר איסט) בעמ,,מחטא כביסה דטול לספו,ליטרים,1.50,ליטר,false,,14.90,9.9333,true,1,2382006
7290112004468,false,דטול - מחטא כביסה לכותנה 1.50 ליטר,רקיט בנקיזר (ניר איסט) בעמ,,מחטא כביסה דטול לכות,ליטרים,1.50,ליטר,false,,14.90,9.9333,true,1,2382007
7290112004604,false,דטול - שלישיית מגבונים לניקוי וחיטוי בניחוח לימון רימונים,רקיט בנקיזר (ניר איסט) בעמ,,דטול מגבונים לניקוי,יח',180.00,יח',false,,21.90,0.1217,true,1,2363829
7290112004611,false,"וניש קליה ג'ל מרוכז לטיפול נקודתי בכתמים 200 מ""ל",רקיט בנקיזר (ניר איסט) בעמ,,ג'ל מרוכז להסרת כתמי,מיליליטרים,200.00,"100 מ""ל",false,,14.90,0.0745,true,1,2396784
7290112004703,false,וניש תוסף כביסה גל מרוכז-כביסה צבעונית,רקיט בנקיזר (ניר איסט) בעמ,,ג'ל וניש ג'ליסימו 75,מיליליטרים,750.00,"100 מ""ל",false,,19.90,0.0265,true,1,2427393
7290112004710,false,וניש תוסף כביסה גל מרוכז-כביסה לבנה,רקיט בנקיזר (ניר איסט) בעמ,,ג'ל וניש ג'ליסימו 75,מיליליטרים,750.00,"100 מ""ל",false,,19.90,0.0265,true,1,2427394
7290112004772,false,אירוויק מילוי מבשם חשמלי כביסה באוויר,רקיט בנקיזר (ניר איסט) בעמ,,מילוי מבשם אויר חשמל,מיליליטרים,19.00,"100 מ""ל",false,,19.90,1.0474,true,1,2408304
7290112004963,false,"פיניש אולטימייט קפסולות לניקוי כלים במדיח, 25 יחידות",רקיט בנקיזר (ניר איסט) בעמ,,טבליות למדיח כלים 25,יח',25.00,יח',false,,34.90,1.3960,true,1,2414971
7290112004970,false,פיניש אולטימייט קוואנטום 50 טבליות למדיח,רקיט בנקיזר (ניר איסט) בעמ,,טבליות למדיח כלים 50,יח',50.00,יח',false,,54.90,1.0980,true,1,2414972
7290112005045,false,וניש מסיר כתמים אבקה לכביסה לבנה 480 גרם,רקיט בנקיזר (ניר איסט) בעמ,,וניש אבקה לכביסה לבנ,גרמים,480.00,100 גרם,false,,14.90,0.0310,true,1,2414973
7290112005052,false,וניש תוסף כביסה רב תכליתי לבגדים לבנים,רקיט בנקיזר (ניר איסט) בעמ,,וניש אבקה לכביסה לבנ,קילוגרמים,1.50,"ק""ג",false,,39.90,26.6000,true,1,2414974
7290112005076,false,וניש תוסף כביסה רב תכליתי צבעוני 480 גרם,רקיט בנקיזר (ניר איסט) בעמ,,וניש אבקה לכביסה צבע,גרמים,480.00,100 גרם,false,,14.90,0.0310,true,1,2414975
7290112005083,false,וניש תוסף כביסה רב תכליתי לכביסה צבעונית,רקיט בנקיזר (ניר איסט) בעמ,,וניש אבקה לכביסה צבע,קילוגרמים,1.50,"ק""ג",false,,39.90,26.6000,true,1,2414976
7290112005168,false,פיניש אולטימייט קוואנטום לימון 60 טבליות למדיח,רקיט בנקיזר (ניר איסט) בעמ,,טבליות למדיח כלים 60,יח',60.00,יח',false,,54.90,0.9150,true,1,2414984
7290112192158,false,"ניוקי תפו""א 500 גרם ללא גלוטן",גורי מוצרי צריכה בעמ,,"ניוקי תפו""א ללא גלוט",גרמים,500.00,100 גרם,false,,9.90,0.0198,true,1,2275990
7290112192295,false,עוגיות סנדויץ במילוי תות ללא גלוטן 200 ג,גורי מוצרי צריכה (1991) בעמ,,עוגיות סנדויץ שוקולד,גרמים,200.00,100 גרם,false,,18.90,0.0945,true,1,2099302
7290112192561,false,"משחת שיניים פרודונטקס הגנה מלאה מרעננת הלבנה 75 מ""ל",ג'י.אס.קיי קונסיומר,,משחת שיניים הגנה מלא,מיליליטרים,75.00,"100 מ""ל",false,,29.90,0.3987,true,1,2281148
7290112192578,false,משחת שיניים פרודונטקס אקסטרה פרש הגנה מלאה,ג'י.אס.קיי קונסיומר,,משחת שיניים הגנה מלא,מיליליטרים,75.00,"100 מ""ל",false,,29.90,0.3987,true,1,2281149
7290112192585,false,פרודונטקס מברשת שיניים הגנה מלאה סופט,גלקסוס סמית קליין,,מברשת שיניים הגנה מל,מיליליטרים,75.00,"100 מ""ל",false,,29.90,0.3987,true,1,2281150
7290112192875,false,"סנסודיין - משחת שיניים רגישות וחניכיים 75 מ""ל",סנסודיין Sensodyne,,סנסודיין משחת שיניים,מיליליטרים,75.00,"100 מ""ל",false,,29.90,0.3987,true,1,2285832
7290112192882,false,"סנסודיין - משחת שיניים רגישות וחניכיים מלבינה 75 מ""ל",ג'י.אס.קיי קונסיומר,,סנסודיין משחת שיניים,מיליליטרים,75.00,"100 מ""ל",false,,29.90,0.3987,true,1,2285833
7290112192905,false,מברשת לשיניים רגישות ובעיות חניכיים סנסודיין,סנסודיין Sensodyne,,סנסודיין מברשת רגישו,יחידה,0.00,יחידה,false,,24.90,0.0000,true,1,2285841
7290112192998,false,סטייל מתולתלות קרם לחות לשיער מקורזל 400,גורי,,סטייל קרם לחות לשיער,מיליליטרים,400.00,"100 מ""ל",false,,32.90,0.0822,true,1,2427795
7290112193292,false,"סטייל - מתולתלות מסכה לטיפול עמוק 500 מ""ל",א.ל.ארמן ייצור תמרוקים ב,,סטייל מסכה מתולתלת,מיליליטרים,500.00,"100 מ""ל",false,,32.90,0.0658,true,1,2312957
7290112193308,false,"סטייל - מתולתלות גלייז מעצב ומאיץ ברק לשיער 400 מ""ל",א.ל. ארמן,,סטייל גלייז מתולתלת,מיליליטרים,400.00,"100 מ""ל",false,,32.90,0.0822,true,1,2312958
7290112193582,false,תערובת להכנת עוגה שוקולד 500 גר G FREE,גורי מוצרי צריכה (1991) בעמ,,תערובת לעוגה,גרמים,480.00,100 גרם,false,,16.90,0.0352,true,1,2298229
7290112193889,false,"סטייל - אל סבון ארומטי שחור 500 מ""ל",רנקסאן פלסטיק יאנגר סאן,,אל סבון ארומטי משאבה,מיליליטרים,500.00,"100 מ""ל",false,,8.90,0.0178,true,1,2344429
7290112193896,false,"סטייל - אל סבון ארומטי זהב 500 מ""ל",רנקסאן פלסטיק יאנגר סאן,,אל סבון ארומטי משאבה,מיליליטרים,500.00,"100 מ""ל",false,,8.90,0.0178,true,1,2344430
7290112197061,false,"סטייל - תחליב רחצה לניקוי וטיפוח הידיים ארגן 500 מ""ל",רנקסאן פלסטיק יאנגר,,תחליב רחצה לידיים אר,מיליליטרים,500.00,"100 מ""ל",false,,11.90,0.0238,true,1,2405969
7290112197078,false,"סטייל - תחליב רחצה לניקוי וטיפוח הידיים חמאת שיאה 500 מ""ל",רנקסאן פלסטיק יאנגר,,תחליב רחצה לידיים חמ,מיליליטרים,500.00,"100 מ""ל",false,,11.90,0.0238,true,1,2405970
7290112197122,false,"סטייל - סבון ידיים ירוק 500 מ""ל חדש",רנקסאן פלסטיק יאנגר,,אל סבון ארומטי משאבה,מיליליטרים,500.00,"100 מ""ל",false,,8.90,0.0178,true,1,2421327
7290112197139,false,"סטייל - סבון ידיים אדום 500 מ""ל חדש",רנקסאן פלסטיק יאנגר,,אל סבון ארומטי משאבה,מיליליטרים,500.00,"100 מ""ל",false,,8.90,0.0178,true,1,2421328
7290112197184,false,דגני בוקר במילוי קרם קרמל מלוח ללא גלוטן 375 ג' G FREE,גורי מוצרי צריכה (1991) בעמ,,דגני בוקר במילוי קר,גרמים,375.00,100 גרם,false,,21.90,0.0584,true,1,2398417
7290112197191,false,דגני בוקר כהים במילוי קרם וניל ללא גלוטן 375 ג' G FREE,גורי מוצרי צריכה (1991) בעמ,,דגני בוקר כהים במיל,גרמים,375.00,100 גרם,false,,21.90,0.0584,true,1,2398418
7290112197207,false,מיני כריות בציפוי שוקולד חלב מעולה 65ג,גורי מוצרי צריכה (1991) בעמ,,דגני בוקר מיני כריו,גרמים,65.00,100 גרם,false,,7.90,0.1215,true,1,2398419
7290112197238,false,מיני קורנפלקס בציפוי שוקולד חלב מעולה,גורי מוצרי צריכה 1991 בע`מ,,דגני בוקר מיני קורנ,גרמים,65.00,100 גרם,false,,7.90,0.1215,true,1,2398426
7290112328755,false,נעלי קלוגס פרוזן,,,נעלי קלוגס פרוזן,יחידה,0.00,יחידה,false,,34.90,0.0000,true,1,2325727
7290112330352,false,"יוגורט PRO בטעם וניל 0% , 20 גרם חלבון בגביע",שטראוס גרופ בעמ/מצונן,,דנונה פרו 20 גרם חלב,גרמים,200.00,100 גרם,false,,5.90,0.0295,true,1,2222440
7290112330390,false,דנונה פרו פירות יער 20 גרם חלבון 0% שומן 200 גרם,שטראוס גרופ בעמ/מצונן,,דנונה פרו 20 גרם חלב,גרמים,200.00,100 גרם,false,,5.90,0.0295,true,1,2222441
7290112330420,false,דנונה פרו לבן 2.9% שומן בודד 150גר,שטראוס גרופ בעמ/מצונן,,דנונה פרו לבן 2.9% ש,גרמים,150.00,100 גרם,false,,4.40,0.0293,true,1,2166323
7290112332585,false,פריכיות משולש תפוא אורז בתיבול סלק ומלח ים אנרג'י 30 גרם,"פרח תעשיו מזון בע""מ",,פירכיות משולשות בתיב,גרמים,30.00,100 גרם,false,,4.90,0.1633,true,1,2253838
7290112332691,false,פינוקיות עוגיות קרם פסק זמן אגוזים 200 גרם,"הגביע מוצרי וופלים בע""\מ",,פינוקיות עוגיית קרם,גרמים,200.00,100 גרם,false,,9.90,0.0495,true,1,2266731
7290112332875,false,מסטיק מאסט קוביות בטעם מנטה עדינה 86 ג' עלית,שטראוס גרופ בע`מ,,מסטיק קוביות מנטה עד,גרמים,86.00,100 גרם,false,,12.90,0.1500,true,1,2201331
7290112332899,false,עלית - צנצנת בזוקה פופים קלאסי 58 גרם,שטראוס גרופ בע`מ,,קופסאת מסטיק בזוקה פ,גרמים,58.00,100 גרם,false,,8.90,0.1534,true,1,2253812
7290112335111,false,מסטיק מאסט קוביות בזוקה ללא גלוטן 86 גר,שטראוס גרופ בע`מ,,מסטיק קוביות בטעם בז,גרמים,86.00,100 גרם,false,,12.90,0.1500,true,1,2201334
7290112335487,false,הפריכיות הטעימות קצח ודגנים אנרג'י 135 גרם,אנרג'י Energy - שטראוס,,הפירכיות הטעימות קצח,גרמים,135.00,100 גרם,false,,11.90,0.0881,true,1,2253814
7290112335494,false,הפריכיות הטעימות תפוחי אדמה בטעם פוטטוס,"פרח תעשיות מזון בע""\מ",,הפירכיות הטעימות פוט,גרמים,135.00,100 גרם,false,,11.90,0.0881,true,1,2270138
7290112335500,false,"פרכיות אנרג'י חומוס,אורז,עדשים שחורות וקינואה 135 גרם","פרח תעשיות מזון בע""\מ",,הפירכיות הטעימות חלב,גרמים,135.00,100 גרם,false,,11.90,0.0881,true,1,2253815
7290112336637,false,סוכריות מאסט Must ללא סוכר יוגורט תות ואוכניות,שטראוס גרופ בע`מ,,סוכריות מאסט ללא סוכ,גרמים,80.00,100 גרם,false,,7.90,0.0988,true,1,2280215
7290112336644,false,סוכריות מאסט ללא סוכר לימון 80 ג' עלית,שטראוס גרופ בע`מ,,סוכריות מאסט ללא סוכ,גרמים,80.00,100 גרם,false,,7.90,0.0988,true,1,2280216
7290112336651,false,סוכריות מאסט ללא סוכר ריבת חלב 80 ג' עלית,שטראוס גרופ בע`מ,,סוכריות מאסט ללא סוכ,גרמים,80.00,100 גרם,false,,7.90,0.0988,true,1,2280217
7290112336712,false,יוגורט PRO לבן 0% 21 גרם חלבון בגביע,שטראוס גרופ בעמ/מצונן,,דנונה פרו 21 גרם חלב,גרמים,200.00,100 גרם,false,,5.90,0.0295,true,1,2181494
7290112337474,false,סוכריות מאסט ללא סוכר פטל לימון 80 ג' עלית,שטראוס גרופ בע`מ,,סוכריות מאסט ללא סוכ,גרמים,80.00,100 גרם,false,,7.90,0.0988,true,1,2280218
7290112337481,false,סוכריות מאסט ללא סוכר קפצ''ינו 80 ג' עלית,שטראוס גרופ בע`מ,,סוכריות מאסט ללא סוכ,גרמים,80.00,100 גרם,false,,7.90,0.0988,true,1,2280219
7290112338877,false,מעדן גבינה בטעם תות 3% 125ג' סקי,שטראוס גרופ בעמ/מצונן,,סקי תות 3% 125 גרם,גרמים,125.00,100 גרם,false,,3.70,0.0296,true,1,2134208
7290112339171,false,מעדן מוס שוקולד 81 גר`מילקי,שטראוס גרופ בעמ/מצונן,,מילקי מוס,גרמים,81.00,100 גרם,false,,3.20,0.0395,true,1,2134210
7290112339867,false,גמדים לדרך גבינה לבנה עם מחית תות,שטראוס גרופ בעמ/מצונן,,גמדים סקוויז לדרך בו,גרמים,100.00,100 גרם,false,,5.50,0.0550,true,1,2181630
7290112339874,false,גמדים לדרך גבינה לבנה עם מחיות תות ובננה,שטראוס גרופ בעמ/מצונן,,גמדים סקוויז לדרך בו,גרמים,100.00,100 גרם,false,,5.50,0.0550,true,1,2181629
7290112340122,false,הפריכיות הטעימות 3 דגנים אנרג'י 135 גרם,"פרח תעשיות מזון בע""\מ",,הפירכיות הטעימות 3 ד,גרמים,135.00,100 גרם,false,,11.90,0.0881,true,1,2253820
7290112340245,false,מסטיק מאסט צנצנת בטעם דובדבן 66 גר` מגדי,"שטראוס גרופ בע""\מ",,קופסאת מסטיק מאסט בט,גרמים,66.00,100 גרם,false,,8.90,0.1348,true,1,2201335
7290112340252,false,צנצנת מסטיק מאסט בטעם אבטיח מלון 66 ג' עלית,"שטראוס גרופ בע""\מ",,קופסאת מסטיק מאסט בט,גרמים,66.00,100 גרם,false,,8.90,0.1348,true,1,2201336
7290112340276,false,פינוקיות עוגיית קרם קפה נמס 200 גרם,"הגביע מוצרי וופלים בע""\מ",,עוגיית קרם קפה נמס,גרמים,200.00,100 גרם,false,,9.90,0.0495,true,1,2266733
7290112340900,false,קפה טורקי האג נטול קפאין 200 גרם,הנסיך- מפעל לייצור ט,,קפה טורקי האג 200 גר,גרמים,200.00,100 גרם,false,,25.90,0.1295,true,1,2319285
7290112341556,false,יוגורט אקטיביה עם צ'יה ותות 150 גרם,שטראוס גרופ בעמ/מצונן,,יוגורט אקטיביה עם צ',גרמים,150.00,100 גרם,false,,4.50,0.0300,true,1,2280440
7290112341679,false,אקטיביה יוגורט 3% דנונה (200 גרם),שטראוס גרופ בעמ/מצונן,,אקטיבייה 3% 200 גרם,גרמים,200.00,100 גרם,false,,3.90,0.0195,true,1,2280441
7290112341686,false,שמינייה יוגורט לבן אקטיביה 3% דנונה 150 גרם.,שטראוס גרופ בעמ/מצונן,,מארז 8 יח' אקטיביה 3,גרמים,1200.00,100 גרם,false,,18.90,0.0157,true,1,2280458
7290112342102,false,סימפוניה גבינה במרקם שמנת בצל מקורמל 5%,שטראוס גרופ בעמ/מצונן,,סימפוניה בצל מקורמל,גרמים,200.00,100 גרם,false,,10.90,0.0545,true,1,2289108
7290112342270,false,קפה פלטינום אינטנס מחוזק ב- 10% אספרסו,שטראוס קפה בי.וי,,קפה פלטינום אינטנס 1,גרמים,125.00,100 גרם,false,,19.90,0.1592,true,1,2278862
7290112343260,false,"יטבתה רוטב שמנת קלאסי 9% שומן 260 מ""ל",שטראוס גרופ בעמ/מצונן,,רוטב שמנת קלאסי 9% ש,גרמים,260.00,100 גרם,false,,9.90,0.0381,true,1,2284988
7290112343420,false,"משקה חלב עם דגנים מלאים ובננה פרו יטבתה 350מ""ל",שטראוס גרופ בעמ/מצונן,,משקה יוטבתה פרו ארוח,מיליליטרים,350.00,"100 מ""ל",false,,6.90,0.0197,true,1,2284991
7290112343499,false,חטיף צ'יטוס פאפס אפוי בטעם גבינה,"שטראוס פריטו ליי בע""\מ )",,צ'יטוס פאפס 55 גרם,גרמים,55.00,100 גרם,false,,3.50,0.0636,true,1,2378315
7290112343512,false,צ'יטוס puffs בטעם גבינה 180 גרם,"שטראוס פריטו ליי בע""\מ )",,ציטוס פאפס 160 גרם,גרמים,160.00,100 גרם,false,,7.90,0.0494,true,1,2378316
7290112344564,false,רביולי גבינה קלאסי שטראוס 400 ג',שטראוס גרופ בעמ/מצונן,,רביולי גבינה 400 גרם,גרמים,400.00,100 גרם,false,,19.90,0.0497,true,1,2280475
7290112344724,false,מילקי בטעם שוקולד בלונדי עם קצפת 133גר,שטראוס גרופ בעמ/מצונן,,מילקי בטעם שוקולד בל,גרמים,133.00,100 גרם,false,,3.20,0.0241,true,1,2285036
7290112344755,false,מילקי עם 26% פחות סוכר 135 גר}שטראוס{,שטראוס גרופ בעמ/מצונן,,מעדן מילקי 26% פחות,גרמים,135.00,100 גרם,false,,2.80,0.0207,true,1,2332632
7290112344786,false,קפה פלטינום קלאסיק עלית 200 גרם,הנסיך- מפעל לייצור ט,,קפה פלטינום קלאסיק,גרמים,200.00,100 גרם,false,,29.90,0.1495,true,1,2300033
7290112344953,false,סימפוניה חציל קלוי גבינה במקרם שמנת 5%,שטראוס גרופ בעמ/מצונן,,סימפוניה חציל קלוי 5,גרמים,200.00,100 גרם,false,,10.90,0.0545,true,1,2344376
7290112345219,false,מארז קפה ברזילאי 25 סטיקים פלטינום 50 ג',שטראוס גרופ בעמ,,מארז 25 סטיקים פלטינ,גרמים,50.00,100 גרם,false,,9.90,0.1980,true,1,2300034
7290112346360,false,בפלות אחת אחת ופל בטעם שוקולד מצופה שוקולד,הגביע מוצרי וופלים ב,,בפלות אחת אחת בציפוי,גרמים,180.00,100 גרם,false,,12.90,0.0717,true,1,2288164
7290112346506,false,דנונה לייט אנד פריי בטעם אפרסק 150 גרם,שטראוס גרופ בעמ/מצונן,,דנונה לייט אנד פרי ב,גרמים,150.00,100 גרם,false,,4.50,0.0300,true,1,2282555
7290112346629,false,דנונה בר יוגורט+קורנפלקס מצופה שוקולד חלב ולבן 172 גרם,שטראוס גרופ בעמ/מצונן,,יוגורט בר עם קורנפלק,גרמים,172.00,100 גרם,false,,4.50,0.0262,true,1,2308788
7290112346797,false,יוגורט אקטיביה שיבולת שועל ושזיף 150 גרם,שטראוס גרופ בעמ/מצונן,,יוגורט אקטיביה שיבול,גרמים,150.00,100 גרם,false,,4.50,0.0300,true,1,2301164
7290112346827,false,שמיניית אקטימל ויטמין C פטל 108 גרם,שטראוס גרופ בעמ/מצונן,,אקטימל מארז 8 יח' וי,גרמים,864.00,100 גרם,false,,19.90,0.0230,true,1,2329995
7290112347008,false,גמדים לדרך גבינה לבנה עם מחית תות ושיבולת שועל,שטראוס גרופ בעמ/מצונן,,גמדים ארוחת בוקר תות,גרמים,100.00,100 גרם,false,,5.50,0.0550,true,1,2285020
7290112347473,false,מארז דנונה לייט אנד פריי תות ואפרסק 150 גרם 8 יחידות,שטראוס גרופ בעמ/מצונן,,מארז 8 דנונה לייט אנ,גרמים,1200.00,100 גרם,false,,25.90,0.0216,true,1,2282559
7290112348142,false,שעועית לבנה 380 גר' בקופסה טעם הטבע,שטראוס גרופ בע`מ,,שעועית לבנה טעם הטבע,גרמים,380.00,100 גרם,false,,6.90,0.0182,true,1,2303285
7290112348616,false,עלית - קפה נמס אגוזי לוז 100 גרם,שטראוס קפה בי.וי,,קפה נמס אגוזי לוז,גרמים,100.00,100 גרם,false,,14.90,0.1490,true,1,2326343
7290112348999,false,הפריכיות הטעימות תירס דקות אנרג'י 135 גרם,שטראוס גרופ בע`מ,,הפירכיות הטעימות תי,גרמים,135.00,100 גרם,false,,11.90,0.0881,true,1,2332376
7290112349316,false,מסטיק בזוקה פופים ממולא בטעם תות ללא סוכר,שטראוס גרופ בע`מ,,מסטיק בזוקה ביג פופי,גרמים,86.00,100 גרם,false,,12.90,0.1500,true,1,2300027
7290112349606,false,מעדן גבינה ויוגורט תות בננה 88 ג' דניאלה,שטראוס גרופ בעמ/מצונן,,מעדן דניאלה תות בננ,גרמים,88.00,100 גרם,false,,3.90,0.0443,true,1,2385636
7290112349705,false,פומודורו רוטב עגבניות קלאסי לפסטה יד מרדכי 350 גרם,אמיליאנה קונסרב סוסייטה,,רוטב עגבניות קלאסי ל,גרמים,350.00,100 גרם,false,,11.90,0.0340,true,1,2288167
7290112349736,false,בזיליקום רוטב עגבניות לפסטה יד מרדכי 350 גרם,אמיליאנה קונסרב סוסייטה,,רוטב עגבניות בזילקום,גרמים,350.00,100 גרם,false,,11.90,0.0340,true,1,2288168
7290112349750,false,פיצה רוטב עגבניות לפיצה יד מרדכי 350 גרם,אמיליאנה קונסרב סוסייטה,,רוטב עגבניות לפיצה 3,גרמים,350.00,100 גרם,false,,11.90,0.0340,true,1,2288170
7290112349897,false,מסטיק מאסט Must קוביות בטעם מנטה ללא סוכר,שטראוס גרופ בע`מ,,מסטיק קוביות מנטה,גרמים,86.00,100 גרם,false,,12.90,0.1500,true,1,2300039
7290112349903,false,רוטב שמנת עם גרגירי וניל 9% שומן 260 ג' יטבתה,שטראוס גרופ בעמ/מצונן,,רוטב שמנת עם גרגירי,גרמים,260.00,100 גרם,false,,9.90,0.0381,true,1,2402551
7290112350275,false,קפסולות LUNGO למכונת נספרסו עלית 10 יחידות,שטראוס קפה בי.וי,,קפסולות LUNGO למכונו,גרמים,55.00,100 גרם,false,,16.50,0.3000,true,1,2293261
7290112350312,false,קפסולות 15 קפה יותר למכונות נספרסו עלית 10יח',הנסיך- מפעל לייצור ט,,קפסולות 15 למכונת נס,גרמים,50.00,100 גרם,false,,16.50,0.3300,true,1,2321520
7290112350589,false,צ`יקו להכנת משקה צ`יקוריה עלית (65 גרם),שטראוס קפה בי.וי,,אבקה להכנת משקה ציקו,גרמים,65.00,100 גרם,false,,10.90,0.1677,true,1,2311340
7290112351067,false,סילאן טבעי 100% תמר מג'הול ללא תוספת סוכר,שטראוס גרופ בע`מ,,סילאן לחיץ 630 גרם,גרמים,630.00,100 גרם,false,,22.90,0.0363,true,1,2300040
7290112351258,false,עוגיית קקאו פינוקיות שחור לבן 200 גר,"הגביע מוצרי ופלים בע""\מ",,פינוקיות שחור לבן,גרמים,200.00,100 גרם,false,,9.90,0.0495,true,1,2319286
7290112351463,false,שלישיית סוכריות מאסט FRESH פטל לימון 45 ג' עלית,"הליקון גידה בע""\מ",,שלישיית סוכריות פרש,גרמים,45.00,100 גרם,false,,7.90,0.1756,true,1,2308416
7290112351470,false,סוכריות ללא סוכר בטעם תות רימון מאסט פרש,"הליקון גידה בע""\מ",,שלישיית סוכריות פרש,גרמים,45.00,100 גרם,false,,7.90,0.1756,true,1,2308417
7290112353412,false,"פריכיות תפו""א, אורז, תירס, אפונה ירוקה, סלק, מלח ים","פרח תעשיו מזון בע""מ",,פירכיות משולשות תפוח,גרמים,30.00,100 גרם,false,,4.90,0.1633,true,1,2312582
7290112353887,false,"משקה קפה קר בטעם אגוזים יטבתה 230 מ""ל",האי נאם סי או אל.טי.,,משקה קפה קר בטעם אגו,מיליליטרים,230.00,"100 מ""ל",false,,7.90,0.0343,true,1,2311053
7290112354174,false,"פסטה רוזה 280 ג""ר ""דלישס"" שטראוס",קפוא-זן תעשיות מזון בעמ - תפוג,,פסטה רוזה,גרמים,280.00,100 גרם,false,,21.90,0.0782,true,1,2384126
7290112354204,false,"ספגטי עגבניות 280 גר' ""דלישס"" שטראוס",קפוא-זן תעשיות מזון בעמ - תפוג,,ספגטי עגבניות 280 גר,גרמים,280.00,100 גרם,false,,21.90,0.0782,true,1,2384129
7290112354211,false,"פיצה מרגריטה""דלישס"" שטראוס",קפוא-זן תעשיות מזון בעמ - תפוג,,פיצה מרגריטה דלישס,גרמים,280.00,100 גרם,false,,25.90,0.0925,true,1,2384130
7290112354228,false,"פיצה מרגריטה עם זיתים ""דלישס"" שטראוס",קפוא זן תעשיות מזון בעמ,,פיצה מרגריטה עם זיתי,גרמים,280.00,100 גרם,false,,25.90,0.0925,true,1,2384131
7290112354235,false,ברקטה פיצה - 2 יחידות במארז,קפוא-זן תעשיות מזון בעמ - תפוג,,ברקטה פיצה,גרמים,300.00,100 גרם,false,,25.90,0.0863,true,1,2384132
7290112354945,false,תפוצ'יפס WAVY בטעם טבעי 50 גרם,שטראוס פריטו ליי בע”,,תפוצ'יפס 50 גרם טבעי,גרמים,50.00,100 גרם,false,,3.90,0.0780,true,1,2427030
7290112354952,false,תפוצ`יפס פפריקה (50 גרם)היתר מכירה,שטראוס פריטו ליי בע”,,תפוצ'יפס 50 גרם פפרי,גרמים,50.00,100 גרם,false,,3.90,0.0780,true,1,2427031
7290112355027,false,דנונה פרו 20 גרם חלבון בטעם קרמל מלוח 200 גרם,שטראוס גרופ בעמ/מצונן,,דנונה פרו 20 גרם חלב,גרמים,200.00,100 גרם,false,,5.90,0.0295,true,1,2332637
7290112355102,false,גמדים סקוויז 100 גרם פאוץ סלט פירות 100 גרם,שטראוס גרופ בעמ/מצונן,,גמדים פאוץ' סלט פירו,גרמים,100.00,100 גרם,false,,5.50,0.0550,true,1,2334376
7290112355393,false,"יטבתה רוטב שמנת+בטטה 9% שומן 250 מ""ל",שטראוס גרופ בעמ/מצונן,,רוטב שמנת עם בטטה יט,גרמים,257.00,100 גרם,false,,9.90,0.0385,true,1,2428074
7290112355812,false,מילקי טופ קורנפלקס 141 ג' שטראוס,שטראוס גרופ בעמ/מצונן,,מעדן מילקי טופ קורנפ,גרמים,141.00,100 גרם,false,,4.30,0.0305,true,1,2407454
7290112356536,false,אבקת קקאו עלית (150 גרם% )+10תוספת,הנסיך- מפעל לייצור ט,,שקית קקאו עלית 150 +,גרמים,165.00,100 גרם,false,,9.90,0.0600,true,1,2311342
7290112357045,false,עגבניות איטלקיות מרוסקות 390 גר' בקופסה טעם הטבע,"שטראוס גרופ בע""מ",,עגבניות איטלקיות מרו,גרמים,390.00,100 גרם,false,,6.90,0.0177,true,1,2303286
7290112357069,false,מחית עגבניות איטלקיות בקופסה 500 גר' טעם הטבע,שטראוס גרופ בע`מ,,מחית עגבניות איטלקית,גרמים,500.00,100 גרם,false,,7.90,0.0158,true,1,2303287
7290112357076,false,קוביות עגבניות איטלקיות 390 גר' בקופסה טעם הטבע,"שטראוס גרופ בע""מ",,עגבניות איטלקיות קוב,גרמים,390.00,100 גרם,false,,6.90,0.0177,true,1,2321509
7290112357083,false,טעם הטבע אפונה ירוקה 380 גרם קופסה,הדקלאים אגודת שיתופי,,אפונת גינה טעם הטבע,גרמים,380.00,100 גרם,false,,6.90,0.0182,true,1,2303297
7290112357106,false,שעועית אדומה 380 גר' בקופסה טעם הטבע,שטראוס גרופ בע`מ,,שעועית אדומה טעם הטב,גרמים,380.00,100 גרם,false,,6.90,0.0182,true,1,2303288
7290112357113,false,גרגרי חומוס בקופסה 380 גר' טעם הטבע,שטראוס גרופ בע`מ,,גרגרי חומוס טעם הטבע,גרמים,380.00,100 גרם,false,,6.90,0.0182,true,1,2303276
7290112357175,false,קפסולות BOOST למכונת נספרסו עלית 10 יחידות,שטראוס קפה בי.וי,,קפסולות BOOST למכונו,גרמים,50.00,100 גרם,false,,16.50,0.3300,true,1,2293262
7290112357618,false,מאסט קוביות מסטיק בטעם פירות טרופיים 58 גרם,אסקום קונפקשיין,,צנצנת קוביות בטעם פי,גרמים,58.00,100 גרם,false,,8.90,0.1534,true,1,2302642
7290112357892,false,שלישיית סוכריות מאסט FRESH מנטה 45 גרם,"הליקון גידה בע""\מ",,שלישיית סוכריות פרש,גרמים,45.00,100 גרם,false,,7.90,0.1756,true,1,2308420
7290112358004,false,פסק זמן חטיף קראנץ עלית( 32 גר`),שולן צ'\יקולטה גידה סאן.,,חטיף פסק זמן קראנץ,גרמים,32.00,100 גרם,false,,4.90,0.1531,true,1,2332209
7290112358127,false,דנונה פרו חלבון+מגנזיום- וניל ועוגיות 200 גרם,שטראוס גרופ בעמ/מצונן,,דנונה פרו 20 גרם עם,גרמים,200.00,100 גרם,false,,5.90,0.0295,true,1,2330001
7290112358219,false,רוטב צ`ילי מתוק יד מרדכי (300 גר`),אף.סי תבליני בגליל ב,,רוטב צ'ילי מתוק 320,גרמים,300.00,100 גרם,false,,12.90,0.0430,true,1,2311348
7290112358233,false,רוטב צ`ילי חריף יד מרדכי (300 גר`),שטראוס גרופ בע`מ,,רוטב צ'ילי חריף 300,גרמים,300.00,100 גרם,false,,12.90,0.0430,true,1,2319288
7290112358240,false,רוטב גריל יד מרדכי 300 גרם,שטראוס גרופ בע`מ,,רוטב לעוף גריל,גרמים,300.00,100 גרם,false,,12.90,0.0430,true,1,2303278
7290112358257,false,רוטב לעוף עם שזיפים יד מרדכי 300 גרם,שטראוס גרופ בע`מ,,רוטב לעוף עם שזיפים,גרמים,300.00,100 גרם,false,,12.90,0.0430,true,1,2303279
7290112358431,false,עד חצות דאבל ביסקוויט עם שוקולד חלב -8 אריזות אישיות,ביסקוויטס טור ד'\אלבון,,ביסקויט עד חצות דאבל,גרמים,200.00,100 גרם,false,,12.90,0.0645,true,1,2353574
7290112358554,false,מארז קפה נמס מנות אישיות לדרך 50.4 גר,שטראוס גרופ בע`מ,,מארז נמס לדרך,גרמים,50.40,100 גרם,false,,11.90,0.2361,true,1,2321521
7290112359353,false,קפה טורקי אלדין ( 200 גר`) עלית,שטראוס קפה בי.וי,,קפה אלדין 200 גרם,גרמים,200.00,100 גרם,false,,18.90,0.0945,true,1,2384175
7290112359384,false,עלית - קפה נמס אלפחורס ריבת חלב 100 גרם,שטראוס קפה בי.וי,,קפה נמס אלפחורס ריבת,גרמים,100.00,100 גרם,false,,14.90,0.1490,true,1,2326355
7290112490032,false,"נמס בכוס טעם תירס קנור 31 גרם מארז זוגי בד""צ",יוניליוור ישראל שיווק בע`מ,,נמס בכוס תירס זוגות,גרמים,45.00,100 גרם,false,,6.50,0.1444,true,1,2017562
7290112490117,false,קליק אקסטרא לארג שוקולד חלב עם וופל ואגוזים,יוניליוור ישראל שיווק בע`מ,,טבלאות קליק ווופל אג,גרמים,85.00,100 גרם,false,,4.90,0.0576,true,1,1931124
7290112490209,false,נמס בכוס מרק עגבניות עם קרוטונים רכיבים טבעיים,יוניליוור ישראל שיווק בע`מ,,נמס בכוס זוג עגבניות,גרמים,56.00,100 גרם,false,,6.50,0.1161,true,1,2005594
7290112490216,false,מרק נמס בכוס בטעם עוף קנור 100% רכיבים טבעיים,יוניליוור ישראל שיווק בע`מ,,נמס בכוס זוג עוף עם,גרמים,48.00,100 גרם,false,,6.50,0.1354,true,1,2005595
7290112490230,false,מרק נמס בכוס אפונה קנור 100% רכיבים טבעיים,יוניליוור ישראל שיווק בע`מ,,נמס בכוס אפונה 100%ר,גרמים,50.00,100 גרם,false,,6.50,0.1300,true,1,2005617
7290112490582,false,חרדל דיג'וןן צרפתי הלמנס 350 גר,יוניליוור ישראל שיווק בע`מ,,חרדל הלמנס דיז'ון,גרמים,350.00,100 גרם,false,,12.90,0.0369,true,1,2018572
7290112490650,false,קונפיטורה תות שדה 340 גרם-צנצנת,יוניליוור ישראל שיווק בע`מ,,קונפיטורת תות שדה 77,גרמים,340.00,100 גרם,false,,12.90,0.0379,true,1,1997381
7290112490667,false,קונפיטורה משמש778 50% פרי 340 גר',יוניליוור ישראל שיווק בע`מ,,קונפיטורת משמש 778 3,גרמים,340.00,100 גרם,false,,12.90,0.0379,true,1,1997372
7290112490674,false,קונפיטורה דובדבנים 778 50% פרי 340 גר-,יוניליוור ישראל שיווק בע`מ,,קונפיטורת דובדבן 778,גרמים,340.00,100 גרם,false,,12.90,0.0379,true,1,1997373
7290112490698,false,קונפיטורה תות שדה לייט 300 גרם-צנצנת,יוניליוור ישראל שיווק בע`מ,,קונפיטורת תות שדה 77,גרמים,260.00,100 גרם,false,,15.90,0.0612,true,1,1997383
7290112490728,false,מרק עשיר ירקות עם בורגול רכיבים טבעיים 95 ג' קנור,יוניליוור ישראל שיווק בע`מ,,מרק עשיר ר.טיבעיים י,גרמים,80.00,100 גרם,false,,9.90,0.1238,true,1,2069455
7290112490735,false,מרק עשיר עגבניות עם פסטה ר.טבעיים 105 גרם קנור,יוניליוור ישראל שיווק בע`מ,,מרק עשיר ר.טיבעיים ע,גרמים,80.00,100 גרם,false,,9.90,0.1238,true,1,2069456
7290112490742,false,מרק עשיר פטריות עם גריסים רכיבים טבעיים 104 ג' קנור,יוניליוור ישראל שיווק בע`מ,,מרק עשיר ר.טיבעיים ג,גרמים,80.00,100 גרם,false,,9.90,0.1238,true,1,2069457
7290112490759,false,מרק עשיר עוף עם אטריות רכיבים טבעיים 74 ג' קנור,יוניליוור ישראל שיווק בע`מ,,מרק עשיר ר.טיבעיים א,גרמים,80.00,100 גרם,false,,9.90,0.1238,true,1,2069458
7290112490896,false,"קנור רוטב צ'ילי חריף 370 מ""ל PAL",יוניליוור ישראל שיווק בע`מ,,רוטב צ'ילי חריף 370,מיליליטרים,370.00,"100 מ""ל",false,,12.90,0.0349,true,1,2084984
7290112491558,false,שישיית שוקולד מריר פרווה ורד הגליל 100 גרם ליח' כשלפ,יוניליוור ישראל שיווק בע`מ,,מאגדת שישייה שוקולד,גרמים,600.00,100 גרם,false,,19.90,0.0332,true,1,2171671
7290112491695,false,קונפיטורה משמש לייט 50%778פרי 260 גר',יוניליוור ישראל שיווק בע`מ,,קונפיטורת מישמש 778,גרמים,260.00,100 גרם,false,,15.90,0.0612,true,1,2306237
7290112491701,false,ברנפלקס בטעם וניל מעודן 20% חלבון Extra Protein,יוניליוור ישראל שיווק בע`מ,,ברנפלקס אקסטרה פרוטא,גרמים,375.00,100 גרם,false,,22.90,0.0611,true,1,2108787
7290112491770,false,בייגלה דקים דקים מלח ים בייגל בייגל 300 גרם.,יוניליוור ישראל שיווק בע`מ,,בייגלה דקים דקים 300,גרמים,300.00,100 גרם,false,,9.90,0.0330,true,1,2100924
7290112491787,false,בייגלה דקים דקים עם שומשום בייגל בייגל 300 גרם,יוניליוור ישראל שיווק בע`מ,,בייגלה דקים דקים עם,גרמים,300.00,100 גרם,false,,9.90,0.0330,true,1,2100925
7290112491794,false,בייגלה דקים דקים בטעם שמנת ובצל בייגל בייגל 300 גרם,יוניליוור ישראל שיווק בע`מ,,בייגלה דקים דקים 300,גרמים,300.00,100 גרם,false,,9.90,0.0330,true,1,2100930
7290112492449,false,פינוק שמפו שיער רגיל 700 מל-חדש,"יוניליוור ישראל שיווק בע""מ",,שמפו פינוק רגיל,מיליליטרים,700.00,"100 מ""ל",false,,11.90,0.0170,true,1,2302528
7290112492456,false,"שמפו פינוק לשיער יבש/פגום 700 מ""ל",יוניליוור ישראל שיווק בע`מ,,שמפו פינוק יבש,מיליליטרים,700.00,"100 מ""ל",false,,11.90,0.0170,true,1,2302435
7290112492470,false,"שמפו ומרכך 2 ב-1 לשיער יבש פינוק 700 מ""ל.",יוניליוור ישראל שיווק בע`מ,,שמפו פינוק 2 ב-1 יבש,מיליליטרים,700.00,"100 מ""ל",false,,11.90,0.0170,true,1,2333215
7290112492487,false,פינוק שמפו לשיער עם שמן מרוקאי 700 מל,יוניליוור ישראל שיווק בע`מ,,שמפו פינוק שמן מרוקא,מיליליטרים,700.00,"100 מ""ל",false,,11.90,0.0170,true,1,2302436
7290112492531,false,"פינוק קונדישנר לשיער רגיל 700מ""ל",יוניליוור ישראל שיווק בע`מ,,מרכך פינוק רגיל,מיליליטרים,700.00,"100 מ""ל",false,,11.90,0.0170,true,1,2285062
7290112492548,false,"מרכך פינוק עם שמן חוחובה 700 מ""ל",יוניליוור ישראל שיווק בע`מ,,מרכך פינוק יבש,מיליליטרים,700.00,"100 מ""ל",false,,11.90,0.0170,true,1,2285063
7290112492579,false,פינוק מרכך בתוספת שמן קוקוס 700 מל-חדש,יוניליוור ישראל שיווק בע`מ,,מרכך פינוק שמן קוקוס,מיליליטרים,700.00,"100 מ""ל",false,,11.90,0.0170,true,1,2285066
7290112492609,false,"תחליב רחצה פינוק 700 מ""ל לבנדר ווניל",יוניליוור ישראל שיווק בע`מ,,תחליב רחצה פינוק לבנ,מיליליטרים,700.00,"100 מ""ל",false,,10.90,0.0156,true,1,2285068
7290112492777,false,"פינוק שמפו ומרכך למניעת קשקשים 2ב-1 700 מ""ל",יוניליוור ישראל שיווק בע`מ,,שמפו ומרכך למניעת קש,מיליליטרים,700.00,"100 מ""ל",false,,14.90,0.0213,true,1,2278900
7290112492982,false,"אבקת מרק פטריות כשל""פ 100% רכיבים טבעיים 400 גרם",יוניליוור ישראל שיווק בע`מ,,מרק פיטריות 400 גר ר,גרמים,400.00,100 גרם,false,,24.90,0.0622,true,1,2284565
7290112492999,false,קנור מרק עוף אמיתי 400 גרם פרווה,יוניליוור ישראל שיווק בע`מ,,קנור מרק טעם עוף 400,גרמים,400.00,100 גרם,false,,14.90,0.0373,true,1,2284176
7290112493088,false,נמס בכוס עדשים מרק רכיבים טבעיים קנור 54 ג',יוניליוור ישראל שיווק בע`מ,,נמס בכוס זוג עדשים 1,גרמים,54.00,100 גרם,false,,6.50,0.1204,true,1,2258111
7290112493095,false,נמס בכוס מרק עגבניות חריף רכיבים טבעיים קנור 48 ג',יוניליוור ישראל שיווק בע`מ,,נמס בכוס זוג עגבניות,גרמים,48.00,100 גרם,false,,6.50,0.1354,true,1,2258112
7290112493293,false,קנור - נמס ירקות וקרוטונים ר.טבעי 44 גרם,יוניליוור ישראל שיווק בע`מ,,נמס בכוס זוג ירקות 1,גרמים,44.00,100 גרם,false,,6.50,0.1477,true,1,2258113
7290112493316,false,מרק היום אפונה 100% רכיבים טביעיים קנור,יוניליוור ישראל שיווק בע`מ,,מרק אפונה 100% רכיבי,גרמים,117.00,100 גרם,false,,9.90,0.0846,true,1,2258114
7290112493927,false,גלידה בטעם ריבת חלב 1.33ל' קרמיסימו,"גלידת שטראוס בע""\מ, רחוב",,גלידה קרמיסימו 1.33,ליטרים,1.33,ליטר,false,,19.90,14.9624,true,1,2286144
7290112494016,false,"מיונז אמיתי מופחת שומן תלמה 500 גרם בד""צ",יוניליוור ישראל שיווק בע`מ,,מיונז תלמה מופחת שומ,גרמים,500.00,100 גרם,false,,9.90,0.0198,true,1,2280194
7290112494153,false,תיבוליות ניחוח צלי קנור( 72 גרם),יוניליוור ישראל שיווק בע`מ,,תיבולית קנור צלי 72,גרמים,72.00,100 גרם,false,,9.90,0.1375,true,1,2281632
7290112494221,false,חטיף ביסקויט שוקולד חלב קליק (65 גרם),יוניליוור ישראל שיווק בע`מ,,קליק בסקוויט 65 גרם.,גרמים,65.00,100 גרם,false,,5.90,0.0908,true,1,2282083
7290112494238,false,חטיף כדורים שוקולד חלב קליק (65 גרם),יוניליוור ישראל שיווק בע`מ,,חטיף שוקולד קליק כדו,גרמים,65.00,100 גרם,false,,5.90,0.0908,true,1,2282084
7290112494276,false,קליק כריות בתפזורת כשר לפסח,יוניליוור ישראל שיווק בע`מ,,קליק כריות חדש 65 גר,גרמים,65.00,100 גרם,false,,5.90,0.0908,true,1,2282086
7290112494283,false,חטיף כדורים מעורב חום לבו 65 גר`קליק,יוניליוור ישראל שיווק בע`מ,,קליק חום לבן 65 גרם.,גרמים,65.00,100 גרם,false,,5.90,0.0908,true,1,2282087
7290112494313,false,קליק - קורנפלקס תפזורת 65 גרם,יוניליוור ישראל שיווק בע`מ,,קליק קורנפלקס 65 גרם,גרמים,65.00,100 גרם,false,,5.90,0.0908,true,1,2282089
7290112494344,false,קורנפלקס של אלופים תלמה (850 גרם)רבנות,יוניליוור ישראל שיווק בע`מ,,קורנפלקס אלופים.ות 8,גרמים,850.00,100 גרם,false,,19.90,0.0234,true,1,2298056
7290112494351,false,קורנפלקס של אלופים תלמה (850 גרם).בדצ,יוניליוור ישראל שיווק בע`מ,,קורנפלקס אלופים 850,גרמים,850.00,100 גרם,false,,19.90,0.0234,true,1,2298057
7290112494382,false,פירה בטעם ביתי 260 גרם-קופסא,יוניליוור ישראל שיווק בע`מ,,קנור פירה בטעם ביתי,גרמים,260.00,100 גרם,false,,12.90,0.0496,true,1,2281387
7290112494610,false,קנור רוטב עגבניות פיקנטי לדג 415 גרם,יוניליוור ישראל שיווק בע`מ,,רוטב קנור פיקנטי לדג,גרמים,415.00,100 גרם,false,,12.90,0.0311,true,1,2281633
7290112494795,false,בדין-ג'ל לכביסה לבנה וצבעונית בניחוח עדין כחול 2.5 ליטר,יוניליוור ישראל שיווק בע`מ,,ג'ל כביסה לבנה וצבעו,ליטרים,2.50,ליטר,false,,32.90,13.1600,true,1,2289240
7290112494825,false,תרחיץ פנים לעור רגיש מכיל 25% קרם לחות,יוניליוור ישראל שיווק בע`מ,,תרחיץ פנים דאב לעור,מיליליטרים,180.00,"100 מ""ל",false,,14.90,0.0828,true,1,2328584
7290112494832,false,תרחיץ פנים לכל סוגי העור מכיל 25% קרם לחות,יוניליוור ישראל שיווק בע`מ,,תרחיץ פנים דאב לעור,מיליליטרים,180.00,"100 מ""ל",false,,14.90,0.0828,true,1,2320577
7290112494993,false,כריות דגנים במילוי וניל בדצ 686 גרם,יוניליוור ישראל שיווק בע`מ,,כריות וניל 686 גרם.,גרמים,686.00,100 גרם,false,,24.90,0.0363,true,1,2282074
7290112495020,false,כריות צוקולדה בדצ מאוחד 750 גר,יוניליוור ישראל שיווק בע`מ,,כריות צוקולדה 686 גר,גרמים,686.00,100 גרם,false,,24.90,0.0363,true,1,2282077
7290112495037,false,דגני בוקר בטעם שוקולד כדורים 375 ג' קוקומן,יוניליוור ישראל שיווק בע`מ,,קוקומן כדורים 375 בד,גרמים,375.00,100 גרם,false,,19.90,0.0531,true,1,2282090
7290112495044,false,דגני קוקומן פצפוצים תלמה (375 גרם),יוניליוור ישראל שיווק בע`מ,,"קוקומן פצפוצים בד""צ",גרמים,375.00,100 גרם,false,,19.90,0.0531,true,1,2282091
7290112495105,false,נשנושים טעם שמנת בצל בייגל בייגל 260 גרם,יוניליוור ישראל שיווק בע`מ,,"נשנושים תפ""וא בצל 26",גרמים,260.00,100 גרם,false,,12.90,0.0496,true,1,2282092
7290112495112,false,נשנושים טעם זעתר בייגל בייגל 260 גרם,יוניליוור ישראל שיווק בע`מ,,נשנושים זעתר 260 גרם,גרמים,260.00,100 גרם,false,,12.90,0.0496,true,1,2282093
7290112495228,false,קורנפלקס נגיעות דבש תלמה 448 גרם,יוניליוור ישראל שיווק בע`מ,,"קורנפלקס דבש בד""צ 44",גרמים,448.00,100 גרם,false,,19.90,0.0444,true,1,2282099
7290112495242,false,קורנפלקס מייפל תלמה 448 גר'.,יוניליוור ישראל שיווק בעמ,,קורנפלקס מייפל 448 ג,גרמים,448.00,100 גרם,false,,19.90,0.0444,true,1,2285091
7290112495280,false,ברנפלקס ריבועי קינמון תלמה (400 גרם),יוניליוור ישראל שיווק בע`מ,,ריבועי ברנפלקס קינמו,גרמים,400.00,100 גרם,false,,22.90,0.0572,true,1,2293409
7290112495433,false,דגני דליפקאן תוספת אגוזי פקאן ושקדים 400 גר,יוניליוור ישראל שיווק בע`מ,,קורנפלקס דליפקאן 400,גרמים,400.00,100 גרם,false,,19.90,0.0497,true,1,2274960
7290112495488,false,קורנפלקס פתיתי תירס קלויים ללא גלוטן 500,יוניליוור ישראל שיווק בע`מ,,קורנפלקס ללא גלוטן 5,גרמים,500.00,100 גרם,false,,24.90,0.0498,true,1,2295457
7290112495662,false,קרקר חיטה מלאה ופשתן בייגל בייגל 300 גרם,יוניליוור ישראל שיווק בע`מ,,קרקר חיטה מלאה עם פש,גרמים,300.00,100 גרם,false,,8.90,0.0297,true,1,2323578
7290112495754,false,רוטב לסלט אלף האיים הלמנס (305 מל),יוניליוור ישראל שיווק בע`מ,,רוטב לסלט הלמנס אלף,גרמים,305.00,100 גרם,false,,12.90,0.0423,true,1,2295436
7290112495761,false,רוטב לסלט אלף האיים לייט הלמנס (305 מל),יוניליוור ישראל שיווק בע`מ,,רוטב לסלט הלמנס אלף,גרמים,305.00,100 גרם,false,,12.90,0.0423,true,1,2293414
7290112495785,false,רוטב לסלט שום (300 גרם)הלמנס,יוניליוור ישראל שיווק בע`מ,,רוטב הלמנס שום,גרמים,300.00,100 גרם,false,,12.90,0.0430,true,1,2288757
7290112495792,false,רוטב הלמנס שום לייט לסלט 305גר כשלפ,יוניליוור ישראל שיווק בע`מ,,רוטב לסלט הלמנס שום,גרמים,300.00,100 גרם,false,,12.90,0.0430,true,1,2288758
7290112495808,false,רוטב לסלט חרדל ודבש הלמנס (305 מל),יוניליוור ישראל שיווק בע`מ,,רוטב לסלט הלמנס חרדל,גרמים,305.00,100 גרם,false,,12.90,0.0423,true,1,2295458
7290112495815,false,רוטב לסלט חרדל ודבש לייט (305 גרם)הלמנס,יוניליוור ישראל שיווק בע`מ,,רוטב הלמנס חרדל דבש,גרמים,305.00,100 גרם,false,,12.90,0.0423,true,1,2298119
7290112495822,false,כריות BLACK בטעם שוקולד וניל תלמה 686 גרם,יוניליוור ישראל שיווק בע`מ,,כריות בלאק 686 גרם.,גרמים,686.00,100 גרם,false,,24.90,0.0363,true,1,2285092
7290112495938,false,"קרקר 6 דגנים בייגל בייגל 250 גרם בד""צ",יוניליוור ישראל שיווק בע`מ,,קרקר 6 דגנים,גרמים,250.00,100 גרם,false,,8.90,0.0356,true,1,2323581
7290112495976,false,פריכיות אורז מצופות שוקולד חלב מעולה פתי,יוניליוור ישראל שיווק בע`מ,,פריכיות אורז מצופות,גרמים,35.00,100 גרם,false,,4.90,0.1400,true,1,2312843
7290112495983,false,פרכיות פתיתבציפוי שוקולד חלב ושבבי קרמל מלוח 39 גר',יוניליוור ישראל שיווק בע`מ,,פריכיות אורז מצופות,גרמים,35.00,100 גרם,false,,4.90,0.1400,true,1,2312844
7290112496027,false,"סירופ שוקולד לחיץ 580 מ""ל כשל""פ אפיכל",יוניליוור ישראל שיווק בע`מ,,סירופ שוקולד 580 גרם,גרמים,580.00,100 גרם,false,,14.90,0.0257,true,1,2295622
7290112496034,false,"סירופ מייפל לחיץ 580 מ""ל כשל""פ אפיכל",יוניליוור ישראל שיווק בע`מ,,סירופ מייפל 580 גרם,גרמים,580.00,100 גרם,false,,14.90,0.0257,true,1,2295623
7290112496188,false,"אקס - בושם גוף טיקט לגבר אפולו 17 מ""ל",יוניליוור ישראל שיווק בעמ,,אקס בושם כיס אפולו,מיליליטרים,17.00,"100 מ""ל",false,,19.90,1.1706,true,1,2351284
7290112496218,false,קנור רוטב טריאקי הפחתה של מעל 50% סוכר ונתרן 310 ג',יוניליוור ישראל שיווק בע`מ,,רוטב טריאקי קנור 340,גרמים,340.00,100 גרם,false,,12.90,0.0379,true,1,2300755
7290112496270,false,"פתית צ'יפס תפו""א בתוספת עגבניות ועשבי תיבול 22 גרם",יוניליוור ישראל שיווק בע`מ,,פתית צ'יפס ע.עגבניות,גרמים,22.00,100 גרם,false,,4.90,0.2227,true,1,2312838
7290112496287,false,פתית - צ'יפס בטטה בטעם טבעי 21 גרם,יוניליוור ישראל שיווק בע`מ,,פתית צ'יפס בטטה בטעם,גרמים,22.00,100 גרם,false,,4.90,0.2227,true,1,2312845
7290112496294,false,חטיף פתית צ'יפס עם אפונה ירוקה צהובה וצ'ילי,יוניליוור ישראל שיווק בע`מ,,פתית צ'יפס אפונה בתו,גרמים,22.00,100 גרם,false,,4.90,0.2227,true,1,2312846
7290112496331,false,קורנפלקס בננה תלמה אלופים 448 גרם,"יוניליוור ישראל שיווק בע""מ",,קורנפלקס בננה 448 גר,גרמים,448.00,100 גרם,false,,19.90,0.0444,true,1,2351043
7290112496430,false,קנור נמס בכוס אקסטרה עגבניות+איטריות 37 גרם - רבנות,יוניליוור ישראל שיווק בע`מ,,מרק נמס בכוס אקסטרא,גרמים,37.00,100 גרם,false,,3.90,0.1054,true,1,2333209
7290112496447,false,נמס בכוס אקסטרה טעם עוף עם המון אטריות 27ג',יוניליוור ישראל שיווק בע`מ,,מרק נמס בכוס אקסטרא,גרמים,27.00,100 גרם,false,,3.90,0.1444,true,1,2333204
7290112496461,false,נמס בכוס אקסטרה מרק ירקות עם המון אטריות,יוניליוור ישראל שיווק בע`מ,,מרק ירקות עם המון אט,גרמים,32.00,100 גרם,false,,3.90,0.1219,true,1,2330598
7290112497000,false,פנטסטיק תרכיז ניקוי רב תכליתי בניחוח לימון,יוניליוור ישראל שיווק בע`מ,,פנטסטיק 1 ליטר,ליטרים,1.00,ליטר,false,,12.90,12.9000,true,1,2300265
7290112497031,false,קנור רוטב עגבניות לקציצות 415 גרם,יוניליוור ישראל שיווק בע`מ,,רוטב עגבניות לקציצות,גרמים,415.00,100 גרם,false,,12.90,0.0311,true,1,2351044
7290112497123,false,סחלב תערובת להכנת מעדן בטעם סחלב 112גרם,יוניליוור ישראל שיווק בע`מ,,סחלב 112 גרם קנור,גרמים,112.00,100 גרם,false,,12.90,0.1152,true,1,2327862
7290112497369,false,"דאב - דאודורנט רול און לאישה טלק סופט 50 מ""ל",יוניליוור ישראל שיווק בע`מ,,דאב רולאון טלק,מיליליטרים,50.00,"100 מ""ל",false,,17.90,0.3580,true,1,2329932
7290112497499,false,קליק אקסטרא לארג שוקולד לבן עוגיות 85 גרם,יוניליוור ישראל שיווק בע`מ,,טבלת XL קליק שוקולד,גרמים,85.00,100 גרם,false,,4.90,0.0576,true,1,2359405
7290112497505,false,"תחליב גוף וזלין ירוק עם אלוורה 600מ""ל",יוניליוור ישראל שיווק בע`מ,,תחליב גוף וזלין אלוו,מיליליטרים,600.00,"100 מ""ל",false,,24.90,0.0415,true,1,2317701
7290112497710,false,פינוק בייבי שמפו אל דמע לתינוקות 700 מל,יוניליוור ישראל שיווק בע`מ,,שמפו אל דמע בייבי פי,מיליליטרים,700.00,"100 מ""ל",false,,14.90,0.0213,true,1,2420535
7290112497727,false,פינוק בייבי אל סבון אל דמע לתינוקות 700,יוניליוור ישראל שיווק בע`מ,,אל סבון בייבי פינוק,מיליליטרים,700.00,"100 מ""ל",false,,14.90,0.0213,true,1,2420541
7290112497864,false,אבקת מרק בטעם עוף רכיבים טבעיים 33% פחות נתרן 400 גרם,יוניליוור ישראל שיווק בע`מ,,מרק בטעם עוף רכיבים,גרמים,400.00,100 גרם,false,,24.90,0.0622,true,1,2330600
7290112497932,false,נשנושים חטיף בטעם שמנת בצל באריזה אישית 60 ג',יוניליוור ישראל שיווק בע`מ,,נישנושים חטיף בטעם ש,גרמים,60.00,100 גרם,false,,3.90,0.0650,true,1,2330602
7290112497994,false,"גרנולה תלמה פרוטאין בתוספת חלבון ואגוזים, 300 גרם",יוניליוור ישראל שיווק בע`מ,,גרנולה פרוטאין בתוספ,גרמים,300.00,100 גרם,false,,15.90,0.0530,true,1,2344556
7290112498007,false,גרנולה פרוטאין בתוספת חלבון שקדים וחמוציות תלמה 300 ג',יוניליוור ישראל שיווק בע`מ,,גרנולה פרוטאין בתוספ,גרמים,300.00,100 גרם,false,,15.90,0.0530,true,1,2352436
7290112498069,false,#קוקומן ללא גלוטן כשלפ 375ג - חדש,יוניליוור ישראל שיווק בע`מ,,קוקומן 375 גרם ללא ג,גרמים,375.00,100 גרם,false,,19.90,0.0531,true,1,2333210
7290112498274,false,פינוק אלסבון לידיים לבנדר וניל 1ליטר+משא,יוניליוור ישראל שיווק בע`מ,,סבון ידיים פינוק לבנ,מיליליטרים,950.00,"100 מ""ל",false,,12.90,0.0136,true,1,2360392
7290112498281,false,"אל סבון לידיים בתוספת שמן קוקוס פינוק 950 מ""ל",יוניליוור ישראל שיווק בע`מ,,סבון ידיים פינוק שמן,מיליליטרים,950.00,"100 מ""ל",false,,12.90,0.0136,true,1,2360393
7290112498298,false,"אל סבון ליידים בתוספת שמן מרוקאי פינוק 950 מ""ל",יוניליוור ישראל שיווק בע`מ,,סבון ידיים פינוק שמן,מיליליטרים,950.00,"100 מ""ל",false,,12.90,0.0136,true,1,2360398
7290112498441,false,"קנור רוטב אסיאתי למוקפץ 300 מ""ל בד""ץ",יוניליוור ישראל שיווק בע`מ,,רוטב אסייאתי למוקפץ,מיליליטרים,370.00,"100 מ""ל",false,,12.90,0.0349,true,1,2344566
7290112498526,false,"פתית צ'יפס עם בטטה סגולה בטעם שמנת ובצל, 22 גרם",יוניליוור ישראל שיווק בע`מ,,פתית צ'יפס עם בטטה ס,גרמים,22.00,100 גרם,false,,4.90,0.2227,true,1,2358024
7290112499189,false,"גלידת קרמיסימו חד קרן וניל תות, 1.33 ליטר","גלידת שטראוס בע""\מ, רחוב",,גלידה קרמיסימו 1.33,ליטרים,1.33,ליטר,false,,19.90,14.9624,true,1,2409644
7290112499196,false,גלידה בטעם החלב של הקורנפלקס 1.33 ל' קרמיסימו,"גלידת שטראוס בע""\מ, רחוב",,גלידה קרמיסימו 1.33,ליטרים,1.33,ליטר,false,,19.90,14.9624,true,1,2409645
7290112499493,false,"רקסונה - דאודורנט ספריי לאישה אלוורה 150 מ""ל","יוניליוור ישראלשיווק בע""מ",,דאודורנט ספריי רקסונ,מיליליטרים,150.00,"100 מ""ל",false,,13.90,0.0927,true,1,2384917
7290112499509,false,"רקסונה - דאודורנט ספריי לאישה בניחוח אפרסק ולמון גראס 150 מ""ל","יוניליוור ישראל שיווק בע""מ",,דאודורנט ספריי רקסונ,מיליליטרים,150.00,"100 מ""ל",false,,13.90,0.0927,true,1,2411740
7290112499943,false,מיני מאגדת מיני מגנום טעמים שונים וניל+שוקו,"מיוצר ע""\י גלידת שטראוס",,מאגדת גלידה מיני מגנ,גרמים,250.00,100 גרם,false,,29.90,0.1196,true,1,2285910
7290112635921,false,כסא קלאב 2 -לבן401,אוהב ציון בעמ,,כסא קלאב 2 לבן,יחידה,0.00,יחידה,false,,49.90,0.0000,true,1,2357853
7290112960542,false,בונזור לחם מחמצת קלמטה קנוי 12*480גר,**קבוצת אוסם סחר-שות.מוגבלת,,לחם מחמצת זתי קלמטה,יחידה,0.00,יחידה,false,,16.90,0.0000,true,1,2044265
7290112960566,false,בונזור לחם מחמצת שאור קנוי 12*480גר,קבוצת אוסם סחר-שות.מוגבלת,,לחם מחמצת שאור (ברקו,יחידה,0.00,יחידה,false,,16.90,0.0000,true,1,2044266
7290112960580,false,בונזור לחם מחמצת כוסמין 12*480גר קנוי,**קבוצת אוסם סחר-שות.מוגבלת,,לחם מחמצת כוסמין (בר,יחידה,0.00,יחידה,false,,16.90,0.0000,true,1,2044267
7290112960603,false,בונז'ור לחם מחמצת אגוזים צימוקים 480ג',**קבוצת אוסם סחר-שות.מוגבלת,,לחם מחמצת אגוזים צימ,יחידה,0.00,יחידה,false,,16.90,0.0000,true,1,2044268
7290112961372,false,פיטנס חטיפי פריכיות דקות קינמון 60 גרם,קבוצת אוסם סחר שותפות מוגבלת,,פירכיות דקות פיטנס ק,גרמים,60.00,100 גרם,false,,7.90,0.1317,true,1,2114666
7290112961440,false,פיטנס חטיפי פריכיות שוקולד מריר 84 גרם,קבוצת אוסם סחר שותפות מוגבלת,,פיטנס בר פריכיות שוק,גרמים,72.00,100 גרם,false,,11.90,0.1653,true,1,2306215
7290112961464,false,פיטנס חטיפי פריכיות דגנים וחומוס מתובלות,קבוצת אוסם סחר שותפות מוגבלת,,פירכיות דקות פיטנס מ,גרמים,60.00,100 גרם,false,,7.90,0.1317,true,1,2114667
7290112961754,false,עוגיות שוקולד ציפס עם קרם בטעם אגוזים 220 גר',קבוצת אוסם סחר שותפות מוגבלת,,עוגיות שוקוצ'יפס קרם,גרמים,220.00,100 גרם,false,,10.90,0.0495,true,1,2140147
7290112962287,false,טבעול שווארמה טבעונית 6*450 גרם,קבוצת אוסם סחר שותפות מוגבלת,,שוארמה טבעונית טבעול,גרמים,450.00,100 גרם,false,,29.90,0.0664,true,1,2289050
7290112963321,false,גריסיני בייגלה שטוח ללא גלוטן אסם 300גרם,קבוצת אוסם סחר שותפות מוגבלת,,בייגלה שטוח ללא גלוט,גרמים,300.00,100 גרם,false,,14.90,0.0497,true,1,2303394
7290112963697,false,א.מקומית עוגיות שוקולדציפס שקיל-ב,**קבוצת אוסם סחר-שות.מוגבלת,,עוגיות שוקו שוקולד צ,קילוגרמים,1.00,"ק""ג",true,,40.00,40.0000,true,1,2197889
7290112963918,false,פיטנס חטיפי קרקר דק רוזמרין 140 גרם,קבוצת אוסם סחר שותפות מוגבלת,,חטיפי קרקר דק רוזמרי,גרמים,140.00,100 גרם,false,,10.90,0.0779,true,1,2262391
7290112964410,false,אסם רוטב אלף האיים חדש לסלט 290 גרם,קבוצת אוסם סחר שותפות מוגבלת,,רוטב אלף האיים לסלט,מיליליטרים,290.00,"100 מ""ל",false,,10.90,0.0376,true,1,2273450
7290112964434,false,אסם רוטב קיסר חדש לסלט 295 גרם,קבוצת אוסם סחר שותפות מוגבלת,,רוטב לסלט קיסר 295 מ,מיליליטרים,295.00,"100 מ""ל",false,,10.90,0.0369,true,1,2262393
7290112964472,false,אסם רוטב שום חדש לסלט 290 גרם,קבוצת אוסם סחר שותפות מוגבלת,,"רוטב שום לסלט 290 מ""",מיליליטרים,290.00,"100 מ""ל",false,,10.90,0.0376,true,1,2262395
7290112964601,false,רוטב בנוסח סצ'ואן הסדרה האסייתית,קבוצת אוסם סחר שותפות מוגבלת,,רוטב בנוסח סצואן 290,מיליליטרים,290.00,"100 מ""ל",false,,14.90,0.0514,true,1,2222438
7290112964625,false,רוטב שום לייט לסלט 310 גרם אסם,קבוצת אוסם סחר שותפות מוגבלת,,רוטב שום לייט 5% שומ,מיליליטרים,310.00,"100 מ""ל",false,,10.90,0.0352,true,1,2262396
7290112964687,false,בונז'ור לחם מחמצת דגנים 12*480גר,**קבוצת אוסם סחר-שות.מוגבלת,,לחם מחמצת דגנים (ברק,יחידה,0.00,יחידה,false,,16.90,0.0000,true,1,2197895
7290112964724,false,המבורגר צמחוני עם המון חלבון 580 גר,קבוצת אוסם סחר שותפות מוגבלת,,טבעול המבורגר טבעוני,גרמים,580.00,100 גרם,false,,29.90,0.0516,true,1,2273453
7290112965165,false,מרק נמס פטריות אסם בדצ 48 גרם מארז זוגי,קבוצת אוסם סחר שותפות מוגבלת,,זוג מרק נמס פטריות,גרמים,48.00,100 גרם,false,,5.50,0.1146,true,1,2273454
7290112965264,false,אבקת מרק נמס אפונה אסם בדצ 52 גרם מארז זוגי,קבוצת אוסם סחר שותפות מוגבלת,,זוג מרק נמס אפונה רכ,גרמים,30.00,100 גרם,false,,5.50,0.1833,true,1,2273458
7290112965288,false,מרק נמס ירקות אסם בדצ 56 גרם מארז זוגי,קבוצת אוסם סחר שותפות מוגבלת,,זוג מרק נמס ירקות,גרמים,30.00,100 גרם,false,,5.50,0.1833,true,1,2273459
7290112965301,false,זוג מרק נמס בטעם עוף עם שקדי מרק רגע חם,קבוצת אוסם סחר שותפות מוגבלת,,זוג מרק נמס טעם עוף.,גרמים,52.00,100 גרם,false,,5.50,0.1058,true,1,2273460
7290112965325,false,תבשיל אורז ספרדי אוסם 140 גרם,קבוצת אסם סחר שות. מוגבלת,,תבשיל אורז ספרדי.,גרמים,128.00,100 גרם,false,,9.90,0.0773,true,1,2285150
7290112965585,false,פרפקטו פסטה קסרצה אסם 500 גרם,קבוצת אוסם סחר שותפות מוגבלת,,פסטה פרפקטו קסרצה 50,גרמים,500.00,100 גרם,false,,6.90,0.0138,true,1,2273461
7290112965660,false,פיטנס - חטיף מולטיגריין מלח פלפל 25 גרם,קבוצת אוסם סחר שותפות מוגבלת,,חטיף פיטנס מלח פלפל,גרמים,25.00,100 גרם,false,,4.90,0.1960,true,1,2328992
7290112965684,false,פיטנס - חטיף מולטיגריין עשבי תיבול 25 גרם,קבוצת אוסם סחר שותפות מוגבלת,,חטיף פיטנס עשבי תיבו,גרמים,25.00,100 גרם,false,,4.90,0.1960,true,1,2328993
7290112965707,false,פיטנס - חטיף מולטיגריין צילי מעודן 25 גרם,קבוצת אוסם סחר שותפות מוגבלת,,חטיף פיטנס צ'ילי מעו,גרמים,25.00,100 גרם,false,,4.90,0.1960,true,1,2328998
7290112965745,false,אוסם - ביסלי פריסטייל בצל מעושן 60 גרם,קבוצת אוסם סחר שותפות מוגבלת,,ביסלי פריסטייל בלצל,גרמים,60.00,100 גרם,false,,4.30,0.0717,true,1,2358403
7290112965783,false,אוסם - ביסלי פריסטייל על האש 60 גרם,קבוצת אוסם סחר שותפות מוגבלת,,ביסלי בטעם על האש,גרמים,60.00,100 גרם,false,,4.30,0.0717,true,1,2358404
7290112965806,false,אוסם - ביסלי פריסטייל חמוץ חריף 60 גרם,קבוצת אוסם סחר שותפות מוגבלת,,ביסלי פריסטייל חמוץ,גרמים,60.00,100 גרם,false,,4.30,0.0717,true,1,2358405
7290112965868,false,קרם קרקר במתיקות מעודנת אסם 250 גרם,קבוצת אוסם סחר שותפות מוגבלת,,קרם קרקר במליחות מוע,גרמים,250.00,100 גרם,false,,9.90,0.0396,true,1,2285132
7290112965943,false,נאגטס ירקות ירוקים ( 500 גר`) טבעול,קבוצת אוסם סחר שותפות מוגבלת,,טבעול נאגטס ירקות יר,גרמים,500.00,100 גרם,false,,29.90,0.0598,true,1,2301203
7290112965967,false,נאגטס ירקות כתומים ( 500 גר`) טבעול,קבוצת אוסם סחר שותפות מוגבלת,,טבעול נאגטס ירקות כת,גרמים,500.00,100 גרם,false,,29.90,0.0598,true,1,2301204
7290112965981,false,"טבעול גורמה ארוחת דגנים, 450 גרם",קבוצת אוסם סחר-שות.מוגבלת,,טבעול גורמה ארוחת דג,גרמים,450.00,100 גרם,false,,32.90,0.0731,true,1,2391982
7290112966001,false,"טבעול גורמה ארוחת ירוקים, 450 גרם",קבוצת אוסם סחר שותפות מוגבלת,,טבעול גורמה ארוחת יר,גרמים,450.00,100 גרם,false,,32.90,0.0731,true,1,2391983
7290112966094,false,עוגת הבית בטעם תפוז מופחת סוכראסם (400 ג,קבוצת אוסם סחר שותפות מוגבלת,,עוגת הבית תפוז מופחת,גרמים,400.00,100 גרם,false,,12.90,0.0323,true,1,2285134
7290112966247,false,לחמית כוסמין אסם 200 גרם,קבוצת אוסם סחר שותפות מוגבלת,,לחמית כוסמין,גרמים,200.00,100 גרם,false,,9.90,0.0495,true,1,2306217
7290112966766,false,צבר טחינה בלאדי חציל עגבניות ושום 350 גרם,קבוצת אוסם סחר שותפות מוגבלת,,טחינה בלאדי חציל עגב,גרמים,350.00,100 גרם,false,,13.90,0.0397,true,1,2278956
7290112966780,false,צבר טחינה בלאדי עם חציל קלוי 350 גרם,קבוצת אוסם סחר שותפות מוגבלת,,טחינה בלאדי עם חציל,גרמים,350.00,100 גרם,false,,13.90,0.0397,true,1,2278957
7290112966803,false,אינסטנט פודינג בטעם שוקולד אסם (88 גרם),קבוצת אוסם סחר שותפות מוגבלת,,אינסטנט פודינג בטעם,גרמים,88.00,100 גרם,false,,5.50,0.0625,true,1,2285057
7290112966841,false,אינסטנט פודינג בטעם שוקולד מריר 95 גרם,קבוצת אוסם סחר שותפות מוגבלת,,אינסטנט פודינג בטעם,גרמים,90.00,100 גרם,false,,5.50,0.0611,true,1,2285058
7290112967114,false,פיטנס חטיפי פריכיות קטניות ופלפל 60 גרם,קבוצת אוסם סחר שותפות מוגבלת,,חטיפי פירכיות קטניות,גרמים,60.00,100 גרם,false,,7.90,0.1317,true,1,2306218
7290112967381,false,פיטנס חטיפי פריכיות קטניות ומלח ים 60 גרם,קבוצת אוסם סחר שותפות מוגבלת,,חטיפי פירכיות קטניות,גרמים,60.00,100 גרם,false,,7.90,0.1317,true,1,2306219
7290112967572,false,"אסם רוטב ברביקיו 290 מ""ל אסם",קבוצת אוסם סחר שותפות מוגבלת,,"רוטב ברבקיו 335 מ""ל",מיליליטרים,335.00,"100 מ""ל",false,,10.90,0.0325,true,1,2285059
7290112967848,false,אבקה להכנת ג`לי בטעם תות אסם (90 גרם) מו,קבוצת אוסם סחר שותפות מוגבלת,,ג'לי תות שדה מופחת ס,גרמים,68.00,100 גרם,false,,5.90,0.0868,true,1,2285060
7290112968203,false,צבר סלט טחינה בלאדי 6*250גרם,קבוצת אוסם סחר שותפות מוגבלת,,סלט טחינה בלאדי 250,גרמים,250.00,100 גרם,false,,8.90,0.0356,true,1,2289074
7290112968340,false,צבר חומוס סמיר הגדול 400 גר`,קבוצת אוסם סחר שותפות מוגבלת,,חומוס גרוס צבר 400 ג,גרמים,400.00,100 גרם,false,,11.90,0.0298,true,1,2289060
7290112968449,false,סלט טחינה כרוב אדום 250 גרם,קבוצת אוסם סחר שותפות מוגבלת,,סלט כרוב אדום 250 גר,גרמים,250.00,100 גרם,false,,8.90,0.0356,true,1,2289075
7290112968524,false,צבר סלט חומוס גרגירים רכים 6*250גרם,קבוצת אוסם סחר שותפות מוגבלת,,סלט חומוס סמיר 250 ג,גרמים,250.00,100 גרם,false,,8.90,0.0356,true,1,2289077
7290112968807,false,80018416694פיטנס חטיפי קרקר דק סלק 150גר,קבוצת אוסם סחר שותפות מוגבלת,,חטיפי קרקר דק סלק פי,גרמים,140.00,100 גרם,false,,10.90,0.0779,true,1,2323348
7290112968821,false,חטיפי קרקר דק בטטה 140 גר` פיטנס,קבוצת אוסם סחר שותפות מוגבלת,,חטיפי קרקר דק בטטה פ,גרמים,140.00,100 גרם,false,,10.90,0.0779,true,1,2323349
7290112969286,false,בישולים רוטב חרדל ודבש ( 330 גר`) אסם,קבוצת אוסם סחר שותפות מוגבלת,,רוטב חרדל דבש,גרמים,330.00,100 גרם,false,,15.90,0.0482,true,1,2332046
7290113190771,false,חלבה מסולסלת שוקו וניל 300 גר`ששון הקו,דין שיווק וקליה 2021 בעמ,,חלבה תלתלים בטעם שוק,גרמים,350.00,100 גרם,false,,13.90,0.0397,true,1,2416452
7290113191921,false,"תרכיז מלבי 750 מ""ל שקדיה",דין שיווק וקליה 2021 בעמ,,"סירופ מלבי 750 מ""ל",מיליליטרים,750.00,"100 מ""ל",false,,16.90,0.0225,true,1,2295797
7290113192089,false,בוטנים מצופים בטעם תירס ששון הקולה 100 גרם,דין שיווק,,בוטנים מצופים בטעם ת,גרמים,100.00,100 גרם,false,,7.90,0.0790,true,1,2347828
7290113192096,false,בוטנים מצופים בטעם וואסבי ששון הקולה 120 גרם,דין שיווק,,בוטנים מצופים בטעם ו,גרמים,100.00,100 גרם,false,,7.90,0.0790,true,1,2347829
7290113192164,false,אגוזי קשיו קלופים 150 גרם ששון הקולה,דין שיווק וקליה 2021 בעמ,,אגוז קשיו קלופים 150,גרמים,150.00,100 גרם,false,,14.90,0.0993,true,1,2295800
7290113192171,false,מיקס אגוזים שקדים וחמוציות 150 גר`ששון,דין שיווק וקליה 2021 בעמ,,מיקס אגוזים שקדים וח,גרמים,150.00,100 גרם,false,,14.90,0.0993,true,1,2287080
7290113192201,false,תערובת להכנת סחלב 500 גרם ששון הקולה,דין שיווק וקליה 2021 בעמ,,תערובת להכנת סחלב,גרמים,500.00,100 גרם,false,,14.90,0.0298,true,1,2295806
7290113192218,false,תערובת להכנת מלבי 500 גרם ששון הקולה,דין שיווק וקליה 2021 בעמ,,תערובת להכנת מלבי,גרמים,500.00,100 גרם,false,,14.90,0.0298,true,1,2295807
7290113192300,false,זיתים מושחרים חרוזית 275 גרם בית השיטה,קבוצת אוסם סחר שותפות מוגבלת,,זית חרוזית שחור,גרמים,275.00,100 גרם,false,,9.90,0.0360,true,1,2285747
7290113192317,false,זיתים מושחרים טבעות בית השיטה (280 גרם),קבוצת אוסם סחר שותפות מוגבלת,,טבעות זיתים,גרמים,280.00,100 גרם,false,,10.90,0.0389,true,1,2285748
7290113192324,false,זיתים ירוקים שלמים בינוניים בית השיטה,קבוצת אוסם סחר-שות.מוגבלת,,זית ירוק,גרמים,560.00,100 גרם,false,,7.90,0.0141,true,1,2285749
7290113192331,false,זיתים ירוקים מנזנילו 340 גר' בית השיטה,קבוצת אוסם סחר שותפות מוגבלת,,זית ירוק גדול,גרמים,560.00,100 גרם,false,,9.90,0.0177,true,1,2285750
7290113192348,false,בית השיטה זיתים ירוקים גדול מאודבטעם שום,קבוצת אוסם סחר-שות.מוגבלת,,זיתים גודל 17-19 טעם,גרמים,560.00,100 גרם,false,,9.90,0.0177,true,1,2285751
7290113192355,false,חרוזית זיתים ירוקים ללא גלעין 275 ג' בית השיטה,קבוצת אוסם סחר שותפות מוגבלת,,זית חרוזית ירוק,גרמים,560.00,100 גרם,false,,9.90,0.0177,true,1,2285752
7290113192362,false,זיתים ירוקים טבעות A2 בית השיטה 280 גרם,קבוצת אוסם סחר שותפות מוגבלת,,טבעות זיתים,גרמים,560.00,100 גרם,false,,9.90,0.0177,true,1,2285803
7290113192379,false,בית השיטה זיתים ירוקים מבוקעים א2 340גר',קבוצת אוסם סחר-שות.מוגבלת,,זיתים מבוקעים,גרמים,560.00,100 גרם,false,,10.90,0.0195,true,1,2285804
7290113192386,false,בית השיטה זיתים ירוקים סורי מבוקע 340גרם,קבוצת אוסם סחר שותפות מוגבלת,,זית סורי מבוקע,גרמים,560.00,100 גרם,false,,9.90,0.0177,true,1,2285805
7290113192393,false,בית השיטה קוקטייל זיתים א2 336 גרם,קבוצת אוסם סחר שותפות מוגבלת,,קוקטייל זיתים,גרמים,560.00,100 גרם,false,,10.90,0.0195,true,1,2285806
7290113192478,false,בית השיטה מלפפונים במלח בינוני 10-12 320 גרם,קבוצת אוסם סחר שותפות מוגבלת,,מלפפון במלח 10-12,גרמים,560.00,100 גרם,false,,7.50,0.0134,true,1,2285813
7290113192485,false,בית השיטה מלפפונים בחומץ בינוני 10-12 290 גרם,קבוצת אוסם סחר שותפות מוגבלת,,מלפפון בחומץ 10-12,גרמים,560.00,100 גרם,false,,7.50,0.0134,true,1,2285814
7290113192492,false,בית השיטה מלפפונים בחומץ קטנים 1317 290 גרם,קבוצת אוסם סחר שותפות מוגבלת,,מלפפון בחומץ 13-17,גרמים,560.00,100 גרם,false,,9.90,0.0177,true,1,2285815
7290113192508,false,בית השיטה מלפפונים במלח קטן 1317 320 גרם,קבוצת אוסם סחר שותפות מוגבלת,,מלפפון במלח 13-17,גרמים,560.00,100 גרם,false,,9.90,0.0177,true,1,2285816
7290113192515,false,בית השיטה מלפפונים במלח קטן מאוד 1825 320 גרם,קבוצת אוסם סחר שותפות מוגבלת,,מלפפון במלח 18-25,גרמים,560.00,100 גרם,false,,10.90,0.0195,true,1,2285817
7290113192522,false,בית השיטה מלפפונים בחומץ קטן מאוד 1825 290 גרם,קבוצת אוסם סחר שותפות מוגבלת,,מלפפון בחומץ 18-25,גרמים,560.00,100 גרם,false,,10.90,0.0195,true,1,2285818
7290113192539,false,בית השיטה מלפפונים במלח גדול 79 320 גרם,קבוצת אוסם סחר שותפות מוגבלת,,מלפפון במלח 7-9,גרמים,560.00,100 גרם,false,,6.50,0.0116,true,1,2285823
7290113192546,false,"מלפפונים בחומץ רכיבים טבעיים 7-9 ""בית השיטה""",קבוצת אוסם סחר שותפות מוגבלת,,מלפפון בחומץ 7-9,גרמים,560.00,100 גרם,false,,6.50,0.0116,true,1,2285824
7290113192553,false,מלפפונים במלח 13-17 פיקנטי בית השיטה 320 גרם,קבוצת אוסם סחר-שות.מוגבלת,,מלפפון בלאדי 13-17,גרמים,560.00,100 גרם,false,,9.90,0.0177,true,1,2285825
7290113192560,false,פלפל חריף כבוש שיפקה בית השיטה (430 גר`),קבוצת אוסם סחר שותפות מוגבלת,,פלפל חריף שפקה,גרמים,560.00,100 גרם,false,,6.90,0.0123,true,1,2308915
7290113192577,false,בית השיטה כרוב כבוש א2 12*430גרם חדש,קבוצת אוסם סחר שותפות מוגבלת,,כרוב כבוש,גרמים,560.00,100 גרם,false,,7.90,0.0141,true,1,2285826
7290113192881,false,"טורטיה חיטה מופחת קלוריות, קוטר 20 ס""מ - 6 יח'",דין שיווק וקליה 2021 בעמ,,טורטיה חיטה מופחתת ק,גרמים,270.00,100 גרם,false,,10.90,0.0404,true,1,2295801
7290113192997,false,בית השיטה חזית מרוקאי 340 גר`,קבוצת אוסם סחר שותפות מוגבלת,,זית מרוקאי,גרמים,340.00,100 גרם,false,,11.90,0.0350,true,1,2299510
7290113193000,false,בית השיטה פלפל שיפקונית 230 גרם*,קבוצת אוסם סחר שותפות מוגבלת,,שיפקונית,גרמים,560.00,100 גרם,false,,10.90,0.0195,true,1,2299511
7290113193321,false,שמן זית כתית מעולה בית השיטה 750 מייל,קבוצת אוסם סחר שותפות מוגבלת,,שמן זית כתית מעולה,מיליליטרים,750.00,"100 מ""ל",false,,29.90,0.0399,true,1,2307411
7290113193369,false,"תרסיס שמן קנולה מזוכך בית השיטה 150מ""ל",קבוצת אוסם סחר שותפות מוגבלת,,תרסיס שמן קנולה מזוכ,מיליליטרים,150.00,"100 מ""ל",false,,16.90,0.1127,true,1,2335487
7290113193406,false,"קוקטייל טבעות זיתים - זיתים ירוקים, שחורים מרינד",קבוצת אוסם סחר שותפות מוגבלת,,קוקטיל טבעות זיתים,גרמים,560.00,100 גרם,false,,11.90,0.0213,true,1,2300518
7290113193888,false,חצילים מוחמצים בית השיטה 320 גרם,קבוצת אוסם סחר שותפות מוגבלת,,חצילים מוחמצים,גרמים,560.00,100 גרם,false,,9.90,0.0177,true,1,2329974
7290113194090,false,בית השיטה טבעות זיתים קלמטה 280 גרם,קבוצת אוסם סחר שותפות מוגבלת,,טבעות זיתים קלמטה,גרמים,560.00,100 גרם,false,,10.90,0.0195,true,1,2321858
7290113194632,false,ממרח שקדים שקדיה 500 גרם,דין שיווק וקליה 2021 בעמ,,ממרח שקדים 500 גרם,גרמים,500.00,100 גרם,false,,49.90,0.0998,true,1,2319519
7290113194649,false,מלפפונים במלח קוביות בית השיטה 320 גרם,קבוצת אוסם סחר שותפות מוגבלת,,מלפפונים במלח קוביות,גרמים,560.00,100 גרם,false,,8.90,0.0159,true,1,2328636
7290113195042,false,מלפפון במלח כבישה ביתית בית השיטה 750 גרם,קבוצת אוסם סחר שותפות מוגבלת,,מלפפון במלח כבישה בי,גרמים,1500.00,100 גרם,false,,25.90,0.0173,true,1,2329975
7290113195066,false,חלבה טורקית בטעם וניל שקדיה 400 גרם,דין שיווק וקליה 2021 בעמ,,חלבה טורקית בטעם וני,גרמים,400.00,100 גרם,false,,11.90,0.0298,true,1,2396106
7290113195073,false,חלבה טורקית עם פיסטוקים 400 גר` שקדיה,דין שיווק וקליה 2021 בעמ,,חלבה טורקית עם פיסטו,גרמים,400.00,100 גרם,false,,13.90,0.0348,true,1,2396107
7290113195080,false,חלבה טורקית בטעם שוקו וניל שקדיה 400 גרם,דין שיווק וקליה 2021 בעמ,,חלבה טורקית בטעם שוק,גרמים,400.00,100 גרם,false,,11.90,0.0298,true,1,2396108
7290113195356,false,שמן קנולה מזוכך זית השיטה 1 ליטר,קבוצת אוסם סחר-שות.מוגבלת,,שמן קנולה מזוכך בית,ליטרים,1.00,ליטר,false,,14.90,14.9000,true,1,2363239
7290113195363,false,שמן חמניות מזוכך זית השיטה 1 ליטר,קבוצת אוסם סחר-שות.מוגבלת,,שמן חמניות מזוכך בית,ליטרים,1.00,ליטר,false,,13.90,13.9000,true,1,2363244
7290113195967,false,קוואקר שיבולת שועל פחית שקדיה 500 גרם,דין שיווק וקליה 2021 בעמ,,שיבולת שועל פחית 500,גרמים,500.00,100 גרם,false,,9.90,0.0198,true,1,2347846
7290113196414,false,"אורז בסמטי 1 ק""ג - שקדיה כחול מטאלי",דין שיווק וקליה 2021 בעמ,,"אורז בסמטי 1 ק""ג שקד",קילוגרמים,1.00,"ק""ג",false,,9.90,9.9000,true,1,2376029
7290113196490,false,פריכיות כוסמת בתוספת זרעי ציה שקדיה 150 גרם,דין שיווק וקליה 2021 בעמ,,פריכיות כוסמת צ'יה 1,גרמים,150.00,100 גרם,false,,10.90,0.0727,true,1,2367184
7290113196506,false,פריכיות כוסמת ללא מלח שקדיה 150 גרם,דין שיווק וקליה 2021 בעמ,,פריכיות כוסמת 150 גר,גרמים,150.00,100 גרם,false,,10.90,0.0727,true,1,2367185
7290113196513,false,פריכיות כוסמת בתוספת שקדים שקדיה 150 גרם,דין שיווק וקליה 2021 בעמ,,פריכיות כוסמת שקדים,גרמים,150.00,100 גרם,false,,10.90,0.0727,true,1,2367186
7290113196520,false,פריכיות כוסמין ללא מלח שקדיה 150 גרם,דין שיווק וקליה 2021 בעמ,,פריכיות כוסמין 150 ג,גרמים,150.00,100 גרם,false,,10.90,0.0727,true,1,2367187
7290113196759,false,בית השיטה ירקות מעורבים צנ.פלסטיק 6*750 גרם,קבוצת אוסם סחר שותפות מוגבלת,,שימורי ירקות מעורבים,גרמים,1500.00,100 גרם,false,,27.90,0.0186,true,1,2362307
7290113197169,false,שקדיה חמאת בוטנים עם שברי בוטנים 510 גר,דין שיווק וקליה 2021 בעמ,,חמאת בוטנים טבעית 51,גרמים,510.00,100 גרם,false,,15.90,0.0312,true,1,2414392
7290113197800,false,פלפל קלוי קלוי 400 גרם בית השיטה,קבוצת אוסם סחר שותפות מוגבלת,,פלפל קלוי בית השיטה,גרמים,400.00,100 גרם,false,,11.90,0.0298,true,1,2398303
7290113197817,false,חציל קלוי 670 גרם בית השיטה,קבוצת אוסם סחר שותפות מוגבלת,,חציל קלוי בית השיטה,גרמים,670.00,100 גרם,false,,10.90,0.0163,true,1,2398304
7290113197824,false,לבבות דקל בית השיטה 220 גרם,קבוצת אוסם סחר-שות.מוגבלת,,לבבות דקל בית השיטה,גרמים,400.00,100 גרם,false,,9.90,0.0248,true,1,2413945
7290113197855,false,תירס גמדי בית השיטה 230 גרם,קבוצת אוסם סחר-שות.מוגבלת,,תירס גמדי בית השיטה,גרמים,425.00,100 גרם,false,,9.90,0.0233,true,1,2413946
7290113197923,false,טונה בשמן קנולה בית השיטה רביעייה,קבוצת אוסם סחר-שות.מוגבלת,,טונה בשמן קנולה *4 ב,גרמים,560.00,100 גרם,false,,24.90,0.0445,true,1,2413951
7290113198029,false,פקאן מצופה חלבה 150 גרם,דין שיווק וקליה 2021 בעמ,,פקאן מצופה חלבה 150,גרמים,150.00,100 גרם,false,,14.90,0.0993,true,1,2370386
7290113198074,false,פקאן מצופה בשוקולד שיש 150 גרם,דין שיווק וקליה 2021 בעמ,,פקאן מצופה בשוקולד ש,גרמים,150.00,100 גרם,false,,14.90,0.0993,true,1,2370391
7290113198616,false,ברנפלקס דגנים מחיטה מלאה וסובין 500 גרם שקדיה,שקדיה,,ברנפלקס דגנים מחיטה,גרמים,500.00,100 גרם,false,,14.90,0.0298,true,1,2416446
7290113199323,false,עלי טורטילוס בוריטו150גר,אלקטי קוראבייכיסיגידה טו,,טורטיה מיני 150 גרם,גרמים,150.00,100 גרם,false,,4.90,0.0327,true,1,2414375
7290113272972,false,פילה נסיכת הנילוס 50,,,פילה נסיכת הנילוס 50,קילוגרמים,1.00,"ק""ג",true,,49.90,49.9000,true,1,2387217
7290113300217,false,פאוצ`נתחוני לה קט עם בקר ברוטב,שחורי אריה ואנסטסיה,,פאוץ נתחוני לה קט עם,יחידה,0.00,יחידה,false,,3.90,0.0000,true,1,2424263
7290113300231,false,פאוץ מתחוני לה קט עם בקר בגלי 85ג,דיפלומט מפיצים (1968) בעמ**,,פאוץ נתחוני לה קט עם,גרמים,85.00,100 גרם,false,,3.90,0.0459,true,1,2288938
7290113300248,false,פאוצ`נתחוני לה קט עם עוף בג`לי,שחורי אריה ואנסטסיה,,פאוץ נתחוני לה קט עם,יחידה,0.00,יחידה,false,,3.90,0.0000,true,1,2424264
7290113300347,false,חטיף מקלות לחתול לה,,,חטיף מקלות לחתול לה,גרמים,30.00,100 גרם,false,,14.90,0.4967,true,1,2427061
7290113310155,false,טופר אקרילי לעוגה- 1 יח- HB זהב,,,טופר אקרילי לעוגה- 1,יחידה,0.00,יחידה,false,,9.90,0.0000,true,1,2114716
7290113312647,false,באנר לתליה- HB גליטר,,,באנר לתליה- HB גליטר,יחידה,0.00,יחידה,false,,12.90,0.0000,true,1,2114762
7290113312722,false,וילון מטאלי פרנזים-,,,וילון מטאלי פרנזים-,יחידה,0.00,יחידה,false,,7.90,0.0000,true,1,2335687
7290113312739,false,וילון מטאלי פרנזים-,,,וילון מטאלי פרנזים-,יחידה,0.00,יחידה,false,,7.90,0.0000,true,1,2335688
7290113312937,false,טופר קטן לעוגה- HB 3,,,טופר קטן לעוגה- HB 3,יחידה,0.00,יחידה,false,,5.90,0.0000,true,1,2114763
7290113313347,false,וילון פרנזים מטאלי 1,,,וילון פרנזים מטאלי 1,יחידה,0.00,יחידה,false,,7.90,0.0000,true,1,2335691
7290113560055,false,פרודונטקס מי פה טיפול יומי לחניכיים 500,"מאסטרפוד אוסטריה בע""מ",,פרודונטקס מי פה טיפו,מיליליטרים,500.00,"100 מ""ל",false,,29.90,0.0598,true,1,2313094
7290113560109,false,פרודונטקס מ.שיניים בטעם צמחי 75 מל,פרודונטקס Parodontax,,משחת שיניים פרודונטק,מיליליטרים,75.00,"100 מ""ל",false,,29.90,0.3987,true,1,2329331
7290114310222,false,חלב מועשר בסידן וויטמין Dי 3% 1.5 ל' טרה,החברה המרכזית טלהפצת משקאות בע,,חלב מועשר בסידן וויט,ליטרים,1.50,ליטר,false,,11.90,7.9333,true,1,2310123
7290114310239,false,חלב נטול לקטוז מועשר בוויטמין D י 2% 1.5 ל' טרה,החברה המרכזית טלהפצת משקאות בע,,חלב נטול לקטוז מועשר,ליטרים,1.50,ליטר,false,,11.90,7.9333,true,1,2310124
7290114310246,false,גרנה פדנו צ'אנק משק צוריאל 125 גרם,*החברה המרכזית להפצת משקאותבעמ,,גבינה גרנה פדנו צאנק,גרמים,125.00,100 גרם,false,,17.90,0.1432,true,1,2330641
7290114310253,false,גרנה פדנו מגורדת גרם משק 100 צוריאל,*החברה המרכזית להפצת משקאותבעמ,,גבינה גרנה פדנו מגו,גרמים,100.00,100 גרם,false,,11.90,0.1190,true,1,2330648
7290114310338,false,צפתית מעודנת 5% בגביע 225 גרם משק צוריאל,החברה המרכזית טלהפצת משקאות בע,,צפתית מעודנת 5% גביע,גרמים,225.00,100 גרם,false,,16.90,0.0751,true,1,2330642
7290114310345,false,מעדן יוגורט בטעם תות 1.5% 125 גרם טרה,החברה המרכזית טלהפצת משקאות בע,,מעדן חלב תות 125 גרם,גרמים,125.00,100 גרם,false,,2.70,0.0216,true,1,2322941
7290114310536,false,יוגורט לייט מעושר חלבון 25 גרם חלבון וניל MULLER ACTIVE,החברה המרכזית טלהפצת משקאות בע,,יוגורט מולר אקטיב לי,גרמים,200.00,100 גרם,false,,5.80,0.0290,true,1,2335597
7290114310550,false,גבינת פטה עיזים מעודנת 5% משק צוריאל 200 גרם,החברה המרכזית טלהפצת משקאות בע,,גבינת פטה עזים מעודנ,גרמים,200.00,100 גרם,false,,22.90,0.1145,true,1,2352653
7290114310574,false,צוריאל קרם שמנת עיזים מעודנת 5% 200 גר,החברה המרכזית טלהפצת משקאות בע,,קרם שמנת עזים מעודנת,גרמים,200.00,100 גרם,false,,10.90,0.0545,true,1,2352654
7290114310611,false,"משקה חלב בננה בבקבוק פקק ספורט טרה 250 מ""ל",החברה המרכזית טלהפצת משקאות בע,,משקה חלב בננה טרה מו,מיליליטרים,250.00,"100 מ""ל",false,,5.20,0.0208,true,1,2351011
7290114310628,false,משקה חלב וניל ועוגיות בקבוק 1 ליטר,החברה המרכזית טלהפצת משקאות בע,,משקה חלב וניל עוגיות,ליטרים,1.00,ליטר,false,,10.90,10.9000,true,1,2353942
7290114310673,false,לאבנה מחלב בקר 9% שומן 250 גרם,החברה המרכזית טלהפצת משקאות בע,,לאבנה טרה 9% 250 גרם,גרמים,250.00,100 גרם,false,,12.90,0.0516,true,1,2352633
7290114310895,false,"סימפלי פרוט יוגורט עם מנגו תות, שמיניה 8 * 150 גרם",החברה המרכזית טלהפצת משקאות בע,,מאגדת 8 יוגורט מולר,גרמים,1200.00,100 גרם,false,,29.90,0.0249,true,1,2377251
7290114310963,false,יוגורט מחלב עיזים מלא כ3.8% שומן מועשר 500 גר',*החברה המרכזית להפצת משקאותבעמ,,יוגורט מחלב עזים מלא,מיליליטרים,500.00,"100 מ""ל",false,,12.90,0.0258,true,1,2379605
7290114311014,false,"משקה חלב אייס קפוצ'ינו פקק ספורט טרה 250 מ""ל",החברה המרכזית טלהפצת משקאות בע,,שוקו טרה מועשר בבקבו,מיליליטרים,250.00,"100 מ""ל",false,,5.20,0.0208,true,1,2401695
7290114311021,false,"משקה חלב וניל עוגיות פקק ספורט טרה 250 מ""ל",החברה המרכזית טלהפצת משקאות בע,,שוקו טרה מועשר בבקבו,מיליליטרים,250.00,"100 מ""ל",false,,5.20,0.0208,true,1,2401696
7290114311076,false,"חמאת מולר צהובה עם שום, 200 גרם",החברה המרכזית טלהפצת משקאות בע,,חמאת מולר צהובה עם ש,גרמים,200.00,100 גרם,false,,10.90,0.0545,true,1,2403250
7290114311298,false,יוגורט מולר פרופ בטעם תות בננה מלון 150,החברה המרכזית טלהפצת משקאות בע,,יוגורט מולר פרופ 3%,גרמים,150.00,100 גרם,false,,4.70,0.0313,true,1,2409228
7290114311304,false,יוגורט קציפת מנגו פסיפלורה בננה 150 ג' מולר,החברה המרכזית טלהפצת משקאות בע,,יוגורט מולר פרופ 3%,גרמים,150.00,100 גרם,false,,4.70,0.0313,true,1,2409235
7290114311359,false,יוגורט עם קציפת מנגו 3% שומן פרופ 150 ג' מולר,החברה המרכזית טלהפצת משקאות בע,,יוגורט מולר פרופ 3%,גרמים,150.00,100 גרם,false,,4.70,0.0313,true,1,2409230
7290114311434,false,מולר אקטיב יוגורט חלבון קרמל מלוח 200 גרם,החברה המרכזית טלהפצת משקאות בע,,יוגורט מולר אקטיב קר,גרמים,200.00,100 גרם,false,,5.80,0.0290,true,1,2427626
7290114311441,false,מולר אקטיב יוגורט חלבון עוגיות חמאה 200 גרם,החברה המרכזית טלהפצת משקאות בע,,יוגורט מולר אקטיב עם,גרמים,200.00,100 גרם,false,,5.80,0.0290,true,1,2415533
7290114600750,false,קו-קווים חטיף אפוי עם גבינת פקורינו - חלבי,הדקלאים אגודת שיתופי,,חטיף אפוי עם גבינת פ,גרמים,150.00,100 גרם,false,,11.90,0.0793,true,1,2310812
7290114600767,false,FREE קו-קווים חטיף אפוי עם זיתים ועגבניות 150 גרם,הדקלאים אגודת שיתופי,,חטיף אפוי עם זיתים ו,גרמים,150.00,100 גרם,false,,11.90,0.0793,true,1,2310813
7290114600927,false,עלי טורטייה חיטה מלאה מאסטר שף 320 גרם,אלקאטי קורביישיסי גי,,טורטיה חיטה מלאה מאס,גרמים,320.00,100 גרם,false,,7.90,0.0247,true,1,2327628
7290114600941,false,מאסטר שף מיונז הולנדי לחיץ 435 גרם,ש. שסטוביץ בע`מ,,מיונז לחיץ מאסטר שף,גרמים,435.00,100 גרם,false,,10.90,0.0251,true,1,2331494
7290114600989,false,"רוטב אלף האיים מאסטר שף 250 מ""ל",ש. שסטוביץ בע`מ,,רוטב אלף האיים מאסטר,מיליליטרים,250.00,"100 מ""ל",false,,9.90,0.0396,true,1,2318571
7290114600996,false,מאסטר שף רוטב שום 256 גרם,ש. שסטוביץ בע`מ,,רוטב שום מאסטר שף 25,מיליליטרים,250.00,"100 מ""ל",false,,9.90,0.0396,true,1,2318572
7290114602778,false,729חטיף פריי סלייסים ציפס ירקות שורש90גר,ש. שסטוביץ בע`מ,,חטיף פרי סלייסים צ'י,גרמים,90.00,100 גרם,false,,12.90,0.1433,true,1,2360187
7290114602785,false,פרי סלייסים צ'יפס בננה מלוח 90 גרם,פלפר אפרטיבוס,,חטיף פרי סלייסים צ'י,גרמים,90.00,100 גרם,false,,12.90,0.1433,true,1,2360188
7290114603034,false,"פרי גרנולה אגוזים צימוקים וחמוציות, 300 ג'",ש. שסטוביץ בע`מ,,פרי גרנולה אגוזים/צי,גרמים,300.00,100 גרם,false,,17.90,0.0597,true,1,2332166
7290114603041,false,פריי גרנולה בוטנים אגוזים וקוקוס חלבון,ש. שסטוביץ בע`מ,,פרי גרנולה בוטנים/אג,גרמים,300.00,100 גרם,false,,17.90,0.0597,true,1,2332167
7290114603508,false,"רוטב להקצפה מאסטר שף 300 מ""ל",ש. שסטוביץ בע`מ,,רוטב להקפצה מאסטר שף,מיליליטרים,300.00,"100 מ""ל",false,,9.90,0.0330,true,1,2320541
7290114603515,false,מאסטר שף רוטב קארי אדום 340 גרם,ש. שסטוביץ בע`מ,,רוטב קארי אדום מאסטר,גרמים,340.00,100 גרם,false,,14.90,0.0438,true,1,2325040
7290114603522,false,מאסטר שף רוטב קארי ירוק 340 גרם,ש. שסטוביץ בע`מ,,רוטב קארי ירוק מאסטר,גרמים,340.00,100 גרם,false,,14.90,0.0438,true,1,2325041
7290114603584,false,PLAY חטיף פוף בטעם גריל 40 גרם,ש. שסטוביץ בע`מ,,חטיף פוף משולש אפוי,גרמים,40.00,100 גרם,false,,3.90,0.0975,true,1,2309218
7290114603591,false,PLAY חטיף פוף בטעם קטשופ 40 גרם,ש. שסטוביץ בע`מ,,חטיף פוף משולש אפוי,גרמים,40.00,100 גרם,false,,3.90,0.0975,true,1,2309219
7290114603607,false,PLAY חטיף פוף בטעם חמוץ חריף 40 גרם,ש. שסטוביץ בע`מ,,חטיף פוף משולש אפוי,גרמים,40.00,100 גרם,false,,3.90,0.0975,true,1,2309229
7290114603768,false,"מארז אג'קס כלורון נוזל לניקוי אסלות 750 מ""ל*2 יח'",קולגייט פלמוליב,,אג'קס לשירותים 750 מ,מיליליטרים,1500.00,"100 מ""ל",false,,29.90,0.0199,true,1,2318566
7290114604857,false,"דפי אורז מאסטר שף קוטר 22 ס""מ 400 גרם",ש. שסטוביץ בע`מ,,דפי אורז עגולים קוטר,גרמים,400.00,100 גרם,false,,14.90,0.0373,true,1,2332154
7290114604864,false,קוסקוס סולת דק מאסטר שף 350 גרם,ש. שסטוביץ בע`מ,,קוסקוס סולת דק מאסט,גרמים,350.00,100 גרם,false,,5.00,0.0143,true,1,2332145
7290114604871,false,קוסקוס סולת בינוני מאסטר שף 350 גרם,ש. שסטוביץ בע`מ,,קוסקוס סולת בינוני מ,גרמים,350.00,100 גרם,false,,5.00,0.0143,true,1,2332146
7290114604895,false,מאסטר שף מיונז ספייסי לחיץ 446 גרם,ש. שסטוביץ בע`מ,,ממרח ספייסי לחיץ מאס,גרמים,446.00,100 גרם,false,,10.90,0.0244,true,1,2353557
7290114604901,false,ממרח שום לחיץ מאסטר שף 444 גרם,ש. שסטוביץ בע`מ,,ממרח שום לחיץ מאסטר,גרמים,444.00,100 גרם,false,,10.90,0.0245,true,1,2353558
7290114604925,false,מנה אסייאתי קרם קוקוס פחית לייט 400 מ`ל,"תאי קוקונאט חברה בע""",,קרם קוקוס לייט 400 מ,מיליליטרים,400.00,"100 מ""ל",false,,7.90,0.0198,true,1,2370028
7290114604949,false,מאסטר שף רוטב ברביקיו 524 גרם,רמיה סי.וי. הולנד,,רוטב ברביקיו מאסטר ש,גרמים,524.00,100 גרם,false,,12.90,0.0246,true,1,2360190
7290114604963,false,פירורי לחם מתובלים מאסטר שף 230 גרם,ש. שסטוביץ בע`מ,,פירורי לחם מתובלים מ,גרמים,230.00,100 גרם,false,,6.90,0.0300,true,1,2333690
7290114605533,false,משטח חיתוך חד פעמי 30 יח' קוקי,ש.שסטוביץ בעמ,,משטח חיתוך חד פעמי,גרמים,276.00,100 גרם,false,,19.90,0.0721,true,1,2401262
7290114605557,false,קוקי נייר עטיפה לסנדוויץ,ש.שסטוביץ בעמ,,נייר עטיפה לסנדוויץ-,יח',80.00,יח',false,,12.90,0.1613,true,1,2351648
7290114605571,false,קוקי תבניות נייר מתקפלות,ש. שסטוביץ בע`מ,,תבנית אפייה מתקפלת ק,יח',3.00,יח',false,,12.90,4.3000,true,1,2350260
7290114605892,false,פרי חטיף תמרים בוטנים ואגוזי לוז 40 גרם,שסטוביץ,,חטיף תמרים פרי בוטני,גרמים,40.00,100 גרם,false,,7.90,0.1975,true,1,2360180
7290114606530,false,רוטב בטעם מיונז וקטשופ מאסטר שף 515 גרם,ש. שסטוביץ בע`מ,,רוטב בטעם מיונז וקטש,גרמים,515.00,100 גרם,false,,10.90,0.0212,true,1,2353559
7290114606547,false,מיונז פטריות כמהין לחיץ מאסטר שף 242 גרם,ש. שסטוביץ בע`מ,,מיונז עם פיטריות כמה,גרמים,242.00,100 גרם,false,,10.90,0.0450,true,1,2353560
7290114606554,false,מיונז מופחת קלוריות בקבוק לחיץ,ש. שסטוביץ בע`מ,,מיונז לייט לחיץ מאסט,גרמים,470.00,100 גרם,false,,10.90,0.0232,true,1,2353561
7290114606561,false,מאסטר שף אטריות אורז דקות ורמיצ'לי 400 ג,לינג טונג רייס ורמיצ'ילי,,איטריות אורז דקות 40,גרמים,400.00,100 גרם,false,,8.90,0.0223,true,1,2370034
7290114606578,false,שקדי מרק מאסטר שף 400 גרם,ש. שסטוביץ בע`מ,,שקדי מרק מאסטר שף 40,גרמים,400.00,100 גרם,false,,9.90,0.0248,true,1,2378780
7290114606592,false,רוטב סויה מסורתית 46% פולי סויה מאסטר שף 620 ג',קריניציה ויטמינה אס,,סויה 46% פולי סויה מ,מיליליטרים,620.00,"100 מ""ל",false,,16.90,0.0273,true,1,2376052
7290114606608,false,רוטב סויה מסורתי מאסטר שף דל נתרן 40 דל נתרן,קריניציה ויטמינה אס,,סויה 40% פולי סויה מ,מיליליטרים,620.00,"100 מ""ל",false,,16.90,0.0273,true,1,2376053
7290114607315,false,זוג משחת שיניים מקס וויט,קולגייט- פלמוליב,,מארז זוג קולגייט ויי,מיליליטרים,250.00,"100 מ""ל",false,,24.90,0.0996,true,1,2353615
7290114607391,false,"קולגייט משחת לילדים ברבי 2-5 שנים, 75 מ""ל",קולגייט פלמוליב,,משחת שיניים קולגייט,מיליליטרים,75.00,"100 מ""ל",false,,16.90,0.2253,true,1,2366070
7290114608169,false,פריי גרנולה קפה וקקאו עם אגוזים 300גר,ש. שסטוביץ בע`מ,,פרי גרנולה קפה וקקאו,גרמים,300.00,100 גרם,false,,17.90,0.0597,true,1,2380906
7290114608633,false,"דפי אצה מאסטר שף, 25 גרם",ש. שסטוביץ בע`מ,,דפי אצות 25 גרם מאסט,גרמים,25.00,100 גרם,false,,11.90,0.4760,true,1,2401263
7290114608640,false,קרוטונים לסלט כוסמין מאסטר שף 260 גרם,עינת תעשיות מזון אגו,,קרוטונים לסלט כוסמין,גרמים,260.00,100 גרם,false,,17.90,0.0688,true,1,2369283
7290114657679,false,משקפיים מנייר HB - 4,,,משקפיים מנייר HB - 4,יחידה,0.00,יחידה,false,,4.90,0.0000,true,1,2335765
7290114659949,false,מסכה כירורגית חד פעמית מארז 50 יח',שמחה זה אנחנו בעמ,,מארז מסיכות 50 יח',יח',50.00,יח',false,,9.90,0.1980,true,1,2334339
7290114751131,false,משחת שיניים אורל בי לילדים קארס 114 גר,פרוקטר אנד גמבל,,אורל בי משחת שיניים,גרמים,75.00,100 גרם,false,,14.90,0.1987,true,1,2310727
7290114821469,false,כבד דג שיבוט במיץ טבעי אופיסר (120 גרם),דיפלומט מפיצים (1968) בעמ**,,מעדן כבד דג מעושן 12,גרמים,120.00,100 גרם,false,,10.90,0.0908,true,1,2335590
7290115073676,false,מסכות כירורגיות צבעוני מארז 50 יח(ש),שמחה זה אנחנו בע`מ,,מסיכה לפנים חד-פעמי,יח',50.00,יח',false,,9.90,0.1980,true,1,2332027
7290115200003,false,פתי בר פינוקי וניל אסם 220 גרם,קבוצת אוסם סחר שותפות מוגבלת,,פתיבר פינוקי וניל 22,גרמים,220.00,100 גרם,false,,10.90,0.0495,true,1,2311230
7290115200027,false,אסם פתי בר פינוקים שוקו 220 גרם,קבוצת אוסם סחר שותפות מוגבלת,,פתיבר פינוקי שוקו 22,גרמים,220.00,100 גרם,false,,10.90,0.0495,true,1,2311231
7290115200676,false,עוגיות קרמוגית במילוי קרם בטעם קרמל מלוח,קבוצת אוסם סחר שותפות מוגבלת,,עוגיות קרמוגית קרמל,גרמים,200.00,100 גרם,false,,10.90,0.0545,true,1,2322988
7290115200782,false,פיתות פרימיום נאפה במקום - מארז 5 יח',**קבוצת אוסם סחר-שות.מוגבלת,,חמישייה פיתות,גרמים,500.00,100 גרם,false,,5.90,0.0118,true,1,2313068
7290115201031,false,פתי בר פינוקי דובי שוקולד 175גר.,קבוצת אוסם סחר שותפות מוגבלת,,פתיבר דובי שוקולד 17,גרמים,178.00,100 גרם,false,,9.90,0.0556,true,1,2350231
7290115201253,false,לחם מחמצת עם קמח מלא וסובין,בונז'ור,,לחם מחמצת עם קמח מלא,יחידה,0.00,יחידה,false,,16.90,0.0000,true,1,2320163
7290115201291,false,בונזור לחם מחמצת כפרי עם שיפון 640 ג',**קבוצת אוסם סחר-שות.מוגבלת,,לחם מחמצת כפרי עם שי,יחידה,0.00,יחידה,false,,16.90,0.0000,true,1,2320165
7290115201338,false,לחם מחמצת כפרי עם חמוציות 550 גר`בונז`ו,**קבוצת אוסם סחר-שות.מוגבלת,,לחם מחמצת כפרי עם חמ,יחידה,0.00,יחידה,false,,16.90,0.0000,true,1,2320166
7290115201451,false,לביבות בטטה וקארי 455 גר` טבעול גורמה,קבוצת אוסם סחר שותפות מוגבלת,,טבעול גורמה לביבות ב,גרמים,455.00,100 גרם,false,,32.90,0.0723,true,1,2391984
7290115201475,false,טבעול גורמה לביבות כרישה 434 גרם,קבוצת אוסם סחר-שות.מוגבלת,,טבעול גורמה לביבות כ,גרמים,434.00,100 גרם,false,,32.90,0.0758,true,1,2391985
7290115201536,false,"טבעול גורמה לביבות כרובית ותפו""א 442 גרם",קבוצת אוסם סחר שותפות מוגבלת,,טבעול גורמה לביבות כ,גרמים,442.00,100 גרם,false,,32.90,0.0744,true,1,2391986
7290115201550,false,חטיף ביסלי קרנבל מיקס 150 גר אסם,קבוצת אוסם סחר שותפות מוגבלת,,ביסלי קרנבל מיקס 150,גרמים,150.00,100 גרם,false,,8.90,0.0593,true,1,2326301
7290115201680,false,ביסלי חטיף בטעם ברביקין אסם (70 גרם),קבוצת אוסם סחר שותפות מוגבלת,,ביסלי ברביקיו 70 גרם,גרמים,70.00,100 גרם,false,,4.30,0.0614,true,1,2326302
7290115201703,false,ביסלי חטיף בטעם ברביקין אסם (200 גרם),קבוצת אוסם סחר שותפות מוגבלת,,ביסלי ברביקיו 200 גר,גרמים,200.00,100 גרם,false,,7.90,0.0395,true,1,2326303
7290115201727,false,ביסלי חטיף בטעם בצל אסם (200 גרם),קבוצת אוסם סחר-שות.מוגבלת,,ביסלי בצל 200 גרם.,גרמים,200.00,100 גרם,false,,7.90,0.0395,true,1,2326304
7290115201741,false,ביסלי חטיף בטעם בצל אסם (70 גרם),קבוצת אוסם סחר שותפות מוגבלת,,ביסלי בצל 70 גרם,גרמים,70.00,100 גרם,false,,4.30,0.0614,true,1,2326305
7290115202212,false,טבעול גורמה לביבות סלק 434 גרם,קבוצת אוסם סחר-שות.מוגבלת,,טבעול גורמה לביבות ס,גרמים,434.00,100 גרם,false,,32.90,0.0758,true,1,2391987
7290115202236,false,טופו קראנצי`ם 470 גרם טבעול,קבוצת אוסם סחר שותפות מוגבלת,,טבעול טופו קראנצים,גרמים,470.00,100 גרם,false,,29.90,0.0636,true,1,2381476
7290115202250,false,טופו קראנצי`ם צ`ילי פיקנטי 470 גרם טבעול,קבוצת אוסם סחר שותפות מוגבלת,,טבעול טופו קראנצים צ,גרמים,470.00,100 גרם,false,,29.90,0.0636,true,1,2381477
7290115202434,false,צבר סלט חומוס עם זעתר 375 גרם,קבוצת אוסם סחר שותפות מוגבלת,,חומוס עם זעתר,גרמים,375.00,100 גרם,false,,10.90,0.0291,true,1,2347882
7290115202786,false,מנה חמה פאוצ' נדלס.אטר.טעם בקר 70 גרם,קבוצת אוסם סחר שותפות מוגבלת,,מנה חמה פאוצ נודלס,גרמים,70.00,100 גרם,false,,4.90,0.0700,true,1,2350672
7290115202816,false,מנה חמה פאוץ נודלס אטריות טעם עוף 70 גרם,קבוצת אוסם סחר שותפות מוגבלת,,מנה חמה פאוצ נודלס,גרמים,70.00,100 גרם,false,,4.90,0.0700,true,1,2350673
7290115202847,false,מנה חמה פאוצ' נדלס ספייסי אסם 70 ג',קבוצת אוסם סחר שותפות מוגבלת,,מנה חמה פאוצ נודלס,גרמים,70.00,100 גרם,false,,4.90,0.0700,true,1,2350674
7290115202939,false,מנה חמה רייס נודלס עוף פטריות אסם 50 גרם,קבוצת אוסם סחר שותפות מוגבלת,,מנה חמה רייס נודלס ע,גרמים,50.00,100 גרם,false,,7.90,0.1580,true,1,2381449
7290115203103,false,עוגיות שוקולד ציפס נ,Unknown,,עוגיות שוקולד ציפס נ,קילוגרמים,1.00,"ק""ג",true,,40.00,40.0000,true,1,2364674
7290115203134,false,חטיף פופקו פופקורן במבה אסם (80 גרם),קבוצת אוסם סחר שותפות מוגבלת,,פופקו פופקורן במבה,גרמים,80.00,100 גרם,false,,4.50,0.0563,true,1,2358407
7290115203172,false,במבה PRO מכיל 18 גרם חלבון בשקית,קבוצת אוסם סחר שותפות מוגבלת,,במבה פרו 80 גרם,גרמים,80.00,100 גרם,false,,4.50,0.0563,true,1,2415228
7290115203295,false,פרפקטו פסטה ריציאולי מהדורה 12*500גרם,קבוצת אוסם סחר שותפות מוגבלת,,פסטה פרפקטו ריציאולי,גרמים,500.00,100 גרם,false,,9.90,0.0198,true,1,2350660
7290115203486,false,פירורית טעם ביסלי גריל אסם (200 גרם),קבוצת אוסם סחר שותפות מוגבלת,,פירורית ביסלי גריל 2,גרמים,200.00,100 גרם,false,,5.90,0.0295,true,1,2352483
7290115203806,false,"רוטב בסיס לבישול אסם 290 מ""ל",קבוצת אוסם סחר שותפות מוגבלת,,רוטב בסיס לבישול,מיליליטרים,290.00,"100 מ""ל",false,,12.90,0.0445,true,1,2378460
7290115203905,false,מיני פיתה כוסמין עשירייה בונג'ור 550 ג',קבוצת אסם סחר שות. מוגבלת,,מארז עשירייה מיני פי,יחידה,0.00,יחידה,false,,11.90,0.0000,true,1,2352461
7290115204056,false,"קטשופ מופחת סוכר אסם 690 גרם כשל""פ",קבוצת אוסם סחר שותפות מוגבלת,,קטשופ 56% פחות סוכר,גרמים,690.00,100 גרם,false,,12.90,0.0187,true,1,2351643
7290115204100,false,בגט אותנטיק כפרי 240 גר`,קבוצת אסם סחר שות. מוגבלת,,בגט אותנטיק כפרי,יח',0.00,יח',false,,8.50,0.0000,true,1,2352462
7290115204131,false,צבר סחוג ירוק 6*190גרם חדש,קבוצת אוסם סחר שותפות מוגבלת,,סחוג ירוק 190 גרם,גרמים,190.00,100 גרם,false,,10.90,0.0574,true,1,2384002
7290115204155,false,סחוג אדום המעדנייה ש,קבוצת אוסם סחר שותפות מוגבלת,,סחוג אדום 190 גרם,גרמים,190.00,100 גרם,false,,10.90,0.0574,true,1,2384003
7290115204186,false,פסטו המעדינה של צבר,קבוצת אוסם סחר שותפות מוגבלת,,ממרח פסטו 190 גרם,גרמים,190.00,100 גרם,false,,14.90,0.0784,true,1,2383989
7290115204247,false,ממרח עגבניות מיובשות 190 ג' צבר,קבוצת אוסם סחר שותפות מוגבלת,,ממרח עגבניות מיובשות,גרמים,190.00,100 גרם,false,,14.90,0.0784,true,1,2383997
7290115204261,false,אריסה חריפה המעדנייה,קבוצת אוסם סחר שותפות מוגבלת,,אריסה 190 גרם,גרמים,190.00,100 גרם,false,,10.90,0.0574,true,1,2384004
7290115204858,false,חלת כוסמין אפוי חלקי,Unknown,,חלת כוסמין,יחידה,0.00,יחידה,false,,14.90,0.0000,true,1,2354079
7290115205022,false,אוסם - שקדי מרק מקלונים 350 גרם,קבוצת אוסם סחר שותפות מוגבלת,,שקדי מרק מקלונים 350,גרמים,350.00,100 גרם,false,,12.90,0.0369,true,1,2369906
7290115205169,false,עוגיות שוקולד ציפס נ,Unknown,,עוגיות שוקולד ציפס נ,קילוגרמים,1.00,"ק""ג",true,,40.00,40.0000,true,1,2364675
7290115205176,false,729001032825פיטנס חטיפי קרקר כפרי 140גר.,קבוצת אוסם סחר שותפות מוגבלת,,חטיפי קרקר דק כפרי פ,גרמים,140.00,100 גרם,false,,10.90,0.0779,true,1,2376531
7290115205251,false,פריכיות קרמל מלוח פיטנס בר 84 גרם,קבוצת אוסם סחר שותפות מוגבלת,,פירכיות פיטנס קרמל מ,גרמים,84.00,100 גרם,false,,11.90,0.1417,true,1,2415830
7290115205312,false,קרקר פיטנס דק עם זיתי קלמטה ועשבי תיבול,קבוצת אוסם סחר שותפות מוגבלת,,חטיפי קרקר זיתים פיט,גרמים,140.00,100 גרם,false,,10.90,0.0779,true,1,2398531
7290115205527,false,חטיף מולטיגריין עם עדשים ( 25 גר`) פיטנס,קבוצת אוסם סחר שותפות מוגבלת,,חטיף פיטנס עם עדשים,גרמים,25.00,100 גרם,false,,4.90,0.1960,true,1,2407757
7290115205541,false,חטיף מולטיגריין עם חומוס ( 25 גר`) פיטנס,קבוצת אוסם סחר שותפות מוגבלת,,חטיף פיטנס עם חומוס,גרמים,25.00,100 גרם,false,,4.90,0.1960,true,1,2407758
7290115205633,false,טבעול סנסשיונל/גורמה נקנקיות 350 גר',קבוצת אוסם סחר שותפות מוגבלת,,טבעול סנסשיונל נקנקי,גרמים,350.00,100 גרם,false,,32.90,0.0940,true,1,2391988
7290115205718,false,אסם בונזור בצק מצונן עלים 230 גרם,קבוצת אוסם סחר-שות.מוגבלת,,בצק מצונן עלים בונזו,גרמים,230.00,100 גרם,false,,14.90,0.0648,true,1,2383984
7290115206135,false,טבעול גורמה ארוחת קינואה 450 גרם,קבוצת אוסם סחר שותפות מוגבלת,,טבעול גורמה ארוחת קי,גרמים,450.00,100 גרם,false,,32.90,0.0731,true,1,2391990
7290115206173,false,אסם פתי בר קרמל 500 גרם חדש,קבוצת אוסם סחר שותפות מוגבלת,,פתיבר קרמל 500 גרם.,גרמים,500.00,100 גרם,false,,11.90,0.0238,true,1,2376532
7290115206531,false,אסם קרמוגית במילוי קרם בייגלה 12*200 גרם,קבוצת אוסם סחר שותפות מוגבלת,,עוגיות קרמוגית במילו,גרמים,200.00,100 גרם,false,,10.90,0.0545,true,1,2377064
7290115207361,false,ביסקוויט פתיבר בטעם פיסטוק,קבוצת אוסם סחר שותפות מוגבלת,,פתיבר פיסטוק 500ג,גרמים,500.00,100 גרם,false,,11.90,0.0238,true,1,2398539
7290115207620,false,"רוטב בסגנון סויה קלאסי 290 מ""ל אסם",קבוצת אוסם סחר שותפות מוגבלת,,רוטב סויה קלאסי אסם,מיליליטרים,290.00,"100 מ""ל",false,,14.90,0.0514,true,1,2398540
7290115207682,false,אסם רוטב בסגנון סויה סיני 9*290מל חדש,קבוצת אוסם סחר שותפות מוגבלת,,רוטב סויה בסגנון סינ,מיליליטרים,290.00,"100 מ""ל",false,,10.90,0.0376,true,1,2398542
7290115207767,false,אוזני פיל בונז'ור,Unknown,,אוזני פיל בונז'ור,קילוגרמים,1.00,"ק""ג",true,,24.90,24.9000,true,1,2394841
7290115207798,false,טבעול המבורגר חריף טבעוני 420 גרם,קבוצת אוסם סחר שותפות מוגבלת,,בורגר חריף טבעוני *6,גרמים,420.00,100 גרם,false,,29.90,0.0712,true,1,2395989
7290115207811,false,"טבעול נקניקיות טבעוניות, 418 גרם",קבוצת אוסם סחר-שות.מוגבלת,,טבעול נקניקיות טבעונ,גרמים,418.00,100 גרם,false,,32.90,0.0787,true,1,2391995
7290115207903,false,סירופ ויטמינציק תפוח 2 ליטר,קבוצת אוסם סחר שותפות מוגבלת,,ויטמינצ'יק תפוח 2 לי,ליטרים,2.00,ליטר,false,,39.90,19.9500,true,1,2387055
7290115207941,false,סירופ אננס ויטמינצ'יק 1 ליטר,קבוצת אוסם סחר שותפות מוגבלת,,ויטמינצ'יק אננס 1 לי,ליטרים,1.00,ליטר,false,,19.90,19.9000,true,1,2387057
7290115207965,false,סירופ מנגו אפרסק ויטמינצ'יק 1 ליטר,קבוצת אוסם סחר שותפות מוגבלת,,ויטמינצ'יק מנגו אפרס,ליטרים,1.00,ליטר,false,,19.90,19.9000,true,1,2387058
7290115207989,false,סירופ לימון ויטמינצ'יק 1 ליטר,קבוצת אוסם סחר שותפות מוגבלת,,ויטמינצ'יק לימון 1 ל,ליטרים,1.00,ליטר,false,,19.90,19.9000,true,1,2387059
7290115208009,false,סירופ ענבים ויטמינצ'יק 1 ליטר,קבוצת אוסם סחר שותפות מוגבלת,,ויטמינצ'יק ענבים 1 ל,ליטרים,1.00,ליטר,false,,19.90,19.9000,true,1,2387060
7290115208023,false,סירופ ויטמינציק ענבים 2 ליטר,קבוצת אוסם סחר שותפות מוגבלת,,ויטמינצ'יק ענבים 2 ל,ליטרים,2.00,ליטר,false,,39.90,19.9500,true,1,2387061
7290115208047,false,סירופ פטל ויטמינצ`יק (1 ליטר),קבוצת אוסם סחר שותפות מוגבלת,,ויטמינצ'יק פטל 1 ליט,ליטרים,1.00,ליטר,false,,19.90,19.9000,true,1,2387062
7290115208061,false,סירופ תפוח ויטמינצ'יק 1 ליטר,קבוצת אוסם סחר שותפות מוגבלת,,ויטמינצ'יק תפוח 1 לי,ליטרים,1.00,ליטר,false,,19.90,19.9000,true,1,2387063
7290115208320,false,אפרופו חטיף בטעם ביסלי בצל 50 גרם,קבוצת אוסם סחר שותפות מוגבלת,,אפרופו בטעם ביסלי בצ,גרמים,50.00,100 גרם,false,,4.50,0.0900,true,1,2426874
7290115208344,false,שטוחים בייגלה כפיות שמנת בצל 300גר,קבוצת אוסם סחר שותפות מוגבלת,,בייגלה כפיות שמנת בצ,גרמים,300.00,100 גרם,false,,10.90,0.0363,true,1,2415242
7290115208597,false,קרמוגית מיניס קרמל מלוח אסם 200 גרם,קבוצת אוסם סחר שותפות מוגבלת,,עוגיות קרמוגית מיניס,גרמים,200.00,100 גרם,false,,10.90,0.0545,true,1,2408188
7290115208696,false,רוטב פלפל שאטה 300 ג' אסם,,,רוטב פלפל שאטה אסם,מיליליטרים,300.00,"100 מ""ל",false,,10.90,0.0363,true,1,2423391
7290115208801,false,קרקר לחמית דבש ואגוזים אסם (190 גרם),קבוצת אוסם סחר שותפות מוגבלת,,לחמית דבש ואגוזים,גרמים,190.00,100 גרם,false,,9.90,0.0521,true,1,2415243
7290115209198,false,במבה אוורירית אסם 80 גרם,קבוצת אוסם סחר שותפות מוגבלת,,במבה אוורירית 80 גרם,גרמים,80.00,100 גרם,false,,4.50,0.0563,true,1,2407752
7290115209235,false,ביסקוויט פתי בר קפה אסם (500 גרם),קבוצת אוסם סחר שותפות מוגבלת,,פתיבר קפה 500 ג,גרמים,500.00,100 גרם,false,,11.90,0.0238,true,1,2415832
7290115209358,false,במבה במילוי בראוניז אסם (60 גרם),קבוצת אוסם סחר שותפות מוגבלת,,במבה במילוי בראוניז,גרמים,60.00,100 גרם,false,,4.50,0.0750,true,1,2426867
7290115209372,false,במבה במילוי בראוניז 150 גרם אוסם,קבוצת אוסם סחר שותפות מוגבלת,,במבה במילוי בראוניז,גרמים,150.00,100 גרם,false,,8.90,0.0593,true,1,2426868
7290115405057,false,פס מוס גבינה אוכמניות 300 גרם קפולסקי,קפולסקי אדל בעמ,,פס מוס גבינה אוכמניו,גרמים,300.00,100 גרם,false,,24.90,0.0830,true,1,2407535
7290115405118,false,קינוח אישי גבינה תענוג תות קפולסקי 200 ג,תופינים מקבוצת קפולסקי,,קינוח אישי בטעמים,גרמים,200.00,100 גרם,false,,14.90,0.0745,true,1,2407539
7290115405774,false,פחזניות ממולאות בטעם וניל קפולסקי 180 גרם,תופינים מקבוצת קפולס,,פחזניות ממולאות בטעמ,גרמים,180.00,100 גרם,false,,13.90,0.0772,true,1,2407526
7290115405781,false,פחזניות ממולאות בטעם שוקולד קפולסקי 180 גרם,תופינים מקבוצת קפולס,,פחזניות ממולאות בטעמ,גרמים,180.00,100 גרם,false,,13.90,0.0772,true,1,2407527
7290115405828,false,קינוח אישי גבינה אוכמניות קפולסקי 200 גרם,תופינים מקבוצת קפולסקי,,קינוח אישי בטעמים,גרמים,200.00,100 גרם,false,,14.90,0.0745,true,1,2407542
7290115480016,false,סוד פאוור קאפס לכביסה צבעונית 26 יחי,גורי שיווק בעמ,,סוד קפסולות ג'ל לכבי,יח',26.00,יח',false,,29.90,1.1500,true,1,2410674
7290115480023,false,סוד פאוור קאפס לכביסה צבעונית 45 יחי,הנקל,,סוד קפסולות גל לכביס,100 יח',45.00,100 יח',false,,29.90,0.6644,true,1,2410675
7290115621570,false,כף הגשה לעוגה מיני מ,,,כף הגשה לעוגה מיני מ,יחידה,0.00,יחידה,false,,19.90,0.0000,true,1,2349584
7290115622904,false,קופסת אחסון שקופה 36,,,קופסת אחסון שקופה 36,יחידה,0.00,יחידה,false,,19.90,0.0000,true,1,2360334
7290115622935,false,קופסת אחסון שקופה 99,,,קופסת אחסון שקופה 99,יחידה,0.00,יחידה,false,,39.90,0.0000,true,1,2360337
7290115623130,false,תרבד מחורץ סיליקון א,,,תרבד מחורץ סיליקון E,יחידה,0.00,יחידה,false,,9.90,0.0000,true,1,2334447
7290115624151,false,נפת נירוסטה לקוסקוס,,,נפת נירוסטה לקוסקוס,יחידה,0.00,יחידה,false,,29.90,0.0000,true,1,2360339
7290115625400,false,מפזר אבקת סוכר DOLCE,,,מפזר אבקת סוכר DOLCE,יחידה,0.00,יחידה,false,,19.90,0.0000,true,1,2389033
7290115628463,false,מיכל לאיחסון תבלין\מ,,,מיכל לאיחסון תבלין\מ,יחידה,0.00,יחידה,false,,10.90,0.0000,true,1,2399913
7290115629125,false,כף גלידה קפיצית נירו,,,כף גלידה קפיצית נירו,יחידה,0.00,יחידה,false,,29.90,0.0000,true,1,2422738
7290115629132,false,כף גלידה נירוסטה סיג,,,כף גלידה נירוסטה SI,יחידה,0.00,יחידה,false,,16.90,0.0000,true,1,2422739
7290115641028,false,"3 קופסאות אחסון+מכסים אטומים 800 מ""ל",,,סט 3 קופסאות פרומו 8,יחידה,0.00,יחידה,false,,9.90,0.0000,true,1,2368675
7290115641035,false,3 קופסאות איחסון+ מכסים אטומים 1 ליטר,,,סט 3 קופסאות פרומו 1,יחידה,0.00,יחידה,false,,12.90,0.0000,true,1,2368676
7290115641042,false,3 קופסאות אחסון +מכסים אטומים 1.2 ליטר,,,סט 3 קופסאות פרומו 1,יחידה,0.00,יחידה,false,,14.90,0.0000,true,1,2368677
7290115670684,false,גרנולה שיבולת שועל עם אגוזי לוז,אנרג'י Energy - שטראוס,,גרנולה אגוזים 400 גר,גרמים,400.00,100 גרם,false,,12.90,0.0323,true,1,2351383
7290115670691,false,גרנולה שיבולת שועל עם פירות יער,אנרג'י Energy - שטראוס,,גרנולה פירות יער 400,גרמים,400.00,100 גרם,false,,12.90,0.0323,true,1,2351384
7290115670707,false,גרנולה שיבולת שועל עם שוקולד ואגוזי לוז,אנרג'י Energy - שטראוס,,גרנולה שוקולד ואגוזי,גרמים,400.00,100 גרם,false,,12.90,0.0323,true,1,2351385
7290115671155,false,שלישיית סוכריות מאסט FRESH ענבים 45 גרם,שטראוס גרופ בע`מ,,שלישיית סוכריות פרש,גרמים,45.00,100 גרם,false,,7.90,0.1756,true,1,2384849
7290115671223,false,מסטיק מאסט פאן אבטיח מנגו צנצנת 58 גרם,שטראוס גרופ בע`מ,,קופסא מסטיק מאסט פאן,גרמים,58.00,100 גרם,false,,8.90,0.1534,true,1,2384850
7290115671308,false,מסטיק מאסט פאן תות דובדבן צנצנת 58 גרם,שטראוס גרופ בע`מ,,קופסא מסטיק מאסט פאן,גרמים,58.00,100 גרם,false,,8.90,0.1534,true,1,2384851
7290115671339,false,מיני פינוקיות בראוניז בייגל בוטן עלית 180 ג' עלית,"הגביע מוצרי ופלים בע""\מ",,מיני פינוקיות בראוני,גרמים,180.00,100 גרם,false,,9.90,0.0550,true,1,2365710
7290115671346,false,מיני פינוקיות טופי קרמל מלוח עלית 180 גרם,"הגביע מוצרי ופלים בע""\מ",,מיני פינוקיות טופי כ,גרמים,180.00,100 גרם,false,,9.90,0.0550,true,1,2365715
7290115671421,false,פולי אספרסו עשירים וארומטיים עוצמה 10 עלית 250 גרם,שטראוס קפה בי. וי.,,פולי אספרסו עלית 250,גרמים,250.00,100 גרם,false,,21.90,0.0876,true,1,2400640
7290115675559,false,מארז קפה טורקי לדרך 10 יחידות,שטראוס קפה בי.וי.,,מארז קפה טורקי לדרך,גרמים,70.00,100 גרם,false,,7.50,0.1071,true,1,2335311
7290115675702,false,דגני בוקר קראנצ'ים שיבולת שועל עם פירות מיובשים,שטראוס פריטו ליי בע`מ,,דגני בוקר קוואקר פיר,גרמים,375.00,100 גרם,false,,19.90,0.0531,true,1,2366382
7290115675986,false,דנונה יוגורט בר עם אגוזים מקורמלים 173 גרם,שטראוס גרופ בעמ/מצונן,,דנונה בר עם אגוזים מ,גרמים,173.00,100 גרם,false,,4.50,0.0260,true,1,2334370
7290115676037,false,דנונה ריפרש יוגורט עם תות ודומדמניות 1.6% שומן,שטראוס גרופ בעמ/מצונן,,דנונה לשתייה ריפרש ת,גרמים,250.00,100 גרם,false,,5.50,0.0220,true,1,2357367
7290115676051,false,"משקה אקטיביה שיבולת שועל במתיקות מעודנת 250 מ""ל",שטראוס גרופ בעמ/מצונן,,משקה אקטיביה עם ש.שו,מיליליטרים,265.00,"100 מ""ל",false,,4.90,0.0185,true,1,2379644
7290115676099,false,משקה דנונה פרו 20 יוגורט וניל 255 ג' רבנות,שטראוס גרופ בעמ/מצונן,,משקה דנונה פרו 20 ונ,גרמים,255.00,100 גרם,false,,6.40,0.0251,true,1,2357370
7290115676273,false,אבקת קקאו עלית 500 גרם+ 10% תוספת,שטראוס קפה בי.וי.,,קקאו עלית 500 גרם+10,גרמים,550.00,100 גרם,false,,25.90,0.0471,true,1,2353606
7290115676341,false,אריזות דבש אישיות טו גו 18 * 162 ג' יד מרדכי,מכוורת יד מרדכי שטראוס ב,,דבש טהור בסשטים 18 י,גרמים,162.00,100 גרם,false,,17.90,0.1105,true,1,2407586
7290115677089,false,קונפיטורת תפוח וקינמון יד מרדכי 340 גרם,שטראוס גרופ בע`מ,IL,קונפיטורת תות 340 גרם,גרמים,340.00,100 גרם,false,,12.90,0.0379,true,1,2364564
7290115677362,false,"נודלס טריאקי ""דלישס"" שטראוס",קפוא-זן תעשיות מזון בעמ - תפוג,,נודלס טריאקי,גרמים,350.00,100 גרם,false,,26.90,0.0769,true,1,2384135
7290115677409,false,אורז קארי צהוב עם ירקות ברוטב קארי וקרם קוקוס,קפוא זן תעשיות מזון בעמ,,אורז קארי צהוב,גרמים,350.00,100 גרם,false,,26.90,0.0769,true,1,2384139
7290115678222,false,מארז 8 גביעים יוגורט Greek בסגנון יווני 6.5% שומן,שטראוס גרופ בעמ/מצונן,,מארז 8 יוגורט יווני,גרמים,1040.00,100 גרם,false,,23.90,0.0230,true,1,2357378
7290115678376,false,מעדן הגולן שוקולד 125 גרם,שטראוס גרופ בעמ/מצונן,,מעדן הגולן שוקולד 12,גרמים,125.00,100 גרם,false,,2.90,0.0232,true,1,2366277
7290115678383,false,מעדן הגולן שוקולד מריר בודד 125גר,שטראוס גרופ בעמ/מצונן,,מעדן הגולן שוקולד מר,גרמים,125.00,100 גרם,false,,2.90,0.0232,true,1,2366278
7290115678635,false,נשנושי גבינה -גבינת שמנת 16%+כעכים שטוחים עם מלח,שטראוס גרופ בעמ/מצונן,,נשנושי גבינה 16% עם,גרמים,67.00,100 גרם,false,,9.90,0.1478,true,1,2414016
7290115678642,false,נשנושי גבינה 16% עם חטיף אפוי עם זיתים 67 ג' שטראוס,שטראוס גרופ בעמ/מצונן,,נשנושי גבינה 16% עם,גרמים,67.00,100 גרם,false,,9.90,0.1478,true,1,2410008
7290115678970,false,מארז סוכריות FRESH בטעם בזוקה עלית 3*15 ג',"הליקון גידה בע""\מ",,שלישיית סוכריות פרש,גרמים,45.00,100 גרם,false,,7.90,0.1756,true,1,2365697
7290115679618,false,מארז מייפל עם קוואקר 189+500 ג' יד מרדכי,,CH,קוואקר שיבולת שועל פחית 5,גרמים,689.00,100 גרם,false,,39.90,0.0579,true,1,2363630
7290115730005,false,צלחת flower 9 לבן- א,,,צלחת flower 9 לבן- א,יחידה,0.00,יחידה,false,,23.90,0.0000,true,1,2358548
7290115730326,false,צלחת flower 9 ורוד-,,,צלחת flower 9 ורוד-,יחידה,0.00,יחידה,false,,23.90,0.0000,true,1,2358579
7290115730876,false,ליקר ניאון 2OZ איכות,,,כוסות ליקר ניאון 2OZ,יחידה,0.00,יחידה,false,,7.90,0.0000,true,1,2320807
7290115731002,false,מרקיות פרח מתכלות מק,,,מרקיות פרח מתכלות מק,יחידה,0.00,יחידה,false,,11.90,0.0000,true,1,2401113
7290115731019,false,קסרול פרח מתכלות מקנ,,,קסרול פרח מתכלות מקנ,יחידה,0.00,יחידה,false,,7.90,0.0000,true,1,2401114
7290115731033,false,צלחות בינוניות פרח מ,,,צלחות בינוניות פרח מ,יחידה,0.00,יחידה,false,,17.90,0.0000,true,1,2401116
7290115731293,false,תחתיות זהב מקרטון לע,,,תחתיות זהב מקרטון לע,יח',20.00,יח',false,,4.90,0.2450,true,1,2364874
7290115731477,false,שקיות ריצ'רץ 20*18,,,שקיות ריצ'רץ 20*18,יחידה,0.00,יחידה,false,,8.90,0.0000,true,1,2401118
7290115731484,false,שקיות ריצ'רץ 28*27,,,שקיות ריצ'רץ 28*27,יחידה,0.00,יחידה,false,,9.90,0.0000,true,1,2401119
7290115731569,false,כוס נייר נחלים עבה ג,,,כוס נייר נחלים עבה ג,יח',20.00,יח',false,,14.90,0.7450,true,1,2364881
7290115731675,false,צלחת flower 11.5 שקו,,,צלחת flower 11.5 שקו,יח',10.00,יח',false,,32.90,3.2900,true,1,2364884
7290115731699,false,צלחת flower 11.5 ניצ,,,צלחת flower 11.5 ניצ,יח',10.00,יח',false,,32.90,3.2900,true,1,2364886
7290115731705,false,צלחת flower 11.5 זהב,,,צלחת flower 11.5 זהב,יח',10.00,יח',false,,32.90,3.2900,true,1,2364887
7290115731712,false,צלחת flower 11.5 שחו,,,צלחת flower 11.5 שחו,יח',10.00,יח',false,,32.90,3.2900,true,1,2364888
7290115731736,false,צלחת flower 11.5 מנט,,,צלחת flower 11.5 מנט,יח',10.00,יח',false,,32.90,3.2900,true,1,2364890
7290115732016,false,צלחות 10 גרניט שחור,,,צלחות 10 גרניט שחור,יח',10.00,יח',false,,34.90,3.4900,true,1,2364895
7290115732030,false,צלחות 10 גרניט לבן ז,,,צלחות 10 גרניט לבן ז,יח',10.00,יח',false,,34.90,3.4900,true,1,2364897
7290115732054,false,צלחות 10 גרניט לבן ב,,,צלחות 10 גרניט לבן ב,יח',10.00,יח',false,,34.90,3.4900,true,1,2364898
7290115732092,false,צלחות 9 גרניט לבן זה,,,צלחות 9 גרניט לבן זה,יח',10.00,יח',false,,26.90,2.6900,true,1,2364902
7290115732153,false,צלחות 7 גרניט לבן זה,,,צלחות 7 גרניט לבן זה,יח',10.00,יח',false,,19.90,1.9900,true,1,2364908
7290115732177,false,צלחות 7 גרניט לבן בר,,,צלחות 7 גרניט לבן בר,יח',10.00,יח',false,,19.90,1.9900,true,1,2364910
7290115732214,false,מרקיות גרניט לבן זהב,,,מרקיות גרניט לבן זהב,יח',10.00,יח',false,,19.90,1.9900,true,1,2364914
7290115732221,false,מרקיות גרניט לבן כסף,,,מרקיות גרניט לבן כסף,יח',10.00,יח',false,,19.90,1.9900,true,1,2364915
7290115732337,false,מגש מלבן גרניט לבן זהב 1,,,מגש מלבן גרניט 44*16,יח',10.00,יח',false,,8.90,0.8900,true,1,2364926
7290115732344,false,מגש מלבן גרניט לבן כסף 1,,,מגש מלבן גרניט 44*16,יח',10.00,יח',false,,8.90,0.8900,true,1,2364927
7290115732443,false,קערות קסרול גרניט לב,,,קערות קסרול גרניט לב,יח',1.00,יח',false,,14.90,14.9000,true,1,2364930
7290115732467,false,קערות קסרול גרניט שח,,,קערות קסרול גרניט שח,יח',1.00,יח',false,,14.90,14.9000,true,1,2364932
7290115732474,false,קערות קסרול גרניט שח,,,קערות קסרול גרניט שח,יח',1.00,יח',false,,14.90,14.9000,true,1,2364933
7290115732535,false,מגש מרובע גרניט 35*3,,,מגש מרובע גרניט 35*3,יח',1.00,יח',false,,12.90,12.9000,true,1,2364939
7290115732900,false,כוס גרנית לשתיה קרה,,,כוס גרניט לשתיה קרה,יח',40.00,יח',false,,19.90,0.4975,true,1,2364953
7290115732917,false,כוס גרניט לשתיה קרה,,,כוס גרניט לשתיה קרה,יח',40.00,יח',false,,19.90,0.4975,true,1,2364954
7290115732931,false,כוס גרניט זהב שחור 40 יח,,,כוס גרניט לשתיה קרה,יח',40.00,יח',false,,19.90,0.4975,true,1,2364956
7290115732948,false,כוס גרניט כסף שחור 40 יח,,,כוס גרניט לשתיה קרה,יח',40.00,יח',false,,19.90,0.4975,true,1,2364957
7290115732955,false,כוס גרניט ברונזה שחור 40,,,כוס גרניט לשתיה קרה,יח',40.00,יח',false,,19.90,0.4975,true,1,2364958
7290115733099,false,"כוסות ח""פ ספיר 75 יחידות",פלזית,,כוס ספיר 200cc איכות,יח',75.00,יח',false,,11.90,0.1587,true,1,2364968
7290115733259,false,מאפינס צבעוני 20 יחידות,,,מאפינס צבעוני מוזהב,יחידה,0.00,יחידה,false,,11.90,0.0000,true,1,2401121
7290115733525,false,תבניות עגולות קשיחות,,,"זוג תבניות 22 ס""מ עג",יחידה,0.00,יחידה,false,,17.90,0.0000,true,1,2401123
7290115733587,false,תבניות מלבניות בינוניות,,,זוגתבניות מלבניות בי,יחידה,0.00,יחידה,false,,17.90,0.0000,true,1,2401129
7290115733624,false,תבניות אובליות גדולות,,,זוג תבניות אובליות ג,יחידה,0.00,יחידה,false,,19.90,0.0000,true,1,2401133
7290115733778,false,מזלג מוכסף סטיקס-אר',,,מזלג מוכסף סטיקס,יחידה,0.00,יחידה,false,,6.90,0.0000,true,1,2401134
7290115733785,false,סכין מוכסף סטיקס,,,סכין מוכסף סטיקס,יחידה,0.00,יחידה,false,,6.90,0.0000,true,1,2401135
7290115733914,false,תבנית אינגליש גבוה 4יח',,,זהב שחור-תבנית אינגל,יחידה,0.00,יחידה,false,,17.90,0.0000,true,1,2401138
7290115733952,false,תבנית מלבן+מכסה זהב שחור,,,זהב שחור-תבנית מלבני,יחידה,0.00,יחידה,false,,17.90,0.0000,true,1,2401142
7290115733976,false,זהב שחור-תבנית ריבוע,,,זהב שחור-תבנית ריבוע,יחידה,0.00,יחידה,false,,17.90,0.0000,true,1,2401144
7290115733983,false,גביע פאי+מכסה זהב שחור,,,זהב שחור-גביע עגול פ,יחידה,0.00,יחידה,false,,17.90,0.0000,true,1,2401145
7290115734287,false,קסרול אורבניק אדמה,,,קסרול אורבניק אדמה,יחידה,0.00,יחידה,false,,15.90,0.0000,true,1,2401175
7290115734317,false,צלחת 10 אורבניק מנטה,,,צלחת 10 אורבניק מנטה,יחידה,0.00,יחידה,false,,39.90,0.0000,true,1,2401178
7290115734430,false,קסרול אורבניק מנטה,,,קסרול אורבניק מנטה,יחידה,0.00,יחידה,false,,15.90,0.0000,true,1,2401186
7290115734485,false,קערה קטנה אורבניק עכ,,,קערה קטנה אורבניק עכ,יחידה,0.00,יחידה,false,,19.90,0.0000,true,1,2401190
7290115734546,false,קערה גדולה אורבניק מ,,,קערה גדולה אורבניק מ,יחידה,0.00,יחידה,false,,28.90,0.0000,true,1,2401196
7290115736090,false,כוס שתיה 180CC,,,כוס שתיה 180CC,יחידה,0.00,יחידה,false,,5.90,0.0000,true,1,2401234
7290115736885,false,מיקס שקיות אשפה ריחנ,,,מיקס שקיות אשפה ריחנ,יחידה,0.00,יחידה,false,,11.90,0.0000,true,1,2401237
7290115736892,false,מיקס שקיות אשפה ענקי,,,מיקס שקיות אשפה ענקי,יחידה,0.00,יחידה,false,,16.90,0.0000,true,1,2401238
7290115736922,false,מגן ארונות שקוף 85*4,,,מגן ארונות שקוף 85*4,יחידה,0.00,יחידה,false,,8.90,0.0000,true,1,2401241
7290115737332,false,תבנית טארט 11*11 20 יחי,,,תבנית בוטיק לטארט 11,יחידה,0.00,יחידה,false,,13.90,0.0000,true,1,2401243
7290115737400,false,תבנית חלה 6יחי תבניכל,,,תבנית בוטיק חלה 11*2,יחידה,0.00,יחידה,false,,13.90,0.0000,true,1,2401250
7290115737424,false,תבנית בוטיק חלה 32.5,תבניכל,,תבנית בוטיק חלה 32.5,יחידה,0.00,יחידה,false,,13.90,0.0000,true,1,2401252
7290115901436,false,נעלי חיות,,,נעלי חיות,יחידה,0.00,יחידה,false,,49.90,0.0000,true,1,2378268
7290115901474,false,נעלי חיות,,,נעלי חיות,יחידה,0.00,יחידה,false,,49.90,0.0000,true,1,2378270
7290115902525,false,נעלי בית סקוצ' מוזרק,,,נעלי בית סקוצ' מוזרק,יחידה,0.00,יחידה,false,,29.90,0.0000,true,1,2423403
7290115903317,false,קבקב בריאות גברים,,,קבקב בריאות גברים,יחידה,0.00,יחידה,false,,39.90,0.0000,true,1,2423417
7290115903331,false,קבקבי כבש גברים,,,קבקבי כבש גברים,יחידה,0.00,יחידה,false,,39.90,0.0000,true,1,2423419
7290115903379,false,נעלי בית כלבלב ילדים,,,נעלי בית כלבלב ילדים,יחידה,0.00,יחידה,false,,49.90,0.0000,true,1,2423420
7290115903393,false,נעלי בית סנאי ילדים,,,נעלי בית סנאי ילדים,יחידה,0.00,יחידה,false,,49.90,0.0000,true,1,2423422
7290115903409,false,מגפון פרווה נשים,,,מגפון פרווה נשים,יחידה,0.00,יחידה,false,,39.90,0.0000,true,1,2423423
7290115903416,false,קבקב פרווה מפנק נשים,,,קבקב פרווה מפנק נשים,יחידה,0.00,יחידה,false,,39.90,0.0000,true,1,2423424
7290115903423,false,קבקב פרווה יוקרתית נ,,,קבקב פרווה יוקרתית נ,יחידה,0.00,יחידה,false,,39.90,0.0000,true,1,2423425
7290115903430,false,נעלי פרווה ארנבונים,,,נעלי פרווה ארנבונים,יחידה,0.00,יחידה,false,,49.90,0.0000,true,1,2423426
7290115903454,false,קבקב כדור פרווה יוקר,,,קבקב כדור פרווה יוקר,יחידה,0.00,יחידה,false,,59.90,0.0000,true,1,2423428
7290115903461,false,קבקב פרווה יוקרתי נש,,,קבקב פרווה יוקרתי נש,יחידה,0.00,יחידה,false,,39.90,0.0000,true,1,2423429
7290115903621,false,מגפי גשם הלו קיטי,,,מגפי גשם הלו קיטי,יחידה,0.00,יחידה,false,,39.90,0.0000,true,1,2423440
7290115903652,false,נעלי אווה חד קרן,,,נעלי אווה חד קרן,יחידה,0.00,יחידה,false,,34.90,0.0000,true,1,2423443
7290115903676,false,נעלי אווה באטמן,,,נעלי אווה באטמן,יחידה,0.00,יחידה,false,,34.90,0.0000,true,1,2423445
7290115903683,false,נעלי אווה סמי הכבאי,,,נעלי אווה סמי הכבאי,יחידה,0.00,יחידה,false,,34.90,0.0000,true,1,2423446
7290116242361,false,מיני פופ סוכריה על מקל עם כדור 8 גר' מיניונים,Unknown,,מיני פופ סוכריה על מ,יחידה,0.00,יחידה,false,,9.90,0.0000,true,1,2389756
7290116244068,false,אצבעות שוקולד חלב 84 גר`כוח פי ג`יי,שמחה זה אנחנו בע`מ,,אצבעות שוקולד חלב כו,יחידה,0.00,יחידה,false,,9.90,0.0000,true,1,2389769
7290116244082,false,מפרץ הרפתקאות אצבעות שוקולד חלב 84 גרם,שמחה זה אנחנו בעמ,,אצבעות שוקולד חלב מפ,יחידה,0.00,יחידה,false,,9.90,0.0000,true,1,2389771
7290116244853,false,סוכריות קישוט 8 יח ב,,,סוכריות קישוט 8 יח ב,יחידה,0.00,יחידה,false,,20.90,0.0000,true,1,2404966
7290116244945,false,סוכריות קישוט אדום כ,,,סוכריות קישוט 25 גר',יחידה,0.00,יחידה,false,,7.90,0.0000,true,1,2404975
7290116244952,false,סוכריות קישוט חד קרן,,,סוכריות קישוט 25 גר',יחידה,0.00,יחידה,false,,7.90,0.0000,true,1,2404976
7290116244990,false,סוכריות קישוט ורוד ל,,,סוכריות קישוט 25 גר',יחידה,0.00,יחידה,false,,7.90,0.0000,true,1,2404980
7290116249735,false,בקבוק נירוסטה קולה ד,,,בקבוק נירוסטה דופן כ,יחידה,0.00,יחידה,false,,39.90,0.0000,true,1,2389808
7290116530000,false,"דאב - תרחיץ פנים מרענן בניחוח מלפפון ותה ירוק 180 מ""ל",יוניליוור ישראל שיווק בע`מ,,תרחיץ פנים דאב מלפפו,מיליליטרים,180.00,"100 מ""ל",false,,14.90,0.0828,true,1,2411741
7290116530185,false,"קורנפלקס דלישקד קרמל מלוח 400 גרם בד""ץ",יוניליוור ישראל שיווק בע`מ,,קורנפלקס דלישקד קרמל,גרמים,400.00,100 גרם,false,,19.90,0.0497,true,1,2369881
7290116530215,false,דאודרנט סטיק לגבר דרק טמפטיישן 76 ג' אקס,"יוניליוור ישראלשיווק בע""מ",,אקס סטיק שוקולד,גרמים,77.00,100 גרם,false,,18.90,0.2455,true,1,2350975
7290116530222,false,דאודרנט סטיק לגבר אנרכי 76 ג' אקס,יוניליוור ישראל שיווק בע`מ,,אקס סטיק אנרכי,גרמים,77.00,100 גרם,false,,18.90,0.2455,true,1,2350976
7290116530239,false,אקס דאו סטיק לגבר בלאק 7 גרם,"יוניליוור ישראלשיווק בע""מ",,אקס סטיק בלאק,גרמים,77.00,100 גרם,false,,18.90,0.2455,true,1,2350982
7290116530260,false,דגני בוקר שוגי קקאו400גר,יוניליוור ישראל שיווק בעמ,,דגני בוקר שוגי קקאו,גרמים,400.00,100 גרם,false,,19.90,0.0497,true,1,2357954
7290116530482,false,תלמה מארז קורנפלקס אלופים 30 גרם*5 יחידו,יוניליוור ישראל שיווק בע`מ,,מארז קורנפלקס של אלו,גרמים,150.00,100 גרם,false,,12.90,0.0860,true,1,2376001
7290116530871,false,נשנושים מיקס בייגל בייגל 240 גרם,יוניליוור ישראל שיווק בע`מ,,נשנושים חטיף מיקס,גרמים,240.00,100 גרם,false,,12.90,0.0538,true,1,2351072
7290116530895,false,"תרסיס ריחני למייבש כביסה פינוק כחול בדין 500 מ""ל",יוניליוור ישראל שיווק בע`מ,,בדין תרסיס למייבש 50,מיליליטרים,500.00,"100 מ""ל",false,,16.90,0.0338,true,1,2358048
7290116531045,false,קורנפלקס דליפקאן 350ג ללא גלוטן,יוניליוור ישראל שיווק בע`מ,,קורנפלקס דליפקאן 400,גרמים,350.00,100 גרם,false,,22.90,0.0654,true,1,2397199
7290116531069,false,קנור מרק בצל 100% רכיבים טבעיים 225 גרם,יוניליוור ישראל שיווק בע`מ,,מרק בצל רכיבים טבעיי,גרמים,220.00,100 גרם,false,,16.90,0.0768,true,1,2382128
7290116531076,false,מרק פטריות רכיבים טבעיים קטן 225 ג' קנור,יוניליוור ישראל שיווק בע`מ,,מרק פטריות 225 גרם,גרמים,220.00,100 גרם,false,,16.90,0.0768,true,1,2382129
7290116531083,false,"ברנפלקס ללא ת.סוכר בטעם דבש בתוספת שקדים, 400 גרם",יוניליוור ישראל שיווק בע`מ,,ברנפלקס ללא סוכר בטע,גרמים,400.00,100 גרם,false,,22.90,0.0572,true,1,2377589
7290116531090,false,בייגל בייגל דג דג במליחות עדינה 250 גרם,יוניליוור ישראל שיווק בע`מ,,חטיף אפוי דג דג במלי,גרמים,250.00,100 גרם,false,,10.90,0.0436,true,1,2381271
7290116531243,false,"שמפו ומרכך 2ב-1 למניעת קשקשים 700 מ""ל פינוק","יוניליוור ישראל שיווק בע""מ",,שמפו ומרכך 2 ב 1 למנ,מיליליטרים,700.00,"100 מ""ל",false,,14.90,0.0213,true,1,2382144
7290116531311,false,חטיף קליק בלאק&וויט בציפוי שוקולד לבן,יוניליוור ישראל שיווק בעמ,,חטיף קליק BLACK&WHIT,גרמים,35.00,100 גרם,false,,3.90,0.1114,true,1,2402721
7290116531496,false,קינמונים דגנים פריכים מצופים קינמון 375,"יוניליוור ישראל שיווק בע""מ",,קינמונים דגנים פריכי,גרמים,375.00,100 גרם,false,,19.90,0.0531,true,1,2404252
7290116531519,false,קוקומן ט.שוקו בננה375גרם,"יוניליוור שפע ישראל בע""\",,קוקומן שוקו בננה,גרמים,375.00,100 גרם,false,,19.90,0.0531,true,1,2382335
7290116531557,false,"פריכיות פתית תירס עם מלח 150 גרם כשל""פ",יוניליוור ישראל שיווק בע`מ,,מאגדת פתית פירכיות ת,גרמים,150.00,100 גרם,false,,12.90,0.0860,true,1,2397201
7290116531564,false,מאגדת פתית פריכיות תירס דקות עם קינואה ובזיליקום 150 ג',יוניליוור ישראל שיווק בע`מ,,מאגדת פתית פירכיות ק,גרמים,150.00,100 גרם,false,,12.90,0.0860,true,1,2397202
7290116531762,false,דפים ריחניים למייבש כביסה בדין ורוד 40 יחידות,יוניליוור ישראל שיווק בע`מ,,בדין דפי מרכך ורוד,יח',40.00,יח',false,,18.90,0.4725,true,1,2385471
7290116531779,false,דפים ריחניים למייבש כביסה בדין כחול 40 יחידות,יוניליוור ישראל שיווק בע`מ,,בדין דפי מרכך כחול,יח',40.00,יח',false,,18.90,0.4725,true,1,2385472
7290116531786,false,שלישיית תחליב רחצה דאב,,,תחליב רחצה דאב מלפפו,מיליליטרים,1500.00,"100 מ""ל",false,,43.90,0.0293,true,1,2414300
7290116531793,false,הלמנ'ס רוטב לסלט קיסר 295 גרם,יוניליוור ישראל שיווק בע`מ,,רוטב לסלט הלמנס קיסר,גרמים,295.00,100 גרם,false,,12.90,0.0437,true,1,2377590
7290116531830,false,כריות דגנים במילוי קינמון 686 גרם,יוניליוור ישראל שיווק בע`מ,,כריות קינמון 686 גרם,גרמים,686.00,100 גרם,false,,24.90,0.0363,true,1,2381258
7290116531885,false,"מיונז הלמנס טיבעוני בד""ץ 500 גר",יוניליוור ישראל שיווק בע`מ,,מיונז הלמנס טבעוני 5,גרמים,500.00,100 גרם,false,,13.90,0.0278,true,1,2409674
7290116531892,false,רוטב ברביקיו מעושן יום עצמאות קנור 350 גרם,יוניליוור ישראל שיווק בעמ,,רוטב ברביקיו מעושן,מיליליטרים,350.00,"100 מ""ל",false,,12.90,0.0369,true,1,2395264
7290116531939,false,גלידה בשומן צמחי בטעם תות שדה בציפוי מכיל שוקולד,"גלידת שטראוס בע""\מ, רח'",,גלידונית תות 60 יח,גרמים,630.00,100 גרם,false,,44.90,0.0713,true,1,2402732
7290116532011,false,קליק אוקיי נוגט בציפוי שוקולד חלב 35 גרם,יוניליוור ישראל שיווק בע`מ,,חטיף שוקולד קליק נוג,גרמים,35.00,100 גרם,false,,3.90,0.1114,true,1,2388834
7290116532219,false,קורנפלקס תות תלמה אלופים 448 גרם,"יוניליוור ישראל שיווק בע""מ",,קורנפלקס תות 448 גרם,גרמים,448.00,100 גרם,false,,19.90,0.0444,true,1,2402723
7290116532240,false,קליק טבלה שוקולד חלב פצפוצי דגנים ועוגי 85 גרם רבנות,יוניליוור ישראל שיווק בע`מ,,טבלת XL קליק שוקולד,גרמים,85.00,100 גרם,false,,4.90,0.0576,true,1,2402724
7290116532387,false,"אל סבון ידיים נוזלי חמאת שיאה 950 מ""ל פינוק",יוניליוור ישראל שיווק בע`מ,,סבון ידיים פינוק חמא,מיליליטרים,950.00,"100 מ""ל",false,,12.90,0.0136,true,1,2410052
7290116532394,false,"אל סבון ידיים נוזלי חמאת קקאו 950 מ""ל פינוק",יוניליוור ישראל שיווק בע`מ,,סבון ידיים פינוק חמא,מיליליטרים,950.00,"100 מ""ל",false,,12.90,0.0136,true,1,2410053
7290116532462,false,גלידת שמנת קליק בטעמי שוקולד בננה 384 ג' שטראוס,"גלידת שטראוס בע""\מ, רחוב",,פיינט קליק שוקולד בנ,מיליליטרים,520.00,"100 מ""ל",false,,19.90,0.0383,true,1,2407359
7290116532479,false,קליק גלידת שמנת בטעמי שוקולד לבן עוגיות 384 ג' שטראוס,"גלידת שטראוס בע""\מ, רחוב",,פיינט קליק שוקולד לב,מיליליטרים,520.00,"100 מ""ל",false,,19.90,0.0383,true,1,2407360
7290116532486,false,גלידת שמנת קליק בטעמי וניל קרמל מלוח 384 ג' שטראוס,"גלידת שטראוס בע""\מ, רחוב",,פיינט קליק וניל קרמל,מיליליטרים,520.00,"100 מ""ל",false,,19.90,0.0383,true,1,2407361
7290116532585,false,דגני בוקר ברנפלקס קרנצ'ים בטעם דבש וקינמון,יוניליוור ישראל שיווק בע`מ,,ברנפלקס קראנצ'ים דבש,גרמים,375.00,100 גרם,false,,22.90,0.0611,true,1,2402762
7290116532721,false,רוטב הלמנס ישראלי לסלט לימון וזעתר 305 ג,יוניליוור ישראל שיווק בע`מ,,רוטב לסלט לימון וזעת,גרמים,295.00,100 גרם,false,,12.90,0.0437,true,1,2424121
7290116532738,false,רוטב איטלקי לסלט בזיליקום ואורגנו 305 גרם,יוניליוור ישראל שיווק בע`מ,,רוטב איטלקי הלמנס,גרמים,295.00,100 גרם,false,,12.90,0.0437,true,1,2424122
7290116532769,false,גרנולה פרוטאין גרנולה חלבון תפוח וקינמון תלמה 300 גרם,יוניליוור ישראל שיווק בע`מ,,גרנולה פרוטאין תפוח,גרמים,300.00,100 גרם,false,,15.90,0.0530,true,1,2402763
7290116532875,false,פינוק בייבי אל סבון לתינוקות 970 מל-משאבה,יוניליוור ישראל שיווק בע`מ,,אל סבון בייבי פינוק,מיליליטרים,900.00,"100 מ""ל",false,,19.90,0.0221,true,1,2420530
7290116532882,false,נישנושים איירביס טעם בצל 155 גר`,יוניליוור ישראל שיווק בע`מ,,נישנושים איירביס טעם,גרמים,155.00,100 גרם,false,,12.90,0.0832,true,1,2413678
7290116532899,false,נישנושים איירביס טעם פלאפל 155 גר`,יוניליוור ישראל שיווק בע`מ,,נישנושים איירביס טעם,גרמים,155.00,100 גרם,false,,12.90,0.0832,true,1,2413679
7290116532905,false,נישנושים איירביס טעם ברביקיו 155 גר`,יוניליוור ישראל שיווק בע`מ,,נישנושים איירביס טעם,גרמים,155.00,100 גרם,false,,12.90,0.0832,true,1,2413680
7290116533063,false,דגני בוקר שוגי קרטיב ענבים 400 גרם,יוניליוור ישראל שיווק בע`מ,,דגני בוקר שוגי בטעם,גרמים,400.00,100 גרם,false,,19.90,0.0497,true,1,2406503
7290116533216,false,"קנור מרק תיבול ירקות 235 מ""ל",יוניליוור ישראל שיווק בע`מ,,מרק ירקות קנור רכיבי,גרמים,235.00,100 גרם,false,,16.90,0.0719,true,1,2424116
7290116914299,false,ממתק צעצוע תנין 8 גרם,שנטו ג'וקי,,ממתק צעצוע- תנין 8 ג,יחידה,0.00,יחידה,false,,9.90,0.0000,true,1,2405006
7290116914909,false,ממתק צעצוע קנדי דיספ,,,ממתק צעצוע קנדי דיספ,יחידה,0.00,יחידה,false,,9.90,0.0000,true,1,2405026
7290116914916,false,ממתק צעצוע קנדי דיספנסר,קסימן אינגואן,,ממתק צעצוע קנדי דיספ,יחידה,0.00,יחידה,false,,9.90,0.0000,true,1,2405027
7290116914985,false,ממתק צעצוע מאוורר סמי הכבאי,Unknown,,ממתק צעצוע מאוורר יד,יחידה,0.00,יחידה,false,,8.90,0.0000,true,1,2405032
7290116915012,false,ממתק צעצוע דינוזאור,Unknown,,ממתק צעצוע דינוזאור,יחידה,0.00,יחידה,false,,9.90,0.0000,true,1,2405035
7290116915029,false,ממתק צעצוע מסתובב 1 יח',קסימן אינגואן,,ממתק צעצוע דינוזאור,יחידה,0.00,יחידה,false,,12.90,0.0000,true,1,2405036
7290116915036,false,ממתק צעצוע ציפור שרה,Unknown,,ממתק צעצוע ציפור שרה,יחידה,0.00,יחידה,false,,17.90,0.0000,true,1,2405037
7290116930015,false,GO חטיף חלבון חטיף בוטנים קריספי 20 גרם חלבון,"בלמונט קונפקציות בע""\מ.",,חטיף חלבון GO קרמל ח,גרמים,20.00,100 גרם,false,,11.90,0.5950,true,1,2404859
7290116930022,false,GO חטיף חלבון עוגיות ציפוי קריספי 20 גרם חלבון,"בלמונט קונפקציות בע""\מ.",,חטיף חלבון GO קרם עו,גרמים,20.00,100 גרם,false,,11.90,0.5950,true,1,2404860
7290116930282,false,ארוחה בקטנה לאבנה עם קרקרים 150ג' תנובה,"תנובה בע""מ ***",,ארוחה בקטנה לאבנה 9%,גרמים,150.00,100 גרם,false,,7.90,0.0527,true,1,2416469
7290116930435,false,יופלה גו במרקם סמיך עם דובדבן 0% 200מל,תנובה מרכז שיתופי לש,,יוגורט יופלה GO סמיך,גרמים,200.00,100 גרם,false,,5.40,0.0270,true,1,2404207
7290116930459,false,"יופלה שייק מנגו בננה אננס וקוקוס 230 מ""ל",קבוצת המזון אקטשלאר,,יופלה SHAKE בננה אננ,מיליליטרים,230.00,"100 מ""ל",false,,7.90,0.0343,true,1,2409183
7290116930466,false,"משקה SHAKE בננה מנגן פסיפלורה והל 230 מ""ל יופלה",קבוצת המזון אקטשלאר,,יופלה SHAKE מנגו בננ,גרמים,230.00,100 גרם,false,,7.90,0.0343,true,1,2409184
7290116930480,false,"משקה SHAKE בננה קיווי תפוח 230 מ""ל יופלה",קבוצת המזון אקטשלאר,,יופלה SHAKE בננה קיו,מיליליטרים,230.00,"100 מ""ל",false,,7.90,0.0343,true,1,2409185
7290116930626,false,ארוחה בקטנה ציזיקי עם קרקרים 150ג' תנובה,"תנובה בע""מ ***",,ארוחה בקטנה ציזיקי ע,גרמים,150.00,100 גרם,false,,7.90,0.0527,true,1,2416470
7290116930657,false,"משקה חלב גו בטעם בננה תמר בתוספת שיבולת שועל במרקם חלק 340 מ""ל",תנובה מרכז שיתופי לש,,משקה תנובה GO בננה,מיליליטרים,340.00,"100 מ""ל",false,,7.90,0.0232,true,1,2428960
7290116930701,false,מעדן חלב GO מועשר בחלבון בטעם קרמל מלוח,תנובה מרכז שיתופי לש,,יוגורט יופלה GO בטעם,גרמים,120.00,100 גרם,false,,4.50,0.0375,true,1,2408236
7290116930718,false,מעדן תנובה דיאט בטעם שוקולד וקרמל מלוח 0% 150ג' תנובה,"תנובה בע""\מ",,מעדן דיאט בטעם שוקול,גרמים,150.00,100 גרם,false,,3.70,0.0247,true,1,2409968
7290116930725,false,סויה BIO קוקוס גביע 150 גרם אלטרנטיב,תנובה בעמ ***,,מעדן סויה ביו קוקוס,גרמים,150.00,100 גרם,false,,4.50,0.0300,true,1,2414904
7290116930954,false,יוגורט טעם פאי תפוחים 3% 150 ג' יופלה,תנובה בעמ ***,,יופלה בטעם פאי תפוחי,גרמים,150.00,100 גרם,false,,4.70,0.0313,true,1,2428941
7290116931074,false,צהובה פרוסות טל העמק 32% 300 גר,"תנובה בע""מ ***",,פרוסות טל העמק 32% 3,גרמים,300.00,100 גרם,false,,25.90,0.0863,true,1,2422394
7290116931081,false,מעדן סויה - טופי קרמל 125 גרם אלטרנטיב,תנובה מרכז שיתופי לש,,גביע מעדן סויה בטעם,מיליליטרים,125.00,"100 מ""ל",false,,3.90,0.0312,true,1,2414905
7290116931104,false,יופלה GO במרקם סמיך עם אננס 0% תנובה 200 גרם,"תנובה בע""מ ***",,יוגורט יופלה GO סמיך,גרמים,200.00,100 גרם,false,,5.40,0.0270,true,1,2414906
7290117050019,false,סכין חיתוך וקילוף 12,,,סכין חיתוך וקילוף 12,יחידה,0.00,יחידה,false,,12.90,0.0000,true,1,2427842
7290117051702,false,סט 6 כוסות יין בצבע,,,סט 6 כוסות יין בצבע,יחידה,0.00,יחידה,false,,139.90,0.0000,true,1,2422833
7290117051870,false,פורס תפוחים,,,פורס תפוחים,יחידה,0.00,יחידה,false,,16.90,0.0000,true,1,2422740
7290117260005,false,קונפיטורה תות שדה ויליפוד 380 גרם,גסאס גנל גידה,,קונפיטורה תות שדה 38,גרמים,380.00,100 גרם,false,,9.90,0.0261,true,1,2378469
7290117260029,false,קונפיטורה דובדבנים ויליפוד 380 גרם,ג.וילי-פוד אינטרנשיונל בעמ,,קונפיטורה דובדבנים 3,גרמים,380.00,100 גרם,false,,9.90,0.0261,true,1,2378471
7290117260043,false,ריבת עלי ורדים ויליפוד 380 גרם,ג. וילי-פוד אינטרנשיונל בע`מ,,ריבת עלי ורדים 380 ג,גרמים,380.00,100 גרם,false,,9.90,0.0261,true,1,2378461
7290117260050,false,קונפיטורה חבושים ויליפוד 380 גרם,ג. וילי-פוד אינטרנשיונל בע`מ,,קונפיטורה חבושים 380,גרמים,380.00,100 גרם,false,,9.90,0.0261,true,1,2378473
7290117260067,false,קונפיטורה תפוזים ויליפוד 380 גרם,ג.וילי-פוד אינטרנשיונל בעמ,,קונפיטורה תפוזים 380,גרמים,380.00,100 גרם,false,,9.90,0.0261,true,1,2378462
7290117260104,false,חטיף גבינה לבנה בטעם תות שדה בציפוי שוקולד עם חלבון 120 גרם קפוא,ג.וילי-פוד אינטרנשיונל **גבינו,,חטיף גבינה לבנה בטעם,גרמים,120.00,100 גרם,false,,12.90,0.1075,true,1,2409200
7290117260227,false,קפה טורקי אמיתי מטורקיה 100 גרם,ג. וילי-פוד אינטרנשיונל בע`מ,,קפה טורקי אמיתי מטור,גרמים,100.00,100 גרם,false,,5.90,0.0590,true,1,2384798
7290117260234,false,"קפה טורקי אמיתי מטורקיה, שלישיה 3 * 100 גרם",ג.וילי-פוד אינטרנשיונל בעמ,,קפה טורקי אמיתי מטו,גרמים,300.00,100 גרם,false,,14.90,0.0497,true,1,2384799
7290117260388,false,"טונה בשמן 1 ק""ג",,,"טונה בשמן 1 ק""ג",גרמים,1000.00,100 גרם,false,,31.90,0.0319,true,1,2414714
7290117260395,false,מאפה פילו יווני מסורתי ממולא תרד וגבינת פטה,ג. וילי-פוד אינטרנשיונל בע`מ,,מאפה פילו ממולא גבינ,גרמים,400.00,100 גרם,false,,22.90,0.0572,true,1,2380602
7290117260470,false,גבינה בולגרית מעודנת למריחה עם שום 5% שומן 200 ג' יורו,ג.וילי-פוד אינטרנשיונל **גבינו,,גבינת בולגרית מעודנת,גרמים,200.00,100 גרם,false,,12.90,0.0645,true,1,2401008
7290117260562,false,חמאה כפרית מסורתית בגביע,ג.וילי-פוד אינטרנשיונל **גבינו,,חמאה בגביע 225 גרם,גרמים,225.00,100 גרם,false,,16.90,0.0751,true,1,2427793
7290117260579,false,חטיף קראנצ'י על בסיס קמח עדשים בטעם שמנת חמוצה ובצל 80 ג',ג. וילי-פוד אינטרנשיונל בע`מ,,חטיף קראנצ'י על בסיס,גרמים,80.00,100 גרם,false,,9.90,0.1238,true,1,2413982
7290117260586,false,חטיף קראנצ'י על בסיס קמח עדשים בטעם פלפל חלפיניו וליים 80 ג',ג. וילי-פוד אינטרנשיונל בע`מ,,חטיף קראנצ'י על בסיס,גרמים,80.00,100 גרם,false,,9.90,0.1238,true,1,2413983
7290117260593,false,חטיף קראנצ'י על בסיס קמח עדשים בטעם צ'דר 80 ג',ג. וילי-פוד אינטרנשיונל בע`מ,,חטיף קראנצ'י על בסיס,גרמים,80.00,100 גרם,false,,9.90,0.1238,true,1,2413984
7290117260685,false,תן בו וניל ציפויים בטעמים שונים 230 גרם,ג. וילי-פוד אינטרנשיונל בע`מ,,תן בו בטעם וניל בציפ,גרמים,230.00,100 גרם,false,,19.90,0.0865,true,1,2383929
7290117260715,false,משקה חלב עם פירות יער 1.3% בתוספת קולגן וויטמין D,Euro יורו מחלבות אירופה,,משקה חלב עם פירות יע,ליטרים,1.00,ליטר,false,,10.90,10.9000,true,1,2408180
7290117260814,false,תן בו בציפוי בטעם שוקולד מריר ושבבי קוקוס 300 גרם,ג.וילי-פוד אינטרנשיונל בעמ,,תן בו בטעם וניל בציפ,גרמים,300.00,100 גרם,false,,19.90,0.0663,true,1,2383862
7290117260890,false,פופקורן בציפוי בטעם קוקוס 90 גרם,ג. וילי-פוד אינטרנשיונל בע`מ,,פופקורן בציפוי בטעם,גרמים,90.00,100 גרם,false,,5.00,0.0556,true,1,2386000
7290117260906,false,פופקורן בציפוי בטעם פירות 90 גרם,ג. וילי-פוד אינטרנשיונל בע`מ,,פופקורן בציפוי בטעם,גרמים,90.00,100 גרם,false,,5.00,0.0556,true,1,2386001
7290117260913,false,פופקורן בציפוי בטעם שוקולד 90 גרם,ג. וילי-פוד אינטרנשיונל בע`מ,,פופקורן בציפוי בטעם,גרמים,90.00,100 גרם,false,,5.00,0.0556,true,1,2386002
7290117260937,false,קרקרים עם עגבניות ואורגנו ללא גלוטן 125 ג' ויליפוד,ג.וילי-פוד אינטרנשיונל בעמ,,קרקרים ללא גלוטן עם,גרמים,125.00,100 גרם,false,,5.90,0.0472,true,1,2396006
7290117260944,false,מיני גריסיני עם שמן זית ללא גלוטן ויליפוד 125 גרם,ג. וילי-פוד אינטרנשיונל בע`מ,,מיני גריסיני עם שמן,גרמים,125.00,100 גרם,false,,5.90,0.0472,true,1,2396007
7290117260951,false,ביסקוויטים ללא גלוטן ופירות הדר ויליפוד 125 גרם,ג. וילי-פוד אינטרנשיונל בע`מ,,ביסקוויטים ללא גלוטן,גרמים,125.00,100 גרם,false,,5.90,0.0472,true,1,2396018
7290117260968,false,ביסקוויטים ללא גלוטן ויליפוד 125 גרם,ג. וילי-פוד אינטרנשיונל בע`מ,,ביסקוויטים ללא גלוטן,גרמים,125.00,100 גרם,false,,5.90,0.0472,true,1,2396019
7290117260982,false,זיתים שחור מגולענים במי מלח וילי פוד300,ג.וילי פוד אינטרנשיונל בעמ,,זיתים שחורים מגולעני,גרמים,300.00,100 גרם,false,,7.90,0.0263,true,1,2427587
7290117261019,false,זיתים ירוקים ממולאים מחית פלפלים אדומים במי מלח 300 גרם,ג. וילי-פוד אינטרנשיונל בע`מ,,זיתים ירוקים ממולאים,גרמים,300.00,100 גרם,false,,7.90,0.0263,true,1,2427588
7290117261026,false,זיתים ירוק מגולענים במי מלח וילי פוד300,ג.וילי פוד אינטרנשיונל בעמ,,זיתים ירוקים מגולעני,גרמים,300.00,100 גרם,false,,7.90,0.0263,true,1,2427589
7290117261033,false,זיתים שחורים מיובשים בסגנון טאסוס 200 גרם,ג.וילי פוד אינטרנשיונל בעמ,,זיתים שחורים מיובשים,גרמים,300.00,100 גרם,false,,7.90,0.0263,true,1,2427590
7290117261040,false,זיתים שחורים מרינד 454 ג' ויליפוד,ג. וילי-פוד אינטרנשיונל בע`מ,,זיתים שחורים מרינד 4,גרמים,454.00,100 גרם,false,,14.90,0.0328,true,1,2395822
7290117261057,false,זוג קינוחים בטעם קרם עוגיות 140 גרם,ג.וילי-פוד אינטרנשיונל **גבינו,,זוג קינוחים בטעם קרם,גרמים,140.00,100 גרם,false,,10.90,0.0779,true,1,2404789
7290117261101,false,זוג קינוחים בטעם שוקולד ואגוזי לוז 140 גרם,ג.וילי-פוד אינטרנשיונל **גבינו,,זוג קינוחים בטעם שוק,גרמים,140.00,100 גרם,false,,10.90,0.0779,true,1,2404790
7290117261118,false,זוג קינוחים בטעם שוקולד בציפוי שוקולד חלב 140 גרם,ג.וילי-פוד אינטרנשיונל **גבינו,,זוג קינוחים בטעם שוק,גרמים,140.00,100 גרם,false,,10.90,0.0779,true,1,2404781
7290117261125,false,זוג קינוחים בטעם וניל בציפוי שוקולד לבן 140 גרם,ג.וילי-פוד אינטרנשיונל **גבינו,,זוג קינוחים בטעם וני,גרמים,140.00,100 גרם,false,,10.90,0.0779,true,1,2404782
7290117261132,false,זוג קינוחים בטעם קרמל מלוח 70*2 גרם יור,ג.וילי-פוד אינטרנשיונל **גבינו,,זוג קינוחים בטעם קרמ,גרמים,140.00,100 גרם,false,,10.90,0.0779,true,1,2404783
7290117261170,false,פיתה יוונית עם קמח תירס מוקפאת - מארז 8 יחידות,ג.וילי-פוד אינטרנשיונל **גבינו,,פיתה יוונית עם קמח ת,גרמים,680.00,100 גרם,false,,14.90,0.0219,true,1,2404776
7290117261187,false,ארוחת פסטה בהקפאה פנה ותרד 600 גרם,ג.וילי פוד אינטרנשיונל בעמ,,ארוחת פסטה בהקפאה פנ,גרמים,600.00,100 גרם,false,,22.90,0.0382,true,1,2413997
7290117261194,false,ארוחת פתיתים עם פטריות 600 גרם ויליפוד,ג.וילי פוד אינטרנשיונל בעמ,,ארוחת פתיתים בהקפאה,גרמים,600.00,100 גרם,false,,22.90,0.0382,true,1,2414004
7290117261200,false,ארוחת פסטה בהקפאה פוזילי פטריות וגזר 600,ג.וילי פוד אינטרנשיונל בעמ,,ארוחת פסטה בהקפאה פו,גרמים,600.00,100 גרם,false,,22.90,0.0382,true,1,2413998
7290117261217,false,ארוחת אורז בהקפאה עם ירקות 600 גרם,ג.וילי פוד אינטרנשיונל בעמ,,ארוחת אורז בהקפאה ע,גרמים,600.00,100 גרם,false,,22.90,0.0382,true,1,2413999
7290117261224,false,ארוחת אורז בהקפאה עם פטריות 600 גרם,ג.וילי פוד אינטרנשיונל בעמ,,ארוחת אורז בהקפאה ע,גרמים,600.00,100 גרם,false,,22.90,0.0382,true,1,2414005
7290117261231,false,ארוחת אורז בהקפאה עם ירקות בסגנון מקסיקנ,ג.וילי פוד אינטרנשיונל בעמ,,ארוחת אורז בהקפאה עם,גרמים,600.00,100 גרם,false,,22.90,0.0382,true,1,2414015
7290117261248,false,חטיף מוקצף בטעם שוקולד חלב 180ג' תן בו,ג.וילי פוד אינטרנשיונל בעמ,,תן בו בטעם שוקולד חל,גרמים,180.00,100 גרם,false,,14.90,0.0828,true,1,2429537
7290117261255,false,חטיף מוקצף בטעם שוקולד לבן 180ג' תן בו,ג.וילי פוד אינטרנשיונל בעמ,,תן בו בטעם שוקולד לב,גרמים,180.00,100 גרם,false,,14.90,0.0828,true,1,2429538
7290117261347,false,תן בו בציפוי בטעם שוקולד לבן ופתיתי קוקוס כחולים 300 גרם,ג.וילי-פוד אינטרנשיונל בעמ,,תן בו בציפוי בטעם שו,גרמים,300.00,100 גרם,false,,19.90,0.0663,true,1,2389013
7290117261354,false,גבינת ריקוטה 200 גרם 5%שומן מחלבת אירופה,ג.וילי-פוד אינטרנשיונל **גבינו,,גבינת ריקוטה 200 גרם,גרמים,200.00,100 גרם,false,,9.90,0.0495,true,1,2404763
7290117261378,false,גבינת קשקבל לייט EURO CHEESE ויליפוד 250 גרם,ג.וילי-פוד אינטרנשיונל **גבינו,,גבינת קשקבל לייט 250,גרמים,250.00,100 גרם,false,,19.90,0.0796,true,1,2404769
7290117261415,false,euro cheese יוגורט פרוביוטי 2.7% שומן 125 גרם,ג.וילי-פוד אינטרנשיונל **גבינו,,יוגורט פרוביוטי 2.7%,גרמים,125.00,100 גרם,false,,3.50,0.0280,true,1,2426206
7290117261484,false,מאפה בצק עלים ממולא נקניקיות טבעוניות 450 גרם,ג.וילי-פוד אינטרנשיונל **גבינו,,מאפה בצק עלים ממולא,גרמים,450.00,100 גרם,false,,24.90,0.0553,true,1,2396020
7290117261491,false,מאפה יווני ממולא פטה טבעונית 450 גרם,ג.וילי-פוד אינטרנשיונל **גבינו,,מאפה יווני ממולא פטה,גרמים,450.00,100 גרם,false,,19.90,0.0442,true,1,2396021
7290117261521,false,סלמון אטלנטי בשמן קנולה 120 גרם ויליפוד,ג. וילי-פוד אינטרנשיונל בע`מ,,סלמון אטלנטי בשמן קנ,גרמים,120.00,100 גרם,false,,10.00,0.0833,true,1,2405744
7290117261538,false,סלמון אטלנטי בשמן קנולה וצילי 120 גרם ויליפוד,ג. וילי-פוד אינטרנשיונל בע`מ,,סלמון אטלנטי בשמן קנ,גרמים,120.00,100 גרם,false,,10.00,0.0833,true,1,2405745
7290117261545,false,סלמון אטלנטי ברוטב טריאקי 120 גרם ויליפוד,ג.וילי-פוד אינטרנשיונל בעמ,,סלמון אטלנטי ברוטב ט,גרמים,120.00,100 גרם,false,,10.00,0.0833,true,1,2405746
7290117261552,false,סלמון אטלנטי ברוטב עגבניות 120 גרם ויליפוד,ג.וילי-פוד אינטרנשיונל בעמ,,סלמון אטלנטי ברוטב ע,גרמים,120.00,100 גרם,false,,10.00,0.0833,true,1,2405747
7290117261569,false,סלמון אטלנטי מעושן בשמן קנולה 120 גרם ויליפוד,ג. וילי-פוד אינטרנשיונל בע`מ,,סלמון אטלנטי מעושן ב,גרמים,120.00,100 גרם,false,,10.00,0.0833,true,1,2405748
7290117261576,false,סרדינים בריסלינג מעושנים ברוטב עגבניות 185 גרם צנצנת,ג. וילי-פוד אינטרנשיונל בע`מ,,סרדינים בריסלינג מעו,גרמים,185.00,100 גרם,false,,9.90,0.0535,true,1,2420885
7290117261583,false,סרדינים בריסלינג מעושנים בשמן קנולה 129 גרם (צנצנת),ג. וילי-פוד אינטרנשיונל בע`מ,,סרדינים בריסלינג מעו,גרמים,185.00,100 גרם,false,,9.90,0.0535,true,1,2420886
7290117261606,false,פרוסות צהובה בטעם טבעי טבעוני 140 גרם,ג.וילי פוד אינטרנשיונל בעמ,,פרוסות צהובה טבעונית,גרמים,140.00,100 גרם,false,,14.90,0.1064,true,1,2428600
7290117261613,false,מגורדת טבעונית בטעם טבעי 200 גרם,ג.וילי פוד אינטרנשיונל בעמ,,מגורדת טבעונית בטעם,גרמים,200.00,100 גרם,false,,18.90,0.0945,true,1,2415729
7290117261620,false,פרוסות צהובה בטעם מעושן טבעוני 140 גרם,ג.וילי פוד אינטרנשיונל בעמ,,פרוסות צהובה טבעונית,גרמים,140.00,100 גרם,false,,14.90,0.1064,true,1,2428601
7290117261637,false,פרוסות צהובה בטעם צילי טבעוני 140 גרם,ג.וילי פוד אינטרנשיונל בעמ,,פרוסות צהובה טבעונית,גרמים,140.00,100 גרם,false,,14.90,0.1064,true,1,2428602
7290117261644,false,פרוסות צהובה בטעם צדר טבעוני 140 גרם,ג.וילי פוד אינטרנשיונל בעמ,,פרוסות צהובה טבעונית,גרמים,140.00,100 גרם,false,,14.90,0.1064,true,1,2428603
7290117261651,false,מגורדת בטעם מוצרלה טבעוני 200 גרם,ג.וילי פוד אינטרנשיונל בעמ,,מגורדת טבעונית בטעם,גרמים,200.00,100 גרם,false,,18.90,0.0945,true,1,2415735
7290117261668,false,לבנה בסגנון יווני טבעוני 200 גרם,ג.וילי פוד אינטרנשיונל בעמ,,לבנה טבעונית בסגנון,גרמים,200.00,100 גרם,false,,18.90,0.0945,true,1,2415730
7290117261675,false,מגורדת טבעונית בטעם צ'דר 200 גרם,ג.וילי פוד אינטרנשיונל בעמ,,מגורדת טבעונית בטעם,גרמים,200.00,100 גרם,false,,18.90,0.0945,true,1,2415736
7290117261705,false,חמאת עיזים 200 גרם ויליפוד,ג.וילי-פוד אינטרנשיונל **גבינו,,חמאת עיזים 200 גרם,גרמים,200.00,100 גרם,false,,13.90,0.0695,true,1,2404784
7290117261927,false,גבינת פקורינו מחלב כבשים צ'אנק 150 EURO CHEESE,ג.וילי-פוד אינטרנשיונל **גבינו,,גבינת פקורינו מחלב כ,גרמים,150.00,100 גרם,false,,22.90,0.1527,true,1,2409244
7290117261934,false,בסיסים לחצ'פורי ומאפים מוקפאים 460 גרם ויליפוד,ג.וילי-פוד אינטרנשיונל **גבינו,,בסיס לחצ'פורי מוקפאי,גרמים,460.00,100 גרם,false,,14.90,0.0324,true,1,2420888
7290117261989,false,גבינת מנורי רכה מחלב צאן 43% שומן 170 גרם,ג.וילי-פוד אינטרנשיונל **גבינו,,גבינת מנורי רכה מחלב,גרמים,170.00,100 גרם,false,,16.90,0.0994,true,1,2406671
7290117262221,false,"משקה יוגורט פרוביוטי עם אננס 200מ""ל 2.3%שומן יורו",ג.וילי-פוד אינטרנשיונל **גבינו,,משקה יוגורט פרוביוטי,מיליליטרים,200.00,"100 מ""ל",false,,5.90,0.0295,true,1,2414218
7290117262238,false,"משקה יוגורט פרוביוטי עם תות שדה 200מ""ל 2.3%שומן יורו",ג.וילי-פוד אינטרנשיונל **גבינו,,משקה יוגורט פרוביוטי,מיליליטרים,200.00,"100 מ""ל",false,,5.90,0.0295,true,1,2414219
7290117262245,false,"משקה יוגורט פרוביוטי עם אפרסק ומשמש 200מ""ל 2.3%שומן יורו",ג.וילי-פוד אינטרנשיונל **גבינו,,משקה יוגורט פרוביוטי,מיליליטרים,200.00,"100 מ""ל",false,,5.90,0.0295,true,1,2414220
7290117262252,false,"קוביות בטעם אפרסק מצופה שוקולד 125 גרם בעל""ז",ג.וילי פוד אינטרנשיונל בעמ,,קוביות בטעם אפרסק מצ,גרמים,125.00,100 גרם,false,,10.90,0.0872,true,1,2426986
7290117262269,false,"קוביות טעם דובדבן מצופה שוקולד 125 גרם בעל""ז",ג.וילי פוד אינטרנשיונל בעמ,,קוביות בטעם דובדבנים,גרמים,125.00,100 גרם,false,,10.90,0.0872,true,1,2426987
7290117262276,false,"קוביות טעם תות שדה מצופה שוקולד 125 גרם בעל""ז",ג.וילי פוד אינטרנשיונל בעמ,,קוביות בטעם תות שדה,גרמים,125.00,100 גרם,false,,10.90,0.0872,true,1,2426988
7290117262290,false,פרלינים אגוזים במילוי פצפוצי דגנים פריכים מצופים שוקולד חלב 50 גרם,ג. וילי-פוד אינטרנשיונל בע`מ,,פרלינים אגוזים במילו,גרמים,50.00,100 גרם,false,,4.90,0.0980,true,1,2426989
7290117262306,false,"קורנפלקס מצופה שוקולד חלב ד, 50 גרם",ג. וילי-פוד אינטרנשיונל בע`מ,,קורנפלקס מצופים שוקו,גרמים,50.00,100 גרם,false,,4.90,0.0980,true,1,2426990
7290117262320,false,ביסקוויט מצופה שוקולד חלב 50 גר JAZZY,ג. וילי-פוד אינטרנשיונל בע`מ,,ביסקוויט מצופה שוקול,גרמים,50.00,100 גרם,false,,4.90,0.0980,true,1,2426992
7290117380154,false,ררוטב אסיאתי עם סויה ושומשום 260 גר`מאס,ש. שסטוביץ בע`מ,,רוטב אסיאתי עם סויה,מיליליטרים,260.00,"100 מ""ל",false,,9.90,0.0381,true,1,2400804
7290117380192,false,חטיף פוף קראנץ בטעם גריל 60 גרם,ש. שסטוביץ בע`מ,,פוף קראנץ בטעם גריל,גרמים,60.00,100 גרם,false,,3.90,0.0650,true,1,2380907
7290117380208,false,חטיף פוף קראנץ בטעם חמוץ חריף 60 גרם,ש. שסטוביץ בע`מ,,חטיף פוף קראנצ בטעם,גרמים,60.00,100 גרם,false,,3.90,0.0650,true,1,2380908
7290117380215,false,חטיף פוף קראנץ בטעם טאקו 60 גרם,ש. שסטוביץ בע`מ,,חטיף פוף קראנצ בטעם,גרמים,60.00,100 גרם,false,,3.90,0.0650,true,1,2380909
7290117380697,false,מארז קולגייט אופטיק 75X2,,,קולגייט מארז אופטיק,מיליליטרים,150.00,"100 מ""ל",false,,29.90,0.1993,true,1,2416903
7290117380857,false,"מרבה סלים דליס פייבר עוגות אישיות בטעם לימון, 120 גרם",ש. שסטוביץ בע`מ,,עוגות אישיות בטעם לי,גרמים,120.00,100 גרם,false,,10.90,0.0908,true,1,2404078
7290117380871,false,סלים דליס פייבר עוגות אישיות בטעם אוכמניות 120 גרם,ש.שסטוביץ בעמ,,עוגות אישיות בטעם או,גרמים,120.00,100 גרם,false,,10.90,0.0908,true,1,2404073
7290117380888,false,עוגיות סנדוויץ' עם 45% שוקולד חלב בלגי,ש.שסטוביץ בעמ,,עוגיות סנדוויץ' 140,גרמים,200.00,100 גרם,false,,8.90,0.0445,true,1,2408965
7290117381205,false,"מאסטר שף שמן שומשום 370 מ""ל",ש.שסטוביץ בעמ,,"שמן שומשום 370 מ""ל מ",מיליליטרים,370.00,"100 מ""ל",false,,22.90,0.0619,true,1,2426980
7290117381229,false,פוף פריכיות מצופות שוקולד חלב 70 גרם,ש. שסטוביץ בע`מ,,פוף פירכיות מצופות ש,גרמים,70.00,100 גרם,false,,7.90,0.1129,true,1,2416023
7290117381236,false,פוף פריכיות מצופות שוקולד מריר 70 גרם,ש. שסטוביץ בע`מ,,פוף פירכיות מצופות ש,גרמים,70.00,100 גרם,false,,7.90,0.1129,true,1,2416024
7290117381243,false,פוף פריכיות מצופות שוקולד חלב ותות 70 גר,ש. שסטוביץ בע`מ,,פוף פירכיות מצופות ש,גרמים,70.00,100 גרם,false,,7.90,0.1129,true,1,2416025
7290117381250,false,פוף פריכיות מצופות שוקולד מריר ותפוח 70 גרם,ש. שסטוביץ בע`מ,,פוף פירכיות מצופות ש,גרמים,70.00,100 גרם,false,,7.90,0.1129,true,1,2416026
7290117382264,false,"משחת שיניים טוטאל עם פחם 2 *75 מ""ל קולגייט",ש.שסטוביץ בעמ,,משחת שיניים קולגייט,מיליליטרים,150.00,"100 מ""ל",false,,34.90,0.2327,true,1,2409176
7290117382318,false,סלים דליס - חטיף חלבון מצופה שוקולד מריר 60 גרם,"י. מרבה ישראל בע""\מ",,חטיף חלבון מצופה שוק,גרמים,60.00,100 גרם,false,,11.90,0.1983,true,1,2416032
7290117382325,false,סלים דליס - פרו 33 חטיף חלבון מצופה שוקולד חלב 60 גרם,"י. מרבה ישראל בע""\מ",,חטיף חלבון מצופה שוק,גרמים,60.00,100 גרם,false,,11.90,0.1983,true,1,2416027
7290117382332,false,סלים דליס - חטיף חלבון מצופה שוקולד בטעם עוגיות 60 גרם,"י. מרבה ישראל בע""\מ",,חטיף חלבון מצופה שוק,גרמים,60.00,100 גרם,false,,11.90,0.1983,true,1,2416033
7290117383711,false,"מארז זוג תחליב רחצה חלב ודבש *750 מ""ל פלמוליב",קולגייט פלמוליב,,סבון נוזלי חלב ודבש,ליטרים,1.50,ליטר,false,,30.00,20.0000,true,1,2427819
7290117383728,false,"מארז זוג תחליב רחצה לומינוס  אבוקדו 750 מ""ל פלמוליב",קולגייט פלמוליב,,סבון נוזלי לומינוס א,ליטרים,1.50,ליטר,false,,30.00,20.0000,true,1,2427825
7290117383735,false,"מארז זוג תחליב רחצה חימר ורדים *750 מ""ל פלמוליב",קולגייט פלמוליב,,סבון נוזלי חימר ורדי,ליטרים,1.50,ליטר,false,,30.00,20.0000,true,1,2427826
7290117383742,false,"מארז זוג ג'ל רחצה לגבר 750 מ""ל פלמוליב",קולגייט פלמוליב,,סבון נוזלי גבר מרענן,ליטרים,1.50,ליטר,false,,30.00,20.0000,true,1,2427827
7290117383780,false,מארז זוג סבון גוף ארומה מסאז' גרגירי פילינג,קולגייט פלמוליב,,סבון נוזלי ארומה מסא,ליטרים,1.50,ליטר,false,,30.00,20.0000,true,1,2427828
7290117750001,false,לפתן מתכלה עגול 25 י,,,לפתן מתכלה עגול 25 י,יח',100.00,יח',false,,8.90,0.0890,true,1,2400554
7290117750018,false,צלחת מרק מתכלה עגולה,,,צלחת מרק מתכלה עגולה,יח',100.00,יח',false,,12.90,0.1290,true,1,2400562
7290117750025,false,צלחת מתכלה 7 עגול 25,,,צלחת מתכלה 7 עגול 25,יח',25.00,יח',false,,9.90,0.3960,true,1,2400555
7290117750032,false,צלחת מתכלה 10 עגולה,,,צלחת מתכלה 10 עגולה,יח',25.00,יח',false,,19.90,0.7960,true,1,2400496
7290117750063,false,צלחת מרובע 10מתכלה 2,,,צלחת מרובע 10מתכלה 2,יח',20.00,יח',false,,24.90,1.2450,true,1,2400557
7290117821381,false,ביצת הפתעה פלסטיק עם סוכריות קשות 10 גרם קפיץ,PAZARLAMA GIDA GLOBAL,,ביצת הפתעה פלסטיק עם,יחידה,0.00,יחידה,false,,5.90,0.0000,true,1,2405048
7290117821398,false,ביצת הפתעה פלסטיק עם סוכריות קשות 10 גרם כבאית,PAZARLAMA GIDA GLOBAL,,ביצת הפתעה פלסטיק עם,יחידה,0.00,יחידה,false,,5.90,0.0000,true,1,2405049
7290117823798,false,בדיקה עצמית מהירה לזיהוי אנטיגן - 5 בדיקות,שמחה זה אנחנו בעמ,,בדיקה עצמית לזיהוי א,יחידה,0.00,יחידה,false,,39.90,0.0000,true,1,2389047
7290117860038,false,"הוואי - תחליב רחצה יוגורט בניחוח אוכמניות 700 מ""ל","טרופיקל דגיל בע""\מ",,הוואי תחליב רחצה יוג,מיליליטרים,700.00,"100 מ""ל",false,,14.90,0.0213,true,1,2428528
7290117860045,false,שמפו תמציות אלוורה ותה ירוק לשיער רגיל,"טרופיקל גליל בע""מ",,הוואי שמפו מטפח לשיע,מיליליטרים,700.00,"100 מ""ל",false,,14.90,0.0213,true,1,2428529
7290117860083,false,"הוואי קרם רחצה יוגורט בניחוח אירוס זהוב ודבש 700 מ""ל","טרופיקל דגיל בע""\מ",,הוואי קרם רחצה בניחו,מיליליטרים,700.00,"100 מ""ל",false,,14.90,0.0213,true,1,2428530
7290117860090,false,מרכך תמציות אלוורה ותה ירוק לשיער רגיל,"טרופיקל דגיל בע""\מ",,הוואי מרכך מטפח לשיע,מיליליטרים,700.00,"100 מ""ל",false,,14.90,0.0213,true,1,2428531
7290117860137,false,"הוואי קרם רחצה יוגורט בניחוח פרח הקמליה 700 מ""ל","טרופיקל גליל בע""מ",,הוואי קרם רחצה בניחו,מיליליטרים,700.00,"100 מ""ל",false,,14.90,0.0213,true,1,2428532
7290117860144,false,הוואי שמפו פירות אקזוטיים וקלנדולה 700,"טרופיקל גליל בע""מ",,הוואי שמפו למניעת קש,מיליליטרים,700.00,"100 מ""ל",false,,14.90,0.0213,true,1,2428533
7290117860182,false,"הוואי - תחליב רחצה בניחוח מגנוליה ושמן שקדים 700 מ""ל","טרופיקל דגיל בע""\מ",,הוואי תחליב רחצה בני,מיליליטרים,700.00,"100 מ""ל",false,,14.90,0.0213,true,1,2428534
7290117860199,false,שמפו שמן ורד הבר ושמן מקדמיה לשיער יבש,"טרופיקל דגיל בע""\מ",,הוואי שמפו מעניק לחו,מיליליטרים,700.00,"100 מ""ל",false,,14.90,0.0213,true,1,2428535
7290117860236,false,"הוואי - קרם רחצה בניחוח ויולה ורודה 700 מ""ל","טרופיקל דגיל בע""\מ",,הוואי קרם רחצה בניחו,מיליליטרים,700.00,"100 מ""ל",false,,14.90,0.0213,true,1,2428536
7290117860243,false,"הוואי - מרכך מעניק לחות לשיער יבש 700 מ""ל","טרופיקל גליל בע""מ",,הוואי מרכך מעניק לחו,מיליליטרים,700.00,"100 מ""ל",false,,14.90,0.0213,true,1,2428537
7290117860281,false,"הוואי - ג'ל רחצה לגבר בניחוח עוצמתי 700 מ""ל","טרופיקל דגיל בע""\מ",,הוואי ג'ל רחצה לגבר,מיליליטרים,700.00,"100 מ""ל",false,,14.90,0.0213,true,1,2428538
7290117860298,false,שמפו קומפלקס קרטין לשיער עדין או חלש,"טרופיקל גליל בע""מ",,הוואי שמפו קרטין מחז,מיליליטרים,700.00,"100 מ""ל",false,,14.90,0.0213,true,1,2428539
7290117860342,false,מרכך קומפלקס קרטין לשיער עדין או חלש,"טרופיקל גליל בע""מ",,הוואי מרכך קרטין מחז,מיליליטרים,700.00,"100 מ""ל",false,,14.90,0.0213,true,1,2428541
7290117860380,false,"תחליב רחצה יוגורט בניחוח אלוורה 700 מ""ל הוואי","טרופיקל דגיל בע""\מ",,הוואי תחליב רחצה יוג,מיליליטרים,700.00,"100 מ""ל",false,,14.90,0.0213,true,1,2428542
7290117860397,false,שמפו תמצית פריחת הדובדבן לשיער רגיל,"טרופיקל גליל בע""מ",,הוואי שמפו פריחת הדו,מיליליטרים,700.00,"100 מ""ל",false,,14.90,0.0213,true,1,2428543
7290117860496,false,"הוואי שמפו + מרכך 2 ב-1 לגבר 700 מ""ל-חדש","טרופיקל גליל בע""מ",,הוואי שמפו + מרכך 2,מיליליטרים,700.00,"100 מ""ל",false,,14.90,0.0213,true,1,2428545
7290117860649,false,הוואי שמפו קרטין קיק ללא סולפטים 700 מל,"טרופיקל גליל בע""מ",,הוואי שמפו ללא סולפט,מיליליטרים,700.00,"100 מ""ל",false,,14.90,0.0213,true,1,2428548
7290117860694,false,הוואי מרכך קרטין קיק ללא סולפטים 700 מל,"טרופיקל גליל בע""מ",,הוואי מרכך ללא סולפט,מיליליטרים,700.00,"100 מ""ל",false,,14.90,0.0213,true,1,2428549
7290117860748,false,הוואי שמפו תמצית יסמין מעניק נפח 700 מל,"טרופיקל גליל בע""מ",,הוואי שמפו מעניק נפח,מיליליטרים,700.00,"100 מ""ל",false,,14.90,0.0213,true,1,2428550
7290117860793,false,הוואי מרכך תמצית יסמין מעניק נפח 700 מל,"טרופיקל דגיל בע""\מ",,הוואי מרכך מעניק נפח,מיליליטרים,700.00,"100 מ""ל",false,,14.90,0.0213,true,1,2428551
7290117860847,false,"הוואי רעננות מושלמת לגבר לשיער, גוף, פנים וזקן","טרופיקל גליל בע""מ",,הוואי שמפו 4 ב-1 לגב,מיליליטרים,700.00,"100 מ""ל",false,,14.90,0.0213,true,1,2428552
7290117860892,false,"הוואי - תחליב רחצה יוגורט בניחוח וניל ודבש 700 מ""ל","טרופיקל דגיל בע""\מ",,הוואי תחליב רחצה יוג,מיליליטרים,700.00,"100 מ""ל",false,,14.90,0.0213,true,1,2428553
7290117860946,false,"תחליב רחצה יוגורט בניחוח קוקוס 700 מ""ל הוואי","טרופיקל דגיל בע""\מ",,הוואי תחליב רחצה יוג,מיליליטרים,700.00,"100 מ""ל",false,,14.90,0.0213,true,1,2428554
7290117901267,false,ממרח פלפלים אדומים וחצילים קלויים 290 ג' גורמה,דין שיווק וקליה 2021 בעמ,,ממרח פלפלים אדומים ו,גרמים,290.00,100 גרם,false,,13.90,0.0479,true,1,2416460
7290117901274,false,ממרח זיתים 290 גר' גורמה,דין שיווק וקליה 2021 בעמ,,ממרח זיתים 290 גרם,גרמים,290.00,100 גרם,false,,13.90,0.0479,true,1,2416455
7290118420071,false,במבה ביסלי ברביקיו מיקס 80גר אסם{,קבוצת אוסם סחר שותפות מוגבלת,,במבה ביסלי ברביקיו מ,גרמים,80.00,100 גרם,false,,4.50,0.0563,true,1,2426869
7290118420378,false,פתיבר פינוקים בטעם תותים בשמנת - חלבי,קבוצת אוסם סחר שותפות מוגבלת,,אסם פתי בר פינוקים ת,גרמים,180.00,100 גרם,false,,10.90,0.0606,true,1,2426876
7290118420477,false,אסם בייגלה שטוחים בטעם ביסלי בצל 300 גרם,קבוצת אוסם סחר שותפות מוגבלת,,בייגלה שטוחים בטעם ב,גרמים,300.00,100 גרם,false,,10.90,0.0363,true,1,2426877
7290118420514,false,אינסטנט פודינג בטעם נוגט אסם 75 גרם,קבוצת אוסם סחר שותפות מוגבלת,,אינסטנט פודינג בטעם,גרמים,80.00,100 גרם,false,,5.50,0.0688,true,1,2426878
7290205610001,false,חולצה מכופתרת קרלוס,,,חולצה מכופתרת קרלוס,יחידה,0.00,יחידה,false,,49.90,0.0000,true,1,2421289
7290205610005,false,חולצה מכופתרת קרלוס,,,חולצה מכופתרת קרלוס,יחידה,0.00,יחידה,false,,49.90,0.0000,true,1,2421292
7290485626878,false,משקל מזוודות דיגיטלי,,,משקל מזוודות דיגיטלי,יחידה,0.00,יחידה,false,,39.90,0.0000,true,1,2323541
7291044089981,false,שלישיה לד DL 15W E27 A60 SAFETY,,,שלישית נורות לד,יח',3.00,יח',false,,24.90,8.3000,true,1,2281485
7291044098600,false,קומקום נירוסטה שחור 1.7 ליטר,סמיקום לקסיס בעמ,,קומקום נירוסטה שחור,יחידה,0.00,יחידה,false,,99.90,0.0000,true,1,2357234
7291044098624,false,קומקום נירוסטה אדום,,,קומקום נירוסטה אדום,יחידה,0.00,יחידה,false,,99.90,0.0000,true,1,2357235
7291044098631,false,קומקום נירוסטה כסוף 1.7 יונדאי,סמיקום לקסיס בעמ,,קומקום נירוסטה כסוף,יחידה,0.00,יחידה,false,,99.90,0.0000,true,1,2357236
7291044100594,false,תנור קיר לאמבט 2 דרג,,,תנור קיר לאמבט 2 דרג,יחידה,0.00,יחידה,false,,149.90,0.0000,true,1,2281016
7291044101706,false,*מבצע* מפזר חום יונד,סמיקום לקסיס בעמ,,מפזר חום 2000W יונדא,יחידה,0.00,יחידה,false,,39.90,0.0000,true,1,2281009
7291044106794,false,מכונת גילוח חשמלית נ,,,מכונת גילוח חשמלית נ,יחידה,0.00,יחידה,false,,169.90,0.0000,true,1,2348681
7291044114645,false,מטען קיר USB 2.1A+כב,,,מטען קיר USB 2.1A+כב,יחידה,0.00,יחידה,false,,19.90,0.0000,true,1,2367232
7291044114652,false,מטען קיר USB 2.1A+כב,,,מטען קיר USB 2.1A+כב,יחידה,0.00,יחידה,false,,19.90,0.0000,true,1,2367233
7291044114669,false,מטען קיר 2xUSB-A 2.4,,,מטען קיר 2xUSB-A 2.4,יחידה,0.00,יחידה,false,,19.90,0.0000,true,1,2367234
7291044124439,false,תקע כוח עם מפסק מואר,,,תקע כוח עם מפסק מואר,יח',3.00,יח',false,,12.90,4.3000,true,1,2423765
7291044124446,false,שקע כוח+תקע+מפסק מוא,,,שקע כוח+תקע+מפסק מוא,יח',3.00,יח',false,,14.90,4.9667,true,1,2423766
7291061406709,false,26/21 ברכת הבית מראה,,,26/21 ברכת הבית מראה,יחידה,0.00,יחידה,false,,69.90,0.0000,true,1,2333572
7291074000604,false,כד מידה זכוכית 500 מ,,,כד מידה זכוכית 500 מ,יחידה,0.00,יחידה,false,,14.90,0.0000,true,1,2344682
7291074001885,false,כף עץ במבוק KC10193,,,כף עץ במבוק,יחידה,0.00,יחידה,false,,12.90,0.0000,true,1,2315480
7291074002400,false,מספריים מקצועיות לעו,,,מספריים מקצועיות לעו,יחידה,0.00,יחידה,false,,59.90,0.0000,true,1,2284403
7291074002943,false,"מסננת נירוסטה 20 ס""מ",,,"מסננת נירוסטה 20 ס""מ",יחידה,0.00,יחידה,false,,29.90,0.0000,true,1,2188428
7291074002950,false,"מסננת נירוסטה 24 ס""מ",,,"מסננת נירוסטה 24 ס""מ",יחידה,0.00,יחידה,false,,34.90,0.0000,true,1,2188429
7291074004251,false,קרשי חיתוך גמישים סט,,,סט 3 קרשי חיתוך גמיש,יחידה,0.00,יחידה,false,,19.90,0.0000,true,1,2284419
7291074004329,false,מצקת נירוסטה,,,מצקת נירוסטה,יחידה,0.00,יחידה,false,,19.90,0.0000,true,1,2315497
7291074004374,false,מזלג נירוסטה,,,מזלג נירוסטה,יחידה,0.00,יחידה,false,,19.90,0.0000,true,1,2315502
7291074005029,false,מספריים מקצועיות למט,,,מספריים מקצועיות למט,יחידה,0.00,יחידה,false,,29.90,0.0000,true,1,2315507
7291074007016,false,סט כלי ששת ניילון 3,,,סט כלי ששת ניילון 3,יחידה,0.00,יחידה,false,,39.90,0.0000,true,1,2315509
7291074007801,false,קולפן ידית פלסטיק אדום/לבן בדיספליי 24 יח',"סולתם - רדד (כלי בית) בע""מ",,קולפן ידית פלסטיק אד,יחידה,0.00,יחידה,false,,9.90,0.0000,true,1,2344693
7291074008907,false,משטח סיליקון לאפייה,,,משטח סיליקון לאפייה,יחידה,0.00,יחידה,false,,29.90,0.0000,true,1,2284510
7291074009270,false,תחתית סיליקון מרובעת,,,תחתית סיליקון מרובעת,יחידה,0.00,יחידה,false,,14.90,0.0000,true,1,2315553
7291074009317,false,מרחן סיליקון בדיספליי (18) חלק צהוב/אפור/אפור בהיר סולתם,,,מרחן סיליקון צהוב/אפ,יחידה,0.00,יחידה,false,,16.90,0.0000,true,1,2315557
7291074009577,false,"מסננת עגולה 20 ס""מ ר",,,"מסננת עגולה 20 ס""מ ר",יחידה,0.00,יחידה,false,,14.90,0.0000,true,1,2296579
7291074009973,false,תבנית פאי קרבון סטיל,,,תבנית פאי קרבון סטיל,יחידה,0.00,יחידה,false,,19.90,0.0000,true,1,2315576
7291074009980,false,תבנית פרח קרבון סטיל,,,תבנית פרח קרבון סטיל,יחידה,0.00,יחידה,false,,19.90,0.0000,true,1,2315577
7291074010429,false,"סט 2 כוסות 290 מ""ל י",,,"סט 2 כוסות 290 מ""ל י",יחידה,0.00,יחידה,false,,44.90,0.0000,true,1,2315584
7291074010443,false,"סט 2 מאגים 150 מ""ל ז",,,"סט 2 מאגים 150 מ""ל ז",יחידה,0.00,יחידה,false,,44.90,0.0000,true,1,2315608
7291074010849,false,מכסה זכוכית בייסיק 2,,,מכסה זכוכית בייסיק 2,יחידה,0.00,יחידה,false,,26.90,0.0000,true,1,2299757
7291074012744,false,כף אורז סיליקון בדיספליי (18),,,כף אורז סיליקון חלק,יחידה,0.00,יחידה,false,,19.90,0.0000,true,1,2357875
7291074013284,false,קישואן נירוסטה ידית שחורה סולתם,,,קישואן נירוסטה ידית,יחידה,0.00,יחידה,false,,9.90,0.0000,true,1,2344752
7291074013314,false,מגרדת פומפייה ידנית,,,מגרדת פומפייה ידנית,יחידה,0.00,יחידה,false,,24.90,0.0000,true,1,2344755
7291074013390,false,תרווד מחורץ ניילון ידית עץ סולתם,,,תרווד מחורץ ניילון י,יחידה,0.00,יחידה,false,,19.90,0.0000,true,1,2344942
7291074013451,false,"כף סיליקון שיש 28.5 ס""מ Bake-it up סולתם",,,כף סיליקון שיש 28.5,יחידה,0.00,יחידה,false,,14.90,0.0000,true,1,2344764
7291074013468,false,"מטרפה סיליקון שיש 25 ס""מ Bake-it up סולתם",,,מטרפה סיליקון שיש 25,יחידה,0.00,יחידה,false,,14.90,0.0000,true,1,2344765
7291074013482,false,מרית סיליקון מיני 20,,,מרית סיליקון מיני 20,יחידה,0.00,יחידה,false,,6.90,0.0000,true,1,2344767
7291074013512,false,מברשת סיליקון מיני 2,,,מברשת סיליקון מיני 2,יחידה,0.00,יחידה,false,,9.90,0.0000,true,1,2344770
7291074013604,false,"סכין סנטוקו 12.50 ס""",,,"סכין סנטוקו 12.50 ס""",יחידה,0.00,יחידה,false,,39.90,0.0000,true,1,2366868
7291074013611,false,סכין עזר/פטי 12.50 ס,,,סכין עזר/פטי 12.50 ס,יחידה,0.00,יחידה,false,,39.90,0.0000,true,1,2366869
7291074013659,false,סכיני סטייק ידית עץ,,,סכיני סטייק ידית עץ,יחידה,0.00,יחידה,false,,14.90,0.0000,true,1,2344775
7291074013796,false,משטח סיליקון צבעוני,,,משטח סיליקון צבעוני,יחידה,0.00,יחידה,false,,14.90,0.0000,true,1,2344785
7291074013864,false,"סכין שף 20 ס""מ ידית שחורה סולתם",,,"סכין שף 20 ס""מ ידית",יחידה,0.00,יחידה,false,,29.90,0.0000,true,1,2357878
7291074013901,false,"סכין רב שימושית 12.50 ס""מ ידית שחורה CASUAL סולתם",,,סכין רב שימושית 12.5,יחידה,0.00,יחידה,false,,14.90,0.0000,true,1,2357881
7291074013994,false,כלי ששת במבוק סט (6),,,כלי ששת במבוק סט (6),יחידה,0.00,יחידה,false,,29.90,0.0000,true,1,2357884
7291074014120,false,סכינים סט (3) מרוקע נירוסטה,,,סט 3 סכינים מרוקע ני,יחידה,0.00,יחידה,false,,19.90,0.0000,true,1,2388738
7291074014144,false,מזלגות סט (6) מרוקע נירוסטה,,,סט 6 מזלגות מרוקע ני,יחידה,0.00,יחידה,false,,24.90,0.0000,true,1,2388740
7291074014151,false,כפיות סט (6) מרוקע נירוסטה,,,סט 6 כפיות מרוקע ניר,יחידה,0.00,יחידה,false,,14.90,0.0000,true,1,2388741
7291074014168,false,מזלגות עוגה סט (6) מרוקע נירוסטה,,,סט 6 מזלגות עוגה מרו,יחידה,0.00,יחידה,false,,14.90,0.0000,true,1,2388742
7291074014182,false,סט 6 כפיות אספרסו מר,,,סט 6 כפיות אספרסו מר,יחידה,0.00,יחידה,false,,14.90,0.0000,true,1,2388744
7291074015592,false,מקלחיים נירוסטה בשיל,,,מקלחיים נירוסטה בשיל,יחידה,0.00,יחידה,false,,19.90,0.0000,true,1,2344858
7291074015660,false,סכין פריסה ידית עץ,,,סכין פריסה ידית עץ,יחידה,0.00,יחידה,false,,49.90,0.0000,true,1,2366885
7291074015684,false,סכין עזר\פטי ידית עץ,,,סכין עזר\פטי ידית עץ,יחידה,0.00,יחידה,false,,39.90,0.0000,true,1,2366887
7291074015790,false,סכומון נירוסטה 12.5,,,סכומון נירוסטה 12.5,יחידה,0.00,יחידה,false,,16.90,0.0000,true,1,2357896
7291074017282,false,קלף בצק/קרם סט (3) פלסטיק BAKE,,,סט 3 - קלף בצק/קרם פ,יחידה,0.00,יחידה,false,,14.90,0.0000,true,1,2398479
7291074017367,false,"סיר 6*14 ס""מ ציפוי ש",,,"סיר 6*14 ס""מ ציפוי ש",יחידה,0.00,יחידה,false,,69.90,0.0000,true,1,2421880
7291074017756,false,"מערוך עץ צרפתי 44 ס""",,,"מערוך עץ צרפתי 44 ס""",יחידה,0.00,יחידה,false,,34.90,0.0000,true,1,2398482
7291074017794,false,מלקחיים נירוסטה וסיליקון,,,מלקחיים נירוסטה וסיל,יחידה,0.00,יחידה,false,,22.90,0.0000,true,1,2382198
7291074018937,false,קולפן ידית פלסטיק צב,,,קולפן ידית פלסטיק צב,יחידה,0.00,יחידה,false,,9.90,0.0000,true,1,2421030
7291074019972,false,"מחבת 20 ס""מ OPTIMA ציפוי שיש ידית שחורה סולתם",סולתם רדד,,"מחבת 20 ס""מ ציפוי שי",יחידה,0.00,יחידה,false,,79.90,0.0000,true,1,2421405
7291074020176,false,"סיר 20 ס""מ 2.9 ליטר",,,"סיר 20 ס""מ 2.9 ליטר",יחידה,0.00,יחידה,false,,179.90,0.0000,true,1,2421904
7291074020244,false,מעמד/מחזיק לסיר חם//// סיליקון Bake-it up סולתם,,,מעמד/מחזיק לסיר חם ס,יחידה,0.00,יחידה,false,,19.90,0.0000,true,1,2421077
7291074020312,false,כף ניילון ידית נירוס,,,כף ניילון ידית נירוס,יחידה,0.00,יחידה,false,,19.90,0.0000,true,1,2421084
7296015003690,false,גפרורים צבעוניים,,,גפרורים צבעוניים,יחידה,0.00,יחידה,false,,4.90,0.0000,true,1,2343707
7296015022592,false,מספריים 5.5 ידיות גמ,,,מספריים 5.5 ידיות גמ,יחידה,0.00,יחידה,false,,3.90,0.0000,true,1,2236356
7296015035622,false,דגל קיסם,,,דגל קיסם,יחידה,0.00,יחידה,false,,9.90,0.0000,true,1,2399965
7296015044112,false,מחברת 40 דף חום שורה,,,מחברת 40 דף חום שורה,יחידה,0.00,יחידה,false,,11.90,0.0000,true,1,2358257
7296015061195,false,כד שמן חימר,,,כד שמן חימר,יחידה,0.00,יחידה,false,,3.90,0.0000,true,1,2281463
7296015061201,false,כד שמן חימר 2 ידיות,,,כד שמן חימר 2 ידיות,יחידה,0.00,יחידה,false,,3.90,0.0000,true,1,2281464
7296015070395,false,סול נוצץ מעורב,,,סול נוצץ מעורב,יחידה,0.00,יחידה,false,,9.90,0.0000,true,1,2281449
7296015077691,false,רצועות נייר מבריק לק,,,רצועות נייר מבריק לק,יחידה,0.00,יחידה,false,,3.90,0.0000,true,1,2275958
7296015094223,false,מחברת ספירל 72 דף שו,,,מחברת ספירל 72 דף שו,יחידה,0.00,יחידה,false,,24.90,0.0000,true,1,2359330
7296015108234,false,סיכות 10 3 חב בשקית,,,סיכות 10 3 חב בשקית,יחידה,0.00,יחידה,false,,3.90,0.0000,true,1,2377486
7296015114808,false,12 עפרונות צבעוניים ארגונומיים,גורי לינרו,,קידס ארט 12 עפרונות,יחידה,0.00,יחידה,false,,4.90,0.0000,true,1,2236423
7296015115096,false,כיס מדבקה מבד - חתול,,,כיס מדבקה מבד - חתול,יחידה,0.00,יחידה,false,,4.90,0.0000,true,1,2336226
7296015115522,false,קידס ארט עט הדגשה סט,,,קידס ארט עט הדגשה סט,יחידה,0.00,יחידה,false,,5.90,0.0000,true,1,2236440
7296015116079,false,קידס ארט בצק 9806 אר,,,קידס ארט בצק 9806 אר,יחידה,0.00,יחידה,false,,22.90,0.0000,true,1,2306060
7296015116123,false,סט 6 מיני טושים זוהרים וריחניים,גורי לינרו,,קידס ארט טוש הדגשה מ,יחידה,0.00,יחידה,false,,5.90,0.0000,true,1,2306065
7296015116680,false,לינרו ליין טוש פרמננט 70 סט 8 מעורב,,,טוש פרמננט סט מעורב,יחידה,0.00,יחידה,false,,10.90,0.0000,true,1,2321221
7296015116697,false,טוש פרמננט סט מעורב,,,טוש פרמננט סט מעורב,יחידה,0.00,יחידה,false,,14.90,0.0000,true,1,2321222
7296015117021,false,טוש פיינטי שחור,,,טוש פיינטי שחור,יחידה,0.00,יחידה,false,,4.90,0.0000,true,1,2393774
7296015117045,false,טוש פיינטי כחול,,,טוש פיינטי כחול,יחידה,0.00,יחידה,false,,4.90,0.0000,true,1,2393776
7296015117069,false,טוש פיינטי ירוק,,,טוש פיינטי ירוק,יחידה,0.00,יחידה,false,,4.90,0.0000,true,1,2393778
7296015117991,false,קידס ארט טוש הדגשה מ,,,קידס ארט טוש הדגשה מ,יחידה,0.00,יחידה,false,,6.90,0.0000,true,1,2358316
7296015119575,false,עט רולר מחיק 3 יח,,,עט רולר מחיק 3 יח,יח',3.00,יח',false,,12.90,4.3000,true,1,2180418
7296015126658,false,שרשרת לד 40 נורות צב,,,שרשרת לד 40 נורות צב,יחידה,0.00,יחידה,false,,14.90,0.0000,true,1,2275968
7296015128232,false,מחק מיני מאוס,,,מחק מיני מאוס,יחידה,0.00,יחידה,false,,1.50,0.0000,true,1,2305636
7296015130266,false,פנקס,,,פנקס,יחידה,0.00,יחידה,false,,2.50,0.0000,true,1,2286599
7296015131041,false,שקית מתנה,,,שקית מתנה,יחידה,0.00,יחידה,false,,3.90,0.0000,true,1,2288724
7296015131072,false,שקיות מתנה 27*19 מעט,,,שקיות מתנה 27*19 מעט,יחידה,0.00,יחידה,false,,3.90,0.0000,true,1,2288726
7296015131089,false,שקית מתנה,,,שקית מתנה,יחידה,0.00,יחידה,false,,3.90,0.0000,true,1,2288727
7296015132260,false,עופרת,,,עופרת,יחידה,0.00,יחידה,false,,4.50,0.0000,true,1,2305910
7296015132277,false,עט ראש סיכה,,,עט ראש סיכה,יחידה,0.00,יחידה,false,,8.90,0.0000,true,1,2305911
7296015132284,false,עט ג'ל,,,עט ג'ל,יחידה,0.00,יחידה,false,,8.90,0.0000,true,1,2305912
7296015132963,false,גואש 6 צבעים מטליים,,,גואש 6 צבעים מטליים,יחידה,0.00,יחידה,false,,9.90,0.0000,true,1,2406294
7296015132970,false,גואש 6 צבעים זוהרים,,,גואש 6 צבעים זוהרים,יחידה,0.00,יחידה,false,,9.90,0.0000,true,1,2406295
7296015133120,false,חוברת צביעה נסיכות,,,חוברת צביעה נסיכות,יחידה,0.00,יחידה,false,,6.90,0.0000,true,1,2312409
7296015133588,false,מחברת one קולור 10 ש,,,מחברת one קולור 10 ש,יחידה,0.00,יחידה,false,,5.90,0.0000,true,1,2358268
7296015135261,false,מספריים כדורגל,,,מספריים כדורגל,יחידה,0.00,יחידה,false,,6.90,0.0000,true,1,2359262
7296015136213,false,הייטקס טושים מחיק ס,,,הייטקס טושים מחיק ס,יחידה,0.00,יחידה,false,,7.90,0.0000,true,1,2358270
7296015136244,false,הייטקס טושים זוהרים דו צדדי סט 6,,,הייטקס טושים זוהרים,יחידה,0.00,יחידה,false,,11.90,0.0000,true,1,2358273
7296015136893,false,סביבון מואר אקדח,,,סביבון מואר אקדח,יחידה,0.00,יחידה,false,,9.90,0.0000,true,1,2377447
7296015136923,false,סביבון מאור מגנטי,,,סביבון מאור מגנטי,יחידה,0.00,יחידה,false,,7.90,0.0000,true,1,2377438
7296015136930,false,סביבון מואר קפיץ + צ,,,סביבון מואר קפיץ + צ,יחידה,0.00,יחידה,false,,8.90,0.0000,true,1,2377439
7296015136947,false,סביבון מאור קוביה,,,סביבון מאור קוביה,יחידה,0.00,יחידה,false,,5.90,0.0000,true,1,2377433
7296015136954,false,סביבון מאור בצורת חל,,,סביבון מאור בצורת חל,יחידה,0.00,יחידה,false,,8.90,0.0000,true,1,2377440
7296015136961,false,סביבון מואר ןמנגן בצ,,,סביבון מואר ןמנגן בצ,יחידה,0.00,יחידה,false,,16.90,0.0000,true,1,2377448
7296015136978,false,סביבונים מוארים,,,סביבונים מוארים,יחידה,0.00,יחידה,false,,6.90,0.0000,true,1,2377455
7296015137937,false,"בקבוק שתייה 550 מ""ל",,,"בקבוק שתייה 550 מ""ל",יחידה,0.00,יחידה,false,,29.90,0.0000,true,1,2407112
7296015138262,false,יומן כיס שבועי 7.5/1,,,יומן כיס שבועי 7.5/1,יחידה,0.00,יחידה,false,,14.90,0.0000,true,1,2407144
7296015138538,false,מחק לבן אימוגים,,,מחק לבן אימוגים,יחידה,0.00,יחידה,false,,1.90,0.0000,true,1,2407170
7296015139269,false,צבעי קריון ג'מבו ראש,,,צבעי קריון ג'מבו ראש,יחידה,0.00,יחידה,false,,6.90,0.0000,true,1,2407211
7296015140364,false,מח.קולור 40 דף שורה-,,,מח.קולור 40 דף שורה-,יחידה,0.00,יחידה,false,,11.90,0.0000,true,1,2408908
7296015141590,false,מפל שבלונה - חנוכה,,,מפל שבלונה - חנוכה,יחידה,0.00,יחידה,false,,7.90,0.0000,true,1,2428078
7296015141699,false,דפי שעווה להכנת נרות,,,דפי שעווה להכנת נרות,יחידה,0.00,יחידה,false,,24.90,0.0000,true,1,2428084
7296021078187,false,קנקן תה 1.5 ליטר צבע,,,קנקן תה 1.5 ליטר צבע,יחידה,0.00,יחידה,false,,59.90,0.0000,true,1,2326175
7296021133787,false,"בול 15ס""מ JULIET קרמ",,,"בול 15ס""מ JULIET קרמ",יחידה,0.00,יחידה,false,,12.90,0.0000,true,1,2365644
7296021135415,false,כף אורז,,,כף אורז,יח',1.00,יח',false,,36.90,36.9000,true,1,2309852
7296021135477,false,כף בישול / אורז נירו,,,כף בישול/אורז,יח',1.00,יח',false,,36.90,36.9000,true,1,2309858
7296021136689,false,תבנית קפיץ 24סמ 3 חל,,,תבנית קפיץ 24סמ 3 חל,יחידה,0.00,יחידה,false,,59.90,0.0000,true,1,2326064
7296021136764,false,"תבנית קפיץ 26 ס""מ תח",,,"תבנית קפיץ 26 ס""מ תח",יחידה,0.00,יחידה,false,,59.90,0.0000,true,1,2290989
7296021140976,false,כף ספגטי ידית משולבת,,,כף ספגטי ידית משולבת,יחידה,0.00,יחידה,false,,16.90,0.0000,true,1,2363894
7296021141041,false,גלגלת פיצה גדולה ידי,,,גלגלת פיצה גדולה,יחידה,0.00,יחידה,false,,14.90,0.0000,true,1,2309870
7296021141089,false,תפוחון ידית משולבת,,,תפוחון,יחידה,0.00,יחידה,false,,14.90,0.0000,true,1,2309879
7296021141133,false,כף עוגה,,,כף עוגה,יחידה,0.00,יחידה,false,,14.90,0.0000,true,1,2309874
7296021146749,false,"סכין סטייק 10.5 ס""מ",,,"סכין סטייק 10.5 ס""מ",יחידה,0.00,יחידה,false,,7.90,0.0000,true,1,2343914
7296021155734,false,סכין מטבח German Ste,,,סכין מטבח German Ste,יחידה,0.00,יחידה,false,,9.90,0.0000,true,1,2350008
7296021155949,false,סכין מטבח German Ste,,,סכין מטבח German Ste,יחידה,0.00,יחידה,false,,9.90,0.0000,true,1,2350009
7296021159497,false,סט 6 מזלגות דגם רמון,,,סט 6 מזלגות דגם רמון,יחידה,0.00,יחידה,false,,29.90,0.0000,true,1,2292753
7296021159510,false,סט 6 כפיות דגם רמון,,,סט 6 כפיות דגם רמון,יחידה,0.00,יחידה,false,,24.90,0.0000,true,1,2292755
7296021169984,false,כוס טרמית לשתיה חמה/,,,כוס טרמית לשתיה חמה/,יחידה,0.00,יחידה,false,,79.90,0.0000,true,1,2270108
7296021170652,false,פותחן שימוריםפרפר ST,,,פותחן שימורים,יחידה,0.00,יחידה,false,,9.90,0.0000,true,1,2254600
7296021179051,false,מגרדת זסטר ידית לבנה,,,מגרדת צורה.,יחידה,0.00,יחידה,false,,29.90,0.0000,true,1,2252291
7296021180835,false,סט כוסות.,,,סט כוסות.,יחידה,0.00,יחידה,false,,39.90,0.0000,true,1,2328485
7296021185519,false,רוסטר זכוכית אובלית,,,רוסטר זכוכית אובלית,יחידה,0.00,יחידה,false,,59.90,0.0000,true,1,2276199
7296021191367,false,תבנית לקוביות קרח עם,ד.ג.ש ייבוא ושיווק בעמ,,קרחון עם מכסה (עיגול,יחידה,0.00,יחידה,false,,9.90,0.0000,true,1,2241984
7296021193774,false,סיר נירוסטה נמוך 24,,,סיר נירוסטה נמוך 24,יחידה,0.00,יחידה,false,,199.90,0.0000,true,1,2276225
7296021226885,false,מפת משבצות עם גומי לשולחן מתקפל,נעמן,,מפת פלנל לשולחן מתקפ,יחידה,0.00,יחידה,false,,20.90,0.0000,true,1,2303679
7296021228520,false,כלי אחסון למקרר רב ש,,,כלי אחסון למקרר רב ש,יחידה,0.00,יחידה,false,,39.90,0.0000,true,1,2290977
7296021228544,false,כלי אחסון למקרר רב ש,,,כלי אחסון למקרר רב ש,יחידה,0.00,יחידה,false,,19.90,0.0000,true,1,2290979
7296021228551,false,קופסאת אחסון ביצים ל,,,כלי אחסון למקרר אחסו,יחידה,0.00,יחידה,false,,29.90,0.0000,true,1,2289018
7296021228568,false,כלי אחסון למקרר רב ש,,,כלי אחסון למקרר רב ש,יחידה,0.00,יחידה,false,,39.90,0.0000,true,1,2290980
7296021228728,false,BLACK RIO צלחת הגשה,,,BLACK RIO צלחת הגשה,יחידה,0.00,יחידה,false,,12.90,0.0000,true,1,2396919
7296021230493,false,בול זכוכית 5.5*16.8,,,קערית,יחידה,0.00,יחידה,false,,12.90,0.0000,true,1,2297021
7296021232350,false,פומפייה מסתובבת רב ת,,,פומפייה מסתובבת רב ת,יחידה,0.00,יחידה,false,,64.90,0.0000,true,1,2308644
7296021233081,false,מסננות תה 4*4.8 Disn,,,מסננות תה 4*4.8 Disn,יחידה,0.00,יחידה,false,,19.90,0.0000,true,1,2351343
7296021233111,false,תבנית אפייה 6 שקעים,,,תבנית אפייה 6 שקעים,יחידה,0.00,יחידה,false,,24.90,0.0000,true,1,2351346
7296021247446,false,קערה 1.5 ליטר פלסטיק,,,קערה 1.5 ליטר פלסטיק,יחידה,0.00,יחידה,false,,29.90,0.0000,true,1,2351367
7296021248313,false,JAZZ צלחת עוגה 16סמ,,,JAZZ צלחת עוגה 16סמ,יחידה,0.00,יחידה,false,,12.90,0.0000,true,1,2366673
7296021248917,false,"מארז סכו""ם נירוסטה 24 חלקים - שחור",נעמן,,"סכו""ם נירוסטה 24 חל'",יחידה,0.00,יחידה,false,,129.90,0.0000,true,1,2313053
7296021248924,false,"מארז סכו""ם נירוסטה 24 חלקים - זהב",נעמן,,"סכו""ם נירוסטה 24 חל'",יחידה,0.00,יחידה,false,,129.90,0.0000,true,1,2313054
7296021249495,false,"מיכל אחסון פלסטיק 900 מ""ל גונדול",נעמן,,"מיכל אחסון 900 מ""ל",יחידה,0.00,יחידה,false,,29.90,0.0000,true,1,2301128
7296021254079,false,ספל אספרסו 90 מל+תחת,,,ספל אספרסו 90 מל+תחת,יחידה,0.00,יחידה,false,,24.90,0.0000,true,1,2319214
7296021254581,false,סיר זכוכית עם מכסה 1 ליטר SMART GLASS,נעמן,,סיר זכוכית עם מכסה 1,יחידה,0.00,יחידה,false,,49.90,0.0000,true,1,2358169
7296021255304,false,מאג 355 מל פורצלן צב,,,מאג 355 מל פורצלן צב,יח',1.00,יח',false,,12.90,12.9000,true,1,2321758
7296021259821,false,"כוס מאג נעמן 355 מ""ל",,,"מאג 355 מ""ל LOVE RED",יחידה,0.00,יחידה,false,,12.90,0.0000,true,1,2336740
7296021260230,false,צנצנת עוגיות 3 קומות,,,צנצנת עוגיות 3 קומות,יחידה,0.00,יחידה,false,,109.90,0.0000,true,1,2348708
7296021260599,false,מחבת יציקה שקשוקה 20,,,מחבת יציקה שקשוקה 20,יחידה,0.00,יחידה,false,,59.90,0.0000,true,1,2343966
7296021261589,false,מחבת יציקה עם ידית א,,,"מחבת יציקה 32 ס""מ IN",יחידה,0.00,יחידה,false,,179.90,0.0000,true,1,2343983
7296021262623,false,פלטת הגשה אובלית 33*,,,פלטת הגשה אובלית 33*,יחידה,0.00,יחידה,false,,22.90,0.0000,true,1,2343988
7296021263415,false,תבנית אפייה מלבנית ע,,,תבנית אפייה מלבנית ע,יחידה,0.00,יחידה,false,,49.90,0.0000,true,1,2358172
7296021263460,false,תבנית אפייה לחם 24.5,,,תבנית אפייה לחם 24.5,יחידה,0.00,יחידה,false,,34.90,0.0000,true,1,2358177
7296021263842,false,מגש פינוק במבוק 44*2,,,מגש פינוק במבוק 44*2,יחידה,0.00,יחידה,false,,49.90,0.0000,true,1,2352659
7296021265044,false,צנצנת זכוכית עגולה 1,,,צנצנת זכוכית עגולה 1,יחידה,0.00,יחידה,false,,24.90,0.0000,true,1,2357290
7296021266065,false,"סכין חיתוך 12.5 ס""מ",,,"סכין חיתוך 12.5 ס""מ",יחידה,0.00,יחידה,false,,29.90,0.0000,true,1,2381321
7296021266089,false,"סכין סנטוקו 17.5 ס""מ",,,"סכין סנטוקו 17.5 ס""מ",יחידה,0.00,יחידה,false,,39.90,0.0000,true,1,2381322
7296021266096,false,"סכין חיתוך 20 ס""מ מש",,,"סכין חיתוך 20 ס""מ מש",יחידה,0.00,יחידה,false,,39.90,0.0000,true,1,2381323
7296021266119,false,"סכין לחם 19 ס""מ משונ",,,"סכין לחם 19 ס""מ משונ",יחידה,0.00,יחידה,false,,34.90,0.0000,true,1,2381325
7296021266676,false,"מסננת ידית עץ 8 ס""מ פרפקטו",נעמן,,"מסננת ידית עץ 8 ס""מ",יחידה,0.00,יחידה,false,,5.90,0.0000,true,1,2363641
7296021266843,false,פטיש לשניצל עץ פרפקט,,,פטיש לשניצל עץ 5*10,יחידה,0.00,יחידה,false,,14.90,0.0000,true,1,2364390
7296021268410,false,SQUARE קנקן תה 1.2 ל,,,SQUARE קנקן תה 1.2 ל,יחידה,0.00,יחידה,false,,129.00,0.0000,true,1,2365661
7296021268861,false,כלי לששת נירוסטה 12*,,,כלי לששת נירוסטה 12*,יחידה,0.00,יחידה,false,,34.90,0.0000,true,1,2365663
7296021268885,false,RED STAR קולפן ZIN,,,RED STAR קולפן ZIN,יחידה,0.00,יחידה,false,,19.90,0.0000,true,1,2365665
7296021268908,false,RED STAR גלגלת בצק,,,RED STAR גלגלת בצק,יחידה,0.00,יחידה,false,,19.90,0.0000,true,1,2365671
7296021268946,false,RED STAR כף גלידה Z,,,RED STAR כף גלידה Z,יחידה,0.00,יחידה,false,,24.90,0.0000,true,1,2365674
7296021269011,false,מאג ג'מבו 650 מל קרמ,,,מאג ג'מבו 650 מל קרמ,יחידה,0.00,יחידה,false,,14.90,0.0000,true,1,2384084
7296021269028,false,מאג 360 מל קרמיקה Ra,,,מאג 360 מל קרמיקה Ra,יחידה,0.00,יחידה,false,,12.90,0.0000,true,1,2384085
7296021269912,false,"מחבת 20 ס""מ - AROMA",,,"מחבת 20 ס""מ - AROMA",יחידה,0.00,יחידה,false,,99.90,0.0000,true,1,2366731
7296021270130,false,צלחת ראשונה 22 מלמי,,,צלחת ראשונה 22 מלמי,יחידה,0.00,יחידה,false,,16.90,0.0000,true,1,2366744
7296021271564,false,מאג 385 מל 4 עיצובים,,,מאג 385 מל,יחידה,0.00,יחידה,false,,14.90,0.0000,true,1,2396969
7296021272622,false,"קערת הגשה 25 ס""מ אקריליק ETHNICA",נעמן,,ETHNICA קערת הגשה 25,יחידה,0.00,יחידה,false,,39.90,0.0000,true,1,2421493
7296021272967,false,"צלחת בול 15 ס""מ כחול COLOR BASIC",נעמן,,בול 15 סמ כחול COLOR,יחידה,0.00,יחידה,false,,18.90,0.0000,true,1,2421510
7296021273162,false,סט שישיית סכינים לחי,,,סט 6 סכיני ירקות אדו,יחידה,0.00,יחידה,false,,14.90,0.0000,true,1,2383975
7296021273636,false,סכין סט 6 ירקות כחול,,,סט 6 סכיני ירקות כחו,יחידה,0.00,יחידה,false,,14.90,0.0000,true,1,2383976
7296021273643,false,סט סכיני ירקות פרפקט,,,סט 6 סכיני ירקות לבן,יחידה,0.00,יחידה,false,,14.90,0.0000,true,1,2383977
7296021273650,false,סט שישיית סכינים לחי,,,סט 6 סכיני ירקות שחו,יחידה,0.00,יחידה,false,,14.90,0.0000,true,1,2383978
7296021274527,false,עציץ דקורטיבי,,,עציץ דקורטיבי,יחידה,0.00,יחידה,false,,99.90,0.0000,true,1,2396986
7296021274831,false,VERSAI B קערית הגש,,,VERSAI B קערית הגש,יחידה,0.00,יחידה,false,,9.90,0.0000,true,1,2396997
7296021275272,false,מסננת 21.5 סמ STAIN,,,מסננת 21.5 סמ STAIN,יחידה,0.00,יחידה,false,,24.90,0.0000,true,1,2394894
7296021275296,false,מסננת 28.3 סמ STAIN,,,מסננת 28.3 סמ STAIN,יחידה,0.00,יחידה,false,,34.90,0.0000,true,1,2394896
7296021276576,false,מזלג זהב סט שישייה,,,סט 6 מזלגות זהב,יחידה,0.00,יחידה,false,,34.90,0.0000,true,1,2410157
7296021276583,false,כף זהב סט שישייה,,,סט 6 כפות זהב,יחידה,0.00,יחידה,false,,34.90,0.0000,true,1,2410158
7296021281402,false,"מאג 340 מ""ל דצמבר פורצלן",נעמן,,MONTH NEW BONE CHINA,יחידה,0.00,יחידה,false,,19.90,0.0000,true,1,2421536
7296021281419,false,MONTH NEW BONE CHINA,,,MONTH NEW BONE CHINA,יחידה,0.00,יחידה,false,,19.90,0.0000,true,1,2421537
7296021281426,false,MONTH NEW BONE CHINA,,,MONTH NEW BONE CHINA,יחידה,0.00,יחידה,false,,19.90,0.0000,true,1,2421538
7296021281471,false,"מאג ג'מבו 610 מ""ל פו",,,"מאג ג'מבו 610 מ""ל פו",יחידה,0.00,יחידה,false,,14.90,0.0000,true,1,2429376
7296021281488,false,"קערית 16 ס""מ SERVE",,,"קערית 16 ס""מ SERVE",יחידה,0.00,יחידה,false,,14.90,0.0000,true,1,2429377
7296021281600,false,PORCELAIN SINTRA קער,,,PORCELAIN SINTRA קער,יחידה,0.00,יחידה,false,,10.90,0.0000,true,1,2421546
7296021281662,false,PORCELAIN SINTRAקערי,,,PORCELAIN SINTRAקערי,יחידה,0.00,יחידה,false,,8.90,0.0000,true,1,2421552
7296021281679,false,"קערית 10 ס""מ אדומה PORCELAIN SINTRA",נעמן,,PORCELAIN SINTRAקערי,יחידה,0.00,יחידה,false,,8.90,0.0000,true,1,2421553
7296021281693,false,"מאג 400 מ""ל אדום PORCELAIN SINTRA",נעמן,,PORCELAIN SINTRA מאג,יחידה,0.00,יחידה,false,,14.90,0.0000,true,1,2421559
7296021281716,false,"פלטת הגשה עגולה 37 ס""מ קרמיקה SINTRA",נעמן,,CERAMIC SINTRA קערית,יחידה,0.00,יחידה,false,,89.90,0.0000,true,1,2421561
7296021281747,false,"כף הנחה 23 ס""מ קרמיקה SINTRA",נעמן,,CERAMIC SINTRA כף ה,יחידה,0.00,יחידה,false,,24.90,0.0000,true,1,2421564
7296049013078,false,"צנצנת 700 מ""ל מכסה ז",,,"צנצנת 700 מ""ל מכסה ז",יחידה,0.00,יחידה,false,,14.90,0.0000,true,1,2385588
7296049013153,false,"מאג לוריין 425 מ""ל י",,,"מאג לוריין 425 מ""ל י",יחידה,0.00,יחידה,false,,12.90,0.0000,true,1,2385593
7296049013719,false,פותחן מלצרים תוכי לק,,,פותחן מלצרים תוכי לק,יחידה,0.00,יחידה,false,,9.90,0.0000,true,1,2385610
7296049014631,false,בקבוק שתיה חרמון 650,,,בקבוק שתיה חרמון 650,יחידה,0.00,יחידה,false,,24.90,0.0000,true,1,2406594
7296049014662,false,בקבוק שתיה כרמל 1 00,,,בקבוק שתיה כרמל 1 00,יחידה,0.00,יחידה,false,,26.90,0.0000,true,1,2406597
7296049015751,false,סוזוקי פנס נטען מרקורי,אוהב ציון בעמ,,סוזוקי פנס נטען 20LE,יחידה,0.00,יחידה,false,,29.90,0.0000,true,1,2396637
7296049015768,false,סוזוקי פנס נטען מרס,,,סוזוקי פנס נטען 27LE,יחידה,0.00,יחידה,false,,32.90,0.0000,true,1,2396638
7296049015775,false,תאורת חירום נטענת 44 לדים,,,סוזוקי תאורה נטענת 4,יחידה,0.00,יחידה,false,,49.90,0.0000,true,1,2396639
7296049015782,false,תאורת נטענת 62 לידיים,,,סוזוקי תאורה נטענת 6,יחידה,0.00,יחידה,false,,59.90,0.0000,true,1,2396640
7296049015805,false,תאורה נטענת 72LED סט,,,תאורה נטענת 72LED סט,יחידה,0.00,יחידה,false,,69.90,0.0000,true,1,2396365
7296049016451,false,צלחת הגשה פורצלן 18/,,,צלחת הגשה פורצלן 18/,יחידה,0.00,יחידה,false,,14.90,0.0000,true,1,2406619
7296049016482,false,צלחת הגשה פורצלן 18/,,,צלחת הגשה פורצלן 18/,יחידה,0.00,יחידה,false,,12.90,0.0000,true,1,2406622
7296049016574,false,כוס קידוש פורצלן תחת,,,כוס קידוש פורצלן ותח,יחידה,0.00,יחידה,false,,29.90,0.0000,true,1,2406631
7296049016710,false,מלחיה פתוחה עיטור רי,,,מלחיה פתוחה עיטור רי,יחידה,0.00,יחידה,false,,14.90,0.0000,true,1,2406636
7296049017182,false,מגן משטחים שקוף 150/,,,מגן משטחים שקוף 150/,יחידה,0.00,יחידה,false,,19.90,0.0000,true,1,2406649
7296049017311,false,מפה גומי לשולחן מתקפ,,,מפה גומי לשולחן מתקפ,יחידה,0.00,יחידה,false,,19.90,0.0000,true,1,2423089
7296049017502,false,"מצית גז ארוך 27 ס""מ",,,"מצית גז ארוך 27 ס""מ",יחידה,0.00,יחידה,false,,9.90,0.0000,true,1,2423097
7296049018950,false,מד 3 מטר סוזוקי,,,מד 3 מטר סוזוקי,יחידה,0.00,יחידה,false,,9.90,0.0000,true,1,2426159
7296049222937,false,קנקן תה זכוכית 1.5לי,,,קנקן תה זכוכית 1.5 ל,יחידה,0.00,יחידה,false,,24.90,0.0000,true,1,2359772
7296049224917,false,"מברשת למנגל ""18 וו ת",,,"מברשת למנגל ""18 וו ת",יחידה,0.00,יחידה,false,,29.90,0.0000,true,1,2368759
7296049225242,false,מארז 2 נורות כדור צה,,,מארז 2 נורות כדור צה,יחידה,0.00,יחידה,false,,16.90,0.0000,true,1,2359780
7296049225259,false,מארז 2 נורות כדור לב,,,מארז 2 נורות כדור לב,יחידה,0.00,יחידה,false,,16.90,0.0000,true,1,2359781
7296049225709,false,לקיטשן טריו קולפן ידית שחורה,אוהב ציון בעמ,,טריו שחור קולפן Y לק,יחידה,0.00,יחידה,false,,19.90,0.0000,true,1,2359799
7296049225884,false,"לקיטשן 6 כוסות ידיות צבעוניות 425מ""ל 10/8 לוריין",,,סט 6 כוסות ידיות צבע,יחידה,0.00,יחידה,false,,69.90,0.0000,true,1,2359813
7296049226201,false,"קןפסא זכוכית מלבן 420 מ""ל",,,פרש זכוכית מלבן 420,יחידה,0.00,יחידה,false,,14.90,0.0000,true,1,2359815
7296049226256,false,"קופסא זכוכית עגול 580 מ""ל",,,פרש זכוכית עגול 580,יחידה,0.00,יחידה,false,,14.90,0.0000,true,1,2359820
7296049227659,false,מדף צלחות כפול פינתי,,,מדף צלחות כפול פינתי,יחידה,0.00,יחידה,false,,24.90,0.0000,true,1,2359884
7296049227666,false,מדף צלחות כפול פינתי,,,מדף צלחות כפול פינתי,יחידה,0.00,יחידה,false,,24.90,0.0000,true,1,2359885
7296049229080,false,מגב מילניום BLANCA פ,,,מגב מילניום BLANCA פ,יחידה,0.00,יחידה,false,,22.90,0.0000,true,1,2385625
7296049229097,false,מגב מילניום BLANCA פ,,,מגב מילניום BLANCA פ,יחידה,0.00,יחידה,false,,24.90,0.0000,true,1,2385626
7296049258080,false,דן פריזט 900,,,דן פריזט 900,יחידה,0.00,יחידה,false,,4.90,0.0000,true,1,2396677
7296049258097,false,דן פריזט 1.8 ליטר,,,דן פריזט 1.8 ליטר,יחידה,0.00,יחידה,false,,7.90,0.0000,true,1,2396678
7296049258103,false,דן פריזט 2.9 ליטר,,,דן פריזט 2.9 ליטר,יחידה,0.00,יחידה,false,,9.90,0.0000,true,1,2396679
7296049258110,false,דן קערית מילאנו קטנה,,,דן קערית מילאנו קטנה,יחידה,0.00,יחידה,false,,3.90,0.0000,true,1,2396680
7296049258134,false,דן קערה מילאנו גדולה,,,דן קערה מילאנו גדולה,יחידה,0.00,יחידה,false,,9.90,0.0000,true,1,2396682
7296049258141,false,דן קערה 5 ליטר,,,דן קערה 5 ליטר,יחידה,0.00,יחידה,false,,9.90,0.0000,true,1,2396683
7296049258240,false,דן קערה 45 עם ידיות,,,דן קערה 45 עם ידיות,יחידה,0.00,יחידה,false,,20.90,0.0000,true,1,2396690
7296049258424,false,דן סלסלת קשת קטנה,,,דן סלסלת קשת קטנה,יחידה,0.00,יחידה,false,,4.90,0.0000,true,1,2396707
7296049258431,false,דן סלסלת קשת בינונית,,,דן סלסלת קשת בינונית,יחידה,0.00,יחידה,false,,9.90,0.0000,true,1,2396708
7296049258455,false,דן סלסלת קשת ענק 55/,,,דן סלסלת קשת ענק 55/,יחידה,0.00,יחידה,false,,19.90,0.0000,true,1,2396710
7296049258462,false,דן סלסלת מדף,,,דן סלסלת מדף,יחידה,0.00,יחידה,false,,9.90,0.0000,true,1,2396711
7296049258639,false,דן כד חלב,,,דן כד חלב,יחידה,0.00,יחידה,false,,4.90,0.0000,true,1,2396728
7296049258653,false,קרש חיתוך גדול 29/32,,,קרש חיתוך גדול 29/32,יחידה,0.00,יחידה,false,,19.90,0.0000,true,1,2396730
7296049258752,false,דן סכומון מגירה בינו,,,דן סכומון מגירה בינו,יחידה,0.00,יחידה,false,,12.90,0.0000,true,1,2396740
7296049258769,false,דן מייבש כלים מיני,,,דן מייבש כלים מיני,יחידה,0.00,יחידה,false,,24.90,0.0000,true,1,2396741
7296049258776,false,דן מייבש כלים משופע,,,דן מייבש כלים משופע,יחידה,0.00,יחידה,false,,29.90,0.0000,true,1,2396742
7296049258790,false,דן מתקן לסבון כלים,,,דן מתקן לסבון כלים,יחידה,0.00,יחידה,false,,6.90,0.0000,true,1,2396744
7296049258806,false,דן מתקן לספוג כלים,,,דן מתקן לספוג כלים,יחידה,0.00,יחידה,false,,6.90,0.0000,true,1,2396745
7296049258813,false,דן משולש כיור,אוהב ציון בעמ,,דן משולש כיור,יחידה,0.00,יחידה,false,,6.90,0.0000,true,1,2396746
7296049258820,false,דן מסחטה,,,דן מסחטה,יחידה,0.00,יחידה,false,,7.90,0.0000,true,1,2396747
7296049259001,false,דן דלי פייה 11 ליטר,,,דן דלי פייה 11 ליטר,יחידה,0.00,יחידה,false,,14.90,0.0000,true,1,2396765
7296049259049,false,דן שרפרף קטן,,,דן שרפרף קטן,יחידה,0.00,יחידה,false,,19.90,0.0000,true,1,2396651
7296049259070,false,דן שטיח לכיור,,,דן שטיח לכיור,יחידה,0.00,יחידה,false,,7.90,0.0000,true,1,2396768
7296049259087,false,דן שטיח מקרר 35*52 ס,,,דן שטיח מקרר 35*52 ס,יחידה,0.00,יחידה,false,,8.90,0.0000,true,1,2396653
7296049259179,false,קופסא לעוגה מרובעת,,,קופסא לעוגה מרובעת,יחידה,0.00,יחידה,false,,18.90,0.0000,true,1,2396774
7296049259971,false,דן סל שוק רטרו,,,דן סל שוק רטרו,יחידה,0.00,יחידה,false,,29.90,0.0000,true,1,2396851
7296049266016,false,דן נפה משי 26 הכשר מ,,,דן נפה משי 26 הכשר מ,יחידה,0.00,יחידה,false,,29.90,0.0000,true,1,2396855
7296049266092,false,דן מדרס למקלחת 55*55,,,דן מדרס למקלחת 55*55,יחידה,0.00,יחידה,false,,49.90,0.0000,true,1,2396863
7296049299007,false,פיקס קלין מקל עץ 1.5,,,פיקס קלין מקל עץ 1.5,יחידה,0.00,יחידה,false,,9.90,0.0000,true,1,2396821
7296049299052,false,פיקס קלין מברשת אסלה,,,פיקס קלין מברשת אסלה,יחידה,0.00,יחידה,false,,6.90,0.0000,true,1,2396826
7296049299069,false,פיקס קלין מברשת מגהץ,,,פיקס קלין מברשת מגהץ,יחידה,0.00,יחידה,false,,9.90,0.0000,true,1,2396827
7296049299076,false,פיקס קלין מברשת בגדי,,,פיקס קלין מברשת בגדי,יחידה,0.00,יחידה,false,,14.90,0.0000,true,1,2396828
7296049299090,false,פיקס קלין מטאטא מלוד,,,פיקס קלין מטאטא מלוד,יחידה,0.00,יחידה,false,,14.90,0.0000,true,1,2396830
7296049299113,false,פיקס קלין מטאטא ונצי,,,פיקס קלין מטאטא ונצי,יחידה,0.00,יחידה,false,,14.90,0.0000,true,1,2396832
7296049299182,false,פיקס קלין מגב שיש פ,,,פיקס קלין מגב שיש פ,יחידה,0.00,יחידה,false,,8.90,0.0000,true,1,2402043
7296049299243,false,פיקס קלין כף אשפה עם,,,פיקס קלין כף אשפה עם,יחידה,0.00,יחידה,false,,5.90,0.0000,true,1,2402049
7296049299274,false,"פיקס קלין מגב 40 ס""מ",,,"פיקס קלין מגב 40 ס""מ",יחידה,0.00,יחידה,false,,12.90,0.0000,true,1,2402052
7296049299298,false,פיקס קלין מברשת רצפה,,,פיקס קלין מברשת רצפה,יחידה,0.00,יחידה,false,,14.90,0.0000,true,1,2402054
7296049299328,false,פיקס קלין מטאטא ניק,,,פיקס קלין מטאטא ניק,יחידה,0.00,יחידה,false,,14.90,0.0000,true,1,2402057
7296049299427,false,פיקס קלין חבל כביסה,,,פיקס קלין חבל כביסה,יחידה,0.00,יחידה,false,,16.90,0.0000,true,1,2402026
7296049299458,false,פיקס קלין מקל 150 מת,,,פיקס קלין מקל 150 מת,יחידה,0.00,יחידה,false,,9.90,0.0000,true,1,2402066
7296049299496,false,"בקבוק שפריצר 400 מ""ל",,,"בקבוק שפריצר 400 מ""ל",יחידה,0.00,יחידה,false,,12.90,0.0000,true,1,2423119
7296049299519,false,פטנט לספוג כלים סילי,,,פטנט לספוג כלים סילי,יחידה,0.00,יחידה,false,,9.90,0.0000,true,1,2423120
7296049299557,false,פומפה סיליקון 25 צבע,,,פומפה סיליקון 25 צבע,יחידה,0.00,יחידה,false,,9.90,0.0000,true,1,2423123
7296049299564,false,מסנן כיור סיליקון 1,,,מסנן כיור סיליקון 1,יחידה,0.00,יחידה,false,,9.90,0.0000,true,1,2423124
7296102061848,false,מטאטא לוגנו+מקל,מ.א. ייצור ויבוא מטליות,,מטאטא לוגנו+מקל,יחידה,0.00,יחידה,false,,24.90,0.0000,true,1,2308476
7296111000012,false,מי קולון Royal,,,ROYAL מי קולון,מיליליטרים,500.00,"100 מ""ל",false,,39.90,0.0798,true,1,1343180
7296155149838,false,סל נייר גדול.,,,סל נייר גדול.,יחידה,0.00,יחידה,false,,6.90,0.0000,true,1,2278162
7296168001055,false,"אגד אלסטי מתמתח 5 ס""מ",איתן,,אגד גזה נמתח,יחידה,0.00,יחידה,false,,4.90,0.0000,true,1,2332420
7296168001062,false,"אגד גזה נמתח 7.5X2.7 ס""מ",איתן ספקים E,,אגד גזה נמתח,יחידה,0.00,יחידה,false,,7.90,0.0000,true,1,2332421
7296168001406,false,כסוי ניילון לאסלה 20יח,איתן ספקים E,,אסלונית,יחידה,0.00,יחידה,false,,9.90,0.0000,true,1,2332467
7296168017124,false,פלסטר בגוון עור 30יח,,,פלסטר חום 30 יח',יחידה,0.00,יחידה,false,,5.90,0.0000,true,1,2332459
7296168017155,false,פלסטר גדלים מעורב 30 יחחידות,איתן ספקים E,,פלסטר מעורב 30 יח,יחידה,0.00,יחידה,false,,7.90,0.0000,true,1,1305014
7296168017230,false,פלסטר נייר רפואי,איתן ספקים E,,פלסטר נייר רפואי,יחידה,0.00,יחידה,false,,4.90,0.0000,true,1,2332424
7296168017308,false,פלסטר שקוף גדלים מעו,צאנל מייד,,פלסטר שקוף גדלים מעו,יחידה,0.00,יחידה,false,,5.90,0.0000,true,1,2332449
7296168017322,false,טבעות הגנה ליבלות אובליות,,,פלסטר להקלה על יבלות,יחידה,0.00,יחידה,false,,4.90,0.0000,true,1,2332460
7296168017339,false,טבעות הגנה ליבלות עגולות,,,פלסטר להקלה על יבלות,יחידה,0.00,יחידה,false,,4.90,0.0000,true,1,2333163
7296168017650,false,פד דביק 5*7,,,פד דביק,יחידה,0.00,יחידה,false,,5.90,0.0000,true,1,2332425
7296168017759,false,פד דביק,,,פד דביק,יחידה,0.00,יחידה,false,,12.90,0.0000,true,1,2332426
7296168017766,false,"פד סטרילי דביק 10X12 ס""מ",איתן ספקים E,,פד דביק,יחידה,0.00,יחידה,false,,14.90,0.0000,true,1,2332413
7296168017773,false,פד דביק,,,פד דביק,יחידה,0.00,יחידה,false,,14.90,0.0000,true,1,2332427
7296168100185,false,פד סטרילי 55,,,פד סטרילי,יחידה,0.00,יחידה,false,,4.90,0.0000,true,1,2332430
7296168100321,false,פד 10X10 סטרילי,איתן ספקים E,,פד סטרילי,יחידה,0.00,יחידה,false,,7.90,0.0000,true,1,2332432
7296168120558,false,רצועת מסאג' איכותית,איתן כללי,,גישנית סאלוקס,יחידה,0.00,יחידה,false,,19.90,0.0000,true,1,2332469
7296168158766,false,"אלכוהול 70% 100 מ""ל",ש.שוורץ,,אלכוהול 70%,יחידה,0.00,יחידה,false,,9.90,0.0000,true,1,2332502
7296168173615,false,פדים,,,פדים,יחידה,0.00,יחידה,false,,7.90,0.0000,true,1,2332434
7296168173622,false,פדים,,,פדים,יחידה,0.00,יחידה,false,,9.90,0.0000,true,1,2332435
7296168173639,false,פדים,,,פדים,יחידה,0.00,יחידה,false,,14.90,0.0000,true,1,2332436
7296168174605,false,פד אלכוהול,,,פד אלכוהול,יחידה,0.00,יחידה,false,,9.90,0.0000,true,1,2332437
7296179000917,false,בושם לבנדר ספא,,,בושם לבנדר ספא,מיליליטרים,60.00,"100 מ""ל",false,,49.90,0.8317,true,1,2005519
7296179006247,false,שיק לק עמיד 495,שיק לקים,,לק עמיד שיק 495,יחידה,0.00,יחידה,false,,12.90,0.0000,true,1,1910307
7296179006285,false,שיק לק עמיד 308 יח,שיק לקים,,לק עמיד שיק 308,יחידה,0.00,יחידה,false,,12.90,0.0000,true,1,1910316
7296179006308,false,שיק לק עמיד 492 יח,שיק לקים,,לק עמיד שיק 492,יחידה,0.00,יחידה,false,,12.90,0.0000,true,1,1910318
7296179006315,false,שיק לק עמיד 469 יח,שיק לקים,,לק עמיד שיק 469,יחידה,0.00,יחידה,false,,12.90,0.0000,true,1,1910319
7296179008081,false,שיק לק עמיד 498,שיק לקים,,לק עמיד שיק 498,יחידה,0.00,יחידה,false,,12.90,0.0000,true,1,1910328
7296179008333,false,שיק לק עמיד 506 יח,שיק לקים,,לק עמיד שיק 506,יחידה,0.00,יחידה,false,,12.90,0.0000,true,1,1910333
7296179008371,false,תרסיס מייבש לק מהיר150מל,שיק לקים,,תרסיס מייבש לק מהיר,מיליליטרים,150.00,"100 מ""ל",false,,24.90,0.1660,true,1,2318846
7296179012149,false,שיק לק עמיד 301,שיק לקים,,לק עמיד שיק 301,יחידה,0.00,יחידה,false,,12.90,0.0000,true,1,1910344
7296179012279,false,שיק לק עמיד 219,שיק לקים,,לק עמיד שיק 219,יחידה,0.00,יחידה,false,,12.90,0.0000,true,1,1910354
7296179012699,false,שיק לק עמיד 420,שיק לקים,,לק עמיד שיק 420,יחידה,0.00,יחידה,false,,12.90,0.0000,true,1,1910359
7296179014181,false,לק עמיד שיק 250,שיק לקים,,לק עמיד שיק 250,יחידה,0.00,יחידה,false,,12.90,0.0000,true,1,1910365
7296179014778,false,לק עמיד שיק 115,שיק לקים,,לק עמיד שיק 115,יחידה,0.00,יחידה,false,,12.90,0.0000,true,1,1910366
7296179014952,false,לק עמיד שיק 410,שיק לקים,,לק עמיד שיק 410,יחידה,0.00,יחידה,false,,12.90,0.0000,true,1,1910367
7296179021004,false,לק עמיד שיק 413,שיק לקים,,לק עמיד שיק 413,יחידה,0.00,יחידה,false,,12.90,0.0000,true,1,1910370
7296179021059,false,לק עמיד שיק 483,שיק לקים,,לק עמיד שיק 483,יחידה,0.00,יחידה,false,,12.90,0.0000,true,1,1910375
7296179021684,false,"חמאת גוף 300 מ""ל",,,"חמאת גוף 300 מ""ל",מיליליטרים,300.00,"100 מ""ל",false,,32.90,0.1097,true,1,1926380
7296179021721,false,מידנייט WHITE קרם ידיים 100 מל,General,,קרם ידיים מידנייט,מיליליטרים,100.00,"100 מ""ל",false,,9.90,0.0990,true,1,1910400
7296179021738,false,מידנייט WHITE דאודורנט רול און 80 מל,General,,רול און מידנייט,מיליליטרים,80.00,"100 מ""ל",false,,12.90,0.1613,true,1,1910401
7296179021752,false,מידנייט WHITE קרם גוף 275 מל,חלאבין,,קרם גוף מידנייט,מיליליטרים,275.00,"100 מ""ל",false,,29.90,0.1087,true,1,1910402
7296179022773,false,"חמאת גוף 350 מ""ל שיק",,,"חמאת גוף 350 מ""ל שיק",מיליליטרים,350.00,"100 מ""ל",false,,29.90,0.0854,true,1,1429181
7296179024579,false,"מסיר לק לימון 100 מ""ל",,,מסיר לק צהוב לימון,מיליליטרים,100.00,"100 מ""ל",false,,7.90,0.0790,true,1,1910405
7296179024609,false,"מסיר לק תפוח 100 מ""ל",,,מסיר לק ירוק תפוח,מיליליטרים,100.00,"100 מ""ל",false,,7.90,0.0790,true,1,1910408
7296179029123,false,לק עמיד שיק 808,שיק לקים,,לק עמיד שיק 808,יחידה,0.00,יחידה,false,,12.90,0.0000,true,1,1991976
7296179029154,false,לק עמיד שיק 811,שיק לקים,,לק עמיד שיק 811,יחידה,0.00,יחידה,false,,12.90,0.0000,true,1,1991979
7296179029659,false,מידנייט WILD קרם גוף 275 מל,חלאבין,,קרם גוף מידנייט,מיליליטרים,275.00,"100 מ""ל",false,,29.90,0.1087,true,1,2277575
7296179029666,false,מידנייט WILD קרם ידיים 100 מל,חלאבין,,קרם ידיים מידנייט,מיליליטרים,100.00,"100 מ""ל",false,,9.90,0.0990,true,1,2277587
7297023778709,false,גופית ספגטי,,,גופית ספגטי,יחידה,0.00,יחידה,false,,60.00,0.0000,true,1,2349035
7297094102434,false,סט קיץ טריקו זוגי רח,,,סט קיץ טריקו זוגי רח,יחידה,0.00,יחידה,false,,89.90,0.0000,true,1,2297988
7297304000895,false,מכנס פרנץ טרי ארוך,,,מכנס פרנץ טרי ארוך,יחידה,0.00,יחידה,false,,39.00,0.0000,true,1,2284912
7297304001816,false,מכנס ג'ינס מידות 38-,,,מכנס ג'ינס מידות 38-,יחידה,0.00,יחידה,false,,59.00,0.0000,true,1,2286389
7297304001878,false,מכנס פוטר מידות S-3X,,,מכנס פוטר מידות S-3X,יחידה,0.00,יחידה,false,,39.00,0.0000,true,1,2284914
7297304001885,false,חליפת פוטר מידות M-3,,,חליפת פוטר מידות M-3,יחידה,0.00,יחידה,false,,99.90,0.0000,true,1,2284915
7297304001960,false,מכנס דגמח מידות 38-5,,,מכנס דגמח מידות 38-5,יחידה,0.00,יחידה,false,,59.00,0.0000,true,1,2284917
7297304002004,false,פריט לבוש גברים/נשים,,,פריט לבוש גברים/נשים,יחידה,0.00,יחידה,false,,49.90,0.0000,true,1,2377632
7297304002127,false,מעיל,,,מעיל,יחידה,0.00,יחידה,false,,89.90,0.0000,true,1,2422348
7297391030218,false,גופיות כתפיה גבר חלק,,,גופיות כתפיה גבר חלק,יחידה,0.00,יחידה,false,,29.90,0.0000,true,1,2282999
7297391030225,false,גופיות כתפיה גבר פסי,,,גופיות כתפיה גבר פסי,יחידה,0.00,יחידה,false,,29.90,0.0000,true,1,2283000
7297391131755,false,טי לייקרה גברים מארז,,,טי לייקרה גברים מארז,יחידה,0.00,יחידה,false,,39.90,0.0000,true,1,2304604
7297391131762,false,טי לייקרה גברים מארז,,,טי לייקרה גברים מארז,יחידה,0.00,יחידה,false,,39.90,0.0000,true,1,2304605
7297391141877,false,תחתון בנות רביעייה,,,תחתון בנות רביעייה,יחידה,0.00,יחידה,false,,22.90,0.0000,true,1,2353433
7297391141921,false,בוקסר בנים זוג,,,בוקסר בנים זוג,יחידה,0.00,יחידה,false,,22.90,0.0000,true,1,2353438
7297425341013,false,מזרונית 90/200,,,מזרונית 90/200,יחידה,0.00,יחידה,false,,49.90,0.0000,true,1,2341335
7297425341020,false,מזרונית 120/200,,,מזרונית 120/200,יחידה,0.00,יחידה,false,,59.90,0.0000,true,1,2341336
7297425341051,false,מזרונית 180/200,,,מזרונית 180/200,יחידה,0.00,יחידה,false,,79.90,0.0000,true,1,2341338
7297425816665,false,פלייסמט 30/45 קוקו,,,פלייסמט 30/45 קוקו,יחידה,0.00,יחידה,false,,14.90,0.0000,true,1,2358524
7297488098015,false,גרנולה קרנץ' עם שוקולד צ'יפס מריר ללא גלוטן 250 גרם דגש,תות תעשיות מזון (201,IL,גרנולה קרנצ'י שוקו דגש 25,גרמים,250.00,100 גרם,false,,15.90,0.0636,true,1,1350570
7297488098152,false,קמח חומוס ללא גלוטן דגש 500 גרם,אף.סי תבליני בגליל ב,IL,קמח חומוס 500,גרמים,500.00,100 גרם,false,,15.90,0.0318,true,1,1350582
7297488098183,false,קמח אורז ללא גלוטן דוכן גן שמואל 500 גרם,"תבליני העליון בע""מ",IL,קמח אורז דגש 500 ג',גרמים,500.00,100 גרם,false,,9.90,0.0198,true,1,1350585
7297488098190,false,0 קמח אורז מלא ללא גלוטן,אף.סי תבליני בגליל ב,IL,קמח אורז מלא 500 גרם,גרמים,500.00,100 גרם,false,,12.90,0.0258,true,1,1350586
7297488098213,false,קמח קינואה ללא גלוטן דוכן גן שמואל 500 ג,"תבליני העליון בע""מ",IL,קמח קינואה,גרמים,500.00,100 גרם,false,,22.90,0.0458,true,1,1350587
7297488098299,false,קמח טפיוקה ללא גלוטן500ג,אף סי תבליני הגליל ב,IL,קמח טפיוקה,גרמים,500.00,100 גרם,false,,10.90,0.0218,true,1,1350595
7297488098305,false,"מרק דגש""קמח שקדים""250גרם",תות תעשיות מזון (201,IL,"קמח שקדים ""דגש""",גרמים,250.00,100 גרם,false,,27.90,0.1116,true,1,1350596
7297488098688,false,דגש פצפוצי אורז מלא ללא תוספת סוכר ומלח 450 גרם,משובח תעשיות מזון,,פצפוצי אורז מלא ללא,גרמים,450.00,100 גרם,false,,20.90,0.0464,true,1,1867509
7297488099753,false,דגש עוגיות בטעם שוקולד וקוקוס 250 גרם,תות תעשיות מזון (201,,עוגיות בטעם שוקולד ו,גרמים,250.00,100 גרם,false,,28.90,0.1156,true,1,1858351
7297488099821,false,גרנולה ללא תוספת סוכר לנמנעים מגלוטן,תות תעשיות מזון (201,,גרנולה ללא תוספת סוכ,גרמים,250.00,100 גרם,false,,14.90,0.0596,true,1,1858355
7297488099890,false,פרוסות בסגנון קלאסי מופחתת שומן טבעוני 200 גרם,"טרופיקל דגיל בע""מ אז",,גבינה טבעונית פרוסות,גרמים,200.00,100 גרם,false,,19.90,0.0995,true,1,1386571
7297488099906,false,פרוסות בסגנון קלאסי 18% טבעונית 200 גרם,קפוא זן תעשיות מזון בעמ,,גבינה טבעונית צהובה,גרמים,200.00,100 גרם,false,,19.90,0.0995,true,1,1386572
7297488099951,false,מלוחה מופחת שומן 5% 250גר משומשו,קפוא זן תעשיות מזון בעמ,,גבינה טבעונית מלוחה,גרמים,250.00,100 גרם,false,,19.90,0.0796,true,1,1386574
7297488199590,false,פצפוצי אורז לבן תפוח ללא גלוטן,דגש- דוכן גן שמואל,IL,פצפוצי אורז 450 גר' דגש,גרמים,450.00,100 גרם,false,,20.90,0.0464,true,1,1350604
7297488199606,false,פצפוצי אורז תפוח ללא תוספת סוכר ומלח ללא גלוטן,דגש- דוכן גן שמואל,IL,פצפוצי אורז קל 450 ג' דגש,גרמים,450.00,100 גרם,false,,20.90,0.0464,true,1,1350605
7297488199620,false,פצפוצי אורז מלא תפוח ללא גלוטן,דגש- דוכן גן שמואל,IL,פצפוצי אורז מלא 450 ג' דג,גרמים,450.00,100 גרם,false,,20.90,0.0464,true,1,1350606
7297534001143,false,בקבוק מים חמים מרופד,,,בקבוק מים חמים מרופד,יחידה,0.00,יחידה,false,,19.90,0.0000,true,1,2385344
7297534040609,false,2 זוגות גרבי מגבת רכ,,,2 זוגות גרבי מגבת רכ,יחידה,0.00,יחידה,false,,9.90,0.0000,true,1,2429169
7297534040623,false,2 זוגות גרבי קטיפה ר,,,2 זוגות גרבי קטיפה ר,יחידה,0.00,יחידה,false,,12.90,0.0000,true,1,2429170
7297534070149,false,גופיה טרמית נשים,,,גופיה טרמית נשים,יחידה,0.00,יחידה,false,,19.90,0.0000,true,1,2429172
7297534070156,false,גופיה טרמית גברים,,,גופיה טרמית גברים,יחידה,0.00,יחידה,false,,19.90,0.0000,true,1,2429173
7297534071108,false,גטקס לגבר,,,גטקס לגבר,יחידה,0.00,יחידה,false,,19.90,0.0000,true,1,2429956
7297576593538,false,מארז 3 חולצות צווארו,,,מארז 3 חולצות צווארו,יחידה,0.00,יחידה,false,,89.90,0.0000,true,1,2271876
7297576729746,false,חולצה קצרה צווארון ו,,,חולצה קצרה צווארון ו,יחידה,0.00,יחידה,false,,49.90,0.0000,true,1,2292449
7297576763375,false,מארז חמישיית היפסטרי,,,מארז חמישיית היפסטרי,יחידה,0.00,יחידה,false,,59.90,0.0000,true,1,2291740
7297576841851,false,בוקסר צמוד ארוך,,,בוקסר צמוד ארוך,יחידה,0.00,יחידה,false,,59.90,0.0000,true,1,2337330
7297576841905,false,בוקסר צמוד קצר,,,בוקסר צמוד קצר,יחידה,0.00,יחידה,false,,59.90,0.0000,true,1,2337334
7297579010544,false,שטיח מטבח מודפס רומא,,,שטיח מטבח מודפס רומא,יחידה,0.00,יחידה,false,,49.90,0.0000,true,1,2384759
7297611631898,false,שני זוגות נשים קרסול,,,שני זוגות נשים קרסול,יחידה,0.00,יחידה,false,,26.90,0.0000,true,1,2419152
7297611641927,false,שני גרבי ברך צמות,,,שני גרבי ברך צמות,יחידה,0.00,יחידה,false,,36.90,0.0000,true,1,2419418
7297611641965,false,שני גרבי ריב חמות או,,,שני גרבי ריב חמות או,יחידה,0.00,יחידה,false,,36.90,0.0000,true,1,2419422
7297611659441,false,שתי זוגות גרבי ניילו,,,שתי זוגות גרבי ניילו,יחידה,0.00,יחידה,false,,14.90,0.0000,true,1,2410586
7298572897095,false,צולה כבד רשת,,,צולה כבד רשת,יחידה,0.00,יחידה,false,,16.90,0.0000,true,1,2402106
7310790088847,false,תחבושות ליברס אולטרהטין לונג 24 יח,,,תחבושות אולטרה טין ל,יח',24.00,יח',false,,16.90,0.7042,true,1,2378531
7312040017034,false,וודקה אבסולוט 1 ליטר,פרנו ריקרד ($),,וודקה אבסלוט ליטר,ליטרים,1.00,ליטר,false,,89.90,89.9000,true,1,1324035
7312040017683,false,מארז אבסולוט רגיל(וודקה {}{700 עם כוס,טמפו משקאות בע`מ,,"וודקה אבסלוט 700 מ""ל",מיליליטרים,700.00,"100 מ""ל",false,,59.90,0.0856,true,1,1395159
7322540803013,false,מגני תחתון ליברס דיי,,,מגני תחתוניות דיילי,יח',52.00,יח',false,,16.90,0.3250,true,1,2378539
7322540918281,false,תחבושות ליברס נייט אקסטרא 8 יח,,,תחבושות אולטרה טין א,יח',8.00,יח',false,,12.90,1.6125,true,1,2378533
7332531063135,false,"ספריי לשיער סאיוס סרמיד לחיזוק 400 מ""ל",שוורצקופף והנקל,,ספרי לשיער סאיוס,מיליליטרים,400.00,"100 מ""ל",false,,29.90,0.0747,true,1,1691921
7393714368584,false,קופרברג סיידר תות ליים 4.5% 330 מל פחית,לני אנד לארי,,סיידר תות ליים קופרב,מיליליטרים,330.00,"100 מ""ל",false,,8.90,0.0270,true,1,2263275
7393714369000,false,"קופרברג סיידר אגסים 4.5% בקבוק 330 מ""ל",הכרם משקאות חריפים בעמ,,סיידר אגסים קופרברג,מיליליטרים,330.00,"100 מ""ל",false,,8.90,0.0270,true,1,2263276
7393714369208,false,"סיידר קופרברג פירות יער פחית 330מ""ל 4.",הכרם משקאות חריפים בעמ,,סיידר פירות יער קופר,מיליליטרים,330.00,"100 מ""ל",false,,8.90,0.0270,true,1,2263277
7393714507020,false,קופרברג סיידר תות ליים 4.5% בקבוק 330 מ,BEVERAGES FOODS & SE,,סיידר תות ליים קופרב,מיליליטרים,330.00,"100 מ""ל",false,,8.90,0.0270,true,1,2263278
7393714509604,false,קופרברג סיידר תפוח 4.5% בקבוק 330 מ,BEVERAGES FOODS & SE,,סיידר תפוח קופרברג,מיליליטרים,330.00,"100 מ""ל",false,,8.90,0.0270,true,1,2263280
7394376123337,false,"משקה שיבולת שועל אורגני מפוקח ע""י סקאל",טרנסומס פוד איי.בי,,משקה שיבולת שועל או,ליטרים,1.00,ליטר,false,,13.90,13.9000,true,1,2311107
7394376615825,false,אוטלי משקה שיבולת שועל מועשר בסידן וויטמינים 1 ליטר,ש. שסטוביץ בע`מ,,משקה שיבולת שועל אוט,ליטרים,1.00,ליטר,false,,13.90,13.9000,true,1,2311108
7394376615832,false,אוטלי משקה שיבולת שועל בטעם שוקולד 1 ליטר,ש. שסטוביץ בע`מ,,משקה שיבולת שועל בט,ליטרים,1.00,ליטר,false,,15.90,15.9000,true,1,2311109
7394376616778,false,אוטלי משקה שיבולת שועל להקצפה בריסטה 1 ליטר,ש. שסטוביץ בע`מ,,משקה שיבולת שועל לה,ליטרים,1.00,ליטר,false,,15.90,15.9000,true,1,2311110
7394376620294,false,אוטלי משקה שיבולת שועל בטעם וניל 1 ליטר,איי אם פי אס איי תעש,,משקה שיבולת שועל בט,ליטרים,1.00,ליטר,false,,15.90,15.9000,true,1,2422279
7454654217421,false,כפתור למכסה קטן,,,כפתור למכסה קטן,יחידה,0.00,יחידה,false,,4.90,0.0000,true,1,2353879
7456258458538,false,פקק כיור בבליסטר,,,פקק כיור בבליסטר,יחידה,0.00,יחידה,false,,6.90,0.0000,true,1,2323478
7501013101348,false,"ג'ומקס מנגו בקבוק 473 מ""ל תריסר",חומקס קומר קומרסאליזדורה,,נקטר מנגו -ג'ומקס 47,מיליליטרים,473.00,"100 מ""ל",false,,8.90,0.0188,true,1,2274600
7501013101355,false,"נקטר בטעם אפרסק 500 מ""ל JUMEX",חומקס קומר קומרסאליזדורה,,נקטר אפרסק-ג'ומקס 47,מיליליטרים,473.00,"100 מ""ל",false,,8.90,0.0188,true,1,2274601
7501013101362,false,"נקטר בטעם קוקוס ואננס 500 מ""ל JUMEX",חומקס קומר קומרסאליזדורה,,נקטר קוקוס אננס -ג'ו,מיליליטרים,473.00,"100 מ""ל",false,,8.90,0.0188,true,1,2274602
7501013101393,false,"ג'ומקס אננס בקבוק 473 מ""ל תריסר",חומקס קומר קומרסאליזדורה,,נקטר אננס -ג'ומקס 47,מיליליטרים,473.00,"100 מ""ל",false,,8.90,0.0188,true,1,2274603
7501013122039,false,ג'ומקס מיץ מנגו קרטונית ליטר תריסר,חומקס קומר קומרסאליזדורה,,נקטר מנגו ג'ומקס קרט,ליטרים,1.00,ליטר,false,,9.90,9.9000,true,1,2281306
7501013122053,false,ג'ומקס מיץ אפרסק קרטונית ליטר תריסר,חומקס קומר קומרסאליזדורה,,נקטר אפרסק-ג'ומקס קר,ליטרים,1.00,ליטר,false,,9.90,9.9000,true,1,2274613
7501013122114,false,"נקטר משקה אננס בקרטונית ג'ומקס, 1 ל'",חומקס קומר קומרסאליזדורה,,נקטר אננס ג'ומקס קרט,ליטרים,1.00,ליטר,false,,9.90,9.9000,true,1,2274614
7501013122190,false,ג'ומקס מיץ תפוחים קרטונית ליטר תריסר,חומקס קומר קומרסאליזדורה,,משקה תפוחים ג'ומקס ק,ליטרים,1.00,ליטר,false,,9.90,9.9000,true,1,2274615
7501013122992,false,ג'ומקס מיץ קוקוס אננס קרטונית ליטר תריסר,חומקס קומר קומרסאליזדורה,,משקה מנגו ג'ומקס קרט,ליטרים,1.00,ליטר,false,,9.90,9.9000,true,1,2274616
7501013138047,false,משקה רימונים יוניקו פרסקו ג'ומקס בקרטונית 1 ליטר,חומקס קומר קומרסאליזדורה,,נקטר רימונים פרסקו י,ליטרים,1.00,ליטר,false,,11.90,11.9000,true,1,2274609
7501049936945,false,"שישיית בירה סול בקבוק 330 מ""ל",טמפו משקאות בע`מ,,שישייה בירה סול 330,ליטרים,1.98,ליטר,false,,39.90,20.1515,true,1,2305099
7501064191398,false,שישיית בירה קורונה אקסטרא *355 מל,קריניציה ויטמינה אס,,בירה קורונה שישייה 3,ליטרים,2.13,ליטר,false,,39.90,18.7324,true,1,2252325
7502231540858,false,שמרים יבשים מאוריפאן 500כ,בני ג ורג שוקחה (חיפה) בעמ,,שמרים בוואקום 500 גר,גרמים,500.00,100 גרם,false,,9.90,0.0198,true,1,1360837
7503012779405,false,סירופ אגבה כחולה – נטורפוד (גדול),נוטריאגבס דה מקסיקו,,סירופ אגבה כחולה אור,מיליליטרים,660.00,"100 מ""ל",false,,29.90,0.0453,true,1,1469322
7509546061160,false,"משחת שיניים לילדים מיניונים 2-5 75 מ""ל קולגייט",קולגייט פלמוליב,,משחת שיניים קולגייט,מיליליטרים,75.00,"100 מ""ל",false,,16.90,0.2253,true,1,2366071
7509546063515,false,ליידי ספיד סטיק -סטיק פרו 5 ספריי 150 מל,קולגייט פלמוליב,,דאודורנט ספריי ליידי,מיליליטרים,150.00,"100 מ""ל",false,,24.90,0.1660,true,1,2415563
7509546666846,false,"קולגייט טוטאל משחת שיניים פחם 75 מ""ל",קולגייט פלמוליב,,משחת שיניים קולגייט,מיליליטרים,75.00,"100 מ""ל",false,,19.90,0.2653,true,1,2355966
7509546678702,false,קולגייט משחת שיניים טוטל אנטי טרטר 100 מ,קולגייט-פלמוליב,,משחת שיניים קולגייט,מיליליטרים,100.00,"100 מ""ל",false,,16.90,0.1690,true,1,2414044
7610023050215,false,פמיליה קראנץ' איקס תערובת דגנים פריכים בתוספת צימוקים ואגוזי לוז 500 גרם,פמיליה familia,CH,"מיזלי ""קראנצ איקס 500 ""ג'",גרמים,500.00,100 גרם,false,,18.90,0.0378,true,1,1353440
7610023051212,false,פמיליה שוקו איקס תערובת דגנים פריכים בתוספת שוקולד 500 גרם,מיוצר עי קונדיטוריית,CH,"מיזלי ""שוקו איקס 500 ""ג'",גרמים,500.00,100 גרם,false,,18.90,0.0378,true,1,1353442
7610100034084,false,מיונז טומי בשפורפרת 265 גרם,ליימן שליסל בע`מ,,מיונז טומי בשפורפרת,גרמים,265.00,100 גרם,false,,12.90,0.0487,true,1,1557661
7610113000175,false,"רום בקרדי מוחיטו 700 מ""ל",בקרדי מרטיני,,רום בקרדי מוחיטו,מיליליטרים,700.00,"100 מ""ל",false,,74.90,0.1070,true,1,1949586
7610113011652,false,בריזר - משקה כוהלי מוגז בטעם תפוח,בקרדי בריזר Bacardi Breezer,,בקרדי בריזר-תפוח 275,מיליליטרים,275.00,"100 מ""ל",false,,12.90,0.0469,true,1,2305100
7610113013250,false,"משקה כוהלי על בסיס רום בקרדי 250 מ""ל",בקרדי מרטיני,,פחית ברקדי מוחיטו,מיליליטרים,250.00,"100 מ""ל",false,,10.90,0.0436,true,1,2364533
7610211130903,false,הרמזית ממתיק 800+200 טבליות,דיפלומט מפיצים (1968) בעמ**,,סוכרזית הרמזית 800+2,גרמים,800.00,100 גרם,false,,24.90,0.0311,true,1,2389912
7610243004463,false,"דורגול - מרסס להסרת אבנית במקלחון 600 מ""ל","יעקב יעקבי ובניו בע""מ",CH,דורגול מרסס,מיליליטרים,600.00,"100 מ""ל",false,,24.90,0.0415,true,1,1325718
7610400010481,false,לינדט אקסלנס שוקולד חלב 100 גרם,לינדט ושפרונגלי קילשברג,CH,לינדט אקסלנס מילק 100 גרם,גרמים,100.00,100 גרם,false,,14.90,0.1490,true,1,1319095
7610400014632,false,שוקולד לינדור בודד וואיט 100 ג',משה סידס ובנו בעמ,CH,לינדור בודד וואיט 100 גרם,גרמים,100.00,100 גרם,false,,15.90,0.1590,true,1,1319099
7610400014649,false,לינדור קוביות במילוי קרם שוקולד חלב 100 גרם,לינדט ושפרונגלי קילשברג,CH,לינדור בודד מילק 100גרם,גרמים,100.00,100 גרם,false,,15.90,0.1590,true,1,1319100
7610400068369,false,לינדט לינדור טבלאה קוביות במילוי קרם ושב,משה סידס ובנו בעמ,CH,לינדור בודד הזלנט 100 גרם,גרמים,100.00,100 גרם,false,,15.90,0.1590,true,1,1319103
7610400068505,false,לינדט לינדור בונבוניירה שוקולד חלב 200 גרם,לינדט ושפרונגלי קילשברג,CH,לינדור בונ' מילק 200 גרם,גרמים,200.00,100 גרם,false,,34.90,0.1745,true,1,1319104
7610400068529,false,לינדט לינדור בונבוניירה כדורי שוקולד מטעמים 200 גרם,לינדט ושפרונגלי קילשברג,CH,לינדור בונ' אסורטד 200 גר,גרמים,200.00,100 גרם,false,,34.90,0.1745,true,1,1319105
7610400070577,false,לינדט אקסלנס שוקולד צ'ילי 100 גרם,לינדט ושפרונגלי קילשברג,CH,לינדט אקסלנס צ'ילי 100 גר,גרמים,100.00,100 גרם,false,,14.90,0.1490,true,1,1319112
7610400074155,false,לינדט לינדור קוביות במילוי קרם שוקולד 60% מוצקי קקאו 100 גרם,לינדט ושפרונגלי קילשברג,CH,לינדור בודד 60% 100 גרם,גרמים,100.00,100 גרם,false,,15.90,0.1590,true,1,1319115
7610400075770,false,לינדט לה גרנד שוקולד מריר אגוז 150 גרם,לינדט ושפרונגלי קילשברג,FR,לינדט לגרנד דארק הזלנט 15,גרמים,150.00,100 גרם,false,,24.90,0.1660,true,1,1319116
7610400075787,false,לינדט לה גרנד שוקולד חלב אגוז 150 גרם,לינדט ושפרונגלי קילשברג,FR,לינדט לגרנד מילק הזלנט 15,גרמים,150.00,100 גרם,false,,24.90,0.1660,true,1,1319117
7610400075794,false,לינדט לה גרנד שוקולד לבן ושקדים 150 גרם,לינדט ושפרונגלי,FR,לינדט לגרנד ואיט אלמוד 15,גרמים,150.00,100 גרם,false,,24.90,0.1660,true,1,1319118
7610400085946,false,לינדט לגרנד דארק אלמונד סולט 150 גרם,לינדט ושפרונגלי קילשברג,,שוקולד לינדט לגרנד,גרמים,150.00,100 גרם,false,,24.90,0.1660,true,1,2273896
7610400086202,false,שוקולד מריר לה גרנד עם אוכמניות וחמוציות,לינדט Lindt,,שוקולד מריר לינדט לה,גרמים,150.00,100 גרם,false,,24.90,0.1660,true,1,1884745
7610400091060,false,שוקולד מריר לינדט אקסלנס בתוספת תפוז ושקדים,לינדט ושפרונגלי קילש,,שוקולד מריר לינדט אק,גרמים,100.00,100 גרם,false,,14.90,0.1490,true,1,2304894
7610700002681,false,ריקולה סוכריות ללא סוכר בטעם צמחים 50 גר',שוקוטרייד בעמ,,סוכריות ריקולה צמחים,גרמים,50.00,100 גרם,false,,12.90,0.2580,true,1,2302987
7610700009956,false,ריקולה ללא ת.סוכר סמבוקוס 50 גרם,שוקוטרייד בעמ,,סוכריות ריקולה צמחים,גרמים,50.00,100 גרם,false,,12.90,0.2580,true,1,2309834
7610700010778,false,סוכריות ריקולה ללא סוכר פטל חמוציות 50 ג,שוקוטרייד בעמ,,סוכריות ריקולה צמחים,גרמים,50.00,100 גרם,false,,12.90,0.2580,true,1,2424183
7610700012642,false,סוכריות ריקולה בשקית בטעם לימון,שוקוטרייד בעמ,,סוכריות ריקולה צמחים,גרמים,70.00,100 גרם,false,,9.90,0.1414,true,1,2331437
7610700013083,false,סוכריות ריקולה ללא סוכר בטעם צמחים 20 יח',שוקוטרייד בעמ,,סוכריות ריקולה צמחים,גרמים,50.00,100 גרם,false,,12.90,0.2580,true,1,2368976
7610700607046,false,סוכריות צמחים לימון ומנטה ללא תוספת סוכר,שוקוטרייד בעמ,,סוכריות ריקולה צמחים,גרמים,50.00,100 גרם,false,,12.90,0.2580,true,1,1337220
7610700607077,false,סוכריות צמחים תפוז ומנטה ללא תוספת סוכר,שוקוטרייד בעמ,,סוכריות ריקולה צמחים,גרמים,50.00,100 גרם,false,,12.90,0.2580,true,1,1337221
7610700614914,false,סוכריות ריקולה פטל חמוציות 50 גרם[אדום],שוקוטרייד בעמ,,סוכריות ריקולה צמחים,גרמים,50.00,100 גרם,false,,12.90,0.2580,true,1,1337224
7612720201563,false,ריחנית LITTLE TREE B,,,ריחנית LITTLE TREE B,יחידה,0.00,יחידה,false,,4.90,0.0000,true,1,2401846
7612720208159,false,ריחנית LITTLE TREE S,,,ריחנית LITTLE TREE S,יחידה,0.00,יחידה,false,,4.90,0.0000,true,1,2401852
7612720841967,false,ריחנית,,,ריחנית,יחידה,0.00,יחידה,false,,6.90,0.0000,true,1,2286352
7612720881062,false,פחית לרכב אורגנית,,,פחית לרכב אורגנית,יחידה,0.00,יחידה,false,,16.90,0.0000,true,1,2286354
7613030979647,false,דגני בוקר טריקס פירות עולם היורה 480 ג',קבוצת אוסם סחר שותפות מוגבלת,,דגני בוקר טריקס 480,גרמים,480.00,100 גרם,false,,23.90,0.0498,true,1,1914476
7613031608850,false,פיטנס דגנים מחיטה מלאה ואורז נסטלה 625 גרם,קבוצת אוסם סחר-שות.מוגבלת,FR,פיטנס קלאסי 625 גרם,גרמים,625.00,100 גרם,false,,27.90,0.0446,true,1,1306300
7613032045753,false,פיטנס דגנים מחיטה מלאה שוקולד 375גרם,קבוצת אוסם סחר שותפות מוגבלת,FR,פיטנס שוקולד 375 גרם,גרמים,375.00,100 גרם,false,,19.90,0.0531,true,1,1306301
7613033174728,false,נסקפה דולצה גוסטו קפהאולאיט 16 קפס.160 ג,דולצ'ה גוסטו Nescafe Dolce Gusto,,נסקפה דולצה גוסטו קפ,גרמים,160.00,100 גרם,false,,28.90,0.1806,true,1,1373578
7613033548192,false,פיטנס - דגני בוקר שוקולד מריר 375 גרם,קבוצת אוסם סחר שותפות מוגבלת,FR,פיטנס שוקולד מריר 375 גרם,גרמים,375.00,100 גרם,false,,19.90,0.0531,true,1,1306326
7613034146502,false,מזון לכלבים קטנים בטעם עוף פורינה ONE,שחורי אריה ואנסטסיה,,פורינה ONE מיני אקטי,קילוגרמים,1.50,"ק""ג",false,,59.90,39.9333,true,1,2278885
7613035027022,false,מזון לכלבים קטנים גורים פורינה ONE,קבוצת אוסם סחר-שות.מוגבלת,,פורינה ONE כלב מיני,גרמים,800.00,100 גרם,false,,34.90,0.0436,true,1,2278874
7613035378643,false,דנטלייף חטיף דנטלי לכלבים מגזע גדול - 4 יחידות,קבוצת אוסם סחר-שות.מוגבלת,,דנטלייף לכלב גזע גדו,גרמים,142.00,100 גרם,false,,14.90,0.1049,true,1,2376538
7613035379794,false,דנטלייף חטיף דנטלי לכלבים מגזע בינוני - 4 יחידות,קבוצת אוסם סחר-שות.מוגבלת,,דנטלייף לכלב גזע בינ,גרמים,115.00,100 גרם,false,,14.90,0.1296,true,1,2376539
7613035379817,false,דנטלייף חטיף דנטלי לכלבים מגזע קטן - 4 יחידות,קבוצת אוסם סחר-שות.מוגבלת,,דנטלייף לכלב גזע קטן,גרמים,115.00,100 גרם,false,,14.90,0.1296,true,1,2376540
7613035548374,false,דגני בוקר גולדן מיניס מחיטה מלאה ותירס,קבוצת אוסם סחר-שות.מוגבלת,,דגני בוקר גולדן מיני,גרמים,570.00,100 גרם,false,,24.90,0.0437,true,1,1398813
7613035614482,false,מזון לגור חתולים בטעם עוף פורינה ONE,קבוצת אוסם סחר-שות.מוגבלת,,פורינה ONE חתול גור,גרמים,800.00,100 גרם,false,,39.90,0.0499,true,1,2278877
7613035622623,false,פיטנס גרנולה שקדים ודבש נסטלה (300 גרם),קבוצת אוסם סחר-שות.מוגבלת,,פיטנס גרנולה שקדים ו,גרמים,300.00,100 גרם,false,,12.90,0.0430,true,1,1414567
7613035635845,false,פיטנס גרנולה שוקולד 300 גר`אסם,קבוצת אוסם סחר-שות.מוגבלת,,פיטנס גרנולה שוקולד,גרמים,300.00,100 גרם,false,,12.90,0.0430,true,1,1414568
7613035758834,false,פיטנס סופר גרנולה וחמוציות 300 גרם,קבוצת אוסם סחר שותפות מוגבלת,,פיטנס גרנולה חמוציות,גרמים,300.00,100 גרם,false,,12.90,0.0430,true,1,1466745
7613035807778,false,פרפקטו רוטב עגבניות לבולונז אסם 400 גרם,קבוצת אוסם סחר שותפות מוגבלת,,רוטב עגבניות לבלונז,גרמים,400.00,100 גרם,false,,8.90,0.0223,true,1,1466718
7613035809109,false,פרפקטו רוטב עגבניות ובזיליקום אסם 400 גרם,קבוצת אוסם סחר שותפות מוגבלת,,רוטב עגבניות ובזילקו,גרמים,400.00,100 גרם,false,,8.90,0.0223,true,1,1466719
7613035809123,false,פרפקטו רוטב עגבניות עם פלפלים אסם 400 גרם,קבוצת אוסם סחר שותפות מוגבלת,,רוטב עגבניות עם פלפל,גרמים,400.00,100 גרם,false,,8.90,0.0223,true,1,1466720
7613035809857,false,פרפקטו רוטב עגבניות לפסטה ולבישול אסם 400 גרם,קבוצת אוסם סחר שותפות מוגבלת,,רוטב עגבניות לפסטה ו,גרמים,400.00,100 גרם,false,,8.90,0.0223,true,1,1466721
7613035975897,false,מים מינרלים מוגזים רביעייה בקבוק אישי,פרייה Perrier,,רביעיית מים פרייה מו,מיליליטרים,1320.00,"100 מ""ל",false,,22.90,0.0173,true,1,1531732
7613036120395,false,"פורינה ONE כלב מידמקסי בקר 2.5 ק""ג",שחורי אריה ואנסטסיה,,פורינה ONE כלב מידמק,קילוגרמים,2.50,"ק""ג",false,,89.90,35.9600,true,1,2278888
7613036286015,false,משקה אננס מנגו מוגז פרייה אנד ג'וס - רביעייה,נסטלה ווטרס ספלאי,,רביעיית אנד ג'וס אננ,ליטרים,1.00,ליטר,false,,24.90,24.9000,true,1,2330718
7613036314114,false,נסקפה גולד Gold קפה נמס מיובש בתוספת קפה קלוי,קבוצת אוסם סחר-שות.מוגבלת,,נס קפה גולד,גרמים,200.00,100 גרם,false,,44.90,0.2245,true,1,2003827
7613036520492,false,פרפקטו רוטב עגבניות לפיצה אסם 400 גרם,קבוצת אוסם סחר-שות.מוגבלת,,רוטב עגבניות לפיצה פ,גרמים,400.00,100 גרם,false,,8.90,0.0223,true,1,1922195
7613036710879,false,מארז מיני חטיפי קיט קט צ'אנקי Kit Kat Chanky,קבוצת אוסם סחר שותפות מוגבלת,,חטיף קיט קט מיני,גרמים,194.00,100 גרם,false,,12.90,0.0665,true,1,2088641
7613036725286,false,דנטלייף חטיף דנטלי לחתול בטעם סלמון,קבוצת אוסם סחר שותפות מוגבלת,,דנטלייף חתול בטעם סל,גרמים,40.00,100 גרם,false,,9.90,0.2475,true,1,2376547
7613036760195,false,נסקפה דולצה גוסטו אספרסו קפסולות אינטנסו 112 ג',קבוצת אוסם סחר שותפות מוגבלת,,נסקפה דולצה גוסטו אס,גרמים,112.00,100 גרם,false,,28.90,0.2580,true,1,2197869
7613036867870,false,נסקפה דולצה גוסטו אספרסו בריסטה קפסולות 112 ג',קבוצת אוסם סחר שותפות מוגבלת,,נסקפה דולצה גוסטו אס,גרמים,112.00,100 גרם,false,,28.90,0.2580,true,1,2154260
7613036880534,false,גרבר מחית ירקות מעורבים מטרנה 190 גר',קבוצת אוסם סחר שותפות מוגבלת,,גרבר מחית מרק ירקות,גרמים,190.00,100 גרם,false,,6.50,0.0342,true,1,2278965
7613036976657,false,מזון לחתולים פריסקיז פאוצ' הודו,קבוצת אוסם סחר-שות.מוגבלת,,פריסקיז פאוצ' הודו,גרמים,85.00,100 גרם,false,,3.90,0.0459,true,1,2329340
7613036976671,false,פריסקיז פאוצ' עוף ברוטב 26*85גרם,קבוצת אוסם סחר שותפות מוגבלת,,פריסקיז פאוצ' עוף,גרמים,85.00,100 גרם,false,,3.90,0.0459,true,1,2289078
7613036976695,false,פריסקיז - פאוץ בקר ברוטב 85 גרם,קבוצת אוסם סחר שותפות מוגבלת,,פריסקיז פאוצ' בקר,גרמים,85.00,100 גרם,false,,3.90,0.0459,true,1,2289079
7613036976718,false,פריסקיז פאוצ' ברווז ברוטב 26*85גרם,קבוצת אוסם סחר שותפות מוגבלת,,פריסקיז פאוצ' ברווז,גרמים,85.00,100 גרם,false,,3.90,0.0459,true,1,2289084
7613036976732,false,פריסקיז פאוצ`סלמון ברוטב 85גר,קבוצת אוסם סחר-שות.מוגבלת,,פריסקיז פאוצ' סלמון,גרמים,85.00,100 גרם,false,,3.90,0.0459,true,1,2329341
7613037012095,false,פיטנס סופר גרנולה שוקולד קינואה ושקדים 300 גרם,קבוצת אסם סחר שות. מוגבלת,,פיטנס גרנולה שוקולד,גרמים,300.00,100 גרם,false,,12.90,0.0430,true,1,2238406
7613037012200,false,גרבר מחית תפוח גזר ומנגו 90 גרם פאוץ,קבוצת אוסם סחר שותפות מוגבלת,,גרבר מחית תפוח מנגו,גרמים,90.00,100 גרם,false,,6.50,0.0722,true,1,2281800
7613037204889,false,סטארבקס - פולי קפה אספרסו 450 גרם,קבוצת אוסם סחר-שות.מוגבלת,,סטארבקס פולי קפה בלו,גרמים,450.00,100 גרם,false,,49.90,0.1109,true,1,2350663
7613037276091,false,נסטלה מיקס מיני אריזות דגני בוקר 200 גרם,קבוצת אוסם סחר שותפות מוגבלת,,דגני בוקר מיקס מיני,גרמים,200.00,100 גרם,false,,16.90,0.0845,true,1,2262416
7613037686906,false,פיטנס שקדים ודבש 355 גרם מופחת סוכר,קבוצת אוסם סחר שותפות מוגבלת,,דגני בוקר פיטנס שקדי,גרמים,355.00,100 גרם,false,,19.90,0.0561,true,1,2281802
7613037687132,false,דגני בוקר פיטנס שקדים ודבש 585 גרם,קבוצת אוסם סחר שותפות מוגבלת,,דגני בוקר שקדים 585,גרמים,585.00,100 גרם,false,,26.90,0.0460,true,1,2281803
7613037811629,false,קורנפלקס גו פרי ללא גלוטן 500 גר`,קבוצת אוסם סחר שותפות מוגבלת,,קורנפלקס גו פרי 500,גרמים,500.00,100 גרם,false,,14.90,0.0298,true,1,2290935
7613038268262,false,דגני בוקר צ'יריוס דבש ושקדים במתיקות מעודנת,קבוצת אוסם סחר שותפות מוגבלת,,דגני בוקר האני ציריו,גרמים,410.00,100 גרם,false,,19.90,0.0485,true,1,2285689
7613039547731,false,גרבר מחית תפוח עץ ומשמש 90 גרם פאוץ,קבוצת אוסם סחר שותפות מוגבלת,,גרבר מחית תפוח משמש,גרמים,90.00,100 גרם,false,,5.90,0.0656,true,1,2319726
7613039547922,false,גרבר מחית אגס תפוח ובננה 90 גרם פאוץ,קבוצת אוסם סחר-שות.מוגבלת,,גרבר מחית תפוח בננה,גרמים,90.00,100 גרם,false,,5.90,0.0656,true,1,2319727
7613039770450,false,טבעול סנסשיונל בורגר צמחוני 226 גרם,קבוצת אוסם סחר שותפות מוגבלת,,טבעול סנסשיונל בורגר,גרמים,226.00,100 גרם,false,,34.90,0.1544,true,1,2320994
7613039771174,false,טבעול סנסשיונל מינס טחון צמחוני 400 גרם,קבוצת אוסם סחר שותפות מוגבלת,,טבעול סנסשיונל מינס,גרמים,400.00,100 גרם,false,,34.90,0.0872,true,1,2320995
7613039879382,false,מחית תפוח עץ 190 גר` גרבר כשר לפסח,קבוצת אוסם סחר שותפות מוגבלת,,גרבר מחית תפוחי עץ,גרמים,190.00,100 גרם,false,,6.50,0.0342,true,1,2335506
7613039880807,false,גרבר מחית תפוח וגזר 190 גרם,קבוצת אוסם סחר שותפות מוגבלת,,גרבר מחית תפוח גזר,גרמים,190.00,100 גרם,false,,6.50,0.0342,true,1,2332048
7613039881521,false,גרבר מחית מרק מנגו 190 גרם,קבוצת אוסם סחר שותפות מוגבלת,,גרבר מחית מנגו,גרמים,190.00,100 גרם,false,,6.50,0.0342,true,1,2332049
7613039881965,false,גרבר מחית גזר תפוח ומנגו 190 גרם,קבוצת אוסם סחר שותפות מוגבלת,,גרבר מחית גזר תפוח מ,גרמים,190.00,100 גרם,false,,6.50,0.0342,true,1,2332050
7613287008497,false,סטארבקס - פולי קפה פייק פלייס 450 גרם,קבוצת אוסם סחר-שות.מוגבלת,,סטארבקס פולי קפה פיי,גרמים,450.00,100 גרם,false,,49.90,0.1109,true,1,2350664
7613287121783,false,סמארטיס מיני 16*187 גרם,קבוצת אוסם סחר שותפות מוגבלת,,חטיף סמרטיס מיני מאר,גרמים,187.00,100 גרם,false,,12.90,0.0690,true,1,2358411
7613287155832,false,מחית תפוח פאוץ 90 גר`גרבר כשלפ,קבוצת אוסם סחר שותפות מוגבלת,,גרבר מחית תפוח פאוץ,גרמים,90.00,100 גרם,false,,6.50,0.0722,true,1,2350195
7613287155863,false,מחית אגס פאוץ 90 גר`גרבר כשלפ,קבוצת אוסם סחר שותפות מוגבלת,,גרבר מחית אגס פאוץ,גרמים,90.00,100 גרם,false,,5.90,0.0656,true,1,2335513
7613287155894,false,"גרבר מחית אפרסק פאוץ כשל""פ 90 גרם",קבוצת אוסם סחר שותפות מוגבלת,,גרבר מחית אפרסק פאוץ,גרמים,90.00,100 גרם,false,,6.50,0.0722,true,1,2345027
7613287155924,false,מטרנה מחית תפוח וגזר פאוץ' 90 גר',קבוצת אוסם סחר-שות.מוגבלת,,גרבר מחית תפוח גזר פ,גרמים,90.00,100 גרם,false,,5.90,0.0656,true,1,2335514
7613287162281,false,קפסולות קפה אספרסו גרנדה אינטנסו דולצ'ה גוסטו 144 ג',קבוצת אוסם סחר שותפות מוגבלת,,נסקפה דולצה גוסטו גר,גרמים,144.00,100 גרם,false,,28.90,0.2007,true,1,2357744
7613287181411,false,ויטמינציק מחית סלט פירות 110 גרם,קבוצת אוסם סחר שותפות מוגבלת,,ויטמינצ'יק פרי סלט פ,גרמים,110.00,100 גרם,false,,6.90,0.0627,true,1,2367469
7613287182326,false,ויטמינציק מחית בננה תפוח 110 גרם,קבוצת אוסם סחר-שות.מוגבלת,,ויטמינצ'יק פרי בננה,גרמים,110.00,100 גרם,false,,6.90,0.0627,true,1,2367470
7613287182425,false,ויטמינציק מחית תפוח בננה ותות 110 גרם,קבוצת אוסם סחר שותפות מוגבלת,,ויטמינצ'יק פרי תפוח,גרמים,110.00,100 גרם,false,,6.90,0.0627,true,1,2367472
7613287182456,false,ויטמינציק מחית אגס בננה תפוח 110 גרם,קבוצת אוסם סחר שותפות מוגבלת,,ויטמינצ'יק פרי אגס ת,גרמים,110.00,100 גרם,false,,6.90,0.0627,true,1,2367473
7613287186928,false,קפסולות קפה סומטרה (10 יח) סטארבקס (56 ג,קבוצת אוסם סחר שותפות מוגבלת,,סטארבקס קפסולות ברקפ,גרמים,56.00,100 גרם,false,,21.90,0.3911,true,1,2367835
7613287302373,false,סטארבקס קפסולות איטליאן סטייל רוסט 56 גרם,קבוצת אוסם סחר שותפות מוגבלת,,סטארבקס איטלאן סטייל,גרמים,55.00,100 גרם,false,,21.90,0.3982,true,1,2347885
7613287325808,false,אוסם - דיפ אנד ספרד מטבל איולי שום 295 גרם,קבוצת אוסם סחר שותפות מוגבלת,,רוטב איולי שום 295 מ,מיליליטרים,295.00,"100 מ""ל",false,,13.90,0.0471,true,1,2369984
7613287325822,false,אוסם - דיפ אנד ספרד מטבל מיקס 295 גרם,קבוצת אוסם סחר שותפות מוגבלת,,"רוטב מיקס 295 מ""ל",מיליליטרים,295.00,"100 מ""ל",false,,13.90,0.0471,true,1,2369985
7613287325853,false,אוסם - דיפ אנד ספרד מטבל איולי ספייסי 295 גרם,קבוצת אוסם סחר שותפות מוגבלת,,רוטב ספייסי איולי שו,מיליליטרים,295.00,"100 מ""ל",false,,13.90,0.0471,true,1,2369986
7613287325952,false,אוסם - דיפ אנד ספרד מטבל ברבקיו 345 גרם,קבוצת אוסם סחר שותפות מוגבלת,,רוטב ברביקיו לחיץ,מיליליטרים,345.00,"100 מ""ל",false,,13.90,0.0403,true,1,2369987
7613287325983,false,אוסם - דיפ אנד ספרד מטבל סלסה 335 גרם,קבוצת אוסם סחר שותפות מוגבלת,,רוטב סלסה לחיץ,מיליליטרים,335.00,"100 מ""ל",false,,13.90,0.0415,true,1,2369988
7613287394323,false,דגני בוקר מולטי צ'יריוס 600 גרם,קבוצת אוסם סחר שותפות מוגבלת,,דגני בוקר מולטי צ'רי,גרמים,600.00,100 גרם,false,,22.90,0.0382,true,1,2347875
7613287476494,false,אוסם - דיפ אנד ספרד מיונז בסגנון צרפתי 280 גרם,קבוצת אוסם סחר שותפות מוגבלת,,מיונז לחיץ,מיליליטרים,280.00,"100 מ""ל",false,,13.90,0.0496,true,1,2369989
7613287476678,false,דגני בוקר סינימיניס צ'ורוס נסטלה 360 ג',קבוצת אוסם סחר שותפות מוגבלת,,דגני בוקר סינימיניס,גרמים,360.00,100 גרם,false,,24.90,0.0692,true,1,2367759
7613287821348,false,נתחוני עוף טבעוני סנסשיונל טבעול 350 גרם,קבוצת אוסם סחר-שות.מוגבלת,,נתחוני עוף טבעוני טב,גרמים,350.00,100 גרם,false,,34.90,0.0997,true,1,2369895
7613287855640,false,סטארבקס קפסולות קפה גוואטמלה 10 יחידות,קבוצת אוסם סחר שותפות מוגבלת,,סטארבקס קפסולות גווא,גרמים,57.00,100 גרם,false,,21.90,0.3842,true,1,2415244
7622010001858,false,עוגיות אוראו ממולאות קרם וניל 176 גרם.,דיפלומט מפיצים (1968) בעמ**,,עוגיות אוראו 176 גרם,גרמים,176.00,100 גרם,false,,8.90,0.0506,true,1,1409453
7622201050757,false,מילקה שוקולד חלב במילוי קרם קרמל 100 ג,דיפלומט מפיצים (1968) בעמ**,,מילקה שוקולד קרמל 90,גרמים,90.00,100 גרם,false,,5.90,0.0656,true,1,1306965
7622201137052,false,אוראו מיני קוקיס - עוגיות שוקולד צ'יפס ותחתית מצופה שוקולד חלב,דיפלומט מפיצים (1968) בעמ**,,מילקה מיני קוקיז 110,גרמים,110.00,100 גרם,false,,8.90,0.0809,true,1,2357265
7622201139278,false,גבינת פילדלפיה שמנת 150 גר`% (27 שומן),מיודלז אספניה פרודוק,,גבינת פילדלפיה שמנה,גרמים,150.00,100 גרם,false,,12.90,0.0860,true,1,2289493
7622201401900,false,עוגיות סנסיישן אוראו מילקה 156 גרם,דיפלומט מפיצים (1968) בעמ**,,עוגיות מילקה סנסיישן,גרמים,156.00,100 גרם,false,,12.90,0.0827,true,1,2325982
7622201521493,false,גבינת פילדלפיה שום ועשבי תיבול 150 גר` (,מיודלז אספניה פרודוק,,גבינת פילדלפיה שום ו,גרמים,150.00,100 גרם,false,,12.90,0.0860,true,1,2407288
7622201798154,false,גבינת שמנת לייט מופחתת שומן 13% שומן,מיודלז אספניה פרודוק,,גבינת פילדלפיה לייט,גרמים,150.00,100 גרם,false,,12.90,0.0860,true,1,2369694
7622201801809,false,מילקה שוקולד חלב עם אגוזים 100 גרם חדש,מנדלז דויצ'\לנד סנקס פרו,,מילקה שוקולד אגוזים,גרמים,100.00,100 גרם,false,,5.90,0.0590,true,1,2363814
7622201802394,false,שוקולד מילקה חלב מסרונים 100 גרם,מנדלז דויצ'\לנד סנקס פרו,,מילקה שוקולד חלב 100,גרמים,100.00,100 גרם,false,,5.90,0.0590,true,1,2363816
7622201808631,false,אוראו מיני עוגיות ממולאות קרם וניל 67גרם,דיפלומט מפיצים (1968) בעמ**,,עוגיות אוראו מיני כו,גרמים,67.00,100 גרם,false,,7.90,0.1179,true,1,2363817
7622201813390,false,עוגיות מילקה וואפל במילוי קרם קקאו 150 ג,דיפלומט מפיצים (1968) בעמ**,,מילקה וופל במילוי קר,גרמים,150.00,100 גרם,false,,12.90,0.0860,true,1,2352355
7622201819170,false,שוקולד מילקה דרק שקדים 85 גרם.,דיפלומט מפיצים (1968) בעמ**,,מילקה דארק שקדים 85,גרמים,85.00,100 גרם,false,,5.90,0.0694,true,1,2377236
7622201819408,false,שוקולד מילקה דרק קרמל 85 גרם.,מונדלז דויטשלנד סנאק,,מילקה דארק קרמל 85 ג,גרמים,85.00,100 גרם,false,,5.90,0.0694,true,1,2377237
7622210078131,false,שוקולד חלב עם שבבי קרמל מילקה דיים 100 גרם,מנדלז דויצ'\לנד סנקס פרו,,מילקה שוקולד 100 גרם,גרמים,100.00,100 גרם,false,,5.90,0.0590,true,1,1667588
7622210117762,false,"קוטדור בונבונירה בושה, 200 גרם כשל""פ",דיפלומט מפיצים {1968}בעמ,,שוקולד קוטדור בושה 2,גרמים,200.00,100 גרם,false,,14.90,0.0745,true,1,1860048
7622210137234,false,אוראו עוגיות עם דאבל קרם בטעם וניל 170ג,דיפלומט מפיצים (1968) בעמ**,,עוגיות אוראו דאבל קר,גרמים,170.00,100 גרם,false,,7.90,0.0465,true,1,1460440
7622210163899,false,שוקולד חלב במילוי סוכריות עדשים,דיפלומט מפיצים (1968) בעמ**,,מילקה שוקולד 100 גרם,גרמים,100.00,100 גרם,false,,5.90,0.0590,true,1,1940359
7622210453327,false,עוגיות שוקוצ'יפס במילוי שוקולד סנסיישן,דיפלומט מפיצים (1968) בעמ**,,עוגיות מילקה סנסיישן,גרמים,150.00,100 גרם,false,,12.90,0.0860,true,1,1820812
7622210597915,false,פרלינים לבבות שוקולד חלב ממולא קרם נוגט,דיפלומט מפיצים {1968}בעמ,,מילקה לבבות פרלינים,גרמים,110.00,100 גרם,false,,12.90,0.1173,true,1,2315421
7622210635105,false,עוגיות אוראו במילוי תות 154 גרם,דיפלומט מפיצים (1968) בעמ**,,עוגיות אוראו תות 154,גרמים,154.00,100 גרם,false,,8.90,0.0578,true,1,2266962
7622210637994,false,מיני עוגיות אוראו קראנצ'י בייטס אורגינל,דיפלומט מפיצים (1968) בעמ**,,עוגיות אוראו ביס קרא,גרמים,110.00,100 גרם,false,,7.90,0.0718,true,1,2325983
7622210638021,false,מיני עוגיות אוראו קראנצ'י בייטס מצופים,דיפלומט מפיצים (1968) בעמ**,,עוגיות אוראו ביס קרא,גרמים,110.00,100 גרם,false,,7.90,0.0718,true,1,2325984
7622210826053,false,מילקה שוקולד אוראו סנדוויץ 100 גרם,דיפלומט מפיצים (1968) בעמ**,,שוקולד מילקה אוראו ס,גרמים,96.00,100 גרם,false,,5.90,0.0615,true,1,2328876
7622210835338,false,אוראו עוגיות ממולאות טעם בראוניז 176 גרם,דיפלומט מפיצים (1968) בעמ**,,עוגיות אוראו בראוניז,גרמים,176.00,100 גרם,false,,8.90,0.0506,true,1,1940361
7622300270506,false,מילקה גריינס - עוגיות שיבולת שועל מצופות שוקולד 168 ג',דיפלומט מפיצים (1968) בעמ**,,עוגיות מילקה שיבולת,גרמים,168.00,100 גרם,false,,12.90,0.0768,true,1,1306970
7622300489427,false,עוגיות אוראו בציפוי בטעם שוקולד לבן 246 גרם,דיפלומט מפיצים (1968) בעמ**,,עוגיות אוראו בציפוי,גרמים,246.00,100 גרם,false,,18.90,0.0768,true,1,1906542
7622300489434,false,"עוגיות אוראו פאדג' בציפוי שוקולד חלב, 246 גרם",דיפלומט מפיצים (1968) בעמ**,,עוגיות אוראו בציפוי,גרמים,246.00,100 גרם,false,,18.90,0.0768,true,1,1906543
7622300495046,false,מילקה שוקולד חלב עם אקסטרה קקאו 100 גרם,מנדלז דויצ'\לנד סנקס פרו,,מילקה אקסטרה קקאו 10,גרמים,100.00,100 גרם,false,,5.90,0.0590,true,1,1306974
7622300503079,false,עוגיות ביסקוויט מצופה שוקולד חלב מילקה 200 גרם,דיפלומט מפיצים (1968) בעמ**,,עוגיות מילקה ביסקווי,גרמים,200.00,100 גרם,false,,12.90,0.0645,true,1,1306976
7622300617820,false,מילקה שוקולד חלב במילוי קרם חלב ווניל ושבבי עוגיות אוראו 100 גרם,מנדלז דויצ'\לנד סנקס פרו,,מילקה אוראו 100 גרם,גרמים,100.00,100 גרם,false,,5.90,0.0590,true,1,1306977
7622300761363,false,עוגיות מיני אוראו במילוי קרם בטעם שוקולד בכוס,דיפלומט מפיצים (1968) בעמ**,,עוגיות אוראו מיני כו,גרמים,67.00,100 גרם,false,,7.90,0.1179,true,1,1734622
7622400005190,false,שוקולד חלב נגיעות שוקולד לבן מילקה 100 ג,מנדלז דויצ'\לנד סנקס פרו,,מילקה שוקולד 100 גרם,גרמים,100.00,100 גרם,false,,5.90,0.0590,true,1,1306983
7622400006753,false,שוקולד קוטדור 70% קקאו 100 גרם,מונדלייז,,שוקולד קוטדור מריר 1,גרמים,100.00,100 גרם,false,,12.90,0.1290,true,1,1306984
7622400013423,false,קוטדור- שוקולד מריר 86% קקאו 100 גר,דיפלומט מפיצים (1968) בעמ**,,שוקולד קוטדור מריר 1,גרמים,100.00,100 גרם,false,,12.90,0.1290,true,1,1306986
7630311507016,false,קפסולות קפה סטארבקס סאני דיי 12*57גר`,קבוצת אוסם סחר שותפות מוגבלת,,סטארבקס קפסולות סאני,גרמים,57.00,100 גרם,false,,21.90,0.3842,true,1,2395990
7630477891615,false,סטארבקס קפסולות קפה סומטרה 10 יחידות,קבוצת אוסם סחר שותפות מוגבלת,,סטארבקס קפסולות סומט,גרמים,57.00,100 גרם,false,,21.90,0.3842,true,1,2318985
7630477891639,false,קפסולות קפה סומטרה (10 יח) סטארבקס ( 55,קבוצת אוסם סחר שותפות מוגבלת,,סטארבקס קפסולות ורונ,גרמים,57.00,100 גרם,false,,21.90,0.3842,true,1,2318986
7630477891653,false,סטארבקס קפסולות קפה אספרסו נטול 10 יחידו,קבוצת אוסם סחר שותפות מוגבלת,,סטארבקס קפסולות נטול,גרמים,57.00,100 גרם,false,,21.90,0.3842,true,1,2318987
7630477891677,false,סטארבקס קפסולות קפה פייק פלייס 10 יחידות,קבוצת אוסם סחר שותפות מוגבלת,,סטארבקס קפסולות פייק,גרמים,57.00,100 גרם,false,,21.90,0.3842,true,1,2318988
7630477891691,false,קפסולות קפה קולומביה (10 יח) סטארבקס ( 5,קבוצת אוסם סחר שותפות מוגבלת,,סטארבקס קפסולות קולמ,גרמים,57.00,100 גרם,false,,21.90,0.3842,true,1,2318989
7630477891714,false,סטארבקס קפסולות קפה אספרסו 10 יחידות,קבוצת אוסם סחר שותפות מוגבלת,,סטארבקס קפסולות אספר,גרמים,57.00,100 גרם,false,,21.90,0.3842,true,1,2318990
7630477891738,false,סטארבקס קפסולות קפה אספרסו בלונד 10 יחיד,קבוצת אוסם סחר שותפות מוגבלת,,סטארבקס קפסולות אספר,גרמים,57.00,100 גרם,false,,21.90,0.3842,true,1,2318991
7638900083071,false,סוללות אלקליין למחשבונים A76 1.5V זוג,דנאגיס בעמ,,"סוללות אנרג""יזר A76",יח',2.00,יח',false,,14.90,7.4500,true,1,2145585
7638900248333,false,סוללות2025 אנרג'ייזר זוג,אנרג'יזר Energizer,,"סוללות אנרג""יזר 2025",יח',2.00,יח',false,,19.90,9.9500,true,1,2145586
7638900248357,false,סוללות אנרג`ייזר ליתיום 2032 זוג ריפרש,דנשר (1963) בעמ,,"סוללות אנרג""יזר 2032",יח',2.00,יח',false,,19.90,9.9500,true,1,2145587
7638900295641,false,זוג סוללות אנרגייזר A23,אנרג'ייזר,,"סוללות אנרג""יזר A23",יח',2.00,יח',false,,19.90,9.9500,true,1,2145588
7638900426663,false,9 V סוללות אנרג`יזר ריפרש,דנשר (1963) בעמ,,סוללה 9V אנרג'ייזר,יח',1.00,יח',false,,22.90,22.9000,true,1,2285082
7640175743451,false,משקה כוהלי על בסיס גין בומביי ספייר 250מ,בומביי ספיריטס,,פחית ברקדי מוחיטו,מיליליטרים,250.00,"100 מ""ל",false,,12.90,0.0516,true,1,2364676
7702018016808,false,ג'ילט ונוס ריווירה 2 סכיני גילוח חד פעמי,דיפלומט מפיצים 1968 בעמ,PL,ונוס ריווירה - סכין  חד,יחידה,0.00,יחידה,false,,19.90,0.0000,true,1,1307670
7702018072804,false,4סכיני גילוח ונוס פרוסקי,פרוקטר אנד גמבל,PL,סכיני ונוס פרוסקין רביעיה,10 יחידה,4.00,10 יחידה,false,,54.90,13.7250,true,1,1307681
7702018263783,false,סכיני גילוח מאך 3 ג'ילט 8 יחידות,דיפלומט מפיצים (1968) בעמ,,מאך 3 שמינייה,יח',8.00,יח',false,,69.90,8.7375,true,1,2077911
7702018263844,false,גילט 4 סכיני פיוזן פרוגלייד ידני,דיפלומט מפיצים 1968 בעמ,,4 סכיני גילוח פיוזן,יח',4.00,יח',false,,79.90,19.9750,true,1,1307689
7702018263875,false,8 סכיני פיוזן פרוגליד פלקסבול ידני,דיפלומט,,8 סכיני גילוח פיוזן,יח',8.00,יח',false,,139.90,17.4875,true,1,1307690
7702018263905,false,4 סכיני פיוזן פרוגליד פלקסבול פאוור,פרוקטר & גמבל,,4 סכיני גילוח פיוזן,יח',4.00,יח',false,,99.90,24.9750,true,1,1307691
7702018263936,false,8 סכיני פיוזן פרוגליד פלקסבול פאוור,דיפלומט מפיצים (1968) בעמ,,8 סכיני גילוח פיוזן,יח',8.00,יח',false,,169.90,21.2375,true,1,1307692
7702018271788,false,"דאודורנט קליר ג'ילט בניחוח ספורט 70 מ""ל",פארמה דיל (פ.א.ב.) שיווק והפצה,CZ,70 מל Sport דאו קליר ג'ל,מיליליטרים,70.00,"100 מ""ל",false,,18.90,0.2700,true,1,1307698
7702018321520,false,דאודורנט סטיק לגבר Pro G Arctic ice,דיפלומט מפיצים (1968) בעמ,US,דאו סטיק מתקדם 45 מל AI,גרמים,45.00,100 גרם,false,,19.90,0.4422,true,1,1307709
7702018321582,false,דאודורנט סטיק מתקדם ג`ילט (45 מל),דיפלומט מפיצים (1968) בעמ,US,דאו סטיק מתקדם 45 מל CW,גרמים,45.00,100 גרם,false,,19.90,0.4422,true,1,1307710
7702018347629,false,ונוס אקסטרה סמוט סכיני גילוח רביעייה,ג'ילט ונוס Gillette Venus,,גילט רביעיית ונוס אמ,יח',4.00,יח',false,,54.90,13.7250,true,1,2312232
7702018355518,false,גילט מכשיר פלקסבול פרוגלייד,פרוקטר אנד גמבל,,מכשיר גילוח פרוגלייד,יח',1.00,יח',false,,39.90,39.9000,true,1,1307715
7702018401055,false,מכשיר גילוח ג'ילט ונוס סווירל Extra Smooth,דיפלומט מפיצים (1968) בעמ,,מכשיר גילוח לנשים ונ,יח',1.00,יח',false,,39.90,39.9000,true,1,2253888
7702018421237,false,מארז פרוגלייד פלקסבול ג'ילט ידית + 7 סכינים,פרוקטר & גמבל,,מכשיר גילוח + 7 סכינ,יח',7.00,יח',false,,82.90,11.8429,true,1,1409846
7702018435456,false,מכשיר+2 סכינים,,,מכשיר+2 סכינים,יחידה,0.00,יחידה,false,,49.90,0.0000,true,1,1999740
7702018458110,false,מכשיר גילוח פיוזן ידני +2 סכינים,דיפלומט מפיצים (1986) בע`מ,,מכשיר גילוח ג'ילט פי,יח',1.00,יח',false,,49.90,49.9000,true,1,1940319
7702018464753,false,"גל גילוח גילט פיוזן לעור רגיש 200 מ""ל",דיפלומט מפיצים 1968 בעמ,,ג'ל גילוח ג'ילט פיוז,מיליליטרים,200.00,"100 מ""ל",false,,19.90,0.0995,true,1,2247455
7702018468447,false,גילט בלו 2 פלוס סכינים חד פעמיים עשירייה,דיפלומט מפיצים (1968) בעמ,,סכיני גילוח אולטרה ג,יח',10.00,יח',false,,24.90,2.4900,true,1,2253889
7702018484522,false,מכשיר גילוח גילט ונוס פלטינום,פרוקטר & גמבל,,גילט ונוס מכשיר פלטי,יחידה,0.00,יחידה,false,,39.90,0.0000,true,1,2310728
7702018493647,false,גילט גל גילוח סקינגארד לעור רגיש 200 מל,פרוקטר & גמבל,,ג'ל גילוח ג'ילט סקינ,מיליליטרים,200.00,"100 מ""ל",false,,19.90,0.0995,true,1,2279031
7702018497447,false,סכיני גילוח ונוס סנסיטיב אקסטרה סמוט - 4 יח',ג'ילט ונוס Gillette Venus,,רביעיית סכיני ונוס ס,יח',4.00,יח',false,,54.90,13.7250,true,1,2312233
7702018498567,false,מארז ידית + 5 סכיני גילוח לעור רגיש סקינגארד,פרוקטר & גמבל,,גילט מארז ידית ו-5 ס,יח',5.00,יח',false,,82.90,16.5800,true,1,2266970
7702018514472,false,גילט מאך 3 טורבו מכשיר גילוח,פרוקטר אנד גמבל,,מכשיר מאך 3 טורבו,יח',1.00,יח',false,,42.90,42.9000,true,1,2312234
7702018539468,false,גילט ונוס תות- ידית ושלושה סכינים 5להבים מארז,דיפלומט מפיצים (1968) בעמ,,ג'ילט מארז ונוס תות,יח',3.00,יח',false,,41.90,13.9667,true,1,2360101
7702018610280,false,גילט מארז פרוגלייד מכשיר+4 סכינים,דיפלומט מפיצים (1986) בע`מ,,גילט פרוגלייד ידית+4,יח',5.00,יח',false,,82.90,16.5800,true,1,2415621
7702018852444,false,גילט פיוזן פאוור 5 מכשיר גילוח+1 סכין,דיפלומט מפיצים (1968) בעמ,,מכשיר גילוח ג'ילט פי,יח',1.00,יח',false,,49.90,49.9000,true,1,1307724
7702018866946,false,מכשיר גילוח פיוז'ן ידני,פרוקטר & גמבל,,מכשיר גילוח ג'ילט פי,יח',1.00,יח',false,,49.90,49.9000,true,1,2415806
7702018866984,false,גילט פיוזן ידני סכיני גילוח 4 יחידות,תות ממתקי איכות,PL,4 סכיני גילוח פיוז'ן ידני,יח',4.00,יח',false,,69.90,17.4750,true,1,1307725
7702018978106,false,"ג'ילט - דאודורנט ג'ל לגבר ארטיק אייס 70 מ""ל",פארמה דיל (פ.א.ב.) שיווק והפצה,CZ,דאודורנט קליר ג'ל AI,מיליליטרים,70.00,"100 מ""ל",false,,18.90,0.2700,true,1,1307737
7702018978120,false,"ג'ילט - דאודורנט ג'ל לגבר קול וייב 70 מ""ל",פארמה דיל (פ.א.ב.) שיווק והפצה,CZ,דאודורנט קליר ג'ל CW,מיליליטרים,70.00,"100 מ""ל",false,,18.90,0.2700,true,1,1307738
7702018980833,false,"ג'ילט ג'ל גילוח סירייס מועשר בלחות - 200 מ""ל",פרוקטר אנד גמבל,,ג'ל גילוח ג'ילט סירי,מיליליטרים,200.00,"100 מ""ל",false,,17.90,0.0895,true,1,1472361
7702018980864,false,קצף גילוח סירייס רגיש גילט 250 מל,דיפלומט מפיצים (1968) בעמ,,סירייס קצף גילוח 250,מיליליטרים,250.00,"100 מ""ל",false,,19.90,0.0796,true,1,1472362
7702024074625,false,פיטנס - חטיפי קרקר חיטה מלאה 234 גרם,קבוצת אוסם סחר שותפות מוגבלת,,חטיפי קרקר חיטה מלאה,גרמים,234.00,100 גרם,false,,10.90,0.0466,true,1,2012814
7702024258322,false,"חטיפי קרקר עם חיטה מלאה, צ'יה וזרעי פשתן פיטנס",קבוצת אוסם סחר שותפות מוגבלת,,חטיפי קרקר צ'יה ופשת,גרמים,234.00,100 גרם,false,,10.90,0.0466,true,1,2319712
7702174066631,false,לקקן יוגטה פין פופ במילוי מסטיק 170 גר,קומסטיבלס לה רוזה אס.איי,,סוכריות לקקן יוגטה-פ,גרמים,216.00,100 גרם,false,,10.90,0.0505,true,1,1326576
7702174068826,false,יוגטה מבחר סוכריות לקקן קשות ממולאות טופי בטעמי יוגורט ופירות 204 גרם,הדקלאים אגודת שיתופי,,סוכריות לקקן יוגטה-פ,גרמים,216.00,100 גרם,false,,10.90,0.0505,true,1,1326580
7702174068833,false,יוגטה סוכריות קשות על מקל ממולאות טופי בטעמי גלידת פירות 12 יח' 204 גרם,הדקלאים אגודת שיתופי,,סוכריות לקקן יוגטה ע,גרמים,216.00,100 גרם,false,,10.90,0.0505,true,1,1326581
7702174070201,false,יוגטה לקקן בטעם מסטיק ממולא טופי בטעם תות 12 יח' 204 גרם,הדקלאים אגודת שיתופי,,סוכריות לקקן יוגטה-מ,גרמים,216.00,100 גרם,false,,10.90,0.0505,true,1,1326584
7702174073844,false,לקקן יוגטה פין פופ פירות 48 יח 672 גרם,הדקלאים אגודת שיתופי,,לקקן פין פופ 48 יח,100 יח',48.00,100 יח',false,,19.90,0.4146,true,1,1845482
7755663311446,false,נעלי נשים קיפי רוכסן,,,נעלי נשים קיפי רוכסן,יחידה,0.00,יחידה,false,,39.90,0.0000,true,1,2427516
7766554422134,false,נעלי נשים ניילון מבר,,,נעלי נשים ניילון מבר,יחידה,0.00,יחידה,false,,34.90,0.0000,true,1,2427522
7766554422141,false,נעלי נשים צמר נשים,,,נעלי נשים צמר נשים,יחידה,0.00,יחידה,false,,34.90,0.0000,true,1,2427523
7766554422202,false,נעלי נשים מוקסין יהל,,,נעלי נשים מוקסין יהל,יחידה,0.00,יחידה,false,,34.90,0.0000,true,1,2427529
7766554422219,false,נעלי נשים שפן,,,נעלי נשים שפן,יחידה,0.00,יחידה,false,,34.90,0.0000,true,1,2427530
7766554422332,false,נעלי גבר פליז,,,נעלי גבר פליז,יחידה,0.00,יחידה,false,,34.90,0.0000,true,1,2427539
7766554422349,false,נעלי גבר מוקסין,,,נעלי גבר מוקסין,יחידה,0.00,יחידה,false,,34.90,0.0000,true,1,2427540
7766554422547,false,סמיילי ילדות 30-35,,,סמיילי ילדות,יחידה,0.00,יחידה,false,,29.90,0.0000,true,1,2427547
7766554422561,false,דובי ילדות,,,דובי ילדות,יחידה,0.00,יחידה,false,,29.90,0.0000,true,1,2427549
7766554422578,false,קורדרוי בנים,,,קורדרוי בנים,יחידה,0.00,יחידה,false,,29.90,0.0000,true,1,2427550
7792860006218,false,סוכריות לקקן בייבי דול לריטייר (24 גרם),גוד פוד פרודקטס S.p,AR,בייבידול לקקן 24 גרם,גרמים,24.00,100 גרם,false,,2.00,0.0833,true,1,1319126
7804414000860,false,קברנה סוביניון דון חוליו (750 מל),צ'ילה לואיס פיליפה אדוארדס,,יין קברנה סובניון דו,מיליליטרים,750.00,"100 מ""ל",false,,29.90,0.0399,true,1,1333861
7804414000877,false,יין דון חוליו מרלו אדוארדס,צ'ילה לואיס פיליפה אדוארדס,,יין מרלו דון חוליו,מיליליטרים,750.00,"100 מ""ל",false,,29.90,0.0399,true,1,1333862
7804414000884,false,שרדונה BIN דון חוליו (750 מל),צ'ילה לואיס פיליפה אדוארדס,,יין שרדונה דון חוליו,מיליליטרים,750.00,"100 מ""ל",false,,29.90,0.0399,true,1,1333863
7804414001614,false,שיראז חצי יבש דון חוליו (750 מל),צ'ילה לואיס פיליפה אדוארדס,,יין שירז,מיליליטרים,750.00,"100 מ""ל",false,,29.90,0.0399,true,1,1333864
7804414001621,false,שיראז קאזה דה לואיג`י (750 מל),הכרם - משקאות חריפים בעמ,,יין שירז,מיליליטרים,750.00,"100 מ""ל",false,,24.90,0.0332,true,1,1333865
7804414012344,false,יין סוביניון בלאן 750 מל דון חוליו,הכרם - משקאות חריפים בעמ,,יין סוביניון בלאן דו,מיליליטרים,750.00,"100 מ""ל",false,,29.90,0.0399,true,1,1847209
7804414012351,false,יין מלבק 750 מל דון חוליו,הכרם - משקאות חריפים בעמ,,יין דון חוליו מלבק,מיליליטרים,750.00,"100 מ""ל",false,,29.90,0.0399,true,1,1847210
7804414012368,false,יין רוזה 750 מל דון חוליו,הכרם - משקאות חריפים בעמ,,יין דון חוליו רוזה,מיליליטרים,750.00,"100 מ""ל",false,,29.90,0.0399,true,1,1847211
7804414017110,false,"יין דון חוליו פינו נואר 750מ""ל.",הכרם משקאות חריפים בעמ,,יין דון חוליו פינו נ,מיליליטרים,750.00,"100 מ""ל",false,,29.90,0.0399,true,1,2291001
7804414017127,false,"יין שרדונה מונטסאנו 750מ""ל",הכרם משקאות חריפים בעמ,,יין שרדונה מונטסאנו,מיליליטרים,750.00,"100 מ""ל",false,,39.90,0.0532,true,1,2328759
7804414017134,false,יין קברנה סוביניון מ,מונטסאו,,יין קברנה סוביניון מ,מיליליטרים,750.00,"100 מ""ל",false,,39.90,0.0532,true,1,2328760
7804414017141,false,יין מרלו מונטסאו 750,מונטסאו,,יין מרלו מונטסאנו,מיליליטרים,750.00,"100 מ""ל",false,,39.90,0.0532,true,1,2328761
7874483931006,false,עציץ נוי פלסטיק 7/7/,,,עציץ נוי פלסטיק 7/7/,יחידה,0.00,יחידה,false,,16.90,0.0000,true,1,2385262
7874483931129,false,עציץ נוי פלסטיק 9/30,,,עציץ נוי פלסטיק 9/30,יחידה,0.00,יחידה,false,,24.90,0.0000,true,1,2396402
7874483931495,false,עציץ נוי פלסטיק 22/1,,,עציץ נוי פלסטיק 22/1,יחידה,0.00,יחידה,false,,29.90,0.0000,true,1,2396417
7874483931624,false,עציץ נוי פלסטיק 9/13,,,עציץ נוי פלסטיק 9/13,יחידה,0.00,יחידה,false,,29.90,0.0000,true,1,2396423
7891024027998,false,קולגייט מי פה טוטאל הגנה מפני אבן 500 מל,קולגייט- פלמוליב,,מי פה קולגייט טוטאל,מיליליטרים,500.00,"100 מ""ל",false,,29.90,0.0598,true,1,2414045
7891024030974,false,"קולגייט משחת שיניים טריפל אקשן 75 מ""ל",הנסיך- מפעל לייצור ט,,קולגייט טריפל אקשן 7,גרמים,75.00,100 גרם,false,,6.90,0.0920,true,1,1480377
7891024124826,false,קולגייט משחת אופטיק ספרקלינג וייט 75מל,הנסיך- מפעל לייצור ט,BR,קולגייט משחת אופטיק וייט,מיליליטרים,75.00,"100 מ""ל",false,,19.90,0.2653,true,1,1339091
7891024130063,false,"קולגייט מי פה פלאקס ללא אלכוהול 500 מ""ל מהדרין",קולגייט- פלמוליב,BR,קולגייט מי פה פלאקס סופט,גרמים,500.00,100 גרם,false,,24.90,0.0498,true,1,1339093
7891024179482,false,"שטיפת פה קולגייט אופטיק וייט 500מ""ל",יבואן ומשווק: ש. שסט,BR,קולגייט שטיפת פה אופטיק ו,גרמים,500.00,100 גרם,false,,24.90,0.0498,true,1,1339096
8000040001106,false,קמפרי ביטר אפרטיף 700מל,החברה המרכזית להפצת משקאות-אלכ,,"קמפרי 700 מ""ל",מיליליטרים,700.00,"100 מ""ל",false,,69.90,0.0999,true,1,1352554
8000070003798,false,קפסולות אספרסו לוואצה דליסיוזו 8 16 יח,לאוג'י לוואצה אס.פי.אי,,מארז 16 קפסולות דליס,,120.00,100 1,false,,29.90,0.2492,true,1,2422665
8000070003811,false,קפסולות אספרסו לוואצה פסיונלה 11 16 יח,לואיג'י לוואצה,,מארז 16 קפסולות פסיו,,120.00,100 1,false,,29.90,0.2492,true,1,2422666
8000070003880,false,קפסולות קפה לוואצה קרמה דולצ'ה חוזק 6,לווצה טורינו,,מארז 16 קפסולות קרמה,גרמים,120.00,100 גרם,false,,29.90,0.2492,true,1,2422668
8000070012219,false,פולי קפה אורו זהב לוואצה 250 גר,לאוג'י לוואצה אס.פי.אי,,פולי קפה אורו לוואצה,גרמים,250.00,100 גרם,false,,39.90,0.1596,true,1,1342371
8000070012783,false,קפה לוואצה קלוי וטחון חוזק 5 אורו 250 גר,לאוג'י לוואצה אס.פי.אי,,קפה לוואצה אורו,גרמים,250.00,100 גרם,false,,38.90,0.1556,true,1,1342372
8000070027398,false,קרמה קלאסיקו פולי קפה 500 גר לוואזה,,,פולי קפה קרמה קלאסיק,גרמים,500.00,100 גרם,false,,64.90,0.1298,true,1,2414072
8000070035980,false,קפה לוואצה קלוי וטחון חוזק 5 רוסה 250 גר,לווצה טורינו,,קפה לוואצה רוסה,גרמים,250.00,100 גרם,false,,29.90,0.1196,true,1,1342381
8000070038868,false,קפה לוואצה קלוי וטחון חוזק 8 קלאסיקו 250 גר,לאוג'י לוואצה אס.פי.אי,,קפה לוואצה קרמה גוסט,גרמים,250.00,100 גרם,false,,29.90,0.1196,true,1,1342382
8000070053465,false,קפסולות לוואצה למכונת אספרסו חוזק 8,לאוג'י לוואצה אס.פי.אי,,מארז 10 קפסולות אורו,גרמים,55.00,100 גרם,false,,19.90,0.3618,true,1,2424216
8000070053472,false,קפסולות קרמה גוסטו קלאסיקו חוזק 12 57 ג' לוואצה,לאוג'י לוואצה אס.פי.אי,,מארז 10 קפסולות קרמה,,57.00,100 1,false,,19.90,0.3491,true,1,2424209
8000070053502,false,קפסולות קפה אספרסו ריקו נטול קפאין דרגת חוזק 7,לווצה טורינו,,מארז 10 קפסולות נטול,גרמים,58.00,100 גרם,false,,19.90,0.3431,true,1,2424217
8000070053526,false,קפסולות לוואצה למכונת אספרסו חוזק 10,לאוג'י לוואצה אס.פי.אי,,מארז 10 קפסולות רוסה,,57.00,100 1,false,,19.90,0.3491,true,1,2424218
8000070055254,false,לוואצה קרמה גוסטו פורטה מס' 13 קפסולות לקפה 55 גרם,ליימן שליסל בע`מ,,מארז 10 קפסולות קרמה,,55.00,100 1,false,,19.90,0.3618,true,1,2424210
8000070059832,false,קפסולות קרמה גוסטו ריקו חוזק 11 55 ג' לוואצה,לואיג'י לוואצה,,מארז 10 קפסולות קרמה,,55.00,100 1,false,,19.90,0.3618,true,1,2424211
8000070064553,false,קפסולות אספרסו לוואצה רוסה 10 16 יח,לווצה טורינו,,מארז 16 קפסולות רוסה,,120.00,100 1,false,,29.90,0.2492,true,1,2422669
8000070064577,false,קפסולות קפה לוואצה קוואליטה אורו חוזק 8,לואיג'י לוואצה,,מארז 16 קפסולות אורו,גרמים,120.00,100 גרם,false,,29.90,0.2492,true,1,2422670
8000113003402,false,"קמח תירס בוואקום 1 ק""ג",גורי מוצרי צריכה (1991) בעמ,IT,קמח תירס בווקום 1 קג,קילוגרמים,1.00,"ק""ג",false,,15.90,15.9000,true,1,1309255
8000193000452,false,"אורז ריזוטו ארבוריו 1 ק""ג (10)",,,ארבוריו ריזוטו אורז,קילוגרמים,1.00,"ק""ג",false,,19.90,19.9000,true,1,1352623
8000215204219,false,משקה אורז ביו אורגני ויטאריז 1 ליטר,בטר אנד דיפרנט,,משקה אורז אורגני 1 ל,ליטרים,1.00,ליטר,false,,13.90,13.9000,true,1,1469559
8000215204240,false,משקה אורז ושקדים ביו אורגני ויטאריז 1 לי,בטר אנד דיפרנט,,משקה אורז אורגני 1 ל,ליטרים,1.00,ליטר,false,,13.90,13.9000,true,1,1469463
8000215204264,false,ויטריז - משקה אורז אישי אישי 200 גר,בטר אנד דיפרנט,,משקה אורז אישי 200 מ,מיליליטרים,200.00,"100 מ""ל",false,,3.90,0.0195,true,1,1469368
8000215204271,false,ויטריז - משקה שקדים ואורז אישי 200 גר,"נטורפוד בע""מ",,משקה שקדים ואורז איש,מיליליטרים,200.00,"100 מ""ל",false,,4.90,0.0245,true,1,1469464
8000215204370,false,"ויטאריז לבישול תחליף שמנת צחית אורגנית 200 מ""ל",נטורפוד בעמ,,תחליף שמנת צמחי אורג,מיליליטרים,200.00,"100 מ""ל",false,,5.90,0.0295,true,1,1469466
8000215204387,false,"ויטאריז לבישול רוטב בשמל צמחי אורגני 500 מ""ל",נטורפוד בעמ,,רוטב בשמל צמחי אורגנ,מיליליטרים,500.00,"100 מ""ל",false,,13.90,0.0278,true,1,1953198
8000215204394,false,משקה אורז ואגוזי לוז ביו אורגני ויטאריז,בטר אנד דיפרנט,,משקה אגוזי לוז ואורז,ליטרים,1.00,ליטר,false,,16.90,16.9000,true,1,1469560
8000215204677,false,ויטריז - משקה שיבולת שועל בריסטה אורגני,בטר אנד דיפרנט,,משקה שיבולת שועל ויט,ליטרים,1.00,ליטר,false,,13.90,13.9000,true,1,2386899
8000215204714,false,משקה שיבולת שועל אורגני פרימונה 1 ליטר,בטר אנד דיפרנט,,משקה שיבולת שועל אור,ליטרים,1.00,ליטר,false,,14.90,14.9000,true,1,1469512
8000320010088,false,"רוטב עגבניות במרקם גס 680 מ""ל MUTTI",דיפלומט מפיצים (1968) בעמ**,,רוטב עגבניות פסאטה צ,מיליליטרים,680.00,"100 מ""ל",false,,10.90,0.0160,true,1,1342384
8000320010095,false,"רוטב עגבניות במרקם עדין 700 מ""ל MUTTI",דיפלומט מפיצים (1968) בעמ**,,רוטב עגבניות פסאטה צ,מיליליטרים,700.00,"100 מ""ל",false,,10.90,0.0156,true,1,2423128
8000380003723,false,וופלים גרנד פטיסרי במילוי קרם אגוזים 100,קריניציה ויטמינה אס,IT,עוגיות גרנד פטיסרי 100 ג,גרמים,100.00,100 גרם,false,,9.90,0.0990,true,1,1326585
8000380003761,false,וופל גרנד פטיסרי שוקולד וקוקוס לואקר 100 גרם,קריניציה ויטמינה אס,IT,עוגיות גרנד פטיסרי 100 ג,גרמים,100.00,100 גרם,false,,9.90,0.0990,true,1,1326586
8000380004669,false,וופל לואקר סנדוויץ קוביות ושוקולד 200ג',"א. לואקר, קונפקט ג'י",AT,וופל קקאו 200 גרם,גרמים,200.00,100 גרם,false,,12.90,0.0645,true,1,1326588
8000380004676,false,קוביות וופל סנדוויץ Sandwich עם וניל וחלב,"א. לואקר, קונפקט ג'י",AT,וופל וניל 200 גרם,גרמים,200.00,100 גרם,false,,12.90,0.0645,true,1,1326589
8000380004881,false,וופל קוארדטיני לואקר קוביות טרמיסו 220ג',קריניציה ויטמינה אס,AT,וופל קואדרטיני טירמיסו 25,גרמים,220.00,100 גרם,false,,14.90,0.0677,true,1,1326590
8000380004911,false,קוביות וופל קואדרטיני Quadratini קרם אגוזים,קריניציה ויטמינה אס,AT,וופל קוארדטיני אגוז 250 ג,גרמים,250.00,100 גרם,false,,14.90,0.0596,true,1,1326591
8000380004942,false,וופל לואקר קוארדטיני קוביות ווניל 250ג',ליימן שליסל בע`מ,AT,קואדרטיני וניל 250 גר,גרמים,250.00,100 גרם,false,,14.90,0.0596,true,1,1326592
8000380004966,false,וופל קוארדטיני לואקר קוביות שוקולד 250ג',קריניציה ויטמינה אס,AT,וופל קוארדטיני קקאו 250 ג,גרמים,250.00,100 גרם,false,,14.90,0.0596,true,1,1326593
8000380005598,false,מארז וופל שוקולד טורטינה Tortina שוקולד מריר,א. לואקר אס. פי. אי-אי.,IT,טורטינה מריר 1/6 125 גר ל,גרמים,125.00,100 גרם,false,,16.90,0.1352,true,1,1326594
8000380007219,false,וופל לואקר ממולא קרם אגוזים 175 גרם,ליימן שליסל בע`מ,AT,וופל לואקר אגוז 175 גרם,גרמים,175.00,100 גרם,false,,10.90,0.0623,true,1,1326595
8000380007257,false,וופל גרדנה במילוי קרם אגוזים מצופה,קריניציה ויטמינה אס,,וופל גרדנה 200 גרם,גרמים,200.00,100 גרם,false,,14.90,0.0745,true,1,1326596
8000380007264,false,וופל לואקר ממולא קרם קקאו 175 גרם,קריניציה ויטמינה אס,AT,וופל לואקר קקאו 175 גרם,גרמים,175.00,100 גרם,false,,10.90,0.0623,true,1,1326597
8000380007271,false,וופל במילוי קרם חלב לואקר (175 גרם),ליימן שליסל בע`מ,AT,וופל לואקר חלב 175 גרם,גרמים,175.00,100 גרם,false,,10.90,0.0623,true,1,1326598
8000380106028,false,טורטינה לואקר וופל שוקולד ואגוזים שישיה 125ג',קריניציה ויטמינה אס,IT,טורטינה אורגינל 1/6 125 ג,גרמים,125.00,100 גרם,false,,16.90,0.1352,true,1,1326599
8000380142484,false,קוביות וופל קואדרטיני Quadratini בטעם שוקולד מריר,ליימן שליסל בע`מ,AT,קואדרטיני שוקולד מריר 250,גרמים,250.00,100 גרם,false,,14.90,0.0596,true,1,1326600
8000380144044,false,גרדנה וופל מצופה שוקולד חלב לואקר 200 גרם,ליימן שליסל בע`מ,IT,וופל גרדנה שוקולד 200 ג,גרמים,200.00,100 גרם,false,,14.90,0.0745,true,1,1326601
8000380152704,false,מארז חטיפי אצבעות גרדנה אגוז לואקר 125 גרם,ליימן שליסל בע`מ,IT,מארז חטיפי אצבעות גרנדה א,גרמים,125.00,100 גרם,false,,14.90,0.1192,true,1,1326606
8000380152728,false,מארז חטיפי אצבעות גרנדה שוקולד 125 גרם,ליימן שליסל בע`מ,IT,מארז חטיפי אצבעות גרנדה ש,גרמים,125.00,100 גרם,false,,14.90,0.1192,true,1,1326607
8000380153442,false,וופל קלאסיק בטעם אגוזים לואקר 90 גרם,ליימן שליסל,,וופל לואקר אגוז 90 ג,גרמים,90.00,100 גרם,false,,6.90,0.0767,true,1,1405655
8000380153466,false,וופל קלאסיק בטעם קקאו לואקר 90 גרם,קריניציה ויטמינה אס,,וופל לואקר שוקולד 90,גרמים,90.00,100 גרם,false,,6.90,0.0767,true,1,1405656
8000380153534,false,מארז וופל שוקולד טורטינה Tortina שוקולד לבן,א. לואקר אס. פי. אי-אי.,IT,טורטינה לבן 1/6 125 גר לו,גרמים,125.00,100 גרם,false,,16.90,0.1352,true,1,1326608
8000380156573,false,לואקר בונבוניירה ורד הדולמיטים 150 גרם,קריניציה ויטמינה אס,,שוקולד דולומיטים מגו,גרמים,150.00,100 גרם,false,,19.90,0.1327,true,1,1989323
8000380156825,false,שוקולד חלב במילוי קרם חלב וופל לואקר 87 גרם,ליימן שליסל בעמ,IT,שוקולד לואקר חלב 87 גרם,גרמים,87.00,100 גרם,false,,7.90,0.0908,true,1,1326610
8000380156849,false,שוקולד מריר במילוי קרם קקאו וופל לואקר 87 גרם,ליימן שליסל בעמ,IT,שוקולד לואקר מריר 87 גרם,גרמים,87.00,100 גרם,false,,7.90,0.0908,true,1,1326612
8000380156856,false,שוקולד לבן במילוי קרם חלב וופל לואקר 87 גרם,ליימן שליסל בע`מ,IT,שוקולד לואקר לבן 87 גרם,גרמים,87.00,100 גרם,false,,7.90,0.0908,true,1,1326613
8000380157570,false,וופלים לואקר קלאסיק אגוז 262.5 גר,ליימן שליסל בע`מ,,וופל לואקר אגוז,גרמים,262.00,100 גרם,false,,9.90,0.0378,true,1,1714086
8000380157587,false,וופלים לואקר קלאסיק קקאו 262.5 גר,ליימן שליסל בע`מ,,וופל לואקר קרם קקאו,גרמים,262.00,100 גרם,false,,9.90,0.0378,true,1,1714087
8000380180721,false,לואקר וופל קקאו במילוי קרם חלבי 175 גר,קריניציה ויטמינה אס,,וופל לואקר 175 גרם,גרמים,175.00,100 גרם,false,,10.90,0.0623,true,1,1409562
8000380180745,false,וופל קוביות קקאו במילוי קרם חלב לואקר 250 גרם,"א. לואקר, קונפקט ג'י",,וופל לואקר שוקו חלב,גרמים,250.00,100 גרם,false,,14.90,0.0596,true,1,1409563
8000380180837,false,וופל גרנד פטיסרי קוקוס לבן מצופה שוקולד לבן לואקר 100 גרם,ליימן שליסל בע`מ,,לואקר גרנד אגוזים 10,גרמים,100.00,100 גרם,false,,9.90,0.0990,true,1,1457376
8000380181032,false,"לואקר גרדנה חטיפי אצבעות אגוזים ושוקולד לבן, 125 גרם",ליימן שליסל בע`מ,,חטיפי שוקולד אגוז גר,גרמים,125.00,100 גרם,false,,14.90,0.1192,true,1,1457377
8000380187249,false,עוגיות עם מילוי קרם שקדים ושוקולד חלב,ליימן שליסל בע`מ,,עוגיות שקדים 100 גרם,גרמים,100.00,100 גרם,false,,14.90,0.1490,true,1,2332625
8000380187300,false,עוגיות חמאה עם שוקולד חלב לואקר 120 גר,ליימן שליסל בע`מ,,עוגיות פתיתי שלג 120,גרמים,120.00,100 גרם,false,,14.90,0.1242,true,1,2332626
8000380192151,false,טורטינה שישיה טריפל שוקולד מריר 125 גר`,א. לואקר אס. פי. אי-אי.,,שוקולד טורטינה 1/6 ט,גרמים,125.00,100 גרם,false,,16.90,0.1352,true,1,2395484
8000380192199,false,וופל בטעם דאבל שוקולד לואקר (175 גרם),ליימן שליסל בעמ,,וופל לואקר 175 גרם,גרמים,175.00,100 גרם,false,,10.90,0.0623,true,1,2198899
8000380192243,false,וופלים מלבנים פריכיים בטעם אגוז 200 גר`,ליימן שליסל בע`מ,,ופלים מלבנים פריכיים,גרמים,200.00,100 גרם,false,,12.90,0.0645,true,1,2382906
8000380192250,false,וופלים מלבנים פריכיים בטעם שוקולד 200 גר,ליימן שליסל בע`מ,,ופל שוקולד מקסי לואק,גרמים,200.00,100 גרם,false,,12.90,0.0645,true,1,2382920
8000380192588,false,וופלים קואדרטיני דאבל שוקולד לואקר 250 גרם,קריניציה ויטמינה אס,,וופל דאבל שוקולד ממו,גרמים,250.00,100 גרם,false,,14.90,0.0596,true,1,2201357
8000380198221,false,"וופל לואקר מקסי דאבל שוקולד 200 גרם בד""צ",ליימן שליסל בעמ,,וופל לואקר קקאו ממול,גרמים,200.00,100 גרם,false,,12.90,0.0645,true,1,2302826
8000380201396,false,שוקולד חלב ממולא קרם קרמל ועלי וופל פריכ,ליימן שליסל בע`מ,,קרמל טורטינה 1/6 שוק,גרמים,126.00,100 גרם,false,,16.90,0.1341,true,1,2339181
8000380205523,false,וופלים בטעם חמאת בוטנים לואקר 175 גרם,ליימן שליסל בעמ,,וופל לואקר 175 גרם,גרמים,175.00,100 גרם,false,,10.90,0.0623,true,1,2401715
8000380206896,false,וופל גרדנה במילוי חמאת בוטנים 200 גרם,ליימן שליסל בע`מ,,וופל גרדנה 200 גרם,גרמים,200.00,100 גרם,false,,14.90,0.0745,true,1,2401690
8000380207183,false,שוקולד לואקר טורטינה חמאת בוטנים 126 גר,ליימן שליסל בע`מ,,שוקולד טורטינה 1/6 ש,גרמים,126.00,100 גרם,false,,16.90,0.1341,true,1,2401716
8000392050074,false,כרית קרצוף מהפכנית מסיליקון,ד.ג.ש ייבוא ושיווק בעמ,,כרית קירצוף מסיליקון,יחידה,0.00,יחידה,false,,19.90,0.0000,true,1,2320342
8000500009673,false,בונבונרייה פררו רושר 300 גרם,פרימיום-חברה לדברי מתיקה ולמסח,,שוקולד פררו רושר 300,גרמים,300.00,100 גרם,false,,46.90,0.1563,true,1,1326614
8000500018828,false,שלישיית קינדר שוקולד חצי מטר 100 גרם,פרימיום-חברה לדברי מתיקה ולמסח,,שוקולד אצבעות קינדר,גרמים,300.00,100 גרם,false,,19.90,0.0663,true,1,1807062
8000500023624,false,חטיפי הפי היפו Happy Hippo במילוי קרם חלב וקקאו,פרימיום-חברה לדברי מתיקה ולמסח,,הפי היפו חמישייה,גרמים,103.50,100 גרם,false,,12.90,0.1246,true,1,1326615
8000500023976,false,בונבוניירת רפאלו פררו (150 גרם),פרימיום-חברה לדברי מתיקה ולמסח,,חטיף רפאלו שוקולד 15,גרמים,150.00,100 גרם,false,,14.90,0.0993,true,1,1326616
8000500026731,false,ביצי שוקולד קינדר מארז 3 יח סופרייז,פרימיום-חברה לדברי מתיקה ולמסח,,ביצת הפתעה קינדר שלי,גרמים,60.00,100 גרם,false,,14.90,0.2483,true,1,1368773
8000500028124,false,קינדר גוי ביצת הפתעה מארז שלישיה,פרימיום-חברה לדברי מתיקה ולמסח,,ביצת הפתעה מארז שליש,גרמים,60.00,100 גרם,false,,14.90,0.2483,true,1,2416000
8000500029350,false,מארז וופל מצופה 3יח' *43 גרם קינדר בואנו,פרימיום-חברה לדברי מתיקה ולמסח,,קינדר בואנו 3 יח שוק,גרמים,129.00,100 גרם,false,,9.90,0.0767,true,1,1326618
8000500032237,false,בונבונרייה פררו רושר 375 גרם,פרימיום-חברה לדברי מתיקה ולמסח,,שוקולד פררו רושר 375,גרמים,375.00,100 גרם,false,,44.90,0.1197,true,1,1326619
8000500037874,false,בונבונרייה פררו רושר 200 גרם,פרימיום-חברה לדברי מתיקה ולמסח,,שוקולד פררו רושר 200,גרמים,200.00,100 גרם,false,,24.90,0.1245,true,1,1326620
8000500071083,false,אצבעות שוקולד קינדר Kinder שש עשרה יחידות,פרימיום-חברה לדברי מתיקה ולמסח,,שוקולד קינדר אצבעות,גרמים,200.00,100 גרם,false,,11.90,0.0595,true,1,1326622
8000500094976,false,"בונבוניירה פררו רושר רושה קונוס, 212 גרם T17X4",פרימיום-חברה לדברי מתיקה ולמסח,,פררו רושה קונוס 212,גרמים,212.00,100 גרם,false,,39.90,0.1882,true,1,1326624
8000500121436,false,מארז קינדר בואנו Kinder Bueno לבן שלוש יחידות,פרימיום-חברה לדברי מתיקה ולמסח,,קינדר בואנו 3 יח לבן,גרמים,117.00,100 גרם,false,,9.90,0.0846,true,1,1326625
8000500167656,false,קינדר שוקולד עם דגנים סיריאל 94 ג',פרימיום-חברה לדברי מתיקה ולמסח,,שוקולד קינדר סיריאל,גרמים,94.00,100 גרם,false,,7.90,0.0840,true,1,2330066
8000500172810,false,סוכריות בטעם תות שדה מנטה- מארז רביעייה,פרימיום-חברה לדברי מתיקה ולמסח,,סוכריות טיק-טק רביעי,גרמים,64.00,100 גרם,false,,9.90,0.1547,true,1,1326628
8000500227848,false,נוטלה - בי רדי אצבעות ביסקוויט במילוי שוקולד 6 יח' * 22 גרם,פרימיום-חברה לדברי מתיקה ולמסח,,נוטלה בי-ריידי וופל,גרמים,132.00,100 גרם,false,,9.90,0.0750,true,1,1941943
8000500247167,false,פררו קולקשן - כדורי וופל מצופים 24 יחידו,פרימיום-חברה לדברי מתיקה ולמסח,,בונבוניירה פררו קולק,גרמים,269.00,100 גרם,false,,44.90,0.1669,true,1,1699054
8000500249352,false,קינדר בואנו מיני מיקס שקית 205 ג',פרימיום-חברה לדברי מתיקה ולמסח,,קינדר בואנו מיני מיק,גרמים,205.00,100 גרם,false,,17.90,0.0873,true,1,1802900
8000500256213,false,קינדר שוקולד חלב במילוי קרם חלבי,פרימיום-חברה לדברי מתיקה ולמסח,,קינדר שוקולד מיני,גרמים,120.00,100 גרם,false,,9.90,0.0825,true,1,2171773
8000500267103,false,קינדר דליס עוגת ספוג קקאו במילוי חלבי*10,פרימיום-חברה לדברי מתיקה ולמסח,,קינדר דליס מארז עשיר,גרמים,390.00,100 גרם,false,,19.90,0.0510,true,1,2005479
8000500269169,false,קינדר קארדס Kinder Cards - חמישייה,פרימיום-חברה לדברי מתיקה ולמסח,,קינדר קארדס חמישייה,גרמים,128.00,100 גרם,false,,12.90,0.1008,true,1,2413462
8000500294345,false,רושר איש שלג שוקולד חלב ואגוזי לוז 90 גר,פרימיום-חברה לדברי מתיקה ולמסח,,שוקולד איש שלג פררו,גרמים,90.00,100 גרם,false,,13.90,0.1544,true,1,2281759
8000500328750,false,כדור וופל פריך מצופה שוקולד פררו רושר 141 ג',פרימיום-חברה לדברי מתיקה ולמסח,,פררו קולקשן פררו רונ,גרמים,141.00,100 גרם,false,,26.90,0.1908,true,1,2366320
8000500353738,false,רביעיה סוכריות בטעם מנטה חזק 4 * 16 ג' טחק טק,פרימיום-חברה לדברי מתיקה ולמסח,,סוכריות טיק-טק רביעי,גרמים,64.00,100 גרם,false,,9.90,0.1547,true,1,2329143
8000500360262,false,שוקולד קינדר חנוכיה.,פרימיום-חברה לדברי מתיקה ולמסח,,שוקולד קינדר חנוכיה.,גרמים,135.00,100 גרם,false,,16.90,0.1252,true,1,2330067
8000500366073,false,נוטלה עוגיות נוטלה בשקית 20 יח'- NUTELLA BISCUITTS,פרימיום - חברה לדברי מתיקה ולמ,,נוטלה ביסקוויט בשקית,גרמים,276.00,100 גרם,false,,19.90,0.0721,true,1,2430261
8000500386941,false,נוטלה ממרח קקאו עם אגוזי לוז 900 גר`,פרימיום-חברה לדברי מתיקה ולמסח,,ממרח נוטלה 900 גרם,גרמים,900.00,100 גרם,false,,27.90,0.0310,true,1,2405186
8000570283607,false,"מרטיני אסטי מבעבע כשר 750 מ""ל קרטונית",מ. אקרמן בעמ,,מרטיני אסטי מבעבע.,מיליליטרים,750.00,"100 מ""ל",false,,59.90,0.0799,true,1,2109449
8001003100164,false,יוגטה סוכריות ג'לי בטעמי פירות 450 גרם,ליימן שליסל בע`מ,,סוכריות ג'לי,גרמים,450.00,100 גרם,false,,9.90,0.0220,true,1,1988564
8001003100218,false,סוכריות יוגטה ג'לי פירות 800 גר',ליימן שליסל בע`מ,,סוכריות גומי יוגטה ג,גרמים,800.00,100 גרם,false,,19.90,0.0249,true,1,1326631
8001090016003,false,טבליות למדיח קלאסי הכל באחד פיירי,דיפלומט מפיצים (1968) בעמ,,טבליות פיירי למדיח כ,יח',84.00,יח',false,,59.90,0.7131,true,1,1483994
8001090111685,false,תחתונים אולוויז דיסקריט מידה L לבריחת שתן,דיפלומט מפיצים (1968) בעמ,,אוולוויז דיסקר תחתונ,יח',8.00,יח',false,,29.90,3.7375,true,1,2140216
8001090184375,false,"נוזל כלים פיירי 900 מ""ל ירוק אורגינל",דיפלומט מפיצים (1968) בעמ,,"פיירי אורגינל 900 מ""",מיליליטרים,900.00,"100 מ""ל",false,,12.90,0.0143,true,1,2408762
8001090184412,false,"פיירי נוזל לניקוי כלים לימון שקוף, 900 מ""ל",דיפלומט מפיצים (1968) בעמ,,"פיירי לימון 900 מ""ל",מיליליטרים,900.00,"100 מ""ל",false,,12.90,0.0143,true,1,2408767
8001090222428,false,"הרבל אסנסס - שמפו חלב קוקוס 400 מ""ל",דיפלומט מפיצים 1968 בעמ,,שמפו הרבל אסנסס חלב,מיליליטרים,400.00,"100 מ""ל",false,,14.90,0.0373,true,1,2273366
8001090222541,false,הרבל אסנסס שמפו תות שדה ומנטה 400 גרם,דיפלומט מפיצים (1968) בעמ,,שמפו הרבל אסנסס תות,מיליליטרים,400.00,"100 מ""ל",false,,14.90,0.0373,true,1,2273198
8001090222725,false,"הרבל אסנסס - שמפו שמן מורינגה 400 מ""ל",דיפלומט מפיצים (1968) בעמ,,שמפו הרבל אסנסס שמן,מיליליטרים,400.00,"100 מ""ל",false,,14.90,0.0373,true,1,2273221
8001090222756,false,"הרבל אסנס מרכך תות שמן מורינגה 400 מ""ל",דיפלומט מפיצים (1968) בעמ,,מרכך הרבל אסנסס שמן,מיליליטרים,400.00,"100 מ""ל",false,,14.90,0.0373,true,1,2273222
8001090222848,false,"הרבל אסנסס - שמפו שיקום שמן ארגן 400 מ""ל",דיפלומט מפיצים (1968) בעמ,,שמפו הרבל אסנסס שיקו,מיליליטרים,400.00,"100 מ""ל",false,,14.90,0.0373,true,1,2273199
8001090222879,false,"הרבל אסנסס - מרכך שיקום שמן ארגן 400 מ""ל",דיפלומט מפיצים (1968) בעמ,,מרכך הרבל אסנסס שיקו,מיליליטרים,400.00,"100 מ""ל",false,,14.90,0.0373,true,1,2273223
8001090290830,false,"אוראל בי משחת שיניים- להלבנה פנינה בוהקת 75 מ""ל",דיפלומט מפיצים (1968) בעמ,,אורל בי משחת שיניים,מיליליטרים,75.00,"100 מ""ל",false,,19.90,0.2653,true,1,2332119
8001090290939,false,"אוראל בי משחת שיניים- להלבנה לובן בוהק 75 מ""ל",דיפלומט מפיצים (1968) בעמ,,אורל בי משחת שיניים,מיליליטרים,75.00,"100 מ""ל",false,,19.90,0.2653,true,1,2332120
8001090336354,false,חיתולי ביביי דריי מידה 2 ( 46 יח) פמפרס,דיפלומט מפיצים (1986) בע`מ,,פמפרס בייבי דריי מיד,יח',46.00,יח',false,,34.90,0.7587,true,1,2285529
8001090336408,false,חיתולים בייבי דריי מידה 3 38 יח' פמפרס,דיפלומט מפיצים (1986) בע`מ,,פמפרס בייבי דריי מיד,יח',38.00,יח',false,,34.90,0.9184,true,1,2285530
8001090336446,false,חיתולי ביביי דריי מידה 4 ( 34 יח) פמפרס,דיפלומט מפיצים (1986) בע`מ,,פמפרס בייבי דריי מיד,יח',34.00,יח',false,,34.90,1.0265,true,1,2285540
8001090336491,false,פמפרס בייבי דריי חיתולים מידה +4 31 יח,דיפלומט מפיצים (1986) בע`מ,,פמפרס בייבי דריי מיד,יח',31.00,יח',false,,34.90,1.1258,true,1,2285541
8001090336521,false,חיתולי פמפרס בייבי דריי מידה 5 30 יח` `,דיפלומט מפיצים (1986) בע`מ,,פמפרס בייבי דריי מיד,יח',30.00,יח',false,,34.90,1.1633,true,1,2285542
8001090336606,false,פמפרס בייבי דריי חיתולים מידה 6 26 יח,דיפלומט מפיצים (1986) בע`מ,,פמפרס בייבי דריי מיד,יח',26.00,יח',false,,34.90,1.3423,true,1,2285543
8001090364159,false,"משחת שיניים אורל בי G&E רעננות מוגברת 75 מ""ל",דיפלומט מפיצים (1968) בעמ,,אורל בי משחת שיניים,מיליליטרים,75.00,"100 מ""ל",false,,14.90,0.1987,true,1,2332122
8001090364203,false,"משחת שיניים אורל בי G&E להלבנה עדינה 75 מ""ל",דיפלומט מפיצים (1968) בעמ,,אורל בי משחת שיניים,מיליליטרים,75.00,"100 מ""ל",false,,14.90,0.1987,true,1,2332123
8001090364258,false,"משחת שיניים אורל בי G&E לניקוי עדין 500 מ""ל",דיפלומט מפיצים (1968) בעמ,,אורל בי משחת שיניים,מיליליטרים,75.00,"100 מ""ל",false,,14.90,0.1987,true,1,2332124
8001090375186,false,"מרכך מרוכז 200 מ""ל לצבע מלא חיים ""פנטן""",דיפלומט מפיצים (1986) בע`מ,,מרכך מרוכז לצבע מלא,מיליליטרים,200.00,"100 מ""ל",false,,19.90,0.0995,true,1,1810646
8001090377531,false,"מסכה לשיער פנטן לצבע מלא חיים 300 מ""ל",דיפלומט מפיצים (1968) בעמ,,מסכת פנטן לצבע מלא ח,מיליליטרים,300.00,"100 מ""ל",false,,31.90,0.1063,true,1,1907413
8001090379337,false,פמפרס פרימיום קר חיתולים שלב 3 40 יח VP,דיפלומט מפיצים (1986) בע`מ,,חיתולי פמפרס פרימיום,יח',40.00,יח',false,,32.90,0.8225,true,1,1777758
8001090379368,false,פמפרס פרימיום קר חיתולים שלב 4 34 יח VP,דיפלומט מפיצים (1986) בע`מ,,חיתולי פמפרס פרימיום,יח',34.00,יח',false,,32.90,0.9676,true,1,1777759
8001090379399,false,פמפרס פרימיום קר חיתולים שלב 5 30 יח VP,דיפלומט מפיצים (1986) בע`מ,,חיתולי פמפרס פרימיום,יח',30.00,יח',false,,32.90,1.0967,true,1,1777760
8001090458322,false,פיירי ורדים משי 1.015 מלי,דיפלומט מפיצים (1968) בעמ,,פיירי 1.015 ליטר ורד,ליטרים,1.01,ליטר,false,,17.90,17.7228,true,1,1689044
8001090458353,false,סבון כלים פעולה אנטי-בקטריאלית אקליפטוס,דיפלומט מפיצים (1986) בע`מ,,"פיירי 515 מ""ל אנטי ב",מיליליטרים,515.00,"100 מ""ל",false,,11.90,0.0231,true,1,1673320
8001090493637,false,"הד אנד שולדרס שמפו אולטרא טוטאל קר 450 מ""ל",דיפלומט מפיצים (1986) בע`מ,,שמפו הד אנד שולדרס 4,מיליליטרים,450.00,"100 מ""ל",false,,20.90,0.0464,true,1,2057659
8001090540577,false,"מי פה אורל בי להלבנה 500 מ""ל",דיפלומט מפיצים (1968) בעמ,,מי פה אוראל בי 500 מ,מיליליטרים,500.00,"100 מ""ל",false,,24.90,0.0498,true,1,2332111
8001090580122,false,"הד אנד שולדרס שמפו סופרים משקם 400 מ""ל",דיפלומט מפיצים 1968 בעמ,,שמפו משקם הד אנד שול,מיליליטרים,400.00,"100 מ""ל",false,,20.90,0.0522,true,1,2162225
8001090632715,false,מש.שיניים אורל בי לילדים פרוזן וקארס120ג,פרוקטר אנד גמבל,,אורל בי משחת שיניים,גרמים,75.00,100 גרם,false,,14.90,0.1987,true,1,2310731
8001090645487,false,"הרבל אסנסס שמפו ג'ינג'ר 400 מ""ל",הרבל אסנס Herbal Essences,,הרבל אסנסס שמפו ג'ינ,מיליליטרים,400.00,"100 מ""ל",false,,14.90,0.0373,true,1,2279005
8001090645517,false,"הרבל אסנסס מרכך ג'ינג'ר 400 מ""ל",הרבל אסנס Herbal Essences,,הרבל אסנסס מרכך ג'ינ,מיליליטרים,400.00,"100 מ""ל",false,,14.90,0.0373,true,1,2279006
8001090678195,false,"מרכך הד&שולדרס סופרים לחות 275 מ""ל",דיפלומט מפיצים (1968) בעמ,,מרכך לחות הד אנד שול,מיליליטרים,275.00,"100 מ""ל",false,,11.90,0.0433,true,1,2162226
8001090678225,false,"הד אנד שולדרס מרכך סופרים משקם 275 מ""ל",דיפלומט מפיצים 1968 בעמ,,מרכך משקם הד אנד שול,מיליליטרים,275.00,"100 מ""ל",false,,11.90,0.0433,true,1,2162227
8001090678614,false,"שמפו סופרים לחות הד אנד שולדרס 400 מ""ל",דיפלומט מפיצים (1986) בע`מ,,שמפו לחות הד אנד שול,מיליליטרים,400.00,"100 מ""ל",false,,20.90,0.0522,true,1,2162229
8001090721099,false,טבליות ג'ל לכביסה 3 ב-1 בניחוח אביב הרים,דיפלומט מפיצים (1986) בע`מ,,אריאל קפסולות לכביסה,יח',27.00,יח',false,,39.90,1.4778,true,1,1980695
8001090721129,false,אריאל קפסולות גל לכביסה 3ב1 קולור 27 יח,דיפלומט מפיצים (1986) בע`מ,,אריאל קפסולות לכביסה,יח',27.00,יח',false,,39.90,1.4778,true,1,1980696
8001090734044,false,אולוויז מגן תחתון גיגה פק לארג' אקסטרה פרוטקט 64 יח',דיפלומט מפיצים (1986) בע`מ,,אולוויז 64 יחידות מ,יח',64.00,יח',false,,21.90,0.3422,true,1,1865713
8001090737809,false,מגן תחתון אולוויז סינגל טנגה 36 יחידות,דיפלומט מפיצים (1968) בעמ,,אולדייז טנגה 36 יחיד,יח',36.00,יח',false,,14.90,0.4139,true,1,1866430
8001090740717,false,מגני תחתון אולוויז נורמל עם ניחוח רענן Fresh Scent,פרוקטר אנד גמבל )ראה קוד,,אולוויז 76 יחידות מ,יח',76.00,יח',false,,21.90,0.2882,true,1,1866431
8001090745903,false,אבקת כביסה טייד פרש אלפיין 4 קג,דיפלומט מפיצים (1986) בע`מ,,"טייד אלפין 4 ק""ג",קילוגרמים,4.00,"ק""ג",false,,34.90,8.7250,true,1,1980697
8001090802385,false,קפסולות גל לכביסה טייד בניחוח לנור 26 יח,דיפלומט מפיצים (1986) בע`מ,,טייד קפסולות ג'ל בני,יח',26.00,יח',false,,34.90,1.3423,true,1,2211806
8001090832450,false,"שמפו פנטן הנוסחה הקלאסית 660 מ""ל",דיפלומט מפיצים (1986) בע`מ,,פנטן שמפו קלאסית 660,מיליליטרים,660.00,"100 מ""ל",false,,19.90,0.0302,true,1,2305497
8001090832535,false,"שמפו פנטן שמן מרוקאי משקם 660 מ""ל",דיפלומט מפיצים (1986) בע`מ,,פנטן שמפו קלאסית 660,מיליליטרים,660.00,"100 מ""ל",false,,19.90,0.0302,true,1,2305502
8001090832573,false,שמפו שמן לחות מוגברת 660 מל פנטן,דיפלומט מפיצים (1986) בע`מ,,פנטן שמפו קלאסית 660,מיליליטרים,660.00,"100 מ""ל",false,,19.90,0.0302,true,1,2305503
8001090832610,false,שמפו שמן למגע רך כמשי 660 מל פנטן,דיפלומט מפיצים (1986) בע`מ,,פנטן שמפו קלאסית 660,מיליליטרים,660.00,"100 מ""ל",false,,19.90,0.0302,true,1,2305504
8001090832696,false,"פנטן שמפו לתלתלים מושלמים 660 מ""ל",דיפלומט מפיצים (1986) בע`מ,,פנטן שמפו קלאסית 660,מיליליטרים,660.00,"100 מ""ל",false,,19.90,0.0302,true,1,2305505
8001090832771,false,"פנטן שמפו להזנת קרטין 660 מ""ל",דיפלומט מפיצים (1986) בע`מ,,פנטן שמפו קלאסית 660,מיליליטרים,660.00,"100 מ""ל",false,,19.90,0.0302,true,1,2305506
8001090832818,false,מרכך פנטן הנוסחה הקלאסית לשיער רגיל ומעורב,דיפלומט מפיצים (1986) בע`מ,,מרכך קונדישינר פנטן,מיליליטרים,660.00,"100 מ""ל",false,,19.90,0.0302,true,1,2305511
8001090832856,false,"פנטן 660 מ""ל קונדישינר מרוקאי משקם",דיפלומט מפיצים (1986) בע`מ,,מרכך קונדישינר פנטן,מיליליטרים,660.00,"100 מ""ל",false,,19.90,0.0302,true,1,2305540
8001090832894,false,מרכך לשיער חלש ופגום לחות מוגברת,דיפלומט מפיצים (1986) בע`מ,,מרכך קונדישינר פנטן,מיליליטרים,660.00,"100 מ""ל",false,,19.90,0.0302,true,1,2305541
8001090832931,false,"פנטן 660 מ""ל קונדישינר למגע רך כמשי",דיפלומט מפיצים (1986) בע`מ,,מרכך קונדישינר פנטן,מיליליטרים,660.00,"100 מ""ל",false,,19.90,0.0302,true,1,2305542
8001090832979,false,"פנטן 660 מ""ל קונדישינר לתלתלים מושלמים",דיפלומט מפיצים (1986) בע`מ,,מרכך קונדישינר פנטן,מיליליטרים,660.00,"100 מ""ל",false,,19.90,0.0302,true,1,2305543
8001090833051,false,"פנטן 660 מ""ל קונדישינר הזנת קרטין",דיפלומט מפיצים (1986) בע`מ,,מרכך קונדישינר פנטן,מיליליטרים,660.00,"100 מ""ל",false,,19.90,0.0302,true,1,2305544
8001090833136,false,אריאל ג`ל כביסה 2.255 ליטר בייבי,דיפלומט מפיצים (1986) בע`מ,,אריאל ג'ל בייבי,ליטרים,2.26,ליטר,false,,32.90,14.5575,true,1,2091702
8001090833167,false,גל כביסה אריאל בניחוח הרים 2.365 ליטר,דיפלומט מפיצים (1986) בע`מ,,אריאל ג'ל 2.365 ליטר,ליטרים,2.37,ליטר,false,,32.90,13.8819,true,1,2091703
8001090833198,false,אריאל נוזל כביסה 2.47 ליטר ניחוח מרענן,דיפלומט מפיצים (1986) בע`מ,,אריאל ג'ל 2.365 ליטר,ליטרים,2.37,ליטר,false,,32.90,13.8819,true,1,2091704
8001090833228,false,אריאל ג'ל כביסה קולור 2.365 ליטר,דיפלומט מפיצים (1986) בע`מ,,אריאל ג'ל 2.365 ליטר,ליטרים,2.37,ליטר,false,,32.90,13.8819,true,1,2091705
8001090833259,false,אריאל ג`ל כביסה 3.740 ליטר בניחוח הרים,דיפלומט מפיצים (1968) בעמ,,אריאל ג'ל 3.74 ליטר,ליטרים,3.74,ליטר,false,,42.90,11.4706,true,1,2091706
8001090886385,false,לנור כדוריות הבושם בניחוח רענן 140 גרם,דיפלומט מפיצים (1968) בעמ,,מבשמי כדוריות לנור 1,גרמים,140.00,100 גרם,false,,19.90,0.1421,true,1,2322866
8001090891273,false,לנור כדוריות בושם בניחוח סחלב 210 גרם,דיפלומט מפיצים (1968) בעמ,,מבשמי כדוריות לנור ב,גרמים,210.00,100 גרם,false,,25.90,0.1233,true,1,2322867
8001090899194,false,תחבושות אולוויז פלטינום נורמל 24 יחידות,דיפלומט מפיצים (1986) בע`מ,,תחבושות אולוויז פלטי,יח',24.00,יח',false,,19.90,0.8292,true,1,2279023
8001090899224,false,תחבושות אולוויז פלטינום לונג 20 יחידות,דיפלומט מפיצים (1986) בע`מ,,תחבושות אולוויז פלטי,יח',20.00,יח',false,,19.90,0.9950,true,1,2279024
8001090899255,false,תחבושות אולוויז פלטינום לילה 16 יחידות,דיפלומט מפיצים (1986) בע`מ,,תחבושות אולוויז פלטי,יח',16.00,יח',false,,19.90,1.2437,true,1,2279025
8001090899286,false,תחבושות אולוויז פלטינום לילה בטוח 14 יח',דיפלומט מפיצים (1986) בע`מ,,תחבושות אולוויז פלטי,יח',14.00,יח',false,,19.90,1.4214,true,1,2279026
8001090943095,false,סבון כלים פעולה אנטי-בקטריאלית אקליפטוס,דיפלומט מפיצים (1968) בעמ,,פיירי אנטי בקטריאלי,ליטרים,1.01,ליטר,false,,17.90,17.7228,true,1,2057663
8001090992338,false,פיירי טבליות למדיח פלטינום פלוס 50 יחידו,דיפלומט מפיצים (1968) בעמ,,טבליות פיירי למדיח כ,יח',50.00,יח',false,,59.90,1.1980,true,1,2292746
8001110016303,false,ליקר דיסארונו אמרטו 700,אילווה סרונו,,דיסארונו אמרטו ליקר,מיליליטרים,700.00,"100 מ""ל",false,,79.90,0.1141,true,1,1333871
8001160000888,false,"גטורייד משקה ספורט תפוז 500 מ""ל",אקווה מינרלה סאן בנדטו,,משקה ספורט גטורייד,מיליליטרים,500.00,"100 מ""ל",false,,9.90,0.0198,true,1,1306424
8001160001786,false,"משקה אנרגיה גטורייד ספורט כחול 500מ""ל",אקווה מינרלה סאן בנדטו,,משקה ספורט גטורייד,מיליליטרים,500.00,"100 מ""ל",false,,9.90,0.0198,true,1,1306426
8001250003652,false,פסטה רדיאטורי דה ציק,דה צ'אקו DE CECCO,,פסטה רדיאטורי 199 D,גרמים,500.00,100 גרם,false,,9.90,0.0198,true,1,2377329
8001250120908,false,פסטה ראקט דה ציקו 50,דה צ'אקו DE CECCO,,פסטה ראקט 90 DE CEC,גרמים,500.00,100 גרם,false,,9.90,0.0198,true,1,2377330
8001250121264,false,פסטה קנציליוני מס 12,דה צ'אקו DE CECCO,,פסטה קונצ'יליוני 12,גרמים,500.00,100 גרם,false,,14.90,0.0298,true,1,2402864
8001250121295,false,פסטה קלמרטה 129 דה צ,דה צקו,,פסטה קלמרטה 129 DE C,גרמים,500.00,100 גרם,false,,15.90,0.0318,true,1,2402870
8001359108654,false,"מויסטר ריסורס קרם פנים 250מ""ל",אנדראה טיפוח,,מויסטר רספונס,יחידה,0.00,יחידה,false,,19.90,0.0000,true,1,2332470
8001435310018,false,"בירה מורטי 330מ""ל בודד",טמפו משקאות בעמ,,"בירה מורטי בק 330 מ""",מיליליטרים,330.00,"100 מ""ל",false,,7.90,0.0239,true,1,2281370
8001440118944,false,שלישיית עגבניות פולפה צ'יריו 400 גרם,דיפלומט מפיצים (1968) בעמ**,,שלישיית עגבניות פולפ,גרמים,400.00,100 גרם,false,,14.90,0.0373,true,1,2423757
8001440124167,false,"רוטב פומודורו לפסטה צ'ריו 446 מ""ל CIRIO",דיפלומט היינץ,,רוטב עגבניות פומודור,גרמים,420.00,100 גרם,false,,11.90,0.0283,true,1,2423131
8001440124181,false,"רוטב עגבניות בזיליקום לפסטה צ'ריו 446 מ""ל CIRIO",דיפלומט מפיצים {1968}בעמ,,רוטב עגבניות בזיליקו,גרמים,420.00,100 גרם,false,,11.90,0.0283,true,1,2423132
8001505000160,false,מעדן דובדבנים אורגני 250 גר FIORDIFRUTT,פיור די פרוטה,,מעדן דובדבן אורגני,גרמים,250.00,100 גרם,false,,19.90,0.0796,true,1,1469245
8001505000313,false,ממרח אגוזי לוז אורגני 270 גרם NICCIOLATA,ריג'וני דה אסינו,,ממרח אגוזי לוז אורגנ,גרמים,250.00,100 גרם,false,,20.90,0.0836,true,1,1469290
8001505000573,false,מעדן דומדמניות שחורות 250 ג FIORDIFRUTTA,פיור די פרוטה,,מעדן דומדמניות שחורו,גרמים,250.00,100 גרם,false,,19.90,0.0796,true,1,1469293
8001505000580,false,מעדן אפרסק אורגני 250 גרם,פיור די פרוטה,,מעדן אפרסק אורגני,גרמים,250.00,100 גרם,false,,19.90,0.0796,true,1,1469294
8001505001105,false,ממרח אגוזי לוז אורגני 270 גרם NICCIOLATA,ריג'\וני דה אסינו,,ממרח אגוזי לוז אורגנ,גרמים,270.00,100 גרם,false,,20.90,0.0774,true,1,1956458
8001620011935,false,"סן בנדטו- מים מינרלים מוגז - מארז שישיית 500 מ""ל",אקווה מינרלה סאן בנד,,מים סאן בנדטו מוגז 6,מיליליטרים,3000.00,"100 מ""ל",false,,11.90,0.0040,true,1,1324043
8001620015612,false,"משקה פירות פרוטה-גזר תפוז לימון 400 מ""ל סאן בנדטו",אקווה מינרלה סאן בנדטו ב,,פרוטה גזר תפוז לימו,מיליליטרים,400.00,"100 מ""ל",false,,6.90,0.0172,true,1,2351824
8001620015629,false,"משקה פירות בטעם תפוז ותפוז אדום 400 מ""ל פרוטה",אקווה מינרלה סאן בנדטו ב,,פרוטה תפוז ותפוז אד,מיליליטרים,400.00,"100 מ""ל",false,,6.90,0.0172,true,1,2384269
8001620015636,false,"משקה פירות פרוטה-מיקס פירות 400 מ""ל סאן בנדטו",אקווה מינרלה סאן בנדטו ב,,פורטה מיקס פירות 400,מיליליטרים,400.00,"100 מ""ל",false,,6.90,0.0172,true,1,2351819
8001620017449,false,"סן בנדטו ספורט, מים מינרלים טבעיים 500 מל",אקווה מינרלה סאן בנדטו ב,,מים קטן 0.5 ליטר סאן,מיליליטרים,500.00,"100 מ""ל",false,,4.90,0.0098,true,1,2266894
8001620017456,false,"סן בנדטו ספורט, מים מינרלים טבעיים 500 מ""ל שישייה",אקווה מינרלה סאן בנדטו ב,,שישייה סאן בנדטו פקק,ליטרים,3.00,ליטר,false,,14.90,4.9667,true,1,1867825
8001620018248,false,"מים מינרלים 750 מ""ל סאן בנדטו-פקק ספורט",אקווה מינרלה סאן בנדטו ב,,מים סן בנדטו פקק ספו,מיליליטרים,750.00,"100 מ""ל",false,,4.90,0.0065,true,1,2224140
8001620018408,false,"משקה פירות בטעם מנגו תפוח 400 מ""ל פרוטה",אקווה מינרלה סאן בנדטו ב,,פרוטה מנגו תפוח 400,מיליליטרים,400.00,"100 מ""ל",false,,6.90,0.0172,true,1,2384270
8001620019160,false,"סן בנדטו מים מינרלים בטעם אפרסק 500 מ""ל",אקווה מינרלה סאן בנדטו ב,,משקה סן בנדטו בטעם א,מיליליטרים,400.00,"100 מ""ל",false,,6.90,0.0172,true,1,2416057
8001620019177,false,"סן בנדטו מים מינרלים בטעם ענבים 500 מ""ל",אקווה מינרלה סאן בנדטו ב,,משקה סן בנדטו בטעם ע,מיליליטרים,400.00,"100 מ""ל",false,,6.90,0.0172,true,1,2416058
8001780499307,false,דובדבני אמרנה בסירופ 230 גרם,רסטרטו יבוא ושיווק בעמ,,דובדבני אמרנה FABBRI,גרמים,230.00,100 גרם,false,,24.90,0.1083,true,1,2380921
8001841006710,false,לנור כדוריות הבושם בניחוח רענן ( 210 גר`,דיפלומט מפיצים (1968) בעמ,,מבשמי כדוריות לנור ב,גרמים,210.00,100 גרם,false,,25.90,0.1233,true,1,2322868
8001841006833,false,לנור כדוריות הבושם בניחוח אביבי 210 ג',פרוקטר אנד גמבל,,מבשמי כדוריות לנור ב,גרמים,210.00,100 גרם,false,,25.90,0.1233,true,1,2322869
8001841053646,false,תחבושות אולוויז עבה נורמל פלוס 14 יחידות,פרוקטר אנד גמבל )ראה קוד,,תחבושות אולוויז עבה,יח',14.00,יח',false,,12.90,0.9214,true,1,2140195
8001841053806,false,תחבושות היגייניות אולוויז מקסי עבה לילה,דיפלומט מפיצים (1968) בעמ,,תחבושות אולוויז עבה,יח',9.00,יח',false,,12.90,1.4333,true,1,2140197
8001841062624,false,פמפרס מגבונים לחים ללא בישום רביעייה,דיפלומט מפיצים (1968) בעמ,,מגבוני פמפרס ללא ביש,יח',208.00,יח',false,,16.90,0.0812,true,1,2329938
8001841077949,false,מארז מגבוני פמפרס בניחוח מרענן - רביעייה,דיפלומט מפיצים (1986) בע`מ,,מגבוני פמפרס פרש 4*5,יח',208.00,יח',false,,16.90,0.0812,true,1,2282966
8001841096889,false,"נוזל לניקוי כלים לימון קלאסי 900 מ""ל",דיפלומט מפיצים (1968) בעמ,,פיירי לימון קלאסי 90,מיליליטרים,900.00,"100 מ""ל",false,,9.90,0.0110,true,1,2042156
8001841104751,false,פמפרס פרימיום קר חיתולים שלב 1 52 יח VP,דיפלומט מפיצים (1968) בעמ,,חיתולי פמפרס פרימיום,יח',52.00,יח',false,,32.90,0.6327,true,1,2273228
8001841105093,false,פמפרס פרימיום קר חיתולים שלב 6 26 יח VP,דיפלומט מפיצים (1986) בע`מ,,חיתולי פמפרס פרימיום,יח',26.00,יח',false,,32.90,1.2654,true,1,2224209
8001841137179,false,קונדישינר הד&שולדרס הנוסחה הקלאסית 275מל,דיפלומט מפיצים (1986) בע`מ,,מרכך הד אנד שולדרס 2,מיליליטרים,275.00,"100 מ""ל",false,,11.90,0.0433,true,1,2285544
8001841137216,false,"קונדישנר למגע רך כמשי הד אנד שולדרס 275 מ""ל",דיפלומט מפיצים (1986) בע`מ,,מרכך לחות הד אנד שול,מיליליטרים,275.00,"100 מ""ל",false,,11.90,0.0433,true,1,2285545
8001841216584,false,תחבושות אולוויז אולטרה לילה בטוח,דיפלומט מפיצים (1968) בעמ,,תחבושות אולוויז לילה,יח',36.00,יח',false,,39.90,1.1083,true,1,2282967
8001841272757,false,אורל-בי משחת שיניים להלבנה פחם- לניקוי עמוק,דיפלומט מפיצים (1968) בעמ,,אורל בי משחת שיניים,מיליליטרים,75.00,"100 מ""ל",false,,19.90,0.2653,true,1,2379484
8001841500799,false,"הרבל אסנסס - שמפו ללא סולפטים אלוורה ומנגו 380 מ""ל",דיפלומט מפיצים (1968) בעמ,,שמפו הרבל אסנסס ללא,מיליליטרים,380.00,"100 מ""ל",false,,14.90,0.0392,true,1,2328452
8001841500942,false,"הרבל אסנסס - שמפו ללא סולפטים אלוורה ובמבוק 380 מ""ל",דיפלומט מפיצים (1986) בע`מ,,שמפו הרבל אסנסס ללא,מיליליטרים,380.00,"100 מ""ל",false,,14.90,0.0392,true,1,2328457
8001841502298,false,"הרבל אסנסס - מרכך ללא סולפטים אלוורה ומנגו 275 מ""ל",דיפלומט מפיצים (1968) בעמ,,שמפו הרבל אסנסס ללא,מיליליטרים,275.00,"100 מ""ל",false,,14.90,0.0542,true,1,2328458
8001841502601,false,"הרבל אסנסס - מרכך ללא סולפטים אלוורה ובמבוק 275 מ""ל",דיפלומט מפיצים (1968) בעמ,,שמפו הרבל אסנסס ללא,מיליליטרים,275.00,"100 מ""ל",false,,14.90,0.0542,true,1,2328459
8001841566771,false,לנור כדוריות בושם בניחוח יסמין 210 גרם,דיפלומט מפיצים (1968) בעמ,,מבשמי כדוריות לנור ב,גרמים,210.00,100 גרם,false,,25.90,0.1233,true,1,2322870
8001841587684,false,"גילט דאודורנט היידרה גל אלוורה 70 מ""ל",דיפלומט,,ג'ל דאודורנט היידה ג,מיליליטרים,70.00,"100 מ""ל",false,,18.90,0.2700,true,1,2367174
8001841587738,false,גילט דאודורנט הידרה גל אקליפטוס 70 מל,דיפלומט,,ג'ל דאודורנט היידה ג,מיליליטרים,70.00,"100 מ""ל",false,,18.90,0.2700,true,1,2367175
8001841623061,false,חיתולי פמפרס בייבי דריי שלב 1 21 יחידות,דיפלומט מפיצים (1968) בעמ,,פמפרס ניו בייבי 21 י,יח',43.00,יח',false,,14.90,0.3465,true,1,2305185
8001841625188,false,סבון כלים פלטינום לימון X3 פעולות להסרת שומנים,דיפלומט מפיצים (1986) בע`מ,,"פיירי פלטינום 515 מ""",מיליליטרים,515.00,"100 מ""ל",false,,11.90,0.0231,true,1,2295618
8001841625287,false,סבון כלים פלטינום לימון X3 פעולות להסרת שומנים,דיפלומט מפיצים (1968) בעמ,,פיירי פלטינום 1.015,ליטרים,1.01,ליטר,false,,17.90,17.7228,true,1,2295619
8001841625362,false,"נוזל כלים בניחוח לימון פלטינום 780 מ""ל פיירי",דיפלומט מפיצים (1968) בעמ,,פיירי פלטינום לימון,מיליליטרים,780.00,"100 מ""ל",false,,12.90,0.0165,true,1,2408768
8001841625461,false,סבון כלים פלטינום X3 פעולות להסרת שומנים,דיפלומט מפיצים (1986) בע`מ,,"פיירי פלטינום 515 מ""",מיליליטרים,515.00,"100 מ""ל",false,,11.90,0.0231,true,1,2295620
8001841625508,false,"נוזל כלים פיירי פלטינום אורגינל 1.015 ליטר בד""צ",דיפלומט מפיצים (1968) בעמ,,פיירי פלטינום 1.015,ליטרים,1.01,ליטר,false,,17.90,17.7228,true,1,2295621
8001841640204,false,טייד קפסולות ג'ל בניחוח לנור 58 יחידות,"פרוקטר אנד גמבל, אמינס,",,טייד קפסולות בניחוח,יחידה,58.00,יחידה,false,,69.90,1.2052,true,1,2352364
8001841660257,false,מסכה לשיער פנטן מיראקלס במבוק 160 מל,דיפלומט מפיצים (1968) בעמ,,מיראקלס פנטן מסכה ב,מיליליטרים,160.00,"100 מ""ל",false,,18.90,0.1181,true,1,2357947
8001841660530,false,קרם לחות מינרלס במבוק + חלבון משקם לשיער ארוך,דיפלומט מפיצים (1968) בעמ,,מיראקלס קרם לחות פנט,מיליליטרים,270.00,"100 מ""ל",false,,18.90,0.0700,true,1,2357941
8001841669465,false,קפסולות לכביסה אריאל בניחוח לנור 24 יחידות,דיפלומט מפיצים (1986) בע`מ,,אריאל קפסולות לכביסה,יח',24.00,יח',false,,39.90,1.6625,true,1,2333484
8001841669519,false,קפסולות לכביסה ALL IN ONE אריאל 55 יחידות,דיפלומט מפיצים (1986) בע`מ,,אריאל קפסולות לכביסה,יח',55.00,יח',false,,69.90,1.2709,true,1,2310733
8001841680989,false,מגן תחתון אולוויז מגה פק פרו פרש לארג' 60 יחי,דיפלומט מפיצים (1968) בעמ,,מגן תחתון אולוויז מג,יח',60.00,יח',false,,21.90,0.3650,true,1,2310734
8001841716312,false,"ג'ל רחצה ושמפו ספורט האד אנד שולדרס 360 מ""ל",דיפלומט מפיצים (1986) בע`מ,,ג'ל רחצה ושמפו ספורט,מיליליטרים,360.00,"100 מ""ל",false,,16.90,0.0469,true,1,2360123
8001841716435,false,"ג'ל רחצה ושמפו לעור רגיש האד אנד שולדרס 360 מ""ל",דיפלומט מפיצים (1968) בעמ,,ג'ל רחצה ושמפו לעור,מיליליטרים,360.00,"100 מ""ל",false,,16.90,0.0469,true,1,2360124
8001841716596,false,"ג'ל רחצה ושמפו מרענן האד אנד שולדרס 360 מ""ל",דיפלומט מפיצים (1968) בעמ,,ג'ל רחצה ושמפו מרענן,מיליליטרים,360.00,"100 מ""ל",false,,16.90,0.0469,true,1,2360125
8001841893990,false,פיירי טבליות למדיח פלטינום פלוס - מארז 30 יח',דיפלומט מפיצים (1986) בע`מ,,טבליות פיירי למדיח כ,יח',30.00,יח',false,,39.90,1.3300,true,1,2333451
8001841941929,false,אולוויז וליו פק לילה בטוח אקסטרא 16 יחידות,דיפלומט מפיצים (1986) בע`מ,,אולוויז בטוח אקסטרא,יח',16.00,יח',false,,19.90,1.2437,true,1,2357936
8001841943961,false,לנור כדוריות בושם בניחוח אוקיינוס 210 גר,דיפלומט מפיצים (1968) בעמ,,מבשמי כדוריות לנור ב,גרמים,210.00,100 גרם,false,,25.90,0.1233,true,1,2322871
8001841958460,false,פיירי טבליות למדיח אורגינל הכל באחד - מארז 48 יח',דיפלומט מפיצים (1986) בע`מ,,טבליות פיירי למדיח כ,יח',48.00,יח',false,,39.90,0.8312,true,1,2333452
8001841960081,false,פיירי טבליות למדיח פלטינום הכל באחד - מארז 37 יח',דיפלומט מפיצים (1986) בע`מ,,טבליות פיירי למדיח כ,יח',37.00,יח',false,,39.90,1.0784,true,1,2333453
8001943549122,false,צ'וקטה מטבעות שוקולד חלב 40 ג' נוכרי,ואל קור קורסניני אס אנ ס,,מטבעות שוקולד צוקטה,גרמים,40.00,100 גרם,false,,3.90,0.0975,true,1,1796271
8002110383709,false,נוטרוגינה ס.נורבגית ק.ידיים לא מבושם 50מל,ניוטרוג'ינה Neutrogena,FR,נוטרוגינה ס.נורבגית ק.ידי,מיליליטרים,75.00,"100 מ""ל",false,,19.90,0.2653,true,1,1339097
8002205319835,false,מזון לחתולים בוגרים בטעם סלמון פורינה ONE,קבוצת אוסם סחר-שות.מוגבלת,,פורינה ONE חתול גור,גרמים,800.00,100 גרם,false,,39.90,0.0499,true,1,2278879
8002213004068,false,"קמח לפיצה pz2 {ורוד} 1 ק""ג",,,קמח לפיצה pz2 (ורוד),קילוגרמים,1.00,"100 ק""ג",false,,14.90,14.9000,true,1,2288852
8002267014662,false,שלישייה ביצי שוקולד חלב עם צעצוע ברבי,ש. שסטוביץ בע`מ,,ביצת הפתעה ברבי שליש,גרמים,60.00,100 גרם,false,,10.90,0.1817,true,1,1845514
8002267015263,false,שלישייה ביצת הפתעה מאשה והדוב צ'וקטה 20 גרם,ש.שסטוביץ בעמ,,ביצת הפתעה מאשה והדו,גרמים,60.00,100 גרם,false,,10.90,0.1817,true,1,2318513
8002267016475,false,ביצת שוקולד הפתעה בוב הבנאי שלישייה 60 ג,מולינו ניקולי s.p.a,,ביצת הפתעה בוב הבנאי,גרמים,60.00,100 גרם,false,,10.90,0.1817,true,1,2067225
8002267016994,false,"ביצת שוקולד חלב מעולה עם הפתעה הוט ווילס, 110 גר'",דולפין,,ביצת שוקולד חלב עם ה,גרמים,110.00,100 גרם,false,,14.90,0.1355,true,1,2395808
8002270166594,false,"שישיית מים ""סאן פלגרינו"" 250*6 מ""ל",טמפו,,שישייה מים סאן פלגרי,ליטרים,1.50,ליטר,false,,29.40,19.6000,true,1,1422152
8002270216800,false,סאן פלגרינו בטעם לימון 500 מ,סן פלגרינו,,אסנזה סן פלגרינו לימ,מיליליטרים,500.00,"100 מ""ל",false,,5.90,0.0118,true,1,2413427
8002270236792,false,אסנזה משקה מוגז בטעם לימון גרידת לימון- שישייה,סן פלגרינו San Pellegrino,,אסנזה סן פלגרינו לימ,ליטרים,3.00,ליטר,false,,32.90,10.9667,true,1,2401412
8002270236808,false,סאן פלגרינו בטעם תפוז אדום ופטל 500 מ,סן פלגרינו,,אסנזה סן פלגרינו תפו,מיליליטרים,500.00,"100 מ""ל",false,,5.90,0.0118,true,1,2413422
8002270256790,false,"שישייה סן פלגרינו אסנזה תפוז אדום 500 מ""ל",סן פלגרינו San Pellegrino,,אסנזה סן פלגרינו תפו,ליטרים,3.00,ליטר,false,,32.90,10.9667,true,1,2401413
8002270436581,false,סאן פלגרינו פלסטיק מוגז שישייות 500*6,טמפו משקאות בעמ,,שישייה סאן פאלגרינו,ליטרים,3.00,ליטר,false,,24.90,8.3000,true,1,1880335
8002270846472,false,סן פלגרינו מים מינרליים טבעיים מוגזים,טמפו משקאות בעמ,,מים סן פלגרינו פלסט,מיליליטרים,500.00,"100 מ""ל",false,,5.90,0.0118,true,1,1324047
8002270866524,false,סן פלגרינו מים מינרליים טבעיים מוגזים,סן פלגרינו San Pellegrino,,מים סן פלגרינו פלסט,ליטרים,1.00,ליטר,false,,7.90,7.9000,true,1,1324048
8002450006559,false,שרדונה קאזה דה לואיג`י (750 מל),הכרם - משקאות חריפים בעמ,,יין שרדונה קאזה דה ל,מיליליטרים,750.00,"100 מ""ל",false,,24.90,0.0332,true,1,1333873
8002450201008,false,"רספברי ספרקלטיני 750 מ""ל",הכרם - משקאות חריפים בעמ,,סדרת וורדי,מיליליטרים,750.00,"100 מ""ל",false,,19.90,0.0265,true,1,1333874
8002450202005,false,שמפניה ספרקלטיני אסאי ורדי (750 מל),הכרם - משקאות חריפים בעמ,,סדרת וורדי,מיליליטרים,750.00,"100 מ""ל",false,,19.90,0.0265,true,1,1333875
8002450203002,false,"משקה כהלי ורדי רימונים ספרקלטיני 750מ"".",הכרם - משקאות חריפים בעמ,,סדרת וורדי,מיליליטרים,750.00,"100 מ""ל",false,,19.90,0.0265,true,1,2175580
8002450205006,false,ספרקלטיני תות שדה ורדי בוסקה (750 מל),הכרם - משקאות חריפים בעמ,,סדרת וורדי,מיליליטרים,750.00,"100 מ""ל",false,,19.90,0.0265,true,1,1499381
8002450206003,false,משקה כהלי ורדי רימונים ספרקלטיני 750מ,הכרם - משקאות חריפים בעמ,,סדרת וורדי,מיליליטרים,750.00,"100 מ""ל",false,,19.90,0.0265,true,1,1333877
8002450206508,false,קברנה סוביניון קאזה דה לואיג`י (750 מל),צ'ילה לואיס פיליפה אדוארדס,,יין קברנה קאזה דה לו,מיליליטרים,750.00,"100 מ""ל",false,,24.90,0.0332,true,1,1333878
8002450206522,false,מרלו קאזה דה לואיג`י (750 מל),הכרם - משקאות חריפים בעמ,,יין מרלו קאזה דה לוא,מיליליטרים,750.00,"100 מ""ל",false,,24.90,0.0332,true,1,1333879
8002450208007,false,ספרקלטיני גרין אפל ורדי בוסקה (750 מל),הכרם - משקאות חריפים בעמ,,סדרת וורדי,מיליליטרים,750.00,"100 מ""ל",false,,19.90,0.0265,true,1,1333881
8002450208304,false,"משקה כהלי ורדי גוורצטראמינר 750מ""ל",הכרם משקאות חריפים בעמ,,סדרת וורדי,מיליליטרים,750.00,"100 מ""ל",false,,19.90,0.0265,true,1,2270094
8002450209004,false,יין מבעבע ורדי רוזה,איטליה בוסקה,,סדרת וורדי,מיליליטרים,750.00,"100 מ""ל",false,,19.90,0.0265,true,1,1389422
8002450409206,false,"משקה כהלי ורדי אפרסק כשל""פ 750מ""ל",הכרם משקאות חריפים בעמ,,סדרת וורדי,מיליליטרים,750.00,"100 מ""ל",false,,19.90,0.0265,true,1,2296614
8002450609200,false,"משקה כהלי ורדי רימונים כשל""פ 750מ""ל",הכרם - משקאות חריפים בעמ,,סדרת וורדי,מיליליטרים,750.00,"100 מ""ל",false,,19.90,0.0265,true,1,2296609
8002960500165,false,רוטב פומודורינה 830,MENU,,CA1 פומודורינה MENU,גרמים,830.00,100 גרם,false,,22.90,0.0276,true,1,2377333
8003007800484,false,פסטה צוקה 4 טעמים 500 גרם,,,פתיתים צוקה 4 טעמים,גרמים,500.00,100 גרם,false,,14.90,0.0298,true,1,1352632
8003007800712,false,פסטה פיורי פרחים 4 טעמים 500 גרם,,,פתיתים פיורי 4 טעמים,גרמים,500.00,100 גרם,false,,14.90,0.0298,true,1,1352634
8003007800842,false,פסטה קונצינטלי 4 טעמים 500 גרם,,,פתיתי קונקיליוני,גרמים,500.00,100 גרם,false,,14.90,0.0298,true,1,1352635
8003007810001,false,פסטה פנטה 4 טעמים 500 גרם,,,פתיתים פנטה 4 טעמים,גרמים,500.00,100 גרם,false,,14.90,0.0298,true,1,1352636
8003007811473,false,פסטה פנוני 4 טעמים 500 גר' (15),,,פנוני ריגטה,גרמים,500.00,100 גרם,false,,14.90,0.0298,true,1,1352640
8003007816683,false,פסטה טראלורו ארמוניק,,,פסטה ארמוניקה לבבות,גרמים,500.00,100 גרם,false,,14.90,0.0298,true,1,1352653
8003007817000,false,פתיתים פוזילי טרפילט,,,פתיתים פוזילי טרפילט,גרמים,500.00,100 גרם,false,,14.90,0.0298,true,1,1352655
8003007817918,false,פסטה טראלורו לומקוני,,,פתיתים לומקוני,גרמים,500.00,100 גרם,false,,14.90,0.0298,true,1,1352656
8003340091280,false,לינדט לינדור בונבוניירה 60% מוצקי קקאו 200 גרם,לינדט ושפרונגלי קילשברג,CH,לינדור בונ' 60% 200 גרם,גרמים,200.00,100 גרם,false,,34.90,0.1745,true,1,1319127
8003576901827,false,כוס פיור לבנה,,,כוס פיור לבנה,יחידה,0.00,יחידה,false,,6.90,0.0000,true,1,2321415
8003576901834,false,סבונייה פיור לבנה,,,סבונייה פיור לבנה,יחידה,0.00,יחידה,false,,6.90,0.0000,true,1,2321416
8003576901841,false,מתקן למברשת שיינים,,,מתקן למברשת שיינים,יחידה,0.00,יחידה,false,,9.90,0.0000,true,1,2321417
8003576901865,false,מברשת שירותים שחורה פיור,ברוך רוזנשטין בעמ,,מברשת שרותים פיור מע,יחידה,0.00,יחידה,false,,19.90,0.0000,true,1,2321430
8003576901872,false,מברשת שרותים פיור מע,,,מברשת שרותים פיור מע,יחידה,0.00,יחידה,false,,39.90,0.0000,true,1,2321431
8003576901902,false,כוס ליאופרד אפ,,,כוס ליאופרד אפ,יחידה,0.00,יחידה,false,,9.90,0.0000,true,1,2402108
8003576901919,false,סבונייה ליאופרד,,,סבונייה ליאופרד,יחידה,0.00,יחידה,false,,9.90,0.0000,true,1,2402109
8003576901926,false,מתקן אפור למברשות שי,,,מתקן אפור למברשות שי,יחידה,0.00,יחידה,false,,14.90,0.0000,true,1,2402110
8003576901940,false,מברשת שרותים ליאופרד,,,מברשת שרותים ליאופרד,יחידה,0.00,יחידה,false,,44.90,0.0000,true,1,2402112
8003576908123,false,מטרפה סיליקון,,,מטרפה סיליקון,יחידה,0.00,יחידה,false,,12.90,0.0000,true,1,2404309
8003753158556,false,אילי קפסולות אספרסו קלאסיקו 10 יח' 57 גרם,דיפלומט מפיצים (1968) בעמ**,,קפסולות אילי אספרסו,גרמים,57.00,100 גרם,false,,16.90,0.2965,true,1,2356897
8003753158587,false,אילי קפסולות אספרסו פורטה 10 יח' 57 גרם,דיפלומט מפיצים (1968) בעמ**,,קפסולות אילי אספרסו,גרמים,57.00,100 גרם,false,,16.90,0.2965,true,1,2356898
8004030022010,false,ירקות גינה עם טונה ריו מרה אינסלטיסימי 160 ג',"בולטון אלימנטרי בע""\מ",,ריו מארה טונה עם ירק,גרמים,160.00,100 גרם,false,,15.90,0.0994,true,1,1396769
8004030026018,false,"מקסיקני עם טונה ריו מרה אינסלטיסימי, 160 ג'","בולטון אלימנטרי בע""\מ",,ריו מארה טונה מקסיקנ,גרמים,160.00,100 גרם,false,,15.90,0.0994,true,1,1396770
8004030044005,false,נתחי טונה בהירה בשמן זית ריו מרה 112גרם,"בולטון אלימנטרי בע""\מ",IT,ריו מרה טונה בשמן זית 160,גרמים,160.00,100 גרם,false,,17.90,0.1119,true,1,1339098
8004030081024,false,נתחי טונה עם שום ופלפל אדום ריו מרה 160 ג',"בולטון אלימנטרי בע""\מ",IT,ריו מרה טונה בשמן זית שום,גרמים,160.00,100 גרם,false,,17.90,0.1119,true,1,1339099
8004030102033,false,טונה בשמן זית עם מיץ לימון ופלפל שחור - מארז 3 יח',בולטון אלימנטרי,,ריו מארה טונה בשמן ע,גרמים,240.00,100 גרם,false,,27.90,0.1162,true,1,2099246
8004030103399,false,טונה בשמן זית רביעיו,BOLTON GROUP- RIO,,טונה בשמן זית רביעיו,גרמים,320.00,100 גרם,false,,31.90,0.0997,true,1,2424275
8004030177000,false,ריו מארה טונה בשמן זית עם צ`לי שלישיות 8,ש. שסטוביץ בע`מ,,ריו מארה טונה בשמן ז,גרמים,240.00,100 גרם,false,,27.90,0.1162,true,1,1955609
8004030180000,false,ריו מרה טונה בשמן זית כתית מעולה 3*80 גרם,"בולטון אלימנטרי בע""\מ",,ריו מארה טונה בשמן ז,גרמים,240.00,100 גרם,false,,27.90,0.1162,true,1,2425588
8004030344938,false,"ריו מרה טונה בשמן זית 3X80 גרם מתכון חדש כשל""פ","בולטון אלימנטרי בע""\מ",,ריו מארה טונה בשמן ז,גרמים,240.00,100 גרם,false,,27.90,0.1162,true,1,1396756
8004030381681,false,ריו מרה נתחי טונה בהירה בשמן זית זוג 160 גר,ש. שסטוביץ בע`מ,,טונה בשמן זית זוגות,גרמים,320.00,100 גרם,false,,31.90,0.0997,true,1,2424276
8004030845046,false,טונה עם ירקות בתוספת עם אורז ריו מרה אינסלטיסימי 160 ג',בולטון אלימנטרי,,ריו מארה טונה בתוספת,גרמים,160.00,100 גרם,false,,15.90,0.0994,true,1,2186406
8004030860001,false,ירקות עם קוקוס וטונה ריו מרה אינסלטיסימי 160 ג',"בולטון אלימנטרי בע""\מ",,ריו מארה טונה עם קוס,גרמים,160.00,100 גרם,false,,15.90,0.0994,true,1,1484820
8004123004893,false,"שמן מתובל בטעם פטריות כמהין 250 מ""ל",באסו פדלה,,שמן מתובל בטעם פטריו,מיליליטרים,250.00,"100 מ""ל",false,,29.90,0.1196,true,1,2286275
8004123010726,false,"שמן זית כתית מעולה 750 מ""ל",,,שמן זית כתית מעולה 7,מיליליטרים,750.00,"100 מ""ל",false,,39.90,0.0532,true,1,2286276
8004350130037,false,פסטה ספגטי 500 ג' זארה,,,פסטה זארה ספגטי,גרמים,500.00,100 גרם,false,,5.90,0.0118,true,1,2223308
8004708018963,false,מלח אפור אטלנטי מטחנה 70 ארומה דה טוסקנה,דרוגריה ואלימנטרי אס,IT,מלח אפור אטלנטי מטחנה 70ג,גרמים,70.00,100 גרם,false,,12.90,0.1843,true,1,1337001
8004708018987,false,מלח ורוד הימלאיה במטחנה 90 ארומה דה טוסק,דרוגיה ואלימנטרי אס.אר.א,IT,מלח ורוד הימלאיה במטחנה 9,גרמים,90.00,100 גרם,false,,12.90,0.1433,true,1,1337002
8004708036516,false,אורגנו במטחנה 12 גר ארומה דה טוסקנה,דרוגריה ואלימנטרי אס,IT,אורגנו במטחנה 12גרם,גרמים,12.00,100 גרם,false,,12.90,1.0750,true,1,1337003
8004800000064,false,לאגו פלאסיר- גלילי ופל קרם קקאו בציפוי ש.חלב - 100 ג',תה ויסוצקי (ישראל) בעמ,,לאגו פלאסיר- גלילי ו,יחידה,0.00,יחידה,false,,12.90,0.0000,true,1,2416968
8004800005502,false,וופל מיני רול גלילי ופל במילוי קרם קקאו- 125 ג' לאגו,תה ויסוצקי (ישראל) בעמ,,לאגו מיני רול- גלילי,יחידה,0.00,יחידה,false,,7.90,0.0000,true,1,2416973
8004800005519,false,וופל רול גלילי במילוי קרם אגוזי לוז- 125 ג' לאגו,תה ויסוצקי (ישראל) בעמ,,לאגו מיני רול- גלילי,יחידה,0.00,יחידה,false,,7.90,0.0000,true,1,2416974
8004800005526,false,וופל מיני רול גלילי ופל במילוי קרם קוקוס- 125 ג' לאגו,תה ויסוצקי (ישראל) בעמ,,לאגו מיני רול- גלילי,יחידה,0.00,יחידה,false,,7.90,0.0000,true,1,2416975
8005110002243,false,רכז עגבניות Doppio Concentr בשפופרת 185 ג' MUTTI,רסטרטו יבוא ושיווק בעמ*אין החז,,רכז עגבניות Doppio C,גרמים,185.00,100 גרם,false,,7.90,0.0427,true,1,2377337
8005110170300,false,עגבניות מרוסקות חתוכות מוטי MUTTI שלישיה *400,רסטרטו יבוא ושיווק בעמ*אין החז,,שלישיית עגבניות חתוכ,גרמים,400.00,100 גרם,false,,17.90,0.0447,true,1,2349950
8005110200014,false,רסק עגבניות 210 ג' CONCENTRATO MUTTI,רסטרטו יבוא ושיווק בעמ,,רסק עגבניות CONCENTR,גרמים,210.00,100 גרם,false,,6.50,0.0310,true,1,2377338
8005110551253,false,רוטב לפיצה להכנת פיצה איטלקית קלאסית,רסטרטו יבוא ושיווק בעמ*אין החז,,רוטב לפיצה MUTTI,גרמים,400.00,100 גרם,false,,8.90,0.0223,true,1,2380922
8005200256587,false,נסטי - תה קר בטעם אפרסק 1.5 ליטר,מפעל סאנפלגרינו S.P.A,,נסטי אפרסק 1.5 ליטר,ליטרים,1.50,ליטר,false,,8.50,5.6667,true,1,2381915
8005200286584,false,תה קר נסטי מנגו אננס 1.5 ליטר פיקדון,מפעל סאנפלגרינו S.P.A,,נסטי מנגו אננס 1.5 ל,ליטרים,1.50,ליטר,false,,8.50,5.6667,true,1,2381935
8005200316588,false,תה קר נסטי אפרסק דיאט 1.5 ליטר פיקדון,מפעל סאנפלגרינו s.p.a,,נסטי אפרסק דיאט 1.5,ליטרים,1.50,ליטר,false,,8.50,5.6667,true,1,2381929
8005200486526,false,"נסטי, תה קר בטעם אפרסק 500 מל",מפעל סאנפלגרינו S.p.,IT,נסטי בטעם אפרסק פיקדון 50,מיליליטרים,500.00,"100 מ""ל",false,,5.90,0.0118,true,1,1306347
8005469951452,false,ממרח אנשובי עם שמן חמניות,בנדטו סקלייה סרל,,ממרח אנשובי איטלקי,גרמים,60.00,100 גרם,false,,11.90,0.1983,true,1,2286277
8005469981602,false,פילה אנשובי איטלקי בשמן חמניות 75 גרם,בנדטו סקילה,,פילה אנשובי איטלקי,גרמים,75.00,100 גרם,false,,12.90,0.1720,true,1,2286279
8005709201279,false,פסטה פפרדלה גרנד ארמנדו 500 גרם,,,פסטה פאפרדלה,גרמים,500.00,100 גרם,false,,12.90,0.0258,true,1,1550922
8005709204638,false,גרנו ארמנדו פסטה מפל,,,פסטה מפלדיני,גרמים,500.00,100 גרם,false,,12.90,0.0258,true,1,1550924
8005803010357,false,גריסיני קלאסי - מקלות אפויים עם שמן זית ומלח,ליימן שליסל בע`מ,,גריסיני קלאסי 125 גר,גרמים,125.00,100 גרם,false,,5.90,0.0472,true,1,1484088
8005803010371,false,"גריסיני רוזמרין - מקלות אפויים עם שמן זית, מלח ורוזמרין",ליימן שליסל בע`מ,,גריסיני רוזמרין 125,גרמים,125.00,100 גרם,false,,5.90,0.0472,true,1,1484089
8005803010586,false,"מקלות אפויים עם שמן זית, מלח, עגבניות ואורגנו, 125 גרם, אמור די פאן","הוסטה איטליה, ס.ר.ל.",,גריסיני פיצה 125 גרם,גרמים,125.00,100 גרם,false,,5.90,0.0472,true,1,1484090
8005803010661,false,"מקלות אפויים עם שמן זית, מלח, ושומשום, 125 גרם, אמור די פאן","הוסטה איטליה, ס.ר.ל.",,גריסיני שומשום 125 ג,גרמים,125.00,100 גרם,false,,5.90,0.0472,true,1,1484091
8006540091906,false,לנור כדוריות הבושם בניחוח אריאל 140 גרם,פטר קרמר עבור פרוקטור אנ,,מבשמי כדוריות לנור 1,גרמים,140.00,100 גרם,false,,19.90,0.1421,true,1,2367126
8006540091937,false,לנור כדוריות הבושם בניחוח אריאל 210 גרם,פטר קרמר עבור פרוקטור אנ,,מבשמי כדוריות לנור ב,גרמים,210.00,100 גרם,false,,25.90,0.1233,true,1,2367127
8006540110317,false,שמפו מינרלס ביוטין + במבוק לשיער חזק וארוך,דיפלומט מפיצים (1968) בעמ,,מיראקלס שמפו פנטן במ,מיליליטרים,400.00,"100 מ""ל",false,,18.90,0.0472,true,1,2357942
8006540112793,false,"מרכך כביסה מרוכז בניחוח יסמין לנור 900 מ""ל",דיפלומט מפיצים (1986) בע`מ,,לנור מרכך מרוכז בניח,מיליליטרים,900.00,"100 מ""ל",false,,13.90,0.0154,true,1,2369543
8006540112823,false,"לנור מרכך כביסה מרוכז בניחוח האוקיינוס 900 מ""ל",דיפלומט מפיצים (1968) בעמ,,לנור מרכך כביסה מרוכ,מיליליטרים,900.00,"100 מ""ל",false,,13.90,0.0154,true,1,2357571
8006540112854,false,"מרכך כביסה מרוכז בניחוח סחלב לנור 900 מ""ל",דיפלומט מפיצים (1986) בע`מ,,לנור מרכך כביסה מרוכ,מיליליטרים,900.00,"100 מ""ל",false,,13.90,0.0154,true,1,2355700
8006540157374,false,מרכך מינרלס ביוטין + במבוק לשיער חזק וארוך,דיפלומט מפיצים (1968) בעמ,,מיראקלס פנטן מרכך ב,מיליליטרים,275.00,"100 מ""ל",false,,18.90,0.0687,true,1,2357948
8006540163986,false,אריאל קפסולות לכביסה 35 יח`,דיפלומט מפיצים (1968) בעמ,,אריאל קפסולות לכביסה,יח',35.00,יח',false,,49.90,1.4257,true,1,2395137
8006540222089,false,פמפרס מגבונים היגיינים לתינוקות וילדים TO GO 40 יח',דיפלומט מפיצים (1986) בע`מ,,מגבוני פמפרס לתינוק,יח',12.00,יח',false,,5.90,0.4917,true,1,2383158
8006540252499,false,אולוויז פלטינום לונג 40 יח,פרוקטר & גמבל,,תחבושות אולוויז פלטי,יח',40.00,יח',false,,39.90,0.9975,true,1,2395139
8006540352960,false,טמפונים טמפקס פרל רגולר 20 יחידות,דיפלומט מפיצים (1986) בע`מ,,טמפקס פרל רגולר 20 י,יח',20.00,יח',false,,27.90,1.3950,true,1,2376177
8006540353004,false,טמפקס פרל סופר 18 יחידות חדש,דיפלומט מפיצים (1986) בע`מ,,טמפקס פרל סופר 18 יח,יח',18.00,יח',false,,27.90,1.5500,true,1,2376178
8006540404850,false,דיסקריט תחבושות לבריחת שתן לונג 10 יח,דיפלומט מפיצים (1968) בעמ,,תחבושות אולוויז דיסק,יח',10.00,יח',false,,14.90,1.4900,true,1,2415601
8006540404898,false,אולוויז דיסקריט לבריחת שתן לונג פלוס 8יח,דיפלומט מפיצים (1968) בעמ,,תחבושות אולוויז דיסק,יח',8.00,יח',false,,14.90,1.8625,true,1,2415602
8006540404935,false,דיסקריט תחבושות לבריחת שתן נורמל 12 יח,דיפלומט מפיצים (1968) בעמ,,תחבושות אולוויז דיסק,יח',12.00,יח',false,,14.90,1.2417,true,1,2415609
8006540405031,false,דיסקריט תחבושות לבריחת שתן סמול פלוס 16,דיפלומט מפיצים (1968) בעמ,,תחבושות אולוויז דיסק,יח',16.00,יח',false,,14.90,0.9313,true,1,2415610
8006540406694,false,פמפרס בייבי דריי פנטס מידה 4 42 יח,דיפלומט,,מכנסונים בייבי דריי,יח',42.00,יח',false,,44.90,1.0690,true,1,2423623
8006540425930,false,אריאל קפסולות לכביסה ג'ל 24 יח' לכתמים קשים,דיפלומט מפיצים (1986) בע`מ,,אריאל קפסולות לכביסה,יח',24.00,יח',false,,39.90,1.6625,true,1,2385470
8006540429327,false,פיירי מקס פאוור לימון עם מנגנון למניעת נזילות,דיפלומט מפיצים (1968) בעמ,,"פיירי לימון 440 מ""ל",מיליליטרים,440.00,"100 מ""ל",false,,11.90,0.0270,true,1,2385485
8006540463550,false,פיירי טבליות למדיח פלטינום 63 יחידות,דיפלומט מפיצים (1968) בעמ,,טבליות פיירי למדיח כ,יח',63.00,יח',false,,59.90,0.9508,true,1,2409380
8006540491539,false,"נוזל כלים פיירי פלטינום אוריגינל 780 מ""ל",דיפלומט מפיצים (1986) בע`מ,,פיירי פלטינום אורגינ,מיליליטרים,780.00,"100 מ""ל",false,,12.90,0.0165,true,1,2408769
8006540495186,false,לנור מרכך כביסה מרוכז רגיש בייבי 900 מל,דיפלומט מפיצים (1986) בע`מ,,לנור מרכך כביסה בייב,מיליליטרים,900.00,"100 מ""ל",false,,13.90,0.0154,true,1,2407897
8006540495216,false,"לנור מרכך כביסה מרוכז בניחוח אמאטיסט 900 מ""ל",דיפלומט מפיצים (1986) בע`מ,,לנור מרכך כביסה בניח,מיליליטרים,900.00,"100 מ""ל",false,,13.90,0.0154,true,1,2407898
8006540495247,false,"לנור מרכך כביסה מרוכז בניחוח פרחי בר 900 מ""ל",דיפלומט מפיצים (1968) בעמ,,לנור מרכך כביסה בניח,מיליליטרים,900.00,"100 מ""ל",false,,13.90,0.0154,true,1,2427430
8007150901623,false,שמן זרעי ענבים 1 ליטר 1/2 ליטר במארז כשר,,,שמן זרעי ענבים 1 ליט,100 מארז,1.00,100 מארז,false,,54.90,54.9000,true,1,1861042
8007178120310,false,"חומץ בלסמי 500 מ""ל (דיפלומט)",דיפלומט מפיצים (1968) בעמ**,,"חומץ בלסמי 500 מ""ל",מיליליטרים,500.00,"100 מ""ל",false,,19.90,0.0398,true,1,1306987
8007178223547,false,ג`קובזי קרם בלסמי מצומצם ממודנה 250 מל,דיפלומט מפיצים (1968) בעמ**,,קרם בלסמי מצומצם 250,גרמים,250.00,100 גרם,false,,22.90,0.0916,true,1,2186472
8007270999012,false,שמן גרעיני ענבים קוסטה דורו 1 ליטר,קוסטה דיאורו,,שמן גרעיני ענבים 1 ל,ליטרים,1.00,ליטר,false,,42.90,42.9000,true,1,1469301
8007537000543,false,"טורטיליה ציפס בטעם טבעי לל""ג 450 גרם",,,טורטיליה צ'יפס טבעי,גרמים,450.00,100 גרם,false,,24.90,0.0553,true,1,2104871
8007537005203,false,טורטיליה ציפס עגול 450 גר,FOX,,טורטיליה נאצ'וס צ'יפ,גרמים,450.00,100 גרם,false,,24.90,0.0553,true,1,2113274
8007537005937,false,פרימיום ציפס פלפל שחור ומלח ים 300 גרם,,,פרמיום צ'יפס פלפל שח,גרמים,300.00,100 גרם,false,,24.90,0.0830,true,1,2104812
8007633450204,false,קופסא 2ל' 29.6/21.5/,,,קופסא 2ל' 29.6/21.5/,יחידה,0.00,יחידה,false,,24.90,0.0000,true,1,2398334
8007633701818,false,סל כביסה אובלי 60/40,,,סל כביסה אובלי 60/40,יחידה,0.00,יחידה,false,,89.90,0.0000,true,1,2398338
8008245004847,false,ממרח אגוזי לוז וקקאו מובנפיק 300 גרם,א. סיימן סחר בעמ,,ממרח אגוזי לוז וקקאו,גרמים,300.00,100 גרם,false,,12.90,0.0430,true,1,2333276
8008245004861,false,ממרח אגוזי לוז עם חלב מובנפיק 300 גרם,יבואן ומשווק: ש. שסט,,ממרח אגוזי לוז עם חל,גרמים,300.00,100 גרם,false,,12.90,0.0430,true,1,2333277
8008343200035,false,פסטה רומו ספגטי 500 גרם,רומו Rummo,,פסטה RUMMO ספגטי 500,גרמים,500.00,100 גרם,false,,8.90,0.0178,true,1,1820561
8008343200134,false,פסטה רומו לינגוינה 500גר,רומו Rummo,,פסטה RUMMO ריגטה 500,גרמים,500.00,100 גרם,false,,8.90,0.0178,true,1,1820562
8008343200271,false,פסטה סמי די אורזו Semi di orzo,רומו Rummo,,פסטה RUMMO סמי די או,גרמים,500.00,100 גרם,false,,8.90,0.0178,true,1,1820563
8008343200424,false,פסטה קונקילי ריגטה Conchiglie rigate,רומו Rummo,,פסטה RUMMO קונקילי ר,גרמים,500.00,100 גרם,false,,8.90,0.0178,true,1,1820584
8008343200486,false,פסטה רומו פוזילי 500 גרם,רומו Rummo,,פסטה RUMMO פוזילי 50,גרמים,500.00,100 גרם,false,,8.90,0.0178,true,1,1820585
8008343200516,false,פסטה מזי ריגטוני Mezzi rigatoni,רומו Rummo,,פסטה RUMMO מזי ריגטו,גרמים,500.00,100 גרם,false,,8.90,0.0178,true,1,1820586
8008343200547,false,פסטה ריצ'יולי Riccioli,רומו Rummo,,פסטה RUMMO ריציולי 5,גרמים,500.00,100 גרם,false,,8.90,0.0178,true,1,1821228
8008343200660,false,פסטה רומו פנה ריגטה500גר,רומו Rummo,,פסטה RUMMO פנה ריגטה,גרמים,500.00,100 גרם,false,,8.90,0.0178,true,1,1820587
8008343200851,false,פסטה רומו פרפלה 500 גרם,רומו Rummo,,פסטה RUMMO פרפלה 500,גרמים,500.00,100 גרם,false,,8.90,0.0178,true,1,1820588
8008343200882,false,פסטה קזארצ'ה Casarecce,רומו Rummo,,פסטה RUMMO קזארצה 50,גרמים,500.00,100 גרם,false,,8.90,0.0178,true,1,1820589
8008343201377,false,פסטה רומו רדיאטורי 500גר,רומו Rummo,,פסטה RUMMO רדיאטורי,גרמים,500.00,100 גרם,false,,8.90,0.0178,true,1,1820565
8008343279826,false,רוטב עגבניות עם בזיליקום,גרופו פיני,,רוטב פסטה בזיליקום 3,גרמים,350.00,100 גרם,false,,11.90,0.0340,true,1,1825794
8008621020850,false,צבעי מים 24 פיברקולו,,,צבעי מים 24 פיברקולו,יחידה,0.00,יחידה,false,,29.90,0.0000,true,1,2312123
8008660210014,false,מעדן משמש מנז אנד גאסר ויסוצקי 300 גרם,תה ויסוצקי (ישראל) בעמ,,מעדן משמש,גרמים,320.00,100 גרם,false,,12.90,0.0403,true,1,1674212
8008660210038,false,מעדן ריבה מנץ אנד גאססר תות שדה 300 גר,תה ויסוצקי (ישראל) בעמ,,מעדן תות שדה,גרמים,320.00,100 גרם,false,,12.90,0.0403,true,1,1674214
8008660210045,false,מעדן פירות יער מנז אנד גאסר ויסוצקי 300 גרם,תה ויסוצקי (ישראל) בעמ,,מעדן פירות יער,גרמים,320.00,100 גרם,false,,12.90,0.0403,true,1,1674206
8008660210052,false,מעדן פרי תפוז מנז אנד גאסר ויסוצקי 320 גרם,תה ויסוצקי (ישראל) בעמ,,מעדן פרי תפוז 320 גר,גרמים,320.00,100 גרם,false,,12.90,0.0403,true,1,2128339
8008660210069,false,מעדן פרי פסיפלורה מנז אנד גאסר ויסוצקי 320 גרם,תה ויסוצקי (ישראל)בעמ,,מעדן פרי אפרסק פסיפל,גרמים,320.00,100 גרם,false,,12.90,0.0403,true,1,2128340
8008698002049,false,קרקרים עגולים 175 גרם ללא גלוטן,ל.י.ב. (לחיות יותר בטבע) בעמ,IT,קרקרים עגולים 175,גרמים,175.00,100 גרם,false,,24.90,0.1423,true,1,1350622
8008698003503,false,עוגיות שיבולת שועל עם צימוקים 250 גר,ל.י.ב. (לחיות יותר בטבע) בעמ,IT,קרקרים 210 מלבניים,גרמים,210.00,100 גרם,false,,28.90,0.1376,true,1,1350627
8008698004548,false,ביסקוויטים בציפוי קרם ללא גלוטן 150 גר,ל.י.ב. (לחיות יותר בטבע) בעמ,,ביסקווטים בציפוי קרם,גרמים,150.00,100 גרם,false,,16.90,0.1127,true,1,1470724
8008698004630,false,SORRISI עוגיות סנדוויץ' במילוי קרם קקאו 250 גר',ל.י.ב. (לחיות יותר בטבע) בעמ,IT,עוגיות דבל שוקולד,גרמים,250.00,100 גרם,false,,24.90,0.0996,true,1,1350630
8008698004852,false,מיקס - Cתערובת קמחים לאפיית עוגות 1קג ללא גלוטן,"ד""ר שר ס.ר.ל",,תערובת קמחים לאפיית,קילוגרמים,1.00,"ק""ג",false,,29.90,29.9000,true,1,1388383
8008698005231,false,עוגיות סנדוויץ בטעם שוקולד ממולאות קרם חלב ללא גלוט,שר Schar,,עוגיות שוקולד,גרמים,165.00,100 גרם,false,,19.90,0.1206,true,1,2322935
8008698005347,false,"ביסקוויט מצופות שוקולד מריר לל""ג 150 גר",שר Schar,,ביסקוויט שוקולד,גרמים,150.00,100 גרם,false,,14.90,0.0993,true,1,2322936
8008698008157,false,שר עוגיות שוקולד במילוי קרם שמנת ללא גלוטן 100 גר',ל.י.ב. (לחיות יותר בטבע) בעמ,IT,עוגיות דבל וניל,גרמים,100.00,100 גרם,false,,13.90,0.1390,true,1,1350632
8008698010358,false,"תערובת קמחים לאפייה כללית 500 גרם לל""ג","ד""ר שר ס.ר.ל",,מיקס IT תערובת קמחים,גרמים,500.00,100 גרם,false,,15.90,0.0318,true,1,1470718
8008698012857,false,ביסקויט פתי בר בטעם חמאה 165 גרם ללא גלוטן petit,ל.י.ב. (לחיות יותר בטבע) בעמ,,פתי בר חמאה ללא גלוט,גרמים,165.00,100 גרם,false,,18.90,0.1145,true,1,1350636
8008698013021,false,עוגיות שוקולד צ`יפס פריכות ללא גלוטן 1,דר שר פוסטל,,עוגיות שוקולד צ'פס פ,גרמים,100.00,100 גרם,false,,12.90,0.1290,true,1,1470726
8008857406152,false,פסטה רגיה אטריות עגולות עבה תומר 500 גרם,רגיה,,אטריות עגולות עבות,גרמים,500.00,100 גרם,false,,7.90,0.0158,true,1,1339801
8008857500003,false,פסטה רגיה אטריות עגולות דקות תומר 500 גרם,תומר ייבוא ושיווק מוצרי מזון [,,אטריות דקות,גרמים,500.00,100 גרם,false,,7.90,0.0158,true,1,1339802
8008857601052,false,פסטה לזניה דפים רג'יה 500ג',פסטה רג'יה Pasta Reggia,,דפי לזניה 500 גרם,גרמים,500.00,100 גרם,false,,9.90,0.0198,true,1,2014813
8008857601090,false,פסטה קנלוני רג'יה 250 גר',תומר ייבוא ושיווק מוצרי מזון [,,קנלוני 250 גרם.,גרמים,250.00,100 גרם,false,,7.90,0.0316,true,1,2024088
8008912010034,false,ליגורי- ספגטי מספר 3 500גר,תה ויסוצקי (ישראל)בעמ,,פסטה פרפלה,גרמים,500.00,100 גרם,false,,7.90,0.0158,true,1,2365795
8008912010072,false,ליגורי- לינגוויני מספר 7 500גר,תה ויסוצקי (ישראל)בעמ,,פסטה פרפלה,גרמים,500.00,100 גרם,false,,7.90,0.0158,true,1,2365796
8008912010270,false,"ליגורי פסטה קסרצ'ה מספר 27, 500 גר'",תה ויסוצקי (ישראל)בעמ,,פסטה קסרצ'ה,גרמים,500.00,100 גרם,false,,7.90,0.0158,true,1,2365797
8008912010300,false,LIGUORI פסטה פרפלה 500 גרם מספר 30,תה ויסוצקי (ישראל)בעמ,,פסטה פרפלה,גרמים,500.00,100 גרם,false,,7.90,0.0158,true,1,2365798
8008912010317,false,LIGUORI פסטה פוזילי 500 גרם מספר 31,תה ויסוצקי (ישראל)בעמ,,פסטה פוזילי,גרמים,500.00,100 גרם,false,,7.90,0.0158,true,1,2365799
8008912010331,false,"ליגורי פסטה ניוקי סרדי בצורת קונכיות, 500 גר'",תה ויסוצקי (ישראל)בעמ,,פסטה בצורת קונכיות,גרמים,500.00,100 גרם,false,,7.90,0.0158,true,1,2365800
8008912010423,false,פסטה פנה ריגטה מס (42 500 גר`)ליגורי,תה ויסוצקי (ישראל) בעמ,,פסטה פנה,גרמים,500.00,100 גרם,false,,7.90,0.0158,true,1,2365801
8008990001009,false,ספוג מס'ז שיש אובלי,אריקס Arix,IT,אקווה ספוג מסג' שיש אובלי,יחידה,0.00,יחידה,false,,9.90,0.0000,true,1,1361506
8008990006004,false,ספוג רחצה עדין שיש א,אריקס Arix,IT,אקווה ספוג רחצה עדין שיש,יחידה,0.00,יחידה,false,,9.90,0.0000,true,1,1361510
8008990009463,false,ספוג תאית לילדים טבע,אריקס Arix,IT,אקווה ספוג תאית טהורה ליל,יחידה,0.00,יחידה,false,,10.90,0.0000,true,1,1361515
8008990009722,false,רצועת סיזל וכותנה לג,אריקס Arix,IT,אקווה רצועת סיזל וכותנה ל,יחידה,0.00,יחידה,false,,32.90,0.0000,true,1,1361519
8008990009753,false,מברשת אמבט זיפים טבעיים,איתן ספקים E,IT,אקווה מברשת אמבט עם זיפים,יחידה,0.00,יחידה,false,,24.90,0.0000,true,1,1361520
8008990060143,false,ספוג איטליה 4 יח',,,ספוג איטליה 4 יח',יחידה,0.00,יחידה,false,,14.90,0.0000,true,1,2332471
8008990095831,false,אקווה כדור מקלחת 1יח',איתן ספקים E,IT,אקווה ספוג רשת היפולארגני,יחידה,0.00,יחידה,false,,19.90,0.0000,true,1,1361521
8009404010228,false,"גיגית 55 ס""מ 22 ליטר",,,"גיגית 55 ס""מ - 22 לי",יחידה,0.00,יחידה,false,,29.90,0.0000,true,1,2381022
8009404710067,false,סכומון מגירה קטן,,,סכומון מגירה קטן,יחידה,0.00,יחידה,false,,12.90,0.0000,true,1,2381042
8009404710111,false,סכומון מגירה גדול,,,סכומון מגירה גדול,יחידה,0.00,יחידה,false,,19.90,0.0000,true,1,2381043
8009470009096,false,סימבה שימורי חתולים טעם דגים וטונה 415ג',שחורי אריה ואנסטסיה,,סימבה שימורים לחתול,גרמים,400.00,100 גרם,false,,3.90,0.0097,true,1,1703713
8009470009232,false,מעדן לחתול דג 100 ג' סימבה,נאמן לאורך זמן בעמ,,סימבה מעדן פטה 100 ג,גרמים,100.00,100 גרם,false,,3.90,0.0390,true,1,1703716
8009470009546,false,סימבה שימורי חתולים בטעם כבש 500ג',אמ.או.אן.ג'י.אי.אמונ,,סימבה שימורים לחתול,גרמים,400.00,100 גרם,false,,3.90,0.0097,true,1,1703720
8009915000039,false,פסטה קפליני ללא גלוטן 250 גר (12) (3),לה וואניציאני La Venezian,,פסטה קפילינ ללא גלוט,גרמים,250.00,100 גרם,false,,14.90,0.0596,true,1,1352690
8009915000282,false,פסטה פטוצ'יני ללא גלוטן 250 גר' - פוריו,LE VENEZIANE,,פסטה פטוציני ללא גלו,גרמים,250.00,100 גרם,false,,14.90,0.0596,true,1,1352691
8009915000367,false,פסטה אנליני ללא גלוט,,,פסטה אנליני ללא גלוט,גרמים,250.00,100 גרם,false,,14.90,0.0596,true,1,1352692
8009915000374,false,פסטה דיטאליני ללא גלוטן 250 גרם,LE VENEZIANE,,פסטה דיטאליני ללא גל,גרמים,250.00,100 גרם,false,,14.90,0.0596,true,1,1352693
8009915000701,false,פסטה תירס ריגוטיני ללא גלוטן,לה וואניציאני La Venezian,,פסטה ריגטוני ללא גלו,גרמים,250.00,100 גרם,false,,14.90,0.0596,true,1,1352694
8009915001227,false,פסטה פנה ללא גלוטן 250 גרם,לה וואניציאני La Venezian,,פסטה פנה ללא גלוטן,גרמים,250.00,100 גרם,false,,14.90,0.0596,true,1,1352695
8009915004150,false,ביסקוויט מקמח תירס שוקולד אגוזים 250 גר,מולינו דה פירו,,ביסקוויט מקמח תירס ש,גרמים,250.00,100 גרם,false,,14.90,0.0596,true,1,2104827
8009915004167,false,ביסקוויט קמח תירס בטעם קוקוס 250 גרם,מולים די פיירו ס.פ.א,,ביסקוויט מקמח תירס ב,גרמים,250.00,100 גרם,false,,14.90,0.0596,true,1,2104828
8009915004204,false,ביסקוויט מקמח תירס בטעם מעודן 300 גרם,מולינו דה פירו,,ביסקוויט מקמח תירס ק,גרמים,300.00,100 גרם,false,,14.90,0.0497,true,1,2104829
8010024006010,false,חמאת שקדים 100% השקד נטורפוד 350 גרם,תות תעשיות מזון (201,,חמאת שקדים 100% שקד,גרמים,350.00,100 גרם,false,,39.90,0.1140,true,1,1469468
8013399145278,false,דיאטורל סוכריות סטיביה ליקוריץ רך 70 גרם,גורי מוצרי צריכה בעמ,IT,סט.דיטורל ליקורי רך 70ג,גרמים,70.00,100 גרם,false,,7.90,0.1129,true,1,1309263
8013399145315,false,סוכריות סטיביה דיטרול תות 70 גרם,קלואטה איטליה,IT,סט.דיטורל תות שקית רך 70ג,גרמים,70.00,100 גרם,false,,7.90,0.1129,true,1,1309265
8017938005122,false,"נטורפוד חומץ תפוחים אורגני 750 מ""ל",מריה לוצ'יה מלצ'יורי,,"חומץ תפוחים 750 מ""ל",מיליליטרים,750.00,"100 מ""ל",false,,18.90,0.0252,true,1,1469248
8017938005764,false,מיץ תפוחים אורגני 100% 1 ליטר נטורפוד,נטורפוד בעמ,,מיץ תפוחים אורגני 10,ליטרים,1.00,ליטר,false,,18.90,18.9000,true,1,1469519
8017990112127,false,פלסטר טאטו רחב,,,פלסטר טאטו רחב,יחידה,0.00,יחידה,false,,5.90,0.0000,true,1,2332454
8021228902442,false,רביולי ללא גלוטן במילוי ביונד מיט 250 ג' דה אנג'ליס,ג.וילי-פוד אינטרנשיונל **גבינו,,רביולי (ללא גלוטן)במ,גרמים,250.00,100 גרם,false,,29.90,0.1196,true,1,2395926
8023678161363,false,משקה שיבולת שועל טבעי אורגני 1ליטר ISOLA,איזולה ביו Isola Bio,,משקה שבלת שועל טבעי,ליטרים,1.00,ליטר,false,,9.90,9.9000,true,1,1393981
8023678162360,false,משקה שקדים טבעי אורגני 1ליטר ISOLA,לחיות יותר בטבע בעמ,,משקה שקדים טבעי אורג,ליטרים,1.00,ליטר,false,,14.90,14.9000,true,1,1393983
8023678164517,false,משקה שקדים ללא סוכר טבעי אורגני 1ליטר ISOLA,איזולה ביו Isola Bio,,משקה שקדים ללא תוספת,ליטרים,1.00,ליטר,false,,14.90,14.9000,true,1,2236330
8024985000062,false,מחית תפוח אורגני 100% פרי 200 גר נטורה,"נטורפוד בע""מ",,מחית תפוח אורגנית 10,גרמים,200.00,100 גרם,false,,9.90,0.0495,true,1,1469370
8024985000079,false,מחית תפוח משמש 100% פרי 200 ג נטורה נובה,נטורפוד בעמ,,מחית תפוח משמש אורגנ,גרמים,200.00,100 גרם,false,,9.90,0.0495,true,1,1469371
8024985000093,false,מחית תפוח שזיף 100% פרי 200 ג נטורה נובה,"נטורפוד בע""מ",,מחית תפוח שזיף אורגנ,גרמים,200.00,100 גרם,false,,9.90,0.0495,true,1,1469373
8024985000109,false,נטורה נובה מחית אגס אורגנית 100% פרי 200 גרם,נטורפוד בעמ,,מחית אגס אורגנית 100,גרמים,200.00,100 גרם,false,,9.90,0.0495,true,1,1469374
8024985002783,false,מחית פירות סמוצ`י תפוח גזר דלעת ללא תוספ,נטורפוד בעמ,,מחית סמוזי דלעת גזר,גרמים,100.00,100 גרם,false,,5.90,0.0590,true,1,1953210
8024985003988,false,מחית פירות סמוצ`י תפוחים ובננה אורגנית ל,נטורפוד בעמ,,מחית סמוזי תפוח בננה,גרמים,100.00,100 גרם,false,,5.90,0.0590,true,1,1469428
8024985004299,false,סמוזי מעורב תפוח/פירות רביעיה 400 גר,נטורפוד בעמ,,סמוט'י פירות אדומים+,גרמים,400.00,100 גרם,false,,18.90,0.0472,true,1,1469430
8024985004695,false,נטורה נובה סמוזי בננה רביעייה 100 גרם,נטורה נובה,,מחית סמוזי בננה רביע,גרמים,400.00,100 גרם,false,,18.90,0.0472,true,1,1469432
8024985005234,false,מחית פירות סמוצ`י תפוח עץ ומנגו אורגנית,נטורפוד בעמ,,סמוזי תפוח אפרסק מנג,גרמים,100.00,100 גרם,false,,5.90,0.0590,true,1,1469433
8024985005296,false,סמוזי אגס בננה תפוח וקינואה אורגני,נטורפוד בעמ,,מחית סמוזי אגס בננה,גרמים,120.00,100 גרם,false,,6.90,0.0575,true,1,1953211
8024985008037,false,מחית פירות סמוצ`י תפוח אורגנית ללא תוספת,"נטורפוד בע""מ",,מחית סמוזי תפוח 100,גרמים,100.00,100 גרם,false,,5.90,0.0590,true,1,1469376
8024985008044,false,מחית פירות סמוצ`י אגס אורגנית ללתס נטור,"נטורפוד בע""מ",,מחית סמוזי אגס אורגנ,גרמים,100.00,100 גרם,false,,5.90,0.0590,true,1,1469377
8024985008051,false,מחית פירות סמוצ`י פירות אדומים אורגנית ל,"נטורפוד בע""מ",,מחית סמוזי פירות אדו,גרמים,100.00,100 גרם,false,,5.90,0.0590,true,1,1469378
8025358614008,false,מצקת עמוקה קלאסיק ני,,,מצקת עמוקה קלאסיק ני,יחידה,0.00,יחידה,false,,19.90,0.0000,true,1,2352575
8025358616866,false,אלמוגית סקוטש,,,אלמוגית סקוטש,יחידה,0.00,יחידה,false,,14.90,0.0000,true,1,2402120
8025358620382,false,בקבוק תרמוס ליטר ניר,,,בקבוק תרמוס ליטר ניר,יחידה,0.00,יחידה,false,,49.90,0.0000,true,1,2298660
8025358627459,false,מצקת עמוקה נירוסטה ס,,,מצקת עמוקה נירוסטה ס,יחידה,0.00,יחידה,false,,22.90,0.0000,true,1,2298665
8025358628685,false,כף הגשה קצרה חורים,,,כף הגשה קצרה חורים,יחידה,0.00,יחידה,false,,9.90,0.0000,true,1,2349967
8025358628708,false,כף טיגון 23 נירוסטה,,,כף טיגון קצרה,יחידה,0.00,יחידה,false,,9.90,0.0000,true,1,2349968
8025358629064,false,סט 6 שיפודים עבים 45,,,סט 6 שיפודים עבים 45,יחידה,0.00,יחידה,false,,24.90,0.0000,true,1,2352581
8025358629927,false,מועך תפוח אדמה נירוס,,,מועך תפוח אדמה נירוס,יחידה,0.00,יחידה,false,,19.90,0.0000,true,1,2298668
8025358630848,false,סט 6 כפות מידה נירוס,,,סט 6 כפות מידה נירוס,יחידה,0.00,יחידה,false,,44.90,0.0000,true,1,2402130
8032523530452,false,ממרח פיסטוק פיסטי אי,פיסטי,,ממרח פיסטוק,גרמים,200.00,100 גרם,false,,34.90,0.1745,true,1,2401664
8032523531015,false,ממרח פסטו פיסטוק אלת,,,ממרח פסטו פיסטוק,גרמים,190.00,100 גרם,false,,41.90,0.2205,true,1,2401669
8032523531299,false,ממרח קקאו עם אגוזי לוז 200 גרם,,,ממרח קקאו אגוזי לוז,גרמים,200.00,100 גרם,false,,29.90,0.1495,true,1,2401670
8032793342458,false,עגבניות מרוסקות דק ומסוננות בבקבוק 700 ג',קונסוריזיו קאסאלסקו דל פ,,עגבניות מרוסקות,גרמים,750.00,100 גרם,false,,11.90,0.0159,true,1,2304980
8032793344292,false,עגבניות מרוסקות דק בקבוק 700 גר` פולפה,קונסוריזיו קאסאלסקו דל פ,,עגבניות מרוסקות,גרמים,750.00,100 גרם,false,,8.90,0.0119,true,1,2304981
8032793344520,false,תרכיז עגבניות רסק עגבניות מרוכז מאוד,גורי מוצרי צריכה (1991) בעמ,,תרכיז עגבניות מרוכז,גרמים,200.00,100 גרם,false,,7.90,0.0395,true,1,2328582
8032804430440,false,אטריות כוסמת אורגניות ללא גלוטן,אף.סי תבליני בגליל ב,,ספגטי כוסמת אורגני-פ,גרמים,400.00,100 גרם,false,,18.90,0.0472,true,1,1953168
8032804430471,false,פליסיה קופסא - סדניני עדשים אדומות 250 גרם,אף.סי תבליני בגליל ב,,פסטה עדשים אדומות לל,גרמים,250.00,100 גרם,false,,12.90,0.0516,true,1,1469543
8032804430501,false,פליסיה פסטה פוזילי אפונה אורגני 250 גרם,אף.סי תבליני בגליל ב,,פוזילי אפונה ירוקה 2,גרמים,250.00,100 גרם,false,,12.90,0.0516,true,1,1469544
8032804430785,false,ספגטי עדשים צהובות פליסיה 250 גרם,אף.סי תבליני בגליל ב,,ספגטי עדשים צהובות-פ,גרמים,250.00,100 גרם,false,,18.90,0.0756,true,1,1953189
8032804431287,false,ספגטי אורז מלא אורגני 400 גרם פליסיה,פליסיה Felicia Bio,,ספגטי אורז מלא אורגנ,גרמים,400.00,100 גרם,false,,12.90,0.0323,true,1,1469434
8032804432017,false,פוזילי פליסיה כוסמת אורגני 340 גר,מולינו אנדריאני,,פסטה פוזילי כוסמת או,גרמים,340.00,100 גרם,false,,14.90,0.0438,true,1,1953170
8032804432024,false,דפי לזניה אורז-תירס אורגנית ללא גלוטן,מולינו אנדריאני,,לזנייה אורז תירס אור,גרמים,250.00,100 גרם,false,,17.90,0.0716,true,1,1469435
8032804432031,false,פליסיה קופסא - פנה אורז מלא אורגני 340 גרם,מולינו אנדריאני,,פנה אורז מלא אורגני,גרמים,400.00,100 גרם,false,,11.90,0.0298,true,1,1469436
8032804435636,false,פליסיה קופסא - פוזילי 4 דגנים אורגני 340 גרם,פליסיה Felicia Bio,,פוזלי 4 דגנים אורגני,גרמים,340.00,100 גרם,false,,16.90,0.0497,true,1,1469565
8032804435643,false,פליסיה קופסה-פוזילי אורז מלא אורגני 340 גרם,פליסיה Felicia Bio,,פוזילי אורז מלא אורג,גרמים,340.00,100 גרם,false,,11.90,0.0350,true,1,1469566
8032880800243,false,פיקניק הפתעה - אגוזי לוז ומקלות אפויים,"הוסטה איטליה, ס.ר.ל.",IT,פיקניק הפתעה 50 גרם,גרמים,50.00,100 גרם,false,,6.90,0.1380,true,1,1326632
8033020445973,false,"PIVETTI קמח 00 לכל מטרה 1 ק""ג",פיווטי Pivetti,,קמח 00 Antigrumi לכל,גרמים,1000.00,100 גרם,false,,6.90,0.0069,true,1,2377339
8033020446000,false,"קמח איטלקי לפיצה ופוקצה 1 ק""ג 00 PIVETTI",פיווטי Pivetti,,קמח איטלקי לפיצה ופו,גרמים,1000.00,100 גרם,false,,9.90,0.0099,true,1,2377341
8033413430050,false,קרם ליקר לימונצלו וי,וילה מסה,,ליקר לימונצ'לו 700 מ,מיליליטרים,700.00,"100 מ""ל",false,,99.00,0.1414,true,1,2377069
8052440756216,false,שמן חמניות אורגני כבישה קרה 1 ליטר,תות תעשיות מזון (201,,שמן חמניות אורגני 1,ליטרים,1.00,ליטר,false,,32.90,32.9000,true,1,1469324
8052440756315,false,שמן קנולה אורגני 1 ליטר נטורפוד,תות תעשיות מזון (201,,שמן קנולה אורגני 1 ל,ליטרים,1.00,ליטר,false,,32.90,32.9000,true,1,1469325
8076800105988,false,ברילה פוזילי בקופסה 1 קג,ברילה גי.אי.אר פרטלי ס.פ,,"ברילה פוזילי 1 ק""ג ב",קילוגרמים,1.00,"ק""ג",false,,13.90,13.9000,true,1,2381423
8076800195019,false,ברילה - צ.א ספגטי מס1 קפליני 500 גרם,ברילה גי.אי.אר פרטלי ס.פ,IT,ברילה צ.א ספגטי מס1 קפלינ,גרמים,500.00,100 גרם,false,,7.90,0.0158,true,1,1339101
8076800195033,false,ברילה - צ.א ספגטיני מס3 חדש 500 גרם,ברילה גי.אי.אר פרטלי ס.פ,IT,ברילה צ.א ספגטי מס3 500 ג,גרמים,500.00,100 גרם,false,,7.90,0.0158,true,1,1339102
8076800195057,false,ברילה - צ.א ספגטי מס5 חדש 500 גרם,ברילה גי.אי.אר פרטלי ס.פ,IT,ברילה צ.א ספגטי מס5 500 ג,גרמים,500.00,100 גרם,false,,7.90,0.0158,true,1,1339103
8076800195132,false,ברילה - צ.א בבטה מס13 500 גרם,ברילה גי.אי.אר פרטלי ס.פ,IT,ברילה צ.א בבטה מס13 500 ג,גרמים,500.00,100 גרם,false,,7.90,0.0158,true,1,1339104
8076800315097,false,פסטה מקרוני בוקטיני מספר 9 ברילה 500 גרם,ברילה גי.אי.אר פרטלי ס.פ,IT,ברילה צ.א בוקטיני מס9 500,גרמים,500.00,100 גרם,false,,7.90,0.0158,true,1,1339105
8076802085738,false,ברילה צ.ק פנה רגטה מס' 73 500 גרם,ברילה גי.אי.אר פרטלי ס.פ,IT,ברילה צ.ק פנה רגטה מס73 5,גרמים,500.00,100 גרם,false,,7.90,0.0158,true,1,1339107
8076802085837,false,ברילה - צ.ק טורטליוני מס83 500 גרם,הנסיך- מפעל לייצור ט,IT,ברילה צ.ק טורטליוני מס83,גרמים,500.00,100 גרם,false,,7.90,0.0158,true,1,1339108
8076802085936,false,ברילה פסטה צ.ק. קונצילה ריגטה חדש,ברילה גי.אי.אר פרטלי ס.פ,IT,ברילה צ.ק קונצילה ריגטה מ,גרמים,500.00,100 גרם,false,,7.90,0.0158,true,1,1339109
8076802085981,false,ברילה - צ.ק פוזילי חדש 500 גרם,ברילה גי.אי.אר פרטלי ס.פ,IT,ברילה צ.ק פוזילי מס98 500,גרמים,500.00,100 גרם,false,,7.90,0.0158,true,1,1339110
8076808050440,false,פסטה מקרוני מספר 44 ברילה 500 גרם,ש. שסטוביץ בע`מ,IT,ברילה צ.ק מקרוני מס44 500,גרמים,500.00,100 גרם,false,,7.90,0.0158,true,1,1339112
8076808060654,false,פסטה פרפלה מספר 65 ברילה 500 גרם,ברילה גי.אי.אר פרטלי ס.פ,IT,ברילה צ.ק פרפלה מס65 500,גרמים,500.00,100 גרם,false,,7.90,0.0158,true,1,1339113
8076808070882,false,קנלוני מספר 88 ברילה (250 גרם),פאסטיפיקו ריגו אס.אר,IT,ברילה צ.מ קנלוני מס88 250,גרמים,250.00,100 גרם,false,,13.90,0.0556,true,1,1339114
8076808150072,false,ברילה - צ.א ספגטוני מס7 חדש 500 גרם,ברילה גי.אי.אר פרטלי ס.פ,IT,ברילה צ.א ספגטי מס7 500 ג,גרמים,500.00,100 גרם,false,,7.90,0.0158,true,1,1339115
8076809501415,false,ברילה קנלוני/פנה 500 ג' מצה פנה טרקולור 500 גרם,"ש. שסטוביץ בע""\מ",IT,ברילה צ.ק מצה פנה טרקולור,גרמים,500.00,100 גרם,false,,12.90,0.0258,true,1,1339116
8076809512268,false,פסטה גירנדולה טורסדס מספר 34 ברילה 500 גרם,ברילה גי.אי.אר פרטלי ס.פ,IT,ברילה צ.ק גירנדולה מס34 5,גרמים,500.00,100 גרם,false,,7.90,0.0158,true,1,1339117
8076809513388,false,ברילה רוטב אראביאטה צילי לפסטה 400 ג,ברילה גי.אי.אר פרטלי ס.פ,IT,ברילה רוטב ארביאטה 400 ג,גרמים,400.00,100 גרם,false,,13.90,0.0348,true,1,1339118
8076809513395,false,ברילה פומודורו רוטב עגבניות קלאסי 400 גר,ברילה גי.אי.אר פרטלי ס.פ,IT,ברילה רוטב פומודורו 400 ג,גרמים,400.00,100 גרם,false,,13.90,0.0348,true,1,1339119
8076809513654,false,בסיס רוטב עגבניות לבולונז ברילה 400 גרם,ברילה גי.אי.אר פרטלי ס.פ,IT,ברילה בסיס לבולונז 400 גר,גרמים,400.00,100 גרם,false,,13.90,0.0348,true,1,1339120
8076809513692,false,רוטב עגבניות נפולטנה בתוספת ירקות,ברילה גי.אי.אר פרטלי ס.פ,IT,ברילה רוטב נפולטנה 400 גר,גרמים,400.00,100 גרם,false,,13.90,0.0348,true,1,1339121
8076809513739,false,ברילה רוטב עגבניות עם בזיליקום 400 גרם,ברילה גי.אי.אר פרטלי ס.פ,IT,ברילה רוטב בזיליקום 400 ג,גרמים,400.00,100 גרם,false,,13.90,0.0348,true,1,1339122
8076809514774,false,ברילה פפרדלה איטריות ביצים 250 גרם,ברילה גי.אי.אר פרטלי ס.פ,IT,ברילה צ.מ פפרדלה ביצים 25,גרמים,250.00,100 גרם,false,,17.90,0.0716,true,1,1339123
8076809515399,false,ברילה אמיליאנה טליאטלה 500 גר`ברילה,ברילה גי.אי.אר פרטלי ס.פ,,ברילה אמיליאנה טליאט,גרמים,500.00,100 גרם,false,,13.90,0.0278,true,1,2302811
8076809523561,false,ברילה - רוטב פסטה בטעם טוסקנה 400 גרם,ברילה גי.אי.אר פרטלי ס.פ,IT,ברילה רוטב פסטה בטעם טוסק,גרמים,400.00,100 גרם,false,,13.90,0.0348,true,1,1339125
8076809523707,false,פסטה ברילה קסטלנה 500 גרם,ברילה גי.אי.אר פרטלי ס.פ,IT,ברילה צ.ק קסטלנה מס280 50,גרמים,500.00,100 גרם,false,,13.90,0.0278,true,1,1339126
8076809523738,false,דפי לזניה ברילה 500 גרם,ברילה גי.אי.אר פרטלי ס.פ,IT,ברילה צ.מ לזניה 500 גרם,גרמים,500.00,100 גרם,false,,20.90,0.0418,true,1,1339128
8076809529419,false,ספגטי מחיטה מלאה מס' 5 500 ג' ברילה,ברילה גי. אי. אר פרט,IT,ברילה פ. חיטה מלאה ספגטי,גרמים,500.00,100 גרם,false,,12.90,0.0258,true,1,1339129
8076809529433,false,פסטה פנה ריגטה חיטה מלאה ברילה (500 גרם),"ש. שסטוביץ בע""\מ",IT,ברילה פ.חיטה מלאה ק. פנה,גרמים,500.00,100 גרם,false,,12.90,0.0258,true,1,1339130
8076809545440,false,ספגטי מספר 5 ללא גלוטן ברילה (400 גרם),ברילה ג'.אי.אר פרטלי,,איטריות ללא גלוטן 40,גרמים,400.00,100 גרם,false,,14.90,0.0373,true,1,1396801
8076809545457,false,ברילה אטריות ללא גלוטן 400 ג' צינורות 400 ג',ברילה ג'.אי.אר פרטלי,,פסטה ללא גלוטן 400 ג,גרמים,400.00,100 גרם,false,,14.90,0.0373,true,1,1396802
8076809545464,false,ברילה פסטה ללא גלוטן צורת ספירלי 400 גר,מולינו אנדריאני אס.א,,פסטה ללא גלוטן 400 ג,גרמים,400.00,100 גרם,false,,14.90,0.0373,true,1,1396803
8076809547956,false,פסטה ברילה קיפרי 500 גרם,ברילה ג'.אי.אר פרטלי,,ברילה ספגטי קיפרי 50,גרמים,500.00,100 גרם,false,,7.90,0.0158,true,1,2299747
8076809578998,false,ברילה - צ.ק. סטלינה 500 גרם,ברילה גי. אי. אר פרטלי ס,,ספגטי סטלינה מס 27 -,גרמים,500.00,100 גרם,false,,7.90,0.0158,true,1,2356028
8076809580496,false,פסטה פפירי 450 ג' ברילה,"ש.שסטוביץ בע""\מ",,ברילה צ.מ פפירי 450,גרמים,450.00,100 גרם,false,,13.90,0.0309,true,1,2372964
8121300206946,false,ממתיק סיטיביה טרוביה 80 שקיות אישיות,גורי ע.ע.ע. בע`מ,,טרוביה סטיביה ממתיק,גרמים,80.00,100 גרם,false,,29.90,0.3737,true,1,2285834
8121300207004,false,טרוביה - סטיביה ממתיק בצנצנת 270 גרם,קספרס פאקאגעהג,,טרוביה סטיביה ממתיק,גרמים,270.00,100 גרם,false,,32.90,0.1219,true,1,2285835
8121300208780,false,טרוביה תחליף סוכר לכל מטרה 360 גרם,גורי ע.ע.ע. בעמ,,טרוביה תחליף סוכר לכ,גרמים,360.00,100 גרם,false,,29.90,0.0831,true,1,2427839
8121300209466,false,טרוביה-תחליף סוכר חום 320 גרם,גורי ע.ע.ע. בעמ,,טרוביה תחליף סוכר חו,גרמים,320.00,100 גרם,false,,29.90,0.0934,true,1,2427840
8174780173512,false,תמצית וניל טבעית,,,תמצית וניל טבעית,מיליליטרים,29.00,"100 מ""ל",false,,29.90,1.0310,true,1,1858227
8174780173680,false,"בקטו תמצית וניל טהורה 59 מ""ל",,,תמצית וניל טבעית,מיליליטרים,59.00,"100 מ""ל",false,,59.90,1.0153,true,1,1858228
8410076600622,false,חטיפי גרנולה קראנצ'י עם שוקולד מריר נייצ'ר ואלי 210 גרם,ג'נרל מילס סאן אדריאן,,חטיף 1/5 קראנצ'י ניי,גרמים,210.00,100 גרם,false,,14.90,0.0710,true,1,1326634
8410076610379,false,"חטיף בוטנים, חלבון סויה ושוקולד מריר עם ציפוי בטעם שוקולד",סריילטו ספיין פודס,,חטיף נייטשר ואלי פרו,גרמים,160.00,100 גרם,false,,22.90,0.1431,true,1,1444030
8410076610386,false,נייטשר ואלי פרוטאין בוטנים עם ציפוי בטעם קרמל מלוח 160 ג',ג'\נרל מילס סאן אדריאן S,,חטיף נייטשר ואלי פרו,גרמים,160.00,100 גרם,false,,22.90,0.1431,true,1,1444031
8410076610492,false,חטיף שיבולת שועל מלאה ובוטנים בציפוי עם חמאת בוטנים,יבואן ומשווק: ש. שסט,,חטיף 1/5 צואי-בציפוי,גרמים,150.00,100 גרם,false,,14.90,0.0993,true,1,1472929
8410076610508,false,"חטיף שיבולת שועל מלאה עם בוטנים, שקדים ושוקולד מריר בציפוי בטעם שוקולד",נייצ'ר ואלי Nature Valley,,חטיף 1/5 צואי-שוקולד,גרמים,150.00,100 גרם,false,,14.90,0.0993,true,1,1472920
8410076621009,false,עוגות אישיות בטעם קרמל עם חתיכות בטעם קרמל מלוח,ליימן שליסל בע`מ,,חטיף פייבר 1 קרמל מל,גרמים,120.00,100 גרם,false,,12.90,0.1075,true,1,2326215
8410076621047,false,עוגות אישיות בטעם שוקולד עם חתיכות בטעם שוקולד,ליימן שליסל בע`מ,,חטיף פייבר 1 טעם שוק,גרמים,120.00,100 גרם,false,,12.90,0.1075,true,1,2326216
8410104035112,false,פיניש נוזל הברקה למדיח כלים400 מ``ל,רקיט בנקיזר (ניר איסט) בעמ,PL,"פיניש נוזל הברקה 400 מ""""ל",מיליליטרים,400.00,"100 מ""ל",false,,19.90,0.0497,true,1,1309494
8410104039134,false,"מנקה ומחדש מדיח כלים פיניש 250 מ""ל",רקיט בנקיזר (ניר איסט) בעמ,PL,פיניש מנקה ומחדש,מיליליטרים,250.00,"100 מ""ל",false,,14.90,0.0596,true,1,1309495
8410104044916,false,אבקה למדיח כלים פיניש (2.7 קג),רקיט בנקיזר (ניר איסט) בעמ,DE,פיניש 2.7 PP קג רגיל,קילוגרמים,2.70,"ק""ג",false,,44.90,16.6296,true,1,1309496
8410104045111,false,"פיניש מלח למדיח כלים 2ק""ג",רקיט בנקיזר (ניר איסט) בעמ,IL,פיניש מלח 2 קילו 6 בקרטון,קילוגרמים,2.00,"ק""ג",false,,14.90,7.4500,true,1,1309497
8410104437268,false,מפיג ריח רגיל למדיח פיניש 1 יחידה,רקיט בנקיזר (ניר איסט) בעמ,HU,פיניש דאוסטופ לריח מראה ח,יחידה,0.00,יחידה,false,,14.90,0.0000,true,1,1309502
8410104511340,false,ויט רצועות שעווה מוכנות לעור יבש 12 יחידות,רקיט בנקיזר (ניר איסט) בעמ,FR,ויט רצועות שעווה יבש,יח',12.00,יח',false,,29.90,2.4917,true,1,1309504
8410128768324,false,משקה סויה שקדים קרטונית1 ל' ויוה סוי,טמפו משקאות בע`מ,,ויוה סוי שקדים קרטונ,ליטרים,1.00,ליטר,false,,12.90,12.9000,true,1,2298025
8410128768355,false,ויוה סוי סויה קלאסי קרטונית ליטר,טמפו משקאות בע`מ,,ויוה סוי סויה קרטוני,ליטרים,1.00,ליטר,false,,11.90,11.9000,true,1,2298026
8410128783587,false,ויוה סוי שיבולת שועל בריסטה קרטונית,טמפו משקאות בעמ,,ויוה סוי שיבולת שועל,ליטרים,1.00,ליטר,false,,12.90,12.9000,true,1,2408047
8410128785734,false,משקה סויה ויוה סוי בריסטה 1 ליטר.,טמפו משקאות בעמ,,ויוה סוי סויה בריסטה,ליטרים,1.00,ליטר,false,,11.90,11.9000,true,1,2426188
8410182420114,false,"בצלצלי פנינה בחומץ 370 מ""ל",דליסיאס,,בצל פנינה בחומץ,גרמים,370.00,100 גרם,false,,9.90,0.0268,true,1,2286251
8410436218054,false,סאיוס אולאו אינטנס 3-82 מהגוני עדין,סאיוס syoss,DE,סאיוס אולאו אינטנס קיט 3-,יחידה,1.00,יחידה,false,,29.90,29.9000,true,1,1323217
8410436218092,false,צבע שיער סאיוס אולאו אינטנס 4-18,סאיוס syoss,DE,סאיוס אולאו אינטנס קיט 4-,יחידה,1.00,יחידה,false,,29.90,29.9000,true,1,1323218
8410436218139,false,צבע שיער סאיוס אולאו אינטנס 2-10,סאיוס syoss,DE,סאיוס אולאו אינטנס קיט 2-,יחידה,1.00,יחידה,false,,29.90,29.9000,true,1,1323219
8410436218177,false,צבע שיער סאיוס אולאו אינטנס 5-86,סאיוס syoss,DE,סאיוס אולאו אינטנס קיט 5-,יחידה,1.00,יחידה,false,,29.90,29.9000,true,1,1323220
8410436218214,false,סאיוס אולאו אינטנס 7-10 בלונד טבעי,סאיוס syoss,DE,סאיוס אולאו אינטנס קיט 7-,יחידה,1.00,יחידה,false,,29.90,29.9000,true,1,1323221
8410436218290,false,צבע שיער סאיוס אולאו אינטנס 1-10,סאיוס syoss,DE,סאיוס אולאו אינטנס קיט 1-,יחידה,1.00,יחידה,false,,29.90,29.9000,true,1,1323223
8410436227698,false,סאיוס אולאו אינטנס 3-10 חום עמוק,סאיוס syoss,DE,סאיוס אולאו אינטנס קיט 3-,יחידה,1.00,יחידה,false,,29.90,29.9000,true,1,1323225
8410644120118,false,יין מבעבע קווה 1861,,,יין מבעבע קאוה,מיליליטרים,750.00,"100 מ""ל",false,,24.90,0.0332,true,1,2312534
8410644611203,false,יין קאווה איבריקה לבן יבש Cava Iberica,טמפו משקאות בע`מ,,"יין קאווה לבן 750 מ""",מיליליטרים,750.00,"100 מ""ל",false,,29.90,0.0399,true,1,1324050
8410644611210,false,יין קאווה איבריקה לבן חצי יבש Cava Iberica,טמפו משקאות בע`מ,,"יין קאווה לבן 750 מ""",מיליליטרים,750.00,"100 מ""ל",false,,29.90,0.0399,true,1,1324051
8410793001757,false,"בירה אסטרייה דאם בקבוק 330 מ""ל","סי סי דאם, אס.אל, בר",,בירה אסטריה דאם,מיליליטרים,330.00,"100 מ""ל",false,,8.90,0.0270,true,1,2416171
8410793001764,false,"רביעיית בירה אסטרייה דאם 330 מ""ל בקבוק",החברה המרכזית להפצת משקאות בעמ,,בירה אסטריה דאם רביע,ליטרים,1.32,ליטר,false,,24.90,18.8636,true,1,2409359
8411210006102,false,תחתיות ארטישוק במי,,,תחתיות ארטישוק במי,גרמים,400.00,100 גרם,false,,11.90,0.0298,true,1,2356491
8411320105276,false,פילה אנשובי בשמן זית 47.50 גרם ORTIZ,אורטיז ORTIZ,,פילה אנשובי בשמן זית,גרמים,47.50,100 גרם,false,,21.90,0.4611,true,1,2377343
8411320234006,false,נתחי טונה לבנה בשמן זית (פחית) 112 ג ORTIZ,אורטיז ORTIZ,,נתחי טונה לבנה בשמן,גרמים,112.00,100 גרם,false,,18.90,0.1687,true,1,2377344
8411320334027,false,אורטיז נתחי טונה צהובה בשמן זית (פחית) 1,אורטיז ORTIZ,,נתחי טונה צהובה בשמן,גרמים,112.00,100 גרם,false,,14.90,0.1330,true,1,2377345
8411320382967,false,טונה צהובה בשמן זית (צנצנת) 220 גרם,אורטיז ORTIZ,,טונה צהובה בשמן זית,גרמים,220.00,100 גרם,false,,34.90,0.1586,true,1,2377346
8411712086411,false,קערה לסלט יחידה,,,קערה לסלט יחידה,יחידה,0.00,יחידה,false,,10.90,0.0000,true,1,2283121
8411712086428,false,קערה לסלט,,,קערה לסלט,יחידה,0.00,יחידה,false,,11.90,0.0000,true,1,2283129
8411712086435,false,"קערה 14 ס""מ ירוק",,,"קערה 14 ס""מ ירוק",יחידה,0.00,יחידה,false,,12.90,0.0000,true,1,2283130
8411712086442,false,קערה נעמן.,,,קערה נעמן.,יחידה,0.00,יחידה,false,,14.90,0.0000,true,1,2283131
8412168002529,false,מחייה 13 משקה כוהלי בטעם לימונים,אגודת הכורמים -כרמל מזרחי,,ערק מחייה 13 לימוני,מיליליטרים,700.00,"100 מ""ל",false,,54.90,0.0784,true,1,2037634
8412300801072,false,"קרם רב שימושי ניוואה 400 מ""ל",אלפא- ב.ד.ף בעמ,,ניוואה קרם רב שימושי,גרמים,400.00,100 גרם,false,,39.90,0.0997,true,1,2330817
8412497188918,false,לייף קידס קערת פרימיום פס סיליקון-מיני,שמחה זה אנחנו,,קערת פולי פרימיום פס,יחידה,0.00,יחידה,false,,7.90,0.0000,true,1,2335858
8412497350827,false,צלחת פולי פרימיום פס,,,צלחת פולי פרימיום פס,יחידה,0.00,יחידה,false,,9.90,0.0000,true,1,2335863
8413376024839,false,גבינת עיזים רכה עם עשבי תיבול 29% ויליפוד 110 גרם,ג.וילי-פוד אינטרנשיונל **גבינו,,גבינת עזים רכה עם עש,גרמים,110.00,100 גרם,false,,12.90,0.1173,true,1,1820488
8414753110343,false,פילה אנשובי אמיתי בשמן זית 45 גר פח,,,פילה אנשובי אמיתי בש,גרמים,45.00,100 גרם,false,,6.90,0.1533,true,1,1363395
8420822130600,false,"ספריי סופר מסיר שומנים 750מ""ל יעקבי","יעקב יעקבי ובניו בע""מ",,סופר מסיר שומנים,מיליליטרים,750.00,"100 מ""ל",false,,15.90,0.0212,true,1,2397191
8420822130624,false,"ספריי סופר מסיר כתמים 750מ""ל יעקבי","יעקב יעקבי ובניו בע""מ",,סופר מסיר כתמים,מיליליטרים,750.00,"100 מ""ל",false,,16.90,0.0225,true,1,2397192
8421401201209,false,פפריקה מתוקה מעושנת במיכל 70 גר`LACHINA,תבליני טעם וריח בעמ,,פפריקה מתוקה מעושנת,גרמים,70.00,100 גרם,false,,13.90,0.1986,true,1,2330944
8423207206488,false,סלים דליס חטיף דגנים מצופה שוקולד חלב מרבה 6*20 גרם,אף.סי תבליני בגליל ב,ES,מרבה סלים דליס שוקולד חלב,גרמים,120.00,100 גרם,false,,10.90,0.0908,true,1,1339134
8423207206495,false,סלים דליס חטיף דגנים מצופה שוקולד מריר מרבה 6*20 גרם,אף.סי תבליני בגליל ב,ES,מרבה סלים דליס שוקולד מרי,גרמים,120.00,100 גרם,false,,10.90,0.0908,true,1,1339135
8423207206501,false,סלים דליס חטיף דגנים עם שוקולד חלב מרבה 6*13 גרם,סלים דליס Slim Delis,ES,מרבה סלים דליס חצי מצופה,גרמים,78.00,100 גרם,false,,10.90,0.1397,true,1,1339136
8423207207362,false,חטיפי סלים דליס שוקולד לבן מרבה 6 יחידות,ביסנצ'ורי אס.אל.יו,ES,מרבה סלים דליס,גרמים,120.00,100 גרם,false,,10.90,0.0908,true,1,1339138
8423207208260,false,מרבה סלים דליס 125 ג' ללא גלוטן שוקולד חלב,ביסנצ'ורי אס.אל.יו,ES,מרבה סלים דליס חלב ללא גל,גרמים,78.00,100 גרם,false,,10.90,0.1397,true,1,1378788
8423207208680,false,חטיף דגנים שוקולד סלים דליס לילדים מרבה 6 יחידות,ביסנצ'ורי אס.אל.יו,,חטיף דגנים לילדים עם,גרמים,120.00,100 גרם,false,,10.90,0.0908,true,1,1397213
8423207208697,false,חטיפי סלים דליס לילדים שוקולד לבן מרבה 6 יחידות,ביסנצ'ורי אס.אל.יו,,חטיף דגנים לילדים עם,גרמים,78.00,100 גרם,false,,10.90,0.1397,true,1,1397214
8423207208703,false,חטיפי סלים דליס שוקולד מריר מרבה 6 יחידות,ביסנצ'ורי אס.אל.יו,,חטיף דגנים עם שוקולד,גרמים,120.00,100 גרם,false,,10.90,0.0908,true,1,1397215
8423207208871,false,פריכיות תירס בטעם טבעי סלים דליס 130 גרם,גורי מוצרי צריכה (1991) בעמ,,פריכיות תירס בטעם טב,גרמים,130.00,100 גרם,false,,9.90,0.0762,true,1,1411361
8423207208888,false,פריכיות תירס בטעם עגבניות ועשבי תיבול סלים דליס 123 ג',גורי מוצרי צריכה (1991) בעמ,,פריכיות תירס בטעם עג,גרמים,123.50,100 גרם,false,,9.90,0.0802,true,1,1411362
8423207208895,false,פריכיות תירס בטעם זיתים ועירית סלים דליס 123 ג',גורי מוצרי צריכה (1991) בעמ,,פריכיות תירס בטעם זי,גרמים,123.50,100 גרם,false,,9.90,0.0802,true,1,1411363
8423207209885,false,מרבה חטיפי סלים דליס מהדורה מיוחדת שוקולד חלב,סלים דליס Slim Delis,,חטיף דגנים עם שוקולד,גרמים,120.00,100 גרם,false,,10.90,0.0908,true,1,1830156
8423207210287,false,מרבה סלים דליס שוקולד לבן בטעם יוגורט 120 ג',סלים דליס Slim Delis,,חטיף שוקולד לבן בטעם,גרמים,120.00,100 גרם,false,,10.90,0.0908,true,1,2048112
8423207210928,false,חטיף דגנים מצופה שוקולד חלב ואגוזי לוז - 5 במארז,נוטרישן אנד סנטה קוב,,חטיף דגנים סלים דליס,גרמים,90.00,100 גרם,false,,10.90,0.1211,true,1,2311747
8423207210942,false,חטיף דגנים מצופה שוקולד לבן ופירות יער,נוטרישן אנד סנטה קוב,,חטיף דגנים סלים דליס,גרמים,78.00,100 גרם,false,,10.90,0.1397,true,1,2311748
8423207210966,false,חטיף רב דגנים מצופה שוקולד לבן קוקוס ולימון,נוטרישן אנד סנטה קוב,,חטיף דגנים סלים דליס,גרמים,90.00,100 גרם,false,,10.90,0.1211,true,1,2311749
8423207210980,false,סלים דליס טופינג קליפת תפוז 90 גרם,נוטרישן אנד סנטה קוב,,חטיף דגנים סלים דליס,גרמים,78.00,100 גרם,false,,10.90,0.1397,true,1,2311755
8423371000202,false,מיקס בוטנים מלוחים SALYSOL,Unknown,,משפחתי בוטנים מלוחים,גרמים,150.00,100 גרם,false,,9.90,0.0660,true,1,2358820
8423371002725,false,סאליסול- קוקטייל מיקס 100 גרם,גלוברנדס,,משפחתי קוקטייל מיקס,גרמים,100.00,100 גרם,false,,9.90,0.0990,true,1,2358725
8423371002749,false,סאליסול- בוטנים ושקדים מקורמלים 135 גרם,גלוברנדס,,משפחתי בוטנים ושקדים,גרמים,135.00,100 גרם,false,,9.90,0.0733,true,1,2358732
8423371005085,false,סאליסול- מיקס פיקנטי 100 גרם,גלוברנדס,,משפחתי מיקס פיקנטי ס,גרמים,100.00,100 גרם,false,,9.90,0.0990,true,1,2358734
8423371007089,false,סאליסול- בוטנים מלוחים בדבש 150 גרם,גלוברנדס,,משפחתי בוטנים מלוחים,גרמים,150.00,100 גרם,false,,9.90,0.0660,true,1,2358735
8423453905692,false,"בירה ווילדר לאגר 500 מ""ל פחית",פונט סאלם וולנסיה ספרד,,בירה ווילדר,מיליליטרים,500.00,"100 מ""ל",false,,6.90,0.0138,true,1,2312469
8425206000081,false,ריבת חלב מרדל 450 גרם,גורי מוצרי צריכה (1991) בעמ,,ריבת חלב מרדל 450 ג,גרמים,450.00,100 גרם,false,,19.90,0.0442,true,1,1389306
8427030005010,false,תרכובת מזון על בסיס חלב A.R מלידה ואילך,אבוט מעבדות רפואיות,ES,SIMILAC SPIT-UP RELIEF 37,גרמים,375.00,100 גרם,false,,49.90,0.1331,true,1,1306602
8427030007298,false,סימילאק גולד קומפורט 2 תרכובת מזון על בסיס חלב,אבוט לבורטוריס ס.א.,,סימילאק גולד קומפורט,גרמים,820.00,100 גרם,false,,109.90,0.1340,true,1,2319719
8435046300057,false,זעפרן,,,זעפרן,גרמים,1.00,100 גרם,false,,19.90,19.9000,true,1,1473405
8435495805106,false,"ביומט אבקת כביסה בניחוח רענן 5ק""ג",ליימן שליסל בעמ,,ביומט אבקת כביסה 5 ק,קילוגרמים,5.00,"ק""ג",false,,29.90,5.9800,true,1,1847273
8435495805168,false,"תינוקלין לכביסה לעור רגיש אולימפיק 1.25ק""ג",מולינו ניקולי s.p.a,,"תינוקלין 1.25 ק""ג",קילוגרמים,1.25,"ק""ג",false,,21.90,17.5200,true,1,1927182
8435495805199,false,אבקת כביסה תינוקלין- 66 כביסות (3 קג),מולינו ניקולי s.p.a,,"תינוקלין 3 ק""ג",קילוגרמים,3.00,"ק""ג",false,,49.90,16.6333,true,1,1942783
8435495807605,false,תינוקלין מרכך כביסה היפואלרגני מרוכז 1 ליטר,מולינו ניקולי s.p.a,,מרכך כביסה תינוקלין,ליטרים,1.00,ליטר,false,,17.90,17.9000,true,1,2401298
8435495807636,false,תינוקלין ג`ל כביסה בייבי סנסטיב היפואל,ליימן שליסל בע`מ,,ג'ל כביסה תינוקלין ב,ליטרים,2.00,ליטר,false,,29.90,14.9500,true,1,2407653
8435495819363,false,תינוקלין מרכך כביסה היפואלרגני 1 ליטר,ליימן שליסל בע`מ,,מרכך כביסה תינוקלין,ליטרים,1.00,ליטר,false,,17.90,17.9000,true,1,2401299
8437000906209,false,"עלי טורטיה קמח חיטה 20ס""מ 8יח' אזטקה 325ג'",Azteca foods europe,,"טורטיה קמח 20 ס""מ",גרמים,320.00,100 גרם,false,,9.90,0.0309,true,1,1339813
8445290341587,false,פנסי פיסט פטה דג לבן ועוף 85גר,קבוצת אוסם סחר-שות.מוגבלת,,פנסי פיסט פטה דג לבן,גרמים,85.00,100 גרם,false,,4.90,0.0576,true,1,2415853
8445290341617,false,פנסי פיסט פטה עוף וסלמון 85 גרם,קבוצת אוסם סחר-שות.מוגבלת,,פנסי פיסט פטה עוף וס,גרמים,85.00,100 גרם,false,,4.90,0.0576,true,1,2415854
8445290341655,false,פנסי פיסט פטה עוף 85 גרם,קבוצת אוסם סחר-שות.מוגבלת,,פנסי פיסט פטה עוף,גרמים,85.00,100 גרם,false,,4.90,0.0576,true,1,2415855
8445290427120,false,דגני פיטנס Fitness שוקולד מריר ובננה,קבוצת אוסם סחר שותפות מוגבלת,,דגני בוקר שוקולד מרי,גרמים,355.00,100 גרם,false,,19.90,0.0561,true,1,2415245
8593868006014,false,"בירה בלו מון 500מ""ל פחית 5.4%",הכרם - משקאות חריפים בעמ,,בירה בלו מון פחית,מיליליטרים,500.00,"100 מ""ל",false,,10.90,0.0218,true,1,2334684
8594006931328,false,בירה פרימטור ויצן 500 מל צכיה,,,"בירה פרימטור 500 מ""ל",מיליליטרים,500.00,"100 מ""ל",false,,9.90,0.0198,true,1,1482421
8606018615827,false,גלידת וניל עם שברי עוגיות אוראו 480 גרם,נגה גלידות שותפות מוגבלת,,גלידה פיינט אוראו,גרמים,480.00,גרם,false,,18.90,0.0394,true,1,2405678
8606018615841,false,גלידה וניל עם ליבת שוקולד חלב מעולה 480 גרם,נגה גלידות שותפות מוגבלת,,גלידה פיינט וניל ליב,גרמים,480.00,גרם,false,,18.90,0.0394,true,1,2405679
8606018615865,false,פיינט מילקה קרמל ליבת שוקולד 480 גרם,נגה גלידות שותפות מוגבלת,,גלידה פיינט קרמל ליב,גרמים,480.00,גרם,false,,18.90,0.0394,true,1,2405680
8606109023609,false,"פרוויטה - מיץ תפוחי עץ ודובדבנים חמוצים 750 מ""ל",יורוסטנדרט בעמ,,מיץ פרוויטה,מיליליטרים,750.00,"100 מ""ל",false,,11.90,0.0159,true,1,2357164
8606109023623,false,"פרוויטה - מיץ תפוחי עץ ולימון ליים 750 מ""ל",יורוסטנדרט בעמ,,מיץ פרוויטה,מיליליטרים,750.00,"100 מ""ל",false,,11.90,0.0159,true,1,2357165
8606109023647,false,"פרוויטה - מיץ סלק ותפוחי עץ 750 מ""ל",יורוסטנדרט בעמ,,מיץ פרוויטה,מיליליטרים,750.00,"100 מ""ל",false,,11.90,0.0159,true,1,2357167
8606109023715,false,"פרוויטה - מיץ תפוחי עץ ואפרסקים 750 מ""ל",יורוסטנדרט בעמ,,מיץ פרוויטה,מיליליטרים,750.00,"100 מ""ל",false,,11.90,0.0159,true,1,2357168
8606109023722,false,"פרוויטה - מיץ תפוחי עץ ומשמשים 750 מ""ל",יורוסטנדרט בעמ,,מיץ פרוויטה,מיליליטרים,750.00,"100 מ""ל",false,,11.90,0.0159,true,1,2357169
8680202110824,false,שמרים לאפיה יבשים נמסים אינסטנט,נאמן לאורך זמן בעמ,,שמרים נמסים בוואקום,גרמים,125.00,100 גרם,false,,3.90,0.0312,true,1,1329728
8680202110848,false,שמרים נמסים בוואקום 454 גרם,נאמן לאורך זמן בעמ,,שמרים נמסים בוואקום,גרמים,454.00,100 גרם,false,,11.90,0.0262,true,1,1329729
8681241088358,false,עפרון צבעוני 1/24,,,עפרון צבעוני 1/24,יחידה,0.00,יחידה,false,,19.90,0.0000,true,1,2406349
8681863065270,false,מלח ים מים האגאי וילי פוד 350 גר,ג. וילי-פוד אינטרנשיונל בע`מ,,מלח ים מים האגאי 350,גרמים,350.00,100 גרם,false,,24.90,0.0711,true,1,2403013
8681863065294,false,מלח ים בטעם מעושן 350 ג' ויליפוד,ג.וילי-פוד אינטרנשיונל בעמ,,מלח ים בטעם מעושן 35,גרמים,350.00,100 גרם,false,,24.90,0.0711,true,1,2403020
8681863065324,false,מלח ים עם רוזמרין וילי פוד 200 גר,ג.וילי-פוד אינטרנשיונל בעמ,,מלח ים עם רוזמרין 20,גרמים,200.00,100 גרם,false,,24.90,0.1245,true,1,2403021
8681863065485,false,saltbae מלח מתובל פיקנטי 110 גרם ויליפוד,ג.וילי-פוד אינטרנשיונל בעמ,,מלח מתובל פיקנטי 110,גרמים,110.00,100 גרם,false,,14.90,0.1355,true,1,2403007
8681863065492,false,saltbae מלח מתובל מעושן 110 גרם ויליפוד,גידה,,מלח מתובל מעושן 110,גרמים,110.00,100 גרם,false,,14.90,0.1355,true,1,2403008
8682328740084,false,מזון לכלב בוגר מיני עם כבש ואוכמניות,פרו פרפורמנס Pro Preformance,,פרופרפורמנס מזון אול,קילוגרמים,2.00,"ק""ג",false,,59.90,29.9500,true,1,2369833
8682328740206,false,פרופרורמנס מזון אולט,,,פרופרורמנס מזון אולט,יחידה,0.00,יחידה,false,,59.90,0.0000,true,1,2369841
8682328740213,false,מזון לחתול בוגר מסורס / מעוקרת עם עוף ואורז,פרו פרפורמנס Pro Preformance,,פרופרפורמנס מזון אול,קילוגרמים,2.00,"ק""ג",false,,59.90,29.9500,true,1,2369842
8682328740220,false,מזון אולטרה פרמיום לחתול בוגר עם כבש ואורז,פרו פרפורמנס Pro Preformance,,פרופרורמנס מזון אולט,קילוגרמים,2.00,"ק""ג",false,,59.90,29.9500,true,1,2369843
8683130008355,false,מיונז שום לחיץ אמיתי הלמנס 400 גרם,יוניליוור ישראל שיווק בע`מ,,מיונז הלמנס עם שום 4,גרמים,400.00,100 גרם,false,,16.90,0.0422,true,1,2377075
8683130008935,false,"הלמנס קטשיונז 425 גר{הרב רלב""ג}",יוניליוור ישראל שיווק בע`מ,,ממרח קטשיונז הלמנס ל,גרמים,425.00,100 גרם,false,,16.90,0.0398,true,1,2381259
8683130025574,false,"מרכך כביסה מרוכז אקסטרה לבנדר בדין 960 מ""ל",יוניליוור ישראל שיווק בע`מ,,בדין אקסטרא לבנדר 96,מיליליטרים,960.00,"100 מ""ל",false,,15.90,0.0166,true,1,2402725
8683130025581,false,"מרכך כביסה מרוכז אקסטרה ענבר בדין 960 מ""ל",יוניליוור ישראל שיווק בע`מ,,בדין אקסטרא ענבר 960,מיליליטרים,960.00,"100 מ""ל",false,,15.90,0.0166,true,1,2402726
8683323063024,false,יוגטה שטיחים בטעם תותי פרוטי 220 גרם,ליימן שליסל בע`מ,,ממתק גומי שטיחים תות,גרמים,220.00,100 גרם,false,,4.90,0.0223,true,1,1540457
8690504081913,false,מקוויטיס טינס מצופה שוקולד חלב 150 גרם,תה ויסוצקי (ישראל) בעמ,,ביסקוויט מקויטיס טינ,גרמים,150.00,100 גרם,false,,8.90,0.0593,true,1,2199429
8690504081920,false,מקוויטיס טינס מצופה שוקולד מריר 150 גרם,"אולקר ביסקווי סנאי, א.ס.",,ביסקוויט מקויטיס טינ,גרמים,150.00,100 גרם,false,,8.90,0.0593,true,1,2199430
8690504081937,false,מקוויטיס טינס שוקולד חלב וקפוצינו 150 גר,תה ויסוצקי (ישראל) בעמ,,ביסקוויט מקויטיס טינ,גרמים,150.00,100 גרם,false,,8.90,0.0593,true,1,2199431
8690504153740,false,גודייבה שוקולד מריר במילוי קרם גנאש 86 גרם,תה ויסוצקי (ישראל) בעמ,,טבלת שוקולד מריר עם,גרמים,86.00,100 גרם,false,,10.90,0.1267,true,1,1993656
8690504153849,false,גודייבה שוקולד חלב במילוי קרם בטעם פרלין אגוזים 83 גרם,תה ויסוצקי (ישראל)בעמ,,טבלת שוקולד חלב ק.אג,גרמים,83.00,100 גרם,false,,10.90,0.1313,true,1,1993657
8690504156543,false,טבלת שוקלד חלב ממולא בקרם גנאש שוקולד חלב 88 גר',ביסקוט ביסקווי סילברי,,שוקולד גודייבה ממולא,גרמים,88.00,100 גרם,false,,10.90,0.1239,true,1,2287219
8690526009278,false,אי טי אי - חטיף קרמל מצופה שוקולד וחלב כדורוני דגנים 126 גרם,"GIDA ETI , טורקיה n\",,חטיף קרמל מצופה שוקו,גרמים,126.00,100 גרם,false,,7.90,0.0627,true,1,2312574
8690526009308,false,אי טי אי - חטיף קוקוס מצופה שוקולד חלב וכדורוני דגנים 126 גרם,גורי ע.ע.ע. בעמ,,חטיף קוקוס מצופה שוק,גרמים,126.00,100 גרם,false,,7.90,0.0627,true,1,2312575
8690526009353,false,אי טי אי - מיני חטיף בוטנים נוגט קרמל מצופה שוקולד חלב 140 גרם,"GIDA ETI , טורקיה n\",,חטיף מיני בוטנים נוג,גרמים,140.00,100 גרם,false,,7.90,0.0564,true,1,2312576
8690526016207,false,אי טי אי - מיני עוגה מצופה במילוי קרמל 144 גרם,גורי ע.ע.ע. בעמ,,מיני עוגה קרמל 144 ג,גרמים,144.00,100 גרם,false,,7.90,0.0549,true,1,2406675
8690526019147,false,אי טי אי - וופל במילוי קרם אגוזי לוז 142 גרם,"GIDA ETI , טורקיה n\",,וופל קקאו במילוי קרם,גרמים,142.00,100 גרם,false,,4.90,0.0345,true,1,2312562
8690526019154,false,אי טי אי - וופל קקאו במילוי קרם קקאו 142 גרם,מולינו ניקולי s.p.a,,וופל קקאו במילוי קרם,גרמים,142.00,100 גרם,false,,4.90,0.0345,true,1,2312563
8690526019178,false,אי טי אי - וופל קקאו במילוי קרם קוקוס 142 גרם,מולינו ניקולי s.p.a,,וופל קקאו במילוי קרם,גרמים,142.00,100 גרם,false,,4.90,0.0345,true,1,2312564
8690526019185,false,אי טי אי - וופל במילוי קרם שוקולד חלב 142 גרם,מולינו ניקולי s.p.a,,וופל קקאו במילוי קרם,גרמים,142.00,100 גרם,false,,4.90,0.0345,true,1,2312565
8690526029238,false,אתי מארז וופלים במילוי שוקולד מריר 50גרם,"GIDA ETI , טורקיה n\",,וופל שוקולד מריר אתי,גרמים,150.00,100 גרם,false,,7.90,0.0527,true,1,2341369
8690531410311,false,עגבניות מיובשות בשמן 350גר',סוסיטהס אזמיר,,עגבניות מיובשות בשמן,גרמים,340.00,100 גרם,false,,12.90,0.0379,true,1,1473034
8690572775288,false,"גליס מרכך סרום שיקום עמוק 400 מ""ל",שוורצקוף Schwarzkopf,DE,גליס שמפו צבע אולטימטיבי,מיליליטרים,400.00,"100 מ""ל",false,,18.90,0.0472,true,1,1379579
8690572778326,false,פה ד.ספרי אנטיפרספינט 200 מל 1/12,שוורצקופף והנקל,,דאודורנט פה-ספריי,מיליליטרים,200.00,"100 מ""ל",false,,9.90,0.0495,true,1,1484778
8690572783931,false,"פה - דאודורנט ספריי לגבר אינוויזיבל פאוואר 200 מ""ל",שוורצקופף והנקל,,דאודורנט פה-ספריי,מיליליטרים,200.00,"100 מ""ל",false,,9.90,0.0495,true,1,1874669
8690572784303,false,שמפו גליס Gliss לשיער ארוך Supreme Length,שוורצקופף והנקל,,שמפו גליס אולטימט רי,מיליליטרים,400.00,"100 מ""ל",false,,18.90,0.0472,true,1,2003768
8690572784327,false,מסכה לשיער ארוך עם קצוות מפוצלים Supreme Length,שוורצקופף והנקל,,גליס מסכה,מיליליטרים,300.00,"100 מ""ל",false,,21.90,0.0730,true,1,2003769
8690572786222,false,מרכך גליס Gliss לשיער ארוך Supreme Length,שוורצקופף והנקל,,מרכך גליס אולטימט רי,מיליליטרים,400.00,"100 מ""ל",false,,18.90,0.0472,true,1,2003772
8690572788851,false,"גליס - שמפו ביו טק 400 מ""ל",שוורצקופף והנקל,,שמפו גליס ביו-טק,מיליליטרים,400.00,"100 מ""ל",false,,18.90,0.0472,true,1,2286543
8690572788912,false,"גליס - ביו טק מרכך 400 מ""ל",שוורצקופף והנקל,,מרכך גליס ביו-טק,מיליליטרים,400.00,"100 מ""ל",false,,18.90,0.0472,true,1,2286550
8690572794692,false,"גליס - שמפו לאיזון והזנת הקרקפת 400 מ""ל","הובי קוסמטיק, חברת ייצור",,שמפו גליס נוטרי באלא,מיליליטרים,400.00,"100 מ""ל",false,,18.90,0.0472,true,1,2336379
8690572794715,false,"גליס - מרכך לאיזון והזנת הקרקפת 400 מ""ל","הובי קוסמטיק, חברת ייצור",,מרכך גליס נוטרי באלא,מיליליטרים,400.00,"100 מ""ל",false,,18.90,0.0472,true,1,2336380
8690572799482,false,"סאיוס מרכך לשיער גלי ומתולתל 500 מ""ל","הובי קוסמטיק, אנקרה, תור",,"מרכך סאיוס 500 מ""ל",מיליליטרים,500.00,"100 מ""ל",false,,14.90,0.0298,true,1,2353639
8690572799499,false,"סאיוס - מרכך אולאו 500 מ""ל",הנקל סוד בע`מ,,"מרכך סאיוס 500 מ""ל",מיליליטרים,500.00,"100 מ""ל",false,,14.90,0.0298,true,1,2353640
8690572799505,false,סאיוס מרכך לחיזוק שורשי סיב השערה 500 מל,"הובי קוסמטיק, אנקרה, תור",,"מרכך סאיוס 500 מ""ל",מיליליטרים,500.00,"100 מ""ל",false,,14.90,0.0298,true,1,2353641
8690572799512,false,"מרכך לחיזוק שורשי סיב השערה סאיוס 500מ""ל","הובי קוסמטיק, אנקרה, תור",,"מרכך סאיוס 500 מ""ל",מיליליטרים,500.00,"100 מ""ל",false,,14.90,0.0298,true,1,2353642
8690572799529,false,"סאיוס - שמפו קרטין 500 מ""ל","הובי קוסמטיק, אנקרה, תור",,"שמפו סאיוס 500 מ""ל",מיליליטרים,500.00,"100 מ""ל",false,,14.90,0.0298,true,1,2353643
8690572799536,false,"סאיוס שמפו שמני הזנה 500 מ""ל","הובי קוסמטיק, אנקרה, תור",,"שמפו סאיוס 500 מ""ל",מיליליטרים,500.00,"100 מ""ל",false,,14.90,0.0298,true,1,2353644
8690572799543,false,סאיוס שמפו לחיזוק שורשי סיב השערה 500 מל,"הובי קוסמטיק, אנקרה, תור",,"שמפו סאיוס 500 מ""ל",מיליליטרים,500.00,"100 מ""ל",false,,14.90,0.0298,true,1,2353645
8690572799550,false,"סאיוס שמפו לשיער גלי ומתולתל 500 מ""ל","הנקל סוד בע""מ",,"שמפו סאיוס 500 מ""ל",מיליליטרים,500.00,"100 מ""ל",false,,14.90,0.0298,true,1,2353646
8690637073373,false,תה שחור ברגמוט ארל גריי ליפטון 25 יחידות,יוניליוור ישראל שיווק בע`מ,TR,ארל גריי 50 גר,גרמים,50.00,100 גרם,false,,7.90,0.1580,true,1,1341583
8690637073434,false,תה ארל גריי בטעם ברגמוט ללא שקית100ש,יוניליוור ישראל שיווק בע`מ,,תה ליפטון ארל גריי 1,גרמים,200.00,100 גרם,false,,22.90,0.1145,true,1,1341584
8690637503856,false,ממרח הלמנס כ- 40% פחות שומן לעומת מיונז,יוניליוור ישראל שיווק בע`מ,,ממרח הלמנס לחיץ 355,גרמים,355.00,100 גרם,false,,16.90,0.0476,true,1,2327863
8690637504426,false,"קרם ניקוי סיף בניחוח לימון 500 מ""ל",יוניליוור ישראל שיווק בע`מ,,"סיף קרם לימון 500 מ""",מיליליטרים,500.00,"100 מ""ל",false,,10.90,0.0218,true,1,2378781
8690637505607,false,מרכך כביסה מרוכז בדין אקסטרה בניחוח פינוק כחול,יוניליוור ישראל שיווק בע`מ,,בדין אקסטרא כחול-960,מיליליטרים,960.00,"100 מ""ל",false,,15.90,0.0166,true,1,2358034
8690637505614,false,"מרכך כביסה בדין אקסטרה פינוק קוקוס 960 מ""ל",יוניליוור ישראל שיווק בע`מ,,בדין אקסטרא כחול-960,מיליליטרים,960.00,"100 מ""ל",false,,15.90,0.0166,true,1,2358035
8690637505935,false,דאב תחליב רחצה לידיים שמן אבוקדו ותמצית קלנדולה,יוניליוור ישראל שיווק בעמ,,סבון ידיים דאב אבוקד,מיליליטרים,500.00,"100 מ""ל",false,,16.90,0.0338,true,1,2379696
8690637505959,false,דאב סבון ידיים הזנה לוטוס 500 מל,יוניליוור ישראל שיווק בעמ,,סבון ידיים דאב לוטוס,מיליליטרים,500.00,"100 מ""ל",false,,16.90,0.0338,true,1,2379697
8690637506956,false,"דאב שמפו נגד קשקשים אלוורה 600 מ""ל",יוניליוור ישראל שיווק בע`מ,,שמפו דאב למניעת קשקש,מיליליטרים,600.00,"100 מ""ל",false,,18.90,0.0315,true,1,2414492
8690637561061,false,דאב - דאודורנט סטיק לאישה ללא סימן אינביזיבל 50 גרם,יוניליוור,,"דאב דאו סטיק 50 מ""ל",גרמים,50.00,100 גרם,false,,18.90,0.3780,true,1,1341601
8690637688195,false,"תה ירוק קלאסי ליפטון 20 יחידות בד""צ",יוניליוור ישראל שיווק בע`מ,TR,ליפטון תה ירוק מעטפות קלא,גרמים,34.00,100 גרם,false,,15.90,0.4676,true,1,1341620
8690637704277,false,"שמפו ומרכך לשיער רגיל 600 מ""ל דאב","יוניליוור ישראל שיווק בע""מ",TR,דאב שמפו יום יומי 2 ב-1 6,מיליליטרים,600.00,"100 מ""ל",false,,18.90,0.0315,true,1,1341624
8690637704291,false,שמפו לשיקום אינטנסיבי לשיער פגום,"יוניליוור ישראל שיווק בע""מ",TR,דאב שמפו משקם 600מל,מיליליטרים,600.00,"100 מ""ל",false,,18.90,0.0315,true,1,1341625
8690637704376,false,"שמפו לטיפוח יום יומי דאב 600 מ""ל","יוניליוור ישראל שיווק בע""מ",TR,דאב שמפו יום יומי 600מל,מיליליטרים,600.00,"100 מ""ל",false,,18.90,0.0315,true,1,1341626
8690637704390,false,"מרכך שיער לטיפוח יום יומי דאב 600 מ""ל","יוניליוור ישראל שיווק בע""מ",TR,דאב מרכך יום יומי 600מל,מיליליטרים,600.00,"100 מ""ל",false,,18.90,0.0315,true,1,1341627
8690637704413,false,מרכך לשיקום אינטנסיבי לשיער פגום,"יוניליוור ישראל שיווק בע""מ",TR,דאב מרכך משקם 600מל,מיליליטרים,600.00,"100 מ""ל",false,,18.90,0.0315,true,1,1341628
8690637704437,false,שמפו עם שמני הזנה לטיפוח לשיער יבש,יוניליוור ישראל שיווק בע`מ,TR,דאב שמפו שמני הזנה 600 מל,מיליליטרים,600.00,"100 מ""ל",false,,18.90,0.0315,true,1,1341629
8690637704451,false,מרכך עם שמני הזנה לטיפוח לשיער יבש,"יוניליוור ישראל שיווק בע""מ",TR,דאב מרכך שמני הזנה 600 מל,מיליליטרים,600.00,"100 מ""ל",false,,18.90,0.0315,true,1,1341630
8690637799594,false,תה ירוק ליפטון נענע בסגנון מרוקאי 20יח',יוניליוור ישראל שיווק בע`מ,,תה ירוק ליפטון נענע,גרמים,34.00,100 גרם,false,,15.90,0.4676,true,1,1443131
8690637835643,false,"תה ירוק לימונית ולאויזה 30 גרם ""ליפטון""",יוניליוור ישראל שיווק בע`מ,,תה ירוק ליפטון לואיז,גרמים,30.00,100 גרם,false,,15.90,0.5300,true,1,1760515
8690637858734,false,ג'ל לניקוי כללי בתוספת אקונומיקה בניחוח לימון,יוניליוור ישראל שיווק בע`מ,,סיף גל אקונומיקה 750,מיליליטרים,750.00,"100 מ""ל",false,,11.90,0.0159,true,1,1997374
8690637858741,false,ג'ל לניקוי כללי בתוספת אקונומיקה בניחוח רוח ים,יוניליוור ישראל שיווק בע`מ,,סיף גל אקונומיקה 750,מיליליטרים,750.00,"100 מ""ל",false,,11.90,0.0159,true,1,1997375
8690637858758,false,ג'ל לניקוי כללי בתוספת אקונומיקה בניחוח אורנים,יוניליוור ישראל שיווק בע`מ,,סיף גל אקונומיקה 750,מיליליטרים,750.00,"100 מ""ל",false,,11.90,0.0159,true,1,1997376
8690637865596,false,תחליב רחצה לניקוי וטיפוח עור היד 750 מ,"יוניליוור ישראלשיווק בע""מ",,סבון ידיים דאב הזנה,מיליליטרים,500.00,"100 מ""ל",false,,16.90,0.0338,true,1,2187395
8690637866753,false,"בדין מרכך כביסה מרוכז אקסטרה סגול 960 מ""ל","יוניליוור ישראלשיווק בע""מ",,"בדין אקסטרא 960 מ""ל",מיליליטרים,960.00,"100 מ""ל",false,,15.90,0.0166,true,1,1931111
8690637871047,false,דאב שמפו בתוספת שמן קוקוס וכורכום 600 מל,"יוניליוור ישראל שיווק בע""מ",,שמפו דאב 600 עם שמן,מיליליטרים,600.00,"100 מ""ל",false,,18.90,0.0315,true,1,2017573
8690637871061,false,"דאב שמפו עם שמן אבוקדו ותמצית קלנדולה 600 מ""ל",יוניליוור ישראל שיווק בע`מ,,שמפו דאב 600 עם שמן,מיליליטרים,600.00,"100 מ""ל",false,,18.90,0.0315,true,1,2017574
8690637916977,false,מרכך עם שמן קוקוס וכורכום למראה שיער משוקם,יוניליוור ישראל שיווק בעמ,,מרכך דאב עם שמן קוקס,מיליליטרים,600.00,"100 מ""ל",false,,18.90,0.0315,true,1,2258115
8690637916991,false,מרכך דאב עם שמן אבוקדו ותמצית קלנדולה600,"יוניליוור ישראל שיווק בע""מ",,מרכך דאב עם שמן אבוק,מיליליטרים,600.00,"100 מ""ל",false,,18.90,0.0315,true,1,2236766
8690637946301,false,"בדין - מרכך כביסה אקסטרא בייביי כחול 960 מ""ל",יוניליוור ישראל שיווק בע`מ,,בדין אקסטרא בייבי 96,מיליליטרים,960.00,"100 מ""ל",false,,15.90,0.0166,true,1,2298120
8690637946318,false,"מרכך כביסה בדין מרוכז אקסטרה בייבי טלק 960 מ""ל",יוניליוור ישראל שיווק בע`מ,,בדין אקסטרא בייבי 96,מיליליטרים,960.00,"100 מ""ל",false,,15.90,0.0166,true,1,2298121
8690637971310,false,"מרכך כביסה מרוכז אקסטרה בניחוח יערת הדבש בדין 960 מ""ל",יוניליוור ישראל שיווק בע`מ,,בדין אקסטרא יערת הדב,מיליליטרים,960.00,"100 מ""ל",false,,15.90,0.0166,true,1,2323410
8690637976995,false,"מרכך כביסה מרוכז אקסטרה ורוד סחלבים פראי בדין 960 מ""ל",יוניליוור ישראל שיווק בע`מ,,בדין אקסטרא ורוד- 96,מיליליטרים,960.00,"100 מ""ל",false,,15.90,0.0166,true,1,2323411
8690637977794,false,תחליב רחצה לידיים בניחוח חמאת שיאה ווניל,קוסטר אירוסול ולף סנ,,סבון ידיים דאב חמאת,מיליליטרים,500.00,"100 מ""ל",false,,16.90,0.0338,true,1,2327856
8690637989612,false,שלגון שמנת בטעם וניל עם ריפל בטעם שוקולד 246 גרם,יונילוור סנאיי וי טיג'\,,מאגדת שלגוני מגנום מ,גרמים,246.00,100 גרם,false,,29.90,0.1215,true,1,2336629
8690757002376,false,"משחה להברקת נעליים עם ספוג 50 SILVERמ""ל-צבע שחור",אינטרסן (1996) בעמ,,משחת נעליים,מיליליטרים,50.00,"100 מ""ל",false,,4.90,0.0980,true,1,1322325
8690757002444,false,"נוזל להברקת נעליים שחור 75 SILVERמ""ל",אינטרסן (1996) בעמ,,נוזל לנעליים,מיליליטרים,75.00,"100 מ""ל",false,,4.90,0.0653,true,1,1322331
8690757002451,false,"נוזל להברקת נעליים חום 75 SILVERמ""ל",אינטרסן (1996) בעמ,,נוזל לנעליים,מיליליטרים,75.00,"100 מ""ל",false,,4.90,0.0653,true,1,1322332
8690757002475,false,ספוג להברקת נעליים גדול SILVER -נטורל,אינטרסן (1996) בעמ,,ספוג להברקת נעליים,יחידה,0.00,יחידה,false,,4.90,0.0000,true,1,1322334
8690766156367,false,טבלת שוקולד חלב מעולה 90 גר` גודייבה,תה ויסוצקי (ישראל) בעמ,,שוקולד גודייבה חלב מ,גרמים,90.00,100 גרם,false,,10.90,0.1211,true,1,2287220
8690766156374,false,גודייבה שוקולד מריר מעולה 72% מוצקי קקאו 72גרם,תה ויסוצקי (ישראל) בעמ,,שוקולד גודייבה מריר,גרמים,90.00,100 גרם,false,,10.90,0.1211,true,1,2287227
8690766156381,false,גודייבה שוקולד מריר 90% מוצקי קקאו 90 גרם,תה ויסוצקי (ישראל) בעמ,,שוקולד גודייבה מריר,גרמים,90.00,100 גרם,false,,10.90,0.1211,true,1,2287228
8690766156398,false,"שוקולד חלב מעולה בתוספת שברי שקדים קלויים,דבש ומלח 90 גרם","אולקר מקבוצת פלאדיס, ציק",,שוקולד גודייבה חלב ב,גרמים,90.00,100 גרם,false,,10.90,0.1211,true,1,2287229
8690766156404,false,שוקולד מריר מעולה גודייבה תפוז אדום 90 גרם,תה ויסוצקי (ישראל) בעמ,,שוקולד גודייבה מריר,גרמים,90.00,100 גרם,false,,10.90,0.1211,true,1,2287230
8690766156411,false,שוקולד מריר מעולה בטעם פלפל ורוד עם חתיכות תות מסוכר 90 גרם,תה ויסוצקי (ישראל)בעמ,,שוקולד גודייבה מריר,גרמים,90.00,100 גרם,false,,10.90,0.1211,true,1,2287231
8690770322598,false,שמרים יבשים פוליבה הנמל 125 גרם,הנמל אריזות ושיווק (1984) בעמ,,שמרים יבשים 125 גרם,גרמים,125.00,100 גרם,false,,3.90,0.0312,true,1,1321676
8690777203012,false,פלפלים ירוקים כבושים לא חריפים סרה ויליפוד 600 גרם,ג. וילי-פוד אינטרנשיונל בע`מ,TR,פלפל ירוק כבוש לא חריף 60,גרמים,600.00,100 גרם,false,,12.90,0.0215,true,1,1308975
8690777204071,false,פלפלים כבושים חריפים סרה 320 גרם,ג. וילי-פוד אינטרנשיונל בע`מ,TR,פלפל חריף 640גרם מותג SER,גרמים,640.00,100 גרם,false,,12.90,0.0202,true,1,1308976
8690777206051,false,חציל קלוי על האש סרה ויליפוד 650 גרם,ג. וילי-פוד אינטרנשיונל בע`מ,TR,חצילים קלויים על האש 650ג,גרמים,650.00,100 גרם,false,,12.90,0.0198,true,1,1308977
8690777221405,false,פלפל אדום קלוי על האש 650 גר` ויליפוד,ג. וילי-פוד אינטרנשיונל בע`מ,TR,פלפל אדום קלוי על האש 650,גרמים,650.00,100 גרם,false,,12.90,0.0198,true,1,1308978
8690784516440,false,דאק נוזל לניקוי מתקדם בניחוח לבנדה בודד 750מל,"אס.סי.ג'\ונסון מידרכט, ה",,טואלט דאק ג'ל לניקוי,מיליליטרים,750.00,"100 מ""ל",false,,12.90,0.0172,true,1,1802877
8690784611442,false,סבון מוצק לניקוי אסלה בניחוח הדרים בתוספת אקונומיקה,דאופלור אס פי אי כונ,,דאק סבון ניקוי אסלה,גרמים,30.00,100 גרם,false,,7.90,0.2633,true,1,2285574
8690784614771,false,דאק כדוריות ניקוי אסלה בניחוח רענן,דאופלור אס.פי.אי כונ,,דאק סבון ניקוי אסלה,גרמים,30.00,100 גרם,false,,7.90,0.2633,true,1,1991150
8690784616775,false,סבון מוצק לאסלה דאק אקווה בלו 4 ב-1 80 ג,טואלט דאק (ג'ונסון),,סבון ניקוי לאסלה דאק,יח',1.00,יח',false,,9.90,9.9000,true,1,2154999
8690784711777,false,דאק סבון אקטיבי בתוספת אקונומיקה מקציפה בניחוח ים,דאופלור אס.פי.אי כונ,,דאק סבון ניקוי אסלה,גרמים,30.00,100 גרם,false,,7.90,0.2633,true,1,2274387
8691530924670,false,סירופ רימונים נאטרסן345ג,נטורסן,,סירופ רימונים 345 גר,גרמים,345.00,100 גרם,false,,16.90,0.0490,true,1,1350154
8691530924687,false,סירופ רימונים 1 ליטר,נטורסן,,סירופ רימונים 1 ליטר,ליטרים,1.00,ליטר,false,,39.90,39.9000,true,1,2231739
8692952070020,false,"כוס בירה 380 מ""ל",,,"כוס בירה 380 מ""ל",יחידה,0.00,יחידה,false,,6.90,0.0000,true,1,2403994
8693323099107,false,מרשמלו לבבות בטעם תות ווניל,ליימן שליסל בעמ,,מרשמלו יוגטה לבבות,גרמים,150.00,100 גרם,false,,6.90,0.0460,true,1,1802018
8693357093447,false,PS-TIMELESS סט 6 כוס,,,PS-TIMELESS סט 6 כוס,יחידה,0.00,יחידה,false,,49.90,0.0000,true,1,2421575
8693357101555,false,סט 6 כוס מים זכוכית,,,סט 6 כוסות מים 200,יחידה,0.00,יחידה,false,,12.90,0.0000,true,1,2402599
8693357339309,false,זוג מאג קזבלנקה 270,,,זוג מאג קזבלנקה 270,יחידה,0.00,יחידה,false,,18.90,0.0000,true,1,2421579
8693357469280,false,"סט 6 כוסות 350 מ""ל ז",,,"סט 6 כוסות 350 מ""ל ז",יחידה,0.00,יחידה,false,,39.90,0.0000,true,1,2421581
8693357517417,false,סט 2 מאג זכוכית.,,,סט 2 מאג זכוכית.,יחידה,0.00,יחידה,false,,12.90,0.0000,true,1,2404104
8693357517882,false,PS-ICONIC סט 6 כוסות,,,PS-ICONIC סט 6 כוסות,יחידה,0.00,יחידה,false,,44.90,0.0000,true,1,2421587
8693495037853,false,זוג מברשות שיניים קולגייט סלים סופט זהב,הנסיך- מפעל לייצור ט,CN,קולגייט מברשת סלים סופט ז,יח',2.00,יח',false,,29.90,14.9500,true,1,1339157
8693495041461,false,קולגייט זוג מברשות שיניים סלים סופט פחם,הנסיך- מפעל לייצור ט,CN,קולגייט מברשת סלים סופט פ,יח',2.00,יח',false,,29.90,14.9500,true,1,1339160
8693495050333,false,"פלמוליב סבון נוזלי לגבר לימון ירוק 500 מ""ל",קולגייט-פלמוליב,,סבון נוזלי פלמוליב ל,מיליליטרים,500.00,"100 מ""ל",false,,15.90,0.0318,true,1,1701316
8693495051002,false,קולגייט מברשת שיניים מיניונים 6+ לילדים,קולגייט פלמוליב,,מברשת שיניים קולגייט,יח',1.00,יח',false,,18.90,18.9000,true,1,1755763
8693495051255,false,מברשת שיניים קולגייט סלים סופט זהב זוג,קולגייט - פלמוליב,,זוג מברשות שיניים קו,יח',2.00,יח',false,,29.90,14.9500,true,1,1791600
8693495052177,false,פלמוליב נטורלס תחליב רחצה זיתים 750 מל,קולגייט פלמוליב,,סבון נוזלי פלמוליב ז,מיליליטרים,750.00,"100 מ""ל",false,,17.90,0.0239,true,1,1831802
8693495052214,false,פלמוליב ס.נוזלי פטל שחור 750 מל משאבה,קולגייט פלמוליב,,סבון נוזלי פלמוליב פ,מיליליטרים,750.00,"100 מ""ל",false,,19.90,0.0265,true,1,1831804
8693495052931,false,זוג מברשות שיניים אדוונסט 360 לניקוי כל חלל הפה,קולגייט פלמוליב,,מברשת שיניים קולגייט,יח',2.00,יח',false,,29.90,14.9500,true,1,2274773
8693495054034,false,פלמוליב ס.נוזלי לומינוס אבוקדו 750 משאבה,קולגייט פלמוליב,,סבון נוזלי פלמוליב ל,מיליליטרים,750.00,"100 מ""ל",false,,17.90,0.0239,true,1,2380813
8693495054058,false,סבון נוזלי פלמוליב לומינוס עם תמציות שמן מקדמיה,קולגייט פלמוליב,,סבון נוזלי פלמוליב ל,מיליליטרים,750.00,"100 מ""ל",false,,17.90,0.0239,true,1,2380814
8693609193826,false,מתקן כביסה מתכת אל חלד,ITALPLAST,,מתקן כביסה מתכת אל ח,יחידה,0.00,יחידה,false,,59.90,0.0000,true,1,2349945
8696071030767,false,"אקרילית בתרמיל ""אמרי",,,"אקרילית בתרמיל ""אמרי",יחידה,0.00,יחידה,false,,9.90,0.0000,true,1,2401853
8696219320033,false,כיסא סיר לילה,,,כיסא סיר לילה,יחידה,0.00,יחידה,false,,29.90,0.0000,true,1,2381054
8696219331473,false,סט יעה עומד+מטאטא פי,,,סט יעה עומד+מטאטא פי,יחידה,0.00,יחידה,false,,42.90,0.0000,true,1,2381058
8696219348099,false,פעמון עוגה,,,פעמון עוגה,יחידה,0.00,יחידה,false,,29.90,0.0000,true,1,2381064
8696219353727,false,מסחטת הדרים פלסטיק,ד.ג.ש ייבוא ושיווק בעמ,,מסחטת מיץ 0.4 ליטר,יחידה,0.00,יחידה,false,,6.90,0.0000,true,1,2381066
8696219356681,false,קופסא קורנפלקס 4 ליט,,,קופסא קורנפלקס 4 ליט,יחידה,0.00,יחידה,false,,19.90,0.0000,true,1,2381068
8696219360947,false,סט 3 משפכים,,,סט 3 משפכים,יחידה,0.00,יחידה,false,,9.90,0.0000,true,1,2381072
8696219376122,false,דלי שקוף 12 ליטר,,,דלי שקוף 12 ליטר,יחידה,0.00,יחידה,false,,19.90,0.0000,true,1,2381082
8696219395017,false,כד מידה מקצועי 0.5 ל,,,כד מידה מקצועי 0.5 ל,יחידה,0.00,יחידה,false,,9.90,0.0000,true,1,2381087
8696219395048,false,מברשת אסלה סט שרותים,,,מברשת אסלה סט שרותים,יחידה,0.00,יחידה,false,,19.90,0.0000,true,1,2381089
8696219405167,false,סלסלה נמוכה פלסט ארט,,,סלסלה נמוכה פלסט ארט,יחידה,0.00,יחידה,false,,16.90,0.0000,true,1,2381095
8696219405464,false,מסננת פלסטיק מתקפלת 2.4ל,IRAK PLASTIC,,מסננת מתקפלת,יחידה,0.00,יחידה,false,,14.90,0.0000,true,1,2381098
8697040108975,false,אסותא סבון נוזלי להיגיינה אישית 1/12,עיסא ערטול בעמ-סוכן הנקל סוד,,סבון נוזלי אסותא נשי,מיליליטרים,400.00,"100 מ""ל",false,,14.90,0.0373,true,1,1689167
8697040108982,false,אסותא סבון נוזלי לש.אינטמ,עיסא ערטול בעמ-סוכן הנקל סוד,,סבון נוזלי אסותא נשי,מיליליטרים,400.00,"100 מ""ל",false,,14.90,0.0373,true,1,1689168
8697040109323,false,אסותא סבון מוצק להיגיינה,עיסא ערטול בעמ-סוכן הנקל סוד,,סבון מוצק אסותא,גרמים,100.00,100 גרם,false,,3.90,0.0390,true,1,1393734
8697418280104,false,עלי טורטייה 1.1 קג,,,עלי טורטייה 12יח,יחידה,0.00,יחידה,false,,27.90,0.0000,true,1,2231740
8697418280173,false,עלי טורטייה מחיטה מלאה 840 גרם LAVALIA,פרינסס גידה,,עלי טורטייה חיטה מלא,גרמים,840.00,100 גרם,false,,24.90,0.0296,true,1,2231742
8697430885424,false,פסטה פרפרים ארבלה וי,ארבלה Arbella,TR,פרפרים 5 ARBELLA,גרמים,500.00,100 גרם,false,,4.90,0.0098,true,1,1347615
8697430885431,false,פסטה פנה ארבלה ויטה,ארבלה Arbella,TR,פנה 4 ARBELLA,גרמים,500.00,100 גרם,false,,4.90,0.0098,true,1,1347616
8697430885455,false,קונכיות ארבלה ויטה,ארבלה Arbella,TR,קונכיות 3 ARBELLA,גרמים,500.00,100 גרם,false,,4.90,0.0098,true,1,1347617
8697430885479,false,פוזילי ארבלה ויטה,ארבלה Arbella,TR,פוזילי 2 ARBELLA,גרמים,500.00,100 גרם,false,,4.90,0.0098,true,1,1347618
8697430885493,false,ספגטי ארבלה ויטה,ארבלה Arbella,TR,ספגטי 1 ARBELLA,גרמים,500.00,100 גרם,false,,4.90,0.0098,true,1,1347619
8697431460217,false,קונפיטורה 70% תפוזים 450 ג' FRUPPA,תומר יבוא ושיווק מוצרי מזון (1,,קונפיטור 70% תפוזים,גרמים,450.00,100 גרם,false,,12.90,0.0287,true,1,1339815
8697431460378,false,קונפיטורה 70% שזיף פרופה 450 גרם,פרוטנגו Fruitango,,קונפיטורה 70% שזיפים,גרמים,450.00,100 גרם,false,,12.90,0.0287,true,1,1339818
8697431921701,false,קונפיטורה תות שדה 70% פרי פרופה 454 גר',תומר יבוא ושיווק מוצרי מזון (1,,קונפיטור 70% תות,גרמים,450.00,100 גרם,false,,12.90,0.0287,true,1,1339819
8697431921718,false,קונפיטורה דובדבן חמוץ 70% פרי פרופה 454 גר',תומר יבוא ושיווק מוצרי מזון (1,,קונפיטור 70% דובדבן,גרמים,450.00,100 גרם,false,,12.90,0.0287,true,1,1339820
8697431925143,false,קונפיטורה 70% פירות יער 450 גר`תומר,תומר ייבוא ושיווק מוצרי מזון [,,קונפיטור 70% מיקס פי,גרמים,450.00,100 גרם,false,,12.90,0.0287,true,1,2147482
8697435183693,false,קרש גיהוץ גדול 38*12,,,קרש גיהוץ גדול 38*12,יחידה,0.00,יחידה,false,,159.90,0.0000,true,1,2381105
8697464940373,false,אגרן ירקות 4 קומות כ,,,אגרן ירקות 4 קומות כ,יחידה,0.00,יחידה,false,,159.90,0.0000,true,1,2358986
8697633820123,false,סכומון מגירה שקוף 33,,,סכומון מגירה שקוף 33,יחידה,0.00,יחידה,false,,12.90,0.0000,true,1,2416674
8697633820574,false,קערה עגולה 3 ליטר,ברוך רוזנשטין בעמ,,קערה עגולה 3 ל',יחידה,0.00,יחידה,false,,9.90,0.0000,true,1,2416690
8697633820581,false,קערה עגולה 5 ל',,,קערה עגולה 5 ל',יחידה,0.00,יחידה,false,,12.90,0.0000,true,1,2416691
8697659232733,false,"מבשם אריגים פרש כותנה יעקובי 425מ""ל",יעקב יעקבי ובניו בעמ,,מבשם אריגים,מיליליטרים,475.00,"100 מ""ל",false,,12.90,0.0272,true,1,2119164
8697659238131,false,"מטהר אוויר פרש& מור הכוכב הכחול 400 מ""ל",יעקובי,,מטהר אוויר פרש&מור,יחידה,0.00,יחידה,false,,19.90,0.0000,true,1,2322749
8697700113998,false,צלחת אובלית עמוקה 8.,,,צלחת אובלית עמוקה 8.,יחידה,0.00,יחידה,false,,16.90,0.0000,true,1,2367635
8697826469092,false,טורטיה קטנה שקדיה 540 גרם 12 יחידות,דין שיווק וקליה 2021 בעמ,,טורטיות ראפ 540 גרם,גרמים,540.00,100 גרם,false,,9.90,0.0183,true,1,1327684
8697853092904,false,"כוס ספיר 350 מ""ל",,,"כוס ספיר 350 מ""ל",יחידה,0.00,יחידה,false,,2.90,0.0000,true,1,2416716
8697853093543,false,מלחיית ביצה,,,מלחיית ביצה,יחידה,0.00,יחידה,false,,6.90,0.0000,true,1,2416718
8697853093819,false,מעמד לביצה ספיר,,,מעמד לביצה ספיר,יחידה,0.00,יחידה,false,,4.90,0.0000,true,1,2416720
8697853096377,false,אירגונית 12x7.5x5,,,אירגונית 12x7.5x5,יחידה,0.00,יחידה,false,,3.90,0.0000,true,1,2416733
8697957251252,false,"מעמד מתקן לכוסות ח""פ",,,"מעמד מתקן לכוסות ח""פ",יחידה,0.00,יחידה,false,,9.90,0.0000,true,1,2359932
8699073291273,false,פלפל כבוש חריף 640 גרם MELIS כשרות K,ג. וילי-פוד אינטרנשיונל בע`מ,,פלפל כבוש חריף 640 ג,גרמים,640.00,100 גרם,false,,12.90,0.0202,true,1,2330073
8699273552556,false,קסרול WINDMILL מנטה-,,,קסרול WINDMILL מנטה-,יחידה,0.00,יחידה,false,,12.90,0.0000,true,1,1961001
8699273552563,false,קסרול WINDMILL ורוד-,,,קסרול WINDMILL ורוד-,יח',10.00,יח',false,,11.90,1.1900,true,1,1961002
8699273552594,false,קערה WINDMILL קרם- א,,,קערה WINDMILL קרם- א,יח',3.00,יח',false,,12.90,4.3000,true,1,1961005
8699568532003,false,וולה פלקס ספריי לעיצוב שיער מגה עמיד 250,דיפלומט מפיצים (1968) בעמ,,וולה פלקס ספריי לעיצ,מיליליטרים,250.00,"100 מ""ל",false,,29.90,0.1196,true,1,2328192
8699863093094,false,קופסת אחסון גבוהה מל,,,קופסת אחסון גבוהה מל,יחידה,0.00,יחידה,false,,19.90,0.0000,true,1,2383938
8699943571429,false,אגרן ירקות 3 קומות כ,,,אגרן ירקות 3 קומות כ,יחידה,0.00,יחידה,false,,139.90,0.0000,true,1,2358988
8710103874058,false,אוונט פטמה נטורל רב שלבית,פיליפס אוונט,,פטמת נטורל רב שלבית,יח',2.00,יח',false,,42.90,21.4500,true,1,2411417
8710103874119,false,אוונט פיליפס פטמה נטורל 2,,,פטמת נטורל מעבר מהיר,יח',2.00,יח',false,,42.90,21.4500,true,1,2411418
8710103938484,false,אוונט מוצץ 0-6 ULTRA SOFT בנות באני,פיליפס אוונט,,BUNNY SOFT 0-6 GIRL,יח',2.00,יח',false,,44.90,22.4500,true,1,2411435
8710103942542,false,אוונט מוצץ 0-6 אולטרה אייר תכלת-צהוב,כמיפל,,ELEP/LION BOY 0-6 AI,יח',2.00,יח',false,,42.90,21.4500,true,1,2411438
8710103949206,false,אוונט מוצץ 0-6 אולטרה אייר בנות הפי,כמיפל,,AIR COLL 0-6M GIRL H,יח',2.00,יח',false,,42.90,21.4500,true,1,2411443
8710428005762,false,תרכובת מזון לתינוקות על בסיס חלבון סויה איזומיל טף שלב 2,"אבוט מעבדות רפואיות בע""מ",ES,SIMILAC ISOMIL TAF NG 400,גרמים,400.00,100 גרם,false,,44.90,0.1122,true,1,1306604
8710428017000,false,פדיאשור השלמה תזונתית בטעם וניל 850 גרם,שקד תבל בעמ-סימילק,,פדיאשור משקה להשלמה,גרמים,850.00,100 גרם,false,,79.90,0.0940,true,1,2319702
8710428017024,false,פדיאשור השלמה תזונתית בטעם שוקולד 850 גר,שקד תבל בעמ-סימילק,,פדיאשור משקה להשלמה,גרמים,850.00,100 גרם,false,,79.90,0.0940,true,1,2319703
8710447224311,false,מרכך בוטניק בתוספת שמן קוקוס ואלוורה,"יוניליוור ישראל שיווק בע""מ",,מרכך טרזמה בוטניק 40,מיליליטרים,400.00,"100 מ""ל",false,,14.90,0.0373,true,1,2266245
8710447240915,false,טרזמה מסכה משקמת בתוספת ביוטין 300 מל,"יוניליוור פולין, רחוב קר",,מסכה לשיער טרזמה ביו,מיליליטרים,300.00,"100 מ""ל",false,,29.90,0.0997,true,1,2266433
8710447275306,false,דאב קרם ידיים שמן אבוקדו ותמצית קלנדולה,יוניליוור ישראל שיווק בעמ,,קרם ידיים דאב שמן אב,מיליליטרים,75.00,"100 מ""ל",false,,12.90,0.1720,true,1,2242046
8710447284117,false,"ג'ל רחצה אקס בלאק 400 מ""ל",יוניליוור ישראל שיווק בע`מ,,אקס ג'ל רחצה בלק,מיליליטרים,400.00,"100 מ""ל",false,,15.90,0.0398,true,1,1931127
8710447331095,false,טרזמה בוטניק מסכה לשיער 300 מל,"יוניליוור ישראלשיווק בע""מ",,מסכה לשיער טרזמה בוט,מיליליטרים,300.00,"100 מ""ל",false,,29.90,0.0997,true,1,2266248
8710502060021,false,מרבה פטיסרי עוגיות מאפין רכות 210 גרם,ש. שסטוביץ בע`מ,,עוגיות מרבה פטיסרי מ,גרמים,210.00,100 גרם,false,,9.90,0.0471,true,1,2407811
8710502064814,false,עוגיות מרבה שוקולד ציפס במרקם רך 175 גר,בנקטבקריי מרבה בי.וי,,עוגיות שוקולד ציפס 1,גרמים,175.00,100 גרם,false,,8.90,0.0509,true,1,1339162
8710502100864,false,עוגיות מרבה פטיסרי דאבל שוקולד 200 גרם,ש.שסטוביץ בעמ,,עוגיות מרבה פטיסרי ד,גרמים,200.00,100 גרם,false,,9.90,0.0495,true,1,2407812
8710502139017,false,עוגיות טריפל שוקולד צ`יפס מרבה (180 גרם),בנקטבקריי מרבה בי.וי,NL,מרבה עוגיות טריפל שוקולד,גרמים,180.00,100 גרם,false,,8.90,0.0494,true,1,1339163
8710502194801,false,"עוגיות שוקלד ציפס רכה פירות יער ""מרבה"" 175 גרם",בנקטבקריי מרבה בי.וי,,עוגיות שוקולד צי'פס,גרמים,175.00,100 גרם,false,,8.90,0.0509,true,1,1442158
8710502231018,false,מרבה עוגיות מיני שוקולד צ'יפס 175 גרם,ש. שסטוביץ בע`מ,,עוגיות מרבה שוקולד צ,גרמים,175.00,100 גרם,false,,9.90,0.0566,true,1,2334140
8710502279003,false,עוגיות שוקולד צ'יפס מצופות 49% 180 ג' מרבה פטיסרי,ש.שסטוביץ בעמ,,עוגיות מרבה פטיסרי ש,גרמים,180.00,100 גרם,false,,9.90,0.0550,true,1,2407813
8710502279010,false,מרבה עוגיות שוקולד צ'יפס מצופות שוקולד 175 גרם,"י.מרבה ישראל בע""מ",,עוגיות שוקולד צ'יפס,גרמים,175.00,100 גרם,false,,8.90,0.0509,true,1,2331393
8710502285509,false,מרבה - עוגיות לימון ושוקולד צ'יפס במרקם רך 175 גרם,בנקטבקריי מרבה בי.וי,,עוגיות לימון ושוקולד,גרמים,175.00,100 גרם,false,,8.90,0.0509,true,1,2370008
8710502405204,false,עוגיות שוקולד צ'יפס עם קרם שוקולד מרבה 175 גרם,קריניציה ויטמינה אס,NL,מרבה עוגיות ממולאות קרם,גרמים,175.00,100 גרם,false,,8.90,0.0509,true,1,1339165
8710502470028,false,עוגיות שוקולד צ'יפס ממולאות בקרם נוגט,קריניציה ויטמינה אס,NL,מרבה עוגיות נוגטלי 160 ג,גרמים,160.00,100 גרם,false,,8.90,0.0556,true,1,1339167
8710522584200,false,דאב תחליב רחצה אלוורה ומי ורדים 500 מל,"יוניליוור ישראל שיווק בע""מ",,תחליב רחצה דאב 500 מ,מיליליטרים,500.00,"100 מ""ל",false,,14.90,0.0298,true,1,2360155
8710552274614,false,שמפו קצף לנ.שטיחים וניש קליה גולד 600 מל,רקיט בנקיזר (ניר איסט) בעמ,,וניש גולד קצף שטיחים,מיליליטרים,600.00,"100 מ""ל",false,,29.90,0.0498,true,1,1999501
8710800027573,false,סוכריות מיני בטעם פירות מנטוס 178 גרם,פרפטי ואן מלה ברדה,,שקית מיני מנטוס,גרמים,178.00,100 גרם,false,,12.90,0.0725,true,1,1326696
8710800961310,false,סוכריות בטעם תות מנטוס 4*375 גרם,פרפטי ואן מלה ברדה,,מנטוס 1/4 טעם תות,גרמים,150.00,100 גרם,false,,10.90,0.0727,true,1,1326697
8710847860829,false,"רקסונה - דאודורנט רול און לאישה כותנה 50 מ""ל",יוניליוור פארם,,דאודורנט רול און רקס,מיליליטרים,50.00,"100 מ""ל",false,,15.90,0.3180,true,1,2277805
8710847860843,false,"רקסונה - דאודורנט רולאון לאישה אינביזיבל 50 מ""ל",יוניליוור אנגליה,,דאודורנט רול און רקס,מיליליטרים,50.00,"100 מ""ל",false,,15.90,0.3180,true,1,2280137
8710847942679,false,טרזמה שמפו לשיער יבש בתוספת שמן המפ,"יוניליוור ישראלשיווק בע""מ",,שמפו טרזמה קרטין 400,מיליליטרים,400.00,"100 מ""ל",false,,14.90,0.0373,true,1,2358036
8710847942693,false,טרזמה מרכך לשיער יבש שמן המפ 400 מל,"יוניליוור ישראל שיווק בע""מ",,מרכך טרזמה קרטין 400,מיליליטרים,400.00,"100 מ""ל",false,,14.90,0.0373,true,1,2358037
8710847973970,false,"תחליב רחצה דאב אלוורה מי עץ שדר, 750 מ""ל",יוניליוור ישראל שיווק בע`מ,,דאב תחליב רחצה אלוור,מיליליטרים,750.00,"100 מ""ל",false,,19.90,0.0265,true,1,2327857
8710847995729,false,"רקסונה - דאודורנט ספריי לאישה דייזי פאוור 150 מ""ל","יוניליוור אנגליה, דרך קו",,דאודורנט ספריי רקסונ,מיליליטרים,150.00,"100 מ""ל",false,,13.90,0.0927,true,1,2310249
8710908326691,false,"תחליב רחצה פרח האדמונית דאב 750 מ""ל",יוניליוור ישראל שיווק בע`מ,,דאב תחליב רחצה אדמונ,מיליליטרים,750.00,"100 מ""ל",false,,19.90,0.0265,true,1,1415853
8710908693809,false,"TRESSEMME מסיכה טיפולית עם קרטין 300מ""ל","יוניליוור ישראלשיווק בע""מ",,מסכה לשיער טרזמה קרט,מיליליטרים,300.00,"100 מ""ל",false,,29.90,0.0997,true,1,1931112
8710908882463,false,תחליב רחצה Invigorating Ritual עם שמן אבוקדו וקלנדולה,"יוניליוור ישראל שיווק בע""מ",,תחליב רחצה דאב 500 מ,מיליליטרים,500.00,"100 מ""ל",false,,14.90,0.0298,true,1,1909125
8711000360606,false,קפסולות קפה אספרסו רוז) (952 גר`לור,דיפלומט מפיצים (1968) בעמ**,,לור קפסולות קפה אספר,גרמים,52.00,100 גרם,false,,19.90,0.3827,true,1,2309699
8711000362556,false,לור קפסולות קפה אספרסו פורזה 52 גר,דיפלומט מפיצים (1968) בעמ**,,לור קפסולות קפה אספר,גרמים,52.00,100 גרם,false,,19.90,0.3827,true,1,2059292
8711000362570,false,קפסולות קפה תואמות נספרסו פורזה 9 ל'אור 10 יחידות,דיפלומט מפיצים (1968) בעמ**,,לור קפסולות קפה אספר,גרמים,52.00,100 גרם,false,,19.90,0.3827,true,1,2059293
8711000362617,false,לור קפסולות קפה אספרסו לונגו פרופונדו 8,דיפלומט מפיצים (1968) בעמ**,,לור קפסולות קפה אספר,גרמים,52.00,100 גרם,false,,19.90,0.3827,true,1,2059294
8711000362631,false,קפסולות קפה תואמות נספרסו אוניקס 12 ל'אור 10 יחידות,דיפלומט מפיצים (1968) בעמ**,,לור קפסולות קפה אספר,גרמים,52.00,100 גרם,false,,19.90,0.3827,true,1,2059295
8711000362655,false,קפסולות קפה אספרסו אבסולו) (9 52 גר`לור,דיפלומט מפיצים (1968) בעמ**,,לור קפסולות קפה אספר,גרמים,52.00,100 גרם,false,,19.90,0.3827,true,1,2309700
8711000362679,false,קפסולות קפה תואמות נספרסו קולומביה 8 ל'אור 10 יחידות,דיפלומט מפיצים (1968) בעמ**,,לור קפסולות קפה אספר,גרמים,52.00,100 גרם,false,,19.90,0.3827,true,1,2253845
8711000362747,false,קפסולות קפה תואמות נספרסו ריסטרטו 11 ל'אור 10 יחידות,דיפלומט מפיצים (1968) בעמ**,,לור קפסולות קפה אספר,גרמים,52.00,100 גרם,false,,19.90,0.3827,true,1,2059296
8711000371176,false,ג'ייקובס קפסולות קפה אספרסו קלאסיקו עוצמה 7,ג'ייקובס דאו אגברטס צרפת,,ג'ייקובס קפסולות קפה,גרמים,52.00,100 גרם,false,,16.90,0.3250,true,1,2109481
8711000371183,false,ג'ייקובס קפסולות קפה אספרסו אינטסו עוצמה 10,ג'ייקובס דאו אגברטס צרפת,,ג'ייקובס קפסולות קפה,גרמים,52.00,100 גרם,false,,16.90,0.3250,true,1,2139464
8711000371206,false,ג'ייקובס קפסולות קפה אספרסו ריסטרטו עוצמה 12,ג'ייקובס דאו אגברטס צרפת,,ג'ייקובס קפסולות קפה,גרמים,52.00,100 גרם,false,,16.90,0.3250,true,1,2139465
8711000371244,false,"ג'ייקובס קפסולות אספרסו (8) 10 יח', 52ג' לונגו",דיפלומט מפיצים (1968) בעמ**,,ג'ייקובס קפסולות קפה,גרמים,52.00,100 גרם,false,,16.90,0.3250,true,1,2285753
8711000397466,false,לור קפסולות קפה אספרסו ריסטרטו נטול קפאין,ג'ייקובס דאו אגברטס צרפת,,לור קפסולות קפה אספר,גרמים,52.00,100 גרם,false,,19.90,0.3827,true,1,2134816
8711000431108,false,קפסולות קפה אספרסו הודו (10)52 גר`לור,דיפלומט מפיצים (1968) בעמ**,,לור קפסולות קפה אספר,גרמים,52.00,100 גרם,false,,19.90,0.3827,true,1,2253847
8711000471296,false,קפסולות קפה תואמות נספרסו אולטימו 13 ל'אור 10 יחידות,דיפלומט מפיצים (1968) בעמ**,,לור קפסולות קפה אספר,גרמים,52.00,100 גרם,false,,19.90,0.3827,true,1,2309701
8711000472040,false,קפסולות קפה אספרסו סלקשיין גייקובס 52 גר,דיפלומט מפיצים (1968) בעמ**,,ג'ייקובס קפסולות קפה,גרמים,52.00,100 גרם,false,,16.90,0.3250,true,1,2363201
8711327475663,false,מגנום פיינט וניל שוקולד לבן 260 גרם,"מפעל גלידות בווספרם, רחו",,מגנום פיינט וניל שוק,מיליליטרים,440.00,"100 מ""ל",false,,19.90,0.0452,true,1,2332571
8711327475717,false,מגנום פיינט וניל שקדים 260 גרם,"מפעל גלידות בווספרם, רחו",,מגנום פיינט וניל שקד,מיליליטרים,440.00,"100 מ""ל",false,,19.90,0.0452,true,1,2332572
8711327475762,false,מגנום פיינט שוקולד לבן עוגיות 260 גרם,"מפעל גלידות בווספרם, רחו",,מגנום פיינט לבן עוגי,מיליליטרים,440.00,"100 מ""ל",false,,19.90,0.0452,true,1,2332573
8711428077155,false,נקסקר סטריסטריפ 8 יח,,,נקסקר סטריסטריפ 8 יח,יח',8.00,יח',false,,24.90,3.1125,true,1,2331618
8711700665834,false,סבון מוצק Beauty cream bar בניחוח מלפפון ותה ירוק - מארז שישיה,"יוניליוור ישראלשיווק בע""מ",DE,דאב PW BAR מגע טרי 6X100,גרמים,600.00,100 גרם,false,,24.90,0.0415,true,1,1341650
8712000051099,false,"שישיית בירה היינקן 0% אלכוהל בקבוק 330 מ""ל","מבשלת היינקן, ריטבלדנברג",,שישייה בירה הייניקן,ליטרים,1.98,ליטר,false,,29.90,15.1010,true,1,2077234
8712100739231,false,תה פיגי 40שקיקים פרמ,,,תה PG פירמידה,גרמים,110.00,100 גרם,false,,19.90,0.1809,true,1,1479845
8712400717984,false,נוטרילון קומפורט תרכובת מזון מגיל לידה,דיפלומט מפיצים (1968) בעמ**,,נוטרילון קומפורט חלב,גרמים,400.00,100 גרם,false,,44.90,0.1122,true,1,1492835
8712400802499,false,תרכובת מזון המשך לפעוטות על בסיס חלב שלב 1,דיפלומט מפיצים (1968) בעמ**,,נוטרילון חלב לתינוקו,גרמים,800.00,100 גרם,false,,64.90,0.0811,true,1,1306991
8712400802512,false,תרכובת מזון המשך לפעוטות על בסיס חלב שלב 2,דיפלומט מפיצים (1968) בעמ**,,נוטרילון חלב לתינוקו,גרמים,800.00,100 גרם,false,,64.90,0.0811,true,1,1306993
8712400802536,false,תרכובת מזון המשך לפעוטות על בסיס חלב שלב 3,דיפלומט מפיצים (1968) בעמ**,,נוטרילון חלב לתינוקו,גרמים,800.00,100 גרם,false,,64.90,0.0811,true,1,1306995
8712561594240,false,"דאב תחליב רחצה להזנה עמוקה500 מ""ל-מרכז",יוניליוור ישראל שיווק בע`מ,DE,דאב ת.ר הזנה עמוקה 250ML,מיליליטרים,500.00,"100 מ""ל",false,,14.90,0.0298,true,1,1368549
8712561594608,false,"דאב תחליב רחיצה להזנה עמוקה 750 מ""ל",יוניליוור ישראל שיווק בע`מ,DE,דאב ת.ר מענג 750ML,מיליליטרים,750.00,"100 מ""ל",false,,19.90,0.0265,true,1,1368550
8712561609647,false,"דאב - תחליב רחצה חמאת שיאה 500 מ""ל",יוניליוור ישראל שיווק בעמ,,דאב תחליב רחצה חמאת,מיליליטרים,500.00,"100 מ""ל",false,,16.90,0.0338,true,1,2424136
8712561611183,false,דאב סבון נוזלי 500 תמציות מלפפונים ותה,יוניליוור ישראל שיווק בע`מ,DE,דאב ת.ר פרש 500ML,מיליליטרים,500.00,"100 מ""ל",false,,14.90,0.0298,true,1,1368551
8712561611411,false,"תחליב רחצה בניחוח מלפפון ותה ירוק דאב 750 מ""ל",יוניליוור ישראל שיווק בע`מ,DE,דאב ת.ר פרש 750ML,מיליליטרים,750.00,"100 מ""ל",false,,19.90,0.0265,true,1,1368552
8712561626286,false,תחליב רחצה זוהר כמשי דאב (750 מל),יוניליוור ישראל שיווק בע`מ,DE,דאב ת.ר מענג 750ML,מיליליטרים,750.00,"100 מ""ל",false,,19.90,0.0265,true,1,1368554
8712561631570,false,"תחליב רחצה קוקוס ויסמין דאב 750 מ""ל",יוניליוור ישראל שיווק בע`מ,DE,דאב תחליב רחצה קוקוס ללא,מיליליטרים,750.00,"100 מ""ל",false,,19.90,0.0265,true,1,1368556
8712561646024,false,"תחליב רחצה קרם פיסטוק ומגנוליה דאב 750 מ""ל","יוניליוור ישראל שיווק בע""מ",,תחליב רחצה דאב 750 מ,מיליליטרים,750.00,"100 מ""ל",false,,19.90,0.0265,true,1,2388661
8714100730003,false,דאב מים מיסלרים מזינים לעור רגיל או יבש,יוניליוור ישראל שיווק בעמ,,מים מיסלרים לעור רגי,מיליליטרים,240.00,"100 מ""ל",false,,19.90,0.0829,true,1,2276774
8714443620030,false,מרק ירקות אורגני 200 גרם,תות תעשיות מזון (201,,מרק ירקות אורגני 200,גרמים,200.00,100 גרם,false,,25.90,0.1295,true,1,1469295
8714599104316,false,ג'ייקובס קפה שחור קלוי וטחון טורקי 200 גרם,דיפלומט מפיצים (1968) בעמ**,,קפה שחור ג'יקובס 200,גרמים,200.00,100 גרם,false,,14.90,0.0745,true,1,2284963
8714599104330,false,ג'ייקובס קפה שחור 85 גרם קלוי וטחון טורקי,דיפלומט מפיצים (1968) בעמ**,,קפה שחור ג'יקובס 85,גרמים,85.00,100 גרם,false,,6.90,0.0812,true,1,2284964
8714599410806,false,ג'ייקובס קרוננג מיובש בהקפאה 160 גרם סגירה חוזרת,דיפלומט מפיצים (1968) בעמ**,,קפה ג'יקובס 160 גרם,גרמים,160.00,100 גרם,false,,17.90,0.1119,true,1,2134805
8714599412220,false,ג'ייקובס וולווט קפה נמס מיובש בהקפאה 95 גרם,דיפלומט מפיצים (1968) בעמ**,,קפה ג'יקובס וולווט ק,גרמים,95.00,100 גרם,false,,14.90,0.1568,true,1,2353947
8714599412336,false,קפה נמס בריסטה אמריקנו קלוי וטחון 160 ג' ג'ייקובס,דיפלומט מפיצים (1968) בעמ**,,קפה ג'יקובס בריסטה,גרמים,160.00,100 גרם,false,,27.90,0.1744,true,1,2363193
8714599513781,false,"קפה נמס מיובש בהקפאה זהב צנצנת ג'ייקובס 200 גרם לל""ס",דיפלומט מפיצים (1968) בעמ**,,קפה ג'יקובס גולד 200,גרמים,200.00,100 גרם,false,,29.90,0.1495,true,1,1400693
8714599513835,false,גי'קובס קרונונג נייט אנד דיי - נטול קופיאין,דיפלומט מפיצים (1968) בעמ**,,קפה ג'יקובס נטול קפא,גרמים,200.00,100 גרם,false,,32.90,0.1645,true,1,1574938
8714599513866,false,"קפה נמס מיובש בהקפאה קרונג צנצנת ג'ייקובס 200 גרם לל""ס",דיפלומט מפיצים (1968) בעמ**,,קפה ג'יקובס 200 גרם,גרמים,200.00,100 גרם,false,,29.90,0.1495,true,1,1400694
8714789177229,false,רבעיית מברשות שיניים קולגייט אקסטרה קלין 1 יחידה,הנסיך- מפעל לייצור ט,CN,קולגייט אקסטרה קלין רביעי,יח',4.00,יח',false,,14.90,3.7250,true,1,1339173
8714789218465,false,מברשת שיניים 360 סופט קולגייט 2 יחידות,הנסיך- מפעל לייצור ט,CN,קולגייט מברשת 360 זוג S ח,יח',2.00,יח',false,,24.90,12.4500,true,1,1339178
8714789303925,false,מברשת שיניים 360 סנסטיב רכה במיוחד קולגייט 2 יחידות,קולגייט- פלמוליב,CH,קולגייט מברשת 360 סנסטיב,יח',2.00,יח',false,,24.90,12.4500,true,1,1339184
8714789402918,false,נוזל לניקוי כללי ורצפות בניחוח פרחי בר אג'קס 1.5 ליטר,הנסיך- מפעל לייצור ט,GR,אגקס חגיגת הפרחים אדום 1.,ליטרים,1.50,ליטר,false,,19.90,13.2667,true,1,1339187
8714789402932,false,נוזל לניקוי כללי ורצפות בניחוח ורדי בוקר אג'קס 1.5 ליטר,הנסיך- מפעל לייצור ט,GR,אגקס חגיגת הפרחים ורוד 1.,ליטרים,1.50,ליטר,false,,19.90,13.2667,true,1,1339188
8714789402970,false,נוזל לניקוי כללי ורצפות בניחוח פרחי אביב אגק'ס 1.5 ליטר,הנסיך- מפעל לייצור ט,GR,אגקס חגיגת הפרחים ירוק 1.,ליטרים,1.50,ליטר,false,,19.90,13.2667,true,1,1339189
8714789450315,false,פלמוליב נוזל כלים לימון 1.5 ליטר,הנסיך- מפעל לייצור ט,GR,פלמוליב כלים שקוף לימון 1,ליטרים,1.50,ליטר,false,,15.90,10.6000,true,1,1339190
8714789529561,false,"משחת שיניים סנסטיב פרו ריליף להלבנה קולגייט 75 מ""ל",קולגייט-פלמוליב,BR,קולגייט סנסיטיב פרו ריליף,מיליליטרים,75.00,"100 מ""ל",false,,24.90,0.3320,true,1,1339197
8714789582764,false,אג'קס ספריי לניקוי חלונות ומשטחים,הנסיך- מפעל לייצור ט,GR,אגקס טריגר 750 מל,מיליליטרים,750.00,"100 מ""ל",false,,14.90,0.0199,true,1,1339200
8714789740058,false,מברשת שיניים טוויסטר סופט קולגייט 2 יחידות,הנסיך- מפעל לייצור ט,CN,קולגייט מברשת טוויסטר זוג,יח',2.00,יח',false,,19.90,9.9500,true,1,1339204
8714789797786,false,"פלמוליב נוזל לניקוי כלים גריז בלסטר 750 מ""ל",יבואן ומשווק: ש. שסט,GR,פלמוליב כלים שקוף גרםיס ב,מיליליטרים,750.00,"100 מ""ל",false,,9.90,0.0132,true,1,1339215
8714789831275,false,מברשת שיניים 360 אופטיק ווייט קולגייט 2 יחידות,קולגייט-פלמוליב,CN,קולגייט מברשת 360 אופטיק,יח',2.00,יח',false,,24.90,12.4500,true,1,1339221
8714789834467,false,פלמוליב נוזל לניקוי כלים קלאסי 1.5 ליטר,קולגייט-פלמוליב,GR,פלמוליב כלים שקוף קלאסי 1,ליטרים,1.50,ליטר,false,,15.90,10.6000,true,1,1339222
8714789835112,false,קולגייט מברשת360 אופטיק וייט סופט חשמלית,ש.שסטוביץ בעמ,CN,קולגייט מברשת 360 אופטיק,יח',1.00,יח',false,,69.90,69.9000,true,1,1339223
8714789930848,false,"משחת שיניים אופטיק וייט הלבנה מיידית קולגייט 75 מ""ל",איינשטיין-צור יבוא-יצוא וסחר ב,PL,קולגייט משחת אופטיק וייט,מיליליטרים,75.00,"100 מ""ל",false,,19.90,0.2653,true,1,1339228
8715035520301,false,פונזו רוטב יפני מסורתי מבוסס על רוטב סויה ולימון,דיפלומט מפיצים (1968) בעמ**,,רוטב סויה ולימון פונ,מיליליטרים,250.00,"100 מ""ל",false,,19.90,0.0796,true,1,2197979
8715300238306,false,חמאה הולנדית ללא מלח 200 גרם,בני ג`ורג` שוקחה (חיפה) בעמ,,חמאה הולנדית ללא מלח,גרמים,200.00,100 גרם,false,,12.90,0.0645,true,1,2421947
8715700110141,false,מיונז קרמי היינץ צנצנת 460ג',דיפלומט מפיצים (1968) בעמ**,,ממרח מיונז היינץ בצנ,גרמים,460.00,100 גרם,false,,11.90,0.0259,true,1,1804753
8715700110158,false,היינץ ממרח במרקם קרמי צנצנת 490 גרם,דיפלומט מפיצים (1968) בעמ**,,מיונז היינץ בצנצנת 4,גרמים,490.00,100 גרם,false,,11.90,0.0243,true,1,1804754
8715700115641,false,ממרח מיונז לחיץ לייט במרקם קרמי 420 ג' היינץ,דיפלומט מפיצים (1968) בעמ**,,ממרח היינץ 420 גרם ל,גרמים,420.00,100 גרם,false,,14.90,0.0355,true,1,1696151
8715700117805,false,"קטשופ היינץ מתבל עגבניות ללא תוספת סוכר ומלח 425 מ""ל",דיפלומט מפיצים (1968) בעמ**,,קטשופ היינץ מופחת סו,גרמים,425.00,100 גרם,false,,11.90,0.0280,true,1,2297654
8715700120874,false,מתבל עגבניות היינץ בתוספת שום,דיפלומט מפיצים (1968) בעמ**,,קטשופ היינץ שום 460,גרמים,460.00,100 גרם,false,,12.90,0.0280,true,1,2367059
8715700419695,false,רוטב ברביקיו מתוק היינץ 500 גרם,דיפלומט מפיצים (1968) בעמ**,,רוטב ברבקיו 500 גרם,גרמים,500.00,100 גרם,false,,12.90,0.0258,true,1,1819952
8715700419732,false,מתבל עגבניות היינץ (700 גרם),דיפלומט מפיצים (1968) בעמ**,,קטשופ היינץ 700 גרם,גרמים,700.00,100 גרם,false,,11.90,0.0170,true,1,1306996
8715700421322,false,היינץ רוטב ברביקיו צ'ילי 490 גרם,דיפלומט מפיצים (1968) בעמ**,,רוטב ברבקיו 490 גרם,גרמים,490.00,100 גרם,false,,12.90,0.0263,true,1,1819953
8715700422473,false,ממרח לכריכים וסלטים ללא ח. משמרים היינץ 395 גרם,דיפלומט מפיצים (1968) בעמ**,,ממרח היינץ לחיץ ללא,גרמים,395.00,100 גרם,false,,14.90,0.0377,true,1,1559299
8715700423906,false,היינץ מתבל עגבניות מופחת סוכר ומלח 50/50 550 גרם,דיפלומט מפיצים (1968) בעמ**,,קטשופ היינץ 555 גרם,גרמים,555.00,100 גרם,false,,11.90,0.0214,true,1,1871848
8717038900586,false,וודקה סופר פרמיום מידנייט אסאי בלוברי 75,א.ג.ת.ד שיווק והפצה 2006 בעמ,,וודקה מידנייט אסאי,מיליליטרים,750.00,"100 מ""ל",false,,89.90,0.1199,true,1,2312475
8717163607305,false,דאב סבון מוצק גרגירים לעיסוי עדין *4,יוניליוור ישראל שיווק בע`מ,DE,דאב סבון מוצק אקספוליאייט,גרמים,400.00,100 גרם,false,,18.90,0.0472,true,1,1341665
8717163628355,false,"מרכך טרזמה להחלקה וצביעה 400 מ""ל","יוניליוור ישראלשיווק בע""מ",,מרכך טרזמה להחלקה וצ,מיליליטרים,400.00,"100 מ""ל",false,,21.90,0.0547,true,1,2362284
8717163628812,false,מסכה טרזמה ללא סולפטים להחלקה ולצביעה300,"יוניליוור ישראלשיווק בע""מ",,מסכה לשיער טרזמה להח,מיליליטרים,300.00,"100 מ""ל",false,,29.90,0.0997,true,1,2298769
8717163655764,false,"רקסונה - דאודורנט ספריי לאישה שוואר פרש 150 מ""ל","יוניליוור ישראל שיווק בע""מ",,דאודורנט ספריי רקסונ,מיליליטרים,150.00,"100 מ""ל",false,,13.90,0.0927,true,1,2280138
8717163655825,false,"רקסונה דאו' ספריי לנשים בניחוח כותנה, 150 מ""ל","יוניליוור ישראל שיווק בע""מ",,דאודורנט ספריי רקסונ,מיליליטרים,150.00,"100 מ""ל",false,,13.90,0.0927,true,1,2280132
8717163658314,false,תחליב רחצה מים מיסלריים היפואלרגני לעור רגיש,יוניליוור ישראל שיווק בעמ,,דאב תחליב רחצה מים מ,מיליליטרים,500.00,"100 מ""ל",false,,16.90,0.0338,true,1,2156599
8717163714850,false,דאודורנט ספריי קוקוס ויסמין( 150 מל),"יוניליוור ישראל שיווק בע""מ",,דאב ספריי קוקוס ויסמ,מיליליטרים,150.00,"100 מ""ל",false,,17.90,0.1193,true,1,2258120
8717163842669,false,"תחליב רחצה דאב חימר ירוק 500 מ""ל purifying",יוניליוור ישראל שיווק בעמ,,דאב תחליב רחצה חימר,מיליליטרים,500.00,"100 מ""ל",false,,16.90,0.0338,true,1,2281620
8717163947692,false,"אקס ג'ל רחצה לגבר פרש ברגמוט ופינק פפר 400 מ""ל",יוניליוור ישראל שיווק בע`מ,,אקס ג'ל רחצה פינק פפ,מיליליטרים,400.00,"100 מ""ל",false,,15.90,0.0398,true,1,2299414
8717677336593,false,טוניס שוקולד חלב 180 גרם רבנות - נוכרי,ליימן שליסל בע`מ,,שוקולד חלב 180 גרם ט,גרמים,180.00,100 גרם,false,,17.90,0.0994,true,1,2385403
8717677336616,false,שוקולד מריר עם שקדים ומלח טוניס' שוקולונלי 180 גרם,ליימן שליסל בע`מ,,שוקולד מריר עם שקדים,גרמים,180.00,100 גרם,false,,17.90,0.0994,true,1,2385404
8717677336630,false,שוקולד חלב עם שקדים ודבש טוניס' שוקולונלי 180 גרם,ליימן שליסל בע`מ,,שוקולד חלב עם שקדים,גרמים,180.00,100 גרם,false,,17.90,0.0994,true,1,2385405
8717677336654,false,טוניס - שוקולד חלב מעולה עם שברי קרמל מלוח,ליימן שליסל בע`מ,,שוקולד חלב עם שברי ק,גרמים,180.00,100 גרם,false,,17.90,0.0994,true,1,2413450
8717677336661,false,טוניס שוקולד מריר מעולה 70% 180 גרם רבנות - נוכרי,ליימן שליסל בע`מ,,שוקולד מריר 70% 180,גרמים,180.00,100 גרם,false,,17.90,0.0994,true,1,2385406
8717677338436,false,שוקולד חלב עם אגוזי לוז טוניס' שוקולונלי 180 גרם,ליימן שליסל בע`מ,,שוקולד חלב עם אגוזי,גרמים,180.00,100 גרם,false,,17.90,0.0994,true,1,2385407
8718114047249,false,דאב סבון מוצק 6 יח'* 100 ג',יוניליוור ישראל שיווק בעמ,DE,דאב סבון מוצק רגיל 100 גר,גרמים,600.00,100 גרם,false,,24.90,0.0415,true,1,1341667
8718114734484,false,ממרח מיוני מיילי 320 גרם,א. סיימן סחר בעמ,,מיונז מיילי,גרמים,320.00,100 גרם,false,,11.90,0.0372,true,1,1566336
8718951001589,false,"ספריי מסיר שומנים במטבח 600 מ""ל ""א'גקס""",הנסיך- מפעל לייצור ט,GR,אג'קס ספריי רב פעולות,מיליליטרים,600.00,"100 מ""ל",false,,14.90,0.0248,true,1,1373245
8718951001596,false,ספריי אמבטיות אג`קס (600 מל)-יבוא מקביל,הנסיך- מפעל לייצור ט,GR,אג'קס ספריי רב פעולות,מיליליטרים,600.00,"100 מ""ל",false,,14.90,0.0248,true,1,1373246
8718951030206,false,"קולגייט סנסיטיב פרוטקשן משחת שיניים לשיניים רגישות 75 מ""ל",קולגייט-פלמוליב,,משחת קולגייט סנסטיב,מיליליטרים,75.00,"100 מ""ל",false,,19.90,0.2653,true,1,2299123
8718951044913,false,משחת שיניים הלבנה מרידול (75 מל),קולגייט פלמוליב,DE,מרידול משחת שיניים הליטוז,גרמים,75.00,100 גרם,false,,21.90,0.2920,true,1,1373190
8718951048669,false,אג'קס ספריי לניקוי חלונות בניחוח חגיגת הפרחים,ש.שסטוביץ בעמ,,אג'קס חלונות טריגרם,מיליליטרים,750.00,"100 מ""ל",false,,14.90,0.0199,true,1,2386976
8718951079205,false,"קולגייט סנסיטיב פרו רליף רפיר אנד פריוונט 75 מ""ל",קולגייט-פלמוליב,,משחת שיניים סנסטיב פ,מיליליטרים,75.00,"100 מ""ל",false,,24.90,0.3320,true,1,1814837
8718951093331,false,מרידול זוג מברשות שיניים אקסטרה סופט,קולגייט פלמוליב,,מברשות שיניים זוג מר,יח',2.00,יח',false,,34.90,17.4500,true,1,1410673
8718951144064,false,מרידול מברשת שיניים פרודונט אקספרט זוג,"ש. שסטוביץ בע""\מ",,זוג מברשות שיניים מר,יח',2.00,יח',false,,34.90,17.4500,true,1,1728164
8718951159808,false,מברשות שיניים 360 מדיום- מארז שלישייה,קולגייט-פלמוליב,,מברשות שיניים שלישיי,יח',3.00,יח',false,,29.90,9.9667,true,1,1722366
8718951160897,false,ספריי אקונומיקה עוצמת ה7 טריגר אגקס 500מ,קולגייט-פלמוליב,,א'גקס ספריי עוצמת ה7,מיליליטרים,500.00,"100 מ""ל",false,,14.90,0.0298,true,1,1769984
8718951166288,false,"משחת שיניים קולגייט מקס וייט 125 מ""ל",הנסיך- מפעל לייצור ט,,משחת שינים מקס וייט,גרמים,125.00,100 גרם,false,,19.90,0.1592,true,1,2073818
8718951166561,false,משחת שיניים לרעננות מוגברת max fresh cooling crystals,הנסיך- מפעל לייצור ט,,משחת שינים מקס פרש כ,גרמים,125.00,100 גרם,false,,19.90,0.1592,true,1,2073819
8718951167094,false,נוזל כלים פלמוליב צילינדר תפוז וליים 1 ל,יבואן ומשווק: ש. שסט,,סבון לכלים פלמוליב 1,ליטרים,1.00,ליטר,false,,13.90,13.9000,true,1,1820830
8718951175280,false,"קולגייט טוטאל משחת שיניים פרו ויזבל אקשן עם קצף פעיל 75 מ""ל",ש.שסטוביץ בעמ,,משחת שיניים קולגייט,מיליליטרים,75.00,"100 מ""ל",false,,19.90,0.2653,true,1,2126291
8718951175631,false,מש.שיניים קולגייט טוטל פרו גאם אקשן 75מל,ש. שסטוביץ בע`מ,,משחת שיניים קולגייט,מיליליטרים,75.00,"100 מ""ל",false,,19.90,0.2653,true,1,2126292
8718951176874,false,קולגייט שטיפת פה לילדים מיניונים 250 מל,קולגייט-פלמוליב,,מי פה קולגייט מיניון,מיליליטרים,250.00,"100 מ""ל",false,,16.90,0.0676,true,1,2366076
8718951187115,false,זוג מברשות שיניים אלמקס לילדים גילאי 3-6,ש.שסטוביץ בעמ,,מברשת שיניים זוג ילד,יח',2.00,יח',false,,19.90,9.9500,true,1,2401264
8718951187122,false,זוג מברשות שיניים אלמקס לילדים גילאי 0-3,ש.שסטוביץ בעמ,,מברשת שיניים זוג ילד,יח',2.00,יח',false,,19.90,9.9500,true,1,2401265
8718951222779,false,"מרידול פור משחה לשיניים וחניכיים בריאות 75 מ""ל",קולגייט פלמוליב,,מרידול פור משחת שיני,גרמים,75.00,100 גרם,false,,25.90,0.3453,true,1,2282043
8718951236790,false,"קולגייט טוטאל משחת שיניים קלין מינט לפה בריא 100 מ""ל",קולגייט פלמוליב,,משחת שינים קולגייט ט,מיליליטרים,100.00,"100 מ""ל",false,,16.90,0.1690,true,1,2126335
8718951236806,false,"קולגייט טוטאל הלבנה משחת שיניים המסייעת בהסרת כתמים 100 מ""ל",ש. שסטוביץ בע`מ,,משחת שיניים קולגייט,מיליליטרים,100.00,"100 מ""ל",false,,16.90,0.1690,true,1,2126314
8718951236813,false,"קולגייט טוטאל משחת שיניים ניקוי מתקדם לפה בריא יותר 100 מ""ל",קולגייט פלמוליב,,משחת שיניים קולגייט,מיליליטרים,100.00,"100 מ""ל",false,,16.90,0.1690,true,1,2126315
8718951240742,false,"קולגייט טוטאל משחת שיניים פסים מרעננים 100 מ""ל",איינשטיין-צור יבוא-יצוא וסחר ב,,משחת שינים קולגייט ט,מיליליטרים,100.00,"100 מ""ל",false,,16.90,0.1690,true,1,2126336
8718951254527,false,קולגייט משחה סנסיטיב פרו רליף חוזק מוגבר,קולגייט פלמוליב,,משחת שיניים סנסטיב פ,מיליליטרים,75.00,"100 מ""ל",false,,24.90,0.3320,true,1,2274774
8718951259409,false,"פלמוליב תחליב רחצה נטורלס לעור עדין 750 מ""ל",קולגייט פלמוליב,,סבון נוזלי פלמוליב נ,מיליליטרים,750.00,"100 מ""ל",false,,19.90,0.0265,true,1,2422910
8718951264618,false,"קולגייט אופטיק וייט פחם צ'רקול משחת שיניים, 75 מ""ל",איינשטיין-צור יבוא-יצוא וסחר ב,,משחת שינים קולגייט א,מיליליטרים,75.00,"100 מ""ל",false,,29.90,0.3987,true,1,2299748
8718951265103,false,קולגייט זוג מברשת שיניים אולטרה סופט,קולגייט פלמוליב,,מברשת שיניים קולגייט,יח',2.00,יח',false,,29.90,14.9500,true,1,2274775
8718951281738,false,אלמקס סנסיטיב משחה לשיניים רגישות,ש.שסטוביץ בעמ,,משחת שיניים אלמקס 75,מיליליטרים,75.00,"100 מ""ל",false,,18.90,0.2520,true,1,2307355
8718951286733,false,"קולגייט אופטיק וייט לסטינג וייט משחת שיניים 75 מ""ל",ש. שסטוביץ בע`מ,,משחת שינים קולגייט א,מיליליטרים,75.00,"100 מ""ל",false,,29.90,0.3987,true,1,2369996
8718951288492,false,"משחת שיניים מרידול בי טיוב מארז 2*75 מ""ל",קולגייט פלמוליב,,מארז זוג משחת שיניים,מיליליטרים,150.00,"100 מ""ל",false,,24.90,0.1660,true,1,2289091
8718951289833,false,פלמוליב סבון מוצק רביעייה לומינוס 360 ג,קולגייט פלמוליב,,סבון מוצק רביעייה פל,גרמים,360.00,100 גרם,false,,16.90,0.0469,true,1,2283408
8718951313927,false,"סבון ידיים משאבה פלמוליב חימר טונוס 300 מ""ל",ש.שסטוביץ בעמ,,סבון ידיים פלמוליב ח,מיליליטרים,300.00,"100 מ""ל",false,,10.90,0.0363,true,1,2312250
8718951314009,false,"פלמוליב סבון נוזלי פטל שחור 750 מ""ל",קולגייט פלמוליב,,סבון נוזלי פלמוליב פ,מיליליטרים,750.00,"100 מ""ל",false,,17.90,0.0239,true,1,2380815
8718951314023,false,פלמוליב נטורלס תחליב רחצה אפרסק 750 מל,קולגייט פלמוליב,,סבון נוזלי פלמוליב א,מיליליטרים,750.00,"100 מ""ל",false,,17.90,0.0239,true,1,2380816
8718951315303,false,"קולגייט אדומה משחת שיניים להגנה מפני עששת 2*100 מ""ל",קולגייט-פלמוליב,,משחת שיניים קולגייט,מיליליטרים,200.00,"100 מ""ל",false,,17.90,0.0895,true,1,2307356
8718951319806,false,פלמוליב לגבר גל רחצה ושמפו מרענן 750 משא,ש. שסטוביץ בע`מ,,שמפו וג'ל רחצה פלמול,מיליליטרים,750.00,"100 מ""ל",false,,17.90,0.0239,true,1,2289131
8718951320093,false,זוג מברשות 360 אדוונס וויט שיניים קולגייט,קולגייט-פלמוליב,,מברשת שיניים קולגייט,יח',2.00,יח',false,,29.90,14.9500,true,1,2307357
8718951333048,false,"פלמוליב סבון לידיים למטבח, 300 מ""ל",הנסיך- מפעל לייצור ט,,סבון ידיים פלמוליב ל,מיליליטרים,300.00,"100 מ""ל",false,,10.90,0.0363,true,1,2334862
8718951334069,false,"אג'קס טריגר שירותים 500 מ""ל",ש.שסטוביץ בעמ,,אג'קס טריגר לשירותים,מיליליטרים,500.00,"100 מ""ל",false,,14.90,0.0298,true,1,2408384
8718951334090,false,"סופלין מרכך כביסה מרוכז כחול 650 מ""ל",ש.שסטוביץ בעמ,,מרכך כביסה סופלין כח,מיליליטרים,650.00,"100 מ""ל",false,,10.90,0.0168,true,1,2303653
8718951338128,false,"ליידי ספיד סטיק רול און שאוור פרש 50 מ""ל",קולגייט פלמוליב,,דאודורנט רול און שאו,מיליליטרים,50.00,"100 מ""ל",false,,19.90,0.3980,true,1,2364349
8718951338364,false,ספריי ניקוי אנטיבקטריאלי בניחוח תפוח,קולגייט פלמוליב,,א'גקס טריגא פיור הום,מיליליטרים,500.00,"100 מ""ל",false,,14.90,0.0298,true,1,2320547
8718951338395,false,מרסס אגקס טריגר פיור הום סמבוק שחור 500,קולגייט פלמוליב,,א'גקס טריגא פיור הום,מיליליטרים,500.00,"100 מ""ל",false,,14.90,0.0298,true,1,2320548
8718951345119,false,נוזל לניקוי רצפות וכללי היביסקוס 2 ליטר,הנסיך- מפעל לייצור ט,,ניקוי כללי אג'קס 2 ל,ליטרים,2.00,ליטר,false,,22.90,11.4500,true,1,2331388
8718951350137,false,"פלמוליב תחליב רחצה מקדמיה וקקאו עם חמאת שיאה 750 מ""ל",קולגייט פלמוליב,,סבון נוזלי פלמוליב נ,מיליליטרים,750.00,"100 מ""ל",false,,19.90,0.0265,true,1,2422911
8718951354807,false,נוזל רצפות אגקס חגיגת הפרחים יסמין 1.5 ל,קולגייט פלמוליב,,אג'קס חגיגת הפרחים י,ליטרים,1.50,ליטר,false,,19.90,13.2667,true,1,2318551
8718951365865,false,קולגייט זוג מברשות עם סיבי פחם בצפיפות ג,קולגייט פלמוליב,,זוג מברשות שיניים קו,יח',2.00,יח',false,,29.90,14.9500,true,1,2358852
8718951366015,false,"קולגייט - משחת שיניים אופטיק וויט אקס קומפ 75 מ""ל",ש.שסטוביץ בעמ,,משחת שיניים להלבנה מ,מיליליטרים,75.00,"100 מ""ל",false,,39.90,0.5320,true,1,2426981
8718951370135,false,"סבון נוזלי ארומה סנסיישן גלואו 750 מ""ל פלמוליב",קולגייט פלמוליב,,סבון נוזלי פלמוליב א,מיליליטרים,750.00,"100 מ""ל",false,,17.90,0.0239,true,1,2309239
8718951377998,false,קולגייט סופט פואם זוג מברשות שיניים לניק,קולגייט פלמוליב,,מברשת שיניים קולגייט,יח',2.00,יח',false,,24.90,12.4500,true,1,2329947
8718951381292,false,"משחת שיניים מקס דיטוקס פואם קולגייט 125 מ""ל",ש. שסטוביץ בע`מ,,משחת שינים מקס דיטוק,גרמים,125.00,100 גרם,false,,19.90,0.1592,true,1,2331394
8718951382664,false,"פלמוליב ג'ל רחצה חימר ואקליפטוס 750 מ""ל",קולגייט פלמוליב,,ג'ל רחצה פלמוליב חימ,מיליליטרים,750.00,"100 מ""ל",false,,19.90,0.0265,true,1,2312251
8718951382718,false,"פלמוליב ג`ל רחצה חימר התחדשות 750 מ""ל",קולגייט פלמוליב,,ג'ל רחצה פלמוליב חימ,מיליליטרים,750.00,"100 מ""ל",false,,17.90,0.0239,true,1,2312237
8718951385290,false,אג`קס ניקוי כללי עוצמת ב -7כחול 2 ליטר,קולגייט פלמוליב,,ניקוי כללי אג'קס 2 ל,ליטרים,2.00,ליטר,false,,22.90,11.4500,true,1,2334863
8718951391253,false,אגקס אנטי בקטריאלי רעננות הניקיון 1.5 ל,קולגייט-פלמוליב,,אג'קס אנטי בקטריאלי,ליטרים,1.50,ליטר,false,,21.90,14.6000,true,1,2350989
8718951391314,false,"מרסס אגקס טריגר אנטי בקטריאלי 500 מ""ל",קולגייט-פלמוליב,,א'גקס טריגר אנטי בקט,מיליליטרים,500.00,"100 מ""ל",false,,14.90,0.0298,true,1,2334242
8718951400597,false,"תחליב רחצה קוקוס וחלב ללא משאבה750 מ""ל פלמוליב",קולגייט פלמוליב,,סבון נוזלי פלמוליב ק,מיליליטרים,750.00,"100 מ""ל",false,,19.90,0.0265,true,1,2408950
8718951409798,false,זוג מברשות שיניים מקס וויט פחם קולגייט,הנסיך- מפעל לייצור ט,,זוג מברשות שניים קול,יח',2.00,יח',false,,24.90,12.4500,true,1,2355967
8718951412378,false,משחת שיניים לחניכיים רגישות ולנשימה רעננה,קולגייט פלמוליב,,מרידול משחת שיניים נ,גרמים,75.00,100 גרם,false,,25.90,0.3453,true,1,2408939
8718951428522,false,"פלמוליב סבון רחצה לגבר 4 ב-1 המפ 750 מ""ל",ש.שסטוביץ בעמ,,סבון נוזלי פלמוליב ל,מיליליטרים,750.00,"100 מ""ל",false,,17.90,0.0239,true,1,2378945
8718951431614,false,"סבון רחצה פלמוליב סו פירם מינרלים משאבה 750 מ""ל",קולגייט פלמוליב,,סבון נוזלי פלמוליב ס,מיליליטרים,750.00,"100 מ""ל",false,,19.90,0.0265,true,1,2369997
8718951433120,false,קולגייט טוטאל משחת שיניים לילדים לגילאי,קולגייט פלמוליב,,משחת שיניים קולגייט,מיליליטרים,50.00,"100 מ""ל",false,,16.90,0.3380,true,1,2414081
8718951443358,false,"סבון ידיים פלמוליב מארז שלישייה 900 מ""ל",ש.שסטוביץ בעמ,,סבון ידיים פלמוליב ה,מיליליטרים,900.00,"100 מ""ל",false,,24.90,0.0277,true,1,2366077
8718951443372,false,פלמוליב סבון ידיים ז,,,סבון ידיים פלמוליב ז,מיליליטרים,900.00,"100 מ""ל",false,,24.90,0.0277,true,1,2427838
8718951443396,false,"סבון ידיים חלב ודבש פלמוליב מארז 3*300 מ""ל",ש.שסטוביץ בעמ,,סבון ידיים פלמוליב ח,מיליליטרים,900.00,"100 מ""ל",false,,24.90,0.0277,true,1,2366083
8718951466371,false,מרידול משחת לחניכיים רגישות 75 מל,קולגייט פלמוליב,,מרידול משחת שיניים 7,גרמים,75.00,100 גרם,false,,19.90,0.2653,true,1,2414698
8718951470323,false,קולגייט סופט פואם פחם זוג מברשות שיניים,קולגייט פלמוליב,,מברשת שיניים קולגייט,יח',2.00,יח',false,,24.90,12.4500,true,1,2408944
8718951470538,false,קולגייט משחת שיניים מקס פרש ביטיוב 125*2 כשלפ,קולגייט פלמוליב,,מארז זוג קולגייט מקס,מיליליטרים,250.00,"100 מ""ל",false,,24.90,0.0996,true,1,2395306
8718951477384,false,"קולגייט משחת שיניים טוטאל ג'ל מתקדם פיור 75 מ""ל",קולגייט פלמוליב,,משחת שיניים קולגייט,מיליליטרים,75.00,"100 מ""ל",false,,19.90,0.2653,true,1,2386805
8718951497184,false,"פלמוליב סבון נוזלי ים תיכוני 750 מ""ל",ש.שסטוביץ בעמ,,סבון גוף ים תיכוני 7,מיליליטרים,750.00,"100 מ""ל",false,,17.90,0.0239,true,1,2428250
8718951497207,false,"פלמוליב סבון גוף מעושר בלחות 750 מ""ל",ש.שסטוביץ בעמ,,סבון גוף מועשר בלחות,מיליליטרים,750.00,"100 מ""ל",false,,17.90,0.0239,true,1,2428251
8718951498754,false,שישיית מברשות שיניים סופר פלקסי קולגייט,קולגייט פלמוליב,,מברשות שיניים קולגיי,יח',6.00,יח',false,,17.90,2.9833,true,1,2407815
8718951509627,false,"קולגייט אופטיק וייט לאוהבי קפה ותה משחת שיניים 75 מ""ל",קולגייט פלמוליב,,משחת שינים קולגייט א,מיליליטרים,75.00,"100 מ""ל",false,,29.90,0.3987,true,1,2400929
8719128110325,false,"סירופ סודה סטרים לימונדה 500 מ""ל",סודהסטרים ישראל בעמ,,"סירופ לימונדה 500 מ""",מיליליטרים,500.00,"100 מ""ל",false,,19.90,0.0398,true,1,1916150
8719128110332,false,"סירופ סודה סטרים אנרגיה 500 מ""ל",סודהסטרים ישראל בעמ,,"סירופ אנרגיה 500 מ""ל",מיליליטרים,500.00,"100 מ""ל",false,,19.90,0.0398,true,1,1916132
8719128110349,false,סירופ פטל ופירות יער500 מל סודה סטרים,סודהסטרים ישראל בעמ,,סירופ פירות יער 500,מיליליטרים,500.00,"100 מ""ל",false,,19.90,0.0398,true,1,1916151
8719128110387,false,סירופ סודה סטרים דיאט אשכולית אדומה 0.5ל,סודהסטרים ישראל בעמ,,סירופ דיאט אשכולית א,מיליליטרים,500.00,"100 מ""ל",false,,19.90,0.0398,true,1,1916153
8719128117232,false,"סירופ פפסי 440 מ""ל סודהסטרים",סודה סטרים ישראל בעמ,,סירופ פפסי,מיליליטרים,440.00,"100 מ""ל",false,,18.90,0.0430,true,1,2352418
8719128117256,false,"סירופ סבן אפ 440 מ""ל סודהסטרים",סודהסטרים ישראל בעמ,,סירופ 7up,מיליליטרים,440.00,"100 מ""ל",false,,18.90,0.0430,true,1,2352420
8719200998001,false,מרגרינה לאפיה ובישול בלי מלח 200 ג' בלו בנד,יוניליוור ישראל מזון בע\,,בלובנד בלי מלח 200 ג,גרמים,200.00,100 גרם,false,,4.30,0.0215,true,1,2281372
8719200998018,false,מחמאה מרגרינה בטעם חמאה בלובנד 200 גרם,"מיוצר ע""\י יוניליוור ישר",,מחמאה בלובנד 200 גרם,גרמים,200.00,100 גרם,false,,4.60,0.0230,true,1,2281373
8719200998094,false,"מרגרינה מזולה לאפיה ללא תוספת מלח 200גר - 40 יח' -כשל""פ","מיוצר ע""\י יוניליוור ישר",,מזולה לאפיה ללא מלח,גרמים,200.00,100 גרם,false,,6.90,0.0345,true,1,2281381
8719200998100,false,מרגרינה מזולה לאפיה טעם חמאה 200גר - 40 יח',דיפלומט מפיצים (1968) בעמ**,,מזולה לאפיה בטעם חמא,גרמים,200.00,100 גרם,false,,6.90,0.0345,true,1,2281382
8720181046605,false,דאב - דאודורנט ספריי לאישה אורגינל כחול 150מל,יוניליוור ישראל שיווק בע`מ,,דאב דאו ספריי א.פ או,מיליליטרים,150.00,"100 מ""ל",false,,17.90,0.1193,true,1,2330101
8720181046612,false,"דאב - דאודורנט רול און לאישה אורגינל 50 מ""ל",יוניליוור ישראל שיווק בע`מ,,דאב רולאון אורגינל,מיליליטרים,50.00,"100 מ""ל",false,,17.90,0.3580,true,1,2351038
8720181090202,false,"תחליב רחצה דאב עם שמן זית, 750 מ""ל",יוניליוור ישראל שיווק בע`מ,,תחליב רחצה דאב 750 מ,מיליליטרים,750.00,"100 מ""ל",false,,19.90,0.0265,true,1,2335599
8720181090219,false,תחליב רחצה רימונים ותמצית פרח היביסקוס,יוניליוור ישראל שיווק בע`מ,,תחליב רחצה דאב 750 מ,מיליליטרים,750.00,"100 מ""ל",false,,19.90,0.0265,true,1,2350994
8720181123955,false,"אקס - ג'ל רחצה ריצארג קריד 400 מ""ל","יוניליוור ישראלשיווק בע""מ",,אקס ג'ל רחצה ריצארג,מיליליטרים,400.00,"100 מ""ל",false,,15.90,0.0398,true,1,2379686
8720181201332,false,דאב אל סבון מוצק גרגרים 90 גרם רביעייה,יוניליוור ישראל טיפוח אי,,סבון מוצק דאב 4 יח',גרמים,360.00,100 גרם,false,,16.90,0.0469,true,1,2408064
8720182253156,false,דאב אל סבון מוצק מלפפונים 90 גרם רביעייה,יוניליוור ישראל טיפוח אי,,סבון מוצק דאב מלפפונ,גרמים,360.00,100 גרם,false,,16.90,0.0469,true,1,2408065
8720182253194,false,סבון מוצק דאב מלפפונים ותה ירוק שישיית,יוניליוור,,שישייה סבון מוצק דאב,גרמים,540.00,100 גרם,false,,22.50,0.0417,true,1,2411945
8720182256362,false,שישיית סבון מוצק דאב קלאסי 540 גר',יוניליוור,,שישייה סבון מוצק דאב,גרמים,540.00,100 גרם,false,,22.50,0.0417,true,1,2411946
8720182256850,false,דאב אל סבון מוצק קלאסי 90 גרם רביעייה,יוניליוור ישראל שיווק בע`מ,,סבון דאב לבן 4 יח',גרמים,360.00,100 גרם,false,,16.90,0.0469,true,1,2408066
8723400756552,false,מארז סוכריות מנטוס Mentos ריינבואו,פרפטי ואן מלה ברדה,,מנטוס 1/4 טעמים,גרמים,150.00,100 גרם,false,,10.90,0.0727,true,1,1326698
8723400782544,false,מנטוס סוכריות לעיסה בתפזורת בטעם מנטה 160 ג',ליימן שליסל בע`מ,,סוכריות מנטוס לעיסה,גרמים,160.00,100 גרם,false,,7.90,0.0494,true,1,1843014
8723400793922,false,מנטוס גליל בטעם דובדבן אריזת רביעיה 150 ג',פרפטי ואן מלה ברדה,,מנטוס 1/4 טעם דובדבן,גרמים,150.00,100 גרם,false,,10.90,0.0727,true,1,2367738
8801055706440,false,מנות אישיות קפה נמס טייסטרס צ'ויס Taster's Choice,קבוצת אוסם סחר-שות.מוגבלת,KR,המוצר שייך ל - ONP,גרמים,36.00,100 גרם,false,,12.90,0.3583,true,1,1306360
8801055707966,false,קפה טייסטרס צ`ויס בריסטה נסקפה (180 גרם),קבוצת אוסם סחר שותפות מוגבלת,,טסטרס צ'ויס בריסטה,גרמים,180.00,100 גרם,false,,29.90,0.1661,true,1,1418889
8801055709427,false,קפה נמס טסטר'ס צ'ויס אלטה ריקה 100 גרם,קבוצת אוסם סחר שותפות מוגבלת,,טסטרס צ'ויס אלטה ריק,גרמים,100.00,100 גרם,false,,16.90,0.1690,true,1,2370002
8801055709434,false,קפה נמס טסטר'ס צ'ויס קולומביה 100 גרם,קבוצת אוסם סחר שותפות מוגבלת,,טסטרס צ'ויס קולומביה,גרמים,100.00,100 גרם,false,,16.90,0.1690,true,1,2370003
8801055709458,false,אבקה להכנת משקה קפה בטעם קפוצ'ינו קרמל,קבוצת אוסם סחר שותפות מוגבלת,,נסקפה קפוצ'ינו קרמל,גרמים,170.00,100 גרם,false,,21.90,0.1288,true,1,2393858
8801055709465,false,אבקה להכנת משקה קפה בטעם קפוצ'ינו וניל,קבוצת אוסם סחר שותפות מוגבלת,,נסקפה קפוצ'ינו וניל,גרמים,185.00,100 גרם,false,,21.90,0.1184,true,1,2393859
8801055709472,false,נסטלה - נסקפה קפוצ'ינו קלאסי 12.50 גרם * 10,קבוצת אוסם סחר שותפות מוגבלת,,נסקפה קפוצ'ינו קלאסי,גרמים,125.00,100 גרם,false,,21.90,0.1752,true,1,2393860
8801055709489,false,אבקה להכנת משקה קפה בטעם קפוצ'ינו אגוזים,קבוצת אוסם סחר שותפות מוגבלת,,נסקפה קפוצ'ינו אגוזי,גרמים,180.00,100 גרם,false,,21.90,0.1217,true,1,2393861
8801055709526,false,אבקה להכנת משקה קפה בטעם קפוצ'ינו שוקולד לבן,קבוצת אוסם סחר שותפות מוגבלת,,נסקפה קפוצ'ינו שוקול,גרמים,180.00,100 גרם,false,,21.90,0.1217,true,1,2398543
8802241131664,false,חטיף אצות קלויות עם מלח ים Laverland Crunch,טחנת האבן קואופ בעמ,,חטיף אצות ים,גרמים,40.50,100 גרם,false,,24.90,0.6148,true,1,1679034
8802946210015,false,דבק יצירה לבן דו צדד,,,דבק יצירה לבן דו צדד,יחידה,0.00,יחידה,false,,4.90,0.0000,true,1,2393803
8802946406845,false,חימר קל מיני סרטן אמ,,,חימר קל מיני סרטן אמ,יחידה,0.00,יחידה,false,,9.90,0.0000,true,1,2422214
8850006331699,false,שלישיית מברשת שיניים קולגייט סלים סופט,קולגייט פלמוליב,,מברשות שיניים שלישיי,יח',3.00,יח',false,,29.90,9.9667,true,1,1981990
8850006932964,false,מארז מברשות שיניים טוויסטר קולגייט חמישייה,קולגייט פלמוליב,,חמישיית מברשות שיניי,יח',5.00,יח',false,,29.90,5.9800,true,1,2338009
8850025001023,false,"משקה מי קוקוס 500 מ""ל -ללא גלוטן",Unknown,,"משקה מי קוקוס 500 מ""",מיליליטרים,500.00,"100 מ""ל",false,,11.90,0.0238,true,1,1474584
8850161160851,false,"קוקו מקס 100% מי קוקוס 350 מ""ל",טויו סייקאן קו.אל.טי.די,,מי קוקוס קוקו מקס 35,מיליליטרים,350.00,"100 מ""ל",false,,8.90,0.0254,true,1,2263271
8850161161247,false,קוקו מקס 100% מי קוקוס 1 ליטר,טויו סייקאן קו.אל.טי.די,,מי קוקוס קוקו מקס 1,ליטרים,1.00,ליטר,false,,14.90,14.9000,true,1,2263272
8850161167041,false,"קוקו וואי משקה קוקוס 270 מ""ל",טויו טייקאן קו.אל.טי.די,,חלב קוקוס קוקו וואי,מיליליטרים,270.00,"100 מ""ל",false,,7.90,0.0293,true,1,2263273
8850161167089,false,קוקו וואי משקה קוקוס 1 ליטר,טויו טייקאן קו.אל.טי.די,,חלב קוקוס קוקו וואי,ליטרים,1.00,ליטר,false,,14.90,14.9000,true,1,2263274
8850372000472,false,מקלוני שעועית תאילנד,טחנת האבן קואופ בעמ,CN,מקלוני שעועית תאילנדי 20,גרמים,200.00,100 גרם,false,,8.90,0.0445,true,1,1343491
8850389103111,false,סאפי משקה אלוורה בטעם ענבים 300מל,פארייפאבה אגרואינדוס,,סאפה משקה ענבים 300,מיליליטרים,300.00,"100 מ""ל",false,,5.90,0.0197,true,1,1306428
8850389103128,false,"משקה קל סאפה בטעם תפוח 300 מ""ל",פארייפאבה אגרואינדוס,,סאפה משקה תפוח 300 מ,מיליליטרים,300.00,"100 מ""ל",false,,5.90,0.0197,true,1,1306429
8850389103159,false,"משקה ליצ'י עם חתיכות גלי קוקוס 320 מ""ל מוגו מוגו",סאפה פובליק קומפני לימיט,,מוגו מוגו ליצ'י עם ח,גרמים,320.00,100 גרם,false,,6.90,0.0216,true,1,2403787
8850389104637,false,"משקה קל סאפה אלוורה אפרסק 300 מ""ל",פארייפאבה אגרואינדוס,,סאפה משקה אפרסק 300,מיליליטרים,300.00,"100 מ""ל",false,,5.90,0.0197,true,1,1306430
8850389105825,false,משקה אלוורה בטעם ענבים סאפה 1 ליטר,סאפה פובליק קומפני לימיט,,סאפה משקה אלוורה ענב,ליטרים,1.00,ליטר,false,,12.90,12.9000,true,1,1306431
8850389105832,false,סאפה משקה אלוורה בטעם תפוח עם קוביות אלוורה 1 ליטר,סאפה פובליק קומפני לימיט,,סאפה משקה אלוורה תפו,ליטרים,1.00,ליטר,false,,12.90,12.9000,true,1,1306432
8850389105849,false,סאפה משקה אלוורה מופחת קלוריות בטעם אפרסק 1 ליטר,סאפה פובליק קומפני לימיט,,סאפה משקה אלוורה אפר,ליטרים,1.00,ליטר,false,,12.90,12.9000,true,1,1306433
8850389111352,false,"משקה מלון עם חתיכות גלי קוקוס 320 מ""ל מוגו מוגו",סאפה פובליק קומפני לימיט,,מוגו מוגו מלון עם חת,גרמים,320.00,100 גרם,false,,6.90,0.0216,true,1,2403788
8850389115312,false,"סאפה אלוורה מלון בקבוק 300 מ""ל",סאפה פובליק קומפני ל,,משקה סאפה מלון 300 מ,מיליליטרים,300.00,"100 מ""ל",false,,5.90,0.0197,true,1,1931164
8850389115336,false,משקה אלוורה בטעם מלון סאפה 1 ליטר,סאפה פובליק קומפני לימיט,,סאפה משקה מלון ליטר,ליטרים,1.00,ליטר,false,,12.90,12.9000,true,1,1931159
8850632604259,false,"יוגטה, חיספוסים, ממתק חמוץ בצורת מקלות בטעם תות שדה,50 גרם",ליימן שליסל בע`מ,,ממתק חמוץ מקלות בטעם,גרמים,50.00,100 גרם,false,,4.90,0.0980,true,1,1326702
8850632604266,false,"יוגטה, ממתק חמוץ בצורת מקלות בטעם קולה, 50 גרם",ליימן שליסל בע`מ,,ממתק חמוץ מקלות בטעם,גרמים,50.00,100 גרם,false,,4.90,0.0980,true,1,1326703
8850632604372,false,"יוגטה, חיספוסים בצורת שטיח בטעם תות שדה 50 גרם",ליימן שליסל בע`מ,,ממתק חמוץ שטיח בטעם,גרמים,50.00,100 גרם,false,,4.90,0.0980,true,1,1326704
8850632604402,false,יוגטה חיספוסים בטעם מעורב תות שדה אבטיח ענבים בננה 50 גרם,ליימן שליסל בע`מ,,ממתק חמוץ שטיח בטעם,גרמים,50.00,100 גרם,false,,4.90,0.0980,true,1,1326705
8850632605201,false,"יוגטה, חיספוסים, ממתק חמוץ בצורת שטיח, בטעם מעורב- תות בננה, תפוח, תפוז, 50 גרם",הדקלאים אגודת שיתופי,,ממתק חמוץ מקלות בטעם,גרמים,50.00,100 גרם,false,,4.90,0.0980,true,1,1326706
8850632606390,false,"יוגטה, חיספוסים, ממתק חמוץ בצורת שטיח בטעם אבטיח, 50 גרם",ליימן שליסל בע`מ,,יוגטה חיספוסים בטעם,גרמים,50.00,100 גרם,false,,4.90,0.0980,true,1,1326709
8850851700381,false,ספוג לתינוק רך במיוחד,אינטרסן (1996) בעמ,,ספוג לתינוק רך במיוח,יחידה,0.00,יחידה,false,,9.90,0.0000,true,1,1322336
8851251000255,false,מסננת אנטיבקטריאלי,,,מסננת אנטיבקטריאלי,יחידה,0.00,יחידה,false,,9.90,0.0000,true,1,2298700
8851251060891,false,סופרלוק זכוכית מלבן,,,סופרלוק זכוכית מלבן,יחידה,0.00,יחידה,false,,24.90,0.0000,true,1,2298711
8851251096302,false,קופסת מידה עגולה,,,קופסת מידה עגולה,יחידה,0.00,יחידה,false,,6.90,0.0000,true,1,2321419
8852633119039,false,רוטב דגים 300 מל- כשר,טחנת האבן קואופ בעמ,,רוטב דגים,גרמים,300.00,100 גרם,false,,7.90,0.0263,true,1,1440072
8853602001263,false,קמח אורז דביק 500 גר,lhian thai rice verm,CN,קמח אורז דביק כשר,גרמים,500.00,100 גרם,false,,7.90,0.0158,true,1,1343495
8853662056098,false,"סריראצ'ה - רוטב צ'ילי חריף עם שום 455 מ""ל",EXOTIC FOOD PCL,,רוטב סריראצ'ה צילי ח,מיליליטרים,455.00,"100 מ""ל",false,,24.90,0.0547,true,1,2406130
8853662056661,false,"רוטב סריראצ''ה מיו 455 מ""ל",EXOTIC FOOD PCL,,רוטב סריראצ'ה מיו,מיליליטרים,455.00,"100 מ""ל",false,,24.90,0.0547,true,1,2104838
8853662056982,false,"רוטב סריראצ'ה צ'ילי ירוק חריף 455 מ""ל",EXOTIC FOOD PCL,,רוטב סריראצ'ה צ'ילי,מיליליטרים,455.00,"100 מ""ל",false,,24.90,0.0547,true,1,2104839
8853662057019,false,"רוטב סריראצ'ה צ'ילי צהוב חריף 455 מ""ל",EXOTIC FOOD PCL,,רוטב סריראצ'ה צ'ילי,מיליליטרים,455.00,"100 מ""ל",false,,24.90,0.0547,true,1,2104840
8853662060026,false,רוטב סריראצה חריף455,EXOTIC FOOD PCL,,רוטב סריראצ'ה חריף,מיליליטרים,455.00,"100 מ""ל",false,,24.90,0.0547,true,1,2406131
8853662060316,false,סריראצה רוטב צילי חר,EXOTIC FOOD PCL,,רוטב סריראצ'ה חריף,מיליליטרים,455.00,"100 מ""ל",false,,24.90,0.0547,true,1,2406132
8853662060385,false,"רוטב סריראצ'ה שחור- רוטב על בסיס צ'ילי 455 מ""ל",EXOTIC FOOD PCL,,רוטב סריראצ'ה שחור,מיליליטרים,455.00,"100 מ""ל",false,,24.90,0.0547,true,1,2406133
8854500025634,false,פלסטי קידי עשר צבעים,,,פלסטי קידי עשר צבעים,יחידה,0.00,יחידה,false,,3.90,0.0000,true,1,2358275
8857101301008,false,רוטב צילי מתוק וילי 700 מל יצרןמותג: פאן,ג.וילי-פוד אינטרנשיונל בעמ,TH,רוטב צ'ילי מתוק 700מ'ל,מיליליטרים,700.00,"100 מ""ל",false,,9.90,0.0141,true,1,1308984
8858744800019,false,מחית קארי ירוק 550 גרם כשר,קנוקוואן פוד פרודקטס,TH,ממרח קארי ירוק 50 גר' כשר,גרמים,50.00,100 גרם,false,,5.90,0.1180,true,1,1343501
8858744800064,false,מחית קארי אדום 50 גרם כשר,קנוקוואן פוד פרודקטס,TH,מחית קארי אדום 50 גר' כשר,גרמים,50.00,100 גרם,false,,5.90,0.1180,true,1,1343504
8858744800088,false,מחית קארי מאסמן 50 גרם כשר,קנוקוואן פוד פרודקטס,,מחית קארי סמאמן,גרמים,50.00,100 גרם,false,,5.90,0.1180,true,1,1343505
8858744800149,false,תערובת חמשת תבלינים 50 גר`,קנוקוואן פוד פרודקטס,,תערובת חמשת תבלינים,יחידה,0.00,יחידה,false,,7.90,0.0000,true,1,1343507
8886303210504,false,"קרם קוקוס 24% 500 מ""ל ""קארה""",ג'ומון,,קארה קרם קוקונט 24%,מיליליטרים,500.00,"100 מ""ל",false,,14.90,0.0298,true,1,2286133
8886303210542,false,"קארה קרם קוקונט 17% 400 מ""ל",ג'ומון,,קארה קרם קוקונט 17%,גרמים,400.00,100 גרם,false,,9.90,0.0248,true,1,2286134
8888021200256,false,סוללות אנרג'ייזר AA מקס 8 יחידות,יצרן: אנרג'ייזר סינג,US,סוללות ENERGIZER 1X8 AA M,יח',8.00,יח',false,,22.90,2.8625,true,1,1353466
8888021200720,false,סוללות אנרג'ייזר AAA מקס 8 יחידות,יצרן: אנרג'ייזר סינג,US,סוללות ENERGIZER 1X8 *AAA,יח',8.00,יח',false,,22.90,2.8625,true,1,1353467
8888351200070,false,טופו טרי כשר במרקם קשה 400 גרם - T18 - מוצר מצונן,יוניקורד Unicurd,,טופו במרקם קשה 400 מ,גרמים,400.00,100 גרם,false,,15.90,0.0398,true,1,1343514
8888351200124,false,טופו במרקם קשה,,,טופו במרקם קשה,גרמים,1200.00,100 גרם,false,,25.90,0.0216,true,1,1440108
8901138500306,false,משחת שיניים איורודית עם פלואוריד מן הטבע,הימלאיה Himalaya,IN,הימלאיה משחת שיניים 100 ג,גרמים,100.00,100 גרם,false,,17.90,0.1790,true,1,1306607
8901138511784,false,"הימלאיה - תרחיץ פנים ללא סבון 150 מ""ל",ניאולייף,,תרחיץ פנים ללא סבון,מיליליטרים,150.00,"100 מ""ל",false,,24.90,0.1660,true,1,1920285
8901138825577,false,"משחת שיניים הימלאיה להגנה מושלמת 75 מ""ל",הימלאיה Himalaya,IN,הימלאיה משחת שיניים להגנה,מיליליטרים,75.00,"100 מ""ל",false,,17.90,0.2387,true,1,1306608
8901138825591,false,"משחת שיניים הימלאיה מלבינה 75 מ""ל",הימלאיה Himalaya,IN,הימלאיה משחת שיניים מלבינ,מיליליטרים,75.00,"100 מ""ל",false,,17.90,0.2387,true,1,1306609
8901537024014,false,"אורז בסמטי מובחר 1 ק""ג - דוואט) יורה דיעה",ג. וילי-פוד אינטרנשיונל בע`מ,IN,אורז בסמטי מובחר 1 DAAWAT,קילוגרמים,1.00,"ק""ג",false,,12.90,12.9000,true,1,1308985
8901537076679,false,אורז בסמטי חום מלא 1 קג`DAAWAT וילי פוד,ג. וילי-פוד אינטרנשיונל בע`מ,,אורז בסמטי חום מלא 1,קילוגרמים,1.00,"ק""ג",false,,12.90,12.9000,true,1,1910172
8904228120750,false,מארז 10 עטים צבעוניים cello,,,סט 10 עטים צבעוניים,יחידה,0.00,יחידה,false,,9.90,0.0000,true,1,2236447
8904228165782,false,עט cello quick 0.7 עט לחצן סט 4 מעורב,,,עט 0.7 Cello Quick ע,יחידה,0.00,יחידה,false,,4.90,0.0000,true,1,2306115
8904228166185,false,עט 0.7 עט לחצן סט 3,,,עט 0.7 עט לחצן סט 3,יחידה,0.00,יחידה,false,,4.90,0.0000,true,1,2306119
8904228166345,false,עט 0.3 סט 3 כחול,,,עט 0.3 סט 3 כחול,יחידה,0.00,יחידה,false,,5.00,0.0000,true,1,2306120
8904228166383,false,עט cello finer 0.3 סט 3 מעורב,,,עט 0.3 סט 3 מעורב,יחידה,0.00,יחידה,false,,4.90,0.0000,true,1,2306121
8938505846019,false,"דפי אורז עגול גדול 22 ס""מ שקדיה 250 גרם",דין שיווק וקליה 2021 בעמ,,דפי אורז עגולים,גרמים,250.00,100 גרם,false,,9.90,0.0396,true,1,2306890
8960360022512,false,תמצית טבעית בטעם פסי,Bakto Flavors LLC,US,תמצית טבעית בטעם פסיפלורה,מיליליטרים,29.00,"100 מ""ל",false,,29.90,1.0310,true,1,1363919
8960360022680,false,תמצית טבעית בטעם ורד,Bakto Flavors LLC,US,תמצית טבעית בטעם ורדים,מיליליטרים,29.00,"100 מ""ל",false,,29.90,1.0310,true,1,1363920
8960360022994,false,תמצית טבעית בטעם לימ,Bakto Flavors LLC,US,תמצית טבעית בטעם לימון,מיליליטרים,29.00,"100 מ""ל",false,,29.90,1.0310,true,1,1363923
8960360023502,false,תמצית טבעית בטעם בננ,Bakto Flavors LLC,US,תמצית טבעית בטעם בננה,מיליליטרים,29.00,"100 מ""ל",false,,29.90,1.0310,true,1,1363927
8997206332016,false,סוכר קוקוס אורגני 454 גרם אינדונזיה,נטורפוד בעמ,,סוכר קוקוס אורגני 45,גרמים,454.00,100 גרם,false,,21.90,0.0482,true,1,1953200
9000100590938,false,"סאיוס - מוס לשיער ליצירת נפח 250 מ""ל",הנקל סוד בעמ,DE,סאיוס מוס לשיער ליצירת נפ,מיליליטרים,250.00,"100 מ""ל",false,,19.90,0.0796,true,1,1323254
9000100591058,false,"סאיוס - ג'ל לשיער לייצוב מקסימלי 250 מ""ל",הנקל סוד,DE,סאיוס ג'ל לשיער לייצוב מק,מיליליטרים,250.00,"100 מ""ל",false,,14.90,0.0596,true,1,1323255
9000100760591,false,"פה - דאודורנט רול און לגבר אינוויזיבל פאוואר 50 מ""ל",שוורצקופף והנקל,,דאודורנט פה רול-און,מיליליטרים,50.00,"100 מ""ל",false,,9.90,0.1980,true,1,1874670
9000100798709,false,"דאודורנט פה רול און כוח המשיכה 50 מ""ל",שוורצקופף והנקל,DE,פה דאודורנט רולאון כח המש,מיליליטרים,50.00,"100 מ""ל",false,,9.90,0.1980,true,1,1323259
9000100806657,false,"פה - דאודורנט רול און לאישה בלתי נראה 50 מ""ל",שוורצקופף והנקל,DE,פה דאודורנט רולאון אינווי,מיליליטרים,50.00,"100 מ""ל",false,,9.90,0.1980,true,1,1323260
9000100843256,false,"גליס תמציות שמן 6 פעולות משקמות 75 מ""ל",שוורצקוף Schwarzkopf,DE,גליס שמן לשיער קופסא זהב,מיליליטרים,150.00,"100 מ""ל",false,,21.90,0.1460,true,1,1323263
9000101329322,false,סבון אסלה בניחוח מתחלף תפוח נופר 50 ג' ברף,גורי שיווק בעמ,,ברף בניחוח מתחלף תפו,יחידה,0.00,יחידה,false,,9.90,0.0000,true,1,2401458
9000101329742,false,סבון אסלה בניחוח מתחלף אפרסק תפוח 50 ג' ברף,גורי שיווק בעמ,,ברף בניחוח מתחלף תפו,יחידה,0.00,יחידה,false,,9.90,0.0000,true,1,2401459
9000101372878,false,קפסולות דיסקס לניקוי כביסה לבנה וצבעונית Deep Clean,גורי שיווק בעמ,,פרסיל דיסקס לכביסה ל,יח',22.00,יח',false,,34.90,1.5864,true,1,2353791
9000101375268,false,ברף דלקס שלישייה ניחוח יסמין,הנקל,,ברף סבון אסלה בניחוח,גרמים,150.00,100 גרם,false,,19.90,0.1327,true,1,2426646
9000101375299,false,ברף דלקס שלישייה ניחוח מגנוליה,הנקל,,ברף סבון אסלה בניחוח,גרמים,150.00,100 גרם,false,,19.90,0.1327,true,1,2426641
9000101380255,false,פרסיל דיסקס לכביסה ניקיון היגייני 22 יחידות,גורי שיווק בעמ,,פרסיל דיסקס לכביסה ע,יח',22.00,יח',false,,34.90,1.5864,true,1,2370796
9000101418163,false,שלישיית סבון אסלה בניחוח מתחלף תפוח ירוק ברף,גורי שיווק בעמ,,ברף בניחוח מתחלף תפו,גרמים,150.00,100 גרם,false,,19.90,0.1327,true,1,2401962
9000101509069,false,ברף - סבון אסלה ג'ל גשם אביב שלשות,הנקל,,ברף סבון אסלה בניחוח,גרמים,126.00,100 גרם,false,,19.90,0.1579,true,1,2426647
9000101509151,false,ברף - סבון אסלה ג'ל אוקיינוס הקרח הצפוני שלשות,הנקל,,ברף סבון אסלה בניחוח,גרמים,126.00,100 גרם,false,,19.90,0.1579,true,1,2426648
9000101511635,false,קפסולות ג'ל לכביסה פרסיל דיסקס לעור רגיש,גורי שיווק בעמ,,פרסיל דיסקס לכביסה ל,יח',22.00,יח',false,,34.90,1.5864,true,1,2384935
9000101512526,false,פרסיל - פאוור קאפס קפסולות ג'ל מרוכזות לכביסה 26 יח',גורי שיווק בעמ,,פרסיל קפסולות ג'ל 2,יח',26.00,יח',false,,34.90,1.3423,true,1,2376661
9000101520965,false,"סבון אסלה בניחוח מתחלף לוטוס עדין במבוק, 3 יחידות",גורי שיווק בעמ,,ברף בניחוח מתחלף לוט,גרמים,150.00,100 גרם,false,,19.90,0.1327,true,1,2411391
9000101537550,false,פרסיל קאפסולות לכביסה לבנה וצבעונית 52 יח',גורי שיווק בעמ,,פרסיל קאפסולות ג'ל 5,יח',52.00,יח',false,,49.90,0.9596,true,1,2410177
9000101537581,false,פרסיל קאפסולות לכביסה צבעונית 52 יחידו,גורי שיווק בעמ,,פרסיל קאפסולות ג'ל 5,יח',52.00,יח',false,,49.90,0.9596,true,1,2411386
9001616202117,false,מוצץ סיליקון מיני 0-6 מאם) (2 זמן לאהבה,טרופיקל דגיל תעשיות,,זוג מוצצי MAM 0-6,יחידה,0.00,יחידה,false,,34.90,0.0000,true,1,1333750
9001616202131,false,זוג מוצצי מיניבנים 0-6 עיגולים סיליקון,אלפא קוסמטיקה בעמ,,זוג מוצצי MAM 0-6 קל,יחידה,0.00,יחידה,false,,34.90,0.0000,true,1,1333751
9001616202155,false,מוצץ לתינוק אולטי סיליקון ללא ביספנול 16+ מאם,אלפא קוסמטיקה בעמ,,זוג מוצצי MAM +16,יחידה,0.00,יחידה,false,,34.90,0.0000,true,1,1333753
9001616202360,false,זוג מוצצי סיליקון זוהר בחושך 6+ חודשים Original Night,אלפא קוסמטיקה בעמ,,זוג מוצצי MAM +6,יחידה,0.00,יחידה,false,,34.90,0.0000,true,1,1333757
9001616202377,false,מאם מוצצים סיליקון 0-6 לילה זוהרים תכלת,אלפא קוסמטיקה בעמ,,זוג מוצצי MAM 0-6 לי,יחידה,0.00,יחידה,false,,34.90,0.0000,true,1,1333758
9001616202445,false,מוצץ לתינוק מיני אולטי סיליקון עיגולים מאם 2 יחידות,אלפא קוסמטיקה בעמ,,זוג מוצצי MAM 0-6,יחידה,0.00,יחידה,false,,34.90,0.0000,true,1,1333759
9001616203305,false,זוג פטמות X לבקבוק 6+ חודשים,אלפא קוסמטיקה בעמ,,פטמה X,יח',2.00,יח',false,,24.90,12.4500,true,1,1333762
9001616203626,false,מאם זוג פטמות מס 3 זרימה מהירה,אלפא קוסמטיקה בעמ,,פטמה מס' 3 MAM,יחידה,0.00,יחידה,false,,24.90,0.0000,true,1,1333767
9001616205774,false,מאם אנימלס מוצצי סיליקון 0-6 תכלת,אלפא קוסמטיקה,,זוג מוצצי MAM 0-6,יחידה,0.00,יחידה,false,,34.90,0.0000,true,1,1333769
9001616205781,false,מוצצים 6+ סיליקון קלירליין-בנים (כחול),אלפא קוסמטיקה בעמ,,זוג מוצצי MAM +6,יחידה,0.00,יחידה,false,,34.90,0.0000,true,1,1367507
9001616676406,false,מאם בקבוק אנטי קוליק 320 מל תכלת,אלפא,,בקבוק 320מל MAM,יחידה,0.00,יחידה,false,,34.90,0.0000,true,1,1896205
9001616680991,false,"בקבוק לתינוק אנטי קוליק מאמ 260 מ""ל",אלפא קוסמטיקה בעמ,,בקבוק אנטי קוליק 260,יחידה,0.00,יחידה,false,,34.90,0.0000,true,1,2057687
9001616702686,false,זוג מוצצים סיליקון אי לאב מאמי מאמ 0-6 ורוד,אלפא קוסמטיקה,,זוג מוצצים סיליקון 0,יחידה,0.00,יחידה,false,,34.90,0.0000,true,1,2057699
9001616702747,false,מאם מוצצים סיליקון 6+ זמן לאהבה ירוק,General,,זוג מוצצים סיליקון 6,יחידה,0.00,יחידה,false,,34.90,0.0000,true,1,2057705
9001616702761,false,מאם מוצצים סיליקון 6+ פרל ורוד,אלפא,,זוג מוצצים סיליקון 6,יחידה,0.00,יחידה,false,,34.90,0.0000,true,1,2057707
9001616702785,false,זוג מוצצי סיליקון כיתובים בעברית 6+ בנות,אלפא קוסמטיקה,,זוג מוצצים סיליקון 6,יחידה,0.00,יחידה,false,,34.90,0.0000,true,1,2057709
9001616702877,false,זוג מוצצים סיליקון מאמ +16 ורוד,אלפא קוסמטיקה בעמ,,זוג מוצצים סיליקון 1,יחידה,0.00,יחידה,false,,34.90,0.0000,true,1,2057718
9001616702914,false,מאם בקבוק אנטי קוליק 160 מל ירוק,אלפא,,בקבוק אנטי קוליק 160,יחידה,0.00,יחידה,false,,34.90,0.0000,true,1,2057720
9001616702938,false,מאם בקבוק אנטי קוליק 320 מל ורוד,אלפא,,בקבוק אנטי קוליק 320,יחידה,0.00,יחידה,false,,34.90,0.0000,true,1,2057722
9001616702976,false,"בקבוק 270מ""ל ללא חלקים מתפרקים לבן",אלפא קוסמטיקה,,"בקבוק תינוק 270 מ""ל",יחידה,0.00,יחידה,false,,34.90,0.0000,true,1,2057726
9001616702990,false,"בקבוק 270מ""ל ללא חלקים מתפרקים ירוק",אלפא קוסמטיקה בעמ,,"בקבוק תינוק 330 מ""ל",יחידה,0.00,יחידה,false,,34.90,0.0000,true,1,2057728
9001616703010,false,"בקבוק 330מ""ל ללא חלקים מתפרקים",אלפא קוסמטיקה בעמ,,"בקבוק תינוק 330 מ""ל",יחידה,0.00,יחידה,false,,34.90,0.0000,true,1,2057729
9001616703096,false,מאם בקבוק אימון 220 מל ורוד,General,,"בקבוק אימון 220 מ""ל",יחידה,0.00,יחידה,false,,34.90,0.0000,true,1,2057733
9001616703102,false,מאם בקבוק אימון 220 מל ירוק,General,,"בקבוק אימון 220 מ""ל",יחידה,0.00,יחידה,false,,34.90,0.0000,true,1,2057734
9001616703249,false,מחזיק מוצץ יוניסקס יחידה,אלפא,,מחזיק מוצץ - יוניסקס,יחידה,0.00,יחידה,false,,24.90,0.0000,true,1,2057744
9002975393812,false,סוכריות גילי הריבו האפי צירי 70 גרם,"האריבו , ג'\י.אם.בי.אייץ",,סוכריות הריבו האפי צ,גרמים,70.00,100 גרם,false,,6.90,0.0986,true,1,2330831
9002975393829,false,סוכריות גילי הריבו פיציס 70 גרם,"האריבו , ג'\י.אם.בי.אייץ",,סוכריות הריבו פיצ'ס,גרמים,70.00,100 גרם,false,,6.90,0.0986,true,1,2330832
9002975393836,false,סוכריות גילי הריבו האפי קולה 70 גרם,"האריבו , ג'\י.אם.בי.אייץ",,סוכריות הריבו האפי ק,גרמים,70.00,100 גרם,false,,6.90,0.0986,true,1,2330833
9002975393843,false,סוכריות גילי הריבו גולדברס 70 גרם,"האריבו , ג'\י.אם.בי.אייץ",,סוכריות הריבו גולדבר,גרמים,70.00,100 גרם,false,,6.90,0.0986,true,1,2330834
9002975393850,false,סוכריות גילי הריבו וורמס 70 גרם,"האריבו , ג'\י.אם.בי.אייץ",,סוכריות הריבו וורמס,גרמים,70.00,100 גרם,false,,6.90,0.0986,true,1,2330835
9003400304939,false,"בירה שטיגל וייז חיטה 500 מ""ל",מבשלת שטיגל,,בירה שטיגל-חיטה 500,מיליליטרים,500.00,"100 מ""ל",false,,11.90,0.0238,true,1,1489924
9003400393032,false,"פחית בירה הל שטיגל 500 מ""ל",,,בירה הל שטיגל בפחית,מיליליטרים,500.00,"100 מ""ל",false,,8.90,0.0178,true,1,2400295
9003402660088,false,"בירה שטיגל גולדבראו 500 מ""ל פחית",שטיגל,,בירה שטיגל גולדבראו,מיליליטרים,500.00,"100 מ""ל",false,,8.90,0.0178,true,1,1993679
9005835312718,false,"קלרו פירמידה מלח למדיח כלים 1 ק""ג CLARO","יעקב יעקבי ובניו בע""מ",,מלח למדיח קלרו,קילוגרמים,1.00,"ק""ג",false,,9.90,9.9000,true,1,2319609
9005835312732,false,"קלרו נוזל הברקה למדיח כלים 500 מ""ל CLARO","יעקב יעקבי ובניו בע""מ",,נוזל הברקה למדיח קלר,מיליליטרים,500.00,"100 מ""ל",false,,9.90,0.0198,true,1,2319610
9005835312756,false,"קלרו ניקוי יסודי למדיח כלים 250 מ""ל CLARO","יעקב יעקבי ובניו בע""מ",,מנקה מדיח קלרו,מיליליטרים,250.00,"100 מ""ל",false,,9.90,0.0396,true,1,2319611
9008700111546,false,נקטר דובדבנים חמוצים 1ל',Rauch fruchtsafte gm,,נקטר דובדבן חמוץ,ליטרים,1.00,ליטר,false,,11.90,11.9000,true,1,1339824
9008700128971,false,מיץ חמוציות ראוך 1 ליטר,ראוך Rauch,,מיץ קרנברי ראוך 1 לי,ליטרים,1.00,ליטר,false,,11.90,11.9000,true,1,2307763
9008700155458,false,נקטר גויאבה 1 ליטר ראוך,לפ תומר יבוא ושיווק מזון,,נקטר גויאבה 1 ליטר,ליטרים,1.00,ליטר,false,,11.90,11.9000,true,1,2136447
9044400826861,false,סוכריות פז מילוי סוכריות בטעם בננה אגס אסיאתי,פז פרודקשיין יורו,,סוכריות פז למילוי,גרמים,82.00,100 גרם,false,,9.90,0.1207,true,1,2421668
9044400851672,false,סוכריות פז סוגים שונים + 3 מילויים,ר.ב. מוצרי דגנים בעמ,,סוכריית פז פו הדב,גרמים,25.50,100 גרם,false,,12.90,0.5059,true,1,2401445
9044400885578,false,סוכ.פז מילוי ט.פירות68גר,ר.ב. מוצרי דגנים בעמ,,סוכריות פז למילוי,גרמים,82.00,100 גרם,false,,9.90,0.1207,true,1,2411099
9120025834723,false,חטיף אוראו מצונן 120 גרם רבנות,ג.וילי-פוד אינטרנשיונל **גבינו,,חטיף אוראו מצונן 120,גרמים,120.00,100 גרם,false,,13.90,0.1158,true,1,2413974
9120025839896,false,חטיף מילקה מצונן 128 גרם,ג.וילי-פוד אינטרנשיונל **גבינו,,חטיף מילקה מצונן 128,גרמים,128.00,100 גרם,false,,13.90,0.1086,true,1,2414950
9120097310545,false,חטיף מיני מיניונים מצונן 102.5 ג' CHOCO BITE,ג.וילי-פוד אינטרנשיונל **גבינו,,חטיף מצופה שוקולד מי,גרמים,102.50,100 גרם,false,,13.90,0.1356,true,1,2428158
9120097310583,false,חטיף שוקו בננה מיניונים מצונן 108 גרם,ג.וילי-פוד אינטרנשיונל **גבינו,,חטיף שוקו בננה מיניו,גרמים,108.00,100 גרם,false,,13.90,0.1287,true,1,2413976
9300621019711,false,מרסס שמן האוסטרלי המ,,,מרסס שמן האוסטרלי המ,יחידה,0.00,יחידה,false,,49.90,0.0000,true,1,2428303
9310072028743,false,טים טם ביסקוויט במילוי שוקולד 200 גרם,"ארנוטס ביסקוויטס בע""",,וופל טים טם שוקולד 2,גרמים,200.00,100 גרם,false,,19.90,0.0995,true,1,1413937
9310072028750,false,חטיף שוקולד דאבל קרם טים טם (200 גרם),"ארנוטס ביסקוויטס בע""",,וופל טים טם שוקולד 2,גרמים,200.00,100 גרם,false,,19.90,0.0995,true,1,1409894
9322969000015,false,פריכיות תירס בטעם אורגינל ריל פודס 150 ג',אף.סי תבליני בגליל ב,IL,פריכיות תירס - 150ג' בטעם,גרמים,150.00,100 גרם,false,,10.90,0.0727,true,1,1353470
9322969000022,false,"ריל פוד פריכיות תירס עם סויה וזרעי פשתן, ללא גלוטן 150 גרם",אף.סי תבליני בגליל ב,IL,פריכיות תירס - 150ג' עם ס,גרמים,150.00,100 גרם,false,,10.90,0.0727,true,1,1353471
9322969000039,false,פריכיות תירס עם ארבע דגנים מלאים 150 גר`,ריאל פודס בעמ,,פריכיות תירס,גרמים,150.00,100 גרם,false,,10.90,0.0727,true,1,2049484
9322969000046,false,פריכיות תירס שומשום אורגני ריל פודס 150 ג',אף.סי תבליני בגליל ב,IL,פריכיות תירס אורגניות - 1,גרמים,125.00,100 גרם,false,,10.90,0.0872,true,1,1353472
9322969000053,false,פריכיות אורז מלא ריל פוד 150 גרם,סנו מפעלי ברונוס.,,פריכיות אורז מלא 150,גרמים,150.00,100 גרם,false,,10.90,0.0727,true,1,2384617
9330344004473,false,סכין גילוח שיק היידרו סילק חד פעמי 2 יח,"אם החיטה בע""מ",,סכיני גילוח שיק הייד,יחידה,0.00,יחידה,false,,24.90,0.0000,true,1,2293305
9414202584700,false,- מארז שלישייה רוטבי,,,- מארז שלישייה רוטבי,יחידה,0.00,יחידה,false,,24.90,0.0000,true,1,2322296
9720188050109,false,ממרח על בסיס סויה בסגנון גבינה טופוטי 225 גרם,החברה המרכזית טלהפצת משקאות בע,US,טופוטי - ממרח טופו בטעם ג,גרמים,225.00,100 גרם,false,,19.90,0.0884,true,1,1328683
9720188060108,false,ממרח על בסיס סויה בסגון שמנת טופוטי 340 גרם,החברה המרכזית טלהפצת משקאות בע,US,טופוטי - ממרח טופו בטעם ש,גרמים,340.00,100 גרם,false,,19.90,0.0585,true,1,1328684
9720205590001,false,חולצה מכופתרת קרלוס,,,חולצה מכופתרת קרלוס,יחידה,0.00,יחידה,false,,49.90,0.0000,true,1,2370410
9720205590009,false,חולצה מכופסרת צבעוני,,,חולצה מכופסרת צבעוני,יחידה,0.00,יחידה,false,,39.90,0.0000,true,1,2370415
9720205590013,false,חולצה מכופתרת קרלוס,,,חולצה מכופתרת קרלוס,יחידה,0.00,יחידה,false,,49.90,0.0000,true,1,2370434
9720205600013,false,חולצה מכופתרת צבעוני,,,חולצה מכופתרת צבעוני,יחידה,0.00,יחידה,false,,39.90,0.0000,true,1,2398286
9720205600017,false,חולצה מכופתרת קרלוס,,,חולצה מכופתרת קרלוס,יחידה,0.00,יחידה,false,,49.90,0.0000,true,1,2398289
9771565038357,false,עיתון ידיעות אחרונות,ידיעות אחרונות בעמ,,עיתון יום חול ידיעות,יחידה,0.00,יחידה,false,,5.00,0.0000,true,1,1952217
