code,internal_code,name,manufacturer_name,manufacture_country,manufacturer_item_description,unit_qty,quantity,unit_of_measure,weighted,qty_in_package,price,unit_of_measure_price,allow_discount,status,item_id
17,true,עגבניה,חקלאי,IL,עגבניה,קילוגרמים,1.00,"ק""ג",true,,12.90,12.9000,true,1,5206
20,true,מלפפון,חקלאי,IL,מלפפון,קילוגרמים,1.00,"ק""ג",true,,11.90,11.9000,true,1,5132
31,true,גזר ארוז,חקלאי,IL,גזר ארוז,קילוגרמים,1.00,"ק""ג",true,,7.70,7.7000,true,1,5154
40,true,סלק,חקלאי,IL,סלק,קילוגרמים,1.00,"ק""ג",true,,7.90,7.9000,true,1,5161
90,true,בצל יבש,חקלאי,IL,בצל יבש,קילוגרמים,1.00,"ק""ג",true,,6.50,6.5000,true,1,5223
97,true,בצל אדום,חקלאי,IL,בצל אדום,קילוגרמים,1.00,"ק""ג",true,,9.90,9.9000,true,1,5183
110,true,בטטה,חקלאי,IL,בטטה,קילוגרמים,1.00,"ק""ג",true,,14.90,14.9000,true,1,5133
138,true,דלעת ערמונים,חקלאי,IL,דלעת ערמונים,קילוגרמים,1.00,"ק""ג",true,,19.90,19.9000,true,1,20309
147,true,אפרסמון,חקלאי,IL,אפרסמון,קילוגרמים,1.00,"ק""ג",true,,27.90,27.9000,true,1,4366
155,true,פלפל כהה,חקלאי,IL,פלפל כהה,קילוגרמים,1.00,"ק""ג",true,,13.90,13.9000,true,1,5212
158,true,פלפל חריף ירוק,חקלאי,IL,פלפל חריף ירוק,קילוגרמים,1.00,"ק""ג",true,,12.90,12.9000,true,1,5213
160,true,פלפל אדום,חקלאי,IL,פלפל אדום,קילוגרמים,1.00,"ק""ג",true,,13.90,13.9000,true,1,5214
163,true,פלפל צהוב,חקלאי,IL,פלפל צהוב,קילוגרמים,1.00,"ק""ג",true,,15.90,15.9000,true,1,5215
170,true,קולורבי,חקלאי,IL,קולורבי,קילוגרמים,1.00,"ק""ג",true,,9.90,9.9000,true,1,5216
185,true,קישוא זוקיני,חקלאי,IL,קישוא זוקיני,קילוגרמים,1.00,"ק""ג",true,,13.90,13.9000,true,1,5140
290,true,תפוח אדמה אדום,חקלאי,IL,תפוח אדמה אדום,קילוגרמים,1.00,"ק""ג",true,,6.90,6.9000,true,1,5219
295,true,3תפוח אדמה לבן,חקלאי,IL,תפוח אדמה לבן,קילוגרמים,1.00,"ק""ג",true,,6.50,6.5000,true,1,5146
370,true,שומר,חקלאי,IL,שומר,קילוגרמים,1.00,"ק""ג",true,,12.90,12.9000,true,1,5159
486,true,לימון,חקלאי,IL,לימון,קילוגרמים,1.00,"ק""ג",true,,13.90,13.9000,true,1,5167
500,true,תפוז מובחר,חקלאי,IL,תפוז מובחר,קילוגרמים,1.00,"ק""ג",true,,11.90,11.9000,true,1,5220
510,true,קלמנטינה,חקלאי,IL,קלמנטינה,קילוגרמים,1.00,"ק""ג",true,,13.90,13.9000,true,1,25428
522,true,אשכולית אדומה,חקלאי,IL,אשכולית אדומה,קילוגרמים,1.00,"ק""ג",true,,9.90,9.9000,true,1,5169
557,true,בננה,חקלאי,IL,בננה,קילוגרמים,1.00,"ק""ג",true,,12.90,12.9000,true,1,5228
560,true,אבוקדו,חקלאי,IL,אבוקדו,קילוגרמים,1.00,"ק""ג",true,,25.50,25.5000,true,1,5170
605,true,אגס,חקלאי,IL,אגס,קילוגרמים,1.00,"ק""ג",true,,18.90,18.9000,true,1,5172
636,true,קיווי,חקלאי,IL,קיווי,קילוגרמים,1.00,"ק""ג",true,,39.90,39.9000,true,1,5222
658,true,תפוח עץ סמית,חקלאי,IL,תפוח עץ סמית,קילוגרמים,1.00,"ק""ג",true,,16.50,16.5000,true,1,5176
700,true,תפוח עץ סטארקינג,חקלאי,IL,תפוח עץ סטארקינג,קילוגרמים,1.00,"ק""ג",true,,14.90,14.9000,true,1,5224
756,true,שזיף,חקלאי,IL,שזיף,קילוגרמים,1.00,"ק""ג",true,,34.90,34.9000,true,1,5187
4400,true,עגבנית שרי באשכולות,מרינה,IL,עגבנית שרי באשכולות שקיל,קילוגרמים,1.00,"ק""ג",true,,29.90,29.9000,true,1,17572
4690,true,סוכריה על מקל בטעם ת,פיני גולוסינאס אספני,,סוכריה על מקל בטעם תות,Unknown,0.00,Unknown,false,1,1.90,0.0000,true,1,24806
5803,true,פומלה,מרינה,IL,פומלה,קילוגרמים,1.00,"ק""ג",true,,12.90,12.9000,true,1,10107
6407,true,בורקס /רוגלך /קוראסו,פילסברי,,בורקס /רוגלך /קוראסון/גבניות,קילוגרמים,1.00,"ק""ג",true,,64.90,64.9000,true,1,15416
6408,true,בורקס ריבועי פיצה,יושלם,,בורקס ריבועי פיצה,לא מנהל יחידת מידה,0.00,לא מנהל יחידת מידה,false,1,3.50,0.0000,true,1,15417
6415,true,סופגניה מיני בטעמים,יושלם,,סופגניה מיני בטעמים פילסברי,לא מנהל יחידת מידה,0.00,לא מנהל יחידת מידה,false,1,6.00,0.0000,true,1,23603
6547,true,טונה סטארקיסט בודד,,,טונה סטארקיסט בודד,לא מנהל יחידת מידה,0.00,לא מנהל יחידת מידה,false,1,6.90,0.0000,true,1,29527
6900,true,פיתה קמח מלא /קלה,דגנית עין בר עין בר,,פיתה קמח מלא /קלה,גרמים,0.00,100 גרם,false,1,2.20,0.0000,true,1,15215
8050,true,פומלית,חקלאי,IL,פומלית,קילוגרמים,1.00,"ק""ג",true,,12.90,12.9000,true,1,30170
8066,true,תפוח קריספ פינק,מרינה,IL,תפוח קריספ פינק,קילוגרמים,1.00,"ק""ג",true,,21.90,21.9000,true,1,12545
9193,true,שעועית ירוקה במשקל,ביכורי שדה דרום,IL,שעועית ירוקה במשקל,קילוגרמים,1.00,"ק""ג",true,,19.90,19.9000,true,1,52526
37783,true,כנף עוף,"שטרן את רוזנברג בע""מ",IL,כנף עוף,קילוגרמים,1.00,"ק""ג",true,,20.90,20.9000,true,1,52090
37806,true,חזה עוף,"שטרן את רוזנברג בע""מ",IL,חזה עוף,קילוגרמים,1.00,"ק""ג",true,,44.90,44.9000,true,1,52092
37813,true,עוף טחון,"שטרן את רוזנברג בע""מ",IL,עוף טחון,קילוגרמים,1.00,"ק""ג",true,,49.90,49.9000,true,1,52093
37820,true,שניצל דק דק,"שטרן את רוזנברג בע""מ",IL,שניצל דק דק,קילוגרמים,1.00,"ק""ג",true,,55.00,55.0000,true,1,52095
37837,true,פילה עוף,"שטרן את רוזנברג בע""מ",IL,פילה עוף,קילוגרמים,1.00,"ק""ג",true,,57.90,57.9000,true,1,52096
37844,true,כרעיים עוף,"שטרן את רוזנברג בע""מ",IL,כרעיים עוף,קילוגרמים,1.00,"ק""ג",true,,39.90,39.9000,true,1,52097
37875,true,סטייק פרגית,"שטרן את רוזנברג בע""מ",IL,סטייק פרגית,קילוגרמים,1.00,"ק""ג",true,,89.90,89.9000,true,1,52100
37882,true,פרגיות טרי,"שטרן את רוזנברג בע""מ",IL,פרגיות טרי,קילוגרמים,1.00,"ק""ג",true,,79.90,79.9000,true,1,52101
37905,true,שיפודי פרגית,"שטרן את רוזנברג בע""מ",IL,שיפודי פרגית,קילוגרמים,1.00,"ק""ג",true,,86.90,86.9000,true,1,52103
37912,true,שוקיים,"שטרן את רוזנברג בע""מ",IL,שוקיים,קילוגרמים,1.00,"ק""ג",true,,39.90,39.9000,true,1,52104
37929,true,רוסטביף עוף,"שטרן את רוזנברג בע""מ",IL,רוסטביף עוף,קילוגרמים,1.00,"ק""ג",true,,54.90,54.9000,true,1,52105
37936,true,עוף שלם טרי,"שטרן את רוזנברג בע""מ",IL,עוף שלם טרי,קילוגרמים,1.00,"ק""ג",true,,29.90,29.9000,true,1,52106
37943,true,עוף מפורק טרי,"שטרן את רוזנברג בע""מ",IL,עוף מפורק טרי,קילוגרמים,1.00,"ק""ג",true,,34.90,34.9000,true,1,52107
37967,true,כבד עוף,"שטרן את רוזנברג בע""מ",IL,כבד עוף,קילוגרמים,1.00,"ק""ג",true,,39.90,39.9000,true,1,52109
38001,true,שוקיים הודו,"שטרן את רוזנברג בע""מ",IL,שוקיים הודו,קילוגרמים,1.00,"ק""ג",true,,39.90,39.9000,true,1,52113
38018,true,גרון הודו,"שטרן את רוזנברג בע""מ",IL,גרון הודו,קילוגרמים,1.00,"ק""ג",true,,34.90,34.9000,true,1,52114
38025,true,שוארמה הודו,"שטרן את רוזנברג בע""מ",IL,שוארמה הודו,קילוגרמים,1.00,"ק""ג",true,,87.90,87.9000,true,1,52115
38117,true,"אסאדו עגל ע""ע","שטרן את רוזנברג בע""מ",IL,"אסאדו עגל ע""ע",קילוגרמים,1.00,"ק""ג",true,,89.00,89.0000,true,1,52122
38124,true,צלעות בקר,"שטרן את רוזנברג בע""מ",IL,צלעות בקר,קילוגרמים,1.00,"ק""ג",true,,78.90,78.9000,true,1,52123
38148,true,גולש טרי,"שטרן את רוזנברג בע""מ",IL,גולש טרי,קילוגרמים,1.00,"ק""ג",true,,89.90,89.9000,true,1,52125
38155,true,פילה מדומה,"שטרן את רוזנברג בע""מ",IL,פילה מדומה,קילוגרמים,1.00,"ק""ג",true,,79.00,79.0000,true,1,52126
38162,true,צלי כתף 5,"שטרן את רוזנברג בע""מ",IL,צלי כתף 5,קילוגרמים,1.00,"ק""ג",true,,119.90,119.9000,true,1,52127
38179,true,שריר 8 טרי,"שטרן את רוזנברג בע""מ",IL,שריר 8 טרי,קילוגרמים,1.00,"ק""ג",true,,79.90,79.9000,true,1,52128
38193,true,טחון טרי,"שטרן את רוזנברג בע""מ",IL,טחון טרי,קילוגרמים,1.00,"ק""ג",true,,79.90,79.9000,true,1,52130
38223,true,אנטריקוט עם עצם,"שטרן את רוזנברג בע""מ",IL,אנטריקוט עם עצם,קילוגרמים,1.00,"ק""ג",true,,149.00,149.0000,true,1,52133
38247,true,אנטריקוט פרימיום,"שטרן את רוזנברג בע""מ",IL,אנטריקוט פרימיום,קילוגרמים,1.00,"ק""ג",true,,219.90,219.9000,true,1,52135
38292,true,פילה בקר,"שטרן את רוזנברג בע""מ",IL,פילה בקר,קילוגרמים,1.00,"ק""ג",true,,299.90,299.9000,true,1,52140
38339,true,סטייק צך,"שטרן את רוזנברג בע""מ",IL,סטייק צך,קילוגרמים,1.00,"ק""ג",true,,139.00,139.0000,true,1,52144
38346,true,סינטה,"שטרן את רוזנברג בע""מ",IL,סינטה,קילוגרמים,1.00,"ק""ג",true,,189.90,189.9000,true,1,52145
38377,true,סטרוגונוף,"שטרן את רוזנברג בע""מ",IL,סטרוגונוף,קילוגרמים,1.00,"ק""ג",true,,139.00,139.0000,true,1,52148
38971,true,סינטה פרימיום,,,סינטה פרימיום,קילוגרמים,1.00,"ק""ג",true,,189.00,189.0000,true,1,52798
38988,true,כרעיים בגריל,,,כרעיים בגריל,קילוגרמים,1.00,"ק""ג",true,,49.00,49.0000,true,1,52799
39008,true,אנטריקוט טרי,,,אנטריקוט טרי,קילוגרמים,1.00,"ק""ג",true,,178.00,178.0000,true,1,52801
39015,true,עוף בגריל,"שטרן את רוזנברג בע""מ",IL,עוף בגריל,קילוגרמים,1.00,"ק""ג",true,,49.90,49.9000,true,1,52802
40264,true,עגבניית אשכולות,חקלאי,IL,עגבניית אשכולות,קילוגרמים,1.00,"ק""ג",true,,29.90,29.9000,true,1,55845
40349,true,עגבנייה,חקלאי,IL,עגבנייה,קילוגרמים,1.00,"ק""ג",true,,12.90,12.9000,true,1,55846
40356,true,עגבניה תמר,חקלאי,IL,עגבניה תמר,קילוגרמים,1.00,"ק""ג",true,,8.90,8.9000,true,1,55847
40363,true,מלפפון,חקלאי,IL,מלפפון,קילוגרמים,1.00,"ק""ג",true,,11.90,11.9000,true,1,55848
40387,true,סלק,חקלאי,IL,סלק,קילוגרמים,1.00,"ק""ג",true,,7.90,7.9000,true,1,55849
40417,true,כרוב לבן,חקלאי,IL,כרוב לבן,קילוגרמים,1.00,"ק""ג",true,,6.50,6.5000,true,1,55851
40509,true,שרי תמר בקבוקים,חקלאי,IL,שרי תמר בקבוקים,קילוגרמים,1.00,"ק""ג",true,,29.90,29.9000,true,1,55854
40523,true,בצל סגול,חקלאי,IL,בצל סגול,קילוגרמים,1.00,"ק""ג",true,,9.90,9.9000,true,1,55855
43265,true,שום ארוז,חקלאי,IL,שום ארוז,קילוגרמים,1.00,"ק""ג",true,,39.90,39.9000,true,1,55951
43272,true,פומלית,חקלאי,IL,פומלית,קילוגרמים,1.00,"ק""ג",true,,12.90,12.9000,true,1,55952
43296,true,בורקס /רוגלך /קוראסו,פילסברי,,בורקס /רוגלך /קוראסון/גבניות,קילוגרמים,1.00,"ק""ג",true,,64.90,64.9000,true,1,55980
209524,true,סירופ דיאט פטל יכין,"זנלכל בע""מ",IL,יכין סירופ דיאט בטעם פטל 1 ליטר,ליטרים,1.00,ליטר,false,1,17.90,17.9000,true,1,49671
3072804,true,פסטרמה של פעם 200גר,הנסיך- מפעל לייצור ט,IL,"טירת צבי, פסטרמה של פעם, 200 גרם, ללא גלוטן",Unknown,0.00,Unknown,false,1,28.90,0.0000,true,1,47619
3143337,true,סילאן לחיץ טבעי 350,"טעמי הגליל בע""מ",IL,קליית גת סילאן טבעי לחיץ 350 גרם,גרמים,350.00,100 גרם,false,1,17.90,5.1143,true,1,46550
6256775,true,יין גאטו נגרו מלבק 7,פינקל פודס,AR,יין גאטו נגרו מלבק 750 מל,מיליליטרים,750.00,"100 מ""ל",false,1,39.90,5.3200,true,1,34010
30107014,false,נייר גלגול גדול +פיל,Unknown,,נייר גלגול גדול +פילטר בודד,יחידה,1.00,יחידה,false,1,9.80,9.8000,true,1,23383
30112902,false,נייר גלגול קטן+פילטר,Unknown,,נייר גלגול קטן+פילטר בודד,יחידה,1.00,יחידה,false,1,9.40,9.4000,false,1,23878
30112919,false,נ.ג. בינוני+פילטר בו,Unknown,,נ.ג. בינוני+פילטר בודד,Unknown,0.00,Unknown,false,1,7.90,0.0000,false,1,23255
32147230,false,לימונית - מיץ לימון משומר,ג'נרל מילס סאן אדריא,CH,סיצילה מיץ לימון משומר לימונית 200 מל,מיליליטרים,200.00,"100 מ""ל",false,1,8.50,4.2500,true,1,12455
40084107,false,ביצת שוקולד הפתעה קינדר,קריות זול,IT,ביצת הפתעה - עשיר בחלב,גרמים,20.00,100 גרם,false,1,6.90,34.5000,true,1,2169
40099705,false,מסטיק אורביט סטיקס פ,ריגלי צרפת,FR,מסטיק אורביט פפרמינט סטיקס בודד,לא מנהל יחידת מידה,0.00,לא מנהל יחידת מידה,false,1,3.30,0.0000,true,1,2152
40111216,false,באונטי חטיף קוקוס ושוקולד 57ג',"נארז ע""י : א.ג. גילר",NL,חטיף שוקולד באונטי 57 גרם,גרמים,57.00,100 גרם,false,1,4.90,8.5965,true,1,905
40677804,false,"יגרמייסטר 200מ""ל",ייגרמיסטר,LV,"יגרמייסטר 200מ""ל",מיליליטרים,200.00,"100 מ""ל",false,1,31.90,15.9500,true,1,46406
42138105,false,סיגריות וינסטון סופר סלימס כחול,גיי טי אינטרנשיונל,,סיגריות וינסטון סלימס כחול חפיסה בודד,לא מנהל יחידת מידה,0.00,לא מנהל יחידת מידה,false,1,33.70,0.0000,false,1,14917
42138129,false,סיגריות וינסטון סופר סלימס מנטול,Unknown,,סיגריות וינסטון סלימס מנטול חפיסה בודד,לא מנהל יחידת מידה,0.00,לא מנהל יחידת מידה,false,1,33.70,0.0000,false,1,14918
42139430,false,סיגריות כאמל שחור חפ,Unknown,,סיגריות כאמל שחור חפיסה בודד,לא מנהל יחידת מידה,0.00,לא מנהל יחידת מידה,false,1,31.60,0.0000,false,1,23244
42149996,false,בירה בקס בקבוק 275 מ,"איי, בי, אינבוו",DE,בירה בקס 275 מל,מיליליטרים,275.00,"100 מ""ל",false,1,8.90,3.2364,true,1,26622
54013674,false,ריזלה נייר גלגול אדו,ריזלה נייר גלגול אדו,,ריזלה נייר גלגול אדום 3גרם,יחידה,1.00,יחידה,false,1,3.00,3.0000,true,1,54923
54013681,false,ריזלה נייר גלגול אפו,ריזלה נייר גלגול אדו,,ריזלה נייר גלגול אפור 3גרם,יחידה,1.00,יחידה,false,1,3.00,3.0000,true,1,54924
54013698,false,ריזלה נייר גלגול כחו,ריזלה נייר גלגול אדו,,ריזלה נייר גלגול כחול 3גרם,יחידה,1.00,יחידה,false,1,3.00,3.0000,true,1,54925
59039549,false,סיגריות ווג פריזון מ,Unknown,,סיגריות ווג פריזון מנטול חפיסה בודד,Unknown,0.00,Unknown,false,1,39.50,0.0000,false,1,17912
59068914,false,סיגריות פאל מאל סילבר דמי סלימס,Unknown,,סיגריות פאל מאל סילבר דמני סלימס בודד,לא מנהל יחידת מידה,0.00,לא מנהל יחידת מידה,false,1,26.40,0.0000,false,1,44802
59455233,false,סיגריות ווג ליידי כח,Unknown,,סיגריות ווג ליידי כחול חפיסה בודד,לא מנהל יחידת מידה,0.00,לא מנהל יחידת מידה,false,1,39.50,0.0000,false,1,18904
59455240,false,סיגריות ווג לידי לילך,Unknown,,סיגריות ווג ליידי לילך חפיסה בודד,Unknown,0.00,Unknown,false,1,39.50,0.0000,false,1,18905
72917367,false,טעמי חטיף במילוי קרם נוגט וקרמל,"שטראוס גרופ בע""מ",IL,טעמי 40 גרם,גרמים,40.00,100 גרם,false,1,4.90,12.2500,true,1,1613
72917589,false,חטיף מקופלת 25 גר,"שטראוס גרופ בע""מ",IL,מקופלת 25 גר מגדים,גרמים,25.00,100 גרם,false,1,4.90,19.6000,true,1,1614
72940754,false,מעדן מילקי בטעם וניל עם קצפת,"שטראוס גרופ בע""מ",IL,מילקי בטעם וניל,גרמים,133.00,100 גרם,false,1,3.00,2.2556,true,1,1617
72940761,false,מעדן מילקי בטעם שוקולד עם קצפת,מיוצר עי קונדיטוריית,IL,מילקי בטעם שוקולד,גרמים,133.00,100 גרם,false,1,3.00,2.2556,true,1,1618
72940952,false,מעדן מילקי בטעם שוקולד עם אקסטרה קצפת,"שטראוס גרופ בע""מ",IL,מילקי אקסטרה קצפת,גרמים,107.00,100 גרם,false,1,4.50,4.2056,true,1,1619
72941041,false,מעדן מילקי מיני בטעם שוקולד עם קצפת,"שטראוס גרופ בע""מ",IL,מילקי מיני שוקולד,מיליליטרים,90.00,"100 מ""ל",false,1,2.50,2.7778,true,1,31822
72945308,false,קוביות שמרים לאפיה שמרית 2*25 ג',"פאקא תעשיות בע""מ",IL,שמרית שמרים טריים לאפייה 50 גרם,גרמים,50.00,100 גרם,false,1,4.60,9.2000,true,1,1621
72961506,false,יוגורט עם תות 1.5% שומן 125 ג' פרילי,מיוצר עי קונדיטוריית,IL,פרילי תות בגביע 125 גרם,מיליליטרים,125.00,"100 מ""ל",false,1,4.00,3.2000,true,1,6829
72961520,false,יוגורט עם אננס 1.5% שומן 125 ג' פרילי,מיוצר עי קונדיטוריית,IL,פרילי אננס בגביע 125 גרם,מיליליטרים,125.00,"100 מ""ל",false,1,4.00,3.2000,true,1,6830
72961544,false,באדי יוגורט בטעם תות שדה 3%,מחלבת אלון תבור,IL,באדי תות 125 גרם,גרמים,125.00,100 גרם,false,1,3.60,2.8800,true,1,6831
72963753,false,שמנת אורגינל של פעם 27% שומן 200 ג' תנובה,תנובה מרכז שיתופי לש,IL,תנובה שמנת של פעם אורגינל 27% שומן,מיליליטרים,200.00,"100 מ""ל",false,1,4.40,2.2000,true,1,1624
72964132,false,פרילי טבע עם גרנולה 1.5% 200מל,מיוצר עי קונדיטוריית,IL,טבעגורט יוגורט עם גרנולה 200 גרם,גרמים,200.00,100 גרם,false,1,5.90,2.9500,true,1,1626
72964422,false,תנובה יוגורט פרחים 4.5% 200מל,מחלבת תנובה,IL,תנובה יוגורט 4.5% שומן 200 מל,גרמים,200.00,100 גרם,false,1,3.00,1.5000,true,1,1627
72982389,false,מור פה תרסיס לרענון,שולמית קוסמטיקה,,מור פה תרסיס לרענון ריח פה מנטה,לא מנהל יחידת מידה,0.00,לא מנהל יחידת מידה,false,1,19.90,0.0000,true,1,54476
72986370,false,"גלידת בן & ג'ריס פיינטים וניל 500מ""ל",מוצרי איכות אמריקאים,IL,פיינט וניל FT,מיליליטרים,500.00,"100 מ""ל",false,1,23.90,4.7800,true,1,1631
72986424,false,"גלידת בן & ג'ריס פיינטים קרם עוגיות 500מ""ל",מוצרי איכות אמריקאיי,IL,"פיינט קרם עוגיות בד""ץ",מיליליטרים,500.00,"100 מ""ל",false,1,23.90,4.7800,true,1,1632
72986448,false,"גלידת בן & ג'ריס פיינטים טופי קראנץ 500מ""ל",מוצרי איכות אמריקאיי,IL,גלידת וניל עם חתיכות טופי מצופות שוקולד,מיליליטרים,500.00,"100 מ""ל",false,1,23.90,4.7800,true,1,1633
72986455,false,"ניו יורק סופר גלידת שוקולד, חתיכות פאדג' ואגוזים",מוצרי איכות אמריקאיי,IL,פיינט ניו-יורק סופר FT,מיליליטרים,500.00,"100 מ""ל",false,1,23.90,4.7800,true,1,1634
72986479,false,"צ'אנקי מנקי גלידת וניל, בננות, חתיכות פאדג' ואגוזים",מוצרי איכות אמריקאיי,IL,פיינט צאנקי מנקי FT,מיליליטרים,500.00,"100 מ""ל",false,1,23.90,4.7800,true,1,1635
72989395,false,טילון ורמונט קרם עוגיות,מוצרי איכות אמריקאיי,IL,טילון קרם עוגיות,גרמים,100.00,100 גרם,false,1,11.90,11.9000,true,1,2037
72989425,false,"גלידת בן & ג'ריס פיינטים שוקולד בראוניז 500מ""ל",מוצרי איכות אמריקאיי,IL,"גלידה שוקולד בראוניס 500 מ""ל",מיליליטרים,500.00,"100 מ""ל",false,1,23.90,4.7800,true,1,2597
72991008,false,פסק זמן חלב מגדים 45גרם,"שטראוס גרופ בע""מ",IL,פז קלסיק מגדים45 גרם,גרמים,45.00,100 גרם,false,1,5.90,13.1111,true,1,27633
72991374,false,סיגריות טיים רד חפיס,דובק,,סיגריות טיים רד חפיסה בודד,Unknown,0.00,Unknown,false,1,30.20,0.0000,false,1,1637
72991886,false,"גלידת דולצ'ה בטעם ריבת חלב עם פאדג' בן וג'ירי 500 מ""ל",מוצרי איכות אמריקאיי,IL,פיינט דולצ'ה דה לצ'ה,מיליליטרים,500.00,"100 מ""ל",false,1,23.90,4.7800,true,1,1650
72993637,false,מעדן חלב בטעם שוקולד 125 ג' דני,מחלבת אחיהוד,IL,דני שוקולד,גרמים,125.00,100 גרם,false,1,2.70,2.1600,true,1,11256
72994061,false,חטיף פסק זמן Z Good ופל מגולגל,שולן צ'יקולטה גידה ס,TR,פסק זמן 2GOOD,גרמים,36.00,100 גרם,false,1,5.90,16.3889,true,1,38697
76136184,false,סיגריות פאל מאל סלים כחול,Unknown,,סיגריות פאל מל סלימס כחול חפיסה בודד,לא מנהל יחידת מידה,0.00,לא מנהל יחידת מידה,false,1,30.50,0.0000,false,1,9347
80001027,false,חטיף קוקוס לואקר 38 גר',"כד בני דרום בע""מ",IT,וופל בציפוי שוקולד חלב וממלוא בקרם אגוזים,גרמים,21.00,100 גרם,false,1,4.90,23.3333,true,1,2166
80001287,false,וופל חטיף לואקר אגוז 38 גר',לואקר Loacker,AT,חטיף גרדנה אגוז 38 גרם,גרמים,38.00,100 גרם,false,1,4.90,12.8947,true,1,1696
80001461,false,לואקר חטיף שוקולד 38 גר',"א. לואקר קונפקט בע""מ",AT,חטיף גרדנה שוקולד 38 גרם,גרמים,38.00,100 גרם,false,1,4.90,12.8947,true,1,9641
80001799,false,לואקר טורטינה שוקולד לבן,"כד בני דרום בע""מ",IT,וופל בציפוי שוקולד חלב וממלוא בקרם אגוזים,גרמים,21.00,100 גרם,false,1,4.90,23.3333,true,1,27550
80001911,false,וופל גרדנה במילוי קרם אגוזי לוז ובציפוי שוקולד לבן,לואקר Loacker,AT,חטיף גרדנה לבן 38 גרם,גרמים,38.00,100 גרם,false,1,4.90,12.8947,true,1,29034
80042556,false,עגבניות מרוסקות מוטי,מוטי Mutti,IT,עגבניות מרוסקות POLPA MUTTI,גרמים,400.00,100 גרם,false,1,6.90,1.7250,true,1,48844
80042563,false,רסק עגבניות 700 ג' (צהוב) MUTTI,"איי, בי, אינבוו",IT,רסק עגבניות 700 גרם (צהוב) MUTTI,גרמים,700.00,100 גרם,false,1,12.90,1.8429,true,1,46580
80050025,false,סוכריות תפוז 16 ג' טיק טק,קריות זול,ZA,דחוסות בטעם תפוז,גרמים,16.00,100 גרם,false,1,4.50,28.1250,true,1,1718
80050124,false,סוכריות מנטה 16 ג' טיק טק,קריות זול,ZA,טיק טק מנטה,גרמים,16.00,100 גרם,false,1,4.50,28.1250,true,1,1719
80050278,false,פררו רושר חטיף כדורים שלישיה 40ג',קריות זול,IT,פררו רושה שלישייה,גרמים,38.00,100 גרם,false,1,6.90,18.1579,true,1,4941
80052487,false,חטיף רפאלו שלישייה,פררו,PL,רפאלו 30 גרי שלישייה,גרמים,30.00,100 גרם,false,1,5.90,19.6667,true,1,53572
80052760,false,קינדר בואנו Kinder Bueno עם חלב ואגוזי לוז,קריות זול,PL,קינדר בואנו,גרמים,43.00,100 גרם,false,1,5.00,11.6279,true,1,1721
80083665,false,עוגיות שוקולד ציפס א,תות תעשיות מזון (201,IT,עוגיות אורגניות עם שוקולד צ'יפס 250 גרם,גרמים,350.00,100 גרם,false,1,17.90,5.1143,true,1,51600
80083764,false,עוגיות דגנים שיבולת,תות תעשיות מזון (201,IT,עוגיות דגנים אורגניות עם שיבולת שועל 250 גרם,גרמים,350.00,100 גרם,false,1,17.90,5.1143,true,1,51601
80176732,false,קינדר הפי היפו 28 יחידות,קריות זול,DE,"הפי היפו קקאו, וופל במילוי קרם חלבי וקרם קקאו",גרמים,21.00,100 גרם,false,1,4.90,23.3333,true,1,12136
80176800,false,"ממרח שוקולד נוטלה, 750 גר",פררו תעשיות איטליה ס,IT,ממרח שוקולד נוטלה 750 גרם,גרמים,750.00,100 גרם,false,1,28.90,3.8533,true,1,1722
80177173,false,ממרח אגוזי לוז עם קקאו,נוטלה Nutella,IT,ממרח שוקולד נוטלה אגוזים 350 גרם,גרמים,350.00,100 גרם,false,1,16.90,4.8286,true,1,1723
80177180,false,שוקולד קינדר קאונטרי 23.5 גר',קריות זול,IT,שוקולד קינדר קאנטרי 23.5 גרם,גרמים,24.00,100 גרם,false,1,4.90,20.4167,true,1,19240
80177609,false,אצבעות שוקולד קינדר Kinder ארבע יחידות,קריות זול,IT,שוקולד חלב עם תכולת חלב גבוהה במילוי קרם חלבי,גרמים,50.00,100 גרם,false,1,5.50,11.0000,true,1,1724
80177616,false,אצבעות שוקולד קינדר Kinder שמונה יחידות,קריות זול,IT,שוקולד חלב עם תכולת חלב גבוהה במילוי קרם חלבי,גרמים,100.00,100 גרם,false,1,9.90,9.9000,true,1,1725
80273561,false,פלפל שחור במטחנה 45,דרוגריה ואלימנטרי אס,IT,פלפל שחור במטחנה 45 גרם,גרמים,45.00,100 גרם,false,1,13.90,30.8889,true,1,7020
80273592,false,פלפל ארבע עונות במטחנה,דרוגריה ואלימנטרי אס,IT,פלפל 4 העונות במטחנה 35 גרם,גרמים,35.00,100 גרם,false,1,13.90,39.7143,true,1,7021
80273660,false,שום במטחנה 50 גרם,דרוגריה ואלימנטרי אס,IT,שום במטחנה 50 גרם,גרמים,50.00,100 גרם,false,1,13.90,27.8000,true,1,23071
80273677,false,צ'ילי במטחנה 20 גרם,דרוגריה ואלימנטרי אס,IT,"צ""ילי במטחנה 20 גרם",גרמים,20.00,100 גרם,false,1,13.90,69.5000,true,1,7025
80310891,false,ביצת הפתעה קינדר ג'וי כתום,קריות זול,ZA,"ביצת קינדר ג""וי 20 גרם",גרמים,20.00,100 גרם,false,1,6.90,34.5000,true,1,56135
80651000,false,טוסקנה שום וצילי במט,דרוגריה ואלימנטרי אס,IT,"שום וצ""ילי במטחנה 30 גרם",גרמים,30.00,100 גרם,false,1,13.90,46.3333,true,1,23072
80761761,false,קינדר בואנו לבן בודד 39 גרם,קדבורי,PL,חטיף וופל קינדר בואנו שוקולד לבן 39 גרם,גרמים,39.00,100 גרם,false,1,5.00,12.8205,true,1,18347
80773429,false,מסטיק מנטוס פיור פרש בבקבוק בינוני בטעם תות 60 ג',פרפטי ואן מלה הולנד,TR,מנטוס גומי לעיסה ללא סוכר בטעם תות שדה,גרמים,60.00,100 גרם,false,1,10.90,18.1667,true,1,43427
80773443,false,מסטיק מנטוס בבקבוק מעוגל בטעם מנטה מעודנת 60 ג',פרפטי ואן מלה הולנד,TR,מנטוס גומי לעיסה ללא סוכר בטעם מנטה,גרמים,60.00,100 גרם,false,1,10.90,18.1667,true,1,42757
80790990,false,מסטיק מנטוס בבקבוק מעוגל בטעם פירות -מנטה 60 ג',פרפטי ואן מלה הולנד,TR,מסטיק מנטוס מנטה עדינה בקבוק מעוגל 60 גר,גרמים,60.00,100 גרם,false,1,10.90,18.1667,true,1,42756
80809265,false,טורטינה בודד חמאת בוטנים 21 ג' לואקר,לואקר,AT,חטיף טורטינה חמאת בוטנים 21 גרם,גרמים,21.00,100 גרם,false,1,4.90,23.3333,true,1,55458
80843184,false,מנטוס מסטיק פיור פרש בטעם ענבים 60גר,פרפטי ואן מלה הולנד,TR,מסטיק בקבוקון פיור ענבים 60 גרם,גרמים,60.00,100 גרם,false,1,10.90,18.1667,true,1,53705
80864059,false,וופל גרדנה עם קרם חמאת בוטנים בציפוי שוקולד חלב,לואקר Loacker,AT,גרדנה חמאת בוטנים 38 גרם,גרמים,38.00,100 גרם,false,1,4.90,12.8947,true,1,55459
80864295,false,סוכריות פיור וויט טעם מנטה עדינה 60 ג' מנטוס,פרפטי ואן מלה הולנד,TR,מסטיק בקבקון מ.עדינה pure white 60 גרם,גרמים,60.00,100 גרם,false,1,10.90,18.1667,true,1,53968
80874652,false,קינדר קארדס 120 גרם - בודד,פררו,IT,קינדר קארדס 25.6 גרם,גרמים,26.00,100 גרם,false,1,4.90,18.8462,true,1,56016
80896081,false,מסטיק מנטוס פיור פרש בבקבוק בינוני בטעם אבטיח 60 ג',פרפטי ואן מלה הולנד,TR,מנטוס גומי לעיסה ללא סוכר בטעם אבטיח,גרמים,60.00,100 גרם,false,1,10.90,18.1667,true,1,43428
80913467,false,מסטיק מנטו בבקבוק מעוגל בטעם מנטה 60 ג',פרפטי ואן מלה הולנד,TR,mentos - pure fresh,גרמים,60.00,100 גרם,false,1,10.90,18.1667,true,1,42758
80936848,false,סוכריות טיק טק תות שדה 24 יח',קדבורי,ZA,טיק טק תות,גרמים,16.00,100 גרם,false,1,4.50,28.1250,true,1,22848
80945468,false,סוכריות פיור וויט טעם מנטה מתוקה 60 ג' מנטוס,פרפטי ואן מלה הולנד,TR,מסטיק בקבקון מ.מתוקה pure white 60 גרם,גרמים,60.00,100 גרם,false,1,10.90,18.1667,true,1,53969
80982470,false,מסטיק מנטוס פיור פרוסט בטעם מנטה חזק 60 גר',פרפטי ואן מלה ברדה,TR,מסטיק מנטוס פיור מנטה חזקה 60 ג,גרמים,60.00,100 גרם,false,1,10.90,18.1667,true,1,52788
80986348,false,סוכריות פיור וויט טעם מנטה 60 ג' מנטוס,פרפטי ואן מלה הולנד,TR,מסטיק בקבקון מנטה pure white 60 גרם,גרמים,60.00,100 גרם,false,1,10.90,18.1667,true,1,53970
80995128,false,מנטוס - מסטיק בטעם הדרים בתוספת ויטמינים 60 גרם,פרפטי ואן מלה הולנד,TR,מנטוס מסטיק ויטמינים בטעם הדרים 60 גרם,גרמים,60.00,100 גרם,false,1,10.90,18.1667,true,1,56554
85939868,false,נייר קצר ללא פילטר,,,נייר קצר ללא פילטר,יחידה,0.00,יחידה,false,1,3.00,0.0000,true,1,39760
85942677,false,נייר קצר כולל פילטר,,,נייר קצר כולל פילטר,Unknown,0.00,Unknown,false,1,6.00,0.0000,false,1,39732
85942707,false,נייר גלגול עבה RED,,,נייר קצר עבה,Unknown,0.00,Unknown,false,1,3.00,0.0000,false,1,40367
85951730,false,רול פור יו פילטרים ל,,,120 פילטרים SLIM PARTY,Unknown,0.00,Unknown,false,1,4.90,0.0000,false,1,39243
85966611,false,נייר גלגול גדול כולל,,,נייר גלגול גדול כולל פילטר PIH,יחידה,1.00,יחידה,false,1,7.00,7.0000,false,1,51036
85967069,false,נייר גלגול גדול כולל,,,נייר גלגול גדול כולל פילטר חום,יחידה,1.00,יחידה,false,1,8.90,8.9000,false,1,51033
87108538,false,סוכריות מנטוס Mentos תות שדה,הדקלאים אגודת שיתופי,NL,מנטוס תות 40 גלילים,גרמים,38.00,100 גרם,false,1,3.90,10.2632,true,1,9272
87311396,false,סוכריות מנטוס Mentos ריינבואו,פרפטי ואן מלה,NL,מנטוס ריינבאוו סוכריות לעיסה בטעמי פירות 37.5 גרם,גרמים,38.00,100 גרם,false,1,3.90,10.2632,true,1,20736
90162602,false,משקה אנרגיה רד בול 250 מ''ל,רד בול ג'י.אם.בי. אץ,AT,"משקה אנרגיה רד בול 250 מ""ל",מיליליטרים,250.00,"100 מ""ל",false,1,8.50,3.4000,true,1,34679
90162800,false,רד בול משקה אנרגיה ללא סוכר פקדון 30 אג,רד בול ג'י.אם.בי. אץ,AT,רד בול,מיליליטרים,250.00,"100 מ""ל",false,1,8.50,3.4000,true,1,35074
90448867,false,"משקה אנרגיה ללא פחממות 250 מ""ל רד בול",רד בול,AT,"רד בול ללא פחמימות 250 מ""ל",מיליליטרים,250.00,"100 מ""ל",false,1,8.50,3.4000,true,1,55114
8112100298,false,שמן שומשום טהור לא מ,Flavor full foods in,,מזרח ומערב שמן שומשום טהור לא מזוכך 185 מל,מיליליטרים,185.00,"100 מ""ל",false,1,15.90,8.5946,true,1,54691
9800800056,false,חטיף שוקולד עם מקלות לחם אנד גו,נוטלה Nutella,DE,נוטלה גו בייגלה מלוח,גרמים,52.00,100 גרם,false,1,7.90,15.1923,true,1,30114
11182700930,false,קינג קול שעועית אדומה כהה 439 גרם,קינג קול,,שעועית אדומה בהירה קינג קול 436 גרם,גרמים,436.00,100 גרם,false,1,11.90,2.7294,true,1,27173
11182700954,false,קינג קול שעועית שחורה 439 גרם,קינג קול,,שעועית שחורה קינג קול 436 גרם,גרמים,436.00,100 גרם,false,1,11.90,2.7294,true,1,27172
11210000094,false,"רוטב ""טבסקו"" על בסיס פלפל אדום 60 מ""ל",מקאילהייני אייבורי,US,"רוטב טבסקו 60 מ""ל",מיליליטרים,60.00,"100 מ""ל",false,1,12.90,21.5000,true,1,5331
11210007253,false,רוטב טבסקו שום ופלפל,מקאילהייני אייבורי,US,"רוטב טבסקו שום ופלפל 60 מ""ל",מיליליטרים,60.00,"100 מ""ל",false,1,12.90,21.5000,true,1,6013
11210009387,false,"רוטב ""טבסקו"" על בסיס פלפל ירוק חריף 60 מ""ל",מקאילהייני אייבורי,US,"רוטב טבסקו פלפל ירוק 60 מ""ל",מיליליטרים,60.00,"100 מ""ל",false,1,12.90,21.5000,true,1,6014
14100074120,false,עוגיות מילאנו פפרידג,פפרדג פארם,,עוגיות מילאנו פפרידג 198 גרם,גרמים,198.00,100 גרם,false,1,24.90,12.5758,true,1,4521
14100077084,false,פפרידג פארם עוגיות צ,פפרדג פארם,US,פפרידג פארם עוגיות צספיק שוקולד מריר פ,גרמים,204.00,100 גרם,false,1,24.90,12.2059,true,1,56148
14100082033,false,עוגיות קאפטיבה רכות,פפרדג פארם,,עוגיות קאפטיבה רכות פפרידג 244 גרם,גרמים,244.00,100 גרם,false,1,24.90,10.2049,true,1,10514
16000185517,false,דגני בוקר פייבר וואן עתירי סובין FIBRE1,בטר אנד דיפרנט,US,דגני פייבר 1 555גרם,גרמים,555.00,100 גרם,false,1,32.90,5.9279,true,1,54119
16000423534,false,ניטשר ואלי חטיף שיבולת שועל שוקולד מריר קראנצי 210ג',ג'נרל מילס סאן אדריא,ES,חטיפי גרנולה קראנצי שיבולת שועל מריר 210,גרמים,210.00,100 גרם,false,1,14.90,7.0952,true,1,18252
16000548404,false,ניטשר ואלי חטיף קראנצי גרנולה שיבולת שועל 210 ג',ג'נרל מילס סאן אדריא,ES,"נייטשר וואלי, קראנצ'י שיבולת שועל עם דבש",גרמים,210.00,100 גרם,false,1,14.90,7.0952,true,1,231
16000548503,false,ניטשר ואלי קראנצי חטיף גרנולהומייפל 10 יח' 210 ג',ג'נרל מילס סאן אדריא,ES,חטיפי גרנולה קראנצי מייפל וסוכר חום 210,גרמים,210.00,100 גרם,false,1,14.90,7.0952,true,1,232
16000548909,false,קראנצי חטיף גרנולה מעורבת 10 יח 210 ג',ג'נרל מילס סאן אדריא,ES,חטיפי גרנולה קראנצי מגוון טעמים 210 גרם,גרמים,210.00,100 גרם,false,1,14.90,7.0952,true,1,234
18000701223,false,תערובת להכנת עוגה בטעם שוקולד,הדקלאים אגודת שיתופי,IL,תערובת להכנת עוגת שוקולד פילסברי 500 גרם,גרמים,500.00,100 גרם,false,1,19.90,3.9800,true,1,6078
18000766413,false,תערובת בראוניס פילסברי 500 גר',הדקלאים אגודת שיתופי,IL,תערובת לעוגת בראוניס פלסברי 550 גרם,גרמים,550.00,100 גרם,false,1,19.90,3.6182,true,1,14653
22200956949,false,דאודורנט ג'ל לגבר Cool Fusion 24h,קולגייט פלמוליב,BY,"דאודורנט ספיד סטיק ג""ל כחול 85 גרם",מיליליטרים,85.00,"100 מ""ל",false,1,21.90,25.7647,true,1,346
24463061095,false,"סריראצה-רוטב פלפל צ""",הוי פונג פודס,,"סריראצה-רוטב פלפל צ""ילי חריף 435 גר",מיליליטרים,435.00,"100 מ""ל",false,1,32.50,7.4713,true,1,21888
25675301184,false,פשקס - חמצוצים מקלות קולה 50 גרם,פשקז Paskesz,NL,מקלות חמוצים קולה 50 גרם,גרמים,50.00,100 גרם,false,1,5.90,11.8000,true,1,8040
25700005681,false,שקיות אחסון סליידר בינוניות -20 יח' זיפלוק,אס.סי גונוסון,US,יפלוק סליידר בינוניות 20יח,יחידה,1.00,יחידה,false,1,17.90,17.9000,true,1,51870
30000315989,false,קוואקר קופאין חמוציות ושקדים 372 גר',קוואקר אוטס קומפני,US,קוואקר פרוטאין חמוציות ושקדים 372 גרם,גרמים,372.00,100 גרם,false,1,28.90,7.7688,true,1,47092
30100487197,false,קיבלר קרקר גבינת צדר,"מאכלי עולם ר.ז. בע""מ",,קיבלר קרקר גבינת צדר לבן 39 גרם,גרמים,39.00,100 גרם,false,1,4.90,12.5641,true,1,23530
30100545101,false,קיבלר קרקר קלאב צדר,"מאכלי עולם ר.ז. בע""מ",,קיבלר קרקר קלאב צדר כתום 39 גרם,גרמים,39.00,100 גרם,false,1,4.90,12.5641,true,1,23057
34000470228,false,שוקולד חלב מיני ריזס,הרשי,US,שוקולד חלב מיני ריזס 70 גרם,גרמים,70.00,100 גרם,false,1,7.60,10.8571,true,1,22458
34000544028,false,סוכריות ארוכות בטעם תות טוויזלרס Twizzlers,הרשי שוקולד,US,טוויזלרס ממתק בטעם תות 198 גרם,גרמים,198.00,100 גרם,false,1,9.90,5.0000,true,1,54626
36000516876,false,קלינקס - טישו לושן 3 שכבות 75 דף,חוגלה קימברלי,GB,קלינקס לושן 75 - 3 שכבות,יחידה,27.00,יחידה,false,1,12.90,0.4778,true,1,49281
36000516890,false,ממחטות אף עם אלוורה + ויטמין E תלת שכבתי,קלינקס Kleenex,GB,קלינקס לושן אלוורה 120 - 3 שכבות,יחידה,24.00,יחידה,false,1,20.90,0.8708,true,1,49280
37600207188,false,חמאת בוטנים סקיפי קלאסי 462 גר',חברת המזון אלגוד,US,חמאת בוטנים סקיפי קלאסיק 462 גרם,גרמים,462.00,100 גרם,false,1,21.90,4.7403,true,1,23451
37600207256,false,חמאת בוטנים סקיפי עם שברי בוטנים 462 גר',חברת המזון אלגוד,US,חמאת בוטנים סקיפי עם שברי בוטנים 462 גרם,גרמים,462.00,100 גרם,false,1,24.90,5.3896,true,1,23486
37600297943,false,מטבל סלסה חריף- צ'י צ'י 439 גר,Unknown,US,439גרם CHI-CHISמטבל סלסה חריף,גרמים,439.00,100 גרם,false,1,17.90,4.0774,true,1,56085
37600297967,false,מטבל סלסה בחריפות עדינה ציי צי 439 גר,Unknown,US,CHI-CHIS מטבל סלסה בחריפות עדינה 439 גרם,גרמים,439.00,100 גרם,false,1,17.90,4.0774,true,1,56084
38000138607,false,חטיף צ'יפס בטעם מלח וחומץ,פרינגלס מנופקצ'ורינג,US,פרינגלס חומץ מלח 158 גרם,גרמים,158.00,100 גרם,false,1,10.90,6.8987,true,1,47186
38000138638,false,חטיף צ'יפס בטעם פיצה,פרינגלס מנופקצורינג,US,פרינגלס פיצה 158 גרם,גרמים,158.00,100 גרם,false,1,10.90,6.8987,true,1,41391
38000138720,false,פרינגלס  תכלת ראנץ 158 ג',פרינגלס מניופקצ'ורינ,US,פרינגלס ראנץ 158 גרם,גרמים,158.00,100 גרם,false,1,10.90,6.8987,true,1,45139
38000138874,false,ציפס פרינגלס חלפינו,פרינגלס מנופקצורינג,US,פרינגלס פלפל חריף חלפיניו 158 גרם,גרמים,158.00,100 גרם,false,1,10.90,6.8987,true,1,41390
38000183928,false,פרינגלס חרדל ודבש 158 גר',פרינגלס מניופקצ'ורינ,US,פרינגלס חרדל ודבש 158 גרם,גרמים,158.00,100 גרם,false,1,10.90,6.8987,true,1,51474
38000232152,false,פרינגלס ברביקיו 158 גרם – חדש,פרינגלס מניופקצ'ורינ,US,פרינגלס ברביקיו 158גרם,גרמים,158.00,100 גרם,false,1,10.90,6.8987,true,1,49641
38000232176,false,חטיף צ'יפס שמנת חמוצה ובצל,פרינגלס מניופקצ'ורינ,US,פרינגלס שמנת בצל 158גרם,גרמים,158.00,100 גרם,false,1,10.90,6.8987,true,1,49640
38000232183,false,פרינגלס אורגינל 149 גרם,פרינגלס מניופקצ'ורינ,US,פרינגלס אורגינל 149 גרם,גרמים,149.00,100 גרם,false,1,10.90,7.3154,true,1,49639
38527591053,false,קוואקר מרובעים קינמון דגני בוקר 412 גרם,BEVERAGES FOODS & SE,US,דגני קוואקר מרובעים קינמון 411 גרם,גרמים,411.00,100 גרם,false,1,24.90,6.0584,true,1,19545
38527591060,false,דגני קוואקר מרובעים Quaker Squares עם סוכר חום,BEVERAGES FOODS & SE,US,דגני קוואקר מרובעים סוכר חום 411 גרם,גרמים,411.00,100 גרם,false,1,24.90,6.0584,true,1,19546
40000514480,false,M&M אריזה קטנה's שוקולד אריזה קטנה 48 גרם,M&M אם אנד אם,,סוכריות M&M בטעם שוקולד 48 גרם,גרמים,48.00,100 גרם,false,1,5.80,12.0833,true,1,29388
40000514510,false,M&M אריזה קטנה's בוטנים אריזה קטנה 49 גרם,M&M אם אנד אם,,סוכריות שוקולד M&M בוטנים 49 גרם,גרמים,49.00,100 גרם,false,1,5.80,11.8367,true,1,29031
41224468108,false,עגבניות מיובשות בשמן,סיגס גיטה,,עגבניות מיובשות בשמן זית 283 גרם,גרמים,283.00,100 גרם,false,1,24.90,8.7986,true,1,21920
41421177452,false,רייטס רוטב היקורי מע,בי אנד גי,US,רייטס רוטב היקורי מעושן מרוכז 103 מל,מיליליטרים,103.00,"100 מ""ל",false,1,14.90,14.4660,true,1,47305
46214731552,false,עוגיות שוקולד ציפס מובחרות 225 ג',קריניציה ויטמינה אס,NL,מרבה עוגיות 37% שוקולד ציפס,גרמים,225.00,100 גרם,false,1,10.90,4.8444,true,1,1096
47800175477,false,רייטס רוטב מסקיט מעו,בי אנד גי,US,רייטס רוטב מסקיט מעושן מרוכז 103 מל,מיליליטרים,103.00,"100 מ""ל",false,1,14.90,14.4660,true,1,47285
50000015474,false,פריסקיז מעדני הים 4*,פורינה,US,פריסקיז דגים 1.42 קג,קילוגרמים,1.42,"ק""ג",false,1,39.90,28.0986,true,1,8073
50000084500,false,מזון יבש לחתול בטעם נתחי ברביקיו פריסקיז Friskies,נסטלה פורינה USA מק,US,פריסקיז מעדני השף 1.42 קג,קילוגרמים,1.42,"ק""ג",false,1,39.90,28.0986,true,1,12079
50000100347,false,"פריסקיז - מעדני החתול מועשר בחלב 1.40 ק""ג",נסטלה פורינה USA מק,US,פריסקיז מעדני החתול מועשר בחלב 1.4קג,קילוגרמים,1.40,"ק""ג",false,1,39.90,28.5000,true,1,42659
50000168583,false,"פריסקיז אקסטרא קראנץ 1.43 ק""ג",פורינה,US,פריסקיז אקסטרא קראנץ 1.47 קג,קילוגרמים,1.47,"ק""ג",false,1,39.90,27.1429,true,1,52819
50000170180,false,פריסקיז ריים פילה עוף ברוטב 156 ג',פורינה Purina,US,פריסקיז פריים פילה עוף ברוטב 156 גר,גרמים,156.00,100 גרם,false,1,6.90,4.4231,true,1,52390
50000225224,false,פריסקיז Friskies הודו ברוטב,פורינה Purina,US,פריסקיז פריים פילה הודו ברוטב 156 גר,גרמים,156.00,100 גרם,false,1,6.90,4.4231,true,1,52391
50000237951,false,פריסקיז פרטי מיקס גר,פורינה,US,פריסקיז פארטי מיקס מיקס גריל קראנץ 60ג,גרמים,60.00,100 גרם,false,1,11.90,19.8333,true,1,55431
50000429042,false,פנסי פיסט - כבד עם מעדני עוף 85 גרם,נסטלה פורינה USA ג',US,מזון חתולים כבד מעודן ועוף פנסי פיסט 85,גרמים,85.00,100 גרם,false,1,5.90,6.9412,true,1,45430
50000429646,false,פנסי פיסט - דג אוקיינוס 85 גרם,נסטלה פורינה USA ג',US,מזון חתולים לח דגים פנסי פיסט 85 גרם,גרמים,85.00,100 גרם,false,1,5.90,6.9412,true,1,17288
50000445691,false,פריזסקיז נתחי עוף וסלמון ברוטב 156 ג',נסטלה פורינה USA קר,US,פריסקיז חתולים נתחי עוף וסלמון ברוטב,גרמים,156.00,100 גרם,false,1,6.90,4.4231,true,1,52389
50000574414,false,פריסקיז פרטי מיקס פק,פורינה,US,פריסקיז פארטי מיקס פיקניק קרנץ 59.500ג,גרמים,60.00,100 גרם,false,1,11.90,19.8333,true,1,55433
50000578450,true,פנסי פיסט עוף ברוטב,פורינה,US,פנסי פיסט עוף ברוטב עשיר,גרמים,85.00,100 גרם,false,1,5.90,6.9412,true,1,44169
52100002460,false,תערובת תיבול לעוף וד,מקרומיק,US,תערובת תיבול לעוף ודג 77 גרם,גרמים,77.00,100 גרם,false,1,20.90,27.1429,true,1,47368
52100004488,false,פפריקה 60 גרם McCorm,מקרומיק,US,פפריקה 60 גרם,גרמים,60.00,100 גרם,false,1,22.90,38.1667,true,1,47370
52100005966,false,גבישי שום 85 גרם McC,מקרומיק,US,גבישי שום 85 גרם,גרמים,85.00,100 גרם,false,1,28.90,34.0000,true,1,47372
52100006260,false,אבקת שום 88 גרם McCo,מקרומיק,US,אבקת שום 88 גרם,גרמים,88.00,100 גרם,false,1,28.90,32.8409,true,1,47373
52100030043,false,פלפל שחור טחון גס 42,מקרומיק,US,פלפל שחור טחון גס 42 גרם,גרמים,42.00,100 גרם,false,1,20.90,49.7619,true,1,47369
52100030234,false,פלפל שחור 53 גרם,מקרומיק,US,פלפל שחור 53 גרם,גרמים,53.00,100 גרם,false,1,28.90,54.5283,true,1,47371
52100034898,false,תמצית ליים טהורה 29,מקורמיק,US,"תמצית ליים טהורה 29 מ""ל",מיליליטרים,29.00,"100 מ""ל",false,1,17.90,61.7241,true,1,50862
52100070780,false,תמצית תפוז טהורה 29,מקורמיק,US,"תמצית תפוז טהורה 29 מ""ל",מיליליטרים,29.00,"100 מ""ל",false,1,17.90,61.7241,true,1,50863
52100070827,false,תמצית בטעם רום 29 מל,יושלם,US,תמצית טעם רום,מיליליטרים,29.00,"100 מ""ל",false,1,11.90,41.0345,true,1,37861
52100070865,false,תמצית וניל טהור מקור,מקורמיק McCormick,US,תמצית וניל טהור מקורמיק 28 גרם,גרמים,28.00,100 גרם,false,1,29.90,106.7857,true,1,13293
52100746043,false,תערובת פלפלים במטחנה,מקורמיק mccormik,FR,תערובת פלפלים במטחנה 24 גרם,גרמים,24.00,100 גרם,false,1,18.90,78.7500,true,1,47367
55369901703,false,"רסק אפל סנקס תפו""ע תות שדה לל""ס מארז 113X4ג'",ליייהי אורצ'רדס,,מחית תות שדה ללא סוכר אפלסנקס רביעייה,גרמים,113.00,100 גרם,false,1,14.90,13.1858,true,1,41497
64144090020,false,תרסיס שמן שמן זית פאם 141 ג',קונאגרה פודס,US,"PAM תרסיס שמן זית 148 מ""ל",מיליליטרים,148.00,"100 מ""ל",false,1,19.90,13.4459,true,1,20049
64144090051,false,"תרסיס שמן קנולה פאם 148 מ""ל",קונאגרה פודס,US,"PAM תרסיס שמן קנולה 148 מ""ל",מיליליטרים,148.00,"100 מ""ל",false,1,19.90,13.4459,true,1,26003
70177077563,false,תה טווינינג ארל גריי,אר. טווינינגס אנד קו,PL,תה טווינינג ארל גריי 50 גרם,גרמים,50.00,100 גרם,false,1,20.90,41.8000,true,1,44933
70177077693,false,טווינינג אינגליש ברק,אר. טווינינגס אנד קו,PL,1X12X50G אינגליש ברקפסט,גרמים,50.00,100 גרם,false,1,20.90,41.8000,true,1,44934
70177078775,true,תה ליידי,אר. טווינינגס אנד קו,PL,תה שחור בטעם הדרים,גרמים,50.00,100 גרם,false,1,20.90,41.8000,true,1,44932
70177086664,false,טווינינג גרין פיור 5,טווינינגס Twinings,GB,טווינינג תה ירוק טהור 25 שק,גרמים,50.00,100 גרם,false,1,21.90,43.8000,true,1,44931
70970471254,false,מייק לייק - סוכריות ג'לי בינס קרטונית פירות ירוק 141 גרם,ג'אסט בורן,US,מייק אנד אייק פירות ירוק 141 גרם,גרמים,141.00,100 גרם,false,1,12.90,9.1489,true,1,51497
70970471308,false,"סוכריות מייק אייק רד רייג'רס, 141 ג'",ג'אסט בורן,US,מייק & אייק ענבים 141 גרם,גרמים,141.00,100 גרם,false,1,11.90,8.4397,true,1,56623
70970473562,false,מייק לייק - סוכריות ג'לי בינס קרטונית מגה מיקס 141 גרם,ג'אסט בורן,US,מייק אנד אייק מגה מיקס 141 גרם,גרמים,141.00,100 גרם,false,1,12.90,9.1489,true,1,42442
71570001667,false,גלי בלי סוכריות גלי,ג'לי בלי קינדי,TH,גלי בלי סוכריות גלי 20טעמים 70 גרם,גרמים,70.00,100 גרם,false,1,12.90,18.4286,true,1,45619
72600001626,false,הר חטיף תפוח אדמה דב,הר פודס,US,הר חטיף תפוח אדמה דבש ברביקיו 99 גרם,גרמים,99.00,100 גרם,false,1,28.90,29.1919,true,1,53403
72600062290,false,הר חטיף גבינה חלפניו חריף 198 גרם,הר פודס,US,חטיף גבינה חלפניו חריף 198 גרם,גרמים,198.00,100 גרם,false,1,27.90,14.0909,true,1,45531
72600062306,false,הר חטיף גבינה 198 גרם,הר פודס,,חטיף גבינה הר 198 גרם,גרמים,198.00,100 גרם,false,1,27.90,14.0909,true,1,29783
72600062313,false,הר חטיף גבינה בפאלו גבינה כחולה 198 גרם,הר פודס,,חטיף גבינה בטעם בופאלו כחולה 198 גרם,גרמים,198.00,100 גרם,false,1,27.90,14.0909,true,1,46924
72600062870,false,חטיף תפוח אדמה קטל ד,הר פודס,US,"חטיף תפוח אדמה קטל דבש סרירצה, 142 גרם",גרמים,142.00,100 גרם,false,1,27.90,19.6479,true,1,53404
74234815525,false,שימורי מחית שעועית ע,Empacadora San Marco,,שימורי מחית שעועית עם רוטב 430 גרם,גרמים,430.00,100 גרם,false,1,13.90,3.2326,true,1,42462
74234925231,false,רוטב סלסה ציפוטלה מת,Empacadora San Marco,,רוטב סלסה ציפוטלה מתבל פ.חריף 230,גרמים,230.00,100 גרם,false,1,13.90,6.0435,true,1,42458
74234951179,false,פלפל ציפוטלה שלם ברו,Empacadora San Marco,,פלפל ציפוטלה שלם ברוטב עגבניות 230 גרם,גרמים,230.00,100 גרם,false,1,13.90,6.0435,true,1,42456
74570004003,false,גלידת שמנת משובחת ונ,האגן דאז,,"גלידת שמנת משובחת וניל 473 מ""ל",מיליליטרים,473.00,"100 מ""ל",false,1,24.90,5.2643,true,1,4176
74570024001,false,"גלידת שמנת תות שדה 500 מ""ל",האגן דאז,,"גלידת שמנת תות שדה 473 מ""ל",מיליליטרים,473.00,"100 מ""ל",false,1,24.90,5.2643,true,1,1660
74570274000,false,"גלידת שמנת קרם עוגיות 473 מ""ל",האגן דאז,,"גלידת שמנת עוגיות 473 מ""ל",מיליליטרים,473.00,"100 מ""ל",false,1,24.90,5.2643,true,1,1662
74570610051,false,"גלידת שמנת שוקולד בלגי 500 מ""ל",האגן דאז,,"גלידת שמנת שוקלד בלגי 473 מ""ל",מיליליטרים,473.00,"100 מ""ל",false,1,24.90,5.2643,true,1,1663
74570950010,false,"גלידת שמנת עוג'גבינה+תות 473 מ""ל",האגן דאז,,"גלידת שמנת עוגת גבינה ותות 473 מ""ל",מיליליטרים,473.00,"100 מ""ל",false,1,24.90,5.2643,true,1,1666
75810021255,false,"סאן ג'יי רוטב תמרי ללא גלוטן 296 מ""ל",סאן גיי אינטרנשיונל,,"רוטב תמרי ללא גלוטן סאן גיי 296 מ""ל",מיליליטרים,296.00,"100 מ""ל",false,1,29.90,10.1014,true,1,43000
76840001767,false,"גלידת בן & ג'ריס וואק אנד באק 500מ""ל",מוצרי איכות אמריקאים,IL,"גלידה בן&גרי wake & no bake core 500 מ""ל",גרמים,500.00,100 גרם,false,1,23.90,4.7800,true,1,50169
76840001774,false,"גלידה עוגיות חלב עם חתיכות פאדג בן וג'ירי 500 מ""ל",מוצרי איכות אמריקאים,IL,"גלידה בן&גרי שוקולד צפס קור 500מ""ל",גרמים,500.00,100 גרם,false,1,23.90,4.7800,true,1,50168
76840002351,false,גלידה גימי סמור עם מרשמלו קלוי פירורי שוקולד בן וג'ירי 428 ג',בן & ג'ריס,IL,"פיינט בן &גרי 500 מ""לGimme smore",מיליליטרים,500.00,"100 מ""ל",false,1,23.90,4.7800,true,1,53198
76840002542,false,"גלידת בן & ג'ריס פיינט נטפליקס וצ'ילד 500מ""ל",מוצרי איכות אמריקאים,IL,פיינט נטפליקס וצילד,גרמים,500.00,100 גרם,false,1,23.90,4.7800,true,1,50640
76840100125,false,"גלידת צ'אבי האבי בן וג'ירי 473 מ""ל",מוצרי איכות אמריקאיי,IL,"גלידה פיינט צאבי האבי 500 מ""ל",מיליליטרים,500.00,"100 מ""ל",false,1,23.90,4.7800,true,1,17963
76840100156,false,"גלידה צרי גרסיה בן וג'ירי 500 מ""ל",מוצרי איכות אמריקאיי,IL,"גלידה צרי גרסיה 500 מ""ל",מיליליטרים,500.00,"100 מ""ל",false,1,23.90,4.7800,true,1,1681
76840100583,false,"גלידת וניל עם בצק עוגיות בן וג'ירי 473 מ""ל",מוצרי איכות אמריקאיי,IL,"גלידה בצק עוגיות 473 מ""ל",מיליליטרים,473.00,"100 מ""ל",false,1,23.90,5.0529,true,1,17089
76840100811,false,גלידת בן & ג'ריס פיינט פינט באטר קאפ 428ג',מוצרי איכות אמריקאיי,,"גלידה חמאת בוטנים 473 מ""ל",מיליליטרים,473.00,"100 מ""ל",false,1,23.90,5.0529,true,1,21152
76840100989,false,"גלידה בן & גריס שוקולד מרשמלו קרמל ופאדג' 500 מ""ל",בן & ג'ריס,IL,גלידת שוקולד עם מרשמלו קרמל וחתיכות פאדג,מיליליטרים,473.00,"100 מ""ל",false,1,23.90,5.0529,true,1,38057
76840400218,false,"גלידה בן&ג'ריס תות שדה ועוגת גבינה 500מ""ל",מוצרי איכות אמריקאיי,IL,"גלידה עוגת גבינה ותות שדה 473 מ""ל",מיליליטרים,473.00,"100 מ""ל",false,1,23.90,5.0529,true,1,22386
76840620029,false,"גלידה בן&ג'ריס שמנת עם תות 500מ""ל",מוצרי איכות אמריקאיי,IL,"גלידה תות שדה 500 מ""ל",מיליליטרים,500.00,"100 מ""ל",false,1,23.90,4.7800,true,1,7009
77245110610,false,סוכריות מאסט ללא סוכר בטעם מנטה 80 ג'עלית,MIESZKO S.A - MS. JO,IL,סוכריות מאסט מנטה ללא סוכר 80 גרם,גרמים,80.00,100 גרם,false,1,10.90,13.6250,true,1,2218
77343000233,false,נרות חימום אורה 50,קריות זול,IL,נרות חימום אורה 50,יחידה,1.00,יחידה,false,1,11.90,11.9000,true,1,29040
77975036976,false,מטבל עגבניות בחריפות עדינה סניידרס 439 ג',סניידרס Snyder's,US,מטבל עגבניות בחריפות מעודנת 439 גרם,גרמים,439.00,100 גרם,false,1,17.90,4.0774,true,1,42023
77975094624,false,"סניידרס סנדוויץ בייגלה במילוי חמאת בוטנים , 226 ג'",סניידרס Snyder's,US,שברי בייגלה סניידרס חמאת בוטנים 283 גרם,גרמים,284.00,100 גרם,false,1,17.90,6.3028,true,1,51376
77975094631,false,סנדביץ בייגלה במילוי קרם בטעם צ'דר 226 גרם סניידרס,סניידרס Snyder's,,"בייגלה סניידרס סנדביץ גבינה צ""דר 226 גרם",גרמים,226.00,100 גרם,false,1,17.90,7.9204,true,1,51375
77975094761,false,שברי בייגלה בטעם צ'דר 340 גרם סניידרס,סניידרס Snyder's,US,סניידרס בטעם צדר 340 גרם,גרמים,340.00,100 גרם,false,1,17.90,5.2647,true,1,52724
77975094778,false,סניידרס שברי בייגל בטעם דבש וחרדל 340 גר,סניידרס Snyder's,US,סניידרס דבש חרדל ובצל 340 גרם,גרמים,340.00,100 גרם,false,1,17.90,5.2647,true,1,52950
77975095133,false,שברי בייגלה בטעם פיקנטי 318 ג' סניידרס,סניידרס Snyder's,US,סניידרס שברי בייגלה בטעם פיקנטי 319 גרם,גרמים,319.00,100 גרם,false,1,17.90,5.6113,true,1,56146
77975095157,false,סניידרס שברי בייגלה חלפינו 318ג,סניידרס Snyder's,,בייגלה סניידרס חלפיניו 318גרם,גרמים,318.00,100 גרם,false,1,17.90,5.6289,true,1,55082
77975095164,false,שברי בייגלה בטעם פרמז'ן ושום 318 ג' סניידרס,סניידרס,US,סניידרס שברי בייגלה בטעם פרמזן שום 318,גרמים,318.00,100 גרם,false,1,17.90,5.6289,true,1,56145
79927102111,false,יוניק פרצל בייגלה של,יוניק פרצל בייקרי,US,יוניק פרצל בייגלה שלס אוריגינל 284 גרם,גרמים,284.00,100 גרם,false,1,22.90,8.0634,true,1,45668
80432402931,false,"שיבאס וויסקי ריגאל 12 שנה 700 מ""ל",מזקקת האחים שיבאס,GB,"וויסקי סקוטי, שיבאס ריגאל 12 שנה, 700 מ''ל",מיליליטרים,700.00,"100 מ""ל",false,1,139.90,19.9857,true,1,48878
80480015701,false,רום בקרדי 200,Unknown,US,בקרדי 200 מל,מיליליטרים,200.00,"100 מ""ל",false,1,35.90,17.9500,true,1,53967
80480280048,false,"וודקה גריי גוס 40% 200מ""ל",בקרדי מרטיני,FR,"וודקה גריי גוס 200 מ""ל",מיליליטרים,200.00,"100 מ""ל",false,1,54.90,27.4500,true,1,44864
80518532743,false,שקית בלון 50 בלונים,NORTHERN,,שקית בלון 50 בלונים,מיליליטרים,0.00,"100 מ""ל",false,1,14.90,0.0000,true,1,7028
84213017420,false,מסטמכר מיסלי אורגני אגוזים וצימוק 5 500,מרום את קונפינו,DE,מיסלי אורגני אגוזים וצימוקים 500 גרם,גרמים,500.00,100 גרם,false,1,20.90,4.1800,true,1,21700
84213017475,false,מסטמכר מיסלי אורגני עם פירות 500ג,מרום את קונפינו,,מיסלי אורגני עם פירות יבשים 500 גרם,גרמים,500.00,100 גרם,false,1,20.90,4.1800,true,1,27077
305210256712,false,וזלין - מיני לשפתיים אורגינל,"יוניליוור ג'ונסבורו,",US,וזלין מיני לשפתיים אורגינל 7 גרם,יחידה,1.00,יחידה,false,1,14.90,14.9000,true,1,48888
611745285685,false,אבוקדו מוכן לאכילה,חקלאי,IL,אבוקדו ארוז בשל 570 גרם,גרמים,570.00,100 גרם,false,1,16.90,2.9649,true,1,45217
613008742348,false,משקה אריזונה גנסינג ודבש 1 ליטר,"נטורלה גטרנק בע""מ",DE,אריזונה גנסנג ודבש בקבוק 1 ליטר,ליטרים,1.00,ליטר,false,1,12.90,12.9000,true,1,50806
613008742409,false,אריזונה אפרסק בקבוק 1 ליטר,"נטורלה גטרנק בע""מ",DE,אריזונה אפרסק בקבוק 1 ליטר,ליטרים,1.00,ליטר,false,1,12.90,12.9000,true,1,50805
613008753290,false,משקה אריזונה אפרסק 4,אריזונה Arizona,BG,אריזונה אפרסק 450 מל,מיליליטרים,450.00,"100 מ""ל",false,1,9.50,2.1111,true,1,46725
613008753351,false,משקה אריזונה רימונים,אריזונה Arizona,BG,אריזונה רימונים 450 מל,מיליליטרים,450.00,"100 מ""ל",false,1,9.50,2.1111,true,1,46727
613008755461,false,אריזונה אוכמניות בקבוק 1 ליטר,"נטורלה גטרנק בע""מ",DE,אריזונה אוכמניות בקבוק 1 ליטר,ליטרים,1.00,ליטר,false,1,12.90,12.9000,true,1,50804
628154383659,false,דגני בוקר פרוטי פבלס 311 ג' POST,פוסט לקיוויל,PL,POST דגני פרוטי פבלס בטעם פירות 311 גרם,גרמים,311.00,100 גרם,false,1,24.90,8.0064,true,1,55464
633824111838,false,וודקה ואן גוך אננס ב,מזקקת קוימאנס טילבור,NL,"וודקה וואן גוך בטעם אננס, 750 מ''ל",מיליליטרים,750.00,"100 מ""ל",false,1,149.90,19.9867,true,1,40118
633824913432,false,וודקה בטעם אסאי-אוכמניות,מזקקת קוימאנס טילבור,NL,"וודקה וואן גוך בטעם אסאי בלוברי, 750 מ''ל",מיליליטרים,750.00,"100 מ""ל",false,1,149.90,19.9867,true,1,29029
638102201010,false,זון קלסיק שוקולד חמאת בוטנים,"אבוט נוטרישן, מעבדות",US,חטיף זון קלאסיק שוקולד חמאת בוטנים,גרמים,50.00,100 גרם,false,1,13.90,27.8000,true,1,45048
638102203090,false,חטיף על בסיס חלבון סויה פאדג' גרהם,"אבוט נוטרישן, מעבדות",US,זון פאדג,Unknown,0.00,Unknown,false,1,13.90,0.0000,true,1,45046
638102532817,false,חטיף על בסיס חלבון סויה עם שוקולד מריר,"אבוט נוטרישן, מעבדות",US,חטיף זון דאבל שוקולד,גרמים,50.00,100 גרם,false,1,13.90,27.8000,true,1,45047
638102582737,false,חטיף חלבון זון פרפקט,"אבוט נוטרישן, מעבדות",US,חטיף זון קלאסיק רול קינמון,גרמים,50.00,100 גרם,false,1,13.90,27.8000,true,1,45050
651080161510,false,"פלאקרס ""פלוסר ""חוט דנטלי משופר 35יח'-חדש",מיוצר עי קונדיטוריית,CN,"פלקרס קיסם עם חוט, 35 יחידות",יחידה,1.00,יחידה,false,1,12.90,12.9000,true,1,42928
673879000602,false,קאברד ברידג תפוא מלח,קאבר ברידג',CA,קאברד ברידג תפוא מלח ים חומץ ללא גלוטן,גרמים,170.00,100 גרם,false,1,25.90,15.2353,true,1,53608
673879000633,false,קאברד ברידג תפוא BBQ,קאבר ברידג',CA,קאברד ברידג תפוא BBQ מתוק ללא גלוטן  170,גרמים,170.00,100 גרם,false,1,25.90,15.2353,true,1,53610
686412282984,false,נתחי טונה לבנה בשמן זית,אורטיז ORTIZ,ES,טונה לבנה בשמן זית (צנצנת)220 גרם ORTIZ,גרמים,220.00,100 גרם,false,1,46.90,21.3182,true,1,51408
693493010788,false,חטיף תירס בטעם ברביקיו 200 ג' נאצוס,או. קיי סניקס,DK,נאצוס בטעם ברביקיו 200 גרם,גרמים,200.00,100 גרם,false,1,14.90,7.4500,true,1,55635
693493010818,false,חטיף תירס בטעם טבעי 200 ג' נאצוס,או. קיי סניקס,DK,נאצוס בטעם טבעי 200 גרם,גרמים,200.00,100 גרם,false,1,14.90,7.4500,true,1,55636
693493150781,false,ערק ערנבים בטעם אננס,אליס בראנפמן,IL,ערק ערנבים בטעם אננס 700 מל,מיליליטרים,700.00,"100 מ""ל",false,1,79.90,11.4143,true,1,55445
693493162111,false,סיגריה אלקטרונית חפ,קלאס ספא,CN,סיגריה אלקטרונית חפ אייס אבטיח 3000 שאי,יחידה,1.00,יחידה,false,1,99.90,99.9000,true,1,55677
720516010712,false,תערובת להכנת פנקייק,אורגרן,AU,תערובת להכנת פנקייק כוסמת 375 גרם אורגרן,גרמים,375.00,100 גרם,false,1,26.90,7.1733,true,1,54083
721733000739,false,טקילה פטרון סילבר 70,פטרון דיסטרליס,MX,טקילה פטרון סילבר 700 מל,מיליליטרים,700.00,"100 מ""ל",false,1,169.90,24.2714,true,1,46163
728229123590,false,חטיף על בסיס ירקות שורש בטעם טבעי,הונדורס צ'יפס יצור א,HN,טרה חטיף על בסיס ירקות שורש בטעם טבעי 110 גרם,גרמים,110.00,100 גרם,false,1,16.90,15.3636,true,1,3575
728229123613,false,חטיף על בסיס תפוח אדמה כחול בטעם טבעי,היין סלסטיאל גרופ,US,טרה חטיף על בסיס תפוח אדמה כחול בטעם טבעי 110 גרם,גרמים,110.00,100 גרם,false,1,16.90,15.3636,true,1,34447
728229123811,false,חטיף על בסיס ירקות שורש בתיבול ים תיכוני,הונדורס צ'יפס יצור א,HN,טרה ירקות ים תיכוני 110 גרם,גרמים,110.00,100 גרם,false,1,16.90,15.3636,true,1,3577
728229124771,false,חטיף על בסיס בטטה בטעם ברביקיו,היין פיוצ'ור נטורל פ,IN,טרה חטיף על בסיס בטטה בטעם ברביקיו 110 גרם,גרמים,110.00,100 גרם,false,1,16.90,15.3636,true,1,28633
728229130154,false,חטיף על בסיס בטטה וסלק בטעם טבעי,הונדורס צ'יפס יצור א,HN,טרה חטיף על בסיס בטטה וסלק בטעם טבעי 110 גרם,גרמים,110.00,100 גרם,false,1,16.90,15.3636,true,1,15610
728229130444,false,"חטיף על בסיס ירקות שורש עם בטטה, תפו""א כחול וסלק",היין סלסטיאל גרופ,US,טרה ירק תפוא כחול סלק 110 גרם,גרמים,110.00,100 גרם,false,1,16.90,15.3636,true,1,17567
732494000500,false,קרטורס פופקורן קרמל,איגל פודס ווקיגאן מפ,US,פופקורן מקורמל,גרמים,227.00,100 גרם,false,1,26.90,11.8502,true,1,42303
732494000524,false,קרטורס פופקורן גבינה,איגל פודס ווקיגאן מפ,US,פופקורן שיקגו קרמל וגבינה,גרמים,227.00,100 גרם,false,1,26.90,11.8502,true,1,42302
732494000609,false,קרטורס פופקורן רק הג,קורפפידלס אינק,US,קרטורס פופקורן רק הגבינה,יחידה,1.00,יחידה,false,1,26.90,26.9000,true,1,49078
732494003099,false,קרטורס פופקורן נטיפי,carlsberg supply com,US,קרטורס פופקורן נטיפי שוקולד,גרמים,156.00,100 גרם,false,1,26.90,17.2436,true,1,55247
753182231761,false,"משקה אנרגיה BLU זירו לל""ס דיאט 250 מ""ל",אקווה ויט,PL,בלו משקה אנרגיה מוגז 250 מל,מיליליטרים,250.00,"100 מ""ל",false,1,4.50,1.8000,true,1,17047
768404001640,false,"גלידה בן&ג'ריס קפה משפחתית 500מ""ל",מוצרי איכות אמריקאיי,IL,"פיינט בטעם קפה בן אנד גרי 500 מ""ל",מיליליטרים,500.00,"100 מ""ל",false,1,23.90,4.7800,true,1,14865
769904000997,false,דגש שקדי מרק ללא גלו,משובח תעשיות מזון,IL,שקדי מרק,גרמים,200.00,100 גרם,false,1,15.90,7.9500,true,1,22917
782588945453,false,ערק קורדו פסיפלורה 7,שי חזן 7 ח.ש,IL,"ערק קורדו פסיפלורה 750 מ""ל",מיליליטרים,750.00,"100 מ""ל",false,1,74.90,9.9867,true,1,53275
812319014308,false,לה מורנה דובדבן וניל,,DO,לה מורנה דובדבן וניל 5 יחידות,יחידה,5.00,יחידה,false,5,34.90,6.9800,false,1,55413
818570007066,false,תמצית וניל טהור וטקי,"ג'יי אר ווטקינס בע""מ",US,סידס תמצית מוניל טהור עם פולי וניל ממדגסקר 29 מל,מיליליטרים,29.00,"100 מ""ל",false,1,32.90,113.4483,true,1,42347
819046000086,false,אינקה ציפס בטטה 142 גרם,אינקה קורפ אס.אי.אל,PE,אינקה ציפס בטטה ללא גלוטן 142 גרם,גרמים,142.00,100 גרם,false,1,21.90,15.4225,true,1,45479
833949000264,false,סירופ מייפל אורגני 3,כפרי בריא,CA,סירופ מייפל אורגני 330 גרם,גרמים,330.00,100 גרם,false,1,33.90,10.2727,true,1,42066
835811005933,false,מגש הכסף תבנית אלומ` ענק 5 יח`,ווינפאק,,תבנית אלומיניום ענק 5 יחידות,לא מנהל יחידת מידה,0.00,לא מנהל יחידת מידה,false,1,13.90,0.0000,true,1,26072
835811005957,false,מגש הכסף תבנית אלומ` 90 + מכסה 8 יח`,יבוא ושיווק: הנמל אר,IL,"הנמל תבנית אלומניום מלבנית, 8 יחידות",לא מנהל יחידת מידה,0.00,לא מנהל יחידת מידה,false,1,14.50,0.0000,true,1,26071
835811005964,false,מגש הכסף תבנית אלומ` מאורך 20 יח`,ווינפאק,,תבנית אלומיניום אינגליש 20 יחידות,לא מנהל יחידת מידה,0.00,לא מנהל יחידת מידה,false,1,13.90,0.0000,true,1,26070
835811007562,false,תבניות קרטון אינגליש קייק 6יח` ארוז 29X9X6,דוקרט תעשיית אריזות,IL,תבנית קרטון אינגליש קייק 6 יחידות,לא מנהל יחידת מידה,0.00,לא מנהל יחידת מידה,false,1,12.90,0.0000,true,1,26064
835811009023,false,"כוסות משקה חם קרטון 235 מ""ל",הנמל,,כוסות קרטון,יחידה,0.50,יחידה,false,1,16.90,33.8000,true,1,26068
835811009344,false,כוס יין רגל 5 אונז 12 יח`,,,כוסות יין חד פעמי עם רגל 12 יחידות,יחידה,1.00,יחידה,false,1,7.80,7.8000,true,1,26129
839762000641,false,משקה איילנד מנגו נקטר 1 ל',"פאראגאלה,דה אג'יפשן",EG,איילנד מנגו 1 ליטר,ליטרים,1.00,ליטר,false,1,14.50,14.5000,true,1,2574
839762000658,false,משקה נקטר איילנד גויאבה 1 ל',The Egyptian Co. for,EG,איילנד גויאבה המשקה של חופי סיני 1 ליטר,ליטרים,1.00,ליטר,false,1,14.50,14.5000,true,1,2522
839762002379,false,משקה נקטר מנגו איילנד 350מל,"פאראגאלה,דה אג'יפשן",EG,"איילנד מנגו 350 מ""ל",מיליליטרים,350.00,"100 מ""ל",false,1,6.90,1.9714,true,1,17083
839762002386,false,נקטר איילנד גויאבה 3,"פאראגאלה,דה אג'יפשן",EG,"איילנד גויאבה 350 מ""ל",מיליליטרים,350.00,"100 מ""ל",false,1,6.90,1.9714,true,1,17084
842426146005,false,ליטל אנד ויילד וניל,,DO,ליטל אנד ויילד וניל 5 יחידות,יחידה,5.00,יחידה,false,5,34.90,6.9800,false,1,55421
850004207789,false,מיטבולס ביונד מיט 29,תאי פרזידנט פוד פאבל,US,מיטבולס ביונד מיט 290 גרם,גרמים,290.00,100 גרם,false,1,42.90,14.7931,true,1,53744
850004680841,false,פרפקשן סנקס בייגלה ל,פרפקשיין,US,"פרפקשן סנקס בייגלה לל""ג באפלו ווינגס 198 גרם",גרמים,198.00,100 גרם,false,1,19.90,10.0505,true,1,53382
850004680865,false,פרפקשן סנקס בייגלה ל,פרפקשיין,US,"פרפקשן סנקס בייגלה לל""ג כרמל מלוח 198 גרם",גרמים,198.00,100 גרם,false,1,19.90,10.0505,true,1,53383
850668000818,false,חטיף ציפס DEEP מלוח,OLD LYME GOURMET COM,,חטיף ציפס DEEP מלוח ללא גלוטן 142 גרם,גרמים,142.00,100 גרם,false,1,24.90,17.5352,true,1,27069
850668000832,false,חטיף ציפס DEEP מלח ו,OLD LYME GOURMET COM,,חטיף ציפס DEEP מלח וחומץ ללא גלוטן 142,גרמים,142.00,100 גרם,false,1,24.90,17.5352,true,1,27067
851621000050,false,בירה חיטה בטעם הדרים 1664 בלאנק - שישייה,קרלסברג ספליי קומפאנ,PL,"שישיית 1664 Blanc בק 330 מ""ל",ליטרים,1.98,ליטר,false,1,55.90,28.2323,true,1,47238
852629004774,false,רביעיית נקניקיות ביונד מיט,תאי פרזידנט פוד פאבל,US,רביעיית נקניקיות ביונד מיט4000 גרם,גרמים,400.00,100 גרם,false,1,44.90,11.2250,true,1,53742
856591000062,false,עוגיות מזרחיות מלח 400 ג' עבאדי,מאפיית יוסף ושמחה עב,IL,מזרח. מלח 400ג 856591000062,גרמים,400.00,100 גרם,false,1,21.90,5.4750,true,1,2689
856591000109,false,עבאדי עוגיות מזרחיות פריכות 400ג',מאפיית יוסף ושמחה עב,IL,עבאדי עוגיות מזרחיות פריך במיוחד 400 גרם,גרמים,400.00,100 גרם,false,1,21.90,5.4750,true,1,16445
856591000574,false,מיני נשנוש טבעי 40 גרם,מאפיית יוסף ושמחה עב,IL,מיני נשנוש בטעם טבעי 40 גרם,גרמים,40.00,100 גרם,false,1,3.90,9.7500,true,1,26252
859547004329,false,ספוג ניקוי צבעוני סקראב דדי Scrub Daddy,סקארקיסט,US,ספוג סקראב דדי,יחידה,1.00,יחידה,false,1,17.90,17.9000,true,1,55239
859547004466,false,סקראב מאמי ספוג ניקו,סקארקיסט,US,סקראב מאמי ספוג ניקוי דו צדדי,יחידה,1.00,יחידה,false,1,17.90,17.9000,true,1,55240
884912126115,false,פוסט גרייט גריינט דייטס 453 גר',הנסיך- מפעל לייצור ט,US,דגני פוסט גרייט גריינס צימוקים 453 גרם,גרמים,453.00,100 גרם,false,1,27.90,6.1589,true,1,29025
884912342737,false,דגני בוקר פוסט וופל קריספ 326 גר',הנסיך- מפעל לייצור ט,US,תערובת דגנים בטעם וואפל אמריקאי,גרמים,325.00,100 גרם,false,1,25.90,7.9692,true,1,49786
884912359155,false,דגני בוקר האני באנצס רוסטד 340 ג' POST,פוסט לקיוויל,US,POST האני באנצ רוסטד 340 גרם,גרמים,411.00,100 גרם,false,1,24.90,6.0584,true,1,55183
884912359162,false,דגני בוקר האני באנצס שקדים 340 ג' POST,פוסט לקיוויל,US,POST האני באנצ אלמונד 340 גרם,גרמים,411.00,100 גרם,false,1,24.90,6.0584,true,1,55182
884912365200,false,דגני בוקר אוראו הדור הבא 311 ג',פוסט לקיוויל,US,דגני בוקר אוראו 311גרם,גרמים,311.00,100 גרם,false,1,22.90,7.3633,true,1,56092
884912365217,false,דגני בוקר אוראו הדור הבא 311 ג',פוסט,US,דגני בוקר אוראו 311גרם,גרמים,311.00,100 גרם,false,1,22.90,7.3633,true,1,52537
885320010577,false,גו-גו ארוחת אורז וקי,קומפניה,CA,גו-גו ארוחת אורז וקינואה מאק טבעונית ללג,גרמים,170.00,100 גרם,false,1,22.90,13.4706,true,1,53928
885320010584,false,גו-גו ארוחת אורז וקי,קומפניה,CA,גו-גו ארוחת אורז וקינואה טבעונית ללג 170,גרמים,170.00,100 גרם,false,1,22.90,13.4706,true,1,53929
898193001252,false,בונומלי - חליטת קמומ,דולפין ספא,IT,"""בונומלי"" תה קמומיל (בבונג) 28 גרם",גרמים,28.00,100 גרם,false,1,18.90,67.5000,true,1,48159
1230000068314,false,בשר טחון ביונד מינט,זנברגן וורלד פינסט מ,NL,בשר טחון ביונד מיט 300 גרם,גרמים,300.00,100 גרם,false,1,36.90,12.3000,true,1,53741
1230000116022,false,ביונד בורגר Beyond Burger - מארז זוג,ביונד מיט קליפורניה,US,המבורגר ביונד מיט זוג 226גרם,גרמים,226.00,100 גרם,false,1,36.90,16.3274,true,1,55216
1724826114510,false,יין סטון וואלי זינפנ,Unknown,US,יין סטון וואלי זינפנדל 750מל,מיליליטרים,750.00,"100 מ""ל",false,1,69.90,9.3200,true,1,52750
1724826154516,false,יין סטון וואלי קברנה,Unknown,US,יין סטון וואלי קברנה סובניון 750מל,מיליליטרים,750.00,"100 מ""ל",false,1,69.90,9.3200,true,1,52749
3010470155299,false,פריסקיז Friskies פטה בקר וירקות,ניו פטפוד איטליה,IT,פריסקיז פטה בקר וירקות 24*400גרם,גרמים,400.00,100 גרם,false,1,10.90,2.7250,true,1,42658
3010470158221,false,פריסקיז פטה עוף וירק,ניו פטפוד איטליה,IT,פריסקיז פטה עוף וירקות 24*400גרם,גרמים,400.00,100 גרם,false,1,10.90,2.7250,true,1,42657
3014260240226,false,"ג'ילט קצף גילוח רגיש - 200 מ""ל",פרוקטר אנד גמבל,GB,ג'ילט קצף גילוח לעור רגיש 200 מל,מיליליטרים,200.00,"100 מ""ל",false,1,17.90,8.9500,true,1,15485
3014260280772,false,חוט דנטלי ווקס Essential floss,פרוקטר אנד גמבל,MX,חוט דנטלי בציפוי שעווה אורל בי,Unknown,0.00,Unknown,false,1,18.90,0.0000,true,1,9524
3014260287030,false,גילט בלו ח.פעמי חמישייה,פרוקטר אנד גמבל,MD,סכיני גילוח חד פעמי גילט 5 יחידות,לא מנהל יחידת מידה,0.00,לא מנהל יחידת מידה,false,1,8.90,0.0000,true,1,3630
3046920016377,false,שוקולד לינדט אקסלנס,לינדט ושפרונגלי,DE,לינדט אקסלנס 100% מריר,גרמים,0.00,100 גרם,false,1,16.90,0.0000,true,1,52522
3046920028004,false,שוקולד מריר אקסלנס 70%,לינדט ושפרונגלי,FR,לינדט אקסלנס 70% שוקולד מריר 100 גר,גרמים,100.00,100 גרם,false,1,16.90,16.9000,true,1,632
3046920028363,false,שוקולד מריר אקסלנס 85%,לינדט ושפרונגלי,FR,שוקולד לינדט אקסלנס 85% 100 גרם,גרמים,100.00,100 גרם,false,1,16.90,16.9000,true,1,2941
3046920028752,false,לינדט אקסלנס מריר מנ,לינדט ושפרונגלי,FR,לינדט אקסלנס שוקולד מריר שוויצרי עם מלח ים 100 גרם,גרמים,100.00,100 גרם,false,1,16.90,16.9000,true,1,10086
3046920029674,false,שוקולד מריר אקסלנס עם מלח ים,לינדט ושפרונגלי,DE,שוקולד לינדט אקסלנס מלח 100 גרם,גרמים,100.00,100 גרם,false,1,16.90,16.9000,true,1,22586
3046920029759,false,שוקולד מריר אקסלנס 90% קקאו,לינדט ושפרונגלי ג'י.,DE,שוקולד לינדט אקסלנס 90% 100 גרם,גרמים,100.00,100 גרם,false,1,16.90,16.9000,true,1,26180
3059943015128,false,מבשם אוויר נטול גז אקווה מיסט בניחוח לבנדר פראי ואוויר הרים,הדקלאים אגודת שיתופי,PL,"מבשם אוויר איירוויק נטול גז בניחוח לבנדר 345 מ""ל",מיליליטרים,345.00,"100 מ""ל",false,1,14.90,4.3188,true,1,21465
3068320011707,false,אויאן 1 ליטר שישיות,איוויאן,FR,אויאן 1 ליטר שישיות,ליטרים,1.00,ליטר,false,1,69.90,69.9000,true,1,46768
3068320014067,false,מים מינרלים טבעיים מ,קריניציה ויטמינה אס,FR,"מים מינרליים אוויאן ספורט 750 מ""ל",מיליליטרים,750.00,"100 מ""ל",false,1,11.90,1.5867,true,1,16485
3068320017846,false,מים מינרלים טבעיים מ,קריניציה ויטמינה אס,FR,מים מינרלים אוויאן 1 ליטר,ליטרים,1.00,ליטר,false,1,12.90,12.9000,true,1,20566
3068320055008,false,מים מינרלים טבעיים מ,קריניציה ויטמינה אס,FR,"מים מינרלים אוויאן 500 מ""ל",מיליליטרים,500.00,"100 מ""ל",false,1,8.90,1.7800,true,1,19564
3073781161687,false,גבינת לבש קירי כשר 2,בל,FR,גבינת לה וואש קירי,גרמים,256.00,100 גרם,false,1,26.90,10.5078,true,1,53385
3073781162790,false,גבינת בייבי בל אדם 1,מחלבות בל,FR,גבינת בייבי בל אדום 120 גרם,גרמים,120.00,100 גרם,false,1,22.90,19.0833,true,1,54927
3073781177220,false,גבינת אדם בייבי בל ר,מחלבות בל,FR,בייבי בל ספיירול 85גרם,גרמים,85.00,100 גרם,false,1,22.90,26.9412,true,1,55694
3120581456267,false,שבלי מ.דה ליני לבן י,Unknown,FR,"יין שבלי מ.דה ליני לבן יבש 750 מ""ל",מיליליטרים,750.00,"100 מ""ל",false,1,99.90,13.3200,true,1,50461
3120581458490,false,שאטו טרבון רוזה יבש,שאטו בלוו,FR,"שאטו טרבון רוזה יבש 750 מ""ל",מיליליטרים,750.00,"100 מ""ל",false,1,89.90,11.9867,true,1,55834
3120581458759,false,מ.דה ליני בורגון שרד,,FR,"יין מ דה ליני בורגונדי שרדונה 750 מ""ל",מיליליטרים,750.00,"100 מ""ל",false,1,89.90,11.9867,true,1,55835
3161911229199,false,אלוויר חמאה רכה 250ג,אלל אה וויר,FR,חמאה רכה אלוויר 250 גרם,גרמים,250.00,100 גרם,false,1,22.90,9.1600,true,1,16285
3161911366429,false,חמאה רכה מלוחה אלווי,ארזינא,FR,חמאה רכה מלוחה אלוויר 250 גרם,גרמים,250.00,100 גרם,false,1,22.90,9.1600,true,1,662
3175460000017,false,גבינת בורסן עשבי תיב,השחר,FR,גבינה בורסאן שום 150 גרם,גרמים,150.00,100 גרם,false,1,22.90,15.2667,true,1,10267
3175460000062,false,גבינת בורסאן טבעי 15,השחר,FR,גבינה בורסאן פלפל 150 גרם,גרמים,150.00,100 גרם,false,1,22.90,15.2667,true,1,16469
3175460000864,false,גבינת בורסאן טבעי 15,"בל,",FR,גבינה בורסאן טבעי 150 גרם,גרמים,150.00,100 גרם,false,1,22.90,15.2667,true,1,46827
3175460030083,false,גבינת בורסן בצל ועיר,השחר,FR,גבינה בורסאן בצל עירית 150 גרם,גרמים,150.00,100 גרם,false,1,22.90,15.2667,true,1,16291
3178530402353,false,עוגיות ספוג קטנות מיני מדלן,סן מישל St Michel,FR,מיני מדלן 175גרם,גרמים,175.00,100 גרם,false,1,12.90,7.3714,true,1,55225
3178530407938,false,עוגיות מיני מדלן עם פצפוצי שוקולד,סן מישל St Michel,FR,מיני מדלן עם פצפוצי שוקולד 175גרם,גרמים,175.00,100 גרם,false,1,13.90,7.9429,true,1,55227
3178530412703,false,עוגיות דונאט עם שוקו,סן מישל St Michel,FR,עוגיות דונאט עם שוקולד 180 גר,גרמים,180.00,100 גרם,false,1,17.90,9.9444,true,1,56522
3178530417340,false,בראוניז שוקולד עוגות,סן מישל,FR,בראוניז 210 שוקולד,גרמים,120.00,100 גרם,false,1,18.90,15.7500,true,1,56524
3178530417357,false,בראוניז שוקולד לבן ע,סן מישל,FR,בראוניז 210 שוקולד לבן,גרמים,120.00,100 גרם,false,1,18.90,15.7500,true,1,56523
3178530417418,false,עוגיות דונוטס פיצפוצ,סן מישל St Michel,FR,עוגיות דונוטס פיצפוצי שוקולד 180 גר,גרמים,180.00,100 גרם,false,1,17.90,9.9444,true,1,56521
3228022910023,false,חמאת צרפתית פרזידנט 200 גרם,סוסייטה בארייר דה אי,FR,פרזידנט חמאה 200 גרם,גרמים,200.00,100 גרם,false,1,16.70,8.3500,true,1,30972
3254550033279,false,גבינת קממבר איסיני 2,איזיני סנט מר,FR,קממבר איסני 250 גרם,גרמים,250.00,100 גרם,false,1,37.90,15.1600,true,1,46851
3272770003148,false,גבינת עיזים פרמידה ש,מיוצר עי קונדיטוריית,FR,שברו טבעי 150 גרם,גרמים,150.00,100 גרם,false,1,27.90,18.6000,true,1,30978
3278480396310,false,קוניאק גודה VSכשל'פ,"יורוסטדנרט בע""מ",FR,גודט קוניאק גודה VS 700 מל,מיליליטרים,700.00,"100 מ""ל",false,1,104.90,14.9857,true,1,50225
3296324219007,false,יין לגנד בורדו רוטשי,יקבי רמת הגולן,IL,יין לגנד בורדו רוטשילד 750 מל,מיליליטרים,750.00,"100 מ""ל",false,1,109.90,14.6533,true,1,52849
3387390320244,false,פיטנס Fitness דגנים מלאים עם פירות,נסטלה צרפת איטנקורט,FR,דגני פיטנס פירות 375 גרם,גרמים,375.00,100 גרם,false,1,22.90,6.1067,true,1,3026
3387390525960,false,קראנץ' Crunch דגנים פריכים עם שוקולד,הנסיך- מפעל לייצור ט,FR,דגני קראנץ נסטלה 500 גרם,גרמים,500.00,100 גרם,false,1,27.90,5.5800,true,1,13569
3387390730852,false,פיטנס Fitness קלאסי דגנים מלאים ואורז,נסטלה צרפת איטנקורט,FR,דגני פיטנס 375 גרם,גרמים,375.00,100 גרם,false,1,22.90,6.1067,true,1,3027
3415581114126,false,גלידת שמנת קרמל מתוק,האגן דאז,FR,"גלידת שמנת קרמל מתוק מלוח 500 מ""ל",מיליליטרים,500.00,"100 מ""ל",false,1,24.90,4.9800,true,1,22688
3415581117110,false,"האגן דאז קרמל שברי ביסקוויט 500 מ""ל",האגן דאז,FR,"גלידת שמנת קרמל עם ביסקוויט 500 מ""ל",מיליליטרים,500.00,"100 מ""ל",false,1,24.90,4.9800,true,1,17812
3415581187113,false,גלידת שמנת קרמל בראו,האגן דאז,FR,"גלידת שמנת קרמל בראוניס 473 מ""ל",מיליליטרים,473.00,"100 מ""ל",false,1,24.90,5.2643,true,1,709
3415582300924,false,האגן דאז דואו שוקולד,האגן דאז,FR,האגן דאז דואו שוקולד בלגי וניל קראנצ 35,גרמים,353.00,100 גרם,false,1,24.90,7.0538,true,1,56615
3415582301921,false,האגן דאז דואו שוקולד,האגן דאז,FR,האגן דאז דואו שוקולד מריר קרמל מלוח 355,גרמים,355.00,100 גרם,false,1,24.90,7.0141,true,1,56616
3415582302928,false,האגן דאז דואו שוקולד,האגן דאז,FR,האגן דאז דואו שוקולד בלגי תות קראנצ 360,גרמים,360.00,100 גרם,false,1,24.90,6.9167,true,1,56617
3415587149924,false,האגן דאז בראוני מקיא,האגן דאז,FR,האגן דאז בראוני מקיאטו 386 גרם,גרמים,386.00,100 גרם,false,1,24.90,6.4508,true,1,50459
3500610150500,false,שאטו הו פורה בורדו 7,,FR,"שאטו הו פורה מרלו 750 מ""ל",מיליליטרים,750.00,"100 מ""ל",false,1,89.90,11.9867,true,1,55836
3500610150517,false,שאטו טימברליי בורדו,שאטו בלוו,FR,"שאטו טימברליי בורדו 750 מ""ל",מיליליטרים,750.00,"100 מ""ל",false,1,89.90,11.9867,true,1,55837
3523230025638,false,גבינת עיזים מיני בוש,אוריאל,FR,גבינת בושה עיזים טבעית 125 גרם,גרמים,125.00,100 גרם,false,1,25.90,20.7200,true,1,46829
3523230025652,true,בושה עיזים שום 125 ג,אוריאל,FR,בושה עיזים שום 125 גרם נני,גרמים,125.00,100 גרם,false,1,25.90,20.7200,true,1,46810
3523230026826,false,גבינת עיזים פרימדה ס,אוריאל,FR,גבינת עיזים פרימדה סואניון 140 גרם,גרמים,140.00,100 גרם,false,1,27.90,19.9286,true,1,46892
3523230038959,false,גבינת עיזים מיני בוש,אוריאל,FR,בושה מפוחם של נני 125 גרם,גרמים,125.00,100 גרם,false,1,27.90,22.3200,true,1,50058
3523230045827,false,גבינת סנט מור 160 גר,אוריאל,FR,סנט מור 160 גרם,גרמים,160.00,100 גרם,false,1,28.90,18.0625,true,1,46853
3525490011109,false,יין לה זאמל מלבק 750,badet clement,FR,לה ג'אמל מלבק יבש,מיליליטרים,750.00,"100 מ""ל",false,1,64.90,8.6533,true,1,48861
3525490011116,false,לה ז'אמל קברנה סובינ,badet clement,FR,לה ג'אמל קברנה סוביניון יבש,מיליליטרים,750.00,"100 מ""ל",false,1,64.90,8.6533,true,1,48863
3525490011123,false,לה ז'אמל סנסו רוזה 7,יקב,US,"יין לה זאמל 750 מ""ל",מיליליטרים,750.00,"100 מ""ל",false,1,64.90,8.6533,true,1,52751
3574660026788,true,גונסונס בייבי טלק 20,CILAG GMBH INTERNATI,IT,גונסונס בייבי טלק 200 גרם חדש,Unknown,0.00,Unknown,false,1,21.90,0.0000,true,1,46969
3574660089547,false,או-בה טמפונים קלאסי נורמל 32יח',ג'ונסון אנד ג'ונסון,GR,טמפוני O.B קלאסי נורמל 32 יח,יחידה,1.00,יחידה,false,1,25.90,25.9000,true,1,9648
3574660115154,false,או-בה טמפונים קלאסי סופר 32יח',ג'ונסון אנד ג'ונסון,IT,טמפוני O.B סופר 32 יח,יחידה,1.00,יחידה,false,1,25.90,25.9000,true,1,9650
3574660333466,false,או-בה טמפונים פרוקומפורט מיני 32 יח',הנסיך- מפעל לייצור ט,DE,אובה מיני טמפונים ללא מוליך 32 יחידות,ליטרים,0.00,ליטר,false,1,25.90,0.0000,true,1,20412
3574661487328,false,קרפרי מגני תחתון אורגינל פלוס 56 יח',הדקלאים אגודת שיתופי,IT,קרפרי מגן תחתון רגיל 56 יח,יחידה,1.00,יחידה,false,1,19.90,19.9000,true,1,48201
3574661487625,false,מגני תחתון פלוס לארג' בניחוח עדין L,הדקלאים אגודת שיתופי,IT,קרפרי מגן תחתון מקסי לארג 48 יח,יחידה,1.00,יחידה,false,1,19.90,19.9000,true,1,48202
3574661554877,false,מגן תחתון אוורירי מבושם,הנסיך- מפעל לייצור ט,GR,קרפרי מגן תחתון אוורירי מבושם 58 יח,יחידה,1.00,יחידה,false,1,19.90,19.9000,true,1,50231
3574661554884,false,קרפרי רגיל טנגה ריחני 56 יח' חדש,הדקלאים אגודת שיתופי,GR,מגן תחתון אוורירי מבושם טנגה 58 יחידות,לא מנהל יחידת מידה,7.50,לא מנהל יחידת מידה,false,1,19.90,2.6533,true,1,50907
3574669909204,false,גונסונס בייבי שמן 300 מל,ג'ונסונס Johnson's,IT,גונסונס בייבי שמן 300 מל חדש,מיליליטרים,300.00,"100 מ""ל",false,1,21.90,7.3000,true,1,46864
3608580075646,false,קונפיטורת שזיפים בון,,FR,קונפיטורת שזיפים בון מאמא 370 גרם,גרמים,370.00,100 גרם,false,1,19.90,5.3784,true,1,53828
3608580730231,false,קונפיטורה בון ממאן תות שדה 370 גר',אף.סי תבליני בגליל ב,FR,קונפיטורה תות 370 גרם בון מאמא,גרמים,370.00,100 גרם,false,1,19.90,5.3784,true,1,27589
3662444002766,false,ליאל חלה בריוש 500 ג,אר.אפ.די,FR,ליאל חלה בריוש 500 גרם,גרמים,500.00,100 גרם,false,1,24.90,4.9800,true,1,53313
3760125946719,false,רוזה אור פרובאנס 750,ג'נרל מילס סאן אדריא,FR,יין רוזה יבש 750 מל,מיליליטרים,750.00,"100 מ""ל",false,1,69.90,9.3200,true,1,52316
4000417019004,false,שוקולד חלב עם אגוזי לוז שלמים,ריטר ספורט Ritter sport,DE,ריטר ספורט שוקולד חלב עם אגוזי לוז שלמים,גרמים,100.00,100 גרם,false,1,11.90,11.9000,true,1,18162
4000417023001,false,שוקולד ריטר ספורט שקדים חלב 100גר,ריטר ספורט Ritter sport,DE,ריטר ספורט שוקולד חלב מעולה עם שקדים שלמים,גרמים,100.00,100 גרם,false,1,11.90,11.9000,true,1,18164
4000417025005,false,שוקולד ריטר ספורט מרציפן 100 גרם חלב נוכרי,ריטר ספורט Ritter sport,DE,ריטר ספורט שוקולד מריר ממולא מרציפן,גרמים,100.00,100 גרם,false,1,9.90,9.9000,true,1,18165
4000417026002,false,שוקולד ריטר ספורט פרלין 100 גרם חלב נוכרי,ריטר ספורט Ritter sport,DE,שוקולד ריטר ספורט נוגט פרלין 100 גרם,גרמים,100.00,100 גרם,false,1,9.90,9.9000,true,1,18166
4000417101211,false,גלילי וופל עם קרם אגוזי לוז בציפוי שוקולד חלב,אמיצ'לי Amicelli,AT,אמיצלי גלילי וופל 150 גרם,גרמים,150.00,100 גרם,false,1,17.90,11.9333,true,1,54627
4000417224002,false,"ריטר ספורט טבלת שוקולד מריר אגוזים, 100 גרם",ריטר ספורט Ritter sport,DE,שוקולד ריטר ספורט מריר אגוזים 100 גרם,גרמים,100.00,100 גרם,false,1,11.90,11.9000,true,1,41708
4000539280726,false,שוקולד לינדט אקסלנס,לינדט ושפרונגלי,DE,שוקולד לינדט אקסלנס 70% מילד 100 גרם,גרמים,100.00,100 גרם,false,1,16.90,16.9000,true,1,55476
4000539280740,true,לינדט אקסלנס 78% 100,לינדט ושפרונגלי אס.א,DE,לינדט אקסלנס 78% 100 גרם,גרמים,100.00,100 גרם,false,1,16.90,16.9000,true,1,55609
4001518003800,false,מקלות פריכים עם פלפל ומלח 125ג' טורינוס,,DE,טורינוס מקלות פריכים עם פלפל ומלח 125 גר,גרמים,125.00,100 גרם,false,1,16.90,13.5200,true,1,52715
4001518106112,false,טורינוס מקלות פריכים עם רוזמרין 125 גרם,,DE,טורינוס מקלות פריכים עם רוזמרין 125 גרם,גרמים,125.00,100 גרם,false,1,16.90,13.5200,true,1,52716
4002448017684,false,"סיליט באנג ספריי רב שימושי כתום 750 מ""ל",הדקלאים אגודת שיתופי,PL,"ספריי לניקוי כללי והסרת אבנית סיליט באנג 750 מ""ל",מיליליטרים,750.00,"100 מ""ל",false,1,16.90,2.2533,true,1,2526
4002448019480,false,"סיליט באנג ספריי מסיר שומנים 750 מ""ל",סיליט באנג Cillit Bang,PL,"ספריי מסיר שומנים סיליט באנג 750 מ""ל",מיליליטרים,750.00,"100 מ""ל",false,1,16.90,2.2533,true,1,4661
4004666042004,false,משמיד עובש עם מרסס מלרוד Mellerud,מרלוד,DE,יעקבי מלרוד ספריי משמיד עובש 500 מל,מיליליטרים,500.00,"100 מ""ל",false,1,32.90,6.5800,true,1,7808
4005808670314,false,קרם לחות NIVEA אקווה אפקט לעור רגיל/מעורב SPF15,ניוואה Nivea,,ניוואה קרם לחות לעור רגיל/מעורב 50 מל,מיליליטרים,50.00,"100 מ""ל",false,1,49.90,99.8000,true,1,51092
4007745058804,false,מיונז אורגני נטורפוד,אף.סי תבליני בגליל ב,DE,נטורפוד מיונז אורגני 350 גרם,גרמים,340.00,100 גרם,false,1,25.90,7.6176,true,1,22884
4007745058811,false,חרדל אורגני נטורפוד,נטורפוד,DE,נטורפוד חרדל אמיתי אורגני 200 גרם,גרמים,200.00,100 גרם,false,1,16.90,8.4500,true,1,43771
4007745058828,true,חרדל גרגירים אמיתי א,אף.סי תבליני בגליל ב,DE,נטורפוד חרדל גרגרים אמיתי אורגני 200 גרם,גרמים,200.00,100 גרם,false,1,16.90,8.4500,true,1,43713
4008287058161,false,בירה קרומבאכר פילס 4.8% שישיה 6 * 330 מל,מנדלז סי.אר. פרודקשן,DE,שישיית בירת קרומבכר פילס 1.980 ליטר,מיליליטרים,330.00,"100 מ""ל",false,1,43.40,13.1515,true,1,52854
4008287905786,false,"קרומבאכר חיטה פחית בודד 500 מ""ל",מנדלז סי.אר. פרודקשן,DE,בירת קרומבכר חיטה בפחית 500 מל,מיליליטרים,500.00,"100 מ""ל",false,1,11.90,2.3800,true,1,52856
4008400290126,false,קנדר עוגת ספוג במילו,פררו טורקיה צ'יקולטה,TR,קנדר עוגת ספוג במילוי חלבי מצופה ש מריר,גרמים,30.00,100 גרם,false,1,4.90,16.3333,true,1,53164
4009300524588,false,תה פומפדור חליטת צמחים פירות יער 20 יח',פומפדור Pompadour,DE,תה פומפדור חליטה פירות יער,גרמים,60.00,100 גרם,false,1,15.90,26.5000,true,1,56552
4009300525684,false,חליטת צמחים ג'ינג'ר לימונית,פומפדור Pompadour,DE,"חליטת לימון ג""ינגר",גרמים,35.00,100 גרם,false,1,15.90,45.4286,true,1,56551
4009309022399,true,כרוב כבוש אורגני 670,נטורפוד,DE,כרוב כבוש אורגני 670 גרם,גרמים,670.00,100 גרם,false,1,17.90,2.6716,true,1,43714
4009309114346,true,מלפפונים אורגנים בחו,סטאר סנקס,DE,מלפפונים אורגנים בחומץ ללא סוכר 670 גרם,גרמים,670.00,100 גרם,false,1,25.90,3.8657,true,1,43715
4009309114407,true,נטורפוד מלפפון כבוש,נטורפוד,DE,מלפפון כבוש אורגני,גרמים,670.00,100 גרם,false,1,25.90,3.8657,true,1,43716
4009309456453,true,סלק אדום אורגני 670,נטורפוד,DE,סלק אדום אורגני,גרמים,670.00,100 גרם,false,1,16.90,2.5224,true,1,43717
4009309742426,true,רסק תפוח מנגו אורגני,תות תעשיות מזון (201,DE,רסק תפוח מנגו אורגני,גרמים,700.00,100 גרם,false,1,19.90,2.8429,true,1,43719
4009900402965,false,מסטיק אורביט וויט בטעם פירות ללא סוכר,ריגלי פולין,PL,מסטיק אורביט וויט פירות בקבוקון,Unknown,0.00,Unknown,false,1,11.90,0.0000,true,1,20851
4009900403023,false,מסטיק אורביט בקבוקון דאבל white קלאסי 64ג',"ב.א מזון בע""מ",PL,מסטיק אורביט וויט מנטה בקבוקון,גרמים,64.00,100 גרם,false,1,11.90,18.5938,true,1,20852
4009900420129,false,מסטיק אורביט פרופשנל פפרמינט בקבוקון 64 גר',מרס נדרלנד,PL,אורביט פרופשיונל פפרמינט בקבוקון,לא מנהל יחידת מידה,0.00,לא מנהל יחידת מידה,false,1,11.90,0.0000,true,1,46019
4009900426039,false,מסטיק איירוויבז מנטה אקליפטוס בקבוקון,איירוויבס Airwaves,PL,מסטיק איירווייבס מנטה אקליפטוס בקבוקון,גרמים,64.00,100 גרם,false,1,11.90,18.5938,true,1,30164
4009900426121,false,מסטיק אורביט איירוויז בקבוקון אוכמניות 64ג',איירוויבס Airwaves,PL,מסטיק איירווייבס אוכמניות בקבוקון,גרמים,64.00,100 גרם,false,1,11.90,18.5938,true,1,30165
4009900455299,false,סוכריות סקיטלס בטעם פירות,סקיטלס Skittles,CZ,סקיטלס פירות 174 גרם,גרמים,174.00,100 גרם,false,1,10.90,6.2644,true,1,23711
4009900465304,false,סוכריות סקיטלס פירות חמוצים 174 גרם,סקיטלס Skittles,CZ,סקיטלס חמוץ 174 גרם,גרמים,174.00,100 גרם,false,1,10.90,6.2644,true,1,23712
4009900482417,false,מסטיק אורביט פירות מנטה בקבוקון באבל מינט 45יח,ריגלי פולין,PL,מסטיק אורביט בבאבל מינט בקבוקון,Unknown,0.00,Unknown,false,1,11.90,0.0000,true,1,21693
4009900521581,false,מסטיק פרופשונל מינטס מנטה בקבוקון 77 גר',ריגלי פולין,PL,סוכריות אורביט מינטס דובדבן בקבוקון,לא מנהל יחידת מידה,0.00,לא מנהל יחידת מידה,false,1,12.90,0.0000,true,1,42583
4009900531122,false,"מסטיק בטעם מנטה ספירמינט, 64 ג' פרופשיונל אורפיט",מרס נדרלנד,PL,אורביט פרופשיונל ספירמינט בקבוקון,לא מנהל יחידת מידה,0.00,לא מנהל יחידת מידה,false,1,11.90,0.0000,true,1,46020
4009900536486,false,מסטיק אורביט רפרשרס באבלמינט בקבוקון ללא סוכר 67 גר',מרס ריגלי קונפקשונרי,PL,מסטיק אורביט רפרשרס באבלמ 67 ג,גרמים,67.00,100 גרם,false,1,12.90,19.2537,true,1,52791
4009900539340,false,סקיטלס ג'יינט סאוור 141 גרם,מרס ריגלי קונפקשונרי,PL,סקיטלס גיינט סאוור 141 גר,גרמים,141.00,100 גרם,false,1,9.90,7.0213,true,1,54606
4009900539685,false,"מסטיק פייב באונס בטעם מנטה בקבוקון, 61.8 גרם",ריגלי בעמ רוסיה,PL,מסטיק פייב מנטה בקבוקון 61.8גרם,גרמים,62.00,100 גרם,false,1,12.90,20.8065,true,1,54831
4009900539746,false,"מסטיק פייב באונס בטעם אבטיח בקבוקון, 61.8 גרם",ריגלי בעמ רוסיה,PL,מסטיק פייב אבטיח בקבוקון 61.8גרם,גרמים,62.00,100 גרם,false,1,12.90,20.8065,true,1,54832
4009900540551,false,מסטיק אורביט רפרשרס טרופיקל בקבוקון ללא סוכר,מרס פולין,PL,אורביט ריפרשרס טרופיקל,גרמים,67.00,100 גרם,false,1,12.90,19.2537,true,1,54827
4011800567613,false,חטיף קורני מילק Corny milk שחור לבן,מיוצר עי קונדיטוריית,DE,חטיף קורני סנדוויץ שחור לבן מארז 4 יח,גרמים,120.00,100 גרם,false,1,13.90,11.5833,true,1,23276
4011800588212,false,מאגדת קורני אנרגי קפ,שוורטאוור וורקה,DE,מאגדת קורני אנרגי קפה רביעייה 100גרם,גרמים,100.00,100 גרם,false,4,17.90,17.9000,true,1,52632
4011800628512,false,חטיף דגנים עם שוקולד חלב,מיוצר עי קונדיטוריית,DE,קורני חטיף דגנים עם שוקולד חלב 6 יחידות 150 גרם,גרמים,150.00,100 גרם,false,1,13.90,9.2667,true,1,22700
4011800630515,false,חטיף דגנים עם שוקולד חלב ובננה,מיוצר עי קונדיטוריית,DE,קורני חטיף דגנים עם שוקולד חלב ובננה 175 גרם,גרמים,150.00,100 גרם,false,1,13.90,9.2667,true,1,22701
4011800633516,false,חטיף דגנים עם שוקולד מריר מעולה,שוורטאוור וורקה,DE,חטיף קורני שוקולד מריר מארז 6 יח,גרמים,138.00,100 גרם,false,1,13.90,10.0725,true,1,22697
4011800636517,false,חטיף קורני Corny Free עם שוקולד חלב,מיוצר עי קונדיטוריית,DE,חטיף קורני FREE שוקולד חלב מארז 6 יח,גרמים,120.00,100 גרם,false,1,13.90,11.5833,true,1,22699
4014400901191,false,בונבונירה מרסי קלאסי 250 גרם חלב נוכרי,אוגוסט שטורק,DE,בונבוניירה מרסי 250 גרם,גרמים,250.00,100 גרם,false,1,33.00,13.2000,true,1,915
4014400904277,false,סוכריות אייס פרש 425 ג',תות ממתקי איכות,DE,אייספרש 425 גרם (15 בקרטון),גרמים,425.00,100 גרם,false,1,19.90,4.6824,true,1,47443
4014400904307,false,סוכריות קליפורניה בטעמי פירות,קריניציה ויטמינה אס,DE,קליפורניה שקית 425 גר',גרמים,425.00,100 גרם,false,1,19.90,4.6824,true,1,47444
4014400904376,false,סוכריות טופי שוקולדן שטורק 325 ג',קריניציה ויטמינה אס,DE,סוכ.שטורק שוקולדן 325 גר,גרמים,326.00,100 גרם,false,1,19.90,6.1043,true,1,47442
4014400904390,false,סוכריות וולמילש ממולא ט.חלב 325גרם,קריניציה ויטמינה אס,DE,וולמילש 325 גר',גרמים,325.00,100 גרם,false,1,19.90,6.1231,true,1,42407
4014400923711,false,טופיפי 125 גר' - חלב נוכרי,אוגוסט שטורק,DE,בונבוניירה טופיפי שוקולד 125 גרם,גרמים,125.00,100 גרם,false,1,13.90,11.1200,true,1,41107
4014400925319,false,סוכריות וורטר פופקורן קרמל 140 גר',וורטרס Werther's,DE,חטיף פופקורן בציפוי קרמל,גרמים,140.00,100 גרם,false,1,16.90,12.0714,true,1,51853
4015400363002,false,טמפקס סופר 20 יח',פרוקטר & גמבל,DE,טמפקס סופר 20 יח,יחידה,20.00,יחידה,false,1,25.90,1.2950,true,1,55491
4015400363033,false,טמפקס רגולר 20 יח,פרוקטר & גמבל,DE,טמפקס רגולר 20 יח,יחידה,20.00,יחידה,false,1,25.90,1.2950,true,1,55492
4015400363064,false,טמפקס סופר פלוס 20 יח',פרוקטר & גמבל,DE,טמפקס סופר פלוס 20 יח,יחידה,20.00,יחידה,false,1,25.90,1.2950,true,1,55493
4015400498124,false,אולוויז תחבושת (ס) אולטרה נייט 18 יח',פרוקטל אנד גמבל,DE,תחבושות אולוויז אולטרה לילה 18 יח,יחידה,18.00,יחידה,false,1,21.90,1.2167,true,1,56175
4015400681670,false,תחבושות היגייניות אולטרה לילה בטוח,פרוקטר אנד גמבל,UA,תחבושות אולוויז לילה בטוח 18 יחידות,יחידה,18.00,יחידה,false,1,21.90,1.2167,true,1,27809
4015400731719,false,תחבושות היגייניות אולוויז יום ולילה Day & Night,פרוקטר אנד גמבל,UA,תחבושות אולווייז וליו פק לילה 20 יחידות,יחידה,20.00,יחידה,false,1,21.90,1.0950,true,1,29569
4015400755241,false,תחבושות היגייניות אולוויז אולטרה נורמל - 28 יח',פרוקטר אנד גמבל,UA,תחבושות אולוויז הגיינה נורמל 28 יחידות,יחידה,28.00,יחידה,false,1,21.90,0.7821,true,1,29570
4015600762742,false,שמפו יומיומי למניעת קשקשים הנוסחה הקלאסית,פרוקטר אנד גמבל,RO,"הד אנד שולדרס שמפו קלאסי 500 מ""ל",מיליליטרים,500.00,"100 מ""ל",false,1,25.90,5.1800,true,1,41658
4015600762780,false,שמפו וקונדישינר יומיומי למניעת קשקשים הנוסחה הקלאסית 2in1,פרוקטר אנד גמבל,RO,"הד אנד שולדרס 2 ב 1 קלאסי 500 מ""ל",מיליליטרים,500.00,"100 מ""ל",false,1,25.90,5.1800,true,1,41657
4015600762902,false,"שמפו מנטול הד אנד שולדרס 500 מ""ל",פרוקטר אנד גמבל,RO,"הד אנד שולדרס שמפו מנטול 500 מ""ל",מיליליטרים,500.00,"100 מ""ל",false,1,25.90,5.1800,true,1,41659
4015600762940,false,שמפו יומיומי למניעת קשקשים בניחוח תפוח,פרוקטר אנד גמבל,RO,"הד אנד שולדרס שמפו תפוח 500 מ""ל",מיליליטרים,500.00,"100 מ""ל",false,1,25.90,5.1800,true,1,41662
4015600763022,false,שמפו יומיומי למניעת קשקשים לשיער יבש/פגום לשיער רך כמשי,פרוקטר אנד גמבל,RO,"שמפו הד אנד שולדרס למניעת קשקשים 500 מ""ל",מיליליטרים,500.00,"100 מ""ל",false,1,25.90,5.1800,true,1,41660
4015600766900,false,"שמפו ומרכ ך נגד קשקשים 500 מ""ל הד אנד שולדרס",פרוקטל אנד גמבל,RO,"הד אנד שולדרס שמפו 2 ב1 מנטול 500 מ""ל",מיליליטרים,500.00,"100 מ""ל",false,1,25.90,5.1800,true,1,41656
4017100198151,false,עוגיות היט Hit קקאו במילוי קרם וניל,הדקלאים אגודת שיתופי,PL,בלזן היט וניל 220גרם,גרמים,220.00,100 גרם,false,1,10.90,4.9545,true,1,26761
4017100219900,false,וופל גלילי בלזן וופלטן שוקו' חלב 100ג',הדקלאים אגודת שיתופי,DE,ופל ופלטן מגולגל מצופה שוקולד 100 גרם,גרמים,100.00,100 גרם,false,1,12.90,12.9000,true,1,925
4017100290008,false,ביסקוויט בלזן ליבניץ שוקולד חלב 125 ג',הדקלאים אגודת שיתופי,DE,ביסקוויט בלזן מצופה שוקולד חלב 125 גרם,גרמים,125.00,100 גרם,false,1,12.90,10.3200,true,1,927
4017100364112,false,עוגיות היט Hit במילוי קרם בטעם שוקולד,הדקלאים אגודת שיתופי,PL,עוגיות היט קקאו 220 גרם,גרמים,220.00,100 גרם,false,1,10.90,4.9545,true,1,26771
4018722100133,false,אטריות כוסמין וביצים,אלב גולד,DE,אטריות כוסמין וביצים אורגניות,גרמים,250.00,100 גרם,false,1,17.90,7.1600,true,1,43781
4018722100157,false,פסטה פוזילי מקמח כוסמין מלא אורגני,האחים פלם הגפן,DE,פסטה פוזילי כוסמין מלא 250 גרם,גרמים,250.00,100 גרם,false,1,13.90,5.5600,true,1,43782
4018722100188,true,אטריות כוסמין ביצים,אלב גולד,DE,אטריות כוסמין ביצים רחבות 250 גרם,גרמים,250.00,100 גרם,false,1,17.90,7.1600,true,1,43720
4018722102632,true,ספגטי כוסמין מלא אור,האחים פלם הגפן,DE,כוסמין פסטה אורגנית,גרמים,500.00,100 גרם,false,1,18.90,3.7800,true,1,43783
4018722102656,true,ספגטי כוסמין אורגני,האחים פלם הגפן,DE,אלב גולד - ספגטי כוסמין אורגני 500 גרם,גרמים,500.00,100 גרם,false,1,18.90,3.7800,true,1,43784
4018722303459,true,מקרוני כוסמין אורגני,האחים פלם הגפן,DE,אלב גולד - מקרוני כוסמין אורגני,גרמים,250.00,100 גרם,false,1,13.90,5.5600,true,1,43785
4022025001752,true,יין בלו נאן מבעבע כש,,,"יין בלו נאן מבעבע כשר 750 מ""ל",מיליליטרים,750.00,"100 מ""ל",false,1,64.90,8.6533,true,1,54488
4022025001790,false,"בלו נאן מבעבע זהב כשר 750 מ""ל",היי סישל סוהן טראבן,DE,"יין בלו נאן 24K גולד מבעבע כשר 750 מ""ל",מיליליטרים,750.00,"100 מ""ל",false,1,64.90,8.6533,true,1,54492
4022025001905,false,יין בלו ווין מבעבע זהב כשר 750 מל,היי סישל סוהן טראבן,DE,"בלו ווין מבעבע זהב כשר 750 מ""ל",מיליליטרים,750.00,"100 מ""ל",false,1,64.90,8.6533,true,1,46025
4022025002087,false,"בלו נאן מבעבע רוזה זהב כשר 750 מ""ל",בלו נאן,DE,"24K יין בלו נאן רוזה מבעבע כשר 750 מ""ל",מיליליטרים,750.00,"100 מ""ל",false,1,64.90,8.6533,true,1,56133
4022025262009,false,יין בלו נאן גוורצטרמ,לנגוט טראבן,,"יין בלו נאן גוורצטרמינר כשר 750 מ""ל",מיליליטרים,750.00,"100 מ""ל",false,1,49.90,6.6533,true,1,54491
4022025773000,false,בלו נאן מוסקטו כשר 7,בלו נאן,DE,"בלו נאן מוסקטו כשר 750 מ""ל",מיליליטרים,750.00,"100 מ""ל",false,1,49.90,6.6533,true,1,54493
4032900111308,false,סיגריות ווינסטון קומ,Unknown,UA,סיגריות ווינסטון קומפקט סילבר בודד,לא מנהל יחידת מידה,0.00,לא מנהל יחידת מידה,false,1,29.20,0.0000,false,1,46777
4032900112824,false,כאמל קומפקט תכלת בהי,Unknown,,סיגריות כאמל קומפקט,יחידה,1.00,יחידה,false,1,27.20,27.2000,false,1,46901
4032900112879,false,סיגריות כאמל קומפקט,Unknown,,סיגריות כאמל קומפקט כחול בודד,יחידה,1.00,יחידה,false,1,27.20,27.2000,false,1,46900
4032900124254,false,וינסטון קומפקט ברי,Unknown,,וינסטון קומפקט ברי PP בודד,יחידה,1.00,יחידה,false,1,29.20,29.2000,false,1,50844
4033100014468,false,סיגריות אל די אדום ח,Unknown,,סיגריות אל די אדום חפיסה בודד,לא מנהל יחידת מידה,0.00,לא מנהל יחידת מידה,false,1,28.50,0.0000,false,1,17291
4033100014499,false,סיגריות אל די כחול ח,Unknown,,סיגריות אל די כחול חפיסה בודד,Unknown,0.00,Unknown,false,1,28.50,0.0000,false,1,16762
4033100014529,false,סיגריות אל די סלים ח,Unknown,,סיגריות אל די סלים חפיסה בודד,יחידה,1.00,יחידה,false,1,28.50,28.5000,false,1,16764
4033100024146,false,סיגריות וינסטון קוד,Unknown,,סיגריות וינסטון קוד חפיסה בודד,לא מנהל יחידת מידה,0.00,לא מנהל יחידת מידה,false,1,31.20,0.0000,false,1,20745
4033100024252,false,סיגריות וינסטון אקווה,Unknown,,סיגריות וינסטון אקווה חפיסה בודד,יחידה,0.00,יחידה,false,1,31.20,0.0000,false,1,20747
4033100038914,false,טבק כאמל צהוב + נייר גלגול 30ג',Unknown,,טבק לגלגול קאמל צהוב חפיסה30 גרם,גרמים,30.00,100 גרם,false,1,81.20,270.6667,false,1,22444
4033100047350,false,טבק לגלגול קאמל כחול,Unknown,,טבק לגלגול קאמל כחול חפיסה30 גרם,גרמים,30.00,100 גרם,false,1,81.20,270.6667,false,1,22445
4033100064036,false,טבק לגלגול וינסטון כחול 30ג',Unknown,,טבק לגלגול וינסטון כחול חפיסה30 גרם,גרמים,30.00,100 גרם,false,1,81.20,270.6667,false,1,26150
4043058008778,false,טבק לגלגול אמריקן ספ,Unknown,,טבק לגלגול אמריקן ספיריט כחול חבילה30גר,גרמים,30.00,100 גרם,false,1,88.20,294.0000,false,1,22469
4043058010412,false,טבק לגלגול אמריקן ספ,Unknown,,טבק לגלגול אמריקן ספיריט צהוב חבילה30גר,גרמים,30.00,100 גרם,false,1,88.20,294.0000,false,1,25982
4065698001056,false,דונטס בומיס פירות יע,,,דונטס בומיס פירות יער הדרים,גרמים,55.00,100 גרם,false,1,0.00,0.0000,true,1,56511
4066600999614,false,"בירה פאולנר 500 מ""ל בקבוק",מבשלת פאולנר,DE,"בירה פאולנר, בירת חיטה מעוננת, בקבוק 500 מ""ל",מיליליטרים,500.00,"100 מ""ל",false,1,13.50,2.7000,true,1,41468
4067700014849,false,ליקר ייגרייסטר 700 מ,מסט-יגרמייסטר,DE,ליקר ייגרמייסטר 700 מל,מיליליטרים,700.00,"100 מ""ל",false,1,99.90,14.2714,true,1,29312
4100130937163,false,מארז בירה בקס שישייה,"איי, בי, אינבוו",DE,בירה בקס 6 יחידות 1.65 ליטר,מיליליטרים,275.00,"100 מ""ל",false,1,34.90,12.6909,true,1,26655
4100470106700,true,חומץ תפוחים טבעי ואו,ברוקהרט,DE,נטורפוד חומץ תפוחים טבעי ואורגני,מיליליטרים,750.00,"100 מ""ל",false,1,26.90,3.5867,true,1,43721
4600659010854,false,וודקה סטולי בקבוק 70,איי. אס. לטבייאס בלז,LV,וודקה סטוליצ'ניה 40% כוהל 700 מל,מיליליטרים,700.00,"100 מ""ל",false,1,69.90,9.9857,true,1,13366
4600680010793,false,קיט קט גולד 4 אצבעות,נסטלה,RU,קיט קט גולד 4 אצבעות 41.5 גרם,גרמים,42.00,100 גרם,false,1,4.50,10.7143,true,1,52514
4603400000043,false,וודקה רוסקי סטנדרט ב,רוסקי סטנדרט וודקה,RU,"וודקה רוסקי סטנדרט בקבוק 700 מ""ל",מיליליטרים,700.00,"100 מ""ל",false,1,64.90,9.2714,true,1,21587
4603400000197,false,וודקה רוסקי סטנדרט ב,RUSSIAN STANDART,,"וודקה רוסקי סטנדרט בקבוק 500 מ""ל",מיליליטרים,500.00,"100 מ""ל",false,1,59.90,11.9800,true,1,17652
4603928000976,false,"וודקה בלוגה נובל 700 מ""ל+כוס",מרינסקי ליקרו-וודאצ',RU,"וודקה בלוגה נובל, 700 מ''ל",מיליליטרים,700.00,"100 מ""ל",false,1,139.90,19.9857,true,1,46004
4607012351005,false,גרעיני חמניות קלויים,"נארז ע""י : א.ג. גילר",RU,גרעיני חמניה קלויים מרטין 200 גרם,גרמים,200.00,100 גרם,false,1,13.90,6.9500,true,1,52260
4607012351999,false,גרעיני חמניות קלויים עם מלח,"נארז ע""י : א.ג. גילר",RU,גרעיני חמנייה במלח מרטין 200 גרם,גרמים,200.00,100 גרם,false,1,13.90,6.9500,true,1,52261
4607026530212,false,יורוסטנדרט כוסמת 900,אגרופרודקט,RU,כוסמת 900 גרם,גרמים,900.00,100 גרם,false,1,17.00,1.8889,true,1,17901
4607109409619,false,טבליות פיניש AIO MAX למדיח 25 יח',הדקלאים אגודת שיתופי,PL,טבליות למדיח כלים פיניש אול אין וואן 25 טבליות,גרמים,530.00,100 גרם,false,1,29.90,5.6415,true,1,41146
4640018993343,false,פיניש קואנטום קפסולות ג'יל רגיל 30 יחי,רקיט בנקיזר,PL,פיניש קוואנטום קפסולות למדיח 30 טבליות,גרמים,375.00,100 גרם,false,1,44.90,11.9733,true,1,51974
4640018993350,false,קפסולות למדיח פיניש קוואנטום לימון 30 יח',רקיט בנקיזר,PL,פיניש קוואנטום 30 יח קפסולות גיל לימון,גרמים,375.00,100 גרם,false,1,44.90,11.9733,true,1,51975
4710068001692,false,"מאסטר קפה לאטה פחית 240מ""ל",תאיט מרקטינג אנד דיס,,מאסטר קפה לאטה פחית,מיליליטרים,240.00,"100 מ""ל",false,1,8.50,3.5417,true,1,23148
4710068001715,false,"מאסטר קפה טרמיסו 240 מ""ל",יוני פרזינדנט אנטרפר,,מאסטר קפה טרמיסו פחית 240 מל,מיליליטרים,240.00,"100 מ""ל",false,1,8.50,3.5417,true,1,23150
4710068001739,false,"מאסטר קפה קולומביאני 240 מ""ל",יוני פרזינדנט אנטרפר,,מאסטר קפה משקה קפה קר קלאסיקו 240 מל,מיליליטרים,240.00,"100 מ""ל",false,1,8.50,3.5417,true,1,23149
4710068002798,false,"מאסטר קפה ונילה פחית 240מ""ל",מאיטה פוד אינדוסטריא,,מאסטר קפה לאטה פחית,מיליליטרים,240.00,"100 מ""ל",false,1,8.50,3.5417,true,1,47192
4710964170799,false,שומשום שחור קלוי 91 גרם,פלייבור פול פודס טיי,TH,מזרח ומערב שומשום שחור קלוי 91 גרם,גרמים,91.00,100 גרם,false,1,17.90,19.6703,true,1,54714
4740098098331,false,קוקטייל בלו לגון לה,אה לי קוק,EE,"קוקטייל בלו לגון 330 מ""ל",מיליליטרים,330.00,"100 מ""ל",false,1,12.20,3.6970,true,1,55324
4740098098355,false,קוקטייל לה קוק מוחיט,אה לי קוק,EE,"קוקטייל מוחיטו 330 מ""ל",מיליליטרים,330.00,"100 מ""ל",false,1,12.20,3.6970,true,1,55323
4740098098379,false,קוקטייל לה קוק מרגרי,אה לי קוק,EE,"קוקטייל מרגריטה 330 מ""ל",מיליליטרים,330.00,"100 מ""ל",false,1,12.20,3.6970,true,1,55322
4750021005725,false,וודקה סטולי כשר לפסח,פארייפאבה אגרואינדוס,LV,"וודקה סטולי כשל""פ לל""ג 40% בקבוק 700 מ""ל",מיליליטרים,700.00,"100 מ""ל",false,1,89.90,12.8429,true,1,43049
4779039730276,false,מרק עגבניות מוקרם או,גרביאי,LT,מרק עגבניות מוקרם אורגני אאוגה 400 גרם,גרמים,400.00,100 גרם,false,1,17.90,4.4750,true,1,51148
4779039730290,false,מרק אאוגה ירקות מינס,גרביאי,LT,מרק אאוגה ירקות מינסטרונה אורגני 400 גרם,גרמים,400.00,100 גרם,false,1,17.90,4.4750,true,1,51147
4779039730306,false,מרק אאוגה גזר עם קוק,,LT,מרק אאוגה גזר עם קוקוס אורגני 400 גרם,גרמים,400.00,100 גרם,false,1,17.90,4.4750,true,1,54361
4779039731143,false,מרק אאוגה עדשים אורג,גרביאי,LT,מרק אאוגה עדשים אורגני 400 גרם,גרמים,400.00,100 גרם,false,1,17.90,4.4750,true,1,51442
4779039731167,false,מרק דלורית ובטטה אורגני 400 גרם,גרביאי,LT,מרק אאוגה דלורית ובטטה אורגני 400 גרם,גרמים,400.00,100 גרם,false,1,17.90,4.4750,true,1,51149
4779039731914,false,אאוגה מרק שעועית ציל,,LT,אאוגה מרק שעועית צילי אורגני 400 גרם,גרמים,400.00,100 גרם,false,1,17.90,4.4750,true,1,56255
4792032060454,true,מי קוקוס אורגני גרין,בן טרה ג'וינט סטוק,DE,GREEN COCO מי קוקוס אורגני 330 מל,מיליליטרים,330.00,"100 מ""ל",false,1,9.90,3.0000,true,1,43773
4793000637005,false,מקלות קינמון ציילון,אינטרנשיונל קומודטי,DE,קינמון ציילוני אמיתי טחון אורגני,גרמים,50.00,100 גרם,false,1,19.90,39.8000,true,1,50603
4793000637012,false,קינמון ציילון אורגני,אינטרנשיונל קומודטי,DE,קינמון ציילון אורגני טחון 70 גרם נטורפוד,גרמים,70.00,100 גרם,false,1,17.90,25.5714,true,1,50604
4796019790013,false,שמן קוקוס אורגני גרי,כפרי בריא,,שמן קוקוס אורגני,מיליליטרים,300.00,"100 מ""ל",false,1,23.90,7.9667,true,1,42094
4796019790020,false,שמן קוקוס גרין קוקו,גרין קוקו,LK,"שמן קוקוס אורגני 500 מ""ל",מיליליטרים,500.00,"100 מ""ל",false,1,35.90,7.1800,true,1,43778
4796019790037,false,שמן קוקוס אורגני גרי,כפרי בריא,,שמן קוקוס אורגני,ליטרים,1.00,ליטר,false,1,49.90,49.9000,true,1,42096
4820229031311,false,"וודקה חורטיצה 700 מ""ל פלטינום",Global Gourmet Produ,UA,וודקה חורטיצה פלטינום 700 מל,מיליליטרים,700.00,"100 מ""ל",false,1,69.90,9.9857,true,1,55447
4860019001346,false,מים מינרליים בורזומי,אי די אס בורגומי,,"מים מינרלים בורג""ומי 500 מ""ל",מיליליטרים,500.00,"100 מ""ל",false,1,8.90,1.7800,true,1,18220
4860019001414,false,מים מינירליים בורגומ,אי.די.אס בורג'יומי,,"מים מינרלים בורגומי 750 מ""ל",מיליליטרים,750.00,"100 מ""ל",false,1,9.90,1.3200,true,1,23827
4860019001810,false,מים בורגומי פחית 330,אי די אס בורגומי,,מים בורגומי פחית 330 מל,מיליליטרים,330.00,"100 מ""ל",false,1,7.90,2.3939,true,1,50375
4891228430085,false,שיק אקסטרים 3 קומפורט + רגיש 4 יחידות,אנרג'יזר Energizer,CN,סכיני גילוח שייק אקסטרים 3 כחול רביעייה,לא מנהל יחידת מידה,0.00,לא מנהל יחידת מידה,false,1,21.90,0.0000,true,1,8278
4891228430092,false,שיק אקסטרים 3 קומפורט +לנשים 4 יחידות,אנרג'יזר Energizer,CN,שיק אקסטרים 3 סכיני גילוח לאישה לעור רגיש,לא מנהל יחידת מידה,0.00,לא מנהל יחידת מידה,false,1,21.90,0.0000,true,1,9264
5000111047364,true,HP ברביקיו דבש,ה.י. היינץ הולדינג ב,NL,HP ברביקיו דבש 465 גרם,גרמים,465.00,100 גרם,false,1,20.90,4.4946,true,1,47439
5000111047371,true,HP ברביקיו קלאסי,ה.י. היינץ הולדינג,NL,465 גרםHP ברביקיו קלאסי,גרמים,465.00,100 גרם,false,1,20.90,4.4946,true,1,47440
5000157143365,true,מתבל בטעם מיונז וקטש,תאי פרזידנט פוד פאבל,PL,מתבל בטעם מיונז וקטשופ היינץ 425 מל,מיליליטרים,425.00,"100 מ""ל",false,1,15.90,3.7412,true,1,49906
5000159376655,false,סוכריות סקיטלס 38 גר פירות 38 גרם,ריגלי ממתקים,,סוכריות סקיטלס פירות 38 גרם,גרמים,38.00,100 גרם,false,1,4.50,11.8421,true,1,21165
5000159376792,false,סוכריות סקיטלס Skittles פירות חמוצים,ריגלי ממתקים,,סוכריות סקיטלס חמוץ 38 גרם,גרמים,38.00,100 גרם,false,1,4.50,11.8421,true,1,21166
5000159407236,false,מרס חטיף שוקולד 51גר,מרס הולנד בי.וי.,NL,חטיף מרס 51 גרם,גרמים,51.00,100 גרם,false,1,4.90,9.6078,true,1,12956
5000159414197,false,מלטיזרס-כדורים פריכים בציפוי שוולד חלב 135 גרם,מרס שוקולד צ.אמריקה,NL,מלטיזרס 135גרם,גרמים,135.00,100 גרם,false,1,16.90,12.5185,true,1,55414
5000159459228,false,חטיף שוקולד טוויקס 50 ג',"נארז ע""י : א.ג. גילר",NL,חטיף טויקס 50 גרם,גרמים,50.00,100 גרם,false,1,4.90,9.8000,true,1,21372
5000159461122,false,חטיף שוקולד סניקרס 50 ג',"נארז ע""י : א.ג. גילר",NL,חטיף סניקרס שוקולד 50 גרם,גרמים,50.00,100 גרם,false,1,4.90,9.8000,true,1,21373
5000159500845,true,סלבריישן מארז מתנה 1,מארס,NL,סלבריישן מארז מתנה 196 גרם,גרמים,196.00,100 גרם,false,1,23.90,12.1939,true,1,56007
5000159541152,false,חטיף טוויקס לבן 46 ג,מרס.גי אם. בי אייץ,DE,טוייקס לבן 46 גרם,גרמים,46.00,100 גרם,false,1,4.90,10.6522,true,1,53456
5000168199245,false,שוקולד חלב מעולה בתוספת קרמל מלוח פיור גודייבה 90 ג',"אולקר מקבוצת פלאדיס,",TR,שוקולד חלב מעולה בתוספת חתיכות קרם קרמל מלוח,גרמים,90.00,100 גרם,false,1,15.90,17.6667,true,1,53698
5000213014905,false,בירה גינס פחית 440 מ,קרלסברג ישראל,IE,בירה גינס 330 מל,מיליליטרים,440.00,"100 מ""ל",false,1,19.20,4.3636,true,1,22442
5000267014234,false,וויסקי ג'וני ווקר רד לייבל Red label,ג'וני ווקר Johnnie walker,,"גוני ווקר אדום 700 מ""ל",מיליליטרים,700.00,"100 מ""ל",false,1,99.90,14.2714,true,1,23515
5000267015200,false,ויסקי גוני ווקר אדום,DIAGEO,,"ויסקי גוני ווקר אדום בקבוק 200 מ""ל",מיליליטרים,200.00,"100 מ""ל",false,1,39.90,19.9500,true,1,33830
5000267024202,false,ויסקי גוני ווקר בלאק,אלכוהול (איי.בי.בי),,"ויסקי ג""וני ווקר שחור בקבוק 700 מ""ל",מיליליטרים,700.00,"100 מ""ל",false,1,139.90,19.9857,true,1,27065
5000267025209,false,וויסקי גוני ווקר שחו,ג'ון ווקר ובניו,,"ג'וני ווקר בלאק לייבל ויסקי סקוטי, 200 מל",מיליליטרים,200.00,"100 מ""ל",false,1,49.90,24.9500,true,1,45779
5000277001019,false,ויסקי דיוארס ווייט ל,בקרדי מרטיני,GB,וויסקי דיוארס וויט לייבל 700מל,מיליליטרים,700.00,"100 מ""ל",false,1,99.90,14.2714,true,1,51745
5000289925440,false,גין גורדון בקבוק 700,אלכסנדר גורדון ושות',,"גין גורדון בקבוק 700 מ""ל",מיליליטרים,700.00,"100 מ""ל",false,1,99.90,14.2714,true,1,43166
5000291020706,false,גין טנקרי 750מל,צ'רלס טנקרי ושות',GB,טנקרי ג'ין יבש 750 מל,מיליליטרים,750.00,"100 מ""ל",false,1,139.90,18.6533,true,1,52603
5000299223031,false,"רום קפטן מורגן ספייס גולד 750 מ""ל",קפטן מורגן Captain Morgan,,קפטן מורגן ספייסד גולד 750 מל,מיליליטרים,700.00,"100 מ""ל",false,1,124.90,17.8429,true,1,43167
5000299609347,false,וויסקי גלנליווט Glenlivet,גורג וגיי גי סמית,GB,וויסקי גלנליווט פאונדרס רזרב 700 מל,מיליליטרים,700.00,"100 מ""ל",false,1,179.90,25.7000,true,1,56622
5000329002193,false,משקה ג'ין ביפאיטר 70,ג'יימס בורו,,"ג'ין ביפאיטר, 700 מ''ל",מיליליטרים,1.00,"100 מ""ל",false,1,109.90,10990.0000,true,1,47783
5000396037531,true,מקוויטיס ביסקויט מצו,קריניציה ויטמינה אס,,מקוויטיס ביסקויט מצו,Unknown,0.00,Unknown,false,1,12.90,0.0000,true,1,48483
5000396037944,true,מקוויטיס ביסקויט קלא,קריניציה ויטמינה אס,,"מקויטיס, ביסקוויט מקמח חיטה קלאסי 250 גרם",Unknown,0.00,Unknown,false,1,11.90,0.0000,true,1,48484
5010029000252,true,וויטביקס מקורי 430 ג,ויטהביקס לימיטד,,וויטביקס מקורי 430 גרם,גרמים,430.00,100 גרם,false,1,24.90,5.7907,true,1,53820
5010103800051,false,ויסקי J&B בקבוק 200,DIAGEO,,"ויסקי J&B בקבוק 200 מ""ל",מיליליטרים,200.00,"100 מ""ל",false,1,39.90,19.9500,true,1,33831
5010182997253,false,"רייד ארוסול קוטל ג''וקים - 300 מ""ל",אס.סי.ג'ונסון מידרכט,NL,"תרסיס רייד מקס קוטל חרקים 300 מ""ל",מיליליטרים,300.00,"100 מ""ל",false,1,25.90,8.6333,true,1,1222
5010182998847,false,"טואלט דאק נוזל לאסלה כחול 750 מ""ל",מיוצר עי קונדיטוריית,NL,ניקוי נוזל לאסלה,מיליליטרים,750.00,"100 מ""ל",false,1,13.90,1.8533,true,1,52040
5010232964211,false,דורקס EXTRA SAFE - קונדומים שקופים עבים,דורקס Durex,TH,קונדומים דורקס אקסטרא סייף 12 יחידות,לא מנהל יחידת מידה,0.00,לא מנהל יחידת מידה,false,1,39.90,0.0000,true,1,2486
5010232964228,false,דורקס THIN FEEL - קונדומים דקים להגברת התחושה,דורקס Durex,TH,"קונדמים קצר ולעניין, דק 12 יחידות",לא מנהל יחידת מידה,0.00,לא מנהל יחידת מידה,false,1,39.90,0.0000,true,1,2487
5010314048907,false,ויסקי מקאלן פיין 12,מקאלן דיסטילרי,GB,מקאלן וויסקי 12 שנה 700 מל,מיליליטרים,700.00,"100 מ""ל",false,1,269.90,38.5571,true,1,46120
5010314302863,false,וויסקי מקאלן דאבל קא,אדרינגטון,GB,"וויסקי מקאלן דאבל קאסק 700 מ""ל",מיליליטרים,700.00,"100 מ""ל",false,1,269.90,38.5571,true,1,52349
5010327000046,false,וויסקי גרנט'ס סקוטי,"איי, בי, אינבוו",,"ויסקי גרנטס 700 מ""ל",מיליליטרים,700.00,"100 מ""ל",false,1,89.90,12.8429,true,1,5012
5010327105215,false,וויסקי מאנקי שולדר Monkey Shoulder,וויליאם גרנט ובניו,GB,"ויסקי מנקי שולדר 700 מ""ל",מיליליטרים,700.00,"100 מ""ל",false,1,154.90,22.1286,true,1,53709
5010327258003,false,"גרנטס וויסקי 200מ""ל",וויליאם גרנט,GB,"גרנטס וויסקי 200מ""ל",מיליליטרים,200.00,"100 מ""ל",false,1,29.90,14.9500,true,1,54461
5010327399614,false,ויסקי גלנפידיך 12 שנ,ויליאם גראנט,GB,גלנפידיך 12 שנה 700 מל,מיליליטרים,700.00,"100 מ""ל",false,1,219.90,31.4143,true,1,55930
5010327755014,false,"ג'ין הנדריקס 700 מ""ל",וויליאם גרנט,GB,"גין הנדריקס 700 מ""ל",מיליליטרים,700.00,"100 מ""ל",false,1,154.90,22.1286,true,1,53711
5010677551281,false,"בקרדי בריזר לימון 275 מ""ל",בקרדי בריזר Bacardi Breezer,BE,"בריזר - משקה כוהלי מוגז בטעם לימון 275 מ""ל",מיליליטרים,275.00,"100 מ""ל",false,1,16.90,6.1455,true,1,1228
5010677551397,false,"בקרדי בריזר ליים 275 מ""ל בקבוק",בקרדי בריזר Bacardi Breezer,BE,"בריזר - משקה כוהלי מוגז בטעם ליים 275 מ""ל",מיליליטרים,275.00,"100 מ""ל",false,1,16.90,6.1455,true,1,25497
5010677552387,false,"בקרדי בריזר אננס 275 מ""ל בקבוק",בקרדי בריזר Bacardi Breezer,BE,"בריזר - משקה כוהלי מוגז בטעם אננס 275 מ""ל",מיליליטרים,275.00,"100 מ""ל",false,1,16.90,6.1455,true,1,1229
5010677554398,false,"בקרדי בריזר אבטיח 275 מ""ל בקבוק",בקרדי בריזר Bacardi Breezer,BE,"בריזר - משקה כוהלי מוגז בטעם אבטיח 275 מ""ל",מיליליטרים,275.00,"100 מ""ל",false,1,16.90,6.1455,true,1,1230
5010677714006,false,גין בומביי ספייר 700,בומביי ספיריטס,ES,ג'ין בומביי ספייר,מיליליטרים,700.00,"100 מ""ל",false,1,129.90,18.5571,true,1,46692
5010677850100,false,וודקה גריי גוס בקבוק,בקרדי מרטיני,FR,"וודקה גריי גוס בקבוק 700מ""ל",מיליליטרים,700.00,"100 מ""ל",false,1,139.90,19.9857,true,1,46596
5011007003005,false,"וויסקי ג'יימסון אירי מזוקק 700 מ""ל",אייריש דיסטילרז,IE,"וויסקי אירי, ג'יימסון, 700 מ''ל",מיליליטרים,700.00,"100 מ""ל",false,1,109.90,15.7000,true,1,4864
5011026108033,false,וויסקי אירי טולמור דיו,פארייפאבה אגרואינדוס,IE,טולמור דיו וויסקי אירי 700 מל,מיליליטרים,700.00,"100 מ""ל",false,1,99.90,14.2714,true,1,52070
5011417576922,false,דורקס גל סיכוך מתחמם,מיוצר עבור רקיט בנקי,TH,"דורקס ג'ל סיכוך מחמם 100 מ""ל",מיליליטרים,100.00,"100 מ""ל",false,1,59.90,59.9000,true,1,52876
5014271300429,false,סן דלפו מעדן משמש ללא סוכר 284גר,סנדלפור St.dalfour,FR,"מעדן משמש 284 גר """,גרמים,284.00,100 גרם,false,1,22.90,8.0634,true,1,47415
5014271310428,false,סן דלפו מעדן דבדבן שחור ללא סוכ 284 ג',המאפיה של הרמן,FR,מעדן דובדבנים שחורים סן דלפור 284 גרם,גרמים,284.00,100 גרם,false,1,22.90,8.0634,true,1,1233
5014271330426,false,"מעדן סנט דלפור אוכמניות לל""ס 284ג'",סנדלפור St.dalfour,FR,מעדן אוכמניות כחולות סן דלפור 284 גרם,גרמים,284.00,100 גרם,false,1,22.90,8.0634,true,1,1234
5014271350424,false,מעדן ארבע פירות סאנת דלפור 284 ג',המאפיה של הרמן,FR,מעדן ארבע פירות סן דלפור 284 גרם,גרמים,284.00,100 גרם,false,1,22.90,8.0634,true,1,2210
5014271400426,false,מעדן סנט דלפור תות שדה 284גר',המאפיה של הרמן,FR,מעדן תות שדה סן דלפור 284 גרם,גרמים,284.00,100 גרם,false,1,22.90,8.0634,true,1,1237
5014271795980,false,מעדן פרי חמוציות ואוכמניות,סנדלפור St.dalfour,FR,סנדלפור מעדן חמוציות ואוכמניות 284 גרם,גרמים,284.00,100 גרם,false,1,22.90,8.0634,true,1,47416
5017818800116,false,"משקה ד""ר פפר פחית 33",אורנג'ינה שוופס,FR,"ד""ר פפר פחית 330 מ""ל 24 יח",מיליליטרים,330.00,"100 מ""ל",false,1,6.50,1.9697,true,1,24928
5029053002408,false,נייר טואלט קלינקס פרימיום לבן - מארז 9 גלילים,קימברלי קלארק ישראל,IL,"קלינקס נייר טואלט דו שכבתי לבן, 9 גלילים",מטרים,27500.00,מטר,false,1,36.90,0.0013,true,1,1248
5029053510811,false,קוטקס - תחבושות אולטרה נורמל + כנפיים 30 יח',קימברלי קלארק,,קוטקס תחבושות עם כנפיים נורמל פלוס 30 יחידות,Unknown,0.00,Unknown,false,1,19.90,0.0000,true,1,4859
5029053510828,false,קוטקס - תחבושות אולטרה סופר + כנפיים 22 יח',קימברלי קלארק,,קוטקס תחבושות עם כנפיים סופר פלוס 22 יחידות,Unknown,0.00,Unknown,false,1,19.90,0.0000,true,1,1252
5029053578309,false,קופסת ממחטות אולטרה סופט 48 דף קלינקס,קימברלי,IL,קלינקס אולטרה סופט קוביה 48 דף,יחידה,1.00,יחידה,false,1,10.90,10.9000,true,1,54041
5035766044673,false,"סיידר תפוחים סטרונגבאו 330 מ""ל בקבוק",סטרונגבאו Strongbow,BE,סיידר תפוחים 5% אלכוהול סטרונגבאו 330 מל,מיליליטרים,330.00,"100 מ""ל",false,1,8.90,2.6970,true,1,23292
5038342162419,false,וויסקי סקוטי מק-איוו,קמבל מאייר,GB,וויסקי סקוטי מק-איוור 700מל,מיליליטרים,700.00,"100 מ""ל",false,1,59.90,8.5571,true,1,50228
5038483198032,false,דורקס PLEASURE ME - קונדומים עם צלעות רטט,דורקס Durex,TH,קונדומים דורקס פלגרמקס 12 יחידות,לא מנהל יחידת מידה,0.00,לא מנהל יחידת מידה,false,1,39.90,0.0000,true,1,10506
5038483207949,false,דורקס THIN FEEL קונדומים דקים במיוחד,דורקס Durex,TH,קונדומים דורקס אינימט פיל סיכה 12 יחידות,לא מנהל יחידת מידה,0.00,לא מנהל יחידת מידה,false,1,39.90,0.0000,true,1,4558
5038483574386,false,קונדומים דורקס פדרלי,רקיט בנקיזר הלת'קר,,קונדומים דורקס פדרלייט 3 * 12 יח,לא מנהל יחידת מידה,0.00,לא מנהל יחידת מידה,false,1,14.90,0.0000,true,1,14898
5038483578780,false,קונדומים דורקס עלית,רקיט בנקיזר הלת'קר,,קונדומים דורקס עלית 3 יחידות,לא מנהל יחידת מידה,0.00,לא מנהל יחידת מידה,false,1,14.90,0.0000,true,1,14961
5038483866566,false,דורקס ULTRA THIN FEEL - קונדומים דקים במיוחד לתחושה מוגברת,דורקס Durex,TH,קונדומים דקים דורקס אולטרה 12 יח,לא מנהל יחידת מידה,0.00,לא מנהל יחידת מידה,false,1,39.90,0.0000,true,1,17601
5056357900925,false,סניקרס חטיף חלבון חמאת בוטנים,מרס נדרלנד,US,סניקרס חמאת בוטנים 57 גרם,גרמים,59.00,100 גרם,false,1,17.90,30.3390,true,1,52225
5056357901427,false,חטיף חלבון m&m בטעם שוקולד,מארס,GB,חטיף חלבון m&m בטעם שוקולד,גרמים,51.00,100 גרם,false,1,17.90,35.0980,true,1,54064
5056357901441,false,חטיף חלבון m&m בטעם בוטנים,מארס,GB,חטיף חלבון בוטנים 15 חלבון 51 גרם m&m,גרמים,51.00,100 גרם,false,1,17.90,35.0980,true,1,54065
5056357903834,false,באונטי מעושר בחלבון 52 גרם,מארס יורק אנגליה,GB,חטיף באונטי 18גרם חלבון 52גרם,גרמים,52.00,100 גרם,false,1,17.90,34.4231,true,1,54498
5060221201391,false,גרנייד בטעם קרמל chaos,גרנייה,NL,chaosגרנייד בטעם קרמל60 גרם,גרמים,60.00,100 גרם,false,1,17.90,29.8333,true,1,54867
5060221201575,false,חטיף חלבון גרנייד בטעם קרם עוגיות,Unknown,GB,חטיף חלבון גרנייד קרם עוגיות 23 חלבון 60,גרמים,60.00,100 גרם,false,1,17.90,29.8333,true,1,54161
5060221201605,false,חטיף חלבון גרנייד בטעם באוני פאדג',Unknown,GB,חטיף חלבון גרנייד באוני פאדג 23 חלבון,גרמים,60.00,100 גרם,false,1,17.90,29.8333,true,1,54160
5060221201810,false,גרנייד בטעם שוקולד לבן עוגיות,גרנייה,NL,גרנייד שוקולד לבן עוגיות 60גרם,גרמים,60.00,100 גרם,false,1,17.90,29.8333,true,1,54869
5060221203753,false,חטיף חלבון גרנייד בטעם חמאת בוטנים,Unknown,GB,חטיף חלבון גרנייד חמאת בוטנים 21 חלבון,גרמים,60.00,100 גרם,false,1,17.90,29.8333,true,1,54159
5060221203937,false,גרנייד בטעם שוקוצ'יפס בצק עוגיות,גרנייה,NL,גרנייד שוקוציפס בצק עוגיות 60גרם,גרמים,60.00,100 גרם,false,1,17.90,29.8333,true,1,54868
5060221206860,false,חטיף חלבון בטעם קרמל מלוח ושוקולד 60 ג' Grenade,Unknown,GB,חטיף חלבון גרנייד קרמל מלוח 20 חלבון 60,גרמים,60.00,100 גרם,false,1,17.90,29.8333,true,1,54162
5060255492185,true,חול אוורקלין ריחני,מיוצר בהולנד עבור cb,NL,חול אוורקלין ריחני,קילוגרמים,5.00,"ק""ג",false,1,59.90,11.9800,true,1,44735
5060317320449,false,"UFIT - משקה חלבון בטעם שוקולד 500 מ""ל",לאקסה אס.אי,GB,"UFIT משקה חלבון בטעם שוקולד 500מ""ל",מיליליטרים,500.00,"100 מ""ל",false,1,19.90,3.9800,true,1,55400
5060317322122,false,"UFIT - משקה חלבון בטעם קרמל מלוח 330 מ""ל",לאקסה אס.אי,GB,UFIT משקה חלבון בטעם קרמל מלוח 330 מ,מיליליטרים,330.00,"100 מ""ל",false,1,14.90,4.5152,true,1,55396
5060317322146,false,"UFIT - משקה חלבוI בטעם שוקולד לבן 330 מ""ל",לאקסה אס.אי,GB,UFIT משקה חלבון בטעם שוקולד לבן 330מ,מיליליטרים,330.00,"100 מ""ל",false,1,14.90,4.5152,true,1,55397
5060317322368,false,"UFIT - משקה חלבון בטעם פאדג' בראוניז 330 מ""ל",לאקסה אס.אי,GB,UFIT משקה חלבון בטעם פאדג בראוניז 33,מיליליטרים,330.00,"100 מ""ל",false,1,14.90,4.5152,true,1,55398
5060319120023,true,תה קנמון - הייר ליבי,הייר ליבינג,GB,תה קינמון אורגני 40 גרם,גרמים,40.00,100 גרם,false,1,19.90,49.7500,true,1,43724
5060319120047,true,תה וורי ברי - הייר ל,אף.סי תבליני בגליל ב,GB,תה וורי ברי - הייר ליבינג,גרמים,40.00,100 גרם,false,1,19.90,49.7500,true,1,43725
5060319120078,true,תה הייר ליבינג סוויט,אף.סי תבליני בגליל ב,GB,תה הייר ליבינג סוויט דרימס 15 שקיקים,גרמים,40.00,100 גרם,false,1,19.90,49.7500,true,1,43726
5060319120115,true,תה ירוק אורגני-הייר,אף.סי תבליני בגליל ב,GB,הייר ליווינג תה ירוק אורגני 40 גרם,גרמים,50.00,100 גרם,false,1,19.90,39.8000,true,1,43728
5060319120153,true,תה קמומיל וניל-הייר,אף.סי תבליני בגליל ב,IL,תה קמומיל וניל-הייר ליבינג,גרמים,30.00,100 גרם,false,1,19.90,66.3333,true,1,43686
5060319129422,false,תה הייר ליבינג חליטת,אונלי נטורל פרודקטס,PT,חליטת צמחים אורגנית דיטוקס,גרמים,30.00,100 גרם,false,1,19.90,66.3333,true,1,50601
5060319129491,true,תה הייר ליבינג כורכו,אונלי נטורל פרודקטס,GB,הייר ליווינג חליטת כורכום אורגני 30 גרם,גרמים,30.00,100 גרם,false,1,19.90,66.3333,true,1,43731
5060402908248,false,סניקרס מועשר חלבון 12x55g,מרס נדרלנד,US,סניקרס פרוטאין 55 גרם,גרמים,59.00,100 גרם,false,1,17.90,30.3390,true,1,52226
5060402908286,false,מרס מועשר חלבון 12x59g,מרס נדרלנד,US,מארס פרוטאין 59 גרם,גרמים,59.00,100 גרם,false,1,17.90,30.3390,true,1,52223
5060402909542,false,מרס חטיף חלבון קרמל מלוח 12x59g,מרס נדרלנד,US,מארס קרמל מלוח 59 גרם,גרמים,59.00,100 גרם,false,1,17.90,30.3390,true,1,52224
5060412214124,true,אברקלין חול עפיזור מ,מיוצר בהולנד עבור cb,NL,"חול מתגבש בעל פיזור מופחת, 5 קג",קילוגרמים,5.00,"ק""ג",false,1,59.00,11.8000,true,1,53073
5060424705368,false,WARRIOR - חטיף חלבון קראנץ' בטעם קרמל מלוח,וורקווין,GB,WARRIOR חטיף קראנץ בטעם קרמל מלוח 64 גר,גרמים,64.00,100 גרם,false,1,14.90,23.2813,true,1,55172
5060424705511,false,WARRIOR - חטיף חלבון קראנץ' בטעם שוקולד וקוקוס,תעשיות מזון בלאבאן,US,WARRIOR חטיף חלבון קראנץ שוקולד וקוקוס,גרמים,64.00,100 גרם,false,1,14.90,23.2813,true,1,56184
5060424705535,false,WARRIOR -חטיף חלבון בטעם שוקולד מריר ובוטנים,Unknown,GB,WARRIORשוקולד מריר ובוטנים 20גר חלבון,גרמים,64.00,100 גרם,false,1,14.90,23.2813,true,1,54523
5060462260539,false,אצבעות וופל במילוי ק,,ES,אצבעות וופל במילוי קרם אגוזים מצופה שוקו,גרמים,45.00,100 גרם,false,1,16.90,37.5556,true,1,56475
5060462260683,false,אצבעות וופל במילוי ק,,ES,אצבעות וופל במילוי קרם אגוזים מצופה שוקו,גרמים,45.00,100 גרם,false,1,16.90,37.5556,true,1,56476
5060462261758,false,כדורי וופל קראנצים ב,,ES,כדורי וופל קראנצים במילוי קרם לוז מצופים,גרמים,45.00,100 גרם,false,1,16.90,37.5556,true,1,56477
5060517886486,false,"משקה אנרגיה מונסטר פח 500 מ""ל",מונסטר אנרג'י Monster Energy,RU,"מונסטר אנרג'י פח 500 מ""ל",מיליליטרים,500.00,"100 מ""ל",false,1,7.90,1.5800,true,1,49274
5060517886516,false,"משקה אנרגיה מונסטר זירו פח 500 מ""ל",מונסטר אנרג'י Monster Energy,RU,"מונסטר אנרג'י זירו פח 500 מ""ל",מיליליטרים,500.00,"100 מ""ל",false,1,7.90,1.5800,true,1,49275
5060639128051,false,"משקה אנרגיה מונסטר אולטרה פחית 500 מ""ל",מונסטר אנרג'י Monster Energy,RS,"מונסטר ULTRA פח 500 מ""ל",מיליליטרים,500.00,"100 מ""ל",false,1,7.90,1.5800,true,1,50821
5060639129102,false,"משקה אנרגיה מונסטר מנגו פח 500 מ""ל",מונסטר אנרג'י Monster Energy,RS,"מונסטר Mango Loco פח 500 מ""ל",מיליליטרים,500.00,"100 מ""ל",false,1,7.90,1.5800,true,1,52071
5060751218173,false,"משקה אנרגיה מונסטר Pipline punch פח 500 מ""ל",Monster energy סרביה,IE,"מונסטר פייפליין פאנץ' פח 500 מ""ל",מיליליטרים,500.00,"100 מ""ל",false,1,7.90,1.5800,true,1,55106
5060751219033,false,"משקה אנרגיה מונסטר ULTRA PARADISE פח 500 מ""ל",Monster energy סרביה,IE,"מונסטר ULTRA PARADISE פח 500 מ""ל",מיליליטרים,500.00,"100 מ""ל",false,1,7.90,1.5800,true,1,55107
5060756342781,false,WARRIOR-חטיף חלבון בטעם קרם עוגיות,Unknown,GB,WARRIOR קרם עוגיות 20גר חלבון 64גרם,גרמים,64.00,100 גרם,false,1,14.90,23.2813,true,1,54524
5060756343702,false,WARRIOR - חטיף חלבון קראנץ' שוקולד מריר פטל,תעשיות מזון בלאבאן,US,WARRIORחטיף חלבון קראנץ פטל שוקולד מריר,גרמים,64.00,100 גרם,false,1,14.90,23.2813,true,1,56185
5099873017623,false,"גק דניאלס טנסי אפל 700 מ""ל",ג'ק דניאלס Jack Daniel's,BE,ליקר טנסי קינמון על בסיס ג'ק דניאל'ס,מיליליטרים,700.00,"100 מ""ל",false,1,129.90,18.5571,true,1,52072
5099873038758,false,וויסקי ג'נטלמן ג'ק Gentleman Jack,ג'ק דניאלס Jack Daniel's,US,"ג'נטלמן ג'ק 700 מ""ל",מיליליטרים,700.00,"100 מ""ל",false,1,149.90,21.4143,true,1,51741
5200133120476,false,גלילות וופלים ממולאים קרם אגוזים וקקאו 400 ג',יוניליוור גרמניה Gm,GR,גליליות וופלים 400 גרם אגוזים וקקאו,גרמים,400.00,100 גרם,false,1,19.90,4.9750,true,1,44818
5201004020338,false,קפריס וופל רול ממולא קרם אגוזי לוז 400 ג',פפדופולוס,GR,קפריס רולס קלאסיק 400 גרם,גרמים,400.00,100 גרם,false,1,21.90,5.4750,true,1,47562
5201484021009,false,אוזו סאנס ריבל 700 מ,san rival,GR,"אוזו סאן ריבל 700 מ""ל",מיליליטרים,700.00,"100 מ""ל",false,1,89.90,12.8429,true,1,51730
5201940010110,false,זיתים שחורים מזן קלמטה בפח 454 ג',סיוארס אס.איי,GR,זיתים שחורים טבעיים קלמטה 454 גרם,גרמים,454.00,100 גרם,false,1,16.90,3.7225,true,1,15709
5201940040117,false,זיתים ירוקים במלח דב,סוילה,GR,זיתים ירוקים במלח דברים טובים סגל 700 גר,גרמים,700.00,100 גרם,false,1,18.90,2.7000,true,1,56178
5201940050123,false,זיתים ירוקים ללא גלע,סוילה,GR,זיתים ירוקים במלח ללא גלעין דברים טובים סגל 700 ג,גרמים,700.00,100 גרם,false,1,18.90,2.7000,true,1,56179
5202302000039,true,זיתים שחורים טבעיים,לילייה פודס,GR,זיתים שחורים טבעיים קלמטה ליליה 275 גרם,גרמים,275.00,100 גרם,false,1,18.90,6.8727,true,1,43732
5202390014239,false,גבינה צהובה טבעונית עשבי תיבול ויאו לייף 200 ג',פרוטרופיק סיה.,GR,צהובה עשבי תיבול טבעוני 200 גרם ויולייף,גרמים,200.00,100 גרם,false,1,24.90,12.4500,true,1,43332
5202390015618,false,גבינה צהובה טבעונית אורגינל ויאו לייף 200 ג',אריביה אס.אי. 57022,GR,צהובה אורגינל טבעוני 200 גרם ויולייף,גרמים,200.00,100 גרם,false,1,24.90,12.4500,true,1,41097
5202795080709,false,אוזו מטקסה Ouzo Metaxa,פארייפאבה אגרואינדוס,GR,"הכרם אוזו מטקסה, 700 מל",מיליליטרים,700.00,"100 מ""ל",false,1,89.90,12.8429,true,1,46403
5208049001452,false,טבק גולדן וירגיניה י,Unknown,,גולדן ירוק 30 ג+ נייר PP פקט חפיסה,יחידה,1.00,יחידה,false,1,69.90,69.9000,false,1,48501
5208049002473,false,קנט ארוך קופסא בודדת,Unknown,,סיגריות קנט ארוך חפיסה בודד PP,יחידה,1.00,יחידה,false,1,37.80,37.8000,false,1,48157
5391523058063,false,סימילאק אדבנס פלוס 1 תרכובת מזון על בסיס חלב,טרופיקל דגיל תעשיות,IE,סימילאק אדבנס פלוס 700 שלב1,גרמים,700.00,100 גרם,false,1,69.90,9.9857,true,1,45413
5410076933129,false,אריאל שושן צחור שקית,פרוקטר אנד גמבל,TR,"אבקת כביסה אריאל שושן צחור 3 ק""ג",קילוגרמים,3.00,"ק""ג",false,1,39.90,13.3000,true,1,27489
5410126006360,false,לוטוס עוגיות סנדוויץ' במילוי לוטוס 150 גר',לוטוס ביקרי בלגיה נ.,BE,לוטוס עוגיות סנדוויץ במילוי לוטוס 150 גר,גרמים,150.00,100 גרם,false,1,10.90,7.2667,true,1,54068
5410126006377,false,לוטוס עוגיות סנדוויץ במילוי וניל 150 גרם,לוטוס ביקרי בלגיה נ.,BE,לוטוס עוגיות סנדוויץ במילוי וניל 150 גרם,גרמים,150.00,100 גרם,false,1,10.90,7.2667,true,1,54069
5410126106022,false,לוטוס מארז חגים 250X2 גר',לוטוס בייקרי,BE,מארז חגים לוטוס 2 250 גרם,גרמים,250.00,100 גרם,false,1,23.90,9.5600,true,1,55776
5410126106183,false,ביסקוויט קרמל 312גרם 50יח,כלורוקס אוקלנד,BE,"ביסקויט קרמל 312 גרם בד""צ 50 יח ארוז בנפ",גרמים,312.00,100 גרם,false,1,22.90,7.3397,true,1,2236
5410126116953,false,ממרח עוגיות קרמל 400 ג' לוטוס,לוטוס בייקרי בלגיה נ,BE,לוטוס ממרח עוגיות קרמל 400 גרם,גרמים,400.00,100 גרם,false,1,24.50,6.1250,true,1,21326
5410126126020,false,לוטוס ביסקוויט בטעם קרמל מארז זוג * 250 גרם,,,מארז שבועות עוגיות לוטוס250גרם,גרמים,250.00,100 גרם,false,1,23.90,9.5600,true,1,52858
5410126716016,false,"ביסקוויט בטעם קרמל לוטוס בד""צ 250 ג'",לוטוס ביקרי בלגיה,BE,"ביסקויט בטעם קרמל לוטוס 250 גרם בד""צ",גרמים,250.00,100 גרם,false,1,12.90,5.1600,true,1,1347
5410126726947,false,ממרח עוגיות לוטוס קראנץ' 380 גרם,לוטוס בייקרי בלגיה נ,BE,ממרח עוגיות לוטוס קראנץ',גרמים,380.00,100 גרם,false,1,24.50,6.4474,true,1,23179
5410228142089,false,בירה לף לונד בלונד 3,קרלסברג יבוא יצוא,,"בירה לף בלונד בקבוק 330 מ""ל",מיליליטרים,330.00,"100 מ""ל",false,1,11.90,3.6061,true,1,55383
5410228146162,false,בירה לף לונד בראון 3,קרלסברג יבוא יצוא,BE,"בירה לף ברון בקבוק 330 מ""ל",מיליליטרים,330.00,"100 מ""ל",false,1,11.90,3.6061,true,1,13766
5410228217732,false,פחית בירה סטלה ארטואה,מנדלז סי.אר. פרודקשן,BE,בירה סטלה ארטואה בפחית 440 מל,מיליליטרים,440.00,"100 מ""ל",false,1,14.90,3.3864,true,1,52073
5410228267508,false,באדווייזר בירה בקבוק,"איי, בי, אינבוו",,בירה באדוויזר,מיליליטרים,330.00,"100 מ""ל",false,1,9.50,2.8788,true,1,47793
5410228267515,false,בירה באדוויזר שישייה,באדווייזר Budweiser,,בירה באדוויזר,ליטרים,1.98,ליטר,false,1,37.90,19.1414,true,1,47792
5410316233446,false,וודקה סמירנוף אדום 2,דיאג'ו סקוטלנד בעמ,,סמירנוף וודקה 200 מל,מיליליטרים,200.00,"100 מ""ל",false,1,29.90,14.9500,true,1,45780
5410316983693,false,"אייס סמירנוף בודד 275 מ""ל",סמירנוף אייס Smirnoff ice,IT,סמירנוף אייס,מיליליטרים,275.00,"100 מ""ל",false,1,13.90,5.0545,true,1,2131
5410316994019,false,"וודקה סמירנוף אדום 700מ""ל",דיאג'ו אופריישנס איט,US,סמירנוף וודקה 700 מל,מיליליטרים,700.00,"100 מ""ל",false,1,69.90,9.9857,true,1,23427
5410769100081,false,בירה לה שוף בקבוק 33,"איי, בי, אינבוו",BE,לה שוף בירה חזקה ומעוננת 330 מל,מיליליטרים,330.00,"100 מ""ל",false,1,17.90,5.4242,true,1,38595
5410769800097,false,בירה צרי שוף 8% בקבו,פארייפאבה אגרואינדוס,BE,"בירה צרי שוף 8% בקבוק 330 מ""ל",מיליליטרים,330.00,"100 מ""ל",false,1,17.90,5.4242,true,1,42926
5411081003654,false,בירה קסטיל רוז 330 מ,מבשלת קסטל ואן הונסב,BE,בירה קסטל רוזי 330,מיליליטרים,330.00,"100 מ""ל",false,1,12.90,3.9091,true,1,45327
5411188081852,false,אלפרו משקה סויה בטעם וניל 1 ל',הנסיך- מפעל לייצור ט,BE,משקה סויה אלפרו וניל 1 ליטר,ליטרים,1.00,ליטר,false,1,15.90,15.9000,true,1,23165
5411188094159,false,מעדן סויה שוקולד בלגי אלפרו 4*125 ג',הנסיך- מפעל לייצור ט,BE,אלפרו מעדן סויה שוקולד מריר 4*125מל,גרמים,500.00,100 גרם,false,1,19.90,3.9800,true,1,9512
5411188110835,false,אלפרו חלב סויה שקדים וניל 1ל',הנסיך- מפעל לייצור ט,BE,אלפרו משקה שקדים 1ל,ליטרים,1.00,ליטר,false,1,15.90,15.9000,true,1,21434
5411188112549,false,אלפרו משקה אורז 1 ליטר,הנסיך- מפעל לייצור ט,BE,אלפרו משקה אורז 1ל,ליטרים,1.00,ליטר,false,1,15.90,15.9000,true,1,23233
5411188112709,false,משקה אלפרו שקדים ללא סוכר 1 ליטר,הנסיך- מפעל לייצור ט,BE,אלפרו משקה שקדים ללס 1ל,ליטרים,1.00,ליטר,false,1,15.90,15.9000,true,1,46561
5411188115366,false,אלפרו משקה שיבולת שועל 1 ליטר,הנסיך- מפעל לייצור ט,BE,אלפרו משקה שיבולת שועל 1 ליטר,ליטרים,1.00,ליטר,false,1,15.90,15.9000,true,1,53989
5411188115472,false,אלפרו משקה סויה 1 ליטר,הנסיך- מפעל לייצור ט,BE,אלפרו משקה סויה 1ל,ליטרים,1.00,ליטר,false,1,15.90,15.9000,true,1,51109
5411188118732,false,אלפרו חלב משקה קוקוס שקדים 1 ל',הנסיך- מפעל לייצור ט,BE,אלפרו משקה שקדים קוקוס 1ל,ליטרים,1.00,ליטר,false,1,15.90,15.9000,true,1,27769
5411188120742,false,אלפרו חלב משקה שקדים בטעם וניל 1 ל',הנסיך- מפעל לייצור ט,BE,אלפרו משקה שקדים וניל 1ל,ליטרים,1.00,ליטר,false,1,15.90,15.9000,true,1,27768
5411188121923,false,"אלפרו משקה סויה סידן מארז 250X3מ""ל",הנסיך- מפעל לייצור ט,BE,אלפרו משקה סויה 3*250מל,מיליליטרים,750.00,"100 מ""ל",false,1,15.90,2.1200,true,1,43047
5411188124726,false,אלפרו משקה שיבולת שועל שקדים 1 ל',הדקלאים אגודת שיתופי,BE,אלפרו משקה ש.שועל שקדים1ל,ליטרים,1.00,ליטר,false,1,15.90,15.9000,true,1,42934
5411188127697,false,משקה בריסטה שיבולת שועל 1ל' אלפרו,הנסיך- מפעל לייצור ט,BE,אלפרו בריסטה שיבולת שועל 1ל,ליטרים,1.00,ליטר,false,1,15.90,15.9000,true,1,51111
5411188134985,false,אלפרו 3.5% NOT M*LK שיבולת שועל 1 ליטר בית יוסף,הנסיך- מפעל לייצור ט,BE,3.5%שומן NOT MILK אלפרו שבולת שועל 1 לי,ליטרים,1.00,ליטר,false,1,14.90,14.9000,true,1,53662
5411188135005,false,אלפרו 1.8% NOT M*LK שיבולת שועל 1 ליטר בית יוסף,הנסיך- מפעל לייצור ט,BE,1.8%שומן NOT MILK אלפרו שבולת שועל 1 לי,ליטרים,1.00,ליטר,false,1,14.90,14.9000,true,1,53380
5411188300328,false,"אלפרו משקה סויה שוקו 500מ""ל",הנסיך- מפעל לייצור ט,BE,אלפרו משקה סויה שוקו 1ל,ליטרים,1.00,ליטר,false,1,15.90,15.9000,true,1,23167
5411188543398,false,משקה סויה ללא סוכר 1 ל' אלפרו,הנסיך- מפעל לייצור ט,BE,אלפרו משקה סויה ללס 1ל,ליטרים,1.00,ליטר,false,1,15.90,15.9000,true,1,51112
5411616002190,false,בירה מרטינס סטרונג 8,מבשלת מרטנס,BE,"בירה Strong מרטנס 500 מ""ל 8.5%",מיליליטרים,500.00,"100 מ""ל",false,1,7.90,1.5800,true,1,43169
5411616133245,false,בירה מרטנס לאגר פחית,מבשלת מרטנס,BE,"בירה מרטנס ירוק פרימיום 500 מ""ל 5%",מיליליטרים,500.00,"100 מ""ל",false,1,7.90,1.5800,true,1,43162
5411616148546,false,בירה מרטנס גולד פחית,מבשחת מרטנס,BE,בירה מרטנס גולד 500מל 6.5%,מיליליטרים,500.00,"100 מ""ל",false,1,7.90,1.5800,true,1,43161
5411681014005,false,בירה דובל בקבוק 330,פארייפאבה אגרואינדוס,IL,"בירה דובל בקבוק 330 מ""ל",מיליליטרים,330.00,"100 מ""ל",false,1,17.90,5.4242,true,1,17360
5411681038001,false,בירה מרדסוס טריפל חז,"איי, בי, אינבוו",BE,בירה מרדסו 10% כוהל 330 מל,מיליליטרים,330.00,"100 מ""ל",false,1,17.90,5.4242,true,1,27754
5411686700118,false,בירה ליפמנס קריק ברו,לפימנס,BE,"בירה ליפמנס קריק ברוט בקבוק 250 מ""ל",מיליליטרים,250.00,"100 מ""ל",false,1,11.90,4.7600,true,1,27827
5413149655522,false,"אבקת כביסה שושן צחור 1.25 ק""ג אריאל",פרוקטר אנד גמבל,,איראל אבקת כביסה שושן צחור 1.25 קג,קילוגרמים,1.25,"ק""ג",false,1,19.90,15.9200,true,1,14928
5413149922938,false,"אריאל אבקת כביסה שושן צחור, 5 ק""ג",פרוקטר אנד גמבל,,"אריאל שושן צחור 5 ק""ג",קילוגרמים,6.00,"ק""ג",false,1,49.90,8.3167,true,1,27354
5413548280189,false,קינדר שוקובון 125 גרם,פררו,BE,חטיף קינדר שוקו בון 125 גרם,גרמים,125.00,100 גרם,false,1,15.90,12.7200,true,1,17965
5600286004089,false,תפוחונים אורגניים חמ,נטורפוד,PT,תפוחונים אורגניים חמצמץ 40 גרם נטורפוד,גרמים,40.00,100 גרם,false,1,9.90,24.7500,true,1,50600
5601010111035,false,סרדינים בשמן זית רמי,רמירז קונסרב,PT,שימורי סרדינים בשמן זית,גרמים,125.00,100 גרם,false,1,12.90,10.3200,true,1,21893
5601010211070,false,סרדינים במי מלח רמיר,רמירז קונסרב,PT,שימורי סרדינים במי מלח 100 גרם,גרמים,125.00,100 גרם,false,1,11.50,9.2000,true,1,21934
5601010211087,false,סרדינים פילה בשמן זי,רמירז קונסרב,PT,שימורי סרדינים(פילה)בשמן זית,גרמים,100.00,100 גרם,false,1,13.50,13.5000,true,1,21935
5601045300022,false,משקה גוארנה אנטרטיקה,סומול וקומפל אס.איי,PT,"גוארנה אנטרטיקה פחית צרה 330 מ""ל",מיליליטרים,330.00,"100 מ""ל",false,1,6.50,1.9697,true,1,11935
5701932026964,false,פופקורן להכנה במיקרוגל בטעם טבעי 6 שקיות,הוט פופ Hot pop,US,פופקורן עם מלח הוטפופ 600 גרם,גרמים,600.00,100 גרם,false,1,16.90,2.8167,true,1,1440
5701932026971,false,פופקורן להכנה במיקרוגל בטעם חמאה 6 שקיות,הוט פופ Hot pop,US,הוט חמאה 600 ג') ב(12,גרמים,600.00,100 גרם,false,1,16.90,2.8167,true,1,1441
5701932026995,false,פופקורן להכנה במיקרוגל בטעם טבעי מופחת שומן 6 שקיות,קריניציה ויטמינה אס,US,פופקורן לייט טבעי הוטפופ 510 גרם,גרמים,510.00,100 גרם,false,1,16.90,3.3137,true,1,1442
5710840209437,false,טבק באלי נטורל 40גר,Unknown,,באלי נטוראל 40 גר,גרמים,40.00,100 גרם,false,1,100.00,250.0000,true,1,48883
5710840210013,false,טבק באלי לבן40גר,Unknown,,באלי לבן 40 גר,גרמים,40.00,100 גרם,false,1,100.00,250.0000,true,1,48882
5711953106606,false,גבינת שמנת עם תבלינים ועשבי תיבול 23.5%,ארלה פודס אמבה,DK,ארלה גבינת שמנת עשבי תיבול,גרמים,200.00,100 גרם,false,1,17.90,8.9500,true,1,48033
5740900403215,true,ממרח לורפק עם מלח 25,ארלה פודס אמבה,DK,ממרח לורפק עם מלח 250,גרמים,250.00,100 גרם,false,1,18.90,7.5600,true,1,45487
5740900403222,true,ממרח לורפק עם מלח מו,ארלה פודס אמבה,DK,ממרח לורפק עם מלח מופחת שומן,גרמים,250.00,100 גרם,false,1,20.90,8.3600,true,1,45488
5740900403239,true,ממרח לורפק ללא מלח 2,ארלה פודס אמבה,DK,ממרח לורפק בלי מלח 250,גרמים,250.00,100 גרם,false,1,20.90,8.3600,true,1,45489
5740900403864,false,חמאה +מלח 200 גרם לורפק כשרות או קיי,ארלה פודס אמבה,DK,לורפק חמאה עם מלח 200 גרם,גרמים,200.00,100 גרם,false,1,12.90,6.4500,true,1,53535
5900020012814,false,דגני בוקר בטעם שוקולד נסקוויק Nesquik,מיוצר עי קונדיטוריית,PL,דגני בוקר נסקוויק 500 גרם,גרמים,500.00,100 גרם,false,1,27.90,5.5800,true,1,15871
5900020026552,false,דגני בוקר האני נאט צ'יריוס בטעם דבש ושקדים,נסטלה צרפת איטנקורט,FR,דגני האני נאט ציריוס 625 גרם,גרמים,625.00,100 גרם,false,1,27.90,4.4640,true,1,28563
5900617035882,false,חטיף חלבון נוטרישיין בטעם שוקולד,גרנייה,NL,חטיף חלבון נוטרישיין שוקולד50גרם,גרמים,50.00,100 גרם,false,1,12.90,25.8000,true,1,54871
5900617035905,false,גו און חטיף חלבון עם קרמל ובוטנים ללא סוכר 50 ג',גרנייה,NL,חטיף חלבון נוטרישיין קרמל מלוח 50גרם,גרמים,50.00,100 גרם,false,1,12.90,25.8000,true,1,54870
5900617035929,false,חטיף חלבון נוטרישיין בטעם וניל תות יער,גרנייה,NL,חטיף חלבון נוטרישיין וניל תות יער 50גרם,גרמים,50.00,100 גרם,false,1,12.90,25.8000,true,1,54872
5900907000583,false,מלפפון בחומץ בצנצנת,ברצה אורבנק,PL,מלפפונים בחומץ 920גרם,גרמים,920.00,100 גרם,false,1,16.90,1.8370,true,1,56260
5900907000965,false,פטיסון בחומץ 910 גרם,אורבנק,PL,פטיסון בחומץ 910 גרם,גרמים,910.00,100 גרם,false,1,21.90,2.4066,true,1,56268
5900907001429,false,אסורטי 920 גרםURBAN,יושלם,,אסורטי 910גרם,גרמים,910.00,100 גרם,false,1,16.90,1.8571,true,1,56261
5900907001450,false,מלפפונים במלח 900 גר,אורבנק,PL,מלפפון במלח 910 גרם,גרמים,910.00,100 גרם,false,1,16.90,1.8571,true,1,56267
5900907001597,false,כרוב כבוש עם גזר 900,אורבנק,PL,כרוב כבוש עם גזר 900 גרם,גרמים,900.00,100 גרם,false,1,16.90,1.8778,true,1,56269
5900951283963,false,חטיף סניקרס עם חמאת בוטנים Creamy Peanut Butter,סנו מפעלי ברונוס.,PL,dro סניקרס קרימי ח.בוטנים 36.5,גרמים,37.00,100 גרם,false,1,4.90,13.2432,true,1,54607
5902047174209,false,פילטר סילבר סטאר 5.3,,,"פילטר סילבר סטאר 5.3מ""מ קצר",יחידה,1.00,יחידה,false,1,5.00,5.0000,true,1,54929
5902047174223,false,פילטר סילסר סטאר 5.3,,,"פילטר סילסר סטאר 5.3מ""מ ארוך",יחידה,1.00,יחידה,false,1,5.00,5.0000,true,1,54930
5902047174247,false,"פילטר סילבר סטאר 6מ""",,,"פילטר סילבר סטאר 6מ""מ קצר",יחידה,1.00,יחידה,false,1,5.00,5.0000,true,1,54932
5902047174261,false,"פילטר סילבר סטאר 6מ""",,,"פילטר סילבר סטאר 6מ""מ ארוך",יחידה,1.00,יחידה,false,1,5.00,5.0000,true,1,54931
5902198160403,false,"משקה אנרגיה XL TEN פחית לל""ס 250מ""ל","טמפו משקאות בע""מ",IL,"משקה אנרגיה XL TEN פחית 250 מ""ל",מיליליטרים,250.00,"100 מ""ל",false,1,5.50,2.2000,true,1,41802
5904941750312,false,"משקה אנרגיה BLU מוחיטו 250 מ""ל",אקו - ביט,PL,בלו משקה אנרגיה מוגז 250 מל,מיליליטרים,250.00,"100 מ""ל",false,1,4.50,1.8000,true,1,21297
5904941751241,false,"משקה אנרגיה BLU דיי סיקס ללא סוכר 250 מ""ל",אקו - ביט,PL,בלו משקה אנרגיה מוגז 250 מל,מיליליטרים,250.00,"100 מ""ל",false,1,4.50,1.8000,true,1,50832
5904941751302,false,"משקה אנרגיה בלו 250 מ""ל- בודד",אקו - ביט,PL,בלו משקה אנרגיה מוגז 250 מל,מיליליטרים,250.00,"100 מ""ל",false,1,4.50,1.8000,true,1,13174
5904941751524,false,"משקה אנרגיה BLU דיי אבטיח 250 מ""ל",אקו - ביט,PL,בלו משקה אנרגיה מוגז 250 מל,מיליליטרים,250.00,"100 מ""ל",false,1,4.50,1.8000,true,1,21298
5904941751715,false,"משקה אנרגיה בלו קרנברי 250 מ""ל -בודד",אקו - ביט,PL,בלו משקה אנרגיה מוגז 250 מל,מיליליטרים,250.00,"100 מ""ל",false,1,4.50,1.8000,true,1,17024
5904941751920,false,בלו משקה אנרגיה דיי חצי מכמות הקלו250 מל,אקו - ביט,PL,בלו משקה אנרגיה מוגז 250 מל,מיליליטרים,250.00,"100 מ""ל",false,1,4.50,1.8000,true,1,20438
5904941752262,false,"משקה אנרגיה BLU לימון סיקס ללא סוכר 250 מ""ל",אקווה ויט,PL,בלו משקה אנרגיה מוגז 250 מל,מיליליטרים,250.00,"100 מ""ל",false,1,4.50,1.8000,true,1,50831
5905643070852,false,פטל בסירופ קל 400 גר,,PL,פטל בסירופ קל 400 גרם,גרמים,400.00,100 גרם,false,1,12.90,3.2250,true,1,56263
5905643070869,false,אוכמניות כחולות בסיר,"קזברוק,ג'.א. קסול",PL,אוכ כחולות בסירופ קל 400 גרם,גרמים,400.00,100 גרם,false,1,12.90,3.2250,true,1,56265
5905643070883,false,תות שדה בסירופ קל 40,,PL,תות שדה בסירופ קל 400 גרם,גרמים,400.00,100 גרם,false,1,12.90,3.2250,true,1,56262
5905643070906,false,תערובת פירות בסירופ,העידן האורגני,,תערובת פירות בסירופ קל 400 גרם,גרמים,400.00,100 גרם,false,1,12.90,3.2250,true,1,56264
5906485301012,false,"משקה אנרגיה XL פחית 250 מ""ל","טמפו משקאות בע""מ",IL,אקס אל אנרג'י דרינק משקה אנרגיה מוגז,מיליליטרים,250.00,"100 מ""ל",false,1,5.50,2.2000,true,1,8085
5998623526739,false,"יין סי גראס גוורצטרמינר 750 מ""ל",דנוביאנה,HU,"יין גוורצטרמינר סי גראס 750 מ""ל",מיליליטרים,750.00,"100 מ""ל",false,1,49.90,6.6533,true,1,46848
6008165271192,false,סיגריות פאל מאל אדום ארוך,אמריקן גרדן,,סיגריות פאל מל ארוך אדום חפיסה בודד,לא מנהל יחידת מידה,0.00,לא מנהל יחידת מידה,false,1,30.50,0.0000,false,1,21586
6008165276098,false,סיגריות רוטמנס כחול,Unknown,,סיגריות רוטמנס כחול חפיסה בודד,Unknown,0.00,Unknown,false,1,28.20,0.0000,false,1,42686
6086142556654,false,פטרוזיליה אורגני,מושב אחיטוב,IL,פטרוזיליה אורגני,גרמים,350.00,100 גרם,false,1,9.90,2.8286,true,1,53142
6086142556722,false,כוסברה אורגני,מושב אחיטוב,IL,כוסברה אורגני,גרמים,350.00,100 גרם,false,1,9.90,2.8286,true,1,53143
6086142556890,true,בזיליקום אורגני,מושב אחיטוב,IL,בזיליקום אורגני,יחידה,1.00,יחידה,false,1,9.90,9.9000,true,1,53141
6086142557194,false,עלי חסה אורגניים 350,חקלאי,IL,עלי חסה אורגניים 350 גרם,גרמים,350.00,100 גרם,false,1,16.90,4.8286,true,1,53136
6253341100029,false,טחינה עאייש 100% שומ,עומר עאייש שכם,PS,טחינה עאייש 100% שומשום 450 גרם,גרמים,450.00,100 גרם,false,1,17.90,3.9778,true,1,47665
6910191800287,false,אצות נורי בלו 10 דף (ננגטונג),ננטונג היידה אקווטוק,CN,מזרח ומערב אצות נורי לסושי 25 גרם,יחידה,60.00,יחידה,false,1,13.90,0.2317,true,1,54693
6912977000140,false,אטריות שעועית 250 גר' ( Yantai)ללא גלוטן,יאנטאי ינסידה לנוגקא,CN,אטריות שעועית ללא גלוטן 250 גרם,גרמים,250.00,100 גרם,false,1,9.90,3.9600,true,1,54700
6921052701001,false,אצות ווקאמה מיובשות,ננטונג הידה אקוטיק פ,CN,מזרח ומערב אצות וואקמה מיובשות 40 גרם,גרמים,40.00,100 גרם,false,1,10.90,27.2500,true,1,54708
6922276100083,false,מחית וואסבי -חזרת 43 גרם (דליאן),דליאן ג'ינדה קונדימנ,CN,מחית וואסבי 43 גרם,גרמים,43.00,100 גרם,false,1,10.90,25.3488,true,1,54692
6936745600462,false,רוטב מירין לתיבול מז,דאנינג יוה פודס קו,CN,מזרח ומערב רוטב מירין לתיבול 500 מל,מיליליטרים,500.00,"100 מ""ל",false,1,21.90,4.3800,true,1,54697
6936745600783,false,"חומץ אורז 500 מ""ל (דאניינג)",דאנינג יוה פודס קו,CN,"חומץ אורז 500 מ""ל (דאניינג)",מיליליטרים,500.00,"100 מ""ל",false,1,17.90,3.5800,true,1,54709
7271730901261,false,ווקי מאק ארוחת אטריות עם גבינה 156 גרם,ניו וורלד פסטה קומפנ,US,ארוחת אטריות עם רוטב גבינה,גרמים,156.00,100 גרם,false,1,12.90,8.2692,true,1,21227
7290000008384,false,דונאטס במגוון טעמים,פילסברי,IL,דונאטס במגוון טעמים,יחידה,1.00,יחידה,false,1,8.50,8.5000,true,1,50931
7290000023083,false,ערק אשקלון 40% בקבוק,"יקבי ברקן בע""מ",IL,"ערק אשקלון 40% בקבוק 700 מ""ל",מיליליטרים,700.00,"100 מ""ל",false,1,64.90,9.2714,true,1,23036
7290000023809,false,"יין ברקן קלאסיק קברנה סובניון 750מ""ל",יקבי ברקן שיווק והפצ,IL,ברקן קלאסיק קברנה סוביניון יין אדום יבש 2015,מיליליטרים,750.00,"100 מ""ל",false,1,34.90,4.6533,true,1,3921
7290000023816,false,"יין ברקן קלאסיק אמרלד ריזלינג 750מ""ל",יקבי ברקן שיווק והפצ,IL,"יין ברקן קלאסיק אמרלד ריזלינג 750 מ""ל",מיליליטרים,750.00,"100 מ""ל",false,1,34.90,4.6533,true,1,3922
7290000023847,false,יין ברקן קלאסיק שרדו,יקבי ברקן שיווק והפצ,IL,ברקן קלאסיק שרדונה 750 מל יין לבן יבש,מיליליטרים,750.00,"100 מ""ל",false,1,34.90,4.6533,true,1,41633
7290000023977,false,"יין ברקן קלאסיק מרלו 750 מ""ל",יקבי ברקן שיווק והפצ,IL,ברקן קלאסיק מרלו יין אדום יבש 2015 750 מל,מיליליטרים,750.00,"100 מ""ל",false,1,34.90,4.6533,true,1,3923
7290000024202,false,"יין ברקן רזרב קברנה סובניון 750 מ""ל",ברקן שיווק והפצה בעמ,IL,"יין ברקן רזרב קברנה סובניון 750 מ""ל",מיליליטרים,750.00,"100 מ""ל",false,1,54.90,7.3200,true,1,6164
7290000024523,false,מיץ ענבים תירוש אדום,כרמי צבי - האחים סגל,IL,מיץ ענבים תירוש סגל 1 ליטר,ליטרים,1.00,ליטר,false,1,15.90,15.9000,true,1,24838
7290000039220,false,כבד עוף טבעי,עוף טוב,IL,כבד עוף טבעי,קילוגרמים,1.00,"ק""ג",true,,47.90,47.9000,true,1,52829
7290000039251,false,סטייק דק,"שטרן את רוזנברג בע""מ",IL,סטייק דק,קילוגרמים,1.00,"ק""ג",true,,199.00,199.0000,true,1,52518
7290000040042,false,יוגורט תות %3 גביע 150 ג' יופלה,תנובה בעמ,IL,יופלה יוגורט תות %3 גביע 150 גרם,גרמים,150.00,100 גרם,false,1,5.70,3.8000,true,1,3969
7290000040066,false,יוגורט דובדבן 3% שומן 150 ג' יופלה,תנובה בעמ,IL,יופלה יוגורט דובדבן %3 גביע 150 גרם,גרמים,150.00,100 גרם,false,1,5.70,3.8000,true,1,3971
7290000040080,false,יוגורט אפרסק 3% שומן 150 ג' יופלה,תנובה בעמ,IL,יופלה יוגורט אפרסק %3 גביע 150 גרם,גרמים,150.00,100 גרם,false,1,5.70,3.8000,true,1,3972
7290000040301,false,"גבינת קולאז קממבר עין גדי 24%, 125 ג'",תנובה מרכז שיתופי לש,IL,קממבר 24%,גרמים,125.00,100 גרם,false,1,23.90,19.1200,true,1,3974
7290000040318,false,גבינת ברי 24% קולאז עדי תנובה 125 ג',תנובה מרכז שיתופי לש,IL,גבינת ברי קולאז 125 גרם קולקשיין,גרמים,125.00,100 גרם,false,1,22.90,18.3200,true,1,3975
7290000040462,false,גבינת טוסטי עמק אמריקאי אדם 23% 200 ג',תנובה מרכז שיתופי לש,IL,גבינה מותכת טוסטי 22% אדם 200 גרם,גרמים,200.00,100 גרם,false,1,20.90,10.4500,true,1,3977
7290000040592,false,בטטה,חקלאי,IL,בטטה,קילוגרמים,1.00,"ק""ג",true,,14.90,14.9000,true,1,55856
7290000040622,false,דלעת ארוזה,חקלאי,IL,דלעת ארוזה,קילוגרמים,1.00,"ק""ג",true,1,8.90,8.9000,true,1,55857
7290000040639,false,דלורית,חקלאי,IL,דלורית,קילוגרמים,1.00,"ק""ג",true,1,9.90,9.9000,true,1,55858
7290000040646,false,דלעת ערמונים,חקלאי,IL,דלעת ערמונים,קילוגרמים,1.00,"ק""ג",true,1,19.90,19.9000,true,1,55859
7290000040653,false,חצילים,חקלאי,IL,חצילים,קילוגרמים,1.00,"ק""ג",true,1,10.90,10.9000,true,1,55860
7290000040684,false,פלפל ירוק,חקלאי,IL,פלפל ירוק,קילוגרמים,1.00,"ק""ג",true,1,13.90,13.9000,true,1,55863
7290000040691,false,פלפל חריף,חקלאי,IL,פלפל חריף,קילוגרמים,1.00,"ק""ג",true,1,12.90,12.9000,true,1,55864
7290000040707,false,פלפל אדום,חקלאי,IL,פלפל אדום,קילוגרמים,1.00,"ק""ג",true,1,13.90,13.9000,true,1,55865
7290000040714,false,פלפל צהוב,חקלאי,IL,פלפל צהוב,קילוגרמים,1.00,"ק""ג",true,1,15.90,15.9000,true,1,55866
7290000040721,false,פלפל כתום,חקלאי,IL,פלפל כתום,קילוגרמים,1.00,"ק""ג",true,1,14.90,14.9000,true,1,55867
7290000040738,false,קולורבי,חקלאי,IL,קולורבי,קילוגרמים,1.00,"ק""ג",true,1,9.90,9.9000,true,1,55868
7290000040752,false,קישוא,חקלאי,IL,קישוא,קילוגרמים,1.00,"ק""ג",true,1,13.90,13.9000,true,1,55870
7290000040783,false,קישוא זוקיני,חקלאי,IL,קישוא זוקיני,קילוגרמים,1.00,"ק""ג",true,1,13.90,13.9000,true,1,55872
7290000040882,false,תפוא אדום ארוז,חקלאי,IL,תפוא אדום ארוז,קילוגרמים,1.00,"ק""ג",true,1,6.90,6.9000,true,1,55874
7290000040905,false,תפוא לבן ארוז,חקלאי,IL,תפוא לבן ארוז,קילוגרמים,1.00,"ק""ג",true,1,6.50,6.5000,true,1,55876
7290000040974,false,חלב תנובה קרטון דל לקטוז 2% 1ל,תנובה מרכז שיתופי לש,IL,חלב תנובה דל לקטוז 2% שומן 1 ליטר,ליטרים,1.00,ליטר,false,1,7.50,7.5000,true,1,18314
7290000040981,false,גזר ארוז,חקלאי,IL,גזר ארוז,קילוגרמים,1.00,"ק""ג",true,1,7.70,7.7000,true,1,55877
7290000041056,false,שומר,חקלאי,IL,שומר,קילוגרמים,1.00,"ק""ג",true,1,12.90,12.9000,true,1,56048
7290000041087,false,לימון,חקלאי,IL,לימון,קילוגרמים,1.00,"ק""ג",true,1,13.90,13.9000,true,1,55881
7290000041094,false,תפוז,חקלאי,IL,תפוז,קילוגרמים,1.00,"ק""ג",true,1,11.90,11.9000,true,1,55882
7290000041100,false,תפוז ברשת,חקלאי,IL,תפוז ברשת,קילוגרמים,1.00,"ק""ג",true,1,11.90,11.9000,true,1,55883
7290000041117,false,קלמנטינה איכות מעולה,חקלאי,IL,קלמנטינה איכות מעולה,קילוגרמים,1.00,"ק""ג",true,1,13.90,13.9000,true,1,55884
7290000041124,false,אשכולית לבנה,חקלאי,IL,אשכולית לבנה אדומה,קילוגרמים,1.00,"ק""ג",true,1,9.90,9.9000,true,1,55885
7290000041148,false,בננה,חקלאי,IL,בננה,קילוגרמים,1.00,"ק""ג",true,1,12.90,12.9000,true,1,55886
7290000041162,false,אבוקדו,חקלאי,IL,אבוקדו,קילוגרמים,1.00,"ק""ג",true,1,25.50,25.5000,true,1,55888
7290000041186,false,אגס,חקלאי,IL,אגס,קילוגרמים,1.00,"ק""ג",true,1,18.90,18.9000,true,1,55890
7290000041216,false,אננס,חקלאי,IL,אננס,קילוגרמים,1.20,"ק""ג",false,1,49.90,41.5833,true,1,55893
7290000041223,false,קיווי,חקלאי,IL,קיווי,קילוגרמים,1.00,"ק""ג",true,1,39.90,39.9000,true,1,55894
7290000041230,false,תפוח עץ סמיט,חקלאי,IL,תפוח עץ סמיט,קילוגרמים,1.00,"ק""ג",true,1,16.50,16.5000,true,1,55895
7290000041247,false,תפוח עץ זהוב,חקלאי,IL,תפוח עץ זהוב,קילוגרמים,1.00,"ק""ג",true,1,14.90,14.9000,true,1,55896
7290000041254,false,תפוח עץ סטרקינג,חקלאי,IL,תפוח עץ סטרקינג,קילוגרמים,1.00,"ק""ג",true,1,14.90,14.9000,true,1,55897
7290000041308,false,כרוב אדום,חקלאי,IL,כרוב אדום,קילוגרמים,1.00,"ק""ג",true,1,9.90,9.9000,true,1,55898
7290000041315,false,תפוח פינק לידי,חקלאי,IL,תפוח פינק לידי,קילוגרמים,1.00,"ק""ג",true,1,21.90,21.9000,true,1,55899
7290000041803,false,שזיף אדום,חקלאי,IL,שזיף אדום,קילוגרמים,1.00,"ק""ג",true,,34.90,34.9000,true,1,55908
7290000041841,false,שרי אשכולות,חקלאי,IL,שרי אשכולות,קילוגרמים,1.00,"ק""ג",true,,29.90,29.9000,true,1,55909
7290000041858,false,"שמנת חמוצה 15% יטבתה 200 מ""ל מהדרין",שטראוס גרופ,IL,שמנת חמוצה 15% מועשרת מהדרין,מיליליטרים,200.00,"100 מ""ל",false,1,2.40,1.2000,true,1,5511
7290000042282,false,אפרסמון,חקלאי,IL,אפרסמון,קילוגרמים,1.00,"ק""ג",true,,27.90,27.9000,true,1,55922
7290000042312,false,פומילה,חקלאי,IL,פומילה,קילוגרמים,1.00,"ק""ג",true,,12.90,12.9000,true,1,55924
7290000042428,false,עגבניות מגי,חקלאי,IL,עגבניות מגי,קילוגרמים,1.00,"ק""ג",true,,29.90,29.9000,true,1,55926
7290000042435,false,חלב טרי 1% קרטון פקק 1ל' תנובה,תנובה מרכז שיתופי לש,IL,תנובה חלב טרי 1% שומן,ליטרים,1.00,ליטר,false,1,5.86,5.8600,true,1,4000
7290000042497,false,פלפל שושקה,חקלאי,IL,פלפל שושקה,קילוגרמים,1.00,"ק""ג",true,,19.00,19.0000,true,1,55929
7290000042503,false,חלב עמיד קרטון 3% 1 ל' תנובה,תנובה מרכז שיתופי לש,IL,תנובה חלב עמיד 3% שומן 1 ליטר,ליטרים,1.00,ליטר,false,1,7.70,7.7000,true,1,4003
7290000042534,false,חמניות קלופות,דין שיווק,IL,חמניות קלופות,קילוגרמים,1.00,"ק""ג",true,1,60.00,60.0000,true,1,55777
7290000042558,false,שקד טבעי ענק,דין שיווק,IL,שקד טבעי ענק,קילוגרמים,1.00,"ק""ג",true,1,89.00,89.0000,true,1,55778
7290000042572,false,אגוז ברזיל טבעי,דין שיווק,IL,אגוז ברזיל טבעי,קילוגרמים,1.00,"ק""ג",true,1,140.00,140.0000,true,1,55780
7290000042602,false,חמניות קלויות,דין שיווק,IL,חמניות קלויות,קילוגרמים,1.00,"ק""ג",true,1,60.00,60.0000,true,1,55783
7290000042640,false,"חלב תנובה עמיד 3% קרטון 250 מ""ל",תנובה מרכז שיתופי לש,IL,תנובה חלב עמיד 3% שומן 250 מל,מיליליטרים,250.00,"100 מ""ל",false,1,3.20,1.2800,true,1,4221
7290000042770,false,שקד מסוכר,דין שיווק,IL,שקד מסוכר,קילוגרמים,1.00,"ק""ג",true,1,90.00,90.0000,true,1,55796
7290000042855,false,יוטבתה שוקו שקית 225מל,שטראוס גרופ,IL,"שוקו יטבתה בשקית 225 מ""ל",מיליליטרים,225.00,"100 מ""ל",false,1,2.60,1.1556,true,1,4007
7290000042916,false,בוטן אמריקאי,דין שיווק,IL,בוטן אמריקאי,קילוגרמים,1.00,"ק""ג",true,1,45.00,45.0000,true,1,55808
7290000042954,false,חמוציות,דין שיווק,IL,חמוציות,קילוגרמים,1.00,"ק""ג",true,1,80.00,80.0000,true,1,55812
7290000043050,false,גינגר דל סוכר,דין שיווק,IL,גינגר דל סוכר,קילוגרמים,1.00,"ק""ג",true,1,99.00,99.0000,true,1,55820
7290000043074,false,פירות אקזוטיים,דין שיווק,IL,פירות אקזוטיים,קילוגרמים,1.00,"ק""ג",true,1,99.00,99.0000,true,1,55822
7290000043081,false,תמר מגהול גמבו,דין שיווק,IL,תמר מגהול גמבו,קילוגרמים,1.00,"ק""ג",true,1,55.00,55.0000,true,1,55823
7290000043111,false,חמאת תנובה 200ג רבנות,תנובה מרכז שיתופי לש,IL,חמאה תנובה 200 גרם,גרמים,200.00,100 גרם,false,1,8.50,4.2500,true,1,4009
7290000043135,false,סוכריות גומי קשות,דין שיווק,IL,סוכריות גומי קשות חמצוצים,קילוגרמים,1.00,"ק""ג",true,1,59.00,59.0000,true,1,55827
7290000043142,false,קוקוס מיובש טבעי,דין שיווק,IL,קוקוס מיובש טבעי,קילוגרמים,1.00,"ק""ג",true,1,99.00,99.0000,true,1,55828
7290000043166,false,בצל יבש,חקלאי,IL,בצל יבש,קילוגרמים,1.00,"ק""ג",true,,6.50,6.5000,true,1,55841
7290000043814,false,"שמנת מתוקה להקצפה 38% 250 מ""ל תנובה",תנובה מרכז שיתופי לש,IL,השף הלבן שמנת להקצפה 38% שומן 250 מל,מיליליטרים,250.00,"100 מ""ל",false,1,6.47,2.5880,true,1,4011
7290000043890,false,רויון בקרטון 1 ליטר,תנובה מרכז שיתופי לש,IL,תנובה רויון לבן מחלב מפסוטר 1.5% 1 ליטר,ליטרים,1.00,ליטר,false,1,12.60,12.6000,true,1,4013
7290000043944,false,כד יוגורט תנובה 4% שומן 1.5 ליטר,מיוצר עי קונדיטוריית,IL,יוגורט 4.5% בכד תנובה 1.5 ליטר,ליטרים,1.50,ליטר,false,1,17.90,11.9333,true,1,4014
7290000044712,false,יוגורט עם תות 1.5% שומן 500 ג' פרילי,מיוצר עי קונדיטוריית,IL,"פרילי תות 500 מ""ל",מיליליטרים,500.00,"100 מ""ל",false,1,12.90,2.5800,true,1,4017
7290000044880,false,באדי יוגורט תות 3% שומן 500 ג' תנובה,מיוצר עי קונדיטוריית,IL,"באדי תות 3% 500 מ""ל",מיליליטרים,500.00,"100 מ""ל",false,1,10.90,2.1800,true,1,4018
7290000045573,false,גבינת מותכת משולשים 25% שומן 200 ג' נעמה,קריות זול,IL,נעמה גבינה מותכת משולשים 25% שומן,גרמים,200.00,100 גרם,false,1,17.90,8.9500,true,1,4019
7290000045580,false,"גבינת מותכת נעמה חורש 25%, 240 ג'",תנובה מרכז שיתופי לש,IL,נעמה גבינה מותכת משולשים 25% שומן,גרמים,240.00,100 גרם,false,1,20.90,8.7083,true,1,4020
7290000045917,false,תנובה גבינת פרומעז 23% גלילית 200ג,קריות זול,IL,תנובה פרומעז גבינה מותכת מחלב עיזים 23% שומן,גרמים,200.00,100 גרם,false,1,28.90,14.4500,true,1,4021
7290000046327,false,"גבינת גלבוע פרוס 22%, 200 ג' תנובה",תנובה מרכז שיתופי לש,IL,גלבוע גבינה צהובה חצי קשה פרוס 22% שומן,גרמים,200.00,100 גרם,false,1,14.50,7.2500,true,1,4023
7290000047546,false,כנען גבינה לבנה ללא מלח 5% 500 ג',תנובה מרכז שיתופי לש,IL,גבינה כנען500 גרם 5% שומן,גרמים,500.00,100 גרם,false,1,26.90,5.3800,true,1,31300
7290000047621,false,גבינה לבנה רכה 5% תנובה 250ג' מהדרין,מיוצר עי קונדיטוריית,IL,גבינה לבנה 5% 250 גרם בדצ,גרמים,250.00,100 גרם,false,1,4.98,1.9920,true,1,18859
7290000048185,false,גבינה לבנה 5% שומן 250 ג' תנובה,מיוצר עי קונדיטוריית,IL,גבינה למריחה 5% תנובה פיקוח 250 גרם,גרמים,250.00,100 גרם,false,1,4.98,1.9920,true,1,4028
7290000048192,false,גבינה לבנה 9% שומן 250 ג' תנובה,מחלבת אלון תבור,IL,גבינה למריחה 9% תנובה 250 גרם,גרמים,250.00,100 גרם,false,1,4.90,1.9600,true,1,4029
7290000048307,false,קוטג' 5% וזיתים ירוקים 250ג' תנובה,מיוצר עי קונדיטוריית,IL,קוטג 5% זיתים 250 גרם,גרמים,250.00,100 גרם,false,1,6.10,2.4400,true,1,4030
7290000048437,false,גבינה צפתית 5% 200 ג' פיראוס,פארייפאבה אגרואינדוס,IL,גבינה צפתית 5% שומן,גרמים,200.00,100 גרם,false,1,16.50,8.2500,true,1,4033
7290000049458,false,גבינת פטה עיזים 16% גביע פיראוס 250 ג',תנובה מרכז שיתופי לש,IL,פיראוס פטה עיזים 16% שומן,גרמים,250.00,100 גרם,false,1,30.90,12.3600,true,1,6472
7290000050447,false,יוגורט תות 500 ג' יופלה,מיוצר עי קונדיטוריית,IL,יופלה תות 3% גביע 500 גרם,גרמים,500.00,100 גרם,false,1,14.50,2.9000,true,1,14202
7290000050454,false,יוגורט אפרסק 500 ג' יופלה,מיוצר עי קונדיטוריית,IL,יופלה אפרסק 3% גביע 500 גרם,גרמים,500.00,100 גרם,false,1,14.50,2.9000,true,1,14628
7290000051307,false,מארז הפסקת אוכל עם דגני עוגי ומשקה חלב עמיד בטעם וניל,תנובה מרכז שיתופי לש,IL,מארז הפסקת אוכל חלב+דגני עוגי,לא מנהל יחידת מידה,0.00,לא מנהל יחידת מידה,false,1,10.90,0.0000,true,1,56294
7290000051352,false,חלב מלא בטעם של פעם 3.4% תנובה קרטון 1 ל',תנובה מרכז שיתופי לש,IL,חלב מלא בטעם של פעם 3.8% שומן 1 ליטר,ליטרים,1.00,ליטר,false,1,8.20,8.2000,true,1,15011
7290000051376,false,יופלה דיאט אננס גביע 150 ג',תנובה מרכז שיתופי לש,IL,יופלה דיאט אננס גביע 150 גרם,גרמים,150.00,100 גרם,false,1,5.70,3.8000,true,1,15586
7290000051710,false,לאבנה 9% עם שמן זית וזעתר 263 ג' פיראוס,"תנובה, מחלבת אלון תב",IL,פיראוס לאבנה אסלית עם שמן זית וזעתר על בסיס יוגורט,גרמים,263.00,100 גרם,false,1,15.50,5.8935,true,1,29402
7290000052311,false,גבינה צהובה לייט 15% 200 ג' עמק,תנובה מרכז שיתופי לש,IL,עמק פרוסות גבינה צהובה חצי קשה 15% מופחתת שומן,גרמים,200.00,100 גרם,false,1,17.90,8.9500,true,1,17119
7290000052717,false,קוטג' 5%עם שום שמיר 250 ג' תנובה,מיוצר עי קונדיטוריית,IL,קוטג 5% עם שום שמיר 250 גרם,גרמים,250.00,100 גרם,false,1,6.10,2.4400,true,1,20969
7290000055015,false,גבינת פיראוס פטה כבשים 5% 250 ג' פיראוס,תנובה מרכז שיתופי לש,IL,פיראוס פטה כבשים גבינה מלוחה 5% שומן,גרמים,250.00,100 גרם,false,1,30.90,12.3600,true,1,21547
7290000055206,false,גבינה לבנה 5% בטעם בצל מטוגן 250 ג' תנובה,תנובה מרכז שיתופי לש,IL,גבינה לבנה 5% בצל מטוגן 250 גרם,גרמים,250.00,100 גרם,false,1,6.20,2.4800,true,1,19584
7290000055329,false,יופלה משקה יוגורט תות מלון 1.5% 250מל.,תנובה מרכז שיתופי לש,IL,"משקה יוגורט יופלה תות מלון 250 מ""ל",מיליליטרים,250.00,"100 מ""ל",false,1,6.20,2.4800,true,1,18877
7290000055336,false,יופלה משקה יוגורט בננה אפרסק 1.5% 250מל,תנובה מרכז שיתופי לש,IL,"משקה יוגורט יופלה בננה אפרסק 250 מ""ל",מיליליטרים,250.00,"100 מ""ל",false,1,6.20,2.4800,true,1,18878
7290000055343,false,יופלה משקה יוגורט טרופי 1.5% 250מל,תנובה מרכז שיתופי לש,IL,"משקה יוגורט יופלה טרופי 250 מ""ל",מיליליטרים,250.00,"100 מ""ל",false,1,6.20,2.4800,true,1,18879
7290000055893,false,חמאה משמנת מפוסטרת 200ג' כ.מהדרין,תנובה מרכז שיתופי לש,IL,חמאה תנובה 200 גרם,גרמים,200.00,100 גרם,false,1,8.50,4.2500,true,1,30247
7290000056272,false,גבינה לבנה 5% עם זיתים ירוקים 250 ג' תנובה,תנובה מרכז שיתופי לש,IL,גבינה לבנה 5% זיתים 250 גרם,גרמים,250.00,100 גרם,false,1,6.20,2.4800,true,1,19586
7290000056845,false,חלב טרי 3% הומוגני קרטון 1.5 ל' תנובה,פארייפאבה אגרואינדוס,IL,תנובה חלב טרי 3% שומן אריזת נוחות,ליטרים,1.50,ליטר,false,1,9.34,6.2267,true,1,20007
7290000057088,false,גבינת דק דק 28% 200 ג' עמק,תנובה מרכז שיתופי לש,IL,גבינה עמק 28% דק 200 גרם,גרמים,200.00,100 גרם,false,1,17.90,8.9500,true,1,29596
7290000057118,false,עמק סמי מעדנייה כשרות מהדרין,תנובה מרכז שיתופי לש,IL,גבינת עמק קלאסית חצי קשה פרוסות 28% שומן,גרמים,400.00,100 גרם,false,1,23.90,5.9750,true,1,23757
7290000057132,false,יוגורט טבעי 1.5% שומן 200 ג' תנובה,מחלבת אלון תבור,IL,יוגורט ביו 1.5% תנובה 200 גרם,גרמים,200.00,100 גרם,false,1,3.50,1.7500,true,1,21209
7290000057149,false,יוגורט טבעי 3% שומן 200 ג' תנובה,מיוצר עי קונדיטוריית,IL,יוגורט ביו 3% תנובה 200 גרם,גרמים,200.00,100 גרם,false,1,3.50,1.7500,true,1,21210
7290000057552,false,יופלה דיאט עוגת גבינה ותות 0% גביע 150ג',תנובה בעמ,IL,יוגורט יופלה דיאט ע.גבינה ותות 150 גרם,גרמים,150.00,100 גרם,false,1,5.50,3.6667,true,1,20794
7290000058580,false,קוקילידה וניל ועוגיות שוקולד נסטלה 83ג',נגה גלידות (גלידות נ,IL,נסטלה קוקילידה 28*80גרם,גרמים,80.00,100 גרם,false,1,9.90,12.3750,true,1,4232
7290000060071,false,אוסם - חטיפי פריכונים מאורז מלא קלוי 80גר,"מיוצר ע""י PT, משווק",IL,אסם חטיפי פריכונים טבעי 12*80גרם,גרמים,80.00,100 גרם,false,1,8.50,10.6250,true,1,4051
7290000060088,false,בייגלה אסם מקלות מלוחים 400 גרם,מיוצר עי קונדיטוריית,IL,אסם בייגלה מקלות מלוחים 12*400גרם,גרמים,400.00,100 גרם,false,1,14.50,3.6250,true,1,14176
7290000060163,false,פסטה אסם אטריות דקות 400גר,"אסם השקעות בע""מ",IL,אסם אטריות דקות 12*400גרם,גרמים,400.00,100 גרם,false,1,8.90,2.2250,true,1,4052
7290000060200,false,פסטה אסם פתיתים אפויים קוסקוס 500גר,"אסם השקעות בע""מ",IL,פתיתים אפויים קוסקוס 500 גרם,גרמים,500.00,100 גרם,false,1,7.90,1.5800,true,1,4053
7290000060576,false,פסטה אסם פתיתים אפוי כוכב 500גר,"אסם השקעות בע""מ",IL,אסם פתיתים אפויים כוכבים 12*500גרם,גרמים,500.00,100 גרם,false,1,7.90,1.5800,true,1,4062
7290000060781,false,פסטה אסם פתיתים מסולסלים 500גר,קריות זול,IT,אסם פסטה מסולסלים לאחר הפסח 12*500גרם,גרמים,500.00,100 גרם,false,1,6.90,1.3800,true,1,6649
7290000060811,false,טילון אקסטרים ענק מטבע שוקולד 120 ג',תות תעשיות מזון (201,IL,אקסטרים ענק מטבע שוקולד 18*120גרם,גרמים,141.00,100 גרם,false,1,9.90,7.0213,true,1,21073
7290000060828,false,פסטה קרניים בינוניות 500 ג' אסם,קריות זול,IT,אסם פסטה קרניים בינוניות 12*500גרם,גרמים,500.00,100 גרם,false,1,6.90,1.3800,true,1,6650
7290000060880,false,פסטה מס' 8 ספגטי אסם 500ג',קריות זול,IT,ספגטי אסם 500 גרם,גרמים,500.00,100 גרם,false,1,6.90,1.3800,true,1,6651
7290000060903,false,פסטה אסם פתיתים אפויים אורז 500גר,"אסם השקעות בע""מ",IL,אסם פתיתים אפויים אורז 12*500גרם,גרמים,500.00,100 גרם,false,1,7.90,1.5800,true,1,4917
7290000060958,false,פסטה אסם אטריות בינוניות 400 גרם,"אסם השקעות בע""מ",IL,אסם אטריות בינוניות 12*400גרם,גרמים,400.00,100 גרם,false,1,8.90,2.2250,true,1,4063
7290000060965,false,פסטה אסם אטריות רחבות 400גר,"אסם השקעות בע""מ",IL,אסם אטריות רחבות 12*400גרם,גרמים,400.00,100 גרם,false,1,8.90,2.2250,true,1,4064
7290000061061,false,קרקר בצל אסם 250 גרם,"אסם השקעות בע""מ",IL,אסם קרקר בצל 12*250גרם,גרמים,250.00,100 גרם,false,1,11.90,4.7600,true,1,4068
7290000061764,false,נסקפה רד מאג טעם חדש 200ג',נסטלה ספרד קפה,ES,נסקפה רד מאג טעם חדש 6*200גרם2017,גרמים,200.00,100 גרם,false,1,27.90,13.9500,true,1,4073
7290000062952,false,אוסם - מיני קרוטונים למרק ולסלט 250 גרם,עינת תעשיות מזון,IL,אסם מיני קרוטונים למרק וסלט 12*250גרם,גרמים,250.00,100 גרם,false,1,18.90,7.5600,true,1,19331
7290000063157,false,"קמח תופח מאליו אסם 1 ק""ג","אסם השקעות בע""מ",IL,"קמח תופח מאליו 1 ק""ג אסם",קילוגרמים,1.00,"ק""ג",false,1,10.90,10.9000,true,1,4081
7290000064758,false,קוסקוס בינוני אמיתי אסם 350 ג',"מיוצר ע""י קוד יצרן K",IL,אסם קוסקוס אמיתי 12*350גרם,גרמים,350.00,100 גרם,false,1,9.90,2.8286,true,1,4240
7290000064871,false,"אוסם - מנה חמה פירה תפו""א עם בצל 56 גרם","אסם השקעות בע""מ",IL,מנה חמה פירה תפוא.ובצל 12*56גרם,גרמים,56.00,100 גרם,false,1,7.90,14.1071,true,1,6746
7290000065090,false,מיני קרוטונים למרק ולסלט 400 ג' אסם,עינת תעשיות מזון,IL,אסם מיני קרוטונים למרק וסלט 12*400גרם,גרמים,400.00,100 גרם,false,1,27.90,6.9750,true,1,4089
7290000065540,false,אוסם - מנה חמה פסטה מוקרמת בטעם עוף 55 גרם,"אסם השקעות בע""מ",IL,מנה חמה פסטה מוקרמת בדץ 12*55גרם,גרמים,55.00,100 גרם,false,1,7.90,14.3636,true,1,4091
7290000065557,false,אוסם - מנה חמה קוסקוס עם ירקות 84 גרם,"אסם תעשיות מזון בע""מ",IL,מנה חמה קוסקוס וירקות בדצ 12*84גרם,גרמים,84.00,100 גרם,false,1,7.90,9.4048,true,1,4092
7290000065977,false,חטיפי פריכונים תירס שומשום 80 ג' אוסם,"מיוצר ע""י פרח, משווק",IL,אסם חטיפי פריכונים תירס 12*80גרם,גרמים,80.00,100 גרם,false,1,8.50,10.6250,true,1,16826
7290000066189,false,ביסלי גדול בטעם פלאפל 200 ג' אסם,"אסם השקעות בע""מ",IL,ביסלי פלאפל 25*200גרם,גרמים,200.00,100 גרם,false,1,10.90,5.4500,true,1,4099
7290000066196,false,ביסלי גדול בטעם גריל 200 ג' אסם,מיוצר עי קונדיטוריית,IL,ביסלי גריל 25*200גרם,גרמים,200.00,100 גרם,false,1,10.90,5.4500,true,1,4100
7290000066226,false,ביסלי בטעם פיצה 200 ג' אסם,מיוצר עי קונדיטוריית,IL,ביסלי פיצה 25*200גרם,גרמים,200.00,100 גרם,false,1,10.90,5.4500,true,1,4103
7290000066295,false,אסם במבה תות מחומרים טבעיים 30גר,מיוצר עי קונדיטוריית,IL,במבה מתוקה מחומרים טבעיים 40*30גרם,גרמים,30.00,100 גרם,false,1,3.50,11.6667,true,1,31730
7290000066349,false,אפרופו חטיף תירס אסם,מיוצר עי קונדיטוריית,IL,אפרופו 20*100גרם,גרמים,100.00,100 גרם,false,1,9.90,9.9000,true,1,4109
7290000066431,false,פופקו חטיף תירס בטעם חמאה ודבש 80 גרם,מיוצר עי קונדיטוריית,IL,פופקו חמאה ודבש 40*80גרם,גרמים,80.00,100 גרם,false,1,5.90,7.3750,true,1,4110
7290000067544,false,פירורית זהב שקית 200גר,עינת תעשיות מזון,IL,אסם פירורית פירורי לחם זהב 12*200גרם,גרמים,200.00,100 גרם,false,1,7.50,3.7500,true,1,4117
7290000067599,false,אוסם - מנה חמה ספגטי רוטב בולנז 65 גרם,"אסם השקעות בע""מ",IL,מנה חמה ספגטי בולונז 12*65גרם,גרמים,65.00,100 גרם,false,1,7.90,12.1538,true,1,4118
7290000067735,false,"פסטה פרפקטו ניוקי בצקיות תפו""א 500ג' אסם",גרנדי פסטי,IT,ניוקי בצקיות מתפוח אדמה בואקום 500 גרם,גרמים,500.00,100 גרם,false,1,15.90,3.1800,true,1,4120
7290000068138,false,אסם פודינג אינסטנט וניל 80 גרם,מיוצר עי קונדיטוריית,IL,אסם פודינג אינסטנט וניל 12*80גרם,גרמים,80.00,100 גרם,false,1,6.50,8.1250,true,1,4121
7290000068190,false,ג'לי תות שדה צבע טבעי 85 ג',מיוצר עי קונדיטוריית,IL,אסם ג'לי תות שדה צבעים טבעיים 12*90גרם,גרמים,90.00,100 גרם,false,1,7.50,8.3333,true,1,4123
7290000068343,false,אוסם - פירכונים מאורז מלא 140 גרם,"מיוצר ע""י PT, משווק",IL,אסם פריכונים מאורז מלא 12*140גרם,גרמים,140.00,100 גרם,false,1,8.50,6.0714,true,1,4127
7290000068701,false,שקדי מרק רכיבים טבע.מיכל 400ג' אסם,"אסם השקעות בע""מ",IL,אסם שקדי מרק רכיבים טבע.מיכל 10*400גרם,גרמים,400.00,100 גרם,false,1,17.90,4.4750,true,1,4128
7290000068787,false,במבה יום הולדת 25גרם,מיוצר עי קונדיטוריית,IL,במבה יום הולדת כלפ.108*25גרם,גרמים,25.00,100 גרם,false,1,2.90,11.6000,true,1,4129
7290000070308,false,אבקת מרק עוף אמיתי במיכל 400 גרם,"אסם השקעות בע""מ",IL,אסם מרק עוף אמיתי חתם סופר כלפ.6*400גרם,גרמים,400.00,100 גרם,false,1,25.90,6.4750,true,1,4137
7290000072067,false,במבה במילוי קרם חלבה 60ג' אסם,מיוצר עי קונדיטוריית,IL,במבה במילוי קרם חלבה כשלפ 60 גרם,גרמים,60.00,100 גרם,false,1,4.90,8.1667,true,1,15902
7290000072623,false,אסם קטשופ בקבוק לחיץ,"אסם השקעות בע""מ",IL,אסם קטשופ בקבוק לחיץ 9*750גרם-חדש,גרמים,750.00,100 גרם,false,1,11.90,1.5867,true,1,4149
7290000072630,false,קטשופ חריף אוסם 750 ג',"אסם השקעות בע""מ",IL,אסם קטשופ חריף כלפ.9*750גרם 2015,גרמים,750.00,100 גרם,false,1,15.90,2.1200,true,1,4150
7290000072753,false,קפה טייסטר צ'ויס קפה מגורען 200ג',נסטלה קוריאה - קפה,IL,טייסטרס צ'וייס 12*200גרם,גרמים,200.00,100 גרם,false,1,34.90,17.4500,true,1,4153
7290000072777,false,קפה טייסטר צ'ויס מגור' נ.קפאין 200ג',נסטלה קוריאה - קפה,IL,טייסטרס צוייס נטול קופאין 12*200גרם,גרמים,200.00,100 גרם,false,1,49.50,24.7500,true,1,4720
7290000072968,false,דגני בוקר סיני מיניס נסטלה 500 ג',נסטלה פולין דגני בוק,PL,דגני סיני מיניס קינמון 500 גרם,גרמים,500.00,100 גרם,false,1,27.90,5.5800,true,1,4159
7290000073125,false,אוסם - מנה חמה פסטה עם עגבניות 62 גרם,"אסם השקעות בע""מ",IL,מנה חמה פסטה עם עגבניות ר.טבע. בדץ12*62ג,גרמים,62.00,100 גרם,false,1,7.90,12.7419,true,1,4162
7290000073699,false,סלט חומוס צבר 150 גר,סלטי צבר,IL,סלט חומוס צבר 150 גרם,גרמים,150.00,100 גרם,false,1,5.90,3.9333,true,1,21264
7290000074184,false,אוסם - פתי בר בינוני 500 גרם,"אסם השקעות בע""מ",IL,ביסקוויט פתיבר 500 גרם,גרמים,500.00,100 גרם,false,1,11.90,2.3800,true,1,4168
7290000074245,false,אוסם - קרם קרקר אסם 250 גרם,"אסם השקעות בע""מ",IL,אסם קרם קרקר 12*250גרם,גרמים,250.00,100 גרם,false,1,11.90,4.7600,true,1,4169
7290000074252,false,קרקר אסם שומשום 250 גרם,"אסם השקעות בע""מ",IL,אסם קרקר שומשום 12*250גרם,גרמים,250.00,100 גרם,false,1,11.90,4.7600,true,1,4170
7290000074276,false,קרקר פיקנטי טבעון 250 ג' אסם,"אסם השקעות בע""מ",IL,אסם קרקר פיקנטי 12*250גרם,גרמים,250.00,100 גרם,false,1,11.90,4.7600,true,1,4171
7290000074375,false,אוסם - קרקר זהב 150 גרם,"אסם השקעות בע""מ",IL,אסם קרקר זהב 12*150גרם,גרמים,150.00,100 גרם,false,1,7.90,5.2667,true,1,4175
7290000075204,false,אוסם - לחמית חיטה מלאה 250 גרם,"אסם השקעות בע""מ",IL,לחמית חיטה מלאה 10*250גרם חדש,גרמים,250.00,100 גרם,false,1,10.90,4.3600,true,1,4179
7290000075693,false,עוגת הבית שמרים בריוש שוקולד 360ג',מיוצר עי קונדיטוריית,IL,הבית עוגת שמרים בריוש שוקולד 8*360גרם,גרמים,360.00,100 גרם,false,1,21.90,6.0833,true,1,15741
7290000076133,false,בייגלה שמיניות קטנות 400 גרם אסם,"אסם השקעות בע""מ",IL,אסם בייגלה שמיניות קטנות 12*400גרם,גרמים,400.00,100 גרם,false,1,13.90,3.4750,true,1,7008
7290000077017,false,עוגיות קרמוגית וקרם שוקולד אסם 200 גרם,מיוצר עי קונדיטוריית,IL,אסם קרמוגית במילוי שוקולד 12*200גרם,גרמים,200.00,100 גרם,false,1,14.50,7.2500,true,1,4184
7290000077253,false,אוסם - לחמית כפרית עם דגנים מלאים 190 גרם,"אסם השקעות בע""מ",IL,לחמית כפרית 12*190גרם,גרמים,190.00,100 גרם,false,1,11.90,6.2632,true,1,17158
7290000077925,false,טוסטעים צנימים עגולים מחיטה מלאה אוסם,ון דר מולן האלום,NL,אסם טוסטעים צנימים עגולים חטה.מלא12*125ג,גרמים,125.00,100 גרם,false,1,12.90,10.3200,true,1,16399
7290000078212,false,קרוטונים מתובלים 250 ג' אסם,עינת תעשיות מזון,IL,אסם קרוטונים מתובלים 12*250גרם,גרמים,250.00,100 גרם,false,1,17.90,7.1600,true,1,4190
7290000078762,false,אוסם - חטיפי פריכונים מאורז מלא בטעם דבש 80גר,סנורייס בלגיום אן. ו,BE,אסם חטיפי פריכונים אורז ודבש 14*80גרם,גרמים,80.00,100 גרם,false,1,8.50,10.6250,true,1,4192
7290000080758,false,אוסם - טוסטעים פת קלוי 100 גרם,ון דר מולן האלום,NL,אסם טוסטעים 14*100גרם,גרמים,100.00,100 גרם,false,1,11.50,11.5000,true,1,4208
7290000081663,false,בייגלה אסם טבעות שומשום 300 גרם,מיוצר עי קונדיטוריית,IL,אסם בייגלה טבעות שומשום 12*300גרם,גרמים,300.00,100 גרם,false,1,14.50,4.8333,true,1,7040
7290000085180,false,פתי בר וניל 470 גר' גטניו,"אחים גטניו בע""מ",,ביסקוויט פתיבר וניל גטניו 470 גרם,גרמים,470.00,100 גרם,false,1,10.90,2.3191,true,1,22680
7290000100128,false,פירות קפואים תות סנפרוסט 300 ג',סנפרוסט בעמ,IL,פירות קפואים תות סנפרוסט,גרמים,300.00,100 גרם,false,1,19.90,6.6333,true,1,44895
7290000100135,false,פירות קפואים דובדבן סנפרוסט 300 ג',סנפרוסט בעמ,IL,פירות קפואים דובדבן,גרמים,300.00,100 גרם,false,1,19.90,6.6333,true,1,44896
7290000101927,false,אוכמניות כחולות מוקפאות סנפרוסט 300 גרם,"איי, בי, אינבוו",IL,אוכמניות כחולות מוקפאות 300 גרם,גרמים,300.00,100 גרם,false,1,19.90,6.6333,true,1,42243
7290000101934,false,מיקס פירות יער מוקפאות 300 ג' סנפרוסט,"סנפרוסט בע""מ",IL,תערובת פירות יער סנפרוסט 300 גרם,גרמים,300.00,100 גרם,false,1,19.90,6.6333,true,1,42244
7290000101941,false,אננס חתוך מוקפא סנפרוסט 300ג',"סנפרוסט בע""מ",IL,אננס מוקפא סנפרוסט 300 גרם,גרמים,300.00,100 גרם,false,1,19.90,6.6333,true,1,42242
7290000101958,false,מנגו חתוך מוקפא סנפרוסט 300ג',"סנפרוסט בע""מ",IL,מנגו מוקפא סנפרוסט 300 גרם,גרמים,300.00,100 גרם,false,1,19.90,6.6333,true,1,42161
7290000103433,false,ירקות לתנור סנפרוסט,"איי, בי, אינבוו",IL,פסטיבל ירקות לתנור 800 גרם סנפרוסט,גרמים,800.00,100 גרם,false,1,26.90,3.3625,true,1,29056
7290000104201,false,אפונה עדינה קפואה 600 גרם סנפרוסט,"איי, בי, אינבוו",IL,אפונה עדינה סנפרוסט 600 גרם,גרמים,600.00,100 גרם,false,1,20.90,3.4833,true,1,7
7290000104676,false,אפונה קפואה סנפרוסט 800 גרם,"איי, בי, אינבוו",IL,אפונת גינה 800 גרם סנפרוסט,גרמים,800.00,100 גרם,false,1,20.90,2.6125,true,1,9
7290000104683,false,שעועית שלמה 800 ג' סנפרוסט,"סנפרוסט בע""מ",IL,שעועית ירוקה שלמה סנפרוסט 800גרם,גרמים,800.00,100 גרם,false,1,23.90,2.9875,true,1,10
7290000104690,false,תירס גרעינים 800 ג' סנפרוסט,"איי, בי, אינבוו",IL,תירס גרעינים סנפרוסט 800גרם,גרמים,800.00,100 גרם,false,1,21.50,2.6875,true,1,11
7290000104706,false,גזר גמדי סנפרוסט 800ג',"סנפרוסט בע""מ",IL,גזר גמדי 800 גרם,גרמים,800.00,100 גרם,false,1,19.90,2.4875,true,1,12
7290000104720,false,שעועית ירוקה סנפרוסט 800ג',"סנפרוסט בע""מ",IL,שעועית ירוקה חתוכה סנפרוסט 800גרם,גרמים,800.00,100 גרם,false,1,23.90,2.9875,true,1,14
7290000104744,false,כרובית סנפרוסט 800גר,"סנפרוסט בע""מ",IL,כרובית 800 גרם סנפרוסט,גרמים,800.00,100 גרם,false,1,26.90,3.3625,true,1,5315
7290000104775,false,תרד מדליונים סנפרוסט,"איי, בי, אינבוו",IL,מדליוני תרד 800 גרם,גרמים,800.00,100 גרם,false,1,29.90,3.7375,true,1,5328
7290000104799,false,שעועית לבנה מבושלת סנפרוסט 800גר,"איי, בי, אינבוו",IL,שעועית לבנה מבושלת קפואה 800 גרם,גרמים,800.00,100 גרם,false,1,22.90,2.8625,true,1,5329
7290000104805,false,גרגירי חומוס קפוא סנפרוסט 800 ג',"איי, בי, אינבוו",IL,גרגרי חומוס מבושלים קפואים 800 גרם,גרמים,800.00,100 גרם,false,1,22.90,2.8625,true,1,5316
7290000104836,false,שעועית עדינה שלמה סנפרוסט 600ג',"סנפרוסט בע""מ",IL,שעועית עדינה שלמה 600 גרם סנפרוסט,גרמים,600.00,100 גרם,false,1,27.90,4.6500,true,1,2555
7290000104874,false,ירקות לקוסקוס של אמא סנפרוסט 800ג',"סנפרוסט בע""מ",IL,ירקות לקוסקוס של אמא 800 גרם סנפרוסט,גרמים,800.00,100 גרם,false,1,24.90,3.1125,true,1,17
7290000104881,false,אפונה וגזר קפוא סנפרוסט 800ג',"איי, בי, אינבוו",IL,לקט אפונה וגזר 800 גרם,גרמים,800.00,100 גרם,false,1,20.50,2.5625,true,1,6009
7290000104911,false,לקט נורמנדי סנפרוסט 800ג',"איי, בי, אינבוו",IL,לקט נורמנדי 800 גרם סנפרוסט,גרמים,800.00,100 גרם,false,1,26.90,3.3625,true,1,4591
7290000107165,false,פולי סויה אדממה סנפרוסט 400 ג',"איי, בי, אינבוו",IL,חטיף פולי סויה אדממה 400 גרם סנפרוסט,גרמים,400.00,100 גרם,false,1,14.90,3.7250,true,1,3328
7290000107189,false,תחתיות ארטישוק סנפרוסט 400גר,"איי, בי, אינבוו",IL,תחתיות ארטישוק 400 גרם סנפרוסט,גרמים,400.00,100 גרם,false,1,26.00,6.5000,true,1,19
7290000107295,false,תפרחות ברוקולי סנפרוסט 800 ג',"איי, בי, אינבוו",IL,ברוקולי מוקפא 800 גרם סנפרוסט,גרמים,800.00,100 גרם,false,1,28.90,3.6125,true,1,20
7290000111063,false,מיונז אמיתי 250 ג' תלמה,יוניליוור ישראל מזון,IL,תלמה מיונז אמיתי 250 גרם,גרמים,250.00,100 גרם,false,1,7.90,3.1600,true,1,26
7290000111360,false,חרדל אמיתי 250 ג' תלמה,יוניליוור ישראל מזו,IL,חרדל אמיתי תלמה,גרמים,250.00,100 גרם,false,1,8.90,3.5600,true,1,31
7290000112220,false,טחינה גולמית 100%בארכה 500ג',רושדי תעשיות מזון בע,IL,בארכה טחינה 100% שומשום 12*500גרם,גרמים,500.00,100 גרם,false,1,16.90,3.3800,true,1,36
7290000112497,false,מרק עשיר עוף עם אטריות 68 ג' קנור,יוניליוור ישראל מזון,IL,מרק עוף עם אטריות,גרמים,68.00,100 גרם,false,1,12.50,18.3824,true,1,4637
7290000113180,false,"כפלי ציפס בד""צ 50 גרם",יוניליור ישראל מזון,IL,"כיפלי חטיף על בסיס תפו""א",גרמים,50.00,100 גרם,false,1,5.90,11.8000,true,1,27636
7290000113203,false,חטיף כיפלי ציפס קטשו,יוניליוור ישראל מזון,IL,"כיפלי על בסיס תפו""א בטעם קטשופ",גרמים,50.00,100 גרם,false,1,5.90,11.8000,true,1,53522
7290000116884,false,רוטב ברביקיו 350 ג' קנור,יוניליוור ישראל מזון,IL,רוטב ברביקיו קנור,מיליליטרים,300.00,"100 מ""ל",false,1,14.50,4.8333,true,1,13961
7290000117720,false,קנור - נמס בכוס זוג פטריות 21.50 גרם * 2,יוניליוור ישראל מזון,IL,קנור נמס בכוס פטריות 43 גרם,גרמים,43.00,100 גרם,false,1,8.50,19.7674,true,1,4646
7290000120874,false,מיונז הלמנס לייט מופחת קלוריות 424ג,"שד' קילבורן 2816, שי",US,hellmanns light ממרח מופחת קלוריות,גרמים,424.00,100 גרם,false,1,12.90,3.0425,true,1,85
7290000123363,false,צמקאו לאכילה ציפוי ואפייה 500 גרם,אתר צפת ממרחים וצימא,IL,אפיכל צמקאו לציפוי ולאפייה 500 גרם,גרמים,500.00,100 גרם,false,1,16.90,3.3800,true,1,6031
7290000129457,false,אבקת רוטב פטריות קנור 28 ג' שקית,יוניליוור ישראל מזון,IL,קנור רוטב פטריות 28 גרם,גרמים,28.00,100 גרם,false,1,5.90,21.0714,true,1,3204
7290000134109,false,כמון מזרחי 40 גרם,תות ממתקי איכות,IL,תבליני טעם וריח מיכל קטן כמון מזרחי 40 גרם,גרמים,40.00,100 גרם,false,1,6.90,17.2500,true,1,4674
7290000134116,false,פפריקה מתוקה 40 גרם,תות ממתקי איכות,IL,תבליני טעם וריח פפריקה מתוקה 40 גרם,גרמים,40.00,100 גרם,false,1,6.90,17.2500,true,1,4680
7290000134147,false,טעם וריח מוסקט טחון מיכל 40גר,תות ממתקי איכות,IL,"תבליני טעם וריח, מוסקט טחון 100%, 40 גרם",גרמים,40.00,100 גרם,false,1,16.90,42.2500,true,1,4681
7290000134314,false,תבלין תיבול לפיצה 120 ג',תות ממתקי איכות,IL,תבליני טעם וריח תערובת תיבול לפיצה 120 גרם,גרמים,120.00,100 גרם,false,1,10.90,9.0833,true,1,33182
7290000134338,false,תבלין אבקת שום טעם ו,תבליני טעם וריח,IL,תבליני טעם וריח אבקת שום 90 גרם,גרמים,90.00,100 גרם,false,1,10.90,12.1111,true,1,50683
7290000134376,false,תבלין פפריקה בשמן 90 גר',תות ממתקי איכות,IL,תבלין פפריקה מתוקה בשמן 90 מיכ,גרמים,90.00,100 גרם,false,1,10.90,12.1111,true,1,50684
7290000134550,false,טעם וריח עלי דפנה שק,תות ממתקי איכות,IL,"תבליני טעם וריח, 100% עלי דפנה, 20 גרם",גרמים,20.00,100 גרם,false,1,5.90,29.5000,true,1,4673
7290000134666,false,תבלין רוזמרין 15ג',תות ממתקי איכות,IL,"תבליני טעם וריח, 100% רוזמרין, 15 גרם",גרמים,15.00,100 גרם,false,1,6.90,46.0000,true,1,9331
7290000134673,false,תבלין זנגביל טעם ורי,תות ממתקי איכות,IL,"תבליני טעם וריח, 100% זנגביל טחון, 30 גרם",גרמים,30.00,100 גרם,false,1,6.90,23.0000,true,1,16935
7290000134758,false,"תבלין תיבול לתפו""א 100 ג'",תות ממתקי איכות,IL,"תבליני טעם וריח, תערובת תיבול לתפוחי אדמה, 100 גרם",גרמים,100.00,100 גרם,false,1,10.90,10.9000,true,1,48149
7290000134826,false,תבלין זעתר מעורב 100 גר',תות ממתקי איכות,IL,"תבליני טעם וריח, תערובת תיבול זעתר , 100 גרם",גרמים,100.00,100 גרם,false,1,10.90,10.9000,true,1,4679
7290000134833,false,תבלין כמון טחון 100 גר',תות ממתקי איכות,IL,"תבליני טעם וריח, 100% כמון מזרחי",גרמים,100.00,100 גרם,false,1,10.90,10.9000,true,1,48148
7290000134840,false,תבלין כורכום טחון 100 גר',תות ממתקי איכות,IL,"תבליני טעם וריח, 100% כורכום, 100 גרם",גרמים,100.00,100 גרם,false,1,10.90,10.9000,true,1,32743
7290000134857,false,תבלין פפריקה מתוקה 100 גר',תות ממתקי איכות,IL,"תבליני טעם וריח, פפריקה מתוקה 100%, 100 גרם",גרמים,100.00,100 גרם,false,1,10.90,10.9000,true,1,4685
7290000134871,false,תבלין פלפל שחור טחון 100 גר',תות ממתקי איכות,IL,"תבליני טעם וריח, 100% פלפל שחור טחון, 100 גרם",גרמים,100.00,100 גרם,false,1,14.90,14.9000,true,1,4687
7290000134987,false,תבלין פלפל שחור גרוס 90 גר',תבליני טעם וריח,IL,"פלפל שחור גרוס 90 גר ""מכיל",גרמים,90.00,100 גרם,false,1,14.90,16.5556,true,1,46234
7290000134994,false,תבלין טימין 20ג',תות ממתקי איכות,IL,"תבליני טעם וריח, 100% טימין, 20 גרם",גרמים,20.00,100 גרם,false,1,6.90,34.5000,true,1,9332
7290000135045,false,"משקה אנרגיה XL TEN תפוח 250 מ""ל","טמפו משקאות בע""מ",IL,XL TEN משקה אנרגיה בטעם תפוח250מל,מיליליטרים,250.00,"100 מ""ל",false,1,5.50,2.2000,true,1,46698
7290000135151,false,"סודה נגיעות לימון ליים 275 מ""ל",טמפו משקאות בעמ,IL,"סודה נגיעות למון ליים 275 מ""ל",מיליליטרים,275.00,"100 מ""ל",false,1,4.50,1.6364,true,1,50329
7290000135557,false,מארז בירה גולדסטאר מ,"טמפו משקאות בע""מ",IL,"גולדסטאר WILD BATCH 330 מ""ל שישייה",ליטרים,1.98,ליטר,false,6,49.90,25.2020,true,1,52795
7290000136646,false,משקה מאלט תריסר 1.5 ל' נשר,טמפו,IL,בירה נשר מאלט בקבוק 1.5 ליטר,ליטרים,1.50,ליטר,false,1,10.00,6.6667,true,1,54203
7290000136653,false,משקה מאלט דיאט תריסר 1.5 ל' נשר,טמפו,IL,בירה נשר מאלט דיאט בקבוק 1.5 ליטר,ליטרים,1.50,ליטר,false,1,10.00,6.6667,true,1,54204
7290000136660,false,סודה טמפו ליטר וחצי,טמפו,IL,מי סודה 1.5 ליטר,ליטרים,1.50,ליטר,false,1,4.20,2.8000,true,1,54411
7290000136677,false,פפסי קולה פיקדון 1.5 ליטר,טמפו,IL,פפסי קולה בקבוק 1.5 ליטר,ליטרים,1.50,ליטר,false,1,8.90,5.9333,true,1,54416
7290000136684,false,פפסי מקס פיקדון 1.5 ליטר,טמפו,IL,פפסי קולה מקס ללא סוכר בקבוק 1.5 ליטר,ליטרים,1.50,ליטר,false,1,8.90,5.9333,true,1,54417
7290000136707,false,מירינדה בקבוק 1.5 לי,טמפו,IL,מירינדה בקבוק 1.5 ליטר,ליטרים,1.50,ליטר,false,1,8.90,5.9333,true,1,54414
7290000136790,false,מארז סודה שישייה 1.5 ל' טמפו,טמפו,IL,מי סודה שישייה בקבוק 1.5 ליטר,ליטרים,9.00,ליטר,false,6,19.70,2.1889,true,1,54208
7290000136851,false,סבן אפ פיקדון 1.5 ליטר,טמפו,IL,סבן אפ בקבוק 1.5 ליטר,ליטרים,1.50,ליטר,false,1,8.90,5.9333,true,1,54415
7290000136868,false,שישיית מים מינרלים סאן בנדטו,סאן בנדטו San Benedetto,IL,מים סן בנדטו שישייה בקבוק 1.5 ליטר,ליטרים,9.00,ליטר,false,6,19.90,2.2111,true,1,54210
7290000136875,false,מארז מים מינרלים מוגז 6* 1.5 ל' סאן בנדטו,סאן בנדטו San Benedetto,IL,שישיית סןבנדטו מוגז בקבוק 1.5 ליטר,ליטרים,9.00,ליטר,false,6,19.90,2.2111,true,1,54459
7290000136936,false,סבן אפ דיאט בקבוק 1.,טמפו,IL,סבן אפ דיאט בקבוק 1.5 ליטר,ליטרים,1.50,ליטר,false,1,8.90,5.9333,true,1,54413
7290000137513,false,גלידונית גלידה וניל בציפוי שוקולד 60 יח' קרמיסימו,"גלידת שטראוס בע""מ, ר",IL,גלידונית קרמיסימו 1/60 630 גרם,גרמים,630.00,100 גרם,false,1,52.90,8.3968,true,1,143
7290000137643,false,מאגדת שלגוני טעמקור 8 יח' שטראוס,"גלידת שטראוס בע""מ, ר",IL,"שטראוס טעמקור 880 מ""ל",גרמים,500.00,100 גרם,false,1,47.90,9.5800,true,1,144
7290000144467,false,שמן חמניות מועשר בנוגדי חמצון 1 ל' עץ הזית,"נארז ע""י : א.ג. גילר",GR,שמן חמניות מועשר בנוגדי חמצון 1 ליטר,ליטרים,1.00,ליטר,false,1,17.90,17.9000,true,1,152
7290000144474,false,שמן קנולה בריאות מהטבע 1 ליטר,שמן תעשיות,EE,שמן קנולה מועשר בנוגדי חמצון 1 ליטר,ליטרים,1.00,ליטר,false,1,17.90,17.9000,true,1,153
7290000148380,false,פיסטוקים קלויים קליי,"ג'י אנד ג'י בע""מ",IL,קליית גת פיסטוק קלויים 200 גרם,גרמים,200.00,100 גרם,false,1,21.90,10.9500,true,1,7235
7290000148489,false,גרעיני דלעת קלית גת 200 ג',"ג'י אנד ג'י בע""מ",IL,"קליית גת גרעיני דלעת קלויים,200 גרם",גרמים,200.00,100 גרם,false,1,11.50,5.7500,true,1,7370
7290000148618,false,אגוזי קשיו מטוגנים ק,"ג'י אנד ג'י בע""מ",IL,קליית גת קשיו מטוגן 200 גרם,גרמים,200.00,100 גרם,false,1,21.90,10.9500,true,1,7236
7290000148748,false,גרעיני חמניה קלית גת 200 ג',"ג'י אנד ג'י בע""מ",IL,"קליית גת חמנייה קלויים, 200 גרם",גרמים,200.00,100 גרם,false,1,7.90,3.9500,true,1,7225
7290000148939,false,שקדים קלויים קלית גת 200 ג',"ג'י אנד ג'י בע""מ",IL,שקד קלוי 200 גר' שקית,גרמים,200.00,100 גרם,false,1,24.90,12.4500,true,1,7237
7290000149905,false,טקסטיל שמפו לכביסה ביד 1 ליטר,מיוצר עי קונדיטוריית,IL,טקסטיל שמפו 1 ליטר,ליטרים,1.00,ליטר,false,1,14.90,14.9000,true,1,16947
7290000159096,false,חזה עוף צלוי תיבול ב,מוצרי עוף טוב (2001),IL,עוף טוב חזה עוף ביתי תבלBBQ.ר.טבע14*500ג,גרמים,500.00,100 גרם,false,1,44.90,8.9800,true,1,21317
7290000161631,false,ח.קליק אין אאוט במילוי נוגט,יוניליוור ישראל מזון,IL,קליק קליק אין חטיף נוגט 38 גרם,גרמים,38.00,100 גרם,false,1,5.90,15.5263,true,1,3119
7290000161648,false,ח.קליק אין אאוט במילוי ק.חלב,יוניליוור ישראל מזון,IL,קליק חטיף קליק אין קרם חלב 38 גרם,גרמים,38.00,100 גרם,false,1,5.90,15.5263,true,1,3120
7290000170053,false,שוקולד פרה 100 ג' חלב.,"תופינית בע""מ",IL,שוקולד פרה חלב 100 גרם,גרמים,100.00,100 גרם,false,1,6.50,6.5000,true,1,236
7290000170077,false,פרה שוקולד מריר 100ג,"שטראוס גרופ בע""מ.",IL,שוק פרה מריר ללג בדצ,גרמים,100.00,100 גרם,false,1,6.50,6.5000,true,1,237
7290000174099,false,בפלות שוקולד עלית 500 ג',"שטראוס גרופ בע""מ",IL,ופלים בטעם שוקולד עלית 500 גרם,גרמים,500.00,100 גרם,false,1,14.50,2.9000,true,1,244
7290000174723,false,אבקת שוקולית עלית קופסא 500ג',הנסיך- מפעל לייצור ט,IL,שוקולית קופסא 500 / 12 קופ'/ 500ג',גרמים,500.00,100 גרם,false,1,15.90,3.1800,true,1,245
7290000176062,false,קפה טורקי בצלופן 100,שטראוס קפה בי.וי.,IL,עלית טורקי שקית 100ג/1שק'/100גר',גרמים,100.00,100 גרם,false,1,9.90,9.9000,true,1,247
7290000176079,false,קפה טורקי עם היל עלית 100 ג',הנסיך- מפעל לייצור ט,IL,עלית טורקי עם הל 00/1שק'/100גר',גרמים,100.00,100 גרם,false,1,10.90,10.9000,true,1,248
7290000176413,false,קפה נמס אבקתי עלית 50 ג',הנסיך- מפעל לייצור ט,IL,קפה נמס עלית 50 גרם,גרמים,50.00,100 גרם,false,1,11.90,23.8000,true,1,250
7290000176420,false,קפה נמס אבקתי 200ג עלית,שטראוס קפה בי.וי,IL,קפה נמס עלית פחית 200 גרם,גרמים,200.00,100 גרם,false,1,23.90,11.9500,true,1,251
7290000176468,false,קפה נמס נטול קפאין 50 ג' קפה האג,"איי, בי, אינבוו",IL,האג נמס אבקתי פחית 50 גר חדש,גרמים,50.00,100 גרם,false,1,13.90,27.8000,true,1,252
7290000178103,false,שוקולד חלב מאגדת רביעיה *100 ג',"שטראוס גרופ בע""מ.",IL,מאג 4 פרה חלב ללג בדצ,גרמים,400.00,100 גרם,false,1,24.90,6.2250,true,1,267
7290000178707,false,חטיף תפוציפס טבעי 50,"שטראוס פריטו ליי בע""",IL,תפו טבעי 50 גר 48 יח - שמיטה,גרמים,50.00,100 גרם,false,1,5.50,11.0000,true,1,270
7290000178721,false,חטיף תפוציפס טבעי 20,"שטראוס פריטו ליי בע""",IL,תפו טבעי 200 גר 12 יח,גרמים,200.00,100 גרם,false,1,12.90,6.4500,true,1,16560
7290000180212,false,שוקולוד פרה מריר אגוזים 100ג' עלית,"שטראוס גרופ בע""מ",IL,שוקולד פרה מריר אגוזים 100 גרם,גרמים,100.00,100 גרם,false,1,6.50,6.5000,true,1,4651
7290000186535,false,נייר טואלט טריו לבן 32 גלילים לילי,קימברלי קלארק ישראל,IL,לילי טריפל קומפורט לבן 32 גלילים,מטרים,53700.00,מטר,false,1,45.90,0.0009,true,1,23847
7290000187860,false,מגבוני טואלט לחים לילי דיספנסר 40יח',עלבד משואות יצחק בעמ,IL,מגבוני טואלט לח לילי,לא מנהל יחידת מידה,0.00,לא מנהל יחידת מידה,false,1,8.90,0.0000,true,1,297
7290000187921,false,נייר טואלט לבן 32 גלילים לילי,קימברלי קלארק ישראל,IL,לילי פיור נייר טואלט דו שכבתי לבן 32 גלילים,מטרים,58880.00,מטר,false,1,41.90,0.0007,true,1,12448
7290000187938,false,לילי - נייר טואולט נייר טואלט פסטל 32 יח',קימברלי קלארק,IL,נייר טואלט לילי פסטל 32 גלילים,מטרים,58880.00,מטר,false,1,39.90,0.0007,true,1,12449
7290000187952,false,נייר טואלט טריו לילי פרימיום 32גליל,קימברלי קלארק,IL,נייר טואלט לילי טריו 32 גלילים,מטרים,53470.00,מטר,false,1,45.90,0.0009,true,1,53570
7290000189079,false,"ניקול תבניות אינגליש חזקות ועבות מארז, 7 יח'",בראבו,CN,תבניות אינגליש ניקול 6 יחידות,לא מנהל יחידת מידה,0.00,לא מנהל יחידת מידה,false,1,13.90,0.0000,true,1,26100
7290000189116,false,ניקול תבניות אלומניום עגולות 5 יח',בראבו,CN,תבניות עגולות ניקול 6 יחידות,לא מנהל יחידת מידה,0.00,לא מנהל יחידת מידה,false,1,13.90,0.0000,true,1,26101
7290000189482,false,ניקול תבנית אפייה מקרטון מרובעת 4יח',"דוקארט בעמ, קיבוץ כפ",IL,תבנית אפייה קרטון מלבן 4 יח,לא מנהל יחידת מידה,0.00,לא מנהל יחידת מידה,false,1,13.90,0.0000,true,1,38104
7290000189550,false,אשפתון 78X90 ענק ניקול 20יח',קריות זול,IL,שקיות אשפה זוג 20 יחידות,לא מנהל יחידת מידה,0.00,לא מנהל יחידת מידה,false,1,28.90,0.0000,true,1,3124
7290000189598,false,מטליות לחות חד פעמיות לניקוי כללי 50 יח' ניקול,עלבד משואות יצחק בעמ,IL,מטליות לחות לניקוי כללי 50 יח ניקול,Unknown,0.00,Unknown,false,1,13.90,0.0000,true,1,14658
7290000189659,false,מטליות לחות לרצפה ניקול 10 יח'-מרכז,עלבד משואות יצחק בעמ,IL,ניקול מטליות לחות לניקוי הרצפה 10 יחידות,Unknown,0.00,Unknown,false,1,13.90,0.0000,true,1,15792
7290000189734,false,מטליות לחות לפרקט 10יח' ניקול,עלבד משואות יצחק בעמ,IL,ניקול מטליות לחות לניקוי פרקט 10 יחידות,גרמים,0.00,100 גרם,false,1,16.90,0.0000,true,1,26948
7290000189871,false,אשפתון שרוך מתכלה ניקול 60יח',אשפלסט,IL,שקיות אשפה עם שרוך ניקול 60 יחידות,לא מנהל יחידת מידה,0.00,לא מנהל יחידת מידה,false,1,27.90,0.0000,true,1,13247
7290000190068,false,מפיות לבנות ניקול 10,חוגלה קימברלי,IL,"מפיות ניקול חלקות לאירוח חד שכבתי, 100 יחידות",Unknown,0.00,Unknown,false,1,7.90,0.0000,true,1,5920
7290000190150,false,מפיות נייר מודפסות 3 שכבות ניקול 20 יח',קריות זול,SI,ניקול מפיות מעוצבות תלת שכבתי 20 יחידות,לא מנהל יחידת מידה,0.00,לא מנהל יחידת מידה,false,1,8.90,0.0000,true,1,56463
7290000190198,false,מטליות לניקוי וחיטוי חדרי שירותים ואמבטיה,עלבד משואות יצחק בעמ,IL,מטליות לחות לניקוי חיטוי ניקול,יחידה,1.00,יחידה,false,1,13.90,13.9000,true,1,50016
7290000191546,false,ממחטות טישו צבעוני 2 שכבות לילי מארז 100X3יח',חוגלה קימברלי,,ממחטות טישיו לילי צבעוני בניילון שלישייה,Unknown,0.00,Unknown,false,1,12.90,0.0000,true,1,4856
7290000191652,false,קלינקס ממחטות טישו אולטרא סופט מארז 90X3יח',חוגלה קימברלי,IL,ממחטות טישיו קלינקס ניילון מארז שלישייה,לא מנהל יחידת מידה,0.00,לא מנהל יחידת מידה,false,1,12.90,0.0000,true,1,10085
7290000191966,false,מגבוני טואלט לח סנסטיב לילי 40יח',עלבד משואות יצחק בעמ,IL,מגבוני טואלט לח ללא בישום לילי,יחידה,1.00,יחידה,false,1,8.90,8.9000,true,1,21520
7290000195216,false,נייר אפייה בשקית ניקול 50 יח',אופל,IL,נייר אפיה ניקול 50 יח,לא מנהל יחידת מידה,0.00,לא מנהל יחידת מידה,false,1,11.90,0.0000,true,1,46270
7290000195537,false,האגיס - מגבוני האגיס דיילי קר לא מבושם 64 יח' * 4,חוגלה קימברלי,IL,האגיס מגבונים לחים לתינוק ללא בישום מארז רביעייה,יחידה,1.00,יחידה,false,1,22.90,22.9000,true,1,5620
7290000196763,false,ניקול שקיות לאשפה השקית החזקה 40 יח',אשפלסט,IL,שקיות אשפה השקית החזקה ניקול 40 יח,Unknown,0.00,Unknown,false,1,28.90,0.0000,true,1,25121
7290000197012,false,ניקול שקיות ניילון ריצרץ לאחסון 15יח',קריות זול,CN,שקיות ריצרץ 19*18 ניקול בקופסא 15 שקיות,לא מנהל יחידת מידה,0.00,לא מנהל יחידת מידה,false,1,17.00,0.0000,true,1,3483
7290000197326,false,רדיד אלומניום ניקול זוגי 30X7.5מ',קריות זול,IL,זוג רדיד אלומיניום קצר עובי משופר 15 מיקרון,מטרים,1500.00,מטר,false,1,13.90,0.0093,true,1,312
7290000197425,false,האגיס - פרידום דריי שלב 3 52 יח',קימברלי קלארק ישראל,IL,חיתולים פרידום דריי שלב 3,יחידה,1.00,יחידה,false,1,45.90,45.9000,true,1,24901
7290000197432,false,שקיות אוכל סנדביצ'ון ניקול מארז 150X2יח',אשלפסט תעשיות בעמ,IL,סנדוויצון זוגות,לא מנהל יחידת מידה,0.00,לא מנהל יחידת מידה,false,1,15.90,0.0000,true,1,313
7290000197456,false,האגיס - פרידום דריי שלב 4 44 יח',קימברלי קלארק ישראל,IL,חיתולים פרידום דריי שלב 4,יחידה,1.00,יחידה,false,1,45.90,45.9000,true,1,24902
7290000197463,false,האגיס - פרידום דריי שלב 4+ 40 יח',קימברלי קלארק ישראל,IL,חיתולי פרידום דריי שלב +4,יחידה,1.00,יחידה,false,1,45.90,45.9000,true,1,24904
7290000197548,false,האגיס - פרידום דריי שלב 5 36 יח',קימברלי קלארק ישראל,IL,חיתולי האגיס פרידום דריי שלב 5,לא מנהל יחידת מידה,0.00,לא מנהל יחידת מידה,false,1,45.90,0.0000,true,1,24903
7290000197678,false,האגיס - פרידום פלוס שלב 6 30 יח',קימברלי קלארק ישראל,IL,חיתולים פרידום דריי שלב 6,יחידה,1.00,יחידה,false,1,45.90,45.9000,true,1,25772
7290000197753,false,ניילון נצמד אנטי בטקריאלי ניקול 30X2מ',קריות זול,,ניילון נצמד זוג ניקול,מטרים,3000.00,מטר,false,1,14.90,0.0050,true,1,316
7290000197876,false,ניקול תבנית אלומיניום 4 יח' 2 מכסים,פאלאס,CN,ניקול תבניות אלומניום עם מכסה 4 יחידות+ 4 מכסים,לא מנהל יחידת מידה,0.00,לא מנהל יחידת מידה,false,1,10.90,0.0000,true,1,4248
7290000197883,false,ניקול תבניות אלומיניום 4יח',ארץ ייצור: סין,CN,תבנית אלומיניום גדול 4 יחידות,לא מנהל יחידת מידה,0.00,לא מנהל יחידת מידה,false,1,10.90,0.0000,true,1,4245
7290000197951,false,ניקול תבנית אלומיניום ענק 3 יח',פאלאס,,תבנית אלומיניום ענק 2 יחידות,לא מנהל יחידת מידה,0.00,לא מנהל יחידת מידה,false,1,10.90,0.0000,true,1,4243
7290000201795,false,"האגיס מגבונים לתינוק מבושם מארז, שלישיה * 64 יח'",קימברלי,IL,האגיס מגבונים לחים שלישיה,יחידה,1.00,יחידה,false,1,18.90,18.9000,true,1,55286
7290000204147,false,ניקול כריות יפניות 2 ב 1 רביעייה,פלסטו פוליש (ברקן),IL,כריות יפניות דו צדדיות ניקול רביעייה,גרמים,280.00,100 גרם,false,1,12.90,4.6071,true,1,17809
7290000204239,false,ניקול מטליות ריצפה רביעיה,עופרטקס,,מטליות רצפה ניקול 4 יח,לא מנהל יחידת מידה,0.00,לא מנהל יחידת מידה,false,1,13.90,0.0000,true,1,2884
7290000204253,false,מטליות ניקול רב שימושיות 9יח',נועם אורים-קיבוץ אור,IL,"ניקול, מטליות ניקוי רב שימושיות, 9 יחידות",לא מנהל יחידת מידה,0.00,לא מנהל יחידת מידה,false,1,13.90,0.0000,true,1,324
7290000204611,false,ספוגיות הקסם ניקול 6יח',קריות זול,US,ספוגית הקסם ניקול 6 יחידות,לא מנהל יחידת מידה,0.00,לא מנהל יחידת מידה,false,1,13.90,0.0000,true,1,7390
7290000207063,false,רסק עגבניות פריכוז 28% 240 גרם יכין,היינץ צפון אמריקה מק,IL,רסק עגבניות פריכוז 260 גרם יכין,גרמים,260.00,100 גרם,false,1,5.50,2.1154,true,1,33792
7290000207162,false,רוטב עגבניות מרכיב טבעי 100 ג' יכין,"זנלכל בע""מ",IL,יכין רוטב עגבניות מרוכז 100 גרם,גרמים,100.00,100 גרם,false,1,2.50,2.5000,true,1,5356
7290000207438,false,עגבניות קוביות יכין 800 גר,"זנלכל בע""מ",IL,קוביות עגבניות יכין A2.5 800 ג,גרמים,800.00,100 גרם,false,1,9.90,1.2375,true,1,49086
7290000208022,false,עגבניות מרוסקות פריכוז 800 ג' יכין,"זנלכל בע""מ",IL,עגבניות מרוסקות יכין 800 גרם,גרמים,800.00,100 גרם,false,1,9.90,1.2375,true,1,5889
7290000208077,false,אפונת גינה גדולה 550 גרם יכין,"זנלכל בע""מ",IL,אפונת גינה יכין 550גרם,גרמים,550.00,100 גרם,false,1,8.90,1.6182,true,1,32659
7290000208091,false,אפונה עדין A2 יכין 550 ג',"זנלכל בע""מ",IL,אפונה קטנה 560 גרם יכין,גרמים,560.00,100 גרם,false,1,9.90,1.7679,true,1,33633
7290000208114,false,אפונת גינה וגזר 550 ג' יכין,"זנלכל בע""מ",IL,יכין אפונת גינה וגזר 550 גרם,גרמים,550.00,100 גרם,false,1,8.90,1.6182,true,1,30608
7290000208138,false,סירופ ענבים דיאט 1 ליטר יכין,"זנלכל בע""מ",IL,יכין סירופ בטעם ענבים דיאט 1 ליטר,ליטרים,1.00,ליטר,false,1,17.90,17.9000,true,1,49669
7290000208145,false,גרגרי תירס מתוק לייט A2 יכין 550 ג',"זנלכל בע""מ",IL,תירס לייט גרעינים יכין 550 גרם,גרמים,550.00,100 גרם,false,1,9.90,1.8000,true,1,5626
7290000208213,false,שעועית לבנה אפויה A2 ברוטב עגבניות יכין 560ג',היינץ צפון אמריקה מק,IL,יכין שעועית לבנה ברוטב עגבניות 580 גרם,גרמים,580.00,100 גרם,false,1,8.50,1.4655,true,1,25771
7290000208220,false,שעועית צילי חריף 550 ג' יכין,היינץ צפון אמריקה מק,IL,יכין שעועית צ'ילי בנוסח מקסיקני חריף 580 גרם,גרמים,0.00,100 גרם,false,1,8.90,0.0000,true,1,49091
7290000208312,false,גרעיני תירס מתוק בואקום יכין 400 גר',"זנלכל בע""מ",IL,תירס גרעינים יכין 340 גרם,גרמים,340.00,100 גרם,false,1,6.90,2.0294,true,1,32331
7290000208329,false,גרעיני תירס מתוק A2 יכין 550ג',"זנלכל בע""מ",IL,תירס גרעינים מתוק יכין 560 גרם,גרמים,560.00,100 גרם,false,1,8.90,1.5893,true,1,5589
7290000208336,false,רסק עגבניות 22% יכין 240ג',"זנלכל בע""מ",IL,יכין רוטב עגבניות מרוכז 240 גרם,גרמים,240.00,100 גרם,false,1,4.50,1.8750,true,1,5845
7290000208404,false,A2 פול מצרי 550 גרם יכין,"זנלכל בע""מ",IL,פול מצרי 560 גרם A2 יכין,גרמים,560.00,100 גרם,false,1,8.50,1.5179,true,1,20814
7290000208428,false,גרגרי חומוס שלם 550 גרם יכין,"זנלכל בע""מ",IL,חומוס שלם יכין 560 גרם,גרמים,560.00,100 גרם,false,1,8.90,1.5893,true,1,13501
7290000208534,false,גרעיני תירס ילדים 550 גרם יכין,"זנלכל בע""מ",IL,תירס קיד-גרעיני תירס מתוק550 ג,גרמים,550.00,100 גרם,false,1,9.90,1.8000,true,1,32744
7290000208855,false,רוטב פסטה עגבניות יכין 240 ג',"זנלכל בע""מ",IL,רוטב פסטה 240גר,גרמים,240.00,100 גרם,false,1,5.90,2.4583,true,1,34495
7290000208930,false,עגבניות מרוסקות בתוספת שום 240 ג' יכין,"זנלכל בע""מ",IL,עגבניות מרוסקות שום 240ג,גרמים,240.00,100 גרם,false,1,5.90,2.4583,true,1,34489
7290000208947,false,עגבניות מרוסקות 240 גרם יכין,היינץ צפון אמריקה מק,IL,יכין עגבניות מרוסקות 260 גרם,גרמים,240.00,100 גרם,false,1,5.90,2.4583,true,1,5847
7290000209012,false,חומץ הדרים יכין 1 לי,"זנלכל בע""מ",IL,חומץ 1 ליטר יכין,ליטרים,1.00,ליטר,false,1,5.90,5.9000,true,1,32789
7290000209371,false,שלישיית תירס קטן יכי,היינץ צפון אמריקה מק,IL,יכין גרעיני תירס מתוק שלישייה 3*165,גרמים,165.00,100 גרם,false,1,14.90,9.0303,true,1,49758
7290000209579,false,סירופ דיאט אננס 1 ליטר,"זנלכל בע""מ",IL,יכין סירופ בטעם אננס דיאט 1 ליטר,ליטרים,1.00,ליטר,false,1,17.90,17.9000,true,1,49668
7290000209722,false,רסק עגבניות 28% פריכוז 580 גרם יכין,"זנלכל בע""מ",IL,רסק עגבניות פריכוז 580 יכין,גרמים,580.00,100 גרם,false,1,10.90,1.8793,true,1,32314
7290000209913,false,עגבניות קוביות יכין 240 ג',"זנלכל בע""מ",IL,קוביות עגבניות 240גרם,גרמים,240.00,100 גרם,false,1,5.90,2.4583,true,1,49087
7290000209944,false,רוטב לעגבניות בסיס לשקשוקה 240 ג' יכין,"זנלכל בע""מ",IL,רוטב עגבניות לשקשוקה יכין 240גרם,גרמים,240.00,100 גרם,false,1,5.90,2.4583,true,1,29751
7290000209951,false,רוטב עגבניות לפיצה 240 גרם יכין,"זנלכל בע""מ",IL,רוטב פיצה 240גרם יכין,גרמים,240.00,100 גרם,false,1,5.90,2.4583,true,1,19497
7290000209968,false,רוטב עגבניות ללזניה יכין 240 גרם,"זנלכל בע""מ",IL,רוטב לזניה 240גרם,גרמים,240.00,100 גרם,false,1,5.90,2.4583,true,1,49088
7290000210896,false,רוטב בולונז לפסטה יכין 240 גר',"זנלכל בע""מ",IL,רוטב בולנז 240גרם יכין,גרמים,240.00,100 גרם,false,1,5.90,2.4583,true,1,49093
7290000211169,false,"אורז תאילנדי אחד אחד סוגת 1 ק""ג",האי נאם סי או אל.טי.,IL,"אורז תאילנדי 1 ק""ג",קילוגרמים,1.00,"ק""ג",false,1,8.90,8.9000,true,1,14042
7290000211312,false,סוגת אורז מלא פרסי אחד אחד 1 קג,האי נאם סי או אל.טי.,IL,"אורז מלא ארוך 1 ק""ג",קילוגרמים,1.00,"ק""ג",false,1,11.90,11.9000,true,1,333
7290000211442,false,"סוגת אורז פרסי קלאסי שקית 1 ק""ג",האי נאם סי או אל.טי.,IL,"אורז פרסי 1 ק""ג",קילוגרמים,1.00,"ק""ג",false,1,13.90,13.9000,true,1,336
7290000211503,false,סוכר לבן ארוז בשקית,"סוגת תעשיות בע""מ",IL,"סוכר לבן ארוז בשקית סוגת 1 ק""ג",קילוגרמים,1.00,"ק""ג",false,1,5.50,5.5000,true,1,337
7290000211985,false,"אורז ריזוטו עגול סוגת 1 ק""ג","סוגת תעשיות בע""מ",IL,"אורז עגול 1 ק""ג",קילוגרמים,1.00,"ק""ג",false,1,13.90,13.9000,true,1,338
7290000238029,false,"בצק עלים צרפתי מרודד מעדנות 1ק""ג",מיוצר עי קונדיטוריית,IL,"בצק עלים 1 ק""ג",קילוגרמים,1.00,"ק""ג",false,1,25.90,25.9000,true,1,401
7290000238036,false,מלאווח 6יח' מעדנות 700ג',מיוצר עי קונדיטוריית,IL,מלווח 700 גרם מעדנות,גרמים,700.00,100 גרם,false,1,19.90,2.8429,true,1,402
7290000238173,false,בורקס גבינה 800 ג' מעדנות,מיוצר עי קונדיטוריית,IL,בורקס גבינה מעדנות 800 גרם,גרמים,800.00,100 גרם,false,1,26.90,3.3625,true,1,403
7290000238180,false,בורקס תפוחי אדמה מעדנות 800ג',מיוצר עי קונדיטוריית,IL,"בורקס תפו""א מעדנות 800 גרם",גרמים,800.00,100 גרם,false,1,25.90,3.2375,true,1,404
7290000253220,false,שוקולד צ'יפס חום אופנהיימר 260 גר',אופנהיימר,IL,שוקולד ציפס חום אופנהיימר 260גרם,גרמים,260.00,100 גרם,false,1,13.90,5.3462,true,1,420
7290000253251,false,שוקולד צ'יפס לבן אופנהיימר 300ג',אופנהיימר,IL,שוקולד ציפס אופנהיימר לבן260גר,גרמים,260.00,100 גרם,false,1,13.90,5.3462,true,1,46577
7290000263359,false,האגיס - פיור נטורל שלב 1 ניו בורן 40 יח',קימברלי קלארק שיווק,IL,חיתולים האגיס מידה 1 ליטל בייביז,יחידה,1.00,יחידה,false,1,39.90,39.9000,true,1,56464
7290000267012,false,שקדים מולבנים שלמים,"דין שיווק וקליה בע""מ",IL,שקד טבעי מולבן שלם 100 גרם שקדיה,גרמים,100.00,100 גרם,false,1,10.90,10.9000,false,1,6205
7290000267029,false,שקדים מולבנים חצויים,"דין שיווק וקליה בע""מ",IL,שקד טבעי מולבן חצוי 100 גרם שקדיה,גרמים,100.00,100 גרם,false,1,10.90,10.9000,true,1,53688
7290000267036,false,שקדים משובבים השף 100 ג',"דין שיווק וקליה בע""מ",IL,שקד טבעי מולבן משובב 100 גרם שקדיה,גרמים,100.00,100 גרם,false,1,10.90,10.9000,true,1,53689
7290000267043,false,שקדים מולבנים פרוסים,"דין שיווק וקליה בע""מ",IL,שקד טבעי מולבן פרוס 100 גרם שקדיה,גרמים,100.00,100 גרם,false,1,10.90,10.9000,false,1,6208
7290000267050,false,שקדים טבעיים טחונים,"דין שיווק וקליה בע""מ",IL,שקדים טחונים 100 גרם שקדיה,גרמים,100.00,100 גרם,false,1,10.90,10.9000,false,1,53690
7290000267104,false,שקד מולבן גרוס/מרוסק,"דין שיווק וקליה בע""מ",IL,שקד מולבן מרוסק 100 גרם שקדיה,גרמים,100.00,100 גרם,false,1,10.90,10.9000,true,1,6210
7290000267548,false,אגוזי מלך גרוסים 100 ג',דין שיווק,IL,אגוז גרוס 100 גרם שקדיה,גרמים,100.00,100 גרם,false,1,12.90,12.9000,true,1,53691
7290000267586,false,גרעייני חמניה קלופים 150 גר,"דין שיווק וקליה בע""מ",IL,גרעין חמנייה קלוף טבעי 150 גרם שקדיה,גרמים,150.00,100 גרם,false,1,6.90,4.6000,false,1,8513
7290000267678,false,גרעיני דלעת טבעי קלוף שקדיה 150 ג',"דין שיווק וקליה בע""מ",IL,גרעיני דלעת קלופים טבעי 150 גרם שקדיה,גרמים,150.00,100 גרם,false,1,13.90,9.2667,false,1,8514
7290000272696,false,עסיס מיץ לימון טבעי משומר 1 ל' אסם,בית-השיטה עסיס תעשיו,IL,עסיס מיץ לימון משומר 12*1ליטר,ליטרים,1.00,ליטר,false,1,12.90,12.9000,true,1,467
7290000286297,false,"סנו אנטי קאלק מסיר אבן מקומקום 700 מ""ל",סנו מפעלי ברונוס בעמ,IL,אנטי קלאק מסיר אבנית מקומקום 700 מל,מיליליטרים,700.00,"100 מ""ל",false,1,14.90,2.1286,true,1,6229
7290000286501,false,ספוג רחצה כיף מסאז',קוסמופארם,IL,"ספוג כיף מאסז """,יחידה,1.00,יחידה,false,1,8.90,8.9000,true,1,47923
7290000286549,false,סנו סושי מטליות לניקוי כללי 9 יח',טרופיקל דגיל תעשיות,IL,"סנו סושי מטליות לניקוי כללי, 9 יחידות",לא מנהל יחידת מידה,0.00,לא מנהל יחידת מידה,false,1,14.90,0.0000,true,1,6230
7290000286761,false,ניילון נצמד סנו סושי פלסטיק מארז 30X2 מ',מיוצר עי קונדיטוריית,CN,סנו סושי - צמד ניילון נצמד+,מטרים,3000.00,מטר,false,1,11.90,0.0040,true,1,6232
7290000286945,false,"סנו רהיט אקדח מרסס 500מ""ל","סנו מפעלי ברונוס בע""",IL,סנו רהיט נוזל מנקה ומבריק רהיטים 500 מל,מיליליטרים,500.00,"100 מ""ל",false,1,29.90,5.9800,true,1,52038
7290000287102,false,"סנו שמפו שטיחים אירוסול 600 מ""ל",מיוצר עי קונדיטוריית,IL,"סנו ספריי לשטיחים 600 מ""ל",מיליליטרים,600.00,"100 מ""ל",false,1,28.90,4.8167,true,1,524
7290000287195,false,"סנו רהיט ספריי עשיר בווקס להברקה 305 מ""ל",מיוצר עי קונדיטוריית,IL,"סנו רהיט אירוסול מנקה, מבריק, מגן ודוחה אבק 300 מל",מיליליטרים,305.00,"100 מ""ל",false,1,17.90,5.8689,true,1,6235
7290000287621,false,"מנקה אסלות סנו אנטי קאלק 750 מ""ל,",מיוצר עי קונדיטוריית,IL,"מנקה אסלות אנטי קאלק 750 מ""ל",מיליליטרים,750.00,"100 מ""ל",false,1,13.90,1.8533,true,1,7555
7290000288017,false,אקונומיקה בריח לימון,"סנו מפעלי ברונוס בע""",IL,אקונומיקה סנו JAVEL לימון 1 ליטר,ליטרים,1.00,ליטר,false,1,9.90,9.9000,true,1,538
7290000288024,false,סנו - ז'אוול אקונומיקה בריח לימון 4 ליטר,"סנו מפעלי ברונוס בע""",IL,אקונומיקה סנו JAVEL לימון 4 ליטר,ליטרים,4.00,ליטר,false,1,17.90,4.4750,true,1,539
7290000288086,false,"סנו ז'אוול אבקת ואקונומיקה לימון 600 מ""ל",מיוצר עי קונדיטוריית,IL,חול לניקוי JAVEL אקונ600לימון,גרמים,600.00,100 גרם,false,1,11.90,1.9833,true,1,52039
7290000288109,false,"אבקת כביסה מקסימה אפקט ג''אוול 1.25 ק""ג סנו",סנו מפעלי ברונוס בעמ,IL,"אבקת כביסה קומפקט מקסימה 1.25 ק""ג",קילוגרמים,1.25,"ק""ג",false,1,16.90,13.5200,true,1,540
7290000288352,false,"סנו K-300 חרקים ונמלים 630מ""ל","סנו מפעלי ברונוס בע""",IL,K-300,מיליליטרים,630.00,"100 מ""ל",false,1,25.90,4.1111,true,1,545
7290000288383,false,קוטל K500 נמלים סנו,מיוצר עי קונדיטוריית,IL,"משמיד זוחלים K500 סנו 400 מ""ל",מיליליטרים,400.00,"100 מ""ל",false,1,25.90,6.4750,true,1,546
7290000288390,false,"סנו K-600 מעופפים 500מ""ל","סנו מפעלי ברונוס בע""",IL,"משמיד זבובים יתושים K600 יבש 500 מ""ל",מיליליטרים,500.00,"100 מ""ל",false,1,25.90,5.1800,true,1,547
7290000288413,false,"סנו - די רולאון דוחה יתושים 50 מ""ל",גוד פוד פרודקטס S.p,IL,"סנו די דוחה יתושים כדורי 50 מ""ל",מיליליטרים,50.00,"100 מ""ל",false,1,21.90,43.8000,true,1,548
7290000288840,false,סנו - מים מזוקקים 2 ליטר,סנו,IL,מים מזוקקים 2 ליטר,ליטרים,2.00,ליטר,false,1,17.50,8.7500,true,1,3933
7290000289069,false,סנו - ז'אוול מרסס קצף ניקוי בתוספת אקונומיקה בריח לימון 1 ליטר,"סנו מפעלי ברונוס בע""",IL,קצף ניקוי JAVEL מרסס בריח לימון סנו 1 ל,ליטרים,1.00,ליטר,false,1,18.90,18.9000,true,1,558
7290000289472,false,סנו סושי שקיות 76*90 50 יח' XXL,מיוצר עי קונדיטוריית,IL,סושי 50 ש.אשפה גדולות במיוחד,לא מנהל יחידת מידה,0.00,לא מנהל יחידת מידה,false,1,23.90,0.0000,true,1,2114
7290000289748,false,"סנו פורטה פלוס מסיר שומנים לתנור 750מ""ל","סנו מפעלי ברונוס בע""",IL,סנו פורטה פלוס 750 מ''ל,מיליליטרים,750.00,"100 מ""ל",false,1,16.90,2.2533,true,1,559
7290000292311,false,סנו פוליווקס לרצפות סחלבים 2ל',"סנו מפעלי ברונוס בע""",IL,פוליויקס מנקה ומבריק רצפות 2 ליטר שחלבים,ליטרים,2.00,ליטר,false,1,25.90,12.9500,true,1,567
7290000292557,false,סנומט מלוי נוזלי דוחה יתושים 45 לילות,טרופיקל דגיל תעשיות,IT,"סנומט מילוי נוזלי למכשיר חשמלי, דוחה יתושים",Unknown,0.00,Unknown,false,1,21.90,0.0000,true,1,569
7290000292564,false,"סנו 2000-K דוחה חרקים ללא ריח 750 מ""ל",מיוצר עי קונדיטוריית,IL,תכשיר מיקרוקפסורי,מיליליטרים,750.00,"100 מ""ל",false,1,39.50,5.2667,true,1,570
7290000292687,false,סנובון לאסלה כחול אפרסק נתלה 55X3ג',מיוצר עי קונדיטוריית,IL,"סנובון סבון אסלה כחול קלאסיק, 3 יחידות",גרמים,165.00,100 גרם,false,1,17.90,10.8485,true,1,572
7290000293073,false,מרכך כביסה מקסימה ביו לבן 4 ל' סנו,"סנו מפעלי ברונוס בע""",IL,מרכך 4 ליטר,ליטרים,4.00,ליטר,false,1,24.90,6.2250,true,1,573
7290000293820,false,"קרמה מן שמפו וג'ל גל רחצה אקטיב בלוק 700מ""ל",קוסמופארם בעמ,IL,קרמה מן - CARBON POWER - גל רחצה אקטיב,לא מנהל יחידת מידה,0.00,לא מנהל יחידת מידה,false,1,18.90,0.0000,true,1,51030
7290000293943,false,סנו אנטי קאלק מסיר אבנית וחלודה 1ל',מיוצר עי קונדיטוריית,IL,אנטי קאלק מסיר אבנית וחלודה לשימוש כללי 1 ליטר,ליטרים,1.00,ליטר,false,1,18.90,18.9000,true,1,574
7290000294780,false,סנו - ז'אוול אקונומיקה סמיכה מבושמת 4 ליטר,"סנו מפעלי ברונוס בע""",IL,אקונומיקה סנו JAVEL סמיכה 4 ליטר,ליטרים,4.00,ליטר,false,1,17.90,4.4750,true,1,579
7290000295121,false,מטליות זיגזג סנו סושי לניקוי רצפות 3יח',קריות זול,IL,מטליות זיג זג לניקוי רצפות 3 יחידות,לא מנהל יחידת מידה,0.00,לא מנהל יחידת מידה,false,1,18.50,0.0000,true,1,580
7290000295299,false,כרית קרצוף יפניות סנו סושי 4 יח',סנו מפעלי ברונו בעמ,IL,כרית הפלא סנו סושי 4 יחידות,יחידה,1.00,יחידה,false,1,13.90,13.9000,true,1,6249
7290000295367,false,"מקסימה ז'אוול 2.5ק""ג אבקת כביסה מרכז",הורביץ סחר,IL,"אבקת כביסה, אפקט JAVEL",קילוגרמים,2.50,"ק""ג",false,1,28.90,11.5600,true,1,6251
7290000295404,false,סנו סושי שקית אשפה חזקות 70*50 60 יח',מיוצר עי קונדיטוריית,IL,סושי 60 ש.אשפה חזקות עם שרוך,לא מנהל יחידת מידה,0.00,לא מנהל יחידת מידה,false,1,23.90,0.0000,true,1,4939
7290000295503,false,סנו סושי שקיות אוכל מתכלות זוג *150 יח',אשפלסט תעשיות,CN,שקיות אוכל 19*25 סנו סושי 150 שקיות,לא מנהל יחידת מידה,0.00,לא מנהל יחידת מידה,false,1,14.90,0.0000,true,1,6252
7290000295558,false,רדיד אלומיניום סנו סושי זוגי 30X7.5מ',מולינו ניקולי s.p.a,CN,"רדיד אלומיניום זוג 15 מ רוחב 30 ס""מ",מטרים,1500.00,מטר,false,1,10.90,0.0073,true,1,7433
7290000300900,false,טבעול שניצל תירס 8*750גרם רכיבים טבעיים,עיצובים 2020 (4.8),IL,שניצל תירס טבעול 750 גרם,גרמים,750.00,100 גרם,false,1,29.90,3.9867,true,1,5009
7290000311203,false,וופלים מן שוקולד 200 גר,תות ממתקי איכות,IL,ופלים מן בטעם שוקולד 200 גרם,גרמים,200.00,100 גרם,false,1,5.50,2.7500,true,1,641
7290000311869,false,מן-וופלים בטעם שוק ללא תוספת סוכר 180ג,תות ממתקי איכות,IL,ופל מן ללא סוכר 180 גרם,גרמים,180.00,100 גרם,false,1,11.90,6.6111,true,1,28647
7290000311890,false,ופל בטעם לימון ללא סוכר 180 גר',"רוקחמן בע""מ",IL,וופל מן ללא סוכר לימון 180גרם,גרמים,180.00,100 גרם,false,1,11.90,6.6111,true,1,55992
7290000313160,false,עוגיות חברים זהבה ו-3 הדובים שוקו' אסם 250 גר',היינץ צפון אמריקה מק,IL,עוגיות ביסקוויט זהבה ו 3 הדובים 250 גרם,גרמים,250.00,100 גרם,false,1,8.90,3.5600,true,1,7434
7290000313290,false,אסם נודלס נודלס אטריות מסולסלות 200גר,תאי פרזידנט פוד בנגק,TH,אסם נודלס אטריות מסולסלות 12*200גרם,גרמים,200.00,100 גרם,false,1,11.90,5.9500,true,1,20000
7290000318127,false,נקניקיות ביס 380 ג' יחיעם,מעדני יחיעם 1993,IL,יחיעם נקניקיות ביס 380 גרם,גרמים,380.00,100 גרם,false,1,11.90,3.1316,true,1,5421
7290000318479,false,פרושטו בקר יחיעם 100,תאי פרזידנט פוד פאבל,IL,"יחיעם, פרושוטו , 100 גרם",גרמים,100.00,100 גרם,false,1,34.00,34.0000,true,1,5727
7290000318677,false,סלמי סרוולט 150 ג' יחיעם,מעדני יחיעם 1993,IL,סלמי סרוולט,גרמים,150.00,100 גרם,false,1,29.90,19.9333,true,1,9671
7290000318943,false,יחיעם פסטרמה של פעם,תאי פרזידנט פוד פאבל,IL,"יחיעם, פסטרמה של פעם, 200 גרם",גרמים,200.00,100 גרם,false,1,27.90,13.9500,true,1,9673
7290000319063,false,כתף בקר מפולפל יחיעם,מעדני יחיעם,IL,כתף בקר מפולפל 150 גרם,גרמים,150.00,100 גרם,false,1,26.90,17.9333,true,1,43813
7290000319131,false,נקניקיות עוף 400 ג' יחיעם,מעדני יחיעם 1993,IL,נקניקיות עוף 400 גר יחיעם,גרמים,400.00,100 גרם,false,1,12.90,3.2250,true,1,5431
7290000319520,false,סלמי בסגנון צרפתי 10,מעדני יחיעם 1993,IL,סלמי צרפתי 100 גרם יחיעם,גרמים,100.00,100 גרם,false,1,25.90,25.9000,true,1,5728
7290000319803,false,קבנוס קלאסי 125 ג' יחיעם,תאי פרזידנט פוד פאבל,IL,קבנוס קלאסי 125 גרם יחיעם,גרמים,125.00,100 גרם,false,1,14.90,11.9200,true,1,28004
7290000319834,false,קבנוס פפרוני 125 ג' יחיעם,תאי פרזידנט פוד פאבל,IL,קבנוס פפרוני קלאסי 125 גרם יחיעם,גרמים,125.00,100 גרם,false,1,14.90,11.9200,true,1,28003
7290000334042,false,"צ'יפס טוגן תפוגן 2 ק""ג","תעשיות תפוגן בע""מ",IL,תפוגן טוגן 6*2קג,קילוגרמים,2.00,"ק""ג",false,1,29.90,14.9500,true,1,28498
7290000334325,false,ציפס למיקרו מארז שלישיה 125 ג' תפוגן,"תעשיות תפוגן בע""מ",IL,תפוגן צ'יפס מיקרוגל 8*375גרם מח.מיוחד,גרמים,375.00,100 גרם,false,1,16.90,4.5067,true,1,5266
7290000336053,false,"תרכיז טבעי סיידר הגליל 330 מ""ל","טמפו משקאות בע""מ",IL,סיידר תרכיז 330 בקבוק,מיליליטרים,330.00,"100 מ""ל",false,1,13.60,4.1212,true,1,700
7290000336282,false,"סיידר תפוח צלול בבקבוק 330 מ""ל",טמפו משקאות בעמ,IL,סיידר תפוח צלול 330 בקבוק,מיליליטרים,330.00,"100 מ""ל",false,1,8.90,2.6970,true,1,2164
7290000339566,false,מרכך כביסה ורוד 4 ל' בדין,יוניליור ישראל טיפוח,IL,מרכך כביסה בדין ורוד,ליטרים,4.00,ליטר,false,1,25.90,6.4750,true,1,14292
7290000345048,false,תה ויסוצקי 74 - 125ג',HIQ FOOD PRODUCTS,IL,"תה ""74""ויסוצקי 125 גרם",גרמים,125.00,100 גרם,false,1,14.50,11.6000,true,1,48442
7290000345215,false,תה ויסוצקי קלאסיק 100/1 כחול מעודן,מולינו ניקולי s.p.a,IL,100/1כחול C2000,גרמים,100.00,100 גרם,false,1,19.50,19.5000,true,1,4671
7290000345260,false,תה ויסוצקי קלאסיק 25X1.50יח',מולינו ניקולי s.p.a,IL,תה קלאסיק 1.5 גרם 25 שקיקים,גרמים,37.00,100 גרם,false,1,8.20,22.1622,true,1,4716
7290000345284,false,תה ויסוצקי קלאסיק טעם עשיר 100/1.5יח',מולינו ניקולי s.p.a,IL,100/1.5במעטפה,יחידה,1.00,יחידה,false,1,18.90,18.9000,true,1,5234
7290000345291,false,תה ארל גריי 25 שקיקים ויסוצקי,קריות זול,IL,ארל גריי TEAR TAPE - 25,גרמים,38.00,100 גרם,false,1,17.90,47.1053,true,1,4717
7290000345307,false,תה ארל גריי 50 שקיקים ויסוצקי,מולינו ניקולי s.p.a,IL,50/1.5א.ג - TEAR TAPE,גרמים,75.00,100 גרם,false,1,32.00,42.6667,true,1,5441
7290000346021,false,תה הגן הקסום קמומיל 50יח',בית ויסוצקי,IL,הגן הקסום חליטת קמומיל בבונג 50 75 גר,גרמים,75.00,100 גרם,false,1,39.90,53.2000,true,1,55334
7290000346120,false,תה ויסוצקי חליטת קסם הקינמון 25יח',קריות זול,IL,קסם הקינמון-הגן הקסום,גרמים,62.00,100 גרם,false,1,19.90,32.0968,true,1,735
7290000346199,false,תה הגן הקסום תה פירות יער 25 יח',קריות זול,IL,"פירות היער-""הגן הקסום """,גרמים,67.00,100 גרם,false,1,19.90,29.7015,true,1,737
7290000346205,false,תה הגן הקסום תה קמומיל 25 יח',קריות זול,IL,"קמומיל-""הגן הקסוםC24 ?",גרמים,37.00,100 גרם,false,1,19.90,53.7838,true,1,5442
7290000347738,false,תה ירוק נענע 25 שקיקים 1.5 גרם,קריות זול,IL,תה ירוק עם נענע T.T,גרמים,37.00,100 גרם,false,1,26.90,72.7027,true,1,740
7290000347752,false,תה ירוק לימונית ולואיזה 25 שקיקים *1.5 ג'' ויסוצקי,קריות זול,IL,תה ירוק עם לימונית/לואיזה T.T,גרמים,37.00,100 גרם,false,1,26.90,72.7027,true,1,741
7290000363363,false,קבנוס מיוחד טירת צבי,הנסיך- מפעל לייצור ט,IL,טירת צבי קבנוס נקניק מעושן יבש 160 גרם,גרמים,160.00,100 גרם,false,1,18.90,11.8125,true,1,774
7290000364261,false,דקניקים סלסולי כתף בקר 120 ג' טירת צבי,הנסיך- מפעל לייצור ט,IL,דקניקים סלסולי כתף בקר 120 גרם,גרמים,120.00,100 גרם,false,1,16.90,14.0833,true,1,16906
7290000364278,false,דקניקים סילסולי סלמי איטלקי 120 ג' טירת צבי,הנסיך- מפעל לייצור ט,IL,דקניקים סלסולי סלמי איטלקי משובח 120 גרם,גרמים,120.00,100 גרם,false,1,16.90,14.0833,true,1,16907
7290000364285,false,דקניקים סלסולי פסטרמה הודו 120 ג' טירת צבי,הנסיך- מפעל לייצור ט,IL,דקניקים סלסולי פסטרמה הודו 120 גרם,גרמים,120.00,100 גרם,false,1,16.90,14.0833,true,1,16908
7290000364292,false,דקניקים סלסולי פסטרמה הודו על גחלים 120 ג' טירת צבי,הנסיך- מפעל לייצור ט,IL,דקניקים סלסולי פסטרמה גחלים 120 גרם,גרמים,120.00,100 גרם,false,1,16.90,14.0833,true,1,19514
7290000364803,false,נקניקיות קרנץ אמריקאי טירת צבי 500 ג',הנסיך- מפעל לייצור ט,IL,"טירת צבי, נקניקיות בקר בסגנון אמריקאי, 500 גרם",גרמים,500.00,100 גרם,false,1,31.90,6.3800,true,1,787
7290000364858,false,"נקניקיות עוף טרי 1 ק""ג טירת צבי",הנסיך- מפעל לייצור ט,IL,"טירת צבי - נקניקיות עוף 1 ק""ג",קילוגרמים,1.00,"ק""ג",false,1,29.90,29.9000,true,1,788
7290000364872,false,נקניקיות עוף טירת צבי 400 ג',טיב טירת צבי 2000,IL,נקניקיות עוף 400 גרם,גרמים,400.00,100 גרם,false,1,14.90,3.7250,true,1,789
7290000367590,false,צמד כפרי סלמי+פסטרמה 800 גרם טירת צבי,טיב טירת צבי 2000,IL,צמד כפרי פסטרמה סלמי טירת צבי 800 גרם,גרמים,800.00,100 גרם,false,1,32.90,4.1125,true,1,792
7290000369037,false,סלט קוביות בולגרית 200 ג' ניצן,נטורל קייקס,IL,סלט קוביות בולגרית 200 גרם,גרמים,200.00,100 גרם,false,1,18.90,9.4500,true,1,43623
7290000369365,false,גבינה בולגרית למריחה,"ניצן מותגי מזון בע""מ",,גבינה בולגרית למריחה וחציל 200 גרם,גרמים,200.00,100 גרם,false,1,13.90,6.9500,true,1,13172
7290000369617,false,כדורי מעדן גבינה בשמן 225 ג' ניצן,"ניצן מותגי מזון בע""מ",IL,כדורי גבינת פטה בשמן 150 גרם,גרמים,150.00,100 גרם,false,1,19.90,13.2667,true,1,13171
7290000369709,false,ממרח חמאה בטעם שום 1,"ניצן מותגי מזון בע""מ",,חמאה מתובלת 100 גרם,גרמים,100.00,100 גרם,false,1,13.50,13.5000,true,1,13170
7290000377209,false,בוטנים מטוגנים קליית,"ג'י אנד ג'י בע""מ",IL,בוטנים מטוגנים קליית גת 200 גרם,גרמים,200.00,100 גרם,false,1,8.30,4.1500,true,1,16329
7290000377445,false,נש צאנס קלית גת 200 גר',"ג'י אנד ג'י בע""מ",IL,נש צ'אנס 200 גר' ב 12,גרמים,200.00,100 גרם,false,1,9.90,4.9500,true,1,11968
7290000377452,false,גרעיני אבטיח קלית גת 200 ג',הדקלאים אגודת שיתופי,IL,גרעיני אבטיח שק'200 גר',גרמים,200.00,100 גרם,false,1,14.90,7.4500,true,1,7241
7290000379258,false,חלת קונדיטורית ארוזה 500 ג' אנג'ל,מאפיית שלמה א. אנג'ל,IL,אנג'ל חלת קונדיטוריה 500 גרם,גרמים,500.00,100 גרם,false,1,16.90,3.3800,true,1,813
7290000379432,false,לחמניה אצבע אנג'ל 75 ג',מאפיית אנג'ל,IL,לחמניה 75 גרם,גרמים,75.00,100 גרם,false,1,2.90,3.8667,true,1,816
7290000408316,false,דנונה ביו יוגורט טבעי 3% 200 ג',מיוצר עי קונדיטוריית,IL,דנונה ביו 3% 200 גרם,גרמים,200.00,100 גרם,false,1,3.70,1.8500,true,1,935
7290000408354,false,יוגורט עם אורז מצופה שוקולד קקאו 175 ג' דנונה,"שטראוס בריאות בע""מ",IL,בר דנונה פצפוצים,גרמים,175.00,100 גרם,false,1,4.90,2.8000,true,1,936
7290000412481,false,סנו - מנקה אסלות 00 1 ליטר,מיוצר עי קונדיטוריית,IL,מנקה אסלות 00 סנו 1 ליטר,ליטרים,1.00,ליטר,false,1,9.90,9.9000,true,1,962
7290000416021,false,ממרח שוקולד השחר חלבי 500 גר',השחר העולה,IL,ממרח השחר העולה חלבי 500 גרם,גרמים,500.00,100 גרם,false,1,14.90,2.9800,true,1,998
7290000416618,false,"ממרח שוקולד השחר פרווה בד""צ 400 גר'",השחר העולה בעמ,IL,ממרח שוקולד השחר 400 גרם,גרמים,400.00,100 גרם,false,1,14.50,3.6250,true,1,999
7290000419909,false,לנדוור לבוקר - קפה טחון טורקי 100 גרם,מולינו ניקולי s.p.a,IL,לנדוור חזק קפה טחון טורקי 100גרם,גרמים,100.00,100 גרם,false,1,9.90,9.9000,true,1,12679
7290000420332,false,פופ קורן חמאה למיקרוגל 5יח',קריות זול,US,פופקורן פופ סטאר חמאה 500 גרם,גרמים,500.00,100 גרם,false,1,16.90,3.3800,true,1,13138
7290000430102,false,"שקיות קרח 2 ק""ג ""מר אייס""",אייס קיוב,,קוביות קרח בשקית,יחידה,1.00,יחידה,false,1,12.90,12.9000,true,1,5273
7290000450209,false,נתחי טונה פוסידון בשמן 110 ג',"מיוצר עי וליגר בעמ,",IL,פוסידון נתחי טונה בהירה בשמן 108 גרם,גרמים,108.00,100 גרם,false,1,6.90,6.3889,true,1,1061
7290000450308,false,נתחי טונה פוסידון במים 110 ג',ויליגר בעמ עבור נטו,IL,טונה במים פוסידון 108 גרם,גרמים,108.00,100 גרם,false,1,6.70,6.2037,true,1,1065
7290000453019,false,שמרים טריים לאפייה שקית שמרית 50 ג',"פאקא תעשיות בע""מ",IL,שמרית שמרים טריים לאפייה 50 גרם,גרמים,50.00,100 גרם,false,1,5.50,11.0000,true,1,1067
7290000453408,false,בצק פיצה דק מצונן ומוכן לאפייה שמרית,"פאקא תעשיות בע""מ",GR,בצק פיצה דק מצונן ומוכן לאפייה - שמרית,גרמים,150.00,100 גרם,false,1,18.90,12.6000,true,1,47996
7290000453415,false,בצק עלים מצונן ומוכן לאפייה שמרית,"פאקא תעשיות בע""מ",FR,בצק עלים מצונן ומוכן לאפייה - שמרית,גרמים,150.00,100 גרם,false,1,17.90,11.9333,true,1,47994
7290000453446,false,פיצה קראסט בצק שמרים מצונן להכנת פיצה ופוקצ'ה,שטראוס,IL,פיצה קראסט שימרית 500גרם,גרמים,500.00,100 גרם,false,1,21.90,4.3800,true,1,55349
7290000461625,false,בייגלה שמיניות מלח בייגל בייגל 400 ג',בייגל את בייגל מזון,IL,כעכים עם מלח בייגל בייגל,גרמים,400.00,100 גרם,false,1,13.90,3.4750,true,1,1085
7290000461656,false,בייגלה אחד אחד 400 ג' מקלות,בייגל את בייגל מזון,IL,כעכים בצורת מקלות עם מלח בייגל בייגל,גרמים,400.00,100 גרם,false,1,13.90,3.4750,true,1,1087
7290000461700,false,בייגלה שמיניות גדולו,בייגל את בייגל מזון,IL,כעכים גדולים עם מלח בייגל בייגל,גרמים,400.00,100 גרם,false,1,15.90,3.9750,true,1,1088
7290000461793,false,בייגלה ארוך ארוך סידרה ירוקה 200גר,בייגל את בייגל מזון,IL,כעכים בצורת מקלות עם מלח בייגל בייגל,גרמים,150.00,100 גרם,false,1,7.40,4.9333,true,1,1091
7290000462141,false,סחוג אדום חריף מאוד (מכסה אדום) 150 גרם,קריניסה ויטמין אס אי,IL,"זהבי הכרם זחוק תמני חריף, 150 גרם",גרמים,150.00,100 גרם,false,1,10.90,7.2667,true,1,49628
7290000467153,false,צבר חומוס סמיר הגדול 400גר,סלטי צבר,IL,צבר חומוס סמיר הגדול 6*400גרם,גרמים,400.00,100 גרם,false,1,14.90,3.7250,true,1,22760
7290000467320,false,צבר חומוס אבו מרוואן 400גר,סלטי צבר,IL,חומוס אבו מרוואן מלך החומוס 400 גרם,גרמים,400.00,100 גרם,false,1,14.90,3.7250,true,1,22761
7290000467511,false,ביסלי חטיף ברביקיו אסם 55 ג',"אסם השקעות בע""מ",IL,ביסלי ברביקיו 55 גרם,גרמים,55.00,100 גרם,false,1,4.90,8.9091,true,1,23261
7290000467887,false,ביסלי חטיף פיצה אסם 55 ג',"אסם השקעות בע""מ",IL,ביסלי פיצה 55 גרם,גרמים,55.00,100 גרם,false,1,4.90,8.9091,true,1,23262
7290000468747,false,ביסלי חטיף גריל אסם 55 ג',"אסם השקעות בע""מ",IL,ביסלי גריל 55 גרם,גרמים,55.00,100 גרם,false,1,4.90,8.9091,true,1,23263
7290000474090,false,חלב הומוגני 1% קרטון טרה 1ל',מילקו תעשיות בעמ,IL,"חלב בקרטון 1%- 1 ליטר בד""צ",ליטרים,1.00,ליטר,false,1,5.86,5.8600,true,1,1147
7290000474373,false,"שמנת חמוצה 15% שומן 200 מ""ל טרה",קריות זול,IL,"שמנת חמוצה 200 מ""ל בד""צ",גרמים,200.00,100 גרם,false,1,2.40,1.2000,true,1,31298
7290000474502,false,גבינה לבנה 5% 250ג' טרה מהדרין,קריות זול,IL,גבינה לבנה 5% פיקוח 250 גרם,גרמים,250.00,100 גרם,false,1,4.98,1.9920,true,1,1152
7290000474540,false,גבינה טוב טעם 3% טרה 250ג' מהדרין,קריות זול,IL,"טרה, טוב טעם, גבינה לבנה 3% , 250 גרם",גרמים,250.00,100 גרם,false,1,12.90,5.1600,true,1,1153
7290000480107,false,קוואקר שיבולת שועל פחית 500 גר',וולקרס סנקס לימיטד,GB,קוואקר שיבולת שועל פחית 500 גר 24 יח,גרמים,500.00,100 גרם,false,1,15.90,3.1800,true,1,1158
7290000480442,false,קוואקר שיבולת שועל שקית 500 גר',פריטו ליי FRITO-LAY,IL,שיבולת שועל קוואקר שקית 500 גרם,גרמים,500.00,100 גרם,false,1,14.80,2.9600,true,1,1161
7290000484747,false,עראק עלית 700 מל 40% כהל,יקב הגליל שווק בעמ,IL,"עלית הארק 40% בקבוק 700 מ""ל",מיליליטרים,700.00,"100 מ""ל",false,1,59.90,8.5571,true,1,28701
7290000493183,false,אבקת רוטב פיטריות 30 ג' אסם,"אסם השקעות בע""מ",IL,אסם אבקת רוטב פטריות 3 12*30גרם,גרמים,30.00,100 גרם,false,1,5.50,18.3333,true,1,1184
7290000504049,false,סוכרזית קנקן 1200 טבליות,אף.סי תבליני בגליל ב,IL,ממתיק סוכרזית קנקן 1200 טבליות,גרמים,98.00,100 גרם,false,1,23.90,24.3878,true,1,1260
7290000504209,false,"סוכרזית דיאט טיפ נוזלי 220 מ""ל",אף.סי תבליני בגליל ב,IL,"סוכרזית קלאסי, ממתיק נוזלי בטעם הקלאסי 220 מל",מיליליטרים,220.00,"100 מ""ל",false,1,22.90,10.4091,true,1,1261
7290000504278,false,סוכרזית - קלאסי פטנט 700 טבליות,אף.סי תבליני בגליל ב,IL,ממתיק סוכרזית פטנט 700 טבליות,גרמים,57.00,100 גרם,false,1,18.90,33.1579,true,1,1262
7290000518121,false,מתוק וקל ממתיק 50 שקיות,קריות זול,IL,ממתיק אבקה דקסטרוזה וסכרין 50 גר,יחידה,1.00,יחידה,false,1,6.90,6.9000,true,1,1274
7290000518190,false,מתוק וקל סטיביה 100 שקיות,מתוק וקל,,מתוק וקל סטיביה 100 שקיות,יחידה,1.00,יחידה,false,1,26.90,26.9000,true,1,41753
7290000518220,false,סוכרה דיאט ממתיק 100 שקיות,פתח תקווה,IL,סוכרה להמתקה לבישול ואפייה 100 יח,גרמים,100.00,100 גרם,false,1,28.90,28.9000,true,1,41754
7290000518336,false,ממתק צמר גפן מתוק מסיבים תזונתיים,מתוק וקל בעמ,IL,מוש צמר גפן מתוק מסיבים תזונתיים 10 גרם,גרמים,10.00,100 גרם,false,1,5.90,59.0000,true,1,56010
7290000521008,false,"יין אדום יבש סגל 750 מ""ל",כרמי צבי - אחים סגל,IL,יין אדום יבש של סגל 750 מל,מיליליטרים,750.00,"100 מ""ל",false,1,22.90,3.0533,true,1,1296
7290000521015,false,"יין סגל לבן יבש 750מ""ל","מיוצר ע""י כרמי צבי-",IL,סגל יין לבן יבש 2016 750 מל,מיליליטרים,750.00,"100 מ""ל",false,1,22.90,3.0533,true,1,1297
7290000521022,false,יין של סגל לבן חצי י,"מיוצר ע""י כרמי צבי-",IL,סגל לבן חצי יבש 2015 750 מל,מיליליטרים,750.00,"100 מ""ל",false,1,22.90,3.0533,true,1,11551
7290000523125,false,מלח הארץ הים האדום 250 ג' עדין,חברת מלח הארץ אילת ב,IL,מלח הארץ מהים האדום מלח ים דק 250 גרם,גרמים,250.00,100 גרם,false,1,6.50,2.6000,true,1,6520
7290000523224,false,מלח הארץ הים האדום 500 ג' עדין,חברת מלח הארץ אילת ב,IL,מלח הארץ מהים האדום מלח ים דק,גרמים,500.00,100 גרם,false,1,8.30,1.6600,true,1,6521
7290000525969,false,פרימור סחוט תפוזים טבעי 1ל',"גניר (1992) בע""מ",IL,פרימור מיץ תפוזים 1 ליטר,ליטרים,1.00,ליטר,false,1,17.90,17.9000,true,1,1306
7290000530598,false,נקניקיות וינר 500 ג' טרי זוגלובק,נקניק נהריה כשר זוגל,IL,נקניקיות וינר 500 גרם זוגלובק,גרמים,500.00,100 גרם,false,1,18.30,3.6600,true,1,1311
7290000530703,false,זוג במארז חרמון הודו + סלמי תה זוגלובק 800 גר',נקניק נהריה כשר זוגל,IL,זוגלובק זוג חרמון הודו ועוף 400+סלמי תה 400 גרם,גרמים,800.00,100 גרם,false,1,34.90,4.3625,true,1,6530
7290000537566,false,נקניקיות עוף טרי 400 ג' זוגלובק,נקניק נהריה כשר זוגל,IL,זוגלובק נקניקיות עוף 400 גרם,גרמים,400.00,100 גרם,false,1,14.90,3.7250,true,1,1342
7290000538709,false,סלמי תה מעושן 200 ג' זוגלובק,זוגלובק,IL,זוגלובק סלמי תה מעושן 200 גרם,Unknown,0.00,Unknown,false,1,11.90,0.0000,true,1,45602
7290000554402,false,מלבי 160גר מחלבות גד,"מיוצר ע""י קוד יצרן E",IL,מלבי מעדן חלב גד 170 גרם,גרמים,170.00,100 גרם,false,1,6.90,4.0588,true,1,1402
7290000554457,false,גבינה צפתית מיני 5% גד 350ג',"מחלבות גד בע""מ",IL,גד צפתית גבינה מלוחה במליחות עדינה 5% 350 גרם,גרמים,350.00,100 גרם,false,1,25.90,7.4000,true,1,1403
7290000554471,false,גבינת מוצרלה 22% נקניק 180ג' גד,"מחלבות גד בע""מ",IL,גבינת מוצרלה 22% 180 גרם,גרמים,180.00,100 גרם,false,1,19.90,11.0556,true,1,1404
7290000554532,false,גבינה צפתית מעודנת במלח ים 5% 200 ג' גד,הנסיך- מפעל לייצור ט,IL,גד צפתית מעודנת 5% שומן,גרמים,200.00,100 גרם,false,1,16.90,8.4500,true,1,15829
7290000554600,false,מוצרלה מגורדת 18% 300 גרם - רובין,מחלבות גד בעמ,IL,גד מוצרלה מגורדת מחלב בקר 22% 300 גרם,גרמים,300.00,100 גרם,false,1,27.90,9.3000,true,1,1407
7290000554624,false,ירח מתוק 3% 150 גרם רובין,"מיוצר ע""י קוד יצרן E",IL,"ירח מתוק ,מעדן חלב עם אורז 3% , 150 גרם",גרמים,150.00,100 גרם,false,1,6.90,4.6000,true,1,1408
7290000554686,false,לאבנה שמן זית וזעתר 5% 250 גרם - רבנות,מחלבות גד בעמ,IL,גד לאבנה בתוספת שמן זית וזעתר 5%,גרמים,250.00,100 גרם,false,1,14.90,5.9600,true,1,1409
7290000554822,false,גבינת ריקוטה טבעית 5% גד 250ג',מחלבות גד בעמ,IL,גבינה ריקוטה גד 250 גרם,גרמים,250.00,100 גרם,false,1,16.90,6.7600,true,1,1412
7290000554839,false,שמנת מתוקה קשה בסגנון איטלקי 40% שומן 250 ג' גד,מחלבות גד בעמ,IL,גבינה מוקצפת מסקרפונה 250 גרם גד,גרמים,250.00,100 גרם,false,1,23.90,9.5600,true,1,1413
7290000560533,false,אדג' ג'ל ירוק לעור רגיל 198גרם,אס.סי ג'ונסון ובניו,US,200 מל גל גילוח אדג בתוספת אלוורה,מיליליטרים,200.00,"100 מ""ל",false,1,18.90,9.4500,true,1,1431
7290000560557,false,אדג ג'ל תכלת לרכוך העור 198 ג',אס.סי ג'ונסון ובניו,US,"ג""ל גילוח אדג ריכוך עור 200 מ""ל",מיליליטרים,200.00,"100 מ""ל",false,1,18.90,9.4500,true,1,1433
7290000571232,false,גבינת גאודה טבעית פרוס 30% המחלווה 150ג',גבינות משק אחים מאיר,IL,גבינה גאודה פרוס המחלבה 150 גרם,גרמים,150.00,100 גרם,false,1,25.90,17.2667,true,1,13408
7290000571386,false,יוגורט כבשים 850 ג' יוגורמה,גבינות משק אחים מאיר,IL,יוגורט יוגורמה מחלב כבשים 850גרם המחלבה,גרמים,850.00,100 גרם,false,1,29.90,3.5176,true,1,1444
7290000571393,false,יוגורמה יוגורט כבשים,גבינות משק אחים מאיר,IL,המחלבה יוגורמה יוגורט מחלב כבשים 5% 140 גרם,גרמים,140.00,100 גרם,false,1,7.50,5.3571,true,1,1445
7290000571478,false,"גבינת גאודה תום פרוסה עיזים, 200 גרם",גבינות משק אחים מאיר,IL,גאודה-תום פרוסה 200 גרם,גרמים,150.00,100 גרם,false,1,40.90,27.2667,true,1,17078
7290000571485,false,משקה יוגורט יוגורמה,גבינות משק אחים מאיר,IL,המחלבה משקה יוגורט עזים 1 קג,ליטרים,1.00,ליטר,false,1,25.90,25.9000,true,1,18789
7290000571812,false,פרמזן מגורד בית יצחק,גבינות משק אחים מאיר,IL,גבינת פרמזן מגורדת המחלבה 200 גרם,גרמים,200.00,100 גרם,false,1,23.90,11.9500,true,1,22709
7290000571843,false,יוגורט עיזים יוגורמה,גבינות משק אחים מאיר,IL,המחלבה יוגורמה גביע מחלב עזים 140 גרם,גרמים,140.00,100 גרם,false,1,7.50,5.3571,true,1,26681
7290000572208,false,חלבה חטיף וניל אחווה 100ג',שוורצקוף& הנקל דיסלד,IL,אחוה חלוה בטעם וניל 100 גרם,גרמים,100.00,100 גרם,false,1,3.90,3.9000,true,1,1446
7290000644783,false,נתחי פילה סלמון בואק,X MAK,DK,"נתחי פילה סלמון בואקום לק""ג",קילוגרמים,1.00,"ק""ג",true,,110.00,110.0000,true,1,17343
7290000652542,false,פילה אמנון 5-7 100% דג,,CN,פילה אמנון קפוא 5-7 100% דג לקג,קילוגרמים,1.00,"ק""ג",true,,39.00,39.0000,true,1,49698
7290000659312,false,דגי תנובה פילה סלומון קפוא בוואקום,PEQUERA DEL,,"פילה סלמון בואקום לק""ג",קילוגרמים,1.00,"ק""ג",true,,97.00,97.0000,true,1,2933
7290000662817,false,סלמון מעושן 100 גרם נורבגי,,צ'ילה (TDE),סלמון מעושן 100גרם,גרמים,100.00,100 גרם,false,1,23.90,23.9000,true,1,53524
7290000688077,false,"מי עדן 0.500 מ""ל פקק רגיל",מופק ממקור בזלתי עדן,IL,מים מינרליים מי עדן פקק רגיל 0.5 ל',מיליליטרים,500.00,"100 מ""ל",false,1,3.90,0.7800,true,1,35089
7290000688084,false,מים מינרליים פקק ספו,מופק ממקור בזלתי עדן,IL,"מי עדן בקבוק ספורט 500 מ""ל",מיליליטרים,500.00,"100 מ""ל",false,1,3.90,0.7800,true,1,29541
7290000688381,false,מי עדן פקק ספורט 6*500 מל.,"מי עדן בע""מ",IL,"מי עדן בקבוק אישי שישייה 500 מ""ל",ליטרים,3.00,ליטר,false,1,14.90,4.9667,true,1,29544
7290000692210,false,אג'קס ניקוי כללי לוונדר 2ל',הנסיך- מפעל לייצור ט,GR,אג'קס נוזל לניקוי כללי ורצפות בניחוח לבנדר 2 ליטר,ליטרים,2.00,ליטר,false,1,22.90,11.4500,true,1,6801
7290000692227,false,נוזל כלים פלמוליב צילינדר קלאסי 1 ליטר,יבואן ומשווק: ש. שסט,GR,פלמוליב נוזל לניקוי כלים קלאסי 1 ליטר,ליטרים,1.00,ליטר,false,1,14.90,14.9000,true,1,1595
7290000849492,false,"סרקל שמפו לילדים 500 מ""ל",פישר מעבדות פרמצבטיו,IL,דר פישר סרקל שמפו לילדים ללא דמעות 500 מל,מיליליטרים,500.00,"100 מ""ל",false,1,16.90,3.3800,true,1,45955
7290000976433,false,קשיו קלוי במשקל,דין שיווק,VN,קשיו ענק קלוי,קילוגרמים,1.00,"ק""ג",true,1,105.00,105.0000,true,1,55725
7290000976457,false,גרעין אבטיח קלוי במש,דין שיווק,IL,גרעין אבטיח קלוי,קילוגרמים,1.00,"ק""ג",true,1,61.00,61.0000,true,1,55726
7290000976471,false,גרעין דלעת מקולפת במ,דין שיווק,IL,דלעת מקולפת טבעי,קילוגרמים,1.00,"ק""ג",true,1,70.00,70.0000,true,1,55727
7290000976501,false,צימוק חום במשקל,דין שיווק,IL,צימוק חום,קילוגרמים,1.00,"ק""ג",true,1,45.00,45.0000,true,1,55728
7290000976600,false,משמש מיובש,דין שיווק,IL,משמש מיובש,קילוגרמים,1.00,"ק""ג",true,1,65.00,65.0000,true,1,55730
7290000976662,false,פקאן טבעי במשקל,דין שיווק,IL,פאקן טבעי,קילוגרמים,1.00,"ק""ג",true,1,129.00,129.0000,true,1,55731
7290000976716,false,תירס סויה קלוי,דין שיווק,IL,תירס סויה קלוי,קילוגרמים,1.00,"ק""ג",true,1,65.00,65.0000,true,1,55732
7290000976747,false,בונדוק קלוי במשקל,דין שיווק,IL,בונדוק קלוי,קילוגרמים,1.00,"ק""ג",true,1,130.00,130.0000,true,1,55733
7290000976754,false,מנצס במשקל,דין שיווק,IL,מנציס,קילוגרמים,1.00,"ק""ג",true,1,65.00,65.0000,true,1,55734
7290000976761,false,אגוז קלוף במשקל,דין שיווק,IL,אגוז מלך קלוף,קילוגרמים,1.00,"ק""ג",true,1,89.00,89.0000,true,1,55735
7290000976785,false,קשיו מסוכר במשקל,דין שיווק,VN,קשיו מסוכר,קילוגרמים,1.00,"ק""ג",true,1,80.00,80.0000,true,1,55736
7290000976846,false,פיסטוק מקולף במשקל,דין שיווק,IL,פיסטוק מקולף,קילוגרמים,1.00,"ק""ג",true,1,170.00,170.0000,true,1,55829
7290000976860,false,שקד מולבן,דין שיווק,IL,שקד מולבן,קילוגרמים,1.00,"ק""ג",true,1,130.00,130.0000,true,1,55738
7290000976884,false,פקאן סיני במשקל.,דין שיווק,IL,פקאן סיני,קילוגרמים,1.00,"ק""ג",true,1,130.00,130.0000,true,1,55739
7290000977010,false,קבוקים במשקל.,דין שיווק,IL,קבוקים,קילוגרמים,1.00,"ק""ג",true,1,45.00,45.0000,true,1,55740
7290000977027,false,פיסטוק ענק קלוי במשק,דין שיווק,IL,פיסטוק ענק קלוי,קילוגרמים,1.00,"ק""ג",true,1,105.00,105.0000,true,1,55741
7290000977089,false,קשיו טבעי במשקל,דין שיווק,IL,קשיו טבעי,קילוגרמים,1.00,"ק""ג",true,1,89.00,89.0000,true,1,55743
7290000977102,false,תערובת פיצוחים במשקל,דין שיווק,TR,תערובת פיצוחים,קילוגרמים,1.00,"ק""ג",true,1,99.00,99.0000,true,1,55775
7290000977140,false,אגוזי מקדמיה במשקל,דין שיווק,IL,מקדמיה,קילוגרמים,1.00,"ק""ג",true,1,155.00,155.0000,true,1,55744
7290000977324,false,בוטן מסוכר במשקל,דין שיווק,IL,בוטן מסוכר,קילוגרמים,1.00,"ק""ג",true,1,45.00,45.0000,true,1,55745
7290000977478,false,בוטן קלוי במשקל,דין שיווק,IL,בוטנים קלויים,קילוגרמים,1.00,"ק""ג",true,1,45.00,45.0000,true,1,55749
7290000977485,false,גרעין לבן קלוי במשקל,דין שיווק,IL,גרעין לבן קלוי,קילוגרמים,1.00,"ק""ג",true,1,55.00,55.0000,true,1,55750
7290000977645,false,חטיפים יפני במשקל,דין שיווק,IL,חטיף יפני,קילוגרמים,1.00,"ק""ג",true,1,70.00,70.0000,true,1,55752
7290000977676,false,שקד ספרדי קלוי במשקל,דין שיווק,IL,שקד ספרדי קלוי,קילוגרמים,1.00,"ק""ג",true,1,105.00,105.0000,true,1,55753
7290000977706,false,אגוז ברזיל טבעי שקיל,דין שיווק,IL,גרעין מלון קלוי,קילוגרמים,1.00,"ק""ג",true,1,50.00,50.0000,true,1,55755
7290000977751,false,צימוק לבן ענק במשקל,דין שיווק,IL,צימוק לבן ענק,קילוגרמים,1.00,"ק""ג",true,1,49.00,49.0000,true,1,55756
7290000977782,false,תאנים גדולים במשקל,דין שיווק,IL,תאנים מיובשים,קילוגרמים,1.00,"ק""ג",true,1,52.00,52.0000,true,1,55757
7290000977799,false,שזיף ללא גרעין במשקל,דין שיווק,IL,שזיף ללא גרעינים,קילוגרמים,1.00,"ק""ג",true,1,49.00,49.0000,true,1,55758
7290000977881,false,תפוח עץ מיובש,דין שיווק,CN,תפוח עץ מיובש,קילוגרמים,1.00,"ק""ג",true,1,49.00,49.0000,true,1,55761
7290000978024,false,בננה צ'יפס במשקל,דין שיווק,IL,בננה ציפס,קילוגרמים,1.00,"ק""ג",true,1,45.00,45.0000,true,1,55764
7290000978321,false,מנגו מסוכר,דין שיווק,IL,מנגו מסוכר,קילוגרמים,1.00,"ק""ג",true,1,50.00,50.0000,true,1,55766
7290000982113,false,עגבניה טעם,חקלאי,IL,עגבניה טעם,קילוגרמים,1.00,"ק""ג",true,,19.90,19.9000,true,1,56082
7290001019047,false,סינטה פרוס לה דליקטס,לה דליקטס ארט,IL,סינטה פרוס לה דליקטס 100 גרם,גרמים,100.00,100 גרם,false,1,37.90,37.9000,true,1,53426
7290001019061,false,רוסטביף פרוס לה דליק,לה דליקטס ארט,IL,רוסטביף פרוס לה דליקטס 150 גרם,גרמים,150.00,100 גרם,false,1,34.90,23.2667,true,1,53428
7290001019078,false,סלמי קרקובר לה דליקס,לה דליקטס ארט,IL,סלמי קרקובר לה דליקסט 150 גרם,גרמים,150.00,100 גרם,false,1,26.90,17.9333,true,1,53430
7290001019351,false,נקניק צרפתי קוניאק ל,לה דליקטס ארט,IL,נקניק צרפתי קוניאק לה דליקטס 100 גרם,גרמים,100.00,100 גרם,false,1,37.90,37.9000,true,1,53423
7290001019368,false,שיפונד פרוס לה דליקט,לה דליקטס ארט,IL,שיפונד פרוס לה דליקטס 100 גרם,גרמים,100.00,100 גרם,false,1,37.90,37.9000,true,1,53427
7290001019757,false,מיקס נקניקים דליקטס,מונטה קרלו,IL,מיקס נקניקים דליקטס דליקטס 100 גרם,גרמים,100.00,100 גרם,false,1,36.90,36.9000,true,1,56061
7290001019825,false,פיקל מעושן לה דליקטס,לה דליקטס ארט,IL,פיקל מעושן לה דליקטס 120 גרם,גרמים,120.00,100 גרם,false,1,26.90,22.4167,true,1,53429
7290001019832,false,קורנדביף אמריקאי לה,,,קורנדביף אמריקאי לה דליקטס 120גרם,גרמים,120.00,100 גרם,false,1,26.90,22.4167,true,1,55273
7290001019894,false,פסטרמי לה דליקטס 12,לה דליקטס ארט,IL,פסטרמי לה דליקטס 120 גרם,גרמים,120.00,100 גרם,false,1,26.90,22.4167,true,1,53693
7290001019917,false,אנטריקוט פרוס לה דלי,לה דליקטס ארט,IL,אנטריקוט פרוס לה דליקטס 100 גרם,גרמים,100.00,100 גרם,false,1,37.90,37.9000,true,1,53421
7290001019924,false,נקניק צרפתי לה דליקט,לה דליקטס ארט,IL,נקניק צרפתי לה דליקטס 100 גרם,גרמים,100.00,100 גרם,false,1,37.90,37.9000,true,1,53422
7290001019955,false,נקניק רוזט לה דליקט,לה דליקטס ארט,IL,נקניק רוזט לה דליקטס 100 גרם,גרמים,100.00,100 גרם,false,1,37.90,37.9000,true,1,53497
7290001019962,false,כופה איטלקית לה דליק,לה דליקטס ארט,IL,כופה איטלקית לה דליקטס 100 גרם,גרמים,100.00,100 גרם,false,1,37.90,37.9000,true,1,53425
7290001045169,false,פרימור סחוט תפוחי עץ צלול 1 ל',"גניר (1992) בע""מ",IL,פרימור מיץ תפוחים 100% 1 ליטר,ליטרים,1.00,ליטר,false,1,17.90,17.9000,true,1,4234
7290001121238,false,קורנדביף יחיעם 180 ג',מעדני יחיעם 1993,IL,יחיעם קורנד ביף 180 גרם,גרמים,180.00,100 גרם,false,1,29.90,16.6111,true,1,16345
7290001121849,false,יחיעם פסטרמה הודו טב,מעדני יחיעם 1993,IL,פסטרמה ברביקיו יחיעם 100% חומרים טבעיים,גרמים,250.00,100 גרם,false,1,29.90,11.9600,true,1,42870
7290001121979,false,סלמי הרץ 150 גרם יחי,תאי פרזידנט פוד פאבל,IL,"יחיעם, סלמי הרץ, 150 גרם",גרמים,150.00,100 גרם,false,1,26.90,17.9333,true,1,20188
7290001164013,false,גרנולה פיקסו 500 גרם,פרוטרופיק סיה.,IL,"אפקט טבעי,גרנולה פיקסו,500 גרם",גרמים,500.00,100 גרם,false,1,19.90,3.9800,true,1,27604
7290001216040,false,טחינה גולמית אל ארז,דולפין ספא,IL,טחינת אל ארז 500 גרם,גרמים,500.00,100 גרם,false,1,17.90,3.5800,true,1,28812
7290001216231,false,טחינה גולמית שומשום מלא אל ארז 500ג',דולפין ספא,IL,טחינה מלאה אל ארז 500 גרם,גרמים,500.00,100 גרם,false,1,18.90,3.7800,true,1,28813
7290001230331,false,סיגריות כאמל בוקס חפ,Unknown,,סיגריות כאמל בוקס חפיסה בודד,יחידה,0.00,יחידה,false,1,31.60,0.0000,false,1,2261
7290001230739,false,כאמל קופסא בודדת כחו,Unknown,,סיגריות כאמל כחול חפיסה בודד,יחידה,0.00,יחידה,false,1,31.60,0.0000,false,1,4966
7290001231233,false,סיגריות וינסטון בוקס,Unknown,,סיגריות וינסטון בוקס חפיסה בודד,Unknown,0.00,Unknown,false,1,33.70,0.0000,false,1,2254
7290001231932,false,סיגריות וינסטון כחול,Unknown,,סיגריות וינסטון כחול בוקס חפיסה בודד,לא מנהל יחידת מידה,0.00,לא מנהל יחידת מידה,false,1,33.70,0.0000,false,1,2255
7290001235938,false,סיגריות וינסטון כחול,Unknown,,סיגריות וינסטון כחול 100 חפיסה בודד,לא מנהל יחידת מידה,0.00,לא מנהל יחידת מידה,false,1,33.70,0.0000,false,1,12117
7290001247082,false,נקטר ספרינג עגבניות קרטונית 1 ל',"יפאורה תבורי בע""מ",IL,ספרינג קרטוניות עגבניות 1 ל',ליטרים,1.00,ליטר,false,1,7.60,7.6000,true,1,30382
7290001247099,false,נקטר ספרינג מנגו קרטונית 1 ל',"יפאורה תבורי בע""מ",IL,ספרינג קרטוניות מנגו 1 ל',ליטרים,1.00,ליטר,false,1,7.60,7.6000,true,1,30383
7290001247129,false,נקטר ספרינג תפוזים קרטונית 1 ל',"יפאורה תבורי בע""מ",IL,ספרינג קרטוניות תפוזים 1 ל',ליטרים,1.00,ליטר,false,1,7.60,7.6000,true,1,30386
7290001247143,false,נקטר ספרינג תפוחים קרטונית 1 ל',"יפאורה תבורי בע""מ",IL,ספרינג קרטוניות תפוחים 1 ל',ליטרים,1.00,ליטר,false,1,7.60,7.6000,true,1,30387
7290001247723,false,"ספרינג נקטר תות בננה פחית 330 מ""ל",יפאורה תבורי בעמ,IL,"ספרינג נקטר תות בננה פחית 330 מ""ל",מיליליטרים,330.00,"100 מ""ל",false,1,7.00,2.1212,true,1,33341
7290001247730,false,"נקטר ספרינג בטעם מנגו פחית 330 מ""ל",יפאורה תבורי בעמ,IL,"ספרינג נקטר מנגו פחית 330 מ""ל",מיליליטרים,330.00,"100 מ""ל",false,1,7.00,2.1212,true,1,33342
7290001258262,false,מארז גאודה תיבול,משק יעקבס,IL,מארז גאודה תיבול,קילוגרמים,1.00,"ק""ג",true,,105.00,105.0000,true,1,52190
7290001258446,false,משק יעקבס יוגורט כבש,גבינות משק יעקבס,IL,"משק יעקבס יוגורט כבשים 850 מ""ל",מיליליטרים,850.00,"100 מ""ל",false,1,24.90,2.9294,true,1,38073
7290001258576,false,משק יעקבס גבינה גאוד,גבינות משק יעקבס,IL,גאודה 200 גרם,גרמים,200.00,100 גרם,false,1,25.90,12.9500,true,1,14674
7290001258583,false,מארז מנצגו משק יעקוב,פ.פ.ח. שאביט,IL,מארז מנצגו,קילוגרמים,1.00,"ק""ג",true,,149.00,149.0000,true,1,51909
7290001258668,false,שמנת עיזים למריחה.,גבינות משק יעקבס,IL,גבינה עז מה 250 גרם יעקבס,גרמים,250.00,100 גרם,false,1,18.90,7.5600,true,1,17005
7290001258682,false,יוגורט עיזים טבעי 50,גבינות משק יעקבס,IL,"יוגורט עיזים 500 מ""ל יעקבס",מיליליטרים,500.00,"100 מ""ל",false,1,15.50,3.1000,true,1,36958
7290001258804,false,גבינת קשקבל חצי קשה,גבינות משק יעקבס,IL,קשקבל 180 גרם,גרמים,180.00,100 גרם,false,1,26.90,14.9444,true,1,26619
7290001258958,false,גבינת מוצרלה מגורדת,גבינות משק יעקבס,IL,גבינה מוצרלה מגורדת 24% 200 גרם יעקבס,גרמים,200.00,100 גרם,false,1,25.90,12.9500,true,1,23806
7290001258972,false,משק יעקבס חלומי200 ג,גבינות משק יעקבס,IL,חלומי 200 גרם,גרמים,200.00,100 גרם,false,1,25.90,12.9500,true,1,46730
7290001302194,false,ביסלי בטעם פלאפל 55 ג' אסם,"אסם השקעות בע""מ",IL,ביסלי פלאפל 55 גרם,גרמים,55.00,100 גרם,false,1,4.90,8.9091,true,1,23258
7290001302279,false,אוסם - במבה קלאסי 60 גרם,מיוצר עי קונדיטוריית,IL,במבה קלאסי כלפ.48*60גרם,גרמים,60.00,100 גרם,false,1,4.90,8.1667,true,1,23259
7290001305058,false,"פלמוליב - נטורלס תחליב רחצה חלב ודבש 500 מ""ל",הנסיך- מפעל לייצור ט,TR,פלמוליב סבון נוזלי חלב ודבש 750 מל,מיליליטרים,500.00,"100 מ""ל",false,1,17.90,3.5800,true,1,125
7290001305188,false,פלמוליב כלים שקוף לימון 750 בקבוק חדש,יבואן ומשווק: ש. שסט,GR,פלמוליב נוזל לניקוי כלים בריח לימון (כתום) 750 מל,מיליליטרים,750.00,"100 מ""ל",false,1,12.90,1.7200,true,1,126
7290001327180,false,שטראוס קרמיסימו וניל ציפ 1.33 ליטר,"גלידת שטראוס בע""מ, ר",IL,גלידה קרמיסימו וניל צ'יפ 1.33 ל',ליטרים,1.33,ליטר,false,1,27.90,20.9774,true,1,129
7290001327791,false,שטראוס קרמיסימו עוגיות 1.33 ליטר,"גלידת שטראוס בע""מ, ר",IL,גלידה קרמיסימו וניל עוגיות 1.33 ל',ליטרים,1.33,ליטר,false,1,27.90,20.9774,true,1,133
7290001342183,false,סלמון אפוי על גחלים-,אלדג,IL,"סלמון אפוי על גחלים-אל דג לק""ג",קילוגרמים,1.00,"ק""ג",true,,230.00,230.0000,true,1,54404
7290001361016,false,עוגת גינגי שכבות בצק,GS עבור נטו מלינדה ס,IL,עוגת גינגי שכבות בצק דבש וקרם פטיסייר,גרמים,600.00,100 גרם,false,1,42.90,7.1500,true,1,6039
7290001361054,false,אקלרים פטיסייר (600 ג'),אף.סי תבליני בגליל ב,IL,פחזניות אקלרים 600 גרם,גרמים,600.00,100 גרם,false,1,42.90,7.1500,true,1,6041
7290001361085,false,עוגת נפוליאון פס 600,אף.סי תבליני בגליל ב,IL,נטלי קרם שניט נפוליאון 600 גרם,גרמים,600.00,100 גרם,false,1,42.90,7.1500,true,1,30399
7290001361177,false,עוגת דובדבנים פס 650,נטלי פלוס,,עוגת דובדבנים 650 ג,גרמים,650.00,100 גרם,false,1,52.90,8.1385,true,1,35411
7290001361894,false,פס טראפלס שוקולד 450 ג',נטלי פלוס,,פס טראפלס שוקולד (450 גרם),גרמים,450.00,100 גרם,false,1,42.90,9.5333,true,1,49084
7290001361924,false,פס גבינה פירורים 450 ג',נטלי פלוס,,עוגת פס מוס גבינה 450 גרם,גרמים,450.00,100 גרם,false,1,36.90,8.2000,true,1,40020
7290001361931,false,פחזניות במילוי גבינה (350 ג'),האי נאם סי או אל.טי.,IL,פחזניות במילוי גבינה 350 גרם,גרמים,350.00,100 גרם,false,1,36.90,10.5429,true,1,38353
7290001361979,false,פס גבינה פירורים ללא סוכר 450 ג',נטלי פלוס,,עוגת פס מוס גבינה ללא תוספת סוכר 450 גרם,גרמים,450.00,100 גרם,false,1,36.90,8.2000,true,1,40005
7290001407769,false,טחינה גולמית שומשום מלא בארכה 500ג',רושדי תעשיות מזון בע,IL,בארכה טחינה עם שומשום מלא 12*500גרם,גרמים,500.00,100 גרם,false,1,18.50,3.7000,true,1,3649
7290001407813,false,חלבה שאמית פיסטוק בקטנה בארכה 350ג',רושדי תעשיות מזון בע,IL,בארכה חלבה שאמית וניל עם פסטק.כלפ8*350ג,גרמים,350.00,100 גרם,false,1,16.90,4.8286,true,1,8828
7290001407844,false,חלווה קלאסית וניל בארכה 350גר,רושדי תעשיות מזון בע,IL,בארכה חלבה קלאסית וניל 350 גרם,גרמים,350.00,100 גרם,false,1,16.90,4.8286,true,1,8831
7290001407936,false,בארכה-טחינה גולמית מעודנת בקבוק לחיץ 310 ג',רושדי תעשיות מזון בע,IL,בארכה טחינה מעודנת 12*310גרם,גרמים,310.00,100 גרם,false,1,14.50,4.6774,true,1,28434
7290001415863,false,חלה מתוקה כדורים מאפ,פילסברי,,חלה מתוקה כדורים מאפה פלסברי,לא מנהל יחידת מידה,0.00,לא מנהל יחידת מידה,false,1,15.90,0.0000,true,1,11963
7290001419779,false,וופל שוקו' עלמה קלאסי 200 גר,"גילרו בע""מ",,ופלים שוקולד עלמה 200 גרם,גרמים,200.00,100 גרם,false,1,5.50,2.7500,true,1,8719
7290001419793,false,גביעי גלידה מגולגל עלמה גילרו 30 יח',"גילרו בע""מ",,גביעי גלידה מגולגלים 12 יח,גרמים,132.00,100 גרם,false,1,12.90,9.7727,true,1,36221
7290001461105,false,לחם מחמצת לבן (ברקוד,פילסברי,,לחם מחמצת לבן 600 גרם,גרמים,600.00,100 גרם,false,1,19.90,3.3167,true,1,21254
7290001461365,false,לחמניית רוסטיק פילסב,פילסברי,,לחמניית רוסטיק פילסברי,לא מנהל יחידת מידה,0.00,לא מנהל יחידת מידה,false,1,5.50,0.0000,true,1,18733
7290001461457,false,בגט רוסטיק עם קמח מל,פילסברי,,באגט רוסטיק קמח מלא דגנים פילסברי,יחידה,1.00,יחידה,false,1,8.90,8.9000,true,1,18507
7290001461532,false,כריך רוסטיק קמח מלא,פילסברי,,כריך רוסטיק קמח מלא ודגנים פילסברי,לא מנהל יחידת מידה,0.00,לא מנהל יחידת מידה,false,1,5.50,0.0000,true,1,18984
7290001482094,false,גבינה פרמז'נו משולשים ויליפוד 200ג',זנטי אס. אי לאלין,IT,גבינת פרמזן משולשים 200 גרם,גרמים,200.00,100 גרם,false,1,29.90,14.9500,true,1,30061
7290001482506,false,וילי פוד חומץ בלסמי בדץ 500מל,אצטום,IT,"חומץ בלסמי ממודנה 500 מ""ל",מיליליטרים,500.00,"100 מ""ל",false,1,22.90,4.5800,true,1,13636
7290001491010,false,תה ירוק יסמין 25 שקיקים 1.5 גרם,קריות זול,IL,תה ירוק עם יסמין T.T,גרמים,37.00,100 גרם,false,1,26.90,72.7027,true,1,176
7290001509272,false,שוקיים פטם פרימיום ק,מילועוף,,"שוקיים פטם פרימיום קפוא ארוז לק""ג",קילוגרמים,1.00,"ק""ג",true,,37.00,37.0000,true,1,42399
7290001509340,false,כרעיים מקוצב פרימיום,מילועוף,,"כרעיים מקוצב פרימיום קפוא ארוז לק""ג",קילוגרמים,1.00,"ק""ג",true,,36.00,36.0000,true,1,42402
7290001548011,false,טחינה ירוקה 250 גרם,מונטה קרלו,IL,טחינה ירוקה מונטה קרלו 250 גרם,גרמים,250.00,100 גרם,false,1,14.90,5.9600,true,1,52172
7290001548035,false,סלט טורקי מונטה קרל,מונטה קרלו,IL,סלט טורקי מונטה קרלו 250גרם,גרמים,250.00,100 גרם,false,1,14.90,5.9600,true,1,51955
7290001548042,false,סלט ביצים מונטה קרלו,יושלם,,סלט ביצים מונטה קרלו 250 גרם,גרמים,250.00,100 גרם,false,,21.90,8.7600,true,1,52165
7290001548110,false,חציל סלוניקי 250גרם,יושלם,,חציל סלוניקי 250גרם,גרמים,250.00,100 גרם,false,1,16.90,6.7600,true,1,52601
7290001548134,false,כרוב לבן שום שמיר מו,מונטה קרלו,IL,כרוב לבן שום שמיר מונטה קרלו 250גרם,גרמים,250.00,100 גרם,false,1,14.90,5.9600,true,1,51946
7290001548202,false,סלק רצועות מונטה קר,מונטה קרלו,IL,סלק רצועות מונטה קרלו 250גרם,גרמים,250.00,100 גרם,false,1,14.90,5.9600,true,1,51937
7290001548233,false,חציל מחנה יהודה פיקנ,מונטה קרלו,IL,חציל מחנה יהודה פיקנטי 250גרם,גרמים,250.00,100 גרם,false,1,16.90,6.7600,true,1,53432
7290001548288,false,סלט חומוס גרגירים קט,מונטה קרלו,IL,מסבחה פיקנטי מונטה קרלו 250גרם,גרמים,250.00,100 גרם,false,1,14.90,5.9600,true,1,51942
7290001548295,false,מטבוחה מונטה קרלו 25,מונטה קרלו,IL,מטבוחה מונטה קרלו 250גרם,גרמים,250.00,100 גרם,false,1,14.90,5.9600,true,1,51954
7290001548325,false,טונה ירקות מונטה קרל,מונטה קרלו,IL,טונה ירקות מונטה קרלו 250גרם,גרמים,250.00,100 גרם,false,1,23.90,9.5600,true,1,51958
7290001548349,false,"תפו""א במיונז ביתי 25",מונטה קרלו,IL,"תפו""א במיונז בייתי מונטה קרלו 250 גרם",גרמים,250.00,100 גרם,false,1,14.90,5.9600,true,1,52166
7290001548370,false,טבולה גביע 250גרם סל,מונטה קרלו,IL,טבולה מונטה קרלו 250 גרם,גרמים,250.00,100 גרם,false,1,16.90,6.7600,true,1,52164
7290001548387,false,כרוב סיני מונטה קרל,מונטה קרלו,IL,כרוב סיני מונטה קרלו 250גרם,גרמים,250.00,100 גרם,false,1,14.90,5.9600,true,1,51948
7290001548400,false,חומוס זהב מונטה קרלו,מונטה קרלו,IL,חומוס זהב מונטה קרלו 250גרם,גרמים,250.00,100 גרם,false,1,14.90,5.9600,true,1,51943
7290001548424,false,כרוב קולסלאו מונטה,מונטה קרלו,IL,כרוב קולסלאו מונטה קרלו 250 גרם,גרמים,250.00,100 גרם,false,1,14.90,5.9600,true,1,56053
7290001548431,false,סחוג ירוק מונטה קרלו,מונטה קרלו,IL,סחוג ירוק מונטה קרלו 250גרם,גרמים,250.00,100 גרם,false,1,14.90,5.9600,true,1,51959
7290001548530,false,מסבחה פטרוזיליה מונט,מונטה קרלו,IL,מסבחה פטרוזיליה מונטה קרלו 250גרם,גרמים,250.00,100 גרם,false,1,14.90,5.9600,true,1,51944
7290001548561,false,גזר חריף בלימון מונט,מונטה קרלו,IL,גזר חריף בלימון מונטה קרלו 250 גרם,גרמים,250.00,100 גרם,false,1,14.90,5.9600,true,1,51953
7290001548622,false,חציל טבעי פקנטי מונט,מונטה קרלו,IL,חציל טבעי פקנטי מונטה קרלו 250גרם,גרמים,250.00,100 גרם,false,1,16.90,6.7600,true,1,51939
7290001548639,false,חציל מונטה קרלו מונ,מונטה קרלו,IL,חציל מונטה קרלו מונטה קרלו 250גרם,גרמים,250.00,100 גרם,false,1,16.90,6.7600,true,1,51940
7290001548691,false,כרוב אדום במיונז מונ,מונטה קרלו,IL,כרוב אדום במיונז מונטה קרלו 250גרם,גרמים,250.00,100 גרם,false,1,14.90,5.9600,true,1,51947
7290001548714,false,איקרה ורודה מונטה קר,מונטה קרלו,IL,איקרה ורודה מונטה קרלו 250גרם,גרמים,250.00,100 גרם,false,1,21.90,8.7600,true,1,52885
7290001548738,false,חציל מרוקאי מונטה קר,מונטה קרלו,,חציל מרוקאי מונטה קרלו 250 גרם,גרמים,250.00,100 גרם,false,1,16.90,6.7600,true,1,52167
7290001548745,false,איקרה לבנה מונטה קרל,מונטה קרלו,IL,איקרה לבנה מונטה קרלו 250גרם,גרמים,250.00,100 גרם,false,1,21.90,8.7600,true,1,52884
7290001548752,false,טחינה לבנה מונטה קרל,מונטה קרלו,IL,טחינה לבנה מונטה קרלו 250גרם,גרמים,250.00,100 גרם,false,1,14.90,5.9600,true,1,51945
7290001548783,false,פלפל אש טוניסאי מונט,מונטה קרלו,IL,פלפל אש טוניסאי מונטה קרלו 250גרם,גרמים,250.00,100 גרם,false,1,20.90,8.3600,true,1,51956
7290001548950,false,פלפל חריף מונטה גביע,,,פלפל חריף מונטה 250גרם,גרמים,250.00,100 גרם,false,1,20.90,8.3600,true,1,52599
7290001548967,false,חציל תאילנדי צילי 25,קלאס פוד,IL,חציל תאילנדי צילי 250גרם,גרמים,250.00,100 גרם,false,1,16.90,6.7600,true,1,52596
7290001567807,false,כתף בקר מעושן 250 ג' יחיעם,פ.פ.ח. שאביט,IL,כתף בקר מעושן יחיעם 250 גרם,גרמים,250.00,100 גרם,false,1,29.90,11.9600,true,1,49905
7290001594025,false,"קוקה קולה זכוכית 350 מ""ל",החברה המרכזית לייצור,IL,"קוקה קולה קלאסי 350 מ""ל",מיליליטרים,330.00,"100 מ""ל",false,1,7.50,2.2727,true,1,5277
7290001594032,false,קוקה קולה דיאט קלאסי,החברה המרכזית לייצור,IL,"דיאט קוקה קולה קלאסי 350 מ""ל",מיליליטרים,330.00,"100 מ""ל",false,1,7.50,2.2727,true,1,9796
7290001594155,false,קוקה קולה בקבוק 500מ,החברה המרכזית לייצור,IL,"קוקה קולה 500 מ""ל",מיליליטרים,500.00,"100 מ""ל",false,1,7.90,1.5800,true,1,216
7290001594179,false,פאנטה אורנג בקבוק 50,החברה המרכזית לייצור,IL,"פאנטה אורנג' 500 מ""ל",מיליליטרים,500.00,"100 מ""ל",false,1,7.90,1.5800,true,1,218
7290001594186,false,דיאט קוקה קולה בקבוק 500מל,החברה המרכזית לייצור,IL,"דיאט קוקה קולה 500 מ""ל",מיליליטרים,500.00,"100 מ""ל",false,1,7.90,1.5800,true,1,219
7290001594230,false,"קינלי סודה בקבוק 250 מ""ל",החברה המרכזית לייצור,IL,"קינלי סודה 250 מ""ל",מיליליטרים,250.00,"100 מ""ל",false,1,4.00,1.6000,true,1,221
7290001594377,false,פריגת משקה קל תפוזים,מבשלות בירה בינלאומי,IL,פריגת משקה קל תפוזים 500 מל,מיליליטרים,500.00,"100 מ""ל",false,1,7.50,1.5000,true,1,15039
7290001594384,false,"פריגת אשכוליות 500 מ""ל",מבשלות בירה בינלאומי,IL,"פריגת משק""ל אשכוליות 0.5 ליטר",מיליליטרים,500.00,"100 מ""ל",false,1,7.50,1.5000,true,1,15040
7290001594391,false,פריגת משקה קל ענבים,מבשלות בירה בינלאומי,IL,משקה קל פירות ענבים תפוחים 500 מל,מיליליטרים,500.00,"100 מ""ל",false,1,7.50,1.5000,true,1,15041
7290001594520,false,"בירה טובורג בקבוק 330מ""ל",מבשלות בירה בינלאומי,IL,"טובורג בק 330 מ""ל פקדון",מיליליטרים,330.00,"100 מ""ל",false,1,10.50,3.1818,true,1,2040
7290001594568,false,"בירה קרלסברג פחית 500 מ""ל",מבשלות בירה בינלאומי,RO,קלסברג בירה 500 מל,מיליליטרים,500.00,"100 מ""ל",false,1,9.90,1.9800,true,1,224
7290001594575,false,"בירה טובורג פחית 500 מ""ל",מבשלות בירה בינלאומי,IL,"טובורג רד פחית 500 מ""ל",מיליליטרים,500.00,"100 מ""ל",false,1,9.90,1.9800,true,1,225
7290001594858,false,"בירה טובורג בקבוק 330X6מ""ל",קרלסברג ישראל,IL,"בירה טובורג רד שישייה בקבוק 330 מ""ל",ליטרים,1.98,ליטר,false,1,46.90,23.6869,true,1,229
7290001594865,false,"קרלסברג בירה בקבוק 6* 330 מ""ל",קרלסברג ישראל,IL,"בירה קרלסברג מארז שישייה בקבוק 330 מ""ל",ליטרים,1.98,ליטר,false,1,46.90,23.6869,true,1,230
7290001598429,false,פרנה מרוקאית חמשת 4,מאפיית יוסף ברון בעמ,IL,מארז פרנות,גרמים,520.00,100 גרם,false,1,13.90,2.6731,true,1,46611
7290001598528,false,לחם כוסמין 100% 450ג' הברון,מאפיית יוסף ברון בעמ,,לחם כוסמין 100% מלא 450 גרם,גרמים,450.00,100 גרם,false,1,17.90,3.9778,true,1,42669
7290001598580,false,פיתה כוסמין 100% 375ג' הברון,מאפיית יוסף ברון בעמ,,פיתות כוסמין 99 קלוריות 375 גרם,גרמים,375.00,100 גרם,false,1,17.90,4.7733,true,1,42676
7290001780428,false,מאגדת גלידת לייט שוקולד נסטלה 6יח' 312ג',גלידות נסטלה (נגה גל,IL,נסטלה שלגון לייט שוקולד מאח בדצ.6 6*52ג,גרמים,312.00,100 גרם,false,1,32.90,10.5449,true,1,2427
7290001780800,false,שלגון קראנץ ליבת נוגט שוקולד,נגה גלידות,,שלגון קראנץ ליבת נוגט,Unknown,0.00,Unknown,false,1,10.50,0.0000,true,1,7793
7290001865453,false,פמלי לקשרי 1ליטר לבנדר ארומטי+משאבה,מיוצר עי קונדיטוריית,TR,פמילי אל סבון נוזלי לבנדר ארומטי 1 ליטר,ליטרים,1.00,ליטר,false,1,15.90,15.9000,true,1,292
7290001929889,false,מיקס פירות יבשים 600,דין שיווק וקלייה בעמ,,מיקס פירות יבשים 600 גרם,גרמים,600.00,100 גרם,false,1,34.90,5.8167,true,1,54508
7290001990117,false,שומשום סוגת 100 גרם,האי נאם סי או אל.טי.,IL,שומשום 100 גר',גרמים,100.00,100 גרם,false,1,4.50,4.5000,true,1,4957
7290001990148,false,"סוכר גולדן קלאסי צנצנת 1ק""ג סוגת",האי נאם סי או אל.טי.,IL,סוכר גולדן קלאסי צנצנת 1 קג,קילוגרמים,1.00,"ק""ג",false,1,13.50,13.5000,true,1,5639
7290002007234,false,אבקת סוכר 100 ג' הנמל,"מיוצר וארוז ע""י: ר.ס",IL,הנמל אבקת סוכר 100 גרם,גרמים,100.00,100 גרם,false,1,2.30,2.3000,true,1,5251
7290002007821,false,"צבע מאכל אדום 55 מ""ל",ממתקי עלה ייצור שיוו,IL,"צבע מאכל אדום 55 מ""ל",מיליליטרים,55.00,"100 מ""ל",false,1,3.90,7.0909,true,1,26058
7290002007852,false,"תמצית אפייה בטעמים שונים 55 מ""ל הנמל",ממתקי עלה יצור ושיוו,IL,הנמל תמצית בטעם וניל 55 מל,מיליליטרים,55.00,"100 מ""ל",false,1,4.40,8.0000,true,1,3875
7290002007890,false,כוסות שתייה קרה 100 יח` 200 PP מל`,,IL,כוס שתיה קרה 100 יח,יחידה,100.00,יחידה,false,1,12.90,0.1290,true,1,4669
7290002008019,false,סוכריות לקישוט גמבו שוקו 200 ג' הנמל,ממתקי עלה יצור ושיוו,IL,הנמל סוכריות לקישוט שוקולד 200 גרם,גרמים,200.00,100 גרם,false,1,9.80,4.9000,true,1,5742
7290002008040,false,"שיפודים עץ 30 ס""מ הנמל 100יח'",הנמל אריזות ושיווק ב,IL,הנמל שיפודי במבוק 100 יחידות,Unknown,0.00,Unknown,false,1,4.90,0.0000,true,1,3876
7290002008057,false,"תמצית אפייה בטעם רום 55 מ""ל הנמל",ממתקי עלה יצור שיווק,IL,הנמל תמצית אפייה בטעם רום 55 מל,מיליליטרים,55.00,"100 מ""ל",false,1,4.40,8.0000,true,1,6110
7290002008071,false,עטרות חום 2 מספר הנמל,הנמל אריזות ושיווק ב,IL,הנמל עטרות נייר אפייה מספר 2 130 יחידות,לא מנהל יחידת מידה,0.00,לא מנהל יחידת מידה,false,1,5.60,0.0000,true,1,5345
7290002008149,false,מדליק פחם מוצק הנמל אריזת 40יח',מ.א.יצור ויבוא מטליו,IL,"הנמל מדליק פחם מוצק, 40 יחידות",Unknown,0.00,Unknown,false,1,8.60,0.0000,true,1,3879
7290002008187,false,קשים לשתיה מתקפלים 40 יח',"איטיליאן פוד, אס.פי.",CN,קשים מתקפלים לשתיה 40 יח,לא מנהל יחידת מידה,0.00,לא מנהל יחידת מידה,false,1,2.90,0.0000,true,1,3880
7290002008224,false,סוכריות לקישוט צבעונית הנמל 100 ג',ממתקי עלה בעמ,IL,סוכריות לקישוט צבעוני 100 גרם,גרמים,100.00,100 גרם,false,1,6.80,6.8000,true,1,3882
7290002008309,false,עטרות נייר חום לעוגה מס' 4 הנמל 130יח',הנמל אריזות ושיווק ב,IL,"הנמל עטרות נייר אפייה מספר 4 , 130 יח'",לא מנהל יחידת מידה,0.00,לא מנהל יחידת מידה,false,1,5.80,0.0000,true,1,26124
7290002008361,false,דפים לסנדויץ 200 יחי,הנמל אריזות ושיווק (,IL,הנמל דפים לסנדוויץ 200 יחידות,יחידה,200.00,יחידה,false,1,14.90,0.0745,true,1,26069
7290002008507,false,נייר אפייה 50 יח' הנמל,הנמל אריזות ושיווק ב,IL,הנמל נייר אפייה 50 יח,לא מנהל יחידת מידה,0.00,לא מנהל יחידת מידה,false,1,13.50,0.0000,true,1,7487
7290002008774,false,שומשום הנמל 200 גרם,הנמל אריזות ושיווק ב,IL,הנמל שומשום 200 גרם,גרמים,200.00,100 גרם,false,1,8.90,4.4500,true,1,27273
7290002022152,false,מרשמלו ורוד לבן וסטהיים 100ג36X שקיות בקרטון,מנדלז סי.אר. פרודקשן,IL,מרשמלו ורוד לבן וסטהיים 100ג36X שקיות בקרטון,גרמים,100.00,100 גרם,false,1,4.90,4.9000,true,1,46627
7290002035169,false,פילה מקרל-מקרוסקה מעושנת בואקום שקיל,אלדג,IL,"פילה מקרושקה בוואקום אל דג לק""ג",קילוגרמים,1.00,"ק""ג",true,,160.00,160.0000,true,1,55698
7290002035312,false,טונה מעושנת פרוס בואקום שקיל,אלדג,IL,"טונה מעושנת אל דג לק""ג",קילוגרמים,1.00,"ק""ג",true,,230.00,230.0000,true,1,54405
7290002043188,false,ציפס אורז חום מלא צי'לי חריף אקסטרא 60 ג',נוהלס,BG,ציפס אורז חום מלא צילי חריף60גרם,גרמים,60.00,100 גרם,false,1,6.90,11.5000,true,1,51992
7290002043218,false,ציפס אורז חום מלא מלח אקסטרא 60 ג',נוהלס,BG,ציפס אורז חום מלא מלח 60גרם,גרמים,60.00,100 גרם,false,1,6.90,11.5000,true,1,52944
7290002043782,false,ציפס אורז חום מלא טקסס ברביקיו אקסטרא 60 ג',נוהלס,BG,ציפס אורז חום מלא טקסס ברביקיו 60גרם,גרמים,60.00,100 גרם,false,1,6.90,11.5000,true,1,51991
7290002057123,false,זיתים חרוזית ירוק A2 יבנה 540ג',קריות זול,IL,זיתים ירוקים מנזנילו ללא גלעין 540 יבנה,גרמים,540.00,100 גרם,false,1,9.90,1.8333,true,1,28567
7290002057185,false,טבעות זיתים ירוקים 560 ג' יבנה,קריות זול,IL,טבעות זיתים ירוקים 540 גרם יבנה,גרמים,540.00,100 גרם,false,1,10.90,2.0185,true,1,14022
7290002057352,false,מלפפון במלח 7-9 560 ג' יבנה,אף.סי תבליני בגליל ב,IL,מלפפונים במלח גדול 7-9 540 גרם,גרמים,540.00,100 גרם,false,1,7.30,1.3519,true,1,14023
7290002057369,false,מלפפון במלח ‏12‏-‏10‏ 560 ג' יבנה,קבוצת יבנה,IL,מלפפונים במלח יבנה10-12 540 גרם,גרמים,540.00,100 גרם,false,1,8.50,1.5741,true,1,6126
7290002057376,false,מלפפון במלח ‏17‏-‏13‏ 560 ג' יבנה,קבוצת יבנה,IL,13-17 מלפפונים במלח קטן,גרמים,540.00,100 גרם,false,1,10.90,2.0185,true,1,6127
7290002057383,false,מלפפון במלח ‏25‏-‏18‏ 560 ג' יבנה,קריות זול,IL,מלפפונים במלח קטן 18-25 540 גרם,גרמים,540.00,100 גרם,false,1,12.90,2.3889,true,1,14024
7290002057451,false,מלפפון בחומץ ‏9‏-‏7‏ %‏20‏ 560 ג' יבנה,אף.סי תבליני בגליל ב,IL,מלפפונים בחומץ גדול 7-9 540 גרם,גרמים,540.00,100 גרם,false,1,7.30,1.3519,true,1,14025
7290002057468,false,מלפפון חומץ ‏12‏-‏10‏ 560 ג' יבנה,קבוצת יבנה,IL,מלפפונים בחומץ יבנה10-12 540 גרם,גרמים,540.00,100 גרם,false,1,8.50,1.5741,true,1,7380
7290002057475,false,מלפפונים בחומץ 13-17 קטן A2 יבנה 540ג',קבוצת יבנה,IL,מלפפון קטן בחומץ 13-17 540גרם יבנה,גרמים,540.00,100 גרם,false,1,10.90,2.0185,true,1,53749
7290002057482,false,מלפפון חומץ ‏25‏-‏18‏ 560 ג' יבנה,קריות זול,IL,מלפפון קטן בחומץ 18-25 יבנה 540גרם,גרמים,540.00,100 גרם,false,1,12.90,2.3889,true,1,53746
7290002065555,false,לחמניה אנג'ל ארוכה שקית 6יח,מאפיית שלמה א. אנג'ל,IL,אנג'ל הלחמניה -450 גרם,גרמים,450.00,100 גרם,false,1,11.90,2.6444,true,1,3906
7290002065616,false,לחם שיפון גרעינים 750 ג' אנג'ל,מאפיית שלמה א. אנג'ל,IL,לחם שיפון גרעינים 750 גרם,גרמים,750.00,100 גרם,false,1,14.90,1.9867,true,1,14939
7290002107491,false,גבינת עזים למריחה טבעי 5% צוריאל 250 ג',מחלבת משק צוריאל,IL,משק צוריאל גבינת עיזים 5% למריחה 250 גרם,גרמים,250.00,100 גרם,false,1,17.50,7.0000,true,1,328
7290002128205,false,נרות לא נוטפים 45יח-מנורה,,,נרות חנוכה לוקס,יחידה,1.00,יחידה,false,1,12.90,12.9000,true,1,33068
7290002128335,false,כוסות שתייה חמה50 יח,טיי פרידה,CN,כוסות שתייה חמה50 יח OZ8,יחידה,1.00,יחידה,false,1,14.90,14.9000,true,1,50726
7290002128403,false,נרות שבת אורה מספר 4,קריות זול,IL,נרות שבת אורה מספר 4,יחידה,1.00,יחידה,false,1,4.90,4.9000,true,1,28656
7290002128434,false,נרות שבת אורה מספר 1,קריות זול,IL,נרות שבת אורה מספר 10,יחידה,1.00,יחידה,false,1,4.90,4.9000,true,1,28657
7290002128854,false,כוסות קרטון לשתייה חמה 12 אוונז 50 יחי',טיי פרידה,IL,"כוסות לשתיה חמה (12 יח) 340 מ""ל",יחידה,1.00,יחידה,false,1,23.90,23.9000,true,1,51379
7290002130567,false,דבש טהור מפרחי בר בזכוכית 350 גרם,מכוורת יד מרדכי שטרא,IL,דבש דבורים טהור יד מרדכי 350 גרם,גרמים,350.00,100 גרם,false,1,22.90,6.5429,true,1,341
7290002132011,false,עוגיות מזרחיות 400 ג' עבאדי,מאפיית יוסף ושמחה עב,IL,"עבאדי עוגיות מזרחיות שומשום, 400 גרם",גרמים,400.00,100 גרם,false,1,21.90,5.4750,true,1,342
7290002232995,false,פירורי לחם דגש ציפוי,פ.פ.ח. שאביט,IL,בריאות וטבע ציפוי פז מתובל 500 גרם,גרמים,500.00,100 גרם,false,1,31.90,6.3800,true,1,22924
7290002253006,false,דורות שום כתוש טרי 200 גרם,עיצובים 2020 (3.8),IL,דורות שום כתוש טרי2 12*200גרם,גרמים,200.00,100 גרם,false,1,24.90,12.4500,true,1,348
7290002253105,false,מגשית קוביות שום טרי דורות 80 ג',עיצובים 2020 (3.8),IL,שום כתוש מגשית 80 גרם,גרמים,80.00,100 גרם,false,1,17.50,21.8750,true,1,349
7290002253150,false,בזיליקום טרי קצוץ דורות 70 ג',עיצובים 2020 (3.8),IL,בזיליקום קצוץ במגשית דורות 70 גרם,גרמים,70.00,100 גרם,false,1,12.90,18.4286,true,1,350
7290002253167,false,פטרוזליה קצוצה דורות 70 גר',עיצובים 2020 (3.8),IL,דורות פטרוזיליה קצוצה 32*70גרם,גרמים,70.00,100 גרם,false,1,12.90,18.4286,true,1,351
7290002253181,false,כוסברה טריה קצוצה 70 ג' דורות,עיצובים 2020 (3.8),IL,דורות כוסברה קצוצה 32*70גרם,גרמים,70.00,100 גרם,false,1,12.90,18.4286,true,1,6141
7290002253198,false,ג'ינג'ר טרי כתוש במגשית 70 ג' דורות,עיצובים 2020 (3.8),IL,דורות ג'ינג'ר טרי כתוש2 16*70גרם,גרמים,70.00,100 גרם,false,1,12.90,18.4286,true,1,19489
7290002260059,false,במבה יום הולדת 60 ג' אסם,"אסם השקעות בע""מ",IL,במבה יום הולדת 48*60גרם,גרמים,60.00,100 גרם,false,1,4.90,8.1667,true,1,23260
7290002281498,false,גבינה צהובה מגורדת על בסיס חלב 500 ג' ריץ,האי נאם סי או אל.טי.,PL,"ריץ', צהובה מגורדת, לפיצה, אפייה ובישול ועוד",גרמים,500.00,100 גרם,false,1,26.90,5.3800,true,1,46344
7290002331018,false,"נביעות מים עם פקק ספורט 500מ""ל",נביעות טבע הגליל בעמ,IL,נביעות 500 פ.שטוח פיקדון,מיליליטרים,500.00,"100 מ""ל",false,1,3.90,0.7800,true,1,2235
7290002331025,false,"מים מינרלים נביעות ספורט 500 מ""ל פקדון",נביעות טבע הגליל בעמ,IL,נביעות 500 TO GO פקדון,מיליליטרים,500.00,"100 מ""ל",false,1,5.00,1.0000,true,1,382
7290002331094,false,"נביעות+ מים טעם ענבים 755מ""ל",נביעות טבע הגליל בעמ,IL,"נביעות 755 מ""ל",מיליליטרים,755.00,"100 מ""ל",false,1,6.10,0.8079,true,1,6157
7290002331124,false,"נביעות+ מים טעם תפוח 500מ""ל",נביעות טבע הגליל בעמ,IL,נביעות+ בטעם תפוח 500 מל,מיליליטרים,500.00,"100 מ""ל",false,1,8.50,1.7000,true,1,3382
7290002331155,false,"נביעות+ בטעם אפרסק 500 מ""ל",נביעות טבע הגליל בעמ,IL,"נביעות + בטעם אפרסק 500 מ""ל",מיליליטרים,500.00,"100 מ""ל",false,1,8.50,1.7000,true,1,3383
7290002331360,false,"נביעות מים מינרליים טו גו מארז 500X6מ""ל",קריות זול,IL,"מים נביעות TO GO שישייה בקבוק 500 מ""ל",ליטרים,3.00,ליטר,false,1,17.90,5.9667,true,1,385
7290002331483,false,"נביעות בייבי מארז 320X6מ""ל",נביעות טבע הגליל בעמ,IL,נביעות בייבי מים מינרליים טבעיים 1.92 ליטר,ליטרים,1.92,ליטר,false,1,15.90,8.2813,true,1,22832
7290002331490,false,מים מינרלים נביעות 1 ליטר,נביעות טבע הגליל בעמ,IL,נביעות 1 ליטר,ליטרים,1.00,ליטר,false,1,5.00,5.0000,true,1,22842
7290002331711,false,נביעות פלוס בטעם ענבים 500מל,נביעות טבע הגליל בעמ,IL,"נביעות + בטעם ענבים 500 מ""ל",מיליליטרים,500.00,"100 מ""ל",false,1,8.50,1.7000,true,1,9644
7290002332329,false,פילה סלמון טרי,,,"פילה סלמון טרי ארוז לק""ג",קילוגרמים,1.00,"ק""ג",true,,199.90,199.9000,true,1,53446
7290002332398,false,דניס שלם טרי ארוז,,,"דניס שלם טרי ארוז לק""ג",קילוגרמים,1.00,"ק""ג",true,,119.00,119.0000,true,1,53451
7290002353249,false,ממרח דיגונז מיילי 33,מיוצר עי קונדיטוריית,FR,ממרח דיזונז 345 גרם,גרמים,345.00,100 גרם,false,1,24.90,7.2174,true,1,54066
7290002353836,false,סרדין רוברט בשמן זית 120 ג',קונסרבס פורטוגל נורט,PT,סרדינים בשמן זית רוברט 115 גרם,גרמים,115.00,100 גרם,false,1,10.90,9.4783,true,1,391
7290002360124,false,חליטת תה ורד הבר פומפדור 20 שקיקים,TEEKANNE- POMPADOU,DE,פומפדור חליטת צמחים ורד הבר והיביסקוס 20 יחידות,גרמים,70.00,100 גרם,false,1,15.90,22.7143,true,1,56550
7290002360155,false,חליטת תה פרחי שומר פומפדור 20 שקיקים,קריות זול,DE,פומפדור חליטת צמחים שומר 20 יחידות,גרמים,40.00,100 גרם,false,1,15.90,39.7500,true,1,7607
7290002360285,false,תה פומפדור חליטת צמחים קמומיל 20 שק,TEEKANNE- POMPADOU,DE,פומפדור חליטת צמחים קמומיל 20 יחידות,גרמים,30.00,100 גרם,false,1,15.90,53.0000,true,1,399
7290002371533,false,דקניקים סלסולי פסטרמה בדבש 120 ג' טירת צבי,הנסיך- מפעל לייצור ט,IL,סלסולי פסטרמה דבש 120 גרם,גרמים,120.00,100 גרם,false,1,16.90,14.0833,true,1,22399
7290002371540,false,דקניקים קורנדביף 120 ג' טירת צבי,הנסיך- מפעל לייצור ט,IL,טירת צבי דקניקים קורנדביף 120 גרם,גרמים,120.00,100 גרם,false,1,16.90,14.0833,true,1,22400
7290002371939,false,טירת צבי סרוולד צרפת,הנסיך- מפעל לייצור ט,IL,סרוולד צרפתי 120 גרם,גרמים,120.00,100 גרם,false,1,28.90,24.0833,true,1,12062
7290002409021,false,מלווח ציפורי השרון 1,ציפור השרון,,"מלווח ציפורי השרון 1 ק""ג",קילוגרמים,1.00,"ק""ג",false,1,16.90,16.9000,true,1,20399
7290002409281,false,סבבה ציפור השרון 750,פילסברי,,מאפה תימני במילוי גבינות 750גרם,גרמים,750.00,100 גרם,false,1,20.90,2.7867,true,1,44158
7290002488248,false,תמר מגהול 600 גרם,ביכורי שדה דרום,IL,תמר מגהול 600 גרם,גרמים,600.00,100 גרם,false,1,24.90,4.1500,true,1,52179
7290002488422,false,תמר מגהול פרימיום 60,מרינה,IL,תמר מגהול 600 גרם,גרמים,600.00,100 גרם,false,1,15.90,2.6500,true,1,56253
7290002507604,false,פיצת השף מאיטליה 320 גר',האי נאם סי או אל.טי.,IT,פיצת השף שגב 320גרם,יחידה,1.00,יחידה,false,1,17.90,17.9000,true,1,48994
7290002517108,false,אורגנו מיכל קטן,תות ממתקי איכות,IL,תבליני טעם וריח מיכל קטן אורגנו 10 גרם,גרמים,10.00,100 גרם,false,1,6.90,69.0000,true,1,4908
7290002517269,false,תבלין פלפל שחור שלם 35ג',תות ממתקי איכות,IL,תבליני טעם וריח פלפל שחור שלם 35 גרם,גרמים,35.00,100 גרם,false,1,9.90,28.2857,true,1,9334
7290002517276,false,תבלין פלפל אנגלי שלם 25ג',תות ממתקי איכות,IL,תבליני טעם וריח מיכל קטן פלפל אנגלי שלם 25 גרם,גרמים,25.00,100 גרם,false,1,8.90,35.6000,true,1,4694
7290002517290,false,תבלין קינמון טחון 40 גר' מיכל,תות ממתקי איכות,IL,"תבליני טעם וריח, 100% קינמון טחון, 40 גרם",גרמים,40.00,100 גרם,false,1,6.90,17.2500,true,1,4695
7290002517337,false,תבלין אורגנו עלים 20 גר',תות ממתקי איכות,IL,תבליני טעם וריח 100% אורגנו 20 גרם,גרמים,20.00,100 גרם,false,1,5.90,29.5000,true,1,4688
7290002517375,false,תבלין בזיליקום 30 גר' שק',תות ממתקי איכות,IL,"תבליני טעם וריח, 100% בזיליקום (ריחן), 30 גרם",גרמים,30.00,100 גרם,false,1,5.90,19.6667,true,1,48150
7290002517603,false,תבלין בזיליקום מיכל 10ג',תות ממתקי איכות,IL,"תבליני טעם וריח בזיליקום (ריחן), 10 גרם",גרמים,10.00,100 גרם,false,1,6.90,69.0000,true,1,9131
7290002517634,false,תבליני כוסברה 30גר,תות ממתקי איכות,IL,תבליני טעם וריח כוסברה 30 גרם,גרמים,30.00,100 גרם,false,1,6.90,23.0000,true,1,46802
7290002517658,false,תבלין כורכום 40 גרם מיכל קטן,יוליניבר,IL,תבליני טעם וריח כורכום 100% 40 גרם,גרמים,40.00,100 גרם,false,1,6.90,17.2500,true,1,9133
7290002517689,false,תבלין קרי 40 גרם מיכל קטן,תות ממתקי איכות,IL,תבליני טעם וריח אבקת קרי 40 גרם,גרמים,40.00,100 גרם,false,1,6.90,17.2500,true,1,9134
7290002517726,false,תבלין מקלות קינמון 15ג',תות ממתקי איכות,IL,תבליני טעם וריח מקלות קינמון 100%,גרמים,15.00,100 גרם,false,1,6.90,46.0000,true,1,9135
7290002517733,false,תבלין קצח טעם וריח 4,תות ממתקי איכות,IL,"תבליני טעם וריח, 100% קצח, 40 גרם",גרמים,40.00,100 גרם,false,1,6.90,17.2500,true,1,46803
7290002517801,false,תבלין צ'ילי כתוש - חריף (פלפל קיינה) 30 ג',תות ממתקי איכות,IL,"תבליני טעם וריח, 100% צ'ילי כתוש חריף, 30 גרם",גרמים,30.00,100 גרם,false,1,6.90,23.0000,true,1,16934
7290002517825,false,תבלין פלפל לבן טחון 40ג',תות ממתקי איכות,IL,"תבליני טעם וריח, 100% פלפל לבן טחון, 40 גרם",גרמים,40.00,100 גרם,false,1,9.90,24.7500,true,1,9138
7290002517849,false,שום גבישי- מיכל קטן,תות ממתקי איכות,IL,תבליני טעם וריח מיכל קטן שום גבישי 50 גרם,גרמים,50.00,100 גרם,false,1,6.90,13.8000,true,1,9139
7290002517863,false,תבלין ציפורן טחון 80ג',תות ממתקי איכות,IL,"תבליני טעם וריח, ציפורן טחון 100%, 40 גרם",גרמים,40.00,100 גרם,false,1,9.90,24.7500,true,1,18088
7290002542506,false,"בירה קורונה בקבוק 355מ""ל",קריניציה ויטמינה אס,MX,בירה קורונה אקסטרה 355 מל,מיליליטרים,355.00,"100 מ""ל",false,1,12.90,3.6338,true,1,17021
7290002542773,false,"בירה סטלה ארטואה בקבוק 330 מ""ל",סטלה,BE,סטלה ארטואה בק 330 מל,מיליליטרים,330.00,"100 מ""ל",false,1,11.90,3.6061,true,1,52074
7290002542780,false,"שישיית בירה סטלה ארטואה 330 מ""ל*6",סטלה ארטואה Stella Artois,BE,סטלה ארטואה שישיה 6 בק*330 מל,ליטרים,1.32,ליטר,false,1,39.90,30.2273,true,1,52075
7290002542797,false,בקבוק בירה לף בלונד,לף Leffe,BE,בירה לף בלונד בקבוק 330 מל,מיליליטרים,330.00,"100 מ""ל",false,1,11.90,3.6061,true,1,52064
7290002542810,false,בירה הוגרדן בקבוק 33,הוגרדן Hoegaarden,BE,בירה הוגרדן בקבוק 330 מל,מיליליטרים,330.00,"100 מ""ל",false,1,11.90,3.6061,true,1,52065
7290002542841,false,שישיית בירה לף בלונד,לף Leffe,BE,שישיית בירה לף בלונד 6*330 מל,ליטרים,1.98,ליטר,false,1,59.90,30.2525,true,1,52066
7290002542865,false,שישיית בירה הוגרדן 6,הוגרדן,BE,שישיית בירה הוגרדן 6*330 מל,ליטרים,1.98,ליטר,false,1,59.90,30.2525,true,1,52067
7290002543046,false,קלוגס פרוסטיס דגנים וסוכר 750ג',קלוג מנייופרטורינג א,ES,דגני קלוגס פרוסטיס 750 גרם,גרמים,750.00,100 גרם,false,1,24.90,3.3200,true,1,5390
7290002543237,false,קלוגס קורנפלקס 750גר,קלוגס קומפני אוף גרי,DE,קלוגס קורנפלקס 750 גרם,גרמים,750.00,100 גרם,false,1,18.90,2.5200,true,1,430
7290002551003,false,טונה בשמן בודד 160 ג' סטארקיסט,סטארקיסט,,טונה בשמן סטארקיסט 160 גרם,גרמים,160.00,100 גרם,false,1,8.90,5.5625,true,1,432
7290002551010,false,סטארקיסט טונה במים 112 ג',"סטארקיסט פודור בע""מ",TR,ס.ק טונה במים 160גרם-בי,גרמים,160.00,100 גרם,false,1,8.90,5.5625,true,1,433
7290002577492,false,"פילה דג הרינג מלוח בשמן, 340 גרם",מיוצר על ידי קוד יצר,IL,פילה דג הרינג מלוח בשמן דלידג 240 גרם,גרמים,240.00,100 גרם,false,1,27.90,11.6250,true,1,30222
7290002577508,false,פילה דג הרינג מלוח בשמן ובצל דלידג 240 ג',מיוצר על ידי קוד יצר,IL,פילה דג הרינג מלוח בשמן ובצל דלידג 240גר,גרמים,240.00,100 גרם,false,1,27.90,11.6250,true,1,30221
7290002608011,false,פרצל סנדוויץ פילסברי,פילסברי,,פרצל סנדוויץ פילסברי,לא מנהל יחידת מידה,0.00,לא מנהל יחידת מידה,false,1,5.90,0.0000,true,1,42299
7290002608028,false,פרצל באן פילסברי,פילסברי,,פרצל באן פילסברי,Unknown,0.00,Unknown,false,1,4.90,0.0000,true,1,42300
7290002608035,false,פרצל עם שומשום פילסב,פילסברי,,פרצל עם שומשום פילסברי,יחידה,0.00,יחידה,false,1,6.90,0.0000,true,1,42301
7290002608127,false,בייגל רומני פילסברי,פילסברי,,בייגל רומני פילסברי,יחידה,1.00,יחידה,false,1,6.90,6.9000,true,1,28608
7290002608363,false,לחמניית המבורגר פרמי,,,לחמניית המבורגר חצויה פרמיום,יחידה,40.00,יחידה,false,1,3.90,0.0975,true,1,47509
7290002608516,false,לחם מחמצת מקמח מלא (,פילסברי,,לחם מחמצת טוסקני דגנים,גרמים,600.00,100 גרם,false,1,19.90,3.3167,true,1,44961
7290002608523,false,לחם מחמצת כוסמין (בר,פילסברי,,לחם מחמצת כוסמין,גרמים,600.00,100 גרם,false,1,19.90,3.3167,true,1,44962
7290002608547,false,לחם מחמצת שיפון וחמוציות 530,פילסברי,IL,לחם מחמצת שיפון חמוציות,יחידה,12.00,יחידה,false,1,19.90,1.6583,true,1,46591
7290002608769,false,לחם מחמצת טוסקני דגנ,פילסברי,,לחם מחמצת טוסקני דגנים,גרמים,600.00,100 גרם,false,1,19.90,3.3167,true,1,44960
7290002627210,false,"גפילטעפיש קציצות מדגי קרפיון וכסיף 560 גר' בעל""ז",האי נאם סי או אל.טי.,IL,גפילטע פיש דלידג בצנצנת 560 גרם,גרמים,560.00,100 גרם,false,1,14.90,2.6607,true,1,47673
7290002692478,false,"שמן זית כתית מעולה קלאסי מעודן 750 מ""ל עץ הזית","מרקאולאו, ספרד.אבסה,",IT,"שמן זית כתית מעולה מעודן עץ הזית 750 מ""ל",מיליליטרים,750.00,"100 מ""ל",false,1,36.90,4.9200,true,1,3306
7290002692768,false,"תרסיס קנולה מופחת קלוריות 200 מ""ל עץ הזית",טרנסומס פוד איי בי,IT,"תרסיס שמן קנולה 200 מ""ל עץ הזית",מיליליטרים,200.00,"100 מ""ל",false,1,19.90,9.9500,true,1,55331
7290002730262,false,פלמוליב כלים שקוף קלאסי 750 בקבוק חדש,יבואן ומשווק: ש. שסט,GR,פלמוליב נוזל לניקוי כלים קלאסי 750 מל,מיליליטרים,750.00,"100 מ""ל",false,1,12.90,1.7200,true,1,469
7290002730521,false,צימרוני אוזניים בלונס בקופסא 200 יח',קריות זול,GR,צמרוני אוזניים בלונס,גרמים,66.00,100 גרם,false,1,8.10,12.2727,true,1,470
7290002730675,false,"קולגייט משחת שיניים אדומה משפחתי 100 מ""ל",קולגייט פלמוליב,PL,"משחת שיניים קולגייט אדומה 100 מ""ל",מיליליטרים,100.00,"100 מ""ל",false,1,9.90,9.9000,true,1,472
7290002730811,false,"קולגייט משחת שיניים ג'ל משפחתי 100מ""ל",הנסיך- מפעל לייצור ט,PL,משחת שניים קולגיט גל משפחתי,מיליליטרים,100.00,"100 מ""ל",false,1,13.90,13.9000,true,1,473
7290002750406,false,סופגניה עם ריבה פילסברי 95 גרם,פילסברי,,סופגנייה מטוגנת קפואה עם ריבה,גרמים,95.00,100 גרם,false,1,3.90,4.1053,false,1,13151
7290002750444,false,סופגניה ריקה פילסברי 95 גרם,פילסברי,,סופגנייה מטוגנת קפואה ריקה,גרמים,95.00,100 גרם,false,1,4.50,4.7368,false,1,15571
7290002750710,false,סופגניה מיני עם ריבה פילסברי 40 גרם,פילסברי,,מיני סופגנייה מטוגנת קפואה עם ריבה,גרמים,40.00,100 גרם,false,1,2.90,7.2500,false,1,15429
7290002750819,false,אצבע פילו תרד ובולגר,פילסברי,,אצבע פילו תרד ובולגרית פילסברי,קילוגרמים,1.00,"ק""ג",true,,54.50,54.5000,true,1,28871
7290002750963,false,באגט רוסטיק פילסברי,פילסברי,,באגט רוסטיק פילסברי,לא מנהל יחידת מידה,0.00,לא מנהל יחידת מידה,false,1,8.90,0.0000,true,1,17633
7290002752332,false,"סוכריות מנטוס פירות בגליל, 37.5 גרם",הדקלאים אגודת שיתופי,NL,מנטוס סוכריות לעיסה בטעם פירות 37.5 גרם,גרמים,38.00,100 גרם,false,1,3.90,10.2632,true,1,475
7290002752349,false,סוכריות מנטוס מנטה 40יח' בגליל 38ג',פרפטי ואן מלה,NL,גליל מנטוס סוכריות לעיסה בטעם מנטה,גרמים,38.00,100 גרם,false,1,3.90,10.2632,true,1,2022
7290002771111,false,קפה עם הל 250 ג' אלנח'לה,מולינו ניקולי s.p.a,IL,אל נחל'ה קפה קלוי וטחון עם הל 250 גרם,גרמים,250.00,100 גרם,false,1,21.50,8.6000,true,1,6220
7290002771128,false,קפה אלנח'לה בלי הל 250 ג',מולינו ניקולי s.p.a,IL,קפה תורכי נחלה 250 גרם,גרמים,250.00,100 גרם,false,1,21.50,8.6000,true,1,7384
7290002824183,false,גבינה לבנה 5% שומן 500 ג' שטראוס,מיוצר עי קונדיטוריית,IL,סקי משפחתי 5%,גרמים,500.00,100 גרם,false,1,9.96,1.9920,true,1,500
7290002824466,false,דנונה יוגורט ביו 0% 200מל,"שטראוס בריאות בע""מ",IL,דנונה ביו 0% 200 גרם,גרמים,200.00,100 גרם,false,1,3.90,1.9500,true,1,501
7290002824640,false,גבינה שטראוס 5% 250 ג',מיוצר עי קונדיטוריית,IL,סקי 5% 250 גרם,גרמים,250.00,100 גרם,false,1,4.98,1.9920,true,1,503
7290002868996,false,קוטג' 5% מועשר טרה 250ג' מהדרין,קריות זול,IL,קוטג מועשר 5% טרה 250 גרם,גרמים,250.00,100 גרם,false,1,6.50,2.6000,true,1,3217
7290002871248,false,"בירה טובורג רד חוזר 500 מ""ל",מבשלות בירה בינלאומי,IL,"טובורג מלא חוזר חדש 500 מ""ל",מיליליטרים,500.00,"100 מ""ל",false,1,9.50,1.9000,true,1,525
7290002871361,false,"קרלסברג בירה בק.חוזר 500 מ""ל",מבשלות בירה בינלאומי,IL,קלסברג בירה 500 מל,מיליליטרים,500.00,"100 מ""ל",false,1,9.50,1.9000,true,1,526
7290002879237,false,חטיף ציפס תירס ברביק,דדוש דניאל,,חטיף ציפס תירס ברביקיו 200 גרם,גרמים,200.00,100 גרם,false,1,12.90,6.4500,true,1,5281
7290002879282,false,ציפס חטיף תירס טבעי סומבררו 200 גרם,פוקולוקו,,חטיף ציפס תירס רגיל 200 גרם,גרמים,200.00,100 גרם,false,1,12.90,6.4500,true,1,5268
7290002879305,false,מלפפונים קטנים בחומץ,דדוש דניאל,,מלפפונים קטנים בחומץ 860 גרם,גרמים,860.00,100 גרם,false,1,23.90,2.7791,true,1,24999
7290002879411,false,מלפפונים חמוץ מתוק 6,פולן,,מלפפונים חמוץ מתוק 680 גרם,גרמים,680.00,100 גרם,false,1,17.90,2.6324,true,1,4846
7290002879435,false,כרוב כבוש 900 גרם,פולן,,כרוב כבוש 900 גרם,גרמים,900.00,100 גרם,false,1,18.90,2.1000,true,1,25002
7290002879633,false,וופל בלגי 550 ג פלוטקין,הרטו בלגיה,BE,וופל בלגי 1/10 550 גרם,גרמים,550.00,100 גרם,false,1,27.90,5.0727,true,1,53455
7290002879886,false,מלפפונים רצועות בחומ,פולן,,מלפפונים רצועות בחומץ 680 גרם,גרמים,680.00,100 גרם,false,1,23.90,3.5147,true,1,25000
7290002921165,false,הזלין ספריי חלב לטיפוח רהיטי עור,קריות זול,CH,יעקבי הזלין קונדישינר חלב שקוף לרהיטי עור 400 מל,מיליליטרים,400.00,"100 מ""ל",false,1,43.90,10.9750,true,1,25681
7290002921240,false,"שמפוזר מסיר כתמים משטיחים קרבונה 650 מ""ל",קרבונה Carbona,MX,יעקבי קרבונה מסיר כתמים מריפוד ושטיחים 650 מל,מיליליטרים,650.00,"100 מ""ל",false,1,35.90,5.5231,true,1,6244
7290002921349,false,דבק סופר גלו מארז זוגי,קריות זול,,דבק סופר גלו לוקטיט,גרמים,100.00,100 גרם,false,1,16.90,16.9000,true,1,6245
7290002922117,false,עוגיות אקלר פרמיום,אקלר,,עוגיות פרימיום 200-300 גרם,גרמים,300.00,100 גרם,false,1,24.90,8.3000,true,1,41624
7290002929642,false,טונה וילגר בשמן רביעיה * 140 ג',דיאמנט פוד פרודקט קו,TH,טונה ויליגר בשמן 140 גרם 1\4,גרמים,560.00,100 גרם,false,1,23.90,4.2679,true,1,48842
7290002973218,false,מחלבנה פטה יווני 400ג,סולי מאזו,HU,פטה יווני 400 גרם,גרמים,400.00,100 גרם,false,1,23.90,5.9750,true,1,28475
7290002986652,false,פתי בר שוקו 470 ג' גטניו,"אחים גטניו בע""מ",,ביסקוויט פתיבר שוקו גטניו 470 גרם,גרמים,470.00,100 גרם,false,1,10.90,2.3191,true,1,25803
7290003009183,false,"פריגת סירופ דיאט תפוחים 750מ""ל",סירופ - גבעת חיים,IL,"סירופ דיאט פריגת תפוחים 750 מ""ל",מיליליטרים,750.00,"100 מ""ל",false,1,23.90,3.1867,true,1,4276
7290003009312,false,בוטן קלוי קלית גת 200 ג',הדקלאים אגודת שיתופי,IL,בוטן קלוי 200 גר' שק',גרמים,200.00,100 גרם,false,1,7.90,3.9500,true,1,7240
7290003009329,false,בוטן אמריקאי קלית גת 200 ג',הדקלאים אגודת שיתופי,IL,בוטן אמריק'200 גר'שק (ב(24,גרמים,200.00,100 גרם,false,1,7.90,3.9500,true,1,7226
7290003009336,false,קבוקים מצופים קליית,הדקלאים אגודת שיתופי,IL,קבוקים 200 גר'שק'ב24,גרמים,200.00,100 גרם,false,1,7.90,3.9500,true,1,7338
7290003026234,false,"ד""ר פישר - קמיל בלו תחליב לתינוק 500 מ""ל",פישר מעבדות פרמצבטיו,IL,קמיל בלו סנסיטיב תחליב לתינוק 500 גרם,מיליליטרים,500.00,"100 מ""ל",false,1,26.90,5.3800,true,1,45956
7290003029181,false,משקה יטבתה שוקו' בקבוק 1ל מהדרין,מחלבת יטבתה,IL,שוקו 1 ליטר,ליטרים,1.00,ליטר,false,1,12.90,12.9000,true,1,3947
7290003029372,false,משקה חלב בננה בקבוק 1ל' יוטבתה,מחלבת יטבתה,IL,בננה 1 ליטר,ליטרים,1.00,ליטר,false,1,12.90,12.9000,true,1,3951
7290003029389,false,"משקה חלב בננה פקק ספורט 250 מ""ל יוטבתה",שטראוס גרופ,IL,"בננה פקק 250 מ""ל",מיליליטרים,250.00,"100 מ""ל",false,1,5.90,2.3600,true,1,3952
7290003029433,false,"משקה יטבתה שוקו פקק 250 מ""ל מהדרין",מחלבת יטבתה,IL,"שוקו פקק 250 מ""ל",מיליליטרים,250.00,"100 מ""ל",false,1,5.90,2.3600,true,1,3954
7290003029532,false,מוקה בקבוק 1 ל' יוטבתה,מחלבת יטבתה,IL,מוקה 1 ליטר,ליטרים,1.00,ליטר,false,1,12.90,12.9000,true,1,3957
7290003029792,false,"משקה יטבתה שוקו שקיות מהדרין מארז 225X8מ""ל",שטראוס גרופ,IL,מארז שוקו יטבתה 8 שקיות,ליטרים,1.80,ליטר,false,1,18.90,10.5000,true,1,4277
7290003029815,false,חלב יוטבתה מועשר 3% בכד 2ל',מחלבת יטבתה,IL,חלב מועשר 3% בכד יטבתה 2 ליטר,ליטרים,2.00,ליטר,false,1,15.60,7.8000,true,1,4278
7290003029907,false,משקה יטבתה אייס קפה 1ליטר,מחלבת יטבתה,IL,אייס קפה 1 ליטר,ליטרים,1.00,ליטר,false,1,12.90,12.9000,true,1,4286
7290003054183,false,מסטמכר לחם שיפון מלא 500ג,מרום את קונפינו,DE,לחם שיפון מסטמכר 500 גרם,גרמים,500.00,100 גרם,false,1,14.50,2.9000,true,1,4708
7290003054213,false,מסטמכר לחם שיפון כפרי 500ג,מרום את קונפינו,DE,לחם שיפון כפרי מסטמכר 500 גרם,גרמים,500.00,100 גרם,false,1,14.50,2.9000,true,1,4711
7290003054657,false,חרדל דיזון אקסטרה פורטה 370 גרם,מרום את קונפינו,FR,חרדל דיז'ון אקסטרא פורטה 370 גרם,גרמים,370.00,100 גרם,false,1,14.90,4.0270,true,1,6273
7290003060009,false,קמח בהיר טחנות ישראל,טחנות ישראליות,IL,"קמח חיטה לבן 1 ק""ג סוגת",קילוגרמים,1.00,"ק""ג",false,1,6.90,6.9000,true,1,3963
7290003060023,false,"סולת חיטה 1 ק""ג אריזות ירושלים",טחנות ישראליות,IL,"סולת חיטה 1 ק""ג טחנות ישראליות",קילוגרמים,1.00,"ק""ג",false,1,5.90,5.9000,true,1,3964
7290003060078,false,קמח שיפון מלא ישראלי,טחנות ישראל,IL,"קמח שיפון מלא טחנות ישראליות 1 ק""ג",קילוגרמים,1.00,"ק""ג",false,1,4.90,4.9000,true,1,53817
7290003072859,false,רוסטביף טירת צבי 120 ג',הנסיך- מפעל לייצור ט,IL,טירת צבי דלקטיב רוסטביף 120 גרם,מיליליטרים,120.00,"100 מ""ל",false,1,28.90,24.0833,true,1,49049
7290003102068,false,צימרוני אוזניים מעץ 100 יח',כוטון סופט,,צימרוני אוזניים מעץ 100 יח,יחידה,1.00,יחידה,false,1,1.90,1.9000,true,1,18917
7290003102136,false,צמר גפן COTTON SOFT רפואי 100 גר' 3102136,הדקלאים אגודת שיתופי,TR,צמר גפן מכותנה טבעית 100 גרם,גרמים,100.00,100 גרם,false,1,5.90,5.9000,true,1,19207
7290003102976,false,צימרוני אוז' פל' בקופסה 200יח',הדקלאים אגודת שיתופי,CN,צימרוני פלסטיק צבעוניים 200 יחידות,יחידה,1.00,יחידה,false,1,4.90,4.9000,true,1,19661
7290003143146,false,ממרח תמרים קליית גת 450 ג',הדקלאים אגודת שיתופי,IL,ממרח תמרים 450 קלית גת,גרמים,450.00,100 גרם,false,1,6.90,1.5333,true,1,46342
7290003144310,false,תערבות אגוזים וחמוציות,קליית גת,IL,תע'אגוזים וחמוציות 150 גר,גרמים,150.00,100 גרם,false,1,22.90,15.2667,true,1,41690
7290003145751,false,קשיו קלוי קלית גת 200 ג',הדקלאים אגודת שיתופי,IL,"קליית גת אגוזי קלויים, 200 גרם",גרמים,200.00,100 גרם,false,1,21.90,10.9500,true,1,13490
7290003145782,false,צנוברים קלופים 100 ג,הדקלאים אגודת שיתופי,IL,צנוברים קלופים 100 גרם קליית גת,גרמים,100.00,100 גרם,false,1,26.90,26.9000,true,1,53795
7290003145959,false,פקאן טבעי קלית גת 150 ג',קוד יצרן JG,IL,פקאן טבעי 150 גרם,יחידה,150.00,יחידה,false,1,24.90,0.1660,true,1,56038
7290003208586,false,וורמוט מרטיני ביאנקו,מרטיני ורוסי,IT,"מרטיני ביאנקו וורמוט לבן מתוק 750 מ""ל",מיליליטרים,750.00,"100 מ""ל",false,1,54.90,7.3200,true,1,17163
7290003208609,false,וורמוט מרטיני רוסו 7,מרטיני ורוסי,IT,"מרטיני רוסו וורמוט אדום מתוק 750 מ""ל",מיליליטרים,750.00,"100 מ""ל",false,1,54.90,7.3200,true,1,17164
7290003208890,false,"וודקה פילנדיה 200 מ""ל",יושלם,,"וודקה פינלנדיה 200 מ""ל",מיליליטרים,200.00,"100 מ""ל",false,1,29.90,14.9500,true,1,39547
7290003210114,false,טרופית בוסתן 200 מל,בוסתן,IL,טרופית בוסתן 200 מל,מיליליטרים,200.00,"100 מ""ל",false,1,2.90,1.4500,true,1,47356
7290003220380,false,עוגיות סנדוויץ שוקו 150 ג' נאפה מעדני מלך,אחים פפושדו,IL,מעדני מלך סנדוויץ שוקו 150ג,גרמים,150.00,100 גרם,false,1,5.50,3.6667,true,1,53696
7290003220397,false,עוגיות סנדוויץ וניל 150 ג' נאפה מעדני מלך,אחים פפושדו,IL,מעדני מלך סנדוויץ וניל 150ג,גרמים,150.00,100 גרם,false,1,5.50,3.6667,true,1,53697
7290003220977,false,עוגיות חצי ירח מצופה 175 נאפה מעדני מלך,אפיפית,,עוגיות מצופות מעדני המלך 175 גר,גרמים,175.00,100 גרם,false,1,10.90,6.2286,true,1,52848
7290003229109,false,פסטרמה בפפריקה טירת צבי 400 ג',הנסיך- מפעל לייצור ט,IL,פסטרמה בפפריקה טירת צבי 400 גרם,גרמים,400.00,100 גרם,false,1,32.90,8.2250,true,1,676
7290003229116,false,פסטרמה בדבש טירת צבי 400 ג',הנסיך- מפעל לייצור ט,IL,פסטרמה בדבש טירת צבי 400 גרם,גרמים,400.00,100 גרם,false,1,32.90,8.2250,true,1,677
7290003229123,false,פסטרמה על גחלים טירת צבי 400 ג',הנסיך- מפעל לייצור ט,IL,פסטרמה על גחלים טירת צבי 400 גרם,גרמים,400.00,100 גרם,false,1,32.90,8.2250,true,1,678
7290003229192,false,כתף בקר מעושן טירת צבי 400 ג' צבי,טיב טירת צבי 2000,IL,"טירת צבי, פסטרמה כתף בקר מעושנת 400 גרם",גרמים,400.00,100 גרם,false,1,34.90,8.7250,true,1,682
7290003268641,false,דגנית עין בר חלה מתוקה מיוחדת 500 גרם,מולינו ניקולי s.p.a,IL,חלה מתוקה 500 גרם,גרמים,500.00,100 גרם,false,1,13.90,2.7800,true,1,42449
7290003268740,false,לחם אחיד 750 גרם,דגנית עין בר,,לחם אחיד 750 גרם,גרמים,750.00,100 גרם,false,1,6.96,0.9280,true,1,7999
7290003268764,false,חלה רגילה 500 גרם,מולינו ניקולי s.p.a,IL,חלה רגילה 500 גרם,גרמים,500.00,100 גרם,false,1,6.26,1.2520,true,1,8000
7290003321155,false,יוגורט בר עם פקאן מצופה שוקולד 183 ג' דנונה,"שטראוס בריאות בע""מ",IL,דנונה בר פקאן,גרמים,175.00,100 גרם,false,1,4.90,2.8000,true,1,691
7290003321292,false,גבינה לבנה 9% שומן 250 ג' שטראוס,מיוצר עי קונדיטוריית,IL,סקי 9% 250 גרם,גרמים,250.00,100 גרם,false,1,4.80,1.9200,true,1,6302
7290003387205,false,דאו' ספיד סטיק בסיסי ירוק רגיל לגבר 63ג',הנסיך- מפעל לייצור ט,US,דאודורנט ספיד סטיק רגולר 56.6 גרם,גרמים,70.00,100 גרם,false,1,21.90,31.2857,true,1,14334
7290003400500,false,חטיף קרמל ובוטנים נא,הרשי,US,שוקולד ריזס קרמל עם בוטנים 47 גרם,גרמים,47.00,100 גרם,false,1,6.10,12.9787,true,1,22459
7290003411313,false,הנמל מפה מבד לא ארוג 180*120,שיווק: הנמל אריזות ו,IL,הנמל מפת שולחן אל בד 180X120 סמ,Unknown,0.00,Unknown,false,1,6.90,0.0000,true,1,26126
7290003423909,false,הרשי חטיף קוקיס&קרם לבן 43 גרם,הרשי,US,שוקולד הרשיז קוקיז אנד קרים 43 גרם,גרמים,43.00,100 גרם,false,1,5.90,13.7209,true,1,30059
7290003427154,false,"שמן זית כתית מעולה זיתא 750 מ""ל",זיתא – י.ט.ב תעשיות,IL,"זיתא שמן זית כתית מעולה, טעם מעודן 750 מל",מיליליטרים,750.00,"100 מ""ל",false,1,36.90,4.9200,true,1,7448
7290003444009,false,ריזס חטיף שוקולד 42 גרם,הרשי,US,שוקולד ריזס חלב 42 גרם,גרמים,42.00,100 גרם,false,1,4.90,11.6667,true,1,30060
7290003450602,false,חרדל אמיתי צהוב בקבוק לחיץ 255 גר,היינץ צפון אמריקה -,US,היינץ חרדל לחיץ 255 גרם,גרמים,255.00,100 גרם,false,1,12.90,5.0588,true,1,722
7290003450725,false,"חומץ בן יין 355 מ""ל היינץ",ה.י.היינץ קומפני ל.פ,US,היינץ חומץ יין 5% 355 מל,מיליליטרים,355.00,"100 מ""ל",false,1,12.90,3.6338,true,1,2502
7290003457861,false,סולרו פירות טרופיים פסח 30,"מיוצר ע""י גלידת שטרא",IL,שלגון סולרו פירות טרופיים,גרמים,85.00,100 גרם,false,1,11.90,14.0000,true,1,4916
7290003457991,false,מאגדת קורנטו קלאסיק בטעם וניל 6 יח',"גלידת שטראוס בע""מ, ר",IL,טילון קורנטו קלאסיקו משפחתי 6 יחידות,גרמים,418.00,100 גרם,false,1,37.90,9.0670,true,1,6322
7290003514007,false,שקדי מרק מאסטר שף 40,מנה Mana,IL,מנה שקדי מרק 400 גרם,גרמים,400.00,100 גרם,false,1,11.90,2.9750,true,1,23226
7290003520572,false,מטריות חרובים שקית בודד (בשרוול 6 שקיות),תופינית,,מטריות חרובים 54גרם,גרמים,54.00,100 גרם,false,1,15.90,29.4444,true,1,44254
7290003521197,false,"ד""ר פישר - סרקל תרסיס מתיר קשרים 340 מ""ל",פישר מעבדות פרמצבטיו,IL,סרקל מתיר קשרים 340 מל,מיליליטרים,340.00,"100 מ""ל",false,1,25.90,7.6176,true,1,45951
7290003521760,false,"ד""ר פישר - אולטרסול ג'ל אלוורה 200 מ""ל",פישר מעבדות פרמצבטיו,IL,"אפטרסול ג""ל אלוורה 200 מ""ל",מיליליטרים,200.00,"100 מ""ל",false,1,26.90,13.4500,true,1,32473
7290003578177,false,תירס גמדי שלם ויליפוד 410 ג',מגסטיק פוד אידסטרי ק,TH,תירס גמדי 410 גרם,גרמים,410.00,100 גרם,false,1,7.90,1.9268,true,1,762
7290003643004,false,"אורז בסמטי קלאסי 1 ק""ג סוגת",האי נאם סי או אל.טי.,IL,"אורז בסמטי קלאסי 1 ק""ג",קילוגרמים,1.00,"ק""ג",false,1,15.90,15.9000,true,1,781
7290003643134,false,סוגת סוכר וניל 10 יח,גוד פוד פרודקטס S.p,IL,סוכר וניל סוגת 10 גרם,גרמים,100.00,100 גרם,false,1,2.80,2.8000,true,1,4922
7290003643158,false,קורנפלור 200 ג' סוגת,המאפיה של הרמן,IL,סוגת קורנפלור 200 גרם,גרמים,200.00,100 גרם,false,1,4.90,2.4500,true,1,31054
7290003643387,false,"סוכר לבן בצנצנת 1 ק""ג סוגת",האי נאם סי או אל.טי.,IL,"סוכר 1 ק""ג בצנצנת",קילוגרמים,1.00,"ק""ג",false,1,10.90,10.9000,true,1,784
7290003643646,false,"סוכר דמררה קלאסי בצנצנת סוגת 1 ק""ג",האי נאם סי או אל.טי.,IL,"סוכר דמררה צנצנת סוגת 1 ק""ג",קילוגרמים,1.00,"ק""ג",false,1,13.90,13.9000,true,1,785
7290003643684,false,אפונה יבשה סוגת 500 גר',האי נאם סי או אל.טי.,IL,אפונה 500 גרם,גרמים,500.00,100 גרם,false,1,7.90,1.5800,true,1,3554
7290003643714,false,חומוס סוגת 500 גרם,האי נאם סי או אל.טי.,IL,חומוס 500 גרם,גרמים,500.00,100 גרם,false,1,9.90,1.9800,true,1,4952
7290003643738,false,סוגת חיטה 500 גרם,האי נאם סי או אל.טי.,IL,חיטה 500 גרם,גרמים,500.00,100 גרם,false,1,6.50,1.3000,true,1,4954
7290003643745,false,סוגת כוסמת 500 גרם,האי נאם סי או אל.טי.,IL,כוסמת 500 גרם,גרמים,500.00,100 גרם,false,1,8.90,1.7800,true,1,4953
7290003643752,false,עדשים ירוקים יבש סוגת 500 גר',האי נאם סי או אל.טי.,IL,עדשים ירוקות 500 גר',גרמים,500.00,100 גרם,false,1,9.90,1.9800,true,1,5292
7290003643769,false,עדשים אדומים יבש סוגת 500 גר',"סוגת תעשיות בע""מ",IL,עדשים אדומות סוגת 500 גרם,גרמים,500.00,100 גרם,false,1,9.90,1.9800,true,1,5272
7290003643776,false,"פופקורן גרעינים סוגת 500 ג' כשל""פ",האי נאם סי או אל.טי.,IL,פופקורן 500 גרם,גרמים,500.00,100 גרם,false,1,6.80,1.3600,true,1,4950
7290003643783,false,קוקוס סוגת 100 גרם,האי נאם סי או אל.טי.,IL,קוקוס 100 גרם,גרמים,100.00,100 גרם,false,1,4.50,4.5000,true,1,3111
7290003643806,false,שעועית לבנה יבשה סוגת 500 ג',האי נאם סי או אל.טי.,IL,שעועית לבנה 500 גרם,גרמים,500.00,100 גרם,false,1,13.90,2.7800,true,1,3726
7290003643813,false,שעועית אדומה יבשה סוגת 500 גר',האי נאם סי או אל.טי.,IL,שעועית אדומה סוגת 500 גרם,גרמים,500.00,100 גרם,false,1,12.90,2.5800,true,1,4955
7290003726141,false,טופו משק גאיה 300גרם,ג'נרל מילס סאן אדריא,IL,טופו הבית בשיטת הייצור המסורתית,גרמים,300.00,100 גרם,false,1,15.90,5.3000,true,1,6347
7290003726615,false,טופו הבית משק ויילר,הדקלאים אגודת שיתופי,IL,טופו ויילר 300 גרם,גרמים,300.00,100 גרם,false,1,14.90,4.9667,true,1,47160
7290003726875,false,טופו חומוס בתוספת פסטו 300 ג' משק ויילר,משק וואיילר,IL,טופו חומוס בתוספת פסטו ויילר 300גרם,גרמים,300.00,100 גרם,false,1,14.90,4.9667,true,1,54565
7290003779499,false,גינגר ארוז 200 גרם,"מרינה פטריות הגליל בע""מ",IL,גינגר טרי יח,גרמים,200.00,100 גרם,false,1,12.90,6.4500,true,1,17191
7290003781850,false,גבינת קשקבל פרוסות 200 גרם,,ES,גבינת קשקבל יורו פרוסות 200גרם,גרמים,200.00,100 גרם,false,1,22.90,11.4500,true,1,53829
7290003804320,false,תיבולית שום ופטרוזיליה 72 ג' קנור,יוניליוור ישראל מזון,IL,קנור תיבוליות שום ופטרוזיליה 72 גרם,גרמים,72.00,100 גרם,false,1,11.90,16.5278,true,1,825
7290003804368,false,תיבולית בזיליקום קנור 72 ג',יוניליוור ישראל מזון,IL,קנור תיבוליות בזיליקום 72 גרם,גרמים,72.00,100 גרם,false,1,11.90,16.5278,true,1,827
7290003805501,false,"פתית שוודי תלמה בד""צ 300 ג'",יוניליוור ישראל מזון,IL,פתית שוודי קרקר דגנים פריך בסגנון שוודי,גרמים,300.00,100 גרם,false,1,20.90,6.9667,true,1,17613
7290003805587,false,"פתית חיטה מלאה למה בד""צ 250 ג'",יוניליוור ישראל מזון,IL,פתיתי חיטה מלאה קרקר פריך עם חיטה מלאה,גרמים,250.00,100 גרם,false,1,20.90,8.3600,true,1,17654
7290003807482,false,רוטב טריאקי 370 ג' קנור,יוניליוור ישראל מזון,IL,קנור רוטב טריאקי 370 גרם,מיליליטרים,300.00,"100 מ""ל",false,1,14.50,4.8333,true,1,14303
7290003864492,false,סרדינים בשמן צמחי חריף פתח קל ויליפוד 110ג',גולדן פרייז קאנינג א,TH,סרדין בשמן צמחי חריף 110גרם,גרמים,110.00,100 גרם,false,1,6.90,6.2727,true,1,848
7290003882922,false,עלי גפן ממולאים באורז ויליפוד 400ג',הזה פלאקספו פוד קו ב,CN,ויליפוד עלי גפן ממולאים באורז 400 גרם,גרמים,400.00,100 גרם,false,1,9.90,2.4750,true,1,850
7290003896141,false,אלמנדוס חטיף ספרדי פ,הדקלאים אגודת שיתופי,IL,אלמנדוס 200 גרם (ב(12,גרמים,200.00,100 גרם,false,1,9.90,4.9500,true,1,13873
7290003911257,false,קבב רומני ביתי איתן,קצביית פרימיום,IL,קבב רומני ביתי איתן,קילוגרמים,1.00,"ק""ג",true,,79.90,79.9000,true,1,53307
7290003911301,false,קציצות ערקיות איתן,קצביית פרימיום,IL,קציצות ערקיות איתן,קילוגרמים,1.00,"ק""ג",true,,79.90,79.9000,true,1,53310
7290003911547,false,המבורגר אנגוס איתן,קצביית פרימיום,IL,המבורגר אנגוס איתן,קילוגרמים,1.00,"ק""ג",true,,79.90,79.9000,true,1,53309
7290003989539,false,לורנצו רביולי במילוי גבינה,מיוצר עי קונדיטוריית,IL,רביולי גבינה 400 EAT GOOD,גרמים,400.00,100 גרם,false,1,21.90,5.4750,true,1,866
7290003990580,false,חסה לבבות ארוז,חקלאי,IL,לבבות חסה,גרמים,700.00,100 גרם,false,1,11.90,1.7000,true,1,41532
7290004011338,false,"קצפת מתוקה מכונה 250 מ""ל ריץ'",האי נאם סי או אל.טי.,IT,קצפת ריץ חלבי במיכל 250 גרם,גרמים,250.00,100 גרם,false,1,16.90,6.7600,true,1,16489
7290004011345,false,"קצפת ריצ` פרווה במיכל 250 מ""ל",האי נאם סי או אל.טי.,IT,קצפת ריץ פרווה במיכל 250 גרם,גרמים,250.00,100 גרם,false,1,16.90,6.7600,true,1,22418
7290004014407,false,סוכריות M&M בוטנים 46 ג',מרס נדרלנד,,סוכריות שוקולדM&M חמאת בוטנים 46 גרם,גרמים,46.00,100 גרם,false,1,5.80,12.6087,true,1,27557
7290004026776,false,לחם מחמצת אגוזים וצי,פילסברי,,לחם מחמצת אגוזים וצימוקים,גרמים,700.00,100 גרם,false,1,19.90,2.8429,true,1,41010
7290004026934,false,חלת מסעדות פילסברי,פילסברי,,חלת מסעדות פילסברי,גרמים,0.00,100 גרם,false,1,4.90,0.0000,true,1,28840
7290004030445,false,פריניב סחוט טבעי תפוזים 1ליטר,פריניב בעמ,IL,"פריניב, מיץ תפוזים סחוט 1 ליטר",ליטרים,1.00,ליטר,false,1,16.90,16.9000,true,1,21031
7290004030612,false,פרי ניב מיץ קיוי אגס ללא תוספת סוכר 1ל,פריניב בעמ,IL,"פריניב, מיץ קיווי אגס תפוח ללא תוספת סוכר 1 ליטר",ליטרים,1.00,ליטר,false,1,24.00,24.0000,true,1,27021
7290004063016,false,מלח שולחן מעולה דק 1,האי נאם סי או אל.טי.,IL,מלח שולחן,קילוגרמים,1.00,"ק""ג",false,1,2.07,2.0700,true,1,5509
7290004063115,false,"מלח מטבח עבה להמלחת בשר ובישול 1 ק""ג",האי נאם סי או אל.טי.,IL,מלח מטבח,קילוגרמים,1.00,"ק""ג",false,1,2.07,2.0700,true,1,5510
7290004064099,false,מטחנה מלח מהרי ההימלאיה 250 גרם,חברת מלח הארץ אילת ב,IL,מטחנת מלח הימלאיה 300 גרם,גרמים,250.00,100 גרם,false,1,16.90,6.7600,true,1,28994
7290004064174,false,"תבלין מלח ההימלאיה דק בצנצנת 1 ק""ג",מלח הארץ,IL,"מלח ההימלאיה דק בצנצנת 1 ק""ג",קילוגרמים,1.00,"ק""ג",false,1,17.90,17.9000,true,1,56605
7290004068011,false,גד יוגורט מחלב כבשים,"מיוצר ע""י קוד יצרן M",IL,גד יוגורט מחלב כבשים מעודן בסגנון בלקני 5% שומן,גרמים,600.00,100 גרם,false,1,19.90,3.3167,true,1,20809
7290004068028,false,"ציזיקי יוגורט לשתיה גד 500 מ""ל",מיוצר על ידי קוד יצר,IL,"משקה צזיקי 500 מ""ל גד",מיליליטרים,500.00,"100 מ""ל",false,1,10.90,2.1800,true,1,21212
7290004068035,false,"משקה יוגורט איירן גד 500 מ""ל","מיוצר ע""י קוד יצרן M",IL,"משקה יוגורט איירן בלקני 500 מ""ל גד",מיליליטרים,500.00,"100 מ""ל",false,1,9.90,1.9800,true,1,21196
7290004068172,false,"יוגורט עיזים בדלי 5% 600 מ""ל רובין",קוד יצרן MKN,IL,גד יוגורט חלב עיזים 2.8% 600 גרם,גרמים,600.00,100 גרם,false,1,19.90,3.3167,true,1,22663
7290004078690,false,"אגקס נוזל לניקוי אסלות מרענן 750 מ""ל",הנסיך- מפעל לייצור ט,FR,אג'קס נוזל לניקוי אסלות ג'ל עם אקונומיקה 750 מל,מיליליטרים,750.00,"100 מ""ל",false,1,16.90,2.2533,true,1,4628
7290004119225,false,יוגורט אננס 3% שומן 150 ג' יופלה,תנובה מרכז שיתופי לש,IL,יופלה יוגורט אננס 3% גביע 150 גרם,גרמים,150.00,100 גרם,false,1,5.70,3.8000,true,1,940
7290004119928,false,מעדן וניל גביע 1.5% שומן 125 ג' קרלו,מחלבת אלון תבור,IL,מעדן קרלו וניל 3% 125 גרם,גרמים,125.00,100 גרם,false,1,3.50,2.8000,true,1,6397
7290004120061,false,קרלו שוקולד וניל 125,תנובה מרכז שיתופי לש,IL,קרלו שוניל 1.5% שומן 125 גרם,גרמים,125.00,100 גרם,false,1,3.50,2.8000,true,1,6398
7290004120108,false,יופלה דיאט יוגורט דובדבן %0 גביע 150ג',תנובה מרכז שיתופי לש,IL,יופלה דיאט יוגורט דובדבן %0 גביע 150גרם,גרמים,150.00,100 גרם,false,1,5.70,3.8000,true,1,943
7290004120566,false,גבינה בולגרית 24% 250 ג' פיראוס,קריות זול,IL,פיראוס בולגרית 24% שומן 250 גרם,גרמים,250.00,100 גרם,false,1,24.90,9.9600,true,1,6400
7290004120573,false,גבינה בולגרית %16 250 ג' פיראוס,תנובה מרכז שיתופי לש,IL,גבינה בולגרית מלוחה 16% שומן,גרמים,250.00,100 גרם,false,1,24.90,9.9600,true,1,945
7290004120634,false,גבינה בולגרית %5 250 ג' פיראוס,תנובה מרכז שיתופי לש,IL,פיראוס גבינה בולגרית 5% שומן,גרמים,250.00,100 גרם,false,1,24.90,9.9600,true,1,946
7290004121488,false,יופלה דיאט אפרסק 0% גביע 150 ג',תנובה מרכז שיתופי לש,IL,יופלה יוגורט עם אפרסק 0% שומן 150 גרם,גרמים,150.00,100 גרם,false,1,5.70,3.8000,true,1,948
7290004121525,false,יופלה מאגדת פרי 4 תות 4 אפרסק 3% 8 יח'*150 ג',תנובה מרכז שיתופי לש,IL,מאגדת יופלה אפרסק תות שמיניה,קילוגרמים,1.20,"ק""ג",false,1,32.30,26.9167,true,1,33969
7290004121754,false,יוגורט עוגת גבינה ותות 3% שומן 150 ג' יופלה,תנובה בעמ,IL,יופלה יוגורט עוגת גבינה ותות %3 150 גרם,גרמים,150.00,100 גרם,false,1,5.70,3.8000,true,1,6402
7290004121839,false,גבינת פטה כבשים 20% 250 ג' פיראוס,תנובה מרכז שיתופי לש,IL,פיראוס פטה כבשים 20% שומן,גרמים,250.00,100 גרם,false,1,30.90,12.3600,true,1,31201
7290004121853,false,גבינה בולגרית בקוביות %5 200 ג' פיראוס,תנובה מרכז שיתופי לש,IL,פירוס בולגרית קוביות 5% 200 גרם,גרמים,200.00,100 גרם,false,1,25.90,12.9500,true,1,952
7290004122119,false,פתיתי פרמזן לפסטה %23 100 ג' השף הלבן,פ.פ.ח. שאביט,IL,תנובה השף הלבן פתיתי גבע פרמזן 23% שומן,גרמים,100.00,100 גרם,false,1,14.90,14.9000,true,1,4726
7290004122195,false,"גבינת גוש חלב פרוס 28%, כשרות מהדרין, 200 ג'",קריות זול,IL,גוש חלב פרוסות גבינה צהובה חצי קשה 28% שומן מהדרין,גרמים,200.00,100 גרם,false,1,15.90,7.9500,true,1,7409
7290004122270,false,גבינה צהובה פרוס בקופסא %28 200 ג' עמק,תנובה מרכז שיתופי לש,IL,עמק קלאסית פרוסות גבינה חצי קשה 28% 200 גרם,גרמים,200.00,100 גרם,false,1,17.90,8.9500,true,1,953
7290004122348,false,עמק לייט 9% פרוס בקופסא,תנובה מרכז שיתופי לש,IL,עמק גבינה צהובה חצי קשה 9% מופחתת שומן,גרמים,200.00,100 גרם,false,1,17.90,8.9500,true,1,955
7290004122676,false,גבינת חמד לייט 5% פיראוס 250 ג',"תנובה,מחלבת טנא נוגה",IL,פיראוס לייט חמד גבינה כפרית מלוחה 5% שומן,גרמים,250.00,100 גרם,false,1,21.90,8.7600,true,1,34558
7290004122683,false,חטיף גבינת אצבעות 28% 172 ג' עמק,תנובה מרכז שיתופי לש,IL,עמק חטיף אצבעות גבינה חצי קשה 28% שומן,גרמים,172.00,100 גרם,false,1,17.90,10.4070,true,1,9786
7290004124205,false,יוגורט דיאט תות %0 שומן 150 ג' יופלה,תנובה מרכז שיתופי לש,IL,יופלה דיאט יוגורט תות %0 גביע 150 גרם,גרמים,150.00,100 גרם,false,1,5.70,3.8000,true,1,960
7290004124847,false,"קצפת צמחית השף הלבן 500 מ""ל תנובה",תנובה מרכז שיתופי לש,IL,קצפת צמחית 500 מל,מיליליטרים,500.00,"100 מ""ל",false,1,17.90,3.5800,true,1,56565
7290004125370,false,שמנת חמוצה מופחתת שומן 9%,תנובה מרכז שיתופי לש,IL,תנובה שמנת חמוצה מופחתת שומן,מיליליטרים,200.00,"100 מ""ל",false,1,3.90,1.9500,true,1,964
7290004125400,false,"שלי אשל 4.5% תנובה 200מ""ל מהדרין",פארייפאבה אגרואינדוס,IL,תנובה אשל לבן 4.5% שומן,מיליליטרים,200.00,"100 מ""ל",false,1,1.69,0.8450,true,1,965
7290004125417,false,"שלי גיל 3% תנובה 200מ""ל מהדרין",תנובה מרכז שיתופי לש,IL,תנובה גיל לבן 3% 206 גרם,מיליליטרים,200.00,"100 מ""ל",false,1,1.51,0.7550,true,1,966
7290004125455,false,**תנובה שמנת אורגינל מהדרין 15% 200מל,תנובה מרכז שיתופי לש,IL,שמנת אורגינל 15% שומן 200 מל,מיליליטרים,200.00,"100 מ""ל",false,1,2.40,1.2000,true,1,967
7290004125509,false,"שמנת 15% חצי מנה 100 מ""ל תנובה",תנובה מרכז שיתופי לש,IL,תנובה שמנת 15% חצי מנה 100 מל,מיליליטרים,100.00,"100 מ""ל",false,1,1.80,1.8000,true,1,968
7290004125578,false,משקה סויה מעושר בסידן תנובה 1ל',תנובה מרכז שיתופי לש,IL,משקה סויה מועשר בסידן 1 ליטר,ליטרים,1.00,ליטר,false,1,12.90,12.9000,true,1,969
7290004125585,false,משקה סויה וניל תנובה E אלטרנטיב,תנובה מרכז שיתופי לש,IL,משקה סויה על הבוקר וניל 1 ליטר,ליטרים,1.00,ליטר,false,1,13.50,13.5000,true,1,970
7290004125721,false,"שמנת לבישול 15% שומן 250 מ""ל תנובה",תנובה מרכז שיתופי לש,IL,"השף הלבן שמנת לבישול ,שמנת עמידה לבישול 15% 250 מל",מיליליטרים,250.00,"100 מ""ל",false,1,8.90,3.5600,true,1,971
7290004125738,false,שמנת מתוקה עמידה להקצפה 32% השף הלבן,תנובה מרכז שיתופי לש,IL,"שמנת להקצפה 32% 250 מ""ל",מיליליטרים,250.00,"100 מ""ל",false,1,7.20,2.8800,true,1,972
7290004125776,false,גבינה צהובה 28% שומן 400 ג' עמק,קריות זול,IL,עמק פרוס 28% 400 גרם בקופסא,גרמים,400.00,100 גרם,false,1,31.90,7.9750,true,1,3318
7290004126674,false,פרוסות גבינה חצי קשה 9% שומן 200 ג' עמק,תנובה מרכז שיתופי לש,IL,גבינה צהובה טל העמק 9% לייט 200 גרם,גרמים,200.00,100 גרם,false,1,19.90,9.9500,true,1,974
7290004126759,false,יופלה דיאט פירות יער %0 גביע 150 ג',תנובה בעמ,IL,יופלה דיאט פירות יער %0 גביע 150 גרם,גרמים,150.00,100 גרם,false,1,5.70,3.8000,true,1,975
7290004126872,false,משקאות חלב תנובה שוקו בקבוק 250מל,קריות זול,IL,"שוקו תנובה בקבוק 250 מ""ל",מיליליטרים,250.00,"100 מ""ל",false,1,6.20,2.4800,true,1,3458
7290004127077,false,קוטג' 3% שומן 250 ג' תנובה,מיוצר עי קונדיטוריית,IL,קוטג 3% תנובה 250 גרם,גרמים,250.00,100 גרם,false,1,5.70,2.2800,true,1,976
7290004127329,false,קוטג' 5% תנובה 250ג' מהדרין,מיוצר עי קונדיטוריית,IL,קוטג 5% תנובה 250 גרם,גרמים,250.00,100 גרם,false,1,5.70,2.2800,true,1,978
7290004127336,false,קוטג' 9% תנובה 250 ג' הדרין,מיוצר עי קונדיטוריית,IL,קוטג 9% תנובה 250 גרם,גרמים,250.00,100 גרם,false,1,5.70,2.2800,true,1,979
7290004127800,false,גבינה לבנה 5% שומן 500 ג' תנובה,מיוצר עי קונדיטוריית,IL,גבינה למריחה 5% פיקוח 500 גרם,גרמים,500.00,100 גרם,false,1,9.96,1.9920,true,1,981
7290004127817,false,גבינה לבנה 9% שומן 500 ג' תנובה,מיוצר עי קונדיטוריית,IL,גבינה למריחה 500 9% גרם,גרמים,500.00,100 גרם,false,1,9.50,1.9000,true,1,982
7290004128340,false,קרם גבינת שמנת %5 בטעם טבעי 200 ג' תנובה,קריות זול,IL,קרם גבינת שמנת 5% בטעם טבעי 200 גרם,גרמים,200.00,100 גרם,false,1,13.50,6.7500,true,1,988
7290004128364,false,קרם גבינת שמנת 5% עם זיתים ירוקים 200 ג' תנובה,"תנובה, מחלבת תל יוסף",IL,קרם גבינת שמנת 5% עם זיתים ירוקים 200 גרם,גרמים,200.00,100 גרם,false,1,13.50,6.7500,true,1,989
7290004129101,false,גבינת שמנת 25% בטעם טבעי 225 ג' נפוליאון,תנובה מרכז שיתופי לש,IL,גבינת שמנת נפוליאון טבעי 225 גרם,גרמים,225.00,100 גרם,false,1,15.20,6.7556,true,1,992
7290004129118,false,גבינת שמנת 24% עם זיתים ירוקים 225 ג' נפוליאון,תנובה מרכז שיתופי לש,IL,גבינת שמנת נפוליאון זיתים 225 גרם,גרמים,225.00,100 גרם,false,1,15.20,6.7556,true,1,993
7290004129156,false,גבינת שמנת25% עם שום שמיר 225 ג' נפוליאון,תנובה מרכז שיתופי לש,IL,גבינת שמנת נפוליאון שום שמיר 225 גרם,גרמים,225.00,100 גרם,false,1,15.20,6.7556,true,1,994
7290004129545,false,גבינה לבנה 3% שומן 250 ג' תנובה,מחלבת אלון תבור,IL,גבינה לבנה 3% תנובה 250 גרם,גרמים,250.00,100 גרם,false,1,4.90,1.9600,true,1,995
7290004129736,false,יוגורט במתיקות מעודנת 1.5% שומן 200 ג' יופלה,תנובה מרכז שיתופי לש,IL,יוגורט,גרמים,200.00,100 גרם,false,1,4.70,2.3500,true,1,2556
7290004130695,false,משקאות חלב תנובה אייס קפה בבקבוק 1ל,תנובה מרכז שיתופי לש,IL,אייס קפה,ליטרים,1.00,ליטר,false,1,14.50,14.5000,true,1,12592
7290004130794,false,משקה סויה טבעי במתיקות מופחתת 1 ליטר,תנובה מרכז שיתופי לש,IL,משקה סויה מועשר מופחת מתיקות 1 ליטר,ליטרים,1.00,ליטר,false,1,13.50,13.5000,true,1,7345
7290004130916,false,יוגורט 3% פירות יער בשמנת 150 ג' יופלה,תנובה מרכז שיתופי לש,IL,יוגורט יופלה פירות יער שמנת 150 גרם,גרמים,150.00,100 גרם,false,1,5.70,3.8000,true,1,4733
7290004131074,false,**חלב תנובה טרי מהדרין קרטון 3% 1ל,תנובה מרכז שיתופי לש,IL,חלב 3% קרטון מהדרין פיקוח 1 ליטר,ליטרים,1.00,ליטר,false,1,6.23,6.2300,true,1,996
7290004131227,false,גבינה לבנה 3% שומן 500 ג' תנובה,תנובה מרכז שיתופי לש,IL,גבינה למריחה 500 3% גרם,גרמים,500.00,100 גרם,false,1,9.50,1.9000,true,1,33339
7290004131432,false,יוגורט ביו 3% שומן 200 ג' יופלה,מיוצר עי קונדיטוריית,IL,יופלה לבן 3% גביע 200 גרם,גרמים,200.00,100 גרם,false,1,4.70,2.3500,true,1,2557
7290004131456,false,יוגורט ביו 1.5% שומן 200 ג' יופלה,מיוצר עי קונדיטוריית,IL,יופלה לבן 1.5% גביע 200 גרם,גרמים,200.00,100 גרם,false,1,4.70,2.3500,true,1,2558
7290004131814,false,גבינה צפתית 5% מעודנת 200 ג' פיראוס,פארייפאבה אגרואינדוס,IL,פיראוס צפתית 5% מעודנת 200 גרם,גרמים,200.00,100 גרם,false,1,16.50,8.2500,true,1,2834
7290004132552,false,משקה סויה לייט בטעם טבעי טרי 1 ליטר,תנובה מרכז שיתופי לש,IL,משקה סויה דיאט 1 ליטר,ליטרים,1.00,ליטר,false,1,13.50,13.5000,true,1,2960
7290004132712,false,חטיף אצבעות גבינת מוצרלה 20% 172 ג' עמק,תנובה מרכז שיתופי לש,IL,עמק חטיף אצבעות גבינת מוצרלה 172 גרם 20%,גרמים,172.00,100 גרם,false,1,17.90,10.4070,true,1,2726
7290004133511,false,יופלה מאגדת לבן 1.5% מעודן 8 יח' * 150 ג',מחלבת אלון תבור,IL,יופלה שמיניה לבן מעודן 1.5%,קילוגרמים,1.20,"ק""ג",false,1,22.50,18.7500,true,1,33412
7290004134945,false,יוגורט מוקה 3% שומן 150 ג' יופלה,תנובה מרכז שיתופי לש,IL,יופלה מוקה 150 3% גרם,גרמים,150.00,100 גרם,false,1,5.50,3.6667,true,1,56182
7290004135225,false,מעדן תנובה דיאט שוקולדה 0% 150מל,תנובה מרכז שיתופי לש,IL,מעדן דיאט שוקולד 150 גרם,גרמים,150.00,100 גרם,false,1,4.20,2.8000,true,1,3772
7290004135614,false,גבינה בולגרית מעודנת 5% 250 ג' פיראוס,קריות זול,IL,פיראוס גבינה בולגרית מעודנת 5% שומן,גרמים,250.00,100 גרם,false,1,24.90,9.9600,true,1,10703
7290004136598,false,מארז הפסקת אוכל עם קורנפלקס ומשקה חלב עמיד בטעם וניל,פארייפאבה אגרואינדוס,IL,מארז הפסקת אוכל חלב+דגנים,לא מנהל יחידת מידה,0.00,לא מנהל יחידת מידה,false,1,10.90,0.0000,true,1,9893
7290004136857,false,מעדן גלי בטעם פטל 12,תנובה מרכז שיתופי לש,IL,גלי בטעם פטל 125 גרם,גרמים,125.00,100 גרם,false,1,2.70,2.1600,true,1,9848
7290004137021,false,"שמנת לבישול 10% עמיד השף הלבן 250 מ""ל",תנובה מרכז שיתופי לש,IL,תנובה השף הלבן שמנת לבישול עם סיבים 10% שומן,מיליליטרים,250.00,"100 מ""ל",false,1,8.90,3.5600,true,1,11921
7290004137311,false,עמק לייט משפחתית 9% 400ג-ועדת מהדרין,תנובה,IL,עמק גבינה צהובה חצי קשה 9% שומן,גרמים,400.00,100 גרם,false,1,33.90,8.4750,true,1,30233
7290004137809,false,לאבנה 5% שומן 250 ג' פיראוס,"תנובה, מחלבת אלון תב",IL,פיראוס לאבנה אסלית 5% שומן 250 גרם,גרמים,250.00,100 גרם,false,1,15.20,6.0800,true,1,16135
7290004161019,false,סלמון מונטה קרלו 10,מונטה קרלו,IL,סלמון מונטה קרלו 100 גרם,גרמים,100.00,100 גרם,false,1,26.90,26.9000,true,1,52886
7290004199180,false,כפפות לאטקס 100 יח' EASY TOUCH- L,הדקלאים אגודת שיתופי,TH,EASY TOUCH כפפות לטקס גודל: Large,יחידה,1.00,יחידה,false,1,34.90,34.9000,true,1,16147
7290004199203,false,קיסמ' שיניים מבמבוק מלחיה 300 יח',הדקלאים אגודת שיתופי,CN,קיסמי שיניים מבמבוק מלחייה 300 יח',Unknown,0.00,Unknown,false,1,3.90,0.0000,true,1,18956
7290004199234,false,כפפות לאטקס 100 יח' EASY TOUCH- XL,איזי טאצ',TH,כפפות לטקס איזי טאצ 100 יח XL,לא מנהל יחידת מידה,0.00,לא מנהל יחידת מידה,false,1,34.90,0.0000,true,1,16148
7290004199579,false,פלסטר מעורב 100 יח' - SUNNY PLASTER,הדקלאים אגודת שיתופי,CN,סאני פלסטר 100 פלסטרים בגדלים שונים סטריליים,גרמים,0.00,100 גרם,false,1,10.90,0.0000,true,1,21513
7290004200930,false,זיקוקים זהב 2 זוגות,שמחה זה אנחנו,,זיקוק זוג 15 סמ בשקית,יחידה,1.00,יחידה,false,1,7.80,7.8000,true,1,26488
7290004219819,false,קומפלטה מלבין קפה הולנדי 200ג,פריזלנד פודס קיוויט,NL,קומפלטה מלבין קפה הולנדי 200 גרם,גרמים,200.00,100 גרם,false,1,12.90,6.4500,true,1,1008
7290004225285,false,גבינה בסגנון דנאבלו 100 ג',האי נאם סי או אל.טי.,DK,רכיבי חלב ושומן צמחי בסגנון דנאבלו 100 גרם,גרמים,100.00,100 גרם,false,1,12.50,12.5000,true,1,24887
7290004255428,false,נר נשמה 24 שעות - מנורה,מנורה,IL,נר נשמה מנורה בפחית 24 שעות,יחידה,1.00,יחידה,false,1,2.50,2.5000,true,1,50199
7290004256371,false,ריץ פרוס 400 ג' -צהובה פרוסה,מלקפול אלוורטוסקה,PL,גבינה צהובה פרוסה על בסיס חלב,גרמים,400.00,100 גרם,false,1,19.90,4.9750,true,1,47080
7290004256425,false,עלמה גאודה 400 גרם,נטו,,עלמה גאודה 400 גרם,גרמים,400.00,100 גרם,false,1,15.20,3.8000,true,1,46601
7290004339401,false,המבורגר אורז עדשים ט,טבע דלי,IL,"בורגר אורז, עדשים ושקדים 400 גרם טבע דלי",גרמים,400.00,100 גרם,false,1,26.90,6.7250,true,1,41085
7290004339425,false,שווארמה מהצומח סייטן,טבע דלי בעמ,IL,טבע דלי סייטן שווארמה 350 גרם,גרמים,350.00,100 גרם,false,1,24.90,7.1143,true,1,41064
7290004339432,false,סייטן קפוא טבעי טבע,טבע דלי בעמ,IL,סייטן קפוא טבעי טבע דלי 500 גרם,גרמים,500.00,100 גרם,false,1,16.50,3.3000,true,1,41065
7290004339630,false,סייטן טבעי טבע דלי 3,טבע דלי,IL,סייטן מקורי 350גרם טבע דלי,גרמים,350.00,100 גרם,false,1,19.90,5.6857,true,1,41091
7290004339777,false,סייטן טחון בולונז,טבע דלי,IL,סייטן בולונז 350גרם טבע דלי,גרמים,350.00,100 גרם,false,1,26.90,7.6857,true,1,53798
7290004339784,false,בורגר על האש טבע דלי,טבע דלי,IL,בורגר על האש טבע דלי 400 גרם,גרמים,400.00,100 גרם,false,1,26.90,6.7250,true,1,41096
7290004339999,false,שניצלוני סייטן אמרנט,טבע דלי,IL,סייטן אמרנט שניצלונים טבע דלי 400 גרם,גרמים,400.00,100 גרם,false,1,29.90,7.4750,true,1,41106
7290004492274,false,בייגלה טבעות מלוחות 400 ג',אתר בייגל - Food,IL,כעכים בצורת טבעות עם מלח בייגל בייגל,גרמים,400.00,100 גרם,false,1,13.90,3.4750,true,1,55279
7290004494049,false,יין דלתון פומה סובני,"איי, בי, אינבוו",IL,דלתון סוביניון בלאן יין לבן יבש גליל 2020 750 מל,מיליליטרים,750.00,"100 מ""ל",false,1,74.90,9.9867,true,1,29003
7290004494131,false,יין דלתון קברנה סוביניון גליל,"איי, בי, אינבוו",IL,דלתון קברנה סוביניון 2019 יין אדום יבש,מיליליטרים,750.00,"100 מ""ל",false,1,74.90,9.9867,true,1,23857
7290004494148,false,יין דלתון מרלו גליל,"איי, בי, אינבוו",IL,דלתון יין 15% אדום יבש מרלו 2014,מיליליטרים,750.00,"100 מ""ל",false,1,74.90,9.9867,true,1,23856
7290004494179,false,יין דלתון שרדונה 750,"איי, בי, אינבוו",IL,יין דלתון שרדונה 750 מל,מיליליטרים,750.00,"100 מ""ל",false,1,74.90,9.9867,true,1,53914
7290004494353,false,יין דלתון עלמה לבן 2,יקב דלתון בעמ,IL,יין דלתון עלמה אייבורי 750מל,מיליליטרים,750.00,"100 מ""ל",false,1,79.90,10.6533,true,1,51881
7290004494377,false,יין דלתון שיראז גליל,"איי, בי, אינבוו",IL,יין דלתון אדום יבש שיראז 2020 13.5% 750 מל,מיליליטרים,750.00,"100 מ""ל",false,1,74.90,9.9867,true,1,23858
7290004494599,false,יין דלתון עלמה בורדו,דלתון,IL,עלמה קרימזון דלתון 750 מל 2018,מיליליטרים,750.00,"100 מ""ל",false,1,79.90,10.6533,true,1,50488
7290004494919,false,כנען אדום קברנה שירא,דלתון,IL,כנען אדום קברנה שיראז דלתון 750מל,מיליליטרים,750.00,"100 מ""ל",false,1,52.90,7.0533,true,1,50490
7290004532062,false,הטיב גרעיני אבטיח 200ג בשקית,דין שיווק,,גרעיני אבטיח קלויים הטיב 200 גרם,גרמים,200.00,100 גרם,false,1,18.90,9.4500,true,1,32319
7290004554293,false,שלגון אסקימו ענבים 75 גר',שטראוס,,אסקימו ענבים,לא מנהל יחידת מידה,0.00,לא מנהל יחידת מידה,false,1,3.90,0.0000,true,1,7312
7290004554330,false,קרחון אסקימו דובדובן,"מיוצר ע""י גלידת שטרא",IL,שלגון אסקימו דובדבן,גרמים,84.00,100 גרם,false,1,3.90,4.6429,true,1,2140
7290004554354,false,גלידת פנטזיה שוקו וניל 1 ל' שטראוס,"גלידת שטראוס בע""מ, ר",IL,גלידה פנטזיה שוקו וניל 1 ליטר,ליטרים,1.00,ליטר,false,1,30.90,30.9000,true,1,1071
7290004554798,false,"שלגון מטרה פטל,לימון וענבים","מיוצר ע"" גלידת שטראו",IL,שטראוס מטרה שלגון בטעמי פטל ולימון 80 גרם,גרמים,90.00,100 גרם,false,1,7.90,8.7778,true,1,2141
7290004584306,false,רבעיית גמדים בטעם תות בננה * 100 ג' שטראוס,מיוצר עי קונדיטוריית,IL,4 גמדים תות בננה,גרמים,400.00,100 גרם,false,1,11.90,2.9750,true,1,1078
7290004584351,false,גבינה במרקם שמנת 5% טבעי 200 ג' סימפוניה,"שטראוס בריאות בע""מ",IL,סימפוניה החמישית,גרמים,200.00,100 גרם,false,1,12.90,6.4500,true,1,1079
7290004584528,false,דנונה ביו יוגורט טבעי 1.5% 200 ג',מיוצר עי קונדיטוריית,IL,דנונה ביו 1.7% 200 גרם,גרמים,200.00,100 גרם,false,1,3.70,1.8500,true,1,1080
7290004658960,false,אמרלד ריזלינג לבן חצי יבש,אגודת הכורמים הקואופ,IL,"יין P.C אמרלד ריזלינג 750 מ""ל",מיליליטרים,750.00,"100 מ""ל",false,1,47.90,6.3867,true,1,1112
7290004731410,false,סנו סושי כרית קרצוף ירוק שלישיה,קריות זול,IL,כרית קרצוף סנו סושי ירוק שלישייה,יחידה,0.00,יחידה,false,1,11.90,0.0000,true,1,7949
7290004731472,false,"אל סבון צבעוני כיף שלישיה* 500 מ""ל",טרופיקל דגיל תעשיות,IL,כיף שלישיה צבעוני,ליטרים,1.50,ליטר,false,1,19.90,13.2667,true,1,2879
7290004731670,false,"סנו דואופרש פצ'ולי לבנדר 300 מ""ל","סנו מפעלי ברונוס בע""",IL,מבשם אוויר דואופרש לבנדר ופצ'ולי 300 מל,מיליליטרים,300.00,"100 מ""ל",false,1,14.90,4.9667,true,1,3435
7290004737900,false,וילי פוד חלב מרוכז ממותק397ג,יו.איי.בי מאריג'אמפו,LT,חלב מרוכז הולנדי ויליפוד 397 גרם,גרמים,397.00,100 גרם,false,1,10.90,2.7456,true,1,1138
7290004872021,false,קרחון רמזור 80ג' נסטלה,המאפיה של הרמן,IL,נסטלה קרחון רמזור בדצ 48*80גרם,Unknown,0.00,Unknown,false,1,3.00,0.0000,true,1,2142
7290004872250,false,שלגון שרבט אבטיח נסטלה 108'ג,נגה גלידות (גלידות נ,IL,שלגון אבטיח קיץ,Unknown,0.00,Unknown,false,1,5.90,0.0000,true,1,7232
7290004872359,false,קרחון דובדבן 80 ג ' נסטלה,גלידות נסטלה (נגה גל,IL,שלגון קרח דובדבן,Unknown,0.00,Unknown,false,1,3.00,0.0000,true,1,2032
7290004872731,false,טילון אקסטרים וניל 70ג',גלידות נסטלה,IL,טילון אקסטרים וניל,Unknown,0.00,Unknown,false,1,7.90,0.0000,true,1,5609
7290004943301,false,ברוקולי מילוטל 800,משק ויילר,IL,ברוקולי מילוטל 800גרם,גרמים,800.00,100 גרם,false,1,13.90,1.7375,true,1,25892
7290004943806,false,כרובית מילוטל 800ג,משק ויילר,IL,כרובית מילוטל 800גרם,גרמים,800.00,100 גרם,false,1,13.90,1.7375,true,1,56018
7290005008184,false,"פלמוליב - תחליב רחצה נטורלס שקדים 500 מ""ל",הנסיך- מפעל לייצור ט,TR,פלמוליב סבון נוזלי חלב שקדים 500 מל,מיליליטרים,500.00,"100 מ""ל",false,1,17.90,3.5800,true,1,4035
7290005008191,false,"פלמוליב סבון נוזלי בניחוח ארומה סגול, 500 מ""ל",הנסיך- מפעל לייצור ט,TR,500 מל סבון נוזלי פלמוליב so relaxed,מיליליטרים,500.00,"100 מ""ל",false,1,17.90,3.5800,true,1,4036
7290005020162,false,"וויסקי בלנטיינ'ס 700 מ""ל",פרנו,,וויסקי סקוטי בלנטייס פיינסט,מיליליטרים,700.00,"100 מ""ל",false,1,99.90,14.2714,true,1,9180
7290005020346,false,בקרדי קרטה בלנקה סופ,תאגיד בקרדי,US,"בקרדי לבן 750 מ""ל",מיליליטרים,750.00,"100 מ""ל",false,1,109.90,14.6533,true,1,33311
7290005095399,false,מצת סיגריות מותג,,,מצת סיגריות אלקטרוני מותג,לא מנהל יחידת מידה,0.00,לא מנהל יחידת מידה,false,1,4.50,0.0000,true,1,39957
7290005197758,false,עוגיות חיוכים שוקו שוקו 150ג',אפיפית נצרת תעשיות ב,IL,חיוכים שוקו 150 בדצ,גרמים,150.00,100 גרם,false,1,6.90,4.6000,true,1,17840
7290005200786,false,תפוצ'יפס שמנת ובצל 50 גרם,"שטראוס פריטו ליי בע""",IL,תפו שמנת בצל 50 גר 48 יח - שמיטה,גרמים,50.00,100 גרם,false,1,5.50,11.0000,true,1,1288
7290005201882,false,קפה טורקי קלוי וטחון,הנסיך- מפעל לייצור ט,IL,קפה טורקי 200 גרם,גרמים,200.00,100 גרם,false,1,17.90,8.9500,true,1,14149
7290005271410,false,ביצים L ארוזות 12 י,גליקסמן שיווק ביצים,,ביצים L ארוזות 12 יחידות,לא מנהל יחידת מידה,0.00,לא מנהל יחידת מידה,false,1,12.05,0.0000,true,1,14515
7290005271458,false,ביצים אורגניות 12 יח,גליקסמן שיווק ביצים,,ביצים L אורגניות 12 יחידות,לא מנהל יחידת מידה,0.00,לא מנהל יחידת מידה,false,1,25.90,0.0000,true,1,14517
7290005271465,false,ביצים אורגניות 12 יח,גליקסמן שיווק ביצים,,ביצים M אורגניות 12 יחידות,לא מנהל יחידת מידה,0.00,לא מנהל יחידת מידה,false,1,24.90,0.0000,true,1,14518
7290005271687,false,ביצים אומגה 3 לארג' 12 יח',גליקסמן שיווק ביצים,,ביצים L אומגה 3 לבן 12 יחידות,יחידה,1.00,יחידה,false,1,22.90,22.9000,true,1,14527
7290005271755,false,תבנית ביצים L חופש 12יחי,גליקסמן שיווק ביצים,,ביצים L חופש 12 יחידות,לא מנהל יחידת מידה,0.00,לא מנהל יחידת מידה,false,1,25.90,0.0000,true,1,17893
7290005271762,false,ביצים חופש מידיום 12 יח',גליקסמן שיווק ביצים,,ביצים חופש M בינוני 12 יחידות,לא מנהל יחידת מידה,0.00,לא מנהל יחידת מידה,false,1,23.90,0.0000,true,1,17894
7290005271847,false,ביצי גליקסמן 10 יח X,גליקסמן שיווק ביצים,,ביצים XL ארוזות 10 יחידות,לא מנהל יחידת מידה,0.00,לא מנהל יחידת מידה,false,1,10.90,0.0000,true,1,43598
7290005287510,false,טונה בשמן עם בפלפל חריף 160 ג' סטארקיסט,תאי יוניון גרופ,TH,ס.ק עם פלפל חריף 160 גרם,גרמים,160.00,100 גרם,false,1,8.90,5.5625,true,1,10297
7290005287527,false,טונה בשמן עם לימון 160 ג' סטארקיסט,תאי יוניון גרופ,TH,ס.ק בטעם לימון 160גרם,גרמים,160.00,100 גרם,false,1,8.90,5.5625,true,1,10298
7290005287534,false,טונה בשמן עישון טבעי 160 ג' סטארקיסט,תאי יוניון גרופ,TH,סטארקיסט טונה בשמן בטעם מעושן,גרמים,160.00,100 גרם,false,1,11.90,7.4375,true,1,10299
7290005423253,false,"סנו - מקסימה מרסס למייבש כביסה אולטרה פרש 750 מ""ל","סנו מפעלי ברונוס בע""",IL,"מרסס למייבש כביסה מקסימה כחול 750 מ""ל",מיליליטרים,750.00,"100 מ""ל",false,1,19.90,2.6533,true,1,4655
7290005423499,false,"סנו נירוסטה אירוסול 500 מ""ל",מיוצר עי קונדיטוריית,IL,נירוסטה - לניקוי והברקה של משטחי נירוסטה,מיליליטרים,500.00,"100 מ""ל",false,1,22.90,4.5800,true,1,16203
7290005423567,false,מטליות לניקוי כללי בגליל 40 יח' סנו סושי,אסותא תעשיות אלבד בע,IL,סנו סושי - 40 מטליות לניקוי כללי בגליל,לא מנהל יחידת מידה,0.00,לא מנהל יחידת מידה,false,1,28.50,0.0000,true,1,6542
7290005423635,false,ריצפז נוזל לניקוי רצפות דוחה חרקים 2 ל',מיוצר עי קונדיטוריית,IL,סנו ריצפז פלוס,ליטרים,2.00,ליטר,false,1,26.90,13.4500,true,1,4042
7290005423734,false,סנו - מקסימה מרכך כביסה אולטרה פרש 4 ליטר,"סנו מפעלי ברונוס בע""",IL,מרכך 4 ליטר,ליטרים,4.00,ליטר,false,1,24.90,6.2250,true,1,1359
7290005423833,false,סנו פוליויקס פרקט 2 ליטר,"סנו מפעלי ברונוס בע""",IL,סנו פוליויקס מנקה מבריק פרקט 2 ליטר,ליטרים,2.00,ליטר,false,1,24.90,12.4500,true,1,4043
7290005424847,false,מפיות סנו סושי לבן לאירוח 150יח',מיוצר עי קונדיטוריית,TR,מפיות נייר סנו סושי 150 יח,Unknown,0.00,Unknown,false,1,9.90,0.0000,true,1,6545
7290005425110,false,"חיטוי משטחים 99.9% מתז מחטא ומשמיד 750 מ""ל","סנו מפעלי ברונוס בע""",IL,סנו מחטא ומשמיד חיידקים 750 מל,לא מנהל יחידת מידה,0.00,לא מנהל יחידת מידה,false,1,18.90,0.0000,true,1,49826
7290005425646,false,סנו קליר ספריי אקדח לניקוי והברקת חלונות 1ל',"סנו מפעלי ברונוס בע""",IL,סנוקליר חלונות 1 ליטר,ליטרים,1.00,ליטר,false,1,15.90,15.9000,true,1,1368
7290005426193,false,ספוג הפלא אריזת סנו 6יח',טרופיקל דגיל תעשיות,IL,סנו סושי ספוג הפלא,Unknown,0.00,Unknown,false,1,14.90,0.0000,true,1,16204
7290005426230,false,מטלית הפלא לרצפה מיקרופייבר סנו 1יח',N.S.,IL,מטלית הפלא לרצפה סנו סושי,Unknown,0.00,Unknown,false,1,13.90,0.0000,true,1,1372
7290005426575,false,"קרמה לחות לשיער יבש ללא שטיפה 400 מ""ל",טרופיקל דגיל תעשיות,IL,קרמה לחות לשיער יבש,מיליליטרים,400.00,"100 מ""ל",false,1,23.90,5.9750,true,1,1380
7290005426940,false,"סנו K-300 פלוס 8 400 מ""ל",טרופיקל דגיל תעשיות,IL,"משמיד חרקים K300 פלוס 400 מ""ל",מיליליטרים,400.00,"100 מ""ל",false,1,25.90,6.4750,true,1,2886
7290005427107,false,סנו - סושי מגבות נייר הפלא 6 יחידות,מיוצר עי קונדיטוריית,IL,"סנו סושי 6 מגבות הפלא, 700 גרם",מטרים,6350.00,מטר,false,1,12.90,0.0020,true,1,2430
7290005427619,false,"כיף גל לשיער לשיער קוצים 1ק""ג",גוד פוד פרודקטס S.p,IL,כיף - ג'ל לעיצוב שיער קוצים ירוק,ליטרים,1.00,ליטר,false,1,29.90,29.9000,true,1,7356
7290005430602,false,"סנו - אוקסיג'ן מרסס מסיר כתמים 750 מ""ל","סנו מפעלי ברונוס בע""",IL,"מסיר כתמים אוקסיג""ן מרסס 750 מ""ל",מיליליטרים,750.00,"100 מ""ל",false,1,21.90,2.9200,true,1,1389
7290005431159,false,תותים בקצפת לייט 80 ג' עדן,עדן קינוחים,IL,תותים בקצפת לייט עדן 80 גרם,גרמים,80.00,100 גרם,false,1,7.40,9.2500,true,1,53830
7290005431883,false,קינוח מלבי חלבי עדן,עדן קינוחים Eden,IL,עדן מלבי 165 גרם,גרמים,165.00,100 גרם,false,1,7.40,4.4848,true,1,49038
7290005431906,false,קינוח קדאיף עדן 82 ג,עדן קינוחים Eden,IL,קדאיף 82 גרם,גרמים,82.00,100 גרם,false,1,7.40,9.0244,true,1,49041
7290005431913,false,עוגת גבינה פירורים 92 גרם.,עדן קינוחים Eden,IL,עוגת גבינה פירורים 92 גרם,גרמים,92.00,100 גרם,false,1,7.40,8.0435,true,1,49039
7290005431920,false,עוגת גבינה פירורים ללא תוספת סוכר,עדן קינוחים Eden,IL,עוגת גבינה פירורים לייט 78 גרם,גרמים,78.00,100 גרם,false,1,7.40,9.4872,true,1,49040
7290005431937,false,קינוח טירמיסו עדן 82,עדן קינוחים Eden,IL,טירמיסו 82 גרם,גרמים,82.00,100 גרם,false,1,7.40,9.0244,true,1,49037
7290005431968,false,מלבי שמנת עדן קינוחי,עדן קינוחים Eden,IL,מלבי שמנת 150גרם,גרמים,150.00,100 גרם,false,1,8.70,5.8000,true,1,50645
7290005431999,false,מעדן מלבי חלבי לייט,עדן קינוחים,IL,מלבי חלבי לייט עדן 150 גרם,גרמים,150.00,100 גרם,false,1,7.40,4.9333,true,1,53822
7290005559907,false,פיצה משפחתית גבינה 500 ג' מעדנות,מיוצר עי קונדיטוריית,IL,פיצה משפחתית גבינה מעדנות 500גרם,גרמים,500.00,100 גרם,false,1,28.90,5.7800,true,1,1417
7290005559914,false,פיצה משפחתית זיתים 550 ג' מעדנות,מיוצר עי קונדיטוריית,IL,פיצה משפחתית זיתים 550 גרם,גרמים,550.00,100 גרם,false,1,28.90,5.2545,true,1,1418
7290005559990,false,בצק פילאס תורכי מעדנות 600 גרם,מיוצר עי קונדיטוריית,IL,בצק פילאס תורכי 600 גרם,גרמים,600.00,100 גרם,false,1,27.90,4.6500,true,1,24773
7290005591761,false,דבש טהור מפרחי בר בלחיץ 400 ג' יד מרדכי,מכוורת יד מרדכי שטרא,IL,דבש טהור לחיץ 400 גרם,גרמים,400.00,100 גרם,false,1,24.90,6.2250,true,1,1425
7290005610219,false,"תפוא לבן 1.5 ק""ג",חקלאי,IL,תפוא לבן 1.5 קג,יחידה,0.00,יחידה,false,1,14.90,0.0000,true,1,45086
7290005680052,false,או-בה טמפון קלאסי סופר פלוס 32יח',גונסון אנד גונסון,GR,טמפוני O.B סופר פלוס 32 יח,יחידה,32.00,יחידה,false,1,25.90,0.8094,true,1,6560
7290005686436,false,תפוח עץ מיובש ששון ה,"דין שיווק וקליה בע""מ",,תפוח עץ מיובש 200 גרם,גרמים,200.00,100 גרם,false,1,13.90,6.9500,false,1,6561
7290005719158,false,בייגל סימיט טורקי 15,פילסברי,IL,בייגל סימיט טורקי 150 גרם,גרמים,150.00,100 גרם,false,1,5.90,3.9333,true,1,49687
7290005719998,false,תערובת להכנת מאפינס,פילסברי,IL,תערובת להכנת מאפינס פלסברי 335גרם,גרמים,335.00,100 גרם,false,1,19.90,5.9403,true,1,53673
7290005803628,false,קרחון מלון - צבע מאכל טבעי,המאפיה של הרמן,IL,נסטלה קרחון מלון בדצ 48*80גרם,Unknown,0.00,Unknown,false,1,3.00,0.0000,true,1,2049
7290005811111,false,בייגלה מקמח כוסמין ע,"אם החיטה בע""מ",IL,בייגלה מקמח כוסמין עם מלח 300 גרם,גרמים,300.00,100 גרם,false,1,17.90,5.9667,true,1,48047
7290005811128,false,בייגלה מקמח כוסמין ע,"אם החיטה בע""מ",IL,הבייגלה מקמח כוסמין עם שומשום 300 גרם,גרמים,300.00,100 גרם,false,1,17.90,5.9667,true,1,48048
7290005838002,false,מעדן גבינה ויוגורט בטעם וניל 88 ג' דניאלה,"שטראוס בריאות בע""מ",IL,דניאלה וניל,גרמים,88.00,100 גרם,false,1,4.50,5.1136,true,1,1455
7290005839078,false,"דנונה יוגורט ביו 3% לבן מארז 150X8מ""ל",מיוצר עי קונדיטוריית,IL,מארז 8 חסכון - ביו 3% 150 גרם,קילוגרמים,1.20,"ק""ג",false,1,17.60,14.6667,true,1,47707
7290005839108,false,סימפוניה 5% עם זיתים 200 ג' שטראוס,"שטראוס בריאות בע""מ",IL,סימפוניה 5% עם זתים,גרמים,200.00,100 גרם,false,1,12.90,6.4500,true,1,1456
7290005839313,false,"מילקי טופ שוקולד מגולגל 170 מ""ל",מיוצר עי קונדיטוריית,IL,מילקי טופ מגולגלת,גרמים,140.00,100 גרם,false,1,5.00,3.5714,true,1,1457
7290005896439,false,"בירה מכבי בקבוק חוזר 500 מ""ל","טמפו משקאות בע""מ",IL,"בירה מכבי, בקבוק חוזר 500 מ''ל",מיליליטרים,500.00,"100 מ""ל",false,1,7.50,1.5000,true,1,19816
7290005896453,false,"בירה מכבי 7.9% בקבוק חוזר 500מ""ל",טמפו משקאות בע''מ,IL,"בירה מכבי 7.9%, בירה חזקה, בקבוק חוזר 500 מ''ל",מיליליטרים,500.00,"100 מ""ל",false,1,7.50,1.5000,true,1,30171
7290005896620,false,מים מוגז ' סאן בנדטו ' יחידה,אקווה מינרלה סאן בנד,IT,סאן בנדטו מוגז עדין 1.5 ליטר,ליטרים,1.50,ליטר,false,1,4.50,3.0000,true,1,5671
7290005896637,false,מים סן בנדטו בודד 1.5 ליטר,אקווה מינרלה סאן בנד,IT,סן בנדטו 1.5 ליטר,ליטרים,1.50,ליטר,false,1,4.50,3.0000,true,1,13245
7290005938238,false,ממרח צ'ימצ'ורי פרסקו 220ג' מצונן,"פרסקו חצבה 2006 בע""מ",IL,פרסקו צ'ימיצ'ורי ממרח בסגנון ארגנטינאי 220 גרם,גרמים,220.00,100 גרם,false,1,19.90,9.0455,true,1,2980
7290005938245,false,ממרח פסטו קלאסי פרסקו 220ג' מצונן,מיוצר עי פרסקו חצבה,IL,פרסקו פסטו קלאסי ממרח בזיליקום וצנובר 220 גרם,גרמים,220.00,100 גרם,false,1,20.90,9.5000,true,1,2971
7290005966033,false,"יין הר חרמון לבן 750 מ""ל",יקב רמת הגולן,IL,"הר חרמון יין לבן יבש 2020 750 מ""ל",מיליליטרים,750.00,"100 מ""ל",false,1,44.90,5.9867,true,1,1461
7290005992018,false,"יוגורט עיזים לשתייה 3% 500 מ""ל רובין","מיוצר ע""י קוד יצרן M",IL,"יוגורט עיזים 500 מ""ל גד",מיליליטרים,500.00,"100 מ""ל",false,1,14.90,2.9800,true,1,1473
7290005992575,false,בולגרית למריחה 5% 250 גרם - רבנות,מחלבות גד בעמ,IL,גד גבינה בולגרית מלוחה למריחה 5% שומן,גרמים,250.00,100 גרם,false,1,19.90,7.9600,true,1,1479
7290005992735,false,לאבנה טבעית 5% 250 גר' - רבנות,הנסיך- מפעל לייצור ט,IL,גבינת לאבנה 5% 250 גרם גד,גרמים,250.00,100 גרם,false,1,13.90,5.5600,true,1,1482
7290005996078,false,סרוולד הונגרי יחיעם,מעדני יחיעם,IL,סלמי סרוולט הונגרי 125 ג',גרמים,125.00,100 גרם,false,1,31.90,25.5200,true,1,49977
7290005996153,false,נקניקיות צרפתיות פרימיום 280 ג',מעדני יחיעם,IL,נק' בסגנון צרפתי 280 גרם,גרמים,280.00,100 גרם,false,1,24.90,8.8929,true,1,49518
7290005996160,false,נקניקיות צ'וריסוס פרימיום 280 ג',פ.פ.ח. שאביט,IL,נק' צ'וריסו 280 גרם,גרמים,280.00,100 גרם,false,1,24.90,8.8929,true,1,49519
7290005996221,false,פסטרמה של פעם דק דק 120 גר',פ.פ.ח. שאביט,IL,פסטרמה של פעם דק דק 120 גרם יחיעם,גרמים,120.00,100 גרם,false,1,11.90,9.9167,true,1,50416
7290005996238,false,פסטרמה בדבש דק דק 120 גר',פ.פ.ח. שאביט,IL,פסטרמה בדבש דק דק 120 גרם יחיעם,גרמים,120.00,100 גרם,false,1,11.90,9.9167,true,1,50415
7290005996276,false,פסטרמה ברבקיו דק דק 120 גר',פ.פ.ח. שאביט,IL,פסטרמה ברביקיו דק דק 120 גרם יחיעם,גרמים,120.00,100 גרם,false,1,11.90,9.9167,true,1,50417
7290005996825,false,נקניקיות פרימיום בקר,מעדני יחיעם 1993,IL,נקניקיות בקר אמריקאיות יחיעם 280גרם,גרמים,280.00,100 גרם,false,1,25.90,9.2500,true,1,52975
7290006229427,false,"סאן בנדטו מים מהאלפים מארז 500X6מ""ל",קריות זול,,"מים סן בנדטו שישייה בקבוק 500 מ""ל",ליטרים,3.00,ליטר,false,1,15.90,5.3000,true,1,13821
7290006241214,false,שקד טבעי קלית גת 200 ג',הדקלאים אגודת שיתופי,IL,שקד טבעי שקית 200 גרם,גרמים,200.00,100 גרם,false,1,24.90,12.4500,true,1,7377
7290006251107,false,תה ויסוצקי צ'אי מסאלה 25 יח',מולינו ניקולי s.p.a,IL,מסאלה צ'אי,גרמים,50.00,100 גרם,false,1,19.90,39.8000,true,1,1506
7290006251275,false,תה ויסוצקי ירוק סיני 25יח',קריות זול,IL,תה ירוק סיני T.T,גרמים,37.00,100 גרם,false,1,26.90,72.7027,true,1,19182
7290006251374,false,תה ירוק לימונית וגינגר 25 שקיקים ויסוצקי,קריות זול,IL,תה ירוק לימונית וגינגר 25 שקיקים,גרמים,37.00,100 גרם,false,1,26.90,72.7027,true,1,2204
7290006256089,false,גאטו נגרו קברנה סובי,יושלם,,יין גאטו נגרו קברנה סוביניון750מל,מיליליטרים,750.00,"100 מ""ל",false,1,39.90,5.3200,true,1,1510
7290006256102,false,יין גאטו נגרו מרלו 7,יושלם,,יין גאטו נגרו מרלו 750 מל .,מיליליטרים,750.00,"100 מ""ל",false,1,39.90,5.3200,true,1,1511
7290006265500,false,פטריות שמפיניון ארוז מרינה,"מרינה פטריות הגליל בע""מ",IL,פטריות שמפיניון יחידה,גרמים,250.00,100 גרם,false,1,12.90,5.1600,true,1,15726
7290006265548,false,נבטים סינים מרינה ארוז 360ג',"מרינה פטריות הגליל בע""מ",IL,נבטים סינים יח,גרמים,350.00,100 גרם,false,1,6.50,1.8571,true,1,17103
7290006265890,false,נבטי גרעיני חמניה יח,"מרינה פטריות הגליל בע""מ",IL,נבטי גרעיני חמניה יח,גרמים,150.00,100 גרם,false,1,9.90,6.6000,true,1,17104
7290006271174,false,ג'חנון לאפיה בתנור מעדנות 700 ג',מיוצר עי קונדיטוריית,IL,גחנון לאפיה מעדנות 700 גרם,גרמים,700.00,100 גרם,false,1,21.90,3.1286,true,1,1512
7290006271181,false,מעדנות גחנון אפוי 750 גרם,מיוצר עי קונדיטוריית,IL,"ג""חנון אפוי 750 גרם מעדנות",גרמים,750.00,100 גרם,false,1,27.90,3.7200,true,1,1513
7290006272072,false,חטיפי פיצה בשקית מעדנות 650ג',"מעדנות בע""מ",IL,חטיפי פיצה מעדנות 650 גרם,גרמים,650.00,100 גרם,false,1,36.90,5.6769,true,1,45017
7290006272430,false,בצק עלים חמאה מעדנות 600 ג',מיוצר עי קונדיטוריית,IL,בצק עלים חמאה 600 גרם,גרמים,600.00,100 גרם,false,1,31.90,5.3167,true,1,21146
7290006306302,false,רביולי במילוי גבינות פרמזן ריקוטה 400 ג' פסטה נונה,דורום תעשיות מזון ופ,IL,רביולי במילוי גבינות פרמזן וריקוטה,גרמים,400.00,100 גרם,false,1,29.90,7.4750,true,1,3187
7290006306326,false,רביולי במילוי פטריות וגבינת פרמזן פסטה נונה 400 ג',דורום תעשיות מזון ופ,IL,רביולי במילוי פטריות וגבינת פרמזן,גרמים,400.00,100 גרם,false,1,29.90,7.4750,true,1,3189
7290006306333,false,רביולי במילוי תרד וגבינת ריקוטה פסטה נונה 400 ג',פסטה נונה Pasta Nonn,IL,רביולי במילוי תרד וגבינת ריקוטה,גרמים,400.00,100 גרם,false,1,29.90,7.4750,true,1,8231
7290006342065,false,בוטנים קלויים 200 ג ששון הקולה,,,בוטנים קלויים 200גרם,גרמים,200.00,100 גרם,false,1,9.90,4.9500,true,1,53594
7290006342645,false,טורטיה גדולה 840 גר' 12 יח,אלקטי קוראבייכיסיגיד,TR,עלי טורטייה גדולה 840 גרם,גרמים,840.00,100 גרם,false,1,16.90,2.0119,true,1,23056
7290006346025,false,ציזיקי יווני מונטה ק,קלאס פוד,IL,ציזיקי יווני מונטה קרלו 250גרם,גרמים,250.00,100 גרם,false,1,19.90,7.9600,true,1,54157
7290006346315,false,משוויה חציל חריף 250,מונטה קרלו,IL,משוויה חציל חריף 250 גרם,גרמים,250.00,100 גרם,false,1,16.90,6.7600,true,1,53438
7290006346391,false,הרינג בצל ירוק מונטה,מונטה קרלו,IL,הרינג בצל ירוק מונטה קרלו 250גרם,גרמים,250.00,100 גרם,false,1,24.90,9.9600,true,1,52880
7290006346414,false,סלט אבוקדו 250 גרם,קלאס פוד,IL,סלט אבוקדו 250גרם,גרמים,250.00,100 גרם,false,1,21.90,8.7600,true,1,52597
7290006346452,false,טונה זיתים ללא מיונז,מונטה קרלו,IL,טונה זיתים ללא מיונז 250 גרם,גרמים,250.00,100 גרם,false,1,23.90,9.5600,true,1,53436
7290006346926,false,ארטישוק בלימון 2,מונטה קרלו,IL,ארטישוק בלימון 250גרם,גרמים,250.00,100 גרם,false,1,19.90,7.9600,true,1,53439
7290006346971,false,חציל אפוי במיונז מונ,מונטה קרלו,IL,חציל אפוי במיונז מונטה קרלו 250גרם,גרמים,250.00,100 גרם,false,1,16.90,6.7600,true,1,51938
7290006346995,false,חציל בטעם כבד מונטה,מונטה קרלו,IL,חציל בטעם כבד מונטה קרלו 250גרם,גרמים,250.00,100 גרם,false,1,20.90,8.3600,true,1,51941
7290006374738,false,קונפיטורה תות 340 ג' יד מרדכי,אף.סי תבליני בגליל ב,IL,קונפיטורה תות 340 גרם יד מרדכי,גרמים,340.00,100 גרם,false,1,15.90,4.6765,true,1,2284
7290006449955,false,מלפפון בייבי מארז,"מרינה פטריות הגליל בע""מ",IL,מלפפון בייבי ארוז,גרמים,500.00,100 גרם,false,1,14.90,2.9800,true,1,19689
7290006492432,false,גבינת מוצרלה בייבי 18% 300 ג' גד,מחלבות גד בעמ,IL,גבינה מוצרלה בייבי 150 גרם,גרמים,150.00,100 גרם,false,1,16.90,11.2667,true,1,1522
7290006492616,false,גבינה בולגרית פרוסות 5% 250 ג' גד,DSH עבור מחלבות גד ב,IL,פרוסות בולגרית מעודנת 5%,גרמים,250.00,100 גרם,false,1,29.90,11.9600,true,1,2870
7290006492630,false,גליל גד עז 22% 180 גרם - רבנות,מחלבות גד בעמ,IL,מחלבות גד גדעז גבינת שמנת מחלב עיזים 20%,גרמים,180.00,100 גרם,false,1,26.90,14.9444,true,1,2973
7290006492647,false,מחלבות גד מטבעות גבי,"מיוצר ע""י קוד יצרן t",IL,גד מטבעות גבינת עיזים 22% שומן,גרמים,150.00,100 גרם,false,1,27.90,18.6000,true,1,2974
7290006492685,false,לאבנה עיזים 5% 250 גרם - רובין,מחלבות גד בעמ,IL,גבינת לאבנה עיזים 5% 250 גרם גד,גרמים,250.00,100 גרם,false,1,19.90,7.9600,true,1,3228
7290006492852,false,גבינת עיזים למריחה 5% שומן 250 ג' גד,קריות זול,IL,גבינה לבנה עיזים 5% 250 גרם גד,גרמים,250.00,100 גרם,false,1,19.90,7.9600,true,1,8553
7290006492913,false,לאבנה ציזיקי למריחה 5% שומן 250 ג' גד,מחלבות גד בעמ,IL,ציזיקי למריחה 250 גרם גד,גרמים,250.00,100 גרם,false,1,15.90,6.3600,true,1,3478
7290006511157,false,"פטריות שלמות ויליפוד 400 גרם בד""ץ",אוקצ'מפס אס.איי אויי,PL,ויליפוד פטריות שמפניון שלמות 400 גרם,גרמים,400.00,100 גרם,false,1,9.90,2.4750,true,1,2406
7290006618078,false,"אסטוניש מרסס ניקוי יסודי 750 מ""ל",אסטוניש Astonish,GB,יעקבי אסטוניש ספריי ניקוי למטבח 750 מל,מיליליטרים,750.00,"100 מ""ל",false,1,16.90,2.2533,true,1,25685
7290006618085,false,"אסטוניש - מרסס לחדר האמבט עם אקונומיקה 750 מ""ל",אסטוניש Astonish,GB,יעקבי אסטוניש ספריי ניקוי לחדר האמבטיה 750 מל,מיליליטרים,750.00,"100 מ""ל",false,1,16.90,2.2533,true,1,25736
7290006644480,false,"תפוזינה תפוזים 500 מ""ל","יפאורה תבורי בע""מ",IL,תפוזינה תפוזים 0.5 ל',מיליליטרים,500.00,"100 מ""ל",false,1,6.90,1.3800,true,1,41241
7290006644510,false,"מיץ ענבים 500 מ""ל תפוזינה","יפאורה תבורי בע""מ",IL,תפוזינה ענבים 0.5 ל',מיליליטרים,500.00,"100 מ""ל",false,1,6.90,1.3800,true,1,41244
7290006644527,false,"תפוזינה תות בננה 500 מ""ל","יפאורה תבורי בע""מ",IL,תפוזינה תות בננה 0.5 ל',מיליליטרים,500.00,"100 מ""ל",false,1,6.90,1.3800,true,1,41242
7290006653819,false,קוסקוס דק בשקית אסם,"מיוצר ע""י קוד יצרן K",IL,אסם קוסקוס דק 12*350גרם,גרמים,350.00,100 גרם,false,1,9.90,2.8286,true,1,2351
7290006660596,false,קמח עדשים אדומות דגש,אף.סי תבליני בגליל ב,IL,דוכן גן שמואל קמח אורז מלא 500 גרם,גרמים,500.00,100 גרם,false,1,21.90,4.3800,true,1,46143
7290006660602,false,מי קוקוס אורגני גרין,בן טרה ג'וינט סטוק,PH,GREEN COCO מי קוקוס אורגני 1 ליטר,ליטרים,1.00,ליטר,false,1,20.90,20.9000,true,1,49212
7290006664310,false,גבינה לבנה 3% שומן 250 ג' שטראוס,מיוצר עי קונדיטוריית,IL,סקי 3% 250 גרם,גרמים,250.00,100 גרם,false,1,4.80,1.9200,true,1,1546
7290006664655,false,"אקטימל לבן טבעי מארז 100X8 מ""ל",מיוצר עי קונדיטוריית,IL,אקטימל לבן שמינייה,מיליליטרים,864.00,"100 מ""ל",false,1,22.70,2.6273,true,1,2514
7290006664990,false,דנונה ביו מארז חיסכון 1.5% 8 יח' *150 ג',מיוצר עי קונדיטוריית,IL,מארז דנונה ביו 1.7% שמינייה,קילוגרמים,1.20,"ק""ג",false,1,17.60,14.6667,true,1,47708
7290006681003,false,גלידה תות לימון סורבה 1.33 ל' קרמיסימו,"גלידת שטראוס בע""מ, ר",IL,גלידה קרמיסימו סורבה שרבט תות לימון 1.33 ל',ליטרים,1.33,ליטר,false,1,27.90,20.9774,true,1,31734
7290006681065,false,טעמקור XLוניל עם שוק,"מיוצר ע""י גלידת שטרא",IL,שלגון טעמקור XL,גרמים,75.00,100 גרם,false,1,9.90,13.2000,true,1,2288
7290006681553,false,שטראוס קרמבו ווניל 8יח,"גלידת שטראוס בע""מ",IL,"שטראוס קרמבו 80 מ""ל",גרמים,200.00,100 גרם,false,1,17.90,8.9500,true,1,2536
7290006681560,false,שטראוס קרמבו מוקה 8יח,"גלידת שטראוס בע""מ",IL,"שטראוס קרמבו 80 מ""ל",גרמים,200.00,100 גרם,false,1,17.90,8.9500,true,1,2537
7290006681577,false,מאגדת קרחון אסקימו לימון דובדובן 10 יח' שטראוס,"מיוצר ע""י גלידת שטרא",IL,קרחוני אסקימו לימון דובדבן מארז 2+8,גרמים,700.00,100 גרם,false,1,25.90,3.7000,true,1,2246
7290006704269,false,חסה עגולה יח',"מרינה פטריות הגליל בע""מ",IL,חסה עגולה יח,גרמים,500.00,100 גרם,false,1,9.90,1.9800,true,1,30153
7290006704511,false,"תפו""א גמדי אדום למיקרו מרינה 750ג'","מרינה פטריות הגליל בע""מ",IL,תפוא זעיר למיקרו יח,לא מנהל יחידת מידה,0.00,לא מנהל יחידת מידה,false,1,8.90,0.0000,true,1,5079
7290006704573,false,בצל ירוק א שער מגש,"מרינה פטריות הגליל בע""מ",IL,בצל ירוק יח,גרמים,100.00,100 גרם,false,1,7.90,7.9000,true,1,5080
7290006704733,false,אספרגוס ארוז,מרינה,IL,אספרגוס יח,גרמים,300.00,100 גרם,false,1,29.90,9.9667,true,1,33885
7290006704740,false,שורש פטרוזיליה יח,"מרינה פטריות הגליל בע""מ",IL,שורש פטרוזיליה יח,גרמים,100.00,100 גרם,false,1,5.90,5.9000,true,1,9948
7290006704757,false,סלרי ראש יח',"מרינה פטריות הגליל בע""מ",IL,ראש סלרי יח,גרמים,500.00,100 גרם,false,1,6.90,1.3800,true,1,9950
7290006704801,false,מנגולד טרי עלים ארוז,"מרינה פטריות הגליל בע""מ",IL,מנגולד טרי עלים ארוז יח,גרמים,300.00,100 גרם,false,1,5.90,1.9667,true,1,19739
7290006739414,false,סלמי קוניאק 300 ג' זוגלובק,נקניק נהריה כשר זוגל,IL,זוגלובק סלמי קוניאק 300 גרם א.מ.,גרמים,300.00,100 גרם,false,1,32.50,10.8333,true,1,15402
7290006739421,false,סלמי מעושן איטלקי 300 ג' זוגלובק,נקניק נהריה כשר זוגל,IL,זוגלובק סלמי מעושן איטלקי 300 גרם א.מ.,גרמים,300.00,100 גרם,false,1,32.50,10.8333,true,1,14957
7290006739445,false,שניצל תירס קלאסי 750 ג' זוגלובק,נקניק נהריה כשר זוגל,IL,זוגלובק שניצל תירס קלאסי 750 גר בדצ - ללא מגשית,גרמים,750.00,100 גרם,false,1,29.90,3.9867,true,1,14991
7290006739544,false,כתף בקר 300 ג' זוגלובק,זוגלובק,IL,זוגלובק כתף בקר 300 גרם א.מ.,גרמים,300.00,100 גרם,false,1,33.90,11.3000,true,1,47145
7290006742278,false,פסטרמה הודו צלויה על לבנים 330 ג' זוגלובק,נקניק נהריה כשר זוגל,IL,זוגלובק פסטרמה הודו בטעם צלייה על לבנים 330 גר,גרמים,330.00,100 גרם,false,1,33.90,10.2727,true,1,15826
7290006742292,false,פסטרמה הודו בדבש 330 ג' זוגלובק,נקניק נהריה כשר זוגל,IL,זוגלובק פסטרמה הודו בדבש טהור 330 גר,גרמים,330.00,100 גרם,false,1,33.90,10.2727,true,1,15828
7290006742315,false,פסטרמה חזה הודו ברביקיו זוגלובק 330 ג',נקניק נהריה כשר זוגל,IL,זוגלובק פסטרמה הודו ברביקיו 330 גר,גרמים,330.00,100 גרם,false,1,33.90,10.2727,true,1,27166
7290006764072,false,"גולדסטאר בירה בק חוזר 500 מ""ל","טמפו משקאות בע""מ",IL,"בירה גולדסטאר, בקבוק חוזר 500 מ""ל",מיליליטרים,500.00,"100 מ""ל",false,1,7.90,1.5800,true,1,1571
7290006764157,false,"בירה גולדסטאר לא מסונן חוזר 500 מ""ל",טמפו משקאות בע''מ,IL,"בירה גולדסטאר Unfiltered, בקבוק חוזר 500 מ""ל",מיליליטרים,500.00,"100 מ""ל",false,1,7.90,1.5800,true,1,45054
7290006764164,false,שישיית גולדסטאר לא מ,טמפו משקאות בע''מ,IL,שישיית גולדסטאר לא מסונן חוזר 500 *6,ליטרים,3.00,ליטר,false,1,53.90,17.9667,true,1,44853
7290006765000,false,טורטיות חיטה מלאה 8יח 540 ג',אלקטי קוראבייכיסיגיד,TR,טורטייה מקמח מלא 540 גרם,גרמים,540.00,100 גרם,false,1,12.90,2.3889,true,1,23575
7290006785633,false,שקית 10 בלונים מיטלי,Unknown,,בלונים 10 מיטלי,יחידה,1.00,יחידה,false,1,6.80,6.8000,true,1,26431
7290006804051,false,בורקס גבינה פילסברי,פילסברי,,"בורקס גבינה פילסברי 1 ק""ג",קילוגרמים,1.00,"ק""ג",true,,44.60,44.6000,true,1,7259
7290006804907,false,פיתות אסלי קפוא 5 יח' אפיה,פילסברי,,פיתות אסלי פילסברי 1/5,גרמים,500.00,100 גרם,false,1,7.90,1.5800,true,1,9208
7290006805850,false,תערובת להכנת פנקייקס 500ג' פילסברי,הדקלאים אגודת שיתופי,IL,תערובת קלת הכנה לפנקייק ביתי וטעים 450 גרם,גרמים,500.00,100 גרם,false,1,19.90,3.9800,true,1,2796
7290006806437,false,בורקס גבינה פילסברי,פילסברי,,בורקס גבינה פילסברי מנה אישית,לא מנהל יחידת מידה,0.00,לא מנהל יחידת מידה,false,1,9.90,0.0000,true,1,17116
7290006806635,false,משולשי פיצה פילסברי,פילסברי,,משולשי פיצה פילסברי מנה אישית,יחידה,1.00,יחידה,false,1,9.90,9.9000,true,1,17502
7290006806963,false,חלה מתוקה קלועה אפויה 570ג',פילסברי,,חלה קלועה מתוקה פילסברי,יחידה,5.00,יחידה,false,1,15.90,3.1800,true,1,12412
7290006822192,false,מיץ חמוציות דיאט אושן ספריי 1 ליטר,מבשלות בירה בינלאומי,IL,פריגת דיאט אושן ספריי חמוציות 1 ליטר,ליטרים,1.00,ליטר,false,1,15.90,15.9000,true,1,2083
7290006866363,false,פרימור סחוט אשכולית אדומה 1ל',"גניר (1992) בע""מ",IL,מיץ אשכולית אדומות סחוט טבעי 1 ליטר,ליטרים,1.00,ליטר,false,1,19.90,19.9000,true,1,8778
7290006895387,false,שניצל אמיתי כשר לפסח,תנובה גליל שותפות מו,IL,"שניצל אמיתי ביתי כשל""פ 700 גרם מאמא עוף",גרמים,700.00,100 גרם,false,1,44.90,6.4143,true,1,14123
7290006899187,false,תה סרמוני לימונית ול,סרמוני תה בעמ,,תה סרמוני לימונית ולואיזה 14 שקיקים,גרמים,30.00,100 גרם,false,1,19.90,66.3333,true,1,27376
7290006899255,false,תה סרמוני ארל גריי ל,סרמוני תה בעמ,,תה סרמוני ארל גריי לבנדר 14 שקיקים,גרמים,44.00,100 גרם,false,1,19.90,45.2273,true,1,13189
7290006899361,false,תה סרמוני פירות היער,סרמוני תה בעמ,,תה סרמוני פירות יער 20 שקיקים,גרמים,50.00,100 גרם,false,1,19.90,39.8000,true,1,27375
7290006899705,false,תה סרמוני ירוק לימונ,,IL,תה סרמוני ירוק לימונית 20 שקיקים,יחידה,1.00,יחידה,false,1,19.90,19.9000,true,1,55109
7290006983176,false,אוסם - לחמית שיפון 250 גרם,"אסם השקעות בע""מ",IL,לחמית שיפון 10*230גרם,גרמים,230.00,100 גרם,false,1,10.90,4.7391,true,1,6806
7290006983763,false,עוגת הבית שוקולד 400 גרם אסם.,מיוצר עי קונדיטוריית,IL,הבית עוגת שוקולד 8*400גרם,גרמים,400.00,100 גרם,false,1,17.50,4.3750,true,1,2061
7290006983770,false,עוגת הבית שיש 400 ג' אסם,מיוצר עי קונדיטוריית,IL,הבית עוגת שיש 8*400גרם,גרמים,400.00,100 גרם,false,1,17.50,4.3750,true,1,2084
7290006983787,false,עוגת הבית שוקוציפס 400 גרם אסם,מיוצר עי קונדיטוריית,IL,הבית עוגת שוקולד צ'יפס 8*400גרם,גרמים,400.00,100 גרם,false,1,17.50,4.3750,true,1,5598
7290006983794,false,עוגת הבית תפוז 400 ג' אסם,מיוצר עי קונדיטוריית,IL,הבית עוגת תפוז 8*400גרם,גרמים,400.00,100 גרם,false,1,17.50,4.3750,true,1,2062
7290006992390,false,"מטרנה - דייסת וניל פרוביוטי כשל""פ 200 גרם",מולינו ניקולי s.p.a,IL,מטרנה דייסת וניל פרוביוטי. כשלפ 12*200ג,גרמים,200.00,100 גרם,false,1,16.90,8.4500,true,1,12869
7290008175173,false,חמאה ללא תוספת מלח 200 ג' וליו,ואליו אל.טי.די,FI,200 גרםvalio-חמאה מלח,גרמים,200.00,100 גרם,false,1,15.90,7.9500,true,1,30042
7290008175210,false,גבינת פרמזן מגורדת 90ג' ויליפוד,זנטי אס.איי.,IT,פרמזנו מגורדת 90 גרם,גרמים,90.00,100 גרם,false,1,18.90,21.0000,true,1,1762
7290008175814,false,וילי פוד פטריות שמפיניון חתוך בדץ 400ג,"אוקצ'מפ אס, איי אויי",PL,פטריות חתוך 400גרם- בד'צ,גרמים,400.00,100 גרם,false,1,5.90,1.4750,true,1,1766
7290008255806,false,פילה לברק טרי ארוז ל,,IL,"פילה לברק טרי ארוז לק""ג",קילוגרמים,1.00,"ק""ג",true,,179.00,179.0000,true,1,53612
7290008268301,false,אוכמניות יחידה,מרינה,IL,אוכמניות יחידה,גרמים,150.00,100 גרם,false,1,29.90,19.9333,true,1,47138
7290008268448,false,אוכמניות ארוז,אראל תוצרת חקלאית בע,IL,אוכמניות ארוז,גרמים,0.00,100 גרם,false,1,29.90,0.0000,true,1,47335
7290008340618,false,סלמון מעושן מצונן דלידג 100 ג',ויליגר תעשיות בעמ,IL,פרלינג סלומון מעושן 100 גרם,גרמים,100.00,100 גרם,false,1,23.90,23.9000,true,1,16289
7290008343466,false,בצק פילו 500 ג' שלושת האופים,כלורוקס אוקלנד,IL,בצק פילו,גרמים,500.00,100 גרם,false,1,20.90,4.1800,true,1,18446
7290008345118,false,מקרל בשמן דלידג 240 ג',מיוצר על ידי קוד יצר,IL,מקרל בשמן דלידג 240 גרם,גרמים,240.00,100 גרם,false,1,29.90,12.4583,true,1,26004
7290008345132,false,הרינג כבוש דלידג 240 ג',כלורוקס אוקלנד,IL,הרינג כבוש דלידג 240,גרמים,240.00,100 גרם,false,1,27.90,11.6250,true,1,1790
7290008345576,false,"סלט איקרה לבנה, 300 גרם דלידג",כלורוקס אוקלנד,IL,סלט איקרה לבנה דלידג 300 גרם,גרמים,300.00,100 גרם,false,1,21.90,7.3000,true,1,2227
7290008345583,false,"סלט איקרה ורודה, 300 גרם דלידג",כלורוקס אוקלנד,IL,סלט איקרה ורודה דלידג 300 גרם,גרמים,300.00,100 גרם,false,1,21.90,7.3000,true,1,2228
7290008409100,false,אצבעות שניצל ציפוי שומשום 700 ג' מאמא עוף,תנובה גליל שותפות מו,IL,אצבעות שניצל ציפוי שומשום מאמא ע 700 גרם,גרמים,700.00,100 גרם,false,1,39.90,5.7000,true,1,5320
7290008409124,false,מאמא עוף קפוא שניצל ג'ונגל פריך 700 גרם,תנובה גליל שותפות מו,IL,שניצל גונגל מאמא עוף 700 גרם,גרמים,700.00,100 גרם,false,1,39.90,5.7000,true,1,2975
7290008409216,false,מאמא עוף קפוא שניצל דק פריך 700 גרם,תנובה גליל,IL,מאמא עוף שניצל דק פריך 700 גרם,גרמים,700.00,100 גרם,false,1,45.90,6.5571,true,1,14807
7290008409407,false,שניצל דק ציפס מאמא עוף 700 ג',תנובה גליל שותפות מו,IL,"שניצל דק בציפוי צ""יפס 700 גרם",גרמים,700.00,100 גרם,false,1,45.90,6.5571,true,1,17544
7290008409551,false,שניצל עוף אמיתי בציפוי מעודן 700 ג' מאמא עוף,תנובה גליל שותפות מו,IL,שניצל אמיתי מעודן,גרמים,700.00,100 גרם,false,1,45.90,6.5571,true,1,1803
7290008409582,false,שניצל אמיתי בציפוי ביתי מאמא עוף 700 ג',תנובה גליל שותפות מו,IL,שניצל אמיתי ביתי מאמא עוף 700 גרם,גרמים,700.00,100 גרם,false,1,45.90,6.5571,true,1,1804
7290008415071,false,צבר חומוס עם טחינה 150גר,סלטי צבר,IL,סלט חומוס וטחינה 150 גרם,גרמים,150.00,100 גרם,false,1,5.90,3.9333,true,1,1813
7290008461221,false,סרדין רוברט בשמן חמניות 115 ג',"רמירז, מטוסינוס",PT,סרדינים בשמן חמניות 115 גרם,גרמים,115.00,100 גרם,false,1,7.90,6.8696,true,1,5579
7290008461238,false,סרדין רוברט בשמן חמניות ופלפל חריף 115 ג',"רמירז, מטוסינוס",PT,סרדינים בשמן חמניות חריף 115 גר,גרמים,115.00,100 גרם,false,1,7.90,6.8696,true,1,5580
7290008461283,false,צ'דר טריפל הגבינות ש,דאוליי צ'סמייקרס,,גבינה טריפל צדר נני 200 גרם,גרמים,200.00,100 גרם,false,1,25.90,12.9500,true,1,43595
7290008462204,false,חרדל דיזון מיילי מקו,יוניליבר צרפת,FR,חרדל דיזון מיילי מקורי 380 גרם,גרמים,380.00,100 גרם,false,1,16.90,4.4474,true,1,46448
7290008462259,false,חרדל דיזון חריף מייל,יוניליוור צרפת,FR,חרדל דיזון חריף מיילי גרגירים 380 גר,גרמים,380.00,100 גרם,false,1,18.90,4.9737,true,1,46449
7290008464024,false,בירה גולדסטאר לא מסונן פחית 500 מל,"טמפו משקאות בע""מ",IL,"בירה גולדסטאר לא מסונן פחית 500 מ""ל",מיליליטרים,500.00,"100 מ""ל",false,1,10.90,2.1800,true,1,22527
7290008464109,false,בירה גולדסטאר לא מסונן מארז 6X330מ:ל,"טמפו משקאות בע""מ",IL,"בירה גולדסטאר ל.מסונן בקבוק 330 מ""ל",מיליליטרים,330.00,"100 מ""ל",false,1,9.90,3.0000,true,1,21153
7290008464130,false,"בירה גולדסטאר לא מסונן 330X6מ""ל",טמפו,IL,בירה גולדסטאר ל.מסונן שישייה בקבוק 330 מ,ליטרים,1.98,ליטר,false,1,48.90,24.6970,true,1,21154
7290008464208,false,מכבי 7.9% בקבוק בודד 330 מל,טמפו משקאות בע''מ,IL,"בירה מכבי 7.9%, בירה חזקה, בקבוק 330 מ''ל",מיליליטרים,330.00,"100 מ""ל",false,1,9.50,2.8788,true,1,23635
7290008464222,false,"בירה מכבי 7.9% פחית 500 מ""ל","טמפו משקאות בע""מ",IL,"בירה מכבי 7.9%, בירה חזקה, פחית 500 מ""ל",מיליליטרים,500.00,"100 מ""ל",false,1,8.90,1.7800,true,1,25453
7290008464338,false,"בירה מכבי בקבוק ח""פ 330 מ""ל",בירה מכבי,IL,בירה מכבי בקבוק 330 מל לאגר בהירה,מיליליטרים,330.00,"100 מ""ל",false,1,9.50,2.8788,true,1,1824
7290008464345,false,"בירה גולדסטאר בקבוק 330 מ""ל",טמפו משקאות בע''מ,IL,"בירה גולדסטאר, בקבוק 330 מ''ל",מיליליטרים,330.00,"100 מ""ל",false,1,8.90,2.6970,true,1,1825
7290008464468,false,"בירה גולדסטאר פחית 500 מ""ל","טמפו משקות בע""מ",IL,"בירה גולדסטאר פחית 500 מ""ל",מיליליטרים,500.00,"100 מ""ל",false,1,9.90,1.9800,true,1,1827
7290008464475,false,"בירה מכבי פחית 500 מ""ל","טמפו משקאות בע""מ",IL,"בירה מכבי, פחית 500 מ""ל",מיליליטרים,500.00,"100 מ""ל",false,1,8.90,1.7800,true,1,1828
7290008464505,false,סאן בנדטו בקבוק פלסטיק 500מל,אקווה מינרלה סאן בנד,IT,סן בנדטו 500 מל שישייה,מיליליטרים,500.00,"100 מ""ל",false,1,5.90,1.1800,true,1,2052
7290008464604,false,"בירה היינקן פחית 500מ""ל",טמפו משקאות בע''מ,NL,"בירה היינקן, פחית 500 מ""ל",מיליליטרים,500.00,"100 מ""ל",false,1,13.90,2.7800,true,1,2038
7290008464611,false,"סודה טמפו בקבוק זכוכית 275 מ""ל",טמפו משקאות בעמ,IL,"הסודה של טמפו, מי סודה בגיזוז חזק, 275 מל",מיליליטרים,275.00,"100 מ""ל",false,1,4.50,1.6364,true,1,44975
7290008464628,false,"ביטר למון בקבוק 275 מ""ל","טמפו משקאות בע""מ",IL,"טמפו ביטר למון , 275 מל",מיליליטרים,275.00,"100 מ""ל",false,1,5.50,2.0000,true,1,45428
7290008464673,false,"בירה גולדסטאר SLOWBREW פחית 10%, 500 מ""ל","טמפו משקאות בע""מ",IL,גולדסטאר פחית בירה לאגר חזקה מאוד 500 מל,מיליליטרים,500.00,"100 מ""ל",false,1,10.90,2.1800,true,1,46110
7290008464697,false,"בירה מכבי 7.9% מארז 330X6 מ""ל",טמפו,,"בירה מכבי 7.9% שישייה בקבוק 330 מ""ל",ליטרים,1.98,ליטר,false,1,37.90,19.1414,true,1,23636
7290008464734,false,"בירה גולדסטאר SLOW BREW מארז 330X6מ""ל",טמפו משקאות בע''מ,IL,בירה גולדסטאר SLOW BREW שישייה בקבוק 330,ליטרים,1.98,ליטר,false,1,44.90,22.6768,true,1,41631
7290008464741,false,"בירה גולדסטאר בק' מארז 330X6מ""ל",קריות זול,IL,"בירה גולדסטאר שישייה בקבוק 330 מ""ל",ליטרים,1.98,ליטר,false,1,39.90,20.1515,true,1,1831
7290008464796,false,"בירה היינקין ח""פ בקבוק 330X6מ""ל",קריות זול,IL,"בירה הייניקן שישייה בקבוק 330 מ""ל",ליטרים,1.98,ליטר,false,1,46.90,23.6869,true,1,1832
7290008493413,false,פירורי גריסיני קלאסי 200גרם-חדש,מאיר בייגל,IL,מאיר בייגל פירורי גריסיני 200 גרם,גרמים,200.00,100 גרם,false,1,7.50,3.7500,true,1,9115
7290008500470,false,פיתה זעתר 110 גרם,פילסברי,IL,פיתה זעתר 110 גרם,גרמים,110.00,100 גרם,false,1,7.50,6.8182,true,1,53977
7290008500487,false,פיתה עם שבבי בצל מיו,פילסברי,IL,פיתה עם שבבי בצל מיובשים 110 גרם,גרמים,110.00,100 גרם,false,1,7.50,6.8182,true,1,53978
7290008500517,false,עוגה דבש פילסברי,פילסברי,IL,עוגה דבש 450 גרם פילסברי,גרמים,450.00,100 גרם,false,1,24.90,5.5333,true,1,55704
7290008590129,false,שעועית ירוקה שלמה שף,משק ויילר,BE,שעועית ירוקה שלמה שף הטבע 800גרם,גרמים,800.00,100 גרם,false,1,12.90,1.6125,true,1,56019
7290008590150,false,אפונת גינה קטנה שף ה,משק ויילר,BE,אפונת גינה קטנה שף הטבע 800גרם,גרמים,800.00,100 גרם,false,1,12.90,1.6125,true,1,56020
7290008590167,false,אפונה וגזר שף הטבע,משק ויילר,BE,אפונה וגזר שף הטבע 800 גרם,גרמים,800.00,100 גרם,false,1,12.90,1.6125,true,1,56021
7290008590198,false,שעועית ירוקה חתוכה ש,משק ויילר,BE,שעועית ירוקה חתוכה שף הטבע 800גרם,גרמים,800.00,100 גרם,false,1,12.90,1.6125,true,1,56022
7290008634045,false,"פלסטר שקוף 30 יחידות ""SUNNY PLASTER""",,,פלסטר לילדים סאני 30 יחידות,יחידה,1.00,יחידה,false,1,7.90,7.9000,true,1,21514
7290008644235,false,עלי בייבי טעם הטבע 1,שטראוס בריאות ירקות,IL,מבחר עלי בייבי 120 גרם שטופים שטראוס,גרמים,120.00,100 גרם,false,1,13.90,11.5833,true,1,1840
7290008644945,false,סלט המושבה שטופים שט,שטראוס בריאות ירקות,IL,סלט המושבה שטופים שטראוס,גרמים,450.00,100 גרם,false,1,12.90,2.8667,true,1,1848
7290008645935,false,חומוס לניגוב אחלה 750 ג',"שטראוס גרופ בע""מ",IL,חומוס 750 אחלה,גרמים,750.00,100 גרם,false,1,12.90,1.7200,true,1,2903
7290008670012,false,"יין רקאנטי קברנה סוביניון 2019 750 מ""ל",תות ממתקי איכות,IL,רקנטי - קברנה סוביניון 2017 750 מל,מיליליטרים,750.00,"100 מ""ל",false,1,64.90,8.6533,true,1,1854
7290008670029,false,"יין רקאנטי מרלו 2018 750 מ""ל",תות ממתקי איכות,IL,רקנטי - מרלו 2017 750 מל,מיליליטרים,750.00,"100 מ""ל",false,1,64.90,8.6533,true,1,1855
7290008670142,false,"יין רקנאטי יסמין אדום 2019 750 מ""ל",יקב רקאנטי,IL,רקנטי - יסמין אדום 2017,מיליליטרים,750.00,"100 מ""ל",false,1,43.90,5.8533,true,1,11943
7290008670159,false,יין רקנאטי יסמין לבן,"יקבי רקנאטי בע""מ",IL,"יין יסמין לבן רקנאטי 750 מ""ל",מיליליטרים,750.00,"100 מ""ל",false,1,43.90,5.8533,true,1,11944
7290008670210,false,יין רקנאטי שירז 750מ,תות ממתקי איכות,IL,רקנטי - שיראז 2017 750 מל,מיליליטרים,750.00,"100 מ""ל",false,1,64.90,8.6533,true,1,33693
7290008690713,false,פריגת אושן ספריי חמוציות 1ל',מבשלות בירה בינלאומי,IL,נקטר אושן ספריי חמוציות 1 ליטר,ליטרים,1.00,ליטר,false,1,15.90,15.9000,true,1,1874
7290008693134,false,מעדן גבינה ויוגורט בטעם תות 5% שומן 88 ג' דניאלה,"שטראוס בריאות בע""מ",IL,דניאלה תות,גרמים,88.00,100 גרם,false,1,4.50,5.1136,true,1,1876
7290008713900,false,לחם שיפון עגול 750 ג' אנג'ל,מאפיית אנג'ל אורנים,IL,אנג'ל לחם שיפון עגול פרוס 750 גרם,גרמים,750.00,100 גרם,false,1,14.90,1.9867,true,1,13778
7290008745239,false,תפוצ'יפס אקסטרא טבעי 50 ג',"שטראוס פריטו ליי בע""",IL,תפו קראנצ טבעי 50 גר 48 יח - שמיטה,גרמים,50.00,100 גרם,false,1,5.50,11.0000,true,1,1895
7290008747547,false,תפוצ'יפס אקסטרא 200גר טבעי,"שטראוס פריטו ליי בע""",IL,תפו קראנצ טבעי 200 גר 12 יח - שמיטה,גרמים,200.00,100 גרם,false,1,12.90,6.4500,true,1,16563
7290008752244,false,תפוצ'יפס אקסטרא גריל 50 גרם,"שטראוס פריטו ליי בע""",IL,תפו קראנצ גריל 50 גר 48 יח - שמיטה,גרמים,50.00,100 גרם,false,1,5.50,11.0000,true,1,1916
7290008753111,false,תפוציפס קראנץ מקסיקנ,"שטראוס פריטו ליי בע""",IL,תפו קראנצ מקסיקני 50 גר 48 יח- שמיטה,גרמים,50.00,100 גרם,false,1,5.50,11.0000,true,1,1920
7290008757010,false,סודה שוופס ביטר לימון 250 מ''ל,יפאורה תבורי בעמ,IL,שוופס ביטר למון 250 מל,מיליליטרים,250.00,"100 מ""ל",false,1,8.50,3.4000,true,1,36717
7290008757027,false,"שוויפס מי טוניק 250 מ""ל",יפאורה תבורי בעמ,IL,"שוופס טוניק 250 מ""ל זכוכית",מיליליטרים,250.00,"100 מ""ל",false,1,8.50,3.4000,true,1,32125
7290008757034,false,"שוופס סודה זכוכית 250 מ""ל","יפאורה תבורי בע""מ",IL,"שוופס סודה 250 מ""ל זכוכית",מיליליטרים,250.00,"100 מ""ל",false,1,4.50,1.8000,true,1,32126
7290008775816,false,ערגליות שוקו חדש12*300גרם 2020,מיוצר עי קונדיטוריית,IL,ערגליות שוקולד 6*300גרם,גרמים,300.00,100 גרם,false,1,12.90,4.3000,true,1,1934
7290008775823,false,ערגליות תות חדש12*300גרם 2020,מיוצר עי קונדיטוריית,IL,ערגליות תות שדה 6*300גרם,גרמים,300.00,100 גרם,false,1,12.90,4.3000,true,1,1935
7290008801010,false,"יין קברנה סוביניון מרלו פרייוט קולקשן 750 מ""ל",אגודת הכורמים הקאופו,IL,"יין P.C קברנה מרלו 750 מ""ל",מיליליטרים,750.00,"100 מ""ל",false,1,47.90,6.3867,true,1,1938
7290008801157,false,מרלו סלקטד כרמל מזרחי 750 מל,קריות זול,IL,"יין סלקטד מרלו 750 מ""ל",מיליליטרים,750.00,"100 מ""ל",false,1,29.90,3.9867,true,1,5583
7290008801843,false,"יין סלקטד קברנה סובניון 750מ""ל","כד בני דרום בע""מ",IL,כרמל סלקטד קברנה סוביניון יין אדום יבש 2017 750 מל,מיליליטרים,750.00,"100 מ""ל",false,1,29.90,3.9867,true,1,1943
7290008801850,false,"יין סלקטד אמרלד ריזלינג 750מ""ל",אגודת הכורמים הקואופ,IL,כרמל סלקטד אמרלד ריזלינג-קולומברד 2018,מיליליטרים,750.00,"100 מ""ל",false,1,29.90,3.9867,true,1,1944
7290008802291,false,"יין מרלו פרייוט קולקשן 750 מ""ל",אגודת הכורמים הקואופ,IL,כרמל פרייבט קולקשן מרלו 2018 יין אדום יבש 750 מל,מיליליטרים,750.00,"100 מ""ל",false,1,47.90,6.3867,true,1,1945
7290008802895,false,יין קברנה סוביניון פרייוט קולקשן,אגודת הכורמים הקאופו,IL,"יין P.C קברנה סוביניון 750 מ""ל",מיליליטרים,750.00,"100 מ""ל",false,1,47.90,6.3867,true,1,1946
7290008803090,false,"יין מרלו קולקשיין הסדרה האזורית כרמל 750 מ""ל",אגודת הכורמים הקואופ,IL,"יין מרלו גליל עליון 750 מ""ל",מיליליטרים,750.00,"100 מ""ל",false,1,59.90,7.9867,true,1,19064
7290008804189,false,יין קברנה סוביניון הסדרה האזורית גליל עליון,אגודת הכורמים הקואופ,IL,"יין קברנה סוביניון גליל עליון 750 מ""ל",מיליליטרים,750.00,"100 מ""ל",false,1,59.90,7.9867,true,1,19065
7290008804462,false,יין פרייבט קולקשן מו,אגודת הכורמים הקואופ,IL,"יין P.C מוסקט לבן 500 מ""ל",מיליליטרים,500.00,"100 מ""ל",false,1,47.90,9.5800,true,1,34686
7290008805049,false,סלקטד זינפנדל כרמל מזרחי 750 מל,"כד בני דרום בע""מ",IL,"יין רוזה חצי יבש יקבי הכרמל 2020, 750 מל",מיליליטרים,750.00,"100 מ""ל",false,1,29.90,3.9867,true,1,43603
7290008805384,false,"יין סלקטד מוסקטו 750מ""ל",אגודת הכורמים הקואופ,IL,כרמל סלקטד מוסקטו יין לבן מבעבע קלות,מיליליטרים,750.00,"100 מ""ל",false,1,29.90,3.9867,true,1,13306
7290008805520,false,"יין סלקטד קברנה מרלו 750מ""ל","כד בני דרום בע""מ",IL,"יין קברנה מרלו סלקטד 750 מ""ל",מיליליטרים,750.00,"100 מ""ל",false,1,29.90,3.9867,true,1,8281
7290008806305,false,פצפצים-תות בננה וסוכ,"מיוצר ע"" גלידת שטראו",IL,שלגון פצפצים תות בננה עם סוכרי,גרמים,97.00,100 גרם,false,1,7.90,8.1443,true,1,7070
7290008806961,false,גלידה שוקולד שבבי שוקולד פרה 1.33 ל' קרמיסימו,"גלידת שטראוס בע""מ, ר",IL,גלידה קרמיסימו שוקולד צ'יפ פרה 1.33 ל',ליטרים,1.33,ליטר,false,1,27.90,20.9774,true,1,1954
7290008806985,false,נישנושים גלידה שוקו וניל בציפוי שוקולד 60 יח' קרמיסימו,שטראוס גלידות,IL,גלידונית קרמיסימו 1/60 630 גרם פרווה,גרמים,630.00,100 גרם,false,1,52.90,8.3968,true,1,32134
7290008830676,false,מובחרים מן הטבע,דין שיווק,IL,פריט מבצע 5 שח,יחידה,1.00,יחידה,false,1,5.00,5.0000,true,1,55840
7290008830690,false,מובחרים מן הטבע,דין שיווק,IL,פריט מבצע 10 שח,יחידה,1.00,יחידה,false,1,10.00,10.0000,true,1,55839
7290008866033,false,גאודה עיזים יעקובס ל,משק יעקבס,IL,"גאודה עיזים יעקובס לק""ג",קילוגרמים,1.00,"ק""ג",true,,159.00,159.0000,true,1,54176
7290008880112,false,מצת קליפר,Flamagas SA Barcelon,,מצת קליפר,לא מנהל יחידת מידה,0.00,לא מנהל יחידת מידה,false,1,6.90,0.0000,false,1,25425
7290008899345,false,לחמניית שמינייה קלוע,פילסברי,,לחמניית שמינייה פילסברי,יחידה,1.00,יחידה,false,1,4.50,4.5000,true,1,7100
7290008899505,false,באגט טרי פילסברי,פילסברי,,באגט טרי פילסברי,גרמים,0.00,100 גרם,false,1,6.90,0.0000,true,1,7115
7290008909761,false,"קרלסברג בקבוק יחיד 330מ""ל",מבשלות בירה בינלאומי,IL,"קרלסברג בק 330 מ""ל פקדון",מיליליטרים,330.00,"100 מ""ל",false,1,10.90,3.3030,true,1,10644
7290008909853,false,קוקה קולה זירו בקבוק 500מל,החברה המרכזית לייצור,IL,"קולה ZERO בקבוק 500 מ""ל",מיליליטרים,500.00,"100 מ""ל",false,1,7.90,1.5800,true,1,10939
7290008909884,false,"קוקה קולה זירו 350 מ""ל בקבוק זכוכית",החברה המרכזית לייצור,IL,"קולה ZERO קלאסי 350 מ""ל",מיליליטרים,330.00,"100 מ""ל",false,1,7.50,2.2727,true,1,22523
7290010117864,false,דוריטוס בטעם חריף אש,שטראוס פריטו ליי בע,IL,דוריטוס חריף אש 70 גרם,גרמים,70.00,100 גרם,false,1,5.90,8.4286,true,1,25285
7290010117970,false,סבבה בוטנים קלויים מצופים - אריזה אישית,"שטראוס פריטו ליי בע""",IL,בוטנים אמריקאים סבבה 50 גרם,גרמים,50.00,100 גרם,false,1,3.50,7.0000,true,1,12447
7290010133536,false,סיגריה אלקטרונית חפ,קלאס ספא,CN,סיגריה אלקטרונית ח״פ אייס אוכמניות 3000 שאיפות,יחידה,1.00,יחידה,false,1,99.90,99.9000,true,1,55678
7290010133543,false,סיגריה אלקטרונית חפ,קלאס ספא,CN,סיגריה אלקטרונית ח״פ אייס ענבים 3000 שאיפות,יחידה,1.00,יחידה,false,1,99.90,99.9000,true,1,55679
7290010154005,false,סחוג תימני ירוק 250 ביטון,תבליני ביטון יוחאי,IL,סחוג תימני 250 גרם,גרמים,250.00,100 גרם,false,1,16.90,6.7600,true,1,1603
7290010154012,false,לימון בלאדי - סלט לימון כבוש,תבליני ביטון יוחאי,IL,לימון כבוש בלאדי 250 גרם,גרמים,250.00,100 גרם,false,1,16.90,6.7600,true,1,1604
7290010154036,false,עמבה 250 ג' ביטון,תבליני ביטון יוחאי,IL,ביטון יוחאי המקורי עמבה סלט מנגו וחילבה 250 גרם,גרמים,250.00,100 גרם,false,1,15.90,6.3600,true,1,4752
7290010154241,false,סלט חזרת ריף ביטון 250 ג',תבליני ביטון יוחאי,IL,ביטון יוחאי המקורי סלט חזרת 250 גרם,גרמים,250.00,100 גרם,false,1,16.90,6.7600,true,1,17157
7290010154265,false,פלפל צ'ומה חריף פיקנטי,תבליני ביטון יוחאי,IL,"פלפל צ""ומה 250 גרם",גרמים,250.00,100 גרם,false,1,16.90,6.7600,true,1,3496
7290010154678,false,אריסה מרוקאית ביטון 250 ג' ביטון,תבליני ביטון יוחאי,IL,אריסה מרוקאית 250 גרם,גרמים,250.00,100 גרם,false,1,16.90,6.7600,true,1,44165
7290010154685,false,סלט שום כתוש 250 ג' ביטון יוחאי,תבליני ביטון יוחאי,IL,ביטון יוחאי המקורי סלט שום כתוש 250 גרם,גרמים,250.00,100 גרם,false,1,17.50,7.0000,true,1,44166
7290010163069,false,צנובר שקדיה 100 גר,אף.סי תבליני בגליל ב,IL,צנובר 100 גרם,גרמים,100.00,100 גרם,false,1,29.90,29.9000,true,1,53593
7290010173044,false,"יין הרי גליל מרלו 750 מ""ל",יקב הרי גליל,IL,"הרי גליל מרלו יין אדום יבש, 750 מל",מיליליטרים,750.00,"100 מ""ל",false,1,44.90,5.9867,true,1,2238
7290010237531,false,"פפסי קולה פלסטיק 500 מ""ל","טמפו משקאות בע""ם.",IL,פפסי 500 מל בקבוק,מיליליטרים,500.00,"100 מ""ל",false,1,5.00,1.0000,true,1,15893
7290010237548,false,פפסי מקס בקבוק 500 מ``ל,טמפו משקאות בעמ,IL,פפסי מקס בקבוק 500 מל,מיליליטרים,500.00,"100 מ""ל",false,1,5.00,1.0000,true,1,15894
7290010237562,false,מירינדה פלסטיק 500מל,"טמפו משקאות בע""מ",IL,מירינדה 500 בקבוק 24 יח',מיליליטרים,500.00,"100 מ""ל",false,1,5.00,1.0000,true,1,15895
7290010237685,false,"הייניקן בירה צואר ארוך 330מ""ל",טמפו משקאות בע''מ,IL,"בירה היינקן, בקבוק 330 מ''ל",מיליליטרים,330.00,"100 מ""ל",false,1,10.90,3.3030,true,1,2906
7290010237890,false,"בירה הייניקן בקבוק 500 מ""ל חוזר",טמפו משקאות בע''מ,IL,"בירה היינקן, בקבוק חוזר 500 מ""ל",מיליליטרים,500.00,"100 מ""ל",false,1,10.00,2.0000,true,1,2910
7290010259823,false,מנת השף מרק עם נודלס טעם עוף בדץ 70ג,נמצ'או(תאילנד) בעמ,TH,מנת השף- מרק עם נודלס בטעם עוף,גרמים,70.00,100 גרם,false,1,6.90,9.8571,true,1,3112
7290010259830,false,מנת השף נודלס בסגנון סיני פיקנטי,נמצ'או(תאילנד) בעמ,TH,ויליפוד מנת השף נודלס בטעם סיני-פיקנטי 70 גרם,גרמים,70.00,100 גרם,false,1,6.90,9.8571,true,1,8178
7290010259861,false,מנת השף מרק עם נודלס בטעם ירקות בדץ 70ג,קריות זול,TH,מנת השף מרק עם נודלס בטעם ירקות 70 גרם,גרמים,70.00,100 גרם,false,1,6.90,9.8571,true,1,4852
7290010328246,false,טחינה גולמית שומשום מלא אחווה 500 ג',,IL,טחינה שומשום מלא אחווה 500 גרם,גרמים,500.00,100 גרם,false,1,15.90,3.1800,true,1,27800
7290010328468,false,אחוה חטיפי מיני חלווה 12*18 יח,שוורצקוף& הנקל דיסלד,IL,"אחוה חטיפי מיני חלוה פיסטוק, וניל וקקאו 18 יחידות",גרמים,216.00,100 גרם,false,1,13.90,6.4352,true,1,24808
7290010328505,false,"חלבה חטיפי מיני לייטר לל""ס אחוה 150ג'",אחדות ביחר לטחינה חל,IL,חלבה אחוה מיני ללא סוכר 150 גרם,גרמים,150.00,100 גרם,false,1,13.90,9.2667,true,1,24809
7290010471669,false,יוגורט תות עם קורנפלקס מצופה שוקולד ללא גלוטן 3.9%,"שטראוס בריאות בע""מ",IL,דנונה בר תות קורנפלקס,גרמים,175.00,100 גרם,false,1,4.90,2.8000,true,1,2644
7290010569120,false,גלידה פסק זמן קרנץ אישי,"מיוצר ע""י גלידת שטרא",IL,שלגון פסק זמן קראנץ,גרמים,73.00,100 גרם,false,1,12.90,17.6712,true,1,5238
7290010609734,false,אייס לי משקה להקפאה בטעמי פירות - מארז 8 יח',הדיל,IL,"שלוקים אייס לי 800 מ""ל",מיליליטרים,800.00,"100 מ""ל",false,1,5.90,0.7375,true,1,47149
7290010650019,false,עולש אנדיב בלגי חוות,מרינה פטריות הגליל,IL,לבבות חסה אנדיב,גרמים,300.00,100 גרם,false,1,14.90,4.9667,true,1,42842
7290010650033,false,בצלצלי שאלוט ארוז לי,חוות פטריות תקוע,IL,בצלצלי שאלוט ארוז ליח,יחידה,0.00,יחידה,false,1,14.90,0.0000,true,1,36222
7290010657254,false,סרדינים מרוקאי בשמן צמחי 125 ג',יוניון דה פחריס,,סרדינים בשמן צמחי 125 גרם,גרמים,125.00,100 גרם,false,1,6.90,5.5200,true,1,30034
7290010657292,false,צלפים בחומץ צנצנת 35,לוקסאפרס,,צלפים בחומץ צנצנת 350 גרם,גרמים,350.00,100 גרם,false,1,15.90,4.5429,true,1,30033
7290010657490,false,סרדינים מרוקאי בשמן קזבלנקה פלפל חריף 125 ג',יוניון דה פחריס,,סרדינים בשמן חריף 125 גרם,גרמים,125.00,100 גרם,false,1,6.90,5.5200,true,1,30036
7290010672844,false,חלה קלועה אפויה פילסברי,פילסברי,,חלה קלועה פילסברי,לא מנהל יחידת מידה,0.00,לא מנהל יחידת מידה,false,1,15.90,0.0000,true,1,12414
7290010672950,false,"לחמניית המבורגר כשל""",אביב,,לחמניית המבורגר כשלפ,גרמים,0.00,100 גרם,false,1,5.50,0.0000,true,1,18185
7290010699001,false,נר מותגים מיקי מאוס 1/24,סודי,,נר ליצן עם מספר,Unknown,0.00,Unknown,false,1,8.80,0.0000,true,1,14395
7290010777099,false,פיתה עבודת יד אקספרס מארז 8 יח',מגוון שיווק והפצת מא,,מארז שמיניית פיתות,גרמים,800.00,100 גרם,false,1,12.90,1.6125,true,1,28297
7290010777150,false,פיתה חיטה מלאה בריבוע 8יח' שקית 800 גר',מגוון שיווק והפצת מא,IL,פיתה מיוחדת חיטה מלאה 8 יחידות,גרמים,800.00,100 גרם,false,1,15.90,1.9875,true,1,28288
7290010777242,false,פיתה קריצה מחמצת 10יח,מאפיית ביכורים מזון,IL,פיתה קריצה מחמצת 10יח,גרמים,1100.00,100 גרם,false,1,16.90,1.5364,true,1,55278
7290010777297,false,פיתה אקספרס מארז 12יח',מגוון שיווק והפצת מא,IL,פיתה מיוחדת עשירייה,גרמים,600.00,100 גרם,false,1,14.90,2.4833,true,1,28292
7290010777358,false,פיתה כוסמין אקספרס מארז 8יח',מגוון שיווק והפצת מא,IL,פיתה כוסמין 8 יח בשקית 400 גרם,גרמים,400.00,100 גרם,false,1,17.90,4.4750,true,1,28295
7290010777488,false,פיתות מחמצת 100% קמח מלא 10 יח,מאפיית ביכורים מזון,IL,פיתות מחמצת 100% קמח מלא 10 יח,גרמים,420.00,100 גרם,false,1,17.90,4.2619,true,1,55277
7290010777525,false,פיתות 100% כוסמין דק 99 קל 6 יח,מאפיית ביכורים מזון,IL,פיתות 100% כוסמין דק 99 קל 6 יח,גרמים,300.00,100 גרם,false,1,17.90,5.9667,true,1,55276
7290010791552,false,מזון חתולים דליקטס נ,"הייקיו, תאילנד",TH,לה קט דליקטס טונה ברוטב 85 גרם,גרמים,85.00,100 גרם,false,1,5.90,6.9412,true,1,5859
7290010849505,false,יין למברוסקו די לואיג'י רוסו דולצ'ה,פארייפאבה אגרואינדוס,IT,"למברוסקו די לואיגי אדום 750 מ""ל",מיליליטרים,750.00,"100 מ""ל",false,1,37.90,5.0533,true,1,16149
7290010849512,false,יין למברוסקו די לואיג'ירוזטו אמבילה,פארייפאבה אגרואינדוס,IT,"למברוסקו די לואיגי רוזה 750 מ""ל",מיליליטרים,750.00,"100 מ""ל",false,1,37.90,5.0533,true,1,17165
7290010849529,false,יין למברוסקו די לואיג'י ביאנקו,פארייפאבה אגרואינדוס,IT,"למברוסקו די לואיגי ביאנקו 750 מ""ל",מיליליטרים,750.00,"100 מ""ל",false,1,37.90,5.0533,true,1,19047
7290010883356,false,כפפות אלוורה רב שימושיות מרופדות גדול L,סנו סושי,CN,L-סושי כפפות אלוורה,לא מנהל יחידת מידה,0.00,לא מנהל יחידת מידה,false,1,12.50,0.0000,true,1,9011
7290010883370,false,כפפות אלוורה רב שימושיות מרופדות בינוני M,האי נאם סי או אל.טי.,CN,סושי כפפות אלוורה רב שימושיות - M,Unknown,0.00,Unknown,false,1,12.50,0.0000,true,1,9016
7290010945450,false,טרה גבינה לבנה מהדרין 3% 250ג,קריות זול,IL,גבינה לבנה 3% 250 גרם,גרמים,250.00,100 גרם,false,1,5.00,2.0000,true,1,3326
7290011017866,false,קוקה קולה קלאסי בפחית,החברה המרכזית לייצור,IL,"סליק קוקה קולה 330 מ""ל מבצע",מיליליטרים,330.00,"100 מ""ל",false,1,5.90,1.7879,true,1,20388
7290011017873,false,"קוקה קולה זירו פחית 330 מ""ל",החברה המרכזית לייצור,IL,"סליק קולה ZERO 330 מ""ל מבצע",מיליליטרים,330.00,"100 מ""ל",false,1,5.90,1.7879,true,1,20389
7290011017880,false,דיאט קוקה קולה פחית סליק 330מל,החברה המרכזית לייצור,IL,"סליק דק""ק 330 מ""ל מבצע",מיליליטרים,330.00,"100 מ""ל",false,1,5.90,1.7879,true,1,20390
7290011018184,false,"אייס תה FUZE TEAאפרסק 500 מ""ל",מבשלות בירה בינלאומי,IL,FUZE tea אפרסק 0.5 ליטר,מיליליטרים,500.00,"100 מ""ל",false,1,8.50,1.7000,true,1,20369
7290011018214,false,"פיוז תה מנגו אננס 500מ""ל",מבשלות בירה בעמ,IL,פיוזטי מנגו אננס 0.5 ליטר,מיליליטרים,500.00,"100 מ""ל",false,1,8.50,1.7000,true,1,20372
7290011018368,false,שישיית בירה ויינשטפן,"ויינשטפן, ת.ד 1155 פ",DE,Weihenstephan - בירת חיטה מעוננת,ליטרים,1.98,ליטר,false,1,64.90,32.7778,true,1,21250
7290011018474,false,סיידר סומרסבי תפוחים,"קרלסברג קרואטיה , יב",HR,"סומרסבי סיידר בקבוק 330 מ""ל",מיליליטרים,330.00,"100 מ""ל",false,1,9.90,3.0000,true,1,23615
7290011018917,false,קוקה קולה זירו פרידג'פק סליק 6*330מל,החברה המרכזית לייצור,IL,"מארז ק""ק ZERO 6 פח FRIDGE-PACK מבצע",ליטרים,1.98,ליטר,false,1,24.90,12.5758,true,1,27972
7290011018924,false,דיאט קוקה קולה פרידג'פק סליק 6*330מל,החברה המרכזית לייצור,IL,דקק 6 פח FRIDGE Pack מבצע,ליטרים,1.98,ליטר,false,1,24.90,12.5758,true,1,27971
7290011064020,false,בולגרית למריחה 13% 200 ג' ניצן,גבינות ניצן,,גבינה בולגרית בעיר 200 גרם,גרמים,200.00,100 גרם,false,1,14.90,7.4500,true,1,13169
7290011064075,false,מעדן לאבנה ניצן אבו גוש 200 ג',גבינות עמיר ניצן,,גבינת לאבנה אבו גוש פלוס 200 גרם,גרמים,200.00,100 גרם,false,1,14.90,7.4500,true,1,13173
7290011064099,false,טאפס פלפלוני שרי ממולאים במעדן גבינה,"ניצן מותגי מזון בע""מ",IL,טאפס שכונתי 125 גרם,גרמים,125.00,100 גרם,false,1,21.50,17.2000,true,1,19035
7290011064273,false,חמאת פורציני 100 גרם,גבינות ניצן,,חמאת פורציני 100 גרם,גרמים,100.00,100 גרם,false,1,21.50,21.5000,true,1,28317
7290011081492,false,גלידה בטעם שלושה שוקולדים 1.33ל' קרמיסימו,"גלידת שטראוס בע""מ, ר",IL,מעדן קפוא קרמיסימו 3 שוקולדים 1.33 ל',ליטרים,1.33,ליטר,false,1,27.90,20.9774,true,1,9224
7290011081690,false,קרמיסימו פרווה שוקו ציפ+וניל ציפ 1.33ל,"גלידת שטראוס בע""מ, ר",IL,גלידה קרמיסימו ש.ו. צ'יפ פרווה 1.33 ל',ליטרים,1.33,ליטר,false,1,27.90,20.9774,true,1,10901
7290011115289,false,אל סבון מוצק מבושם בניחוח עדין קלאסיק - מארז רביעיה,"גליל כימיכלים בע""מ",IL,נקה 7 סבון מוצק לילך - רביעיה,גרמים,400.00,100 גרם,false,1,13.90,3.4750,true,1,51018
7290011126452,false,תה הגן הקסום קמומיל ונענע 25 יח',קריות זול,IL,"קמומיל ונענע ""הגן הקסוםC24 ?",גרמים,37.00,100 גרם,false,1,19.90,53.7838,true,1,10196
7290011126957,false,תה יסוצקי ירוק ארל גריי 25 יח',ויסוצקי ירוק,IL,תה ירוק ארל גריי T.T,גרמים,37.00,100 גרם,false,1,26.90,72.7027,true,1,13581
7290011131050,false,גרנולה בתוספת פקאן וצימוקים,ויטליאה ניקולה דו,MK,גרנולה פלוס צימוקים ופקאן 1 קג,קילוגרמים,1.00,"ק""ג",false,1,28.90,28.9000,true,1,51391
7290011131371,false,מוזלי קראנצ'י שקדים ואגוזים,ויטליאה ניקולה דו,MK,מוזלי פלוס אגוזים ושקדים 1 קג,קילוגרמים,1.00,"ק""ג",false,1,25.90,25.9000,true,1,26185
7290011131388,false,מיזלי קראנץ תפוחים ג,ויטליאה ניקולה דו,MK,"מוזלי קרנצי תפוחים קינמון גרין 1 ק""ג",קילוגרמים,1.00,"ק""ג",false,1,25.90,25.9000,true,1,26183
7290011131395,false,מוזלי קראנצ'י 30% פירות,ויטליאה ניקולה דו,MK,גרין מוזלי קראנצ'י בתוספת 30% פירות 1 קג,קילוגרמים,1.00,"ק""ג",false,1,25.90,25.9000,true,1,26184
7290011132507,false,"סודה סן בנדטו מוגז עדין 500מ""ל",אקווה מינרלה סאן בנד,IT,סן בנדטו מוגז 500 מל,מיליליטרים,500.00,"100 מ""ל",false,1,4.90,0.9800,true,1,18590
7290011148959,false,פלפל טינקרבל יחידה,"מרינה פטריות הגליל בע""מ",IL,פלפל טינקרבל יחידה,גרמים,500.00,100 גרם,false,1,14.90,2.9800,true,1,20153
7290011153885,false,נייר אכיל לקישוט עוג,גילרוי,,נייר אכיל ממותג .,Unknown,0.00,Unknown,false,1,19.90,0.0000,true,1,13011
7290011194246,false,קוטג שטראוס 5% עם סידן 250ג,מיוצר עי קונדיטוריית,IL,קוטג' 5% 250 גרם,גרמים,250.00,100 גרם,false,1,5.90,2.3600,true,1,3275
7290011215415,false,סופגניה מיני ריקה פילסברי 40 גרם,פילסברי,,מיני סופגנייה מטוגנת קפואה ריקה,גרמים,40.00,100 גרם,false,1,2.90,7.2500,false,1,15613
7290011215804,false,חצי בגט,פילסברי,,חצי בגט,לא מנהל יחידת מידה,0.00,לא מנהל יחידת מידה,false,1,4.90,0.0000,true,1,16472
7290011223038,false,עלים לקרמשניט - בונומי 300גרם,בונומי ס.פ.א,IT,עלים לקרמשניט בונומי 300 גרם,גרמים,300.00,100 גרם,false,1,16.90,5.6333,true,1,28128
7290011223045,false,בונומי בישקוטים 200 גרם,בונומי ס.פ.א,IT,בונמי בישקוטים 200 גרם,גרמים,200.00,100 גרם,false,1,8.90,4.4500,true,1,19560
7290011223243,false,"טואלט דאק ג'ל לאסלה בניחוח לבנדר 55 מ""ל","איטיליאן פוד, אס.פי.",IT,ג'ל נוזלי לאסלה בניחוח לבנדר 55 מל,מיליליטרים,55.00,"100 מ""ל",false,1,12.90,23.4545,true,1,3339
7290011378028,false,חלבה קלאסית בטעם וניל ללא תוספת סוכר,רושדי תעשיות מזון בע,IL,בארכה חלבה וניל ללא סוכר כלפ.8*350גרם,גרמים,350.00,100 גרם,false,1,16.90,4.8286,true,1,10242
7290011378776,false,חלבה חטיף פיסטוק בארכה בקטנה מארז 126ג',רושדי תעשיות מזון בע,IL,בארכה בקטנה מאגדת פיסטוק כלפ.12 7*18גרם,גרמים,120.00,100 גרם,false,1,13.90,11.5833,true,1,20608
7290011379025,false,פלפל צ'ילי אדום,"מרינה פטריות הגליל בע""מ",IL,פלפל צילי יח,גרמים,150.00,100 גרם,false,1,7.90,5.2667,true,1,20610
7290011379926,false,סלרי עלים ארוז יח,"מרינה פטריות הגליל בע""מ",IL,סלרי עלים ארוז יח,גרמים,400.00,100 גרם,false,1,5.90,1.4750,true,1,17495
7290011438142,false,"משקה יטבתה אייס קפה בבקבוק אישי 350 מ""ל",שטראוס גרופ,IL,"אייס קפה 350 מ""ל",מיליליטרים,350.00,"100 מ""ל",false,1,6.90,1.9714,true,1,9187
7290011499051,false,פטה כבשים מסורתית 20% בגביע 250 גרם - רובין,MKN עבור מחלבות גד ב,IL,פטה כבשים גבינה מלוחה במי מלח,גרמים,250.00,100 גרם,false,1,27.90,11.1600,true,1,3589
7290011499105,false,בולגרית מסורתית 5% 250 גרם -רבנות,ג'נרל מילס סאן אדריא,IL,גבינה בולגרית 5% 250 גרם,גרמים,250.00,100 גרם,false,1,28.90,11.5600,true,1,3777
7290011499112,false,בולגרית מסורתית 16% 250 גרם - רבנות,"מיוצר ע""י dsh",IL,בולגריות מיוצרת בשיטה מסורתית 16% 250 גרם,גרמים,250.00,100 גרם,false,1,28.90,11.5600,true,1,9005
7290011499129,false,בולגרית מעודנת קוביות קטנות 5% 200 גרם - רבנות,קוד יצרן DSH,IL,קוביות בולגרית מעודנת,גרמים,200.00,100 גרם,false,1,24.90,12.4500,true,1,9090
7290011499303,false,פטה עיזים מעודנת 5% בגביע 250 גרם - רבנות,ג'נרל מילס סאן אדריא,IL,גד בולגרית עיזים מעודנת 5% שומן,גרמים,250.00,100 גרם,false,1,31.90,12.7600,true,1,12007
7290011499327,false,גבינה בולגרית מעודנת 5% 250 גרם - רבנות,מיוצר על ידי DSH עבו,IL,גד גבינת בולגרית מעודנת מחלב בקר במי מלח 5% שומן,גרמים,250.00,100 גרם,false,1,28.90,11.5600,true,1,12009
7290011499341,false,קשקבל בוואקום 26% 200 גרם - רבנות,הנסיך- מפעל לייצור ט,IL,גבינת קאשקבל 200 גרם,גרמים,200.00,100 גרם,false,1,29.90,14.9500,true,1,12391
7290011499358,false,פטה עיזים מסורתית 20% בגביע 200 גרם - רובין,מיוצר על ידי קוד יצר,IL,מחלבות גד גבינת פטה עיזים 20% שומן,גרמים,200.00,100 גרם,false,1,30.90,15.4500,true,1,12392
7290011499365,false,גד חלומי 24% 200 גרם רובין,"מחלבות גד בע""מ",IL,גד גבינת חלומי קשה מחלב בקר 24% שומן 200 גרם,גרמים,200.00,100 גרם,false,1,23.90,11.9500,true,1,12393
7290011499419,false,גבינה במרקם שמנת בטעם טבעי 5% ניו יורק,מחלבות גד,IL,גבינת ניו יורק מרקם שמנת 5% 200 גר,גרמים,200.00,100 גרם,false,1,12.90,6.4500,true,1,15158
7290011499525,false,גד לאבנה דרוזית 9% 500 ג',מחלבות גד בעמ,IL,גבינת לאבנה דרוזית מחלב בקר 9% 500 גרם,גרמים,500.00,100 גרם,false,1,23.90,4.7800,true,1,15794
7290011499624,false,שמנת 30% ניו יורק טבעי 200 גרם רבנות,מחלבות גד,IL,"גד, גבינת שמנת בטעם טבעי 30% , 200 גרם",גרמים,200.00,100 גרם,false,1,14.90,7.4500,true,1,18151
7290011499846,false,גבינת ריקוטה פרסקה 9% 300 ג' גד,מחלבות גד בעמ,IL,גבינת ריקוטה פרסקה 9% 300 גרם גד,גרמים,300.00,100 גרם,false,1,19.90,6.6333,true,1,18174
7290011501617,false,חמוציות ברכז פרי ללא,אף.סי תבליני בגליל ב,IL,חמוציות ברכז תפוחים ללא סוכר 250 גרם,גרמים,250.00,100 גרם,false,1,18.90,7.5600,true,1,54097
7290011502867,false,דלישס גרנולה במבחר אגוזים 500גר,"דין שיווק וקליה בע""מ",,גרנולה אגוזים 500 גרם שקדיה,גרמים,500.00,100 גרם,false,1,14.90,2.9800,true,1,13426
7290011502874,false,דלישס גרנולה עם פירות יבשים 500גר,"דין שיווק וקליה בע""מ",,גרנולה פירות יבשים 500 גרם שקדיה,גרמים,500.00,100 גרם,false,1,14.90,2.9800,true,1,13427
7290011505141,false,מטלית הפלא לרצפות 2יח' ענק,יוניסן,,מטלית הפלא לרצפות 2 יח ענק,לא מנהל יחידת מידה,0.00,לא מנהל יחידת מידה,false,1,30.50,0.0000,true,1,20296
7290011505493,false,כפות מהודר עבה במיוח,הוסטס,,כפות מהודר עבה במיוחד 50 יחידות,לא מנהל יחידת מידה,0.00,לא מנהל יחידת מידה,false,1,12.90,0.0000,true,1,42182
7290011505509,false,מזלגות מהודר עבה במי,הוסטס Hostess,,מזלגות מהודר עבה במיוחד 50 יחידות,לא מנהל יחידת מידה,0.00,לא מנהל יחידת מידה,false,1,12.90,0.0000,true,1,42179
7290011505516,false,סכין מהודר עבה במיוחד 50 יחידות הוסטס,הוסטס Hostess,,סכינים מהודר עבה במיוחד 50 יחידות,לא מנהל יחידת מידה,0.00,לא מנהל יחידת מידה,false,1,12.90,0.0000,true,1,42180
7290011515683,false,מעדן קפוא אקסטרים Extreme בטעם וניל - 6 יח',תות תעשיות מזון (201,IL,אקסטרים טילון וניל בדצ מאח.5 6*72גרם,גרמים,432.00,100 גרם,false,1,39.50,9.1435,true,1,9175
7290011515911,false,שלגונים מופחתי קלוריות בטעם ריבת חלב - 6 יח',גלידות נסטלה (נגה גל,IL,נסטלה שלג.לייט ריבת חלב בדצ מאח.6 6*52ג,גרמים,312.00,100 גרם,false,1,32.90,10.5449,true,1,13602
7290011598211,false,"סנו - אנטי קאלק מרסס ניקוי כללי 4 ב-1 700 מ""ל",מיוצר עי קונדיטוריית,IL,אנטי קאלק מרסס כללי רב שימושי 4 ב 1 700 מל,מיליליטרים,700.00,"100 מ""ל",false,1,19.90,2.8429,true,1,9956
7290011607180,false,"קולון 101 לכביסה 1.25 ק""ג",ריקט בנקיזר ( ניר אי,IL,"אבקת כביסה קולון 1.25 ק""ג",קילוגרמים,1.25,"ק""ג",false,1,14.90,11.9200,true,1,15111
7290011618025,false,חטיף אורז אפוי לתינוקות בטעם טבעי +6,גואנז'ו יונג וואנט פ,CN,נגיסי אורז לתינוק,גרמים,50.00,100 גרם,false,1,14.90,29.8000,true,1,18606
7290011618124,false,חטיף אורז אפוי לתינוקות בטעם ירקות +6,גואנז'ו יונג וואנט פ,CN,בייבי ביס בטעם ירקות 50 גרם,גרמים,50.00,100 גרם,false,1,14.90,29.8000,true,1,10039
7290011723200,false,טחינה הר ברכה טחינה,הר ברכה תעשיות,,טחינת הר ברכה 500גרם,גרמים,500.00,100 גרם,false,1,19.90,3.9800,true,1,24847
7290011765217,false,"סנו מדיק ג'ל לניקוי ידיים אלוורה 100 מ""ל",גוד פוד פרודקטס S.p,IL,"סנו מדיק ג""ל לניקוי ידיים 100",מיליליטרים,100.00,"100 מ""ל",false,1,12.90,12.9000,true,1,35635
7290011765446,false,משחת שיניים לילדים בוב ספוג בטעם מיץ ענבים עם פלואוריד למניעת עששת,טרופיקל דגיל תעשיות,IL,משחת שיניים אורביטול בוב ספוג 70 גרם,גרמים,70.00,100 גרם,false,1,10.90,15.5714,true,1,9492
7290011870225,false,סוללות פוג'יקום AAA רביעייה,פוג'יקום,CN,סוללות פוזיקום 4AAA,יחידה,1.00,יחידה,false,1,9.90,9.9000,true,1,42122
7290011870249,false,סוללות פוזיקום 12AAA,פוג'יקום,,סוללות פוזיקום 12AAA,לא מנהל יחידת מידה,0.00,לא מנהל יחידת מידה,false,1,19.90,0.0000,true,1,42124
7290011870270,false,פוג'יקום סוללות מארז 12 יח' AA,פוג'יקום,,סוללות פוזיקום 12AA,לא מנהל יחידת מידה,0.00,לא מנהל יחידת מידה,false,1,19.90,0.0000,true,1,42125
7290011870720,false,סוללה פוגיקום גדול D,פוג'יקום,,סוללות פוזיקום D,יחידה,1.00,יחידה,false,1,23.90,23.9000,true,1,42119
7290011870737,false,סוללה פוגיקום בינוני,פוג'יקום,,סוללות פוזיקום C,יחידה,1.00,יחידה,false,1,21.90,21.9000,true,1,42123
7290011870744,false,סוללה מרובע פוגיקום,פוג'יקום,,סוללות פוזיקום 9V,יחידה,1.00,יחידה,false,1,19.90,19.9000,true,1,42120
7290011877859,false,סנו אינסטלטור חדש פותח סתימות 200ג',מיוצר עי קונדיטוריית,IL,"פותח סתימות אינסטלטור 200 גר """,גרמים,200.00,100 גרם,false,1,17.90,8.9500,true,1,12578
7290011923273,false,טופו אורגני 300גרם ל,א.י.ן תעשיות מזון בע,IL,ליב טופו אורגני 300 גרם,גרמים,300.00,100 גרם,false,1,13.50,4.5000,true,1,41088
7290011923303,false,טופו טבעי 300גרם ליב,א.י.ן תעשיות מזון בע,IL,ליב טופו בטעם טבעי 300 גרם,גרמים,300.00,100 גרם,false,1,11.90,3.9667,true,1,41104
7290011947309,false,זיתים מצוננים סורי מבוקע ולימון כבוש זיתא 230 ג',זיתא – י.ט.ב תעשיות,IL,זית ירוק עם לימון כבוש זיתא 230 גרם,גרמים,230.00,100 גרם,false,1,14.90,6.4783,true,1,22410
7290011947316,false,זיתא זיתי קלמטה בשמן זית כתית מעולה 215ג,סטאר סנקס,IL,זית קלמטה בשמן זית כתית מעולה,גרמים,217.00,100 גרם,false,1,14.90,6.8664,true,1,42529
7290011947781,false,מיקס זית ירוק וזית קלמטה ללא גלעין עם שמן זית 190 ג',זיתא,IL,זית ירוק קלמטה ללא גלעין מיקס זיתא190גרם,גרמים,190.00,100 גרם,false,1,14.90,7.8421,true,1,51593
7290011947798,false,זית קלמטה ללא גלעין עם שמן זית כתית 190 ג',זיתא,IL,זית קלמטה ללא גלעין זיתא 190 גרם,גרמים,190.00,100 גרם,false,1,14.90,7.8421,true,1,51592
7290011947842,false,שמן כתית מעולה עם מיצוי זית בזיליקום ושום 240 מל,סטאר סנקס,IL,זיתא שמן כתית מעולה פסטו,גרמים,240.00,100 גרם,false,1,21.90,9.1250,true,1,53021
7290011947859,false,שמן זית כתית מעולה פלפל צ'ילי 475 גר',סטאר סנקס,IL,זיתא שמן כתית מעולה פסטו,מיליליטרים,240.00,"100 מ""ל",false,1,21.90,9.1250,true,1,53022
7290011947903,false,מיקס זיתים יווני זיתא 215 ג',זיתא,IL,זיתים מיקס יווני זיתא 215 גרם,גרמים,215.00,100 גרם,false,1,14.90,6.9302,true,1,52730
7290011947965,false,זיתא מיקס זית ירוק וקלמטה ללא גלעין שמיר,זיתא,IL,מיקס זיתים ירוק וקלמטה ללא גלעין זיתא 215גרם,גרמים,215.00,100 גרם,false,1,14.90,6.9302,true,1,54548
7290011947972,false,זית ירוק ללא גלעין ט,זיתא,IL,זית ירוק ללא גלעין טימין ורוזמרין זיתא 215גרם,גרמים,215.00,100 גרם,false,1,14.90,6.9302,true,1,54547
7290011947989,false,זית ירוק ללא גלעין ש,זיתא,IL,זית ירוק ללא גלעין שום ושמן זית זיתא 215,גרמים,215.00,100 גרם,false,1,14.90,6.9302,true,1,54546
7290011964702,false,תבלין תיבול לשווארמה ללא מונוסו' 100ג',תות ממתקי איכות,IL,"תבליני טעם וריח תערובת תיבול לשווארמה, 100 גרם",גרמים,110.00,100 גרם,false,1,10.90,9.9091,true,1,50681
7290011996031,false,טעם אסיה אטריות בצים 454 ג',טעמי אסיה Taste of Asia,CN,אטריות ביצים 454 גרם,גרמים,454.00,100 גרם,false,1,9.10,2.0044,true,1,15222
7290011996062,false,אורז לבן עגול מתאים להכנת סושי,טעמי אסיה Taste of Asia,ES,"אורז לסושי 1 ק""ג",קילוגרמים,1.00,"ק""ג",false,1,16.50,16.5000,true,1,15217
7290011996123,false,אצות ים נורי גולד 10 דפים כשר,טעמי אסיה Taste of Asia,CN,דפי אצות ים נורי 10 יח,גרמים,25.00,100 גרם,false,1,14.90,59.6000,true,1,37053
7290011996277,false,מחצלת עגולה לגלגול סושי,טעמי אסיה Taste of Asia,CN,מחצלת לסושי אסיה,יחידה,1.00,יחידה,false,1,7.90,7.9000,true,1,15236
7290011996758,false,מזרח מערב קמח טמפורה כשר 500ג',טעמי אסיה Taste of Asia,CN,קמח טמפורה 500 גרם,גרמים,500.00,100 גרם,false,1,11.90,2.3800,true,1,21931
7290011996789,false,פנקו פירורי לחם בסגנון יפני,טעמי אסיה Taste of Asia,CN,פירורי לחם יפניים פנקו 200 גרם,גרמים,200.00,100 גרם,false,1,9.90,4.9500,true,1,15266
7290011996819,false,מזרח מערב אטריות שעועית 250ג,טעמי אסיה Taste of Asia,CN,אטריות סיניות מקלוני שעועית 250 גרם,גרמים,250.00,100 גרם,false,1,7.80,3.1200,true,1,15244
7290012001994,false,חרדל דיז'ון גרעינים 350 ג' ריין דיזון,ריין דיז'ון reine dijon,FR,חרדל דיגון גרעינים 350 גרם כפ,גרמים,350.00,100 גרם,false,1,14.90,4.2571,true,1,16909
7290012022203,false,פריכיות קליליות חיטה,דילייט,,קליליות חיטה מלאה 100 גרם,גרמים,100.00,100 גרם,false,1,14.90,14.9000,true,1,43634
7290012022227,false,פריכיות קליליות בטעם,דילייט,,קליליות בטעם טבעי 70גרם,גרמים,70.00,100 גרם,false,1,13.50,19.2857,true,1,43635
7290012022272,false,פריכיות קליליות קידס,דילייט,,קליליות קידס 30גרם,גרמים,30.00,100 גרם,false,1,12.90,43.0000,true,1,48141
7290012116735,false,סנו - נייר טואלט סופט גליל כפול 24 יח',סנו מפעלי ברונוס בעמ,IL,נ ט סופט גליל גמבו 24 יחידות,מטרים,90000.00,מטר,false,1,45.90,0.0005,true,1,47457
7290012117428,false,"קרמה - שמפו וג'ל רחצה 2 ב-1 מנטה 700 מ""ל",טרופיקל דגיל תעשיות,IL,"ג""ל רחצה ושמפו קרמה מן 700 מ""ל",מיליליטרים,700.00,"100 מ""ל",false,1,18.90,2.7000,true,1,15028
7290012117534,false,סנו - מקסימה מרכך כביסה מרוכז קול 1 ליטר,"סנו מפעלי ברונוס בע""",IL,מקסימה מרכך כביסה מרוכז (COOL) 1 ליטר,ליטרים,1.00,ליטר,false,1,18.90,18.9000,true,1,47784
7290012117558,false,מרכך כביסה קומפקט מאסק ורוד סנו מקסימה 1 ל',"סנו מפעלי ברונוס בע""",IL,מרכך מרוכז מאסק 1ליטר 40 כביסות,ליטרים,1.00,ליטר,false,1,18.90,18.9000,true,1,16822
7290012139567,false,ביסקוויט עוף בונזו ג,Ping Yang,,"מזון כלבים בונזו ג""וי ביסקוויט עוף 90 גר",גרמים,90.00,100 גרם,false,1,19.90,22.1111,true,1,17410
7290012226076,false,חרמון הודו ועוף 200 ג' זוגלובק,זוגלובק,IL,זוגלובק חרמון הודו ועוף 200 גרם,גרמים,200.00,100 גרם,false,1,15.50,7.7500,true,1,47144
7290012226120,false,קבנוס זוגלובק 135גר,נקניק נהריה כשר זוגל,IL,זוגלובק קבנוס 135 גרם,גרמים,135.00,100 גרם,false,1,13.90,10.2963,true,1,20846
7290012226922,false,קבנוס בטעם שום 135 ג' זוגלובק,נקניק נהריה כשר זוגל,IL,זוגלובק קבנוס עם שום 135 גרם,גרמים,135.00,100 גרם,false,1,13.90,10.2963,true,1,18958
7290012226939,false,קבנוס עם צ'ילי חריף 135ג' זוגלובק,נקניק נהריה כשר זוגל,IL,זוגלובק קבנוס עם צ'ילי חריף 135 גרם,גרמים,135.00,100 גרם,false,1,13.90,10.2963,true,1,18959
7290012227172,false,חרמן הודו בדבש וברביקיו זוג במארז 600 ג' זוגלובק,נקניק נהריה כשר זוגל,IL,כפריות פסטרמות הודו דבש+ברביקיו זוגלובק,גרמים,600.00,100 גרם,false,1,34.90,5.8167,true,1,45603
7290012227325,false,סלמי דק דק מעושן איטלקי 120 ג' זוגלובק,זוגלובק,IL,זוגלובק סלמי מעושן איטלקי 120 גרם דק דק דק,גרמים,120.00,100 גרם,false,1,14.90,12.4167,true,1,43148
7290012227974,false,פסטרמה הודו בדבש טהור דק דק דק,זוגלובק,IL,זוגלובק פסטרמה בדבש 120 גרם דק דק דק,גרמים,120.00,100 גרם,false,1,14.90,12.4167,true,1,43150
7290012227981,false,פסטרמה דק דק ברביקיו 120 ג' זוגלובק,זוגלובק,IL,זוגלובק פסטרמה ברביקיו 120 גרם דק דק דק,גרמים,120.00,100 גרם,false,1,14.90,12.4167,true,1,43151
7290012227998,false,פסטרמה דק דק חזה בקר 120 ג' זוגלובק,זוגלובק,IL,זוגלובק חזה בקר 120 גרם דק דק דק,גרמים,120.00,100 גרם,false,1,14.90,12.4167,true,1,43149
7290012228261,false,נקנקיות קנקרס הודו ועוף ריינהולד'ס זוגלובק 300 ג',זוגלובק,IL,זוגלובק נקניקיות הודו פרמיום קנקרס ריינהולד'ס,גרמים,300.00,100 גרם,false,1,20.90,6.9667,true,1,41378
7290012228278,false,נקנקיות בוקוורסט עוף ובקר ריינהולד'ס 310 ג' זוגלובק,זוגלובק,IL,זוגלובק נקניקיות הודו -בקר (בוקוורסט) ריינהולדס,גרמים,310.00,100 גרם,false,1,20.90,6.7419,true,1,41377
7290012228919,false,קציצת מגדרה גלילית ז,זוגלובק,RO,קציצת מגדרה גלילית זוגלוס 450 גרם,גרמים,450.00,100 גרם,false,1,31.90,7.0889,true,1,52589
7290012228971,false,סלמי תה פפרוני זוגלובק 180 ג',זוגלובק,IL,סלמי תה פפרוני זוגלובק 180 גרם,גרמים,180.00,100 גרם,false,1,15.90,8.8333,true,1,54086
7290012245176,false,וופל ציפס קריספי 700,אגריסטו,BE,CHIPS וופל ציפס קריספי 700גרם,גרמים,700.00,100 גרם,false,1,14.90,2.1286,true,1,54837
7290012245183,false,ציפס קריספי קלאסי 70,אגריסטו,BE,CHIPS ציפס קריספי קלאסי700גרם,גרמים,700.00,100 גרם,false,1,12.90,1.8429,true,1,54838
7290012245275,false,גולד ציפס בטטה קריספ,אגריסטו,BE,"CHIPS ציפס בטטה קריספי 1 ק""ג",קילוגרמים,1.00,"ק""ג",false,1,28.90,28.9000,true,1,54839
7290012306518,false,פריכיות אורז מלא מכב,מכבים,,פריכיות אורז מלא מכבים 200 גרם,גרמים,200.00,100 גרם,false,1,15.70,7.8500,true,1,24933
7290012306631,false,פריכיות מלוח אורז מל,מכבים,,פריכיות מלוח אורז מלא מכבים 200 גרם,גרמים,200.00,100 גרם,false,1,15.70,7.8500,true,1,24932
7290012309311,false,ערמונים קלופים וקלויים,"דין שיווק וקליה בע""מ",CN,ערמונים מקולפים 105 גרם,גרמים,105.00,100 גרם,false,1,5.90,5.6190,true,1,22710
7290012309939,false,חלבה מסולסלת דין שיווק 500 ג',אף.סי תבליני בגליל ב,IL,חלבה מסולסלת 500 גרם ששון הקולה,גרמים,500.00,100 גרם,false,1,15.90,3.1800,true,1,23572
7290012313264,false,שימורי יבנה כרוב כבוש 560גר,קדבורי,IL,כרוב כבוש 560 גרם יבנה,גרמים,560.00,100 גרם,false,1,9.50,1.6964,true,1,46960
7290012404177,false,"שוופס Fruits תפוח זכוכית 330 מ""ל",יפאורה תבורי בעמ,IL,"שוופס מוגז פירות תפוחים 330 מ""ל זכוכית",מיליליטרים,330.00,"100 מ""ל",false,1,6.90,2.0909,true,1,37925
7290012404184,false,"שוופס Fruits לימון זכוכית 330 מ""ל",יפאורה תבורי בעמ,IL,"שוופס מוגז פירות לימונים 330 מ""ל זכוכית",מיליליטרים,330.00,"100 מ""ל",false,1,6.90,2.0909,true,1,37915
7290012413643,false,תה ויסוצקי ירוק קמומיל 25 יח',ויסוצקי ירוק,IL,תה ירוק קמומיל T.T,גרמים,37.00,100 גרם,false,1,26.90,72.7027,true,1,20606
7290012483233,false,אנשובי ארוך בשמן זית צנצנת 80ג' ויליפוד,נמצאו,ES,אנשובי ארוך בשמן זית 80 גרם,גרמים,80.00,100 גרם,false,1,14.90,18.6250,true,1,15715
7290012522581,false,טבעול שניצל תירס ללא גלוטן טבעול 664 גרם,עיצובים 2020 (4.8),IL,שניצל תירס ללא גלוטן 660 גרם,גרמים,660.00,100 גרם,false,1,31.90,4.8333,true,1,19637
7290012525452,false,טילון אקסטרים נוק אאוט שוקו וניל 70ג',גלידות נסטלה (נגה גל,IL,אקסטרים טילון שוקו וניל בדצ 24*70גרם-חדש,גרמים,70.00,100 גרם,false,1,7.90,11.2857,true,1,19481
7290012561405,false,בצל חצי מטוגן דורות 180 גרם,עיצובים 2020 (3.8),IL,בצל חצי מטוגן 180 גרם,גרמים,180.00,100 גרם,false,1,12.50,6.9444,true,1,27992
7290012576607,false,"יין פרימייר אדום קברנה סובניון ומלבק 750 מ""ל","ברקן שיווק והפצה בע""",IL,ברקן פרימייר קברנה סובניון אדום 750 מ,מיליליטרים,750.00,"100 מ""ל",false,1,26.90,3.5867,true,1,22529
7290012576614,false,יין Premieur לבן חצי יבש אמרלד ריזלינג קולומברד,יקבי ברקן שיווק והפצ,IL,"יין פרמייר ריזלינג 750 מ""ל",מיליליטרים,750.00,"100 מ""ל",false,1,26.90,3.5867,true,1,22528
7290012588570,false,ווטר בוקס מי מעיין 5,בוריסטליג' בוטלינג ק,IE,"ווטר בוקס 500 מ""ל",מיליליטרים,500.00,"100 מ""ל",false,1,6.90,1.3800,true,1,56337
7290012588907,false,"איילנד גויאבה 300 מ""",טמפו,IL,"איילנד גויאבה 300 מ""ל",מיליליטרים,300.00,"100 מ""ל",false,1,6.90,2.3000,true,1,56535
7290012588914,false,"איילנד מנגו 300 מ""ל",טמפו,IL,"איילנד מנגו 300 מ""ל",מיליליטרים,300.00,"100 מ""ל",false,1,6.90,2.3000,true,1,56536
7290012697081,false,סוכרזית מהטבע סטיוויה 100 שקיות,"סוכרזית בע""מ",IL,סוכרזית סטיוויה 100 שקיות,גרמים,100.00,100 גרם,false,1,32.90,32.9000,true,1,19447
7290012724817,false,נענע ארוז ליח,"מרינה פטריות הגליל בע""מ",IL,נענע ארוז ליח,גרמים,70.00,100 גרם,false,1,5.90,8.4286,true,1,22246
7290012724824,false,שמיר ארוז ליח,"מרינה פטריות הגליל בע""מ",IL,שמיר ארוז ליח,גרמים,70.00,100 גרם,false,1,5.90,8.4286,true,1,22243
7290012724831,false,כוסברה ארוז ליח,"מרינה פטריות הגליל בע""מ",IL,כוסברה ארוז ליח,גרמים,70.00,100 גרם,false,1,4.90,7.0000,true,1,22244
7290012724848,false,פטרוזיליה יח בשקית,"מרינה פטריות הגליל בע""מ",IL,פטרוזיליה ארוז ליח,גרמים,70.00,100 גרם,false,1,5.90,8.4286,true,1,22245
7290012737930,true,רסק תפוחים אורגני,נטורפוד,DE,רסק תפוחים אורגני 700 גרם,גרמים,700.00,100 גרם,false,1,17.90,2.5571,true,1,49912
7290012759017,false,חטיף אנרגיה מיקס ממה,ממה חטיפי אנרגיה,,חטיף אנרגיה מיקס ממה 50 גרם,גרמים,50.00,100 גרם,false,1,8.90,17.8000,true,1,14749
7290012759031,false,חטיף אנרגיה בננה ופק,ממה חטיפי אנרגיה,,חטיף אנרגיה בננה ופקאן ממה אישי 50 גרם,גרמים,50.00,100 גרם,false,1,8.90,17.8000,true,1,16341
7290012759253,false,טרפלס תמרים וקקאו 28,ממה חטיפי אנרגיה,,טרפלס תמרים וקקאו 280 גרם,גרמים,280.00,100 גרם,false,1,34.90,12.4643,true,1,22947
7290012759444,false,טרפלס חמאת בוטנים 28,ממה חטיפי אנרגיה,,טרפלס חמאת בוטנים 280 גרם,גרמים,280.00,100 גרם,false,1,34.90,12.4643,true,1,27527
7290012759529,false,טרפלס טחינה ושקדים 2,ממה חטיפי אנרגיה,,טרפלס טחינה ושקדים 280 גרם,גרמים,280.00,100 גרם,false,1,34.90,12.4643,true,1,42139
7290012759659,false,עוגיות בראוניז קוקוס,ממה חטיפי אנרגיה,IL,עוגיות בראוניז קוקוס ואגוז מלך 240 גרם,גרמים,240.00,100 גרם,false,1,26.90,11.2083,true,1,47365
7290012759666,false,עוגיות בראוניז פקאן,ממה חטיפי אנרגיה,IL,עוגיות בראוניז פקאן ופולי קקאו 240 גרם,גרמים,240.00,100 גרם,false,1,26.90,11.2083,true,1,47364
7290012759673,false,עוגיות בראוניז חמאת,ממה חטיפי אנרגיה,IL,עוגיות בראוניז חמאת בוטנים 240 גרם,גרמים,240.00,100 גרם,false,1,26.90,11.2083,true,1,47363
7290012759710,false,חטיף בראוניז קוקוס ו,ממה חטיפי אנרגיה,IL,חטיף בראוניז קוקוס ואגוז מלך 50 גרם,גרמים,50.00,100 גרם,false,1,8.90,17.8000,true,1,47362
7290012759727,false,חטיף בראוניז פקאן ופ,ממה חטיפי אנרגיה,IL,חטיף בראוניז פקאן ופולי קקאו 50 גרם,גרמים,50.00,100 גרם,false,1,8.90,17.8000,true,1,47361
7290012759949,false,חטיף חלבון תמר קרם ל,ממה,IL,חטיף חלבון תמר קרם לוז יה עם חלבון 50גר,גרמים,50.00,100 גרם,false,1,10.90,21.8000,true,1,51594
7290012759956,false,חטיף חלבון תמר פקאן,ממה,IL,חטיף חלבון תמר פקאן עם חלבון 50גרם,גרמים,50.00,100 גרם,false,1,10.90,21.8000,true,1,51595
7290012779152,false,חסה פאקצ'וי מרינה מה,מרינה פטריות הגליל,IL,עלי חסה פאק צוי 200 גרם,גרמים,200.00,100 גרם,false,1,13.90,6.9500,true,1,52259
7290012803352,false,"רייד ארוסול קוטל מעופפים 300מ""ל",אס.סי.ג'ונסון מידרכט,NL,"תרסיס רייד קוטל חרקים מעופפים 300 מ""ל",מיליליטרים,300.00,"100 מ""ל",false,1,25.90,8.6333,true,1,18003
7290012803765,false,שוקולד מריר ללא תוספת סוכר,אלטינמארקה גידה סאן,TR,טוסו שוקולד מריר ללא תוספת סוכר 100 גרם,גרמים,100.00,100 גרם,false,1,11.90,11.9000,true,1,20578
7290012803772,false,שוקולד חלב ללא תוספת סוכר,אלטינמארקה גידה סאן,TR,טוסו שוקולד חלב ללא תוספת סוכר 100 גרם,גרמים,100.00,100 גרם,false,1,11.90,11.9000,true,1,20579
7290012823381,false,מרכך כביסה מקסימה סנסיטיב מרוכז ורוד 1 ל' סנו,"סנו מפעלי ברונוס בע""",IL,מרכך מרוכז סנסטיב 1 ליטר 40 כביסות,ליטרים,1.00,ליטר,false,1,18.90,18.9000,true,1,38343
7290012823541,false,מטליות ריצפז פרש בריח לבנדר 10 יח' סנו,"סנו מפעלי ברונוס בע""",IL,מטליות ריצפז פרש לבנדר,לא מנהל יחידת מידה,0.00,לא מנהל יחידת מידה,false,1,14.90,0.0000,true,1,16263
7290012823558,false,מטליות ענק לחות לרצפה 10 יח' סנו סושי,סנו מפעלי ברונוס בעמ,IL,מטליות לחות לריצפה סנו סושי 10 יחידות,Unknown,0.00,Unknown,false,1,11.90,0.0000,true,1,16911
7290012823602,false,נייר טואלט סופט סילק לבן - מארז 32 גלילים,טרופיקל דגיל תעשיות,IL,נייר טואלט סופט 32 גלילים,מטרים,58800.00,מטר,false,1,35.90,0.0006,true,1,18073
7290012823947,false,"סנו - מרכך כביסה מרוכז פרפיום קריסטל נואר 750 מ""ל",מיוצר עי קונדיטוריית,IL,"מרכך כביסה פרפיום קריסטל נואר 750 מ""ל",מיליליטרים,750.00,"100 מ""ל",false,1,21.50,2.8667,true,1,17632
7290012901355,false,דודלס ארוחת אטריות עם גבינה 206 גרם,האי נאם סי או אל.טי.,US,ארוחת מקרוני עם רוטב על בסיס גבינה,גרמים,206.00,100 גרם,false,1,12.90,6.2621,true,1,26882
7290012901959,false,ארוחת אטריות עם גבינה מסולסלים 156 גרם,,US,אטריות עם גבינה מסולסלים Doodles גרם156,גרמים,156.00,100 גרם,false,1,12.90,8.2692,true,1,49550
7290012911170,false,מיסו כהה-מחית פולי סויה,טעמי אסיה Taste of Asia,,"מיסו כהה אסיה 500 מ""ל",מיליליטרים,500.00,"100 מ""ל",false,1,12.90,2.5800,true,1,21886
7290012911187,false,מיסו בהיר-מחית פולי סויה,טעמי אסיה Taste of Asia,,"מיסו בהיר אסיה 500 מ""ל",מיליליטרים,500.00,"100 מ""ל",false,1,12.90,2.5800,true,1,21887
7290012911293,false,דפי אורז ללא גלוטן 300 ג',טעמי אסיה Taste of Asia,VN,"דפי אורז 22 ס""מ 300 גרם",גרמים,300.00,100 גרם,false,1,14.50,4.8333,true,1,21876
7290012911583,false,רצועות דלעת כבושה-קנפיו,טעמי אסיה Taste of Asia,CN,רצועות דלעת כבושה קנפיו 100 גרם,גרמים,100.00,100 גרם,false,1,12.50,12.5000,true,1,21894
7290012911675,false,פטריות שיטאקה מיובשות,טעמי אסיה Taste of Asia,IL,פטריות שיטאקה אסיה 85 גרם,גרמים,85.00,100 גרם,false,1,18.50,21.7647,true,1,21904
7290012921025,false,מלכה בוטיק בירה בהיר,בירה מלכה בעמ,IL,בירה מלכה בהירה 6.5% כוהל 330 מל,מיליליטרים,330.00,"100 מ""ל",false,1,15.90,4.8182,true,1,19562
7290012921032,false,מלכה בוטיק בירה אדמו,בירה מלכה בעמ,IL,בירה מלכה אדמונית 5.5% כוהל 330 מל,מיליליטרים,330.00,"100 מ""ל",false,1,15.90,4.8182,true,1,19561
7290012921056,false,מלכה בוטיק בירה חיטה,מבשלת בירה ישראלית,IL,"בירה מלכה חיטה, 330 מל",מיליליטרים,330.00,"100 מ""ל",false,1,15.90,4.8182,true,1,19567
7290012962608,false,"צלחות פלסטיק עבות במיוחד 22 ס""מ-לבן 25 יח'",הוסטס Hostess,,"צלחות פלסטיק עבות במיוחד 25 יחידות 22 ס""",לא מנהל יחידת מידה,0.00,לא מנהל יחידת מידה,false,1,14.90,0.0000,true,1,42176
7290012962974,false,כפית מהודרת עבה במיו,F.T.I,,כפית מהודרת עבה במיוחד 50 יחידות,לא מנהל יחידת מידה,0.00,לא מנהל יחידת מידה,false,1,9.50,0.0000,true,1,42181
7290012983153,false,סילאן טבעי לחיץ 400 ג תמר כינרת,מנדלז סי.אר. פרודקשן,IL,סילאן טבעי 400 לחיץ,גרמים,400.00,100 גרם,false,1,17.90,4.4750,true,1,52347
7290013027399,false,לחם קמח מלא קל בתוספת שיפון 750 ג' אנג'ל,מאפיית שלמה א. אנג'ל,IL,לחם 100% קמח מלא קל בתוספת שיפון,גרמים,750.00,100 גרם,false,1,16.90,2.2533,true,1,17878
7290013068361,false,שמן זית אליעד כתית מ,אליעד,IL,שמן זית אליעד כתית מעולה 750 מל,מיליליטרים,750.00,"100 מ""ל",false,1,37.90,5.0533,true,1,47498
7290013068699,false,שמן זית כתית מעולה ע,בית הבד,IL,"שמן זית כתית מעולה עשיר אליעד 750מ""ל",מיליליטרים,750.00,"100 מ""ל",false,1,37.90,5.0533,true,1,50263
7290013068705,false,שמן זית כתית מעולה ק,בית הבד,IL,שמן זית כתית מעולה קטיפתי אליעד750 מל,מיליליטרים,750.00,"100 מ""ל",false,1,37.90,5.0533,true,1,50262
7290013083661,false,תרכובת מזון המשך לפעוטות שלב 1 Extra Care,מטרנה תעשיות ש.מ,IL,מטרנה אקסטרה קייר שלב 1 חיסכון,גרמים,700.00,100 גרם,false,1,64.90,9.2714,true,1,51680
7290013083678,false,תרכובת מזון המשך לפעוטות שלב 2 Extra Care,מולינו ניקולי s.p.a,IL,מטרנה אקסטרה קייר שלב 2 700 גרם,גרמים,700.00,100 גרם,false,1,64.90,9.2714,true,1,27199
7290013083685,false,תרכובת מזון המשך לפעוטות שלב 3 Extra Care,מטרנה תעשיות ש.מ,IL,מטרנה אקסטרה קייר שלב 3 700 גרם,גרמים,700.00,100 גרם,false,1,64.90,9.2714,true,1,26885
7290013117410,false,בצק פריך מרודד למאפים מתוקים 900 ג' מעדנות,מיוצר עי קונדיטוריית,IL,מארז בצק פריך מתוק 450 גר 2*,גרמים,900.00,100 גרם,false,1,27.90,3.1000,true,1,45659
7290013121028,false,לחם לבן ללא גלוטן גר,אביב קונדיטוריה מעול,IL,לחם לבן ללא גלוטן 500 גרם,גרמים,500.00,100 גרם,false,1,20.90,4.1800,true,1,22914
7290013121103,false,רביעיית שליש באגט ללא גלוטן,אביב קונדיטוריה מעול,IL,שליש בגט 4 יחידות 400 גרם,גרמים,400.00,100 גרם,false,1,19.90,4.9750,true,1,22915
7290013121110,false,רביעיית לחמניות בורגר ללא גלוטן,אביב קונדיטוריה מעול,IL,לחמניות בורגר ללא גלוטן רביעייה 350 גרם,גרמים,350.00,100 גרם,false,1,19.90,5.6857,true,1,22942
7290013121158,false,רביעיית לחמניות סנדביץ ללא גלוטן,אביב קונדיטוריה מעול,IL,לחמניות סנדוויץ ללא גלוטן רביעייה 460 גר,גרמים,460.00,100 גרם,false,1,19.90,4.3261,true,1,22943
7290013121769,false,רביעיית שליש באגט ללא תוספת סוכר וללא גלוטן,אביב קונדיטוריה מעול,IL,שליט בגט 400 גרם,גרמים,400.00,100 גרם,false,1,0.00,0.0000,true,1,56180
7290013121776,false,לחם כפרי ללא תוספת סוכר וללא גלוטן,אביב קונדיטוריה מעול,IL,לחם כפרי ללא גלוטן וללא סוכר,גרמים,700.00,100 גרם,false,1,21.90,3.1286,true,1,25006
7290013144393,false,"תמצית בטעם וניל מימונס 50 מ""ל",מיוצר עי קונדיטוריית,IL,מימונס תמצית אפיה בטעם וניל 50 מל,מיליליטרים,50.00,"100 מ""ל",false,1,4.90,9.8000,true,1,19392
7290013144409,false,"תמצית בטעם רום מימונס 50 מ""ל",מיוצר עי קונדיטוריית,IL,מימונס תמצית אפיה בטעם רום 50 מל,גרמים,50.00,100 גרם,false,1,4.90,9.8000,true,1,19393
7290013144416,false,"תמצית בטעם שקדים מימונס 50 מ""ל",מיוצר עי קונדיטוריית,IL,מימונס תמצית אפיה בטעם שקדים 50 מל,גרמים,50.00,100 גרם,false,1,4.90,9.8000,true,1,48178
7290013144508,false,"תמצית בטעם ורדים מימונס 50 מ""ל",מיוצר עי קונדיטוריית,IL,מימונס תמצית אפיה בטעם ורדים 50 מל,גרמים,50.00,100 גרם,false,1,9.90,19.8000,true,1,48986
7290013145017,true,אגוז מלך קלוף מימונס,מיוצר עי קונדיטוריית,IL,אגוז מלך קלוף מימונס 100גרם,גרמים,100.00,100 גרם,false,1,13.90,13.9000,true,1,51431
7290013145024,true,אגוז מלך טחון מימונס,מיוצר עי קונדיטוריית,IL,אגוז מלך טחון מימונס 100גרם,גרמים,100.00,100 גרם,false,1,15.90,15.9000,true,1,51432
7290013145048,true,צנוברים,מיוצר עי קונדיטוריית,IL,"מיימונס, צנוברים, 100 גרם",Unknown,0.00,Unknown,false,1,27.90,0.0000,true,1,52905
7290013145055,true,פרג שלם,א.ל ייצור ושיווק תבל,IL,פרג שלם,גרמים,100.00,100 גרם,false,1,7.50,7.5000,true,1,50443
7290013145109,true,שקד מולבן טחון 100גר,מיוצר עי קונדיטוריית,IL,"מיימונס, שקד מולבן טחון, 100 גרם",Unknown,0.00,Unknown,false,1,14.90,0.0000,true,1,50451
7290013145123,true,שקד מולבן פרוס,מיוצר עי קונדיטוריית,IL,מימונס שקד מולבן פרוס 100 גרם,Unknown,0.00,Unknown,false,1,14.90,0.0000,true,1,50452
7290013145178,true,קוקוס טחון לבן,מיוצר עי קונדיטוריית,IL,"מיימונס, קוקוס טחון לבן, 100 גרם",גרמים,100.00,100 גרם,false,1,4.90,4.9000,true,1,50447
7290013145192,true,שומשום,מיוצר עי קונדיטוריית,IL,"מימונס, שומשום, 100% טהור, 100 גרם",גרמים,100.00,100 גרם,false,1,5.20,5.2000,true,1,50905
7290013145628,false,סוכריות צבעוניות לקישוט מימונס 200 ג',א.ל ייצור ושיווק תבל,IL,סוכריות אדומות לקישוט 200גרם,גרמים,200.00,100 גרם,false,1,9.90,4.9500,true,1,50456
7290013145710,false,דובדבנים מסוכרים מימונס 100 ג',מיוצר עי קונדיטוריית,IL,דובדבנים מסוכרים לקישוט ואפייה,גרמים,100.00,100 גרם,false,1,8.90,8.9000,true,1,19403
7290013145840,false,סוכר וניל מימונס 10* 10 ג',מיוצר עי קונדיטוריית,IL,סוכר וניל 10 יח' בצלופן,גרמים,100.00,100 גרם,false,1,2.50,2.5000,true,1,19413
7290013145857,false,אבקת אפייה 10 יח' בצלופן,י. כהן בעמ,IL,אבקת אפיה 100 1/10 גר,גרמים,100.00,100 גרם,false,1,2.50,2.5000,true,1,20549
7290013145864,false,ג'לטין טהור מימונס 28 ג',א.ל ייצור ושיווק תבל,IL,"ג""לטין טהור אבקה בד""צ 28 גרם",גרמים,28.00,100 גרם,false,1,12.90,46.0714,true,1,29634
7290013145901,true,סודה לשתיה,א.ל ייצור ושיווק תבל,IL,"מיימונס, סודה לשתיה 100 גרם",Unknown,0.00,Unknown,false,1,2.90,0.0000,true,1,50449
7290013145918,false,אבקת סוכר מימונס 100 גר',א.ל. ייצור ושיווק תב,IL,מימונס אבקת סוכר ללא גלוטן 100 גרם,לא מנהל יחידת מידה,0.00,לא מנהל יחידת מידה,false,1,2.50,0.0000,true,1,48988
7290013145949,false,אבקת סוכר באריזת פטנט 250גר,מיוצר עי קונדיטוריית,IL,מימונס אבקת סוכר 250 גרם,גרמים,250.00,100 גרם,false,1,16.90,6.7600,true,1,29614
7290013145963,true,שמרים בואקום 125 ג,לה - סאף ייצור וסחר,CN,מימונס שמרים יבשים בואקום 125 גרם,גרמים,125.00,100 גרם,false,1,6.50,5.2000,true,1,50454
7290013145970,false,קורנפלור מימונס בשקית 200 ג',א.ל ייצור ושיווק תבל,IL,"מיימונס, קורנפלור בשקית 200 גרם",גרמים,200.00,100 גרם,false,1,3.90,1.9500,true,1,50457
7290013151209,false,קורנישון מלפפון בחומ,יוניקורן פיקלס,,קורנישון מלפפון בחומץ 690 גרם,גרמים,690.00,100 גרם,false,1,11.90,1.7246,true,1,30037
7290013153418,true,מיץ סחוט פריגת לימונ,גת,IL,סחוט לימונענע 1 ליטר,ליטרים,1.00,ליטר,false,1,19.90,19.9000,true,1,52560
7290013267665,false,מאגדת מיני סולרו פירות טרופי 6 יח' 354 ג',"מיוצר ע""י גלידת שטרא",IL,מיני סולרו פירות טרופים מאגדת 325 גרם,גרמים,408.00,100 גרם,false,1,28.90,7.0833,true,1,19543
7290013268020,false,סנו - מקסימה מרכך כביסה מרוכז אולטרה פרש 1 ליטר,"סנו מפעלי ברונוס בע""",IL,מרכך מרוכז א.פרש 1ל' 40 כביסות,ליטרים,1.00,ליטר,false,1,18.90,18.9000,true,1,16824
7290013268242,false,תרכיז ריחני לניקוי רצפות בריח מלון מפנק ריצפז פרש,"סנו מפעלו ברונוס בע""",IL,נוזל רצפות פרש הום מלון מפנק,ליטרים,2.00,ליטר,false,1,22.90,11.4500,true,1,48972
7290013268983,false,מרכך כביסה סופר מרוכז בבישום עוצמתי סנו מקסימה 1 ל',"סנו מפעלי ברונוס בע""",IL,מקסימה מרכך כביסה בבישום עוצמתי 1 ליטר,ליטרים,1.00,ליטר,false,1,18.90,18.9000,true,1,53304
7290013269003,false,מרכך כביסה סופר מרוכז בייבי לתינוקות ולעור רגיש,"סנו מפעלי ברונוס בע""",IL,מקסימה מרכך כביסה סופר מרוכז בייבי 1 ליטר,ליטרים,1.00,ליטר,false,1,18.90,18.9000,true,1,47786
7290013269287,false,סנו - מקסימה ג'ל כביסה מרוכז מאסק 3 ליטר,"סנו מפעלי ברונוס בע""",IL,"ג""ל כביסה מקסימה בניחוח מאסק 3 ליטר",ליטרים,3.00,ליטר,false,1,34.90,11.6333,true,1,25986
7290013269621,false,ריצפז פרש לניקוי רצפות בניחוח מלון בוטיק,מיוצר עי קונדיטוריית,IL,"סנו ריצפז, תרכיז ריחני לניקוי כל סוגי הרצפות",ליטרים,2.00,ליטר,false,1,22.90,11.4500,true,1,52049
7290013269638,true,ספוג הפלא אקסטרא,טרופיקל דגיל תעשיות,IL,סנו סושי - ספוג הפלא EXTRA,יחידה,1.00,יחידה,false,1,13.90,13.9000,true,1,26951
7290013269911,false,"סנו K-333 קוטל חרקים ללא ריח 750מ""ל","סנו מפעלי ברונוס בע""",IL,K-333,מיליליטרים,750.00,"100 מ""ל",false,1,28.90,3.8533,true,1,25985
7290013276124,false,בירה נגב אמבר אייל ח,"איי, בי, אינבוו",IL,"נגב, אמבר אייל, בירה, 330 מל",מיליליטרים,330.00,"100 מ""ל",false,1,15.90,4.8182,true,1,42166
7290013310057,false,"כוסות נייר 50 יח' 210מ""ל לשתיה חמה/קרה הוסטס",הוסטס Hostess,,כוסות נייר 50 יח לשתיה חמה קרה 210 מל,יחידה,1.00,יחידה,false,1,11.90,11.9000,true,1,54095
7290013310101,false,"שיפודי במבוק ג'מבו 50 יח' עובי 5 מ""מ אורך 30 ס""מ",הדקלאים אגודת שיתופי,CN,שיפודי במבוק ג'מבו 50 יחידות,Unknown,0.00,Unknown,false,1,5.90,0.0000,true,1,21182
7290013310170,false,כוסות נייר ML240 שתיה חם/קר הוסטס 50 יח',,,כוסות נייר משובחות לשתיה חם/קר 50 יחידות,Unknown,0.00,Unknown,false,1,14.90,0.0000,true,1,19697
7290013310576,false,"כוסות נייר 240-8BOZמ""ל שתיה חם/קר הוסטס 50 יח'",ACSP,CN,כוסות נייר 8 לשתייה חמה 50יח 240מל,יחידה,1.00,יחידה,false,1,11.90,11.9000,true,1,53202
7290013310590,false,מטלית הפלא 30X30 UNISUN חמישיה,יוניסאן,,מטלית הפלא 30*30 חמישייה,לא מנהל יחידת מידה,0.00,לא מנהל יחידת מידה,false,1,16.90,0.0000,true,1,20297
7290013358356,false,מאסטר שף - פירורי לחם מוזהבים 320 גרם,מנה י.א בעמ,IL,פירורי לחם מוזהבים 350 גרם מאסטר שף,גרמים,300.00,100 גרם,false,1,9.90,3.3000,true,1,56462
7290013358363,false,פירורי לחם פנקו מזוהבים מאסטר שף מנה 300 ג',קריניציה ויטמינה אס,IL,פירורי לחם יפנים פנקו 300 גרם,גרמים,300.00,100 גרם,false,1,10.80,3.6000,true,1,20097
7290013358417,false,"רוטב טיריאקי מאסטר שף אסייאתי 300 מ""ל",קריניציה ויטמינה אס,TH,מאסטר שף רוטב טריאקי אסייאתי 300 מל,מיליליטרים,300.00,"100 מ""ל",false,1,13.90,4.6333,true,1,26152
7290013358431,false,קרוטונים לסלט בתיבול עגבניות ובזיליקום,"עינת תעשיות מזון אג""",IL,מאסטר שף קרוטונים לסלט עגבניות בזיל 200ג,גרמים,200.00,100 גרם,false,1,13.90,6.9500,true,1,22305
7290013358462,false,"מיני קרוטונים למרק בתיבול שום, בצל ופטרוזיליה","עינת תעשיות מזון, אג",IL,"מאסטר שף, מיני קרוטונים למרק, 350 גרם",גרמים,350.00,100 גרם,false,1,21.90,6.2571,true,1,22292
7290013358486,false,פירורי לחם מוזהבים ללא צורך בביצה,"מיוצר ע""י מנה י.א בע",IL,פירורי לחם ללא צורך בביצה 300 גרם,גרמים,300.00,100 גרם,false,1,10.90,3.6333,true,1,23389
7290013358493,false,"קרם קוקוס מאסטר שף 400 מ""ל",תאי קוקונט פבליק קומ,TH,מאסטר שף קרם קוקוס 400 מל,מיליליטרים,400.00,"100 מ""ל",false,1,10.50,2.6250,true,1,26154
7290013358523,false,מאסטר שף שבבי בצל מטוגן 150ג,קריניציה ויטמינה אס,NL,מאסטר שף שבבי בצל מטוגן 150 גרם,גרמים,150.00,100 גרם,false,1,14.90,9.9333,true,1,24765
7290013358530,false,מאסטר שף אסייאתי רוטב צ'ילי מתוק 700 מל,קריניציה ויטמינה אס,TH,מאסטר שף רוטב צ'ילי מתוק 700 מל,מיליליטרים,700.00,"100 מ""ל",false,1,15.90,2.2714,true,1,26155
7290013358578,false,מאסטר שף אטריות אורז רחבות 5 ממ 400גר,ליינג טונג רייס פלוו,TH,מאסטר שף אטריות אורז רחבות 400 גרם,גרמים,400.00,100 גרם,false,1,10.90,2.7250,true,1,26157
7290013358585,false,נודלס ביצים מאסטר שף,הנסיך- מפעל לייצור ט,CN,מאסטר שף נודלס אטריות ביצים 400 גרם,גרמים,400.00,100 גרם,false,1,10.90,2.7250,true,1,26158
7290013430083,false,"בירה אלכסנדר בלונד 330 מ""ל",מנדלז סי.אר. פרודקשן,IL,אלכסנדר בירה ישראלית מעולה בלונד 330 מל,מיליליטרים,330.00,"100 מ""ל",false,1,14.90,4.5152,true,1,39431
7290013440648,false,מאגדת שלגוני אבטיח נסטלה 108X5ג',גלידות נסטלה (נגה גל,IL,שלגוני אבטיח מארז 5 יחידות,גרמים,540.00,100 גרם,false,1,29.50,5.4630,true,1,19503
7290013453068,false,עוגיות כוסמין ופירות,האי נאם סי או אל.טי.,IL,עוגיות כוסמין ופירות יער,לא מנהל יחידת מידה,0.00,לא מנהל יחידת מידה,false,1,26.90,0.0000,true,1,46390
7290013453082,true,עוגיות כוסמין שוקולד,האי נאם סי או אל.טי.,IL,דני וגלית עוגיות כוסמין שוקולדצ'יפס 230 גרם,לא מנהל יחידת מידה,0.00,לא מנהל יחידת מידה,false,1,26.90,0.0000,true,1,46389
7290013453105,true,עוגיות לתה קמח מלא v,דני וגלית בעמ,IL,עוגיות לתה קמח מלא vegan,גרמים,250.00,100 גרם,false,1,25.90,10.3600,true,1,46393
7290013453136,true,עוגיות טבעוני כוסמין,האי נאם סי או אל.טי.,IL,דני וגלית עוגיות כוסמין שטרודל תפוחים 230 גרם,לא מנהל יחידת מידה,0.00,לא מנהל יחידת מידה,false,1,26.90,0.0000,true,1,46394
7290013453150,false,עוגיות קוקוס ואגוזי,האי נאם סי או אל.טי.,IL,דני וגלית עוגיות קוקוס ואגוזי לוז,יחידה,1.00,יחידה,false,1,26.90,26.9000,true,1,46391
7290013453259,false,חטיפי חמאת קוקוס ושו,האי נאם סי או אל.טי.,IL,חטיפי חמאת קוקוס ושוקולדצ'יפס,גרמים,230.00,100 גרם,false,1,29.90,13.0000,true,1,46392
7290013453587,true,עוגיות גרנולה שוקוצי,האי נאם סי או אל.טי.,IL,דני וגלית עוגיות גרנולה ושוקולדצ'יפס 230 גרם,לא מנהל יחידת מידה,0.00,לא מנהל יחידת מידה,false,1,26.90,0.0000,true,1,46396
7290013453594,true,עוגיות גרנולה חמוציו,האי נאם סי או אל.טי.,IL,דני וגלית עוגיות גרנולה חמוציות וקשיו 230 גרם,לא מנהל יחידת מידה,0.00,לא מנהל יחידת מידה,false,1,26.90,0.0000,true,1,46395
7290013453624,true,עוגיות שוקולד ציפס מ,האי נאם סי או אל.טי.,IL,עוגיות שוקולד ציפס מ,לא מנהל יחידת מידה,0.00,לא מנהל יחידת מידה,false,1,29.90,0.0000,true,1,46398
7290013453631,false,עוגיות חמאת בוטנים ושוקולד מפצפוצי אורז מלא,האי נאם סי או אל.טי.,IL,כדורי חמאת בוטנים שוקולדציפס ללג 230גרם,גרמים,230.00,100 גרם,false,1,28.90,12.5652,true,1,46402
7290013453648,true,עוגיות פירות יער מקמ,האי נאם סי או אל.טי.,IL,עוגיות פירות יער מקמ,לא מנהל יחידת מידה,0.00,לא מנהל יחידת מידה,false,1,26.90,0.0000,true,1,46397
7290013453655,false,עוגיות קוקוס ולוז מקמח שקדים וקמח אורז מלא,האי נאם סי או אל.טי.,IL,עוגיות קוקוס ולוז מקמח שקדים וקמח אורז מלא,לא מנהל יחידת מידה,0.00,לא מנהל יחידת מידה,false,1,29.90,0.0000,true,1,46341
7290013531759,false,שעועית אפויה במים 550 ג' יכין,"זנלכל בע""מ",IL,שעועית אפויה במים יכין 310 גרם,גרמים,310.00,100 גרם,false,1,9.90,3.1935,true,1,49090
7290013585233,false,"ספרייט זירו פחית סליק 330 מ""ל",קוקה קולה Coca Cola,IL,"גזוז בטעם לימון ליים דל קלוריות 330 מ""ל",מיליליטרים,330.00,"100 מ""ל",false,1,5.90,1.7879,true,1,25444
7290013585387,false,קוקה קולה זירו בקבוק,החברה המרכזית לייצור,IL,ZERO תריסר 1 ליטר,ליטרים,1.00,ליטר,false,1,8.50,8.5000,true,1,25330
7290013585394,false,קוקה קולה קלאסי,החברה המרכזית לייצור,IL,קוקה קולה 1 ליטר תריסר,ליטרים,1.00,ליטר,false,1,8.50,8.5000,true,1,25329
7290013608260,false,פרימור מיץ רימונים 100% סחוט טרי 1ל',"גניר (1992) בע""מ",IL,7290068700001,ליטרים,1.00,ליטר,false,1,25.90,25.9000,true,1,23240
7290013645272,false,נשיקות,מוצרי הכט,IL,נשיקות שרהלה 100גרם,גרמים,100.00,100 גרם,false,1,21.90,21.9000,true,1,48051
7290013645500,false,מקלות מלוחים 230 גרם,מוצרי הכט,IL,מקלות מלוחים 230 גרם,גרמים,230.00,100 גרם,false,1,24.90,10.8261,true,1,48049
7290013645531,false,עוגיות מזרחיות עם שו,מוצרי הכט,IL,עוגיות מזרחיות עם שומשום 230 גרם,גרמים,230.00,100 גרם,false,1,24.90,10.8261,true,1,48050
7290013645715,false,עוגיות סנדוויץ ריבה,מוצרי הכט,IL,עוגיות סנדוויץ ריבה שרהלה 250גרם,גרמים,250.00,100 גרם,false,1,29.90,11.9600,true,1,48052
7290013702418,false,"שוופס מוגז עדין אפרסק זכוכית 330 מ""ל",יפאורה תבורי בעמ,IL,"שוופס מוגז עדין אפרסק 330 מ""ל זכוכית",מיליליטרים,330.00,"100 מ""ל",false,1,6.90,2.0909,true,1,41228
7290013702425,false,"שוופס מוגז עדין פירות יער זכוכית 330 מ""ל",יפאורה תבורי בעמ,IL,"שוופס מוגז עדין פירות יער 330 מ""ל זכוכית",מיליליטרים,330.00,"100 מ""ל",false,1,6.90,2.0909,true,1,41229
7290013702708,false,"שוופס מוגז עדין אננס זכוכית 330 מ""ל",יפאורה תבורי בעמ,IL,"שוופס מוגז עדין אננס 330 מ""ל זכוכית",מיליליטרים,330.00,"100 מ""ל",false,1,6.90,2.0909,true,1,39973
7290013713032,false,בירה ג'מס בקבוקי חיט,"אביר הבר בע""מ",IL,בירה ג'מס חיטה מעוננת 330 מל,מיליליטרים,330.00,"100 מ""ל",false,1,14.90,4.5152,true,1,41457
7290013713049,false,בירה גמס חזקה בק 330,"אביר הבר בע""מ",IL,"בירה ג'מס חזקה מאד 8.8, 330 מל",מיליליטרים,330.00,"100 מ""ל",false,1,14.90,4.5152,true,1,41458
7290013724946,false,משוקלדים שקד מריר 160 גר' קופסא,"דין שיווק וקליה בע""מ",IL,משוקלדים שקד מריר 140 גר קופסא,גרמים,140.00,100 גרם,false,1,11.90,8.5000,true,1,22743
7290013724977,false,משוקולדים צימוק מריר 140 ג' קופסא,"דין שיווק וקליה בע""מ",IL,משוקלדים צימוק מריר 140 גר קופסא,גרמים,140.00,100 גרם,false,1,11.90,8.5000,true,1,22739
7290013724991,false,משוקולדים לוז חלב 160 גר' סקופסא,דין שיווק,IL,משוקלדים לוז חלב 140 גר קופסא,גרמים,140.00,100 גרם,false,1,11.90,8.5000,true,1,53707
7290013725820,false,משוקלדים לוז מריר 160 גר' קופסא,"דין שיווק וקליה בע""מ",IL,אגוזי לוז בציפוי שוקולד מריר 140 גרם,גרמים,140.00,100 גרם,false,1,11.90,8.5000,true,1,22735
7290013746238,false,עוגיות ציפס קוקיס מכ,"דגן מיני מזונות בע""מ",IL,עוגיות צ'יפס קוקיס מכוסמין,גרמים,300.00,100 גרם,false,1,34.90,11.6333,true,1,43619
7290013746504,false,מקלוני כוסמין עשבי ת,"דגן מיני מזונות בע""מ",IL,מקלוני כוסמין עשבי תיבול דגן,גרמים,200.00,100 גרם,false,1,29.90,14.9500,true,1,43612
7290013746672,false,עוגיות כוסמין ואגוזי,דגן מיני מזונות,IL,עוגיות כוסמין אגוזים וקוקוס,גרמים,300.00,100 גרם,false,1,34.90,11.6333,true,1,43618
7290013746689,false,עוגיות שיבולת שועל ו,פרוטרופיק סיה.,IL,"עוגיות שיבולת שועל ואוכמניות לל""ס 250 גר",גרמים,250.00,100 גרם,false,1,34.90,13.9600,true,1,43617
7290013746788,false,מקלוני כוסמין עגבניה,פרוטרופיק סיה.,IL,מקלוני כוסמין עגבניה ואורגנו דגן,גרמים,200.00,100 גרם,false,1,29.90,14.9500,true,1,43613
7290013746795,false,מקלוני כוסמין קצח וצ,פרוטרופיק סיה.,IL,מקלוני כוסמין קצח וציה דגן,גרמים,200.00,100 גרם,false,1,29.90,14.9500,true,1,43614
7290013847553,false,נתחי טונה בהירה במים דל נתרן - מארז רביעיה,"סטארקיסט פודור בע""מ",TH,טונה במים דל נתרן,גרמים,640.00,100 גרם,false,1,29.90,4.6719,true,1,42729
7290013847645,false,סטארקיסט טונה בשמן זית 80 גר' שלישיות - בית,סטארקיסט Starkist,TR,סטארקיסט טונה בשמן זית 3 יח 80 גרם,גרמים,240.00,100 גרם,false,1,18.90,7.8750,true,1,47291
7290013848345,false,מארז מטליות לחיטוי וניקוי יסודי אנטיבקטריאלי 99.9%,סנו מפעלי ברונוס בעמ,IL,מטליות לחות שלישייה לניקוי 99%,לא מנהל יחידת מידה,0.00,לא מנהל יחידת מידה,false,1,21.90,0.0000,true,1,49828
7290013883407,false,"מרסס דזיטול לחיטוי כללי 750 מ""ל",יעקבי - דזיטול Desytol,ES,יעקבי דזיטול ספריי מחטא ומשמיד חיידקים 750 מל,מיליליטרים,500.00,"100 מ""ל",false,1,21.90,4.3800,true,1,25689
7290013903075,false,בולגרית טבעונית ליב,ביוט איילנד פודס אל,,בולגרית טבעונית ליב 200 גרם,גרמים,200.00,100 גרם,false,1,23.90,11.9500,true,1,41081
7290013903266,false,תערובת פירות יער אור,פריגו,,תערובת פירות יער אורגנית 350 גרם,גרמים,350.00,100 גרם,false,1,21.90,6.2571,true,1,46571
7290013903273,false,אדממה אורגני פולי סו,זהג'יאנג קינגסור פוד,CN,"ליב, אדממה אורגני, 400 גרם",גרמים,400.00,100 גרם,false,1,12.90,3.2250,true,1,46572
7290013903402,false,קממבר טבעונית ליב 20,ביוט איילנד פודס אל,,קממבר טבעונית ליב 200 גרם,גרמים,200.00,100 גרם,false,1,23.90,11.9500,true,1,41084
7290013906052,false,נקניקיות פרגיות טירת צבי 300 גר',הנסיך- מפעל לייצור ט,IL,נקניקיות פרגיות 300 גרם,גרמים,300.00,100 גרם,false,1,16.90,5.6333,true,1,41332
7290013906441,false,קבנוס 120 ג' טירת צבי,הנסיך- מפעל לייצור ט,IL,קבנוס נקניק מעושן יבש 120 גרם,גרמים,120.00,100 גרם,false,1,12.90,10.7500,true,1,21845
7290013906458,false,קבנוס טעם פיקנטי טירת צבי 120 ג',הנסיך- מפעל לייצור ט,IL,טירת צבי קבנוס פיקנטי נקניק מעושן יבש 120 גרם,גרמים,120.00,100 גרם,false,1,12.90,10.7500,true,1,21846
7290013906489,false,חטיפי מיני קבנוס 120 ג' טירת צבי,הנסיך- מפעל לייצור ט,IL,טירת צבי חטיפי מיני קבנוס 120 גרם,גרמים,120.00,100 גרם,false,1,12.90,10.7500,true,1,21847
7290013906496,false,פסטרמה עגל בסגנון רומני,הנסיך- מפעל לייצור ט,IL,פסטרמה עגל בסגנון רומני 120 גרם,גרמים,120.00,100 גרם,false,1,16.90,14.0833,true,1,25538
7290013906519,false,טירת צבי פרושוטו בקר,הנסיך- מפעל לייצור ט,IL,פרושוטו בקר 100 גרם,גרמים,100.00,100 גרם,false,1,28.90,28.9000,true,1,25539
7290013927637,false,חלווה ללא תוספת סוכר 400 גר' אחוה,אחדות ביחר לטחינה חל,IL,אחוה חלוה ללא תוספת סוכר 400 גרם,גרמים,400.00,100 גרם,false,1,16.90,4.2250,true,1,49066
7290013971555,false,מארז פוגיקום 8+4,פוג'יקום,,מארז פוגיקום 8+4,לא מנהל יחידת מידה,0.00,לא מנהל יחידת מידה,false,1,19.90,0.0000,true,1,42126
7290014002135,false,תה ויסוצקי ירוק מיקס 5 טעמים 25 יח',HIQ FOOD PRODUCTS,IL,תה ירוק מיקס - חדש 2015,גרמים,37.00,100 גרם,false,1,26.90,72.7027,true,1,21858
7290014002203,false,תה ויסוצקי חליטת לימונית ולואיזה 20יח',HIQ FOOD PRODUCTS,IL,חליטת לימונית לואיזה - הגן הקסום,גרמים,37.00,100 גרם,false,1,19.90,53.7838,true,1,21859
7290014002944,false,גן קסום חליטת פירות וצמחים חמדת שקד 25 שקיקים,HIQ FOOD PRODUCTS,IL,"תה ויסוצקי,חליטת חמדת השקד - ""הגן הקסום""",גרמים,50.00,100 גרם,false,1,19.90,39.8000,true,1,52205
7290014002982,false,תה ירוק לימונית לואיזה בתוספת עלי סטיביה 25 שקיקים,ויסוצקי ירוק,IL,תה ירוק לימונית סטיביה T.T,גרמים,37.00,100 גרם,false,1,26.90,72.7027,true,1,22618
7290014046016,false,פסטרמה של פעם דל שומן 2% רכיבים טבעיים,מעדני יחיעם,IL,יחיעם פסטרמה של פעם 250 גרם,גרמים,250.00,100 גרם,false,1,29.90,11.9600,true,1,45995
7290014046580,false,פסטרמה מעודנת על גחלים 300 ג' יחיעם,מעדני יחיעם 1993,IL,פסטרמה הודו מעושנת על האש יחיעם300 גרם,גרמים,300.00,100 גרם,false,1,22.90,7.6333,true,1,42868
7290014066359,false,לנדוור-קפסולות אספרסו בלנסד(06) - 10יח'12X יח,האחים פלם הגפן,IL,קפסולות אספרסו לנדוור בלאנסד 10יח,גרמים,50.00,100 גרם,false,1,18.90,37.8000,true,1,44710
7290014066366,false,לנדוור-קפסולות אספרסו ריסטרטו(08) - 10יח'12X יח,קפה לנדוור,IL,קפסולות לנדוור,גרמים,50.00,100 גרם,false,1,18.90,37.8000,true,1,44709
7290014066373,false,לנדוור-קפסולות אספרסו קלאסיק(09) - 10יח'12X יח,קפה לנדוור,IL,קפסולות אספרסו לנדוור קלאסי 10יח,גרמים,50.00,100 גרם,false,1,18.90,37.8000,true,1,44708
7290014066380,false,לנדוור-קפסולות אספרסו סופרימו(10) - 10יח'12X יח,קפה לנדוור,IL,קפסולות אספרסו לנדוור סופרימו 10יח,גרמים,50.00,100 גרם,false,1,18.90,37.8000,true,1,44707
7290014066441,false,לנדוור-קפסולות אספרסו נטול קפאין(07) - 10יח'12X יח,קפה לנדוור,IL,לנדוור-קפסולות אספרסו נטול קפאין 10 יח,יחידה,10.00,יחידה,false,1,18.90,1.8900,true,1,47965
7290014066526,false,לנדוור-קפסולות אספרסו תערובת הבית(11) - 10יח'12X יח,קפה לנדוור,IL,לנדוור-קפסולות אספרסו תערובת הבית,יחידה,10.00,יחידה,false,1,18.90,1.8900,true,1,47963
7290014066533,false,לנדוור-קפסולות אספרסו קלייה כפולה(12) - 10יח'12X יח,לנדוור,IL,לנדוור-קפסולות אספרסו קלייה כפול 10 יח,יחידה,10.00,יחידה,false,1,18.90,1.8900,true,1,47964
7290014079014,false,לבבות קיסר ארוז נספק,"מרינה פטריות הגליל בע""מ",IL,חסה לבבות קיסר,גרמים,300.00,100 גרם,false,1,12.90,4.3000,true,1,19592
7290014079144,false,קייל ארוז,חקלאי,IL,קייל ארוז,גרמים,250.00,100 גרם,false,1,9.90,3.9600,true,1,23653
7290014079328,false,לוף רגיל ארוז ליח (מ,"מרינה פטריות הגליל בע""מ",IL,לוף/כרישה קצוץ יח,גרמים,500.00,100 גרם,false,1,9.90,1.9800,true,1,22339
7290014079526,false,כרובית ארוזה יח,חקלאי,IL,כרובית ארוזה יח,קילוגרמים,1.50,"ק""ג",false,1,14.90,9.9333,true,1,41803
7290014079854,false,זוג לבבות חסה ארץ הג,"מרינה פטריות הגליל בע""מ",IL,לבבות חסה,גרמים,700.00,100 גרם,false,1,14.90,2.1286,true,1,27743
7290014082434,false,תמר מגהול 400 גרם,חקלאי,IL,תמר מגהול 400 גרם,גרמים,400.00,100 גרם,false,1,19.90,4.9750,true,1,42711
7290014083479,false,גבינת גאודה פרוסות 150 גרם 29% שומן,ג.וילי פוד אינטרנשיו,IL,גבינת גאודה פרוסות 150גרם 27%,גרמים,150.00,100 גרם,false,1,13.90,9.2667,true,1,26614
7290014083806,false,עוגיות בטעם חמאה .400 ג',דן קייק,PT,עוגיות פח 350 ג ויליפוד,גרמים,350.00,100 גרם,false,1,16.90,4.8286,true,1,26973
7290014092532,false,פלחי דלעת מרינה,"מרינה פטריות הגליל בע""מ",IL,דלעת חתוכה ליח,גרמים,850.00,100 גרם,false,1,9.90,1.1647,true,1,28861
7290014094260,false,שיני שום קלוף קמעונאי,"מרינה פטריות הגליל בע""מ",IL,שום מקולף 170 גרם,גרמים,170.00,100 גרם,false,1,14.90,8.7647,true,1,30174
7290014094352,false,אגוזי מלך בקופסא 200 ג',"דין שיווק וקליה בע""מ",,אגוז מלך טבעי בקופסא 200 גרם,גרמים,200.00,100 גרם,false,1,19.90,9.9500,true,1,53625
7290014094369,false,ששון הקולה שקד טבעי,"דין שיווק וקליה בע""מ",IL,שקד טבעי בקופסא 200 גרם,גרמים,200.00,100 גרם,false,1,22.90,11.4500,true,1,53621
7290014094376,false,שזיפים ללא גלעין ששו,"דין שיווק וקליה בע""מ",,שזיפים ללא גלעין בקופסא 250 גרם,גרמים,250.00,100 גרם,false,1,21.90,8.7600,true,1,22729
7290014094383,false,משמש מיובש ששון הקול,"דין שיווק וקליה בע""מ",,משמש מיובש בקופסא 250 גרם,גרמים,250.00,100 גרם,false,1,22.90,9.1600,true,1,22730
7290014094390,false,חמוציות מסוכרות ששון,"דין שיווק וקליה בע""מ",,חמוציות בקופסא 250 גרם,גרמים,250.00,100 גרם,false,1,15.90,6.3600,true,1,53626
7290014094406,false,צימוק לבן 330 ג' בקופסא,"דין שיווק וקליה בע""מ",,צימוק לבן בקופסא 330 גרם,גרמים,330.00,100 גרם,false,1,16.90,5.1212,true,1,54096
7290014094628,false,פקאן טבעי 200 ג' בקופסא,ששון הקולה,,פקאן טבעי 200 קופסא,גרמים,200.00,100 גרם,false,1,29.90,14.9500,true,1,54099
7290014094642,false,קשיו טבעי גדול בקופס,"דין שיווק וקליה בע""מ",,קשיו טבעי בקופסא 250 גרם,גרמים,250.00,100 גרם,false,1,27.90,11.1600,true,1,22734
7290014094796,false,משמש מיובש ששון הקול,"דין שיווק וקליה בע""מ",,משמש בשקית 300 גרם,גרמים,300.00,100 גרם,false,1,18.90,6.3000,true,1,53598
7290014094826,false,שזיפים מיובשים מגולע,"דין שיווק וקליה בע""מ",,שזיף מגולען 300 גרם,גרמים,300.00,100 גרם,false,1,17.90,5.9667,true,1,53599
7290014094833,false,צימוקים בהירים ששון,"דין שיווק וקליה בע""מ",,צימוק לבן שקית 300 גרם,גרמים,300.00,100 גרם,false,1,15.90,5.3000,true,1,53600
7290014094857,false,פקאן סיני מסוכר ששון,"דין שיווק וקליה בע""מ",IL,פקאן סיני מסוכר 150 גרם,גרמים,150.00,100 גרם,false,1,19.90,13.2667,true,1,53536
7290014094864,false,פיסטוק קלוי ששון הקו,"דין שיווק וקליה בע""מ",IL,פיסטוק קלוי 170גרם,גרמים,170.00,100 גרם,false,1,22.90,13.4706,true,1,53576
7290014094895,true,אגוזים קלופים 150 גר,דין שיווק,IL,אגוזים קלופים 150 גרם,גרמים,150.00,100 גרם,false,1,14.90,9.9333,true,1,53523
7290014094901,false,פקאן טבעי ששון הקולה,"דין שיווק וקליה בע""מ",IL,פקאן טבעי 150גרם,גרמים,150.00,100 גרם,false,1,22.90,15.2667,true,1,53574
7290014095861,false,שיבולת שועל דקה להכנה מהירה,"דין שיווק וקליה בע""מ",IL,שיבולת שועל דקה 500 גרם שקדיה,גרמים,500.00,100 גרם,false,1,6.90,1.3800,true,1,23571
7290014095946,true,משוקלדים פקאן מריר 1,"שקדיה גבע בע""מ",IL,משוקלדים פקאן מריר 140 גר קופסא,גרמים,140.00,100 גרם,false,1,11.90,8.5000,true,1,53708
7290014095953,false,משוקלדים פקאן בשוקולד חלב 140 ג',שקדיה גבע בתעשיות עמ,IL,משוקלדים פקאן חלב 140 גר קופסא,גרמים,140.00,100 גרם,false,1,11.90,8.5000,true,1,53699
7290014095960,false,שיבולת שועל עבה להכנה מהירה,"דין שיווק וקליה בע""מ",IL,שיבולת שועל עבה 500 גרם שקדיה,גרמים,500.00,100 גרם,false,1,6.90,1.3800,true,1,25117
7290014217003,false,תבלין פפריקה מעושנת מיכל 90ג',תות ממתקי איכות,IL,"תבליני טעם וריח, פפריקה בטעם מעושן, 90 גרם",גרמים,90.00,100 גרם,false,1,10.90,12.1111,true,1,50685
7290014217065,false,תבלין אורגנו עלים 30 גר',תות ממתקי איכות,IL,תבליני טעם וריח אורגנו 100% 30 גרם,Unknown,0.00,Unknown,false,1,10.90,0.0000,true,1,20138
7290014217140,false,תבלין ראס אל חנות טעם וריח 100ג',תות ממתקי איכות,IL,תבליני טעם וריח ראס אל חנות 100 גרם,גרמים,100.00,100 גרם,false,1,10.90,10.9000,true,1,50688
7290014217157,false,תערובת תיבול טוסקנה מיכל 120 גר,תות ממתקי איכות,IL,תבליני טעם וריח תערובת תיבול טוסקנה 120 גרם,גרמים,120.00,100 גרם,false,1,10.90,9.0833,true,1,48153
7290014217164,false,תבלין פטרוזיליה מיכל גדול 20 ג',תות ממתקי איכות,IL,תבליני טעם וריח פטרוזיליה 100% 20 גרם,גרמים,20.00,100 גרם,false,1,10.90,54.5000,true,1,50689
7290014217201,false,תערובת תיבול סומק 45 ג',תות ממתקי איכות,IL,תבליני טעם וריח מיכל קטן סומק 45 גרם,גרמים,45.00,100 גרם,false,1,6.90,15.3333,true,1,45521
7290014217225,false,תבלין גריל עוף מיכל 120גר,תות ממתקי איכות,IL,"תבליני טעם וריח, תערובת תיבול גריל עוף, 120 גרם",גרמים,120.00,100 גרם,false,1,10.90,9.0833,true,1,23174
7290014217263,false,תערובת תיבול לפרגיות 100ג',תות ממתקי איכות,IL,"תבליני טעם וריח תערובת תיבול לפרגיות, 100 גרם",גרמים,100.00,100 גרם,false,1,10.90,10.9000,true,1,28116
7290014217386,false,מרינדה צ'ילי חריף 80 גר',תבליני טעם וריח,IL,תבליני טעם וריח תערובת תיבול למרינדת עוף 80 גרם,גרמים,80.00,100 גרם,false,1,12.90,16.1250,true,1,52342
7290014217478,false,תערובת עשבי תיבול איטלקי ים תיכוני 30ג',תות ממתקי איכות,IL,עשבי תיבול איטלקי ים תיכוני 30 גרם,גרמים,30.00,100 גרם,false,1,10.90,36.3333,true,1,28532
7290014217485,false,תערובת תיבול קייג'ון,תות ממתקי איכות,IL,"תבליני טעם וריח, קיי'גון",גרמים,100.00,100 גרם,false,1,10.90,10.9000,true,1,46640
7290014217492,false,תבלין פילדלפיה תערובת 100 גר,תות ממתקי איכות,IL,תבליני טעם וריח תערובת תיבול פילדלפיה 100 גרם,גרמים,100.00,100 גרם,false,1,10.90,10.9000,true,1,46641
7290014218932,false,חטיפי פיצה בתוספת זיתים 710 ג' מעדנות,מיוצר עי קונדיטוריית,IL,חטיפי פיצה בתוספת זיתים בשקית 710 גרם,גרמים,710.00,100 גרם,false,1,37.90,5.3380,true,1,46763
7290014256620,false,יין אדום מתוק מבעבע Buzz קריניאנו,יקבי כרמל Carmel Winery,IL,"יין BUZZ קריניאנו 750 מ""ל",מיליליטרים,750.00,"100 מ""ל",false,1,29.90,3.9867,true,1,25303
7290014256637,false,יין לבן מתוק מבעבע Buzz מוסקטו,יקבי כרמל Carmel Winery,IL,"יין BUZZ מוסקטו 750 מ""ל",מיליליטרים,750.00,"100 מ""ל",false,1,29.90,3.9867,true,1,25304
7290014397507,false,"מטהר אויר פרש הום פריחת יסמין 350מ""ל",מיוצר עי קונדיטוריית,IL,סנו פרש מבשם לבית מאסק מעודן 350 מל,מיליליטרים,350.00,"100 מ""ל",false,1,16.90,4.8286,true,1,52041
7290014397514,false,"סנו פרש הום מבשם כותנה מלטפת 350מ""ל","סנו מפעלי ברונוס בע""",IL,פרש הום מבשם לבית כותנה מלטפת 350 מל,מיליליטרים,350.00,"100 מ""ל",false,1,16.90,4.8286,true,1,52042
7290014397767,false,סנו ריצפז פרש הום 2 ליטר בניחוח כותנה-מרכז,"סנו מפעלי ברונוס בע""",IL,ריצפז פרש הום כותנה מלטפת 2 ליטר,ליטרים,2.00,ליטר,false,1,22.90,11.4500,true,1,25987
7290014455245,false,גבינת גרנה פדנו משולש 29% 200 גרם בית יוסף,מחלבת סוציאלה מנטובה,IT,גבינת פדנו משולש 200 גרם גד,גרמים,200.00,100 גרם,false,1,27.90,13.9500,true,1,27291
7290014455252,false,גבינה קשה מגורדת גרנה פדנו 29% שומן,מחלבות גד שיווק 1992,IT,גד גרנה פדנו גבינה קשה מגוררדת 29% שומן,גרמים,100.00,100 גרם,false,1,13.90,13.9000,true,1,27292
7290014455320,false,גבינה כדורי מוצרלה פרסקה גד 100ג',מחלבות גד בעמ,IL,גד מוצרלה פרסקה מחלב בקר 18% שומן,גרמים,100.00,100 גרם,false,1,10.90,10.9000,true,1,25346
7290014459632,false,"צ'יפס טוגן תפוגן 1.5 ק""ג",עיצובים 2020 (4.5),IL,ציפס טוגן 1.5קג,קילוגרמים,1.50,"ק""ג",false,1,22.90,15.2667,true,1,56479
7290014462601,false,אבוקדו האס 400 גרם,מרינה,IL,אבוקדו האס 400 גרם,גרמים,400.00,100 גרם,false,1,9.90,2.4750,true,1,56513
7290014466609,false,יין גמלא מרלו 2012 750 מ,יקב רמת הגולן,IL,"גמלא השמורה מרלו 2016 יין אדום יבש, 750 מל",מיליליטרים,750.00,"100 מ""ל",false,1,79.90,10.6533,true,1,27514
7290014472228,false,תאנים בקופסא 330גרם,"דין שיווק וקליה בע""מ",,תאנים בקופסא 330 גרם,גרמים,330.00,100 גרם,false,1,25.90,7.8485,true,1,53627
7290014472235,false,פקאן סיני מסוכר בקופ,ששון הקולה,,פקאן סיני 200 גרם,גרמים,200.00,100 גרם,false,1,29.90,14.9500,true,1,54100
7290014472488,false,שקד קלוי ענק 250גר' פרימיום,דין שיווק,IL,שקד קלוי ענק 250גרם פרימיום,גרמים,250.00,100 גרם,false,1,29.90,11.9600,true,1,53591
7290014472495,false,קשיו קלוי ענק פרימיו,דין שיווק,IL,קשיו קלוי ענק 250גרם פרימיום,גרמים,250.00,100 גרם,false,1,27.90,11.1600,true,1,53590
7290014472501,false,פיסטוק קלוי ענק 250 ג' פרימיום,דין שיווק,IL,פיסטוק קלוי ענק פרימיום 250גרם,גרמים,250.00,100 גרם,false,1,29.90,11.9600,true,1,53589
7290014472518,false,בוטן קלוי ענק פרימיו,דין שיווק,IL,בוטן קלוי ענק פרימיום 250גרם,גרמים,250.00,100 גרם,false,1,11.90,4.7600,true,1,53587
7290014472525,false,תערובת פיצוחים מובחר,דין שיווק,IL,תערובת פיצוחים 250 גרם פרימיום,גרמים,250.00,100 גרם,false,1,25.90,10.3600,true,1,53592
7290014503137,false,יין דלתון יובלים אדו,"איי, בי, אינבוו",IL,"יין דלתון כנען אדום 750 מ""ל",מיליליטרים,750.00,"100 מ""ל",false,1,52.90,7.0533,true,1,29607
7290014503144,false,יין דלתון יובלים לבן,"איי, בי, אינבוו",IL,"יין דלתון כנען לבן 750 מ""ל",מיליליטרים,750.00,"100 מ""ל",false,1,49.90,6.6533,true,1,29608
7290014581036,false,"פחם דליק 2 ק""ג",,,"פחם להבה 2 ק""ג",קילוגרמים,2.00,"ק""ג",false,1,16.90,8.4500,true,1,49838
7290014603028,false,שלגון סולרו שרבט תות-חלבי,"מיוצר ע""י גלידת שטרא",IL,שלגון סולרו וניל ציפוי תות,גרמים,76.00,100 גרם,false,1,11.90,15.6579,true,1,20892
7290014648906,false,לה בלה מסיר לק מהציפ,אקטיב,IL,"אציטון לה בל 100 מ""ל",מיליליטרים,100.00,"100 מ""ל",false,1,5.90,5.9000,true,1,50273
7290014692299,false,גבינת ברי 125 ג' קסטיאלו ויליפוד,יורו צ'יז Euro Cheese,DK,גבינת ברי קסטלו יורו 125 גרם,גרמים,125.00,100 גרם,false,1,22.90,18.3200,true,1,26975
7290014692305,false,גבינת קממבר 125ג' CASTELLO ויליפוד,הנסיך- מפעל לייצור ט,DK,גבינת קממבר סטלו יורו 125 גרם,גרמים,125.00,100 גרם,false,1,22.90,18.3200,true,1,30044
7290014692565,false,וילי פוד גרעיני תירס 320 גרם,אקו קונסרויפרי קי.אפ,HU,ויליפוד גרעיני תירס מתוק 320 גרם,גרמים,320.00,100 גרם,false,1,6.50,2.0313,true,1,26647
7290014692817,false,גבינת מוצרלה מגורדת 200 ג' EURO CHEESE ויליפוד,הנסיך- מפעל לייצור ט,IL,גבינת מוצרלה מגורדת 200גרם E,גרמים,200.00,100 גרם,false,1,17.90,8.9500,true,1,26976
7290014725348,false,"סוכרזית קלאסי 100 שקיות כש""לפ",סוכרזית Sucrazit,IL,"סוכרזית קלאסי, ממתיק בטעם הקלאסי 100 שקיות",גרמים,100.00,100 גרם,false,1,14.90,14.9000,true,1,23679
7290014738652,false,"ערק ערנבים 700 מ""ל",אליס בראנפמן,IL,"ערק ערנבים 700 מ""ל",מיליליטרים,700.00,"100 מ""ל",false,1,79.90,11.4143,true,1,55472
7290014749245,false,ספיישל רצועות שניצל שומשום עוף טוב 600 גרם,מוצרי עוף טוב (2001),IL,עוף טוב ספיישל רצועות שניצל שמשם.12*600ג,גרמים,600.00,100 גרם,false,1,39.90,6.6500,true,1,49523
7290014749788,false,רצועות שניצל בציפוי צ'יפס צ'ונגו 600 ג' עוף טוב,מוצרי עוף טוב (2001),IL,עוף טוב צונגו רצועות שניצל ציפס600ג,לא מנהל יחידת מידה,0.00,לא מנהל יחידת מידה,false,1,39.90,0.0000,true,1,50068
7290014758100,false,מאגדת יוגורט ביו 3% שומן 8 יח' *150ג' תנובה,מיוצר עי קונדיטוריית,IL,מאגדת יוגורט ביו 3% תנובה 8*150 גרם,קילוגרמים,1.20,"ק""ג",false,1,17.30,14.4167,true,1,51098
7290014758117,false,מאגדת יוגורט ביו 1.5% שומן 8 יח' *150 ג' תנובה,מיוצר עי קונדיטוריית,IL,מאגדת יוגורט ביו 1.5% תנובה 8*150 גרם,קילוגרמים,1.20,"ק""ג",false,1,17.30,14.4167,true,1,51099
7290014758162,false,חלב עיזים מלא 3.6% קרטון 1 ל' תנובה,תנובה מרכז שיתופי לש,IL,חלב עיזים קרטון 1 ליטר,ליטרים,1.00,ליטר,false,1,18.50,18.5000,true,1,25250
7290014758681,false,קוטג' תנובה 1% גביע 250 ג',מיוצר עי קונדיטוריית,IL,קוטג 1% תנובה 250 גרם,גרמים,250.00,100 גרם,false,1,5.70,2.2800,true,1,21135
7290014759084,false,גבינת שמנת 16% בטעם טבעי 225 ג' נפוליאון,תנובה מרכז שיתופי לש,IL,גבינת שמנת נפוליאון בסגנון צרפתי 225 גרם,גרמים,225.00,100 גרם,false,1,15.20,6.7556,true,1,22277
7290014759534,false,גבינה בולגרית למריחה טבעי 5% 200 ג' פיראוס,"תנובה, מחלבת תל יוסף",IL,גבינה בולגרית 5% למריחה 200 גרם,גרמים,200.00,100 גרם,false,1,16.50,8.2500,true,1,22408
7290014759978,false,"גבינת קצקבל פלח גלעד 27%, 200 ג'",תנובה,IL,"קצ""קבל פלח 200 גרם קולקשיין",גרמים,200.00,100 גרם,false,1,31.90,15.9500,true,1,25385
7290014759985,false,"גבינת פרמזן גבע 23% פלח, 200 ג'",תנובה,IL,פרמזן פלח 200 גרם קולקשיין,גרמים,200.00,100 גרם,false,1,27.90,13.9500,true,1,22414
7290014759992,false,גבינת רוקפור גליל פלח 140 ג' תנובה,"תנובה, מחלבת תל יוסף",IL,גבינת רוקפור פלח 140 גרם קולקשיין,גרמים,140.00,100 גרם,false,1,22.90,16.3571,true,1,22413
7290014760134,false,מעדן סויה בטעם וניל אלטרנטיב,תנובה Alternative,IL,מעדן סויה ביו בטעם וניל 125 גרם,גרמים,125.00,100 גרם,false,1,4.90,3.9200,true,1,43466
7290014760141,true,משקה שקדים טרי 1 ליט,תות תעשיות מזון (201,IL,משקה שקדים טרי 1 ליטר,ליטרים,1.00,ליטר,false,1,14.90,14.9000,true,1,26683
7290014761056,false,מעדן שוקולד חלב מעולה 123 ג' יולו,מיוצר עי קונדיטוריית,IL,YOLO מעדן שוקולד חלב מעולה 123 גרם,גרמים,123.00,100 גרם,false,1,5.20,4.2276,true,1,23872
7290014761063,false,מעדן שוקולד מריר מעולה 123 ג' יולו,מיוצר עי קונדיטוריית,IL,YOLO מעדן שוקולד מריר מעולה 123 גרם,גרמים,123.00,100 גרם,false,1,5.20,4.2276,true,1,23873
7290014761070,false,מעדן שוקולד לבן מעולה 123 ג' יולו,מיוצר עי קונדיטוריית,IL,YOLO מעדן שוקולד לבן מעולה 123 גרם,גרמים,123.00,100 גרם,false,1,5.20,4.2276,true,1,23874
7290014761414,false,מעדן שכבות שוקולד חלב ולבן 123 ג' יולו,מיוצר עי קונדיטוריית,IL,YOLO מעדן שכבות שוקולד חלב ולבן 122 גרם,גרמים,123.00,100 גרם,false,1,5.20,4.2276,true,1,23877
7290014761612,false,מעדן עם שוקולד מריר ולבן 122 ג' יולו,מיוצר עי קונדיטוריית,IL,YOLO מעדן שכבות שוקולד מריר 123 גרם,גרמים,123.00,100 גרם,false,1,5.20,4.2276,true,1,25308
7290014762756,false,נפוליאון גבינת שמנת עם בצל 16% שומן,הרדוף חלב,IL,גבינת שמנת נפוליאון בצל 200 גרם,גרמים,200.00,100 גרם,false,1,15.20,7.6000,true,1,28497
7290014762800,false,מעדן סויה שוקולד גביע 125 גרם אלטרנטיב,תנובה מרכז שיתופי לש,IL,תנובה מעדן סויה שוקולד 2% שומן 125 גרם,גרמים,125.00,100 גרם,false,1,4.90,3.9200,true,1,42366
7290014762831,false,גבינת שמנת חלפיניו 24% שומן 225 ג' נפוליאון,תנובה מרכז שיתופי לש,IL,גבינת נפוליאון 24% חלפיניו 225 גרם,גרמים,225.00,100 גרם,false,1,15.20,6.7556,true,1,47709
7290014762909,false,פתיתי מוצרלה 20% שומן 200 ג' השף הלבן,"תנובה, מחלבת תל יוסף",IL,פתיתי מוצרלה 10% תוספת השף הלבן,גרמים,200.00,100 גרם,false,1,19.90,9.9500,true,1,28219
7290014763098,false,קרם גבינת שמנת 5% עם פלפל שום ובצל 200 ג' תנובה,תנובה,IL,קרם גבינת שמנת 5% בניחוח טוסקנה 200 גרם,גרמים,200.00,100 גרם,false,1,14.90,7.4500,true,1,28200
7290014763272,false,יוגורט סויה BIO לשתייה תות ובננה אלטרנטיב,תות תעשיות מזון (201,IL,"משקה סויה ביו עם תות ובננה 250 מ""ל",מיליליטרים,250.00,"100 מ""ל",false,1,6.20,2.4800,true,1,28569
7290014791572,false,"שוויפס מוגז בטעם ענבים 330 מ""ל",יפאורה תבורי בעמ,IL,"שוופס מוגז פירות ענבים 330 מ""ל זכוכית",מיליליטרים,330.00,"100 מ""ל",false,1,6.90,2.0909,true,1,41230
7290014821064,false,כבל סינכרון אלומיניו,,,כבל גלקסי 2 מטר,יחידה,1.00,יחידה,false,1,29.90,29.9000,true,1,48551
7290014821347,false,אוזניות מיקרופון פיו,,,אוזניות PURE-METAL,יחידה,1.00,יחידה,false,1,49.90,49.9000,true,1,48540
7290014821507,false,מטען קיר אייפון מאוש,,,מטען קיר אייפון מאושר אפל 2.1,יחידה,1.00,יחידה,false,1,79.90,79.9000,true,1,48544
7290014821569,false,כבל סינכרון וטעינה,,,כבל אייפון 2 מטר,יחידה,1.00,יחידה,false,1,39.90,39.9000,true,1,48536
7290014855434,false,מגבונים בייביסיטר פרפורמנס מבושם רביעיה,בייביסיטר Babysitter,,מגבוני בייביסיטר רביעייה מבושם,יחידה,0.00,יחידה,false,1,19.90,0.0000,true,1,26249
7290014855458,false,מגבוני בייביסיטר פרפורמנס ללא בישום מארז 72X4יח',בייביסיטר Babysitter,,מגבונים בייביסיטר רביעייה לא בישום,לא מנהל יחידת מידה,0.00,לא מנהל יחידת מידה,false,1,19.90,0.0000,true,1,26248
7290014860070,false,"מקלוני אורז ללא גלוטן 5 מ""מ 454גר' (אור)",ניינטי נודל קו,TH,"מזרח ומערב מקלוני אורז ללא גלוטן 5 ממ, 454 גרם",גרמים,454.00,100 גרם,false,1,11.90,2.6211,true,1,54701
7290014890237,false,גבינת קממברט בייבי ב,גבינות משק יעקבס,IL,קממבר בקר בייבי יעקובס 125גרם,גרמים,125.00,100 גרם,false,1,19.90,15.9200,true,1,46732
7290014890596,false,ברי עיזים בייבי יעקו,גבינות משק יעקבס,IL,ברי עיזים בייבי יעקובס 125גרם,גרמים,125.00,100 גרם,false,1,19.90,15.9200,true,1,54768
7290014890602,false,קממבר בקר אגוזים ביי,משק יעקבס,IL,קממבר בקר אגוזים בייבי יעקובס 125גרם,גרמים,125.00,100 גרם,false,1,20.90,16.7200,true,1,54770
7290014940901,true,לחם פשוט מלא 750 גרם,מאפיית שלמה א. אנג'ל,IL,לחם פשוט מלא 750 גרם,גרמים,750.00,100 גרם,false,1,15.90,2.1200,true,1,25391
7290014974562,false,גביעי גלידה רגיל טילון עלמה גילרו 24 יח',"א.ג גילרו בע""מ",IL,עלמה גביעי טילון 24 יח',גרמים,120.00,100 גרם,false,1,11.90,9.9167,true,1,41755
7290015009003,false,חומץ בן יין לבן דניא,מנדלז סי.אר. פרודקשן,ES,דניאל חומץ בן יין לבן 500 מל,מיליליטרים,500.00,"100 מ""ל",false,1,16.90,3.3800,true,1,22658
7290015009010,false,חומץ בן יין אדום דני,מנדלז סי.אר. פרודקשן,ES,חומץ בן יין אדום 5%,מיליליטרים,500.00,"100 מ""ל",false,1,16.90,3.3800,true,1,22659
7290015009027,false,חומץ בלסמי חומציות 6,אקובינל,ES,חומץ בלסמי חומציות 6%,מיליליטרים,500.00,"100 מ""ל",false,1,24.90,4.9800,true,1,26854
7290015009041,false,חומץ תפוחים חומציות,מנדלז סי.אר. פרודקשן,ES,דניאל חומץ תפוחים 500 מל,מיליליטרים,500.00,"100 מ""ל",false,1,16.90,3.3800,true,1,26855
7290015009294,false,גבינת פרמיזאנו ראזאנ,פורגאנה,IT,גבינת פרמיזאנו ראזאנו 170 גרם,גרמים,170.00,100 גרם,false,1,34.90,20.5294,true,1,42076
7290015009393,false,זיתים שחורים מגולענים במי מלח,אידיאל ס.א,GR,זיתים שחורים מגולענים קלמטהIDEAL גרם250,גרמים,250.00,100 גרם,false,1,18.90,7.5600,true,1,52002
7290015009409,false,זיתים שחורים מזן טאס,אדיאל ס.א,GR,זיתים שחורים טאסוס IDEALגרם 250,גרמים,250.00,100 גרם,false,1,18.90,7.5600,true,1,51444
7290015009508,false,סירופ מייפל טהור זכו,דרק אמבר,US,סירופ מייפל טהור זכוכית דרק אמבר250 מל,מיליליטרים,250.00,"100 מ""ל",false,1,39.90,15.9600,true,1,53148
7290015039482,false,גבינת אדם פלח 24% שומן,וויקה פארמס אל.טי.די,NL,גבינת אדם פלח 230 גרם 24% שומן - הולנד,גרמים,160.00,100 גרם,false,1,24.90,15.5625,true,1,26921
7290015129121,false,אטריות קונג'אק בתוספת טפיוקה בצורת נודלס,הוויזאי וואנגייה פוד,CN,סקיני פסטה- בצורת אטריות פטוצ'יני 200 גרם,גרמים,270.00,100 גרם,false,1,13.90,5.1481,true,1,23237
7290015129145,false,אטריות קונג'אק בתוספת טפיוקה בצורת ספגטי,הוויזאי וואנגייה פוד,CN,סקיני פסטה- בצורת אטריות ספגטי 200 גרם,גרמים,270.00,100 גרם,false,1,13.90,5.1481,true,1,23239
7290015129220,false,אטריות קונגאק בצורת פתיתים,אף.סי תבליני בגליל ב,CN,סקיני פסטה- בצורת פתיתים 200 גרם,גרמים,250.00,100 גרם,false,1,13.90,5.5600,true,1,26753
7290015129251,false,אטריות קונג'אק בצורת פטוצ'יני,אף.סי תבליני בגליל ב,CN,סקיני פסטה- בצורת אטריות פטוצ'יני 200 גרם,גרמים,270.00,100 גרם,false,1,13.90,5.1481,true,1,26755
7290015129312,false,תבשיל מרק בטעם עוף ס,אף.סי תבליני בגליל ב,CN,תבשיל מרק בטעם עוף סקיני סופ 234גרם,גרמים,234.00,100 גרם,false,1,20.90,8.9316,true,1,53156
7290015129411,false,מאגדת סקיני צימוקים,מנדלז סי.אר. פרודקשן,IL,מאגדת סקיני צימוקים וחמוציות 375גרם,גרמים,375.00,100 גרם,false,1,28.90,7.7067,true,1,53079
7290015129428,false,מאגדת סקיני אגוזי לו,מנדלז סי.אר. פרודקשן,IL,מאגדת סקיני אגוזי לוז וקינמון 375גרם,גרמים,375.00,100 גרם,false,1,28.90,7.7067,true,1,53080
7290015150903,false,תה ירוק קינמון דבש 25 שקיקים,ויסוצקי ירוק,IL,תה ירוק קינמון ודבש T.T,גרמים,38.00,100 גרם,false,1,26.90,70.7895,true,1,28891
7290015155823,false,מחית תפוחי עץ חטיפטף ללא תוספת סוכר,פרוטה פודיווין איי.א,CZ,"פרינוק חטיפטף מחית תפוחי עץ 100% פרי, 120 גרם",גרמים,120.00,100 גרם,false,1,5.90,4.9167,true,1,48058
7290015155830,false,מחית תפוחי עץ ובננה חטיפטף ללא תוספת סוכר,פרוטה פודיווין,CZ,"פרינוק חטיפטף מחית תפוח בננה 100% פרי, 120 גרם",גרמים,120.00,100 גרם,false,1,5.90,4.9167,true,1,48060
7290015155847,false,מחית סלט פירות חטיפטף ללא תוספת סוכר,פרוטה פודיווין איי.א,CZ,"פרינוק חטיפטף מחית סלט פירות 100% פרי, 120 גרם",גרמים,120.00,100 גרם,false,1,5.90,4.9167,true,1,48059
7290015193665,false,קמח מצה מעדני המלך 5,אם החיטה,,קמח מצה מעדני המלך 500 גרם,גרמים,500.00,100 גרם,false,1,7.50,1.5000,true,1,42932
7290015324007,false,תבלין פלפל שחור גרוס 80 ג',תות ממתקי איכות,IL,"תבליני טעם וריח, 100% פלפל שחור גרוס, 80 גרם",גרמים,80.00,100 גרם,false,1,11.90,14.8750,true,1,46626
7290015324014,false,תבלין פלפל שחור טחון 80 ג',תות ממתקי איכות,IL,"תבליני טעם וריח, 100% פלפל שחור טחון, 80 גרם",גרמים,80.00,100 גרם,false,1,11.90,14.8750,true,1,23076
7290015324038,false,פפריקה מרוקאית מתוקה בשמן,תות ממתקי איכות,IL,פפריקה בשמן 80 גרם,גרמים,80.00,100 גרם,false,1,5.90,7.3750,true,1,23077
7290015324045,false,תבלין פפריקה חריפה 80 גר' שק',תות ממתקי איכות,IL,"תבליני טעם וריח, 100% פפריקה חריפה, 80 גרם",גרמים,80.00,100 גרם,false,1,5.90,7.3750,true,1,23078
7290015324052,false,תבלין פפריקה מתוקה 80 ג',תות ממתקי איכות,IL,"תבליני טעם וריח, 100% פפריקה מתוקה, 80 גרם",גרמים,80.00,100 גרם,false,1,5.90,7.3750,true,1,23079
7290015324069,false,תערובת תיבול גריל עוף,תות ממתקי איכות,IL,"תבליני טעם וריח, תערובת תיבול גריל עוף, 80 גרם",גרמים,80.00,100 גרם,false,1,5.90,7.3750,true,1,23080
7290015324076,false,טעם וריח זעתר שקית 8,תות ממתקי איכות,IL,"תבליני טעם וריח, תערובת תיבול זעתר, 80 גרם",גרמים,80.00,100 גרם,false,1,5.90,7.3750,true,1,23086
7290015324083,false,טעם וריח מלח לימון ש,תות ממתקי איכות,IL,"תבליני טעם וריח, 100% מלח לימון, 80 גרם",גרמים,80.00,100 גרם,false,1,5.90,7.3750,true,1,23081
7290015324090,false,תבלין כמון טחון 80 ג',תות ממתקי איכות,IL,"תבליני טעם וריח, 100% כמון מזרחי, 80 גרם",גרמים,80.00,100 גרם,false,1,5.90,7.3750,true,1,23082
7290015324106,false,תבלין כורכום טחון 80 גר',תות ממתקי איכות,IL,"תבליני טעם וריח, 100% כורכום, 80 גרם",גרמים,80.00,100 גרם,false,1,5.90,7.3750,true,1,23083
7290015324113,false,טעם וריח בהרט שקית 8,תות ממתקי איכות,IL,"תבליני טעם וריח, תערובת תיבול בהרט לבישול, 80 גרם",גרמים,80.00,100 גרם,false,1,5.90,7.3750,true,1,48151
7290015324120,false,טעם וריח שום גבישי ב,תות ממתקי איכות,IL,תבליני טעם וריח שום גבישי 80 גרם,גרמים,80.00,100 גרם,false,1,5.90,7.3750,true,1,48152
7290015324151,false,תבלין חוויאג למרק ב,תות ממתקי איכות,IL,חוויאג למרק 80 גרם,גרמים,80.00,100 גרם,false,1,5.90,7.3750,true,1,23084
7290015324175,false,תבלין שווארמה תיבול 80 גר' שק',תבליני טעם וריח,IL,תבליני טעם וריח תערובת תיבול לשווארמה 80 גרם,גרמים,0.00,100 גרם,false,1,5.90,0.0000,true,1,50682
7290015324427,false,סודה לשתיה טעם וריח 80 גר',תבליני טעם וריח,IL,סודה לשתייה שקית 80 גרם,גרמים,80.00,100 גרם,false,1,4.90,6.1250,true,1,45522
7290015324519,false,תערובת לפיצה שקית 80 ג',"תבליני טעם וריח בע""מ",IL,תערובת תיבול לפיצה 80 גרם,גרמים,80.00,100 גרם,false,1,5.90,7.3750,true,1,47940
7290015324540,false,טימין מיכל גדול 30 ג',"תבליני טעם וריח בע""מ",IL,תבליני טעם וריח טימין (קורנית) 30 גרם,גרמים,30.00,100 גרם,false,1,10.90,36.3333,true,1,47944
7290015324557,false,בהרט לבישול מיכל גדול 80 ג',"תבליני טעם וריח בע""מ",IL,בהרט לבישול מיכל גדו,גרמים,0.00,100 גרם,false,1,10.90,0.0000,true,1,47945
7290015324588,false,פלפל לבן 100 גרם,תות ממתקי איכות,IL,"תבליני טעם וריח מיכל פלפל לבן טחון 100% , 100 גרם",גרמים,100.00,100 גרם,false,1,14.90,14.9000,true,1,50425
7290015324663,false,צ'ילי גרוס חריף אש 70 ג',תבליני טעם וריח,IL,תבליני טעם וריח צ'ילי גרוס חריף אש 70 גרם,גרמים,70.00,100 גרם,false,1,10.90,15.5714,true,1,51973
7290015341202,false,עוגיות אקלר 300 גרם,,IL,עוגיות אקלר 300 גרם כשלפ,גרמים,300.00,100 גרם,false,1,14.90,4.9667,true,1,50022
7290015350150,false,"יין אדום חצי יבש סגל 750 מ""ל",כרמי צבי - אחים סגל,IL,של סגל אדום חצי יבש,מיליליטרים,750.00,"100 מ""ל",false,1,22.90,3.0533,true,1,50674
7290015395045,false,קינואה שקדיה 400 גרם,"דין שיווק וקליה בע""מ",IL,קינואה,גרמים,400.00,100 גרם,false,1,15.90,3.9750,true,1,25307
7290015395939,false,חטיף יפני 150 ג' - ENJOY,דין שיווק,IL,חטיף יפני 150גרם,גרמים,150.00,100 גרם,false,1,16.90,11.2667,true,1,53582
7290015395960,false,בוטן רביולי 150 גרם,דין שיווק,IL,בוטן רביולי 150גרם,גרמים,150.00,100 גרם,false,1,16.90,11.2667,true,1,53581
7290015446495,false,אול אין חטיף חלבון ב,,,אול אין חטיף חלבון בטעם שוקולד פאדג100גר,גרמים,100.00,100 גרם,false,1,19.90,19.9000,true,1,45023
7290015519144,false,מטען קיר לגלקסי פרימ,,,מטען קיר לגלקסי פרימיום 2A,יחידה,1.00,יחידה,false,1,49.90,49.9000,true,1,48535
7290015597326,false,מאגדת אסקימו אייס לייט 10 יח' שטראוס,"גלידת שטראוס בע""מ, ר",IL,מאגדת קרחוני שרבט אייס לייט בטעמים 710 ג,גרמים,710.00,100 גרם,false,1,27.90,3.9296,true,1,27305
7290015597937,false,"קורנטו קלאסי וניל חדש 120מ""ל","מיוצר ע""י גלידת שטרא",IL,קורנטו קלאסיק,גרמים,70.00,100 גרם,false,1,9.90,14.1429,true,1,43190
7290015603522,false,נוזל אגוזי קוקוס 5-7,אסי אטיק גרו אינדוסט,TH,"נוזל אגוזי קוקוס 5-7% 400 מ""ל (ASIATIC)(כ)",מיליליטרים,400.00,"100 מ""ל",false,1,7.90,1.9750,true,1,55389
7290015603560,false,שימורי קרם קוקוס 400,אסי אטיק גרו אינדוסט,TH,מזרח ומערב שימורי קרם קוקוס 20-22% 400 מל,מיליליטרים,400.00,"100 מ""ל",false,1,10.90,2.7250,true,1,54702
7290015603584,false,ג'ינגר לבן כבוש ללא מונוסודיום 160 גרם (כ),לאיווי איפנג פודס קו,CN,מזרח ומערב ג'ינגר לבן כבוש ללא מונוסודיום 160 גרם,גרמים,160.00,100 גרם,false,1,8.90,5.5625,true,1,54705
7290015603591,false,ג'ינגר כבוש ורוד מזר,ננטונג הידה אקוטיק פ,CN,מזרח ומערב ג'ינג'ר כבוש ורוד 160 גרם,גרמים,160.00,100 גרם,false,1,8.90,5.5625,true,1,54706
7290015603638,false,"אורז קלרוז 1 ק""ג (כ) (Minh)",מינה פונג גרין אגריק,CN,מזרח ומערב אורז עגול קלרוז לסושי 1 קג,קילוגרמים,1.00,"ק""ג",false,1,12.90,12.9000,true,1,55387
7290015603898,false,חטיף אפונה מצופה בטע,סוזו יואי פודס אל טי,CN,חטיף אפונה בוואסבי 100ג' (כ),גרמים,100.00,100 גרם,false,1,10.90,10.9000,true,1,54967
7290015644297,false,אנג'ל הלחמניה המלאה 6יח 450 ג',מאפיית שלמה א. אנג'ל,IL,לחמניות פשוט מלא שישייה 450 גרם,גרמים,450.00,100 גרם,false,1,13.90,3.0889,true,1,41513
7290015652070,false,אגוזי קשיו קלויים שש,דין שיווק,IL,קשיו קלוי 150 גרם,גרמים,150.00,100 גרם,false,1,15.90,10.6000,true,1,53537
7290015652087,false,תערובת פיצוחים 150 גר' שקדיה,דין שיווק,IL,תערובת פיצוחים 150 גרם,גרמים,150.00,100 גרם,false,1,14.90,9.9333,true,1,53538
7290015652605,false,פיסטוק קלוף דין שיוו,"דין שיווק וקליה בע""מ",,פיסטוק קלוף 100 גרם שקדיה,גרמים,100.00,100 גרם,false,1,22.90,22.9000,true,1,27336
7290015673181,false,בורגר על האש קליפורנ,טבע דלי,IL,בורגר על האש קליפורניה עם ברוקולי 400 גר,גרמים,400.00,100 גרם,false,1,26.90,6.7250,true,1,41074
7290015673198,false,המבורגר טקסס עם פטרי,טבע דלי בעמ,IL,טבע דלי טקסס בורגר עבה עם פטריות 400 גרם,גרמים,400.00,100 גרם,false,1,26.90,6.7250,true,1,43109
7290015673204,false,קבב בולגרי עם פטרוזי,טבע דלי בעמ,IL,קבב בולגרי עם פטרוזיליה 400 גרם,גרמים,400.00,100 גרם,false,1,26.90,6.7250,true,1,41073
7290015673587,false,קריספי נגיסי טופו רו,טבע דלי,IL,קריספי נגיסי טופו רוטב אסייתי350 גרם,גרמים,350.00,100 גרם,false,1,26.90,7.6857,true,1,46078
7290015695916,false,מיקס נבטים ענק אורגנ,הנבטים של אודי,IL,מיקס נבטים ענק אורגני,גרמים,100.00,100 גרם,false,1,19.90,19.9000,true,1,53377
7290015839020,false,שטרודל במילוי פרג 56,נתי שטרודל וינאי בעמ,IL,שטרודל פרג במארז500,גרמים,500.00,100 גרם,false,1,27.90,5.5800,true,1,52868
7290015848992,false,"ד""ר פישר - אולטרסול קרם פנים קידס 75 מ""ל 50SPF",פישר מעבדות פרמצבטיו,IL,אולטרסול קרם פנים ילדים 75/50,לא מנהל יחידת מידה,0.00,לא מנהל יחידת מידה,false,1,32.90,0.0000,true,1,50251
7290015856720,false,חטיף אפונה אפויה עם,תות תעשיות מזון (201,IL,חטיף אפונה בטעם זעתר,גרמים,50.00,100 גרם,false,1,6.50,13.0000,true,1,50609
7290015858106,false,ממרח פסטו ביתי 180 ג' עללחם,"מדשא תעשיות מזון בע""",IL,עללחם פסטו ביתי 100 גרם,גרמים,180.00,100 גרם,false,1,19.90,11.0556,true,1,42852
7290015858113,false,ממרח עגבניות מיובשות 180 גרם עללחם,"מדשא תעשיות מזון בע""",IL,"עללחם ממרח עגבניות מיובשות, 180 גרם",גרמים,180.00,100 גרם,false,1,19.90,11.0556,true,1,42853
7290015858144,false,ממרח ארטישוק עלחחם 180 ג',זאביק יצור ושיווק מז,IL,ממרח ארטישוק 180 גרם עללחם,גרמים,180.00,100 גרם,false,1,19.90,11.0556,true,1,42854
7290015858175,false,ממרח פלפלים קלויים 180 גרם עללחם,זאביק יצור ושיווק מז,IL,ממרח פלפלים קלויים 180 גרם עללחם,גרמים,180.00,100 גרם,false,1,19.90,11.0556,true,1,42856
7290015858229,false,טפנד זיתי קלמטה 180 גרם עללחם,"מדשא תעשיות מזון בע""",IL,עללחם טפנד זיתי קלמטה 180 גרם,גרמים,180.00,100 גרם,false,1,19.90,11.0556,true,1,47933
7290015858243,false,ממרח צימיצורי עללחם 180 ג',זאביק יצור ושיווק מז,IL,ממרח צימיצורי 180 גרם,גרמים,180.00,100 גרם,false,1,19.90,11.0556,true,1,42862
7290015858434,false,שום כתוש עללחם 250 ג',"מדשא תעשיות מזון בע""",IL,בפיתה שום כתוש 250 גרם,גרמים,250.00,100 גרם,false,1,15.90,6.3600,true,1,45760
7290015951227,false,יין גמלא סירה 750 מל,יקבי רמת הגולן,IL,יין גמלא סירה 750 מל,מיליליטרים,750.00,"100 מ""ל",false,1,79.90,10.6533,true,1,51744
7290015951869,false,יקבי רמת הגולן הר חר,מיוצר וממולא על ידי,IL,הר חרמון רוזה,מיליליטרים,750.00,"100 מ""ל",false,1,44.90,5.9867,true,1,44979
7290015951890,false,"יין הר חרמון קברנה עברית 750 מ""ל",יקב רמת הגולן,IL,"יין הר חרמון קברנה סובניון 750 מ""ל",מיליליטרים,750.00,"100 מ""ל",false,1,44.90,5.9867,true,1,44854
7290015968089,false,"צלחות פלסטיק עבות כ-17 ס""מ במבחר צבעים",הוסטס Hostess,,צלחות פלסטיק עבות במיוחד 25 יחידות 17 סמ,לא מנהל יחידת מידה,0.00,לא מנהל יחידת מידה,false,1,9.90,0.0000,true,1,42183
7290015968324,false,נורת לד 12 וולט אור,F.E.CO.LTD,,נורת לד 12W לבן,יחידה,1.00,יחידה,false,1,28.90,28.9000,true,1,41117
7290015968331,false,נורת לד 6 וולט אור ל,F.E.CO.LTD,,נורת לד 6W לבן,יחידה,1.00,יחידה,false,1,19.90,19.9000,true,1,41112
7290015968348,false,נורת לד 9 וולט אור ל,F.E.CO.LTD,,נורת לד 9W לבן,יחידה,1.00,יחידה,false,1,19.90,19.9000,true,1,41113
7290015968355,false,נורת לד נר 5.5 וולט,F.E.CO.LTD,,נורת לד 5.5W לבן,יחידה,1.00,יחידה,false,1,19.90,19.9000,true,1,41114
7290015968461,false,כוסות פלסטיק משובחות,F.T.I,,"כוסות פלסטיק משובחות 330 מ""ל 40 יחי",לא מנהל יחידת מידה,0.00,לא מנהל יחידת מידה,false,1,10.90,0.0000,true,1,42178
7290015968508,false,"כוסות פלסטיק לשתיה קרה 180מ""ל",,TR,"כוסות 180 מ""ל פלסטיק לשתיה קרה",יחידה,1.00,יחידה,false,1,9.90,9.9000,true,1,49829
7290015968713,false,צלחת קריסטל מעוטרת בינונית,הוסטס Hostess,,צלחת קריסטל מעוטרת בינונית 10 יח,לא מנהל יחידת מידה,0.00,לא מנהל יחידת מידה,false,1,15.90,0.0000,true,1,42376
7290016006025,false,סודה שוופס בקבוק 500,יפאורה תבורי בעמ,IL,שוופס מי סודה 0.5 ליטר,מיליליטרים,500.00,"100 מ""ל",false,1,4.50,0.9000,true,1,41272
7290016006322,false,מים מינרליים מי עדן,מופק ממקור בזלתי עדן,IL,מי עדן בקבוק 1 ליטר,ליטרים,1.00,ליטר,false,1,6.90,6.9000,true,1,41258
7290016006346,false,שוופס סודה מארז שישייה * 0.5 ל',יפאורה תבורי בעמ,IL,שוופס סודה 0.5 ליטר שישייה,ליטרים,3.00,ליטר,false,1,16.50,5.5000,true,1,41227
7290016006377,false,"שוויפס מוגז בטעם פירות תות ליים 330 מ""ל",יפאורה תבורי בעמ,IL,"שוופס מוגז פירות תות ליים 330 מ""ל זכוכית",מיליליטרים,330.00,"100 מ""ל",false,1,6.90,2.0909,true,1,41231
7290016077759,true,רוטב ברביקיו קלאסי,,NL,היינץ רוטב ברביקיו קלאסי 480 גרם,יחידה,1.00,יחידה,false,1,21.90,21.9000,true,1,47433
7290016081619,false,RETRACTABLE - שלט BT,,,RETRACTABLE - שלט BT עם אוזניה - צבע שחו,יחידה,1.00,יחידה,false,1,109.00,109.0000,true,1,48526
7290016081626,false,RETRACTABLE - שלט BT,,,RETRACTABLE - שלט BT עם אוזניה - צבע לב,יחידה,1.00,יחידה,false,1,109.00,109.0000,true,1,48525
7290016094008,false,אולטרסול קרם פנים 75,פישר מעבדות פרמצבטיו,IL,אולטרסול מבוגרים קוליפה קרם פנים 50 SPF 75 מל,לא מנהל יחידת מידה,0.00,לא מנהל יחידת מידה,false,1,32.90,0.0000,true,1,50250
7290016094022,true,אולטרסול 50/200 תרסי,פישר מעבדות פרמצבטיו,IL,ספריי שקוף 50 SPF,מיליליטרים,200.00,"100 מ""ל",false,1,44.90,22.4500,true,1,52691
7290016094039,false,"ד""ר פישר - אולטרסול ספריי שקוף קידס 200 מ""ל 50SPF",פישר מעבדות פרמצבטיו,IL,ספריי שקוף לילדים 50 SPF,מיליליטרים,200.00,"100 מ""ל",false,1,44.90,22.4500,true,1,52692
7290016094817,false,אולטרסול ספריי שמן ג,פישר מעבדות פרמצבטיו,IL,"ספריי שמן, שמן גזר",מיליליטרים,200.00,"100 מ""ל",false,1,44.90,22.4500,true,1,41322
7290016144000,false,"קמח חיטה מלאה נפלאות 80% 1 ק""ג","קמח מלכים בע""מ",IL,"קמח חיטה 80 נפלאות 1 ק""ג",קילוגרמים,1.00,"ק""ג",false,1,9.90,9.9000,true,1,55316
7290016144048,false,"קמח כוסמין לבן נפלאות 1 ק""ג","קמח מלכים בע""מ",IL,"קמח נפלאות כוסמין לבן 1 ק""ג",קילוגרמים,1.00,"ק""ג",false,1,16.90,16.9000,true,1,55315
7290016197488,false,מטליות מיקרופייבר למשטחים ניקול 3יח',UFO INC,CN,מטליות מיקרופייבר משטחים,לא מנהל יחידת מידה,0.00,לא מנהל יחידת מידה,false,1,15.90,0.0000,true,1,45836
7290016197495,false,מטלית קסם מיקרופייבר לרצפה ניקול 2יח',חוגלה קימברלי,CN,מטליות מיקרופייבר רצפה,לא מנהל יחידת מידה,0.00,לא מנהל יחידת מידה,false,1,21.90,0.0000,true,1,41175
7290016197839,false,ניקול השקית החזקה 20 יח' XL,אשפלסט תעשיות בעמ,IL,זוג שקיות אשפה ניקול,לא מנהל יחידת מידה,0.00,לא מנהל יחידת מידה,false,1,27.90,0.0000,true,1,50026
7290016230888,false,סוללה 3V (5 יחידות),,,סוללה 3V 5 יחידות,יחידה,1.00,יחידה,false,1,21.90,21.9000,true,1,45834
7290016245653,false,לחם סנדוויץ חצי משפח,מאפיית טעמי הכפר 201,,לחם שיפון מלא חצי קסטן,גרמים,600.00,100 גרם,false,1,18.90,3.1500,true,1,51736
7290016245769,true,לחם כוסמין מחמצת בתו,,,לחם כוסמין מחמצת בתוספת פשתן,לא מנהל יחידת מידה,0.00,לא מנהל יחידת מידה,false,1,18.90,0.0000,true,1,51737
7290016245806,false,מארז לחמניות המבורגר,ביכורים,,מארז לחמניות המבורגר,יחידה,1.00,יחידה,false,1,16.90,16.9000,true,1,51738
7290016246445,true,טחינה גולמית מעודנ,רושדי תעשיות מזון בע,IL,בארכה טחנ.גולמית מעודנת שמשם.מלא12*310ג,גרמים,310.00,100 גרם,false,1,14.50,4.6774,true,1,45491
7290016246773,false,בארכה טחינה מתובלת גולמית מעודנת משומשום מלא זעתר 310 גר',רושדי תעשיות מזון בע,IL,בארכה טחינה גולמית מעודנת זעתר310גרם,גרמים,310.00,100 גרם,false,1,14.50,4.6774,true,1,51854
7290016270709,false,שרי קלמר ארוז יח,חקלאי,IL,שרי קלמר ארוז יח,גרמים,460.00,100 גרם,false,1,12.90,2.8043,true,1,29529
7290016276992,false,שיבולת שועל כוס עם ש,ויטליה ניקולה בעמ,,שיבולת שועל כוס עם שוקולד 90 גרם,גרמים,90.00,100 גרם,false,1,9.90,11.0000,true,1,29336
7290016319309,false,פמלי פרלי 1ליטר מאסק קלאסי+משאבה,הנסיך- מפעל לייצור ט,TR,אל סבון מאסק קלאסי,ליטרים,1.00,ליטר,false,1,15.90,15.9000,true,1,29641
7290016321678,false,מגבונים לחים בניחוח מרענן עם תמציות קמומיל ואלוורה,עלבד משואות יצחק,IL,פרש וואנס רביעייה נטורל NATURAL קייר,לא מנהל יחידת מידה,0.00,לא מנהל יחידת מידה,false,4,21.90,0.0000,true,1,47042
7290016321883,false,פ.ו נייר טואלט מתכלה ילדים 40יח- שלישייה,עלבד משואות יצחק,IL,פרשוואנס נייר טואלט מתכלה לילדים -מארז שלישייה,יחידה,1.00,יחידה,false,1,17.90,17.9000,true,1,47553
7290016321890,false,פ.ו נייר טואלט מתכלה מבוגרים 40יח- שלישייה,עלבד משואות יצחק בעמ,IL,פרשוואנס נייר טואלט מתכלה לילדים -מארז שלישייה,יחידה,1.00,יחידה,false,1,17.90,17.9000,true,1,47552
7290016372397,false,"תה ויסוצקי ירוק תפוז,ג'ינגר וכורכום 25 יח'",ויסוצקי ירוק,IL,תה ירוק תפוז גינגר וכורכום 25 שקיקים,גרמים,48.00,100 גרם,false,1,26.90,56.0417,true,1,42539
7290016372496,false,חליטת פירות וצמחים בטעם ג'ינג'ר ודבש -אפקט הג'ינג'ר,קריות זול,IL,"ג'ינג'ר ודבש- ""אפקט הג'ינג'ר""",גרמים,30.00,100 גרם,false,1,19.90,66.3333,true,1,42533
7290016452129,false,פטל אדום,מרינה,IL,פטל אדום 125 גרם,גרמים,125.00,100 גרם,false,1,33.90,27.1200,true,1,56076
7290016505009,false,שוקולד פנדה טבעי קר,"מדשא תעשיות מזון בע""",IL,שוקולד פנדה טבעי קרם בוטנים 100 גרם,גרמים,100.00,100 גרם,false,1,21.90,21.9000,true,1,44924
7290016505016,false,שוקולד פנדה טבעי קל,"מדשא תעשיות מזון בע""",IL,שוקולד פנדה טבעי קלאסי 100 גרם,גרמים,100.00,100 גרם,false,1,21.90,21.9000,true,1,44927
7290016505023,false,שוקולד פנדה טבעי נו,"מדשא תעשיות מזון בע""",IL,שוקולד פנדה טבעי נוגט 100 גרם,גרמים,100.00,100 גרם,false,1,21.90,21.9000,true,1,44925
7290016505047,false,שוקולד פנדה טבעי קר,"מדשא תעשיות מזון בע""",IL,שוקולד פנדה טבעי קרמלח 100 גרם,גרמים,100.00,100 גרם,false,1,21.90,21.9000,true,1,44926
7290016505085,false,חטיף פנדה נוגט פצפוצ,"מדשא תעשיות מזון בע""",,חטיף פנדה נוגט פצפוצי אורז,גרמים,45.00,100 גרם,false,1,9.90,22.0000,true,1,45716
7290016509809,true,פרסיל גל קולור 2.5 ל,"הנקל סוד בע""מ",IL,ג'ל מרוכז לכביסה במכונה - צבעונית,ליטרים,2.50,ליטר,false,1,35.90,14.3600,true,1,45307
7290016509830,true,פרסיל גל בייבי 2.5 ל,"הנקל סוד בע""מ",IL,פרסיל ג'ל כביסה לבגדי תינוקות ולבעלי עור רגיש,ליטרים,2.50,ליטר,false,1,35.90,14.3600,true,1,45309
7290016545005,false,בירה בירבזאר דודה של,מבשלת הארץ (בירבזאר),IL,"בירה בירבזאר דודה שלך בקבוק 330 מ""ל",מיליליטרים,330.00,"100 מ""ל",false,1,15.90,4.8182,true,1,54188
7290016545050,false,בירה בירבזאר עשר בקב,מבשלת הארץ (בירבזאר),IL,"בירה בירבזאר עשר בקבוק 330 מ""ל",מיליליטרים,330.00,"100 מ""ל",false,1,15.90,4.8182,true,1,54186
7290016545074,false,בירה בירבזאר גלאגאר,מבשלת הארץ (בירבזאר),IL,"בירה בירבזאר גלאגאר בקבוק 330 מ""ל",מיליליטרים,330.00,"100 מ""ל",false,1,15.90,4.8182,true,1,54185
7290016584011,false,חטיפוני גזר 350 גרם,"מרינה פטריות הגליל בע""מ",IL,חטיפוני גזר 350 גרם,גרמים,350.00,100 גרם,false,1,14.90,4.2571,true,1,28936
7290016584219,false,שעועית ירוקה שלמה טר,חקלאי,IL,שעועית ירוקה שלמה טרייה בשקית,גרמים,600.00,100 גרם,false,1,19.90,3.3167,true,1,51079
7290016607772,false,יין רוזה גליל דלתון,"איי, בי, אינבוו",IL,דלתון יין גליל רוזה יבש 2020 12.5% כהל 750 מל,מיליליטרים,750.00,"100 מ""ל",false,1,74.90,9.9867,true,1,51150
7290016663426,false,עוגיות שומשום שוקולד,מורנינג פוד,IL,עוגיות שומשום שוקולד 200 גר - פסח,גרמים,200.00,100 גרם,false,1,22.90,11.4500,true,1,55029
7290016682038,false,"מיץ תפוזים סחוט 100% טבעי. מפוסטר, מקורר",פריניב,IL,"מיץ תפוזים פריניב 400 מ""ל",מיליליטרים,400.00,"100 מ""ל",false,1,11.90,2.9750,true,1,41120
7290016682083,false,"פריניב נקטר תות בננה 400 מ""ל",פריניב,,"מיץ תות בננה פריניב 400 מ""ל",מיליליטרים,400.00,"100 מ""ל",false,1,11.90,2.9750,true,1,41121
7290016682335,false,מיץ תפוזים 100% סחוט טבעי,פריניב,IL,מיץ תפוזים פריניב 2 ליטר,ליטרים,2.00,ליטר,false,1,29.90,14.9500,true,1,54211
7290016682342,false,מיץ תפוזים ולנסיה 2 ליטר,פריניב,IL,תפוז וולנסיה סחוט 100% 2 ליטר,ליטרים,2.00,ליטר,false,1,29.90,14.9500,true,1,54212
7290016682366,false,מיץ תפוח צלול 2 ליטר,פריניב,IL,מיץ תפוח צלול 2 ליטר,ליטרים,2.00,ליטר,false,1,29.90,14.9500,true,1,54425
7290016717099,false,"יין כרמל סלקטד אדום חצי יבש, 750 מ""ל",יקבי כרמל Carmel Winery,IL,כרמל סלקטד אדום חצי יבש 2018 750 מל,מיליליטרים,750.00,"100 מ""ל",false,1,29.90,3.9867,true,1,45994
7290016717631,false,יין מוסקטו בעל חוזק אלכוהול נמוך פרייבט קולקשן,אגודת הכורמים הקואופ,IL,יקבי כרמל פרייבט קולקשן מוסקטו 2017 750 מל,מיליליטרים,750.00,"100 מ""ל",false,1,47.90,6.3867,true,1,45984
7290016717754,false,"יין ישן נושן היובל 750 מ""ל",אגודת הכורמים הקואופ,IL,כרמל יין ישן נושן יין אדום ממותק 750 מל,מיליליטרים,750.00,"100 מ""ל",false,1,23.90,3.1867,true,1,44040
7290016823004,false,בזיליקום יח freshlid,"מרינה פטריות הגליל בע""מ",IL,בזיליקום ארוז יח,גרמים,30.00,100 גרם,false,1,5.90,19.6667,true,1,41280
7290016823028,false,עירית יח freshlid,"מרינה פטריות הגליל בע""מ",IL,עירית ארוז יח,גרמים,30.00,100 גרם,false,1,5.90,19.6667,true,1,41282
7290016823059,false,טימין קורנית ארוז יח,"מרינה פטריות הגליל בע""מ",IL,טימין קורנית ארוז יח,גרמים,30.00,100 גרם,false,1,5.90,19.6667,true,1,41285
7290016823066,false,רוזמרין יח freshlid,"מרינה פטריות הגליל בע""מ",IL,רוזמרין ארוז יח,גרמים,30.00,100 גרם,false,1,5.90,19.6667,true,1,41286
7290016823257,false,חסה סלנובה מהדרין יח,"מרינה פטריות הגליל בע""מ",IL,חסה סלנובה,גרמים,300.00,100 גרם,false,1,13.90,4.6333,true,1,41345
7290016823349,false,סלק מקולף בוואקום לי,"מרינה פטריות הגליל בע""מ",IL,סלק מקולף בוואקום ליח,גרמים,500.00,100 גרם,false,1,7.90,1.5800,true,1,42551
7290016823448,false,ברוקולי יחידה 350 גרם,"מרינה פטריות הגליל בע""מ",IL,ברוקולי ארוז יח,גרמים,350.00,100 גרם,false,1,12.90,3.6857,true,1,43125
7290016823523,false,צנונית ארוזה 500 גרם,"מרינה פטריות הגליל בע""מ",IL,צנונית ארוזה יח,גרמים,500.00,100 גרם,false,1,6.00,1.2000,true,1,42552
7290016866667,false,"פרודונטקס - משחת שיניים ללא פלאוריד 75 מ""ל",פרודונטקס Parodontax,SK,"פרודונטקס משחת שיניים ללא פלאוריד 75 מ""ל",מיליליטרים,75.00,"100 מ""ל",false,1,29.90,39.8667,true,1,47078
7290016967074,false,לחם אנג'ל 100 חיטה מלאה 750 גר',מאפיית שלמה א. אנג'ל,IL,לחם אנגל חיטה מלאה 750 גרם,גרמים,750.00,100 גרם,false,1,17.90,2.3867,true,1,30312
7290017065007,false,פרוסות גבינה מוצרלה חצי קשה 22% שומן 200 ג' גד,מחלבות גד בעמ,IL,גבינה מוצרלה פרוסה גד 150 גרם,גרמים,150.00,100 גרם,false,1,20.90,13.9333,true,1,41610
7290017065137,false,ריקוטה למריחה 5% טבעית 200 גרם - רובין,האי נאם סי או אל.טי.,IL,גד ריקוטה למריחה 5% שומן 200 גרם,גרמים,200.00,100 גרם,false,1,10.90,5.4500,true,1,42904
7290017065144,false,גבינת ריקוטה למריחה 5% בזיליקום 200ג' גד,האי נאם סי או אל.טי.,IL,"גד ריקוטה למריחה, בזיליקום 5% שומן 200 גרם",גרמים,200.00,100 גרם,false,1,10.90,5.4500,true,1,42906
7290017065168,false,גבינה כחלוה 100 גרם בית יוסף,מחלבות גד,DK,גבינה כחולה 30% שומן,גרמים,100.00,100 גרם,false,1,18.90,18.9000,true,1,43470
7290017065175,false,גבינת מנצ'גו פרוסה 3,הנסיך- מפעל לייצור ט,ES,מנצגו פרוס150 גרם גד,גרמים,150.00,100 גרם,false,1,24.90,16.6000,true,1,43489
7290017065212,false,גבינת קרם מסקרפונה מחלבות גד 250 גר,מיוצר עי קוד יצרן ED,IL,גבינת קרם מסקרפונה 250 גרם גד,גרמים,250.00,100 גרם,false,1,22.90,9.1600,true,1,43638
7290017065236,false,גבינה בולגרית מעודנת 24% גד 250 ג',הנסיך- מפעל לייצור ט,IL,בולגרית מעודנת 24%,גרמים,250.00,100 גרם,false,1,28.90,11.5600,true,1,43490
7290017065380,false,גרנה פדנו שבבים 29% 100 גרם בית יוסף,מחלבות גד,IT,גרנה פדנו שבבים 100 גרם גד,גרמים,100.00,100 גרם,false,1,14.90,14.9000,true,1,46564
7290017065434,false,פרוסות גבינה גאודה הולנדית חצי קשה 200 גרם בית יוסף,מחלבות גד בעמ,NL,גד פרוסות פרוסות גאודה בקר 200 גרם,גרמים,200.00,100 גרם,false,1,23.90,11.9500,true,1,46645
7290017065441,false,גבינה גאודה עיזים פרוסה הולנדית 200 גר',מחלבות גד,NL,פרוסות גאודה עיזים 200 גרם,גרמים,200.00,100 גרם,false,1,34.90,17.4500,true,1,46646
7290017065526,false,קוואטרו פורמאג'י 4 גבינות מגוררות 26%,מחלבות גד בעמ,IL,גד קוואטרו פורמאג'י 300 גרם,גרמים,300.00,100 גרם,false,1,30.90,10.3000,true,1,46653
7290017065588,false,יוגורט יווני 10% שומן 600 ג' גד,"מיוצר ע""י קוד יצרן M",IL,גד יוגורט יווני 10% שומן,גרמים,600.00,100 גרם,false,1,18.90,3.1500,true,1,49974
7290017065618,false,גבינת פקורינו פרוס מחלב כבשים,הנסיך- מפעל לייצור ט,ES,גבינה חצי קשה פרוסה מחלב כבשים 36% שומן,גרמים,150.00,100 גרם,false,1,23.90,15.9333,true,1,49973
7290017065649,false,קרם פטיסייר מחלבות ג,מיוצר עי קוד יצרן ED,IL,קרם מסקרפונה 38%,גרמים,250.00,100 גרם,false,1,20.90,8.3600,true,1,49971
7290017065663,false,פטה עיזים מעודנת 16% 250 ג',ג'נרל מילס סאן אדריא,IL,גד בולגרית עיזים מעודנת 16% שומן,גרמים,250.00,100 גרם,false,1,31.90,12.7600,true,1,51118
7290017065731,false,גבינת שמנת 30% ניו יורק +כמהין 200 גרם רבנות,פ.פ.ח. שאביט,IL,גבינת שמנת עם כמהין 30% גד 200גרם,גרמים,200.00,100 גרם,false,1,14.90,7.4500,true,1,52760
7290017065762,false,גבינה יוונית מאנורי 30% שומן 100 ג' גד,מחלבות גד,IL,גבינה בסגנון יווני מאנורי 30% 100גרם,גרמים,100.00,100 גרם,false,1,14.90,14.9000,true,1,54611
7290017065786,false,גבינת צ'דר אנגלית גד 210 ג',מחלבות גד,IL,גבינת צדר גד 210 גרם,גרמים,210.00,100 גרם,false,1,22.90,10.9048,true,1,53832
7290017065861,false,קאצ'יו אה פפה - רוטב פקורינו ופלפל שחור 200 גרם בית יוסף,מחלבות גד,IL,רוטב פקורינו ופלפל שחור גד 200גרם,גרמים,200.00,100 גרם,false,1,19.90,9.9500,true,1,55124
7290017065878,false,מק אנד צ'יז 200 גרם בית יוסף,מחלבות גד,IL,מק אנד ציז גד 200גרם,גרמים,200.00,100 גרם,false,1,19.90,9.9500,true,1,55125
7290017088242,false,מגבונים בייבי בייסיק.,,,מגבונים בייבי בייסיק,לא מנהל יחידת מידה,0.00,לא מנהל יחידת מידה,false,1,5.90,0.0000,true,1,47140
7290017105062,false,חומוס OZ6 יכין 200 ג,היינץ צפון אמריקה מק,IL,יכין הקטניה הטובה חומוס שלם 200 גרם,גרמים,200.00,100 גרם,false,1,4.90,2.4500,true,1,42987
7290017105079,false,שעועית אפויה OZ6 יכי,היינץ צפון אמריקה מק,IL,יכין שעועית לבנה ברוטב עגבניות 200 גרם,גרמים,200.00,100 גרם,false,1,4.90,2.4500,true,1,42988
7290017105116,false,תורמוס OZ6 יכין 200,"זנלכל בע""מ",IL,יכין הקטניה הטובה תורמוס 200 גרם,גרמים,200.00,100 גרם,false,1,4.90,2.4500,true,1,42990
7290017105123,false,פול מצרי OZ6 יכין 20,היינץ צפון אמריקה מק,IL,יכין הקטניה הטובה פול 200 גרם,גרמים,200.00,100 גרם,false,1,4.90,2.4500,true,1,42991
7290017105895,false,גרגרי חומוס להכנת חומוס 550 גרם יכין,זנלכל,IL,גרגרי חומוס להכנת חומוס משובח,גרמים,550.00,100 גרם,false,1,9.90,1.8000,true,1,51155
7290017106069,false,יכין קוביות סלק 550 ג',היינץ צפון אמריקה מק,IL,סלק קוביות 2A יכין 550גרם,גרמים,550.00,100 גרם,false,1,9.90,1.8000,true,1,49704
7290017121086,false,"אריסה ביתית מתוקה עללחם, 250 גרם","מדשא תעשיות מזון בע""",IL,אריסה מתוקה עללחם 250גרם,גרמים,250.00,100 גרם,false,1,15.90,6.3600,true,1,54563
7290017121093,false,אריסה חריפה 250 גרם עללחם,"מדשא תעשיות מזון בע""",IL,עללחם בפיתה אריסה חריפה 250 גרם,גרמים,250.00,100 גרם,false,1,15.90,6.3600,true,1,43371
7290017121390,false,ממרח לימון בלאדי 250 גר',"מדשא תעשיות מזון בע""",IL,עללחם לימון בלאדי 250 גרם,גרמים,250.00,100 גרם,false,1,15.90,6.3600,true,1,47935
7290017142159,false,מארז נתחי טונה בהירה בשמן זית 3*80 ג' עץ הזית,יוניקורד ח.צ בעמ,TH,נתחי טונה בהירה עץ הזית *3 168גרם,גרמים,168.00,100 גרם,false,1,23.90,14.2262,true,1,43798
7290017142166,false,פילה טונה בשמן זית עץ הזית 120 גר',"יוניקורד ח.צ בע""מ",TH,עץ הזית פילה פרוס עם שמן זית 120 גרם,גרמים,120.00,100 גרם,false,1,15.90,13.2500,true,1,54173
7290017142401,false,קינואה לבנה ואדומה עם טונה בשמן זית 160 ג',ג'נרל מילס סאן אדריא,TH,קינואה לבנה ואדומה עם טונה 160 גרם,גרמים,160.00,100 גרם,false,1,14.90,9.3125,true,1,52024
7290017142418,false,ארוחה אורז עם עדשים טונה בשמן זית 160 גר',יוניקורד ח.צ בעמ,TH,אורז ועדשים עם טונה בשמן זית,גרמים,160.00,100 גרם,false,1,14.90,9.3125,true,1,52025
7290017189130,false,WOOPSפנקייקים אמריקא,מנדלז סי.אר. פרודקשן,BE,WOOPSפנקייקים אמריקאיים אפויים 240גרם,גרמים,240.00,100 גרם,false,1,18.90,7.8750,true,1,54365
7290017189253,false,קרפ אפוי וופס קפוא 6,מנדלז סי.אר. פרודקשן,BE,WOOPSקרפ אפוי קפוא 600 גרם,גרמים,600.00,100 גרם,false,1,21.90,3.6500,true,1,54362
7290017217727,false,"שיפודי במבוק יקיטורי 18 ס""מ 100 יחידות",פוזימון,CN,"שיפודי במבוק יקיטורי 18 ס""מ 100 יחידות",יחידה,1.00,יחידה,false,1,10.90,10.9000,true,1,55117
7290017304885,true,לחם שיפון מלא 750 ג,מאפיית שלמה א. אנג'ל,IL,לחם שיפון מלא 750 גרם,גרמים,750.00,100 גרם,false,1,16.90,2.2533,true,1,47083
7290017334448,false,שמן קנולה מזוכך OLEO,א.ד.מ . אנטוורפן,BE,שמן קנולה מזוכך OLEO 1 ליטר,ליטרים,1.00,ליטר,false,1,12.90,12.9000,true,1,52063
7290017334455,false,"אורז פרסי זיפר 1ק""ג",,TH,"אורז פרסי זיפר 1ק""ג",קילוגרמים,1.00,"ק""ג",false,1,10.90,10.9000,true,1,54153
7290017334462,false,אורז יסמין זיפר 1,,TH,"אורז יסמין זיפר 1 ק""ג",קילוגרמים,1.00,"ק""ג",false,1,11.90,11.9000,true,1,54154
7290017389011,false,מנגו מיובש ללא סוכר 160 ג' בקופסא,שקדיה,IL,שקדיה מנגו מיובש ללא סוכר 160 גר קופסא,גרמים,160.00,100 גרם,false,1,21.90,13.6875,true,1,54101
7290017406794,false,אורז בסמטי קינג קראו,פונט סלאם וולנסיה,IN,"אורז בסמטי קינג קראוון 1 ק""ג",קילוגרמים,1.00,"ק""ג",false,1,12.90,12.9000,true,1,54690
7290017477305,false,זרעי ציה 250 גר שקדי,דין שיווק,IL,זרעי ציה 250 גר שקדיה,גרמים,200.00,100 גרם,false,1,12.90,6.4500,true,1,53695
7290017477596,false,תמר מגהול פרימיום 400 ג' בקופסא,דין שיווק,IL,תמר מגהול ענק פרמיום 400ג שקדיה,גרמים,400.00,100 גרם,false,1,23.90,5.9750,true,1,53915
7290017478005,false,מלבי שמנת מתוקינוחים,,,מלבי שמנת מתוקינוחים 100 גרם,גרמים,100.00,100 גרם,false,1,9.90,9.9000,true,1,52711
7290017487571,false,לבבות קיסר בנספק שדו,חקלאי,IL,לבבות קיסר בנספק חידה- שדות בעמק,גרמים,350.00,100 גרם,false,1,14.90,4.2571,true,1,51047
7290017513393,false,תה ירוק סופר גרין 25 שקיקים,קריות זול,IL,תה ירוק סופר גרין,יחידה,1.00,יחידה,false,1,26.90,26.9000,true,1,47921
7290017513409,false,תה ירוק סופר פיורפל 25 שקיקים,HIQ FOOD PRODUCTS,IL,תה ירוק עם צמחים סגולים בטעם אוכמניות ואסאי,יחידה,1.00,יחידה,false,1,26.90,26.9000,true,1,48444
7290017513775,false,פליפז בייגלה מצופה שוקולד חלב 140 גרם,אולקר מקבוצת פלאדיס,TR,"Flipz, חטיף בייגלה אפוי בציפוי שוקולד חלב, 140 גרם",גרמים,140.00,100 גרם,false,1,9.90,7.0714,true,1,49514
7290017513782,false,פליפז בייגלה מצופה שוקולד מריר 140 גרם,אולקר מקבוצת פלאדיס,TR,פליפז בייגלה מצופה שוקולד מריר 140 ג,גרמים,140.00,100 גרם,false,1,9.90,7.0714,true,1,49513
7290017513850,false,תה ירוק נענע 25 שקיקים בתוספת ויטמינים Cּּ+D,ויסוצקי ירוק,IL,ויסוצקי ירוק נענע עם ויטמינים,גרמים,38.00,100 גרם,false,1,26.90,70.7895,true,1,51362
7290017513867,false,תה ירוק לימונית לואיזה 25 שקיקים בתוספת ויטמין Cּּ+D,ויסוצקי,IL,ויסוצקי ירוק לימונית ולואיזה עם ויטמינים,גרמים,38.00,100 גרם,false,1,26.90,70.7895,true,1,51361
7290017536125,false,עוגיות קקאו ממולאות,דויטישלנד,IL,עוגיות קקאו ממולאות שוקולנים 220 גרם דוי,גרמים,220.00,100 גרם,false,1,24.90,11.3182,true,1,53452
7290017536620,false,עוגיות קרנאץ שוקוציפ,דויטישלנד,IL,עוגיות קרנאץ שוקוציפס 220 גרם דויטש,גרמים,220.00,100 גרם,false,1,24.90,11.3182,true,1,53387
7290017536675,false,עוגיות מגולגלות תמרי,דויטישלנד,IL,עוגיות מגולגלות תמרים 220 גרם דויטש,גרמים,220.00,100 גרם,false,1,24.90,11.3182,true,1,53386
7290017536910,false,עוגיות פאדג 220 גרם,דויטישלנד,IL,עוגיות פאדג 220 גרם דויטש,גרמים,220.00,100 גרם,false,1,24.90,11.3182,true,1,53388
7290017536927,false,עוגיות וניל בציפוי ס,דויטישלנד,IL,עוגיות וניל בציפוי סוכר 220 גרם דויטש,גרמים,220.00,100 גרם,false,1,24.90,11.3182,true,1,53394
7290017555461,false,חטיף בוטנים בייק פרו,אשבל,IL,חטיף בוטנים בייק פרו 21 גרם חלבון 80גרם,גרמים,80.00,100 גרם,false,1,13.90,17.3750,true,1,50865
7290017589633,false,יין רזרב קברנה סוביניון Gold Edition,יקבי ברקן Barkan,IL,"קברנה סוביניון מהדורת רזרב גולד 750 מ""ל",מיליליטרים,750.00,"100 מ""ל",false,1,59.90,7.9867,true,1,46447
7290017599250,false,סוכרזית קלאסי 120 שקיות,ביסקול בע''מ,IL,סוכרזית קלאסי 120 שקיות,גרמים,120.00,100 גרם,false,1,19.90,16.5833,true,1,56198
7290017599267,false,סוכרלוז 120 שקיות ממתיק שולחני,סוכרזית Sucrazit,IL,סוכרזית סוכרלוז 120 שקיות 100גרם,גרמים,100.00,100 גרם,false,1,29.90,29.9000,true,1,56196
7290017599274,false,סוכרזית סטיוויה 120 שקיות,ביסקול בע''מ,IL,סוכרזית סטיוויה 120 שקיות 120גרם,גרמים,120.00,100 גרם,false,1,41.90,34.9167,true,1,56197
7290017617084,false,סטארקיסט מיקס טוגו טונה עם שעועית 185 גר',דרדנל אוננטאס גידה,TR,סטארקיסט מיקס טוגו טונה עם שעועית 185גרם,גרמים,185.00,100 גרם,false,1,13.90,7.5135,true,1,52574
7290017617091,false,סטארקיסט מיקס טוגו טונה עם פתיתים 185 גר',דרדנל אוננטאס גידה,TR,סטארקיסט מיקס טוגו טונה עם פתיתים 185גר,גרמים,185.00,100 גרם,false,1,13.90,7.5135,true,1,52575
7290017617138,false,נתחי טונה בהירה בשמן קנולה דל נתרן - מארז 4 יח',סטארקיסט פודור,,רביעיות טונה סטארקיסט דל נתרן בשמן קנולה,גרמים,640.00,100 גרם,false,4,29.90,4.6719,true,1,51671
7290017617381,false,אורז בסמטי וירקות בתוספת טונה בתיבול פקנטי,תאי יוניון,TH,לאנצ בוקס טונה אורז פיקנטי סטארקיסט 200,גרמים,200.00,100 גרם,false,1,15.90,7.9500,true,1,56481
7290017617398,false,פסטה ברוטב נפוליטנה בתוספת טונה ועגבניות 200 גרם,תאי יוניון,TH,לאנצ בוקס טונה פסטה סטארקיסט 200גרם,גרמים,200.00,100 גרם,false,1,15.90,7.9500,true,1,56482
7290017617404,false,אורז קינואה ופלפלים בתוספת טונה בלימון וטימין,תאי יוניון,TH,לאנצ בוקס טונה אורז וקינואה סטארקיסט 200,גרמים,200.00,100 גרם,false,1,15.90,7.9500,true,1,56483
7290017617411,false,מיקס סלמון עם אורז מלא וירקות 160 ג' סטארקיסט,סטארקיסט Starkist,PL,מיקס סלמון עם אורז מלא סטארקיסט 160גרם,גרמים,160.00,100 גרם,false,1,15.90,9.9375,true,1,55993
7290017617459,false,רביעיית טונה בשמן צמחי 120 ג' סטארקיסט,dalmore distilleries,TH,רביעיית טונה סטארקיסט בשמן צמחי 480גרם,גרמים,480.00,100 גרם,false,1,24.90,5.1875,true,1,55354
7290017617466,false,רביעיית טונה במים 120 ג' סטארקיסט,dalmore distilleries,TH,רביעיית טונה סטארקיסט במים 480גרם,גרמים,480.00,100 גרם,false,1,24.90,5.1875,true,1,55355
7290017647425,false,יין גמלא קברנה סוביניון 2018 750 מל,יקב רמת הגולן,,גמלא קברנה סוביניון - בציר 2018,מיליליטרים,750.00,"100 מ""ל",false,1,79.90,10.6533,true,1,50744
7290017647470,false,יין הר חרמון מגנטה 7,יקבי רמת הגולן,IL,"יין הר חרמון מגנטה 750 מ""ל",מיליליטרים,750.00,"100 מ""ל",false,1,44.90,5.9867,true,1,50663
7290017647708,false,"גמלא גוורצטרמינר 750 מ""ל",יקב רמת הגולן,IL,יין גמלא גוורצטרמינר 750 מל,מיליליטרים,750.00,"100 מ""ל",false,1,79.90,10.6533,true,1,53957
7290017647722,false,גמלא בלאנקו רמת הגול,יקב רמת הגולן,IL,יין גמלא בלאנקו 750 מל,מיליליטרים,750.00,"100 מ""ל",false,1,79.90,10.6533,true,1,53958
7290017677804,false,"רוטב סויה קיקומן ללא חומרים משמרים 444 מ""ל",ראקוטו קאסיי,US,רוטב סויה 444 מל,מיליליטרים,444.00,"100 מ""ל",false,1,24.90,5.6081,true,1,55180
7290017677811,false,"רוטב סויה קיקומן ללא חומרים משמרים 296 מ""ל",קיקומן פודז אינק,NL,"רוטב קיקומן סויה ללא תוספת חומרים משמרים 296 מ""ל",מיליליטרים,296.00,"100 מ""ל",false,1,18.90,6.3851,true,1,47229
7290017696294,false,תירס טרי יחידה,חקלאי,IL,תירס טרי יחידה,קילוגרמים,1.00,"ק""ג",false,1,19.90,19.9000,true,1,46723
7290017696393,false,בורגר פטריות מן הצומ,מרינה פטריות,IL,המבורגר פטריות - רביעייה - 130 גר *4,גרמים,450.00,100 גרם,false,1,34.90,7.7556,true,1,50649
7290017696584,false,שרי לובלו משולש יחיד,מרינה,IL,שרי לובלו משולש יחידה,גרמים,350.00,100 גרם,false,1,14.90,4.2571,true,1,47203
7290017724010,false,עוגיות גריסני שומשום,אקלר,IL,עוגיות גריסני שומשום 250 גרם,גרמים,250.00,100 גרם,false,1,24.90,9.9600,true,1,53755
7290017724027,false,עוגיות אלפא חורס אקל,"אקלר בע""מ",IL,עוגיות אלפחורס 300 גרם,גרמים,300.00,100 גרם,false,1,24.90,8.3000,true,1,53756
7290017724034,false,עוגיות סנדוויץ ריבה,אקלר,IL,עוגיות סנדוויץ ריבה 250 גרם,גרמים,250.00,100 גרם,false,1,24.90,9.9600,true,1,53757
7290017724102,false,עוגיות סיגרים תמרים/,אקלר,IL,עוגיות סיגרים תמרים 200 גרם,גרמים,200.00,100 גרם,false,1,24.90,12.4500,true,1,53763
7290017724119,false,עוגיות אוזניים אקלר,אקלר,IL,עוגיות אוזניים200 גרם,גרמים,200.00,100 גרם,false,1,24.90,12.4500,true,1,53764
7290017724126,false,עוגיות טחינה אקלר 25,אקלר,IL,עוגיות טחינה 250 גרם,גרמים,250.00,100 גרם,false,1,24.90,9.9600,true,1,53765
7290017724164,false,עוגיות אוזניים ללא ת,אקלר,IL,עוגיות אוזניים ללא סוכר 200 גרם,גרמים,200.00,100 גרם,false,1,24.90,12.4500,true,1,53768
7290017724201,false,עוגיות ואן גוך ללא ת,אקלר,IL,עוגיות ואן גוך ללא סוכר 200 גרם,גרמים,200.00,100 גרם,false,1,24.90,12.4500,true,1,53771
7290017724225,false,עוגיות בויוס 200 גרם,אקלר,IL,עוגיות בויוס 200 גרם,גרמים,200.00,100 גרם,false,1,24.90,12.4500,true,1,53773
7290017724232,false,עוגיות שומשומית אקלר,אקלר,IL,עוגיות שומשומיות 200 גרם,גרמים,200.00,100 גרם,false,1,24.90,12.4500,true,1,53774
7290017724287,false,עוגיות אצבעות פקאן ל,אקלר,IL,עוגיות אצבעות פקאן ללא סוכר 250 גרם,גרמים,250.00,100 גרם,false,1,24.90,9.9600,true,1,53778
7290017724355,false,עוגיות אצבעות שקדים,אקלר,IL,עוגיות אצבעות שקדים 250 גרם,גרמים,250.00,100 גרם,false,1,24.90,9.9600,true,1,53781
7290017724683,false,עוגיות חמאה שקדים 20,אקלר,IL,עוגיות חמאה שקדים 200 גרם,גרמים,200.00,100 גרם,false,1,24.90,12.4500,true,1,53789
7290017791142,false,קרקר כוסמין מלא אורג,פת במלח,IL,קרקר כוסמין מלא אורגינל 225 גרם,גרמים,225.00,100 גרם,false,1,23.90,10.6222,true,1,50612
7290017791203,false,קרקר כוסמין מלא סלק,פת במלח,IL,קרקר כוסמין מלא סלק 225 גרם,גרמים,225.00,100 גרם,false,1,23.90,10.6222,true,1,50597
7290017812571,false,מיץ ענבים אדום 100% טבעי 1 ליטר,יקבי כרמל Carmel Winery,IL,תירוש ליטר אדום 100% טבעי,ליטרים,1.00,ליטר,false,1,21.90,21.9000,true,1,49871
7290017812830,false,"יין רוזה פרייבט קולקשיין 750 מ""ל","כד בני דרום בע""מ",IL,"יין רוזה P.C 750 מ""ל",מיליליטרים,750.00,"100 מ""ל",false,1,47.90,6.3867,true,1,52318
7290017812847,false,יין סלקטד פרנץ גוורצטרמינר 750 מל,"כד בני דרום בע""מ",IL,יין פרנץ גוורצטרמינר סלקטד יקבי כרמל,מיליליטרים,750.00,"100 מ""ל",false,1,29.90,3.9867,true,1,52319
7290017871363,false,"סבון ידיים מועשר בשמן מקדמיה פמלי 500 מ""ל יהלום",המאפיה של הרמן,TR,תחליב רחצה לידיים מועשר בשמן מקדמיה,מיליליטרים,500.00,"100 מ""ל",false,1,11.90,2.3800,true,1,50242
7290017872049,false,"פמלי אל סבון בניחוח לוונדר ארומטי- שלישייה 500 מ""ל",אברנסל קוסמטיקס,TR,"פמילי אלסבון שלישייה לבנדר ארומטי 500 מ""",מיליליטרים,500.00,"100 מ""ל",false,1,17.90,3.5800,true,1,50897
7290017872070,false,מארז מגבונים לחים בניחוח מרענן פרש וואנס שלישייה,ווטנאפס,IL,פרש וואנס מגבונים נטורל קר שלישייה,יחידה,1.00,יחידה,false,1,9.90,9.9000,true,1,53032
7290017872650,false,"פמלי יהלום-סבון ידיים 500מ""ל עם שמן לבנדר",המאפיה של הרמן,TR,תחליב רחצה לידיים מועשר בשמן לוונדר,מיליליטרים,500.00,"100 מ""ל",false,1,11.90,2.3800,true,1,50984
7290017888019,false,"משקה תפוח רימון סלק גינגיר פרות &ווג 350 מ""ל",פרוט אנד וג' Fruit & Veg,IL,"FRUIT&VEG תפוח סלק רימון ג'ינג'ר 350 מ""ל",מיליליטרים,350.00,"100 מ""ל",false,1,8.90,2.5429,true,1,46987
7290017888026,false,"משקה אננס תפוח גזר פרות & ווג 350 מ""ל",פרוט אנד וג' Fruit & Veg,IL,"FRUIT&VEG אננס תפוח גזר 350 מ""ל",מיליליטרים,350.00,"100 מ""ל",false,1,8.90,2.5429,true,1,46915
7290017888033,false,"משקה בננה מלון נענע פרות &ווג 350 מ""ל",פרוט אנד וג' Fruit & Veg,IL,"FRUIT&VEG בננה מלון נענע 350 מ""ל",מיליליטרים,350.00,"100 מ""ל",false,1,8.90,2.5429,true,1,46916
7290017888644,false,"משקה אננס בננה כורכום פרות & ווג 350 מ""ל",פרוט אנד וג' Fruit & Veg,IL,"FRUIT&VEG אננס בננה כורכום 350 מ""ל",לא מנהל יחידת מידה,3.30,לא מנהל יחידת מידה,false,1,8.90,2.6970,true,1,50369
7290017888972,false,מי עדן 1 ליטר פקק ספורט בודד,מופק ממקור בזלתי עדן,IL,מי עדן פקק ספורט 1 ליטר,ליטרים,1.00,ליטר,false,1,5.00,5.0000,true,1,50590
7290017894010,false,גרין קוקו - מי קוקוס,בן טרה ג'וינט סטוק (,LK,מי קוקוס אורגני בתוספת מיץ אננס,ליטרים,1.00,ליטר,false,1,20.90,20.9000,true,1,49215
7290017894065,false,דגש - תערובת רב תכלי,"אף, סי תבליני הגליל",IL,דגש - תערובת רב תכליתית ללא גלוטן 500גר,גרמים,500.00,100 גרם,false,1,18.90,3.7800,true,1,49214
7290017894096,false,ממרח בטעם מיונז טבעו,אף.סי תבליני בגליל ב,DE,ממרח בטעם מיונז טבעוני אורגני נטורפוד350,גרמים,350.00,100 גרם,false,1,25.90,7.4000,true,1,51602
7290017928043,true,גריסיני קראנץ מלח 17,מאיר בייגל,IL,מאיר בייגל גריסיני קראנץ' עם מלח 175 גרם,יחידה,0.00,יחידה,false,1,12.90,0.0000,true,1,49260
7290017928630,true,גריסיני קראנץ פינוקי,מאיר בייגל,IL,מאיר בייגל גריסיני קראנץ' פינוקים 175 גרם,גרמים,0.00,100 גרם,false,1,12.90,0.0000,true,1,49267
7290017928685,false,בייגלה שמיניות עם מלח 400גרם -חדש,מאיר בייגל,IL,מאיר בייגל בייגלה עם מלח 400 גרם,גרמים,400.00,100 גרם,false,1,12.90,3.2250,true,1,53725
7290017928821,true,מקלות גריסיני קלאסי,מאיר בייגל,IL,מקלות גריסיני קלאסי 200 גרם מאיר בייגל,גרמים,200.00,100 גרם,false,1,12.90,6.4500,true,1,49441
7290017930046,false,פומלה מקולפת טרייה 2,ביכורי שדה דרום,IL,פומלה קלופה 300 גרם,גרמים,300.00,100 גרם,false,1,19.90,6.6333,true,1,47031
7290017930060,false,רימון קלוף 250 גרם,ביכורי שדה דרום,IL,רימון באריזה אישית 250 גרם,גרמים,250.00,100 גרם,false,1,17.90,7.1600,true,1,47032
7290017947105,false,לחם בסגנון אמריקה 500 גר',מאפיית שלמה א. אנג'ל,IL,לחם אנגל בסגנון אמריקה 500 גרם,גרמים,500.00,100 גרם,false,1,15.90,3.1800,true,1,50568
7290017947464,false,מארז 8 פיתות מקמח כוסמין מלא 400ג',"איטיליאן פוד, אס.פי.",IL,מאפיית אנג'ל פיתות כוסמין 400 גרם,יחידה,1.00,יחידה,false,1,17.90,17.9000,true,1,51367
7290017947495,false,לחמניות כוסמין 450 ג' אנג'ל,"איטיליאן פוד, אס.פי.",IL,אנג'ל לחמניות 100% כוסמין 450 גרם,גרמים,450.00,100 גרם,false,1,17.90,3.9778,true,1,51633
7290017947891,false,לחם כוסמין וחיטה מלאה 750 ג' אנג'ל,מאפיית שלמה א. אנג'ל,IL,"אנג'ל כוסמין וחיטה מלאה במרקם חלק, 750 גרם",גרמים,750.00,100 גרם,false,1,17.90,2.3867,true,1,51499
7290017947921,false,לחמניות המבורגר בסגנון אמריקאי מארז 6 יח',מאפיית שלמה א. אנג'ל,IL,אנג'ל לחמניות המבורגר בסגנון אמריקה 6 יח',גרמים,450.00,100 גרם,false,1,15.90,3.5333,true,1,50567
7290017947938,false,מיני לחמניות המבורגר בסגנון אמריקה 400 ג' אנג'ל,מאפיית שלמה א. אנג'ל,IL,לחמניות מיני המבורגר אמריקה 8 יח,גרמים,400.00,100 גרם,false,1,15.90,3.9750,true,1,51632
7290018011027,false,קרחון סורבה טבעוני ת,תמרה יוגורט,IL,קרחון סורבה טבעוני תמרה 80 גרם מנגו קוקוס מלוח,גרמים,80.00,100 גרם,false,1,11.90,14.8750,true,1,47376
7290018011034,false,קרחון סורבה טבעוני ת,,IL,קרחון סורבה טבעוני תמרה פטל ללים 80 גרם,גרמים,80.00,100 גרם,false,1,11.90,14.8750,true,1,46837
7290018011065,false,שלגון תמרה 80 גרם קפ,תמרה יוגורט,IL,שלגון תמרה 80 גרם קפה קר,גרמים,80.00,100 גרם,false,1,11.90,14.8750,true,1,47384
7290018011072,false,שלגון שמנת תמרה 80 ג,תמרה יוגורט,IL,שלגון שמנת תמרה 80 גרם פיסטוק,גרמים,80.00,100 גרם,false,1,11.90,14.8750,true,1,47388
7290018011089,false,קרחון סורבה תמרה עם,תמרה יוגורט,IL,קרחון סורבה תמרה עם משמש80 גרם,גרמים,80.00,100 גרם,false,1,11.90,14.8750,true,1,51014
7290018011218,false,קרחון סורבה טבעוני ת,,IL,קרחון סורבה טבעוני תמרה לימונענע 80 גרם,גרמים,80.00,100 גרם,false,1,11.90,14.8750,true,1,46832
7290018011225,false,קרחון סורבה טבעוני ת,,IL,קרחון סורבה טבעוני תמרה קוקוס 80 גרם,גרמים,80.00,100 גרם,false,1,11.90,14.8750,true,1,46835
7290018011256,false,שלגון יוגורט תמרה תו,,IL,שלגון יוגורט תמרה תות ומקופלת 80 גרם,גרמים,80.00,100 גרם,false,1,11.90,14.8750,true,1,46839
7290018011263,false,שלגון שמנת תמרה בטעם,,IL,שלגון שמנת תמרה בטעם קרם פסיפלורה,גרמים,80.00,100 גרם,false,1,11.90,14.8750,true,1,46843
7290018011317,false,ארטיק רני דובדבני 80,תמרה יוגורט,IL,ארטיק רני דובדבני 80 גרם,גרמים,80.00,100 גרם,false,1,11.90,14.8750,true,1,55230
7290018011331,false,סורבה שוקולד מיסו 42,תמרה יוגורט,IL,סורבה שוקולד מיסו 425 גרם,גרמים,425.00,100 גרם,false,1,34.90,8.2118,true,1,56625
7290018011409,false,קרחון סורבה טבעוני ת,,IL,קרחון סורבה טבעוני תמרה אסאי 80 גרם,גרמים,80.00,100 גרם,false,1,11.90,14.8750,true,1,46845
7290018011454,false,שלגון שמנת תמרה 80 ג,תמרה יוגורט,IL,שלגון שמנת תמרה 80 גרם סחלב,גרמים,80.00,100 גרם,false,1,11.90,14.8750,true,1,47386
7290018011478,false,שלגון תמרה תות שמנה,,IL,שלגון תמרה תות שמנה 80 גרם,גרמים,80.00,100 גרם,false,1,11.90,14.8750,true,1,46841
7290018011539,false,סורבה חלבה עם קראסט,תמרה יוגורט,IL,סורבה חלבה עם קראסט שומשום 425 גרם,גרמים,425.00,100 גרם,false,1,34.90,8.2118,true,1,56626
7290018011607,false,קרחון סורבה טבעוני ת,,IL,קרחון סורבה טבעוני תמרה בננה 80 גרם,גרמים,80.00,100 גרם,false,1,11.90,14.8750,true,1,46833
7290018011614,false,קרחון סורבה טבעוני ת,תמרה יוגורט,IL,קרחון סורבה טבעוני תמרה 80 גרם ליצי,גרמים,80.00,100 גרם,false,1,11.90,14.8750,true,1,47382
7290018011645,false,שלגון תמרה בטעם שוקו,,IL,שלגון תמרה בטעם שוקולד בננה 80 גרםן,גרמים,80.00,100 גרם,false,1,11.90,14.8750,true,1,46838
7290018011720,false,סורבה אננס פסיפלורה,תמרה יוגורט,IL,סורבה אננס פסיפלורה ונענע 350 גרם,גרמים,350.00,100 גרם,false,1,34.90,9.9714,true,1,56627
7290018011737,false,גלידת אייס קפה בננה,תמרה יוגורט,IL,גלידת אייס קפה בננה 350 גרם,גרמים,350.00,100 גרם,false,1,34.90,9.9714,true,1,56628
7290018011812,false,קרחון סורבה טבעוני ת,,,קרחון סורבה טבעוני תמרה 80 גרם מנגו גויאבה ורימון,גרמים,80.00,100 גרם,false,1,11.90,14.8750,true,1,47790
7290018011836,false,קרחון סורבה טבעוני ת,תמרה יוגורט,IL,קרחון סורבה טבעוני תמרה 80 גרם שוקולד חמאת בוטנים,גרמים,80.00,100 גרם,false,1,11.90,14.8750,true,1,47375
7290018011843,false,שלגון יוגורט תמרה יו,,IL,שלגון יוגורט תמרה יוגורט פירות יער 80 גר,גרמים,80.00,100 גרם,false,1,11.90,14.8750,true,1,46847
7290018011850,false,שלגון תמרה קרם קוקוס,,IL,שלגון תמרה קרם קוקוס 80 גרם,גרמים,80.00,100 גרם,false,1,11.90,14.8750,true,1,46840
7290018011867,false,שלגון שמנת תמרה בטעם,,IL,שלגון שמנת תמרה בטעם שוקולד קרמל מלוח,גרמים,80.00,100 גרם,false,1,11.90,14.8750,true,1,46842
7290018011874,false,קרחון סורבה תמרה טחי,תמרה יוגורט,IL,קרחון סורבה תמרה טחינה אלארז 80 גרם,גרמים,80.00,100 גרם,false,1,11.90,14.8750,true,1,51013
7290018011928,false,סורבה ליצי אננס וגינ,תמרה יוגורט,IL,סורבה ליצי אננס וגינגר 350 גרם,גרמים,350.00,100 גרם,false,1,34.90,9.9714,true,1,56629
7290018011935,false,גלידת יוגורט בתוספת,תמרה יוגורט,IL,גלידת יוגורט בתוספת דובדבני אמרה 425 גרם,גרמים,425.00,100 גרם,false,1,34.90,8.2118,true,1,56630
7290018038222,false,פיצה פאפאלה כוסמין ג,,,פיצה פאפאלה כוסמין גבינשיו 380גרם,גרמים,380.00,100 גרם,false,1,29.90,7.8684,true,1,52538
7290018038444,false,פיצה מרגריטה מבצק כו,פרוזן פקטורי,IL,פאפא'לה פיצה מרגריטה מבצק כוסמין,גרמים,380.00,100 גרם,false,1,26.90,7.0789,true,1,47029
7290018038888,false,פיצה מרגריטה פרמזן 3,פרוזן פקטורי,IL,פאפא'לה פיצה מרגריטה בתוספת פרמזן,גרמים,380.00,100 גרם,false,1,26.90,7.0789,true,1,47028
7290018043189,false,פראוד - חטיף חלבון בטעם קשיו קרמל 60 גרם,מרס נדרלנד,NL,PROUD קרמל קשיו 60 גרם,גרמים,60.00,100 גרם,false,1,14.90,24.8333,true,1,52227
7290018043196,false,פראוד - חטיף חלבון בטעם שוקולד לבן עוגיות 60 גרם,הרת'סייד פוד סולושיי,NL,חטיף חלבון PROUD שוקולד עוגיות 60 גרם,גרמים,60.00,100 גרם,false,1,14.90,24.8333,true,1,52229
7290018043295,false,חטיף חלבון בטעם ונילה קראנץ',הרת'סייד פוד סולושיי,NL,PROUD ונילה קראנץ 60 גרם,גרמים,60.00,100 גרם,false,1,14.90,24.8333,true,1,52228
7290018043844,false,חטיף חלבון בוטנים קרמל קראנץ 60 ג' פראוד,פראוד PROUD,NL,חטיף חלבון פראוד בוטנים קרמל קראנצי60,גרמים,60.00,100 גרם,false,1,14.90,24.8333,true,1,54977
7290018045695,false,דגנים במילוי קרם קרמל מלוח 480 ג' BON & BON,מונדיי Monday,DE,דגנים BON&BONבמילוי קרם קרמל מלוח 480גרם,גרמים,480.00,100 גרם,false,1,21.90,4.5625,true,1,54612
7290018045893,false,דגנים במילוי קרם נוגט 480ג' BON & BON,מונדיי Monday,DE,דגנים BON&BONבמילוי קרם נוגט 480גרם,גרמים,480.00,100 גרם,false,1,21.90,4.5625,true,1,54613
7290018071205,false,כפפות ניטרו כחולות אלסטיות S 100יח',איזיטאצ,CN,כפפות נטרו V ללא אבקה S כחול 100 יח,יחידה,1.00,יחידה,false,1,29.90,29.9000,true,1,55085
7290018071212,false,כפפות ניטרו כחולות אלסטיות M ללא אבקה 100יח',איזיטאצ,CN,כפפות נטרו V ללא אבקה M כחול 100 יח,יחידה,1.00,יחידה,false,1,29.90,29.9000,true,1,54848
7290018071229,false,כפפות ניטרו כחולות אלסטיות L ללא אבקה 100יח',איזיטאצ,CN,כפפות נטרו V ללא אבקה L כחול 100 יח,יחידה,1.00,יחידה,false,1,29.90,29.9000,true,1,54849
7290018071236,false,כפפות ניטרו כחולות אלסטיות XL ללא אבקה 100יח',איזיטאצ,CN,כפפות נטרו V ללא אבקה XL כחול 100 יח,יחידה,1.00,יחידה,false,1,29.90,29.9000,true,1,55094
7290018071250,false,כפפות פלסטיק M ללא אבקה 100 יח',Z.P.T.P.Co.Ltd,CN,כפפות פלסטיק שחורות M ללא אבקה 100 יח,יחידה,1.00,יחידה,false,1,14.90,14.9000,true,1,52363
7290018071267,false,כפפות פלסטיקL אלסטיות 100יח',Z.P.T.P.Co.Ltd,CN,כפפות פלסטיק שחורות L ללא אבקה 100 יח,יחידה,1.00,יחידה,false,1,14.90,14.9000,true,1,52362
7290018091272,false,בצק עוגיות קקאו טריפל שוקולד צ'יפס 300ג',מעדנות,TR,בצק עוגיות קקאו טריפל שוקולד ציפס300 ג,גרמים,300.00,100 גרם,false,1,20.90,6.9667,true,1,55590
7290018091470,false,גלילת ביסקוויטים בטעם שוקולד 300ג',מעדנות,IL,גלילת ביסקוויטים בטעם שוקולד מעדנות300,גרמים,300.00,100 גרם,false,1,20.90,6.9667,true,1,55570
7290018098240,false,מרק ירקות+חלבון ירוק,פרוטלנד,IL,מרק ירקות ירוק תוספת חלבון 500 גרם,גרמים,500.00,100 גרם,false,1,17.90,3.5800,true,1,56485
7290018098257,false,מרק שעועית+חלבון ירו,פרוטלנד,IL,מרק שעועית ירוק תוספת חלבון 500 גרם,גרמים,500.00,100 גרם,false,1,17.90,3.5800,true,1,56486
7290018098653,false,מרק מינסטרונה ירוק ת,פרוטלנד,IL,מרק מינסטרונה ירוק תוספת חלבון 500 גרם,גרמים,500.00,100 גרם,false,1,17.90,3.5800,true,1,56487
7290018131039,false,מאגדת שוקו וניל עוגי,גלידות נסטלה (נגה גל,IL,מאגדת שוקו וניל עוגיות וולנס 6*65ג,גרמים,65.00,100 גרם,false,1,32.90,50.6154,true,1,49644
7290018131077,false,"שלגון מילקה וניל, 71 גרם",פרונרי פולין,PL,שלגון מילקה עם ריפל שוקולד 71 גרם,גרמים,71.00,100 גרם,false,1,10.90,15.3521,true,1,52620
7290018131251,false,אקסטרים מטבע שוקולד לבן וליבת קרם עוגיות 115ג',גלידות נסטלה (נגה גל,IL,אקסטרים מ.שקלד.לבן וליבת ק.עוג. 18*115ג,גרמים,128.00,100 גרם,false,1,9.90,7.7344,true,1,49651
7290018131640,false,קראנץ בלונד עם ליבת נוגט בוטנים 100 גר',גלידות נסטלה (נגה גל,IL,קראנץ שוקולד בלונדי 100 גרם,גרמים,100.00,100 גרם,false,1,10.50,10.5000,true,1,52618
7290018131756,false,מאגדת וניל מצופה תות נסטלה 8*55 ג',גלידות נסטלה,IL,מאגדת 1/8 שלגונים וניל מצופה תות 440 גרם,גרמים,440.00,100 גרם,false,8,32.90,7.4773,true,1,52325
7290018131770,false,נסטלה שלגון וניל תות 55 גרם,גלידות נסטלה (נגה גל,IL,שלגון וניל מצופה תות 55 גרם,גרמים,55.00,100 גרם,false,1,5.90,10.7273,true,1,52322
7290018131930,false,מאגדת גלידה לה פרוטה,נסטלה,IL,מאגדת ל.פרוטה מצופה בננה פקאן 325 גרם,גרמים,325.00,100 גרם,false,5,32.90,10.1231,true,1,52324
7290018131954,false,קרחון שרבט פרווה לה פרוטה תות שדה ושוקולד מריר,גלידות נסטלה Nestle,IL,מאגדת ל.פרוטה מצופה תות שוקולד 350 גרם,גרמים,350.00,100 גרם,false,5,32.90,9.4000,true,1,52323
7290018131978,false,טילון אוראו 68.5גרם,פרונרי פולין,PL,טילון אוראו 68.5גרם,גרמים,69.00,100 גרם,false,1,6.90,10.0000,true,1,52624
7290018165010,false,"יין ברקן רזרב גולד גוורצטרמינר 750 מ""ל",יקבי ברקן שיווק והפצ,IL,"גוורצטרמינר רזרב גולד 750 מ""ל",מיליליטרים,750.00,"100 מ""ל",false,1,59.90,7.9867,true,1,52068
7290018165027,false,יין רזרב ברקן גולד ר,יקבי ברקן שיווק והפצ,IL,"רזרב גולד רוזה 750 מ""ל",מיליליטרים,750.00,"100 מ""ל",false,1,59.90,7.9867,true,1,55221
7290018165447,false,"יין רזרב גולד מרלו 750 מ""ל",יקבי ברקן שיווק והפצ,IL,"רזרב גולד מרלו 750 מ""ל",מיליליטרים,750.00,"100 מ""ל",false,1,59.90,7.9867,true,1,52077
7290018192023,false,מקלות סלרי יחידה,"מרינה פטריות הגליל בע""מ",IL,מקלות סלרי יחידה,גרמים,500.00,100 גרם,false,1,9.90,1.9800,true,1,48775
7290018192658,false,מארז זוג פטריות פורטובלה ושמפיניון מרינה,"מרינה פטריות הגליל בע""מ",IL,פטריות שמפניון צמד חמד איטלקי מארז זוג,גרמים,500.00,100 גרם,false,1,17.90,3.5800,true,1,51578
7290018192689,false,תירס לבן מתוק ארוז,מרינה,IL,תירס לבן מתוק ארוז,יחידה,1.00,יחידה,false,1,24.90,24.9000,true,1,53112
7290018194683,false,עוגיות בטעם חמאה בפח,"אס. אף. אס מאפים בע""",IL,עוגיות בטעם חמאה בפח עוגלה 170 גרם,גרמים,170.00,100 גרם,false,1,8.90,5.2353,true,1,52088
7290018198209,false,תפוגן ציפס בטטה קראנ,"תעשיות תפוגן בע""מ",IL,תפוגן ציפס בטטה קראנצי 500גרם,גרמים,500.00,100 גרם,false,1,21.90,4.3800,true,1,54114
7290018236635,false,צ'ונגו פופקורן מצופה עוף טוב 600 גר',מוצרי עוף טוב (2001),IL,עוף טוב צונגו פופקורן מצופה 12*600גרם,גרמים,600.00,100 גרם,false,1,39.90,6.6500,true,1,52350
7290018294895,false,"יין מונלייט לבן חצי מתוק 750 מ""ל",יקבי כרמל Carmel Winery,IL,ין מונלייט לבן יקבי כרמל 750 מל,מיליליטרים,750.00,"100 מ""ל",false,1,39.90,5.3200,true,1,55598
7290018294901,false,מונלייט אדום יבש 750 מל',יקבי כרמל Carmel Winery,IL,"מונלייט אדום 750 מ""ל",מיליליטרים,750.00,"100 מ""ל",false,1,39.90,5.3200,true,1,55597
7290018359495,false,תירס מהשדה בלי תוספת סוכר יכין 550 גר',היינץ צפון אמריקה מק,IL,יכין תירס לייט מופחת קלוריות 550 גרם,גרמים,550.00,100 גרם,false,1,9.90,1.8000,true,1,51597
7290018359853,false,עדשים שחורות יכין 400 גר',"זנלכל בע""מ",IL,עדשים שחורות יכין 400גרם,גרמים,400.00,100 גרם,false,1,6.90,1.7250,true,1,53936
7290018359877,false,רסק עגבניות טבעי יכי,יכין,IL,רסק עגבניות טבעי יכין * 3 600 גרם,גרמים,1800.00,100 גרם,false,1,13.90,0.7722,true,1,54550
7290018359938,false,"רוטב עגבניות לשקשוקה יכין, 400 גרם",יכין,IL,רוטב עגבניות לשקשוקה יכין 400 גרם,גרמים,400.00,100 גרם,false,1,11.90,2.9750,true,1,55392
7290018359945,false,חאריפה רוטב פיקנטי מפלפלים וירקות 400גר,יכין,IL,רוטב פיקנטי חאריפה יכין 400 גרם,גרמים,400.00,100 גרם,false,1,11.90,2.9750,true,1,55395
7290018359952,false,רוטב עגבניות לפסטה יכין 400 גרם,יכין,IL,רוטב עגבניות לפסטה יכין 400 גרם,גרמים,400.00,100 גרם,false,1,11.90,2.9750,true,1,55394
7290018359969,false,רוטב עגבניות לפיצה יכין 400 גרם,יכין,IL,רוטב עגבניות לפיצה יכין 400 גרם,גרמים,400.00,100 גרם,false,1,11.90,2.9750,true,1,55393
7290018367346,false,שומשום בטעם ווסאבי 1,Flavor full foods in,TW,שומשום בטעם ווסאבי 100 ג,גרמים,100.00,100 גרם,false,1,19.90,19.9000,true,1,54717
7290018400647,false,תערובת של בננה ותמר,"סנפרוסט בע""מ",IL,סמוזי בננה תמר סנפרוסט300 גרם,גרמים,300.00,100 גרם,false,1,19.90,6.6333,true,1,52765
7290018440193,false,בייגלה בציפוי קרם בטעם חמאת בוטנים פליפז 140 גר',אולקר מקבוצת פלאדיס,TR,פליפז בייגלה מצופה חמאת בוטנים 140 ג,גרמים,140.00,100 גרם,false,1,9.90,7.0714,true,1,52896
7290018440209,false,בייגלה בציפוי פאדג' לבן פליפז 140 גר',אולקר מקבוצת פלאדיס,TR,"Flipz, חטיף בייגלה אפוי בציפוי שוקולד חלב, 140 גרם",גרמים,140.00,100 גרם,false,1,9.90,7.0714,true,1,52198
7290018440223,false,חווית הצ'אי- מסאלה עוצמתי,קריות זול,IL,צאי מסאלה עוצמתי 25 גרם,גרמים,25.00,100 גרם,false,1,19.90,79.6000,true,1,53810
7290018440230,false,צ'אי ורדים 25 שק' ויסוצקי,קריות זול,IL,צאי ורדים 25 גרם,לא מנהל יחידת מידה,0.00,לא מנהל יחידת מידה,false,1,19.90,0.0000,true,1,53812
7290018440247,false,צ'אי שקדים 25 שק' ויסוצקי,קריות זול,IL,צאי שקדים 25 גרם,לא מנהל יחידת מידה,0.00,לא מנהל יחידת מידה,false,1,19.90,0.0000,true,1,53811
7290018440254,false,צ'אי קרמל מלוח 25 שק' ויסוצקי,קריות זול,IL,צאי קרמל מלוח 25 גרם,לא מנהל יחידת מידה,0.00,לא מנהל יחידת מידה,false,1,19.90,0.0000,true,1,53813
7290018440384,false,תה ירוק מאטה לימון נענע 25 שק' ויסוצקי,ויסוצקי,IL,תה ירוק מאטה לימון נענע 25 שקיקים,גרמים,25.00,100 גרם,false,1,26.90,107.6000,true,1,53808
7290018440391,false,תה ירוק מאטה נענע גוארנה 25 שק' ויסוצקי,ויסוצקי,IL,תה ירוק מאטה נענע גוארנה 25 שקיקים,גרמים,25.00,100 גרם,false,1,26.90,107.6000,true,1,53809
7290018440407,false,תה ירוק מאטה קקאו לוז 25 שק' ויסוצקי,ויסוצקי,IL,תה ירוק מאטה קקאו לוז 25 שקיקים,גרמים,25.00,100 גרם,false,1,26.90,107.6000,true,1,53807
7290018440483,false,בייגלה מצופה קרמל מלוח ושוקולד פליפז 140 גר',שוורצקוף& הנקל דיסלד,TR,פליפז בייגלה מצופה בקרמל מלוח ושוקולד 14,גרמים,140.00,100 גרם,false,1,9.90,7.0714,true,1,53391
7290018441626,false,גלידת פיינטים מנטה עוגיות 430 ג' בן וג'ירי,מוצרי איכות אמריקאיי,IL,פיינט בן&גריס מנטה עוגיות 430גרם,גרמים,430.00,100 גרם,false,1,23.90,5.5581,true,1,54505
7290018468401,false,"פסטרמה צמחונית בטעם גריל, 120 גרם",טיב טירת צבי 2000,IL,פסטרמה צמחונית בטעם גריל טירת צבי 120ג,גרמים,120.00,100 גרם,false,1,21.90,18.2500,true,1,55995
7290018468432,false,"נקניק טבעוני בטעם מעושן, 100 גרם",טיב טירת צבי 2000,IL,נקניק טבעוני בטעם מעושן טירת צבי 100 גרם,גרמים,100.00,100 גרם,false,1,21.90,21.9000,true,1,55997
7290018471036,false,"שוופס סודה לימון 500 מ""ל","יפאורה תבורי בע""מ",IL,שוופס סודה לימון 500מל,מיליליטרים,500.00,"100 מ""ל",false,1,4.90,0.9800,true,1,51807
7290018471043,false,"ספרינג פירות טרופיים פחית 330מ""ל",יפאורה תבורי בעמ,IL,"ספרינג פירות טרופיים פחית 330 מ""ל",מיליליטרים,330.00,"100 מ""ל",false,1,7.00,2.1212,true,1,52956
7290018471050,false,"ספרינג אגס תפוח סברס פחית 330מ""ל",יפאורה תבורי בעמ,IL,"ספרינג אגס תפוח סברס פחית 330 מ""ל",מיליליטרים,330.00,"100 מ""ל",false,1,7.00,2.1212,true,1,52973
7290018471111,false,"שוויפס מוחיטו ליים נענע 330 מ""ל",יפאורה שותפות מובגלת,IL,שוופס ליים מוחיטו 330 מל,ליטרים,1.50,ליטר,false,1,6.90,4.6000,true,1,52609
7290018471128,false,"ספרינג שייק אננס מנגו פסיפלורה זכוכית 330 מ""ל","יפאורה תבורי בע""מ",IL,"ספרינג שייק אננס מנגו פסיפלורה 330 מ""ל",מיליליטרים,330.00,"100 מ""ל",false,1,8.50,2.5758,true,1,53258
7290018471135,false,"ספרינג שייק בננה תמר תפוז זכוכית 330 מ""ל","יפאורה תבורי בע""מ",IL,"ספרינג שייק בננה תמר תפוז 330 מ""ל",מיליליטרים,330.00,"100 מ""ל",false,1,8.50,2.5758,true,1,53259
7290018471142,false,"ספרינג שייק בננה אננס קוקוס פירות יער זכוכית 330 מ""ל","יפאורה תבורי בע""מ",IL,ספרינג שייק בננה אננס קוקוס פירות יער 330 מל,מיליליטרים,330.00,"100 מ""ל",false,1,8.50,2.5758,true,1,53260
7290018471401,false,פרוט&ווג' אננס בננה כורכום 1 ליטר,פרוט אנד וג' Fruit & Veg,IL,FRUIT&VEG אננס בננה כורכום 1 ליטר,ליטרים,1.00,ליטר,false,1,14.90,14.9000,true,1,52960
7290018471906,false,שוופס מוגז פירות לימונדה ורודה 1.5 ליטר פיקדון,"יפאורה תבורי בע""מ",IL,שוופס מוגז פירות לימונדה ורודה 1.5 ל',ליטרים,1.50,ליטר,false,1,10.90,7.2667,true,1,54213
7290018471913,false,שוופס מוגז פירות תפוחים 1.5 ל',"יפאורה תבורי בע""מ",IL,שוופס משקה תפוחים מוגז 1.5 ליטר,ליטרים,1.50,ליטר,false,1,10.90,7.2667,true,1,54214
7290018471937,false,שוופס מוגז פירות תות ליים 1.5 ליטר פיקדון,"יפאורה תבורי בע""מ",IL,שוופס מוגז פירות תות ליים 1.5 ליטר,ליטרים,1.50,ליטר,false,1,10.90,7.2667,true,1,54216
7290018471944,false,שוופס מוגז פירות לימונייד 1.5 ליטר פיקדון,"יפאורה תבורי בע""מ",IL,שוופס מוגז פירות לימונייד 1.5 ליטר,ליטרים,1.50,ליטר,false,1,10.90,7.2667,true,1,54217
7290018500231,false,"לחם וויקאנד אנג`ל, 750 גרם",מאפיית אנג'ל,IL,לחם וויקנד אנגל 750 גרם,גרמים,750.00,100 גרם,false,1,17.90,2.3867,true,1,55235
7290018500316,false,ארטיזנל לחם כוסמין לבן 500 ג',מאפיית שלמה א. אנג'ל,IL,לחם ארטיזנל כוסמין לבן,לא מנהל יחידת מידה,0.00,לא מנהל יחידת מידה,false,1,19.90,0.0000,true,1,56254
7290018500361,false,לחם אנג'ל אחיד פרוס 900 גר',מאפיית שלמה א. אנג'ל,IL,לחם אחיד פרוס אנגל 900 גרם,גרמים,900.00,100 גרם,false,1,9.49,1.0544,true,1,55335
7290018500385,false,חלה רגילה מוגדלת 650גר אנג'ל,מאפיית שלמה א. אנגל,IL,חלה רגילה אנגל 650 גרם,גרמים,650.00,100 גרם,false,1,8.14,1.2523,true,1,55336
7290018500392,false,חלה קלועה מוגדלת 650גר אנג'ל,מאפיית שלמה א. אנגל,IL,חלה קלועה אנגל 650 גרם,גרמים,650.00,100 גרם,false,1,8.14,1.2523,true,1,55337
7290018540329,false,שקית פיתה פיתה בלדי 800 ג' אנג'ל,מאפיית שלמה א. אנג'ל,IL,פיתה פיתה אנגל בלדי 8 יח 880 גרם,גרמים,880.00,100 גרם,false,1,13.90,1.5795,true,1,52291
7290018540817,false,ארטיזנל כוסנין-לחם מחמצת 500 גר',מאפיית אורנים,IL,ארטיזנל לחם מחמצת כוסמין 500גרם,גרמים,500.00,100 גרם,false,1,19.90,3.9800,true,1,54116
7290018540824,false,ארטיזנל כפרי-לחם מחמצת 500 גר',מאפיית אורנים,IL,ארטיזנל לחם מחמצת כפרי,גרמים,500.00,100 גרם,false,1,19.90,3.9800,true,1,54117
7290018540831,false,לחם מחמצת חיטה מלאה וגרעינים 500 ג' ארטיזנל,מאפיית אורנים,IL,ארטיזנל לחם מחמצת חיטה מלאה ודגנים500גרם,גרמים,500.00,100 גרם,false,1,19.90,3.9800,true,1,54118
7290018589830,false,לזניה פטריות דיילי ק,סי.אי.פי. מבוא חורון,IL,לזניה פטריות דיילי קיטשן 400 גרם,גרמים,400.00,100 גרם,false,1,34.90,8.7250,true,1,54648
7290018589847,false,לזניה ר וזה בטטה דיי,סי.אי.פי. מבוא חורון,IL,לזניה ר וזה בטטה דיילי קיטשן 400 גרם,גרמים,400.00,100 גרם,false,1,34.90,8.7250,true,1,54649
7290018589861,false,לזניה ברוקולי דיילי,סי.אי.פי. מבוא חורון,IL,לזניה ברוקולי דיילי קיטשן 400 גרם,גרמים,400.00,100 גרם,false,1,34.90,8.7250,true,1,54647
7290018593233,false,גבינאטס טבעי ממרח שק,פלנטי,IL,גבינאטס טבעי ממרח שקדים בסגנון גבינה 240,גרמים,240.00,100 גרם,false,1,19.90,8.2917,true,1,56488
7290018593240,false,גבינאטס זיתים ממרח ש,פלנטי,IL,גבינאטס זיתים ממרח שקדים בסגנון גבינה 24,גרמים,240.00,100 גרם,false,1,19.90,8.2917,true,1,56489
7290018593325,false,לאבנה שקדים 220 גרם,פלנטי,IL,לאבנה שקדים 220 גרם פלנטי,גרמים,220.00,100 גרם,false,1,19.90,9.0455,true,1,56490
7290018641439,false,ערק פלוס אשכוליות 33,,IL,ערק פלוס אשכוליות 330 מל,מיליליטרים,330.00,"100 מ""ל",false,1,14.90,4.5152,true,1,53959
7290018641446,false,ערק פלוס לימודה 330,,IL,ערק פלוס לימודה 330 מל,מיליליטרים,330.00,"100 מ""ל",false,1,14.90,4.5152,true,1,53960
7290018652015,false,סופר רולר 75גרם,פרונרי איברייה,PL,סופרולר 75גרם,גרמים,75.00,100 גרם,false,1,7.90,10.5333,true,1,52625
7290018652053,false,"יסקולידה אקסטרה גלידה בטעמי וניל ושוקולד, 90 גרם",נגה גלידות,IL,ביסקולידה קסטרה 95 גרם,גרמים,95.00,100 גרם,false,1,6.90,7.2632,true,1,52616
7290018652657,false,שלגוני לייט נסטלה מנ,גלידות נסטלה,IL,מאגדת מניוגו לייט 312גרם,גרמים,312.00,100 גרם,false,1,32.90,10.5449,true,1,54748
7290018652756,false,שלגון שתותי טרופי 55 גר,נסטלה,IL,שתותי פרוטי 55גרם,גרמים,55.00,100 גרם,false,1,5.90,10.7273,true,1,54743
7290018652770,false,אקסטרים ביגלה מתוק מלוח 115 ג' נסטלה,גלידות נסטלה,IL,טילון גולדה 115גרם,גרמים,115.00,100 גרם,false,1,9.90,8.6087,true,1,54740
7290018652886,false,מאגדת מצופים שוקו בננה 8 יח-476 ג',גלידות נסטלה,IL,מאגדת מצופים שוקו בננה כלפ 8 יחידות,גרמים,440.00,100 גרם,false,1,32.90,7.4773,true,1,54728
7290018652909,false,מאגדת מאגנום קפה שוקולד ופקאן 5 *43 ג' נסטלה,גלידות נסטלה,IL,מאגדת קפה שוקולד פקאן 225גרם,גרמים,225.00,100 גרם,false,1,32.90,14.6222,true,1,54746
7290018652923,false,מאגדת תות עוגת גבינה שוקולד 5 *43 ג' נסטלה,גלידות נסטלה,IL,מאגדת תות שוקולד עוגיות 225גרם,גרמים,225.00,100 גרם,false,1,32.90,14.6222,true,1,54747
7290018652947,false,קראנץ שוקולד לבן ליב,גלידות נסטלה,IL,שלגון קראנץ פיסטוק 100 גרם,גרמים,100.00,100 גרם,false,1,10.50,10.5000,true,1,55057
7290018703083,false,חטיף חלבון דאבל שוקולד קראנץ 60 ג' פראוד,פראוד PROUD,NL,חטיף חלבון פראוד דאבל שוקולד קראנצי,גרמים,60.00,100 גרם,false,1,14.90,24.8333,true,1,54976
7290018703311,false,חטיף חלבון קרם עוגיות קראנץ 60 ג' פראוד,v.s.i,NL,פראוד - חטיף חלבון בטעם קרם עוגיות,גרמים,60.00,100 גרם,false,1,14.90,24.8333,true,1,46871
7290018720004,false,עוגיות סנדוויץ תות 150ג מעדני מלך,סנו מפעלי ברונוס.,IL,מעדני מלך סנדוויץ תות 150ג,גרמים,150.00,100 גרם,false,1,5.50,3.6667,true,1,53700
7290018720011,false,ביסקוויט קרנבל חיות בטעם וניל 250 ג' מעדני מלך,הגביע מוצרי וופלים,IL,ביסקוויט קרנבל חיות 250 גרם,גרמים,250.00,100 גרם,false,1,6.90,2.7600,true,1,53283
7290018792841,false,אבקת קקאו טבעי 150ג גאנה,גאנס לודרס,IL,אבקת קקאו טבעי גאנה 150 גרם,גרמים,150.00,100 גרם,false,1,11.90,7.9333,true,1,55686
7290018823002,false,מלפפון בייבי אורגני,,,מלפפון בייבי אורגני 250 גרם,גרמים,250.00,100 גרם,false,1,19.90,7.9600,true,1,54166
7290018848005,false,יין רוזה בפחית 250 מ,דונלי ויני,IT,"יין רוזה בפחית 250 מ""ל",מיליליטרים,250.00,"100 מ""ל",false,1,17.90,7.1600,true,1,54631
7290018848012,false,יין לבן בפחית 250 מ,דונלי ויני,IT,"יין לבן בפחית 250 מ""ל",מיליליטרים,250.00,"100 מ""ל",false,1,17.90,7.1600,true,1,54630
7290018893807,true,שוקולד מריר1/3 צוקטה,אייברקקאו אס אי. יו,ES,שוקולד מריר1/3 צוקטה,גרמים,300.00,100 גרם,false,1,16.90,5.6333,true,1,55178
7290018894002,false,קוביות וופל במילוי קרם קקאו - חלבי,בלקוני Balconi,IT,בלקוני וופל קוביות קקאו 250 ג,גרמים,250.00,100 גרם,false,1,12.90,5.1600,true,1,54902
7290018894019,false,עוגות אישיות במילוי קרם חלבי ובציפוי קרם קקאו,בלקוני Balconi,IT,בלקוני עוגות מיקס מקס חלב 350 ג,גרמים,350.00,100 גרם,false,1,15.90,4.5429,true,1,54907
7290018894071,false,צ'וקטה מארז סביבון לחנוכה,צ'וקטה Chocketa,IL,צוקטה מארז סביבון לחנוכה 225 ג,גרמים,225.00,100 גרם,false,1,19.90,8.8444,true,1,56251
7290018894200,false,בלקוני וופל קוביות ויל 250 גרם חלבי OU,בלקוני Balconi,IT,בלקוני וופל קוביות וניל 250 ג,גרמים,250.00,100 גרם,false,1,12.90,5.1600,true,1,54903
7290018894408,false,קוביות וופל במילוי קרם אגוזי לוז - חלבי,בלקוני Balconi,IT,בלקוני וופל קוביות אגוזי לוז 250 ג,גרמים,250.00,100 גרם,false,1,12.90,5.1600,true,1,54904
7290018894606,false,בלקוני וופל קקאו 175 גרם חלבי OU,בלקוני Balconi,IT,בלקוני וופל קקאו 175 ג,גרמים,175.00,100 גרם,false,1,8.90,5.0857,true,1,54905
7290018894804,false,וופלים במילוי קרם אגוזי לוז - חלבי,בלקוני Balconi,IT,בלקוני וופל אגוזי לוז 175 ג,גרמים,175.00,100 גרם,false,1,8.90,5.0857,true,1,54906
7290018925065,false,פרימור מיץ תפוזים סחוט 2 ליטר,פרימור,IL,פרימור סחוט מיץ תפוזים 100% 2 ליטר,ליטרים,2.00,ליטר,false,1,27.90,13.9500,true,1,54385
7290018925072,false,פרימור מיץ לימונענע סחוט 2 ליטר,פרימור,IL,פרימור משקה קל לימונים ונענע 2 ליטר,ליטרים,2.00,ליטר,false,1,27.90,13.9500,true,1,54219
7290018925089,false,פרימור מיץ תפוח עץ צלול 2 ליטר,גניר,IL,מיץ תפוחים 2 ליטר,ליטרים,2.00,ליטר,false,1,27.90,13.9500,true,1,54220
7290018938157,false,נקניקיות מרגז רדיפיי,,,נקניקיות מרגז רדיפיין מיט 337גרם,גרמים,337.00,100 גרם,false,1,44.90,13.3234,true,1,55844
7290018938171,false,המבורגר פרימיום רדיפ,,,המבורגר פרימיום רדיפיין מיט 280גרם,גרמים,280.00,100 גרם,false,1,36.00,12.8571,true,1,55842
7290018938195,false,קבב טלה עגול רדיפיי,,,קבב טלה עגול רדיפיין מיט 330גרם,גרמים,330.00,100 גרם,false,1,39.90,12.0909,true,1,55843
7290018949009,false,משקה קל מוגז גרופר ת,,IL,משקה קל מוגז גרופר תפוזזה 330 מל,מיליליטרים,330.00,"100 מ""ל",false,1,8.90,2.6970,true,1,53961
7290018949016,false,משקה קל מוגז גרופר ת,,IL,משקה קל מוגז גרופר תפוחחה 330 מל,מיליליטרים,330.00,"100 מ""ל",false,1,8.90,2.6970,true,1,53962
7290018949023,false,משקה קל מוגז גרופר ל,,IL,משקה קל מוגז גרופר לימוננדה 330 מל,מיליליטרים,330.00,"100 מ""ל",false,1,8.90,2.6970,true,1,53963
7290018989005,false,יכין פולפה טבעית 400*3 גר,זנלכל,IL,עגבניות פולפה טבעית יכין שלישיה400גרם,גרמים,1200.00,100 גרם,false,1,16.90,1.4083,true,1,54549
7290018989081,false,חומוס הבית להכנת חומוס טרי יכין,זנלכל,IL,חומוס הבית להכנת חומוס טרי יכין 410גרם,גרמים,410.00,100 גרם,false,1,7.90,1.9268,true,1,55356
7290019056041,false,שוופס מוגז פירות לימונייד ללא סוכר 1.5 ליטר פיקדון,"יפאורה תבורי בע""מ",IL,שוופס ללא סוכר לימונייד 1.5 ליטר,ליטרים,1.50,ליטר,false,1,10.90,7.2667,true,1,54223
7290019056058,false,שוופס מוגז עדין תפוח ליים 1.5 ליטר פיקדון,"יפאורה תבורי בע""מ",IL,שוופס מוגז עדין תפוח ליים 1.5 ל',ליטרים,1.50,ליטר,false,1,11.50,7.6667,true,1,54224
7290019056065,false,שוופס מוגז עדין פירות יער 1.5 ליטר פיקדון,"יפאורה תבורי בע""מ",IL,שוופס מוגז עדין פירות יער 1.5 ל',ליטרים,1.50,ליטר,false,1,11.50,7.6667,true,1,54225
7290019056072,false,שוופס מוגז עדין אננס 1.5 ליטר פיקדון,"יפאורה תבורי בע""מ",IL,שוופס מוגז עדין אננס 1.5 ל',ליטרים,1.50,ליטר,false,1,11.50,7.6667,true,1,54226
7290019056089,false,שוופס מוגז עדין ענבי ריזלינג 1.5 ליטר פיקדון,"יפאורה תבורי בע""מ",IL,שוופס מוגז עדין ריזלינג 1.5 ל',ליטרים,1.50,ליטר,false,1,11.50,7.6667,true,1,54227
7290019056096,false,שוופס מוגז עדין אפרסק 1.5 ליטר פיקדון,"יפאורה תבורי בע""מ",IL,שוופס מוגז עדין אפרסק 1.5 ל',ליטרים,1.50,ליטר,false,1,11.50,7.6667,true,1,54228
7290019056119,false,שוופס סודה 1.5 ליטר פיקדון,"יפאורה תבורי בע""מ",IL,שוופס סודה 1.5 ל',ליטרים,1.50,ליטר,false,1,5.20,3.4667,true,1,54229
7290019056126,false,שוופס סודה לימון 1.5 ליטר בק' בודד פיקדון,"יפאורה תבורי בע""מ",IL,שוופס סודה לימון 1.5 ל',ליטרים,1.50,ליטר,false,1,5.80,3.8667,true,1,54230
7290019056164,false,שוופס סודה 1.5 ליטר רביעייה פיקדון,"יפאורה תבורי בע""מ",IL,שוופס רביעיה מי סודה 6 ליטר,ליטרים,6.00,ליטר,false,4,12.90,2.1500,true,1,54192
7290019056171,false,שוופס סודה לימון 1.5 ליטר רביעייה פיקדון,"יפאורה תבורי בע""מ",IL,שוופס רביעיה מי סודה בטעם לימון 6 ליטר,ליטרים,6.00,ליטר,false,4,12.90,2.1500,true,1,54232
7290019056232,false,משקה מוגז בטעם ליים מוחיטו 1.5 ל' שוופס,"יפאורה תבורי בע""מ",IL,שוופס מוחיטו 1.5 ל',ליטרים,1.50,ליטר,false,1,10.90,7.2667,true,1,54234
7290019056294,false,שוופס ג'ינג'ר אייל 1.5 ליטר פיקדון,"יפאורה תבורי בע""מ",IL,שוופס ג'ינג'ר אייל 1.5 ל',ליטרים,1.50,ליטר,false,1,12.90,8.6000,true,1,54239
7290019056300,false,משקה בטעם ביטר לימון 1.5 ל' שוויפס,"יפאורה תבורי בע""מ",IL,שוופס ביטר למון 1.5 ל',ליטרים,1.50,ליטר,false,1,12.90,8.6000,true,1,54240
7290019056317,false,שוופס ראשן 1.5 ליטר פיקדון,"יפאורה תבורי בע""מ",IL,שוופס ראשן 1.5 ל',ליטרים,1.50,ליטר,false,1,12.90,8.6000,true,1,54241
7290019056324,false,שוופס טוניק 1.5 ליטר פיקדון,"יפאורה תבורי בע""מ",IL,שוופס טוניק 1.5 ל',ליטרים,1.50,ליטר,false,1,12.90,8.6000,true,1,54242
7290019056331,false,שוופס טוניק ללא סוכר 1.5 ליטר פיקדון,"יפאורה תבורי בע""מ",IL,שוופס מי טוניק ללא סוכר 1.5 ליטר,ליטרים,1.50,ליטר,false,1,12.90,8.6000,true,1,54243
7290019056515,false,פרוט ווטר אננס 1.5 ליטר פיקדון,"יפאורה תבורי בע""מ",IL,Fruit Water אננס 1.5 ל',ליטרים,1.50,ליטר,false,1,10.90,7.2667,true,1,54255
7290019056539,false,פרוט ווטר אפרסק 1.5 ליטר פיקדון,"יפאורה תבורי בע""מ",IL,Fruit Water אפרסק 1.5 ל',ליטרים,1.50,ליטר,false,1,10.90,7.2667,true,1,54257
7290019056546,false,פרוט ווטר אבטיח 1.5 ליטר פיקדון,"יפאורה תבורי בע""מ",IL,Fruit Water אבטיח 1.5 ל',ליטרים,1.50,ליטר,false,1,10.90,7.2667,true,1,54258
7290019056553,false,עין גדי מים מינרלים 2 ליטר*6 יח',עין גדי מים מינרליים,IL,מים מינרליים עין גדי 2 ל' שישייה,ליטרים,12.00,ליטר,false,6,13.80,1.1500,true,1,54259
7290019056881,false,מי סודה שוויפס 1.5ל',"יפאורה תבורי בע""מ",IL,סודה שוופס 1.5 ליטר,ליטרים,1.50,ליטר,false,1,5.20,3.4667,true,1,54406
7290019056898,false,שוופס סודה לימון 1.5,"כד בני דרום בע""מ",IL,סודה שוופס לימון 1.5 ליטר,ליטרים,1.50,ליטר,false,1,5.80,3.8667,true,1,54407
7290019056942,false,מים מינרליים טבעיים,יפאורה,IL,מים עין גדי בקבוק 2 ליטר,ליטרים,2.00,ליטר,false,1,4.20,2.1000,true,1,54394
7290019056959,false,מי עדן 1.5 ליטר בק' בודד פיקדון,מופק ממקור בזלתי עדן,IL,מי עדן בקבוק 1.5 ליטר,ליטרים,1.50,ליטר,false,1,4.90,3.2667,true,1,54268
7290019056966,false,מי עדן בקבוק פיקדון 1.5 ליטר,"מי עדן בע""מ",IL,מי עדן בקבוק 1.5 ליטר,ליטרים,1.50,ליטר,false,1,5.20,3.4667,true,1,54410
7290019056973,false,מי עדן 1.5 ליטר שישייה פיקדון,מופק ממקור בזלתי עדן,IL,מי עדן שישייה בקבוק 1.5 ליטר,ליטרים,9.00,ליטר,false,6,16.90,1.8778,true,1,54269
7290019068006,false,המבורגר אנגוס 220אי,קצביית פרימיום,IL,המבורגר אנגוס 220איתן,גרמים,880.00,100 גרם,false,1,69.90,7.9432,true,1,53546
7290019068013,false,קבב רומני קפוא 840 ג,קצביית פרימיום,IL,קבב רומני קפוא 840 גרם איתן,גרמים,840.00,100 גרם,false,1,66.90,7.9643,true,1,53547
7290019068037,false,המבוגר אנגוס 100קפוא,קצביית פרימיום,IL,המבוגר אנגוס 100קפוא 600 גרם איתן,גרמים,600.00,100 גרם,false,1,52.90,8.8167,true,1,53550
7290019068082,false,קבב קינמון 600 גרם ק,,IL,קבב קינמון 600 גרם קפוא איתן,גרמים,600.00,100 גרם,false,1,69.90,11.6500,true,1,53557
7290019068112,false,קציצות עגל טלה 800 ג,,IL,קציצות עגל טלה 800 גרם קפוא איתן,גרמים,800.00,100 גרם,false,1,66.90,8.3625,true,1,53559
7290019153313,false,"משקהתפוח חמוציות אוכמניות 350 מ""ל פרות & ווג",יפאורה תבורי בעמ,IL,"FRUIT&VEG תפוח חמוציות אוכמניות 350 מ""ל",מיליליטרים,350.00,"100 מ""ל",false,1,9.50,2.7143,true,1,55181
7290019153368,false,"מיץ בטעם מוחיטו 330 מ""ל תפוזינה",יפאורה תבורי בעמ,IL,"תפוזינה מוחיטו 330 מ""ל זכוכית",מיליליטרים,330.00,"100 מ""ל",false,1,6.90,2.0909,true,1,55329
7290019196204,false,רביעיית טונה הספן בש,תעשיות פילטונה,IL,רביעיית טונה הספן בשמן קנולה 540גרם,גרמים,540.00,100 גרם,false,4,21.90,4.0556,true,1,54938
7290019232155,false,"חליטת ""לילה טוב"" קמומיל לבנדר ו25 שקיקים ויסוצקי",ויסוצקי,IL,ויסוצקי לילה טוב קמומיל לבנדר 25 שקיקים,גרמים,25.00,100 גרם,false,1,26.90,107.6000,true,1,56102
7290019232162,false,"חליטת ""לילה טוב"" קמומיל מליסה 25 שקיקים ויסוצקי",ויסוצקי,IL,ויסוצקי לילה טוב קמומיל מליסה 25 שקיקים,גרמים,25.00,100 גרם,false,1,26.90,107.6000,true,1,56103
7290019232179,false,תה ירוק נענע STAY WELL שקיקים 25 ויסוצקי,ויסוצקי,IL,ויסוצקי STEY WELL נענע 25 שקיקים,גרמים,25.00,100 גרם,false,1,26.90,107.6000,true,1,56099
7290019232186,false,תה ירוק לימונית לואיזהSTAY WELL 25 שקיקים ויסוצקי,ויסוצקי,IL,ויסוצקי STEY WELL לימונית לואיזה 25 שקיקים,גרמים,25.00,100 גרם,false,1,26.90,107.6000,true,1,56100
7290019232193,false,תה ירוק לימונית ג'ינג'ר STAY WELL שקיקים 25 ויסוצקי,ויסוצקי,IL,ויסוצקי STEY WELL לימונית גינגר 25 שקיקים,גרמים,25.00,100 גרם,false,1,26.90,107.6000,true,1,56101
7290019232377,false,חווית הצ'איתה שחור בטעם וניל והל 25 יח' ויסוצקי,קריות זול,IL,צאי וניל הל 25 גרם,גרמים,25.00,100 גרם,false,1,19.90,79.6000,true,1,56097
7290019232384,false,חווית הצ'אי תה שחור בטעם מוקה 25*50 ג' ויסוצקי,קריות זול,IL,צאי מוקה 25 גרם,גרמים,25.00,100 גרם,false,1,19.90,79.6000,true,1,56098
7290019232803,false,הולגריין ביסקוויט+קרם חלב ושוקולד חלב 300 גרם רבנות,"אולקר ביסקווי סנאי,",TR,הולגריין ביסקוויט עם קרם חלב ושוקולד חלב,גרמים,300.00,100 גרם,false,1,13.90,4.6333,true,1,55628
7290019232827,false,הולגריין ביסקוויט במילוי אגוזי לוז 300 גרם רבנות,"אולקר ביסקווי סנאי,",TR,הולגריין ביסקוויט במילוי אגוזי לוז 300 גרם,גרמים,300.00,100 גרם,false,1,13.90,4.6333,true,1,55630
7290019232834,false,בייגלה מצופה קרם עוגיות ושוקולד 140 גרם פליפז - רבנות,אולקר מקבוצת פלאדיס,TR,"Flipz, חטיף בייגלה אפוי בציפוי שוקולד חלב, 140 גרם",גרמים,140.00,100 גרם,false,1,9.90,7.0714,true,1,55177
7290019233008,false,רוטב עגבניות עם קוביות ארטישוק ושמן זית 420ג ויסוצקי,זיתא,IT,שקשוקה ארטישוק רוטב עגבניות עם קוביות 420 גרם,גרמים,420.00,100 גרם,false,1,13.90,3.3095,true,1,55593
7290019233015,false,רוטב שקשוקה תבשיל ירקות עם שמן זית כתית מעולה 420ג זיתא,זיתא,IT,שקשוקה ירוקה תבשיל ירקות 420 גרם,גרמים,420.00,100 גרם,false,1,13.90,3.3095,true,1,55592
7290019233039,false,שקשוקה קלאסית- רוטב עגבניות עם קוביות פלפלים צלויים,זיתא,IT,שקשוקה קלאסית רוטב עגבניות עם קוביות פלפלים צלויים,גרמים,420.00,100 גרם,false,1,13.90,3.3095,true,1,55594
7290019297239,false,צימוק חום 250 גרם בק,"דין שיווק וקליה בע""מ",,צימוק כהה 330 גרם,גרמים,330.00,100 גרם,false,1,14.90,4.5152,true,1,54098
7290019297628,false,שקד טבעי 150 גרם ששון הקולה שקית,דין שיווק,IL,שקד טבעי 150 גרם,גרמים,150.00,100 גרם,false,1,18.90,12.6000,true,1,53539
7290019297635,false,שקדים קלויים ששון הק,"דין שיווק וקליה בע""מ",IL,שקדים קלויים ששון הקולה 150 גרם,גרמים,150.00,100 גרם,false,1,21.90,14.6000,true,1,53540
7290019391005,false,אורז לבן - פיקס,,IL,אורז לבן - פיקס,גרמים,250.00,100 גרם,false,1,14.00,5.6000,true,1,55517
7290019391012,false,מלבי שמנת - המלביה,,IL,מלבי שמנת - המלביה,גרמים,350.00,100 גרם,false,1,35.00,10.0000,true,1,55542
7290019391029,false,נקניקיות ילדים -חוות,,IL,נקניקיות ילדים -חוות צוק,גרמים,300.00,100 גרם,false,1,29.00,9.6667,true,1,55541
7290019391036,false,מרק כתום 300גרם,,,מרק כתום 300גרם,גרמים,300.00,100 גרם,false,1,26.00,8.6667,true,1,56456
7290019391050,false,תפוא זעירים - פיקס,,IL,תפוא זעירים - פיקס,גרמים,250.00,100 גרם,false,1,15.00,6.0000,true,1,55522
7290019391067,false,עוגת יומהולדת - נו נ,,IL,עוגת יומהולדת - נו נו נו,גרמים,350.00,100 גרם,false,1,35.00,10.0000,true,1,55544
7290019391074,false,נקניקיות צפון אפריקא,,IL,נקניקיות צפון אפריקאיות- קצביה בשנקין,גרמים,300.00,100 גרם,false,1,29.00,9.6667,true,1,55537
7290019391081,false,מרק אפונה ונענע 300ר,,,מרק אפונה ונענע 300רם,גרמים,300.00,100 גרם,false,1,26.00,8.6667,true,1,56457
7290019391104,false,קציצות עוף ברוטב עגב,,IL,קציצות עוף ברוטב עגבניות -המטבחון,גרמים,250.00,100 גרם,false,1,34.00,13.6000,true,1,55512
7290019391111,false,שוקולד מלח ים -פיקס/,,IL,שוקולד מלח ים -פיקס/בוזה,גרמים,350.00,100 גרם,false,1,35.00,10.0000,true,1,55545
7290019391128,false,קבב רומני - קצביה בש,,IL,קבב רומני - קצביה בשינקין,גרמים,300.00,100 גרם,false,1,32.00,10.6667,true,1,55536
7290019391135,false,מרק עדשים וירקות שור,,,מרק עדשים וירקות שורש 300גרם,גרמים,300.00,100 גרם,false,1,26.00,8.6667,true,1,56458
7290019391159,false,אורז ירקות - דה סטרי,,IL,אורז ירקות - דה סטריטס,גרמים,250.00,100 גרם,false,1,25.00,10.0000,true,1,55519
7290019391166,false,מסקרפונה אמרנה- פיקס,,IL,מסקרפונה אמרנה- פיקס/ בוזה,גרמים,350.00,100 גרם,false,1,35.00,10.0000,true,1,55546
7290019391173,false,אזמה - אריא,,IL,אזמה - אריא,גרמים,180.00,100 גרם,false,1,19.00,10.5556,true,1,55506
7290019391203,false,לביבות כרובית - דה ס,,IL,לביבות כרובית - דה סטריטס,גרמים,220.00,100 גרם,false,1,36.00,16.3636,true,1,55514
7290019391258,false,סלט עדשים שחורים ויר,,IL,סלט עדשים שחורים וירקות - סון רון,גרמים,250.00,100 גרם,false,1,28.00,11.2000,true,1,55521
7290019391265,false,בננה שוקולד קוקוס(טב,,IL,בננה שוקולד קוקוס(טבעוני) - פיקס/בוזה,גרמים,350.00,100 גרם,false,1,35.00,10.0000,true,1,55547
7290019391272,false,תערובת שטרן - קפה בש,,IL,תערובת שטרן - קפה בשוק,גרמים,200.00,100 גרם,false,1,29.00,14.5000,true,1,55525
7290019391289,false,מרק חרירה 300גרם,,,מרק חרירה 300גרם,גרמים,300.00,100 גרם,false,1,26.00,8.6667,true,1,56459
7290019391302,false,טונה טוניסאית - אריא,,IL,טונה טוניסאית - אריא,גרמים,160.00,100 גרם,false,1,24.00,15.0000,true,1,55505
7290019391319,false,סמאש בורגר -חוות צוק,,IL,סמאש בורגר -חוות צוק,גרמים,320.00,100 גרם,false,1,33.00,10.3125,true,1,55539
7290019391326,false,תערובת אלנבי דרום -,,IL,תערובת אלנבי דרום - אדמונד,גרמים,200.00,100 גרם,false,1,29.00,14.5000,true,1,55526
7290019391357,false,מוס סלמון -מאנטה רי,מאנטה רי,,מוס סלמון -מאנטה רי,גרמים,160.00,100 גרם,false,1,27.00,16.8750,true,1,55499
7290019391364,false,פילה סלמון+ אטריות א,,IL,פילה סלמון+ אטריות אורז - מאנטה רי,גרמים,320.00,100 גרם,false,1,49.00,15.3125,true,1,55507
7290019391371,false,פפואה ניו גינאה - טי,,IL,פפואה ניו גינאה - טימותי,גרמים,200.00,100 גרם,false,1,32.00,16.0000,true,1,55527
7290019391401,false,מוס חצילים - מאנטה,מאנטה רי,,מוס חצילים - מאנטה רי,גרמים,180.00,100 גרם,false,1,22.00,12.2222,true,1,55500
7290019391418,false,"שיפודי פרגית+ תפו""א-",,IL,"שיפודי פרגית+ תפו""א- סון רון",גרמים,300.00,100 גרם,false,1,46.00,15.3333,true,1,55509
7290019391425,false,אתיופיה - טימותי,,IL,אתיופיה - טימותי,גרמים,200.00,100 גרם,false,1,32.00,16.0000,true,1,55528
7290019391456,false,מטבוחה -המטבחון,,IL,מטבוחה -המטבחון,גרמים,180.00,100 גרם,false,1,22.00,12.2222,true,1,55504
7290019391463,false,פד קא פאו +אורז תאלי,,IL,פד קא פאו +אורז תאלינדי - תאלינדית בהר ס,גרמים,320.00,100 גרם,false,1,44.00,13.7500,true,1,55508
7290019391470,false,צמרת מוקה - קפה בשוק,,IL,צמרת מוקה - קפה בשוק,גרמים,200.00,100 גרם,false,1,29.00,14.5000,true,1,55529
7290019391500,false,פריקי גלילי - אוזריה,,IL,פריקי גלילי - אוזריה,גרמים,250.00,100 גרם,false,1,25.00,10.0000,true,1,55518
7290019391517,false,ירקות קלויים - דלידה,,IL,ירקות קלויים - דלידה,גרמים,250.00,100 גרם,false,1,22.00,8.8000,true,1,55523
7290019391524,false,תערובת גן מאיר -קפה,,,תערובת גן מאיר -קפה בשוק,גרמים,200.00,100 גרם,false,1,28.00,14.0000,true,1,55606
7290019391555,false,קארי ירקות כתומים וט,,IL,קארי ירקות כתומים וטופו - באנה,גרמים,250.00,100 גרם,false,1,32.00,12.8000,true,1,55513
7290019391562,false,קציצות בקר -דלידה,,IL,קציצות בקר -דלידה,גרמים,250.00,100 גרם,false,1,34.00,13.6000,true,1,55511
7290019391616,false,קינואה עדשים ירוקים,,IL,קינואה עדשים ירוקים - באנה,גרמים,250.00,100 גרם,false,1,28.00,11.2000,true,1,55520
7290019391654,false,פסטה בולונז -אמורה מ,,IL,פסטה בולונז -אמורה מיו,גרמים,300.00,100 גרם,false,1,39.00,13.0000,true,1,55510
7290019391708,false,ניוקי סלק - פיקס,,IL,ניוקי סלק - פיקס,גרמים,300.00,100 גרם,false,1,32.00,10.6667,true,1,55533
7290019391715,false,אחו בלאנקו - אוזריה,אוזריה,,אחו בלאנקו - אוזריה,גרמים,160.00,100 גרם,false,1,26.00,16.2500,true,1,55501
7290019391753,false,פסטה טאליאטלה -אמורה,,IL,פסטה טאליאטלה -אמורה מיו,גרמים,300.00,100 גרם,false,1,24.00,8.0000,true,1,55532
7290019391760,false,סלט ביצים -דלידה,מאנטה רי,,סלט ביצים -דלידה,גרמים,180.00,100 גרם,false,1,24.00,13.3333,true,1,55502
7290019391807,false,ניוקי - אמורה מיו,,IL,ניוקי - אמורה מיו,גרמים,300.00,100 גרם,false,1,29.00,9.6667,true,1,55534
7290019391814,false,כבד קצוץ - חוות צוק,,IL,כבד קצוץ - חוות צוק,גרמים,160.00,100 גרם,false,1,26.00,16.2500,true,1,55503
7290019391852,false,רביולי דלעת שקדים-אמ,,IL,רביולי דלעת שקדים-אמורה מיו,גרמים,250.00,100 גרם,false,1,36.00,14.4000,true,1,55530
7290019391869,false,רביולי גבינות - דליד,,IL,רביולי גבינות - דלידה,גרמים,300.00,100 גרם,false,1,34.00,11.3333,true,1,55531
7290019391906,false,סהרונים תרד וגבינות,,IL,סהרונים תרד וגבינות - אריא,גרמים,250.00,100 גרם,false,1,44.00,17.6000,true,1,55535
7290019391913,false,קבב טלה - חוות צוק,,IL,קבב טלה - חוות צוק,גרמים,300.00,100 גרם,false,1,32.00,10.6667,true,1,55538
7290019391951,false,טירמיסו - אמורה מיו,,IL,טירמיסו - אמורה מיו,גרמים,350.00,100 גרם,false,1,35.00,10.0000,true,1,55543
7290019391968,false,אבועגלה מרגז -חוות צ,,IL,אבועגלה מרגז -חוות צוק,גרמים,300.00,100 גרם,false,1,29.00,9.6667,true,1,55540
7290019443124,false,בירה נגב אואזיס חדש,הכרם משקאות חריפים ב,IL,"נגב, אואזיס, בירה, 330 מל",מיליליטרים,330.00,"100 מ""ל",false,1,15.90,4.8182,true,1,55644
7290067642005,false,גולדסטאר סלואו בריאו,טמפו,IL,גולדסטאר 10% בירה לאגר חזקה מאוד,מיליליטרים,330.00,"100 מ""ל",false,1,9.90,3.0000,true,1,41644
7290100240632,false,"פתית 6 דגנים תלמה 250 גר בד""צ",יוניליוור ישראל מזון,IL,פתיתי 6 דגנים קרקר פריך מ6 דגנים,גרמים,250.00,100 גרם,false,1,20.90,8.3600,true,1,17620
7290100240656,false,"פתית שיפון תלמה 300ג' בד""צ",יוניליוור ישראל מזון,IL,פתית שיפון קרקר פריך משיפון ללא תוספת מלח וסוכר,גרמים,300.00,100 גרם,false,1,20.90,6.9667,true,1,18195
7290100243671,false,מרכך כביסה אקסטרא בניחוח יסמין מרענן,יוניליוור סנאיי וי ט,TR,בדין מרכך כביסה מרוכז בדין אקסטרה כחול 960 מל,מיליליטרים,960.00,"100 מ""ל",false,1,22.90,2.3854,true,1,14255
7290100412343,true,קוויק לניקוי כללי -,האי נאם סי או אל.טי.,IL,מטליות לחות,לא מנהל יחידת מידה,0.00,לא מנהל יחידת מידה,false,1,10.50,0.0000,true,1,49821
7290100653586,false,"דאו' ליידי ספיד סטיק 24/7 ג'ל ורוד 50מ""ל",ליידי ספיד סטיק Lady Speed Stick,US,דאודורנט ליידי ספיד סטיק 24/7 גל פרש פיוזן 65 גרם,גרמים,65.00,100 גרם,false,1,19.90,30.6154,true,1,8052
7290100658338,false,נוזל כלים אוקסי פלוס עם נוסחת החמצן הפעיל,הנסיך- מפעל לייצור ט,GR,פלמוליב נוזל לניקוי כלים אוקסי פלוס(כחול) 750 מל,מיליליטרים,750.00,"100 מ""ל",false,1,12.90,1.7200,true,1,8152
7290100659090,false,פרי חטיפים ללא סוכר מארז 5 תמרים וקינמו,טבעית מוצרים מן הטבע,IL,FRמאגדת חטיף דגנים תמרים וקינמון 100גרם,גרמים,100.00,100 גרם,false,1,17.90,17.9000,true,1,3233
7290100680650,false,מנה חמה נודלס-אטריות ירקות טעם תאילנדי אסם 76 ג',THAI PRESIDENT FOODS,TH,מנה חמה נודל.+ירקות תאילנדי6 6*76גרם,גרמים,76.00,100 גרם,false,1,7.90,10.3947,true,1,7959
7290100680667,false,מנה חמה נודלס-אטריות+ירקות טעם סצ'ואן,THAI PRESIDENT FOODS,TH,מנה חמה נודלס+ירקות ט.סצ'ואן6 6*76גרם,גרמים,76.00,100 גרם,false,1,7.90,10.3947,true,1,7960
7290100683880,false,אבקה להכנת פירה 260 ג' אסם,"אסם השקעות בע""מ",IL,אסם פירה 6*260גרם,גרמים,260.00,100 גרם,false,1,16.90,6.5000,true,1,3279
7290100685334,false,אבקת מרק עוף אמיתי ר.טבעיים 400ג' אסם,"אסם השקעות בע""מ",IL,אסם מרק עוף רכיבים טבעיים בדצ6*400גרם,גרמים,400.00,100 גרם,false,1,29.90,7.4750,true,1,9378
7290100685341,false,מרק בטעם עוף זך רכיבים טבעיים 400 ג' אסם,"אסם השקעות בע""מ",IL,אסם מרק זך טעם עוף רכיבים טבעים 6*400ג,גרמים,400.00,100 גרם,false,1,19.90,4.9750,true,1,8552
7290100687109,false,במבה במילוי קרם נוגט 60ג' אסם,"אסם השקעות בע""מ",IL,במבה במילוי נוגט 60 גרם,גרמים,60.00,100 גרם,false,1,4.90,8.1667,true,1,11255
7290100700020,false,סוגת גריסי פנינה 500גרם,האי נאם סי או אל.טי.,IL,גריסי פנינה 500 גרם,גרמים,500.00,100 גרם,false,1,6.50,1.3000,true,1,7952
7290100700242,false,"אורז מלא עגול סוגת 1 ק""ג","סוגת תעשיות בע""מ",IL,"אורז עגול מלא 1 ק""ג",קילוגרמים,1.00,"ק""ג",false,1,13.90,13.9000,true,1,27629
7290100700273,false,קינואה סוגת 500 גרם,האי נאם סי או אל.טי.,IL,קינואה 500 גרם,גרמים,500.00,100 גרם,false,1,16.90,3.3800,true,1,15375
7290100700372,false,"סוגת אורז בסמטי מלא 1 ק""ג",האי נאם סי או אל.טי.,IL,אורז בסמטי מלא 1 קג,קילוגרמים,1.00,"ק""ג",false,1,16.90,16.9000,true,1,15591
7290100700396,false,"סוגת אורז יסמין קלאסי 1 ק""ג",האי נאם סי או אל.טי.,IL,אורז יסמין קלאסי,קילוגרמים,1.00,"ק""ג",false,1,14.90,14.9000,true,1,23925
7290100700587,false,סוגת בורגול 500 גרם,האי נאם סי או אל.טי.,IL,בורגול 500 גרם,גרמים,500.00,100 גרם,false,1,6.50,1.3000,true,1,17866
7290100701331,false,קמח רב תכליתי שטיבל קמח חיטה לבן בהיר,"שטיבל בע""מ - טחנות ק",IL,קמח רב תכליתי +1,קילוגרמים,1.00,"ק""ג",false,1,8.90,8.9000,true,1,25952
7290100701454,false,גרישה - בורגול דק,"סוגת תעשיות בע""מ",IL,גרישה 500 גרם,גרמים,500.00,100 גרם,false,1,6.50,1.3000,true,1,44824
7290100703007,false,עדשים שחורות בלוגה סוגת 500 גר',האי נאם סי או אל.טי.,IL,עדשים שחורות בלוגה,גרמים,500.00,100 גרם,false,1,9.90,1.9800,true,1,45826
7290100704066,false,עדשים צהובות 500 ג' סוגת,האי נאם סי או אל.טי.,IL,עדשים צהובות 500 גרם,גרמים,500.00,100 גרם,false,1,9.90,1.9800,true,1,45002
7290100704141,false,סודה לשתייה 100 ג' סוגת,א.ל. ייצור ושיווק תב,IL,סודה לשתיה 100 גרם,גרמים,100.00,100 גרם,false,1,3.50,3.5000,true,1,45835
7290100704530,false,סוגת קמח כוסמין לבן ללא צורך בניפוי 1 קג,טחנות קמח שטיבל באר,IL,קמח כוסמין לבן ללא ניפוי,קילוגרמים,1.00,"ק""ג",false,1,17.90,17.9000,true,1,53191
7290100704660,false,קינואה מיקס סוגת 500 ג',"סוגת תעשיות בע""מ",IL,קינואה מיקס סוגת 500גרם,גרמים,500.00,100 גרם,false,1,16.90,3.3800,true,1,53526
7290100704691,false,אורז אדום סוגת 500,סוגת,IL,אורז אדום סוגת 500 גרם,גרמים,500.00,100 גרם,false,1,9.90,1.9800,true,1,56491
7290100704707,false,אורז מיקס סוגת 500,סוגת,IL,אורז מיקס סוגת 500 גרם,גרמים,500.00,100 גרם,false,1,9.90,1.9800,true,1,56492
7290100850909,false,דוריטוס בטעם נאצ'ו מקסיקני,שטראוס פריטו ליי בע,IL,דוריטוס נאצו 70 גרם,גרמים,70.00,100 גרם,false,1,5.90,8.4286,true,1,51471
7290100850916,false,דוריטוס בטעם חמוץ חריף,"שטראוס פריטו ליי בע""",IL,דוריטוס חמוץ חריף 70 גר 48 יח,גרמים,70.00,100 גרם,false,1,5.90,8.4286,true,1,25281
7290100850923,false,דוריטוס גריל 70 גרם,שטראוס פריטו ליי בע,IL,דוריטוס גריל 70 גר 48 יח,גרמים,70.00,100 גרם,false,1,5.90,8.4286,true,1,25283
7290100850930,false,דוריטוס דיפ טבעי 70ג,שטראוס פריטו ליי בע,IL,דוריטוס טבעי 70 גר 48 יח,גרמים,70.00,100 גרם,false,1,5.90,8.4286,true,1,25284
7290100858592,false,אבקת קקאו עלית שקית 150 ג',הנסיך- מפעל לייצור ט,IL,שקית קקאו 150גרם/20שק/150גר,גרמים,150.00,100 גרם,false,1,11.90,7.9333,true,1,3737
7290101113416,false,מאגדת יוגורט אפרסק 5,פלדמן,IL,מאגדת 1/5 גלידה יופלה פריזי אפרסק 400 ג,גרמים,400.00,100 גרם,false,1,26.90,6.7250,true,1,50379
7290101453901,false,נר מספר 3,סודי,,נר מספר 3,Unknown,0.00,Unknown,false,1,3.50,0.0000,true,1,26494
7290101454151,false,נרות ג'מבו כוכבים - סמי הכבאי,סודי,,"נרות ג""מבו כוכבים סמי הכבאי",יחידה,1.00,יחידה,false,1,6.80,6.8000,true,1,26468
7290101486688,false,פרי חטיפי בריאות מארז 5 דגנים עם שוקולד,טבעית מוצרים מן הטבע,IL,FREEמאגדת חטיף דגנים עם שוקולד 100 גרם,גרמים,100.00,100 גרם,false,1,17.90,17.9000,true,1,9802
7290101488286,false,"ליידי ספיד סטיק - דאודורנט ספריי לאישה 24/7 פרש פיוזן ורוד 150 מ""ל",ליידי ספיד סטיק Lady Speed Stick,RU,דאודורנט ספרי ל.ספיד ורוד פרש פיוזן150 מ,מיליליטרים,150.00,"100 מ""ל",false,1,23.90,15.9333,true,1,14666
7290101488316,false,ליידי ספיד סטיק - דאודורנט סטיק לאישה ללא סימן ורוד סטיק 65 גרם,ליידי ספיד סטיק Lady Speed Stick,US,דאודורנט ליידי ספיד סטיק ללא סימן שאוור פרש 65 גרם,מיליליטרים,65.00,"100 מ""ל",false,1,19.90,30.6154,true,1,11841
7290101551027,false,קפסולות קפה אספרסו חזק במיוחד 14 עלית 10 יח',הנסיך- מפעל לייצור ט,IL,קפסולות קפה אספרסו 14,גרמים,50.00,100 גרם,false,1,18.90,37.8000,true,1,46346
7290101551300,false,סילאן טבעי ללא תוספת סוכר בקבוק לחיץ,"פוליבה בע""מ",IL,סילאן טבעי לחיץ 380 גרם,גרמים,380.00,100 גרם,false,1,18.90,4.9737,true,1,46056
7290101551539,true,דנונה פרו 20 גרם בטע,"שטראוס בריאות בע""מ",IL,דנונה פרו 20 גר אפרסק 0% שומן,גרמים,200.00,100 גרם,false,1,6.50,3.2500,true,1,45496
7290101863410,false,"סיליט ניקוי עוצמתי מכיל אקונומיקה 750 מ""ל",סיליט באנג Cillit Bang,PL,"סיליט באנג אקונומיקה 750 מ""ל",מיליליטרים,750.00,"100 מ""ל",false,1,16.90,2.2533,true,1,18116
7290101864127,false,"ספריי להסרת כתמים 750 מ""ל וניש קליה",קליה וניש Kalia Vanish,IL,"ספריי מסיר כתמים וניש קליה 750 מ""ל",מיליליטרים,750.00,"100 מ""ל",false,1,19.90,2.6533,true,1,21463
7290101865261,false,"פיניש נוזל הברקה 800 מ""ל",רקיט בנקיזר,PL,"פיניש נוזל הברקה למדיח 800 מ""ל",מיליליטרים,800.00,"100 מ""ל",false,1,22.90,2.8625,true,1,21468
7290101866633,false,ווניש קליה ג`ל להסרת כתמים 3 ל',קליה וניש Kalia Vanish,IL,"ג""ל להסרת כתמים קליה וניש 3 ליטר",ליטרים,3.00,ליטר,false,1,27.90,9.3000,true,1,27594
7290101980919,false,ביצי שוקולד עם הפתעה,זאיני,,ביצי שוקולד מארז שלישייה 60 גרם,גרמים,60.00,100 גרם,false,1,16.90,28.1667,true,1,13015
7290101984412,false,זיקוק מספר,Unknown,,זיקוק מספר,Unknown,0.00,Unknown,false,1,5.80,0.0000,true,1,23918
7290101985433,false,הפתעות לימי הולדת,NOVELTY,,הפתעות לימי הולדת,Unknown,0.00,Unknown,false,1,6.80,0.0000,true,1,26489
7290101992059,false,כרזת מזל טוב,ארסלן,,כרזת מזל טוב,Unknown,0.00,Unknown,false,1,5.80,0.0000,true,1,26427
7290101999553,false,נרות גמבו כוכבים דו,סודי,,נרות גמבו כוכבים דורה,Unknown,0.00,Unknown,false,1,6.80,0.0000,true,1,26466
7290101999614,false,"נרות ג""מבו כוכבים פו",סודי,,"נרות ג""מבו כוכבים פו הדב",מיליליטרים,0.00,"100 מ""ל",false,1,6.80,0.0000,true,1,26469
7290101999621,false,נרות מטה כוכבים דרד,סודי,,נרות מטה כוכבים דרדסים,Unknown,0.00,Unknown,false,1,6.80,0.0000,true,1,26472
7290102004256,false,סט משאבה עם בלונים ו,גמר,,סט משאבה עם בלונים ווינקס,Unknown,0.00,Unknown,false,1,19.00,0.0000,true,1,26461
7290102030330,false,תפוצ'יפס קראנצ' בטעם מקסיקני,"שטראוס פריטו ליי בע""",IL,תפו קראנצ מקסיקני 200 גר 12 יח - שמיטה,גרמים,200.00,100 גרם,false,1,12.90,6.4500,true,1,16492
7290102060764,false,מארז זוג מברשות שיניים מרידול,יבואן ומשווק: ש. שסט,CH,מרידול זוג מברשות שיניים עדין 2 יחידות,Unknown,0.00,Unknown,false,1,33.90,0.0000,true,1,54920
7290102300822,false,גבינת צ'דר אנגלי כתום 35%,דאולי צ'יסמייקרס,GB,גבינת צדר אנגלית כתומה 200 גרם נני,גרמים,200.00,100 גרם,false,1,27.90,13.9500,true,1,24882
7290102300853,false,גבינת צדר לבן פרוס,מיוצר עי קונדיטוריית,,"גבינת צ""דר לבן פרוס 200 גר נני",גרמים,200.00,100 גרם,false,1,32.90,16.4500,true,1,46808
7290102300860,false,גבינת צ'דר אנגלי לבן 35%,דאוליי צ'יסמייקרס,GB,גבינת צדר אנגלית 200 גרם נני,גרמים,200.00,100 גרם,false,1,27.90,13.9500,true,1,24883
7290102302246,false,גאודה הנרי ויליך 200,מיוצר עי קונדיטוריית,NL,גבינת גאודה נני 200 גרם,גרמים,200.00,100 גרם,false,1,27.90,13.9500,true,1,43596
7290102302840,false,גבינת עיזים הולנדית פרוסה 34%,מיוצר עי קונדיטוריית,NL,גבינת גאודה עיזים פרוסה של נני 150 גרם,גרמים,150.00,100 גרם,false,1,34.90,23.2667,true,1,50071
7290102302864,false,גבינה הולנדית עם פסטו ירוק 34%,הנרי ויליך Henri Willig,NL,גאודה פסטו ירוק 200 גרם,גרמים,200.00,100 גרם,false,1,36.90,18.4500,true,1,50073
7290102302888,false,גבינה הולנדית עם כמו,מיוצר עי קונדיטוריית,NL,גאודה כמון 200 גרם,גרמים,200.00,100 גרם,false,1,33.90,16.9500,true,1,50075
7290102303977,false,טונה רוברט בשמן זית,Ramirez,PT,טונה בהירה בשמן זית רוברט 140גרם,גרמים,140.00,100 גרם,false,1,11.90,8.5000,true,1,55998
7290102303984,false,טונה במי מלח רוברט 1,Ramirez,PT,טונה בהירה במים רוברט 140גרם,גרמים,140.00,100 גרם,false,1,11.90,8.5000,true,1,55999
7290102304714,false,גבינת גלוריוס עיזים,הנרי ויליך,NL,גבינת גלוריוס עיזים 180 גרם,גרמים,180.00,100 גרם,false,1,49.90,27.7222,true,1,54984
7290102304769,false,מימולט גבינה מיושנת,איסיני סנט מר,FR,גבינת מימולט מיושנת 210 גרם,גרמים,210.00,100 גרם,false,1,43.90,20.9048,true,1,54988
7290102390427,false,יוגורט ביו עם קציפת תות 3% שומן 150 ג' מולר,מולר Muller,IL,יוגורט מולר פרופ תות 150 גרם,גרמים,150.00,100 גרם,false,1,5.90,3.9333,true,1,10841
7290102390465,false,יוגורט ביו עם קציפת אפרסק ופסיפלורה 3% שומן 150 ג' מולר,מולר Muller,IL,יוגורט מולר פרופ אפרסק פסיפלורה 150 גרם,גרמים,150.00,100 גרם,false,1,5.90,3.9333,true,1,10844
7290102390489,false,יוגורט ביו עם קציפת לימון 3% שומן 150 ג' מולר,מולר Muller,IL,יוגורט מולר פרופ לימון 150 גרם,גרמים,150.00,100 גרם,false,1,5.90,3.9333,true,1,10846
7290102391844,false,יוגורט ביו עם קציפת פירות יער3% שומן 150 ג' מולר,מולר Muller,IL,יוגורט מולר פרופ פירות יער 150 גרם,גרמים,150.00,100 גרם,false,1,5.90,3.9333,true,1,13040
7290102392094,false,חלב עיזים 4.1% צוריאל 1 ל' קרטון,מילקו תעשיות בעמ,IL,חלב עיזים בקרטון 1 ליטר,ליטרים,1.00,ליטר,false,1,18.90,18.9000,true,1,17290
7290102392728,false,מולר ביאנקו נטורל לבן טבעי 2.8% 200 ג',"טרה, פארק תעשיות בע""",IL,"מולייר, יוגורט bio 2.8% שומן",גרמים,200.00,100 גרם,false,1,4.50,2.2500,true,1,15769
7290102393039,false,מולר מיקס יוגורט קרמי בתוספת פצפוצי שוקולד 170 ג',קריות זול,IL,יוגורט מולר מיקס פצפוצי שוקולד 170 גרם,גרמים,170.00,100 גרם,false,1,6.50,3.8235,true,1,16271
7290102393060,false,מיקס יוגורט גליליות וופל קרם אגוזים 170 ג' מולר,קריות זול,IL,Muller mix גליליות קרם אגוזים,גרמים,170.00,100 גרם,false,1,6.50,3.8235,true,1,16272
7290102393176,false,סימפלי פרוט יוגורט אפרסק 3% שומן 150 ג' מולר,מילקו תעשיות בעמ,IL,יוגורט מולר סימפלי פרוט אפרסק 3% 150 גרם,גרמים,150.00,100 גרם,false,1,6.00,4.0000,true,1,17608
7290102393947,false,סימפלי פרוט יוגורט בטעם קיווי 3% שומן 150 ג' מולר,מילקו תעשיות בעמ,IL,יוגורט מולר סימפלי פרוט קיווי 3% 150 גרם,גרמים,150.00,100 גרם,false,1,6.00,4.0000,true,1,18555
7290102394081,false,מולר מיקס יוגורט קרמי עם קורנפלקס מצופה שוקולד,מילקו תעשייה בעמ,IL,Muller mix קורנפלקס מצופה,גרמים,170.00,100 גרם,false,1,6.50,3.8235,true,1,18557
7290102394821,false,נעם גבינה צהובה דק דק פ.ח 28% 200גר,מילקו תעשיות בעמ,IL,גבנצ 28% דק דק 200 ג',גרמים,200.00,100 גרם,false,1,18.90,9.4500,true,1,19708
7290102394845,false,פרוסות גבינת נעם מופחתת שומן 9%,מילקו תעשיות בעמ,IL,גבינה צהובה דק דק 9% נעם 200 גרם,גרמים,200.00,100 גרם,false,1,18.90,9.4500,true,1,21548
7290102397617,false,יוגורט ביו קרמי עם כדורים מצופים שוקולד חום לבן,מולר Muller,IL,Muller mix כדורי דגנים בציפוי שוקולד,גרמים,168.00,100 גרם,false,1,6.50,3.8690,true,1,28749
7290102397730,false,פרוסות גבינה אמנטל חצי קשה 30% שומן 200 ג' נעם,Unknown,IL,טרה נועם אמנטל פרוסות גבינה חצי קשה 30% 200 גרם,גרמים,200.00,100 גרם,false,1,19.90,9.9500,true,1,42078
7290102397747,false,פרוסות גבינת מוצרלה נעם מחלב בקר 22%,טרה,IL,"מוצרלה נעם 22% שומן, 200 גרם",גרמים,200.00,100 גרם,false,1,23.90,11.9500,true,1,42969
7290102398065,false,**חלב בקרטון 2 ליטר 3% מהדרין - טרה,Unknown,IL,טרה חלב בקרטון 2 ליטר 3% שומן,ליטרים,2.00,ליטר,false,1,12.46,6.2300,true,1,52548
7290102398560,false,שוקו מעושר בבקבוק 1ל' טרה,מילקו תעשיות בעמ,IL,שוקו טרה מועשר בקבוק 1ליטר,ליטרים,1.00,ליטר,false,1,13.90,13.9000,true,1,45358
7290102398577,false,משקה חלב בטעם שוקו 2% בבקבוק אישי,מילקו תעשיות בעמ,IL,"שוקו250 מ""ל בקבוק",מיליליטרים,250.00,"100 מ""ל",false,1,6.90,2.7600,true,1,45361
7290102398669,false,משקה חלב עם קפה אייס קפוצ'ינו 1.5%,מילקו תעשיות בעמ,IL,"אייס קפוצ'ינו 1 ליטר בד""צ",ליטרים,1.00,ליטר,false,1,13.90,13.9000,true,1,50261
7290102399635,false,"מולר פרופ יוגורט ביו עם קציפת קוקוס ואננס 150 מ""ל",מולר Muller,IL,מולר פרופ TROPICAL קוקוס ואננס 3.9% שומן,גרמים,150.00,100 גרם,false,1,5.90,3.9333,true,1,50258
7290102399796,false,מעדן יוגורט לבן מועשר בחלבון 200 ג' מולר אקטיב,מולר Muller,IL,Muller Active יוגורט BIO מועשר חלבון,גרמים,200.00,100 גרם,false,1,6.90,3.4500,true,1,50254
7290102399802,false,יוגורט עם תות מולר אקטיב מועשר בחלבון 200 גר',מולר Muller,IL,Muller Active יוגורט תות מועשר חלבון 20 גרם,גרמים,200.00,100 גרם,false,1,6.90,3.4500,true,1,50257
7290103401429,false,עלית אוריגינס קצב ברזילאי 200ג,הנסיך- מפעל לייצור ט,IL,פלטינום ברזילאי 200 גרם,גרמים,200.00,100 גרם,false,1,29.90,14.9500,true,1,14826
7290103408206,false,עלי חסה ערבית שטופים,שטראוס בריאות ירקות,IL,עלי חסה בקופסא250 גר שטופים שטראוס,גרמים,250.00,100 גרם,false,1,14.90,5.9600,true,1,16184
7290103681241,false,יין תבור הר מוסקטו 7,תבור TABOR,IL,"תבור הר מוסקטו 750 מ""ל",מיליליטרים,750.00,"100 מ""ל",false,1,38.90,5.1867,true,1,47044
7290104061417,false,חומוס טחינה אחלה 400 ג',"שטראוס גרופ בע""מ",IL,סלט חומוס וטחינה 400 גרם,גרמים,400.00,100 גרם,false,1,12.90,3.2250,true,1,15554
7290104061431,false,חומוס אחלה עם צנובר 400 ג',"שטראוס גרופ בע""מ",IL,סלט חומוס וצנובר 400 גרם,גרמים,400.00,100 גרם,false,1,12.90,3.2250,true,1,15556
7290104061448,false,חומוס עם חריף 400 ג' אחלה,מיוצר עי קונדיטוריית,IL,חומוס חריף 400 גרם,גרמים,400.00,100 גרם,false,1,12.90,3.2250,true,1,15557
7290104065934,false,שטראוס עלי רוקט 150ג,שטראוס בריאות ירקות,IL,עלי רוקט 150 גרם שטופים שטראוס,גרמים,150.00,100 גרם,false,1,13.90,9.2667,true,1,16434
7290104067679,false,טחינה אחלה 400 גרם,מיוצר עי קונדיטוריית,IL,טחינה 400,גרמים,400.00,100 גרם,false,1,12.90,3.2250,true,1,27036
7290104503184,false,עוגת הבית שבת בראוניס שוק' ריבת חלב 380ג',מיוצר עי קונדיטוריית,IL,הבית עוגת שבת בראוניס ט.שקלד.ר.חלב8*380ג,גרמים,380.00,100 גרם,false,1,21.90,5.7632,true,1,19354
7290104508943,false,במבה אריזת חסכון 200 גרם,"אסם השקעות בע""מ",IL,במבה קלאסי 200 גרם,גרמים,200.00,100 גרם,false,1,11.90,5.9500,true,1,28599
7290104722530,false,תפוצ'יפס בטעם שמנת ובצל,"שטראוס פריטו ליי בע""",IL,תפו שמנת בצל 200 גר 12 יח - שמיטה,גרמים,200.00,100 גרם,false,1,12.90,6.4500,true,1,19686
7290104728310,false,"שמנת עמידה לקצפת 38% שומן 250 מ""ל יוטבתה",מחלבת יטבתה,IL,שמנת להקצפה 38% מהדרין,מיליליטרים,250.00,"100 מ""ל",false,1,6.47,2.5880,true,1,19706
7290104729003,false,"יד מרדכי - שמן זית כתית מעולה 2 קלאסי 750 מ""ל",מכוורת יד מרדכי שטרא,IL,שמן זית כתית מעולה יד מרדכי,מיליליטרים,750.00,"100 מ""ל",false,1,36.90,4.9200,true,1,45839
7290104960239,false,"תחליב רחצה נקה 7 ארומה לבן 750 מ""ל",טרופיקל דגיל תעשיות,IL,נקה 7 ארומה אל סבון 750 לבן,מיליליטרים,750.00,"100 מ""ל",false,1,13.90,1.8533,true,1,51019
7290104960253,false,"תחליב רחצה נקה 7 לבנדר סגול 750מ""ל",טרופיקל דגיל תעשיות,IL,נקה 7 ארומה אל סבון 750 לבנדר,מיליליטרים,750.00,"100 מ""ל",false,1,13.90,1.8533,true,1,51020
7290104962042,false,סקין גארד ספרייSKIN,מיוצר עי : אמיליה קו,IL,סקין גארד ספריי 200/30WET SKIN,מיליליטרים,200.00,"100 מ""ל",false,1,39.90,19.9500,true,1,53232
7290104962318,false,ספריי שקוף SPF-30 סק,מיוצר עי : אמיליה קו,IL,"ספריי שקוף SPF-30 סקין גארד 260 מ""ל",מיליליטרים,260.00,"100 מ""ל",false,1,49.50,19.0385,true,1,22655
7290104963971,false,"סקינגארד - ספריי שקוף לעור בהיר מאוד 300 מ""ל SPF50",מיוצר עי : אמיליה קו,IL,"סקין גארד ספריי שקוף SPF50 300 מ""ל",מיליליטרים,300.00,"100 מ""ל",false,1,44.90,14.9667,true,1,55217
7290104964015,false,"סקינגארד - סטיק הגנה לפנים 50 מ""ל SPF50",מיוצר עי : אמיליה קו,US,סקין גארד סטיק הגנה לפנים 50 מל,מיליליטרים,50.00,"100 מ""ל",false,1,44.90,89.8000,true,1,43338
7290104964022,false,סקין גארד ספריי שקוף,מיוצר עי : אמיליה קו,IL,סקין גארד בוב ספוג 300מל,מיליליטרים,300.00,"100 מ""ל",false,1,44.90,14.9667,true,1,41652
7290105360250,false,קפסולות 09 עשיר וארומטי למכונת נספרסו עלית 10יח',הנסיך- מפעל לייצור ט,IL,קפסולות 09 למכונות NESPRESSO,גרמים,50.00,100 גרם,false,1,18.90,37.8000,true,1,21287
7290105360328,false,קפסולות אספרסו חזק למכונות נספרסו 10 יח',הנסיך- מפעל לייצור ט,IL,קפסולות 10 למכונות NESPRESSO,גרמים,50.00,100 גרם,false,1,18.90,37.8000,true,1,21284
7290105360335,false,קפסולות קפה אספרסו עדין וקטיפתי,הנסיך- מפעל לייצור ט,IL,קפסולות 07 למכונות NESPRESSO,גרמים,50.00,100 גרם,false,1,18.90,37.8000,true,1,21285
7290105362339,false,"שמנת לבישול 15% 250 מ""ל יטבתה מהדרין",מחלבת יטבתה,IL,"שמנת לבישול 15% מהדרין 250 מ""ל יוטבתה",מיליליטרים,250.00,"100 מ""ל",false,1,8.60,3.4400,true,1,19714
7290105363602,false,כיף כף - מקלות קלאסי 40 גרם,"איי, בי, אינבוו",TR,כיף כף מקלות קלאסי,גרמים,40.00,100 גרם,false,1,5.20,13.0000,true,1,20738
7290105364289,false,כיף כף - מקלות פצפוצים 40 גרם,"איי, בי, אינבוו",TR,כיף כף מקלות פצפוצים,גרמים,40.00,100 גרם,false,1,5.20,13.0000,true,1,20739
7290105364302,false,"עלית חטיף שוקולד כיף כף מקלות אגוזים, 40 גרם","איי, בי, אינבוו",TR,כיף כף מקלות אגוזים,גרמים,40.00,100 גרם,false,1,5.20,13.0000,true,1,20740
7290105368331,false,מעדן מילקי בטעם תות עם קצפת,מחלבת אחיהוד,IL,מילקי בטעם תות,גרמים,133.00,100 גרם,false,1,3.00,2.2556,true,1,20022
7290105368904,false,"שמנת מתוקה להקצפה 32% שומן 250 מ""ל יוטבתה",מחלבת יטבתה,IL,שמנת מתוקה להקצפה 32% מהדרין-ח,מיליליטרים,250.00,"100 מ""ל",false,1,7.80,3.1200,true,1,50185
7290105369130,false,סימפוניה גבינה במרקם שמנת בצל ירוק 5%,"שטראוס בריאות בע""מ",IL,סימפוניה בצל ירוק 2022,גרמים,200.00,100 גרם,false,1,12.90,6.4500,true,1,21302
7290105431868,false,"סבון פלמוליב נוזלי ספא קוקוס גרגרים 500 מ""ל",הנסיך- מפעל לייצור ט,TR,500 מל סבון נוזלי פלמוליב חלב קוקוס,מיליליטרים,500.00,"100 מ""ל",false,1,17.90,3.5800,true,1,22372
7290105439505,false,קרם בטעם מיונז לייט מנה 479 ג' מאסטר שף,רמיה סי.וי. הולנד,NL,מנה מאסטר שף קרם בטעם מיונז לייט 479 גרם,גרמים,479.00,100 גרם,false,1,12.90,2.6931,true,1,56560
7290105500151,false,וודקה פינלנדיה בקבוק,"אלטיה קורפ, הלסינקי,",FI,"פינלנדיה 700 מ""ל",מיליליטרים,700.00,"100 מ""ל",false,1,74.90,10.7000,true,1,20234
7290105500236,false,וויסקי ג'ק דניאלס מס' 7 Brand No,ג'ק דניאלס Jack Daniel's,US,טנסי וויסקי,מיליליטרים,700.00,"100 מ""ל",false,1,129.90,18.5571,true,1,27025
7290105500748,false,וויסקי פיימוס גראוס The Famouse Grouse,מתיו גלוג אנד סאן,GB,"פיימוס גראוס 700 מ""ל",מיליליטרים,700.00,"100 מ""ל",false,1,89.90,12.8429,true,1,46117
7290105500953,false,"וויסקי ג'ק דניאלס דבש 700 מ""ל",ג'ק דניאל'ס,BE,ליקר טנסי דבש על בסיס ג'ק דניאל'ס,מיליליטרים,700.00,"100 מ""ל",false,1,129.90,18.5571,true,1,43069
7290105501547,false,מארז וודקה גריי גוס,בקרדי מרטיני,FR,מארז גריי גוס 700 פלוס כוס,מיליליטרים,700.00,"100 מ""ל",false,1,139.90,19.9857,true,1,54070
7290105691224,false,פריכונים חטיפי טורטיה שום בצל 60 ג' אוסם,"מיוצר ע""י PT, משווק",IL,אסם חטיפי פריכונים טורטיה שום בצל 12*60ג,גרמים,60.00,100 גרם,false,1,8.50,14.1667,true,1,19754
7290105691248,false,פריכונים חטיפי טורטיה תירס 60 ג' אוסם,"מיוצר ע""י PT, משווק",IL,אסם חטיפי פריכונים טורטיה תירס 12*60גרם,גרמים,60.00,100 גרם,false,1,8.50,14.1667,true,1,19755
7290105691897,false,קוסקוס פלוס עם קמח חיטה מלא,"מיוצר ע""י קוד יצרן K",IL,אסם קוסקוס עם חיטה מלאה 12*350גרם,גרמים,350.00,100 גרם,false,1,9.90,2.8286,true,1,19799
7290105693952,false,פירורית זהב אסם זהב שומשום 200 ג',מיוצר עי קונדיטוריית,IL,פירורית זהב שומשום 200 גרם,גרמים,200.00,100 גרם,false,1,6.90,3.4500,true,1,19777
7290105695024,false,אסם פתיתים אפויים אורז עם אטריות 500 גר,"אסם השקעות בע""מ",IL,אסם פתיתים אפויים אורז עם אטריות 12*500ג,גרמים,500.00,100 גרם,false,1,7.90,1.5800,true,1,20752
7290105962980,false,כרוב אדום במיונז 400 ג' אחלה,מיוצר עי קונדיטוריית,IL,כרוב אדום 400,גרמים,400.00,100 גרם,false,1,12.90,3.2250,true,1,27035
7290105962997,false,חצילים אחלה במיונז 400 גר',"שטראוס גרופ בע""מ",IL,חציל במיונז 400 גרם,גרמים,400.00,100 גרם,false,1,12.90,3.2250,true,1,27034
7290105963000,false,מטבוחה אחלה 400 גר',מיוצר עי קונדיטוריית,IL,מטבוחה 400,גרמים,400.00,100 גרם,false,1,12.90,3.2250,true,1,27030
7290105964564,false,אחלה חומוס אחלה 400ג,מיוצר עי קונדיטוריית,IL,סלט חומוס אחלה 400 גרם,גרמים,400.00,100 גרם,false,1,8.90,2.2250,true,1,27909
7290105965738,false,יוגורט לשתיה בטעם תות בננה267 ג' דנונה,מיוצר עי קונדיטוריית,IL,"משקה יוגורט דנונה תות בננה 267מ""ל",מיליליטרים,267.00,"100 מ""ל",false,1,5.30,1.9850,true,1,22636
7290105966469,false,"חומץ בלסמי יד מרדכי 250מ""ל",אצטייה ג'וזפה קרמוני,IT,חומץ בלסמי יד מרדכי,מיליליטרים,250.00,"100 מ""ל",false,1,16.90,6.7600,true,1,21109
7290105968654,false,רביולי בטטה פרווה פסטה נונה 400 ג',מיוצר עי קונדיטוריית,IL,רביולי בטטה פרווה 400 EAT GOOD,גרמים,400.00,100 גרם,false,1,21.90,5.4750,true,1,20521
7290105968777,false,פריכיות עם תחתית שוקולד מריר 70 ג' אנרגי,"טחנת האבן תעשיות בע""",IL,פריכיות אנרגי תחתית ש.מריר OS,גרמים,70.00,100 גרם,false,1,8.50,12.1429,true,1,21331
7290106520066,false,רבע לשבע במילוי קרם אגוזים ובציפוי שוקולד חלב,הגביע מוצרי וופלים ב,IL,רבע לשבע (ירוק) 160 גר',גרמים,160.00,100 גרם,false,1,13.90,8.6875,true,1,20787
7290106520912,false,"שמנת לבישול 9% 250 מ""ל יטבתה",מחלבת יטבתה,IL,"שמנת לבישול 250 9% מ""ל יוטבתה",מיליליטרים,250.00,"100 מ""ל",false,1,8.60,3.4400,true,1,50186
7290106524439,false,תפוצ'יפס טבעי פופס 60גר',"שטראוס פריטו ליי בע""",IL,תפו פופס 60 גר 40 יח,גרמים,60.00,100 גרם,false,1,5.50,9.1667,true,1,42885
7290106525399,false,קפסולות 06 ברזיל למכונות נספרסו עלית 10יח',הנסיך- מפעל לייצור ט,IL,קפסולות 06 ברזיל למכונות NESPRESSO,גרמים,50.00,100 גרם,false,1,18.90,37.8000,true,1,28732
7290106526822,false,פריכיות אורז עם תחתית שוקולד חלב 80 ג' אנרגי,"טחנת האבן תעשיות בע""",IL,פריכיות אנרגי תחתית שוקולד 80 גרם,גרמים,80.00,100 גרם,false,1,8.50,10.6250,true,1,22480
7290106528567,false,דוריטוס גריל עלית 185 ג',הנסיך- מפעל לייצור ט,IL,דוריטוס גריל 185 גר 12 יח,גרמים,185.00,100 גרם,false,1,9.90,5.3514,true,1,28169
7290106528628,false,דוריטוס טבעי עלית 185 ג',"שטראוס פריטו ליי בע""",IL,דוריטוס טבעי 185 גרם,גרמים,185.00,100 גרם,false,1,9.90,5.3514,true,1,28170
7290106528949,false,סלט ערוגות טעם הטבע,שטראוס בריאות ירקות,IL,לקט ערוגות 450 גרם שטופים שטראוס,גרמים,450.00,100 גרם,false,1,14.90,3.3111,true,1,27740
7290106571037,false,גומיגם תמיסה ממותקת,גלידות נסטלה (נגה גל,IL,גומיגם מאגדת כלפ.7 5*90גרם,גרמים,450.00,100 גרם,false,1,33.00,7.3333,true,1,21078
7290106571792,false,קרחון ויטמינציק ענבים 80ג',גלידות נסטלה (נגה גל,IL,ויטמינצ'יק קרחון ענבים 48*80גרם,גרמים,80.00,100 גרם,false,1,3.00,3.7500,true,1,20981
7290106572027,false,אוסם - לחמית חמישה דגנים 190 גרם,"אסם השקעות בע""מ",IL,לחמית חמישה דגנים 12*190גרם,גרמים,190.00,100 גרם,false,1,10.90,5.7368,true,1,20779
7290106573277,false,אוסם - קריספי טאפאס זיתים 150 גרם,מיוצר עי קונדיטוריית,IL,אסם קריספי טאפאס זיתים 8*150גרם,גרמים,150.00,100 גרם,false,1,13.90,9.2667,true,1,47704
7290106573598,false,צבר חומוס לבנוני 400גרם,סלטי צבר,IL,צבר חומוס לבנוני 12*400גרם,גרמים,400.00,100 גרם,false,1,13.90,3.4750,true,1,21425
7290106573642,false,צבר חומוס צנובר 400גרם,סלטי צבר,IL,צבר חומוס צנובר 12*400גרם,גרמים,400.00,100 גרם,false,1,13.90,3.4750,true,1,21427
7290106574120,false,שלגון גומיגם לימון ופטל וסוכר' 90ג',גלידות נסטלה (נגה גל,IL,גומיגם קרחון שרבט עם סוכריות בפנים42*90ג,גרמים,90.00,100 גרם,false,1,7.00,7.7778,true,1,22781
7290106574793,false,עוגת הבית שוקו שוקוצ''יפס 350 ג' אסם,מיוצר עי קונדיטוריית,IL,הבית עוגת שוקו שוקוציפס 8*350גרם,גרמים,350.00,100 גרם,false,1,17.50,5.0000,true,1,21677
7290106574977,false,בייגלה שטוחים כעכים שטוחים עם מלח,מיוצר עי קונדיטוריית,IL,אסם בייגלה שטוחים עם מלח 9*300גרם,גרמים,300.00,100 גרם,false,1,11.90,3.9667,true,1,21679
7290106575257,false,עוגת הבית סופלה בטעם שוקולד 340 ג' אסם,מיוצר עי קונדיטוריית,IL,הבית עוגת סופלה בטעם שוקולד 8*340גרם,גרמים,340.00,100 גרם,false,1,17.50,5.1471,true,1,22262
7290106576223,false,אפרופו מצופה שוקולד 40 ג',מיוצר עי קונדיטוריית,IL,אפרופו שוקולד 36*40גרם,גרמים,40.00,100 גרם,false,1,5.90,14.7500,true,1,29316
7290106576513,false,סלט חומוס צבר 400 גר,סלטי צבר,IL,סלט חומוס צבר 400 גרם,גרמים,400.00,100 גרם,false,1,11.90,2.9750,true,1,22862
7290106576537,false,צבר חומוס מסעדה 700 גר,סלטי צבר,IL,חומוס מסעדה צבר 700 גרם,גרמים,700.00,100 גרם,false,1,13.90,1.9857,true,1,22600
7290106577282,false,צבר טחינה מרובע 400גרם,סלטי צבר,IL,טחינה אמיתית צבר 400 גרם,גרמים,400.00,100 גרם,false,1,14.90,3.7250,true,1,22298
7290106577527,false,סלט קולסלאו כרוב לבן וגזר 400 ג' צבר,סלטי צבר,IL,צבר קולסלו מרובע 6*400גרם,גרמים,400.00,100 גרם,false,1,14.90,3.7250,true,1,27890
7290106577541,false,כרוב אדום מרובע 400 ג' צבר,סלטי צבר,IL,צבר כרוב אדום מרובע 6*400גרם,גרמים,400.00,100 גרם,false,1,14.90,3.7250,true,1,22301
7290106578692,false,אוסם - במבה ביסלי מיקס 80 גרם,פרו מן יו פתרונות אר,IL,במבה ביסלי מיקס 36*80גרם,גרמים,80.00,100 גרם,false,1,4.90,6.1250,true,1,22768
7290106653504,false,בוטנים אמריקאים סבבה ברבקיו 50גר',"שטראוס פריטו ליי בע""",IL,בוטנים אמריקאים סבבה בטעם ברביקיו 50 גרם,גרמים,50.00,100 גרם,false,1,3.50,7.0000,true,1,22340
7290106658479,false,עלית וופל בטעם טורטית אגוזים 40ג,"שטראוס גרופ בע""מ",IL,טורטית מגדים 40 גרם,גרמים,40.00,100 גרם,false,1,4.90,12.2500,true,1,28805
7290106663121,false,מילקי cake עוגה אישית 34 גרם,בובארד איטליה אס.פי.,IT,עוגת מילקי CAKE אישית 34 גרם,גרמים,34.00,100 גרם,false,1,3.90,11.4706,true,1,26793
7290106663503,false,יד מרדכי קונפיטורת לייט תות 230 גר,אף.סי תבליני בגליל ב,IL,קונפיטורת תות שדה לייט,גרמים,230.00,100 גרם,false,1,15.90,6.9130,true,1,23682
7290106664555,false,"רוטב שמנת עם עגבניות 9% שומן 250 מ""ל יוטבתה",מחלבת יטבתה,IL,רוטב שמנת 9% עם עגבניות 250 מל יוטבתה,מיליליטרים,250.00,"100 מ""ל",false,1,11.90,4.7600,true,1,27905
7290106664562,false,רוטב שמנת עם פטריות 9% שומן 258 ג' יוטבתה,מחלבת יטבתה,IL,רוטב שמנת 9% עם פטריות 250 מל יוטבתה,מיליליטרים,250.00,"100 מ""ל",false,1,11.90,4.7600,true,1,25339
7290106667266,false,דוריטוס חמוץ חריף עלית 185 ג',הנסיך- מפעל לייצור ט,IL,דוריטוס חמוץ חריף 185 גרם,גרמים,185.00,100 גרם,false,1,9.90,5.3514,true,1,28167
7290106668577,false,"מיץ לימון טבעי יד מרדכי 250 מ""ל",האי נאם סי או אל.טי.,IT,"מיץ לימון טבעי 250 מ""ל",מיליליטרים,250.00,"100 מ""ל",false,1,9.90,3.9600,true,1,26228
7290106669857,false,קפסולות 06 אספרסו בטעם וניל עלית 10יח',הנסיך- מפעל לייצור ט,IL,קפסולות אספרסו וניל 50 גרם,גרמים,50.00,100 גרם,false,1,18.90,37.8000,true,1,41359
7290106720626,false,צ'יטוס קראנצ' בטעם גבינה - חלבי,"שטראוס פריטו ליי בע""",IL,ציטוס גבינה 80 גר 48 יח רבנות,גרמים,80.00,100 גרם,false,1,5.90,7.3750,true,1,41775
7290106721913,false,מסטיק מאסט MUST ללא סוכר בטעם מנטה מרעננת,"שטראוס גרופ בע""מ",IL,"צנצנת מאסט מנטה מרעננת לל""ס 66 גרם",גרמים,66.00,100 גרם,false,1,11.50,17.4242,true,1,25721
7290106721920,false,צנצנת מסטיק מאסט בטעם ספירמינט עדין 66 ג' עלית,"שטראוס גרופ בע""מ.",IL,"צנצנת ספירמינט לל""ס 66 גרם",גרמים,66.00,100 גרם,false,1,11.50,17.4242,true,1,25722
7290106723689,false,עלי תרד בייבי שטראוס,שטראוס בריאות ירקות,IL,עלי תרד בייבי שטראוס 200 גרם,גרמים,200.00,100 גרם,false,1,13.90,6.9500,true,1,23719
7290106724419,false,עלית חיוכים וניל 150 גרם,אפיפית נצרת תעשיות ב,IL,חיוכים וניל 150 בדצ,גרמים,150.00,100 גרם,false,1,6.90,4.6000,true,1,25353
7290106725867,false,"סירופ מייפל טהור 189 מ""ל יד מרדכי",קוסלסי פוד,CA,"סירופ מייפל טבעי 189 מ""ל",מיליליטרים,189.00,"100 מ""ל",false,1,35.90,18.9947,true,1,27316
7290106727984,false,כיף כף פצפוצים ושוקולד 135 ג',שולן צ'יקולטה גידה ס,TR,גביע פצפצים 135 ג' 2016,גרמים,135.00,100 גרם,false,1,13.90,10.2963,true,1,29400
7290106728127,false,יטבתה חלב טבעי בקבוק,מחלבת יטבתה,IL,חלב טבעי 3.6% יטבתה 1 ליטר,ליטרים,1.00,ליטר,false,1,8.50,8.5000,true,1,27280
7290107280723,false,נוזל לניקוי כלים סנו ספארק Spark בניחוח לימון רענן,סנו כימיקלים,IL,סנו ספארק נוזל לניקוי כלים בניחוח לימון רענן,מיליליטרים,700.00,"100 מ""ל",false,1,10.90,1.5571,true,1,25990
7290107280761,false,נוזל לניקוי כלים בניחוח לימון רענן סנו ספארק Spark,מיוצר עי קונדיטוריית,IL,ספארק משאבה לימון 1ל,ליטרים,1.00,ליטר,false,1,12.90,12.9000,true,1,48046
7290107645584,false,אבקת מרק עוף אמיתי רכיבים טבעיים 400 גרם - רבנות,יוניליוור ישראל מזון,IL,קנור מרק עוף אמיתי 100% רכיבים טבעיים 400 גרם,גרמים,400.00,100 גרם,false,1,25.90,6.4750,true,1,45059
7290107646154,false,חטיף דגנים קוקומן פצפוצים טעם שוקו שישיה* 21 ג',יוניליוור ישראל מזון,IL,"קוקומן חטיף פצפוצי דגנים בטעם שוקולד, 126 גרם",גרמים,126.00,100 גרם,false,1,15.90,12.6190,true,1,43472
7290107647625,false,מאגדת קורנטו כשלפ ונ,"מיוצר ע""י גלידת שטרא",IL,מאגדת קורנטו כשלפ וניל,לא מנהל יחידת מידה,0.00,לא מנהל יחידת מידה,false,1,42.90,0.0000,true,1,46374
7290107647649,false,"סולרו פרוט בוסט יחידתי קוקוס אננס 89מ""ל","גלידת שטראוס בע""מ",IL,שלגון סולרו קוקוס אננס 62 גרם,גרמים,62.00,100 גרם,false,1,7.90,12.7419,true,1,46133
7290107647656,false,מאגדת מיני סולרו קוקוס אננס 245 ג',"מיוצר ע""י גלידת שטרא",IL,שלגון מיני סולרו קוקוס אננס 245גרם,גרמים,245.00,100 גרם,false,1,28.90,11.7959,true,1,46134
7290107649100,false,בייגלה טבעות שומשום 300 גר',בייגל את בייגל מזון,IL,בייגלה טבעות שומשום 300 גר,גרמים,300.00,100 גרם,false,1,13.90,4.6333,true,1,55280
7290107649681,false,טילון קורנטו פסק זמן.,"מיוצר ע""י גלידת שטרא",IL,קורנטו פסק זמן 64 גרם,גרמים,64.00,100 גרם,false,1,9.90,15.4688,true,1,46707
7290107649698,false,מגנום לבן עוגיות 76,מיוצר עי גלידת שטראו,IL,מגנום לבן עוגיות 76 גרם,גרמים,76.00,100 גרם,false,1,11.90,15.6579,true,1,46706
7290107649780,false,שלגון שוקובו שוקו 85,"מיוצר ע""י גלידת שטרא",IL,שוקובו שוקו 85 גרם,גרמים,85.00,100 גרם,false,1,10.90,12.8235,true,1,46710
7290107649858,false,טילון מגנוםלבן -גלידת שמנת,"מיוצר ע""י גלידת שטרא",IL,מגנום טילון שוקולד לבן 100 גרם,גרמים,100.00,100 גרם,false,1,12.90,12.9000,true,1,47018
7290107865173,false,סמארט 4500 שאיפות או,shenzhen shengsi,CN,סמארט 4500 שאיפות אוכמניות,יחידה,1.00,יחידה,false,1,149.90,149.9000,false,1,55457
7290107865234,false,סמארט 4500 שאיפות תו,shenzhen shengsi,CN,סמארט 4500 שאיפות תות,יחידה,1.00,יחידה,false,1,149.90,149.9000,false,1,55451
7290107870047,false,"טילון אקסטרים מטבע ענק בראוניז, 115 ג'",תות תעשיות מזון (201,IL,אקסטרים טילון בראוניז מטבע ענק 18*115גרם,גרמים,133.00,100 גרם,false,1,9.90,7.4436,true,1,24782
7290107871990,false,פסטה צינורות 500 ג' אסם,פסטה זארה,IT,אסם פסטה צינורות איטלקי 12*500גרם,גרמים,500.00,100 גרם,false,1,6.90,1.3800,true,1,23922
7290107874441,false,פריכונים מיני בצל מקורמל אסם 25ג',"מיוצר ע""י PT, משווק",IL,אסם פריכונים מיני בצל מקורמל 16*23גרם,גרמים,25.00,100 גרם,false,1,4.90,19.6000,true,1,24844
7290107875158,false,במבה קלאסי מארז 4 יח' *60ג' אסם,מיוצר עי קונדיטוריית,IL,במבה קלאסי מארז 4 יח 60 גרם,גרמים,240.00,100 גרם,false,1,16.90,7.0417,true,1,24914
7290107875820,false,קרוטונים אפויים בתיבול ביתי אוסם 180 ג',עינת תעשיות מזון,IL,אסם קרוטונים אפויים בתיבול ביתי 12*180ג,גרמים,180.00,100 גרם,false,1,13.90,7.7222,true,1,25318
7290107879132,false,פריכיות פיטנס מיני פריכיות שוקולד חלב 22 ג',CA,IL,פיטנס מיני פריכיות שוקולד חלב 40*22גרם,גרמים,22.00,100 גרם,false,1,5.90,26.8182,true,1,30127
7290107879521,false,קרחוני לה פרוטה La Frutta תות שדה - 5 יח',גלידות נסטלה Nestle,IL,לה פרוטה מאגדת תות 8 5*70גרם,גרמים,350.00,100 גרם,false,1,27.90,7.9714,true,1,28124
7290107879569,false,קרחון לה פרוטה שרבט מנגו מאגדת 5יח',גלידות נסטלה Nestle,IL,לה פרוטה מאגדת מנגו 8 5*70גרם,גרמים,350.00,100 גרם,false,1,27.90,7.9714,true,1,28125
7290107879668,false,קרחון לה פרוטה תות 70 ג' נסטלה,המאפיה של הרמן,IL,לה פרוטה תות 36*70גרם,גרמים,70.00,100 גרם,false,1,6.90,9.8571,true,1,28088
7290107879699,false,שלגון לה פרוטה מנגו נסטלה 70ג',המאפיה של הרמן,IL,לה פרוטה מנגו 36*70גרם,גרמים,70.00,100 גרם,false,1,6.90,9.8571,true,1,28089
7290107879712,false,שלגון לה פרוטה פירות אדומים 70ג',נגה גלידות,IL,שרבט לה פרוטה פירות אדומים 70גרם,גרמים,70.00,100 גרם,false,1,6.90,9.8571,true,1,54752
7290107931397,false,כיף כף פצפוצים ביסקוויט 40ג',שולן צ'יקולטה גידה ס,TR,כיף כף פצפצים,גרמים,40.00,100 גרם,false,1,5.20,13.0000,true,1,28442
7290107932080,false,חלב בבקבוק 3% שומן 1 ל' יוטבתה,מחלבת יטבתה,IL,חלב בקבוק 3% מועשר 1 ליטר,ליטרים,1.00,ליטר,false,1,8.50,8.5000,true,1,27278
7290107932134,false,חלב בבקבוק 1% שומן 1 ל' יוטבתה,מחלבת יטבתה,IL,חלב בקבוק 1% מועשר 1 ליטר,ליטרים,1.00,ליטר,false,1,8.50,8.5000,true,1,27279
7290107936309,false,דנונה יוגורט 7% יווני לבן 130 ג',"שטראוס בריאות בע""מ",IL,דנונה יוגורט יווני לבן,גרמים,130.00,100 גרם,false,1,3.90,3.0000,true,1,29736
7290107936958,false,עד חצות ביסקוויט אצבעות שוקולד 125 גרם,הדקלאים אגודת שיתופי,FR,ביסקוויט עד חצות אצבעות 125 גרם,גרמים,125.00,100 גרם,false,1,14.90,11.9200,true,1,42700
7290107936965,false,עד חצות עוגיות עיגולים 225 גר',ביסקווטרי עוגיות סנט,FR,עד חצות עיגולים,גרמים,225.00,100 גרם,false,1,14.90,6.6222,true,1,42699
7290107937627,false,מסטיק מאסט Must קוביות ללא סוכר בטעם מנטה עדינה,אסקום קונפקשיין,DE,צנצנת קוביות מנטה עדינה 58 גרם,גרמים,58.00,100 גרם,false,1,11.50,19.8276,true,1,29665
7290107937634,false,צנצנית מסטיק מאסט קוביות פפירמינט 58 ג' עלית,אסקום קונפקשיין,DE,צנצנת קוביות מנטה 58 גרם,גרמים,58.00,100 גרם,false,1,11.50,19.8276,true,1,29712
7290107937641,false,מסטיק בצנצנת קוביות בזוקה 58 ג',אסקום קונפקשיין,DE,צנצנת קוביות בזוקה 58 גרם,גרמים,58.00,100 גרם,false,1,11.50,19.8276,true,1,29667
7290107937856,false,קפסולות 11חזק למכונות נספרסו עלית 10יח',הנסיך- מפעל לייצור ט,IL,קפסולות 11 גואטמלה למכונות NESPRESSO,גרמים,50.00,100 גרם,false,1,18.90,37.8000,true,1,29695
7290107938396,false,"אקטימל משקה פרוביוטי תות 100X8 מ""ל",מיוצר עי קונדיטוריית,IL,אקטימל שמיניה תות,מיליליטרים,864.00,"100 מ""ל",false,1,22.70,2.6273,true,1,28744
7290107939027,false,גזר דק דק ירקות שטרא,שטראוס בריאות ירקות,IL,גזר דק דק 250 גרם שטופים שטראוס,גרמים,250.00,100 גרם,false,1,9.90,3.9600,true,1,30126
7290107940467,false,אקטיביה יוגורט 1.5% שומן 200 ג' דנונה,מיוצר עי קונדיטוריית,IL,אקטיביה 200 גרם 1.5%,גרמים,200.00,100 גרם,false,1,4.20,2.1000,true,1,28739
7290107942188,false,קפה אינטנס 15% אספרסו,שטראוס קפה בי.וי,,קפה אינטנס בשילוב 15% אספרסו,גרמים,125.00,100 גרם,false,1,24.90,19.9200,true,1,29383
7290107942355,false,מקלות בטעם טבעי 60 ג' תפוצ'יפס,"שטראוס פריטו ליי בע""",IL,תפו מקלות טבעי 60 גר 56 יח,גרמים,60.00,100 גרם,false,1,5.50,9.1667,true,1,30181
7290107943369,false,קוואקר שיבולת שועל ללא גלוטן 511 גר'.,היידי שוקולד בירונטי,US,קוואקר שיבולת שועל ללא גלוטן 511 גרם,גרמים,511.00,100 גרם,false,1,21.90,4.2857,true,1,42523
7290107944472,false,סימפוניה גבינה במרקם שמנת 5% שום שמיר,"שטראוס בריאות בע""מ",IL,סימפוניה שום שמיר 5%,גרמים,200.00,100 גרם,false,1,12.90,6.4500,true,1,30190
7290107945165,false,קונפיטורה משמש יד מרדכי 340 ג',אף.סי תבליני בגליל ב,IL,קונפיטורה משמש 340 גרם יד מרדכי,גרמים,340.00,100 גרם,false,1,15.90,4.6765,true,1,41412
7290107951104,false,בפלות ופלים ארוכים בטעם שוקולד,"א.ג. גילרו בע""מ",IL,בפלות שוקולד 200 גרם,גרמים,200.00,100 גרם,false,1,5.90,2.9500,true,1,30224
7290107951111,false,בפלות ופלים ארוכים בטעם לימון,"א.ג. גילרו בע""מ",IL,בפלות לימון 200 גרם,גרמים,200.00,100 גרם,false,1,5.90,2.9500,true,1,30226
7290107954976,false,"משקה יטבתה חלבון פרו קפה 350מ""ל",מחלבת יטבתה,DE,יטבתה פרו קפה 350,מיליליטרים,350.00,"100 מ""ל",false,1,6.90,1.9714,true,1,42294
7290107956642,false,"תרסיס שמן זית יד מרדכי 150 מ""ל",פארייפאבה אגרואינדוס,ES,"תרסיס שמן זית 150 מ""ל",מיליליטרים,150.00,"100 מ""ל",false,1,20.90,13.9333,true,1,42962
7290107956925,true,קפסולות קפה אספרסו 1,הנסיך- מפעל לייצור ט,IL,קפסולות 13 אוגנדה למכונות NESPRESSO,לא מנהל יחידת מידה,0.00,לא מנהל יחידת מידה,false,1,18.90,0.0000,true,1,45384
7290107956932,true,קפסולות אינדונזיה,הנסיך- מפעל לייצור ט,IL,קפסולות 12 אינדונזיה למכונות NESPRESSO,Unknown,0.00,Unknown,false,1,18.90,0.0000,true,1,45411
7290107957069,false,צנצנת מסטיק בטעם אוכמניות 66 ג' עלמה,"שטראוס גרופ בע""מ",IL,"צנצנת עלמה בטעם אוכמניות לל""ס 66 גרם",גרמים,66.00,100 גרם,false,1,11.50,17.4242,true,1,42695
7290107957076,false,צנצנת מסטיק בטעם ספירמינט 66 ג' עלמה,"שטראוס גרופ בע""מ",IL,מסטיק עלמה בצנצנת בטעם ספירמינט 66 גרם,גרמים,66.00,100 גרם,false,1,11.50,17.4242,true,1,42696
7290107957137,true,גבינת סימפוניה עשבי,שטראוס,IL,גבינת סימפוניה עשבי תיבול 200גרם,גרמים,200.00,100 גרם,false,1,12.90,6.4500,true,1,45502
7290107957991,false,מילקי CAKE מיניס קרם חלב בציפוי שוקולד חלב שקית 16X9ג',בובארד איטליה אס.פי.,IT,מילקי מינייס,גרמים,144.00,100 גרם,false,1,14.90,10.3472,true,1,46521
7290107973014,false,פלמוליב סבון ידיים חלב ודבש 300 מ'ל,הנסיך- מפעל לייצור ט,TR,"פלמוליב סבון ידיים חלב ודבש 300 מ""ל",מיליליטרים,300.00,"100 מ""ל",false,1,11.90,3.9667,true,1,42290
7290107973038,false,"פלמוליב סבון ידיים אקווריום 300 מ""ל",הנסיך- מפעל לייצור ט,IT,פלמוליב סבון ידיים אקווריום 300 מל,מיליליטרים,300.00,"100 מ""ל",false,1,11.90,3.9667,true,1,42289
7290107973311,false,קולגייט מברשת שיניים 360 פחם זהב זוג,הנסיך- מפעל לייצור ט,,קולגייט 360 מברשת שיניים גולד 2 יח',לא מנהל יחידת מידה,0.00,לא מנהל יחידת מידה,false,1,33.90,0.0000,true,1,28493
7290107974066,false,"עלי טורטיה קמח מלא 20ס""מ 8יח' מאסטר שף 320ג'",אלקטי קורביישיסי,DE,עלי טורטיה קמח מלא 320 גרם,גרמים,320.00,100 גרם,false,1,11.90,3.7188,true,1,28704
7290107974073,false,עלי טורטיה קמח לבן מאסטר שף 320ג',הנסיך- מפעל לייצור ט,DE,מאסטר שף עלי טורטיה קמח לבן 320 גר,גרמים,320.00,100 גרם,false,1,11.90,3.7188,true,1,28702
7290107974080,false,טורטיות קמח לבן מנה 840 ג',הדקלאים אגודת שיתופי,DE,מאסטר שף עלי טורטייה קמח חיטה 756 גרם,גרמים,840.00,100 גרם,false,1,22.90,2.7262,true,1,28703
7290107974646,false,מרידול הליטוזיס שטיפת פה 400מל,הנסיך- מפעל לייצור ט,PL,מרידול מי פה נשימה רעננה 400 מל,מיליליטרים,400.00,"100 מ""ל",false,1,39.50,9.8750,true,1,29364
7290107978101,false,"קולגייט אופטיק וויטן אקסטרה פאוור 75מ""ל",קולגייט-פלמוליב,PL,משחת שיניים אופטיק וויט אקסטרא פאוור,מיליליטרים,75.00,"100 מ""ל",false,1,29.90,39.8667,true,1,43646
7290107978637,true,משחת שיניים מרידול ח,קולגייט פלמוליב,PL,מרידול משחת שיניים למניעת בעיות חנייכים 75 מל,מיליליטרים,1.00,"100 מ""ל",false,1,19.90,1990.0000,true,1,45871
7290108072105,false,ביצי שוקולד מכוניות,זאיני,,ביצי שוקולד מכוניות,גרמים,20.00,100 גרם,false,1,7.80,39.0000,true,1,26373
7290108279474,false,תות שדה א.מעולה 250ג,חקלאי,IL,תות שדה 250 גרם,גרמים,250.00,100 גרם,false,1,19.90,7.9600,true,1,45925
7290108350210,false,סנו סושי שקיות אשפה חזקות 30 יח' XL,מיוצר עי קונדיטוריית,IL,סנו סושי 30 שקיות אשפה XL חזקות במיוחד,לא מנהל יחידת מידה,0.00,לא מנהל יחידת מידה,false,1,27.90,0.0000,true,1,27580
7290108350531,false,סנו ספארק נוזל כלים בניחוח קלאסי עם משאבה 1 ל',מיוצר עי קונדיטוריית,IL,ספארק משאבה קלאסי 1ל,ליטרים,1.00,ליטר,false,1,12.90,12.9000,true,1,27048
7290108350548,false,סנו ספארק נוזל כלים בניחוח לבנדר עם משאבה 1 ל',מיוצר עי קונדיטוריית,IL,סנו נוזל לניקוי כלים בניחוח לבנדר עדין 1 ליטר,ליטרים,1.00,ליטר,false,1,12.90,12.9000,true,1,27047
7290108350623,false,מרכך כביסה סופר מרוכז סופט סילק מקסימה 1 ל' סנו,"סנו מפעלי ברונוס בע""",IL,מרכך מרוכז סופט סילק 1ליטר,ליטרים,1.00,ליטר,false,1,18.90,18.9000,true,1,28798
7290108351552,false,"סנו - ג'ט לניקוי כללי בתוספת חומץ בניחוח לבנדר 750 מ""ל","סנו מפעלי ברונוס בע""",IL,גט לניקוי כללי - בתוספת חומץ לניקוי והברקה בקלות,מיליליטרים,750.00,"100 מ""ל",false,1,16.90,2.2533,true,1,43199
7290108351804,false,סנו - מקסימה מרכך כביסה מרוכז ג'נטל בריז 1 ליטר,מיוצר עי קונדיטוריית,IL,מרכך בבישום עוצמתי gentel breeze,ליטרים,1.00,ליטר,false,1,18.90,18.9000,true,1,47789
7290108351811,false,מקסימה מרכך כביסה סופר מרוכז פלור טאצ' 1 ליטר,מיוצר עי קונדיטוריית,IL,מרכך כביסה בבישום עוצמתי floral touch,ליטרים,1.00,ליטר,false,1,18.90,18.9000,true,1,47788
7290108352061,false,משחת שיניים 145ג 'אורביטול Charcoal Go White,טרופיקל דגיל תעשיות,IL,אורביטול משחת שיניים פחם פעיל 145 גרם,גרמים,145.00,100 גרם,false,1,16.90,11.6552,true,1,56025
7290108352078,false,"שטיפת פה protective salt אורביטול 500 מ""ל",טרופיקל דגיל תעשיות,IL,"אורביטול שטיפת פה בתוספת מלח 500 מ""ל",מיליליטרים,500.00,"100 מ""ל",false,1,29.90,5.9800,true,1,50895
7290108352092,false,משחת שיניים אורביטול פרוטקטיב סולט בטעם מנטה,טרופיקל דגיל תעשיות,IL,אורביטול PROTECTIVE SALT בטעם מנטה 145 גרם,גרמים,145.00,100 גרם,false,1,21.90,15.1034,true,1,50894
7290108352153,false,"סנובון נוזלי בניחוח לוטוס וסחלב 750 מ""ל",מיוצר עי קונדיטוריית,IL,99.9% סנו בון נוזל לניקוי אסלות 750 מל,מיליליטרים,750.00,"100 מ""ל",false,1,14.90,1.9867,true,1,50411
7290108352276,false,מטליות לחיטוי ולניקוי רצפות 70*40 + פתח למגב,"סנו מפעלי ברונס בע""מ",IL,99.9% מטליות לחיטוי ולניקוי רצפות 10 יח,לא מנהל יחידת מידה,0.00,לא מנהל יחידת מידה,false,1,17.90,0.0000,true,1,49951
7290108352283,false,סנו נוזל לחיטוי וניקוי רצפות- 99.9% 2ל',"סנו מפעלי ברונוס בע""",IL,99.9% נוזל לחיטוי וניקוי רצפות 2 ליטר,ליטרים,2.00,ליטר,false,1,26.90,13.4500,true,1,49952
7290108352351,false,"סנו תרסיס לחיטוי משטחים 99.9% - 400 מ""ל","סנו מפעלי ברונוס בע""",IL,99.9% תרסיס לחיטוי 400 מל,מיליליטרים,400.00,"100 מ""ל",false,1,23.90,5.9750,true,1,50410
7290108352450,false,ריצפז פרש הום בניחוח מרכך כביסה בלו בלוסום,סנו מפעלי ברונוס בעמ,IL,רצפז פרש הום 2ל מרכך כביסה,ליטרים,2.00,ליטר,false,1,22.90,11.4500,true,1,51988
7290108352801,false,"שקיות אשפה S לפחים קטנים 56*45 ס""מ בניחוח עדין","סנו מפעלי ברונוס בע""",IL,שקיות אשפה לפחים קטנים,לא מנהל יחידת מידה,0.00,לא מנהל יחידת מידה,false,1,22.90,0.0000,true,1,44819
7290108352825,false,ספוג הפלא נירוסטה סנו סושי 3יח',s.k.a.t ltdסנו מפעלי,CN,ספוג הפלא נירוסטה,גרמים,44.00,100 גרם,false,1,11.90,27.0455,true,1,45520
7290108352863,false,סנו סושי שקיות צלייה 20יח' מידה L,מיוצר עי קונדיטוריית,TR,"סנו סושי- שקיות צלייה, 20 יחידות",יחידה,0.00,יחידה,false,1,9.90,0.0000,true,1,45921
7290108353013,false,תבניות אינגלישקייק מנייר סנו סושי 5 יח',מיוצר עי קונדיטוריית,CN,סנו סושי תבניות אפיה מנייר 5 יח - אינגל,יחידה,1.00,יחידה,false,1,14.90,14.9000,true,1,47970
7290108353044,false,תבנית אפייה מנייר L סנו,מיוצר עי קונדיטוריית,CN,תבניות אפייה מנייר L,יחידה,1.00,יחידה,false,1,12.90,12.9000,true,1,47973
7290108353402,false,צמד מברשות שיניים עם סיבי פחם דקים במיוחד,יבואן ומשווק: ש. שסט,CN,מברשת שיניים אורביטול צארקול זוג,יחידה,1.00,יחידה,false,1,23.90,23.9000,true,1,49207
7290108353440,false,"אורביטול - מברשת שיניים 12,000 סיבים","ב.א מזון בע""מ",CN,"מברשת שיניים אורביטול 12,000 סיבים זוג",יחידה,1.00,יחידה,false,1,31.90,31.9000,true,1,54014
7290108353518,false,"תבניות אלומיניום עם ידיות אחיזה 34*29 ס""מ",קריניסה ויטמין אס אי,CN,סנו סושי תבניות אלומיניום XL עם ידית - 2,יחידה,1.00,יחידה,false,1,11.90,11.9000,true,1,50234
7290108353525,false,תבניות אלומיניום עם ידיות אחיזה 25*20,קריניסה ויטמין אס אי,CN,סנו סושי תבניות אלומיניום L עם ידית - 4,יחידה,1.00,יחידה,false,1,11.90,11.9000,true,1,50237
7290108353556,false,נייר טואלט סופט שלוש שכבות 32 גלילים סנו,טרופיקל דגיל תעשיות,IL,נייר טואלט סנו סופט 3שכבות 32גלילים,יחידה,1.00,יחידה,false,1,39.90,39.9000,true,1,50523
7290108353778,false,"תחליב רחצה נקה שוודיה בניחות פיטנגו 750 מ""ל",קוסמופארם בע''מ,IL,נקה 7 תחליב רחצה שוודיה בניחוח פיטנגו 750 מל,מיליליטרים,750.00,"100 מ""ל",false,1,13.90,1.8533,true,1,51084
7290108353792,false,"תחליב רחצה נקה יפן פריחת הדובדבנים 750 מ""ל",קוסמופארם בע''מ,IL,נקה 7 תחליב רחצה יפן פריחת הדובדבן 750 מ,מיליליטרים,750.00,"100 מ""ל",false,1,13.90,1.8533,true,1,51083
7290108353808,false,"תחליב רחצה נקה מדגסקר בניחות אמבר 750 מ""ל",קוסמופארם בע''מ,IL,"נקה 7 תחליב רחצה מדגסקר אמבר 750 מ""ל",מיליליטרים,750.00,"100 מ""ל",false,1,13.90,1.8533,true,1,51085
7290108354065,false,"קרמה - מן ג'ל רחצה פילינג 700 מ""ל",קוסמופארם בע''מ,IL,קרמה מן גל רחצה פילינג 700 מל,מיליליטרים,700.00,"100 מ""ל",false,1,18.90,2.7000,true,1,54898
7290108354225,false,"סנו מדיק היגניק ג'ל לניקוי ידיים 100 מ""ל",טרופיקל דגיל תעשיות,CN,"סנו מדיק אלוורה 100 מ""ל",מיליליטרים,100.00,"100 מ""ל",false,1,12.90,12.9000,true,1,51508
7290108355178,false,"קרמה - קרם ידיים חמאת שיאה וקוקוי 100 מ""ל",קוסמופארם,IL,קרמה קרם ידיים 100 מל חמאת שיאה,Unknown,0.00,Unknown,false,1,10.90,0.0000,true,1,51170
7290108356113,false,"כיף תחליב רחצה דבש 700 מ""ל-מרכז",קוסמופארם בעמ,IL,"כיף תחליב רחצה חלב ודבש, 700 מל",מיליליטרים,700.00,"100 מ""ל",false,1,14.90,2.1286,true,1,45981
7290108356175,false,כיף אל סבון אבטיח ומנטה 1 ליטר,טרופיקל דגיל תעשיות,IL,כיף אל סבון קטיפתי בניחוח אבטיח 1 ליטר,ליטרים,1.00,ליטר,false,1,13.90,13.9000,true,1,51087
7290108356199,false,כיף אל סבון אפרסק ופלפל שחור 1 ליטר,טרופיקל דגיל תעשיות,IL,כיף אל סבון אפרסק ופלפל שחור 1 ליטר,ליטרים,1.00,ליטר,false,1,13.90,13.9000,true,1,51086
7290108356809,false,סבון בוטני ורד ומרווה לניקוי וטיפוח הידיים טבעוני 1 ל' כיף,"קוסופארם בע""מ",IL,כיף סבון בוטני ורד ומרווה ידיים 1 ליטר,ליטרים,1.00,ליטר,false,1,15.90,15.9000,true,1,56026
7290108356816,false,"סבון בוטני גרניום ופטצ'ולי לניקוי וטיפוח הידיים, טבעוני 1 ל' כיף","קוסופארם בע""מ",IL,כיף סבון בוטני גרניום 1 ליטר,ליטרים,1.00,ליטר,false,1,15.90,15.9000,true,1,56027
7290108357004,false,"שמפו כיף ורד ושמן קוקוי 700 מ""ל",טרופיקל דגיל תעשיות,IL,"כיף שמפו ורד ושמן קוקוי לרכות וברק 700 מ""ל",מיליליטרים,700.00,"100 מ""ל",false,1,14.90,2.1286,true,1,48973
7290108357011,false,"מרכך כיף ורד ושמן קוקוי 700 מ""ל",טרופיקל דגיל תעשיות,IL,"כיף מרכך ורד ושמן קוקוי לרכות וברק 700 מ""ל",מיליליטרים,700.00,"100 מ""ל",false,1,14.90,2.1286,true,1,48974
7290108357028,false,"כיף תחליב רחצה ורד ושמן קוקוי 700 מ""ל",קוסמופארם בעמ,IL,"תחליב רחצה כיף ורד ושמן קוקוי 700 מ""ל",מיליליטרים,700.00,"100 מ""ל",false,1,14.90,2.1286,true,1,48975
7290108357202,false,מתס קליר סנו בניחוח בלו בלוסם 1 ליטר,"סנו מפעלי ברונוס בע""",IL,סנוקליר בניחוח בלו 1 ליטר,ליטרים,1.00,ליטר,false,1,15.90,15.9000,true,1,52735
7290108357301,false,"סנו - K300 קוטל חרקים תיקנים ונמלים 300 מ""ל","סנו מפעלי ברונוס בע""",IL,סנו K300 קוטל חרקים 300 מל,מיליליטרים,300.00,"100 מ""ל",false,1,14.90,4.9667,true,1,54899
7290108357707,false,"כיף שמפו לשיער רגיל-תפוח זרעי צ'יה 700 מ""ל",גוד פוד פרודקטס S.p,IL,כיף שמפו לשיער רגיל תפוח זרעי ציה 700 מ,מיליליטרים,700.00,"100 מ""ל",false,1,14.90,2.1286,true,1,46242
7290108357714,false,"כיף שמפו לשיער יבש -רימונים ושמן ארגן 700 מ""ל",גוד פוד פרודקטס S.p,IL,כיף שמפו לשיער יבש רימונים ושמן ארג700 מ,מיליליטרים,700.00,"100 מ""ל",false,1,14.90,2.1286,true,1,46244
7290108357745,false,שמפו ומרכך 2 ב-1 תאנה ומנטה לכל סוגי השיער,גוד פוד פרודקטס S.p,IL,כיף שמפו ומרכך 2+1 תאנה ומנטה700 מ,מיליליטרים,700.00,"100 מ""ל",false,1,14.90,2.1286,true,1,46247
7290108357769,false,"מרכך לשיער רגיל תפוח וזרעי צ'יה 700 מ""ל כיף",גוד פוד פרודקטס S.p,IL,כיף מרכך לשיער רגיל תפוח זרעי ציה 700 מ,מיליליטרים,700.00,"100 מ""ל",false,1,14.90,2.1286,true,1,46243
7290108357776,false,"כיף מרכך לשיער יבש -רימונים ושמן ארגן 700 מ""ל",גוד פוד פרודקטס S.p,IL,כיף מרכך לשיער יבש רימונים ושמן ארג700 מ,מיליליטרים,700.00,"100 מ""ל",false,1,14.90,2.1286,true,1,46245
7290108501360,true,גבינת צדר בשלה 200 ג,וויקה פארמס אל.טי.די,GB,גבינת צדר בשלה 200 גרם MATURED ORANGE,גרמים,200.00,100 גרם,false,1,24.90,12.4500,true,1,48779
7290108501407,false,גבינת צ'דר מיושנת 200גרם VINTAGE,וויקה פארמס אל.טי.די,GB,גבינת צ'דר מיושנת 200 גרם VINTAGE,גרמים,200.00,100 גרם,false,1,24.90,12.4500,true,1,48791
7290108502145,false,גבינת צדר בשלה יורו,,GB,גבינת צדר בשלה יורו פרוסות 150 גרם,גרמים,150.00,100 גרם,false,1,20.90,13.9333,true,1,53834
7290108502305,false,גבינת גרדה פדנו משולש 150 גר`וילי פוד,וילי פוד,IT,גבינת גרנה פדנו משולש 150 גרם,גרמים,200.00,100 גרם,false,1,24.90,12.4500,true,1,48789
7290108502329,true,נתחי טונה בשמן זית 6,ארזינא,TH,נתחי טונה בשמן זית 640 גרם ויליפוד 1/4,גרמים,640.00,100 גרם,false,1,31.90,4.9844,true,1,48917
7290108502541,false,גבינת שמנת טבעי 200ג' EURO CHEESE,קסוס אל פסטור,TR,גבינת שמנת טבעי 200 גרם EURO,גרמים,200.00,100 גרם,false,1,14.90,7.4500,true,1,45756
7290108502763,true,גבינת קממבר יורו 200,סאסו פטוראגס קומטויס,FR,גבינת קממבר יורו 200גרם,גרמים,200.00,100 גרם,false,1,23.90,11.9500,true,1,45225
7290108503043,false,תפוחונים חטיף פלחים מיובשים מארז 22X4ג',ינטאי זונגקאן פוד קו,CN,תפוחונים מיובשים מארז 3+1 88 גרם,גרמים,88.00,100 גרם,false,1,15.90,18.0682,true,1,46339
7290108503159,false,גבינה כחולה עם עובש 100 גר,קסוס אל פסטור,ES,גבינה כחולה עם עובש 100 גרם EURO,גרמים,100.00,100 גרם,false,1,16.90,16.9000,true,1,45761
7290108503746,false,חמאה מלוחה מבלגיה 20,ואליו אל.טי.די,FI,חמאה מלוחה מבלגיה 200 גרם,גרמים,200.00,100 גרם,false,1,13.90,6.9500,true,1,48785
7290108503982,false,פרוסות גבינה 150גרם בטעם צ'דר לכריכים וטוסטים,,ES,פרוסות גבינה בטעם צדר לכריכים וטוסטים יו,גרמים,150.00,100 גרם,false,1,12.90,8.6000,true,1,53821
7290108504279,false,קשקבל צ'אנק יורו ציז,ג.וילי פוד אינטרנשיו,ES,קשקבל צאנק 150גרם,גרמים,150.00,100 גרם,false,1,19.90,13.2667,true,1,50573
7290108504293,false,גבינה מנצ'גו צ'אנק 150 גר',ג.וילי פוד אינטרנשיו,ES,מנצגו צאנק 150גרם,גרמים,150.00,100 גרם,false,1,19.90,13.2667,true,1,50575
7290108505689,false,גבינת גרנה פדנו מגורדת 100 גרם,זנאטי,IT,גבינת גרנה פדנו מגורדת 100 גרם,גרמים,100.00,100 גרם,false,1,14.90,14.9000,true,1,49188
7290108506624,false,גבינת עיזים צ'אנק 15,אל פסטור,ES,עיזים צאנק 150גרם,גרמים,150.00,100 גרם,false,1,19.90,13.2667,true,1,50580
7290108506709,false,גבינת פרמג'יאנו רג'יאנו 150 גר' רבנות,וילי פוד,IT,גבינת פרמגאנו רגיאנו 150 גרם,גרמים,150.00,100 גרם,false,1,32.90,21.9333,true,1,50322
7290108507065,false,גבינת פרמגיאנו רגיאנ,זנאתי,IT,גבינת פרמגיאנו רגיאנו מגורדת 100 גרם,גרמים,100.00,100 גרם,false,1,15.90,15.9000,true,1,52479
7290108508703,false,טורטיה ללא גלוטן 270 גר',מוטלוקל גידה סאנאי ט,TR,טורטיה ללא גלוטן 270 ג 6 יחידות,גרמים,270.00,100 גרם,false,1,10.90,4.0370,true,1,52787
7290108509113,false,"גבינה בולגרית מעודנת 18% שומן 250 גרם חת""ס פ""ת",Euro יורו מחלבות אירופה,TR,גבינה בולגרית מעודנת יורו 18% 250 גרם,גרמים,250.00,100 גרם,false,1,12.90,5.1600,true,1,54989
7290108509571,false,גבינה פטה עם צילי ופ,,GR,גבינה פטה עם צילי ופפריקה 24% 153גרם,גרמים,153.00,100 גרם,false,1,19.90,13.0065,true,1,56493
7290108509588,false,גבינה מלוחה עם עשבי תיבול 24% 153גרם,,GR,גבינת פטה עם עשבי תיבול 24% 153גרם,גרמים,153.00,100 גרם,false,1,19.90,13.0065,true,1,56494
7290108509595,false,גבינת פטה עם עגבניות,,GR,גבינת פטה עם עגבניות מיובשות וריחן 24%,גרמים,153.00,100 גרם,false,1,19.90,13.0065,true,1,56495
7290108509700,false,אורז פרסי דאווט 1 קג,אל טי פוד,IN,"אורז פרסי 1 ק""ג DAAWAT",קילוגרמים,1.00,"ק""ג",false,1,11.90,11.9000,true,1,56090
7290108509755,false,גבינת חלומי 23% 250גרם,,קפריסין,גבינת חלומי יורו 23% 250 גרם,גרמים,250.00,100 גרם,false,1,24.90,9.9600,true,1,56496
7290109351025,false,מלך החומוס חומוסטחינה 40% טחינה גולמית,סלטי צבר,IL,חומוסטחינה חלק מלך החומוס 400 גרם,גרמים,400.00,100 גרם,false,1,14.90,3.7250,true,1,27518
7290109351209,false,שלגון לה פרוטה אננס תפוז נסטלה 70ג',תות תעשיות מזון (201,IL,קרחון שרבט לה פרוטה אננס תפוז 70 גרם,גרמים,70.00,100 גרם,false,1,6.90,9.8571,true,1,28093
7290109351957,false,פריכיות אורז מלא פיטנס עם שכבת שוקולד חלב,סנורייס בלגיום אן. ו,BE,פיטנס פריכיות גדולות שקלד.חלב 12*100גרם,גרמים,100.00,100 גרם,false,1,8.90,8.9000,true,1,30128
7290109351971,false,פריכיות דגנים פיטנס מצופות שוקולד חלב,נסטלה Nestle,IL,פיטנס בר פריכיות שוקולד חלב 12*84גרם,גרמים,84.00,100 גרם,false,1,15.90,18.9286,true,1,28953
7290109352916,false,פריכיות דגנים פיטנס מצופות שוקולד לבן,נסטלה Nestle,IL,פיטנס בר פריכיות שוקולד לבן 12*84גרם,גרמים,84.00,100 גרם,false,1,15.90,18.9286,true,1,28954
7290109354057,false,קרחוני לה פרוטה La Frutta בטעמי אננס תפוז- 5 יח',תות תעשיות מזון (201,IL,לה פרוטה מאגדת אננס תפוז 8 5*70גרם,גרמים,350.00,100 גרם,false,1,27.90,7.9714,true,1,28690
7290109354101,false,לחמית ללא גלוטן 200 ג' אסם,אסם,IL,לחמית ללא גלוטן 12*200גרם,גרמים,200.00,100 גרם,false,1,12.90,6.4500,true,1,42050
7290109354972,false,אוסם - פתי בר וניל חלבי ללא גלוטן 200 גרם,מיוצר עי קונדיטוריית,IL,אסם פתי בר ללא גלוטן קלאסי 12*200גרם,גרמים,200.00,100 גרם,false,1,11.90,5.9500,true,1,29722
7290109355504,false,שלגון קראנץ' וניל ליבת נוגט 72 ג',נטו מלינדה-בשר,IL,נסטלה קראנץ ונל.ליבת נגט.שקלד.לבן28*100ג,גרמים,100.00,100 גרם,false,1,10.50,10.5000,true,1,30289
7290109358130,false,לה פרוטה אננס פסיפלורה מנגו מאגדת 5 יח',גלידות נסטלה (נגה גל,IL,לה פרוטה מאגדת יגרט.אנס.פסיפ.מנגו8 5*60ג,גרמים,300.00,100 גרם,false,1,27.90,9.3000,true,1,42955
7290109358284,false,טבעול שניצל תירס עם חלבון 664 גר',עיצובים 2020 (4.8),IL,טבעול שניצל תירס עם חלבון 6*664גרם,גרמים,664.00,100 גרם,false,1,31.90,4.8042,true,1,42209
7290109358482,false,עוגיות קרמוגית במילוי קרם בטעם חלבה,היינץ צפון אמריקה מק,IL,אסם קרמוגית במילוי חלבה 12*200גרם,גרמים,200.00,100 גרם,false,1,14.50,7.2500,true,1,46115
7290109358765,false,דגני בוקר רולס 450 ג' קראנץ',"אסם השקעות בע""מ",IL,דגני קראנץ רולס 450 גרם,גרמים,450.00,100 גרם,false,1,27.90,6.2000,true,1,41792
7290109580098,false,קבנוס בטעם סרירצ'ה 135 ג' זוגלובק,זוגלובק,IL,קבנוס בטעם סרירצה 135 גרם,גרמים,135.00,100 גרם,false,1,13.90,10.2963,true,1,54773
7290109580166,false,פרימיום סרוולד קלאסי זוגלובק 150 ג',זוגלובק,IL,סרוולד קלאסי זוגלובק פרימיום 150 גרם,גרמים,150.00,100 גרם,false,1,26.90,17.9333,true,1,52593
7290109580210,false,נקנקיות ריינהולד'ס הצרפתיה זוגלובק 300 ג',זוגלובק,IL,נקניקיות ריינהולדס הצרפתיה 300 גרם,גרמים,300.00,100 גרם,false,1,19.90,6.6333,true,1,53836
7290109580227,false,נקניקיות עוף ובקר בסגנון ברלינאי קאריוורסט,זוגלובק,IL,נקניקיות ריינהולדס קאריוורסט 300 גרם,גרמים,300.00,100 גרם,false,1,19.90,6.6333,true,1,53837
7290109580319,false,"בורגר וונדרס 0% בשר , טבעוני",זוגלובק וונדרס Wonders,IL,בורגר וונדרס 280 גרם,גרמים,280.00,100 גרם,false,1,36.90,13.1786,true,1,54357
7290109580432,false,פסטרמה חזה הודו מעושן 120 גר' זוגלובק,זוגלובק,IL,פסטרמה חזה הודו מעושן 120 גר דק דק,גרמים,120.00,100 גרם,false,1,14.90,12.4167,true,1,55307
7290109640020,false,גוש טבעוני בטעם מוצרלה 18%,ויגרדן,,משו משו גוש טבעוני בטעם מוצרלה 300 גרם,גרמים,300.00,100 גרם,false,1,20.90,6.9667,true,1,41494
7290109640198,true,מגורדת לפיצה ולאפיה,"טרופיקל דגיל בע""מ אז",IL,מגורדת לפיצה ואפייה 200 גרם,Unknown,0.00,Unknown,false,1,20.90,0.0000,true,1,45256
7290109920146,false,"דורגול מסיר אבנית מקומקומים 750 מ""ל",דורינג,,יעקבי דורגול מסיר אבן ללא הרתחה 750 מל,מיליליטרים,750.00,"100 מ""ל",false,1,22.90,3.0533,true,1,41654
7290109920658,true,אסטוניש מרסס אנטי בק,פרח,,אסטוניש אנטיבקטריאלי מטבח 750 מל,Unknown,0.00,Unknown,false,1,16.90,0.0000,true,1,52046
7290109920849,true,אסטוניש מרסס רב תכלי,פרח,,אסטוניש מרסס רב תכלי,Unknown,0.00,Unknown,false,1,16.90,0.0000,true,1,52047
7290109921853,false,אסטוניש המשחה המקורית לניקוי עם עוצמה,יעקבי- אסטוניש Astonish,GB,יעקבי אסטוניש משחה לניקוי עם עוצמה 150 גרם,גרמים,150.00,100 גרם,false,1,22.90,15.2667,true,1,52062
7290110110277,false,סיידר תפוחים מוגז - מארז רביעייה,"קרלסברג קרואטיה , יב",RO,סומרסבי סיידר 4 בק 330,ליטרים,1.32,ליטר,false,1,38.90,29.4697,true,1,43637
7290110110574,false,"קוקה קולה זירו לימון פחית 330 מ""ל",החברה המרכזית לייצור,IL,"סליק קולה ZERO לימון 330 מ""ל מבצע",מיליליטרים,330.00,"100 מ""ל",false,1,5.90,1.7879,true,1,44073
7290110110635,false,ספרייט בטעם למון ליים,החברה המרכזית לייצור,IL,"ספרייט בקבוק 500 מ""ל",מיליליטרים,500.00,"100 מ""ל",false,1,7.90,1.5800,true,1,43425
7290110110659,false,"ספרייט לימון ליים פחית 330מ""ל",החברה המרכזית לייצור,IL,"סליק ספרייט LIME 330 מ""ל מבצע",מיליליטרים,330.00,"100 מ""ל",false,1,5.90,1.7879,true,1,43424
7290110110765,false,"פיוז תה גרין 500 מ""ל",מבשלות בירה בינלאומי,IL,פיוזטי גרין לימון נענע 0.5 ליטר,מיליליטרים,500.00,"100 מ""ל",false,1,8.50,1.7000,true,1,44078
7290110111557,false,"משקה ספורט איזוטוני בטעם פירות 500 מ""ל פאוורייד",Caslino al Piano pla,IT,פאוורייד ספורט500מל בטעם פירות,מיליליטרים,500.00,"100 מ""ל",false,1,12.90,2.5800,true,1,45796
7290110111564,false,"משקה ספורט איזוטוני בטעם הדרים ליין 500 מ""ל פאוורייד",פאווראייד POWERADE,IT,פאוורייד ספורט 500מל איזוטוני בטעם הדרים,מיליליטרים,500.00,"100 מ""ל",false,1,12.90,2.5800,true,1,45797
7290110113421,false,בירה קרלסברג לומה 33,מבשלות בירה בינלאומי,IL,קרלסברג LUMA בק 330 בודד,מיליליטרים,330.00,"100 מ""ל",false,1,11.90,3.6061,true,1,50588
7290110113582,false,טוניק בטעם פירות יער,החברה המרכזית למשקאו,IL,טוניק בטעם פירות יער 1 ליטר,ליטרים,1.00,ליטר,false,1,11.90,11.9000,true,1,56540
7290110113599,false,סודה נורדיק 250 מל,החברה המרכזית למשקאו,IL,"NM מי סודה 250 מ""ל",מיליליטרים,250.00,"100 מ""ל",false,1,6.90,2.7600,true,1,55498
7290110113629,false,בירה שקמה אייל ענברי,מבשלות בירה בינלאומי,IL,"שקמה אייל ענברי בק' 330 מ""ל פיקדון",מיליליטרים,330.00,"100 מ""ל",false,1,14.90,4.5152,true,1,55242
7290110113650,false,גינגר אייל 1 ליטר,החברה המרכזית למשקאו,IL,גינגר אייל 1 ליטר,ליטרים,1.00,ליטר,false,1,11.90,11.9000,true,1,56541
7290110113902,false,בירה טובורג פחית סלי,מבשלות בירה בינלאומי,IL,"טובורג רד פחית 330 מ""ל",מיליליטרים,330.00,"100 מ""ל",false,1,8.50,2.5758,true,1,53710
7290110114398,false,סודה נורדיק לימון250,החברה המרכזית למשקאו,IL,"NM סודה בטעם לימון עדין 250 מ""ל",מיליליטרים,250.00,"100 מ""ל",false,1,6.90,2.7600,true,1,55496
7290110114404,false,סודה נורדיק תפוח נענ,החברה המרכזית למשקאו,IL,"NM סודה בטעם תפוח נענע עדין 250 מ""ל",מיליליטרים,250.00,"100 מ""ל",false,1,6.90,2.7600,true,1,55497
7290110114787,false,נביעות + תפוח 1.5 ליטר פיקדון,נביעות טבע הגליל בעמ,IL,נביעות+ בטעם תפוח 1.5 ליטר,ליטרים,1.50,ליטר,false,1,11.90,7.9333,true,1,54270
7290110114794,false,נביעות + אפרסק 1.5 ליטר פיקדון,"נביעות טבע הגליל בע""",IL,נביעות + בטעם אפרסק 1.5 ליטר,ליטרים,1.50,ליטר,false,1,11.90,7.9333,true,1,54271
7290110114800,false,נביעות + ענבים 1.5 ליטר פיקדון,"נביעות טבע הגליל בע""",IL,נביעות + בטעם ענבים 1.5 ליטר,ליטרים,1.50,ליטר,false,1,11.90,7.9333,true,1,54272
7290110114824,false,נביעות+רכיבי פרי אבטיח 1.5 ליטר פיקדון,"נביעות טבע הגליל בע""",IL,נביעות + פרי בטעם אבטיח 1.5 ליטר,ליטרים,1.50,ליטר,false,1,11.90,7.9333,true,1,54274
7290110114831,false,מים בטעם רכיבי פרי אננס 1.5 ל' נביעות,"נביעות טבע הגליל בע""",IL,נביעות + פרי בטעם אננס 1.5 ליטר,ליטרים,1.50,ליטר,false,1,11.90,7.9333,true,1,54275
7290110114855,false,"נביעות מים מינרליים, שישיה 6 * 1.5 ליטר פקדון",נביעות טבע הגליל בעמ,IL,6 נביעות 1.5 ליטר,ליטרים,9.00,ליטר,false,6,15.90,1.7667,true,1,54277
7290110114893,false,מיץ סחוט תפוז 2 ל' פריגת,פריגת,IL,סחוט תפוזים קלאסי 2 ליטר,ליטרים,2.00,ליטר,false,1,32.90,16.4500,true,1,54280
7290110114961,false,מיץ בטעם תפוזים 1.5ל' פריגת,מבשלות בירה בינלאומי,IL,"פריגת תפוזים, 1.5 ליטר",ליטרים,1.50,ליטר,false,1,10.50,7.0000,true,1,54282
7290110114985,false,פריגת אשכולית 1.5 ליטר פיקדון,מבשלות בירה בינלאומי,IL,פריגת בטעם אשכוליות 1.5 ליטר,ליטרים,1.50,ליטר,false,1,10.50,7.0000,true,1,54284
7290110114992,false,פריגת light אשכולית 1.5 ליטר פיקדון,מבשלות בירה בינלאומי,IL,פריגת טעם אשכוליות דל קלוריות 1.5 ליטר,ליטרים,1.50,ליטר,false,1,10.50,7.0000,true,1,54285
7290110115036,false,פריגת מנגו 1.5 ליטר פיקדון,מבשלות בירה בינלאומי,IL,"משק""ל מנגו 1.5 ליטר",ליטרים,1.50,ליטר,false,1,10.50,7.0000,true,1,54286
7290110115043,false,פריגת לימונענע 1.5 ליטר פיקדון,מבשלות בירה בינלאומי,IL,משקה קל פירות לימונענע,ליטרים,1.50,ליטר,false,1,10.50,7.0000,true,1,54287
7290110115050,false,פריגת מיקס תות בננה 1.5 ליטר פיקדון,מבשלות בירה בינלאומי,IL,פריגת טעם תות בננה 1.5 ליטר,ליטרים,1.50,ליטר,false,1,10.50,7.0000,true,1,54288
7290110115081,false,פריגת צלול ענבים 1.5 ליטר פיקדון,מבשלות בירה לישראל ב,IL,פריגת צלול משקה קל ענבים תפוחים,ליטרים,1.50,ליטר,false,1,10.50,7.0000,true,1,54289
7290110115104,false,פריגת צלול אפרסק 1.5 ליטר פיקדון,מבשלות בירה בינלאומי,IL,פריגת צלול משקה קל אפרסקים תפוחים,ליטרים,1.50,ליטר,false,1,10.50,7.0000,true,1,54291
7290110115234,false,קולה ZERO נטול 1.5 ליטר פיקדון,החברה המרכזית לייצור,IL,קוקה קולה ZERO נטול 1.5 ליטר,ליטרים,1.50,ליטר,false,1,9.90,6.6000,true,1,54301
7290110115241,false,קוקה קולה זירו לימון 1.5 ליטר,החברה המרכזית לייצור,IL,קוקה קולה ZERO לימון 1.5 ליטר,ליטרים,1.50,ליטר,false,1,9.90,6.6000,true,1,54302
7290110115258,false,קולה ZERO מנגו 1.5 ליטר פיקדון,החברה המרכזית לייצור,IL,קולה ZERO מנגו 1.5 ליטר,ליטרים,1.50,ליטר,false,1,9.90,6.6000,true,1,54303
7290110115296,false,פאנטה אורנג' 1.5 ליטר פיקדון,החברה המרכזית לייצור,IL,פאנטה אורנג' 1.5 ליטר,ליטרים,1.50,ליטר,false,1,9.90,6.6000,true,1,54307
7290110115302,false,פאנטה ZERO אורנג' 1.5 ליטר פיקדון,החברה המרכזית לייצור,IL,פאנטה ZERO אורנג' 1.5 ליטר,ליטרים,1.50,ליטר,false,1,9.90,6.6000,true,1,54308
7290110115319,false,פאנטה אקזוטיק 1.5 ליטר פיקדון,החברה המרכזית לייצור,IL,פאנטה אקזוטיק 1.5 ליטר,ליטרים,1.50,ליטר,false,1,9.90,6.6000,true,1,54309
7290110115333,false,פאנטה תות 1.5 ליטר פיקדון,החברה המרכזית לייצור,IL,פאנטה גזוז בטעם תות 1.5 ליטר,ליטרים,1.50,ליטר,false,1,9.90,6.6000,true,1,54310
7290110115364,false,קוקה קולה שישיות 1.5 ליטר פיקדון,החברה המרכזית לייצור,IL,קוקה קולה שישיות 1.5 ליטר,ליטרים,9.00,ליטר,false,6,52.90,5.8778,true,1,54312
7290110115371,false,דיאט קוקה קולה שישיות 1.5 ליטר פיקדון,החברה המרכזית לייצור,IL,דיאט קוקה קולה שישיות 1.5 ליטר,ליטרים,9.00,ליטר,false,6,49.90,5.5444,true,1,54193
7290110115395,false,ZERO ספרייט שישיות 1.5 ליטר פיקדון,החברה המרכזית לייצור,IL,ZERO ספרייט שישיות 1.5 ליטר,ליטרים,9.00,ליטר,false,6,49.90,5.5444,true,1,54313
7290110115418,false,מארז שישייה קוקה קולה זירו 1.5 ל',החברה המרכזית לייצור,IL,קולה ZERO שישיות 1.5 ליטר,ליטרים,9.00,ליטר,false,6,49.90,5.5444,true,1,54314
7290110115425,false,FUZE TEA גרין לימונענע -נענע 1.5 ליטר פיקדון,מבשלות בירה בינלאומי,IL,פיוזטי גרין לימון נענע 1.5 ליטר,ליטרים,1.50,ליטר,false,1,10.00,6.6667,true,1,54315
7290110115449,false,אייס תה בטעם מנגו אננס 1.5ל' FUZE TEA,מבשלות בירה בינלאומי,IL,פיוזטי מנגו אננס 1.5 ליטר,ליטרים,1.50,ליטר,false,1,10.00,6.6667,true,1,54317
7290110115463,false,אייס תה בטעם אפרסק 1.5ל' FUZE TEA,מבשלות בירה בינלאומי,IL,פיוזטי אפרסק 1.5 ליטר,ליטרים,1.50,ליטר,false,1,10.00,6.6667,true,1,54319
7290110115494,false,אייס תה בטעם ענבים 1.5ל' FUZE TEA,מבשלות בירה בינלאומי,IL,פיוזטי ענבים 1.5 ליטר,ליטרים,1.50,ליטר,false,1,10.00,6.6667,true,1,54322
7290110115609,false,פריגת ענבים 40% פחות סוכר 1.5 ליטר פיקדון,מבשלות בירה בינלאומי,IL,"פריגת משק""ל ענבים 40% פחות סוכר 1.5 ליטר",ליטרים,1.50,ליטר,false,1,10.50,7.0000,true,1,54328
7290110115616,false,FUZE tea zero גרין אננס 1.5 ליטר פיקדון,מבשלות בירה בינלאומי,IL,פיוזטי ZERO גרין אננס 1.5 ליטר,ליטרים,1.50,ליטר,false,1,10.00,6.6667,true,1,54371
7290110115623,false,משקה פיוז טי זירו ZERO בטעם אפרסק,מבשלות בירה בינלאומי,IL,פיוזטי ZERO אפרסק 1.5 ליטר,ליטרים,1.50,ליטר,false,1,10.00,6.6667,true,1,54372
7290110115654,false,"פיוז טי זירו גרין אננס, 500 מ""ל",מבשלות בירה בינלאומי,IL,פיוזטי ZERO גרין אננס 0.5 ליטר,מיליליטרים,500.00,"100 מ""ל",false,1,8.50,1.7000,true,1,54370
7290110115661,false,"אייס תה ZERO אפרסק 500 מ""ל FUZE tea",מבשלות בירה בינלאומי,IL,פיוזטי ZERO אפרסק 0.5 ליטר,מיליליטרים,500.00,"100 מ""ל",false,1,8.50,1.7000,true,1,54369
7290110115692,false,פריגת קוביות אלוורה בטעם מלון,החברה המרכזית למשקאו,IL,"פריגת קוביות מלון אלוורה 315 מ""ל",מיליליטרים,315.00,"100 מ""ל",false,1,10.90,3.4603,true,1,55605
7290110115739,false,פריגת קוביות בטעם פינקולדה עם קוביות ג'ל קוקוס,החברה המרכזית למשקאו,IL,"פריגת קוביות פינקולדה קוקוס 315 מ""ל",מיליליטרים,315.00,"100 מ""ל",false,1,10.90,3.4603,true,1,55604
7290110115777,false,מים מינרלים נביעות 1.5 ל,נביעות,,מים נביעות בקבוק 1.5 ליטר,ליטרים,1.50,ליטר,false,1,6.20,4.1333,true,1,54396
7290110115838,false,"ספרייט זירו, 1.5 ליטר פקדון","אינסטנטה בע""מ",IL,ספרייט זירו בקבוק 1.5 ליטר,ליטרים,1.50,ליטר,false,1,9.90,6.6000,true,1,54305
7290110115845,false,קוקה קולה 1.5 ליטר פיקדון,"אינסטנטה בע""מ",IL,קוקה קולה בקבוק 1.5 ליטר,ליטרים,1.50,ליטר,false,1,9.90,6.6000,true,1,54298
7290110115852,false,קוקה קולה דיאט בקבוק,תות תעשיות מזון (201,IL,קוקה קולה דיאט בקבוק 1.5 ליטר,ליטרים,1.50,ליטר,false,1,9.90,6.6000,true,1,54299
7290110115869,false,קוקה קולה זירו 1.5 ליטר פיקדון,תות תעשיות מזון (201,IL,קוקה קולה זירו בקבוק 1.5 ליטר,ליטרים,1.50,ליטר,false,1,9.90,6.6000,true,1,54300
7290110115876,false,סודה קינלי 1.5 ליטר,"אינסטנטה בע""מ",IL,סודה קינלי 1.5 ליטר,ליטרים,1.50,ליטר,false,1,4.90,3.2667,true,1,54311
7290110116064,false,פאנטה ZERO פירות ירוק 1.5 ליטר פיקדון,החברה המרכזית לייצור,IL,פאנטה זירו ירוק 1.5 ליטר,ליטרים,1.50,ליטר,false,1,9.90,6.6000,true,1,55283
7290110116194,false,"מים לימון ליים 0 קלוריות, 1.5 ל נביעות","נביעות טבע הגליל בע""",IL,נביעות+ 0 קלוריות לימון ליים 1.5 ליטר,ליטרים,1.50,ליטר,false,1,11.90,7.9333,true,1,55983
7290110116224,false,נביעות 0 קלוריות בטעם אשכולית,"נביעות טבע הגליל בע""",IL,נביעות+ 0 קלוריות אשכולית 0.5 ליטר,מיליליטרים,500.00,"100 מ""ל",false,1,8.50,1.7000,true,1,55984
7290110116385,false,"קולה זירו בטעם אבטיח תות, 330 מ""ל",החברה המרכזית למשקאו,IL,קולה קולה זירו סטאפני 330 מל,מיליליטרים,330.00,"100 מ""ל",false,1,7.90,2.3939,true,1,55495
7290110116415,false,NM מי סודה 1 ליטר,החברה המרכזית למשקאו,IL,NM מי סודה 1 ליטר,ליטרים,1.00,ליטר,false,1,7.90,7.9000,true,1,56538
7290110116422,false,NM סודה בטעם נענע גר,החברה המרכזית למשקאו,IL,"NM סודה בטעם נענע גרידת לימון 250 מ""ל",מיליליטרים,250.00,"100 מ""ל",false,1,6.50,2.6000,true,1,56537
7290110116514,false,"פריגת מיקס תות בננה 400 מ""ל",פריגת,IL,"MIX תות בננה 400 מ""ל",מיליליטרים,400.00,"100 מ""ל",false,1,10.90,2.7250,true,1,56257
7290110116521,false,"פריגת מיקס אפרסק ומשמש 400 מ""ל",פריגת,IL,"MIX אפרסק משמש 400 מ""ל",מיליליטרים,400.00,"100 מ""ל",false,1,10.90,2.7250,true,1,56258
7290110116576,false,"ספרייט זירו למון היט 500 מ""ל",החברה המרכזית לייצור,IL,"ספרייט זירו למון היט 500 מ""ל",מיליליטרים,500.00,"100 מ""ל",false,1,7.90,1.5800,true,1,56170
7290110320591,false,גבינה בולגרית מעודנת 16%,פיראוס,IL,פיראוס בולגרית 16% שומן במרקם מעודן,גרמים,250.00,100 גרם,false,1,24.90,9.9600,true,1,42083
7290110320683,false,משקה יוגורט בטעם תות 1.5% - מארז 8 יח',מיוצר עי קונדיטוריית,IL,משקה יופלה בטעם תות שמינייה 856 גרם,גרמים,856.00,100 גרם,false,1,19.50,2.2780,true,1,46505
7290110320850,false,פתיתים גבינה חצי קשה מגורדת 28% שומן,תנובה מרכז שיתופי לש,IL,עמק פתיתים 28% שומן 200 גרם,גרמים,200.00,100 גרם,false,1,16.50,8.2500,true,1,42707
7290110320935,false,גבינת מוצרלה תנובה 150ג' פרוסות,תנובה מרכז שיתופי לש,IL,פרוסות מוצרלה קולקשיין 150 גרם,גרמים,150.00,100 גרם,false,1,19.90,13.2667,true,1,42598
7290110321031,false,מעדן חלב GO יוגורט מועשר בחלבון טבעי 200 ג' יופלה,"תנובה, מחלבת אלון תב",IL,GO יוגורט יופלה שומן 20 וחלבון 200 גרם,גרמים,200.00,100 גרם,false,1,6.80,3.4000,true,1,42527
7290110321277,false,קוטג' בקטנה % 5 100 ג' תנובה,פארייפאבה אגרואינדוס,IL,תנובה קוטג' 5% בקטנה 100 גרם,גרמים,100.00,100 גרם,false,1,2.70,2.7000,true,1,43127
7290110321284,false,קוטג' בקטנה 9% 100 ג' תנובה,פארייפאבה אגרואינדוס,IL,תנובה קוטג' 9% בקטנה 100 גרם,גרמים,100.00,100 גרם,false,1,2.70,2.7000,true,1,43128
7290110321604,false,קוביות פיראוס בולגרית מעודנת 5% 200 גרם - רבנות,פיראוס,IL,פיראוס קוביות בולגרית מעודנת 5% שומן,לא מנהל יחידת מידה,0.00,לא מנהל יחידת מידה,false,1,24.90,0.0000,true,1,44898
7290110321680,false,יוגורט GO בטעם תות 20 גרם חלבון בגביע,מיוצר עי קונדיטוריית,IL,יוגורט עם תות בתוספת חלבוני חלב,גרמים,200.00,100 גרם,false,1,6.80,3.4000,true,1,43468
7290110321697,false,יוגורט GO בטעם אפרסק 20 גרם חלבון בגביע,מיוצר עי קונדיטוריית,IL,יוגורט עם אפרסק בתוספת חלבוני חלב,גרמים,200.00,100 גרם,false,1,6.80,3.4000,true,1,43469
7290110321703,false,יוגורט GO בטעם פירות יער 20 גרם חלבון בגביע,מיוצר עי קונדיטוריית,IL,יוגורט עם פירות יער מועשר בחלבון,גרמים,200.00,100 גרם,false,1,6.80,3.4000,true,1,44157
7290110322014,false,טופו בטעם טבעי תנובה ALTERNATIVE,שוורצקוף& הנקל דיסלד,IL,טופו טבעי 300 גרם,גרמים,300.00,100 גרם,false,1,13.90,4.6333,true,1,44892
7290110322021,false,טופו עם בזיליקום תנובה ALTERNATIVE,שוורצקוף& הנקל דיסלד,IL,טופו בטעם בזיליקום,גרמים,300.00,100 גרם,false,1,13.90,4.6333,true,1,47711
7290110322946,true,יופלה טיוב יוגורט במ,תנובה בעמ,IL,יופלה טיוב יוגורט במרקם חלק בטעם תות בננ,גרמים,350.00,100 גרם,false,1,13.50,3.8571,true,1,45737
7290110323073,false,משקה יוגורט GO מועשר בחלבון תות ופטל,מיוצר עי קונדיטוריית,IL,משקה יוגורט יופלה GO 20 מועשר בחלבון תו,מיליליטרים,236.00,"100 מ""ל",false,1,7.20,3.0508,true,1,45740
7290110323585,true,יוגורט עם דובדבן מופ,מיוצר עי קונדיטוריית,IL,יוגורט עם דובדבן מופחת קולוריות GO200גרם,גרמים,200.00,100 גרם,false,1,6.80,3.4000,true,1,45913
7290110323592,true,יוגורט עם אפרסק מופח,מיוצר עי קונדיטוריית,IL,יוגורט עם אפרסק מופחת קולוריות GO200גרם,גרמים,200.00,100 גרם,false,1,6.80,3.4000,true,1,45914
7290110323714,false,משקה קוקוס שקדים תנובה E אלטרנטיב,מיוצר עי קונדיטוריית,IL,משקה קוקוס שקדים תנובה 1 ליטר,ליטרים,1.00,ליטר,false,1,14.90,14.9000,true,1,46260
7290110324070,false,גבינת חלומי מחלב בקר 22%שומן 200גר,"תנובה בע""מ",IL,גבינת חלומי מחלב בקר 22% שומן 200 גרם,גרמים,200.00,100 גרם,false,1,22.90,11.4500,true,1,47302
7290110324353,false,יוגורט GO לייט בטעם אננס 20 גרם חלבון בגביע,"תנובה בע""מ",IL,יופלה GO לייט בטעם אננס 200גרם,גרמים,200.00,100 גרם,false,1,6.80,3.4000,true,1,47110
7290110324711,false,ממרח סויה בטעם טבעי 9% שומן אלטרנטיב,מיוצר עי קונדיטוריית,IL,ממרח סויה 9% בטעם טבעי,גרמים,250.00,100 גרם,false,1,10.90,4.3600,true,1,47114
7290110324728,false,ממרח סויה עם שום שמיר 9% שומן אלטרנטיב,מיוצר עי קונדיטוריית,IL,ממרח סויה 9% עם שום שמיר,גרמים,250.00,100 גרם,false,1,10.90,4.3600,true,1,47115
7290110324841,false,מעדן שקדים עם שוקולד מריר אלטרנטיב,מיוצר עי קונדיטוריית,IL,מעדן שקדים עם שוקולד מריר אלטרנטיב 125גר,גרמים,125.00,100 גרם,false,1,4.70,3.7600,true,1,48814
7290110324858,false,מעדן שקדים בטעם אגוזי לוז אלטרנטיב,תנובה Alternative,IL,מעדן שקדים בטעם אגוזי לוז אלטרנטיב 125 ג,גרמים,125.00,100 גרם,false,1,4.70,3.7600,true,1,48815
7290110324872,false,גבינה צהובה גלבוע 5% שומן 200 גרם,גלבוע - תנובה,IL,גבינת גלבוע 5% שומן 200 גרם,גרמים,200.00,100 גרם,false,1,19.90,9.9500,true,1,49047
7290110324926,false,משקה סויה ללא תוספת סוכר E אלטרנטיב,תנובה מרכז שיתופי לש,IL,משקה סויה ללא תוספת סוכר 1 ליטר,ליטרים,1.00,ליטר,false,1,13.50,13.5000,true,1,48824
7290110325114,false,"משקה יוגורט יופלה גו לייט תות בננה 250 מ""ל - רבנות",מיוצר עי קונדיטוריית,IL,משקה יוגורטGO לייט תות בננה 250 מל,מיליליטרים,250.00,"100 מ""ל",false,1,7.20,2.8800,true,1,47612
7290110325169,false,פרוסות גבינת גאודה 30%,תנובה,IL,פרוסות גאודה קולקשיין 170 גרם,גרמים,170.00,100 גרם,false,1,22.90,13.4706,true,1,49987
7290110325305,false,מעדן סויה GO מועשר בחלבון במתיקות מעודנת,מיוצר עי קונדיטוריית,IL,מעדן סויהGO 20 גרם חלבון במתיקות מעודנת 200גרם,גרמים,200.00,100 גרם,false,1,6.20,3.1000,true,1,48818
7290110325312,false,מעדן סויה GO מועשר בחלבון בטעם תות,"תנובה בע""מ",IL,מעדן סויה GO 20 גרם חלבון בטעם תות 200גרם,גרמים,200.00,100 גרם,false,1,6.20,3.1000,true,1,48817
7290110325510,false,יופלה טיוב יוגורט במרקם חלק בטעם וניל - 348 ג',"תנובה בע""מ",IL,יופלה טיוב יוגורט בטעם וניל - יוניקור 34,גרמים,348.00,100 גרם,false,1,13.50,3.8793,true,1,49045
7290110325619,false,משקה שיבולת שועל תנובה E אלטרנטיב,מיוצר עי קונדיטוריית,IL,משקה שיבולת שועל 1ליטר,ליטרים,1.00,ליטר,false,1,14.90,14.9000,true,1,49526
7290110325879,false,פתיתי גאודה 200 ג' תנובה,תנובה- השף הלבן,IL,פתיתי גאודה 200 גרם קולקשיין,גרמים,200.00,100 גרם,false,1,19.90,9.9500,true,1,49988
7290110325893,false,משקה חלב GO מועשר בחלבון בטעם אייס קפה,מיוצר עי קונדיטוריית,IL,תנובה GO אייס קפה 340 מל,מיליליטרים,340.00,"100 מ""ל",false,1,8.90,2.6176,true,1,49531
7290110326173,false,יולו COOKIES שוקולדלבן בטעם קרם עוגיות+עוגיות ונטיפי שוקולד 120 ג',תנובה,IL,יולו קוקיס שוקולד לבן בטעם קרם עוגיות ב,גרמים,120.00,100 גרם,false,1,5.50,4.5833,true,1,49898
7290110326180,false,יולו COOKIES שוקולד חלב נוגט+עוגיות ונטיפי שוקולד 120 ג'.,תנובה,IL,יולו קוקיס שוקולד חלב בטעם קרם נוגט בתו,גרמים,120.00,100 גרם,false,1,5.50,4.5833,true,1,49899
7290110326210,false,יופלה און טופ פצפוצים 157 גרם.,מיוצר עי קונדיטוריית,IL,יופלה און טופ פצפוצים 157 גרם,גרמים,157.00,100 גרם,false,1,5.70,3.6306,true,1,49989
7290110326227,false,יוגורט און טופ קורנפלקס 157 ג' יופלה,מיוצר עי קונדיטוריית,IL,יופלה און טופ קורנפלקס 157 גרם,גרמים,157.00,100 גרם,false,1,5.70,3.6306,true,1,49991
7290110326234,false,יוגורט און טופ כוכבים 157 ג' יופלה,מיוצר עי קונדיטוריית,IL,יופלה און טופ כוכבים 157 גרם,גרמים,157.00,100 גרם,false,1,5.70,3.6306,true,1,49990
7290110326241,false,יופלה און טופ גרנולה 157 גרם.,מיוצר עי קונדיטוריית,IL,יופלה און טופ גרנולה 157 גרם,גרמים,157.00,100 גרם,false,1,5.70,3.6306,true,1,49992
7290110326333,false,פרוסות גבינה בסגנון סקנדינבי 31%,פ.פ.ח. שאביט,IL,פרוסות גבינה סקנדינבית קולקשיין 170 גרם,גרמים,200.00,100 גרם,false,1,21.90,10.9500,true,1,51415
7290110326548,false,קוטג מועשר בסידן 25,תנובה בעמ,IL,קוטג מועשר בסידן 250ג מיורן וזעתר 5%,גרמים,250.00,100 גרם,false,1,5.80,2.3200,true,1,52270
7290110326906,false,חלב נטול לקטוז 3% 1 ליטר,מיוצר עי קונדיטוריית,IL,חלב נטול לקטוז 3% 1 ליטר,ליטרים,1.00,ליטר,false,1,7.90,7.9000,true,1,51412
7290110327026,false,משקה חלב שוקולד מריר,פ.פ.ח. שאביט,IL,YOLO משקה חלב עם שוקולד מריר 340 מל,מיליליטרים,340.00,"100 מ""ל",false,1,7.50,2.2059,true,1,50841
7290110327033,false,משקה סויה גו מועשר בחלבון במתיקות מופחתת 1 ליטר,מיוצר עי קונדיטוריית,IL,משקהמועשר בחלבון במתיקות מופחתת GO,לא מנהל יחידת מידה,0.00,לא מנהל יחידת מידה,false,1,14.90,0.0000,true,1,51125
7290110327064,false,משקה קפה שיבולת שועל,תנובה,IL,משקה קפה שיבולת שועל בטעם קרמל 1 ליטר,ליטרים,1.00,ליטר,false,1,12.60,12.6000,true,1,50855
7290110327125,false,פטה 21% מחלב צאן במי מלח-200ג',תנובה בעמ,GR,פיראוס פטה 21% מחלב צאן 200 גרם,גרמים,200.00,100 גרם,false,1,23.90,11.9500,true,1,52184
7290110327279,false,גבינת שמנת בסגנון טוסקנה נפוליאון 24% שומן 225 ג',תנובה מרכז שיתופי לש,IL,נפוליאון טוסקנה 25% שומן,גרמים,225.00,100 גרם,false,1,14.90,6.6222,true,1,51126
7290110327316,false,גבינה לבנה + פריכיות,תנובה בעמ,IL,גבינה לבנה 5% בתוספת פריכיות 139 גרם,גרמים,139.00,100 גרם,false,1,6.80,4.8921,true,1,53040
7290110327514,false,משקה שיבולת שועל בטעם אגוזי לוז 1 ליטר אלטרנטיב,תנובה מרכז שיתופי לש,IL,משקה שיבולת שועל אלטרנטיב אגוזי לוז 1 ל,ליטרים,1.00,ליטר,false,1,14.90,14.9000,true,1,54050
7290110327545,false,מעדן און טופ תות פצפוצים מצופים שוקולד 157ג' יופלה,מיוצר עי קונדיטוריית,IL,יופלה אוןטופ תות תוספת פצפוצים מצופים157,גרמים,157.00,100 גרם,false,1,5.50,3.5032,true,1,54542
7290110327620,false,אבקת חלבון GO עם WHEY ללא תוספת טעם,,IL,GO אבקת חלבון ללא תוספת טעם 2.27 קג,קילוגרמים,2.27,"ק""ג",false,1,269.00,118.5022,true,1,54616
7290110327798,false,חטיף חלבון GO - שוקולד 60 ג' חלב נוכרי - רבנות,"בלמונט קונפקציות בע""",US,GO חטיף חלבון בטעם שוקולד 60 גרם,גרמים,60.00,100 גרם,false,1,13.90,23.1667,true,1,53025
7290110327804,false,חטיף חלבון GO - עוגיות 60 ג' חלב נוכרי - רבנות,"בלמונט קונפקציות בע""",US,GO חטיף חלבון בטעם בצק עוגיות 60 גרם,גרמים,60.00,100 גרם,false,1,13.90,23.1667,true,1,53026
7290110327811,false,חטיף חלבון GO - קוקוס 60 ג' חלב נוכרי - רבנות,"בלמונט קונפקציות בע""",US,GO חטיף חלבון עם קוקוס 60 גרם,גרמים,60.00,100 גרם,false,1,13.90,23.1667,true,1,53027
7290110327828,false,חטיף חלבון GO - חמאת בוטנים 60 ג' חלב נוכרי - רבנות,"בלמונט קונפקציות בע""",US,GO חטיף חלבון עם חמאת בוטנים 60 גרם,גרמים,60.00,100 גרם,false,1,13.90,23.1667,true,1,53028
7290110328016,false,משקה סויה מועשר בחלבון בטעם אגוזי לוז 250 גרם,תנובה מרכז שיתופי לש,IL,"משקה סויה מועשר בחלבון בטעם אגוזי לוז 250 מ""ל",מיליליטרים,250.00,"100 מ""ל",false,1,7.50,3.0000,true,1,52492
7290110328023,false,משקה סויה מועשר בחלבון בטעם קפה 250 גרם,תנובה מרכז שיתופי לש,IL,"משקה סויה מועשר בחלבון בטעם קפה 250 מ""ל",מיליליטרים,250.00,"100 מ""ל",false,1,7.50,3.0000,true,1,52491
7290110328221,false,יוגורט תנובה נטול לקטוז 200 ג',מיוצר עי קונדיטוריית,IL,יוגורט תנובה נטול לקטוז 3% 200 גרם,גרמים,200.00,100 גרם,false,1,4.20,2.1000,true,1,52382
7290110328436,false,פלח גאודה עיזים - מעודן 150 גרם - רבנות,"תנובה בע""מ",IL,פלח גאודה עיזים בטעם מעודן 29% קולקשיין,גרמים,150.00,100 גרם,false,1,25.90,17.2667,true,1,52771
7290110328474,false,גבינת פרמג'יאנו רג'יאנו 30% מחלב בקר,מנדלז סי.אר. פרודקשן,IT,פלח פרמגיאנו רגיאנו קולקשיין 150 גרם,גרמים,150.00,100 גרם,false,1,33.90,22.6000,true,1,52774
7290110328481,false,פתיתי פרמג'יאנו רג'יאנו מחלב בקר 30%,ברטינלי גיאני א.,IT,פתיתי פרמגאנו רגיאנו קולקשיין 100 גרם,גרמים,100.00,100 גרם,false,1,18.90,18.9000,true,1,52775
7290110328504,false,טריו - מיקס גבינות מוצרלה סקנדינבית וגאודה 300 גרם,מיוצר עי קונדיטוריית,IL,מיקס גבינות מוצרלה סקנדינבית וגאודה השף,גרמים,300.00,100 גרם,false,1,29.90,9.9667,true,1,52776
7290110328580,false,יוגורט ביו 5% 200 ג' תנובה,מיוצר עי קונדיטוריית,IL,יוגורט תנובה 5% 200 גרם,גרמים,200.00,100 גרם,false,1,3.50,1.7500,true,1,54051
7290110328610,false,משקה אורז ושקדים בריסטה אלטרנטיב 1 ליטר,תנובה Alternative,IL,משקה אורז ושקדים בריסטה אלטרנטיב 1 ליטר,ליטרים,1.00,ליטר,false,1,14.90,14.9000,true,1,53049
7290110328627,false,יוגורט יופלה GO במרקם סמיך בטעם בננה קרמל 0%,מיוצר עי קונדיטוריית,IL,יוגורט GO סמיך 0% בננה קרמל 200 גרם,גרמים,200.00,100 גרם,false,1,6.50,3.2500,true,1,53045
7290110328764,false,יוגורט יופלה GO במרקם סמיך עם תות 0%,מיוצר עי קונדיטוריית,IL,יוגורט GO סמיך 0% תות 200 גרם,גרמים,200.00,100 גרם,false,1,6.80,3.4000,true,1,53044
7290110328771,false,יוגורט יופלה GO במרקם סמיך עם פירות יער 0%,מיוצר עי קונדיטוריית,IL,יוגורט GO סמיך 0% פ. יער 200 גרם,גרמים,200.00,100 גרם,false,1,6.80,3.4000,true,1,53043
7290110328788,false,יוגורט יופלה GO במרקם סמיך בטעם אפרסק 0%,תנובה מרכז שיתופי לש,IL,יוגורט GO סמיך 0% אפרסק 200 גרם,גרמים,200.00,100 גרם,false,1,6.80,3.4000,true,1,53042
7290110328955,false,קוביות גבינת עזים בש,דודוני תעשיית החלב ה,GR,קוביות גבינת עזים בשמן פיראוס 350 גרם,גרמים,350.00,100 גרם,false,1,29.90,8.5429,true,1,54933
7290110329136,false,מעדן חלב מעושר בחלבון בטעם שוקולד 120 ג' GO,תנובה מרכז שיתופי לש,IL,מעדן חלב גו בטעם שוקולד 12 חלבון 120גרם,גרמים,120.00,100 גרם,false,1,5.70,4.7500,true,1,54052
7290110329143,false,מעדן חלב מעושר בחלבון בטעם וניל גביע 120 ג' GO,תנובה מרכז שיתופי לש,IL,מעדן חלב גו בטעם וניל 12 חלבון 120גרם,גרמים,120.00,100 גרם,false,1,5.70,4.7500,true,1,54053
7290110329266,false,יוגורט תנובה מחלב עיזים מלא תנובה 140 ג',קריות זול,IL,יוגורט תנובה מחלב עיזים 140 גרם,גרמים,140.00,100 גרם,false,1,6.80,4.8571,true,1,53652
7290110329273,false,יוגורט מחלב עיזים מלא תנובה 750 ג',תנובה,IL,יוגורט תנובה מחלב עיזים 750 גרם,גרמים,750.00,100 גרם,false,1,22.90,3.0533,true,1,53653
7290110329303,false,פרוסות צהובה 200 גרם אלטרנטיב אלטרנטיב,תנובה Alternative,IL,פרוסות בטעם צהובה קלאסית אלטרנטיב 200 גר,גרמים,200.00,100 גרם,false,1,23.50,11.7500,true,1,54055
7290110329631,false,יוגורט יופלה וניל שכ,"תנובה בע""מ",IL,OLALAיופלה וניל תות 150 גרם,גרמים,150.00,100 גרם,false,1,5.50,3.6667,true,1,54401
7290110329686,false,"משקה חלב בטעם עוגיות 340 מ""ל GO",מיוצר עי קונדיטוריית,IL,משקה חלב GO בטעם עוגיות 340 מל,מיליליטרים,340.00,"100 מ""ל",false,1,8.90,2.6176,true,1,54056
7290110329709,false,יוגורט ביו 0% 200 ג' תנובה,מיוצר עי קונדיטוריית,IL,יוגורט תנובה 0% 200 גרם,גרמים,200.00,100 גרם,false,1,3.50,1.7500,true,1,54058
7290110329716,false,משקה קפה קר בטעם קפוצ'ינו 230 ג' תנובה,תנובה מרכז שיתופי לש,IL,"משקה חלב עם קפה קפוצינו 230 מ""ל",מיליליטרים,230.00,"100 מ""ל",false,1,7.90,3.4348,true,1,55169
7290110329723,false,משקה קפה קר בטעם לאטה 230 ג' תנובה,תנובה מרכז שיתופי לש,IL,"משקה חלב עם קפה לאטה 230 מ""ל",מיליליטרים,230.00,"100 מ""ל",false,1,7.90,3.4348,true,1,55170
7290110329730,false,"משקה חלב עם שוקולד וקפה בסגנון לאטה 2.7%  230 מ""ל תנובה",תנובה מרכז שיתופי לש,IL,"משקה חלב עם קפה שוקולד 230 מ""ל",מיליליטרים,230.00,"100 מ""ל",false,1,7.90,3.4348,true,1,55171
7290110329792,false,יוגורט סויה BIO Alternative אפרסק 150 ג' תנובה,מיוצר עי קונדיטוריית,IL,סויה אלטרנטיב ביו אפרסק150 גרם,גרמים,150.00,100 גרם,false,1,5.00,3.3333,true,1,54420
7290110329808,false,יוגורט סויה BIO Alternative תות 150 ג' תנובה,מיוצר עי קונדיטוריית,IL,סויה אלטרנטיב ביו תות 150 גרם,גרמים,150.00,100 גרם,false,1,5.00,3.3333,true,1,54419
7290110329815,false,סויה BIO מתיקות מעודנת גביע 150 גרם אלטרנטיב,מיוצר עי קונדיטוריית,IL,סויה אלטרנטיב ביו מתיקות מעודנת150 גרם,גרמים,150.00,100 גרם,false,1,5.00,3.3333,true,1,54418
7290110329822,false,יוגורט סויה BIO Alternative פירות יער 150 ג' תנובה,מיוצר עי קונדיטוריית,IL,סויה אלטרנטיב ביו פירות יער 150 גרם,גרמים,150.00,100 גרם,false,1,5.00,3.3333,true,1,54437
7290110329839,false,פרוסות צהובה בטעם זיתים 200 ג' אלטרנטיב אלטרנטיב,מיוצר עי קונדיטוריית,IL,פרוסות צהובה בטעם זיתים אלטרנטיב 200 גר,גרמים,200.00,100 גרם,false,1,23.50,11.7500,true,1,54059
7290110329846,false,יוגורט סויה BIO Alternative בטעם טבעי 150 ג' תנובה,תנובה Alternative,IL,סויה אלטרנטיב ביו טבעי150 גרם,גרמים,150.00,100 גרם,false,1,5.00,3.3333,true,1,54421
7290110329914,false,מאגדת משקה שיבולת שועל ושקדים 100 גרם*6 יח' ביו אלטרנטיב,תנובה מרכז שיתופי לש,IL,מאגדת משקה שיבולת שועל ושקדים ביו אלטרנט,גרמים,600.00,100 גרם,false,6,19.90,3.3167,true,1,54551
7290110472016,false,כבל מטאלי 2 מטר שחור,Unknown,,כבל 2 מטר - TYPE C,יחידה,1.00,יחידה,false,1,39.90,39.9000,true,1,48853
7290110472474,false,מטען קיר 2.1 אמפר טי,Unknown,,מתאם קיר TYPE C,יחידה,1.00,יחידה,false,1,54.90,54.9000,true,1,48529
7290110474560,false,אוזניות מיקרופון NEW,Unknown,,אוזניות מיקרופון NEW AGE SOUND,יחידה,1.00,יחידה,false,1,49.90,49.9000,true,1,48532
7290110476267,false,מטען קיר מאושר אפל 2,Unknown,,מטען קיר מאושר אפל 2,יחידה,1.00,יחידה,false,1,119.00,119.0000,true,1,52368
7290110477875,false,זרוע מגנטית למגנט,Unknown,,TECH VENT מעמד מגנטי למזגן,יחידה,1.00,יחידה,false,1,39.90,39.9000,true,1,56543
7290110550394,false,שוקולד PERFECT BITE קרם אגוזים ושברי אגוזים 234 ג' עלית,"שטראוס גרופ בע""מ",IL,BITEחטיפי שוקולד קרם אגוזים ושב 234 גרם,גרמים,234.00,100 גרם,false,1,24.90,10.6410,true,1,54001
7290110552237,false,יוגורט פרו בטעם אפרסק מנגו ללא סוכר 200 ג' דנונה,"שטראוס בריאות בע""מ",IL,דנונה פרו 20גר' ללא סוכר אפרסק מנגו,גרמים,200.00,100 גרם,false,1,6.90,3.4500,true,1,54450
7290110552848,false,עלית - צנצנת מנטה עדינה בנגיעות מלפפון 66 גרם,אסקום קונפקשיין,DE,צנצנת מנטה עדינה בנגיעות מלפפון 66 גר,גרמים,66.00,100 גרם,false,1,11.50,17.4242,true,1,56641
7290110553029,false,"אנרג'י קריספס-פריכיות חומוס, עדשים ואפונה עם קייל וסלק","פרח תעשיו מזון בע""מ",IL,אנרגי פריכיות חלבון קייל חומוס ומלח 60,גרמים,60.00,100 גרם,false,1,12.90,21.5000,true,1,54632
7290110553036,false,קריספס-פריכיות עם אפונה ובטטה סגולה בטעם בצל מקורמל,"פרח תעשיו מזון בע""מ",IL,אנרגי פריכיות חלבון בטטה סגולה ואפונה 60 גרם,גרמים,60.00,100 גרם,false,1,12.90,21.5000,true,1,54633
7290110553173,false,אנרג'י - פריכיות בטעם קרמל 40 גרם,סאנורייס בלגיום,IL,אנרג`י פריכיות בטעם קרמל 40 גרם,מיליליטרים,40.00,"100 מ""ל",false,1,8.90,22.2500,true,1,55601
7290110553180,false,אנרג'י - פריכיות בטעם תפוח קינמון 40 גרם,סאנורייס בלגיום,IL,אנרג`י פריכיות בטעם תפוח קינמון 40 גרם,מיליליטרים,40.00,"100 מ""ל",false,1,8.90,22.2500,true,1,55602
7290110553210,false,סבבה בוטנים הוט באפלו ווינגס 51.2 ג',STRAUSS-ISRAEL,IL,סבבה בוטנים הוט באפלו ווינגס 50 גרם,גרמים,50.00,100 גרם,false,1,2.90,5.8000,true,1,55442
7290110553401,false,בינז אייס קופי לאטה,מונסטרלנד לולף,DE,אייס קופי לאטה וניל BEANZ,מיליליטרים,250.00,"100 מ""ל",false,1,10.90,4.3600,true,1,55255
7290110553623,false,צ'יטוס קראנצ'י בטעם צ'דר חלפיניו - חלבי,"שטראוס פריטו ליי בע""",IL,ציטוס קראנץ צדר חלפיניו 80 גרם,גרמים,80.00,100 גרם,false,1,5.90,7.3750,true,1,55620
7290110553876,false,סלט גזר דליקטס 250 ג,שטראוס,IL,סלט גזר דליקטס 250 גרם,גרמים,250.00,100 גרם,false,1,12.90,5.1600,true,1,54928
7290110554118,false,נודלס מלזי חריף עם טופו וירקות ברוטב קארי ירוק,"טרופיקל דגיל בע""מ אז",IL,נודלס מלזי חריף דלישס 350גרם,גרמים,350.00,100 גרם,false,1,26.90,7.6857,true,1,53860
7290110554125,false,נודלס סצ'ואן חריף 350 ג' דלישס,אוכל ביתי ניר עציון,IL,נודלס סצואן חריף דלישס 350גרם,גרמים,350.00,100 גרם,false,1,26.90,7.6857,true,1,54688
7290110554453,false,בינז אייס קופי לאטה,מונסטרלנד לולף,DE,אייס קופי לאטה מוקה BEANZ,מיליליטרים,250.00,"100 מ""ל",false,1,10.90,4.3600,true,1,55256
7290110555306,false,רבע לשבע טבעוני סינמון באן 25ג' עלית,הגביע מוצרי וופלים ב,IL,רבע לשבע טבעוני סינמון באן 125 גרם,גרמים,125.00,100 גרם,false,1,13.90,11.1200,true,1,55423
7290110555603,false,ספלנדיד אבקה להכנת משקה בטעם שוקולטה,"ג'אלוסיס י. בע""מ",GR,שוקולוטה ספלנדיד 360 גרם,גרמים,360.00,100 גרם,false,1,23.90,6.6389,true,1,56336
7290110556242,false,"שוקולד מריר פרווה 100 גר' בד""ץ תוצרת חוץ","שטראוס גרופ בע""מ.",IL,שוקולד פרה מריר 100 גרם,גרמים,100.00,100 גרם,false,1,6.50,6.5000,true,1,55974
7290110557027,false,חומוס עשיר 50% טחינה גולמית 400 ג' אחלה,מיוצר עי קונדיטוריית,IL,חומוס הסדרה 50% טחינה 400גרם,גרמים,400.00,100 גרם,false,1,15.90,3.9750,true,1,54123
7290110557102,false,מעדן חלב עם שוקולד מועשר בחלבון 150 ג' שטראוס,מיוצר עי קונדיטוריית,IL,מעדן חלב עם שוקולד פרו 11 חלבון 150גרם,גרמים,150.00,100 גרם,false,1,5.00,3.3333,true,1,53639
7290110557133,false,מעדן הגולן וניל 125 ג' שטראוס,מיוצר עי קונדיטוריית,IL,מעדן הגולן וניל 125 גרם,גרמים,125.00,100 גרם,false,1,3.20,2.5600,true,1,53841
7290110558215,false,"דנונה קראנצ`פיסטוק עם פיצפוץ לבן קראנצי פיסטוק, 173 גרם","שטראוס בריאות בע""מ",IL,דנונה בר קראנצ פיסטוק פצפוץ לבן 173 ג,גרמים,173.00,100 גרם,false,1,4.90,2.8324,true,1,56122
7290110558314,false,דנונה פרו 20 ג' חלבון ללא סוכר פיסטוק 200 גרם,"שטראוס בריאות בע""מ",IL,דנונה פרו 20 גרםללא סוכר בטעם פיסטוק,גרמים,200.00,100 גרם,false,1,6.90,3.4500,true,1,55377
7290110558338,false,יוגורט PRO בטעם מתיקות מעודנת 1.5% שומן,"שטראוס בריאות בע""מ",IL,יוגורט פרו 25 גר חלבון 200 גרם,גרמים,200.00,100 גרם,false,1,6.90,3.4500,true,1,54998
7290110558918,false,עלי חסה קראנצ שטופים,שטראוס בריאות ירקות,IL,עלי חסה קראנץ שטופים 150 ג שטראוס,גרמים,150.00,100 גרם,false,1,12.90,8.6000,true,1,55689
7290110559038,false,מילקשייק שוקו עם סיר,מחלבת יטבתה,IL,מילקשייק שוקו עם סירופ שוקולד 300 מיל',מיליליטרים,300.00,"100 מ""ל",false,1,8.90,2.9667,true,1,55350
7290110559939,false,שווארמה מנתחי סויה ו,אוכל ביתי ניר עציון,IL,נתחי סויה בסגנון שווארמה ומגדרה דלישס 3,גרמים,350.00,100 גרם,false,1,26.90,7.6857,true,1,55001
7290110560300,false,"הפריכיות הטעימות חומוס, עדשים שחורות, קינואה ופלפל שחור",אנרג'י Energy - שטראוס,IL,פריכיות משולשות- פלפל שחור,גרמים,30.00,100 גרם,false,1,5.90,19.6667,true,1,45769
7290110560317,false,"הפריכיות הטעימות חומוס, עדשים שחורות, קינואה ומלח ים","פרח תעשיו מזון בע""מ",IL,פריכיות משולשות- מלח ים,גרמים,30.00,100 גרם,false,1,5.90,19.6667,true,1,45770
7290110560324,false,"הפריכיות הטעימות תפו""א, אורז, אפונה ומלח ים","פרח תעשיו מזון בע""מ",IL,פריכיות משולשות- אפונה ירוקה,גרמים,30.00,100 גרם,false,1,5.90,19.6667,true,1,45771
7290110561352,false,דנונה יוגורט ביו פרוביוטי 3% דל לקטוז 150ג',"שטראוס בריאות בע""מ",IL,דנונה דל לקטוז בתוספת סידן,גרמים,200.00,100 גרם,false,1,3.90,1.9500,true,1,43804
7290110563431,false,"משקה קפה קר בסגנון קלאסי 230 מ""ל 1.6% יוטבתה",האי נאם סי או אל.טי.,AT,משקה קפה קר בסגנון קלאסי 1.6%,מיליליטרים,230.00,"100 מ""ל",false,1,7.90,3.4348,true,1,46309
7290110563448,false,"משקה קפה קר בסגנון מעודן 230 מ""ל 1.6% יוטבתה",האי נאם סי או אל.טי.,AT,משקה קפה קר בסגנון מעודן 1.6%,מיליליטרים,230.00,"100 מ""ל",false,1,7.90,3.4348,true,1,46310
7290110563462,false,חלב בבקבוק נטול לקטוז 2% יטבתה 1 ל',מחלבת יטבתה,IL,חלב בבקבוק נטול לקטוז 2%,ליטרים,1.00,ליטר,false,1,8.90,8.9000,true,1,46567
7290110564339,false,חומוס אחלה הסידרה המובחר 30% טחינה 400 גר',מיוצר עי קונדיטוריית,IL,חומוס עשיר ב30% טחינה הסדרה המובחרת400,גרמים,400.00,100 גרם,false,1,15.90,3.9750,true,1,43134
7290110564360,false,חומוס אחלה הסידרה המובחר 40% טחינה 400 גר',מיוצר עי קונדיטוריית,IL,חומוס עשיר ב40% טחינה הסדרה המובחרת400 d,גרמים,400.00,100 גרם,false,1,15.90,3.9750,true,1,43135
7290110564414,false,חומוס אחלה הסידרה המובחר 30% טחינה 600 גר',מיוצר עי קונדיטוריית,IL,חומוס הסדרה המובחרת 30% טחינה 600 גרם,גרמים,600.00,100 גרם,false,1,17.90,2.9833,true,1,43133
7290110565527,false,יוגורט PRO פרו 1.5% 20 גרם חלבון בגביע,"שטראוס בריאות בע""מ",IL,דנונה פרו 20 גר 1.5% שומן,גרמים,200.00,100 גרם,false,1,6.90,3.4500,true,1,42944
7290110566579,false,דבש לחיץ יד מרדכי 200 גר,מכוורת יד מרדכי שטרא,IL,דבש בקבוק לחיץ 200 גרם,גרמים,200.00,100 גרם,false,1,13.90,6.9500,true,1,47466
7290110566975,false,דנונה פרו יוגורט 0% תות עשיר בחלבון 200ג',"שטראוס בריאות בע""מ",IL,דנונה פרו 20 גר תות 0% שומן,גרמים,200.00,100 גרם,false,1,6.90,3.4500,true,1,43569
7290110568276,false,משקה וניל פרו Pro מועשר בחלבון 1.5%,מילקוורק,DE,"משקה יטבתה פרו וניל 350 מ""ל",מיליליטרים,350.00,"100 מ""ל",false,1,6.90,1.9714,true,1,44152
7290110571382,false,מעדן חלב בטעם וניל מעושר בחלבון 150 ג' שטראוס,"שטראוס בריאות בע""מ",IL,מעדן חלב בטעם וניל מועשר בחלבון,גרמים,150.00,100 גרם,false,1,5.00,3.3333,true,1,55002
7290110572884,false,"קפסולות קפה מספר 20 למכונת אספרס אספרסו, 50 גרם",שטראוס קפה בי.וי.,IL,קפסולות אספרסו 20 שטראוס 50 גרם,גרמים,50.00,100 גרם,false,1,18.90,37.8000,true,1,56335
7290110576356,false,"שוקולד ספלנדיד מריר 64% - חלבי , מפולי קקאו מפרו",קימ'ס גריפלנן,BE,ספלנדיד שוקולד מריר פרו 64%,גרמים,100.00,100 גרם,false,1,9.90,9.9000,true,1,56088
7290110576363,false,"שוקולד ספלנדיד מריר 80% חלבי ,פולי קקאו מאוגנדה",קימ'ס גריפלנן,BE,ספלנדיד שוקולד מריר אוגנדה 80%,גרמים,100.00,100 גרם,false,1,9.90,9.9000,true,1,56087
7290110576752,false,טבלאות שוקולד ספלנדיד מריר 70% 100 ג' עלית,קימ'ס גריפלנן,BE,ספלנדיד מריר 70% 100 גרם,גרמים,100.00,100 גרם,false,1,10.90,10.9000,true,1,56205
7290110576776,false,טבלאות שוקולד ספלנדיד מריר 85% 100 ג' עלית,קימ'ס גריפלנן,BE,ספלנדיד מריר 85% 100 גרם,גרמים,100.00,100 גרם,false,1,10.90,10.9000,true,1,56206
7290110576868,false,רבעיית גמדים סלט פירוט * 100 ג' שטראוס,קריות זול,IL,גמדים רביעיית סלט פירות 400גרם,גרמים,400.00,100 גרם,false,1,11.90,2.9750,true,1,56125
7290110577247,false,"יטבתה משקה חלב-פיסטוק בבקבוק 350 מ""ל",מחלבת יטבתה,IL,משקה חלב בטעם פיסטוק 350 מל,מיליליטרים,350.00,"100 מ""ל",false,1,6.90,1.9714,true,1,56127
7290110577629,false,עלית - רבע לשבע טבעוני טורטית 125 גרם,הגביע מוצרי וופלים ב,IL,רבע לשבע טבעוני טורטית 125 גרם,גרמים,125.00,100 גרם,false,1,13.90,11.1200,true,1,56586
7290110577636,false,עלית - רבע לשבע טבעוני חמאת בוטנים 125 גרם,הגביע מוצרי וופלים ב,IL,רבע לשבע טבעוני חמאת בוטנים 125 גרם,גרמים,125.00,100 גרם,false,1,13.90,11.1200,true,1,56585
7290110577728,false,"משקה שייק חלבון מי גבינה עם פירות יער 350מ""ל יטבתה",מחלבת יטבתה,IL,שייק חלבון מי גבינה פירות יער 350 מל,מיליליטרים,350.00,"100 מ""ל",false,1,7.90,2.2571,true,1,56501
7290110578398,false,צנצנת מנטה עדינה בנגיעות אלוורה 66 ג' עלית,אסקום קונפקשיין,DE,צנצנת מנטה עדינה בנגיעות אלוורה 66 גר,גרמים,66.00,100 גרם,false,1,11.50,17.4242,true,1,56642
7290110856243,false,ציל סיגריה אלקטרונית,Unknown,CN,ציל סיגריה אלקטרונית 2800 שאיפות ענבים,יחידה,1.00,יחידה,false,1,69.90,69.9000,false,1,55262
7290111342042,false,כריות יפניות לניקוי וקרצוף אנטיבקטריאלי,פלסטו פוליש,IL,ניקול כריות יפניות אנטיבקטריאלי,גרמים,280.00,100 גרם,false,1,13.90,4.9643,true,1,49737
7290111342059,false,מטליות לחות לניקוי משטחים אנטיבקטריאלי,ניקול,IL,מטליות לחות לניקוי וחיטוי משטחים אנטיבקטריאלי,לא מנהל יחידת מידה,0.00,לא מנהל יחידת מידה,false,1,15.90,0.0000,true,1,49736
7290111343117,false,זוג ממחטות לושן סופט קלינקס -140 דף,קימברלי,IL,קלינקס טישו לושן סופט פק זוגות - 140 דף,לא מנהל יחידת מידה,0.00,לא מנהל יחידת מידה,false,1,15.90,0.0000,true,1,51694
7290111343858,false,מטליות לחות לרצפה אנטיבקטריאלי 10 יחי',עלבד משואות יצחק,IL,ניקול מטליות לחות לרצפה אנטיבקטריאלי 10,לא מנהל יחידת מידה,0.00,לא מנהל יחידת מידה,false,1,16.90,0.0000,true,1,50912
7290111344732,false,קלינקס - טיישו אלרג'י קומפורט ניילון זוגות 140 דף,קימברלי,IL,קלינקס אלרגי קומפורט זוג 2 * 70 יחידות,יחידה,1.00,יחידה,false,1,15.90,15.9000,true,1,54040
7290111344831,false,קוטקס - מגיני יום אקסטרא פרוטקט נורמל ביג 60 יח',חוגלה קימברלי,CN,מגן תחתון קוטקס נורמל 60 יחידות,יחידה,1.00,יחידה,false,1,21.90,21.9000,true,1,54439
7290111344879,false,קוטקס - מגן תחתון 2 ב-1 לארג' 44 יח',,CN,מגן תחתון קוטקס 2ב1 44 יחידות,יחידה,1.00,יחידה,false,1,21.90,21.9000,true,1,54440
7290111345814,false,נייר טואולט 30 גלילים לילי נטורל קר,קימברלי קלארק,IL,נייר טואלט לילי נטורל קר 30 גלילים,יחידה,1.00,יחידה,false,1,38.90,38.9000,true,1,54441
7290111346088,false,נייר טואלט מולט דו שכבתי 30 גל,חוגלה קימברלי,IL,נייר טואלט מולט 30 גלילים,יחידה,1.00,יחידה,false,1,29.90,29.9000,true,1,55480
7290111346125,false,מארז שלישייה מגבוני דיילי קר ללא בישום *56 יח' האגיס,קימברלי,IL,מגבוני האגיס ללא בושם דיילי שלישיה,יחידה,3.00,יחידה,false,3,18.90,6.3000,true,1,56516
7290111346132,false,מארז שלישייה מגבוני סנסטיב קר ללא בישום *56 יח' האגיס,עלבד,IL,מגבוני האגיס סנסטיב קר שלישייה,יחידה,3.00,יחידה,false,3,18.90,6.3000,true,1,56517
7290111346293,false,מגבת נייר ניקול שישייה מהדורת חג,קימברלי קלארק,IL,מגבת נייר ניקול שישייה מהדורה,יחידה,6.00,יחידה,false,1,12.90,2.1500,true,1,55238
7290111350719,false,נאצוס הופופ בטעם מסעדות 322ג',הוט פופ Hot pop,US,נאצוס הוטפופ מסעדות 332 גרם,גרמים,332.00,100 גרם,false,1,17.90,5.3916,true,1,46696
7290111350726,false,נאצוס הופופ בטעם מקסיקני 322ג',הוט פופ Hot pop,US,נאצוס הוטפופ מקסיקני 332 גרם,גרמים,332.00,100 גרם,false,1,17.90,5.3916,true,1,46695
7290111352935,false,יוגטה סוכריות טופי ממולאות 600 גרם 3 טעמים,יוגטה yogueta,TR,יוגטה טופי 600 גר,גרמים,600.00,100 גרם,false,1,16.90,2.8167,true,1,56606
7290111354083,false,תערובת אגוזים מקורמל,קליית גת,IL,תערובת אגוזים מקורמלים וצימוקים 150 גרם,גרמים,150.00,100 גרם,false,1,21.90,14.6000,true,1,54575
7290111563492,false,סלט מטבוחה חריפה מרובע 400 ג' צבר,סלטי צבר,IL,סלטי צבר מטבוחה חריפה מרובע 6*400גרם,גרמים,400.00,100 גרם,false,1,14.90,3.7250,true,1,43454
7290111564277,false,פריכיות דקות ונימוחות 3 דגנים פיטנס Fitness,פרח תעשיות,IL,פיטנס פריכיות 3 דגנים דקות 12*120גרם,גרמים,120.00,100 גרם,false,1,11.90,9.9167,true,1,42305
7290111564291,false,פריכיות דקות ונימוחות 3 דגנים וקינואה פיטנס Fitness,פרח תעשיות,IL,פיטנס פריכיות דקות עם קינואה 12*120גרם,גרמים,120.00,100 גרם,false,1,11.90,9.9167,true,1,42306
7290111564727,false,עוגיות אסם קרמוגית וקרם אגוזים אסם 200ג',מיוצר עי קונדיטוריית,IL,קרמוגית במילוי קרם אגוזים,גרמים,200.00,100 גרם,false,1,14.50,7.2500,true,1,43075
7290111565502,false,ארטיק אוראו וניל ועוגיות סנדוויץ נסטלה 80 ג',ג'נרל מילס סאן אדריא,IT,אוראו סנדביץ'אימפלס24*80ג12359343,גרמים,80.00,100 גרם,false,1,9.90,12.3750,true,1,43098
7290111566127,false,מעדן אוראו קפוא בטעם וניל עם עוגיות בטעם שוקולד,ג'נרל מילס סאן אדריא,IT,אוראו מאגדת סנדביץ 8 6*33ג 12364441,גרמים,198.00,100 גרם,false,1,29.50,14.8990,true,1,43096
7290111566240,false,טבעול שניצל דק בטעם צילי חריף 564 ג',עיצובים 2020 (4.8),IL,טבעול שניצל דק בטעם צילי חריף 8*564גרם,גרמים,564.00,100 גרם,false,1,34.90,6.1879,true,1,43253
7290111566271,false,טבעול חטיפי תירס 657 גר',עיצובים 2020 (4.8),IL,טבעול חטיפי תירס 6*657גרם,גרמים,657.00,100 גרם,false,1,32.90,5.0076,true,1,43241
7290111566318,false,טבעול שניצל דק מן הצומח 564 גר',עיצובים 2020 (4.8),IL,טבעול שניצל דק מן הצומח 8*564גרם,גרמים,564.00,100 גרם,false,1,34.90,6.1879,true,1,43254
7290111566547,false,טבעול חזה בגריל צמחוני 99 קלוריות 560ג',עיצובים 2020 (4.8),IL,חזה בגריל טבעול צמחוני 99 קלוריות 560גר,גרמים,560.00,100 גרם,false,1,34.90,6.2321,true,1,43240
7290111566561,false,טבעול שניצל ברוקולי 99 קלוריות 560גר',עיצובים 2020 (4.8),IL,טבעול שניצל ברוקולי 99 קלוריות 6*560ג,גרמים,560.00,100 גרם,false,1,34.90,6.2321,true,1,43252
7290111566585,false,טבעול שניצל צמחוני 99 קלוריות 650 גר',עיצובים 2020 (4.8),IL,טבעול שניצל צמחוני 99 קלוריות 6*650גרם,גרמים,650.00,100 גרם,false,1,34.90,5.3692,true,1,43255
7290111566660,false,טבעול קציצות עדשים כתומות 530 גר',עיצובים 2020 (4.8),IL,טבעול קציצות עדשים כתומות 6*530גרם,גרמים,530.00,100 גרם,false,1,34.90,6.5849,true,1,43248
7290111566752,false,טבעול שניצל תירס 99 קלוריות 693 גר',עיצובים 2020 (4.8),IL,טבעול שניצל תירס 99 קלוריות 6*693גרם,גרמים,693.00,100 גרם,false,1,34.90,5.0361,true,1,43256
7290111566776,false,טבעול נקניקיות קוקטייל צמחוניות 680 גר',עיצובים 2020 (4.8),IL,טבעול נקניקיות קוקטייל צמחוניות6*680גרם,גרמים,680.00,100 גרם,false,1,34.90,5.1324,true,1,43246
7290111567759,false,עוגת הבית דבש קלאסית,"אסם השקעות בע""מ",IL,הבית עוגת דבש קלאסית 8*400גרם,גרמים,400.00,100 גרם,false,1,14.90,3.7250,true,1,45042
7290111568206,false,"מיקס ביסלי, אפרופו ופיצוחים מתובלים",פרו מן יו פתרונות אר,IL,ביסלי פארטי מיקס 150 גרם,גרמים,150.00,100 גרם,false,1,11.90,7.9333,true,1,43599
7290111568466,false,רוטב אסייתי למוקפץ הסדרה האסייתית,אסיף תעשיות מזון בעמ,IL,אסם רוטב אסיאתי למוקפץ 9*290 מל,מיליליטרים,290.00,"100 מ""ל",false,1,15.90,5.4828,true,1,44137
7290111930911,false,פוף חטיף לבבות קלאסי 40 ג',פוף POOF,IL,מנה חטיף פוף קלאסי לבבות 40 גרם,גרמים,40.00,100 גרם,false,1,3.90,9.7500,true,1,42723
7290111932502,false,"קולגייט משחת שיניים אופטיק וייט אקספרט 75 מ""ל",קולגייט Colgate,MX,"קולגייט אופטיק וויט אקספרט 75 מ""ל",מיליליטרים,75.00,"100 מ""ל",false,1,29.90,39.8667,true,1,45473
7290111937248,false,פרי מארז חטיפי 5יח תמרים קשיו ונגיעת לוז 125ג',הדקלאים אגודת שיתופי,IL,פרי תמרים קשיו ונגיעת לוז כשלפ מארז 5 י,לא מנהל יחידת מידה,0.00,לא מנהל יחידת מידה,false,1,18.90,0.0000,true,1,46317
7290111937262,false,"פרי מארז חטיפי 5יח תמרים ,אגוזים ושברי קקאו 125גר",טבעית מוצרים מן הטבע,IL,פרי תמרים אגוזים ושברי קקאו כשלפ מארז 5,לא מנהל יחידת מידה,0.00,לא מנהל יחידת מידה,false,1,18.90,0.0000,true,1,46319
7290112002099,false,ג'ל כביסה מרוכז קולון 101 קלאסי,רקיט בנקיזר,IL,ג'ל כביסה קולון קלאסי 2.5 ליטר,ליטרים,2.50,ליטר,false,1,29.90,11.9600,true,1,48920
7290112002112,false,ג'ל כביסה מרוכז קולון 101 בניחוח ורדים,רקיט בנקיזר,IL,ג'ל כביסה קולון בניחוח מאסק 2.5 ליטר,ליטרים,2.50,ליטר,false,1,29.90,11.9600,true,1,48919
7290112003959,false,וניש מסיר כתמים אבקה לכביסה צבעונית 470 גרם,רקיט בנקיזר,IT,וניש אוקסי אקשן אבקה 470 גרם,גרמים,470.00,100 גרם,false,1,18.90,4.0213,true,1,54442
7290112005045,false,וניש תוסף כביסה רב תכליתי לבגדים לבנים,קליה וניש Kalia Vanish,IT,וניש אבקה חדש לבן 480 גרם,גרמים,480.00,100 גרם,false,1,18.90,3.9375,true,1,56094
7290112005076,false,וניש תוסף כביסה רב תכליתי לכביסה צבעונית,קליה וניש Kalia Vanish,IT,וניש אבקה חדש ורוד 480 גרם,גרמים,480.00,100 גרם,false,1,18.90,3.9375,true,1,56093
7290112192905,false,מברשת לשיניים רגישות ובעיות חניכיים סנסודיין,סנסודיין Sensodyne,DE,מברשת שיניים סנסודיין רגישות וחניכיים סו,יחידה,1.00,יחידה,false,1,35.90,35.9000,true,1,49021
7290112330352,false,"יוגורט PRO בטעם וניל 0% , 20 גרם חלבון בגביע","שטראוס בריאות בע""מ",IL,דנונה פרו 20 גר וניל 0% שומן,גרמים,200.00,100 גרם,false,1,6.90,3.4500,true,1,46939
7290112330390,false,יוגורט PRO בטעם פירות יער 0% 20 גרם חלבון בגביע,"שטראוס בריאות בע""מ",IL,דנונה פרו 20 גר פירות יער 0% שומן,גרמים,200.00,100 גרם,false,1,6.90,3.4500,true,1,46940
7290112331281,false,דגני בוקר קוואקר בתו,"קיים תעשיות מזון בע""",IN,קוואקר OAT FLAKES בתוספת חמוציות 400 גר,גרמים,400.00,100 גרם,false,1,24.90,6.2250,true,1,51529
7290112332585,false,"פריכיות תפו""א, אורז בתיבול סלק ומלח חי 30 גר'","פרח תעשיו מזון בע""מ",IL,פריכיות משולשות-סלק,גרמים,30.00,100 גרם,false,1,5.90,19.6667,true,1,47118
7290112332691,false,עוגיות קרם אגוזים פסק זמן 200 ג' עלית,הגביע מוצרי ופלים בע,IL,.עוגיית קרם פסק זמן אגוזים,גרמים,200.00,100 גרם,false,1,11.90,5.9500,true,1,47173
7290112334749,false,קפה טורקי שקית 10% תוספת 200 ג' עלית,שטראוס קפה בי.וי,IL,עלית טורקי שקית 200 ג 10% תוספת,גרמים,200.00,100 גרם,false,1,17.90,8.9500,true,1,47670
7290112335043,false,כשלפ מרשמלו בזוקה ווסטהיים 150 ג',תות תעשיות מזון (201,IL,מרשמלו בזוקה 150גר וועסטהיים,גרמים,150.00,100 גרם,false,1,7.90,5.2667,true,1,47025
7290112335487,false,פריכיות טעימות קצח ודגנים 135 ג' שטראוס,אנרג'י Energy - שטראוס,IL,פריכיות טעימות קצח ודגנים 135 גרם,גרמים,135.00,100 גרם,false,1,12.90,9.5556,true,1,46933
7290112335494,false,הפריכיות הטעימות תפוחי אדמה בטעם פוטטוס,"פרח תעשיות מזון בע""מ",IL,פריכיות טעימות פוטטוס 19,גרמים,135.00,100 גרם,false,1,12.90,9.5556,true,1,46935
7290112335500,false,"הפריכיות הטעימות חומוס, אורז, עדשים שחורות וקינואה",אנרג'י Energy - שטראוס,IL,פריכיות טעימות חלבון 19,גרמים,135.00,100 גרם,false,1,12.90,9.5556,true,1,46936
7290112336637,false,סוכריות מאסט Must ללא סוכר יוגורט תות ואוכניות,MIESZKO S.A - MS. JO,PL,סוכריות ללס יוגורט תות אוכמניות,גרמים,80.00,100 גרם,false,1,10.90,13.6250,true,1,49475
7290112336644,false,סוכריות מאסט ללא סוכר לימון 80 ג' עלית,MIESZKO S.A - MS. JO,PL,סוכריות ללס לימון 80 ג חדש,גרמים,80.00,100 גרם,false,1,10.90,13.6250,true,1,49476
7290112336651,false,סוכריות מאסט ללא סוכר ריבת חלב 80 ג' עלית,MIESZKO S.A - MS. JO,PL,סוכריות ללס ריבת חלב 80 ג חדש,גרמים,80.00,100 גרם,false,1,10.90,13.6250,true,1,49477
7290112336712,false,יוגורט PRO לבן 0% 21 גרם חלבון בגביע,"שטראוס בריאות בע""מ",IL,דנונה פרו 21 גר 0% שומן,גרמים,200.00,100 גרם,false,1,6.90,3.4500,true,1,46573
7290112337474,false,סוכריות מאסט ללא סוכר פטל לימון 80 ג' עלית,MIESZKO S.A - MS. JO,PL,סוכריות ללס פטל לימון 80 גר,גרמים,80.00,100 גרם,false,1,10.90,13.6250,true,1,49478
7290112337481,false,סוכריות מאסט ללא סוכר קפצ''ינו 80 ג' עלית,MIESZKO S.A - MS. JO,PL,סוכריות ללס קפוצ'ינו 80 גר' אריזה חדשה,גרמים,80.00,100 גרם,false,1,10.90,13.6250,true,1,49479
7290112339171,false,מעדן מילקי מוס שוקול,מיוצר עי קונדיטוריית,IL,מילקי מוס,גרמים,81.00,100 גרם,false,1,3.70,4.5679,true,1,46101
7290112339867,true,גמדים סקוויז תות 10,שטראוס,IL,גמדים סקוויז תות 100 גרם,גרמים,100.00,100 גרם,false,1,6.20,6.2000,true,1,51133
7290112339874,true,גמדים סקוויז תות בננ,שטראוס,IL,גמדים סקוויז תות בננה 100,גרמים,100.00,100 גרם,false,1,6.20,6.2000,true,1,51134
7290112340122,false,הפריכיות הטעימות 3 דגנים 135 גרם.,אנרג'י Energy - שטראוס,IL,פריכיות טעימות 3 דגנים 135 גרם,גרמים,135.00,100 גרם,false,1,12.90,9.5556,true,1,46937
7290112340245,false,צנצנת מסטיק מאסט בטעם דובדבן 66 ג' עלית,"שטראוס גרופ בע""מ",IL,צנצנת MUST דובדבן 66 גר,גרמים,66.00,100 גרם,false,1,11.50,17.4242,true,1,46720
7290112340276,false,עוגיות קרם קפה נמס 200 ג' עלית,הגביע מוצרי ופלים בע,IL,פינוקיות קרם קפה נמס,גרמים,200.00,100 גרם,false,1,11.90,5.9500,true,1,47182
7290112341679,false,אקטיביה 3% שומן 200 ג' דנונה,מיוצר עי קונדיטוריית,IL,אקטיביה 3% 200ג',גרמים,200.00,100 גרם,false,1,4.20,2.1000,true,1,48019
7290112342102,false,סימפוניה גבינה במרקם שמנת בצל מקורמל 5%,"שטראוס בריאות בע""מ",IL,סימפוניה בצל מקורמל,גרמים,200.00,100 גרם,false,1,12.90,6.4500,true,1,49533
7290112342195,false,חטיף תפוציפס מקלות ט,"שטראוס פריטו ליי בע""",IL,תפו מקלות טבעי 200 גר 15 יח,גרמים,200.00,100 גרם,false,1,12.90,6.4500,true,1,49272
7290112342508,false,דוריטוס קול ראנץ Cool Ranch,STRAUSS-ISRAEL,IL,דוריטוס קול ראנצ 70 גרם,גרמים,70.00,100 גרם,false,1,5.90,8.4286,true,1,56008
7290112343420,false,"משקה חלב עם דגנים מלאים ובננה פרו יטבתה 350מ""ל",מחלבת יטבתה,IL,"יטבתה פרו ארוחת בוקר 350 מל לל""ג",מיליליטרים,350.00,"100 מ""ל",false,1,7.90,2.2571,true,1,48969
7290112343499,false,חטיף צ'יטוס פאפס אפוי בטעם גבינה,"שטראוס פריטו ליי בע""",IL,צ'יטוס PUFFS בטעם גבינה 55 ג 48 יח,גרמים,55.00,100 גרם,false,1,5.90,10.7273,true,1,53796
7290112343512,false,חטיף ציטוס פאפס בטעם,"שטראוס פריטו ליי בע""",IL,צ'יטוס PUFFS בטעם גבינה 160 ג 9 יח,גרמים,160.00,100 גרם,false,1,11.90,7.4375,true,1,54077
7290112344724,false,מעדן בטעם שוקולד בלונדי 170 ג' מילקי,מיוצר עי קונדיטוריית,IL,מילקי בטעם שוקולד בלונדי 170גרם,גרמים,170.00,100 גרם,false,1,3.70,2.1765,true,1,48966
7290112344755,false,מילקי שוקולד 26% פחות סוכר 135 גרם,מיוצר עי קונדיטוריית,IL,מילקי עם 26% פחות סוכר,גרמים,135.00,100 גרם,false,1,2.90,2.1481,true,1,52013
7290112344786,false,קפה פלטינום קלאסיק 200 ג' עלית,שטראוס קפה בי.וי.,IL,קפה פלטינום קלאסיק 200 גרם,גרמים,200.00,100 גרם,false,1,29.90,14.9500,true,1,49708
7290112346629,false,דנונה בר יוגורט+קורנפלקס מצופה שוקולד חלב ולבן 172 גרם,"שטראוס בריאות בע""מ",IL,דנונה בר עם קורנפלקס מצופה שוק' חלב ולבן,גרמים,172.00,100 גרם,false,1,5.80,3.3721,true,1,50514
7290112347008,false,גמדים לדרך גבינה לבנה עם מחית תות ושיבולת שועל,מיוצר עי קונדיטוריית,IL,גמדים ארוחת בוקר תות סקוויז,גרמים,100.00,100 גרם,false,1,6.20,6.2000,true,1,48961
7290112348029,false,חומוס חלק דליקטס 250,שטראוס,IL,חומוס חלק דליקטס 250 גרם,גרמים,250.00,100 גרם,false,1,8.90,3.5600,true,1,52354
7290112348043,false,סלט חציל במיונז דליק,שטראוס,IL,סלט חציל במיונז דליקטס 250 גרם,גרמים,250.00,100 גרם,false,1,12.90,5.1600,true,1,52355
7290112348999,false,פריכיות טעימות תירס דקות 135 גר',Unknown,IL,פריכיות טעימות תירס דקות 135 ג,גרמים,135.00,100 גרם,false,1,12.90,9.5556,true,1,52290
7290112349606,false,מעדן גבינה ויוגורט תות בננה 88 ג' דניאלה,"שטראוס בריאות בע""מ",IL,דניאלה תות בננה,גרמים,88.00,100 גרם,false,1,4.50,5.1136,true,1,54452
7290112350312,false,קפסולות 15 קפה יותר למכונות נספרסו עלית 10יח',הנסיך- מפעל לייצור ט,IL,קפסולות 15 למכונות NESPRESSO,גרמים,50.00,100 גרם,false,1,18.90,37.8000,true,1,51080
7290112351104,false,שוקולד פרה ממולא פיצפוצי אורז 100 ג' עלית,STRAUSS-ISRAEL,IL,שוקולד פרה פצפוצי אורז 100גרם,גרמים,100.00,100 גרם,false,1,6.50,6.5000,true,1,50374
7290112351128,false,שוקולד פרה סוכריות קופצות 100 ג' עלית,"שטראוס גרופ בע""מ",IL,טבלאות שוקולד פרה סוכריות קופצות 90 גרם,גרמים,90.00,100 גרם,false,1,6.50,7.2222,true,1,50814
7290112353412,false,"פריכיות משולשות תפו""א,תירס.אפונה,סלק ומלח 30 גר","פרח תעשיו מזון בע""מ",IL,"פריכיות משולשות-תפוא,תירס,אפונה,סלק ומלח",גרמים,30.00,100 גרם,false,1,5.90,19.6667,true,1,51165
7290112353542,false,סלט מטבוחה דליקטס 25,שטראוס,IL,סלט מטבוחה דליקטס 250 גרם,גרמים,250.00,100 גרם,false,1,12.90,5.1600,true,1,52356
7290112353566,false,סלט טחינה דליקטס 250,שטראוס,IL,סלט טחינה דליקטס 250 גרם,גרמים,250.00,100 גרם,false,1,12.90,5.1600,true,1,52357
7290112353887,false,"משקה קפה קר בטעם אגוזים יטבתה 230 מ""ל",אנסטל מילק kg,AT,"משקה קפה קר בטעם אגוזים 230 מ""ל",מיליליטרים,230.00,"100 מ""ל",false,1,7.90,3.4348,true,1,50511
7290112354174,false,פסטה רוזה שטראוס דלי,גסטרונומיה פרוסט אס.,IT,פסטה רוזה דלישס 280גרם,גרמים,280.00,100 גרם,false,1,24.90,8.8929,true,1,53861
7290112354204,false,ארוחה אישית ספגטי עגבניות,גסטרונומיה פרוסט אס.,IT,ספגטי עגבניות דלישס 280 גרם,גרמים,280.00,100 גרם,false,1,24.90,8.8929,true,1,53863
7290112354235,false,ברקטה פיצה - 2 יחידות במארז,גסטרונומיה פרוסט אס.,IT,ברקטה פיצה דלישס 300 גרם,גרמים,300.00,100 גרם,false,1,26.90,8.9667,true,1,53865
7290112354945,false,חטיף תפוצ'יפס WAVY בטעם טבעי,שטראוס פריטו ליי בע”,IL,תפוציפס טבעי 50 גרם wavy,גרמים,50.00,100 גרם,false,1,5.50,11.0000,true,1,56154
7290112354952,false,"תפוציפס WAVY בטעם פפריקה , 50 גרם",שטראוס פריטו ליי בע”,IL,תפוציפס פפריקה 50 גרם wavy,גרמים,50.00,100 גרם,false,1,5.50,11.0000,true,1,56155
7290112355027,false,יוגורט פרו בטעם קרמל מלוח 200 ג' דנונה,"שטראוס בריאות בע""מ",IL,דנונה פרו 20 גרם בטעם קרמל מלוח,גרמים,200.00,100 גרם,false,1,6.90,3.4500,true,1,52011
7290112355102,false,גמדים פאוץ סלט פירות 100 ג' שטראוס,"שטראוס בריאות בע""מ",IL,סקוויז גמדים לדרך סלט פירות 100 גרם,גרמים,100.00,100 גרם,false,1,6.20,6.2000,true,1,52211
7290112355867,false,מילקי קצפת טופ פיצפוץ 86 גרם,"שטראוס גרופ בע""מ",IL,מילקי קצפת טופ פיצפוץ 86גרם,גרמים,86.00,100 גרם,false,1,4.20,4.8837,true,1,53843
7290112358004,false,חטיף שוקולד פסק זמן,שולן צ'יקולטה גידה ס,TR,פסק זמן קראנץ' 32 גר,גרמים,32.00,100 גרם,false,1,5.90,18.4375,true,1,51820
7290112358127,false,יוגורט PRO בטעם וניל עוגיות פלוס מגנזיום,מיוצר עי קונדיטוריית,IL,דנונה פרו 20 גר עם מגנזיום,גרמים,200.00,100 גרם,false,1,6.90,3.4500,true,1,51664
7290112358431,false,עד חצות דאבל ביסקוויט עם שוקולד חלב -8 אריזות אישיות,הדקלאים אגודת שיתופי,FR,עד חצות דאבל 200 גרם,גרמים,200.00,100 גרם,false,1,14.80,7.4000,true,1,52968
7290112359711,false,דוריטוס פלמין הוט 70,"שטראוס פריטו ליי בע""",IL,דוריטוס פלמין הוט 70 גרם,גרמים,70.00,100 גרם,false,1,5.90,8.4286,true,1,53245
7290112490032,true,מרק נמס בכוס תירס 43,יוניליוור ישראל מזון,IL,קנור נמס בכוס מרק תירס 45 גרם,גרמים,43.00,100 גרם,false,1,8.50,19.7674,true,1,45333
7290112490209,true,נמס בכוס עגבניות קרו,יוניליוור ישראל מזון,IL,נמס בכוס עגבניות קרוטונים ר.טבעי 64 גרם,גרמים,64.00,100 גרם,false,1,8.50,13.2813,true,1,45336
7290112490728,false,מרק עשיר ירקות עם בורגול רכיבים טבעיים 95 ג' קנור,יוניליוור ישראל מזון,IL,מרק עשיר ירקות עם בורגול100%רכיבים טבעיי,גרמים,104.00,100 גרם,false,1,13.90,13.3654,true,1,45362
7290112490735,true,מרק עשיר עגבניות עם,יוניליוור ישראל מזון,IL,מרק עשיר עגבניות עם פסטה – 100% רכיבים ט,גרמים,105.00,100 גרם,false,1,13.90,13.2381,true,1,45339
7290112490742,true,מרק עשיר פטריות עם ג,יוניליוור ישראל מזון,IL,מרק עשיר פטריות עם גריסים – 100% רכיבים,גרמים,104.00,100 גרם,false,1,13.90,13.3654,true,1,45340
7290112490759,true,מרק עשיר עוף עם אטרי,יוניליוור ישראל מזון,IL,מרק עשיר עוף עם אטריות – 100% רכיבים טבע,גרמים,74.00,100 גרם,false,1,13.90,18.7838,true,1,45341
7290112492463,false,"שמפו ומרכך לשיער רגיל 700 מ""ל פינוק",יוניליוור ישראל טיפו,IL,PINUK שמפו 2IN1 700 ML,מיליליטרים,700.00,"100 מ""ל",false,1,14.90,2.1286,true,1,50343
7290112492500,false,"פינוק - שמפו שמן קוקוס 700 מ""ל","יוניליור ישראל, טיפו",IL,PINUK שמפו 2IN1 700 ML,מיליליטרים,700.00,"100 מ""ל",false,1,14.90,2.1286,true,1,51650
7290112492548,true,פינוק מרכך שיער יבש,יוניליוור ישראל טיפו,IL,PINUK מרכך שיער 700 ML,מיליליטרים,700.00,"100 מ""ל",false,1,14.90,2.1286,true,1,49201
7290112492579,true,פינוק מרכך שמן קוקוס,יוניליוור ישראל טיפו,IL,PINUK מרכך שיער 700 ML,מיליליטרים,700.00,"100 מ""ל",false,1,14.90,2.1286,true,1,51683
7290112492593,true,פינוק תחליב רחצה בני,יוניליוור ישראל טיפו,IL,PINUK סבון נוזלי 700 ML,גרמים,700.00,100 גרם,false,1,14.90,2.1286,true,1,49202
7290112492630,true,פינוק שמפו 3 ב-1 לגב,יוניליוור ישראל טיפו,IL,PINUK סבון נוזלי 700 ML,מיליליטרים,700.00,"100 מ""ל",false,1,14.90,2.1286,true,1,49205
7290112492678,false,"פינוק - שפורפרת שמפו קלאסי 100 מ""ל",יוניליוור ישראל טיפו,IL,פינוק שמפו לשיער רגיל לנסיעות 100 מל,מיליליטרים,100.00,"100 מ""ל",false,1,6.90,6.9000,true,1,50754
7290112492685,false,"פינוק מרכך לשיער רגיל לנסיעות 100 מ""ל",יוניליוור ישראל טיפו,IL,פינוק מרכך לשיער רגיל לנסיעות 100 מל,מיליליטרים,100.00,"100 מ""ל",false,1,6.90,6.9000,true,1,50753
7290112492692,false,"פינוק - שפורפרת תחליב רחצה 100 מ""ל",יוניליוור ישראל טיפו,IL,פינוק תחליב רחצה קלאסי לנסיעות 100 מל,מיליליטרים,100.00,"100 מ""ל",false,1,6.90,6.9000,true,1,50755
7290112492982,false,"אבקת מרק פטריות כשל""פ 100% רכיבים טבעיים 400 גרם",יוניליוור ישראל מזון,IL,קנור מרק פטריות רכיבים טבעיים 400 גרם,גרמים,400.00,100 גרם,false,1,25.90,6.4750,true,1,49128
7290112492999,false,מרק בטעם עוף קנור 400 ג' צנצנת,יוניליוור ישראל מזון,IL,קנור מרק טעם עוף 400 גרם,גרמים,400.00,100 גרם,false,1,15.90,3.9750,true,1,49127
7290112493316,true,מרק היום אפונה קנור,יוניליוור ישראל מזון,IL,מרק היום אפונה קנור 117גרם 100% רכיבים,גרמים,117.00,100 גרם,false,1,13.90,11.8803,true,1,47631
7290112493903,false,ננסים מעדן קפוא 6 יח',"מיוצר ע""י גלידת שטרא",IL,"מאגדת ננסים בטעמים תות, לימון, קולה ומשמש",גרמים,87.00,100 גרם,false,1,10.90,12.5287,true,1,47546
7290112493934,false,גלידה וניל צרפתי 1.33ל' קרמיסימו,"גלידת שטראוס בע""מ, ר",IL,גלידה קרמיסימו וניל צרפתי 1.33 ליטר,ליטרים,1.33,ליטר,false,1,27.90,20.9774,true,1,49401
7290112493965,false,גלידה מסטיגם 1.33ל'קרמיסימו,"גלידת שטראוס בע""מ, ר",IL,גלידה קרמיסימו מסטיגם 1.33 ליטר,ליטרים,1.33,ליטר,false,1,27.90,20.9774,true,1,49768
7290112494221,false,קליק - ביסקויט תפזורת 65 גרם,יוניליוור ישראל מזון,IL,קליק ביסקוויט 65 גרם,גרמים,65.00,100 גרם,false,1,7.90,12.1538,true,1,48191
7290112494238,false,קליק - כדורים חלב תפזורת 65 גרם,יוניליוור ישראל מזון,IL,קליק קליק כדורים 65 גרם,גרמים,65.00,100 גרם,false,1,7.90,12.1538,true,1,48194
7290112494276,false,קליק כריות תפזורת 65 גר,יוניליוור ישראל מזון,IL,קליק קליק כריות 65 גרם,גרמים,65.00,100 גרם,false,1,7.90,12.1538,true,1,48195
7290112494283,false,קליק - מעורב חום לבן תפזורת 65 גרם,יוניליוור ישראל מזון,IL,קליק חום לבן 65 גרם,גרמים,65.00,100 גרם,false,1,7.90,12.1538,true,1,48193
7290112494344,false,קורנפלקס כספי אלופים תלמה850 גר',יוניליוור שפע ישראל,IL,תלמה קורנפלקס של אלופים דגני בוקר 850 גרם,גרמים,850.00,100 גרם,false,1,21.90,2.5765,true,1,49808
7290112494382,false,פירה בטעם ביתי - מוכן ברגע,יוניליוור ישראל מזון,IL,פירה בטעם ביתי מוכן ברגע קנור,גרמים,260.00,100 גרם,false,1,14.90,5.7308,true,1,48976
7290112494801,false,ג'ל לכביסה לבנה וצבעונית ורוד 2.5 ל' בדין,זוהר דליה,IL,בדין גל לכביסה לבנה וצבעונית בניחוח בדי,ליטרים,2.50,ליטר,false,1,39.90,15.9600,true,1,48232
7290112495006,false,כריות - כריות נוגט 686 גרם,יוניליוור שפע ישראל,IL,תלמה דגני בוקר כריות נוגט 686 גרם,גרמים,686.00,100 גרם,false,1,29.90,4.3586,true,1,48221
7290112495112,false,נשנושים זעתר ב.בייגל 260ג',בייגל את בייגל מזון,IL,נשנושים חטיף אפוי בטעם זעתר 260 גרם,גרמים,260.00,100 גרם,false,1,15.90,6.1154,true,1,48462
7290112495433,false,דגני דליפקאן תוספת אגוזי פקאן ושקדים 400 גר,יוניליור שפע ישראל ב,IL,TELMA דגני מבוגרים 400 GR,גרמים,400.00,100 גרם,false,1,26.90,6.7250,true,1,47605
7290112495747,false,רוטב צ''ילי מתוק כ 70% פחות סוכר 340 ג' קנור,יוניליוור ישראל מזון,IL,קנור רוטב צ'ילי מתוק כ-75% פחות סוכר 340 גרם,גרמים,340.00,100 גרם,false,1,14.50,4.2647,true,1,49417
7290112495792,false,רוטב שום לייט 300 ג' הלמנס,יוניליוור ישראל מזון,IL,הלמנ'ס רוטב שום לייט 300 גרם,גרמים,300.00,100 גרם,false,1,13.90,4.6333,true,1,49421
7290112495808,false,"הלמנס רוטב חרדל ודבש 290 מ""ל",יוניליוור ישראל מזון,IL,הלמנ'ס רוטב חרדל ודבש 305 מל,גרמים,305.00,100 גרם,false,1,13.90,4.5574,true,1,50270
7290112495815,false,רוטב סלט חרדל דבש לייט הלמנס 305ג',יוניליוור ישראל מזון,IL,הלמנ'ס רוטב חרדל ודבש לייט 305 גרם,גרמים,305.00,100 גרם,false,1,13.90,4.5574,true,1,50271
7290112495976,false,פריכיות פתית מצופות שוקולד חלב,גוד פוד פרודקטס Sp.z,PL,פריכיות אורז מצופות שוקולד חלב מעולה35,גרמים,35.00,100 גרם,false,1,5.90,16.8571,true,1,50775
7290112495983,false,פרכיות פתיתבציפוי שוקולד חלב ושבבי קרמל מלוח 39 גר',גוד פוד פרודקטס Sp.z,PL,פריכיות אורז מצופות שוקולד חלב ושבבים39,גרמים,39.00,100 גרם,false,1,5.90,15.1282,true,1,50776
7290112496027,false,"סירופ שוקולד 580 מ""ל אפיכל",יוניליוור ישראל מזון,IL,EFICOL קינוחים שונים 580 GR,גרמים,580.00,100 גרם,false,1,15.90,2.7414,true,1,49436
7290112496287,false,פתית - צ'יפס בטטה בטעם טבעי 21 גרם,JLM גלובל פודס37 דרך,GB,פתית פתית צ'יפס בטטה בטעם טבעי 21 גר',גרמים,0.00,100 גרם,false,1,5.50,0.0000,true,1,50968
7290112496294,false,חטיף פתית צ'יפס עם אפונה ירוקה צהובה וצ'ילי,JLM גלובל פודס37 דרך,GB,פתית ציפס עם אפונה ירוקה וצהובה 22 גרם,גרמים,0.00,100 גרם,false,1,5.50,0.0000,true,1,50967
7290112496430,false,קנור נמס בכוס אקסטרה עגבניות+אטריות 37 גרם - רבנות,יוניליוור ישראל מזון,IL,נמס בכוס אקסטרה מרק עגבניות 37 גרם,גרמים,37.00,100 גרם,false,1,4.90,13.2432,true,1,53925
7290112496447,false,נמס בכוס אקסטרה טעם עוף עם המון אטריות 27ג',יוניליוור ישראל מזון,IL,קנור נמס בכוס אקסטרה מרק טעם עוף עם אטריות 27 גרם,גרמים,27.00,100 גרם,false,1,4.90,18.1481,true,1,53926
7290112496461,false,נמס בכוס אקסטרה מרק ירקות עם המון אטריות,יוניליוור ישראל מזון,IL,נמס בכוס מרק אקסטרה ירקות עם המון אטריות,גרמים,32.00,100 גרם,false,1,4.90,15.3125,true,1,53942
7290112496584,false,כריות בלאק לבן 65 ג' קליק,"דרך השוקולד 1, צפת 1",IL,קליק קליק כריות בלאק ושוקולד לבן 65 גרם,גרמים,65.00,100 גרם,false,1,7.90,12.1538,true,1,50810
7290112497123,false,תערובת להכנת מעדן בטעם סחלב,יוניליוור ישראל מזון,IL,קנור סחלב 112 גרם,גרמים,112.00,100 גרם,false,1,15.50,13.8393,true,1,51911
7290112497932,false,נשנושים שמנת בצל 60 גרם,"דרך השוקולד 1, צפת 1",IL,בייגל בייגל נשנושים חטיף אפוי בטעם שמנת בצל 60 גרם,גרמים,60.00,100 גרם,false,1,5.50,9.1667,true,1,52281
7290112498267,false,"אל סבון ידיים נוזלי קלאסי פינוק 950 מ""ל",קוסטר אירוסול ולף סנ,IL,פינוק אל סבון לידיים בניחוח פינוק קלאסי 950 מל,מיליליטרים,950.00,"100 מ""ל",false,1,12.90,1.3579,true,1,53799
7290112498298,false,"אל סבון ליידים בתוספת שמן מרוקאי פינוק 950 מ""ל",קוסטר אירוסול ולף סנ,TR,פינוק אל סבון לידיים בתוספת שמן מרוקאי 950 מל,מיליליטרים,950.00,"100 מ""ל",false,1,12.90,1.3579,true,1,53800
7290112498533,false,פתית ציפס חומוס שעוע,JLM גלובל פודס37 דרך,GB,"פתית פתית צ'יפס עם חומוס,אפונה ושעועית 21 גרם",גרמים,21.00,100 גרם,false,1,5.50,26.1905,true,1,53946
7290112498748,false,מאגדת מיני סולרו ותות 350ג',"מיוצר ע""י גלידת שטרא",IL,מאגדת סולרו מיני תות,גרמים,350.00,100 גרם,false,5,28.90,8.2571,true,1,52327
7290112498779,false,מעדן קפוא בטעם ענבים,"מיוצר ע""י גלידת שטרא",IL,מקס ארטיק LOL 70 גרם,גרמים,70.00,100 גרם,false,1,9.90,14.1429,true,1,52330
7290112498786,false,קריספי קרמל בננה 76 ג' מגנום,יוניליוור,IL,מגנום שלגון מגנום קריספי קרמל בננה 76 גרם,גרמים,76.00,100 גרם,false,1,11.90,15.6579,true,1,52329
7290112498823,false,גלידה מיקס עיגול כשל,"מיוצר ע""י גלידת שטרא",IL,גלידה מיקס עיגול כשלפ 70 גרם,גרמים,70.00,100 גרם,false,1,9.90,14.1429,true,1,52608
7290112498878,false,קורנטו פסק זמן 69 גר,"מיוצר ע""י גלידת שטרא",IL,קורנטו פסק זמן 69 גרם,גרמים,69.00,100 גרם,false,1,8.90,12.8986,true,1,52631
7290112498885,false,מאגדת גודי'ז תותים ושוקולד לבן 235ג',מנדלז סי.אר. פרודקשן,IL,מאגד גודיז תותים ושוקלד לבן 235גרם,גרמים,235.00,100 גרם,false,1,27.90,11.8723,true,1,52627
7290112498915,false,מאגדת מיני מגנום שקדים מובחרים 250 ג',"מיוצר ע""י גלידת שטרא",IL,מגנום מאגדת מיני מגנום שקדים מובחרים 5 יחידות,גרמים,250.00,100 גרם,false,1,32.90,13.1600,true,1,53114
7290112498922,false,מאגדת מיני מגנום שוקולד לבן 250 ג',"מיוצר ע""י גלידת שטרא",IL,מגנום מאגדת מיני מגנום לבן 5 יחידות,גרמים,250.00,100 גרם,false,1,32.90,13.1600,true,1,53115
7290112498939,false,בומבה שטראוס 84ג',"מיוצר ע""י גלידת שטרא",IL,שטראוס שלגון בומבה בטעם וניל 80 גרם,גרמים,84.00,100 גרם,false,1,10.90,12.9762,true,1,52630
7290112498946,false,ארטיק ילדים קשת בענן,שטראוס גרופ גלידות,IL,ארטיק ילדים קשת בענן 47גרם,גרמים,47.00,100 גרם,false,1,7.90,16.8085,true,1,54636
7290112499080,false,סולרו בר קוקוס 86 מ''ל ימות''ש,"מיוצר ע""י גלידת שטרא",IL,גלידת שרבט עם קוקוס 65גרם,גרמים,65.00,100 גרם,false,1,11.90,18.3077,true,1,54635
7290112499097,false,"מאגדת מיני מגנום מריר כשל""פ","מיוצר ע""י גלידת שטרא",IL,מגנום מאגדת מיני מגנום מריר 5 יחידות,גרמים,240.00,100 גרם,false,1,32.90,13.7083,true,1,54637
7290112499103,false,קורנטו קליק וניל עוגיות 72 ג' שטראוס,שטראוס גרופ גלידות,IL,קורנטו קליק וניל עוגיות 72 גרם,גרמים,72.00,100 גרם,false,1,9.90,13.7500,true,1,54885
7290112499127,false,מגנום שוקולד לבן תות 77 ג' שטראוס,"מיוצר ע""י גלידת שטרא",IL,מגנום שלגון גלידה שוקולד לבן ותות 77 גרם,גרמים,77.00,100 גרם,false,1,12.90,16.7532,true,1,54634
7290112499141,false,סולרו וניל ותפוח ירוק 76 ג' שטראוס,שטראוס גרופ גלידות,IL,סולרו וניל ותפוח ירוק 76 גרם,גרמים,74.00,100 גרם,false,1,11.90,16.0811,true,1,54884
7290112499189,false,"גלידת קרמיסימו חד קרן וניל תות, 1.33 ליטר","גלידת שטראוס בע""מ, ר",IL,קרמיסימו חד קרן בטעמי וניל תות ובננה 1.3,ליטרים,1.33,ליטר,false,1,27.90,20.9774,true,1,55418
7290112499196,false,גלידה בטעם החלב של הקורנפלקס 1.33 ל' קרמיסימו,"גלידת שטראוס בע""מ, ר",IL,קרמיסימו החלב של הקורנפלקס 1.33 ליטר,ליטרים,1.33,ליטר,false,1,27.90,20.9774,true,1,55419
7290112499219,false,מאגדת מיני גודיז פיסטוק ושוקולד 235 ג' שטראוס,"גלידת שטראוס בע""מ, ר",IL,גודיז מאגדת גלידה בטעמי פיסטוק ושוקולד 5 יחידות,גרמים,235.00,100 גרם,false,1,27.90,11.8723,true,1,54887
7290112499455,false,"תחליב רחצה שמן מרוקאי פינוק 700 מ""ל",יוניליוור ישראל טיפו,IL,פינוק תחליב רחצה בתוספת שמן מרוקאי 700 מל,מיליליטרים,700.00,"100 מ""ל",false,1,14.90,2.1286,true,1,53295
7290112499639,false,טילון סופר מגנום וניל צ'יפ ושוקולד 110 ג',"מיוצר ע""י גלידת שטרא",IL,קורנטו מגנום טילון וניל צ'יפ שוקולד 110 גרם,גרמים,110.00,100 גרם,false,1,12.90,11.7273,true,1,49412
7290112499646,false,טילון קורנטו וניל עם וופל פקאן 108 ג',"מיוצר ע""י גלידת שטרא",IL,קורנטו סופר פקאן 108 גרם,גרמים,108.00,100 גרם,false,1,12.90,11.9444,true,1,50118
7290112499677,false,מגנום לבן אימפלס פסח 120מל,"מיוצר ע""י גלידת שטרא",IL,מגנום שלגון שוקולד לבן 85 גרם,גרמים,85.00,100 גרם,false,1,12.90,15.1765,true,1,49406
7290112499738,false,מקס מלון יחידתי פסח 109מל,"מיוצר ע""י גלידת שטרא",IL,מקס שלגון מלון 90 גרם,גרמים,90.00,100 גרם,false,1,7.90,8.7778,true,1,49486
7290112499776,false,מאגדת גלידת גודיז שלגון אישי  240 ג',"גלידת שטראוס בע""מ, ר",IL,GOODIZ חבילות בית 350 ML,גרמים,297.00,100 גרם,false,1,27.90,9.3939,true,1,50112
7290112499820,false,שלגון פסק זמן לבן 74,"מיוצר ע""י גלדית שטרא",IL,Strauss יחידתיות 110 ML,גרמים,74.00,100 גרם,false,1,11.90,16.0811,true,1,50116
7290112499837,false,מגנום דואט שוקולד עם נוגט 90 ג',"מיוצר ע""י גלידת שטרא",IL,Magnum יחידתיות 134 ML,גרמים,90.00,100 גרם,false,1,12.90,14.3333,true,1,49407
7290112499844,false,מאגדת מיני מגנום דואט שוקולד עם נוגט 5 יח' שטראוס,"מיוצר ע""י גלידת שטרא",IL,מגנום מאגדת מיני מגנום דואט שוקולד נוגט 5 יחידות,גרמים,310.00,100 גרם,false,1,32.90,10.6129,true,1,49405
7290112499851,false,חטיף מגנום בטעם בראוניז,"גלידת שטראוס בע""מ, ר",IL,Magnum יחידתיות 80 ML,גרמים,58.00,100 גרם,false,1,11.90,20.5172,true,1,50619
7290112499905,false,טילון קורנטו קליק בטעם מרשמלו,"מיוצר ע""י גלידת שטרא",IL,קורנטו טילון קורנטו קליק בטעם מרשמלו 72 גרם,גרמים,72.00,100 גרם,false,1,9.90,13.7500,true,1,50620
7290112499929,false,מגנום שוקולד אימפלס פסח 120מל,"מיוצר ע""י גלידת שטרא",IL,מגנום שלגון מגנום שוקולד 85 גרם,גרמים,85.00,100 גרם,false,1,12.90,15.1765,true,1,49408
7290112499936,false,מגנום שקדים אימפלס פסח 125מל,"מיוצר ע""י גלידת שטרא",IL,מגנום שלגון מגנום שקדים 85 גרם,גרמים,85.00,100 גרם,false,1,12.90,15.1765,true,1,49409
7290112499943,false,מאגדת מיני מגנום קלאסיק שוקולד 5 יח' שטראוס,"מיוצר ע""י גלידת שטרא",IL,מיני מגנום קלאסיק שוקולד 250 גרם,גרמים,250.00,100 גרם,false,1,32.90,13.1600,true,1,49404
7290112960115,true,שקדי מרק 30% קמח חיט,אסם,IL,שקדי מרק 30% קמח חיטה מלא 350גרם,גרמים,350.00,100 גרם,false,1,14.90,4.2571,true,1,45513
7290112960856,false,טילון אקסטרים מטבע שוקולד וריבת חלב 126 גר',שוורצקוף& הנקל דיסלד,IL,נסטל.אקסטרים ליבת ריבת חלב ומטבע 18*115ג,גרמים,128.00,100 גרם,false,1,9.90,7.7344,true,1,46382
7290112961372,false,פיטנס חטיפי פריכיות דגנים עם קינמון,"פרח תעשיות מזון בע""מ",IL,פיטנס חטיפי פריכיות דקות קינמון12*60ג,גרמים,60.00,100 גרם,false,1,8.90,14.8333,true,1,46062
7290112961464,false,פיטנס חטיפי פריכיות דגנים וחומוס מתובלות,"פרח תעשיות מזון בע""מ",IL,פיטנס חטיפי פריכיות דקות מתובלות 12*60ג,גרמים,60.00,100 גרם,false,1,8.90,14.8333,true,1,46061
7290112961754,false,עוגיות שוקולד ציפס עם קרם בטעם אגוזים,מיוצר עי קונדיטוריית,IL,אסם עוגיות שוקוצ'יפס קרם אגוזים 12*220ג,גרמים,220.00,100 גרם,false,1,14.50,6.5909,true,1,46116
7290112962287,false,טבעול שווארמה טבעונית 6*450 גרם,מיוצר עי קונדיטוריית,IL,שווארמה טבעונית טבעול כשלפ 450גרם,גרמים,450.00,100 גרם,false,1,34.90,7.7556,true,1,49542
7290112962546,false,ארטיק לה פרוטה מלון תפוח מאגדת 443 גר',שוורצקוף& הנקל דיסלד,IL,לה פרוטה מאג מלון תפוח 70*5,גרמים,4.00,100 גרם,false,1,27.90,697.5000,true,1,46124
7290112962751,false,שלגון אוראו בטעם וני,שוורצקוף& הנקל דיסלד,IL,אוראו שלגון אימפלס 20*65גרם,גרמים,65.00,100 גרם,false,1,10.90,16.7692,true,1,46386
7290112963000,false,רוטב צילי מתוק מופחת,אסם,IL,רוטב.צילי מתוק פחת.נתרן וסוכר אסם 290מל,מיליליטרים,290.00,"100 מ""ל",false,1,14.90,5.1379,true,1,49463
7290112963321,false,בייגלה שטוח ללא גלוטן 300 גר',מיוצר עי קונדיטוריית,IL,"גרטיפי בייגלה שטוח הכל לל""ג 300גרם",גרמים,300.00,100 גרם,false,1,17.90,5.9667,true,1,50543
7290112963918,false,חטיפי קרקר דק רוזמרין 140 ג' פיטנס,נסטלה Nestle,IL,פיטנס קרקר דק רוזמרין 12*140גרם,גרמים,140.00,100 גרם,false,1,13.90,9.9286,true,1,47267
7290112964410,false,רוטב אוסם אלף האיים לסלט 290 ג' אסם,Unknown,IL,אסם רוטב אלף האיים חדש לסלט 9*290גרם,גרמים,290.00,100 גרם,false,1,12.90,4.4483,true,1,47129
7290112964458,false,רוטב וינגרט לסלט 295 ג' אסם,אסם,IL,אסם רוטב ויניגרט חדש לסלט 9*295גרם,גרמים,295.00,100 גרם,false,1,12.90,4.3729,true,1,47131
7290112964472,false,רוטב שום לסלט 290 ג' אסם,Unknown,IL,אסם רוטב שום חדש לסלט 9*290גרם,גרמים,290.00,100 גרם,false,1,12.90,4.4483,true,1,47132
7290112964564,false,רוטב אלף האיים לייט לסלט 310 ג' אסם,אסם,IL,אסם רוטב אלף האיים לייט לסלט חדש 9*310ג,גרמים,295.00,100 גרם,false,1,12.90,4.3729,true,1,47134
7290112964601,false,רוטב בנוסח סצ'ואן הסדרה האסייתית,"אסם השקעות בע""מ",IL,אסם רוטב בנוסח סצואן 9*290מל,מיליליטרים,290.00,"100 מ""ל",false,1,15.90,5.4828,true,1,46963
7290112964625,false,רוטב שום לייט לסלט 310 ג' אסם,אסם,IL,אסם רוטב שום לייט חדש לסלט 9*310גרם,גרמים,310.00,100 גרם,false,1,12.90,4.1613,true,1,47135
7290112964724,false,טבעול המבורגרטבעוני 580 גר',מיוצר עי קונדיטוריית,IL,טבעול המבורגר טבעוני 6*580גרם,גרמים,580.00,100 גרם,false,1,34.90,6.0172,true,1,47270
7290112965165,true,מרק נמס פטריות 34,אסם,IL,אסם זוג מרק נמס פטריות בדצ14*48גרם,גרמים,34.00,100 גרם,false,1,7.50,22.0588,true,1,47637
7290112965288,true,מרק נמס ירקות 30,אסם,IL,אסם זוג מרק נמס ירקות בדצ14*30גרם,גרמים,60.00,100 גרם,false,1,7.50,12.5000,true,1,47642
7290112965301,true,מרק טעם עוף 38גר,אסם,IL,אסם זוג מרק נמס טעם עוף בדצ 10*52גרם,גרמים,38.00,100 גרם,false,1,7.50,19.7368,true,1,47643
7290112965660,false,פיטנס - חטיף מולטיגריין מלח פלפל 25 גרם,מיוצר עי קונדיטוריית,IL,פיטנס חטיף מולטיגריין מלח פלפל 25גרם,גרמים,25.00,100 גרם,false,1,6.50,26.0000,true,1,51861
7290112965684,false,פיטנס - חטיף מולטיגריין עשבי תיבול 25 גרם,מיוצר עי קונדיטוריית,IL,פיטנס חטיף מולטיגריין עשבי תיבול 25גרם,גרמים,25.00,100 גרם,false,1,6.50,26.0000,true,1,51862
7290112965745,false,אוסם - ביסלי פריסטייל בצל מעושן 60 גרם,"אסם השקעות בע""מ",IL,ביסלי פריסטייל בצל מעושן 60 גרם,גרמים,60.00,100 גרם,false,1,4.90,8.1667,true,1,53119
7290112965783,false,אוסם - ביסלי פריסטייל על האש 60 גרם,"אסם השקעות בע""מ",IL,ביסלי פריסטייל על האש 60 גרם,גרמים,60.00,100 גרם,false,1,4.90,8.1667,true,1,53120
7290112965806,false,אוסם - ביסלי פריסטייל חמוץ חריף 60 גרם,Unknown,IL,ביסלי פריסטייל חמוץ חריף 60 גרם,גרמים,60.00,100 גרם,false,1,4.90,8.1667,true,1,53121
7290112965981,false,טבעול גורמה ארוחת דגנים 450 גר',טבעול (מקבוצת אסם הש,IL,טבעול גורמה ארוחת דגנים 450 גרם,גרמים,450.00,100 גרם,false,1,34.90,7.7556,true,1,54617
7290112966001,false,טבעול גורמה ארוחת ירוקים,טבעול (מקבוצת אסם הש,IL,טבעול גורמה ארוחת ירוקים 450 גרם,גרמים,450.00,100 גרם,false,1,34.90,7.7556,true,1,54618
7290112966728,false,צבר טחינה בלאדי פלפלים חריפים 350 גר',שוורצקוף& הנקל דיסלד,IL,צבר טחינה בלאדי פלפלים חריפים 6*350גרם,גרמים,350.00,100 גרם,false,1,17.90,5.1143,true,1,48005
7290112966766,false,טחינה בלאדי חציל עגבניות ושום צבר 350 גר',שוורצקוף& הנקל דיסלד,IL,צבר טחינה בלאדי חציל עגבניות ושום6*350ג,גרמים,350.00,100 גרם,false,1,17.90,5.1143,true,1,48003
7290112966780,false,טחינה באלדי עם חציל קלוי צבר 350 גר',שוורצקוף& הנקל דיסלד,IL,צבר טחינה בלאדי עם חציל קלוי 6*350גרם,גרמים,350.00,100 גרם,false,1,17.90,5.1143,true,1,48001
7290112966803,false,פודינג אינסטנט שוקולד 88 ג' אסם,"אסם השקעות בע""מ",IL,אסם פודינג אינסטנט שוקולד 88 גרם,גרמים,88.00,100 גרם,false,1,6.50,7.3864,true,1,49059
7290112967114,false,חטיפי פריכיות פיטנס קטניות ופלפל 60 גר',"פרח תעשיות מזון בע""מ",IL,פיטנס חטיפי פריכיות קטניות ופלפל 60 גר,גרמים,60.00,100 גרם,false,1,8.90,14.8333,true,1,50764
7290112967138,false,בייגלה שמיניות ללא גלוטן 250 גר' אסם,מיוצר עי קונדיטוריית,IL,אסם בייגלה שמיניות ללא גלוטן חדש 6*250ג,גרמים,250.00,100 גרם,false,1,15.90,6.3600,true,1,49032
7290112967848,false,ג'לי תות שדה מופחת סוכר 90 גר אסם,מיוצר עי קונדיטוריית,IL,אסם גלי תות שדה מופחת סוכר68גרם,גרמים,68.00,100 גרם,false,1,7.50,11.0294,true,1,49063
7290112968203,false,סלט טחינה בלאדי צבר 250 גרם,שוורצקוף& הנקל דיסלד,IL,סלט טחינה בלאדי צבר 250גרם,גרמים,250.00,100 גרם,false,1,12.90,5.1600,true,1,49714
7290112968401,false,צבר חומוס גרגרים רכי,שוורצקוף& הנקל דיסלד,IL,צבר חומוס גרגרים רכים 400גרם,גרמים,400.00,100 גרם,false,1,14.90,3.7250,true,1,49784
7290112968449,false,סלט כרוב אדום צבר 250 גר',שוורצקוף& הנקל דיסלד,IL,סלט כרוב אדום צבר 250גרם,גרמים,250.00,100 גרם,false,1,12.90,5.1600,true,1,49715
7290112968524,false,סלט חומוס גרגירים רכים צבר 250 גרם,שוורצקוף& הנקל דיסלד,IL,סלט חומוס סמיר צבר 250גרם,גרמים,250.00,100 גרם,false,1,12.90,5.1600,true,1,49717
7290112968685,false,חומוס גרגרים בתטבילה צבר 400 גרם,שוורצקוף& הנקל דיסלד,IL,צבר חומוס גרגרים בתטבילה 400גרם,גרמים,400.00,100 גרם,false,1,14.90,3.7250,true,1,49785
7290112968807,false,פיטנס - קרקר דק סלק 140 גרם,מפעל אסם יקנעם,IL,פיטנס קרקר דק סלק 12*140גרם,גרמים,140.00,100 גרם,false,1,13.90,9.9286,true,1,51163
7290112968821,false,פיטנס - קרקר דק בטטה 140 גרם,מפעל אסם יקנעם,IL,פיטנס קרקר דק בטטה 12*140גרם,גרמים,140.00,100 גרם,false,1,13.90,9.9286,true,1,51164
7290113192171,false,מיקס אגוזים שקדים וחמוציות 150 גר',דין שיווק,IL,מיקס אגוזים שקדים וחמוציות 150 גרם,גרמים,150.00,100 גרם,false,1,17.90,11.9333,true,1,53541
7290113192300,true,חרוזית מושחר בית הש,בית השיטה,IL,חרוזית מושחר בית השיטה 275גר,יחידה,0.00,יחידה,false,1,11.90,0.0000,true,1,49233
7290113192324,true,זית ירוק בית השיטה,בית-השיטה עסיס תעשיו,IL,זית ירוק בית השיטה 340גר,גרמים,340.00,100 גרם,false,1,10.80,3.1765,true,1,49234
7290113192331,true,זית ירוק גדול בית ה,בית-השיטה עסיס תעשיו,IL,זית ירוק גדול בית השיטה 340גר,גרמים,0.00,100 גרם,false,1,12.90,0.0000,true,1,49235
7290113192355,true,חרוזית ירוק בית השיט,בית-השיטה עסיס תעשיו,IL,חרוזית ירוק בית השיטה 275גר,גרמים,275.00,100 גרם,false,1,12.90,4.6909,true,1,49236
7290113192362,true,טבעות זיתים ירק בית,בית-השיטה עסיס תעשיו,IL,טבעות זיתים ירק בית השיטה 280גר,גרמים,280.00,100 גרם,false,1,14.90,5.3214,true,1,55479
7290113192379,true,זיתים ירוקים מבוקעים,שוורצקוף& הנקל דיסלד,IL,זיתים ירוקים מבוקעים בית השיטה 340גר,גרמים,340.00,100 גרם,false,1,10.90,3.2059,true,1,49237
7290113192386,true,זית סורי מבוקע בית,בית-השיטה עסיס תעשיו,IL,זית סורי מבוקע בית השיטה 340גר,גרמים,340.00,100 גרם,false,1,12.90,3.7941,true,1,49238
7290113192393,true,קוקטייל זיתים בית ה,בית-השיטה עסיס תעשיו,IL,קוקטייל זיתים בית השיטה 336גר,גרמים,336.00,100 גרם,false,1,13.90,4.1369,true,1,49239
7290113192478,true,מלפפונים במלח 10-12,בית-השיטה עסיס תעשיו,IL,מלפפונים במלח 10-12 בית השיטה 320גר,גרמים,320.00,100 גרם,false,1,10.90,3.4063,true,1,49242
7290113192485,true,מלפפונים בחומץ 10-12,בית-השיטה עסיס תעשיו,IL,מלפפונים בחומץ 10-12בית השיטה 290גר,גרמים,290.00,100 גרם,false,1,10.90,3.7586,true,1,49243
7290113192492,true,מלפפונים בחומץ 17-13,בית-השיטה עסיס תעשיו,IL,מלפפונים בחומץ 17-13בית השיטה 290גר,גרמים,290.00,100 גרם,false,1,11.90,4.1034,true,1,49244
7290113192508,true,מלפפונים במלח 17-13ב,בית-השיטה עסיס תעשיו,IL,מלפפונים במלח 17-13בית השיטה 320גר,גרמים,320.00,100 גרם,false,1,11.90,3.7188,true,1,49245
7290113192515,true,מלפפונים במלח 18 -25,בית-השיטה עסיס תעשיו,IL,מלפפונים במלח 18 -25בית השיטה 320גר,גרמים,0.00,100 גרם,false,1,13.90,0.0000,true,1,49246
7290113192522,true,מלפפונים בחומץ בית ה,בית-השיטה עסיס תעשיו,IL,מלפפונים בחומץ בית השיטה 18-25 290גר,גרמים,290.00,100 גרם,false,1,13.90,4.7931,true,1,49247
7290113192539,true,מלפפונים במלח 7-9 ב,בית-השיטה עסיס תעשיו,IL,מלפפונים במלח 7-9 בית השיטה 320גר,לא מנהל יחידת מידה,0.00,לא מנהל יחידת מידה,false,1,8.90,0.0000,true,1,49248
7290113192546,true,מלפפונים בחומץ 7-9 ב,בית-השיטה עסיס תעשיו,IL,מלפפונים בחומץ 7-9 בית השיטה 290גר,גרמים,290.00,100 גרם,false,1,8.90,3.0690,true,1,49249
7290113192553,true,מלפפונים באלדי 13-17,בית-השיטה עסיס תעשיו,IL,ב.הש.מלפ.מלח.בלדי א2 13-17 12*320ג חדש,גרמים,320.00,100 גרם,false,1,11.50,3.5938,true,1,54145
7290113192560,true,פלפל שיפקה בית השיטה,בית-השיטה עסיס תעשיו,IL,פלפל שיפקה בית השיטה 230גר,גרמים,230.00,100 גרם,false,1,7.90,3.4348,true,1,49250
7290113192577,true,כרוב כבוש בית השיטה,שוורצקוף& הנקל דיסלד,IL,כרוב כבוש בית השיטה 430גר,גרמים,430.00,100 גרם,false,1,9.90,2.3023,true,1,49251
7290113193000,false,בית השיטהפלפל שיפקונית 230 גר',שוורצקוף& הנקל דיסלד,IL,פלפל שיפקונית בית השיטה 230 גרם,גרמים,230.00,100 גרם,false,1,12.90,5.6087,true,1,50027
7290113193031,false,חרוזית קלמטה - זיתים שחורים ללא גלעין קלמטה,שוורצקוף& הנקל דיסלד,IL,זית חרוזית קלמטה בית השיטה 275גרם,גרמים,275.00,100 גרם,false,1,14.90,5.4182,true,1,50527
7290113193888,false,חצילים מוחמצים בית השיטה 320 גר',שוורצקוף& הנקל דיסלד,IL,חצילים מוחמצים בית השיטה 320גרם,גרמים,320.00,100 גרם,false,1,12.90,4.0313,true,1,54424
7290113195479,false,קמח שקדים 200 גר שקד,דין שיווק,IL,קמח שקדים 200 גר שקדיה זיפר,גרמים,200.00,100 גרם,false,1,16.90,8.4500,true,1,53694
7290113198029,false,פקאן מצופה חלבה שקדי,דין שיווק,IL,פקאן מצופה חלבה 150גרם,גרמים,150.00,100 גרם,false,1,16.90,11.2667,true,1,53583
7290113198043,false,פקאן מצופה שוקולד וע,דין שיווק,IL,פקאן מצופה שוקולד ועוגיות 150גרם,גרמים,150.00,100 גרם,false,1,16.90,11.2667,true,1,53585
7290113198050,false,פקאן מצופה בייגלה מל,דין שיווק,IL,פקאן מצופה בייגלה מלוח 150גרם,גרמים,150.00,100 גרם,false,1,16.90,11.2667,true,1,53584
7290113198067,false,פקאן מצופה שוקולד לבן 150 ג',"דין שיווק וקליה בע""מ",IL,פקאן מצופה שוקולד לבן 150 גרם,גרמים,150.00,100 גרם,false,1,16.90,11.2667,true,1,53622
7290113198074,false,פקאן מצופה שוקולד שי,דין שיווק,IL,פקאן מצופה שוקולד שיש 150גרם,גרמים,150.00,100 גרם,false,1,16.90,11.2667,true,1,53586
7290113198562,false,סוכריות גומי בטעם תות שדה 200 ג' שקדיה,טופ גלוב,IL,סוכריות גומי בטעם תות שדה 200גרם,גרמים,200.00,100 גרם,false,1,11.90,5.9500,true,1,53719
7290113198579,false,סוכריות גומי דובונים בטעמי פירות 200 ג' שקדיה,טופ גלוב,IL,סוכריות גומי דובונים 200 גרם,גרמים,200.00,100 גרם,false,1,11.90,5.9500,true,1,53720
7290113198586,false,סוכריות גומי מסוכרות בטעם אפרסק 200 ג' שקדיה,טופ גלוב,IL,סוכריות גומי מצופות סוכר בטעם אפרסק 200 גרם,גרמים,200.00,100 גרם,false,1,11.90,5.9500,true,1,53721
7290113199859,false,מגש אירוח סוכריות גומי 350 ג' שקדיה,דין שיווק,IL,מגש אירוח סוכריות גומי 350 גרם,גרמים,350.00,100 גרם,false,1,16.90,4.8286,true,1,54830
7290113199897,false,סוכריות חמצוצים בטעם תות שדה 180 ג' שקדיה,דין שיווק,IL,סוכריות חמצוצים בטעם תות שדה 180 גרם,גרמים,180.00,100 גרם,false,1,11.90,6.6111,true,1,54828
7290113452855,false,סוכריות גומי יין ארו,טופגם,IL,סוכריות גומי יין ארוז 200 גרם,גרמים,200.00,100 גרם,false,1,11.90,5.9500,true,1,54044
7290113452862,false,סוכריות גומי נחש מוב,טופגם,IL,סוכריות גומי נחש מוברק ארוז 200 גרם,גרמים,200.00,100 גרם,false,1,11.90,5.9500,true,1,54005
7290113452916,false,סוכריות גומי קולה קט,טופגם,IL,סוכריות גומי קולה קטן ארוז 200 גרם,גרמים,200.00,100 גרם,false,1,11.90,5.9500,true,1,54004
7290113452930,false,סוכריות גומי דובי מו,טופגם,IL,סוכריות גומי דובי מוברק ארוז 200 גרם,גרמים,200.00,100 גרם,false,1,11.90,5.9500,true,1,54007
7290113453043,false,סוכריות גומי תות קטן,טופגם,IL,סוכריות גומי תות קטן 200 גרם,גרמים,200.00,100 גרם,false,1,11.90,5.9500,true,1,54046
7290114310222,false,חלב 1.5 ליטר 3% מועשר בסידן וויטמין D.,מילקו תעשיות בעמ,IL,חלב מועשר בסידן וויטמין D טרה 3% 1.5 ל',ליטרים,1.50,ליטר,false,1,13.90,9.2667,true,1,51610
7290114310383,false,מולר קציפת יוגורט בטעם וניל צרפתי 97 גרם,מולר Muller,IL,יוגורט קציפה מולר פרופ וניל צרפתי 97גרם,גרמים,97.00,100 גרם,false,1,5.60,5.7732,true,1,56502
7290114310390,false,"מולר פרופ קציפת יוגורט בננה לוטי 5% 150 מ""ל",מולר Muller,IL,יוגורט קציפה מולר פרופ בננה לוטי 97גרם,גרמים,97.00,100 גרם,false,1,5.60,5.7732,true,1,56503
7290114310406,false,"מולר פרופ קציפת יוגורט תות 5% 150 מ""ל",מולר Muller,IL,יוגורט קציפה מולר פרופ תות 97גרם,גרמים,97.00,100 גרם,false,1,5.60,5.7732,true,1,56504
7290114310901,false,גבינה לבנה מהדרין 5%,Unknown,IL,גבינה לבנה 250 גרם 5% ווסטהיים,גרמים,250.00,100 גרם,false,1,4.98,1.9920,true,1,53443
7290114310918,false,קוטג 5% מועשר 250 גר,Unknown,IL,קוטג' 5% 250 גרם ווסטהיים,גרמים,250.00,100 גרם,false,1,6.50,2.6000,true,1,53442
7290114311069,false,יוגורט לבן מועשר בחלבון 0% שומן 200 גרם muller active,מולר Muller,IL,Muller Active יוגורט BIO מועשר חלבון,גרמים,200.00,100 גרם,false,1,6.90,3.4500,true,1,52313
7290114311441,false,"מולר אקטיב בטעם עוגיות חמאה 0% שומן, 200 גרם",מולר Muller,IL,מולר אקטיב 20 גרם חלבון עוגיות חמאה 200,גרמים,200.00,100 גרם,false,1,6.90,3.4500,true,1,56187
7290114311458,false,"חלב מועשר 3% וויטמין קרטון, 1 ל טרה",Unknown,IL,D,ליטרים,1.00,ליטר,false,1,8.50,8.5000,true,1,56073
7290114311502,false,"משקה חלב בקבוק בטעם סחלב, 1 ליטר",מילקו תעשיות בעמ,IL,משקה חלב טרה בטעם סחלב 1 ליטר,ליטרים,1.00,ליטר,false,1,13.90,13.9000,true,1,56188
7290114311526,false,מולר יוגורט פרופ עם קציפת תפוז ג'ינג'ר 3%,מולר Muller,IL,יוגורט מולר פרופ תפוז וגינגר גרם 150,גרמים,150.00,100 גרם,false,1,5.90,3.9333,true,1,56189
7290114311533,false,מולר יוגורט פרופ עם קציפה בטעם סנגריה 3%,מולר Muller,IL,יוגורט מולר פרופ בטעם סנגריה גרם150,גרמים,150.00,100 גרם,false,1,5.90,3.9333,true,1,56190
7290114600996,false,"רוטב שום מאסטר שף 250 מ""ל",קפה לנדוור,NL,"רוטב שום גר` מאסטר שף, 256 גרם",גרמים,256.00,100 גרם,false,1,10.90,4.2578,true,1,55614
7290114603034,false,"פרי גרנולה אגוזים צימוקים וחמוציות, 300 ג'","אפקט טבעי בע""מ",IL,גרנולה פרי אגוזים צימוקים וחמוציות 300גר,גרמים,300.00,100 גרם,false,1,15.90,5.3000,true,1,52026
7290114603041,false,"פרי גרנולה בוטנים אגוזים וקוקוס, 300 ג'","אפקט טבעי בע""מ",IL,גרנולה פרי אגוזים בוטנים קוקוס חלבון300ג,גרמים,300.00,100 גרם,false,1,15.90,5.3000,true,1,52027
7290114603508,false,"רוטב להקצפה מאסטר שף 300 מ""ל",מאסטר שף,TH,"מאסטר שף רוטב להקפצה, 300 מ""ל",גרמים,300.00,100 גרם,false,1,10.90,3.6333,true,1,55616
7290114603515,false,מאסטר שף רוטב קארי אדום 340 גרם,תאי סופרים,TH,מאסטר שף רוטב קארי אדום 340 גרם,גרמים,340.00,100 גרם,false,1,17.90,5.2647,true,1,51691
7290114604864,false,קוסקוס דק מאסטר שף 350 ג',דוידוביץ,IL,מאסטר שף קוסקוס דק 350 גרם,גרמים,350.00,100 גרם,false,1,6.90,1.9714,true,1,52176
7290114604871,false,קוסקוס בינוני מאסטר שף 350 ג',דוידוביץ,IL,מאסטר שף קוסקוס בינוני 350 גרם,גרמים,350.00,100 גרם,false,1,6.90,1.9714,true,1,52177
7290114607391,false,"קולגייט משחת לילדים ברבי 2-5 שנים, 75 מ""ל",CP UK,MX,"משחת שיניים לילדים בטעם פירות ברבי, 75 מ""ל",מיליליטרים,75.00,"100 מ""ל",false,1,15.90,21.2000,true,1,53752
7290114720878,false,פוג'יקום מארז זוג נורות 75W אור לבן,,,75w מארז זוג נורות לבן,יחידה,1.00,יחידה,false,1,29.90,29.9000,true,1,52863
7290115073676,false,מסכות כירוגית שחורות 50 יח',שמחה זה אנחנו,CN,מסכות מנתח שחורות 50 יח שמחה זה אנחנו,יחידה,1.00,יחידה,false,1,9.90,9.9000,true,1,51007
7290115180251,false,יחידות טבק לחימום אמ,פיליפ מוריס,,יחידות טבק לחימום אמבר PP חפיסה,יחידה,1.00,יחידה,false,1,27.90,27.9000,false,1,52217
7290115180275,false,סיגריות אייקוס טורקי,פיליפ מוריס,IL,יחידות טבק לחימום טורקיז PP בודד,יחידה,1.00,יחידה,false,1,27.90,27.9000,true,1,51889
7290115181500,false,סיגריות אייקוס לגונה,פיליפ מוריס,,הייטס לגונה סוויפט PP בודד,יחידה,1.00,יחידה,false,10,27.90,27.9000,false,1,54526
7290115181531,false,סיגריות אייקוס טיק,פיליפ מוריס,RO,PP טבק היטס טיק חפיסה,יחידה,1.00,יחידה,false,1,27.90,27.9000,true,1,54966
7290115190014,false,סיגריות מרלבורו רד קצר בוקס,פיליפ מוריס,,סיגריות PPמרלבורו רד חפיסה,יחידה,1.00,יחידה,false,1,35.50,35.5000,false,1,51571
7290115190052,false,סיגריות מרלבורו מדיום פלייבור מיקס,פיליפ מוריס,,סיגריות מרלבורו פלייבור מיקסPP חפיסה בוד,יחידה,1.00,יחידה,false,1,35.50,35.5000,false,1,51454
7290115190069,false,סיגריות מרלבורו גולד,פיליפ מוריס,,סיגריות מרלבורו גולד 100פקט,יחידה,1.00,יחידה,false,10,355.00,355.0000,false,1,51898
7290115190076,false,סיגריות מרלבורו גולד ארוך 100 בוקס,פיליפ מוריס,,סיגריות מרלבורו גולד 100בודד,יחידה,1.00,יחידה,false,1,35.50,35.5000,false,1,51899
7290115190090,false,סיגריות מרלבורו גולד קצר בוקס,פיליפ מוריס,,סיגריות מרלבורו גולדPP חפיסה,יחידה,1.00,יחידה,false,1,35.50,35.5000,false,1,51546
7290115190137,false,מלברו עדין פיין טאץ 7.1,פיליפ מוריס,,סיגריות מרלבורו פיין טאץPP חפיסה,יחידה,1.00,יחידה,false,1,31.50,31.5000,false,1,51567
7290115190151,false,סיגריות מרלבורו טאץP,פיליפ מוריס,,סיגריות מרלבורו טאץPP חפיסה,יחידה,1.00,יחידה,false,1,31.50,31.5000,false,1,51559
7290115190175,false,סיגריות פרלמנט (חפיס,פיליפ מוריס,,סיגריות פרלמנט סופר סלימסPP חפיסה בודד,יחידה,1.00,יחידה,false,1,40.40,40.4000,false,1,51450
7290115190199,false,סיגריות פרלמנט (חפיס,פיליפ מוריס,,פרלמנט נייט 100PP חפיסה,יחידה,1.00,יחידה,false,1,40.40,40.4000,false,1,52900
7290115190212,false,סיגריות פרלמנט בלו ארוך,פיליפ מוריס,,סיגריות פרלמנט בלו 100PPחפיסה,יחידה,1.00,יחידה,false,1,40.40,40.4000,false,1,51550
7290115190236,false,סיגריות פרלמנט קצר בלו,פיליפ מוריס,,סיגריות פרלמנט בלוPP חפיסה,יחידה,1.00,יחידה,false,1,40.40,40.4000,false,1,51548
7290115190250,false,סיגריות פרלמנט נייטP,פיליפ מוריס,,סיגריות פרלמנט נייטPP חפיסה בודד,יחידה,1.00,יחידה,false,1,40.40,40.4000,false,1,51456
7290115190274,false,סיגריות פרלמנט סילבר,פיליפ מוריס,,סיגריות פרלמנט סילברPP חפיסה,יחידה,1.00,יחידה,false,1,40.40,40.4000,false,1,51561
7290115190335,false,ל.מ כחול לייבל ארוך,פיליפ מוריס,,ל.מ בלו 100PP חפיסה,יחידה,1.00,יחידה,false,1,31.50,31.5000,false,1,52947
7290115190359,false,סיגריות ל.מ בלוPP חפ,פיליפ מוריס,,סיגריות ל.מ בלוPP חפיסה בודד,יחידה,1.00,יחידה,false,1,31.50,31.5000,false,1,51452
7290115190373,false,סיגריות ל.מ. קפסולהP,פיליפ מוריס,,סיגריות ל.מ. קפסולהPP חפיסה,יחידה,1.00,יחידה,false,1,31.50,31.5000,false,1,51563
7290115190397,false,סיגריות LM רד לייבל קצר,פיליפ מוריס,,ל.מ רדPP חפיסה בודד סיגריות,יחידה,1.00,יחידה,false,1,31.50,31.5000,false,1,51447
7290115190410,false,סיגריות ל.מ סילברPP,פיליפ מוריס,,סיגריות ל.מ סילברPP חפיסה,יחידה,1.00,יחידה,false,1,31.50,31.5000,false,1,51552
7290115190434,false,סיגריות LM לייט וייב סלימס,פיליפ מוריס,IL,סיגריות ל.מ וייבPP חפיסה בודד,יחידה,1.00,יחידה,false,1,31.50,31.5000,false,1,51458
7290115190458,false,סיגריות נקסט אדג בוד,פיליפ מוריס,,סיגריות נקסט אדג בודד,יחידה,1.00,יחידה,false,1,25.50,25.5000,false,1,51828
7290115190472,false,סיגריות נקסט פיין אדג',פיליפ מוריס,,סיגריות נקסט פיין אדגPP חפיסה,יחידה,1.00,יחידה,false,1,25.50,25.5000,false,1,52159
7290115190496,false,סיגריות נקסט פיין 10,פיליפ מוריס,IL,סיגריות נקסט פיין 100PP חפיסה,יחידה,1.00,יחידה,false,1,30.20,30.2000,false,1,52474
7290115190519,false,סיגריות נקסט פיין חפ,פיליפ מוריס,,סיגריות נקסט פיין חפיסה,יחידה,1.00,יחידה,false,1,30.20,30.2000,false,1,51554
7290115190557,false,סיגריות נקסט כחול קצר,פיליפ מוריס,,סיגריות נקסט ריסס קצרPP חפיסה,יחידה,1.00,יחידה,false,1,28.20,28.2000,false,1,51555
7290115190571,false,סיגריות נקסט לילךPP,פיליפ מוריס,,סיגריות נקסט לילךPP חפיסה בודד,יחידה,1.00,יחידה,false,1,30.20,30.2000,false,1,51449
7290115190595,false,סיגריות נקסט אוריגינ,פיליפ מוריס,,סיגריות נקסט אוריגינלPP חפיסה,יחידה,1.00,יחידה,false,1,30.20,30.2000,false,1,51544
7290115190618,false,טבק מרלבורו רדPP חפי,Unknown,,טבק מרלבורו רדPP חפיסה,יחידה,1.00,יחידה,false,1,91.30,91.3000,true,1,52212
7290115190632,false,טבק מלברו גולד (לייט ),פיליפ מוריס,,טבק מרלבורו גולד חפיסה 30 גרם,גרמים,30.00,100 גרם,false,1,91.30,304.3333,false,1,52161
7290115190656,false,טבק נקסט פייןPP חפי,פיליפ מוריס,,טבק נקסט פייןPP חפיסה,יחידה,1.00,יחידה,false,1,87.30,87.3000,true,1,51962
7290115190892,false,סיגריות מרלבורו פיוז,פיליפ מוריס,IL,סיגריות מרלבורו פיוזן קפסולה בודד,יחידה,1.00,יחידה,false,1,27.00,27.0000,false,1,53201
7290115190939,false,אל.אם קפסולות קליק חפיסה,פיליפ מוריס,,סיגריות ל.מ קליק קפסולה בודד,יחידה,1.00,יחידה,false,1,25.00,25.0000,false,1,54012
7290115190960,false,מרלברו טאץ אדום פאקט,פיליפ מוריס,TR,מרלבורו טאץ אדום פאקט,יחידה,10.00,יחידה,false,10,315.00,31.5000,false,1,55466
7290115190977,false,מרלבורו טאצ אדום בוד,פיליפ מוריס,TR,מרלבורו טאץ אדום חפיסה,יחידה,20.00,יחידה,false,1,31.50,1.5750,false,1,55465
7290115191035,false,מרלבורו סאמר ספלאש ח,פיליפ מוריס,RS,מרלבורו סאמר ספלאש חפיסה בודד,יחידה,1.00,יחידה,false,1,29.00,29.0000,false,1,55120
7290115191073,false,סיגריות נקסט(בודד) ר,פיליפ מוריס,RS,נקסט ריץ ריסס חפיסה,יחידה,1.00,יחידה,false,1,26.00,26.0000,true,1,56208
7290115200003,false,פתי בר פינוקי וניל 220 גר' אסם,תאי פרזידנט פוד פאבל,PL,אסם פתי בר פינוקי וניל 220 גרם,גרמים,220.00,100 גרם,false,1,13.90,6.3182,true,1,50975
7290115200676,false,עוגיות קרמוגית במילוי קרם בטעם קרמל מלוח,היינץ צפון אמריקה מק,IL,קרמוגית קרמל מלוח200 גרם,גרמים,200.00,100 גרם,false,1,14.50,7.2500,true,1,52410
7290115201451,false,טבעול גורמה לביבות בטטה 455 גר',טבעול (מקבוצת אסם הש,IL,טבעול גורמה לביבות בטטה קארי 455גרם,גרמים,455.00,100 גרם,false,1,34.90,7.6703,true,1,55481
7290115201475,false,טבעול גורמה לביבות כרישה 434 גר',טבעול (מקבוצת אסם הש,IL,טבעול גורמה לביבות כרישה 434גרם,גרמים,455.00,100 גרם,false,1,34.90,7.6703,true,1,55482
7290115201550,false,ביסלי קרנבל מיקס 150 ג' אסם,פרו מן יו פתרונות אר,IL,ביסלי קרנבל מיקס 24*150גרם,גרמים,150.00,100 גרם,false,1,11.50,7.6667,true,1,51460
7290115201703,false,ביסלי בטעם ברביקיו 200 ג' אסם,מיוצר עי קונדיטוריית,IL,בסלי ברביקיו 200גרם,גרמים,200.00,100 גרם,false,1,10.90,5.4500,true,1,51782
7290115201727,false,ביסלי בטעם בצל 200 ג' אסם,מיוצר עי קונדיטוריית,IL,בסלי בצל 200גרם,גרמים,200.00,100 גרם,false,1,10.90,5.4500,true,1,51781
7290115202236,false,טבעול טופו קראנצים 470 גר',עיצובים 2020 (4.8),IL,טבעול טופו קרנצים 470גרם,גרמים,470.00,100 גרם,false,1,31.90,6.7872,true,1,53531
7290115202939,false,מנה חמה רייס נודלס עוף פטריות 50 ג' אסם,מיוצר עי קונדיטוריית,TH,מנה חמה רייס נודלס עוף פטריות 50 גרם,גרמים,50.00,100 גרם,false,1,9.90,19.8000,true,1,54081
7290115202953,false,אוסם - מנה חמה רייס נודלס קארי צהוב 55 גרם,מיוצר עי קונדיטוריית,TH,מנה חמה רייס נודלס קארי צהוב 55 גרם,גרמים,50.00,100 גרם,false,1,9.90,19.8000,true,1,54094
7290115203134,false,פופקו פופקורן במבה - פופקורן בציפוי קרמל ובוטנים,"אסם השקעות בע""מ",IL,פופקו פופקורן במבה 80 גרם,גרמים,80.00,100 גרם,false,1,5.90,7.3750,true,1,53122
7290115203172,false,במבה PRO מכיל 18 גרם חלבון בשקית,"אסם השקעות בע""מ",IL,במבה פרו 80גרם,גרמים,80.00,100 גרם,false,1,6.90,8.6250,true,1,55621
7290115203486,false,פירורית בטעם ביסלי גריל אסם 200 גר',קיבוץ עינת,IL,פירורית בטעם ביסלי גריל אסם 200 גרם,גרמים,200.00,100 גרם,false,1,6.90,3.4500,true,1,53525
7290115204056,false,אסם קטשופ מופחת סוכר 690 גר',קריות זול,IL,אסם קטשופ פחות 56% סוכר 690 גרם,גרמים,690.00,100 גרם,false,1,11.90,1.7246,true,1,52435
7290115204612,false,ערגליות מיקס שוקותות,Unknown,IL,ערגליות מיקס שוקותות 12 300 גרם,גרמים,300.00,100 גרם,false,1,12.90,4.3000,true,1,52940
7290115204698,false,בייגלה שטוחים שומשום,"אסם השקעות בע""מ",IL,אסם בייגלה שטוחים שומשום בטעם ביסלי 300,גרמים,300.00,100 גרם,false,1,11.90,3.9667,true,1,53486
7290115205022,false,אוסם - שקדי מרק מקלונים 350 גרם,אסם,IL,שקדי מרק מקלונים אסם 350 גרם,גרמים,350.00,100 גרם,false,1,14.90,4.2571,true,1,53728
7290115205176,false,פיטנס - קרקר דק כפרי פיטנס 140 גרם,נסטלה Nestle,IL,פיטנס קרקר דק כפרי 150 גרם,גרמים,150.00,100 גרם,false,1,13.90,9.2667,true,1,54530
7290115205312,false,קרקר פיטנס דק עם זיתי קלמטה ועשבי תיבול,"אסם השקעות בע""מ",IL,קרקר דק פיטנס זיתים 140 גרם,גרמים,140.00,100 גרם,false,1,13.90,9.9286,true,1,54970
7290115205978,false,פתיבר ואצבעות שוקולד 180 גרם - רבנות,"ד""ר ג'רארד בע""מ",PL,אסם פתי בר אצבעות שוקולד 180גרם,גרמים,180.00,100 גרם,false,1,13.90,7.7222,true,1,54687
7290115206135,false,טבעול גורמה ארוחת קינואה,טבעול (מקבוצת אסם הש,IL,טבעול גורמה ארוחת קינואה 450 גרם,גרמים,450.00,100 גרם,false,1,34.90,7.7556,true,1,54619
7290115206531,false,אסם קרמוגית במילוי קרם בייגלה 12*200 גרם,אסם-נסטלה,IL,אסם קרמוגית בייגלה 200 גרם,גרמים,200.00,100 גרם,false,1,14.50,7.2500,true,1,53964
7290115206852,false,ביסלי צ'יזי סטיקס חדש 70 ג אסם,Unknown,IL,ביסלי ציזי סטיקס חדש 24 70גרם,גרמים,70.00,100 גרם,false,1,5.90,8.4286,true,1,55568
7290115207347,false,פודינג פירות יער 80 גרם,"אסם השקעות בע""מ",IL,אינסטנט פודינג פירות יער 80גרם,גרמים,80.00,100 גרם,false,1,5.90,7.3750,true,1,55012
7290115207484,false,צבר חציל על האש היתר 6*400גרם.,ג'נרל מילס סאן אדריא,IL,צבר חציל על האש 400גרם,גרמים,360.00,100 גרם,false,1,18.90,5.2500,true,1,54485
7290115207507,false,צבר סלט טורקי 6*360גרם,מפעל צבר,IL,צבר סלט טורקי 360גרם,גרמים,360.00,100 גרם,false,1,18.90,5.2500,true,1,54483
7290115207941,false,סירופ אננס 1 ל' ויטמינצ'יק,בית-השיטה עסיס תעשיו,IL,סירופ ויטמינציק אננס 1 ליטר,ליטרים,1.00,ליטר,false,1,23.90,23.9000,true,1,54570
7290115208009,false,סירופ ענבים 1ל' ויטמינצ'יק,בית-השיטה עסיס תעשיו,IL,סירופ ויטמינציק ענבים 1 ליטר,ליטרים,1.00,ליטר,false,1,23.90,23.9000,true,1,54572
7290115208047,false,סירופ פטל 1 ל' ויטמינצ'יק,בית-השיטה עסיס תעשיו,IL,סירופ ויטמינציק פטל 1 ליטר,ליטרים,1.00,ליטר,false,1,23.90,23.9000,true,1,54571
7290115208320,false,אפרופו חטיף בטעם ביסלי בצל 50 גרם,"אסם השקעות בע""מ",IL,אפרופו בטעם ביסלי בצל 50גרם,גרמים,50.00,100 גרם,false,1,5.90,11.8000,true,1,56161
7290115208597,false,אסם קרמוגית מיניס קרמל מלוח 200 גרם,"אסם השקעות בע""מ",IL,אסם קרמוגית מיניס קרמל מלוח 200 גרם,גרמים,200.00,100 גרם,false,1,14.50,7.2500,true,1,55566
7290115208849,false,"מנה חמה פסטה מוקרמת ט.עוף בד""צ 55גר",קריות זול,IL,מנה חמה פירה עם בטטה 51 גרם,גרמים,51.00,100 גרם,false,1,7.90,15.4902,true,1,56144
7290115209174,false,במבה אורירית קלאסי 60 גר',אסם השקעות בעמ,IL,במבה אורירית 60גרם,גרמים,60.00,100 גרם,false,1,4.90,8.1667,true,1,55622
7290115209358,false,במבה במילוי קרם בטעם בראוניז,"אסם השקעות בע""מ",IL,במבה במילוי בראוניז 60גרם,גרמים,60.00,100 גרם,false,1,5.90,9.8333,true,1,56158
7290115252491,false,פאי שקדים 400גרם,פתפותים,IL,פאי שקדים 400גרם,גרמים,400.00,100 גרם,false,1,44.90,11.2250,true,1,53109
7290115252552,false,פאי אגוזים טבעוני 40,פתפותים,IL,פאי אגוזים טבעוני 400גרם,גרמים,400.00,100 גרם,false,1,44.90,11.2250,true,1,53111
7290115671339,false,מיני פינוקיות בראוניז בייגל בוטן עלית 180 ג' עלית,הגביע מוצרי ופלים בע,IL,מיני פינוקיות בראוניז בייגל בוטן 180 ג,גרמים,180.00,100 גרם,false,1,11.90,6.6111,true,1,53468
7290115671346,false,מיני פינוקיות טופי קרמל מלוח 180 ג' עלית,הגביע מוצרי ופלים בע,IL,מיני פינוקיות טופי קרמל מלוח 180 ג,גרמים,180.00,100 גרם,false,1,11.90,6.6111,true,1,53469
7290115673203,false,חטיף שקדים ושוקולד מריר ריל 35 ג',ואמואליס פודס אס.,GR,ריל חטיף שקדים ושוקולד מריר,גרמים,35.00,100 גרם,false,1,6.90,19.7143,true,1,53137
7290115674743,false,פיתה ציפס מלח ים 170 גר,"אלאדין בייקרס בע""מ",US,פיתה BREADZ מלח ים 170 גרם,גרמים,170.00,100 גרם,false,1,14.90,8.7647,true,1,54336
7290115675696,false,דגני בוקר קראנצ'ים שיבולת שועל עם אגוזים ושקדים,גלידות שטראוס,IL,קוואקר אגוזים 375 גרם Cruesli,גרמים,375.00,100 גרם,false,1,24.90,6.6400,true,1,53358
7290115675702,false,דגני בוקר קראנצ'ים שיבולת שועל עם פירות מיובשים,גלידות שטראוס,IL,קוואקר פירות 375 גרם Cruesli,גרמים,375.00,100 גרם,false,1,24.90,6.6400,true,1,53359
7290115675986,false,יוגורט עם אגוזי לוז ושקדים בקרמל מלוח 4.5%,"שטראוס בריאות בע""מ",IL,דנונה בר עם אגוזים מקורמלים,גרמים,173.00,100 גרם,false,1,4.90,2.8324,true,1,52206
7290115676082,false,משקה דנונה פרו 20 יוגורט תות 255 ג' רבנות,"שטראוס בריאות בע""מ.",IL,משקה דנונה פרו 20 תות,מיליליטרים,255.00,"100 מ""ל",false,1,7.50,2.9412,true,1,53056
7290115676099,false,משקה דנונה פרו 20 יוגורט וניל 255 ג' רבנות,"שטראוס בריאות בע""מ.",IL,משקה דנונה פרו 20 וניל,מיליליטרים,255.00,"100 מ""ל",false,1,7.50,2.9412,true,1,53055
7290115676693,false,תפוצ'יפס מלח חומץ 50 ג' עלית,"שטראוס פריטו ליי בע""",IL,תפוציפס מלח חומץ 50 גרם,גרמים,50.00,100 גרם,false,1,4.90,9.8000,true,1,55309
7290115677089,false,קונפיטורה תפוח וקינמון יד מרדכי 340 ג',"ב.א מזון בע""מ",IL,קונפיטורה יד מרדכי תפוח וקינמון 340 גר,גרמים,340.00,100 גרם,false,1,15.90,4.6765,true,1,53369
7290115677140,false,"תפוצ'יפס WAVY פפריקה, 200 ג'",שטראוס פריטו ליי בע”,IL,תפוציפס פפריקה 200 גרם wavy,גרמים,200.00,100 גרם,false,1,12.90,6.4500,true,1,56153
7290115677362,false,נודלס טריאקי 350 ג' דלישס,"טרופיקל דגיל בע""מ אז",IL,נודלס טריאקי דלישס 350גרם,גרמים,350.00,100 גרם,false,1,26.90,7.6857,true,1,53866
7290115677409,false,אורז קארי צהוב עם ירקות ברוטב קארי וקרם קוקוס,אוכל ביתי ניר עציון,IL,אורז קארי צהוב דלישס 350גרם,גרמים,350.00,100 גרם,false,1,26.90,7.6857,true,1,54689
7290115677423,false,אורז קארי ירוק חריף 350 ג' דלישס,"טרופיקל דגיל בע""מ אז",IL,אורז קארי ירוק חריף,גרמים,350.00,100 גרם,false,1,26.90,7.6857,true,1,53869
7290115677959,false,ממרח אבוקדו (גוואקמו,שטראוס,IL,גוואקמולי אחלה 220 גרם,גרמים,220.00,100 גרם,false,1,17.90,8.1364,true,1,54127
7290115677966,false,ממרח אבוקדו טעם הטבע,סנטה אירפואטו,MX,ממרח אבוקדו 200 גרם,גרמים,200.00,100 גרם,false,1,19.90,9.9500,true,1,54061
7290115678376,false,מעדן הגולן שוקולד 125 גרם,מיוצר עי קונדיטוריית,IL,מעדן הגולן שוקולד,גרמים,125.00,100 גרם,false,1,3.20,2.5600,true,1,53534
7290115678383,false,מעדן הגולן שוקולד מריר 125 גר,מיוצר עי קונדיטוריית,IL,מעדן הגולן שוקולד מריר 125גרם,גרמים,125.00,100 גרם,false,1,3.20,2.5600,true,1,53506
7290115678642,false,נשנושי גבינה 16% עם חטיף אפוי עם זיתים 67 ג' שטראוס,"מחלבת טבע עז בע""מ",IL,נשנושי גבינה 25% עם חטיף אפוי וזיתים 67,גרמים,67.00,100 גרם,false,1,10.90,16.2687,true,1,54560
7290115679762,false,שייק פירות צהוב דליש,סיבהפרוסט,BE,דלישס שייק פירות צהוב 150 גרם,גרמים,150.00,100 גרם,false,1,22.90,15.2667,true,1,55175
7290115679779,false,שייק פירות אדום דליש,סיבהפרוסט,BE,דלישס שייק פירות אדום 150 גר*2,גרמים,150.00,100 גרם,false,1,22.90,15.2667,true,1,55173
7290115679878,false,פיצה מבצק עם סלק שטר,גסטרונומיה פרוסט אס.,IT,פיצה מבצק עם סלק דלישס 320 גרם,גרמים,320.00,100 גרם,false,1,29.90,9.3437,true,1,53872
7290115679885,false,פיצה מבצק עם כרובית עם רוטב עגבניות ומוצרלה,גסטרונומיה פרוסט אס.,IT,פיצה מבצק עם כרובית 320 גרם,גרמים,320.00,100 גרם,false,1,29.90,9.3437,true,1,53873
7290115679960,false,ציטוס פופקורן טבעי 60 גר',"שטראוס פריטו ליי בע""",IL,צ'יטוס פופקורן בטעם טבעי 60 ג 24 יח,גרמים,60.00,100 גרם,false,1,5.50,9.1667,true,1,53393
7290116530109,false,קליק אוקי נוגט לבן 35גרם,"טחנת האבן תעשיות בע""",IL,קליק חטיף נוגט מצופה שוקולד לבן 35 גרם,גרמים,35.00,100 גרם,false,1,5.90,16.8571,true,1,53268
7290116530161,false,"תחליב רחצה שייק אננס , מלון וחלב פינוק 700 מ""ל",יוניליוור ישראל טיפו,IL,תחליב רחצה פינוק שייק אננס 700 מל,מיליליטרים,700.00,"100 מ""ל",false,1,14.90,2.1286,true,1,53544
7290116530185,false,דגני בוקר דלישקד קרמל מלוח 400 ג' תלמה,יוניליוור שפע ישראל,IL,תלמה דגני בוקר דלישקד קרמל מלוח 400 גרם,גרמים,400.00,100 גרם,false,1,26.90,6.7250,true,1,53679
7290116531069,false,מרק בצל רכיבים טבעיים קטן 225 ג' קנור,יוניליוור ישראל מזון,IL,קנור מרק בצל 100% רכיבים טבעיים 225 גרם,גרמים,235.00,100 גרם,false,1,19.90,8.4681,true,1,54444
7290116531281,false,קליק מיקס 65 גרם,יוניליוור ישראל מזון,IL,קליק קליק מיקס 65 גרם,גרמים,65.00,100 גרם,false,1,7.90,12.1538,true,1,54071
7290116531328,false,קליק בלאק אנד וויט ח,יוניליוור ישראל מזון,IL,קליק חטיף קליק בלאק&וויט בציפוי שוקולד חלב 35 גרם,גרמים,35.00,100 גרם,false,1,5.90,16.8571,true,1,55228
7290116531663,false,"תחליב רחצה בניחוח תפוח 700 מ""ל פינוק",יוניליוור ישראל טיפו,IL,פינוק תחליב רחצה בניחוח תפוח 700 מל,מיליליטרים,700.00,"100 מ""ל",false,1,14.90,2.1286,true,1,53952
7290116531748,false,קליק קוקומן חום&לבן,"דרך השוקולד 1, צפת 1",IL,קליק קליק שוקו מיקס חום לבן כשר לפסח 65 גרם,גרמים,65.00,100 גרם,false,1,7.90,12.1538,true,1,54640
7290116531779,false,בדין - דפים למייבש כביסה כחול 40 יחידות,קריות זול,US,בדין דפי מרכך למייבש כביסה כחול 40 יחידות,יחידה,1.00,יחידה,false,1,21.90,21.9000,true,1,55111
7290116531885,false,הלמנס ממרח טבעוני 500 גרם,יוניליוור ישראל מזון,IL,הלמנס ממרח טבעוני ויגן 500 גרם,גרמים,500.00,100 גרם,false,1,15.90,3.1800,true,1,55683
7290116531939,false,"גלידונית תות שדה 955 מ""ל שטראוס","גלידת שטראוס בע""מ, ר",IL,קרמיסימו גלידונית גלידה בטעם תות שדה 60 יחידות,גרמים,638.00,100 גרם,false,1,52.90,8.2915,true,1,54882
7290116531977,false,"דאו ספריי סקייט וורדים 150 מ""ל אקס",יוניליוור,GB,"דאודורנט ספריי אקס פרש רוז 150 מ""ל",מיליליטרים,150.00,"100 מ""ל",false,1,13.90,9.2667,true,1,56596
7290116532011,false,קליק - חטיף נוגט שוקולד חלב 35 גרם,אזור התעשייה רמת גבר,IL,קליק חטיף נוגט 35 גרם,גרמים,35.00,100 גרם,false,1,5.90,16.8571,true,1,54759
7290116532264,false,מאגדת גודיז פרי אפרסק יוגורט בציפוי 300 ג' שטראוס,"גלידת שטראוס בע""מ, ר",IL,גודיז פרי אפרסק 300 גרם,גרמים,300.00,100 גרם,false,1,27.90,9.3000,true,1,54888
7290116532462,false,גלידת שמנת קליק בטעמי שוקולד בננה 384 ג' שטראוס,"גלידת שטראוס בע""מ, ר",IL,פיינט קליק שוקולד בננה,מיליליטרים,520.00,"100 מ""ל",false,1,26.90,5.1731,true,1,55092
7290116532479,false,קליק גלידת שמנת בטעמי שוקולד לבן עוגיות 384 ג' שטראוס,"גלידת שטראוס בע""מ, ר",IL,"פיינט קליק שוקולד לבן קרם עוגיות 520 מ""ל",מיליליטרים,520.00,"100 מ""ל",false,1,26.90,5.1731,true,1,55091
7290116930015,false,חטיף חלבון GO קרמל ח.בוטנים קריספי 20 גרם חלבון,תנובה,IL,GO חטיף חלבון קרמל מלוח חמאת בוטנים 60ג,גרמים,60.00,100 גרם,false,1,13.90,23.1667,true,1,55167
7290116930022,false,חטיף חלבון GO קרם עוגיות ציפוי קריספי 20 גרם,תנובה,IL,GO חטיף חלבון בטעם קרם עוגיות 60גרם,גרמים,60.00,100 גרם,false,1,13.90,23.1667,true,1,55168
7290116930435,false,יוגורט יופלה GO במרקם סמיך עם דובדבן 0%,תנובה מרכז שיתופי לש,IL,יוגורט גו סמיך 0% דובדבן,גרמים,150.00,100 גרם,false,1,6.50,4.3333,true,1,55013
7290116930459,false,"משקה SHAKE בננה אננס וקוקוס 230 מ""ל יופלה",יופלה Yoplait,IL,SHAKE יופלה בננה אננס וקוקוס 230 מל,מיליליטרים,230.00,"100 מ""ל",false,1,8.90,3.8696,true,1,55341
7290116930466,false,"משקה SHAKE בננה מנגן פסיפלורה והל 230 מ""ל יופלה",יופלה Yoplait,IL,SHAKE יופלה מנגו בננה פסיפלורה והל 230 מ,מיליליטרים,230.00,"100 מ""ל",false,1,8.90,3.8696,true,1,55340
7290116930480,false,"משקה SHAKE בננה קיווי תפוח 230 מ""ל יופלה",יופלה Yoplait,IL,SHAKE יופלה בננה קיווי תפוח 230 מל,מיליליטרים,230.00,"100 מ""ל",false,1,8.90,3.8696,true,1,55339
7290116930589,false,יופלה דיאט בטעם מרנג,"תנובה בע""מ",IL,יופלה דיאט בטעם מרנג לימון 0% 150גרם,גרמים,150.00,100 גרם,false,1,5.50,3.6667,true,1,55579
7290116930626,false,ארוחה בקטנה ציזיקי עם קרקרים 150ג' תנובה,תנובה,IL,ארוחה בקטנה ציזיקי עם קרקרים 150 גרם,גרמים,150.00,100 גרם,false,1,7.90,5.2667,true,1,55584
7290116930640,false,יולו שוקולד חלב עם ש,תנובה בעמ,IL,יולו שוקולד חלב עם שברי בייגלה 120 גרם,גרמים,120.00,100 גרם,false,1,5.50,4.5833,true,1,55343
7290116930657,false,"משקה חלב GO בננה תמר שיבולת שועל 340 מ""ל",תנובה מרכז שיתופי לש,IL,"GO משקה בננה תמר שיבולת שועל 340 מ""ל",מיליליטרים,340.00,"100 מ""ל",false,1,8.50,2.5000,true,1,56195
7290116930701,false,מעדן חלב GO מועשר בחלבון בטעם קרמל מלוח,תנובה מרכז שיתופי לש,IL,GOמעדן חלב בטעם קרמל מלוח 120גרם,גרמים,120.00,100 גרם,false,1,5.20,4.3333,true,1,55342
7290116930718,false,מעדן תנובה דיאט בטעם שוקולד וקרמל מלוח 0% 150ג' תנובה,"תנובה בע""מ",IL,מעדן תנובה דיאט בטעם שוקולד וקרמל מלוח 0%,גרמים,150.00,100 גרם,false,1,4.20,2.8000,true,1,55585
7290116930725,false,סויה BIO קוקוס גביע 150 גרם אלטרנטיב,תנובה בעמ,IL,מעדן סויה BIO קוקוס אלטרנטיב 150 גרם,גרמים,150.00,100 גרם,false,1,4.90,3.2667,true,1,55692
7290116930954,false,יוגורט טעם פאי תפוחים 3% 150 ג' יופלה,"תנובה בע""מ",IL,יוגורט יופלה פאי תפוחים 3% 150 גרם,גרמים,150.00,100 גרם,false,1,5.50,3.6667,true,1,56192
7290116931012,false,יופלה דיאט 0% שומן תפוח וקינמון 150 גרם,תנובה מרכז שיתופי לש,IL,יופלה דיאט 0% תפוח וקינמון 150 גרם,גרמים,150.00,100 גרם,false,1,5.50,3.6667,true,1,56193
7290116931074,false,פרוסות טל העמק 32% 300 גרם,"תנובה בע""מ",IL,גבינה צהובה טל העמק 32% 300 גרם,גרמים,300.00,100 גרם,false,1,25.90,8.6333,true,1,55948
7290116931081,false,מעדן סויה - טופי קרמל 125 גרם אלטרנטיב,תנובה מרכז שיתופי לש,IL,מעדן סויה בטעם טופי קרמל 125 גרם,גרמים,125.00,100 גרם,false,1,4.70,3.7600,true,1,55691
7290116931104,false,יופלה גו במרקם סמיך עם אננס 0% שומן 200ג',תנובה בעמ,IL,יופלה גו במרקם סמיך עם אננס 0% 200גרם,גרמים,200.00,100 גרם,false,1,6.50,3.2500,true,1,55693
7290116931159,false,יופלה דיאט 0% שומן תות בננה 150 גרם,תנובה מרכז שיתופי לש,IL,יופלה דיאט 0% תות בננה 150 גרם,גרמים,150.00,100 גרם,false,1,5.50,3.6667,true,1,56194
7290117261354,false,גבינת ריקוטה 200ג5%שומן,באלבן גידה סנאי,TR,גבינת ריקוטה יורו 200 גרם 5%שומן,גרמים,200.00,100 גרם,false,1,10.90,5.4500,true,1,55250
7290117261378,false,גבינת קשקבל לייט 250 גר 8% שומן,סאסו פטוראגס קומטויס,TR,גבינת קשקבל לייט 8% יורו 250גרם,גרמים,250.00,100 גרם,false,1,16.90,6.7600,true,1,55251
7290117261705,false,חמאת עיזים 200 גר' וילי פוד,באלבן גידה סנאי,TR,חמאת עיזים יורו 200 גרם,גרמים,200.00,100 גרם,false,1,13.90,6.9500,true,1,55249
7290117262290,false,פרלינים אגוזים במילוי פצפוצי דגנים פריכים מצופים שוקולד חלב 50 גרם,מודרן צוקולטה,TR,פרלינים אגוזים במילוי פצפוצי דגנים מצופי,גרמים,50.00,100 גרם,false,1,6.90,13.8000,true,1,56209
7290117262306,false,"קורנפלקס מצופה שוקולד חלב ד, 50 גרם",מודרן צוקולטה,TR,קורנפלקס מצופים שוקולד חלב 50גרם,גרמים,50.00,100 גרם,false,1,6.90,13.8000,true,1,56210
7290117262313,false,פצפוצי דגנים פריכים מצופים שוקולד חלב 50 גרם,מודרן צוקולטה,TR,פצפוצי דגנים פריכים מצופים שוקולד חלב 50,גרמים,50.00,100 גרם,false,1,6.90,13.8000,true,1,56211
7290117262320,false,"ביסקוויט מצופה שוקולד חלב, 40 גרם",מודרן צוקולטה,TR,ביסקוויט מצופה שוקולד חלב 40גרם,גרמים,40.00,100 גרם,false,1,6.90,17.2500,true,1,56212
7290117380154,false,רוטב אסייתי סויה ושו,Remia CV,NL,"רוטב לסלט אסיאתי עם סויה ושומשום, 264 גר",גרמים,264.00,100 גרם,false,1,10.90,4.1288,true,1,55615
7290117380178,false,"סוויט פוף שוקולד חלב, 50 גרם","טחנת האבן תעשיות בע""",IL,סוויט פוף שוקולד חלב 50 גרם,גרמים,50.00,100 גרם,false,1,5.90,11.8000,true,1,56213
7290117380185,false,שוקולד חלב ולבן 50 ג' סוויט פוף,"טחנת האבן תעשיות בע""",IL,סוויט פוף שוקולד חלב ולבן 50 גרם,גרמים,50.00,100 גרם,false,1,5.90,11.8000,true,1,56214
7290117380192,false,פוף קראנצ' בטעם גריל 60 גר',מנה,IL,פוף חטיף קראנץ גריל 60 גרם,גרמים,60.00,100 גרם,false,1,3.90,6.5000,true,1,54501
7290117380215,false,פוף קראנצ' בטעם טאקו 60 גר',מנה,IL,פוף חטיף קראנץ טאקו 60 גרם,גרמים,60.00,100 גרם,false,1,3.90,6.5000,true,1,54503
7290117380864,false,עוגות בראוניס אישיות בטעם שוקולד 120 ג' סלים דליס פייבר,הלמה הלום,NL,סלים דליס עוגות בראוניס אישיות שוקולד 1,גרמים,120.00,100 גרם,false,1,14.90,12.4167,true,1,55208
7290117380871,false,עוגות אישיות בטעם אוכמניות 120 ג' סלים דליס פייבר,הלמה הלום,NL,סלים דליס עוגות בראוניס אישיות אוכמניות 120גרם,גרמים,120.00,100 גרם,false,1,14.90,12.4167,true,1,55209
7290117382318,false,סלים דליס - חטיף חלבון מצופה שוקולד מריר 60 גרם,"י. מרבה ישראל בע""מ",IT,חטיף סלים דליס פרו מצופה שוקולד מריר 6,גרמים,60.00,100 גרם,false,1,13.90,23.1667,true,1,55587
7290117382325,false,סלים דליס - פרו 33 חטיף חלבון מצופה שוקולד חלב 60 גרם,"י. מרבה ישראל בע""מ",IT,חטיף סלים דליס פרו מצופה שוקולד חלב 6,גרמים,60.00,100 גרם,false,1,13.90,23.1667,true,1,55586
7290117382332,false,סלים דליס - חטיף חלבון מצופה שוקולד בטעם עוגיות 60 גרם,"י. מרבה ישראל בע""מ",IT,חטיף סלים דליס פרו מצופה שוקולד עוגיות,גרמים,60.00,100 גרם,false,1,13.90,23.1667,true,1,55588
7290118420378,false,פתיבר פינוקים בטעם תותים בשמנת - חלבי,קריות זול,IL,אסם פתי בר פינוקים תותים בשמנת 220 גרם,גרמים,220.00,100 גרם,false,1,13.90,6.3182,true,1,56157
7290118420514,false,אינסטנט פודינג נוגט 75ג' אסם,"אסם השקעות בע""מ",IL,אינסטנט פודינג נוגט 75גרם,גרמים,75.00,100 גרם,false,1,5.90,7.8667,true,1,56129
7296015029287,false,"אלכוגל ידיים 120 מ""ל",בטה סחה ותעשיות בעמ,IL,"אלכוגל ידיים 120 מ""ל",מיליליטרים,120.00,"100 מ""ל",false,1,10.00,8.3333,true,1,49955
7296021131394,false,סכין מולטי משוננת מ,,,"סכין מולטי 1.5 ס""מ",יחידה,1.00,יחידה,false,1,19.90,19.9000,true,1,50309
7296021133541,false,מצקת נירוסטה ידית שח,KIS CHINA,CN,מצקת נירוסטה ידית שחורה נעמן בייסיק ידי,יחידה,1.00,יחידה,false,1,23.90,23.9000,true,1,50147
7296021133558,false,כף מסננת ידית שחורה,KIS CHINA,CN,כף מסננת ידית שחורה נעמן בייסיק ידית שח,יחידה,1.00,יחידה,false,1,21.90,21.9000,true,1,50145
7296021133565,false,תרווד מחורץ ידית שחו,KIS CHINA,CN,תרווד מחורץ ידית שחורה נעמן בייסיק ידית,יחידה,1.00,יחידה,false,1,16.90,16.9000,true,1,50150
7296021133572,false,כף ספגטי ידית שחורה,,,כף ספגטי ידית שחורה נעמן בייסיק ידית שח,יחידה,1.00,יחידה,false,1,16.90,16.9000,true,1,50151
7296021133596,false,כף בישול ידית שחורה,KIS CHINA,CN,כף בישול ידית שחורה נעמן בייסיק ידית שח,יחידה,1.00,יחידה,false,1,16.90,16.9000,true,1,50148
7296021133749,false,מסננת קטנה ידית שחור,KIS CHINA,CN,מסננת קטנה ידית שחורה נעמן בייסיק ידית,יחידה,1.00,יחידה,false,1,9.90,9.9000,true,1,50144
7296021146435,false,"תבנית קפיץ 26 ס""מ לא",,,"תבנית קפיץ 26 ס""מ לאפיה",יחידה,1.00,יחידה,false,1,35.90,35.9000,true,1,50182
7296021146497,false,תבנית לאפיה מלבן 4*2,,,"תבנית לאפיה מלבן 4*24*34 ס""מ",יחידה,1.00,יחידה,false,1,22.90,22.9000,true,1,50180
7296021166273,false,"קערה אובלית 25*31 ס""",,,"קערה אובלית 25*31 ס""מ פלסטיק",יחידה,1.00,יחידה,false,1,18.90,18.9000,true,1,50638
7296021170645,true,פותחן יין מלצרים תו,,,פותחן יין מלצרים תוכי אביזרי מטבח,יחידה,1.00,יחידה,false,1,15.90,15.9000,true,1,51476
7296021170751,false,מגרדת 4 צדדים,,,מגרדת 4 צדדים,יחידה,1.00,יחידה,false,1,19.90,19.9000,true,1,47323
7296021170836,false,מערוך עץ 30*50 אביז,,,מערוך עץ 30*50 אביזרי מטבח,יחידה,1.00,יחידה,false,1,29.90,29.9000,true,1,50190
7296021171185,false,"מועך תפו""א מתקפל SS",,,"מועך תפו""א מתקפל SS",יחידה,1.00,יחידה,false,1,29.90,29.9000,true,1,52639
7296021180224,false,תבנית סיליקון למאפינ,,,תבנית סיליקון למאפינס 12 שקעים,יחידה,1.00,יחידה,false,1,51.90,51.9000,true,1,50181
7296021191367,false,קרחון עם מכסה (עיגול,,,קרחון עם מכסה,יחידה,1.00,יחידה,false,1,12.90,12.9000,true,1,52860
7296021256950,false,סט מחבת לטיגון 28 +,,,"סט מחבת לטיגון 28 + מחבת לטיגון 22 ס""מ",יחידה,1.00,יחידה,false,1,99.90,99.9000,true,1,52640
7296021273254,false,מארז מגבות 40/60 סמ,,,מארז מגבות 40/60 סמ תכלת כותנה 100%,יחידה,1.00,יחידה,false,1,28.90,28.9000,true,1,55213
7296021273261,false,מארז מגבות 40/60 סמ,,,מארז מגבות 40/60 סמ סגול כותנה 100%,יחידה,1.00,יחידה,false,1,28.90,28.9000,true,1,55214
7296150000028,false,עלי גפן ממולאים באור,אקמר,,עלי גפן ממולאים באורז 425 גרם,גרמים,425.00,100 גרם,false,1,14.90,3.5059,true,1,30032
7297488097995,false,גרנולה דבש ללא גלוטן,תות תעשיות מזון (201,IL,בריאות וטבע גרנולה דבש 250 גרם,גרמים,250.00,100 גרם,false,1,16.90,6.7600,true,1,22938
7297488098015,false,גרנולה קרנץ' עם שוקולד צ'יפס מריר,תות תעשיות מזון (201,IL,גרנולה קרנצי שוקו דגש 250 גרם,גרמים,250.00,100 גרם,false,1,16.90,6.7600,true,1,22939
7297488098152,false,דגש קמח חומוס ללא גל,אף.סי תבליני בגליל ב,IL,דוכן גן שמואל קמח חומוס 500 גרם,גרמים,500.00,100 גרם,false,1,17.90,3.5800,true,1,26738
7297488098282,false,דגש אבקת מרק בטעם עו,אף.סי. תבליני הגליל,IL,בריאות וטבע אבקת מרק בטעם עוף 500 גרם,גרמים,500.00,100 גרם,false,1,21.90,4.3800,true,1,22928
7297488098299,false,קמח טפיוקה ללא גלוטן,אף סי תבליני הגליל ב,IL,דוכן גן שמואל קמח טפיוקה 500 גרם,גרמים,500.00,100 גרם,false,1,10.90,2.1800,true,1,26739
7297488098305,false,קמח שקדים ללא גלוטן,תות תעשיות מזון (201,IL,דוכן גן שמואל קמח שקדים 500 גרם,גרמים,250.00,100 גרם,false,1,28.90,11.5600,true,1,22937
7297488099753,false,עוגיות עם שוקולד וקוקוס,תות תעשיות מזון (201,IL,עוגיות בטעם שוקולד וקוקוס 250 גרם,גרמים,250.00,100 גרם,false,1,29.90,11.9600,true,1,43702
7297488099760,true,עוגיות בטעם חלבה 250,תות תעשיות מזון (201,IL,בריאות וטבע עוגיות מובחרות עם חלווה 250 גרם,גרמים,250.00,100 גרם,false,1,29.90,11.9600,true,1,43736
7297488099777,true,עוגיות בטעם קאשיו 25,תות תעשיות מזון (201,IL,בריאות וטבע עוגיות מובחרות עם קשיו 250 גרם,גרמים,250.00,100 גרם,false,1,29.90,11.9600,true,1,43737
7297488099784,false,עוגיות דגש בטעם קינמ,תות תעשיות מזון (201,IL,בריאות וטבע עוגיות מובחרות עם קינמון 250 גרם,גרמים,250.00,100 גרם,false,1,29.90,11.9600,true,1,43703
7297488099821,false,גרנולה ללא תוספת סוכר לנמנעים מגלוטן,תות תעשיות מזון (201,IL,בריאות וטבע גרנולה 250 גרם,גרמים,250.00,100 גרם,false,1,16.90,6.7600,true,1,43704
7297488099890,false,פרוסות בסגנון קלאסי 9% שומן טבעוני,"טרופיקל דגיל בע""מ אז",IL,משו משו פרוסות בסגנון קלאסי 9% 200 גרם,גרמים,200.00,100 גרם,false,1,20.90,10.4500,true,1,41489
7297488099951,false,גבינה טבעונית מלוחה,"טרופיקל דגיל בע""מ אז",IL,משו משו מלוחה 5% 250 גרם,גרמים,250.00,100 גרם,false,1,20.90,8.3600,true,1,41490
7297488199606,false,פצפוצי אורז תפוח ללא תוספת סוכר ומלח ללא גלוטן,דגש- דוכן גן שמואל,IL,פצפוצי אורז לבן תפוח,גרמים,450.00,100 גרם,false,1,24.90,5.5333,true,1,43701
7297488199682,false,קמח כוסמת ללא גלוטן,תות תעשיות מזון (201,IL,דוכן גן שמואל קמח קינואה 500 גרם,גרמים,500.00,100 גרם,false,1,16.90,3.3800,true,1,43695
7298074501018,false,שפתון בליסטקס קלאסיק,,US,שפתון בליסטקס קלאסיק,יחידה,1.00,יחידה,false,1,9.90,9.9000,true,1,52878
7298074501995,false,בליסטקס הגנה מוגברת,Unknown,,בליסטקס הגנה מוגברת spf50,יחידה,1.00,יחידה,false,1,9.90,9.9000,true,1,48224
7312040017683,false,וודקה אבסולוט בקבוק,חברת אבסולוט,SE,"אבסולוט וודקה, 700 מ''ל",מיליליטרים,700.00,"100 מ""ל",false,1,69.90,9.9857,true,1,21360
7394376123337,false,"משקה שיבולת שועל אורגני אוטלי , 1 ל'",טרנסומס פוד איי.בי,SE,משקה שיבולת שועל אורגני אוטלי 1 ליטר,ליטרים,1.00,ליטר,false,1,15.90,15.9000,true,1,50760
7394376615825,false,"אוטלי משקה שיבולת שועל בתוספת סידן וויטמינים , 1 ל'",אוטלי OATLY,SE,אוטלי משקה שבולת שועל מועשר 1 ליטר,ליטרים,1.00,ליטר,false,1,15.90,15.9000,true,1,50759
7394376615832,false,אוטלי משקה שיבולת שועל בטעם שוקולד 1 ליטר,אוטלי OATLY,SE,משקה שיבולת שועל בטעם שוקולד אוטלי 1 לי,ליטרים,1.00,ליטר,false,1,16.90,16.9000,true,1,50758
7394376616778,false,אוטלי משקה שיבולת שועל להקצפה בריסטה 1 ליטר,אוטלי OATLY,SE,משקה שיבולת שועל  להקצפה בריסטה אוטלי 1,ליטרים,1.00,ליטר,false,1,16.90,16.9000,true,1,50757
7394376620294,false,משקה שיבולת שועל וני,איי אם פי אס איי תעש,NL,משקה שיבולת שועל וניל אוטלי 1 ליטר,ליטרים,1.00,ליטר,false,1,16.90,16.9000,true,1,56079
7441000720599,false,לבבות דקל פח 400 גרם,אינקופלמיטו,EC,שימורי לבבות דקל שלמים(פחית),גרמים,400.00,100 גרם,false,1,14.90,3.7250,true,1,41266
7441000720605,false,לבבות דקל בצנצנת 410,אינקופלמיטו אס. אי,EC,לה קימה שימורי לבבות דקל שלמים 410 גרם,גרמים,410.00,100 גרם,false,1,19.90,4.8537,true,1,41267
7465603183636,false,סיגר פרינסיפס נטורל,,DO,סיגר פרינסיפס נטורל בודד,יחידה,1.00,יחידה,false,1,11.90,11.9000,false,1,55420
7500162900000,false,"בירה סול 330 מ""ל - בודד",היינקן,NL,"סול ח""פ 330 בקבוק בודד",מיליליטרים,330.00,"100 מ""ל",false,1,9.90,3.0000,true,1,50307
7501013101355,false,"נקטר אפרסק ג'ומקס 473 מ""ל",חומקס קומר קומרסאליז,MX,"ג'ומקס אפרסק בקבוק 473 מ""ל תריסר",מיליליטרים,473.00,"100 מ""ל",false,1,9.50,2.0085,true,1,47801
7501013101362,false,"משקה קוקוס אננס ג'ומקס 473 מ""ל",חומקס קומר קומרסאליז,MX,"ג'ומקס קוקוס אננס בקבוק 473 מ""ל תריסר",מיליליטרים,473.00,"100 מ""ל",false,1,9.50,2.0085,true,1,47803
7501013101393,false,"JUMEX מיץ אננס 100% -473מ""ל",חומקס קומר קומרסאליז,MX,"ג'ומקס אננס  בקבוק 473 מ""ל תריסר",מיליליטרים,473.00,"100 מ""ל",false,1,9.50,2.0085,true,1,47800
7501013122039,false,ג'ומקס מיץ מנגו קרטונית ליטר תריסר,חומקס קומר קומרסאליז,MX,ג'ומקס מנגו קרטונית ליטר תריסר,ליטרים,1.00,ליטר,false,1,12.90,12.9000,true,1,47797
7501013122053,false,ג'ומקס מיץ אפרסק קרטונית ליטר תריסר,חומקס קומר קומרסאליז,MX,ג'ומקס אפרסק קרטונית ליטר תריסר,ליטרים,1.00,ליטר,false,1,12.90,12.9000,true,1,47796
7501013122114,false,"נקטר משקה אננס בקרטונית ג'ומקס, 1 ל'",חומקס קומר קומרסאליז,MX,ג'ומקס אננס קרטונית ליטר תריסר,ליטרים,1.00,ליטר,false,1,12.90,12.9000,true,1,47795
7501013122190,false,ג'ומקס מיץ תפוחים קרטונית ליטר תריסר,חומקס קומר קומרסאליז,MX,ג'ומקס תפוחים קרטונית ליטר תריסר,ליטרים,1.00,ליטר,false,1,12.90,12.9000,true,1,47799
7501013122992,false,ג'ומקס מיץ קוקוס אננס קרטונית ליטר תריסר,חומקס קומר קומרסאליז,MX,ג'ומקס קוקוס אננס קרטונית ליטר תריסר,ליטרים,1.00,ליטר,false,1,12.90,12.9000,true,1,47798
7501049936945,false,"שישיית בירה סול 330 מ""ל",היינקן,NL,"בירה סול שישייה (6X330 מ""ל)",ליטרים,1.98,ליטר,false,1,39.90,20.1515,true,1,50306
7501064191398,false,שישיית בירה קורונה אקסטרא *355 מל,קריניציה ויטמינה אס,MX,בשישיית בירה קורונה אקסטרה 2.13 ל',ליטרים,2.13,ליטר,false,6,44.90,21.0798,true,1,46889
7501064196690,false,פחית בירה קורונה 355,סרבסריה מידלו,MX,"פחית בירה קורונה 355 מ""ל",מיליליטרים,355.00,"100 מ""ל",false,1,12.90,3.6338,true,1,49588
7503012779306,false,סירופ אגבה כחולה אורגני,נוטריגבאס דה מקסיקו,MX,נטור פוד סירופ אגבה כחולה אורגני 330 גרם,גרמים,330.00,100 גרם,false,1,22.90,6.9394,true,1,22932
7503012779405,false,סירופ אגבה כחולה נטו,נוטריאגבס דה מקסיקו,MX,סירופ אגבה כחולה אורגני 660 גרם,גרמים,660.00,100 גרם,false,1,34.90,5.2879,true,1,42075
7509546061160,false,"משחת שיניים לילדים מיניונים 2-5 75 מ""ל קולגייט",CP UK,MX,"משחת שיניים לילדים מיניונים 75 מ""ל",מיליליטרים,75.00,"100 מ""ל",false,1,16.90,22.5333,true,1,53751
7509546663265,false,קולגייט זירו משחת שיניים מנטה עדינה 98 מ,CP UK,MX,"קולגייט זירו משחת שיניים נענע 98 מ""ל",מיליליטרים,98.00,"100 מ""ל",false,1,35.90,36.6327,true,1,52338
7509546678702,false,קולגייט משחת שיניים טוטל אנטי טרטר 100 מ,קולגייט-פלמוליב,BR,קולגייט משחת שיניים טוטאל אנטי טרטר 100,מיליליטרים,100.00,"100 מ""ל",false,1,18.90,18.9000,true,1,55603
7610100034084,false,מיונז טומי בשפורפרת,נסטלה שוויץ ס.א,US,טומי מיונז אמיתי מביצי חופש 265 גרם,גרמים,265.00,100 גרם,false,1,16.90,6.3774,true,1,41719
7610113000175,false,"בקרדי מוחיטו 700 מ""ל",בקרדי מרטיני,DE,בקרדי מוחיטו 700מל,מיליליטרים,700.00,"100 מ""ל",false,1,79.90,11.4143,true,1,46693
7610113011652,false,"בקרדי בריזר תפוח 275 מ""ל בקבוק",בקרדי בריזר Bacardi Breezer,BE,"בריזר - משקה כוהלי מוגז בטעם תפוח 275 מ""ל",מיליליטרים,275.00,"100 מ""ל",false,1,16.90,6.1455,true,1,50678
7610113013250,false,בקרדי מוחיטו פחית 250 מל,בקרדי מרטיני,BE,פחית בקרדי מוחיטו 250 מל,מיליליטרים,250.00,"100 מ""ל",false,1,16.90,6.7600,true,1,53271
7610243004463,false,"דורגול - מרסס להסרת אבנית במקלחון 600 מ""ל",יעקבי- דורגול Durgol,CH,"מסיר אבן דורגול מרסס 500 מ""ל",מיליליטרים,500.00,"100 מ""ל",false,1,25.90,5.1800,true,1,25687
7610400014649,false,שוקולד חלב במילוי קרם רך,לינדט ושפרונגלי,CH,שוקולד לינדור חלב 100 גרם,גרמים,100.00,100 גרם,false,1,16.90,16.9000,true,1,1674
7610400068505,false,בונבוניירת לינדור Lindor שוקולד חלב,לינדט ושפרונגלי,CH,בונבוניירה לינדור מילק 200 גרם,גרמים,200.00,100 גרם,false,1,35.50,17.7500,true,1,17368
7610400068529,false,בונבוניירת לינדור Lindor מעורבב,לינדט ושפרונגלי,CH,בונבוניירה לינדור קורנה 200 גרם,גרמים,200.00,100 גרם,false,1,35.50,17.7500,true,1,26186
7610400074155,false,שוקולד מריר במילוי קרם,"לינדט ושפרונגלי, CH-",CH,שוקולד לינדור מריר 60% 100 גרם,גרמים,100.00,100 גרם,false,1,16.90,16.9000,true,1,15947
7610400075770,false,שוקולד מריר עם אגוזי לוז שלמים,לינדט ושפרונגלי,CH,לינדט לגרנד דארק הזלנט 150 גרם,גרמים,150.00,100 גרם,false,1,24.90,16.6000,true,1,46428
7610400075787,false,שוקולד חלב עם אגוזי לוז שלמים,"לינדט ושפרונגלי, קיל",CH,לינדט לגרנד מילק הזלנט 150 גרם,גרמים,150.00,100 גרם,false,1,24.90,16.6000,true,1,46425
7610400091060,false,שוקולד מריר לינדט אקסלנס בתוספת תפוז ושקדים,לינדט ושפרונגלי,,שוקולד לינדט אקסלנס תפוז 100 גרם,גרמים,100.00,100 גרם,false,1,16.90,16.9000,true,1,50399
7610700012642,false,ריקולה לימון מנטה שקית 70,ריקולה,CH,ריקולה שקית בטעם לימון 70גרם,גרמים,70.00,100 גרם,false,1,15.90,22.7143,true,1,54973
7613030979647,false,דגני בוקר טריקס פירות עולם היורה 480 ג',ג'נרל מילס סאן אדריא,IL,טריקס 12*480גרם 2018,גרמים,480.00,100 גרם,false,1,27.90,5.8125,true,1,43449
7613032045753,false,פיטנס - דגני בוקר שוקולד 375 גרם,נסטלה צרפת איטנקורט,FR,פיטנס שוקולד 16*375גרם 2017,גרמים,375.00,100 גרם,false,1,22.90,6.1067,true,1,12562
7613033548192,false,פיטנס - דגני בוקר שוקולד מריר 375 גרם,נסטלה צרפת איטנקורט,FR,פיטנס שוקולד מריר 16*375גרם 2017,גרמים,375.00,100 גרם,false,1,22.90,6.1067,true,1,19078
7613033635571,false,פורינה וואן - חתול סטרילייז סלמון 800 גרם,נסטלה פורינה צרפת,FR,ONE חתול סטרילייז סלמון800גרם,גרמים,800.00,100 גרם,false,1,37.90,4.7375,true,1,48163
7613034146656,false,פורינה ONE מיני בוגר בקר 1.5קג,פורינה,US,ONE מיני אקטיב בקר 1.5קג,קילוגרמים,1.50,"ק""ג",false,1,54.90,36.6000,true,1,48168
7613035614482,false,מזון לגור חתולים בטעם עוף פורינה ONE,פורינה Purina,US,ONE חתול גור800גרם,גרמים,800.00,100 גרם,false,1,37.90,4.7375,true,1,48160
7613035619050,false,קרחון חמשושים מפלצות 5 יח',שוורצקוף& הנקל דיסלד,ES,חמשושים מפלצות 18*75מל,גרמים,80.00,100 גרם,false,1,9.90,12.3750,true,1,28553
7613035622623,false,פיטנס - גרנולה שקדים ודבש 300 גרם,שוורצקוף& הנקל דיסלד,LT,פיטנס גרנולה שקדים ודבש 300 גרם,גרמים,300.00,100 גרם,false,1,15.90,5.3000,true,1,28307
7613035635845,false,פיטנס גרנולה שוקולד 14*300 גרם,שוורצקוף& הנקל דיסלד,LT,גרנולה פיטנס שוקולד 300 גרם,גרמים,300.00,100 גרם,false,1,15.90,5.3000,true,1,28308
7613035758834,false,גרנולה חומציות 300 ג' פיטנס,שוורצקוף& הנקל דיסלד,LT,פיטנס גרנולה חמוציות 14*300גרם,גרמים,300.00,100 גרם,false,1,15.90,5.3000,true,1,29317
7613036105545,false,דוגלי בטעם בקר גזע ק,נסטלה פורינה באק הונ,HU,דוגלי גזע קטן 3 קג,קילוגרמים,3.00,"ק""ג",false,1,59.90,19.9667,true,1,46504
7613036105576,false,דוגלי עוף לכלבים בוגרים,נסטלה פורינה פטקר הו,HU,דוגלי בוגר עוף 4*3 קג N2,קילוגרמים,3.00,"ק""ג",false,1,59.90,19.9667,true,1,42664
7613036105606,false,דוגלי בקר לכלבים בוגרים,נסטלה פורינה פטקר הו,HU,דוגלי בוגר בקר 3 קג,קילוגרמים,3.00,"ק""ג",false,1,59.90,19.9667,true,1,42665
7613036120395,false,"פורינה ONE כלב מידמקסי בקר 2.5 ק""ג",נסטלה פורינה איטליה,IT,פורינה ONE כלב מידמקסי בקר 4*2.5קג,קילוגרמים,2.50,"ק""ג",false,1,89.90,35.9600,true,1,48170
7613036387798,false,פיטנס דגנים מלאים ואורז פתיתים ויוגורט 350ג',נסטלה צרפת איטנקורט,FR,דגני פיטנס יוגורט 350 גרם,גרמים,350.00,100 גרם,false,1,22.90,6.5429,true,1,42555
7613036576734,false,קרטיב חמשושים חדש נסטלה 60 גר,פרונרי איבריה ס.ל,ES,נסטלה חמשושים חדש 18*60גרם,גרמים,60.00,100 גרם,false,1,9.90,16.5000,true,1,45111
7613036880534,false,גרבר מחית ירקות מעורבים מטרנה 190 גר',נסטלה פולסקה אס.איי,PL,גרבר מחית מרק ירקות מעורבים 12*190גרם,גרמים,190.00,100 גרם,false,1,7.90,4.1579,true,1,49602
7613037012200,false,גרבר - מחית תפוח מנגו גזר פאוץ 90 גרם,כלורוקס אוקלנד,ES,גרבר מחית תפוח מנגו גזר פאוץ 16*90גרם,גרמים,90.00,100 גרם,false,1,6.90,7.6667,true,1,51865
7613037276091,false,נסטלה מיקס מיני אריזות דגני בוקר 200 ג',נסטלה Nestle,FR,נסטלה מיקס מיני אריזות דגני בוקר *200גרם,גרמים,200.00,100 גרם,false,1,20.90,10.4500,true,1,47137
7613037686906,false,פיטנס - דגני בוקר שקדים ודבש 355 גרם,נסטלה צרפת איטנקורט,FR,פיטנס שקדים ודבש 14*355גרם,גרמים,355.00,100 גרם,false,1,22.90,6.4507,true,1,49631
7613037811629,false,דגני בוקר קורנפלקס גו פרי 500 גר',שוורצקוף& הנקל דיסלד,IL,גו פרי קורנפלקס 7*500גרם,גרמים,500.00,100 גרם,false,1,15.90,3.1800,true,1,51409
7613038268262,false,דגני בוקר צ'יריוס דבש ושקדים במתיקות מעודנת,נסטלה פולין דגני בוק,FR,דגני האני נאט ציריוס מופחת סוכר 410ג N9L,גרמים,410.00,100 גרם,false,1,21.90,5.3415,true,1,49547
7613039547731,false,גרבר - מחית תפוח משמש פאוץ 90 גרם,כלורוקס אוקלנד,IL,"גרבר מחית תפוח משמש פאוץ, 90 גרם",גרמים,90.00,100 גרם,false,1,6.90,7.6667,true,1,53488
7613039770450,false,סנסשיונל בורגר טבעול 226 ג',ג'נרל מילס סאן אדריא,IL,בורגר טבעול סנסשיונל 226גרם,גרמים,226.00,100 גרם,false,1,36.90,16.3274,true,1,51611
7613039771174,false,טחון צמחוני סנסשיונל מינס,ג'נרל מילס סאן אדריא,IL,טבעול סנשיונל טחון צמחוני 400גרם,גרמים,400.00,100 גרם,false,1,36.90,9.2250,true,1,51612
7613287181411,false,מחית סלט פירות ויטמינצ'יק 110 ג',"טרופיקל דגיל בע""מ אז",IL,"ויטמינציק סלט פירות, 110 גרם",גרמים,110.00,100 גרם,false,1,6.90,6.2727,true,1,53485
7613287182326,false,מחית בננה תפוח ויטמינצ'יק 110 ג',"נסטלה ספרד ס.א, מפעל",ES,ויטמינציק פאוץ בננה תפוח כשלפ 110 גרם,גרמים,110.00,100 גרם,false,1,6.90,6.2727,true,1,53482
7613287182425,false,מחית בננה תפוח ותות ויטמינצ'יק 110 ג',"טרופיקל דגיל בע""מ אז",IL,"ויטמינציק תפוח בננה ותות, 110 גרם",גרמים,110.00,100 גרם,false,1,6.90,6.2727,true,1,53483
7613287182456,false,מחית אגס תפוח בננה ויטמינצ'יק 110 ג',"נסטלה ספרד ס.א, מפעל",ES,ויטמינציק פאוץ אגס תפוח ובננה כשלפ 110 ג,גרמים,110.00,100 גרם,false,1,6.90,6.2727,true,1,53484
7613287476678,false,דגני בוקר סינימיניס צ'ורוס נסטלה 360 ג',נסטלה אוונקה,PT,סינימיניס צורוס 360גרם,גרמים,360.00,100 גרם,false,1,27.90,7.7500,true,1,53397
7613287821348,false,נתחוני עוף טבעוני סנסשיונל טבעול 350 ג',ג'נרל מילס סאן אדריא,CZ,נתחוני עוף טבעוני סנסשיונל 350גרם,גרמים,350.00,100 גרם,false,1,36.90,10.5429,true,1,53672
7616500553460,false,שוקולד פריי מהודר מריר תפוז 100 ג',פריי,CH,פריי שוקולד מריר תפוז 100 גרם,גרמים,100.00,100 גרם,false,1,11.90,11.9000,true,1,47451
7616500553484,false,שוקולד פריי מהודר מריר 78% 100גר,פריי,CH,פריי שוקולד מריר 78% 100 גרם,גרמים,100.00,100 גרם,false,1,11.90,11.9000,true,1,47445
7616500630161,false,פריי שוקולד מריר 85% קקאו 100גר,פריי,CH,פריי שוקולד מריר 85% 100 גרם,גרמים,100.00,100 גרם,false,1,11.90,11.9000,true,1,47448
7616500646087,false,שוקולד פריי חלב עם שבבי אגוזים 100ג,פריי,CH,פריי שוקולד עם שברי אגוזים 100 גרם,גרמים,100.00,100 גרם,false,1,11.90,11.9000,true,1,47458
7616500647251,false,פריי 180 ג אגוזים,פריי,CH,פריי שוקולד חלב אגוז 180 גרם,גרמים,180.00,100 גרם,false,1,19.90,11.0556,true,1,47474
7616500647268,false,פריי מריר אגוזים 180,פריי,CH,פריי שוקולד מריר אגוז 180 גרם,גרמים,180.00,100 גרם,false,1,19.90,11.0556,true,1,47545
7616500666092,false,פריי חלב פיסטוק 200,פריי,CH,פריי חלב פיסטוק 200 גרם,גרמים,200.00,100 גרם,false,1,19.90,9.9500,true,1,55231
7622010001858,false,עוגיות אוראו ממולאות קרם וניל 176 ג',פי אר ג'יי אס אי מנד,UA,עוגיות אוראו ממולאות קרם וניל 176 גרם,גרמים,176.00,100 גרם,false,1,10.90,6.1932,true,1,27924
7622201120931,false,מילקה שוקולד אוראו ל,מונדלז אוקראינה,HU,מילקה אוראו לבן 100 גרם,גרמים,100.00,100 גרם,false,1,7.90,7.9000,true,1,54727
7622201127206,false,מילקה ממרח אגוזי לוז 350 ג',"נטרה מלה אנ.וי,",BE,ממרח שוקולד מילקה 350 גרם,גרמים,350.00,100 גרם,false,1,19.90,5.6857,true,1,53169
7622201137052,false,אוראו מיני קוקיס - עוגיות שוקולד צ'יפס ותחתית מצופה שוקולד חלב,מונדלז אספנה גלטאס פ,ES,מילקה מיני קוקיז 110 גרם,גרמים,110.00,100 גרם,false,1,9.90,9.0000,true,1,52605
7622201401900,false,עוגיות מילקה סנסיישן אוראו 156 גר',מונדלז פולסקה פרודקש,PL,עוגיות מילקה סנסיישן אוראו 156 גרם,גרמים,156.00,100 גרם,false,1,12.90,8.2692,true,1,51725
7622201502515,false,מילקה - עוגיות קוקי לופ 132 גרם,גיורי קייקס קייאפטי,HU,מילקה קוקי לופ 132 גרם,גרמים,132.00,100 גרם,false,1,12.90,9.7727,true,1,54075
7622201801809,false,שוקלד מילקה טבלת חלב ואגוזים 100ג',מנדלז דויצ'לנד סנקס,DE,מילקה- שוק' חלב עם אגוזים 100 גרם,גרמים,100.00,100 גרם,false,1,7.90,7.9000,true,1,53299
7622201802394,false,שוקולד מילקה טבלה חלב 100 ג',מנדלז דויצ'לנד סנקס,DE,מילקה חלב מסרונים 100 גרם,גרמים,100.00,100 גרם,false,1,7.90,7.9000,true,1,53297
7622201808631,false,מיני עוגיות אוראו במילוי קרם בטעם וניל,פי.טי. מונדלז אינדונ,ID,אוראו מיני כוסות בטעם וניל 67 גרם,גרמים,67.00,100 גרם,false,1,7.90,11.7910,true,1,53301
7622201809188,false,עוגיות מילקה ביסקווי,מונדלז פרנס ביסקוויט,FR,מילקה ביסקויט 150 גרם,גרמים,150.00,100 גרם,false,1,12.90,8.6000,true,1,52562
7622201813390,false,וופל במילוי קרם קקאו בציפוי שוקולד חלב,מונדליז סי.אר. ביסקו,,מילקה וואפל במילוי קרם קקאו 150 גרם,גרמים,150.00,100 גרם,false,1,12.90,8.6000,true,1,52561
7622210163899,false,שוקולד חלב במילוי סוכריות עדשים,מונדלז דויצ'לנד סנקס,DE,מילקה שוקולד חלב עם עדשים 100 גרם,גרמים,100.00,100 גרם,false,1,7.90,7.9000,true,1,46048
7622210453327,false,עוגיות שוקוצ'יפס במילוי שוקולד סנסיישן,מנדלז פולסקה פרודקשן,PL,עוגיות מילקה סנסיישן 156 גרם,גרמים,156.00,100 גרם,false,1,18.90,12.1154,true,1,55161
7622210597915,false,פרלינים לבבות שוקולד חלב ממולא קרם נוגט,מונדלז בולגריה פרודק,BG,מילקה לבבות פרלינים 110 גרם,גרמים,110.00,100 גרם,false,1,12.90,11.7273,true,1,50811
7622210637994,false,מיני עוגיות אוראו קראנצ'י בייטס אורגינל,מונדלז אספניה ג'לאטס,ES,אוראו קראנצי בייטס 110 גרם,גרמים,110.00,100 גרם,false,1,9.90,9.0000,true,1,52283
7622210638021,false,מיני עוגיות אוראו קראנצ'י בייטס מצופים,מונדלז אספניה ג'לאטס,ES,אוראו קראנצ'י בייטס מצופים 110 גרם,גרמים,110.00,100 גרם,false,1,9.90,9.0000,true,1,52284
7622210826053,false,שוקולד מילקה אוראו סנדוויץ 92 גר',גיאורי קאקסז קייאףטי,HU,שוקולד מילקה אוראו סנדביץ 92 גרם,גרמים,92.00,100 גרם,false,1,7.90,8.5870,true,1,51982
7622210829108,false,עוגיות דקות אוראו שו,פי אר ג'יי אס סי מונ,UA,עוגיות אוראו דקות בטעם שוקולד 96 גרם,גרמים,96.00,100 גרם,false,1,8.90,9.2708,true,1,50362
7622210835338,false,עוגיות אוראו בטעם בראוניז,מנדלז אספנה גאלטס פר,ES,עוגיות אוראו בראוניז 176 גרם,גרמים,176.00,100 גרם,false,1,10.90,6.1932,true,1,44097
7622300315283,false,"עוגיות אוראו וניל, כשרות בד""ץ, 154 גרם","מונדלז CR פרודקשיין,",UA,"אוראו וניל בד""צ 154 גרם",גרמים,154.00,100 גרם,false,1,8.90,5.7792,true,1,53300
7622300340285,false,גבינת שמנת 22% שומן 175 ג' פילדלפיה,מונדלז דויצ'לנד פרוד,DE,גבינת שמנת 21% שומן,גרמים,175.00,100 גרם,false,1,16.90,9.6571,true,1,43912
7622300340292,false,גבינת שמנת 11% שומן 175 ג' פילדלפיה,מונדלז דויצ'לנד פרוד,DE,גבינת שמנת מופחתת שומן 11% שומן,גרמים,175.00,100 גרם,false,1,16.90,9.6571,true,1,43913
7622300489427,false,עוגיות אוראו בציפוי שוקולד לבן 246 ג',מנדלז אספנה גאלטס פר,ES,עוגיות אוראו בציפוי בטעם שוקולד לבן 246 גר',גרמים,246.00,100 גרם,false,1,23.90,9.7154,true,1,43516
7622300489434,false,"עוגיות אוראו פאדג' בציפוי שוקולד חלב, 246 גרם",מנדלז אספנה גאלטס פר,ES,עוגיות אוראו פאדג שוקולד חלב 246 גרם,גרמים,246.00,100 גרם,false,1,23.90,9.7154,true,1,43517
7622300503079,false,"מילקה, עוגיות ביסקוויט מצופות שוקולד - 200 גרם",מונדלז פולסקה פרודקש,PL,מילקה מו עוגיות ביסקוויט בציפוי שוקולד 200 גר',גרמים,200.00,100 גרם,false,1,12.90,6.4500,true,1,19157
7622300756413,false,גבינת פילדלפיה 20% שומן עם תבלינים 175 ג',מונדלז דויצ'לנד פרוד,DE,פילדלפיה גבינת שמנת עם עשבי תיבול 20% שומן 175 גרם,גרמים,175.00,100 גרם,false,1,16.90,9.6571,true,1,43914
7622300761363,false,עוגיות אוראו מיני כוסות בטעם שוקו 67 ג',פי.טי. מונדלז אינדונ,ID,אוראו מיני כוסות בטעם שוקולד 61.3 גרם,גרמים,67.00,100 גרם,false,1,7.90,11.7910,true,1,28750
7622400005190,false,שוקולד חלב ושוקולד לבן Happy Cow,מנדלז דויצ'לנד סנקס,DE,שוקולד חלב חום לבן מילקה 100 גרם,גרמים,100.00,100 גרם,false,1,7.90,7.9000,true,1,24822
7630477891592,false,קפסולות האוס בלנד לונגו עוצמה 8 - 10 יח',נסטלה שוויץ - קפה,CH,סטארבקס קפסולות האוס בלנד 57 גרם,גרמים,57.00,100 גרם,false,1,22.90,40.1754,true,1,53319
7630477891639,false,קפסולות קפה ורונה עוצמה 10 - 10 יח',נסטלה שוויץ - קפה,CH,סטארבקס קפסולות ורונה 55 גרם,גרמים,55.00,100 גרם,false,1,22.90,41.6364,true,1,53321
7630477891714,false,סטארבקס - קפסולות אספרסו 57 גרם * 10,נסטלה שוויץ - קפה,CH,סטארבקס קפסולות אספרסו 57 גרם,גרמים,57.00,100 גרם,false,1,22.90,40.1754,true,1,53320
7630477891738,false,סטארבקס - קפסולות אספרסו בלונד 53 גרם * 10,נסטלה שוויץ - קפה,CH,סטארבקס קפסולות אספרסו בלונד 53 גרם,גרמים,53.00,100 גרם,false,1,22.90,43.2075,true,1,53318
7640103867013,false,שערות סבתא תות 15 גר',אסאבא פוד,ID,שערות סבתא בטעם תות 15 גרם,גרמים,15.00,100 גרם,false,1,5.90,39.3333,true,1,54972
7640175742614,false,גין בומביי 200 מל,הממלכה המאוחדת,בוטן,גין בומביי 200 מל,מיליליטרים,200.00,"100 מ""ל",false,1,39.90,19.9500,true,1,53471
7640175743451,false,פחית בקרדי מוחיטו/בו,בקרדי מרטיני,BE,פחית גין בומביי טוניק 250 מל,מיליליטרים,250.00,"100 מ""ל",false,1,16.90,6.7600,true,1,53272
7702018462032,false,גילט מאך 3 סטארט סכינים 4 יח',פרוקטור אנד גמבל,DE,גילט מאך 3 רביעיות סטארט,יחידה,1.00,יחידה,false,1,29.90,29.9000,true,1,48896
7702018471423,false,פיוזן רביעיות- סטארט גילט,פרןקטר אנד גמבל ברלי,PL,גילט פיוזן רביעיות סטארט,יחידה,1.00,יחידה,false,1,44.90,44.9000,true,1,48897
7702018978106,false,"ג'ילט - דאודורנט ג'ל לגבר ארטיק אייס 70 מ""ל",פרוקטר אנד גמבל,PL,Gillette Clear Gel AP Deo Stick Arctic I,ליטרים,70.00,ליטר,false,1,17.90,0.2557,true,1,14763
7702018978120,false,"ג'ילט - דאודורנט ג'ל לגבר קול וייב 70 מ""ל",פרוקטר אנד גמבל,PL,Gillette Clear Gel AP Deo Stick Cool Wav,מיליליטרים,70.00,"100 מ""ל",false,1,17.90,25.5714,true,1,14764
7702018980925,false,"קצף גילוח לעור רגיל 200 מ""ל ג'ילט",קימברלי,GB,"קצף גילוח גילט לעור רגיל 200 מ""ל",מיליליטרים,200.00,"100 מ""ל",false,1,9.90,4.9500,true,1,55990
7702024074625,false,פיטנס - חטיפי קרקר חיטה מלאה 234 גרם,קומסטיבלס לה רוזה אס,CO,פיטנס חטיפי קרקר חיטה מלאה 234 גרם,גרמים,234.00,100 גרם,false,1,13.90,5.9402,true,1,44915
7702024258322,false,"חטיפי קרקר עם חיטה מלאה, צ'יה וזרעי פשתן פיטנס",נסטלה Nestle,CO,פיטנס חטיפי קרקר ציה ופישתן 234 גרם,גרמים,234.00,100 גרם,false,1,13.90,5.9402,true,1,50766
7750526001786,false,צ'יפס ירקות שורש אוריגינל 142 ג' אינקה,קרופס אס. א,US,אינקה ציפס ירקות שורש אוריגינל 142גרם,גרמים,142.00,100 גרם,false,1,21.90,15.4225,true,1,51924
7792860006218,false,סוכריות לקקנים בייבי דול Baby Doll לריטר,גוד פוד פרודקטס S.p,AR,"סוכריות בייבי דול, 24 גרם",גרמים,20.00,100 גרם,false,1,2.90,14.5000,true,1,1687
7798141877829,false,גאטו נגרו פינו גריגי,,AR,גאטו נגרו פינו גריגיו 750 מל,מיליליטרים,750.00,"100 מ""ל",false,1,39.90,5.3200,true,1,53965
7798304600042,false,אוכמניות ארוז,מרינה,IL,אוכמניות ארוז,גרמים,125.00,100 גרם,false,1,19.90,15.9200,true,1,51658
7804414000860,false,יין דון חוליו קברנה סוביניון,לואיס פליפה אדוארדס,,דון חוליו יין 13.5% אדום יבש קברנה סובניון 2016,מיליליטרים,750.00,"100 מ""ל",false,1,32.90,4.3867,true,1,1688
7804414000877,false,יין דון חוליו צרלו 7,לואיס פליפה אדוארדס,,דון חוליו יין אדום יבש מרלו 2019,מיליליטרים,750.00,"100 מ""ל",false,1,32.90,4.3867,true,1,1689
7804414000884,false,יין שרדונה דון חוליו,לואיס פליפה אדוארדס,,דון חוליו יין 12% לבן יבש שרדונה 2017,מיליליטרים,750.00,"100 מ""ל",false,1,32.90,4.3867,true,1,1690
7804414001614,false,יין דון חוליו שיראז,לואיס פליפה אדוארדס,,דון חוליו יין 13% אדום חצי יבש שיראז 2017,מיליליטרים,750.00,"100 מ""ל",false,1,32.90,4.3867,true,1,3199
7804414012344,false,יין סוביניון בלאן דו,לואיס פליפה אדוארדס,,דון חוליו סוביניון בלאן 750 מל,מיליליטרים,750.00,"100 מ""ל",false,1,32.90,4.3867,true,1,42189
7804414012351,false,יין דון חולין מלבק 7,לואיס פליפה אדוארדס,,דון חוליו מלבק 750 מל,מיליליטרים,750.00,"100 מ""ל",false,1,32.90,4.3867,true,1,42190
7804414012368,false,יין דון חולין רוזה 7,לואיס פליפה אדוארדס,,"דון חוליו, יין רוזה חצי יבש",מיליליטרים,750.00,"100 מ""ל",false,1,32.90,4.3867,true,1,43383
7804414014058,false,קזה די לואיגי סובניו,הכרם,IL,"יין קזה די לואיגי סוביניון בלאן 750 מ""ל",מיליליטרים,750.00,"100 מ""ל",false,1,39.50,5.2667,true,1,54010
7804414014263,false,קזה די לואיגי מאלבק,לואיס פליפה אדוארדס,צ'ילה (AACR),"קזה די לואיגי מאלבק 750 מ""ל",מיליליטרים,750.00,"100 מ""ל",false,1,39.50,5.2667,true,1,55319
7804414014270,false,קזה די לואיגי רוזה 7,לואיס פליפה אדוארדס,צ'ילה (AACR),"קזה די לואיגי רוזה 750 מ""ל",מיליליטרים,750.00,"100 מ""ל",false,1,39.50,5.2667,true,1,55320
7890557502484,false,כפכפי הווייאנס סלים,אלפרגאטאס,,כפכפי הוויאנס סלים זהב חלק 37-8,יחידה,1.00,יחידה,false,1,49.90,49.9000,true,1,41906
7891024179482,false,"שטיפת פה קולגייט אופטיק וייט 500מ""ל",יבואן ומשווק: ש. שסט,PL,קולגייט מי פה אופטיק וייט 500 מל,מיליליטרים,500.00,"100 מ""ל",false,1,36.50,7.3000,true,1,20908
7891224864614,false,41/42 כפכפי הווייאנ,,,41/42 כפכפי הווייאנס ברזיל לוגו רויאל,יחידה,1.00,יחידה,false,1,69.90,69.9000,true,1,43223
7891224864621,false,43/44 כפכפי הווייאנ,,,43/44 כפכפי הווייאנס ברזיל לוגו רויאל,יחידה,1.00,יחידה,false,1,69.90,69.9000,true,1,43224
8000040001106,false,"קאמפרי ביטר אפרטיף 700 מ""ל",קמפרי,,"קמפרי 700 מ""ל",מיליליטרים,700.00,"100 מ""ל",false,1,99.90,14.2714,true,1,23425
8000070019911,false,קפה לווצה אורו זהב 2,לוואצה,,קפה לווצה אורו זהב 250 גרם,גרמים,250.00,100 גרם,false,1,36.90,14.7600,true,1,47037
8000070053465,false,קפסולות קפה אספרסו אורו דרגת חוזק 8,לוואצה Lavazza,IT,אורו קפסולות קפה אספרסו 10 55 גרם,גרמים,55.00,100 גרם,false,1,19.90,36.1818,true,1,56444
8000070053472,false,קפסולות קרמה גוסטו קלאסיקו חוזק 12 57 ג' לוואצה,לוואצה Lavazza,IT,קרמה גוסטו קלאסי קפסולות קפה אספרסו 10 57 גרם,גרמים,57.00,100 גרם,false,1,19.90,34.9123,true,1,56446
8000070053526,false,קפסולות קפה אספרסו רוסה דרגת חוזק 10,לוואצה Lavazza,IT,קואליטה רוסה קפסולות קפה אספרסו 10 57 גרם,גרמים,57.00,100 גרם,false,1,19.90,34.9123,true,1,56445
8000070081000,false,קפסולות קפה לוואצה הרמניקו 50 ג' 8,לאוג'י לוואצה אס.פי.,IT,קפסולות קפה הרמוניקו 50 גרם,גרמים,50.00,100 גרם,false,1,18.90,37.8000,true,1,55426
8000070081017,false,קפסולות קפה לוואצה דיצ'ו NCC 10,לאוג'י לוואצה אס.פי.,IT,קפסולות דיצו 50 גרם,גרמים,50.00,100 גרם,false,1,18.90,37.8000,true,1,55427
8000215202406,false,מעדן אורז אורגני ויט,בטר אנד דיפרנט,IT,מעדן אורז אורגני ויטריז שוקו 400 גרם,גרמים,400.00,100 גרם,false,1,16.90,4.2250,true,1,45847
8000215202413,false,מעדן אורז אורגני וני,אלינור,IT,מעדן אורז אורגני ויטריז וניל 400 גרם,גרמים,400.00,100 גרם,false,1,16.90,4.2250,true,1,45846
8000215204219,false,משקה ואורז אורגני וי,בטר אנד דיפרנט,IT,משקה אורז אורגני 1 ליטר,ליטרים,1.00,ליטר,false,1,15.90,15.9000,true,1,22912
8000215204240,false,משקה אורז עם שקדים אורגני,בטר אנד דיפרנט,IT,משקה שקדים ואורז אורגני 1 ליטר,ליטרים,1.00,ליטר,false,1,15.90,15.9000,true,1,22913
8000215204264,false,משקה אורז אורגני ויט,בטר אנד דיפרנט,IT,ויטריז משקה אורז אישי 200 מל,מיליליטרים,200.00,"100 מ""ל",false,1,5.90,2.9500,true,1,43775
8000215204271,false,משקה שקדים ואורז איש,"נטורפוד בע""מ",IT,"משקה אורז ושקדים ויטריז 200 מ""ל",מיליליטרים,200.00,"100 מ""ל",false,1,5.90,2.9500,true,1,23810
8000215204363,false,VITASIמשקה קוקוס אור,אלינור,IT,VITASIמשקה קוקוס אורגני 1 ליטר,ליטרים,1.00,ליטר,false,1,15.90,15.9000,true,1,53082
8000215204370,false,תחליף שמנת צמחי לביש,ויטריז,IT,תחליף שמנת צמחי לבישול אורגני ויטריז 200,מיליליטרים,200.00,"100 מ""ל",false,1,7.50,3.7500,true,1,43776
8000215204387,true,רוטב בשמל צמחי לבישו,כפרי בריא,IT,רוטב בשמל צמחי אורגני,מיליליטרים,500.00,"100 מ""ל",false,1,14.50,2.9000,true,1,43740
8000215204394,false,משקה אורז ואגוזי לוז אורגני,בטר אנד דיפרנט,US,משקה אגוזי לוז ואורז אורגני 1 ליטר,ליטרים,1.00,ליטר,false,1,18.90,18.9000,true,1,42092
8000215204554,true,משקה אורז קוקוס אורג,בטר אנד דיפרנט,IT,ויטאריז אורז עם קוקוס אורגני 1 ליטר,ליטרים,1.00,ליטר,false,1,15.90,15.9000,true,1,43774
8000215204561,false,משקה שקדים אורגני VI,בטר אנד דיפרנט,IT,ויטאסי משקה שקדים אורגני 1 ליטר,ליטרים,1.00,ליטר,false,1,18.90,18.9000,true,1,45853
8000215204653,false,ויטסי - משקה סויה או,בטר אנד דיפרנט,IT,ויטסי - משקה סויה אורגני 1 ליטר,ליטרים,1.00,ליטר,false,1,13.90,13.9000,true,1,49217
8000215204677,false,משקה שיבולת שועל ויט,בטר אנד דיפרנט,IT,ויטריז משקה שיבולת שועל בריסטה אורגני 1ל,ליטרים,1.00,ליטר,false,1,15.90,15.9000,true,1,54499
8000215204714,false,משקה שיבולת שועל אור,בטר אנד דיפרנט,IT,פרימאבנה משקה שיבולת שועל אורגני 1 ליטר,ליטרים,1.00,ליטר,false,1,15.90,15.9000,true,1,42093
8000380003723,false,גרנד פטיסרי עוגיות וופל אגוזים 100ג',קריניציה ויטמינה אס,IT,ופל גרנד פטיסרי אגוזים 100 גרם,גרמים,100.00,100 גרם,false,1,13.90,13.9000,true,1,1699
8000380003761,false,וופל גרנדה פטיסרי קוקוס שוקולד 100ג',קריניציה ויטמינה אס,IT,לואקר גרנד פטיסרי קוקוס 100 גרם,גרמים,100.00,100 גרם,false,1,13.90,13.9000,true,1,1701
8000380004676,false,קוביות וופל סנדוויץ Sandwich עם וניל וחלב,"א. לואקר, קונפקט ג'י",AT,ופל סנדויץ קרם וניל לואקר 200 גרם,גרמים,200.00,100 גרם,false,1,15.90,7.9500,true,1,1702
8000380004911,false,קוביות וופל קואדרטיני Quadratini קרם אגוזים,קריניציה ויטמינה אס,AT,קוארדטיני אגוז 250 גר',גרמים,250.00,100 גרם,false,1,14.90,5.9600,true,1,1703
8000380004966,false,וופל קוארדטיני לואקר קוביות שוקולד 250ג',קריניציה ויטמינה אס,AT,קוארדטיני שוקולד 250 גר',גרמים,250.00,100 גרם,false,1,14.90,5.9600,true,1,1704
8000380007219,false,וופל לואקר אגוז קלאסי 175ג',קריות זול,AT,לואקר קלאסיק אגוז 175 גרם,גרמים,175.00,100 גרם,false,1,12.90,7.3714,true,1,1705
8000380007257,false,וופל גרנדה מצופה שוקולד 200ג',קריניציה ויטמינה אס,IT,לואקר גרנדה אגוז 200 גר',גרמים,200.00,100 גרם,false,1,14.90,7.4500,true,1,1706
8000380007264,false,וופל קקאו לואקר 175 גר',קריניציה ויטמינה אס,AT,לואקר קלאסיק קקאו 175 גרם,גרמים,175.00,100 גרם,false,1,12.90,7.3714,true,1,2070
8000380106028,false,טורטינה לואקר וופל שוקולד ואגוזים שישיה 125ג',קריניציה ויטמינה אס,IT,טורטינה 1/6 חדש,גרמים,125.00,100 גרם,false,1,18.50,14.8000,true,1,17221
8000380144044,false,וופל גרדנה לואקר שוקולד 200ג',"א. לואקר , AG/SpA, ו",IT,וופל במילוי קרם שוקולד מצופה שוקולד חלב,גרמים,200.00,100 גרם,false,1,14.90,7.4500,true,1,17262
8000380153442,false,ופל לואקר קרם אגוזים,לואקר,IT,ופל אגוז לואקר 90 גרם,גרמים,90.00,100 גרם,false,1,7.90,8.7778,true,1,21129
8000380153466,false,וופל לואקר שוקולד 90,קריניציה ויטמינה אס,IT,ופל שוקולד לואקר 90 גרם,גרמים,90.00,100 גרם,false,1,7.90,8.7778,true,1,21128
8000380180721,false,וופל לואקר קקאו וקרם חלב 175ג',קריניציה ויטמינה אס,AT,לואקר קלאסיק שוקו-חלב 175 גרם,גרמים,175.00,100 גרם,false,1,12.90,7.3714,true,1,29021
8000380187119,false,עוגיות אגוזי לוז 100 ג'-לואקר,לואקר Loacker,AT,עוגיות לואקר אגוזי לוז,גרמים,100.00,100 גרם,false,1,15.90,15.9000,true,1,51615
8000380187249,false,עוגיות עם מילוי קרם שקדים ושוקולד חלב,לואקר Loacker,AT,עוגיות לואקר שקדים 100גרם,גרמים,100.00,100 גרם,false,1,15.90,15.9000,true,1,51616
8000380187300,false,עוגיות פתיתי שוקולד 120 ג'-לואקר,לואקר Loacker,AT,עוגיות לואקר פתיתי שלג 120גרם,גרמים,120.00,100 גרם,false,1,15.90,13.2500,true,1,51617
8000380192588,false,קוביות וופל קואדרטיני דאבל שוקולד,קריניציה ויטמינה אס,AT,קוארדטיני אגוז 250 גר',גרמים,250.00,100 גרם,false,1,14.90,5.9600,true,1,46920
8000380205400,false,קוביות וופל קואדרטיני בטעם חמאת בוטנים,לואקר Loacker,AT,קוואדרטיני חמאת בוטנים 250 גרם,גרמים,250.00,100 גרם,false,1,14.90,5.9600,true,1,55417
8000380205523,false,וופל קלאסיק בטעם חמאת בוטנים,לואקר Loacker,AT,לואקר חמאת בוטנים 175 גרם,גרמים,175.00,100 גרם,false,1,12.90,7.3714,true,1,55416
8000500009673,false,בונבוניירה פררו רושה 300ג',קריות זול,IT,בונבוניירה רושר 300 גרם,גרמים,300.00,100 גרם,false,1,55.50,18.5000,true,1,2991
8000500023624,false,חטיפי הפי היפו Happy Hippo במילוי קרם חלב וקקאו,קינדר Kinder,DE,קינדר הפי היפו קקאו 105 גר,גרמים,102.00,100 גרם,false,1,18.90,18.5294,true,1,12080
8000500023976,false,בונבוניירת רפאלו Raffaello,קריות זול,PL,כדור וופל בציפוי קוקוס פריך במילוי קרם ושקד שלם,גרמים,150.00,100 גרם,false,1,24.90,16.6000,true,1,15047
8000500026731,false,שוקולד ביצי הפתעה קינדר שלישייה,קריות זול,IT,ביצת הפתעה קינדר שלישייה,גרמים,64.00,100 גרם,false,1,16.90,26.4062,true,1,1707
8000500029350,false,מארז וופל מצופה 3יח' *43 גרם קינדר בואנו,קינדר Kinder,PL,קינדר בואנו קלאסי שלישייה 129 גרם,גרמים,129.00,100 גרם,false,1,15.90,12.3256,true,1,1708
8000500037874,false,בונבוניירה פררו רושה 200ג',קריות זול,IT,בונבוניירה רושר אריזה דקורטיבית 200 גרם,גרמים,200.00,100 גרם,false,1,29.90,14.9500,true,1,1710
8000500071083,false,אצבעות שוקולד קינדר Kinder שש עשרה יחידות,קינדר Kinder,IT,אצבעות שוקולד קינדר 200 גר,גרמים,200.00,100 גרם,false,1,15.90,7.9500,true,1,1711
8000500094976,false,"בונבוניירה פררו רושר רושה קונוס, 212 גרם T17X4",פררו,IT,בונב.רושה קונוס 212 גרם,גרמים,212.00,100 גרם,false,1,39.90,18.8208,true,1,53555
8000500227848,true,נוטלה בי רדי שישיה 1,קדבורי,IT,נוטלה בי רדי שישיה 132 גרם,גרמים,132.00,100 גרם,false,1,14.90,11.2879,true,1,45783
8000500247150,true,פררו קולקשיין 172 ג,פררו,DE,פררו קולקשיין 172 גרי,גרמים,172.00,100 גרם,false,1,29.90,17.3837,true,1,53556
8000500249352,false,קינדר בואנו מיני מיקס שקית 205 ג',קינדר Kinder,PL,קינדר בואנו מיני מיקס,גרמים,205.00,100 גרם,false,1,24.90,12.1463,true,1,45782
8000500267103,true,קינדר דליס עשיריה,קדבורי,IT,קינדר דליס עוגת ספוג קקאו במילוי חלבי 390 גרם,גרמים,390.00,100 גרם,false,1,26.90,6.8974,true,1,45781
8000500269169,false,קינדר קארדס Kinder Cards - חמישייה,קריות זול,IT,קינדר קארדס חמישיה 128 גרם,גרמים,128.00,100 גרם,false,1,14.90,11.6406,true,1,56012
8000500310397,false,נוטלה עוגיות נוטלה בגליל 12יח' - NUTELLA BISCUITTS,נוטלה Nutella,IT,נוטלה ביסקויט 166 גרם,גרמים,166.00,100 גרם,false,1,17.90,10.7831,true,1,56660
8000500359358,false,מארז שלישיית עוגיות נוטלה באריזה אישית - NUTELLA BISCUITTS,פררו,IT,נוטלה ביסקויט 41.4 גרם,גרמים,41.00,100 גרם,false,1,5.90,14.3902,true,1,56661
8000500366073,false,נוטלה עוגיות נוטלה בשקית 20 יח'- NUTELLA BISCUITTS,נוטלה Nutella,IT,נוטלה ביסקויט 276 גרם,גרמים,276.00,100 גרם,false,1,23.90,8.6594,true,1,56662
8000500374429,false,גרנד פררו רושה מעטפת שוקולד חלב עם אגוזי לוז,פררו Ferrero,IT,מעטפת שוקולד חלב אגוזי לוז 100 גר,גרמים,100.00,100 גרם,false,1,17.90,17.9000,true,1,53474
8000570283607,false,מרטיני אסטי Asti יין לבן מתוק מבעבע,מרטיני Martini,IT,"מרטיני אסטי מבעבע 750 מ""ל",מיליליטרים,750.00,"100 מ""ל",false,1,74.90,9.9867,true,1,46119
8000700000050,false,דאב סבון מוצק אורגינל רביעייה,יוניליוור גרמניה (מנ,DE,סבון מוצק לבן דאב רביעייה,גרמים,400.00,100 גרם,false,1,14.90,3.7250,true,1,1712
8000920704998,false,גלידה שורטי בצק עוגי,מוצרי איכות אמריקאיי,IL,בצק עוגיות 150 מ'ל - שורטי,מיליליטרים,150.00,"100 מ""ל",false,1,9.90,6.6000,true,1,7991
8001010062844,false,חומץ בלסמי פונטי 500,פונט סלאם וולנסיה,IT,פונטי חומץ בלסמי ממודנה 500 מל,מיליליטרים,500.00,"100 מ""ל",false,1,16.90,3.3800,true,1,48846
8001090336354,false,טיטולי פמפרס בייבי דריי מידה 2 46 יח',פרוקטר אנד גמבל,DE,פמפרס בייבי דריי מידה 2 46 יחידות,לא מנהל יחידת מידה,0.00,לא מנהל יחידת מידה,false,1,35.90,0.0000,true,1,49220
8001090336408,false,חיתולים בייבי דריי מידה 3 38 יח' פמפרס,פרוקטר אנד גמבל,DE,פמפרס בייבי דריי מידה 3 38 יחידות,לא מנהל יחידת מידה,0.00,לא מנהל יחידת מידה,false,1,35.90,0.0000,true,1,49221
8001090336446,false,טיטולי פמפרס בייבי דריי מידה 4 34 יח',פרוקטר אנד גמבל,DE,פמפרס בייבי דריי מידה 4 34 יחידות,לא מנהל יחידת מידה,0.00,לא מנהל יחידת מידה,false,1,35.90,0.0000,true,1,49222
8001090336491,false,טיטולי פמפרס בייבי דריי מידה 4+ 31 יח',פרוקטר אנד גמבל,DE,פמפרס בייבי דריי מידה 4+ 31 יחידות,לא מנהל יחידת מידה,0.00,לא מנהל יחידת מידה,false,1,35.90,0.0000,true,1,49223
8001090336521,false,טיטולי פמפרס בייבי דריי מידה 5 30 יח',פרוקטר אנד גמבל,DE,פמפרס בייבי דריי מידה 5 30 יחידות,לא מנהל יחידת מידה,0.00,לא מנהל יחידת מידה,false,1,35.90,0.0000,true,1,49224
8001090336606,false,טיטולי פמפרס בייבי דריי מידה 6 26 יח',פרוקטר אנד גמבל,DE,פמפרס בייבי דריי מידה 6 26 יחידות,לא מנהל יחידת מידה,0.00,לא מנהל יחידת מידה,false,1,35.90,0.0000,true,1,49225
8001090379399,false,פמפרס פרימיום חיתולי VP מידה 5 30 יח',פרוקטר אנד גמבל,DE,חיתולים פרימיום מידה 5 30 יחידות,יחידה,30.00,יחידה,false,1,39.90,1.3300,true,1,56291
8001090705723,false,טמפקס קומפאק סופר פל,פרוקטל אנד גמבל,HU,טמפקס קומפאק סופר פלוס 18 יח,יחידה,18.00,יחידה,false,1,25.90,1.4389,true,1,56174
8001090745903,false,"טייד אלפיין פרש 4 ק""ג אבקה",פרוקטר אנד גמבל,,"אבקת כביסה טייד אלפיין 4 ק""ג",קילוגרמים,3.00,"ק""ג",false,1,36.90,12.3000,true,1,44967
8001090810083,false,"מרכך פנטן קלאסי 500 מ""ל",פרוקטר אנד גמבל,RO,"פנטן קונדישנר נוסחה קלאסית 500 מ""ל",מיליליטרים,500.00,"100 מ""ל",false,1,19.90,3.9800,true,1,45167
8001090810120,false,פנטן קונדישנר מרוקאי,פרוקטר אנד גמבל,RO,"פנטן קונדישנר מרוקאי משקם 500 מ""ל",מיליליטרים,500.00,"100 מ""ל",false,1,19.90,3.9800,true,1,45173
8001090810205,false,"שמפו פנטן נוסחה קלאסית 500 מ""ל",פרוקטר אנד גמבל,RO,"פנטן שמפו נוסחה קלאסית 500 מ""ל",מיליליטרים,500.00,"100 מ""ל",false,1,19.90,3.9800,true,1,45166
8001090810281,false,פנטן שמפו שמן מרוקאי.,פרוקטר אנד גמבל,RO,"פנטן שמפו שמן מרוקאי משקם 500 מ""ל",מיליליטרים,500.00,"100 מ""ל",false,1,19.90,3.9800,true,1,45172
8001090810403,false,שמפו למגע רך כמשי פנ,פרוקטר אנד גמבל,RO,"פנטן שמפו למגע רך כמשי 500 מ""ל",מיליליטרים,500.00,"100 מ""ל",false,1,19.90,3.9800,true,1,45164
8001090833167,false,אריאל ג'ל כביסה ניחוח הרים 2.365 ליטר,פרוקטור אנד גמבל,FR,אריאל גל כביסה ניחוח הרים 2.365 ליטר,ליטרים,2.37,ליטר,false,1,39.90,16.8354,true,1,45822
8001090833198,false,אריאל ג'ל כביסה ניחוח מרענן 2.365 ליטר,פרוקטור אנד גמבל,FR,אריאל ג'ל כביסה ניחוח מרענן 2.365 ליטר,ליטרים,2.37,ליטר,false,1,39.90,16.8354,true,1,45823
8001090899224,true,תחבושות אולוויז פלטי,פרוקטר אנד גמבל,DE,תחבושות אולוויז פלטינום לונג 20 יח,יחידה,20.00,יחידה,false,1,21.90,1.0950,true,1,56562
8001090899255,true,תחבושות אולוויז פלטי,פרוקטר אנד גמבל,DE,תחבושות אולוויז פלטינום לילה 16 יח,יחידה,16.00,יחידה,false,1,21.90,1.3687,true,1,56563
8001090899286,true,תחבושות אולוויז פלטי,פרוקטר אנד גמבל,UA,תחבושות אולוויז פלטינום לילה בטוח 14 יח,יחידה,14.00,יחידה,false,1,21.90,1.5643,true,1,56564
8001090988362,false,"שמפו לחות מוגברת פנטן 500 מ""ל","פרוקטר אנד גמבל, רומ",RO,"פנטן שמפו לחות מוגברת 500 מ""ל",מיליליטרים,500.00,"100 מ""ל",false,1,19.90,3.9800,true,1,45162
8001090988768,false,שמפו הזנת קרטין פנטן,פרוקטר אנד גמבל,,"פנטן שמפו הזנת קרטין 500 מ""ל",מיליליטרים,500.00,"100 מ""ל",false,1,19.90,3.9800,true,1,45174
8001090988843,false,"פנטן קונדישנר לחות מרכך מוגברת 500 מ""ל",פרוקטר אנד גמבל,,"פנטן קונדישנר לחות מוגברת 500 מ""ל",מיליליטרים,500.00,"100 מ""ל",false,1,19.90,3.9800,true,1,45163
8001090988881,false,מרכך פנטן קונדישנר למגע רך כמשי 500 מל,פרוקטר אנד גמבל,,"פנטן קונדישנר למגע רך כמשי 500 מ""ל",מיליליטרים,500.00,"100 מ""ל",false,1,19.90,3.9800,true,1,45165
8001160001786,false,"משקה אנרגיה גטורייד ספורט כחול 500מ""ל",סאן בנדטו אס פי איי,IT,"משקה גטורייד בטעם פטל ,מופחת קלוריות.",מיליליטרים,500.00,"100 מ""ל",false,1,10.50,2.1000,true,1,20570
8001160001892,false,"משקה אנרגיה גטורייד ספורט תפוז אדום 500מ""ל",פפסיקו בוואדג' איטלי,IT,גטורייד ספורט תפוז אדום בקבוק 500 תריסר,מיליליטרים,500.00,"100 מ""ל",false,1,10.50,2.1000,true,1,20571
8001250110015,false,דפי לזניה דה ציקו 50,דה צ'אקו DE CECCO,IT,לזניה דה צקו 500 גרם,גרמים,500.00,100 גרם,false,1,21.90,4.3800,true,1,52897
8001505000313,false,ממרח אגוזי לוז אורגנ,ריג'וני דה אסינו,IT,ממרח אגוזי לוז אורגני 270 גרם ניקולטה,גרמים,270.00,100 גרם,false,1,23.90,8.8519,true,1,22876
8001505001105,true,ממרח אגוזי לוז אורגנ,אף.סי תבליני בגליל ב,IT,ממרח אגוזי לוז אורגני לא חלבי 270 גרם ני,גרמים,270.00,100 גרם,false,1,23.90,8.8519,true,1,43683
8001620015612,false,"משקה פירות פרוטה-גזר תפוז לימון 400 מ""ל סאן בנדטו",אקווה מינרלה סאן בנד,IT,משקה פירות פרוטה בטעם תפוז גזר לימון,מיליליטרים,400.00,"100 מ""ל",false,1,8.50,2.1250,true,1,52792
8001620015629,false,"משקה פירות בטעם תפוז ותפוז אדום 400 מ""ל פרוטה",אקווה מינרלה סאן בנד,IT,משקה פירות פרוטה בטעם תפוז ותפוז אדום,מיליליטרים,400.00,"100 מ""ל",false,1,8.50,2.1250,true,1,54601
8001620015636,false,"משקה פירות פרוטה-מיקס פירות 400 מ""ל סאן בנדטו",אקווה מינרלה סאן בנד,IT,משקה פירות פרוטה בטעם מיקס פירות,מיליליטרים,400.00,"100 מ""ל",false,1,8.50,2.1250,true,1,52793
8001620018408,false,"משקה פירות בטעם מנגו תפוח 400 מ""ל פרוטה",אקווה מינרלה סאן בנד,IT,משקה פירות פרוטה בטעם מנגו תפוח,מיליליטרים,400.00,"100 מ""ל",false,1,8.50,2.1250,true,1,54602
8001620019160,false,"סן בנדטו אפרסק 400 מ""ל 12 יח'",אקווה מינרלה סאן בנד,IT,"סן בנדטו אפרסק 400 מ""ל",מיליליטרים,400.00,"100 מ""ל",false,1,8.50,2.1250,true,1,55705
8001620019177,false,"סן בנדטו ענבים 400 מ""ל 12 יח'",אקווה מינרלה סאן בנד,IT,סן בנדטו ענבים 400,מיליליטרים,400.00,"100 מ""ל",false,1,8.50,2.1250,true,1,55706
8001780499307,false,דובדבני אמרנה בסירופ,פאברי Fabbri,IT,דובדבני אמרנה 230 גרם FABBRI,גרמים,230.00,100 גרם,false,1,24.90,10.8261,true,1,48848
8001841062624,false,מארז מגבוני פמפרס ללא בישום - רביעייה,פרוקטר אנד גמבל.,DE,פמפרס מגבונים רביעייה ללא בישום,יחידה,4.00,יחידה,false,4,19.90,4.9750,true,1,56284
8001841077949,false,מארז מגבוני פמפרס בניחוח מרענן - רביעייה,פרוקטר אנד גמבל,DE,פמפרס מגבונים רביעייה עם בישום,יחידה,4.00,יחידה,false,4,19.90,4.9750,true,1,56283
8001841105093,false,"חיתולי פמפרס פרימיום קר שלב 6, +13 ק""ג",פרוקטר & גמבל,DE,פרימיום קר חיתולים שלב 6 26 יחידות,יחידה,26.00,יחידה,false,1,39.90,1.5346,true,1,56292
8001841137179,false,"ה&ש קונדישנר-הנוסחה הקלאסית 275 מ""ל",פרוקטר אנד גמבל,RO,"הד אנד שולדרס מרכך קלאסי 275 מ""ל",מיליליטרים,275.00,"100 מ""ל",false,1,17.90,6.5091,true,1,49771
8001841237657,false,מגן תחתון אולוויז פר,פרוקטר & גמבל,DE,מגן תחתון אולוויז פרש נורמל 72 יח,יחידה,72.00,יחידה,false,1,19.90,0.2764,true,1,55642
8001841669465,false,אריאל קפסולות לכביסהבניחוח לנור 24 יח',פרוקטר אנד גמבל,FR,אריאל קפסולות 24 יח בניחוח לנור,יחידה,1.00,יחידה,false,1,39.90,39.9000,true,1,53255
8001841722481,false,מגן תחתון אולוויז פר,פרוקטר & גמבל,DE,מגן תחתון אולוויז פרש נורמל 54 יח,יחידה,54.00,יחידה,false,1,15.90,0.2944,true,1,55643
8001943549122,true,מטבעות צוקטה חלב,ואל קור קורסניני אס,IT,מטבעות צוקטה חלב,לא מנהל יחידת מידה,0.00,לא מנהל יחידת מידה,false,1,5.90,0.0000,true,1,56252
8002205319903,false,מזון לחתולים בוגרים בטעם עוף פורינה ONE,נסטלה פורינה צרפת,FR,ONE חתול בוגר עוף 800גרם,גרמים,800.00,100 גרם,false,1,37.90,4.7375,true,1,48161
8002270015649,false,סן פלגרינו מים מינרל,סן פלגרינו ס.פ.א לוק,IT,"סן פלגרינו 250 מ""ל 24 יח",מיליליטרים,250.00,"100 מ""ל",false,1,6.50,2.6000,true,1,14757
8002270015656,false,סן פלגרינו מים מינרל,סן פלגרינו ס.פ.א לוק,IT,"סן פלגרינו 750 מ""ל 12 יח'",מיליליטרים,750.00,"100 מ""ל",false,1,10.20,1.3600,true,1,3288
8002270846472,false,סן פלגרינו פלאסטיק ב,סן פלגרינו,IT,"סן פלגרינו מוגז פלסטיק 500 מ""ל 24 יחידות",מיליליטרים,500.00,"100 מ""ל",false,1,5.90,1.1800,true,1,20864
8002450006559,false,יין קאסה די לואיג'י שרדונה,קאסה די לואיג'י Casa di luigi,,"יין קאזה די לואיגי שרדונה 750 מ""ל",מיליליטרים,750.00,"100 מ""ל",false,1,39.50,5.2667,true,1,1713
8002450206003,false,ורדי רימונים ספרקלטיני,"איי, בי, אינבוו",IT,ורדי ספרקלטיני רימונים 750 מל,מיליליטרים,750.00,"100 מ""ל",false,1,34.90,4.6533,true,1,19042
8002450206508,false,יין קברנה קאזה דה לו,קאסה די לואיג'י Casa di luigi,,"יין קאזה די לואיגי ק.סוביניון 750 מ""ל",מיליליטרים,750.00,"100 מ""ל",false,1,39.50,5.2667,true,1,1714
8002450206522,false,יין קאזה די לואיגי מ,קאסה די לואיג'י Casa di luigi,,"יין קאזה די לואיגי מרלו 750 מ""ל",מיליליטרים,750.00,"100 מ""ל",false,1,39.50,5.2667,true,1,1715
8002920016903,false,LADORIA עגבניות מרוס,,IT,LADORIA עגבניות מרוסקות שלישיה 400גרם,גרמים,400.00,100 גרם,false,3,16.90,4.2250,true,1,54881
8002960500165,false,רוטב פומודורינה 830,MENU,IT,רוטב פומודורינה 830גרם MENU,גרמים,830.00,100 גרם,false,1,29.90,3.6024,true,1,49767
8003340091280,false,בונבוניירת לינדור Lindor שוקולד מריר,לינדוט ושופרונגלי אי,IT,לינדט לינדור כדורי שוקולד מריר 200 ג',גרמים,200.00,100 גרם,false,1,35.50,17.7500,true,1,17369
8003385312104,false,עגבניות קוביות אנטונ,אנטונלה,IT,עגבניות קוביות אנטונלה שלישייה 400גרם,גרמים,400.00,100 גרם,false,3,15.90,3.9750,true,1,54152
8003385312920,false,אנטונלה רוטב ארביאטה,אנטונלה,IT,אנטונלה רוטב ארביאטה 680 גרם,גרמים,680.00,100 גרם,false,1,16.90,2.4853,true,1,54151
8003385312944,false,אנטונלה רוטב לפסטה 6,אנטונלה,IT,אנטונלה רוטב לפסטה 680 גרם,גרמים,680.00,100 גרם,false,1,16.90,2.4853,true,1,54150
8003753158556,false,קפסולות אספרסו קלאסיקו 10 * 57 ג' אילי,ג'ייקובס דאו אגרבטס,FR,קפסולות אספרסו קלאסיקו ILLY 10יח 57גרם,גרמים,57.00,100 גרם,false,1,19.90,34.9123,true,1,49793
8003753158587,false,אילי קפסולות אספרסו פורטה 10 יח' 57 גרם,ג'ייקובס דאו אגרבטס,FR,קפסולות קפה פורטה,גרמים,57.00,100 גרם,false,1,19.90,34.9123,true,1,49795
8003753158617,false,אילי קפסולות אספרסו לונגו קלאסיקו 10 יח' 57 גרם,ג'ייקובס דאו אגרבטס,FR,קפסולות קפה לונגו,גרמים,57.00,100 גרם,false,1,19.90,34.9123,true,1,49796
8003753158648,false,אילי קפסולות אספרסו אינטנסו 10 יח' 57 גר',ג'ייקובס דאו אגרבטס,FR,קפסולות קפה אינטנסו,גרמים,57.00,100 גרם,false,1,19.90,34.9123,true,1,49794
8004030022010,false,ירקות גינה עם טונה ריו מרה אינסלטיסימי 160 ג',"בולטון אלימנטרי בע""מ",IT,ריו מר ירקות גינה עם טונה 160 גרם,גרמים,160.00,100 גרם,false,1,19.50,12.1875,true,1,27626
8004030026018,false,"מקסיקני עם טונה ריו מרה אינסלטיסימי, 160 ג'","בולטון אלימנטרי בע""מ",IT,ריו מרה ירקות בנוסח מקסיקני עם טונה 160 גרם,גרמים,160.00,100 גרם,false,1,19.50,12.1875,true,1,27625
8004030044005,false,נתחי טונה בשמן זית ריו מרה 160 ג',"בולטון אלימנטרי בע""מ",IT,ריו מרה טונה בשמן זית 160 ג,גרמים,160.00,100 גרם,false,1,18.90,11.8125,true,1,4198
8004030081024,false,טונה ריו מרה בשמן זית שום ופלפל160 גר',"בולטון אלימנטרי בע""מ",IT,ריו מר נתחי טונה בהירה בשמן זית ופלפל 160 גרם,גרמים,160.00,100 גרם,false,1,18.90,11.8125,true,1,1717
8004030102033,false,טונה בשמן זית עם מיץ לימון ופלפל שחור - מארז 3 יח',בולטון אלימנטרי,IT,ריו מרה טונה בשמן עם לימון ופלפל 80*3 ג,גרמים,240.00,100 גרם,false,3,29.90,12.4583,true,1,46321
8004030180000,false,ריו מרה טונה בשמן זי,בולטון אלימנטרי,IT,טונה בשמן זית ריו מרה שלישיה 240גרם,גרמים,240.00,100 גרם,false,3,29.90,12.4583,true,1,56080
8004030344938,false,טונה בשמן זית ריו מרה שלישיה * 80 ג',"בולטון אלימנטרי בע""מ",IT,ריו מרה נתחי טונה בהירה בשמן זית 240 גרם,גרמים,240.00,100 גרם,false,1,29.90,12.4583,true,1,29749
8004030845046,false,טונה עם ירקות בתוספת עם אורז ריו מרה אינסלטיסימי 160 ג',בולטון אלימנטרי,IT,טונה ריו מרה ירקות ו אינסלטיסימי 160 גרם,גרמים,160.00,100 גרם,false,1,19.50,12.1875,true,1,47065
8004030860001,false,ירקות עם קוקוס וטונה ריו מרה אינסלטיסימי 160 ג',"בולטון אלימנטרי בע""מ",IT,ריו מר ירקות עם קוסקוס וטונה 160 גרם,גרמים,160.00,100 גרם,false,1,19.50,12.1875,true,1,29693
8004690050507,false,פסטה איטלקית פטוציני,למוליזנה,IT,פסטה איטלקית פטוציני 500 גרם LM,גרמים,500.00,100 גרם,false,1,8.90,1.7800,true,1,47685
8004690051573,false,פסטה לאמוליזנה ספגטי,למוליזנה,IT,ספגטי למוליזנה 500 גרם,גרמים,500.00,100 גרם,false,1,8.90,1.7800,true,1,23215
8004690052044,false,פסטה לאמוליזנה פנה ז,למוליזנה,IT,פסטה איטלקית פנה זיטי ריגטה 500 גרם LM,גרמים,500.00,100 גרם,false,1,8.90,1.7800,true,1,23216
8004690052846,false,פסטה פוסילי למוליזנה,למוליזנה,IT,פסטה איטלקית פוזילי 500 גרם LM,גרמים,500.00,100 גרם,false,1,8.90,1.7800,true,1,23217
8004690053195,false,פסטה לאמוליזנה ריגטו,למוליזנה,IT,פסטה איטלקית ריגטוני 500 גרם LM,גרמים,500.00,100 גרם,false,1,8.90,1.7800,true,1,23218
8004690057308,false,פסטה לאמוליזנה רדיאט,למוליזנה,IT,פסטה איטלקית רדיאטורי 500 גרם LM,גרמים,500.00,100 גרם,false,1,8.90,1.7800,true,1,48140
8004690058008,false,פסטה לאמוליזנה גמלי,למוליזנה,IT,פסטה איטלקית גמלי 500 גרם LM,גרמים,500.00,100 גרם,false,1,8.90,1.7800,true,1,48139
8004690106600,false,פסטה לאמוליזנה פארפא,למוליזנה,IT,פסטה איטלקית פרפאלה 500 גרם LM,גרמים,500.00,100 גרם,false,1,8.90,1.7800,true,1,23331
8004690203002,false,פסטה איטלקית ניוקי ת,למוליזנה,IT,פסטה איטלקית ניוקי תפוחי אדמה 500 גרם,גרמים,500.00,100 גרם,false,1,7.90,1.5800,true,1,51138
8004690470022,false,פסטה ספגטי ללג LM ג,למוליזנה,IT,פסטה ספגטי ללג LM גרם401,גרמים,400.00,100 גרם,false,1,13.90,3.4750,true,1,51491
8004690470039,false,פסטה פנה ללג LM גרם,למוליזנה,IT,פסטה פנה ללג LM גרם400,גרמים,400.00,100 גרם,false,1,13.90,3.4750,true,1,51490
8004800005502,false,וופל מיני רול גלילי ופל במילוי קרם קקאו- 125 ג' לאגו,לגו גרופ ס.פ.א.,IT,לאגו מיני רול גלילי ופל במילוי קרם קקאו,גרמים,125.00,100 גרם,false,1,12.90,10.3200,true,1,56013
8004800005519,false,וופל רול גלילי במילוי קרם אגוזי לוז- 125 ג' לאגו,לגו גרופ ס.פ.א.,IT,לאגו מיני רול גלילי ופל במילוי קרם אגוזי,גרמים,125.00,100 גרם,false,1,12.90,10.3200,true,1,56014
8004800005526,false,וופל מיני רול גלילי ופל במילוי קרם קוקוס- 125 ג' לאגו,לגו גרופ ס.פ.א.,IT,לאגו מיני רול גלילי ופל במילוי קרם קוקוס,גרמים,125.00,100 גרם,false,1,12.90,10.3200,true,1,56015
8005110001413,false,מארז זוג רסק עגבניות 140 ג' MUTTI,"איי, בי, אינבוו",IT,MUTTI רסק עגבניות מארז זוג 140X2 גרם,גרמים,280.00,100 גרם,false,1,8.90,3.1786,true,1,48847
8005110002243,false,רכז עגבניות Doppio Concentr בשפופרת 185 ג' MUTTI,"איי, בי, אינבוו",IT,רכז עגבניות בשפורפרת Doppio MUTTI 185,גרמים,185.00,100 גרם,false,1,9.90,5.3514,true,1,51380
8005110170300,false,עגבניות מרוסקות חתוכות מוטי MUTTI שלישיה *400,מוטי Mutti,IT,שלישיית עגבניות מרוסקות 400 גר MUTTI,גרמים,400.00,100 גרם,false,1,19.90,4.9750,true,1,46579
8005110171215,false,עגבניות חתוכות 690 POLPAPEZZI ג' (כחול) MUTTI,"איי, בי, אינבוו",IT,קוביות עגבניות מקולפות במיץ,גרמים,690.00,100 גרם,false,1,16.90,2.4493,true,1,46585
8005110191015,false,רסק עגבניות ובזיליקום 700 ג' (ירוק) MUTTI,"איי, בי, אינבוו",IT,מחית עגבניות קלה עם בזיליקום בתוספת מלח,גרמים,700.00,100 גרם,false,1,14.90,2.1286,true,1,48502
8005110200014,false,רסק עגבניות 210 ג' CONCENTRATO MUTTI,"איי, בי, אינבוו",IT,רסק עגבניות בתוספת מלח 22Bx ללא תוספת סוכר,גרמים,210.00,100 גרם,false,1,7.90,3.7619,true,1,46582
8005110550508,true,שימורי עגבניות שרי,,,שימורי עגבניות שרי,Unknown,0.00,Unknown,false,1,10.90,0.0000,true,1,46586
8005110551253,false,רוטב עגבניות לפיצה MUTTI,"איי, בי, אינבוו",IT,רוטב לפיצה 400 גרם MUTTI,גרמים,400.00,100 גרם,false,1,9.90,2.4750,true,1,50414
8005200256587,false,משקה תה בטעם אפרסק 1.5ל' NESTEA,מפעל סאנפלגרינו S.P.,IT,נסטי אפרסק 1.5 ליטר,ליטרים,1.50,ליטר,false,1,11.50,7.6667,true,1,54329
8005200486526,false,"נסטי אפרסק 500 מ""ל",מפעל סאנפלגרינו S.p.,IT,"נסטי, תה קר בטעם אפרסק 500 מל",מיליליטרים,500.00,"100 מ""ל",false,1,8.50,1.7000,true,1,20498
8005360002185,false,רוטב עגבניות בזיליקו,אף.סי תבליני בגליל ב,IT,רוטב עגבניות אורגני עם בזיליקום 350 גרם,גרמים,350.00,100 גרם,false,1,13.50,3.8571,true,1,45859
8005360004639,false,רוטב עגבניות אורגני,אף.סי תבליני בגליל ב,IT,רוטב עגבניות אורגני עם פלפלים 350 גרם,גרמים,350.00,100 גרם,false,1,13.50,3.8571,true,1,45861
8005469981602,false,פילה אנשובי איטלקי ש,,,פילה אנשובי איטלקי שמן חמניות 75 גרם,גרמים,75.00,100 גרם,false,1,15.90,21.2000,true,1,27367
8005803010661,false,אמור די פאן - שומשום 125 גרם,"הוסטה איטליה, ס.ר.ל.",IT,גריסיני שומשום 125 גרם,גרמים,125.00,100 גרם,false,1,9.90,7.9200,true,1,30146
8006050090239,false,חומץ בלסמי ממודנה מא,יבואן ומשווק: ש. שסט,IT,מאצטי אורגינל חומץ בלסמי ממודנה 500 מל,מיליליטרים,500.00,"100 מ""ל",false,1,29.90,5.9800,true,1,43793
8006540019672,false,נוזל כלים פיירי פלטי,פרוקטר & גמבל,GB,נוזל כלים פיירי פלטינום 700 מל,מיליליטרים,700.00,"100 מ""ל",false,1,11.90,1.7000,true,1,55986
8006540221068,false,מגן תחתון אלוויז וליופק לונג פלוס 40 יחי',פרוקטר,DE,מגן תחתון אולוויז וליופק לונג פלוס 40 יחידות,יחידה,40.00,יחידה,false,1,21.90,0.5475,true,1,56029
8006540592434,true,תחבושות אולוויז נורמ,פרוקטר,DE,תחבושות אולוויז נורמל פלוס 28 יח,יחידה,28.00,יחידה,false,1,21.90,0.7821,true,1,55306
8007178120310,false,חומץ בלסמי ד'מודנה Giacobazzi,פטורייה ג'יאקובאזי ס,IT,"חומץ בלסמי ממודנה 500 מ""ל",מיליליטרים,500.00,"100 מ""ל",false,1,24.90,4.9800,true,1,20508
8007227000570,false,סליל סרט קשירה דק כס,STAR PENNSYLVANIA,,סליל סרט קשירה דק כסוף,Unknown,0.00,Unknown,false,1,24.90,0.0000,true,1,26606
8007227053460,false,סליל סרט קשירה דק ור,STAR PENNSYLVANIA,,סליל סרט קשירה דק ורוד,Unknown,0.00,Unknown,false,1,24.90,0.0000,true,1,26609
8007270999012,false,שמן גרעיני ענבים 1 ל,קוסטה דיאורו,IT,שמן גרעיני ענבים 1 ליטר קוסטה דאורו,ליטרים,1.00,ליטר,false,1,44.90,44.9000,true,1,42077
8008245004847,false,ממרח אגוזי לוז וקקאו,נאטקו,IT,מובנפיק ממרח שוקולד ואגוזי לוז 300 גרם,גרמים,300.00,100 גרם,false,1,16.90,5.6333,true,1,52651
8008245004861,false,ממרח חלב עם אגוזי לוז 300ג M?venpick,יבואן ומשווק: ש. שסט,IT,מובנפיק ממרח חלב עם אגוזי לוז 300 גרם,גרמים,300.00,100 גרם,false,1,16.90,5.6333,true,1,52652
8008698002049,false,קרקרים עגולים ללא גלוטן,ס.ר.ל פוסטל,IT,קרקר ללא גלוטן ללא לקטוז,גרמים,175.00,100 גרם,false,1,24.90,14.2286,true,1,22888
8008698005231,false,עוגיות סנדוויץ בטעם שוקולד ממולאות קרם חלב ללא גלוט,שר Schar,IT,עוגיות שוקולד שר ללג 165גרם,גרמים,165.00,100 גרם,false,1,22.90,13.8788,true,1,50521
8008698005347,false,ביסקוטי עם שוקולד מריר ללא גלוטן,שר Schar,IT,ביסקוטי שוקולד שר ללג 150גרם,גרמים,150.00,100 גרם,false,1,16.90,11.2667,true,1,50522
8008698008157,false,שר עוגיות שוקולד במילוי קרם שמנת ללא גלוטן 100 גר',דר שר ס.ר.ל פוסטל,IT,עוגיות ממולאות קרם וניל ללא גלוטן 100 גר,גרמים,100.00,100 גרם,false,1,12.90,12.9000,true,1,22935
8008698013021,false,עוגיות ללא גלוטן עם שבבי שוקולד מריר,דר שר פוסטל,IT,עוגיות ללא גלוטן עם שבבי שוקולד מריר,גרמים,100.00,100 גרם,false,1,13.90,13.9000,true,1,42519
8008698024065,false,"פאן בלנקו לחם לל""ג 2",schar,IT,"פאן בלנקו לחם לל""ג 250 גרם שר",גרמים,250.00,100 גרם,false,1,19.90,7.9600,true,1,46081
8009149000119,false,"קמח תירס פולנטה 1 ק""",פוקולוקו,,"קמח תירס פולנטה 1 ק""ג",קילוגרמים,1.00,"ק""ג",false,1,16.90,16.9000,true,1,22692
8010024006010,false,חמאת שקדים השקד 100%,תות תעשיות מזון (201,IT,חמאת שקדים,גרמים,350.00,100 גרם,false,1,42.90,12.2571,true,1,42070
8017938005122,false,חומץ תפוחים אורגני 7,מריה לוצ'יה מלצ'יורי,IT,חומץ תפוחים אורגני 750 מל,מיליליטרים,750.00,"100 מ""ל",false,1,19.90,2.6533,true,1,22885
8017938005764,false,מיץ תפוחים אורגני 100% טבעי,לוצ'ה מריה,IT,נטור פוד מיץ תפוחים אורגני 100% טבעי 1 ליטר,ליטרים,1.00,ליטר,false,1,23.20,23.2000,true,1,43694
8024985000079,false,מחית תפוח משמש אורגנ,נטורה נובה,IT,נטור נובה ביו מחית תפוח משמש 100% אורגני 200 גרם,גרמים,200.00,100 גרם,false,1,10.90,5.4500,true,1,23819
8024985000086,false,מחית תפוח בננה אורגנ,"נטורפוד בע""מ",IT,נטורה נובה מחית תפוח בננה 100% אורגני 200 גרם,גרמים,200.00,100 גרם,false,1,10.90,5.4500,true,1,22895
8024985002783,true,מחית סמוזי גזר דלעת,נטורה נובה,IT,מחית סמוזי גזר דלעת 100 גרם,גרמים,100.00,100 גרם,false,1,6.20,6.2000,true,1,43794
8024985002912,false,סמוזי נטורה נובה תפו,נטורה נובה,IT,סמוזי תפוח אגס בטטה אורגני נטורה 100 גרם,גרמים,100.00,100 גרם,false,1,6.20,6.2000,true,1,45857
8024985002943,false,סמוזי נטורה נובה תפו,נטורה נובה,IT,סמוצ'י תפוח אננס קוקוס אורגניים,גרמים,100.00,100 גרם,false,1,6.20,6.2000,true,1,47278
8024985002950,false,נטורה נובה סמוזי שזי,נטורה נובה,IT,סמוצ'י תפוח בננה תרד אורגניים,גרמים,100.00,100 גרם,false,1,6.20,6.2000,true,1,47277
8024985002967,false,סמוזי נטורה בננה תרד,נטורה נובה,IT,נטורה נובה סמוזי בננה תרד 100 גרם,גרמים,100.00,100 גרם,false,1,6.20,6.2000,true,1,47279
8024985003988,false,סמוצ'י בטעם תפוח בננה אורגני,נטורה נובה Natura Nuova,IT,סמוצ'י תפוח בננה אורגניים 100 גרם,גרמים,100.00,100 גרם,false,1,6.20,6.2000,true,1,42546
8024985004305,false,סמוזי נטורה נובה תפו,כפרי בריא,IT,נטורה נובה מארז סמוצ'י תפוחים אורגניים 400 גרם,גרמים,400.00,100 גרם,false,1,22.90,5.7250,true,1,47308
8024985004695,false,סמוזי נטורה נובה בננ,נטורה נובה,IT,מארז סמוצ'י תפוח בננה אורגניים,גרמים,400.00,100 גרם,false,1,22.90,5.7250,true,1,47309
8024985005234,false,סמוזי תפוח אפרסק מנג,נטורה נובה,IT,סמוצ'י תפוח אפרסק מנגו אורגניים 100 גרם,גרמים,100.00,100 גרם,false,1,6.20,6.2000,true,1,42547
8024985005296,true,מחית סמוזי אגס בננה,נטורה נובה,IT,סמוצ'י אגס בננה תפוח וקינואה 120 גרם,גרמים,120.00,100 גרם,false,1,7.20,6.0000,true,1,43753
8024985005302,true,נטורה נובה סמוזי תפ,נטורה נובה,IT,סמוצ'י תפוח רימון פטל אוכמניות ואסאי 120 גרם,גרמים,120.00,100 גרם,false,1,7.20,6.0000,true,1,43754
8024985006309,false,סמוזי נטורה נובה מנג,נטורה נובה,IT,נטורה נובה סמוזי מנגו רביעייה 400 גרם,גרמים,400.00,100 גרם,false,1,22.90,5.7250,true,1,47276
8024985008037,false,סמוזי נטורה נובה תפו,"נטורפוד בע""מ",IT,סמוצ'י תפוחים אורגניים 100 גרם,גרמים,100.00,100 גרם,false,1,6.50,6.5000,true,1,23817
8024985008044,false,סמוזי נטורה נובה אגס,"נטורפוד בע""מ",IT,סמוצ'י אגסים אורגניים 100 גרם,גרמים,100.00,100 גרם,false,1,6.50,6.5000,true,1,23816
8024985008051,false,סמוצ'י בטעם פירות אדומים,נטורה נובה Natura Nuova,IT,סמוצ'י פירות אדומים אורגניים 100 גרם,גרמים,100.00,100 גרם,false,1,6.50,6.5000,true,1,23815
8024985011204,false,נטורה נובה סמוזי תפ,נטורה נובה,IL,נטורה נובה - סמוזי תפוח תות בננה 100 גרם,גרמים,350.00,100 גרם,false,1,6.20,1.7714,true,1,54851
8032804430501,false,אטריות פוזילי אפונה ירוקה ללא גלוטן,אף.סי תבליני בגליל ב,IT,פסטה מקמח אפונה ירוקה פליסיה 250 גרם,גרמים,250.00,100 גרם,false,1,13.90,5.5600,true,1,42073
8032804430761,false,לזניה עדשים צהובות ללא גלוטן,אף.סי תבליני בגליל ב,IT,לזניה עדשים צהובות אורגני פליסיה 250גרם,גרמים,250.00,100 גרם,false,1,19.90,7.9600,true,1,45845
8032804430846,false,פליסיה פוזילי חומוס,אנדריאני,IT,100% חומוס אורגני בצורת אטריות 250 גרם,גרמים,250.00,100 גרם,false,1,15.90,6.3600,true,1,47288
8032804432024,true,לזניה אורז תירס אורג,אף.סי תבליני בגליל ב,IT,לזניה אורז תירס אורגני 250 גרם,גרמים,250.00,100 גרם,false,1,20.90,8.3600,true,1,43756
8033020445973,false,קמח 00 Antigrumi לכל,פיווטי Pivetti,IT,"קמח\ Antigrumi 1 ק""ג PIVETTI",קילוגרמים,1.00,"ק""ג",false,1,7.90,7.9000,true,1,48849
8033020445980,false,"קמח לפסטה 1 pasta fresca ק""ג 00 PIVETTI",PIVETTI,IT,"קמח לפסטה 1 pasta fresca ק""ג 00 PIVETTI",קילוגרמים,1.00,"ק""ג",false,1,13.90,13.9000,true,1,48852
8033020445997,false,"קמח איטלקי ללחמים 1 ק""ג 0 PIVETTI",PIVETTI,IT,"קמח איטלקי ללחמים 1 ק""ג 0 PIVETTI",קילוגרמים,1.00,"ק""ג",false,1,12.50,12.5000,true,1,48851
8033020446000,false,"קמח איטלקי לפיצה ופוקצה 1 ק""ג 00 PIVETTI",פיווטי Pivetti,IT,"קמח איטלקי לפיצה ופוקצה 1 ק""ג 00 PIVETTI",קילוגרמים,1.00,"ק""ג",false,1,10.90,10.9000,true,1,48850
8033275522368,false,יין מונטרו קיאנטי כש,סרסטר,IT,קיאנטי,מיליליטרים,750.00,"100 מ""ל",false,1,59.90,7.9867,true,1,48864
8076800195019,false,ברילה - צ.א ספגטי מס1 קפליני 500 גרם,ברילה גי.אי.אר פרטלי,IT,ברילה קפליני ספגטי מס' 1 500 גרם,גרמים,500.00,100 גרם,false,1,7.90,1.5800,true,1,50033
8076800195033,false,ברילה - צ.א ספגטיני מס3 חדש 500 גרם,ברילה גי.אי.אר פרטלי,IT,ברילה ספגטי מספר 3 500 גרם,גרמים,500.00,100 גרם,false,1,7.90,1.5800,true,1,1737
8076800195057,false,ברילה - צ.א ספגטי מס5 חדש 500 גרם,ברילה גי.אי.אר פרטלי,IT,ברילה ספגטי מס' 5 500 גרם,גרמים,500.00,100 גרם,false,1,7.90,1.5800,true,1,1738
8076802085738,false,ברילה - צ.ק פנה רגטה חדש 500 גרם,ברילה גי.אי.אר פרטלי,IT,ברילה פנה רגטה מס 73 500 גרם,גרמים,500.00,100 גרם,false,1,7.90,1.5800,true,1,1741
8076802085837,false,ברילה - צ.ק טורטליוני מס83 500 גרם,הנסיך- מפעל לייצור ט,IT,פסטה ברילה טורטיליוני מס 83 500 גרם,גרמים,500.00,100 גרם,false,1,7.90,1.5800,true,1,1742
8076802085936,false,ברילה פסטה צ.ק. קונצילה ריגטה חדש,ברילה גי.אי.אר פרטלי,IT,ברילה פסטה פתיתים - קונצילה ריגטה 500 גרם,גרמים,500.00,100 גרם,false,1,7.90,1.5800,true,1,1743
8076802085981,false,ברילה - צ.ק פוזילי חדש 500 גרם,ברילה גי.אי.אר פרטלי,IT,ברילה פסטה פתיתים פוזילי 500 גרם,גרמים,500.00,100 גרם,false,1,7.90,1.5800,true,1,1744
8076808060654,false,ברילה - צ.ק פרפלה חדש 500 גרם,ברילה גי.אי.אר פרטלי,IT,ברילה פסטה פתיתים פרפלה 500 גרם,גרמים,500.00,100 גרם,false,1,7.90,1.5800,true,1,1747
8076808070882,false,פסטה ברילה קנלוני מס'88 250ג',פאסטיפיקו ריגו אס.אר,IT,פסטה ברילה קנלוני מס 88 250 גרם,גרמים,250.00,100 גרם,false,1,15.90,6.3600,true,1,1748
8076808150072,false,ברילה - צ.א ספגטוני מס7 חדש 500 גרם,ברילה גי.אי.אר פרטלי,IT,ברילה ספגטי מספר 7 500 גרם,גרמים,500.00,100 גרם,false,1,7.90,1.5800,true,1,1749
8076809512268,false,ברילה - צ.ק גירנדולה חדש 500 גרם,ברילה גי.אי.אר פרטלי,IT,ברילה פסטה פתיתים- גירנדולה 500 גרם,גרמים,500.00,100 גרם,false,1,7.90,1.5800,true,1,1750
8076809513395,false,רוטב פסטה ברילה פורמודרו 400ג',ברילה גי.אי.אר פרטלי,IT,ברילה רוטב עגבניות קלאסי 400 גרם,גרמים,400.00,100 גרם,false,1,15.90,3.9750,true,1,1752
8076809513654,false,בסיס רוטב עגבניות לבולונז 400 ג' ברילה,ברילה גי.אי.אר פרטלי,IT,ברילה רוטב בסיס לפסטה בולונז 400 גרם,גרמים,400.00,100 גרם,false,1,15.90,3.9750,true,1,2645
8076809513692,false,רוטב פסטה ברילה נפוליטנה 400ג',ברילה גי.אי.אר פרטלי,IT,ברילה רוטב עגבניות עם ירקות שורש לפסטה 400 גרם,גרמים,400.00,100 גרם,false,1,15.90,3.9750,true,1,1753
8076809513739,false,רוטב פסטה ברילה בזיליקום 400 ג',ברילה גי.אי.אר פרטלי,IT,ברילה רוטב עגבניות עם בזיליקום לפסטה 400 גרם,גרמים,400.00,100 גרם,false,1,15.90,3.9750,true,1,3470
8076809514774,false,ברילה איטריות ביצים פפרדלה 250ג',ברילה גי.אי.אר פרטלי,IT,"פסטה ברילה פרפנדלה 250 גר """,גרמים,250.00,100 גרם,false,1,18.90,7.5600,true,1,29846
8076809523561,false,רוטב עגבניות עם עשבי תיבול 400 ג' ברילה,ברילה גי.אי.אר פרטלי,IT,ברילה רוטב טוסקנה לפסטה 400 גרם,גרמים,400.00,100 גרם,false,1,15.90,3.9750,true,1,14669
8076809523714,false,"פסטה ברילה טליאטלה, 500 ג'","ש. שסטוביץ בע""מ",IT,פסטה ברילה טליאטלה 500 גרם,גרמים,500.00,100 גרם,false,1,26.90,5.3800,true,1,2695
8076809523738,false,פסטה ברילה לזניה 500ג',ברילה גי.אי.אר פרטלי,IT,לזניה ברילה 500 גרם,גרמים,500.00,100 גרם,false,1,25.90,5.1800,true,1,2249
8076809529419,false,ספגטי מחיטה מלאה מס' 5 500 ג' ברילה,ברילה גי. אי. אר פרט,IT,ספגטי מחיטה מלאה 500 גרם,גרמים,500.00,100 גרם,false,1,15.90,3.1800,true,1,8691
8076809529433,false,ברילה פנטה רגטה מחיטה מלאה 500ג',"ש. שסטוביץ בע""מ",IT,פסטה ברילה פנה רגטה מחיטה מלאה 500 גרם,גרמים,500.00,100 גרם,false,1,15.90,3.1800,true,1,8692
8076809545440,false,אטריות ללא גלוטין ברילה 400ג',ברילה ג'.אי.אר פרטלי,IT,"ברילה אטריות על בסיס קמח תירס ללא גלוטן, 400 גרם",גרמים,400.00,100 גרם,false,1,15.90,3.9750,true,1,27150
8076809545457,false,פסטה צינורות ללא גלוטין ברילה 400ג',ברילה ג'.אי.אר פרטלי,IT,ללא גלוטן - אריזה חדשה,גרמים,400.00,100 גרם,false,1,15.90,3.9750,true,1,27151
8076809547956,false,ברילה - צ.ק קיפרי 500 גרם,ברילה ג'.אי.אר פרטלי,IT,פסטה ברילה קיפרי 500 גרם,גרמים,500.00,100 גרם,false,1,7.90,1.5800,true,1,50028
8076809576352,false,ברילה לזניה ללא גלוטן 250 ג',ברילה גי.אי.אר פרטלי,IT,ברילה לזניה ללא גלוטן 250 גרם,גרמים,250.00,100 גרם,false,1,23.90,9.5600,true,1,52846
8410076601865,false,מארז חטיפי נייטצר וא,סאן אדריאן,ES,מארז חטיפי נייטצר ואלי דבש 420גרם 20,גרמים,420.00,100 גרם,false,20,29.90,7.1190,true,1,55610
8410076601872,false,מארז חטיפי נייטצר וא,סאן אדריאן,ES,מארז חטיפי נייטצר ואלי שוקולד 420 גרם,גרמים,420.00,100 גרם,false,20,24.90,5.9286,true,1,55611
8410076610379,false,נייטשר ואלי פרוטאין בוטנים ושבבי שוקולד 160 ג',סריילטו ספיין פודס,ES,מאג חטיף פרוטאין בוטנים ושבבי שוקולד120,גרמים,120.00,100 גרם,false,1,18.90,15.7500,true,1,42898
8410076610386,false,נייטשר ואלי פרוטאין בוטנים עם ציפוי בטעם קרמל מלוח 160 ג',סריילטו ספיין פודס,ES,נייטשר ואלי פרוטאין בוטנים בטעם קרמל מלוח,גרמים,120.00,100 גרם,false,1,18.90,15.7500,true,1,42899
8410076621047,false,עוגות אישיות בטעם שוקולד עם חתיכות בטעם שוקולד,"גלאטס סירו בע""מ",ES,פייבר 1 עוגות אישיות בראוניז בטעם שוקולד פאדג',גרמים,120.00,100 גרם,false,1,14.90,12.4167,true,1,51793
8410076801067,false,חטיף נייטצר ואלי דבש,סאן אדריאן,ES,חטיף נייטצר ואלי דבש 21 גרם,גרמים,21.00,100 גרם,false,1,2.90,13.8095,true,1,55612
8410076801074,false,חטיף נייטצר ואלי שוק,סאן אדריאן,ES,חטיף נייטצר ואלי שוקולד 21 גרם,גרמים,21.00,100 גרם,false,1,2.90,13.8095,true,1,55613
8410104039134,false,"פיניש מנקה ומחדש מדיח 250מ""ל",הדקלאים אגודת שיתופי,PL,"מנקה מדיח כלים פיניש 250 מ""ל",מיליליטרים,250.00,"100 מ""ל",false,1,17.90,7.1600,true,1,21462
8410104045111,false,"פיניש מלח למדיח כלים 2ק""ג",פ.פ.ח. שאביט,IL,פיניש מלח למדיח כלים 2 קג,קילוגרמים,2.00,"ק""ג",false,1,16.90,8.4500,true,1,1809
8410179100043,false,BORGES שמן זית כתית,בורחס אגריקולטורל וא,ES,"BORGES שמן זית כתית מעולה 750 מ""ל",מיליליטרים,750.00,"100 מ""ל",false,1,37.90,5.0533,true,1,47495
8410182420114,false,בצלצלי פנינה בחומץ ד,דליסיאס,,בצלצלי פנינה בחומץ 370 גרם,גרמים,370.00,100 גרם,false,1,12.90,3.4865,true,1,21875
8410644611203,false,יין קאווה איבריקה לבן יבש Cava Iberica,יוסף מסאקס ס.ל.,ES,"קאווה איבריקה לבן יבש 750 מ""ל",מיליליטרים,750.00,"100 מ""ל",false,1,34.90,4.6533,true,1,19052
8410644611210,false,יין קאווה איבריקה לבן חצי יבש Cava Iberica,יוסף מסאקס ס.ל.,ES,"קאווה איבריקה חצי יבש 750 מ""ל",מיליליטרים,750.00,"100 מ""ל",false,1,34.90,4.6533,true,1,19053
8410793262936,false,בירה ללא גלוטן אסטרי,"סי סי דאם, אס.אל, בר",ES,"דאורה דאם ללא גלוטן בקבוק בודד 330 מ""ל",מיליליטרים,330.00,"100 מ""ל",false,1,14.90,4.5152,true,1,45778
8411320234006,false,נתחי טונה לבנה בשמן זית (פחית) 112 ג ORTIZ,אורטיז ORTIZ,ES,נתחי טונה לבנה בשמן זית (פחית) 112 גרם,גרמים,112.00,100 גרם,false,1,19.90,17.7679,true,1,47686
8411320334027,false,נתחי טונה צהובה בשמן זית (פחית) 112 ג ORTIZ,אורטיז ORTIZ,ES,נתחי טונה צהובה בשמן זית (פחית) 112 גרם,גרמים,112.00,100 גרם,false,1,17.90,15.9821,true,1,47684
8412168002529,false,מחייה 13 משקה כוהלי בטעם לימונים,מנדלז סי.אר. פרודקשן,ES,מחייה 13 משקה אלכוהולי בטעם לימונים 700 מל,מיליליטרים,700.00,"100 מ""ל",false,1,59.90,8.5571,true,1,29017
8420708012822,false,קשקבל צאן ספרדי בשלה,מיוצר עי קונדיטוריית,ES,קשקבל צאן בשלה 200 גר נני,גרמים,200.00,100 גרם,false,1,27.90,13.9500,true,1,46809
8423207206488,false,מרבה סלים דליס שוקולד חלב חדש,אף.סי תבליני בגליל ב,ES,חטיף דגנים סלים דליס שוקולד חלב 120 גרם,גרמים,120.00,100 גרם,false,1,14.90,12.4167,true,1,25011
8423207206495,false,מרבה סלים דליס שוקולד מריר חדש,אף.סי תבליני בגליל ב,ES,חטיף דגנים סלים דליס שוקולד מריר 120 גרם,גרמים,120.00,100 גרם,false,1,14.90,12.4167,true,1,25012
8423207208260,false,מרבה סלים דליס שוקולד חלב ללא גלוטן חדש,ביסנצ'ורי אס.אל.יו,ES,חטיף דגנים סלים דליס ש.חלב ללא גלוטן,גרמים,78.00,100 גרם,false,1,14.90,19.1026,true,1,30129
8423207208703,false,חטיף דגנים מצופה אקסטרה שוקולד מריר,ביסנצ'ורי אס.אל.יו,ES,סלים דליס חטיף דגנים שוקולד מריר 120 גרם,גרמים,182.00,100 גרם,false,1,14.90,8.1868,true,1,27719
8423371002312,false,סאליסול פיצוחים בפחי,סאליסול,ES,סאליסול פיצוחים בפחית בוטנים צילי 150 ג,גרמים,150.00,100 גרם,false,1,11.90,7.9333,true,1,54063
8423371002725,false,משפחתי קוקטייל מיקס,Unknown,ES,פיצוחים בפחית וקטייל מיקס 100גרם,גרמים,100.00,100 גרם,false,1,11.90,11.9000,true,1,52470
8423371005085,false,משפחתי מיקס פיקנטי ס,Unknown,ES,פיצוחים בפחית מיקס פקנטי 100 גרם,גרמים,100.00,100 גרם,false,1,11.90,11.9000,true,1,52471
8423371007089,false,משפחתי בוטנים מלוחים,Unknown,ES,פיצוחים בפחית בוטנים בדבש 150 גרם,גרמים,150.00,100 גרם,false,1,11.90,7.9333,true,1,52472
8424465344301,false,מאפין תפוחים,פילסברי,IL,"מאפינס תפו""ע מ.א א.ק",יחידה,1.00,יחידה,false,1,10.90,10.9000,true,1,56527
8424465609301,false,מאפין שוקולד,פילסברי,IL,מאפין שוקולד,יחידה,1.00,יחידה,false,1,10.90,10.9000,true,1,56526
8425206000272,false,מרדל סירופ בטעם ריבת חלב 550 ג',קארו,ES,סירופ ריבת חלב מרבה,גרמים,550.00,100 גרם,false,1,19.90,3.6182,true,1,53676
8436575292205,false,ארטיק חמשושים מאגדת 15*12 גר',שוורצקוף& הנקל דיסלד,IL,נסטלה חמשושים מאגדת חדש 6 15*12גרם,לא מנהל יחידת מידה,0.00,לא מנהל יחידת מידה,false,1,24.90,0.0000,true,1,46388
8445290341655,false,פנסי פיסט פטה עוף 85גר,נסטלה פורינה USA ג',US,פנסי פיסט פטה עוף 24*85גרם,גרמים,85.00,100 גרם,false,1,5.90,6.9412,true,1,55709
8595134503302,false,"פילטר ארוך 6 מ""מ.",,,פילטר 6 ארוך,Unknown,0.00,Unknown,false,1,4.90,0.0000,false,1,51031
8595134503487,false,פילטר 5.3 ארוך,,,פילטר 5.3 ארוך,יחידה,1.00,יחידה,false,1,4.90,4.9000,true,1,51032
8595134503975,false,נייר בינוני כולל פיל,,,נייר בינוני כולל פילטר,לא מנהל יחידת מידה,0.00,לא מנהל יחידת מידה,false,1,6.00,0.0000,false,1,51037
8606018615827,false,גלידת וניל עם שברי עוגיות אוראו 480 ג',נסטלה,IL,פיינט אוראו 480גרם,גרמים,480.00,100 גרם,false,1,23.90,4.9792,true,1,54749
8606018615841,false,גלידת וניל עם ליבת שוקולד חלב 480 ג' מילקה,נסטלה,IL,פיינט מילקה וניל ליבת שוקולד 480גרם,גרמים,480.00,100 גרם,false,1,23.90,4.9792,true,1,54750
8606018615865,false,גלידת קרמל ליבת שוקולד 480 ג' מילקה,נסטלה,IL,פיינט מילקה קרמל ליבת שוקולד 480גרם,גרמים,480.00,100 גרם,false,1,23.90,4.9792,true,1,54751
8606109023593,false,מיץ פרוויטה תפוע ואג,,IL,מיץ פרוויטה תפוחי עץ ואגסים 750 מל,מיליליטרים,750.00,"100 מ""ל",false,1,14.90,1.9867,true,1,50826
8606109023609,false,מיץ פרוויטה תפוע ודו,,IL,מיץ פרוויטה תפוחי עץ ודובדבנים 750 מל,מיליליטרים,750.00,"100 מ""ל",false,1,14.90,1.9867,true,1,50827
8606109023623,false,מיץ פרוויטה תפוע ולי,,IL,מיץ פרוויטה תפוחי עץ ולימון ליים 750 מל,מיליליטרים,750.00,"100 מ""ל",false,1,14.90,1.9867,true,1,50829
8683130008355,false,מיונז הלמנס שום לחיץ 400*8 גר',יוניליוור ישראל שיוו,TR,הלמנס מיונז עם שום 400 גרם,גרמים,400.00,100 גרם,false,1,17.90,4.4750,true,1,53954
8683130012666,false,מגנום דאבל לבן ועוגיות 95 מל,"מיוצר ע""י יונילוור ס",TR,מגנום דאבל לבן עוגיות 74 גרם,גרמים,74.00,100 גרם,false,1,12.90,17.4324,true,1,54883
8690504081913,false,טינס מצופה שוקולד חלב 150 גר,"אולקר ביסקווי סנאי,",TR,עוגיות טינס מצופה שוקולד חלב 150 גרם,גרמים,150.00,100 גרם,false,1,14.90,9.9333,true,1,43405
8690504081920,false,טינס מצופה שוקולד מריר 150 גר,"אולקר ביסקווי סנאי,",TR,טינס מצופה שוקולד מריר,גרמים,150.00,100 גרם,false,1,14.90,9.9333,true,1,43404
8690504081937,false,טינס שוקולד חלב וקפוצינו 150 גר,"אולקר ביסקווי סנאי,",TR,טינס חלב וקפוצינו,גרמים,150.00,100 גרם,false,1,14.90,9.9333,true,1,43406
8690504156543,false,טבלת שוקלד חלב ממולא בקרם גנאש שוקולד חלב 88 גר',ביסקוט ביסקווי סילבר,TR,טבלת שוקולד חלב מעולה,גרמים,86.00,100 גרם,false,1,15.90,18.4884,true,1,47071
8690530015043,false,סלפאק מגבות מטבח שישיה 3 שכבות,איפק,,סלפאק נייר מגבת 6 גלילים,יחידה,6.00,יחידה,false,1,15.90,2.6500,true,1,56075
8690530036444,false,נייר מגבות ג'מבו סלפאק קומפורט 2 שכבות 1=6,,TR,סלפאק נייר מגבת גליל ענק 1 6,יחידה,6.00,יחידה,false,1,11.90,1.9833,true,1,56064
8690637007705,false,מסטיגם וניל מסטיק על מקל ללא סוכר,"מיוצר ע""י יוניליוור",TR,שלגון מסטיגם 80 גרם,גרמים,80.00,100 גרם,false,1,7.90,9.8750,true,1,45926
8690637073373,false,תה ארל גריי בטעם ברגמוט ליפטון 25 שקיקים,יונילוור - תורכיה,TR,"תה ליפטון תה שחור ארל גריי 2 גרם, 25 יחידות",גרמים,50.00,100 גרם,false,1,9.90,19.8000,true,1,14319
8690637688195,false,ליפטון תה ירוק מעטפות קלאסי 30 ג',יונילוור - תורכיה,TR,"תה ליפטון תה ירוק קלאסי 30 גרם, 20 יחידות",גרמים,30.00,100 גרם,false,1,21.50,71.6667,true,1,23384
8690637799594,false,תה ירוק נענע בסגנון מרוקאי 36 ג',בסן בסין סנאיי וי טי,TR,תה ירוק בטעם מנטה בתוספת עלי נענע,גרמים,30.00,100 גרם,false,1,21.50,71.6667,true,1,28774
8690637835643,false,תה ליפטון ירוק לואיזה לימונית 20יח',יונילוור - תורכיה,TR,תה ליפטון תה ירוק לואיזה ולימונית 30 גרם,גרמים,30.00,100 גרם,false,1,21.50,71.6667,true,1,42565
8690637842382,false,מגנום דאבל פרי יער 85 ג',"מיוצר ע""י יונילוור ס",TR,מגנום וניל פירות יער,גרמים,85.00,100 גרם,false,1,12.90,15.1765,true,1,43505
8690637842399,false,מיני מגנום דאבל שוקופריער ADR,יוניליוור סנאי וי סי,TR,מאגדת מיני מגנום 1/6 329 גרם דאבל פרי יע,גרמים,379.00,100 גרם,false,1,34.90,9.2084,true,1,43182
8690637858734,false,"סיף - ג'ל אקונומיקה לימון 750 מ""ל",יונילוור טורקיה,TR,"אקונומיקה פנטסטיק ג""ל 750 מ""ל",מיליליטרים,750.00,"100 מ""ל",false,1,14.90,1.9867,true,1,45342
8690637865596,false,"דאב סבון ידיים הזנה ע. 500מ""ל",קוסטר אירוסול ולף סנ,TR,דאב תחליב רחצה לידיים מזין 500 מל,מיליליטרים,500.00,"100 מ""ל",false,1,18.90,3.7800,true,1,50333
8690637871245,true,הלמנס מיונז אמיתי לח,יוניליוור גידה סאנ.,TR,הלמנס מיונז אמיתי לחיץ 395 גר,גרמים,395.00,100 גרם,false,1,15.90,4.0253,true,1,47648
8690637879395,false,שלגון מגנום דאבל פיס,יוניליוור סנאי ןי טי,TR,מגנום דאבל פיסטוק 72 גרם,גרמים,72.00,100 גרם,false,1,11.90,16.5278,true,1,46705
8690637946301,false,"בדין - מרכך כביסה אקסטרא בייביי כחול 960 מ""ל",יוניליוור סנאיי וי ט,TR,Badin מרכך כביסה 960 ML,מיליליטרים,960.00,"100 מ""ל",false,1,22.90,2.3854,true,1,50338
8690637946318,false,"בדין מרכך כביסה אקסטרא בייבי צהוב 960מ""ל",יוניליוור סנאיי וי ט,TR,Badin מרכך כביסה 960 ML,מיליליטרים,960.00,"100 מ""ל",false,1,22.90,2.3854,true,1,50339
8690637989629,false,מגנום דאבל דולצ'ה גולד63ג',יונילוור סנאיי וי טי,TR,מגנום שלגון מגנום דאבל דולצ'ה גולד 63 גרם,גרמים,63.00,100 גרם,false,1,12.90,20.4762,true,1,52628
8690637997914,false,גלידה שמנת וניל שקדים מגנום 76 ג',יונילוור סנאיי וי טי,TR,מגנום כוס אישי שמנת ונ.שקדים 76גרם,גרמים,76.00,100 גרם,false,1,9.90,13.0263,true,1,53477
8690637997921,false,גלידה שמנת וניל קלאסי מגנום 81 ג',יונילוור סנאיי וי טי,TR,מגנום כוס אישי שמנת וניל 81 גרם,גרמים,81.00,100 גרם,false,1,9.90,12.2222,true,1,53478
8690766156367,false,שוקולד גודייבה חלב מעולה 90 גר,"אולקר מקבוצת פלאדיס,",TR,טבלת שוקולד חלב מעולה,גרמים,90.00,100 גרם,false,1,15.90,17.6667,true,1,49979
8690766156374,false,שוקולד גודייבה מריר 72% מוצרי קקאו 90 גר,"אולקר מקבוצת פלאדיס,",TR,טבלת שוקולד מריר מעולה 72% מוצקי קקאו,גרמים,90.00,100 גרם,false,1,15.90,17.6667,true,1,49982
8690766156381,false,שוקולד גודייבה מריר מעולה 90% קקאו 90 גר,"אולקר מקבוצת פלאדיס,",TR,טבלת שוקולד מריר מעולה 90% מוצקי קקאו,גרמים,90.00,100 גרם,false,1,15.90,17.6667,true,1,49980
8690766156398,false,שוקולד חלב מעולה בתוספת שברי שקדים קלויים דבש ומלח 90ג',"אולקר מקבוצת פלאדיס,",TR,שוקולד חלב מעולה בתוספת שברי שקדים קלויי,גרמים,90.00,100 גרם,false,1,15.90,17.6667,true,1,51979
8690766156411,false,שוקולד מריר מעולה בטעם פלפל ורוד עם חתיכות תות מסוכר 90ג',"אולקר מקבוצת פלאדיס,",TR,טבלאת שוקולד גודאייבה מריר בטעם פלפל 90,גרמים,90.00,100 גרם,false,1,15.90,17.6667,true,1,49981
8690777203012,false,פלפל ירוק כבוש לא חריף סארה 600ג',יוליניבר,TR,פלפל ירוק כבוש לא חריף 600 גרם,גרמים,600.00,100 גרם,false,1,13.90,2.3167,true,1,44941
8690777204071,false,פלפלים כבושים - חריפים,יוליניבר,TR,פלפל חריף 640גרם SERA,גרמים,640.00,100 גרם,false,1,13.90,2.1719,true,1,16874
8690777206051,false,חצילים קלויים על האש סארה 650 גר',קוראהן פזלרמה וי דיס,TR,סרה חציל קלוי על האש 650 גרם,גרמים,650.00,100 גרם,false,1,13.90,2.1385,true,1,14785
8690777221405,false,פלפל אדום קלוי על האש סארה 650גרם,קוראהן פזלרמה וי דיס,TR,סרה פלפלים אדומים קלויים על האש 650 גרם,גרמים,650.00,100 גרם,false,1,13.90,2.1385,true,1,16875
8691530924670,false,סירופ רימונים נטורסא,נטורסן,TR,סירופ רימונים נטורסאן 345 גרם,גרמים,345.00,100 גרם,false,1,21.90,6.3478,true,1,21902
8691900172854,false,קוטקס תחבושת סופר 20 יח,קימברלי,GB,תחבושות קוטקס סופר 20 יח,יחידה,20.00,יחידה,false,1,17.90,0.8950,true,1,55989
8697418280333,false,שערות קדאיף מיובשות,פרנסס און וה,TR,שערות קדאיף 500 גרם,גרמים,500.00,100 גרם,false,1,20.90,4.1800,true,1,47191
8697530910743,false,סיגריות פאל מאל כחול קצר מטאליק,Unknown,,סיגריות פאל מל כחול חפיסה בודד,יחידה,1.00,יחידה,false,1,30.50,30.5000,false,1,10615
8697530910750,false,סיגריות פאל מאל כחול ארוך האוס,Unknown,,סיגריות פאל מל כחול ארוך חפיסה בודד,יחידה,0.00,יחידה,false,1,30.50,0.0000,false,1,10616
8697530910781,false,סיגריות פאל מאל אדום מטאליק,גלוברנדס,,סיגריות פאל מל אדום חפיסה בודד,יחידה,1.00,יחידה,false,1,30.50,30.5000,false,1,10617
8697530911276,false,סיגריות קנט קצר חפיס,גלוברנדס,,סיגריות קנט קצר חפיסה בודד,יחידה,1.00,יחידה,false,1,37.80,37.8000,false,1,11283
8697659232733,false,"מבשם אריגים -פרש כותנה 425מ""ל",ATAK,TR,"מבשם אריגים פרש כותנה 425 מ""ל",מיליליטרים,425.00,"100 מ""ל",false,1,17.90,4.2118,true,1,48228
8697826469092,false,טורטיות ראפ בקוטר 20,דין שיווק,TR,עלי טורטייה 540 גרם,גרמים,540.00,100 גרם,false,1,11.90,2.2037,true,1,23021
8710502060021,false,עוגיות מאפין רכות 210 ג' מרבה פטיסרי,מרבה,NL,מרבה פטיסרי עוגיות מאפין רכות 200 גרם,גרמים,200.00,100 גרם,false,1,12.90,6.4500,true,1,55632
8710502100864,false,עוגיות דאבל שוקולד 200 ג' מרבה פטיסרי,מרבה,NL,מרבה פטיסרי עוגיות דאבל שוקולד 200 גרם,גרמים,200.00,100 גרם,false,1,12.90,6.4500,true,1,55631
8710502139017,false,עוגיות מרבה טריפל שוקולד שוקוצ'יפס 180ג',בנקטבקריי מרבה בי.וי,NL,מרבה עוגיות טריפל שוקולד ציפס,גרמים,180.00,100 גרם,false,1,10.90,6.0556,true,1,17626
8710502194801,false,עוגיות שוקולד צ'יפס במרקם רך עם פירות יער,בנקטבקריי מרבה בי.וי,NL,מרבה עוגיות שוקולד צ'יפס במרקם רך עם פירות יער,גרמים,175.00,100 גרם,false,1,10.90,6.2286,true,1,28788
8710502279010,false,מרבה עוגיות שוקולד צ'יפס מצופות שוקולד 175 ג',"מרבה בע""מ",NL,מרבה עוגיות שוקולד ציפס מצופות שוקולד,גרמים,175.00,100 גרם,false,1,10.90,6.2286,true,1,52086
8710502405204,false,מרבה עוגיות שוקוציפס ממולא קרם שוקולד 175ג',קריניציה ויטמינה אס,NL,מרבה עוגיות ממולאות קרם שוקולד,גרמים,175.00,100 גרם,false,1,10.90,6.2286,true,1,19785
8710502470028,false,עוגיות שוקולד צ'יפס ממולאות בקרם נוגט,COLGATE PALMOLIVE,NL,עוגיות שוקולד ציפס נוגטלי מרבה 160 גרם,גרמים,160.00,100 גרם,false,1,10.90,6.8125,true,1,17628
8710502470035,false,עוגיות מרבה פטיסרי ש,מרבה,NL,מרבה פטיסרי עוגיות נוגטלי במילוי קרם אגו,גרמים,200.00,100 גרם,false,1,12.90,6.4500,true,1,55633
8711327475663,false,מגנום פיינט וניל שוקולד לבן 440X8מל,"מפעל גלידות בווספרם,",HU,מגנום גלידת שמנת בטעם וניל עם שוקולד לבן 440 מל,גרמים,260.00,100 גרם,false,1,27.90,10.7308,true,1,52191
8711327475717,false,פיינט וניל שקדים 260 ג' מגנום,"מפעל גלידות בווספרם,",HU,מגנום גלידת שמנת בטעם וניל עם שקדים 440 מל,גרמים,260.00,100 גרם,false,1,27.90,10.7308,true,1,52193
8711327475762,false,פיינט שוקולד לבן עוגיות 260 ג' מגנום,"מפעל גלידות בווספרם,",HU,מגנום גלידת שמנת שוקולד לבן ועוגיות 440 מל,גרמים,260.00,100 גרם,false,1,27.90,10.7308,true,1,52194
8712000050146,false,"בירה הייניקן 0% אלכהול 330 מ""ל -בודד","מבשלת היינקן, ריטבלד",NL,"בירה הייניקן ללא אלכוהול בקבוק 330 מ""ל",מיליליטרים,330.00,"100 מ""ל",false,1,7.90,2.3939,true,1,47021
8712000051099,false,"בירה הייניקן 0% אלכהול 330 מ""ל*6 יח'",פארייפאבה אגרואינדוס,NL,היינקן בירה לאגר ללא אלכוהול מארז שישייה,ליטרים,1.98,ליטר,false,1,39.90,20.1515,true,1,47020
8712400802512,false,תרכובת מזון המשך לפעוטות על בסיס חלב שלב 2,פרוטרופיק סיה.,NL,נוטרילון שלב 800 2 גרם,גרמים,800.00,100 גרם,false,1,68.90,8.6125,true,1,53491
8712400802536,false,תרכובת מזון המשך לפעוטות על בסיס חלב שלב 3,פרוטרופיק סיה.,NL,נוטרילון 3- 800 גרם,גרמים,800.00,100 גרם,false,1,68.90,8.6125,true,1,53492
8712561594240,false,"דאב תחליב רחצה להזנה עמוקה500 מ""ל-מרכז","יוניליוור גרמניה, Gm",DE,דאב תחליב רחצה להזנה עמוקה 500 מל,מיליליטרים,500.00,"100 מ""ל",false,1,19.90,3.9800,true,1,26026
8712561611183,false,"דאב - תחליב רחצה תה ירוק ומלפפון 500 מ""ל","יוניליוור גרמניה, Gm",DE,דאב תחליב רחצה מלפפון ותה ירוק 500 מל,מיליליטרים,500.00,"100 מ""ל",false,1,19.90,3.9800,true,1,26025
8714443620030,false,מרק ירקות אורגני 200,תות תעשיות מזון (201,NL,מרק ירקות,גרמים,200.00,100 גרם,false,1,32.90,16.4500,true,1,48189
8714599412336,false,קפה נמס בריסטה אמריקנו קלוי וטחון 160 ג' ג'ייקובס,ג'ייקובס דאו אגברטס,RU,ג'ייקובס בריסטה אמריקנו קפה נמס עם קלוי וטחון,גרמים,160.00,100 גרם,false,1,30.90,19.3125,true,1,53943
8714599512159,false,קפה נמס ג'ייקובס 190 גר',"אל.אל.סי ""גייקובס דא",RU,גייקובס מגורען 190 גרם,גרמים,190.00,100 גרם,false,1,28.90,15.2105,true,1,55237
8714789218465,false,קולגייט מברשת שיניים 360 סופט זוג,הנסיך- מפעל לייצור ט,CN,זוג מברשות שיניים קולגייט 360 סופט,לא מנהל יחידת מידה,0.00,לא מנהל יחידת מידה,false,1,33.90,0.0000,true,1,8458
8714789582764,false,"אג'קס ספריי חלונות פעולה משולשת 750מ""ל","ש. שסטוביץ בע""מ",GR,"אגקס לניקוי חלונות טריגר 750 מ""ל",מיליליטרים,750.00,"100 מ""ל",false,1,16.90,2.2533,true,1,25248
8714789740058,false,קולגייט מברשת שיניים טוויסטר סופט זוג,הנסיך- מפעל לייצור ט,CN,קולגייט מברשת טוויסטר זוג סופט,יחידה,1.00,יחידה,false,1,19.90,19.9000,true,1,20800
8715035150300,false,"רוטב סויה קיקומן ללא גלוטן 250 מ""ל",קיקומן פודז יורופ בי,NL,רוטב סויה קיקומן ללא גלוטן 250 מל,מיליליטרים,250.00,"100 מ""ל",false,1,23.90,9.5600,true,1,46322
8715700419732,false,מתבל עגבניות היינץ 7,ה.י. היינץ,NL,היינץ מתבל עגבניות 700 גרם,גרמים,700.00,100 גרם,false,1,13.90,1.9857,true,1,23098
8715700423906,false,קטשופ מתובל עגבניות 50% פחות סוכר 555ג' היינץ,היינץ צפון אמריקה מק,NL,היינץ מתבל עגבניות 50/50 550 גרם,גרמים,555.00,100 גרם,false,1,11.90,2.1441,true,1,43639
8717163647226,false,"ספריי גוף בלאק 150 מ""ל אקס",ארנסט. רחוב קומבינצק,TR,אקס דאודורנט ספריי גוף בלאק 150 מל,מיליליטרים,150.00,"100 מ""ל",false,1,13.90,9.2667,true,1,47061
8717163647233,false,"אקס ספריי גוף בלאק נייט 150 מ""ל",ארנסט. רחוב קומבינצק,RU,"דאודורנט ספריי אקס בלאק נייט 150 מ""ל",מיליליטרים,150.00,"100 מ""ל",false,1,13.90,9.2667,true,1,47414
8717163658314,true,תחליב רחצה דאב sensi,יוניליוור גרמניה Gmb,DE,תחליב רחצה דאב sensitive skin עם מים מיס,Unknown,0.00,Unknown,false,1,19.90,0.0000,true,1,46975
8717163842669,false,"דאב - תחליב רחצה חימר ירוק 500 מ""ל",יוניליוור גרמניה,DE,DOVE ג'ל רחצה 500 ML,מיליליטרים,500.00,"100 מ""ל",false,1,19.90,3.9800,true,1,49560
8717163842676,false,"דאב - תחליב רחצה חימר ורוד 500 מ""ל",יוניליוור גרמניה Gmb,DE,DOVE ג'ל רחצה 500 ML,מיליליטרים,500.00,"100 מ""ל",false,1,19.90,3.9800,true,1,49360
8717644390566,false,סבון מוצק ירוק מלפפון 4* 100 ג' דאב,יוניליוור גרמניה (בו,DE,סבון מוצק תמצית מלפפון דאב רביעייה,גרמים,400.00,100 גרם,false,1,21.90,5.4750,true,1,17443
8717677336616,false,טוניס שוקולד מריר+שקדים ומלח 180 גרם רבנות - נוכרי,אלפרד ריטר,NL,שוקולד מריר עם שקדים ומלח טוניס,גרמים,180.00,100 גרם,false,1,19.90,11.0556,true,1,54519
8717677336630,false,שוקולד חלב מעולה שקדים ודבש 180 גרם,אלפרד ריטר,NL,שוקולד חלב עם שקדים ודבש טוניס,גרמים,180.00,100 גרם,false,1,19.90,11.0556,true,1,54517
8717677336654,false,טוניס - שוקולד חלב מעולה עם שברי קרמל מלוח,קימס שוקולאטס,NL,שוקולד חלב מעולה עם שברי קרמל מלוח 180 ג,גרמים,180.00,100 גרם,false,1,19.90,11.0556,true,1,56017
8717677336661,false,טוניס שוקולד מריר מעולה 70% 180 גרם רבנות - נוכרי,אלפרד ריטר,NL,טוניס' שוקולונלי - שוקולד מריר מעולה 70%,גרמים,180.00,100 גרם,false,1,19.90,11.0556,true,1,54518
8717677338436,false,טוניס שוקולד חלב+אגוזי לוז 180 גרם רבנות - נוכרי,אלפרד ריטר,NL,שוקולד חלב עם אגוזי לוז קצוצים טוניס,גרמים,180.00,100 גרם,false,1,19.90,11.0556,true,1,54516
8718114724485,false,מיונז לחיץ הלמנס 705,יוניליוור,GB,מיונז הלמנס לחיץ 750 גרם,גרמים,750.00,100 גרם,false,1,24.90,3.3200,true,1,56334
8718951166288,false,משחת שיניים Max White קריסטלים לבנים,הנסיך- מפעל לייצור ט,PL,קולגייט משחת שיניים מקס וייט 125 מל,מיליליטרים,100.00,"100 מ""ל",false,1,16.90,16.9000,true,1,45470
8718951166561,false,משחת שיניים לרעננות מוגברת max fresh cooling crystals,הנסיך- מפעל לייצור ט,PL,קולגייט משחת שיניים מקס פרש COOL MINT 125 מל,מיליליטרים,125.00,"100 מ""ל",false,1,16.90,13.5200,true,1,45471
8718951236790,false,"קולגייט טוטאל משחת שיניים קלין מינט לפה בריא 100 מ""ל",קולגייט Colgate,PL,"משחת שיניים קולגייט טוטל משפחתי 100 מ""ל",מיליליטרים,100.00,"100 מ""ל",false,1,18.90,18.9000,true,1,46800
8718951236806,false,"קולגייט טוטאל הלבנה להסרת כתמים מהשן 100 מ""ל",קולגייט Colgate,PL,משחת שיניים קולגייט,מיליליטרים,100.00,"100 מ""ל",false,1,18.90,18.9000,true,1,46799
8718951254527,false,משחת שיניים רגישות פרו רליף חוזק מוגבר,קולגייט Colgate,PL,קולגייט סנסיטיב פרו רליף חוזק מוגבר להקל,מיליליטרים,75.00,"100 מ""ל",false,1,25.90,34.5333,true,1,47723
8718951264618,false,"קולגייט אופטיק וייט פחם צ'רקול משחת שיניים, 75 מ""ל",קולגייט-פלמוליב,PL,"קולגייט אופטיק וייט פחם פעיל 75 מ""ל",מיליליטרים,75.00,"100 מ""ל",false,1,29.90,39.8667,true,1,50248
8718951313927,false,"פלמוליב סבון ידיים חימר ואקליפטוס 300 מ""ל",פלמוליב Palmolive,TR,"פלמוליב סבון ידיים חימר טונוס 300 מ""ל",מיליליטרים,300.00,"100 מ""ל",false,1,11.90,3.9667,true,1,51465
8718951333048,false,"פלמוליב סבון לידיים למטבח, 300 מ""ל",הנסיך- מפעל לייצור ט,IT,פלמוליב סבון ידיים למנרטל ריחות למטבח 300 מל,מיליליטרים,300.00,"100 מ""ל",false,1,11.90,3.9667,true,1,52746
8718951334120,false,"מרכך כביסה מרוכז סופלין לבנדר 650 מ""ל",CP UK,GR,"סופלין מרכך כביסה מרוכז לבנדר 650 מ""ל",מיליליטרים,650.00,"100 מ""ל",false,1,11.90,1.8308,true,1,50324
8718951385290,false,אגקס לניקוי כללי כחול 2 ל',קולגייט פלמוליב,GR,נוזל לניקוי כללי ורצפות אג'קס 2 ליטר,ליטרים,2.00,ליטר,false,1,22.90,11.4500,true,1,52337
8719200998001,false,מרגרינה לאפיה ובישול בלי מלח 200 ג' בלו בנד,מיוצר עי קונדיטוריית,IL,בלו בנד עם מלח 200 גרם,גרמים,200.00,100 גרם,false,1,4.70,2.3500,true,1,49396
8719200998018,false,מחמאה מרגרינה בטעם חמאה 200 ג' בלו בנד,פארייפאבה אגרואינדוס,IL,מרגרינה בטעם חמאה מחמאה 200 גרם,גרמים,200.00,100 גרם,false,1,5.30,2.6500,true,1,24
8720100012445,false,בקרסלנד וופל טוסט בל,דה בנקט גרופ,,ופל טוסט בלגי 12 יחידות 250 גרם,גרמים,250.00,100 גרם,false,1,12.90,5.1600,true,1,13660
8720181046605,false,דאב - דאודורנט ספריי לאישה אורגינל כחול 150מל,"קוסטר אירוסול, גבזה",TR,דאב דאודורנט ספריי אוריגינל 150 מל,מיליליטרים,150.00,"100 מ""ל",false,1,14.90,9.9333,true,1,56594
8720181114496,false,"אקס - דאודורנט ספריי לגבר שוקולד 150 מ""ל",יוניליוור,GB,"ספרי גוף אקס שוקולד 150 מ""ל",מיליליטרים,150.00,"100 מ""ל",false,1,13.90,9.2667,true,1,55381
8720182990396,false,תה ליפטון שחור קלאסי,ליפטון,GB,"תה ליפטון שחור קלאסיק, 180 גרם",גרמים,180.00,100 גרם,false,1,14.90,8.2778,true,1,56171
8801055707966,false,קפה טייסטר צו'יס נס קפה בריסטה 180ג',נסטלה קוריאה - קפה,IL,נסקפה טייסטר צויס בריסטה 180 גרם,גרמים,180.00,100 גרם,false,1,35.90,19.9444,true,1,28645
8801055708772,false,קפה טייסטר צ'ויס 200גר+50גר' מארז,נסטלה קוריאה - קפה,IL,טייסטרס צויס מארז 8*200ג'+50ג',גרמים,250.00,100 גרם,false,1,34.90,13.9600,true,1,49459
8801055709465,false,אבקה להכנת משקה קפה בטעם קפוצ'ינו וניל,נסטלה קוריאה - קפה,DE,אבקה להכנת משקה קפה בטעם וניל 18.5 גרם,גרמים,19.00,100 גרם,false,1,21.90,115.2632,true,1,55112
8801055709472,false,נסטלה - נסקפה קפוצ'ינו קלאסי 12.50 גרם * 10,נסטלה קוריאה - קפה,DE,אבקה להכנת משקה קפה בטעם קפוצינו 125 גר,גרמים,125.00,100 גרם,false,1,21.90,17.5200,true,1,55113
8802241132821,false,חטיף אצות קלויות עם מלח 3 * 13.5 ג',"מאן גו'ן פוד בע""מ",,חטיף אצות 3 יח,גרמים,14.00,100 גרם,false,1,12.90,92.1429,true,1,43570
8850161160851,false,מי קוקוס קוקו מקס 35,טויו סייקאן קו.אל.טי,TH,"קוקו מקס 100% מי קוקוס 350 מ""ל",מיליליטרים,350.00,"100 מ""ל",false,1,9.50,2.7143,true,1,47196
8850161166204,false,"קרם קוקוס 17-19% 500 מ""ל - AMPAWA",אמפווה קוקונט פרודקט,TH,"אמפווה קרם קוקוס 500 מ""ל",מיליליטרים,500.00,"100 מ""ל",false,1,12.90,2.5800,true,1,48845
8850161167041,false,חלק קוקוס קוקו וואי,טויו טייקאן קו.אל.טי,TH,"קוקו וואי משקה קוקוס 270 מ""ל",מיליליטרים,270.00,"100 מ""ל",false,1,9.50,3.5185,true,1,47197
8850206250592,false,רוטב צ'ילי סריראצ'ה 540 גרם (מזרח ומערב),יאן וואל יון קו.לטד,TH,מזרח ומערב רוטב צ'ילי סיראצ'ה 540 גרם,גרמים,540.00,100 גרם,false,1,19.90,3.6852,true,1,55388
8850367994021,false,רוטב צילי מתוק ללא ס,יאן ונזל יון,TH,"רוטב צילי מתוק ללא סוכר 280 מ""ל (כ)(ללא גלוטן)",מיליליטרים,280.00,"100 מ""ל",false,1,11.90,4.2500,true,1,54716
8850389103111,false,"סאפה אלוורה ענבים 300מ""ל",סאפה פובליק קומפני ל,TH,"סאפה אלוורה ענבים בקבוק 300 מ""ל",מיליליטרים,300.00,"100 מ""ל",false,1,7.90,2.6333,true,1,9783
8850389103128,false,"סאפה אלוורה תפוח 300מ""ל",סאפה פובליק קומפני ל,TH,"סאפה תפוח בקבוק 300 מ""ל 24 יח",מיליליטרים,300.00,"100 מ""ל",false,1,7.90,2.6333,true,1,9784
8850389103159,false,"משקה ליצ'י עם חתיכות גלי קוקוס 320 מ""ל מוגו מוגו",סאפה פובליק קומפני ל,TH,מוגו מוגו ליצ'י עם חתיכות ג'לי קוקוס,מיליליטרים,320.00,"100 מ""ל",false,1,7.90,2.4687,true,1,54628
8850389104637,false,"סאפה אלוורה בטעם אפרסק 300 מ""ל",סאפה פובליק קומפני ל,TH,"סאפה אלוורה אפרסק בקבוק 300 מ""ל",מיליליטרים,300.00,"100 מ""ל",false,1,7.90,2.6333,true,1,15568
8850389105825,false,סאפה אלוורה ענבים 1ליטר,סאפה פובליק קומפני ל,TH,סאפה משקה אלוורה בטעם ענבים,ליטרים,1.00,ליטר,false,1,15.90,15.9000,true,1,17355
8850389105832,false,משקה אלוורה בטעם תפוחים,סאפה פובליק קומפני ל,TH,סאפה תפוח אלוורה בקבוק ליטר,ליטרים,1.00,ליטר,false,1,15.90,15.9000,true,1,17810
8850389105849,false,משקה אלוורה בטעם אפרסק,סאפה פובליק קומפני ל,TH,סאפה אפרסק אלוורה בקבוק ליטר,ליטרים,1.00,ליטר,false,1,15.90,15.9000,true,1,17356
8850389111352,false,"משקה מלון עם חתיכות גלי קוקוס 320 מ""ל מוגו מוגו",סאפה פובליק קומפני ל,TH,מוגו מוגו מלון עם חתיכות ג'לי קוקוס,מיליליטרים,320.00,"100 מ""ל",false,1,7.90,2.4687,true,1,54629
8850389115312,false,"סאפה אלוורה מלון 300 מ""ל",סאפה פובליק קומפני ל,TH,"סאפה אלוורה מלון בקבוק 300 מ""ל",מיליליטרים,330.00,"100 מ""ל",false,1,7.90,2.3939,true,1,43398
8850389115336,false,סאפה מלון בקבוק תריסר 1ל',סאפה פובליק קומפני ל,TH,סאפה משקה אלוורה בטעם מלון,ליטרים,1.00,ליטר,false,1,15.90,15.9000,true,1,43399
8850632604259,false,חיספוסים ממתק בטעם תות שדה בצורת מקלות,ג'נרל קנדי בעמ,TH,ממתק תות שדה בצורת מקלות יוגטה 50 גרם,גרמים,50.00,100 גרם,false,1,5.90,11.8000,true,1,16545
8850632604266,false,יוגטה מקלות חמוצות בטעם קולה 50 גרם 24 יח',ג'נרל קנדי בעמ,TH,"יוגטה, ממתק חמוץ בצורת מקלות בטעם קולה, 50 גרם",גרמים,50.00,100 גרם,false,1,5.90,11.8000,true,1,16534
8850632604372,false,יוגטה מקלות חמוצות שטיח - תות שדה 50 גרם,ג'נרל קנדי בעמ,TH,ממתק תות שדה בצורת שטיח יוגטה 50 גרם,גרמים,50.00,100 גרם,false,1,5.90,11.8000,true,1,16535
8850632604402,false,יוגטה מקלות חמוצות שטיח בטעם מעורב24 יח',"ג'נרל קנדי בע""מ",TH,ממתק תות ענבים בצורת שטיח יוגטה 50 גרם,גרמים,50.00,100 גרם,false,1,5.90,11.8000,true,1,16536
8852633020403,false,פניני טפיוקה מזרח ומ,Super J Internationa,TH,מזרח ומערב פניני טפיוקה 500 גרם,גרמים,500.00,100 גרם,false,1,12.90,2.5800,true,1,54710
8858271002870,false,רוטב פאד תאי מזרח ומ,"ייאן וואל יון בע""מ",TH,מזרח ומערב רוטב פאד תאי 250 מל,מיליליטרים,250.00,"100 מ""ל",false,1,13.90,5.5600,true,1,54694
8858271002887,false,רוטב טריאקי 250 מ'ל - מקסצ'אפ,דאנינג יוה פודס קו,TH,מזרח ומערב רוטב טריאקי 250 מל,מיליליטרים,250.00,"100 מ""ל",false,1,12.90,5.1600,true,1,54698
8858271003921,false,רוטב קארי אדום מקסצ',יאן וואל יאן,TH,רוטב קארי אדום 250 מל,מיליליטרים,250.00,"100 מ""ל",false,1,13.90,5.5600,true,1,54712
8858271003938,false,רוטב קארי ירוק מקסצא,"ייאן וואל יון בע""מ",TH,מזרח ומערב רוטב קארי ירוק 250 מל,מיליליטרים,250.00,"100 מ""ל",false,1,13.90,5.5600,true,1,54711
8858271004034,false,רוטב צילי חריף מקסצו,דאנינג יוה פודס קו,TH,מזרח ומערב רוטב צ'ילי חריף 700 מל,מיליליטרים,700.00,"100 מ""ל",false,1,16.90,2.4143,true,1,54900
8858271004300,false,רוטב טריאקי מקסצא'פ,דאנינג יוה פודס קו,CN,רוטב טריאקי 700 מל מקסצאפ,מיליליטרים,700.00,"100 מ""ל",false,1,21.90,3.1286,true,1,54707
8858271004799,false,רוטב צ'ילי מתוק מזרח,יאן ונזל יון,TH,מזרח ומערב רוטב צ'ילי מתוק 700 מל,מיליליטרים,700.00,"100 מ""ל",false,1,13.90,1.9857,true,1,54695
8888021200256,false,סוללות אנרגייזר שמינ,יצרן: אנרג'ייזר סינג,SG,סוללת אנרג'ייזר AA,Unknown,0.00,Unknown,false,1,28.90,0.0000,true,1,2907
8888021200720,false,סוללת אנרגייזר שמיני,יצרן: אנרג'ייזר סינג,SG,סוללת אנרג'ייזר AAA,Unknown,0.00,Unknown,false,1,28.90,0.0000,true,1,2223
8901537024014,false,"אורז בסמטי מובחר 1 ק""ג - דוואט) יורה דיעה",הנסיך- מפעל לייצור ט,IN,אורז בסמטי 1 DAAWAT קג,קילוגרמים,1.00,"ק""ג",false,1,14.90,14.9000,true,1,16735
8901571011018,false,סנסודיין שלישייה מב.שיניים סנסטיב סופט,הנקל,DE,מברשת שיניים סנסודיין שלישייה,יחידה,3.00,יחידה,false,1,13.90,4.6333,true,1,55494
8906059700385,false,טייסטל תבשיל הודי צא,טייסטל פיין פוד,IN,טייסטל תבשיל הודי צאנה מסאלה עם חומוס 3,גרמים,300.00,100 גרם,false,1,19.90,6.6333,true,1,55695
8906059700408,false,טייסטל תבשיל הודי דא,טייסטל פיין פוד,IN,טייסטל תבשיל הודי דאל מקאני עם שעועית 300 גרם,גרמים,300.00,100 גרם,false,1,19.90,6.6333,true,1,55697
8906059700507,false,טייסטל תבשיל הודי דא,טייסטל פיין פוד,IN,טייסטל תבשיל הודי דאל טדקה עם עדשים 300,גרמים,300.00,100 גרם,false,1,19.90,6.6333,true,1,55696
8934878081811,false,"דפי אורז 22 ס""מ 400 גר'(Trav) ללא גלוטן",דאנינג יוה פודס קו,CN,דפי אורז 22 סמ 400 גרם,גרמים,400.00,100 גרם,false,1,14.90,3.7250,true,1,54696
9001616202186,false,"בקבוק לתינוק 330 מ""ל 4+ חודשים Easy Active",טרופיקל דגיל תעשיות,AU,מאמ בקבוק תינוק 330 BOY,יחידה,1.00,יחידה,false,1,41.90,41.9000,true,1,49362
9002859080333,false,ברוסקטה עגבניות שמן,,,ברוסקטה עגבניות שמן זית גונץ 240 גרם,גרמים,240.00,100 גרם,false,1,20.90,8.7083,true,1,42844
9002859080364,false,ברוסקטה שום גונץ 240,GUNZ WARENHANDELS,,ברוסקטה שום גונץ 240 גרם,גרמים,240.00,100 גרם,false,1,20.90,8.7083,true,1,25140
9002975393836,false,סוכריות הריבו האפי ק,"האריבו , ג'י.אם.בי.א",AT,סוכריות גומי בטעם קולה 70 גרם,גרמים,70.00,100 גרם,false,1,8.90,12.7143,true,1,52969
9002975393843,false,סוכריות הריבו גולדבר,"האריבו , ג'י.אם.בי.א",AT,סוכריות גומי בטעמי פירות דובונים 70 גרם,גרמים,70.00,100 גרם,false,1,8.90,12.7143,true,1,52970
9002975393850,false,סוכריות גומי בטעמי פ,"האריבו , ג'י.אם.בי.א",AT,סוכריות גומי בטעמי פירות נחשים 70 גרם,גרמים,70.00,100 גרם,false,1,8.90,12.7143,true,1,52971
9044400851672,false,סוכריות פז סוגים שונים + 3 מילויים,פז פרודוקשיין,HU,סוכריות פז בובה,גרמים,26.00,100 גרם,false,1,13.90,53.4615,true,1,55087
9120025834723,false,חטיף אוראו מצונן 120 גרם רבנות,בובארד איטליה אס.פי.,IT,חטיפי אוראו מצונן 120גרם מאגדת,גרמים,120.00,100 גרם,false,1,15.90,13.2500,true,1,56005
9120025839896,false,חטיף מילקה מצונן 128 גר',בובארד איטליה אס.פי.,IT,חטיפי מילקה מצונן 128גרם מאגדת,גרמים,128.00,100 גרם,false,1,15.90,12.4219,true,1,56006
9310072028743,false,טים טם Tim Tam וופל שוקולד קלאסי,"ארנוטס ביסקוויטס בע""",AU,טים טם אורגינל 200 גר,גרמים,200.00,100 גרם,false,1,21.90,10.9500,true,1,28298
9310072028750,false,טים טם Tim Tam וופל שוקולד ציפוי כפול,"ארנוטס ביסקוויטס בע""",AU,טים טם דאבל 200 גר,גרמים,200.00,100 גרם,false,1,21.90,10.9500,true,1,27911
9322969000015,false,פריכיות תירס בטעם אורגינל ריל פודס 150 ג',אף.סי תבליני בגליל ב,AU,רילפוד- פריכיות תירס בטעם טבעי 150 גר',גרמים,150.00,100 גרם,false,1,14.90,9.9333,true,1,17339
9322969000022,false,פריכיות תירס עם סויה וזרעי פשתן ללא גלוטן,אף.סי תבליני בגליל ב,AU,פריכיות תירס עם סויה וזרעי פשת 150 גרם,גרמים,150.00,100 גרם,false,1,14.90,9.9333,true,1,17340
9322969000039,true,פריכיות תירס עם 4 דג,אף.סי תבליני בגליל ב,AU,פריכיות תירס עם 4 דגנים מלאים,גרמים,150.00,100 גרם,false,1,14.90,9.9333,true,1,45245
9322969000046,false,פריכיות תירס שומשום אורגני ריל פודס 150 ג',אף.סי תבליני בגליל ב,AU,ריל פוד פריכיות תירס עם שומשום 150 גרם,גרמים,150.00,100 גרם,false,1,14.90,9.9333,true,1,17341
9421018071508,false,יין מאד האוס סוביניו,קוואליטי ווין,NZ,מאד האוס כשר סוביניון בלאן כשר,מיליליטרים,750.00,"100 מ""ל",false,1,64.90,8.6533,true,1,48865
