code,internal_code,name,manufacturer_name,manufacture_country,manufacturer_item_description,unit_qty,quantity,unit_of_measure,weighted,qty_in_package,price,unit_of_measure_price,allow_discount,status,item_id
196,true,גודי פטור מעמ,ספקים שונים,,,יח`,1,,false,1,0.01,0.01,false,1,
319,true,תו סיבוס פטור מעמ,ספקים שונים,,,יח`,1,,false,1,0.01,0.01,false,1,
321,true,תן ביס פטור מעמ,ספקים שונים,,,יח`,1,,false,1,0.01,0.01,false,1,
501,true,ראש קוקוס,בכורי שדה דרום 2002 בעמ,,,יח`,1,,false,1,10.90,10.90,false,1,
600,true,סנדוויץ`עובד,קבוצת אסם סחר שות. מוגבלת,,,יח`,1,,false,1,3,3,false,1,
2002,true,אשכולית אדומה,תעשיות תוצרת חקלאית אביטן בני,,,"ק""ג",1,,true,1,6.90,6.90,false,1,
2003,true,אבוקדו,גליל שוק מקומי אגשח*שיק ל60 יו,,,"ק""ג",1,,true,1,9.90,9.90,false,1,
2006,true,ארטישוק,אנונה שיווק בעמ*שיק 45 יום*,,,"ק""ג",1,,true,1,29.90,29.90,false,1,
2007,true,בטטה,משק כרמי ייצור ושיווק תוצרת*שי,,,"ק""ג",1,,true,1,9.90,9.90,false,1,
2009,true,בננות,גליל שוק מקומי אגשח*שיק ל60 יו,,,"ק""ג",1,,true,1,7.90,7.90,false,1,
2010,true,בצל יבש,רביבו יהודה חקלאות ונכסים בעמ,,,"ק""ג",1,,true,1,6.90,6.90,true,1,
2012,true,אננס,פירות הכרמל אגשח בעמ*שיק 45 יו,,,יח`,1,,false,1,30,30,false,1,
2015,true,דלעת,שוסטר תעשיות מזון בעמ*שיק ל 60,,,"ק""ג",1,,true,1,9.90,9.90,false,1,
2016,true,דלורית,שוסטר תעשיות מזון בעמ*שיק ל 60,,,"ק""ג",1,,true,1,7.90,7.90,true,1,
2017,true,תפוח זהוב,בראשית - אגודה שיתופית*שיק 45,,,"ק""ג",1,,true,1,10.90,10.90,false,1,
2019,true,חסה עגולה,הירוקים של רצון בעמ,,,יח`,1,,false,1,5.90,5.90,false,1,
2020,true,חסה רגילה,הירוקים של רצון בעמ,,,יח`,1,,false,1,5.90,5.90,false,1,
2021,true,חצילים,שיווק העשור ירקות הזהב*שיק 30,,,"ק""ג",1,,true,1,8.90,8.90,false,1,
2022,true,ירק,א.אדמה (2007) בעמ,,,יח`,1,,false,1,3.90,3.90,false,1,
2023,true,תפוח יונתן,בראשית - אגודה שיתופית*שיק 45,,,"ק""ג",1,,true,1,14.90,14.90,false,1,
2024,true,כרוב לבן,תעשיות תוצרת חקלאית אביטן בני,,,"ק""ג",1,,true,1,3.90,3.90,true,1,
2025,true,כרובית,ד.ע. ימין גידול ושיווק ירקות*ש,,,"ק""ג",1,,true,1,8.90,8.90,false,1,
2027,true,לימון,גליל שוק מקומי אגשח*שיק ל60 יו,,,"ק""ג",1,,true,1,9.90,9.90,false,1,
2028,true,מלפפון,נסים מאיר חקלאי בעמ*שיק 30 יום,,,"ק""ג",1,,true,1,6.90,6.90,false,1,
2029,true,מלון,בננות החוף אגשח בעמ,,,"ק""ג",1,,true,1,9.90,9.90,false,1,
2033,true,תפוח סמיט,בראשית - אגודה שיתופית*שיק 45,,,"ק""ג",1,,true,1,10.90,10.90,false,1,
2034,true,תפוח סטארקינג חרמון,בראשית - אגודה שיתופית*שיק 45,,,"ק""ג",1,,true,1,10.90,10.90,false,1,
2035,true,סלק,מלוא הסל שיווק ירקות בעמ*שיק 3,,,"ק""ג",1,,true,1,6.90,6.90,true,1,
2036,true,עגבניה,שיווק העשור ירקות הזהב*שיק 30,,,"ק""ג",1,,true,1,6.90,6.90,true,1,
2038,true,פטריות שמפיניון יחידה,מרינה פטריות הגליל בעמ,,,יח`,1,,false,1,9.90,9.90,true,1,
2040,true,פלפל ירוק,ינאי - מרכז פרי והירק בעמ*שיק,,,"ק""ג",1,,true,1,10.90,10.90,false,1,
2041,true,פלפל חריף,שיווק העשור ירקות הזהב*שיק 30,,,"ק""ג",1,,true,1,10.90,10.90,false,1,
2043,true,צנונית,תוצרת הנגב אגודה שיתופית חקלאי,,,יח`,1,,false,1,6.90,6.90,true,1,
2044,true,צנון,עמית בראון שיווק עמ*שיק 40 יום,,,"ק""ג",1,,true,1,6.90,6.90,false,1,
2046,true,קולורבי,תעשיות תוצרת חקלאית אביטן בני,,,"ק""ג",1,,true,1,9.90,9.90,false,1,
2047,true,קלמנטינה,תעשיות תוצרת חקלאית אביטן בני,,,"ק""ג",1,,true,1,7.90,7.90,false,1,
2048,true,קישואים,אשר שי אלבז *שיק 30 יום*,,,"ק""ג",1,,true,1,9.90,9.90,false,1,
2049,true,קיווי,בראשית - אגודה שיתופית*שיק 45,,,"ק""ג",1,,true,1,9.90,9.90,false,1,
2050,true,פומלית,תעשיות תוצרת חקלאית אביטן בני,,,"ק""ג",1,,true,1,9.90,9.90,false,1,
2051,true,לפת,מלוא הסל שיווק ירקות בעמ*שיק 3,,,"ק""ג",1,,true,1,6.90,6.90,false,1,
2054,true,שומר,תעשיות תוצרת חקלאית אביטן בני,,,"ק""ג",1,,true,1,7.90,7.90,false,1,
2058,true,תפוא לבן,עוגן שיווק ואריזות בעמ,,,"ק""ג",1,,true,1,3.90,3.90,true,1,
2059,true,תפוזים,הדרי קטיף אריזה ושיווק בעמ*שיק,,,"ק""ג",1,,true,1,6.90,6.90,false,1,
2060,true,תירס ארוז,צמח שיווק תוצרת חקלאית *שיק 30,,,"ק""ג",1,,true,1,10.90,10.90,false,1,
2061,true,פלפל אדום,י.ל. החקלאים שיווק והפצה בעמ*ש,,,"ק""ג",1,,true,1,10.90,10.90,false,1,
2064,true,כרוב אדום,תעשיות תוצרת חקלאית אביטן בני,,,"ק""ג",1,,true,1,6.90,6.90,false,1,
2065,true,פלפל חריף אדום,דובדבן שיווק בעמ*שיק 60 יום*,,,"ק""ג",1,,true,1,10.90,10.90,false,1,
2067,true,פלפל צהוב,ב.ד. גידול ירקות בעמ*שיק 30 יו,,,"ק""ג",1,,true,1,10.90,10.90,false,1,
2068,true,אפרסמון,מור פירות השרון בעמ* שיק 45 יו,,,"ק""ג",1,,true,1,9.90,9.90,false,1,
2072,true,בצל אדום,רביבו יהודה חקלאות ונכסים בעמ,,,"ק""ג",1,,true,1,7.90,7.90,false,1,
2074,true,שרי ארוז,צימן עגבניות שיווק רמת הנגב בע,,,יח`,1,,false,1,9.90,9.90,false,1,
2082,true,תפוח פינק,בראשית - אגודה שיתופית*שיק 45,,,"ק""ג",1,,true,1,13.90,13.90,false,1,
2084,true,דלעת ערמונים,שוסטר תעשיות מזון בעמ*שיק ל 60,,,"ק""ג",1,,true,1,9.90,9.90,false,1,
2092,true,פלפל שושקה,י.ל. החקלאים שיווק והפצה בעמ*ש,,,"ק""ג",1,,true,1,13.90,13.90,false,1,
2094,true,תפוח ענה,ח.ע בסד שיווק פירות בעמ,,,"ק""ג",1,,true,1,10.90,10.90,false,1,
2095,true,סברס,מהדרין תנופורט יצוא *שיק 30 יו,,,"ק""ג",1,,true,1,29.90,29.90,false,1,
2099,true,שזיף אדום,בועז את עמיר בעמ*שיק 40 יום*,,,"ק""ג",1,,true,1,15.90,15.90,false,1,
2100,true,דלעת יפנית,שוסטר תעשיות מזון בעמ*שיק ל 60,,,"ק""ג",1,,true,1,18.90,18.90,false,1,
2106,true,חבוש,בכורי שדה דרום 2002 בעמ,,,"ק""ג",1,,true,1,7.90,7.90,false,1,
2113,true,פלפל כתום,י.ל. החקלאים שיווק והפצה בעמ*ש,,,"ק""ג",1,,true,1,10.90,10.90,false,1,
2114,true,ערמונים תפזורת,בכורי שדה דרום 2002 בעמ,,,"ק""ג",1,,true,1,19.90,19.90,false,1,
2116,true,קישואים עגולים,עמית בראון שיווק עמ*שיק 40 יום,,,"ק""ג",1,,true,1,10.90,10.90,false,1,
2120,true,תפוא אדום,עוגן שיווק ואריזות בעמ,,,"ק""ג",1,,true,1,4.90,4.90,false,1,
2122,true,רימון,אלדד קליימן שיווק בעמ*שיק 40 י,,,"ק""ג",1,,true,1,8.90,8.90,false,1,
2127,true,ענבים ירוקים טלי,לכיש מושב עובדים להתישבות*30 י,,,"ק""ג",1,,true,1,29.90,29.90,false,1,
2128,true,פסיפלורה,מורנים פירות סובטרופים בעמ,,,יח`,1,,false,1,19.90,19.90,false,1,
2130,true,אנונה,גליל שוק מקומי אגשח*שיק ל60 יו,,,"ק""ג",1,,true,1,17.90,17.90,false,1,
2132,true,ברוקולי ארוז,בננות החוף אגשח בעמ,,,יח`,1,,false,1,10,10,false,1,
2144,true,קישוא זוקיני,שיווק העשור ירקות הזהב*שיק 30,,,"ק""ג",1,,true,1,10.90,10.90,false,1,
2158,true,תפוזים ברשת,מהדרין תנופורט יצוא *שיק 30 יו,,,"ק""ג",1,,true,1,5.90,5.90,false,1,
2165,true,פטריות תפזורת גדולות למילוי,חוות השמפיניון בעמ,,,"ק""ג",1,,true,1,39.90,39.90,false,1,
2170,true,שעועית ירוקה,בננות החוף אגשח בעמ,,,יח`,1,,false,1,9.90,9.90,false,1,
2186,true,תפוח גלה,בראשית - אגודה שיתופית*שיק 45,,,"ק""ג",1,,true,1,10.90,10.90,false,1,
2252,true,פטיה,טריג חברה ליבוא ומסחר בעמ,,,"ק""ג",1,,true,1,19.90,19.90,false,1,
2556,true,עגבניות חתוכות דק 400  גר`בודד,רסטרטו יבוא ושיווק בעמ*אין החז,,,יח`,4,100 גרם,false,1,5.90,1.48,true,1,
7267,true,סופגניה בונז`ור בציפוי,קבוצת אסם סחר שות. מוגבלת,,,יח`,1,,false,1,5.90,5.90,false,1,
9391,true,אוסובוקו עגל טרי מוכשר,אדום אדום - תנובה בקר,,,"ק""ג",1,"ק""ג",true,1,49.90,49.90,true,1,
38995,true,חזה עגל כשר,אדום אדום - תנובה בקר,,,"ק""ג",1,"ק""ג",true,1,49.90,49.90,true,1,
46662,true,סקנדינבית 31% תנובה,תנובה - חלב,,,"ק""ג",10,100 גרם,true,1,76,7.60,false,1,
47485,true,בולגרית פיראוס 24% פח 3  קג`תנובה,תנובה - חלב,,,"ק""ג",10,100 גרם,true,1,56,5.60,false,1,
50002,true,ארטישוק וולט,ספקים שונים,,,יח`,1,,false,1,9.90,9.90,false,1,
72333,true,לחמניה דגנים בונז`ור,קבוצת אסם סחר שות. מוגבלת,,,יח`,1.20,100 גרם,false,1,3.90,3.25,false,1,
395408,true,גבנצ 28% נעם חריץ פיקוח מעדנייה,החב` המרכזית - טרה,,,"ק""ג",10,100 גרם,true,1,44.79,4.48,false,1,
395415,true,גבנצ 9% נעם חריץ מעדנייה,החב` המרכזית - טרה,,,"ק""ג",10,100 גרם,true,1,76,7.60,false,1,
395422,true,גבנצ 22% נעם חריץ פיקוח מעדנייה,החב` המרכזית - טרה,,,"ק""ג",10,100 גרם,true,1,42.58,4.26,false,1,
485232,true,צלי כתף טרי מוכשר,אדום אדום - תנובה בקר,,,"ק""ג",1,,true,1,89.90,89.90,true,1,
554792,true,בולגרית 5% 16%  מעודנת- גד מעדניה,מחלבות גד שיווק 1992 בעמ,,,"ק""ג",10,100 גרם,true,1,58,5.80,false,1,
554945,true,קאש גד מעדניה,מחלבות גד שיווק 1992 בעמ,,,"ק""ג",10,100 גרם,true,1,69,6.90,false,1,
659312,true,פילה סלמון תנובה בואקום קפוא,תנובה קפואים,,,"ק""ג",1,,true,1,74.90,74.90,false,1,
753218,true,חצי בגט,מאפיית קציר חיטים בעמ,,,יח`,1,,false,1,3.90,3.90,false,1,
756325,true,כתף טרי מוכשר ללא עצם,אדום אדום - תנובה בקר,,,"ק""ג",1,"ק""ג",true,1,79.90,79.90,true,1,
954127,true,בורקס גבינה,מאפיית קציר חיטים בעמ,,,"ק""ג",1,,true,1,30,30,false,1,
1121672,true,פסטרמה מעודנת בפפריקה 300  גר`יחיעם,מעדני יחיעם (1993) בעמ,,,יח`,3,100 גרם,false,1,22.40,7.47,true,1,
1121788,true,נקנקיות עוף טבעיות יחיעם (400 גרם),מעדני יחיעם (1993) בעמ,,,יח`,4,100 גרם,false,1,15.20,3.80,false,1,
1230331,true,כאמל בוקס,גלוברנדס בעמ - שיווק סיגריות,,,יח`,1,,false,1,34,34,true,1,
1230739,true,כאמל כחול,גלוברנדס בעמ - שיווק סיגריות,,,יח`,1,,false,1,34,34,true,1,
1235938,true,וינסטון כחול ארוך,גלוברנדס בעמ - שיווק סיגריות,,,יח`,1,,false,1,33.50,33.50,true,1,
1415863,true,פילסברי חלה מתוקה (חת כדורים),קונסיגנציה ג`נרל מילס ישראל בע,,,יח`,1,,false,1,11.90,11.90,true,1,
1461075,true,פילסברי חלה שמינייה,קונסיגנציה ג`נרל מילס ישראל בע,,,יח`,1,,false,1,11.90,11.90,true,1,
1516065,true,חזה עוף פרוס דק דק טרי ארוז,קורניש חן (1987) בעמ,,,"ק""ג",1,,true,1,37.90,37.90,true,1,
2129257,true,צוואר טרי יבוא חלק ארגנטיני,בלדי בעמ,,,"ק""ג",1,,true,1,39.90,39.90,false,1,
2206019,true,כרעיים עוף טרי ארוז,קורניש חן (1987) בעמ,,,"ק""ג",1,,true,1,25.90,25.90,true,1,
2206026,true,ירך עוף טרי ארוז,קורניש חן (1987) בעמ,,,"ק""ג",1,,true,1,25.90,25.90,true,1,
2206033,true,שוקיים עוף טרי ארוז,קורניש חן (1987) בעמ,,,"ק""ג",1,,true,1,29.90,29.90,false,1,
2206040,true,כנפיים עוף טרי ארוז,קורניש חן (1987) בעמ,,,"ק""ג",1,,true,1,12.90,12.90,true,1,
2206057,true,חזה עוף טרי שלם ארוז,קורניש חן (1987) בעמ,,,"ק""ג",1,,true,1,32.90,32.90,true,1,
2206101,true,סטייק פרגית ללא עור,קורניש חן (1987) בעמ,,,"ק""ג",1,,true,1,54.90,54.90,true,1,
2206118,true,כבד עוף לצליה טרי ארוז,קורניש חן (1987) בעמ,,,"ק""ג",1,,true,1,15.90,15.90,false,1,
2206125,true,לבבות עוף טרי ארוז,קורניש חן (1987) בעמ,,,"ק""ג",1,,true,1,26.90,26.90,false,1,
2209071,true,פילה עוף טרי ארוז,קורניש חן (1987) בעמ,,,"ק""ג",1,,true,1,34.90,34.90,false,1,
2300878,true,גבינת צדר אנגלית במשקל,א. סיימן סחר בעמ,,,"ק""ג",10,100 גרם,true,1,130,13,false,1,
2300885,true,גבינת צ`דר אנגלי כתום משקל,א. סיימן סחר בעמ,,,"ק""ג",10,100 גרם,true,1,130,13,false,1,
2370055,true,גבינת גאודה עיזים חצי קשה 32% שומן,ג.וילי-פוד אינטרנשיונל **גבינו,,,"ק""ג",10,100 גרם,true,1,118,11.80,false,1,
2370475,true,גבינת דנהבלו בשלה עם עובש כחול 31% מעדנ,ג.וילי-פוד אינטרנשיונל **גבינו,,,"ק""ג",10,100 גרם,true,1,55,5.50,false,1,
2385455,true,בולגרית מעודנת 24% מעדנייה גד,מחלבות גד שיווק 1992 בעמ,,,"ק""ג",10,100 גרם,true,1,65,6.50,false,1,
2447269,true,לב עגל טרי מוכשר מוב,אדום אדום - תנובה בקר,,,"ק""ג",1,"ק""ג",true,1,24.90,24.90,false,1,
2447405,true,צוואר ללא עצם מוכשר טרי מ,אדום אדום - תנובה בקר,,,"ק""ג",1,,true,1,54.90,54.90,true,1,
2447924,true,קיט נתחים לקצב טחון מוכשר,אדום אדום - תנובה בקר,,,"ק""ג",1,,true,1,44.90,44.90,true,1,
2608127,true,פילסברי בייגל רומני,קונסיגנציה ג`נרל מילס ישראל בע,,,יח`,1,,false,1,4.50,4.50,true,1,
2608219,true,פילסברי מאפה פילו נוגט,קונסיגנציה ג`נרל מילס ישראל בע,,,"ק""ג",10,"ק""ג",true,1,42,4.20,false,1,
2608363,true,פילסברי לחמניות המבורגר רביעייה,קונסיגנציה ג`נרל מילס ישראל בע,,,יח`,1,,false,1,13.90,13.90,false,1,
2612087,true,סטייק אנטריקוט טרי יבוא חלק ארגנטיני,בלדי בעמ,,,"ק""ג",1,,true,1,149,149,false,1,
2750154,true,פילסברי לחמניות יאמיס שישייה,קונסיגנציה ג`נרל מילס ישראל בע,,,יח`,1,,false,1,13.90,13.90,false,1,
2750178,true,פילסברי ג`בטה כפרית,קונסיגנציה ג`נרל מילס ישראל בע,,,יח`,1,,false,1,4.50,4.50,false,1,
2750406,true,סופגניה פילסברי,קונסיגנציה ג`נרל מילס ישראל בע,,,יח`,1,,false,1,4.90,4.90,false,1,
2750918,true,פילסברי פילו ריקוטה קשקבל ובולגרית,קונסיגנציה ג`נרל מילס ישראל בע,,,"ק""ג",10,"ק""ג",true,1,42,4.20,false,1,
2757535,true,בורקס פילו אצבעות גבינה 700 שלושת האופים,נטו מלינדה סחר בעמ,,,יח`,7,100 גרם,false,1,20.90,2.99,true,1,
3423909,true,חטיף שוקולד לבן עם שברי עוגיות הרשי 43 ג,ליימן שליסל בעמ,,,יח`,1,,false,1,5.70,5.70,false,1,
3796021,true,רצועות לטחינה /בשר לחמין קפוא,נחמיה לחוביץ בעמ,,,"ק""ג",1,,true,1,19.90,19.90,false,1,
3893843,true,פילה מושט ללא עור,בלו פיש גורמה סולושנס בעמ,,,"ק""ג",1,,true,1,29.90,29.90,false,1,
4026448,true,פילסברי בורקיטס בולגרית,קונסיגנציה ג`נרל מילס ישראל בע,,,"ק""ג",10,"ק""ג",true,1,42,4.20,false,1,
4026530,true,פילסברי בורקס ירושלמי,קונסיגנציה ג`נרל מילס ישראל בע,,,"ק""ג",10,100 גרם,true,1,42,4.20,true,1,
4033705,true,הבורגריה לחמניות המבוגר ביג לוקס 6 יח`,י.את א. ברמן בעמ,,,יח`,6,100 גרם,false,1,13.50,2.25,false,1,
4033712,true,לחם עננים מקמח מלא 750 גרם.,י.את א. ברמן בעמ,,,יח`,7.50,100 גרם,false,1,15.50,2.07,true,1,
4033736,true,לחם עננים בסגנון בריוש 500 גר`,י.את א. ברמן בעמ,,,יח`,5,100 גרם,false,1,14.90,2.98,true,1,
4256685,true,סטייק אנטריקוט טרי יבוא מוכשר ארגנטיני,בלדי בעמ,,,"ק""ג",1,,true,1,149,149,false,1,
4649159,true,בשר  מס`5 צלי כתף חלק מוביל,נחמיה לחוביץ בעמ,,,"ק""ג",1,,true,1,59.90,59.90,false,1,
5079412,true,גבנצ חריץ אמנטל נעם מעדנייה,החב` המרכזית - טרה,,,"ק""ג",10,100 גרם,true,1,72,7.20,false,1,
5079474,true,מוצרלה-נעם  מעדנייה,החב` המרכזית - טרה,,,"ק""ג",10,100 גרם,true,1,84,8.40,false,1,
5384899,true,גבינת פטינה 21% מעדניה,ג.וילי-פוד אינטרנשיונל **גבינו,,,"ק""ג",10,100 גרם,true,1,29,2.90,false,1,
5719158,true,פילסברי בייגל סימיט,קונסיגנציה ג`נרל מילס ישראל בע,,,יח`,1,,false,1,4.50,4.50,true,1,
5719318,true,4 יח`לחמניות המבורגר מאפית,קונסיגנציה ג`נרל מילס ישראל בע,,,יח`,1,,false,1,12.90,12.90,false,1,
5992858,true,פטה עיזים 5%-20% גד מעדניה,מחלבות גד שיווק 1992 בעמ,,,"ק""ג",10,100 גרם,true,1,115,11.50,false,1,
6131188,true,פילה סלמון,נ.ת.נ.ג.ב החזקות יעוץ וניהול ב,,,"ק""ג",1,,true,1,69.90,69.90,true,1,
6131706,true,פילה  אמנון(מושט) קפוא,נחמיה לחוביץ בעמ,,,"ק""ג",1,,true,1,24.90,24.90,false,1,
6131829,true,פילה סלמון מנות,נ.ת.נ.ג.ב החזקות יעוץ וניהול ב,,,"ק""ג",1,,true,1,84.90,84.90,false,1,
6210203,true,בורקס תפוא בונז`ור,קבוצת אסם סחר שות. מוגבלת,,,"ק""ג",10,100 גרם,true,1,39,3.90,false,1,
6210258,true,תפוחיות שמרים בונז`ור,קבוצת אסם סחר שות. מוגבלת,,,"ק""ג",10,100 גרם,true,1,40,4,false,1,
6210661,true,באגט בונז`ור,קבוצת אסם סחר שות. מוגבלת,,,יח`,1,,false,1,6.90,6.90,true,1,
6804051,true,פילסברי בורקס גבינה,קונסיגנציה ג`נרל מילס ישראל בע,,,"ק""ג",10,"ק""ג",true,1,42,4.20,true,1,
6804068,true,פילסברי בורקס תפוא,קונסיגנציה ג`נרל מילס ישראל בע,,,"ק""ג",10,"ק""ג",true,1,42,4.20,true,1,
6804136,true,פילסברי קרואסון,קונסיגנציה ג`נרל מילס ישראל בע,,,"ק""ג",10,"ק""ג",true,1,42,4.20,false,1,
6804143,true,פילסברי רוגעלך,קונסיגנציה ג`נרל מילס ישראל בע,,,"ק""ג",10,"ק""ג",true,1,42,4.20,false,1,
6804174,true,פילסבורי שנק קינמון,קונסיגנציה ג`נרל מילס ישראל בע,,,"ק""ג",10,100 גרם,true,1,42,4.20,false,1,
6804426,true,פילסברי לחמניות כריך (ילדים) כפרי,קונסיגנציה ג`נרל מילס ישראל בע,,,יח`,1,,false,1,1.90,1.90,true,1,
6804457,true,פילסברי בורקס תורכי פיצה,קונסיגנציה ג`נרל מילס ישראל בע,,,"ק""ג",10,"ק""ג",true,1,42,4.20,true,1,
6805362,true,חצי בגט פילסברי,קונסיגנציה ג`נרל מילס ישראל בע,,,יח`,1,,false,1,3.20,3.20,true,1,
6805683,true,פילסברי לחמניית שמינייה דגנים,קונסיגנציה ג`נרל מילס ישראל בע,,,יח`,1,,false,1,4.50,4.50,false,1,
6806499,true,פילסברי לחמנייה דגנים וגרעינים,קונסיגנציה ג`נרל מילס ישראל בע,,,יח`,1,,false,1,4.50,4.50,false,1,
8175777,true,איבריקו ויליפוד,ג.וילי-פוד אינטרנשיונל **גבינו,,,"ק""ג",10,100 גרם,true,1,80,8,false,1,
8211147,true,גבינת גאודה חצי קשה,א. סיימן סחר בעמ,,,"ק""ג",10,100 גרם,true,1,125,12.50,false,1,
8577267,true,עוף טרי שלם ארוז,קורניש חן (1987) בעמ,,,"ק""ג",1,,true,1,19.90,19.90,true,1,
8618007,true,דג פילה סלמון טרי פרוס מגש,מאסטרפוד בעמ,,,"ק""ג",1,,true,1,109,109,false,1,
8618038,true,פילה לברק טרי מגש,מאסטרפוד בעמ,,,"ק""ג",1,,true,1,126,126,false,1,
8899505,true,בגט לבן פילסברי,קונסיגנציה ג`נרל מילס ישראל בע,,,יח`,1,,false,1,4.90,4.90,false,1,
8899512,true,פילסברי בגט כפרי,קונסיגנציה ג`נרל מילס ישראל בע,,,יח`,1,,false,1,4.90,4.90,false,1,
8899611,true,פילסברי בורקס תורכי גבינה,קונסיגנציה ג`נרל מילס ישראל בע,,,"ק""ג",1,,true,1,42,42,true,1,
8899628,true,פילסברי בורקס תורכי תפוא,קונסיגנציה ג`נרל מילס ישראל בע,,,"ק""ג",1,,true,1,42,42,true,1,
8899642,true,פילסברי בורקס תורכי פטריות,קונסיגנציה ג`נרל מילס ישראל בע,,,"ק""ג",1,,true,1,42,42,true,1,
8899727,true,פילסברי קוקיס אגוז,קונסיגנציה ג`נרל מילס ישראל בע,,,"ק""ג",1,,true,1,52,52,false,1,
32147230,true,מיץ לימון 200 מל,דנשר (1963) בעמ,,,יח`,2,"100 מ""ל",false,1,9.40,4.70,false,1,
42138105,true,וינסטון סופר סלימס כחול,גלוברנדס בעמ - שיווק סיגריות,,,יח`,1,,false,1,33.50,33.50,true,1,
54051157,true,מעדן סויה בטעם שוקולד אלפרו (125x4 גרם),שטראוס גרופ בעמ,,,יח`,5,100 גרם,false,1,16.90,3.38,false,1,
59039549,true,ווג פריזון לייט,גלוברנדס בעמ - שיווק סיגריות,,,יח`,1,,false,1,41,41,true,1,
59455233,true,סיגריות ווג ליידי כחול,גלוברנדס בעמ - שיווק סיגריות,,,יח`,1,,false,1,41,41,true,1,
72940754,true,מילקי וניל,שטראוס גרופ בעמ/מצונן,,,יח`,1.30,"100 מ""ל",false,1,2.90,2.23,false,1,
72940761,true,מילקי שוקו,שטראוס גרופ בעמ/מצונן,,,יח`,1.30,"100 מ""ל",false,1,2.90,2.23,false,1,
72940952,true,מילקי פי 2 קצפת,שטראוס גרופ בעמ/מצונן,,,יח`,1.70,"100 מ""ל",false,1,3.90,2.29,false,1,
72961506,true,יוגורט עם תות 1.5% פרילי (125 גרם),תנובה - חלב,,,יח`,1.25,"100 מ""ל",false,1,3.50,2.80,false,1,
72961520,true,יוגורט עם אננס 1.5% פרילי (125 גרם),תנובה - חלב,,,יח`,1.25,"100 מ""ל",false,1,3.50,2.80,false,1,
72963753,true,שמנת של פעם 27% תנובה (200 גרם),תנובה - חלב,,,יח`,2,"100 מ""ל",false,1,4.20,2.10,false,1,
72986233,true,מעדן חלב בטעם וניל באדי (125 גרם),תנובה - חלב,,,יח`,1.25,"100 מ""ל",false,1,2.90,2.32,false,1,
72986240,true,מעדן חלב בטעם שוקולד באדי (125 גרם),תנובה - חלב,,,יח`,1.25,"100 מ""ל",false,1,2.90,2.32,false,1,
72986370,true,גלידת פיינטים וניל צרפתי בן אנד גריס,מוצרי איכות אמריקאיים בעמ,,,יח`,4.20,"100 מ""ל",false,1,20.30,4.83,true,1,
72986424,true,גלידת פיינטים קרם עוגיות,מוצרי איכות אמריקאיים בעמ,,,יח`,4.20,"100 מ""ל",false,1,20.30,4.83,true,1,
72986448,true,גלידת פיינטים טופי קרנץ,מוצרי איכות אמריקאיים בעמ,,,יח`,4.20,"100 מ""ל",false,1,20.30,4.83,true,1,
72986479,true,גלידת פיינטים צאנקי מנקי,מוצרי איכות אמריקאיים בעמ,,,יח`,4.20,"100 מ""ל",false,1,20.30,4.83,true,1,
72989425,true,גלידת פיינטים שוקולד בראוניס,מוצרי איכות אמריקאיים בעמ,,,יח`,4.20,"100 מ""ל",false,1,20.30,4.83,true,1,
72991510,true,מונטנה פילטר,דובק בעמ,,,יח`,1,,false,1,35,35,true,1,
72991886,true,גלידת פיינטים בן אנד גריס פיינט 500 מל,מוצרי איכות אמריקאיים בעמ,,,יח`,5,"100 מ""ל",false,1,20.30,4.06,true,1,
72993637,true,דני שוקולד בודד,שטראוס גרופ בעמ/מצונן,,,יח`,1.25,"100 מ""ל",false,1,2.70,2.16,false,1,
72994061,true,Good2 פסק זמן 36 גרם,שטראוס גרופ בעמ,,,יח`,0.36,100 גרם,false,1,5.40,15,false,1,
80042563,true,פאסטה עגבניות 700mutti גרם,רסטרטו יבוא ושיווק בעמ*אין החז,,,יח`,7,100 גרם,false,1,13.50,1.93,true,1,
80050025,true,טיק טק תפוז,פרימיום-חברה לדברי מתיקה ולמסח,,,יח`,0.16,100 גרם,false,1,4.10,25.63,true,1,
80050124,true,טיק טק מנטה,פרימיום-חברה לדברי מתיקה ולמסח,,,יח`,0.16,100 גרם,false,1,4.10,25.63,true,1,
80052760,true,בואנו קינדר בודד,פרימיום-חברה לדברי מתיקה ולמסח,,,יח`,1,,false,1,3.90,3.90,false,1,
80136194,true,חטיף היפו אגוזי לוז 5 יח,פרימיום-חברה לדברי מתיקה ולמסח,,,יח`,0.90,100 גרם,false,1,12.50,13.89,false,1,
80176800,true,ממרח אגוזי לוז נוטלה (750 גרם),פרימיום-חברה לדברי מתיקה ולמסח,,,יח`,7.50,100 גרם,false,1,25.90,3.45,false,1,
80177173,true,ממרח אגוזי לוז נוטלה (350 גרם),פרימיום-חברה לדברי מתיקה ולמסח,,,יח`,3.50,100 גרם,false,1,14.90,4.26,false,1,
80177616,true,אצבעות שוקולד קינדר (8  יח`- 100 גרם),פרימיום-חברה לדברי מתיקה ולמסח,,,יח`,1,,false,1,7.90,7.90,false,1,
80310167,true,קינדר מקסי שישיה,פרימיום-חברה לדברי מתיקה ולמסח,,,יח`,1.25,100 גרם,false,1,10.90,8.72,false,1,
80761761,true,קינדר בואנו לבן בודד 0.43 גר`,פרימיום-חברה לדברי מתיקה ולמסח,,,יח`,0.43,100 גרם,false,1,3.90,9.07,false,1,
80773429,true,מסטיק מנטוס פיור פרש בטעם תות ללס 60 גר,ליימן שליסל בעמ,,,יח`,0.60,100 גרם,false,1,10.50,17.50,true,1,
80773443,true,מסטיק מנטוס בטעם מנטה עדין ללס,ליימן שליסל בעמ,,,יח`,0.60,100 גרם,false,1,10.50,17.50,true,1,
80790990,true,מסטיק מנטוס טעם פירות מנטה ללס,ליימן שליסל בעמ,,,יח`,0.60,100 גרם,false,1,10.50,17.50,true,1,
80854753,true,סוכריות מנטוס מנטה ללס,ליימן שליסל בעמ,,,יח`,1,,false,1,7.90,7.90,true,1,
80913467,true,מסטיק מנטוס טעם מנטה ללס 60 גר,ליימן שליסל בעמ,,,יח`,0.60,100 גרם,false,1,10.50,17.50,true,1,
80936848,true,טיק טק תות שדה,פרימיום-חברה לדברי מתיקה ולמסח,,,יח`,0.16,100 גרם,false,1,4.10,25.63,true,1,
87108019,true,מנטוס גליל טעם מנטה (37.5 גרם),ליימן שליסל בעמ,,,יח`,0.3750,100 גרם,false,1,4,10.67,false,1,
87108712,true,מנטוס רביעיה,ליימן שליסל בעמ,,,יח`,1.50,100 גרם,false,1,14.90,9.93,false,1,
87311396,true,מנטוס גליל 7 טעמים,ליימן שליסל בעמ,,,יח`,0.3750,100 גרם,false,1,4,10.67,false,1,
90162602,true,משקה אנרגיה רד בול (250 מל),דיפלומט היינץ,,,יח`,2.50,"100 מ""ל",false,1,6.90,2.64,true,1,
90162800,true,רד בול משקה אנרגיה 250 מל ללס,דיפלומט היינץ,,,יח`,2.50,"100 מ""ל",false,1,6.90,2.64,true,1,
16000423534,true,נייטשר וואלי 210  גר`שיבולת שועל ושוקולד,ליימן שליסל בעמ,,,יח`,2.10,100 גרם,false,1,14.90,7.10,false,1,
16000548404,true,נייטשר וואלי 210  גר`שיבולת שועל ודבש,ליימן שליסל בעמ,,,יח`,1.75,100 גרם,false,1,14.90,8.51,false,1,
16000548503,true,נייטשר וואלי 210  גר`מייפל וסוכר חום,ליימן שליסל בעמ,,,יח`,2.10,100 גרם,false,1,14.90,7.10,false,1,
18000701223,true,פילסברי תערובת שוקולד,ליימן שליסל בעמ,,,יח`,5.17,100 גרם,false,1,18.90,3.66,false,1,
18000703494,true,תערובת להכנת עוגת וניל פילסברי (500 גרם),ליימן שליסל בעמ,,,יח`,5.24,100 גרם,false,1,20.50,3.91,false,1,
22200956949,true,ספיד סטיק 24/7 ג`ל קול פיוזן יבוא מקביל,בית הצעצוע בעמ,,,יח`,0.51,100 גרם,false,1,15.90,31.18,false,1,
30000315989,true,קוואקר פרוטאין חמוציות ושקדים 372 גר`,שטראוס פריטו ליי בעמ,,,יח`,3.72,100 גרם,false,1,23.90,6.42,false,1,
37600207188,true,חמאת בוטנים קלאסי 462ג סקיפי,דיפלומט היינץ,,,יח`,4.62,100 גרם,false,1,19.90,4.31,false,1,
37600207256,true,חמאת בוטנים עם שברי בוטנים 462ג סקיפי,דיפלומט היינץ,,,יח`,4.62,100 גרם,false,1,19.90,4.31,false,1,
38000138638,true,פרינגלס פיצה 158 גר`,דיפלומט היינץ,,,יח`,1.58,100 גרם,false,1,9.90,6.27,true,1,
38000138720,true,פרינגלס  קראנצ`158 גר`,דיפלומט היינץ,,,יח`,1.58,100 גרם,false,1,9.90,6.27,true,1,
38000138874,true,פרינגלס חלפינו 158 גר,דיפלומט היינץ,,,יח`,1.58,100 גרם,false,1,9.90,6.27,true,1,
38000183928,true,פרינגלס דבש וחרדל 158 גר`,דיפלומט היינץ,,,יח`,1.58,100 גרם,false,1,9.90,6.27,true,1,
38000197840,true,פרינגלס ברביקיוו 137  גר`Wavy,דיפלומט היינץ,,,יח`,1.37,100 גרם,false,1,9.90,7.23,true,1,
38000232152,true,פרינגלס ברביקיו 158 גר`,דיפלומט היינץ,,,יח`,1.58,100 גרם,false,1,9.90,6.27,true,1,
38000232169,true,חטיף צ`יפס אורגינל מידי פרינגלס (67 גרם),דיפלומט היינץ,,,יח`,0.67,100 גרם,false,1,5.90,8.81,false,1,
38000232176,true,פרינגלס שמנת בצל 158 גר`,דיפלומט היינץ,,,יח`,1.58,100 גרם,false,1,9.90,6.27,true,1,
38000232183,true,פרינגלס אורגינל 149 גר`,דיפלומט היינץ,,,יח`,1.49,100 גרם,false,1,9.90,6.64,true,1,
38527591060,true,דגנים מרובעים קוואקר (411 גרם),שטראוס פריטו ליי בעמ,,,יח`,4.12,100 גרם,false,1,21.40,5.19,true,1,
41390010309,true,רוטב טריאקי קיקומן (444 מל),דיפלומט היינץ,,,יח`,4.44,"100 מ""ל",false,1,32.60,7.34,true,1,
46214731552,true,עוגיות שוקולד צ`יפס מרבה (225 גרם),ש.שסטוביץ בעמ,,,יח`,2.25,100 גרם,false,1,10.90,4.84,true,1,
52100070865,true,תמצית אפיה בטעם וניל טהור מקורמיק (29 מ,ר.ב מוצרי דגנים בעמ,,,יח`,0.29,"100 מ""ל",false,1,30.90,106.55,false,1,
55500012046,true,תרסיס ניקוי כללי כלורוקס (946 מל),גורי מוצרי צריכה (1991) בעמ,,,יח`,9.46,"100 מ""ל",false,1,21.90,2.32,false,1,
76840100156,true,גלידת פיינט צ`רי גרסיה דובדבנים וחתיכות,מוצרי איכות אמריקאיים בעמ,,,יח`,4.73,100 גרם,false,1,20.30,4.29,true,1,
76840620029,true,גלידת פיינטים שמנת עם תות,מוצרי איכות אמריקאיים בעמ,,,יח`,4.73,"100 מ""ל",false,1,20.30,4.29,true,1,
77343000127,true,נר נשמה 26 שעות.,אבאל יזמות בעמ,,,יח`,1,,false,1,2.90,2.90,false,1,
77343000233,true,נרות חימום מנורה שי נר) (50,אבאל יזמות בעמ,,,יח`,1,,false,1,10.50,10.50,true,1,
77975094631,true,סניידרס בייגלה במילוי קרם  צ`דר( 226 גר`,ליימן שליסל בעמ,,,יח`,2.26,100 גרם,false,1,15.90,7.04,true,1,
77975094761,true,סניידרס שברי בייגל בטעם גבינת צ`אדר,ליימן שליסל בעמ,,,יח`,3.40,100 גרם,false,1,15.90,4.68,true,1,
77975094778,true,סניידרס שברי בייגל בטעם דבש וחרדל 340 גר,ליימן שליסל בעמ,,,יח`,3.40,100 גרם,false,1,15.90,4.68,true,1,
80518532743,true,בלון פסטל שמחה זה אנחנו) (50,שמחה זה אנחנו בעמ,,,יח`,1,,false,1,11.90,11.90,false,1,
305213079004,true,וזלין תחליב גוף צהוב 600 מל,יוניליוור ישראל שיווק בעמ,,,יח`,6,"100 מ""ל",false,1,21.90,3.65,false,1,
613008753290,true,אריזונה אפרסק 450 מל בקבוק,טמפו משקאות בעמ,,,יח`,4.50,"100 מ""ל",false,1,8.90,1.91,true,1,
693493065641,true,טחינה הר כנען 100% 500 גר,אבאל יזמות בעמ,,,יח`,5,100 גרם,false,1,15.90,3.18,true,1,
693493065658,true,טחינה הר כנען 100% שומשום 1קג,אבאל יזמות בעמ,,,יח`,1,"ק""ג",false,1,27.90,27.90,true,1,
693493168786,true,תמר מג`הול גמבו 1קג,סהר ותמר בעמ,,,יח`,10,100 גרם,false,1,25,2.50,false,1,
728229123590,true,חטיף צ`יפס אורגינל טרה (110  גרם)כשר לפס,משה סידס ובנו בעמ,,,יח`,1.10,100 גרם,false,1,14.90,13.55,true,1,
777915888299,true,רוטב סויה אקיטה ללא גלוטן,מור-ים מרקטינג בעמ,,,יח`,4.50,"100 מ""ל",false,1,17.90,3.98,false,1,
786150000274,true,בירה לף בראון (330 מל),תימקו בירה בעמ,,,יח`,3.30,"100 מ""ל",false,1,10.90,3.21,false,1,
835811000419,true,כפיות 50  יח`קרם עבה הנמל,הנמל אריזות ושיווק (1984) בעמ,,,יח`,1,,false,1,15.90,15.90,false,1,
835811001652,true,כוס לשתיה קרה 330 סמק 40  יח`הנמל,הנמל אריזות ושיווק (1984) בעמ,,,יח`,1,,false,1,9.90,9.90,false,1,
835811003458,true,מזלגות אלגנט שקוף 50 יח` הנמל,הנמל אריזות ושיווק (1984) בעמ,,,יח`,1,,false,1,10.90,10.90,true,1,
835811003472,true,כפות אלגנט שקוף 50 יח` הנמל,הנמל אריזות ושיווק (1984) בעמ,,,יח`,1,,false,1,10.90,10.90,true,1,
835811003489,true,כפיות אלגנט שקוף 50 יח` הנמל,הנמל אריזות ושיווק (1984) בעמ,,,יח`,1,,false,1,10.90,10.90,true,1,
835811004202,true,מפת שולחן 6 יח עבה ניילון הנמל,הנמל אריזות ושיווק (1984) בעמ,,,יח`,1,,false,1,10.90,10.90,false,1,
835811004219,true,מפה שולחן 8 יח עבה ניילון הנמל,הנמל אריזות ושיווק (1984) בעמ,,,יח`,0.45,100 גרם,false,1,10.90,24.22,false,1,
835811004226,true,מפת שולחן עבה בגליל 45 מטר,הנמל אריזות ושיווק (1984) בעמ,,,יח`,1,,false,1,35.90,35.90,true,1,
835811005810,true,מגש הכסף תבנית מרובע קטן+מכסה  10 יח`,הנמל אריזות ושיווק (1984) בעמ,,,יח`,1,,false,1,10.90,10.90,true,1,
835811005933,true,מגש הכסף תבנית  אלומ`ענק 5 יח`,הנמל אריזות ושיווק (1984) בעמ,,,יח`,1,,false,1,10.90,10.90,true,1,
835811005957,true,מגש הכסף תבנית  אלומ` +90 מכסה 8 יח`,הנמל אריזות ושיווק (1984) בעמ,,,יח`,1,,false,1,10.90,10.90,true,1,
835811006220,true,צלחות ענק מקנה סוכר טבעי 25  יח`הנמל,הנמל אריזות ושיווק (1984) בעמ,,,יח`,1,,false,1,13.90,13.90,false,1,
835811006244,true,צלחות גדולות מקנה סוכר טבעי 25  יח`הנמל,הנמל אריזות ושיווק (1984) בעמ,,,יח`,1,,false,1,12.90,12.90,false,1,
835811007357,true,סלטינות אובלי 25  יח`הנמל,הנמל אריזות ושיווק (1984) בעמ,,,יח`,1,,false,1,5.90,5.90,true,1,
835811009023,true,כוסות קרטון 50  יח`8OZ הנמל,הנמל אריזות ושיווק (1984) בעמ,,,יח`,1,,false,1,15.90,15.90,false,1,
835811009368,true,מרקיות צבע 25  יח`מעורב הנמל,הנמל אריזות ושיווק (1984) בעמ,,,יח`,1,,false,1,10.90,10.90,false,1,
839762000658,true,משקה גויאבה איילנד (1 ליטר),טמפו משקאות בעמ,,,יח`,1,1 ליטר,false,1,13.90,13.90,true,1,
856591000062,true,עוגיות מזרחיות עם מלח עבאדי (400 גרם),תה ויסוצקי (ישראל) בעמ,,,יח`,4,100 גרם,false,1,18.50,4.63,true,1,
856591000109,true,עוגיות מזרחיות עבאדי 400 גר`,תה ויסוצקי (ישראל) בעמ,,,יח`,4,100 גרם,false,1,18.50,4.63,false,1,
856591000512,true,עוגיות מזרחיות עבאדי מקלונים פריכים 400,תה ויסוצקי (ישראל) בעמ,,,יח`,4,100 גרם,false,1,18.50,4.63,true,1,
856591000918,true,מארז חטיף טבעי עבאדי) (8X40,תה ויסוצקי (ישראל) בעמ,,,יח`,3.20,100 גרם,false,1,15.90,4.97,false,1,
893594002068,true,פופקורנס צ`יפס עם מלח ים .,שטראוס פריטו ליי בעמ,,,יח`,0.32,100 גרם,false,1,6.90,21.56,false,1,
1230000068314,false,בשר טחון ביונד מיט 300 גרם,דיפלומט היינץ,,,יח`,3,100 גרם,false,1,29.90,9.97,false,1,
1230000116022,false,המבורגר ביונד מיט 113 גר` זוג,דיפלומט היינץ,,,יח`,2.26,100 גרם,false,1,34.90,15.44,true,1,
3014260240226,false,קצף גילוח רגיש 200 מל`,דיפלומט מפיצים (1968) בעמ,,,יח`,2,"100 מ""ל",false,1,14.90,7.45,false,1,
3046920027281,false,לינדט אקסלנס קרמלסולט 100 גר`,משה סידס ובנו בעמ,,,יח`,1,100 גרם,false,1,16.60,16.60,true,1,
3046920028004,false,אקסלנס 70% קקאו לינדט (100 גרם),משה סידס ובנו בעמ,,,יח`,1,100 גרם,false,1,16.60,16.60,true,1,
3046920029674,false,אקסלנס עם שבבי מלח לינדט (100 גרם),משה סידס ובנו בעמ,,,יח`,1,100 גרם,false,1,16.60,16.60,true,1,
3046920029780,false,לינדט אקסלנס מילד %70,משה סידס ובנו בעמ,,,יח`,1,100 גרם,false,1,16.60,16.60,true,1,
3563490014898,false,חרדל דיזון לחיץ 265 גר,דיפלומט היינץ,,,יח`,2.65,100 גרם,false,1,13.20,4.98,false,1,
3800020472576,false,קיט קט צ`אנקי לוטוס 42 גר`,קבוצת אסם סחר שות. מוגבלת,,,יח`,0.42,100 גרם,false,1,3.90,9.29,false,1,
4000351109380,false,שמן קנולה 1 ליטר BROLIO.,המותג-לא פעיל להקלדה,,,יח`,1,1 ליטר,false,1,8.90,8.90,false,1,
4000417022004,false,שוקולד ריטר חלבי צימוקים/אגוזים100 גר`,ליימן שליסל בעמ,,,יח`,1,100 גרם,false,1,10.50,10.50,true,1,
4000417025005,false,שוקולד ריטרמרציפן 100 גר`,ליימן שליסל בעמ,,,יח`,1,100 גרם,false,1,10.50,10.50,true,1,
4000417026002,false,שוקולד ריטרפרלין 100 גר`,ליימן שליסל בעמ,,,יח`,1,100 גרם,false,1,10.50,10.50,true,1,
4000417101211,false,אמיצ`לי גלילי וופל עם קרם אגוזי לוז בציפ,ליימן שליסל בעמ,,,יח`,1.50,100 גרם,false,1,18.90,12.60,false,1,
4000417222008,false,שוקולד ריטר חלביעם שברי אגוזים 100גר`,ליימן שליסל בעמ,,,יח`,1,100 גרם,false,1,10.50,10.50,true,1,
4000522061752,false,צ`וי מקלות בייגלה מלוחים 100 גר,ר.ב מוצרי דגנים בעמ,,,יח`,1,100 גרם,false,1,4.60,4.60,true,1,
4004666042004,false,מרסס נגד עובש מלרוד,יעקב יעקבי ובניו בעמ,,,יח`,7.50,"100 מ""ל",false,1,30.90,4.12,false,1,
4005808515554,false,קרם רב שימושי סופר ניוואה 300 מל,אלפא- ב.ד.ף בעמ,,,יח`,3,"100 מ""ל",false,1,35.90,11.97,true,1,
4005808890507,false,ניוואה קרם סופט רב שימושי 200 מל יבוא,פארמה דיל (פ.א.ב.) שיווק והפצה,,,יח`,2,"100 מ""ל",false,1,16.90,8.45,false,1,
4008287058161,false,בירה קרומבאכר פילס בקבוק 6* 330,אגודת הכורמים,,,יח`,19.80,"100 מ""ל",false,1,29.90,1.42,false,1,
4008400290423,false,קינדר פינגווי עוגת ספוג במילוי חלבי מצופ,תנובה - חלב,,,יח`,1.20,100 גרם,false,1,12.90,10.75,false,1,
4009900426121,false,מסטיק איירוויבז בטעם אוכמניות ללס,מרס ריגלי ישראל בעמ,,,יח`,1,,false,1,11.50,11.50,true,1,
4009900539807,false,מסטיק איירוויבז מינט בקבוקון ללס,מרס ריגלי ישראל בעמ,,,יח`,1,,false,1,11.50,11.50,true,1,
4011800618315,false,קורני ביג דארק אנד וואיט 40 גר`,משה סידס ובנו בעמ,,,יח`,0.40,100 גרם,false,1,5.90,14.75,true,1,
4011800628512,false,חטיף קורני שישייה שוקולדה,משה סידס ובנו בעמ,,,יח`,1.50,100 גרם,false,1,10.90,7.27,true,1,
4011800630515,false,חטיף קורני שישייה שוקולד חלבי ובננה,משה סידס ובנו בעמ,,,יח`,1.50,100 גרם,false,1,10.90,7.27,true,1,
4011800632519,false,חטיף קורני שישייה שוקולד חלבי וקוקוס,משה סידס ובנו בעמ,,,יח`,1.50,100 גרם,false,1,10.90,7.27,true,1,
4011800633516,false,חטיף קורני שישייה שוקולד מריר,משה סידס ובנו בעמ,,,יח`,1.50,100 גרם,false,1,10.90,7.27,true,1,
4011800636517,false,קורני פרי ללתס חטיף דגנים+שוקולד 6 יח`,משה סידס ובנו בעמ,,,יח`,1.20,100 גרם,false,1,10.90,9.08,true,1,
4014400901191,false,מרסי 250 גר`,ליימן שליסל בעמ,,,יח`,2.50,100 גרם,false,1,26.90,10.76,false,1,
4014400923711,false,חטיפי שוקולד טופיפי (125 גרם),ליימן שליסל בעמ,,,יח`,1.25,100 גרם,false,1,14.20,11.36,true,1,
4014400925319,false,פופקרן קרמל 140  גר`וורטר,ליימן שליסל בעמ,,,יח`,1.40,100 גרם,false,1,15.90,11.36,false,1,
4014400929010,false,מארז חטיף וופל מיני קנופרס 10*20גר`,ליימן שליסל בעמ,,,יח`,2,100 גרם,false,1,20.90,10.45,false,1,
4015400564454,false,מגן תחתון אולוויז מגה פק  לארג`68 יח,דיפלומט מפיצים (1968) בעמ,,,יח`,1,,false,1,24.90,24.90,true,1,
4015400731719,false,תחבושות לילה וליו פק אולווייז) (20,דיפלומט מפיצים (1968) בעמ,,,יח`,1,,false,1,21.40,21.40,true,1,
4015400746812,false,מגן תחתון אולווייז מגה פק נורמל 80 יח`,דיפלומט מפיצים (1968) בעמ,,,יח`,1,,false,1,24.90,24.90,true,1,
4015400759263,false,תחבושות אולוייז כפול נורמל 28 יח-יבוא מק,בית הצעצוע בעמ,,,יח`,1,,false,1,15.90,15.90,false,1,
4015400990482,false,אבקת כביסה אריאל קולור 3 קג,דיפלומט מפיצים (1968) בעמ,,,יח`,30,100 גרם,false,1,35.60,1.19,false,1,
4015600762742,false,הד אנד שולדרס שמפו 500 מל כחול,דיפלומט מפיצים (1968) בעמ,,,יח`,5,"100 מ""ל",false,1,21.90,4.38,true,1,
4015600762780,false,הד אנד שולדרס שמפו 500 מל,דיפלומט מפיצים (1968) בעמ,,,יח`,5,"100 מ""ל",false,1,21.90,4.38,true,1,
4015600762902,false,הד אנד שולדרס שמפו 500 מל נענע,דיפלומט מפיצים (1968) בעמ,,,יח`,5,"100 מ""ל",false,1,21.90,4.38,true,1,
4015600763022,false,הד אנד שולדרס שמפו 500 מל ורוד,דיפלומט מפיצים (1968) בעמ,,,יח`,5,"100 מ""ל",false,1,21.90,4.38,true,1,
4017100364112,false,היט עוגיות  סנדוויץ`שוקו בלזן (220 גרם),ליימן שליסל בעמ,,,יח`,2.20,100 גרם,false,1,11.20,5.09,true,1,
4022025001905,false,בלו ווין מבעבע זהב 750 מל כשר,היכל היין שקד גולן בעמ,,,יח`,7.50,"100 מ""ל",false,1,56.90,7.55,true,1,
4025700001962,false,שוקולד לבן מילקה (100 גרם),דיפלומט היינץ,,,יח`,1,100 גרם,false,1,6.50,6.50,true,1,
4033100024146,false,סיגריות ווינסטון קוד בודד,גלוברנדס בעמ - שיווק סיגריות,,,יח`,1,,false,1,32,32,true,1,
4033100024252,false,סיגריות ווינסטון אקווה בודד,גלוברנדס בעמ - שיווק סיגריות,,,יח`,1,,false,1,32,32,true,1,
4079400182742,false,בירה פילסנר 4.9% שישייה בקבוק 330 מל,אבאל יזמות בעמ,,,יח`,1.98,1 ליטר,false,1,29.90,14.19,true,1,
4084500065598,false,קרם לחות לתלתלים פנטן (300 מל),דיפלומט מפיצים (1968) בעמ,,,יח`,3,"100 מ""ל",false,1,20.90,6.97,true,1,
4084500178137,false,טייד ג`ל 4 ליטר,דיפלומט מפיצים (1968) בעמ,,,יח`,4,1 ליטר,false,1,31.90,7.98,false,1,
4084500853836,false,פיירי ורדים ומשי 515 מל,דיפלומט מפיצים (1968) בעמ,,,יח`,5.15,"100 מ""ל",false,1,11.90,2.31,true,1,
4603400000043,false,וודקה רוסקי יורוסטנדרט (700 מל),יורוסטנדרט בעמ,,,יח`,7,"100 מ""ל",false,1,59.90,8.51,false,1,
4605561010350,false,פילה הרינג בשמן פלסטיק 200 גר`,דילר בי.אמ.די פורמולה בעמ,,,יח`,2,100 גרם,false,1,11.90,5.95,true,1,
4710068001715,false,משקה בטעם טירמיסו מאסטר קפה (240 מל),טמפו משקאות בעמ,,,יח`,2.40,"100 מ""ל",false,1,7.20,3,true,1,
4710068001739,false,מאסטר קפה 250 מל קולומביאני,טמפו משקאות בעמ,,,יח`,2.50,"100 מ""ל",false,1,7.20,2.88,true,1,
4770275048019,false,חמאה מלוחה 200 גר`,דילר בי.אמ.די פורמולה בעמ,,,יח`,2,100 גרם,false,1,15.90,7.95,false,1,
4810168001056,false,פילה דג הרינג מלוח מצונן 260 גר`,דילר בי.אמ.די פורמולה בעמ,,,יח`,2.60,100 גרם,false,1,18.90,7.27,false,1,
4820217240114,false,חמאה 200  גר`FERMA,דילר בי.אמ.די פורמולה בעמ,,,יח`,2,100 גרם,false,1,9.90,4.95,false,1,
4823077613203,false,שוקולד רושן מריר עם אגוז שלם 90 גר`,דילר בי.אמ.די.אינטרנשויונל בעמ,,,יח`,0.90,100 גרם,false,1,8.90,9.89,true,1,
4823077614804,false,שוקולד רושן חלב נוגט בטעם אוכמניות כחולו,דילר בי.אמ.די.אינטרנשויונל בעמ,,,יח`,0.90,100 גרם,false,1,5.90,6.56,true,1,
4823077621635,false,וופל רושן בטעם חלב 72 גר`,דילר בי.אמ.די.אינטרנשויונל בעמ,,,יח`,0.72,100 גרם,false,1,4.90,6.81,true,1,
4823077621642,false,וופל רושן בטעם שוקולד 72 גר`,דילר בי.אמ.די.אינטרנשויונל בעמ,,,יח`,0.72,100 גרם,false,1,4.90,6.81,true,1,
4823077625602,false,וופל רושן בטעם שוקולד 216 גר`,דילר בי.אמ.די.אינטרנשויונל בעמ,,,יח`,2.16,100 גרם,false,1,7.90,3.66,true,1,
4823077625626,false,וופל רושן בטעם אגוז 216 גר`,דילר בי.אמ.די.אינטרנשויונל בעמ,,,יח`,2.16,100 גרם,false,1,7.90,3.66,true,1,
4823077626203,false,שוקולד רושן אורירי מריר 80 גר`,דילר בי.אמ.די.אינטרנשויונל בעמ,,,יח`,0.80,100 גרם,false,1,7.90,9.88,true,1,
4823077634222,false,עוגיות תפוז 135 גר`,דילר בי.אמ.די.אינטרנשויונל בעמ,,,יח`,1.35,100 גרם,false,1,7.90,5.85,true,1,
4823077636004,false,עוגיות קקאו דובדבן 135 גר`,דילר בי.אמ.די.אינטרנשויונל בעמ,,,יח`,1.35,100 גרם,false,1,7.90,5.85,true,1,
4823077636172,false,וופל רושן בטעם לימון 216 גר,דילר בי.אמ.די.אינטרנשויונל בעמ,,,יח`,2.16,100 גרם,false,1,7.90,3.66,true,1,
4823077636578,false,סוכריות טופי כוס חלב 325 גר`,דילר בי.אמ.די.אינטרנשויונל בעמ,,,יח`,3.25,100 גרם,false,1,12.90,3.97,false,1,
4823077636592,false,סוכריות ג`לי רושן קרייזי פצ`ולקה 378 ג,דילר בי.אמ.די.אינטרנשויונל בעמ,,,יח`,3.78,100 גרם,false,1,12.90,3.41,false,1,
4903001904192,false,רוטב סויה יאמסה פרימיום 500 מל`,ליימן שליסל בעמ,,,יח`,5,"100 מ""ל",false,1,18.30,3.66,false,1,
5000159452540,false,סניקרס חטיף שוקולד עם בוטנים חמישייה ברי,מרס ריגלי ישראל בעמ,,,יח`,2,100 גרם,false,1,11.90,5.95,true,1,
5000159538626,false,טוויקס חטיף שוקולד מארז,מרס ריגלי ישראל בעמ,,,יח`,2,100 גרם,false,1,11.90,5.95,true,1,
5000159538640,false,באונטי חטיף שוקולד מארז,מרס ריגלי ישראל בעמ,,,יח`,2,100 גרם,false,1,11.90,5.95,true,1,
5000168199245,false,שוקולד חלב מעולה בתוספת חתיכות קרם קרמל,תה ויסוצקי (ישראל) בעמ,,,יח`,0.90,100 גרם,false,1,15.90,17.67,true,1,
5000394137516,false,דורסל אופטימום רביעיות AAA,דיפלומט מפיצים (1968) בעמ,,,יח`,1,,false,1,17.90,17.90,false,1,
5000394140820,false,דורסל שישיות AA פלוס פאוור 2021,דיפלומט מפיצים (1968) בעמ,,,יח`,1,,false,1,17.90,17.90,false,1,
5000394142190,false,סוללות דורסל V9 פלוס פאור,דיפלומט מפיצים (1968) בעמ,,,יח`,1,,false,1,28.50,28.50,false,1,
5010182998861,false,דאק נוזל בודד 750מל ירוק,דנשר (1963) בעמ,,,יח`,7.50,"100 מ""ל",false,1,11.90,1.59,false,1,
5010677552387,false,בריזר אננס בקרדי (275 מל),טמפו משקאות בעמ,,,יח`,2.75,"100 מ""ל",false,1,15.30,5.45,true,1,
5029053002408,false,נייר טואלט קלינקס 9 לבן,קימברלי קלארק ישראל שיווק בעמ,,,יח`,1,,false,1,33.90,33.90,true,1,
5029053510811,false,תחבושות נורמל פלוס עם כנפיים קוטקס) (28,קימברלי קלארק ישראל שיווק בעמ,,,יח`,1,,false,1,22.40,22.40,true,1,
5029053535210,false,טמפונים מיני עם מוליך קוטקס) (16,קימברלי קלארק ישראל שיווק בעמ,,,יח`,1,,false,1,22.90,22.90,true,1,
5060517886486,false,משקה אנר`גי פח 500 מל מונסטר,החברה המרכזית להפצת משקאות בעמ,,,יח`,5,"100 מ""ל",false,1,6.90,1.32,true,1,
5060639129102,false,משקה אנר`גי Mango Loco מונסטר 500 nk,החברה המרכזית להפצת משקאות בעמ,,,יח`,5,"100 מ""ל",false,1,6.90,1.32,true,1,
5201004020338,false,גליליות קלאסיק קפריס 400 גרם,משה סידס ובנו בעמ,,,יח`,4,100 גרם,false,1,20.90,5.23,false,1,
5202390027826,false,ויולייפ תחליף קממבר 150 גר`,דיפלומט היינץ,,,יח`,1.50,100 גרם,false,1,23.90,15.93,false,1,
5202390027871,false,ויולייפ תחליף פרמזן מגורדת 100 גר,דיפלומט היינץ,,,יח`,1,100 גרם,false,1,20.90,20.90,false,1,
5208049006594,false,פאל מאל אקסטרה כחול בודד,גלוברנדס בעמ - שיווק סיגריות,,,יח`,1,,false,1,32,32,true,1,
5208049006662,false,פאל מאל אקסטרה מנדרינה פאקט,גלוברנדס בעמ - שיווק סיגריות,,,יח`,1,,false,1,260,260,false,1,
5391523057936,false,סימילאק גולד שלב 2 700 גר`,שקד תבל בעמ-סימילק,,,יח`,7,100 גרם,false,1,74.90,10.70,true,1,
5391523058070,false,סימילאק אדוונס פלוס שלב 3 700 גר,שקד תבל בעמ-סימילק,,,יח`,7,100 גרם,false,1,68.90,9.84,true,1,
5410076933129,false,אריאל 3 קג`,דיפלומט מפיצים (1968) בעמ,,,יח`,30,100 גרם,false,1,35.60,1.19,false,1,
5410126006360,false,לוטוס עוגיות סנדוויץ במילוי לוטוס 150 גר,דיפלומט היינץ,,,יח`,1.50,100 גרם,false,1,9.90,6.60,false,1,
5410126006377,false,לוטוס עוגיות סנדוויץ במילוי וניל 150 גרם,דיפלומט היינץ,,,יח`,1.50,100 גרם,false,1,9.90,6.60,false,1,
5410126106183,false,לוטוס קרמל 312 גר`,דיפלומט היינץ,,,יח`,3.12,100 גרם,false,1,15.90,5.10,true,1,
5410126116953,false,ממרח ביסקוויט קרמל לוטוס (400 גרם),דיפלומט היינץ,,,יח`,4,100 גרם,false,1,23.40,5.85,true,1,
5410126666038,false,עוגיות לוטוס 2*18 279 גר`,דיפלומט היינץ,,,יח`,2.79,100 גרם,false,1,13.90,4.98,true,1,
5410291022011,false,ממרח אגוזי לוז עם קקאו צ`וקטה (350 גרם),ש.שסטוביץ בעמ,,,יח`,3.50,100 גרם,false,1,13.90,3.97,false,1,
5410291022738,false,ממרח צ`וקטה אגוזי לוז עם קקאו 350 גר חום,ש.שסטוביץ בעמ,,,יח`,3.50,100 גרם,false,1,13.90,3.97,false,1,
5410291022776,false,ממרח צ`וקטה 700  גר`פרווה,ש.שסטוביץ בעמ,,,יח`,7,100 גרם,false,1,20.90,2.99,false,1,
5410658902413,false,קפסולות קפה דרגת חוזק 8 fortisimo Espres,אבאל יזמות בעמ,,,יח`,1,,false,1,13.20,13.20,true,1,
5410658902420,false,קפסולות קפה דרגת חוזק 10 fortisimo RISTR,אבאל יזמות בעמ,,,יח`,1,,false,1,13.20,13.20,true,1,
5410658902437,false,קפסולות קפה דרגת חוזק 7 fortisimo Lungo,אבאל יזמות בעמ,,,יח`,1,,false,1,13.20,13.20,true,1,
5410658902444,false,קפסולות קפה דרגת חוזק 4 Fortisiom lungo,אבאל יזמות בעמ,,,יח`,1,,false,1,13.20,13.20,true,1,
5410658902819,false,קפסולות קפה דרגת חוזק 12 fortisimo RISTR,אבאל יזמות בעמ,,,יח`,1,,false,1,13.20,13.20,true,1,
5411188080268,false,משקה סויה אלפרו אורגני אלפרו (1 ליטר),שטראוס גרופ בעמ,,,יח`,1,1 ליטר,false,1,13.90,13.90,true,1,
5411188081852,false,אלפרו סויה וניל 1 ליטר,שטראוס גרופ בעמ,,,יח`,1,1 ליטר,false,1,13.90,13.90,true,1,
5411188110835,false,משקה שקדים אלפרו (1 ליטר),שטראוס גרופ בעמ,,,יח`,1,1 ליטר,false,1,13.90,13.90,true,1,
5411188112709,false,משקה שקדים ללס אלפרו (1 ליטר),שטראוס גרופ בעמ,,,יח`,1,1 ליטר,false,1,13.90,13.90,true,1,
5411188115434,false,אלפרו בריסטה סויה 1 ליטר,שטראוס גרופ בעמ,,,יח`,1,1 ליטר,false,1,13.90,13.90,true,1,
5411188115472,false,משקה סויה 1 ליטר אלפרו,שטראוס גרופ בעמ,,,יח`,1,1 ליטר,false,1,13.90,13.90,true,1,
5411188118732,false,משקה קוקוס ושקדים אלפרו (1 ליטר),שטראוס גרופ בעמ,,,יח`,1,1 ליטר,false,1,13.90,13.90,true,1,
5411188120742,false,משקה שקדים בטעם וניל אלפרו (1 ליטר),שטראוס גרופ בעמ,,,יח`,1,1 ליטר,false,1,13.90,13.90,true,1,
5411188121923,false,משקה סויה בטעם טבעי אלפרו (250x3 מל),שטראוס גרופ בעמ,,,יח`,7.50,"100 מ""ל",false,1,16.90,2.25,false,1,
5411188121978,false,משקה סויה בטעם טבעי אלפרו (250x3 מל),שטראוס גרופ בעמ,,,יח`,7.50,"100 מ""ל",false,1,16.90,2.25,false,1,
5411188124726,false,משקה שיבולת שועל שקדים 1 ליטר אלפרו,שטראוס גרופ בעמ,,,יח`,1,1 ליטר,false,1,13.90,13.90,true,1,
5411188127697,false,אלפרו בריסטה שיבולת שועל 1 ליטר,שטראוס גרופ בעמ,,,יח`,1,1 ליטר,false,1,13.90,13.90,true,1,
5411188134985,false,אלפרו NOT MILK שיבולת שועל 3.5% שומן 1 ל,שטראוס גרופ בעמ/מצונן,,,יח`,1,1 ליטר,false,1,13.90,13.90,false,1,
5411188135005,false,אלפרו NOT MILK שיבולת שועל 1.8% ליטר,שטראוס גרופ בעמ/מצונן,,,יח`,1,1 ליטר,false,1,13.90,13.90,false,1,
5411188300328,false,משקה סויה בטעם שוקו אלפרו (1 ליטר),שטראוס גרופ בעמ,,,יח`,1,1 ליטר,false,1,13.90,13.90,true,1,
5411188543398,false,משקה סויה ללס אלפרו 1 ליטר,שטראוס גרופ בעמ,,,יח`,1,1 ליטר,false,1,13.90,13.90,true,1,
5413149922907,false,אריאל 5  קג`קולור,דיפלומט מפיצים (1968) בעמ,,,יח`,5,"ק""ג",false,1,45.90,9.18,true,1,
5701932026964,false,הוט פופ 600 גר`,ליימן שליסל בעמ,,,יח`,6,100 גרם,false,1,16.90,2.82,true,1,
5701932026971,false,הוט פופ חמאה 600 גר`,ליימן שליסל בעמ,,,יח`,6,100 גרם,false,1,16.90,2.82,true,1,
5701932026995,false,הוט פופ לייט 600גר`,ליימן שליסל בעמ,,,יח`,6,100 גרם,false,1,16.90,2.82,true,1,
5711953103285,false,פטינה מעדנייה שטראוס,שטראוס גרופ בעמ/מצונן,,,"ק""ג",10,100 גרם,true,1,32,3.20,false,1,
5711953106583,false,גבינת שמנת עשבי טבעי 200  גר`ארלה,שטראוס גרופ בעמ/מצונן,,,יח`,2,100 גרם,false,1,16.90,8.45,true,1,
5711953106590,false,ארלה גבינת שמנת שום 200 גר`,שטראוס גרופ בעמ/מצונן,,,יח`,2,100 גרם,false,1,16.90,8.45,true,1,
5740900403215,false,ממרח לורפק עם מלח 250 גר`,שטראוס גרופ בעמ/מצונן,,,יח`,2.50,100 גרם,false,1,17.90,7.16,false,1,
5740900403222,false,ממרח לורפק עם מלח מופחת שומן 250 גר`,שטראוס גרופ בעמ/מצונן,,,יח`,2.50,100 גרם,false,1,17.90,7.16,false,1,
5740900403239,false,ממרח לורפק ללא מלח 250 גר`,שטראוס גרופ בעמ/מצונן,,,יח`,2.50,100 גרם,false,1,17.90,7.16,false,1,
5740900403246,false,ממרח לורפק ללא מלח 500 גר`,שטראוס גרופ בעמ/מצונן,,,יח`,5,100 גרם,false,1,28.90,5.78,false,1,
5740900403284,false,ממרח לורפק 200 גר` ללא מלח,שטראוס גרופ בעמ/מצונן,,,יח`,2,100 גרם,false,1,12.80,6.40,false,1,
5740900403864,false,ממרח לורפק 200 גר` עם מלח,שטראוס גרופ בעמ/מצונן,,,יח`,2,100 גרם,false,1,12.80,6.40,false,1,
5900020012814,false,נסקוויק 500  גר`דגני בוקר,קבוצת אסם סחר שות. מוגבלת,,,יח`,5,100 גרם,false,1,22.90,4.58,true,1,
5900020026552,false,האני נאט צ`יריוס עידן הקרח 625 גרם,קבוצת אסם סחר שות. מוגבלת,,,יח`,6.25,100 גרם,false,1,22.90,3.66,false,1,
5900020034021,false,פיטנס חטיף דגנים שוקו בננה נסטלה (23.5x6,קבוצת אסם סחר שות. מוגבלת,,,יח`,1.41,100 גרם,false,1,17.50,12.41,true,1,
5900020034991,false,קראנץ צדפים בטעם שוקולד 450 גר`,קבוצת אסם סחר שות. מוגבלת,,,יח`,4.50,100 גרם,false,1,22.90,5.09,true,1,
5900020036407,false,דגני בוקר שוקולד קרמל (480 גר`) ליון,קבוצת אסם סחר שות. מוגבלת,,,יח`,4.80,100 גרם,false,1,27.90,5.81,true,1,
5901888020546,false,חטיף דגנים עם קינואה ומלח ים 70 גר` FR,דנשר (1963) בעמ,,,יח`,0.70,100 גרם,false,1,13.90,19.86,true,1,
5901888020560,false,חטיף דגנים עם קינואה בטעם עשבי תיבול 7,דנשר (1963) בעמ,,,יח`,0.70,100 גרם,false,1,13.90,19.86,true,1,
5902198160403,false,xl ten פחית 250 מל ללס,טמפו משקאות בעמ,,,יח`,2.50,"100 מ""ל",false,1,4.90,1.84,true,1,
5904941751302,false,משקה אנרגיה בפחית בלו (250 מל),בני פאוזי שמשום (2009) בעמ,,,יח`,2.50,"100 מ""ל",false,1,3.90,1.44,true,1,
5906485301012,false,משקה אנרגיה אקסל (250 מל),טמפו משקאות בעמ,,,יח`,2.50,"100 מ""ל",false,1,4.90,1.84,true,1,
5906485301456,false,אקס אל משקה אנרגיה אפטר פארטי,טמפו משקאות בעמ,,,יח`,2.50,"100 מ""ל",false,1,4.60,1.72,true,1,
6111094000259,false,קוסקוס להכנה מהירה דארי (500 גרם),תומר יבוא ושיווק מוצרי מזון (1,,,יח`,5,100 גרם,false,1,8.90,1.78,false,1,
7290000000374,false,פטריות שמפיניון א.א,חוות השמפיניון בעמ,,,יח`,1,,false,1,10.10,10.10,true,1,
7290000000794,false,סלרי חתוך,יראון - עבודות חקלאיות בעמ,,,יח`,1,,false,1,5.90,5.90,false,1,
7290000040042,false,יוגורט ביו 3% תות יופלה (150 גרם),תנובה - חלב,,,יח`,1.50,"100 מ""ל",false,1,5.20,3.47,false,1,
7290000040066,false,יופלה דובדבן 3%,תנובה - חלב,,,יח`,1.50,"100 מ""ל",false,1,5.20,3.47,false,1,
7290000040080,false,יוגורט ביו 3% אפרסק יופלה (150 גרם),תנובה - חלב,,,יח`,1.50,"100 מ""ל",false,1,5.20,3.47,false,1,
7290000040974,false,חלב 2% דל לקטוז בקרטון תנובה (1 ליטר),תנובה - חלב,,,יח`,1,1 ליטר,false,1,7.20,7.20,false,1,
7290000041445,false,קוטג`250 5%,תנובה - חלב,,,יח`,2.50,100 גרם,false,1,5.50,2.20,false,1,
7290000041452,false,גבינת  קוטג`9% מהדרין תנובה (250 גרם),תנובה - חלב,,,יח`,2.50,100 גרם,false,1,5.70,2.28,false,1,
7290000041858,false,שמנת חמוצה מעושר 15% יטבתה (200 מל),שטראוס גרופ בעמ/מצונן,,,יח`,2,"100 מ""ל",false,1,2.60,1.30,false,1,
7290000042015,false,חלב 3% בשקית בדצ תנובה (1  ליטר)פיקוח,תנובה - חלב,,,יח`,1,1 ליטר,false,1,5.43,5.43,false,1,
7290000042435,false,חלב דל שומן 1% בקרטון תנובה (1  ליטר)פיק,תנובה - חלב,,,יח`,10,"100 מ""ל",false,1,5.86,0.59,false,1,
7290000042855,false,שוקו שקית,שטראוס גרופ בעמ/מצונן,,,יח`,2.25,"100 מ""ל",false,1,2.60,1.16,false,1,
7290000043012,false,שוקו עמיד 2% תנובה (250 מל),תנובה - חלב,,,יח`,2.50,"100 מ""ל",false,1,4.70,1.88,false,1,
7290000043814,false,השף הלבן שמנת עמיד 38% קר 250,תנובה - חלב,,,יח`,2.50,"100 מ""ל",false,1,6.47,2.59,false,1,
7290000043890,false,רויון 1.5% תנובה (1 ליטר),תנובה - חלב,,,יח`,1,1 ליטר,false,1,11.50,11.50,false,1,
7290000045573,false,גבינת נעמה,תנובה - חלב,,,יח`,2,100 גרם,false,1,15.90,7.95,false,1,
7290000046020,false,גבינת גלבוע 22% תנובה,תנובה - חלב,,,"ק""ג",10,100 גרם,true,1,42.58,4.26,false,1,
7290000046327,false,גבינה צהובה 22% גלבוע (200 גרם),תנובה - חלב,,,יח`,2,100 גרם,false,1,13.20,6.60,false,1,
7290000046563,false,קולאג 23% פרמזן חריץ תנובה,תנובה - חלב,,,"ק""ג",10,100 גרם,true,1,113,11.30,false,1,
7290000047546,false,גבינה כנען 500,תנובה - חלב,,,יח`,5,100 גרם,false,1,24.90,4.98,false,1,
7290000047621,false,גבינה לבנה 250  גר`5%,תנובה - חלב,,,יח`,2.50,100 גרם,false,1,4.98,1.99,false,1,
7290000047942,false,גבינה לבנה 250 גר 9%,תנובה - חלב,,,יח`,2.50,100 גרם,false,1,4.70,1.88,false,1,
7290000048185,false,גבינה לבנה 5% תנובה (250  גרם)פיקוח,תנובה - חלב,,,יח`,2.50,100 גרם,false,1,4.98,1.99,false,1,
7290000048192,false,גבינה לבנה 9% תנובה (250 גרם),תנובה - חלב,,,יח`,2.50,100 גרם,false,1,4.70,1.88,false,1,
7290000048413,false,גבינה חמד  (25016%  גרם)פיראוס תנובה,תנובה - חלב,,,יח`,2.50,100 גרם,false,1,17.90,7.16,false,1,
7290000048437,false,גבינת צפתית  (2005%  גרם)פיראוס תנובה,תנובה - חלב,,,יח`,2,100 גרם,false,1,15.90,7.95,false,1,
7290000049458,false,גבינה בולגרית עיזים  (25016%  גרם)פיראוס,תנובה - חלב,,,יח`,2.50,100 גרם,false,1,28.50,11.40,false,1,
7290000050447,false,יוגורט ביו 3% תות יופלה (500 גרם),תנובה - חלב,,,יח`,1,1 ליטר,false,1,12.90,12.90,false,1,
7290000051352,false,חלב של פעם 3.8% בקרטון תנובה (1 ליטר),תנובה - חלב,,,יח`,1,1 ליטר,false,1,7.70,7.70,false,1,
7290000051956,false,טל העמק 9% חריץ תנובה,תנובה - חלב,,,"ק""ג",10,100 גרם,true,1,82,8.20,false,1,
7290000052311,false,עמק פרוס בקופסא 200  גר`15% שומן,תנובה - חלב,,,יח`,2,100 גרם,false,1,16.30,8.15,false,1,
7290000053219,false,טל העמק 32% צהובה,תנובה - חלב,,,"ק""ג",10,100 גרם,true,1,55,5.50,false,1,
7290000055206,false,גבינה לבנה בטעם בצל מטוגן 5%,תנובה - חלב,,,יח`,2.50,100 גרם,false,1,5.70,2.28,false,1,
7290000055336,false,יופלה משקה יוגורט 250 מל בננה אפרסק,תנובה - חלב,,,יח`,2.50,100 גרם,false,1,5.90,2.36,false,1,
7290000055350,false,עמק פיקוח 28% צהובה מעדנייה,תנובה - חלב,,,"ק""ג",10,100 גרם,true,1,44.79,4.48,false,1,
7290000056845,false,חלב טרי 3% תנובה (1.5  ליטר)פיקוח,תנובה - חלב,,,יח`,1500,1 ליטר,false,1,9.35,0.01,false,1,
7290000056890,false,יופלה דיאט טעמים שונים 6+2 8*150 מל,תנובה - חלב,,,יח`,12,"100 מ""ל",false,1,31.90,2.66,false,1,
7290000057088,false,גבינת עמק דק 200 גר,תנובה - חלב,,,יח`,2,100 גרם,false,1,16.30,8.15,false,1,
7290000057118,false,סמי עמק 400 גר,תנובה - חלב,,,יח`,4,100 גרם,false,1,22.20,5.55,false,1,
7290000057132,false,יוגורט ביו 1.5% תנובה (200 גרם),תנובה - חלב,,,יח`,2,100 גרם,false,1,3.20,1.60,false,1,
7290000057552,false,דיאט יופלה עוגת גבינה ותות,תנובה - חלב,,,יח`,1.50,100 גרם,false,1,5.20,3.47,false,1,
7290000058030,false,שטוזים משקה יוגורט תות יופלה (100x8 מל),תנובה - חלב,,,יח`,1,,false,1,20.90,20.90,false,1,
7290000058047,false,שמנת 38% 500 מל עם פקק פיקוח,תנובה - חלב,,,יח`,5,"100 מ""ל",false,1,12.94,2.59,false,1,
7290000060088,false,בייגלה מקלות עם מלח אסם (400 גרם),קבוצת אסם סחר שות. מוגבלת,,,יח`,4,100 גרם,false,1,11.50,2.88,true,1,
7290000060156,false,אטריות ביצים דקות אסם (200 גרם),קבוצת אסם סחר שות. מוגבלת,,,יח`,2,100 גרם,false,1,8.50,4.25,true,1,
7290000060163,false,אטריות דקות אסם (400 גרם),קבוצת אסם סחר שות. מוגבלת,,,יח`,4,100 גרם,false,1,8.50,2.13,true,1,
7290000060200,false,פתיתים אפויים קוסקוס אסם (500 גרם),קבוצת אסם סחר שות. מוגבלת,,,יח`,5,100 גרם,false,1,7.70,1.54,true,1,
7290000060217,false,פסטה מקרוני מספר 7 אסם (500 גרם),קבוצת אסם סחר שות. מוגבלת,,,יח`,5,100 גרם,false,1,6.10,1.22,true,1,
7290000060248,false,פסטה תלתלים אסם (500 גרם),קבוצת אסם סחר שות. מוגבלת,,,יח`,5,100 גרם,false,1,6.10,1.22,true,1,
7290000060316,false,ספגטי אסם פרפקטו (500 גרם),קבוצת אסם סחר שות. מוגבלת,,,יח`,5,100 גרם,false,1,8.90,1.78,false,1,
7290000060408,false,פתיתים אפויים טבעות אסם (500 גרם),קבוצת אסם סחר שות. מוגבלת,,,יח`,5,100 גרם,false,1,7.70,1.54,true,1,
7290000060781,false,פסטה מסולסלים אסם (500 גרם),קבוצת אסם סחר שות. מוגבלת,,,יח`,5,100 גרם,false,1,6.10,1.22,true,1,
7290000060828,false,פסטה קרניים בינוניות אסם (500 גרם),קבוצת אסם סחר שות. מוגבלת,,,יח`,5,100 גרם,false,1,6.10,1.22,true,1,
7290000060842,false,פסטה צדפים גדולים אסם (500 גרם),קבוצת אסם סחר שות. מוגבלת,,,יח`,5,100 גרם,false,1,6.10,1.22,true,1,
7290000060859,false,פסטה צדפים קטנים אסם (500 גרם),קבוצת אסם סחר שות. מוגבלת,,,יח`,5,100 גרם,false,1,6.10,1.22,true,1,
7290000060880,false,ספגטי אסם (500 גרם),קבוצת אסם סחר שות. מוגבלת,,,יח`,5,100 גרם,false,1,6.10,1.22,true,1,
7290000060903,false,פתיתים אפויים אורז אסם (500 גרם),קבוצת אסם סחר שות. מוגבלת,,,יח`,5,100 גרם,false,1,7.70,1.54,true,1,
7290000060958,false,אטריות מובחרות בינוניות אסם (400 גרם),קבוצת אסם סחר שות. מוגבלת,,,יח`,4,100 גרם,false,1,8.50,2.13,true,1,
7290000060965,false,אטריות רחבות אסם (400 גרם),קבוצת אסם סחר שות. מוגבלת,,,יח`,4,100 גרם,false,1,8.50,2.13,true,1,
7290000061061,false,קרקר בצל אסם (250 גרם),קבוצת אסם סחר שות. מוגבלת,,,יח`,2.50,100 גרם,false,1,11.20,4.48,true,1,
7290000061214,false,פתיתים אפויים 500  גר`קוסקוס+בצל אסם,קבוצת אסם סחר שות. מוגבלת,,,יח`,5,100 גרם,false,1,7.70,1.54,true,1,
7290000061450,false,פתיתים אפויים 500 גר `3צבעים אסם,קבוצת אסם סחר שות. מוגבלת,,,יח`,5,100 גרם,false,1,7.70,1.54,true,1,
7290000062129,false,אינסטנט פודינג בטעם וניל אסם (1 קג),קבוצת אסם סחר שות. מוגבלת,,,יח`,1,"ק""ג",false,1,24.90,24.90,false,1,
7290000062952,false,מיני קרוטונים למרק,קבוצת אסם סחר שות. מוגבלת,,,יח`,2.50,100 גרם,false,1,17.30,6.92,false,1,
7290000063133,false,שקדי מרק אסם (100 גרם),קבוצת אסם סחר שות. מוגבלת,,,יח`,1,100 גרם,false,1,6.40,6.40,false,1,
7290000063140,false,שקדי מרק אסם (400 גרם),קבוצת אסם סחר שות. מוגבלת,,,יח`,4,100 גרם,false,1,13.20,3.30,true,1,
7290000063157,false,קמח תופח אסם (1 קג),קבוצת אסם סחר שות. מוגבלת,,,יח`,1,"ק""ג",false,1,11.20,11.20,false,1,
7290000064758,false,קוסקוס בינוני אסם (350 גרם),קבוצת אסם סחר שות. מוגבלת,,,יח`,3.50,100 גרם,false,1,9.10,2.60,false,1,
7290000065335,false,מנה חמה פירה עם ירקות אסם (55 גרם),קבוצת אסם סחר שות. מוגבלת,,,יח`,0.55,100 גרם,false,1,7.50,13.64,true,1,
7290000065557,false,מנה חמה קוסקוס עם ירקות אסם (84 גרם),קבוצת אסם סחר שות. מוגבלת,,,יח`,0.62,100 גרם,false,1,7.50,12.10,true,1,
7290000066141,false,ביסלי חטיף בטעם גריל אסם (70 גרם),קבוצת אסם סחר שות. מוגבלת,,,יח`,0.70,100 גרם,false,1,4,5.71,true,1,
7290000066172,false,ביסלי חטיף בטעם פיצה אסם (70 גרם),קבוצת אסם סחר שות. מוגבלת,,,יח`,0.70,100 גרם,false,1,4,5.71,true,1,
7290000066196,false,ביסלי חטיף בטעם גריל אסם (200 גרם),קבוצת אסם סחר שות. מוגבלת,,,יח`,2,100 גרם,false,1,9.10,4.55,true,1,
7290000066226,false,ביסלי חטיף בטעם פיצה אסם (200 גרם),קבוצת אסם סחר שות. מוגבלת,,,יח`,2,100 גרם,false,1,9.10,4.55,true,1,
7290000066295,false,במבה מתוקה בטעם תות אסם (30 גרם),קבוצת אסם סחר שות. מוגבלת,,,יח`,0.30,100 גרם,false,1,3,10,false,1,
7290000066318,false,במבה אסם (80 גרם),קבוצת אסם סחר שות. מוגבלת,,,יח`,0.80,100 גרם,false,1,4.40,5.50,true,1,
7290000066332,false,אפרופו חטיף תירס אסם (50 גרם),קבוצת אסם סחר שות. מוגבלת,,,יח`,0.50,100 גרם,false,1,5.70,11.40,true,1,
7290000066431,false,חטיף פופקו חמאה ודבש אסם (80 גרם),קבוצת אסם סחר שות. מוגבלת,,,יח`,0.80,100 גרם,false,1,6.10,7.63,true,1,
7290000067599,false,מנה חמה ספגטי בולונז אסם (65 גרם),קבוצת אסם סחר שות. מוגבלת,,,יח`,0.65,100 גרם,false,1,7.50,11.54,true,1,
7290000068138,false,פודינג בטעם וניל 80  גר`אסם,קבוצת אסם סחר שות. מוגבלת,,,יח`,0.80,100 גרם,false,1,5.90,7.38,false,1,
7290000068237,false,אבקה להכנת ג`לי בטעם פטל אסם (85 גרם),קבוצת אסם סחר שות. מוגבלת,,,יח`,0.85,100 גרם,false,1,7.80,9.18,false,1,
7290000068282,false,מנה חמה פירה עם ירקות אסם (47 גרם),קבוצת אסם סחר שות. מוגבלת,,,יח`,0.44,100 גרם,false,1,7.50,17.05,true,1,
7290000068343,false,פריכונים מאורז מלא אסם (140 גרם),קבוצת אסם סחר שות. מוגבלת,,,יח`,1.40,100 גרם,false,1,9.90,7.07,true,1,
7290000068701,false,שקדי מרק במיכל,קבוצת אסם סחר שות. מוגבלת,,,יח`,4,100 גרם,false,1,18.50,4.63,false,1,
7290000068770,false,במבה יום הולדת אסם (80 גרם),קבוצת אסם סחר שות. מוגבלת,,,יח`,0.80,100 גרם,false,1,4.40,5.50,true,1,
7290000069609,false,חטיפי קרקר בטעם זעתר אסם (300 גרם),קבוצת אסם סחר שות. מוגבלת,,,יח`,3,100 גרם,false,1,13.20,4.40,true,1,
7290000069715,false,חטיפי קרקר מלוח אסם (300 גרם),קבוצת אסם סחר שות. מוגבלת,,,יח`,3,100 גרם,false,1,13.20,4.40,true,1,
7290000070308,false,מרק עוף אמיתי בשרי אסם (400 גרם),קבוצת אסם סחר שות. מוגבלת,,,יח`,4,100 גרם,false,1,20.40,5.10,false,1,
7290000070322,false,מרק פטריות אסם (400 גרם),קבוצת אסם סחר שות. מוגבלת,,,יח`,4,100 גרם,false,1,24.90,6.23,true,1,
7290000070919,false,בייגלה רשתות עם מלח אסם (400 גרם),קבוצת אסם סחר שות. מוגבלת,,,יח`,4,100 גרם,false,1,14.20,3.55,true,1,
7290000072067,false,במבה במילוי קרם חלבה אסם (60 גרם),קבוצת אסם סחר שות. מוגבלת,,,יח`,0.60,100 גרם,false,1,4.40,7.33,true,1,
7290000072241,false,רוטב פיצה אסם (290 מל),קבוצת אסם סחר שות. מוגבלת,,,יח`,2.90,"100 מ""ל",false,1,13.20,4.55,true,1,
7290000072623,false,קטשופ אסם (750 גרם),קבוצת אסם סחר שות. מוגבלת,,,יח`,7.50,100 גרם,false,1,11.90,1.59,true,1,
7290000072753,false,קפה טייסטרס צ`ויס נסקפה (200 גרם),קבוצת אסם סחר שות. מוגבלת,,,יח`,2,100 גרם,false,1,29.90,14.95,true,1,
7290000072968,false,סיני מיניס בטעם קינמון נסטלה (500 גרם),קבוצת אסם סחר שות. מוגבלת,,,יח`,3.75,100 גרם,false,1,22.90,6.11,true,1,
7290000073699,false,צבר חומוס 150 גר`,קבוצת אסם סחר שות. מוגבלת,,,יח`,1.50,100 גרם,false,1,4.90,3.27,false,1,
7290000074184,false,ביסקוויט פתי בר אסם (500 גרם),קבוצת אסם סחר שות. מוגבלת,,,יח`,5,100 גרם,false,1,12.20,2.44,true,1,
7290000074245,false,קרם קרקר אסם (250 גרם),קבוצת אסם סחר שות. מוגבלת,,,יח`,2.50,100 גרם,false,1,11.20,4.48,true,1,
7290000074375,false,קרקר זהב אסם (150 גרם),קבוצת אסם סחר שות. מוגבלת,,,יח`,1.50,100 גרם,false,1,8.40,5.60,true,1,
7290000077925,false,טוסטעים צנימים מחיטה מלאה 125 גר`,קבוצת אסם סחר שות. מוגבלת,,,יח`,1.25,100 גרם,false,1,11.20,8.96,false,1,
7290000078762,false,פריכונים בדבש מאורז מלא אסם (80 גרם),קבוצת אסם סחר שות. מוגבלת,,,יח`,0.80,100 גרם,false,1,9.10,11.38,true,1,
7290000079233,false,קרם קרקר דל נתרן אסם (250 גרם),קבוצת אסם סחר שות. מוגבלת,,,יח`,2.50,100 גרם,false,1,12.20,4.88,true,1,
7290000081663,false,בייגלה טבעות עם שומשום אסם (300 גרם),קבוצת אסם סחר שות. מוגבלת,,,יח`,3,100 גרם,false,1,10.10,3.37,true,1,
7290000100128,false,פירות קפואים תות 300  גר`סנפרוסט,תנובה קפואים,,,יח`,3,100 גרם,false,1,17.30,5.77,true,1,
7290000101927,false,אוכמניות כחולות מקופאים 300 גר סנפרוסט,תנובה קפואים,,,יח`,3,100 גרם,false,1,16.90,5.63,true,1,
7290000101934,false,מיקס פירות יער מוקפאים 300 גר סנפרוסט,תנובה קפואים,,,יח`,3,100 גרם,false,1,16.90,5.63,true,1,
7290000104201,false,אפונה עדינה מוקפאת סנפרוסט (600 גרם),תנובה קפואים,,,יח`,6,100 גרם,false,1,20.90,3.48,true,1,
7290000104218,false,במיה 600  גר`סנפרוסט,תנובה קפואים,,,יח`,6,100 גרם,false,1,19.30,3.22,true,1,
7290000104683,false,שעועית ירוקה שלמה סנפרוסט (800 גרם),תנובה קפואים,,,יח`,8,100 גרם,false,1,23.40,2.93,true,1,
7290000104690,false,גרעיני תירס מוקפאים סנפרוסט (800 גרם),תנובה קפואים,,,יח`,8,100 גרם,false,1,18.90,2.36,true,1,
7290000104713,false,פול ירוק 800  גר`סנפרוסט,תנובה קפואים,,,יח`,8,100 גרם,false,1,27.50,3.44,true,1,
7290000104720,false,שעועית ירוקה חתוכה סנפרוסט (800 גרם),תנובה קפואים,,,יח`,8,100 גרם,false,1,21.40,2.68,true,1,
7290000104744,false,כרובית מוקפאת סנפרוסט (800 גרם),תנובה קפואים,,,יח`,8,100 גרם,false,1,27.60,3.45,true,1,
7290000104768,false,עלי תרד סנפרוסט (800 גרם),תנובה קפואים,,,יח`,8,100 גרם,false,1,28.60,3.58,true,1,
7290000104799,false,שעועית לבנה מבושלת סנפרוסט (800 גרם),תנובה קפואים,,,יח`,8,100 גרם,false,1,21.40,2.68,true,1,
7290000104805,false,גרגרי חומוס מבושלים סנפרוסט (800 גרם),תנובה קפואים,,,יח`,8,100 גרם,false,1,21.40,2.68,true,1,
7290000104874,false,לקט מוקפא לקוסקוס סנפרוסט (800 גרם),תנובה קפואים,,,יח`,8,100 גרם,false,1,24.50,3.06,true,1,
7290000104881,false,לקט אפונה וגזר מוקפאים סנפרוסט (800 גרם),תנובה קפואים,,,יח`,8,100 גרם,false,1,18.30,2.29,true,1,
7290000104911,false,לקט נורמנדי מוקפא סנפרוסט (800 גרם),תנובה קפואים,,,יח`,8,100 גרם,false,1,17.90,2.24,true,1,
7290000107165,false,חטיף סויה אדממה סנפרוסט (400 גרם),תנובה קפואים,,,יח`,4,100 גרם,false,1,15.30,3.83,true,1,
7290000107189,false,תחתיות ארטישוק סנפרוסט (400 גרם),תנובה קפואים,,,יח`,4,100 גרם,false,1,24.40,6.10,true,1,
7290000107295,false,ברוקולי סנפרוסט (800 גרם),תנובה קפואים,,,יח`,8,100 גרם,false,1,27.50,3.44,true,1,
7290000110844,false,כיפלי 70  גר`גריל,יוניליוור ישראל שיווק בעמ,,,יח`,0.70,100 גרם,false,1,6.10,8.71,true,1,
7290000111186,false,מיונז אמיתי תלמה (500 גרם),יוניליוור ישראל שיווק בעמ,,,יח`,5,100 גרם,false,1,9.90,1.98,false,1,
7290000111353,false,מיונז אמיתי תלמה (1 קג),יוניליוור ישראל שיווק בעמ,,,יח`,1,"ק""ג",false,1,17.90,17.90,false,1,
7290000112220,false,בארכה טחינה 100% שומשום,קבוצת אסם סחר שות. מוגבלת,,,יח`,5,100 גרם,false,1,14.90,2.98,true,1,
7290000112619,false,מרק עוף אמיתי בשרי קנור (400 גרם),יוניליוור ישראל שיווק בעמ,,,יח`,4,100 גרם,false,1,26.50,6.63,true,1,
7290000116884,false,רוטב ברביקיו קנור (300 מל),יוניליוור ישראל שיווק בעמ,,,יח`,3,"100 מ""ל",false,1,13.90,4.63,true,1,
7290000116945,false,רוטב סויה קלאסי קנור (300 מל),יוניליוור ישראל שיווק בעמ,,,יח`,3,"100 מ""ל",false,1,13.90,4.63,true,1,
7290000117720,false,מרק נמס בכוס פטריות קנור (21.5x2 גרם),יוניליוור ישראל שיווק בעמ,,,יח`,0.43,100 גרם,false,1,7.60,17.67,true,1,
7290000121109,false,מון בלאן זיתים,נטו מלינדה סחר בעמ,,,יח`,1.20,100 גרם,false,1,14,11.67,true,1,
7290000121239,false,מיוקל 5% שומן תלמה (500 גרם),יוניליוור ישראל שיווק בעמ,,,יח`,5,100 גרם,false,1,13.20,2.64,false,1,
7290000133645,false,מש.שיניים אורביטול שלישיה,החברה הדרומית לשיווק בעמ,,,יח`,4.35,100 גרם,false,1,21.40,4.92,true,1,
7290000134147,false,מוסקט טחון 40 גר`,תבליני טעם וריח בעמ,,,יח`,0.40,100 גרם,false,1,13.90,34.75,false,1,
7290000134338,false,שום אבקה 90 גר`,תבליני טעם וריח בעמ,,,יח`,0.90,100 גרם,false,1,9.90,11,true,1,
7290000134352,false,קינמון טחון 90 גר`,תבליני טעם וריח בעמ,,,יח`,0.90,100 גרם,false,1,9.90,11,true,1,
7290000134376,false,פפריקה בשמן 90 גר`,תבליני טעם וריח בעמ,,,יח`,0.90,100 גרם,false,1,9.90,11,true,1,
7290000134833,false,כמון טחון 100 גר`,תבליני טעם וריח בעמ,,,יח`,1,100 גרם,false,1,9.90,9.90,true,1,
7290000134840,false,כורכום טחון 100 גר`,תבליני טעם וריח בעמ,,,יח`,1,100 גרם,false,1,9.90,9.90,true,1,
7290000134857,false,פפריקה מתוקה 100 גר`,תבליני טעם וריח בעמ,,,יח`,1,100 גרם,false,1,9.90,9.90,true,1,
7290000134864,false,פפריקה חריפה 100 גר`,תבליני טעם וריח בעמ,,,יח`,1,100 גרם,false,1,9.90,9.90,true,1,
7290000134871,false,פלפל שחור טחון 100 גר`,תבליני טעם וריח בעמ,,,יח`,1,100 גרם,false,1,12.90,12.90,true,1,
7290000135052,false,משקה אנרגיה מנגו אקסל (250  מל)TEN,טמפו משקאות בעמ,,,יח`,2.50,"100 מ""ל",false,1,4.90,1.84,true,1,
7290000136158,false,פפסי מקס 1.5 ליטר,טמפו משקאות בעמ,,,יח`,1.50,1 ליטר,false,1,8.90,5.73,true,1,
7290000136165,false,מירנדה 1.5 ליטר,טמפו משקאות בעמ,,,יח`,1.50,1 ליטר,false,1,9.90,6.40,true,1,
7290000136189,false,סבן אפ דיאט 1.5 ליטר,טמפו משקאות בעמ,,,יח`,1.50,1 ליטר,false,1,8.50,5.47,true,1,
7290000137513,false,קרמיסימו גלידונית 60 יח`,גלידות שטראוס בעמ,,,יח`,7,100 גרם,false,1,52,7.43,false,1,
7290000137643,false,מאגדת-טעמקור 8 יח`,גלידות שטראוס בעמ,,,יח`,1,,false,1,41.80,41.80,false,1,
7290000144467,false,שמן חמניות מזוכך עץ הזית (1 ליטר),סוגת תעשיות בעמ,,,יח`,1,1 ליטר,false,1,17.90,17.90,true,1,
7290000144474,false,שמן קנולה מזוכך עץ הזית (1 ליטר),סוגת תעשיות בעמ,,,יח`,1,1 ליטר,false,1,16.90,16.90,true,1,
7290000168173,false,ברנפלקס קרנצ`ים 375  גר`בדצ,יוניליוור ישראל שיווק בעמ,,,יח`,3.75,100 גרם,false,1,24.40,6.51,true,1,
7290000169798,false,עוגי מופחת סוכר 500גר,יוניליוור ישראל שיווק בעמ,,,יח`,5,100 גרם,false,1,20.30,4.06,true,1,
7290000174723,false,שוקולית אבקת שוקו עלית (500 גרם),שטראוס גרופ בעמ,,,יח`,5,100 גרם,false,1,13.20,2.64,false,1,
7290000176079,false,קפה טורקי עם הל עלית (100 גרם),שטראוס גרופ בעמ,,,יח`,1,100 גרם,false,1,10.90,10.90,false,1,
7290000176413,false,נס קפה קטן פח,שטראוס גרופ בעמ,,,יח`,0.50,100 גרם,false,1,10.50,21,false,1,
7290000176420,false,קפה נמס עלית (200 גרם),שטראוס גרופ בעמ,,,יח`,2,100 גרם,false,1,19.90,9.95,false,1,
7290000178707,false,חטיף צ`יפס בטעם טבעי תפוצ`יפס (50 גרם),שטראוס פריטו ליי בעמ,,,יח`,0.50,100 גרם,false,1,4,8,false,1,
7290000178721,false,חטיף צ`יפס בטעם טבעי תפוצ`יפס (200 גרם),שטראוס פריטו ליי בעמ,,,יח`,2,100 גרם,false,1,11.50,5.75,true,1,
7290000187921,false,נייר טואלט קלאסיק לבן לילי) (32,קימברלי קלארק ישראל שיווק בעמ,,,יח`,19.69,100 גרם,false,1,40.90,2.08,false,1,
7290000187938,false,נייר טואלט פסטל לילי 32 גלילים,קימברלי קלארק ישראל שיווק בעמ,,,יח`,1,,false,1,33.90,33.90,true,1,
7290000188553,false,מגן תחתון נורמל ביג קוטקס) (60,קימברלי קלארק ישראל שיווק בעמ,,,יח`,1,יח`,false,1,16.90,16.90,false,1,
7290000189192,false,מגבת רב שימושית ניקול,קימברלי קלארק ישראל שיווק בעמ,,,יח`,1,יח`,false,1,20.90,20.90,false,1,
7290000189550,false,זוג אשפתון 90x78 ניקול) (10x2,קימברלי קלארק ישראל שיווק בעמ,,,יח`,1,יח`,false,1,25.90,25.90,false,1,
7290000189598,false,מטליות לחות לניקוי כללי ניקול) (50,קימברלי קלארק ישראל שיווק בעמ,,,יח`,1,יח`,false,1,13.90,13.90,true,1,
7290000189871,false,שקיות אשפה לפח עם שרוך 64x52 ניקול) (55,קימברלי קלארק ישראל שיווק בעמ,,,יח`,1,,false,1,19.90,19.90,true,1,
7290000190198,false,מטליות לניקוי וחיטוי ניקול,קימברלי קלארק ישראל שיווק בעמ,,,יח`,1,,false,1,12.90,12.90,true,1,
7290000190853,false,נייר טואלט 30 גלילים לילי לבן,קימברלי קלארק ישראל שיווק בעמ,,,יח`,23,100 גרם,false,1,40.90,1.78,false,1,
7290000191225,false,חיתולי ליטל בייביס שלב 2 האגיס) (44,קימברלי קלארק ישראל שיווק בעמ,,,יח`,1,,false,1,35.60,35.60,false,1,
7290000191539,false,ממחטות טישו לילי) (100x5,קימברלי קלארק ישראל שיווק בעמ,,,יח`,5.93,100 גרם,false,1,15.90,2.68,false,1,
7290000191652,false,ממחטות אף קלינקס) (90x3,קימברלי קלארק ישראל שיווק בעמ,,,יח`,1,,false,1,12.90,12.90,true,1,
7290000195537,false,מגבוני האגיס דיילי קר ללא בישום 4*64,קימברלי קלארק ישראל שיווק בעמ,,,יח`,1,,false,1,21.90,21.90,true,1,
7290000195773,false,מגבוני האגיס סנסיטיב קייר ללא בישום 4*64,קימברלי קלארק ישראל שיווק בעמ,,,יח`,1,,false,1,21.90,21.90,true,1,
7290000196039,false,מפת שולחן 110*180 סמ ניקול) (2,קימברלי קלארק ישראל שיווק בעמ,,,יח`,2.50,100 גרם,false,1,13.90,5.56,false,1,
7290000196763,false,שקיות אשפה חזקות במיוחד 65x52 ניקול) (40,קימברלי קלארק ישראל שיווק בעמ,,,יח`,1,יח`,false,1,29.90,29.90,true,1,
7290000197012,false,שקית  ריצ`רץ`למזון ניקול) (15,קימברלי קלארק ישראל שיווק בעמ,,,יח`,15,יח`,false,1,15.90,1.06,false,1,
7290000197029,false,שקיות  ריצ`רץ`רב תכליתיות ניקול) (12,קימברלי קלארק ישראל שיווק בעמ,,,יח`,12,יח`,false,1,15.90,1.33,false,1,
7290000197548,false,חיתולי פרידום דריי שלב 5 האגיס) (36,קימברלי קלארק ישראל שיווק בעמ,,,יח`,1,,false,1,43.90,43.90,true,1,
7290000197883,false,ניקול תבניות אלומניום גדולות,קימברלי קלארק ישראל שיווק בעמ,,,יח`,1,יח`,false,1,10.90,10.90,false,1,
7290000199313,false,תחבושות קוטקס יאנג,קימברלי קלארק ישראל שיווק בעמ,,,יח`,1,,false,1,22.40,22.40,true,1,
7290000201856,false,חיתולי פרימיום שלב 4+ טיטולים) (38,קימברלי קלארק ישראל שיווק בעמ,,,יח`,1,,false,1,40.70,40.70,true,1,
7290000204512,false,מטליות לחות לרצפה בריח לימון 10 יח,קימברלי קלארק ישראל שיווק בעמ,,,יח`,1,,false,1,15.90,15.90,true,1,
7290000207162,false,רוטב עגבניות 22% יכין (100 גרם),זנלכל בעמ,,,יח`,1,100 גרם,false,1,3.50,3.50,true,1,
7290000208077,false,אפונת גינה גדולה יכין (550 גרם),זנלכל בעמ,,,יח`,5.50,100 גרם,false,1,9.50,1.73,true,1,
7290000208114,false,אפונת גינה וגזר יכין (550 גרם),זנלכל בעמ,,,יח`,5.50,100 גרם,false,1,9.50,1.73,true,1,
7290000208145,false,תירס לייט יכין (550 גרם),זנלכל בעמ,,,יח`,5.50,100 גרם,false,1,10.90,1.98,false,1,
7290000208220,false,שעועית צ`ילי מקסיקני חריף יכין (550 גרם),זנלכל בעמ,,,יח`,5.80,100 גרם,false,1,11.50,1.98,false,1,
7290000208329,false,גרעיני תירס מתוק יכין (550 גרם),זנלכל בעמ,,,יח`,5.50,100 גרם,false,1,9.50,1.73,true,1,
7290000208336,false,רוטב עגבניות 22% יכין (240 גרם),זנלכל בעמ,,,יח`,2.40,100 גרם,false,1,5.50,2.29,true,1,
7290000208428,false,חומוס שלם יכין (550 גרם),זנלכל בעמ,,,יח`,5.50,100 גרם,false,1,10.50,1.91,true,1,
7290000208893,false,תירס לייט יכין (400 גרם),זנלכל בעמ,,,יח`,3.40,100 גרם,false,1,7.50,2.21,true,1,
7290000209388,false,תירס לייט שלשות OZ6,זנלכל בעמ,,,יח`,1.65,100 גרם,false,1,15.90,9.64,false,1,
7290000209722,false,רוטב עגבניות 28% יכין (580  גרם)פריכוז,זנלכל בעמ,,,יח`,5.80,100 גרם,false,1,11.90,2.05,false,1,
7290000209951,false,רוטב לפיצה יכין (240 גרם),זנלכל בעמ,,,יח`,2.40,100 גרם,false,1,6.50,2.71,false,1,
7290000210896,false,רוטב בולונז יכין (240 גרם),זנלכל בעמ,,,יח`,2.40,100 גרם,false,1,6.90,2.88,false,1,
7290000211442,false,אורז בסגנון פרסי קלאסי סוגת (1 קג),סוגת תעשיות בעמ,,,יח`,1,"ק""ג",false,1,10.90,10.90,false,1,
7290000211503,false,סוכר לבן סוגת (1 קג),סוגת תעשיות בעמ,,,יח`,1,"ק""ג",false,1,4,4,false,1,
7290000211985,false,אורז ריזוטו עגול סוגת (1 קג),סוגת תעשיות בעמ,,,יח`,1,"ק""ג",false,1,11.50,11.50,false,1,
7290000238029,false,בצק עלים מרודד מעדנות (1 קג),תנובה קפואים,,,יח`,10,100 גרם,false,1,24.40,2.44,false,1,
7290000238036,false,מלווח מעדנות (6  יח`- 700 גרם),תנובה קפואים,,,יח`,7,100 גרם,false,1,18.30,2.61,false,1,
7290000238180,false,בורקס תפוא מעדנות,תנובה קפואים,,,יח`,8,100 גרם,false,1,21.40,2.68,false,1,
7290000272696,false,מיץ לימון משומר עסיס (1 ליטר),קבוצת אסם סחר שות. מוגבלת,,,יח`,1,1 ליטר,false,1,10.10,10.10,false,1,
7290000272726,false,חומץ 5% עסיס (1 ליטר),קבוצת אסם סחר שות. מוגבלת,,,יח`,1,1 ליטר,false,1,8.40,8.40,false,1,
7290000286228,false,כרית יפנית סנו סושי) (6,החברה הדרומית לשיווק בעמ,,,יח`,6,יח`,false,1,12.90,2.15,true,1,
7290000286549,false,מטלית לכל סנו סושי) (9,החברה הדרומית לשיווק בעמ,,,יח`,9,יח`,false,1,12.90,1.43,true,1,
7290000287485,false,סנובון לאסלה לובר סנו (55x3 גרם),החברה הדרומית לשיווק בעמ,,,יח`,1.65,100 גרם,false,1,12.90,7.82,true,1,
7290000288017,false,אקונומיקה ז`אוול לימון סנו (1 ליטר),החברה הדרומית לשיווק בעמ,,,יח`,1,1 ליטר,false,1,9.90,9.90,false,1,
7290000288024,false,אקונומיקה ז`אוול לימון סנו (4 ליטר),החברה הדרומית לשיווק בעמ,,,יח`,40,"100 מ""ל",false,1,17.90,0.45,false,1,
7290000288079,false,לימון 2 ליטר JAVEL אקונומיקה,החברה הדרומית לשיווק בעמ,,,יח`,2,1 ליטר,false,1,10.90,5.45,true,1,
7290000288642,false,סנו מקסימה4 ליטר ורוד פסים,החברה הדרומית לשיווק בעמ,,,יח`,4,1 ליטר,false,1,22.40,5.60,true,1,
7290000289069,false,סנו ז`אוול מרסס 1 ליטר,החברה הדרומית לשיווק בעמ,,,יח`,1,1 ליטר,false,1,19.90,19.90,true,1,
7290000289380,false,ז`אוול מונטבלאן ג`ל לאסלות סנו (750 מל),החברה הדרומית לשיווק בעמ,,,יח`,7.50,"100 מ""ל",false,1,11.90,1.59,false,1,
7290000289472,false,סושי שקיות אשפה גדולות 50 יח`,החברה הדרומית לשיווק בעמ,,,יח`,1,,false,1,18.90,18.90,false,1,
7290000289595,false,מש.שיניים אורביטול ילדים,החברה הדרומית לשיווק בעמ,,,יח`,1.45,100 גרם,false,1,8.90,6.14,false,1,
7290000289748,false,מסיר שומנים פורטה פלוס סנו (750 מל),החברה הדרומית לשיווק בעמ,,,יח`,7.50,"100 מ""ל",false,1,14.90,1.99,true,1,
7290000292915,false,רסס ונגב לניקוי כללי תרסיס סנו (750 מל),החברה הדרומית לשיווק בעמ,,,יח`,7.50,"100 מ""ל",false,1,15.90,2.12,true,1,
7290000293073,false,סנו מקסימה4 ליטר לבן,החברה הדרומית לשיווק בעמ,,,יח`,4,1 ליטר,false,1,22.40,5.60,true,1,
7290000294780,false,אקונומיקה ז`אוול סמיכה סנו (4 ליטר),החברה הדרומית לשיווק בעמ,,,יח`,40,"100 מ""ל",false,1,17.90,0.45,false,1,
7290000295299,false,כרית יפנית לכלים אקטיב סנו סושי) (4,החברה הדרומית לשיווק בעמ,,,יח`,1,,false,1,10.90,10.90,true,1,
7290000295503,false,שקיות סנדביצ`ים סנו סושי) (150x2,החברה הדרומית לשיווק בעמ,,,יח`,1,,false,1,15.90,15.90,false,1,
7290000295558,false,סושי רדיד אלומיניום צמד,החברה הדרומית לשיווק בעמ,,,יח`,1,,false,1,12.90,12.90,true,1,
7290000300900,false,טבעול-שניצל תירס 750 גרם,קבוצת אסם סחר שות. מוגבלת,,,יח`,7.50,100 גרם,false,1,25.40,3.39,false,1,
7290000311210,false,וופלים לימון מן (200 גרם),רוקחמן בעמ,,,יח`,2,100 גרם,false,1,5.50,2.75,false,1,
7290000313160,false,חברים זהבה 3 דובים שוקו,קבוצת אסם סחר שות. מוגבלת,,,יח`,2.50,100 גרם,false,1,8.90,3.56,false,1,
7290000318677,false,סלמי סרוולט יחיעם 150 גר`,מעדני יחיעם (1993) בעמ,,,יח`,1.50,100 גרם,false,1,25.40,16.93,false,1,
7290000318943,false,פסטרמה של פעם 200 גר.,מעדני יחיעם (1993) בעמ,,,יח`,2,100 גרם,false,1,25.40,12.70,false,1,
7290000319063,false,כתף בקר מפולפל 150  גר`יחיעם,מעדני יחיעם (1993) בעמ,,,יח`,1.50,100 גרם,false,1,25.40,16.93,false,1,
7290000319124,false,סלמי סרוולט יחיעם (250 גרם),מעדני יחיעם (1993) בעמ,,,יח`,2.50,100 גרם,false,1,35.60,14.24,false,1,
7290000319131,false,נקניקיות עוף 400  גר`יחיעם,מעדני יחיעם (1993) בעמ,,,יח`,4,100 גרם,false,1,11.90,2.98,true,1,
7290000339566,false,מרכך כביסה ורוד בדין (4 ליטר),יוניליוור ישראל שיווק בעמ,,,יח`,4,1 ליטר,false,1,19.90,4.98,false,1,
7290000341071,false,בדין בייבי 2 ליטר,יוניליוור ישראל שיווק בעמ,,,יח`,2,1 ליטר,false,1,23.40,11.70,true,1,
7290000345284,false,תה קלאסיק ויסוצקי) (100,תה ויסוצקי (ישראל) בעמ,,,יח`,1.50,100 גרם,false,1,17.30,11.53,false,1,
7290000345291,false,תה ארל גריי ויסוצקי) (25,תה ויסוצקי (ישראל) בעמ,,,יח`,0.3750,100 גרם,false,1,17.30,46.13,true,1,
7290000345536,false,תה נענע ויסוצקי) (25,תה ויסוצקי (ישראל) בעמ,,,יח`,0.3750,100 גרם,false,1,18.10,48.27,false,1,
7290000346205,false,תה קמומיל ויסוצקי הגן הקסום) (25,תה ויסוצקי (ישראל) בעמ,,,יח`,0.3750,100 גרם,false,1,17.90,47.73,true,1,
7290000347752,false,תה ירוק לימונית ולואיזה ויסוצקי) (25,תה ויסוצקי (ישראל) בעמ,,,יח`,1,,false,1,27.90,27.90,true,1,
7290000364261,false,סלסולי כתף בקר 120  גר`טירת צבי,תנובה קפואים,,,יח`,1.20,100 גרם,false,1,17.30,14.42,true,1,
7290000364285,false,דקניקים סלסולי הודו טירת צבי (120 גרם),תנובה קפואים,,,יח`,1.20,100 גרם,false,1,17.30,14.42,true,1,
7290000364858,false,נקניקיות עוף טירת צבי (1 קג),תנובה קפואים,,,יח`,1,"ק""ג",false,1,23.90,23.90,true,1,
7290000364872,false,נקניקיות עוף טירת צבי (400 גרם),תנובה קפואים,,,יח`,4,100 גרם,false,1,15.20,3.80,true,1,
7290000364957,false,נקנקיות מיני מיני עוף 700  גר`טירת צבי,תנובה קפואים,,,יח`,7,100 גרם,false,1,30.50,4.36,false,1,
7290000367590,false,צמד כפרי 800  גר`טירת צבי,תנובה קפואים,,,יח`,8,100 גרם,false,1,37.70,4.71,true,1,
7290000379432,false,לחמניה אנג`ל,שלמה א. אנג`ל בעמ,,,יח`,0.75,100 גרם,false,1,2.10,2.80,false,1,
7290000408316,false,יוגורט ביו 3% דנונה (200 גרם),שטראוס גרופ בעמ/מצונן,,,יח`,2,"100 מ""ל",false,1,3.70,1.85,false,1,
7290000408354,false,דנונה בר פיצפוצים,שטראוס גרופ בעמ/מצונן,,,יח`,1.73,"100 מ""ל",false,1,4.50,2.60,false,1,
7290000412481,false,נוזל לניקוי אסלות 00 סנו (1 ליטר),החברה הדרומית לשיווק בעמ,,,יח`,1,1 ליטר,false,1,8.90,8.90,true,1,
7290000416045,false,ממרח בטעם שוקולד השחר העולה (1 קג),השחר העולה תעשית ממתקים בעמ,,,יח`,1,"ק""ג",false,1,25.90,25.90,true,1,
7290000416618,false,ממרח 400  גר`פרווה השחר,השחר העולה תעשית ממתקים בעמ,,,יח`,4,100 גרם,false,1,12.90,3.23,true,1,
7290000416632,false,ממרח פרווה 1  קג`השחר,השחר העולה תעשית ממתקים בעמ,,,יח`,1,"ק""ג",false,1,25.90,25.90,true,1,
7290000416809,false,ממרח חצי חצי 350  גר`השחר,השחר העולה תעשית ממתקים בעמ,,,יח`,3.50,100 גרם,false,1,12.90,3.69,true,1,
7290000416922,false,ממרח חלב 350  גר`השחר,השחר העולה תעשית ממתקים בעמ,,,יח`,3.50,100 גרם,false,1,12.90,3.69,true,1,
7290000419220,false,קפה שחור קפה לנדוור (100x3 גרם),ש.שסטוביץ בעמ,,,יח`,3,100 גרם,false,1,19.90,6.63,false,1,
7290000419374,false,קפה לנדוור לבוקר שלישיה,ש.שסטוביץ בעמ,,,יח`,3,100 גרם,false,1,19.90,6.63,false,1,
7290000420325,false,פופקורן פופסטאר חמישייה טבעי,דנשר (1963) בעמ,,,יח`,5,100 גרם,false,1,18.50,3.70,true,1,
7290000420332,false,פופקורן פופסטאר חמישייה חמאה,דנשר (1963) בעמ,,,יח`,5,100 גרם,false,1,18.50,3.70,true,1,
7290000446523,false,חמאת בוטנים מתוקה בי   די (350 גרם),בטר אנד דיפרנט בעמ,,,יח`,3.50,100 גרם,false,1,14.90,4.26,false,1,
7290000446547,false,חמאת בוטנים טבעית בי   די (350 גרם),בטר אנד דיפרנט בעמ,,,יח`,3.50,100 גרם,false,1,14.90,4.26,false,1,
7290000449128,false,נוזל לניקוי כללי פנטסטיק סיף (4 ליטר),יוניליוור ישראל שיווק בעמ,,,יח`,4,"ק""ג",false,1,26.50,6.63,true,1,
7290000450209,false,נתחי טונה בהירה בשמן פוסידון (108 גרם),נטו מלינדה סחר בעמ,,,יח`,1.08,100 גרם,false,1,7,6.48,false,1,
7290000453019,false,שמרים טריים שמרית (50 גרם),שטראוס גרופ בעמ/מצונן,,,יח`,0.50,100 גרם,false,1,4.90,9.80,false,1,
7290000453408,false,בצק פיצה דק מצונן ומוכן לאפייה 415  גר`ש,שטראוס גרופ בעמ/מצונן,,,יח`,4.15,100 גרם,false,1,17.90,4.31,false,1,
7290000453415,false,בצק עלים מצונן ומוכן לאפייה 300 גר` שימר,שטראוס גרופ בעמ/מצונן,,,יח`,3,100 גרם,false,1,17.90,5.97,false,1,
7290000453422,false,בצק פילו מוכן לאפייה 300 גר` שימרית,שטראוס גרופ בעמ/מצונן,,,יח`,3,100 גרם,false,1,17.90,5.97,false,1,
7290000453866,false,נטורינה קוקוס 200  גר`שמרית,שטראוס גרופ בעמ/מצונן,,,יח`,2,100 גרם,false,1,7.40,3.70,false,1,
7290000461625,false,בייגלה שמונה שמונה 400 גר`,יוניליוור ישראל שיווק בעמ,,,יח`,4,100 גרם,false,1,11.50,2.88,true,1,
7290000461700,false,גדול גדול 400,יוניליוור ישראל שיווק בעמ,,,יח`,4,100 גרם,false,1,13.90,3.48,true,1,
7290000462141,false,סחוג תימני,שטראוס גרופ בעמ/מצונן,,,יח`,1.50,100 גרם,false,1,9.10,6.07,false,1,
7290000462172,false,סחוג זחוק ירוק תימני חריף זהבי (150 גרם),שטראוס גרופ בעמ/מצונן,,,יח`,1.40,100 גרם,false,1,9.10,6.50,false,1,
7290000474502,false,גבינה לבנה 5% 250  גר`פיקוח,החב` המרכזית - טרה,,,יח`,2.50,100 גרם,false,1,4.98,1.99,false,1,
7290000480107,false,שיבולת שועל קוואקר (500 גרם),שטראוס פריטו ליי בעמ,,,יח`,5,100 גרם,false,1,11.90,2.38,false,1,
7290000484747,false,עלית הארק יקב הגליל (700 מל),יקב הגליל שיווק בעמ,,,יח`,7,"100 מ""ל",false,1,59.90,8.51,false,1,
7290000493176,false,רוטב צלי אסם (22 גרם),קבוצת אסם סחר שות. מוגבלת,,,יח`,0.22,100 גרם,false,1,6.10,27.73,false,1,
7290000493183,false,רוטב פטריות אסם (30 גרם),קבוצת אסם סחר שות. מוגבלת,,,יח`,0.30,100 גרם,false,1,5.40,18,false,1,
7290000497044,false,לחם אקטיב ברמן (750 גרם),י.את א. ברמן בעמ,,,יח`,7.50,100 גרם,false,1,15.90,2.12,false,1,
7290000497112,false,לחם אחיד כהה פרוס ברמן (750  גרם)פי,י.את א. ברמן בעמ,,,יח`,7.50,100 גרם,false,1,6.90,0.92,false,1,
7290000497198,false,פיתות אסלי ברמן) (10,י.את א. ברמן בעמ,,,יח`,10,100 גרם,false,1,10.90,1.09,false,1,
7290000497228,false,לחמניות שישייה,י.את א. ברמן בעמ,,,יח`,4.50,100 גרם,false,1,10.90,2.42,false,1,
7290000497273,false,לחמניות אקטיב ברמן,י.את א. ברמן בעמ,,,יח`,4.50,100 גרם,false,1,14.50,3.22,false,1,
7290000497303,false,לחמניות מקמח מלא ברמן) (6,י.את א. ברמן בעמ,,,יח`,5.40,100 גרם,false,1,12.90,2.39,false,1,
7290000497358,false,חלומית חלה מתוקה קלועה ברמן (500 גרם),י.את א. ברמן בעמ,,,יח`,5,100 גרם,false,1,12.90,2.58,false,1,
7290000497426,false,לחם לענין פלוס ברמן,י.את א. ברמן בעמ,,,יח`,7.50,100 גרם,false,1,14.60,1.95,false,1,
7290000497570,false,דגנים פלוס ברמן (500 גרם),י.את א. ברמן בעמ,,,יח`,5,100 גרם,false,1,14.50,2.90,false,1,
7290000497617,false,רוגלך,י.את א. ברמן בעמ,,,יח`,5,100 גרם,false,1,12.50,2.50,false,1,
7290000498003,false,לחם מקמח מלא 750  גר`E FREE ברמן,י.את א. ברמן בעמ,,,יח`,7.50,100 גרם,false,1,15.90,2.12,true,1,
7290000498034,false,לחם מקמח כוסמין מלא 750  גר`E FREE,י.את א. ברמן בעמ,,,יח`,7.50,100 גרם,false,1,15.90,2.12,false,1,
7290000498393,false,חלה רגילה (500  גרם)פיקוח,י.את א. ברמן בעמ,,,יח`,5,100 גרם,false,1,4.90,0.98,false,1,
7290000504278,false,סוכרזית פטנט) (700,שטראוס גרופ בעמ,,,יח`,5.74,100 גרם,false,1,14.90,2.60,false,1,
7290000523125,false,מלח ים יבש מלח הארץ (250 גרם),סוגת תעשיות בעמ,,,יח`,2,100 גרם,false,1,5.90,2.95,false,1,
7290000523224,false,מלח ים יבש מלח הארץ (500 גרם),סוגת תעשיות בעמ,,,יח`,5,100 גרם,false,1,7.90,1.58,false,1,
7290000523804,false,מלח עדין מלח הארץ (1 קג),סוגת תעשיות בעמ,,,יח`,1,"ק""ג",false,1,7.20,7.20,false,1,
7290000525969,false,מיץ תפוזים סחוט טבעי פרימור (1 ליטר),שטראוס גרופ בעמ/מצונן,,,יח`,1,1 ליטר,false,1,16.90,16.90,false,1,
7290000530086,false,נקניק סלמי מעושן 7000 זוגלובק (600 גרם),זוגלובק שיווק בעמ,,,יח`,8,100 גרם,false,1,37.70,4.71,false,1,
7290000530116,false,נקניק סלמי בשן זוגלובק (470 גרם),זוגלובק שיווק בעמ,,,יח`,7,100 גרם,false,1,29.50,4.21,false,1,
7290000530468,false,נקניקיות וניר 1  קג`זוגלובק,זוגלובק שיווק בעמ,,,יח`,1,"ק""ג",false,1,31.60,31.60,true,1,
7290000530703,false,מארז פסטרמה חרמון+תה,זוגלובק שיווק בעמ,,,יח`,8,100 גרם,false,1,35.60,4.45,true,1,
7290000536743,false,קריספי סטיקס תירס,זוגלובק שיווק בעמ,,,יח`,5,100 גרם,false,1,21.40,4.28,true,1,
7290000537566,false,נקניקיות עוף זוגלובק (400 גרם),זוגלובק שיווק בעמ,,,יח`,4,100 גרם,false,1,15.20,3.80,true,1,
7290000537603,false,נקניקיות עוף זוגלובק (1 קג),זוגלובק שיווק בעמ,,,יח`,1,"ק""ג",false,1,32.60,32.60,true,1,
7290000554457,false,גבינה צפתית 5% גד (350 גרם),מחלבות גד שיווק 1992 בעמ,,,יח`,3.50,100 גרם,false,1,21.90,6.26,false,1,
7290000554532,false,גבינה צפתית מעודנת 5% גד (200 גרם),מחלבות גד שיווק 1992 בעמ,,,יח`,2,100 גרם,false,1,16.90,8.45,false,1,
7290000554600,false,מוצרלה מגורדת 22% גד (300 גרם),מחלבות גד שיווק 1992 בעמ,,,יח`,3,100 גרם,false,1,27.90,9.30,false,1,
7290000554686,false,לבנה בשמן  זית-גד- מדף,מחלבות גד שיווק 1992 בעמ,,,יח`,2.50,100 גרם,false,1,14.90,5.96,false,1,
7290000554815,false,גבינת מוצרלה נקניק מעדנייה גד,מחלבות גד שיווק 1992 בעמ,,,"ק""ג",10,100 גרם,true,1,83,8.30,false,1,
7290000554839,false,גבינת מסקרפונה 40% גד (250 גרם),מחלבות גד שיווק 1992 בעמ,,,יח`,2.50,100 גרם,false,1,22.90,9.16,false,1,
7290000644783,false,פילה סלמון תנובה מנות,תנובה קפואים,,,"ק""ג",1,,true,1,89.90,89.90,false,1,
7290000654973,false,גזר ארוז,מפעלי יופי אגשח בעמ*שיק 45 יום,,,"ק""ג",1,,true,1,5.90,5.90,true,1,
7290000688466,false,מי עדן 0.75 ליטר ספורט בודד,יפאורה,,,יח`,7.50,"100 מ""ל",false,1,2.50,0.29,false,1,
7290000841557,false,סטרילי לחיטוי ושטיפה פירות וירקות,סטרילי מעבדות בעמ,,,יח`,7,"100 מ""ל",false,1,13.30,1.90,false,1,
7290000993461,false,עגבניות שרי צהוב פרמיום ארוז,צימן עגבניות *לא פעיל*,,,יח`,1,,false,1,9.90,9.90,false,1,
7290000993560,false,עגבניות שרי מנומר ארוז,צימן עגבניות *לא פעיל*,,,יח`,5,100 גרם,false,1,9.90,1.98,false,1,
7290000995410,false,נבטים סיני,א.אדמה (2007) בעמ,,,יח`,1,,false,1,7.90,7.90,false,1,
7290001041178,false,אפונה מיה (1 קג),מיה תעשיות מזון מ.ת.מ. בעמ,,,יח`,1,"ק""ג",false,1,9.10,9.10,false,1,
7290001041208,false,עדשים ירוקות מיה (1 קג),מיה תעשיות מזון מ.ת.מ. בעמ,,,יח`,1,"ק""ג",false,1,13.20,13.20,true,1,
7290001041260,false,שומשום מיה (400 גרם),מיה תעשיות מזון מ.ת.מ. בעמ,,,יח`,4,100 גרם,false,1,13.20,3.30,false,1,
7290001041291,false,לקקנים מיה) (70,מיה תעשיות מזון מ.ת.מ. בעמ,,,יח`,1,100 גרם,false,1,23.70,23.70,false,1,
7290001041994,false,סוכר זהב דמררה 1 קג`,מיה תעשיות מזון מ.ת.מ. בעמ,,,יח`,1,"ק""ג",false,1,12.20,12.20,false,1,
7290001045633,false,משקה קל לימונענע 400 מל פרימור,שטראוס גרופ בעמ/מצונן,,,יח`,4,"100 מ""ל",false,1,7.90,1.90,false,1,
7290001045657,false,מיץ תפוחים צלול 400 מל פרימור,שטראוס גרופ בעמ/מצונן,,,יח`,4,"100 מ""ל",false,1,7.90,1.90,false,1,
7290001045688,false,מיץ תפוזים סחוט 400 מל פרימור,שטראוס גרופ בעמ/מצונן,,,יח`,4,"100 מ""ל",false,1,7.90,1.90,false,1,
7290001121054,false,צמד חמד 700 גר` יחיעם,מעדני יחיעם (1993) בעמ,,,יח`,7,100 גרם,false,1,26.90,3.84,true,1,
7290001121238,false,קורנדביף 4% שומן יחיעם (180 גרם).,מעדני יחיעם (1993) בעמ,,,יח`,1.80,100 גרם,false,1,25.40,14.11,false,1,
7290001136287,false,נקה 7 שמפו 750 מל ירוק,החברה הדרומית לשיווק בעמ,,,יח`,7.50,"100 מ""ל",false,1,11.90,1.59,true,1,
7290001136294,false,נקה 7 שמפו 750 מל,החברה הדרומית לשיווק בעמ,,,יח`,7.50,"100 מ""ל",false,1,11.90,1.59,true,1,
7290001201510,false,ביצים ארוזות M מ. לסר) (30 פיקוח,מ לסר בעמ - חברה לשיווק ביצים,,,יח`,1,,false,1,27.87,27.87,false,1,
7290001201572,false,ביצים 12  יח`XL פיקוח,מ לסר בעמ - חברה לשיווק ביצים,,,יח`,1,,false,1,13.10,13.10,false,1,
7290001201589,false,ביצים ארוזות L מ. לסר) (12 פיקוח,מ לסר בעמ - חברה לשיווק ביצים,,,יח`,1,,false,1,12.05,12.05,false,1,
7290001201602,false,ביצים 18  יח`L פיקוח,מ לסר בעמ - חברה לשיווק ביצים,,,יח`,1,,false,1,18.07,18.07,false,1,
7290001201855,false,ביצים אומגה 12  יח`L,מ לסר בעמ - חברה לשיווק ביצים,,,יח`,1,,false,1,18.90,18.90,false,1,
7290001201862,false,ביצי חופש 12 L,מ לסר בעמ - חברה לשיווק ביצים,,,יח`,1,,false,1,17.30,17.30,false,1,
7290001216040,false,טחינה רגילה 500  גר`אל ארז,סוגת תעשיות בעמ,,,יח`,5,100 גרם,false,1,17.90,3.58,false,1,
7290001216231,false,טחינה משומשום מלא אל ארז (500 גרם),סוגת תעשיות בעמ,,,יח`,5,100 גרם,false,1,18.90,3.78,false,1,
7290001245705,false,אקונומיקה מבושמת 4 ליטר טאצ`,סאסאטק אגשח בעמ,,,יח`,4,1 ליטר,false,1,10.90,2.73,false,1,
7290001245842,false,נוזל רצפות מאסק 4 ליטר טאצ,סאסאטק אגשח בעמ,,,יח`,4,1 ליטר,false,1,14.90,3.73,false,1,
7290001246092,false,תרסיס מסיר שומנים 750 מל טא`צ,סאסאטק אגשח בעמ,,,יח`,7.50,"100 מ""ל",false,1,12.90,1.72,false,1,
7290001246122,false,תרסיס ניקוי כללי 750 מל+אקונומיקה  טאצ`,סאסאטק אגשח בעמ,,,יח`,7.50,"100 מ""ל",false,1,12.90,1.72,false,1,
7290001246351,false,נוזל רצפות לבנדר 4 ליטר טאצ,סאסאטק אגשח בעמ,,,יח`,4,1 ליטר,false,1,14.90,3.73,false,1,
7290001305188,false,פלמוליב כלים שקוף לימון 750 בקבוק חדש,ש.שסטוביץ בעמ,,,יח`,7.50,"100 מ""ל",false,1,13.90,1.85,true,1,
7290001462010,false,אריסה מרוקאית תבליני ביטון יוחאי.,נטו מלינדה סחר בעמ,,,יח`,2.50,100 גרם,false,1,15.20,6.08,true,1,
7290001482094,false,וילי פוד פרמז`נו 200 גר`,ג.וילי-פוד אינטרנשיונל **גבינו,,,יח`,2,100 גרם,false,1,17.90,8.95,false,1,
7290001485019,false,גבינת שמנת 200  גר`9%,החב` המרכזית - טרה,,,יח`,2,100 גרם,false,1,11.90,5.95,false,1,
7290001567708,false,נקניקיות וינר 400 גרם,מעדני יחיעם (1993) בעמ,,,יח`,4,100 גרם,false,1,14.20,3.55,false,1,
7290001567760,false,פסטרמה של פעם 300 גרם לחמ,מעדני יחיעם (1993) בעמ,,,יח`,3,100 גרם,false,1,27.50,9.17,true,1,
7290001567791,false,פסטרמה רומנית 250 גרם לחמ,מעדני יחיעם (1993) בעמ,,,יח`,2.50,100 גרם,false,1,27.50,11,true,1,
7290001567814,false,סלמי מעושן בסגנון איטלקי 300 גרם,מעדני יחיעם (1993) בעמ,,,יח`,3,100 גרם,false,1,22.40,7.47,true,1,
7290001588499,false,פפאיה אורגנית שקל ארוז,שדות תוצרת מזון אורגנית ש.ק.ד,,,"ק""ג",1,,true,1,22.90,22.90,false,1,
7290001594155,false,קוקה קולה 500 מל,החברה המרכזית להפצת משקאות בעמ,,,יח`,5,"100 מ""ל",false,1,6.90,1.32,false,1,
7290001594858,false,מארז שישייה בירה טובורג רד (330x6 מל),החברה המרכזית להפצת משקאות בעמ,,,יח`,1.98,1 ליטר,false,1,43.90,21.26,true,1,
7290001594865,false,בירה קרלסברג (330x6 מל),החברה המרכזית להפצת משקאות בעמ,,,יח`,1.98,1 ליטר,false,1,36.90,17.73,true,1,
7290001670255,false,כוסות קרטון 8B 50 יח` הנמל,הנמל אריזות ושיווק (1984) בעמ,,,יח`,1,,false,1,10.90,10.90,true,1,
7290001670354,false,מפת שולחן סופגת במיוחד הנמל,הנמל אריזות ושיווק (1984) בעמ,,,יח`,1,,false,1,11.20,11.20,false,1,
7290001780428,false,מאגדת גלידה לייט שוקו 6 יח`,נגה גלידות שותפות מוגבלת,,,יח`,3.12,100 גרם,false,1,30.50,9.78,false,1,
7290001791349,false,אקונומיקה פיסגה ריחנית סנו (4 ליטר),החברה הדרומית לשיווק בעמ,,,יח`,4,1 ליטר,false,1,12.90,3.23,true,1,
7290001865460,false,אל סבון פמלי לקשרי 1 ליטר קוקוס+משאבה,דנשר (1963) בעמ,,,יח`,1,1 ליטר,false,1,15.90,15.90,true,1,
7290001990094,false,סוכר חום קלאסי סוגת (1 קג),סוגת תעשיות בעמ,,,יח`,10,100 גרם,false,1,15.90,1.59,false,1,
7290002007890,false,כוסות 100  יח`200 PP הנמל,הנמל אריזות ושיווק (1984) בעמ,,,יח`,100,יח`,false,1,9.90,0.10,false,1,
7290002007999,false,צלחות גדול 50  יח`הנמל,הנמל אריזות ושיווק (1984) בעמ,,,יח`,1,,false,1,15.90,15.90,true,1,
7290002008989,false,קישקשים 225  יח`הנמל,הנמל אריזות ושיווק (1984) בעמ,,,יח`,1,,false,1,8.90,8.90,false,1,
7290002019787,false,רוטב עגבניות מרוכז עגבניות 22% 260  גר`פ,אבאל יזמות בעמ,,,יח`,2.60,100 גרם,false,1,3.90,1.50,true,1,
7290002019794,false,רוטב עגבניות מרוכז 22% 100  גר`פריניר,אבאל יזמות בעמ,,,יח`,1,100 גרם,false,1,1.90,1.90,true,1,
7290002037309,false,לחמניות המבורגר מאפיית ודש 8),י.את א. ברמן בעמ,,,יח`,4,100 גרם,false,1,12.50,3.13,false,1,
7290002037637,false,לחמניות הבית מתוקות מאפיית ודש) (4,י.את א. ברמן בעמ,,,יח`,4,100 גרם,false,1,11.90,2.98,false,1,
7290002040019,false,קוסקוס רגיל מזון קוסקוס (350 גרם),הנמל אריזות ושיווק (1984) בעמ,,,יח`,3.50,100 גרם,false,1,6.90,1.97,false,1,
7290002040064,false,קוסקוס דק מזון קוסקוס (350 גרם),הנמל אריזות ושיווק (1984) בעמ,,,יח`,3.50,100 גרם,false,1,6.90,1.97,false,1,
7290002040071,false,קוסקוס עבה מזון קוסקוס (350 גרם),הנמל אריזות ושיווק (1984) בעמ,,,יח`,3.50,100 גרם,false,1,6.90,1.97,false,1,
7290002107491,false,גבינה עיזים 5% למריחה 250 גר`,החב` המרכזית - טרה,,,יח`,2.50,100 גרם,false,1,16.70,6.68,true,1,
7290002107798,false,בולגרית בקר 5% בגביע 250 גר`,החב` המרכזית - טרה,,,יח`,2.50,100 גרם,false,1,24.10,9.64,false,1,
7290002128311,false,נר נשמה בכוס זכוכית שבועי מנורה שי נר,אבאל יזמות בעמ,,,יח`,1,,false,1,10.90,10.90,true,1,
7290002128410,false,נרות שבת שבת אורה  מס`6,אבאל יזמות בעמ,,,יח`,1,,false,1,3.50,3.50,false,1,
7290002128946,false,נר נשמה בכוס ל48 שעות מנורה שי נר,אבאל יזמות בעמ,,,יח`,1,,false,1,5.50,5.50,true,1,
7290002130567,false,דבש טהור מפרחי בר יד מרדכי (350 גרם),שטראוס גרופ בעמ,,,יח`,3.50,100 גרם,false,1,17.30,4.94,false,1,
7290002130574,false,דבש דבורים טהור 500גר,שטראוס גרופ בעמ,,,יח`,5,100 גרם,false,1,25.90,5.18,false,1,
7290002132011,false,עוגיות מזרחיות עם שומשום עבאדי (400 גר),תה ויסוצקי (ישראל) בעמ,,,יח`,4,100 גרם,false,1,18.50,4.63,true,1,
7290002195054,false,המבורגר קפוא בלדי (400 גרם),בלדי בעמ,,,יח`,4,100 גרם,false,1,12.90,3.23,false,1,
7290002195078,false,קבב כבש קפוא בלדי (400 גרם),בלדי בעמ,,,יח`,4,100 גרם,false,1,12.90,3.23,false,1,
7290002195085,false,קבב מזרחי קפוא בלדי (400 גרם),בלדי בעמ,,,יח`,4,100 גרם,false,1,12.90,3.23,false,1,
7290002195092,false,קבב רומני קפוא בלדי (400 גרם),בלדי בעמ,,,יח`,4,100 גרם,false,1,12.90,3.23,false,1,
7290002253105,false,קוביות שום כתוש דורות (80 גרם),קבוצת אסם סחר שות. מוגבלת,,,יח`,0.80,100 גרם,false,1,15.20,19,false,1,
7290002253167,false,פטרוזיליה קצוצה דורות (70 גרם),קבוצת אסם סחר שות. מוגבלת,,,יח`,0.70,100 גרם,false,1,12.20,17.43,false,1,
7290002253181,false,כוסברה קצוצה דורות (70 גרם),קבוצת אסם סחר שות. מוגבלת,,,יח`,0.70,100 גרם,false,1,12.20,17.43,false,1,
7290002317166,false,מלפפון בחומץ 10-12 מוטולה,אבאל יזמות בעמ,,,יח`,5.60,100 גרם,false,1,10.90,1.95,true,1,
7290002317289,false,חצילים A2 מוטולה,אבאל יזמות בעמ,,,יח`,5.60,100 גרם,false,1,9.90,1.77,true,1,
7290002317357,false,פלפל שיפקה חריף צנצנת זכוכית מוטולה,אבאל יזמות בעמ,,,יח`,5.50,100 גרם,false,1,9.90,1.80,true,1,
7290002317661,false,זיתים מנזולינו גדול מאוד זכוכית מוטולה,אבאל יזמות בעמ,,,יח`,5.60,100 גרם,false,1,10.90,1.95,true,1,
7290002317678,false,חרוזית ירוק צנצנת זכוכית מוטולה,אבאל יזמות בעמ,,,יח`,5.60,100 גרם,false,1,10.90,1.95,true,1,
7290002319016,false,אבקת אפיה מיה (10x10 גרם),מיה תעשיות מזון מ.ת.מ. בעמ,,,יח`,1,100 גרם,false,1,3.30,3.30,true,1,
7290002319023,false,סוכר ווניל עשירייה,מיה תעשיות מזון מ.ת.מ. בעמ,,,יח`,1,100 גרם,false,1,2.90,2.90,true,1,
7290002319061,false,קוקוס טחון מיה (100 גרם),מיה תעשיות מזון מ.ת.מ. בעמ,,,יח`,1,100 גרם,false,1,4,4,false,1,
7290002319078,false,שומשום 100 גר`,מיה תעשיות מזון מ.ת.מ. בעמ,,,יח`,1,100 גרם,false,1,4,4,false,1,
7290002319115,false,חומוס גדול מיה (500 גרם),מיה תעשיות מזון מ.ת.מ. בעמ,,,יח`,5,100 גרם,false,1,8.40,1.68,true,1,
7290002319139,false,שעועית לבנה מיה (500 גרם),מיה תעשיות מזון מ.ת.מ. בעמ,,,יח`,5,100 גרם,false,1,11.20,2.24,true,1,
7290002319160,false,אפונה ירוקה מיה (500 גרם),מיה תעשיות מזון מ.ת.מ. בעמ,,,יח`,5,100 גרם,false,1,7.40,1.48,true,1,
7290002319177,false,פופקורן מיה (500 גרם),מיה תעשיות מזון מ.ת.מ. בעמ,,,יח`,5,100 גרם,false,1,7.40,1.48,false,1,
7290002319184,false,עדשים אדומות מיה (500 גרם),מיה תעשיות מזון מ.ת.מ. בעמ,,,יח`,5,100 גרם,false,1,10.10,2.02,true,1,
7290002319191,false,עדשים ירוקות מיה (500 גרם),מיה תעשיות מזון מ.ת.מ. בעמ,,,יח`,5,100 גרם,false,1,9.10,1.82,true,1,
7290002319207,false,כוסמת מיה (500 גרם),מיה תעשיות מזון מ.ת.מ. בעמ,,,יח`,5,100 גרם,false,1,8.80,1.76,true,1,
7290002319344,false,שקדים100ג,מיה תעשיות מזון מ.ת.מ. בעמ,,,יח`,1,100 גרם,false,1,12.50,12.50,false,1,
7290002319375,false,קורנפלור 200 גר`,מיה תעשיות מזון מ.ת.מ. בעמ,,,יח`,2,100 גרם,false,1,5.10,2.55,false,1,
7290002319528,false,קמח מצה 200 גר`,קבוצת אסם סחר שות. מוגבלת,,,יח`,2,100 גרם,false,1,4,2,false,1,
7290002319610,false,שקדים טחונים 100 גר`,מיה תעשיות מזון מ.ת.מ. בעמ,,,יח`,1,100 גרם,false,1,12.50,12.50,false,1,
7290002319740,false,אגוזים טחונים 100 גר`,מיה תעשיות מזון מ.ת.מ. בעמ,,,יח`,1,100 גרם,false,1,12.50,12.50,false,1,
7290002319771,false,תמצית אפיה בטעם וניל מיה (50 מל),מיה תעשיות מזון מ.ת.מ. בעמ,,,יח`,0.50,"100 מ""ל",false,1,4,8,false,1,
7290002319825,false,אבקת סוכר 100 גר`,מיה תעשיות מזון מ.ת.מ. בעמ,,,יח`,1,100 גרם,false,1,2.70,2.70,true,1,
7290002327042,false,בורקס תפוא שלושת האופים,נטו מלינדה סחר בעמ,,,יח`,8,100 גרם,false,1,18.90,2.36,true,1,
7290002327066,false,קונכיות 625  גר`שלושת האופים,נטו מלינדה סחר בעמ,,,יח`,6.25,100 גרם,false,1,22.90,3.66,true,1,
7290002331483,false,נביעות בייבי 320*6 מל,החברה המרכזית להפצת משקאות בעמ,,,יח`,19.20,"100 מ""ל",false,1,14.90,0.68,false,1,
7290002371496,false,פרוסות שווארמה קצבים 120  גר`טירת צבי,תנובה קפואים,,,יח`,1.20,100 גרם,false,1,30.50,25.42,false,1,
7290002371540,false,נקניקים קורנדביף 120  גר`טירת צבי,תנובה קפואים,,,יח`,1.20,100 גרם,false,1,17.30,14.42,true,1,
7290002371748,false,צלעות אסאדו 120  גר`טירת צבי,תנובה קפואים,,,יח`,1.20,100 גרם,false,1,30.50,25.42,false,1,
7290002371939,false,סרוולד צרפתי 120  גר`טירת צבי,תנובה קפואים,,,יח`,1.20,100 גרם,false,1,30.50,25.42,true,1,
7290002374312,false,שמן קנולה מזוכך 6% מילומור (1 ליטר),סוגת תעשיות בעמ,,,יח`,1,1 ליטר,false,1,11.90,11.90,false,1,
7290002374640,false,שמן קנולה פלוס אומגה 3 עץ הזית (1 ליטר),סוגת תעשיות בעמ,,,יח`,1,1 ליטר,false,1,17.90,17.90,false,1,
7290002407348,false,שמן זית ג`השאן כתית מעולה 750 מל`,אבאל יזמות בעמ,,,יח`,7.50,"100 מ""ל",false,1,35.90,4.79,true,1,
7290002407454,false,שמן זית סורי כתית מעולה 750 מל,אבאל יזמות בעמ,,,יח`,7.50,"100 מ""ל",false,1,45.90,6.12,true,1,
7290002407645,false,שמן זית כתית  מעולה( 750  מל)ארץ הגליל,אבאל יזמות בעמ,,,יח`,7.50,"100 מ""ל",false,1,30.90,4.12,true,1,
7290002453512,false,קבב כבש ביתי 800  גר`זוהר,זהר בשר עופות ובשר בעמ,,,יח`,8,100 גרם,false,1,31.90,3.99,false,1,
7290002453697,false,קבב אנטריקוט 4 קצבים 400 גר,זהר בשר עופות ובשר בעמ,,,יח`,4,100 גרם,false,1,23.90,5.98,false,1,
7290002512011,false,ג`חנון צנעני (900 גרם),צנעני מוצרי בצק בעמ,,,יח`,9,100 גרם,false,1,19.90,2.21,false,1,
7290002517108,false,אורגנו 10 גר`,תבליני טעם וריח בעמ,,,יח`,0.10,100 גרם,false,1,6.90,69,false,1,
7290002543237,false,קורנפלקס קלוגס (750 גרם),דיפלומט היינץ,,,יח`,7.50,100 גרם,false,1,14.90,1.99,false,1,
7290002627210,false,גפילטע פיש מדגי קרפיון וכסיף בעלז 560 ג,נטו מלינדה סחר בעמ,,,יח`,5.60,100 גרם,false,1,10.90,1.95,false,1,
7290002628064,false,בשר בקר טחון קפוא בלדי (500 גרם),בלדי בעמ,,,יח`,5,100 גרם,false,1,16.90,3.38,false,1,
7290002661443,false,פרורי לחם זהוב עדין 200  גר`ברמן,י.את א. ברמן בעמ,,,יח`,2,100 גרם,false,1,3,1.50,false,1,
7290002692393,false,שמן קנולה מזוכך מועשר עץ הזית (1 ליטר),סוגת תעשיות בעמ,,,יח`,1,1 ליטר,false,1,16.90,16.90,true,1,
7290002692782,false,תרסיס שמן זית כתית מעולה ללא תוספת גז 15,סוגת תעשיות בעמ,,,יח`,1.50,"100 מ""ל",false,1,21.90,14.60,false,1,
7290002730262,false,נוזל לניקוי כלים קלאסי פלמוליב (750 מל),ש.שסטוביץ בעמ,,,יח`,7.50,"100 מ""ל",false,1,13.90,1.85,true,1,
7290002752332,false,מנטוס גליל פירות,ליימן שליסל בעמ,,,יח`,0.3750,100 גרם,false,1,4,10.67,false,1,
7290002752349,false,מנטוס גליל טעם מנטה (37.5 גרם),ליימן שליסל בעמ,,,יח`,0.3750,100 גרם,false,1,4,10.67,false,1,
7290002752493,false,סוכריות מנטה טיק טק (16x4 גרם),פרימיום-חברה לדברי מתיקה ולמסח,,,יח`,2.50,100 גרם,false,1,12.20,4.88,false,1,
7290002757511,false,קציצות דג לבישול דלידג (750 גרם),נטו מלינדה סחר בעמ,,,יח`,7.50,100 גרם,false,1,30.50,4.07,true,1,
7290002824183,false,קרם גבינה 5% סקי (500 גרם),שטראוס גרופ בעמ/מצונן,,,יח`,5,100 גרם,false,1,9.50,1.90,false,1,
7290002824466,false,יוגורט ביו 0% דנונה (200 גרם),שטראוס גרופ בעמ/מצונן,,,יח`,2,"100 מ""ל",false,1,3.70,1.85,false,1,
7290002824640,false,קרם גבינה 5% סקי (250 גרם),שטראוס גרופ בעמ/מצונן,,,יח`,2.50,100 גרם,false,1,4.97,1.99,false,1,
7290002825722,false,כרוב אדום במיונז אחלה (500 גרם),שטראוס גרופ בעמ/מצונן,,,יח`,5.75,100 גרם,false,1,15.60,2.71,true,1,
7290002830948,false,גבינת מון בלאן עיזים 120 גר`,נטו מלינדה סחר בעמ,,,יח`,1.20,100 גרם,false,1,14.20,11.83,true,1,
7290002868996,false,קוטג`5% מועשר 250 גר`,החב` המרכזית - טרה,,,יח`,2.50,100 גרם,false,1,5.60,2.24,false,1,
7290002900566,false,פסטרמה ברביקיו דל שומן 360  גר`טירת צבי,תנובה קפואים,,,יח`,3.60,100 גרם,false,1,34.60,9.61,true,1,
7290002904694,false,דאודורנט ספריי לגבר טיטניום (180 מל),החברה הדרומית לשיווק בעמ,,,יח`,1.50,"100 מ""ל",false,1,15.90,10.60,false,1,
7290002971986,false,קמח שיפון ללא צורך בניפוי שטיבל,אבאל יזמות בעמ,,,יח`,1,"ק""ג",false,1,9.50,9.50,true,1,
7290002971993,false,קמח כוסמין מלא ללא צורך בניפוי 1 קג שטיב,אבאל יזמות בעמ,,,יח`,10,100 גרם,false,1,14.90,1.49,false,1,
7290002972006,false,קמח בהיר) (405ללא צורך  בניפוי( 1  קג),אבאל יזמות בעמ,,,יח`,1,"ק""ג",false,1,9.50,9.50,true,1,
7290002972426,false,קמח  מלא% 80 ללא צורך בניפוי 1 קג,אבאל יזמות בעמ,,,יח`,1,"ק""ג",false,1,9.50,9.50,true,1,
7290002973812,false,קמח כוסמין  (80% 1  קג)ללא צורך בניפוי ש,אבאל יזמות בעמ,,,יח`,10,100 גרם,false,1,14.90,1.49,false,1,
7290002973829,false,קמח כוסמין  לבן( 1  קג) ללא צורך ניפוי ש,אבאל יזמות בעמ,,,יח`,10,100 גרם,false,1,14.90,1.49,false,1,
7290002974222,false,קמח עוגיות ללא צורך בניפוי 1 קג שטיבל,אבאל יזמות בעמ,,,יח`,1,"ק""ג",false,1,9.50,9.50,true,1,
7290002974239,false,קמח עוגות 1 קג שטיבל,אבאל יזמות בעמ,,,יח`,1,"ק""ג",false,1,9.50,9.50,true,1,
7290002974314,false,קמח פיצה 1 קג שטיבל,אבאל יזמות בעמ,,,יח`,1,"ק""ג",false,1,11.50,11.50,true,1,
7290002987963,false,חומוס אחלה 1 קג,שטראוס גרופ בעמ/מצונן,,,יח`,100,100 גרם,false,1,14.50,0.15,false,1,
7290003009640,false,מיץ סחוט תפוזים טבעי פריגת (1 ליטר),החב` המרכזית - טרה,,,יח`,1,1 ליטר,false,1,16.90,16.90,true,1,
7290003015641,false,ריצפז פרש 2 ליטר יסמין,החברה הדרומית לשיווק בעמ,,,יח`,2,1 ליטר,false,1,20.90,10.45,true,1,
7290003029181,false,שוקו 2% בבקבוק יטבתה (1 ליטר),שטראוס גרופ בעמ/מצונן,,,יח`,1,1 ליטר,false,1,11.90,11.90,false,1,
7290003029372,false,משקה חלב בטעם בננה 2% יטבתה (1 ליטר,שטראוס גרופ בעמ/מצונן,,,יח`,1,1 ליטר,false,1,11.90,11.90,false,1,
7290003029389,false,שוקו בננה בקבוק,שטראוס גרופ בעמ/מצונן,,,יח`,2.50,"100 מ""ל",false,1,5.50,2.20,false,1,
7290003029433,false,שוקו 2% עם פקק ספורט יטבתה (250 מל),שטראוס גרופ בעמ/מצונן,,,יח`,2.50,"100 מ""ל",false,1,5.60,2.24,false,1,
7290003029532,false,משקה מוקה 2% יטבתה (1 ליטר),שטראוס גרופ בעמ/מצונן,,,יח`,1,1 ליטר,false,1,11.90,11.90,false,1,
7290003029792,false,שוקו 2% יטבתה (225x8 מל),שטראוס גרופ בעמ/מצונן,,,יח`,1.80,1 ליטר,false,1,19.90,11.06,false,1,
7290003029815,false,חלב מועשר 3% בכד יטבתה 2 ליטר,שטראוס גרופ בעמ/מצונן,,,יח`,20,"100 מ""ל",false,1,15.20,0.76,false,1,
7290003029907,false,משקה חלב אייס קפה 2% יטבתה (1 ליטר,שטראוס גרופ בעמ/מצונן,,,יח`,1,1 ליטר,false,1,11.90,11.90,false,1,
7290003054657,false,חרדל דיז`ון ריין דה דיז`ון (370 גרם),דיפלומט היינץ,,,יח`,3.70,100 גרם,false,1,13.20,3.57,false,1,
7290003072859,false,רוסטביף 120  גר`טירת צבי,תנובה קפואים,,,יח`,1.20,100 גרם,false,1,30.50,25.42,true,1,
7290003107315,false,סולת בשקית טחנת קמח דגן (1 קג),טחנות קמח דגן (2006) בעמ,,,יח`,1,"ק""ג",false,1,4.40,4.40,false,1,
7290003107346,false,קמח חיטה לבן בדץ טחנת קמח דגן (1 קג),טחנות קמח דגן (2006) בעמ,,,יח`,1,"ק""ג",false,1,4.40,4.40,true,1,
7290003126712,false,יוגורט עיזים 3.9% משק צוריאל (150 גרם),החב` המרכזית - טרה,,,יח`,1.50,"100 מ""ל",false,1,6.70,4.47,false,1,
7290003126958,false,טופו משק צוריאל (300 גרם),החב` המרכזית - טרה,,,יח`,3,100 גרם,false,1,12.70,4.23,true,1,
7290003141159,false,חטיפי מרשמלו יוגטה (180 גרם),ליימן שליסל בעמ,,,יח`,1.80,100 גרם,false,1,9.90,5.50,false,1,
7290003229109,false,פסטרמה הודו בפפריקה טירת צבי (400 גרם),תנובה קפואים,,,יח`,4,100 גרם,false,1,34.60,8.65,true,1,
7290003229116,false,פסטרמה בדבש 3% שומן טירת צבי (400 גרם),תנובה קפואים,,,יח`,4,100 גרם,false,1,34.60,8.65,true,1,
7290003229192,false,כתף בקר מעושן 400  גר`טירת צבי,תנובה קפואים,,,יח`,4,100 גרם,false,1,37.70,9.43,true,1,
7290003229222,false,סלמי תה משובח 300  גר`טירת צבי,תנובה קפואים,,,יח`,3,100 גרם,false,1,24.40,8.13,false,1,
7290003321155,false,דנונה פרי בר פקאן,שטראוס גרופ בעמ/מצונן,,,יח`,1.75,"100 מ""ל",false,1,4.50,2.57,false,1,
7290003321292,false,קרם גבינה 9% סקי (250 גרם,שטראוס גרופ בעמ/מצונן,,,יח`,2.50,100 גרם,false,1,4.70,1.88,false,1,
7290003438006,false,אוליביה ממרח פסטו איטלקי 180 גר`,תה ויסוצקי (ישראל) בעמ,,,יח`,1.90,100 גרם,false,1,14.90,7.84,false,1,
7290003438020,false,אוליביה ממרח עגבניות מיובשות (190 גרם),תה ויסוצקי (ישראל) בעמ,,,יח`,1.90,100 גרם,false,1,14.90,7.84,false,1,
7290003450602,false,חרדל היינץ (255 גרם),דיפלומט היינץ,,,יח`,2.55,100 גרם,false,1,13.20,5.18,false,1,
7290003457861,false,סולרו פרות טרופים.,גלידות שטראוס בעמ,,,יח`,1,,false,1,7.90,7.90,true,1,
7290003550753,false,נתחי טונה בהירה בשמן פוסידון (108x4 גרם),נטו מלינדה סחר בעמ,,,יח`,4.32,100 גרם,false,1,22.90,5.30,false,1,
7290003578061,false,לבבות דקל שלמים וילי פוד (400 גרם),ג.וילי-פוד אינטרנשיונל בעמ,,,יח`,4,100 גרם,false,1,13.90,3.48,false,1,
7290003578078,false,קוקטייל פירות 850 גר`,ג.וילי-פוד אינטרנשיונל בעמ,,,יח`,8.50,100 גרם,false,1,10.90,1.28,false,1,
7290003578108,false,חתיכות אננס בסירופ קל וילי פוד (850 גרם),ג.וילי-פוד אינטרנשיונל בעמ,,,יח`,8.20,100 גרם,false,1,9.90,1.21,false,1,
7290003598311,false,דק דק אנטריקוט 300  גר`קפוא פרוס מינוט,בלדי בעמ,,,יח`,3,100 גרם,false,1,34.90,11.63,true,1,
7290003643004,false,אורז בסמטי קלאסי סוגת (1 קג),סוגת תעשיות בעמ,,,יח`,1,"ק""ג",false,1,14.90,14.90,true,1,
7290003643387,false,סוכר לבן בצנצנת סוגת (1 קג),סוגת תעשיות בעמ,,,יח`,1,"ק""ג",false,1,8.90,8.90,false,1,
7290003643646,false,סוכר דמררה סוגת 1 קג,סוגת תעשיות בעמ,,,יח`,10,100 גרם,false,1,12.90,1.29,false,1,
7290003643684,false,אפונה סוגת (500 גרם),סוגת תעשיות בעמ,,,יח`,5,100 גרם,false,1,7.50,1.50,true,1,
7290003643707,false,גריסים סוגת (500 גרם),סוגת תעשיות בעמ,,,יח`,5,100 גרם,false,1,6.50,1.30,true,1,
7290003643714,false,חומוס סוגת (500 גרם),סוגת תעשיות בעמ,,,יח`,5,100 גרם,false,1,8.90,1.78,true,1,
7290003643738,false,חיטה סוגת (500 גרם),סוגת תעשיות בעמ,,,יח`,5,100 גרם,false,1,6.50,1.30,true,1,
7290003643745,false,כוסמת סוגת (500 גרם),סוגת תעשיות בעמ,,,יח`,5,100 גרם,false,1,8.90,1.78,true,1,
7290003643769,false,עדשים אדומות סוגת (500 גרם),סוגת תעשיות בעמ,,,יח`,5,100 גרם,false,1,8.90,1.78,true,1,
7290003643776,false,פופקורן סוגת (500 גרם),סוגת תעשיות בעמ,,,יח`,5,100 גרם,false,1,7.50,1.50,true,1,
7290003681211,false,צנובר 80 גר,מיה תעשיות מזון מ.ת.מ. בעמ,,,יח`,0.80,100 גרם,false,1,24.50,30.63,false,1,
7290003681334,false,קוקוס מיה (400 גרם),מיה תעשיות מזון מ.ת.מ. בעמ,,,יח`,4,100 גרם,false,1,13.20,3.30,false,1,
7290003681365,false,קישוט לעוגה 70  גר`צבעוני,מיה תעשיות מזון מ.ת.מ. בעמ,,,יח`,2,100 גרם,false,1,7.10,3.55,false,1,
7290003681792,false,סוכריות טופי פירות מיה (850 גרם),מיה תעשיות מזון מ.ת.מ. בעמ,,,יח`,8.50,100 גרם,false,1,17.30,2.04,false,1,
7290003719259,false,לחם אקסקלוסיבי פרוס ליבו (1 קג),י.את א. ברמן בעמ,,,יח`,1,"ק""ג",false,1,16.20,16.20,false,1,
7290003726615,false,טופו ויילר 300 גר`,שטראוס גרופ בעמ/מצונן,,,יח`,3,100 גרם,false,1,12.50,4.17,true,1,
7290003781065,false,קורנישונים כבושום בחומץ 680  גר`וילי פוד,ג.וילי-פוד אינטרנשיונל בעמ,,,יח`,6.90,100 גרם,false,1,10.90,1.58,false,1,
7290003781850,false,קשקבל פרוסות 200 גר,ג.וילי-פוד אינטרנשיונל **גבינו,,,יח`,2,100 גרם,false,1,20.90,10.45,false,1,
7290003804320,false,תיבולית שום,יוניליוור ישראל שיווק בעמ,,,יח`,0.80,100 גרם,false,1,10.90,13.63,true,1,
7290003804368,false,תיבוליות בזיליקום קנור (8  יח`- 72 גרם),יוניליוור ישראל שיווק בעמ,,,יח`,0.72,100 גרם,false,1,10.90,15.14,true,1,
7290003805129,false,פירה טעם  ביתי-כשלפ,יוניליוור ישראל שיווק בעמ,,,יח`,2.60,100 גרם,false,1,14.50,5.58,true,1,
7290003805501,false,פתית בסגנון שוודי תלמה (300 גרם),יוניליוור ישראל שיווק בעמ,,,יח`,3,100 גרם,false,1,19.30,6.43,true,1,
7290003807178,false,רוטב סויה סגנון סיני קנור (300 מל),יוניליוור ישראל שיווק בעמ,,,יח`,3,"100 מ""ל",false,1,13.90,4.63,true,1,
7290003807482,false,רוטב טריאקי קנור (300 מל),יוניליוור ישראל שיווק בעמ,,,יח`,3,"100 מ""ל",false,1,13.90,4.63,true,1,
7290003864478,false,סרדינים בשמן צמחי וילי פוד (110 גרם),ג.וילי-פוד אינטרנשיונל בעמ,,,יח`,1.10,100 גרם,false,1,6.10,5.55,true,1,
7290003864492,false,סרדין בשמן צמחי 110 גר`,ג.וילי-פוד אינטרנשיונל בעמ,,,יח`,1.10,100 גרם,false,1,6.10,5.55,true,1,
7290003882922,false,עלי גפן ממולאים באורז 400 גר`.,ג.וילי-פוד אינטרנשיונל בעמ,,,יח`,4,100 גרם,false,1,9.90,2.48,false,1,
7290003976607,false,אקונומיקה סמיכה לבנדר 4 ליטר עם פקק ביטח,סאסאטק אגשח בעמ,,,יח`,40,"100 מ""ל",false,1,12.90,0.32,false,1,
7290003989096,false,חצילים פיקנטי אחלה (500 גרם),שטראוס גרופ בעמ/מצונן,,,יח`,5.75,100 גרם,false,1,16.60,2.89,true,1,
7290003989539,false,רביולי עם גבינה שטראוס (400 גרם),שטראוס גרופ בעמ/מצונן,,,יח`,4,100 גרם,false,1,21.70,5.43,true,1,
7290004063016,false,מלח שולחן מעולה סלית (1  קג)פיקוח,סוגת תעשיות בעמ,,,יח`,1,"ק""ג",false,1,1.90,1.90,false,1,
7290004063115,false,מלח מטבח גס ארזינא (1  קג)פיקוח,סוגת תעשיות בעמ,,,יח`,1,"ק""ג",false,1,1.90,1.90,false,1,
7290004064174,false,מלח ההימלאיה דק בצנצנת 1 קג`,סוגת תעשיות בעמ,,,יח`,1,"ק""ג",false,1,17.90,17.90,true,1,
7290004064389,false,מלח הימלאיה דק מלחייה 250 גרם,סוגת תעשיות בעמ,,,יח`,2.50,100 גרם,false,1,12.90,5.16,true,1,
7290004068172,false,יוגורט עיזים 5% גד (600 גרם),מחלבות גד שיווק 1992 בעמ,,,יח`,6,100 גרם,false,1,18.90,3.15,false,1,
7290004078690,false,WC ג`ל ניקוי לאסלה אג`קס (750 מל),ש.שסטוביץ בעמ,,,יח`,7.50,"100 מ""ל",false,1,15.90,2.12,false,1,
7290004119225,false,יוגורט ביו 3% אננס יופלה (150 גרם),תנובה - חלב,,,יח`,1.50,"100 מ""ל",false,1,5.20,3.47,false,1,
7290004119928,false,מעדן חלב 3% בטעם וניל קרלו (125 גרם),תנובה - חלב,,,יח`,1.25,"100 מ""ל",false,1,2.90,2.32,false,1,
7290004120108,false,דיאט יופלה דובדבן,תנובה - חלב,,,יח`,1.50,"100 מ""ל",false,1,5.20,3.47,false,1,
7290004120566,false,גבינה בולגרית  (25024%  גרם)פיראוס תנובה,תנובה - חלב,,,יח`,2.50,100 גרם,false,1,22.90,9.16,false,1,
7290004120634,false,גבינה בולגרית  (2505%  גרם)פיראוס תנובה,תנובה - חלב,,,יח`,2.50,100 גרם,false,1,21.90,8.76,false,1,
7290004121488,false,יוגורט ביו דיאט 0% אפרסק יופלה (150 גרם),תנובה - חלב,,,יח`,1.50,"100 מ""ל",false,1,5.20,3.47,false,1,
7290004121839,false,גבינת פטה כבשים  (25020%  גרם)פיראוס בול,תנובה - חלב,,,יח`,2.50,100 גרם,false,1,27.90,11.16,false,1,
7290004121853,false,גבינה בולגרית קוביות  (2005%  גרם)פיראוס,תנובה - חלב,,,יח`,2,100 גרם,false,1,22.90,11.45,false,1,
7290004122195,false,גוש חלב פרוס,תנובה - חלב,,,יח`,2,100 גרם,false,1,14.50,7.25,false,1,
7290004122270,false,גבינה צהובה קלאסית 28% עמק (200 גרם),תנובה - חלב,,,יח`,2,100 גרם,false,1,16.10,8.05,false,1,
7290004122348,false,גבינה צהובה מופחתת שומן 9% עמק (200 גרם),תנובה - חלב,,,יח`,2,100 גרם,false,1,16.90,8.45,false,1,
7290004122676,false,גבינה חמד לייט  (2505%  גרם)פיראוס תנובה,תנובה - חלב,,,יח`,2.50,100 גרם,false,1,17.90,7.16,false,1,
7290004122683,false,אצבעות עמק,תנובה - חלב,,,יח`,1.72,100 גרם,false,1,16.80,9.77,false,1,
7290004124205,false,יוגורט ביו דיאט 0% תות יופלה (150 גרם),תנובה - חלב,,,יח`,1.50,"100 מ""ל",false,1,5.20,3.47,false,1,
7290004124847,false,קצפת צמחית השף הלבן 500,תנובה - חלב,,,יח`,5,"100 מ""ל",false,1,15.90,3.18,false,1,
7290004125400,false,אשל 4.5% מהדרין תנובה (200  מל)פיקוח,תנובה - חלב,,,יח`,2,"100 מ""ל",false,1,1.69,0.85,false,1,
7290004125417,false,גיל 3% מהדרין תנובה (200  מל)פיקוח,תנובה - חלב,,,יח`,2,"100 מ""ל",false,1,1.51,0.76,false,1,
7290004125455,false,שמנת חמוצה 15% מהדרין תנובה (200 מל),תנובה - חלב,,,יח`,2,"100 מ""ל",false,1,2.40,1.20,false,1,
7290004125462,false,שמנת חמוצה 15% תנובה (500 מל),תנובה - חלב,,,יח`,5,"100 מ""ל",false,1,6,1.20,false,1,
7290004125509,false,שמנת חמוצה 15% תנובה (100 מל),תנובה - חלב,,,יח`,1,"100 מ""ל",false,1,1.70,1.70,false,1,
7290004125578,false,משקה סויה מועשר תנובה (1 ליטר),תנובה - חלב,,,יח`,1,1 ליטר,false,1,10.90,10.90,false,1,
7290004125585,false,משקה סויה 1 ליטר וניל על הבוקר,תנובה - חלב,,,יח`,1,1 ליטר,false,1,10.90,10.90,false,1,
7290004125721,false,שמנת עמידה לבישול 15% השף הלבן (250 מל),תנובה - חלב,,,יח`,2.50,"100 מ""ל",false,1,8.20,3.28,false,1,
7290004125738,false,השף הלבן שמנת להקצפה 250,תנובה - חלב,,,יח`,2.50,"100 מ""ל",false,1,6.70,2.68,false,1,
7290004125776,false,גבינה צהובה קלאסית 28% עמק (400 גרם),תנובה - חלב,,,יח`,4,100 גרם,false,1,29.20,7.30,false,1,
7290004127329,false,גבינת  קוטג`5% תנובה (250 גרם),תנובה - חלב,,,יח`,2.50,100 גרם,false,1,5.70,2.28,false,1,
7290004127336,false,גבינת  קוטג`9% תנובה (250 גרם),תנובה - חלב,,,יח`,2.50,100 גרם,false,1,5.50,2.20,false,1,
7290004127800,false,גבינה לבנה 5% תנובה (500  גרם)פיק,תנובה - חלב,,,יח`,5,100 גרם,false,1,9.96,1.99,false,1,
7290004127817,false,גבינה לבנה 9% תנובה (500 גרם),תנובה - חלב,,,יח`,5,100 גרם,false,1,9.50,1.90,false,1,
7290004127862,false,גבינה לבנה 5% תנובה (750 גרם),תנובה - חלב,,,יח`,7.50,100 גרם,false,1,14.94,1.99,false,1,
7290004128364,false,גבינת שמנת 5% זיתים 200 גר`,תנובה - חלב,,,יח`,2,100 גרם,false,1,11.50,5.75,false,1,
7290004129101,false,גבינת נפוליאון 225  גר`טבעי גביע,תנובה - חלב,,,יח`,2.25,100 גרם,false,1,14.90,6.62,false,1,
7290004130794,false,משקה סויה במתיקות מופחתת תנובה (1 ליטר),תנובה - חלב,,,יח`,1,1 ליטר,false,1,10.90,10.90,false,1,
7290004131074,false,חלב 3% מהדרין תנובה (1 ליטר),תנובה - חלב,,,יח`,1,1 ליטר,false,1,6.23,6.23,false,1,
7290004131432,false,יופלה-קרם יוגורט 3%,תנובה - חלב,,,יח`,2,"100 מ""ל",false,1,3.90,1.95,false,1,
7290004131814,false,גבינת צפתית מעודנת  (2005%  גרם)פיראוס ת,תנובה - חלב,,,יח`,2,100 גרם,false,1,15.90,7.95,false,1,
7290004132552,false,משקה סויה 1 ליטר דיא,תנובה - חלב,,,יח`,1,1 ליטר,false,1,10.90,10.90,false,1,
7290004132712,false,אצבעות עמק,תנובה - חלב,,,יח`,1.74,100 גרם,false,1,16.90,9.71,false,1,
7290004132903,false,גבינה לבנה 250  גר`3%,תנובה - חלב,,,יח`,2.50,100 גרם,false,1,4.70,1.88,false,1,
7290004133511,false,מאגדת שמינייה יופלה,תנובה - חלב,,,יח`,1.20,1 ליטר,false,1,20.90,17.42,false,1,
7290004135614,false,גבינה בולגרית מעודנת  (2505%  גרם)פיראוס,תנובה - חלב,,,יח`,2.50,100 גרם,false,1,22.90,9.16,false,1,
7290004136857,false,מעדן ג`לי בטעם פטל תנובה (125 גרם),תנובה - חלב,,,יח`,1.25,"100 מ""ל",false,1,2.40,1.92,false,1,
7290004136871,false,ג`לי אפרסק+חתיכות,תנובה - חלב,,,יח`,1.25,"100 מ""ל",false,1,2.70,2.16,false,1,
7290004137021,false,שמנת עמידה לבישול 10% השף הלבן (250 מל),תנובה - חלב,,,יח`,2.50,"100 מ""ל",false,1,8.20,3.28,false,1,
7290004137311,false,גבינה צהובה מופחתת שומן 9% עמק (400 גרם),תנובה - חלב,,,יח`,4,100 גרם,false,1,30.80,7.70,false,1,
7290004199579,false,פלסטר סאני) (100,אינטרסן 1996 בעמ,,,יח`,100,יח`,false,1,10.90,0.11,false,1,
7290004225377,false,פוסידון סרדין בשמן צמחי,נטו מלינדה סחר בעמ,,,יח`,1.25,100 גרם,false,1,5,4,false,1,
7290004324605,false,מון בלאן רוקפור 120 גר`,נטו מלינדה סחר בעמ,,,יח`,1.20,100 גרם,false,1,16.30,13.58,true,1,
7290004554293,false,קרחון אסקימו ענבים,גלידות שטראוס בעמ,,,יח`,0,100 גרם,false,1,1.90,1.90,false,1,
7290004554330,false,אסקימו דובדבן,גלידות שטראוס בעמ,,,יח`,0,100 גרם,false,1,1.90,1.90,true,1,
7290004554798,false,שלגון מטרה פטל ולימון,גלידות שטראוס בעמ,,,יח`,1,,false,1,4.90,4.90,true,1,
7290004584306,false,גמדים רביעייה תות בננה,שטראוס גרופ בעמ/מצונן,,,יח`,4,"100 מ""ל",false,1,11.70,2.93,true,1,
7290004584351,false,גבינת במרקם שמנת 5% סימפוניה 200 גר (200,שטראוס גרופ בעמ/מצונן,,,יח`,2,100 גרם,false,1,12.20,6.10,false,1,
7290004584528,false,יוגורט ביו 1.7% דנונה (200 גרם),שטראוס גרופ בעמ/מצונן,,,יח`,2,"100 מ""ל",false,1,3.70,1.85,false,1,
7290004585907,false,דני וניל בודד,שטראוס גרופ בעמ/מצונן,,,יח`,1.30,"100 מ""ל",false,1,2.70,2.08,false,1,
7290004603175,false,מלח הים האדום גס מלח הארץ (500 גרם),סוגת תעשיות בעמ,,,יח`,5,100 גרם,false,1,7.90,1.58,false,1,
7290004685010,false,שיפון פלוס לחם הארץ (500 גרם),י.את א. ברמן בעמ,,,יח`,5,100 גרם,false,1,16.20,3.24,false,1,
7290004685089,false,לחם חמניות ברמן,י.את א. ברמן בעמ,,,יח`,1,,false,1,16.20,16.20,false,1,
7290004685126,false,לחם 5 דגנים פרוס לחם הארץ (750 גרם),י.את א. ברמן בעמ,,,יח`,7.50,100 גרם,false,1,16.20,2.16,false,1,
7290004685157,false,לחם שיפון 100% פרוס לחם הארץ (750 גרם),י.את א. ברמן בעמ,,,יח`,7.50,100 גרם,false,1,16.20,2.16,false,1,
7290004685430,false,100% לחם כומסין 500 גר לחם הארץ,י.את א. ברמן בעמ,,,יח`,5,100 גרם,false,1,16.20,3.24,false,1,
7290004685447,false,לחמניות כוסמין 6 יח בשקית מלא 450  גר`E,י.את א. ברמן בעמ,,,יח`,4.50,100 גרם,false,1,15.90,3.53,true,1,
7290004731472,false,כיף אלסבון שלישיה,החברה הדרומית לשיווק בעמ,,,יח`,1.50,1 ליטר,false,1,21.90,14.60,true,1,
7290004923181,false,עין גדי 0.5 ליטר בודד,יפאורה,,,יח`,1,,false,1,1.90,1.90,false,1,
7290005008481,false,ספיד סטיק גל בסיסי ספורט פאוור,ש.שסטוביץ בעמ,,,יח`,0.85,100 גרם,false,1,18.90,22.24,false,1,
7290005079290,false,גבנצ 15% נעם חריץ מעדנייה,החב` המרכזית - טרה,,,"ק""ג",10,100 גרם,true,1,68,6.80,false,1,
7290005174513,false,חצילים במיונז אחלה (500 גרם),שטראוס גרופ בעמ/מצונן,,,יח`,5,100 גרם,false,1,16.20,3.24,true,1,
7290005174551,false,חומוס אחלה (125 גרם),שטראוס גרופ בעמ/מצונן,,,יח`,1.25,100 גרם,false,1,5.10,4.08,false,1,
7290005174575,false,טחינה אחלה (125 גרם),שטראוס גרופ בעמ/מצונן,,,יח`,1.25,100 גרם,false,1,5,4,false,1,
7290005197758,false,חיוכים שוקו 150,שטראוס גרופ בעמ,,,יח`,1.50,100 גרם,false,1,6.10,4.07,false,1,
7290005200786,false,תפוצ`יפס 50 גר שמנת בצל,שטראוס פריטו ליי בעמ,,,יח`,0.50,100 גרם,false,1,4,8,false,1,
7290005230059,false,צלחת מרק לבנה 25 יח פאלאס .,פאלאס תעשיות נטו (2014) בעמ,,,יח`,25,100 גרם,false,1,9.90,0.40,false,1,
7290005287206,false,טונה סטאריקיסט בשמן 160  גר`רביעייה,סטארקיסט דיפלומט היינץ,,,יח`,6.40,100 גרם,false,1,25.90,4.05,true,1,
7290005287251,false,טונה סטארקיסט במים 160  גר`רביעייה,סטארקיסט דיפלומט היינץ,,,יח`,6.40,100 גרם,false,1,25.90,4.05,true,1,
7290005296246,false,פותח סתימות DRAIN OUT,יעקב יעקבי ובניו בעמ,,,יח`,9.46,"100 מ""ל",false,1,26.90,2.84,false,1,
7290005326585,false,פסטו בזיליקום 180  גר`אוליביה,תנובה - חלב,,,יח`,1.80,100 גרם,false,1,12.90,7.17,false,1,
7290005423055,false,מתז פורטה פלוס לימון 1 ליטר XL סנו,החברה הדרומית לשיווק בעמ,,,יח`,10,"100 מ""ל",false,1,18.90,1.89,true,1,
7290005423918,false,סנו מקסימה4 ליטר כחול,החברה הדרומית לשיווק בעמ,,,יח`,4,1 ליטר,false,1,22.40,5.60,true,1,
7290005424403,false,אל סבון נוזלי כיף (1 ליטר),החברה הדרומית לשיווק בעמ,,,יח`,1,1 ליטר,false,1,15.20,15.20,true,1,
7290005424847,false,מפיות נייר סנו סושי) (150,החברה הדרומית לשיווק בעמ,,,יח`,150,יח`,false,1,8.90,0.06,true,1,
7290005425110,false,מרסס לחיטוי משטחים 99.9% 750 מל סנו,החברה הדרומית לשיווק בעמ,,,יח`,7.50,"100 מ""ל",false,1,15.90,2.12,true,1,
7290005425646,false,קליר נוזל לניקוי רב תכליתי סנו (1 ליטר),החברה הדרומית לשיווק בעמ,,,יח`,1,1 ליטר,false,1,12.90,12.90,true,1,
7290005426230,false,מטלית הפלא לרצפה סנו סושי,החברה הדרומית לשיווק בעמ,,,יח`,1,,false,1,12.90,12.90,true,1,
7290005426803,false,סנו מקסימה4 ליטר סגול,החברה הדרומית לשיווק בעמ,,,יח`,4,1 ליטר,false,1,22.40,5.60,true,1,
7290005427107,false,מגבת הפלא סנו סושי) (6,החברה הדרומית לשיווק בעמ,,,יח`,5.70,100 גרם,false,1,13.90,2.44,true,1,
7290005428852,false,מגבוני טישו צבעוני סנו) (100x5,החברה הדרומית לשיווק בעמ,,,יח`,6.50,100 גרם,false,1,12.90,1.98,false,1,
7290005430510,false,נייר טואלט לבן סנו סופט (18.4x40 מטר),החברה הדרומית לשיווק בעמ,,,יח`,5.70,100 גרם,false,1,36.90,6.47,true,1,
7290005430602,false,סנו אוקסיג`ן מרסס מסיר כתמים,החברה הדרומית לשיווק בעמ,,,יח`,7.50,"100 מ""ל",false,1,19.90,2.65,true,1,
7290005431883,false,מלבי חלבי 165  גר`עדן קינוחים,תנובה - חלב,,,יח`,1.65,"100 מ""ל",false,1,7.20,4.36,false,1,
7290005431906,false,מארז קדאיף 82  גר`עדן קינוחים,תנובה - חלב,,,יח`,1.24,100 גרם,false,1,7.20,5.81,false,1,
7290005431968,false,מלבי שמנת 150  גר`תנובה,תנובה - חלב,,,יח`,1.50,"100 מ""ל",false,1,7.50,5,false,1,
7290005559907,false,פיצה משפחתית גבינה מעדנות (500 גרם),תנובה קפואים,,,יח`,5,100 גרם,false,1,27.50,5.50,false,1,
7290005559914,false,פיצה משפחתית זיתים מעדנות (550 גרם),תנובה קפואים,,,יח`,5.50,100 גרם,false,1,27.50,5,false,1,
7290005591761,false,דבש לחיץ 400  גר`יד מרדכי,שטראוס גרופ בעמ,,,יח`,4,100 גרם,false,1,21.90,5.48,false,1,
7290005610509,false,צנונית ארוזה,תוצרת הנגב אגודה שיתופית חקלאי,,,יח`,1,,false,1,6.90,6.90,true,1,
7290005678073,false,פלפל צ`ילי,עומר יבולים בעמ*שיק ל 60 יום*,,,"ק""ג",1,,true,1,13.90,13.90,false,1,
7290005838002,false,דניאלה מעדן בטעם וניל שטראוס (88 גרם),שטראוס גרופ בעמ/מצונן,,,יח`,1.50,"100 מ""ל",false,1,4,2.67,false,1,
7290005838613,false,קרם גבינה 3% בטעם וניל סקי (125 גרם),שטראוס גרופ בעמ/מצונן,,,יח`,1.25,100 גרם,false,1,3.80,3.04,true,1,
7290005839078,false,יוגורט ביו 3% דנונה (150x8 גרם),שטראוס גרופ בעמ/מצונן,,,יח`,1.20,1 ליטר,false,1,17.50,14.58,false,1,
7290005839108,false,סימפוניה 200 גר +5%זיתים,שטראוס גרופ בעמ/מצונן,,,יח`,2,100 גרם,false,1,12.20,6.10,false,1,
7290005839313,false,מילקי טופ מגולגלת,שטראוס גרופ בעמ/מצונן,,,יח`,1.30,"100 מ""ל",false,1,4.90,3.77,false,1,
7290005854040,false,קרחון אסקימו משמש,גלידות שטראוס בעמ,,,יח`,0.70,100 גרם,false,1,1.90,2.71,true,1,
7290005854606,false,אסקימו אננס,גלידות שטראוס בעמ,,,יח`,1,,false,1,1.90,1.90,true,1,
7290005854613,false,קרחון אסקימו פרוטי,גלידות שטראוס בעמ,,,יח`,1,,false,1,1.90,1.90,false,1,
7290005896439,false,בירה בקבוק מכבי (500 מל),טמפו משקאות בעמ,,,יח`,5,"100 מ""ל",false,1,7.50,1.26,false,1,
7290005966033,false,הר חרמון לבן יקב רמת הגולן (750 מל),היכל היין שקד גולן בעמ,,,יח`,7.50,"100 מ""ל",false,1,37.90,5.01,true,1,
7290005992575,false,גבינה בולגרית למריחה 5% גד (250 גרם),מחלבות גד שיווק 1992 בעמ,,,יח`,2.50,100 גרם,false,1,17.90,7.16,false,1,
7290005992735,false,לאבנה 5% גד (250 גרם),מחלבות גד שיווק 1992 בעמ,,,יח`,2.50,100 גרם,false,1,12.90,5.16,false,1,
7290005996276,false,פסטרמה ברביקין דק דק (120  גר`)יחיעם,מעדני יחיעם (1993) בעמ,,,יח`,1.20,100 גרם,false,1,11.20,9.33,false,1,
7290006229427,false,מים מינרלים סאן בנדטו (500x6 מל),טמפו משקאות בעמ,,,יח`,3,1 ליטר,false,1,15,4.40,true,1,
7290006251107,false,תה צ`אי מסאלה ויסוצקי) (25,תה ויסוצקי (ישראל) בעמ,,,יח`,0.50,100 גרם,false,1,17.90,35.80,false,1,
7290006251275,false,תה ירוק סיני ויסוצקי) (25,תה ויסוצקי (ישראל) בעמ,,,יח`,0.3750,100 גרם,false,1,27.90,74.40,true,1,
7290006251374,false,תה ירוק לימונית וג`ינג`ר ויסוצקי) (25,תה ויסוצקי (ישראל) בעמ,,,יח`,0.25,100 גרם,false,1,27.90,111.60,true,1,
7290006265500,false,פטריות שמפניון ארוז,קונס`-מרינה פטריות הגליל בעמ*ש,,,יח`,2.50,1 ליטר,false,1,9.90,3.96,false,1,
7290006271181,false,ג`חנון אפוי מעדנות (5  יח`- 750 גרם),תנובה קפואים,,,יח`,7.50,100 גרם,false,1,28.50,3.80,false,1,
7290006272072,false,מעדנות חטיפי פיצה 650 גר`,תנובה קפואים,,,יח`,6.50,100 גרם,false,1,35.90,5.52,false,1,
7290006374738,false,קונפיטורת תות יד מרדכי 340 גר`,שטראוס גרופ בעמ,,,יח`,3.40,100 גרם,false,1,12.90,3.79,false,1,
7290006492432,false,גבינה מוצרלה בייבי 18% גד (150 גרם),מחלבות גד שיווק 1992 בעמ,,,יח`,1.70,100 גרם,false,1,14.90,8.76,false,1,
7290006492616,false,בולגרית פרוסות  -2505%גד,מחלבות גד שיווק 1992 בעמ,,,יח`,2.50,100 גרם,false,1,27.90,11.16,false,1,
7290006492630,false,גבינה עיזים גדעז 20% גד (180 גרם),מחלבות גד שיווק 1992 בעמ,,,יח`,1.80,100 גרם,false,1,23.90,13.28,false,1,
7290006492852,false,גבינה לבנה עיזים 5% גד (250 גרם),מחלבות גד שיווק 1992 בעמ,,,יח`,2.50,100 גרם,false,1,17.90,7.16,true,1,
7290006511157,false,פטריות שמפניון שלמות וילי פוד (400 גרם),ג.וילי-פוד אינטרנשיונל בעמ,,,יח`,4,100 גרם,false,1,8.50,2.13,false,1,
7290006511751,false,שלישית פטריות חתוכות,ג.וילי-פוד אינטרנשיונל בעמ,,,יח`,8.70,100 גרם,false,1,12.50,1.44,false,1,
7290006567048,false,פתיתי קוסקוס ישראלי אסם (350 גרם),קבוצת אסם סחר שות. מוגבלת,,,יח`,3.50,100 גרם,false,1,9.10,2.60,false,1,
7290006582355,false,סילאן שקדיה (900 גרם),דין שיווק וקליה 2021 בעמ,,,יח`,9,100 גרם,false,1,16.30,1.81,false,1,
7290006644480,false,תפוזינה תפוזים 500מל,יפאורה,,,יח`,5,"100 מ""ל",false,1,5.90,1.12,true,1,
7290006644510,false,תפוזינה ענבים 0.5 ליטר,יפאורה,,,יח`,5,"100 מ""ל",false,1,5.90,1.12,true,1,
7290006652027,false,במבה אסם (15x20 גרם),קבוצת אסם סחר שות. מוגבלת,,,יח`,3,100 גרם,false,1,25.40,8.47,false,1,
7290006653819,false,קוסקוס דק אסם (350 גרם),קבוצת אסם סחר שות. מוגבלת,,,יח`,3.50,100 גרם,false,1,9.10,2.60,false,1,
7290006660596,false,קמח עדשים אדומות ללא גלוטן דגש 500 גרם,נטורפוד בעמ,,,יח`,1,,false,1,17.90,17.90,false,1,
7290006664655,false,אקטימל דנונה (100x8 מל),שטראוס גרופ בעמ/מצונן,,,יח`,8,"100 מ""ל",false,1,20.90,2.61,false,1,
7290006664990,false,יוגורט ביו 1.7% דנונה (150x8 גרם),שטראוס גרופ בעמ/מצונן,,,יח`,1.20,1 ליטר,false,1,17.50,14.58,false,1,
7290006681065,false,טעמקור XL,גלידות שטראוס בעמ,,,יח`,1,100 גרם,false,1,6.60,6.60,true,1,
7290006681553,false,קרמבו שמינייה וניל,גלידות שטראוס בעמ,,,יח`,2,100 גרם,false,1,16.90,8.45,false,1,
7290006681560,false,קרמבו שמינייה מוקה,גלידות שטראוס בעמ,,,יח`,2,100 גרם,false,1,16.90,8.45,false,1,
7290006681577,false,מאגדת קרטיבים 10 יח`,גלידות שטראוס בעמ,,,יח`,1,,false,1,18.20,18.20,false,1,
7290006704061,false,עירית ארוזה,א.אדמה (2007) בעמ,,,יח`,1,,false,1,5.90,5.90,false,1,
7290006739414,false,סלמי קוניאק זוגלובק (300 גרם),זוגלובק שיווק בעמ,,,יח`,3.50,100 גרם,false,1,32.60,9.31,true,1,
7290006739421,false,סלמי איטלקי מעושן זוגלובק (300 גרם),זוגלובק שיווק בעמ,,,יח`,3,100 גרם,false,1,30.50,10.17,true,1,
7290006739445,false,שניצל תירס זוגלובק (750 גרם),זוגלובק שיווק בעמ,,,יח`,7.50,100 גרם,false,1,27.50,3.67,true,1,
7290006739544,false,כתף בקר 3% שומן זוגלובק (300 גרם),זוגלובק שיווק בעמ,,,יח`,3,100 גרם,false,1,37.70,12.57,true,1,
7290006742278,false,פסטרמה צלויה 330 גר`,זוגלובק שיווק בעמ,,,יח`,3.30,100 גרם,false,1,30.50,9.24,true,1,
7290006742315,false,חזה הודו ברביקיו 330 גר`,זוגלובק שיווק בעמ,,,יח`,3.30,100 גרם,false,1,30.50,9.24,true,1,
7290006764072,false,בירה גולדסטאר (500 מל),טמפו משקאות בעמ,,,יח`,5,"100 מ""ל",false,1,7.70,1.30,false,1,
7290006764157,false,גולדסטאר לא מסונן בקבוק חוזר 500 מל,טמפו משקאות בעמ,,,יח`,5,"100 מ""ל",false,1,7.90,1.34,false,1,
7290006764485,false,בירה שחורה בבקבוק נשר מאלט (330x6 מל),טמפו משקאות בעמ,,,יח`,1.98,1 ליטר,false,1,28.90,13.69,false,1,
7290006805355,false,פילסברי תערובת כדורי שוקולד,ליימן שליסל בעמ,,,יח`,5,100 גרם,false,1,20.30,4.06,false,1,
7290006983527,false,עוגת הבית עשירות תפוח ופרורים 400 גר`,קבוצת אסם סחר שות. מוגבלת,,,יח`,4,100 גרם,false,1,19.60,4.90,false,1,
7290006983770,false,עוגת הבית שיש אסם (400 גרם),קבוצת אסם סחר שות. מוגבלת,,,יח`,4,100 גרם,false,1,12.50,3.13,false,1,
7290006983787,false,עוגת הבית שוקוצ`יפס אסם (400 גרם),קבוצת אסם סחר שות. מוגבלת,,,יח`,4,100 גרם,false,1,12.50,3.13,false,1,
7290006983794,false,עוגת הבית תפוז אסם (400 גרם),קבוצת אסם סחר שות. מוגבלת,,,יח`,4,100 גרם,false,1,12.50,3.13,false,1,
7290008023542,false,סיף פנטסטיק שמפו רצפות 4 ליטר,יוניליוור ישראל שיווק בעמ,,,יח`,4,1 ליטר,false,1,21.40,5.35,true,1,
7290008154222,false,שניצלונים 700  גר`עוף טוב,קבוצת אסם סחר שות. מוגבלת,,,יח`,7,100 גרם,false,1,13.90,1.99,false,1,
7290008175210,false,פרמז`נו מגורדת 90 גר`,ג.וילי-פוד אינטרנשיונל **גבינו,,,יח`,0.90,100 גרם,false,1,15.90,17.67,false,1,
7290008175814,false,פטריות חתוך 400 גר`,ג.וילי-פוד אינטרנשיונל בעמ,,,יח`,4,100 גרם,false,1,5.50,1.38,false,1,
7290008268011,false,אוכמניות טרי ארוז 250 גר,בראשית - אגודה שיתופית*שיק 45,,,יח`,2.50,100 גרם,false,1,15,6,false,1,
7290008268400,false,אוכמניות טרי ארוז 250 גר.,בראשית - אגודה שיתופית*שיק 45,,,יח`,2.50,100 גרם,false,1,15,6,false,1,
7290008268455,false,קיווי ארוז בראשית,בראשית - אגודה שיתופית*שיק 45,,,יח`,1,,false,1,15,15,false,1,
7290008347211,false,אצבעות דג מצופות דלידג (700 גרם),נטו מלינדה סחר בעמ,,,יח`,7,100 גרם,false,1,24.40,3.49,true,1,
7290008409315,false,מיני מינידק שניצלונים בציפוי פריך 500 גר,תנובה קפואים,,,יח`,5,100 גרם,false,1,28.50,5.70,false,1,
7290008409582,false,שניצל עוף אמיתי ביתי מאמא עוף,תנובה קפואים,,,יח`,7,100 גרם,false,1,45.80,6.54,false,1,
7290008415514,false,צבר חומוס+חריף 150,קבוצת אסם סחר שות. מוגבלת,,,יח`,1.50,100 גרם,false,1,5,3.33,false,1,
7290008443616,false,נקה 7 מרכך 750 מל ורוד,החברה הדרומית לשיווק בעמ,,,יח`,7.50,"100 מ""ל",false,1,11.90,1.59,true,1,
7290008464109,false,גולדסטאר לא מסונן בודד 330 מל,טמפו משקאות בעמ,,,יח`,3.30,"100 מ""ל",false,1,8.20,2.39,false,1,
7290008464130,false,בירה לא מסוננת גולדסטאר (330x6 מל),טמפו משקאות בעמ,,,יח`,1.98,1 ליטר,false,1,43.80,21.21,true,1,
7290008464222,false,בירה מכבי 7.9% 500 פחית.,טמפו משקאות בעמ,,,יח`,5,"100 מ""ל",false,1,7.90,1.52,false,1,
7290008464505,false,מים סאן בנדטו 500 מל,טמפו משקאות בעמ,,,יח`,5,"100 מ""ל",false,1,4.90,0.92,false,1,
7290008464741,false,בירה גולדסטאר 330 מל בקבוק שישייה,טמפו משקאות בעמ,,,יח`,1.98,1 ליטר,false,1,40.70,19.65,true,1,
7290008464796,false,בירה הייניקן 330 מל בקבוק שישייה,טמפו משקאות בעמ,,,יח`,1.98,1 ליטר,false,1,35.90,17.22,true,1,
7290008464987,false,מי סודה טמפו (1.5x6 ליטר),טמפו משקאות בעמ,,,יח`,9,1 ליטר,false,1,17.30,1.92,false,1,
7290008500036,false,תערובת פילסברי עוגיות שוקולד צ`יפס,ליימן שליסל בעמ,,,יח`,2,100 גרם,false,1,15.90,7.95,false,1,
7290008636995,false,גרעיני דלעת קלופים 100 גר`,מיה תעשיות מזון מ.ת.מ. בעמ,,,יח`,1,100 גרם,false,1,9.10,9.10,false,1,
7290008644112,false,מטבוחה 125אחלה יום יום,שטראוס גרופ בעמ/מצונן,,,יח`,1.25,100 גרם,false,1,5,4,false,1,
7290008644235,false,מבחר עלי בייבי 120 גרם-טעם הטבע,שטראוס גרופ בעמ/מצונן,,,יח`,1.20,100 גרם,false,1,10.10,8.42,false,1,
7290008644945,false,סלט המושבה שטראוס 450 גר`-טעם הטבע,שטראוס גרופ בעמ/מצונן,,,יח`,4.50,100 גרם,false,1,11.20,2.49,false,1,
7290008645935,false,חומוס אחלה (750 גרם),שטראוס גרופ בעמ/מצונן,,,יח`,7.50,100 גרם,false,1,9.90,1.32,false,1,
7290008670012,false,קברנה סובניון רקנטי 750 מל,היכל היין שקד גולן בעמ,,,יח`,7.50,"100 מ""ל",false,1,56,7.43,true,1,
7290008693134,false,דניאלה מעדן בטעם תות שטראוס (88 גרם),שטראוס גרופ בעמ/מצונן,,,יח`,1.50,"100 מ""ל",false,1,4,2.67,false,1,
7290008745239,false,תפוצ`יפס 50 גר קראנץ`,שטראוס פריטו ליי בעמ,,,יח`,0.55,100 גרם,false,1,4,7.27,false,1,
7290008747547,false,תפוצ`יפס 200  גר`קראנץ`,שטראוס פריטו ליי בעמ,,,יח`,2,100 גרם,false,1,11.50,5.75,true,1,
7290008750264,false,מאסט ללס בטעם דובדבן (28 גרם),שטראוס גרופ בעמ,,,יח`,0.28,100 גרם,false,1,5,17.86,false,1,
7290008752244,false,תפוצ`יפס 50 גר  קראנץ`גריל,שטראוס פריטו ליי בעמ,,,יח`,0.50,100 גרם,false,1,4,8,false,1,
7290008753111,false,תפוצ`יפס 50 גר  קראנץ`מקסיקני,שטראוס פריטו ליי בעמ,,,יח`,0.50,100 גרם,false,1,4,8,false,1,
7290008754415,false,מאסט מנטה עדין ללס 28 גרם,שטראוס גרופ בעמ,,,יח`,0.28,100 גרם,false,1,5,17.86,false,1,
7290008757034,false,סודה 250 מל,יפאורה,,,יח`,2.50,"100 מ""ל",false,1,2.90,1.04,true,1,
7290008757072,false,משקה מוגז בטעם תות שוופס (330 מל),יפאורה,,,יח`,3.30,"100 מ""ל",false,1,3.80,1.06,true,1,
7290008757386,false,מפז פחית ענבים,יפאורה,,,יח`,3.30,"100 מ""ל",false,1,3.80,1.06,true,1,
7290008757980,false,נקטר רימונים ספרינג (1 ליטר),יפאורה,,,יח`,1,1 ליטר,false,1,7.30,7.30,false,1,
7290008775816,false,ערגליות שוקו אסם (300 גרם),קבוצת אסם סחר שות. מוגבלת,,,יח`,3,100 גרם,false,1,12.20,4.07,true,1,
7290008801010,false,קברנה/מרלו פי.סי אדום יבש 750 מל,אגודת הכורמים,,,יח`,7.50,"100 מ""ל",false,1,41.90,5.55,true,1,
7290008802512,false,וינו אדום 750 מל,אגודת הכורמים,,,יח`,7.50,"100 מ""ל",false,1,20.90,2.75,true,1,
7290008802895,false,קברנה סוביניון פי.סי אדום יבש 750 מל,אגודת הכורמים,,,יח`,7.50,"100 מ""ל",false,1,41.90,5.55,true,1,
7290008805520,false,קברנה מרלו סלקטד אדום יבש 750 מל,אגודת הכורמים,,,יח`,7.50,"100 מ""ל",false,1,30.90,4.08,true,1,
7290008806305,false,פצפצים תות בננה,גלידות שטראוס בעמ,,,יח`,1,,false,1,6.60,6.60,true,1,
7290008909853,false,קוקה קולה זירו 500 מל,החברה המרכזית להפצת משקאות בעמ,,,יח`,5,"100 מ""ל",false,1,6.90,1.32,false,1,
7290008989091,false,פריכיות אורז שלישיה,בטר אנד דיפרנט בעמ,,,יח`,3,100 גרם,false,1,13.50,4.50,false,1,
7290010045013,false,עוגיות חמאה צרפתיות לחמי (200 גרם),אבאל יזמות בעמ,,,יח`,2,100 גרם,false,1,19.90,9.95,true,1,
7290010051021,false,בזיליקום א.אדמה,א.אדמה (2007) בעמ,,,יח`,1,,false,1,5.90,5.90,false,1,
7290010051045,false,סלט ביבי מיקס בנספק,א.אדמה (2007) בעמ,,,יח`,1,,false,1,9.90,9.90,false,1,
7290010051052,false,פטרוזליה א. אדמה,א.אדמה (2007) בעמ,,,יח`,1.20,100 גרם,false,1,3.90,3.25,false,1,
7290010051076,false,לבבות חסה קיסר,א.אדמה (2007) בעמ,,,יח`,1,,false,1,11.90,11.90,false,1,
7290010051120,false,מרווה,א.אדמה (2007) בעמ,,,יח`,1,,false,1,5.90,5.90,false,1,
7290010051144,false,תרד עלים א.אדמה,א.אדמה (2007) בעמ,,,יח`,1.80,100 גרם,false,1,9.90,5.50,false,1,
7290010051168,false,כוסברה א. אדמה,א.אדמה (2007) בעמ,,,יח`,1,,false,1,3.90,3.90,false,1,
7290010051175,false,שמיר א. אדמה,א.אדמה (2007) בעמ,,,יח`,1,,false,1,3.90,3.90,false,1,
7290010051182,false,עלי נענע א. אדמה,א.אדמה (2007) בעמ,,,יח`,1,,false,1,3.90,3.90,false,1,
7290010051199,false,שורש פטרוזיליה א. אדמה,א.אדמה (2007) בעמ,,,יח`,1,,false,1,5.90,5.90,false,1,
7290010051205,false,עלי סלרי א. אדמה,א.אדמה (2007) בעמ,,,יח`,1,,false,1,5.90,5.90,false,1,
7290010051212,false,סלרי ראש.,א.אדמה (2007) בעמ,,,יח`,3,100 גרם,false,1,5.90,1.97,false,1,
7290010051267,false,לוף  ארוז- א.אדמה,א.אדמה (2007) בעמ,,,יח`,1,,false,1,10.90,10.90,false,1,
7290010051281,false,עלה רוקולה 110 גר,א.אדמה (2007) בעמ,,,יח`,1.10,100 גרם,false,1,9.90,9,false,1,
7290010051298,false,סלק עלים ארוז מנגולד א.אד,א.אדמה (2007) בעמ,,,יח`,1,,false,1,5.90,5.90,false,1,
7290010051335,false,בצל ירוק,א.אדמה (2007) בעמ,,,יח`,1,,false,1,5.90,5.90,false,1,
7290010051373,false,לבבות חסה בשקית,א.אדמה (2007) בעמ,,,יח`,1,,false,1,10.90,10.90,false,1,
7290010051434,false,חסה סלנובה,א.אדמה (2007) בעמ,,,יח`,1,,false,1,11.90,11.90,false,1,
7290010051687,false,רוזמרין ארוז,א.אדמה (2007) בעמ,,,יח`,3,100 גרם,false,1,5.90,1.97,false,1,
7290010051724,false,מלפפון בייבי,א.אדמה (2007) בעמ,,,יח`,1,,false,1,9.90,9.90,false,1,
7290010065745,false,מחית לפתן פירות שלב 3 פרינוק (190 גרם),גורי מוצרי צריכה (1991) בעמ,,,יח`,1.90,100 גרם,false,1,7.50,3.95,true,1,
7290010066513,false,טונה בשמן צמחי 158  גר`רביעייה פילטונה,פילטונה תעשיות בעמ,,,יח`,6.32,100 גרם,false,1,23.90,3.78,false,1,
7290010066520,false,פילטונה בשמן קנולה 160 גר,פילטונה תעשיות בעמ,,,יח`,1.60,100 גרם,false,1,6.10,3.81,false,1,
7290010066575,false,טונה במי מלח 158  גר`רביעייה פילטונה,פילטונה תעשיות בעמ,,,יח`,6.32,100 גרם,false,1,23.90,3.78,false,1,
7290010116980,false,שוקולית אבקת שוקו עלית (850 גרם),שטראוס גרופ בעמ,,,יח`,8.50,100 גרם,false,1,20.30,2.39,true,1,
7290010117864,false,חטיף תירס חריף אש דוריטוס (70 גרם),שטראוס פריטו ליי בעמ,,,יח`,0.70,100 גרם,false,1,4,5.71,true,1,
7290010118328,false,חטיף צ`יפס בטעם טבעי תפוצ`יפס (40x6 גרם),שטראוס פריטו ליי בעמ,,,יח`,2.40,100 גרם,false,1,13.20,5.50,false,1,
7290010153688,false,חומץ טבעי מיה (1 ליטר),מיה תעשיות מזון מ.ת.מ. בעמ,,,יח`,1,1 ליטר,false,1,8.10,8.10,false,1,
7290010154012,false,לימון בלאדי תבליני ביטון יוחאי (250 גרם),נטו מלינדה סחר בעמ,,,יח`,2.50,100 גרם,false,1,16.60,6.64,true,1,
7290010154050,false,ממרח שיפקה כבוש ביטון יוחאי (250 גרם),נטו מלינדה סחר בעמ,,,יח`,2.50,100 גרם,false,1,15.60,6.24,false,1,
7290010154241,false,סלט חזרת ביתית תבליני ביטון יוחאי (250 ג,נטו מלינדה סחר בעמ,,,יח`,2.50,100 גרם,false,1,15.20,6.08,true,1,
7290010154425,false,סחוג ירוק 130 גר ביטון,נטו מלינדה סחר בעמ,,,יח`,1.30,100 גרם,false,1,9.40,7.23,true,1,
7290010237685,false,בירה הייניקן 330 בקבוק,טמפו משקאות בעמ,,,יח`,3.30,"100 מ""ל",false,1,10.30,3.03,false,1,
7290010471669,false,דנונה פרי בר קורנפלקס,שטראוס גרופ בעמ/מצונן,,,יח`,1.75,"100 מ""ל",false,1,4.50,2.57,false,1,
7290010627004,false,טחינה ירושלים 500 גר`,תה ויסוצקי (ישראל) בעמ,,,יח`,5,100 גרם,false,1,16.90,3.38,false,1,
7290010632787,false,צימרוני אוזניים מעץ אינטרסן) (300,אינטרסן 1996 בעמ,,,יח`,300,יח`,false,1,4.90,0.02,false,1,
7290010777099,false,פיתות במרקם מיוחד פיתה אקספרס) (8,מגוון שיווק והפצת מאפים בעמ,,,יח`,8,100 גרם,false,1,12.30,1.54,false,1,
7290010777297,false,פיתות ביס פיתה אקספרס (10  יח`- 600 גרם),מגוון שיווק והפצת מאפים בעמ,,,יח`,0.01,1 ליטר,false,1,13.90,1390,false,1,
7290010777358,false,פיתות מכוסמין מלא פיתה אקספרס) (8,מגוון שיווק והפצת מאפים בעמ,,,יח`,1,,false,1,16.90,16.90,false,1,
7290010777488,false,ביס מקמח מלא מחמצת 99 קלוריות 10 יח`,מגוון שיווק והפצת מאפים בעמ,,,יח`,1,,false,1,16.90,16.90,false,1,
7290010777525,false,חוכמת הפיתה,מגוון שיווק והפצת מאפים בעמ,,,יח`,0,100 גרם,false,1,16.90,16.90,false,1,
7290010883356,false,כפפות אלוורה גדול סנו סושי,החברה הדרומית לשיווק בעמ,,,יח`,1,,false,1,11.90,11.90,true,1,
7290010883363,false,כפפות אלוורה קטן סנו סושי,החברה הדרומית לשיווק בעמ,,,יח`,1,,false,1,11.90,11.90,true,1,
7290010931330,false,מטבוחה אחלה (500 גרם),שטראוס גרופ בעמ/מצונן,,,יח`,5,100 גרם,false,1,15.60,3.12,true,1,
7290010945146,false,קוטג`3% מועשר 250 גר`,החב` המרכזית - טרה,,,יח`,2.50,100 גרם,false,1,5.60,2.24,false,1,
7290010945481,false,גבינה לבנה 5% 500  גר`פיקוח,החב` המרכזית - טרה,,,יח`,5,100 גרם,false,1,9.96,1.99,false,1,
7290011017866,false,פחית קולה סליק קוקה-קולה (330 מל),החברה המרכזית להפצת משקאות בעמ,,,יח`,3.30,"100 מ""ל",false,1,4.30,1.21,true,1,
7290011017873,false,פחית זירו סליק קוקה-קולה (330 מל),החברה המרכזית להפצת משקאות בעמ,,,יח`,3.30,"100 מ""ל",false,1,4.30,1.21,true,1,
7290011017880,false,פחית דיאט קולה סליק קוקה-קולה (330 מל),החברה המרכזית להפצת משקאות בעמ,,,יח`,3.30,"100 מ""ל",false,1,4.30,1.21,true,1,
7290011051358,false,שוופס סודה לימון 250 מל,יפאורה,,,יח`,1,,false,1,3.90,3.90,true,1,
7290011115203,false,סבון מוצק נקה 7 רביעייה,החברה הדרומית לשיווק בעמ,,,יח`,4,100 גרם,false,1,11.90,2.98,true,1,
7290011115265,false,סבון מוצק ארומה נקה 7 רביעייה,החברה הדרומית לשיווק בעמ,,,יח`,4,100 גרם,false,1,11.90,2.98,true,1,
7290011126469,false,תה קמומיל ודבש ויסוצקי הגן הקסום) (25,תה ויסוצקי (ישראל) בעמ,,,יח`,0.3750,100 גרם,false,1,17.90,47.73,true,1,
7290011132507,false,סאן בנדטו מוגז עדין בודד 500 מל,טמפו משקאות בעמ,,,יח`,5,"100 מ""ל",false,1,3.50,0.64,false,1,
7290011194215,false,דניאלה מעדן בטעם בננה שטראוס (88 גרם),שטראוס גרופ בעמ/מצונן,,,יח`,1.50,"100 מ""ל",false,1,4,2.67,false,1,
7290011194246,false,גבינת  קוטג`5% שטראוס (250 גרם),שטראוס גרופ בעמ/מצונן,,,יח`,2.50,100 גרם,false,1,6.10,2.44,false,1,
7290011215415,false,מיני סופגניה פילסברי,קונסיגנציה ג`נרל מילס ישראל בע,,,יח`,1,,false,1,2.90,2.90,false,1,
7290011223038,false,עלים לקרמשניט 300 גר`,דנשר (1963) בעמ,,,יח`,3,100 גרם,false,1,18.60,6.20,false,1,
7290011254032,false,קינואה מיה (500 גרם),מיה תעשיות מזון מ.ת.מ. בעמ,,,יח`,5,100 גרם,false,1,21.40,4.28,true,1,
7290011254254,false,שוקו צ`יפס בטעם שוקולד מיה (300 גרם),מיה תעשיות מזון מ.ת.מ. בעמ,,,יח`,3,100 גרם,false,1,8.10,2.70,false,1,
7290011254612,false,תערובת לקדירה לקט בריאות 600 גר`,מיה תעשיות מזון מ.ת.מ. בעמ,,,יח`,6,100 גרם,false,1,14.50,2.42,false,1,
7290011254698,false,שמן זית כתית מעולה (750 מל),מיה תעשיות מזון מ.ת.מ. בעמ,,,יח`,7.50,"100 מ""ל",false,1,31.60,4.21,true,1,
7290011438142,false,משקה בטעם קפה בקבוק 350,שטראוס גרופ בעמ/מצונן,,,יח`,3.50,"100 מ""ל",false,1,6.30,1.80,false,1,
7290011499105,false,גבינה בולגרית 5% גד (250 גרם),מחלבות גד שיווק 1992 בעמ,,,יח`,2.50,100 גרם,false,1,24.90,9.96,false,1,
7290011499112,false,גבינה בולגרית 16% גד (250 גרם),מחלבות גד שיווק 1992 בעמ,,,יח`,2.50,100 גרם,false,1,23.90,9.56,false,1,
7290011499129,false,בולגרית לסלט 5% 200 גר`,מחלבות גד שיווק 1992 בעמ,,,יח`,2,100 גרם,false,1,21.90,10.95,false,1,
7290011499303,false,פטה עיזים מעודנת 5% גד,מחלבות גד שיווק 1992 בעמ,,,יח`,2.50,100 גרם,false,1,31.90,12.76,false,1,
7290011499327,false,גבינה בולגרית מעודנת 5% גד (250 גרם),מחלבות גד שיווק 1992 בעמ,,,יח`,2.50,100 גרם,false,1,23.90,9.56,false,1,
7290011499341,false,גבינת קשקאבל 26% שומן גד (200 גרם),מחלבות גד שיווק 1992 בעמ,,,יח`,2,100 גרם,false,1,26.90,13.45,false,1,
7290011499358,false,גבינה פטה עיזים 20% גד (200 גרם),מחלבות גד שיווק 1992 בעמ,,,יח`,2,100 גרם,false,1,27.90,13.95,false,1,
7290011499365,false,גבינת חלומי 24% מחלב בקר גד (200 גרם),מחלבות גד שיווק 1992 בעמ,,,יח`,2,100 גרם,false,1,22.90,11.45,false,1,
7290011499419,false,גבינת במרקם שמנת 5% טבעי גד,מחלבות גד שיווק 1992 בעמ,,,יח`,2,100 גרם,false,1,12.90,6.45,false,1,
7290011499525,false,לאבנה דרוזית 9% גד (500 גרם),מחלבות גד שיווק 1992 בעמ,,,יח`,5,100 גרם,false,1,20.90,4.18,false,1,
7290011499624,false,גבינת שמנת 30% 200  גר`גד,מחלבות גד שיווק 1992 בעמ,,,יח`,2,100 גרם,false,1,13.90,6.95,true,1,
7290011499853,false,גבינת שמנת 30% זיתים 200  גר`גד,מחלבות גד שיווק 1992 בעמ,,,יח`,2,100 גרם,false,1,13.90,6.95,true,1,
7290011518561,false,אקטימל בטעם תות דנונה (100x14 מל),שטראוס גרופ בעמ/מצונן,,,יח`,1.40,1 ליטר,false,1,30.90,22.07,false,1,
7290011530358,false,שייק איט) (150*3,בלדי בעמ,,,יח`,4.50,100 גרם,false,1,29.90,6.64,true,1,
7290011530488,false,שייק איט) (150*3,בלדי בעמ,,,יח`,4.50,100 גרם,false,1,29.90,6.64,true,1,
7290011530945,false,קרפציו עגל 210  גר`בלדי,בלדי בעמ,,,יח`,2.10,100 גרם,false,1,39.90,19,false,1,
7290011570507,false,קמח נטול גלוטן-כרגיל  קונדיטור,תומר יבוא ושיווק מוצרי מזון (1,,,יח`,4.50,100 גרם,false,1,16.90,3.76,false,1,
7290011598211,false,סנו אנטי קאלק 4ב1 700 מל,החברה הדרומית לשיווק בעמ,,,יח`,7,"100 מ""ל",false,1,19.90,2.84,true,1,
7290011618124,false,בייבי ביס בטעם ירקות,דנשר (1963) בעמ,,,יח`,0.50,100 גרם,false,1,14.90,29.80,false,1,
7290011765095,false,מן ג`ל גילוח לעור עדין קרמה (200 מל),החברה הדרומית לשיווק בעמ,,,יח`,2,"100 מ""ל",false,1,11.90,5.95,false,1,
7290011765446,false,משחת שיניים אורביטול בוב ספוג 70 גרם,החברה הדרומית לשיווק בעמ,,,יח`,0.70,100 גרם,false,1,9.90,14.14,true,1,
7290011800840,false,טחינה בלאדי רפי כהן צבר (400 גרם),קבוצת אסם סחר שות. מוגבלת,,,יח`,4,100 גרם,false,1,17.30,4.33,false,1,
7290011860271,false,ביסבול כדורי פירה תפוגן (700 גרם),קבוצת אסם סחר שות. מוגבלת,,,יח`,7,100 גרם,false,1,12.90,1.84,false,1,
7290011876388,false,קציצות עוף ובקר מאמא עוף (600 גרם),תנובה קפואים,,,יח`,6,100 גרם,false,1,34.70,5.78,false,1,
7290011947316,false,זיתי קלמטה 215 גר,תה ויסוצקי (ישראל) בעמ,,,יח`,2.15,100 גרם,false,1,14.90,6.93,false,1,
7290011947521,false,זיתא בדץ כמ בטע 750 מל,תה ויסוצקי (ישראל) בעמ,,,יח`,7.50,"100 מ""ל",false,1,29.90,3.99,false,1,
7290011947781,false,מיקס זית ירוק וזית קלמטה ללא גלעין עם שמ,תה ויסוצקי (ישראל) בעמ,,,יח`,1.90,100 גרם,false,1,14.90,7.84,false,1,
7290011947798,false,זית קלמטה ללא גלעין עם שמן זית כתית מעול,תה ויסוצקי (ישראל) בעמ,,,יח`,1.90,100 גרם,false,1,14.90,7.84,false,1,
7290011964344,false,שום גבישי 120 גר`,תבליני טעם וריח בעמ,,,יח`,1.20,100 גרם,false,1,9.90,8.25,true,1,
7290011964658,false,מלח לימון 170 גר`,תבליני טעם וריח בעמ,,,יח`,1.70,100 גרם,false,1,9.90,5.82,true,1,
7290011996017,false,נודלס אטריות תרד טעמי אסיה (454 גרם),טחנת האבן קואופ בעמ,,,יח`,4.54,100 גרם,false,1,11.90,2.62,false,1,
7290011996086,false,צ`ילי חריף 700,טחנת האבן קואופ בעמ,,,יח`,7,"100 מ""ל",false,1,10.90,1.56,false,1,
7290011996109,false,רוטב צ`ילי מתוק טעמי אסיה (700 מל),טחנת האבן קואופ בעמ,,,יח`,7,"100 מ""ל",false,1,10.90,1.56,false,1,
7290011996123,false,אצות נורי גולד טעמי אסיה) (10,טחנת האבן קואופ בעמ,,,יח`,0.25,100 גרם,false,1,12.90,51.60,true,1,
7290011996222,false,מי קוקוס טעמי אסיה (400 מל),טחנת האבן קואופ בעמ,,,יח`,4,"100 מ""ל",false,1,9.90,2.48,false,1,
7290011996512,false,אטריות אורז 3 סמ טעמי אסיה (400 גרם),טחנת האבן קואופ בעמ,,,יח`,4,100 גרם,false,1,11.90,2.98,false,1,
7290011996529,false,אטריות אורז 5 סמ טעמי אסיה (400 גרם),טחנת האבן קואופ בעמ,,,יח`,4,100 גרם,false,1,11.90,2.98,false,1,
7290011996604,false,רוטב פאד תאי טעמי אסיה (300 מל),טחנת האבן קואופ בעמ,,,יח`,3.66,100 גרם,false,1,19.90,5.44,false,1,
7290011996789,false,פנקו טעמי אסיה (200 גרם),טחנת האבן קואופ בעמ,,,יח`,2,100 גרם,false,1,11.90,5.95,false,1,
7290012022050,false,קריספיות חיטה מלאה,דילייט 2005 בעמ,,,יח`,0.75,100 גרם,false,1,13.90,18.53,false,1,
7290012022067,false,קריספיות קידס 30 גרם,דילייט 2005 בעמ,,,יח`,0.30,100 גרם,false,1,10.90,36.33,false,1,
7290012116612,false,מברשת שיניים אורביטול) (4,החברה הדרומית לשיווק בעמ,,,יח`,1,,false,1,13.20,13.20,true,1,
7290012116735,false,נייר טואלטסנו סופט ג`מבו 24,החברה הדרומית לשיווק בעמ,,,יח`,1,,false,1,40.90,40.90,false,1,
7290012117275,false,סנוקליר שקית מילוי 750 מל,החברה הדרומית לשיווק בעמ,,,יח`,7.50,"100 מ""ל",false,1,6.90,0.92,true,1,
7290012117558,false,סנו מקסימה מרכך 1 ליטר ורוד בהיר,החברה הדרומית לשיווק בעמ,,,יח`,1,1 ליטר,false,1,18.90,18.90,true,1,
7290012117732,false,סנו מקסימה4 ליטר,החברה הדרומית לשיווק בעמ,,,יח`,4,1 ליטר,false,1,22.40,5.60,true,1,
7290012191985,false,גפרורים 10 יח`,אבאל יזמות בעמ,,,יח`,1,,false,1,2.90,2.90,true,1,
7290012191992,false,גפרורים ארוכים,אבאל יזמות בעמ,,,יח`,1,,false,1,6.50,6.50,true,1,
7290012212154,false,מלפפון במלח קטן צנצנת זכוכית,אבאל יזמות בעמ,,,יח`,5.60,100 גרם,false,1,12.90,2.30,true,1,
7290012226120,false,קבנוס זוגלובק (45x3 גרם),זוגלובק שיווק בעמ,,,יח`,1.35,100 גרם,false,1,12.50,9.26,true,1,
7290012226939,false,קבנוס 135  גר`עם צ`ילי חריף זוגלובק,זוגלובק שיווק בעמ,,,יח`,1.35,100 גרם,false,1,12.50,9.26,true,1,
7290012227172,false,חרמון כפרית 300 גר`+ברביקיו 300 גר`,זוגלובק שיווק בעמ,,,יח`,6,100 גרם,false,1,35.60,5.93,true,1,
7290012227325,false,סלמי מעושן דק דק 120 גר` זוגלובק,זוגלובק שיווק בעמ,,,יח`,1.20,100 גרם,false,1,14.80,12.33,true,1,
7290012227783,false,תה מעושן 400 גר`(מחפוד),זוגלובק שיווק בעמ,,,יח`,4,100 גרם,false,1,21.40,5.35,false,1,
7290012227912,false,קבנוס מעודן 135 גרם,זוגלובק שיווק בעמ,,,יח`,1.35,100 גרם,false,1,11.20,8.30,true,1,
7290012227974,false,פסטרמה בדבש 120 גר` זוגלובק,זוגלובק שיווק בעמ,,,יח`,1.20,100 גרם,false,1,14.80,12.33,true,1,
7290012227981,false,פסטרמה ברביקין 120 גר` זוגלובק,זוגלובק שיווק בעמ,,,יח`,1.20,100 גרם,false,1,14.80,12.33,true,1,
7290012227998,false,חזה בקר 120 גר` זוגלובק,זוגלובק שיווק בעמ,,,יח`,1.20,100 גרם,false,1,14.80,12.33,true,1,
7290012228124,false,קבנוס סטיקס 50 גר` זוגלובק,זוגלובק שיווק בעמ,,,יח`,0.50,100 גרם,false,1,11.20,22.40,true,1,
7290012228261,false,נקנקיות בוקוורסט הודו 300 גר,זוגלובק שיווק בעמ,,,יח`,3,100 גרם,false,1,21.40,7.13,false,1,
7290012228766,false,קבנוס מחפוד 120 גר זוגלובק,זוגלובק שיווק בעמ,,,יח`,1.20,100 גרם,false,1,10.90,9.08,true,1,
7290012309892,false,חלבה וניל 500  גר`ששון הקולה,דין שיווק וקליה 2021 בעמ,,,יח`,5,100 גרם,false,1,12.90,2.58,false,1,
7290012454578,false,קישוטי עוגה 70 גר`,מיה תעשיות מזון מ.ת.מ. בעמ,,,יח`,0.70,100 גרם,false,1,6.10,8.71,false,1,
7290012561405,false,בצל קצוץ ומטוגן דורות (180 גרם),קבוצת אסם סחר שות. מוגבלת,,,יח`,1.80,100 גרם,false,1,13.20,7.33,false,1,
7290012645020,false,יוגורט 500 מל חלב הארץ,שטראוס גרופ בעמ/מצונן,,,יח`,5,"100 מ""ל",false,1,12.80,2.56,true,1,
7290012645112,false,יוגורט עיזים 750 מל בדלי,שטראוס גרופ בעמ/מצונן,,,יח`,7.50,"100 מ""ל",false,1,20.90,2.79,false,1,
7290012645297,false,יוגורט עיזים בטעם טיבעי 150  גר`חלב האר,שטראוס גרופ בעמ/מצונן,,,יח`,1.50,100 גרם,false,1,5.90,3.93,false,1,
7290012803215,false,טוסו וופל בלגי ללתס בטעם שוקולד 200 גר`,דנשר (1963) בעמ,,,יח`,2,100 גרם,false,1,11.50,5.75,true,1,
7290012823381,false,סנו מקסימה מרכך 1 ליטר ורוד פסים,החברה הדרומית לשיווק בעמ,,,יח`,1,1 ליטר,false,1,18.90,18.90,true,1,
7290012823602,false,נייר טואלט סופט 32 גלילים,החברה הדרומית לשיווק בעמ,,,יח`,1,,false,1,35.90,35.90,true,1,
7290012823947,false,סנו מקסימה מרכך 750 מל שחור,החברה הדרומית לשיווק בעמ,,,יח`,7.50,"100 מ""ל",false,1,18.90,2.52,true,1,
7290012864001,false,נבטי חמניה,א.אדמה (2007) בעמ,,,יח`,1,,false,1,10.90,10.90,false,1,
7290012864025,false,אלפלפא,א.אדמה (2007) בעמ,,,יח`,1,,false,1,7.90,7.90,false,1,
7290012911156,false,רוטב טריאקי שומשום 300 מל,טחנת האבן קואופ בעמ,,,יח`,3,"100 מ""ל",false,1,15.90,5.30,false,1,
7290012911293,false,דפי אורז 22 סמ טעמי אסיה (300 גרם)-ללא,טחנת האבן קואופ בעמ,,,יח`,3,100 גרם,false,1,12.90,4.30,true,1,
7290012911415,false,ממרח קארי ירוק טעמי אסיה (400 גרם),טחנת האבן קואופ בעמ,,,יח`,4,100 גרם,false,1,19.50,4.88,true,1,
7290012911422,false,ממרח קארי אדום טעמי אסיה (400 גרם),טחנת האבן קואופ בעמ,,,יח`,4,100 גרם,false,1,19.50,4.88,true,1,
7290012911477,false,קרם קוקוס טעמי אסיה (400 מל),טחנת האבן קואופ בעמ,,,יח`,4,100 גרם,false,1,11.90,2.98,false,1,
7290012911729,false,ג`ינג`ר לסושי ורוד 250 גר,טחנת האבן קואופ בעמ,,,יח`,2.50,100 גרם,false,1,10.90,4.36,false,1,
7290012911804,false,שמן שומשום טעמי אסיה (150 מל),טחנת האבן קואופ בעמ,,,יח`,1.50,"100 מ""ל",false,1,16.90,11.27,true,1,
7290012911866,false,דפי אורז מרובעים 22 סמ,טחנת האבן קואופ בעמ,,,יח`,3,100 גרם,false,1,12.90,4.30,false,1,
7290012911934,false,שבבי אורז 227 גר,טחנת האבן קואופ בעמ,,,יח`,2.27,100 גרם,false,1,6.90,3.04,false,1,
7290012911941,false,רוטב צילי מתוק ללתס 700 מל,טחנת האבן קואופ בעמ,,,יח`,7,"100 מ""ל",false,1,15.90,2.27,false,1,
7290012938580,false,הלבנה עדינה סנסודיין (75 מל),גורי ע.ע.ע בעמ,,,יח`,0.75,"100 מ""ל",false,1,22.90,30.53,true,1,
7290012938924,false,אקווה פרש מי פה 500 מל,גורי ע.ע.ע בעמ,,,יח`,5,"100 מ""ל",false,1,22.40,4.48,true,1,
7290012962561,false,קיסמי שיניים במבוק הוסטס) (500,אינטרסן 1996 בעמ,,,יח`,1,,false,1,5.50,5.50,true,1,
7290012983610,false,תמר כבוש 500 גר`,תה ויסוצקי (ישראל) בעמ,,,יח`,5,100 גרם,false,1,10.90,2.18,false,1,
7290013117229,false,בורקס פילו תפוא מעדנות,תנובה קפואים,,,יח`,6,100 גרם,false,1,24.40,4.07,false,1,
7290013117427,false,בצק פריך מלוח 900  גר`מעדנות,תנובה קפואים,,,יח`,9,100 גרם,false,1,25.50,2.83,false,1,
7290013128324,false,ענבים שחורים,לכיש מושב עובדים להתישבות*30 י,,,"ק""ג",1,,true,1,15.90,15.90,false,1,
7290013267665,false,מאגדת מיני סולרו פירות טרופי,גלידות שטראוס בעמ,,,יח`,4.80,100 גרם,false,1,23.40,4.88,false,1,
7290013268242,false,ריצפז פרש הום בניחוח מלון מפנק 2 ליטר,החברה הדרומית לשיווק בעמ,,,יח`,2,1 ליטר,false,1,22.90,11.45,true,1,
7290013268440,false,צמד מברשות שיניים בוב ספוג+פיגורינה,החברה הדרומית לשיווק בעמ,,,יח`,1,,false,1,17.30,17.30,false,1,
7290013268891,false,אוקסיג`ן ג`ל 3 ליטר,החברה הדרומית לשיווק בעמ,,,יח`,3,1 ליטר,false,1,32.60,10.87,true,1,
7290013268990,false,מקסימה מרכך סופר מרוכז ביו סנו (1 ליטר),החברה הדרומית לשיווק בעמ,,,יח`,1,1 ליטר,false,1,18.90,18.90,true,1,
7290013269287,false,מקסימה ג`ל כביסה 3 ליטר,החברה הדרומית לשיווק בעמ,,,יח`,3000,1 ליטר,false,1,34.60,0.01,true,1,
7290013269638,false,סושי ספוג הפלא אקסטרה סנו) (6,החברה הדרומית לשיווק בעמ,,,יח`,1,,false,1,12.90,12.90,true,1,
7290013269652,false,פוליויקס גרניט פורצלן 2 ליטר,החברה הדרומית לשיווק בעמ,,,יח`,2,1 ליטר,false,1,23.90,11.95,true,1,
7290013269706,false,סנובון ג`ל בניחוח אוקיינוס,החברה הדרומית לשיווק בעמ,,,יח`,0.65,"100 מ""ל",false,1,6.90,10.62,true,1,
7290013269850,false,נייר אפיה אקולוגי סנו) (50,החברה הדרומית לשיווק בעמ,,,יח`,50,יח`,false,1,15.90,0.32,true,1,
7290013269911,false,קוטל חרקים קיי 333 סנו (750 מל),החברה הדרומית לשיווק בעמ,,,יח`,7.50,"100 מ""ל",false,1,30.90,4.12,true,1,
7290013284051,false,פריניר טריו זיתים 560ג.,אבאל יזמות בעמ,,,יח`,5.60,100 גרם,false,1,8.90,1.59,true,1,
7290013284112,false,פריניר זיתים חרוזית ירוק a2,אבאל יזמות בעמ,,,יח`,0,100 גרם,false,1,8.50,8.50,true,1,
7290013284136,false,פריניר מלפפון במלח 7-9 560ג.,אבאל יזמות בעמ,,,יח`,5.60,100 גרם,false,1,6.90,1.23,true,1,
7290013284143,false,פריניר מלפפונים במלח 10-12 560ג.,אבאל יזמות בעמ,,,יח`,5.60,100 גרם,false,1,7.90,1.41,true,1,
7290013284150,false,פריניר מלפפונים במלח 13-17 560ג,אבאל יזמות בעמ,,,יח`,5.60,100 גרם,false,1,9.90,1.77,true,1,
7290013284181,false,פריניר מלפפונים בחומץ10-12 560ג.,אבאל יזמות בעמ,,,יח`,5.60,100 גרם,false,1,7.90,1.41,true,1,
7290013284310,false,רוטב פסטה 240  גר`פריניר,אבאל יזמות בעמ,,,יח`,2.40,100 גרם,false,1,5.90,2.46,true,1,
7290013310378,false,כפפות ניטריל כחולות S איזי טאצ`) (80,אינטרסן 1996 בעמ,,,יח`,80,יח`,false,1,25.90,0.32,false,1,
7290013310385,false,כפפות ניטריל כחולות M איזי טאצ`) (80,אינטרסן 1996 בעמ,,,יח`,80,יח`,false,1,25.90,0.32,false,1,
7290013310392,false,כפפות ניטריל כחולות L איזי טאצ`) (80,אינטרסן 1996 בעמ,,,יח`,80,יח`,false,1,25.90,0.32,false,1,
7290013358356,false,פירורי לחם מוזהבים מאסטר שף (320גרם),ש.שסטוביץ בעמ,,,יח`,3.20,100 גרם,false,1,7.90,2.47,false,1,
7290013358363,false,פירורי לחם פנקו מוזהבים 300  גר`מנה מאסט,ש.שסטוביץ בעמ,,,יח`,3,100 גרם,false,1,11.20,3.73,false,1,
7290013358417,false,רוטב טריאקי מאסטר שף (300 מל),ש.שסטוביץ בעמ,,,יח`,3,"100 מ""ל",false,1,12.90,4.30,false,1,
7290013358462,false,מיני קרוטונים שום בצל 350  גר`מנה מאסטר,ש.שסטוביץ בעמ,,,יח`,3.50,100 גרם,false,1,19.90,5.69,false,1,
7290013358530,false,רוטב צ`ילי מתוק מאסטר שף (700 מל),ש.שסטוביץ בעמ,,,יח`,7,"100 מ""ל",false,1,14.90,2.13,false,1,
7290013358578,false,אטריות אורז רחבות 400  גר`מנה מאסטר שף,ש.שסטוביץ בעמ,,,יח`,4,100 גרם,false,1,10.90,2.73,false,1,
7290013358585,false,נודלס ביצים 400  גר`מנה מאסטר שף,ש.שסטוביץ בעמ,,,יח`,4,100 גרם,false,1,10.90,2.73,false,1,
7290013358806,false,מארז פריכיות אורז עם מלח מנה 264 גר,ש.שסטוביץ בעמ,,,יח`,2.64,100 גרם,false,1,15.20,5.76,true,1,
7290013492005,false,תפוא ננסי מיקרוגל,א.אדמה (2007) בעמ,,,יח`,1,,false,1,8.90,8.90,false,1,
7290013534057,false,צ`יפס בטטה 100 גרכשלפ,מיה תעשיות מזון מ.ת.מ. בעמ,,,יח`,1,100 גרם,false,1,11.20,11.20,true,1,
7290013580009,false,המבורגר זהב 400  גר`בלדי,בלדי בעמ,,,יח`,4,100 גרם,false,1,16.90,4.23,false,1,
7290013585387,false,בקבוק זירו קוקה-קולה (1 ליטר),החברה המרכזית להפצת משקאות בעמ,,,יח`,10,"100 מ""ל",false,1,7.90,0.76,false,1,
7290013585394,false,בקבוק קוקה-קולה (1 ליטר),החברה המרכזית להפצת משקאות בעמ,,,יח`,10,"100 מ""ל",false,1,7.90,0.76,false,1,
7290013608260,false,מיץ רימונים סחוט פרימור (1 ליטר),שטראוס גרופ בעמ/מצונן,,,יח`,1,1 ליטר,false,1,21.90,21.90,false,1,
7290013702036,false,שוופס ווטר אפרסק 500מל,יפאורה,,,יח`,5,"100 מ""ל",false,1,5.90,1.12,true,1,
7290013702050,false,שוופס ווטר ענבים 500מל,יפאורה,,,יח`,5,"100 מ""ל",false,1,5.90,1.12,true,1,
7290013702388,false,שוופס ווטר תפוח 500מל,יפאורה,,,יח`,5,"100 מ""ל",false,1,5.90,1.12,true,1,
7290013847454,false,טונה סטאריקיסט בשמן קנולה רביעייה 160 גר,סטארקיסט דיפלומט היינץ,,,יח`,6.40,100 גרם,false,1,25.90,4.05,true,1,
7290013848611,false,רדיד אלומיניום סנו סושי (61 מטר),החברה הדרומית לשיווק בעמ,,,יח`,1,,false,1,42.90,42.90,true,1,
7290013848758,false,סנו מקסימה ג`ל מרוכז בייבי,החברה הדרומית לשיווק בעמ,,,יח`,3,1 ליטר,false,1,33.90,11.30,false,1,
7290013906687,false,צמד כפרי ברבקיו ודבש 600 גר טירת צבי,תנובה קפואים,,,יח`,6,100 גרם,false,1,31.60,5.27,true,1,
7290014002203,false,חליטת לימונית לואיזה ויסוצקי) (25,תה ויסוצקי (ישראל) בעמ,,,יח`,0.3750,100 גרם,false,1,17.90,47.73,true,1,
7290014002944,false,תה חמדת השקד ויסוצקי הגן הקסום) (25,תה ויסוצקי (ישראל) בעמ,,,יח`,1,,false,1,17.90,17.90,true,1,
7290014046016,false,פסטרמה של פעם 100% 250גר`,מעדני יחיעם (1993) בעמ,,,יח`,2.50,100 גרם,false,1,25.90,10.36,false,1,
7290014046047,false,צמד פסטרמות 600 גר` יחיעם,מעדני יחיעם (1993) בעמ,,,יח`,6,100 גרם,false,1,26.90,4.48,true,1,
7290014046474,false,נקניקיות עוף 1.5 קג,מעדני יחיעם (1993) בעמ,,,יח`,1.50,"ק""ג",false,1,31.60,21.07,true,1,
7290014046580,false,פסטרמה מעודנת על גחלים יחיעם (300 גרם),מעדני יחיעם (1993) בעמ,,,יח`,3,100 גרם,false,1,25.40,8.47,true,1,
7290014094369,false,שקד טבעי קלוף ששון הקולה (200 גרם),דין שיווק וקליה 2021 בעמ,,,יח`,2,100 גרם,false,1,22.90,11.45,false,1,
7290014094383,false,משמש בקופסא ששון הקולה 250 גר`,דין שיווק וקליה 2021 בעמ,,,יח`,2.50,100 גרם,false,1,25.90,10.36,false,1,
7290014094512,false,רוטב טריאקי 300 מל אהרוני,דין שיווק וקליה 2021 בעמ,,,יח`,3,"100 מ""ל",false,1,11.90,3.97,false,1,
7290014094628,false,פקאן טבעי ששון הקולה (200 גרם),דין שיווק וקליה 2021 בעמ,,,יח`,2,100 גרם,false,1,28.90,14.45,false,1,
7290014094642,false,אגוזי קשיו טבעיים ששון הקולה (250 גרם),דין שיווק וקליה 2021 בעמ,,,יח`,2,100 גרם,false,1,27.90,13.95,false,1,
7290014094833,false,צימוק לבן שקית 300 גר`,דין שיווק וקליה 2021 בעמ,,,יח`,3,100 גרם,false,1,15.90,5.30,true,1,
7290014094895,false,אגוזי מלך קלופים ששון הקולה (150 גרם),דין שיווק וקליה 2021 בעמ,,,יח`,1.50,100 גרם,false,1,10.90,7.27,true,1,
7290014095861,false,שיבולת שועל דקה שקדיה (500 גרם),דין שיווק וקליה 2021 בעמ,,,יח`,5,100 גרם,false,1,7.10,1.42,true,1,
7290014095960,false,שיבולת שועל עבה שקדיה (500 גרם),דין שיווק וקליה 2021 בעמ,,,יח`,5,100 גרם,false,1,7.10,1.42,true,1,
7290014217003,false,פפריקה מעושנת 90 גר`,תבליני טעם וריח בעמ,,,יח`,0.90,100 גרם,false,1,9.90,11,true,1,
7290014217157,false,תיבול טוסקנה 120 גר`,תבליני טעם וריח בעמ,,,יח`,1.20,100 גרם,false,1,9.90,8.25,true,1,
7290014217478,false,תערובת עשבי תיבול 30 גר`,תבליני טעם וריח בעמ,,,יח`,0.30,100 גרם,false,1,9.90,33,true,1,
7290014217522,false,לחם שום תערובת מיכל 100 גר` טעם וריח,תבליני טעם וריח בעמ,,,יח`,1,100 גרם,false,1,11.90,11.90,true,1,
7290014217911,false,פלפל אדום מתוק 150 גר`,תבליני טעם וריח בעמ,,,יח`,1.50,100 גרם,false,1,14.90,9.93,false,1,
7290014218932,false,חטיפי פיצה בתוספת זיתים 710 גר` מעדנות,תנובה קפואים,,,יח`,7.10,100 גרם,false,1,35.90,5.06,false,1,
7290014325036,false,סוכריות ג`לי שמחה 600 גרם,מיה תעשיות מזון מ.ת.מ. בעמ,,,יח`,1,,false,1,21.40,21.40,false,1,
7290014325050,false,קורנפלור מיה (500 גרם),מיה תעשיות מזון מ.ת.מ. בעמ,,,יח`,5,100 גרם,false,1,9.40,1.88,false,1,
7290014455252,false,גבינת גרנה פדנו מגורדת 29% גד (100 גרם),מחלבות גד שיווק 1992 בעמ,,,יח`,1,100 גרם,false,1,14.90,14.90,false,1,
7290014455320,false,כדורי מוצרלה פרסקה גד (100 גרם),מחלבות גד שיווק 1992 בעמ,,,יח`,1,100 גרם,false,1,9.50,9.50,false,1,
7290014466128,false,הר חרמון אינדיגו 750 מל,היכל היין שקד גולן בעמ,,,יח`,7.50,"100 מ""ל",false,1,37.90,5.01,true,1,
7290014466609,false,יין גמלא מרלו 750 מל,היכל היין שקד גולן בעמ,,,יח`,7.50,"100 מ""ל",false,1,60.90,8.08,true,1,
7290014471412,false,מוזלי בוטנים אגוזים ושקדים 1 קג- שקדיה,דין שיווק וקליה 2021 בעמ,,,יח`,1,"ק""ג",false,1,21.40,21.40,true,1,
7290014471443,false,גרנולה אגוזים 1 קג- שקדיה,דין שיווק וקליה 2021 בעמ,,,יח`,1,"ק""ג",false,1,21.40,21.40,true,1,
7290014472228,false,תאנים ששון הקולה (330 גרם),דין שיווק וקליה 2021 בעמ,,,יח`,3.30,100 גרם,false,1,19.90,6.03,false,1,
7290014472488,false,שקד קלויים 250  גר`ששון הקולה,דין שיווק וקליה 2021 בעמ,,,יח`,2.50,100 גרם,false,1,25.90,10.36,false,1,
7290014472495,false,קשיו קלוי 250  גר`פרימיום ששון הקולה,דין שיווק וקליה 2021 בעמ,,,יח`,2.50,100 גרם,false,1,20.90,8.36,false,1,
7290014472525,false,תערובת פיצוחים 250  גר`פרימיום ששון הקול,דין שיווק וקליה 2021 בעמ,,,יח`,2.50,100 גרם,false,1,20.90,8.36,false,1,
7290014525290,false,סלים דליס קריספי תות מרבה (125 גרם),ש.שסטוביץ בעמ,,,יח`,1.20,100 גרם,false,1,14.90,12.42,true,1,
7290014525306,false,סלים דליס קריספי אוכמניות מרבה (125 גרם),ש.שסטוביץ בעמ,,,יח`,1.25,100 גרם,false,1,14.90,11.92,true,1,
7290014603028,false,סולרו וניל ותות שדה,גלידות שטראוס בעמ,,,יח`,0.76,100 גרם,false,1,7.90,10.39,true,1,
7290014692299,false,גבינת ברי 125 גר,ג.וילי-פוד אינטרנשיונל **גבינו,,,יח`,1.25,100 גרם,false,1,14.90,11.92,false,1,
7290014692305,false,גבינת קממבר 125 גר,ג.וילי-פוד אינטרנשיונל **גבינו,,,יח`,1.25,100 גרם,false,1,14.90,11.92,false,1,
7290014692541,false,פתיתים מגורדת וילי פוד (500  גרם)GOLDEN,ג.וילי-פוד אינטרנשיונל **גבינו,,,יח`,5,100 גרם,false,1,20.90,4.18,false,1,
7290014692565,false,גרעיני תירס מתוק וילי פוד (320 גרם),ג.וילי-פוד אינטרנשיונל בעמ,,,יח`,3.20,100 גרם,false,1,5.50,1.72,false,1,
7290014749245,false,צונגו רצועות שניצל שומשום 600  גר`עוף טו,קבוצת אסם סחר שות. מוגבלת,,,יח`,6,100 גרם,false,1,33.90,5.65,true,1,
7290014758100,false,יוגורט ביו 3% תנובה (150x8 גרם),תנובה - חלב,,,יח`,12,100 גרם,false,1,16.90,1.41,false,1,
7290014759084,false,גבינת נפוליאון 225  גר`16% גביע,תנובה - חלב,,,יח`,2.25,100 גרם,false,1,14.90,6.62,false,1,
7290014759909,false,פטה עיזים 5% 250  גר`גביע פיראוס תנובה,תנובה - חלב,,,יח`,2.50,100 גרם,false,1,28.50,11.40,false,1,
7290014760134,false,מעדן סויה בטעם וניל 125  גר`תנובה,תנובה - חלב,,,יח`,1.25,100 גרם,false,1,4.60,3.68,false,1,
7290014760141,false,משקה שקדים טרי תנובה (1 ליטר),תנובה - חלב,,,יח`,10,"100 מ""ל",false,1,12.20,1.22,false,1,
7290014760448,false,גבינה צהובה 22% שומן גלבוע (400 גרם),תנובה - חלב,,,יח`,4,100 גרם,false,1,22.90,5.73,false,1,
7290014760912,false,גבינה צהובה 28% מהדרין גוש חלב (400 גרם),תנובה - חלב,,,יח`,4,100 גרם,false,1,25.90,6.48,false,1,
7290014761056,false,מעדן שוקולד חלב יולו (123 גרם),תנובה - חלב,,,יח`,1.23,"100 מ""ל",false,1,4.90,3.98,false,1,
7290014761063,false,מעדן שוקולד מריר יולו (123 גרם),תנובה - חלב,,,יח`,1.23,"100 מ""ל",false,1,4.90,3.98,false,1,
7290014761070,false,מעדן שוקולד לבן יולו (123 גרם),תנובה - חלב,,,יח`,1.23,"100 מ""ל",false,1,4.90,3.98,false,1,
7290014761193,false,יוגורט עם פירות יער 1.5% פרילי (125 גרם),תנובה - חלב,,,יח`,1.25,"100 מ""ל",false,1,3.50,2.80,false,1,
7290014761414,false,יולו מעדן שכבות שוקולד חלבי לבן,תנובה - חלב,,,יח`,1.23,"100 מ""ל",false,1,4.90,3.98,false,1,
7290014761612,false,יולו מעדן שכבות שוקולד מריר לבן,תנובה - חלב,,,יח`,1.23,"100 מ""ל",false,1,4.90,3.98,false,1,
7290014762756,false,גבינת שמנת 16% עם בצל נפוליאון (225 גרם),תנובה - חלב,,,יח`,2.25,100 גרם,false,1,14.90,6.62,false,1,
7290014762800,false,מעדן סויה טעם שוקולד 125,תנובה - חלב,,,יח`,1.25,100 גרם,false,1,4.60,3.68,false,1,
7290014762848,false,פתיתי גלבוע 22% 500 גר,תנובה - חלב,,,יח`,5,100 גרם,false,1,34.60,6.92,false,1,
7290014762909,false,פתיתי מוצרלה 200 גרם,תנובה - חלב,,,יח`,2,100 גרם,false,1,15.90,7.95,false,1,
7290014763272,false,משקה סויה BIO עם תות בננה בתוספת חיידקי,תנובה - חלב,,,יח`,2.50,100 גרם,false,1,6.80,2.72,false,1,
7290014785113,false,רוטב טריאקי טעמי אסיה (500 מל),טחנת האבן קואופ בעמ,,,יח`,5,"100 מ""ל",false,1,16.90,3.38,false,1,
7290015039246,false,טונה בשמן רביעייה 160  גר- וילי פוד,ג.וילי-פוד אינטרנשיונל בעמ,,,יח`,6.40,100 גרם,false,1,22.90,3.58,true,1,
7290015150088,false,מחית עגבניות קלה בלה איטליה (700 גרם),תה ויסוצקי (ישראל) בעמ,,,יח`,7,100 גרם,false,1,15.20,2.17,true,1,
7290015150118,false,עגבניות חתוכות דק בלה איטליה 3*400,תה ויסוצקי (ישראל) בעמ,,,יח`,1.20,"ק""ג",false,1,18.90,15.75,false,1,
7290015155830,false,פאוץ`פרינוק תפוח בננה 120 גר`,גורי מוצרי צריכה (1991) בעמ,,,יח`,1.20,100 גרם,false,1,6.50,5.42,true,1,
7290015156813,false,פאוץ`פרינוק פירות מעורבים 120 גר`,גורי מוצרי צריכה (1991) בעמ,,,יח`,1.20,100 גרם,false,1,6.50,5.42,true,1,
7290015178204,false,עגבניות מיובשות בשמן עם  לימון( 180 גר`),תנובה - חלב,,,יח`,1.80,100 גרם,false,1,12.90,7.17,false,1,
7290015324014,false,פלפל שחור טחון 80 גר`,תבליני טעם וריח בעמ,,,יח`,0.80,100 גרם,false,1,9.90,12.38,false,1,
7290015324052,false,פפריקה מתוקה 80 גר`,תבליני טעם וריח בעמ,,,יח`,0.80,100 גרם,false,1,5.90,7.38,false,1,
7290015324083,false,מלח לימון 80 גר`,תבליני טעם וריח בעמ,,,יח`,0.80,100 גרם,false,1,5.90,7.38,false,1,
7290015324090,false,כמון טחון 80 גר`,תבליני טעם וריח בעמ,,,יח`,0.80,100 גרם,false,1,5.90,7.38,false,1,
7290015324106,false,כורכום טחון 80 גר`,תבליני טעם וריח בעמ,,,יח`,0.80,100 גרם,false,1,5.90,7.38,false,1,
7290015324175,false,תיבול לשווארמה 80 גר`,תבליני טעם וריח בעמ,,,יח`,0.80,100 גרם,false,1,5.90,7.38,false,1,
7290015324557,false,בהרט לבישול מיכל גדול 80 גר`,תבליני טעם וריח בעמ,,,יח`,0.80,100 גרם,false,1,9.90,12.38,true,1,
7290015324571,false,פפריקה מתוקה בשמן בסגנון מרוקאי 400 גר`,תבליני טעם וריח בעמ,,,יח`,4,100 גרם,false,1,19.90,4.98,false,1,
7290015347228,false,פירורי לחם לבנים 400גר`,מיה תעשיות מזון מ.ת.מ. בעמ,,,יח`,4,100 גרם,false,1,7.10,1.78,false,1,
7290015347273,false,נטיפי שוקולד לאפייה שוקולדמריר 250גר,מיה תעשיות מזון מ.ת.מ. בעמ,,,יח`,2.50,100 גרם,false,1,10.90,4.36,false,1,
7290015347358,false,מיה סודה לשתיה קרטון 50 גר,מיה תעשיות מזון מ.ת.מ. בעמ,,,יח`,0.50,100 גרם,false,1,4,8,false,1,
7290015347488,false,סוכר דמררה שקית מיה (1 קג),מיה תעשיות מזון מ.ת.מ. בעמ,,,יח`,1,"ק""ג",false,1,13.20,13.20,false,1,
7290015366663,false,אקוה פרש 100 מל עדין,גורי ע.ע.ע בעמ,,,יח`,1,100 גרם,false,1,7.90,7.90,true,1,
7290015366670,false,משחת שיניים בטעם מנטה אקוהפרש (100 מל),גורי ע.ע.ע בעמ,,,יח`,1,"100 מ""ל",false,1,7.90,7.90,true,1,
7290015597937,false,קורנטו קלאסיק וניל,גלידות שטראוס בעמ,,,יח`,1,,false,1,6.60,6.60,true,1,
7290015652070,false,קשיו קלוי 150 גר` שקית,דין שיווק וקליה 2021 בעמ,,,יח`,1.50,100 גרם,false,1,13.90,9.27,true,1,
7290015652087,false,תערובת פיצוחים 150 גר` בשקית,דין שיווק וקליה 2021 בעמ,,,יח`,1.50,100 גרם,false,1,13.90,9.27,true,1,
7290015652261,false,בוטנים קלויים 300 גר`,דין שיווק וקליה 2021 בעמ,,,יח`,3,100 גרם,false,1,10,3.33,false,1,
7290015652278,false,תערובת פיצוחים 250 גר`,דין שיווק וקליה 2021 בעמ,,,יח`,2.50,100 גרם,false,1,20,8,false,1,
7290015652285,false,אגוזים קלופים דין שיווק (250 גרם),דין שיווק וקליה 2021 בעמ,,,יח`,2.50,100 גרם,false,1,20,8,false,1,
7290015652292,false,קבוקים עם שומשום 400 גר`,דין שיווק וקליה 2021 בעמ,,,יח`,4,100 גרם,false,1,10,2.50,false,1,
7290015652308,false,מנצ`ס 300 גר`,דין שיווק וקליה 2021 בעמ,,,יח`,3,100 גרם,false,1,10,3.33,false,1,
7290015652315,false,חמוציות מסוכרות ששון הקולה (300 גרם),דין שיווק וקליה 2021 בעמ,,,יח`,3,100 גרם,false,1,10,3.33,false,1,
7290015652407,false,פיסטוק קלוי ששון הקולה (250 גרם),דין שיווק וקליה 2021 בעמ,,,יח`,2.50,100 גרם,false,1,20,8,false,1,
7290015781046,false,יין לבן חצי יבש VISION,יקב טפרברג 1870 בעמ (יינות ומש,,,יח`,7.50,"100 מ""ל",false,1,41.90,5.55,true,1,
7290015781114,false,יין אדום אימפרשיין מרלו טפרברג (750 מל),יקב טפרברג 1870 בעמ (יינות ומש,,,יח`,7.50,"100 מ""ל",false,1,51.90,6.88,true,1,
7290015781282,false,יין גוורצטרמינר 750 מל IMPRESSION,יקב טפרברג 1870 בעמ (יינות ומש,,,יח`,7.50,"100 מ""ל",false,1,51.90,6.88,true,1,
7290015855013,false,פלפלונים-טינקרבל  א.אדמה,א.אדמה (2007) בעמ,,,יח`,1,,false,1,9.90,9.90,false,1,
7290015855037,false,פלפל צ`ילי בשקית,א.אדמה (2007) בעמ,,,יח`,1,,false,1,9.90,9.90,false,1,
7290015855143,false,שום קלוף 170 גרם,א.אדמה (2007) בעמ,,,יח`,1.70,100 גרם,false,1,12.90,7.59,false,1,
7290015855181,false,גינג`ר יחידה טרי,א.אדמה (2007) בעמ,,,יח`,1,,false,1,8.90,8.90,false,1,
7290015855228,false,אספרגוס ארוז,א.אדמה (2007) בעמ,,,יח`,1,,false,1,29.90,29.90,false,1,
7290015855273,false,בזיליקום מארז גדול א.אדמה,א.אדמה (2007) בעמ,,,יח`,1,,false,1,9.90,9.90,false,1,
7290015855310,false,עגבניות מיובשות,א.אדמה (2007) בעמ,,,יח`,1,,false,1,12.90,12.90,false,1,
7290015855358,false,בצל שאלוט,א.אדמה (2007) בעמ,,,יח`,1,,false,1,14.90,14.90,false,1,
7290015855990,false,לקט ירקות למרק טרי,א.אדמה (2007) בעמ,,,יח`,1,,false,1,14.90,14.90,false,1,
7290015858175,false,ממרח פלפלים קלויים 180 גר-על  לחם,שטראוס גרופ בעמ/מצונן,,,יח`,1.80,100 גרם,false,1,17.90,9.94,false,1,
7290015858328,false,איולי פסטו עללחם 295 גר`,שטראוס גרופ בעמ,,,יח`,2.95,100 גרם,false,1,13.90,4.71,false,1,
7290015858434,false,שום כתוש 250  גר`על לחם,שטראוס גרופ בעמ/מצונן,,,יח`,2.50,100 גרם,false,1,14.90,5.96,false,1,
7290015858441,false,איולי פלפלים עללחם 295 גר`,שטראוס גרופ בעמ,,,יח`,2.95,100 גרם,false,1,13.90,4.71,false,1,
7290015858687,false,איולי שום עללחם 295 גר`,שטראוס גרופ בעמ,,,יח`,2.95,100 גרם,false,1,13.90,4.71,false,1,
7290015858694,false,איולי שום לימון עללחם 295 גר`,שטראוס גרופ בעמ,,,יח`,2.95,100 גרם,false,1,13.90,4.71,false,1,
7290015951869,false,הר חרמון רוזה 750 מל,היכל היין שקד גולן בעמ,,,יח`,7.50,"100 מ""ל",false,1,37.90,5.01,true,1,
7290015996983,false,סוכרלוז 100 שקית אפס קלוריות,שטראוס גרופ בעמ,,,יח`,1.30,100 גרם,false,1,26.90,20.69,false,1,
7290016006322,false,מי עדן 1  ל` בק`בודד,יפאורה,,,יח`,1,1 ליטר,false,1,3,3,false,1,
7290016077759,false,רוטב ברביקין קלאסי 480  גר`היינץ,דיפלומט היינץ,,,יח`,4.80,100 גרם,false,1,18.50,3.85,false,1,
7290016087123,false,רוטב עגבניות פסטה קלאסי 240  גר`פריניר,אבאל יזמות בעמ,,,יח`,2.30,100 גרם,false,1,5.90,2.57,true,1,
7290016087147,false,רוטב עגבניות מתובל לפיצה 230  גר`פריניר,אבאל יזמות בעמ,,,יח`,2.30,100 גרם,false,1,5.90,2.57,true,1,
7290016087222,false,רוטב עגבניות לשקשוקה 230  גר`פריניר,אבאל יזמות בעמ,,,יח`,2.30,100 גרם,false,1,5.90,2.57,true,1,
7290016087475,false,עגבניות חתוכות דק 400  גר`פריניר,אבאל יזמות בעמ,,,יח`,4,100 גרם,false,1,4.30,1.08,false,1,
7290016087499,false,עגבניות חתוכות דק שליישיה 400  גר`פריניר,אבאל יזמות בעמ,,,יח`,1.20,"ק""ג",false,1,12.90,10.75,true,1,
7290016144000,false,קמח חיטה 80% קמח נפלאות 1 קג,אבאל יזמות בעמ,,,יח`,10,100 גרם,false,1,10.90,1.09,false,1,
7290016150117,false,סלק אדום בוואקום 500 גרם,ביג פוד כחול לבן בעמ*שיק 30 יו,,,יח`,1,,false,1,8.90,8.90,true,1,
7290016150711,false,נוזל קוקוס פחית 400  גר`AVEL,אבאל יזמות בעמ,,,יח`,4,100 גרם,false,1,6.90,1.73,true,1,
7290016197488,false,מטליות מיקרופייבר למשטחים ניקול) (3,קימברלי קלארק ישראל שיווק בעמ,,,יח`,1,,false,1,16.90,16.90,true,1,
7290016197495,false,מטליות מיקרופייבר לרצפה ניקול) (2,קימברלי קלארק ישראל שיווק בעמ,,,יח`,1,,false,1,26.90,26.90,true,1,
7290016246711,false,טחינה גולמית מעודנת אריסה 310  גר`בארכה,קבוצת אסם סחר שות. מוגבלת,,,יח`,3.10,100 גרם,false,1,14.90,4.81,false,1,
7290016277470,false,שיבולת שועל 350  גר`דקה,דין שיווק וקליה 2021 בעמ,,,יח`,3.50,100 גרם,false,1,4.60,1.31,true,1,
7290016277487,false,שיבולת שועל 350  גר`עבה,דין שיווק וקליה 2021 בעמ,,,יח`,3.50,100 גרם,false,1,4.60,1.31,true,1,
7290016302059,false,מארז עשיריית ביס פרנה,קונסיגנציה ג`נרל מילס ישראל בע,,,יח`,1,,false,1,11.90,11.90,false,1,
7290016319187,false,עוגיות סנדוויץ שוקו עם קרם שוקו  זוג( 30,דנשר (1963) בעמ,,,יח`,3,100 גרם,false,1,17.90,5.97,false,1,
7290016319200,false,עוגיות סנדוויץ אוראו  זוג( 300  גר`)טוסו,דנשר (1963) בעמ,,,יח`,3,100 גרם,false,1,17.90,5.97,false,1,
7290016321661,false,פרש וואנס רביעייה מגבונים לחים ללא בישום,דנשר (1963) בעמ,,,יח`,1,,false,1,16.90,16.90,true,1,
7290016321678,false,פרש וואנס רביעייה מגבונים לחים קמומיל,דנשר (1963) בעמ,,,יח`,1,,false,1,16.90,16.90,true,1,
7290016372342,false,עגבניות חתוכות לקוביות בלה איטליה 400 גר,תה ויסוצקי (ישראל) בעמ,,,יח`,1.20,"ק""ג",false,1,18.90,15.75,false,1,
7290016372373,false,רסק עגבניות בלה איטליה 140*2 גר`,תה ויסוצקי (ישראל) בעמ,,,יח`,2.80,100 גרם,false,1,9.90,3.54,false,1,
7290016509809,false,פרסיל ג`ל 2.5 ליטר קולור,גורי שיווק בעמ,,,יח`,2.50,1 ליטר,false,1,35.90,14.36,true,1,
7290016509816,false,פרסיל ג`ל 4 ליטר קולור,גורי שיווק בעמ,,,יח`,4,1 ליטר,false,1,46.90,11.73,false,1,
7290016509830,false,פרסיל ג`ל 2.5 ליטר בייבי,גורי שיווק בעמ,,,יח`,2.50,1 ליטר,false,1,35.90,14.36,true,1,
7290016564006,false,מבריקל  הפלא- ספוג לכלים שלישייה,אבאל יזמות בעמ,,,יח`,1,,false,1,9.90,9.90,false,1,
7290016564426,false,מבריקל שקיות אשפה ג`מבו XXL עם ידית 25,אבאל יזמות בעמ,,,יח`,1,,false,1,15.90,15.90,true,1,
7290016564433,false,מבריקל מארז רביעית כרית יפנית,אבאל יזמות בעמ,,,יח`,1,,false,1,10.90,10.90,true,1,
7290016717099,false,סלקטד אדום חצי יבש 750 מל,אגודת הכורמים,,,יח`,7.50,"100 מ""ל",false,1,30.90,4.08,true,1,
7290017023854,false,שוופס סודה 250 מל רביעייה,יפאורה,,,יח`,1,1 ליטר,false,1,14.90,14.90,true,1,
7290017023878,false,שוופס סודה נענע ליים 250 מל רביעייה,יפאורה,,,יח`,1,1 ליטר,false,1,14.90,14.90,true,1,
7290017062686,false,מרכך מרוכז  בייבי( 1  ליטר)טאצ`,סאסאטק אגשח בעמ,,,יח`,1,1 ליטר,false,1,11.90,11.90,false,1,
7290017062754,false,נוזל כלים לימון  (36% 750 מל)+משאבה  טא,סאסאטק אגשח בעמ,,,יח`,7.50,"100 מ""ל",false,1,10.90,1.45,false,1,
7290017065007,false,מוצרלה פרוסה 200 גר-מדף,מחלבות גד שיווק 1992 בעמ,,,יח`,2,100 גרם,false,1,18.90,9.45,false,1,
7290017065137,false,ריקוטה למריחה 5% טבעית 200  גר`מחלבות גד,מחלבות גד שיווק 1992 בעמ,,,יח`,2,100 גרם,false,1,10.90,5.45,false,1,
7290017065168,false,גבינה כחולה 100  גר`מחלבות גד,מחלבות גד שיווק 1992 בעמ,,,יח`,1,100 גרם,false,1,17.90,17.90,false,1,
7290017065175,false,גבינת מנצ`גו פרוסה 150  גר`מחלבות גד,מחלבות גד שיווק 1992 בעמ,,,יח`,1.50,100 גרם,false,1,21.90,14.60,false,1,
7290017065236,false,גבינה בולגרית מעודנת 24% גד (250 גרם),מחלבות גד שיווק 1992 בעמ,,,יח`,2.50,100 גרם,false,1,24.90,9.96,false,1,
7290017065434,false,פרוסות גאודה הולנדית 200  גר`גד,מחלבות גד שיווק 1992 בעמ,,,יח`,2,100 גרם,false,1,22.90,11.45,false,1,
7290017065441,false,פרוסות גאודה עיזים הולנדית 200  גר`גד,מחלבות גד שיווק 1992 בעמ,,,יח`,2,100 גרם,false,1,35.90,17.95,false,1,
7290017065588,false,יוגורט יווני 600  גר`מחלבות גד,מחלבות גד שיווק 1992 בעמ,,,יח`,6,100 גרם,false,1,17.90,2.98,false,1,
7290017068374,false,שמרים בוואקום 500  גר`מיה,מיה תעשיות מזון מ.ת.מ. בעמ,,,יח`,5,100 גרם,false,1,13.50,2.70,false,1,
7290017105895,false,גרגרי חומוס מסעדות 550  גר`יכין,זנלכל בעמ,,,יח`,5.50,100 גרם,false,1,10.90,1.98,true,1,
7290017142159,false,נתחי טונה בהירה בשמן זית 80 גר` שלישייה,סוגת תעשיות בעמ,,,יח`,2.40,100 גרם,false,1,24.90,10.38,true,1,
7290017142340,false,שמן זרעי ענבים מזוכך 1 ליטר עץ הזית,סוגת תעשיות בעמ,,,יח`,1,1 ליטר,false,1,30.90,30.90,true,1,
7290017142388,false,שמן חמניות פלוס 1 ליטר אומגה 3 עץ הזית,סוגת תעשיות בעמ,,,יח`,1,1 ליטר,false,1,16.90,16.90,true,1,
7290017142395,false,פסטה עם טונה בשמן זית 160 גר` עץ הזית,סוגת תעשיות בעמ,,,יח`,1.60,100 גרם,false,1,14.90,9.31,true,1,
7290017197364,false,אל סבון לבנדר סגול 1 ליטר LA BELLE,פארמה דיל (פ.א.ב.) שיווק והפצה,,,יח`,1,1 ליטר,false,1,9.50,9.50,false,1,
7290017289168,false,יין אדום יבש 750 מל ישראלי,יקב טפרברג 1870 בעמ (יינות ומש,,,יח`,7.50,"100 מ""ל",false,1,23.90,3.15,true,1,
7290017289175,false,יין פטיט סירה 750 מל ישראלי,יקב טפרברג 1870 בעמ (יינות ומש,,,יח`,7.50,"100 מ""ל",false,1,23.90,3.15,true,1,
7290017289199,false,יין לבן יבש 750 מל ישראלי,יקב טפרברג 1870 בעמ (יינות ומש,,,יח`,7.50,"100 מ""ל",false,1,23.90,3.15,true,1,
7290017289618,false,יין אדום פטיט סירהיקב טפרברג (750 מל),יקב טפרברג 1870 בעמ (יינות ומש,,,יח`,7.50,"100 מ""ל",false,1,51.90,6.88,true,1,
7290017291123,false,שום יבש,חברת יוסף אופנהימר 1986 בעמ,,,יח`,1,,false,1,5,5,false,1,
7290017291338,false,שום סולו ארוז,איגל טרייטדינג שיווק חקלאי בעמ,,,יח`,1,,false,1,9.90,9.90,false,1,
7290017297088,false,ציפס 2 קג,ויטה -פרי גליל (החדשה) בעמ,,,יח`,20,100 גרם,false,1,22.90,1.15,false,1,
7290017297095,false,סטייק ציפס 2 קג,ויטה -פרי גליל (החדשה) בעמ,,,יח`,20,100 גרם,false,1,22.90,1.15,false,1,
7290017477169,false,אגוזי קשיו 250  גר`ששון הקולה,דין שיווק וקליה 2021 בעמ,,,יח`,2.50,100 גרם,false,1,20,8,false,1,
7290017513485,false,מחית עגבניות רוסטיקה בלה איטליה  איטליה(,תה ויסוצקי (ישראל) בעמ,,,יח`,6.80,100 גרם,false,1,15.50,2.28,true,1,
7290017513775,false,בייגלהמצופים שוקולד חלב 140  גר`פליפז,תה ויסוצקי (ישראל) בעמ,,,יח`,1.40,100 גרם,false,1,8.90,6.36,true,1,
7290017513782,false,בייגלה מצופים שוקולד מריר 140  גר`פליפז,תה ויסוצקי (ישראל) בעמ,,,יח`,1.40,100 גרם,false,1,8.90,6.36,true,1,
7290017599359,false,סוכרזית קלאסי כפית לכפית 400 גר`,שטראוס גרופ בעמ,,,יח`,4,100 גרם,false,1,27.90,6.98,false,1,
7290017617046,false,טונה בשמן זית כתית מעולה 140 גר` סטארקיס,סטארקיסט דיפלומט היינץ,,,יח`,5.60,100 גרם,false,1,27.90,4.98,true,1,
7290017617428,false,סטארקיסט מיקס סלמון עם עם פסטה ברוטב עגב,סטארקיסט דיפלומט היינץ,,,יח`,1.60,100 גרם,false,1,15.90,9.94,false,1,
7290017641744,false,איגלו סטיקס שמינייה כרמית,כרמית תעשיות ממתקים בעמ,,,יח`,8,100 גרם,false,1,7.50,0.94,true,1,
7290017812571,false,תירוש אדום 1 ליטר 100% טבעי,אגודת הכורמים,,,יח`,1,1 ליטר,false,1,21.20,21.20,true,1,
7290017812618,false,מיץ ענבים רוזה תירוש 1 ליטר 100% טבעי,אגודת הכורמים,,,יח`,1,1 ליטר,false,1,20.90,20.90,true,1,
7290017812977,false,יין ספארקלינג אננס 750 מל BUZZ,אגודת הכורמים,,,יח`,7.50,"100 מ""ל",false,1,28.90,3.81,true,1,
7290017888019,false,תפוח רימון סלק וג`ינג`ר 350 מל fruit,יפאורה,,,יח`,3.50,"100 מ""ל",false,1,7.90,2.17,true,1,
7290017888026,false,אננס תפוח גזר 350 מל fruit   veg,יפאורה,,,יח`,3.50,"100 מ""ל",false,1,7.90,2.17,true,1,
7290017888033,false,בננה לימון נענע סלק 350 מל fruit   veg,יפאורה,,,יח`,3.50,"100 מ""ל",false,1,7.90,2.17,true,1,
7290017888729,false,שוופס סודה 1 ליטר,יפאורה,,,יח`,1,1 ליטר,false,1,4.90,4.90,true,1,
7290017928685,false,בייגלה שמיניות מלח 400 גר` מאיר בייגל,דנשר (1963) בעמ,,,יח`,4,100 גרם,false,1,12.90,3.23,false,1,
7290017928746,false,מאיר בייגל פרורי בייגלה 200 גר`,דנשר (1963) בעמ,,,יח`,2,100 גרם,false,1,7.90,3.95,false,1,
7290017928807,false,בייגלה אצבעות שומשום 300  גר`מאיר בייגל,דנשר (1963) בעמ,,,יח`,3,100 גרם,false,1,12.90,4.30,true,1,
7290017946795,false,סוד כדוריות לאסלה ביי ברף,גורי שיווק בעמ,,,יח`,1,,false,1,8.90,8.90,true,1,
7290018043844,false,דאבל בוטנים קרמל קראנץ 60 גר`,דיפלומט היינץ,,,יח`,0.60,100 גרם,false,1,13.90,23.17,true,1,
7290018131930,false,מאגדת לה פרוטה בננה תמר פקאן שוקולד,נגה גלידות שותפות מוגבלת,,,יח`,3.25,100 גרם,false,1,28.90,8.89,false,1,
7290018198209,false,תפוגן צ`יפס בטטה קראנצי 500 גר`,קבוצת אסם סחר שות. מוגבלת,,,יח`,5,100 גרם,false,1,22.90,4.58,false,1,
7290018236635,false,צונגו פופקורן מצופה 600  גר`עוף טוב,קבוצת אסם סחר שות. מוגבלת,,,יח`,6,100 גרם,false,1,33.90,5.65,true,1,
7290018237922,false,שניצלונים ציפוי צ`יפס 700  גר`עוף טוב,קבוצת אסם סחר שות. מוגבלת,,,יח`,7,100 גרם,false,1,13.90,1.99,false,1,
7290018249154,false,ממרח אגוזי לוז סוויטאנגו 350 גר`,אבאל יזמות בעמ,,,יח`,3.50,100 גרם,false,1,35.90,10.26,true,1,
7290018359495,false,תירס מהשדה בלי תוספת  סוכר( 550  גר`)יכי,זנלכל בעמ,,,יח`,5.50,100 גרם,false,1,10.90,1.98,false,1,
7290018359518,false,תירס מהשדה בלי תוספת  סוכר( 200 גר *3יח),זנלכל בעמ,,,יח`,6,100 גרם,false,1,15.90,2.65,false,1,
7290018359556,false,תירס מהשדה בלי תוספת  סוכר( 400  גר)יכין,זנלכל בעמ,,,יח`,4,100 גרם,false,1,7.90,1.98,false,1,
7290018440193,false,בייגלה מצופים קרם בטעם חמאת בוטנים 140,תה ויסוצקי (ישראל) בעמ,,,יח`,1.40,100 גרם,false,1,8.90,6.36,true,1,
7290018440209,false,בייגלה בציפוי  פאדג`לבן 140  גר`פליפז,תה ויסוצקי (ישראל) בעמ,,,יח`,1.40,100 גרם,false,1,8.90,6.36,true,1,
7290018440254,false,צ`אי קרמל מלוח 25 שקיקים,תה ויסוצקי (ישראל) בעמ,,,יח`,1,,false,1,20.90,20.90,true,1,
7290018440438,false,טונה בשמן זית easy flip שלישייה 3*65 גר`,תה ויסוצקי (ישראל) בעמ,,,יח`,1.95,100 גרם,false,1,26.90,13.79,true,1,
7290018440476,false,בייגלה מצופה בקרם עוגת גבינה ותותים 140,תה ויסוצקי (ישראל) בעמ,,,יח`,1.40,100 גרם,false,1,8.90,6.36,true,1,
7290018440896,false,חליטת ג`ינג`ר וכורכום אפקט הג`ינג`ר 25 י,תה ויסוצקי (ישראל) בעמ,,,יח`,0.3750,100 גרם,false,1,17.90,47.73,true,1,
7290018441626,false,גלידת פיינטים מנטה עוגיות בן אנד גריס,מוצרי איכות אמריקאיים בעמ,,,יח`,4.30,100 גרם,false,1,20.30,4.72,true,1,
7290018471197,false,פרוט אנד  ווג`תפוח בננה מלון נענע 1 ליטר,יפאורה,,,יח`,10,"100 מ""ל",false,1,12.90,1.26,true,1,
7290018471319,false,שוופס ביטר לימון 250 מל רביעייה,יפאורה,,,יח`,10,"100 מ""ל",false,1,20.90,1.97,false,1,
7290018471470,false,תפוזינה נקטר תפוז פסיפלורה 1 ליטר,יפאורה,,,יח`,10,"100 מ""ל",false,1,7.30,0.73,false,1,
7290018471906,false,משקה מוגז שוופס (1.5 ליטר) לימונדה ורוד,יפאורה,,,יח`,1.50,1 ליטר,false,1,9.50,6.13,true,1,
7290018471913,false,משקה מוגז שוופס (1.5 ליטר) תפוחים,יפאורה,,,יח`,1.50,1 ליטר,false,1,9.50,6.13,true,1,
7290018471920,false,משקה מוגז פירות שוופס (1.5 ליטר) ענבים,יפאורה,,,יח`,1.50,1 ליטר,false,1,9.50,6.13,true,1,
7290018471944,false,משקה מוגז פירות שוופס (1.5 ליטר) לימונ,יפאורה,,,יח`,1.50,1 ליטר,false,1,9.50,6.13,true,1,
7290018515020,false,חלבון סויה מיובש בצורת כנפי עוף 300 גרם,טחנת האבן קואופ בעמ,,,יח`,3,100 גרם,false,1,15.90,5.30,false,1,
7290018516331,false,פאוץ`פרינוק תפוח בננה ושיבולת שועל 120,גורי מוצרי צריכה (1991) בעמ,,,יח`,1.20,100 גרם,false,1,6.50,5.42,true,1,
7290018571071,false,טופי פספסים 450 גרם כשלפ,מיה תעשיות מזון מ.ת.מ. בעמ,,,יח`,4.50,100 גרם,false,1,16.90,3.76,false,1,
7290018571088,false,טופי חמוצמוץ 600 גרם כשלפ,מיה תעשיות מזון מ.ת.מ. בעמ,,,יח`,6,100 גרם,false,1,16.90,2.82,false,1,
7290018571095,false,טופי ממולא בטעמי פירות 600 גרם כשלפ,מיה תעשיות מזון מ.ת.מ. בעמ,,,יח`,6,100 גרם,false,1,16.90,2.82,false,1,
7290018703311,false,דאבל קרם עוגיות קראנץ 60 גר`,דיפלומט היינץ,,,יח`,0.60,100 גרם,false,1,13.90,23.17,true,1,
7290018703496,false,דאבל בננה טופי קראנץ 60 גר`,דיפלומט היינץ,,,יח`,0.60,100 גרם,false,1,13.90,23.17,true,1,
7290018708125,false,חלבה בארכה מסולסלת וניל 250 גר`,קבוצת אסם סחר שות. מוגבלת,,,יח`,2.50,100 גרם,false,1,16.30,6.52,false,1,
7290018770269,false,זית קלמטה עם שמן זית 215 גר`,אבאל יזמות בעמ,,,יח`,2.15,100 גרם,false,1,13.90,6.47,true,1,
7290018770283,false,זית סורי בטעם לימון 215 גר`,אבאל יזמות בעמ,,,יח`,2.15,100 גרם,false,1,13.90,6.47,true,1,
7290018777275,false,חטיף חלבון VEG PROTEIN עוגיות וניל 50 גר,אבאל יזמות בעמ,,,יח`,0.50,100 גרם,false,1,10.90,21.80,true,1,
7290018825020,false,תפוא לבן לאפייה דוד משה גורמה,תוצרת הנגב אגודה שיתופית חקלאי,,,"ק""ג",1,,true,1,5.90,5.90,false,1,
7290018878743,false,חמישיות שוקולד מריר (5*100  גר`)כרמית,כרמית תעשיות ממתקים בעמ,,,יח`,5,100 גרם,false,1,18.90,3.78,false,1,
7290018893456,false,עוגות אישיות צ`וקטה (30x10 גרם).,ש.שסטוביץ בעמ,,,יח`,3,100 גרם,false,1,13.90,4.63,false,1,
7290018893708,false,צ`וקטה עוגיות סנדביץ שוקו 250 גר`,ש.שסטוביץ בעמ,,,יח`,2.50,100 גרם,false,1,8.90,3.56,true,1,
7290018893753,false,עלי וופל חמאה בטעם לימון 100 גר` צוקטה,ש.שסטוביץ בעמ,,,יח`,1,100 גרם,false,1,10.90,10.90,true,1,
7290018893876,false,צ`וקטה עוגות אישיות וניל 200 גרם,ש.שסטוביץ בעמ,,,יח`,2,100 גרם,false,1,13.90,6.95,true,1,
7290018893906,false,צ`וקטה עוגיות סנדביץ וניל 250 גר`,ש.שסטוביץ בעמ,,,יח`,2.50,100 גרם,false,1,8.90,3.56,true,1,
7290018894590,false,צ`וקטה מארז סביבון 225 גר`,ש.שסטוביץ בעמ,,,יח`,2.25,100 גרם,false,1,15.90,7.07,false,1,
7290018894606,false,בלקוני וופל קקאו 175 גר`,ש.שסטוביץ בעמ,,,יח`,1.75,100 גרם,false,1,9.50,5.43,true,1,
7290018925065,false,מיץ תפוזים סחוט פרימור (2 ליטר),שטראוס גרופ בעמ/מצונן,,,יח`,2,1 ליטר,false,1,27.90,13.80,false,1,
7290018925416,false,משקה לימון פסיפלורה 400 מל פרימור,שטראוס גרופ בעמ/מצונן,,,יח`,4,"100 מ""ל",false,1,7.90,1.90,false,1,
7290019056027,false,משקה מוגז פירות שוופס (1.5 ליטר) תפוחי,יפאורה,,,יח`,1.50,1 ליטר,false,1,9.50,6.13,true,1,
7290019056058,false,שוופס מוגז עדין( 1.5 ליטר) תפוח ליים,יפאורה,,,יח`,1.50,1 ליטר,false,1,9.50,6.13,true,1,
7290019056065,false,שוופס מוגז עדין( 1.5 ליטר) פירות יער,יפאורה,,,יח`,1.50,1 ליטר,false,1,9.50,6.13,true,1,
7290019056089,false,שוופס מוגז עדין( 1.5 ליטר) ענבי ריזלינג,יפאורה,,,יח`,1.50,1 ליטר,false,1,9.50,6.13,true,1,
7290019056096,false,שוופס מוגז עדין( 1.5 ליטר) אפרסק,יפאורה,,,יח`,1.50,1 ליטר,false,1,9.50,6.13,true,1,
7290019056164,false,מי סודה (1.5x4  ליטר)שוופס,יפאורה,,,יח`,6,1 ליטר,false,1,12.20,1.83,false,1,
7290019056249,false,שוופס מים 1.5 ליטר בטעם ענבים,יפאורה,,,יח`,1.50,1 ליטר,false,1,9.50,6.13,true,1,
7290019056256,false,שוופס מים 1.5 ליטר בטעם תפוחים,יפאורה,,,יח`,1.50,1 ליטר,false,1,9.50,6.13,true,1,
7290019056263,false,שוופס מים 1.5 ליטר בטעם אפרסק,יפאורה,,,יח`,1.50,1 ליטר,false,1,9.50,6.13,true,1,
7290019056317,false,משקה שוופס (1.5  ליטר)ראשן,יפאורה,,,יח`,15,"100 מ""ל",false,1,12.90,0.84,false,1,
7290019056324,false,שוופס (1.5  ליטר)מי טוניק,יפאורה,,,יח`,1.50,1 ליטר,false,1,12.90,8.40,false,1,
7290019056331,false,שוופס מי טוניק (1.5  ליטר)ללס,יפאורה,,,יח`,0.0150,"100 מ""ל",false,1,12.90,840,false,1,
7290019056362,false,משקה קל תפוזינה 1.5 ליטר ענבים,יפאורה,,,יח`,1.50,1 ליטר,false,1,9.50,6.13,true,1,
7290019056379,false,משקה קל תפוזינה 1.5 ליטר תפוזים,יפאורה,,,יח`,1.50,1 ליטר,false,1,9.50,6.13,true,1,
7290019056409,false,משקה קל תפוזינה 1.5 ליטר מנגו,יפאורה,,,יח`,1.50,1 ליטר,false,1,9.50,6.13,true,1,
7290019056416,false,משקה תפוזינה 1.5 ליטר לימונדה ורודה,יפאורה,,,יח`,1.50,1 ליטר,false,1,9.50,6.13,true,1,
7290019056478,false,ספרינג תה 1.5 ליטר בטעם אפרסק,יפאורה,,,יח`,1.50,1 ליטר,false,1,9.50,6.13,true,1,
7290019056485,false,ספרינג תה ירוק 1.5 ליטר בטעם לימון לואיז,יפאורה,,,יח`,1.50,1 ליטר,false,1,9.50,6.13,true,1,
7290019056492,false,ספרינג תה 1.5 ליטר בטעם מנגו אפרסק,יפאורה,,,יח`,1.50,1 ליטר,false,1,9.50,6.13,true,1,
7290019056515,false,פרוט ווטר 1.5 ליטר בטעם אננס,יפאורה,,,יח`,1.50,1 ליטר,false,1,9.50,6.13,true,1,
7290019056553,false,מים מינרלים עין גדי (2x6 ליטר),יפאורה,,,יח`,1.20,1 ליטר,false,1,13.70,9.92,false,1,
7290019056560,false,מים עין גדי בודד 2 ליטר,יפאורה,,,יח`,2,1 ליטר,false,1,3.30,1.65,false,1,
7290019056577,false,משקה קל ספרינג 1.5 ליטר מנגו,יפאורה,,,יח`,1.50,1 ליטר,false,1,9.50,6.13,true,1,
7290019056584,false,משקה קל ספרינג 1.5 ליטר תפוזים,יפאורה,,,יח`,1.50,1 ליטר,false,1,9.50,6.13,true,1,
7290019056621,false,משקה קל ספרינג 1.5 ליטר פירות טרופיים,יפאורה,,,יח`,1.50,1 ליטר,false,1,9.50,6.13,true,1,
7290019056676,false,משקה קל ספרינג 1.5 ליטר אשכוליות אננס די,יפאורה,,,יח`,1.50,1 ליטר,false,1,9.50,6.13,true,1,
7290019056966,false,מי עדן בקבוק פיקדון 1.5 ליטר,יפאורה,,,יח`,15,"100 מ""ל",false,1,4.20,0.26,false,1,
7290019056973,false,מים מינרלים (1.5x6  ליטר)מי עדן,יפאורה,,,יח`,9,1 ליטר,false,1,13.90,1.34,false,1,
7290019094104,false,כרובית,רביבים עלי דשא בעמ,,,"ק""ג",1,,true,1,24.90,24.90,false,1,
7290019167020,false,עוגת גבינה עם פירורים 82 גרם עדן קינוחים,תנובה - חלב,,,יח`,0.82,100 גרם,false,1,7.20,8.78,false,1,
7290019297161,false,טורטיה ראפ מקמח תירס 450 גר` (12 יח),דין שיווק וקליה 2021 בעמ,,,יח`,4.50,100 גרם,false,1,10.90,2.42,true,1,
7290019297246,false,שזיפים מיובשים ששון הקולה (330 גרם),דין שיווק וקליה 2021 בעמ,,,יח`,3.30,100 גרם,false,1,19.90,6.03,false,1,
7290019393085,false,האופה פתיתים בצורת קוסקוס מחיטת דורום 40,אבאל יזמות בעמ,,,יח`,4,100 גרם,false,1,5.90,1.48,true,1,
7290019462095,false,סלרי חתוך קוביות מרינה,קונס`-מרינה פטריות הגליל בעמ*ש,,,יח`,1,,false,1,11.90,11.90,false,1,
7290019462125,false,עלי תרד גוליבר,קונס`-מרינה פטריות הגליל בעמ*ש,,,יח`,1,,false,1,11.90,11.90,false,1,
7290019462149,false,נבטים צוות לענין מרינה,קונס`-מרינה פטריות הגליל בעמ*ש,,,יח`,1,,false,1,10.90,10.90,false,1,
7290100240632,false,פתית 6 דגנים תלמה (250 גרם),יוניליוור ישראל שיווק בעמ,,,יח`,2.50,100 גרם,false,1,19.30,7.72,true,1,
7290100680711,false,פירורית זהב אסם (350 גרם),קבוצת אסם סחר שות. מוגבלת,,,יח`,3.50,100 גרם,false,1,10.10,2.89,false,1,
7290100681138,false,אפרופו מארז שלישיה,קבוצת אסם סחר שות. מוגבלת,,,יח`,1.50,100 גרם,false,1,14.50,9.67,true,1,
7290100685136,false,אבקת מרק בטעם עוף אסם (1 קג),קבוצת אסם סחר שות. מוגבלת,,,יח`,1,"ק""ג",false,1,15.90,15.90,true,1,
7290100685341,false,אבקת מרק רכיבים 400 גר`,קבוצת אסם סחר שות. מוגבלת,,,יח`,4,100 גרם,false,1,18.30,4.58,true,1,
7290100687109,false,במבה במילוי נוגט אסם (60 גרם),קבוצת אסם סחר שות. מוגבלת,,,יח`,0.60,100 גרם,false,1,4.40,7.33,true,1,
7290100689301,false,מרק בטעם עוף זך אסם (400 גרם),קבוצת אסם סחר שות. מוגבלת,,,יח`,4,100 גרם,false,1,17.30,4.33,true,1,
7290100700020,false,גריסי פנינה סוגת (500 גרם),סוגת תעשיות בעמ,,,יח`,2,100 גרם,false,1,7.50,3.75,true,1,
7290100700242,false,אורז מלא עגול סוגת (1 קג),סוגת תעשיות בעמ,,,יח`,10,100 גרם,false,1,10.90,1.09,false,1,
7290100700372,false,אורז בסמטי מלא סוגת (1 קג),סוגת תעשיות בעמ,,,יח`,1,"ק""ג",false,1,14.90,14.90,false,1,
7290100700396,false,אורז יסמין סוגת (1 קג),סוגת תעשיות בעמ,,,יח`,1,"ק""ג",false,1,13.50,13.50,true,1,
7290100700587,false,בורגול סוגת (500 גרם),סוגת תעשיות בעמ,,,יח`,5,100 גרם,false,1,6.50,1.30,true,1,
7290100703007,false,עדשים שחורות בלוגה סוגת (500 גרם),סוגת תעשיות בעמ,,,יח`,5,100 גרם,false,1,8.90,1.78,true,1,
7290100704660,false,קינואה מיקס 500 גר`,סוגת תעשיות בעמ,,,יח`,5,100 גרם,false,1,16.90,3.38,true,1,
7290100850909,false,חטיף תירס נאצ`ו מקסיקני דוריטוס (70 גרם),שטראוס פריטו ליי בעמ,,,יח`,0.70,100 גרם,false,1,4,5.71,true,1,
7290100850916,false,חטיף תירס חמוץ חריף דוריטוס (70 גרם),שטראוס פריטו ליי בעמ,,,יח`,0.70,100 גרם,false,1,4,5.71,true,1,
7290100850923,false,חטיף תירס גריל דוריטוס (70 גרם),שטראוס פריטו ליי בעמ,,,יח`,0.70,100 גרם,false,1,4,5.71,true,1,
7290100850930,false,חטיף תירס בטעם טבעי דוריטוס (70 גרם),שטראוס פריטו ליי בעמ,,,יח`,0.70,100 גרם,false,1,4,5.71,true,1,
7290100858592,false,אבקת קקאו עלית (150 גרם),שטראוס גרופ בעמ,,,יח`,1.50,100 גרם,false,1,9.90,6.60,false,1,
7290100924464,false,כדוריות שלישייה אקנומיקה,גורי שיווק בעמ,,,יח`,1,,false,1,17.90,17.90,true,1,
7290101113379,false,מאגדת יופלה יוגורט וסורבה תות חמישייה,פלקו בעמ,,,יח`,1,,false,1,20.90,20.90,true,1,
7290101113393,false,מאגדת יופלה יוגורט ופירות יער חמישייה,פלקו בעמ,,,יח`,1,,false,1,20.90,20.90,true,1,
7290101551539,false,דנונה פרו 20  גר`אפרסק,שטראוס גרופ בעמ/מצונן,,,יח`,2,100 גרם,false,1,6.10,3.05,false,1,
7290101551577,false,קוואקר שיבולת שועל פחית 500  גר`זוג,שטראוס פריטו ליי בעמ,,,יח`,0.01,100 גרם,false,1,24.90,2490,true,1,
7290101551584,false,חטיף צ`יפס קידס תפוצ`יפס) (10*20,שטראוס פריטו ליי בעמ,,,יח`,2,100 גרם,false,1,13.90,6.95,false,1,
7290101551638,false,מארז צ`יטוס כאפה עשירייה עלית,שטראוס פריטו ליי בעמ,,,יח`,2,100 גרם,false,1,13.90,6.95,true,1,
7290101863410,false,סיליט באנג אקונומיקה 750 מל,רקיט בנקיזר (ניר איסט) בעמ,,,יח`,7.50,"100 מ""ל",false,1,13.90,1.85,false,1,
7290101864127,false,ספריי להסרת כתמים וניש קליה (750 מל),רקיט בנקיזר (ניר איסט) בעמ,,,יח`,7.50,"100 מ""ל",false,1,20.90,2.79,true,1,
7290101866633,false,ג`ל להסרת כתמים וניש קליה (3 ליטר),רקיט בנקיזר (ניר איסט) בעמ,,,יח`,3,1 ליטר,false,1,30.90,10.30,true,1,
7290101868958,false,פיניש נוזל הברקה 800 מל לימון,רקיט בנקיזר (ניר איסט) בעמ,,,יח`,8,"100 מ""ל",false,1,20.90,2.61,false,1,
7290101869979,false,מקלות ריחניים אואזיס איירוויק,רקיט בנקיזר (ניר איסט) בעמ,,,יח`,1,,false,1,15.90,15.90,true,1,
7290101999584,false,נרות ג`מבו  כוכבים- הלו קיטי,שמחה זה אנחנו בעמ,,,יח`,1,,false,1,6.90,6.90,false,1,
7290102030330,false,תפוצ`יפס 200  גר` קראנץ`מקסיקני,שטראוס פריטו ליי בעמ,,,יח`,2,100 גרם,false,1,11.50,5.75,true,1,
7290102031276,false,שמיניית אקטימל תות בננה,שטראוס גרופ בעמ/מצונן,,,יח`,8,"100 מ""ל",false,1,20.90,2.61,false,1,
7290102032334,false,קפה נמס וניל עלית (200 גרם),שטראוס גרופ בעמ,,,יח`,2,100 גרם,false,1,21.90,10.95,false,1,
7290102390427,false,יוגורט ביו פרופ 3% תות מולר (150 גרם),החב` המרכזית - טרה,,,יח`,1.50,"100 מ""ל",false,1,5.30,3.53,false,1,
7290102390465,false,מולר מעדן אפרסק 150 מל,החב` המרכזית - טרה,,,יח`,1.50,"100 מ""ל",false,1,5.30,3.53,false,1,
7290102391844,false,מולר יוגורט פרי פרופ יער 150 מל,החב` המרכזית - טרה,,,יח`,1.50,"100 מ""ל",false,1,5.30,3.53,false,1,
7290102392094,false,חלב עיזים מלא 4.1% משק צוריאל (1 ליטר),החב` המרכזית - טרה,,,יח`,1,1 ליטר,false,1,17.40,17.40,false,1,
7290102393039,false,מולר מיקס יוגורט קרמי,החב` המרכזית - טרה,,,יח`,1.70,100 גרם,false,1,6.20,3.65,false,1,
7290102393169,false,מולר סימפלי פרויט תות שדה,החב` המרכזית - טרה,,,יח`,1.50,100 גרם,false,1,5.30,3.53,true,1,
7290102393190,false,מולר סימפלי פרויט פירות היער,החב` המרכזית - טרה,,,יח`,1.50,100 גרם,false,1,5.30,3.53,true,1,
7290102393268,false,גבינה לבנה 5% 750  גר`פיקוח,החב` המרכזית - טרה,,,יח`,7.50,100 גרם,false,1,14.94,1.99,false,1,
7290102393299,false,יוגורט עיזים 500  גר`לשתיה,החב` המרכזית - טרה,,,יח`,5,100 גרם,false,1,13.40,2.68,false,1,
7290102394081,false,מולר מיקס קרמי בתוספת קורנפלקס,החב` המרכזית - טרה,,,יח`,1.50,"100 מ""ל",false,1,6.20,4.13,false,1,
7290102394258,false,מה עז 180  גר`9%,החב` המרכזית - טרה,,,יח`,1.80,100 גרם,false,1,23.70,13.17,false,1,
7290102394463,false,גבינה צהובה ואקום 28%,החב` המרכזית - טרה,,,יח`,5,100 גרם,false,1,29.40,5.88,false,1,
7290102394821,false,גבינה צהובה 200  גר`דק דק 28% אדם נעם,החב` המרכזית - טרה,,,יח`,2,100 גרם,false,1,17.40,8.70,false,1,
7290102394845,false,גבינה צהובה 200  גר`דק דק 9% נעם,החב` המרכזית - טרה,,,יח`,2,100 גרם,false,1,17.80,8.90,false,1,
7290102395224,false,יוגורט ביו נטורל 1.7% מולר (150x8 גרם),החב` המרכזית - טרה,,,יח`,12,100 גרם,false,1,18.80,1.57,false,1,
7290102395231,false,יוגורט ביו נטורל 2.8% מולר (150x8 גרם),החב` המרכזית - טרה,,,יח`,1,,false,1,18.80,18.80,false,1,
7290102396436,false,מעדן בטעם שוקולד 1.5% שומן מוו (125 גרם),החב` המרכזית - טרה,,,יח`,1.25,100 גרם,false,1,2.90,2.32,true,1,
7290102396443,false,מעדן בטעם וניל 1.5% שומן מוו (125 גרם),החב` המרכזית - טרה,,,יח`,1.25,100 גרם,false,1,2.90,2.32,true,1,
7290102396580,false,מעדן מוו שוקולד ומוס שוקולד,החב` המרכזית - טרה,,,יח`,1.23,100 גרם,false,1,3,2.44,false,1,
7290102396665,false,גבינה צהובה דקה דקה 15% נעם (200 גרם),החב` המרכזית - טרה,,,יח`,2,100 גרם,false,1,17.80,8.90,false,1,
7290102396672,false,גבינה צהובה נעם דק דק 9% פתח סגור 360 ג,החב` המרכזית - טרה,,,יח`,3.60,100 גרם,false,1,27.20,7.56,false,1,
7290102397204,false,גבינה צהובה נעם דק דק פתח סגור 200 גר,החב` המרכזית - טרה,,,יח`,2,100 גרם,false,1,17.80,8.90,false,1,
7290102397310,false,מאגדת שמינייה מיני מוו שוקולד קצפת,החב` המרכזית - טרה,,,יח`,1,,false,1,13.20,13.20,false,1,
7290102397464,false,מולר  נטורל+פקאן גרעינים וחמוציות 150,החב` המרכזית - טרה,,,יח`,1.50,100 גרם,false,1,6.20,4.13,false,1,
7290102397617,false,מולר מיקס קליק 170 גרם,החב` המרכזית - טרה,,,יח`,1.70,100 גרם,false,1,6.20,3.65,false,1,
7290102397679,false,קוטג`וחצי 5% 375 גר,החב` המרכזית - טרה,,,יח`,3.75,100 גרם,false,1,8.30,2.21,false,1,
7290102397730,false,גבינה צהובה אמנטל 30% נעם (200 גרם),החב` המרכזית - טרה,,,יח`,2,100 גרם,false,1,17.80,8.90,false,1,
7290102397747,false,מוצרלה נעם פתיחה חוזרת 200 גר`,החב` המרכזית - טרה,,,יח`,2,100 גרם,false,1,19.90,9.95,false,1,
7290102398331,false,חלב מועשר דל לקטוז 1 ליטר טרה,החב` המרכזית - טרה,,,יח`,1,1 ליטר,false,1,7.50,7.50,false,1,
7290102398560,false,משקה שוקו מועשר בבקבוק 1 ליטר טרה,החב` המרכזית - טרה,,,יח`,1,1 ליטר,false,1,12.10,12.10,false,1,
7290102398577,false,שוקו מעושר בבקבוק 250 מל טרה,החב` המרכזית - טרה,,,יח`,2.50,"100 מ""ל",false,1,5.20,2.08,false,1,
7290102398669,false,משקה חלב אייס קפוצינו 1 ליטר טרה,החב` המרכזית - טרה,,,יח`,1,1 ליטר,false,1,12.10,12.10,false,1,
7290102398782,false,משקה סויה קלאסי 1 ליטר משק צוריאל,החב` המרכזית - טרה,,,יח`,1,1 ליטר,false,1,10.90,10.90,false,1,
7290102398836,false,משקה שקדים קלאסי 1 ליטר משק צוריאל,החב` המרכזית - טרה,,,יח`,10,"100 מ""ל",false,1,12.90,1.29,false,1,
7290102399048,false,קשקבל נעם פתיחה חוזרת 200 גר`,החב` המרכזית - טרה,,,יח`,2,100 גרם,false,1,23,11.50,false,1,
7290102399772,false,ממרח חמאה מולר במליחות עדינה 250 גר`,החב` המרכזית - טרה,,,יח`,2.50,100 גרם,false,1,17.80,7.12,false,1,
7290102399796,false,יוגורט מולר אקטיב לבן חלבון 25 גר,החב` המרכזית - טרה,,,יח`,2,100 גרם,false,1,6.20,3.10,true,1,
7290102399802,false,יוגורט מולר אקטיב תות חלבון 20גר,החב` המרכזית - טרה,,,יח`,2,100 גרם,false,1,6.20,3.10,true,1,
7290102399819,false,יוגורט מולר אקטיב פירות יער חלבון 20גר,החב` המרכזית - טרה,,,יח`,2,100 גרם,false,1,6.20,3.10,true,1,
7290103126797,false,קולגייט סנסיטיב פרו ריליף 75 מל,ש.שסטוביץ בעמ,,,יח`,1.10,100 גרם,false,1,19.90,18.09,false,1,
7290103150969,false,מפות שולחן עבה במיוחד 135/240 לפיד) (8,פאלאס תעשיות נטו (2014) בעמ,,,יח`,1,,false,1,12.20,12.20,true,1,
7290103153656,false,מפה 45 מטר סופר עבה פאלאס,פאלאס תעשיות נטו (2014) בעמ,,,יח`,1,,false,1,36.70,36.70,false,1,
7290103400194,false,כרוב לבן 400 ג בדצ ירקות שטראוס טעם הטבע,שטראוס גרופ בעמ/מצונן,,,יח`,4,100 גרם,false,1,9,2.25,false,1,
7290103400255,false,סלט קולסלאו 400 ג בדצ ירקות שטראוס טעם ה,שטראוס גרופ בעמ/מצונן,,,יח`,4,100 גרם,false,1,9,2.25,false,1,
7290103401429,false,קפה PLATINUM ברזילאי 200 גר,שטראוס גרופ בעמ,,,יח`,2,100 גרם,false,1,24.90,12.45,true,1,
7290103404758,false,כרוב אדום במיונז אחלה (120 גרם),שטראוס גרופ בעמ/מצונן,,,יח`,1.20,100 גרם,false,1,5.10,4.25,false,1,
7290103408206,false,עלי חסה ערבית שטופים 250 גר טעם הטבע,שטראוס גרופ בעמ/מצונן,,,יח`,2.50,100 גרם,false,1,10.10,4.04,false,1,
7290103702663,false,מגבות מטבח לובלי שמנייה,שניב תעשיות נייר בעמ,,,יח`,1,,false,1,14.90,14.90,false,1,
7290103704155,false,מגבות  טאצ`6,שניב תעשיות נייר בעמ,,,יח`,1,,false,1,11.90,11.90,false,1,
7290103704162,false,נייר טואלט  טאצ`32 גלילים פרמיום,שניב תעשיות נייר בעמ,,,יח`,1,,false,1,28.90,28.90,false,1,
7290103704575,false,טואלט  טאצ`48 פרמיום,שניב תעשיות נייר בעמ,,,יח`,1,,false,1,38.90,38.90,false,1,
7290104061417,false,חומוס עם טחינה אחלה (400 גרם),שטראוס גרופ בעמ/מצונן,,,יח`,4,100 גרם,false,1,12.10,3.03,false,1,
7290104061431,false,חומוס עם צנובר אחלה (400 גרם),שטראוס גרופ בעמ/מצונן,,,יח`,4,100 גרם,false,1,12.10,3.03,false,1,
7290104061448,false,חומוס וחריף אחלה (400 גרם),שטראוס גרופ בעמ/מצונן,,,יח`,4,100 גרם,false,1,12.10,3.03,false,1,
7290104064012,false,שוקולד לבן 36ג To Good פסק זמן,שטראוס גרופ בעמ,,,יח`,0.36,100 גרם,false,1,5.40,15,false,1,
7290104065934,false,עלי רוקט שטראוס 150 גר`-טעם הטבע,שטראוס גרופ בעמ/מצונן,,,יח`,1.50,100 גרם,false,1,10.50,7,false,1,
7290104066566,false,טחינה משומשום מלא אחלה (500 גרם),שטראוס גרופ בעמ/מצונן,,,יח`,5,100 גרם,false,1,15.60,3.12,true,1,
7290104068539,false,מסטיק מאסט מלון ואבטיח ללס,שטראוס גרופ בעמ,,,יח`,0.28,100 גרם,false,1,5,17.86,false,1,
7290104068546,false,מאסט טעם קולה לימון ללס 28 ג,שטראוס גרופ בעמ,,,יח`,0.28,100 גרם,false,1,5,17.86,false,1,
7290104500572,false,אפרופו 50  גר`איטליאנו,קבוצת אסם סחר שות. מוגבלת,,,יח`,0.50,100 גרם,false,1,5.70,11.40,true,1,
7290104504228,false,דובונים חטיף תפוחי אדמה אסם (20x5 גרם),קבוצת אסם סחר שות. מוגבלת,,,יח`,1,100 גרם,false,1,15.20,15.20,true,1,
7290104508943,false,במבה אסם (200 גרם),קבוצת אסם סחר שות. מוגבלת,,,יח`,2,100 גרם,false,1,10.50,5.25,true,1,
7290104721762,false,קפה טורקי עלית (85x3 גרם),שטראוס גרופ בעמ,,,יח`,2.55,100 גרם,false,1,19.90,7.80,false,1,
7290104721953,false,לקט מסולסלים 350 גרם שטראוס טעם הטבע,שטראוס גרופ בעמ/מצונן,,,יח`,3.50,100 גרם,false,1,13.50,3.86,false,1,
7290104722530,false,תפוצ`יפס 200  גר`שמנת בצל,שטראוס פריטו ליי בעמ,,,יח`,2,100 גרם,false,1,11.50,5.75,true,1,
7290104726712,false,מילקי שמיניה,שטראוס גרופ בעמ/מצונן,,,יח`,8.68,"100 מ""ל",false,1,20.90,2.41,false,1,
7290104728310,false,שמנת עמידה לקצפת 38% שומן 250 מל,שטראוס גרופ בעמ/מצונן,,,יח`,2.50,"100 מ""ל",false,1,6.47,2.59,false,1,
7290104729003,false,שמן זית כתית מעולה יד מרדכי (750 מל),שטראוס גרופ בעמ,,,יח`,7.50,"100 מ""ל",false,1,34.90,4.65,true,1,
7290104960239,false,תחליב רחצה בניחוח קמומיל נקה  (7507 מל),החברה הדרומית לשיווק בעמ,,,יח`,7.50,"100 מ""ל",false,1,11.90,1.59,true,1,
7290104961878,false,שמפו קרטין טהור נטורל פורמולה (400 מל),החברה הדרומית לשיווק בעמ,,,יח`,4,"100 מ""ל",false,1,31.90,7.98,false,1,
7290104961885,false,מרכך קרטין נטורל פורמולה (400 מל),החברה הדרומית לשיווק בעמ,,,יח`,4,"100 מ""ל",false,1,31.90,7.98,false,1,
7290105100054,false,מטריה אוטומטי מתקפל,טומי - קונסיגנציה,,,יח`,1,,false,1,15.90,15.90,false,1,
7290105100108,false,מטריה 28 ארוכה,טומי - קונסיגנציה,,,יח`,1,,false,1,19.90,19.90,false,1,
7290105105905,false,נעלי בית חורפי,טומי - קונסיגנציה,,,יח`,1,,false,1,19.90,19.90,false,1,
7290105107534,false,מטריה רב צלעות,טומי - קונסיגנציה,,,יח`,1,,false,1,29.90,29.90,false,1,
7290105108272,false,מטריה מיני אוטו עמיד ברוח,טומי - קונסיגנציה,,,יח`,1,,false,1,29.90,29.90,false,1,
7290105360250,false,קפסולות קפה עלית עשיר וארומטי)(10,שטראוס גרופ בעמ,,,יח`,1,,false,1,18.50,18.50,true,1,
7290105360328,false,קפסולות 10 חזק ועוצמתי עלית) (10,שטראוס גרופ בעמ,,,יח`,0.50,100 גרם,false,1,18.50,37,true,1,
7290105360335,false,קפסולות 7 עדין וקטיפתי עלית) (10,שטראוס גרופ בעמ,,,יח`,0.50,100 גרם,false,1,18.50,37,true,1,
7290105362339,false,שמנת לבישול 15% יטבתה (250 מל),שטראוס גרופ בעמ/מצונן,,,יח`,2.50,"100 מ""ל",false,1,8.60,3.44,true,1,
7290105363602,false,מקלות כיף כף קלאסי עלית (40 גרם),שטראוס גרופ בעמ,,,יח`,0.40,100 גרם,false,1,5.70,14.25,true,1,
7290105364289,false,כיף כף מקלות פצפוצים,שטראוס גרופ בעמ,,,יח`,0.40,100 גרם,false,1,5.70,14.25,true,1,
7290105364302,false,מקלות כיף כף אגוזים עלית (42 גרם),שטראוס גרופ בעמ,,,יח`,0.42,100 גרם,false,1,5.70,13.57,true,1,
7290105364784,false,חטיף פרה  קראנצ`שוקולד לבן ביסקוויט,שטראוס גרופ בעמ,,,יח`,1,100 גרם,false,1,6.90,6.90,false,1,
7290105366023,false,חצילים בטעם כבד אחלה (400 גרם),שטראוס גרופ בעמ/מצונן,,,יח`,4,100 גרם,false,1,16.20,4.05,true,1,
7290105366047,false,טחינה לבנה אחלה (400 גרם),שטראוס גרופ בעמ/מצונן,,,יח`,4,100 גרם,false,1,16.20,4.05,true,1,
7290105368904,false,שמנת עמידה לקצפת 32% שומן,שטראוס גרופ בעמ/מצונן,,,יח`,2.50,"100 מ""ל",false,1,7.70,3.08,false,1,
7290105369130,false,סימפוניה 200 גר בצל ירוק 5%,שטראוס גרופ בעמ/מצונן,,,יח`,2,100 גרם,false,1,12.20,6.10,false,1,
7290105439499,false,מיונז הולנדי מאסטר שף (483 גר`),ש.שסטוביץ בעמ,,,יח`,4.83,100 גרם,false,1,12.50,2.59,false,1,
7290105439505,false,מיונז לייט 479 גר מנה מאסטר שף,ש.שסטוביץ בעמ,,,יח`,4.79,100 גרם,false,1,12.90,2.69,false,1,
7290105439581,false,חרדל דיז`ון צרפתי מאסטר שף (370 גרם),ש.שסטוביץ בעמ,,,יח`,3.70,100 גרם,false,1,12.90,3.49,false,1,
7290105691224,false,חטיף טורטיה שום ובצל אסם (60 גרם),קבוצת אסם סחר שות. מוגבלת,,,יח`,0.60,100 גרם,false,1,9,15,true,1,
7290105691248,false,חטיף טורטיה תירס אסם (60 גרם),קבוצת אסם סחר שות. מוגבלת,,,יח`,0.60,100 גרם,false,1,9,15,true,1,
7290105691934,false,קמח שמרים אסם (1 קג),קבוצת אסם סחר שות. מוגבלת,,,יח`,1,"ק""ג",false,1,12.20,12.20,false,1,
7290105693341,false,במבה אסם (25x10 גרם),קבוצת אסם סחר שות. מוגבלת,,,יח`,2.50,100 גרם,false,1,17.30,6.92,true,1,
7290105694614,false,ספגטי מהיר הכנה אסם (500 גרם),קבוצת אסם סחר שות. מוגבלת,,,יח`,5,100 גרם,false,1,6.10,1.22,true,1,
7290105695024,false,פתיתים אפויים 500  גר`אורז עם אטריות אסם,קבוצת אסם סחר שות. מוגבלת,,,יח`,1,,false,1,7.70,7.70,true,1,
7290105695321,false,עוגת בראוניז פאדג`,קבוצת אסם סחר שות. מוגבלת,,,יח`,4,100 גרם,false,1,19.60,4.90,false,1,
7290105695536,false,אבקת מרק ירקות שורש 220 גר,קבוצת אסם סחר שות. מוגבלת,,,יח`,2.20,100 גרם,false,1,18.60,8.45,false,1,
7290105963864,false,חזרת 220  גר`שטראוס,שטראוס גרופ בעמ/מצונן,,,יח`,2.20,100 גרם,false,1,13.10,5.95,false,1,
7290105964564,false,חומוס אחלה (400 גרם),שטראוס גרופ בעמ/מצונן,,,יח`,4,100 גרם,false,1,9.10,2.28,false,1,
7290105965738,false,דנונה לשתיה תות בננה,שטראוס גרופ בעמ/מצונן,,,יח`,2.63,"100 מ""ל",false,1,5.20,1.98,false,1,
7290105966469,false,חומץ בלסמי ממודנה יד מרדכי (250 מל),שטראוס גרופ בעמ,,,יח`,2.50,100 גרם,false,1,13.90,5.56,false,1,
7290105968098,false,סלט קולסלאו אחלה (500 גרם),שטראוס גרופ בעמ/מצונן,,,יח`,5,100 גרם,false,1,16.80,3.36,true,1,
7290105968654,false,רביולי עם בטטה פרווה שטראוס (400 גרם),שטראוס גרופ בעמ/מצונן,,,יח`,4,100 גרם,false,1,21.70,5.43,true,1,
7290105968777,false,אנרג`י פריכיות תחתית שוקולד מריר,שטראוס גרופ בעמ,,,יח`,0.80,100 גרם,false,1,9.40,11.75,false,1,
7290106520066,false,רבע  לשבע- רגיל,שטראוס גרופ בעמ,,,יח`,1.60,100 גרם,false,1,14.20,8.88,false,1,
7290106520288,false,דנונה WOW תות 150 גר`,שטראוס גרופ בעמ/מצונן,,,יח`,1.50,100 גרם,false,1,4.60,3.07,true,1,
7290106520905,false,סלט טורקי אחלה (400 גרם),שטראוס גרופ בעמ/מצונן,,,יח`,4,100 גרם,false,1,17.20,4.30,true,1,
7290106520912,false,שמנת לבישול 9% יטבתה (250 מל),שטראוס גרופ בעמ/מצונן,,,יח`,2.58,"100 מ""ל",false,1,8.60,3.33,true,1,
7290106525399,false,קפסולות קפה עליתברזיל)(10,שטראוס גרופ בעמ,,,יח`,0.50,100 גרם,false,1,18.50,37,true,1,
7290106526822,false,אנרג`י פריכיות תחתית שוקולד,שטראוס גרופ בעמ,,,יח`,0.70,100 גרם,false,1,9.40,13.43,false,1,
7290106528949,false,סלט ערוגות שטראוס 450 גר`-טעם הטבע,שטראוס גרופ בעמ/מצונן,,,יח`,4.50,100 גרם,false,1,11.80,2.62,false,1,
7290106572027,false,קרקר לחמית חמישה דגנים אסם (190 גרם),קבוצת אסם סחר שות. מוגבלת,,,יח`,1.90,100 גרם,false,1,10,5.26,true,1,
7290106572065,false,חטיפי טורטיה בטעם חמוץ מתוק אסם (60 גרם),קבוצת אסם סחר שות. מוגבלת,,,יח`,0.60,100 גרם,false,1,9,15,true,1,
7290106572997,false,קמח שמרים לפיצה ופוקצ`ה אסם 1 קג`,קבוצת אסם סחר שות. מוגבלת,,,יח`,1,"ק""ג",false,1,12.20,12.20,false,1,
7290106573598,false,חומוס לבנוני צבר (400 גרם),קבוצת אסם סחר שות. מוגבלת,,,יח`,4,100 גרם,false,1,13.30,3.33,false,1,
7290106574953,false,בייגלה שטוחים עם שומשום,קבוצת אסם סחר שות. מוגבלת,,,יח`,3,100 גרם,false,1,10.10,3.37,true,1,
7290106574977,false,בייגלה שטוחים טבעות עם מלח אסם (300 גרם),קבוצת אסם סחר שות. מוגבלת,,,יח`,3,100 גרם,false,1,10.10,3.37,true,1,
7290106575431,false,עוגת הבית סופלה טעם שוקו וניל,קבוצת אסם סחר שות. מוגבלת,,,יח`,3.40,100 גרם,false,1,12.50,3.68,false,1,
7290106576513,false,חומוס צבר (400 גרם),קבוצת אסם סחר שות. מוגבלת,,,יח`,5,100 גרם,false,1,12.20,2.44,false,1,
7290106576537,false,חומוס מסעדה צבר (700 גרם),קבוצת אסם סחר שות. מוגבלת,,,יח`,7,100 גרם,false,1,10.90,1.56,false,1,
7290106577541,false,סלט כרוב אדום צבר (400 גרם),קבוצת אסם סחר שות. מוגבלת,,,יח`,4,100 גרם,false,1,11.80,2.95,false,1,
7290106577572,false,צבר מרובע סלט מטבוחה 400 גר`,קבוצת אסם סחר שות. מוגבלת,,,יח`,4,100 גרם,false,1,13.20,3.30,false,1,
7290106578241,false,דובונים חטיף תפוחי אדמה אסם (100 גרם),קבוצת אסם סחר שות. מוגבלת,,,יח`,1,100 גרם,false,1,11.20,11.20,false,1,
7290106578692,false,במבה ביסלי מיקס 80 גר`,קבוצת אסם סחר שות. מוגבלת,,,יח`,0.80,100 גרם,false,1,4.40,5.50,true,1,
7290106653689,false,לקט לסלט אסייתי 350 גר`-טעם הטבע,שטראוס גרופ בעמ/מצונן,,,יח`,3.50,100 גרם,false,1,11.20,3.20,false,1,
7290106654099,false,מארז מילקי CAKE שמיניה,שטראוס גרופ בעמ/מצונן,,,יח`,2.72,100 גרם,false,1,20.30,7.46,false,1,
7290106662025,false,תפוציפס טבעי מלח  פלפל( 50 גר`),שטראוס פריטו ליי בעמ,,,יח`,0.50,100 גרם,false,1,4,8,false,1,
7290106663091,false,לאבנה 9% שטראוס (500 גרם),שטראוס גרופ בעמ/מצונן,,,יח`,5,100 גרם,false,1,18.30,3.66,false,1,
7290106663121,false,עוגה אישית מילקי  -CAKE בודד,שטראוס גרופ בעמ/מצונן,,,יח`,1,,false,1,3,3,false,1,
7290106664067,false,לאבנה שמן זית וזעתר %10שומן,שטראוס גרופ בעמ/מצונן,,,יח`,4,100 גרם,false,1,15.50,3.88,false,1,
7290106664555,false,רוטב שמנת עם עגבניות 9% יטבתה (250 מל),שטראוס גרופ בעמ/מצונן,,,יח`,2.50,"100 מ""ל",false,1,10.10,4.04,true,1,
7290106664562,false,רוטב שמנת עם פטריות 9% יטבתה (250 מל),שטראוס גרופ בעמ/מצונן,,,יח`,2.50,"100 מ""ל",false,1,10.10,4.04,true,1,
7290106668577,false,יד מרדכי מיץ לימון 250 מל,שטראוס גרופ בעמ,,,יח`,2.50,"100 מ""ל",false,1,7.90,3.16,true,1,
7290106669857,false,קפסולות קפה עלית בטעם וניל 50 גר,שטראוס גרופ בעמ,,,יח`,0.50,100 גרם,false,1,18.50,37,true,1,
7290106720626,false,חטיף תירס בטעם גבינה צ`יטוס (80 גרם),שטראוס פריטו ליי בעמ,,,יח`,0.80,100 גרם,false,1,5,6.25,false,1,
7290106721913,false,מאסט ללא סוכר צנצנת,שטראוס גרופ בעמ,,,יח`,0.66,100 גרם,false,1,11.50,17.42,true,1,
7290106721920,false,צנצנת ספירמינט צ`יקלט,שטראוס גרופ בעמ,,,יח`,0.66,100 גרם,false,1,11.50,17.42,true,1,
7290106723689,false,עלי תרד בייבי 200 גר`שטראוס טעם הטבע,שטראוס גרופ בעמ/מצונן,,,יח`,2,100 גרם,false,1,11.20,5.60,false,1,
7290106725867,false,סירופ מייפל טהור ללס יד מרדכי 189 גר,שטראוס גרופ בעמ,,,יח`,1.89,"100 מ""ל",false,1,31.60,16.72,true,1,
7290106726178,false,דנונה WOW פירות יער 150 גר`,שטראוס גרופ בעמ/מצונן,,,יח`,1.50,100 גרם,false,1,4.60,3.07,true,1,
7290106727984,false,כיף כף פצפצים עלית (135 גרם),שטראוס גרופ בעמ,,,יח`,1.35,100 גרם,false,1,10.90,8.07,false,1,
7290107280013,false,מגבוני בד לחים ליטופים) (72x5,החברה הדרומית לשיווק בעמ,,,יח`,1,,false,1,20.90,20.90,true,1,
7290107280099,false,מגבוני טואלט לחים סנו סופט) (48x3,החברה הדרומית לשיווק בעמ,,,יח`,1,,false,1,15.90,15.90,false,1,
7290107280570,false,מקסימה ג`ל כביסהבלי להפריד,החברה הדרומית לשיווק בעמ,,,יח`,3,1 ליטר,false,1,34.60,11.53,true,1,
7290107280723,false,נוזל לניקוי כלים לימון 700 מל,החברה הדרומית לשיווק בעמ,,,יח`,7,"100 מ""ל",false,1,8.90,1.27,true,1,
7290107280761,false,נוזל לניקוי כלים בניחוח לימון 1ליטר,החברה הדרומית לשיווק בעמ,,,יח`,1,1 ליטר,false,1,12.20,12.20,false,1,
7290107341356,false,כבל אייפון IMX,קונסיגנציה-איי.איקס.אם ישראל ב,,,יח`,1,,false,1,18.90,18.90,false,1,
7290107645591,false,מרק טעם עוף רכיבים טבעיים 400  גר`קנור,יוניליוור ישראל שיווק בעמ,,,יח`,4,100 גרם,false,1,18.30,4.58,true,1,
7290107647366,false,שלישיית סבון אסלה ל5 פעולות בניחוח ים ד,יוניליוור ישראל שיווק בעמ,,,יח`,0,100 גרם,false,1,15.90,15.90,true,1,
7290107647731,false,קוקומן חום לבן 20% פחות סוכר 375 גר`,יוניליוור ישראל שיווק בעמ,,,יח`,3.75,100 גרם,false,1,23.50,6.27,true,1,
7290107647816,false,ברנפלקס ללתס 500  גר`בדצ,יוניליוור ישראל שיווק בעמ,,,יח`,5,100 גרם,false,1,23.40,4.68,true,1,
7290107647854,false,שוגי 500 גר`,יוניליוור ישראל שיווק בעמ,,,יח`,5,100 גרם,false,1,20.30,4.06,true,1,
7290107649681,false,קורנטו פסק זמן,גלידות שטראוס בעמ,,,יח`,1,,false,1,6.60,6.60,true,1,
7290107649858,false,טילון מגנום לבן,גלידות שטראוס בעמ,,,יח`,1,,false,1,9.90,9.90,true,1,
7290107871297,false,פריכונים מיני עשבי תיבול אסם (25 גרם),קבוצת אסם סחר שות. מוגבלת,,,יח`,1,,false,1,4.90,4.90,false,1,
7290107871990,false,פסטה צינורות מהדרין אסם (500 גרם),קבוצת אסם סחר שות. מוגבלת,,,יח`,5,100 גרם,false,1,6.10,1.22,true,1,
7290107874502,false,ביסלי חטיף בטעם גריל אסם (55x4 גרם),קבוצת אסם סחר שות. מוגבלת,,,יח`,2.20,100 גרם,false,1,13.20,6,true,1,
7290107875004,false,פופקו חמאה ודבש מארז 12 יח,קבוצת אסם סחר שות. מוגבלת,,,יח`,1,,false,1,20.90,20.90,true,1,
7290107875271,false,ביסלי ברביקיו מארז 4יח*55גרם,קבוצת אסם סחר שות. מוגבלת,,,יח`,2.20,100 גרם,false,1,13.20,6,true,1,
7290107877619,false,במבה במילוי נוגט אסם (30x5 גרם),קבוצת אסם סחר שות. מוגבלת,,,יח`,1.50,100 גרם,false,1,16.30,10.87,true,1,
7290107879521,false,מאגדת לה פרוטה תות,נגה גלידות שותפות מוגבלת,,,יח`,3.50,100 גרם,false,1,28.50,8.14,false,1,
7290107930321,false,קונפיטורת דובדבן יד מרדכי (340 גרם),שטראוס גרופ בעמ,,,יח`,3.40,100 גרם,false,1,12.90,3.79,false,1,
7290107932080,false,חלב 3% מועשר בבקבוק יטבתה (1 ליטר),שטראוס גרופ בעמ/מצונן,,,יח`,10,"100 מ""ל",false,1,7.80,0.78,false,1,
7290107932134,false,חלב מועשר 1% בבקבוק יטבתה (1 ליטר),שטראוס גרופ בעמ/מצונן,,,יח`,10,"100 מ""ל",false,1,7.80,0.78,false,1,
7290107933155,false,לקט סלנובה 200 גר ירקות שטראוס טעם הטבע,שטראוס גרופ בעמ/מצונן,,,יח`,2,100 גרם,false,1,13.20,6.60,false,1,
7290107936309,false,דנונה יווני לבן 7%,שטראוס גרופ בעמ/מצונן,,,יח`,1.30,100 גרם,false,1,3.50,2.69,false,1,
7290107936460,false,מארז דנכול בטעם מעודן 8יח,שטראוס גרופ בעמ/מצונן,,,יח`,8,100 גרם,false,1,30.50,3.81,false,1,
7290107936958,false,עד חצות אצבעות 125  גר`עלית,שטראוס גרופ בעמ,,,יח`,1.25,100 גרם,false,1,12.20,9.76,false,1,
7290107937542,false,משקה אקטייביה תות 1.2%,שטראוס גרופ בעמ/מצונן,,,יח`,2.50,"100 מ""ל",false,1,4.90,1.96,false,1,
7290107937627,false,צנצנת קוביות ספירמינט גומי לעיסה 58גר,שטראוס גרופ בעמ,,,יח`,0.58,100 גרם,false,1,11.50,19.83,true,1,
7290107937634,false,צנצנת קוביות פפירמינט גומי לעיסה 58גר,שטראוס גרופ בעמ,,,יח`,0.58,100 גרם,false,1,11.50,19.83,true,1,
7290107937641,false,צנצנת קוביות בזוקה גומי לעיסה 58גר,שטראוס גרופ בעמ,,,יח`,0.58,100 גרם,false,1,11.50,19.83,true,1,
7290107937856,false,קפסולות קפה עלית 100% גואטמלה) (10,שטראוס גרופ בעמ,,,יח`,0.50,100 גרם,false,1,18.50,37,true,1,
7290107938396,false,אקטימל תות שמינייה בנים,שטראוס גרופ בעמ/מצונן,,,יח`,8.64,100 גרם,false,1,20.90,2.42,false,1,
7290107939027,false,גזר דק דק 250 גר שטראוס ירקות טעם הטבע,שטראוס גרופ בעמ/מצונן,,,יח`,2.50,100 גרם,false,1,7.90,3.16,false,1,
7290107941266,false,שעועית אדומה מבושלת 475 גר ירקות שטראוס,שטראוס גרופ בעמ/מצונן,,,יח`,4.75,100 גרם,false,1,14.90,3.14,false,1,
7290107941273,false,טעם הטבע חומוס מבושל שטראוס (475 גרם),שטראוס גרופ בעמ/מצונן,,,יח`,4.75,100 גרם,false,1,13.20,2.78,false,1,
7290107943192,false,שמנת חמוצה מהערבה 27% שומן יטבתה,שטראוס גרופ בעמ/מצונן,,,יח`,2,"100 מ""ל",false,1,4,2,false,1,
7290107943369,false,קוואקר שיבולת שועל ללא גולטן 511 גר`,שטראוס פריטו ליי בעמ,,,יח`,5.11,100 גרם,false,1,21.40,4.19,false,1,
7290107945165,false,קונפיטורת משמש 340 גר,שטראוס גרופ בעמ,,,יח`,3.40,100 גרם,false,1,12.90,3.79,false,1,
7290107950190,false,מעדן שטראוס דיאט שוקולד מריר,שטראוס גרופ בעמ/מצונן,,,יח`,1.30,100 גרם,false,1,3.30,2.54,false,1,
7290107951104,false,בפלות שוקולד 200  גר`עלית,שטראוס גרופ בעמ,,,יח`,2,100 גרם,false,1,4.90,2.45,false,1,
7290107951715,false,צנצנת קוביות ענבים 58 גר,שטראוס גרופ בעמ,,,יח`,0.58,100 גרם,false,1,11.50,19.83,true,1,
7290107954709,false,קונפיטורת פירות יער 340 גר יד מרדכי,שטראוס גרופ בעמ,,,יח`,3.40,100 גרם,false,1,12.90,3.79,false,1,
7290107954976,false,משקה יטבתה פרו קפה 350 מל,שטראוס גרופ בעמ/מצונן,,,יח`,3.50,"100 מ""ל",false,1,6.70,1.91,false,1,
7290107956642,false,תרסיס שמן זית 150 מל יד מרדכי,שטראוס גרופ בעמ,,,יח`,1.50,"100 מ""ל",false,1,19.50,13,false,1,
7290107956901,false,קפסולות אספרסו בטעם אגוזים עלית,שטראוס גרופ בעמ,,,יח`,0.50,100 גרם,false,1,18.50,37,true,1,
7290107956925,false,קפסולות קפה עלית אוגנדה 13 למכונות נספרו,שטראוס גרופ בעמ,,,יח`,0.50,100 גרם,false,1,18.50,37,true,1,
7290107957229,false,נטיפי שוקולד צ`יפס מריר 250  גר`עלית,שטראוס גרופ בעמ,,,יח`,2.50,100 גרם,false,1,13.20,5.28,false,1,
7290107957991,false,מילקי מיניייס cake,שטראוס גרופ בעמ/מצונן,,,יח`,1.44,100 גרם,false,1,13.90,9.65,false,1,
7290107958035,false,מארז 8 דנונה מתיקות מעודנת ללא סוכר וממת,שטראוס גרופ בעמ/מצונן,,,יח`,1.20,1 ליטר,false,1,18.90,15.75,false,1,
7290107974073,false,עלי טורטיה קמח לבן 320  גר`מנה מאסטר שף,ש.שסטוביץ בעמ,,,יח`,3.20,100 גרם,false,1,11.20,3.50,false,1,
7290107974080,false,עלי טורטיה קמח לבן 744  גר`מנה מאסטר שף,ש.שסטוביץ בעמ,,,יח`,7.44,100 גרם,false,1,16.90,2.27,false,1,
7290108079357,false,מארז בלונים על מקל לניפוח עצמי happy bir,שמחה זה אנחנו בעמ,,,יח`,1,,false,1,29.90,29.90,false,1,
7290108350128,false,סושי-שקיות אשפה חזקות במיוחד,החברה הדרומית לשיווק בעמ,,,יח`,1,,false,1,24.90,24.90,false,1,
7290108351507,false,מרכך כביסה מקסימה Soft Silk,החברה הדרומית לשיווק בעמ,,,יח`,4,1 ליטר,false,1,22.40,5.60,true,1,
7290108351514,false,מרכך כביסה מקסימה 4 ליטר Blue Dlosson,החברה הדרומית לשיווק בעמ,,,יח`,40,"100 מ""ל",false,1,22.40,0.56,true,1,
7290108351613,false,ריצפז פרש הום בניחות מלון חלומי 2 ליטר,החברה הדרומית לשיווק בעמ,,,יח`,2,1 ליטר,false,1,22.90,11.45,true,1,
7290108351804,false,סנו מקסימה סופר מרוכז (1 ליטר)- בריזה,החברה הדרומית לשיווק בעמ,,,יח`,1,1 ליטר,false,1,18.90,18.90,true,1,
7290108352054,false,צמד מברשות שיניים אורביטול +980חוט דנטאל,החברה הדרומית לשיווק בעמ,,,יח`,1,,false,1,20.90,20.90,true,1,
7290108352337,false,סנו פרש אוטומטיק הום מלון מפנק,החברה הדרומית לשיווק בעמ,,,יח`,2.50,"100 מ""ל",false,1,14.90,5.96,false,1,
7290108352450,false,ריצפז פרש הום בלו בוסום 2 ליטר,החברה הדרומית לשיווק בעמ,,,יח`,2,1 ליטר,false,1,22.90,11.45,true,1,
7290108352573,false,סנו מקסימה 4 ליטר CALM,החברה הדרומית לשיווק בעמ,,,יח`,4,1 ליטר,false,1,20.40,5.10,true,1,
7290108352641,false,מטלית הפלא לניקוי כללי במארז שליישיה סנו,החברה הדרומית לשיווק בעמ,,,יח`,1,,false,1,15.90,15.90,false,1,
7290108352672,false,מטלית הפלא לריצפה צמד במארז סנו סושי,החברה הדרומית לשיווק בעמ,,,יח`,1,,false,1,20.90,20.90,true,1,
7290108352788,false,שקית זיפר 20 יח מידה L סנו סושי,החברה הדרומית לשיווק בעמ,,,יח`,1,,false,1,12.90,12.90,true,1,
7290108352801,false,סושי סנו שקיות אשפה לפחים קטנים 100 יח,החברה הדרומית לשיווק בעמ,,,יח`,1,,false,1,21.40,21.40,false,1,
7290108352887,false,זוג מפות שולחן לבנות 120*180 סנו,החברה הדרומית לשיווק בעמ,,,יח`,1,,false,1,10.90,10.90,true,1,
7290108352900,false,סנו סושי מגבות נייר בגליל כפול,החברה הדרומית לשיווק בעמ,,,יח`,1,,false,1,25.90,25.90,true,1,
7290108353419,false,צמד מברשות שיניים אורביטול whitening,החברה הדרומית לשיווק בעמ,,,יח`,1,,false,1,20.90,20.90,true,1,
7290108353525,false,סנו סושי-תבניות  אלומניום L,החברה הדרומית לשיווק בעמ,,,יח`,1,,false,1,12.90,12.90,true,1,
7290108353532,false,שקית אשפה בגליל 100 יח סנו סושי,החברה הדרומית לשיווק בעמ,,,יח`,1,,false,1,30.90,30.90,true,1,
7290108353556,false,נייר טואלט סנו  סופט( שלוש שכבות 32 גליל,החברה הדרומית לשיווק בעמ,,,יח`,1,,false,1,40.90,40.90,false,1,
7290108353662,false,סנו סושי מפת שולחן מוטבעת 120*270,החברה הדרומית לשיווק בעמ,,,יח`,1,,false,1,8.90,8.90,false,1,
7290108354270,false,מקסימה מרכך כביסה מרוכז 1ליטר קאלם,החברה הדרומית לשיווק בעמ,,,יח`,1,1 ליטר,false,1,18.90,18.90,true,1,
7290108356021,false,תחליב רחצה כיף בניחוח קרם עוגיות 700,החברה הדרומית לשיווק בעמ,,,יח`,7,"100 מ""ל",false,1,12.90,1.84,true,1,
7290108356045,false,תחליב רחצה כיף בניחוח גלידת סוכריות 700,החברה הדרומית לשיווק בעמ,,,יח`,7,"100 מ""ל",false,1,12.90,1.84,true,1,
7290108356106,false,תחליב רחצה כיף ניחוח שקד700 מל,החברה הדרומית לשיווק בעמ,,,יח`,7,"100 מ""ל",false,1,12.90,1.84,true,1,
7290108356113,false,תחליב רחצה כיף ניחוח דבש 700 מל,החברה הדרומית לשיווק בעמ,,,יח`,7,"100 מ""ל",false,1,12.90,1.84,true,1,
7290108356120,false,תחליב רחצה כיף ניחוח קוקוס וניל700 מל,החברה הדרומית לשיווק בעמ,,,יח`,7,"100 מ""ל",false,1,12.90,1.84,true,1,
7290108356137,false,תחליב רחצה כיף ניחוח לבנדר 700 מל,החברה הדרומית לשיווק בעמ,,,יח`,7,"100 מ""ל",false,1,12.90,1.84,true,1,
7290108356151,false,תחליב רחצה כיף ניחוחמאסק יסמין 700 מל,החברה הדרומית לשיווק בעמ,,,יח`,7,"100 מ""ל",false,1,12.90,1.84,true,1,
7290108356168,false,תחליב רחצה כיף ניחוח אוקיינס700 מל,החברה הדרומית לשיווק בעמ,,,יח`,7,"100 מ""ל",false,1,12.90,1.84,true,1,
7290108356489,false,כיף תחליב רחצה אפרסק וחמאת מורומורו 700,החברה הדרומית לשיווק בעמ,,,יח`,7,"100 מ""ל",false,1,12.90,1.84,true,1,
7290108356519,false,קרליין שמפו 10 לשיער רגיל 700,החברה הדרומית לשיווק בעמ,,,יח`,7,"100 מ""ל",false,1,15.90,2.27,true,1,
7290108356533,false,קרליין שמפו 10 לשיער מתולתל 700,החברה הדרומית לשיווק בעמ,,,יח`,7,"100 מ""ל",false,1,15.90,2.27,true,1,
7290108357028,false,כיף תחליב רחצה ורד ושמן קוקוי 700,החברה הדרומית לשיווק בעמ,,,יח`,7,"100 מ""ל",false,1,12.90,1.84,true,1,
7290108357271,false,סנובון נוזלי עם חמצן פעיל 750 מל,החברה הדרומית לשיווק בעמ,,,יח`,7.50,"100 מ""ל",false,1,11.90,1.59,true,1,
7290108357714,false,כיף שמפו לשיער רגיל יבש רימונים ושמן ארג,החברה הדרומית לשיווק בעמ,,,יח`,7,"100 מ""ל",false,1,12.90,1.84,true,1,
7290108357776,false,כיף מרכך לשיער רגיל יבש רימונים ושמן ארג,החברה הדרומית לשיווק בעמ,,,יח`,7,"100 מ""ל",false,1,12.90,1.84,true,1,
7290108357875,false,כיף שמפו לשיער רגיל אפרסק וחמאת מורומורו,החברה הדרומית לשיווק בעמ,,,יח`,7,"100 מ""ל",false,1,12.90,1.84,true,1,
7290108357882,false,כיף מרכך לשיער רגיל אפרסק וחמאת מורומורו,החברה הדרומית לשיווק בעמ,,,יח`,7,"100 מ""ל",false,1,12.90,1.84,true,1,
7290108359015,false,שקיות זיפר עם סליידר 20  יח`מידה M סנו,החברה הדרומית לשיווק בעמ,,,יח`,1,,false,1,15.90,15.90,false,1,
7290108359190,false,סנו סושי מגבות נייר בגליל כפול 4=12,החברה הדרומית לשיווק בעמ,,,יח`,1,,false,1,25.90,25.90,false,1,
7290108359985,false,סנו ז`אוול מרסס ניחוח פריחה לבנה 1 ליטר,החברה הדרומית לשיווק בעמ,,,יח`,1,1 ליטר,false,1,19.90,19.90,true,1,
7290108500677,false,כבד דג שיבוט בשמן הדג 115 גר`,ג.וילי-פוד אינטרנשיונל בעמ,,,יח`,1.15,100 גרם,false,1,10.90,9.48,true,1,
7290108501346,false,גבינת גאודה מגורדת 500  גר`28% שומן הולנ,ג.וילי-פוד אינטרנשיונל **גבינו,,,יח`,5,100 גרם,false,1,24.90,4.98,false,1,
7290108501360,false,גבינת צ`דר בשלה 200  גר`matured orange ו,ג.וילי-פוד אינטרנשיונל **גבינו,,,יח`,2,100 גרם,false,1,18.90,9.45,false,1,
7290108502305,false,גבינת גרדה פדנו משולש 150  גר`וילי פוד,ג.וילי-פוד אינטרנשיונל **גבינו,,,יח`,1.50,100 גרם,false,1,20.90,13.93,true,1,
7290108504286,false,איבריקו צ`אנק 150  גר`וילי פוד,ג.וילי-פוד אינטרנשיונל **גבינו,,,יח`,1.50,100 גרם,false,1,17.90,11.93,true,1,
7290108504293,false,מנצ`גו צ`אנק 150  גר`וילי פוד,ג.וילי-פוד אינטרנשיונל **גבינו,,,יח`,1.50,100 גרם,false,1,17.90,11.93,true,1,
7290108505375,false,צהובה 400  גר`GOLDEN וילי פוד,ג.וילי-פוד אינטרנשיונל **גבינו,,,יח`,4,100 גרם,false,1,20.90,5.23,false,1,
7290108505719,false,גבינת מוצרלה מרוגדת 25%  שומן(200 גר`)יו,ג.וילי-פוד אינטרנשיונל **גבינו,,,יח`,2,100 גרם,false,1,14.90,7.45,true,1,
7290108505726,false,אצבעות-גבינה חצי קשה 25%  שומן( 200 גר),ג.וילי-פוד אינטרנשיונל **גבינו,,,יח`,2,100 גרם,false,1,14.90,7.45,true,1,
7290108505740,false,גבינת קשקבל חצי קשה 25%  שומן( 200 גר`),ג.וילי-פוד אינטרנשיונל **גבינו,,,יח`,2,100 גרם,false,1,14.90,7.45,true,1,
7290108506709,false,גבינת פרמג`אנו ר`גיאנו 150 גר וילי פוד,ג.וילי-פוד אינטרנשיונל **גבינו,,,יח`,1.50,100 גרם,false,1,18.90,12.60,false,1,
7290108507645,false,ביסקוויט פריך בשוקולד מריר 100 גר,ג.וילי-פוד אינטרנשיונל בעמ,,,יח`,1,100 גרם,false,1,7.90,7.90,true,1,
7290108508963,false,גבינת מוצרלה מגורדת 25%  שומן(200 גר`)יו,ג.וילי-פוד אינטרנשיונל **גבינו,,,יח`,2,100 גרם,false,1,14.90,7.45,true,1,
7290108509090,false,גבינה מותכת משולשים 200 גר 14% שומן,ג.וילי-פוד אינטרנשיונל **גבינו,,,יח`,2,100 גרם,false,1,15.90,7.95,false,1,
7290108509137,false,גבינה בולגרית מעודנת 250 גר 5%,ג.וילי-פוד אינטרנשיונל **גבינו,,,יח`,2.50,100 גרם,false,1,12.90,5.16,false,1,
7290108509182,false,גבינת פטה 250 גר 17% EURO,ג.וילי-פוד אינטרנשיונל **גבינו,,,יח`,2.50,100 גרם,false,1,13.90,5.56,false,1,
7290108509199,false,גבינת פטה 500 גר 17% EURO,ג.וילי-פוד אינטרנשיונל **גבינו,,,יח`,5,100 גרם,false,1,23.90,4.78,true,1,
7290108509267,false,ארוחת פסטה עם רוטב גבינה ויליפוד,ג.וילי-פוד אינטרנשיונל בעמ,,,יח`,2.06,100 גרם,false,1,8.90,4.32,true,1,
7290108509359,false,פופקורן בציפוי בטעם קרמל 90 גר`,ג.וילי-פוד אינטרנשיונל בעמ,,,יח`,0.90,100 גרם,false,1,6.90,7.67,true,1,
7290108509571,false,גבינת פטה עם צ`לי ופפריקה 153 גר`,ג.וילי-פוד אינטרנשיונל **גבינו,,,יח`,1.53,100 גרם,false,1,16.90,11.05,false,1,
7290108509588,false,גבינת פטה עם עשבי תיבול 153 גר`,ג.וילי-פוד אינטרנשיונל **גבינו,,,יח`,1.53,100 גרם,false,1,16.90,11.05,false,1,
7290108509595,false,גבינת פטה עם עגבניות מיובשות וריחן 153 ג,ג.וילי-פוד אינטרנשיונל **גבינו,,,יח`,1.53,100 גרם,false,1,16.90,11.05,false,1,
7290108509755,false,גבינת חלומי 250  גר`23% EURO,ג.וילי-פוד אינטרנשיונל **גבינו,,,יח`,2.50,100 גרם,false,1,25.90,10.36,false,1,
7290108509991,false,רוטב טריאקי 300 מל וילי פוד,ג.וילי-פוד אינטרנשיונל בעמ,,,יח`,3,"100 מ""ל",false,1,9.90,3.30,false,1,
7290109351025,false,חומוסטחינה חלק צבר (400 גרם),קבוצת אסם סחר שות. מוגבלת,,,יח`,4,100 גרם,false,1,15.20,3.80,false,1,
7290109352916,false,פיטנס בר פריכיות שוקולד לבן 84 גרם,קבוצת אסם סחר שות. מוגבלת,,,יח`,0.84,100 גרם,false,1,16.30,19.40,true,1,
7290109353272,false,פרפקטו ספגטי500 גר עתיר בסיבים,קבוצת אסם סחר שות. מוגבלת,,,יח`,5,100 גרם,false,1,8.90,1.78,false,1,
7290109354972,false,ביסקוויט פתי בר ללא גלוטן אסם (200 גרם),קבוצת אסם סחר שות. מוגבלת,,,יח`,2,100 גרם,false,1,11.20,5.60,true,1,
7290109354996,false,פתי בר שוקו ללא גלוטן 200 גרם,קבוצת אסם סחר שות. מוגבלת,,,יח`,2,100 גרם,false,1,11.20,5.60,true,1,
7290109358130,false,מאגדת לה פרוטה יוגורט אננס פסיפלורה מנגו,נגה גלידות שותפות מוגבלת,,,יח`,3,100 גרם,false,1,28.50,9.50,false,1,
7290109358765,false,קראנץ`רולס 450 גר דגני בוקר,קבוצת אסם סחר שות. מוגבלת,,,יח`,4.50,100 גרם,false,1,22.90,5.09,true,1,
7290109580043,false,שניצל תירס 1.75 קג בדצ זוגלובק,זוגלובק שיווק בעמ,,,יח`,0.0180,100 גרם,false,1,50.90,2827.78,true,1,
7290109580104,false,רוסטביף פרימיום 150  גר`זוגלובק,זוגלובק שיווק בעמ,,,יח`,1.50,100 גרם,false,1,25.90,17.27,false,1,
7290109580135,false,קורנדביף פרימיום 180  גר`זוגלובק,זוגלובק שיווק בעמ,,,יח`,1.80,100 גרם,false,1,25.90,14.39,false,1,
7290109580210,false,נקנקיות ריינהולד`ס הצרפתייה 300  גר`זוגל,זוגלובק שיווק בעמ,,,יח`,3,100 גרם,false,1,21.40,7.13,false,1,
7290109920146,false,דורגול מסיר אבנית 750 מל,יעקב יעקבי ובניו בעמ,,,יח`,7.50,"100 מ""ל",false,1,21.50,2.87,false,1,
7290109920580,false,אסטוניש מרסס עם אקונומיקה,יעקב יעקבי ובניו בעמ,,,יח`,7.50,"100 מ""ל",false,1,11.90,1.59,false,1,
7290109923147,false,אסטוניש מרסס פלא של אקונומיקה 750 מל,יעקב יעקבי ובניו בעמ,,,יח`,7.50,"100 מ""ל",false,1,15.90,2.12,false,1,
7290110110574,false,פחית קוקה קולה סליק זירו לימון 330 מל,החברה המרכזית להפצת משקאות בעמ,,,יח`,3.30,"100 מ""ל",false,1,4.30,1.21,true,1,
7290110110659,false,פחית ספרייט ליים330 מל סליק,החברה המרכזית להפצת משקאות בעמ,,,יח`,3.30,"100 מ""ל",false,1,4.30,1.21,true,1,
7290110114817,false,נביעות פלוס רכיבי פרי מנגו 1.5 ליטר,החברה המרכזית להפצת משקאות בעמ,,,יח`,1.50,1 ליטר,false,1,9.90,6.40,false,1,
7290110114855,false,נביעות 1.5 ליטר שישייה,החברה המרכזית להפצת משקאות בעמ,,,יח`,9,1 ליטר,false,1,13.90,1.34,true,1,
7290110114893,false,פריגת סחוט תפוז 2 ליטר,החב` המרכזית - טרה,,,יח`,2,1 ליטר,false,1,30.90,15.30,true,1,
7290110114954,false,פריגת תפוזים מתקתק 2 ליטר,החב` המרכזית - טרה,,,יח`,2,1 ליטר,false,1,25.90,12.80,true,1,
7290110114961,false,משקה קל בטעם תפוזים פריגת (1.5 ליטר),החברה המרכזית להפצת משקאות בעמ,,,יח`,15,"100 מ""ל",false,1,9.90,0.64,false,1,
7290110114985,false,משקה קל בטעם אשכוליות פריגת (1.5 ליטר),החברה המרכזית להפצת משקאות בעמ,,,יח`,15,"100 מ""ל",false,1,9.90,0.64,false,1,
7290110115005,false,משקה קל בטעם ענבים פריגת (1.5 ליטר),החברה המרכזית להפצת משקאות בעמ,,,יח`,15,"100 מ""ל",false,1,9.90,0.64,false,1,
7290110115043,false,משקה קל בטעם לימונענע פריגת (1.5 ליטר),החברה המרכזית להפצת משקאות בעמ,,,יח`,15,"100 מ""ל",false,1,9.90,0.64,false,1,
7290110115050,false,משקה קל בטעם תות בננה פריגת (1.5 ליטר),החברה המרכזית להפצת משקאות בעמ,,,יח`,15,"100 מ""ל",false,1,9.90,0.64,false,1,
7290110115180,false,מים נביעות 1.5 ליטר,החברה המרכזית להפצת משקאות בעמ,,,יח`,0.0150,"100 מ""ל",false,1,3,180,false,1,
7290110115203,false,קוקה קולה 1.5 ליטר,החברה המרכזית להפצת משקאות בעמ,,,יח`,0,1 ליטר,false,1,9.20,9.20,false,1,
7290110115227,false,קוקה קולה זירו 1.5 ליטר,החברה המרכזית להפצת משקאות בעמ,,,יח`,1.50,1 ליטר,false,1,9.20,5.93,false,1,
7290110115265,false,ספרייט ליים 1.5 ליטר,החברה המרכזית להפצת משקאות בעמ,,,יח`,1.50,1 ליטר,false,1,9.20,5.93,true,1,
7290110115272,false,ספרייט זירו 1.5 ליטר,החברה המרכזית להפצת משקאות בעמ,,,יח`,1.50,1 ליטר,false,1,9.20,5.93,true,1,
7290110115296,false,פאנטה  אורנג`1.5 ליטר,החברה המרכזית להפצת משקאות בעמ,,,יח`,1.50,1 ליטר,false,1,9.90,6.40,false,1,
7290110115364,false,קוקה קולה 1.5 ליטר מארז שישייה,החברה המרכזית להפצת משקאות בעמ,,,יח`,9,1 ליטר,false,1,52.90,5.68,true,1,
7290110115418,false,קוקה קולה זירו 1.5 ליטר מארז שישייה,החברה המרכזית להפצת משקאות בעמ,,,יח`,9,1 ליטר,false,1,52.90,5.68,true,1,
7290110115463,false,פיוז תה 1.5 ליטר בטעם אפרסק,החברה המרכזית להפצת משקאות בעמ,,,יח`,1.50,1 ליטר,false,1,9.70,6.27,false,1,
7290110115623,false,פיוז תה זירו 1.5 ליטר בטעם אפרסק,החברה המרכזית להפצת משקאות בעמ,,,יח`,1.50,1 ליטר,false,1,9.70,6.27,false,1,
7290110116316,false,קוקה קולה 1.5 ליטר מארז שישייה חג שמח,החברה המרכזית להפצת משקאות בעמ,,,יח`,9,1 ליטר,false,1,52.90,5.68,true,1,
7290110320591,false,בולגרית 16% במרקם מעודן 250 גר,תנובה - חלב,,,יח`,2.50,100 גרם,false,1,21.90,8.76,false,1,
7290110320850,false,פתיתי עמק 200 גר,תנובה - חלב,,,יח`,2,100 גרם,false,1,15.20,7.60,false,1,
7290110320867,false,פתיתי עמק למאפים 28% 500 גר,תנובה - חלב,,,יח`,5,100 גרם,false,1,35.60,7.12,false,1,
7290110320935,false,פרוסות מוצרלה 150  גר`קולקשיין תנובה,תנובה - חלב,,,יח`,1.50,100 גרם,false,1,17.90,11.93,false,1,
7290110321031,false,יוגורט גו טבעי 200 מל .,תנובה - חלב,,,יח`,2,"100 מ""ל",false,1,6.20,3.10,false,1,
7290110321277,false,קוטג בקטנה 5% מהדרין 100  גר`תנובה,תנובה - חלב,,,יח`,1,100 גרם,false,1,2.70,2.70,false,1,
7290110321284,false,קוטג בקטנה 9% מהדרין 100  גר`תנובה,תנובה - חלב,,,יח`,1,100 גרם,false,1,2.70,2.70,false,1,
7290110321680,false,יוגורט גו תות 200 מל,תנובה - חלב,,,יח`,2,"100 מ""ל",false,1,5.90,2.95,false,1,
7290110321697,false,יוגורט גו אפרסק 200 מל,תנובה - חלב,,,יח`,2,"100 מ""ל",false,1,5.90,2.95,false,1,
7290110321703,false,יוגורט גו פירות יער 200 מל,תנובה - חלב,,,יח`,2,"100 מ""ל",false,1,5.90,2.95,false,1,
7290110322014,false,טופו בטעם טבעי 300  גר`תנובה,תנובה - חלב,,,יח`,3,100 גרם,false,1,11.90,3.97,false,1,
7290110322021,false,טופו בטעם בזיליקום 300  גר`תנובה,תנובה - חלב,,,יח`,3,100 גרם,false,1,11.90,3.97,false,1,
7290110323301,false,גבינת טל עמק 32%  שומן(200  גר`)תנובה,תנובה - חלב,,,יח`,2,100 גרם,false,1,19.90,9.95,false,1,
7290110323714,false,משקה קוקוס שקדים 1 ליטר תנובה,תנובה - חלב,,,יח`,10,"100 מ""ל",false,1,12.50,1.25,false,1,
7290110324551,false,יופלה טיוב במרקם חלק בטעם תות 348  גר`מה,תנובה - חלב,,,יח`,3.48,100 גרם,false,1,12.90,3.71,false,1,
7290110324711,false,ממרח סויה 9% בטעם טבעי 250 גר` תנובה,תנובה - חלב,,,יח`,2.50,100 גרם,false,1,9.90,3.96,true,1,
7290110324728,false,ממרח סויה 9% עם שום שמיר ( 250 גר`) תנוב,תנובה - חלב,,,יח`,2.50,100 גרם,false,1,9.90,3.96,true,1,
7290110324841,false,מעדן שקדים עם שוקולד מריר 125 גר`,תנובה - חלב,,,יח`,1.25,100 גרם,false,1,3.90,3.12,false,1,
7290110324872,false,גבינה צהובה גלבוע  (5% 200  גר`)תנובה,תנובה - חלב,,,יח`,2,100 גרם,false,1,18.90,9.45,false,1,
7290110324926,false,משקה סויה ללתס 1 ליטר תנובה,תנובה - חלב,,,יח`,0.01,"100 מ""ל",false,1,10.90,1090,false,1,
7290110325305,false,מעדן גו סויה מעודן 200 מל,תנובה - חלב,,,יח`,2,"100 מ""ל",false,1,5.80,2.90,false,1,
7290110325312,false,מעדן גו סויה תות 200 מל,תנובה - חלב,,,יח`,2,"100 מ""ל",false,1,5.90,2.95,false,1,
7290110325510,false,יופלה טיוב במרקם חלק בטעם וניל-יוניקור,תנובה - חלב,,,יח`,3.48,100 גרם,false,1,12.90,3.71,false,1,
7290110325619,false,משקה שיבולת שועל 1 ליטר תנובה,תנובה - חלב,,,יח`,10,"100 מ""ל",false,1,12.20,1.22,false,1,
7290110325893,false,משקה גו אייס קפה 340 מל,תנובה - חלב,,,יח`,3.40,100 גרם,false,1,8.90,2.62,false,1,
7290110326210,false,יופלה און טופ פצפוצים 157 גר`,תנובה - חלב,,,יח`,1.57,100 גרם,false,1,4.90,3.12,false,1,
7290110326227,false,יופלה און טופ קורנפלקס 157 גר`,תנובה - חלב,,,יח`,1.57,100 גרם,false,1,4.90,3.12,false,1,
7290110326234,false,יופלה און טופ כוכבים 157 גר`,תנובה - חלב,,,יח`,1.57,100 גרם,false,1,4.90,3.12,false,1,
7290110327064,false,משקה קפה שיבולת שועל בטעם  קרמל( 1 ליטר),תנובה - חלב,,,יח`,10,"100 מ""ל",false,1,12.90,1.29,false,1,
7290110327514,false,משקה שיבולת שועל בטעם אגוזי לוז 1 ליטר א,תנובה - חלב,,,יח`,10,"100 מ""ל",false,1,12.20,1.22,false,1,
7290110327545,false,יופלה און טופ בטעם תות בתופסת פצפוצים מ,תנובה - חלב,,,יח`,1.57,100 גרם,false,1,4.90,3.12,false,1,
7290110328504,false,טריו מיקס מוצרלה סקנדינבית וגאודה 300 גר,תנובה - חלב,,,יח`,3,100 גרם,false,1,24.90,8.30,false,1,
7290110328610,false,משקה אורז ושקדים בריסטה 1 ליטר אלטרנטיב,תנובה - חלב,,,יח`,10,"100 מ""ל",false,1,12.20,1.22,false,1,
7290110328627,false,יוגורט גו סמיך בננה קרמל 0% שומן 200 גרם,תנובה - חלב,,,יח`,2,100 גרם,false,1,5.90,2.95,false,1,
7290110328641,false,טופו טבעי אלטרנטיב 2*250 תנובה,תנובה - חלב,,,יח`,5,100 גרם,false,1,17.90,3.58,false,1,
7290110328764,false,יוגורט גו סמיך תות 0% שומן 200 גרם,תנובה - חלב,,,יח`,2,100 גרם,false,1,5.90,2.95,false,1,
7290110328771,false,יוגורט גו סמיך פירות יער 0% שומן 200 גרם,תנובה - חלב,,,יח`,2,100 גרם,false,1,5.90,2.95,false,1,
7290110328788,false,יוגורט גו סמיך אפרסק 0% שומן 200 גרם,תנובה - חלב,,,יח`,2,100 גרם,false,1,5.90,2.95,false,1,
7290110329136,false,מעדן חלב גו בטעם שוקולד 12  גר`חלבון,תנובה - חלב,,,יח`,1.20,100 גרם,false,1,5.90,4.92,false,1,
7290110329143,false,מעדן חלב גו בטעם שוקולד 12  גר`חלבון,תנובה - חלב,,,יח`,1.20,100 גרם,false,1,5.90,4.92,false,1,
7290110329303,false,פרוסות בטעם צהובה קלאסית 200 גרם alterna,תנובה - חלב,,,יח`,2,100 גרם,false,1,22.90,11.45,false,1,
7290110329426,false,טופו טבעי עם רוטב קרם קוקוס קארי פיקנטי,תנובה - חלב,,,יח`,3.10,100 גרם,false,1,11.90,3.84,false,1,
7290110329686,false,משקה חלב גו בטעם עוגיות 340 מל,תנובה - חלב,,,יח`,3.40,100 גרם,false,1,8.90,2.62,false,1,
7290110329792,false,סויה BIO אפרסק גביע 150 גרם Alternative,תנובה - חלב,,,יח`,1.50,100 גרם,false,1,4.50,3,true,1,
7290110329808,false,סויה BIO תות גביע 150 גרם Alternative,תנובה - חלב,,,יח`,1.50,100 גרם,false,1,4.50,3,true,1,
7290110329822,false,סויה BIO פירות יער גביע 150 גרם Alternat,תנובה - חלב,,,יח`,1.50,100 גרם,false,1,4.50,3,true,1,
7290110550363,false,משולשות קינואה ומלח ים 65  גר`עלית,שטראוס גרופ בעמ,,,יח`,0.65,100 גרם,false,1,10.90,16.77,true,1,
7290110551254,false,נשנושי תירס טעם הטבע שטראוס,שטראוס גרופ בעמ/מצונן,,,יח`,6,100 גרם,false,1,16.90,2.82,false,1,
7290110552220,false,דנונה פרו ללא סוכר בטעם תות 200 גר`,שטראוס גרופ בעמ/מצונן,,,יח`,2,"100 מ""ל",false,1,5.90,2.95,false,1,
7290110552237,false,דנונה פרו ללא סוכר בטעם אפרסק מנגו 200 ג,שטראוס גרופ בעמ/מצונן,,,יח`,2,"100 מ""ל",false,1,5.90,2.95,false,1,
7290110553029,false,פריכיות חלבון קייל חומוס ומלח 60  גר`עלי,שטראוס גרופ בעמ,,,יח`,0.60,100 גרם,false,1,10.90,18.17,true,1,
7290110553036,false,פריכיות חלבון בטטה סגולה ואפונה 60 גר על,שטראוס גרופ בעמ,,,יח`,0.60,100 גרם,false,1,10.90,18.17,true,1,
7290110554422,false,רוטב עגבניות ופלפלים לשקשוקה 350  גר`יד,שטראוס גרופ בעמ,,,יח`,3.50,100 גרם,false,1,11.90,3.40,true,1,
7290110554729,false,קפסולות 04 למכונות נספרו עלית) (10,שטראוס גרופ בעמ,,,יח`,0.50,100 גרם,false,1,18.50,37,true,1,
7290110556242,false,שוקולד פרה מריר פרווה עלית (100 גרם),שטראוס גרופ בעמ,,,יח`,1,100 גרם,false,1,5.90,5.90,false,1,
7290110557027,false,חומוס אחלה 50% טחינה 400 גרם,שטראוס גרופ בעמ/מצונן,,,יח`,4,100 גרם,false,1,15.20,3.80,false,1,
7290110557102,false,מעדן חלב עם שוקולד מעושר בחלבון,שטראוס גרופ בעמ/מצונן,,,יח`,1.50,100 גרם,false,1,5.40,3.60,true,1,
7290110557133,false,מעדן הגולן וניל 125 גרם,שטראוס גרופ בעמ/מצונן,,,יח`,1.25,"100 מ""ל",false,1,2.90,2.32,true,1,
7290110557478,false,חומוס אחלה גלילי 600 גר`,שטראוס גרופ בעמ/מצונן,,,יח`,6,100 גרם,false,1,13.90,2.32,false,1,
7290110558253,false,דנונה ריפרש בננה אננס וצ`יה,שטראוס גרופ בעמ/מצונן,,,יח`,2.50,100 גרם,false,1,5.50,2.20,false,1,
7290110558284,false,דנונה ביו מולטי 200 גר`,שטראוס גרופ בעמ/מצונן,,,יח`,2,100 גרם,false,1,3.90,1.95,false,1,
7290110558307,false,דנונה פרו 20  גר`עם שיבולת שועל (200גר`),שטראוס גרופ בעמ/מצונן,,,יח`,2,100 גרם,false,1,6.70,3.35,false,1,
7290110558420,false,אלפרו משקה ש.שועל 1 ליטר,שטראוס גרופ בעמ/מצונן,,,יח`,10,"100 מ""ל",false,1,13.90,1.39,false,1,
7290110558437,false,אלפרו משקה שקדים 1 ליטר,שטראוס גרופ בעמ/מצונן,,,יח`,10,"100 מ""ל",false,1,13.90,1.39,false,1,
7290110558666,false,דניאלה מעדן בטעם תפוח (88 גרם),שטראוס גרופ בעמ/מצונן,,,יח`,1.50,"100 מ""ל",false,1,4,2.67,false,1,
7290110558741,false,גמדים פאוץ תפוח בננה (100 גר`),שטראוס גרופ בעמ/מצונן,,,יח`,1,100 גרם,false,1,6.90,6.90,false,1,
7290110559007,false,שעועית חומה 380  גר`טעם הטבע שטראוס,שטראוס גרופ בעמ,,,יח`,3.80,100 גרם,false,1,7.90,2.08,true,1,
7290110560324,false,פריכיות משולשות-אפונה  ירוקה 30  גר`אנרג,שטראוס גרופ בעמ,,,יח`,0.30,100 גרם,false,1,4.90,16.33,false,1,
7290110561352,false,דנונה דל לקטוז ביו 200 גר`,שטראוס גרופ בעמ/מצונן,,,יח`,2,"100 מ""ל",false,1,3.70,1.85,false,1,
7290110563448,false,משקה קפה קר בסגנון מעודן  (2301.6% גר`),שטראוס גרופ בעמ/מצונן,,,יח`,2.30,"100 מ""ל",false,1,7.90,3.43,true,1,
7290110563462,false,חלב נטול לקטוז 2% יטבתה בקבוק,שטראוס גרופ בעמ/מצונן,,,יח`,1,1 ליטר,false,1,7.90,7.90,false,1,
7290110564339,false,חומוס הסדרה המובחרת עשיר 30% טחינה 400 ג,שטראוס גרופ בעמ/מצונן,,,יח`,4,100 גרם,false,1,15.20,3.80,false,1,
7290110564360,false,חומוס הסדרה המובחרת עשיר 40% טחינה 400 ג,שטראוס גרופ בעמ/מצונן,,,יח`,4,100 גרם,false,1,15.20,3.80,false,1,
7290110564414,false,חומוס הסדרה המובחרת 30% טחינה 600 גר`,שטראוס גרופ בעמ/מצונן,,,יח`,6,100 גרם,false,1,16.30,2.72,false,1,
7290110564742,false,משקה קפה קר בסגנון חזק  (2301.2%  גר`)י,שטראוס גרופ בעמ/מצונן,,,יח`,2.30,"100 מ""ל",false,1,7.90,3.43,true,1,
7290110565527,false,דנונה פרו 20  גר`חלבון,שטראוס גרופ בעמ/מצונן,,,יח`,2,"100 מ""ל",false,1,5.90,2.95,false,1,
7290110565572,false,מארז טורקי לדרך עם הל 168 גר`,שטראוס גרופ בעמ,,,יח`,1.68,100 גרם,false,1,19.30,11.49,false,1,
7290110566623,false,קפסולות קפה עלית קולומביה 08,שטראוס גרופ בעמ,,,יח`,0.50,100 גרם,false,1,18.50,37,true,1,
7290110566975,false,דנונה פרו 200  גר`תות,שטראוס גרופ בעמ/מצונן,,,יח`,2,"100 מ""ל",false,1,5.90,2.95,false,1,
7290110568276,false,משקה יטבתה פרו וניל 350 מל,שטראוס גרופ בעמ/מצונן,,,יח`,3.50,"100 מ""ל",false,1,6.70,1.91,false,1,
7290110568559,false,חטיף מארז דוריטוס חמוץ חריף 25*10 גר`,שטראוס פריטו ליי בעמ,,,יח`,2.50,100 גרם,false,1,14.90,5.96,false,1,
7290110570224,false,משקה קפה קר בטעם עוגיות (230  גר`)יטבתה,שטראוס גרופ בעמ/מצונן,,,יח`,2.30,"100 מ""ל",false,1,7.90,3.43,true,1,
7290110571382,false,מעדן חלב בטעם וניל מועשר בחלבון,שטראוס גרופ בעמ/מצונן,,,יח`,1.50,100 גרם,false,1,5.40,3.60,true,1,
7290110572129,false,כיף כף מקלות שוקולד לבן,שטראוס גרופ בעמ,,,יח`,0.40,100 גרם,false,1,5.70,14.25,true,1,
7290110572969,false,כיף כף פצפצים עלית קרם לבן (40 גר`),שטראוס גרופ בעמ,,,יח`,0.40,100 גרם,false,1,6.10,15.25,true,1,
7290110572976,false,כיף כף פצפצים קרם לבן עלית (135 גרם),שטראוס גרופ בעמ,,,יח`,1.35,100 גרם,false,1,10.90,8.07,false,1,
7290110574413,false,פופקורן בטעם טעמי 70 גר`,שטראוס גרופ בעמ,,,יח`,1,,false,1,7.90,7.90,false,1,
7290110574420,false,פופקורן בטעם פסק זמן 70 גר`,שטראוס גרופ בעמ,,,יח`,1,,false,1,7.90,7.90,false,1,
7290110574437,false,פופקורן בטעם טורטית 70 גר`,שטראוס גרופ בעמ,,,יח`,1,,false,1,7.90,7.90,false,1,
7290110576363,false,ספלנדיד שוקולד מריר אוגנדה 80% עלית,שטראוס גרופ בעמ,,,יח`,1,100 גרם,false,1,9.90,9.90,true,1,
7290110576493,false,פופקורן בטעם בלונדי 70 גר`,שטראוס גרופ בעמ,,,יח`,1,,false,1,7.90,7.90,false,1,
7290110576868,false,גמדים רביעייה סלט פירות,שטראוס גרופ בעמ/מצונן,,,יח`,4,"100 מ""ל",false,1,11.70,2.93,true,1,
7290110577711,false,יטבתה שייק חלבון מי גבינה עם אפרסק ומנגו,שטראוס גרופ בעמ/מצונן,,,יח`,3.50,"100 מ""ל",false,1,7.90,2.26,false,1,
7290110577728,false,יטבתה שייק חלבון מי גבינה עם פירות יער,שטראוס גרופ בעמ/מצונן,,,יח`,3.50,"100 מ""ל",false,1,7.90,2.26,false,1,
7290111340178,false,ניקול מטליות לחות לשיש ניחוח מרכך כביסה,קימברלי קלארק ישראל שיווק בעמ,,,יח`,1,,false,1,13.90,13.90,true,1,
7290111340185,false,ניקול מטליות לחות לריצפה ניחוח מרכך כביס,קימברלי קלארק ישראל שיווק בעמ,,,יח`,1,,false,1,15.90,15.90,true,1,
7290111342042,false,כריות יפניות אנטיבקטריאליות ניקול,קימברלי קלארק ישראל שיווק בעמ,,,יח`,1,,false,1,14.90,14.90,true,1,
7290111344206,false,מגבוני האגיס נטורל קייר מבושם 4*64,קימברלי קלארק ישראל שיווק בעמ,,,יח`,1,,false,1,21.90,21.90,true,1,
7290111344527,false,שקיות אשפה xxl שחורות ניקול,קימברלי קלארק ישראל שיווק בעמ,,,יח`,1,,false,1,26.90,26.90,true,1,
7290111344930,false,מטליות לחות לרצפה בניחוח מרכך כביסה ארומ,קימברלי קלארק ישראל שיווק בעמ,,,יח`,1,,false,1,14.90,14.90,true,1,
7290111345814,false,לילי נטורל קייל 30 גלילים,קימברלי קלארק ישראל שיווק בעמ,,,יח`,1,,false,1,33.90,33.90,false,1,
7290111346293,false,מגבת נייר רב שימושית שישייה ניקול,קימברלי קלארק ישראל שיווק בעמ,,,יח`,1,,false,1,12.90,12.90,false,1,
7290111346347,false,קלינקס טישו אוריגינל חמישייה,קימברלי קלארק ישראל שיווק בעמ,,,יח`,1,,false,1,15.90,15.90,true,1,
7290111350092,false,מארז חטיפי לואקר 200 גר`,ליימן שליסל בעמ,,,יח`,2,100 גרם,false,1,21.40,10.70,false,1,
7290111350740,false,הוט פופ 500  גר`kids,ליימן שליסל בעמ,,,יח`,5,100 גרם,false,1,16.90,3.38,true,1,
7290111352508,false,סילאן טבעי 840  גר`קליית גת,ליימן שליסל בעמ,,,יח`,8.40,100 גרם,false,1,20.90,2.49,true,1,
7290111352942,false,סוכריות טופי (850  גר`)יוגטה,ליימן שליסל בעמ,,,יח`,8.50,100 גרם,false,1,22.40,2.64,false,1,
7290111353062,false,סוכריות גומי דובונים (800 גר`) יוגטה,ליימן שליסל בעמ,,,יח`,8,100 גרם,false,1,20.90,2.61,false,1,
7290111564291,false,פיטנס פריכיות דקות עם קינואה 120  גר`אסם,קבוצת אסם סחר שות. מוגבלת,,,יח`,1.20,100 גרם,false,1,13.20,11,true,1,
7290111566240,false,שניצל דק בטעם צ`לי חריף 564 גר` טבעול,קבוצת אסם סחר שות. מוגבלת,,,יח`,5.64,100 גרם,false,1,34.60,6.13,true,1,
7290111566547,false,חזה בגריל צמחוני 99 קלוריות 560 גר` טבע,קבוצת אסם סחר שות. מוגבלת,,,יח`,5.60,100 גרם,false,1,30.90,5.52,true,1,
7290111566714,false,המבורגר צמחוני 99 קלוריות 600 גר` טבעול,קבוצת אסם סחר שות. מוגבלת,,,יח`,6,100 גרם,false,1,34.60,5.77,true,1,
7290111566776,false,נקניקיות קוקטייל צמחונית 680 גר` טבעול,קבוצת אסם סחר שות. מוגבלת,,,יח`,6.80,100 גרם,false,1,34.60,5.09,true,1,
7290111568206,false,ביסלי פארטי מיקס 150  גר`אסם,קבוצת אסם סחר שות. מוגבלת,,,יח`,1.50,100 גרם,false,1,9.10,6.07,true,1,
7290111568275,false,נודלס אטריות אורז רחבות 300  גר`אסם,קבוצת אסם סחר שות. מוגבלת,,,יח`,3,100 גרם,false,1,10.90,3.63,false,1,
7290111568466,false,רוטב אסייתי למוקפץ 290 מל אסם,קבוצת אסם סחר שות. מוגבלת,,,יח`,2.90,"100 מ""ל",false,1,15.90,5.48,true,1,
7290111935961,false,מחית עגבניות 690  גר`מאסטר שף,ש.שסטוביץ בעמ,,,יח`,6.90,100 גרם,false,1,10.90,1.58,false,1,
7290111936296,false,פלמוליב ארומה סנסיישן מסאז 750 מל,ש.שסטוביץ בעמ,,,יח`,7.50,"100 מ""ל",false,1,20.90,2.79,true,1,
7290112003966,false,וניש מסיר כתמים א.לכביסה לבנה 470 גר`,רקיט בנקיזר (ניר איסט) בעמ,,,יח`,4.70,100 גרם,false,1,17.90,3.81,false,1,
7290112005052,false,וניש אבקה לכביסה לבנה,רקיט בנקיזר (ניר איסט) בעמ,,,יח`,0.0150,100 גרם,false,1,40.90,2726.67,false,1,
7290112005083,false,וניש אבקה לכביסה צבעונית,רקיט בנקיזר (ניר איסט) בעמ,,,יח`,0.0150,100 גרם,false,1,40.90,2726.67,false,1,
7290112195784,false,תות שדה קפוא 300  גר`פרוסטי,נ.ת.נ.ג.ב החזקות יעוץ וניהול ב,,,יח`,3,100 גרם,false,1,7.90,2.63,false,1,
7290112330352,false,דנונה פרו 200  גר`וניל 0% שומן,שטראוס גרופ בעמ/מצונן,,,יח`,2,"100 מ""ל",false,1,5.90,2.95,false,1,
7290112330390,false,דנונה פרו 200  גר`פירות יער 0% שומן,שטראוס גרופ בעמ/מצונן,,,יח`,2,"100 מ""ל",false,1,5.90,2.95,false,1,
7290112332585,false,פריכיות משולשות-אורז  בתיבול סלק ומלח ים,שטראוס גרופ בעמ,,,יח`,0.30,100 גרם,false,1,4.90,16.33,false,1,
7290112332691,false,עוגיות קרם פסק זמן אגוזים 200 גר` עלית,שטראוס גרופ בעמ,,,יח`,2,100 גרם,false,1,11.90,5.95,false,1,
7290112332899,false,בזוקה פופים קלאסי 58 גר`,שטראוס גרופ בעמ,,,יח`,1,,false,1,11.50,11.50,true,1,
7290112334749,false,קפה טורקי עלית (200 גרם) 10% תוספת,שטראוס גרופ בעמ,,,יח`,2.20,100 גרם,false,1,16.30,7.41,true,1,
7290112335487,false,פריכיות הטעימות קצח ודגנים 135,שטראוס גרופ בעמ,,,יח`,1.35,100 גרם,false,1,14.20,10.52,false,1,
7290112335500,false,הפריכיות הטעימות חלבון 135 גר`,שטראוס גרופ בעמ,,,יח`,1.35,100 גרם,false,1,14.20,10.52,false,1,
7290112336637,false,מאסט סוכריות יוגרוט תות אוכמניות 80 גר`,שטראוס גרופ בעמ,,,יח`,0.80,100 גרם,false,1,9.70,12.13,false,1,
7290112336651,false,מאסט סוכריות ריבת חלב 80 גר ללא סוכר,שטראוס גרופ בעמ,,,יח`,0.80,100 גרם,false,1,9.70,12.13,false,1,
7290112336712,false,דנונה פרו 21% חלבון 0,שטראוס גרופ בעמ/מצונן,,,יח`,2,"100 מ""ל",false,1,6.10,3.05,false,1,
7290112337474,false,מאסט סוכריות פטל לימון 80 גר ללא סוכר,שטראוס גרופ בעמ,,,יח`,0.80,100 גרם,false,1,9.70,12.13,false,1,
7290112337481,false,מאסט סוכריות קפוצ`נו 80 גר ללא סוכר,שטראוס גרופ בעמ,,,יח`,0.80,100 גרם,false,1,9.70,12.13,false,1,
7290112339867,false,גמדים סקוויז בודד תות (100 גר`),שטראוס גרופ בעמ/מצונן,,,יח`,1,100 גרם,false,1,6,6,false,1,
7290112339874,false,גמדים סקוויז בודד תות בננה (100 גר`),שטראוס גרופ בעמ/מצונן,,,יח`,1,100 גרם,false,1,6,6,false,1,
7290112340122,false,פריכיות טעימות 3 דגנים 135 גר`,שטראוס גרופ בעמ,,,יח`,1.35,100 גרם,false,1,14.20,10.52,false,1,
7290112340245,false,מסטיק מאסט צנצנת בטעם דובדבן 66 גר` מגדי,שטראוס גרופ בעמ,,,יח`,0.66,100 גרם,false,1,11.50,17.42,true,1,
7290112341679,false,אקטיביה יוגורט 3% דנונה (200 גרם),שטראוס גרופ בעמ/מצונן,,,יח`,2,100 גרם,false,1,4.20,2.10,false,1,
7290112342102,false,סימפוניה בצל מקורמל 5% שטראוס,שטראוס גרופ בעמ/מצונן,,,יח`,2,100 גרם,false,1,12.20,6.10,false,1,
7290112343260,false,רוטב שמנת קלאסי 260 גר` יטבתה,שטראוס גרופ בעמ/מצונן,,,יח`,2.60,"100 מ""ל",false,1,10.10,3.88,true,1,
7290112343499,false,צ`יטוס 55 גר` puffs,שטראוס פריטו ליי בעמ,,,יח`,0.60,100 גרם,false,1,3.90,6.50,true,1,
7290112344724,false,מעדן מוס שוקולד בלונדי 133  גר`מילקי,שטראוס גרופ בעמ/מצונן,,,יח`,1.33,100 גרם,false,1,3.40,2.56,false,1,
7290112344755,false,מילקי עם 26% פחות  סוכר( 135 גר`),שטראוס גרופ בעמ/מצונן,,,יח`,1.35,100 גרם,false,1,2.90,2.15,false,1,
7290112346629,false,דנונה בר קורנפלקס מצופה 172 גר`,שטראוס גרופ בעמ/מצונן,,,יח`,1.72,"100 מ""ל",false,1,4.50,2.62,false,1,
7290112347008,false,גמדים ארוחת בוקר תות סקוויז 100 גר,שטראוס גרופ בעמ/מצונן,,,יח`,1,100 גרם,false,1,6,6,false,1,
7290112348999,false,פריכיות טעימות תירס דקות ( 135 גר`) עלית,שטראוס גרופ בעמ,,,יח`,1.35,100 גרם,false,1,14.20,10.52,false,1,
7290112349606,false,דניאלה מעדן בטעם תות בננה שטראוס (88 גרם,שטראוס גרופ בעמ/מצונן,,,יח`,1.50,"100 מ""ל",false,1,4,2.67,false,1,
7290112349705,false,מחית עגבניות קלאסי לפסטה 350  גר`פומודור,שטראוס גרופ בעמ,,,יח`,3.50,100 גרם,false,1,11.90,3.40,true,1,
7290112349736,false,רוטב עגבניות לפסטה 350  גר`בזיליקום,שטראוס גרופ בעמ,,,יח`,3.50,100 גרם,false,1,11.90,3.40,true,1,
7290112350312,false,קפסולות 15 למכונות נספרו עלית) (10,שטראוס גרופ בעמ,,,יח`,0.50,100 גרם,false,1,18.50,37,true,1,
7290112351524,false,עלי חסה סלנובה 200 גר טעם הטבע,שטראוס גרופ בעמ/מצונן,,,יח`,2,100 גרם,false,1,12.90,6.45,false,1,
7290112353412,false,פריכיות משולשות-תפוא  תירס אפונה סלק אנר,שטראוס גרופ בעמ,,,יח`,0.30,100 גרם,false,1,4.90,16.33,false,1,
7290112354945,false,תפוצ`יפס (50  גרם)היתר מכירה,שטראוס פריטו ליי בעמ,,,יח`,0.50,100 גרם,false,1,4,8,false,1,
7290112354952,false,תפוצ`יפס פפריקה (50  גרם)היתר מכירה,שטראוס פריטו ליי בעמ,,,יח`,0.50,100 גרם,false,1,4,8,false,1,
7290112354969,false,תפוצ`יפס 200 גר` (יבול חול/היתר מכירה),שטראוס פריטו ליי בעמ,,,יח`,2,100 גרם,false,1,11.50,5.75,true,1,
7290112355027,false,דנונה פרו 20  גר`חלבון בטעם קרמל  מלוח(,שטראוס גרופ בעמ/מצונן,,,יח`,2,"100 מ""ל",false,1,5.90,2.95,false,1,
7290112357083,false,אפונת גינה 380 גר טעם הטבע קופסה,שטראוס גרופ בעמ,,,יח`,3.80,100 גרם,false,1,7.90,2.08,true,1,
7290112357113,false,גרגרי חומוס 380 גר טעם הטבע קופסה,שטראוס גרופ בעמ,,,יח`,3.80,100 גרם,false,1,7.90,2.08,true,1,
7290112358004,false,פסק זמן חטיף קראנץ  עלית( 32 גר`),שטראוס גרופ בעמ,,,יח`,0.32,100 גרם,false,1,5,15.63,false,1,
7290112358431,false,ביסקוויט עד חצות דאבל 200 גר`,שטראוס גרופ בעמ,,,יח`,2,100 גרם,false,1,14.50,7.25,false,1,
7290112359384,false,קפה נמס אלפחרוס ריבת  חלב( 100  גר`)עלית,שטראוס גרופ בעמ,,,יח`,1,100 גרם,false,1,17.30,17.30,true,1,
7290112490117,false,קליק טבלאות שוקולד עם וופל ואגוזים 85 גר,יוניליוור ישראל שיווק בעמ,,,יח`,0.85,100 גרם,false,1,6.70,7.88,true,1,
7290112490209,false,מרק נמס בכוס עגבניות קנור) (2*28,יוניליוור ישראל שיווק בעמ,,,יח`,0.56,100 גרם,false,1,7.60,13.57,true,1,
7290112490216,false,מרק נמס בכוס טעם עוף קנור (2*24 גר`),יוניליוור ישראל שיווק בעמ,,,יח`,0.48,100 גרם,false,1,7.60,15.83,true,1,
7290112490667,false,קונפיטורת משמשים  (788 340  גר`),יוניליוור ישראל שיווק בעמ,,,יח`,3.40,100 גרם,false,1,14.50,4.26,true,1,
7290112490827,false,בדין תרסיס למייבש כביסה בייבי 500 מל,יוניליוור ישראל שיווק בעמ,,,יח`,5,"100 מ""ל",false,1,20.30,4.06,true,1,
7290112491701,false,ברנפלקס חלבון 375 גר`,יוניליוור ישראל שיווק בעמ,,,יח`,3.75,100 גרם,false,1,23.40,6.24,true,1,
7290112491770,false,בייגלה דק דק מלח 300 גר`,יוניליוור ישראל שיווק בעמ,,,יח`,3,100 גרם,false,1,11.50,3.83,true,1,
7290112492449,false,שמפו פינוק שיער רגיל 700 מל,יוניליוור ישראל שיווק בעמ,,,יח`,7,100 גרם,false,1,13.50,1.93,true,1,
7290112492456,false,שמפו לשיער יבש פינוק (700 מל),יוניליוור ישראל שיווק בעמ,,,יח`,7,"100 מ""ל",false,1,13.50,1.93,true,1,
7290112492470,false,שמפו ומרכך פינוק 2ב (7001 מל),יוניליוור ישראל שיווק בעמ,,,יח`,7,"100 מ""ל",false,1,13.50,1.93,true,1,
7290112492487,false,שמפו פינוקשמן מרוקאי (700מל),יוניליוור ישראל שיווק בעמ,,,יח`,7,"100 מ""ל",false,1,13.50,1.93,true,1,
7290112492500,false,שמפו פינוקשמן קוקוס (700מל),יוניליוור ישראל שיווק בעמ,,,יח`,7,"100 מ""ל",false,1,13.50,1.93,true,1,
7290112492531,false,מרכך לשיער רגיל (700  מל)פינוק,יוניליוור ישראל שיווק בעמ,,,יח`,7,"100 מ""ל",false,1,13.50,1.93,true,1,
7290112492593,false,תחליב רחצה רגיל 700 מל פינוק,יוניליוור ישראל שיווק בעמ,,,יח`,7,"100 מ""ל",false,1,14.20,2.03,true,1,
7290112492609,false,תחליב רחצה לבנדר ווניל (700  מל)פינוק,יוניליוור ישראל שיווק בעמ,,,יח`,7,"100 מ""ל",false,1,14.20,2.03,true,1,
7290112492647,false,פינוק לגבר 3ב1 ספורט (700 מל),יוניליוור ישראל שיווק בעמ,,,יח`,7,"100 מ""ל",false,1,13.50,1.93,true,1,
7290112492982,false,מרק פטריות רכיבים טבעיים 400  גר`קנור,יוניליוור ישראל שיווק בעמ,,,יח`,4,100 גרם,false,1,29.50,7.38,true,1,
7290112492999,false,אבקת מרק טעם עוף 400  גר`קנור,יוניליוור ישראל שיווק בעמ,,,יח`,4,100 גרם,false,1,17.30,4.33,true,1,
7290112493293,false,נמס בכוס ירקות 100% רכיבים טביעיים קנור,יוניליוור ישראל שיווק בעמ,,,יח`,0.44,100 גרם,false,1,7.90,17.95,true,1,
7290112493927,false,שטראוס קרמיסימו בטעם ריבת חלב,גלידות שטראוס בעמ,,,יח`,1.33,1 ליטר,false,1,19.90,14.96,false,1,
7290112493934,false,שטראוס קרמיסימו וניל צרפתי,גלידות שטראוס בעמ,,,יח`,1.33,1 ליטר,false,1,19.90,14.96,false,1,
7290112494238,false,חטיף כדורים שוקולד חלב קליק (65 גרם),יוניליוור ישראל שיווק בעמ,,,יח`,0.65,100 גרם,false,1,6.40,9.85,true,1,
7290112494313,false,חטיף קליק קורנפלקס 65 גר`,יוניליוור ישראל שיווק בעמ,,,יח`,0.65,100 גרם,false,1,6.40,9.85,true,1,
7290112494344,false,קורנפלקס של אלופים תלמה (850 גרם)רבנות,יוניליוור ישראל שיווק בעמ,,,יח`,8.50,100 גרם,false,1,18.90,2.22,true,1,
7290112494351,false,קורנפלקס של אלופים תלמה (850 גרם).בדצ,יוניליוור ישראל שיווק בעמ,,,יח`,8.50,100 גרם,false,1,18.90,2.22,true,1,
7290112494801,false,ג`ל כביסה לבנה וצבעונית בניחוח בדין ורוד,יוניליוור ישראל שיווק בעמ,,,יח`,2.50,1 ליטר,false,1,30.90,12.36,true,1,
7290112495006,false,כריות נוגט 686  גר`תלמה,יוניליוור ישראל שיווק בעמ,,,יח`,6.86,100 גרם,false,1,25.90,3.78,true,1,
7290112495020,false,כריות צ`וקולדה תלמה (686  גר`),יוניליוור ישראל שיווק בעמ,,,יח`,6.86,100 גרם,false,1,30.90,4.50,true,1,
7290112495105,false,נישנושים תפוא שמנת בצל 260 גר`,יוניליוור ישראל שיווק בעמ,,,יח`,2.60,100 גרם,false,1,14.50,5.58,true,1,
7290112495228,false,קורנפלקס דבש 448  גר`תלמה,יוניליוור ישראל שיווק בעמ,,,יח`,4.48,100 גרם,false,1,16.90,3.77,true,1,
7290112495433,false,דליפקאן תוספת אגוזי פקאן ושקדים תלמה (40,יוניליוור ישראל שיווק בעמ,,,יח`,4,100 גרם,false,1,24.40,6.10,true,1,
7290112495754,false,רוטב לסלט אלף האיים הלמנס (305 מל),יוניליוור ישראל שיווק בעמ,,,יח`,3.05,"100 מ""ל",false,1,13.90,4.56,true,1,
7290112495983,false,פריכיות אורז מצופות שוקולד חלב מעולה ושב,יוניליוור ישראל שיווק בעמ,,,יח`,0.39,100 גרם,false,1,5.90,15.13,true,1,
7290112496027,false,סירופ בטעם שוקולד אפיכל כשלפ 580 גרם,יוניליוור ישראל שיווק בעמ,,,יח`,5.80,"100 מ""ל",false,1,12.90,2.22,true,1,
7290112496034,false,סירופ בטעם מייפל אפיכל כשלפ 580 גרם,יוניליוור ישראל שיווק בעמ,,,יח`,5.80,100 גרם,false,1,12.90,2.22,true,1,
7290112496218,false,טריאקיהפחתה של%50 סוכר ונתרן,יוניליוור ישראל שיווק בעמ,,,יח`,3.40,"100 מ""ל",false,1,13.90,4.09,true,1,
7290112496294,false,פתית ציפס אפונה בתוספת צ`לי 22 גר.,יוניליוור ישראל שיווק בעמ,,,יח`,0.22,100 גרם,false,1,5.90,26.82,true,1,
7290112497123,false,אבקת להכנת סחלב קנור (112 גר`),יוניליוור ישראל שיווק בעמ,,,יח`,1.12,100 גרם,false,1,14.50,12.95,true,1,
7290112498090,false,מרכך בתוספת שמן  חוחבה( 700  מל)פינוק,יוניליוור ישראל שיווק בעמ,,,יח`,7,"100 מ""ל",false,1,13.50,1.93,true,1,
7290112498526,false,פתית ציפס בטטה סגולה שמנת בצל,יוניליוור ישראל שיווק בעמ,,,יח`,0.22,100 גרם,false,1,5.90,26.82,true,1,
7290112498885,false,מאגדת גודי`ז תותים ושוקולד לבן,גלידות שטראוס בעמ,,,יח`,3.42,100 גרם,false,1,32.90,9.62,false,1,
7290112498922,false,מאגדת-מיני מגנום לבן,גלידות שטראוס בעמ,,,יח`,1,,false,1,30.50,30.50,false,1,
7290112498946,false,קשת בענן ארטיק ילדים 47 גר`,גלידות שטראוס בעמ,,,יח`,1,,false,1,6.60,6.60,true,1,
7290112499103,false,קורנטו קליק וניל עוגיות-שחור  לבן,גלידות שטראוס בעמ,,,יח`,1,,false,1,6.60,6.60,true,1,
7290112499127,false,מגנום שוקולד לבן ותות 77 גר`,גלידות שטראוס בעמ,,,יח`,1,,false,1,9.90,9.90,true,1,
7290112499141,false,סולרו קלאסיק חלבי-וניל  תפוח ירוק,גלידות שטראוס בעמ,,,יח`,1,,false,1,7.90,7.90,true,1,
7290112499189,false,שטראוס קרמיסימו חד קרן,גלידות שטראוס בעמ,,,יח`,1.33,1 ליטר,false,1,19.90,14.96,false,1,
7290112499196,false,שטראוס קרמיסימו החלב של הקורנפלקס,גלידות שטראוס בעמ,,,יח`,1.33,1 ליטר,false,1,19.90,14.96,false,1,
7290112499455,false,תחליב רחצה מרוקאי 700 מל פינוק,יוניליוור ישראל שיווק בעמ,,,יח`,7,"100 מ""ל",false,1,14.20,2.03,true,1,
7290112499479,false,פינוק שמפו בתוספת קרטין 700 מל,יוניליוור ישראל שיווק בעמ,,,יח`,7,"100 מ""ל",false,1,13.50,1.93,true,1,
7290112499486,false,מרכך בתוספת קרטין 700 מל פינוק,יוניליוור ישראל שיווק בעמ,,,יח`,7,"100 מ""ל",false,1,13.50,1.93,true,1,
7290112499493,false,רקסונה דאודורנט ספריי בניחוח במבוק אלוור,יוניליוור ישראל שיווק בעמ,,,יח`,1.50,"100 מ""ל",false,1,16.30,10.87,true,1,
7290112499646,false,טילון קורנטו סופר פקאן שטראוס,גלידות שטראוס בעמ,,,יח`,1,,false,1,9.90,9.90,true,1,
7290112499677,false,מגנום שוקולד לבן אימפאלס,גלידות שטראוס בעמ,,,יח`,0.85,100 גרם,false,1,9.90,11.65,true,1,
7290112499776,false,מאגדת לייט וניל עוגיות  עד( 99  קלוריות),גלידות שטראוס בעמ,,,יח`,3.42,100 גרם,false,1,32.90,9.62,false,1,
7290112499837,false,מגנום דואט שוקו לד עם נוגט שטראוס,גלידות שטראוס בעמ,,,יח`,0.90,100 גרם,false,1,9.90,11,true,1,
7290112499905,false,קורנטו קליק בטעם מרשמלו,גלידות שטראוס בעמ,,,יח`,1,,false,1,6.60,6.60,true,1,
7290112499929,false,מגנום שוקולד 85  גר`שטראוס,גלידות שטראוס בעמ,,,יח`,1,,false,1,9.90,9.90,true,1,
7290112499936,false,מגנום שקדים 85 גר`,גלידות שטראוס בעמ,,,יח`,1,,false,1,9.90,9.90,true,1,
7290112499943,false,מאגדת-מיני מגנום קלאסיק שוקולד,גלידות שטראוס בעמ,,,יח`,1,,false,1,35.60,35.60,false,1,
7290112961266,false,בייגלה כפיות פיזור איטלקי 300 גר` אסם,קבוצת אסם סחר שות. מוגבלת,,,יח`,3,100 גרם,false,1,10.10,3.37,true,1,
7290112961372,false,חטיפי פריכיות דקות קינמון 60 גר` פיטנס,קבוצת אסם סחר שות. מוגבלת,,,יח`,0.60,100 גרם,false,1,9.90,16.50,false,1,
7290112961464,false,חטיפי פריכיות דקות מתובלות 60 גר` פיטנס,קבוצת אסם סחר שות. מוגבלת,,,יח`,0.60,100 גרם,false,1,9.90,16.50,false,1,
7290112963918,false,חטיפי קרקר דק רוזמרין 140 גר` פיטנס,קבוצת אסם סחר שות. מוגבלת,,,יח`,1.40,100 גרם,false,1,12.90,9.21,true,1,
7290112965585,false,פסטה קסרצה 500  גר`פרפקטו אסם,קבוצת אסם סחר שות. מוגבלת,,,יח`,5,100 גרם,false,1,8.90,1.78,false,1,
7290112965660,false,חטיף מולטיגריין מלח פלפל ( 25 גר`) פיטנס,קבוצת אסם סחר שות. מוגבלת,,,יח`,1,,false,1,5.90,5.90,false,1,
7290112965684,false,חטיף מולטיגריין עשבי תיבול ( 25 גר`) פיט,קבוצת אסם סחר שות. מוגבלת,,,יח`,1,100 גרם,false,1,5.90,5.90,false,1,
7290112965905,false,בייגלה שמיניות במליחות מעודנת 400 גר` אס,קבוצת אסם סחר שות. מוגבלת,,,יח`,4,100 גרם,false,1,11.10,2.78,true,1,
7290112966001,false,ארוחת ירוקים 450 גר` טבעול גורמה,קבוצת אסם סחר שות. מוגבלת,,,יח`,4.50,100 גרם,false,1,35.90,7.98,true,1,
7290112966025,false,בייגלה כפיות כפרי טוגו 60  גר`אסם,קבוצת אסם סחר שות. מוגבלת,,,יח`,0.60,100 גרם,false,1,3.60,6,false,1,
7290112966247,false,לחמית כוסמין 200  גר`אסם,קבוצת אסם סחר שות. מוגבלת,,,יח`,2,100 גרם,false,1,11.20,5.60,true,1,
7290112966445,false,במבה מתוקה אריזה גדולה 100  גר`אסם,קבוצת אסם סחר שות. מוגבלת,,,יח`,1,100 גרם,false,1,9.90,9.90,false,1,
7290112966681,false,בייגלה רומני בונז`ור,קבוצת אסם סחר שות. מוגבלת,,,יח`,1,,false,1,4.20,4.20,true,1,
7290112966803,false,אינסטנט פודינג בטעם שוקולד אסם (88 גרם),קבוצת אסם סחר שות. מוגבלת,,,יח`,0.88,100 גרם,false,1,5.90,6.70,false,1,
7290112967114,false,חטיפי פריכיות קטניות ופלפל 60 גר` פיטנס,קבוצת אסם סחר שות. מוגבלת,,,יח`,0.60,100 גרם,false,1,9.90,16.50,false,1,
7290112967206,false,במבה מתוקה מארז 10 יח,קבוצת אסם סחר שות. מוגבלת,,,יח`,1.50,100 גרם,false,1,13.90,9.27,false,1,
7290112967572,false,רוטב ברביקיו ( 290 מל) אסם,קבוצת אסם סחר שות. מוגבלת,,,יח`,2.50,100 גרם,false,1,13.20,5.28,true,1,
7290112968203,false,סלט טחינה בלאדי 250  גר`צבר,קבוצת אסם סחר שות. מוגבלת,,,יח`,2.50,100 גרם,false,1,10.90,4.36,false,1,
7290112968807,false,חטיפי קרקר דק סלק 140 גר` פיטנס,קבוצת אסם סחר שות. מוגבלת,,,יח`,1.40,100 גרם,false,1,12.90,9.21,true,1,
7290112968821,false,חטיפי קרקר דק בטטה 140 גר` פיטנס,קבוצת אסם סחר שות. מוגבלת,,,יח`,1.40,100 גרם,false,1,12.90,9.21,true,1,
7290112969460,false,בורקס מיני פילס קשקבל בונז`ור מאפית,קבוצת אסם סחר שות. מוגבלת,,,"ק""ג",10,100 גרם,true,1,39,3.90,false,1,
7290113192164,false,אגוזי קשיו קלופים 150  גר`ששון הקולה,דין שיווק וקליה 2021 בעמ,,,יח`,1.50,100 גרם,false,1,15.90,10.60,false,1,
7290113192317,false,זיתים מושחרים טבעות בית השיטה (280 גרם),קבוצת אסם סחר שות. מוגבלת,,,יח`,2.80,100 גרם,false,1,12,4.29,false,1,
7290113192324,false,זיתים ירוקים שלמים בינוניים 560  גר`בית,קבוצת אסם סחר שות. מוגבלת,,,יח`,5.60,100 גרם,false,1,10.90,1.95,false,1,
7290113192331,false,זיתים ירוקים שלמים גדולים 340 גר`,קבוצת אסם סחר שות. מוגבלת,,,יח`,3.40,100 גרם,false,1,10.90,3.21,false,1,
7290113192348,false,זית ירוק טעם שום  (34017-19 גר`),קבוצת אסם סחר שות. מוגבלת,,,יח`,3.40,100 גרם,false,1,11.50,3.38,true,1,
7290113192355,false,זיתים חרוזית ירוק A2 בית השיטה,קבוצת אסם סחר שות. מוגבלת,,,יח`,5.60,100 גרם,false,1,11.50,2.05,true,1,
7290113192485,false,מלפפון בחומץ 10-12 A2 בית השיטה ( 290 גר,קבוצת אסם סחר שות. מוגבלת,,,יח`,2.90,100 גרם,false,1,8.40,2.90,true,1,
7290113192515,false,מלפפון במלח 18-25 A2 בית  השיטה( 320 גר`,קבוצת אסם סחר שות. מוגבלת,,,יח`,3.20,100 גרם,false,1,13.50,4.22,false,1,
7290113192560,false,פלפל חריף כבוש שיפקה בית השיטה (430 גר`),קבוצת אסם סחר שות. מוגבלת,,,יח`,4.30,100 גרם,false,1,7.90,1.84,true,1,
7290113192577,false,כרוב כבוש בית השיטה (430 גר`),קבוצת אסם סחר שות. מוגבלת,,,יח`,4.30,100 גרם,false,1,8.90,2.07,false,1,
7290113193321,false,שמן זית כתית מעולה 750 מל בית השיטה,קבוצת אסם סחר שות. מוגבלת,,,יח`,7.50,"100 מ""ל",false,1,30.90,4.12,false,1,
7290113193369,false,תרסיס שמן קנולה מזוכך בית השיטה 150 מל,קבוצת אסם סחר שות. מוגבלת,,,יח`,1.50,"100 מ""ל",false,1,14.90,9.93,false,1,
7290113194090,false,טבעות קלמטה 280  גר`בית השיטה,קבוצת אסם סחר שות. מוגבלת,,,יח`,2.80,100 גרם,false,1,11.90,4.25,false,1,
7290113196018,false,פסטה ביסלי שקדיה 500 גר`.,דין שיווק וקליה 2021 בעמ,,,יח`,5,100 גרם,false,1,4.90,0.98,true,1,
7290113196032,false,פסטה צדפים שקדיה 500 גר` .,דין שיווק וקליה 2021 בעמ,,,יח`,5,100 גרם,false,1,4.90,0.98,true,1,
7290113196506,false,פרכיות כוסמת ללא מלח 150 גר`,דין שיווק וקליה 2021 בעמ,,,יח`,1.50,100 גרם,false,1,11.90,7.93,true,1,
7290114310215,false,טרה שמנת מתוקה עמידה בקבוק 38% 250 מל,החב` המרכזית - טרה,,,יח`,2.50,"100 מ""ל",false,1,6.47,2.59,false,1,
7290114310222,false,חלב מועשר בסידן ווטמין D  טרה( 1.5 ליט,החב` המרכזית - טרה,,,יח`,0.0150,"100 מ""ל",false,1,12.50,833.33,false,1,
7290114310239,false,חלב נטול לקטוז  מעושר( 1.5  ליטר)בויטמין,החב` המרכזית - טרה,,,יח`,0.0150,"100 מ""ל",false,1,12.50,833.33,false,1,
7290114310338,false,צפתית מעודנת  (2255%  גר`)משק צוריאל,החב` המרכזית - טרה,,,יח`,2.55,100 גרם,false,1,19.10,7.49,false,1,
7290114310345,false,מעדן יוגרוט בטעם תות  (1.5% 125 גר`),החב` המרכזית - טרה,,,יח`,1.25,100 גרם,false,1,3,2.40,true,1,
7290114310536,false,יוגורט מולר אקטיב וניל חלבון 25 גר`,החב` המרכזית - טרה,,,יח`,2,100 גרם,false,1,6.20,3.10,true,1,
7290114310550,false,צוריאל פטה עיזים מעודנת 5% 200 גר,החב` המרכזית - טרה,,,יח`,2,100 גרם,false,1,24.10,12.05,false,1,
7290114310567,false,צוריאל לאבנה עיזים 5% 200 גר,החב` המרכזית - טרה,,,יח`,2,100 גרם,false,1,14.60,7.30,true,1,
7290114310611,false,משקה חלב בננה בבקבוק 250 מל טרה,החב` המרכזית - טרה,,,יח`,2.50,"100 מ""ל",false,1,5.20,2.08,false,1,
7290114310673,false,לאבנה מחלב בקר 9% שומן 250 גרם,החב` המרכזית - טרה,,,יח`,2.50,100 גרם,false,1,12.50,5,false,1,
7290114310901,false,גבינה לבנה 5% 250  גר`פיקוח,החב` המרכזית - טרה,,,יח`,2.50,100 גרם,false,1,4.98,1.99,false,1,
7290114311014,false,אייס קפוצ`ינו פקק ספורט 250 מל טרה,החב` המרכזית - טרה,,,יח`,2.50,"100 מ""ל",false,1,5.20,2.08,false,1,
7290114311069,false,יוגורט מולר אקטיב 0% לבן חלבון 25 גר,החב` המרכזית - טרה,,,יח`,2,100 גרם,false,1,6.20,3.10,true,1,
7290114311076,false,חמאת מולר צהובה עם שום 200 גר`,החב` המרכזית - טרה,,,יח`,2,100 גרם,false,1,11.50,5.75,false,1,
7290114311304,false,קציפת מנגו פסיפלורה בננה מולר פרופ 150 ג,החב` המרכזית - טרה,,,יח`,1.50,"100 מ""ל",false,1,5.30,3.53,false,1,
7290114311328,false,חלב נטול לקטוז מועשר בוויטמין D טרה,החב` המרכזית - טרה,,,יח`,1,1 ליטר,false,1,7.50,7.50,false,1,
7290114311359,false,קציפת מנגו 3% שומן מולר פרופ 150 גר`,החב` המרכזית - טרה,,,יח`,1.50,"100 מ""ל",false,1,5.30,3.53,false,1,
7290114311458,false,חלב קרטון 3% מועשר ויטמין די 1 ליטר,החב` המרכזית - טרה,,,יח`,1,1 ליטר,false,1,7.10,7.10,false,1,
7290114603539,false,קרוטונים למרק שום בצל 350  גר`מאסטר שף,ש.שסטוביץ בעמ,,,יח`,3.50,100 גרם,false,1,19.90,5.69,false,1,
7290114606554,false,מיונז לייט לחיץ 470 גרם מאסטר שף,ש.שסטוביץ בעמ,,,יח`,4.70,100 גרם,false,1,15.90,3.38,false,1,
7290115190014,false,מרלבורו רד חפיסה) (20,פיליפ מוריס בעמ,,,יח`,1,,false,1,38.50,38.50,true,1,
7290115190076,false,מרלבורו גולד 100 חפיסה) (20,פיליפ מוריס בעמ,,,יח`,1,,false,1,38.50,38.50,true,1,
7290115190083,false,מרלבורו גולד פאקט) (10 חדש,פיליפ מוריס בעמ,,,יח`,1,,false,1,335,335,false,1,
7290115190090,false,מרלבורו גולד חפיסה) (20,פיליפ מוריס בעמ,,,יח`,1,,false,1,38.50,38.50,true,1,
7290115190137,false,מרלבורו גולדפין  טאצ`בודד,פיליפ מוריס בעמ,,,יח`,1,,false,1,33.50,33.50,true,1,
7290115190151,false,מרלבורו גולד  טאצ`בודד,פיליפ מוריס בעמ,,,יח`,1,,false,1,33.50,33.50,true,1,
7290115190175,false,פרלמנט סופר סלימס בודד,פיליפ מוריס בעמ,,,יח`,1,,false,1,43.50,43.50,true,1,
7290115190236,false,פרלמנט קצר בלו בודד,פיליפ מוריס בעמ,,,יח`,1,,false,1,43.50,43.50,true,1,
7290115190250,false,פרלמנט קצר בודד,פיליפ מוריס בעמ,,,יח`,1,,false,1,43.50,43.50,true,1,
7290115190335,false,ל.מ. בלו לייבל ארוך בודד,פיליפ מוריס בעמ,,,יח`,1,,false,1,33,33,true,1,
7290115190359,false,אל.אמ בלו לייבל קצר חפיסה) (20,פיליפ מוריס בעמ,,,יח`,1,,false,1,33,33,true,1,
7290115190410,false,ל.מ סילבר לייבל בודד,פיליפ מוריס בעמ,,,יח`,1,,false,1,33,33,true,1,
7290115190434,false,אל.אמ וייב סלימס חפיסה) (20,פיליפ מוריס בעמ,,,יח`,1,,false,1,33,33,true,1,
7290115190458,false,נקסט  אדג`בודד,פיליפ מוריס בעמ,,,יח`,1,,false,1,29.50,29.50,true,1,
7290115190472,false,נקסט  אדג`בודד,פיליפ מוריס בעמ,,,יח`,1,,false,1,29.50,29.50,true,1,
7290115190496,false,נקסט 100 חפיסה) (20,פיליפ מוריס בעמ,,,יח`,1,,false,1,32,32,true,1,
7290115190519,false,נקסט לייט חפיסה) (20,פיליפ מוריס בעמ,,,יח`,1,,false,1,32,32,true,1,
7290115190533,false,נקסט ריסס 100 בודד,פיליפ מוריס בעמ,,,יח`,1,,false,1,29.50,29.50,true,1,
7290115190939,false,ל.מ קליק קפסולה חפיסה,פיליפ מוריס בעמ,,,יח`,1,,false,1,30,30,true,1,
7290115200003,false,פתי בר פינוקי וניל 200  גר`אסם,קבוצת אסם סחר שות. מוגבלת,,,יח`,2.20,100 גרם,false,1,11.90,5.41,true,1,
7290115201031,false,פתי בר דובי שוקולד 175  גר`אסם,קבוצת אסם סחר שות. מוגבלת,,,יח`,1.75,100 גרם,false,1,11.90,6.80,true,1,
7290115201451,false,לביבות בטטה וקארי 455 גר` טבעול גורמה,קבוצת אסם סחר שות. מוגבלת,,,יח`,4.55,100 גרם,false,1,35.90,7.89,true,1,
7290115201680,false,ביסלי חטיף בטעם ברביקין אסם (70 גרם),קבוצת אסם סחר שות. מוגבלת,,,יח`,0.70,100 גרם,false,1,4,5.71,true,1,
7290115201703,false,ביסלי חטיף בטעם ברביקין אסם (200 גרם),קבוצת אסם סחר שות. מוגבלת,,,יח`,2,100 גרם,false,1,9.10,4.55,true,1,
7290115201727,false,ביסלי חטיף בטעם בצל אסם (200 גרם),קבוצת אסם סחר שות. מוגבלת,,,יח`,2,100 גרם,false,1,9.10,4.55,true,1,
7290115202236,false,טופו קראנצי`ם 470 גרם טבעול,קבוצת אסם סחר שות. מוגבלת,,,יח`,4.70,100 גרם,false,1,34.60,7.36,true,1,
7290115202434,false,חומוס עם זעתר 375  גר`צבר,קבוצת אסם סחר שות. מוגבלת,,,יח`,3.75,100 גרם,false,1,13.30,3.55,false,1,
7290115203134,false,חטיף פופקו פופקורן במבה אסם (80 גרם),קבוצת אסם סחר שות. מוגבלת,,,יח`,0.80,100 גרם,false,1,6.10,7.63,true,1,
7290115203172,false,במבה פרו 80 גר`,קבוצת אסם סחר שות. מוגבלת,,,יח`,0.80,100 גרם,false,1,4.30,5.38,true,1,
7290115203486,false,פירורית טעם ביסלי גריל אסם (200 גרם),קבוצת אסם סחר שות. מוגבלת,,,יח`,2,100 גרם,false,1,7.50,3.75,false,1,
7290115204131,false,צבר סחוג ירוק 190 גר`,קבוצת אסם סחר שות. מוגבלת,,,יח`,1.90,100 גרם,false,1,12.90,6.79,false,1,
7290115205121,false,פיטנס בר פריכיות יוגורט תות 84 גרם.,קבוצת אסם סחר שות. מוגבלת,,,יח`,0.84,100 גרם,false,1,16.30,19.40,false,1,
7290115205176,false,חטיפי קרקר כפרי 140 גר` פיטנס,קבוצת אסם סחר שות. מוגבלת,,,יח`,1.40,100 גרם,false,1,12.90,9.21,true,1,
7290115205251,false,פיטנס בר פריכיות קרמל מלוח 84 גרם,קבוצת אסם סחר שות. מוגבלת,,,יח`,0.84,100 גרם,false,1,16.30,19.40,true,1,
7290115205312,false,חטיפי קרקר זיתים 140 גר` thin deli פיטנס,קבוצת אסם סחר שות. מוגבלת,,,יח`,1.40,100 גרם,false,1,12.90,9.21,true,1,
7290115205527,false,חטיף מולטיגריין עם עדשים ( 25 גר`) פיטנס,קבוצת אסם סחר שות. מוגבלת,,,יח`,0.25,100 גרם,false,1,5.90,23.60,false,1,
7290115205619,false,פתי בר פינוקי עוגת גבינה 220  גר`אסם,קבוצת אסם סחר שות. מוגבלת,,,יח`,2.20,100 גרם,false,1,11.90,5.41,false,1,
7290115205695,false,בצק לפיצה מצונן 460 גר` בונז`ור,קבוצת אסם סחר שות. מוגבלת,,,יח`,4.60,100 גרם,false,1,19.90,4.33,false,1,
7290115205978,false,פתי בר אצבעות שוקולד 180  גר`אסם,קבוצת אסם סחר שות. מוגבלת,,,יח`,1.80,100 גרם,false,1,13.20,7.33,false,1,
7290115206890,false,ביסלי חטיף בטעם המבורגר אסם (70 גרם),קבוצת אסם סחר שות. מוגבלת,,,יח`,0.70,100 גרם,false,1,4,5.71,true,1,
7290115207484,false,צבר חציל על האש 400 גר`,קבוצת אסם סחר שות. מוגבלת,,,יח`,4,100 גרם,false,1,16.90,4.23,false,1,
7290115207941,false,ויטמינצ`יק אננס 1 ליטר,קבוצת אסם סחר שות. מוגבלת,,,יח`,10,"100 מ""ל",false,1,20.90,2.09,false,1,
7290115208009,false,ויטמינצ`יק ענבים 1 ליטר,קבוצת אסם סחר שות. מוגבלת,,,יח`,10,"100 מ""ל",false,1,20.90,2.09,false,1,
7290115208047,false,סירופ פטל ויטמינצ`יק (1 ליטר),קבוצת אסם סחר שות. מוגבלת,,,יח`,10,"100 מ""ל",false,1,20.90,2.09,false,1,
7290115208344,false,בייגלה כפיות שמנת בצל אסם (300 גרם),קבוצת אסם סחר שות. מוגבלת,,,יח`,3,100 גרם,false,1,10.10,3.37,true,1,
7290115208566,false,אסם קרמוגית מיניס קרם בייגלה 200 גר`,קבוצת אסם סחר שות. מוגבלת,,,יח`,2,100 גרם,false,1,13.20,6.60,false,1,
7290115208597,false,קרמוגית מיניס קרמל מלוח 200 גר` אסם,קבוצת אסם סחר שות. מוגבלת,,,יח`,2,100 גרם,false,1,13.20,6.60,false,1,
7290115208801,false,קרקר לחמית דבש ואגוזים אסם (190 גרם),קבוצת אסם סחר שות. מוגבלת,,,יח`,1.90,100 גרם,false,1,12.20,6.42,true,1,
7290115209198,false,במבה אורירית 80 גר` אסם,קבוצת אסם סחר שות. מוגבלת,,,יח`,0.80,100 גרם,false,1,4.40,5.50,true,1,
7290115209235,false,ביסקוויט פתי בר קפה אסם (500 גרם),קבוצת אסם סחר שות. מוגבלת,,,יח`,5,100 גרם,false,1,12.90,2.58,false,1,
7290115400274,false,מיני דובשניות 400 גר,שיבולים יצור ושיווק מוצרי מאפה,,,יח`,4,100 גרם,false,1,9.90,2.48,false,1,
7290115670684,false,אנרג`י גרנולה אגוזים 400 גרם,שטראוס גרופ בעמ,,,יח`,4,100 גרם,false,1,13.90,3.48,false,1,
7290115670691,false,אנרג`י גרנולה פירות יער 400 גר,שטראוס גרופ בעמ,,,יח`,4,100 גרם,false,1,13.90,3.48,false,1,
7290115671162,false,סוכריות ג`לי ברכות 540 גר עלית,שטראוס גרופ בעמ,,,יח`,5.40,100 גרם,false,1,18.90,3.50,false,1,
7290115671353,false,מיני פינוקיות שחור לבן 180 גר`,שטראוס גרופ בעמ,,,יח`,1.80,100 גרם,false,1,11.90,6.61,false,1,
7290115675986,false,דנונה בר עם אגוזים מקורמלים 173 גרם,שטראוס גרופ בעמ/מצונן,,,יח`,1.73,"100 מ""ל",false,1,4.50,2.60,false,1,
7290115676037,false,משקה דנונה ריפרש תות דומדמניות,שטראוס גרופ בעמ/מצונן,,,יח`,2.50,100 גרם,false,1,5.50,2.20,false,1,
7290115676082,false,משקה דנונה פרו תות,שטראוס גרופ בעמ/מצונן,,,יח`,2.25,100 גרם,false,1,6.90,3.07,false,1,
7290115677089,false,קונפיטורת תפוח וקינמון יד מרדכי 340 גר`,שטראוס גרופ בעמ,,,יח`,3.40,100 גרם,false,1,12.90,3.79,false,1,
7290115677966,false,ממרח אבוקדו 200  גר`טעם הטבע,שטראוס גרופ בעמ/מצונן,,,יח`,2,100 גרם,false,1,14.90,7.45,false,1,
7290115678376,false,מעדן הגולן שוקולד 125 גרם,שטראוס גרופ בעמ/מצונן,,,יח`,1,,false,1,2.90,2.90,true,1,
7290115678383,false,מעדן הגולן שוקולד מריר 125 גרם,שטראוס גרופ בעמ/מצונן,,,יח`,1,,false,1,2.90,2.90,true,1,
7290115678598,false,חסה אייסברג חיתוך גס 300 שטראוס טעם הטבע,שטראוס גרופ בעמ/מצונן,,,יח`,3,100 גרם,false,1,9.30,3.10,false,1,
7290115679960,false,ציטוס פופקורן טבעי 60 גר`,שטראוס פריטו ליי בעמ,,,יח`,0.60,100 גרם,false,1,4.50,7.50,true,1,
7290116530871,false,נשנושים מיקס 240 גר`,יוניליוור ישראל שיווק בעמ,,,יח`,2.40,100 גרם,false,1,14.50,6.04,true,1,
7290116531083,false,ברנפלקס תלמה שקדים ודבש 400 גר`,יוניליוור ישראל שיווק בעמ,,,יח`,4,100 גרם,false,1,23.40,5.85,true,1,
7290116531779,false,בדין דפי מרכך למייבש כחול,יוניליוור ישראל שיווק בעמ,,,יח`,1,,false,1,19.50,19.50,true,1,
7290116531861,false,תחליב רחצה שייק תפוז בננה ואפרסק 700 מל,יוניליוור ישראל שיווק בעמ,,,יח`,7,"100 מ""ל",false,1,14.20,2.03,true,1,
7290116930282,false,ארוחה בקטנה לאבנה עם קרקרים 150 גר`,תנובה - חלב,,,יח`,1.50,100 גרם,false,1,7.90,5.27,false,1,
7290116930435,false,יוגורט גו סמיך דובדבן 0% שומן 200 גרם,תנובה - חלב,,,יח`,2,100 גרם,false,1,5.90,2.95,false,1,
7290116930626,false,ארוחה בקטנה צזיקי עם קרקרים 150 גר`,תנובה - חלב,,,יח`,1.50,100 גרם,false,1,7.90,5.27,false,1,
7290116930701,false,מעדן חלב גו בטעם קרמל מלוח 120 גר`,תנובה - חלב,,,יח`,1.20,100 גרם,false,1,4.90,4.08,false,1,
7290116931081,false,מעדן סויה בטעם טופי קרמל 125 גר`,תנובה - חלב,,,יח`,1.25,100 גרם,false,1,4.60,3.68,false,1,
7290116931104,false,יוגורט גו סמיך אננס 0% שומן 200 גרם,תנובה - חלב,,,יח`,2,100 גרם,false,1,5.90,2.95,false,1,
7290116931241,false,גבינת קוטג% `12תנובה (250 גרם),תנובה - חלב,,,יח`,2.50,100 גרם,false,1,5.80,2.32,false,1,
7290116931289,false,יוגורט גו סמיךאלפחורס 200 גרם,תנובה - חלב,,,יח`,2,100 גרם,false,1,5.90,2.95,false,1,
7290117260449,false,גבינה בולגרית מעודנת 5% למריחה טבעי 200,ג.וילי-פוד אינטרנשיונל **גבינו,,,יח`,2,100 גרם,false,1,10.90,5.45,false,1,
7290117260456,false,גבינה בולגרית מעודנת 5% למריחה זיתים 200,ג.וילי-פוד אינטרנשיונל **גבינו,,,יח`,2,100 גרם,false,1,10.90,5.45,false,1,
7290117260821,false,גבינת כבשים צ`אנק עם פטריות כמהין 150 גר,ג.וילי-פוד אינטרנשיונל **גבינו,,,יח`,1.50,100 גרם,false,1,25.90,17.27,false,1,
7290117260890,false,פופקורן בטעם קוקוס 90 גר`,ג.וילי-פוד אינטרנשיונל בעמ,,,יח`,0.90,100 גרם,false,1,6.90,7.67,true,1,
7290117261354,false,גבינת ריקוטה 5% 200 גר`,ג.וילי-פוד אינטרנשיונל **גבינו,,,יח`,2,100 גרם,false,1,10.90,5.45,true,1,
7290117261927,false,גבנית פקורינו מחלב כבשים 36% שומן 150 גר,ג.וילי-פוד אינטרנשיונל **גבינו,,,יח`,1.50,100 גרם,false,1,20.90,13.93,false,1,
7290117261989,false,גבינת מנורי רכה מחלב צאן 43% שומן 170 גר,ג.וילי-פוד אינטרנשיונל **גבינו,,,יח`,1.70,100 גרם,false,1,16.90,9.94,false,1,
7290117262290,false,פרלינים אגוזים במילוי פצפוצי דגנים מצופי,ג.וילי-פוד אינטרנשיונל בעמ,,,יח`,1,,false,1,4.90,4.90,true,1,
7290117262306,false,קורנפלקס מצופה שוקולד 50 גר`,ג.וילי-פוד אינטרנשיונל בעמ,,,יח`,1,,false,1,4.90,4.90,true,1,
7290117262313,false,פצפוצי דגנים פריכים מצופים שוקולד 50 גר`,ג.וילי-פוד אינטרנשיונל בעמ,,,יח`,1,,false,1,4.90,4.90,true,1,
7290117262320,false,ביסקוויט מצופה שוקולד 50 גר`,ג.וילי-פוד אינטרנשיונל בעמ,,,יח`,1,,false,1,4.90,4.90,true,1,
7290117263020,false,משקה יוגורט פרוביוטי פירות יער 200 מל,ג.וילי-פוד אינטרנשיונל **גבינו,,,יח`,2,"100 מ""ל",false,1,4.90,2.45,false,1,
7290117263037,false,מאפה דונאטס ציפוי טעם שוקולד,ג.וילי-פוד אינטרנשיונל **גבינו,,,יח`,1,,false,1,5.90,5.90,false,1,
7290117263044,false,מאפה דונאטס ציפוי שוקולדופסי וניל,ג.וילי-פוד אינטרנשיונל **גבינו,,,יח`,1,,false,1,5.90,5.90,false,1,
7290117263051,false,מאפה דונאטס במילוי קרם קרמל,ג.וילי-פוד אינטרנשיונל **גבינו,,,יח`,1,,false,1,6.90,6.90,false,1,
7290117263068,false,מאפה דונאטס ציפוי טעם קרמל,ג.וילי-פוד אינטרנשיונל **גבינו,,,יח`,1,,false,1,5.90,5.90,false,1,
7290117263075,false,מאפה דונאטס במילוי קרם אגוזים וציפוי שוק,ג.וילי-פוד אינטרנשיונל **גבינו,,,יח`,1,,false,1,6.90,6.90,false,1,
7290117263082,false,מאפה דונאטס 45 גר`,ג.וילי-פוד אינטרנשיונל **גבינו,,,יח`,0.45,100 גרם,false,1,5.90,13.11,false,1,
7290117263112,false,מאפה דונאטס ציפוי סוכריות טעם מסטיק,ג.וילי-פוד אינטרנשיונל **גבינו,,,יח`,0.45,100 גרם,false,1,5.90,13.11,false,1,
7290117263129,false,מאפה דונאטס במילוי מנגו וציפוי שבבי תפוז,ג.וילי-פוד אינטרנשיונל **גבינו,,,יח`,1,,false,1,6.90,6.90,false,1,
7290117380208,false,פוף קראנצ בטעם חמוץ חריף 60 גר`,ש.שסטוביץ בעמ,,,יח`,0.60,100 גרם,false,1,4.90,8.17,true,1,
7290117860038,false,הוואי תחליב רחצה יוגורט בניחוח אוכמניות,הנקל סוד בעמ,,,יח`,7,"100 מ""ל",false,1,14.90,2.13,false,1,
7290117860045,false,הוואי שמפו מטפח לשיער רגיל 700 מל,הנקל סוד בעמ,,,יח`,7,"100 מ""ל",false,1,14.90,2.13,true,1,
7290117860083,false,הוואי קרם רחצה בניחוח אירוס זהוב ודבש 70,הנקל סוד בעמ,,,יח`,7,"100 מ""ל",false,1,14.90,2.13,false,1,
7290117860090,false,הוואי מרכך מטפח לשיער רגיל 700 מל,הנקל סוד בעמ,,,יח`,7,"100 מ""ל",false,1,14.90,2.13,true,1,
7290117860137,false,הוואי קרם רחצה בניחוח פרח הקמליה 700 מל,הנקל סוד בעמ,,,יח`,7,"100 מ""ל",false,1,14.90,2.13,false,1,
7290117860144,false,הוואי שמפו למניעת קשקשים 700 מל,הנקל סוד בעמ,,,יח`,7,"100 מ""ל",false,1,14.90,2.13,true,1,
7290117860182,false,הוואי תחליב רחצה בניחוחמגנוליה ושמן שקדי,הנקל סוד בעמ,,,יח`,7,"100 מ""ל",false,1,14.90,2.13,false,1,
7290117860199,false,הוואי שמפו מעניק לחות לשיער יבש 700 מל,הנקל סוד בעמ,,,יח`,7,"100 מ""ל",false,1,14.90,2.13,true,1,
7290117860236,false,הוואי קרם רחצה בניחוח ויולה ורודה 700 מ,הנקל סוד בעמ,,,יח`,7,"100 מ""ל",false,1,14.90,2.13,false,1,
7290117860243,false,הוואי מרכך מעניק לחות לשיער יבש 700 מל,הנקל סוד בעמ,,,יח`,7,"100 מ""ל",false,1,14.90,2.13,true,1,
7290117860281,false,הוואי ג`ל רחצה לגבר בניחוח עוצמתי 700 מ,הנקל סוד בעמ,,,יח`,7,"100 מ""ל",false,1,14.90,2.13,false,1,
7290117860298,false,הוואי שמפו קרטין מחזק 700 מל,הנקל סוד בעמ,,,יח`,7,"100 מ""ל",false,1,14.90,2.13,true,1,
7290117860335,false,הוואי ג`ל רחצה לגבר בניחוח מעורר 700 מל,הנקל סוד בעמ,,,יח`,7,"100 מ""ל",false,1,14.90,2.13,false,1,
7290117860342,false,הוואי מרכך קרטין מחזק 700 מל,הנקל סוד בעמ,,,יח`,7,"100 מ""ל",false,1,14.90,2.13,true,1,
7290117860380,false,הוואי תחליב רחצה יוגורט בניחוח אלוורה 70,הנקל סוד בעמ,,,יח`,7,"100 מ""ל",false,1,14.90,2.13,false,1,
7290117860397,false,הוואי שמפו פריחת הדובדבן 700 מל,הנקל סוד בעמ,,,יח`,7,"100 מ""ל",false,1,14.90,2.13,true,1,
7290117860441,false,הוואי מרכך פריחת הדובדבן 700 מל,הנקל סוד בעמ,,,יח`,7,"100 מ""ל",false,1,14.90,2.13,true,1,
7290117860496,false,הוואי  שמפו+ מרכך 2ב1 700 מל,הנקל סוד בעמ,,,יח`,7,"100 מ""ל",false,1,14.90,2.13,true,1,
7290117860540,false,הוואי שמפו עדין לילדים 700 מל,הנקל סוד בעמ,,,יח`,7,"100 מ""ל",false,1,14.90,2.13,true,1,
7290117860595,false,הוואי מרכך מתיר קשרים לילדים 700 מל,הנקל סוד בעמ,,,יח`,7,"100 מ""ל",false,1,14.90,2.13,true,1,
7290117860649,false,הוואי שמפו ללא סולפטים 700 מל,הנקל סוד בעמ,,,יח`,7,"100 מ""ל",false,1,14.90,2.13,true,1,
7290117860694,false,הוואי מרכך ללא סולפטים 700 מל,הנקל סוד בעמ,,,יח`,7,"100 מ""ל",false,1,14.90,2.13,true,1,
7290117860748,false,הוואי שמפו מעניק נפח 700 מל,הנקל סוד בעמ,,,יח`,7,"100 מ""ל",false,1,14.90,2.13,true,1,
7290117860793,false,הוואי מרכך מעניק נפח 700 מל,הנקל סוד בעמ,,,יח`,7,"100 מ""ל",false,1,14.90,2.13,true,1,
7290117860847,false,הוואי שמפו 4ב1 לגבר רעננות קרירה 700 מל,הנקל סוד בעמ,,,יח`,7,"100 מ""ל",false,1,14.90,2.13,true,1,
7290117860892,false,הוואיתחליב רחצה יוגורט ניחוח וניל ודבש 7,הנקל סוד בעמ,,,יח`,7,"100 מ""ל",false,1,14.90,2.13,false,1,
7290117860946,false,הוואי תחליב רחצה יוגורט ניחוח קוקוס 700,הנקל סוד בעמ,,,יח`,7,"100 מ""ל",false,1,14.90,2.13,false,1,
7290117860991,false,הוואי תחליב רחצה יוגורט בניחוח שקדים 700,הנקל סוד בעמ,,,יח`,7,"100 מ""ל",false,1,14.90,2.13,false,1,
7290119041367,false,עוגיות סהרונים מצופות-אדל,שיבולים יצור ושיווק מוצרי מאפה,,,יח`,3.50,100 גרם,false,1,15.90,4.54,false,1,
7290119041411,false,עוגיות נסיכה טעם תות מצופות-אדל,שיבולים יצור ושיווק מוצרי מאפה,,,יח`,3.50,100 גרם,false,1,15.90,4.54,false,1,
7290119041466,false,עוגיות בסגנון מרוקאי עגולות  מצופות- אדל,שיבולים יצור ושיווק מוצרי מאפה,,,יח`,3.50,100 גרם,false,1,15.90,4.54,false,1,
7290119041510,false,עוגיות בסגנון מרוקאי עבות  מצופות- אדל,שיבולים יצור ושיווק מוצרי מאפה,,,יח`,3.50,100 גרם,false,1,15.90,4.54,false,1,
7290119041565,false,עוגיות פיצפוצי שוקו  מצופות- אדל,שיבולים יצור ושיווק מוצרי מאפה,,,יח`,3.50,100 גרם,false,1,15.90,4.54,false,1,
7290119041619,false,עוגיות פסים עלים מסוכרות  מצופות- אדל,שיבולים יצור ושיווק מוצרי מאפה,,,יח`,3.50,100 גרם,false,1,15.90,4.54,false,1,
7290119041664,false,עוגיות רשת שוקו מסוכרות  מצופות- אדל,שיבולים יצור ושיווק מוצרי מאפה,,,יח`,3.50,100 גרם,false,1,15.90,4.54,false,1,
7290119041718,false,עוגיות קוואקר ופצפוצי שוקו  מצופות- אדל,שיבולים יצור ושיווק מוצרי מאפה,,,יח`,3.50,100 גרם,false,1,15.90,4.54,false,1,
7290900010367,false,טורטיה 360 גר AVEL,אבאל יזמות בעמ,,,יח`,3.60,100 גרם,false,1,9.90,2.75,true,1,
7290900010664,false,ניוקי בטטה (1  קג)Avel,אבאל יזמות בעמ,,,יח`,10,100 גרם,false,1,9.90,0.99,false,1,
7394376123337,false,משקה שיבולת שועל אורגני 1 ליטר אוטלי,ש.שסטוביץ בעמ,,,יח`,1,1 ליטר,false,1,14.90,14.90,true,1,
7394376616778,false,משקה שיבולת שועל להקפצה בריסטה 1 ליטר או,ש.שסטוביץ בעמ,,,יח`,1,1 ליטר,false,1,16.90,16.90,true,1,
7501064191398,false,בירה קורונה 355 מל בקבוק שישייה,תימקו בירה בעמ,,,יח`,2.13,1 ליטר,false,1,35.90,16.01,true,1,
7610100034084,false,מיונז טומי שפורפרת 265 גר,ליימן שליסל בעמ,,,יח`,2.65,100 גרם,false,1,14.20,5.36,false,1,
7610400075770,false,לינדט לה גרנד שוקולד מריר אגוז 150 גרם,משה סידס ובנו בעמ,,,יח`,1.50,100 גרם,false,1,26.50,17.67,true,1,
7613030979647,false,טריקס נסטלה (480 גרם),קבוצת אסם סחר שות. מוגבלת,,,יח`,4.80,100 גרם,false,1,22.90,4.77,true,1,
7613033548192,false,פיטנס שוקולד מריר נסטלה (375 גרם),קבוצת אסם סחר שות. מוגבלת,,,יח`,3.75,100 גרם,false,1,20.30,5.41,true,1,
7613035635845,false,פיטנס גרנולה שוקולד 300  גר`אסם,קבוצת אסם סחר שות. מוגבלת,,,יח`,3,100 גרם,false,1,17.30,5.77,false,1,
7613035758834,false,פיטנס גרנולה חמוציות 300  גר`אסם,קבוצת אסם סחר שות. מוגבלת,,,יח`,3,100 גרם,false,1,17.30,5.77,false,1,
7613036387798,false,פיטנס יוגורט 350 גר` נסטלה,קבוצת אסם סחר שות. מוגבלת,,,יח`,3.50,100 גרם,false,1,20.30,5.80,true,1,
7613037686906,false,פיטנס שקדים ודבש (355 גרם) נסטלה,קבוצת אסם סחר שות. מוגבלת,,,יח`,3.55,100 גרם,false,1,20.30,5.72,true,1,
7613039770450,false,סנסשיונל בורגר 226 גר` טבעול,קבוצת אסם סחר שות. מוגבלת,,,יח`,2.26,100 גרם,false,1,29.90,13.23,true,1,
7613287186928,false,קפסולות קפה סומטרה (10  יח)סטארבקס (56 ג,קבוצת אסם סחר שות. מוגבלת,,,יח`,0.56,100 גרם,false,1,21.90,39.11,true,1,
7613287821348,false,נתחי סויה SENSATIONAL,קבוצת אסם סחר שות. מוגבלת,,,יח`,3.50,100 גרם,false,1,34.60,9.89,true,1,
7622010001858,false,אוראו וניל 176 גר`,דיפלומט היינץ,,,יח`,1.76,100 גרם,false,1,10.10,5.74,true,1,
7622201050757,false,שוקולד חלב עם קרמל מילקה (100 גרם),דיפלומט היינץ,,,יח`,1,100 גרם,false,1,6.50,6.50,true,1,
7622201502515,false,מילקה קוקי לופ 132 גר`,דיפלומט היינץ,,,יח`,1.32,100 גרם,false,1,13.50,10.23,true,1,
7622201801809,false,שוקולד חלב עם אגוזים מילקה (100 גרם),דיפלומט היינץ,,,יח`,1,100 גרם,false,1,6.50,6.50,true,1,
7622201802363,false,מילקה-שוק` חלבי עם צימוקים ואגוזים 100,דיפלומט היינץ,,,יח`,1,100 גרם,false,1,6.50,6.50,true,1,
7622201802394,false,שוקולד חלב מילקה (100 גרם),דיפלומט היינץ,,,יח`,1,100 גרם,false,1,6.50,6.50,true,1,
7622201808631,false,אוראו מיני כוסות בטעם וניל 67 גר`,דיפלומט היינץ,,,יח`,0.67,100 גרם,false,1,7.90,11.79,false,1,
7622201809188,false,מילקה ביסקויט מצופה שוקולד 150 גר`,דיפלומט היינץ,,,יח`,1.50,100 גרם,false,1,13.50,9,true,1,
7622201813390,false,וופל במילוי קרם קקאו מילקה (150 גרם),דיפלומט היינץ,,,יח`,1.50,100 גרם,false,1,15.20,10.13,true,1,
7622201823733,false,עוגיות מילקה ת`ניס דקות 151 גר`,דיפלומט היינץ,,,יח`,1.51,100 גרם,false,1,13.50,8.94,false,1,
7622210078131,false,שוקולד חלב דיים מילקה (100 גרם),דיפלומט היינץ,,,יח`,1,100 גרם,false,1,6.50,6.50,true,1,
7622210137234,false,עוגיות אוראו עם דאבל קרם וניל 170גרם,דיפלומט היינץ,,,יח`,1.70,100 גרם,false,1,11.20,6.59,true,1,
7622210163899,false,שוקולד חלב עם עדשים 100  גר`מילקה,דיפלומט היינץ,,,יח`,1,100 גרם,false,1,6.50,6.50,true,1,
7622210453327,false,מילקה סנסייטן 156 גר`,דיפלומט היינץ,,,יח`,1.56,100 גרם,false,1,13.50,8.65,true,1,
7622210826053,false,שוקולד מילקה אוראו סנדביץ 92 גר`,דיפלומט היינץ,,,יח`,0.92,100 גרם,false,1,6.50,7.07,true,1,
7622300270506,false,עוגיות מילקה גריינס שיבולת שועל,דיפלומט היינץ,,,יח`,1.68,100 גרם,false,1,13.50,8.04,true,1,
7622300441715,false,עוגיות מילקה השוקומיני150 גר,דיפלומט היינץ,,,יח`,1.50,100 גרם,false,1,13.50,9,true,1,
7622300489427,false,אוראו פאדג שוקולד לבן 246גר,דיפלומט היינץ,,,יח`,2.46,100 גרם,false,1,20.30,8.25,true,1,
7622300489434,false,עוגיות אוראו בציפוי שוקולד חלבי 246 גרם,דיפלומט היינץ,,,יח`,2.46,100 גרם,false,1,20.30,8.25,true,1,
7622300495046,false,שוקולד עם אקסטרה קקאו מילקה (100 גרם),דיפלומט היינץ,,,יח`,1,100 גרם,false,1,6.50,6.50,true,1,
7622300503079,false,ביסקוויט מצופה שוקולד מילקה (200 גרם),דיפלומט היינץ,,,יח`,2,100 גרם,false,1,13.50,6.75,true,1,
7622300617820,false,שוקולד אוראו מילקה (100 גרם),דיפלומט היינץ,,,יח`,1,100 גרם,false,1,6.50,6.50,true,1,
7622300761363,false,עוג מיני אוראו קרם שוקולד 67 גרם,דיפלומט היינץ,,,יח`,0.67,100 גרם,false,1,7.90,11.79,true,1,
7622400005190,false,שוקולד חלב ולבן מילקה (100 גרם),דיפלומט היינץ,,,יח`,1,100 גרם,false,1,6.50,6.50,true,1,
7630311507016,false,קפסולות קפה סטארבקס סאני דיי 12*57גר`,קבוצת אסם סחר שות. מוגבלת,,,יח`,0.57,100 גרם,false,1,21.90,38.42,true,1,
7702024074625,false,חטיפי קרקר חיטה מלאה 234  גר`פיטנס,קבוצת אסם סחר שות. מוגבלת,,,יח`,2.34,100 גרם,false,1,12.90,5.51,false,1,
7702174068826,false,לקקן יוגטה12 יח`,ליימן שליסל בעמ,,,יח`,2.16,100 גרם,false,1,11.90,5.51,false,1,
7702174068833,false,לקקן יוגטה גלידה12 יח`,ליימן שליסל בעמ,,,יח`,2.16,100 גרם,false,1,11.90,5.51,false,1,
7702174070201,false,לקקן יוגטה מג`יק 12 יח`,ליימן שליסל בעמ,,,יח`,1,,false,1,11.90,11.90,false,1,
7792860006218,false,סוכריות לקקן בייבי דול לריטייר (24 גרם),משה סידס ובנו בעמ,,,יח`,0.24,100 גרם,false,1,3,12.50,true,1,
7798304600011,false,אוכמניות-טרי 125 גר,בראשית - אגודה שיתופית*שיק 45,,,יח`,1.25,100 גרם,false,1,15,12,false,1,
7804632390255,false,אוכמניות טרי 125 גר,בראשית - אגודה שיתופית*שיק 45,,,יח`,1.25,100 גרם,false,1,15,12,false,1,
7804651030026,false,אוכמניות-טרי 125 גר,איגל טרייטדינג שיווק חקלאי בעמ,,,יח`,1.25,100 גרם,false,1,15,12,false,1,
8000215204554,false,משקה קוקוס ויטאריז 1 ליטר,נטורפוד בעמ,,,יח`,1,1 ליטר,false,1,13.90,13.90,false,1,
8000320010088,false,פסאטה צ`יריו במרקם גס 680 מל,דיפלומט היינץ,,,יח`,6.80,"100 מ""ל",false,1,11.90,1.75,false,1,
8000380003723,false,גרנד פטיסרי 100  גר`אגוז,ליימן שליסל בעמ,,,יח`,1,100 גרם,false,1,15.20,15.20,true,1,
8000380004676,false,וופל  סנדוויץ`בטעם וניל לואקר (200 גרם),ליימן שליסל בעמ,,,יח`,2,100 גרם,false,1,15.20,7.60,true,1,
8000380004911,false,קוארדטיני 250  גר`אגוז,ליימן שליסל בעמ,,,יח`,2.50,100 גרם,false,1,16.30,6.52,true,1,
8000380005598,false,טורטינה שישיה מריר 125 גר,ליימן שליסל בעמ,,,יח`,1.25,100 גרם,false,1,18.90,15.12,false,1,
8000380007219,false,וופל בטעם אגוזים לואקר (175 גרם),ליימן שליסל בעמ,,,יח`,1.75,100 גרם,false,1,11.90,6.80,false,1,
8000380007264,false,וופל קקאו לואקר (175 גרם),ליימן שליסל בעמ,,,יח`,1.75,100 גרם,false,1,11.90,6.80,false,1,
8000380106028,false,טורטינה שישיה אורגינל לואקר 125 גר,ליימן שליסל בעמ,,,יח`,1.25,100 גרם,false,1,18.90,15.12,false,1,
8000380180721,false,לואקר קלאסי שוקו חלב 175קג,ליימן שליסל בעמ,,,יח`,1.75,100 גרם,false,1,11.90,6.80,false,1,
8000380180745,false,קוארדטיני 250  גר` שוקו-חלב,ליימן שליסל בעמ,,,יח`,2.50,100 גרם,false,1,16.30,6.52,false,1,
8000380205400,false,קוארדטיני 250  גר`חמאת בוטנים,ליימן שליסל בעמ,,,יח`,2.50,100 גרם,false,1,16.30,6.52,false,1,
8000500023624,false,חטיף הפי היפו קינדר (5  יח`- 103.5 גרם),פרימיום-חברה לדברי מתיקה ולמסח,,,יח`,0.90,100 גרם,false,1,12.50,13.89,false,1,
8000500023976,false,בונבוניירת רפאלו פררו (150 גרם),פרימיום-חברה לדברי מתיקה ולמסח,,,יח`,1.50,100 גרם,false,1,16.90,11.27,false,1,
8000500026731,false,ביצת הפתעה קינדר (20x3 גרם),פרימיום-חברה לדברי מתיקה ולמסח,,,יח`,0.60,100 גרם,false,1,15.90,26.50,true,1,
8000500029350,false,קינדר בואנו וופל שלישייה (43x3 גרם),פרימיום-חברה לדברי מתיקה ולמסח,,,יח`,1.29,100 גרם,false,1,10.90,8.45,true,1,
8000500032237,false,רושר 375 גר`,פרימיום-חברה לדברי מתיקה ולמסח,,,יח`,3.75,100 גרם,false,1,45.90,12.24,false,1,
8000500071083,false,אצבעות שוקולד קינדר (16  יח`- 200 גרם),פרימיום-חברה לדברי מתיקה ולמסח,,,יח`,2,100 גרם,false,1,11.90,5.95,false,1,
8000500121436,false,קינדר בואנו וופל לבן שלישייה (39x3גרם),פרימיום-חברה לדברי מתיקה ולמסח,,,יח`,1.17,100 גרם,false,1,10.90,9.32,true,1,
8000500126325,false,קינדר ג`וי  שלשות- ורוד,פרימיום-חברה לדברי מתיקה ולמסח,,,יח`,0.60,100 גרם,false,1,15.90,26.50,false,1,
8000500167656,false,קינדר שוקולד עם דגנים,פרימיום-חברה לדברי מתיקה ולמסח,,,יח`,1,,false,1,8.50,8.50,false,1,
8000500217740,false,קינדר בואנו מיני 86 גר`,פרימיום-חברה לדברי מתיקה ולמסח,,,יח`,1,,false,1,10.90,10.90,false,1,
8000500227848,false,נוטלה 132  גר`B ready,פרימיום-חברה לדברי מתיקה ולמסח,,,יח`,1.32,100 גרם,false,1,12.90,9.77,false,1,
8000500249352,false,קינדר בואנו מיני מיקס,פרימיום-חברה לדברי מתיקה ולמסח,,,יח`,0,100 גרם,false,1,19.90,19.90,false,1,
8000500267103,false,10 עוגות אישית בעטיפה אישית 39  גר`קינדר,פרימיום-חברה לדברי מתיקה ולמסח,,,יח`,3.90,100 גרם,false,1,20.90,5.36,true,1,
8000500269169,false,קינדר קארדס 5  יח`128 גר`,פרימיום-חברה לדברי מתיקה ולמסח,,,יח`,1.28,100 גרם,false,1,14.90,11.64,false,1,
8000500310397,false,נוטלה ביסקוויט T12,פרימיום-חברה לדברי מתיקה ולמסח,,,יח`,1.66,100 גרם,false,1,15.90,9.58,false,1,
8000500366073,false,נוטלה ביסקוויט T20,פרימיום-חברה לדברי מתיקה ולמסח,,,יח`,2.76,100 גרם,false,1,20.90,7.57,false,1,
8000700000050,false,דאב סבון מוצק רביעיה,יוניליוור ישראל שיווק בעמ,,,יח`,4,100 גרם,false,1,13.20,3.30,true,1,
8001090016003,false,טבליות למדיח קלאסי הכל באחד פיירי,דיפלומט מפיצים (1968) בעמ,,,יח`,1,,false,1,44.90,44.90,false,1,
8001090290939,false,אורל בי משחת שיניים לובן בוהק,דיפלומט מפיצים (1968) בעמ,,,יח`,0.75,100 גרם,false,1,29.90,39.87,true,1,
8001090364104,false,אורל בי משחה שיניים G E אורגינל,דיפלומט מפיצים (1968) בעמ,,,יח`,0.75,100 גרם,false,1,18.90,25.20,true,1,
8001090375285,false,פנטן מרכך הקסם 200 מל למגע רק כמשי,דיפלומט מפיצים (1968) בעמ,,,יח`,2,"100 מ""ל",false,1,25.40,12.70,true,1,
8001090379399,false,חיתולי פמפרס פרימיום vp מידה 5 30 יח`,דיפלומט מפיצים (1968) בעמ,,,יח`,1,,false,1,33.90,33.90,true,1,
8001090458322,false,פיירי ורדים ומשי 1.015 מל,דיפלומט מפיצים (1968) בעמ,,,יח`,1.0150,1 ליטר,false,1,19.30,19.01,true,1,
8001090458353,false,פיירי אנטי בקטריאלי 515 מל,דיפלומט מפיצים (1968) בעמ,,,יח`,5.15,"100 מ""ל",false,1,11.90,2.31,true,1,
8001090540577,false,אורל בי מי פה 500 מל,דיפלומט מפיצים (1968) בעמ,,,יח`,5,"100 מ""ל",false,1,20.90,4.18,true,1,
8001090740717,false,מגן תחתון אולדייז נורמל אולווייז) (76,דיפלומט מפיצים (1968) בעמ,,,יח`,1,,false,1,24.90,24.90,true,1,
8001090832450,false,שמפו נוסחה קלאסית 660 מל פנטן,דיפלומט מפיצים (1968) בעמ,,,יח`,6.60,"100 מ""ל",false,1,20.90,3.17,true,1,
8001090832573,false,שמפו שמן לחות מוגברת 660 מל פנטן,דיפלומט מפיצים (1968) בעמ,,,יח`,6.60,"100 מ""ל",false,1,20.90,3.17,true,1,
8001090832610,false,שמפו שמן למגע רך כמשי 660 מל פנטן,דיפלומט מפיצים (1968) בעמ,,,יח`,6.60,"100 מ""ל",false,1,20.90,3.17,true,1,
8001090832818,false,קונדישנר נוסחה קלאסית 660 מל פנטן,דיפלומט מפיצים (1968) בעמ,,,יח`,6.60,"100 מ""ל",false,1,20.90,3.17,true,1,
8001090832931,false,קונדישנר למגע רך כמשי 660 מל פנטן,דיפלומט מפיצים (1968) בעמ,,,יח`,6.60,"100 מ""ל",false,1,20.90,3.17,true,1,
8001090899194,false,תחבושות אולוויז פלטינום נורמל 24 יח,דיפלומט מפיצים (1968) בעמ,,,יח`,1,,false,1,21.40,21.40,true,1,
8001090899255,false,תחבושות אולוויז פלטינום לילה 16 יח,דיפלומט מפיצים (1968) בעמ,,,יח`,1,,false,1,21.40,21.40,true,1,
8001090992338,false,פיירי קפסולות למדיח פלטינום פלוס 50 יח,דיפלומט מפיצים (1968) בעמ,,,יח`,1,,false,1,44.90,44.90,false,1,
8001100059242,false,וופל קוביות בטעם קקאו 250  גר`Balocco,אבאל יזמות בעמ,,,יח`,2.50,100 גרם,false,1,13.90,5.56,true,1,
8001100059259,false,וופל קוביות בטעם אגוזי לוז 250  גר`Baloc,אבאל יזמות בעמ,,,יח`,2.50,100 גרם,false,1,13.90,5.56,true,1,
8001100059266,false,וופל קוביות בטעם וניל 250  גר`Balocco,אבאל יזמות בעמ,,,יח`,2.50,100 גרם,false,1,13.90,5.56,true,1,
8001100067957,false,וופל קוביות בטעם אגוזי לוז 125 גר` Baloc,אבאל יזמות בעמ,,,יח`,1.25,100 גרם,false,1,10.90,8.72,true,1,
8001160001786,false,גטורייד ספורט כחול,טמפו משקאות בעמ,,,יח`,5,"100 מ""ל",false,1,10.90,2.12,true,1,
8001620017456,false,סאן בנדטו פקק ספורט מל שישייה,טמפו משקאות בעמ,,,יח`,30,"100 מ""ל",false,1,15.20,0.45,false,1,
8001841104751,false,חיתולי פמפרס פרימיום vp מידה 1 52 יח,דיפלומט מפיצים (1968) בעמ,,,יח`,1,,false,1,33.90,33.90,true,1,
8001841625188,false,נוזל כלים פלטינום לימון פיירי (515 מל),דיפלומט מפיצים (1968) בעמ,,,יח`,5.15,"100 מ""ל",false,1,11.90,2.31,true,1,
8001841625461,false,נוזל כלים פלטינום אורגינל פיירי (515 מל,דיפלומט מפיצים (1968) בעמ,,,יח`,5.15,"100 מ""ל",false,1,11.90,2.31,true,1,
8001841625508,false,נוזל כלים פיירי פלטינום 1.015 מל,דיפלומט מפיצים (1968) בעמ,,,יח`,1.0150,1 ליטר,false,1,19.30,19.01,true,1,
8001841669465,false,אריאל טבליות לכביסה 24 יחידות,דיפלומט מפיצים (1968) בעמ,,,יח`,1,,false,1,35.90,35.90,true,1,
8004030026018,false,ריו מארה אינסלטיסימי מקסיקני עם טונה 160,ש.שסטוביץ בעמ,,,יח`,1.60,100 גרם,false,1,19.30,12.06,false,1,
8004030102033,false,ריו מארה טונה בשמן זית לימון ופלפל שלייש,ש.שסטוביץ בעמ,,,יח`,2.40,100 גרם,false,1,29.90,12.46,false,1,
8004030344938,false,ריו מארה טונה בשמן זית שלישיות 80 גרם,ש.שסטוביץ בעמ,,,יח`,2.40,100 גרם,false,1,29.90,12.46,false,1,
8004030860001,false,ריו מארה אינסלטיסימיה קוסקוס עם טונה 160,ש.שסטוביץ בעמ,,,יח`,1.60,100 גרם,false,1,19.30,12.06,false,1,
8004800000071,false,גלילי ופל במילוי קרם אגוזי לוז בציפוי ש,תה ויסוצקי (ישראל) בעמ,,,יח`,1,100 גרם,false,1,12.90,12.90,true,1,
8004800005519,false,לאגו מיני רול-גלילי וופל במילוי קרם אג,תה ויסוצקי (ישראל) בעמ,,,יח`,1.25,100 גרם,false,1,10.90,8.72,true,1,
8005110002243,false,רכז עגבניות בשפרפרת 185  גר`mutti,רסטרטו יבוא ושיווק בעמ*אין החז,,,יח`,1.85,100 גרם,false,1,7.90,4.27,false,1,
8005110170300,false,עגבניות חתוכות דק 400  גר`שלישייה פולפה,רסטרטו יבוא ושיווק בעמ*אין החז,,,יח`,12,100 גרם,false,1,18.90,1.58,true,1,
8005110200014,false,רכז עגבניות 210  גר`motti,רסטרטו יבוא ושיווק בעמ*אין החז,,,יח`,2.10,100 גרם,false,1,7.90,3.76,false,1,
8006540112793,false,לנור מרכך מרוכז בניחוח יסמין 900 מל,דיפלומט מפיצים (1968) בעמ,,,יח`,9,"100 מ""ל",false,1,15.90,1.77,true,1,
8006540112823,false,לנור מרכך מרוכז בניחוח אוקיינוס 900 מל,דיפלומט מפיצים (1968) בעמ,,,יח`,9,"100 מ""ל",false,1,15.90,1.77,true,1,
8006540352960,false,טמפונים טמפקס פרל רגולר) (20,דיפלומט מפיצים (1968) בעמ,,,יח`,1,,false,1,34,34,true,1,
8006540358498,false,טמפונים טמפקס פרל סופר פלוס) (18,דיפלומט מפיצים (1968) בעמ,,,יח`,1,,false,1,34,34,true,1,
8006540429327,false,נוזל לניקוי כלים לימון פיירי (440 מל),דיפלומט מפיצים (1968) בעמ,,,יח`,4.40,"100 מ""ל",false,1,11.90,2.70,true,1,
8006540463550,false,טבליות למדיח פלטינום פיירי 63 יח`,דיפלומט מפיצים (1968) בעמ,,,יח`,1,,false,1,54.90,54.90,false,1,
8006540495186,false,לנור מרכך כביסה בייבי 900 מל,דיפלומט מפיצים (1968) בעמ,,,יח`,9,"100 מ""ל",false,1,15.90,1.77,true,1,
8006540495216,false,לנור מרכך מרוכז בניחוח אמאטיסט 900 מל,דיפלומט מפיצים (1968) בעמ,,,יח`,9,"100 מ""ל",false,1,15.90,1.77,true,1,
8007178120310,false,חומץ בלסמי גקובזי 500 מל,דיפלומט היינץ,,,יח`,5,"100 מ""ל",false,1,25.50,5.10,false,1,
8008660210045,false,מעדן פירות יער מנז אנד גאסר (300 גרם),תה ויסוצקי (ישראל) בעמ,,,יח`,3,100 גרם,false,1,18.30,6.10,false,1,
8008857200057,false,פסטה רג`ייה ספגטי שטוח 500  גר`תומר,תומר יבוא ושיווק מוצרי מזון (1,,,יח`,5,100 גרם,false,1,5.50,1.10,false,1,
8008857300238,false,פסטה רג`ייה גליל 500  גר`תומר,תומר יבוא ושיווק מוצרי מזון (1,,,יח`,5,100 גרם,false,1,5.50,1.10,false,1,
8008857300344,false,פסטה רג`ייה צינור 500  גר`תומר,תומר יבוא ושיווק מוצרי מזון (1,,,יח`,5,100 גרם,false,1,5.50,1.10,false,1,
8008857300627,false,פסטה רג`ייה 62 צדף 500  גר`תומר,תומר יבוא ושיווק מוצרי מזון (1,,,יח`,5,100 גרם,false,1,5.50,1.10,false,1,
8008857300634,false,פסטה רג`ייה 63 תלתל 500  גר`תומר,תומר יבוא ושיווק מוצרי מזון (1,,,יח`,5,100 גרם,false,1,5.50,1.10,false,1,
8008857300641,false,פסטה רג`ייה 64 קונכיה 500  גר`תומר,תומר יבוא ושיווק מוצרי מזון (1,,,יח`,5,100 גרם,false,1,5.50,1.10,false,1,
8076802085738,false,ברילה 500  גר`פנה רגטה צ.ק,ש.שסטוביץ בעמ,,,יח`,5,100 גרם,false,1,7.50,1.50,true,1,
8076802085981,false,ברילה 500  גר`פוזילי צ.ק,ש.שסטוביץ בעמ,,,יח`,5,100 גרם,false,1,7.50,1.50,true,1,
8076808070882,false,קנלוני מספר 88 ברילה (250 גרם),ש.שסטוביץ בעמ,,,יח`,2.50,100 גרם,false,1,15.90,6.36,false,1,
8076808150072,false,ברילה 500  גר`ספגטוני  מס`7 צ.א,ש.שסטוביץ בעמ,,,יח`,5,100 גרם,false,1,7.50,1.50,true,1,
8076809513692,false,רוטב לפסטה נפולטנה ברילה (400 גרם),ש.שסטוביץ בעמ,,,יח`,4,100 גרם,false,1,15.90,3.98,false,1,
8076809513739,false,רוטב לפסטה בזיליקום ברילה (400 גרם),ש.שסטוביץ בעמ,,,יח`,4,100 גרם,false,1,15.90,3.98,false,1,
8076809514774,false,פרפנדלה ברילה (250 גרם),ש.שסטוביץ בעמ,,,יח`,2.50,100 גרם,false,1,18.90,7.56,false,1,
8076809523561,false,רוטב לפסטה טוסקנה ברילה (400 גרם),ש.שסטוביץ בעמ,,,יח`,4,100 גרם,false,1,15.90,3.98,false,1,
8076809523714,false,טליאטלה ברילה (500 גרם),ש.שסטוביץ בעמ,,,יח`,5,100 גרם,false,1,26.90,5.38,false,1,
8410076600622,false,נייטשר וואלי 210  גר`שבבי שוקולד מריר,ליימן שליסל בעמ,,,יח`,2.10,100 גרם,false,1,14.90,7.10,false,1,
8410076610379,false,נייטשר וואלי פרוטאין בוטנים ושבבי שוקולד,ליימן שליסל בעמ,,,יח`,2.10,100 גרם,false,1,26.50,12.62,true,1,
8410076610492,false,נייטשר וואלי צ`ואי חטיף חמאת בוטנים,ליימן שליסל בעמ,,,יח`,1.50,100 גרם,false,1,14.90,9.93,false,1,
8410104045111,false,פינש מלח למדיח 2 קג`,רקיט בנקיזר (ניר איסט) בעמ,,,יח`,2,"ק""ג",false,1,15.90,7.95,false,1,
8423207206488,false,מרבה סלים דליס שוקולד חלב,ש.שסטוביץ בעמ,,,יח`,1.20,100 גרם,false,1,14.90,12.42,true,1,
8423207206495,false,מרבה סלים דליס שוקולד מריר,ש.שסטוביץ בעמ,,,יח`,1.20,100 גרם,false,1,14.90,12.42,true,1,
8423207206501,false,מרבה סלים דליס חצי מצופה,ש.שסטוביץ בעמ,,,יח`,0.78,100 גרם,false,1,14.90,19.10,true,1,
8423207207362,false,מרבה סלים דליס,ש.שסטוביץ בעמ,,,יח`,1.20,100 גרם,false,1,14.90,12.42,true,1,
8423207208260,false,מרבה סלים דליס שוקולד חלב ללא גלוטן,ש.שסטוביץ בעמ,,,יח`,1,,false,1,14.90,14.90,true,1,
8423207208697,false,סלים דליס לילדים עם שוקולד לבן,ש.שסטוביץ בעמ,,,יח`,0.78,100 גרם,false,1,14.90,19.10,true,1,
8423207208703,false,סלים דליס מהדורה מיוחדת עם שוקולד מריר,ש.שסטוביץ בעמ,,,יח`,0.78,100 גרם,false,1,14.90,19.10,true,1,
8423207210928,false,סלים דליס טופינג אגוזי לוז,ש.שסטוביץ בעמ,,,יח`,0.90,100 גרם,false,1,14.90,16.56,true,1,
8423207210942,false,סלים דליס טופינג פירות יער,ש.שסטוביץ בעמ,,,יח`,0.90,100 גרם,false,1,14.90,16.56,true,1,
8423207210980,false,סלים דליס טופינג קליפת תפוז,ש.שסטוביץ בעמ,,,יח`,0.90,100 גרם,false,1,14.90,16.56,true,1,
8593868006014,false,בירה בלו מון 500 מל,הכרם - משקאות חריפים בעמ,,,יח`,5,"100 מ""ל",false,1,10.90,2.12,false,1,
8606018615827,false,פיינט אוראו 300 גר`,נגה גלידות שותפות מוגבלת,,,יח`,3,100 גרם,false,1,22.90,7.63,false,1,
8606018615841,false,פיינט וניל ליבת שוקולד 300 גר`,נגה גלידות שותפות מוגבלת,,,יח`,3,100 גרם,false,1,22.90,7.63,false,1,
8606018615865,false,פיינט וליבת שוקולד 300 גר`,נגה גלידות שותפות מוגבלת,,,יח`,3,100 גרם,false,1,22.90,7.63,false,1,
8683130025581,false,בדין אקסטרא ענבר 960 מל .,יוניליוור ישראל שיווק בעמ,,,יח`,9.60,"100 מ""ל",false,1,17.30,1.80,true,1,
8686868600068,false,אביזרי שיער סרטים וקשתות,אל האופק שיווק וסחר,,,יח`,1,,false,1,8.90,8.90,false,1,
8686868600075,false,אביזרי שיער סיכות פפיון גדולות,אל האופק שיווק וסחר,,,יח`,1,,false,1,9.90,9.90,false,1,
8686868600112,false,אביזרי שיער,אל האופק שיווק וסחר,,,יח`,1,,false,1,13.90,13.90,false,1,
8686868600129,false,אביזרי שיער,אל האופק שיווק וסחר,,,יח`,1,,false,1,14.90,14.90,false,1,
8690637007705,false,מסטיקגם וניל וסטיק,גלידות שטראוס בעמ,,,יח`,1,,false,1,6.60,6.60,true,1,
8690637504426,false,סיף קרם לימון 500 מל,יוניליוור ישראל שיווק בעמ,,,יח`,5,"100 מ""ל",false,1,12.90,2.58,true,1,
8690637505607,false,מרכך בדין אקסטרה 960 מל בניחוח פינוק קלא,יוניליוור ישראל שיווק בעמ,,,יח`,9.60,"100 מ""ל",false,1,17.30,1.80,true,1,
8690637842399,false,מאגדת מגנום מיני דאבל פרי יער שוקולד,גלידות שטראוס בעמ,,,יח`,3.23,100 גרם,false,1,35.50,10.99,false,1,
8690637866753,false,בדין אקסטרא לבנדר 960 מל,יוניליוור ישראל שיווק בעמ,,,יח`,9.60,"100 מ""ל",false,1,17.30,1.80,true,1,
8690637890666,false,מאגדת מגנום דאבל פיסטוק,גלידות שטראוס בעמ,,,יח`,2.82,100 גרם,false,1,35.50,12.59,false,1,
8690637946301,false,בדין אקסטרא בייבי 960 מל,יוניליוור ישראל שיווק בעמ,,,יח`,9.60,"100 מ""ל",false,1,17.30,1.80,true,1,
8690637976995,false,בדין אקסטרא ורוד במיחוח סחלבים  פראי( 96,יוניליוור ישראל שיווק בעמ,,,יח`,9.60,"100 מ""ל",false,1,17.30,1.80,true,1,
8690766156367,false,טבלת שוקולד חלב מעולה 90  גר`גודייבה,תה ויסוצקי (ישראל) בעמ,,,יח`,0.90,100 גרם,false,1,15.90,17.67,true,1,
8690766156374,false,שוקולד מריר מעולה 72%  גודייבה( 90 גר`),תה ויסוצקי (ישראל) בעמ,,,יח`,0.90,100 גרם,false,1,15.90,17.67,true,1,
8690766156381,false,שוקולד מריר מעולה 90% גודייבה (90 גר`),תה ויסוצקי (ישראל) בעמ,,,יח`,0.90,100 גרם,false,1,15.90,17.67,true,1,
8690777221405,false,פלפל אדום קלוי על האש 650  גר`ויליפוד,ג.וילי-פוד אינטרנשיונל בעמ,,,יח`,6.50,100 גרם,false,1,14.20,2.18,true,1,
8691058141238,false,ערמונים שלמים קלויים וקלופים 100  גר`Ave,אבאל יזמות בעמ,,,יח`,1,100 גרם,false,1,5.50,5.50,true,1,
8691707036014,false,אוזמו שוקולד בצורת ביצה,מוחמד נעמה (1994) בעמ,,,יח`,1,,false,1,3.90,3.90,true,1,
8691707066035,false,אוזמו בורגר ביסקוויט סנדוויץ ממולא,מוחמד נעמה (1994) בעמ,,,יח`,1,,false,1,2.90,2.90,true,1,
8691707087962,false,אוזמו סוכריה שוקולד על מקל,מוחמד נעמה (1994) בעמ,,,יח`,1,,false,1,2.90,2.90,true,1,
8691707590042,false,אוזמו וופל בצורת טילון ממולא שוקולד (4יח,מוחמד נעמה (1994) בעמ,,,יח`,1,,false,1,6.90,6.90,true,1,
8693323099107,false,יוגטה מרשמלו לבבות 150 גר`,ליימן שליסל בעמ,,,יח`,1.50,100 גרם,false,1,9.90,6.60,false,1,
8693495002325,false,אג`קס נוזל ניקוי רצפות פרחים ורוד 2 ליטר,פארמה דיל (פ.א.ב.) שיווק והפצה,,,יח`,2,1 ליטר,false,1,15.90,7.95,false,1,
8693495048019,false,מברשת שיניים קולגייט 360 צ`רקואל זהב,פארמה דיל (פ.א.ב.) שיווק והפצה,,,יח`,1,,false,1,10.90,10.90,false,1,
8697530910743,false,פאל מאל כחול,גלוברנדס בעמ - שיווק סיגריות,,,יח`,1,,false,1,30,30,true,1,
8697826469092,false,טורטיה קטנה 540  גר`12יח,דין שיווק וקליה 2021 בעמ,,,יח`,5.40,100 גרם,false,1,10.90,2.02,true,1,
8699141054595,false,אוזמו האפי ביסקוויט במילוי,מוחמד נעמה (1994) בעמ,,,יח`,1,,false,1,1.90,1.90,true,1,
8710502139017,false,עוגיות טריפל שוקולד צ`יפס מרבה (180 גרם),ש.שסטוביץ בעמ,,,יח`,2.25,100 גרם,false,1,10.90,4.84,true,1,
8710502279010,false,עוגיות שוקולד צ`יפס מצופות שוקולד ( 175,ש.שסטוביץ בעמ,,,יח`,1.75,100 גרם,false,1,10.90,6.23,true,1,
8710502405204,false,מרבה עוגיותממולאות קרם שוקולד,ש.שסטוביץ בעמ,,,יח`,1.75,100 גרם,false,1,10.90,6.23,true,1,
8710502470028,false,עוגיות נוגטלי מרבה (160 גרם),ש.שסטוביץ בעמ,,,יח`,1.60,100 גרם,false,1,10.90,6.81,true,1,
8710800961310,false,מנטוס רביעיה,ליימן שליסל בעמ,,,יח`,1.50,100 גרם,false,1,14.90,9.93,false,1,
8711000362655,false,קפסולות קפה אספרסו אבסולו) (9 52  גר`לור,דיפלומט היינץ,,,יח`,1,,false,1,20.90,20.90,true,1,
8711000362747,false,קפסולות קפה אספרסו ריסטרטו) (11 52  גר`ל,דיפלומט היינץ,,,יח`,1,,false,1,20.90,20.90,true,1,
8711000371183,false,קפסולות קפה אספרסו קלאסיקו אינטנסו עוצמה,דיפלומט היינץ,,,יח`,1,,false,1,16.90,16.90,true,1,
8711000371244,false,קפסולות קפה אספרסו לונגו גייקבוס,דיפלומט היינץ,,,יח`,1,,false,1,16.90,16.90,true,1,
8712400802499,false,תחליף חלב שלב 1 נוטרילון (800 גרם),דיפלומט היינץ,,,יח`,8,100 גרם,false,1,64.90,8.11,true,1,
8712400802512,false,תחליף חלב שלב 2 נוטרילון (800 גרם),דיפלומט היינץ,,,יח`,8,100 גרם,false,1,64.90,8.11,true,1,
8714599513781,false,ג`יקובס גולד 200  גר`מיובש בהקפאה,דיפלומט היינץ,,,יח`,2,100 גרם,false,1,24.90,12.45,false,1,
8714599513866,false,קפה נמס קרוננג ג`יקובס 200 גר`,דיפלומט היינץ,,,יח`,2,100 גרם,false,1,24.90,12.45,false,1,
8714789394534,false,משחת שיניים קולגייט הגנה מפני  עששת- יבו,איינשטיין-צור יבוא-יצוא וסחר ב,,,יח`,1,100 גרם,false,1,9.90,9.90,false,1,
8714789450315,false,פלמוליב כלים שקוף לימון 1.5 ליטר,ש.שסטוביץ בעמ,,,יח`,1.50,1 ליטר,false,1,16.90,11.27,false,1,
8715700110141,false,מיונז צנצנת 460  גר`היינץ,דיפלומט היינץ,,,יח`,4.60,100 גרם,false,1,12.90,2.80,true,1,
8715700110158,false,מיונז לייט צנצנת 490  גר`היינץ,דיפלומט היינץ,,,יח`,4.90,100 גרם,false,1,12.90,2.63,true,1,
8715700117805,false,מתבל עגבניות ללתס ומלח 400 מל היינץ,דיפלומט היינץ,,,יח`,4,100 גרם,false,1,12.90,3.23,true,1,
8715700120867,false,היינץ קטשופ 460 גר`,דיפלומט היינץ,,,יח`,4.60,100 גרם,false,1,8.90,1.93,false,1,
8715700120874,false,קטשופ שום 460 גר` היינץ,דיפלומט היינץ,,,יח`,4.60,100 גרם,false,1,12.90,2.80,true,1,
8715700419732,false,מתבל עגבניות היינץ (700 גרם),דיפלומט היינץ,,,יח`,7,100 גרם,false,1,13.20,1.89,true,1,
8715700422473,false,ממרח לחיץ היינץ 395 גר ללא חומר משמר,דיפלומט היינץ,,,יח`,3.95,100 גרם,false,1,17.30,4.38,false,1,
8715700423906,false,היינץ מתבל עגבניות 555 גר,דיפלומט היינץ,,,יח`,5.55,100 גרם,false,1,13.20,2.38,true,1,
8717163647226,false,אקס ספריי גוף בלאק 150 מל,יוניליוור ישראל שיווק בעמ,,,יח`,1.50,"100 מ""ל",false,1,10.90,7.27,true,1,
8717163647233,false,אקס בלאק נייט ספריי 150 מל,יוניליוור ישראל שיווק בעמ,,,יח`,1.50,"100 מ""ל",false,1,10.90,7.27,true,1,
8717644390566,false,דאב סבון מוצק  רביעייה- מלפפונים ותה ירו,יוניליוור ישראל שיווק בעמ,,,יח`,4,100 גרם,false,1,13.20,3.30,true,1,
8717677336616,false,שוקולד מריר 70% עם שקדים ומלח טוניס שוקו,ליימן שליסל בעמ,,,יח`,1.80,100 גרם,false,1,20.90,11.61,false,1,
8717677336630,false,שוקולד חלב עם שקדים ודבש טוניס שוקולונלי,ליימן שליסל בעמ,,,יח`,1.80,100 גרם,false,1,20.90,11.61,false,1,
8717677336661,false,שוקולד מריר 70% טוניס שוקולונלי 180 גר`,ליימן שליסל בעמ,,,יח`,1.80,100 גרם,false,1,20.90,11.61,false,1,
8718951048461,false,אג`קס חלונות 750 מל יבוא מקביל טריפל אק,אופאל יאצא בעמ,,,יח`,7.50,"100 מ""ל",false,1,11.90,1.59,true,1,
8718951170445,false,קולגייט סמיילס משחת שיינים ילדים גילאי 2,ש.שסטוביץ בעמ,,,יח`,0.50,"100 מ""ל",false,1,12.90,25.80,false,1,
8718951236783,false,קולגייט משחת שיניים טוטל פרש סטריפ 100 מ,איינשטיין-צור יבוא-יצוא וסחר ב,,,יח`,1,"100 מ""ל",false,1,13.90,13.90,false,1,
8718951236806,false,קולגייט טוטאל משחת שיניים המסייעת בהסרת,ש.שסטוביץ בעמ,,,יח`,1,"100 מ""ל",false,1,17.90,17.90,true,1,
8718951253827,false,קולגייט משחת שיניים אופטיק פחם 75 מל,איינשטיין-צור יבוא-יצוא וסחר ב,,,יח`,0.75,"100 מ""ל",false,1,14.90,19.87,true,1,
8718951259409,false,פלמוליב נטורלס תחליב רחצה לחות מוגבר 750,ש.שסטוביץ בעמ,,,יח`,7.50,"100 מ""ל",false,1,20.90,2.79,true,1,
8718951264618,false,קולגיט אופטיק וויט עם פחם פעיל 75 מל,איינשטיין-צור יבוא-יצוא וסחר ב,,,יח`,0.75,"100 מ""ל",false,1,14.90,19.87,false,1,
8718951312722,false,קולגייט מקס פרש ווייט קריסטל,איינשטיין-צור יבוא-יצוא וסחר ב,,,יח`,1,"100 מ""ל",false,1,14.90,14.90,false,1,
8718951313576,false,קולגייט מקס פרש קולינג קריסטל 100 מל,איינשטיין-צור יבוא-יצוא וסחר ב,,,יח`,1,"100 מ""ל",false,1,14.90,14.90,false,1,
8718951315303,false,משחת שיניים להגנה מפני עששת 100*2 קולגיי,ש.שסטוביץ בעמ,,,יח`,2,100 גרם,false,1,20.90,10.45,false,1,
8718951443358,false,פלמוליב סבון ידיים הגיינה שלישייה,ש.שסטוביץ בעמ,,,יח`,9,"100 מ""ל",false,1,25.90,2.88,true,1,
8718951470538,false,קולגייט משחת שיניים מקס פרש 2*125 מל,ש.שסטוביץ בעמ,,,יח`,2.50,"100 מ""ל",false,1,30.90,12.36,false,1,
8719200215092,false,ויובלוק תחליף חמאה 250 גר`,דיפלומט היינץ,,,יח`,2.50,100 גרם,false,1,14.90,5.96,false,1,
8719200998001,false,בלו בנד בלי מלח 250 גר`,דיפלומט היינץ,,,יח`,2,100 גרם,false,1,4.60,2.30,false,1,
8719200998018,false,מרגרינה מחמאה בטעם חמאה 200  גר`בלובנד,דיפלומט היינץ,,,יח`,2,100 גרם,false,1,4.90,2.45,false,1,
8719200998032,false,מרגרינה למריחה בטעם חמאה (250  גרם)מזולה,דיפלומט היינץ,,,יח`,2.50,100 גרם,false,1,11.20,4.48,false,1,
8719200998087,false,מרגרינה מחמאה למריחה (250 גרם)בלובנד,דיפלומט היינץ,,,יח`,2.50,100 גרם,false,1,9,3.60,false,1,
8719200998100,false,מרגרינה לאפייה בטעם חמאה מזולה (200 גרם),דיפלומט היינץ,,,יח`,2,100 גרם,false,1,7.10,3.55,false,1,
8720181114465,false,אקס דאו ספריי לגבר 150 מל(יבוא  מקביל),איינשטיין-צור יבוא-יצוא וסחר ב,,,יח`,1.50,"100 מ""ל",false,1,10.90,7.27,true,1,
8720181114472,false,אקס דאו ספריי לגבר אפולו 150 מל(יבוא,איינשטיין-צור יבוא-יצוא וסחר ב,,,יח`,1.50,"100 מ""ל",false,1,10.90,7.27,true,1,
8720181114489,false,אקס דאו ספרי י black 150 מל לגבר(יבו,איינשטיין-צור יבוא-יצוא וסחר ב,,,יח`,1.50,"100 מ""ל",false,1,10.90,7.27,true,1,
8720181114496,false,אקס דאו ספריי לגבר DARK TEMPTATION 150 מ,איינשטיין-צור יבוא-יצוא וסחר ב,,,יח`,1.50,"100 מ""ל",false,1,10.90,7.27,true,1,
8801055707966,false,קפה טייסטרס צ`ויס בריסטה נסקפה (180 גרם),קבוצת אסם סחר שות. מוגבלת,,,יח`,1.80,100 גרם,false,1,32.90,18.28,false,1,
8801055709458,false,נס קפה קפוצ`ינו קרמל 170 גר`,קבוצת אסם סחר שות. מוגבלת,,,יח`,1.70,100 גרם,false,1,19.90,11.71,false,1,
8801055709465,false,נס קפה קפוצ`ינו וניל 185 גר`,קבוצת אסם סחר שות. מוגבלת,,,יח`,1.85,100 גרם,false,1,19.90,10.76,false,1,
8852633119039,false,רוטב דגים 300  מל- כשר,טחנת האבן קואופ בעמ,,,יח`,3,"100 מ""ל",false,1,11.90,3.97,false,1,
8857101301008,false,רוטב צ`ילי מתוק וילי פוד (700 מל),ג.וילי-פוד אינטרנשיונל בעמ,,,יח`,7,"100 מ""ל",false,1,11.20,1.60,false,1,
8888021200256,false,סוללות אנרג ייזר-שמיניה,דנשר (1963) בעמ,,,יח`,1,,false,1,26.90,26.90,false,1,
8888021200720,false,סוללות אנרג ייזר-שמיניה,דנשר (1963) בעמ,,,יח`,1,,false,1,26.90,26.90,false,1,
8901314116086,false,מברשת שיניים קולגייט ילדים באטמן,פארמה דיל (פ.א.ב.) שיווק והפצה,,,יח`,1,,false,1,10.90,10.90,false,1,
8901537024014,false,אורז בסמטי דאווט וילי פוד (1 קג),ג.וילי-פוד אינטרנשיונל בעמ,,,יח`,1,"ק""ג",false,1,11.90,11.90,false,1,
9002975393843,false,הריבו גולדברס 70 גר`,משה סידס ובנו בעמ,,,יח`,0.70,100 גרם,false,1,7.90,11.29,true,1,
9044400851672,false,סוכריות פז פו הדוב +3 מילויים,ר.ב מוצרי דגנים בעמ,,,יח`,0.2550,100 גרם,false,1,13.20,51.76,false,1,
9120097310545,false,חטיף מיני מיניונים מצונן 102.5 גר`,ג.וילי-פוד אינטרנשיונל **גבינו,,,יח`,1.0250,100 גרם,false,1,15.90,15.51,false,1,
9310072028743,false,חטיף שוקולד אורגינל טים טם (200 גרם),משה סידס ובנו בעמ,,,יח`,2,100 גרם,false,1,22.40,11.20,true,1,
9310072028750,false,חטיף שוקולד דאבל קרם טים טם (200 גרם),משה סידס ובנו בעמ,,,יח`,2,100 גרם,false,1,22.40,11.20,true,1,
9322969000015,false,פריכיות תירס 150 גר`,דנשר (1963) בעמ,,,יח`,1.50,100 גרם,false,1,15.50,10.33,false,1,
9322969000022,false,פריכיות תירס בטעם סויה וזרעים 150 גר`,דנשר (1963) בעמ,,,יח`,1.50,100 גרם,false,1,15.50,10.33,false,1,
9322969000039,false,פריכיות תירס עם ארבע דגנים מלאים 150 גר`,דנשר (1963) בעמ,,,יח`,1.50,100 גרם,false,1,15.50,10.33,false,1,
9720188050109,false,גבינת טופו בטעמים צוריאל,החב` המרכזית - טרה,,,יח`,2.27,100 גרם,false,1,21.90,9.65,false,1,
