code,internal_code,name,manufacturer_name,manufacture_country,manufacturer_item_description,unit_qty,quantity,unit_of_measure,weighted,qty_in_package,price,unit_of_measure_price,allow_discount,status,item_id
103,true,לחמניה בריאות,,,לחמניה בריאות,יח',1.00,יח',false,,3.50,3.5000,true,1,2398
301,true,בקבוק ריק חוזר בירה,,,בקבוק ריק חוזר בירה,יחידה,0.00,יחידה,false,,1.20,0.0000,true,1,6857
374,true,פטריות שמפניון,,,פטריות שמפניון,יח',1.00,יח',false,,8.90,8.9000,true,1,50694
395,true,לחמניה/כריך ילדים,,,לחמניה/כריך ילדים,יח',1.00,יח',false,,2.70,2.7000,true,1,2406
519,true,מעורב בבגט,,,מעורב בבגט,יחידה,0.00,יחידה,false,,25.00,0.0000,true,1,222677
998,true,חלה מתוקה קלועה,,,חלה מתוקה קלועה,יח',1.00,יח',false,,12.90,12.9000,true,1,2420
1003,true,לחמניה עגולה כפרית,,,לחמניה עגולה כפרית,יח',1.00,יח',false,,4.00,4.0000,true,1,2421
1009,true,בגט שלם,,,בגט שלם,יח',1.00,יח',false,,5.50,5.5000,true,1,2424
1011,true,לחמנית קוראסול,,,לחמנית קוראסול,יח',1.00,יח',false,,4.50,4.5000,true,1,2425
1014,true,בגט רוסטיק,,,בגט רוסטיק,יח',1.00,יח',false,,8.90,8.9000,true,1,2426
1020,true,שליש בגט,,,שליש בגט,יח',1.00,יח',false,,3.00,3.0000,true,1,2428
1028,true,חצי בגט,,,חצי בגט,יח',1.00,יח',false,,3.90,3.9000,true,1,2429
1050,true,לחמניה חיטה מלאה (10,,,לחמניה חיטה מלאה (10,יח',1.00,יח',false,,3.50,3.5000,true,1,2430
1058,true,חלה רגילה/חלה ציפורי,,,חלה רגילה/חלה ציפורי,גרמים,500.00,100 גרם,false,,5.17,0.0103,true,1,4435
1059,true,חלה מתוקה 500 גרם,,,חלה מתוקה 500 גרם,גרמים,500.00,100 גרם,false,,11.90,0.0238,true,1,4436
1073,true,סופגניה גדולה בודדת,,,סופגניה גדולה בודדת,יחידה,0.00,יחידה,false,,3.90,0.0000,true,1,2433
1075,true,אוזני המן פילסברי,,,אוזני המן פילסברי,קילוגרמים,1.00,"ק""ג",true,,40.00,40.0000,true,1,2434
1079,true,מיני סופגניה בודדת,,,מיני סופגניה בודדת,יחידה,0.00,יחידה,false,,3.30,0.0000,true,1,2436
1103,true,לחמניה אצבע (6500),,,לחמניה אצבע (6500),יח',1.00,יח',false,,2.90,2.9000,true,1,33956
1128,true,אגס חום,,,אגס חום,קילוגרמים,1.00,"ק""ג",true,,15.90,15.9000,true,1,50701
1165,true,מנגו,,,מנגו,קילוגרמים,1.00,"ק""ג",true,,55.00,55.0000,true,1,33802
1477,true,עגבניות מגי,,,עגבניות מגי,גרמים,450.00,100 גרם,false,,14.90,0.0331,true,1,69843
1494,true,תפו`א לבן תפזורת,,,תפו`א לבן תפזורת,קילוגרמים,1.00,"ק""ג",true,,5.90,5.9000,true,1,50715
1495,true,תפו`א אדום תפזורת,,,תפו`א אדום תפזורת,קילוגרמים,1.00,"ק""ג",true,,5.90,5.9000,true,1,50716
1499,true,עגבניות תמר,,,עגבניות תמר,קילוגרמים,1.00,"ק""ג",true,,6.90,6.9000,true,1,50718
1500,true,פלפל כתום,,,פלפל כתום,קילוגרמים,1.00,"ק""ג",true,,9.90,9.9000,true,1,50719
1501,true,עגבניות,,,עגבניות,קילוגרמים,1.00,"ק""ג",true,,6.90,6.9000,true,1,50720
1502,true,מלפפונים,,,מלפפונים,קילוגרמים,1.00,"ק""ג",true,,6.90,6.9000,true,1,50721
1503,true,גזר ארוז,,,גזר ארוז,קילוגרמים,1.00,"ק""ג",true,,4.90,4.9000,true,1,50722
1504,true,סלק,,,סלק,קילוגרמים,1.00,"ק""ג",true,,6.90,6.9000,true,1,50723
1505,true,כרוב לבן,,,כרוב לבן,קילוגרמים,1.00,"ק""ג",true,,4.90,4.9000,true,1,50724
1510,true,קישואים,,,קישואים,קילוגרמים,1.00,"ק""ג",true,,7.90,7.9000,true,1,50727
1511,true,חצילים,,,חצילים,קילוגרמים,1.00,"ק""ג",true,,7.90,7.9000,true,1,50728
1513,true,פלפל ירוק,,,פלפל ירוק,קילוגרמים,1.00,"ק""ג",true,,9.90,9.9000,true,1,50729
1514,true,פלפל בהיר,,,פלפל בהיר,קילוגרמים,1.00,"ק""ג",true,,9.90,9.9000,true,1,50730
1515,true,פלפל חריף,,,פלפל חריף,קילוגרמים,1.00,"ק""ג",true,,9.90,9.9000,true,1,50731
1516,true,פלפל אדום,,,פלפל אדום,קילוגרמים,1.00,"ק""ג",true,,9.90,9.9000,true,1,50732
1519,true,בצל יבש,,,בצל יבש,קילוגרמים,1.00,"ק""ג",true,,5.90,5.9000,true,1,50735
1521,true,קולורבי,,,קולורבי,קילוגרמים,1.00,"ק""ג",true,,9.90,9.9000,true,1,50736
1525,true,חציל ננסי,,,חציל ננסי,קילוגרמים,1.00,"ק""ג",true,,16.90,16.9000,true,1,50738
1530,true,נענע גומי,,,נענע גומי,יח',1.00,יח',false,,3.90,3.9000,true,1,35529
1535,true,תפו`א אדום ארוז,,,תפו`א אדום ארוז,קילוגרמים,1.00,"ק""ג",true,,5.90,5.9000,true,1,50743
1545,true,שום ארוז ייבוא יח',,,שום ארוז ייבוא יח',יח',1.00,יח',false,,5.90,5.9000,true,1,50751
1547,true,שומר,,,שומר,קילוגרמים,1.00,"ק""ג",true,,6.90,6.9000,true,1,50753
1550,true,תפו`א לבן ארוז,,,תפו`א לבן ארוז,קילוגרמים,1.00,"ק""ג",true,,5.90,5.9000,true,1,50754
1551,true,לימון,,,לימון,קילוגרמים,1.00,"ק""ג",true,,8.90,8.9000,true,1,50755
1552,true,תפוז,,,תפוז,קילוגרמים,1.00,"ק""ג",true,,6.90,6.9000,true,1,50756
1555,true,תפוז ארוז,,,תפוז ארוז,קילוגרמים,1.00,"ק""ג",true,,6.90,6.9000,true,1,50759
1556,true,בננה מובחרת,,,בננה מובחרת,קילוגרמים,1.00,"ק""ג",true,,7.90,7.9000,true,1,50760
1558,true,אשכולית צהובה,,,אשכולית צהובה,קילוגרמים,1.00,"ק""ג",true,,7.90,7.9000,true,1,50762
1560,true,דלעת ארוזה,,,דלעת ארוזה,קילוגרמים,1.00,"ק""ג",true,,9.90,9.9000,true,1,50764
1561,true,תפוח עץ זהוב,,,תפוח עץ זהוב,קילוגרמים,1.00,"ק""ג",true,,9.90,9.9000,true,1,50765
1562,true,תפוח עץ יונתן,,,תפוח עץ יונתן,קילוגרמים,1.00,"ק""ג",true,,9.90,9.9000,true,1,50766
1563,true,תפוח עץ חרמון,,,תפוח עץ חרמון,קילוגרמים,1.00,"ק""ג",true,,9.90,9.9000,true,1,50767
1564,true,תפוח עץ סמיט,,,תפוח עץ סמיט,קילוגרמים,1.00,"ק""ג",true,,9.90,9.9000,true,1,50768
1566,true,אפרסק,,,אפרסק,קילוגרמים,1.00,"ק""ג",true,,15.90,15.9000,true,1,50769
1568,true,רימון,,,רימון,קילוגרמים,1.00,"ק""ג",true,,13.90,13.9000,true,1,50771
1570,true,קלמנטינה,,,קלמנטינה,קילוגרמים,1.00,"ק""ג",true,,6.90,6.9000,true,1,50772
1572,true,אבוקדו מובחר,,,אבוקדו מובחר,קילוגרמים,1.00,"ק""ג",true,,14.90,14.9000,true,1,50774
1576,true,אגס,,,אגס,קילוגרמים,1.00,"ק""ג",true,,13.90,13.9000,true,1,50777
1581,true,פלפל צהוב,,,פלפל צהוב,קילוגרמים,1.00,"ק""ג",true,,9.90,9.9000,true,1,50779
1590,true,משורית סרט 1590 ממ,,,פומלה,קילוגרמים,1.00,"ק""ג",true,,7.90,7.9000,true,1,50784
1595,true,חציל בלדי,,,חציל בלדי,קילוגרמים,1.00,"ק""ג",true,,9.90,9.9000,true,1,50788
1602,true,תפוח עץ חרמון ברשת,,,תפוח עץ חרמון ברשת,קילוגרמים,1.00,"ק""ג",true,,5.90,5.9000,true,1,329771
1610,true,שרי אשכולות לקג,,,שרי אשכולות לקג,קילוגרמים,1.00,"ק""ג",true,,17.90,17.9000,true,1,50796
1611,true,תפוח עץ זהוב ברשת,,,תפוח עץ זהוב ברשת,קילוגרמים,1.00,"ק""ג",true,,5.90,5.9000,true,1,329772
1613,true,דלורית,,,דלורית,קילוגרמים,1.00,"ק""ג",true,,6.90,6.9000,true,1,50798
1615,true,בצל אדום,,,בצל אדום,קילוגרמים,1.00,"ק""ג",true,,6.90,6.9000,true,1,50800
1617,true,אננס,,,אננס,יח',1.00,יח',false,,36.90,36.9000,true,1,50801
1619,true,פומלית,,,פומלית,קילוגרמים,1.00,"ק""ג",true,,7.90,7.9000,true,1,50803
1620,true,קיווי,,,קיווי,קילוגרמים,1.00,"ק""ג",true,,17.90,17.9000,true,1,50804
1632,true,קישוא זוקיני ירוק,,,קישוא זוקיני ירוק,קילוגרמים,1.00,"ק""ג",true,,11.90,11.9000,true,1,50806
1635,true,אגס אדום,,,אגס אדום,קילוגרמים,1.00,"ק""ג",true,,15.90,15.9000,true,1,50808
1645,true,תפוח עץ גלה,,,תפוח עץ גלה,קילוגרמים,1.00,"ק""ג",true,,9.90,9.9000,true,1,50812
1683,true,תפוח עץ פינק קריפס,,,תפוח עץ פינק קריפס,קילוגרמים,1.00,"ק""ג",true,,11.90,11.9000,true,1,50824
1708,true,גזר תפזורת,,,גזר תפזורת,קילוגרמים,1.00,"ק""ג",true,,4.90,4.9000,true,1,50835
1854,true,שרי מיניאפלם,,,שרי מיניאפלם,יח',1.00,יח',false,,8.90,8.9000,true,1,46527
2000,true,"בורקס גבינה/תפו""א",,,"בורקס גבינה/תפו""א",קילוגרמים,1.00,"ק""ג",true,,43.00,43.0000,true,1,33959
2012,true,*מבצע* אוזני פיל פרו,,,אוזני פיל פרווה,קילוגרמים,1.00,"ק""ג",true,,26.90,26.9000,true,1,2448
4650,true,5 יח' לחמניות שמיניה,,,5 יח' לחמניות שמיניה,יח',1.00,יח',false,,16.90,16.9000,true,1,53859
5504,true,דונאטס בטעמים מצופה,,,דונאטס בטעמים מצופה,גרמים,45.00,100 גרם,false,,6.90,0.1533,true,1,2753
6013,true,"תרומה פתחון לב 10 ש""",,,"תרומה פתחון לב 10 ש""",יחידה,0.00,יחידה,false,,10.00,0.0000,true,1,242027
7664,true,שרי תמר תפזורת לובלו,,,שרי תמר תפזורת לובלו,קילוגרמים,1.00,"ק""ג",true,,19.90,19.9000,true,1,50886
8888,true,פיקדון זיכוי לקוח,,,פיקדון זיכוי לקוח,יחידה,0.00,יחידה,false,,0.30,0.0000,true,1,34538
9999,true,פיקדון בקבוקים,,,פיקדון בקבוקים,יחידה,0.00,יחידה,false,,0.30,0.0000,true,1,75
17079950,false,סרדינים בשמן קנולה (,,,סרדינים בשמן קנולה (,גרמים,125.00,100 גרם,false,,7.90,0.0632,true,1,247213
40052403,false,קיט קט 4 אצבעות שוקולד חלב,נסטלה Nestle,,קיט קט אצבעות 40 גרם,גרמים,40.00,100 גרם,false,,3.90,0.0975,true,1,41900
40345123,false,סמרטיז גליל סוכריות כפתורים 38 ג',נסטלה Nestle,,סמרטיס ג`ל 120גר,גרמים,38.00,100 גרם,false,,3.90,0.1026,true,1,41901
59455233,false,ווג ליידי כחול קופסה,Unknown,,ווג ליידי בלו קופסא,יחידה,0.00,יחידה,false,,37.50,0.0000,false,1,4093
72940754,false,"מילקי מעדן וניל עם קצפת שטראוס 133 מ""ל","שטראוס גרופ בע""\מ",,"מילקי וניל 170 מ""ל",מיליליטרים,170.00,"100 מ""ל",false,,2.90,0.0171,true,1,23194
72940761,false,"מילקי מעדן שוקולד עם קצפת שטראוס 133 מ""ל",מיוצר עי קונדיטוריית,,מילקי שוקולד מהדרין,מיליליטרים,170.00,"100 מ""ל",false,,2.90,0.0171,true,1,23195
72940952,false,מעדן מילקי בטעם שוקולד עם אקסטרה קצפת,"שטראוס גרופ בע""\מ",,מילקי אקסטראה קצפת מ,מיליליטרים,110.00,"100 מ""ל",false,,3.90,0.0355,true,1,23196
72940976,false,סלט כרוב אדום אחלה 250 גרם,מיוצר עי קונדיטוריית,,אחלה סלט כרוב אדום,גרמים,250.00,100 גרם,false,,9.50,0.0380,true,1,23197
72940983,false,סלט חומוס 250 גר אחל,מיוצר עי קונדיטוריית,,אחלה חומוס 250ג,גרמים,250.00,100 גרם,false,,6.90,0.0276,true,1,23198
72941041,false,מעדן מילקי מיני בטעם שוקולד עם קצפת,"שטראוס גרופ בע""\מ",,מיני מילקי שוקולד 70,מיליליטרים,70.00,"100 מ""ל",false,,2.50,0.0357,true,1,23199
72945308,false,קוביות שמרים לאפיה שמרית 2*25 ג',"פאקא תעשיות בע""\מ",,שמרית קוביות שמרים ל,גרמים,50.00,100 גרם,false,,3.50,0.0700,true,1,23200
72961223,false,"גילה 3% תנובה 200 מ""ל",תנובה מרכז שיתופי לש,,"גיל 3% בד""צ 200 מ""ל",מיליליטרים,200.00,"100 מ""ל",false,,1.51,0.0076,true,1,25676
72961506,false,יוגורט עם תות 1.5% שומן 125 ג' פרילי,מיוצר עי קונדיטוריית,,פרילי תות 1.5% 125מל,מיליליטרים,125.00,"100 מ""ל",false,,3.50,0.0280,true,1,25677
72961520,false,"פרילי יוגורט עם אננס 1.5% תנובה 125 מ""ל",מיוצר עי קונדיטוריית,,פרילי אננס 1.5% 125מ,מיליליטרים,125.00,"100 מ""ל",false,,3.50,0.0280,true,1,25679
72961544,false,"באדי יוגורט בטעם תות שדה 3% תנובה 125 מ""ל",מחלבת אלון תבור,,באדי תות 125מל,מיליליטרים,125.00,"100 מ""ל",false,,2.90,0.0232,true,1,25680
72964422,false,יוגורט פרחים 4.5% שומן 200 גרם,מחלבת תנובה,,תנובה יוגורט פרחים 4,מיליליטרים,200.00,"100 מ""ל",false,,2.90,0.0145,true,1,25688
72983997,false,קופסה גולף גולד ארוך בוקס,דובק,,גולף גולד ארוך,יחידה,0.00,יחידה,false,,29.90,0.0000,false,1,4534
72986233,false,באדי מעדן וניל גביע 1.5%שומן 125 גרם בדצ,מחלבת אלון תבור,,באדי וניל בדץ 125מל,מיליליטרים,125.00,"100 מ""ל",false,,2.90,0.0232,true,1,25689
72986240,false,באדי מעדן חלב בטעם שוקולד תנובה 125 גרם,מחלבת אלון תבור,,באדי שוקו בדץ 125מל,מיליליטרים,125.00,"100 מ""ל",false,,2.90,0.0232,true,1,25690
72986370,false,"גלידת בן & ג'ריס פיינטים וניל 500מ""ל",מוצרי איכות אמריקאיים,,גלידת פיינטים וניל צ,מיליליטרים,420.00,"100 מ""ל",false,,19.90,0.0474,true,1,14331
72986424,false,"גלידת בן & ג'ריס פיינטים קרם עוגיות 500מ""ל",מוצרי איכות אמריקאיים בע,,גלידת פיינטים קרם עו,מיליליטרים,420.00,"100 מ""ל",false,,19.90,0.0474,true,1,14332
72986448,false,"גלידת בן & ג'ריס פיינטים טופי קראנץ 500מ""ל",מוצרי איכות אמריקאיים בע,,גלידת טופי קרנץ,מיליליטרים,420.00,"100 מ""ל",false,,19.90,0.0474,true,1,14333
72986455,false,"גלידה ניו יורק סופר פאדג' צ'אנק בן אנד ג'ריס 500 מ""ל",מוצרי איכות אמריקאיים בע,,גלידת פיינטים ניו-יו,מיליליטרים,420.00,"100 מ""ל",false,,19.90,0.0474,true,1,14334
72986479,false,"גלידה שוקולד אגוז עם בננות בן וג'ירי 500 מ""ל",מוצרי איכות אמריקאיים בע,,גלידת פיינטים צאנקי,מיליליטרים,420.00,"100 מ""ל",false,,19.90,0.0474,true,1,14335
72989425,false,"גלידת בן & ג'ריס פיינטים שוקולד בראוניז 500מ""ל",מוצרי איכות אמריקאיים בע,,גלידת פיינטים שוקולד,מיליליטרים,500.00,"100 מ""ל",false,,19.90,0.0398,true,1,14337
72991381,false,סיגריות טיים 100 RED בודד,דובק,,טיים רד ארוך,יחידה,0.00,יחידה,false,,28.90,0.0000,false,1,4537
72991404,false,סיגריות אירופה חפיסה,דובק,,אירופה,יחידה,0.00,יחידה,false,,27.00,0.0000,false,1,4539
72991886,false,"גלידת דולצ'ה בטעם ריבת חלב עם פאדג' בן וג'ירי 500 מ""ל",מוצרי איכות אמריקאיים בע,,גלידת בן&גריס פיינט,מיליליטרים,750.00,"100 מ""ל",false,,19.90,0.0265,true,1,14338
80001287,false,וופל חטיף לואקר אגוז 38 גר',ליימן מותגים,,חטיף גרדנה אגוז 38 ג,גרמים,38.00,100 גרם,false,,3.90,0.1026,true,1,12524
80001461,false,חטיף גרנדה שוקולד 38 גרם,"א. לואקר קונפקט בע""מ",,'חטיף גרדנה שוקולד 3,גרמים,38.00,100 גרם,false,,3.90,0.1026,true,1,12526
80083764,false,גנדולה עוגיות דגנים ש.שועל אורגני 250,תות תעשיות מזון (201,,גנדולה - עוגיות דגני,גרמים,250.00,100 גרם,false,,13.90,0.0556,true,1,105195
80177173,false,ממרח שוקולד נוטלה 350 גרם,פררו - אלבה,,ממרח נוטלה קקאו עם א,גרמים,350.00,100 גרם,false,,14.90,0.0426,true,1,41423
80761761,false,קינדר בואנו לבן בודד 39 גרם,ליימן שליסל,,קינדר בואנו לבן 39ג,גרמים,43.00,100 גרם,false,,5.50,0.1279,true,1,41428
80762362,false,מנטוס גומי לעיסה ללא סוכר בטעם מנטה-אקליפטוס,"אינסטנטה בע""מ",,מנטוס וויט מסטיק בטע,גרמים,60.00,100 גרם,false,,10.90,0.1817,true,1,12534
80773429,false,מנטוס בקבוק מעוגל - מסטיק ללא סוכר בטעם תות 60 גרם,"פרפטי ואן מלה ג'\ידה,סאן",,מסטיק מנטוס בקבוק בט,גרמים,60.00,100 גרם,false,,10.90,0.1817,true,1,12542
80790990,false,מסטיק מנטוס בבקבוק מעוגל בטעם פירות -מנטה 60 ג',"פרפטי ואן מלה ג'\ידה,סאן",,מסטיק מנטוס בקבוק בט,גרמים,60.00,100 גרם,false,,10.90,0.1817,true,1,12547
80896081,false,מנטוס בקבוק מעוגל - מסטיק ללא סוכר בטעם אבטיח 60 גרם,"פרפטי ואן מלה ג'\ידה,סאן",,מסטיק מנטוס בקבוק בט,גרמים,60.00,100 גרם,false,,10.90,0.1817,true,1,12566
87108651,false,סוכריות בטעם מנטה מנטוס 4*37.5 גרם,הדקלאים אגודת שיתופי,,סוכריות מנטוס מנטה 1,גרמים,150.00,100 גרם,false,,10.90,0.0727,true,1,12582
87108712,false,סוכריות בטעם פירות מנטוס 4*37.5 גרם,פרפטי ואן מלה ברדה,,סוכריות מנטוס פירות,גרמים,150.00,100 גרם,false,,10.90,0.0727,true,1,12583
90087769,false,מיץ אננס 100% קרטונית ראוך,Rauch fruchtsafte gm,,מיץ אננס 1ל 100%,ליטרים,1.00,ליטר,false,,11.50,11.5000,true,1,24886
90087974,false,חומץ טבעי מתפוחים 750 מל,ראוך פרוכטסאפה,,חומץ תפוחים 5% תומר,מיליליטרים,750.00,"100 מ""ל",false,,13.90,0.0185,true,1,24888
198888886,false,עיגול אגורות,,,עיגול אגורות,יחידה,0.00,יחידה,false,,1.00,0.0000,true,1,47089
8100000159,false,שעריו בתודה,,,שעריו בתודה,יחידה,0.00,יחידה,false,,39.90,0.0000,true,1,41683
8100000357,false,בריתי- נשואים,,,בריתי- נשואים,יחידה,0.00,יחידה,false,,39.90,0.0000,true,1,41690
8112100298,false,"שמן שומשום טהור מזרח ומערב 185 מ""ל",Flavor full foods in,,שמן שומשום טהור לא מ,מיליליטרים,185.00,"100 מ""ל",false,,14.90,0.0805,true,1,47499
8421361250,false,בובת TY עיניים גדולות (S) דיוק הכלב לבן חום,,,בובות TY עיניים גדול,יחידה,0.00,יחידה,false,,28.90,0.0000,true,1,31740
10900145015,false,שקיות אשפה L 10 יחידות,דיימונד,,שקיות אשפה חזקות במי,גרמים,325.00,100 גרם,false,,12.90,0.0397,true,1,235335
10900634069,false,XL דיימונד שקיות אשפה חזקות במיוחד 8 יח,דיימונד,,שקיות אשפה חזקות במי,גרמים,325.00,100 גרם,false,,12.90,0.0397,true,1,235336
10900678148,false,דיאמונד רדיד אלומיניום נון סטיק,דיימונד,,רדיד אלומיניום נון ס,יחידה,0.00,יחידה,false,,14.90,0.0000,true,1,200710
16000281684,false,חטיפי גרנולה קראנצ'י עם פקאן נייצ'ר ואלי 5*42 גרם,ליימן מותגים,,חטיף שיבולת שועל מלא,גרמים,210.00,100 גרם,false,,19.90,0.0948,true,1,12592
16000548503,false,חטיפי גרנולה קראנצ'י עם מייפל וסוכר חום נייצ'ר ואלי 5*42 גרם,ג'נרל מילס סאן אדריאן,,חטיף קראנצי גרנולה מ,גרמים,210.00,100 גרם,false,,19.90,0.0948,true,1,12599
16229924263,false,"ארוי-די קרם קוקוס 250 מ""ל",תאי אגרי פוד פובליק קו'\,,"קרם קוקוס 250 מ""ל.",מיליליטרים,250.00,"100 מ""ל",false,,9.90,0.0396,true,1,3345
18000701223,false,"פילסברי, עוגה בטעם שוקולד, תערובת להכנת עוגה בטעם שוקולד. 500 גרם",הדקלאים אגודת שיתופי,,תערובת לעוגת שוק.דוי,גרמים,500.00,100 גרם,false,,18.90,0.0378,true,1,12604
18000703494,false,"פילסברי, עוגה בטעם וניל, תערובת להכנת עוגה בטעם וניל. 500 גרם.",הדקלאים אגודת שיתופי,,תערובת לעוגת וניל פר,גרמים,517.00,100 גרם,false,,18.90,0.0366,true,1,12605
18000766413,false,"פילסברי, עוגה בטעם שוקולד, תערובת להכנת עוגה בטעם שוקולד. 550 גרם.",הדקלאים אגודת שיתופי,,תערובת לעוגת בראוניס,גרמים,550.00,100 גרם,false,,18.90,0.0344,true,1,12607
25675120006,false,חמצוצים 4 צבעים טעמים טבעי 100 גרם,פאסין ב.ו,,חמצוצים חמצוצים טבעי,גרמים,100.00,100 גרם,false,,9.90,0.0990,true,1,3754
25675120068,false,מקלות חמצוצים בטעם קולה פשקז 100 גרם,פשקז Paskesz,,חמצוצים מקלות קולה 1,גרמים,100.00,100 גרם,false,,9.90,0.0990,true,1,3758
25700005674,false,זיפלוק שקיות אחסון סליידר גדולות 15 יחידות,אס.סי.ג'\ונסון מידרכט,,זיפלוק שקיות איחסון,גרמים,179.00,100 גרם,false,,15.90,0.0888,true,1,107028
25700005681,false,זיפלוק שקיות אחסון סליידר בינוניות 20 יחידות,אס.סי גונוסון,,זיפלוק שקיות איחסון,גרמים,140.00,100 גרם,false,,15.90,0.1136,true,1,107029
25700005698,false,זיפלוק שקיות אחסון בינוניות 24 יחידות,אס.סי.גונסון ובניו,,זיפלוק שקיות אחסון ב,גרמים,147.00,100 גרם,false,,12.90,0.0878,true,1,107044
37600207188,false,חמאת בוטנים סקיפי קלאסי 462 גרם,חברת המזון אלגוד,,סקיפי חמאת בוטנים קל,גרמים,462.00,100 גרם,false,,17.90,0.0387,true,1,5219
38000232152,false,פרינגלס חטיפי תפוח אדמה בטעם ברביקיו 158 גרם,פרינגלס מנופקצ'ורינג קומ,,פרינגלס ביג ברביקיו,גרמים,158.00,100 גרם,false,,8.90,0.0563,true,1,52812
38000232176,false,פרינגלס ביג שמנת בצל 158 גרם,פרינגלס מנופקצ'ורינג קונ,,פרינגלס ביג שמנת בצל,גרמים,158.00,100 גרם,false,,8.90,0.0563,true,1,52813
38000232183,false,פרינגלס ביג אורגינל 149 גרם,פרינגלס מנופקצ'ורינג קונ,,פרינגלס ביג אורגינל,גרמים,158.00,100 גרם,false,,8.90,0.0563,true,1,52814
50000015474,false,"מזון חתולים פריסקיז מעדני הים 1.43 ק""ג",פריסקיז,,פריסקיז מעדני הים 4*,קילוגרמים,1.40,"ק""ג",false,,39.90,28.5000,true,1,138882
50000084500,false,מזון יבש לחתול בטעם נתחי ברביקיו פריסקיז Friskies,נסטלה פורינה USA מק,,פריסקיז מעדני השף מנ,קילוגרמים,1.43,"ק""ג",false,,39.90,27.9021,true,1,18350
50000100347,false,"פריסקיז - מעדני החתול מועשר בחלב 1.40 ק""ג",נסטלה פורינה USA מק,,פריסקיז מעדני החתול,קילוגרמים,1.40,"ק""ג",false,,39.90,28.5000,true,1,18352
50000238910,false,"""פריסקיז פארטי מיקס אוריגי'נל קראנץ 60 גרם",נטסלה פורינה פטקר ארצות,,פריסקיז פארטי מיקס א,גרמים,60.00,100 גרם,false,,11.90,0.1983,true,1,296098
51500255162,false,"חמאת בוטנים לל""ג JIF אריזת 454ג'",ג'י.אס.קיי קונסיומר,,חמאת בוטנים קלאסית 4,גרמים,454.00,100 גרם,false,,17.90,0.0394,true,1,5444
54881000048,false,תה במבחר פרי הדר 20 שקיקים אחמד,אחמד תה אנגליה,,תה שחור מבחר פרי הדר,גרמים,695.00,100 גרם,false,,8.90,0.0128,true,1,116061
54881000055,false,תה שחור מבחר פירות 20 שקיות אחמד,אחמד תה אנגליה,,תה שחור מבחר פירות 2,גרמים,695.00,100 גרם,false,,8.90,0.0128,true,1,116062
54881003971,false,תה ירוק מבחר 20 שקיקים,אחמד תה אנגליה,,תה ירוקמ בחר 20 שקיו,גרמים,180.00,100 גרם,false,,9.90,0.0550,true,1,116065
54881004787,false,תה ירוק אחמד 100 שקיות,Sunshine tea (pvt) l,,תה ירוק 100 שקיות,גרמים,180.00,100 גרם,false,,14.90,0.0828,true,1,116034
54881008945,false,תה ירוק 20 שקיות AHMAD TEA,אחמד תה אנגליה,,תה ירוק 20 שקיות - ת,גרמים,180.00,100 גרם,false,,9.90,0.0550,true,1,116071
64144090013,false,פאם תרסיס על בסיס שמן קנולה בטעם חמאה,קונאגרה פודס,,תרסיס שמן פאם חמאה 1,מיליליטרים,148.00,"100 מ""ל",false,,17.90,0.1209,true,1,12634
64144090051,false,"ספריי שמן PAM קנולה אורגינל 148 מ""ל",קונאגרה פודס,,תרסיס שמן קנולה פאם,מיליליטרים,148.00,"100 מ""ל",false,,17.90,0.1209,true,1,12636
70177077693,false,תה אנגליש ברקפסט 25 שקיות טוינינגס 50 גר,אר. טווינינגס אנד קומפני,,טווינינג אינגליש ברק,גרמים,50.00,100 גרם,false,,19.90,0.3980,true,1,13662
76840400218,false,"גלידה בן&ג'ריס תות שדה ועוגת גבינה 500מ""ל",מוצרי איכות אמריקאיים בע,,בן&גריס גלידה תות שד,מיליליטרים,475.00,"100 מ""ל",false,,19.90,0.0419,true,1,14362
77245110610,false,סוכריות מאסט ללא סוכר בטעם מנטה 80 ג'עלית,MIESZKO S.A - MS. JO,,סוכריות מאסט ללא סוכ,גרמים,80.00,100 גרם,false,,7.90,0.0988,true,1,22143
77975094778,false,סניידרס שברי בייגלה בטעם דבש חרדל ובצל,סניידרס אוף האנובר,,סניידרס שברי בייגלה,גרמים,340.00,100 גרם,false,,15.90,0.0468,true,1,164704
613008753320,false,"אריזונה ג'ינסנג ודבש בקבוק 450 מ""ל.",לני אנד לארי,,אריזונה ג'נסנג ודבש,מיליליטרים,450.00,"100 מ""ל",false,,8.60,0.0191,true,1,39355
645173911038,false,קורנישון מלפפוןן מיני 720 גרם - תומר,קלמן אינדיה פי וי סי,,מלפפונים קורנישון מי,גרמים,720.00,100 גרם,false,,11.90,0.0165,true,1,24892
651080647519,false,קיסמים עם חוט דנטלי פלאקרס מנטה 35 יחידות,"פלקרס רנור ארה""ב",,פלאקרס חוט דנטלי מנט,יחידה,0.00,יחידה,false,,9.90,0.0000,true,1,5468
693493057820,false,חלת קונדיטור מאפיית הלמנס,ספיישל בייקרי,,חלה גדולה ארוזה בייק,גרמים,500.00,100 גרם,false,,13.90,0.0278,true,1,191242
693493065641,false,טחינה הר כנען טחינה שכם לבנה 100% 500 ג,,,טחינת הר כנען 100% ש,גרמים,500.00,100 גרם,false,,15.90,0.0318,true,1,208540
710535495539,false,"Avel – אורז בסמטי 96% 1 ק""ג",,,"אבאל אורז בסמטי 1 ק""",קילוגרמים,1.00,"ק""ג",false,,11.90,11.9000,true,1,81057
786150000274,false,"בירה לף בראון בקבוק 330 מ""ל","אינבב, ברוורייפליין",,בירה חזקה לף בראון 3,מיליליטרים,330.00,"100 מ""ל",false,,9.90,0.0300,true,1,237691
811146030178,false,טינגלרס פטל בשקית דיספליי 288 גרם,גוגרנולא פוד אינדסטר,,טינגלרס פטל בשקית 28,גרמים,288.00,100 גרם,false,,12.90,0.0448,true,1,12988
811146030185,false,טינגלרס דובדבן בשקית דיספליי 288 גרם,גוגרנולא פוד אינדסטר,,טינגרלס דובדבן בשקית,גרמים,288.00,100 גרם,false,,12.90,0.0448,true,1,233377
811146030383,false,סוכריות קשות לקקן בצורת ספינר 12 יחי',פרימיום פודס,,סוכריות קשות בטעם פי,גרמים,120.00,100 גרם,false,,12.90,0.1075,true,1,233348
811250030873,false,טנדורי נפטון 100 גרם,,,טנדורי נפטון 100 גרם,גרמים,100.00,100 גרם,false,,10.90,0.1090,true,1,34722
833949000264,false,"סירופ מייפל אמיתי 100% אורגני 250 מ""ל",דיקסר קוויבק,,סירופ מייפל אמיתי 10,גרמים,330.00,100 גרם,false,,30.90,0.0936,true,1,105427
835811000372,false,שקיות הקפאה למזון נשלף 100 יח',זמזמ תעשיות פלסטיק,,שקיות הקפאה למזון נש,יחידה,0.00,יחידה,false,,9.90,0.0000,true,1,7422
835811000426,false,מזלגות 50 יח` קרם עבה במיוחד,"גרנג יוניברס , הונג",,מזלגות 50 יח' קרם עב,יחידה,0.00,יחידה,false,,16.90,0.0000,true,1,7426
835811000433,false,סכינים קרם עבה במיוחד 50 יח',"גרנג יוניברס , הונג",,סכינים 50 יח' קרם עב,יחידה,0.00,יחידה,false,,16.90,0.0000,true,1,7427
835811001157,false,צלחות גדול מדקל עגול 10 יח,,,צלחות עגולות גדולות,יח',10.00,יח',false,,17.90,1.7900,true,1,188318
835811001201,false,מגש אובלי בינוני מדקל 5 יח,,,מגש אובלי בינוני מדק,יח',5.00,יח',false,,21.90,4.3800,true,1,188350
835811001676,false,"תבנית אלומיניום גדולה 32*26 ס""מ - 9 יח'",הנמל,,תבנית גדולה 9 יח. R-,יחידה,0.00,יחידה,false,,11.90,0.0000,true,1,7441
835811003588,false,צלחות קלאסי גדול לבן 65 יח' הנמל,,,צלחות קלאסי לבן גדול,יחידה,0.00,יחידה,false,,34.90,0.0000,true,1,235820
835811003595,false,צלחות קלאסי קטן לבן 65 יח' הנמל,,,צלחות קלאסי לבן קטן,יחידה,0.00,יחידה,false,,24.90,0.0000,true,1,235806
835811004332,true,צלחות מהודרות,,,צלחות מהודרות,,0.00,,false,,19.90,0.0000,true,1,84234
835811004431,false,מארז ממחטות טישו משי 100X5 יח',,,מארז ממחטות נייר טי,יח',5.00,יח',false,,9.90,1.9800,true,1,207171
835811004523,false,קשים מיוחדים לשייק הנמל 75 יחידות,,,הנמל קשים מיוחדים לש,יח',75.00,יח',false,,9.90,0.1320,true,1,7512
835811005803,false,שקיות אשפה עם ידיות 25 יח' X90-מרכז,תעשיות והשקעה אל רסא,,הנמל שקיות אשפה עם י,יחידה,0.00,יחידה,false,,12.90,0.0000,true,1,7559
835811005810,false,מגש הכסף תבנית מרובע קטן +מכסה 10 יח`,הנמל,,תבנית אלומיניום מרוב,יחידה,0.00,יחידה,false,,11.90,0.0000,true,1,7560
835811005940,false,מגש הכסף תבנית אלומ` גדולה + מכסה 8 יח`,,,תבנית גדולה עם מכסה,יחידה,0.00,יחידה,false,,11.90,0.0000,true,1,7563
835811006534,false,"כוסות קרטון לשתיה חמה 475 מ""ל",הנמל,,כוסות קרטון 50 יח 16,יחידה,0.00,יחידה,false,,23.90,0.0000,true,1,7601
835811007166,false,כוסות חד פעמיות מקרטון עם מכסה פלסטיק,"צח ייבוא ושיווק בע""מ",,'כוסות לקפה לדרך+מכס,יחידה,0.00,יחידה,false,,12.90,0.0000,true,1,7629
835811007180,false,פופ קורן הנמל 500 גר,יבוא ושיווק: הנמל אר,,פופ קורן הנמל 500 גר,גרמים,500.00,100 גרם,false,,6.90,0.0138,true,1,7630
835811007234,false,אפונה יבשה הנמל 500 ג',יבוא ושיווק: הנמל אר,,אפונה יבשה הנמל 500,גרמים,500.00,100 גרם,false,,5.90,0.0118,true,1,7634
835811007357,false,סלטינות אובלי 25 יח הנמל,הנמל,,סלטינות 25 יחידות,יחידה,0.00,יחידה,false,,8.90,0.0000,true,1,7637
835811008347,false,גפרור מיוחד ענק הנמל 1 יחידה,הנמל,,גפרור ענק,יחידה,0.00,יחידה,false,,7.90,0.0000,true,1,7652
835811008699,false,כפות שקוף/קרם עבה במיוחד הנמל 50 יח,"גרנג יוניברס , הונג",,כפות 50 יח שקוף עבה,יחידה,0.00,יחידה,false,,16.90,0.0000,true,1,7656
835811008958,false,כפיות 50 יח שקוף/קרם עבה במיוחד,"גרנג יוניברס , הונג",,כפיות 50 יח שקוף עבה,יחידה,0.00,יחידה,false,,16.90,0.0000,true,1,7669
835811008989,false,"כוסות משקה חם קרטון 355 מ""ל",הנמל,,כוסות קרטון 12 אוז 5,יחידה,0.00,יחידה,false,,19.90,0.0000,true,1,7671
835811008996,false,"כוסות חד פעמי קרטון 295 מ""ל",אכוף,,כוסות קרטון 10 אוז,יחידה,0.00,יחידה,false,,15.90,0.0000,true,1,7672
835811009016,false,כוסות מקרטון 4 אונז,הנמל,,כוסות קרטון 50 יח 4O,יחידה,0.00,יחידה,false,,7.90,0.0000,true,1,7674
877300000081,false,פלפל שחור טחון צנצנת,,,פלפל שחור טחון צנצנת,גרמים,100.00,100 גרם,false,,14.90,0.1490,true,1,34724
877300000364,false,אורגנו 20 גרם שקית.,,,אורגנו 20 גרם שקית.,גרמים,20.00,100 גרם,false,,4.90,0.2450,true,1,34725
877300001040,false,כורכום טחון 150 גרם,נפטון Neptune,,כורכום טחון 150גר,גרמים,150.00,100 גרם,false,,10.90,0.0727,true,1,34733
877300001101,false,נפטון קינמון טחון 15,נפטון Neptune,,נפטון קינמון טחון 15,גרמים,150.00,100 גרם,false,,10.90,0.0727,true,1,34737
877300001248,false,פפריקה מתוקה מרוקאית בשמן,נפטון Neptune,,נפטון פפריקה מתוקה 1,גרמים,150.00,100 גרם,false,,10.90,0.0727,true,1,34744
877300001286,false,כמון טחון 150 גרם,נפטון Neptune,,כמון טחון 150גר,גרמים,150.00,100 גרם,false,,10.90,0.0727,true,1,34745
877300001361,false,נפטון תבלין לשווארמה,,,נפטון תבלין לשווארמה,גרמים,150.00,100 גרם,false,,10.90,0.0727,true,1,34748
877300001385,false,תערובת תיבול לפרגיות,נפטון Neptune,,נפטון תבלין לפרגיות,גרמים,150.00,100 גרם,false,,10.90,0.0727,true,1,34750
877300001392,false,תערובת תיבול לגריל עוף,נפטון Neptune,,תבלין גריל עוף 150 ג,גרמים,150.00,100 גרם,false,,10.90,0.0727,true,1,34751
877300001576,false,תערובת תיבול על האש ברביקיו,נפטון Neptune,,תבלין על האש ברביקיו,גרמים,150.00,100 גרם,false,,10.90,0.0727,true,1,34756
877300002184,false,אריסה מתוקה נפטון 1,,,אריסה מתוקה נפטון 1,גרמים,180.00,100 גרם,false,,12.90,0.0717,true,1,34770
877300002290,false,פפריקה מרוקאית מעושנת 150 גרם-(צנצנת מרובעת),נפטון Neptune,,נפטון פפריקה מעושנת,גרמים,150.00,100 גרם,false,,10.90,0.0727,true,1,34773
877300002313,false,תבלין ראס אל חנות 150 גרם(צנצנת 150 חדשה),נפטון Neptune,,תבלין ראס אל חנות 15,גרמים,150.00,100 גרם,false,,10.90,0.0727,true,1,34774
877300003273,false,רוטב טריאקי 350 גרם,נפטון מוצרי מזון (1990),,רוטב טריאקי 350גר,גרמים,350.00,100 גרם,false,,13.00,0.0371,true,1,34784
877300003358,false,ממרח פלפל צ`ומה נפטו,,,ממרח פלפל צ`ומה נפטו,גרמים,180.00,100 גרם,false,,12.90,0.0717,true,1,34791
877300004614,false,גריל עוף 80 גרם שקית,,,גריל עוף 80 גרם.,גרמים,80.00,100 גרם,false,,4.90,0.0613,true,1,96994
877300007714,false,כורכום טחון 400 גרם,,,כורכום טחון 400גר,גרמים,400.00,100 גרם,false,,17.90,0.0447,true,1,34812
877300007721,false,כמון טחון 400 גרם,,,כמון טחון 400גר,גרמים,400.00,100 גרם,false,,17.90,0.0447,true,1,34813
877300007752,false,פפריקה מתוקה 400 גר,,,פפריקה מתוקה 400גר,גרמים,400.00,100 גרם,false,,17.90,0.0447,true,1,34815
877300008674,false,פלפל שחור שלם במטחנה,,,פלפל שחור שלם 45 גר`,גרמים,45.00,100 גרם,false,,13.90,0.3089,true,1,34823
877300008698,false,פלפלת ארבע עונות שלם,,,פלפלת 4 עונות שלם 30,גרמים,30.00,100 גרם,false,,13.90,0.4633,true,1,34825
877300009183,false,רוטב שמן זית ולימון,,,רוטב שמן זית ולימון,גרמים,300.00,100 גרם,false,,13.00,0.0433,true,1,34830
877300009725,false,אורגנו צנצנת מרובעת,,,אורגנו נפטון 60 גרם.,גרמים,60.00,100 גרם,false,,10.90,0.1817,true,1,34834
3014260201753,false,סכיני גילוח ג'ילט בלו 2 להבים - מארז 5 יח',דיפלומט מפיצים (1968) בעמ,,סכיני גילוח חד פעמיי,יחידה,0.00,יחידה,false,,12.90,0.0000,true,1,26743
3045206360609,false,"דזיטול נוזל מחטא בגדים בכביסה, 1 ליטר",יעקב יעקבי ובניו בעמ,,דזיטול נוזל מחטא בגד,מיליליטרים,1.00,"100 מ""ל",false,,23.90,23.9000,true,1,243439
3059943016507,false,"אירוויק ספריי בניחוח לבנדר וקמומיל 240 מ""ל",רקיט בנקיזר (ניר איסט) בעמ,,איירויק ספריי לבנדר,מיליליטרים,240.00,"100 מ""ל",false,,9.90,0.0413,true,1,20771
3059943016569,false,"מבשם אוויר אירוויק ספריי פרסיה ויסמין 240 מ""ל",רקיט בנקיזר (ניר איסט) בעמ,,אירוויק ספריי פרסיה,מיליליטרים,240.00,"100 מ""ל",false,,9.90,0.0413,true,1,20773
3068320055008,false,מים מינרלים אוויאן 500 מל,קריניציה ויטמינה אס,,מים מינרלים טבעיים מ,מיליליטרים,500.00,"100 מ""ל",false,,6.90,0.0138,true,1,29628
3068320063003,false,מים מינרלים אוויאן 330 מל,סוסיאטה אנונימה דס א,,מים מינרלים טבעיים מ,מיליליטרים,330.00,"100 מ""ל",false,,6.20,0.0188,true,1,281249
3073781161663,false,גבינה מותכת 18.5% שומן לה וואש קירי,בני ג`ורג` שוקחה (חיפה) בעמ,,גבינת לה וואש קירי 8,גרמים,128.00,100 גרם,false,,13.90,0.1086,true,1,146744
3073781161687,false,גבינה לוואש קרי(מותכת) 16 יח 256 גר,בני ג`ורג` שוקחה (חיפה) בעמ,,גבינה מותכת לה וואש,גרמים,256.00,100 גרם,false,,24.90,0.0973,true,1,146758
3387390525960,false,קראנץ' דגני בוקר עם שוקולד חלב נסטלה 500 גרם,קבוצת אוסם סחר שותפות מוגבלת,,דגני קראנץ' נסטלה 50,גרמים,500.00,100 גרם,false,,26.90,0.0538,true,1,18379
3387390730852,false,פיטנס דגנים מחיטה מלאה ואורז נסטלה 375 גרם,קבוצת אוסם סחר-שות.מוגבלת,,דגני פיטנס נסטלה 375,גרמים,375.00,100 גרם,false,,21.90,0.0584,true,1,18380
3560070230778,false,קרפור-תה אנגלי שחור,,,קרפור-תה אנגלי שחור,גרמים,50.00,100 גרם,false,,6.90,0.1380,true,1,323650
3560070232963,false,קרפור-חליטת פירות יע,,,קרפור-חליטת פירות יע,גרמים,40.00,100 גרם,false,,6.90,0.1725,true,1,323574
3560070852086,false,קרפור-תה ירוק בטעם נ,,,קרפור-תה ירוק בטעם נ,גרמים,40.00,100 גרם,false,,6.90,0.1725,true,1,323604
3560070852116,false,קרפור-תה ירוק נענע 5,,,קרפור-תה ירוק נענע 5,גרמים,80.00,100 גרם,false,,8.90,0.1113,true,1,323589
3560070888108,false,קרפור-תה שחור בטעם ל,,,קרפור-תה שחור בטעם ל,גרמים,40.00,100 גרם,false,,6.90,0.1725,true,1,323634
3560070888115,false,קרפור-חליטת טיליה 25,,,קרפור-חליטת טיליה 25,גרמים,42.50,100 גרם,false,,6.90,0.1624,true,1,323530
3560070888122,false,קרפור-חליטת קמומיל 2,,,קרפור-חליטת קמומיל 2,גרמים,30.00,100 גרם,false,,6.90,0.2300,true,1,323500
3560070888139,false,קרפור-תה שחור בטעם פ,,,קרפור-תה שחור בטעם פ,גרמים,42.50,100 גרם,false,,6.90,0.1624,true,1,323619
3560070888153,false,קרפור-תה ירוק בטעם ל,,,קרפור-תה ירוק בטעם ל,גרמים,40.00,100 גרם,false,,6.90,0.1725,true,1,323635
3560070928194,false,קרפור-חליטת לואיזה 2,,,קרפור-חליטת לואיזה 2,גרמים,32.50,100 גרם,false,,6.90,0.2123,true,1,323515
3560070928347,false,קרפור-חליטת רויבוש ו,,,קרפור-חליטת רויבוש ו,גרמים,40.00,100 גרם,false,,6.90,0.1725,true,1,323559
3560071431945,false,קפסולות קפה קרפור עו,,FR,קפסולות קפה קרפור עו,גרמים,52.00,100 גרם,false,,6.90,0.1327,true,1,305709
3560071432034,false,קפסולות קפה נטול קרפ,,FR,קפסולות קפה נטול קרפ,גרמים,52.00,100 גרם,false,,6.90,0.1327,true,1,305711
3560071432096,false,קפסולות קפה קרפור עו,,FR,קפסולות קפה קרפור עו,גרמים,52.00,100 גרם,false,,6.90,0.1327,true,1,305713
3560071432218,false,קפסולות קפה אגוז קרפ,,FR,קפסולות קפה אגוז קרפ,גרמים,52.00,100 גרם,false,,6.90,0.1327,true,1,305716
3560071432331,false,קפסולות קפה לאוס קרפ,,FR,קפסולות קפה לאוס קרפ,גרמים,52.00,100 גרם,false,,6.90,0.1327,true,1,305720
3560071432362,false,קפסולות קפה קניה קרפ,,FR,קפסולות קפה קניה קרפ,גרמים,52.00,100 גרם,false,,6.90,0.1327,true,1,305721
3560071432393,false,קפסולות קפה קוסטה רי,,FR,קפסולות קפה קוסטה רי,גרמים,52.00,100 גרם,false,,6.90,0.1327,true,1,305722
3574660089547,false,טמפונים נורמל קלאסי אובה 32 יחידות,ג'\ונסון אנד ג'\ונסון,,טמפון קלאסי נורמל או,יחידה,0.00,יחידה,false,,21.90,0.0000,true,1,21202
3574660115154,false,או-בה טמפונים קלאסי סופר 32יח',ג'\ונסון אנד ג'\ונסון,,אובה קלאסי סופר אובה,יחידה,0.00,יחידה,false,,21.90,0.0000,true,1,21207
3574661003924,false,שטיפת פה טוטאל קר בטעם מנטה צלול,ג'\ונסון אנד ג'\ונסון,,מי פה טוטאל קאר ליסט,מיליליטרים,500.00,"100 מ""ל",false,,19.90,0.0398,true,1,29385
3574661485218,false,טמפונים נורמל אובה 32 יח' פרוקומפורט,"ש. שסטוביץ בע""\מ",,אובה פרוקומפורט נורמ,יחידה,0.00,יחידה,false,,21.90,0.0000,true,1,271193
3574661491806,false,מי פה אדבנס וויט מנטה מסירה כתמים קשים,ג'\ונסון אנד ג'\ונסון,,מי פה אדוונס וויאט מ,מיליליטרים,500.00,"100 מ""ל",false,,19.90,0.0398,true,1,120758
3574661552811,false,מגן תחתון קרפרי כותון אוורירי 56 יחידות,הדקלאים אגודת שיתופי,,קרפרי כותון אוורירי,יחידה,0.00,יחידה,false,,14.90,0.0000,true,1,64567
3574661554877,false,מגן תחתון קרפרי כותון מבושם 56 יחידות,הנסיך- מפעל לייצור ט,,קרפרי כותון מבושם 56,יחידה,0.00,יחידה,false,,14.90,0.0000,true,1,64465
3574661554884,false,קרפרי מגן תחתון רגיל טנגה מבושם 56 יח,הדקלאים אגודת שיתופי,,קרפרי רגיל טנגה יחני,יחידה,0.00,יחידה,false,,14.90,0.0000,true,1,64466
3574661643359,false,ליסטרין נטורלס שטיפת פה אנאמל פרוטקט,ג'\ונסון אנד ג'\ונסון,,שטיפת פה בטעם מעודן,מיליליטרים,500.00,"100 מ""ל",false,,19.90,0.0398,true,1,235010
3574661650029,false,ליסטרין שטיפת פה להגנה על החניכיים בטעם מעודן,ג'\ונסון אנד ג'\ונסון,,שטיפת פה להגנה על הח,מיליליטרים,500.00,"100 מ""ל",false,,19.90,0.0398,true,1,235011
3574669908665,false,גונסונס בייבי אל סבון לפני השינה 750 מל,גונסון אנד גונסון,,ג'ונסון בייבי אל סבו,מיליליטרים,750.00,"100 מ""ל",false,,21.90,0.0292,true,1,21294
3600523651870,false,שמפו לחיזוק סיב השערה לכל סוגי השיער,לוריאל ישראל קוסמטיקס בעמ,,שמפו ארגנין אלביב 55,מיליליטרים,550.00,"100 מ""ל",false,,14.90,0.0271,true,1,12279
3600523651900,false,מרכך לחיזוק סיב השערה לכל סוגי השיער,לוריאל ישראל קוסמטיקס בעמ,,מרכך ארגנין אלביב 55,מיליליטרים,550.00,"100 מ""ל",false,,14.90,0.0271,true,1,12281
3600523652297,false,"מרכך לשיער אלביב זהב 6 שמנים , 550 מ""ל",לוריאל ישראל קוסמטיקס בעמ,,מרכך 6 שמנים אלביב 5,מיליליטרים,550.00,"100 מ""ל",false,,14.90,0.0271,true,1,12289
3600524051334,false,אלביב מרכך חומצה היאלורונית 400 מל,לוריאל ישראל קוסמטיקס בעמ,,אלביב מרכך היאלורוני,מיליליטרים,400.00,"100 מ""ל",false,,13.90,0.0348,true,1,277745
3600542385251,false,"גרנייה - דאודורנט רול און לאישה פרוטקשן 6 כותנה (ורוד) 50 מ""ל",לוריאל ישראל קוסמטיקס בעמ,,דאודורנט רול פרוטקשן,יחידה,50.00,יחידה,false,,14.90,0.2980,true,1,173418
3607343817547,false,"אדידס - דאודורנט ספריי לגבר קליימקול 150 מ""ל",דנשר (1963) בעמ,,דאודורנט ספריי לגבר,מיליליטרים,150.00,"100 מ""ל",false,,12.90,0.0860,true,1,103666
4001432773230,false,יין בלו ווין מוסקטו כשר 1 ליטר מאר,היכל היין שקד גולן בעמ,,יין בלו נאן בלו וויי,מיליליטרים,750.00,"100 מ""ל",false,,55.90,0.0745,true,1,41573
4002575016253,false,מרציפן מצופה שוקולד זנטיס (100 גרם),הדקלאים אגודת שיתופי,,מרציפן מצופה שוקולד,גרמים,100.00,100 גרם,false,,8.90,0.0890,true,1,12676
4006387085407,false,שלישיית פילטר מקסטרא סודהסטרים,סודה סטרים ישראל בעמ,,שלישיית פילטר מקסטרה,יח',3.00,יח',false,,140.00,46.6667,true,1,17512
4008287051032,false,בירה קרומבאכר פילס 0.50 ליטר פחית,מנדלז סי.אר. פרודקשן,,בירה קרומבכר פילס בפ,מיליליטרים,500.00,"100 מ""ל",false,,10.20,0.0204,true,1,251713
4009300522935,false,תה ירוק לימונית ולואיזה פומפדור 20 יחידות,"איטיליאן פוד, אס.פי.",,פומפדור תה ירוק לימו,גרמים,30.00,100 גרם,false,,19.00,0.6333,true,1,21304
4009300525684,false,חליטת צמחים פומפדור ג'ינג'ר ולימון 20 יחידות,ש. שסטוביץ בע`מ,,פומפדור חליטת לימוןג,גרמים,35.00,100 גרם,false,,16.90,0.4829,true,1,21309
4009309740422,false,רסק תפוחים אורגני – נטורפוד 700 גרם,נטורפוד בעמ,,רסק תפוחים אורגני 70,גרמים,700.00,100 גרם,false,,16.90,0.0241,true,1,105320
4009900379564,false,מסטיק הובה בובה Hubba Bubba טייפ בטעם פירות,מרס ריגלי קונפקשונרי,,הובה בובה טייפ פירות,גרמים,56.00,100 גרם,false,,6.50,0.1161,true,1,20650
4009900402965,false,אורביט וויט בטעם פירות בקבוקון 46מלבניות,"מרס ריגלי ישראל בע""מ",,אורביט וויט פירות בק,גרמים,64.00,100 גרם,false,,10.90,0.1703,true,1,20657
4009900403023,false,אורביט וויט בטעם מנטה בקבוקון 46 מלבניות,"מרס ריגלי ישראל בע""מ",,אורביט וויט מנטה בקב,גרמים,64.00,100 גרם,false,,10.90,0.1703,true,1,20658
4009900406918,false,מסטיק הובה בובה טייפ טריפל מיקס 56ג',מרס ריגלי קונפקשונרי,,הובה בובה טייפ טריפל,גרמים,56.00,100 גרם,false,,6.50,0.1161,true,1,20661
4009900420129,false,מסטיק אורביט פרופשנל פפרמינט בקבוקון 64 גר',"מרס ריגלי ישראל בע""מ",,אורביט פרופשייונל פפ,גרמים,64.00,100 גרם,false,,10.90,0.1703,true,1,20665
4009900426121,false,מסטיק אורביט איירוויז בקבוקון אוכמניות 64ג',"מרס ריגלי ישראל בע""מ",,בקבוקון בקבוקון מסטי,גרמים,64.00,100 גרם,false,,10.90,0.1703,true,1,20668
4009900479998,false,אורביט וויט אוכמניות בקבוקון 46 מלבניות,"מרס ריגלי ישראל בע""מ",,אורביט מסטיק בקבוקון,גרמים,64.00,100 גרם,false,,10.90,0.1703,true,1,20678
4009900482417,false,מסטיק אורביט פירות מנטה בקבוקון באבל מינט 45יח,"מרס ריגלי ישראל בע""מ",,אורביט באבל מינט בקב,גרמים,64.00,100 גרם,false,,10.90,0.1703,true,1,20680
4009900539685,false,"מסטיק פייב באונס בטעם מנטה בקבוקון, 61.8 גרם","מרס ריגלי ישראל בע""מ",,מסטיק בטעם מנטה ללא,גרמים,61.80,100 גרם,false,,11.90,0.1926,true,1,235090
4011800630515,false,חטיף קורני שוקולד חלב ובננה 6 יח 150 גר,מיוצר עי קונדיטוריית,,חטיף דגנים עם שוקולד,גרמים,150.00,100 גרם,false,,13.90,0.0927,true,1,13738
4011800632519,false,חטיף קורני שישייה שוקולד חלבי וקוקוס,מיוצר עי קונדיטוריית,,חטיף דגנים עם שוקולד,גרמים,150.00,100 גרם,false,,13.90,0.0927,true,1,13739
4014400920857,false,וורטר אורגינל ללא סוכר בטעם שוקולד-שקית 70 גרם,קריניציה ויטמינה אס,,וורטרס ללא סוכר טעם,גרמים,70.00,100 גרם,false,,9.50,0.1357,true,1,12713
4015400564454,false,מגני תחתון אולוויז לארג' עם ניחוח מגה פק,דיפלומט מפיצים (1986) בע`מ,,מגן תחתון לארג מגה פ,יחידה,0.00,יחידה,false,,18.90,0.0000,true,1,26856
4015400746812,false,מגני תחתון אולוויז נורמל עם ניחוח מגה פק,דיפלומט מפיצים (1986) בע`מ,,מגן תחתון מגה פק נור,יחידה,0.00,יחידה,false,,18.90,0.0000,true,1,26918
4015400990482,false,אבקת כביסה אריאל קולור 3 ק`ג,דיפלומט מפיצים (1986) בע`מ,,אבקת כביסה אריאל קול,קילוגרמים,3.00,"ק""ג",false,,37.90,12.6333,true,1,26932
4015600762742,false,שמפו יומיומי למניעת קשקשים הנוסחה הקלאסית,דיפלומט מפיצים (1986) בע`מ,,שמפו קלאסי הד&שולדרס,מיליליטרים,500.00,"100 מ""ל",false,,18.90,0.0378,true,1,26957
4015600763022,false,שמפו יומיומי למניעת קשקשים לשיער יבש/פגום לשיער רך כמשי,דיפלומט מפיצים (1986) בע`מ,,שמפו מגע המשי הד&שול,מיליליטרים,500.00,"100 מ""ל",false,,18.90,0.0378,true,1,26964
4053700292455,false,ויט רצועות שעווה מוכנות להסרת שיער לעור רגיל 12 יחידות,רקיט בנקיזר (ניר איסט) בעמ,,רצועות שעווה תמצית צ,יחידה,0.00,יחידה,false,,30.90,0.0000,true,1,20795
4066600999614,false,"בירה פאולנר, בירת חיטה מעוננת, בקבוק 500 מ""ל",טמפו משקאות בע`מ,,בירה פאולנר בקבוק 50,מיליליטרים,500.00,"100 מ""ל",false,,12.90,0.0258,true,1,9267
4079400330129,false,"בירה פילסנר וולטרס 4.9% 500 מ""ל בפחית",אבאל יזמות בעמ,,בירה וולטרס פחית 4.9,מיליליטרים,500.00,"100 מ""ל",false,,6.90,0.0138,true,1,48859
4084500065598,false,"קרם לחות פנטן לתלתלים מושלמים 300 מ""ל",דיפלומט מפיצים (1968) בעמ,,קרם לחות לתלתלים פנט,מיליליטרים,300.00,"100 מ""ל",false,,19.90,0.0663,true,1,27060
4084500853836,false,"נוזל כלים פיירי ורדים ומשי 515 מ""ל בד""צ",דיפלומט מפיצים (1986) בע`מ,,פיירי נוזל כלים ורדי,מיליליטרים,515.00,"100 מ""ל",false,,9.90,0.0192,true,1,27085
4260147890513,false,אטריות ביצים דקות ורמיצ'לי 500ג',דין שיווק וקליה 2021 בעמ,,אטריות ביצים דקות במ,גרמים,500.00,100 גרם,false,,10.00,0.0200,true,1,4583
4603400000043,false,וודקה רוסקי יורוסטנדרט (700 מל),רוסקי סטנדרט וודקה,,רוסקי סטנדרט 700מ'ל,מיליליטרים,700.00,"100 מ""ל",false,,70.90,0.1013,true,1,11170
4640018993398,false,פיניש קוואנטום 60 יח' קפסולות ג'ל למדיח כלים,רקיט בנקיזר (ניר איסט) בעמ,,פיניש קוואנטום למדיח,יחידה,0.00,יחידה,false,,59.90,0.0000,true,1,67425
4800888219534,false,דאב - דאודורנט סטיק לאישה אנטי פרספירמט 50 גרם,יוניליוור ישראל שיווק בע`מ,,דאורדורנט סטיק אוריג,גרמים,50.00,100 גרם,false,,16.90,0.3380,true,1,152197
4895060582292,false,סוכריות נטיורל פלורידה מיקס טעמים 136ג',קנדי נובלטי,,פלורידה סוכריות 8יח,גרמים,136.00,100 גרם,false,,18.90,0.1390,true,1,13020
4895060586122,false,סוכריות פרוט בייטס פלורידה ג'לי מארז 120 ג',.,,אריזה משפחתית פרוט ב,גרמים,120.00,100 גרם,false,,16.90,0.1408,true,1,233274
4895060586382,false,משפחתית  NUGGEST כתום מנגו תפוז בוטובסקי,,,אריזה משפחתית טרופי,גרמים,136.00,100 גרם,false,,16.90,0.1243,true,1,233276
4895060592307,false,סוכריות נטורל בטעמים בקבוק NUGGELS,איתן-מזון,,פלורידה סוכריות נאגט,גרמים,43.00,100 גרם,false,,7.50,0.1744,true,1,13023
5000157143365,false,מתבל בטעם מיונז וקטשופ היינץ 425 גרם,דיפלומט מפיצים (1968) בעמ**,,מתבל בטעם מיונז וקטש,מיליליטרים,425.00,"100 מ""ל",false,,15.90,0.0374,true,1,5243
5000204155815,false,"גלייד מארז אוטומטי מרכך כביסה 269 מ""ל","דנשר (1963) בע,מ",,גלייד מארז אוטומטי ו,מיליליטרים,269.00,"100 מ""ל",false,,54.90,0.2041,true,1,92439
5000204243031,false,"נוזל לאסלה ירח פורח 750 מ""ל דאק",טואלט דאק (ג'ונסון),,ג'ל נוזל לאסלה ירח פ,מיליליטרים,750.00,"100 מ""ל",false,,10.90,0.0145,true,1,241629
5000204658187,false,משחת נעליים קראון שחור קיווי (75 מל),אס' סי' ג'ונסון במה,,קיווי נוזל נעליים שח,מיליליטרים,75.00,"100 מ""ל",false,,13.30,0.1773,true,1,5648
5000267014234,false,וויסקי ג'וני ווקר רד לייבל Red label,החברה המרכזית להפצת משקאות בעמ,,גוני ווקר רד לייבל 7,מיליליטרים,700.00,"100 מ""ל",false,,80.90,0.1156,true,1,51346
5010026519368,false,שיבולת שועל מורנפלייק בשקית 500 גר`,ליימן שליסל בע`מ,,פתיתי שיבולת שועל -,גרמים,500.00,100 גרם,false,,7.90,0.0158,true,1,141672
5010182997253,false,רייד תרסיס קוטל ג'וקים/תיקנים 300 מל,אס.סי.ג'ונסון מידרכט,,רייד ארוסול קוטל ג'ו,מיליליטרים,300.00,"100 מ""ל",false,,17.90,0.0597,true,1,5662
5010265002836,false,"פת פריכה אוריגינל שיפון מלא 250 גרם ""ריוטה""",דה ג'ורדנס אנד ריווי,,פת פריכה אורגינל 250,גרמים,250.00,100 גרם,false,,11.90,0.0476,true,1,104859
5010677551281,false,בריזר לימון בבקבוק בקרדי (275 מל),בקרדי בריזר Bacardi Breezer,,בקרדי בריזר לימון 27,מיליליטרים,275.00,"100 מ""ל",false,,13.90,0.0505,true,1,9272
5010677554398,false,בריזר אבטיח בבקבוק בקרדי (275 מל),בקרדי בריזר Bacardi Breezer,,בקרדי בריזר אבטיח,מיליליטרים,275.00,"100 מ""ל",false,,13.90,0.0505,true,1,9275
5011157730271,false,אורז יסמין לבן ארוך טילדה,ש.שסטוביץ בעמ,,אורז יסמין טילדה 1 ק,קילוגרמים,1.00,"ק""ג",false,,24.90,24.9000,true,1,243698
5014271300429,false,"מעדן משמש 100% פרי סנטדלפור 284 גרם לל""ס",סאן דלפור - שמבור,,סאן דלפור מעדן משמש,גרמים,284.00,100 גרם,false,,20.90,0.0736,true,1,16758
5014271310428,false,מעדן דובדבנים שחורים ללא תוספת סוכר 284 גרם,סאן דלפור - שמבור,,סאן דלפור מעדן דובדב,גרמים,284.00,100 גרם,false,,20.90,0.0736,true,1,16759
5014271330426,false,מעדן אוכמניות כחולות ללא תוספת סוכר 284 גרם,סאן דלפור - שמבור,,סאן דלפור מעדן אוכמנ,גרמים,284.00,100 גרם,false,,20.90,0.0736,true,1,16760
5014271350424,false,מעדן ארבעה פירות ללא תוספת סוכר 284 גרם,סאן דלפור - שמבור,,סאן דלפור מעדן ארבע,גרמים,284.00,100 גרם,false,,20.90,0.0736,true,1,16761
5014271400426,false,"מעדן בטעם תות שדה לל""ס סאן דלפור 284 גרם",נטו מלינדה סחר בעמ,,סאן דלפור מעדן תות ש,גרמים,284.00,100 גרם,false,,20.90,0.0736,true,1,16766
5024546366609,false,"וויסקי 700 מ""ל LAUDERS SCOTCH",מקדוף אינטרנשנל דיסט,,וויסקי לאודרס 700מל,מיליליטרים,700.00,"100 מ""ל",false,,100.90,0.1441,true,1,134
5029053002408,false,קלינקס - נייר טואולט קליניקס לבן 9 גלילים,קימברלי קלארק ישראל שיווק בעמ,,נייר טואלט קליניקס ל,מטרים,275.00,מטר,false,,33.90,0.1233,true,1,8789
5029053002439,false,קלינקס - נייר טואולט קליניקס צהוב 9 גלילים,קימברלי קלארק ישראל שיווק בעמ,,נייר טואלט קליניקס צ,מטרים,243.00,מטר,false,,33.90,0.1395,true,1,8790
5029053039725,false,ממחטות נייר קלינקס נטורל פרש קופסה 72 דף,קימברלי קלארק ישראל שיווק בעמ,,טישו נטורל פרש קופסא,יחידה,0.00,יחידה,false,,9.90,0.0000,true,1,185673
5029053510811,false,תחבושות נורמל פלוס עם כנפיים קוטקס 28 יחידות,קימברלי קלארק ישראל שיווק בעמ,,תחבושות אולטרה נורמל,יחידה,0.00,יחידה,false,,19.90,0.0000,true,1,8798
5029053510828,false,תחבושות סופר פלוס עם כנפיים קוטקס 22יחידות,קימברלי קלארק ישראל שיווק בעמ,,תחבושת אולטרה סופר+כ,יחידה,0.00,יחידה,false,,19.90,0.0000,true,1,8799
5029053523446,false,קוטקס - תחבושות אולטרה נייט + כנפיים 20 יח',קימברלי קלארק ישראל שיווק בעמ,,תחבושות אולטרה נייט+,יחידה,0.00,יחידה,false,,19.90,0.0000,true,1,8801
5029053538426,false,בגד ים חד פעמי ליטל סווימרס 12-18kg L,קימברלי קלארק ישראל שיווק בעמ,,האגיס ליטל סווימרס ל,יחידה,0.00,יחידה,false,,30.90,0.0000,true,1,8816
5029053578309,false,קופסת ממחטות אולטרה סופט 48 דף קלינקס,קימברלי קלארק ישראל שיווק בעמ,,טישו אולטרה סופט קוב,יחידה,0.00,יחידה,false,,6.90,0.0000,true,1,185687
5029054220085,false,האגיס - מגבוני האגיס אקסטרה קר לא מבושם 56 יח' * 4,קימברלי קלארק ישראל שיווק בעמ,,האגיס אקסטרה קר מגבו,יחידה,0.00,יחידה,false,,28.90,0.0000,true,1,8819
5050974505297,false,רייויטה פת פריכה שיפון מלא שומשום 250 גר,דה ג'ורדנס אנד ריווי,,פת פריכה עם שומשום 2,גרמים,250.00,100 גרם,false,,11.90,0.0476,true,1,104860
5060319120078,false,תה איבנינג אורגני 40 גרם הייר ליבינג,אונלי נטורל פרודקטס,,הייר ליבינג - סוויט,גרמים,40.00,100 גרם,false,,17.90,0.4475,true,1,105362
5060517886486,false,"משקה אנרגיה מונסטר אנרג'י בפחית 500 מ""ל",החברה המרכזית להפצת משקאות בעמ,,מונסטר אנרג'י פחית 5,מיליליטרים,500.00,"100 מ""ל",false,,6.90,0.0138,true,1,6788
5060751218173,false,"משקה אנרגיה מונסטר אנרג'י piplin punch בפחית 500 מ""ל",החברה המרכזית להפצת משקאות בעמ,,מונסטר פייפלין פאנץ',מיליליטרים,500.00,"100 מ""ל",false,,6.90,0.0138,true,1,252989
5060751219033,false,"משקה אנרגיה מונסטר אנרג'י זירו paradise בפחית 500 מ""ל",החברה המרכזית להפצת משקאות בעמ,,מונסטר אולטרה פרדייז,מיליליטרים,500.00,"100 מ""ל",false,,6.90,0.0138,true,1,252990
5201340026704,false,TRATA טונה מעושנת פיקנטי 160 גרם,נורט אגיאוסי קנריס,,טונה מעושנת פיקנטי 1,גרמים,160.00,100 גרם,false,,15.90,0.0994,true,1,192171
5410076933129,false,אריאל אבקת כביסה שושן צחור 3 קג,דיפלומט מפיצים (1986) בע`מ,,אריאל שושן צחור שקית,קילוגרמים,3.00,"ק""ג",false,,37.90,12.6333,true,1,27216
5410126006087,false,ביסקויט ביסקפה לוטוס בטעם קרמל 700גר`ב,דיפלומט מפיצים (1968) בעמ**,,לוטוס עוגיות קרמל 70,גרמים,700.00,100 גרם,false,,31.90,0.0456,true,1,5258
5410126106183,false,עוגיות לוטוס 50 יחידות ארוזות בנפרד 312 גרם,דיפלומט מפיצים (1968) בעמ**,,ביסקוויט קרמל 312גרם,גרמים,312.00,100 גרם,false,,17.90,0.0574,true,1,5263
5410126116953,false,ממרח ביסקוויט קרמל לוטוס (400 גרם),דיפלומט מפיצים (1968) בעמ**,,לוטוס ממרח ביסקוויט,גרמים,400.00,100 גרם,false,,22.90,0.0572,true,1,5265
5410126666038,false,"ביסקוויט קרמל לוטוס 279 גרם בד""צ",דיפלומט מפיצים (1968) בעמ**,,עוגיות לוטוס 279 גרם,גרמים,279.00,100 גרם,false,,15.90,0.0570,true,1,5266
5410126716016,false,"עוגיות לוטוס ביסקויט קרמל בד""צ 250 גרם",דיפלומט מפיצים (1968) בעמ**,,ביסקוויט בטעם קרמל ל,גרמים,250.00,100 גרם,false,,11.90,0.0476,true,1,5267
5410173210055,false,רומבוטס קפה קלוי וטחון לפילטר 10 יח' 70 גרם,ליימן שליסל בע`מ,,רומבוסט קפה טחון וקל,גרמים,70.00,100 גרם,false,,20.90,0.2986,true,1,12720
5410228267508,false,"באדוויזר בקבוק 330 מ""ל - 5% אלכוהול",הכרם - משקאות חריפים בעמ,,"בירה באדוויזר 330 מ""",מיליליטרים,330.00,"100 מ""ל",false,,7.90,0.0239,true,1,7300
5410316983693,false,וודקה סמירנוף אייס בודד 275 מ``ל.,החברה המרכזית להפצת משקאות בעמ,,סמירנוף אייס בודד,מיליליטרים,275.00,"100 מ""ל",false,,12.90,0.0469,true,1,6805
5410769200088,false,"בירה מק שוף קטן 330 מ""ל בקבוק",הכרם משקאות חריפים בעמ,,"בירה מק שוף 330 מ""ל",מיליליטרים,330.00,"100 מ""ל",false,,12.90,0.0391,true,1,7303
5411188094159,false,רביעיית מעדן סויה שוקו מריר אלפרו 125 גרם,הנסיך- מפעל לייצור ט,,אלפרו מעדן סויה שוק.,מיליליטרים,500.00,"100 מ""ל",false,,16.90,0.0338,true,1,21350
5411188096108,false,"אלפרו שמנת צמחית לבישול לייט 250מ""ל",שטראוס גרופ בעמ/מצונן,,אלפרו סויה לבישול 25,מיליליטרים,250.00,"100 מ""ל",false,,10.50,0.0420,true,1,21352
5411188110835,false,אלפרו חלב סויה שקדים וניל 1ל',הנסיך- מפעל לייצור ט,,אלפרו משקה שקדים 1 ל,ליטרים,1.00,ליטר,false,,14.90,14.9000,true,1,21355
5411188112549,false,משקה קוקוס אלפרו 1 ליטר משקה אורז 1 ליטר,הנסיך- מפעל לייצור ט,,אלפרו משקה אורז 1ל,ליטרים,1.00,ליטר,false,,14.90,14.9000,true,1,21358
5411188112709,false,"משקה קוקוס אלפרו 1 ליטר משקה שקדים לל""ס",הנסיך- מפעל לייצור ט,,אלפרו משקה שקדים ללא,יחידה,0.00,יחידה,false,,14.90,0.0000,true,1,21359
5411188115366,false,משקה קוקוס אלפרו 1 ליטר משקה שיבולת שועל 1 ליטר,הנסיך- מפעל לייצור ט,,אלפרו משקה שיבולת שו,יחידה,0.00,יחידה,false,,14.90,0.0000,true,1,21361
5411188115472,false,משקה סויה 1 ליטר אלפרו,הנסיך- מפעל לייצור ט,,אלפרו משקה סויה 1 לי,ליטרים,1.00,ליטר,false,,12.90,12.9000,true,1,90200
5411188120742,false,משקה קוקוס אלפרו 1 ליטר שקדים וניל 1 ל',הנסיך- מפעל לייצור ט,,אלפרו משקה שקדים בטע,ליטרים,1.00,ליטר,false,,14.90,14.9000,true,1,21368
5411188121978,false,אלפרו משקה סויה עמיד מועשר בסידן 3*250,"שטראוס גרופ בע""מ",,אלפרו סויה שוקו סיד,מיליליטרים,750.00,"100 מ""ל",false,,15.90,0.0212,true,1,21371
5411188124689,false,משקה אלפרו שיבולת שועל ללא סוכר 1 ליטר,שטראוס גרופ בע`מ,,אלפרו משקה שיבולת שו,יחידה,0.00,יחידה,false,,14.90,0.0000,true,1,112832
5411188134985,false,אלפרו 3.5% NOT M*LK שיבולת שועל 1 ליטר בית יוסף,שטראוס גרופ בעמ/מצונן,,אלפרו 3.5% שומן NOT,ליטרים,1.00,ליטר,false,,13.90,13.9000,true,1,165795
5411188135005,false,אלפרו 1.8% NOT M*LK שיבולת שועל 1 ליטר בית יוסף,שטראוס גרופ בעמ/מצונן,,אלפרו 1.8% שומן NOT,ליטרים,1.00,ליטר,false,,13.90,13.9000,true,1,168796
5411188543398,false,אלפרו משקה סויה 1 ליטר ללא סוכר,הנסיך- מפעל לייצור ט,,אלפרו משקה סויה ללא,ליטרים,1.00,ליטר,false,,12.90,12.9000,true,1,90279
5701932026964,false,"הוטפופ גרעיני תירס להכנת פופקורן במיקרוגל בטעם טבעי, בתוספת מלח, 600 גרם",ליימן שליסל בע`מ,,הוט פופ .פופקורן עם,גרמים,600.00,100 גרם,false,,14.90,0.0248,true,1,12724
5701932026971,false,הוטפופ גרעיני תירס להכנת פופקורן במיקרוגל בטעם חמאה 600 גרם,ליימן שליסל בע`מ,,הוט פופ פופקורן בטעם,גרמים,600.00,100 גרם,false,,14.90,0.0248,true,1,12725
5765220190164,false,עטרות נייר אפיה 3- 130 יחידות,,,עטרות נייר לאפייה 3,יח',130.00,יח',false,,4.90,0.0377,true,1,113420
5765220190171,false,עטרות נייר אפיה 5 -130 יחידות,,,עטרות נייר לאפייה 4,יח',130.00,יח',false,,5.50,0.0423,true,1,113421
5765220190447,false,סט כלים למנגל,,,סט כלים למנגל,יחידה,0.00,יחידה,false,,29.90,0.0000,true,1,157519
5900020012814,false,דגנים תפוחים בטעם שוקולד נסקוויק נסטלה 500 גרם,קבוצת אוסם סחר שותפות מוגבלת,,דגני בוקר נסקוויק נס,גרמים,500.00,100 גרם,false,,27.90,0.0558,true,1,18382
5900020015174,false,פיטנס חטיפי אנרגיה דגנים בטעם שוקולד נסטלה 6*23.5 גרם,קבוצת אוסם סחר-שות.מוגבלת,,פיטנס חטיף דגנים שוק,גרמים,141.00,100 גרם,false,,17.90,0.1270,true,1,18383
5900020020710,false,מארז חטיף דגנים קראנץ' בטעם שוקו וניל נסטלה,קבוצת אוסם סחר שותפות מוגבלת,,חטיף דגנים קראנץ בר,גרמים,150.00,100 גרם,false,,16.90,0.1127,true,1,18386
5900020024770,false,פיטנס - דליס חטיף דגנים שוקולד אגוז 22.50 גרם * 6,קבוצת אוסם סחר שותפות מוגבלת,,פיטנס בר דליס שוקולד,גרמים,135.00,100 גרם,false,,17.90,0.1326,true,1,18390
5900020025647,false,חטיף דגנים פיטנס שוקולד חלב 135 גרם מארז 6 יחידות,קבוצת אוסם סחר שותפות מוגבלת,,פיטנס בר דליס שוקולד,גרמים,135.00,100 גרם,false,,17.90,0.1326,true,1,18393
5900020026552,false,דגני בוקר האני נאט צ'יריוס בטעם דבש ושקדים,קבוצת אוסם סחר שותפות מוגבלת,,האני נאט ציריוס נסטל,גרמים,625.00,100 גרם,false,,27.90,0.0446,true,1,18398
5900020029669,false,פיטנס - חטיף דגנים פירות יער 23.50 גרם * 6,קבוצת אוסם סחר שותפות מוגבלת,,פיטנס חטיף דגנים פיר,גרמים,141.00,100 גרם,false,,17.90,0.1270,true,1,18400
5900020036407,false,ליון דגני בוקר שוקולד וקרמל נסטלה 480 גרם,קבוצת אוסם סחר שותפות מוגבלת,,דגני בוקר שוקולד וקר,גרמים,480.00,100 גרם,false,,27.90,0.0581,true,1,65517
5900020037916,false,דגני בוקר שיבולת שועל צ'ריוס 375ג',קבוצת אוסם סחר שותפות מוגבלת,,צ'יריוס שיבולת שועל,גרמים,375.00,100 גרם,false,,16.90,0.0451,true,1,149964
5900627063233,false,טבליות למדיח הכל ב-1 פיניש מקס 50 יחידות,רקיט בנקיזר (ניר איסט) בעמ,,50 יח AIO טבליות פינ,גרמים,800.00,100 גרם,false,,39.90,0.0499,true,1,20857
5900627066715,false,טבליות למדיח פיניש הכל ב-1 100 יח,רקיט בנקיזר (ניר איסט) בעמ,,פיניש 100 טבליות AIO,יחידה,0.00,יחידה,false,,64.90,0.0000,true,1,20858
5902198160403,false,XL משקה אנרגיה מוגז ללא סוכר עד 10 קלוריות לפחית 250 מל,"טמפו משקאות בע""\מ",,אקס אל משקה אנרגיה ט,מיליליטרים,250.00,"100 מ""ל",false,,4.90,0.0196,true,1,9282
5902768865677,true,עוגיות שוקולד צ'יפס,,,עוגיות שוקולד צ'יפס,גרמים,150.00,100 גרם,false,,5.90,0.0393,true,1,49835
5904941750312,false,"משקה אנרגיה BLU מוחיטו בודד 250 מ""ל",בני פאוזי שמשום (2009) בעמ,,בלו בודד מוחיטו 250,מיליליטרים,250.00,"100 מ""ל",false,,4.50,0.0180,true,1,1812
5904941751302,false,משקה אנרגיה בפחית בלו (250 מל),בני פאוזי שמשום (2009) בעמ,,בלו משקה אנרגיה 250,מיליליטרים,250.00,"100 מ""ל",false,,4.50,0.0180,true,1,1813
5904941751715,false,משקה אנרגיה Blu פחיתבטעם חמוציות 250מל,בני פאוזי שמשום (2009) בעמ,,בלו משקה אנרגיה קרנב,מיליליטרים,250.00,"100 מ""ל",false,,4.50,0.0180,true,1,1815
5906485301012,false,משקה אנרגיה XL מוגז פחית 250 מל,"טמפו משקאות בע""מ",,אקס אל משקה אנרגיה 2,מיליליטרים,250.00,"100 מ""ל",false,,4.90,0.0196,true,1,9283
6111094000228,false,"קוסקוס דארי דק תומר 1 ק""ג",תומר ייבוא ושיווק מוצרי מזון [,,"קוסקוס דק דארי 1 ק""ג",קילוגרמים,1.00,"ק""ג",false,,17.90,17.9000,true,1,24914
6111094000259,false,קוסקוס דארי בינוני 500 גר`,תומר ייבוא ושיווק מוצרי מזון [,,קוסקוס בינוני דארי 5,גרמים,500.00,100 גרם,false,,10.00,0.0200,true,1,24916
6902019042016,false,אטבי כביסה כחול לבן 10 יחידות,לירון קרביץ יבוא שיווק וסחר,,אטבי כביסה 10 יחידות,יחידה,0.00,יחידה,false,,5.50,0.0000,true,1,13090
6910191800287,false,אצות נורי בלו 10 דף (ננגטונג),מזרח ומערב יבוא ושיווק,,אצות נורי לסושי מזרח,גרמים,25.00,100 גרם,false,,11.90,0.4760,true,1,47509
6920190014417,false,מפיות שולחן מקושטות,,,מפיות שולחן מקושטות,יח',20.00,יח',false,,3.90,0.1950,true,1,13101
6920190410011,false,כוסות נייר לאפיה מאפינס גדול 50 יח',,,נייר מאפינס לאפייה ו,יחידה,0.00,יחידה,false,,11.90,0.0000,true,1,13102
6928054201423,false,כפפות ניילון 100 יחידות,,,כפפות ניילון good li,יחידה,0.00,יחידה,false,,4.50,0.0000,true,1,258295
6936745600783,false,"חומץ אורז מזרח מערב 500 מ""ל",מזרח ומערב יבוא ושיווק,,"חומץ אורז 500 מ""ל (ד",גרמים,500.00,100 גרם,false,,14.90,0.0298,true,1,47514
7038516140357,false,מברשת שיניים ג'ורדן טוטל סופט מארז 4 יחידות,מיוצר במלזיה עבור ג',,מב.שיניים טוטאל קלין,יחידה,0.00,יחידה,false,,10.00,0.0000,true,1,5702
7046110064016,false,ג'ורדן מארז זוג מברשת שיניים לילדים מגיל 3-5,"דנשר (1963) בע,מ",,זוג מברשות שיניים יל,יחידה,0.00,יחידה,false,,17.40,0.0000,true,1,5712
7046110071519,false,משחת שיניים לילדים לשיני חלב 2-6 ג`ורדון,דנשר (1963) בעמ,,מש.שיניים לילדים לשי,מיליליטרים,50.00,"100 מ""ל",false,,11.90,0.2380,true,1,5718
7046110075036,false,ג'ורדן מב' שיניים אולטימייט יו *רביעיה *סופט,דנטלון,,מארז מב.שיניים אולטי,יחידה,0.00,יחידה,false,,10.00,0.0000,true,1,5719
7262626058466,false,טייץ שחור מודפס,ביג מול בעמ,,טייץ שחור מודפס,יחידה,0.00,יחידה,false,,29.90,0.0000,true,1,31185
7262626058497,false,כובע צמר לגבר,ביג מול בעמ,,כובע צמר לגבר,יחידה,0.00,יחידה,false,,29.90,0.0000,true,1,31188
7262626088173,false,גרבי אנגורה 4 צבעים,ביג מול בעמ,,גרבי אנגורה נשים,יחידה,0.00,יחידה,false,,9.90,0.0000,true,1,110491
7262626088197,false,טייץ טרמי צבעוני מלא,ביג מול בעמ,,טייץ טרמי צבעוני,יחידה,0.00,יחידה,false,,29.90,0.0000,true,1,95700
7262626088296,false,מטריה סיליקון עם הדפ,ביג מול בעמ,,מטריה סיליקון עם הדפ,יחידה,0.00,יחידה,false,,39.90,0.0000,true,1,213365
7262626111222,false,"דובי 23ס""מ מיקס 6 צבעים",ביג מול בעמ,,בובה דובי,יחידה,0.00,יחידה,false,,19.90,0.0000,true,1,150014
7290000000004,false,לחמניית אצבע עם נקני,,,לחמניית אצבע עם נקני,יחידה,0.00,יחידה,false,,9.90,0.0000,true,1,34381
7290000000524,false,עוגיות קוקים טעמים (,מעדני מניה תעשיות בש,,עוגיות קוקים טעמים (,קילוגרמים,1.00,"ק""ג",true,,47.00,47.0000,true,1,33952
7290000001056,false,לחם אחיד 750 גרם,,,לחם אחיד 750 גרם,גרמים,750.00,100 גרם,false,,4.90,0.0065,true,1,4451
7290000001193,false,בונז'ור בייבי חליות,,,בונז'ור בייבי חליות,גרמים,70.00,100 גרם,false,,2.40,0.0343,true,1,33957
7290000001483,false,עוגיות קוקיס גרנולה,,,עוגיות קוקיס גרנולה,קילוגרמים,1.00,"ק""ג",true,,40.00,40.0000,true,1,33958
7290000001643,true,מצות ראשון 1 יח' {תפ,,,מצות ראשון 1 יח' {תפ,יחידה,0.00,יחידה,false,,6.90,0.0000,true,1,30939
7290000002021,false,גבינה קוסטרומסקוי,,,רוגלך פרווה,קילוגרמים,1.00,"ק""ג",true,,43.00,43.0000,true,1,2453
7290000002022,false,גבינה רקלט דור שוויצ,,,פרווה ביס שוקולד/מאפ,קילוגרמים,1.00,"ק""ג",true,,43.00,43.0000,true,1,2454
7290000003589,false,פרגית עוף ארוז קפוא,,,פרגית עוף ארוז קפוא,קילוגרמים,1.00,"ק""ג",true,,74.90,74.9000,true,1,46707
7290000003749,false,עוף טרי ארוז ביסטריצ,,,עוף טרי ארוז ביסטריצ,קילוגרמים,1.00,"ק""ג",true,,24.90,24.9000,true,1,46708
7290000003756,false,חזה עוף טרי ארוז ביס,,,חזה עוף טרי ארוז ביס,קילוגרמים,1.00,"ק""ג",true,,34.90,34.9000,true,1,46709
7290000003763,false,כרעיים עוף טרי ארוז,,,כרעיים עוף טרי ארוז,קילוגרמים,1.00,"ק""ג",true,,34.90,34.9000,true,1,46710
7290000003770,false,כנפיים עוף טרי ארוז,,,כנפיים עוף טרי ארוז,קילוגרמים,1.00,"ק""ג",true,,18.90,18.9000,true,1,46711
7290000003794,false,שוקיים עוף טרי ארוז,,,שוקיים עוף טרי ארוז,קילוגרמים,1.00,"ק""ג",true,,41.90,41.9000,true,1,46713
7290000003817,false,שניצל עוף טרי ארוז ב,,,שניצל עוף טרי ארוז ב,קילוגרמים,1.00,"ק""ג",true,,39.90,39.9000,true,1,46714
7290000003916,false,חזה עוף ארוז קפוא בי,,,חזה עוף ארוז קפוא בי,קילוגרמים,1.00,"ק""ג",true,,36.90,36.9000,true,1,46719
7290000003954,false,שניצל עוף ארוז קפוא,,,שניצל עוף ארוז קפוא,קילוגרמים,1.00,"ק""ג",true,,37.90,37.9000,true,1,46722
7290000004444,false,שקיות גופיה 20 מקרו,,,שקיות גופיה 20 מקרו,יחידה,0.00,יחידה,false,,0.10,0.0000,true,1,279989
7290000005025,false,בייגל בטעמים,,,בייגל בטעמים,יח',1.00,יח',false,,5.50,5.5000,true,1,36114
7290000009351,false,בשר טחון חלק טרי,,,בשר טחון חלק טרי,קילוגרמים,1.00,"ק""ג",true,,49.90,49.9000,true,1,292162
7290000009406,false,סינטה חלק טרי,,,סינטה חלק טרי,קילוגרמים,1.00,"ק""ג",true,,129.90,129.9000,true,1,295250
7290000009437,false,בשר טחון מחפוד טרי,,,בשר טחון מחפוד טרי,קילוגרמים,1.00,"ק""ג",true,,64.90,64.9000,true,1,293980
7290000009439,false,כתף מחפוד טרי,,,כתף מחפוד טרי,קילוגרמים,1.00,"ק""ג",true,,64.90,64.9000,true,1,294019
7290000009440,false,צלי כתף מחפוד טרי,,,צלי כתף מחפוד טרי,קילוגרמים,1.00,"ק""ג",true,,104.90,104.9000,true,1,294020
7290000009441,false,פילה מדומה מחפוד טרי,,,פילה מדומה מחפוד טרי,קילוגרמים,1.00,"ק""ג",true,,84.90,84.9000,true,1,294039
7290000009447,false,סינטה מחפוד טרי,,,סינטה מחפוד טרי,קילוגרמים,1.00,"ק""ג",true,,124.90,124.9000,true,1,294206
7290000009476,false,טחון מיוחד להמבורגר,,,טחון מיוחד להמבורגר,קילוגרמים,1.00,"ק""ג",true,,59.90,59.9000,true,1,303045
7290000009477,false,טחון מיוחד להמבורגר,,,טחון מיוחד להמבורגר,קילוגרמים,1.00,"ק""ג",true,,64.90,64.9000,true,1,303046
7290000009511,false,שייטל בקר מחפוד טרי,,,שייטל בקר מחפוד טרי,קילוגרמים,1.00,"ק""ג",true,,110.90,110.9000,true,1,304099
7290000009512,false,ויסברטן בקר מחפוד ט,,,ויסברטן בקר מחפוד ט,קילוגרמים,1.00,"ק""ג",true,,89.90,89.9000,true,1,304100
7290000010250,false,5 יח' בייגלה בטעמים,,,5 יח' בייגלה בטעמים,יח',1.00,יח',false,,18.90,18.9000,true,1,53861
7290000010500,false,5 יח' לחמניות חיטה,,,5 יח' לחמניות חיטה,יח',1.00,יח',false,,13.40,13.4000,true,1,53862
7290000011040,false,5 יח' לחמניה קשר,,,5 יח' לחמניה קשר,יח',1.00,יח',false,,14.90,14.9000,true,1,2483
7290000017414,false,כריך גבטה לבן/כפרי 1,,,כריך גבטה לבן/כפרי 1,יח',1.00,יח',false,,4.60,4.6000,true,1,33973
7290000023809,false,קלאסיק קברנה סובניון יקבי ברקן (750 מל),יקבי ברקן שיווק והפצה בע,,קלאסיק קברנה סובניון,מיליליטרים,750.00,"100 מ""ל",false,,32.90,0.0439,true,1,9304
7290000023977,false,קלאסיק מרלו יקבי ברקן (750 מל),יקבי ברקן שיווק והפצה בע,,קלאסיק מרלו 750מל.,מיליליטרים,750.00,"100 מ""ל",false,,32.90,0.0439,true,1,9311
7290000024202,false,רזרב קברנה סובניון יקבי ברקן (750 מל),ברקן שיווק והפצה בעמ,,קברנה סוביניון רזרבד,מיליליטרים,750.00,"100 מ""ל",false,,42.90,0.0572,true,1,9314
7290000024523,false,"תירוש של סגל ,מיץ ענבים , 1 ליטר",כרמי צבי - האחים סגל,,תירוש של סגל 1 ליטר,ליטרים,1.00,ליטר,false,,13.90,13.9000,true,1,9322
7290000024905,false,"וודקה קגלביץ' קלאסיקה 700 מ""ל",טמפו משקאות בעמ,,קגלביץ קלאסיקה 700 מ,מיליליטרים,700.00,"100 מ""ל",false,,50.90,0.0727,true,1,9328
7290000029236,false,חזה עוף קפוא גלאט יר,,,חזה עוף קפוא גלאט יר,קילוגרמים,1.00,"ק""ג",true,,46.90,46.9000,true,1,46751
7290000029779,false,פילה מדומה מס`6 ש.יש,,,פילה מדומה מס`6 ש.יש,קילוגרמים,1.00,"ק""ג",true,,86.00,86.0000,true,1,46774
7290000039234,false,סינטה עגל טרי,,,סינטה עגל טרי,קילוגרמים,1.00,"ק""ג",true,,129.00,129.0000,true,1,1719
7290000039238,false,שפיץ צאך עגל טרי,,,שפיץ צאך עגל טרי,קילוגרמים,1.00,"ק""ג",true,,99.90,99.9000,true,1,1723
7290000040042,false,יוגורט יופלה תות 3% שומן 150 גרם,"תנובה בע""מ ***",,יופלה תות שובב 3% 15,מיליליטרים,150.00,"100 מ""ל",false,,5.50,0.0367,true,1,25692
7290000040066,false,יוגורט יופלה דובדבן 3% שומן 150 גרם,תנובה מרכז שיתופי לש,,יופלה דובדבן פראי 3%,מיליליטרים,150.00,"100 מ""ל",false,,5.50,0.0367,true,1,25693
7290000040080,false,יוגורט יופלה אפרסק 3% שומן 150 גרם,"תנובה בע""מ ***",,יופלה אפרסק מאוהב 3%,מיליליטרים,150.00,"100 מ""ל",false,,5.50,0.0367,true,1,25694
7290000040301,false,תנובה עין גדי קממבר מחלב בקר 24% שומן,תנובה מרכז שיתופי לש,,תנובה גבינת קממבר עי,גרמים,125.00,100 גרם,false,,17.90,0.1432,true,1,25695
7290000040318,false,גבינת עדי ברי 24% קולאז` (125 גרם)קולקש,תנובה מרכז שיתופי לש,,תנובה גבינת ברי 24%,גרמים,125.00,100 גרם,false,,17.90,0.1432,true,1,25696
7290000040974,false,חלב 2% דל לקטוז בקרטון תנובה (1 ליטר),תנובה מרכז שיתופי לש,,חלב תנובה קרטון דל ל,ליטרים,1.00,ליטר,false,,7.50,7.5000,true,1,25699
7290000041407,false,"גיל קטן 3% תנובה 125 מ""ל בד""ץ",תנובה מרכז שיתופי לש,,"גיל 3% בד""צ 125 מ""ל",מיליליטרים,125.00,"100 מ""ל",false,,0.90,0.0072,true,1,25700
7290000041445,false,קוטג תנובה גביע 250 גרם 5% בדצ,מיוצר עי קונדיטוריית,,"קוטג' 5% תנובה בד""צ",גרמים,250.00,100 גרם,false,,5.70,0.0228,true,1,25701
7290000041452,false,גבינת קוטג`9% מהדרין תנובה (250 גרם),תנובה מרכז שיתופי לש,,"קוטג' תנובה בד""צ 9%",גרמים,250.00,100 גרם,false,,5.70,0.0228,true,1,25702
7290000041858,false,"שמנת חמוצה 15% מועשרת יטבתה 200 מ""ל",שטראוס גרופ בעמ/מצונן,,יטבתה שמנת חמוצה 15%,מיליליטרים,200.00,"100 מ""ל",false,,2.50,0.0125,true,1,23222
7290000042404,false,חלב 3% מועשר מהדרין בשקית יטבתה (1 ליטר),שטראוס גרופ בעמ/מצונן,,יטבתה חלב מועשר שקית,ליטרים,1.00,ליטר,false,,5.90,5.9000,true,1,23225
7290000042671,false,חלב עמיד %3 קרטון 1 ל בהכשר בדצ,תנובה מרכז שיתופי לש,,"חלב תנובה עמיד בד""צ",ליטרים,1.00,ליטר,false,,5.90,5.9000,true,1,25716
7290000042855,false,"שוקו בשקית 250 מ""ל ""יטבתה""",שטראוס גרופ בעמ/מצונן,,יטבתה שוקו שקית 225,מיליליטרים,225.00,"100 מ""ל",false,,2.90,0.0129,true,1,23227
7290000043814,false,השף הלבן שמנת להקצפה 38% שומן 250 מל - מוצר בפיקוח,תנובה מרכז שיתופי לש,,שף לבן שמנת לקצפת עמ,מיליליטרים,250.00,"100 מ""ל",false,,6.47,0.0259,true,1,25720
7290000043890,false,תנובה רויון לבן מחלב מפסוטר 1.5%,תנובה מרכז שיתופי לש,,ריויון 1.5% 1ל,ליטרים,1.00,ליטר,false,,12.90,12.9000,true,1,25721
7290000044712,false,יוגורט עם תות 1.5% שומן 500 ג' פרילי,מיוצר עי קונדיטוריית,,פרילי תות 1.5% 500מל,מיליליטרים,500.00,"100 מ""ל",false,,10.90,0.0218,true,1,25726
7290000044880,false,יוגורט בטעם תות שדה 3% באדי (500 גרם),מיוצר עי קונדיטוריית,,באדי תות 3% 500מל,מיליליטרים,500.00,"100 מ""ל",false,,8.90,0.0178,true,1,25728
7290000047546,false,השף הלבן כנען גבינה לבנה דלת נתרן 5% תנובה 500 גרם,תנובה מרכז שיתופי לש,,שף לבן כנען 5% 500ג,גרמים,500.00,100 גרם,false,,23.90,0.0478,true,1,25735
7290000047621,false,גבינה לבנה רכה 5% תנובה 250ג' מהדרין,תנובה מרכז שיתופי לש,,"גבינה לבנה רכה בד""צ",גרמים,250.00,100 גרם,false,,4.98,0.0199,true,1,25736
7290000047942,false,**תנובה גבינה לבנה מהדרין 9% 250ג,תנובה מרכז שיתופי לש,,תנובה גבינה לבנה 9%,גרמים,250.00,100 גרם,false,,5.00,0.0200,true,1,25737
7290000048185,false,גבינה לבנה 5% תנובה 250 גרם מהדרין,מיוצר עי קונדיטוריית,,גבינה לבנה רכה 5% תנ,גרמים,250.00,100 גרם,false,,4.98,0.0199,true,1,25738
7290000048413,false,גבינה חמד (25016% גרם)פיראוס תנובה,תנובה מרכז שיתופי לש,,פיראוס חמד 16% 250ג,גרמים,250.00,100 גרם,false,,20.90,0.0836,true,1,25741
7290000048437,false,גבינת צפתית (2005% גרם)פיראוס תנובה,פארייפאבה אגרואינדוס,,פיראוס צפתית 5% 200,גרמים,200.00,100 גרם,false,,13.90,0.0695,true,1,25742
7290000048451,false,חרמון שקית 16% 250 גר`פיראוס תנובה,תנובה מרכז שיתופי לש,,פיראוס חרמון מלוחה 1,גרמים,250.00,100 גרם,false,,16.90,0.0676,true,1,25744
7290000050447,false,"יוגורט ביו בטעם תות YYY יופלה 500 מ""ל",מיוצר עי קונדיטוריית,,יופלהYYY תות 3% 500מ,מיליליטרים,500.00,"100 מ""ל",false,,12.90,0.0258,true,1,25749
7290000050454,false,יוגורט ביו 3% אפרסק יופלה (500 גרם),מיוצר עי קונדיטוריית,,יופלהYYY אפרסק 3% 50,מיליליטרים,500.00,"100 מ""ל",false,,12.90,0.0258,true,1,25750
7290000051307,false,"מארז הפסקת אוכל עם דגני עוגי ומשקה חלב עמיד בטעם וניל 150 מ""ל",תנובה מרכז שיתופי לש,,חלב תנובה הפ.אוכל עו,מיליליטרים,150.00,"100 מ""ל",false,,9.50,0.0633,true,1,25755
7290000051710,false,פיראוס גבינת לאבנה אסלית על בסיס יוגורט תנובה 263 גרם,"תנובה, מחלבת אלון תב",,פיראוס לאבנה עם שמן,גרמים,263.00,100 גרם,false,,13.90,0.0529,true,1,25759
7290000052311,false,גבינה צהובה עמק לייט 15% שומן 200 גרם,תנובה מרכז שיתופי לש,,עמק מהדרין 15% 200 ג,גרמים,200.00,100 גרם,false,,17.90,0.0895,true,1,25764
7290000052649,false,לאבנה אסלית (5005% גרם)פיראוס תנובה,תנובה מרכז שיתופי לש,,פיראוס לאבנה 5% 500ג,גרמים,500.00,100 גרם,false,,19.90,0.0398,true,1,25766
7290000052946,false,מארז יוגורט יופלה לבן מעודן בדצ 8*150,תנובה מרכז שיתופי לש,,יופלה בדץ מעודן 8*15,ליטרים,1.20,ליטר,false,,19.90,16.5833,true,1,25769
7290000053981,false,מאגדת יופלה 4*תות 150ג 4*אפרסק 150ג בדצ,תנובה מרכז שיתופי לש,,מאגדת יופלה תות ואפר,קילוגרמים,1.20,"ק""ג",false,,24.90,20.7500,true,1,25772
7290000055329,false,"משקה בוקר יוגורט 1.5% בטעם תות מלון יופלה 250 מ""ל",תנובה מרכז שיתופי לש,,יופלה משקה יוגורט תו,מיליליטרים,250.00,"100 מ""ל",false,,5.50,0.0220,true,1,25780
7290000055336,false,"משקה יוגורט 1.5% בטעם בננה אפרסק יופלה 250 מ""ל",תנובה מרכז שיתופי לש,,יופלה משקה יוגורט בנ,מיליליטרים,250.00,"100 מ""ל",false,,5.50,0.0220,true,1,25781
7290000055343,false,משקה יוגורט יופלה פירות טרופיים 250 גרם,תנובה מרכז שיתופי לש,,יופלה משקה יוגורט טר,מיליליטרים,250.00,"100 מ""ל",false,,5.50,0.0220,true,1,25782
7290000055893,false,חמאה משמנת מפוסטרת 200גרם 82% כ.מהדרין - מוצר בפיקוח,תנובה מרכז שיתופי לש,,חמאה מהדרין תנובה 20,גרמים,200.00,100 גרם,false,,7.90,0.0395,true,1,25788
7290000056753,false,עמק קלאסית 28% שומן 200 גרם פרוס בדצ בקופסא,תנובה - חלב,,"עמק פרוס 28% בד""צ 20",גרמים,200.00,100 גרם,false,,14.90,0.0745,true,1,25793
7290000056890,false,שמיניית דיאט יופלה 0% טעמים שונים 150 גרם,מיוצר עי קונדיטוריית,,יופלה דיאט טעמים שונ,קילוגרמים,1.20,"ק""ג",false,,32.90,27.4167,true,1,25798
7290000057088,false,עמק גבינה צהובה פרוסה דק דק 28% תנובה 200 גרם,תנובה מרכז שיתופי לש,,עמק דק דק 28% 200גר,גרמים,200.00,100 גרם,false,,17.90,0.0895,true,1,25804
7290000057118,false,גבינה צהובה עמק 28% שומן ואקום 400 גרם,תנובה מרכז שיתופי לש,,עמק סמי 28% 400 גר,גרמים,400.00,100 גרם,false,,22.90,0.0572,true,1,25805
7290000057132,false,יוגורט תנובה טבעי 1.5% גביע 200 גרם,מחלבת אלון תבור,,תנובה יוגורט טבעי 1.,מיליליטרים,200.00,"100 מ""ל",false,,3.50,0.0175,true,1,25806
7290000057149,false,יוגורט תנובה טבעי 3% גביע 200 גרם,מיוצר עי קונדיטוריית,,תנובה יוגורט טבעי 3%,גרמים,200.00,100 גרם,false,,3.50,0.0175,true,1,25807
7290000057934,false,"שוקו בבקבוק תנובה 1 ליטר בד""ץ",תנובה מרכז שיתופי לש,,משקאות חלב תנובה שוק,ליטרים,1.00,ליטר,false,,13.90,13.9000,true,1,25811
7290000058002,false,צוואר עגל חלק טרי,,,צוואר עגל חלק טרי,קילוגרמים,1.00,"ק""ג",true,,79.90,79.9000,true,1,1737
7290000058003,false,צלעות עגל חלק טרי,,,צלעות עגל חלק טרי,קילוגרמים,1.00,"ק""ג",true,,79.90,79.9000,true,1,1738
7290000058004,false,סטייק ע.ע עגל חלק טר,,,סטייק ע.ע עגל חלק טר,קילוגרמים,1.00,"ק""ג",true,,109.90,109.9000,true,1,1739
7290000058006,false,אסדו על עצם עגל חלק,,,אסדו על עצם עגל חלק,קילוגרמים,1.00,"ק""ג",true,,69.90,69.9000,true,1,1741
7290000058007,false,צלי כתף עגל חלק טרי,,,צלי כתף עגל חלק טרי,קילוגרמים,1.00,"ק""ג",true,,89.90,89.9000,true,1,1742
7290000058022,false,אוסובוקו עגל חלק טרי,,,אוסובוקו עגל חלק טרי,קילוגרמים,1.00,"ק""ג",true,,74.90,74.9000,true,1,1754
7290000058030,false,"שמיניית יופלה שטוזים משקה יוגורט תות 100 מ""ל",מיוצר עי קונדיטוריית,,יופלה שטוזים משקה יו,מיליליטרים,800.00,"100 מ""ל",false,,20.90,0.0261,true,1,25812
7290000058032,false,צלעות ע.ע עגל חלק טר,,,צלעות ע.ע עגל חלק טר,קילוגרמים,1.00,"ק""ג",true,,69.90,69.9000,true,1,1759
7290000058033,false,צוואר ע.ע עגל חלק ט,,,צוואר ע.ע עגל חלק ט,קילוגרמים,1.00,"ק""ג",true,,69.90,69.9000,true,1,1760
7290000058040,false,אנטריקוט עגל חלק טרי,,,אנטריקוט עגל חלק טרי,קילוגרמים,1.00,"ק""ג",true,,149.90,149.9000,true,1,1762
7290000058047,false,שמנת להקצפה 38% 500מל מהדרין עמיד השף הלבן,תנובה מרכז שיתופי לש,,שף לבן שמנת מתוקה מה,מיליליטרים,500.00,"100 מ""ל",false,,12.94,0.0259,true,1,25813
7290000058580,false,קוקילידה בטעם וניל עם עוגיות שוקולד גלידות נסטלה 80 גרם,נגה גלידות שותפות מוגבלת,,קוקילידה וניל,יחידה,0.00,יחידה,false,,10.50,0.0000,true,1,16067
7290000058979,false,גיל בטעם תות 3% שומן 125 ג' תנובה,תנובה מרכז שיתופי לש,,"גיל בטעם תות בד""צ 3%",גרמים,125.00,100 גרם,false,,2.00,0.0160,true,1,25819
7290000059503,false,אסדו כבש טרי,,,אסדו כבש טרי,קילוגרמים,1.00,"ק""ג",true,,69.90,69.9000,true,1,1770
7290000060071,false,אוסם - חטיפי פריכונים מאורז מלא קלוי 80גר,קבוצת אוסם סחר שותפות מוגבלת,,חטיפי פריכונים מאורז,גרמים,80.00,100 גרם,false,,7.90,0.0988,true,1,18411
7290000060088,false,בייגלה מקלות עם מלח אסם (400 גרם),קבוצת אוסם סחר שותפות מוגבלת,,בייגלה אסם מקלות מלו,גרמים,400.00,100 גרם,false,,10.90,0.0273,true,1,18412
7290000060200,false,פסטה אסם פתיתים אפויים קוסקוס 500גר,קבוצת אוסם סחר שותפות מוגבלת,,פתיתים אפויים קוסקוס,גרמים,500.00,100 גרם,false,,7.90,0.0158,true,1,18416
7290000060217,false,פסטה מקרוני מספר 7 אסם (500 גרם),קבוצת אוסם סחר שותפות מוגבלת,,פסטה מקרוני אסם 500,גרמים,500.00,100 גרם,false,,6.50,0.0130,true,1,18417
7290000060248,false,פסטה אסם פתיתים תלתלים 500 גר',קבוצת אוסם סחר שותפות מוגבלת,,פסטה תלתלים אסם 500,גרמים,500.00,100 גרם,false,,6.50,0.0130,true,1,18418
7290000060316,false,פרפקטו ספגטי מס' 8 אסם 500 גרם,קבוצת אוסם סחר שותפות מוגבלת,,פסטה ספגטי פרפקטו 50,גרמים,500.00,100 גרם,false,,6.90,0.0138,true,1,18420
7290000060408,false,פסטה אסם פתיתים אפויים טבעות 500 גר,קבוצת אוסם סחר שותפות מוגבלת,,פתיתים אפויים טבעות,גרמים,500.00,100 גרם,false,,7.90,0.0158,true,1,18424
7290000060415,false,"פסטה פרפקטו לאזניה 500 ג' ""אסם""",קבוצת אוסם סחר שותפות מוגבלת,,לזאניה פרפקטו 500 ג,גרמים,500.00,100 גרם,false,,12.90,0.0258,true,1,18425
7290000060576,false,פתיתים אפויים כוכבים אסם (500 גרם),קבוצת אוסם סחר שותפות מוגבלת,,פתיתים אפויים כוכבים,גרמים,500.00,100 גרם,false,,7.90,0.0158,true,1,18431
7290000060781,false,פרומנטי פתיתים מסולסלים אוסם,קבוצת אוסם סחר שותפות מוגבלת,,פסטה מסולסלים אסם 50,גרמים,500.00,100 גרם,false,,6.50,0.0130,true,1,18432
7290000060828,false,פסטה קרניים בינוניות אסם (500 גרם),קבוצת אוסם סחר שותפות מוגבלת,,פסטה קרניים בינוניות,גרמים,500.00,100 גרם,false,,6.50,0.0130,true,1,18433
7290000060842,false,פסטה אסם פתיתים צדפים גדולים 500גר,קבוצת אוסם סחר שותפות מוגבלת,,פסטה צדפים גדולים אס,גרמים,500.00,100 גרם,false,,6.50,0.0130,true,1,18434
7290000060880,false,פסטה ספגטי מספר 8 אסם 500 גרם,קבוצת אוסם סחר שותפות מוגבלת,,ספגטי אסם 500 גרם,גרמים,500.00,100 גרם,false,,6.50,0.0130,true,1,18437
7290000060903,false,פסטה אסם פתיתים אפויים אורז 500גר,קבוצת אוסם סחר שותפות מוגבלת,,פתיתים אפויים אורז א,גרמים,500.00,100 גרם,false,,7.90,0.0158,true,1,18438
7290000060958,false,אטריות מובחרות בינוניות אסם (400 גרם),קבוצת אוסם סחר שותפות מוגבלת,,אטריות בינוניות אסם,גרמים,400.00,100 גרם,false,,6.90,0.0173,true,1,18440
7290000060965,false,פסטה אסם אטריות רחבות 400גר,קבוצת אוסם סחר שותפות מוגבלת,,אטריות רחבות אסם 400,גרמים,400.00,100 גרם,false,,6.90,0.0173,true,1,18441
7290000061061,false,קרקר חיטה עם בצל אסם,קבוצת אוסם סחר שותפות מוגבלת,,אסם קרקר בצל 250גרם,גרמים,250.00,100 גרם,false,,8.90,0.0356,true,1,18443
7290000061214,false,פתיתים אפויים קוסקוס עם בצל אסם 500 גרם,קבוצת אסם סחר שות. מוגבלת,,פתיתים קוסקוס בצל אס,גרמים,500.00,100 גרם,false,,6.90,0.0138,true,1,18446
7290000061245,false,עוגיות שוקוצ'יפס במילוי שוקולד אסם 220 גרם,קבוצת אוסם סחר-שות.מוגבלת,,אסם עוגיות שוקוצ'יפס,גרמים,220.00,100 גרם,false,,10.90,0.0495,true,1,18447
7290000061450,false,פתיתים אפויים קוסקוס 3 צבעים אסם 500 גרם,קבוצת אסם סחר שות. מוגבלת,,פתיתים קוסקוס 3 צבעי,גרמים,500.00,100 גרם,false,,7.90,0.0158,true,1,18449
7290000061764,false,קפה נמס מגורען רד מאג 200 גרם,קבוצת אוסם סחר שותפות מוגבלת,,נס קפה רד מאג טעם חד,גרמים,200.00,100 גרם,false,,22.90,0.1145,true,1,18450
7290000062952,false,אוסם - מיני קרוטונים למרק ולסלט 250 גרם,קבוצת אוסם סחר שותפות מוגבלת,,מיני קרוטונים למרק ו,גרמים,250.00,100 גרם,false,,15.50,0.0620,true,1,18456
7290000063102,false,קמח עוגה תופח מאליו אסם 350 גרם,קבוצת אוסם סחר שותפות מוגבלת,,קמח תופח קטן אסם 350,גרמים,350.00,100 גרם,false,,4.90,0.0140,true,1,18459
7290000063133,false,אסם שקדי מרק רכיבים טבעיים 24*100גרם,קבוצת אוסם סחר שותפות מוגבלת,,שקדי מרק רכיבים טבעי,גרמים,100.00,100 גרם,false,,5.90,0.0590,true,1,18460
7290000063140,false,שקדי מרק רכיבים טבעיים בשקית 400 ג' אסם,קבוצת אוסם סחר שותפות מוגבלת,,שקדי מרק רכיבים טבעי,גרמים,400.00,100 גרם,false,,13.90,0.0348,true,1,18461
7290000063157,false,"קמח עוגה תופח מאליו אסם 1 ק""ג",קבוצת אוסם סחר שותפות מוגבלת,,קמח עוגה תופח מאליו,קילוגרמים,1.00,"ק""ג",false,,9.90,9.9000,true,1,18462
7290000064758,false,קוסקוס בינוני אמיתי אסם 350 ג',קבוצת אוסם סחר שותפות מוגבלת,,קוסקוס אמיתי אסם 350,גרמים,350.00,100 גרם,false,,8.90,0.0254,true,1,18472
7290000064871,false,"אוסם - מנה חמה פירה תפו""א עם בצל 56 גרם",קבוצת אוסם סחר שותפות מוגבלת,,"מנה חמה פירה תפו""א ו",גרמים,56.00,100 גרם,false,,5.90,0.1054,true,1,18473
7290000065090,false,מיני קרוטונים מתובלים למרק ולסלט אסם 400 גרם,קבוצת אוסם סחר שותפות מוגבלת,,מיני קרוטונים למרק ו,גרמים,400.00,100 גרם,false,,20.90,0.0522,true,1,18474
7290000065335,false,אוסם - מנה חמה פירה עם ירקות 55 גרם,קבוצת אוסם סחר שותפות מוגבלת,,מנה חמה פירה וירקות,גרמים,55.00,100 גרם,false,,5.90,0.1073,true,1,18476
7290000065540,false,אוסם - מנה חמה פסטה מוקרמת בטעם עוף 55 גרם,קבוצת אוסם סחר שותפות מוגבלת,,מנה חמה פסטה מוקרמת,גרמים,55.00,100 גרם,false,,5.90,0.1073,true,1,18477
7290000065557,false,אוסם - מנה חמה קוסקוס עם ירקות 84 גרם,קבוצת אוסם סחר שותפות מוגבלת,,מנה חמה קוסקוס וירקו,גרמים,84.00,100 גרם,false,,5.90,0.0702,true,1,18478
7290000065977,false,אסם חטיפי פריכונים תירס שומשום 80 גרם,קבוצת אוסם סחר שותפות מוגבלת,,חטיפי פריכונים תירס,גרמים,80.00,100 גרם,false,,7.90,0.0988,true,1,18484
7290000066141,false,ביסלי חטיף בטעם גריל אסם (70 גרם),קבוצת אוסם סחר שותפות מוגבלת,,ביסלי גריל 70 גר'.,גרמים,70.00,100 גרם,false,,3.90,0.0557,true,1,18486
7290000066189,false,ביסלי חטיף בטעם פלאפל אסם (200 גרם),קבוצת אוסם סחר שותפות מוגבלת,,ביסלי גדול פלאפל 200,גרמים,200.00,100 גרם,false,,7.90,0.0395,true,1,18490
7290000066196,false,ביסלי חטיף בטעם גריל אסם (200 גרם),קבוצת אוסם סחר שותפות מוגבלת,,ביסלי גריל 200גרם,גרמים,200.00,100 גרם,false,,7.90,0.0395,true,1,18491
7290000066226,false,ביסלי חטיף בטעם פיצה אסם (200 גרם),קבוצת אוסם סחר שותפות מוגבלת,,ביסלי טעם פיצה 200גר,גרמים,200.00,100 גרם,false,,7.90,0.0395,true,1,18494
7290000066264,false,דובונים חטיף תפוחי אדמה אסם (40 גרם),קבוצת אוסם סחר שותפות מוגבלת,,דובונים 40גרם,גרמים,40.00,100 גרם,false,,5.00,0.1250,true,1,18495
7290000066295,false,אסם במבה תות מחומרים טבעיים 30גר,קבוצת אוסם סחר שותפות מוגבלת,,במבה מתוקה מחומרים ט,גרמים,30.00,100 גרם,false,,2.90,0.0967,true,1,18496
7290000066318,false,במבה חטיף בוטנים אסם 80 גרם,קבוצת אוסם סחר שותפות מוגבלת,,במבה קלאסי 80 גרם,גרמים,80.00,100 גרם,false,,4.90,0.0613,true,1,18498
7290000066332,false,אפרופו חטיף תירס אסם (50 גרם),קבוצת אוסם סחר שותפות מוגבלת,,אפרופו 50 גרם,גרמים,50.00,100 גרם,false,,5.00,0.1000,true,1,18499
7290000066349,false,אפרופו חטיף תירס אסם (100 גרם),קבוצת אוסם סחר-שות.מוגבלת,,אפרופו 100גרם,גרמים,100.00,100 גרם,false,,8.90,0.0890,true,1,18500
7290000066431,false,פופקו חטיף פופקורן בטעם חמאה ודבש אסם 80 גרם,קבוצת אוסם סחר שותפות מוגבלת,,פופקו חמאה ודבש 80גר,גרמים,80.00,100 גרם,false,,5.90,0.0738,true,1,18501
7290000067544,false,פירורית זהב פירורי לחם אסם 200 גרם,קבוצת אוסם סחר שותפות מוגבלת,,אסם פירורית פירורי ל,גרמים,200.00,100 גרם,false,,6.50,0.0325,true,1,18510
7290000067735,false,פרפקטו ניוקי בצקיות תפוחי אדמה 500 ג' אסם,קבוצת אוסם סחר שותפות מוגבלת,,"ניוקי בצקיות מתפו""א",גרמים,500.00,100 גרם,false,,11.90,0.0238,true,1,18516
7290000068138,false,אינסטנט פודינג בטעם וניל אסם 80 גרם,קבוצת אוסם סחר שותפות מוגבלת,,אסם פודינג אינסטנט ו,גרמים,80.00,100 גרם,false,,5.90,0.0738,true,1,18520
7290000068190,false,אסם ג'לי תות שדה צבעים טבעיים 90 גרם,קבוצת אוסם סחר שותפות מוגבלת,,אסם ג'לי תות שדה צבע,גרמים,90.00,100 גרם,false,,6.90,0.0767,true,1,18524
7290000068206,false,אסם ג'לי משמש צבעים טבעיים 85 גרם,קבוצת אוסם סחר שותפות מוגבלת,,אסם ג'לי משמש צבעים,גרמים,85.00,100 גרם,false,,6.90,0.0812,true,1,18525
7290000068237,false,אבקה להכנת ג`לי בטעם פטל אסם (85 גרם),קבוצת אוסם סחר שותפות מוגבלת,,אסם ג'לי פטל צבעים ט,גרמים,85.00,100 גרם,false,,6.90,0.0812,true,1,18526
7290000068343,false,אוסם - פירכונים מאורז מלא 140 גרם,קבוצת אוסם סחר שותפות מוגבלת,,פריכונים מאורז מלא א,גרמים,140.00,100 גרם,false,,7.90,0.0564,true,1,18530
7290000068770,false,במבה יום הולדת חטיף בוטנים אסם 80 גרם,קבוצת אוסם סחר שותפות מוגבלת,,במבה יום הולדת 80גרם,גרמים,80.00,100 גרם,false,,4.90,0.0613,true,1,18532
7290000068787,false,במבה יום הולדת חטיף בוטנים אסם 25 גרם,קבוצת אוסם סחר שותפות מוגבלת,,במבה יום הולדת 25גרם,גרמים,25.00,100 גרם,false,,2.50,0.1000,true,1,18533
7290000069364,false,פריכונים מאורז מלא ללא תוספת סוכר אסם 140 גרם,קבוצת אוסם סחר שותפות מוגבלת,,פריכונים מאורז מלא ל,גרמים,140.00,100 גרם,false,,7.90,0.0564,true,1,18538
7290000069609,false,חטיפי קרקר בטעם זעתר אסם (300 גרם),קבוצת אסם סחר שות. מוגבלת,,אסם חטיפי קרקר זעתר,גרמים,300.00,100 גרם,false,,11.90,0.0397,true,1,18541
7290000070308,false,אבקת מרק עוף אמיתי בשרי אסם 400 גרם,קבוצת אוסם סחר שותפות מוגבלת,,מרק עוף אמיתי אסם 40,גרמים,400.00,100 גרם,false,,23.90,0.0597,true,1,18548
7290000070322,false,אבקת מרק פטריות רכיבים טבעיים אסם 400 גרם,קבוצת אוסם סחר שותפות מוגבלת,,אבקת מרק פטריות רכיב,גרמים,400.00,100 גרם,false,,28.00,0.0700,true,1,18549
7290000070353,false,אבקת מרק בצל רכיבים טבעיים אסם 400 גרם,קבוצת אוסם סחר שותפות מוגבלת,,אבקת מרק בצל רכיבים,גרמים,400.00,100 גרם,false,,28.00,0.0700,true,1,18550
7290000070919,false,בייגלה רשתות עם מלח אסם (400 גרם),קבוצת אוסם סחר שותפות מוגבלת,,בייגלה אסם רשתות מלח,גרמים,400.00,100 גרם,false,,14.50,0.0363,true,1,18558
7290000072067,false,במבה חטיף בוטנים במילוי קרם חלבה 60 גרם,קבוצת אסם סחר שות. מוגבלת,,במבה במילוי קרם חלבה,גרמים,60.00,100 גרם,false,,4.90,0.0817,true,1,18560
7290000072623,false,קטשופ אסם בקבוק לחיץ 750 גרם,קבוצת אוסם סחר שותפות מוגבלת,,אסם קטשופ בקבוק לחיץ,גרמים,750.00,100 גרם,false,,12.50,0.0167,true,1,18566
7290000072630,false,קטשופ אסם חריף 750 גרם-בקבוק,קבוצת אוסם סחר שותפות מוגבלת,,אסם קטשופ חריף 750 ג,גרמים,750.00,100 גרם,false,,11.90,0.0159,true,1,18567
7290000072753,false,קפה נמס מגורען טסטרס צ'ויס 200 גרם-,קבוצת אוסם סחר שותפות מוגבלת,,נס קפה טייסטרס צ'ויס,גרמים,200.00,100 גרם,false,,32.90,0.1645,true,1,18569
7290000072760,false,נסקפה טייסטרס צויס 100 גר אוריגנל,קבוצת אוסם סחר שותפות מוגבלת,,טייסטרס צ'וייס 100גר,גרמים,100.00,100 גרם,false,,29.90,0.2990,true,1,18570
7290000072777,false,קפה נמס מגורען נטול קפאין טסטרס צ'ויס 200 גרם,קבוצת אוסם סחר שותפות מוגבלת,,טייסטרס צוייס נטול ק,גרמים,200.00,100 גרם,false,,40.90,0.2045,true,1,18571
7290000072784,false,קפה טייסטר צויס נטול קופאין 100 גר',קבוצת אוסם סחר שותפות מוגבלת,,טייסטרס צוייס נטול ק,גרמים,100.00,100 גרם,false,,35.00,0.3500,true,1,18572
7290000072968,false,דגני בוקר סיני מיניס חיטה מלאה וקינמון נסטלה 500 גרם,קבוצת אוסם סחר-שות.מוגבלת,,סיני מיניס דגני נסטל,יחידה,500.00,יחידה,false,,27.90,0.0558,true,1,18577
7290000073125,false,מנה חמה פסטה ברוטב עגבניות אסם (62 גרם),קבוצת אוסם סחר שותפות מוגבלת,,מנה חמה פסטה עם עגבנ,גרמים,62.00,100 גרם,false,,5.90,0.0952,true,1,18578
7290000073415,false,אוסם - מנה חמה פסטה ברוטב פיצה 61 גרם,קבוצת אוסם סחר שותפות מוגבלת,,מנה חמה פסטה ברוטב פ,גרמים,61.00,100 גרם,false,,5.90,0.0967,true,1,18579
7290000073699,false,סלט חומוס צבר 150 גרם,קבוצת אוסם סחר שותפות מוגבלת,,צבר חומוס חלק 150ג,גרמים,150.00,100 גרם,false,,5.50,0.0367,true,1,19629
7290000073767,false,מנה חמה נודלס אטר.+ירקות טעם בקר 70 גרם,קבוצת אוסם סחר שותפות מוגבלת,,מנה חמה נודלס בטעם ב,גרמים,70.00,100 גרם,false,,6.90,0.0986,true,1,18582
7290000073774,false,מנה חמה נודלס אטר+ירקות טעם צילי 70 גרם,קבוצת אוסם סחר שותפות מוגבלת,,מנה חמה נודלס בטעם פ,גרמים,70.00,100 גרם,false,,6.90,0.0986,true,1,18583
7290000074153,false,ביסקוויט פתי בר שוקולד אסם (500 גרם),קבוצת אוסם סחר שותפות מוגבלת,,אסם פתי בר שוקו 500ג,גרמים,500.00,100 גרם,false,,13.90,0.0278,true,1,18587
7290000074184,false,ביסקוויט פתי בר אסם (500 גרם),קבוצת אוסם סחר שותפות מוגבלת,,אסם פתי בר 500גרם.,גרמים,500.00,100 גרם,false,,10.90,0.0218,true,1,18589
7290000074245,false,אוסם - קרם קרקר אסם 250 גרם,קבוצת אוסם סחר שותפות מוגבלת,,אסם קרם קרקר 250גרם,גרמים,250.00,100 גרם,false,,8.90,0.0356,true,1,18590
7290000074276,false,קרקר פיקנטי טבעון 250 ג' אסם,קבוצת אוסם סחר שותפות מוגבלת,,טבעון קרקר פיקנטי 25,גרמים,250.00,100 גרם,false,,9.90,0.0396,true,1,18592
7290000074375,false,אוסם - קרקר זהב 150 גרם,קבוצת אוסם סחר שותפות מוגבלת,,אסם קרקר זהב 150גרם,גרמים,150.00,100 גרם,false,,7.50,0.0500,true,1,18595
7290000074764,false,קרקר הזהב אסם 900 גרם,קבוצת אוסם סחר שותפות מוגבלת,,קרקר זהב אסם 900 גרם,גרמים,900.00,100 גרם,false,,19.90,0.0221,true,1,18603
7290000075204,false,קרקר לחמית חיטה מלאה אסם (250 גרם),קבוצת אוסם סחר שותפות מוגבלת,,לחמית חיטה מלאה 250ג,גרמים,250.00,100 גרם,false,,8.70,0.0348,true,1,18607
7290000075693,false,עוגת הבית שמרים בריוש שוקולד אסם 360 גרם,קבוצת אסם סחר שות. מוגבלת,,עוגת שמרים בריוש שוק,גרמים,360.00,100 גרם,false,,14.90,0.0414,true,1,18608
7290000076126,false,אוסם - בייגלה שמיניות קטנות 80 גרם,קבוצת אוסם סחר שותפות מוגבלת,,אסם בייגלה שמיניות ק,גרמים,80.00,100 גרם,false,,3.50,0.0438,true,1,18609
7290000076133,false,בייגלה שמיניות קטנות עם מלח אסם 400 גרם,קבוצת אוסם סחר שותפות מוגבלת,,בייגלה אסם שמיניות ק,גרמים,400.00,100 גרם,false,,10.90,0.0273,true,1,18610
7290000076645,false,טוסטעים פת קלויה חיטה מלאה אסם 100 גרם,קבוצת אסם סחר שות. מוגבלת,,טוסטעים חיטה מלאה אס,גרמים,100.00,100 גרם,false,,10.90,0.1090,true,1,18612
7290000077017,false,עוגיות קרמוגית במילוי קרם שוקולד אסם 200 גרם,קבוצת אוסם סחר שותפות מוגבלת,,אסם קרמוגית במילוי ש,גרמים,200.00,100 גרם,false,,11.90,0.0595,true,1,18614
7290000077925,false,אסם טוסטים צנימים עגולים חטה.מלא 125 גרם,קבוצת אסם סחר שות. מוגבלת,,טוסטעים עגול חיטה מל,גרמים,125.00,100 גרם,false,,10.90,0.0872,true,1,18617
7290000078212,false,קרוטונים מתובלים למרק אסם (250 גרם),קבוצת אוסם סחר שותפות מוגבלת,,קרוטונים מתובלים אסם,גרמים,250.00,100 גרם,false,,15.00,0.0600,true,1,18618
7290000078762,false,אוסם - חטיפי פריכונים מאורז מלא בטעם דבש 80גר,קבוצת אוסם סחר-שות.מוגבלת,,חטיפי פריכונים אורז,גרמים,80.00,100 גרם,false,,7.90,0.0988,true,1,18620
7290000079233,false,קרם קרקר דיאטטי דל נתרן 250 גרם,קבוצת אוסם סחר שותפות מוגבלת,,אסם קרם קרקר דל נתרן,גרמים,250.00,100 גרם,false,,9.90,0.0396,true,1,18621
7290000080758,false,פת קלויה טוסטעים אסם (100 גרם),קבוצת אוסם סחר שותפות מוגבלת,,טוסטעים פת קלוי אסם,גרמים,100.00,100 גרם,false,,10.90,0.1090,true,1,18623
7290000080765,false,פת קלויה טוסטעים עם שומשום אסם (100 גרם),קבוצת אוסם סחר שותפות מוגבלת,,טוסטעים פת קלויה עם,גרמים,100.00,100 גרם,false,,10.90,0.1090,true,1,18624
7290000081663,false,"בייגלה טבעות שומשום אסם 300 גרם בד""ץ",קבוצת אוסם סחר שותפות מוגבלת,,בייגלה אסם טבעות שומ,גרמים,300.00,100 גרם,false,,10.90,0.0363,true,1,18626
7290000085180,false,גטניו פתי בר וניל 470 גרם,"אחים גטניו בע""מ",,גטניו - פתיבר וניל 4,גרמים,470.00,100 גרם,false,,9.90,0.0211,true,1,41194
7290000100081,false,לחמניה קשר/קלועה,,,לחמניה קשר/קלועה,יח',1.00,יח',false,,3.00,3.0000,true,1,33983
7290000100155,false,נילס קוקיס אגוז,,,נילס קוקיס אגוז,קילוגרמים,1.00,"ק""ג",true,,53.00,53.0000,true,1,2495
7290000100156,false,נילס קוקיס חלבי,,,נילס קוקיס חלבי,קילוגרמים,1.00,"ק""ג",true,,53.00,53.0000,true,1,2496
7290000100157,false,נילס קוקיס מריר,,,נילס קוקיס מריר,קילוגרמים,1.00,"ק""ג",true,,53.00,53.0000,true,1,2497
7290000100158,false,נילס קוקיס חלבי טעמי,,,נילס קוקיס חלבי טעמי,קילוגרמים,1.00,"ק""ג",true,,53.00,53.0000,true,1,2498
7290000100160,false,נילס קוקיס שוקו,,,נילס קוקיס שוקו,קילוגרמים,1.00,"ק""ג",true,,53.00,53.0000,true,1,2499
7290000100300,false,לחם מחמצת טוסקני כפר,,,לחם מחמצת טוסקני כפר,גרמים,530.00,100 גרם,false,,17.90,0.0338,true,1,53723
7290000103525,false,גזר גמדי -שמיטה 700 גרם סנפרוסט,"סנפרוסט בע""\מ",,"סנפרוסט גזר גמדי בד""",גרמים,700.00,100 גרם,false,,12.90,0.0184,true,1,25468
7290000103532,false,"סנפרוסט גרעיני תירס בד""ץ 700גר","סנפרוסט בע""\מ",,סנפרוסט גרעיני תירס,גרמים,700.00,100 גרם,false,,12.90,0.0184,true,1,25469
7290000103556,false,גרגירי חומוס מבושל סנפרוסט 700ג' בדצ,"סנפרוסט בע""\מ",,סנפרוסט גרגירי חומוס,גרמים,700.00,100 גרם,false,,15.90,0.0227,true,1,25471
7290000103846,false,מרק אפונה עשיר בירקות סנפרוסט (572 גרם),תנובה מרכז שיתופי לשיווק תוצרת,,סנפרוסט מרק אפונה קפ,גרמים,570.00,100 גרם,false,,16.90,0.0296,true,1,25486
7290000104218,false,סנפרוסט במיה 600 גרם,תנובה מרכז שיתופי לשיווק תוצרת,,סנפרוסט במיה 600גר,גרמים,600.00,100 גרם,false,,15.90,0.0265,true,1,25494
7290000104713,false,פול ירוק קפוא סנפורסט 800 גרם,תנובה מרכז שיתופי לשיווק תוצרת,,פול ירוק 800גר,גרמים,800.00,100 גרם,false,,20.90,0.0261,true,1,25501
7290000104799,false,שעועית לבנה מבושלת סנפרוסט (800 גרם),תנובה מרכז שיתופי לשיווק תוצרת,,שעועית לבנה מבושלת 8,גרמים,800.00,100 גרם,false,,18.90,0.0236,true,1,25508
7290000105183,false,צלי כתף מס' 5 חלק,,,צלי כתף מס' 5 חלק,קילוגרמים,1.00,"ק""ג",true,,99.90,99.9000,true,1,46794
7290000105190,false,פילה מדומה מחפוד קפו,,,פילה מדומה מחפוד קפו,קילוגרמים,1.00,"ק""ג",true,,63.90,63.9000,true,1,46795
7290000105220,false,שריר בשר מס' 8 מחפוד,,,שריר בשר מס' 8 מחפוד,קילוגרמים,1.00,"ק""ג",true,,63.90,63.9000,true,1,46798
7290000107165,false,חטיף סויה אדממה סנפרוסט (400 גרם),תנובה מרכז שיתופי לשיווק תוצרת,,פולי סויה אדממה קפוא,גרמים,400.00,100 גרם,false,,13.90,0.0348,true,1,25523
7290000107189,false,תחתיות ארטישוק סנפרוסט (400 גרם),תנובה מרכז שיתופי לשיווק תוצרת,,תחתיות ארטישוק 400גר,גרמים,400.00,100 גרם,false,,19.90,0.0497,true,1,25524
7290000111117,false,מרכך כביסה לבן בדין (4 ליטר),"יוניליוור ישראל שיווק בע""מ",,בדין מרכך כביסה לבן,ליטרים,4.00,ליטר,false,,19.90,4.9750,true,1,10088
7290000112619,false,אבקת מרק עוף אמיתי קנור 400 ג' כשלפ,יוניליוור ישראל שיווק בע`מ,,מרק עוף אמיתי לתיבול,גרמים,400.00,100 גרם,false,,19.90,0.0497,true,1,10099
7290000114187,false,פנטסטיק תרכיז ניקוי כללי אורנים סיף 4 ליטר,יוניליוור ישראל שיווק בע`מ,,סיף פנטסטיק אורנים 4,ליטרים,4.00,ליטר,false,,19.90,4.9750,true,1,10105
7290000116884,false,"קנור רוטב ברביקיו 300 מ""ל כשלפ",יוניליוור ישראל שיווק בע`מ,,רוטב ברביקיו קנור 20,מיליליטרים,200.00,"100 מ""ל",false,,12.90,0.0645,true,1,10112
7290000116945,false,"רוטב סויה קלאסי קנור בד""צ 350 גרם",יוניליוור ישראל שיווק בע`מ,,רוטב סויה קנור 300מל,מיליליטרים,300.00,"100 מ""ל",false,,12.90,0.0430,true,1,10114
7290000117720,false,נמס בכוס פטריות קנור 21.5 גרם מארז זוגי,"יוניליוור ישראל שיווק בע""מ",,מרק נמס בכוס פטריות,גרמים,43.00,100 גרם,false,,6.90,0.1605,true,1,10120
7290000121031,false,החתול המחייך גבינה מותכת 14% מון בלאן 120 גרם,נטו מילנדה סחר בעמ*,,מון בלאן גבינת חתול,גרמים,120.00,100 גרם,false,,9.90,0.0825,true,1,16775
7290000121093,false,גבינה מותכת לייט בטעם שוויצרי 7% מון בלאן 120 גר',האי נאם סי או אל.טי.,,מון בלאן שויצרית 7%,גרמים,120.00,100 גרם,false,,11.90,0.0992,true,1,16778
7290000121147,false,גבינה מותכת לייט בטעם פיקנטי 7% מון בלאן 120 גרם,נטו מלינדה סחר בע`מ,,מון בלאן פיקנטי 7% 1,גרמים,120.00,100 גרם,false,,11.90,0.0992,true,1,16780
7290000133996,false,שניצל הודו פרוס קפוא,,,שניצל הודו פרוס קפוא,קילוגרמים,1.00,"ק""ג",true,,44.90,44.9000,true,1,35122
7290000135045,false,"XL TEN משקה אנרגיה פתוח ללא סוכר 250 מ""ל","טמפו משקאות בע""\מ",,אקס אל TEN פחית תפוח,מיליליטרים,250.00,"100 מ""ל",false,,4.90,0.0196,true,1,9346
7290000135052,false,"XL TEN משקה אנרגיה מנגו ללא סוכר 250 מ""ל","טמפו משקאות בע""\מ",,אקס אל TEN פחית מנגו,מיליליטרים,250.00,"100 מ""ל",false,,4.90,0.0196,true,1,9347
7290000135168,false,"פפסי מקס ליים פחית צרה מארז שישייה 330 מ""ל","טמפו משקאות בע""מ",,שישיית פחיות פפסי מק,ליטרים,1.98,ליטר,false,,17.60,8.8889,true,1,112262
7290000135311,false,פפסי מקס ליים 1.5 ליטר בודד,"טמפו משקאות בע""\מ",,פפסי מקס ליים 1.5 ל',ליטרים,1.50,ליטר,false,,8.50,5.6667,true,1,75707
7290000135625,false,"רביעיית פחיות בירה גולדסטאר 500 מ""ל",טמפו משקאות בעמ,,גולדסטאר פחיות 4*500,ליטרים,2.00,ליטר,false,,27.90,13.9500,true,1,153975
7290000136165,false,מירינדה אורנג` 1.5 ליטר פיקדון,"טמפו משקאות בע""\מ",,מירינדה 1.5 ליטר,ליטרים,1.50,ליטר,false,,8.50,5.6667,true,1,195843
7290000136172,false,משקה 7UP בקבוק 1.5 ליטר פיקדון,"טמפו משקאות בע""\מ",,סבן אפ 1.5 ליטר,ליטרים,1.50,ליטר,false,,8.50,5.6667,true,1,195859
7290000136189,false,משקה דיאט 7UP בקבוק 1.5 ליטר פיקדון,"טמפו משקאות בע""\ם.",,סבן אפ דיאט 1.5 ליטר,ליטרים,1.50,ליטר,false,,8.50,5.6667,true,1,195827
7290000136301,false,"סירופ בטעם ענבים ג'ויסר סיידר הגליל 330 מ""ל","טמפו משקאות בע""\מ",,סיידר הגליל JUICER ס,מיליליטרים,330.00,"100 מ""ל",false,,13.60,0.0412,true,1,270891
7290000136455,false,משקה בטעם אשכוליות תריסר 1.5 ל' ג'אמפ,"טמפו משקאות בע""\ם.",,ג`אמפ אשכול 1.5 ליטר,ליטרים,1.50,ליטר,false,,7.90,5.2667,true,1,195637
7290000136516,false,משקה בטעם מנגו פסיפלורה תריסר 1.5 ל' ג'אמפ,טמפו משקאות בע`מ,,ג`אמפ פסיפלורה 1.5 ל,ליטרים,1.50,ליטר,false,,7.90,5.2667,true,1,195621
7290000136523,false,ג`אמפ משקה קל ענבים 1.5 ליטר פיקדון,"טמפו משקאות בע""\ם.",,ג`אמפ ענבים 1.5 ליטר,ליטרים,1.50,ליטר,false,,7.90,5.2667,true,1,195639
7290000136561,false,משקה בטעם תות בננה תריסר 1.5 ל' ג'אמפ,"טמפו משקאות בע""\מ",,ג`אמפ תות בננה 1.5 ל,ליטרים,1.50,ליטר,false,,7.90,5.2667,true,1,195640
7290000136585,false,משקה בטעם תפוזים תריסר 1.5 ל' ג'אמפ,"טמפו משקאות בע""\ם.",,ג`אמפ תפוז 1.5 ליטר,ליטרים,1.50,ליטר,false,,7.90,5.2667,true,1,195622
7290000136646,false,בירה נשר מאלט ללא אלכוהול 1.5 ליטר,"טמפו משקאות בע""\מ",,נשר מאלט 1.5 ליטר,ליטרים,1.50,ליטר,false,,9.50,6.3333,true,1,195519
7290000136653,false,בירה שחורה נשר מאלט דיאט בקבוק 1.5ל`,"טמפו משקאות בע""\מ",,נשר מאלט דיאט 1.5 לי,ליטרים,1.50,ליטר,false,,9.50,6.3333,true,1,195520
7290000136660,false,סודה טמפו ליטר וחצי,טמפו,,טמפו סודה 1.5 ליטר,ליטרים,1.50,ליטר,false,,3.90,2.6000,true,1,195757
7290000136684,false,פפסי מקס משקה מוגז דל קלוריות בטעם קולה,טמפו משקאות בע`מ,,פפסי מקס 1.5 ליטר,ליטרים,1.50,ליטר,false,,8.50,5.6667,true,1,195919
7290000136790,false,טמפו מי סודה 6*1.5 ליטר פיקדון,"טמפו משקאות בע""\מ",,טמפו סודה 6*1.5 ליטר,ליטרים,9.00,ליטר,false,,19.60,2.1778,true,1,195670
7290000136844,false,מארז מים מזוככים אקווה נובה שישיית 2 ליטר,"טמפו משקאות בע""\מ",,אקווה נובה 6*2 ליטר,ליטרים,12.00,ליטר,false,,12.90,1.0750,true,1,195561
7290000136868,false,סאן בנדטו - מים מינרלים - מארז שישיית 1.5 ליטר,אקווה מינרלה סאן בנדטו ב,,מים סאן בנדטו 6* 1.5,ליטרים,9.00,ליטר,false,,19.90,2.2111,true,1,195577
7290000136875,false,שישיית מים מינרליים מוגזים סן בנדטו 1.5 ליטר,סאן בנדטו San Benedetto,,סאן בנדטו מים מינרלי,ליטרים,9.00,ליטר,false,,20.90,2.3222,true,1,195654
7290000137513,false,גלידונית גלידה וניל בציפוי שוקולד 60 יח' קרמיסימו,"גלידת שטראוס בע""\מ, רחוב",,קרמיסימו גלידונית ש.,גרמים,700.00,100 גרם,false,,50.90,0.0727,true,1,4220
7290000137643,false,שלגוני טעמקור בטעם שוקו וניל שטראוס 8*50 גרם,"גלידת שטראוס בע""\מ, רחוב",,שלגוני טעמקור 8יח,גרמים,416.00,100 גרם,false,,37.90,0.0911,true,1,4221
7290000139645,false,שניצל עגל חלק ארוז,,,שניצל עגל חלק ארוז,קילוגרמים,1.00,"ק""ג",true,,89.90,89.9000,true,1,42544
7290000139904,false,"סטייק ע""ע חלק ארוז",,,"סטייק ע""ע חלק ארוז",קילוגרמים,1.00,"ק""ג",true,,119.90,119.9000,true,1,42547
7290000143187,false,שמפו ומרכך לגבר הוואי (700 מל),שוורצקוף& הנקל דיסלד,,שמפו לגבר הוואי 700,מיליליטרים,700.00,"100 מ""ל",false,,9.90,0.0141,true,1,8059
7290000143194,false,שמפו ומרכך לשיער אלוורה הוואי (700 מל),טרופיקל דגיל בעמ,,שמפו+מרכך הוואי 700,מיליליטרים,700.00,"100 מ""ל",false,,9.90,0.0141,true,1,8060
7290000143200,false,"הוואי - מרכך לשיער יבש 700 מ""ל",טרופיקל דגיל קוסמטיק,,מרכך לשיער יבש הוואי,מיליליטרים,700.00,"100 מ""ל",false,,9.90,0.0141,true,1,8061
7290000143217,false,הוואי שמפו לשיער יבש700 מל כחול,שוורצקוף& הנקל דיסלד,,שמפו לשיער יבש הוואי,מיליליטרים,700.00,"100 מ""ל",false,,9.90,0.0141,true,1,8062
7290000143279,false,"הוואי שמפו לשיער נגד קשקשים 700 מ""ל",שוורצקוף& הנקל דיסלד,,שמפו נגד קשקשים הווא,מיליליטרים,700.00,"100 מ""ל",false,,9.90,0.0141,true,1,8065
7290000144160,false,"שמן זית כתית מעולה ארומתי עץ הזית 750 מ""ל","מרקאולאו, ספרד.אבסה,",,שמן זית כתית מעולה א,מיליליטרים,750.00,"100 מ""ל",false,,35.90,0.0479,true,1,29322
7290000144467,false,שמן חמניות מועשר בנוגדי חמצון 1 ל' עץ הזית,"נארז ע""י : א.ג. גילר",,שמן חמניות בריאות מה,ליטרים,1.00,ליטר,false,,16.90,16.9000,true,1,29325
7290000144474,false,שמן עץ הזית קנולה 1 ליטר בריאות מהטבע,סוגת תעשיות בעמ,,שמן קנולה בריאות עץ,ליטרים,1.00,ליטר,false,,16.90,16.9000,true,1,29326
7290000146652,false,הוואי - סבון מוצק ורוד רומנטי 100 גרם רביעייה,טרופיקל דגיל קוסמטיק,,סבון מוצק ורוד הוואי,גרמים,400.00,100 גרם,false,,11.90,0.0298,true,1,8071
7290000146676,false,הוואי - סבון מוצק לגבר 100 גרם רביעייה,טרופיקל דגיל קוסמטיק,,סבון מוצק לגבר הוואי,גרמים,400.00,100 גרם,false,,11.90,0.0298,true,1,8073
7290000148380,false,פיסטוקים קלויים קליית גת (200 גרם),ליימן שליסל בעמ,,פיסטוק קלוי 200 גרם,גרמים,200.00,100 גרם,false,,21.50,0.1075,true,1,12728
7290000148748,false,קליית גת גרעיני חמניה קלויים ומומלחים200,ליימן שליסל בעמ,,גרעיני חמניה 200 גרם,גרמים,200.00,100 גרם,false,,6.90,0.0345,true,1,12731
7290000148939,false,שקדים קלויים קליית גת (200 גרם),ליימן שליסל בעמ,,שקדים קלויים 200 גרם,גרמים,200.00,100 גרם,false,,20.90,0.1045,true,1,12732
7290000149905,false,טקסטיל שמפו נוזלי לאריגים עדינים1ליט,החברה הדרומית לשיווק בעמ,,טקסטיל שמפו-1 ליטר נ,ליטרים,1.00,ליטר,false,,14.90,14.9000,true,1,29664
7290000151885,false,נקניק הודו יחידה עוף טוב 700ג',קבוצת אוסם סחר שותפות מוגבלת,,נקניק הודו יחידה 700,גרמים,700.00,100 גרם,false,,19.00,0.0271,true,1,19651
7290000152943,false,מארז פסטרמה כפרית וסלמי כפרי עוף טוב 2*350 גרם,מוצרי עוף טוב (2001) בע\,,עוף טוב סלמי פסטרמה,גרמים,700.00,100 גרם,false,,30.90,0.0441,true,1,19656
7290000153469,false,קציצות עוף קלאסיות 100% רכיבים טבעיים,קבוצת אסם סחר שות. מוגבלת,,עוף טוב קציצות עוף ק,גרמים,600.00,100 גרם,false,,30.90,0.0515,true,1,19661
7290000158105,false,שניצל עוף מיני דינוזאור ללא אנטיביוטיקה מ100% ר.טבעי,קבוצת אסם סחר שות. מוגבלת,,עוף טוב שניצל עוף מי,גרמים,700.00,100 גרם,false,,36.90,0.0527,true,1,19675
7290000166605,false,סיף פנטסטיק ניקיון כללי יסמין 4ליטר,יוניליוור ישראל שיווק בע`מ,,סיף פנטסטיק כללי יסמ,ליטרים,4.00,ליטר,false,,19.90,4.9750,true,1,10222
7290000168173,false,"ברנפלקס קרנצ'ים תלמה בד""ץ 375 גרם",יוניליוור ישראל שיווק בעמ,,ברנפלקס קרנצים תלמה,גרמים,375.00,100 גרם,false,,23.90,0.0637,true,1,10246
7290000169538,false,"נמס בכוס עגבניות וקרוטונים מרק כשרות בד""ץ 62 ג' קנור",יוניליוור ישראל שיווק בע`מ,,נמס בכוס עגבניות וקר,גרמים,62.00,100 גרם,false,,6.90,0.1113,true,1,10266
7290000174723,false,שוקולית אבקה להכנת משקה שוקו 500 גרם,הנסיך- מפעל לייצור ט,,שוקולית 500 גרם,גרמים,500.00,100 גרם,false,,13.90,0.0278,true,1,22161
7290000176079,false,קפה טורקי עם הל עלית (100 גרם),הנסיך- מפעל לייצור ט,,טורקי עלית קפה עם הל,גרמים,100.00,100 גרם,false,,9.50,0.0950,true,1,22164
7290000176413,false,קפה נמס עלית פחית 50 גרם,הנסיך- מפעל לייצור ט,,עלית נמס 50 גר',גרמים,50.00,100 גרם,false,,9.90,0.1980,true,1,22169
7290000176420,false,קפה נמס פחית עלית 200 גרם,פיקסל אם.גי.אם בעמ,,קפה נמס עלית פחית 20,גרמים,200.00,100 גרם,false,,20.90,0.1045,true,1,22170
7290000178707,false,חטיף צ`יפס בטעם טבעי תפוצ`יפס (50 גרם),"שטראוס פריטו ליי בע""\מ )",,תפוציפס טבעי 50 גרם,גרמים,50.00,100 גרם,false,,4.30,0.0860,true,1,24141
7290000178721,false,חטיף צ`יפס בטעם טבעי תפוצ`יפס (200 גרם),"שטראוס פריטו ליי בע""\מ )",,תפוציפס טבעי 200 גרם,גרמים,200.00,100 גרם,false,,9.90,0.0495,true,1,24143
7290000186535,false,נייר טואלט תלת שכבתי לבן לילי 32 יחידות,קימברלי קלארק ישראל שיווק בעמ,,לילי נייר טואלט טריו,מטרים,537.00,מטר,false,,44.90,0.0836,true,1,8829
7290000187860,false,מגבוני טואלט לחים לילי דיספנסר 40יח',קימברלי קלארק ישראל שיווק בעמ,,לילי נייר טואלט לח ד,יחידה,0.00,יחידה,false,,8.50,0.0000,true,1,8841
7290000187921,false,נייר טואלט דו שכבתי לבן לילי 32 יחידות,קימברלי קלארק ישראל שיווק בעמ,,"נייר טואלט ""לילי"" לב",מטרים,588.00,מטר,false,,39.90,0.0679,true,1,8844
7290000187938,false,לילי - נייר טואולט נייר טואלט פסטל 32 יח',קימברלי קלארק ישראל שיווק בעמ,,"נייר טואלט ""לילי"" פס",מטרים,588.00,מטר,false,,39.90,0.0679,true,1,8845
7290000188270,false,ממחטות אף אולטרה סופט קלינקס 2*80 יחידות,קימברלי קלארק ישראל שיווק בעמ,,קליניקס ממחטות אף או,יחידה,0.00,יחידה,false,,15.90,0.0000,true,1,8851
7290000188355,false,ניקול מגבות נייר לבנות 6 גלילים,קימברלי קלארק ישראל שיווק בעמ,,מגבות מטבח ניקול לבנ,מטרים,64.80,מטר,false,,12.90,0.1991,true,1,8852
7290000188553,false,קוטקס מגן תחתון יאנג ביג 60 יחידות,קימברלי קלארק ישראל שיווק בעמ,,מגן תחתון סילק נורמל,יחידה,0.00,יחידה,false,,16.90,0.0000,true,1,8857
7290000189116,false,תבניות עגולות חזקות ועבות ניקול 5 יחידות,קימברלי קלארק ישראל שיווק בעמ,,ניקול תבניות עגולות,יחידה,0.00,יחידה,false,,11.90,0.0000,true,1,8865
7290000189192,false,סופר מטלית מטליות נייר רב פעמיות ניקול 64 יחידות,קימברלי קלארק ישראל שיווק בעמ,,ניקול מטלית חכמה יומ,יח',64.00,יח',false,,19.90,0.3109,true,1,8866
7290000189260,false,תבניות מלבניות עבות וחזקות ניקול 5 יחידות,קימברלי קלארק ישראל שיווק בעמ,,ניקול תבניות מלבניות,יחידה,0.00,יחידה,false,,11.90,0.0000,true,1,8871
7290000189277,false,תבניות מלבניות עבות וחזקות ניקול 3 יחידות,קימברלי קלארק ישראל שיווק בעמ,,ניקול תבניות מלבניות,יחידה,0.00,יחידה,false,,11.90,0.0000,true,1,8872
7290000189482,false,תבניות אפיה מרובעות מקרטון ניקול 4 יחידות,קימברלי קלארק ישראל שיווק בעמ,,ניקול תבנית אפייה מק,יחידה,0.00,יחידה,false,,9.90,0.0000,true,1,8875
7290000189499,false,תבניות אפיה עגולות מקרטון ניקול 3 יחידות,קימברלי קלארק ישראל שיווק בעמ,,ניקול תבנית אפייה מק,יחידה,0.00,יחידה,false,,9.90,0.0000,true,1,8876
7290000189550,false,"שקיות אשפה ענקיות עם שרוך 78 * 90 ס""מ ניקול 2 * 10 יחידות",קימברלי קלארק ישראל שיווק בעמ,,אשפתון זוג ענק 20,יחידה,0.00,יחידה,false,,23.90,0.0000,true,1,8879
7290000189598,false,מטליות לחות חד פעמיות לניקוי כללי 50 יח' ניקול,קימברלי קלארק ישראל שיווק בעמ,,מטליות לחות חד פעמיו,יחידה,0.00,יחידה,false,,11.90,0.0000,true,1,8880
7290000189659,false,מטליות לחות לרצפה ניקול 10 יח'-מרכז,קימברלי קלארק ישראל שיווק בעמ,,ניקול מטליות לחות לר,יחידה,0.00,יחידה,false,,10.90,0.0000,true,1,8882
7290000189871,false,"שקיות אשפה עם שרוך 52 * 65 ס""מ ניקול 55 שקיות",קימברלי קלארק ישראל שיווק בעמ,,אשפתון 55 שקיות,יחידה,0.00,יחידה,false,,23.90,0.0000,true,1,8889
7290000190068,false,מפיות אירוח לבן 100 יחי' ניקול,קימברלי קלארק ישראל שיווק בעמ,,מפיות לבן ניקול 100,יחידה,0.00,יחידה,false,,7.90,0.0000,true,1,8891
7290000190150,false,מפיות מודפסות תלת שכבתיות ניקול 20 יחידות,קימברלי קלארק ישראל שיווק בעמ,,מפיות תלת שכבתיות ני,יחידה,0.00,יחידה,false,,7.90,0.0000,true,1,8892
7290000191225,false,חיתולים ליטל בייביז מידה 2 האגיס 46 יחידות,קימברלי קלארק ישראל שיווק בעמ,,האגיס רך נולד מידה 2,יחידה,0.00,יחידה,false,,29.90,0.0000,true,1,8907
7290000191469,false,לחם אחיד 750 גרם,מאפיות ברמן,,לחם אחיד 750 גרם,גרמים,750.00,100 גרם,false,,4.90,0.0065,true,1,206599
7290000191539,false,חמישיית ממחטות טישו צבועני לילי 100 יחידות,קימברלי קלארק ישראל שיווק בעמ,,לילי צבעוני חמישיה-9,יחידה,0.00,יחידה,false,,14.90,0.0000,true,1,8910
7290000191652,false,שלישיית ממחטות אולטרה סופט קלינקס 90 יחידות,קימברלי קלארק ישראל שיווק בעמ,,קלינקס קלאסיק ניילון,יחידה,0.00,יחידה,false,,10.90,0.0000,true,1,8915
7290000191966,false,נייר טואלט לילי לח נטורל קר 48 דפים,קימברלי קלארק ישראל שיווק בעמ,,לילי נייר טואלט לח נ,יחידה,0.00,יחידה,false,,8.50,0.0000,true,1,8919
7290000193014,false,מגן תחתון פדיות אינטרלוד לילי 50 יחידות,קימברלי קלארק ישראל שיווק בעמ,,מגן תחתון אינטרלוד ל,יחידה,0.00,יחידה,false,,10.90,0.0000,true,1,8921
7290000193205,false,תחבושות עם כנפיים ללילה נטורל לילי 20 יחידות,קימברלי קלארק ישראל שיווק בעמ,,תחבושות אולטרה לילה,יחידה,0.00,יחידה,false,,15.90,0.0000,true,1,8926
7290000193656,false,תחבושות עם כנפיים סופר פלוס לילי 24 יחידות,קימברלי קלארק ישראל שיווק בעמ,,תחבושות נטורל אולטרה,יחידה,0.00,יחידה,false,,15.90,0.0000,true,1,8933
7290000194178,false,עוף מס' 1 קפוא מחפוד,,,עוף מס' 1 קפוא מחפוד,קילוגרמים,1.00,"ק""ג",true,,27.90,27.9000,true,1,46818
7290000194185,false,עוף מס 2 קפוא מחפוד,,,עוף מספר 2 קפוא חלק,קילוגרמים,1.00,"ק""ג",true,,27.90,27.9000,true,1,46819
7290000194208,false,כרעיים עוף חלק רב מח,,,כרעיים עוף חלק רב מח,קילוגרמים,1.00,"ק""ג",true,,33.90,33.9000,true,1,46820
7290000194239,false,מחפוד-חזה עוף קפוא מ,,,מחפוד-חזה עוף קפוא מ,קילוגרמים,1.00,"ק""ג",true,,33.90,33.9000,true,1,46821
7290000194253,false,כנפיים עוף קפוא ארוז,,,כנפיים עוף קפוא ארוז,קילוגרמים,1.00,"ק""ג",true,,13.90,13.9000,true,1,46822
7290000194260,false,מחפוד-שוקיים עוף קפו,,,מחפוד-שוקיים עוף קפו,קילוגרמים,1.00,"ק""ג",true,,35.90,35.9000,true,1,46823
7290000194837,false,ניקול - שקיות מזון + ידיות קשירה אקסטרה לארג' 200 יח',קימברלי קלארק ישראל שיווק בעמ,,ניקול שקיות מזון עם,יחידה,0.00,יחידה,false,,12.90,0.0000,true,1,8945
7290000195216,false,נייר אפייה בשקית ניקול 50 יחידות,קימברלי קלארק ישראל שיווק בעמ,,ניקול נייר אפייה בשק,יחידה,0.00,יחידה,false,,10.90,0.0000,true,1,8952
7290000195537,false,האגיס - מגבוני האגיס דיילי קר לא מבושם 64 יח' * 4,קימברלי קלארק ישראל שיווק בעמ,,מגבוני האגיס דיילי ק,יחידה,0.00,יחידה,false,,18.90,0.0000,true,1,8958
7290000195773,false,האגיס - מגבוני האגיס סנסטיב קר לא מבושם 64 יח' * 4,קימברלי קלארק ישראל שיווק בעמ,,מגבוני האגיס סנסטיב,יחידה,0.00,יחידה,false,,18.90,0.0000,true,1,8962
7290000196039,false,"מפות שולחן איריס ח""פ ניקול 2 יח'",קימברלי קלארק ישראל שיווק בעמ,,ניקול מפות שולחן זוג,יחידה,0.00,יחידה,false,,12.90,0.0000,true,1,8964
7290000197029,false,שקיות ריצ'רץ' רב תכליתיות ניקול 12 יחידות,קימברלי קלארק ישראל שיווק בעמ,,ניקול שקיות ניילון ר,יחידה,0.00,יחידה,false,,15.90,0.0000,true,1,8972
7290000197081,false,ניקול ניילון נצמד 150 מטר+מתקן לחיתוך קל,קימברלי קלארק ישראל שיווק בעמ,,ניילונית נצמד ניקול,מטרים,150.00,מטר,false,,30.90,0.2060,true,1,8973
7290000197425,false,חיתולים פרידום דריי שלב 3 האגיס 52 יחידות,קימברלי קלארק ישראל שיווק בעמ,,האגיס פרידום דריי של,יחידה,0.00,יחידה,false,,42.90,0.0000,true,1,8986
7290000197432,false,שקיות אוכל סנדביצ'ון ניקול מארז 150X2יח',קימברלי קלארק ישראל שיווק בעמ,,ניקול שקיות אוכל זוג,יחידה,0.00,יחידה,false,,13.50,0.0000,true,1,8987
7290000197456,false,חיתולים פרידום דריי שלב 4 האגיס 44 יחידות,קימברלי קלארק ישראל שיווק בעמ,,האגיס פרידום דריי של,יחידה,0.00,יחידה,false,,42.90,0.0000,true,1,8988
7290000197463,false,חיתולים פרידום דריי שלב +4 האגיס 40 יחידות,קימברלי קלארק ישראל שיווק בעמ,,האגיס פרידום דריי של,יחידה,0.00,יחידה,false,,42.90,0.0000,true,1,8989
7290000197470,false,שקיות רב שימושיות מתכלות ניקול 250 יחידות,קימברלי קלארק ישראל שיווק בעמ,,"ניקול שקיות רב""ש 250",יחידה,0.00,יחידה,false,,15.90,0.0000,true,1,8990
7290000197548,false,חיתולים פרידום דריי שלב 5 האגיס 36 יחידות,קימברלי קלארק ישראל שיווק בעמ,,האגיס פרידום דריי של,יחידה,0.00,יחידה,false,,42.90,0.0000,true,1,8993
7290000197654,false,שקיות אשפה ענקיות נשלפות 75*90 ניקול 50 יחידות,קימברלי קלארק ישראל שיווק בעמ,,אשפתון שקיות אשפה ענ,יחידה,0.00,יחידה,false,,21.90,0.0000,true,1,8994
7290000197678,false,חיתולי האגיס פרידום דריי שלב 6 30 יחידות,קימברלי קלארק ישראל שיווק בעמ,,האגיס פרידום דריי ש,יחידה,0.00,יחידה,false,,42.90,0.0000,true,1,8995
7290000197876,false,תבניות אלומיניום קטנות עם מכסה ניקול 4 יחידות,קימברלי קלארק ישראל שיווק בעמ,,ניקול תבנית אלומיניו,יחידה,0.00,יחידה,false,,9.90,0.0000,true,1,8999
7290000197883,false,תבנית אלומיניום 100 גדולה ניקול 4 יחידות,קימברלי קלארק ישראל שיווק בעמ,,ניקול תבניות אלומיני,יחידה,0.00,יחידה,false,,9.90,0.0000,true,1,9000
7290000197982,false,"רדיד אלומיניום עבה 45 ס""מ רוחב ניקול 2 יח' 7.5 מטר",קימברלי קלארק ישראל שיווק בעמ,,ניקול רדיד אלומיניום,מטרים,15.00,מטר,false,,19.90,1.3267,true,1,9002
7290000197999,false,רדיד אלומיניום עבה ניקול זוגי 30X7.5מ',קימברלי קלארק ישראל שיווק בעמ,,ניקול רדיד אלומיניום,מטרים,15.00,מטר,false,,16.90,1.1267,true,1,9003
7290000199313,false,תחבושות עם כנפיים נורמל פלוס קוטקס 30 יחידות,קימברלי קלארק ישראל שיווק בעמ,,תחבושות קוטקס יאנג 2,יחידה,0.00,יחידה,false,,19.90,0.0000,true,1,9005
7290000201863,false,חיתולי פרימיום שלב 5 טיטולים) (34,קימברלי קלארק ישראל שיווק בעמ,,טיטולים פרימיום שלב,יחידה,0.00,יחידה,false,,30.90,0.0000,true,1,9016
7290000204086,false,ניקול כרית קרצוף מארז שלישייה,קימברלי קלארק ישראל שיווק בעמ,,ניקול כרית קרצוף,יחידה,0.00,יחידה,false,,10.90,0.0000,true,1,9034
7290000204147,false,רביעיית כרית יפנית עבה ניקול 4 יחידות,קימברלי קלארק ישראל שיווק בעמ,,כריות יפניות 2 ב 1 ר,יחידה,0.00,יחידה,false,,12.90,0.0000,true,1,9035
7290000204215,false,שישיית כרית יפנית ניקול 6 יחידות,קימברלי קלארק ישראל שיווק בעמ,,ניקול כריות יפניות 6,יחידה,0.00,יחידה,false,,12.90,0.0000,true,1,9036
7290000204253,false,מטליות רב שימושיות לניקיון ניקול 9 יחידות,קימברלי קלארק ישראל שיווק בעמ,,מטלית רב שימושית תשע,יחידה,0.00,יחידה,false,,10.90,0.0000,true,1,9038
7290000204611,false,שישיית ספוגית הקסם ניקול 6 יחידות,קימברלי קלארק ישראל שיווק בעמ,,ניקול ספוגית הקסם*6,יחידה,0.00,יחידה,false,,12.90,0.0000,true,1,9041
7290000205762,false,חיתולי האגיס אקסטרה קר מידה 3 48 יחידות,קימברלי קלארק ישראל שיווק בעמ,,האגיס אקסטרה קייר מי,יחידה,0.00,יחידה,false,,55.90,0.0000,true,1,9042
7290000207063,false,רסק עגבניות פריכוז 28% 240 גרם יכין,היינץ צפון אמריקה מק,,רוטב עגבניות פריכוז,גרמים,240.00,100 גרם,false,,3.90,0.0162,true,1,8610
7290000207438,false,עגבניות מקולפות חתוכות לקוביות,זנלכול יכין,,עגבניות לקוביות יכין,גרמים,800.00,100 גרם,false,,9.90,0.0124,true,1,8614
7290000208077,false,אפונת גינה גדולה יכין (550 גרם),זנלכול יכין,,אפונת גינה גדולה L י,גרמים,335.00,100 גרם,false,,8.90,0.0266,true,1,8619
7290000208114,false,"אפונה וגזר יכין A2 פ""ק בית יוסף",זנלכול יכין,,אפונת גינה וגזר יכין,גרמים,330.00,100 גרם,false,,8.90,0.0270,true,1,8622
7290000208213,false,שעועית לבנה אפויה A2 ברוטב עגבניות יכין 560ג',היינץ צפון אמריקה מק,,שעועית לבנה ברוטב עג,גרמים,355.00,100 גרם,false,,8.90,0.0251,true,1,8627
7290000208220,false,שעועית צ`ילי מקסיקני חריף יכין (550 גרם),היינץ צפון אמריקה מק,,שעועית צילי חריף יכי,גרמים,355.00,100 גרם,false,,9.90,0.0279,true,1,8628
7290000208329,false,גרעיני תירס מתוק יכין (550 גרם),זנלכול יכין,,גרעיני תירס מתוק יכי,גרמים,335.00,100 גרם,false,,8.90,0.0266,true,1,8633
7290000208480,false,גרעיני תירס מתוק בטעם חמאה 550 גרם יכין,זנלכול יכין,,גרעיני תירס בטעם חמא,גרמים,335.00,100 גרם,false,,9.90,0.0296,true,1,8642
7290000208855,false,רוטב לפסטה קלאסי יכין (240 גרם),זנלכול יכין,,רוטב לפסטה קלאסי יכי,גרמים,260.00,100 גרם,false,,5.50,0.0212,true,1,8647
7290000208893,false,גרעיני תירס מתוק לייט 400 גרם יכין,היינץ צפון אמריקה מק,,תירס לייט יכין 400 ג,גרמים,400.00,100 גרם,false,,6.90,0.0173,true,1,8648
7290000208930,false,עגבניות מרוסקות בתוספת שום 240 גרם יכין,זנלכול יכין,,עגבניות מרוסקות עם ש,גרמים,260.00,100 גרם,false,,5.50,0.0212,true,1,8649
7290000208978,false,רוטב עגבניות (10028% גרם)פריכוז יכין,זנלכול יכין,,רוטב עגבניות פריכוז,גרמים,100.00,100 גרם,false,,3.50,0.0350,true,1,8651
7290000209012,false,חומץ 1ליטר יכין הדרים,"זנלכל בע""\מ",,חומץ הדרים 5% יכין 1,ליטרים,1.00,ליטר,false,,5.90,5.9000,true,1,8653
7290000209043,false,מיץ לימון משומר לתיבול יכין (1 ליטר),היינץ צפון אמריקה מק,,מיץ לימון משומר יכין,ליטרים,1.00,ליטר,false,,4.90,4.9000,true,1,8654
7290000209371,false,מארז גרעיני תירס מתוק יכין (200x3 גרם),היינץ צפון אמריקה מק,,תירס שלישיה יכין 3*1,גרמים,495.00,100 גרם,false,,14.90,0.0301,true,1,8663
7290000209524,false,סירופ דיאט בטעם פטל יכין (1 ליטר),זנלכול יכין,,סירופ דייאט פטל יכין,ליטרים,1.00,ליטר,false,,16.90,16.9000,true,1,8667
7290000209531,false,סירופ דיאט בטעם אשכוליות יכין 1 ליטר,"זנלכל בע""\מ",,סירופ דייאט אשכוליות,ליטרים,1.00,ליטר,false,,16.90,16.9000,true,1,8668
7290000209579,false,סירופ דיאט בטעם אננס יכין (1 ליטר),"זנלכל בע""\מ",,סירופ דייאט אננס יכי,ליטרים,1.00,ליטר,false,,16.90,16.9000,true,1,8671
7290000209951,false,רוטב עגבניות לפיצה 260 גרם יכין,"זנלכל בע""\מ",,רוטב עגבניות לפיצה י,מיליליטרים,260.00,"100 מ""ל",false,,5.50,0.0212,true,1,8679
7290000209968,false,רוטב עגבניות ללזניה 260 גרם יכין,זנלכול יכין,,רוטב ללזניה יכין 240,גרמים,260.00,100 גרם,false,,5.50,0.0212,true,1,8680
7290000210469,false,עגבניות שלמות מקולפות יכין (800 גרם),זנלכול יכין,,עגבניות שלמות יכין 8,גרמים,800.00,100 גרם,false,,9.90,0.0124,true,1,8681
7290000210896,false,רוטב לפסטה בולונז 240 גרם יכין,זנלכול יכין,,רוטב לפסטה בולונז יכ,גרמים,260.00,100 גרם,false,,5.50,0.0212,true,1,8682
7290000211169,false,"אורז תאילנדי אחד אחד סוגת 1 ק""ג",האי נאם סי או אל.טי.,,אורז תאילנדי 1 ק'ג,קילוגרמים,1.00,"ק""ג",false,,7.50,7.5000,true,1,17296
7290000211312,false,סוגת אורז מלא פרסי אחד אחד 1 קג,האי נאם סי או אל.טי.,,אורז מלא אחד אחד 1קג,קילוגרמים,1.00,"ק""ג",false,,9.00,9.0000,true,1,17297
7290000211374,false,"קמח חיטה מלא סוגת 1 ק""ג",טחנת קמח דגן-שטיבל,,"קמח מלא סוגת 1 ק""ג",קילוגרמים,1.00,"ק""ג",false,,6.90,6.9000,true,1,17298
7290000211442,false,אורז בסגנון פרסי קלאסי סוגת (1 קג),האי נאם סי או אל.טי.,,סוגת אורז פרסי קלאסי,קילוגרמים,1.00,"ק""ג",false,,11.50,11.5000,true,1,17300
7290000211503,false,סוכר לבן ארוז בשקית,"סוגת תעשיות בע""\מ",,"סוכר סוגת לבן 1 ק""ג",קילוגרמים,1.00,"ק""ג",false,,4.50,4.5000,true,1,17301
7290000211626,false,חיש אורז אחד אחד 1 קג,"סוגת תעשיות בע""\מ",,"אורז חיש 1 ק""ג",קילוגרמים,1.00,"ק""ג",false,,10.90,10.9000,true,1,17302
7290000226514,false,עוגת דובוש טעם ריבת חלב קפולסקי 450 גרם,תופינים מקבוצת קפולסקי,,עוגת היום- דובוש ריב,גרמים,450.00,100 גרם,false,,40.90,0.0909,true,1,39901
7290000226569,false,עוגת טורט קצפת שוקולד קפולסקי (1 קג),תופינים מקבוצת קפולסקי,,עוגת טורט קצפת שוקול,קילוגרמים,1.00,"ק""ג",false,,65.90,65.9000,true,1,39905
7290000226576,false,"עוגת טורט מצופה שוקולד קפולסקי 1 ק""ג",תופינים מקבוצת קפולסקי,,עוגת טורט מצופה שוקו,קילוגרמים,1.00,"ק""ג",false,,65.90,65.9000,true,1,39906
7290000226613,false,עוגת דובוש מצופה שוקולד קפולסקי 450 גרם,תופינים מקבוצת קפולסקי,,עוגת דובוש מצופה בטע,גרמים,450.00,100 גרם,false,,40.90,0.0909,true,1,39908
7290000238029,false,"בצק עלים צרפתי מרודד מעדנות 1 ק""ג",תנובה מרכז שיתופי לשיווק תוצרת,,"בצק עלים 1ק""ג",קילוגרמים,1.00,"ק""ג",false,,20.90,20.9000,true,1,35597
7290000238036,false,מלאווח מעדנות 6 יח`700 גרם קפוא,תנובה מרכז שיתופי לשיווק תוצרת,,מעדנות מלווח 700גר,גרמים,700.00,100 גרם,false,,17.90,0.0256,true,1,35598
7290000238173,false,.בורקס במילוי גבינה 800 גרם מעדנות,מיוצר עי קונדיטוריית,,בורקס גבינה מעדנות 8,גרמים,800.00,100 גרם,false,,19.90,0.0249,true,1,35599
7290000238180,false,בורקס במילוי תפוא 800 גרם מעדנות,מיוצר עי קונדיטוריית,,"בורקס תפו""א 800גר",גרמים,800.00,100 גרם,false,,18.90,0.0236,true,1,35600
7290000240541,false,ריבועי בצק עלים מעדנות 800 גרם,תנובה מרכז שיתופי לשיווק תוצרת,,ריבועי בצק בורקס 800,גרמים,800.00,100 גרם,false,,22.90,0.0286,true,1,35601
7290000243566,false,שמן קנולה בריאות עץ הזית (750 מל),סוגת תעשיות בעמ,,שמן קנולה בריאות עץ,מיליליטרים,750.00,"100 מ""ל",false,,11.90,0.0159,true,1,29332
7290000244761,false,"קרם ידיים ולווטה 100 מ""ל",טרופיקל דגיל קוסמטיק,,"קרם ולוטה 80 מ""ל",מיליליטרים,100.00,"100 מ""ל",false,,6.90,0.0690,true,1,8085
7290000245270,false,"פרסיל אבקה לכביסה רגיל שקית 1.25 ק""ג",גורי שיווק בעמ,,אבקת כביסה פרסיל סופ,קילוגרמים,1.25,"ק""ג",false,,14.90,11.9200,true,1,34866
7290000245287,false,"פרסיל אבקת כביסה 1.250 ק""ג קולור ויניגר",גורי שיווק בעמ,,אבקת כביסה פרסיל קול,קילוגרמים,1.25,"ק""ג",false,,14.90,11.9200,true,1,34867
7290000245294,false,"פרסיל אבקת כביסה סופרא 2.5ק""ג",גורי שיווק בעמ,,אבקת כביסה פרסיל 2.5,קילוגרמים,2.50,"ק""ג",false,,26.90,10.7600,true,1,34868
7290000245799,false,סוד סופט מרכך כביסה כחול 4 ליטר,גורי שיווק בעמ,,מרכך כביסה סוד כחול,ליטרים,4.00,ליטר,false,,17.90,4.4750,true,1,34879
7290000253251,false,נטיפי שוקולד צ`יפס לבן לאפיה 250 גרם,תה ויסוצקי (ישראל) בעמ,,שוקולד צ'יפס לבן אופ,גרמים,250.00,100 גרם,false,,12.90,0.0516,true,1,24576
7290000262031,false,נייר טואלט מולט לבבות 32 גלילים,קימברלי קלארק ישראל שיווק בעמ,,נייר טואלט מולט לב 3,מטרים,563.00,מטר,false,,30.90,0.0549,true,1,9044
7290000272443,false,סירופ דיאט בטעם תפוזים עסיס 1 ליטר,קבוצת אוסם סחר שותפות מוגבלת,,סירופ דיאט תפוז עסיס,יחידה,0.00,יחידה,false,,16.90,0.0000,true,1,18632
7290000272467,false,עסיס פטל דיאט סירופ 1 ליטר,קבוצת אוסם סחר שותפות מוגבלת,,סירופ דיאט פטל עסיס,ליטרים,1.00,ליטר,false,,16.90,16.9000,true,1,18633
7290000272696,false,מיץ לימון טבעי משומר 1 ליטר עסיס כלפ,קבוצת אוסם סחר שותפות מוגבלת,,מיץ לימון משומר עסיס,ליטרים,1.00,ליטר,false,,10.90,10.9000,true,1,18634
7290000272726,false,חומץ רכיבים רכיבים טבעיים 5% עסיס 1 ליטר,קבוצת אוסם סחר שותפות מוגבלת,,חומץ טבעי 5% עסיס 1,ליטרים,1.00,ליטר,false,,7.50,7.5000,true,1,18635
7290000286228,false,ספוגיות לניקוי כללי סנו סושי 6 יחידות,החברה הדרומית לשיווק בעמ,,סנו סושי שישיות כריו,יחידה,0.00,יחידה,false,,11.90,0.0000,true,1,29668
7290000286297,false,"אנטי קאלק מסיר אבנית מקומקום סנו 700 מ""ל",החברה הדרומית לשיווק בעמ,,סנו מסיר אבן מקומקום,מיליליטרים,700.00,"100 מ""ל",false,,10.90,0.0156,true,1,29669
7290000286594,false,אבקה לניקוי במיכל לימון X סנו 600 גרם,החברה הדרומית לשיווק בעמ,,סנו X לימון במיכל 60,גרמים,600.00,100 גרם,false,,9.90,0.0165,true,1,29679
7290000286824,false,פילה דג נסיכת הנילוס,,,פילה דג נסיכת הנילוס,קילוגרמים,1.00,"ק""ג",true,,39.90,39.9000,true,1,308471
7290000286945,false,סנו רהיט נוזלי תרסיס 500 סמק+אקדח,החברה הדרומית לשיווק בעמ,,"סנו רהיט נוזל 500 מ""",מיליליטרים,500.00,"100 מ""ל",false,,24.90,0.0498,true,1,29687
7290000287102,false,סנו שטיחים קצף לניקוי שטיחים 600 סמק,החברה הדרומית לשיווק בעמ,,סנו שמפו שטיחים אירו,מיליליטרים,600.00,"100 מ""ל",false,,21.90,0.0365,true,1,29689
7290000287195,false,"סנו רהיט ספריי עשיר בווקס להברקה 305 מ""ל",החברה הדרומית לשיווק בעמ,,סנו רהיט ספריי עשיר,מיליליטרים,305.00,"100 מ""ל",false,,14.90,0.0489,true,1,29690
7290000287621,false,"אנטי קאלק נוזל לניקוי אסלות סנו 750 מ""ל",החברה הדרומית לשיווק בעמ,,סנו אנטי קאלק W.C מנ,מיליליטרים,750.00,"100 מ""ל",false,,11.90,0.0159,true,1,29699
7290000288000,false,4 סנו ארון פרש קלאסיק,סנו,,מטהר אויר ארון פרש 4,יחידה,0.00,יחידה,false,,22.70,0.0000,true,1,29702
7290000288017,false,אקונומיקה בריח לימון סנו ז'אוול 1 ליטר,החברה הדרומית לשיווק בעמ,,סנו זאוול 1ליטר לימו,ליטרים,1.00,ליטר,false,,8.90,8.9000,true,1,29703
7290000288048,false,ז`אוול מרסס לניקוי כללי לבנדר סנו (1 ליט,החברה הדרומית לשיווק בעמ,,סנו ג'אוול מרסס אילנ,ליטרים,1.00,ליטר,false,,18.90,18.9000,true,1,29706
7290000288079,false,סנו - ז'אוול אקונומיקה לימון 2 ליטר,החברה הדרומית לשיווק בעמ,,סנו זאוול בריח לימון,ליטרים,2.00,ליטר,false,,11.90,5.9500,true,1,29707
7290000288086,false,אבקת ניקוי עם אקונומיקה בריח לימון סנו ז'אוול 600 ג',החברה הדרומית לשיווק בעמ,,אבקת ניקוי ג'אוול לי,גרמים,600.00,100 גרם,false,,11.90,0.0198,true,1,29708
7290000288109,false,"אבקת כביסה מקסימה אפקט ג''אוול 1.25 ק""ג סנו",החברה הדרומית לשיווק בעמ,,סנו מקסימה אפקט ג'או,קילוגרמים,1.25,"ק""ג",false,,14.90,11.9200,true,1,29709
7290000288642,false,מקסימה מרכך כביסה סנסיטיב בייבי סנו 4 ליטר,החברה הדרומית לשיווק בעמ,,מרכך כביסה סנו מקסימ,ליטרים,4.00,ליטר,false,,22.90,5.7250,true,1,29719
7290000288840,false,מים מזוקקים 2 ליטר לגיהוץ,החברה הדרומית לשיווק בעמ,,מים מזוקקים 2 ליטר,ליטרים,2.00,ליטר,false,,13.90,6.9500,true,1,29723
7290000289069,false,סנו - ז'אוול מרסס קצף ניקוי בתוספת אקונומיקה בריח לימון 1 ליטר,החברה הדרומית לשיווק בעמ,,סנו ג'אוול מרסס לימו,ליטרים,1.00,ליטר,false,,18.90,18.9000,true,1,29726
7290000289472,false,סנו סושי רב שקית שקיות אשפה90*76 50י,החברה הדרומית לשיווק בעמ,,סנו סושי שקיות HD 76,יחידה,0.00,יחידה,false,,21.90,0.0000,true,1,29729
7290000289496,false,"סנו - ז'אוול ג'ל קרם לניקוי כללי לימון 750 מ""ל",החברה הדרומית לשיווק בעמ,,סנו ג'אוול ג'ל קרם ל,מיליליטרים,750.00,"100 מ""ל",false,,11.90,0.0159,true,1,29730
7290000291963,false,אקונומיקה סמיכה בריח לימון סנו ז'אוול 1 ליטר,החברה הדרומית לשיווק בעמ,,סנו ז'אוול סמיכה לימ,יחידה,0.00,יחידה,false,,8.90,0.0000,true,1,29742
7290000292137,false,"נוזל לניקוי וטיפול מוצרי עור סנו 500 מ""ל",החברה הדרומית לשיווק בעמ,,נוזל ניקוי וטיפול במ,מיליליטרים,500.00,"100 מ""ל",false,,30.90,0.0618,true,1,29744
7290000293530,false,שקית מילוי לסנו סופג לחות ומונע עובש,החברה הדרומית לשיווק בעמ,,מילוי סופג לחות,מיליליטרים,340.00,"100 מ""ל",false,,12.90,0.0379,true,1,29759
7290000293820,false,"קרמה מן שמפו וג'ל גל רחצה אקטיב בלוק 700מ""ל",החברה הדרומית לשיווק בעמ,,שמפו וג'ל רחצה קרבון,מיליליטרים,700.00,"100 מ""ל",false,,18.90,0.0270,true,1,29761
7290000293943,false,"מרסס לבן מסיר אבנית 1 ליטר אנטי קאלק ""סנו""",החברה הדרומית לשיווק בעמ,,סנו אנטי קאלק+מתז 1,ליטרים,1.00,ליטר,false,,19.90,19.9000,true,1,29764
7290000294575,false,סנו סושי רב מגבת 63 דפים בגליל,החברה הדרומית לשיווק בעמ,,סנו רב מגבת,מטרים,13.80,מטר,false,,11.90,0.8623,true,1,29768
7290000294773,false,אקונומיקה בריח לבנדר סנו ז'אוול 4 ליטר,החברה הדרומית לשיווק בעמ,,סנו ז'אוול בריח אילנ,ליטרים,4.00,ליטר,false,,16.90,4.2250,true,1,29769
7290000294780,false,אקונומיקה סמיכה בריח לימון סנו ז'אוול 4 ליטר,החברה הדרומית לשיווק בעמ,,סנו ז'אוול סמיכה 4 ל,ליטרים,4.00,ליטר,false,,16.90,4.2250,true,1,29770
7290000295404,false,שקיות אשפה עם שרוך 54 * 65 סנו סושי 60 יחידות,החברה הדרומית לשיווק בעמ,,שקיות אשפה נשלפות סנ,יחידה,0.00,יחידה,false,,23.90,0.0000,true,1,29777
7290000295558,false,"רדיד אלומיניום רוחב 30 ס""מ סנו סושי 2 יח' 7.5 מטר",החברה הדרומית לשיווק בעמ,,צמד רדיד אלומיניום ק,מטרים,15.00,מטר,false,,11.90,0.7933,true,1,29780
7290000295824,false,"רדיד אלומיניום 30 ס""מ רוחב סנו סושי 100 מטר",החברה הדרומית לשיווק בעמ,,סנו סושי רדיד אלומינ,מטרים,100.00,מטר,false,,56.90,0.5690,true,1,29786
7290000300900,false,שניצל תירס מרכיבים טבעיים טבעול 750 גרם,קבוצת אוסם סחר שותפות מוגבלת,,שניצל תירס טבעול רכי,גרמים,750.00,100 גרם,false,,24.90,0.0332,true,1,19694
7290000311067,false,מן-וופלים קוביות מינימן לא מצופה 200גר,רוקחמן,,עוגיות מינימן 250 גר,גרמים,250.00,100 גרם,false,,6.90,0.0276,true,1,20487
7290000311135,false,מן עוגיות סטיקס בטעם שוקולד 300 גרם*,ח.כהן סוכנות מזון ומשקאות בע,,עוגיות שוקוסטיקס 300,גרמים,300.00,100 גרם,false,,6.90,0.0230,true,1,20492
7290000311180,false,ופל ופליתעשיריות מן 250 גרם מארז 10 יחידות,ח.כהן סוכנות מזון ומשקאות בע,,מאגדת ופלית צבעונית,גרמים,250.00,100 גרם,false,,6.90,0.0276,true,1,20496
7290000311203,false,"וופלים בטעם שוקולד ""מן"" 200 גרם",רוקחמן בעמ מפעל לייצור ופלים ו,,ופלים בטעם שוקולד מן,גרמים,200.00,100 גרם,false,,4.50,0.0225,true,1,20498
7290000311210,false,"וופלים בטעם לימון ""מן"" 200 גרם",רוקחמן בעמ מפעל לייצור ופלים ו,,ופלים בטעם לימון מן,גרמים,200.00,100 גרם,false,,4.50,0.0225,true,1,20499
7290000311227,false,"וופלים במילוי קרם קפה ""מן"" 200 גרם",ח.כהן סוכנות מזון ומשקאות בע,,ופלים בטעם קפה מן 20,גרמים,200.00,100 גרם,false,,4.50,0.0225,true,1,20500
7290000311234,false,וופל מן בטעם וניל 200 גרם,ח.כהן סוכנות מזון ומשקאות בע,,ופלים בטעם וניל מן 2,גרמים,200.00,100 גרם,false,,4.50,0.0225,true,1,20501
7290000311258,false,מן וופל מצופה שוקולד 250 גרם,"רוקחמן בע""מ",,ופל מצופה מן 250 גרם,גרמים,250.00,100 גרם,false,,6.90,0.0276,true,1,20503
7290000311319,false,"מן וופלים מצופים 10 יח' 1 ק""ג",רוקחמן בעמ מפעל לייצור ופלים ו,,ופל מצופה בקופסא מן,קילוגרמים,1.00,"ק""ג",false,,24.00,24.0000,true,1,20506
7290000311357,false,מן וופלים בטעם אגוזים 10*28 גר-נ.ל.פ,ח.כהן סוכנות מזון ומשקאות בע,,ופל אגוזית מן עשיריו,גרמים,280.00,100 גרם,false,,9.90,0.0354,true,1,20508
7290000311364,false,מן וופלים שוקולד טייק 1 מן 10*21 גרם,רוקחמן בעמ,,מאגדת ופל TAKE1 עשיר,גרמים,210.00,100 גרם,false,,6.90,0.0329,true,1,20509
7290000311425,false,ופל מצופה עשיריות מן 220 גרם מארז 10 יחידות,רוקחמן בעמ מפעל לייצור ופלים ו,,ופל מצופה כחול עשירי,גרמים,200.00,100 גרם,false,,6.90,0.0345,true,1,20510
7290000311432,false,עוגיות גרנולה קינמון ללא תוספת סוכר 200ג,"רוקחמן בע""מ",,עוגיות גרנולה קינמון,גרמים,200.00,100 גרם,false,,8.90,0.0445,true,1,235268
7290000311463,false,מן עוגיות חיטה מלאה חמאה ללא סוכר 200 גרם,"רוקחמן בע""מ",,עוגיות חיטה מלאה בטע,גרמים,200.00,100 גרם,false,,8.90,0.0445,true,1,176070
7290000311500,false,וופלים מן שוקו ללא כולסטרול 500 גרם,רוקחמן בעמ מפעל לייצור ופלים ו,,ופלים בטעם שוקולד מן,גרמים,500.00,100 גרם,false,,8.90,0.0178,true,1,20511
7290000311708,false,מן עוגיות מחיטה מלאה 300 גרם*נ.ל.פ,רוקחמן בעמ מפעל לייצור ופלים ו,,עוגיות חיטה מלאה 300,גרמים,300.00,100 גרם,false,,6.90,0.0230,true,1,20516
7290000311715,false,מן עוגיות כוכבים בטעם שוקולד 300 גרם*נ.ל.פ,רוקחמן בעמ מפעל לייצור ופלים ו,,עוגיות כוכבים שוקולד,גרמים,300.00,100 גרם,false,,6.90,0.0230,true,1,20517
7290000311722,false,מן עוגיות כוכבים וניל 300 גרם,רוקחמן בעמ מפעל לייצור ופלים ו,,עוגיות כוכבים וניל,גרמים,300.00,100 גרם,false,,6.90,0.0230,true,1,20518
7290000311753,false,עוגיות חיטה מלאה בטעם חלווה 250 גר' מן,רוקחמן בעמ מפעל לייצור ופלים ו,,עוגיות חיטה בטעם חלו,גרמים,250.00,100 גרם,false,,6.90,0.0276,true,1,173737
7290000311883,false,עוגיות גרנולה ללא תוספת סוכר מן 200 גרם,רוקחמן בעמ מפעל לייצור ופלים ו,,עוגיות גרנולה עם סיב,גרמים,200.00,100 גרם,false,,8.90,0.0445,true,1,235269
7290000312750,false,מלך הבייגלה טבעות שומשום 200 גר',,,ביגלה שומשום 200 גרם,גרמים,200.00,100 גרם,false,,5.90,0.0295,true,1,57384
7290000313160,false,זהבה ושלושת הדובים עוגיות בטעם שוקולד אסם 350 גרם,קבוצת אוסם סחר שותפות מוגבלת,,חברים זהבה ושלושת הד,גרמים,250.00,100 גרם,false,,9.50,0.0380,true,1,18636
7290000313184,false,עוגיות חברים גן חיות וניל אסם 250 גר',קבוצת אוסם סחר שותפות מוגבלת,,חברים ביסקויט גן חיו,גרמים,250.00,100 גרם,false,,9.50,0.0380,true,1,18637
7290000321750,false,"פילה אמנון 5-7 בד""צ",,,"פילה אמנון 5-7 בד""צ",קילוגרמים,1.00,"ק""ג",true,,24.90,24.9000,true,1,54924
7290000334325,false,ציפס למיקרו מארז שלישיה 125 ג' תפוגן,קבוצת אוסם סחר שותפות מוגבלת,,תפוגן ציפס למיקרו מא,גרמים,375.00,100 גרם,false,,14.90,0.0397,true,1,19706
7290000334745,false,"ציפס אמריקאי דקדק תפוגן 1.5 ק""ג",קבוצת אוסם סחר שותפות מוגבלת,,"אמריקאן ציפס 1.5 ק""ג",קילוגרמים,1.50,"ק""ג",false,,24.90,16.6000,true,1,19709
7290000339566,false,מרכך כביסה ורוד בדין (4 ליטר),יוניליוור ישראל שיווק בע`מ,,בדין מרכך כביסה ורוד,ליטרים,4.00,ליטר,false,,19.90,4.9750,true,1,10292
7290000342856,false,מרכך כביסה כחול בדין (4 ליטר),"יוניליוור ישראל שיווק בע""מ",,בדין מרכך כביסה כחול,ליטרים,4.00,ליטר,false,,19.90,4.9750,true,1,10299
7290000345215,false,תה כחול קלאסיק ויסוצקי 100 יחידות,תה ויסוצקי (ישראל) בעמ,,תה ויסוצקי קלאסיק 10,גרמים,100.00,100 גרם,false,,18.90,0.1890,true,1,24582
7290000345284,false,תה ויסוצקי קלאסי אריזה ירוקה מרובעת (100 שקיקים),תה ויסוצקי (ישראל) בעמ,,תה ויסוצקי 1.5 קלאסי,גרמים,150.00,100 גרם,false,,19.90,0.1327,true,1,24585
7290000345291,false,תה ארל גרי 1.5/ 25 שקיקים ויסוצקי,תה ויסוצקי (ישראל) בעמ,,תה ארל גריי 1.5/25,גרמים,37.50,100 גרם,false,,15.90,0.4240,true,1,24586
7290000346120,false,חליטת קינמון הגן הקסום ויסוצקי 25 יחידות,תה ויסוצקי (ישראל) בעמ,,תה קסם הקנמון 25 שקי,גרמים,62.50,100 גרם,false,,17.90,0.2864,true,1,24594
7290000346137,false,חליטת הילולי פירות הגן הקסום ויסוצקי 25 יחידות,תה ויסוצקי (ישראל) בעמ,,תה הילולי פירות 25 ש,גרמים,62.50,100 גרם,false,,17.90,0.2864,true,1,24595
7290000346205,false,חליטת קמומיל הגן הקסום ויסוצקי 25 יחידות,תה ויסוצקי (ישראל) בעמ,,תה קמומיל 25 שקיקים,גרמים,37.50,100 גרם,false,,17.90,0.4773,true,1,24600
7290000346212,false,חליטת מנטה הגן הקסום ויסוצקי 25 יחידות,תה ויסוצקי (ישראל) בעמ,,תה מנטה 25 שקיקים,גרמים,50.00,100 גרם,false,,17.90,0.3580,true,1,24601
7290000347738,false,תה ירוק בתוספת עלי נענע 25 שקיקים,תה ויסוצקי (ישראל) בעמ,,תה ירוק נענע 25 שקיק,גרמים,37.50,100 גרם,false,,26.90,0.7173,true,1,24606
7290000347752,false,תה ירוק לימונית ולואיזה 25 שקיקים *1.5 ג'' ויסוצקי,תה ויסוצקי (ישראל) בעמ,,תה ירוק לימונית ולוא,גרמים,37.50,100 גרם,false,,26.90,0.7173,true,1,24607
7290000353327,false,מאפה מתוק מעורב פילס,,,מאפה מתוק מעורב פילס,קילוגרמים,1.00,"ק""ג",true,,36.00,36.0000,true,1,2511
7290000377452,false,גרעיני אבטיח קלויים ומלוחים קלית גת 200,הדקלאים אגודת שיתופי,,גרעין אבטיח 200 גרם,גרמים,200.00,100 גרם,false,,12.90,0.0645,true,1,12735
7290000382210,false,שקיות גופיה ינות בית,,,שקיות גופיה ינות בית,יחידה,0.00,יחידה,false,,0.10,0.0000,true,1,48
7290000382227,false,שקיות גופיה מגה בעיר,,,שקיות גופיה מגה בעיר,יחידה,0.00,יחידה,false,,0.10,0.0000,true,1,49
7290000382234,false,שקיות גופיה מהדרין,,,שקיות גופיה מהדרין,יחידה,0.00,יחידה,false,,0.10,0.0000,true,1,50
7290000408316,false,יוגורט דנונה דל לקטוז 200 גרם,שטראוס גרופ בעמ/מצונן,,דנונה טבעי 3% 200מל,מיליליטרים,200.00,"100 מ""ל",false,,3.70,0.0185,true,1,23230
7290000408354,false,יוגורט עם אורז מצופה שוקולד קקאו 175 ג' דנונה,שטראוס גרופ בעמ/מצונן,,דנונה קראנצ' פצפוצים,מיליליטרים,175.00,"100 מ""ל",false,,4.90,0.0280,true,1,23231
7290000412139,false,נוזל רצפות בניחוח אורנים ריצפז 3 ליטר,"סנו מפעלי ברונוס בע""\מ",,ריצפז סנו אורן 3 ליט,ליטרים,3.00,ליטר,false,,15.90,5.3000,true,1,29787
7290000412481,false,נוזל לניקוי אסלות 00 סנו (1 ליטר),החברה הדרומית לשיווק בעמ,,מנקה אסלות 1 ליטר 00,ליטרים,1.00,ליטר,false,,7.90,7.9000,true,1,29789
7290000416076,false,"צימקאו לאפייה וציפוי השחר 400 גרם כשל""פ",השחר העולה תעשית ממתקים בעמ,,צימקאו לאפיה 400 גר',גרמים,400.00,100 גרם,false,,12.90,0.0323,true,1,28846
7290000416618,false,"ממרח שוקולד פרווה השחר 400 גרם כשל""פ",השחר העולה תעשית ממתקים בעמ,,ממרח שוקולד פרווה הש,גרמים,400.00,100 גרם,false,,11.90,0.0298,true,1,28853
7290000416632,false,"ממרח שוקולד פרווה השחר 1 ק""ג כשל""פ",השחר העולה תעשית ממתקים בעמ,,ממרח שוקולד פרווה הש,קילוגרמים,1.00,"ק""ג",false,,26.90,26.9000,true,1,28854
7290000416854,false,אבקת קקאו השחר העולה (150 גרם),השחר העולה תעשית ממתקים בעמ,,קקאו 150 גר',גרמים,150.00,100 גרם,false,,11.90,0.0793,true,1,28857
7290000416861,false,"ממרח שוקולד חלבי השחר בד""צ 750 גרם",השחר העולה תעשית ממת,,ממרח חלבי השחר 750 ג,קילוגרמים,1.00,"ק""ג",false,,19.90,19.9000,true,1,193129
7290000418155,false,תחבושות טופ-פד סופר-פלוס 16 יחידות,מוצרי נייר עמיר,,.תחבושות טופ-פד סופר,יחידה,0.00,יחידה,false,,5.90,0.0000,true,1,29443
7290000419114,false,קפה טחון שחור לנדוור 200 גר,"קפה לנדוור בע""\מ",,לנדוור המקורי קפה טח,גרמים,200.00,100 גרם,false,,15.90,0.0795,true,1,18641
7290000419220,false,לנדוור כחול המקורי קפה טחון טורקי 3*100 גרם 16 יח',ש.שסטוביץ בעמ,,לנדוור כחול המקורי ק,גרמים,300.00,100 גרם,false,,18.90,0.0630,true,1,18642
7290000419374,false,לנדוור לבוקר קפה טחון טורקי 3*100 גרם 16 יח',ש.שסטוביץ בעמ,,לנדוור לבוקר קפה טחו,גרמים,300.00,100 גרם,false,,18.90,0.0630,true,1,18643
7290000419909,false,לנדוור קפה שחור לבוקר טחון טורקי 100 גרם,מולינו ניקולי s.p.a,,לנדוור לבוקר קפה טחו,גרמים,100.00,100 גרם,false,,9.90,0.0990,true,1,18645
7290000419923,false,לנדוור קפה אספרסו טחון בואקום 200 גר,ש.שסטוביץ בעמ,,לנדוור קפה אספרסו טח,גרמים,200.00,100 גרם,false,,19.90,0.0995,true,1,18646
7290000420325,false,"פופסטאר פופקורן למקירוגל בטעם טבעי 5 שקיות,500 גרם","דנשר (1963) בע,מ",,פופסטאר פופקורן טבעי,גרמים,500.00,100 גרם,false,,15.50,0.0310,true,1,5723
7290000420417,false,גלילונית שקיות אשפה 52X65 עם שרוך 60 יחידות,"איטיליאן פוד, אס.פי.",,גלילונית שקיות אשפה,יחידה,0.00,יחידה,false,,22.90,0.0000,true,1,5725
7290000435251,false,סוכריות מיני משמחים עלה 500ג',לירון קרביץ יבוא שיווק וסחר,,מיני משמחים 500 גרם,גרמים,500.00,100 גרם,false,,18.70,0.0374,true,1,206585
7290000449128,false,סיף פנטסטיק לימון ניקוי רב תכליתי 4ל',יוניליוור ישראל שיווק בע`מ,,סיף ניקוי כללי 4 ליט,ליטרים,4.00,ליטר,false,,19.90,4.9750,true,1,10301
7290000453019,false,שמרים טריים לאפייה שקית שמרית 50 ג',שטראוס גרופ בעמ/מצונן,,שמרית שמרים טריים לא,גרמים,50.00,100 גרם,false,,4.50,0.0900,true,1,23232
7290000453125,false,שמרית שמרים טריים לאפיה +משפר אפיה 100ג,שטראוס גרופ בעמ/מצונן,,שמרית שמרים טריים לא,גרמים,100.00,100 גרם,false,,7.70,0.0770,true,1,23233
7290000453415,false,בצק עלים מצונן ומוכן לאפייה שמרית 300 גרם,שטראוס גרופ בעמ/מצונן,,שמרית בצק עלים מצונן,גרמים,300.00,100 גרם,false,,15.90,0.0530,true,1,23235
7290000453422,false,בצק פילו מצונן ומוכן לאפייה שמרית 300 גרם,שטראוס גרופ בעמ/מצונן,,שמרית בצק פילו מוכן,גרמים,300.00,100 גרם,false,,15.90,0.0530,true,1,23236
7290000453798,false,שמרים יבשים אקטיביים שימרית 500 ג',"גי' בי' רכיבים בע""מ",,שמרים יבשים אקטיביים,גרמים,500.00,100 גרם,false,,12.90,0.0258,true,1,22187
7290000453880,false,מרגרינה ללא מלח לאפיה ובישול שמרית 200גר,שטראוס גרופ בעמ (ח),,מרגרינה ללא מלח לאפי,גרמים,200.00,100 גרם,false,,4.90,0.0245,true,1,23239
7290000455456,false,פילה נסיכת הנילוס פר,,,נסיכת הנילוס פילה פר,קילוגרמים,1.00,"ק""ג",true,,69.90,69.9000,true,1,35167
7290000461700,false,בייגלה שמיניות גדולות מלוחות 400 גרם,יוניליוור ישראל שיווק בע`מ,,ביגלה שמיניות גדולות,גרמים,400.00,100 גרם,false,,12.90,0.0323,true,1,10304
7290000461793,false,בייגלה ארוך ארוך סידרה ירוקה בייגל בייגל 150 גרם,יוניליוור ישראל שיווק בע`מ,,ביגלה ארוך ארוך דל ש,גרמים,150.00,100 גרם,false,,5.90,0.0393,true,1,10307
7290000462103,false,סחוג תימני אדום חריף עדין זהבי הכרם 150 גרם,שטראוס גרופ בעמ/מצונן,,סחוג אדום חריף עדין,גרמים,150.00,100 גרם,false,,9.90,0.0660,true,1,23241
7290000462141,false,סחוג אדום תימני מקורי חריף מאוד זהבי 150 גרם,שטראוס גרופ בעמ/מצונן,,סחוג אדום חריף מאוד,גרמים,150.00,100 גרם,false,,9.90,0.0660,true,1,23242
7290000462172,false,סחוג זחוק ירוק תימני חריף זהבי (150 גרם),שטראוס גרופ בעמ/מצונן,,סחוג ירוק חריף מאוד,גרמים,150.00,100 גרם,false,,9.90,0.0660,true,1,23244
7290000467153,false,מלך החומוס סמיר הגדול 400 גרם צבר,קבוצת אוסם סחר שותפות מוגבלת,,צבר חומוס סמיר הגדול,גרמים,400.00,100 גרם,false,,12.90,0.0323,true,1,19720
7290000467320,false,מלך החומוס אבו מרוואן 400 גרם,קבוצת אוסם סחר שותפות מוגבלת,,צבר חומוס אבו מרוואן,גרמים,400.00,100 גרם,false,,12.90,0.0323,true,1,19721
7290000469638,false,"ספריי לגיהוץ קל מריטו 500 מ""ל",בולטון מניטובה,,מריטו ספריי לגיהוץ 5,מיליליטרים,500.00,"100 מ""ל",false,,23.90,0.0478,true,1,21398
7290000474076,false,"חלב קרטון 3%-1 ליטר ""טרה""-מוצר בפיקוח",החברה המרכזית טלהפצת משקאות בע,,טרה חלב בקרטון 3% 1,ליטרים,1.00,ליטר,false,,6.23,6.2300,true,1,6337
7290000474090,false,"חלב בקרטון 1%- 1 ליטר בד""צ - מוצר בפיקוח",*החברה המרכזית להפצת משקאותבעמ,,טרה חלב בקרטון 1% 1ל,ליטרים,1.00,ליטר,false,,5.86,5.8600,true,1,6338
7290000474373,false,"שמנת חמוצה 15% שומן 200 מ""ל טרה",החברה המרכזית טלהפצת משקאות בע,,טרה שמנת חמוצה 15% 2,מיליליטרים,200.00,"100 מ""ל",false,,2.40,0.0120,true,1,6344
7290000474502,false,גבינה לבנה טרה 5% מרכיבים טבעיים,*החברה המרכזית להפצת משקאותבעמ,,טרה גבינה לבנה 5% 25,גרמים,250.00,100 גרם,false,,4.98,0.0199,true,1,6347
7290000474540,false,גבינה טוב טעם 3% טרה 250ג' מהדרין,החברה המרכזית טלהפצת משקאות בע,,טוב טעם גבינה 3% 250,גרמים,250.00,100 גרם,false,,11.50,0.0460,true,1,6348
7290000474830,false,נעם גבינה צהובה מגורדת 28% טרה 500 גרם,*החברה המרכזית להפצת משקאותבעמ,,נעם גבינה צהובה מגור,גרמים,500.00,100 גרם,false,,29.90,0.0598,true,1,6349
7290000480107,false,קוואקר שיבולת שועל פחית 500 גרם,שטראוס פריטו ליי בעמ,,"קוואקר מהיר אטוס לל""",גרמים,500.00,100 גרם,false,,12.90,0.0258,true,1,24144
7290000480442,false,קוואקר שיבולת שועל בשקית 500 גרם,שטראוס פריטו ליי בע`מ,,שיבולת שועל בשקית קו,גרמים,500.00,100 גרם,false,,13.50,0.0270,true,1,24145
7290000481029,false,10 פיתות בטעם ביתי דגנית עין בר,דגנית עין בר תעשיות מזון ואפיה,,פיתות 10 יחידות בטעם,קילוגרמים,1.00,"ק""ג",false,,10.90,10.9000,true,1,56825
7290000481043,true,עשיריית פיתות כוסמין,,,עשיריית פיתות כוסמין,גרמים,700.00,100 גרם,false,,14.90,0.0213,true,1,126791
7290000481074,false,לחם משלושה קמחים מלאים 750 גר,דגנית עין בר תעשיות מזון ואפיה,,לחם טריו מלא דגנית 7,גרמים,750.00,100 גרם,false,,19.90,0.0265,true,1,278694
7290000481531,false,דגנית עין בר לחמניות אצבע מחיטה מלאה בשקית 750 ג',דגנית עין בר תעשיות מזון ואפיה,,לחמניות 10 יחידות חי,גרמים,750.00,100 גרם,false,,13.90,0.0185,true,1,4457
7290000481883,false,דגנית עין בר מארז לחמניות 10 יח'*75 ג',דגנית עין בר תעשיות מזון ואפיה,,10 לחמניות דגנית,גרמים,750.00,100 גרם,false,,13.90,0.0185,true,1,4461
7290000484747,false,"ארק עלית 700 מ""ל 40% יקב הגליל*",יקב הגליל יוסף גולד ובניו,,"עלית הארק 40% 700 מ""",מיליליטרים,700.00,"100 מ""ל",false,,59.90,0.0856,true,1,28878
7290000486794,false,בשר לטשלונט קפוא רו,,,בשר לטשלונט קפוא רו,קילוגרמים,1.00,"ק""ג",true,,84.90,84.9000,true,1,311136
7290000490311,false,מנבו וניל פלדמן 6 יחידות,פלקו בעמ,,מנבו וניל 6 יחידות,גרמים,144.00,100 גרם,false,,10.90,0.0757,true,1,36046
7290000490601,false,גלידל וניל פלדמן מארז שמינייה,הגלידות של פלדמן,,גלידל מאגדת בטעם וני,גרמים,400.00,100 גרם,false,,31.90,0.0797,true,1,36048
7290000490762,false,גלידל שוקו פלדמן מארז שמינייה,הגלידות של פלדמן,,גלידל מאגדת בטעם שוק,גרמים,400.00,100 גרם,false,,31.90,0.0797,true,1,36050
7290000493183,false,אבקת רוטב פטריות לבשר-30 גרם,קבוצת אוסם סחר שותפות מוגבלת,,אסם אבקת רוטב פטריות,גרמים,30.00,100 גרם,false,,3.90,0.1300,true,1,18677
7290000496360,false,פילה בקלה דרום אפרי,,,פילה בקלה דרום אפרי,קילוגרמים,1.00,"ק""ג",true,,43.90,43.9000,true,1,176631
7290000504025,false,ממתיק סוכרזית פטרייה עלית 300 גרם,אף.סי תבליני בגליל ב,,סוכרזית פטריה 300 טב,גרמים,246.00,100 גרם,false,,8.90,0.0362,true,1,22194
7290000504209,false,"סוכרזית דיאט טיפ נוזלי 220 מ""ל",אף.סי תבליני בגליל ב,,דיאט טיפ-ממתיק,מיליליטרים,220.00,"100 מ""ל",false,,19.90,0.0905,true,1,22196
7290000504278,false,ממתיק סוכרזית אריזת פטנט 700 טבליות,אף.סי תבליני בגליל ב,,סוכרזית פטנט 700 טבל,גרמים,574.00,100 גרם,false,,14.90,0.0260,true,1,22198
7290000518176,false,ממתיק מתוק וקל 250 שקיות,מתוק וקל בע`מ,,מתוק וקל ענק 250 שקי,גרמים,250.00,100 גרם,false,,19.90,0.0796,true,1,15781
7290000518220,false,ממתיק סוכרה דיאט 100 יחידות,מתוק וקל בעמ,,סוכרה דיאט 100 יח,גרמים,80.00,100 גרם,false,,24.90,0.3112,true,1,15783
7290000521008,false,יין אדום יבש של סגל (750 מל),"כרמי צבי - אחים סגל בע""\",,אדום יבש סגל.,מיליליטרים,750.00,"100 מ""ל",false,,21.90,0.0292,true,1,9374
7290000521015,false,יין לבן יבש של סגל (750 מל),פארייפאבה אגרואינדוס,,"לבן סגל 750 מ""ל",מיליליטרים,750.00,"100 מ""ל",false,,21.90,0.0292,true,1,9375
7290000521022,false,יין לבן חצי יבש של סגל (750 מל),פארייפאבה אגרואינדוס,,סגל לבן חצי יבש 750,מיליליטרים,750.00,"100 מ""ל",false,,21.90,0.0292,true,1,9376
7290000521404,false,"יין מרום גליל קברנה סוביניון סינגל 750 מ""ל",תאי פרזידנט פוד פאבל,,מרום גליל סינגל קברנ,מיליליטרים,750.00,"100 מ""ל",false,,38.90,0.0519,true,1,9384
7290000522166,false,חלב הרים טהור-עמיד- נטול לקטוז 1 לי 3%,"מחלבות רמת הגולן בע""",,חלב הרים טהור נ.לקטו,ליטרים,1.00,ליטר,false,,10.90,10.9000,true,1,24920
7290000522201,false,כרעיים עוף ארוז קפוא,,,כרעיים עוף ארוז קפוא,קילוגרמים,1.00,"ק""ג",true,,36.90,36.9000,true,1,46884
7290000522263,false,שוקיים עוף ארוז קפוא,,,שוקיים עוף ארוז קפוא,קילוגרמים,1.00,"ק""ג",true,,49.90,49.9000,true,1,46887
7290000522272,false,"שמנת לקפה רמת הגולן 10% 500 מ""ל עמידה",מחלבות רמת הגולן,,חלב הרים שמנת לקפה 1,מיליליטרים,500.00,"100 מ""ל",false,,8.90,0.0178,true,1,6357
7290000522348,false,שניצל עוף פרוס ארוז,,,שניצל עוף פרוס ארוז,קילוגרמים,1.00,"ק""ג",true,,49.90,49.9000,true,1,46889
7290000523125,false,מלח הארץ הים האדום 250 ג' עדין,"חברת מלח הארץ אילת בע""\מ",,מלח ים יבש הארץ 250,גרמים,250.00,100 גרם,false,,6.50,0.0260,true,1,24609
7290000523224,false,מלח הארץ הים האדום 500 ג' עדין,"חברת מלח הארץ אילת בע""\מ",,מלח ים יבש הארץ 500,גרמים,500.00,100 גרם,false,,7.90,0.0158,true,1,15452
7290000523514,false,מלח ים יבש מופחת נתרן מלח הארץ (250 גרם),"חברת מלח הארץ אילת בע""\מ",,מלח 50% פחות נתרן הא,גרמים,250.00,100 גרם,false,,10.30,0.0412,true,1,15453
7290000523804,false,"מלח עדין צנצנת 1 ק""ג מלח הארץ","חברת מלח הארץ אילת בע""\מ",,מלח עדין בצנצנת הארץ,קילוגרמים,1.00,"ק""ג",false,,7.50,7.5000,true,1,24611
7290000523811,false,"צנצנת מלח גס 1 ק""ג מלח הארץ","חברת מלח הארץ אילת בע""\מ",,מלח גס בצנצנת הארץ 1,קילוגרמים,1.00,"ק""ג",false,,7.50,7.5000,true,1,24612
7290000525969,false,מיץ תפוזים סחוט רכיבים טבעיים פרימור 1 ליטר,שטראוס גרופ בעמ/מצונן,,פרימור מיץ תפוזים 1ל,ליטרים,1.00,ליטר,false,,15.90,15.9000,true,1,23248
7290000531977,false,בורקס במילוי גבינה זוגלובק 800 גרם,נקניק נהריה כשר זוגל,,זוגלובק בורקס גבינה,גרמים,800.00,100 גרם,false,,14.90,0.0186,true,1,38912
7290000533353,false,"בצק עלים מרודד זוגלובק 1 ק""ג",מאפיית אריאל וגידרון,,זוגלובק בצק עלים 1קג,קילוגרמים,1.00,"ק""ג",false,,14.90,14.9000,true,1,38914
7290000536774,false,"נקניקיות מן הצומח זוגלובק 1ק""ג בד""צ",זוגלובק שיווק בעמ,,"נקניקיה 1 ק""ג בד""ץ.",קילוגרמים,1.00,"ק""ג",false,,30.90,30.9000,true,1,38921
7290000536781,false,"קבב צמחי 1 ק""ג זוגלובק",זוגלובק שיווק בעמ,,"קבב צמחי 1 ק""ג בד""ץ",קילוגרמים,1.00,"ק""ג",false,,30.90,30.9000,true,1,38922
7290000554402,false,מעדן חלב מלבי גד (160 גרם),מחלבות גד שיווק 1992 בעמ,,גד מלבי 160מל.,מיליליטרים,160.00,"100 מ""ל",false,,6.90,0.0431,true,1,14616
7290000554471,false,נקניק מוצרלה 22 אחוז 180גרם גד מהדרין,מחלבות גד שיווק 1992 בעמ,,גד מוצרלה נקניק טבעי,גרמים,180.00,100 גרם,false,,15.90,0.0883,true,1,14618
7290000554532,false,גבינה צפתית מעודנת במלח ים 5% 200 ג' גד,מחלבות גד שיווק 1992 בעמ,,גד צפתית מעודנת במלח,גרמים,200.00,100 גרם,false,,14.90,0.0745,true,1,14619
7290000554600,false,מוצרלה מגורדת 22 אחוז 300גרם גד מהדרין,מחלבות גד שיווק 1992 בעמ,,גד מוצרלה מגורדת %18,גרמים,300.00,100 גרם,false,,24.90,0.0830,true,1,14620
7290000554608,false,צלי כתף מס`5 קפוא רו,,,צלי כתף מס`5 קפוא רו,קילוגרמים,1.00,"ק""ג",true,,121.90,121.9000,true,1,46921
7290000554624,false,ירח מתוק מעדן חלב עם אורז 3% גד 150 גרם,מחלבות גד שיווק 1992 בעמ,,גד ירח מתוק 150מל,גרמים,150.00,100 גרם,false,,6.90,0.0460,true,1,14621
7290000554686,false,גבינת לאבנה בתוספת שמן זית וזעתר 5% גד 250 גרם,מחלבות גד שיווק 1992 בעמ,,גד לאבנה בשמן זית וז,גרמים,250.00,100 גרם,false,,13.90,0.0556,true,1,14622
7290000554822,false,ריקוטה גבינה לבנה בסגנון איטלקי 5% גד 250 גרם,מחלבות גד שיווק 1992 בעמ,,גד ריקוטה טבעי 5% 25,גרמים,250.00,100 גרם,false,,14.50,0.0580,true,1,14624
7290000554839,false,מסקרפונה שמנת מתוקה קשה בסגנון איטלקי 40% גד 250 גרם,מחלבות גד שיווק 1992 בעמ,,גד מסקרפונה 40% 250ג,גרמים,250.00,100 גרם,false,,20.50,0.0820,true,1,14625
7290000560540,false,אדג`פרו ג`ל לגילוח עור רגיש כתום220,המאפיה של הרמן,,ג'ל גילוח כתום לעור,מיליליטרים,200.00,"100 מ""ל",false,,19.90,0.0995,true,1,5734
7290000561202,false,גרעינים חמניה 200 גרם פיצוחי חממה,בוטנת בעמ חברה לקלייה ואריזת פ,,גרעין חמניה קלוי 200,גרמים,200.00,100 גרם,false,,6.90,0.0345,true,1,1426
7290000561233,false,בוטן קלוף קלוי פיצוחי חממה (200 גרם),בוטנת בעמ חברה לקלייה ואריזת פ,,בוטן קלוי 200ג פיצוח,גרמים,200.00,100 גרם,false,,7.90,0.0395,true,1,1428
7290000561240,false,גרעיני דלעת 200 גרם פיצוחי חממה,בוטנת בעמ חברה לקלייה ואריזת פ,,גרעין דלעת קלוי 200ג,גרמים,200.00,100 גרם,false,,9.90,0.0495,true,1,1429
7290000561363,false,גרעיני אבטיח 200 גרם פיצוחי חממה,בוטנת בעמ חברה לקלייה ואריזת פ,,גרעין אבטיח קלוי 200,גרמים,200.00,100 גרם,false,,13.90,0.0695,true,1,1437
7290000561561,false,מנצ`יס פיצוחי חממה (200 גרם),בוטנת בעמ חברה לקלייה ואריזת פ,,פוסידון מנצ'יס 200ג,גרמים,200.00,100 גרם,false,,9.90,0.0495,true,1,1445
7290000572529,false,חלוה עם פיסטוק אחווה 400 גרם,אחדות ביתחרושת לטחינה חלבה,,חלוה אגוז אחוה 400 ג,גרמים,400.00,100 גרם,false,,13.90,0.0348,true,1,679
7290000572673,false,חלבה וניל קקאו ואגוזים אחוה (25x12 גרם),שוורצקוף& הנקל דיסלד,,חטיפי חלוה 50% שומשו,גרמים,300.00,100 גרם,false,,12.90,0.0430,true,1,685
7290000574028,false,לחם שחור מועשר בחומצה פולית וויטמינים דגנים 750 גרם,דגנית עין בר תעשיות מזון ואפיה,,לחם אחיד פרוס מועשר,גרמים,750.00,100 גרם,false,,8.90,0.0119,true,1,4466
7290000574035,false,לחם אחיד פרוס דגנית עין בר (750 גרם),דגנית עין בר תעשיות מזון ואפיה,,לחם אחיד פרוס דגנית,גרמים,750.00,100 גרם,false,,7.11,0.0095,true,1,4467
7290000574066,false,לחם מלא פלוס שיפון 750 ג' דגנית עין בר,דגנית עין בר תעשיות מזון ואפיה,,לחם מלא עם שיפון דגנ,יחידה,0.00,יחידה,false,,14.90,0.0000,true,1,4469
7290000574141,false,לחם חיטה מלא 750ג' דגנית עין בר,דגנית עין בר תעשיות מזון ואפיה,,לחם חיטה מלאה דגנית,גרמים,750.00,100 גרם,false,,15.90,0.0212,true,1,4473
7290000574172,false,לחם קל מחיטה מלאה 750 ג' דגנית עין בר,דגנית עין בר תעשיות מזון ואפיה,,לחם קל חיטה מלאה דגנ,גרמים,750.00,100 גרם,false,,14.90,0.0199,true,1,4475
7290000574370,false,לחם שיפון אמיתי קל 750 ג' דגנית עין בר,דגנית עין בר תעשיות מזון ואפיה,,לחם שיפון אמיתי קל ד,גרמים,750.00,100 גרם,false,,16.90,0.0225,true,1,4483
7290000574455,false,לחם חיטה מלא פלוס כוסמין 750 ג' דגנית עין בר,דגנית עין בר תעשיות מזון ואפיה,,לחם חיטה מלא+כוסמין,גרמים,750.00,100 גרם,false,,14.90,0.0199,true,1,4487
7290000611138,false,סטייק טונה אדומה ארו,,,סטייק טונה אדומה 90%,קילוגרמים,1.00,"ק""ג",true,,59.90,59.9000,true,1,152061
7290000627906,false,גאודה בקר 31.2% שקי,,,גאודה בקר 31.2% שקי,קילוגרמים,1.00,"ק""ג",true,,69.00,69.0000,true,1,52107
7290000644783,false,נתחי פילה סלמון קפוא קג,תנובה קפואים,,דגי תנובה נתחי פילה,קילוגרמים,1.00,"ק""ג",true,,89.90,89.9000,true,1,26470
7290000646299,false,פילה נסיכת הנילוס 100% דג קפוא תנובה,תנובה מרכז שיתופי לשיווק תוצרת,,פילה נסיכה 100% דגי,קילוגרמים,1.00,"ק""ג",true,,54.90,54.9000,true,1,149468
7290000652177,false,נתחי פילה נסיכה 100% דג קפוא תנובה,תנובה מרכז שיתופי לשיווק תוצרת,,נתחי פילה נסיכה 100%,קילוגרמים,1.00,"ק""ג",true,,69.90,69.9000,true,1,89287
7290000652894,false,סטייק דג טונה קפוא 100% תנובה,דגי תנובה,,סטייק דג טונה 100% ד,קילוגרמים,1.00,"ק""ג",true,,44.90,44.9000,true,1,89274
7290000654546,false,פילה אמנון 7-9 100% דג תנובה,תנובה,,פילה אמנון 7-9 100%,קילוגרמים,1.00,"ק""ג",true,,38.90,38.9000,true,1,89248
7290000655376,false,פילה דניס קפוא בוואקום 100% דג תנובה,תנובה קפואים,,פילה דניס קפוא,קילוגרמים,1.00,"ק""ג",true,,89.90,89.9000,true,1,26476
7290000658926,false,"פילה מרלוזה קפוא 100% ""תנובה""",דגי תנובה,,פילה מרלוזה קפוא 100,קילוגרמים,1.00,"ק""ג",true,,32.90,32.9000,true,1,26479
7290000659312,false,דגי תנובה פילה סלומון קפוא בוואקום,תנובה בשר,,דגי תנובה פילה סלמון,קילוגרמים,1.00,"ק""ג",true,,79.90,79.9000,true,1,26480
7290000663036,false,פילה אמנון קפוא ללא עור 100% דג תנובה,תנובה מרכז שיתופי לשיווק תוצרת,,פילה אמנון ללא עור 1,קילוגרמים,1.00,"ק""ג",true,,44.90,44.9000,true,1,149469
7290000663135,false,קוביות סלומון קפוא 100% דג 300 גרם תנובה,תנובה מרכז שיתופי לשיווק תוצרת,,קוביות סלמון 300 גרם,גרמים,300.00,100 גרם,false,,29.90,0.0997,true,1,169723
7290000663166,false,פילה הייק דרום אפריקאי קפוא,תנובה קפואים,,פילה הייק דרום אפריק,קילוגרמים,1.00,"ק""ג",true,,44.90,44.9000,true,1,169709
7290000670192,false,כנפיים עוף קפוא ארוז,,,כנפיים עוף קפוא ארוז,קילוגרמים,1.00,"ק""ג",true,,18.90,18.9000,true,1,35225
7290000679455,false,בשר הודו אדום טרי אר,,,בשר הודו אדום טרי אר,קילוגרמים,1.00,"ק""ג",true,,39.90,39.9000,true,1,49872
7290000679462,false,חזה הודו נקבה מחפוד,,,חזה הודו נקבה מחפוד,קילוגרמים,1.00,"ק""ג",true,,34.90,34.9000,true,1,49873
7290000679479,false,שווארמה הודו מחפוד ט,,,שווארמה הודו מחפוד ט,קילוגרמים,1.00,"ק""ג",true,,69.90,69.9000,true,1,49874
7290000679493,false,שוק הודו נקבה מחפוד,,,שוק הודו נקבה מחפוד,קילוגרמים,1.00,"ק""ג",true,,26.90,26.9000,true,1,49876
7290000679509,false,גרונות הודו מחפוד טר,,,גרונות הודו מחפוד טר,קילוגרמים,1.00,"ק""ג",true,,29.90,29.9000,true,1,49877
7290000679516,false,כנף הודו נקבה מחפוד,,,כנף הודו נקבה מחפוד,קילוגרמים,1.00,"ק""ג",true,,16.90,16.9000,true,1,49878
7290000679523,false,נתחי חזה הודו מחפוד,,,נתחי חזה הודו מחפוד,קילוגרמים,1.00,"ק""ג",true,,25.90,25.9000,true,1,49879
7290000681281,false,עוף טרי מחפוד ארוז-ק,,,עוף טרי מחפוד ארוז-ק,קילוגרמים,1.00,"ק""ג",true,,27.90,27.9000,true,1,49896
7290000681298,false,חזה עוף טרי מחפוד אר,,,חזה עוף טרי מחפוד אר,קילוגרמים,1.00,"ק""ג",true,,34.90,34.9000,true,1,49897
7290000681304,false,כרעיים עוף טרי מחפוד,,,כרעיים עוף טרי מחפוד,קילוגרמים,1.00,"ק""ג",true,,32.90,32.9000,true,1,49898
7290000681311,false,ירכיים עוף טרי מחפוד,,,ירכיים עוף טרי מחפוד,קילוגרמים,1.00,"ק""ג",true,,32.90,32.9000,true,1,49899
7290000681328,false,מחפוד שוקיים עוף טרי,,,מחפוד שוקיים עוף טרי,קילוגרמים,1.00,"ק""ג",true,,36.90,36.9000,true,1,49900
7290000681335,false,פרגיות עוף טרי מחפוד,,,פרגיות עוף טרי מחפוד,קילוגרמים,1.00,"ק""ג",true,,74.90,74.9000,true,1,49901
7290000681359,false,כבד עוף טרי ארוז מחפ,,,כבד עוף טרי ארוז מחפ,קילוגרמים,1.00,"ק""ג",true,,32.90,32.9000,true,1,49903
7290000681366,false,כנפיים עוף מחפוד ב-ק,,,כנפיים עוף מחפוד ב-ק,קילוגרמים,1.00,"ק""ג",true,,14.90,14.9000,true,1,49904
7290000681373,false,גרון עוף טרי מחפוד א,,,גרון עוף טרי מחפוד א,קילוגרמים,1.00,"ק""ג",true,,7.90,7.9000,true,1,49905
7290000681380,false,שניצל עוף טרי מחפוד,,,שניצל עוף טרי מחפוד,קילוגרמים,1.00,"ק""ג",true,,34.90,34.9000,true,1,49906
7290000688084,false,מי עדן פקק ספורטאים500מל,יפאורה שותפות מוגבלת לשיווק,,מי עדן 1/2 ליטר ספור,מיליליטרים,500.00,"100 מ""ל",false,,2.90,0.0058,true,1,11455
7290000688176,false,מי עדן בייבי 330 מל בודד,יפאורה שותפות מוגבלת לשיווק,,"מי עדן בייבי 330 מ""ל",מיליליטרים,250.00,"100 מ""ל",false,,2.90,0.0116,true,1,11457
7290000688374,false,מים מינרלים סמיילי מי עדן (330X6מל),יפאורה שותפות מוגבלת לשיווק,,"מי עדן בייבי 330 מ""ל",ליטרים,1.98,ליטר,false,,14.90,7.5253,true,1,11458
7290000688381,false,מים מינרלים פקק ספורט מי עדן (500x6 מל),יפאורה שותפות מוגבלת לשיווק,,מי עדן פקק ספורט 6*5,ליטרים,3.00,ליטר,false,,13.90,4.6333,true,1,11459
7290000688466,false,מי עדן 0.75 ליטר ספורט בודד,יפאורה שותפות מוגבלת לשיווק,,מי עדן ג'ים 750מל,מיליליטרים,750.00,"100 מ""ל",false,,2.90,0.0039,true,1,11461
7290000692203,false,נוזל לניקוי כללי ורצפות בניחוח לימון אג'קס 2 ליטר,הנסיך- מפעל לייצור ט,,אג'קס ניקוי כללי ורצ,ליטרים,2.00,ליטר,false,,22.90,11.4500,true,1,21403
7290000692210,false,נוזל לניקוי כללי ורצפות בניחוח לבנדר אג'קס 2 ליטר,הנסיך- מפעל לייצור ט,,אג'קס ניקוי כללי ורצ,ליטרים,2.00,ליטר,false,,22.90,11.4500,true,1,21404
7290000707345,false,חזה עוף שלם טרי ארוז,,,חזה עוף שלם טרי ארוז,קילוגרמים,1.00,"ק""ג",true,,31.90,31.9000,true,1,17980
7290000707352,false,שניצל עוף טרי ארוז,,,שניצל עוף טרי ארוז,קילוגרמים,1.00,"ק""ג",true,,37.90,37.9000,true,1,17981
7290000707369,false,כרעיים עוף טרי ארוז,,,כרעיים עוף טרי ארוז,קילוגרמים,1.00,"ק""ג",true,,26.90,26.9000,true,1,17982
7290000707376,false,ירכיים עוף טרי ארוז,,,ירכיים עוף טרי ארוז,קילוגרמים,1.00,"ק""ג",true,,26.90,26.9000,true,1,17983
7290000707383,false,שוקיים עוף טרי ארוז,,,שוקיים עוף טרי ארוז,קילוגרמים,1.00,"ק""ג",true,,28.90,28.9000,true,1,17984
7290000707420,false,עוף שלם טרי ארוז,,,עוף שלם טרי ארוז,קילוגרמים,1.00,"ק""ג",true,,19.90,19.9000,true,1,17986
7290000707437,false,כנפיים עוף טרי ארוז,,,כנפיים עוף טרי ארוז,קילוגרמים,1.00,"ק""ג",true,,10.90,10.9000,true,1,17987
7290000707468,false,כבד עוף טרי ארוז,,,כבד עוף טרי ארוז,קילוגרמים,1.00,"ק""ג",true,,19.90,19.9000,true,1,17990
7290000707543,false,פילה עוף טרי ארוז,,,פילה עוף טרי ארוז,קילוגרמים,1.00,"ק""ג",true,,37.90,37.9000,true,1,17992
7290000714218,false,צוואר עגל פולני חלק,,,צוואר עגל פולני חלק,קילוגרמים,1.00,"ק""ג",true,,74.90,74.9000,true,1,2222
7290000714621,false,אסאדו פרוס חלק ארוז,,,אסאדו פרוס חלק ארוז,קילוגרמים,1.00,"ק""ג",true,,59.90,59.9000,true,1,42584
7290000714638,false,מוזה {שריר} חלק ארוז,,,מוזה {שריר} חלק ארוז,קילוגרמים,1.00,"ק""ג",true,,79.90,79.9000,true,1,42585
7290000920426,false,צלעות מספר 2 קפוא רו,,,צלעות מספר 2 קפוא רו,קילוגרמים,1.00,"ק""ג",true,,76.90,76.9000,true,1,311062
7290000982378,false,בשר ראש בקר קפוא חלק,,,בשר ראש בקר קפוא חלק,קילוגרמים,1.00,"ק""ג",true,,79.90,79.9000,true,1,308320
7290001041123,false,שקדים מולבנים פרוסים מיה 100 גרם,מיה תעשיות מזון מ.ת.מ. בעמ,,מיה שקד מולבן פרוס 1,גרמים,100.00,100 גרם,false,,12.80,0.1280,true,1,14841
7290001041161,false,"שעועית לבנה יבשה מיה 1 ק""ג",מיה תעשיות מזון מ.ת.מ. בעמ,,שעועית 1 ק'ג,קילוגרמים,1.00,"ק""ג",false,,14.90,14.9000,true,1,14845
7290001041185,false,"פופקורן גרעינים מיה 1 ק""ג",מיה תעשיות מזון מ.ת.מ. בעמ,,פופקורן 1 ק'ג,קילוגרמים,1.00,"ק""ג",false,,9.90,9.9000,true,1,14847
7290001041192,false,"עדשים אדומים יבשים מיה 1 ק""ג",מיה תעשיות מזון מ.ת.מ. בעמ,,עדשים אדומות 1 ק'ג,קילוגרמים,1.00,"ק""ג",false,,11.90,11.9000,true,1,14848
7290001041208,false,"עדשים ירוקים יבשים מיה 1 ק""ג",מיה תעשיות מזון מ.ת.מ. בעמ,,עדשים ירוקות 1 ק'ג,קילוגרמים,1.00,"ק""ג",false,,12.90,12.9000,true,1,14849
7290001041215,false,"חיטה מיה 1 ק""ג",מיה תעשיות מזון מ.ת.מ. בעמ,,חיטה 1 ק'ג,קילוגרמים,1.00,"ק""ג",false,,8.90,8.9000,true,1,14850
7290001041222,false,"חומוס לבן ענק יבש מיה 1 ק""ג",מיה תעשיות מזון מ.ת.מ. בעמ,,חומוס לבן ענק 1 ק'ג,קילוגרמים,1.00,"ק""ג",false,,17.90,17.9000,true,1,14851
7290001041260,false,שומשום מיה (400 גרם),מיה תעשיות מזון מ.ת.מ. בעמ,,שומשום מיה 400 גרם,גרמים,400.00,100 גרם,false,,11.90,0.0298,true,1,14852
7290001041277,false,פירורי לחם רגיל מיה 400ג ',מיה תעשיות מזון מ.ת.מ בעמ,,פרורי לחם 400 גרם,גרמים,400.00,100 גרם,false,,5.90,0.0148,true,1,14853
7290001041284,false,לקקן סוכריה תות על מקל 20 יח',מיה תעשיות מזון מ.ת.מ. בעמ,,לקקנים סוכריה על מקל,גרמים,220.00,100 גרם,false,,9.90,0.0450,true,1,14854
7290001041833,false,אגוזים טחונים 250 גר' מיה,מיה תעשיות מזון מ.ת.מ. ב,,מיה אגוזים טחונים 25,גרמים,250.00,100 גרם,false,,18.90,0.0756,true,1,14868
7290001041840,false,"שקדים טחונים 250ג' מיה בד""ץ כשל""פ",מיה תעשיות מזון מ.ת.מ. ב,,שקדים טחונים 250 גרם,גרמים,250.00,100 גרם,false,,18.90,0.0756,true,1,14869
7290001041994,false,"סוכר דמררה בצנצנת מיה 1 ק""ג",מיה תעשיות מזון מ.ת.מ. בעמ,,סוכר זהב דמררה צנצנת,קילוגרמים,1.00,"ק""ג",false,,11.90,11.9000,true,1,14878
7290001045688,false,"מיץ תפוזים סחוט פרימור 400 מ""ל",שטראוס גרופ בעמ/מצונן,,פרימור מיץ תפוזים 40,מיליליטרים,400.00,"100 מ""ל",false,,7.90,0.0197,true,1,23254
7290001136287,false,"שמפו לשיער רגיל בבושם פרחים נקה 7 750 מ""ל",החברה הדרומית לשיווק בעמ,,שמפו רגיל ירוק נקה 7,מיליליטרים,750.00,"100 מ""ל",false,,11.90,0.0159,true,1,29791
7290001136294,false,"שמפו לשיער יבש בבישום פרחים נקה 7 750 מ""ל",החברה הדרומית לשיווק בעמ,,שמפו יבש אדום נקה 7,מיליליטרים,750.00,"100 מ""ל",false,,11.90,0.0159,true,1,29792
7290001136362,false,נקה 7 תחליב רחצה אלוורה ארומה ירוק 1 ל',מיוצר בסין.יבוא ושיו,,תחליב רחצה אלוורה ות,יחידה,0.00,יחידה,false,,15.90,0.0000,true,1,29794
7290001136799,false,נקה 7 תחליב רחצה ארומה ורוד יסמין 1 ל',החברה הדרומית לשיווק בעמ,,תחליב רחצה ורד ויסמי,יחידה,0.00,יחידה,false,,15.90,0.0000,true,1,29797
7290001201510,false,ביצים ארוזות M מ. לסר) (30 פיקוח,מ לסר בעמ - חברה לשיווק ביצים,,30 ביצים M מ.לסר,יחידה,0.00,יחידה,false,,27.87,0.0000,true,1,13617
7290001201589,false,ביצים ארוזות L מ. לסר) (12 פיקוח,מ לסר בעמ - חברה לשיווק ביצים,,12 ביצים L מ.לסר,יחידה,0.00,יחידה,false,,12.05,0.0000,true,1,13620
7290001201596,false,ביצים ארוזות M 12 יחידות,מ לסר בעמ - חברה לשיווק ביצים,,12 ביצים M מ.לסר,יחידה,0.00,יחידה,false,,11.15,0.0000,true,1,13621
7290001201602,false,ביצים 18 יח גדול לסר,מ לסר בעמ - חברה לשיווק ביצים,,18ביצים L מ.לסר,יחידה,0.00,יחידה,false,,18.07,0.0000,true,1,206629
7290001201657,false,ביצים אומגה M/30 בינוני ארוז,מ לסר בעמ - חברה לשיווק ביצים,,30 ביצים M אומגה 3 מ,יחידה,0.00,יחידה,false,,41.90,0.0000,true,1,13626
7290001201824,false,תבנית ביצים 12 יח' לארג' אורגני,מ לסר בעמ - חברה לשיווק ביצים,,12 ביצים L אורגני מ,יחידה,0.00,יחידה,false,,21.90,0.0000,true,1,13629
7290001201862,false,ביצי חופש לארג' 12 יחידות,מ לסר בעמ - חברה לשיווק ביצים,,12 ביצים חופש L מ. ל,יחידה,0.00,יחידה,false,,18.90,0.0000,true,1,13632
7290001216040,false,טחינה גולמית שומשום טהור אל ארז 500 גרם,אגס ירוק מסחר ושירותים,,טחינה אל ארז 100% שו,גרמים,500.00,100 גרם,false,,15.90,0.0318,true,1,34838
7290001216231,false,טחינה גולמית שומשום מלא אל ארז 500 גרם,אגס ירוק מסחר ושירותים,,טחינה מלאה 100% שומש,גרמים,500.00,100 גרם,false,,16.90,0.0338,true,1,34843
7290001246115,false,תרסיס מסיר עובש 750 מ``ל טאצ,סאסאטק אגשח בעמ,,תרסיס מסיר עובש 750,מיליליטרים,750.00,"100 מ""ל",false,,12.90,0.0172,true,1,37991
7290001246122,false,"תרסיס ניקוי כללי+ אקונומיקה 750 מ""ל טאצ",סאסאטק אגשח בעמ,,תרסיס לניקוי כללי 75,מיליליטרים,750.00,"100 מ""ל",false,,12.90,0.0172,true,1,37992
7290001247068,false,קרטונית נקטר ספרינג תות בננה 1 ליטר,יפאורה שותפות מוגבלת לשיווק,,ספרינג תות בננה קרטו,ליטרים,1.00,ליטר,false,,6.90,6.9000,true,1,11476
7290001247099,false,קרטונית נקטר ספרינג מנגו 1 ליטר,יפאורה שותפות מובגלת לשיווק,,ספרינג מנגו קרטונית,ליטרים,1.00,ליטר,false,,6.90,6.9000,true,1,11478
7290001247105,false,קרטונית נקטר ספרינג אפרסק 1 ליטר,יפאורה שותפות מובגלת לשיווק,,ספרינג נקטר אפרסק 1ל,ליטרים,1.00,ליטר,false,,6.90,6.9000,true,1,11479
7290001247112,false,קרטונית נקטר ספרינג לימונענע 1 ליטר,יפאורה שותפות מובגלת לשיווק,,ספרינג לימונענע קרטו,ליטרים,1.00,ליטר,false,,6.90,6.9000,true,1,11480
7290001247129,false,נקטר ספרינג תפוזים קרטונית 1 ל',יפאורה שותפות מובגלת לשיווק,,ספרינג תפוז קרטונית,ליטרים,1.00,ליטר,false,,6.90,6.9000,true,1,11481
7290001247143,false,קרטונית נקטר ספרינג תפוחים 1 ליטר,יפאורה שותפות מובגלת לשיווק,,ספרינג תפוח קרטונית,ליטרים,1.00,ליטר,false,,6.90,6.9000,true,1,11483
7290001274200,false,שלגון אבטיח על מקל פלדמן,פלקו בעמ חברה ישראלית,,שלגון אבטיח על מקל 1,גרמים,100.00,100 גרם,false,,5.90,0.0590,true,1,264960
7290001274231,false,שלגון פסים וניל מסטיק,פלקו בעמ חברה ישראלית,,שלגון פסים 75 גרם,גרמים,75.00,100 גרם,false,,5.90,0.0787,true,1,264975
7290001274262,false,שלגון לוקס פלדמן,פלקו בעמ חברה ישראלית,,שלגון לוקס 85 גרם,גרמים,85.00,100 גרם,false,,6.90,0.0812,true,1,265003
7290001274279,false,שלגון גלית תות חלבי פלדמן,פלקו בעמ חברה ישראלית,,שלגון גלית תות חלבי,גרמים,70.00,100 גרם,false,,3.90,0.0557,true,1,264945
7290001274293,false,סנקור XL ארוך 70 גרם,פלקו בעמ חברה ישראלית,,סנקור XL ארוך 70 גרם,גרמים,70.00,100 גרם,false,,5.90,0.0843,true,1,264917
7290001274576,false,מאגדת גלידל וניל ותות 900 גר`פלדמן,גלידות פלדמן,,גלידל בטעם תות וניל,גרמים,450.00,100 גרם,false,,21.90,0.0487,true,1,134627
7290001274583,false,גלידה משפחתית גלידל ש. פאקן 900 גרם,"פלקו בע""\מ, חברה ישראלית",,גלידל בטעם שוקו פקאן,גרמים,450.00,100 גרם,false,,21.90,0.0487,true,1,134628
7290001274934,false,"שמיניית גלידל פרי לימון ""פלדמן""",הגלידות של פלדמן,,פופסיקל בטעם לימון 8,גרמים,640.00,100 גרם,false,,24.90,0.0389,true,1,36053
7290001274941,false,"שמיניית גלידל פרי פטל ""פלדמן""",הגלידות של פלדמן,,פופסיקל בטעם פטל 8 י,גרמים,640.00,100 גרם,false,,24.90,0.0389,true,1,36054
7290001327791,false,גלידה קרמיסימו וניל עוגיות 1.33 ליטר,"גלידת שטראוס בע""\מ, רחוב",,קרמיסימו עוגיות 1.33,ליטרים,1.33,ליטר,false,,20.90,15.7143,true,1,4227
7290001407547,false,טחינה גולמית משומשום מלא פי 6 בארכה 500ג',קבוצת אוסם סחר שותפות מוגבלת,,בארכה טחינה שומשום מ,גרמים,500.00,100 גרם,false,,16.90,0.0338,true,1,18688
7290001407769,false,טחינה גולמית בארכה שומשום מלא 500 גרם,קבוצת אוסם סחר שותפות מוגבלת,,בארכה טחינה עם שומשו,גרמים,500.00,100 גרם,false,,16.90,0.0338,true,1,18691
7290001419618,false,וופל בלגי עלמה שחור לבן וניל 200ג',מ.ד אטיאס סוכנויות מזון בע`מ,,וופל עלמה בלגי שוקו,גרמים,200.00,100 גרם,false,,3.90,0.0195,true,1,41217
7290001419779,false,"וופל קלאסי בטעם שוקולד ""עלמה"" 200 גרם",רזיט שיווק בעמ,,וופל עלמה קלאסי 200,גרמים,200.00,100 גרם,false,,3.90,0.0195,true,1,41218
7290001419793,false,גביעי גלידה מגולגל עלמה גילרו 30 יח',מ.ד אטיאס סוכנויות מזון בע`מ,,גביעים מגולגלים עלמה,גרמים,120.00,100 גרם,false,,13.00,0.1083,true,1,41219
7290001427033,false,מיץ תפוחים רכיבים טבעיים 1 ליטר,תנובה - פריניב,,קשת מיץ תפוחים טבעי,ליטרים,1.00,ליטר,false,,16.90,16.9000,true,1,77006
7290001459928,false,"גזר גמדי 800 גרם ארוז בד""ץ עדה חרדית",פספרוסט,,גזר גמדי בלדי 800 גר,גרמים,800.00,100 גרם,false,,11.90,0.0149,true,1,301289
7290001459935,false,"אפונה 800 גרם בד""ץ עדה חרדית",פספרוסט,,אפונה בלדי 800 גרם,גרמים,800.00,100 גרם,false,,11.90,0.0149,true,1,301258
7290001459942,false,"אפונה וגזר 800 גרם ארוז בד""ץ עדה חרדית",פספרוסט,,אפונה וקוביות גזר בל,גרמים,800.00,100 גרם,false,,11.90,0.0149,true,1,301273
7290001485019,false,גבינת קרם שמנת טבעי 5% טרה 200 גרם,*החברה המרכזית להפצת משקאותבעמ,,טרה גבינת שמנת טבעי,גרמים,200.00,100 גרם,false,,10.90,0.0545,true,1,6359
7290001491010,false,תה ירוק יסמין ויסוצקי 25 יחידות,תה ויסוצקי (ישראל) בעמ,,תה ירוק עם יסמין T.T,גרמים,37.50,100 גרם,false,,26.90,0.7173,true,1,24614
7290001491096,false,תה ירוק בתוספת לימונית ולואיזה 50 שקיקים ויסוצקי,תה ויסוצקי (ישראל) בעמ,,תה ירוק בתוספת לימונ,גרמים,75.00,100 גרם,false,,46.90,0.6253,true,1,24615
7290001552025,false,קוסקוס של אמא פרבורגר 800 גרם,מטעמי פאר (א.מ.נ) בעמ,,קוסקוס 800גר,גרמים,800.00,100 גרם,false,,15.80,0.0198,true,1,51479
7290001591673,false,"קניידלך מקמח תפו""א 500 גרם שלושת האופים",נטו מלינדה סחר בעמ,,קניידלך מקמח תפוח אד,גרמים,500.00,100 גרם,false,,19.90,0.0398,true,1,248663
7290001594032,false,"דיאט קוקה-קולה קלאסי 350 מ""ל",החברה המרכזית לייצור,,קוקה קולה דיאט קלאסי,מיליליטרים,350.00,"100 מ""ל",false,,6.90,0.0197,true,1,6822
7290001594155,false,"קוקה-קולה בבקבוק אישי 500 מ""ל",החברה המרכזית להפצת משקאות בעמ,,קוקה קולה 500מל,מיליליטרים,500.00,"100 מ""ל",false,,7.90,0.0158,true,1,6829
7290001594179,false,"פאנטה אורנג' בבקבוק אישי 500 מ""ל",החברה המרכזית להפצת משקאות בעמ,,פאנטה אורנג' 500 בקב,מיליליטרים,500.00,"100 מ""ל",false,,7.90,0.0158,true,1,6831
7290001594186,false,"דיאט קוקה-קולה בבקבוק אישי 500 מ""ל",החברה המרכזית להפצת משקאות בעמ,,קוקה קולה דיאט 500,מיליליטרים,500.00,"100 מ""ל",false,,7.50,0.0150,true,1,6832
7290001594377,false,פריגת תפוזים 0.5 ליטר חייב בפקדון,החברה המרכזית להפצת משקאות בעמ,,פריגת משקה תפוזים 50,מיליליטרים,500.00,"100 מ""ל",false,,7.50,0.0150,true,1,6839
7290001594810,false,"בירה שחורה מאלטי בקב' מארז 330X6מ""ל",החברה המרכזית להפצת משקאות בעמ,,מאלטי טובורג בקבוק 6,ליטרים,1.98,ליטר,false,,31.30,15.8081,true,1,6850
7290001594858,false,מארז שישייה בירה טובורג רד (330x6 מל),החברה המרכזית להפצת משקאות בעמ,,טובורג רד בקבוק פקדו,ליטרים,1.98,ליטר,false,,43.90,22.1717,true,1,6852
7290001594865,false,"שישייה בירה קרלסברג בקבוק 330 מ""ל",החברה המרכזית להפצת משקאות בעמ,,קרלסברג בירה בקבוק 6,ליטרים,1.98,ליטר,false,,39.90,20.1515,true,1,6853
7290001670057,false,כפיות לבן 100 יח`הנמל,הנמל אריזות ושיווק (1984) בעמ,,.סכום ח.פ.כפיות 100י,יחידה,0.00,יחידה,false,,13.90,0.0000,true,1,7716
7290001670071,false,כפות חד פעמי לבן 100 יח',הנמל אריזות ושיווק (1984) בעמ,,.סכום ח.פ.כפות 100יח,יחידה,0.00,יחידה,false,,13.90,0.0000,true,1,7718
7290001696620,false,מיקס פיצוחים 350 גר',בוטנת בעמ חברה לקלייה ואריזת פ,,מיקס פיצוחים 350 גר',גרמים,350.00,100 גרם,false,,12.90,0.0369,true,1,1464
7290001696729,false,פקאן טבעי פיצוחי חממה (100 גרם),בוטנת בעמ חברה לקלייה ואריזת פ,,פקאן טבעי 100 גרם,גרמים,100.00,100 גרם,false,,16.90,0.1690,true,1,1466
7290001696736,false,פקאן סיני פיצוחי חממה (100 גרם),בוטנת בעמ חברה לקלייה ואריזת פ,,פקאן סיני 100 גרם,גרמים,100.00,100 גרם,false,,17.90,0.1790,true,1,1467
7290001713167,false,סנט מוריץ - מרסס קצף ניקוי 1 ליטר סניטרי אפור,קומפלקס כימיקלסבעמ ~~~,,קצף לניקוי כלים סניט,ליטרים,1.00,ליטר,false,,13.90,13.9000,true,1,20082
7290001780800,false,שלגון קראנץ שוקולד ליבת נוגט נסטלה 100 גרם,נגה גלידות שותפות מוגבלת,,קראנץ' ליבת נוגט,יחידה,0.00,יחידה,false,,10.50,0.0000,true,1,16089
7290001791349,false,אקונומיקה פיסגה ריחנית סנו (4 ליטר),החברה הדרומית לשיווק בעמ,,אקונומיקה ריחנית פסג,ליטרים,4.00,ליטר,false,,11.90,2.9750,true,1,29820
7290001813454,false,"עוגיות חיוכים שוקולד עלית 900 גרם מארז 6 יחידות בד""צ","אפיפית נצרת (1971) בע""\מ",,חיוכים חגיגה שוק 900,גרמים,900.00,100 גרם,false,,19.90,0.0221,true,1,22204
7290001813478,false,"עוגיות חיוכים וניל עלית 900 גרם מארז 6 יחידות בד""צ","אפיפית נצרת (1971) בע""\מ",,חיוכים חגיגה וניל 90,גרמים,900.00,100 גרם,false,,19.90,0.0221,true,1,22205
7290001817728,false,צ'יטוס אפוי כאפה בטעם קטשופ 55 גרם,"שטראוס פריטו ליי בע""\מ )",,ציטוס כאפה 55 גרם,גרמים,55.00,100 גרם,false,,3.50,0.0636,true,1,24148
7290001865439,false,פמילי אל סבון נוזלי בניחוח וניל 1 ליטר,אף.סי תבליני בגליל ב,,סבון נוזלי וניל + מש,יחידה,0.00,יחידה,false,,12.90,0.0000,true,1,5752
7290001917527,false,פרש וואנס פדים להסרת איפור 80 יח' *3,דנשר (1963) בעמ,,פדיות קוסמטיות פרש ו,יחידה,0.00,יחידה,false,,19.90,0.0000,true,1,5757
7290001990117,false,שומשום סוגת 100 גרם,האי נאם סי או אל.טי.,,שומשום 100 גרם,גרמים,100.00,100 גרם,false,,3.90,0.0390,true,1,17308
7290001990148,false,"סוכר גולדן קלאסי בצנצנת 1 ק""ג סוגת",האי נאם סי או אל.טי.,,סוכר גולדן קלאסי בצנ,קילוגרמים,1.00,"ק""ג",false,,12.90,12.9000,true,1,17309
7290001990261,false,"חומוס סוגת 1 ק""ג","סוגת תעשיות בע""\מ",,"סוגת חומוס 1 ק""ג",קילוגרמים,1.00,"ק""ג",false,,15.90,15.9000,true,1,17310
7290001990278,false,"שעועית לבנה 1 ק""ג סוגת","סוגת תעשיות בע""\מ",,סוגת שעועית לבנה 1 ק,קילוגרמים,1.00,"ק""ג",false,,18.90,18.9000,true,1,17311
7290001990391,false,אפונה יבשה 1קג סוגת,"סוגת תעשיות בע""\מ",,"אפונה 1 ק""ג",קילוגרמים,1.00,"ק""ג",false,,12.90,12.9000,true,1,17313
7290001990407,false,"עדשים ירוקות סוגת 1 ק""ג","סוגת תעשיות בע""\מ",,עדשים ירוקים 1 קג,קילוגרמים,1.00,"ק""ג",false,,15.90,15.9000,true,1,17314
7290001990414,false,"עדשים אדומות סוגת 1 ק""ג","סוגת תעשיות בע""\מ",,סוגת עדשים אדומים 1,קילוגרמים,1.00,"ק""ג",false,,15.90,15.9000,true,1,17315
7290001990421,false,"פופקורן גרעינים סוגת 1 ק""ג","סוגת תעשיות בע""\מ",,"סוגת פופקורן 1 ק""ג",קילוגרמים,1.00,"ק""ג",false,,10.90,10.9000,true,1,17316
7290002000143,false,"חדש -פנג'ל ק.ידיים קלאסיק 80מ""ל",מיוצר עי קונדיטוריית,,קרם ידיים קלאסיק פנג,מיליליטרים,100.00,"100 מ""ל",false,,7.90,0.0790,true,1,5760
7290002007357,false,שקיות צליה דליקטס מיקרוגל הנמל 10 יח',הנמל אריזות ושיווק (1984) בעמ,,שקיות לצליה דליקטס מ,יחידה,0.00,יחידה,false,,4.90,0.0000,true,1,7749
7290002007890,false,כוסות חד פעמיות מפלסטיק 100 יח`,הנמל אריזות ושיווק (1984) בעמ,,כוס שתיה קרה 100 יח,יחידה,0.00,יחידה,false,,12.90,0.0000,true,1,7765
7290002007975,false,צלחות פלסטיק קטנות חד פעמיות 50 יח,הנמל אריזות ושיווק (1984) בעמ,,צלחות קטן 50יח,יחידה,0.00,יחידה,false,,13.90,0.0000,true,1,7767
7290002008149,false,מדליק פחם מוצק הנמל אריזת 40יח',הנמל אריזות ושיווק (1984) בעמ,,מדליק פחם מוצק 40 קו,גרמים,300.00,100 גרם,false,,7.90,0.0263,true,1,7777
7290002008187,false,קשים מתקפלים לשתיה הנמל 40 יחידות,הנמל אריזות ושיווק 1984 בע`מ,,קש לשתיה מתקפל 40יח,יחידה,0.00,יחידה,false,,1.90,0.0000,true,1,7781
7290002008224,false,סוכריות לקישוט צבעונית הנמל 100 ג',הנמל אריזות ושיווק 1984 בע`מ,,קישוט לעוגה גליד.,גרמים,60.00,100 גרם,false,,5.90,0.0983,true,1,7782
7290002008507,false,נייר אפיה הנמל 50 יחידות,הנמל אריזות ושיווק (1984) בעמ,,נייר אפיה 50יח,יחידה,0.00,יחידה,false,,10.80,0.0000,true,1,7792
7290002008743,false,סוכר וניל עשירייה הנמל 100 גרם,הנמל אריזות ושיווק 1984 בע`מ,,סוכר וניל 10*10 גרם,גרמים,100.00,100 גרם,false,,2.90,0.0290,true,1,7797
7290002008989,false,קישקשים קשים לשתיה 225יח הנמל,הנמל אריזות ושיווק (1984) בעמ,,קישקשים 225 יח,יחידה,0.00,יחידה,false,,9.90,0.0000,true,1,7807
7290002029991,false,נקניקיות עוף 400 גרם שארית,,,נקניקיות הודו 400 גר,גרמים,400.00,100 גרם,false,,11.90,0.0298,true,1,47007
7290002043102,false,אקסטרה פריכיות אורז חום מלא 7 זרעי על 200 גרם,א.ל.ייצור ושיווק תבלינים בעמ,,פריכיות 7 זרעי על אר,גרמים,200.00,100 גרם,false,,16.50,0.0825,true,1,95686
7290002043188,false,אקסטרה צ'יפס אורז חום מלא צ'ילי חריף 60 גרם,א.ל ייצור ושיווק תבלינים בעמ,,אקסטרא צ'יפס אורז חו,גרמים,60.00,100 גרם,false,,8.50,0.1417,true,1,131708
7290002043348,false,ציפס אורז חום מלא צי'ה וקינואה אקסטרא 60 ג',א.ל.ייצור ושיווק תבלינים בעמ,,צ'יפס צ'יה וקינואה א,גרמים,60.00,100 גרם,false,,8.50,0.1417,true,1,110824
7290002043812,false,פריכוני אורז חום מלא,נוהלס,,פריכיות צ'יה וקינואה,גרמים,24.00,100 גרם,false,,4.90,0.2042,true,1,95615
7290002053095,false,אטריות ביצים דקות מספר 10 אוריינט 200 גרם,גורי מוצרי צריכה (1991) בעמ,,אטריות ביצים מס' 10,גרמים,200.00,100 גרם,false,,7.90,0.0395,true,1,3434
7290002053538,false,נודלס בסגנון תאילנדי 25 תוספת אוריינטל 500 גרם,גורי מוצרי צריכה (1991) בעמ,,נודלס אוריינט 400 גר,גרמים,500.00,100 גרם,false,,13.90,0.0278,true,1,3439
7290002057017,false,זיתים ירוקים נובו קבוצת יבנה (540 גרם),קבוצת יבנה מוצרי מזון אגודה שי,,זיתים נובו ענק קבוצת,גרמים,560.00,100 גרם,false,,8.90,0.0159,true,1,44685
7290002057093,false,זיתים מנזנילו גדול קבוצת יבנה 340 גרם,"קבוצת יבנה מוצרי מזון בע""מ",,זית מנזלינו גדול מנז,גרמים,540.00,100 גרם,false,,8.90,0.0165,true,1,44691
7290002057123,false,זיתים ירוקים מנזנילו קבוצת יבנה 560 גרם,קבוצת יבנה מוצרי מזון אגודה שי,,זיתים חרוזית ירוק קב,גרמים,275.00,100 גרם,false,,9.90,0.0360,true,1,44694
7290002057147,false,זית מושחר גדול 560 ג' יבנה,קבוצת יבנה מוצרי מזון בעמ,,זית מושחר גדול קבוצת,גרמים,540.00,100 גרם,false,,8.90,0.0165,true,1,44696
7290002057185,false,טבעות זיתים ירוקים קבוצת יבנה 560 גרם,קבוצת יבנה מוצרי מזון אגודה שי,,טבעות זיתים ירוקים ק,גרמים,540.00,100 גרם,false,,9.50,0.0176,true,1,44700
7290002057352,false,מלפפונים במלח ‏9‏-‏7‏ קבוצת יבנה 320 גרם,"קבוצת יבנה מוצרי מזון בע""מ",,מלפפונים במלח 7-9 ק,גרמים,560.00,100 גרם,false,,6.90,0.0123,true,1,44708
7290002057369,false,מלפפונים במלח ‏12‏-‏10‏ קבוצת יבנה 320 גרם,"קבוצת יבנה מוצרי מזון בע""מ",,מלפפון במלח 10-12 קב,גרמים,560.00,100 גרם,false,,7.90,0.0141,true,1,44709
7290002057468,false,מלפפון יבנה בחומץ בינוניים 10-12 290 גרם,"קבוצת יבנה מוצרי מזון בע""מ",,מלפפון בחומץ 10-12 ק,גרמים,560.00,100 גרם,false,,7.90,0.0141,true,1,44715
7290002057475,false,מלפפונים בחומץ ‏17‏-‏13 קבוצת יבנה 290 גרם,קבוצת יבנה מוצרי מזון אגודה שי,,מלפפון בחומץ 13-17 ק,גרמים,560.00,100 גרם,false,,9.90,0.0177,true,1,28064
7290002057482,false,מלפפונים קטנים בחומץ קבוצת יבנה 560 גרם,קבוצת יבנה מוצרי מזון אגודה שי,,מלפפון בחומץ 18-25 ק,גרמים,560.00,100 גרם,false,,11.90,0.0213,true,1,28065
7290002057628,false,זיתים מושחרים טבעות קבוצת יבנה (540 גרם),קבוצת יבנה מוצרי מזון אגודה שי,,זיתים טבעות מושחר קב,גרמים,275.00,100 גרם,false,,8.90,0.0324,true,1,44718
7290002065555,false,שישיית לחמנייה הכי רכה בהפסקה אנג'ל 450 גרם,מאפיית שלמה א. אנג'\ל בע,,6 לחמניות רכות אנגל,גרמים,450.00,100 גרם,false,,11.90,0.0264,true,1,35414
7290002065616,false,לחם שיפון גרעינים פרוס אחדות (750 גרם),מאפיית שלמה א. אנג'\ל בע,,שיפון גרעינים אנגל 7,גרמים,750.00,100 גרם,false,,13.90,0.0185,true,1,35415
7290002105503,false,בורגר מזרחי קפוא גלאט 500ג' מחפוד,עוף ירושלים שיווק בעמ,,המבורגר טחון 500 גר,גרמים,500.00,100 גרם,false,,19.90,0.0398,true,1,47009
7290002105510,false,קבב מזרחי מתובל וקפוא גלאט הדר בשר 500ג',עוף ירושלים שיווק בעמ,,קבב מזרחי 500-מחפוד,גרמים,500.00,100 גרם,false,,20.90,0.0418,true,1,47010
7290002105527,false,גולש עגל 800 גר' מחפוד קפוא,עוף ירושלים שיווק בעמ,,גולש בקר 800 גרם מחפ,גרמים,800.00,100 גרם,false,,49.90,0.0624,true,1,47011
7290002105541,false,סטייק אנטריקוט מעובד קפוא ה.הבשר 800ג',עוף ירושלים שיווק בעמ,,סטייק אנטריקוט 800 ג,גרמים,800.00,100 גרם,false,,49.90,0.0624,true,1,47013
7290002105565,false,טחון הודו 500 גרם מחפוד מהדרין,עוף ירושלים שיווק בעמ,,טחון הודו 500 גרם מח,גרמים,500.00,100 גרם,false,,13.90,0.0278,true,1,47015
7290002105671,false,טחון עוף 500 גר' קפוא מחפוד,עוף ירושלים שיווק בעמ,,טחון עוף 500 גר מחפו,גרמים,500.00,100 גרם,false,,13.90,0.0278,true,1,47016
7290002105749,false,"טחון בקר 100% קפוא 1 ק""ג גאלט מחפוד",עוף ירושלים שיווק בעמ,,טחון בקר 100% בשר 1,קילוגרמים,1.00,"ק""ג",false,,49.90,49.9000,true,1,47019
7290002105756,false,טחון בקר בתוספת חלבון מן הצומח מחפוד,עוף ירושלים שיווק בעמ,,"טחון בקר 1 ק""ג מחפוד",קילוגרמים,1.00,"ק""ג",false,,39.90,39.9000,true,1,47020
7290002107071,false,גבינת פטה עיזים מעודנת 16% משק צוריאל 200 גרם,החברה המרכזית טלהפצת משקאות בע,,צוריאל פטה עיזים מעו,גרמים,200.00,100 גרם,false,,22.90,0.1145,true,1,6367
7290002107385,false,גליל גבינת עיזים מה עז משק צוריאל 180 גרם,החברה המרכזית טלהפצת משקאות בע,,צוריאל גליל גבינת עי,גרמים,180.00,100 גרם,false,,20.90,0.1161,true,1,6368
7290002107491,false,גבינה לבנה מחלב עיזים למריחה 5% משק צוריאל 250 גרם,*החברה המרכזית להפצת משקאותבעמ,,צוריאל גבינת עזים למ,גרמים,250.00,100 גרם,false,,14.90,0.0596,true,1,6369
7290002107798,false,גבינה בולגרית מעודנת 5% משק צוריאל 250 גרם,*החברה המרכזית להפצת משקאותבעמ,,צוריאל בולגרית מעודנ,גרמים,250.00,100 גרם,false,,19.90,0.0796,true,1,6370
7290002111085,false,"רוטב עגבניות 22% ""פרי מבורך"" 100 גרם","זנלכל בע""\מ",,רוטב עגבניות 22% פרי,גרמים,100.00,100 גרם,false,,2.20,0.0220,true,1,8685
7290002111214,false,גרעיני תירס לייט A2 פרי מבורך 550 גר',"זנלכל בע""\מ",,A2 גרעיני תירס לייט,גרמים,550.00,100 גרם,false,,8.90,0.0162,true,1,8688
7290002111313,false,עגבניות קוביות A2.5 פרי מבורך 800ג' בדצ,פרי מבורך,,עגבניות קוביות פרי מ,גרמים,800.00,100 גרם,false,,9.90,0.0124,true,1,8689
7290002111474,false,אפונה גדולה A2 פרי מבורך 600ג',"זנלכל בע""\מ",,אפונת גדולה פרי מבור,גרמים,335.00,100 גרם,false,,7.90,0.0236,true,1,8691
7290002111634,false,חומוס שלם פרי מבורך 290 גרם,"זנלכל בע""\מ",,חומוס שלם פרי מבורך,גרמים,550.00,100 גרם,false,,8.90,0.0162,true,1,8694
7290002111696,false,עגבניות מרוסקות פרי מבורך 800 גרם,פרי מבורך,,עגבניות מרוסקות פרי,גרמים,800.00,100 גרם,false,,9.90,0.0124,true,1,8697
7290002111764,false,שעועית לבנה ברוטב עגבניות פרי מבורך 580,"זנלכל בע""\מ",,שעועית לבנה ברוטב עג,גרמים,580.00,100 גרם,false,,8.90,0.0153,true,1,8698
7290002111825,false,גרעיני תירס מתוק 550 גרם פרי מבורך,"זנלכל בע""\מ",,גרעיני תירס מתוק פרי,גרמים,335.00,100 גרם,false,,7.90,0.0236,true,1,8700
7290002130567,false,דבש דבורים טהור פרחי בר יד מרדכי 350 גרם,מכוורת יד מרדכי שטראוס ב,,דבש טהור מפרחי בר בצ,גרמים,350.00,100 גרם,false,,20.90,0.0597,true,1,22215
7290002157953,false,מארז נתחי טונה בהירה בשמן קנולה - 4 יחידות,נטו מלינדה סחר בע`מ,,טונה בשמן קנולה וילי,גרמים,560.00,100 גרם,false,,19.90,0.0355,true,1,16828
7290002232964,false,ציפוי לשניצל פז טחון דק 500 גרם דגש,נטורפוד בעמ,,דגש ציפוי פז טחון דק,גרמים,500.00,100 גרם,false,,27.90,0.0558,true,1,105153
7290002253006,false,שום טרי כתוש צנצנת דורות 200 גרם,קבוצת אוסם סחר-שות.מוגבלת,,דורות שום כתוש טרי 2,גרמים,200.00,100 גרם,false,,12.90,0.0645,true,1,19725
7290002253105,false,שום במגשית 20 שיניים כתושות קפוא 80,קבוצת אוסם סחר-שות.מוגבלת,,דורות מגשית קוביות ש,גרמים,80.00,100 גרם,false,,9.90,0.1238,true,1,19728
7290002253150,false,קוביות בזיליקום קצוץ דורות 70 גרם,קבוצת אוסם סחר שותפות מוגבלת,,בזיליקום טרי קצוץ 70,גרמים,70.00,100 גרם,false,,10.50,0.1500,true,1,19729
7290002253167,false,פטרוזיליה טרייה קצוצה מוקפאת 70 גרם,קבוצת אוסם סחר שותפות מוגבלת,,פטרוזליה טרייה קצוצה,גרמים,70.00,100 גרם,false,,10.50,0.1500,true,1,19730
7290002253181,false,כוסברה טרייה קצוצה 20 קוביות 70 גרם קפוא,קבוצת אוסם סחר שותפות מוגבלת,,כוסברה טריה קצוצה 70,גרמים,70.00,100 גרם,false,,9.50,0.1357,true,1,19732
7290002253198,false,ג'ינג'ר טרי כתוש במגשית 70 ג' דורות,קבוצת אוסם סחר-שות.מוגבלת,,דורות ג'ינג'ר טרי כת,גרמים,70.00,100 גרם,false,,9.50,0.1357,true,1,19733
7290002255048,false,קובה למרק במילוי בשר,חטיפי אלקיים בעמ,,קובה למרק במילוי בשר,גרמים,800.00,100 גרם,false,,22.90,0.0286,true,1,51483
7290002255055,false,פלאפל חטיפי אלקיאם 7,חטיפי אלקיים בעמ ~~~,,פלאפל חטיפי אלקיים 7,גרמים,700.00,100 גרם,false,,13.90,0.0199,true,1,51484
7290002255086,false,קובה ביתי במילוי בשר,חטיפי אלקיים בעמ,,קובה ביתי במילוי בשר,גרמים,700.00,100 גרם,false,,22.90,0.0327,true,1,51485
7290002255116,false,קרפלך במילוי בשר חטי,חטיפי אלקיים בעמ,,קרפלך במילוי בשר חטי,גרמים,800.00,100 גרם,false,,22.90,0.0286,true,1,51486
7290002255130,false,"סיגרים במילוי תפו""א",,,"סיגרים במילוי תפו""א",גרמים,800.00,100 גרם,false,,22.90,0.0286,true,1,51487
7290002255215,false,"עלים לסיגרים מרובע בד""צ",חטיפי אלקיים בעמ ~~~,,עלים לסיגר 500ג,גרמים,500.00,100 גרם,false,,9.90,0.0198,true,1,51490
7290002255284,false,"קובה חמוסטה בד""צ חטי",חטיפי אלקיים בעמ,,"קובה חמוסטה בד""צ חטי",גרמים,800.00,100 גרם,false,,22.90,0.0286,true,1,51492
7290002259664,false,רדיד אלומיניום דיימונד גדול 60X0.60מ',ריינולדס מוצרי צריכה,,רדיד אלומניום 30*60.,מטרים,60.90,מטר,false,,54.90,0.9015,true,1,3804
7290002281474,false,חמישיית פיצות שלושת האופים,נטו מילנדה סחר בעמ*,,מארז פיצה 5 יח',יחידה,0.00,יחידה,false,,50.90,0.0000,true,1,16842
7290002317005,false,זיתים טבעות מושחר 560ג A2 מטולה,שימורי מוטולה בעמ,,טבעות זיתים מושחרים,גרמים,560.00,100 גרם,false,,10.90,0.0195,true,1,24394
7290002317081,false,זיתים נטולי גלעין +20% 670ג A2 מטולה,שימורי מוטולה בעמ,,זיתים נטולי גלעין 20,גרמים,670.00,100 גרם,false,,10.90,0.0163,true,1,24396
7290002317128,false,מלפפון 560ג במלח 10-12 A2 מטולה,שימורי מוטולה בעמ,,מלפפון במלח 10-12 מו,גרמים,560.00,100 גרם,false,,10.90,0.0195,true,1,24397
7290002317135,false,מלפפון 560ג במלח 13-17 A2 מטולה,שימורי מוטולה בעמ,,מלפפון במלח 13-17 מו,גרמים,560.00,100 גרם,false,,10.90,0.0195,true,1,24398
7290002317173,false,מלפפון בחומץ 13-17 560ג A2 מטולה,שימורי מוטולה בעמ,,מלפפון בחומץ 13-17 מ,גרמים,560.00,100 גרם,false,,10.90,0.0195,true,1,24401
7290002317265,false,מלפפון 650ג במלח +20% 7-9 A2 מטולה,שימורי מוטולה בעמ,,מלפפון במלח 20% 7-9,גרמים,670.00,100 גרם,false,,9.90,0.0148,true,1,24407
7290002317319,false,מלפפון 650ג בחומץ +20% 7-9 A2 מטולה,שימורי מוטולה בעמ,,מלפפון בחומץ 7-9 20%,גרמים,670.00,100 גרם,false,,9.90,0.0148,true,1,24411
7290002317326,false,זיתים מנזולינו 12-15 +20% 670ג A2 מטולה,שימורי מוטולה בעמ,,זיתים מנזלינו 20% 12,גרמים,670.00,100 גרם,false,,9.90,0.0148,true,1,24412
7290002317371,false,זיתים מושחר נטול גלעין 560ג A2 מטולה,שימורי מוטולה בעמ,,זיתים מושחרים נטולי,גרמים,560.00,100 גרם,false,,10.90,0.0195,true,1,24415
7290002317579,false,זיתים טבעות ירוק 560ג A2 מטולה,שימורי מוטולה בעמ,,טבעות זיתים ירוקים מ,גרמים,560.00,100 גרם,false,,10.90,0.0195,true,1,24425
7290002317609,false,כרוב כבוש 560ג A2 מטולה,שימורי מוטולה בעמ,,כרוב כבוש מוטולה 560,גרמים,560.00,100 גרם,false,,6.90,0.0123,true,1,24426
7290002317616,false,זיתים מרינט 17-19 560ג A2 מטולה,שימורי מוטולה בעמ,,זיתים חתוכים מרינט 1,גרמים,560.00,100 גרם,false,,10.90,0.0195,true,1,24427
7290002317678,false,חרוזית ירוק צנצנת זכוכית מוטולה,שימורי מוטולה בעמ,,זיתים נטולי גלעין צנ,גרמים,560.00,100 גרם,false,,10.90,0.0195,true,1,24430
7290002317753,false,זית טבעות ירוק בצנצנת זכוכית מוטולה,אבאל יזמות בעמ,,טבעות זיתים ירוקים ב,גרמים,560.00,100 גרם,false,,10.90,0.0195,true,1,24432
7290002319016,false,אבקת אפיה עשיריות מיה 100 גרם,מיה תעשיות מזון מ.ת.מ. בעמ,,אבקת אפיה 10 יח' מיה,גרמים,100.00,100 גרם,false,,2.90,0.0290,true,1,14880
7290002319023,false,סוכר וניל עשיריות מיה 100 גרם,מיה תבליני החיים ירושלים בע`מ,,1/10 סוכר וניל,גרמים,100.00,100 גרם,false,,2.50,0.0250,true,1,14881
7290002319061,false,קוקוס טחון מיה (100 גרם),מיה תעשיות מזון מ.ת.מ. בעמ,,.קוקוס טחון 100 גר.,גרמים,100.00,100 גרם,false,,3.90,0.0390,true,1,14885
7290002319078,false,שומשום 100 גרם מיה,מיה תעשיות מזון מ.ת.מ. בעמ,,שומשום 100ג,גרמים,100.00,100 גרם,false,,4.90,0.0490,true,1,14886
7290002319139,false,שעועית לבנה יבשה מיה 500 ג',מיה תעשיות מזון מ.ת.מ. בעמ,,שעועית מיה 500 גרם,גרמים,500.00,100 גרם,false,,9.90,0.0198,true,1,14891
7290002319146,false,שעועית אדומה מיה (500 גרם),מיה תעשיות מזון מ.ת.מ. בעמ,,שעועית אדומה מיה 500,גרמים,500.00,100 גרם,false,,10.90,0.0218,true,1,14892
7290002319160,false,אפונה ירוקה יבשה מיה 500 ג',מיה תעשיות מזון מ.ת.מ. בעמ,,אפונה יבשה מיה 500 ג,גרמים,500.00,100 גרם,false,,4.90,0.0098,true,1,14893
7290002319184,false,עדשים אדומים יבשים מיה 500 גר',מיה תעשיות מזון מ.ת.מ. בעמ,,עדשים אדומים מיה 500,גרמים,500.00,100 גרם,false,,8.90,0.0178,true,1,14895
7290002319191,false,עדשים ירוקים יבשים מיה 500 גר',מיה תעשיות מזון מ.ת.מ. בעמ,,עדשים ירוקים מיה 500,גרמים,500.00,100 גרם,false,,6.90,0.0138,true,1,14896
7290002319344,false,שקדים טבעיים מיה 100,מיה תעשיות מזון מ.ת.מ. בעמ,,שקד טבעי מיה 100 גרם,גרמים,100.00,100 גרם,false,,12.80,0.1280,true,1,14903
7290002319405,false,תבלין קינמון בקופסא 80 גר' מיה,מיה תעשיות מזון מ.ת.מ בעמ,,.קינמון 80 גר. בדצ,גרמים,80.00,100 גרם,false,,6.00,0.0750,true,1,14905
7290002319412,false,פפריקה חריפה בצנצנת מיה 80 גרם,מיה תעשיות מזון מ.ת.מ בעמ,,פפריקה חריפה 80גרם צ,גרמים,80.00,100 גרם,false,,6.00,0.0750,true,1,14906
7290002319429,false,פפריקה מתוקה בצנצנת מיה 80 גרם,מיה תעשיות מזון מ.ת.מ בעמ,,.פפריקה מתוקה 80 גר.,גרמים,80.00,100 גרם,false,,6.00,0.0750,true,1,14907
7290002319450,false,תבלין כרכום צנצנת 80 גר' מיה,מיה תעשיות מזון מ.ת.מ בעמ,,.כרכום 80גר,גרמים,80.00,100 גרם,false,,6.00,0.0750,true,1,14910
7290002319474,false,תבלין אבקת שום מיכל 80 ג' מיה,מיה תעשיות מזון מ.ת.מ בעמ,,מיה אבקת שום 80ג,גרמים,80.00,100 גרם,false,,7.90,0.0988,true,1,14912
7290002319580,false,מלח לימון בצנצנת מיה 150 גרם,מיה תעשיות מזון מ.ת.מ בעמ,,מיה מלח לימון 150ג,גרמים,150.00,100 גרם,false,,6.00,0.0400,true,1,14914
7290002319610,false,שקדים טחונים מיה 100 גרם,מיה תעשיות מזון מ.ת.מ. בעמ,,שקדים טחונים 100 גרם,גרמים,100.00,100 גרם,false,,12.80,0.1280,true,1,14917
7290002319627,false,תבלין ציפורן טחון בשקית 50 גר' מיה,מיה תעשיות מזון מ.ת.מ בעמ,,מיה ציפורן טחון 50ג,גרמים,50.00,100 גרם,false,,6.90,0.1380,true,1,14918
7290002319771,false,תמצית אפיה בטעם וניל מיה (50 מל),מיה תעשיות מזון מ.ת.מ. בעמ,,תמצית אפיה וניל,מיליליטרים,50.00,"100 מ""ל",false,,3.50,0.0700,true,1,14928
7290002327042,false,"בורקס תפו""א 800 גר' שלושת האופים קהילות",נטו מלינדה סחר בע`מ,,"בורקס תפו""א 800 ג",גרמים,800.00,100 גרם,false,,19.90,0.0249,true,1,16846
7290002327059,false,"בצק עלים 1 ק""ג שלושת האופים קהילות",נטו מלינדה סחר בע`מ,,בצק עלים 1 ק`ג,קילוגרמים,1.00,"ק""ג",false,,19.90,19.9000,true,1,16847
7290002327073,false,בורקס גבינה 800 גר' שלושת האופים קהילות,נטו מלינדה סחר בע`מ,,בורקס גבינה 800 גרם,גרמים,800.00,100 גרם,false,,19.90,0.0249,true,1,16849
7290002331025,false,"מים מינרלים נביעות ספורט 500 מ""ל פקדון",החברה המרכזית להפצת משקאות בעמ,,נביעות 1/2 ליטר ספור,מיליליטרים,500.00,"100 מ""ל",false,,4.50,0.0090,true,1,6865
7290002331094,false,"מים מינרליים GO TO נביעות 755 מ""ל",החברה המרכזית להפצת משקאות בעמ,,755מל מים מינרלים TO,מיליליטרים,755.00,"100 מ""ל",false,,4.90,0.0065,true,1,6866
7290002331162,false,נביעות מים מינרלים 1.5ל',החברה המרכזית להפצת משקאות בעמ,,נביעות 1.5 ליטר,ליטרים,1.50,ליטר,false,,3.90,2.6000,true,1,6872
7290002331483,false,נביעות מים מינרלים שישיה בייבי 330 מ`ל,החברה המרכזית להפצת משקאות בעמ,,נביעות בייבי 320*6 מ,ליטרים,1.92,ליטר,false,,13.90,7.2396,true,1,6879
7290002344056,false,מטליות מיקרופייבר 10 יח JUCKY,,,מטליות מיקרופייבר מ,יחידה,0.00,יחידה,false,,12.90,0.0000,true,1,275431
7290002348061,false,פטריות שמפיניון חתוכות ויליגר 400 גרם,נטו מילנדה סחר בעמ*,,פטריות חתוכות שמפניו,גרמים,400.00,100 גרם,false,,4.50,0.0113,true,1,16859
7290002360278,false,חליטת צמחים פומפדור מנטה 20 יחידות,"איטיליאן פוד, אס.פי.",,פומפדור חליטת מנטה 2,גרמים,45.00,100 גרם,false,,16.90,0.3756,true,1,21422
7290002360285,false,חליטת צמחים פומפדור קמומיל 20 יחידות,ש. שסטוביץ בע`מ,,פומפדור חליטת קמומיל,גרמים,30.00,100 גרם,false,,16.90,0.5633,true,1,21423
7290002374268,false,שמן חמניות מזוכך ללא כולסטרול 1 ליטר,סוגת תעשיות בעמ,,שמן חמניות מילומור 1,ליטרים,1.00,ליטר,false,,9.90,9.9000,true,1,29336
7290002374312,false,שמן קנולה מזוכך 6% מילומור (1 ליטר),"נארז ע""י : א.ג. גילר",,שמן קנולה מילומור 1,ליטרים,1.00,ליטר,false,,11.90,11.9000,true,1,29337
7290002402855,false,נקניקיות קוקטייל 400 גר' מחפוד,עוף ירושלים מהדרין,,נקניקיות קוקטייל 400,גרמים,400.00,100 גרם,false,,10.90,0.0273,true,1,47033
7290002404590,false,"יין מרלו הראשית 750 מ""ל היוצר",יקבי ארזה,,יין היוצר בראשית רזר,מיליליטרים,750.00,"100 מ""ל",false,,37.90,0.0505,true,1,11865
7290002407348,false,שמן זית ג`השאן כתית מעולה 750 מל`,משק משפחת ג'השאן,,שמן זית כתית מעולה ג,מיליליטרים,750.00,"100 מ""ל",false,,30.90,0.0412,true,1,5029
7290002407454,false,שמן זית סורי כתית מעולה 750 מל,אבאל יזמות בעמ,,שמן זית כתית מעולה ס,מיליליטרים,750.00,"100 מ""ל",false,,39.90,0.0532,true,1,5030
7290002512004,false,מלווח צנעני 900 גרם קפוא,צנעני מוצרי בצק בעמ,,צנעני מלווח 900 גרם,גרמים,900.00,100 גרם,false,,19.90,0.0221,true,1,51501
7290002512035,false,בצק עלים צנעני (1 קג),צנעני מוצרי בצק בעמ,,בצק עלים 1קג צנעני,קילוגרמים,1.00,"ק""ג",false,,17.90,17.9000,true,1,51503
7290002512257,false,מלווח מפחת שומן 700 גרם צנעני,צנעני מוצרי בצק בעמ,,מלווח מופחת שומן 700,גרמים,700.00,100 גרם,false,,17.90,0.0256,true,1,51504
7290002512264,false,ג'חנון מופחת שומן 700 גרם צנעני,צנעני מוצרי בצק בעמ,,ג'חנון מופחת שומן 70,גרמים,700.00,100 גרם,false,,17.90,0.0256,true,1,51505
7290002542780,false,"שישייה בירה סטלה ארטואה בקבוק 330X6 מ""ל","אינבב, ברוורייפליין",,סטלה ארטואה בקבוק 6*,ליטרים,1.98,ליטר,false,,35.90,18.1313,true,1,151110
7290002542797,false,"בירה לף בלונד בקבוק 330 מ""ל","אינבב, ברוורייפליין",,בירה לף בלונד - בק',מיליליטרים,330.00,"100 מ""ל",false,,9.90,0.0300,true,1,170784
7290002542865,false,"שישייה בירה הוגרדן בקבוק 330X6 מ""ל","אינבב, ברוורייפליין",,בירה הוגרדן -שישיה *,ליטרים,1.98,ליטר,false,,49.90,25.2020,true,1,170788
7290002552406,false,טילון שוקו קרמל ריאו 60ג',ריאו,,טילון שוקו 70 גרם רי,גרמים,70.00,100 גרם,false,,3.90,0.0557,true,1,20528
7290002608516,false,לחם מחמצת מקמח מלא (,פילסברי,,לחם מחמצת מקמח מלא,גרמים,530.00,100 גרם,false,,17.90,0.0338,true,1,53816
7290002627210,false,גפילטע פיש קציצות מדגי קרפיון וכסיף בצנצנת 560 גרם,האי נאם סי או אל.טי.,,גפילטע פיש בצנצנת דל,גרמים,560.00,100 גרם,false,,12.90,0.0230,true,1,16901
7290002692393,false,שמן קנולה מזוכך מועשר עץ הזית (1 ליטר),סוגת תעשיות בעמ,,שמן קנולה מועשר עץ ה,ליטרים,1.00,ליטר,false,,16.90,16.9000,true,1,29341
7290002692478,false,"שמן זית כתית מעולה קלאסי מעודן 750 מ""ל עץ הזית","מרקאולאו, ספרד.אבסה,",,שמן זית כתית מעולה מ,מיליליטרים,750.00,"100 מ""ל",false,,35.90,0.0479,true,1,29343
7290002692768,false,"תרסיס שמן קנולה מזוכך ללא תוספת גז עץ הזית 200 מ""ל",טרנסומס פוד איי בי,,תרסיס שמן קנולה עץ ה,מיליליטרים,200.00,"100 מ""ל",false,,17.90,0.0895,true,1,29346
7290002692775,false,"תרסיס שמן קנולה בטעם חמאה עץ הזית 200 מ""ל",סוגת תעשיות בעמ,,תרסיס שמן קנולה בטעם,מיליליטרים,200.00,"100 מ""ל",false,,17.90,0.0895,true,1,29347
7290002692782,false,"תרסיס שמן זית כתית מעולה ללא תוספת גז עץ הזית 150 מ""ל",י.ב טכנולוגיות אריזה,,תרסיס שמן זית עץ הזי,מיליליטרים,200.00,"100 מ""ל",false,,17.90,0.0895,true,1,29348
7290002703068,false,צנצנת דבש עין חרוד 1,קונסיגנציה-דין שיווק וקליה 202,,צנצנת דבש עין חרוד 1,קילוגרמים,1.00,"ק""ג",false,,40.90,40.9000,true,1,47364
7290002703358,false,צנצנת דבש זכוכית 350 גרם,עין חרוד,,צנצנת דבש עין חרוד 3,גרמים,350.00,100 גרם,false,,17.90,0.0511,true,1,47370
7290002703402,false,דבש לחיץ עין חרוד 400 גרם,,,דבש עין חרוד 400 גרם,גרמים,400.00,100 גרם,false,,19.90,0.0497,true,1,47371
7290002730262,false,נוזל לניקוי כלים קלאסי פלמוליב (750 מל),יבואן ומשווק: ש. שסט,,פלמוליב לכלים קלאסי,מיליליטרים,750.00,"100 מ""ל",false,,11.90,0.0159,true,1,21427
7290002730958,false,סבון מוצק בניחוח זיתים ואלוורה פלמוליב 4*100 גרם,הנסיך- מפעל לייצור ט,,סבון מוצק ירוק זית פ,גרמים,400.00,100 גרם,false,,16.90,0.0422,true,1,21439
7290002735014,false,מלווח ארוז יינון 800 גר`,קפוא-זן תעשיות מזון בעמ - תפוג,,ינון מלווח ארוז 800,גרמים,800.00,100 גרם,false,,13.90,0.0174,true,1,20412
7290002735021,false,ג`חנון ארוז 750 גר`יינון,קפוא-זן תעשיות מזון בעמ - תפוג,,ינון גחנון ארוז 750,גרמים,750.00,100 גרם,false,,13.90,0.0185,true,1,20413
7290002735113,false,בורקס גבינה ינון 800 גר`,קפוא-זן תעשיות מזון בעמ - תפוג,,בורקס גבינה ינון 800,גרמים,800.00,100 גרם,false,,16.90,0.0211,true,1,20414
7290002735120,false,"בורקס תפו""א ינון 800 גרם",קפוא-זן תעשיות מזון בעמ - תפוג,,"בורקס תפו""א ינון 800",גרמים,800.00,100 גרם,false,,13.90,0.0174,true,1,20415
7290002735274,false,ג'חנון אפוי ינון 600 גרם,קפוא-זן תעשיות מזון בעמ - תפוג,,ינון גחנון אפוי 600,גרמים,600.00,100 גרם,false,,15.90,0.0265,true,1,20418
7290002750147,false,לחמניית קוראסול דגני,פילסברי,,בייגל רול דגנים,יח',1.00,יח',false,,4.70,4.7000,true,1,2662
7290002752332,false,"סוכריות מנטוס פירות בגליל, 37.5 גרם",הדקלאים אגודת שיתופי,,מנטוס .סוכריות פירות,גרמים,37.50,100 גרם,false,,2.90,0.0773,true,1,12740
7290002757139,false,מלוואח 700 גר' שלושת האופים קהילות,נטו מלינדה סחר בע`מ,,שלושת האופים מלוואח,גרמים,700.00,100 גרם,false,,12.90,0.0184,true,1,16922
7290002757511,false,דלידג קציצות דג לבישול 750 גר קהילות,נטו מלינדה סחר בע`מ,,דלידג קציצות דג לביש,גרמים,750.00,100 גרם,false,,32.90,0.0439,true,1,16925
7290002757528,false,"בורקס פילו תפו""א 700 גרם שלושת האופים",נטו מלינדה סחר בע`מ,,"בורקס פילו תפו""א 700",גרמים,700.00,100 גרם,false,,19.90,0.0284,true,1,16926
7290002787198,false,160*3 ויליגר טונה בשמן קנולה,נטו מילנדה סחר בעמ*,,טונה בשמן קנולה וילי,גרמים,140.00,100 גרם,false,,6.90,0.0493,true,1,206876
7290002793311,false,שירות והחלפה מילוי גז 60 סודהסטרים,א.א צ יקו שיווק והפצה,,מילוי למכשיר 50,יחידה,0.00,יחידה,false,,60.00,0.0000,true,1,17522
7290002805151,false,סיף פנטסטיק לרצפות בניחוח סחלבים 4ל',"יוניליוור ישראל שיווק בע""מ",,סיף פנטסטיק לרצפות ב,ליטרים,4.00,ליטר,false,,24.90,6.2250,true,1,10317
7290002807773,false,"טחון עוף טהור 500 כשל""פ שארית",,,טחון עוף טהור 500 גר,גרמים,500.00,100 גרם,false,,19.90,0.0398,true,1,47038
7290002807780,false,"טחון הודו טהור 500 כשל""פ שארית",,,טחון הודו טהור 500 ג,גרמים,500.00,100 גרם,false,,21.90,0.0438,true,1,47039
7290002824183,false,"גבינה לבנה סקי 500 גרם 5% ""שטראוס"" -מוצר בפיקוח",שטראוס גרופ בעמ/מצונן,,גבינה לבנה 5% סקי 50,גרמים,500.00,100 גרם,false,,9.50,0.0190,true,1,23256
7290002824466,false,יוגורט דנונה ביו לבן 0% שומן 200 גרם,שטראוס גרופ בעמ/מצונן,,דנונה יוגורט ביו 0%,מיליליטרים,200.00,"100 מ""ל",false,,3.70,0.0185,true,1,23257
7290002824640,false,"גבינת סקי 250 גרם 5% ""שטראוס"" -מוצר בפיקוח",שטראוס גרופ בעמ/מצונן,,גבינה 5% סקי 250 גרם,גרמים,250.00,100 גרם,false,,4.98,0.0199,true,1,23258
7290002825722,false,כרוב אדום במיונז אחלה (500 גרם),שטראוס גרופ בעמ/מצונן,,אחלה כרוב אדום 500ג,גרמים,500.00,100 גרם,false,,14.90,0.0298,true,1,23260
7290002827306,false,נקניקיות עוף ירושלים מחפוד 400 ג',עוף ירושלים שיווק בעמ,,עוף ירושלים נקניקיות,גרמים,400.00,100 גרם,false,,10.90,0.0273,true,1,47043
7290002827337,false,נקניקיות עוף פיקנטי חריף 400 מחפוד,עוף ירושלים שיווק בעמ,,עוף ירושלים נקניקיות,גרמים,400.00,100 גרם,false,,10.90,0.0273,true,1,47046
7290002842002,false,פתיתי שיבולת שועל קוואקר אנגלי מורנפלייק,ליימן שליסל בעמ,,מורנפלייק פתיתי שיבו,גרמים,500.00,100 גרם,false,,11.90,0.0238,true,1,41957
7290002868996,false,"קוטג' 5% שומן, רכיבים טבעיים, 250 גרם",*החברה המרכזית להפצת משקאותבעמ,,טרה קוטג מועשר 5% 25,גרמים,250.00,100 גרם,false,,5.50,0.0220,true,1,6375
7290002871248,false,"בירה טובורג רד בקבוק 500 מ""ל חוזר",החברה המרכזית להפצת משקאות בעמ,,בירה טובורג רד בקבוק,מיליליטרים,500.00,"100 מ""ל",false,,7.90,0.0158,true,1,6899
7290002871361,false,"בירה קרלסברג בקבוק 500 מ""ל חוזר",החברה המרכזית להפצת משקאות בעמ,,קרלסברג בירה בק.חוזר,מיליליטרים,500.00,"100 מ""ל",false,,7.90,0.0158,true,1,6900
7290002881018,false,מעדן תות שדה סאן מורנו 284 גרם,קריות זול,,סן מורנו מעדן תות שד,גרמים,284.00,100 גרם,false,,12.90,0.0454,true,1,24923
7290002881032,false,מעדן אוכמניות כחולות 100% 284 גרם,קריות זול,,סן מורנו מעדן אוכמני,גרמים,284.00,100 גרם,false,,12.90,0.0454,true,1,24925
7290002881230,false,חתיכות אננס בסירופ קל תומר 850 גרם,תומר יבוא ושיווק מוצרי מזון (1,,אננס חתוך תומר 850 ג,גרמים,850.00,100 גרם,false,,9.90,0.0116,true,1,24938
7290002881247,false,פרוסות אננס בסירופ קל תומר 850 גרם,תומר יבוא ושיווק מוצרי מזון (1,,אננס שלם פרוסות תומר,גרמים,850.00,100 גרם,false,,9.90,0.0116,true,1,24939
7290002881261,false,"ליצ'י שלם 565 גרם ""תומר""",גיבונג אינדסקיאלס,,ליצי שלם תומר 565 גר,גרמים,565.00,100 גרם,false,,10.60,0.0188,true,1,24941
7290002881407,false,נודלס אטריות ביצים דק תומר 400ג',תומר יבוא ושיווק מוצרי מזון (1,,נודלס דק תומר 400 גר,גרמים,400.00,100 גרם,false,,7.90,0.0198,true,1,24947
7290002881513,false,חמאת בוטנים עם שברי בוטנים תמר 510 גר',Niza s a,,חמאת בוטנים עם שברי,גרמים,510.00,100 גרם,false,,9.90,0.0194,true,1,24953
7290002881742,false,לבבות דקל פרוסות תומר 400 גרם,תומר ייבוא ושיווק מוצרי מזון [,,לבבות דקל פרוסות תומ,גרמים,400.00,100 גרם,false,,9.90,0.0248,true,1,24962
7290002881957,false,סרדינים מרוקאי חריף בשמן חמניות 125ג' תומר,תומר ייבוא ושיווק מוצרי מזון [,,סרדין מרוקאי חריף תו,גרמים,125.00,100 גרם,false,,5.90,0.0472,true,1,24971
7290002904694,false,"טיטניום דאודורנט ספריי לגברים 150 מ""ל",החברה הדרומית לשיווק בעמ,,דאודורנט ספריי קלאסי,מיליליטרים,180.00,"100 מ""ל",false,,15.90,0.0883,true,1,29837
7290002909880,false,"פולי סויה - אדממה - 400 גרם (בד""ץ עדה חרדית)",בלדי בעמ,,פולי סויה אדממה בלדי,גרמים,400.00,100 גרם,false,,11.90,0.0298,true,1,35295
7290002929642,false,נתחי טונה בהירה בשמן ויליגר (140x4 גרם),דיאמנט פוד פרודקט קו,,טונה בשמן ויליגר רבי,גרמים,560.00,100 גרם,false,,21.90,0.0391,true,1,16974
7290002971955,false,"קמח 650 כחול ללא צורך בניפוי 1 ק""ג*",טחנות קמח שטיבל בש בעמ,,קמח לבן 650 ללא צורך,קילוגרמים,1.00,"ק""ג",false,,9.90,9.9000,true,1,9218
7290002971962,false,"קמח שטיבל חיטה מלא ללא ניפוי 1 ק""ג",טחנות קמח שטיבל בש בעמ,,קמח מלא 100% ללא צור,קילוגרמים,1.00,"ק""ג",false,,9.90,9.9000,true,1,206989
7290002971986,false,קמח שיפון מלא 1 קג שטיבל ללא צורך בניפוי,טחנות קמח שטיבל בש בעמ,,קמח שיפון ללא צורך ב,קילוגרמים,1.00,"ק""ג",false,,9.90,9.9000,true,1,9219
7290002971993,false,קמח כוסמין מלא ללא צורך בניפוי 1 קג שטיב,טחנות קמח שטיבל בש בעמ,,קמח כוסמין מלא ללא צ,קילוגרמים,1.00,"ק""ג",false,,15.90,15.9000,true,1,9220
7290002972365,false,קמח תופח שטיבל 13 ללא צורך בניפוי 1 קג,טחנות קמח שטיבל בש בעמ,,קמח תופח ללא צורך בנ,קילוגרמים,1.00,"ק""ג",false,,9.90,9.9000,true,1,9222
7290002972426,false,"קמח 80% מלא ללא צורך בניפוי 1 ק""ג*",טחנות קמח שטיבל בש בעמ,,קמח מלא 80% ללא צורך,קילוגרמים,1.00,"ק""ג",false,,9.90,9.9000,true,1,9223
7290002973669,false,"קמח שטיבל ללחם 2 ללא ניפוי 1 ק""ג",טחנת קמח דגן-שטיבל,,קמח לחם ללא צורך בני,קילוגרמים,1.00,"ק""ג",false,,7.90,7.9000,true,1,98011
7290002973676,false,"קמח שטיבל לחלה 18 ללא ניפוי 1 ק""ג",טחנת קמח דגן-שטיבל,,קמח לחלה ללא צורך בנ,קילוגרמים,1.00,"ק""ג",false,,7.90,7.9000,true,1,98012
7290002973812,false,קמח כוסמין (80% 1 קג)ללא צורך בניפוי ש,טחנות קמח שטיבל בש בעמ,,קמח כוסמין 80% ללא צ,קילוגרמים,1.00,"ק""ג",false,,15.90,15.9000,true,1,101190
7290002974314,false,"קמח פיצה שטיבל 1 ק""ג",טחנת קמח דגן-שטיבל,,"קמח פיצה שטיבל 1 ק""ג",קילוגרמים,1.00,"ק""ג",false,,11.90,11.9000,true,1,292432
7290002986652,false,גטניו פתי בר שוקו 470 גרם,"אחים גטניו בע""מ",,גטניו - פתיבר שוקו 4,גרמים,470.00,100 גרם,false,,9.90,0.0211,true,1,41241
7290002987963,false,"חומוס אחלה 1 ק""ג שטראוס",שטראוס גרופ בעמ/מצונן,,אחלה חומוס 1קג,קילוגרמים,1.00,"ק""ג",false,,15.90,15.9000,true,1,23261
7290003009596,false,סירופ דיאט אשכוליות 750 מל פיקדון,החברה המרכזית להפצת משקאות בעמ,,סירופ דיאט אשכוליות,מיליליטרים,750.00,"100 מ""ל",false,,22.90,0.0305,true,1,6912
7290003009640,false,מיץ תפוזים סחוט רכיבים טבעיים פריגת 1 ליטר,*החברה המרכזית להפצת משקאותבעמ,,פריגת סחוט מיץ תפוזי,ליטרים,1.00,ליטר,false,,15.90,15.9000,true,1,6377
7290003011087,false,אורז בסמטי 1 קג` שקית כחולה דין שיווק,דין שיווק וקליה 2021 בעמ,,אלסקה אורז בסמטי אלפ,קילוגרמים,1.00,"ק""ג",false,,9.90,9.9000,true,1,4613
7290003013128,false,פתיל צף מתומן כ-50 יחידות שלהבת,שלהבת,,פתיל צף משושה 48 יח,יחידה,0.00,יחידה,false,,3.90,0.0000,true,1,46480
7290003015627,false,"נוזל רצפות אפרסק 2 ליטר ""ריצפז פרש""",החברה הדרומית לשיווק בעמ,,ריצפז פרש אפרסק 2 לי,ליטרים,2.00,ליטר,false,,18.90,9.4500,true,1,29846
7290003015641,false,"נוזל רצפות יסמין 2 ליטר ""ריצפז פרש""",החברה הדרומית לשיווק בעמ,,ריצפז פרש יסמין 2 לי,ליטרים,2.00,ליטר,false,,18.90,9.4500,true,1,29848
7290003026036,false,"ד""ר פישר - קמיל בלו סנסיטיב אל סבון עדין לתינוק 1 ליטר","פישר תעשיות פרמבצטיות בע""מ",,קמיל בלו סנסיטיב מוע,יחידה,0.00,יחידה,false,,33.90,0.0000,true,1,29058
7290003026227,false,"קמיל בלו שמפו לתינוק סנסיטיב אל דמע ד""ר פישר 1 ליטר","פישר תעשיות פרמצביטות בע""מ",,קמיל בלו סנסיטיב שמפ,יחידה,0.00,יחידה,false,,33.90,0.0000,true,1,29060
7290003029181,false,משקה יטבתה שוקו' בקבוק 1ל מהדרין,שטראוס גרופ בעמ/מצונן,,יטבתה שוקו בקבוק 1ל,ליטרים,1.00,ליטר,false,,11.90,11.9000,true,1,23265
7290003029372,false,יטבתה משקה בטעם בננה %3 בקבוק 1 ליטר,שטראוס גרופ בעמ/מצונן,,יטבתה משקה חלב בננה,ליטרים,1.00,ליטר,false,,11.90,11.9000,true,1,23268
7290003029389,false,"משקה חלב בננה פקק ספורט 250 מ""ל יוטבתה",שטראוס גרופ בעמ/מצונן,,יטבתה משקה חלב בננה+,מיליליטרים,250.00,"100 מ""ל",false,,5.90,0.0236,true,1,23269
7290003029433,false,"משקה יטבתה שוקו פקק 250 מ""ל מהדרין",שטראוס גרופ בעמ/מצונן,,יטבתה שוקו +פקק 250,מיליליטרים,250.00,"100 מ""ל",false,,5.90,0.0236,true,1,23270
7290003029532,false,מוקה בבקבוק יטבתה 1 ליטר מהדרין,שטראוס גרופ בעמ/מצונן,,יטבתה מוקה 1ל,ליטרים,1.00,ליטר,false,,11.90,11.9000,true,1,23272
7290003029792,false,"משקה יטבתה שוקו שקיות מהדרין מארז 225X8מ""ל",שטראוס גרופ בעמ/מצונן,,יטבתה מהדרין שוקו שק,ליטרים,1.80,ליטר,false,,18.90,10.5000,true,1,23274
7290003029815,false,חלב מועשר 3% בכד יטבתה 2 ליטר,שטראוס גרופ בעמ/מצונן,,חלב מועשר בכד2 ליטר,ליטרים,2.00,ליטר,false,,15.90,7.9500,true,1,23275
7290003029907,false,משקה חלב אייס קפה 2% יטבתה (1 ליטר,שטראוס גרופ בעמ/מצונן,,יטבתה אייס קפה 1ל,ליטרים,1.00,ליטר,false,,11.90,11.9000,true,1,23277
7290003031702,false,"נקניקיות הודו מחפוד וואקום 1 ק""ג טירת צבי",טיב טירת צבי 2000,,טירת צבי נקניקיות הו,קילוגרמים,1.00,"ק""ג",false,,26.90,26.9000,true,1,25340
7290003031733,false,טירת צבי פסטרמה על גחלים קופ. מחפוד 400ג,טיב טירת צבי 2000,,טירת צבי פסטרמה על ג,גרמים,400.00,100 גרם,false,,30.90,0.0772,true,1,25341
7290003031740,false,טירתצבי פסטרמה בדבש קופ. מחפוד 400ג,טיב טירת צבי 2000,,טירתצבי פסטרמה בדבש,גרמים,400.00,100 גרם,false,,30.90,0.0772,true,1,25342
7290003031757,false,פסטרמה הודו בפפריקה מחפוד טירת צבי 400 גרם,תנובה מרכז שיתופי לשיווק תוצרת,,טירת צבי פסטרמה בפפר,גרמים,400.00,100 גרם,false,,27.90,0.0697,true,1,25343
7290003031788,false,צמד כפרי סלמי+פסטרמה טירת צבי 400X2ג' מחפוד,תנובה מרכז שיתופי לשיווק תוצרת,,צמד כפרי מחפוד נק.סל,גרמים,800.00,100 גרם,false,,29.90,0.0374,true,1,25344
7290003031849,false,"פסטרמה כפרית דבש וברביקיו צמד ט.צבי 300X2ג' בד""ץ",טיב טירת צבי 2000,,טירת צבי צמד מהדרין,גרמים,600.00,100 גרם,false,,29.90,0.0498,true,1,25345
7290003047642,false,תה שחור יילו לייבל 100*1.5 ג' שקיק ליפטון,"יוניליוור ישראל שיווק בע""מ",,תה ליפטון יילו לייבל,גרמים,150.00,100 גרם,false,,14.90,0.0993,true,1,10319
7290003054657,false,חרדל ריין דיז'ון אקסטרה פורטה 370 גרם,דיפלומט מפיצים (1968) בעמ**,,חרדל דיג'ון אקסטרא פ,גרמים,370.00,100 גרם,false,,11.90,0.0322,true,1,5291
7290003069705,false,"פיצה אישית גבינה דק 80 ג' תפזורת בד""צ",נטו מלינדה סחר בעמ,,פיצה גבינה תפזורת 80,גרמים,80.00,100 גרם,false,,2.50,0.0313,true,1,16983
7290003072521,false,כתף בקר מעושן מחפוד טירת צבי 300 גרם,טיב טירת צבי 2000,,פסטרמה כתף בקר מעושנ,גרמים,300.00,100 גרם,false,,27.90,0.0930,true,1,25347
7290003102136,false,צמר גפן COTTON SOFT רפואי 100 גר' 3102136,הדקלאים אגודת שיתופי,,צמר גפן כוטון סופט 1,גרמים,100.00,100 גרם,false,,5.90,0.0590,true,1,867
7290003107148,false,"קמח לבן דגן 1 ק""ג",טחנות קמח דגן בעמ,,"קמח לבן דגן 1 ק""ג",קילוגרמים,1.00,"ק""ג",false,,4.50,4.5000,true,1,9226
7290003107216,false,קמח לבן בהיר 1 קג דגן מוביל,טחנות קמח דגן (2006) בעמ,,"קמח לבן דגן 1 ק""ג",קילוגרמים,1.00,"ק""ג",false,,6.50,6.5000,true,1,9228
7290003107223,false,טחנת קמח דגן סולת 1קג,טחנות קמח דגן (2006) בעמ,,"סולת חיטה דגן 1 ק""ג",קילוגרמים,1.00,"ק""ג",false,,6.50,6.5000,true,1,9229
7290003107315,false,סולת בשקית טחנת קמח דגן (1 קג),טחנות קמח דגן (2006) בעמ,,"סולת דגן 1 ק""ג",קילוגרמים,1.00,"ק""ג",false,,4.50,4.5000,true,1,9232
7290003107346,false,קמח חיטה לבן בדץ טחנת קמח דגן (1 קג),טחנות קמח דגן (2006) בעמ,,קמח חיטה לבן דגן 1 ק,קילוגרמים,1.00,"ק""ג",false,,4.50,4.5000,true,1,9234
7290003126712,false,יוגורט עיזים מחלב מלא 3.7% משק צוריאל 150 גרם,*החברה המרכזית להפצת משקאותבעמ,,צוריאל יוגורט עיזים,מיליליטרים,150.00,"100 מ""ל",false,,5.90,0.0393,true,1,6381
7290003126958,false,טופו גבינה גוש בואקום צוריאל 300 ג',*החברה המרכזית להפצת משקאותבעמ,,צוריאל גבינה גוש טופ,גרמים,300.00,100 גרם,false,,12.90,0.0430,true,1,6382
7290003143146,false,ממרח תמרים קליית גת (450 גרם),הדקלאים אגודת שיתופי,,ממרח תמרים 450 גרם,גרמים,450.00,100 גרם,false,,6.90,0.0153,true,1,12762
7290003143337,false,סילאן רכיבים טבעיים לחיץ קליית גת 350 גרם,ליימן שליסל בעמ,,סילאן טבעי 350 גרם,גרמים,350.00,100 גרם,false,,19.90,0.0569,true,1,12766
7290003145751,false,אגוזי קשיו קלויים קליית גת (200 גרם),הדקלאים אגודת שיתופי,,קשיו קלוי 200 גרם,גרמים,200.00,100 גרם,false,,19.90,0.0995,true,1,12782
7290003145959,false,פקאן טבעי קליית גת 150 גרם,ליימן שליסל בעמ,,אגוז פקאן טבעי 150 ג,גרמים,150.00,100 גרם,false,,19.90,0.1327,true,1,12785
7290003217014,false,פיתות תנעמי בטעם ביתי דגנית עין בר) (5,דגנית עין בר תעשיות מזון ואפיה,,5 פיתות מזרחיות תנעמ,גרמים,500.00,100 גרם,false,,6.90,0.0138,true,1,4498
7290003217052,false,פיתות כפריות קלות 5 יח`דגנית,דגנית עין בר תעשיות מזון ואפיה,,5 פיתות כפריות קלות,גרמים,500.00,100 גרם,false,,7.90,0.0158,true,1,4500
7290003220403,false,מעדני המלך- קרקר מלוח 110 גרם,מגדנית הדר,,מעדני המלך קרקר עם מ,גרמים,110.00,100 גרם,false,,2.90,0.0264,true,1,41248
7290003220410,false,"קרקר עם שומשום ""מעדני המלך"" 110 גרם",מגדנית הדר,,מעדני המלך קרקר שומש,גרמים,110.00,100 גרם,false,,2.90,0.0264,true,1,41249
7290003220588,false,"רוטה צ'ילי מתוק ללא סוכר 700 מ""ל WOK",תאי פרידה אינדסטרי ב,,ווק רוטב צ'ילי מתוק,מיליליטרים,700.00,"100 מ""ל",false,,14.90,0.0213,true,1,206777
7290003220595,false,"ווק אורז לסושי 1 ק""ג WOK","מיה תעשיות מזון בע""מ",,אורז לסושי 1 ק'ג WOK,קילוגרמים,1.00,"ק""ג",false,,13.90,13.9000,true,1,206778
7290003220700,false,WOK מחצלת לגלגול סושי 60 גרם,קוסומאי במבוק,,מחצלת לסושי,יחידה,0.00,יחידה,false,,6.70,0.0000,true,1,206782
7290003220977,false,מעדני המלך ביסקוויט חצי ירח מצופה 175 גר,רזיט שיווק בעמ,,מעדני מלך ירח חצי מצ,גרמים,175.00,100 גרם,false,,7.90,0.0451,true,1,132839
7290003251308,false,"אציטון משובח 100 מ""",שוורץ,,"אציטון משובח 100 מ""",מיליליטרים,100.00,"100 מ""ל",false,,3.90,0.0390,true,1,21167
7290003268252,false,לחם חיטה מלא לילדים 750 ג' דגנית עין בר,דגנית עין בר תעשיות מזון ואפיה,,לחם חיטה מלא ללא גרע,גרמים,750.00,100 גרם,false,,14.90,0.0199,true,1,4502
7290003268429,false,לחם ירוק מקמח מלא דגנית עין בר (750 גרם),דגנית עין בר תעשיות מזון ואפיה,,לחם מקמח מלא דגנית 7,גרמים,750.00,100 גרם,false,,14.90,0.0199,true,1,4503
7290003318100,false,וופל בטעם שוקולד מנעמים 200 ג',ח.כהן סוכנות מזון ומשקאות,,ופל שוקו מנעמים 200,גרמים,200.00,100 גרם,false,,4.30,0.0215,true,1,36039
7290003318131,false,ופל קלאסיק אגוז 200 גרם מנעמים,ח.כהן סוכנות מזון ומשקאות,,ופל אגוז מנעמים 200,גרמים,200.00,100 גרם,false,,4.30,0.0215,true,1,36040
7290003318155,false,וופל טעם לימון מנעמים 200 ג',ח.כהן סוכנות מזון ומשקאות בע,,ופל לימון מנעמים 200,גרמים,250.00,100 גרם,false,,4.30,0.0172,true,1,36041
7290003321155,false,יוגורט בר עם פקאן מצופה שוקולד 183 ג' דנונה,שטראוס גרופ בעמ/מצונן,,דנונה קראנצ' ששבי פק,מיליליטרים,183.00,"100 מ""ל",false,,4.90,0.0268,true,1,23278
7290003397136,false,בדית תחבושות 18 יחידות,כ. כיפות שיווק וסחר בעמ,,בדית קטן 18 יח',יחידה,0.00,יחידה,false,,5.90,0.0000,true,1,11990
7290003411054,false,שקיות צליה גדול דליקטס רוסטי הנמל 5יח`,הנמל אריזות ושיווק (1984) בעמ,,שקיות רוסטי ענק 5 יח,יחידה,0.00,יחידה,false,,3.90,0.0000,true,1,7825
7290003411276,false,עמבה הודית מובחרת הנמל 600ג',הנמל אריזות ושיווק (1984) בעמ,,עמבה מובחרת 500 גרם,גרמים,500.00,100 גרם,false,,10.90,0.0218,true,1,7833
7290003411696,false,מרקיות פלסטיק חד פעמיות 25 יח`,הנמל אריזות ושיווק (1984) בעמ,,מרקיות חד פעמי 25 יח,יחידה,0.00,יחידה,false,,10.90,0.0000,true,1,7845
7290003414406,false,הרשי ריזס נטיפי אפייה בוטנים 283 גר',ליימן מותגים,,הרשי ריזס נטיפי אפיי,גרמים,283.00,100 גרם,false,,14.90,0.0527,true,1,12786
7290003427154,false,"שמן זית כתית מעולה טעם מעודן זיתא 750 מ""ל",תה ויסוצקי (ישראל) בעמ,,שמן זית כתית מעולה ז,מיליליטרים,750.00,"100 מ""ל",false,,35.90,0.0479,true,1,24619
7290003438013,false,7290003אוליביה ממרח זיתים ירוקים 190 גרם,תה ויסוצקי (ישראל) בעמ,,אוליביה ממרח זיתים א,גרמים,190.00,100 גרם,false,,12.90,0.0679,true,1,51956
7290003438709,false,ממרח אולביה זיתים שחורים וירוקים 190 ג',תה ויסוצקי (ישראל) בעמ,,אוליביה ממרח זיתים ש,גרמים,190.00,100 גרם,false,,12.90,0.0679,true,1,51959
7290003438853,false,אוליביה ממרח אריסה חריפה 185 גר ',תה ויסוצקי (ישראל) בעמ,,אוליביה ממרח אריסה ח,גרמים,185.00,100 גרם,false,,12.90,0.0697,true,1,51960
7290003438990,false,עיטורי עגבניות מיובשות וזיתים אוליביה 280 ג',תה ויסוצקי (ישראל) בעמ,,עיטורי עגבניות מיובש,גרמים,220.00,100 גרם,false,,18.90,0.0859,true,1,51961
7290003457991,false,טילון קורנטו וניל עם וופל ואגוזי לוז מסוכרים,"גלידת שטראוס בע""\מ, רחוב",,מאגדת קורנטו קלאסיק,גרמים,300.00,100 גרם,false,,35.90,0.1197,true,1,4241
7290003461677,false,"חומוס אסלי 1 ק""ג}שמיר{","סלטי שמיר 2006 בע""מ",,"חומוס אסלי 1 ק""ג",קילוגרמים,1.00,"ק""ג",false,,11.90,11.9000,true,1,17687
7290003461868,false,"חציל במיונז אסלי שמיר 1 ק""ג","סלטי שמיר 2006 בע""מ",,"חציל במיונז 1ק""ג",קילוגרמים,1.00,"ק""ג",false,,10.90,10.9000,true,1,17688
7290003514007,false,מנה שקדי מרק מנה 400 גרם,ש.שסטוביץ בעמ,,שקדי מרק מנה 400 גרם,גרמים,400.00,100 גרם,false,,8.90,0.0223,true,1,21444
7290003527380,false,דובדבן ללא חרצן בצנצנת ויליגר 680 גרם,נטו מילנדה סחר בעמ*,,דובדבן ללא חרצן וילי,גרמים,680.00,100 גרם,false,,9.90,0.0146,true,1,17013
7290003550753,false,נתחי טונה בהירה בשמן פוסידון (108x4 גרם),"מיוצר עי וליגר בעמ,",,טונה בהירה בשמן פוסי,גרמים,308.00,100 גרם,false,,19.90,0.0646,true,1,17017
7290003578078,false,קוקטייל פירות טרופי בסירופ קל ויליפוד 850 גרם,ג. וילי-פוד אינטרנשיונל בע`מ,,לפתן קוקטיל טרופי פי,גרמים,850.00,100 גרם,false,,9.90,0.0116,true,1,2863
7290003578313,false,דובדבנים ללא חרצנים ויליפוד 680 גרם,ג. וילי-פוד אינטרנשיונל בע`מ,,דובדבנים חמוצים ללא,גרמים,350.00,100 גרם,false,,9.90,0.0283,true,1,2871
7290003643004,false,אורז בסמטי קלאסי סוגת (1 קג),האי נאם סי או אל.טי.,,"סוגת אורז בסמטי 1 ק""",קילוגרמים,1.00,"ק""ג",false,,13.90,13.9000,true,1,17317
7290003643134,false,סוכר וניל סוגת 100 גרם מארז 10 יחידות,גוד פוד פרודקטס S.p,,סוגת סוכר וניל 10 יח,גרמים,100.00,100 גרם,false,,2.90,0.0290,true,1,17319
7290003643387,false,"סוכר אריזת פלסטיק 1 ק""ג סוגת",האי נאם סי או אל.טי.,,סוכר לבן בצנצנת סוגת,קילוגרמים,1.00,"ק""ג",false,,8.90,8.9000,true,1,17328
7290003643684,false,אפונה יבשה סוגת 500 גר',האי נאם סי או אל.טי.,,אפונה יבשה 500 גרם,גרמים,500.00,100 גרם,false,,6.90,0.0138,true,1,17330
7290003643714,false,חומוס גרגירים 500 גרם סוגת,האי נאם סי או אל.טי.,,חומוס 500 גרם,גרמים,500.00,100 גרם,false,,8.90,0.0178,true,1,17332
7290003643738,false,חיטה סוגת (500 גרם),האי נאם סי או אל.טי.,,סוגת חיטה 500 גר,גרמים,500.00,100 גרם,false,,5.90,0.0118,true,1,17333
7290003643745,false,כוסמת סוגת (500 גרם),האי נאם סי או אל.טי.,,כוסמת 500 גרם,גרמים,500.00,100 גרם,false,,7.90,0.0158,true,1,17334
7290003643752,false,עדשים ירוקים יבש סוגת 500 גר',האי נאם סי או אל.טי.,,עדשים ירוקות 500 גרם,גרמים,500.00,100 גרם,false,,8.90,0.0178,true,1,17335
7290003643769,false,עדשים אדומים יבש סוגת 500 גר',"סוגת תעשיות בע""\מ",,עדשים אדומות 500 גרם,גרמים,500.00,100 גרם,false,,8.90,0.0178,true,1,17336
7290003643776,false,"פופקורן גרעינים סוגת 500 ג' כשל""פ",האי נאם סי או אל.טי.,,סוגת פופקורן 500 גרם,גרמים,500.00,100 גרם,false,,5.90,0.0118,true,1,17337
7290003643783,false,קוקוס טחון סוגת 100 גרם,האי נאם סי או אל.טי.,,קוקוס 100 גר,גרמים,100.00,100 גרם,false,,3.90,0.0390,true,1,17338
7290003643806,false,שעועית לבנה יבשה סוגת (500 גרם),האי נאם סי או אל.טי.,,שעועית לבנה 500 גרם,גרמים,500.00,100 גרם,false,,10.90,0.0218,true,1,17339
7290003643813,false,שעועית אדומה יבשה סוגת 500 גר',האי נאם סי או אל.טי.,,שעועית אדומה 500 גרם,גרמים,500.00,100 גרם,false,,10.90,0.0218,true,1,17340
7290003681235,false,פלפל אנגלי בצנצנת מיה 50 גרם,מיה תעשיות מזון מ.ת.מ בעמ,,מיה פלפל אנגלי 50ג,גרמים,50.00,100 גרם,false,,6.00,0.1200,true,1,14952
7290003681303,false,שעועית מעורבת יבשה מיה 500 גר',מיה תעשיות מזון מ.ת.מ. בעמ,,שעועית מעורבת 500 גר,גרמים,500.00,100 גרם,false,,12.90,0.0258,true,1,14956
7290003681365,false,קישוט לעוגה צבעוני בבצנצנת מיה 80 גרם,מיה תעשיות מזון מ.ת.מ. בעמ,,70 סוכריות קישוט לעו,גרמים,70.00,100 גרם,false,,4.90,0.0700,true,1,14959
7290003681921,false,"סוכריות טופי פירות מיה 200 ג' בד""ץ'",מיה תעשיות מזון מ.ת.מ בעמ,,טופי מתוק מיה 200 גר,גרמים,200.00,100 גרם,false,,5.90,0.0295,true,1,14985
7290003681945,false,"מיץ לימון סחוט רכיבים טבעיים מיה 500 מ""ל",מיה,,מיץ לימון סחוט טבעי,מיליליטרים,500.00,"100 מ""ל",false,,8.90,0.0178,true,1,14986
7290003718610,false,"במיה 400 ג' בית יוסף כשל""פ",בלדי בעמ,,במיה מוקפאת בלדי 400,גרמים,400.00,100 גרם,false,,11.90,0.0298,true,1,301274
7290003718627,false,"פול ירוק 400 ג' בית יוסף כשל""פ",בלדי בעמ,,פול ירוק בלדי 400 גר,גרמים,400.00,100 גרם,false,,11.90,0.0298,true,1,301319
7290003726783,false,שניצל טופו עם תירס 420 גר`משק ויילר,קפוא-זן תעשיות מזון בעמ - תפוג,,שניצל טופו בטעם עוף,גרמים,420.00,100 גרם,false,,27.90,0.0664,true,1,297668
7290003726806,false,שניצל טופו עם ברוקולי 420 גר`,קפוא-זן תעשיות מזון בעמ - תפוג,,שניצל טופו בטעם עוף,גרמים,420.00,100 גרם,false,,27.90,0.0664,true,1,297670
7290003726868,false,טופו חומוס בתוספת עגבניות מיובשות 300 ג' משק ויילר,שטראוס גרופ בעמ/מצונן,,טופו חומוס עם עגבניו,גרמים,300.00,100 גרם,false,,12.90,0.0430,true,1,229220
7290003804320,false,תיבולית קנור שום ופטורזיליה 72 גרם,"יוניליוור ישראל שיווק בע""מ",,תיבוליות שום ופטרוזי,גרמים,72.00,100 גרם,false,,9.90,0.1375,true,1,10334
7290003804368,false,תיבוליות בזיליקום קנור (8 יח`- 72 גרם),"יוניליוור ישראל שיווק בע""מ",,תיבולית בזיליקום קנו,גרמים,72.00,100 גרם,false,,9.90,0.1375,true,1,10337
7290003807482,false,קנור רוטב טריאקי מופחת נתרן 370 גרם,"יוניליוור ישראל שיווק בע""מ",,"רוטב טריאקי 300 מ""ל",מיליליטרים,300.00,"100 מ""ל",false,,12.90,0.0430,true,1,10377
7290003864478,false,סרדינים בשמן צמחי פתח קל ויליפוד 110 גרם,ג.וילי-פוד אינטרנשיונל בעמ,,סרדין בשמן צמחי וילי,גרמים,110.00,100 גרם,false,,5.90,0.0536,true,1,2880
7290003864485,false,סרדינים ברוטב עגבנ יות ויליפוד 110ג' פתח קל,ג. וילי-פוד אינטרנשיונל בע`מ,,סרדינים ברוטב עגבניו,גרמים,120.00,100 גרם,false,,5.90,0.0492,true,1,2881
7290003864492,false,סרדין בשמן צמחי חריף פתח קל ויליפוד 110 גרם,ג. וילי-פוד אינטרנשיונל בע`מ,,סרדין בשמן צמחי חריף,גרמים,120.00,100 גרם,false,,5.90,0.0492,true,1,2882
7290003882922,false,עלי גפן ממולאים באורז וילי פוד 360 גרם,ג. וילי-פוד אינטרנשיונל בע`מ,,עלי גפן ממולאים באור,גרמים,360.00,100 גרם,false,,8.90,0.0247,true,1,2885
7290003920730,false,בשר לחמין - רובין 800 גר,עוף ירושלים מהדרין,,בשר לחמין 800 גרם קפ,גרמים,800.00,100 גרם,false,,59.90,0.0749,true,1,47055
7290003920747,false,גולש עגל מעובד 800 גר',עוף ירושלים מהדרין,,גולש בקר 800 גרם רוב,גרמים,800.00,100 גרם,false,,59.90,0.0749,true,1,47056
7290003920761,false,בקר טחון רובין 500 ג' קפוא,עוף ירושלים מהדרין,,בקר טחון קפוא 500 ג,גרמים,500.00,100 גרם,false,,29.90,0.0598,true,1,47057
7290003989096,false,סלט חצילים פיקנטי אחלה 500 גרם,שטראוס גרופ בעמ/מצונן,,אחלה חציל פיקנטי 500,גרמים,500.00,100 גרם,false,,15.90,0.0318,true,1,23284
7290003989539,false,רביולי עם גבינה שטראוס (400 גרם),שטראוס גרופ בעמ/מצונן,,EAT GOOD רביולי גבינ,גרמים,400.00,100 גרם,false,,19.90,0.0497,true,1,23285
7290003989553,false,פסטה טורטליני גבינה ופטריות 400 גרם,שטראוס גרופ בעמ/מצונן,,שטראוס טורטליני פטרי,גרמים,400.00,100 גרם,false,,19.90,0.0497,true,1,23286
7290004011260,false,"ריצ' להעשרת קפה 427 מ""ל",נטו מלינדה סחר בעמ,,קפה עם תחליף חלב על,מיליליטרים,426.00,"100 מ""ל",false,,9.90,0.0232,true,1,17019
7290004011284,false,בסיס להכנת קצפת צמחי ריץ` (212 מל),ריצ' פרודקטס קורפריי,,ריצ בסיס להכנת קצפת,מיליליטרים,212.00,"100 מ""ל",false,,6.90,0.0325,true,1,17021
7290004011338,false,קצפת מתוקה מוכנה ספריי ריץ` (250 מל),נטו מלינדה סחר בע`מ,,ריצ קצפת במיכל 250מל,מיליליטרים,250.00,"100 מ""ל",false,,9.90,0.0396,true,1,17023
7290004011345,false,"ספריי קצפת מתוקה מוכנה פרווה ריץ' 238 מ""ל",האי נאם סי או אל.טי.,,קצפת ריץ במיכל פרווה,מיליליטרים,238.00,"100 מ""ל",false,,9.90,0.0416,true,1,17024
7290004023041,false,"לחם שיפון ללא שמרים ד""ר מרק 750 גר'",המאפה של דר מרק בריאות באפייה,,לחם שיפון מחמצת 750,גרמים,750.00,100 גרם,false,,13.90,0.0185,true,1,182569
7290004026776,false,לחם מחמצת אגוזים וצימוקים,פילסברי,,לחם מחמצת אגוזים וצי,גרמים,530.00,100 גרם,false,,18.90,0.0357,true,1,53819
7290004030018,false,"פריניב מיץ לימון סחוט פרי לתיבול 500 מ""ל",הנסיך- מפעל לייצור ט,,מיץ לימון סחוט פרי פ,מיליליטרים,500.00,"100 מ""ל",false,,7.90,0.0158,true,1,49383
7290004030100,false,מיץ תפוזים ולנסיה סחוט 100% 1 ליטר,תנובה - פריניב,,מיץ תפוזים סחוט וולנ,ליטרים,1.00,ליטר,false,,15.90,15.9000,true,1,53083
7290004030223,false,מיץ תפוחים סחוט רכיבים טבעיים 100% פרי ניב 1 ליטר,הנסיך- מפעל לייצור ט,,פרי ניב מיץ תפוח סחו,יחידה,0.00,יחידה,false,,14.90,0.0000,true,1,49391
7290004030445,false,מיץ תפוזים סחוט רכיבים טבעיים 1 ליטר פרי ניב,הנסיך- מפעל לייצור ט,,פרי ניב תפוז סחוט 1ל,ליטרים,1.00,ליטר,false,,13.90,13.9000,true,1,49401
7290004030834,false,מיץ רימונים סחוט 100% רכיבים טבעיים פרי ניב 1 ליטר,הנסיך- מפעל לייצור ט,,מיץ סחוט רימונים 100,ליטרים,1.00,ליטר,false,,23.80,23.8000,true,1,49420
7290004048679,false,קובה למרק שלושת האופים(כ 18 יח`- 1 קג),נטו מלינדה סחר בעמ,,קובה למרק 1 קג שלושת,קילוגרמים,1.00,"ק""ג",false,,16.90,16.9000,true,1,17034
7290004063016,false,מלח שולחן מעולה סלית (1 קג)פיקוח,האי נאם סי או אל.טי.,,"מלח שולחן סלית 1 ק""ג",קילוגרמים,1.00,"ק""ג",false,,1.80,1.8000,true,1,15454
7290004063115,false,"מלח מטבח עבה להמלחת בשר ובישול 1 ק""ג 1ק""ג",האי נאם סי או אל.טי.,,מלח מטבח גס לבישול כ,קילוגרמים,1.00,"ק""ג",false,,1.80,1.8000,true,1,15455
7290004064099,false,מטחנה מלח ים מהרי ההימלאיה מלח הארץ 100 גרם,"חברת מלח הארץ אילת בע""\מ",,מטחנה מלח מהרי ההימל,גרמים,250.00,100 גרם,false,,16.90,0.0676,true,1,15456
7290004064174,false,"תבלין מלח ההימלאיה דק בצנצנת 1 ק""ג","חברת מלח הארץ אילת בע""\מ",,מלח ההימלאיה דק בצנצ,קילוגרמים,1.00,"ק""ג",false,,16.90,16.9000,true,1,15457
7290004064303,false,מלח אטלנטי בצנצנת מלח הארץ 800 גרם,"חברת מלח הארץ אילת בע""\מ",,מלח אטלנטי בצנצנת הא,גרמים,800.00,100 גרם,false,,19.90,0.0249,true,1,15460
7290004064389,false,מלח הימלאיה דק 250ג מלחיה סוגת*,"חברת מלח הארץ אילת בע""\מ",,מלח הימלאיה דק מלחיי,גרמים,250.00,100 גרם,false,,9.90,0.0396,true,1,121598
7290004078225,false,"שטיפת פה קולגייט פלקס מינט ירוק 500מ""ל",קולגייט- פלמוליב,,מי פה פלקס סופט מינט,מיליליטרים,500.00,"100 מ""ל",false,,30.90,0.0618,true,1,21463
7290004078270,false,נוזל לניקוי כלים בריח לימון פלמוליב 1 ליטר,יבואן ומשווק: ש. שסט,,פלמוליב לכלים לימון-,יחידה,0.00,יחידה,false,,13.90,0.0000,true,1,21465
7290004091217,false,"גודרדס, חומר לניקוי והברקת כלי כסף 144 מל",אס סי גונסון פורטוגל,,גודרס לכלי נחושת וכס,מיליליטרים,125.00,"100 מ""ל",false,,14.90,0.1192,true,1,5788
7290004119225,false,יוגורט יופלה אננס 3% שומן 150 גרם,תנובה מרכז שיתופי לש,,יופלה אננס 3% 150מל,גרמים,150.00,100 גרם,false,,5.50,0.0367,true,1,25853
7290004119928,false,מעדן חלב בטעם וניל 2% קרלו תנובה 125 גרם,מחלבת אלון תבור,,קרלו וניל 3% 125מל,מיליליטרים,125.00,"100 מ""ל",false,,2.90,0.0232,true,1,25855
7290004119973,false,קרלו מעדן שוקו רביעיה גביע 1.5% 125 גרם,תנובה מרכז שיתופי לש,,קרלו שוקולדה 3% 125מ,מיליליטרים,125.00,"100 מ""ל",false,,2.90,0.0232,true,1,25856
7290004120061,false,מעדן חלב בטעם שוקו וניל שוניל 2% קרלו 125 גרם,תנובה מרכז שיתופי לש,,קרלו שוניל 3% 125מל,מיליליטרים,125.00,"100 מ""ל",false,,2.90,0.0232,true,1,25857
7290004120566,false,גבינה בולגרית (25024% גרם)פיראוס תנובה,"תנובה בע""מ ***",,פיראוס בולגרית 24% 2,גרמים,250.00,100 גרם,false,,23.90,0.0956,true,1,25865
7290004120573,false,גבינה בולגרית (25016% גרם)פיראוס תנובה,תנובה מרכז שיתופי לש,,פיראוס בולגרית בקר 1,גרמים,250.00,100 גרם,false,,23.90,0.0956,true,1,25866
7290004120634,false,גבינה בולגרית (2505% גרם)פיראוס תנובה,תנובה מרכז שיתופי לש,,פיראוס בולגרית 5% 25,גרמים,250.00,100 גרם,false,,23.90,0.0956,true,1,25867
7290004120832,false,"חלב 2 ליטר 3% כד ""תנובה""- מוצר בפיקוח",תנובה מרכז שיתופי לש,,"חלב תנובה טרי 3% בד""",ליטרים,2.00,ליטר,false,,12.46,6.2300,true,1,25869
7290004121839,false,גבינת פטה כבשים (25020% גרם)פיראוס בול,תנובה מרכז שיתופי לש,,פיראוס פטה כבשים 20%,גרמים,250.00,100 גרם,false,,26.90,0.1076,true,1,25873
7290004121853,false,גבינה בולגרית קוביות (2005% גרם)פיראוס,תנובה מרכז שיתופי לש,,פיראוס בולגרית בקובי,גרמים,200.00,100 גרם,false,,20.90,0.1045,true,1,25874
7290004122195,false,גוש חלב גבינה צהובה פרוסה 28% תנובה 200 גרם,"תנובה בע""מ ***",,גוש חלב פרוס 28% 200,גרמים,200.00,100 גרם,false,,14.90,0.0745,true,1,25877
7290004122348,false,גבינה צהובה מופחתת שומן 9% עמק (200 גרם),תנובה מרכז שיתופי לש,,עמק לייט 9% 200ג,גרמים,200.00,100 גרם,false,,16.80,0.0840,true,1,25879
7290004122676,false,גבינה חמד לייט (2505% גרם)פיראוס תנובה,תנובה מרכז שיתופי לש,,פיראוס חמד לייט 5% 2,גרמים,250.00,100 גרם,false,,20.90,0.0836,true,1,25881
7290004122683,false,עמק חטיף אצבעות גבינה חצי קשה 28% שומן,תנובה מרכז שיתופי לש,,עמק אצבעות 172ג,גרמים,172.00,100 גרם,false,,14.90,0.0866,true,1,25882
7290004124205,false,יופלה דיאט יוגורט תות %0 גביע 150 גרם,תנובה מרכז שיתופי לש,,יופלה דיאט תות 0% 15,מיליליטרים,150.00,"100 מ""ל",false,,5.50,0.0367,true,1,25890
7290004124847,false,"קצפת צמחית השף הלבן 500 מ""ל תנובה",תנובה מרכז שיתופי לש,,שף לבן קצפת צמחית 24,מיליליטרים,500.00,"100 מ""ל",false,,17.90,0.0358,true,1,25892
7290004125370,false,"שמנת חמוצה 9% מופחתת שומן תנובה 200 מ""ל מהדרין",תנובה מרכז שיתופי לש,,תנובה שמנת מופחתת 9%,מיליליטרים,200.00,"100 מ""ל",false,,4.10,0.0205,true,1,25894
7290004125400,false,"אשל שלי מהדרין 200 מ""ל 4.5% ""תנובה""- מוצר בפיקוח",פארייפאבה אגרואינדוס,,"אשל 4.5% בד""צ מהדרין",מיליליטרים,200.00,"100 מ""ל",false,,1.69,0.0084,true,1,25895
7290004125417,false,"גיל 3% שלי 200 מ""ל ""תנובה"" -מוצר בפיקוח",תנובה מרכז שיתופי לש,,"גיל 3% בד""צ מהדרין",מיליליטרים,200.00,"100 מ""ל",false,,1.51,0.0076,true,1,25896
7290004125455,false,"שמנת חמוצה 200 מ""ל 15% ""תנובה"" -מוצר בפיקוח",תנובה מרכז שיתופי לש,,תנובה שמנת אורגינל מ,מיליליטרים,200.00,"100 מ""ל",false,,2.40,0.0120,true,1,25897
7290004125462,false,"שמנת חמוצה 15% תנובה 500 מ""ל מהדרין",תנובה מרכז שיתופי לש,,תנובה שמנת חמוצה 15%,מיליליטרים,500.00,"100 מ""ל",false,,6.00,0.0120,true,1,25898
7290004125509,false,"שמנת חמוצה 15% מועשרת תנובה 100 מ""ל",תנובה מרכז שיתופי לש,,תנובה שמנת חצי מנה 1,מיליליטרים,100.00,"100 מ""ל",false,,1.90,0.0190,true,1,25899
7290004125578,false,משקה סויה מועשר בסידן 1 ל`תנובה,תנובה מרכז שיתופי לש,,משקה סויה תנובה מועש,ליטרים,1.00,ליטר,false,,10.90,10.9000,true,1,25900
7290004125585,false,משקה סויה בטעם וניל תנובה 1 ליטר,תנובה מרכז שיתופי לש,,סויה תנובה משקה סויה,ליטרים,1.00,ליטר,false,,10.90,10.9000,true,1,25901
7290004125738,false,שמנת מתוקה להקצפה32% 250מל עמיד השף הלבן,תנובה מרכז שיתופי לש,,שף לבן שמנת להקצפה 3,מיליליטרים,250.00,"100 מ""ל",false,,7.20,0.0288,true,1,25904
7290004126872,false,משקאות חלב תנובה שוקו בקבוק 250מל,תנובה - חלב,,משקאות חלב תנובה שוק,מיליליטרים,250.00,"100 מ""ל",false,,5.90,0.0236,true,1,25910
7290004127077,false,קוטג תנובה 3% גביע 250 גרם מהדרין,מיוצר עי קונדיטוריית,,קוטג תנובה 3% 250 ג,גרמים,250.00,100 גרם,false,,5.70,0.0228,true,1,25911
7290004127329,false,קוטג תנובה גביע 250 גרם %5 ו.מהדרין,מיוצר עי קונדיטוריית,,קוטג' 5% תנובה מהדרי,גרמים,250.00,100 גרם,false,,5.70,0.0228,true,1,25912
7290004127800,false,"גבינה לבנה 500 גרם 5% ""תנובה"" -מוצר בפיקוח",מיוצר עי קונדיטוריית,,תנובה גבינה לבנה 5%,גרמים,500.00,100 גרם,false,,9.96,0.0199,true,1,25915
7290004127817,false,גבינה לבנה 9% שומן 500 ג' תנובה,מיוצר עי קונדיטוריית,,תנובה גבינה לבנה 9%,גרמים,500.00,100 גרם,false,,8.90,0.0178,true,1,25916
7290004127862,false,"גבינה לבנה 750 גרם 5% ""תנובה"" - מוצר בפיקוח",תנובה מרכז שיתופי לש,,תנובה גבינה למריחה מ,גרמים,750.00,100 גרם,false,,14.90,0.0199,true,1,25917
7290004127916,false,גבינה לבנה 0.5% שומן 500 ג' תנובה,תנובה מרכז שיתופי לש,,תנובה גבינת %1/2 500,גרמים,500.00,100 גרם,false,,8.90,0.0178,true,1,25918
7290004128333,false,לאבנה על בסיס יוגורט %9 שומן 500 ג' פיראוס,תנובה בעמ ***,,פיראוס לאבנה גביע %9,גרמים,500.00,100 גרם,false,,19.90,0.0398,true,1,25920
7290004129101,false,גבינת שמנת 25% בטעם טבעי 225 ג' נפוליאון,תנובה מרכז שיתופי לש,,נפוליאון בטעם טבעי 2,גרמים,225.00,100 גרם,false,,15.50,0.0689,true,1,25924
7290004129156,false,גבינת שמנת25% עם שום שמיר 225 ג' נפוליאון,תנובה מרכז שיתופי לש,,נפוליאון שום שמיר 25,גרמים,225.00,100 גרם,false,,15.50,0.0689,true,1,25926
7290004130794,false,משקה סויה במתיקות מופחתת תנובה (1 ליטר),תנובה מרכז שיתופי לש,,סויה תנובה טבעי במתי,ליטרים,1.00,ליטר,false,,10.90,10.9000,true,1,25933
7290004130916,false,יוגורט יופלה פירות יער בשמנת 3% 150 גרם,תנובה מרכז שיתופי לש,,יופלה בטעם פירות יער,גרמים,150.00,100 גרם,false,,5.50,0.0367,true,1,25934
7290004131074,false,"חלב 1 ליטר 3% קרטון ""תנובה""- מוצר בפיקוח",תנובה מרכז שיתופי לש,,חלב תנובה הומוגני מה,ליטרים,1.00,ליטר,false,,6.23,6.2300,true,1,25936
7290004131814,false,גבינת צפתית מעודנת (2005% גרם)פיראוס ת,פארייפאבה אגרואינדוס,,פיראוס צפתית מעודנת,גרמים,200.00,100 גרם,false,,13.90,0.0695,true,1,25944
7290004132552,false,משקה סויה בטעם טבעי לייט תנובה 1 ליטר,תנובה מרכז שיתופי לש,,סויה תנובה לייט בטעם,ליטרים,1.00,ליטר,false,,10.90,10.9000,true,1,25951
7290004132712,false,חטיף אצבעות גבינת מוצרלה 20% 172 ג' עמק,תנובה מרכז שיתופי לש,,עמק אצבעות מוצרלה 20,גרמים,174.00,100 גרם,false,,14.90,0.0856,true,1,25953
7290004135072,false,"מעדן חלב מיני שוקולדה 1.5% מהדרין קרלו 8*100 מ""ל",תנובה מרכז שיתופי לש,,קרלו מיני שוקולד בדץ,מיליליטרים,800.00,"100 מ""ל",false,,13.90,0.0174,true,1,25966
7290004135119,false,מעדן חלב בטעם וניל בדץ קרלו (100x8 גרם),תנובה מרכז שיתופי לש,,קרלו מיני וניל בדץ 8,מיליליטרים,800.00,"100 מ""ל",false,,13.90,0.0174,true,1,25967
7290004135225,false,מעדן חלב דל קלוריות בטעם שוקולד 0.2שומ,תנובה מרכז שיתופי לש,,מעדן תנובה דיאט שוקו,מיליליטרים,150.00,"100 מ""ל",false,,3.90,0.0260,true,1,25968
7290004136598,false,מארז הפסקת אוכל עם קורנפלקס ומשקה חלב עמיד בטעם וניל,פארייפאבה אגרואינדוס,,מארז הפסקת אוכל חלב,גרמים,150.00,100 גרם,false,,9.50,0.0633,true,1,25977
7290004136857,false,מעדן ג`לי בטעם פטל תנובה (125 גרם),תנובה מרכז שיתופי לש,,ג'לי תנובה פטל 125מל,מיליליטרים,125.00,"100 מ""ל",false,,2.50,0.0200,true,1,25978
7290004136864,false,מעדן ג'לי בטעם אננס עם חתיכות תנובה 125 גרם,תנובה בעמ ***,,ג'לי תנובה אננס עם ח,מיליליטרים,125.00,"100 מ""ל",false,,2.90,0.0232,true,1,25979
7290004136871,false,מעדן ג'לי בטעם אפרסק עם חתיכות תנובה 125 גרם,תנובה מרכז שיתופי לש,,ג'לי תנובה אפרסק עם,מיליליטרים,125.00,"100 מ""ל",false,,2.90,0.0232,true,1,25980
7290004137021,false,"שמנת עמידה לבישול מופחת שומן 10% השף הלבן 250 מ""ל",תנובה מרכז שיתופי לש,,שף לבן שמנת לבישול 1,מיליליטרים,250.00,"100 מ""ל",false,,8.90,0.0356,true,1,25982
7290004137809,false,לאבנה אסלית 5% גביע (250 גרם)פיראוס תנו,"תנובה, מחלבת אלון תב",,פיראוס לאבנה 5% 250ג,גרמים,250.00,100 גרם,false,,12.90,0.0516,true,1,25984
7290004150112,false,חומוס מזרחי פיקנטי פרימיום 300 גרם שמיר,"סלטי שמיר 2006 בע""\מ",,חומוס מזרחי 300 גרם,גרמים,300.00,100 גרם,false,,14.90,0.0497,true,1,295759
7290004150129,false,טחינה פיקנטי פרימיום 300 גרם שמיר,"סלטי שמיר 2006 בע""\מ",,טחינה ביתית 300 גרם,גרמים,300.00,100 גרם,false,,14.90,0.0497,true,1,295760
7290004150136,false,חציל על האש פיקנטי פרימיום 300 גרם שמיר,"סלטי שמיר 2006 בע""\מ",,חציל על האש 300 גרם,גרמים,300.00,100 גרם,false,,14.90,0.0497,true,1,295761
7290004150143,false,חציל במיונז פיקנטי פרימיום 300 גרם שמיר,"סלטי שמיר 2006 בע""\מ",,חציל במיונז 300 גרם,גרמים,300.00,100 גרם,false,,14.90,0.0497,true,1,295762
7290004150150,false,חציל בטחינה פיקנטי פרימיום 300 גרם שמיר,"סלטי שמיר 2006 בע""\מ",,חציל בטחינה 300 גרם,גרמים,300.00,100 גרם,false,,14.90,0.0497,true,1,295763
7290004150174,false,קולסלאו פיקנטי פרימיום 300 גרם שמיר,"סלטי שמיר 2006 בע""\מ",,סלט קולסלאו 300 גרם,גרמים,300.00,100 גרם,false,,14.90,0.0497,true,1,295765
7290004150198,false,סלק מגורד פיקנטי פרימיום 300 גרם שמיר,"סלטי שמיר 2006 בע""\מ",,סלק מגורד 300 גרם,גרמים,300.00,100 גרם,false,,14.90,0.0497,true,1,295767
7290004150204,false,מטבוחה 300 גרם פיקנטי פרימיום,"סלטי שמיר 2006 בע""\מ",,סלט מטבוחה 300 גרם,גרמים,300.00,100 גרם,false,,14.90,0.0497,true,1,295768
7290004150211,false,תורכי איסטנבול פיקנטי פרימיום 300 גרם שמיר,"סלטי שמיר 2006 בע""\מ",,סלט תורכי איסטנבול 3,גרמים,300.00,100 גרם,false,,14.90,0.0497,true,1,295769
7290004150228,false,כרוב אדום פיקנטי פרימיום 300 גרם שמיר,"סלטי שמיר 2006 בע""\מ",,סלט כרוב אדום במיונז,גרמים,300.00,100 גרם,false,,14.90,0.0497,true,1,295770
7290004150235,false,חומוס עם חריף פיקנטי פרימיום 300 גרם שמיר,"סלטי שמיר 2006 בע""\מ",,חומוס עם חריף 300 גר,גרמים,300.00,100 גרם,false,,14.90,0.0497,true,1,295771
7290004194703,false,כבד צלוי טרי 250 גרם מחפוד,עוף ירושלים שיווק בעמ,,כבד צלוי טרי 200 גרם,גרמים,200.00,100 גרם,false,,30.90,0.1545,true,1,206793
7290004199579,false,פלסטר מעורב 100 יח' - SUNNY PLASTER,הדקלאים אגודת שיתופי,,סאני פלסטר אינטרסן 1,יחידה,0.00,יחידה,false,,9.90,0.0000,true,1,895
7290004199784,false,כפפות S לטקס עם איבוק עדין 100 יח- SAFE TOUCH,אינטרסן (1996) בעמ,,כפפות לאטקס סייף טאצ,יחידה,0.00,יחידה,false,,22.90,0.0000,true,1,69258
7290004199791,false,כפפות M לטקס עם איבוק עדין 100 יח- SAFE TOUCH,אינטרסן (1996) בעמ,,כפפות לאטקס סייף טאצ,יחידה,0.00,יחידה,false,,22.90,0.0000,true,1,69259
7290004199807,false,כפפות L לטקס עם איבוק עדין 100 יח- SAFE TOUCH,אינטרסן (1996) בעמ,,כפפות לאטקס סייף טאצ,יחידה,0.00,יחידה,false,,22.90,0.0000,true,1,69260
7290004200244,false,פרסים רמה 3,שמחה זה אנחנו,,פרסים רמה 3,יחידה,0.00,יחידה,false,,9.50,0.0000,true,1,32214
7290004219826,false,מלבין קפה הולנדי קומפלטה 400ג',ג. וילי-פוד אינטרנשיונל בע`מ,,קומפלטה מלבין קפה הו,גרמים,400.00,100 גרם,false,,19.90,0.0497,true,1,2890
7290004230333,false,מקלות בורקס פילו תפ`א 600 גר` שגב קפוא,האי נאם סי או אל.טי.,,שגב מקלות בורקס פילו,גרמים,600.00,100 גרם,false,,19.90,0.0332,true,1,17056
7290004230944,false,מקלות פילו גבינה 600 גר' שלושת האופים לנדא,שלושת האופים שגמור,,מקלות בורקס פילו גבי,גרמים,600.00,100 גרם,false,,19.90,0.0332,true,1,17062
7290004267230,false,פריכיות אורז מצופה שוקולד ברמן 80 ג',ברמן שוקולד ועוגיות,,פריכיות אורז מצופה ש,גרמים,80.00,100 גרם,false,,5.90,0.0738,true,1,13142
7290004492274,false,בייגלה טבעות מלוחות בייגל בייגל 400 גרם,"יוניליוור ישראל שיווק בע""מ",,טבעות מלוחות 400 גר,גרמים,400.00,100 גרם,false,,10.90,0.0273,true,1,10381
7290004537241,false,אפונת גינה שדה בשקית,בסט מייסטר,,אפונת גינה קפואה 800,גרמים,800.00,100 גרם,false,,11.90,0.0149,true,1,51509
7290004537258,false,אפונה וגזר 800 גר שד,,,אפונה וגזר 800 גר שד,גרמים,800.00,100 גרם,false,,11.90,0.0149,true,1,51510
7290004575007,false,טילון וניל וופך ושברי אגוז ריאו מארז 70X5ג',"גלידות ריאו ביח""ר לג",,מארז טילונים 5*70 גר,גרמים,350.00,100 גרם,false,,15.90,0.0454,true,1,20542
7290004575069,false,גלידה מיניס חטיפים וניל ציפוי שוקו' ופצפוצי נ.חיטה ריאו מארז 32יח',ריאו נתניה ביחר לגלידה,,מיניס וניל אגוזי טופ,גרמים,700.00,100 גרם,false,,40.90,0.0584,true,1,20546
7290004575229,false,גלידת סנקור ריאו מארז חמישייה,"ריאו נתניה ביח""\ר לגלידה",,חמישיית סנקור 5 יח`,גרמים,500.00,100 גרם,false,,21.90,0.0438,true,1,20552
7290004575335,false,ארטיק מגיק מיני וניל ציפוי שוקו' ופצפוצי נ.חיטה ריאו מארז 45X8ג'באריזה,ריאו נתניה ביחר לגלידה,,שלגוני מיני מגי'ק 8,יחידה,0.00,יחידה,false,,19.90,0.0000,true,1,20553
7290004575397,false,גלידה בטעמי מוקה וניל פיסטוק 1.8 ל' ריאו,ריאו נתניה ביחר לגלידה,,גלידת חלבי/ילדודס 1.,ליטרים,1.80,ליטר,false,,15.90,8.8333,true,1,20556
7290004575403,false,טריו גלידת פרווה בטעמים 1.8 ליטר ריאו,ריאו נתניה ביחר לגלידה,,גלידת פרווה בטעמים 1,ליטרים,1.80,ליטר,false,,15.90,8.8333,true,1,20557
7290004575540,false,קרחון בודד בטעמים ריאו 90 גרם,ריאו נתניה ביחר לגלידה וממתקי,,קרחונים ריאו בודדים,גרמים,82.00,100 גרם,false,,1.50,0.0183,true,1,20563
7290004575564,false,שלגון גלי גל פרווה בודד ריאו,ריאו נתניה ביחר לגלידה,,שלגון גליגל פרווה 7,גרמים,75.00,100 גרם,false,,1.90,0.0253,true,1,20565
7290004575588,false,טילון ריבת חלב ריאו 60ג 'חלבי,ריאו נתניה ביחר לגלידה,,טילון ריבת חלב 70 גר,גרמים,70.00,100 גרם,false,,3.90,0.0557,true,1,20567
7290004584351,false,גבינה לבנה סימפוניה עם תוספות 200 ג' חמישית 200,שטראוס גרופ בעמ/מצונן,,סימפוניה חמישית 200ג,גרמים,200.00,100 גרם,false,,11.90,0.0595,true,1,23288
7290004584528,false,יוגורט דנונה ביו לבן 1.7% שומן 200 גרם,שטראוס גרופ בעמ/מצונן,,דנונה יוגורט טבעי 1.,מיליליטרים,200.00,"100 מ""ל",false,,3.70,0.0185,true,1,23289
7290004658946,false,פרייבט קולקשן שרדונה יקבי כרמל (750 מל),"כד בני דרום בע""מ",,יין P.C שרדונה לבן,מיליליטרים,750.00,"100 מ""ל",false,,39.90,0.0532,true,1,507
7290004658960,false,יין אמרלד ריזלינג פרייבט קולקשן יקבי כרמל,אגודת הכורמים הקואופרטיב,,יין P.C אמרלד ריזל,מיליליטרים,750.00,"100 מ""ל",false,,39.90,0.0532,true,1,509
7290004731076,false,אל סבון נוזלי עם אלוורה כיף 1 ליטר,החברה הדרומית לשיווק בעמ,,אלסבון אלוורה כיף 1,ליטרים,1.00,ליטר,false,,12.90,12.9000,true,1,29862
7290004731410,false,"שלישיית כריות קרצוף ירוקות סנו סושי 25X10.6 ס""מ",החברה הדרומית לשיווק בעמ,,כרית קרצוף סנו סושי,יחידה,0.00,יחידה,false,,9.90,0.0000,true,1,29869
7290004731472,false,"אל סבון צבעוני כיף שלישיה* 500 מ""ל",החברה הדרומית לשיווק בעמ,,שלישיית אלסבון צבעונ,ליטרים,1.50,ליטר,false,,19.90,13.2667,true,1,29870
7290004731564,false,"מקסימה מבשם ומרכך למייבש הכביסה בלו בלוסום 750 מ""ל",החברה הדרומית לשיווק בעמ,,סנו מקסימה מבשם ומרכ,מיליליטרים,750.00,"100 מ""ל",false,,19.90,0.0265,true,1,29873
7290004731984,false,משחת שיניים אורביטול להלבנה 145 גר,טרופיקל דגיל תעשיות קוסמ,,אורביטול משחת שיניים,גרמים,145.00,100 גרם,false,,14.90,0.1028,true,1,80459
7290004872359,false,"קרחון דובדבן עם סוכריות כשל""פ",נגה גלידות שותפות מוגבלת,,קרחון דובדבן,יחידה,0.00,יחידה,false,,2.90,0.0000,true,1,16097
7290004872731,false,טילון וניל אקסטרים נסטלה 72 גרם,גלידות נסטלה,,אקסטרים וניל,יחידה,0.00,יחידה,false,,6.90,0.0000,true,1,16098
7290004944032,false,חומוס אמיתי אסלי שמיר 400 גרם,"סלטי שמיר 2006 בע""מ",,חומוס אסלי 400 גר,גרמים,400.00,100 גרם,false,,10.90,0.0273,true,1,17697
7290004944056,false,סדרת האסלי חציל במיונז שמיר 400 גרם,"סלטי שמיר 2006 בע""מ",,חציל במיונז 400גר,גרמים,400.00,100 גרם,false,,10.90,0.0273,true,1,17699
7290004944063,false,סלט תורכי אסלי שמיר 400 ג',"סלטי שמיר 2006 בע""מ",,תורכי אסלי 400 גרם,גרמים,400.00,100 גרם,false,,10.90,0.0273,true,1,17700
7290005008191,false,"סבון נוזלי ארומה בניחוח לבנדר פטצ'ולי וילנג ילנג פלמוליב 500 מ""ל",הנסיך- מפעל לייצור ט,,סבון נוזלי ארומה סגו,מיליליטרים,500.00,"100 מ""ל",false,,15.90,0.0318,true,1,21472
7290005008481,false,ספיד סטיק - דאודורנט ג'ל לגבר ספורט 85 גרם,הנסיך- מפעל לייצור ט,,דאודורנט ג'ל ספורט ס,גרמים,85.00,100 גרם,false,,26.90,0.3165,true,1,21473
7290005095061,false,נר נשמה בפחית 26 שעות,HQP,,נר נשמה 26 שעות שקד,גרמים,68.00,100 גרם,false,,2.40,0.0353,true,1,179335
7290005095269,false,נרות חימום בשקית-שקד 50,סין,,נרות חימום 50 יח' שק,גרמים,500.00,100 גרם,false,,9.90,0.0198,true,1,328684
7290005113222,false,זיתים קוקטייל וגמבה יבנה 350ג',קבוצת יבנה מוצרי מזון אגודה שי,,זיתים מיקס יבנה 540,גרמים,340.00,100 גרם,false,,9.90,0.0291,true,1,44730
7290005168253,false,"יין קליל דל אלכוהול יקבי ציון 750 מ""ל",יקבי ציון,,קליל יין לקידוש 750,מיליליטרים,750.00,"100 מ""ל",false,,15.20,0.0203,true,1,11956
7290005168284,false,"יין גן עדן יקבי ציון 750 מ""ל",יקבי ציון (1982) בעמ,,"גן עדן 750 מ""ל",מיליליטרים,750.00,"100 מ""ל",false,,19.90,0.0265,true,1,11957
7290005168314,false,"יין אצילים מתוק לקידוש יקבי ציון 750 מ""ל",יקבי ציון,,יין אצילים אדום מתוק,מיליליטרים,750.00,"100 מ""ל",false,,15.50,0.0207,true,1,11959
7290005168420,false,מיץ ענבים בית סבא יקבי ציון 1 ליטר,יקבי ציון,,מיץ בית סבא 1 ליטר,ליטרים,1.00,ליטר,false,,17.50,17.5000,true,1,11961
7290005174513,false,חציל על האש במיונז אחלה 400 גרם+225גר,שטראוס גרופ בעמ/מצונן,,חציל במיונז אחלה 500,גרמים,500.00,100 גרם,false,,15.90,0.0318,true,1,23291
7290005174551,false,סלט חומוס עם צנוברים 125 ג' אחלה,שטראוס גרופ בעמ/מצונן,,אחלה חומוס 125ג,גרמים,125.00,100 גרם,false,,4.90,0.0392,true,1,23292
7290005174575,false,טחינה אחלה יום יום משובחת 125ג',שטראוס גרופ בעמ/מצונן,,אחלה טחינה 125גר,גרמים,125.00,100 גרם,false,,4.90,0.0392,true,1,23294
7290005197758,false,"עוגיות חיוכים שוקולד עלית 150 גרם בד""צ",אפיפית נצרת תעשיות ב,,חיוכים של שוקו,גרמים,150.00,100 גרם,false,,5.50,0.0367,true,1,22230
7290005200786,false,תפוצ'יפס בטעם שמנת בצל עלית 50 גרם,"שטראוס פריטו ליי בע""\מ )",,תפוציפס שמנת ובצל 50,גרמים,50.00,100 גרם,false,,4.30,0.0860,true,1,24151
7290005201455,false,קפה נמס מגורען ארומה קלאסי עלית 200 גרם,שטראוס גרופ בע`מ,,ארומה קפה נמס 200 גר,גרמים,200.00,100 גרם,false,,23.90,0.1195,true,1,22239
7290005201882,false,קפה טורקי בצלופן עלית 200 גרם,הנסיך- מפעל לייצור ט,,טורקי עלית 200 גר',גרמים,200.00,100 גרם,false,,15.90,0.0795,true,1,22241
7290005287213,false,"רביעיית טונה בשמן סטארקיסט 160 גרם בד""צ",דיפלומט מפיצים (1968) בעמ**,,טונה בשמן סטארקיסט ב,גרמים,640.00,100 גרם,false,,26.90,0.0420,true,1,26644
7290005287251,false,רביעיית טונה במים סטארקיסט 160 גרם,דיפלומט מפיצים (1968) בעמ**,,טונה במים סטארקיסט ר,גרמים,640.00,100 גרם,false,,26.90,0.0420,true,1,26646
7290005296260,false,"אסטוניש ספריי רסס ונגב לניקוי כללי יעקבי 750 מ""ל","יעקב יעקבי ובניו בע""מ",,אסטוניש רסס ונגב 750,מיליליטרים,750.00,"100 מ""ל",false,,13.90,0.0185,true,1,11298
7290005326585,false,ממרח אוליביה פסטו בזיליקום 180 ג',"אוליביה גורמה בע""מ",,אוליביה פסטו בזיליקו,גרמים,180.00,100 גרם,false,,12.90,0.0717,true,1,25990
7290005384851,false,וילי פוד מיץ לימון בדץ 200מל,קריות זול,,מיץ לימון משומר וילי,מיליליטרים,200.00,"100 מ""ל",false,,3.90,0.0195,true,1,2900
7290005403972,false,תחתיות ארטישוק 400 ג,,,תחתיות ארטישוק 400 ג,גרמים,400.00,100 גרם,false,,15.90,0.0398,true,1,51522
7290005403989,false,במיה קפואה 600 גרם ש,,,במיה קפואה 600 גרם ש,גרמים,600.00,100 גרם,false,,10.90,0.0182,true,1,51523
7290005423253,false,"סנו - מקסימה מרסס למייבש כביסה אולטרה פרש 750 מ""ל",החברה הדרומית לשיווק בעמ,,סנו מקסימה למייבש או,מיליליטרים,750.00,"100 מ""ל",false,,19.90,0.0265,true,1,29888
7290005423499,false,"תרסיס לניקוי משטחי נירוסטה אירוסל סנו 500 מ""ל",החברה הדרומית לשיווק בעמ,,סנו נירוסטה אירוסול,מיליליטרים,476.00,"100 מ""ל",false,,19.90,0.0418,true,1,29896
7290005423567,false,מטליות ניקוי רב שימושיות בגליל סנו סושי 40 יחידות,החברה הדרומית לשיווק בעמ,,סנו סושי מטלית לכל 3,יחידה,0.00,יחידה,false,,22.00,0.0000,true,1,29899
7290005423635,false,ריצפז נוזל רצפות דוחה תיקנים סנו 2 ליטר,החברה הדרומית לשיווק בעמ,,נוזל לניקוי רצפות דו,ליטרים,2.00,ליטר,false,,21.90,10.9500,true,1,29900
7290005423888,false,אלסבון כיף שלישיה מעורב,טרופיקל דגיל תעשיות,,שלישיית אלסבון מעורב,ליטרים,1.50,ליטר,false,,19.90,13.2667,true,1,29904
7290005424755,false,מטליות ריצפז פלוס לחות לניקוי רצפות דוחה תיקנים 10 יח' סנו,החברה הדרומית לשיווק בעמ,,ריצפז פלוס מטליות לח,יחידה,0.00,יחידה,false,,16.90,0.0000,true,1,29917
7290005424762,false,ריצפז פלוס ווקס נוזל להברקת רצפות דוחה תיקנים סנו 2 ליטר,החברה הדרומית לשיווק בעמ,,ריצפז פלוס ווקס דוחה,ליטרים,2.00,ליטר,false,,28.90,14.4500,true,1,29918
7290005425073,false,"מטהר אויר בניחוח יסמין ועץ סאנדלווד סנו 300 מ""ל",החברה הדרומית לשיווק בעמ,,דואופרש יסמין עץ סאנ,מיליליטרים,300.00,"100 מ""ל",false,,11.90,0.0397,true,1,29927
7290005425196,false,"מקסימה אבקת כביסה סנסיטיב סנו 2.5 ק""ג",החברה הדרומית לשיווק בעמ,,אבקת כביסה סנו מקסימ,קילוגרמים,2.50,"ק""ג",false,,26.90,10.7600,true,1,29930
7290005426568,false,"קרמה - קרם לחות לשיער רגיל 400 מ""ל",החברה הדרומית לשיווק בעמ,,קרם לחות לשיער רגיל,מיליליטרים,400.00,"100 מ""ל",false,,19.90,0.0497,true,1,29955
7290005426940,false,"סנו K-300 מדביר חרקים 475 מ""ל",טרופיקל דגיל תעשיות,,סנו 300 K פלוס 8,מיליליטרים,400.00,"100 מ""ל",false,,19.90,0.0497,true,1,29963
7290005427633,false,"כיף גל לשיער לשיער חזק במיוחד 1 ק""ג",החברה הדרומית לשיווק בעמ,,ג'ל לשיער לשיער חזק,קילוגרמים,1.00,"ק""ג",false,,19.90,19.9000,true,1,29983
7290005428852,false,ממחטות טישו צבעוניים סנו סופט 5 יח' *100דף,החברה הדרומית לשיווק בעמ,,סנו סופט מגבוני טישו,יחידה,0.00,יחידה,false,,14.90,0.0000,true,1,29998
7290005429279,false,סנו מקסימה קומפקט קומפקט אפקט גאוול 6 ק,החברה הדרומית לשיווק בעמ,,אבקת כביסה סנו מקסימ,קילוגרמים,6.00,"ק""ג",false,,49.90,8.3167,true,1,30005
7290005430602,false,"סנו אוקסיג'ן ספריי להסרת כתמים עם חמצן פעיל 750 מ""ל",החברה הדרומית לשיווק בעמ,,סנו אוקסיג'ן מסיר כת,מיליליטרים,750.00,"100 מ""ל",false,,17.90,0.0239,true,1,30010
7290005431883,false,מלבי חלבי עדן קינוחים 165 גרם,עדן קינוחים Eden,,עדן מלבי חלבי 165 גר,גרמים,165.00,100 גרם,false,,7.50,0.0455,true,1,26001
7290005431906,false,מארז קדאיף 82 גר`עדן קינוחים,עדן קינוחים Eden,,עדן קדאיף 82 גרם,גרמים,82.00,100 גרם,false,,7.50,0.0915,true,1,26003
7290005431913,false,עוגת גבינה פירורים עדן קינוחים 92 גרם,עדן קינוחים Eden,,קינוחי עדן עוגת גבינ,גרמים,92.00,100 גרם,false,,7.50,0.0815,true,1,26004
7290005431920,false,עוגת גבינה פירורים לייט עדן קינוחים 78 גרם,עדן קינוחים Eden,,עדן עוגת גבינה פירור,גרמים,78.00,100 גרם,false,,7.50,0.0962,true,1,26005
7290005431937,false,מעדן טירמיסו 82 גר`עדן קינוחים,עדן קינוחים Eden,,עדן טירמיסו 82 גרם,גרמים,82.00,100 גרם,false,,7.50,0.0915,true,1,26006
7290005437540,false,"פטריות שמפיניון חתוכות בד""צ טעמן 290 גרם",טעמן שווק מזון בעמ,,פיטריות חתוכות טעמן,גרמים,290.00,100 גרם,false,,4.50,0.0155,true,1,9592
7290005559990,false,בצק עלים פילאס תורכי 600 גרם קפוא,תנובה מרכז שיתופי לשיווק תוצרת,,בצק פילאס תורכי מעדנ,גרמים,600.00,100 גרם,false,,21.90,0.0365,true,1,35614
7290005576010,false,חסה מהדרין גלאט עלים,רביבים עלי דשא בעמ,,חסה מהדרין,יח',1.00,יח',false,,7.90,7.9000,true,1,44768
7290005576027,false,פטרוזיליה גלאט עלים - יח,רביבים עלי דשא בעמ,,פטרוזיליה גלאט עלים,יח',1.00,יח',false,,6.90,6.9000,true,1,44769
7290005576034,false,כוסברה גלאט עלים - יח',רביבים עלי דשא בעמ,,כוסברה מהדרין,יח',1.00,יח',false,,6.90,6.9000,true,1,44770
7290005576041,false,שמיר גלאט יחידה,רביבים עלי דשא בעמ,,שמיר מהדרין,יח',1.00,יח',false,,6.90,6.9000,true,1,44771
7290005576058,false,נענע מהדרין,,,נענע מהדרין,יח',1.00,יח',false,,6.90,6.9000,true,1,44772
7290005576065,false,סלרי גלאט יחידה,רביבים עלי דשא בעמ,,סלרי מהדרין,יח',1.00,יח',false,,7.90,7.9000,true,1,44773
7290005576072,false,מנגולד עלי סלק גלאט,רביבים עלי דשא בעמ,,מנגולד מהדרין,יח',1.00,יח',false,,7.90,7.9000,true,1,44774
7290005576089,false,בצל ירוק גלאט יחידה,רביבים עלי דשא בעמ,,בצל ירוק מהדרין,יח',1.00,יח',false,,7.90,7.9000,true,1,44775
7290005576096,false,כרוב לבן שלם גלאט עלים,רביבים עלי דשא בעמ,,כרוב לבן גלאט,קילוגרמים,1.00,"ק""ג",true,,15.90,15.9000,true,1,44759
7290005576164,false,בזיליקום גלאט עלים,,,עשבי תיבול מהדרין,יח',1.00,יח',false,,8.90,8.9000,true,1,44779
7290005576171,false,כרוב סגול שלם גלאט עלים,רביבים,,כרוב אדום גלאט,קילוגרמים,1.00,"ק""ג",true,,15.90,15.9000,true,1,44761
7290005576201,false,כרוב לבן קצוץ 400 ג' גאלט,רביבים עלי דשא בעמ,,כרוב לבן קצוץ 400 גר,גרמים,400.00,100 גרם,false,,12.90,0.0323,true,1,44781
7290005576218,false,כרוב אדום קצוץ 400 ג' גאלט,רביבים עלי דשא בעמ,,כרוב אדום 400 גרם,גרמים,400.00,100 גרם,false,,12.90,0.0323,true,1,44782
7290005576225,false,קולוסלאו גלאט עלים 400ג' בי&די,רביבים עלי דשא בעמ,,קולסלאו 400 גרם בדץ,גרמים,400.00,100 גרם,false,,12.90,0.0323,true,1,20476
7290005576249,false,לקט קלאסי ירקות מהדרין 350 גר',רביבים,,לקט קלאסי 350 גרם,גרמים,350.00,100 גרם,false,,13.90,0.0397,true,1,44784
7290005576348,false,שבבי גזר 250 גרם,יעל ירק עלים,,גזרדק דק 250 גרם,גרמים,250.00,100 גרם,false,,7.90,0.0316,true,1,44790
7290005576591,false,עלי חסה שטופה,,,עלי חסה שטופה,יח',1.00,יח',false,,12.90,12.9000,true,1,44792
7290005576614,false,סלק מבושל קלוף ומוכן לאכילה,רביבים עלי דשא בעמ,,סלק בוואקום גלאט עלי,יח',1.00,יח',false,,7.90,7.9000,true,1,44793
7290005589829,false,לקקן 8 יח תרנגול/לב /מוצץ,לירון קרביץ יבוא שיווק וסחר,,לקקן 8 יח' 185 גרם,גרמים,185.00,100 גרם,false,,11.90,0.0643,true,1,117989
7290005591761,false,דבש טהור מפרחי בר בלחיץ 400 ג' יד מרדכי,מכוורת יד מרדכי שטרא,,דבש טהור מפרחי בר בל,גרמים,400.00,100 גרם,false,,22.90,0.0572,true,1,22242
7290005610226,false,תפוח אדמה גורמה אדום,,,תפו`א גורמה אדום ד,קילוגרמים,1.00,"ק""ג",true,,6.90,6.9000,true,1,50899
7290005719189,false,לחם מחמצת שיפון אגוז,,,לחם מחמצת שיפון אגו,יח',1.00,יח',false,,18.90,18.9000,true,1,2698
7290005838002,false,מעדן גבינה ויוגורט בטעם וניל 88 ג' דניאלה,שטראוס גרופ בעמ/מצונן,,דניאלה מעדן גבינה 15,מיליליטרים,150.00,"100 מ""ל",false,,4.30,0.0287,true,1,23296
7290005838613,false,קרם גבינה 3% בטעם וניל סקי (125 גרם),שטראוס גרופ בעמ/מצונן,,גבינה וניל 3% סקי 12,גרמים,125.00,100 גרם,false,,3.90,0.0312,true,1,23297
7290005838972,false,סקי יום יום גבינה לבנה %5 125 גרם,שטראוס גרופ בעמ/מצונן,,גבינת יום יום 5% סקי,גרמים,125.00,100 גרם,false,,3.50,0.0280,true,1,23298
7290005839078,false,שמיניית יוגורט לבן 3% ביו דנונה 150 גרם,שטראוס גרופ בעמ/מצונן,,דנונה ביו מארז חסכון,קילוגרמים,1.20,"ק""ג",false,,17.90,14.9167,true,1,23299
7290005839108,false,גבינה לבנה סימפוניה עם תוספות 200 ג'+זיתים 5%,שטראוס גרופ בעמ/מצונן,,סימפוניה עם זיתים 5%,גרמים,200.00,100 גרם,false,,11.90,0.0595,true,1,23300
7290005839313,false,מילקי Top עם שוקולדה מגולגלת 140 גרם,שטראוס גרופ בעמ/מצונן,,מילקי טופ מגולגלת 14,מיליליטרים,142.00,"100 מ""ל",false,,4.90,0.0345,true,1,23301
7290005896439,false,"בירה מכבי, בקבוק חוזר 500 מ''ל","טמפו משקאות בע""מ",,מכבי בקבוק חוזר 500,מיליליטרים,500.00,"100 מ""ל",false,,6.90,0.0138,true,1,9391
7290005896453,false,"בירה מכבי 7.9%, בירה חזקה, בקבוק חוזר 500 מ''ל",פארייפאבה אגרואינדוס,,בירה מכבי 7.9 בקבוק,מיליליטרים,500.00,"100 מ""ל",false,,8.50,0.0170,true,1,9392
7290005896460,false,"בירה איגל לאגר חזקה 7.8% 500 מ""ל פחית",טמפו משקאות בעמ,,איגל בירה חזקה 7.8%,מיליליטרים,500.00,"100 מ""ל",false,,6.90,0.0138,true,1,9393
7290005896620,false,סאן בנדטו - מוגז עדין - 1.5 ליטר,אקווה מינרלה סאן בנד,,סאן בנדטו מים מינרלי,ליטרים,1.50,ליטר,false,,4.90,3.2667,true,1,9394
7290005992018,false,"יוגורט עיזים לשתיה 3% מחלבות גד 500 מ""ל",מחלבות גד שיווק 1992 בעמ,,גד יוגורט עיזים 3% 5,מיליליטרים,500.00,"100 מ""ל",false,,12.90,0.0258,true,1,14636
7290006065049,false,בלו פיש פילה באס יפני 5-7 (לברק),,,פילה באס יפני 7-9 20,קילוגרמים,1.00,"ק""ג",true,,41.90,41.9000,true,1,163417
7290006065179,false,סטייק טונה קפוא בואק,,,סטייק טונה קפוא בואק,קילוגרמים,1.00,"ק""ג",true,,39.90,39.9000,true,1,122629
7290006185501,false,"פנינה רוזנבלום -אל סבון נוזלי ורוד,1 ליטר","פנינה רוזנבלום בע""מ",,אל סבון נוזלי ורוד פ,יחידה,0.00,יחידה,false,,9.90,0.0000,true,1,18132
7290006185518,false,אל סבון נוזלי כחול 1 ליטר פנינה רוזנבלום,"פנינה רוזנבלום בע""מ",,אל סבון נוזלי כחול פ,יחידה,0.00,יחידה,false,,9.90,0.0000,true,1,18133
7290006199942,false,"שמיניית גלידל פרי דובדבן ""פלדמן""",הגלידות של פלדמן,,פופסיקל בטעם דובדבן,גרמים,640.00,100 גרם,false,,24.90,0.0389,true,1,63980
7290006229588,false,בירה איגל לאגר פרימיום חזקה 6.3% 500 מל,טמפו משקאות בעמ,,איגל בירה פחית זהב 5,מיליליטרים,500.00,"100 מ""ל",false,,5.90,0.0118,true,1,9409
7290006241191,false,אגוזי מלך טבעיים קליית גת (150 גרם),הדקלאים אגודת שיתופי,,אגוזי מלך 150 גרם קל,גרמים,150.00,100 גרם,false,,17.90,0.1193,true,1,12797
7290006251107,false,תה מסאלה צ'אי ויסוצקי 25 יחידות,תה ויסוצקי (ישראל) בעמ,,תה מסאלה ויסוצקי 2/2,גרמים,50.00,100 גרם,false,,20.90,0.4180,true,1,24643
7290006251275,false,תה ירוק סיני קלאסי ויסוצקי 25 יחידות,תה ויסוצקי (ישראל) בעמ,,תה ירוק סיני,גרמים,37.50,100 גרם,false,,26.90,0.7173,true,1,24645
7290006251343,false,חליטת פסיפלורה מנגו הגן הקסום ויסוצקי 25 יחידות,תה ויסוצקי (ישראל) בעמ,,תה חליטה הגן הקסום פ,גרמים,62.50,100 גרם,false,,17.90,0.2864,true,1,24647
7290006251374,false,תה ירוק לימונית וג'ינג'ר ויסוצקי 25 יחידות,תה ויסוצקי (ישראל) בעמ,,תה ירוק לימונית וג'י,גרמים,25.00,100 גרם,false,,26.90,1.0760,true,1,24648
7290006256775,false,"יין גאטו נגרו מלבק 750 מ""ל",היכל היין שקד גולן בעמ,,גאטו נגרו מלבק 750 מ,מיליליטרים,750.00,"100 מ""ל",false,,39.90,0.0532,true,1,244791
7290006271174,false,ג'חנון לאפיה בתנור מעדנות 700 גרם,תנובה מרכז שיתופי לשיווק תוצרת,,גחנון לאפיה בתנור מע,גרמים,700.00,100 גרם,false,,19.90,0.0284,true,1,35615
7290006271181,false,ג'חנון אפוי למיקרוגל מעדנות 750 גרם,תנובה מרכז שיתופי לשיווק תוצרת,,מעדנות גחנון אפוי 75,גרמים,750.00,100 גרם,false,,21.90,0.0292,true,1,35616
7290006271648,false,מיני בורקס תפוח אדמה מעדנות (800 גרם),תנובה מרכז שיתופי לשיווק תוצרת,,מיני בורקס תפו`א 800,גרמים,800.00,100 גרם,false,,21.90,0.0274,true,1,35620
7290006271655,false,מיני בורקס במילוי גבינה מעדנות (800 גרם),תנובה מרכז שיתופי לשיווק תוצרת,,מיני בורקס גבינה 800,גרמים,800.00,100 גרם,false,,24.90,0.0311,true,1,35621
7290006374738,false,קונפיטורה תות יד מרדכי בטעם תות,אף.סי תבליני בגליל ב,,קונפיטורת תות יד מור,גרמים,340.00,100 גרם,false,,13.90,0.0409,true,1,22249
7290006459510,false,נרות חנוכה רגיל 44 יח,מנורה,,נרות חנוכה שקד,גרמים,157.00,100 גרם,false,,2.90,0.0185,true,1,329042
7290006459527,false,נרות חנוכה לוקס לא נוטפים 45 יח,,,נרות חנוכה לוקס שקד,גרמים,330.00,100 גרם,false,,5.90,0.0179,true,1,329043
7290006492432,false,גבינה מוצרלה בייבי 18% גד (150 גרם),מחלבות גד שיווק 1992 בעמ,,גד בייבי מוצרלה 150ג,גרמים,170.00,100 גרם,false,,15.90,0.0935,true,1,14657
7290006492685,false,גבינת לאבנה עיזים 5% גד (250 גרם),מחלבות גד שיווק 1992 בעמ,,גד לאבנה עזים 3% 250,גרמים,250.00,100 גרם,false,,16.90,0.0676,true,1,14661
7290006494917,false,טוסו וופל קלאסי במילוי שוקולד 200 גרם,"איטיליאן פוד, אס.פי.",,טוסו וופל טעם שוקולד,גרמים,180.00,100 גרם,false,,10.50,0.0583,true,1,5806
7290006494924,false,טוסו וופל קלאסי במילוי קרם לימון 200 גרם,"דנשר (1963) בע,מ",,מרמולייט ופל בטעם לי,גרמים,180.00,100 גרם,false,,10.50,0.0583,true,1,5807
7290006511751,false,פטריות שמפניון חתוך ויליפוד 290X3 ג' בד”צ,ג.וילי-פוד אינטרנשיונל בעמ,,פטריות חתוכות ויליפו,גרמים,870.00,100 גרם,false,,13.00,0.0149,true,1,2907
7290006567048,false,פתיתי קוסקוס ישראלי אסם (350 גרם),קבוצת אוסם סחר שותפות מוגבלת,,קוסקוס ישראלי בשקית,גרמים,350.00,100 גרם,false,,8.90,0.0254,true,1,18701
7290006618078,false,"מרסס לניקוי יסודי מטבח אסטוניש 750 מ""ל","יעקב יעקבי ובניו בע""מ",,אסטוניש מרסס ניקוי צ,מיליליטרים,750.00,"100 מ""ל",false,,13.90,0.0185,true,1,11307
7290006618085,false,"אסטוניש תרסיס ניקוי אמבטיה וכיורים יעקבי 750 מ""ל",יעקב יעקבי ובניו בע`מ,,אסטוניש מרסס לאמבט 7,מיליליטרים,750.00,"100 מ""ל",false,,13.90,0.0185,true,1,11308
7290006652027,false,במבה חטיף בוטנים אסם 20*15 גרם,קבוצת אוסם סחר שותפות מוגבלת,,במבה יום הולדת מאח.1,גרמים,300.00,100 גרם,false,,24.90,0.0830,true,1,18706
7290006653765,false,פרפקטו פסטה פטוצ'יני אסם 500 גרם,קבוצת אוסם סחר שותפות מוגבלת,,פטוציני פרפקטו 500 ג,גרמים,500.00,100 גרם,false,,6.90,0.0138,true,1,18708
7290006653819,false,קוסקוס אמיתי דק בשקית 350 גרם,קבוצת אוסם סחר שותפות מוגבלת,,קוסקוס דק בשקית אסם,גרמים,350.00,100 גרם,false,,8.90,0.0254,true,1,18709
7290006660602,false,מי קוקוס אורגני גרין קוקו קרטונית 1 ליטר,תות תעשיות מזון (201,,גרין קוקו - מי קוקוס,ליטרים,1.00,ליטר,false,,17.90,17.9000,true,1,105010
7290006664037,false,גמדים סופר ארוחת בוקר דגנים 4*100גר,שטראוס גרופ בעמ/מצונן,,גמדים ארוחת בוקר 4*1,מיליליטרים,400.00,"100 מ""ל",false,,10.90,0.0273,true,1,23304
7290006664051,false,"אקטימל לבן 1.51 ק""ג מארז 14 יחידות",שטראוס גרופ בעמ/מצונן,,אקטימל טבעי 14*100מל,ליטרים,1.40,ליטר,false,,32.90,23.5000,true,1,23305
7290006664402,false,גבינה לבנה סקי 5% שומן 750 גרם,שטראוס גרופ בעמ/מצונן,,שטראוס גבינה 5% 750ג,גרמים,750.00,100 גרם,false,,12.90,0.0172,true,1,23309
7290006664655,false,דנונה Actimel יוגורט טבעי 8*100 מ``ל,שטראוס גרופ בעמ/מצונן,,אקטימל טבעי 8*100מל,מיליליטרים,800.00,"100 מ""ל",false,,19.90,0.0249,true,1,23312
7290006664693,false,יוגורט עם אפרסק 3% שומן 150 ג' דנונה,שטראוס גרופ בעמ/מצונן,,דנונה אפרסק 3% 150מל,גרמים,150.00,100 גרם,false,,3.90,0.0260,true,1,23313
7290006664990,false,"יוגורט דנונה ביו לבן 1.7% שומן 8*150 מ""ל",שטראוס גרופ בעמ/מצונן,,דנונה ביו מארז חיסכו,קילוגרמים,1.20,"ק""ג",false,,17.90,14.9167,true,1,23315
7290006739407,false,שניצל תירס לייט זוגלובק (630 גרם),נקניק נהריה כשר זוגל,,שניצל תירס לייט 630,גרמים,600.00,100 גרם,false,,27.90,0.0465,true,1,38958
7290006739445,false,שניצל תירס קלאסי 750 ג' זוגלובק,נקניק נהריה כשר זוגל,,שניצל תירס קלאסי 750,גרמים,750.00,100 גרם,false,,22.90,0.0305,true,1,38961
7290006741363,false,בורקס תפוחי אדמה זוגלובק 800 גרם,מאפיית אריאל וגידרון,,"זוגלובק בורקס תפו""א",גרמים,800.00,100 גרם,false,,14.90,0.0186,true,1,38974
7290006764065,false,בירה נשר מאלט ללא אלכוהול 500 מל,"טמפו משקאות בע""\ם.",,נשר מאלט בקבוק פקדון,מיליליטרים,500.00,"100 מ""ל",false,,5.50,0.0110,true,1,9411
7290006764096,false,"בירה איגל 3.8% בקבוק 500 מ""ל חוזר","טמפו משקאות בע""\מ",,בירה איגל בקבוק 500,מיליליטרים,500.00,"100 מ""ל",false,,5.90,0.0118,true,1,9413
7290006765000,false,טורטיה מקמח מלא שקדיה 540 גרם,דין שיווק וקליה 2021 בעמ,,8 טורטיות חיטה מלאה,גרמים,540.00,100 גרם,false,,9.90,0.0183,true,1,4641
7290006775016,false,עוגת תפוז אחוה (450 גרם)אחוה,אחדות ביתחרושת לטחינה חלבה,,עוגת תפוז מבית טוב 4,גרמים,450.00,100 גרם,false,,10.90,0.0242,true,1,688
7290006775023,false,עוגה אנגלית אחוה (450 גרם)אחוה,אחדות ביתחרושת לטחינה חלבה,,עוגת אנגלית מבית טוב,גרמים,450.00,100 גרם,false,,10.90,0.0242,true,1,689
7290006775030,false,עוגת שוקו צ`יפס אחוה (450 גרם)אחוה,אחדות ביתחרושת לטחינה חלבה,,עוגת שוקו-ציפס מבית,גרמים,450.00,100 גרם,false,,10.90,0.0242,true,1,690
7290006775054,false,עוגת שיש אחוה (450 גרם)אחוה,אחדות ביתחרושת לטחינה חלבה,,עוגת שיש מבית טוב 45,גרמים,450.00,100 גרם,false,,10.90,0.0242,true,1,692
7290006775085,false,עוגת שמרים במילוי שוקולד אחוה,אחדות ביתחרושת לטחינה חלבה,,עוגת שמרים שוקולד אח,גרמים,400.00,100 גרם,false,,10.90,0.0273,true,1,694
7290006775795,false,עוגת תפוחי עץ עם מילוי מעודן אחוה 450 גרם,"אחדות ביח""ר לטחינה ח",,אחווה עוגת תפוע ממול,גרמים,450.00,100 גרם,false,,11.90,0.0264,true,1,705
7290006788498,false,"קרליין - נושם פיור דאודורנט ספריי לאישה ורוד 200 מ""ל",החברה הדרומית לשיווק בעמ,,דאו' תרסיס נושם ורוד,מיליליטרים,200.00,"100 מ""ל",false,,12.90,0.0645,true,1,30049
7290006822192,false,נקטר דיאט חמוציות אושן ספריי פריגת 1 ליטר,החברה המרכזית להפצת משקאות בעמ,,אושן ספרי דיאט חמוצי,ליטרים,1.00,ליטר,false,,12.90,12.9000,true,1,6961
7290006855190,false,חטיף תמרים ואגוזי מלך עם בננה ללא תוספת סוכר,טבעית מוצרים מן הטבע בעמ,,ברבריא חטיף תמר אגוז,גרמים,120.00,100 גרם,false,,14.90,0.1242,true,1,174619
7290006855206,false,חטיף בר שזיפים קוקוס ואוכמניות מארז 120 גרם,טבעית מוצרים מן הטבע,,ברבריא חטיף תמר שקדי,גרמים,120.00,100 גרם,false,,14.90,0.1242,true,1,24983
7290006908377,false,שקד טבעי 150 גר פיצוחי חממה,בוטנת בעמ,,שקד טבעי 150 גר` פיצ,גרמים,150.00,100 גרם,false,,17.90,0.1193,true,1,1476
7290006908384,false,פיסטוק חלבי פיצוחי חממה (150 גרם),בוטנת בעמ,,פיסטוק חלבי 150 גרם,גרמים,150.00,100 גרם,false,,17.90,0.1193,true,1,1477
7290006908391,false,אגוזי קשיו קלויים פיצוחי חממה (150 גרם),בוטנת בעמ,,קשיו קלוי 150 גר` פי,גרמים,150.00,100 גרם,false,,17.90,0.1193,true,1,1478
7290006908414,false,גרעיני חמניה 400 גרם פיצוחי חממה,בוטנת בעמ חברה לקלייה ואריזת פ,,חמנייה 400 גרם,גרמים,400.00,100 גרם,false,,11.90,0.0298,true,1,1479
7290006983152,false,קרוטונים מתובלים למרק אסם (400 גרם),קבוצת אוסם סחר שותפות מוגבלת,,קרוטונים מתובלים אסם,גרמים,400.00,100 גרם,false,,16.90,0.0422,true,1,18712
7290006983176,false,קרקר לחמית שיפון אסם (230 גרם),קבוצת אוסם סחר שותפות מוגבלת,,לחמית שיפון אסם 250,גרמים,230.00,100 גרם,false,,8.70,0.0378,true,1,18713
7290006983787,false,עוגת הבית שוקולד צ'יפס אסם 400 גרם,קבוצת אוסם סחר שותפות מוגבלת,,עוגת הבית שוקוציפס 4,גרמים,400.00,100 גרם,false,,14.90,0.0373,true,1,18719
7290006992185,false,"מטרנה - דייסת אורז פרוביוטי כשל""פ 200 גרם",קבוצת אוסם סחר שותפות מוגבלת,,מטרנה דייסת אורז פרו,גרמים,200.00,100 גרם,false,,13.90,0.0695,true,1,18723
7290006992208,false,מטרנה - דייסת דגנים מעורבים 200 גרם,קבוצת אוסם סחר שותפות מוגבלת,,מטרנה דייסת דגנים פר,גרמים,200.00,100 גרם,false,,13.90,0.0695,true,1,18725
7290008023542,false,שמפו לרצפות בניחוח יסמין סיף פנטסטיק 4 ליטר,יוניליוור ישראל שיווק בע`מ,,סיף פנטסטיק שמפו רצפ,ליטרים,4.00,ליטר,false,,24.90,6.2250,true,1,10403
7290008101318,false,קריספ פירורי לחם זהוב 300 גרם מיימונס,א.ל ייצור ושיווק תבלינים בעמ,,פירורי לחם זהוב קלאס,גרמים,300.00,100 גרם,false,,6.90,0.0230,true,1,263220
7290008101356,false,קריספ פאנקו זהב 300 גרם מיימונס,א.ל ייצור ושיווק תבלינים בעמ,,פירורי לחם פנקו זהוב,גרמים,300.00,100 גרם,false,,9.90,0.0330,true,1,267544
7290008102469,false,קריספ פירורי לחם זהוב 800 גרם מיימונס,א.ל ייצור ושיווק תבלינים בעמ,,פירורי לחם זהוב קלאס,גרמים,800.00,100 גרם,false,,12.90,0.0161,true,1,263250
7290008104050,false,"פמינה - שטיפה אינטימית קלאסית 220 מ""ל",גורי ע.ע.ע. בע`מ,,סבון שטיפה אינטימית,מיליליטרים,220.00,"100 מ""ל",false,,23.90,0.1086,true,1,3834
7290008116565,false,שטיפת פה ליסטרין מנטה מרענן 500 מ`ל,ג'\ונסון אנד ג'\ונסון,,מי פה פרש ליסטרין 50,מיליליטרים,500.00,"100 מ""ל",false,,24.90,0.0498,true,1,29465
7290008154222,false,עוף טוב שניצלונים 700 גרם,קבוצת אוסם סחר-שות.מוגבלת,,שניצלונים עוף טוב 70,גרמים,700.00,100 גרם,false,,19.90,0.0284,true,1,19761
7290008257176,false,מחלק מנות אריסטוקרט,אריסטוקרט,,מחלק מנות,יחידה,0.00,יחידה,false,,12.90,0.0000,true,1,1172
7290008300094,false,שקיות אשפה שפע 50*70,,,שקיות אשפה שפע 50*70,יחידה,0.00,יחידה,false,,13.90,0.0000,true,1,206728
7290008300452,false,200שק.אוכל נשלף 18X24 HD,,,שקיות אוכל שפע 18*24,יחידה,0.00,יחידה,false,,4.90,0.0000,true,1,43389
7290008300483,false,200שקיות סנדויץ 17X27 LD,בריזה,,'שקיות אוכל 17*27 20,יחידה,0.00,יחידה,false,,9.90,0.0000,true,1,206734
7290008300605,false,90*75 'שקיות אשפה 50,בריזה,,90*75 'שקיות אשפה 50,יחידה,0.00,יחידה,false,,9.90,0.0000,true,1,206737
7290008340618,false,סלמון מעושן מצונן דלידג 100 ג',נטו מילנדה סחר בעמ*,,סלמון 100 מעושן מצונ,גרמים,100.00,100 גרם,false,,19.90,0.1990,true,1,17104
7290008343466,false,בצק פילו שלושת האופים (500 גרם),שלושת האופים שגמור,,בצק פילו 500 גרם,גרמים,500.00,100 גרם,false,,19.90,0.0398,true,1,17108
7290008345583,false,סלט איקרה ביתית ורודה דלידג (300 גרם),נטו מלינדה סחר בע`מ,,300 איקרה ביתית ורוד,גרמים,300.00,100 גרם,false,,19.90,0.0663,true,1,17129
7290008347211,false,אצבעות דג מצופות דלידג (700 גרם),אף.סי תבליני בגליל ב,,דלידג אצבעות דג 700,גרמים,700.00,100 גרם,false,,21.90,0.0313,true,1,17130
7290008415071,false,צבר חומוס עם טחינה עגול 150 גרם,קבוצת אוסם סחר שותפות מוגבלת,,צבר חומוס עם טחינה 1,גרמים,150.00,100 גרם,false,,5.90,0.0393,true,1,19764
7290008415514,false,צבר חומוס עם חריף עגול 150 גרם,קבוצת אוסם סחר שותפות מוגבלת,,צבר סלט חומוס עם חרי,גרמים,150.00,100 גרם,false,,5.50,0.0367,true,1,19765
7290008443616,false,"מרכך לשיער יבש אדום 750 מ""ל נקה 7",החברה הדרומית לשיווק בעמ,,מרכך לשיער יבש אדום,מיליליטרים,750.00,"100 מ""ל",false,,11.90,0.0159,true,1,30072
7290008464130,false,"בירה גולדסטאר Unfiltered, בירה לא מסוננת, מארז שישייה, בקבוק 330 מ""ל",טמפו משקאות בעמ,,גולדסטאר לא מסונן 6*,ליטרים,1.98,ליטר,false,,36.90,18.6364,true,1,9431
7290008464222,false,"בירה מכבי 7.9%, בירה חזקה, פחית 500 מ""ל","טמפו משקאות בע""\מ",,מכבי 7.9 פחית 500 מל,מיליליטרים,500.00,"100 מ""ל",false,,7.90,0.0158,true,1,9432
7290008464345,false,"בירה גולדסטאר, בקבוק 330 מ''ל",פארייפאבה אגרואינדוס,,"גולדסטאר בירה ח""פ 33",יחידה,330.00,יחידה,false,,7.40,0.0224,true,1,9437
7290008464604,false,"בירה הייניקן פחית 500 מ""ל",טמפו משקאות בע''מ,,הייניקן בירה פח 500מ,מיליליטרים,500.00,"100 מ""ל",false,,12.50,0.0250,true,1,9452
7290008464611,false,"הסודה של טמפו, מי סודה בגיזוז חזק, 275 מל",טמפו משקאות בעמ,,"מי סודה טמפו 275 מ""ל",מיליליטרים,275.00,"100 מ""ל",false,,3.50,0.0127,true,1,9453
7290008464697,false,"בירה מכבי 7.9%, בירה חזקה, מארז שישייה, בקבוק 330 מ""ל",טמפו משקאות בעמ,,מכבי 7.9% בקבוק 6* 3,ליטרים,1.98,ליטר,false,,37.90,19.1414,true,1,9456
7290008464734,false,"שישיית בירה גולדסטאר לאגר SLOW BREW בקבוק 330 מ""ל",טמפו משקאות בע''מ,,גולדסטאר SLOW BREW 3,ליטרים,1.98,ליטר,false,,35.90,18.1313,true,1,9458
7290008464741,false,"בירה גולדסטאר, מארז שישייה, בקבוק 330 מ''ל","טמפו משקאות בע""\מ",,"גולדסטאר ח""פ בקבוק 6",ליטרים,1.98,ליטר,false,,37.90,19.1414,true,1,9459
7290008464796,false,"בירה היינקן, מארז שישייה, בקבוק 330 מ''ל",טמפו משקאות בע''מ,,"הייניקן בקבוק ח""פ 6*",ליטרים,1.98,ליטר,false,,39.90,20.1515,true,1,9462
7290008493710,false,פירורי לחם מאיר בייגל פרורי גריסני זהב 200 גרם,"דנשר (1963) בע,מ",,מאיר בייגל פרורי גרס,גרמים,200.00,100 גרם,false,,6.50,0.0325,true,1,5317
7290008500142,false,עוגת שמרים פרימיום ת,ג`נרל מילס ישראל בעמ,,"עוגת שמרים טעם תפו""ע",גרמים,480.00,100 גרם,false,,26.90,0.0560,true,1,181273
7290008500159,false,עוגת שמרים פרימיום ג,ג`נרל מילס ישראל בעמ,,עוגת שמרים טעם גבינה,גרמים,480.00,100 גרם,false,,26.90,0.0560,true,1,130649
7290008500166,false,עוגת שמרים טעם פרג 5,ב- פילסברי (ג'נל מיל,,עוגת שמרים טעם פרג 5,גרמים,520.00,100 גרם,false,,26.90,0.0517,true,1,130650
7290008636018,false,כפתורי שוקולד שמינייה מיה 240 גרם,מיה תעשיות מזון מ.ת.מ בעמ,,1/8 כפתורי שוקולד 30,גרמים,30.00,100 גרם,false,,10.50,0.3500,true,1,14999
7290008636339,false,פירה שבבי תפוח אדמה מיה 500 גרם כשר לפסח,מיה תעשיות מזון מ.ת.מ. בעמ,,מחית תפוחי אדמה פירה,גרמים,400.00,100 גרם,false,,9.90,0.0248,true,1,15003
7290008636919,false,קקאו הולנדי בבשקית מיה 200 גרם,מיה תעשיות מזון מ.ת.מ. בעמ,,קקאו הולנדי 200 גרם,גרמים,200.00,100 גרם,false,,14.90,0.0745,true,1,15013
7290008636926,false,קקאו הולנדי בשקית מיה 500 גרם,מיה תעשיות מזון מ.ת.מ. בעמ,,קקאו הולנדי 500גר. ב,גרמים,500.00,100 גרם,false,,17.90,0.0358,true,1,15014
7290008644112,false,אחלה יום יום סלט מטבוחה יום יום 125 גרם,שטראוס גרופ בעמ/מצונן,,אחלה מטבוחה 125ג,גרמים,125.00,100 גרם,false,,4.90,0.0392,true,1,23317
7290008670029,false,"יין אדום מרלו רקנאטי 750 מ""ל",היכל היין שקד גולן בעמ,,רקנאטי מרלו 750מל,מיליליטרים,750.00,"100 מ""ל",false,,54.90,0.0732,true,1,41604
7290008670159,false,"יין לבן יסמין רקנאטי 750 מ""ל",היכל היין שקד גולן בעמ,,רקנאטי יסמין לבן 750,מיליליטרים,750.00,"100 מ""ל",false,,37.90,0.0505,true,1,41606
7290008693134,false,מעדן גבינה ויוגורט בטעם תות 5% שומן 88 ג' דניאלה,שטראוס גרופ בעמ/מצונן,,דניאלה תות מעדן גבינ,מיליליטרים,150.00,"100 מ""ל",false,,4.30,0.0287,true,1,23322
7290008713900,false,לחם שיפון עגול פרוס אחדות (750 גרם),מאפיית אנג'\ל אורנים מאפ,,לחם שיפון עגול אנגל,גרמים,750.00,100 גרם,false,,13.90,0.0185,true,1,35457
7290008745239,false,תפוצ'יפס קראנצ' בטעם טבעי עלית 50 גרם,"שטראוס פריטו ליי בע""\מ )",,תפוציפס קראנץ טבעי 5,גרמים,50.00,100 גרם,false,,4.30,0.0860,true,1,24153
7290008747547,false,תפוצ'יפס קראנץ' בטעם טבעי עלית 200 גרם,"שטראוס פריטו ליי בע""\מ )",,תפוציפס קראנץ טבעי 2,גרמים,200.00,100 גרם,false,,9.90,0.0495,true,1,24155
7290008750264,false,"מסטיק מאסט ציקלס דובדבן 28 גרם לל""ס מגדים",שטראוס גרופ בע`מ,,מאסט דובדבן 28ג,גרמים,28.00,100 גרם,false,,3.90,0.1393,true,1,22260
7290008753111,false,תפוצ'יפס קראנץ' בטעם מקסיקני עלית 50 גרם,"שטראוס פריטו ליי בע""\מ )",,תפוציפס מקסיקני 50גר,גרמים,50.00,100 גרם,false,,4.30,0.0860,true,1,24158
7290008754415,false,גומי מאסט בטעם ספירמינט עדין פליפטופ 28 ג' עלית,שטראוס גרופ בע`מ,,מאסט מנטה עדין 28 גר,גרמים,28.00,100 גרם,false,,3.90,0.1393,true,1,22269
7290008757034,false,"שוופס סודה זכוכית 250 מ""ל",יפאורה שותפות מוגבלת לשיווק,,"סודה שוופס 250 מ""ל ב",מיליליטרים,250.00,"100 מ""ל",false,,3.90,0.0156,true,1,11552
7290008775816,false,ערגליות עוגיות במילוי שוקולד אסם 300 גרם,קבוצת אוסם סחר שותפות מוגבלת,,ערגליות שוקולד 300 ג,גרמים,300.00,100 גרם,false,,9.90,0.0330,true,1,18729
7290008775823,false,ערגליות עוגיות תות שדה אסם 300 גרם,קבוצת אוסם סחר שותפות מוגבלת,,ערגליות תות שדה 300,גרמים,300.00,100 גרם,false,,9.90,0.0330,true,1,18730
7290008792257,false,טאצ' מפיון בתאבון שניב 3,"שניב תעשיות נייר בע""",,מפיות נייר מפיון טאצ,יחידה,0.00,יחידה,false,,3.90,0.0000,true,1,24445
7290008801010,false,"יין קברנה סוביניון מרלו פרייוט קולקשן 750 מ""ל",אגודת הכורמים -כרמל מזרחי,,יין P.C קברנה סובי,מיליליטרים,750.00,"100 מ""ל",false,,39.90,0.0532,true,1,510
7290008801157,false,"יין מרלו סלקטד כרמל כרמל 750 מ""ל",אגודת הכורמים -כרמל מזרחי,,יין סלקטד מרלו 750 מ,מיליליטרים,750.00,"100 מ""ל",false,,29.90,0.0399,true,1,513
7290008801539,false,כרמל 120 אדום מתוק 750 מל קינג דיוויד,אגודת הכורמים הקואופרטיב,,יין קונקורד קינג דיו,מיליליטרים,750.00,"100 מ""ל",false,,21.90,0.0292,true,1,520
7290008802512,false,"יין וינו אדום ""כרמל מזרחי""",אגודת הכורמים בעמ,,יין וינו אדום יבש,מיליליטרים,750.00,"100 מ""ל",false,,21.90,0.0292,true,1,525
7290008802895,false,יין קברנה סוביניון פרייבט קולקשן יקבי כרמל,אגודת הכורמים הקאופורטיב,,יין P.C קברנה סובי,מיליליטרים,750.00,"100 מ""ל",false,,39.90,0.0532,true,1,527
7290008805520,false,"יין קברנה/סוביניון סלקטד כרמל 750 מ""ל",אגודת הכורמים בעמ,,יין סלקטד קברנה סובנ,מיליליטרים,750.00,"100 מ""ל",false,,29.90,0.0399,true,1,544
7290008806985,false,נישנושים גלידה שוקו וניל בציפוי שוקולד 60 יח' קרמיסימו,"גלידת שטראוס בע""\מ, רחוב",,קרמיסימו נישנושים ש.,גרמים,630.00,100 גרם,false,,50.90,0.0808,true,1,4273
7290008849753,false,רוטב טריאקי אוליביה 300 גרם,תה ויסוצקי (ישראל)בעמ,,רוטב טריאקי עשיר אול,מיליליטרים,300.00,"100 מ""ל",false,,13.90,0.0463,true,1,51969
7290008849777,false,רוטב צ'ילי מתוק אוליביה 345 גרם,תה ויסוצקי (ישראל)בעמ,,אוליביה רוטב צילי מת,גרמים,350.00,100 גרם,false,,13.90,0.0397,true,1,51970
7290008909853,false,"קוקה קולה זירו בקבוק 500 מ""ל.",החברה המרכזית להפצת משקאות בעמ,,קוקה קולה זירו 500 מ,מיליליטרים,500.00,"100 מ""ל",false,,7.90,0.0158,true,1,6998
7290008909884,false,"קוקה קולה זירו 350 מ""ל בקבוק זכוכית",החברה המרכזית להפצת משקאות בעמ,,קוקה קולה ZERO קלאסי,מיליליטרים,350.00,"100 מ""ל",false,,6.90,0.0197,true,1,7001
7290008975551,false,תחליף חלב מטרנה מהדרין שלב 3 חלבי 700 גרם,קבוצת אוסם סחר שותפות מוגבלת,,מטרנה מהדרין שלב 3,גרמים,700.00,100 גרם,false,,49.90,0.0713,true,1,18734
7290009018004,false,פיקדון בקבוק/פחית בו,Unknown,,פיקדון בקבוק/פחית בו,יחידה,0.00,יחידה,false,,0.30,0.0000,true,1,66
7290009018011,false,פיקדון בקבוק/פחיות ש,,,פיקדון בקבוק/פחיות ש,יחידה,0.00,יחידה,false,,1.80,0.0000,true,1,64
7290009018264,false,פיקדון בקבוק/פחית רב,,,פיקדון בקבוק/פחית רב,יחידה,0.00,יחידה,false,,1.20,0.0000,true,1,105
7290009164664,false,לחמניית דגנים,,,לחמניית דגנים,יח',1.00,יח',false,,3.90,3.9000,true,1,2570
7290009174397,false,כריך א לעובד-כשר לפס,,,כריך עובד מגה,יחידה,0.00,יחידה,false,,1.50,0.0000,true,1,47088
7290009370805,false,מאפה מלוח מעורב בונז,,,מאפה מלוח מעורב בונז,קילוגרמים,1.00,"ק""ג",true,,40.00,40.0000,true,1,34028
7290009370812,false,מאפה מתוק מעורב בונז,,,מאפה מתוק מעורב בונז,קילוגרמים,1.00,"ק""ג",true,,36.00,36.0000,true,1,34029
7290009377354,false,6804426 מארז8 לחמניו,,,6804426 מארז8 לחמניו,יחידה,0.00,יחידה,false,,9.90,0.0000,true,1,2574
7290009378863,false,מארז 7 חליות,,,מארז 7 חליות,יח',1.00,יח',false,,10.90,10.9000,true,1,2576
7290010002030,false,תבלין כמון טחון תבליני מימון 100 גרם,א.ל. ייצור ושיווק תבלינים בע`מ,,מימון כמון במיכל 100,גרמים,100.00,100 גרם,false,,12.90,0.1290,true,1,246
7290010002047,false,תבלין מלח לימון תבליני מימון 200 גרם,א.ל ייצור ושיווק תבלינים בעמ,,מימון מלח לימון במיכ,גרמים,200.00,100 גרם,false,,9.50,0.0475,true,1,247
7290010002078,false,פלפל שחור טחון תבליני מימון (100 גרם),א.ל. ייצור ושיווק תבלינים בע`מ,,מימון פלפל שחור טחון,גרמים,100.00,100 גרם,false,,14.50,0.1450,true,1,250
7290010002108,false,תבלין פלפל שחור גרוס גס תבליני מימון 90,א.ל. ייצור ושיווק תבלינים בע`מ,,מימון פלפל שחור גרוס,גרמים,90.00,100 גרם,false,,14.50,0.1611,true,1,253
7290010002122,false,פפריקה הונגרית מתוקה תבליני מימון 100 גרם,א.ל. ייצור ושיווק תבלינים בע`מ,,מימון פפריקה הונגרית,גרמים,100.00,100 גרם,false,,12.90,0.1290,true,1,255
7290010002153,false,פפריקה מרוקאית חריפה תבליני מימון 100 גרם,א.ל. ייצור ושיווק תבלינים בע`מ,,מימון פפריקה מרוקאית,גרמים,100.00,100 גרם,false,,12.90,0.1290,true,1,258
7290010002207,false,תבלין קינמון טחון תבליני מימון 100 גרם,א.ל. ייצור ושיווק תבלינים בע`מ,,מימון קינמון טחון במ,גרמים,100.00,100 גרם,false,,9.50,0.0950,true,1,260
7290010002214,false,תבלין צ'ילי גרוס תבליני מימון 80 גרם,א.ל. ייצור ושיווק תבלינים בע`מ,,מימון צילי גרוס 80 ג,גרמים,80.00,100 גרם,false,,12.90,0.1613,true,1,261
7290010002313,false,תבלין ראס אל חנות תבליני מימון 100 גרם,א.ל. ייצור ושיווק תבלינים בע`מ,,מימון ראס אל חנות 10,גרמים,100.00,100 גרם,false,,12.90,0.1290,true,1,265
7290010002375,false,תבלין מדראס קארי תבליני מימון (100 גרם),א.ל. ייצור ושיווק תבלינים בע`מ,,מימון קארי 100 גרם,גרמים,100.00,100 גרם,false,,12.90,0.1290,true,1,271
7290010002382,false,תבלין אורגנו תבליני מימון 40 גרם,א.ל. ייצור ושיווק תבלינים בע`מ,,מימון אורגנו במיכל 4,גרמים,40.00,100 גרם,false,,9.50,0.2375,true,1,272
7290010002481,false,תבלין שום טחון תבליני מימון 100 גרם,א.ל. ייצור ושיווק תבלינים בע`מ,,מימון שום טחון במיכל,גרמים,100.00,100 גרם,false,,14.50,0.1450,true,1,279
7290010002498,false,תבלין שום גבישי תבליני מימון 120 גרם,א.ל. ייצור ושיווק תבלינים בע`מ,,מימון שום גבישי 120,גרמים,120.00,100 גרם,false,,14.50,0.1208,true,1,280
7290010002726,false,תבלין לפרגיות תבליני מימון 100 גרם.,א.ל. ייצור ושיווק תבלינים בע`מ,,מימון תיבול לפרגיות,גרמים,100.00,100 גרם,false,,12.90,0.1290,true,1,283
7290010003075,false,פפריקה מרוקאית מתוקה תבליני מימון 400 גרם,א.ל. ייצור ושיווק תבלינים בע`מ,,מימון פפריקה מרוקאית,גרמים,400.00,100 גרם,false,,27.00,0.0675,true,1,285
7290010003686,false,עלי דפנה שקית תבליני מימון (20 גרם),א.ל. ייצור ושיווק תבלינים בע`מ,,מימון עלי דפנה שקית,גרמים,20.00,100 גרם,false,,5.90,0.2950,true,1,289
7290010003693,false,פפריקה מתוקה בשקית תבליני מימון 80 גרם,א.ל. ייצור ושיווק תבלינים בע`מ,,מימון פפריקה מתוקה ש,גרמים,80.00,100 גרם,false,,5.90,0.0738,true,1,290
7290010003709,false,פלפל שחור טחון בשקית תבליני מימון 50 גרם,א.ל. ייצור ושיווק תבלינים בע`מ,,מימון פלפל שחור טחון,גרמים,50.00,100 גרם,false,,7.90,0.1580,true,1,291
7290010003761,false,כורכום טחון בשקית תבליני מימון 80 גרם,א.ל. ייצור ושיווק תבלינים בע`מ,,מימון כורכום טחון שק,גרמים,80.00,100 גרם,false,,5.90,0.0738,true,1,293
7290010003792,false,מלח לימון בשקית תבליני מימון 100 גרם,א.ל. ייצור ושיווק תבלינים בע`מ,,מימון מלח לימון שקית,גרמים,100.00,100 גרם,false,,5.90,0.0590,true,1,296
7290010003815,false,פלפל שטה יבש תבליני מימון 150 גרם שקית,א.ל.ייצור ושיווק תבלינים בעמ,,מימון פלפל שטה יבש 1,גרמים,150.00,100 גרם,false,,15.90,0.1060,true,1,298
7290010003839,false,קינמון טחון בשקית תבליני מימון 80 גרם,א.ל. ייצור ושיווק תבלינים בע`מ,,מימון קינמון טחון שק,גרמים,80.00,100 גרם,false,,5.90,0.0738,true,1,300
7290010004348,false,פפריקה מתוקה תבליני מימון 250 גרם,א.ל.יצור ושיווקתבלינים בעמ,,מימון פ פריקה מתוקה,גרמים,250.00,100 גרם,false,,21.90,0.0876,true,1,325
7290010023141,false,תה לימונענע הגן הקסום ויסוצקי 25 יחידות,תה ויסוצקי (ישראל) בעמ,,תה לימונענע 25 שק',גרמים,50.00,100 גרם,false,,17.90,0.3580,true,1,24661
7290010049004,false,מרמולייט תרכיז ענבים דיאט 1 ליטר,מרמולייט,,תרכיז דיאט ענבים מרמ,ליטרים,1.00,ליטר,false,,11.50,11.5000,true,1,5816
7290010049028,false,מרמולייט תרכיז פטל דיאט 1 ליטר,מרמולייט,,תרכיז דיאט פטל מרמול,יחידה,0.00,יחידה,false,,11.50,0.0000,true,1,5818
7290010065332,false,מחית תפוח עץ בננה ג'וניור פרינוק 190 גרם,גורי מוצרי צריכה (1991) בעמ,,"פרינוק גוניור תפ""ע ב",גרמים,190.00,100 גרם,false,,6.90,0.0363,true,1,3524
7290010065349,false,72900פרינוק מחית סלט פירות שלב 3 190 גרם,גורי מוצרי צריכה (1991) בעמ,,מחית פרינוק גוניור ס,גרמים,190.00,100 גרם,false,,6.90,0.0363,true,1,3525
7290010066513,false,נתחי טונה בשמן צמחי רביעיה *158ג' פילטונה,תעשיות פילטונה בעמ,,נתחי טונה בשמן צמחי,גרמים,632.00,100 גרם,false,,22.90,0.0362,true,1,26576
7290010066520,false,נתחי טונה בהירה בשמן קנולה 160 גר G.Q,פילטונה תעשיות בעמ,,טונה בשמן קנולה פילט,גרמים,158.00,100 גרם,false,,5.00,0.0316,true,1,26577
7290010066575,false,נתחי טונה במים רביעיה *158ג' פילטונה,תעשיות פילטונה בעמ,,נתחי טונה במים פילטו,גרמים,632.00,100 גרם,false,,22.90,0.0362,true,1,26578
7290010066582,false,נתחי טונה בשמן קנולה רביעיה * 158 ג' פילטונה,תעשיות פילטונה בעמ,,נתחי טונה בשמן קנולה,גרמים,632.00,100 גרם,false,,22.90,0.0362,true,1,26579
7290010116980,false,שוקולית אבקה להכנת משקה שוקו שקית 850,הנסיך- מפעל לייצור ט,,שוקולית 850 גרם,גרמים,850.00,100 גרם,false,,17.90,0.0211,true,1,22282
7290010117864,false,דוריטוס חטיף תירס בטעם חריף אש עלית 70 גרם,"שטראוס פריטו ליי בע""\מ )",,דוריטוס חריף אש 70 ג,גרמים,70.00,100 גרם,false,,3.90,0.0557,true,1,24165
7290010118328,false,חטיף צ`יפס בטעם טבעי תפוצ`יפס (40x6 גרם),"שטראוס פריטו ליי בע""מ",,תפוצ'יפס טבעי 6*40 ג,גרמים,240.00,100 גרם,false,,13.90,0.0579,true,1,24169
7290010119240,false,מארז תפוצ'יפס טבעי 216 גרם 12 יחידות,"שטראוס פריטו ליי בע""\מ )",,מארז תפוציפס טבעי 12,גרמים,216.00,100 גרם,false,,15.90,0.0736,true,1,24170
7290010129003,false,עוגיות אוזניים דולצ`ה ויטה 600 גר,שיבולים יצור ושיווק מוצרי מאפה,,עוגיות אוזניים 600גר,גרמים,600.00,100 גרם,false,,19.90,0.0332,true,1,20145
7290010129010,false,עוגיות כתר ריבה דולצ`ה ויטה (600 גרם),שיבולים יצור ושיווק מוצרי מאפה,,עוגיות ריבה 600גר,גרמים,600.00,100 גרם,false,,19.90,0.0332,true,1,20146
7290010129027,false,עוגיות מרוקאיות דולצ`ה ויטה (600 גרם),שיבולים יצור ושיווק מוצרי מאפה,,עוגיות מרוקאיות 600,גרמים,600.00,100 גרם,false,,19.90,0.0332,true,1,20147
7290010129300,false,עוגיות רייף 350ג מאפים של אדל,שיבולים יצור ושיווק מוצרי מאפה,,עוגיות רייף מרוקאיות,גרמים,350.00,100 גרם,false,,17.90,0.0511,true,1,20162
7290010129553,false,עוגיות רולדה תמרים דולצ`ה ויטה (600 גרם),שיבולים יצור ושיווק מוצרי מאפה,,עוגיות רולדה תמרים 6,גרמים,600.00,100 גרם,false,,19.90,0.0332,true,1,20171
7290010129652,false,עוגיות לקפה 350ג מאפים של אדל,שיבולים יצור ושיווק מוצרי מאפה,,עוגיות לקפה דולצ'ה ו,גרמים,350.00,100 גרם,false,,17.90,0.0511,true,1,20178
7290010153510,false,בורגול יבש מיה 500 גר',מיה תעשיות מזון מ.ת.מ. בעמ,,בורגול מיה 500 גרם,גרמים,500.00,100 גרם,false,,5.50,0.0110,true,1,15027
7290010153534,false,קמח תירס מיה 400 גרם,מיה תעשיות מזון מ.ת.מ. בעמ,,קמח תירס מיה 400 גרם,גרמים,400.00,100 גרם,false,,5.90,0.0148,true,1,15029
7290010153688,false,חומץ רכיבים טבעיים 1 ליטר,מיה תעשיות מזון מ.ת.מ. בעמ,,חומץ טבעי מיה 1 ליטר,ליטרים,1.00,ליטר,false,,5.90,5.9000,true,1,15034
7290010153725,false,קונפיטורה דובדבן מיה 340 גרם,מיה תעשיות מזון מ.ת.מ בעמ,,מיה קונפיטורה דובדבנ,גרמים,340.00,100 גרם,false,,8.90,0.0262,true,1,15037
7290010153787,false,ציפוי לשניצל עם שומשום 500 גר`מיה,מיה תעשיות מזון מ.ת.מ. בעמ,,ציפוי לשניצל עם שום,גרמים,500.00,100 גרם,false,,8.90,0.0178,true,1,15042
7290010153794,false,ציפוי לשניצל עם עשבי תיבול מיה 500 גרם,מיה תעשיות מזון מ.ת.מ. בעמ,,ציפוי לשניצל עם עשבי,גרמים,500.00,100 גרם,false,,8.90,0.0178,true,1,15043
7290010153817,false,ריבת חלב אמיתי מיה 400 גרם,מיה תעשיות מזון מ.ת.מ. בעמ,,ריבת חלב מיה 400 גרם,גרמים,400.00,100 גרם,false,,11.90,0.0298,true,1,15045
7290010153848,false,תבלין פפריקה מרוקאי בשמן 80 גר' מיה,מיה תעשיות מזון מ.ת.מ בעמ,,מיה פפריקה מרוקאית ב,גרמים,80.00,100 גרם,false,,6.00,0.0750,true,1,15048
7290010153879,false,ריבת חלב מרוכזת בטעם שמנת מיה 400 גר',מיה תעשיות מזון מ.ת.מ. בעמ,,ריבת חלב בטעם שמנת 4,גרמים,400.00,100 גרם,false,,11.90,0.0298,true,1,15051
7290010153978,false,קונפיטורה שזיפים מיה 340 גרם,מיה תעשיות מזון מ.ת.מ בעמ,,קונפיטורה שזיפים 340,גרמים,340.00,100 גרם,false,,8.90,0.0262,true,1,15055
7290010154005,false,סחוג תימני תבליני ביטון יוחאי (250 גרם),תבליני יוחאי ביטון,,סחוג תימני ירוק 250,גרמים,250.00,100 גרם,false,,13.90,0.0556,true,1,17139
7290010154012,false,לימון בלאדי תבליני ביטון יוחאי (250 גרם),נטו מלינדה סחר בע`מ,,לימון כבוש 250 ביטון,גרמים,250.00,100 גרם,false,,13.90,0.0556,true,1,17140
7290010154029,false,אריסה מתוקה תבליני ביטון יוחאי (250 גרם),תבליני ביטון יוחאי,,250 אריסה מתוקה ביטו,גרמים,250.00,100 גרם,false,,13.90,0.0556,true,1,17141
7290010154241,false,סלט חזרת ביתית תבליני ביטון יוחאי (250 ג,נטו מלינדה סחר בע`מ,,סלט חזרת ביטון 250 ג,גרמים,250.00,100 גרם,false,,13.90,0.0556,true,1,17143
7290010154685,false,סלט שום כתוש 250 ג' ביטון יוחאי,תבליני ביטון יוחאי,,סלט שום כתוש 250 גר',גרמים,250.00,100 גרם,false,,13.90,0.0556,true,1,17155
7290010173044,false,"יין בר הרי גליל מרלו 750 מ""ל",היכל היין שקד גולן בעמ,,הרי גליל מרלו 2007 7,מיליליטרים,750.00,"100 מ""ל",false,,37.90,0.0505,true,1,41610
7290010175819,false,חמאת בוטנים קלאסית טעמן 510 גרם,טעמן שווק מזון בעמ,,חמאת בוטנים 510גר,גרמים,510.00,100 גרם,false,,11.90,0.0233,true,1,9632
7290010237531,false,משקה מוגז בטעם קולה פפסי (500 מל),סנו מפעלי ברונוס.,,פפסי קולה 500 מ'ל,מיליליטרים,500.00,"100 מ""ל",false,,4.90,0.0098,true,1,9469
7290010237579,false,משקה מוגז בטעם ליים סבן אפ (500 מל),טמפו משקאות בע`מ,,סבן אפ 500 מ'ל,מיליליטרים,500.00,"100 מ""ל",false,,4.90,0.0098,true,1,9472
7290010237586,false,פפסי קול סבן אפ דיאט 500 מל,טמפו משקאות בע`מ,,דיאט סבן אפ 500 מ'ל,מיליליטרים,500.00,"100 מ""ל",false,,4.90,0.0098,true,1,9473
7290010237685,false,"הייניקן בירה צואר ארוך 330מ""ל",טמפו משקאות בע''מ,,היינקן בירה צואר ארו,מיליליטרים,330.00,"100 מ""ל",false,,9.90,0.0300,true,1,9477
7290010237784,false,בירה שנדי בתוספת משקה לימון ליים - שישייה,"טמפו משקאות בע""\מ",,מכבי שנדי לימון ליים,ליטרים,1.98,ליטר,false,,40.90,20.6566,true,1,9481
7290010259991,false,צנימים מיוחדים בטעם טבעי 250 ג',ג. וילי-פוד אינטרנשיונל בע`מ,,"צנימים בד""ץ וילי פוד",גרמים,250.00,100 גרם,false,,8.50,0.0340,true,1,2932
7290010279227,false,זיקוק 15 סמ 80 בקרטון 6 יחידות,שמחה זה אנחנו בע`מ,,זיקוק 15 ס`מ 6 יח`,יחידה,0.00,יחידה,false,,15.90,0.0000,true,1,32236
7290010328680,false,עוגה בטעם שוקולד עם שוקוצ'יפס מריר ולבן 450 גרם,אחדות ביחר לטחינה חל,,עוגת שוקלד ציפס 450,גרמים,450.00,100 גרם,false,,10.90,0.0242,true,1,727
7290010429554,false,"שמן זית כתית מעולה יד מרדכי 2 קלאסי, 750 מ""ל",מכוורת יד מרדכי שטראוס ב,,שמן זית כתית מעולה 2,מיליליטרים,750.00,"100 מ""ל",false,,38.90,0.0519,true,1,22287
7290010471669,false,יוגורט תות עם קורנפלקס מצופה שוקולד ללא גלוטן 3.9%,שטראוס גרופ בעמ/מצונן,,דנונה קראנצ' יוגורט,מיליליטרים,175.00,"100 מ""ל",false,,4.90,0.0280,true,1,23323
7290010472390,false,מארז 8 יחידות מעדן דני בטעם שוקולד 1.5%,שטראוס גרופ בעמ/מצונן,,מארז דני שוקולד 8*,מיליליטרים,1000.00,"100 מ""ל",false,,16.90,0.0169,true,1,23327
7290010513727,false,פנקו פרורי לחם 200 גרם (קינגדאו),מזרח ומערב יבוא ושיווק,,פנקו פרורי לחם יפניי,גרמים,200.00,100 גרם,false,,7.90,0.0395,true,1,47515
7290010718634,false,"פנינה רוזנבלום -אל סבון נוזלי לבן,1 ליטר","פנינה רוזנבלום בע""מ",,אל סבון נוזלי לבן פנ,יחידה,0.00,יחידה,false,,9.90,0.0000,true,1,18142
7290010766949,false,ממרח תחתיות ארטישוק 180ג' אוליביה,תה ויסוצקי (ישראל)בעמ,,אוליביה ממרח ארטישוק,גרמים,180.00,100 גרם,false,,12.90,0.0717,true,1,51976
7290010814251,false,שלשות שוקולד חלב 85 גר*3 בלמינט*18 בקרט בדצ,כרמית תעשיות ממתקים בעמ,,שוקולד חלב אגו 3 יח',גרמים,255.00,100 גרם,false,,10.90,0.0427,true,1,38594
7290010814701,false,שוקולד חלב ללא תוספת סוכר וסטהיים,"כרמית תעשיות ממתקים בע""\",,חופשי שוק.חלב ללס 85,גרמים,85.00,100 גרם,false,,6.90,0.0812,true,1,38599
7290010838219,false,ממתיק על בסיס צמח הסטיביה - שקיות,"קיפל טבליות וממתיקים בע""מ",,סטיביה 100 שקיות,גרמים,100.00,100 גרם,false,,28.90,0.2890,true,1,5839
7290010838424,false,ג'ל לניקוי מתקדם בניחוח רענן - מארז זוג,"איטיליאן פוד, אס.פי.",,זוג ג'ל נוזל בניחוח,ליטרים,1.50,ליטר,false,,16.90,11.2667,true,1,5840
7290010883363,false,כפפות אלוורה רב שימושיות קטנות S סנו סושי,החברה הדרומית לשיווק בעמ,,סנו סושי זוג כפפות א,יחידה,0.00,יחידה,false,,9.90,0.0000,true,1,30099
7290010922024,false,"פסיפלורה קפואה 250 גרם- Shake It -בד""ץ עדה חרדית","הבו-קדו בע""\מn\",,פסיפלורה קפואה שייק,גרמים,250.00,100 גרם,false,,12.90,0.0516,true,1,276675
7290010922055,false,"ליצ'י קפוא 250 גרם - Shake It - בד""ץ עדה חרדית","הבו-קדו בע""\מn\",,ליצ'י קפוא שייק איט,גרמים,250.00,100 גרם,false,,12.90,0.0516,true,1,276692
7290010922819,false,"מלון 250 גרם - Shake It - בד""ץ עדה חרדית","הבו-קדו בע""\מn\",,מלון קפוא שייק איט ב,גרמים,250.00,100 גרם,false,,12.90,0.0516,true,1,276693
7290010922857,false,"מנגו קפוא 250 גרם - Shake It - בד""ץ עדה חרדית","הבו-קדו בע""\מn\",,מנגו קפוא שייק איט ב,גרמים,250.00,100 גרם,false,,12.90,0.0516,true,1,276694
7290010922901,false,קבב מזרחי קפוא ארוז אשפר 400 גרם בלדי,"בלדי בע""\מ",,קבב מזרחי 400 גרם אש,גרמים,400.00,100 גרם,false,,13.90,0.0348,true,1,178769
7290010922918,false,מינוט סטייק 250 גרם ארוז - אשפר,"בלדי בע""\מ",,מינוט סטייק 250 גרם,גרמים,250.00,100 גרם,false,,29.90,0.1196,true,1,178797
7290010931330,false,סלט מטבוחה אחלה 500 גרם,שטראוס גרופ בעמ/מצונן,,אחלה מטבוחה 500ג,גרמים,500.00,100 גרם,false,,15.90,0.0318,true,1,23329
7290010945146,false,קוטג' 3% מועשר בסידן טרה 250 ג' מהדרין,*החברה המרכזית להפצת משקאותבעמ,,טרה קוטג מועשר 3% 25,גרמים,250.00,100 גרם,false,,5.50,0.0220,true,1,6406
7290010945306,false,חלב טרה קרטון 2 ליטר מהדרין*%*3,החברה המרכזית טלהפצת משקאות בע,,טרה חלב בקרטון 3% 2,ליטרים,2.00,ליטר,false,,12.46,6.2300,true,1,6407
7290010945450,false,גבינה לבנה 3% 250 גר מועשר בסידן וויטמין,*החברה המרכזית להפצת משקאותבעמ,,טרה גבינה לבנה מהדרי,גרמים,250.00,100 גרם,false,,4.98,0.0199,true,1,6409
7290010955619,false,"יין רימונים 750 מ""ל lightly",יקב רימון,,יין רימונים לייטלי ק,מיליליטרים,750.00,"100 מ""ל",false,,67.90,0.0905,true,1,277940
7290011017866,false,פחית קולה סליק קוקה-קולה (330 מל),החברה המרכזית להפצת משקאות בעמ,,קוקה קולה פחית סליק,מיליליטרים,330.00,"100 מ""ל",false,,5.50,0.0167,true,1,7024
7290011017873,false,פחית זירו סליק קוקה-קולה (330 מל),החברה המרכזית להפצת משקאות בעמ,,ZERO קולה פחית סליק,מיליליטרים,330.00,"100 מ""ל",false,,5.50,0.0167,true,1,7025
7290011018832,false,"קוקה קולה פרידגפק סליק 330 מ""ל שישייה",החברה המרכזית להפצת משקאות בעמ,,קוקה קולה פרידג' פאק,ליטרים,1.98,ליטר,false,,22.90,11.5657,true,1,7053
7290011115258,false,אל סבון מוצק מבושם בניחוח עדין קלאסיק - מארז רביעיה,החברה הדרומית לשיווק בעמ,,סבון מוצק ירוק נקה 7,גרמים,400.00,100 גרם,false,,12.90,0.0323,true,1,30119
7290011126209,false,הגן הקסום תה טעם תפוח וקינמון סיידר ויסוצקי 25 יח',תה ויסוצקי (ישראל)בעמ,,תה הגן הקסום תפוח וק,גרמים,55.00,100 גרם,false,,17.90,0.3255,true,1,24677
7290011126957,false,תה ירוק ארל גריי ויסוצקי 25 יחידות,תה ויסוצקי (ישראל) בעמ,,תה ירוק ארל גריי T.T,גרמים,37.50,100 גרם,false,,26.90,0.7173,true,1,24691
7290011132507,false,סן בנדטו- מים מנרליים - מוגז עדין 500 מל,אקווה מינרלה סאן בנדטו ב,,סאן בנדטו מוגז עדין,מיליליטרים,500.00,"100 מ""ל",false,,6.50,0.0130,true,1,9490
7290011133375,false,בירה שנדי בתוספת משקה אפרסק - שישייה,"טמפו משקאות בע""מ",,מכבי שנדי אפרסק בקבו,ליטרים,1.98,ליטר,false,,40.90,20.6566,true,1,9499
7290011133634,false,"פפסי מקס פחית צרה מארז שישייה 330 מ""ל","טמפו משקאות בע""\מ",,שישיית פחיות פפסי מק,ליטרים,1.98,ליטר,false,,17.60,8.8889,true,1,9513
7290011153885,false,נייר אכיל ממותג דיסני,שמחה זה אנחנו בע`מ,,נייר אכיל לעוגה ממות,יחידה,0.00,יחידה,false,,18.90,0.0000,true,1,32246
7290011154035,false,"תרכיז תפוחים סחוט 500 מ""ל טעמי הגליל",ליימן שליסל בעמ,,תרכיז תפוחים סחוט טע,מיליליטרים,500.00,"100 מ""ל",false,,19.90,0.0398,true,1,234797
7290011164171,false,לקקן סודה 15 יח 115 גרם,טעמן שיווק מזון בעמ,,לקקן סודה 15 יח',גרמים,110.00,100 גרם,false,,10.00,0.0909,true,1,9650
7290011164553,false,סוכריות טופי ממולא בטעם פירות 175 יחידות 700 גרם,טעמן,,זאזא טופי פירות 700,גרמים,700.00,100 גרם,false,,14.90,0.0213,true,1,9654
7290011194246,false,קוטג 5% 250 גרם עם סידן שטראוס,שטראוס גרופ בעמ/מצונן,,קוטג שטראוס 5% עם סי,גרמים,250.00,100 גרם,false,,5.90,0.0236,true,1,23331
7290011223038,false,בונומי עלים לקרמשניט שכבות אפויות מבצק עלים 300 גרם,דנשר (1963) בעמ,,בונומי עלים לקרמשניט,גרמים,300.00,100 גרם,false,,16.90,0.0563,true,1,5847
7290011223243,false,"טואלט דאק ג'ל לאסלה בניחוח לבנדר 55 מ""ל","איטיליאן פוד, אס.פי.",,דאק ג'ל אסלה ניחוח ל,מיליליטרים,55.00,"100 מ""ל",false,,9.90,0.1800,true,1,5856
7290011240318,false,"יין שאטו דה למר קברנה סוביניון יקבי ציון 750 מ""ל",יקבי ציון,,יין שאטו דה למר קברנ,מיליליטרים,750.00,"100 מ""ל",false,,19.90,0.0265,true,1,11968
7290011240332,false,מיץ ענבים אדום תירוש יקבי ציון 1 ליטר,יקבי ציון,,תירוש ענבים טבעי אדו,ליטרים,1.00,ליטר,false,,14.90,14.9000,true,1,11969
7290011240837,false,"יין שאטו דה למר מרלו יקבי ציון 750 מ""ל",יקבי ציון,,יין שאטו דה למר מרלו,מיליליטרים,750.00,"100 מ""ל",false,,19.90,0.0265,true,1,11982
7290011240905,false,"יין מוסקטו לבן מבעבע יקבי ציון 750 מ""ל",יקבי ציון (1982) בעמ,,יקבי ציון מוסקטו 201,מיליליטרים,750.00,"100 מ""ל",false,,30.90,0.0412,true,1,11985
7290011249755,false,רולים גלילי ופל במילוי קרם אגוזים 100 ג' עלמה,ח.כהן סוכנות מזון ומשקאות בע,,רולים אגוז 100 גרם,גרמים,100.00,100 גרם,false,,3.90,0.0390,true,1,41289
7290011254018,false,שעועית מש מיה 500 גר',מיה תעשיות מזון מ.ת.מ בעמ,,שעועית מש 500 גרם,גרמים,500.00,100 גרם,false,,9.90,0.0198,true,1,15057
7290011254032,false,קינואה מיה (500 גרם),מיה תעשיות מזון מ.ת.מ. בעמ,,קינואה 500 גרם,גרמים,500.00,100 גרם,false,,12.90,0.0258,true,1,15059
7290011254070,false,תבלין פלפל שחור בשקית 50ג' מיה,מיה תעשיות מזון מ.ת.מ בעמ,,פלפל שחור בשקית 50 ג,גרמים,50.00,100 גרם,false,,8.50,0.1700,true,1,15063
7290011254100,false,תבלין כרכום בשקית 80 גר' מיה,מיה תעשיות מזון מ.ת.מ בעמ,,כרכום שקית מיה 80 גר,גרמים,80.00,100 גרם,false,,4.00,0.0500,true,1,15066
7290011254131,false,תבלין אורגנו 20גרם- שקית,מיה תעשיות מזון מ.ת.מ בעמ,,אורגנו מהדרין מיה 20,גרמים,20.00,100 גרם,false,,3.90,0.1950,true,1,15069
7290011254148,false,אבקת שום בשקית מיה 80 גרם,מיה תעשיות מזון מ.ת.מ בעמ,,אבקת שום שקית מיה 80,גרמים,80.00,100 גרם,false,,6.90,0.0863,true,1,15070
7290011254186,false,מיה שבבי בצל שקית 30 גרם,מיה תעשיות מזון מ.ת.מ בעמ,,שבבי בצל שקית מיה 50,גרמים,50.00,100 גרם,false,,3.90,0.0780,true,1,15074
7290011254193,false,תבלין שביבי שום 50גרם שקית,מיה תעשיות מזון מ.ת.מ בעמ,,שבבי שום מהדרין מיה,גרמים,50.00,100 גרם,false,,6.90,0.1380,true,1,15075
7290011254452,false,סוכריות ללא תוספת סוכר בטעם מנטה מיה 80 גרם,מיה תעשיות מזון מ.ת.מ. בעמ,,סוכריות ללא סוכר מנט,גרמים,80.00,100 גרם,false,,5.90,0.0738,true,1,15087
7290011254469,false,סוכריות ללא תוספת סוכר בטעם לימון מיה 80 גרם,מיה תעשיות מזון מ.ת.מ. בעמ,,סוכריות ללא סוכר לימ,גרמים,80.00,100 גרם,false,,5.90,0.0738,true,1,15088
7290011254483,false,סוכריות ללא תוספת סוכר בטעם אפרסק מיה 80 גרם,מיה תעשיות מזון מ.ת.מ. בעמ,,סוכריות ללא סוכר אפר,גרמים,80.00,100 גרם,false,,5.90,0.0738,true,1,15090
7290011254490,false,סוכריות ללא תוספת סוכר בטעם פירות יער מיה 80 גרם,מיה תעשיות מזון מ.ת.מ. בעמ,,סוכריות ללא סוכר טעם,גרמים,80.00,100 גרם,false,,5.90,0.0738,true,1,15091
7290011254728,false,ג'לטין טהור בקרטוני מיה 25 גרם,מיה תעשיות מזון מ.ת.מ. בעמ,,ג'לטין טהור 25 גר' ב,גרמים,25.00,100 גרם,false,,10.90,0.4360,true,1,15098
7290011254810,false,סוכריות ג'לילנד דובונים פרי קיץ 125 גרם,מיה תעשיות מזון מ.ת.מ. בעמ,,סוכריות ג'לי דובונים,גרמים,125.00,100 גרם,false,,6.50,0.0520,true,1,15104
7290011254841,false,"סוכריות ג'לילנד חמוצמוצים 125ג' מיה בד""צ",מיה תעשיות מזון מ.ת.מ. בעמ,,סוכריות ג'לי חמוץ מו,גרמים,125.00,100 גרם,false,,6.50,0.0520,true,1,15107
7290011254858,false,סוכריות ג'לילנד ג'ונגל בטעמים טרופיים 125 גר',מיה תעשיות מזון מ.ת.מ. בעמ,,סוכריות ג'לי גן חיות,גרמים,125.00,100 גרם,false,,6.50,0.0520,true,1,15108
7290011254964,false,סוכריות ג לי טבעי עשירייה,מיה תעשיות מזון מ.ת.מ. בעמ,,'סוכריות ג'לי 25 גרם,גרמים,250.00,100 גרם,false,,10.50,0.0420,true,1,15114
7290011378028,false,חלבה קלאסית וניל ללא תוספת סוכר בארכה 350 גרם,קבוצת אסם סחר שות. מוגבלת,,בארכה חלבה וניל ללא,גרמים,350.00,100 גרם,false,,15.90,0.0454,true,1,18736
7290011378233,false,"חטיפי חלווה בארכה 126 גרם מארז 7 יחידות לל""ס",קבוצת אוסם סחר שותפות מוגבלת,,בארכה בקטנה מאגדת ונ,גרמים,120.00,100 גרם,false,,11.90,0.0992,true,1,18737
7290011378257,false,חטיף חלבה בטעם וניל ללא תוספת סוכר בתוספת פיסטוק ופקאן,קבוצת אוסם סחר-שות.מוגבלת,,בארכה חטיף חלבה פקאן,גרמים,120.00,100 גרם,false,,11.90,0.0992,true,1,18738
7290011378769,false,חטיף חלווה וניל בארכה 126 גרם מארז 7 יחידות,קבוצת אוסם סחר שותפות מוגבלת,,בארכה בקטנה מאגדת ונ,גרמים,120.00,100 גרם,false,,11.90,0.0992,true,1,18742
7290011378776,false,חטיף חלווה פיסטוק בארכה 126 גרם מארז 7 יחידות,קבוצת אוסם סחר שותפות מוגבלת,,בארכה בקטנה מאגדת פי,גרמים,120.00,100 גרם,false,,11.90,0.0992,true,1,18743
7290011379018,false,מארז משפחתי שמפיניון 500 ג' מרינה,ביכורי השדה צפון 1994 ג.ד. בעמ,,פטריות צמד חמד,גרמים,500.00,100 גרם,false,,17.90,0.0358,true,1,41517
7290011435226,false,דבש מפרחי בר לחיץ 650 ג' יד מרדכי,מכוורת יד מרדכי שטראוס ב,,דבש מפרחי בר לחיץ 65,גרמים,650.00,100 גרם,false,,34.90,0.0537,true,1,22288
7290011438142,false,"משקה יטבתה אייס קפה בבקבוק אישי 350 מ""ל",שטראוס גרופ בעמ/מצונן,,יטבתה אייס קפה בבקבו,מיליליטרים,350.00,"100 מ""ל",false,,6.50,0.0186,true,1,23337
7290011473969,false,קינואה טריו אורגנית 500 גרם,גורי מוצרי צריכה (1991) בעמ,,קינואה טריו אורגנית,גרמים,500.00,100 גרם,false,,24.00,0.0480,true,1,3573
7290011474102,false,"תערובת קטניות למרק אורגני 500 גרם ""תבואות""",גולי בגמברו,,תערובת קטניות אורגני,גרמים,500.00,100 גרם,false,,15.90,0.0318,true,1,3577
7290011474447,false,קוואקר עבה טבעי תבואות 400 גרם אורגני,גורי מוצרי צריכה (1991) בעמ,,שיבולת שועל עבה טבעי,גרמים,400.00,100 גרם,false,,6.90,0.0173,true,1,216499
7290011499365,false,גבינת חלומי 24% מחלב בקר גד (200 גרם),מחלבות גד שיווק 1992 בעמ,,גד חלומי 24% 200ג,גרמים,200.00,100 גרם,false,,21.90,0.1095,true,1,14675
7290011499419,false,גבינה במרקם שמנת בטעם טבעי 5% ניו יורק,מחלבות גד שיווק 1992 בעמ,,גבינה במרקם שמנת 5%,גרמים,200.00,100 גרם,false,,11.50,0.0575,true,1,14677
7290011505806,false,קיסמי שיניים דנטאליים מפלסטיק 200 יחידות בחבית,אינטרסן (1996) בעמ,,קיסמי שיניים פלסטיק,יחידה,0.00,יחידה,false,,9.90,0.0000,true,1,964
7290011518561,false,"אקטימל תות 1.51 ק""ג מארז 14 יחידות",שטראוס גרופ בעמ/מצונן,,אקטימל תות משפחתי 14,ליטרים,1.40,ליטר,false,,33.90,24.2143,true,1,23342
7290011530525,false,מיקס פירות קפואים שייק איט צהוב - 3*150 ג',"הבו-קדו בע""מ",,שייק איט יום שלישי 4,גרמים,450.00,100 גרם,false,,30.90,0.0687,true,1,70732
7290011587123,false,קרם קוקוס תומר 400 מ,Thai coconut co ltd,,קרם קוקוס תומר 400 מ,מיליליטרים,400.00,"100 מ""ל",false,,9.90,0.0248,true,1,25009
7290011587451,false,מוזלי קראנצי בתוספת פירות ואגוזים ויטליה 600 גרם,תומר יבוא ושיווק מוצרי מזון (1,,גרנולה + פירות ואגוז,גרמים,600.00,100 גרם,false,,14.90,0.0248,true,1,25020
7290011587468,false,מוזלי קראנצי בתוספת אגוזים ויטליה 600 גרם,תומר ייבוא ושיווק מוצרי מזון [,,מוזלי קראנצ + אגוז ת,גרמים,600.00,100 גרם,false,,14.90,0.0248,true,1,25021
7290011587857,false,עגבניות מיובשות בשמן חמניות ועשבי תיבול תומר 250 ג',סנטו דידה סאן,,עגבניות מיובשות מתוב,גרמים,250.00,100 גרם,false,,9.90,0.0396,true,1,25037
7290011598402,false,מקסימה מרכך כביסה ארומתרפי מאסק סנו 4 ליטר,החברה הדרומית לשיווק בעמ,,מרכך כביסה סנו מקסימ,ליטרים,4.00,ליטר,false,,22.90,5.7250,true,1,30137
7290011607197,false,"קולון 101 אבקת כביסה 5 ק""ג",רקיט בנקיזר (ניר איסט) בעמ,,"קולון 101 5 ק""ג",קילוגרמים,5.00,"ק""ג",false,,39.90,7.9800,true,1,20880
7290011615260,false,"טורטייה 20 ס""מ קוטר וילי פוד 540 גר",ג.וילי פוד אינטרנשיונל בעמ,,"עלי טורטיה בד""ץ וילי",גרמים,540.00,100 גרם,false,,8.90,0.0165,true,1,2942
7290011723200,false,טחינה הר ברכה 100% שומשום טהור 500 גר,טחינה הר ברכה בעמ,,טחינה הר ברכה טחינה,גרמים,500.00,100 גרם,false,,19.90,0.0398,true,1,41298
7290011732189,false,"סוכריות צמיד דחוסות בד""ץ טעמן 48 יחידות",גואנגדונג צאואן פוד,,צמיד 48 יח שקית משפח,גרמים,432.00,100 גרם,false,,15.90,0.0368,true,1,9665
7290011732264,false,פרמידה סוכריות בטעם פרי חמצמץ 36 יחידות,גואנגדונג צאואן פוד,,פרמידה סודה 36 יחי ש,גרמים,432.00,100 גרם,false,,15.90,0.0368,true,1,9668
7290011732271,false,מארז פירות פלסטיק עם אבקה בטעם פרי חמצמץ 36 יחידות,גואנגדונג צאואן פוד,,פירות סודה 32 יחידות,גרמים,432.00,100 גרם,false,,15.90,0.0368,true,1,9669
7290011732943,false,שקדי מרק 400 גרם טעמן,טעמן שווק מזון בעמ,,שקדי מרק טעמן 400 גר,גרמים,400.00,100 גרם,false,,7.90,0.0198,true,1,9675
7290011765613,false,סנו מסיר עובש בניחות לימון מתז 1 ל',החברה הדרומית לשיווק בעמ,,סנו מתז מסיר עובש בנ,ליטרים,13.00,ליטר,false,,17.90,1.3769,true,1,30160
7290011765620,false,"נוזל כלים סנו גרין פאוור אקולוגי 750 מ""ל",סנו מפעלי ברונוס בעמ,,"נוזל כלים 750 מ""ל GR",מיליליטרים,750.00,"100 מ""ל",false,,9.90,0.0132,true,1,69507
7290011800840,false,רפי כהן סלט טחינה בלאדי צבר 400 גרם,קבוצת אוסם סחר שותפות מוגבלת,,צבר רפי כהן טחינה בל,גרמים,400.00,100 גרם,false,,16.90,0.0422,true,1,19783
7290011860271,false,ביסבול כדורי פירה מתפוחי אדמה תפוגן 700 גרם,קבוצת אוסם סחר שותפות מוגבלת,,תפוגן ביס בול טבעי 7,גרמים,700.00,100 גרם,false,,16.90,0.0241,true,1,19785
7290011877842,false,שקיות ואקום לאחסון XXXL+L סנו סושי 2 יחידות,החברה הדרומית לשיווק בעמ,,סנו סושי שקיות ואקום,יחידה,0.00,יחידה,false,,24.90,0.0000,true,1,30170
7290011877859,false,סנו אינסטלטור חדש פותח סתימות 200ג',החברה הדרומית לשיווק בעמ,,סנו אינסטלטור פותח ס,מיליליטרים,200.00,"100 מ""ל",false,,15.90,0.0795,true,1,30171
7290011912642,false,ליסטרין שטיפת פה הגנה על השיניים והחניכי,ג'\ונסון אנד ג'\ונסון,,מי פה טאגד ליסטרין 5,מיליליטרים,500.00,"100 מ""ל",false,,24.90,0.0498,true,1,29483
7290011931162,false,סוכרלייט ממתיק נוזלי על בסיס סוכרלוז,אף.סי תבליני בגליל ב,,סוכרלייט נוזלי 220מל,מיליליטרים,220.00,"100 מ""ל",false,,27.90,0.1268,true,1,22302
7290012001994,false,חרדל דיז'ון גרעינים 350 ג' ריין דיזון,דיפלומט מפיצים (1968) בעמ**,,חרדל דיגון גרעינים 3,גרמים,350.00,100 גרם,false,,12.50,0.0357,true,1,5325
7290012019258,false,מחית תפוחי עץ רביעיה 4 * 113 ג' תומר,תומר ייבוא ושיווק מוצרי מזון [,,"רסק תפו""ע מחית תפוחי",גרמים,452.00,100 גרם,false,,10.90,0.0241,true,1,25052
7290012019265,false,"מחית תפו""ע ללא תוספת סוכר 4*113גר",תומר ייבוא ושיווק מוצרי מזון [,,"מחית תפו""ע ללא סוכר",גרמים,452.00,100 גרם,false,,10.90,0.0241,true,1,25053
7290012025495,false,"טחינה אסלי שמיר 1 ק""ג","סלטי שמיר 2006 בע""מ",,"טחינה אסלי 1 ק""ג",קילוגרמים,1.00,"ק""ג",false,,13.90,13.9000,true,1,17723
7290012025822,false,שמיר סלק אסלי 400 גרם,"סלטי שמיר 2006 בע""מ",,שמיר סלק אסלי 400 גר,גרמים,400.00,100 גרם,false,,10.90,0.0273,true,1,17724
7290012025839,false,מטבוחה אסלי שמיר 400 גרם,"סלטי שמיר 2006 בע""מ",,שמיר מטבוחה אסלי 400,גרמים,400.00,100 גרם,false,,10.90,0.0273,true,1,17725
7290012117275,false,"קליר שקית מילוי לניקוי חלונות סנו 750 מ""ל",החברה הדרומית לשיווק בעמ,,סנוקליר שקית מילוי 7,מיליליטרים,750.00,"100 מ""ל",false,,6.90,0.0092,true,1,30204
7290012117350,false,"נוזל רצפות לילך 2 ליטר ""ריצפז פרש""",החברה הדרומית לשיווק בעמ,,ריצפז פרש לילך לבנדר,ליטרים,2.00,ליטר,false,,18.90,9.4500,true,1,30205
7290012117541,false,מקסימה מרכך כביסה מרוכז צהוב סנו 1 ליטר,החברה הדרומית לשיווק בעמ,,סנו מקסימה מרכך קומפ,יחידה,0.00,יחידה,false,,18.90,0.0000,true,1,30215
7290012117589,false,כפפות סנו סושי לטקס L אריזת 100יח',החב. הדרומית לשיווק,,L סנו סושי כפפות לטק,יחידה,0.00,יחידה,false,,44.90,0.0000,true,1,30219
7290012191084,false,אריזת גפרורים 10 קופסאות,,,המנגליסט גפרורים עשי,יחידה,0.00,יחידה,false,,2.90,0.0000,true,1,7881
7290012212154,false,מלפפון במלח קטן צנצנת זכוכית,אבאל יזמות בעמ,,מלפפון במלח קטן בצנצ,גרמים,560.00,100 גרם,false,,12.90,0.0230,true,1,263587
7290012226342,false,נקניקיה טבעונית למחבת או לתנור עשירה בחלבון,זוגלובק שיווק בעמ,,נקניקיה מן הצומח טבע,גרמים,460.00,100 גרם,false,,26.90,0.0585,true,1,39000
7290012227592,false,פסט' חרמון כפרי וסלמי תה זוגי זוגלובק 300X2ג' מחפוד,זוגלובק שיווק בעמ,,זוגלובק חרמון כפרי+ת,גרמים,700.00,100 גרם,false,,35.90,0.0513,true,1,39026
7290012227608,false,מארז חרמון 300 גר' +חרמון ברבקיו 300ג' זוגלובק,זוגלובק שיווק בעמ,,זוגלובק כפרי חרמון+ב,גרמים,600.00,100 גרם,false,,35.90,0.0598,true,1,39027
7290012227615,false,נקניקיות עוף זוגלובק 800 ג' מחפוד,זוגלובק שיווק בעמ,,מחפוד נקניקיות עוף ז,גרמים,800.00,100 גרם,false,,27.90,0.0349,true,1,39028
7290012227622,false,פסטרמה חרמון כפרית דבש 400גר מחפוד זוגלובק,זוגלובק שיווק בעמ,,זוגלובק פסטרמה בדבש,גרמים,400.00,100 גרם,false,,21.90,0.0547,true,1,39029
7290012227738,false,זוגלובק סלמי תה מעושן מחפוד 370 גרם,זוגלובק שיווק בעמ,,סלמי תה מעושן מחפוד,גרמים,370.00,100 גרם,false,,19.90,0.0538,true,1,39033
7290012227769,false,פסטרמה ברביקיו זוגלובק מחפוד 400 גרם,זוגלובק שיווק בעמ,,זוגלובק פסטרמה ברביק,גרמים,400.00,100 גרם,false,,19.90,0.0497,true,1,39035
7290012227776,false,פסטרמה הודו מחפוד 400ג זוגלובק,זוגלובק שיווק בעמ,,פסטרמה הודו מחפוד זו,גרמים,400.00,100 גרם,false,,21.90,0.0547,true,1,39036
7290012227783,false,נקניק תה מעושן מחפוד זוגלובק 400ג',זוגלובק שיווק בעמ,,זוגלובק נקניק תה מעו,גרמים,400.00,100 גרם,false,,19.90,0.0497,true,1,39037
7290012228124,false,קבנוס סטיקס עם נגיעות מלח ים סדרת ריינהולד'ס,זוגלובק שיווק בעמ,,קבנוס סטיקס 50 גר'.,גרמים,50.00,100 גרם,false,,9.90,0.1980,true,1,39047
7290012228407,false,"נקניקיות ג'מבו מחפוד זוגלובק 1.5 ק""ג",זוגלובק שיווק בעמ,,נקניקיות ג'מבו מחפוד,קילוגרמים,1.50,"ק""ג",false,,40.90,27.2667,true,1,39061
7290012228629,false,נקניקיות עוף זוגלובק 800 גר' קהילות,זוגלובק שיווק בעמ,,נקניקיות עוף 800 גר',גרמים,800.00,100 גרם,false,,31.90,0.0399,true,1,39071
7290012228728,false,קבנוס סטיקס בסגנון מקסיקני חריף סדרת ריינהולד'ס,זוגלובק שיווק בעמ,,קבנוס סטיקס מקסיקני,גרמים,50.00,100 גרם,false,,11.90,0.2380,true,1,39079
7290012228766,false,קבנוס מחפוד זוגלובק 120 גרם,זוגלובק שיווק בעמ,,קבנוס מחפוד זוגלובק,גרמים,120.00,100 גרם,false,,11.90,0.0992,true,1,130532
7290012260827,false,שערות קדאיף מזאווי 4,א.ג בחירה חכמה בעמ,,שערות קדאיף 475 גרם,גרמים,475.00,100 גרם,false,,14.90,0.0314,true,1,49333
7290012313141,false,מלפפונים פרוסות במלח קבוצת יבנה 330 גרם,קבוצת יבנה מוצרי מזון אגודה שי,,פרוסות מלפפון במלח י,גרמים,540.00,100 גרם,false,,6.50,0.0120,true,1,44737
7290012313240,false,מיקס זית ירוק וקלמטה קבוצת יבנה 560 גרם,קבוצת יבנה מוצרי מזון בעמ,,מיקס זית ירוק וקלמטה,גרמים,560.00,100 גרם,false,,10.90,0.0195,true,1,111018
7290012335006,false,סוכריות סודה רול מיני מארז משפחתי 375 ג',גואנגדונג צאואן פוד,,סוכריות רול מיני 33,גרמים,460.00,100 גרם,false,,15.90,0.0346,true,1,9688
7290012335020,false,סוכריות סודה שעון מארז משפחתי 375 גר',גואנגדונג צאואן פוד,,סוכריות סודה שעון מש,גרמים,490.00,100 גרם,false,,15.90,0.0324,true,1,9689
7290012372100,false,"קמח מלא בהיר 80% רובינפלד 1 ק""ג","סופר קמח רובינפלד בע""מ",,קמח חיטה 80% רובינפל,קילוגרמים,1.00,"ק""ג",false,,10.90,10.9000,true,1,36804
7290012372117,false,"קמח 100% רובינפלד 1ק""ג","סופר קמח רובינפלד בע""מ",,קמח חיטה מלא 100% רו,קילוגרמים,1.00,"ק""ג",false,,10.90,10.9000,true,1,36805
7290012372124,false,"קמח מנופה כוסמין מלא רוביפנלד 1 ק""ג","סופר קמח רובינפלד בע""מ",,קמח כוסמין 100% רובי,קילוגרמים,1.00,"ק""ג",false,,16.90,16.9000,true,1,245448
7290012372155,false,"קמח מנופה כוסמין 80% רוביפנלד 1 ק""ג","סופר קמח רובינפלד בע""מ",,קמח כוסמין 80% רובינ,קילוגרמים,1.00,"ק""ג",false,,16.90,16.9000,true,1,36807
7290012372209,false,קמח חיטה לבן מנופה רובינפלד,,,קמח חיטה לבן מנופה ר,קילוגרמים,1.00,"ק""ג",false,,7.90,7.9000,true,1,245421
7290012372247,false,"קמח מנופה כוסמין לבן רוביפנלד 1 ק""ג","סופר קמח רובינפלד בע""מ",,קמח כוסמין לבן רובינ,קילוגרמים,1.00,"ק""ג",false,,16.90,16.9000,true,1,245462
7290012454172,false,סוכריות ללא תוספת סוכר בטעם תות מיה 80 גרם,מיה תעשיות מזון מ.ת.מ. בעמ,,סוכריות ללא סוכר בטע,גרמים,80.00,100 גרם,false,,5.90,0.0738,true,1,15119
7290012454196,false,סוכריות קפוצ'ינו ללא סוכר מיה 80 גרם,מיה תעשיות מזון מ.ת.מ. בעמ,,סוכריות ללא סוכר בעט,גרמים,80.00,100 גרם,false,,5.90,0.0738,true,1,15121
7290012522581,false,טבעול שניצל תירס ללא גלוטן טבעול 664 גרם,קבוצת אוסם סחר-שות.מוגבלת,,טבעול שניצל תירס ללא,גרמים,664.00,100 גרם,false,,19.90,0.0300,true,1,19793
7290012557972,false,עוגיות נמסות במילוי קרם אגוזים 150 גר',,,עוגיות נמסות במילוי,גרמים,150.00,100 גרם,false,,5.90,0.0393,true,1,13196
7290012642586,false,ערמונים קלופים 100 ג' תומר,תומר ייבוא ושיווק מוצרי מזון [,,ערמונים קלופים וקלוי,גרמים,100.00,100 גרם,false,,5.90,0.0590,true,1,25073
7290012642852,false,פלפל אדום על האש תומר 330 גרם,סאטקו,,פלפל אדום קלוי על הא,גרמים,330.00,100 גרם,false,,11.90,0.0361,true,1,25083
7290012645112,false,יוגורט עיזים 2.8% בדלי חלב הארץ 750 גרם,שטראוס גרופ בעמ/מצונן,,יוגורט עיזים בדלי 75,מיליליטרים,750.00,"100 מ""ל",false,,18.90,0.0252,true,1,23350
7290012645389,false,יוגורט עיזים טבעי 1 ליטר בבקבוק חלב האר,שטראוס גרופ בעמ/מצונן,,חלב הארץ יוגורט ביו,ליטרים,1.00,ליטר,false,,21.90,21.9000,true,1,23359
7290012803215,false,טוסו וופל בלגי ללתס בטעם שוקולד 200 גר`,בטר אנד דיפרנט,,טוסו וופל בלגי שוקול,גרמים,200.00,100 גרם,false,,10.50,0.0525,true,1,5910
7290012803222,false,טוסו ופל בסגנון בלגי בטעם לימון ללא תוספת סוכר 200 גרם,בטר אנד דיפרנט,,טוסו וופל בלגי לימון,גרמים,200.00,100 גרם,false,,10.50,0.0525,true,1,5911
7290012803321,false,מרמולייט סוכרלוז 200 שקיות אישיות,דנשר (1963) בעמ,,מרמולייט סוכרלוז 200,גרמים,200.00,100 גרם,false,,44.90,0.2245,true,1,5913
7290012803352,false,רייד תרסיס קוטל יתושים/זבובים 300 מל,אס.סי.ג'ונסון מידרכט,,רייד תרסיס קוטל מעופ,מיליליטרים,300.00,"100 מ""ל",false,,17.90,0.0597,true,1,5914
7290012823374,false,אנטי קאלק מטליות לחות לניקוי כללי סנו 50 יחידות,מיוצר עי קונדיטוריית,,מגבוני אנטי קאלק 50י,יחידה,0.00,יחידה,false,,11.90,0.0000,true,1,30258
7290012823558,false,"מטליות לחות לרצפה 40*70 ס""מ סנו סושי 10 יחידות",החברה הדרומית לשיווק בעמ,,סנו סושי מטליות ענק,יחידה,0.00,יחידה,false,,10.90,0.0000,true,1,30264
7290012823565,false,פוליויקס מטליות ענק לחות לפרקט סנו 10 יחידות,החב. הדרומית לשיווק,,פוליויקס פרקט מטליות,יחידה,0.00,יחידה,false,,14.90,0.0000,true,1,30265
7290012850035,false,מחית בוליווד תפוח ואפרסק 190 גרם,שקד תבל בע`מ,,תפוח ואפרסק 190גרם B,גרמים,190.00,100 גרם,false,,5.90,0.0311,true,1,29499
7290012884986,false,צ`יפס לתנור עד 4% שומן תפוגן (1.5 קג),קבוצת אוסם סחר שותפות מוגבלת,,תפוגן ציפס לתנור עד,קילוגרמים,1.50,"ק""ג",false,,26.90,17.9333,true,1,19803
7290012936937,false,תבלינים בהרט בצנצנת 40 גרם,א.ל. ייצור ושיווק תבלינים בע`מ,,מימון בהרט 40 גרם,גרמים,50.00,100 גרם,false,,12.90,0.2580,true,1,354
7290012938740,false,משחת שיניים סנסודיין פרש מינט מנטה 75 מל,גלקסו סמית קליין,,משחת שיניים פרש מינט,מיליליטרים,75.00,"100 מ""ל",false,,21.90,0.2920,true,1,3876
7290012962684,false,"הוסטס שקיות צליה ג'מבו 50X35 ס""מ בקופסה 5 יח'",אינטרסן (1996) בעמ,,שקיות צליה ג`מבו 5 י,יחידה,0.00,יחידה,false,,4.90,0.0000,true,1,978
7290012962912,false,כפפות ניטריל סייף טא,,,כפפות ניטריל סייף טא,יחידה,0.00,יחידה,false,,27.90,0.0000,true,1,249443
7290012962929,false,כפפות ניטריל סייף טא,,,כפפות ניטריל סייף טא,יחידה,0.00,יחידה,false,,27.90,0.0000,true,1,249444
7290012962936,false,כפפות ניטריל סייף טא,,,כפפות ניטריל סייף טא,יחידה,0.00,יחידה,false,,27.90,0.0000,true,1,249445
7290012962943,false,כפפות ניטריל סייף טא,,,כפפות ניטריל סייף טא,יחידה,0.00,יחידה,false,,27.90,0.0000,true,1,249671
7290013010001,false,עגבניות מרוסקות פרי מבורך 260 גרם,"זנלכל בע""\מ",,עגבניות מרוסקות פרי,גרמים,260.00,100 גרם,false,,5.50,0.0212,true,1,8706
7290013010018,false,רוטב עגבניות לפסטה פרי מבורך 240 גרם,"זנלכל בע""\מ",,רוטב לפסטה פרי מבורך,גרמים,260.00,100 גרם,false,,5.50,0.0212,true,1,8707
7290013010025,false,"רוטב עגבניות לפיצה בד""ץ פרי מבורך 240 גרם","זנלכל בע""\מ",,רוטב לפיצה פרי מבורך,גרמים,260.00,100 גרם,false,,5.50,0.0212,true,1,8708
7290013010032,false,רוטב עגבניות לשקשוקה פרי מבורך 240 גרם,"זנלכל בע""\מ",,רוטב לשקשוקה פרי מבו,יחידה,260.00,יחידה,false,,5.50,0.0212,true,1,8709
7290013027399,false,לחם קמח מלא קל בתוספת שיפון 750 ג' אנג'ל,מאפיית שלמה א. אנג'\ל בע,,לחם 100 בתוספת שיפון,גרמים,750.00,100 גרם,false,,14.90,0.0199,true,1,35476
7290013083678,false,"מטרנה אקסטרה קר שלב 2 חסכון 700 גרם תמ""ל",קבוצת אוסם סחר-שות.מוגבלת,,מטרנה אקסטרה קר שלב,גרמים,700.00,100 גרם,false,,58.90,0.0841,true,1,18761
7290013083685,false,תחליף חלב מטרנה אקסטרה קר שלב 3 חסכון 700 גרם,קבוצת אוסם סחר-שות.מוגבלת,,מטרנה אקסטרה קר שלב,גרמים,700.00,100 גרם,false,,58.90,0.0841,true,1,18762
7290013117410,false,בצק פריך מרודד למאפים מתוקים 900 ג' מעדנות,תנובה מרכז שיתופי לשיווק תוצרת,,מעדנות בצק פריך מרוד,גרמים,900.00,100 גרם,false,,23.90,0.0266,true,1,35636
7290013117526,false,בצק שמרים מרודד למאפים מתוקים מעדנות 900 גרם,תנובה מרכז שיתופי לשיווק תוצרת,,מעדנות בצק שמרים למא,גרמים,900.00,100 גרם,false,,23.90,0.0266,true,1,35640
7290013121158,false,לחמניות סנדוויץ ללא גלוטן גרין לייט 4 * 115 גרם,אביב קונדיטוריה מעול,,רביעיית לחמניות סנדב,גרמים,460.00,100 גרם,false,,19.90,0.0433,true,1,49704
7290013144140,false,מימונס תערובת להכנת סופגניות 600 גר,א.ל.יצור ושיווקתבלינים בעמ,,מימונס תערובת לסופגנ,גרמים,600.00,100 גרם,false,,17.50,0.0292,true,1,15343
7290013144157,false,תערובת להכנת סחלב 130גרם,א.ל. ייצור ושיווק תבלינים בע`מ,,מימונס סחלב 130 גרם,גרמים,130.00,100 גרם,false,,10.90,0.0838,true,1,15344
7290013144188,false,מימונס תערובת להכנת בראוניז 600 גרם,א.ל.יצור ושיווקתבלינים בעמ,,תערובת בראוניס 600 ג,גרמים,600.00,100 גרם,false,,17.50,0.0292,true,1,15347
7290013144201,false,תערובת להכנת פנקייק מימונס (400 גרם),א.ל.ייצור ושיווק תבלינים בעמ,,תערובת פנקייק 400גר,גרמים,400.00,100 גרם,false,,17.50,0.0438,true,1,15349
7290013144218,false,מיימונס תערובת עוגת וניל 560 גרם.,א.ל.ייצור ושיווק תבלינים בעמ,,תערובת עוגת וניל 560,גרמים,560.00,100 גרם,false,,17.50,0.0313,true,1,15350
7290013144270,false,תערובת להכנת קרם פטיסייר מיימונס 100 גרם,א.ל. ייצור ושיווק תבלינים בע`מ,,קרם פטיסייר 100 גרם,גרמים,100.00,100 גרם,false,,10.90,0.1090,true,1,15355
7290013144317,false,מימונס ג'וני גלילית וופל למילוי 18 יחידות,א.ל. ייצור ושיווק תבלינים בע`מ,,ג`וני - גלילית וופל,גרמים,400.00,100 גרם,false,,23.90,0.0597,true,1,15357
7290013144393,false,תמצית אפיה בטעם וניל מימונס (50 מל),א.ל. ייצור ושיווק תבלינים בע`מ,,תמצית בטעם וניל 50גר,גרמים,50.00,100 גרם,false,,4.90,0.0980,true,1,15361
7290013144409,false,תמצית אפיה בטעם רום מימונס (50 מל),א.ל. ייצור ושיווק תבלינים בע`מ,,תמצית בטעם רום 50גר,מיליליטרים,50.00,"100 מ""ל",false,,4.90,0.0980,true,1,15362
7290013144539,false,צבע מאכל אדום מימונס 50 גרם,א.ל. ייצור ושיווק תבלינים בע`מ,,צבע מאכל אדום 50גר,גרמים,50.00,100 גרם,false,,4.90,0.0980,true,1,15368
7290013144560,false,מיימונס צבע מאכל כחול 50 גרם,א.ל. ייצור ושיווק תבלינים בע`מ,,צבע מאכל כחול 50גר,גרמים,50.00,100 גרם,false,,4.90,0.0980,true,1,15369
7290013144751,false,סירופ בטעם מייפל מימונס 500 גרם,א.ל. ייצור ושיווק תבלינים בע`מ,,מימונס סירופ בטעם מי,מיליליטרים,500.00,"100 מ""ל",false,,13.90,0.0278,true,1,15371
7290013144768,false,סירופ בטעם שוקולד מימונס 500 גרם,א.ל. ייצור ושיווק תבלינים בע`מ,,מימונס סירופ בטעם שו,מיליליטרים,500.00,"100 מ""ל",false,,13.90,0.0278,true,1,15372
7290013144805,false,אבקת אייס קפה דיאט 320 גרם מימונס,א.ל. ייצור ושיווק תבלינים בע`מ,,אייס קפה לייט להכנה,גרמים,245.00,100 גרם,false,,20.90,0.0853,true,1,276006
7290013145017,false,אגוז מלך קלוף מיימונס 100 גרם,א.ל. ייצור ושיווק תבלינים בע`מ,,מימונס אגוז מלך קלוף,גרמים,100.00,100 גרם,false,,11.90,0.1190,true,1,15377
7290013145109,false,שקד מולבון טחון מימונס 100 גרם,א.ל. ייצור ושיווק תבלינים בע`מ,,מימונס שקד מולבן טחו,גרמים,100.00,100 גרם,false,,12.90,0.1290,true,1,15385
7290013145178,false,קוקוס לבן טחון מימונס (100 גרם),א.ל. ייצור ושיווק תבלינים בע`מ,,קוקוס טחון לבן 100 ג,גרמים,100.00,100 גרם,false,,4.90,0.0490,true,1,15391
7290013145192,false,שומשום מיימונס 100 גרם,א.ל. ייצור ושיווק תבלינים בע`מ,,שומשום 100גר,גרמים,100.00,100 גרם,false,,4.90,0.0490,true,1,15392
7290013145215,false,שומשום מימונס (400 גרם),א.ל.ייצור ושיווק תבלינים בעמ,,שומשום 400גר,גרמים,400.00,100 גרם,false,,15.90,0.0398,true,1,15393
7290013145390,false,מימונס שוקולד צ'יפס מהדרין 250 גר,א.ל. ייצור ושיווק תבלינים בע`מ,,מימונס שוקולד ציפס מ,גרמים,250.00,100 גרם,false,,9.90,0.0396,true,1,15397
7290013145406,false,שוקולד צ'יפס לבן מיימונס 250 גרם,א.ל. ייצור ושיווק תבלינים בע`מ,,מימונס שוקולד ציפס ל,גרמים,250.00,100 גרם,false,,9.90,0.0396,true,1,15398
7290013145437,false,שוקולד מריר מעולה ציפס מימונס 250 ג',א.ל. ייצור ושיווק תבלינים בע`מ,,מימונס שוקולד ציפס 4,גרמים,250.00,100 גרם,false,,15.50,0.0620,true,1,15400
7290013145451,false,קקאו 150 גר`שקית מימונס,א.ל. ייצור ושיווק תבלינים בע`מ,,מימונס קקאו 150 גר,גרמים,150.00,100 גרם,false,,9.90,0.0660,true,1,15402
7290013145536,false,סוכריות לקישוט בטעם שוקולד מיימונס 85 גרם,א.ל. ייצור ושיווק תבלינים בע`מ,,סוכריות בטעם שוקולד,גרמים,90.00,100 גרם,false,,5.90,0.0656,true,1,15405
7290013145628,false,מימונס סוכריות צבעוניות לקישוט 200 גרם,א.ל. ייצור ושיווק תבלינים בע`מ,,סוכריות צבעוניות לקי,גרמים,200.00,100 גרם,false,,9.90,0.0495,true,1,15409
7290013145840,false,סוכר וניל מימונס 10יח בצלופן,א.ל. ייצור ושיווק תבלינים בע`מ,,מימונס סוכר וניל 10*,גרמים,100.00,100 גרם,false,,2.90,0.0290,true,1,15423
7290013145857,false,אבקת אפיה מימונס 10יח בצלופן,א.ל. ייצור ושיווק תבלינים בע`מ,,אבקת אפיה 10* 10 גרם,גרמים,100.00,100 גרם,false,,2.90,0.0290,true,1,15424
7290013145871,false,שמרים יבשים סטיק מימונס 5*11 ג',א.ל. ייצור ושיווק תבלינים בע`מ,,מימונס שמרים יבשים 5,גרמים,55.00,100 גרם,false,,10.50,0.1909,true,1,15426
7290013146243,false,פודינג בטעם וניל מימונס 320גר,א.ל.יצור ושיווקתבלינים בעמ,,פודינג בטעם וניל 320,גרמים,320.00,100 גרם,false,,18.90,0.0591,true,1,292355
7290013146670,false,סוכריות לב סגול ורוד לבן לקישוט 60 גרם,א.ל ייצור ושיווק תבלינים בעמ,,סוכריות לב צבעוניות,יחידה,0.00,יחידה,false,,11.90,0.0000,true,1,65516
7290013146762,false,מימונס קצפת מעולה 24% מעודנת 200מל,קפוא-זן תעשיות מזון בעמ - תפוג,,קצפת לזילוף 24% שומן,גרמים,500.00,100 גרם,false,,6.90,0.0138,true,1,183313
7290013220103,false,דובדבן קפוא א.מ שרון (500 גרם),"א.מ.שרון שיווק (2014) בע""מ",,דובדבן קפוא 500 גרם,גרמים,500.00,100 גרם,false,,19.90,0.0398,true,1,51601
7290013220349,false,דומדמנית אדומה 500 גרם,א.מ. שרון שיווק (2014) בעמ,,דומדמנית אדומה 500 ג,גרמים,500.00,100 גרם,false,,19.90,0.0398,true,1,51607
7290013268891,false,אוקסיג'ן ג'ל ללא אקונומיקה עם חמצן פעיל סנו 3 ליטר,החברה הדרומית לשיווק בעמ,,סנו אוקסיג'ן 3 ליטר,ליטרים,3.00,ליטר,false,,30.90,10.3000,true,1,30321
7290013268938,false,סנובון סבון לאסלה בניחוח מאסק סנו 3*65 גרם,החברה הדרומית לשיווק בעמ,,סנובון שלישיה מאסק 3,גרמים,195.00,100 גרם,false,,11.90,0.0610,true,1,30324
7290013268983,false,מרכך כביסה סופר מרוכז בבישום עוצמתי סנו מקסימה 1 ל',החברה הדרומית לשיווק בעמ,,מקסימה מרכך כביסה בב,יחידה,0.00,יחידה,false,,18.90,0.0000,true,1,151471
7290013269003,false,מרכך כביסה סופר מרוכז בייבי לתינוקות ולעור רגיש,החברה הדרומית לשיווק בעמ,,סנו מקסימה קר בייבי,ליטרים,1.00,ליטר,false,,19.90,19.9000,true,1,30326
7290013269287,false,סנו - מקסימה ג'ל כביסה מרוכז מאסק 3 ליטר,החברה הדרומית לשיווק בעמ,,מקסימה מאסק גל כביסה,ליטרים,3.00,ליטר,false,,33.90,11.3000,true,1,30333
7290013269300,false,סושי ניילון נצמד פלוס סנו (150 מטר),החברה הדרומית לשיווק בעמ,,סנו סושי פלסטיק נצמד,מטרים,150.00,מטר,false,,23.90,0.1593,true,1,30334
7290013269645,false,ריצפז פרש מטליות לחות לריצפה בניחוח מאסק 10 יחידות,החברה הדרומית לשיווק בעמ,,ריצפז פרש מטליות לחו,יחידה,0.00,יחידה,false,,11.90,0.0000,true,1,30342
7290013269652,false,פוליויקס נוזל לניקוי רצפות גרניט פורצלן סנו 2 ליטר,החברה הדרומית לשיווק בעמ,,פוליויקס גרניט פורצל,ליטרים,2.00,ליטר,false,,20.90,10.4500,true,1,30343
7290013269751,false,מטליות לחותריצפז פרש לניקוי ריצפה בניחות מלון בוטיק 10 יח' סנו,החברה הדרומית לשיווק בעמ,,ריצפז מטליות לחות לנ,יחידה,0.00,יחידה,false,,11.90,0.0000,true,1,30347
7290013269850,false,נייר אפיה אקולוגי סנו סושי 50 יחידות,החברה הדרומית לשיווק בעמ,,סנו סושי נייר אפיה א,יחידה,0.00,יחידה,false,,17.90,0.0000,true,1,30351
7290013276117,false,"בקבוק בירה נגב אואזיס 330 מ""ל",הכרם - משקאות חריפים בעמ,,בירה נגב אואזיס חדש,מיליליטרים,330.00,"100 מ""ל",false,,12.90,0.0391,true,1,7348
7290013284310,false,רוטב פסטה לילדים פריניר 240 גרם,ח.כהן סוכנות מזון ומשקאות בע,,רוטב לפסטה לילדים פר,גרמים,240.00,100 גרם,false,,4.90,0.0204,true,1,41311
7290013284662,false,רוטב פיצה פיתה לילדים 240 ג' פריניר,ח.כהן סוכנות מזון ומשקאות בע,,רוטב פיצה פיתה פריני,גרמים,240.00,100 גרם,false,,4.90,0.0204,true,1,41312
7290013358356,false,פירורי לחם מוזהבים מאסטר שף (320גרם),ש. שסטוביץ בע`מ,,מאסטר שף פירורי לחם,גרמים,350.00,100 גרם,false,,8.90,0.0254,true,1,21491
7290013358363,false,מאסטר שף פרורי לחם פנקו עבים בסגנון יפני 300 גר,קריניציה ויטמינה אס,,מאסטר שף פירורי לחם,גרמים,300.00,100 גרם,false,,9.90,0.0330,true,1,21492
7290013358493,false,מאסטר שף אסייאתי קרם קוקוס פחית 400 מל,תאי קוקונט פבליק קומפני,,מאסטר שף אסייאתי קרם,מיליליטרים,400.00,"100 מ""ל",false,,8.90,0.0223,true,1,21502
7290013358578,false,מנה אסייאתי אטריות אורז רחבות 400 ג מ.שף,ליינג טונג רייספלוור,,אטריות אורז רחבות 5,גרמים,400.00,100 גרם,false,,10.90,0.0273,true,1,21508
7290013358806,false,מנה מאגדת פריכיות אורז עם מלח 264 גרם,ש. שסטוביץ בע`מ,,מאגדת פריכיות עם מלח,גרמים,264.00,100 גרם,false,,12.90,0.0489,true,1,21513
7290013389077,false,"עלי טורטיה מקמח חיטה 25ס""מ 8יח' תומר 420 ג'",Azteca foods europe,,6 טורטיות חיטה תומר,גרמים,425.00,100 גרם,false,,8.90,0.0209,true,1,25089
7290013389114,false,ניוקי תפוח אדמה לה פסטה 500 גרם,לה פסטה La' Pasta,,"ניוקי תפו""א לה פסטה",גרמים,500.00,100 גרם,false,,7.90,0.0158,true,1,25092
7290013412966,false,רבעיית מגבונים תולי 72*4 יחידות,שקד תבל בעמ,,תולי מגבונים לחים 4*,יחידה,0.00,יחידה,false,,10.90,0.0000,true,1,29515
7290013424921,false,קיווי פרוס ארוז 500 גר,בינזו לונגשינטיאנרן,,קיווי פרוס קפוא 500,גרמים,500.00,100 גרם,false,,11.90,0.0238,true,1,135595
7290013424952,false,אננס קפוא 500 ג' פילד גוד,סאפו דקלאק טריידינג,,אננס חתוך קפוא 500 ג,גרמים,500.00,100 גרם,false,,11.90,0.0238,true,1,135598
7290013472199,false,ערמונים קלופים וקלויים 105 גרם,ג.וילי פוד אינטרנשיונל בעמ,,וילי פוד ערמונים 100,גרמים,100.00,100 גרם,false,,5.90,0.0590,true,1,2959
7290013579492,false,"פיטאיה קפואה 250 גרם - Shake It - בד""ץ עדה חרדית","הבו-קדו בע""\מn\",,פיטאיה קפואה שייק אי,גרמים,250.00,100 גרם,false,,12.90,0.0516,true,1,276695
7290013579553,false,"אלוורה קפואה 250 גרם - I6 - בד""ץ עדה חרדית","הבו-קדו בע""\מn\",,אלוורה קפואה שייק אי,גרמים,250.00,100 גרם,false,,12.90,0.0516,true,1,276677
7290013585233,false,"ספרייט זירו פחית סליק 330 מ""ל",החברה המרכזית להפצת משקאות בעמ,,פחית סליק 330 מל ZER,מיליליטרים,330.00,"100 מ""ל",false,,5.50,0.0167,true,1,7076
7290013585257,false,ספרייט זירו בבקבוק אישי,החברה המרכזית להפצת משקאות בעמ,,ZERO ספרייט 0.5 ל,מיליליטרים,500.00,"100 מ""ל",false,,7.50,0.0150,true,1,7078
7290013585387,false,בקבוק זירו קוקה-קולה (1 ליטר),החברה המרכזית להפצת משקאות בעמ,,קולה זירו 1 ליטר,ליטרים,1.00,ליטר,false,,7.90,7.9000,true,1,7088
7290013585394,false,בקבוק קוקה-קולה (1 ליטר),החברה המרכזית להפצת משקאות בעמ,,קוקה קולה 1 ליטר,ליטרים,1.00,ליטר,false,,7.90,7.9000,true,1,7089
7290013608260,false,מיץ רימונים 100%מיץ סחוט טרי מצונן 1ליט,שטראוס גרופ בעמ/מצונן,,פרימור מיץ רימונים ס,יחידה,0.00,יחידה,false,,22.90,0.0000,true,1,23364
7290013625403,false,חצאי אפרסק צ'ויס בסירופ 470גרם,טעמן שווק מזון בעמ,,חצאי אפרסקים פרימיום,גרמים,470.00,100 גרם,false,,12.90,0.0274,true,1,9743
7290013677006,false,חומוס גדול באריזת וואקום Selected,מיה תעשיות מזון מ.ת.מ בעמ,,חומוס בואקום 500 גר',גרמים,500.00,100 גרם,false,,8.90,0.0178,true,1,15134
7290013677013,false,גריסים בוואקום מיה 500 גר',מיה תעשיות מזון מ.ת.מ בעמ,,גריסים בואקום מיה 50,גרמים,500.00,100 גרם,false,,7.90,0.0158,true,1,15135
7290013677020,false,שעועית לבנה בוואקום מיה 500 גר',מיה תעשיות מזון מ.ת.מ בעמ,,שעועית לבנה בואקום 5,גרמים,500.00,100 גרם,false,,8.90,0.0178,true,1,15136
7290013677037,false,עדשים ירוקות באריזת וואקום Selected,מיה תעשיות מזון מ.ת.מ בעמ,,עדשים ירוקות בואקום,גרמים,500.00,100 גרם,false,,10.90,0.0218,true,1,15137
7290013677044,false,עדשים אדומים בוואקום מיה 500 גר',מיה תעשיות מזון מ.ת.מ בעמ,,עדשים אדומות סלקטד 5,גרמים,500.00,100 גרם,false,,9.90,0.0198,true,1,15138
7290013677051,false,פופקורן גרגרים בוואקום מיה 500 גר',מיה תעשיות מזון מ.ת.מ בעמ,,פופקורן סלקטד מיה 50,גרמים,500.00,100 גרם,false,,9.90,0.0198,true,1,15139
7290013677068,false,כוסמת בוואקום מיה 500 גר',מיה תעשיות מזון מ.ת.מ בעמ,,כוסמת סלקטד מיה 500,גרמים,500.00,100 גרם,false,,9.90,0.0198,true,1,15140
7290013677082,false,שעועית אדומה בוואקום מיה 500 גר',מיה תעשיות מזון מ.ת.מ בעמ,,שעועית אדומה בואקום,גרמים,500.00,100 גרם,false,,8.90,0.0178,true,1,15142
7290013677105,false,אפונה סלקטד מיה 500 גרם,מיה תעשיות מזון מ.ת.מ בעמ,,אפונה בואקום מיה 500,גרמים,500.00,100 גרם,false,,7.90,0.0158,true,1,15144
7290013677112,false,בורגול באריזת וואקום Selected,מיה תעשיות מזון מ.ת.מ בעמ,,בורגול סלקטד 500גרם,גרמים,500.00,100 גרם,false,,7.90,0.0158,true,1,15145
7290013677129,false,שעועית מעורבת בוואקום מיה 500 גר',מיה תעשיות מזון מ.ת.מ בעמ,,מיה סלקטד שעועית מעו,גרמים,500.00,100 גרם,false,,8.90,0.0178,true,1,15146
7290013677143,false,מיה סלקטד שעועית בובס 400ג,מיה תעשיות מזון מ.ת.מ בעמ,,שעועית בובס סלקטד מי,גרמים,400.00,100 גרם,false,,10.90,0.0273,true,1,15148
7290013677273,false,תבלין גריל דג 80 גרם-שקית,מיה תעשיות מזון מ.ת.מ בעמ,,מיה תבלין גריל דג שק,גרמים,80.00,100 גרם,false,,4.00,0.0500,true,1,15158
7290013677297,false,תבלין אבקת בצל 80 גרם-שקית,מיה תעשיות מזון מ.ת.מ בעמ,,מיה אבקת בצל שקית 80,גרמים,80.00,100 גרם,false,,4.00,0.0500,true,1,15160
7290013677303,false,חוואיג' תימני בשקית מיה 50 גרם,מיה תעשיות מזון מ.ת.מ בעמ,,חוויג' תימני 50 גרם,גרמים,50.00,100 גרם,false,,4.00,0.0800,true,1,15161
7290013677310,false,תבלין גרילבשר 80 גרם שקית,מיה תעשיות מזון מ.ת.מ בעמ,,מיה גריל בשר שקית 80,גרמים,80.00,100 גרם,false,,4.00,0.0500,true,1,15162
7290013677327,false,תבלין אבקת קארי 80 גרם-שקית,מיה תעשיות מזון מ.ת.מ בעמ,,אבקת קארי 80גרם שקית,גרמים,80.00,100 גרם,false,,4.00,0.0500,true,1,15163
7290013677648,false,שמן זית למאור מיה 1 ליטר,מיה תעשיות מזון מ.ת.מ. בעמ,,שמן זית למאור 1 ל' ב,ליטרים,1.00,ליטר,false,,15.90,15.9000,true,1,15176
7290013677839,false,"בורגול יבש מיה 1 ק""ג",מיה תעשיות מזון מ.ת.מ. בעמ,,בורגול 1 ק'ג,קילוגרמים,1.00,"ק""ג",false,,8.90,8.9000,true,1,15187
7290013677846,false,כוסמת מיה (1 קג),מיה תעשיות מזון מ.ת.מ. בעמ,,כוסמת 1 ק'ג,קילוגרמים,1.00,"ק""ג",false,,12.90,12.9000,true,1,15188
7290013702883,false,"שוופס מוגז פירות לימונדה ורודה 500 מ""ל",יפאורה - שותפות מוגבלת לשיווק,,משקה פינק למונייד שו,מיליליטרים,500.00,"100 מ""ל",false,,5.90,0.0118,true,1,11653
7290013713025,false,"בירה ג'מס פילס בקבוק 330 מ""ל",אגודת הכורמים,,ג'מס בקבוקי פילס 330,מיליליטרים,330.00,"100 מ""ל",false,,13.20,0.0400,true,1,11211
7290013713049,false,בירה ג`מס בקבוק 8.80% אלכוהול ( 330 מל),אגודת הכורמים -כרמל מזרחי,,ג'מס בקבוקי 8.8 330,מיליליטרים,330.00,"100 מ""ל",false,,13.20,0.0400,true,1,11213
7290013724953,false,חמוציות בציפוי שוקולד בקופסא שקדיה 140 גרם,דין שיווק וקליה 2021 בעמ,,חמוציות בציפוי שוקול,גרמים,140.00,100 גרם,false,,10.90,0.0779,true,1,4673
7290013725820,false,אגוזי לוז בשוקולד מריר בקופסא 140 גרם,דין שיווק וקליה 2021 בעמ,,אגוזי לוז בציפוי שוק,גרמים,140.00,100 גרם,false,,10.90,0.0779,true,1,4680
7290013793102,false,ערכה לחנוכה 44 כוסיות חדש,י.מ עטרת מלכות בעמ,,ערכת נוזלי עטרת מלכו,יחידה,0.00,יחידה,false,,70.90,0.0000,true,1,18017
7290013793126,false,ערכת חנוכה אור והדר מוצק,י.מ עטרת מלכות בעמ,,ערכת מוצק אור והדר,יחידה,0.00,יחידה,false,,60.90,0.0000,true,1,18019
7290013847867,false,מארז זוגות טונה בשמן סויה 140 ג' סטארקיסט,דיפלומט מפיצים (1968) בעמ**,,נתחי טונה בהירה בשמן,גרמים,140.00,100 גרם,false,,12.90,0.0921,true,1,325198
7290013848345,false,מארז מטליות לחיטוי וניקוי יסודי אנטיבקטריאלי 99.9%,החברה הדרומית לשיווק בעמ,,מטליות לחות לחיטוי י,יחידה,0.00,יחידה,false,,22.90,0.0000,true,1,30362
7290013848758,false,מקסימה גל כביסה מרוכז בייבי 3ליטר סנסטיב,החברה הדרומית לשיווק בעמ,,סנו מקסימה ג'ל כביסה,ליטרים,3.00,ליטר,false,,36.90,12.3000,true,1,30382
7290013883407,false,"דזיטול מרסס לחיטוי כללי יעקבי 750 מ""ל",יעקב יעקבי ובניו בע`מ,,דזיטול מחטא ומשמיד ח,מיליליטרים,700.00,"100 מ""ל",false,,19.90,0.0284,true,1,11349
7290013906250,false,סלמי הודו מהדרין קהילות טירת צבי,טיב טירת צבי 2000,,טירת צבי סלמי מהדרין,גרמים,200.00,100 גרם,false,,9.90,0.0495,true,1,25381
7290013906267,false,פסטרמה כפרי מהדרין קהילות טירת צבי,טיב טירת צבי 2000,,טירת צבי כפרית מהדרי,גרמים,200.00,100 גרם,false,,9.90,0.0495,true,1,25382
7290013906281,false,"נקניקיות מהדרין קהילות טירת צבי 1 ק""ג",טיב טירת צבי 2000,,טירת צבי נקניקיות קה,קילוגרמים,1.00,"ק""ג",false,,34.90,34.9000,true,1,25383
7290013906298,false,נקניקיות הודו קהילות טירת צבי 400 גרם,טירת צבי - מדף,,טירת צבי נקניקיות קה,גרמים,400.00,100 גרם,false,,13.90,0.0348,true,1,25384
7290013906304,false,פסטרמה גחלים קהילות טירת צבי 400 גרם,טיב טירת צבי 2000,,טירת צבי פסטרמה גחלי,גרמים,400.00,100 גרם,false,,30.90,0.0772,true,1,25385
7290013906311,false,פסטרמה מעושנת קהילות 400 ג' טירת צבי,טיב טירת צבי 2000,,טירת צבי פסטרמה מעוש,גרמים,400.00,100 גרם,false,,30.90,0.0772,true,1,25386
7290013906700,false,"נקניקיות הודו טירת צבי כשרות הרב מחפוד 1.5 ק""ג",תנובה מרכז שיתופי לשיווק תוצרת,,"נקניקיות הודו 1.5 ק""",קילוגרמים,1.50,"100 ק""ג",false,,29.90,19.9333,true,1,227346
7290013906922,false,"נקניקיות הודו חריפות מחפוד טירת צבי 1 ק""ג",טיב טירת צבי 2000,,טירת צבי נקניקיות הו,קילוגרמים,1.00,"ק""ג",false,,28.90,28.9000,true,1,25403
7290013906939,false,קורנביף טירת צבי מחפוד 120 גרם,טיב טירת צבי 2000,,קורנביף 120 גרם טי,גרמים,120.00,100 גרם,false,,17.90,0.1492,true,1,25404
7290013906946,false,פסטרמה כתף בקר ט.צבי 120 גר' מחפוד,טירת צבי - מדף,,פסטרמה כתף 120 גרם ט,גרמים,120.00,100 גרם,false,,17.90,0.1492,true,1,25405
7290013906991,false,סלמי מהדרין 400 גרם מחפוד טירת צבי,טיב טירת צבי 2000,,סלמי מהדרין 400 גרם-,גרמים,400.00,100 גרם,false,,16.90,0.0422,true,1,25408
7290014002203,false,חליטת לימונית ולואיזה הגן הקסום ויסוצקי 25 יחידות,תה ויסוצקי (ישראל) בעמ,,תה חליטת לימונית ולו,גרמים,37.50,100 גרם,false,,17.90,0.4773,true,1,24736
7290014002944,false,גן קסום חליטת פירות וצמחים חמדת שקד 25 שקיקים,תה ויסוצקי (ישראל) בעמ,,תה גן קסום חליטת חמא,גרמים,62.50,100 גרם,false,,17.90,0.2864,true,1,24748
7290014066366,false,לנדוור-קפסולות אספרסו ריסטרטו(08) - 10יח'12X יח,ש.שסטוביץ בעמ,,לנדוור קפה אספרסו רי,יחידה,0.00,יחידה,false,,16.90,0.0000,true,1,45
7290014066380,false,לנדוור-קפסולות אספרסו סופרימו(10) - 10יח'12X יח,ש.שסטוביץ בעמ,,לנדוור קפה אספרסו סו,יחידה,0.00,יחידה,false,,16.90,0.0000,true,1,47
7290014066533,false,לנדוור-קפסולות אספרסו קלייה כפולה(12) - 10יח'12X יח,ש.שסטוביץ בעמ,,לנדוור קפסולות אספרס,יחידה,0.00,יחידה,false,,16.90,0.0000,true,1,63744
7290014094895,false,אגוזים קלופים בשקית ששון הקולה 150 גרם,דין שיווק וקליה 2021 בעמ,,אגוז מלך 150גר ששון,גרמים,150.00,100 גרם,false,,10.90,0.0727,true,1,4733
7290014095861,false,שיבולת שועל דקה בשקית שקדיה 500 גרם,דין שיווק וקליה 2021 בעמ,,שיבולת שועל דקה קווא,גרמים,500.00,100 גרם,false,,4.90,0.0098,true,1,4737
7290014095946,false,משוקלדים פקאן בשוקולד מריר 140 גרם,דין שיווק וקליה 2021 בעמ,,פקאן בציפוי שוקולד מ,גרמים,140.00,100 גרם,false,,10.90,0.0779,true,1,4738
7290014095960,false,שיבולת שועל עבה בשקית שקדיה 500 גרם,דין שיווק וקליה 2021 בעמ,,שיבולת שועל עבה קווא,גרמים,500.00,100 גרם,false,,4.90,0.0098,true,1,4740
7290014204560,false,"פנינהרוזנבלום- סבון נוזלי לידיים שלישיה,3*500 מ""ל","פנינה רוזנבלום בע""מ",,סבון נוזלי פנינה רוז,ליטרים,1.50,ליטר,false,,13.90,9.2667,true,1,18179
7290014204690,false,"פנינה רוזנבלום- סבון נוזלי משאבה ורוד,1 ליטר",פנינה רוזנבלום בעמ,,סבון נוזלי משאבה ורו,יחידה,0.00,יחידה,false,,12.90,0.0000,true,1,18191
7290014218482,false,"חטיפי פיצה גבינה בד""ץ מעדנות 650 גרם","מעדנות בע""\מ",,חטיפי פיצה גבינה 650,גרמים,650.00,100 גרם,false,,30.90,0.0475,true,1,35661
7290014218505,false,"שלישית פיצות בחבק 3 יח`מעדנות 1.08 ק""",תנובה ענף ב.ע.ד,,פיצה 3 יח 360 גרם בד,קילוגרמים,1.08,"ק""ג",false,,32.90,30.4630,true,1,35663
7290014256620,false,"יין מבעבע קריניאנו באזז יקבי כרמל 750 מ""ל",אגודת הכורמים -כרמל מזרחי,,יין באזז קריניאנו 75,מיליליטרים,750.00,"100 מ""ל",false,,27.90,0.0372,true,1,563
7290014325036,false,סוכריות ג'לי עטופות שמחות מיה 600 גרם,מיה תעשיות מזון מ.ת.מ. בעמ,,ג'לי שמחות 600 גרם,גרמים,600.00,100 גרם,false,,19.90,0.0332,true,1,15191
7290014325531,false,"חמאת בוטנים 500ג מיה כשל""פ בד""צ",מיה תעשיות מזון מ.ת.מ בעמ,,חמאת בוטנים 500 גרם,גרמים,500.00,100 גרם,false,,11.90,0.0238,true,1,15207
7290014397279,false,שקיות מזון גדולות XL סנו סושי 300 יחידות,החברה הדרומית לשיווק בעמ,,סנו סושי שקיות מזון,יחידה,0.00,יחידה,false,,13.90,0.0000,true,1,30410
7290014397767,false,סנו ריצפז פרש הום 2 ליטר בניחוח כותנה-מרכז,החברה הדרומית לשיווק בעמ,,ריצפז פרש הום כותנה,ליטרים,2.00,ליטר,false,,22.90,11.4500,true,1,30437
7290014435704,false,סלמון מעושן פרוס 100ג(שמיר),שבעת הימים - שמיר,,סלמון מעושן סלטי שמי,גרמים,100.00,100 גרם,false,,23.90,0.2390,true,1,17745
7290014435803,false,מטיאס הולנדי (פרובנציאל) עם בצל בשמן 180 גרם,שבעת הימים - שמיר,,מטיאס הולנדי פרובנצי,גרמים,180.00,100 גרם,false,,18.90,0.1050,true,1,17747
7290014435810,false,נתחי הרינג כבוש עם בצל במרינת חמוץ מתוק שמיר 220 גרם,"סלטי שמיר 2006 בע""מ",,הרינג כבוש עם בצל במ,גרמים,180.00,100 גרם,false,,18.90,0.1050,true,1,17748
7290014435827,false,פילה מקרל מעושן בשמן ויטהול 180 גר,"סלטי שמיר 2006 בע""מ",,פילה מקרל מעושן בשמן,גרמים,180.00,100 גרם,false,,24.90,0.1383,true,1,17749
7290014435841,false,פילה הרינג עם בצל בשמן מטיאס הולנדי שמיר 200 גרם,סלטי שמיר 2006 בעמ,,פילה מטיאס הולנדי  ב,גרמים,180.00,100 גרם,false,,18.90,0.1050,true,1,17751
7290014435896,false,סלט סלמון עם מיונז שמיר 180 גרם,שבעת הימים - שמיר,,סלט סלמון עם מיונז 1,גרמים,180.00,100 גרם,false,,21.00,0.1167,true,1,17754
7290014455245,false,גבינה גרנה פדנו משולש גד 200 גר',מחלבות גד שיווק 1992 בעמ,,גד גרנה פדנו משולש כ,גרמים,200.00,100 גרם,false,,23.90,0.1195,true,1,14694
7290014459373,false,"צ'יפס קראנצ'י לתנור קפוא תפוגן 1.5ק""ג",קבוצת אוסם סחר שותפות מוגבלת,,תפוגן ציפס קראנצי 1.,קילוגרמים,1.50,"ק""ג",false,,27.90,18.6000,true,1,19818
7290014459472,false,"תפוגן צ יפס קלאסי 2ק""ג (תפוגן)",קבוצת אוסם סחר שותפות מוגבלת,,תפוגן צ`יפס קלאסי 2,קילוגרמים,2.00,"ק""ג",false,,28.90,14.4500,true,1,19820
7290014459632,false,"צ'יפס טוגן תפוגן 1.5 ק""ג",קבוצת אוסם סחר שותפות מוגבלת,,"טוגן 1.5 ק""ג",קילוגרמים,1.50,"ק""ג",false,,16.90,11.2667,true,1,19823
7290014471429,false,"מוזלי עם פירות 1 ק""ג - 429 סגול שקדיה",דין שיווק וקליה 2021 בעמ,,מוזלי פירות עם פירות,קילוגרמים,1.00,"ק""ג",false,,18.90,18.9000,true,1,4742
7290014471443,false,"גרנולה צימוקים אגוזים ושקדים1 ק""ג חדש - 443 כתום שקדיה (כתום)",דין שיווק וקליה 2021 בעמ,,גרנולה צימוקים אגוזי,קילוגרמים,1.00,"ק""ג",false,,18.90,18.9000,true,1,4744
7290014472990,false,ממרח 100% שקדים שקדיה (300 גרם),דין שיווק וקליה 2021 בעמ,,ממרח 100% שקדים שקדי,גרמים,300.00,100 גרם,false,,30.90,0.1030,true,1,4783
7290014525313,false,חטיפי סלים דליס קריספי שוקולד מרבה 125 גרם,סלים דליס Slim Delis,,חטיף מרבה קריספי שוק,גרמים,125.00,100 גרם,false,,10.90,0.0872,true,1,21540
7290014534704,false,"פסטה ""לה פסטה"" 400 ג' אטריות מרק 400 ג'",תומר ייבוא ושיווק מוצרי מזון [,,אטריות מרק לה פסטה 4,גרמים,400.00,100 גרם,false,,3.70,0.0093,true,1,25128
7290014636675,false,מגבת גוף חלקה 550 גר,,,מגבת גוף מנהטן 70*13,יחידה,0.00,יחידה,false,,34.90,0.0000,true,1,28131
7290014636682,false,מגבת פנים חלקה 550 גרם,,,מגבת פנים,יחידה,0.00,יחידה,false,,19.90,0.0000,true,1,28132
7290014636736,false,כרבולית מינק 130/170,,,כרבולית מינק 130/170,יחידה,0.00,יחידה,false,,50.90,0.0000,true,1,184294
7290014636842,false,כרית ממורי ויסקו,,,כרית ויסקו,יחידה,0.00,יחידה,false,,89.90,0.0000,true,1,231651
7290014636903,false,כרבולית קורל מינק 170*130,,,כרבולית מינק 130/170,יחידה,0.00,יחידה,false,,49.90,0.0000,true,1,316735
7290014674004,false,קריספ פירורי לחם שומשום ומלח ים 300 גרם מיימונס,א.ל ייצור ושיווק תבלינים בעמ,,פירורי לחם עם שומשום,גרמים,300.00,100 גרם,false,,7.90,0.0263,true,1,263221
7290014725348,false,ממתיק דל קלוריות קלאסי סוכרזית) (100,שטראוס גרופ בע`מ,,סוכרזית קלאסי 100 שק,גרמים,100.00,100 גרם,false,,14.90,0.1490,true,1,22328
7290014731189,false,כפיות איכותי 100 יח',רם,,כפיות P.P לבן 100 יח,יח',100.00,יח',false,,6.90,0.0690,true,1,287991
7290014731264,false,ספלאש כוסות 180CC לשתייה קרה 100 יחידות,רם,,כוסות לשתיה קרה חד פ,יח',100.00,יח',false,,6.90,0.0690,true,1,28133
7290014731271,false,כוסות שתיה קרה 80 יח,,,כוסות שתיה קרה 80 יח,יחידה,0.00,יחידה,false,,5.90,0.0000,true,1,276153
7290014749764,false,עוף טוב שניצל עוף ביתי עדין כזה 700 גרם,קבוצת אוסם סחר שותפות מוגבלת,,שניצל עוף ביתי כזה ע,גרמים,700.00,100 גרם,false,,43.90,0.0627,true,1,65368
7290014749887,false,שניצל דק ענק קריספי קלאסי עוף טוב 720 גרם,קבוצת אוסם סחר שותפות מוגבלת,,שניצל עוף דקיק ענקיס,גרמים,720.00,100 גרם,false,,39.90,0.0554,true,1,140470
7290014758100,false,מאגדת יוגורט ביו 3% שומן 8 יח' *150ג' תנובה,מיוצר עי קונדיטוריית,,יוגורט תנובה 3% 8*15,קילוגרמים,1.20,"ק""ג",false,,16.90,14.0833,true,1,26019
7290014758117,false,מאגדת יוגורט ביו 1.5% שומן 8 יח' *150 ג' תנובה,מיוצר עי קונדיטוריית,,יוגורט תנובה 1.5% 8*,קילוגרמים,1.20,"ק""ג",false,,16.90,14.0833,true,1,26020
7290014758162,false,חלב עיזים מלא 3.6% שומן תנובה (1 ליטר),תנובה מרכז שיתופי לש,,חלב תנובה עיזים מלא,ליטרים,1.00,ליטר,false,,15.90,15.9000,true,1,26022
7290014758681,false,גבינת קוטג`1% בגביע תנובה (250 גרם),מיוצר עי קונדיטוריית,,קוטג תנובה 1% 250ג,גרמים,250.00,100 גרם,false,,5.70,0.0228,true,1,26026
7290014759084,false,גבינת שמנת נפוליאון 16% מופחת שומן תנובה 225 גרם,תנובה מרכז שיתופי לש,,נפוליאון 16% 225גר,גרמים,225.00,100 גרם,false,,15.50,0.0689,true,1,26027
7290014759701,false,"מאגדת שמינייה יופלה מעודן בד""צ בנגיעות וניל",עדן קינוחים בעמ,,יופלה יוגורט מעודן ט,קילוגרמים,1.20,"ק""ג",false,,19.90,16.5833,true,1,26033
7290014760134,false,"מעדן סויה בטעם וניל תנובה 125 מ""ל",תנובה Alternative,,גביע מעדן סויה בטעם,גרמים,125.00,100 גרם,false,,3.90,0.0312,true,1,26039
7290014760141,false,משקה שקדים טרי תנובה (1 ליטר),"תנובה בע""מ ***",,תנובה משקה שקדים טרי,יחידה,0.00,יחידה,false,,13.90,0.0000,true,1,26040
7290014760912,false,גבינה צהובה 28% מהדרין גוש חלב (400 גרם),תנובה מרכז שיתופי לש,,גוש חלב 28% מהדרין 4,גרמים,400.00,100 גרם,false,,27.90,0.0697,true,1,26047
7290014761018,false,גיל בטעם וניל תנובה 125 גרם,תנובה מרכז שיתופי לש,,גיל בטעם וניל 3% 125,גרמים,125.00,100 גרם,false,,2.00,0.0160,true,1,26048
7290014761056,false,מעדן שוקולד חלב יולו תנובה 123 גרם,מיוצר עי קונדיטוריית,,יולו שוקולד חלב מעול,גרמים,122.00,100 גרם,false,,4.90,0.0402,true,1,26049
7290014761063,false,מעדן שוקולד מריר יולו תנובה 123 גרם,מיוצר עי קונדיטוריית,,יולו שוקולד מריר מעו,גרמים,122.00,100 גרם,false,,4.90,0.0402,true,1,26050
7290014761070,false,מעדן שוקולד לבן יולו תנובה 123 גרם,מיוצר עי קונדיטוריית,,יולו שוקולד לבן מעול,גרמים,122.00,100 גרם,false,,4.90,0.0402,true,1,26051
7290014761193,false,יוגורט עם פירות יער 1.5% שומן 125 ג' פרילי,תנובה מרכז שיתופי לש,,פרילי פירות יער 1.5%,גרמים,125.00,100 גרם,false,,3.50,0.0280,true,1,26052
7290014761414,false,יולו מעדן שכבות שוקולד חלב ולבן 123 גר,מיוצר עי קונדיטוריית,,יולו מעדן שכבות שוקו,גרמים,122.00,100 גרם,false,,4.90,0.0402,true,1,26060
7290014761698,false,"גבינת עמק 28% סמי חצי קשה 600 גרם בד""ץ",תנובה מרכז שיתופי לש,,עמק סמי מעדנייה בד`צ,גרמים,600.00,100 גרם,false,,30.90,0.0515,true,1,26066
7290014762756,false,גבינת שמנת נפוליאון 16% עם בצל תנובה 225 גרם,תנובה - חלב,,נפוליאון 16% עם בצל,גרמים,225.00,100 גרם,false,,15.50,0.0689,true,1,26079
7290014762800,false,מעדן סויה שוקולד גביע 125 גרם אלטרנטיב,תנובה מרכז שיתופי לש,,גביע מעדן סויה בטעם,גרמים,125.00,100 גרם,false,,3.90,0.0312,true,1,26084
7290014762831,false,גבינת שמנת נפוליאון 16% עם פלפל חלפיניו תנובה 225 גרם,תנובה מרכז שיתופי לש,,גבינת שמנת נפוליאון,גרמים,225.00,100 גרם,false,,15.50,0.0689,true,1,26085
7290014762909,false,פתיתי מוצרלה השף הלבן 10% תוספת מתנה,"תנובה, מחלבת תל יוסף",,פתיתי מוצרלה 200 גר`,גרמים,200.00,100 גרם,false,,15.90,0.0795,true,1,26089
7290014763272,false,יוגורט סויה BIO לשתיה תות ובננה אלטרנטיב,תות תעשיות מזון (201,,משקה סויה ביו עם תות,מיליליטרים,250.00,"100 מ""ל",false,,4.90,0.0196,true,1,26096
7290014763418,false,"כד יוגרט תנובה 4% שומן 1.5 ליטר, מהדרין",תנובה מרכז שיתופי לש,,יוגורט כד תנובה 4% 1,ליטרים,1.50,ליטר,false,,15.90,10.6000,true,1,26103
7290014791091,false,"שוופס מוגז פירות לימונייד 500 מ""ל",יפאורה - שותפות מוגבלת לשיווק,,משקה למונייד שוופס 5,מיליליטרים,500.00,"100 מ""ל",false,,5.90,0.0118,true,1,11658
7290014855434,false,מגבונים בייביסיטר פרפורמנס מבושם רביעיה,בייביסיטר Babysitter,,בייביסיטר פרפורמנס מ,יחידה,0.00,יחידה,false,,16.90,0.0000,true,1,29529
7290014855458,false,מגבוני בייביסיטר פרפורמנס ללא בישום מארז 72X4יח',בייביסיטר Babysitter,,מגבוני בייבי פרפורמנ,יחידה,0.00,יחידה,false,,16.90,0.0000,true,1,29530
7290014905689,false,"נוזל כלים הפי מרוכז 24% תפוח 750 מ""ל","יעקב יעקבי ובניו בע""מ",,הפי לכלים ירוק תפוח,מיליליטרים,750.00,"100 מ""ל",false,,8.90,0.0119,true,1,11376
7290014905696,false,"נוזל כלים הפי מרוכז 24% לימון 750 מ""ל","יעקב יעקבי ובניו בע""מ",,הפי לכלים צהוב לימון,מיליליטרים,750.00,"100 מ""ל",false,,8.90,0.0119,true,1,11377
7290014905733,false,נוזל לניקוי חלונות הפי (750 מל),"יעקב יעקבי ובניו בע""מ",,הפי מרסס לניקוי חלונ,מיליליטרים,750.00,"100 מ""ל",false,,10.90,0.0145,true,1,11379
7290014940901,false,לחם פשוט מלא לילדים פרוס אנג`ל (750 גרם),מאפיית שלמה א. אנג'\ל בע,,לחם פשוט מלא אנגל 75,גרמים,750.00,100 גרם,false,,15.90,0.0212,true,1,35486
7290015025942,false,"קרם ידיים קלאסי עם שמן שקדים פנג'ל 80 מ""ל",מיוצר עי קונדיטוריית,,קרם ידיים מועשר בשמן,מיליליטרים,80.00,"100 מ""ל",false,,7.90,0.0988,true,1,5993
7290015057202,false,חומץ רכיבים טבעיים 5,טעמן שווק מזון בעמ,,חומץ טבעי 5% טעמן 1,ליטרים,1.00,ליטר,false,,6.90,6.9000,true,1,9775
7290015139250,false,"שוקולד מריר פצפוצי אורז כרמית 85 גרם לל""ס",כרמית תעשיות ממתקים בעמ,,חופשי שוקולד מריר עם,גרמים,85.00,100 גרם,false,,6.90,0.0812,true,1,38635
7290015150118,false,שלישיית עגבניות חתוכות דק גרנד איטליה 400 גרם,תה ויסוצקי (ישראל) בעמ,,עגבניות חתוכות דק בל,גרמים,400.00,100 גרם,false,,18.90,0.0472,true,1,24775
7290015150200,false,עגבניות חתוכות דק גרנד איטליה ויסוצקי,תה ויסוצקי (ישראל)בעמ,,עגבניות חתוכות דק ו,גרמים,400.00,100 גרם,false,,6.50,0.0163,true,1,24776
7290015155830,false,מחית תפוחי עץ ובננה חטיפטף ללא תוספת סוכר,גורי מוצרי צריכה (1991) בעמ,,פאוץ' פרינוק מחית תפ,גרמים,120.00,100 גרם,false,,5.90,0.0492,true,1,3656
7290015155847,false,מחית סלט פירות חטיפטף ללא תוספת סוכר,גורי מוצרי צריכה (1991) בעמ,,פאוץ' פרינוק מחית סל,גרמים,120.00,100 גרם,false,,5.90,0.0492,true,1,3657
7290015193559,false,מעדני המלך אובלטים מלוחים 300 גרם,אם החיטה,,אובלטים מלח 300 גר',גרמים,300.00,100 גרם,false,,10.90,0.0363,true,1,41365
7290015193566,false,מעדני המלך אובלטים שומשום 300 גרם,אם החיטה,,אובלטים שומשום 300 ג,גרמים,300.00,100 גרם,false,,10.90,0.0363,true,1,41366
7290015193634,false,אובלטים דקיקים קימל מעדני המלך 300 גר',אם החיטה,,אובלטים קימל 300 גרם,גרמים,300.00,100 גרם,false,,10.90,0.0363,true,1,41370
7290015193832,false,קרקר עם שומשום ארומה 300 גרם,רזיט שיווק בעמ,,ארומה קרקר עם שומשום,גרמים,300.00,100 גרם,false,,8.70,0.0290,true,1,41372
7290015193849,false,קרקר עם מלח ארומה 300 גרם,רזיט שיווק בעמ,,ארומה קרקר עם מלח 30,גרמים,300.00,100 גרם,false,,8.70,0.0290,true,1,41373
7290015251204,false,"נובו שלישיית סבון ידיים ורוד 500מ""ל",סאסאטק אגשח בעמ,,סבון ידיים ורוד נובו,ליטרים,1.50,ליטר,false,,12.90,8.6000,true,1,38067
7290015282000,false,איקרא אדומה SEVEN SEAS 200 גרם,שבעת הימים - שמיר,,איקרה אדומה סלטי שמי,גרמים,200.00,100 גרם,false,,13.90,0.0695,true,1,17756
7290015282024,false,איקרא לבנה SEVEN SEAS 200 גרם,"סלטי שמיר 2006 בע""מ",,איקרה לבנה סלטי שמיר,גרמים,200.00,100 גרם,false,,13.90,0.0695,true,1,17758
7290015282581,false,חומוס אבו גוש עם חריף שמיר 200 גרם,"סלטי שמיר 2006 בע""מ",,חומוס אבו גוש עם חרי,גרמים,200.00,100 גרם,false,,10.90,0.0545,true,1,17775
7290015282598,false,חומוס מסעדות גורמה שמיר 200 גרם,"סלטי שמיר 2006 בע""מ",,חומוס מסעדות,גרמים,200.00,100 גרם,false,,10.90,0.0545,true,1,17776
7290015282604,false,טחינה מיוחדת גורמה שמיר 200 גרם,"סלטי שמיר 2006 בע""מ",,טחינה מיוחדת,גרמים,200.00,100 גרם,false,,10.90,0.0545,true,1,17777
7290015282628,false,חציל בטעם כבד גורמה שמיר 200 גרם,"סלטי שמיר 2006 בע""מ",,חציל בטעם כבד סלטי ש,גרמים,200.00,100 גרם,false,,12.90,0.0645,true,1,17779
7290015282635,false,חומוס מסבחה גורמה שמיר 200 גרם,"סלטי שמיר 2006 בע""מ",,חומוס מסבחה,גרמים,200.00,100 גרם,false,,10.90,0.0545,true,1,17780
7290015282642,false,חומוס אבו גוש גורמה שמיר 200 גרם,"סלטי שמיר 2006 בע""מ",,חומוס אבו גוש,גרמים,200.00,100 גרם,false,,10.90,0.0545,true,1,17781
7290015282673,false,חציל במיונז ביתי גורמה שמיר 200 גרם,"סלטי שמיר 2006 בע""מ",,חציל במיונז ביתי,גרמים,200.00,100 גרם,false,,10.90,0.0545,true,1,17783
7290015282680,false,קישוא בטעם כבד גורמה שמיר 200 גרם,"סלטי שמיר 2006 בע""מ",,קישוא בטעם כבד סלטי,גרמים,200.00,100 גרם,false,,12.90,0.0645,true,1,17784
7290015282697,false,כרוב אדום שמיר גורמה 200גר,"סלטי שמיר 2006 בע""מ",,סלט כרוב אדום 200ג ש,גרמים,200.00,100 גרם,false,,12.90,0.0645,true,1,17785
7290015282710,false,קוביות סלק גורמה שמיר 200 גרם,"סלטי שמיר 2006 בע""מ",,קוביות סלק סלטי שמיר,גרמים,200.00,100 גרם,false,,10.90,0.0545,true,1,17786
7290015282734,false,מטבוחה ביתית גורמה שמיר 200 גרם,"סלטי שמיר 2006 בע""מ",,מטבוחה ביתית.,גרמים,200.00,100 גרם,false,,12.90,0.0645,true,1,17788
7290015282741,false,חציל תאילנדי אסלי שמיר 200 ג',"סלטי שמיר 2006 בע""מ",,חציל תילאנדי סלטי שמ,גרמים,200.00,100 גרם,false,,12.90,0.0645,true,1,17789
7290015282796,false,"סלט תפו""א שמיר במיונז 200ג'","סלטי שמיר 2006 בע""מ",,סלט תפוח אדמה 200 ג,גרמים,200.00,100 גרם,false,,12.90,0.0645,true,1,17794
7290015328531,false,להבונים 50 יח' 3 שעו,,,להבונים 50 יח' 3 שעו,יחידה,0.00,יחידה,false,,9.90,0.0000,true,1,13232
7290015328579,false,מגולגלות במילוי קרם שוקולד 115 גרם,הגביע,,מגולגלות במילוי קרם,גרמים,115.00,100 גרם,false,,7.90,0.0687,true,1,13234
7290015328593,false,מגולגלות במילוי קרם אגוזים 115 גרם,הגביע,,מגולגלות במילוי קרם,גרמים,115.00,100 גרם,false,,7.90,0.0687,true,1,13235
7290015328692,false,מנורת לד 12 וולט,,,מנורת לד 12 וולט,יחידה,0.00,יחידה,false,,9.90,0.0000,true,1,13244
7290015328814,false,צימרוני אוזניים 300 יחידות,,,צימרוני אוזניים לירו,יחידה,0.00,יחידה,false,,3.90,0.0000,true,1,13254
7290015339704,false,"אורז בסגנון בסמטי הודי 1ק""ג",טעמן שווק מזון בעמ,,טעמן אורז הודי בסמטי,קילוגרמים,1.00,"ק""ג",false,,9.90,9.9000,true,1,9822
7290015347150,false,שומשום סלקטד מיה 400 גרם,מיה תעשיות מזון מ.ת.מ בעמ,,זרעי שומשום מיה 400,גרמים,400.00,100 גרם,false,,15.90,0.0398,true,1,193280
7290015347174,false,"אורז בסגנון פרסי סלקטד 1ק""ג מיה כשל""פ",מיה תעשיות מזון מ.ת.מ בעמ,,אורז פרסי בוואקום סל,קילוגרמים,1.00,"ק""ג",false,,11.90,11.9000,true,1,15209
7290015347181,false,"שעועית לבנה סלקטד ק'ג מיה 1 ק""ג",מיה תעשיות מזון מ.ת.מ בעמ,,שעועית לבנה בואקום ס,קילוגרמים,1.00,"ק""ג",false,,16.90,16.9000,true,1,15210
7290015347211,false,"גריסי פנינה סלקטד 1ק""ג מיה",מיה תעשיות מזון מ.ת.מ בעמ,,מיה סלקטד גריסי פנינ,קילוגרמים,1.00,"ק""ג",false,,12.90,12.9000,true,1,15213
7290015347259,false,פירורי לחם מוזהבים מיה 400 גרם,מיה תעשיות מזון מ.ת.מ בעמ,,פירורי לחם מוזהבים 4,גרמים,400.00,100 גרם,false,,5.90,0.0148,true,1,15216
7290015347488,false,"סוכר דמררה חום שקית מיה 1 ק""ג",מיה תעשיות מזון מ.ת.מ. בעמ,,סוכר דמררה בשקית מיה,קילוגרמים,1.00,"ק""ג",false,,9.90,9.9000,true,1,15233
7290015347709,false,אגוז מוסקט טחון בצנ מיה 70 גרם,מיה תעשיות מזון מ.ת.מ בעמ,,אגוז מוסקט 70 גרם,גרמים,70.00,100 גרם,false,,11.50,0.1643,true,1,15241
7290015347778,false,סוכריות ג'לילנד דגים 125 גר' מיה,מיה תעשיות מזון מ.ת.מ בעמ,,סוכריות ג'לי רכות דג,גרמים,125.00,100 גרם,false,,6.50,0.0520,true,1,15245
7290015347785,false,סוכריות ג'לילנד לבבות 125 גר' מיה,מיה תעשיות מזון מ.ת.מ בעמ,,סוכריות ג'לי רכות לב,גרמים,125.00,100 גרם,false,,6.50,0.0520,true,1,15246
7290015347976,false,עדשי שוקולד מיה 80 גרם,מיה תעשיות מזון מ.ת.מ. בעמ,,עדשי שוקולד 80גר,גרמים,80.00,100 גרם,false,,6.90,0.0863,true,1,15248
7290015347990,false,מארז שמיניית עדשי שוקולד מיה 160 גרם,מיה תעשיות מזון מ.ת.מ. בעמ,,עדשי שוקולד מיה 8*20,גרמים,160.00,100 גרם,false,,13.90,0.0869,true,1,15249
7290015395045,false,"קינואה בשקית שקדיה 400 גרם בד""ץ",דין שיווק וקליה 2021 בעמ,,קינואה שקדיה 400 גרם,גרמים,400.00,100 גרם,false,,9.90,0.0248,true,1,4786
7290015437646,false,לה פסטה מיחת עגבניות 680 גרם,רגיה,,מחית עגבניות איטלקיו,גרמים,680.00,100 גרם,false,,11.00,0.0162,true,1,244386
7290015652254,false,גרעיני חמניה קלויים ששון הקולה (400 גרם),דין שיווק וקליה 2021 בעמ,,גרעיני חמניה קלויים,גרמים,400.00,100 גרם,false,,10.00,0.0250,true,1,4807
7290015652292,false,קבוקים עם שומשום ששון הקולה 400 גרם,דין שיווק וקליה 2021 בעמ,,קבוקים עם שומשום ששו,גרמים,400.00,100 גרם,false,,10.00,0.0250,true,1,4811
7290015652308,false,מנצ'ס ששון הקולה 400 גרם,דין שיווק וקליה 2021 בעמ,,מנצ'ס ששון הקולה 300,גרמים,300.00,100 גרם,false,,10.00,0.0333,true,1,4812
7290015652322,false,בוטנים אמריקאיים מצופים 400 גר ששון הקלה,דין שיווק וקליה 2021 בעמ,,בוטנים אמריקאים מצופ,גרמים,400.00,100 גרם,false,,10.00,0.0250,true,1,4814
7290015652407,false,פיסטוק קלוי ששון הקולה (250 גרם),דין שיווק וקליה 2021 בעמ,,פיסטוק קלוי ששון הקו,גרמים,250.00,100 גרם,false,,20.00,0.0800,true,1,4821
7290015733205,false,תרכובת מזון לתינוקות חלבי שלב 1 אקסטרה קר מהדרין,קבוצת אוסם סחר שותפות מוגבלת,,מטרנה אקסטרה קר מהדר,גרמים,700.00,100 גרם,false,,59.90,0.0856,true,1,18787
7290015781046,false,"יין לבן חצי יבש ויזון 750 מ""ל",יקב טפרברג 1870 בעמ (יינות ומש,,ויז'ן לבן חצי יבש 75,מיליליטרים,750.00,"100 מ""ל",false,,39.90,0.0532,true,1,11819
7290015781114,false,יין אדום אימפרשיין מרלו טפרברג (750 מל),יקב טפרברג 1870 בעמ (יינות ומש,,אימפרשן מרלו,מיליליטרים,750.00,"100 מ""ל",false,,49.90,0.0665,true,1,11823
7290015781169,false,"יין IMPRESSION קברנה סוביניון חצי יבש טפרברג 750 מ""ל",יקב טפרברג 1870 בעמ (יינות ומש,,אימפרשן אדום חצי יבש,מיליליטרים,750.00,"100 מ""ל",false,,49.90,0.0665,true,1,11828
7290015781282,false,"יין IMPRESSION גוורצטרמינר טפרברג 750 מ""ל",יקב טפרברג 1870 בעמ (יינות ומש,,אימפרשן גוורצטרמינר,מיליליטרים,750.00,"100 מ""ל",false,,49.90,0.0665,true,1,11831
7290015842631,false,כוסות לשתיה קרה 330cc 40,,,"כוס בירה 330 מ""ל 40",יחידה,0.00,יחידה,false,,9.90,0.0000,true,1,48204
7290015858106,false,"ממרח פסטו ביתי 180 גרם ""עללחם""",שטראוס גרופ בעמ/מצונן,,ממרח פסטו ביתי עללחם,גרמים,180.00,100 גרם,false,,16.90,0.0939,true,1,23376
7290015865722,false,ענבי ציון קונפיטורה לייט תות שדה 400 גר`,אבאל יזמות בעמ,,קונפיטורה לייט תות ש,גרמים,400.00,100 גרם,false,,20.90,0.0522,true,1,208133
7290015872096,false,חומוס אסלי שמיר 700 גרם,"סלטי שמיר 2006 בע""מ",,חומוס אסלי שמיר 700,גרמים,700.00,100 גרם,false,,8.90,0.0127,true,1,17799
7290016087123,false,רוטב מתובל לפסטה בסגנון קלאסי פריניר 240 גרם,אבאל יזמות בעמ,,רוטב עגבניות מתובל ל,גרמים,240.00,100 גרם,false,,4.90,0.0204,true,1,41377
7290016087147,false,רוטב עגבניות מתובל לפיצה מרגריטה 240 גרם,אבאל יזמות בעמ,,רוטב עגבניות מתובל ל,גרמים,240.00,100 גרם,false,,4.90,0.0204,true,1,41378
7290016087239,false,רוטב עגבניות מרוכז לשקשוקה פיקנטי פריניר 230 גרם,אבאל יזמות בעמ,,רוטב עגבניות לשקשוקה,גרמים,240.00,100 גרם,false,,4.90,0.0204,true,1,41383
7290016096491,false,נתחי טונה בהירה בשמן צמחי שלישיה *80ג' פילטונה,תעשיות פיל טונה בעמ,,נתחי טונה בשמן צמחי,גרמים,240.00,100 גרם,false,,11.90,0.0496,true,1,26590
7290016096675,false,מארז טונה בשמן זית שלישייה 80 גרם,תעשיות פילטונה בעמ,,טונה בשמן זית פילטונ,גרמים,240.00,100 גרם,false,,17.90,0.0746,true,1,26595
7290016096811,false,רביעיית ממרח טונה פילטונה 160 גר'*4,תעשיות פילטונה בעמ,,ממרח טונה פילטונה רב,גרמים,160.00,100 גרם,false,,19.90,0.1244,true,1,108943
7290016096934,false,מארז זוגות סלט טונה 2*160 ג' פילטונה,תעשיות פיל טונה בעמ,,סלט טונה 2 יח' פילטו,גרמים,320.00,100 גרם,false,,11.90,0.0372,true,1,146776
7290016098181,false,ביסקוויט אותיות וניל 200ג הגביע,הגביע מוצרי וופלים בעמ,,ביסקוויט אותיות אלף-,גרמים,200.00,100 גרם,false,,4.90,0.0245,true,1,100257
7290016104271,false,ריבת חלב בצנצנת 20% חלב,לירון קרביץ יבוא שיווק וסחר,,ריבת חלב 340 גר`,גרמים,340.00,100 גרם,false,,12.90,0.0379,true,1,13275
7290016104288,false,קמח תפוח אדמה הנמל 5,,,קמח תפוח אדמה הנמל 5,גרמים,500.00,100 גרם,false,,6.90,0.0138,true,1,60938
7290016104615,false,סילאן סירופ תמרים פוליבה צנצנת 900 ג',,,סילאן תמרים 900 גרם,גרמים,900.00,100 גרם,false,,12.90,0.0143,true,1,13282
7290016104868,false,סירופ מייפל פוליבה 700 גר',לירון קרביץ יבוא שיווק וסחר,,סירופ בטעם מייפל 700,גרמים,700.00,100 גרם,false,,12.90,0.0184,true,1,13289
7290016114300,false,נייר טואלט דו שכבתי אורך כפול לבן לילי 16 גלילים,קימברלי קלארק ישראל שיווק בעמ,,לילי גליל כפול 16 גל,מטרים,588.00,מטר,false,,38.90,0.0662,true,1,9073
7290016117417,false,כרית יפנית 6 יח,,,כרית יפנית 6 יח,יחידה,0.00,יחידה,false,,8.90,0.0000,true,1,275414
7290016150711,false,נוזל קוקוס פחית 400 גר` AVEL,אבאל יזמות בעמ,,AVEL נוזל קוקוס תאיל,מיליליטרים,400.00,"100 מ""ל",false,,5.90,0.0148,true,1,48885
7290016162219,false,כדורי שוקולד פרווה קפולסקי (280 גרם),תופינים מקבוצת קפולסקי,,כדורי שוקולד פרווה,גרמים,280.00,100 גרם,false,,30.90,0.1104,true,1,39944
7290016162264,false,עוגת גבינה רנסנס קפולסקי (450 גרם),קפולסקי שיווק וקמעונ,,עוגת גבינה רנסנס 450,גרמים,450.00,100 גרם,false,,40.90,0.0909,true,1,39949
7290016188585,false,GIACOBAZZI למברוסקו רוזה חצי יבש יקבי כרמל,אגודת הכורמים,,רוזה מבעבע למברוסקו,מיליליטרים,750.00,"100 מ""ל",false,,24.90,0.0332,true,1,612
7290016197488,false,מטליות מיקרופייבר למשטחים ניקול 3יח',קימברלי קלארק ישראל שיווק בעמ,,מטלית קסם לשיש מארז,יחידה,0.00,יחידה,false,,11.90,0.0000,true,1,9086
7290016197495,false,ניקול זוג מטליות הקסם מיקרופייבר לרצפה,קימברלי קלארק ישראל שיווק בעמ,,מטלית קסם לרצפה מארז,יחידה,0.00,יחידה,false,,23.90,0.0000,true,1,9087
7290016197839,false,ניקול השקית החזקה 20 יח' XL,קימברלי קלארק ישראל שיווק בעמ,,ניקול השקית החזקה XL,יחידה,0.00,יחידה,false,,23.90,0.0000,true,1,9093
7290016197877,false,שקיות אשפה לפחים בינוניים עם שרוך 50 * 53 ניקול 50 יחידות,קימברלי קלארק ישראל שיווק בעמ,,שקית לפחי מטבח קטנים,יחידה,0.00,יחידה,false,,19.90,0.0000,true,1,9095
7290016217643,false,חמוצים סיני אסלי שמיר 400 גרם,"סלטי שמיר 2006 בע""מ",,חמוצים סיני אסלי 400,גרמים,400.00,100 גרם,false,,12.90,0.0323,true,1,17805
7290016217735,false,חציל על האש 200גרם גורמה,"סלטי שמיר 2006 בע""מ",,חציל על האש סלטי שמי,גרמים,200.00,100 גרם,false,,10.90,0.0545,true,1,17806
7290016217742,false,חציל בטחינה 200גרם גורמה,"סלטי שמיר 2006 בע""מ",,חציל בטחינה סלטי שמי,גרמים,200.00,100 גרם,false,,10.90,0.0545,true,1,17807
7290016217759,false,חציל מרוקאי 200גרם גורמה,"סלטי שמיר 2006 בע""מ",,חצילים בסגנון מרוקאי,גרמים,200.00,100 גרם,false,,12.90,0.0645,true,1,17808
7290016233384,false,גפילטע פיש 7 קציצות תומר 555 גרם,דג טעים ירושלים,,גפילטא פיש 7 קציצות,גרמים,555.00,100 גרם,false,,14.90,0.0268,true,1,25174
7290016246018,false,חטיף מיקס פינוקיות חלבה בארכה 20ג*9,קבוצת אוסם סחר שותפות מוגבלת,,בארכה מיקס פינוקיות,גרמים,200.00,100 גרם,false,,12.90,0.0645,true,1,18792
7290016246209,false,"חטיף חלבה וניל 100 גרם ""בארכה""",קבוצת אוסם סחר שותפות מוגבלת,,בארכה חטיף חלבה וניל,גרמים,100.00,100 גרם,false,,3.90,0.0390,true,1,18795
7290016246445,false,בארכה טחינה גולמית מעודנת שומשום מלא 310 גם,קבוצת אוסם סחר שותפות מוגבלת,,בארכה טחינה גולמית מ,גרמים,310.00,100 גרם,false,,12.90,0.0416,true,1,18799
7290016319187,false,טוסו עוגיות סנדוויץ שוקו במילוי קרם שוקולד *זוג* 300 גרם,בטר אנד דיפרנט,,עוגיות סנדוויץ שוקו,גרמים,300.00,100 גרם,false,,16.90,0.0563,true,1,104702
7290016319194,false,טוסו מארז זוג עוגיות סנדוויץ ללא סוכר שוקו וניל 300 ג',דנשר (1963) בעמ,,עוגיות סנדוויץ שוקו,גרמים,300.00,100 גרם,false,,16.90,0.0563,true,1,104703
7290016321661,false,פרש וואנס SENSITIVE מגבונים ללא בישום רביעייה 72 יחידות,עלבד משואות יצחק,,מגבוני פרש וואנס רבי,יחידה,0.00,יחידה,false,,20.90,0.0000,true,1,6041
7290016321883,false,פרשוואנס נייר טואלט מתכלה לילדים -מארז שלישייה,עלבד משואות יצחק בעמ,,פרשוואנס נייר טואלט,יחידה,0.00,יחידה,false,,15.90,0.0000,true,1,6044
7290016321890,false,פרשוואנס נייר טואלט מתכלה למבוגרים -מארז שלישייה,עלבד משואות יצחק בעמ,,פרשוואנס נייר טואלט,יחידה,0.00,יחידה,false,,15.90,0.0000,true,1,6045
7290016370270,false,זית קלמטה מגולען 560 ג' -יבנה,"קבוצת יבנה מוצרי מזון בע""מ",,זית קלמטה ללא גלעין,גרמים,560.00,100 גרם,false,,11.90,0.0213,true,1,111019
7290016370300,false,זית קלמטה שלם צנצנת יבנה,קבוצת יבנה מוצרי מזון בעמ,,זית קלמטה שלם בצנצנת,גרמים,560.00,100 גרם,false,,14.90,0.0266,true,1,110878
7290016372342,false,עגבניות חתוך קוביות גראנד איטליה מארז 400X3ג',תה ויסוצקי (ישראל) בעמ,,עגבניות חתוכות לקובי,גרמים,400.00,100 גרם,false,,18.90,0.0472,true,1,24801
7290016387254,true,משטח ליבוש כלים,,,משטח ליבוש כלים,,0.00,,false,,10.90,0.0000,true,1,58461
7290016437645,false,חיתולי האגיס פרידום דריי pants מידה 5 34 יחידות,קימברלי קלארק ישראל שיווק בעמ,,האגיס פרידום דריי 32,יחידה,0.00,יחידה,false,,45.90,0.0000,true,1,9106
7290016496031,true,נר נשמה,,,נר נשמה,,0.00,,false,,4.90,0.0000,true,1,74254
7290016496208,false,פתיל צף עגול בינוני מוכן,צבע ומכחול (2014) בעמ,,פתיל צף עגול,יחידה,0.00,יחידה,false,,5.90,0.0000,true,1,46496
7290016509786,false,פרסיל גל לכביסה לבנה וצבעונית-ירוק 2.5 ל,גורי שיווק בעמ,,פרסיל ג'ל 2.5 ליטר י,ליטרים,2.50,ליטר,false,,36.90,14.7600,true,1,34902
7290016509823,false,ג'ל לכביסה לבנה וצבעונית בניחוח רענן,גורי שיווק בעמ,,פרסיל ג'ל 2.5 ליטר ב,ליטרים,2.50,ליטר,false,,36.90,14.7600,true,1,34906
7290016509847,false,פרסיל ג'ל לכביסה כהה בלאק 2.5 ליטר,גורי שיווק בעמ,,פרסיל ג'ל 2.5 ליטר ב,ליטרים,2.50,ליטר,false,,36.90,14.7600,true,1,34908
7290016510232,false,"הוואי - תחליב רחצה יוגורט קוקוס 700 מ""ל",תאי פרזידנט פוד פאבל,,תחליב רחצה יוגורט קו,מיליליטרים,700.00,"100 מ""ל",false,,9.90,0.0141,true,1,8105
7290016510249,false,"הוואי - תחליב רחצה יוגורט שקדים 700 מ""ל",תאי פרזידנט פוד פאבל,,תחליב רחצה יוגורט שק,מיליליטרים,700.00,"100 מ""ל",false,,9.90,0.0141,true,1,8106
7290016510287,false,"תחליב רחצה הוואי דבש אירוס זהוב 700 מ""ל",תאי פרזידנט פוד פאבל,,תחליב רחצה קרם דבש ה,מיליליטרים,700.00,"100 מ""ל",false,,9.90,0.0141,true,1,8109
7290016510317,false,"הוואי תחליב רחצה לגבר פול פורס 700 מ""ל-מרכז",טרופיקל דגיל בעמ,,תחליב רחצה לגבר פול,מיליליטרים,700.00,"100 מ""ל",false,,9.90,0.0141,true,1,8112
7290016510768,false,"הוואי תחליב רחצה יוגורט ואוכמניות 700 מ""ל",טרופיקל דגיל בעמ,,תחליב רחצה יוגורט או,מיליליטרים,700.00,"100 מ""ל",false,,9.90,0.0141,true,1,8117
7290016510898,false,הוואי שמפו לשיער רגיל 700 מל פריחת דודב,שוורצקוף& הנקל דיסלד,,שמפו פריחת הדובדבן ה,מיליליטרים,700.00,"100 מ""ל",false,,9.90,0.0141,true,1,8122
7290016513684,false,כיסונים כפרי במילוי בשר הודו 750 גרם,"אימפריאל הזרב פוד בע""מ",,כיסונים כפריים במילו,יח',1.00,יח',false,,29.90,29.9000,true,1,287848
7290016513974,false,קרפלך במילוי פטריות איי פוד 600 גרם,"אימפריאל הזרב פוד בע""מ",,קרפלך במילוי פטריות,יח',1.00,יח',false,,20.90,20.9000,true,1,288080
7290016682038,false,"מיץ תפוזים 400 מ""ל ""פריניב""",תנובה - פריניב,,"מיץ תפוזים 400 מ""ל פ",מיליליטרים,400.00,"100 מ""ל",false,,9.50,0.0238,true,1,49428
7290016682243,false,פריניב מיץ אשכולית אדומה סחוט 1 ליטר,תנובה - פריניב,,פרי ניב מיץ אשכולית,ליטרים,2.00,ליטר,false,,16.90,8.4500,true,1,49441
7290016682342,false,מיץ תפוזים וולנסיה פרי ניב 2 ליטר-,תנובה - פריניב,,פרי ניב מיץ 100% טבע,ליטרים,2.00,ליטר,false,,26.60,13.3000,true,1,194820
7290016682359,false,מיץ תפוזים שמוטי פרי ניב 2 ליטר-,תנובה - פריניב,,פרי ניב מיץ 100% טבע,ליטרים,2.00,ליטר,false,,26.60,13.3000,true,1,194821
7290016682397,false,מיץ חמוציות פרי ניב 2 ליטר-,תנובה - פריניב,,נקטר חמוציות פריניב,ליטרים,2.00,ליטר,false,,19.80,9.9000,true,1,194836
7290016682441,false,100% מיץ תפוזים מיוצר מרכז טבעי,תנובה - פריניב,,פריניב מיץ תפוזים סח,ליטרים,1.00,ליטר,false,,13.90,13.9000,true,1,217772
7290016693058,false,"יין אמירים רזרב מרלו 750 מ""ל!.",יקבי ארזה,,יין אמירים מרלו 750,מיליליטרים,750.00,"100 מ""ל",false,,21.90,0.0292,true,1,11918
7290016693072,false,"יין אמירים רזרב ריזלינג 750 מ""ל!",יקבי ארזה,,יין אמירים ריזלינג 7,מיליליטרים,750.00,"100 מ""ל",false,,21.90,0.0292,true,1,11920
7290016717044,false,"יין מוסקטו סלקטד באז כרמל 750 מ""ל",אגודת הכורמים -כרמל מזרחי,,"יין באזז מנגו 750 מ""",מיליליטרים,750.00,"100 מ""ל",false,,27.90,0.0372,true,1,626
7290016717631,false,יין מוסקטו בעל חוזק אלכוהול נמוך פרייבט קולקשן,אגודת הכורמים הקואופרטיב,,יין P.C מוסקטו יין,מיליליטרים,750.00,"100 מ""ל",false,,39.90,0.0532,true,1,636
7290016717754,false,יין היובל ישן נושן יקבי כרמל (750 מל),אגודת הכורמים -כרמל מזרחי,,"ישן נושן 750מ""ל.",מיליליטרים,750.00,"100 מ""ל",false,,18.90,0.0252,true,1,637
7290016717976,false,יין ספארקלינג בטעם אפרסק 750 מל BUZZ,אגודת הכורמים בעמ,,יין באזז ספארקלינג א,מיליליטרים,750.00,"100 מ""ל",false,,27.90,0.0372,true,1,68220
7290016866643,false,פרודונטקס מ.שיניים אקסטרה פרש 75 מל,פרודונטקס Parodontax,,מש.שיניים פרש פרודונ,מיליליטרים,75.00,"100 מ""ל",false,,31.90,0.4253,true,1,4025
7290016866667,false,"משחת שיניים פרודונטקס ללא פלואוריד 75 מ""ל",פרודונטקס Parodontax,,מש.שיניים פלאוריד פר,מיליליטרים,75.00,"100 מ""ל",false,,31.90,0.4253,true,1,4027
7290016867008,false,"לחם כוסמין מחמצת ד""ר מרק",המאפה של דר מרק בריאות באפייה,,לחם כוסמין מחמצת 700,גרמים,700.00,100 גרם,false,,17.90,0.0256,true,1,182552
7290016867053,false,לחם קל כוסמין בתוספת מחמצת 450 גרם,המאפה של דר מרק בריאות באפייה,,לחם קל כוסמין בתוספת,גרמים,450.00,100 גרם,false,,18.90,0.0420,true,1,182553
7290016867114,false,לחם קל מכוסמין מלא 500 גר`דר מרק,המאפה של דר מרק בריאות באפייה,,לחם כוסמין קל מלא 50,גרמים,500.00,100 גרם,false,,17.90,0.0358,true,1,182554
7290016867152,false,"מארז פיתות קלות כוסמין 5 יחידות ד""ר מרק",המאפה של דר מרק בריאות באפייה,,פיתות קלות כוסמין 29,גרמים,292.00,100 גרם,false,,13.90,0.0476,true,1,182602
7290016867176,false,"מארז לחמניות קלות כוסמין שומשום במתיקות מעודמת 5 יחידות ד""ר מרק",המאפה של דר מרק בריאות באפייה,,לחמניות ק. כוסמין שו,גרמים,300.00,100 גרם,false,,13.90,0.0463,true,1,182603
7290016883091,false,חרדל דיז'ון שקדיה 350 גרם,צרבונוקס בברבנט אסאיי,,חרדל דיז'ון שקדיה 35,גרמים,350.00,100 גרם,false,,10.00,0.0286,true,1,277026
7290016967074,false,לחם חיטה מלאה עם גרעינים ודגנים,מאפיית שלמה א. אנג'\ל בע,,חיטה מלאה אנגל 750 ג,גרמים,750.00,100 גרם,false,,16.90,0.0225,true,1,35492
7290017023199,false,מוגז פירות 330 מל סליק תות ליים שוופס.,יפאורה שותפות מוגבלת לשיווק,,פחית שוופס גזוז בטעם,מיליליטרים,0.00,"100 מ""ל",false,,4.20,0.0000,true,1,199101
7290017023205,false,"שוויפס מוגז ענבים פחית סליק 330 מ""ל",יפאורה שותפות מוגבלת לשיווק,,פחית שוופס גזוז בטעם,מיליליטרים,330.00,"100 מ""ל",false,,4.20,0.0127,true,1,36214
7290017023229,false,רביעיית פחיות שוופס מוגז פירות תות ליים 330 מל.,יפאורה שותפות מוגבלת לשיווק,,רביעיית משקה שוופס ב,ליטרים,1.32,ליטר,false,,13.90,10.5303,true,1,11724
7290017023663,false,"שוופס מיץ פירות לימונייד פחית מארז 330X4מ""ל",יפאורה שותפות מוגבלת לשיווק,,רביעיית משקה שוופס ל,ליטרים,1.32,ליטר,false,,13.90,10.5303,true,1,11740
7290017023670,false,"שוויפס מוגז למונייד פחית סליק 330 מ""ל",יפאורה שותפות מוגבלת לשיווק,,פחית שוופס לימונייד,מיליליטרים,330.00,"100 מ""ל",false,,4.20,0.0127,true,1,11741
7290017023854,false,מי סודה בקבוקים אישיים - מארז 4 יח',יפאורה שותפות מוגבלת לשיווק,,"שוופס סודה 250 מ""ל ר",ליטרים,1.00,ליטר,false,,11.90,11.9000,true,1,11749
7290017062747,false,נוזל כלים תפוח (36% 750 מל)+משאבה טאצ,סאסאטק אגשח בעמ,,נוזל כלים תפוח 36% 7,מיליליטרים,750.00,"100 מ""ל",false,,8.90,0.0119,true,1,102515
7290017065137,false,ריקוטה למריחה 5% טבעית 200 גר`מחלבות גד,מחלבות גד שיווק 1992 בעמ,,גבינה ריקוטה למריחה,גרמים,200.00,100 גרם,false,,10.90,0.0545,true,1,14716
7290017068909,false,סוכריות ג`לי לבבות בציפוי שמן 350גר,מיה תעשיות מזון מ.ת.מ. בעמ,,ג'לי לבבות מיה 350 ג,גרמים,350.00,100 גרם,false,,14.90,0.0426,true,1,91048
7290017068916,false,סוכריות ג`לי טבעות בציפוי סוכר 350גר,מיה תעשיות מזון מ.ת.מ. בעמ,,ג'לי טבעות בציפוי סו,גרמים,350.00,100 גרם,false,,14.90,0.0426,true,1,91049
7290017068954,false,"אורז בסמטי סלקטד מיה 1 ק""ג",מיה תעשיות מזון בעמ,,"אורז בסמטי 1 ק""ג מיה",קילוגרמים,1.00,"ק""ג",false,,15.90,15.9000,true,1,193294
7290017068978,false,שיבולת שועל מלאה להכנה מהירה 500 גר בזיפ,מיה תעשיות מזון מ.ת.מ. בעמ,,שיבולת שועל מלאה להכ,קילוגרמים,1.00,"ק""ג",false,,9.90,9.9000,true,1,271948
7290017068985,false,שיבולת שועל מלאה עבה 500 גר בזיפר מיה,מיה תעשיות מזון מ.ת.מ. בעמ,,שיבולת שועל מלאה עבה,קילוגרמים,1.00,"ק""ג",false,,9.90,9.9000,true,1,271934
7290017079356,false,קשיות עם אבקה בטעם פרי חמצמץ 100 יח' גוגלס,טעמן שווק מזון בעמ,,קשיות 100 יח' משפחתי,גרמים,300.00,100 גרם,false,,15.90,0.0530,true,1,215763
7290017079707,false,שוקולד מריר עם אגוזים 270 גרם טעמן,טעמן שווק מזון בעמ,,שוקולד מריר עם אגוזי,גרמים,270.00,100 גרם,false,,13.90,0.0515,true,1,110794
7290017079813,false,שוקולד מריר בודד 100גר כשלפ,אס.קיי ראיס אינטרנשי,,שוקולד מריר מעולה טע,גרמים,100.00,100 גרם,false,,3.90,0.0390,true,1,125773
7290017079967,false,"סרדינים בשמן צימחי בד""ץ טעמן 125 גר'",טעמן שווק מזון בעמ,,סרדינים בשמן קנולה (,גרמים,125.00,100 גרם,false,,7.90,0.0632,true,1,247171
7290017079974,false,סרדינים בשמן פלפל חריף טעמן 125 גרם,טעמן שיווק מזון בעמ,,סרדינים בשמן קנולה (,גרמים,125.00,100 גרם,false,,7.90,0.0632,true,1,247185
7290017088082,false,בייביסיטר - חיתולי סטנדרט מידה 5 - 36 יח',די.פי.אל תעשיות מוצרים ח,,חיתולי ביייביסיטר סט,יח',36.00,יח',false,,34.90,0.9694,true,1,275308
7290017088099,false,בייביסיטר - חיתולי סטנדרט מידה 6 - 30 יח',די.פי.אל תעשיות מוצרים ח,,חיתולי ביייביסיטר סט,יח',34.00,יח',false,,34.90,1.0265,true,1,275309
7290017088105,false,טיטולי בייביסיטר מידה 3 38 יח,די.פי.אל תעשיות מוצר,,ביייביסיטר נוחות מיד,יח',40.00,יח',false,,34.90,0.8725,true,1,29546
7290017088112,false,חיתולי בייביסיטר נוחות מידה 4 36 יח',די.פי.אל תעשיות מוצר,,ביייביסיטר נוחות מיד,יח',36.00,יח',false,,34.90,0.9694,true,1,29547
7290017088631,false,רבעיית מגבונים תולי ללא בישום 72*4 יחידות,שקד תבל בעמ,,מגבון Tooly רביעייה,יחידה,0.00,יחידה,false,,10.90,0.0000,true,1,63031
7290017088693,false,קוויק מטליות לחות לניקוי וחיטוי רצפות ניחוח לוונדר 10 יחידות,שקד תבל בעמ,,מגבונים לניקוי וחיטו,יח',10.00,יח',false,,10.90,1.0900,true,1,29552
7290017088815,false,בריז תחבושות לבריחת שתן נורמל 12 יח,שקד תבל בעמ,,תחבושות Breeze לבריח,יח',12.00,יח',false,,18.90,1.5750,true,1,143405
7290017088822,false,BREEZE תחבושות לבריחת שתן אקסטרה (10 יח'),שקד תבל בעמ,,תחבושות Breeze לבריח,יח',12.00,יח',false,,18.90,1.5750,true,1,144212
7290017088969,false,חיתולי בייביסיטר ניו בורן מידה 1 42 יח',די.פי.אל תעשיות מוצרים ח,,חיתולי בייביסיטר NB,יחידה,0.00,יחידה,false,,29.90,0.0000,true,1,188203
7290017094830,false,סלט גזר ברוטב פיקנטי אסלי שמיר 400 ג',"סלטי שמיר 2006 בע""מ",,סלט גזר ברוטב פיקנטי,גרמים,400.00,100 גרם,false,,12.90,0.0323,true,1,17822
7290017094847,false,סלט תפוחי אדמה אסלי שמיר 400 ג',"סלטי שמיר 2006 בע""מ",,סלט תפוח אדמה אסלי 4,גרמים,400.00,100 גרם,false,,10.90,0.0273,true,1,17823
7290017094861,false,חומוס עם רוטב מסבחה אסלי שמיר 400 ג',"סלטי שמיר 2006 בע""מ",,חומוס עם רוטב מסבחה,גרמים,400.00,100 גרם,false,,10.90,0.0273,true,1,17824
7290017105062,false,גרגירי חומוס שלם יכין הקטניה הטובה 200 ג,היינץ צפון אמריקה מק,,חומוס 6OZ יכין 200 ג,גרמים,200.00,100 גרם,false,,3.90,0.0195,true,1,8745
7290017105079,false,שעועית לבנה ברוטב עגבניות יכין הקטניה הט,היינץ צפון אמריקה מק,,שעועית אפויה 6OZ יכי,גרמים,200.00,100 גרם,false,,3.90,0.0195,true,1,8746
7290017105086,false,שימורי יכין שעועית צילי 200 גר,"זנלכל בע""\מ",,שעועית צ'ילי 6OZ יכי,גרמים,200.00,100 גרם,false,,3.90,0.0195,true,1,8747
7290017105116,false,תורמוס הקטניה הטובה יכין 200/105 גרם,"זנלכל בע""\מ",,תורמוס 6OZ יכין 200,גרמים,200.00,100 גרם,false,,3.90,0.0195,true,1,8750
7290017105123,false,פול מצרי הקטניה הטובה יכין 200/105 גרם,היינץ צפון אמריקה מק,,פול מצרי 6OZ יכין 20,גרמים,200.00,100 גרם,false,,3.90,0.0195,true,1,8751
7290017105468,false,מארז שלישייה אפונה קטנה יכין 3*200 גר,קשקמט קונסרב הונגריה,,אפונה יכין 3*120 גרם,גרמים,360.00,100 גרם,false,,13.90,0.0386,true,1,8754
7290017105895,false,גרגרי חומוס להכנת חומוס משובח יכין 560 ג,זנלכל בעמ,,גרגרי חומוס מסעדות י,גרמים,550.00,100 גרם,false,,9.90,0.0180,true,1,81971
7290017129501,false,אגו מיקס כדורי תירס מצופים שוקולד לבן כרמית 55 גרם,כרמית תעשיות ממתקים בעמ,,אגו מיקס כדורי תירס,גרמים,55.00,100 גרם,false,,4.90,0.0891,true,1,38754
7290017142128,false,"שמן זית כתית מעולה קלאסי עץ הזית 750 מ""ל",סוגת תעשיות בעמ,,שמן זית כתית מעולה ק,מיליליטרים,750.00,"100 מ""ל",false,,35.90,0.0479,true,1,29358
7290017142340,false,שמן זרעי ענבים מזוכך 1 ליטר עץ הזית*,אף.ג'\יי.סנצ'\ז סוקחורס,,שמן זרעי ענבים מזוכך,ליטרים,1.00,ליטר,false,,29.90,29.9000,true,1,29371
7290017142388,false,שמן חמניות פלוס 1 ליטר אומגה 3 עץ הזית,סוגת תעשיות בעמ,,שמן חמניות פלוס אומג,ליטרים,1.00,ליטר,false,,16.90,16.9000,true,1,29375
7290017217307,false,נרות חימום ריחניים בניחות ורדים 50יח',אינטרסן (1996) בעמ,,נרות חימום ריחניים ב,יחידה,0.00,יחידה,false,,12.90,0.0000,true,1,280717
7290017266725,false,מארז וופל במילוי קרם בטעם שוקולד 12 גרם*40 יח',"גילרו בע""מ",,חטיף וופל קראנצ' במ,גרמים,480.00,100 גרם,false,,17.90,0.0373,true,1,104550
7290017266909,false,וופלים מעולים במילוי קרם בטעם שוקולד SUNי 200 גרם,ח.כהן סוכנות מזון ומשקאות בע,,ופלים מעולים במילוי,גרמים,200.00,100 גרם,false,,4.90,0.0245,true,1,289627
7290017275413,false,מיני קצפיות בטעם וניל אחוה 140 גרם,אחדות ביתחרושת לטחינה חלבה,,מיני קצפיות בטעם וני,גרמים,140.00,100 גרם,false,,8.90,0.0636,true,1,235853
7290017275420,false,מיני קצפיות בטעם תות אחוה 140 גרם,אחדות ביתחרושת לטחינה חלבה,,מיני קצפיות בטעם תות,גרמים,140.00,100 גרם,false,,8.90,0.0636,true,1,235854
7290017303802,false,אריאל מלוואח 600 גרם,מאפית אריאל בכינוס נכסים,,"מלוואח 600 גרם כשל""פ",גרמים,600.00,100 גרם,false,,21.90,0.0365,true,1,51567
7290017304885,false,לחם שיפון מחיטה מלאה ללא תוספת סוכר 750 ג' אנג'ל,מאפיית שלמה א. אנג'\ל בע,,לחם שיפון וחיטה מלאה,גרמים,750.00,100 גרם,false,,16.90,0.0225,true,1,35498
7290017457574,false,כדוריות סבון נתלה לאסלה בניחוח פרחים - 3 יח',גורי שיווק בעמ,,סוד סבון 4 כדוריות ל,גרמים,150.00,100 גרם,false,,19.90,0.1327,true,1,34916
7290017457611,false,גל כביסה סוד טוטאל ירוק 2.5 ליטר,גורי שיווק בעמ,,ג'ל כביסה ירוק סוד,ליטרים,2.50,ליטר,false,,26.90,10.7600,true,1,71840
7290017457727,false,"סוד כחול מרכך כביסה מרוכז20%+בישום 900 מ""ל",גורי שיווק בעמ,,מרכך כביסה מרוכז סוד,מיליליטרים,900.00,"100 מ""ל",false,,9.90,0.0110,true,1,34926
7290017457871,false,סוד ג'ל כביסה ירוק טוטאל 4 ליטר,גורי שיווק בעמ,,ג'ל כביסה סוד ירוק 4,ליטרים,4.00,ליטר,false,,36.90,9.2250,true,1,71842
7290017457925,false,סוד מרכך כביסה מרוכז פרש קונטרול ורוד,גורי שיווק בעמ,,מרכך כביסה מרוכז סוד,מיליליטרים,900.00,"100 מ""ל",false,,9.90,0.0110,true,1,102795
7290017457932,false,סוד מרכך כביסה מרוכז פרש קונטרול כחול,גורי שיווק בעמ,,מרכך כביסה מרוכז סוד,מיליליטרים,900.00,"100 מ""ל",false,,9.90,0.0110,true,1,102782
7290017595047,false,זוג כוסיות לנרונים שלהבת,שלהבת,,זוג כוסיות קריסטל מע,יחידה,0.00,יחידה,false,,14.90,0.0000,true,1,48716
7290017595061,false,זוג כוסיות לנרונים 2 יח',,,זוג כוסיות שלהבת מעג,יחידה,0.00,יחידה,false,,4.90,0.0000,true,1,48717
7290017595078,false,כוסיות לנרונים עם רגל בתפזורת שלהבת,צבע ומכחול (2014) בעמ,,כוסית זכוכית עם רגל,יחידה,0.00,יחידה,false,,1.90,0.0000,true,1,46498
7290017599229,false,ממתיק סוכרלוז 200 טבליות סוכרזית,שטראוס גרופ בע`מ,,סוכרזית סוכרלוז 200,גרמים,17.00,100 גרם,false,,24.90,1.4647,true,1,220293
7290017599274,false,סוכרזית סטיוויה 120שקיות 100גרם,"שטראוס גרופ בע""מ",,סוכרזית סטיוויה ממת,גרמים,120.00,100 גרם,false,,24.90,0.2075,true,1,297250
7290017617084,false,סטארקיסט מיקס טוגו טונה עם שעועית 185 גרם,דיפלומט מפיצים (1968) בעמ**,,סטארקיסט מיקס 185 גר,גרמים,185.00,100 גרם,false,,12.90,0.0697,true,1,232305
7290017617107,false,סטארקיסט מיקס טוגו טונה עם 4 דגנים 185 גרם,דיפלומט מפיצים (1968) בעמ**,,סטארקיסט מיקס 185 גר,גרמים,185.00,100 גרם,false,,12.90,0.0697,true,1,194547
7290017641515,false,"כדורים פריכים מצופים שוקולד לבן 55 גר כשל""פ",כרמית תעשיות ממתקים בעמ,,אגו מיקס כדורי שוקול,גרמים,55.00,100 גרם,false,,4.90,0.0891,true,1,38803
7290017677804,false,"רוטב סויה קיקומן ללא חומרים משמרים 444 מ""ל",דיפלומט מפיצים (1968) בעמ**,,קיקומן רוטב סויה ללא,מיליליטרים,444.00,"100 מ""ל",false,,19.90,0.0448,true,1,5340
7290017715346,false,זית שחור טאסוס 400 גר`תומר,תומר יבוא ושיווק מוצרי מזון (1,,זית שחור טאסוס תומר,גרמים,400.00,100 גרם,false,,14.90,0.0373,true,1,25208
7290017812380,false,תירוש מיץ ענבים אדום,,,תירוש מיץ ענבים אדום,מיליליטרים,750.00,"100 מ""ל",false,,12.90,0.0172,true,1,648
7290017812618,false,מיץ ענבים תירוש אדום רוזה כרמל 1 ליטר,אגודת הכורמים -כרמל מזרחי,,מיץ ענבים רוזה תירוש,ליטרים,1.00,ליטר,false,,19.90,19.9000,true,1,68234
7290017812663,false,"תירוש לבן מיץ ענבים מבעבע כרמל 750 מ""ל",ג'\קובז'\י איי.אי פיגלי,,תירוש לבן מבעבע יקבי,מיליליטרים,750.00,"100 מ""ל",false,,20.90,0.0279,true,1,165006
7290017812885,false,"יין P.C סוביניון בלאן גוורצטרמינר כרמל 750 מ""ל",אגודת הכורמים א.ת אל,,יין פרייבט קולקשן גו,מיליליטרים,750.00,"100 מ""ל",false,,39.90,0.0532,true,1,147031
7290017812977,false,"יין קריניאנו סלקטדאננס באז כרמל 750 מ""ל",אגודת הכורמים -כרמל מזרחי,,יין באזז אננס יקבי כ,מיליליטרים,750.00,"100 מ""ל",false,,27.90,0.0372,true,1,146584
7290017871363,true,סבון ידיים מועשר בשמ,,,סבון ידיים מועשר בשמ,מיליליטרים,500.00,"100 מ""ל",false,,9.90,0.0198,true,1,6047
7290017871462,false,טוסו חטיף פצפוצי אורז מצופה שוקולד מריר ללא תוספת סוכר,תות תעשיות מזון (2014) ב,,טוסו חטיף פצפוצי אור,גרמים,0.00,גרם,false,,16.90,0.0000,true,1,6054
7290017872193,false,טוסו עוגיות שקדים וקינמון ללא סוכר 200 גרם,"הגביע מוצרי וופלים בע""\מ",,עוגיות שקדים וקינמון,גרמים,200.00,100 גרם,false,,14.90,0.0745,true,1,73269
7290017872872,false,בייביביס חטיפי דגנים אפויים לתינוקות בטעם גזר וסלק,טאטא גלובל בוורג'ס,,חטיפי דגנים אפויים ל,גרמים,40.00,100 גרם,false,,12.90,0.3225,true,1,230605
7290017888019,false,"משקה תפוח רימון סלק גינגיר פרות &ווג 350 מ""ל",יפאורה שותפות מוגבלת לשיווק,,פרוט & וג' תפוח רימו,מיליליטרים,330.00,"100 מ""ל",false,,7.90,0.0239,true,1,11761
7290017888026,false,"משקה אננס תפוח גזר פרות & ווג 350 מ""ל",יפאורה שותפות מוגבלת לשיווק,,פרוט & וג' אננס תפוח,מיליליטרים,330.00,"100 מ""ל",false,,7.90,0.0239,true,1,11762
7290017888033,false,"משקה בננה מלון נענע פרות &ווג 350 מ""ל",יפאורה שותפות מוגבלת לשיווק,,פרוט & וג' בננה מלון,מיליליטרים,330.00,"100 מ""ל",false,,7.90,0.0239,true,1,11763
7290017888644,false,"משקה אננס בננה כורכום פרות & ווג 350 מ""ל",יפאורה שותפות מוגבלת לשיווק,,פרוט & וג' אננס בננה,גרמים,330.00,100 גרם,false,,7.90,0.0239,true,1,59897
7290017894058,false,תערובת להכנת לחם ומאפים ללא גלוטן,"אף סי, תבליני הגליל",,דגש - תערובת להכנת ל,גרמים,500.00,100 גרם,false,,16.90,0.0338,true,1,105442
7290017894065,false,דגש תערובת רב תכליתית ללא גלוטון,"אף, סי תבליני הגליל",,דגש - תערובת רב תכלי,גרמים,500.00,100 גרם,false,,16.90,0.0338,true,1,105443
7290017917764,false,"ד""ר פישר - אפקטיב קר קרם גוף מועשר בשמן ארגן 450 מ""ל",פישר תעשיות פרמבצטיות בעמ,,קרם גוף אפקטיב קר 4,מיליליטרים,450.00,"100 מ""ל",false,,24.90,0.0553,true,1,113932
7290017928043,false,מקלות גריסיני קראנץ' מלח מאיר בייגל 175 גרם,מאיר את בייגל,,גריסיני קראנץ' מלח מ,גרמים,175.00,100 גרם,false,,11.90,0.0680,true,1,5342
7290017928098,false,בייגלה שטוח מלח 330 גר` מאיר בייגל,מאיר את בייגל,,בייגלה שטוח מלח מאיר,גרמים,330.00,100 גרם,false,,11.90,0.0361,true,1,184620
7290017928616,false,בייגלה שטוחלה שומשום 300 גר` מאיר בייגל,מאיר את בייגל,,שטוחלה שומשום מאיר ב,גרמים,300.00,100 גרם,false,,11.90,0.0397,true,1,5353
7290017928661,false,מאיר בייגל -סמאש-שבורים בטעם צ'דר 300 גרם,"דנשר (1963) בע,מ",,שברי בייגלה בטעם צ'ד,גרמים,300.00,100 גרם,false,,12.90,0.0430,true,1,119636
7290017928685,false,בייגלה שמיניות מלוח מאיר בייגל 400 גרם.,מאיר את בייגל,,בייגלה שמיניות עם מל,גרמים,400.00,100 גרם,false,,11.90,0.0298,true,1,184593
7290017928746,false,פירורי בייגלה מאיר בייגל 200 גרם,דנשר (1963) בעמ,,פירורי בייגלה מאיר ב,גרמים,200.00,100 גרם,false,,6.90,0.0345,true,1,235563
7290017928807,false,בייגלה אצבעות שומשום מאיר בייגל 300 גרם,מאיר את בייגל,,אצבעות שומשום מאיר ב,גרמים,300.00,100 גרם,false,,11.90,0.0397,true,1,5356
7290017928821,false,מאיר בייגל מקלות גריסיני קלאסי 200 גרם,מאיר את בייגל,,מקלות גריסיני קלאסי,גרמים,200.00,100 גרם,false,,11.90,0.0595,true,1,5358
7290017941226,false,מזלגות 40 יח' עבה במ,,,מזלגות 40 יח' עבה במ,יחידה,0.00,יחידה,false,,7.90,0.0000,true,1,125078
7290017941288,false,נר נשמה 24 שעות,,,נר נשמה 24 שעות,יחידה,0.00,יחידה,false,,1.90,0.0000,true,1,160086
7290017941332,false,WIZ נרונים שבת 66 יחידות,,,נרונים 66 יח' 6 שעות,יחידה,0.00,יחידה,false,,24.90,0.0000,true,1,171123
7290017941370,false,להבונים 50 יח' 3 שעו,,,להבונים 50 יח' 3 שעו,יחידה,0.00,יחידה,false,,9.90,0.0000,true,1,160103
7290017941394,false,נייר סנדוויץ 100 יח',,,נייר סנדוויץ 100 יח',יחידה,0.00,יחידה,false,,9.90,0.0000,true,1,135580
7290017941400,false,כוסות 4OZ אספרסו 50,,,כוסות 4OZ אספרסו 50,יחידה,0.00,יחידה,false,,9.90,0.0000,true,1,149908
7290017941462,false,כוסות שתיה חמה 8B י,,,כוסות שתיה חמה 8B י,יחידה,0.00,יחידה,false,,9.90,0.0000,true,1,131627
7290017941516,false,שקיות זיפר S לאחסון-,,,שקיות זיפר S לאחסון-,יחידה,0.00,יחידה,false,,6.90,0.0000,true,1,146682
7290017941615,false,רדיד אלומניום כוכבים,,,רדיד אלומניום כוכבים,מטרים,60.00,מטר,false,,24.90,0.4150,true,1,124521
7290017941660,false,מארז תבניות לחלה עבו,,,מארז תבניות לחלה עבו,יחידה,0.00,יחידה,false,,12.90,0.0000,true,1,124523
7290017941677,false,מארז תבניות רוסטר בנ,,,מארז תבניות רוסטר בנ,יחידה,0.00,יחידה,false,,12.90,0.0000,true,1,124524
7290017941691,false,מפת שולחן מהודרת 270,,,מפת שולחן מהודרת 270,יחידה,0.00,יחידה,false,,8.90,0.0000,true,1,160118
7290017941714,false,שקיות רב שימושיות זו,,,שקיות רב שימושיות זו,יחידה,0.00,יחידה,false,,8.90,0.0000,true,1,152696
7290017941769,false,מארז צלחות מהודר 20+,,,מארז צלחות מהודר 20+,יחידה,0.00,יחידה,false,,55.90,0.0000,true,1,121583
7290017941790,false,ניילון נצמד 30*30 עם,,,ניילון נצמד 30*30 עם,מטרים,30.00,מטר,false,,8.90,0.2967,true,1,160104
7290017941813,false,קיסמי במבוק בעטיפה א,,,קיסמי במבוק בעטיפה א,יחידה,0.00,יחידה,false,,4.90,0.0000,true,1,127089
7290017941820,false,כוסות שתיה קרה כחול,,,כוסות שתיה קרה כחול,יחידה,0.00,יחידה,false,,13.90,0.0000,true,1,117680
7290017941875,false,קערת פלסטיק עגולה 9.,,,קערת פלסטיק עגולה 9.,יחידה,0.00,יחידה,false,,8.90,0.0000,true,1,117697
7290017941981,false,כוסות 12OZ לשתייה חמ,,,כוסות 12OZ לשתייה חמ,יחידה,0.00,יחידה,false,,16.90,0.0000,true,1,241416
7290017946368,false,שלישיית כדוריות סבון לאסלה אוקיינוס סוד 50 גרם,גורי שיווק בעמ,,סוד כדוריות לאסלה P.,גרמים,150.00,100 גרם,false,,19.90,0.1327,true,1,113369
7290017946764,false,מנקה מכונת כביסה 150 גר K2R,גורי שיווק בעמ,,מנקה מכונת כביסה,גרמים,150.00,100 גרם,false,,19.90,0.1327,true,1,113356
7290017947105,false,לחם אנג'ל בסגנון אמריקה 500 גרם,מאפיית שלמה א. אנג'\ל בע,,לחם בסגנון אמריקה אנ,גרמים,500.00,100 גרם,false,,14.90,0.0298,true,1,35499
7290017947464,false,שמיניית פיתות כוסמין אנג'ל 8*50 גרם,מאפיית שלמה א.אנג'\ל בע\,,שמיניית פיתות כוסמין,גרמים,400.00,100 גרם,false,,16.90,0.0422,true,1,94324
7290017947495,false,לחמניות כוסמין 6 יח(450 גר`)אנג`ל,"איטיליאן פוד, אס.פי.",,6 לחמניות כוסמין אנג,גרמים,450.00,100 גרם,false,,15.90,0.0353,true,1,108165
7290017947891,false,לחם אנג'ל כוסמין וחיטה מלאה 750 גרם,מאפיית שלמה א. אנג'\ל בע,,לחם כוסמין וחיטה מלא,גרמים,750.00,100 גרם,false,,16.90,0.0225,true,1,35500
7290017947921,true,מארז לחמניות המבורגר,,,מארז לחמניות המבורגר,גרמים,450.00,100 גרם,false,,14.90,0.0331,true,1,71431
7290017947938,false,מיני לחמניות המבורגר בסגנון אמריקה 400 ג' אנג'ל,מאפיית שלמה א. אנג'\ל בע,,8 לחמניות המבורגר בס,גרמים,4000.00,100 גרם,false,,14.90,0.0037,true,1,108696
7290017974255,false,קרפלך במילוי גבינה מתוקה איי פוד 600 גרם,נטו מילנדה סחר בעמ*,,קרפלך במילוי גבינה מ,יח',1.00,יח',false,,25.90,25.9000,true,1,288081
7290017974873,false,כיסונים למרק במילוי בשר הודו 750 גרם,"אימפריאל הזרב פוד בע""מ",,כיסונים למרק במילוי,יח',1.00,יח',false,,29.90,29.9000,true,1,287849
7290018023013,false,זית סורי שבור 215 גרם סבא חביב,בני פאוזי שמשום (2009) בעמ,,זיתים סורי שבור סבא,גרמים,215.00,100 גרם,false,,10.90,0.0507,true,1,53240
7290018043196,false,פראוד - חטיף חלבון בטעם שוקולד לבן עוגיות 60 גרם,דיפלומט מפיצים (1968) בעמ**,,חטיף חלבון בטעם שוקו,גרמים,60.00,100 גרם,false,,13.90,0.2317,true,1,245306
7290018098486,false,פיצה מרגריטה מקמח כוסמין טבעוני 350 גרם פרווה,גורי מוצרי צריכה (1991) בעמ,,פיצה משפחתית מרגריטה,גרמים,350.00,100 גרם,false,,21.90,0.0626,true,1,271990
7290018131756,false,מאגדת שלגון וניל מצופה תות נסטלה 440 גרם,נגה גלידות שותפות מוגבלת,,נסטלה וניל מצופה תות,גרמים,440.00,100 גרם,false,,30.90,0.0702,true,1,123367
7290018131855,false,אקסטרים טילון בראוניז בדצ מאגדת 6*72 גרם נסטלה,נגה גלידות שותפות מוגבלת,,אקסטרים מאגדת טילון,גרמים,432.00,100 גרם,false,,36.90,0.0854,true,1,142975
7290018156483,false,סרקל שמפו קיץ מסייע בטיפול בנזקי הקיץ והכלור,פישר תעשיות פרמבצטיות בעמ,,"שמפו קיץ סרקל 750 מ""",מיליליטרים,750.00,"100 מ""ל",false,,28.90,0.0385,true,1,249402
7290018165010,false,"יין רזרב GOLD EDITION גווצטרמינר ברקן 750 מ""ל",יקבי ברקן שיווק והפצה בע,,יין רזרב גוורצטרמינר,מיליליטרים,750.00,"100 מ""ל",false,,48.90,0.0652,true,1,9552
7290018165447,false,רזרב גולד מרלו ( 750 מל) יקבי ברקן,יקבי ברקן שיווק והפצה בע,,יין רזרב גולד מרלו 7,מיליליטרים,750.00,"100 מ""ל",false,,48.90,0.0652,true,1,112263
7290018194201,false,"סודה ספארק בטעם לימון 250 מ""ל-בודד",בני פאוזי שמשום (2009) בעמ,,סודה ספארק בטעם לימו,מיליליטרים,250.00,"100 מ""ל",false,,2.90,0.0116,true,1,192913
7290018195048,false,"חתיכות אננס בסירופ קל טעמן, 850 גרם",טעמן שיווק מזון בעמ,,חתיכות אננס מקולף בס,גרמים,490.00,100 גרם,false,,11.90,0.0243,true,1,249362
7290018195178,false,שוקולד מריר 62% קקאו 100 גרם טעמן,אס.קיי ראיס אינטרנשי,,שוקולד מריר 62% טעמן,גרמים,100.00,100 גרם,false,,5.90,0.0590,true,1,215805
7290018198339,false,"צ'יפס קלאסי 1.8 ק""ג לשנת שמיטה",,,תפוגן טוגן קלאסי 1.8,קילוגרמים,1.80,"ק""ג",false,,22.90,12.7222,true,1,295235
7290018237922,false,שניצלונים ציפוי צ'יפס עוף טוב 700 גרם,קבוצת אוסם סחר שותפות מוגבלת,,שניצלונים ציפוי ציפס,גרמים,700.00,100 גרם,false,,21.90,0.0313,true,1,276852
7290018237939,false,שניצלונים ציפוי שומשום עוף טוב 700 גרם,קבוצת אוסם סחר שותפות מוגבלת,,שניצלונים ציפוי שומש,גרמים,700.00,100 גרם,false,,21.90,0.0313,true,1,276866
7290018237960,false,עוף טוב כתף בקר עסיסי 265 גרם,קבוצת אוסם סחר שותפות מוגבלת,,כתף בקר עסיסי עוף טו,גרמים,265.00,100 גרם,false,,26.90,0.1015,true,1,295114
7290018237984,false,עוף טוב סלמי פפרוני פיקנטי מפולפל 320גרם,קבוצת אוסם סחר-שות.מוגבלת,,סלמי פפרוני פיקנטי מ,גרמים,320.00,100 גרם,false,,26.90,0.0841,true,1,295115
7290018249994,false,סוויטאנגו תחליף סוכר ממתיק 700 גר',מתבל תעשיות מזון,,סוויטאנגו ממתיק אריז,גרמים,700.00,100 גרם,false,,57.90,0.0827,true,1,324274
7290018294000,false,"יין קינג דויד רוזה כרמל 750 מ""ל",אגודת הכורמים,,יין קינג דיוויד רוזה,מיליליטרים,750.00,"100 מ""ל",false,,21.90,0.0292,true,1,146598
7290018294208,false,"סלקטדאדום ישראלי יבש כרמל 750 מ""ל",אגודת הכורמים בעמ,,יין אדום ישראלי סלקט,מיליליטרים,750.00,"100 מ""ל",false,,29.90,0.0399,true,1,170842
7290018294352,false,"ארק יקבי כרמל 700 מ""",אגודת הכורמים -כרמל מזרחי,,"ארק יקבי כרמל 700 מ""",מיליליטרים,700.00,"100 מ""ל",false,,55.20,0.0789,true,1,229492
7290018294918,false,"יין מונלייט מוסקטו ורוד מבעבע 750 מ""ל",אגודת הכורמים -כרמל מזרחי,,יין מונלייט סמוק מבע,מיליליטרים,750.00,"100 מ""ל",false,,34.90,0.0465,true,1,278545
7290018333624,false,גרנולפלקס קשיו פירות יבשים500ג כשלפ בית יוסף,כרמית תעשיות ממתקים בעמ,,גרנולפלקס חלבה ושקדי,גרמים,500.00,100 גרם,false,,22.90,0.0458,true,1,233714
7290018333631,false,גרנולפלקס חלבה ושקדים 500ג כשלפ בית יוסף,כרמית תעשיות ממתקים בעמ,,גרנולפלקס קשיו ופירו,גרמים,500.00,100 גרם,false,,22.90,0.0458,true,1,233715
7290018343692,false,פישר אלכוג'ל פרמה וויפס  70% אלכוהול – 60מגבונים,פישר תעשיות פרמבצטיות בעמ,,אלכוג'ל פרמה וויפס 7,יחידה,0.00,יחידה,false,,24.90,0.0000,true,1,114052
7290018359334,false,רכז עגבניות טבעי פריכוז שף יכין 580 גרם,זנלכל בעמ,,רכז עגבניות טבעי פרי,גרמים,580.00,100 גרם,false,,9.90,0.0171,true,1,98968
7290018359938,false,"רוטב עגבניות לשקשוקה יכין, 400 גרם",זנלכול יכין,,רוטב עגבניות לשקשוקה,גרמים,400.00,100 גרם,false,,11.90,0.0298,true,1,274657
7290018440438,false,Calvo טונה בשמן זית פתיחה קלה 3 * 65 גרם,תה ויסוצקי (ישראל) בעמ,,טונה easy flip בשמן,גרמים,195.00,100 גרם,false,,25.90,0.1328,true,1,280559
7290018440490,false,סלט טונה קאלוו עם קוסקוס 150 גר,"קאלוו קונסרבס ס.ל.יו. ,",,סלט טונה עם ירקות וק,גרמים,150.00,100 גרם,false,,15.90,0.1060,true,1,280515
7290018440513,false,סלט קליפורנייה קאלוו עם טונה 150 גר,"קאלוו קונסרבס ס.ל.יו. ,",,סלט טונה עם ירקות בס,גרמים,150.00,100 גרם,false,,15.90,0.1060,true,1,280517
7290018440520,false,סלט טונה קאלוו מקסיקני 150 גר,"קאלוו קונסרבס ס.ל.יו. ,",,סלט טונה עם ירקות בס,גרמים,150.00,100 גרם,false,,15.90,0.1060,true,1,280518
7290018468319,false,נקניקיה טבעונית בסגנון צוריסוס טירת צבי 400 גרם,תנובה מרכז שיתופי לשיווק תוצרת,,נקניקיות צמחוניות בס,גרמים,400.00,100 גרם,false,,39.90,0.0997,true,1,257558
7290018471210,false,ספרינג נקטר אגס סברס תפוח 1ליטר קרטוני,יפאורה שותפות מוגבלת לשיווק,,קרטונית אגס תפוח וסב,ליטרים,1.00,ליטר,false,,6.90,6.9000,true,1,129878
7290018471395,false,משקה פרוט& ווג' תפוח רימון ג'ינג'ר 1 ליטר,יפאורה שותפות מוגבלת לשיווק,,פרוט ווג תפוח רימון,ליטרים,1.00,ליטר,false,,13.90,13.9000,true,1,128762
7290018471401,false,משקה פרוט& ווג' אננס בננה כורכום 1 ליטר,יפאורה שותפות מוגבלת לשיווק,,פרוט ווג אננס בננה כ,ליטרים,1.00,ליטר,false,,13.90,13.9000,true,1,128763
7290018471463,false,תפוזינה נקטר תפוז מנגו קרטונית 1 ליטר,יפאורה שותפות מוגבלת לשיווק,,נקטר תפוזינה ENJOY ב,ליטרים,1.00,ליטר,false,,6.90,6.9000,true,1,142643
7290018471470,false,תפוזינה נקטר תפוז פסיפלורה קרטונית 1 ליטר,יפאורה שותפות מוגבלת לשיווק,,נקטר תפוזינה ENJOY ב,ליטרים,1.00,ליטר,false,,6.90,6.9000,true,1,142644
7290018471487,false,תפוזינה נקטר תפוז אננס קרטונית 1 ליטר,יפאורה שותפות מוגבלת לשיווק,,נקטר תפוזינה ENJOY ב,ליטרים,1.00,ליטר,false,,6.90,6.9000,true,1,142645
7290018471494,false,תפוזינה משקה תפוז גזר קרטונית 1 ליטר,יפאורה שותפות מוגבלת לשיווק,,נקטר תפוזינה ENJOY ב,ליטרים,1.00,ליטר,false,,6.90,6.9000,true,1,142646
7290018471906,false,שוופס מוגז פירות לימונדה ורודה 1.5 ליטר פיקדון,יפאורה - שותפות מוגבלת לשיווק,,שוופס מוגז לימונדה ו,ליטרים,1.50,ליטר,false,,9.50,6.3333,true,1,195950
7290018471913,false,משקה מוגז פירות תפוחים שוופס 1.5 ליטר,יפאורה - שותפות מוגבלת לשיווק,,שוופס פרוטס תפוחים 1,ליטרים,1.50,ליטר,false,,9.50,6.3333,true,1,195964
7290018471920,false,שוופס מוגז פירות ענבים 1.5 ליטר פיקדון,יפאורה - שותפות מוגבלת לשיווק,,שוופס ענבים מוגז 1.5,ליטרים,1.50,ליטר,false,,9.50,6.3333,true,1,195965
7290018471937,false,שוופס מוגז פירות תות ליים 1.5 ליטר פיקדון,יפאורה - שותפות מוגבלת לשיווק,,שוופס מוגז פירות תות,ליטרים,1.50,ליטר,false,,9.50,6.3333,true,1,195966
7290018471944,false,שוופס מוגז פירות לימונייד 1.5 ליטר פיקדון,יפאורה - שותפות מוגבלת לשיווק,,שוופס מוגז למונייד 1,ליטרים,1.50,ליטר,false,,9.50,6.3333,true,1,195967
7290018471951,false,שוופס מוגז פירות אשכולית אדומה 1.5 ליטר פיקדון,יפאורה - שותפות מוגבלת לשיווק,,שוופס פרוטס אשכולית,ליטרים,1.50,ליטר,false,,9.50,6.3333,true,1,195981
7290018493724,false,"סבון ידיים ויטמינים לילדים ירוק מילון 500 מ""ל ד""ר פישר",מדי פישר,,סבון ידיים ויטמינים,מיליליטרים,500.00,"100 מ""ל",false,,12.90,0.0258,true,1,188510
7290018500361,false,"לחם שחור פרוס 900 גרם ""אנג'ל"" -מוצר בפיקוח",מאפיית שלמה א. אנג'\ל בע,,לחם אחיד פרוס מאפיית,גרמים,900.00,100 גרם,false,,8.32,0.0092,true,1,276196
7290018500392,true,חלה קלועה אנגל 650 ג,,,חלה קלועה אנגל 650 ג,גרמים,650.00,100 גרם,false,,6.50,0.0100,true,1,297700
7290018540329,false,שקית פיתה פיתה בלדי 800 ג' אנג'ל,מאפיית שלמה א. אנג'\ל בע,,פיתה פיתה אנגל 880 ג,יח',10.00,יח',false,,12.90,1.2900,true,1,121650
7290018556870,false,ערק הזקן בטעם פסיפלו,,,ערק הזקן בטעם פסיפלו,מיליליטרים,750.00,"100 מ""ל",false,,40.90,0.0545,true,1,138830
7290018564684,false,ממרח פסטו בזיליקום ואגוזים 200 גרם,,,ממרח פסטו בזיליקום ו,גרמים,200.00,100 גרם,false,,12.90,0.0645,true,1,235835
7290018571064,false,"מקלוני טופי 450 גרם ""מיה""",מיה תעשיות מזון מ.ת.מ. בעמ,,מקלוני טופי מיה 450,גרמים,450.00,100 גרם,false,,14.90,0.0331,true,1,126630
7290018571408,false,לקקנים מולטיקולור תותי פרוטי מיה 220 גרם,מיה תעשיות מזון מ.ת.מ. בעמ,,לקקנים מולטיקולור תו,גרמים,220.00,100 גרם,false,,9.90,0.0450,true,1,224472
7290018571507,false,סוכריות ויטמין סי לילדים דובונים יד למעלה 175 גרם מיה פלוס,מיה תעשיות מזון מ.ת.מ בעמ,,סוכריות ויטמין C ליל,גרמים,175.00,100 גרם,false,,39.90,0.2280,true,1,308589
7290018571521,false,סוכריות מולטי ויטמין ילדים דובונים יד למעלה 175 גרם מיה פלוס,מיה תעשיות מזון מ.ת.מ בעמ,,סוכריות מולטי ויטמין,גרמים,175.00,100 גרם,false,,39.90,0.2280,true,1,308591
7290018571538,false,סוכריות חורף פרופוליס אכיניציה ילדים דובונים יד למעלה 175 גרם מיה פלוס,מיה תעשיות מזון מ.ת.מ בעמ,,סוכריות חורף פרופולי,גרמים,175.00,100 גרם,false,,39.90,0.2280,true,1,308592
7290018571552,false,סוכריות ג'לי ללא סוכר עם חומצות שומן אומגה 3 למבוגרים,מיה תעשיות מזון מ.ת.מ בעמ,,סוכריות אומגה 3 -ילד,גרמים,240.00,100 גרם,false,,39.90,0.1662,true,1,308594
7290018571590,false,שמן שקדים מזוכך מיה 1 ליטר,מיה תעשיות מזון מ.ת.מ בעמ,,שמן שקדים מזוכך מיה,ליטרים,1.00,100 ליטר,false,,26.90,26.9000,true,1,245335
7290018571613,false,סוכריות אומגה 3 מבוגרים אצבעות מיה פלוס 210 גרם ללס,מיה תעשיות מזון מ.ת.מ בעמ,,סוכריות אומגה 3- מבו,גרמים,210.00,100 גרם,false,,39.90,0.1900,true,1,308595
7290018571699,false,"קמח שקדים 250 גרם כשל""פ עד""ח",מיה תעשיות מזון מ.ת.מ. בעמ,,קמח שקדים מיה 250 גר,גרמים,250.00,100 גרם,false,,26.90,0.1076,true,1,249243
7290018571705,false,"אורז יסמין 1 ק""ג מיה.",מיה תעשיות מזון מ.ת.מ. בעמ,,"אורז יסמין 1 ק""ג",קילוגרמים,1.00,"ק""ג",false,,11.90,11.9000,true,1,271890
7290018571712,false,"אורז בסגנון פרסי 1 ק""ג",מיה תעשיות מזון מ.ת.מ. בעמ,,"אורז פרסי 1 ק""ג",קילוגרמים,1.00,"ק""ג",false,,10.90,10.9000,true,1,271891
7290018571729,false,"אורז ריזוטו עגול 1 ק""ג מיה.",מיה תעשיות מזון מ.ת.מ. בעמ,,אורז ריזווטו עגול 1,קילוגרמים,1.00,"ק""ג",false,,9.90,9.9000,true,1,271918
7290018571736,false,אורז בסמטי הודי 1ק''ג,מיה תעשיות מזון מ.ת.מ. בעמ,,"אורז בסמטי 1 ק""ג",קילוגרמים,1.00,"ק""ג",false,,11.90,11.9000,true,1,271919
7290018571743,false,"אורז פרסי מלא 1 ק""ג",מיה תעשיות מזון מ.ת.מ. בעמ,,"אורז מלא 1 ק""ג",קילוגרמים,1.00,"ק""ג",false,,9.90,9.9000,true,1,271920
7290018626009,false,צלחות וינטג' ענקיות,,,צלחות וינטג' ענקיות,יחידה,0.00,יחידה,false,,21.90,0.0000,true,1,135504
7290018626085,false,לפתניות 4.5 שקוף 50,,,לפתניות 4.5 שקוף 50,יחידה,0.00,יחידה,false,,8.90,0.0000,true,1,124540
7290018626542,false,שקיות אשפה לפחים גדו,,,שקיות אשפה לפחים גדו,יחידה,0.00,יחידה,false,,12.90,0.0000,true,1,148492
7290018626610,false,צימרונים לאוזנים מאר,,,צימרונים לאוזנים מאר,יחידה,0.00,יחידה,false,,9.90,0.0000,true,1,165338
7290018626634,false,מארז תבניות רוסטר עמ,,,מארז תבניות רוסטר עמ,יחידה,0.00,יחידה,false,,14.90,0.0000,true,1,213268
7290018626641,false,מארז תבניות רוסטר גד,,,מארז תבניות רוסטר גד,יחידה,0.00,יחידה,false,,14.90,0.0000,true,1,213269
7290018626856,false,כוסות ליקר 50 יח' WI,,,כוסות ליקר 50 יח' WI,יחידה,0.00,יחידה,false,,8.90,0.0000,true,1,185509
7290018626917,false,מפיות תלת שכבתיות 20,,,מפיות תלת שכבתיות 20,יחידה,0.00,יחידה,false,,5.90,0.0000,true,1,180752
7290018626924,false,מפיות תלת שכבתיות 20,,,מפיות תלת שכבתיות 20,יחידה,0.00,יחידה,false,,5.90,0.0000,true,1,180753
7290018626948,false,מפיות תלת שכבתיות 20,,,מפיות תלת שכבתיות 20,יחידה,0.00,יחידה,false,,5.90,0.0000,true,1,180754
7290018626955,false,מפיות תלת שכבתיות 20,,,מפיות תלת שכבתיות 20,יחידה,0.00,יחידה,false,,5.90,0.0000,true,1,180755
7290018652671,false,"לה קרמריה שוקולד וניל 1.4 ליטר [תו אי""ל]",נגה גלידות שותפות מוגבלת,,גלידת שוקו וניל מופח,גרמים,0.00,100 גרם,false,,22.90,0.0000,true,1,229695
7290018652886,false,שלגונים בשומן צמחי בטעמי שוקו ובננה מצופים צימקאו,נגה גלידות שותפות מוגבלת,,מאגדת שוקו בננה 8 יח,גרמים,476.00,100 גרם,false,,29.90,0.0628,true,1,231976
7290018720011,false,ביסקוויט קרנבל חיות בטעם וניל 250 ג' מעדני מלך,הגביע מוצרי וופלים,,מעדני המלך קרנבל חיו,גרמים,250.00,100 גרם,false,,5.90,0.0236,true,1,132852
7290018720028,false,קרנבל אותיות ביסקוויט בטעם חמאה 250 ג' מעדני מלך,הגביע מוצרי וופלים,,מעדני המלך אותיות 25,גרמים,250.00,100 גרם,false,,5.90,0.0236,true,1,132853
7290018720103,false,"אפיפיות וופל בטעם שוקו לל""ס הדר 250 גרם",רזיט שיווק בעמ,,אפיפיות בטעם שוקו לל,גרמים,250.00,100 גרם,false,,7.90,0.0316,true,1,192845
7290018720189,false,מעדני מלך-ביסקוויט קסטה בטעם שוקו 200 גרם,הגביע,,ביסקוויט קסטה בטעם ש,גרמים,200.00,100 גרם,false,,5.90,0.0295,true,1,287573
7290018720219,false,פצפוצי אורז ללא סוכר מעדני מלך 250 גרם,אשבל מזון פונקציונלי,,פיצפוצי אורז ללא סוכ,גרמים,250.00,100 גרם,false,,13.90,0.0556,true,1,285953
7290018720226,false,פצפוצי אורז מעדני מלך 250 גרם,אשבל מזון פונקציונלי,,פיצפוצי אורז עם סוכר,גרמים,250.00,100 גרם,false,,13.90,0.0556,true,1,285938
7290018818213,false,בצק שמרים 500 גרם,,,בצק שמרים 500 גרם,גרמים,500.00,100 גרם,false,,9.90,0.0198,true,1,262428
7290018878095,false,שלישיית שוקולד חלב ללא סוכר 85 גרם,כרמית תעשיות ממתקים בעמ,,שלשות שוקולד ללס חלב,גרמים,255.00,100 גרם,false,,14.90,0.0584,true,1,246946
7290018878125,false,שלישיית שוקולד לבן ללא סוכר 85 גרם,"כרמית תעשיות ממתקים בע""\",,שלשות שוקולד ללס לבן,גרמים,255.00,100 גרם,false,,14.90,0.0584,true,1,246960
7290018886120,false,מפיות תלת שכבתיות 20,,,מפיות תלת שכבתיות 20,יחידה,0.00,יחידה,false,,5.90,0.0000,true,1,180775
7290018886144,false,מפיות תלת שכבתיות 20,,,מפיות תלת שכבתיות 20,יחידה,0.00,יחידה,false,,5.90,0.0000,true,1,180777
7290018886175,false,כפיות עבות 50 יח' ש,,,כפיות עבות 50 יח' ש,יחידה,0.00,יחידה,false,,9.90,0.0000,true,1,165352
7290018886199,false,WIZ סכינים עבות שקוף 50 יח',,,סכינים עבות 50 יח',יחידה,0.00,יחידה,false,,9.90,0.0000,true,1,165354
7290018886212,false,מזלגות עבות 50 יח',,,מזלגות עבות 50 יח',יחידה,0.00,יחידה,false,,9.90,0.0000,true,1,165356
7290018886229,false,מזלגות עבות 50 יח',,,מזלגות עבות 50 יח',יחידה,0.00,יחידה,false,,9.90,0.0000,true,1,165357
7290018886311,false,מאפים סגנון שוודי 170 גר,,,פת דגנים סגנון שוודי,גרמים,170.00,100 גרם,false,,7.90,0.0465,true,1,184765
7290018886335,false,פת דגנים שיפון 170 ג,,,פת דגנים שיפון 170 ג,גרמים,170.00,100 גרם,false,,7.90,0.0465,true,1,184766
7290018886359,false,מאפים 7 דגנים 170 גר,,,פת דגנים 7 דגנים 170,גרמים,170.00,100 גרם,false,,7.90,0.0465,true,1,184767
7290018886502,false,כפיות מהודרות זהב 10,,,כפיות מהודרות זהב 10,יחידה,0.00,יחידה,false,,5.90,0.0000,true,1,210733
7290018886694,false,כוס קינוח קצה גלי 12,,,כוס קינוח קצה גלי 12,יחידה,0.00,יחידה,false,,12.90,0.0000,true,1,210987
7290018886724,false,כוס קינוח פרח 12 יחי,,,כוס קינוח פרח 12 יחי,יחידה,0.00,יחידה,false,,12.90,0.0000,true,1,211016
7290018886984,false,מנגל איכותי גדול 30*,,,מנגל איכותי גדול 30*,יחידה,0.00,יחידה,false,,119.90,0.0000,true,1,175963
7290018886991,false,שמן קנולה מזוכך 1לי- בית יוסף,סקנולה,,שמן קנולה אלומות 1 ל,ליטרים,1.00,ליטר,false,,10.90,10.9000,true,1,179362
7290018893005,false,"חטיפי בייגלה אפוי בטעם חרדל ודבש, 160 גרם",ש.שסטוביץ בעמ,,בייגלה שטוח בתוספת ח,גרמים,200.00,100 גרם,false,,6.90,0.0345,true,1,208376
7290018893104,false,צ'וקטה עוגויות ביסקוויט מצופה שוקולד מריר 100 גרם,דיסטרופר אוליבייר,,צ'וקטה עוגיות מצופות,גרמים,100.00,100 גרם,false,,7.90,0.0790,true,1,255519
7290018893111,false,צ'וקטה שוקולד מריר בלגי 70% 100 גרם,ש. שסטוביץ בע`מ,,צ'וקטה שוקולד מריר מ,גרמים,100.00,100 גרם,false,,8.90,0.0890,true,1,278239
7290018893128,false,צ'וקטה שוקולד חלב בלגי 100 גרם 34%,ש.שסטוביץ בעמ,,צ'וקטה שוקולד חלב מע,גרמים,100.00,100 גרם,false,,8.90,0.0890,true,1,278240
7290018893135,false,מקלות אפויים בתוספת מלח Salty,ש.שסטוביץ בעמ,,צ'וקטה גריסיני מלח 1,גרמים,120.00,100 גרם,false,,8.90,0.0742,true,1,278101
7290018893142,false,צ'וקטה גריסיני בתוספת שמן זית 120 גרם,ש.שסטוביץ בעמ,,צ'וקטה גריסיני שמן ז,גרמים,120.00,100 גרם,false,,8.90,0.0742,true,1,278102
7290018893272,false,צוקטה בונבוניירה צדפות בלגי יוגטה 125 גרם,ש. שסטוביץ בע`מ,,צדפי שוקולד צ'וקטה,גרמים,125.00,100 גרם,false,,10.90,0.0872,true,1,249189
7290018893340,false,מקלות אפויים בתוספת שומשום Salty,ש. שסטוביץ בע`מ,,צ'וקטה גריסיני שומשו,גרמים,120.00,100 גרם,false,,8.90,0.0742,true,1,278103
7290018893487,false,צ`וקוטה עוגות אישיות טעם קוקוס 350 גרם,פרדי קונדטוריה אס פי,,צ'וקטה עוגות אישיות,גרמים,350.00,100 גרם,false,,12.90,0.0369,true,1,186029
7290018893494,false,עלי וופל דקים בטעם חמאה צ'וקטה 100 גרם,דיסטרופר אוליבייר,,עוגיות עלי וופל דקות,גרמים,100.00,100 גרם,false,,10.00,0.1000,true,1,216544
7290018893500,false,צ'וקטה עוגיות סנדביץ שוקו 180 גרם חלב נכרי,ש.שסטוביץ בעמ,,צ'וקטה עוגיות סנדביץ,גרמים,180.00,100 גרם,false,,4.90,0.0272,true,1,255491
7290018893616,false,מארז צוקטה שוקולד מריר 48% 6*100 גר,ש. שסטוביץ בע`מ,,שישיית צוקטה שוקולד4,גרמים,600.00,100 גרם,false,,17.90,0.0298,true,1,198345
7290018893647,false,עוגיות סנדוויץ במילוי קרם וניל בציפוי שוקולד 150 גרם צ'וקטה,ש.שסטוביץ בעמ,,עוגיות סנדויץ' מצופו,גרמים,150.00,100 גרם,false,,10.00,0.0667,true,1,216497
7290018893708,false,עוגיות סנדוויץ' במילוי קרם בטעם שוקולד,ש.שסטוביץ בעמ,,צ'וקטה עוגיות סנדביץ,גרמים,250.00,100 גרם,false,,7.90,0.0316,true,1,255520
7290018893807,false,צוקטה בטעם שוקולד מריר 60% 3 יח' 300 גרם,אייברקקאו אס אי. יו,,מארז שוקולד מריר 60%,גרמים,300.00,100 גרם,false,,10.90,0.0363,true,1,216498
7290018893814,false,צ'וקטה חמישיית שוקולד מריר 48%,הדקלאים אגודת שיתופי,,צ'וקטה שוקולד 48% 5*,גרמים,500.00,100 גרם,false,,16.90,0.0338,true,1,193601
7290018893852,false,חטיפי בייגלה דקיקים ופריכים שומשום צ'וקטה 200 ג',ש. שסטוביץ בע`מ,,צ'וקטה חטיף בייגלה ב,גרמים,200.00,100 גרם,false,,6.90,0.0345,true,1,186031
7290018893951,false,עלי וופל חמאה בטעם קינמון 100 גר` צוקטה,ש.שסטוביץ בעמ,,צ'וקטה וופל חמאה בטע,גרמים,100.00,100 גרם,false,,10.00,0.1000,true,1,307687
7290018925065,false,מיץ תפוזים סחוט פרימור (2 ליטר),שטראוס גרופ בעמ/מצונן,,פרימור מיץ תפוזים סח,ליטרים,2.00,ליטר,false,,27.90,13.9500,true,1,202855
7290018989081,false,יכין חומוס הבית להכנת חומוס טרי 410 גי,זנלכל בעמ,,חומוס הבית יכין 400,גרמים,400.00,100 גרם,false,,7.90,0.0198,true,1,273738
7290018989135,false,סירופ 1 ליטר פטל יכין ליטר,זנלכול יכין,,סירופ בטעם פטל יכין,יחידה,0.00,יחידה,false,,18.90,0.0000,true,1,275291
7290019031000,false,WIZ מארז חמישיית ניי,,,WIZ מארז חמישיית ניי,יחידה,0.00,יחידה,false,,10.90,0.0000,true,1,213310
7290019031062,false,תבנית R-2 מלבנית 7 י,,,תבנית R-2 מלבנית 7 י,יחידה,0.00,יחידה,false,,9.90,0.0000,true,1,235530
7290019031109,false,תבנית R-88 אינגליש 1,,,תבנית R-88 אינגליש 1,יחידה,0.00,יחידה,false,,9.90,0.0000,true,1,235534
7290019031116,false,תבנית R-99 ענקית 3 י,,,תבנית R-99 ענקית 3 י,יחידה,0.00,יחידה,false,,9.90,0.0000,true,1,235535
7290019031154,false,מגבת ענק איכותית 76*,,,מגבת ענק איכותית 76*,יחידה,0.00,יחידה,false,,49.90,0.0000,true,1,238586
7290019031215,false,כוסות 10OZ לשתייה חמ,,,כוסות 10OZ לשתייה חמ,יחידה,0.00,יחידה,false,,9.90,0.0000,true,1,241387
7290019031338,false,WIZ צלחות קטנות לבנות 25 יח',,,"צלחות קטנות 7"" לבנות",יחידה,0.00,יחידה,false,,8.90,0.0000,true,1,230517
7290019031345,false,צלחות גדולות 9 לבן 2,,,צלחות גדולות 9 לבן 2,יחידה,0.00,יחידה,false,,12.90,0.0000,true,1,216546
7290019031352,false,"צלחות ענקיות 10"" לבנ",,,"צלחות ענקיות 10"" לבנ",יחידה,0.00,יחידה,false,,23.90,0.0000,true,1,230518
7290019031376,false,סבון ידיים אוקיינוס,,,סבון ידיים אוקיינוס,ליטרים,1.00,100 ליטר,false,,9.90,9.9000,true,1,230484
7290019031406,false,רביעיית מגבונים לחים,,,רביעיית מגבונים לחים,יחידה,0.00,יחידה,false,,9.90,0.0000,true,1,241294
7290019031413,false,נייר טואלט לח שלישיי,,,נייר טואלט לח שלישיי,יחידה,0.00,יחידה,false,,11.90,0.0000,true,1,241267
7290019031420,false,אל סבון נוזלי שלישיי,,,אל סבון נוזלי שלישיי,מיליליטרים,500.00,"100 מ""ל",false,,11.90,0.0238,true,1,241253
7290019031482,false,WIZ צלחות מתכלות קטנ,,,WIZ צלחות מתכלות קטנ,יחידה,0.00,יחידה,false,,7.90,0.0000,true,1,287939
7290019031543,false,שמן זית כתית מעולה א,,,שמן זית כתית מעולה א,מיליליטרים,750.00,"100 מ""ל",false,,30.90,0.0412,true,1,241213
7290019031581,false,מארז 10 גביעיים + מכ,,,מארז 10 גביעיים + מכ,ליטרים,500.00,ליטר,false,,9.90,0.0198,true,1,236283
7290019031598,false,מארז 5 מכלים + מכסים,,,מארז 5 מכלים + מכסים,ליטרים,0.50,ליטר,false,,9.90,19.8000,true,1,236284
7290019031604,false,מארז 5 מכלים + מכסים,,,מארז 5 מכלים + מכסים,ליטרים,1.00,ליטר,false,,9.90,9.9000,true,1,236285
7290019031611,false,מארז 4 מכלים + מכסים,,,מארז 4 מכלים + מכסים,ליטרים,1.00,ליטר,false,,9.90,9.9000,true,1,236328
7290019031628,false,מטליות מיקרופייבר לר,,,מטליות מיקרופייבר לר,יחידה,0.00,יחידה,false,,12.90,0.0000,true,1,287973
7290019031635,false,פחם מסעדות דרום אמרי,,,פחם מסעדות דרום אמרי,יחידה,0.00,יחידה,false,,24.90,0.0000,true,1,313833
7290019031666,false,WIZ צלחות קטנות שקופ,,,WIZ צלחות קטנות שקופ,יחידה,0.00,יחידה,false,,9.90,0.0000,true,1,287958
7290019031673,false,"WIZ מרקיות שקופות 7""",,,"WIZ מרקיות שקופות 7""",יחידה,0.00,יחידה,false,,9.90,0.0000,true,1,287974
7290019031680,false,WIZ קערות אובליות שק,,,WIZ קערות אובליות שק,יחידה,0.00,יחידה,false,,8.90,0.0000,true,1,287975
7290019031697,false,WIZ לפתניות שקופות 2,,,WIZ לפתניות שקופות 2,יחידה,0.00,יחידה,false,,5.90,0.0000,true,1,287976
7290019056027,false,שוופס מוגז פירות תפוחים ללא סוכר 1.5 ליטר פיקדון,יפאורה - שותפות מוגבלת לשיווק,,שוופס מוגז פירות תפו,ליטרים,1.50,ליטר,false,,8.90,5.9333,true,1,195982
7290019056034,false,שוופס מוגז פירות אננס ללא סוכר 1.5 ליטר פיקדון,יפאורה - שותפות מוגבלת לשיווק,,שוופס מוגז פירות אננ,ליטרים,1.50,ליטר,false,,8.90,5.9333,true,1,195996
7290019056041,false,שוופס מוגז פירות לימונייד ללא סוכר 1.5 ליטר פיקדון,יפאורה - שותפות מוגבלת לשיווק,,שוופס מוגז פירות ללא,ליטרים,1.50,ליטר,false,,8.90,5.9333,true,1,195997
7290019056058,false,שוופס מוגז עדין תפוח ליים 1.5 ליטר פיקדון,יפאורה - שותפות מוגבלת לשיווק,,שוופס מוגז עדין תפוח,ליטרים,1.50,ליטר,false,,8.90,5.9333,true,1,195655
7290019056065,false,שוופס מוגז עדין פירות יער 1.5 ליטר פיקדון,יפאורה - שותפות מוגבלת לשיווק,,שוופס מוגז עדין פירו,ליטרים,1.50,ליטר,false,,8.90,5.9333,true,1,195671
7290019056072,false,שוופס מוגז עדין אננס 1.5 ליטר פיקדון,יפאורה - שותפות מוגבלת לשיווק,,שוופס מוגז עדין אננס,ליטרים,1.50,ליטר,false,,8.90,5.9333,true,1,195685
7290019056089,false,שוופס מוגז עדין ענבי ריזלינג 1.5 ליטר פיקדון,יפאורה - שותפות מוגבלת לשיווק,,שוופס מוגז עדין טעם,ליטרים,1.50,ליטר,false,,8.90,5.9333,true,1,195686
7290019056096,false,שוופס מוגז עדין אפרסק 1.5 ליטר פיקדון,יפאורה - שותפות מוגבלת לשיווק,,שוופס מוגז עדין אפרס,ליטרים,1.50,ליטר,false,,8.90,5.9333,true,1,195702
7290019056119,false,שוופס סודה 1.5 ליטר פיקדון,יפאורה שותפות מוגבלת לשיווק,,שוופס סודה 1.5ליטר,ליטרים,1.50,ליטר,false,,3.90,2.6000,true,1,195547
7290019056164,false,שוופס סודה 1.5 ליטר רביעייה פיקדון,יפאורה - שותפות מוגבלת לשיווק,,שוופס סודה 4*1.5ליטר,ליטרים,6.00,ליטר,false,,13.10,2.1833,true,1,195562
7290019056171,false,שוופס סודה לימון 1.5 ליטר רביעייה פיקדון,יפאורה - שותפות מוגבלת לשיווק,,שוופס סודה לימון 4*1,ליטרים,6.00,ליטר,false,,13.10,2.1833,true,1,195578
7290019056188,false,מארז רביעיית סודה בטעם נענע ליים 1.5 ל' שוופס,יפאורה - שותפות מוגבלת לשיווק,,שוופס סודה נענע ליים,ליטרים,6.00,ליטר,false,,13.10,2.1833,true,1,195592
7290019056201,false,מארז רביעיית סודה בטעם פירות יער 1.5 ל' שוופס,יפאורה - שותפות מוגבלת לשיווק,,שוופס פירות יער סודה,ליטרים,6.00,ליטר,false,,13.10,2.1833,true,1,195623
7290019056232,false,משקה מוגז בטעם ליים מוחיטו 1.5 ל' שוופס,יפאורה - שותפות מוגבלת לשיווק,,שוופס ליים מוחיטו 1.,ליטרים,1.50,ליטר,false,,9.50,6.3333,true,1,195703
7290019056249,false,שוופס מים בטעמים ענבים 1.5 ליטר פיקדון,יפאורה - שותפות מוגבלת לשיווק,,שוופס וואטר ענבים 1.,ליטרים,1.50,ליטר,false,,8.90,5.9333,true,1,195490
7290019056256,false,שוופס מים בטעמים תפוחים 1.5 ליטר פיקדון,יפאורה - שותפות מוגבלת לשיווק,,שוופס וואטר בטעם תפו,ליטרים,1.50,ליטר,false,,8.90,5.9333,true,1,195504
7290019056263,false,שוופס מים בטעמים אפרסק 1.5 ליטר פיקדון,יפאורה - שותפות מוגבלת לשיווק,,שוופס וואטר אפרסק 1.,ליטרים,1.50,ליטר,false,,8.90,5.9333,true,1,195505
7290019056270,false,שוופס מים בטעמים פירות יער 1.5 ליטר פיקדון,יפאורה - שותפות מוגבלת לשיווק,,שוופס וואטר פירות יע,ליטרים,1.50,ליטר,false,,8.90,5.9333,true,1,197552
7290019056294,false,שוופס ג'ינג'ר אייל 1.5 ליטר פיקדון,יפאורה - שותפות מוגבלת לשיווק,,שוופס ג'ינג'ר אייל 1,ליטרים,1.50,ליטר,false,,12.50,8.3333,true,1,196040
7290019056300,false,משקה בטעם ביטר לימון 1.5 ל' שוויפס,יפאורה - שותפות מוגבלת לשיווק,,שוופס ביטר לימון 1.5,ליטרים,1.50,ליטר,false,,12.50,8.3333,true,1,196041
7290019056317,false,משקה בטעם ראשן 1.5 ל' שוופס,יפאורה - שותפות מוגבלת לשיווק,,שוופס ראשן 1.5 ליטר,ליטרים,1.50,ליטר,false,,12.50,8.3333,true,1,196042
7290019056324,false,משקה בטעם טוניק 1.5 ל' שוופס,יפאורה - שותפות מוגבלת לשיווק,,שוופס מי טוניק 1.5 ל,ליטרים,1.50,ליטר,false,,12.50,8.3333,true,1,196043
7290019056331,false,שוופס טוניק ללא סוכר 1.5 ליטר פיקדון,יפאורה - שותפות מוגבלת לשיווק,,שוופס טוניק ללא סוכר,ליטרים,1.50,ליטר,false,,11.90,7.9333,true,1,196044
7290019056355,false,תפוזינה לימונדה מיקס לימונענע 1.5 ליטר,יפאורה - שותפות מוגבלת לשיווק,,תפוזינה לימונדה נענע,ליטרים,1.50,ליטר,false,,8.90,5.9333,true,1,195106
7290019056362,false,תפוזינה משקה קל ענבים 1.5 ליטר,יפאורה - שותפות מוגבלת לשיווק,,תפוזינה ענבים 1.5 לי,ליטרים,1.50,ליטר,false,,8.90,5.9333,true,1,195198
7290019056379,false,משקה קל תפוזינה 1.5 ליטר תפוזים,יפאורה - שותפות מוגבלת לשיווק,,תפוזינה תפוזים 1.5 ל,ליטרים,1.50,ליטר,false,,8.90,5.9333,true,1,195246
7290019056386,false,משקה קל תפוזינה 1.5 ליטר אשכוליות,יפאורה - שותפות מוגבלת לשיווק,,תפוזינה אשכוליות 1.5,ליטרים,1.50,ליטר,false,,8.90,5.9333,true,1,195247
7290019056393,false,משקה קל תפוזינה 1.5 ליטר תות בננה,יפאורה - שותפות מוגבלת לשיווק,,תפוזינה תות בננה 1.5,ליטרים,1.50,ליטר,false,,8.90,5.9333,true,1,195263
7290019056423,false,תפוזינה משקה קל תפוח רענן 1.5ליטר,יפאורה - שותפות מוגבלת לשיווק,,תפוזינה תפוח רענן 1.,ליטרים,1.50,ליטר,false,,8.90,5.9333,true,1,195306
7290019056508,false,פרוט ווטר ענבים 1.5 ליטר פיקדון,יפאורה - שותפות מוגבלת לשיווק,,פרוט ווטר ענבים 1.5,ליטרים,1.50,ליטר,false,,9.50,6.3333,true,1,195419
7290019056515,false,פרוט ווטר אננס 1.5 ליטר פיקדון,יפאורה - שותפות מוגבלת לשיווק,,פרוט ווטר אננס 1.5 ל,ליטרים,1.50,ליטר,false,,9.50,6.3333,true,1,195447
7290019056546,false,fruit water פרוט ווטר אבטיח 1.5 ליטר-,יפאורה - שותפות מוגבלת לשיווק,,פרוט ווטר אבטיח 1.5,ליטרים,1.50,ליטר,false,,9.50,6.3333,true,1,195476
7290019056553,false,שישיית מים מינרלים עין גדי 2 ליטר,יפאורה - שותפות מוגבלת לשיווק,,עין גדי מים מינרלים,ליטרים,12.00,ליטר,false,,13.30,1.1083,true,1,196194
7290019056560,false,עין גדי מים מינרלים בקבוק 2 ליטר,יפאורה שותפות מוגבלת לשיווק,,עין גדי מים מינרלים,ליטרים,2.00,ליטר,false,,3.50,1.7500,true,1,196195
7290019056577,false,ספרינג קל מנגו 1.5 ליטר פיקדון,יפאורה - שותפות מוגבלת לשיווק,,ספרינג מנגו 1.5 ליטר,ליטרים,1.50,ליטר,false,,8.90,5.9333,true,1,194967
7290019056584,false,משקה קל תפוזים ספרינג 1.5 ליטר,יפאורה - שותפות מוגבלת לשיווק,,ספרינג תפוזים 1.5 לי,ליטרים,1.50,ליטר,false,,8.90,5.9333,true,1,195010
7290019056591,false,משקה קל ענבים ספרינג 1.5 ליטר,יפאורה - שותפות מוגבלת לשיווק,,ספרינג ענבים 1.5 ליט,ליטרים,1.50,ליטר,false,,8.90,5.9333,true,1,195024
7290019056607,false,משקה קל תפוחים ספרינג 1.5 ליטר,יפאורה - שותפות מוגבלת לשיווק,,ספרינג תפוחים 1.5 לי,ליטרים,1.50,ליטר,false,,8.90,5.9333,true,1,195025
7290019056614,false,משקה קל אפרסק ספרינג 1.5 ליטר,יפאורה - שותפות מוגבלת לשיווק,,ספרינג אפרסק 1.5 ליט,ליטרים,1.50,ליטר,false,,8.90,5.9333,true,1,195026
7290019056621,false,משקה קל פירות טרופיים ספרינג 1.5 ליטר,יפאורה - שותפות מוגבלת לשיווק,,ספרינג פירות טרופיים,ליטרים,1.50,ליטר,false,,8.90,5.9333,true,1,195042
7290019056638,false,משקה קל ספרינג 1.5 ליטר תות בננה,יפאורה - שותפות מוגבלת לשיווק,,ספרינג תות בננה 1.5,ליטרים,1.50,ליטר,false,,8.90,5.9333,true,1,195043
7290019056645,false,משקה קל ספרינג 1.5 ליטר אגס תפוח סברס,יפאורה - שותפות מוגבלת לשיווק,,ספרינג אגס סברס תפוח,ליטרים,1.50,ליטר,false,,8.90,5.9333,true,1,195044
7290019056652,false,משקה קל ספרינג 1.5 ליטר אננס בננה,יפאורה - שותפות מוגבלת לשיווק,,ספרינג אננס בננה 1.5,ליטרים,1.50,ליטר,false,,8.90,5.9333,true,1,195087
7290019056669,false,משקה קל ספרינג 1.5 ליטר תפוחים דיאט,יפאורה - שותפות מוגבלת לשיווק,,ספרינג תפוחים דיאט 1,ליטרים,1.50,ליטר,false,,8.90,5.9333,true,1,195088
7290019056676,false,משקה קל אשכולית אננס דיאט ספרינג 1.5 ליטר,יפאורה - שותפות מוגבלת לשיווק,,ספרינג דיאט אשכוליות,ליטרים,1.50,ליטר,false,,8.90,5.9333,true,1,206529
7290019056737,false,משקה קל קריסטל (2 ליטר)אשכוליות,יפאורה - שותפות מוגבלת לשיווק,,קריסטל מיץ אשכוליות,ליטרים,2.00,ליטר,false,,7.90,3.9500,true,1,196059
7290019056805,false,משקה קל קריסטל (2 ליטר)מוגז תפוחים,יפאורה - שותפות מוגבלת לשיווק,,משקה מוגז קריסטל תפו,ליטרים,2.00,ליטר,false,,7.90,3.9500,true,1,196105
7290019056812,false,משקה קל קריסטל (2 ליטר)מוגז מנטה,יפאורה - שותפות מוגבלת לשיווק,,קריסטל מנטה 2 ליטר,ליטרים,2.00,ליטר,false,,7.90,3.9500,true,1,196119
7290019056836,false,משקה קל קריסטל (2 ליטר)מוגז תות,יפאורה - שותפות מוגבלת לשיווק,,תות קריסטל 2 ליטר,ליטרים,2.00,ליטר,false,,7.90,3.9500,true,1,196121
7290019056959,false,מי עדן בקבוק מתכווץ שקט 1.5 מ``ל,יפאורה - שותפות מוגבלת לשיווק,,מי עדן 1.5 ליטר,ליטרים,1.50,ליטר,false,,3.90,2.6000,true,1,206530
7290019056973,false,מי עדן שישיה בק `1.5ליטר פיקדון,יפאורה - שותפות מוגבלת לשיווק,,מי עדן 6*1.5 ליטר,ליטרים,9.00,ליטר,false,,12.90,1.4333,true,1,196151
7290019075899,false,קמיל בלו אקסטרה סופט אל סבון לתינוק 1 ליטר,"פישר תעשיות פרמצביטות בע""מ",,קמיל בלו אקסטרה סופט,ליטרים,1000.00,100 ליטר,false,,34.90,0.0349,true,1,286508
7290019153214,false,"פחית משקה מוגז מנטה 330 מ""ל שוופס",יפאורה - שותפות מוגבלת לשיווק,,שוופס פחית מנטה 330,מיליליטרים,330.00,"100 מ""ל",false,,4.50,0.0136,true,1,270677
7290019204305,false,חזה הודו פסטרמה ברביקיו 350 גר',קבוצת אוסם סחר שותפות מוגבלת,,פסטרמה ברביקיו עוף ט,גרמים,350.00,100 גרם,false,,26.90,0.0769,true,1,295099
7290019230014,false,חלה חיטה מלאה בייקרי,ספיישל בייקרי,,חלה קמח מלא ארוזה בי,גרמים,500.00,100 גרם,false,,15.90,0.0318,true,1,197730
7290019233008,false,רוטב עגבניות עם קוביות ארטישוק ושמן זית 420ג ויסוצקי,תה ויסוצקי (ישראל) בעמ,,רוטב עגבניות עם קובי,גרמים,420.00,100 גרם,false,,13.90,0.0331,true,1,289887
7290019233039,false,רוטב עגבניות עם קוביות פלפלים ושמן זית 420ג' ויסוצקי,תה ויסוצקי (ישראל) בעמ,,רוטב עגבניות לשקשוקה,גרמים,420.00,100 גרם,false,,13.90,0.0331,true,1,269916
7290019245001,false,שמן קנולה אלומות 1 ל,,,שמן קנולה אלומות 1 ל,ליטרים,1.00,ליטר,false,,10.90,10.9000,true,1,252199
7290019266143,false,פקאן מקולף 200 גר -,,,פקאן מקולף 200 גר -,גרמים,200.00,100 גרם,false,,29.90,0.1495,true,1,241321
7290019297451,false,מי ורדים 500 מל דין שיווק,דין שיווק וקליה 2021 בעמ,,מי ורדים שקדיה 500 מ,מיליליטרים,500.00,"100 מ""ל",false,,13.90,0.0278,true,1,4914
7290019297536,false,חמאת בוטנים עם שברי בוטנים שקדיה 510 גרם,דין שיווק וקליה 2021 בעמ,,חמאת בוטנים עם שברי,גרמים,510.00,100 גרם,false,,11.90,0.0233,true,1,4918
7290019297543,false,חמאת בוטנים 510 גר` דין שיווק,דין שיווק וקליה 2021 בעמ,,חמאת בוטנים שקדיה 51,גרמים,510.00,100 גרם,false,,9.90,0.0194,true,1,4919
7290019297628,false,שקד טבעי בשקית ששון הקולה 150 גרם,דין שיווק וקליה 2021 בעמ,,שקד טבעי 150 גרם ששו,גרמים,150.00,100 גרם,false,,13.90,0.0927,true,1,4925
7290019303800,false,פינוקיות שומשום עם שקדים וחמוציות 250 ג',אבאל יזמות בעמ,,פינוקיות שומשום שקדי,גרמים,220.00,100 גרם,false,,18.90,0.0859,true,1,305846
7290019308027,false,שעועית ירוקה שלמה עד,,,שעועית ירוקה שלמה עד,גרמים,800.00,100 גרם,false,,7.20,0.0090,true,1,310011
7290019308058,false,שעועית ירוקה חתוכה 800 גרם,,,שעועית ירוקה חתוכה 8,גרמים,800.00,100 גרם,false,,7.20,0.0090,true,1,282984
7290055090801,false,כרמית שוקולד לבן ללא תוספת סוכר 85 גרם,כרמית תעשיות ממתקים בעמ,,"חופשי שוקולד לבן לל""",גרמים,85.00,100 גרם,false,,6.90,0.0812,true,1,38829
7290100240632,false,קרקר פתית 200-300ג' 6 דגנים 250 גרם,"יוניליוור ישראל שיווק בע""מ",,פתית 6 דגנים תלמה 25,גרמים,250.00,100 גרם,false,,16.90,0.0676,true,1,10437
7290100243671,false,"מרכך כביסה מרוכז אקסטרה כחול בדין 960 מ""ל",יוניליוור ישראל שיווק בע`מ,,בדין אקסטרא כחול-960,מיליליטרים,960.00,"100 מ""ל",false,,14.90,0.0155,true,1,10449
7290100249598,false,רוטב לעוף בטעם שום ודבש קנור (320 גרם),יוניליוור ישראל שיווק בע`מ,,רוטב לעוף שום ודבש ב,גרמים,310.00,100 גרם,false,,12.90,0.0416,true,1,10498
7290100570234,false,אביזרי מטבח,,,אביזרי מטבח,יחידה,0.00,יחידה,false,,12.90,0.0000,true,1,34259
7290100572146,false,כ.סט מקפיאון,,,כ.סט מקפיאון,יחידה,0.00,יחידה,false,,24.90,0.0000,true,1,34266
7290100572702,false,אביזרי מטבח ב-11.00,,,אביזרי מטבח ב-11.00,יחידה,0.00,יחידה,false,,10.90,0.0000,true,1,34271
7290100573402,false,אביזרי מטבח,,,אביזרי מטבח,יחידה,0.00,יחידה,false,,14.90,0.0000,true,1,34274
7290100573716,false,שקית זילוף טרמיסו,,,אביזרי מטבח,יחידה,0.00,יחידה,false,,14.90,0.0000,true,1,34275
7290100659090,false,פרי חטיפים ללא גלוטן ותוספת סוכר מארז 5 תמרים וקינמון,טבעית מוצרים מן הטבע בעמ,,פרי חטיפים ללא סוכר,גרמים,100.00,100 גרם,false,,15.90,0.1590,true,1,21562
7290100680711,false,פירורית זהב אסם זהב 350ג',קבוצת אוסם סחר שותפות מוגבלת,,אסם פירורית זהב 350,גרמים,350.00,100 גרם,false,,9.90,0.0283,true,1,18807
7290100680728,false,פירורית רגילה שקית 350 גרם,קבוצת אוסם סחר שותפות מוגבלת,,פירורית רגילה שקית 3,גרמים,350.00,100 גרם,false,,7.90,0.0226,true,1,18808
7290100681015,false,אינסטנט פודינג בטעם ריבת חלב אסם 84 גרם,קבוצת אוסם סחר שותפות מוגבלת,,אסם פודינג אינסטנט ר,גרמים,84.00,100 גרם,false,,5.90,0.0702,true,1,18810
7290100681138,false,מארז אפרופו חטיף תירס 3 יחידות,קבוצת אוסם סחר שותפות מוגבלת,,אפרופו מאח 3*50 גר',גרמים,150.00,100 גרם,false,,12.90,0.0860,true,1,18812
7290100681503,false,עסיס סירופ לימונענע דיאטטי 1 ליטר,קבוצת אוסם סחר שותפות מוגבלת,,סירופ דיאט לימונענע,ליטרים,1.00,ליטר,false,,16.90,16.9000,true,1,18814
7290100683880,false,פירה אסם ללא צורך בבישול 260 גרם,קבוצת אוסם סחר שותפות מוגבלת,,פירה אסם 260 גרם,גרמים,260.00,100 גרם,false,,14.90,0.0573,true,1,18822
7290100685136,false,"אבקת מרק טעם עוף 1 ק""ג 1/8 אסם",קבוצת אוסם סחר שותפות מוגבלת,,מרק בטעם עוף אסם 1 ק,קילוגרמים,1.00,"ק""ג",false,,15.90,15.9000,true,1,18829
7290100685334,false,אבקת מרק עוף אמיתי בשרי רכיבים טבעיים אסם 400 גרם,קבוצת אוסם סחר שותפות מוגבלת,,מרק עוף מרכיבים טבעי,גרמים,400.00,100 גרם,false,,28.00,0.0700,true,1,18831
7290100685341,false,אבקת מרק טעם עוף זך רכיבים טבעיים אסם 400 גרם,קבוצת אוסם סחר שותפות מוגבלת,,מרק זך טעם עוף רכיבי,גרמים,400.00,100 גרם,false,,18.50,0.0463,true,1,18832
7290100685600,false,פירורית זהב אסם זהב חיטה מלאה 200ג',קבוצת אוסם סחר שותפות מוגבלת,,פירורית זהב חיטה מלא,גרמים,200.00,100 גרם,false,,8.50,0.0425,true,1,18835
7290100689301,false,אבקת מרק בטעם עוף זך עדיף אסם 400 גרם,קבוצת אוסם סחר שותפות מוגבלת,,מרק בטעם עוף זך אסם,גרמים,400.00,100 גרם,false,,13.90,0.0348,true,1,18850
7290100700020,false,גריסי פנינה סוגת (500 גרם),האי נאם סי או אל.טי.,,סוגת גריסי פנינה 500,גרמים,500.00,100 גרם,false,,6.90,0.0138,true,1,17345
7290100700242,false,אורז מלא עגול סוגת (1 קג),"סוגת תעשיות בע""\מ",,סוגת אורז מלא עגול 1,קילוגרמים,1.00,"ק""ג",false,,9.90,9.9000,true,1,17347
7290100700273,false,קינואה לבנה 500 ג סו,האי נאם סי או אל.טי.,,קינואה סוגת 500 גרם,גרמים,500.00,100 גרם,false,,14.90,0.0298,true,1,17349
7290100700334,false,קינואה לבנה 1 קג סוג,"סוגת תעשיות בע""מ",,סוגת קינואה 1קג,קילוגרמים,1.00,"ק""ג",false,,28.90,28.9000,true,1,17353
7290100700372,false,"אורז בסגנון בסמטי מלא 1 ק""ג",האי נאם סי או אל.טי.,,אורז בסמטי מלא 1 ק'ג,קילוגרמים,1.00,"ק""ג",false,,10.00,10.0000,true,1,17355
7290100700389,false,"אורז אדום סוגת 1 ק""ג","סוגת תעשיות בע""\מ",,אורז אדום 1 ק'ג,קילוגרמים,1.00,"ק""ג",false,,12.90,12.9000,true,1,17356
7290100700396,false,"אורז יסמין קלאסי סוגת 1 ק""ג",האי נאם סי או אל.טי.,,סוגת אורז יסמין קלאס,קילוגרמים,1.00,"ק""ג",false,,12.90,12.9000,true,1,17357
7290100700402,false,"חומוס ענק סוגת 1 ק""ג",סוגת תעשיות בעמ,,חומוס ענק 1 ק'ג,קילוגרמים,1.00,"ק""ג",false,,19.90,19.9000,true,1,17358
7290100700563,false,אורז מיקס קלאסי סוגת (1 קג),סוגת תעשיות בעמ,,אורז מיקס קלאסי 1 ק',קילוגרמים,1.00,"ק""ג",false,,12.90,12.9000,true,1,17362
7290100700587,false,"בורגול ""סוגת"" 500 גרם",האי נאם סי או אל.טי.,,סוגת בורגול 500 גר,גרמים,500.00,100 גרם,false,,6.90,0.0138,true,1,17363
7290100701157,false,אורז להכנת סושי סוגת (1 קג),"סוגת תעשיות בע""\מ",,אורז סושי 1 קג,קילוגרמים,1.00,"ק""ג",false,,11.90,11.9000,true,1,17366
7290100701300,false,קינואה אדומה סוגת (500 גרם),"סוגת תעשיות בע""\מ",,סוגת קינואה אדומה 50,גרמים,500.00,100 גרם,false,,14.90,0.0298,true,1,17367
7290100701386,false,קמח לחלה 1קג סוגת נייר,"שטיבל בע""מ",,"קמח לחלה סוגת 1 ק""ג",קילוגרמים,1.00,"ק""ג",false,,6.90,6.9000,true,1,17372
7290100701577,false,קמח לחם קמח חיטה לבן שטיבל,טחנות קמח שטיבל באר שבע,,קמח לחם מועשר בויטמי,קילוגרמים,1.00,"ק""ג",false,,6.90,6.9000,true,1,17376
7290100701874,false,"קמח כוסמין מלא סוגת 1 ק""ג",טחנות קמח שטיבל באר,,"קמח כוסמין סוגת 1 ק""",קילוגרמים,1.00,"ק""ג",false,,14.00,14.0000,true,1,17380
7290100701881,false,קמח פיצה ופוקצ'ה- קמח חיטה לבן בהיר שטיבל,"שטיבל בע""\מ - טחנת קמח",,קמח פיצה ופוקצה סוגת,קילוגרמים,1.00,"ק""ג",false,,6.90,6.9000,true,1,17381
7290100702277,false,סוגת קוסקוס עבה 350 גרם,"אסיף תעשיות מזון בע""",,קוסקוס עבה סוגת 350,גרמים,350.00,100 גרם,false,,4.90,0.0140,true,1,17387
7290100702383,false,"קמח תופח 1 ק""ג]סוגת[","שטיבל בע""\מ - טחנות קמח",,"קמח תופח סוגת 1 ק""ג",קילוגרמים,1.00,"ק""ג",false,,6.90,6.9000,true,1,17391
7290100702611,false,פתיתים אפויים אורז 500 גרם סוגת,"אסיף תעשיות מזון בע""\מ",,פתיתים אפויים אורז ס,גרמים,500.00,100 גרם,false,,4.90,0.0098,true,1,17400
7290100702741,false,"סוכר חום בהיר צנצנת 1ק""ג מהדורה מוגבלת",סוגת תעשיות בעמ,,סוכר חום בהיר בצנצנת,קילוגרמים,1.00,"ק""ג",false,,12.90,12.9000,true,1,17411
7290100702994,false,סוכר דמררה קלאסי בשקית סוגת 500 גרם,"סוגת תעשיות בע""מ",,סוכר דמררה בשקית סוג,גרמים,500.00,100 גרם,false,,5.90,0.0118,true,1,17429
7290100703564,false,"פתיתי שיבולת שועל עבה 500 גרם ""סוגת""",סוגת תעשיות בעמ,,שיבולת שועל עבה סוגת,גרמים,500.00,100 גרם,false,,6.90,0.0138,true,1,17454
7290100703922,false,פופקורן להכנה במיקרוגל בטעם טבעי - מארז 6 שקיות,סוגת תעשיות בעמ,,מארז פופקורן למיקרוג,גרמים,540.00,100 גרם,false,,12.90,0.0239,true,1,17470
7290100704141,false,סוגת אבקת סודה לשתיה 100 גר`,א.ל. ייצור ושיווק תב,,סוגת סודה לשתייה 100,גרמים,100.00,100 גרם,false,,2.90,0.0290,true,1,17480
7290100704615,false,סוכר לבן דק דק בצנצנת סוגת 500 גרם,"סוגת תעשיות בע""\מ",,סוכר לבן דק דק בצנצנ,גרמים,500.00,100 גרם,false,,7.90,0.0158,true,1,192666
7290100704622,false,סוכר דמררה דק דק בצנצנת סוגת 500 גרם,"סוגת תעשיות בע""\מ",,סוכר דמררה דק דק בצנ,גרמים,500.00,100 גרם,false,,7.90,0.0158,true,1,192652
7290100850909,false,חטיף תירס נאצ`ו מקסיקני דוריטוס (70 גרם),"שטראוס פריטו ליי בע""\מ",,דוריטוס נאצו מקסיקני,גרמים,70.00,100 גרם,false,,3.90,0.0557,true,1,24172
7290100850916,false,דוריטוס חמוץ חריף מעודן 70 גרם כשר לפסח,"שטראוס פריטו ליי בע""\מ )",,דוריטוס חמוץ חריף 70,גרמים,70.00,100 גרם,false,,3.90,0.0557,true,1,24173
7290100850923,false,חטיף תירס גריל דוריטוס (70 גרם),"שטראוס פריטו ליי בע""\מ )",,דוריטוס גריל 70 גרם,גרמים,70.00,100 גרם,false,,3.90,0.0557,true,1,24174
7290100850930,false,חטיף תירס בטעם טבעי דוריטוס (70 גרם),"שטראוס פריטו ליי בע""\מ )",,דוריטוס טבעי 70 גרם,גרמים,70.00,100 גרם,false,,3.90,0.0557,true,1,24175
7290100858592,false,אבקת קקאו עלית שקית 150 ג',הנסיך- מפעל לייצור ט,,עלית קקאו 150ג,גרמים,150.00,100 גרם,false,,10.50,0.0700,true,1,22358
7290100858608,false,עלית אבקת קקאו כשלפ 500 גרם,שטראוס קפה בי.ויn\.,,עלית קקאו 500ג,גרמים,500.00,100 גרם,false,,27.10,0.0542,true,1,22359
7290100921401,false,"שמפו הוואי מועשר בקרטין 700מ""ל",טרופיקל דגיל,,שמפו קרטין מחזק הווא,מיליליטרים,700.00,"100 מ""ל",false,,9.90,0.0141,true,1,8136
7290100921418,false,מרכך מועשר בקרטין הוואי (700 מל),תאי פרזידנט פוד פאבל,,מרכך קרטין מחזק הווא,מיליליטרים,700.00,"100 מ""ל",false,,9.90,0.0141,true,1,8137
7290100921623,false,מנקה אסלה סוד 4 כדוריות נתלה אקונומיקה נתלה 50 ג',גורי שיווק בעמ,,סוד סבון 4 כדוריות ל,גרמים,50.00,100 גרם,false,,9.90,0.1980,true,1,34944
7290100921760,false,שמפו לשיער ולגוף ספורט הוואי (700 מל),טרופיקל דגיל בעמ,,שמפו ספורט לשיער ולג,מיליליטרים,700.00,"100 מ""ל",false,,9.90,0.0141,true,1,8145
7290100922569,false,קרם לטיפוח עוד הידיים והגוף- מארז שלישייה,טרופיקל דגיל,,80*3 ולוטה קרם ידיים,מיליליטרים,300.00,"100 מ""ל",false,,19.90,0.0663,true,1,8162
7290100922651,false,הוואי - סבון מוצק מי קוקוס 100 גרם רביעייה,טרופיקל דגיל קוסמטיק,,סבון מוצק מי קוקוס ה,גרמים,400.00,100 גרם,false,,11.90,0.0298,true,1,8167
7290100924204,false,"פרסיל אבקה לכביסה רגיל 8 ק""ג",גורי שיווק בעמ,,פרסיל אבקת כביסה 8 ק,קילוגרמים,8.00,"ק""ג",false,,55.90,6.9875,true,1,34952
7290100924457,false,שלישיית כדוריות סבון לאסלה לימון סוד 50 גרם,גורי שיווק בעמ,,סוד סבון 4 כדוריות ל,גרמים,150.00,100 גרם,false,,19.90,0.1327,true,1,34957
7290100925676,false,קולור קאצר 20 דפים לוכדי צבע למכונת כביס,גורי שיווק בעמ,,קולור קאצ'ר 20 דפים,יחידה,0.00,יחידה,false,,22.90,0.0000,true,1,35006
7290101110811,false,מאגדת גלידל וניל מצופה סורבה פסיפלורה[8],פלקו בעמ חברה ישראלית,,גלידל מאגדת בטעם פסי,גרמים,600.00,100 גרם,false,,31.90,0.0532,true,1,36059
7290101111764,false,חטיף קראש בוטנים וקרמל,פלקו בעמ חברה ישראלית,,חטיף קראש בוטנים וקר,גרמים,80.00,100 גרם,false,,6.90,0.0863,true,1,193686
7290101112228,false,מאגדת פופסיקל גלידל פרי אננס 8 יח`,פלקו בעמ חברה ישראלית,,פופסיקל בטעם אננס 8,גרמים,640.00,100 גרם,false,,24.90,0.0389,true,1,36065
7290101112464,false,שלגון אייס ונילה - חלבי פלדמן,,,גרניטה חלבי אייס וני,גרמים,80.00,100 גרם,false,,2.50,0.0313,true,1,193702
7290101112921,false,"גלידל פרי פירות טרופים לל""ס 8 יחידות",פלקו בעמ חברה ישראלית,,פופסיקל בטעם פירות ט,גרמים,640.00,100 גרם,false,,24.90,0.0389,true,1,36076
7290101113287,false,שלגון מילקבר לבן 85,פלקו בעמ חברה ישראלית,,שלגון מילקבר לבן 85,גרמים,85.00,100 גרם,false,,6.50,0.0765,true,1,193658
7290101113591,false,מאגדת טילונים יולי 5 יחידות שוקולד לבן ועוגיות,פלקו בעמ חברה ישראלית,,מאגדת טילון YOLO בט,גרמים,400.00,100 גרם,false,,24.90,0.0622,true,1,134769
7290101113638,false,מאגדת סנקור שוקו וניל שמינייה,פלקו בעמ חברה ישראלית,,מאגדת סנקור ארוך 8 י,גרמים,560.00,100 גרם,false,,31.90,0.0570,true,1,134795
7290101113751,false,מאגדת שלגון קרמל ושוקולד בלונדי רביעיה * 50 ג' יולו,פלקו בעמ חברה ישראלית,,מאגדת רביעייה שלגון,גרמים,200.00,100 גרם,false,,20.90,0.1045,true,1,233744
7290101113768,false,מאגדת שלגון עוגיות ושוקולד חלב רביעיה * 50 ג' יולו,פלקו בעמ חברה ישראלית,,מאגדת רביעייה שלגון,גרמים,200.00,100 גרם,false,,20.90,0.1045,true,1,233745
7290101113805,false,מאגדת (5) יופלה שייק פרי תות 70 אחוז פרי 350 גרם,פלקו בעמ חברה ישראלית,,מאגדת יופלה שייק פרי,גרמים,350.00,100 גרם,false,,21.90,0.0626,true,1,231461
7290101113829,false,מאגדת (5) יופלה שייק פרי מנגו 70 אחוז פרי 350 גרם,פלקו בעמ חברה ישראלית,,מאגדת ופלה שייק פרי,גרמים,350.00,100 גרם,false,,21.90,0.0626,true,1,231447
7290101459880,false,נרות אותיות- יום הול,,,נרות אותיות- יום הול,יחידה,0.00,יחידה,false,,9.90,0.0000,true,1,32475
7290101486688,false,חטיף דגנים עם שוקולד ללא גלוטן וסוכר פרי 5*20 גרם,טבעית מוצרים מן הטבע בעמ,,פרי חטיפי בריאות מאר,גרמים,100.00,100 גרם,false,,15.90,0.1590,true,1,21565
7290101551027,false,קפסולות קפה אספרסו חזק במיוחד 14 עלית 10 יח',הנסיך- מפעל לייצור ט,,קפסולות אספרסו 14 למ,גרמים,50.00,100 גרם,false,,17.90,0.3580,true,1,22366
7290101551263,false,סילאן טבעי 700 גרם יד מרדכי,"שטראוס גרופ בע""מ",,סילאן טבעי יד מרדכי,גרמים,700.00,100 גרם,false,,20.90,0.0299,true,1,22368
7290101551300,false,סילאן טבעי ללא תוספת סוכר בקבוק לחיץ,מכוורת יד מרדכי שטראוס ב,,סילאן טבעי לחיץ יד מ,גרמים,380.00,100 גרם,false,,14.90,0.0392,true,1,22369
7290101551539,false,יוגורט PRO בטעם אפרסק 0% 20 גרם חלבון בגביע,שטראוס גרופ בעמ/מצונן,,דנונה פרו 20 אפרסק 2,גרמים,200.00,100 גרם,false,,5.90,0.0295,true,1,23390
7290101551584,false,תפוצ'יפס קידס מארז 10 יח' * 20 ג',"שטראוס פריטו ליי בע""מ )פ",,מארז תפוצ'יפס קידס 1,גרמים,200.00,100 גרם,false,,13.90,0.0695,true,1,24180
7290101551638,false,חטיף צ'יטוס כאפה בטעם קטשופ - מארז 10 יח',"שטראוס פריטו ליי בע""מ )פ",,מארז צ'יטוס כאפה 10*,גרמים,200.00,100 גרם,false,,12.90,0.0645,true,1,24184
7290101864127,false,ספריי להסרת כתמים וניש קליה (750 מל),רקיט בנקיזר (ניר איסט) בעמ,,קליה אוקסי ספריי 750,מיליליטרים,750.00,"100 מ""ל",false,,16.90,0.0225,true,1,20899
7290101866633,false,וניש קליה גל להסרת כתמים 3 ליטר אוקסיפרש,רקיט בנקיזר (ניר איסט) בעמ,,וניש קליה ג'ל 3 ליטר,ליטרים,3.00,ליטר,false,,29.90,9.9667,true,1,20912
7290101866787,false,וניש קליה נוזל מסיר כתמים לכביסה לבנה 3 ליטר,רקיט בנקיזר (ניר איסט) בעמ,,וניש נוזל מסיר כתמים,ליטרים,3.00,ליטר,false,,29.90,9.9667,true,1,20915
7290101868958,false,פיניש נוזל הברקה למדיח בניחוח לימון,רקיט בנקיזר (ניר איסט) בעמ,,פיניש נוזל הברקה לימ,מיליליטרים,800.00,"100 מ""ל",false,,24.90,0.0311,true,1,20938
7290101869726,false,ג'ל מרוכז למדיח הכל ב-1 פיניש 1 ליטר,רקיט בנקיזר (ניר איסט) בעמ,,ג'ל 1 ליטר AIO פיניש,ליטרים,1.00,ליטר,false,,43.90,43.9000,true,1,20949
7290101869832,false,"אירוויק מילוי מבשם אויר חשמלי חלום ליל קיץ 19 מ""ל",רקיט בנקיזר (ניר איסט) בעמ,,איירוויק מילוי מבשם,יחידה,0.00,יחידה,false,,18.90,0.0000,true,1,20960
7290101999720,false,נרות מטה לבבות פו,,,נרות מטה לבבות פו,יחידה,0.00,יחידה,false,,7.50,0.0000,true,1,32809
7290102030330,false,תפוצ`יפס אקסטרא מקסיקני 200 גרם +20 תו,"שטראוס פריטו ליי בע""\מ )",,תפוצ'יפס קראנץ מקסיק,גרמים,200.00,100 גרם,false,,9.90,0.0495,true,1,24193
7290102031276,false,מארז 8 יחידות אקטימל משקה יוגורט בטעם תות בננה,שטראוס גרופ בעמ/מצונן,,אקטימל תות בננה 8*10,מיליליטרים,800.00,"100 מ""ל",false,,19.90,0.0249,true,1,23411
7290102032334,false,אבקה להכנת משקה קפה בטעם וניל,"שטראוס גרופ בע""מ",,קפה נמס עלית בטעם ונ,גרמים,200.00,100 גרם,false,,22.90,0.1145,true,1,22372
7290102390427,false,יוגורט ביו עם קציפת תות 3% שומן 150 ג' מולר,החברה המרכזית טלהפצת משקאות בע,,מולר פרופ תות 3% 150,גרמים,150.00,100 גרם,false,,5.50,0.0367,true,1,6437
7290102390465,false,יוגורט ביו עם קציפת אפרסק ופסיפלורה 3% שומן 150 ג' מולר,החברה המרכזית טלהפצת משקאות בע,,מולר פרופ אפרסק פסיפ,גרמים,150.00,100 גרם,false,,5.50,0.0367,true,1,6438
7290102390489,false,יוגורט ביו עם קציפת לימון 3% שומן 150 ג' מולר,*החברה המרכזית להפצת משקאותבעמ,,מולר פרופ לימון 3% 1,גרמים,150.00,100 גרם,false,,5.50,0.0367,true,1,6440
7290102391844,false,יוגורט ביו עם קציפת פירות יער3% שומן 150 ג' מולר,החברה המרכזית טלהפצת משקאות בע,,מולר פרופ לבן+קציפת,גרמים,150.00,100 גרם,false,,5.50,0.0367,true,1,6447
7290102392049,false,גבינה לאפיה תבור ללא תוספת מלח 5% משק צוריאל 500 גרם,החברה המרכזית טלהפצת משקאות בע,,צוריאל תבור 5% 500ג,גרמים,500.00,100 גרם,false,,23.90,0.0478,true,1,6449
7290102392094,false,חלב עיזים 3.7% בקרטון משק צוריאל 1 ליטר,החברה המרכזית טלהפצת משקאות בע,,צוריאל חלב עיזים 1ל,ליטרים,1.00,ליטר,false,,15.50,15.5000,true,1,6450
7290102392254,false,"חלב בקרטון 1% 2 ליטר בד""צ - מוצר בפיקוח",*החברה המרכזית להפצת משקאותבעמ,,טרה חלב 1% 2ל,ליטרים,2.00,ליטר,false,,11.72,5.8600,true,1,6453
7290102393169,false,"יוגורט סימפלי פרוט בטעם תות 3% מולר 150 מ""ל",*החברה המרכזית להפצת משקאותבעמ,,מולר סימפלי פרוט תות,גרמים,150.00,100 גרם,false,,4.90,0.0327,true,1,6473
7290102393176,false,סימפלי פרוט יוגורט אפרסק 3% שומן 150 ג' מולר,*החברה המרכזית להפצת משקאותבעמ,,מולר סימפלי פרוט אפר,גרמים,150.00,100 גרם,false,,4.90,0.0327,true,1,6474
7290102393268,false,"גבינה לבנה 5% שומן, רכיבים טבעיים 750 גרם",*החברה המרכזית להפצת משקאותבעמ,,טרה גבינה לבנה אריזת,גרמים,750.00,100 גרם,false,,14.90,0.0199,true,1,6476
7290102394258,false,גליל גבינת עיזים מה עז 9% משק צוריאל 180 גרם,*החברה המרכזית להפצת משקאותבעמ,,צוריאל מה עז 9% 180ג,גרמים,180.00,100 גרם,false,,20.90,0.1161,true,1,6487
7290102394463,false,נעם גבינה צהובה פרוסה ואקום 28% טרה 500 גרם,החברה המרכזית טלהפצת משקאות בע,,נעם גבינה צהובה וואק,גרמים,500.00,100 גרם,false,,24.90,0.0498,true,1,6494
7290102394821,false,גבינה צהובה 28% דק דק לפתיחה חוזרת 200,החברה המרכזית טלהפצת משקאות בע,,נעם גבינה צהובה דק ד,גרמים,200.00,100 גרם,false,,14.90,0.0745,true,1,6498
7290102394845,false,נעם גבינה צהובה לייט פרוסה דק דק 9% טרה 200 גרם,*החברה המרכזית להפצת משקאותבעמ,,נעם גבינה צהובה דק ד,גרמים,200.00,100 גרם,false,,14.90,0.0745,true,1,6499
7290102395217,false,"יוגורט ביאנקו 2% במתיקות מעודנת מולר 1.2 ק""ג",החברה המרכזית טלהפצת משקאות בע,,מולר ביאנקו במתיקות,קילוגרמים,1.20,"ק""ג",false,,18.90,15.7500,true,1,6506
7290102395224,false,שמיניית יוגורט ביו ביאנקו 1.7% מולר 150 גרם,*החברה המרכזית להפצת משקאותבעמ,,מולר נטורל 1.7% 8*15,קילוגרמים,1.20,"ק""ג",false,,15.90,13.2500,true,1,6507
7290102395231,false,שמיניית יוגורט ביו ביאנקו 2.8% מולר 150 גרם,*החברה המרכזית להפצת משקאותבעמ,,מולר נטורל 2.8% 8*15,קילוגרמים,1.20,"ק""ג",false,,15.90,13.2500,true,1,6508
7290102395262,false,מארז 8 גביעים יוגורט בטעם תות שדה ואפרסק 3% Simply Fruit,החברה המרכזית טלהפצת משקאות בע,,מולר תות שדה ואפרסק,קילוגרמים,1.20,"ק""ג",false,,30.90,25.7500,true,1,6509
7290102395378,false,נעם גבינה צהובה פרוסה ואקום 28% טרה 360 גרם,*החברה המרכזית להפצת משקאותבעמ,,נעם גבינה צהובה ואקו,גרמים,360.00,100 גרם,false,,19.90,0.0553,true,1,6511
7290102395439,false,מארז 8 גביעים יוגורט בטעם פירות יער וקיווי 3% Simply Fruit,*החברה המרכזית להפצת משקאותבעמ,,מולר סימפלי פירות יע,קילוגרמים,1.20,"ק""ג",false,,30.90,25.7500,true,1,6513
7290102395446,false,מעדן חלב בטעם וניל עם קצפת 123 ג' טרה,*החברה המרכזית להפצת משקאותבעמ,,מוו וניל קצפת 123מל,מיליליטרים,123.00,"100 מ""ל",false,,2.90,0.0236,true,1,6514
7290102395477,false,מעדן חלב בטעם שוקולד עם קצפת 123 ג' טרה,*החברה המרכזית להפצת משקאותבעמ,,מוו שוקולד קצפת 123מ,מיליליטרים,123.00,"100 מ""ל",false,,2.90,0.0236,true,1,6517
7290102395521,false,"שמנת לבישול 15% שומן 500 מ""ל טרה",החברה המרכזית טלהפצת משקאות בע,,טרה שמנת לבישול 15%+,מיליליטרים,500.00,"100 מ""ל",false,,16.50,0.0330,true,1,6518
7290102396399,false,מארז 8 יחידות מעדן חלב בטעם שוקולד 1.5%,*החברה המרכזית להפצת משקאותבעמ,,מוו מעדן שוקולד 100*,גרמים,800.00,100 גרם,false,,12.90,0.0161,true,1,6535
7290102396405,false,מארז 8 יחידות מעדן חלב בטעם וניל 1.5%,החברה המרכזית טלהפצת משקאות בע,,מוו מעדן וניל 100*8,גרמים,800.00,100 גרם,false,,12.90,0.0161,true,1,6536
7290102396665,false,צהובה פרוסות דקדק פתח סגור 15% 200 גר`,*החברה המרכזית להפצת משקאותבעמ,,גבנ`צ דקדק פתח סגור,גרמים,200.00,100 גרם,false,,14.90,0.0745,true,1,6548
7290102396672,false,גבינה צהובה נעם דק דק 9% פתח סגור 360 ג,*החברה המרכזית להפצת משקאותבעמ,,נעם צהובה דק דק 9% 3,גרמים,360.00,100 גרם,false,,24.90,0.0692,true,1,6549
7290102396740,false,מארז 8 גביעים יוגורט בטעם תות שדה ואפרסק 0% Simply Fruit,החברה המרכזית טלהפצת משקאות בע,,מולר סימפלי פרוט 0%,קילוגרמים,1.20,"ק""ג",false,,30.90,25.7500,true,1,6554
7290102397204,false,גבינה צהובה נעם דק דק פתח סגור 200 גר,*החברה המרכזית להפצת משקאותבעמ,,נעם צהובה דק דק 22%,גרמים,200.00,100 גרם,false,,15.90,0.0795,true,1,6575
7290102397464,false,יוגורט ביו בתוספת גרעינים אגוזים וחמוציות 170 ג' מולר,החברה המרכזית טלהפצת משקאות בע,,מולר יוגורט נטורל +,גרמים,150.00,100 גרם,false,,5.90,0.0393,true,1,6590
7290102397600,false,מיקס יוגורט בתוספת שקדים ובוטנים מקורמלים 170 ג' מולר,החברה המרכזית טלהפצת משקאות בע,,מולר מיקס שקדים ובוט,גרמים,168.00,100 גרם,false,,5.90,0.0351,true,1,6600
7290102397617,false,יוגורט ביו קרמי עם כדורים מצופים שוקולד חום לבן,*החברה המרכזית להפצת משקאותבעמ,,מולר מיקס קליק 168 ג,גרמים,168.00,100 גרם,false,,5.90,0.0351,true,1,6601
7290102397679,false,קוטג' וחצי טרה 5% מרכיבים טבעיים,*החברה המרכזית להפצת משקאותבעמ,,קוטג' וחצי 5% 375 גר,גרמים,375.00,100 גרם,false,,7.90,0.0211,true,1,6604
7290102397730,false,פרוסות גבינה אמנטל חצי קשה 30% שומן 200 ג' נעם,*החברה המרכזית להפצת משקאותבעמ,,גבינת אמנטל נעם פתיח,גרמים,200.00,100 גרם,false,,16.90,0.0845,true,1,6609
7290102397747,false,פרוסות גבינת מוצרלה נעם מחלב בקר 22%,*החברה המרכזית להפצת משקאותבעמ,,מוצרלה נעם רכיבים ט,גרמים,200.00,100 גרם,false,,18.90,0.0945,true,1,6610
7290102397891,false,גבינה ניו יורק מותכת %16 4*25 גרם,החברה המרכזית טלהפצת משקאות בע,,רביעייה גבינה מותכת,גרמים,100.00,100 גרם,false,,7.50,0.0750,true,1,6617
7290102398065,false,חלב טרה בקרטון 2 ליטר מהדרין 3% - מוצר בפיקוח,*החברה המרכזית להפצת משקאותבעמ,,טרה חלב קרטון 3% מהד,יחידה,0.00,יחידה,false,,12.46,0.0000,true,1,6626
7290102398553,false,משקה שוקו בקבוק 1.5 ליטר בבקבוק,*החברה המרכזית להפצת משקאותבעמ,,שוקו טרה בבקבוק 1.5,ליטרים,1.50,ליטר,false,,16.90,11.2667,true,1,6659
7290102398560,false,משקה שוקו מועשר בבקבוק 1 ליטר טרה,החברה המרכזית טלהפצת משקאות בע,,שוקו טרה מועשר בבקבו,ליטרים,1.00,ליטר,false,,11.90,11.9000,true,1,6660
7290102398577,false,משקה חלב בטעם שוקו 2% בבקבוק אישי,החברה המרכזית טלהפצת משקאות בע,,שוקו טרה מועשר בבקבו,מיליליטרים,250.00,"100 מ""ל",false,,5.50,0.0220,true,1,6661
7290102398669,false,משקה חלב אייס קפוצ'ינו טרה 1 ליטר,החברה המרכזית טלהפצת משקאות בע,,אייס קפוצ'ינו מווו ט,ליטרים,1.00,ליטר,false,,11.90,11.9000,true,1,78920
7290102399048,false,פרוסות גבינת קשקבל נעם 200 ג' טרה,*החברה המרכזית להפצת משקאותבעמ,,קשקבל נעם פתיחה חוזר,גרמים,200.00,100 גרם,false,,21.90,0.1095,true,1,6680
7290102399796,false,מעדן יוגורט לבן מועשר בחלבון 200 ג' מולר אקטיב,*החברה המרכזית להפצת משקאותבעמ,,יוגורט חלבון לבן 250,גרמים,200.00,100 גרם,false,,6.90,0.0345,true,1,73303
7290103124601,false,"תחליב רחצה נוזל חלב ודבש משאבה 750מ""ל פלמוליב",הנסיך- מפעל לייצור ט,,תחליב רחצה חלב ודבש,מיליליטרים,750.00,"100 מ""ל",false,,19.90,0.0265,true,1,21593
7290103401429,false,קפה קצב ברזילאי אוריגינס 200 גר,הנסיך- מפעל לייצור ט,,קפה אוריגינס קצב ברז,גרמים,200.00,100 גרם,false,,27.90,0.1395,true,1,22386
7290103404758,false,סלט כרוב אדום במיונז אחלה 120 גרם,שטראוס גרופ בעמ/מצונן,,אחלה כרוב אדום 120ג,גרמים,120.00,100 גרם,false,,5.50,0.0458,true,1,23419
7290103700225,false,רדיד אלומניום רוחב 45 עובי 14 מיקרון,שניב תעשיות,,טאצ רדיד אלומיניום ר,יחידה,0.00,יחידה,false,,17.90,0.0000,true,1,24451
7290103700386,false,טאצ כריות יפניות מארז שישיה,שניב תעשיות נייר בעמ,,טאצ' כריות יפניות 6י,יחידה,0.00,יחידה,false,,9.90,0.0000,true,1,24453
7290103700539,false,נייר טואלט חתוך טאצ' עשירייה,,,נייר טואלט חתוך שניב,יחידה,0.00,יחידה,false,,14.90,0.0000,true,1,61055
7290103700997,false,נייר טואלט לובלי 40 גלילים,שניב תעשיות נייר בעמ,,לאבלי נייר טואלט 40,מטרים,716.00,מטר,false,,41.90,0.0585,true,1,24458
7290103701130,false,"מארז מטליות מייקרופייבר לניקוי כללי ""טאצ'""",שניב,,טאצ מטליות מקרופייבר,יחידה,0.00,יחידה,false,,14.90,0.0000,true,1,24463
7290103701147,false,טאצ' רדיד אלומיניום 200 מטר,שניב תעשיות,,טאצ רדידי אלומיניום,מטרים,60.90,מטר,false,,35.90,0.5895,true,1,24464
7290103702212,false,ממחטות כיס טאצ`מארז 10 יח,שניב תעשיות נייר בעמ,,טאצ ממחטות כיס,יחידה,0.00,יחידה,false,,6.90,0.0000,true,1,24470
7290103702229,false,טאצ מפות שולחן שמינייה עבות במיוחד,שניב תעשיות נייר בעמ,,טאצ מפות עבות במיוחד,יחידה,0.00,יחידה,false,,9.90,0.0000,true,1,24471
7290103702236,false,טאצ מפות שולחן שישייה עבות במיוחד,שניב תעשיות נייר בעמ,,טאצ מפות עבות במיוחד,יחידה,0.00,יחידה,false,,9.90,0.0000,true,1,24472
7290103702304,false,טאצ`אשפתון עבה במיוחד 35יח בגליל 90*7,שניב תעשיות נייר בעמ,,טאצ אשפתון בגליל 35,יחידה,0.00,יחידה,false,,15.90,0.0000,true,1,24477
7290103702779,false,מפיות שולחן איכותיות 150 יח',שניב תעשיות נייר בעמ,,מפיות אירוח טאצ` 15,יחידה,0.00,יחידה,false,,8.90,0.0000,true,1,24487
7290103703370,false,טאצ מגבוני טואלט לחים מארז שלישייה,שניב תעשיות נייר בעמ,,טאצ' מגבוני נייר טוא,יח',3.00,יח',false,,15.90,5.3000,true,1,24494
7290103703738,false,טאצ מפות עבות במיוחד 45מטר בגליל.,שניב תעשיות נייר בעמ,,טאצ' מפות עבות במיוח,מטרים,45.00,מטר,false,,30.90,0.6867,true,1,24499
7290103703745,false,טאצ מפות עבות 45 מטר בגליל,שניב תעשיות נייר בעמ,,טאצ' מפות עבות 45 מט,מטרים,45.00,מטר,false,,18.90,0.4200,true,1,24500
7290103704162,false,נייר טואלט טאצ' 32 גלילים מהדורה 2021,שניב תעשיות נייר בעמ,,נייר טואלט טאצ' 32 ג,יח',0.00,יח',false,,31.90,0.0000,true,1,132764
7290103704179,false,מגבות מטבח טאץ`8יח מהדורת 2021,שניב תעשיות נייר בעמ,,מגבות נייר 8 גלילים,מטרים,83.00,מטר,false,,14.90,0.1795,true,1,154436
7290103704186,false,מגבות מטבח כפול טאצ`מהדורת 2021 6 יחידות,שניב תעשיות נייר בעמ,,מגבות טאצ' גליל כפול,יחידה,0.00,יחידה,false,,19.90,0.0000,true,1,215527
7290103704193,false,מגבות מטבח 8 יח כפול טאצ`מהדורת2021,שניב תעשיות נייר בעמ,,מגבות טאצ' גליל כפול,יחידה,0.00,יחידה,false,,24.90,0.0000,true,1,215541
7290103704575,false,נייר טואלט טאצ' פרימיום 48 גלילים,שניב תעשיות נייר בעמ,,נייר טואלט טאצ' 48 י,יחידה,0.00,יחידה,false,,39.90,0.0000,true,1,132778
7290103704698,false,טאצ' שקיות קוקי ענקיות 5 יח',,,שקיות קוקי 5 יח' טאצ,יחידה,0.00,יחידה,false,,4.90,0.0000,true,1,277884
7290103704766,false,נייר טואלט 24 גליל כפול מהדורת פרח סגול,"שניב תעשיות נייר בע""\מ",,נייר טואלט 24 גליל,יחידה,0.00,יחידה,false,,42.90,0.0000,true,1,264310
7290103746001,false,ממחטות טאצ`חמישייה צבעוני 500 דף,שניב תעשיות נייר בעמ,,ממחטות טאצ' חמישייה,יחידה,0.00,יחידה,false,,11.90,0.0000,true,1,24509
7290104005176,false,חגורות גברים,ביג מול בעמ,,חגורות גברים,יחידה,0.00,יחידה,false,,19.90,0.0000,true,1,31311
7290104061417,false,סלט חומוס עם טחינה אחלה 400 גרם,שטראוס גרופ בעמ/מצונן,,אחלה חומוס טחינה 400,גרמים,400.00,100 גרם,false,,10.90,0.0273,true,1,23424
7290104061424,false,סלט חומוס עם זעתר אחלה 400 גרם,שטראוס גרופ בעמ/מצונן,,אחלה חומוס זעתר 400,גרמים,400.00,100 גרם,false,,10.90,0.0273,true,1,23425
7290104061431,false,סלט חומוס עם צנובר אחלה 400 גרם,שטראוס גרופ בעמ/מצונן,,אחלה חומוס צנובר 400,גרמים,400.00,100 גרם,false,,10.90,0.0273,true,1,23426
7290104061448,false,סלט חומוס עם חריף אחלה 400 גרם,שטראוס גרופ בעמ/מצונן,,אחלה חומוס חריף 400ג,גרמים,400.00,100 גרם,false,,10.90,0.0273,true,1,23427
7290104062599,false,מארז 8 יחידות מעדן גמדים בטעמי תות ובננה,שטראוס גרופ בעמ/מצונן,,גמדים תות בננה 8*100,מיליליטרים,800.00,"100 מ""ל",false,,18.90,0.0236,true,1,23428
7290104065187,false,אבקה להכנת משקה קפה בטעם מוקה,"שטראוס גרופ בע""מ",,קפה נמס עלית בטעם מו,גרמים,200.00,100 גרם,false,,22.90,0.1145,true,1,22414
7290104066566,false,סלט טחינה שומשום מלא 500גר אחלה,שטראוס גרופ בעמ/מצונן,,אחלה טחינה 500ג,גרמים,500.00,100 גרם,false,,15.90,0.0318,true,1,23431
7290104067693,false,חומוס אחלה עם תוספת חריף 150 גר,שטראוס גרופ בעמ/מצונן,,אחלה חומוס עם חריף 1,גרמים,150.00,100 גרם,false,,5.90,0.0393,true,1,23434
7290104068539,false,מאסט פליפטופ מלון ואבטיח ללא גרעינים,שטראוס גרופ בע`מ,,מאסט מלון ואבטיח 28ג,גרמים,28.00,100 גרם,false,,3.90,0.1393,true,1,22420
7290104068546,false,גומי מאסט בטעם לימון קולה ללא סוכר 28 ג' עלית,שטראוס גרופ בע`מ,,מאסט קולה 28 גרם,גרמים,28.00,100 גרם,false,,3.90,0.1393,true,1,22421
7290104500572,false,אפרופו חטיף תירס איטליאנו אסם 50 גרם,קבוצת אוסם סחר-שות.מוגבלת,,אפרופו איטלקי 36*50ג,גרמים,50.00,100 גרם,false,,5.00,0.1000,true,1,18853
7290104501661,false,אינסטנט פודינג בטעם וניל צרפתי אסם 80 גרם,קבוצת אוסם סחר-שות.מוגבלת,,אסם פודינג בטעם וניל,גרמים,80.00,100 גרם,false,,5.90,0.0738,true,1,18854
7290104501784,false,בונג`ור מיני מאפינס שוקוציפס 40גר,**קבוצת אוסם סחר-שות.מוגבלת,,בונז'ור מיני מאפינס,גרמים,200.00,100 גרם,false,,8.90,0.0445,true,1,108125
7290104501807,false,בונג`ור מיני מאפינס שוקו 40גר,**קבוצת אוסם סחר-שות.מוגבלת,,בונז'ור מיני מאפינס,גרמים,200.00,100 גרם,false,,8.90,0.0445,true,1,34070
7290104504228,false,מיני דובונים אסם 100 גרם מארז 5 יחידות,קבוצת אוסם סחר-שות.מוגבלת,,דובונים קדמ.מארז אחי,גרמים,100.00,100 גרם,false,,13.90,0.1390,true,1,18859
7290104508943,false,במבה חטיף בוטנים אסם 200 גרם,קבוצת אוסם סחר-שות.מוגבלת,,במבה קלאסי 18*200 גר,גרמים,200.00,100 גרם,false,,10.90,0.0545,true,1,18868
7290104509247,false,בונג`ור עוגת קראנץ ט.שוקולד עדיר 650גר,**קבוצת אוסם סחר-שות.מוגבלת,,עוגת קראנץ' שוקולד 6,גרמים,650.00,100 גרם,false,,26.50,0.0408,true,1,34073
7290104570131,false,תמר מג'הול ששון ושות,,,"תמר מג'הול 1 ק""ג",קילוגרמים,1.00,"ק""ג",false,,17.90,17.9000,true,1,42923
7290104721762,false,מארז שלשות קפה טורקי עלית 85 ג',"שטראוס גרופ בע""מ",,טורקי עלית 3*85 גר'.,גרמים,255.00,100 גרם,false,,19.90,0.0780,true,1,22425
7290104722530,false,תפוצ'יפס בטעם שמנת בצל עלית 200 גרם,"שטראוס פריטו ליי בע""\מ )",,תפוציפס שמנת בצל 200,גרמים,200.00,100 גרם,false,,9.90,0.0495,true,1,24216
7290104726262,false,רביעייה מעדן דני שוקולד דיסני לבנים 125 גרם,שטראוס גרופ בעמ/מצונן,,דני שוקולד לשתייה מא,מיליליטרים,500.00,"100 מ""ל",false,,11.90,0.0238,true,1,23446
7290104726712,false,מארז 8 יחידות מעדן מילקי בטעם שוקולד עם קצפת,שטראוס גרופ בעמ/מצונן,,מילקי שמינייה מארז 8,קילוגרמים,1.06,"ק""ג",false,,20.90,19.7170,true,1,23447
7290104728310,false,"שמנת מתוקה עמידה 38% שומן ""יטבתה"" -מוצר בפיקוח",שטראוס גרופ בעמ/מצונן,,יטבתה שמנת עמידה לקצ,מיליליטרים,250.00,"100 מ""ל",false,,6.47,0.0259,true,1,23452
7290104960239,false,תחליב רחצה בניחוח קמומיל נקה (7507 מל),טרופיקל דגיל תעשיות קוסמ,,תחליב רחצה קמומיל נק,מיליליטרים,750.00,"100 מ""ל",false,,11.90,0.0159,true,1,30455
7290104960246,false,נקה 7 ארומה תחליב רחצה ורד יסמין 750 מ,טרופיקל דגיל תעשיות קוסמ,,תחליב רחצה ורד ויסמי,מיליליטרים,750.00,"100 מ""ל",false,,11.90,0.0159,true,1,30456
7290104963223,false,סופטקר - אל סבון עדין לתינוק לעור רגיש 1 ליטר,החברה הדרומית לשיווק בעמ,,סופטקר אלסבון קלאסי,יחידה,0.00,יחידה,false,,17.90,0.0000,true,1,30523
7290104964756,false,"תיאדנט מי פה בטעם ענבים לילדים 150 מ""ל",אמיליה קוסמטיקס בע'\'\מ,,מי פה ענבים תיאדנט 1,מיליליטרים,150.00,"100 מ""ל",false,,15.90,0.1060,true,1,30550
7290105360250,false,קפסולות 09 עשיר וארומטי למכונת נספרסו עלית 10יח',הנסיך- מפעל לייצור ט,,עלית קפסולות מקיאטו,גרמים,50.00,100 גרם,false,,17.90,0.3580,true,1,22442
7290105360335,false,קפסולות אספרסו למכונות נספרסו 50 גר,הנסיך- מפעל לייצור ט,,עלית קפסולות אספרסו,גרמים,50.00,100 גרם,false,,17.90,0.3580,true,1,22444
7290105360755,false,"שמן זית 3 חזק 750 מ""ל יד מרדכי",מכוורת יד מרדכי שטראוס ב,,שמן זית 3 חזק כתית י,מיליליטרים,750.00,"100 מ""ל",false,,38.90,0.0519,true,1,22447
7290105360762,false,"שמן זית 1 עדין 750 מ""ל יד מרדכי",מכוורת יד מרדכי שטראוס ב,,שמן זית 1 עדין כתית,מיליליטרים,750.00,"100 מ""ל",false,,38.90,0.0519,true,1,22448
7290105362339,false,"שמנת לבישול 15% 250 מ""ל יטבתה מהדרין",שטראוס גרופ בעמ/מצונן,,יטבתה שמנת לבישול 15,מיליליטרים,250.00,"100 מ""ל",false,,7.90,0.0316,true,1,23457
7290105366023,false,סלט חצילים בטעם כבד אחלה 400 גרם,שטראוס גרופ בעמ/מצונן,,אחלה חציל בטעם כבד 4,גרמים,400.00,100 גרם,false,,15.90,0.0398,true,1,23460
7290105366047,false,טחינה לבנה אחלה (400 גרם),שטראוס גרופ בעמ/מצונן,,אחלה טחינה לבנה 400ג,גרמים,400.00,100 גרם,false,,15.90,0.0398,true,1,23462
7290105368331,false,מעדן מילקי בטעם תות עם קצפת,שטראוס גרופ בעמ/מצונן,,"מילקי תות 170 מ""ל",מיליליטרים,170.00,"100 מ""ל",false,,2.90,0.0171,true,1,23478
7290105368904,false,"שמנת מתוקה להקצפה 32% שומן 250 מ""ל יוטבתה",שטראוס גרופ בעמ/מצונן,,יטבתה שמנת עמידה לקצ,מיליליטרים,250.00,"100 מ""ל",false,,7.50,0.0300,true,1,23487
7290105368928,false,שמנת חמוצה יטבתה %9 200 מל גביע מהדרין,שטראוס גרופ בעמ/מצונן,,יטבתה שמנת 9% 200מל,מיליליטרים,200.00,"100 מ""ל",false,,2.90,0.0145,true,1,23488
7290105369130,false,סימפוניה גבינת שמנת בצל ירוק 5% שטראוס 200 גרם,שטראוס גרופ בעמ/מצונן,,סימפוניה שטראוס בצל,גרמים,200.00,100 גרם,false,,11.90,0.0595,true,1,23491
7290105431516,false,מארז חטיף פריי תמרים ובוטנים ללא גלוטן ותוספת סוכר 125 גרם,טבעית מוצרים מן הטבע בעמ,,פרי חטיפי תמרים ובוט,גרמים,125.00,100 גרם,false,,15.90,0.1272,true,1,21622
7290105436382,false,חטיף פרי תמרים קשיו ללא תוספת סוכר וגלוטן 5 יח,טבעית מוצרים מן הטבע בעמ,,פרי חטיפי בריאות תמר,גרמים,100.00,100 גרם,false,,15.90,0.1590,true,1,21641
7290105439499,false,מאסטר שף מאסטר שף מיונז 480 גר כשלפ,רמיה סי.וי. הולנד,,מיונז הולנדי מאסטר ש,גרמים,480.00,100 גרם,false,,11.90,0.0248,true,1,21649
7290105439505,false,מאסטר שף קרם בטעם מיונז לייט 479 גר כשלפ,רמיה סי.וי. הולנד,,מאסטר שף קרם בטעם מ,גרמים,479.00,100 גרם,false,,12.90,0.0269,true,1,21650
7290105439581,false,מנה מאסטר שף חרדל דיזיון צרפתי 370 גר,רמיה סי.וי.הולנד,,מאסטר שף מאסטר שף חר,מיליליטרים,370.00,"100 מ""ל",false,,11.90,0.0322,true,1,21651
7290105500151,false,וודקה פינלנדיה רגיל 700,"אלטיה קורפ, הלסינקי,",,וודקה פינלנדיה 700 מ,מיליליטרים,700.00,"100 מ""ל",false,,60.90,0.0870,true,1,13391
7290105691224,false,אסם חטיפי פריכונים טורטייה שום בצל 60 גרם,קבוצת אוסם סחר-שות.מוגבלת,,חטיפי פריכונים טורטי,גרמים,60.00,100 גרם,false,,7.50,0.1250,true,1,18879
7290105691248,false,אסם חטיפי פריכונים טורטייה תירס 60 גרם,קבוצת אוסם סחר שותפות מוגבלת,,חטיפי פריכונים טורטי,גרמים,60.00,100 גרם,false,,7.50,0.1250,true,1,18880
7290105691897,false,קוסקוס פלוס עם קמח חיטה מלא,קבוצת אוסם סחר שותפות מוגבלת,,קוסקוס עם חיטה מלאה,גרמים,350.00,100 גרם,false,,9.90,0.0283,true,1,18885
7290105693341,false,מארז עשיריית במבה אסם 25*10 גרם,קבוצת אוסם סחר שותפות מוגבלת,,במבה מאח.15 10*25גרם,גרמים,250.00,100 גרם,false,,16.90,0.0676,true,1,18894
7290105693457,false,עוגת הבית דמקה שוקו וניל 320 גר`בחושות,קבוצת אוסם סחר שותפות מוגבלת,,עוגת הבית דמקה שוקו,גרמים,320.00,100 גרם,false,,14.90,0.0466,true,1,18895
7290105693952,false,פירורית זהב אסם זהב שומשום 200 ג',קבוצת אוסם סחר שותפות מוגבלת,,פירורית זהב שומשום 2,גרמים,200.00,100 גרם,false,,6.50,0.0325,true,1,18897
7290105695321,false,עוגת הבית בראוניז פאדג' אסם 380 גרם,קבוצת אוסם סחר שותפות מוגבלת,,הבית עוגות בראוניס פ,גרמים,380.00,100 גרם,false,,18.50,0.0487,true,1,18906
7290105965738,false,יוגורט לשתיה בטעם תות בננה267 ג' דנונה,שטראוס גרופ בעמ/מצונן,,דנונה משקה תות בננה,גרמים,267.00,100 גרם,false,,4.90,0.0184,true,1,23504
7290105968098,false,"סלט קולסלאו 500 גרם ""אחלה""",שטראוס גרופ בעמ/מצונן,,אחלה קולסלאו 500ג,גרמים,500.00,100 גרם,false,,15.90,0.0318,true,1,23510
7290105968654,false,רביולי עם בטטה פרווה שטראוס (400 גרם),שטראוס גרופ בעמ/מצונן,,שטראוס רביולי בטטה 4,גרמים,400.00,100 גרם,false,,19.90,0.0497,true,1,23511
7290106520066,false,"רבע לשבע שוקולד חלב במילוי אגוזים עלית 160 גרם בד""צ","הגביע מוצרי וופלים בע""\מ",,רבע לשבע 160 גרם,גרמים,160.00,100 גרם,false,,11.90,0.0744,true,1,22494
7290106520912,false,שמנת לבישול 9% שומן 258גר מהדרין יטבתה,שטראוס גרופ בעמ/מצונן,,יטבתה שמנת לבישול 9%,מיליליטרים,250.00,"100 מ""ל",false,,7.90,0.0316,true,1,23522
7290106521926,false,קפה טורקי בצלופן עלית 150 גרם,שטראוס קפה בי.ויn\.,,קפה טורקי עלית 150 ג,גרמים,150.00,100 גרם,false,,12.90,0.0860,true,1,22502
7290106524439,false,חטיף פופס תפוצ`יפס (60 גרם),"שטראוס פריטו ליי בע""\מ )",,תפוציפס פופס 60 גרם,גרמים,60.00,100 גרם,false,,4.30,0.0717,true,1,24235
7290106525405,false,קפסולות קפה עלית נטול קפאין אספרסו) (10,שטראוס קפה בי.וי.,,עלית קפסולות נטול למ,גרמים,50.00,100 גרם,false,,17.90,0.3580,true,1,22512
7290106526822,false,פריכיות אורז חום מלא תחתית שוקולד חלב 80 גרם,"טחנת האבן תעשיות בע""",,פריכיות עם תחתית שוק,גרמים,80.00,100 גרם,false,,7.90,0.0988,true,1,22519
7290106528567,false,חטיף תירס גריל דוריטוס (185 גרם),"שטראוס פריטו ליי בע""\מ )",,דוריטוס גריל 185 גר`,גרמים,185.00,100 גרם,false,,7.90,0.0427,true,1,24241
7290106528628,false,חטיף תירס בטעם טבעי דוריטוס (185 גרם),"שטראוס פריטו ליי בע""\מ )",,דוריטוס טבעי 185 גר`,גרמים,185.00,100 גרם,false,,7.90,0.0427,true,1,24242
7290106572027,false,קרקר לחמית חמישה דגנים אסם (190 גרם),קבוצת אוסם סחר-שות.מוגבלת,,לחמית חמישה דגנים אס,גרמים,190.00,100 גרם,false,,8.70,0.0458,true,1,18926
7290106573314,false,אוסם - קריספי טאפאס כפרי 150 גרם,קבוצת אוסם סחר שותפות מוגבלת,,אסם קריספי טאפאס כפר,גרמים,150.00,100 גרם,false,,11.90,0.0793,true,1,18938
7290106573598,false,חומוס לבנוני צבר (400 גרם),קבוצת אוסם סחר שותפות מוגבלת,,צבר חומוס לבנוני 400,גרמים,400.00,100 גרם,false,,12.90,0.0323,true,1,19915
7290106573628,false,חומוס עם טחינה צבר (400 גרם),קבוצת אוסם סחר שותפות מוגבלת,,צבר חומוס עם טחינה 4,גרמים,400.00,100 גרם,false,,12.90,0.0323,true,1,19916
7290106574793,false,עוגת הבית בטעם שוקו-שוקוצ'יפס 350 ג' אסם,קבוצת אוסם סחר שותפות מוגבלת,,עוגת הבית שוקו שוקוצ,גרמים,350.00,100 גרם,false,,14.90,0.0426,true,1,18946
7290106574953,false,בייגלה שטוחים כעכים שטוחים עם שומשום,קבוצת אוסם סחר שותפות מוגבלת,,אסם בייגלה שטוחים שו,גרמים,300.00,100 גרם,false,,11.90,0.0397,true,1,18947
7290106574977,false,בייגלה שטוחים טבעות עם מלח אסם (300 גרם),קבוצת אוסם סחר שותפות מוגבלת,,אסם בייגלה שטוחים עם,גרמים,300.00,100 גרם,false,,11.90,0.0397,true,1,18948
7290106575011,false,פתיתים אפויים קוסקוס מחיטה מלאה אסם 400 גרם,קבוצת אוסם סחר שותפות מוגבלת,,פתיתים אפויים חיטה מ,גרמים,400.00,100 גרם,false,,7.90,0.0198,true,1,18949
7290106575257,false,עוגת הבית סופלה בטעם שוקולד 340 ג' אסם,קבוצת אוסם סחר שותפות מוגבלת,,עוגת הבית סופלה בטעם,גרמים,340.00,100 גרם,false,,14.90,0.0438,true,1,18951
7290106575431,false,עוגת הבית סופלה בטעם שוקולד וניל 340 ג',קבוצת אוסם סחר-שות.מוגבלת,,עוגת הבית סופלה בטעם,גרמים,340.00,100 גרם,false,,14.90,0.0438,true,1,18955
7290106576513,false,סלט רק חומוס צבר 400 גרם,קבוצת אוסם סחר שותפות מוגבלת,,צבר חומוס 400 גרם,גרמים,400.00,100 גרם,false,,9.90,0.0248,true,1,19921
7290106577282,false,טחינה אמיתית מרובע 400 ג' צבר,קבוצת אוסם סחר-שות.מוגבלת,,צבר מרובע טחינה 400ג,גרמים,400.00,100 גרם,false,,12.90,0.0323,true,1,19923
7290106577541,false,צבר כרוב אדום מרובע 400גרם,קבוצת אוסם סחר-שות.מוגבלת,,צבר מרובע כרוב אדום,גרמים,400.00,100 גרם,false,,12.90,0.0323,true,1,19929
7290106577572,false,מטבוחה אמיתית מרובע 400 ג' צבר,קבוצת אוסם סחר-שות.מוגבלת,,צבר מרובע מטבוחה 40,גרמים,400.00,100 גרם,false,,12.90,0.0323,true,1,19930
7290106578821,false,הבית עוגת שמרים קלאסית בטעם שוקולד 350גר.,קבוצת אוסם סחר שותפות מוגבלת,,עוגת הבית שמרים קלאס,גרמים,350.00,100 גרם,false,,19.50,0.0557,true,1,18971
7290106639812,false,כוס אפרופו,,,כוס אפרופו,יחידה,0.00,יחידה,false,,6.90,0.0000,true,1,210626
7290106656734,false,"עוגיות חיוכים וניל עלית 600 גרם בד""צ",אפיפית נצרת תעשיות ב,,"חיוכים וניל בד""צ 600",גרמים,600.00,100 גרם,false,,18.90,0.0315,true,1,22546
7290106663503,false,קונפיטורת תות לייט יד מרדכי (230 גרם),אף.סי תבליני בגליל ב,,קונפיטורת לייט תות 2,גרמים,230.00,100 גרם,false,,13.90,0.0604,true,1,22586
7290106663558,false,"רוטב טריאקי ורימון יד מרדכי 280מ""ל",אף.סי תבליני בגליל ב,,יד מרדכי רוטב טריאקי,מיליליטרים,280.00,"100 מ""ל",false,,13.90,0.0496,true,1,22591
7290106664067,false,לאבנה עם שמן זית וזעתר 10% שטראוס 400 ג',שטראוס גרופ בעמ/מצונן,,שטראוס לאבנה שמן זית,גרמים,400.00,100 גרם,false,,14.90,0.0373,true,1,23565
7290106664555,false,"רוטב שמנת עם עגבניות 9% שומן 250 מ""ל יוטבתה",שטראוס גרופ בעמ/מצונן,,יטבתה רוטב שמנת עם ע,מיליליטרים,250.00,"100 מ""ל",false,,9.90,0.0396,true,1,23567
7290106666788,false,עלית - סוכריות נוסטלגיה דבש ממולאות 80 גרם,"שטראוס גרופ בע""מ",,סוכריות נוסטלגיה דבש,גרמים,80.00,100 גרם,false,,7.90,0.0988,true,1,22604
7290106667266,false,חטיף תירס חמוץ חריף דוריטוס (185 גרם),"שטראוס פריטו ליי בע""\מ )",,דוריטוס חמוץ חריף 18,גרמים,185.00,100 גרם,false,,7.90,0.0427,true,1,24295
7290106668577,false,"מיץ לימון טבעי 250 מ""ל ""יד מרדכי""",האי נאם סי או אל.טי.,,מיץ לימון טבעי יד מר,מיליליטרים,250.00,"100 מ""ל",false,,7.90,0.0316,true,1,22610
7290106668713,false,יוגורט עם פירות יער 3% שומן 150 ג' דנונה,שטראוס גרופ בעמ/מצונן,,דנונה פירות יער3% 15,מיליליטרים,150.00,"100 מ""ל",false,,3.90,0.0260,true,1,23571
7290106721913,false,מסטיק מאסט MUST ללא סוכר בטעם מנטה מרעננת,שטראוס גרופ בע`מ,,מאסט צנצנת ריח פה צ',גרמים,66.00,100 גרם,false,,9.90,0.1500,true,1,22637
7290106721920,false,צנצנת מסטיק מאסט בטעם ספירמינט עדין 66 ג' עלית,"שטראוס גרופ בע""\מ.",,מאסט צנצנת ספירמינט,גרמים,66.00,100 גרם,false,,9.90,0.1500,true,1,22638
7290106725867,false,סירופ מייפל טהור ללס יד מרדכי 189 גר,"שטראוס גרופ בע""מ",,יד מרדכי סירופ מייפל,מיליליטרים,189.00,"100 מ""ל",false,,36.90,0.1952,true,1,22673
7290107280020,false,שלישיית מטליות לחות לניקוי כללי סנו סושי 50 יחידות,החברה הדרומית לשיווק בעמ,,סנו סושי מגבונים לני,יחידה,0.00,יחידה,false,,20.90,0.0000,true,1,30552
7290107280068,false,סנו סושי תבנית אלומיניום ענק א.לארג 2 יח,החברה הדרומית לשיווק בעמ,,2 תבניות אלומיניום X,יחידה,0.00,יחידה,false,,9.90,0.0000,true,1,30555
7290107280105,false,מגבוני אף רכים במיוחד סנו סופט 120 יח,החברה הדרומית לשיווק בעמ,,סופט ממחטות אף בקופס,יחידה,0.00,יחידה,false,,10.90,0.0000,true,1,30559
7290107280341,false,ריצפז מטליות לחות לניקוי הרצפה בניחוח מלון מפנק,החברה הדרומית לשיווק בעמ,,ריצפז מטליות לחות לנ,יחידה,0.00,יחידה,false,,11.90,0.0000,true,1,30565
7290107280563,false,סנו אוקסיג`ן ג`ל לכביסה בייבי 3 ל`,החברה הדרומית לשיווק בעמ,,סנו ג'ל אוקסיג'ן ביי,ליטרים,3.00,ליטר,false,,30.90,10.3000,true,1,30576
7290107280600,false,טבליות למדיח סנו ספארק 100 טבליות במארז,החברה הדרומית לשיווק בעמ,,סנו ספארק טבליות למד,יחידה,0.00,יחידה,false,,60.90,0.0000,true,1,30580
7290107280716,false,מלח למדיח להגנה מפני אבנית סנו ספארק Spark,החברה הדרומית לשיווק בעמ,,סנו ספארק מלח למדיח,קילוגרמים,2.00,"ק""ג",false,,12.90,6.4500,true,1,30587
7290107280723,false,נוזל לניקוי כלים סנו ספארק Spark בניחוח לימון רענן,החברה הדרומית לשיווק בעמ,,סנו ספארק נוזל לניקו,מיליליטרים,700.00,"100 מ""ל",false,,9.90,0.0141,true,1,30588
7290107280730,false,נוזל לניקוי כלים סנו ספארק Spark בניחוח לבנדר,החברה הדרומית לשיווק בעמ,,סנו ספארק נוזל לניקו,מיליליטרים,700.00,"100 מ""ל",false,,9.90,0.0141,true,1,30590
7290107280747,false,נוזל לניקוי כלים סנו ספארק Spark קלאסי,החברה הדרומית לשיווק בעמ,,סנו ספארק נוזל לניקו,מיליליטרים,700.00,"100 מ""ל",false,,9.90,0.0141,true,1,30591
7290107645591,false,אבקת מרק בטעם עוף 100% רכיבים טבעיים 400 גרם,יוניליוור ישראל שיווק בע`מ,,מרק טעם עוף רכיבים ט,גרמים,400.00,100 גרם,false,,17.90,0.0447,true,1,10600
7290107646062,false,אבקת מרק בצל רכיבים טבעיים קנור 400 ג',יוניליוור ישראל שיווק בע`מ,,מרק בצל רכיבים טבעיי,גרמים,400.00,100 גרם,false,,24.90,0.0622,true,1,10612
7290107647656,false,סולרו פרוט בוסט - קוקוס אננס (פרווה),"מיוצר ע""\י גלידת שטראוס",,מאגדת מיני סולרו קוק,גרמים,245.00,100 גרם,false,,24.90,0.1016,true,1,4385
7290107647731,false,קוקומן חום לבן 20% פחות סוכר 375 גרם ב,יוניליוור ישראל שיווק בע`מ,,קוקומן חום לבן 20% ת,גרמים,375.00,100 גרם,false,,20.90,0.0557,true,1,10667
7290107647816,false,"ברנפלקס ללא תוספת סוכר תלמה בד""ץ 500 גרם","יוניליוור ישראל שיווק בע""מ",,ברנפלקס ללא סוכר בד',גרמים,500.00,100 גרם,false,,23.90,0.0478,true,1,10674
7290107647823,false,"ברנפלקס פתיתי חיטה מלאה וסובין 500 גרם ""תלמה""",יוניליוור ישראל שיווק בע`מ,,"ברנפלקס תלמה בד""ץ 50",גרמים,500.00,100 גרם,false,,23.90,0.0478,true,1,10675
7290107649070,false,תחליב רחצה שפרפרת פי,יוניליוור ישראל טיפו,,פינוק תחליב רחצה בני,מיליליטרים,100.00,"100 מ""ל",false,,5.90,0.0590,true,1,10706
7290107871532,false,מאגדת קרחוני מלון דובדבן נסטלה 10 יחידות,נגה גלידות שותפות מוגבלת,,מאגדת שלגוני דובדבן,גרמים,750.00,100 גרם,false,,18.90,0.0252,true,1,16163
7290107871990,false,פסטה צינורות מהדרין אסם (500 גרם),קבוצת אוסם סחר שותפות מוגבלת,,פסטה צינורות אסם 500,גרמים,500.00,100 גרם,false,,6.50,0.0130,true,1,18997
7290107874502,false,ביסלי גריל קדמ. מארז אחיד 10 4*55 גרם,קבוצת אוסם סחר שותפות מוגבלת,,ביסלי גריל 4*55 גרם,גרמים,220.00,100 גרם,false,,12.90,0.0586,true,1,19019
7290107875004,false,פופקורן חמאה ודבש מארז12*20גר',קבוצת אסם סחר שות. מוגבלת,,פופקו חמאה ודבש מארז,גרמים,240.00,100 גרם,false,,18.90,0.0787,true,1,19024
7290107875271,false,ביסלי ברביקיו קדמ. מארז אחיד10 4*55 גרם,קבוצת אוסם סחר שותפות מוגבלת,,ביסלי ברבקיו מארז 4*,גרמים,220.00,100 גרם,false,,12.90,0.0586,true,1,19030
7290107875820,false,קרוטונים אפויים בתיבול ביתי אוסם 180 ג',קבוצת אוסם סחר שותפות מוגבלת,,קרוטונים אפויים בתיב,גרמים,180.00,100 גרם,false,,11.90,0.0661,true,1,19035
7290107877619,false,מארז במבה במילוי קרם נוגט 5*30ג' אסם,קבוצת אוסם סחר שותפות מוגבלת,,במבה במילוי קרם נוגט,גרמים,150.00,100 גרם,false,,13.90,0.0927,true,1,19065
7290107932080,false,חלב 3% מועשר בבקבוק יטבתה (1 ליטר),שטראוס גרופ בעמ/מצונן,,יטבתה חלב בבקבוק 3%,ליטרים,1.00,ליטר,false,,7.90,7.9000,true,1,23616
7290107934473,false,שמינייה יוגורט לבן אקטיביה 1.5% דנונה 150 גרם,שטראוס גרופ בעמ/מצונן,,אקטיביה מארז מיוחד 1,קילוגרמים,1.20,"ק""ג",false,,21.50,17.9167,true,1,23633
7290107936309,false,דנונה יוגורט 7% יווני לבן 130 ג',שטראוס גרופ בעמ/מצונן,,דנונה יווני לבן 130,גרמים,130.00,100 גרם,false,,3.30,0.0254,true,1,23639
7290107937542,false,משקה יוגורט אקטיביה עם תות 1.2% שומן,שטראוס גרופ בעמ/מצונן,,משקה אקטיביה תות 1.2,מיליליטרים,265.00,"100 מ""ל",false,,4.90,0.0185,true,1,23644
7290107937627,false,מסטיק מאסט Must קוביות ללא סוכר בטעם מנטה עדינה,שטראוס גרופ בע`מ,,צנצנת קוביות ספירמינ,גרמים,58.00,100 גרם,false,,9.90,0.1707,true,1,22750
7290107937634,false,צנצנית מסטיק מאסט קוביות פפירמינט 58 ג' עלית,"שטראוס גרופ בע""מ",,צנצנת קוביות פפירמינ,גרמים,58.00,100 גרם,false,,9.90,0.1707,true,1,22751
7290107937641,false,צנצנת קוביות בזוקה גומי לעיסה 58גר,אסקום קונפקשיין,,צנצנת קוביות בזוקה 5,גרמים,58.00,100 גרם,false,,9.90,0.1707,true,1,22752
7290107940030,false,"חומוס אחלה מופחת שומן 650 גרם ""אחלה""","שטראוס גרופ ***בע""מ",,חומוס אחלה 650 גר,גרמים,650.00,100 גרם,false,,9.90,0.0152,true,1,23667
7290107943192,false,"שמנת חמוצה מהערבה 27% שומן 200 מ""ל יטבתה",שטראוס גרופ בעמ/מצונן,,יטבתה שמנת 27% 200מ,מיליליטרים,200.00,"100 מ""ל",false,,3.90,0.0195,true,1,23711
7290107944472,false,סימפוניה גבינה במרקם שמנת 5% שום שמיר,שטראוס גרופ בעמ/מצונן,,סימפוניה 5% שום שמיר,גרמים,200.00,100 גרם,false,,11.90,0.0595,true,1,23718
7290107945165,false,קונפיטורת משמש יד מרדכי 340 גרם,אף.סי תבליני בגליל ב,,יד מרדכי קונפיטורת מ,גרמים,340.00,100 גרם,false,,13.90,0.0409,true,1,22823
7290107951104,false,בפלות ופלים ארוכים בטעם שוקולד,"שטראוס גרופ בע""\מ",,בפלות 200 גרם שוקולד,גרמים,200.00,100 גרם,false,,3.90,0.0195,true,1,22859
7290107951715,false,צנצנת מסטיק מאסט קוביות בטעם ענבים 58 ג' עלית,"שטראוס גרופ בע""מ",,מאסט צנצנת קוביות ענ,גרמים,58.00,100 גרם,false,,9.90,0.1707,true,1,22875
7290107953559,false,"מארז קפה טורקי עלית לדרך כשל""פ 168 גרם",הנסיך- מפעל לייצור ט,,קפה טורקי לדרך 168 ג,גרמים,168.00,100 גרם,false,,18.90,0.1125,true,1,22886
7290107954709,false,"קונפיטורת פירות יער ""יד מרדכי"" 340 גר'",שטראוס גרופ בע`מ,,יד מרדכי קונפיטורת פ,גרמים,340.00,100 גרם,false,,13.90,0.0409,true,1,22907
7290107956710,false,מארז מיני מילקי 70 גרם 16 יחידות,שטראוס גרופ בעמ (ח),,מארז מיני מילקי 16 י,ליטרים,1.44,ליטר,false,,19.90,13.8194,true,1,23854
7290107956925,false,קפסולות 13 אוגנדה למכונת נספרסו עלית 10יח',שטראוס קפה בי.וי.,,עלית קפסולות אוגנדה,גרמים,50.00,100 גרם,false,,17.90,0.3580,true,1,22950
7290107956932,false,קפסולות אינדונזיה מס 12 למכונת אספרסו,שטראוס קפה בי.וי.,,עלית קפסולות אידונזי,גרמים,50.00,100 גרם,false,,17.90,0.3580,true,1,22951
7290107957069,false,"מסטיק ע""למה ""בטעם אוכניות 66 גרם צנצנת ""עלית""","שטראוס גרופ בע""\מ",,מסטיק עלמה בטעם אוכמ,גרמים,66.00,100 גרם,false,,9.90,0.1500,true,1,22956
7290107957076,false,"מסטיק ""עלמה"" בטעם ספירמנט 66 גרם צנצנת ""עלית""","שטראוס גרופ בע""\מ",,מסטיק עמלה בטעם ספיר,גרמים,66.00,100 גרם,false,,9.90,0.1500,true,1,22957
7290107958035,false,יוגורט במתיקות מעודנת 2% ללא תוספת סוכר- מארז 8 יח,שטראוס גרופ בעמ/מצונן,,8 דנונה מתיקות מעודנ,קילוגרמים,1.20,"ק""ג",false,,18.50,15.4167,true,1,23879
7290107972307,false,קולגייט משחה אופטיק וויט אנד ריסטור 75מל,הנסיך- מפעל לייצור ט,,משחת שיניים אופטיק ו,מיליליטרים,75.00,"100 מ""ל",false,,29.90,0.3987,true,1,21684
7290107973014,false,"סבון ידיים משאבה פלמוליב חלב ודבש 300 מ""ל",הנסיך- מפעל לייצור ט,,פלמוליב סבון ידיים ח,מיליליטרים,300.00,"100 מ""ל",false,,9.90,0.0330,true,1,21689
7290107973793,false,שימורי עגבניות שלמות 400 ג' מאסטר שף,פראנו אריקו ופיגלי ס,,עגבניות שלמות מאסטר,גרמים,400.00,100 גרם,false,,5.90,0.0148,true,1,21699
7290107973809,false,שימורי עגבניות קוביות 400 ג' מאסטר שף,פראנו אריקו ופיגלי ס.פ.א,,קוביות עגבניות מאסטר,גרמים,400.00,100 גרם,false,,5.90,0.0148,true,1,21700
7290107973861,false,מאסטר שף עגבניות קצוצות דק שלישיה 400ג*3 כשלפ,קונסרזיו קאסאלאסקו ד,,עגבניות קצוצות דק מא,קילוגרמים,1.20,"ק""ג",false,,15.90,13.2500,true,1,21701
7290107974073,false,מנה עלי טורטיה קמח לבן מ.שף 20 סמ 320 גר,אלקאטי קורביישיסי גי,,עלי טורטיה קמח לבן מ,גרמים,320.00,100 גרם,false,,10.90,0.0341,true,1,21707
7290107974301,false,ליידי ספיד סטיק - דאודורנט ג'ל לאישה אלוורה 45 גרם,ליידי ספיד סטיק Lady Speed Stick,,דיאודורנט ג'ל אלוורה,גרמים,65.00,100 גרם,false,,17.90,0.2754,true,1,21709
7290107974820,false,ממרח בטעם ספייסי מיונז מאסטר שף 250 גרם,רמיה סי.וי.הולנד,,מאסטר שף ממרח מתובל,גרמים,252.00,100 גרם,false,,7.90,0.0313,true,1,21718
7290107975346,false,ספיד סטיק - דאודורנט ג'ל לגבר כוח הטבע 85 גרם,קולגייט-פלמוליב,,דאו' ג'ל כח הטבע אול,גרמים,65.00,100 גרם,false,,26.90,0.4138,true,1,21725
7290107976916,false,"סבון ידיים משאבה פלמוליב זיתים 300 מ""ל",קולגייט פלמוליב,,פלמוליב סבון ידיים ח,מיליליטרים,300.00,"100 מ""ל",false,,9.90,0.0330,true,1,21751
7290107977456,false,"פלמוליב - ג'ל רחצה ושמפו ספורט לגבר 750 מ""ל",קולגייט פלמוליב,,פלמוליב לגבר 2 ב-1 ג,מיליליטרים,750.00,"100 מ""ל",false,,19.90,0.0265,true,1,171417
7290107977753,false,"משחת שיניים פרודונט אקספרס 75 מ""ל ""מרידול""",קולגייט פלמוליב,,מרידול משחת שיניים פ,מיליליטרים,75.00,"100 מ""ל",false,,24.90,0.3320,true,1,21753
7290107978323,false,איטריות דקיקות מאסטר שף 400 גרם,הדקלאים אגודת שיתופי,,איטריות דקיקות מאסטר,גרמים,400.00,100 גרם,false,,5.90,0.0148,true,1,21755
7290107978330,false,איטריות דקות מאסטר שף 400 גרם,הדקלאים אגודת שיתופי,,איטריות דקות מאסטר ש,גרמים,400.00,100 גרם,false,,5.90,0.0148,true,1,21756
7290107979184,false,קוקי תבנית אלומיניום עם נייר אפייה גדול 3,ש.שסטוביץ בעמ,,קוקי תבנית אלומניום,יחידה,0.00,יחידה,false,,11.90,0.0000,true,1,21770
7290108070316,false,שקית בלונים פסטל מעורב צבעים 50יח,שמחה זה אנחנו,,שקית 50 פסטל,יחידה,0.00,יחידה,false,,11.90,0.0000,true,1,33088
7290108350128,false,סנו סושי שקיות אשפה חזקות במיוחד 40 יח',החברה הדרומית לשיווק בעמ,,סנו סושי שקיות חזקות,יחידה,0.00,יחידה,false,,24.90,0.0000,true,1,30600
7290108350142,false,"שקיות רב שימושיות גדולות 25*35 ס""מ סנו סושי 270 יחידות",החברה הדרומית לשיווק בעמ,,סנו סושי שקיות רב שי,יחידה,0.00,יחידה,false,,14.90,0.0000,true,1,30602
7290108350180,false,סנו סופט מפיות מודפסות 100 יח`,החב. הדרומית לשיווק,,סנו סושי מפיות מודפס,יחידה,0.00,יחידה,false,,7.90,0.0000,true,1,30605
7290108350210,false,סנו סושי 30 שקיות אשפה XL חזקות במיוחד,החברה הדרומית לשיווק בעמ,,סושי שקיות אקסטרא חז,יחידה,0.00,יחידה,false,,24.90,0.0000,true,1,30608
7290108350258,false,נייר טואלט דו שכבתי ארוך פי 3 - מארז 12 גלילים,החברה הדרומית לשיווק בעמ,,סנו סופט נייר טואלט,מטרים,180.00,מטר,false,,42.90,0.2383,true,1,30610
7290108350548,false,סנו ספארק נוזל כלים בניחוח לבנדר עם משאבה 1 ל',החברה הדרומית לשיווק בעמ,,סנו ספארק משאבה בניח,ליטרים,1.00,ליטר,false,,11.90,11.9000,true,1,30617
7290108350586,false,נוזל לניקוי כלים סנו ספארק Spark בניחוח לימון רענן,החברה הדרומית לשיווק בעמ,,ספארק נוזל כלים בניח,ליטרים,1.50,ליטר,false,,14.90,9.9333,true,1,30620
7290108350616,false,סנו - מקסימה מרכך כביסה מרוכז פריחה כחולה 1 ליטר,החברה הדרומית לשיווק בעמ,,מרכך כביסה מקסימה סו,יחידה,0.00,יחידה,false,,18.90,0.0000,true,1,30623
7290108350623,false,מרכך כביסה סופר מרוכז סופט סילק מקסימה 1 ל' סנו,החברה הדרומית לשיווק בעמ,,מרכך כביסה מקסימה סו,יחידה,0.00,יחידה,false,,18.90,0.0000,true,1,30624
7290108350715,false,"סנו פורטה FREE נוזל מרוכז להסרת שומנים 750 מ""ל",החברה הדרומית לשיווק בעמ,,פורטה פרי 750 מ`ל,מיליליטרים,750.00,"100 מ""ל",false,,15.90,0.0212,true,1,30631
7290108351781,false,ג'ל לניקוי אסלות + חומץ ומלח לימון בריח הדרים,החברה הדרומית לשיווק בעמ,,סנו ג'ט+לניקוי אסלות,מיליליטרים,750.00,"100 מ""ל",false,,11.90,0.0159,true,1,30681
7290108351804,false,מרכך כביסה סופר מרוכז Gentl Breeze סנו מקסימה 1 ליטר,החברה הדרומית לשיווק בעמ,,סנו מקסימה מרכך כביס,יחידה,0.00,יחידה,false,,18.90,0.0000,true,1,30682
7290108352443,false,סנובון מוצק לניקוי אסלה כחול סנו 3 יחידות,החברה הדרומית לשיווק בעמ,,סנובון מוצק שלישיה כ,גרמים,165.00,100 גרם,false,,17.90,0.1085,true,1,92209
7290108352450,false,ריצפז פרש הום בניחוח מרכך כביסה בלו בלוסום,החברה הדרומית לשיווק בעמ,,ריצפז פרש הום בניחוח,ליטרים,2.00,ליטר,false,,22.90,11.4500,true,1,98409
7290108352795,false,שקיות זיפר 50 יח`במידה M סנו סושי,החברה הדרומית לשיווק בעמ,,סנו סושי שקיות זיפר,יחידה,0.00,יחידה,false,,12.90,0.0000,true,1,30714
7290108353006,false,סנו סושי - שקיות אוכל נקשרות 250 יחידות XL,החברה הדרומית לשיווק בעמ,,סנו סושי 250 שקיות א,יחידה,0.00,יחידה,false,,13.90,0.0000,true,1,30734
7290108353020,false,4 תבניות אפייה מנייר מלבנית גדולה סנו סו,החברה הדרומית לשיווק בעמ,,סנו-סושי-4 תבניות אפ,יחידה,0.00,יחידה,false,,12.90,0.0000,true,1,30736
7290108353037,false,"תבניות אפיה עגולות מנייר קוטר 21 ס""מ",החברה הדרומית לשיווק בעמ,,סנו-סושי-4 תבניות אפ,יחידה,0.00,יחידה,false,,12.90,0.0000,true,1,30737
7290108353082,false,ממחטות אף בקופסה 2 שכבות סנו סופט 120 דף,החברה הדרומית לשיווק בעמ,,סנו סופט 120 ממחטות,יחידה,0.00,יחידה,false,,10.90,0.0000,true,1,30742
7290108353334,false,"כיף שמפו למניעת קשקשים עם שמן עץ התה ואסאי 700 מ""ל",החברה הדרומית לשיווק בעמ,,שמפו למניעת קשקשים ע,מיליליטרים,700.00,"100 מ""ל",false,,11.90,0.0170,true,1,30744
7290108353549,false,נייר אפיה 100 דפים סנו סושי,החברה הדרומית לשיווק בעמ,,נייר אפיה סנו סושי 1,יחידה,0.00,יחידה,false,,21.90,0.0000,true,1,30757
7290108353648,false,סנו סושי - שקיות אוכל מנייר 70 יחידות,החברה הדרומית לשיווק בעמ,,סנו סושי 70 שקיות או,יחידה,0.00,יחידה,false,,10.90,0.0000,true,1,80530
7290108354270,false,מרכך כביסה מרוכז בבישום עוצמתי 1 ל' סנו מקסימה,החברה הדרומית לשיווק בעמ,,מרכך בבישום עוצמתי מ,ליטרים,1.00,ליטר,false,,18.90,18.9000,true,1,190591
7290108354416,false,"תחליב רחצה יוגה, בניחוח ברגמוט 600מ""ל קרימה",החברה הדרומית לשיווק בעמ,,קרמה תחליב רחצה ספא,מיליליטרים,600.00,"100 מ""ל",false,,18.90,0.0315,true,1,290857
7290108354485,false,"קרליין מרכך 10 לשיער שמן ארגן 700 מ""ל",החברה הדרומית לשיווק בעמ,,מרכך לשיער ארגן קר,מיליליטרים,700.00,"100 מ""ל",false,,13.90,0.0199,true,1,233813
7290108354829,false,"קרם ידיים קרמה ורד וניל 100 מ""ל מ""ל",החברה הדרומית לשיווק בעמ,,קרם ידיים קרמה ורד ו,מיליליטרים,100.00,"100 מ""ל",false,,9.90,0.0990,true,1,92223
7290108355000,false,שמפו לילדים מיניונים נקה 7 (750 מל),החברה הדרומית לשיווק בעמ,,שמפו מיניונים נקה 7,מיליליטרים,750.00,"100 מ""ל",false,,11.90,0.0159,true,1,30765
7290108355178,false,"קרמה - קרם ידיים חמאת שיאה וקוקוי 100 מ""ל",החברה הדרומית לשיווק בעמ,,קרם ידיים קרמה חמאת,מיליליטרים,100.00,"100 מ""ל",false,,9.90,0.0990,true,1,92224
7290108355277,false,"נקה 7 - שמפו ומרכך לגבר 2 ב-1 750 מ""ל",החברה הדרומית לשיווק בעמ,,נקה 7 מן 2 ב-1 שמפו,מיליליטרים,750.00,"100 מ""ל",false,,11.90,0.0159,true,1,30786
7290108356090,false,"קרמה תרחיץ ג`ל לשטיפה אינטימית 220 מ""",החברה הדרומית לשיווק בעמ,,קרמה תרחיץ ג'ל לשטיפ,מיליליטרים,220.00,"100 מ""ל",false,,19.90,0.0905,true,1,143302
7290108356519,false,קרליין שמפו 10למניעת קשקשים 700מל,החברה הדרומית לשיווק בעמ,,שמפו לשיער בתוספת שמ,מיליליטרים,700.00,"100 מ""ל",false,,13.90,0.0199,true,1,215068
7290108356564,false,"קרליין - מרכך 10 לשיער רגיל 700 מ""ל",החברה הדרומית לשיווק בעמ,,מרכך לשיער רגיל קרלי,מיליליטרים,700.00,"100 מ""ל",false,,13.90,0.0199,true,1,215112
7290108357028,false,"תחליב רחצה כיף ורד ושמן קוקוי 700 מ""ל",החברה הדרומית לשיווק בעמ,,כיף תחליב רחצה ורד ו,מיליליטרים,700.00,"100 מ""ל",false,,11.90,0.0170,true,1,30822
7290108357394,false,"תחליב רחצה וניל ופלפל ורוד קרמה 700מ""ל",החברה הדרומית לשיווק בעמ,,קרמה תחליב רחצה חלב,מיליליטרים,700.00,"100 מ""ל",false,,16.90,0.0241,true,1,124196
7290108357400,false,"תחליב רחצה קרמה לבנדר ואקליפטוס 700 מ""ל",החברה הדרומית לשיווק בעמ,,קרמה תחליב רחצה לבנד,מיליליטרים,700.00,"100 מ""ל",false,,16.90,0.0241,true,1,86737
7290108357578,false,"קרם ידיים קרמה וניל ופלפל ורוד 100מ""ל",החב הדרומית לשיווק,,קרם ידיים בניחוח וני,מיליליטרים,100.00,"100 מ""ל",false,,9.90,0.0990,true,1,190605
7290108358070,false,"תחליב רחצה קלאסי קרמה 700מ""ל.",החברה הדרומית לשיווק בעמ,,קרמה תחליב רחצה קלאס,מיליליטרים,700.00,"100 מ""ל",false,,16.90,0.0241,true,1,103387
7290108359008,false,סושי שקיות זיפר עם סליידר 15 יח לארג',החברה הדרומית לשיווק בעמ,,שקיות זיפר עם סליידר,יחידה,0.00,יחידה,false,,14.90,0.0000,true,1,216468
7290108359077,false,סנו - סופט לושן ממחטות אף בקופסא 3 שכבות 120 יח',החברה הדרומית לשיווק בעמ,,ממחטות אף בקופסא 3 ש,יחידה,0.00,יחידה,false,,12.90,0.0000,true,1,216483
7290108359190,false,סנו סושי מגבות נייר בגליל כפול פי 3,החברה הדרומית לשיווק בעמ,,סנו סושי מגבות הפלא,יחידה,0.00,יחידה,false,,22.90,0.0000,true,1,326878
7290108359824,false,"כיף - בייבי כיף קרם 500 מ""ל",החברה הדרומית לשיווק בעמ,,קרם גוף HYDROMOIST ב,מיליליטרים,500.00,"100 מ""ל",false,,21.90,0.0438,true,1,30833
7290108359862,false,בייבי כיף אל סבון 1 ליטר,החברה הדרומית לשיווק בעמ,,אלסבון HYDROMOIST ב,ליטרים,1.00,ליטר,false,,18.90,18.9000,true,1,30837
7290108500271,false,שלישיית פטריות חתוך ויליפוד 290 גרם מהדרין,ג.וילי פוד אינטרנשיונל בעמ,,פטריות חתוך ויליפוד,גרמים,870.00,100 גרם,false,,13.00,0.0149,true,1,3037
7290108501971,false,חטיף בוטנים ומשמש הפי נאטס מארז 35X4ג',ג.וילי פוד אינטרנשיונל בעמ,,חטיף שקדים ומשמש HAP,גרמים,140.00,100 גרם,false,,12.90,0.0921,true,1,3121
7290108502381,false,בסיסים להכנת פיצה קוטר 26 וילי פוד 480ג',ג. וילי-פוד אינטרנשיונל בע`מ,,תחתיות לפיצה קוטר 26,יחידה,0.00,יחידה,false,,12.90,0.0000,true,1,3134
7290108503043,false,תפוחונים חטיף פלחים מיובשים מארז 22X4ג',ג. וילי-פוד אינטרנשיונל בע`מ,,מארז רביעייה תפוחוני,גרמים,88.00,100 גרם,false,,13.90,0.1580,true,1,3179
7290108503791,false,ניוקי תפוח אדמה 3 צבעים 500 גרם (ללא גלוטן),ג. וילי-פוד אינטרנשיונל בע`מ,,ניוקי תפוחי אדמה 3 צ,גרמים,500.00,100 גרם,false,,11.90,0.0238,true,1,128386
7290108507645,false,ביסקויט פריך בשוקולד מריר 100 גרם -קהילות,ג. וילי-פוד אינטרנשיונל בע`מ,,ביסקויט פריך בשוקולד,גרמים,100.00,100 גרם,false,,6.90,0.0690,true,1,225023
7290108507911,false,קינואה עם טונה וירקות - מוכן לאכילה,ג. וילי-פוד אינטרנשיונל בע`מ,,קינואה עם טונה וירקו,גרמים,160.00,100 גרם,false,,13.90,0.0869,true,1,147533
7290108509618,false,זיתים ירוקים על הגריל מגולענים במרינדה 730 גרם,,,זיתים ירוקים על הגרי,גרמים,730.00,100 גרם,false,,19.90,0.0273,true,1,179911
7290108509649,false,זיתי קלמטה מגולענים 780 גרם,,,זיתים קלמטה מגולענים,גרמים,780.00,100 גרם,false,,15.90,0.0204,true,1,179958
7290108509939,false,פרוסות פילה טונה בשמן זית כתית מעולה,ג. וילי-פוד אינטרנשיונל בע`מ,,פרוסות פילה טונה 120,גרמים,120.00,100 גרם,false,,12.90,0.1075,true,1,211571
7290108620054,false,יין אסטייט קברנה סובניון יבש אדום 750 מל,יקבי ציון (1982) בעמ,,יין אסטייט קברנה סוב,מיליליטרים,750.00,"100 מ""ל",false,,40.20,0.0536,true,1,81428
7290108620108,false,יין אימפריאל קברנה סובניון אדום 750 מל,יקבי ציון (1982) בעמ,,יין קברנה סובניון אי,מיליליטרים,750.00,"100 מ""ל",false,,30.20,0.0403,true,1,81431
7290109351025,false,מלך החומוס חומוסטחינה 40% טחינה גולמית,קבוצת אוסם סחר שותפות מוגבלת,,מלך החומוס חומוס טחי,גרמים,400.00,100 גרם,false,,12.90,0.0323,true,1,19948
7290109351971,false,פריכיות דגנים פיטנס מצופות שוקולד חלב,קבוצת אוסם סחר שותפות מוגבלת,,בר פריכיות שוקולד חל,גרמים,84.00,100 גרם,false,,14.90,0.1774,true,1,19953
7290109352916,false,פריכיות דגנים פיטנס מצופות שוקולד לבן,קבוצת אוסם סחר שותפות מוגבלת,,בר פריכיות שוקולד לב,גרמים,84.00,100 גרם,false,,14.90,0.1774,true,1,19957
7290109354101,false,קרקר לחמית ללא גלוטן 200 גר אסם,קבוצת אוסם סחר שותפות מוגבלת,,לחמית ללא גלוטן 200,גרמים,200.00,100 גרם,false,,10.90,0.0545,true,1,19145
7290109354972,false,אוסם - פתי בר וניל חלבי ללא גלוטן 200 גרם,קבוצת אוסם סחר שותפות מוגבלת,,אסם פתי בר ללא גלוטן,גרמים,200.00,100 גרם,false,,10.90,0.0545,true,1,19149
7290109580043,false,"שניצל תירס קלאסי זוגלובק 1.75 ק""ג",נקניק זוגלובק נהריה,,זוגלובק שניצל תירס 1,קילוגרמים,1.75,"ק""ג",false,,49.90,28.5143,true,1,100918
7290109580241,false,נאגטס מן הצומח זוגלובק 500 גרם,נקניק זוגלובק נהריה,,נאגטס מן הצומח זוגלו,גרמים,500.00,100 גרם,false,,19.90,0.0398,true,1,269992
7290109580258,false,מארז ח.עוף והודו+סלמי תה 600 גרם קהילות,זוגלובק שיווק בעמ,,זוג תה 300 + חרמון 3,גרמים,600.00,100 גרם,false,,24.90,0.0415,true,1,312698
7290109580302,false,מארז זוג תה מעושן 350+חזה עוף 350 זוגלובק,זוגלובק שיווק בעמ,,זוג תה מעושן 350 ג+ח,גרמים,700.00,100 גרם,false,,31.90,0.0456,true,1,312743
7290109920146,false,"דורגול מסיר אבנית מקומקומים 750 מ""ל",יעקב יעקבי ובניו בע`מ,,דורגול מסיר אבן לקומ,מיליליטרים,750.00,"100 מ""ל",false,,19.90,0.0265,true,1,11390
7290109921372,false,אסטוניש משחה לניקוי תנורים וגריל+ספוג 250 גרם,"יעקב יעקבי ובניו בע""מ",,משחת אסטוניש+ספוג 25,גרמים,250.00,100 גרם,false,,18.90,0.0756,true,1,11415
7290109923147,false,אסטוניש מהדורה פרימיום פלא של אקונומיקה,יעקב יעקבי ובניו בע`מ,,אסטוניש מרסס פלא של,מיליליטרים,750.00,"100 מ""ל",false,,13.90,0.0185,true,1,277774
7290110110352,false,בירה קרלסברג 0% אלכוהול בודד,החברה המרכזית להפצת משקאות בעמ,,קרסלברג 0% אלכהל בו,מיליליטרים,330.00,"100 מ""ל",false,,5.90,0.0179,true,1,7172
7290110110369,false,"שישייה בירה קרלסברג LUMA בקבוק 330 מ""ל",החברה המרכזית להפצת משקאות בעמ,,שישיית בירה קרלסברג,ליטרים,1.98,ליטר,false,,35.90,18.1313,true,1,74602
7290110110574,false,פחית קוקה קולה סליק זירו לימון 330 מל,החברה המרכזית להפצת משקאות בעמ,,פחית סליק קולה ZERO,מיליליטרים,330.00,"100 מ""ל",false,,5.50,0.0167,true,1,7183
7290110113476,false,בירה קרלסברג ללא אלכוהול - שישייה,החברה המרכזית להפצת משקאות בעמ,,קרלסברג 0.0 בקבוק 6*,ליטרים,1.98,ליטר,false,,32.60,16.4646,true,1,54222
7290110114787,false,נביעות+ מים מינרליים בטעם תפוח 1.5 ליטר,החברה המרכזית להפצת משקאות בעמ,,נביעות + תפוח 1.5 לי,ליטרים,1.50,ליטר,false,,9.50,6.3333,true,1,194851
7290110114794,false,נביעות+ מים מינרליים בטעם אפרסק 1.5 ליטר,החברה המרכזית להפצת משקאות בעמ,,נביעות + אפרסק 1.5 ל,ליטרים,1.50,ליטר,false,,9.50,6.3333,true,1,194852
7290110114800,false,נביעות+ מים מינרליים בטעם ענבים 1.5 ליטר,החברה המרכזית להפצת משקאות בעמ,,נביעות + ענבים 1.5 ל,ליטרים,1.50,ליטר,false,,9.50,6.3333,true,1,194853
7290110114855,false,"נביעות מים מינרליים, שישיה 6 * 1.5 ליטר פקדון",החברה המרכזית להפצת משקאות בעמ,,מי נביעות שישייה 1.5,ליטרים,9.00,ליטר,false,,14.90,1.6556,true,1,194881
7290110114893,false,מיץ תפוזים מפוסטר סחוט 2 ליטר,*החברה המרכזית להפצת משקאותבעמ,,פריגת סחוט תפוזים 2,ליטרים,2.00,ליטר,false,,29.20,14.6000,true,1,194772
7290110114985,false,משקה קל בטעם אשכוליות פריגת (1.5 ליטר),החברה המרכזית להפצת משקאות בעמ,,פריגת אשכולית 1.5 לי,ליטרים,1.50,ליטר,false,,9.90,6.6000,true,1,194910
7290110114992,false,משקה קל בטעם אשכוליות לייט פריגת (1.5 לי,החברה המרכזית להפצת משקאות בעמ,,פריגת דיאט אשכולית 1,ליטרים,1.50,ליטר,false,,9.90,6.6000,true,1,194911
7290110115005,false,משקה קל בטעם ענבים פריגת (1.5 ליטר),החברה המרכזית להפצת משקאות בעמ,,פריגת ענבים 1.5 ליטר,ליטרים,1.50,ליטר,false,,9.90,6.6000,true,1,194925
7290110115043,false,משקה קל בטעם לימונענע פריגת (1.5 ליטר),החברה המרכזית להפצת משקאות בעמ,,פריגת לימונענע 1.5 ל,ליטרים,1.50,ליטר,false,,9.90,6.6000,true,1,194995
7290110115050,false,משקה קל בטעם תות בננה פריגת (1.5 ליטר),החברה המרכזית להפצת משקאות בעמ,,פריגת מיקס תות בננה,ליטרים,1.50,ליטר,false,,9.90,6.6000,true,1,194996
7290110115081,false,פריגת צלול ענבים 1.5 ליטר פיקדון,החברה המרכזית להפצת משקאות בעמ,,פריגת צלול ענבים 1.5,ליטרים,1.50,ליטר,false,,9.90,6.6000,true,1,195060
7290110115104,false,פריגת צלול אפרסק 1.5 ליטר פיקדון,החברה המרכזית להפצת משקאות בעמ,,פריגת צלול אפרסק 1.5,ליטרים,1.50,ליטר,false,,9.90,6.6000,true,1,195078
7290110115111,false,פריגת צלול אננס 1.5 ליטר פיקדון,החברה המרכזית להפצת משקאות בעמ,,פריגת צלול אננס 1.5,ליטרים,1.50,ליטר,false,,9.90,6.6000,true,1,195079
7290110115128,false,פריגת צלול בטעם לימונענע 1.5 ליטר פיקדון,החברה המרכזית להפצת משקאות בעמ,,פריגת צלול בטעם לימו,ליטרים,1.50,ליטר,false,,9.90,6.6000,true,1,195080
7290110115180,false,נביעות מים מינרלים שקט 1.5 ליטר פיקדון,החברה המרכזית להפצת משקאות בעמ,,נביעות 1.5 ליטר,ליטרים,1.50,ליטר,false,,4.20,2.8000,true,1,209652
7290110115203,false,קוקה קולה 1.5 ליטר פיקדון,החברה המרכזית להפצת משקאות בעמ,,קוקה קולה 1.5 ליטר,ליטרים,1.50,ליטר,false,,8.90,5.9333,true,1,195083
7290110115210,false,קוקה קולה דיאט 1.5 ליטר פיקדון,החברה המרכזית להפצת משקאות בעמ,,דיאט קוקה קולה 1.5 ל,ליטרים,1.50,ליטר,false,,8.90,5.9333,true,1,195084
7290110115227,false,קוקה קולה Zero בקבוק 1.5 ליטר פיקדון,החברה המרכזית להפצת משקאות בעמ,,קוקה קולה זירו בקבוק,ליטרים,1.50,ליטר,false,,8.90,5.9333,true,1,195085
7290110115241,false,קוקה קולה דיאט לימון 1.5 ליטר פיקדון,החברה המרכזית להפצת משקאות בעמ,,קולה ZERO לימון 1.5,ליטרים,1.50,ליטר,false,,8.90,5.9333,true,1,195103
7290110115272,false,ZERO ספרייט 1.5 ליטר פיקדון,החברה המרכזית להפצת משקאות בעמ,,ספרייט זירו 1.5 ליטר,ליטרים,1.50,ליטר,false,,8.90,5.9333,true,1,195164
7290110115289,false,ספרייט 19 קל' לימון-נענע 1.5 ליטר פיקדון,החברה המרכזית להפצת משקאות בעמ,,ספרייט 19 קלוריות לי,ליטרים,1.50,ליטר,false,,8.90,5.9333,true,1,195179
7290110115296,false,גזוז בטעם תפוז פאנטה 1.5 ליטר פיקדון,החברה המרכזית להפצת משקאות בעמ,,פאנטה אורנג' 1.5 ליט,ליטרים,1.50,ליטר,false,,9.90,6.6000,true,1,195180
7290110115319,false,פאנטה אקזוטי פירות טרופיים 1.5ל פיקדון,החברה המרכזית להפצת משקאות בעמ,,פאנטה אקזוטיק 1.5 לי,ליטרים,1.50,ליטר,false,,9.90,6.6000,true,1,195196
7290110115340,false,פאנטה ענבים 1.5 ליטר פיקדון,החברה המרכזית להפצת משקאות בעמ,,פאנטה ענבים 1.5 ליטר,ליטרים,1.50,ליטר,false,,9.90,6.6000,true,1,195214
7290110115357,false,קינלי סודה 1.5 ליטר פיקדון,החברה המרכזית להפצת משקאות בעמ,,קינלי סודה 1.5 ליטר,ליטרים,1.50,ליטר,false,,4.50,3.0000,true,1,195228
7290110115364,false,קוקה קולה שישיות 1.5 ליטר פיקדון,החברה המרכזית להפצת משקאות בעמ,,קוקה קולה 6*1.5 ליטר,ליטרים,9.00,ליטר,false,,49.90,5.5444,true,1,195105
7290110115395,false,ספרייט זירו שישיות 1.5 ליטר פיקדון,החברה המרכזית להפצת משקאות בעמ,,ספרייט זירו 6* 1.5 ל,ליטרים,9.00,ליטר,false,,49.90,5.5444,true,1,195181
7290110115401,false,קינלי סודה שישייה 1.5 ליטר פיקדון,החברה המרכזית להפצת משקאות בעמ,,קינלי סודה 6*1.5 ליט,ליטרים,9.00,ליטר,false,,14.90,1.6556,true,1,205146
7290110115418,false,קוקה קולה זירו 1.5 ליטר מארז שישייה,החברה המרכזית להפצת משקאות בעמ,,קוקה קולה זירו שישיי,ליטרים,9.00,ליטר,false,,49.90,5.5444,true,1,195121
7290110115449,false,פיוז-טי תה מנגו אננס 1.5 ליטר פיקדון,החברה המרכזית להפצת משקאות בעמ,,פיוז טי מנגו אננס 1.,ליטרים,1.50,ליטר,false,,9.50,6.3333,true,1,195244
7290110115456,false,פיוז-טי תה אפרסק 1.5 ליטר 19 קל פיקדון,החברה המרכזית להפצת משקאות בעמ,,פיוז טי אפרסק 19 קל,ליטרים,1.50,ליטר,false,,8.90,5.9333,true,1,195245
7290110115494,false,תה קר בטעם ענבים פיוז טי 1.5 ליטר,החברה המרכזית להפצת משקאות בעמ,,פיוז טי ענבים 1.5 לי,ליטרים,1.50,ליטר,false,,9.50,6.3333,true,1,195278
7290110115593,false,פריגת אשכוליות 40% פחות סוכר 1.5 ליטר פיקדון,החברה המרכזית להפצת משקאות בעמ,,משקה קל בטעם אשכוליו,ליטרים,1.50,ליטר,false,,9.90,6.6000,true,1,195062
7290110115616,false,פיוז-טי תה גרין אננס זירו 1.5 ליטר פיקדו,החברה המרכזית להפצת משקאות בעמ,,פיוז טי ZERO גרין אנ,ליטרים,1.50,ליטר,false,,8.90,5.9333,true,1,221263
7290110115869,false,קוקה קולה זירו 1.5 ליטר פיקדון,תות תעשיות מזון (201,,קוקה קולה זירו בקבוק,ליטרים,1.50,ליטר,false,,8.90,5.9333,true,1,314081
7290110116132,false,"סירופ פריגת בטעם לימון 750 מ""ל פיקדון",החברה המרכזית להפצת משקאות בעמ,,סירופ פריגת טעם לימו,מיליליטרים,750.00,"100 מ""ל",false,,21.90,0.0292,true,1,270706
7290110116194,false,נביעות+ סדרת 0 קלוריות לימון-ליים 1.5 ליטר,החברה המרכזית להפצת משקאות בעמ,,נביעות+ לימון ליים 0,ליטרים,1.50,ליטר,false,,9.90,6.6000,true,1,286215
7290110116217,false,נביעות+ סדרת 0 קלוריות אשכוליות 1.5 ליטר,החברה המרכזית להפצת משקאות בעמ,,נביעות+ אשכולית 0 קל,ליטרים,1.50,ליטר,false,,9.50,6.3333,true,1,286216
7290110116385,false,"פחיות סטפאני מרשמלו אבטיח תות זירו 330 מ""ל",החברה המרכזית להפצת משקאות בעמ,,סליק זירו מרשמלו 33,מיליליטרים,330.00,"100 מ""ל",false,,5.50,0.0167,true,1,287833
7290110116484,false,פריגת סחוט מיקס תות בננה 1ליטר,*החברה המרכזית להפצת משקאותבעמ,,פריגת סחוט MIX תות ב,ליטרים,1.00,ליטר,false,,14.90,14.9000,true,1,305573
7290110116491,false,פריגת סחוט מיקס אפרסק משמש 1ליטר,*החברה המרכזית להפצת משקאותבעמ,,פריגת סחוט MIX אפרסק,ליטרים,1.00,ליטר,false,,14.90,14.9000,true,1,305588
7290110116507,false,פריגת סחוט מיקס אננס בננה אגס 1ליטר,*החברה המרכזית להפצת משקאותבעמ,,פריגת סחוט MIX אננס,ליטרים,1.00,ליטר,false,,14.90,14.9000,true,1,305589
7290110320867,false,פתיתים גבינה חצי קשה מגורדת 28% שומן,תנובה מרכז שיתופי לש,,עמק פתיתים למאפים 28,גרמים,500.00,100 גרם,false,,35.90,0.0718,true,1,26181
7290110321277,false,קוטג בקטנה 5%. 100 גרם מהדרין תנובה,פארייפאבה אגרואינדוס,,קוטג' תנובה בקטנה 5,גרמים,100.00,100 גרם,false,,2.60,0.0260,true,1,26212
7290110321284,false,קוטג' בקטנה 9% תנובה 100 גרם מהדרין,פארייפאבה אגרואינדוס,,קוטג' תנובה בקטנה 9,גרמים,100.00,100 גרם,false,,2.60,0.0260,true,1,26213
7290110322014,false,טופו בטעם טבעי תנובה ALTERNATIVE,שוורצקוף& הנקל דיסלד,,טופו טבעי 300 גרם,גרמים,300.00,100 גרם,false,,12.90,0.0430,true,1,26256
7290110323097,false,מעדן גבינה עם מחית תות-תאומים 80 גר`,תנובה בעמ ***,,תאומים 80 גרם גביע ב,גרמים,80.00,100 גרם,false,,1.90,0.0237,true,1,26287
7290110324711,false,ממרח סויה 9% שומן בטעם טבעי תנובה 250 גרם,מיוצר עי קונדיטוריית,,ממרח סויה 9% בטעם טב,גרמים,250.00,100 גרם,false,,8.90,0.0356,true,1,26401
7290110324858,false,מעדן שקדים בטעם אגוזי לוז תנובה 125 גרם,מיוצר עי קונדיטוריית,,מעדן שקדים בטעם אגוז,גרמים,125.00,100 גרם,false,,4.90,0.0392,true,1,26412
7290110324872,false,גבינה צהובה גלבוע (5% 200 גר`)תנובה,גלבוע - תנובה,,גלבוע גבינה פרוסה 5%,גרמים,200.00,100 גרם,false,,18.90,0.0945,true,1,26413
7290110325169,false,פרוסות גאודה 170 גר` קולקשיין תנובה,תנובה בעמ ***,,פרוסות גאודה 170 גרם,גרמים,170.00,100 גרם,false,,17.90,0.1053,true,1,61202
7290110325312,false,יופלה GO סויה 20 גרם חלבון בטעם תות תנובה 200 גרם,תנובה בעמ ***,,יופלה סויה גו 20 גרם,גרמים,200.00,100 גרם,false,,6.20,0.0310,true,1,26433
7290110325619,false,משקה שיבולת שועל תנובה E אלטרנטיב,מיוצר עי קונדיטוריית,,תנובה משקה שיבולת שו,יחידה,0.00,יחידה,false,,13.90,0.0000,true,1,26442
7290110326210,false,יופלה און טופ פצפוצים תנובה 157 גרם,מיוצר עי קונדיטוריית,,יופלה און טופ פצפוצי,גרמים,157.00,100 גרם,false,,4.90,0.0312,true,1,61181
7290110326227,false,יופלה און טופ קורנפלקס תנובה 157 גרם,מיוצר עי קונדיטוריית,,יופלה און טופ קורנפל,גרמים,157.00,100 גרם,false,,4.90,0.0312,true,1,61204
7290110326234,false,יופלה און טופ כוכבים תנובה 157 גרם,מיוצר עי קונדיטוריית,,יופלה און טופ כוכבים,גרמים,157.00,100 גרם,false,,4.90,0.0312,true,1,61205
7290110328627,false,יוגורט יופלה GO במרקם סמיך בטעם בננה קרמל 0%,מיוצר עי קונדיטוריית,,יוגורט גו סמיך 0% בנ,גרמים,200.00,100 גרם,false,,6.20,0.0310,true,1,151063
7290110328764,false,יוגורט יופלה GO במרקם סמיך עם תות 0%,מיוצר עי קונדיטוריית,,יוגורט גו סמיך 0% תו,גרמים,200.00,100 גרם,false,,6.20,0.0310,true,1,151079
7290110328771,false,יוגורט יופלה GO במרקם סמיך עם פירות יער 0%,מיוצר עי קונדיטוריית,,יוגורט גו סמיך 0% פי,גרמים,200.00,100 גרם,false,,6.20,0.0310,true,1,151064
7290110328788,false,יוגורט יופלה GO במרקם סמיך בטעם אפרסק 0%,תנובה מרכז שיתופי לש,,יוגורט גו סמיך 0% אפ,גרמים,200.00,100 גרם,false,,6.20,0.0310,true,1,151065
7290110329136,false,מעדן חלב מעושר בחלבון בטעם שוקולד 120 ג' GO,תנובה מרכז שיתופי לש,,מעדן חלב גו בטעם שוק,גרמים,120.00,100 גרם,false,,4.60,0.0383,true,1,199013
7290110329723,false,משקה חלב קר בטעם לאטה 230 גרם תנובה,תנובה מרכז שיתופי לש,,קפה קר בטעם לאטה תנו,מיליליטרים,230.00,"100 מ""ל",false,,6.90,0.0300,true,1,251987
7290110329792,false,יוגורט סויה BIO Alternative אפרסק 150 ג' תנובה,מיוצר עי קונדיטוריית,,סויה BIO אפרסק גביע,גרמים,150.00,100 גרם,false,,4.50,0.0300,true,1,221100
7290110329808,false,יוגורט סויה BIO Alternative תות 150 ג' תנובה,מיוצר עי קונדיטוריית,,סויה BIO תות גביע 15,גרמים,150.00,100 גרם,false,,4.50,0.0300,true,1,221101
7290110329815,false,סויה BIO מתיקות מעודנת גביע 150 גרם אלטרנטיב,מיוצר עי קונדיטוריית,,סויה BIO מתיקות מעוד,גרמים,150.00,100 גרם,false,,4.50,0.0300,true,1,221102
7290110329822,false,יוגורט סויה BIO Alternative פירות יער 150 ג' תנובה,מיוצר עי קונדיטוריית,,סויה BIO פירות יער ג,גרמים,150.00,100 גרם,false,,4.50,0.0300,true,1,221103
7290110329846,false,יוגורט סויה BIO Alternative בטעם טבעי 150 ג' תנובה,מיוצר עי קונדיטוריית,,סויה BIO טבעי גביע 1,גרמים,150.00,100 גרם,false,,4.50,0.0300,true,1,221104
7290110329914,false,מאגדת משקה שיבולת שועל ושקדים 100 גרם*6 יח' ביו אלטרנטיב,תנובה מרכז שיתופי לש,,מאגדת משקה שיבולת שו,גרמים,618.00,100 גרם,false,,18.90,0.0306,true,1,278296
7290110550219,false,מטבעות שוקולד לבן לאפיה 400 גרם עלית,"שטראוס גרופ בע""מ",,מטבעות שוקולד לבן לא,גרמים,400.00,100 גרם,false,,29.90,0.0747,true,1,251845
7290110550370,false,פריכיות משולשות קינואה ופלפל שחור 65 גרם,"שטראוס גרופ בע""מ",,אנרגי פריכיות משולשו,גרמים,65.00,100 גרם,false,,9.90,0.1523,true,1,312487
7290110552220,false,יוגורט PRO בטעם תות 0% סוכר לבן 20 גרם חלבון בגביע,שטראוס גרופ בעמ/מצונן,,דנונה PRO 20 גרם חלב,גרמים,200.00,100 גרם,false,,5.90,0.0295,true,1,214945
7290110552237,false,יוגורט פרו בטעם אפרסק מנגו ללא סוכר 200 ג' דנונה,שטראוס גרופ בעמ/מצונן,,דנונה PRO 20 גרם חלב,גרמים,200.00,100 גרם,false,,5.90,0.0295,true,1,214931
7290110553029,false,"אנרג'י קריספס-פריכיות חומוס, עדשים ואפונה עם קייל וסלק","פרח תעשיו מזון בע""מ",,פריכיות חלבון קייל ח,גרמים,60.00,100 גרם,false,,9.90,0.1650,true,1,217865
7290110553173,false,אנרגי פריכיות אורז בטעם קרמל 50 גרם,סאנורייס בלגיום,,פריכיות אורז בטעם קר,גרמים,40.00,100 גרם,false,,6.90,0.1725,true,1,312666
7290110553180,false,אנרגי פריכיות אורז בטעם תפוח קינמון 50 ג,שטראוס גרופ בע`מ,,פריכיות עם תפוח וקינ,גרמים,40.00,100 גרם,false,,6.90,0.1725,true,1,312667
7290110554422,false,פומודורו רוטב עגבניות ופלפלים לשקשוקה לפסטה יד מרדכי 350 גרם,אמיליאנה קונסרב סוסייטה,,רוטב עגבניות ופלפלים,גרמים,350.00,100 גרם,false,,10.90,0.0311,true,1,229176
7290110554514,false,קפה טורקי איתיופי שקית 100 גרם,שטראוס קפה בי.וי.,,קפה טורקי אתיופי עלי,גרמים,100.00,100 גרם,false,,9.90,0.0990,true,1,273637
7290110554583,false,מארז חטיפי צ'יטוס פאפס בטעם גבינה - 10 יחידות,"שטראוס פריטו ליי בע""\מ )",,מארז צ'יטוס PUFFS בט,גרמים,200.00,100 גרם,false,,12.90,0.0645,true,1,208006
7290110555009,false,זוג פסאטה מחית עגבניות חלקה יד מרדכי 700 גרם,אמיליאנה קונסרב ס.פ.,,פסאטה זוגות 700 גרם,גרמים,700.00,100 גרם,false,,11.90,0.0170,true,1,297220
7290110555306,false,רבע לשבע טבעוני סינמון באן עלית 125 גרם,"הגביע מוצרי וופלים בע""\מ",,רבע לשבע טבעוני סינמ,גרמים,120.00,100 גרם,false,,11.90,0.0992,true,1,254902
7290110555603,false,ספלנדיד אבקה להכנת משקה בטעם שוקולטה,"שטראוס גרופ בע""מ",,אבקה להכנת שוקולטה ס,גרמים,360.00,100 גרם,false,,22.90,0.0636,true,1,322259
7290110556242,false,"שוקולד מריר פרווה 100 גר' בד""ץ תוצרת חוץ","שטראוס גרופ בע""מ.",,שוקולד מריר מעולה 10,גרמים,100.00,100 גרם,false,,5.70,0.0570,true,1,301478
7290110557133,false,מעדן הגולן וניל 125 ג' שטראוס,שטראוס גרופ בעמ/מצונן,,מעדן הגולן מעדן חלב,גרמים,125.00,100 גרם,false,,2.90,0.0232,true,1,193587
7290110557478,false,חומוס גלילי במרקם מעודן 600 גרם,שטראוס גרופ בעמ/מצונן,,חומוס גלילי אחלה 60,גרמים,600.00,100 גרם,false,,12.90,0.0215,true,1,242462
7290110558154,false,דנונה לייט אנד פרי עוגת תפוחים 150ג דנונה,שטראוס גרופ בעמ/מצונן,,דנונה לייט אנד פרי ת,גרמים,150.00,100 גרם,false,,4.90,0.0327,true,1,277192
7290110559762,false,ריל מאגדת אגוזים תמרים קוקוס שטראוס 105 גרם,"ואמואליס פודס אס.איי,",,מאגדת חטיף Real אנר,גרמים,105.00,100 גרם,false,,15.90,0.1514,true,1,277448
7290110560317,false,"הפריכיות הטעימות חומוס, עדשים שחורות, קינואה ומלח ים","פרח תעשיו מזון בע""מ",,פריכיות משולשות מלח,גרמים,30.00,100 גרם,false,,5.50,0.1833,true,1,22980
7290110560324,false,"הפריכיות הטעימות תפו""א, אורז, אפונה ומלח ים","פרח תעשיו מזון בע""מ",,פריכיות משולשות אפונ,גרמים,30.00,100 גרם,false,,5.50,0.1833,true,1,22981
7290110561352,false,דנונה יוגורט ביו פרוביוטי 3% דל לקטוז 150ג',שטראוס גרופ בעמ/מצונן,,דנונה ביו דל לקטוז ב,גרמים,200.00,100 גרם,false,,3.90,0.0195,true,1,23917
7290110561604,false,מארז 8 יחידות מעדן גמדים בטעם תות בננה,שטראוס גרופ בעמ/מצונן,,שמיניית גמדים תות בנ,גרמים,800.00,100 גרם,false,,18.90,0.0236,true,1,23926
7290110563462,false,חלב 2% דל לקטוז בבקבוק יטבתה 1 ליטר.,שטראוס גרופ בעמ/מצונן,,יטבתה חלב בבקבוק נטו,ליטרים,1.00,ליטר,false,,8.90,8.9000,true,1,23933
7290110564339,false,חומוס אחלה הסידרה המובחר 30% טחינה 400 גר',שטראוס גרופ בעמ/מצונן,,חומוס הסדרה המובחרת,גרמים,400.00,100 גרם,false,,13.90,0.0348,true,1,23940
7290110564414,false,חומוס אחלה הסידרה המובחר 30% טחינה 600 גר',שטראוס גרופ בעמ/מצונן,,חומוס הסדרה המובחרת,גרמים,600.00,100 גרם,false,,14.90,0.0248,true,1,23945
7290110565527,false,יוגורט PRO פרו 1.5% 20 גרם חלבון בגביע,שטראוס גרופ בעמ/מצונן,,דנונה PRO 20 גרם חלב,גרמים,200.00,100 גרם,false,,5.90,0.0295,true,1,23958
7290110566975,false,דנונה פרו יוגורט 0% תות עשיר בחלבון 200ג',שטראוס גרופ בעמ/מצונן,,דנונה PRO 20 גרם חלב,גרמים,200.00,100 גרם,false,,5.90,0.0295,true,1,23968
7290110571405,false,עלית - מיני פינוקיות בגביע פסק זמן 180 גרם,שטראוס גרופ בע`מ,,מיני פינוקיות פסק זמ,גרמים,180.00,100 גרם,false,,10.90,0.0606,true,1,320850
7290110571412,false,מיני פינוקיות - פאדג' שוקולד בגביע 180 גרם,"שטראוס גרופ בע""מ",,מיני פינוקיות בגביע,גרמים,180.00,100 גרם,false,,10.90,0.0606,true,1,320835
7290110571535,false,מארז קפה טורקי הל עלית 300 גרם,שטראוס קפה בי.וי.,,קפה עלית טורקי הל מא,גרמים,300.00,100 גרם,false,,24.90,0.0830,true,1,251794
7290110572976,false,כיף כף גביע פצפוצים קרם לבן 135 גרם,שולן צ'יקולטה גידה ס,,כיף כף פצפצים קרם לב,גרמים,135.00,100 גרם,false,,11.90,0.0881,true,1,277235
7290110576752,false,טבלאות שוקולד ספלנדיד מריר 70% 100 ג' עלית,"שטראוס גרופ בע""מ",,שוקולד ספלנדיד מריר,גרמים,100.00,100 גרם,false,,11.90,0.1190,true,1,321060
7290110576776,false,טבלאות שוקולד ספלנדיד מריר 85% 100 ג' עלית,שטראוס גרופ בע`מ,,שוקולד ספלנדיד מריר,גרמים,100.00,100 גרם,false,,11.90,0.1190,true,1,321061
7290111093005,false,"I-CARE מג'להסרת איפור, 25 יח בפלופק",די.פי.אל תעשיות מוצר,,מגבונים להסרת איפור,יחידה,0.00,יחידה,false,,8.90,0.0000,true,1,29605
7290111094248,false,"קוויק שקית אשפה חזקה וגדולה במיוחד (90*78), 20 יח'",שקד תבל בע`מ,,שקיות אשפה XL עם שרו,יחידה,0.00,יחידה,false,,19.90,0.0000,true,1,29606
7290111096921,false,קוויק מגבונים לניקוי כללי בתוספת חומץ ומלח לימון 50 יח',שקד תבל בע`מ,,מטליות לחות לניקוי ב,יחידה,0.00,יחידה,false,,7.90,0.0000,true,1,193944
7290111098536,false,מגבונים לחים לתינוק,,,מגבונים לחים לתינוק,יחידה,0.00,יחידה,false,,14.90,0.0000,true,1,245364
7290111340178,false,מטליות לחות לניקוי כללי בניחוח מרכך כביסה 50 יח' ניקול,קימברלי קלארק ישראל שיווק בעמ,,מטליות לחות לניקוי כ,יחידה,0.00,יחידה,false,,11.90,0.0000,true,1,9115
7290111340185,false,מטליות לחות רצפה ניחוח מרכך כביסה ניקול 10 יחידות,קימברלי קלארק ישראל שיווק בעמ,,ניקול לחות לניקוי רצ,יחידה,0.00,יחידה,false,,10.90,0.0000,true,1,9116
7290111342738,false,לילי - מגבוני נייר טואלט לח קידס רביעייה,קימברלי קלארק ישראל שיווק בעמ,,לילי טואלט לח KIDS מ,יחידה,0.00,יחידה,false,,19.90,0.0000,true,1,9155
7290111343797,false,מטליות לחות לניקוי חלונות 48 יח' ניקול,קימברלי קלארק ישראל שיווק בעמ,,ניקול מטליות לחות לנ,יח',50.00,יח',false,,9.90,0.1980,true,1,88272
7290111343827,false,מטליות רב שימושיות לניקוי וקירצוף 6 יחי',קימברלי קלארק ישראל שיווק בעמ,,ניקול מטליות רב שימו,יח',9.00,יח',false,,9.90,1.1000,true,1,88273
7290111344138,false,שישיית מטליות רב סיבי נחושת אנטיבקטראלי,קימברלי קלארק ישראל שיווק בעמ,,מטליות לחות אנטיבקטר,יח',0.00,יח',false,,13.90,0.0000,true,1,75430
7290111344206,false,האגיס נטורל קר מגבונים לחים בבישום עדין רביעייה,קימברלי קלארק ישראל שיווק בעמ,,מגבוני האגיס נטורל ק,יחידה,0.00,יחידה,false,,18.90,0.0000,true,1,192033
7290111344732,false,קלינקס - טיישו אלרג'י קומפורט ניילון זוגות 140 דף,קימברלי קלארק ישראל שיווק בעמ,,קלינקס אלרג'י קומפור,יחידה,0.00,יחידה,false,,12.90,0.0000,true,1,184335
7290111344930,false,מטליות לחות לרצפה בניחוח כביסה ארומתרפיה ניקול 10 יח',קימברלי קלארק ישראל שיווק בעמ,,מטליות לחות לניקוי ר,יח',10.00,יח',false,,10.90,1.0900,true,1,208622
7290111345753,false,תחבושות נטורל דואו נורמל 24 יח' קוטקס,קימברלי קלארק ישראל שיווק בעמ,,תחבושות כותנה נורמל,יחידה,0.00,יחידה,false,,19.90,0.0000,true,1,231502
7290111346293,false,מגבת נייר ניקול 6 יחידות מהדורה חגיגית,קימברלי קלארק ישראל שיווק בעמ,,מגבות מטבח ניקול לבנ,מטרים,64.80,מטר,false,,11.80,0.1821,true,1,260804
7290111350726,false,חטיף נאצוס הוטפופ בסגנון מקסיקני 322 גר,ליימן שליסל בע`מ,,הוטפופ נאצ'וס בסגנון,גרמים,322.00,100 גרם,false,,16.90,0.0525,true,1,12817
7290111352140,false,חמוציות מיובשות ברכז תפוחים קליית גת 150 גרם,ליימן שליסל בעמ,,חמוציות מיובשות ברכז,גרמים,150.00,100 גרם,false,,11.90,0.0793,true,1,12831
7290111352973,false,יוגוטה קוביות חמוצות ממולאות בטעם פירות,ליימן שליסל בע`מ,,יוגטה קוביות חמוציות,גרמים,220.00,100 גרם,false,,6.90,0.0314,true,1,88086
7290111353123,false,"גומי נחש מסוכר 200 גר' וסטהיים (כש""לפ בית יוסף)",טופגם תעשיות ממתקים,,יוגטה סוכריות גומי נ,גרמים,200.00,100 גרם,false,,9.90,0.0495,true,1,102332
7290111353680,false,גרעיני חמנייה 350 גרם קליית גת,ליימן שליסל בעמ,,גרעיני חמנייה 350 גר,גרמים,350.00,100 גרם,false,,10.00,0.0286,true,1,143921
7290111354748,false,כדורגל קליית גת מתנה,ליימן שליסל,,כדורגל קליית גת מתנה,יחידה,0.00,יחידה,false,,0.01,0.0000,true,1,312087
7290111534010,false,פס גבינה שמנת פירורים קפולסקי 400 גרם,תופינים מקבוצת קפולסקי,,פס גבינה שמנת ופירור,גרמים,450.00,100 גרם,false,,40.90,0.0909,true,1,39957
7290111564277,false,פריכיות דקות ונימוחות 3 דגנים פיטנס Fitness,קבוצת אוסם סחר שותפות מוגבלת,,פריכיות 3 דגנים דקות,גרמים,120.00,100 גרם,false,,11.90,0.0992,true,1,19218
7290111564291,false,פריכיות דקות ונימוחות 3 דגנים וקינואה פיטנס Fitness,קבוצת אוסם סחר שותפות מוגבלת,,פריכיות קינואה דקות,גרמים,120.00,100 גרם,false,,11.90,0.0992,true,1,19219
7290111564666,false,כדורי בשר צמחוניים עם המון חלבון,קבוצת אוסם סחר שותפות מוגבלת,,כדורי בשר 500 גרם,גרמים,630.00,100 גרם,false,,32.90,0.0522,true,1,20002
7290111565038,false,"לה קרמריה וניל קוקילידה בד""צ 1.4 ל'",נגה גלידות שותפות מוגבלת,,לה קרמריה בטעם וניל,ליטרים,1.40,ליטר,false,,22.90,16.3571,true,1,16222
7290111566240,false,שניצל דק מן הצומח בטעם צ'ילי חריף 700 גרם,קבוצת אוסם סחר שותפות מוגבלת,,שניצל דק צמחוני בטע,גרמים,564.00,100 גרם,false,,32.90,0.0583,true,1,20009
7290111566271,false,טבעול חטיפי תירס 657 גרם קפוא,קבוצת אוסם סחר שותפות מוגבלת,,חטיפי תירס טבעול 65,גרמים,657.00,100 גרם,false,,32.90,0.0501,true,1,20010
7290111566417,false,טבעול טחון מן הצומח משופר 400 גרם,קבוצת אוסם סחר שותפות מוגבלת,,טחון מן הצומח 500,גרמים,500.00,100 גרם,false,,32.90,0.0658,true,1,20014
7290111566547,false,טבעול חזה בגריל צמחוני 99 קלוריות 560ג',קבוצת אוסם סחר-שות.מוגבלת,,חזה בגריל מו הצומח,גרמים,560.00,100 גרם,false,,32.90,0.0587,true,1,20016
7290111566561,false,"שניצל ברוקולי 99 קלוריות 560 גר' ""טבעול""",קבוצת אוסם סחר שותפות מוגבלת,,טבעול שניצל ברוקולי,גרמים,630.00,100 גרם,false,,32.90,0.0522,true,1,20017
7290111566585,false,"שניצל צמחוני 99 קלוריות 650 גר' ""טבעול""",קבוצת אוסם סחר שותפות מוגבלת,,שניצל מן הצומח מופח,גרמים,650.00,100 גרם,false,,32.90,0.0506,true,1,20018
7290111566714,false,טבעול המבורגר צמחוני 99 קלוריות 600 גרם,קבוצת אוסם סחר שותפות מוגבלת,,המבורגר מן הצומח 6,גרמים,600.00,100 גרם,false,,32.90,0.0548,true,1,20021
7290111566752,false,טבעול שניצל תירס 99 קלוריות 693 גרם,קבוצת אוסם סחר שותפות מוגבלת,,שניצל תירס לייט טבעו,גרמים,693.00,100 גרם,false,,32.90,0.0475,true,1,20023
7290111566776,false,"נקניקיות קוקטייל מן הצומח 680 גרם ""טבעול""",קבוצת אוסם סחר שותפות מוגבלת,,נקנקיות קוקטייל מן,גרמים,680.00,100 גרם,false,,32.90,0.0484,true,1,20024
7290111568206,false,ביסלי פארטי מיקס אסם 150 גר',קבוצת אוסם סחר שותפות מוגבלת,,ביסלי פארטי מיקס ברב,גרמים,150.00,100 גרם,false,,7.90,0.0527,true,1,19265
7290111568275,false,אטריות נודלס אורז רחבות אסם אסייתי 300גרם,קבוצת אוסם סחר שותפות מוגבלת,,נודלס אטריות אורז רח,גרמים,300.00,100 גרם,false,,8.90,0.0297,true,1,19267
7290111568466,false,רוטב אסייתי למוקפץ הסדרה האסייתית,קבוצת אוסם סחר שותפות מוגבלת,,אסם רוטב אסיאתי למוק,מיליליטרים,290.00,"100 מ""ל",false,,12.90,0.0445,true,1,19274
7290111930898,false,חטיף פוף כוכבים גריל אמריקאי 40 גרם,ש. שסטוביץ בע`מ,,פוף כוכבים גריל אמרי,גרמים,40.00,100 גרם,false,,4.90,0.1225,true,1,21787
7290111930911,false,חטיף פוף לבבות קלאסי 40 גרם,ש. שסטוביץ בע`מ,,פוף לבבות קלאסי 40 ג,גרמים,40.00,100 גרם,false,,3.90,0.0975,true,1,21789
7290111930928,false,חטיף פוף לבבות גריל 40 גרם,ש. שסטוביץ בע`מ,,"פוף לבבות גריל 40 ג""",גרמים,40.00,100 גרם,false,,3.90,0.0975,true,1,21790
7290111932502,false,"משחת שיניים קולגייט אופטיק וייט אקספרט וויט 75 מ""ל",ש.שסטוביץ בעמ,,מש.שיניים אופטיק ויי,מיליליטרים,75.00,"100 מ""ל",false,,29.90,0.3987,true,1,21807
7290111933462,false,"רוטב צ'ילי מתוק מאסטר שף 300 מ""ל",ש. שסטוביץ בע`מ,,רוטב צ'ילי מתוק 300,מיליליטרים,300.00,"100 מ""ל",false,,10.90,0.0363,true,1,21816
7290111933554,false,שלישייה עגבניות קוביות מאסטר שף 400 גרם,קונסוריזיו קאסאלסקו,,עגבניות קוביות מאסטר,קילוגרמים,1.20,"ק""ג",false,,15.90,13.2500,true,1,21821
7290111935527,false,"מ. שיניים קולגייט טוטל קלין מיניט -זוג כשל""פ2*100 גרם",קולגייט פלמוליב,,קולגייט טוטל קלין מי,מיליליטרים,200.00,"100 מ""ל",false,,29.90,0.1495,true,1,21826
7290111935961,false,מאסטר שף מחית עגבניות 690 גרם,פראנו אנריקו ופיגלי,,מחית עגבניות מאסטר ש,גרמים,690.00,100 גרם,false,,10.50,0.0152,true,1,21835
7290111936487,false,"קולגייט זוג משחת שיניים טוטל קלין להלבנה 100 מ""ל",קולגייט פלמוליב,,קולגייט טוטל הלבנה ז,מיליליטרים,200.00,"100 מ""ל",false,,29.90,0.1495,true,1,21845
7290111936647,false,משחת שיניים קולגייט מקס פרש מארז זוג כשר,קולגייט פלמוליב,,קולגייט מקס זוג 2*12,מיליליטרים,250.00,"100 מ""ל",false,,29.90,0.1196,true,1,21846
7290111936784,false,מארז חמישיית חטיפי תמרים ואגוזי לוז פרי 125 גרם,"טבעית מוצרים מהטבע בע""\מ",,פרי מארז חטיפים תמרי,גרמים,125.00,100 גרם,false,,14.90,0.1192,true,1,21847
7290111937712,true,רדיד אלומניום,,,רדיד אלומניום,,0.00,,false,,19.90,0.0000,true,1,64833
7290112000736,false,פיניש טבליות AIO 80 יח` אריזת חיסכון,רקיט בנקיזר (ניר איסט) בעמ,,פיניש הכל ב-1 80 טבל,יחידה,0.00,יחידה,false,,59.90,0.0000,true,1,21037
7290112000798,false,"דיטול תרסיסי חיטוי וניקוי אנטי בקטריאלי 750 מ""ל",רקיט בנקיזר (ניר איסט) בעמ,,מחטא משטחים לימון מנ,מיליליטרים,750.00,"100 מ""ל",false,,16.90,0.0225,true,1,21038
7290112001238,false,"מנקה מכונת כביסה קולון לימון 250 מ""ל",רקיט בנקיזר (ניר איסט) בעמ,,מנקה מכונות כביסה קו,יחידה,0.00,יחידה,false,,22.90,0.0000,true,1,21052
7290112001436,false,"פיניש מנקה מדיח כלים בניחוח לימון 250 מ""ל",רקיט בנקיזר (ניר איסט) בעמ,,פיניש מנקה מדיח בניח,מיליליטרים,250.00,"100 מ""ל",false,,14.90,0.0596,true,1,21054
7290112002099,false,קולון גל כביסה מרוכז 2.5 ליטר קלאסי,רקיט בנקיזר (ניר איסט) בעמ,,קולון ג'ל 2.5 ליטר ב,ליטרים,2.50,ליטר,false,,24.90,9.9600,true,1,21065
7290112002136,false,ג'ל כביסה מרוכז קולון 101 קלאסי,רקיט בנקיזר (ניר איסט) בעמ,,קולון ג'ל 4 ליטר רגי,ליטרים,4.00,ליטר,false,,34.90,8.7250,true,1,21069
7290112002457,false,דטול - שלישיית מגבונים לניקוי וחיטוי בניחוח לימון,רקיט בנקיזר (ניר איסט) בעמ,,דטול מגבונים לניקוי,יחידה,0.00,יחידה,false,,24.90,0.0000,true,1,21086
7290112002983,false,מרסס סיליט חומצת לימון לניקוי כללי 750מל,רקיט בנקיזר (ניר איסט) בעמ,,סיליט חומצת לימון לנ,מיליליטרים,750.00,"100 מ""ל",false,,13.90,0.0185,true,1,82048
7290112003973,false,"וניש אבקה ורודה מולטי פאואר 1.350 ק""ג א. חסכון חדש להלבנה",רקיט בנקיזר (ניר איסט) בעמ,,וניש מסיר כתמים אבקה,גרמים,1350.00,100 גרם,false,,35.90,0.0266,true,1,170388
7290112003980,false,"וניש מסיר כתמים אבקה לכביסה 1.35ק""ג לבן",רקיט בנקיזר (ניר איסט) בעמ,,וניש מסיר כתמים אבקה,גרמים,1350.00,100 גרם,false,,35.90,0.0266,true,1,170389
7290112005052,false,וניש תוסף כביסה רב תכליתי לבגדים לבנים,רקיט בנקיזר (ניר איסט) בעמ,,וניש אבקה לכביסה לבנ,ליטרים,1500.00,100 ליטר,false,,39.90,0.0266,true,1,277815
7290112005083,false,וניש תוסף כביסה רב תכליתי לכביסה צבעונית,רקיט בנקיזר (ניר איסט) בעמ,,וניש אבקה לכביסה צבע,ליטרים,1.50,100 ליטר,false,,39.90,26.6000,true,1,277801
7290112195227,false,איטריות ביצים ד`ע`ות 500 גר`,גורי מוצרי צריכה 1991 בעמ,,אטריות ביצים דקיקות,גרמים,500.00,100 גרם,false,,13.90,0.0278,true,1,172943
7290112195579,false,שמן זית כתית מעולה 7,אסאס דל סור,,שמן זית איטליה 750 מ,מיליליטרים,750.00,"100 מ""ל",false,,35.90,0.0479,true,1,203078
7290112196514,false,חטיפי קרקר כוסמין 180 גר,גורי מוצרי צריכה (1991) בעמ,,חטיף קרקר מקור הכוסמ,גרמים,180.00,100 גרם,false,,9.90,0.0550,true,1,216703
7290112197146,false,תחליף סוכר לכל מטרה טרוביה 360 גר*2,גורי ע.ע.ע. בעמ,,זוג תחלפי סוכר לכל מ,גרמים,720.00,100 גרם,false,,56.90,0.0790,true,1,303224
7290112330352,false,"יוגורט PRO בטעם וניל 0% , 20 גרם חלבון בגביע",שטראוס גרופ בעמ/מצונן,,דנונה פרו 20 גר וניל,גרמים,200.00,100 גרם,false,,5.90,0.0295,true,1,23990
7290112330390,false,דנונה פרו פירות יער 20 גרם חלבון 0% שומן 200 גרם,שטראוס גרופ בעמ/מצונן,,דנונה פרו 20 גר פירו,גרמים,200.00,100 גרם,false,,5.90,0.0295,true,1,23992
7290112332585,false,פריכיות משולש תפוא אורז בתיבול סלק ומלח ים אנרג'י 30 גרם,"פרח תעשיו מזון בע""מ",,"פריכיות הטעימות תפו""",גרמים,30.00,100 גרם,false,,5.50,0.1833,true,1,23081
7290112332691,false,פינוקיות עוגיות קרם פסק זמן אגוזים 200 גרם,"הגביע מוצרי וופלים בע""\מ",,פינוקיות עוגיית קרם,גרמים,200.00,100 גרם,false,,10.90,0.0545,true,1,23083
7290112332899,false,עלית - צנצנת בזוקה פופים קלאסי 58 גרם,שטראוס גרופ בע`מ,,מאסט בזוקה פופים קלא,גרמים,58.00,100 גרם,false,,9.90,0.1707,true,1,23087
7290112334596,false,שוקולית אבקת שוקו עלית,שטראוס קפה בי.וי.,,אבקה להכנת שוקו 850,גרמים,935.00,100 גרם,false,,17.90,0.0191,true,1,325357
7290112334749,false,קפה טורקי בצלופן עלית 200 גרם+ 10% תוספת,"שטראוס גרופ בע""מ",,עלית טורקי שקית 200,גרמים,220.00,100 גרם,false,,15.90,0.0723,true,1,23089
7290112335487,false,הפריכיות הטעימות קצח ודגנים אנרג'י 135 גרם,אנרג'י Energy - שטראוס,,פריכיות הטעימות קצח,גרמים,135.00,100 גרם,false,,11.90,0.0881,true,1,23097
7290112335494,false,הפריכיות הטעימות תפוחי אדמה בטעם פוטטוס,"פרח תעשיות מזון בע""\מ",,פריכיות הטעימות פוטט,גרמים,135.00,100 גרם,false,,11.90,0.0881,true,1,23098
7290112335500,false,"פרכיות אנרג'י חומוס,אורז,עדשים שחורות וקינואה 135 גרם","פרח תעשיות מזון בע""\מ",,פריכיות הטעימות עשיר,גרמים,135.00,100 גרם,false,,11.90,0.0881,true,1,23099
7290112336637,false,סוכריות מאסט Must ללא סוכר יוגורט תות ואוכניות,"שטראוס גרופ בע""מ",,"סוכריות מאסט לל""ס יו",גרמים,80.00,100 גרם,false,,7.90,0.0988,true,1,23110
7290112336644,false,סוכריות מאסט ללא סוכר לימון 80 ג' עלית,"שטראוס גרופ בע""מ",,"סוכריות מאסט לל""ס לי",גרמים,80.00,100 גרם,false,,7.90,0.0988,true,1,23111
7290112336651,false,סוכריות מאסט ללא סוכר ריבת חלב 80 ג' עלית,"שטראוס גרופ בע""מ",,סוכריות מאסט ללא סוכ,גרמים,80.00,100 גרם,false,,7.90,0.0988,true,1,23112
7290112337481,false,סוכריות מאסט ללא סוכר קפצ''ינו 80 ג' עלית,שטראוס גרופ בע`מ,,"סוכריות מאסט לל""ס קפ",גרמים,80.00,100 גרם,false,,7.90,0.0988,true,1,23116
7290112339171,false,מעדן מוס שוקולד 81 גר`מילקי,שטראוס גרופ בעמ/מצונן,,מילקי מוס 81 גרם.,גרמים,81.00,100 גרם,false,,3.50,0.0432,true,1,24031
7290112339362,false,דנונה לייט אנד פריי בטעם קפוצ'ינו 150 גרם,שטראוס גרופ בעמ/מצונן,,דנונה לייט אנד פריי,גרמים,150.00,100 גרם,false,,4.90,0.0327,true,1,24038
7290112339867,false,גמדים לדרך גבינה לבנה עם מחית תות,שטראוס גרופ בעמ/מצונן,,גמדים סקוויז בודד תו,גרמים,100.00,100 גרם,false,,5.90,0.0590,true,1,24051
7290112339874,false,גמדים לדרך גבינה לבנה עם מחיות תות ובננה,שטראוס גרופ בעמ/מצונן,,גמדים סקוויז בודד תו,גרמים,100.00,100 גרם,false,,5.90,0.0590,true,1,24052
7290112340122,false,הפריכיות הטעימות 3 דגנים אנרג'י 135 גרם,"פרח תעשיות מזון בע""\מ",,פריכיות הטעימות 3 דג,גרמים,135.00,100 גרם,false,,11.90,0.0881,true,1,23125
7290112340276,false,פינוקיות עוגיית קרם קפה נמס 200 גרם,"הגביע מוצרי וופלים בע""\מ",,פינוקיות עוגיית קרם,גרמים,200.00,100 גרם,false,,10.90,0.0545,true,1,23129
7290112341556,false,יוגורט אקטיביה עם צ'יה ותות 150 גרם,שטראוס גרופ בעמ/מצונן,,אקטיביה עם צ'יה ותות,גרמים,150.00,100 גרם,false,,4.90,0.0327,true,1,24064
7290112341686,false,שמינייה יוגורט לבן אקטיביה 3% דנונה 150 גרם.,שטראוס גרופ בעמ/מצונן,,אקטיביה מארז 3% 8*15,קילוגרמים,1.20,"ק""ג",false,,21.50,17.9167,true,1,24066
7290112343499,false,חטיף צ'יטוס פאפס אפוי בטעם גבינה,"שטראוס פריטו ליי בע""\מ )",,ציטוס Puffs בטעם גבי,גרמים,55.00,100 גרם,false,,3.50,0.0636,true,1,185879
7290112346360,false,בפלות אחת אחת בציפוי שוקולד חלב עלית 180 גרם,הגביע מוצרי וופלים ב,,בפלות אחת אחת בציפוי,גרמים,180.00,100 גרם,false,,14.90,0.0828,true,1,23169
7290112346537,false,עוגיות פינוקיות בטעם טורטית 200 ג' עלית,"הגביע מוצרי ופלים בע""\מ",,פינוקיות עוגיות בטעם,גרמים,200.00,100 גרם,false,,10.90,0.0545,true,1,23170
7290112346827,false,אקטימל ויטמין c פטל שמינייה 864 גרם,שטראוס גרופ בעמ/מצונן,,אקטימל ויטמין C פטל,מיליליטרים,800.00,"100 מ""ל",false,,19.90,0.0249,true,1,104498
7290112348142,false,שעועית לבנה 380 גר' בקופסה טעם הטבע,שטראוס גרופ בע`מ,,שעועית לבנה טעם הטבע,גרמים,380.00,100 גרם,false,,6.90,0.0182,true,1,67946
7290112348999,false,הפריכיות הטעימות תירס דקות אנרג'י 135 גרם,שטראוס גרופ בע`מ,,פריכיות טעימות תירס,גרמים,135.00,100 גרם,false,,11.90,0.0881,true,1,114370
7290112349316,false,מסטיק בזוקה פופים ממולא בטעם תות ללא סוכר,"שטראוס גרופ בע""מ",,בזוקה ביג פופים בטעם,גרמים,86.00,100 גרם,false,,12.90,0.1500,true,1,63059
7290112349606,false,מעדן גבינה ויוגורט תות בננה 88 ג' דניאלה,שטראוס גרופ בעמ/מצונן,,דניאלה תות בננה 150,מיליליטרים,150.00,"100 מ""ל",false,,4.30,0.0287,true,1,214959
7290112349705,false,פומודורו רוטב עגבניות קלאסי לפסטה יד מרדכי 350 גרם,אמיליאנה קונסרב סוסייטה,,רוטב עגבניות פומודרו,גרמים,350.00,100 גרם,false,,10.90,0.0311,true,1,23177
7290112349736,false,בזיליקום רוטב עגבניות לפסטה יד מרדכי 350 גרם,אמיליאנה קונסרב סוסייטה,,רוטב עגבניות בזיליקו,גרמים,350.00,100 גרם,false,,10.90,0.0311,true,1,23178
7290112349743,false,ארביאטה רוטב עגבניות פיקנטי לפסטה 350 ג' יד מרדכי,אמיליאנה קונסרב סוסייטה,,רוטב עגבניות ארביאטה,גרמים,350.00,100 גרם,false,,10.90,0.0311,true,1,23179
7290112349750,false,פיצה רוטב עגבניות לפיצה יד מרדכי 350 גרם,אמיליאנה קונסרב סוסייטה,,רוטב עגבניות לפיצה 3,גרמים,350.00,100 גרם,false,,10.90,0.0311,true,1,23180
7290112349897,false,מסטיק מאסט Must קוביות בטעם מנטה ללא סוכר,אסקום קונפקשיין,,מאסט קוביות מנטה 86,גרמים,86.00,100 גרם,false,,12.90,0.1500,true,1,63060
7290112350275,false,קפסולות LUNGO למכונת נספרסו עלית 10 יחידות,שטראוס קפה בי.וי,,קפסולות LUNGO למכונו,גרמים,50.00,100 גרם,false,,17.90,0.3580,true,1,23181
7290112350312,false,קפסולות 15 קפה יותר למכונות נספרסו עלית 10יח',הנסיך- מפעל לייצור ט,,עלית קפסולות 15 למכ,גרמים,50.00,100 גרם,false,,17.90,0.3580,true,1,96581
7290112351067,false,סילאן טבעי 100% תמר מג'הול ללא תוספת סוכר,שטראוס גרופ בע`מ,,סילאן טבעי לחיץ יד מ,גרמים,630.00,100 גרם,false,,23.90,0.0379,true,1,65897
7290112351258,false,עוגיית קקאו פינוקיות שחור לבן 200 גר,"הגביע מוצרי ופלים בע""\מ",,פינוקיות עוגיית שחור,גרמים,200.00,100 גרם,false,,10.90,0.0545,true,1,89813
7290112354211,false,"פיצה מרגריטה""דלישס"" שטראוס",קפוא-זן תעשיות מזון בעמ - תפוג,,פיצה מרגריטה שטראוס,גרמים,400.00,100 גרם,false,,26.90,0.0672,true,1,191894
7290112355393,false,"יטבתה רוטב שמנת+בטטה 9% שומן 250 מ""ל",שטראוס גרופ בעמ/מצונן,,רוטב שמנת עם בטטה 9%,גרמים,257.00,100 גרם,false,,9.90,0.0385,true,1,305021
7290112356536,false,אבקת קקאו עלית (150 גרם% )+10תוספת,הנסיך- מפעל לייצור ט,,עלית קקאו 150 גרם +,גרמים,150.00,100 גרם,false,,10.50,0.0700,true,1,86505
7290112357045,false,עגבניות איטלקיות מרוסקות 390 גר' בקופסה טעם הטבע,"שטראוס גרופ בע""מ",,עגבניות איטלקיות מרו,גרמים,390.00,100 גרם,false,,6.60,0.0169,true,1,67947
7290112357069,false,מחית עגבניות איטלקיות בקופסה 500 גר' טעם הטבע,"שטראוס גרופ בע""מ",,מחית עגבניות איטלקיו,גרמים,500.00,100 גרם,false,,7.50,0.0150,true,1,67948
7290112357083,false,טעם הטבע אפונה ירוקה 380 גרם קופסה,הדקלאים אגודת שיתופי,,אפונה ירוקה טעם הטבע,גרמים,380.00,100 גרם,false,,6.90,0.0182,true,1,178076
7290112357106,false,שעועית אדומה 380 גר' בקופסה טעם הטבע,"שטראוס גרופ בע""מ",,שעועית אדומה טעם הטב,גרמים,380.00,100 גרם,false,,6.90,0.0182,true,1,67949
7290112357113,false,גרגרי חומוס בקופסה 380 גר' טעם הטבע,"שטראוס גרופ בע""מ",,גרגרי חומוס טעם הטבע,גרמים,380.00,100 גרם,false,,6.90,0.0182,true,1,67950
7290112357175,false,קפסולות BOOST למכונת נספרסו עלית 10 יחידות,שטראוס קפה בי.וי,,קפסולות BOOST למכונו,גרמים,50.00,100 גרם,false,,17.90,0.3580,true,1,23182
7290112358219,false,רוטב צ`ילי מתוק יד מרדכי (300 גר`),אף.סי תבליני בגליל ב,,יד מורדכי רוטב צ'ילי,מיליליטרים,300.00,"100 מ""ל",false,,13.90,0.0463,true,1,86451
7290112490230,false,מרק נמס בכוס אפונה קנור 100% רכיבים טבעיים,"יוניליוור ישראל שיווק בע""מ",,נמס בכוס אפונה רכיבי,גרמים,50.00,100 גרם,false,,6.90,0.1380,true,1,10745
7290112490735,false,מרק עשיר עגבניות עם פסטה ר.טבעיים 105 גרם קנור,יוניליוור ישראל שיווק בע`מ,,מרק היום מרק עגבניות,גרמים,105.00,100 גרם,false,,11.90,0.1133,true,1,184092
7290112491701,false,ברנפלקס בטעם וניל מעודן 20% חלבון Extra Protein,"יוניליוור ישראל שיווק בע""מ",,ברנפלקס אקסטרה פרוטא,גרמים,400.00,100 גרם,false,,23.90,0.0597,true,1,10797
7290112491787,false,בייגלה דקים דקים עם שומשום בייגל בייגל 300 גרם,יוניליוור ישראל שיווק בע`מ,,בייגלה דקים דקים עם,גרמים,300.00,100 גרם,false,,9.90,0.0330,true,1,10799
7290112492449,false,פינוק שמפו שיער רגיל 700 מל-חדש,"יוניליוור ישראל שיווק בע""מ",,פינוק שמפו לשיער רגי,מיליליטרים,700.00,"100 מ""ל",false,,11.90,0.0170,true,1,58959
7290112492456,false,"שמפו פינוק לשיער יבש/פגום 700 מ""ל",יוניליוור ישראל שיווק בע`מ,,פינוק שמפו שיער יבש,מיליליטרים,700.00,"100 מ""ל",false,,11.90,0.0170,true,1,58960
7290112492722,false,"2ב-1 שמפו ומרכך פינוק אל דמע לסירוק קל לילדים 700 מ""ל",יוניליוור ישראל שיווק בע`מ,,פינוק 2 ב 1 ילדים 70,מיליליטרים,700.00,"100 מ""ל",false,,11.90,0.0170,true,1,78573
7290112492746,false,"פינוק מרכך ללא דמעות לסירוק קל לילדים 700 מ""ל",יוניליוור ישראל שיווק בע`מ,,פינוק מרכך ילדים 700,מיליליטרים,700.00,"100 מ""ל",false,,11.90,0.0170,true,1,78586
7290112493316,false,מרק היום אפונה 100% רכיבים טביעיים קנור,יוניליוור ישראל שיווק בע`מ,,מרק היום מרק אפונה 1,גרמים,117.00,100 גרם,false,,11.90,0.1017,true,1,10833
7290112494238,false,חטיף כדורים שוקולד חלב קליק (65 גרם),יוניליוור ישראל שיווק בע`מ,,קליק כדורים חלב 65 ג,גרמים,65.00,100 גרם,false,,5.90,0.0908,true,1,10842
7290112494382,false,פירה בטעם ביתי 260 גרם-קופסא,יוניליוור ישראל שיווק בע`מ,,פירה בטעם ביתי קנור,גרמים,260.00,100 גרם,false,,12.90,0.0496,true,1,10848
7290112495044,false,דגני קוקומן פצפוצים תלמה (375 גרם),יוניליוור ישראל שיווק בע`מ,,קוקומן פצפוצים תלמה,גרמים,375.00,100 גרם,false,,20.90,0.0557,true,1,10866
7290112495433,false,דגני דליפקאן תוספת אגוזי פקאן ושקדים 400 גר,יוניליוור ישראל שיווק בע`מ,,"דליפקאן תלמה בד""ץ 40",גרמים,400.00,100 גרם,false,,23.90,0.0597,true,1,10878
7290112495754,false,רוטב לסלט אלף האיים הלמנס (305 מל),יוניליוור ישראל שיווק בע`מ,,רוטב אלף האיים הלמנס,גרמים,305.00,100 גרם,false,,10.50,0.0344,true,1,53448
7290112495815,false,רוטב לסלט חרדל ודבש לייט (305 גרם)הלמנס,יוניליוור ישראל שיווק בע`מ,,הלמנס רוטב לסלט חרדל,מיליליטרים,305.00,"100 מ""ל",false,,10.90,0.0357,true,1,55179
7290112496027,false,"סירופ שוקולד לחיץ 580 מ""ל כשל""פ אפיכל",יוניליוור ישראל שיווק בע`מ,,"סירופ שוקולד 600 מ""ל",מיליליטרים,600.00,"100 מ""ל",false,,12.90,0.0215,true,1,10884
7290112496034,false,"סירופ מייפל לחיץ 580 מ""ל כשל""פ אפיכל",יוניליוור ישראל שיווק בע`מ,,"סירופ מייפל בד""צ 600",מיליליטרים,600.00,"100 מ""ל",false,,12.90,0.0215,true,1,10885
7290112497000,false,פנטסטיק תרכיז ניקוי רב תכליתי בניחוח לימון,יוניליוור ישראל שיווק בע`מ,,סיף פנטסטיק ניקוי כל,יחידה,0.00,יחידה,false,,12.90,0.0000,true,1,63017
7290112497123,false,סחלב תערובת להכנת מעדן בטעם סחלב 112גרם,יוניליוור ישראל שיווק בע`מ,,קנור סחלב 112 גרם,גרמים,112.00,100 גרם,false,,14.90,0.1330,true,1,106477
7290112497994,false,"גרנולה תלמה פרוטאין בתוספת חלבון ואגוזים, 300 גרם",יוניליוור ישראל שיווק בע`מ,,גרנולה PROTEIN בתוספ,גרמים,300.00,100 גרם,false,,17.90,0.0597,true,1,167979
7290112498007,false,גרנולה פרוטאין בתוספת חלבון שקדים וחמוציות תלמה 300 ג',"יוניליוור ישראל שיווק בע""מ",,גרנולה PROTEIN בתוספ,גרמים,300.00,100 גרם,false,,17.90,0.0597,true,1,193023
7290112498267,false,פינוק אל סבון לידיים בניחוח פינוק קלאסי,"יוניליוור ישראל שיווק בע""מ",,אל סבון לידיים בניחו,מיליליטרים,950.00,"100 מ""ל",false,,11.90,0.0125,true,1,155465
7290112498885,false,מאגדת גודי'ז תותים ושוקולד לבן 235 גרם,"גלידת שטראוס בע""\מ, רח'\",,מאגדת גודיז שלגון ב,גרמים,240.00,100 גרם,false,,27.90,0.1162,true,1,127594
7290112499097,false,מאגדת מיני מגנום מריר Intense Dark! 240 גרם,"מיוצר ע""\י גלידת שטראוס",,מאגדת מיני מגנום מרי,גרמים,240.00,100 גרם,false,,27.90,0.1162,true,1,215917
7290112499509,false,"רקסונה - דאודורנט ספריי לאישה בניחוח אפרסק ולמון גראס 150 מ""ל","יוניליוור ישראל שיווק בע""מ",,רקסונה ספריי בניחוח,מיליליטרים,150.00,"100 מ""ל",false,,14.90,0.0993,true,1,286011
7290112499844,false,מאגדת מיני מגנום דואט שוקולד עם נוגט שטראוס 310 גרם,"מיוצר ע""\י גלידת שטראוס",,מגנום מיני דואט מאגד,גרמים,310.00,100 גרם,false,,27.90,0.0900,true,1,4414
7290112960580,false,בונזור לחם מחמצת כוסמין 12*480גר קנוי,**קבוצת אוסם סחר-שות.מוגבלת,,לחם מחמצת כוסמין 480,גרמים,480.00,100 גרם,false,,18.90,0.0394,true,1,34099
7290112960603,false,בונז'ור לחם מחמצת אגוזים צימוקים 480ג',**קבוצת אוסם סחר-שות.מוגבלת,,לחם מחמצת אגוזים צימ,גרמים,480.00,100 גרם,false,,18.90,0.0394,true,1,34100
7290112961266,false,בייגלה כפיות פיזור איטלקי 300 גרם אסם,קבוצת אוסם סחר שותפות מוגבלת,,בייגלה כפיות בסגנון,גרמים,300.00,100 גרם,false,,11.90,0.0397,true,1,19296
7290112961440,false,פיטנס חטיפי פריכיות שוקולד מריר 84 גרם,קבוצת אוסם סחר שותפות מוגבלת,,פיטנס בר פריכיות שוק,גרמים,84.00,100 גרם,false,,14.90,0.1774,true,1,65523
7290112963918,false,פיטנס חטיפי קרקר דק רוזמרין 140 גרם,קבוצת אוסם סחר שותפות מוגבלת,,פיטנס חטיפי קרקר דק,גרמים,140.00,100 גרם,false,,11.90,0.0850,true,1,19328
7290112964564,false,רוטב אלף האיים לייט לסלט אסם (295 מל),קבוצת אוסם סחר שותפות מוגבלת,,אסם רוטב אלף האיים ל,מיליליטרים,295.00,"100 מ""ל",false,,11.90,0.0403,true,1,19347
7290112964724,false,המבורגר צמחוני עם המון חלבון 580 גר,קבוצת אוסם סחר שותפות מוגבלת,,טבעול המבורגר טבעוני,גרמים,580.00,100 גרם,false,,35.90,0.0619,true,1,20052
7290112965103,false,תבשיל קוסקוס עם ירקות 146 גרם אסם,קבוצת אוסם סחר שותפות מוגבלת,,קוסקוס עם ירקות אסם,גרמים,146.00,100 גרם,false,,11.90,0.0815,true,1,19354
7290112965165,false,מרק נמס פטריות אסם בדצ 48 גרם מארז זוגי,קבוצת אוסם סחר שותפות מוגבלת,,זוג מרק נמס פטריות ב,גרמים,48.00,100 גרם,false,,5.90,0.1229,true,1,19357
7290112965240,false,מרק נמס בטעם עגבניות זוג * 44 ג' אסם,קבוצת אוסם סחר שותפות מוגבלת,,זוג מרק נמס עגבניות,גרמים,60.00,100 גרם,false,,5.90,0.0983,true,1,19361
7290112965264,false,אבקת מרק נמס אפונה אסם בדצ 52 גרם מארז זוגי,קבוצת אוסם סחר שותפות מוגבלת,,זוג מרק נמס אפונה בד,גרמים,30.00,100 גרם,false,,5.90,0.1967,true,1,19362
7290112965288,false,מרק נמס ירקות אסם בדצ 56 גרם מארז זוגי,קבוצת אוסם סחר שותפות מוגבלת,,זוג מרק נמס ירקות בד,גרמים,30.00,100 גרם,false,,5.90,0.1967,true,1,19363
7290112965363,false,טבעול קציצות קינואה וברוקולי 525 גרם,קבוצת אוסם סחר שותפות מוגבלת,,קציצת קינואה וברוקול,גרמים,525.00,100 גרם,false,,32.90,0.0627,true,1,20053
7290112965585,false,פרפקטו פסטה קסרצה אסם 500 גרם,קבוצת אוסם סחר שותפות מוגבלת,,פסטה קסרצה פרפקטו 50,גרמים,500.00,100 גרם,false,,6.90,0.0138,true,1,19370
7290112965660,false,חטיף מולטיגריין מלח פלפל ( 25 גר`) פיטנס,קבוצת אוסם סחר שותפות מוגבלת,,פיטנס חטיף מולטיגריי,גרמים,25.00,100 גרם,false,,4.90,0.1960,true,1,109414
7290112965707,false,פיטנס - חטיף מולטיגריין צילי מעודן 25 גרם,קבוצת אוסם סחר שותפות מוגבלת,,פיטנס חטיף מולטיגריי,גרמים,25.00,100 גרם,false,,4.90,0.1960,true,1,109416
7290112965868,false,קרם קרקר במליחות מעודנת 250 גרם אסם,קבוצת אוסם סחר שותפות מוגבלת,,אסם קרם קרקר במליחות,גרמים,250.00,100 גרם,false,,8.90,0.0356,true,1,19375
7290112966094,false,עוגת הבית בטעם תפוז מופחת סוכראסם (400 ג,קבוצת אוסם סחר שותפות מוגבלת,,עוגת הבית תפוז מופחת,גרמים,400.00,100 גרם,false,,14.90,0.0373,true,1,19380
7290112966803,false,אינסטנט פודינג בטעם שוקולד אסם (88 גרם),קבוצת אוסם סחר שותפות מוגבלת,,אסם פודינג אינסטנט ש,גרמים,88.00,100 גרם,false,,5.90,0.0670,true,1,19392
7290112967220,false,ביסלי מארז ברביקיו 20 גר'*10 יח' אסם,קבוצת אוסם סחר-שות.מוגבלת,,ביסלי ברביקיו מארז 1,גרמים,200.00,100 גרם,false,,11.90,0.0595,true,1,72833
7290112968203,false,צבר סלט טחינה בלאדי 6*250גרם,קבוצת אוסם סחר שותפות מוגבלת,,סלט טחינה בלאדי צבר,גרמים,250.00,100 גרם,false,,10.90,0.0436,true,1,20064
7290112968340,false,צבר חומוס גרוס גס גס 400 גרם,קבוצת אוסם סחר שותפות מוגבלת,,חומוס גרוס גס גס צבר,גרמים,400.00,100 גרם,false,,12.90,0.0323,true,1,20065
7290112968722,false,טבעול נקניקיות מן הצומח עדה חרדית 1.2קג,קבוצת אוסם סחר שותפות מוגבלת,,נקניקיות מן הצומח הע,קילוגרמים,1.20,"ק""ג",false,,40.90,34.0833,true,1,60953
7290112968807,false,80018416694פיטנס חטיפי קרקר דק סלק 150גר,קבוצת אוסם סחר שותפות מוגבלת,,פיטנס קרקר דק סלק 14,גרמים,140.00,100 גרם,false,,11.90,0.0850,true,1,116262
7290112968821,false,חטיפי קרקר דק בטטה 140 גר` פיטנס,קבוצת אוסם סחר שותפות מוגבלת,,פיטנס קרקר דק בטטה 1,גרמים,140.00,100 גרם,false,,11.90,0.0850,true,1,116263
7290112969248,false,רוטב סילאן ובצל בישולים ( 335 גר`) אסם,קבוצת אוסם סחר-שות.מוגבלת,,אוסם בישולים רוטב סי,גרמים,335.00,100 גרם,false,,16.90,0.0504,true,1,113049
7290113102934,false,קולפן איכותי,,,קולפן איכותי,יחידה,0.00,יחידה,false,,12.90,0.0000,true,1,50220
7290113190375,false,סילאן טבעי שקדיה 900 גרם,דין שיווק וקליה 2021 בעמ,,סילאן סירופ תמרים טב,גרמים,900.00,100 גרם,false,,17.90,0.0199,true,1,175409
7290113192201,false,תערובת להכנת סחלב 500 גרם ששון הקולה,דין שיווק וקליה 2021 בעמ,,תערובת להכנת סחלב 50,גרמים,500.00,100 גרם,false,,14.90,0.0298,true,1,228806
7290113192218,false,פינוק מלבי 500 גר`קרטון שקדיה,דין שיווק וקליה 2021 בעמ,,תערובת להכנת מלבי 50,גרמים,500.00,100 גרם,false,,14.90,0.0298,true,1,228807
7290113192324,false,זיתים ירוקים שלמים בינוניים בית השיטה,קבוצת אוסם סחר-שות.מוגבלת,,זית ירוק בית השיטה 3,גרמים,340.00,100 גרם,false,,8.90,0.0262,true,1,19421
7290113192331,false,בית השיטה זיתים ירוקים גדולים 340 גרם*,קבוצת אוסם סחר שותפות מוגבלת,,זיתים ירוק גדול בית,גרמים,340.00,100 גרם,false,,10.90,0.0321,true,1,19422
7290113192348,false,בית השיטה זיתים ירוקים גדול מאודבטעם שום,קבוצת אוסם סחר-שות.מוגבלת,,זית ירוק שום 17-19בי,גרמים,560.00,100 גרם,false,,9.90,0.0177,true,1,19423
7290113192355,false,חרוזית זיתים ירוקים ללא גלעין 275 ג' בית השיטה,קבוצת אוסם סחר שותפות מוגבלת,,זיתים חרוזית ירוק בי,גרמים,275.00,100 גרם,false,,9.90,0.0360,true,1,19424
7290113192362,false,בית השיטה טבעות זיתים ירק.א2 12*280ג חדש,קבוצת אוסם סחר שותפות מוגבלת,,טבעות זיתים ירוקים ב,גרמים,280.00,100 גרם,false,,10.90,0.0389,true,1,19425
7290113192379,false,בית השיטה זיתים ירוקים מבוקעים א2 340גר',קבוצת אוסם סחר-שות.מוגבלת,,זיתים ירוקים מבוקעים,גרמים,340.00,100 גרם,false,,10.90,0.0321,true,1,19426
7290113192386,false,בית השיטה זיתים ירוקים סורי מבוקע 340גרם,קבוצת אוסם סחר שותפות מוגבלת,,זית סורי מבוקע בית ה,גרמים,340.00,100 גרם,false,,11.90,0.0350,true,1,19427
7290113192393,false,בית השיטה קוקטייל זיתים א2 336 גרם,קבוצת אוסם סחר שותפות מוגבלת,,קוקטייל זיתים בית הש,גרמים,336.00,100 גרם,false,,10.90,0.0324,true,1,19428
7290113192478,false,בית השיטה מלפפונים במלח בינוני 10-12 320 גרם,קבוצת אוסם סחר שותפות מוגבלת,,מלפפון במלח 10-12 בי,גרמים,320.00,100 גרם,false,,7.90,0.0247,true,1,19436
7290113192492,false,בית השיטה מלפפונים בחומץ קטנים 1317 290 גרם,קבוצת אוסם סחר שותפות מוגבלת,,מלפפון בחומץ 13-17 ב,גרמים,290.00,100 גרם,false,,9.90,0.0341,true,1,19438
7290113192508,false,ב.השיטה מלפפון במלח ר.טבע א2 17-13 320 גרם,קבוצת אוסם סחר שותפות מוגבלת,,מלפפון במלח 13-17 בי,גרמים,320.00,100 גרם,false,,9.90,0.0309,true,1,19439
7290113192515,false,בית השיטה מלפפונים במלח קטן מאוד 1825 320 גרם,קבוצת אוסם סחר שותפות מוגבלת,,מלפפון במלח 18-25 בי,גרמים,320.00,100 גרם,false,,10.90,0.0341,true,1,19440
7290113192522,false,בית השיטה מלפפונים בחומץ קטן מאוד 1825 290 גרם,קבוצת אוסם סחר שותפות מוגבלת,,מלפפון בחומץ 18-25 ב,גרמים,290.00,100 גרם,false,,10.90,0.0376,true,1,19441
7290113192539,false,בית השיטה מלפפונים במלח גדול 79 320 גרם,קבוצת אוסם סחר שותפות מוגבלת,,מלפפון במלח 7-9 בית,גרמים,560.00,100 גרם,false,,6.90,0.0123,true,1,19442
7290113192546,false,"מלפפונים בחומץ רכיבים טבעיים 7-9 ""בית השיטה""",קבוצת אוסם סחר שותפות מוגבלת,,מלפפון בחומץ 7-9 בית,גרמים,560.00,100 גרם,false,,6.90,0.0123,true,1,19443
7290113192560,false,פלפל חריף כבוש שיפקה בית השיטה (430 גר`),קבוצת אוסם סחר שותפות מוגבלת,,פלפל שיפקה בית השיטה,גרמים,230.00,100 גרם,false,,6.90,0.0300,true,1,19445
7290113192577,false,בית השיטה כרוב כבוש א2 12*430גרם חדש,קבוצת אוסם סחר שותפות מוגבלת,,כרוב כבוש בית השיטה,יחידה,430.00,יחידה,false,,7.90,0.0184,true,1,19446
7290113192997,false,בית השיטה זית מרוקאי 340 גרם*,קבוצת אוסם סחר שותפות מוגבלת,,זית מרוקאי בית השיטה,גרמים,340.00,100 גרם,false,,12.90,0.0379,true,1,103537
7290113193000,false,בית השיטה פלפל שיפקונית 230 גרם*,קבוצת אוסם סחר שותפות מוגבלת,,פלפל שיפקונית בית הש,גרמים,230.00,100 גרם,false,,11.90,0.0517,true,1,103538
7290113193017,false,בית השיטה חרוזית קוקטייל זיתים 275 גרם,קבוצת אוסם סחר שותפות מוגבלת,,בית השיטה קוקטייל זי,גרמים,275.00,100 גרם,false,,12.90,0.0469,true,1,103522
7290113193031,false,חרוזית קלמטה - זיתים שחורים ללא גלעין קלמטה,קבוצת אוסם סחר שותפות מוגבלת,,חרוזית קלמטה בית השי,גרמים,275.00,100 גרם,false,,12.90,0.0469,true,1,103523
7290113193406,false,"קוקטייל טבעות זיתים - זיתים ירוקים, שחורים מרינד",קבוצת אוסם סחר שותפות מוגבלת,,טבעות קוקטיל זיתים ב,גרמים,560.00,100 גרם,false,,10.70,0.0191,true,1,103524
7290113194632,false,ממרח שקדים 100% 500 גרם,דין שיווק וקליה 2021 בעמ,,שקדיה ממרח 100% שקדי,גרמים,500.00,100 גרם,false,,48.90,0.0978,true,1,200572
7290113195042,false,מלפפון חמוץ במלח כבישה ביתית בית השיטה 750 גר',קבוצת אוסם סחר שותפות מוגבלת,,מלפפון מלח כבישה בית,גרמים,750.00,100 גרם,false,,24.90,0.0332,true,1,155087
7290113195080,false,חלבה טורקית בטעם שוקו וניל 400 גר` שקדיה,דין שיווק וקליה 2021 בעמ,,חלבה טורקית בטעם שוק,גרמים,500.00,100 גרם,false,,12.90,0.0258,true,1,175567
7290113195967,false,קוואקר שיבולת שועל פחית שקדיה 500 גרם,דין שיווק וקליה 2021 בעמ,,שיבולת שועל להכנה מי,גרמים,500.00,100 גרם,false,,9.90,0.0198,true,1,175145
7290113196414,false,"אורז בסמטי 1 ק""ג - שקדיה כחול מטאלי",דין שיווק וקליה 2021 בעמ,,אורז בסמטי שקדיה 1 ק,קילוגרמים,1.00,"ק""ג",false,,9.90,9.9000,true,1,175239
7290113196902,false,מנה חמה אטריות אורז בטעם בקר 70 ג' סו שף,דין שיווק וקליה 2021 בעמ,,מנה חמה אטריות אורז,גרמים,60.00,100 גרם,false,,7.90,0.1317,true,1,299857
7290113196919,false,מנה חמה אטריות אורז בטעם עוף שקדיה 70 גרם,דין שיווק וקליה 2021 בעמ,,מנה חמה אטריות אורז,גרמים,60.00,100 גרם,false,,7.90,0.1317,true,1,299858
7290113196926,false,מנה חמה אטריות אורז בטעם ירקות שקדיה 70 גרם,דין שיווק וקליה 2021 בעמ,,מנה חמה אטריות אורז,גרמים,60.00,100 גרם,false,,7.90,0.1317,true,1,299859
7290113196933,false,מנה חמה אטריות אורז בטעם טום יאס שקדיה 70 גרם,דין שיווק וקליה 2021 בעמ,,מנה חמה אטריות אורז,גרמים,60.00,100 גרם,false,,7.90,0.1317,true,1,299860
7290113196940,false,חטיפי תירס(טורטיה) בטעם טבעי בתוספת מ,אלקטי קוראבייכיסיגידה טו,,חטיפי תירס טורטיה בט,גרמים,300.00,100 גרם,false,,13.90,0.0463,true,1,269771
7290113197169,false,שקדיה חמאת בוטנים עם שברי בוטנים 510 גר,דין שיווק וקליה 2021 בעמ,,חמאת בוטנים טבעית שק,גרמים,510.00,100 גרם,false,,15.90,0.0312,true,1,299875
7290113198067,false,פקאן מצופה שוקולד לבן 150 גרם,דין שיווק וקליה 2021 בעמ,,פקאן מצופה שוקולד לב,גרמים,150.00,100 גרם,false,,14.90,0.0993,true,1,175652
7290113198562,false,סוכריות גומי בטעם תות שדה 200 ג' שקדיה,דין שיווק וקליה 2021 בעמ,,סוכריות גומי בטעמי ת,גרמים,200.00,100 גרם,false,,10.90,0.0545,true,1,234281
7290113198579,false,סוכריות גומי דובונים בטעמי פירות 200 ג' שקדיה,דין שיווק וקליה 2021 בעמ,,סוכריות גומי דובונים,גרמים,200.00,100 גרם,false,,10.90,0.0545,true,1,234282
7290113198586,false,סוכריות גומי מסוכרות בטעם אפרסק 200 ג' שקדיה,דין שיווק וקליה 2021 בעמ,,סוכריות גומי מסוכר ב,גרמים,200.00,100 גרם,false,,10.90,0.0545,true,1,234283
7290113198593,false,סוכריות גומי מסוכרות בטעם בננה 200 ג' שקדיה,דין שיווק וקליה 2021 בעמ,,סוכריות גומי מסוכר ב,גרמים,200.00,100 גרם,false,,10.90,0.0545,true,1,234284
7290113199767,false,ממרח שקדים 300 גרם השקדיה,דין שיווק וקליה 2021 בעמ,,ממרח 100% שקדים 300,גרמים,300.00,100 גרם,false,,27.90,0.0930,true,1,269813
7290113199897,false,סוכריות חמצוצים בטעם תות שדה 180 ג' שקדיה,דין שיווק וקליה 2021 בעמ,,סוכריות חמצוצים בטעם,גרמים,180.00,100 גרם,false,,10.90,0.0606,true,1,234299
7290113199903,false,סוכריות חמצוצים בטעם תות בננה 180 ג' שקדיה,דין שיווק וקליה 2021 בעמ,,סוכריות חמצוצים בטעם,גרמים,180.00,100 גרם,false,,10.90,0.0606,true,1,234300
7290113199910,false,סוכריות חמצוצים בטעם קולה 180 ג' שקדיה,דין שיווק וקליה 2021 בעמ,,סוכריות חמצוצים בטעם,גרמים,180.00,100 גרם,false,,10.90,0.0606,true,1,234301
7290113199934,false,סוכריות חמצוצים בטעם אוכמניות 180 ג' שקדיה,דין שיווק וקליה 2021 בעמ,,סוכריות חמצוצים בטעם,גרמים,180.00,100 גרם,false,,10.90,0.0606,true,1,234303
7290113289055,false,צלחות קטנות אלגנט זה,,,צלחות קטנות אלגנט זה,יחידה,0.00,יחידה,false,,7.90,0.0000,true,1,181168
7290113289321,false,מגשי דקל מלבניים גדו,,,מגשי דקל מלבניים גדו,יחידה,0.00,יחידה,false,,12.90,0.0000,true,1,232843
7290113289338,false,צלחות דקל מרובעות ענ,,,צלחות דקל מרובעות ענ,יחידה,0.00,יחידה,false,,17.90,0.0000,true,1,232794
7290113289345,false,צלחות דקל מרובעות גד,,,צלחות דקל מרובעות גד,יחידה,0.00,יחידה,false,,16.90,0.0000,true,1,232808
7290113289376,false,קערות דקל מרובעות 10,,,קערות דקל מרובעות 10,יחידה,0.00,יחידה,false,,16.90,0.0000,true,1,232844
7290113289505,false,WIZ! רדיד אלומניום כוכבים 41*45 מ',,,רדיד אלומיניום כוכבי,יחידה,0.00,יחידה,false,,32.90,0.0000,true,1,213227
7290113463646,false,גבינה צהובה גאודה 28% פרוסה 400 גרם,אדום גרופ למזון שיווק והפצה בע,,פרוסות גבינה קשה מסו,גרמים,400.00,100 גרם,false,,13.60,0.0340,true,1,319101
7290114310215,false,"שמנת מתוקה 38% רמת הגולן 250 מ""ל ווסטהיים - מוצר בפיקוח",החברה המרכזית טלהפצת משקאות בע,,שמנת מתוקה 38% בקבוק,מיליליטרים,250.00,"100 מ""ל",false,,6.47,0.0259,true,1,68625
7290114310222,false,חלב מועשר בסידן וויטמין Dי 3% 1.5 ל' טרה,*החברה המרכזית להפצת משקאותבעמ,,חלב מועשר בסידן 1.5,ליטרים,1.50,ליטר,false,,11.90,7.9333,true,1,79910
7290114310550,false,גבינת פטה עיזים מעודנת 5% משק צוריאל 200 גרם,החברה המרכזית טלהפצת משקאות בע,,פטה עיזים מעודנת 5%,גרמים,200.00,100 גרם,false,,22.90,0.1145,true,1,136035
7290114310628,false,משקה חלב וניל ועוגיות בקבוק 1 ליטר,החברה המרכזית טלהפצת משקאות בע,,משקה חלב וניל עוגיות,ליטרים,1.00,ליטר,false,,11.90,11.9000,true,1,141296
7290114311038,false,"שמנת מתוקה 32% עמידה בבקבוק טרה 250 מ""ל",*החברה המרכזית להפצת משקאותבעמ,,שמנת מתוקה 32% בקבוק,מיליליטרים,250.00,"100 מ""ל",false,,6.90,0.0276,true,1,255324
7290114311304,false,יוגורט קציפת מנגו פסיפלורה בננה 150 ג' מולר,החברה המרכזית טלהפצת משקאות בע,,מולר פרופ מנגו פסיפל,גרמים,150.00,100 גרם,false,,5.50,0.0367,true,1,279027
7290114311328,false,חלב מועשר דל לקטוז מעושר בויטמין Dי 2% שומן טרה 1 ליטר,*החברה המרכזית להפצת משקאותבעמ,,חלב נטול לקטוז טרה 1,ליטרים,1.00,ליטר,false,,7.50,7.5000,true,1,289171
7290114311359,false,יוגורט עם קציפת מנגו 3% שומן פרופ 150 ג' מולר,החברה המרכזית טלהפצת משקאות בע,,מולר פרופ מנגו 3% 15,גרמים,150.00,100 גרם,false,,5.50,0.0367,true,1,279013
7290114600927,false,מאסטר שף עלי טורטייה חיטה מלאה 320 גרם,אלקאטי קורביישיסי גי,,עלי טורטיה חיטה מלאה,גרמים,320.00,100 גרם,false,,10.90,0.0341,true,1,176167
7290114600941,false,מאסטר שף מיונז הולנדי לחיץ 435 גרם,ש. שסטוביץ בע`מ,,מאסטר שף מאסטר שף מ,גרמים,435.00,100 גרם,false,,14.90,0.0343,true,1,83461
7290114603041,false,פרי גרנולה בוטנים אגוזים וקוקוס חלבון .,ש. שסטוביץ בע`מ,,פרי גרנולה בוטנים אג,גרמים,300.00,100 גרם,false,,14.90,0.0497,true,1,109044
7290114603508,false,"רוטב להקפצה מאסטר שף 300 מ""ל",ש. שסטוביץ בע`מ,,מאסטר שף רוטב להקפצה,מיליליטרים,300.00,"100 מ""ל",false,,9.90,0.0330,true,1,104158
7290114603591,false,PLAY חטיף פוף בטעם קטשופ 40 גרם,ש. שסטוביץ בע`מ,,פוף PLAY בטעם קטשופ,גרמים,40.00,100 גרם,false,,3.90,0.0975,true,1,83448
7290114604864,false,קוסקוס סולת דק מאסטר שף 350 גרם,ש. שסטוביץ בע`מ,,קוסקוס דק מאסטר שף 3,גרמים,350.00,100 גרם,false,,5.90,0.0169,true,1,176415
7290114604895,false,מאסטר שף מיונז ספייסי לחיץ 446 גרם,ש. שסטוביץ בע`מ,,מאסטר שף ממרח ספייסי,גרמים,446.00,100 גרם,false,,14.90,0.0334,true,1,137394
7290114604901,false,ממרח שום לחיץ מאסטר שף 444 גרם,ש. שסטוביץ בע`מ,,מאסטר שף ממרח שום לח,גרמים,242.00,100 גרם,false,,14.90,0.0616,true,1,137395
7290114604949,false,מאסטר שף רוטב ברביקיו 524 גרם,רמיה סי.וי. הולנד,,מאסטר שף רוטב ברביקי,מיליליטרים,524.00,"100 מ""ל",false,,13.90,0.0265,true,1,137381
7290114605342,false,פירסט סמייל רפידות הנקה גודל מדיום 110,צאנזו שאנג קאר פרודק,,פירסט סמייל רפידות ה,יחידה,0.00,יחידה,false,,24.90,0.0000,true,1,154362
7290114606530,false,רוטב בטעם מיונז וקטשופ 515 גרם מאסטר שף,ש. שסטוביץ בע`מ,,מאסטר שף רוטב בטעם מ,גרמים,515.00,100 גרם,false,,14.90,0.0289,true,1,137396
7290114606547,false,מיונז פטריות כמהין לחיץ מאסטר שף 242 גרם,ש. שסטוביץ בע`מ,,מאסטר שף מיונז עם כמ,גרמים,242.00,100 גרם,false,,14.90,0.0616,true,1,137397
7290114606554,false,מיונז מופחת קלוריות בקבוק לחיץ,ש. שסטוביץ בע`מ,,מאסטר שף מיונז לייט,גרמים,470.00,100 גרם,false,,14.90,0.0317,true,1,137398
7290114606561,false,מאסטר שף אטריות אורז דקות ורמיצ'לי 400 ג,לינג טונג רייס ורמיצ'ילי,,אטריות אורז דקות מאס,גרמים,400.00,100 גרם,false,,10.90,0.0273,true,1,243113
7290114607315,false,זוג משחת שיניים מקס וויט,קולגייט- פלמוליב,,מקס וויט מארז זוג 2*,מיליליטרים,250.00,"100 מ""ל",false,,29.90,0.1196,true,1,171080
7290114608169,false,פרי גרנולה קפה וקקאו עם אגוזים 300 גר`,ש. שסטוביץ בע`מ,,גרנולה בטעם קקאו וקפ,גרמים,300.00,100 גרם,false,,14.90,0.0497,true,1,221640
7290115073676,true,מארז מסכות 3 שכבות צ,,,מארז מסכות 3 שכבות צ,יחידה,0.00,יחידה,false,,9.90,0.0000,true,1,81304
7290115190014,false,סיגריות מרלבורו רד קצר בוקס,פיליפ מוריס בעמ,,סיגריות מרלבורו חפי,יחידה,0.00,יחידה,false,,36.50,0.0000,false,1,100783
7290115190076,false,סיגריות מרלבורו גולד ארוך 100 בוקס,פיליפ מוריס בעמ,,סיגריות מרלבורו חפי,יחידה,0.00,יחידה,false,,36.50,0.0000,false,1,107837
7290115190090,false,סיגריות מרלבורו קצר בוקס בודד,פיליפ מוריס בעמ,,סיגריות מרלבורו חפי,יחידה,0.00,יחידה,false,,36.50,0.0000,false,1,100797
7290115190137,false,סיגריות מרלבורו טאצ סילבר יחידה,פיליפ מוריס בעמ,,מרלבורו פיין טאצ בוד,יחידה,0.00,יחידה,false,,32.50,0.0000,false,1,100765
7290115190151,false,סיגריות מרלבורו טאצ גולד,פיליפ מוריס בעמ,,מרלבורו גולד טאצ בוד,יחידה,0.00,יחידה,false,,32.50,0.0000,false,1,100766
7290115190199,false,פרלמנט נייט ארוך חפיסה) (20,פיליפ מוריס בעמ,,סיגריות פרלמנט (חפיס,יחידה,0.00,יחידה,false,,42.00,0.0000,false,1,139726
7290115190359,false,אל.אמ בלו לייבל קצר חפיסה) (20,פיליפ מוריס בעמ,,אל אם בלו לייבל קצר,יחידה,0.00,יחידה,false,,33.00,0.0000,false,1,94447
7290115190458,false,סיגריות נקסט פיין אדג' בודד,פיליפ מוריס בעמ,,נקסט אדג` בודד,יחידה,0.00,יחידה,false,,27.00,0.0000,false,1,107839
7290115190496,false,סיגריות נקסט ארוך בודד,פיליפ מוריס בעמ,,סיגריות נקסט (בודד),יחידה,0.00,יחידה,false,,31.50,0.0000,false,1,121578
7290115190571,false,סיגריות נקסט לילך בודד,פיליפ מוריס בעמ,,סיגריות נקסט (בודד),יחידה,0.00,יחידה,false,,31.50,0.0000,false,1,94432
7290115190595,false,סיגריות נקסט אוריגינ,פיליפ מוריס בעמ,,סיגריות נקסט(בודד),יחידה,0.00,יחידה,false,,31.50,0.0000,false,1,100732
7290115200003,false,אסם פתי בר פינוקי וניל 16*220 ג',קבוצת אוסם סחר שותפות מוגבלת,,פתי בר פינוקי וניל 2,גרמים,220.00,100 גרם,false,,11.90,0.0541,true,1,109257
7290115200027,false,אסם פתי בר פינוקים שוקו 220 גרם,קבוצת אוסם סחר שותפות מוגבלת,,פתי בר פינוקי שוקו 2,גרמים,220.00,100 גרם,false,,11.90,0.0541,true,1,109258
7290115200713,false,במבה קלאסי מארז אחיד 5*50 גר` אסם,קבוצת אוסם סחר שותפות מוגבלת,,מארז במבה קלאסי אסם,גרמים,250.00,100 גרם,false,,12.90,0.0516,true,1,111080
7290115200881,false,בייגלה אסם שטוחים שומשום במליחות מעודנת 300 גר,קבוצת אוסם סחר שותפות מוגבלת,,אסם בייגלה שטוחים שו,גרמים,300.00,100 גרם,false,,11.90,0.0397,true,1,120501
7290115201475,false,טבעול גורמה לביבות כרישה 434 גרם,קבוצת אוסם סחר-שות.מוגבלת,,טבעול גורמה לביבות כ,גרמים,434.00,100 גרם,false,,34.90,0.0804,true,1,279205
7290115201680,false,ביסלי חטיף בטעם ברביקין אסם (70 גרם),קבוצת אוסם סחר שותפות מוגבלת,,ביסלי ברביקיו 70 גרם,גרמים,70.00,100 גרם,false,,3.90,0.0557,true,1,115615
7290115201741,false,ביסלי חטיף בטעם בצל אסם (70 גרם),קבוצת אוסם סחר שותפות מוגבלת,,ביסלי בצל 70 גרם,גרמים,70.00,100 גרם,false,,3.90,0.0557,true,1,110556
7290115202212,false,טבעול גורמה לביבות סלק 434 גרם,קבוצת אוסם סחר-שות.מוגבלת,,טבעול גורמה לביבות ס,גרמים,434.00,100 גרם,false,,34.90,0.0804,true,1,279207
7290115202786,false,מנה חמה פאוצ' נדלס.אטר.טעם בקר 70 גרם,קבוצת אוסם סחר שותפות מוגבלת,,מנה חמה פאוצ' נדלסאט,גרמים,70.00,100 גרם,false,,4.90,0.0700,true,1,136168
7290115202816,false,מנה חמה פאוץ נודלס אטריות טעם עוף 70 גרם,קבוצת אוסם סחר שותפות מוגבלת,,מנה חמה פאוצ' נדלסאט,גרמים,70.00,100 גרם,false,,4.90,0.0700,true,1,136169
7290115202939,false,מנה חמה רייס נודלס עוף פטריות אסם 50 גרם,קבוצת אוסם סחר שותפות מוגבלת,,מנה חמה רייס נודלס ע,גרמים,50.00,100 גרם,false,,7.90,0.1580,true,1,197843
7290115203134,false,חטיף פופקו פופקורן במבה אסם (80 גרם),קבוצת אוסם סחר שותפות מוגבלת,,פופקו פופקורן במבה 4,גרמים,80.00,100 גרם,false,,5.90,0.0738,true,1,150981
7290115203172,false,במבה PRO מכיל 18 גרם חלבון בשקית,קבוצת אוסם סחר שותפות מוגבלת,,במבה אסם 80 גרם PRO,גרמים,80.00,100 גרם,false,,4.90,0.0613,true,1,277303
7290115203486,false,פירורית בטעם ביסלי גריל אסם 200 גרם,קבוצת אוסם סחר שותפות מוגבלת,,אסם פירורית בטעם ביס,גרמים,200.00,100 גרם,false,,6.50,0.0325,true,1,142369
7290115204056,false,"קטשופ מופחת סוכר אסם 690 גרם כשל""פ",קבוצת אוסם סחר שותפות מוגבלת,,אסם קטשופ מופחת סוכר,גרמים,690.00,100 גרם,false,,11.90,0.0172,true,1,143469
7290115205176,false,729001032825פיטנס חטיפי קרקר כפרי 140גר.,קבוצת אוסם סחר שותפות מוגבלת,,פיטנס קרקר THIN כפרי,גרמים,140.00,100 גרם,false,,11.90,0.0850,true,1,196428
7290115205312,false,קרקר פיטנס דק עם זיתי קלמטה ועשבי תיבול,קבוצת אוסם סחר שותפות מוגבלת,,פיטנס קרקר Thin Deli,גרמים,140.00,100 גרם,false,,11.90,0.0850,true,1,268045
7290115205527,false,חטיף מולטיגריין עם עדשים ( 25 גר`) פיטנס,קבוצת אוסם סחר שותפות מוגבלת,,פיטנס חטיף מולטגריין,גרמים,25.00,100 גרם,false,,4.90,0.1960,true,1,270048
7290115205695,false,אסם בונזור בצק מצונן לפיצה 460 גרם,קבוצת אוסם סחר-שות.מוגבלת,,בצק מצונן לפיצה בונז,גרמים,460.00,100 גרם,false,,17.90,0.0389,true,1,213726
7290115205718,false,אסם בונזור בצק מצונן עלים 230 גרם,קבוצת אוסם סחר-שות.מוגבלת,,בצק עלים מצונן בונז',גרמים,230.00,100 גרם,false,,13.90,0.0604,true,1,213740
7290115205978,false,פתיבר ואצבעות שוקולד 180 גרם - רבנות,קבוצת אוסם סחר שותפות מוגבלת,,פתי בר אצבעות שוקולד,גרמים,180.00,100 גרם,false,,11.90,0.0661,true,1,238361
7290115207163,false,פרפקטו ניוקי בזיליקום ושום אסם 500 גרם,קבוצת אוסם סחר-שות.מוגבלת,,ניוקי בזיליקום ושום,גרמים,500.00,100 גרם,false,,12.90,0.0258,true,1,213712
7290115207484,false,צבר סלט חציל על האש היתר 360 גרם,קבוצת אוסם סחר שותפות מוגבלת,,חציל על האש היתר צבר,גרמים,400.00,100 גרם,false,,16.90,0.0422,true,1,220725
7290115207941,false,ויטמינצ'יק אננס סירופ 1 ליטר,קבוצת אוסם סחר שותפות מוגבלת,,ויטמינצ'יק אננס 1 לי,ליטרים,1.00,ליטר,false,,22.50,22.5000,true,1,225815
7290115207989,false,ויטמינצ'יק תרכיז לימון 1 ליטר,קבוצת אוסם סחר שותפות מוגבלת,,ויטמינצ'יק לימון 1 ל,ליטרים,1.00,ליטר,false,,22.50,22.5000,true,1,225817
7290115208009,false,ויטמינצ'יק ענבים סירופ 1 ליטר,קבוצת אוסם סחר שותפות מוגבלת,,ויטמינצ'יק ענבים 1 ל,ליטרים,1.00,ליטר,false,,22.50,22.5000,true,1,225818
7290115208047,false,סירופ פטל ויטמינצ`יק (1 ליטר),קבוצת אוסם סחר שותפות מוגבלת,,ויטמינצ'יק פטל 1 ליט,ליטרים,1.00,ליטר,false,,22.50,22.5000,true,1,225819
7290115208061,false,ויטמינצ'יק תפוח סירופ 1 ליטר,קבוצת אוסם סחר שותפות מוגבלת,,ויטמינצ'יק תפוח 1 לי,ליטרים,1.00,ליטר,false,,22.50,22.5000,true,1,225820
7290115208320,false,אפרופו חטיף בטעם ביסלי בצל 50 גרם,קבוצת אוסם סחר שותפות מוגבלת,,אפרופו בטעם ביסלי בצ,גרמים,50.00,100 גרם,false,,5.00,0.1000,true,1,309710
7290115209174,false,במבה אורירית קלאסי 60 גר',קבוצת אוסם סחר-שות.מוגבלת,,במבה אורירית 60 גרם,גרמים,80.00,100 גרם,false,,4.90,0.0613,true,1,292465
7290115209198,false,במבה אוורירית אסם 80 גרם,קבוצת אוסם סחר שותפות מוגבלת,,במבה אורירית 80 גרם,גרמים,80.00,100 גרם,false,,4.90,0.0613,true,1,270066
7290115209358,false,במבה במילוי בראוניז אסם (60 גרם),קבוצת אוסם סחר שותפות מוגבלת,,במבה במילוי בראוניז,גרמים,60.00,100 גרם,false,,4.50,0.0750,true,1,309394
7290115209372,false,במבה במילוי בראוניז 150 גרם אוסם,קבוצת אוסם סחר שותפות מוגבלת,,במבה במילוי בראוניז,גרמים,150.00,100 גרם,false,,10.00,0.0667,true,1,309409
7290115400274,false,מיני דובשניות מתוקות 400 גרם אדל,שיבולים יצור ושיווק מוצרי מאפה,,מיני דובשניות בתוספת,גרמים,400.00,100 גרם,false,,10.50,0.0263,true,1,86792
7290115403282,false,עוגיות פיצפוצי שוקו 500ג דל,שיבולים יצור ושיווק מוצרי מאפה,,עוגיות פיצפוצי שוקו,גרמים,500.00,100 גרם,false,,17.90,0.0358,true,1,257401
7290115403299,false,עוגיות פרפריות 450ג דל,שיבולים יצור ושיווק מוצרי מאפה,,עוגיות פרפריות אדל 4,גרמים,450.00,100 גרם,false,,17.90,0.0398,true,1,257402
7290115403312,false,עוגיות מלוחות קריספי עגול 450ג דל,שיבולים יצור ושיווק מוצרי מאפה,,עוגיות מלוחות קריספי,גרמים,450.00,100 גרם,false,,17.90,0.0398,true,1,257404
7290115403343,false,עוגיות פסים עלים מסוכרות 450ג דל,שיבולים יצור ושיווק מוצרי מאפה,,עוגיות פסים עלים מסו,גרמים,450.00,100 גרם,false,,17.90,0.0398,true,1,257406
7290115403435,false,עוגיות מעמול תמר 500 גרם,שיבולים יצור ושיווק מוצרי מאפה,,עוגיות מעמול תמר אדל,גרמים,500.00,100 גרם,false,,17.90,0.0358,true,1,257415
7290115403459,false,עוגיות נסיכה בטעם תות 500 גר`,שיבולים יצור ושיווק מוצרי מאפה,,עוגיות נסיכה בטעם תו,גרמים,500.00,100 גרם,false,,17.90,0.0358,true,1,257417
7290115403466,false,עוגיות נסיכה מיקס 500ג דל,שיבולים יצור ושיווק מוצרי מאפה,,עוגיות נסיכה מיקס אד,גרמים,500.00,100 גרם,false,,17.90,0.0358,true,1,257418
7290115403473,false,עוגיות עינוגי שוקולד 500ג דל,שיבולים יצור ושיווק מוצרי מאפה,,עוגיות עינוגי שוקולד,גרמים,500.00,100 גרם,false,,17.90,0.0358,true,1,257419
7290115403480,false,עוגיות בסגנון מרוקאי מיני 500ג דל,שיבולים יצור ושיווק מוצרי מאפה,,עוגיות בסגנון מרוקאי,גרמים,500.00,100 גרם,false,,17.90,0.0358,true,1,257420
7290115403510,false,עוגיות מגולגלות תמרים 500ג דל,שיבולים יצור ושיווק מוצרי מאפה,,עוגיות מגולגלות תמרי,גרמים,500.00,100 גרם,false,,17.90,0.0358,true,1,257422
7290115403565,false,עוגיות קיפל וניל 500 גרם,שיבולים יצור ושיווק מוצרי מאפה,,עוגיות קיפל וניל אדל,גרמים,500.00,100 גרם,false,,17.90,0.0358,true,1,257427
7290115405118,false,קינוח אישי גבינה תענוג תות קפולסקי 200 ג,תופינים מקבוצת קפולסקי,,קינוח אישי תענוג תות,גרמים,200.00,100 גרם,false,,14.90,0.0745,true,1,65200
7290115405774,false,פחזניות ממולאות בטעם וניל קפולסקי 180 גרם,תופינים מקבוצת קפולס,,פחזניות בטעם וניל תו,גרמים,180.00,100 גרם,false,,14.90,0.0828,true,1,265638
7290115405781,false,פחזניות ממולאות בטעם שוקולד קפולסקי 180 גרם,תופינים מקבוצת קפולס,,פחזניות בטעם שוקולד,גרמים,180.00,100 גרם,false,,14.90,0.0828,true,1,265652
7290115405798,false,פחזניות ממולאות בטעם ריבת חלב קפולסקי 180 גרם,קפולסקי אדל בעמ,,פחזניות בטעם ריבת חל,גרמים,180.00,100 גרם,false,,14.90,0.0828,true,1,265653
7290115405804,false,פחזניות ממולאות בטעם תות קפולסקי 180 גרם,קפולסקי אדל בעמ,,פחזניות בטעם תות תופ,גרמים,180.00,100 גרם,false,,14.90,0.0828,true,1,265667
7290115405828,false,קינוח אישי גבינה אוכמניות קפולסקי 200 גרם,תופינים מקבוצת קפולסקי,,קינוח אישי גבינה אוכ,גרמים,200.00,100 גרם,false,,15.90,0.0795,true,1,267652
7290115410068,false,חציל במיונז סלטי היום 400 גרם,סלטי היום - קפוא זן,,חציל במיונז 400 גרם,גרמים,400.00,100 גרם,false,,10.90,0.0273,true,1,174506
7290115410075,false,טחינה סלטי היום 400 גרם,סלטי היום - קפוא זן,,טחינה 400 גרם סלטי ה,גרמים,400.00,100 גרם,false,,10.90,0.0273,true,1,174507
7290115410082,false,טורקי סלטי היום 400 גרם,סלטי היום - קפוא זן,,טורקי 400 גרם סלטי ה,גרמים,400.00,100 גרם,false,,10.90,0.0273,true,1,174521
7290115410099,false,מטבוחה סלטי היום 400 גרם,סלטי היום - קפוא זן,,מטבוחה 400 גרם סלטי,גרמים,400.00,100 גרם,false,,10.90,0.0273,true,1,174522
7290115410150,false,כרוב אדום סלטי היום 400 גרם,סלטי היום - קפוא זן,,כרוב אדום 400 גרם סל,גרמים,400.00,100 גרם,false,,10.90,0.0273,true,1,231099
7290115410549,false,המעדניה חומוס ירושלים 250 גר',סלטי היום - קפוא זן,,חומוס מסעדות המעדניה,גרמים,250.00,100 גרם,false,,10.90,0.0436,true,1,174428
7290115410556,false,המעדניה חומוס מסבחה ירוק 250 גר',סלטי היום - קפוא זן,,חומוס מסבחה 250 גרם,גרמים,250.00,100 גרם,false,,10.90,0.0436,true,1,174455
7290115410587,false,טחינה לבנה 250 גרם המעדניה,סלטי היום - קפוא זן,,טחינה לבנה 250 גרם -,גרמים,250.00,100 גרם,false,,10.90,0.0436,true,1,174458
7290115410594,false,חציל תאילנדי 250 גרם המעדניה,סלטי היום - קפוא זן,,חציל תאילנדי 250 גרם,גרמים,250.00,100 גרם,false,,10.90,0.0436,true,1,174472
7290115410600,false,חציל במיונז 250 גרם המעדניה,סלטי היום - קפוא זן,,חציל במיונז 250 גרם-,גרמים,250.00,100 גרם,false,,10.90,0.0436,true,1,174473
7290115410631,false,חציל בטעם כבד 250 גרם המעדניה,סלטי היום - קפוא זן,,חציל בטעם כבד 250 גר,גרמים,250.00,100 גרם,false,,10.90,0.0436,true,1,174476
7290115411928,false,סלט תפוחי אדמה סלטי היום 400 גרם,סלטי היום - קפוא זן,,"תפו""א 400 גרם סלטי ה",גרמים,400.00,100 גרם,false,,10.90,0.0273,true,1,174524
7290115480016,false,סוד פאוור קאפס לכביסה צבעונית 26 יחי,גורי שיווק בעמ,,סוד קפסולות ג'ל 3+1,100 יח',26.00,100 יח',false,,32.90,1.2654,true,1,267771
7290115671155,false,שלישיית סוכריות מאסט FRESH ענבים 45 גרם,"שטראוס גרופ בע""מ",,שלישיית סוכריות בזוק,גרמים,45.00,100 גרם,false,,8.90,0.1978,true,1,217946
7290115671223,false,מסטיק מאסט פאן אבטיח מנגו צנצנת 58 גרם,שטראוס גרופ בע`מ,,מסטיק קוביות ללא סוכ,גרמים,58.00,100 גרם,false,,9.90,0.1707,true,1,217960
7290115671339,false,מיני פינוקיות בראוניז בייגל בוטן עלית 180 ג' עלית,"הגביע מוצרי ופלים בע""\מ",,מיני פינוקיות בראוני,גרמים,180.00,100 גרם,false,,10.90,0.0606,true,1,164391
7290115671346,false,מיני פינוקיות טופי קרמל מלוח עלית 180 גרם,"הגביע מוצרי ופלים בע""\מ",,מיני פינוקיות במילוי,גרמים,180.00,100 גרם,false,,10.90,0.0606,true,1,164405
7290115671353,false,מיני פינוקיות עוגיות קקאו במילוי קרם בטעם וניל,"הגביע מוצרי ופלים בע""\מ",,מיני פינוקיות שחור ל,גרמים,180.00,100 גרם,false,,10.90,0.0606,true,1,211270
7290115676273,false,אבקת קקאו עלית 500 גרם+ 10% תוספת,שטראוס קפה בי.וי.,,עלית קקאו 500 גרם +1,גרמים,500.00,100 גרם,false,,26.10,0.0522,true,1,137595
7290115678222,false,מארז 8 גביעים יוגורט Greek בסגנון יווני 6.5% שומן,שטראוס גרופ בעמ/מצונן,,מארז שמינייה יוגורט,גרמים,130.00,100 גרם,false,,23.90,0.1838,true,1,144674
7290115678376,false,מעדן הגולן שוקולד 125 גרם,שטראוס גרופ בעמ/מצונן,,מעדן הגולן מעדן חלב,גרמים,125.00,100 גרם,false,,2.90,0.0232,true,1,165932
7290115678383,false,מעדן הגולן שוקולד מריר בודד 125גר,שטראוס גרופ בעמ/מצונן,,מעדן הגולן מעדן חלב,גרמים,125.00,100 גרם,false,,2.90,0.0232,true,1,165946
7290116270715,false,פילה ברבוניה ארוז בו,,,פילה ברבוניה ארוז בו,יחידה,0.00,יחידה,false,,24.90,0.0000,true,1,238896
7290116530185,false,"קורנפלקס דלישקד קרמל מלוח 400 גרם בד""ץ",יוניליוור ישראל שיווק בע`מ,,דגני בוקר דלישקד קרמ,גרמים,400.00,100 גרם,false,,23.90,0.0597,true,1,218939
7290116531083,false,"ברנפלקס ללא ת.סוכר בטעם דבש בתוספת שקדים, 400 גרם",יוניליוור ישראל שיווק בע`מ,,דגני בוקר ברנפלקס לל,גרמים,500.00,100 גרם,false,,23.90,0.0478,true,1,219443
7290116531243,false,"שמפו ומרכך 2ב-1 למניעת קשקשים 700 מ""ל פינוק","יוניליוור ישראל שיווק בע""מ",,שמפו ומרכך 2 ב-1 למנ,מיליליטרים,700.00,"100 מ""ל",false,,11.90,0.0170,true,1,202841
7290116531496,false,קינמונים דגנים פריכים מצופים קינמון 375,"יוניליוור ישראל שיווק בע""מ",,דגני בוקר קינמונים ת,גרמים,375.00,100 גרם,false,,20.90,0.0557,true,1,237148
7290116531519,false,קוקומן שוקו בננה 375 גרם בד`ץ,יוניליוור ישראל שיווק בע`מ,,קוקומן בטעם שוקו בננ,גרמים,375.00,100 גרם,false,,20.90,0.0557,true,1,219322
7290116531557,false,"פריכיות פתית תירס עם מלח 150 גרם כשל""פ",יוניליוור ישראל שיווק בע`מ,,מאגדת פריכיות דקות ע,גרמים,150.00,100 גרם,false,,14.90,0.0993,true,1,220579
7290116531762,false,דפים ריחניים למייבש כביסה בדין ורוד 40 יחידות,יוניליוור ישראל שיווק בע`מ,,בדין דפי מייבש ורוד,יחידה,0.00,יחידה,false,,18.90,0.0000,true,1,218146
7290116531779,false,דפים ריחניים למייבש כביסה בדין כחול 40 יחידות,"יוניליוור ישראל שיווק בע""מ",,בדין דפי מייבש כחול,יחידה,0.00,יחידה,false,,18.90,0.0000,true,1,218147
7290116532882,false,נישנושים איירביס טעם בצל 155 גר`,יוניליוור ישראל שיווק בע`מ,,נשנושים איירביס חטיף,גרמים,155.00,100 גרם,false,,11.90,0.0768,true,1,319997
7290116532899,false,נישנושים איירביס טעם פלאפל 155 גר`,"יוניליוור ישראל שיווק בע""מ",,נשנושים איירביס חטיף,גרמים,155.00,100 גרם,false,,11.90,0.0768,true,1,319998
7290116533063,false,דגני בוקר שוגי קרטיב ענבים 400 גרם,יוניליוור ישראל שיווק בע`מ,,שוגי דגני בוקר בטעם,גרמים,400.00,100 גרם,false,,23.90,0.0597,true,1,270483
7290116533216,false,"קנור מרק תיבול ירקות 235 מ""ל",יוניליוור ישראל שיווק בע`מ,,מרק ירקות 100% רכיבי,גרמים,235.00,100 גרם,false,,20.90,0.0889,true,1,308071
7290116930282,false,ארוחה בקטנה לאבנה עם קרקרים 150ג' תנובה,"תנובה בע""מ ***",,לאבנה 9% שומן עם קרק,גרמים,150.00,100 גרם,false,,7.90,0.0527,true,1,278254
7290116930459,false,"יופלה שייק מנגו בננה אננס וקוקוס 230 מ""ל",קבוצת המזון אקטשלאר,,יופלה SHAKE בננה אנ,מיליליטרים,230.00,"100 מ""ל",false,,7.90,0.0343,true,1,278329
7290116930626,false,ארוחה בקטנה ציזיקי עם קרקרים 150ג' תנובה,"תנובה בע""מ ***",,ציזיקי עם קרקרים תנו,גרמים,150.00,100 גרם,false,,7.90,0.0527,true,1,278255
7290116930657,false,"משקה חלב גו בטעם בננה תמר בתוספת שיבולת שועל במרקם חלק 340 מ""ל",תנובה מרכז שיתופי לש,,משקה GO בננה תמר עם,מיליליטרים,340.00,"100 מ""ל",false,,7.90,0.0232,true,1,323323
7290116931074,false,פרוסות טל העמק 32% שומן 300 גרם,"תנובה בע""מ ***",,גבינת טל העמק 32% שו,גרמים,300.00,100 גרם,false,,26.90,0.0897,true,1,288589
7290117260593,false,חטיף קראנצ'י על בסיס קמח עדשים בטעם צ'דר 80 ג',ג. וילי-פוד אינטרנשיונל בע`מ,,חטיף קראנצ'י על בסיס,גרמים,80.00,100 גרם,false,,7.90,0.0988,true,1,307835
7290117260890,false,פופקורן בציפוי בטעם קוקוס 90 גרם,ג. וילי-פוד אינטרנשיונל בע`מ,,פופקורן בטעם קוקוס ו,גרמים,90.00,100 גרם,false,,7.90,0.0878,true,1,229820
7290117260920,false,קרקרים ללא גלוטן 125 גרם ויליפוד,ג.וילי פוד אינטרנשיונל בעמ,,קרקרים ללא גלוטן ויל,גרמים,125.00,100 גרם,false,,9.90,0.0792,true,1,238962
7290117260937,false,קרקרים עם עגבניות ואורגנו ללא גלוטן 125 ג' ויליפוד,ג.וילי-פוד אינטרנשיונל בעמ,,קרקרים עם עגבניות וא,גרמים,125.00,100 גרם,false,,9.90,0.0792,true,1,238963
7290117260944,false,מיני גריסיני עם שמן זית ללא גלוטן ויליפוד 125 גרם,ג. וילי-פוד אינטרנשיונל בע`מ,,מיני גרסיני עם שמן ז,גרמים,125.00,100 גרם,false,,9.90,0.0792,true,1,238964
7290117261576,false,סרדינים בריסלינג מעושנים ברוטב עגבניות 185 גרם צנצנת,ג. וילי-פוד אינטרנשיונל בע`מ,,סרדינים בריסלינג מעו,גרמים,185.00,100 גרם,false,,13.90,0.0751,true,1,305520
7290117381205,false,"מאסטר שף שמן שומשום 370 מ""ל",ש.שסטוביץ בעמ,,מאסטר שף שמן שומשום,מיליליטרים,370.00,"100 מ""ל",false,,23.90,0.0646,true,1,321395
7290117383711,false,"מארז זוג תחליב רחצה חלב ודבש *750 מ""ל פלמוליב",קולגייט פלמוליב,,פלמוליב חלב ודבש 750,ליטרים,1500.00,100 ליטר,false,,30.00,0.0200,true,1,317422
7290117383728,false,"מארז זוג תחליב רחצה לומינוס  אבוקדו 750 מ""ל פלמוליב",קולגייט פלמוליב,,פלמוליב לומינוס אבוק,ליטרים,1500.00,100 ליטר,false,,30.00,0.0200,true,1,317423
7290117761052,false,מנקה חלונות 1 ליטר ז,,,מנקה חלונות 1 ליטר ז,ליטרים,1.00,ליטר,false,,14.90,14.9000,true,1,238432
7290117823798,false,בדיקה עצמית מהירה לזיהוי אנטיגן - 5 בדיקות,שמחה זה אנחנו בעמ,,בדיקה עצמית מהירה לז,יחידה,0.00,יחידה,false,,39.90,0.0000,true,1,224830
7290117900949,false,בוטנים מצופים אמריקאים 250 גרם,דין שיווק וקליה 2021 בעמ,,בוטנים מצופים אמריק,גרמים,250.00,100 גרם,false,,10.90,0.0436,true,1,271511
7290117900963,false,בוטנים קלויים 270גר ששון הקולה,דין שיווק וקליה 2021 בעמ,,בוטנים קלויים 270 גר,גרמים,270.00,100 גרם,false,,10.90,0.0404,true,1,271513
7290117901014,false,אגוזי קשיו קלויים 160 גר ששון הקולה,דין שיווק וקליה 2021 בעמ,,קשיו קלוי 160 גרם,גרמים,160.00,100 גרם,false,,15.90,0.0994,true,1,271518
7290117901021,false,קבוקים בוטנים מצופים עם שומשום 220 גרם,דין שיווק וקליה 2021 בעמ,,קבוקים בוטנים מצופים,גרמים,220.00,100 גרם,false,,10.90,0.0495,true,1,271519
7290117901038,false,אגוזי מלך קלופים ששון הקולה 190 גרם,דין שיווק וקליה 2021 בעמ,,אגוז מלך קלוף 190 גר,גרמים,190.00,100 גרם,false,,15.90,0.0837,true,1,271520
7290117901045,false,בוטן רביולי ששון הקולה 200 גרם,דין שיווק וקליה 2021 בעמ,,בוטן רביולי 200 גרם,גרמים,200.00,100 גרם,false,,15.90,0.0795,true,1,271521
7290118420071,false,במבה ביסלי ברביקיו מיקס 80גר אסם{,קבוצת אוסם סחר שותפות מוגבלת,,במבה ביסלי ברביקיו מ,גרמים,80.00,100 גרם,false,,4.50,0.0563,true,1,309438
7290118420378,false,פתיבר פינוקים בטעם תותים בשמנת - חלבי,קבוצת אוסם סחר שותפות מוגבלת,,פתי בר פינוקים תותים,גרמים,220.00,100 גרם,false,,11.90,0.0541,true,1,309679
7290118420477,false,אסם בייגלה שטוחים בטעם ביסלי בצל 300 גרם,קבוצת אוסם סחר שותפות מוגבלת,,בייגלה שטוחים בטעם ב,גרמים,300.00,100 גרם,false,,11.90,0.0397,true,1,309694
7290900010367,false,טורטייה שמינייה משקל נקי 360 ג' Avel,אבאל יזמות בעמ,,טורטייה אבאל 360 גרם,גרמים,360.00,100 גרם,false,,8.90,0.0247,true,1,48888
7296102210710,false,סט 4 קופסאות מרובע,,,סט 4 קופסאות מרובע,יחידה,0.00,יחידה,false,,19.90,0.0000,true,1,223642
7296102810491,false,סט 6 קולבים מפלסטיק,,,סט 6 קולבים מפלסטיק,יחידה,0.00,יחידה,false,,10.00,0.0000,true,1,224004
7297028161575,false,קרסוליות גבר (10 ) לבן/שחור/מעורב,ביג מול בעמ,,עשיריית גרבי גרב,יחידה,0.00,יחידה,false,,29.90,0.0000,true,1,185313
7297028161582,false,עשיריית גרבי אקטיב נשים 36-41,ביג מול בעמ,,עשיריית גרבי נשים,יחידה,0.00,יחידה,false,,29.90,0.0000,true,1,185314
7297268303032,false,גופיית ציצית,,,גופיה ציצית,יחידה,0.00,יחידה,false,,30.00,0.0000,true,1,43757
7297292000341,false,פלוש אמריקאי קטן +5-1עור,כ.כיפות שיווק וסחר בעמ,,כיפה פלוש אמריקאי קט,יחידה,0.00,יחידה,false,,15.50,0.0000,true,1,11997
7297292000426,false,בדי טהרה היגיינים 18 יחי,כ.כיפות שיווק וסחר בעמ,,בדי טהרה בדית 18 יח',יחידה,0.00,יחידה,false,,5.90,0.0000,true,1,12001
7297488099968,false,משומשו מלוחה 16% 250גר טבעוני,קפוא זן תעשיות מזון בעמ,,מלוחה 16% מרכיבים צמ,גרמים,250.00,100 גרם,false,,17.90,0.0716,true,1,183341
7297488199620,false,פצפוצי אורז מלא תפוח ללא גלוטן,דגש- דוכן גן שמואל,,דגש פצפוצי אורז מלא,גרמים,450.00,100 גרם,false,,19.90,0.0442,true,1,104965
7394376123337,false,"משקה שיבולת שועל אורגני מפוקח ע""י סקאל",טרנסומס פוד איי.בי,,משקה שיבולת שועל אור,ליטרים,1.00,ליטר,false,,15.90,15.9000,true,1,79805
7394376615825,false,אוטלי משקה שיבולת שועל מועשר בסידן וויטמינים 1 ליטר,ש. שסטוביץ בע`מ,,משקה שיבולת שועל מוע,ליטרים,1.00,ליטר,false,,15.90,15.9000,true,1,79806
7394376616778,false,אוטלי משקה שיבולת שועל להקצפה בריסטה 1 ליטר,ש. שסטוביץ בע`מ,,משקה שיבולת שועל להק,ליטרים,1.00,ליטר,false,,17.90,17.9000,true,1,79808
7394376620294,false,אוטלי משקה שיבולת שועל בטעם וניל 1 ליטר,איי אם פי אס איי תעש,,משקה שיבולת שועל וני,ליטרים,1.00,ליטר,false,,16.90,16.9000,true,1,321193
7501013101393,false,"ג'ומקס אננס בקבוק 473 מ""ל תריסר",חומקס קומר קומרסאליזדורה,,ג'ומקס נקטר אננס 473,מיליליטרים,473.00,"100 מ""ל",false,,8.30,0.0175,true,1,39399
7501013122114,false,ג'ומקס מיץ אננס קרטונית ליטר תריסר,חומקס קומר קומרסאליזדורה,,ג'ומקס נקטר אננס קרט,ליטרים,1.00,ליטר,false,,10.90,10.9000,true,1,39405
7501013122992,false,ג'ומקס מיץ קוקוס אננס קרטונית ליטר תריסר,חומקס קומר קומרסאליזדורה,,ג'ומקס משקה קוקוס אנ,ליטרים,1.00,ליטר,false,,10.90,10.9000,true,1,39407
7501049936945,false,"בירה סול שישייה בקבוק 330 מ""ל",פארייפאבה אגרואינדוס,,מארז שישייה בירה סול,ליטרים,1.98,ליטר,false,,36.90,18.6364,true,1,68247
7501064191398,false,שישיית בירה קורונה אקסטרא *355 מל,קריניציה ויטמינה אס,,קורונה מארז שישיה 6*,ליטרים,2.13,ליטר,false,,39.90,18.7324,true,1,29630
7509546678702,false,קולגייט משחת שיניים טוטל אנטי טרטר 100 מ,קולגייט-פלמוליב,,משחת שיניים קולגייט,מיליליטרים,100.00,"100 מ""ל",false,,16.90,0.1690,true,1,274867
7610100034084,false,מיונז טומי בשפורפרת 265 גרם,ליימן שליסל בע`מ,,מיונז טומי 265 גרם,גרמים,265.00,100 גרם,false,,15.90,0.0600,true,1,12833
7610113011652,false,בריזר - משקה כוהלי מוגז בטעם תפוח,בקרדי בריזר Bacardi Breezer,,בקרדי בריזר תפוח 275,מיליליטרים,275.00,"100 מ""ל",false,,13.90,0.0505,true,1,79346
7610243004463,false,"דורגול - מרסס להסרת אבנית במקלחון 600 מ""ל","יעקב יעקבי ובניו בע""מ",,דורגול מסיר אבן מרסס,יחידה,0.00,יחידה,false,,24.90,0.0000,true,1,11424
7610400091060,false,שוקולד מריר לינדט אקסלנס בתוספת תפוז ושקדים,לינדט ושפרונגלי קילש,,לינדט מריר אקסלנס תפ,גרמים,100.00,100 גרם,false,,16.90,0.1690,true,1,70695
7613030979647,false,דגני בוקר טריקס פירות עולם היורה 480 ג',קבוצת אוסם סחר שותפות מוגבלת,,דגני בוקר טריקס 480,גרמים,480.00,100 גרם,false,,27.90,0.0581,true,1,19449
7613033548192,false,פיטנס - דגני בוקר שוקולד מריר 375 גרם,קבוצת אוסם סחר שותפות מוגבלת,,דגני בוקר פיטנס שוקו,גרמים,375.00,100 גרם,false,,21.90,0.0584,true,1,19472
7613035548374,false,דגני בוקר גולדן מיניס מחיטה מלאה ותירס,קבוצת אוסם סחר-שות.מוגבלת,,דגני בוקר גולדן מיני,גרמים,570.00,100 גרם,false,,27.90,0.0489,true,1,19497
7613035622623,false,פיטנס גרנולה שקדים ודבש נסטלה (300 גרם),קבוצת אוסם סחר-שות.מוגבלת,,פיטנס גרנולה שקדים ו,גרמים,300.00,100 גרם,false,,15.90,0.0530,true,1,19500
7613035758834,false,פיטנס סופר גרנולה וחמוציות 300 גרם,קבוצת אוסם סחר שותפות מוגבלת,,פיטנס גרנולה חמוציות,גרמים,300.00,100 גרם,false,,15.90,0.0530,true,1,19503
7613035807778,false,פרפקטו רוטב עגבניות לבולונז אסם 400 גרם,קבוצת אוסם סחר שותפות מוגבלת,,פרפקטו רוטב עגבניות,גרמים,400.00,100 גרם,false,,9.90,0.0248,true,1,19504
7613035809109,false,פרפקטו רוטב עגבניות ובזיליקום אסם 400 גרם,קבוצת אוסם סחר שותפות מוגבלת,,פרפקטו רוטב עגבניות,גרמים,400.00,100 גרם,false,,9.90,0.0248,true,1,19505
7613035809857,false,פרפקטו רוטב עגבניות לפסטה ולבישול אסם 400 גרם,קבוצת אוסם סחר שותפות מוגבלת,,פרפקטו רוטב עגבניות,גרמים,400.00,100 גרם,false,,9.90,0.0248,true,1,19507
7613036520492,false,פרפקטו רוטב עגבניות לפיצה אסם 400 גרם,קבוצת אוסם סחר-שות.מוגבלת,,פרפקטו רוטב עגבניות,גרמים,400.00,100 גרם,false,,9.90,0.0248,true,1,19529
7613036737623,false,דגני בוקר קראנץ מיקס 410גר,קבוצת אוסם סחר שותפות מוגבלת,,דגני בוקר קראנץ מקס,גרמים,410.00,100 גרם,false,,27.90,0.0680,true,1,19532
7613037686906,false,פיטנס - דגני בוקר שקדים ודבש 355 גרם,קבוצת אוסם סחר שותפות מוגבלת,,פיטנס שקדים ודבש נסט,גרמים,355.00,100 גרם,false,,21.90,0.0617,true,1,19548
7613037687132,false,דגני בוקר פיטנס שקדים ודבש 585 גרם,קבוצת אוסם סחר שותפות מוגבלת,,דגני פיטנס שקדים ודב,גרמים,585.00,100 גרם,false,,27.90,0.0477,true,1,19549
7613038268262,false,דגני בוקר צ'יריוס דבש ושקדים במתיקות מעודנת,קבוצת אוסם סחר שותפות מוגבלת,,האני נאט ציריוס מופח,גרמים,410.00,100 גרם,false,,18.90,0.0461,true,1,19550
7613038451954,false,דגני בוקר שוקולד מופחת סוכר 410 ג' קראנץ',קבוצת אוסם סחר-שות.מוגבלת,,קראנץ שוקולד מופחת ס,גרמים,410.00,100 גרם,false,,21.90,0.0534,true,1,19551
7613287008497,false,סטארבקס - פולי קפה פייק פלייס 450 גרם,קבוצת אוסם סחר-שות.מוגבלת,,סטארבקס פולי קפה פיי,גרמים,450.00,100 גרם,false,,49.90,0.1109,true,1,145261
7613287121783,false,סמארטיס מיני 16*187 גרם,קבוצת אוסם סחר שותפות מוגבלת,,סמרטיס מיני 187 גרם,גרמים,187.00,100 גרם,false,,10.00,0.0535,true,1,274675
7613287155832,false,גרבר מחית תפוחי עץ 90 גרם פאוץ,קבוצת אוסם סחר שותפות מוגבלת,,מחית תפוח פאוץ גרבר,גרמים,90.00,100 גרם,false,,5.90,0.0656,true,1,127496
7613287155894,false,"גרבר - מחית אפרסק כל""פ פאוץ 90 גרם",קבוצת אוסם סחר שותפות מוגבלת,,מחית אפרסק גרבר פאוץ,גרמים,90.00,100 גרם,false,,5.90,0.0656,true,1,126140
7613287181411,false,ויטמינציק מחית סלט פירות 110 גרם,קבוצת אוסם סחר שותפות מוגבלת,,פאוץ סלט פירות ויטמי,גרמים,110.00,100 גרם,false,,5.90,0.0536,true,1,172210
7613287182326,false,ויטמינציק מחית בננה תפוח 110 גרם,קבוצת אוסם סחר-שות.מוגבלת,,פאוץ בננה תפוח ויטמי,גרמים,110.00,100 גרם,false,,5.90,0.0536,true,1,172211
7613287325853,false,אוסם - דיפ אנד ספרד מטבל איולי ספייסי 295 גרם,קבוצת אוסם סחר שותפות מוגבלת,,רוטב ספייסי איולי לח,גרמים,295.00,100 גרם,false,,14.90,0.0505,true,1,196781
7613287394323,false,דגני בוקר מולטי צ'יריוס 600 גרם,קבוצת אוסם סחר שותפות מוגבלת,,מולטי צ'יריוס 100% ד,גרמים,600.00,100 גרם,false,,22.90,0.0382,true,1,152503
7613287476494,false,אוסם - דיפ אנד ספרד מיונז בסגנון צרפתי 280 גרם,קבוצת אוסם סחר שותפות מוגבלת,,מיונז לחיץ אסם 280 ג,גרמים,280.00,100 גרם,false,,14.90,0.0532,true,1,196765
7613287476678,false,דגני בוקר סינימיניס צ'ורוס נסטלה 360 ג',קבוצת אוסם סחר שותפות מוגבלת,,סינימיניס צ'ורוס 360,גרמים,360.00,100 גרם,false,,27.90,0.0775,true,1,161062
7622010001858,false,עוגיות אוראו ממולאות קרם וניל 176 גרם.,דיפלומט מפיצים (1968) בעמ**,,עוגיות אוראו סנדביץ,גרמים,176.00,100 גרם,false,,9.90,0.0563,true,1,5123
7622201798154,false,גבינת שמנת לייט מופחתת שומן 13% שומן,מיודלז אספניה פרודוק,,פילדלפיה גבינת שמנת,גרמים,150.00,100 גרם,false,,16.90,0.1127,true,1,188163
7622201801809,false,מילקה שוקולד חלב עם אגוזים 100 גרם חדש,מנדלז דויצ'\לנד סנקס פרו,,מילקה שוקוד חלב עם א,גרמים,100.00,100 גרם,false,,6.90,0.0690,true,1,165688
7622201802394,false,שוקולד מילקה חלב מסרונים 100 גרם,מנדלז דויצ'\לנד סנקס פרו,,מילקה שוקולד חלב 100,גרמים,100.00,100 גרם,false,,6.90,0.0690,true,1,165674
7622201808631,false,אוראו מיני עוגיות ממולאות קרם וניל 67גרם,דיפלומט מפיצים (1968) בעמ**,,אוראו מיני כוסות בטע,גרמים,67.00,100 גרם,false,,9.90,0.1478,true,1,170948
7622210464729,false,אוראו גולדן עוגיות וניל במילוי קרם וניל,דיפלומט מפיצים (1968) בעמ**,,עוגיות אוראו גולדן 1,גרמים,154.00,100 גרם,false,,7.90,0.0513,true,1,5133
7622300270506,false,מילקה גריינס - עוגיות שיבולת שועל מצופות שוקולד 168 ג',דיפלומט מפיצים (1968) בעמ**,,מילקה גריינס עוגיות,גרמים,168.00,100 גרם,false,,13.90,0.0827,true,1,5151
7622300503079,false,עוגיות ביסקוויט מצופה שוקולד חלב מילקה 200 גרם,דיפלומט מפיצים (1968) בעמ**,,מילקה מוו - ביסקוויט,גרמים,200.00,100 גרם,false,,13.90,0.0695,true,1,5160
7622300617820,false,מילקה שוקולד חלב במילוי קרם חלב ווניל ושבבי עוגיות אוראו 100 גרם,מנדלז דויצ'\לנד סנקס פרו,,מילקה שוקולד אוראו 1,גרמים,100.00,100 גרם,false,,6.90,0.0690,true,1,5161
7630477891615,false,סטארבקס קפסולות קפה סומטרה 10 יחידות,קבוצת אוסם סחר שותפות מוגבלת,,סטארבקס קפסולות סומט,גרמים,55.00,100 גרם,false,,22.90,0.4164,true,1,98128
7630477891639,false,קפסולות קפה סומטרה (10 יח) סטארבקס ( 55,קבוצת אוסם סחר שותפות מוגבלת,,סטארבקס קפסולות ורונ,גרמים,55.00,100 גרם,false,,22.90,0.4164,true,1,98129
7630477891691,false,סטארבקס קפסולות קפה קולמביה 10 יחידות,קבוצת אוסם סחר שותפות מוגבלת,,סטארבקס קפסולות קולו,גרמים,57.00,100 גרם,false,,22.90,0.4018,true,1,98130
7630477891738,false,סטארבקס קפסולות קפה אספרסו בלונד 10 יחיד,קבוצת אוסם סחר שותפות מוגבלת,,סטארבקס קפסולות אספר,גרמים,53.00,100 גרם,false,,22.90,0.4321,true,1,98115
7638900248357,false,סוללות אנרג`ייזר ליתיום 2032 זוג ריפרש,דנאגיס בעמ,,אנרג'ייזר סוללות 203,יחידה,0.00,יחידה,false,,19.90,0.0000,true,1,6085
7790040420076,false,מיני אלפחורס בון בון 117 גר,לירון קרביץ יבוא שיווק וסחר,,אלפחורס עוגיות סנדבי,גרמים,117.00,100 גרם,false,,8.90,0.0761,true,1,105618
7790580315986,false,סוכריות ממולאות תות 453ג' מהדרין,לירון קרביץ יבוא שיווק וסחר,,סוכריות ממולאות מהדר,גרמים,470.00,100 גרם,false,,15.50,0.0330,true,1,13313
7790580315993,false,סוכריות טופי קרם שוקולד 483 גרם,,,סוכריות טופי חלב מהד,גרמים,483.00,100 גרם,false,,18.90,0.0391,true,1,13314
7790580316013,false,סוכריות טופי חלב 483 גר מהדרין,,,סוכריות טופי חלב 483,גרמים,483.00,100 גרם,false,,18.90,0.0391,true,1,13315
7790580421663,false,שוקולד בון בון ריבת חלב 288 גרם,לירון קרביץ יבוא שיווק וסחר,,בון בון ריבת חלב וקר,גרמים,288.00,100 גרם,false,,19.90,0.0691,true,1,298949
7792860006218,false,סוכריות לקקן בייבי דול לריטייר (24 גרם),גוד פוד פרודקטס S.p,,בייבי דול לקקן 20גר,גרמים,24.00,100 גרם,false,,2.90,0.1208,true,1,13842
7800601801029,false,פלסטרים בצבע שקופים 100 יח',,,פלסטרים 100 יח' - לי,יחידה,0.00,יחידה,false,,7.90,0.0000,true,1,96903
7800601801173,false,"רשת למנגל 24*20 ס""מ",,,"רשת למנגל 24*20 ס""מ",יחידה,0.00,יחידה,false,,12.90,0.0000,true,1,89940
7891024124826,false,"משחת שיניים קולגייט אופטייק וויט 75 מ""ל",הנסיך- מפעל לייצור ט,,מש.שיניים אופטיק ווי,מיליליטרים,75.00,"100 מ""ל",false,,19.90,0.2653,true,1,21871
8000070010680,false,קפסולות אספרסו לוואצה NCC מותאמות למכונו,לאוג'י לוואצה אס.פי.אי,,לוואצ'ה קפסולות קפה,גרמים,50.00,100 גרם,false,,16.90,0.3380,true,1,198002
8000070064577,false,קפסולות קפה לוואצה קוואליטה אורו חוזק 8,לואיג'י לוואצה,,קפסולת LAVAZZA ORO ר,גרמים,120.00,100 גרם,false,,29.90,0.2492,true,1,298732
8000070081000,false,לוואצה הורמוניקו מס' 8קפסולות לקפה 50 גרם,לאוג'\י לוואצה אס.פי.אי,,לוואצ'ה קפסולות קפה,גרמים,50.00,100 גרם,false,,16.90,0.3380,true,1,42071
8000070081109,false,קפסולות לוואצה ריקו נטולקפאין 6 נספרס 50,לאוג'\י לוואצה אס.פי.אי,,לוואצ'ה קפסולות קפה,גרמים,50.00,100 גרם,false,,16.90,0.3380,true,1,42073
8000113003402,false,"קמח תירס בוואקום 1 ק""ג",גורי מוצרי צריכה (1991) בעמ,,"קמח תירס ניקולי 1 ק""",קילוגרמים,1.00,"ק""ג",false,,14.10,14.1000,true,1,3676
8000215204219,false,משקה אורז ביו אורגני ויטאריז 1 ליטר,בטר אנד דיפרנט,,משקה אורז אורגני 1 ל,ליטרים,1.00,ליטר,false,,13.90,13.9000,true,1,104993
8000215204240,false,משקה אורז ושקדים ביו אורגני ויטאריז 1 לי,בטר אנד דיפרנט,,משקה שקדים ואורז אור,ליטרים,1.00,ליטר,false,,13.90,13.9000,true,1,105012
8000215204653,false,משקה סויה ויטאסי 1 ליטר,בטר אנד דיפרנט,,משקה סויה 1 ליטר -,ליטרים,1.00,ליטר,false,,11.90,11.9000,true,1,104997
8000215204677,false,ויטריז - משקה שיבולת שועל בריסטה אורגני,בטר אנד דיפרנט,,משקה שיבולת שועל אור,ליטרים,1.00,ליטר,false,,13.90,13.9000,true,1,224816
8000380187249,false,עוגיות עם מילוי קרם שקדים ושוקולד חלב,ליימן שליסל בע`מ,,עוגיות לואקר שקדים 1,גרמים,100.00,100 גרם,false,,13.90,0.1390,true,1,102012
8000380187300,false,עוגיות חמאה עם שוקולד חלב לואקר 120 גר,ליימן שליסל בעמ,,עוגיות לואקר פתיתי ש,גרמים,120.00,100 גרם,false,,13.90,0.1158,true,1,102013
8000380192243,false,וופלים מלבנים פריכיים בטעם אגוז 200 גר`,ליימן שליסל בע`מ,,וופל לואקר מקסי אגוז,גרמים,200.00,100 גרם,false,,13.90,0.0695,true,1,12897
8000380192250,false,וופלים מלבנים פריכיים בטעם שוקולד 200 גר,ליימן שליסל בע`מ,,וופל לואקר מקסי שוקו,גרמים,200.00,100 גרם,false,,13.90,0.0695,true,1,12898
8000500023624,false,חטיפי הפי היפו Happy Hippo במילוי קרם חלב וקקאו,פרימיום-חברה לדברי מתיקה ולמסח,,הפי היפו 5*20ג,גרמים,102.00,100 גרם,false,,12.90,0.1265,true,1,41451
8001003100164,false,יוגטה סוכריות ג'לי בטעמי פירות 450 גרם,ליימן שליסל בע`מ,,יוגטה סוכריות ג'לי פ,גרמים,450.00,100 גרם,false,,11.90,0.0264,true,1,42084
8001090222756,false,"הרבל אסנס מרכך תות שמן מורינגה 400 מ""ל",דיפלומט מפיצים (1968) בעמ,,מרכך שמן מורינגה הרב,מיליליטרים,400.00,"100 מ""ל",false,,14.90,0.0373,true,1,27398
8001090336491,false,פמפרס בייבי דריי חיתולים מידה +4 31 יח,דיפלומט מפיצים (1986) בע`מ,,פמפרס בייבי דריי מיד,יחידה,0.00,יחידה,false,,32.90,0.0000,true,1,27405
8001090336606,false,חיתולי ביביי דריי מידה ( 26 יח`) פמפרס,דיפלומט מפיצים (1986) בע`מ,,פמפרס בייבי דריי מיד,יחידה,0.00,יחידה,false,,32.90,0.0000,true,1,27407
8001090458322,false,"פיירי ורדים ומשי 1015 מ""ל",דיפלומט מפיצים (1968) בעמ,,פיירי ורדים ומשי 101,ליטרים,1.01,ליטר,false,,17.90,17.7228,true,1,27419
8001090493637,false,"הד אנד שולדרס שמפו אולטרא טוטאל קר 450 מ""ל",דיפלומט מפיצים (1986) בע`מ,,שמפו אולטרא טוטאל קר,מיליליטרים,450.00,"100 מ""ל",false,,18.90,0.0420,true,1,27429
8001090832450,false,"שמפו פנטן הנוסחה הקלאסית 660 מ""ל",דיפלומט מפיצים (1986) בע`מ,,שמפו הנוסחה הקלאסית,מיליליטרים,660.00,"100 מ""ל",false,,19.90,0.0302,true,1,67404
8001090832573,false,שמפו שמן לחות מוגברת 660 מל פנטן,דיפלומט מפיצים (1986) בע`מ,,שמפו לחות מוגברת פנט,מיליליטרים,660.00,"100 מ""ל",false,,19.90,0.0302,true,1,67406
8001090833198,false,אריאל נוזל כביסה 2.47 ליטר ניחוח מרענן,דיפלומט מפיצים (1986) בע`מ,,אריאל ג'ל כביסה ניחו,ליטרים,2.37,ליטר,false,,30.90,13.0380,true,1,27470
8001505000320,false,מעדן תותי יער אורגני 250 ג FIORDIFRUTTA,אף.סי תבליני בגליל ב,,מעדן תותים ותותי בר,גרמים,250.00,100 גרם,false,,18.90,0.0756,true,1,105030
8001620011935,false,"סן בנדטו- מים מינרלים מוגז - מארז שישיית 500 מ""ל",אקווה מינרלה סאן בנד,,סאן בנדטו מוגז 6*500,ליטרים,3.00,ליטר,false,,13.90,4.6333,true,1,9556
8001620015612,false,"משקה פירות פרוטה-גזר תפוז לימון 400 מ""ל סאן בנדטו",אקווה מינרלה סאן בנדטו ב,,סן בנדטו בטעם גזר תפ,מיליליטרים,400.00,"100 מ""ל",false,,7.50,0.0188,true,1,132080
8001620015629,false,"משקה פירות בטעם תפוז ותפוז אדום 400 מ""ל פרוטה",אקווה מינרלה סאן בנדטו ב,,משקה פירות פרוטה בטע,מיליליטרים,400.00,"100 מ""ל",false,,7.50,0.0188,true,1,202470
8001620015636,false,"משקה פירות פרוטה-מיקס פירות 400 מ""ל סאן בנדטו",אקווה מינרלה סאן בנדטו ב,,סן בנדטו בטעם מיקס פ,מיליליטרים,400.00,"100 מ""ל",false,,7.50,0.0188,true,1,132081
8001841053806,false,תחבושות היגייניות אולוויז מקסי עבה לילה,דיפלומט מפיצים (1968) בעמ,,תחבושות עבה לילה אול,יחידה,0.00,יחידה,false,,13.90,0.0000,true,1,27500
8001841096889,false,"נוזל לניקוי כלים לימון קלאסי 900 מ""ל",דיפלומט מפיצים (1968) בעמ,,פיירי קלאסיק לימון 9,מיליליטרים,900.00,"100 מ""ל",false,,7.90,0.0088,true,1,27501
8001841105093,false,פמפרס פרימיום קר חיתולים שלב 6 26 יח VP,דיפלומט מפיצים (1986) בע`מ,,חיתולי פמפרס פרימיום,יחידה,0.00,יחידה,false,,35.90,0.0000,true,1,27504
8001841470290,false,נוזל ניקוי כלים פייר,,,נוזל ניקוי כלים פייר,מיליליטרים,750.00,"100 מ""ל",false,,14.90,0.0199,true,1,324198
8001841625188,false,סבון כלים פלטינום לימון X3 פעולות להסרת שומנים,דיפלומט מפיצים (1986) בע`מ,,פיירי נוזל כלים פלטי,מיליליטרים,515.00,"100 מ""ל",false,,9.90,0.0192,true,1,71733
8001841625287,false,סבון כלים פלטינום לימון X3 פעולות להסרת שומנים,דיפלומט מפיצים (1968) בעמ,,פיירי נוזל כלים פלטי,ליטרים,1.01,ליטר,false,,17.90,17.7228,true,1,71734
8001841625362,false,"נוזל כלים בניחוח לימון פלטינום 780 מ""ל פיירי",דיפלומט מפיצים (1968) בעמ,,פיירי נוזל כלים פלטי,מיליליטרים,780.00,"100 מ""ל",false,,12.90,0.0165,true,1,260125
8001841625461,false,סבון כלים פלטינום X3 פעולות להסרת שומנים,דיפלומט מפיצים (1986) בע`מ,,פיירי נוזל כלים פלטי,מיליליטרים,515.00,"100 מ""ל",false,,9.90,0.0192,true,1,71735
8001841653624,false,פיירי נוזל כלים 625,,,פיירי נוזל כלים 625,מיליליטרים,625.00,"100 מ""ל",false,,9.90,0.0158,true,1,288155
8001841663654,false,"פיירי נוזל כלים אקסטרה 650 מ""ל - צהוב",פרוקטר אנד גמבל,,פיירי נוזל כלים 650,מיליליטרים,650.00,"100 מ""ל",false,,9.90,0.0152,true,1,291983
8001841663692,false,נוזל כלים פיירי אקסט,,,פיירי נוזל כלים לימ,מיליליטרים,900.00,"100 מ""ל",false,,11.90,0.0132,true,1,275400
8001841667386,false,שמפו הד ושולדרס קלאס,,,שמפו הד ושולדרס קלאס,מיליליטרים,400.00,"100 מ""ל",false,,14.90,0.0373,true,1,138305
8001841667508,false,"הד&שולדרס - שמפו קלאסיק 400 מ""ל",,,שמפו הד ושולדרס קלאס,מיליליטרים,400.00,"100 מ""ל",false,,14.90,0.0373,true,1,130395
8001841941929,false,אולוויז וליו פק לילה בטוח אקסטרא 16 יחידות,דיפלומט מפיצים (1986) בע`מ,,אולוויז וליו פק לילה,יחידה,0.00,יחידה,false,,20.90,0.0000,true,1,235648
8001841943961,false,לנור כדוריות בושם בניחוח אוקיינוס 210 גר,דיפלומט מפיצים (1968) בעמ,,לנור כדוריות הבושם ב,גרמים,210.00,100 גרם,false,,30.90,0.1471,true,1,99122
8002267016475,false,ביצת שוקולד הפתעה בוב הבנאי שלישייה 60 ג,מולינו ניקולי s.p.a,,צ'וקטה ביצת הפתעה בו,יח',60.00,יח',false,,11.90,0.1983,true,1,42094
8002450201008,false,"רספברי ספרקלטיני 750 מ""ל",הכרם - משקאות חריפים בעמ,,ורדי ספרקלטיני כשר 7,מיליליטרים,750.00,"100 מ""ל",false,,30.90,0.0412,true,1,7378
8002450204009,false,משקה כהלי וורדי רספברי אפרסק,הכרם - משקאות חריפים בעמ,,ורדי אפרסק 750 מל,מיליליטרים,750.00,"100 מ""ל",false,,30.90,0.0412,true,1,7380
8003012013626,false,קפסולות קולומביה גרי,,,קפסולות קולומביה גרי,גרמים,55.00,100 גרם,false,,9.90,0.1800,true,1,211475
8003012013633,false,קפסולות ברזיל גריבלד,,,קפסולות ברזיל גריבלד,גרמים,55.00,100 גרם,false,,9.90,0.1800,true,1,211461
8003477500044,false,"פרימלוצ'י ספגטי מ""ס",,,"פרימלוצ'י ספגטי מ""ס",גרמים,500.00,100 גרם,false,,5.90,0.0118,true,1,304380
8003477500327,false,פרימלוצ'י קורנטי 500,,,פרימלוצ'י קורנטי 500,גרמים,500.00,100 גרם,false,,5.90,0.0118,true,1,304382
8003477500365,false,פרימלוצ'י קונקילייה,,,פרימלוצ'י קונקילייה,גרמים,500.00,100 גרם,false,,5.90,0.0118,true,1,304383
8003477500556,false,פרימלוצ'י פוסילי 500,,,פרימלוצ'י פוסילי 500,גרמים,500.00,100 גרם,false,,5.90,0.0118,true,1,304686
8003477500594,false,פרימלוצ'י פנה ריגאטה,,,פרימלוצ'י פנה ריגאטה,גרמים,500.00,100 גרם,false,,5.90,0.0118,true,1,304701
8004030026018,false,"מקסיקני עם טונה ריו מרה אינסלטיסימי, 160 ג'","בולטון אלימנטרי בע""\מ",,ריו מרה טונה עם שעוע,גרמים,160.00,100 גרם,false,,16.90,0.1056,true,1,21880
8004030177000,false,טונה בשמן זית וצ'ילי ריו מרה מארז 80X3 גר',ש. שסטוביץ בע`מ,,טונה בשמן זית עם צ'י,גרמים,240.00,100 גרם,false,,28.90,0.1204,true,1,21885
8004030180000,false,ריו מרה טונה בשמן זית כתית מעולה 3*80 גרם,"בולטון אלימנטרי בע""\מ",,ריו מרה טונה בשמן זי,גרמים,240.00,100 גרם,false,,28.90,0.1204,true,1,323951
8004030845046,false,טונה עם ירקות בתוספת עם אורז ריו מרה אינסלטיסימי 160 ג',בולטון אלימנטרי,,אינסלטיסימי אורז עם,גרמים,160.00,100 גרם,false,,16.90,0.1056,true,1,21892
8005200256587,false,נסטי - תה קר בטעם אפרסק 1.5 ליטר,פארייפאבה אגרואינדוס,,נסטי אפרסק 1.5 ליטר,ליטרים,1.50,ליטר,false,,8.90,5.9333,true,1,195934
8005200316588,false,תה קר נסטי אפרסק דיאט 1.5 ליטר פיקדון,פארייפאבה אגרואינדוס,,נסטי דיאט אפרסק 1.5,ליטרים,1.50,ליטר,false,,9.50,6.3333,true,1,195936
8005803010357,false,גריסיני קלאסי - מקלות אפויים עם שמן זית ומלח,ליימן שליסל בע`מ,,גריסיני בטעם קלאסי 1,גרמים,125.00,100 גרם,false,,8.50,0.0680,true,1,12904
8005803010371,false,"גריסיני רוזמרין - מקלות אפויים עם שמן זית, מלח ורוזמרין",ליימן שליסל בע`מ,,גריסיני עם רוזמרין 1,גרמים,125.00,100 גרם,false,,8.50,0.0680,true,1,12905
8005803010661,false,"מקלות אפויים עם שמן זית, מלח, ושומשום, 125 גרם, אמור די פאן","הוסטה איטליה, ס.ר.ל.",,גריסיני עם שומשום 12,גרמים,125.00,100 גרם,false,,8.50,0.0680,true,1,12907
8006540106709,false,אולוויז - מגן תחתון נורמל 58 יח',,,מגן תחתון מגה פק נור,יחידה,0.00,יחידה,false,,17.90,0.0000,true,1,322493
8006540628737,false,שמפו הד שולדרס קלאסי,,,שמפו הד שולדרס קלאסי,מיליליטרים,350.00,"100 מ""ל",false,,16.90,0.0483,true,1,298906
8008912010072,false,ליגורי- לינגוויני מספר 7 500גר,תה ויסוצקי (ישראל)בעמ,,פסטה לינגוויני מספר,גרמים,500.00,100 גרם,false,,7.90,0.0158,true,1,269871
8008912010270,false,"ליגורי פסטה קסרצ'ה מספר 27, 500 גר'",תה ויסוצקי (ישראל)בעמ,,פסטה קסרצ'ה מספר 27,גרמים,500.00,100 גרם,false,,7.90,0.0158,true,1,269872
8008912010300,false,LIGUORI פסטה פרפלה 500 גרם מספר 30,תה ויסוצקי (ישראל)בעמ,,פסטה פרפלה מספר 30 -,גרמים,500.00,100 גרם,false,,7.90,0.0158,true,1,269873
8008912010331,false,"ליגורי פסטה ניוקי סרדי בצורת קונכיות, 500 גר'",תה ויסוצקי (ישראל)בעמ,,פסטה ניוקטי סרדי בצו,גרמים,500.00,100 גרם,false,,7.90,0.0158,true,1,315042
8008912010423,false,פסטה פנה ריגטה מס (42 500 גר`)ליגורי,תה ויסוצקי (ישראל) בעמ,,פסטה פנה ריגטה מספר,גרמים,500.00,100 גרם,false,,7.90,0.0158,true,1,269875
8008940225004,false,גנדולה עוגיות קקאו אורגניות 350 גרם,גנדולה ביסקוטי,,גרנולה עוגיות קקאו א,גרמים,350.00,100 גרם,false,,16.90,0.0483,true,1,104843
8024985002783,false,מחית פירות סמוצ`י תפוח גזר דלעת ללא תוספ,נטורפוד בעמ,,נטורה נובה - סמוזי ג,גרמים,100.00,100 גרם,false,,5.50,0.0550,true,1,105216
8076800105056,false,"ברילה ספגטי 1 ק""ג קופסה",ש.שסטוביץ בעמ,,פסטה ספגטי בקופסה בר,קילוגרמים,1.00,"ק""ג",false,,12.90,12.9000,true,1,285818
8076800105735,false,"ברילה פנה ריגטה 1 ק""ג קופסה",ש.שסטוביץ בעמ,,פנה ריגטה בקופסה ברי,קילוגרמים,1.00,"ק""ג",false,,12.90,12.9000,true,1,285833
8076800105988,false,ברילה פוזילי בקופסה 1 קג,ברילה גי.אי.אר פרטלי ס.פ,,פוזלי בקופסה ברילה 1,קילוגרמים,1.00,"ק""ג",false,,12.90,12.9000,true,1,285848
8076800195019,false,ברילה - צ.א ספגטי מס1 קפליני 500 גרם,ברילה גי.אי.אר פרטלי ס.פ,,ספגטי קפליני מס' 1 ב,גרמים,500.00,100 גרם,false,,6.90,0.0138,true,1,21896
8076800195033,false,ברילה - צ.א ספגטיני מס3 חדש 500 גרם,ברילה גי.אי.אר פרטלי ס.פ,,ספגטי מס' 3 ברילה 50,גרמים,500.00,100 גרם,false,,6.90,0.0138,true,1,21897
8076800195057,false,ברילה - צ.א ספגטי מס5 חדש 500 גרם,ברילה גי.אי.אר פרטלי ס.פ,,ספגטיני מס' 5 ברילה,גרמים,500.00,100 גרם,false,,6.90,0.0138,true,1,21898
8076800195132,false,ברילה - צ.א בבטה מס13 500 גרם,ברילה גי.אי.אר פרטלי ס.פ,,ספגטי בבטה מס' 13 בר,גרמים,500.00,100 גרם,false,,6.90,0.0138,true,1,21899
8076800315097,false,פסטה מקרוני בוקטיני מספר 9 ברילה 500 גרם,ברילה גי.אי.אר פרטלי ס.פ,,ספגטי בוקטיני מס' 9,גרמים,500.00,100 גרם,false,,6.90,0.0138,true,1,21900
8076802085738,false,ברילה - צ.ק פנה רגטה חדש 500 גרם,ברילה גי.אי.אר פרטלי ס.פ,,פנה רגטה מס' 73 בריל,גרמים,500.00,100 גרם,false,,6.90,0.0138,true,1,21903
8076802085981,false,ברילה - צ.ק פוזילי חדש 500 גרם,ברילה גי.אי.אר פרטלי ס.פ,,פסטה פוזילי 98 ברילה,גרמים,500.00,100 גרם,false,,6.90,0.0138,true,1,21906
8076808050440,false,פסטה מקרוני מספר 44 ברילה 500 גרם,ש. שסטוביץ בע`מ,,פסטה מקרוני מס' 44 ב,גרמים,500.00,100 גרם,false,,6.90,0.0138,true,1,21907
8076808060654,false,פסטה פרפלה מספר 65 ברילה 500 גרם,ברילה גי.אי.אר פרטלי ס.פ,,פסטה פרפלה 65 ברילה,גרמים,500.00,100 גרם,false,,6.90,0.0138,true,1,21908
8076808070882,false,קנלוני מספר 88 ברילה (250 גרם),פאסטיפיקו ריגו אס.אר,,קנלוני ברילה 250 גרם,גרמים,250.00,100 גרם,false,,13.90,0.0556,true,1,21909
8076808150072,false,ברילה - צ.א ספגטוני מס7 חדש 500 גרם,ברילה גי.אי.אר פרטלי ס.פ,,ספגטי מס' 7 ברילה 50,גרמים,500.00,100 גרם,false,,6.90,0.0138,true,1,21910
8076809513388,false,ברילה רוטב אראביאטה צילי לפסטה 400 ג,ברילה גי.אי.אר פרטלי ס.פ,,ברילה רוטב ארביאטה 4,גרמים,400.00,100 גרם,false,,14.90,0.0373,true,1,21913
8076809513395,false,ברילה פומודורו רוטב עגבניות קלאסי 400 גר,ברילה גי.אי.אר פרטלי ס.פ,,ברילה רוטב פורמודרו,גרמים,400.00,100 גרם,false,,14.90,0.0373,true,1,21914
8076809513654,false,בסיס רוטב עגבניות לבולונז 400 גרם ברילה,ברילה גי.אי.אר פרטלי ס.פ,,ברילה רוטב עגבניות ל,גרמים,400.00,100 גרם,false,,14.90,0.0373,true,1,21916
8076809513692,false,רוטב עגבניות נפולטנה בתוספת ירקות,ברילה גי.אי.אר פרטלי ס.פ,,ברילה רוטב נפוליטנה,גרמים,400.00,100 גרם,false,,14.90,0.0373,true,1,21917
8076809513739,false,ברילה רוטב עגבניות עם בזיליקום 400 גרם,ברילה גי.אי.אר פרטלי ס.פ,,ברילה רוטב בזיליקום,גרמים,400.00,100 גרם,false,,14.90,0.0373,true,1,21919
8076809514774,false,ברילה פפרדלה איטריות ביצים 250 גרם,ברילה גי.אי.אר פרטלי ס.פ,,ברילה פפרדלה ביצים 2,גרמים,250.00,100 גרם,false,,17.90,0.0716,true,1,21921
8076809529419,false,ספגטי מחיטה מלאה מס' 5 500 ג' ברילה,ברילה גי. אי. אר פרט,,ספגטי מחיטה מלאה ברי,גרמים,500.00,100 גרם,false,,14.90,0.0298,true,1,21928
8076809529433,false,פסטה פנה ריגטה חיטה מלאה ברילה (500 גרם),"ש. שסטוביץ בע""\מ",,פנה רגטה מחיטה מלאה,גרמים,500.00,100 גרם,false,,14.90,0.0298,true,1,21929
8121300206946,false,ממתיק סיטיביה טרוביה 80 שקיות אישיות,גורי ע.ע.ע. בע`מ,,טרוביה - סטיביה ממתי,גרמים,80.00,100 גרם,false,,22.90,0.2862,true,1,111672
8410076600622,false,חטיפי גרנולה קראנצ'י עם שוקולד מריר נייצ'ר ואלי 210 גרם,ג'נרל מילס סאן אדריאן,,חטיף קראנצי שבבי שוק,גרמים,210.00,100 גרם,false,,19.90,0.0948,true,1,12917
8410076610492,false,חטיף שיבולת שועל מלאה ובוטנים בציפוי עם חמאת בוטנים,יבואן ומשווק: ש. שסט,,חטיף בוטנים ושיבולת,גרמים,150.00,100 גרם,false,,19.90,0.1327,true,1,12926
8410076621047,false,עוגות אישיות בטעם שוקולד עם חתיכות בטעם שוקולד,ליימן שליסל בע`מ,,חטיף פייבר 1 בטעם שו,גרמים,120.00,100 גרם,false,,14.90,0.1242,true,1,109478
8410104045111,false,"פיניש מלח למדיח כלים 2ק""ג",רקיט בנקיזר (ניר איסט) בעמ,,"פיניש מלח למדיח 2 ק""",קילוגרמים,2.00,"ק""ג",false,,15.90,7.9500,true,1,21097
8423207208871,false,פריכיות תירס בטעם טבעי סלים דליס 130 גרם,גורי מוצרי צריכה (1991) בעמ,,פריכיות תירס בטעם טב,גרמים,130.00,100 גרם,false,,10.90,0.0838,true,1,3703
8423207208895,false,פריכיות תירס בטעם זיתים ועירית סלים דליס 123 ג',גורי מוצרי צריכה (1991) בעמ,,פריכיות תירס זיתים ו,גרמים,123.00,100 גרם,false,,10.90,0.0886,true,1,3705
8423453905692,false,"בירה ווילדר לאגר 500 מ""ל פחית",פונט סאלם וולנסיה ספרד,,בירה ווילדר לאגר פחי,מיליליטרים,500.00,"100 מ""ל",false,,6.90,0.0138,true,1,143
8435495805168,false,"תינוקלין לכביסה לעור רגיש אולימפיק 1.25ק""ג",מולינו ניקולי s.p.a,,אבקת כביסה תינוקלין,קילוגרמים,1.25,"ק""ג",false,,21.90,17.5200,true,1,42099
8435495805199,false,אבקת כביסה תינוקלין- 66 כביסות (3 קג),מולינו ניקולי s.p.a,,אבקת כביסה תינוקלין,קילוגרמים,3.00,"ק""ג",false,,40.90,13.6333,true,1,42100
8435495807605,false,תינוקלין מרכך כביסה היפואלרגני מרוכז 1 ליטר,מולינו ניקולי s.p.a,,תינוקלין מרכך כביסה,ליטרים,1.00,ליטר,false,,19.90,19.9000,true,1,42103
8435495807636,false,תינוקלין ג`ל כביסה בייבי סנסטיב היפואל,ליימן שליסל בע`מ,,תינוקלין ג'ל כביסה 2,ליטרים,2.00,ליטר,false,,35.90,17.9500,true,1,42104
8436575292205,false,ארטיק חמשושים מאגדת 15*12 גר',נגה גלידות שותפות מוגבלת,,מאגדת חמשושים אננס מ,גרמים,180.00,100 גרם,false,,19.90,0.1106,true,1,16251
8437000906209,false,"עלי טורטיה קמח חיטה 20ס""מ 8יח' אזטקה 325ג'",Azteca foods europe,,8 טורטיות חיטה תומר,גרמים,325.00,100 גרם,false,,8.90,0.0274,true,1,25238
8682655100513,false,מארז 3 קופסאות איחסון איכותיות,,,מארז 3 קופסאות פלסטי,יחידה,0.00,יחידה,false,,19.90,0.0000,true,1,194638
8683130025574,false,"מרכך כביסה מרוכז אקסטרה לבנדר בדין 960 מ""ל",יוניליוור ישראל שיווק בע`מ,,בדין אקסטרא לבנדר-96,מיליליטרים,960.00,"100 מ""ל",false,,14.90,0.0155,true,1,259274
8683130025581,false,"מרכך כביסה מרוכז אקסטרה ענבר בדין 960 מ""ל",יוניליוור ישראל שיווק בע`מ,,בדין אקסטרא ענבר-960,מיליליטרים,960.00,"100 מ""ל",false,,14.90,0.0155,true,1,259275
8683323063024,false,יוגטה שטיחים בטעם תותי פרוטי 220 גרם,ליימן שליסל בע`מ,,יוגטה חיספוסים שטיחי,גרמים,220.00,100 גרם,false,,6.90,0.0314,true,1,42111
8686868600037,false,המותג אביזרי שיער,אל האופק שיווק וסחר,,המותג אביזרי שיער,יחידה,0.00,יחידה,false,,5.90,0.0000,true,1,74559
8686868600068,false,אביזרי שיער סרטים וקשתות,אל האופק שיווק וסחר,,המותג אביזרי שיער,יחידה,0.00,יחידה,false,,8.90,0.0000,true,1,31040
8686868600075,false,אביזרי שיער סיכות פפיון גדולות,אל האופק שיווק וסחר,,המותג אביזרי שיער,יחידה,0.00,יחידה,false,,9.90,0.0000,true,1,31041
8686868600112,false,המותג אביזרי שיער,אל האופק שיווק וסחר,,המותג אביזרי שיער,יחידה,0.00,יחידה,false,,13.90,0.0000,true,1,31044
8686868600129,false,המותג אביזרי שיער,אל האופק שיווק וסחר,,המותג אביזרי שיער,יחידה,0.00,יחידה,false,,14.90,0.0000,true,1,31045
8686868600150,false,המותג אביזרי שיער,אל האופק שיווק וסחר,,המותג אביזרי שיער,יחידה,0.00,יחידה,false,,17.90,0.0000,true,1,31046
8686868600174,false,המותג אביזרי שיער,אל האופק שיווק וסחר,,המותג אביזרי שיער,יחידה,0.00,יחידה,false,,19.90,0.0000,true,1,74560
8686868600235,false,אביזרי מניקור טל טל,אל האופק שיווק וסחר,,המותג אביזרי שיער,יחידה,0.00,יחידה,false,,12.90,0.0000,true,1,31051
8690504153740,false,גודייבה שוקולד מריר במילוי קרם גנאש 86 גרם,תה ויסוצקי (ישראל) בעמ,,טבלת שוקולד מריר עם,גרמים,86.00,100 גרם,false,,14.90,0.1733,true,1,24866
8690637073434,false,תה ארל גריי בטעם ברגמוט ללא שקית100ש,"יוניליוור ישראל שיווק בע""מ",,תה ליפטון ארל גריי 1,גרמים,200.00,100 גרם,false,,24.90,0.1245,true,1,10901
8690637505607,false,מרכך כביסה מרוכז בדין אקסטרה בניחוח פינוק כחול,יוניליוור ישראל שיווק בע`מ,,מרכך כביסה אקסטרה כח,מיליליטרים,960.00,"100 מ""ל",false,,14.90,0.0155,true,1,166482
8690637505614,false,"מרכך כביסה אקסטרא פינוק קוקוס 960 מ""ל בדין",יוניליוור ישראל שיווק בע`מ,,מרכך כביסה מרוכז בדי,מיליליטרים,960.00,"100 מ""ל",false,,14.90,0.0155,true,1,166496
8690637555084,false,"מרכך כביסה מרוכז אקסטרה פריחת התפוז בדין 960 מ""ל","יוניליוור ישראל שיווק בע""מ",,בדין אקסטרה לבן 960,מיליליטרים,960.00,"100 מ""ל",false,,14.90,0.0155,true,1,10911
8690637704376,false,"שמפו לטיפוח יום יומי דאב 600 מ""ל","יוניליוור ישראל שיווק בע""מ",,שמפו יום יומי דאב 60,מיליליטרים,600.00,"100 מ""ל",false,,16.90,0.0282,true,1,10936
8690637946301,false,"בדין - מרכך כביסה אקסטרא בייביי כחול 960 מ""ל","יוניליוור ישראל שיווק בע""מ",,בדין אקסטרה בייבי כ,מיליליטרים,960.00,"100 מ""ל",false,,14.90,0.0155,true,1,55180
8690777221405,false,פלפל אדום קלוי על האש 650 גר` ויליפוד,ג. וילי-פוד אינטרנשיונל בע`מ,,פלפל אדום קלוי על הא,גרמים,650.00,100 גרם,false,,11.90,0.0183,true,1,3299
8690784516440,false,דאק נוזל לניקוי מתקדם בניחוח לבנדה בודד 750מל,"אס.סי.ג'\ונסון מידרכט, ה",,דאק ג'ל נוזל לניקוי,מיליליטרים,750.00,"100 מ""ל",false,,10.90,0.0145,true,1,6106
8690946270074,false,פסטה ספגטי 500 גרם B,,,פסטה ספגטי 500 גרם B,גרמים,500.00,100 גרם,false,,3.90,0.0078,true,1,315384
8690946270111,false,פסטה פוזלי 500 גרם B,,,פסטה פוזלי 500 גרם B,גרמים,500.00,100 גרם,false,,3.90,0.0078,true,1,315385
8690946270241,false,פסטה קונכיות גדולות,,,פסטה קונכיות גדולות,גרמים,500.00,100 גרם,false,,3.90,0.0078,true,1,315386
8690946272207,false,פסטה פנה 500 גרם BAH,,,פסטה פנה 500 גרם BAH,גרמים,500.00,100 גרם,false,,3.90,0.0078,true,1,315387
8690946272320,false,פסטה מקרוני 500 גרם,,,פסטה מקרוני 500 גרם,גרמים,500.00,100 גרם,false,,3.90,0.0078,true,1,315388
8691058141238,false,ערמונים שלמים קלויים וקלופים 100 גר` Ave,אבאל יזמות בעמ,,AVEL ערמונים שלמים ק,גרמים,100.00,100 גרם,false,,4.90,0.0490,true,1,48896
8691900174056,false,קוטקס תחבושות אולטרה לילה 16 י',חוגלה קימברלי,,תחבושות קוטקס לילה,100 יח',16.00,100 יח',false,,16.90,1.0562,true,1,275472
8692952000232,false,סט 6 כוסות זכוכית שת,,,סט 6 כוסות זכוכית שת,יחידה,0.00,יחידה,false,,14.90,0.0000,true,1,45595
8693495051002,false,מברשת שיניים לילדים מיניונים קולגייט 6+,קולגייט פלמוליב,,קולגייט מברשת ילדים,יחידה,0.00,יחידה,false,,11.40,0.0000,true,1,21975
8693495052177,false,פלמוליב נטורלס תחליב רחצה זיתים 750 מל,קולגייט פלמוליב,,פלמוליב נטורלס תחליב,מיליליטרים,750.00,"100 מ""ל",false,,19.90,0.0265,true,1,21977
8697409840454,false,מברשת מגהץ איטלקית,,,מברשת מגהץ,יחידה,0.00,יחידה,false,,6.90,0.0000,true,1,199380
8697530910743,false,סיגריות פאל מאל כחול קצר מטאליק,גלוברנדס בעמ - שיווק סיגריות,,פאל מאל בלו,יחידה,0.00,יחידה,false,,31.00,0.0000,false,1,4186
8697975032505,false,"בקבוק ספורט 630 מ""ל",,,"בקבוק ספורט 630 מ""ל",יחידה,0.00,יחידה,false,,24.90,0.0000,true,1,273314
8698996000207,false,מגבות נייר 1/6,,,מגבות נייר 1/6,מטרים,0.00,מטר,false,,10.90,0.0000,true,1,317901
8710502064814,false,עוגיות מרבה שוקולד ציפס במרקם רך 175 גר,בנקטבקריי מרבה בי.וי,,מרבה עוגיות שוקוציפס,גרמים,175.00,100 גרם,false,,7.90,0.0451,true,1,21984
8710502194825,false,מרבה - עוגיות שוקוצ'יפס כשר למהדרין 150 גרם,ש.שסטוביץ בעמ,,מרבה עוגיות שוקולד צ,גרמים,150.00,100 גרם,false,,5.90,0.0393,true,1,21987
8710502231018,false,מרבה מיני עוגיות שוקולד צ'יפס 175 גרם,ש. שסטוביץ בע`מ,,מרבה עוגיות שוקולד צ,גרמים,175.00,100 גרם,false,,8.90,0.0509,true,1,118902
8710502285509,false,מרבה - עוגיות לימון ושוקולד צ'יפס במרקם רך 175 גרם,בנקטבקריי מרבה בי.וי,,מרבה עוגיה רכה לימון,גרמים,175.00,100 גרם,false,,7.90,0.0451,true,1,227237
8710502470035,false,עוגיות נוגטלי במילוי קרם אגוזים 200 ג' מרבה פטיסרי,ש. שסטוביץ בע`מ,,מרבה פטיסרי - עוגיות,גרמים,200.00,100 גרם,false,,10.90,0.0545,true,1,288250
8710800961310,false,סוכריות בטעם תות מנטוס 4*375 גרם,פרפטי ואן מלה ברדה,,מנטוס 1/4 תות,גרמים,150.00,100 גרם,false,,10.90,0.0727,true,1,12943
8711000362747,false,קפסולות קפה תואמות נספרסו ריסטרטו 11 ל'אור 10 יחידות,דיפלומט מפיצים (1968) בעמ**,,לור קפסולות קפה אספר,גרמים,52.00,100 גרם,false,,19.90,0.3827,true,1,5180
8712400802499,false,תרכובת מזון המשך לפעוטות על בסיס חלב שלב 1,דיפלומט מפיצים (1968) בעמ**,,נוטרילון שלב 1- 800,גרמים,800.00,100 גרם,false,,64.90,0.0811,true,1,5205
8712561594608,false,"דאב תחליב רחיצה להזנה עמוקה 750 מ""ל",יוניליוור ישראל שיווק בע`מ,,תחליב רחצה להזנה עמו,מיליליטרים,750.00,"100 מ""ל",false,,19.90,0.0265,true,1,11059
8712561611411,false,"תחליב רחצה בניחוח מלפפון ותה ירוק דאב 750 מ""ל",יוניליוור ישראל שיווק בע`מ,,תחליב רחצה תה ירוק ו,מיליליטרים,750.00,"100 מ""ל",false,,19.90,0.0265,true,1,11061
8712561626286,false,תחליב רחצה זוהר כמשי דאב (750 מל),יוניליוור ישראל שיווק בע`מ,,תחליב רחצה זוהר כמשי,מיליליטרים,750.00,"100 מ""ל",false,,19.90,0.0265,true,1,11063
8712561646024,false,"תחליב רחצה קרם פיסטוק ומגנוליה דאב 750 מ""ל","יוניליוור ישראל שיווק בע""מ",,תחליב רחצה קרם פיסטו,מיליליטרים,750.00,"100 מ""ל",false,,19.90,0.0265,true,1,230804
8714599412336,false,קפה נמס בריסטה אמריקנו קלוי וטחון 160 ג' ג'ייקובס,ג'\ייקובס דאו אגברטס רוס,,ג'ייקובס בריסטה אמרי,גרמים,160.00,100 גרם,false,,29.90,0.1869,true,1,197702
8714599513781,false,"קפה נמס מיובש בהקפאה זהב צנצנת ג'ייקובס 200 גרם לל""ס",דיפלומט מפיצים (1968) בעמ**,,קפה ג'יקובס גולד 200,גרמים,200.00,100 גרם,false,,27.90,0.1395,true,1,5193
8714599513835,false,גי'קובס קרונונג נייט אנד דיי - נטול קופיאין,דיפלומט מפיצים (1968) בעמ**,,קפה ג`יקובס נטול קופ,גרמים,200.00,100 גרם,false,,35.90,0.1795,true,1,5195
8714599513866,false,"קפה נמס מיובש בהקפאה קרונג צנצנת ג'ייקובס 200 גרם לל""ס",דיפלומט מפיצים (1968) בעמ**,,קפה ג'יקובס קרונונג,גרמים,200.00,100 גרם,false,,29.90,0.1495,true,1,5196
8714789177229,false,רבעיית מברשות שיניים קולגייט אקסטרה קלין 1 יחידה,הנסיך- מפעל לייצור ט,,מב.שיניים אקסטרא קלי,יחידה,0.00,יחידה,false,,10.90,0.0000,true,1,21999
8714789402918,false,נוזל לניקוי כללי ורצפות בניחוח פרחי בר אג'קס 1.5 ליטר,הנסיך- מפעל לייצור ט,,חגיגת הפרחים אדום אג,ליטרים,1.50,ליטר,false,,19.90,13.2667,true,1,22008
8714789450315,false,פלמוליב כלים שקוף לימון 1.5 ליטר,הנסיך- מפעל לייצור ט,,פלמוליב שקוף לימון 1,ליטרים,1.50,ליטר,false,,15.90,10.6000,true,1,22012
8714789582764,false,אג'קס ספריי לניקוי חלונות ומשטחים,הנסיך- מפעל לייצור ט,,אגקס חלונות 750מל,מיליליטרים,750.00,"100 מ""ל",false,,14.90,0.0199,true,1,22018
8714789797786,false,"פלמוליב נוזל לניקוי כלים גריז בלסטר 750 מ""ל",יבואן ומשווק: ש. שסט,,פלמוליב לכלים 4ב1 כ,מיליליטרים,750.00,"100 מ""ל",false,,11.90,0.0159,true,1,22025
8714789834467,false,פלמוליב נוזל לניקוי כלים קלאסי 1.5 ליטר,קולגייט-פלמוליב,,פלמוליב נוזל כלים 1.,ליטרים,1.50,ליטר,false,,15.90,10.6000,true,1,22030
8715700110141,false,מיונז קרמי היינץ צנצנת 460ג',דיפלומט מפיצים (1968) בעמ**,,מיונז היינץ אמיתי צנ,גרמים,460.00,100 גרם,false,,12.00,0.0261,true,1,5401
8715700110158,false,היינץ ממרח במרקם קרמי צנצנת 490 גרם,דיפלומט מפיצים (1968) בעמ**,,מיונז היינץ לייט צנצ,גרמים,490.00,100 גרם,false,,12.00,0.0245,true,1,5402
8715700419732,false,מתבל עגבניות היינץ (700 גרם),דיפלומט מפיצים (1968) בעמ**,,היינץ קטשופ 700 גרם,גרמים,700.00,100 גרם,false,,12.90,0.0184,true,1,5409
8715700423906,false,היינץ מתבל עגבניות מופחת סוכר ומלח 50/50 550 גרם,דיפלומט מפיצים (1968) בעמ**,,מתבל עגבניות היינץ 2,גרמים,555.00,100 גרם,false,,11.90,0.0214,true,1,5417
8717163647226,false,"אקס דאודורנט ספריי גוף בלאק 150 מ""ל","יוניליוור ישראל שיווק בע""מ",,ספריי גוף בלאק אקס 1,מיליליטרים,150.00,"100 מ""ל",false,,15.90,0.1060,true,1,11094
8718114734484,false,ממרח מיוני מיילי 320 גרם,א. סיימן סחר בעמ,,מיונז מיילי 320 גרם,גרמים,320.00,100 גרם,false,,13.90,0.0434,true,1,17245
8718692610828,false,בקבוקים צבעוניים סודה סטרים 1 ל' * 3 יח',סודהסטרים sodastream,,שלישיית בקבוקים 1 ל`,ליטרים,1.00,ליטר,false,,59.90,59.9000,true,1,17536
8718951093331,false,מרידול זוג מברשות שיניים אקסטרה סופט,קולגייט פלמוליב,,מברשת שיניים מרידול,יחידה,0.00,יחידה,false,,35.90,0.0000,true,1,22052
8718951166561,false,משחת שיניים לרעננות מוגברת max fresh cooling crystals,הנסיך- מפעל לייצור ט,,קולגייט משחת שיניים,מיליליטרים,125.00,"100 מ""ל",false,,17.90,0.1432,true,1,22065
8718951175600,false,"משחת שיניים קולגייט אוטאל קליין מינט 75 מ""ל",ש.שסטוביץ בעמ,,קולגייט משחת שיניים,מיליליטרים,75.00,"100 מ""ל",false,,12.90,0.1720,true,1,104651
8718951190191,false,"אגקס טריגר בוסט לימון וסודה 500מ""ל",קולגייט פלמוליב פירא,,אג'קס טריגר בוסט לימ,מיליליטרים,500.00,"100 מ""ל",false,,14.90,0.0298,true,1,22076
8718951236790,false,"קולגייט טוטאל משחת שיניים קלין מינט לפה בריא 100 מ""ל",קולגייט פלמוליב,,משחת שיניים קלין מינ,מיליליטרים,100.00,"100 מ""ל",false,,16.90,0.1690,true,1,22080
8718951236806,false,"קולגייט טוטאל הלבנה משחת שיניים המסייעת בהסרת כתמים 100 מ""ל",ש. שסטוביץ בע`מ,,מש.שיניים להלבנה קול,מיליליטרים,100.00,"100 מ""ל",false,,16.90,0.1690,true,1,22081
8718951240742,false,"קולגייט טוטאל משחת שיניים פסים מרעננים 100 מ""ל",איינשטיין-צור יבוא-יצוא וסחר ב,,מש.שיניים פסים מרעננ,גרמים,128.00,100 גרם,false,,16.90,0.1320,true,1,22083
8718951264618,false,"קולגייט אופטיק וייט פחם צ'רקול משחת שיניים, 75 מ""ל",איינשטיין-צור יבוא-יצוא וסחר ב,,קולגייט אופטיק וייט,מיליליטרים,75.00,"100 מ""ל",false,,29.90,0.3987,true,1,62735
8718951288492,false,"משחת שיניים מרידול בי טיוב מארז 2*75 מ""ל",קולגייט פלמוליב,,מרידול משחת שיניים ב,מיליליטרים,150.00,"100 מ""ל",false,,30.90,0.2060,true,1,123748
8718951315303,false,"קולגייט אדומה משחת שיניים להגנה מפני עששת 2*100 מ""ל",קולגייט-פלמוליב,,משחת שיניים קולגייט,מיליליטרים,200.00,"100 מ""ל",false,,19.90,0.0995,true,1,82204
8718951381292,false,"משחת שיניים מקס דיטוקס פואם קולגייט 125 מ""ל",ש. שסטוביץ בע`מ,,קולגייט משחת שיניים,מיליליטרים,125.00,"100 מ""ל",false,,17.90,0.1432,true,1,112188
8718951385290,false,אג`קס ניקוי כללי עוצמת ב -7כחול 2 ליטר,קולגייט פלמוליב,,אג'קס ניקוי כללי עוצ,ליטרים,2.00,ליטר,false,,22.90,11.4500,true,1,126260
8718951400474,false,"תחליב רחצה קמליה ושקדים ללא משאבה750 מ""ל פלמולי",קולגייט פלמוליב,,תחליב רחצה קמליה ושק,מיליליטרים,750.00,"100 מ""ל",false,,19.90,0.0265,true,1,275039
8718951433120,false,קולגייט טוטאל משחת שיניים לילדים לגילאי,קולגייט פלמוליב,,משחת שיניים קולגייט,מיליליטרים,50.00,"100 מ""ל",false,,17.90,0.3580,true,1,286307
8718951443358,false,"סבון ידיים הגיינה פלמוליב מארז 3*300 מ""ל",ש.שסטוביץ בעמ,,פלמוליב סבון ידיים ה,מיליליטרים,900.00,"100 מ""ל",false,,24.90,0.0277,true,1,147553
8718951470323,false,קולגייט סופט פואם פחם זוג מברשות שיניים,קולגייט פלמוליב,,זוג מברשת שיניים סופ,יחידה,0.00,יחידה,false,,36.90,0.0000,true,1,309841
8718951498754,false,שישיית מברשות שיניים סופר פלקסי קולגייט,קולגייט פלמוליב,,מברשת שיניים פלקסי פ,יחידה,0.00,יחידה,false,,17.90,0.0000,true,1,275592
8719128117249,false,"סירופ פפסי מקס 440 מ""ל סודהסטרים",סודהסטרים ישראל בעמ,,סירופ פפסי מקס סודה,מיליליטרים,440.00,"100 מ""ל",false,,22.90,0.0520,true,1,141348
8719200998001,false,מרגרינה לאפיה ובישול בלי מלח 200 ג' בלו בנד,יוניליוור ישראל מזון בע\,,בלו בנד ללא מלח 200,גרמים,200.00,100 גרם,false,,4.90,0.0245,true,1,11116
8719200998018,false,מחמאה מרגרינה בטעם חמאה בלובנד 200 גרם,"מיוצר ע""\י יוניליוור ישר",,מחמאה מרגרינה בטעם ח,גרמים,200.00,100 גרם,false,,4.90,0.0245,true,1,11117
8719200998032,false,"מרגרינה מזולה גלורי טעם חמאה 250גר 8 יחידות - כשל""פ","מיוצר ע""\י יוניליוור ישר",,מזולה בטעם חמאה 250,גרמים,250.00,100 גרם,false,,9.90,0.0396,true,1,11119
8719200998094,false,"מרגרינה מזולה לאפיה ללא תוספת מלח 200גר - 40 יח' -כשל""פ","מיוצר ע""\י יוניליוור ישר",,מזולה מרגרינה לאפייה,גרמים,200.00,100 גרם,false,,6.90,0.0345,true,1,11125
8719200998100,false,מרגרינה מזולה לאפיה טעם חמאה 200גר - 40 יח',דיפלומט מפיצים (1968) בעמ**,,מזולה מרגרינה לאפייה,גרמים,200.00,100 גרם,false,,6.90,0.0345,true,1,11126
8720181046605,false,דאב - דאודורנט ספריי לאישה אורגינל כחול 150מל,"יוניליוור ישראל שיווק בע""מ",,דאו' ספריי אוריגינל,מיליליטרים,150.00,"100 מ""ל",false,,14.90,0.0993,true,1,107435
8720181114458,false,אקס דאו ספריי לאישה 150 מל(יבוא מקביל,איינשטיין-צור יבוא-יצוא וסחר ב,,דאורדורנט ספריי אקס,מיליליטרים,150.00,"100 מ""ל",false,,10.90,0.0727,true,1,268649
8720182253156,false,דאב אל סבון מוצק מלפפונים 90 גרם רביעייה,יוניליוור ישראל טיפוח אי,,סבון מוצק מלפפון ות,גרמים,400.00,100 גרם,false,,17.90,0.0447,true,1,275372
8801055707966,false,קפה טייסטרס צ`ויס בריסטה נסקפה (180 גרם),קבוצת אוסם סחר שותפות מוגבלת,,נס קפה טייסטרס צ'ויס,גרמים,180.00,100 גרם,false,,32.90,0.1828,true,1,19571
8801055709489,false,אבקה להכנת משקה קפה בטעם קפוצ'ינו אגוזים,קבוצת אוסם סחר שותפות מוגבלת,,נסקפה קפוצ'ינו אגוזי,גרמים,185.00,100 גרם,false,,19.50,0.1054,true,1,237299
8850367992164,false,קרם קוקוס 250 מל 20-22% ללא חומר משמר,מזרח ומערב יבוא ושיווק,,קרם קוקוס ללא גלוטן,גרמים,250.00,100 גרם,false,,7.90,0.0316,true,1,47537
8850367994021,false,"רוטב צ'ילי מתוק ללא סוכר מזרח ומערב ללא גלוטן 280 מ""ל",מזרח ומערב יבוא ושיווק,,רוטב צ'ילי מתוק ללא,מיליליטרים,280.00,"100 מ""ל",false,,10.90,0.0389,true,1,296712
8851613101378,false,"נוזל קוקוס ארוי די 250 מ""ל",גורי מוצרי צריכה (1991) בעמ,,משקה קוקוס ארוי-די,מיליליטרים,250.00,"100 מ""ל",false,,9.90,0.0396,true,1,3743
8858271002870,false,רוטב פאד תאי 250 מ'ל - מקסצ'אפ,מזרח ומערב יבוא ושיווק,,רוטב פאד תאי MAXCHUP,מיליליטרים,250.00,"100 מ""ל",false,,10.90,0.0436,true,1,47550
8858271002887,false,רוטב טריאקי 250 מ'ל - מקסצ'אפ,מזרח ומערב יבוא ושיווק,,רוטב טריאקי MAXCHUP,מיליליטרים,250.00,"100 מ""ל",false,,10.90,0.0436,true,1,47551
8858271004799,false,"רוטב צילי מתוק אל פורפסיס 700 מ""ל",מזרח ומערב יבוא ושיווק,,רוטב צ'ילי מתוק מזרח,מיליליטרים,700.00,"100 מ""ל",false,,12.90,0.0184,true,1,47563
8858271005451,false,"רוטב סויה פורמולה 1 - 250 מ""ל מקסצ'אפ",מזרח ומערב יבוא ושיווק,,רוטב סויה בהיר-פורמו,מיליליטרים,700.00,"100 מ""ל",false,,9.90,0.0141,true,1,296626
8858271005772,false,"רוטב סויה ללא גלוטן (תמרי)300 מ""ל (כ)",מזרח ומערב יבוא ושיווק,,רוטב סויה ללא גלוטן,מיליליטרים,300.00,"100 מ""ל",false,,16.90,0.0563,true,1,248948
8888021200720,false,סוללות אנרג'ייזר AAA מקס 8 יחידות,יצרן: אנרג'ייזר סינג,,AAAאנרג'ייזר סוללות,יחידה,0.00,יחידה,false,,29.90,0.0000,true,1,6134
8901537024014,false,"אורז בסמטי מובחר 1 ק""ג - דוואט) יורה דיעה",ג. וילי-פוד אינטרנשיונל בע`מ,,וילי פוד אורז בסמטי,גרמים,1000.00,100 גרם,false,,14.90,0.0149,true,1,3313
8901571005833,false,מברשות שיניים סנסודיין שלישייה יבוא מקבי,פארמה דיל (פ.א.ב.) שיווק והפצה,,מברשת שיניים סנסודיי,יחידה,0.00,יחידה,false,,14.90,0.0000,true,1,200344
8934878081811,false,"דפי אורז 22 ס""מ 400 גר'(Trav) ללא גלוטן",מזרח ומערב יבוא ושיווק,,דפים על בסיס קמח טפי,גרמים,400.00,100 גרם,false,,11.90,0.0298,true,1,47567
9000101418163,false,שלישיית סבון אסלה בניחוח מתחלף תפוח ירוק ברף,גורי שיווק בעמ,,ברף בניחוח מתחלף תפו,גרמים,150.00,100 גרם,false,,19.90,0.1327,true,1,265942
9000101520965,false,שלישיית סבון אסלה בניחוח מתחלף לוטוס עדין ברף,גורי שיווק בעמ,,ברף בניחוח מתחלף לוט,גרמים,150.00,100 גרם,false,,19.90,0.1327,true,1,265943
9002975393843,false,סוכריות גילי הריבו גולדברס 70 גרם,"האריבו , ג'\י.אם.בי.אייץ",,סוכריות גומי בטעמי פ,גרמים,70.00,100 גרם,false,,6.90,0.0986,true,1,140238
9005835313609,false,קלרו טבליות למדיח כלים 15 יחידות CLARO,יעקב יעקבי ובניו בעמ,,טבליות למדיח כלים 15,גרמים,350.00,100 גרם,false,,14.90,0.0426,true,1,235446
9008700128575,false,נקטר פסיפלורה ראוץ' 1 ליטר,ראוך Rauch,,נקטר פסיפלורה 1 ליטר,ליטרים,1.00,ליטר,false,,11.20,11.2000,true,1,25257
9322969000022,false,"ריל פוד פריכיות תירס עם סויה וזרעי פשתן, ללא גלוטן 150 גרם",אף.סי תבליני בגליל ב,,פריכיות תירס עם סויה,גרמים,150.00,100 גרם,false,,14.90,0.0993,true,1,6140
9720188050109,false,ממרח על בסיס סויה בסגנון גבינה טופוטי 225 גרם,*החברה המרכזית להפצת משקאותבעמ,,טופוטי ממרח טופו בטע,גרמים,225.00,100 גרם,false,,21.50,0.0956,true,1,6755
