code,internal_code,name,manufacturer_name,manufacture_country,manufacturer_item_description,unit_qty,quantity,unit_of_measure,weighted,qty_in_package,price,unit_of_measure_price,allow_discount,status,item_id
10002078,false,מימון פלפל שחור טחון,Unknown,,מימון פלפל שחור טחון,,100.00,100 גרם,false,1,17.50,17.50,true,1,22758
10002146,false,מימון פפריקה מרוקאית,Unknown,,מימון פפריקה מרוקאית,,100.00,100 גרם,false,1,14.50,14.50,true,1,22760
10002207,false,מימון קינמון טחון,Unknown,,מימון קינמון טחון,,100.00,100 גרם,false,1,14.50,14.50,true,1,22761
10002351,false,מימון זעתר ושומשום,Unknown,,מימון זעתר ושומשום,,100.00,100 גרם,false,1,14.50,14.50,true,1,22759
10113651,false,בסט טישו בקופסא 150,Unknown,,בסט טישו בקופסא 150,,100.00,יחידה,false,1,7.00,0.07,true,1,16322
10116348,false,מיקס חטיפי עלית 390ג,Unknown,,מיקס חטיפי עלית 390ג,,390.00,100 גרם,false,1,30.00,7.69,true,1,21608
10117864,false,דוריטוס חריף אש 70גר,Unknown,,דוריטוס חריף אש 70גר,,70.00,100 גרם,false,1,6.90,9.86,true,1,6205
10117970,false,סבבה בוטנים 50 גר,Unknown,,סבבה בוטנים 50 גר,,50.00,100 גרם,false,1,3.00,6.00,true,1,2558
10125524,false,עוגת דבש ארוך אנטיקב,Unknown,,עוגת דבש ארוך אנטיקב,,0.00,,false,1,15.90,0.00,false,1,23617
10133574,false,SMART אוכמניות אייס,Unknown,,SMART אוכמניות אייס,,0.00,,false,1,89.90,0.00,false,1,23498
10133581,false,SMART3000 תות אייס,Unknown,,SMART3000 תות אייס,,0.00,,false,1,89.90,0.00,false,1,23496
10133598,false,SMART 3000 Mango,Unknown,,SMART 3000 Mango,,0.00,,false,1,89.90,0.00,false,1,23499
10133604,false,SMART3000 ענבים אייס,Unknown,,SMART3000 ענבים אייס,,0.00,,false,1,89.90,0.00,false,1,23495
10133611,false,SMART3000 פירות אייס,Unknown,,SMART3000 פירות אייס,,0.00,,false,1,89.90,0.00,false,1,23494
10133628,false,SMART 3000 מלון אייס,Unknown,,SMART 3000 מלון אייס,,0.00,,false,1,89.90,0.00,false,1,23500
10237531,false,פפסי 500מל,Unknown,,פפסי 500מל,,500.00,"100 מ""ל",false,1,8.90,1.72,true,1,15705
10237548,false,פפסי מקס בקבוק 500 מ,Unknown,,פפסי מקס בקבוק 500 מ,,500.00,"100 מ""ל",false,1,8.90,1.72,true,1,3009
10237562,false,מירנדה 500מל,Unknown,,מירנדה 500מל,,500.00,"100 מ""ל",false,1,8.90,1.72,true,1,15704
10237579,false,סבן אפ 500מל,Unknown,,סבן אפ 500מל,,500.00,"100 מ""ל",false,1,8.90,1.72,true,1,15703
10237685,false,הייניקן בקבוק 330,Unknown,,הייניקן בקבוק 330,,330.00,"100 מ""ל",false,1,16.90,5.03,true,1,2289
10259977,false,ויליפוד שמן קנולה 1ל,Unknown,,ויליפוד שמן קנולה 1ל,,1.00,1 ליטר,false,1,12.50,12.50,true,1,9135
10328246,false,טחינה שומשום מלא,Unknown,,טחינה שומשום מלא,,500.00,100 גרם,false,1,13.90,2.78,true,1,23475
10464005,false,לורד סלט קוסקוס+ירקו,Unknown,,לורד סלט קוסקוס+ירקו,,350.00,100 גרם,false,1,18.00,5.14,true,1,503
10464098,false,לורד טוסט צהובה,Unknown,,לורד טוסט צהובה,,220.00,100 גרם,false,1,18.00,8.18,true,1,512
10464197,false,כריך טונה כשלפ,Unknown,,כריך טונה כשלפ,,0.00,,false,1,18.00,0.00,true,1,6185
10464258,false,כריך פסטרמה-כשלפ,Unknown,,כריך פסטרמה-כשלפ,,0.00,,false,1,18.00,0.00,true,1,1902
10464265,false,כריך ג.צהובה כשלפ,Unknown,,כריך ג.צהובה כשלפ,,0.00,,false,1,18.00,0.00,true,1,6304
10464388,false,לורד מוזלי-בריאות 3%,Unknown,,לורד מוזלי-בריאות 3%,,300.00,100 גרם,false,1,16.00,5.33,true,1,1905
10464968,false,כריך מיני צהובה בדצ,Unknown,,כריך מיני צהובה בדצ,,1.00,יחידה,false,1,11.00,11.00,true,1,10104
10464982,false,לורד סלט פסטה ושרי,Unknown,,לורד סלט פסטה ושרי,,250.00,100 גרם,false,1,18.00,7.20,true,1,10116
10471669,false,דנונה בר תות קורנפלק,Unknown,,דנונה בר תות קורנפלק,,170.00,100 גרם,false,1,6.20,3.65,true,1,1941
10569120,false,גלידה פסק זמןנוגט+קר,Unknown,,גלידה פסק זמןנוגט+קר,,73.00,100 גרם,false,1,11.50,15.75,true,1,1909
10672943,false,1/3 בגט כשלפ,Unknown,,1/3 בגט כשלפ,,140.00,100 גרם,false,1,6.90,4.93,false,1,22648
10827220,false,מגבוני ניקוי וחיטוי,Unknown,,מגבוני ניקוי וחיטוי,,1.00,יחידה,false,1,25.00,25.00,false,1,19612
10827480,false,מגבונים לחים FRESH,Unknown,,מגבונים לחים FRESH,,72.00,יחידה,false,1,4.90,0.07,true,1,14854
10849505,false,למברוסקו רוסו די לוא,Unknown,,למברוסקו רוסו די לוא,,750.00,"100 מ""ל",false,1,38.00,5.03,true,1,8844
10849512,false,למברוסקו רוזאטו די,Unknown,,למברוסקו רוזאטו די,,750.00,100 גרם,false,1,38.00,5.03,true,1,9666
10849529,false,למברוסקו ביאנקו די ל,Unknown,,למברוסקו ביאנקו די ל,,750.00,"100 מ""ל",false,1,38.00,5.03,false,1,10845
10945146,false,קוטג טרה 140 גר,Unknown,,קוטג טרה 140 גר,,140.00,100 גרם,false,1,5.90,4.21,true,1,13369
10945306,false,חלב טרה קרטון 3% 2ל,Unknown,,חלב טרה קרטון 3% 2ל,,2.00,1 ליטר,false,1,12.46,6.23,true,1,21700
10945450,false,טרה ג.לבנה 3% מהדרין,Unknown,,טרה ג.לבנה 3% מהדרין,,250.00,100 גרם,false,1,4.75,1.90,false,1,23958
10945481,false,גבינה לבנה טרה 5%,Unknown,,גבינה לבנה טרה 5%,,520.00,100 גרם,false,1,9.96,1.92,true,1,21698
11017866,false,קוקה קולה סליק פחית,Unknown,,קוקה קולה סליק פחית,,330.00,"100 מ""ל",false,1,8.90,2.61,true,1,11683
11017873,false,קולה זירו סליק פחית,Unknown,,קולה זירו סליק פחית,,330.00,"100 מ""ל",false,1,8.90,2.61,true,1,11685
11017880,false,קולה דיאט סליק פחית,Unknown,,קולה דיאט סליק פחית,,330.00,"100 מ""ל",false,1,8.90,2.61,true,1,11684
11018184,false,פיוז טי אפרסק 0.5 ל,Unknown,,פיוז טי אפרסק 0.5 ל,,500.00,"100 מ""ל",false,1,9.90,1.92,true,1,11631
11018214,false,פיוז טי מנגו אננס0.5,Unknown,,פיוז טי מנגו אננס0.5,,500.00,"100 מ""ל",false,1,9.90,1.92,true,1,11634
11018368,false,ויינשטפן בירת חיטה*6,Unknown,,ויינשטפן בירת חיטה*6,,1.98,1 ליטר,false,1,86.70,42.88,true,1,13419
11018443,false,פאנטה אורנג סליק,Unknown,,פאנטה אורנג סליק,,330.00,"100 מ""ל",false,1,8.90,2.61,true,1,24037
11018474,false,סומרסבי סיידר 4.5%,Unknown,,סומרסבי סיידר 4.5%,,330.00,"100 מ""ל",false,1,14.90,4.42,true,1,13769
11018832,false,מארז 6 קוקה קולה,Unknown,,מארז 6 קוקה קולה,,1.98,1 ליטר,false,1,27.90,13.18,true,1,14987
11018917,false,מארז 6 קולה ZERO,Unknown,,מארז 6 קולה ZERO,,1.98,1 ליטר,false,1,26.60,12.53,true,1,14988
11018924,false,מארז6 דיאט קוקה קולה,Unknown,,מארז6 דיאט קוקה קולה,,1.98,1 ליטר,false,1,26.60,12.53,true,1,14989
11051358,false,שוופס סודה לימון 250,Unknown,,שוופס סודה לימון 250,,250.00,"100 מ""ל",false,1,6.90,2.64,true,1,4332
11051389,false,שוופס פירות יער 1.5,Unknown,,שוופס פירות יער 1.5,,1.50,1 ליטר,false,1,11.90,7.93,true,1,5336
11051396,false,שוופס אפרסק 1.5 מוגז,Unknown,,שוופס אפרסק 1.5 מוגז,,1.50,1 ליטר,false,1,11.90,7.93,true,1,5335
11051433,false,שוופס אפרסק 0.5 מוגז,Unknown,,שוופס אפרסק 0.5 מוגז,,500.00,"100 מ""ל",false,1,10.90,2.12,true,1,4742
11051440,false,שוופס פירות יער 0.5,Unknown,,שוופס פירות יער 0.5,,500.00,"100 מ""ל",false,1,10.90,2.12,true,1,4743
11081492,false,קרמיסימו שלושה שוקול,Unknown,,קרמיסימו שלושה שוקול,,1.33,1 ליטר,false,1,25.00,18.80,true,1,5502
11081690,false,קרמיסימו וניל ציפ,Unknown,,קרמיסימו וניל ציפ,,1.33,1 ליטר,false,1,25.00,18.80,true,1,5911
11126469,false,תה קמומיל ודבש,Unknown,,תה קמומיל ודבש,,25.00,יחידה,false,1,25.90,1.04,true,1,24210
11132552,false,בירת פלאונר 330*4,Unknown,,בירת פלאונר 330*4,,1.32,1 ליטר,false,1,34.90,25.53,true,1,23525
11133061,false,גולדסטאר בקבוק 6+2,Unknown,,גולדסטאר בקבוק 6+2,,2.64,1 ליטר,false,1,39.90,14.20,true,1,20728
11133368,false,מכבי ת.שנדי*6 330 מל,Unknown,,מכבי ת.שנדי*6 330 מל,,1.98,1 ליטר,false,1,49.90,24.29,true,1,23081
11133504,false,שנדי אפרסק 330מל,Unknown,,שנדי אפרסק 330מל,,1.98,1 ליטר,false,1,49.90,24.29,true,1,8914
11133634,false,פפסי מקס 330*6 כשלפ,Unknown,,פפסי מקס 330*6 כשלפ,,1.98,1 ליטר,false,1,26.90,12.68,true,1,22562
11194215,false,דניאלה בננה 100 גר,Unknown,,דניאלה בננה 100 גר,,150.00,"100 מ""ל",false,1,4.50,3.00,true,1,2837
11194246,false,שטראוס קוטג5% סידן,Unknown,,שטראוס קוטג5% סידן,,250.00,100 גרם,false,1,6.10,2.44,true,1,3180
11223205,false,ריבת חלב,Unknown,,ריבת חלב,,454.00,100 גרם,false,1,20.00,4.41,true,1,23968
11256845,false,סט צידניות קשיחות,Unknown,,סט צידניות קשיחות,,0.00,,false,1,199.00,0.00,true,1,19641
11378776,false,בארכה בקטנה פיסטוק,Unknown,,בארכה בקטנה פיסטוק,,126.00,100 גרם,false,1,13.00,10.32,true,1,17304
11402129,false,ציפס פלחים קילו,Unknown,,ציפס פלחים קילו,,1.00,"1 ק""ג",false,1,18.00,18.00,true,1,23365
11431396,false,צלחות קטן צבעוני,Unknown,,צלחות קטן צבעוני,,25.00,יחידה,false,1,9.90,0.40,false,1,19724
11431419,false,צלחות גדול צבעוני,Unknown,,צלחות גדול צבעוני,,25.00,יחידה,false,1,16.90,0.68,true,1,20876
11438142,false,יטבתה קפה קר בקבוק,Unknown,,יטבתה קפה קר בקבוק,,350.00,"100 מ""ל",false,1,7.50,2.14,true,1,4488
11499129,false,גד קוביות בולגרית מע,Unknown,,גד קוביות בולגרית מע,,200.00,100 גרם,false,1,24.00,12.00,true,1,23956
11499327,false,בולגרית מעודנת,Unknown,,בולגרית מעודנת,,250.00,100 גרם,false,1,28.00,11.20,true,1,23966
11499365,false,חלומי גד בחפיסה 24%,Unknown,,חלומי גד בחפיסה 24%,,200.00,100 גרם,false,1,24.00,12.00,true,1,23960
11499624,false,גבינת שמנת ניו יורק,Unknown,,גבינת שמנת ניו יורק,,200.00,100 גרם,false,1,14.00,7.00,true,1,24058
11515683,false,מאגדת אקסטרים וניל,Unknown,,מאגדת אקסטרים וניל,,432.00,100 גרם,false,1,36.90,8.54,true,1,14252
11598211,false,מנקה כללי אנטיקאלק,Unknown,,מנקה כללי אנטיקאלק,,700.00,"100 מ""ל",false,1,21.90,3.13,true,1,23986
11714871,false,בליסטיקס פטל לימון,Unknown,,בליסטיקס פטל לימון,,4.25,100 גרם,false,1,11.00,258.82,true,1,16053
11778118,false,12 ביצים טריות L בפי,Unknown,,12 ביצים טריות L בפי,,12.00,יחידה,false,1,12.05,1.00,false,1,17108
11778125,false,12 ביצים טריות M בפי,Unknown,,12 ביצים טריות M בפי,,12.00,יחידה,false,1,11.15,0.93,false,1,17109
11778132,false,12 ביצים טריות XL בפ,Unknown,,12 ביצים טריות XL בפ,,12.00,יחידה,false,1,13.10,1.09,false,1,17110
11778354,false,תבנית חופש 20L,Unknown,,תבנית חופש 20L,,20.00,יחידה,false,1,31.90,1.60,true,1,20859
11778378,false,12 ביצים אומגה 3 L,Unknown,,12 ביצים אומגה 3 L,,12.00,יחידה,false,1,21.00,1.75,true,1,17111
11778385,false,ת.ביצים XL אומגה 3,Unknown,,ת.ביצים XL אומגה 3,,12.00,יחידה,false,1,39.00,3.25,true,1,17116
11778491,false,שישית ביצי אומגה,Unknown,,שישית ביצי אומגה,,6.00,יחידה,false,1,14.00,2.33,true,1,21032
11870249,false,פוגיקום 12 סוללוAAA,Unknown,,פוגיקום 12 סוללוAAA,,12.00,יחידה,false,1,19.80,1.65,true,1,11009
11870270,false,פוגיקום 12 סוללותAA,Unknown,,פוגיקום 12 סוללותAA,,12.00,יחידה,false,1,19.80,1.65,true,1,11008
11870720,false,פוגיקום סוללה D,Unknown,,פוגיקום סוללה D,,0.00,,false,1,19.90,0.00,true,1,14864
11870737,false,פוגיקום סוללה C,Unknown,,פוגיקום סוללה C,,0.00,,false,1,19.90,0.00,true,1,14863
11870744,false,פוגיקום סוללה 9וולט,Unknown,,פוגיקום סוללה 9וולט,,0.00,,false,1,14.90,0.00,true,1,12960
11876609,false,שניצל דק כשלפ 700 ג,Unknown,,שניצל דק כשלפ 700 ג,,700.00,100 גרם,false,1,48.90,6.99,true,1,22748
11947309,false,זית סורי לימון כבוש,Unknown,,זית סורי לימון כבוש,,230.00,100 גרם,false,1,16.00,6.96,true,1,24211
11947316,false,זיתי קלמטה 215 גרם,Unknown,,זיתי קלמטה 215 גרם,,215.00,100 גרם,false,1,16.00,7.44,true,1,24212
11964344,false,שום גבישי 120 גר,Unknown,,שום גבישי 120 גר,,120.00,100 גרם,false,1,10.90,9.08,false,1,24031
12001994,false,חרדל דיזון ריין350,Unknown,,חרדל דיזון ריין350,,350.00,100 גרם,false,1,19.90,5.69,true,1,23982
12031137,false,ל.מ מושן נייט,Unknown,,ל.מ מושן נייט,,0.00,,false,1,27.00,0.00,false,1,18638
12031151,false,ל.מ מושן בלו,Unknown,,ל.מ מושן בלו,,0.00,,false,1,27.00,0.00,false,1,18639
12040283,false,ל.מ נייט מושייןPP,Unknown,,ל.מ נייט מושייןPP,,0.00,,false,1,260.00,0.00,false,1,18998
12116629,false,סנודי ילדים רולאון,Unknown,,סנודי ילדים רולאון,,50.00,"100 מ""ל",false,1,22.90,45.80,true,1,16054
12117558,false,מקסימה מרכך מאסק 1ל,Unknown,,מקסימה מרכך מאסק 1ל,,1.00,1 ליטר,false,1,20.90,20.90,true,1,23984
12191091,false,מדליק פחם מוצק,Unknown,,מדליק פחם מוצק,,20.00,יחידה,false,1,7.00,0.35,false,1,20196
12226120,false,זוגלובק קבנוס 135ג,Unknown,,זוגלובק קבנוס 135ג,,135.00,100 גרם,false,1,13.00,9.63,true,1,24009
12226939,false,קבנוס בטעם צילי 135ג,Unknown,,קבנוס בטעם צילי 135ג,,135.00,100 גרם,false,1,15.00,11.11,true,1,24010
12227974,false,פסטרמה בדבש דק 120ג,Unknown,,פסטרמה בדבש דק 120ג,,120.00,100 גרם,false,1,18.50,15.42,false,1,23743
12227981,false,פסטרמה ברביקיו 120ג,Unknown,,פסטרמה ברביקיו 120ג,,120.00,100 גרם,false,1,18.50,15.42,true,1,17170
12227998,false,חזה בקר 120 גרם,Unknown,,חזה בקר 120 גרם,,120.00,100 גרם,false,1,18.50,15.42,true,1,17171
12228230,false,פסטרמה חזה עוף 120ג,Unknown,,פסטרמה חזה עוף 120ג,,120.00,100 גרם,false,1,18.50,15.42,true,1,17172
12404177,false,שוופס פרוטס תפוח330,Unknown,,שוופס פרוטס תפוח330,,330.00,"100 מ""ל",false,1,9.90,2.91,true,1,9415
12404184,false,שוופס פרוטס לימונ330,Unknown,,שוופס פרוטס לימונ330,,330.00,"100 מ""ל",false,1,9.90,2.91,true,1,13259
12525452,false,אקסטרים טילון ש.וניל,Unknown,,אקסטרים טילון ש.וניל,,70.00,100 גרם,false,1,10.90,15.57,true,1,8905
12553011,false,מדליק פחם נוזלי,Unknown,,מדליק פחם נוזלי,,0.00,,false,1,15.00,0.00,false,1,23898
12576607,false,פרמיר קברנה סוביניון,Unknown,,פרמיר קברנה סוביניון,,750.00,"100 מ""ל",false,1,33.00,4.36,true,1,21244
12588242,false,מים כדורגל 500*6,Unknown,,מים כדורגל 500*6,,3.00,1 ליטר,false,1,11.90,3.37,true,1,23526
12588570,false,ווטר בוקס 500 מל,Unknown,,ווטר בוקס 500 מל,,500.00,"100 מ""ל",false,1,7.90,1.52,true,1,23751
12588617,false,מארז 2 גטורייד+בק,Unknown,,מארז 2 גטורייד+בק,,1.00,1 ליטר,false,1,49.90,49.30,true,1,23527
12588907,false,איילנד גויאבה 300מל,Unknown,,איילנד גויאבה 300מל,,350.00,"100 מ""ל",false,1,9.90,2.74,true,1,23914
12588914,false,איילנד מנגו 300מל,Unknown,,איילנד מנגו 300מל,,350.00,"100 מ""ל",false,1,9.90,2.74,true,1,23915
12600036,false,פחם 2 קג,Unknown,,פחם 2 קג,,2.00,"1 ק""ג",false,1,20.00,10.00,true,1,20119
12645174,false,גבינת עיזים 5%,Unknown,,גבינת עיזים 5%,,200.00,100 גרם,false,1,15.90,7.95,false,1,24151
12645181,false,לאבנה עיזים 5%,Unknown,,לאבנה עיזים 5%,,200.00,100 גרם,false,1,15.90,7.95,false,1,24152
12697081,false,סטיוויה 100 שקיות,Unknown,,סטיוויה 100 שקיות,,100.00,יחידה,false,1,36.00,0.36,true,1,23178
12759017,false,מארז קשיו שקד פיסטוק,Unknown,,מארז קשיו שקד פיסטוק,,50.00,100 גרם,false,1,9.90,19.80,true,1,22868
12759024,false,מארז חמוציות א.מלך,Unknown,,מארז חמוציות א.מלך,,55.00,100 גרם,false,1,9.90,18.00,true,1,22869
12759031,false,מארז ח.בננה פקאן,Unknown,,מארז ח.בננה פקאן,,51.00,100 גרם,false,1,9.90,19.41,true,1,22870
12759215,false,מארז קינואה אגוזים,Unknown,,מארז קינואה אגוזים,,53.00,100 גרם,false,1,9.90,18.68,true,1,22871
12759468,false,מארז ח.חמאת בוטנים,Unknown,,מארז ח.חמאת בוטנים,,54.00,100 גרם,false,1,9.90,18.33,true,1,22872
12759475,false,חטיף קינואה אננס,Unknown,,חטיף קינואה אננס,,57.00,100 גרם,false,1,9.90,17.37,true,1,22873
12759635,false,רגע פינוק כדורי קקאו,Unknown,,רגע פינוק כדורי קקאו,,60.00,100 גרם,false,1,9.90,16.50,true,1,22874
12759710,false,חטיף בראוניז ת.קוקוס,Unknown,,חטיף בראוניז ת.קוקוס,,56.00,100 גרם,false,1,9.90,17.68,true,1,22875
12759727,false,חטיף בראוניז ת.פקאן,Unknown,,חטיף בראוניז ת.פקאן,,52.00,100 גרם,false,1,9.90,19.04,true,1,22876
12759949,false,חטיף חלבון תמר לוז,Unknown,,חטיף חלבון תמר לוז,,58.00,100 גרם,false,1,9.90,17.07,true,1,22877
12759956,false,חטיף חלבון תמר פקאן,Unknown,,חטיף חלבון תמר פקאן,,59.00,100 גרם,false,1,9.90,16.78,true,1,22878
12823602,false,נייר טואלט סופט 32,Unknown,,נייר טואלט סופט 32,,32.00,יחידה,false,1,36.00,1.12,true,1,24077
12921025,false,בירה מלכה בהירה,Unknown,,בירה מלכה בהירה,,330.00,"100 מ""ל",false,1,19.90,5.94,true,1,11368
12921032,false,בירה מלכה אדמונית,Unknown,,בירה מלכה אדמונית,,330.00,"100 מ""ל",false,1,19.90,5.94,true,1,11369
12921049,false,מלכה כהה 330מל,Unknown,,מלכה כהה 330מל,,330.00,"100 מ""ל",false,1,22.00,6.58,true,1,22822
12921056,false,מלכה בירה חיטה 330,Unknown,,מלכה בירה חיטה 330,,330.00,"100 מ""ל",false,1,22.00,6.58,true,1,22821
12921063,false,מלכה הינדי IPA,Unknown,,מלכה הינדי IPA,,330.00,"100 מ""ל",false,1,23.00,6.88,true,1,22820
13117212,false,מעדנות ב. פילו גבינה,Unknown,,מעדנות ב. פילו גבינה,,600.00,100 גרם,false,1,25.90,4.32,true,1,23885
13117229,false,מעדנות ב.פילו תפוא,Unknown,,מעדנות ב.פילו תפוא,,600.00,100 גרם,false,1,25.90,4.32,true,1,23859
13117410,false,מעדנות בצק פריך מתוק,Unknown,,מעדנות בצק פריך מתוק,,900.00,100 גרם,false,1,28.90,3.21,false,1,23058
13145055,false,פרג שלם,Unknown,,פרג שלם,,100.00,100 גרם,false,1,8.50,8.50,true,1,17202
13145178,false,קוקוס טחון לבן 100גר,Unknown,,קוקוס טחון לבן 100גר,,100.00,100 גרם,false,1,5.00,5.00,true,1,17207
13145628,false,ס.צבעוניות לקישוט,Unknown,,ס.צבעוניות לקישוט,,200.00,100 גרם,false,1,12.00,6.00,true,1,17210
13145840,false,סוכר וניל 10יחבצלופן,Unknown,,סוכר וניל 10יחבצלופן,,100.00,100 גרם,false,1,3.00,3.00,true,1,17211
13145857,false,אבקת אפיה 10יחבצלופן,Unknown,,אבקת אפיה 10יחבצלופן,,100.00,100 גרם,false,1,3.00,3.00,true,1,17212
13145918,false,אבקת סוכר,Unknown,,אבקת סוכר,,100.00,100 גרם,false,1,3.00,3.00,true,1,17213
13153432,false,פריגת סחוט לימונדה,Unknown,,פריגת סחוט לימונדה,,400.00,"100 מ""ל",false,1,12.90,3.15,true,1,14585
13153616,false,פריגת בוסט סלק 400,Unknown,,פריגת בוסט סלק 400,,400.00,"100 מ""ל",false,1,10.00,2.42,true,1,18825
13153623,false,פריגת בוסט גזר,Unknown,,פריגת בוסט גזר,,400.00,"100 מ""ל",false,1,12.90,3.15,true,1,18826
13267665,false,מאגדת סולרו טרופי,Unknown,,מאגדת סולרו טרופי,,295.00,100 גרם,false,1,27.00,9.15,true,1,20287
13268020,false,מקסימה אולטרא פרש1ל,Unknown,,מקסימה אולטרא פרש1ל,,1.00,1 ליטר,false,1,20.90,20.90,true,1,24012
13358530,false,רוטב צילי מתוק,Unknown,,רוטב צילי מתוק,,700.00,"100 מ""ל",false,1,15.90,2.27,true,1,24022
13440648,false,מאגדת אבטיח 5יח,Unknown,,מאגדת אבטיח 5יח,,540.00,100 גרם,false,1,26.90,4.98,true,1,14255
13472199,false,וילי פוד ערמונים 105,Unknown,,וילי פוד ערמונים 105,,105.00,100 גרם,false,1,7.50,7.14,true,1,24078
13583185,false,5 מטר - מטר,Unknown,,5 מטר - מטר,,0.00,,false,1,10.00,0.00,true,1,12259
13585233,false,ספרייט ZERO סליק,Unknown,,ספרייט ZERO סליק,,330.00,"100 מ""ל",false,1,8.90,2.61,true,1,24038
13585257,false,ספרייט זירו 500 מל,Unknown,,ספרייט זירו 500 מל,,500.00,"100 מ""ל",false,1,9.90,1.92,true,1,14056
13585387,false,קוקה קולה זירו 1ל,Unknown,,קוקה קולה זירו 1ל,,1.00,1 ליטר,false,1,10.90,10.60,true,1,13969
13585394,false,קוקה קולה 1 ל,Unknown,,קוקה קולה 1 ל,,1.00,1 ליטר,false,1,10.90,10.60,true,1,13968
13585653,false,פריגת אסקטרה אננס,Unknown,,פריגת אסקטרה אננס,,420.00,"100 מ""ל",false,1,10.00,2.31,true,1,15906
13585677,false,פריגת אקסטרה מנגו,Unknown,,פריגת אקסטרה מנגו,,420.00,"100 מ""ל",false,1,10.00,2.31,true,1,15897
13585899,false,ויסוצקי ICE לימונית,Unknown,,ויסוצקי ICE לימונית,,350.00,"100 מ""ל",false,1,7.90,2.17,true,1,14892
13586285,false,ויסוצקי ICE נענע,Unknown,,ויסוצקי ICE נענע,,350.00,"100 מ""ל",false,1,7.90,2.17,true,1,14893
13608260,false,מיץ רימונים סחוט טרי,Unknown,,מיץ רימונים סחוט טרי,,1.00,1 ליטר,false,1,22.90,22.60,true,1,23858
13668134,false,צידנית קשיחה 32 ל,Unknown,,צידנית קשיחה 32 ל,,0.00,,false,1,149.00,0.00,false,1,20108
13668141,false,גריקן מים 6 ליטרים,Unknown,,גריקן מים 6 ליטרים,,0.00,,false,1,59.00,0.00,true,1,19504
13668509,false,צידנית קשיחה 11 ל,Unknown,,צידנית קשיחה 11 ל,,0.00,,false,1,99.00,0.00,false,1,20109
13668516,false,קלקר מים לטיולים חדש,Unknown,,קלקר מים לטיולים חדש,,0.00,,false,1,34.90,0.00,false,1,21418
13702418,false,שוופס מוגז עדין אפרס,Unknown,,שוופס מוגז עדין אפרס,,330.00,"100 מ""ל",false,1,8.00,2.33,true,1,15630
13702425,false,שוופס פרוטס פ.יער,Unknown,,שוופס פרוטס פ.יער,,330.00,"100 מ""ל",false,1,9.90,2.91,true,1,15631
13702708,false,שוופס פרוטס אננס 330,Unknown,,שוופס פרוטס אננס 330,,330.00,"100 מ""ל",false,1,9.90,2.91,true,1,15290
13726001,false,לורד טונה שמינייה,Unknown,,לורד טונה שמינייה,,230.00,100 גרם,false,1,18.00,7.83,true,1,11049
13726025,false,לורד ג.צהובה שמינייה,Unknown,,לורד ג.צהובה שמינייה,,210.00,100 גרם,false,1,18.00,8.57,true,1,11050
13726100,false,לורד טוניסאי שמינייה,Unknown,,לורד טוניסאי שמינייה,,250.00,100 גרם,false,1,18.00,7.20,true,1,11047
13726124,false,לורד שניצל שמינייה,Unknown,,לורד שניצל שמינייה,,260.00,100 גרם,false,1,18.00,6.92,true,1,11048
13726179,false,לורד כריך מיני טונה,Unknown,,לורד כריך מיני טונה,,1.00,יחידה,false,1,11.00,11.00,true,1,11188
13847812,false,סטארקיסט בשמן זית,Unknown,,סטארקיסט בשמן זית,,140.00,100 גרם,false,1,10.90,7.79,true,1,19379
13848345,false,סנו מטליות לחות 99.9,Unknown,,סנו מטליות לחות 99.9,,150.00,יחידה,false,1,26.90,0.18,true,1,24079
13906052,false,טירת צבי נקניקיות,Unknown,,טירת צבי נקניקיות,,300.00,100 גרם,false,1,18.00,6.00,true,1,23842
13906441,false,ט.צבי קבנוס 120 ג,Unknown,,ט.צבי קבנוס 120 ג,,120.00,100 גרם,false,1,13.50,11.25,true,1,22639
13906458,false,ט.צבי קבנוס פיקנטי,Unknown,,ט.צבי קבנוס פיקנטי,,120.00,100 גרם,false,1,13.50,11.25,true,1,23520
13906489,false,חטיפי מיני קבנוס,Unknown,,חטיפי מיני קבנוס,,120.00,100 גרם,false,1,13.50,11.25,true,1,22640
13971555,false,מארז ס.קומבו AA/AAA,Unknown,,מארז ס.קומבו AA/AAA,,0.00,,false,1,19.80,0.00,false,1,18562
14002203,false,חליטת לימונית לואיזה,Unknown,,חליטת לימונית לואיזה,,25.00,יחידה,false,1,25.90,1.04,false,1,24004
14056008,false,שפירא פייל אייל 330,Unknown,,שפירא פייל אייל 330,,330.00,"100 מ""ל",false,1,18.00,5.36,true,1,22808
14056039,false,שפירא חיטה חפ 330,Unknown,,שפירא חיטה חפ 330,,330.00,"100 מ""ל",false,1,18.00,5.36,true,1,22809
14056046,false,שפירא לאגר חפ 330,Unknown,,שפירא לאגר חפ 330,,330.00,"100 מ""ל",false,1,18.00,5.36,true,1,22810
14056053,false,שפירא חפ בק 330,Unknown,,שפירא IPA חפ 330,,330.00,"100 מ""ל",false,1,18.00,5.36,true,1,22811
14218932,false,חטיפי פיצה עם זיתים,Unknown,,חטיפי פיצה עם זיתים,,710.00,100 גרם,false,1,42.90,6.04,true,1,24040
14256637,false,מוסקטו BUzZ,Unknown,,מוסקטו BUzZ,,750.00,"100 מ""ל",false,1,35.00,4.63,true,1,15292
14455252,false,גרנה פדנו מגוררת,Unknown,,גרנה פדנו מגוררת,,100.00,100 גרם,false,1,13.00,13.00,true,1,24059
14455320,false,כדור מוצרלה פרסקה,Unknown,,כדור מוצרלה פרסקה,,100.00,100 גרם,false,1,10.00,10.00,true,1,24060
14459632,false,ציפס טוגן 8*1.5קג,Unknown,,ציפס טוגן 8*1.5קג,,1.50,"1 ק""ג",false,1,22.90,15.27,true,1,23907
14459854,false,ציפס קלאסי 1.5 קג,Unknown,,ציפס קלאסי 1.5 קג,,1.50,"1 ק""ג",false,1,18.00,12.00,true,1,21781
14459939,false,טוגן ציפס 1.7קג,Unknown,,טוגן ציפס 1.7קג,,1.70,"1 ק""ג",false,1,26.00,15.29,true,1,21782
14466128,false,ירדן הר חרמון אינדיג,Unknown,,ירדן הר חרמון אינדיג,,750.00,"100 מ""ל",false,1,44.90,5.95,true,1,12052
14466463,false,הר חרמון מוסקטו,Unknown,,הר חרמון מוסקטו,,750.00,"100 מ""ל",false,1,44.90,5.95,true,1,23094
14466609,false,יין גמלא מרלו,Unknown,,יין גמלא מרלו,,750.00,"100 מ""ל",false,1,80.00,10.63,true,1,21245
14503137,false,כנען אדום -דלתון,Unknown,,כנען אדום -דלתון,,750.00,"100 מ""ל",false,1,50.00,6.63,true,1,15388
14503144,false,כנען לבן - דלתון,Unknown,,כנען לבן - דלתון,,750.00,"100 מ""ל",false,1,50.00,6.63,true,1,18381
14553040,false,תרסיס גז פלפל,Unknown,,תרסיס גז פלפל,,0.00,,false,1,59.00,0.00,false,1,22714
14581036,false,פחם 2 קג להבה,Unknown,,פחם 2 קג להבה,,2.00,"1 ק""ג",false,1,21.90,10.95,false,1,22880
14603028,false,סולרו תות יחידתי,Unknown,,סולרו תות יחידתי,,76.00,100 גרם,false,1,12.90,16.97,true,1,12037
14603776,false,קרמבו וניל 20 יח,Unknown,,קרמבו וניל 20 יח,,584.00,100 גרם,false,1,44.90,7.69,true,1,13417
14603783,false,קרמבו מוקה 20 יח,Unknown,,קרמבו מוקה 20 יח,,584.00,100 גרם,false,1,44.90,7.69,true,1,13418
14725294,false,סוכרזית סוכרלוז 100ש,Unknown,,סוכרזית סוכרלוז 100ש,,100.00,יחידה,false,1,25.00,0.25,true,1,23179
14758162,false,תנובה חלב עיזים 1ל,Unknown,,תנובה חלב עיזים 1ל,,1.00,1 ליטר,false,1,17.90,17.90,true,1,23237
14758544,false,חמאה 200 גרם בדצ,Unknown,,חמאה 200 גרם בדצ,,200.00,100 גרם,false,1,8.30,4.15,false,1,18546
14758681,false,קוטג תנובה 1% 250ג,Unknown,,קוטג תנובה 1% 250ג,,250.00,100 גרם,false,1,6.00,2.40,true,1,19142
14759084,false,נפוליאון 16% 225גר,Unknown,,נפוליאון 16% 225גר,,225.00,100 גרם,false,1,15.90,7.07,true,1,19143
14759909,false,פ.פטה עזים פיראוס,Unknown,,פ.פטה עזים פיראוס,,250.00,100 גרם,false,1,31.90,12.76,true,1,23720
14759978,false,קצקבל גלעד 27% פלח 2,Unknown,,גבינת קולאז קצקבל,,200.00,100 גרם,false,1,30.00,15.00,true,1,23742
14759985,false,גבינת קולאז פרמזן,Unknown,,גבינת קולאז פרמזן,,200.00,100 גרם,false,1,27.90,13.95,true,1,22637
14759992,false,פלח רוקפור גליל 27%,Unknown,,רוקפור פלח 140ג,,140.00,100 גרם,false,1,21.90,15.64,true,1,23697
14760141,false,משקה שקדים טרי 1 ל,Unknown,,משקה שקדים טרי 1 ל,,1.00,1 ליטר,false,1,14.20,14.20,true,1,19144
14761056,false,YOLO שוקולד חלב,Unknown,,YOLO שוקולד חלב,,123.00,100 גרם,false,1,5.50,4.47,true,1,13746
14761070,false,יולו שוקולד לבן,Unknown,,יולו שוקולד לבן,,123.00,100 גרם,false,1,5.80,4.72,true,1,13745
14761414,false,YOLO שוקולד חלב ולבן,Unknown,,YOLO שוקולד חלב ולבן,,123.00,100 גרם,false,1,5.50,4.47,true,1,13748
14761612,false,YOLO שכבות מריר ולבן,Unknown,,YOLO שכבות מריר ולבן,,122.00,100 גרם,false,1,5.80,4.75,true,1,16013
14762756,false,נפוליאון ע.בצל 225 ג,Unknown,,נפוליאון ע.בצל 225 ג,,225.00,100 גרם,false,1,15.90,7.07,true,1,23456
14762800,false,מעדן סויה ט.שוקולד,Unknown,,מעדן סויה ט.שוקולד,,125.00,"100 מ""ל",false,1,5.30,4.24,true,1,23474
14762831,false,נפוליאון פ. חליפינו,Unknown,,נפוליאון פ. חליפינו,,200.00,100 גרם,false,1,15.90,7.95,true,1,23457
14762909,false,ה.הלבן פתיתי מוצרלה,Unknown,,ה.הלבן פתיתי מוצרלה,,200.00,100 גרם,false,1,19.00,9.50,true,1,23680
14763678,false,משקה בטעם וניל GO,Unknown,,משקה בטעם וניל GO,,250.00,"100 מ""ל",false,1,7.50,3.00,true,1,16135
14791336,false,מי עדן 1 לי,Unknown,,מי עדן 1 ל,,1.00,1 ליטר,false,1,8.90,8.60,true,1,15019
14791572,false,שוופס ענבים מוגז 330,Unknown,,שוופס ענבים מוגז 330,,330.00,"100 מ""ל",false,1,9.90,2.91,true,1,14083
14791626,false,שוופס סודה נענע ליים,Unknown,,שוופס סודה נענע ליים,,250.00,"100 מ""ל",false,1,6.90,2.64,true,1,14014
14791787,false,פרוט ווטר אננס 1.5,Unknown,,פרוט ווטר אננס 1.5,,1.50,1 ליטר,false,1,11.90,7.93,true,1,14676
14791817,false,פרוט ווטר אבטיח 1.5,Unknown,,פרוט ווטר אבטיח 1.5,,1.50,1 ליטר,false,1,11.90,7.93,true,1,14675
14791848,false,פרוט ווטר אננס 0.5 ל,Unknown,,פרוט ווטר אננס 0.5 ל,,500.00,"100 מ""ל",false,1,10.90,2.12,false,1,14175
14791879,false,פרוט ווטר אבטיח 0.5,Unknown,,פרוט ווטר אבטיח 0.5,,500.00,"100 מ""ל",false,1,10.90,2.12,true,1,14174
14821057,false,כבל אודיו AUX,Unknown,,כבל אודיו AUX,,0.00,,false,1,32.90,0.00,true,1,17309
14821064,false,כבל סנכרון MICRO USB,Unknown,,כבל סנכרון MICRO USB,,0.00,,false,1,34.90,0.00,true,1,17310
14821088,false,כבל סנכרון+טעינה איפ,Unknown,,כבל סנכרון+טעינה איפ,,0.00,,false,1,49.90,0.00,true,1,17311
14821095,false,מטעו רכב איפון 6,Unknown,,מטעו רכב איפון 6,,0.00,,false,1,79.90,0.00,false,1,17312
14821101,false,מעמד לרכב-לבן,Unknown,,מעמד לרכב-לבן,,0.00,,false,1,99.90,0.00,false,1,12499
14821118,false,מעמד לרכב-שחור,Unknown,,מעמד לרכב-שחור,,0.00,,false,1,99.90,0.00,false,1,12498
14821347,false,אוזניות כפתור ARTOS,Unknown,,אוזניות כפתור ARTOS,,0.00,,false,1,54.90,0.00,false,1,12717
14821507,false,מטען קיר איפון 6,Unknown,,מטען קיר איפון 6,,0.00,,false,1,79.90,0.00,false,1,17313
14821569,false,כבל סנכרון אלומניום,Unknown,,כבל סנכרון אלומניום,,0.00,,false,1,34.90,0.00,false,1,17318
14821682,false,זרוע א. TOUCH צהוב,Unknown,,זרוע א. TOUCH צהוב,,0.00,,false,1,49.00,0.00,false,1,19059
14821699,false,זרוע לרכב,Unknown,,זרוע לרכב,,0.00,,false,1,49.00,0.00,true,1,19029
14890183,false,ציידנית משפ נוספת,Unknown,,ציידנית משפ נוספת,,0.00,,false,1,119.00,0.00,false,1,23186
14910461,false,ערק יודה 40% 700 מל,Unknown,,ערק יודה 40% 700 מל,,700.00,"100 מ""ל",false,1,69.90,9.94,false,1,21886
14961203,false,לורד שווארמה שמינייה,Unknown,,לורד שווארמה שמינייה,,270.00,100 גרם,false,1,18.00,6.67,true,1,12672
14961258,false,לורד-דאבל פסטרמה+בקר,Unknown,,לורד-דאבל פסטרמה+בקר,,240.00,100 גרם,false,1,18.00,7.50,true,1,13694
14961265,false,לורד ביצה קשה שמיניי,Unknown,,לורד ביצה קשה שמיניי,,0.00,,false,1,18.00,0.00,true,1,13693
15008020,false,נרות נשמה,Unknown,,נרות נשמה,,1.00,יחידה,false,1,2.50,2.50,false,1,19734
15008105,false,צלחות קטן 50 יח עבות,Unknown,,צלחות קטן 50 יח עבות,,50.00,יחידה,false,1,16.90,0.34,true,1,24080
15008273,false,כוסות פלסטיק,Unknown,,כוסות פלסטיק,,100.00,יחידה,false,1,13.90,0.14,false,1,19731
15008372,false,כוסות קרטון 50 יח,Unknown,,כוסות קרטון 50 יח,,50.00,יחידה,false,1,12.90,0.26,false,1,19729
15008655,false,כפות 50 יח,Unknown,,כפות 50 יח,,50.00,יחידה,false,1,11.90,0.24,false,1,19725
15008662,false,מזלג 50 יח,Unknown,,מזלג 50 יח,,50.00,יחידה,false,1,10.90,0.22,false,1,19727
15008679,false,סכין 50 יח,Unknown,,סכין 50 יח,,50.00,יחידה,false,1,10.90,0.22,false,1,19728
15008686,false,כפיות 50 יח,Unknown,,כפיות 50 יח,,50.00,יחידה,false,1,8.90,0.18,false,1,19726
15008693,false,צלחות ענק צבעוני,Unknown,,צלחות ענק צבעוני,,25.00,יחידה,false,1,22.90,0.92,false,1,19723
15253321,false,פחם AFRICAN BBQ,Unknown,,פחם AFRICAN BBQ,,1.00,יחידה,false,1,21.90,21.90,false,1,23022
15341004,false,עוגיות שקדים Emma,Unknown,,עוגיות שקדים Emma,,85.00,100 גרם,false,1,9.90,11.65,true,1,16596
15341011,false,עוגיות גרנולה Emma,Unknown,,עוגיות גרנולה Emma,,85.00,100 גרם,false,1,9.90,11.65,true,1,16597
15341028,false,עוגיות שוקו ציפס,Unknown,,עוגיות שוקו ציפס,,85.00,100 גרם,false,1,9.90,11.65,true,1,16598
15341097,false,בייגלה טבעי Emma,Unknown,,בייגלה טבעי Emma,,85.00,100 גרם,false,1,9.90,11.65,true,1,17216
15341318,false,עוגיות בוטנים,Unknown,,עוגיות בוטנים,,350.00,100 גרם,false,1,15.90,4.54,true,1,15632
15341356,false,עוגיות קוקוס 400ג,Unknown,,עוגיות קוקוס 400ג,,350.00,100 גרם,false,1,15.90,4.54,true,1,15633
15341394,false,מיוחדים 3 טעמים,Unknown,,מיוחדים 3 טעמים,,400.00,100 גרם,false,1,15.90,3.98,true,1,17077
15366663,false,משחת א.פרש מנטה עדין,Unknown,,משחת א.פרש מנטה עדין,,100.00,"100 מ""ל",false,1,7.90,7.90,false,1,22766
15366670,false,אקווה פרש מ.שיניים,Unknown,,אקווה פרש מ.שיניים,,100.00,"100 מ""ל",false,1,7.90,7.90,true,1,15919
15446242,false,אולאין חטיף ק.עוגיות,Unknown,,אולאין חטיף ק.עוגיות,,50.00,100 גרם,false,1,13.90,27.80,true,1,18856
15446341,false,אולאין ח.בננה טופי,Unknown,,אולאין ח.בננה טופי,,60.00,100 גרם,false,1,13.90,23.17,true,1,18857
15446495,false,אולאין שוקולד פאדג,Unknown,,אולאין שוקולד פאדג,,100.00,100 גרם,false,1,20.00,20.00,true,1,21450
15446921,false,אול אין קרמל מלוח,Unknown,,אול אין קרמל מלוח,,60.00,100 גרם,false,1,14.90,24.83,true,1,21446
15475013,false,פחם 2 קג בשקית נייר,Unknown,,פחם 2 קג בשקית נייר,,2.00,"1 ק""ג",false,1,20.00,10.00,true,1,17100
15493192,false,נביעות+פרי אבטיח0.5,Unknown,,נביעות+פרי אבטיח0.5,,500.00,"100 מ""ל",false,1,9.90,1.92,true,1,17402
15493208,false,נביעות+פרי אננס 0.5,Unknown,,נביעות+פרי אננס 0.5,,500.00,"100 מ""ל",false,1,7.90,1.52,true,1,17403
15500357,false,מדליק פחם נוזלי,Unknown,,מדליק פחם נוזלי,,200.00,יחידה,false,1,15.00,0.08,false,1,19738
15519144,false,מטען קיר GALAXY,Unknown,,מטען קיר GALAXY,,0.00,,false,1,52.90,0.00,true,1,17314
15519205,false,מעמד מגנטי לסלולרי,Unknown,,מעמד מגנטי לסלולרי,,0.00,,false,1,29.90,0.00,false,1,13649
15519298,false,אוהל זוגי CAMP & GO,Unknown,,אוהל זוגי CAMP & GO,,0.00,,false,1,100.00,0.00,true,1,13836
15519304,false,אוהל ל-4 אנשים,Unknown,,אוהל ל-4 אנשים,,0.00,,false,1,129.00,0.00,true,1,13837
15519311,false,אוהל ל-6 אנשים,Unknown,,אוהל ל-6 אנשים,,0.00,,false,1,199.00,0.00,true,1,13838
15519335,false,שק שינה ירוק,Unknown,,שק שינה ירוק,,0.00,,false,1,69.00,0.00,true,1,13839
15519359,false,מיטה מתנפחת ליחיד,Unknown,,מיטה מתנפחת ליחיד,,0.00,,false,1,79.00,0.00,true,1,13840
15519434,false,מזרן קמפינג 0.7,Unknown,,מזרן קמפינג 0.7,,0.00,,false,1,29.00,0.00,true,1,13844
15519526,false,כסא במאי-ירוק,Unknown,,כסא במאי-ירוק,,0.00,,false,1,69.00,0.00,true,1,13847
15519533,false,כסא ים -ירוק\כחול,Unknown,,כסא ים -ירוק\כחול,,0.00,,false,1,69.00,0.00,true,1,18382
15519656,false,צידנית רכה 24ל-אפור,Unknown,,צידנית רכה 24ל-אפור,,0.00,,false,1,49.00,0.00,true,1,13886
15519694,false,חצובה + 2 פנסים,Unknown,,חצובה + 2 פנסים,,0.00,,false,1,299.00,0.00,false,1,14036
15519717,false,פרוזקטור נטען 10W,Unknown,,פרוזקטור נטען 10W,,0.00,,false,1,99.00,0.00,true,1,14766
15519793,false,מחצלת 2*3 CAMP & GO,Unknown,,מחצלת 2*3 CAMP & GO,,0.00,,false,1,50.00,0.00,true,1,13849
15519809,false,מחצלת 3*3 CAMP & GO,Unknown,,מחצלת 3*3 CAMP & GO,,0.00,,false,1,99.00,0.00,true,1,13850
15519816,false,מזרון שטח - חדש,Unknown,,מזרון שטח - חדש,,0.00,,false,1,99.00,0.00,true,1,13895
15597210,false,טילון קורנטו פרווה-מ,Unknown,,טילון קורנטו פרווה-מ,,430.00,100 גרם,false,1,36.00,8.37,true,1,17173
15597937,false,קורנטו קלאסיק חדש,Unknown,,קורנטו קלאסיק חדש,,70.00,100 גרם,false,1,10.00,14.29,true,1,17122
15667769,false,פחם 2 קג הדר השרון,Unknown,,פחם 2 קג הדר השרון,,2.00,"1 ק""ג",false,1,20.00,10.00,true,1,20470
15781114,false,מרלו - IMPRESSION,Unknown,,מרלו - IMPRESSION,,750.00,"100 מ""ל",false,1,47.90,6.35,false,1,22863
15781121,false,טפרברג קברנה סובניון,Unknown,,טפרברג קברנה סובניון,,750.00,"100 מ""ל",false,1,47.90,6.35,false,1,22864
15781138,false,שרדונה - IMPRESSION,Unknown,,שרדונה - IMPRESSION,,750.00,"100 מ""ל",false,1,47.90,6.35,false,1,22865
15781152,false,טפרברג רוזה יבש,Unknown,,טפרברג רוזה יבש,,750.00,"100 מ""ל",false,1,47.90,6.35,false,1,22866
15781275,false,טפרברג מוסקטו לבן,Unknown,,טפרברג מוסקטו לבן,,750.00,"100 מ""ל",false,1,37.90,5.01,false,1,22867
15781664,false,אלגרו למברוסקו,Unknown,,אלגרו למברוסקו,,750.00,"100 מ""ל",false,1,49.70,6.63,false,1,23513
15842631,false,כוסות לברד 40 יח,Unknown,,כוסות לברד 40 יח,,40.00,יחידה,false,1,11.90,0.30,false,1,19732
15848909,false,אולטרסול תחליב קידס,Unknown,,אולטרסול תחליב קידס,,250.00,"100 מ""ל",false,1,39.90,15.96,true,1,22527
15848923,false,אולטרסול 30 מבוגרים,Unknown,,אולטרסול 30 מבוגרים,,250.00,"100 מ""ל",false,1,39.90,15.96,true,1,22524
15848978,false,אולטרסול קרם פנים,Unknown,,אולטרסול קרם פנים,,75.00,"100 מ""ל",false,1,29.90,39.87,true,1,19800
15858106,false,מצונן פסטו ביתי 180ג,Unknown,,מצונן פסטו ביתי 180ג,,180.00,100 גרם,false,1,21.90,12.17,false,1,24144
15951869,false,יין הר חרמון רוזה,Unknown,,יין הר חרמון רוזה,,750.00,"100 מ""ל",false,1,44.90,5.95,true,1,23095
15951890,false,יין הר חרמון קברנה,Unknown,,יין הר חרמון קברנה,,750.00,"100 מ""ל",false,1,44.90,5.95,true,1,21246
15988841,false,טבק לנרגילה תפוח 60,Unknown,,טבק לנרגילה תפוח 60,,60.00,100 גרם,false,1,35.00,58.33,false,1,18829
15988889,false,טבק לנרגילה אבטיח 60,Unknown,,טבק לנרגילה אבטיח 60,,60.00,100 גרם,false,1,35.00,58.33,false,1,18830
16006322,false,מי עדן 1ליטר בודד,Unknown,,מי עדן 1ליטר בודד,,1.00,1 ליטר,false,1,8.90,8.60,true,1,14920
16006339,false,מי עדן 1ל רביעייה,Unknown,,מי עדן 1ל רביעייה,,4.00,1 ליטר,false,1,12.90,2.92,true,1,14921
16006377,false,שוופס פרוטס תות ליים,Unknown,,שוופס פרוטס תות ליים,,330.00,"100 מ""ל",false,1,9.90,2.91,true,1,14834
16041064,false,ס.התנעה לרכב 12000MA,Unknown,,ס.התנעה לרכב 12000MA,,0.00,,false,1,299.00,0.00,false,1,16643
16081008,false,אוהל פתיחה ל4 אנשים,Unknown,,אוהל פתיחה ל4 אנשים,,0.00,,false,1,199.00,0.00,false,1,14149
16081206,false,ערסל זוגי,Unknown,,ערסל זוגי,,0.00,,false,1,99.00,0.00,true,1,19635
16081213,false,ערסל ישיבה,Unknown,,ערסל ישיבה,,0.00,,false,1,99.00,0.00,true,1,19636
16081237,false,גזיבו 3*3,Unknown,,גזיבו 3*3,,0.00,,false,1,299.00,0.00,true,1,17026
16081244,false,סט 3 כלים לגריל נרוס,Unknown,,סט 3 כלים לגריל נרוס,,0.00,,false,1,39.00,0.00,true,1,14728
16081268,false,מערכת ישיבה במאים,Unknown,,מערכת ישיבה במאים,,0.00,,false,1,99.90,0.00,false,1,15071
16081619,false,אוזניית בלוטות שחור,Unknown,,אוזניית בלוטות שחור,,0.00,,false,1,99.90,0.00,false,1,14970
16081626,false,אוזניית בלוטות לבן,Unknown,,אוזניית בלוטות לבן,,0.00,,false,1,99.90,0.00,false,1,14971
16094008,false,אולטרסול קרם פנים 50,Unknown,,אולטרסול קרם פנים 50,,75.00,"100 מ""ל",false,1,29.90,39.87,true,1,22526
16094015,false,אולטרסול קידס ק.פנים,Unknown,,אולטרסול קידס ק.פנים,,75.00,"100 מ""ל",false,1,29.90,39.87,true,1,17221
16094022,false,אולטרסול ספריי שקוף,Unknown,,אולטרסול ספריי שקוף,,200.00,"100 מ""ל",false,1,39.90,19.95,true,1,20954
16094039,false,אולסטרסול שקוף קידס,Unknown,,אולסטרסול שקוף קידס,,200.00,"100 מ""ל",false,1,39.90,19.95,true,1,20955
16094091,false,ספריי שקוף קידס,Unknown,,ספריי שקוף קידס,,200.00,"100 מ""ל",false,1,39.90,19.95,true,1,15921
16102307,false,ערכת מנגל חד פעמי,Unknown,,ערכת מנגל חד פעמי,,1.00,יחידה,false,1,15.00,15.00,false,1,19736
16102772,false,צלחות גדול 50 יח,Unknown,,צלחות גדול 50 יח,,50.00,יחידה,false,1,17.90,0.36,false,1,19722
16230888,false,סוללה CR2032 3V,Unknown,,סוללה CR2032 3V,,0.00,,false,1,3.90,0.00,true,1,18657
16246209,false,חלבה וניל 100 ג,Unknown,,חלבה וניל 100 ג,,100.00,100 גרם,false,1,6.90,6.90,false,1,19452
16509786,false,פרסיל גל 2.5ל ירוק,Unknown,,פרסיל גל 2.5ל ירוק,,2.50,1 ליטר,false,1,37.90,15.16,false,1,24032
16509809,false,פרסיל גל 2.5ל קולור,Unknown,,פרסיל גל 2.5ל קולור,,2.50,1 ליטר,false,1,37.90,15.16,false,1,24033
16667769,false,פחם 2 קג הדר השרון,Unknown,,פחם 2 קג הדר השרון,,2.00,"1 ק""ג",false,1,20.00,10.00,true,1,20475
16682083,false,פריניב ת.בננה 400מל,Unknown,,פריניב ת.בננה 400מל,,400.00,"100 מ""ל",false,1,10.90,2.65,true,1,22881
16682090,false,פריניב תמר בננה400,Unknown,,פריניב תמר בננה400,,400.00,"100 מ""ל",false,1,10.90,2.65,true,1,22882
16682144,false,פריניב קיווי תפוח400,Unknown,,פריניב קיווי תפוח400,,400.00,"100 מ""ל",false,1,10.90,2.65,true,1,22883
16682168,false,פריניב תפוזים 400מל,Unknown,,פריניב תפוזים 400מל,,400.00,"100 מ""ל",false,1,10.90,2.65,true,1,22884
16717631,false,מוסקטו PC,Unknown,,מוסקטו PC,,750.00,"100 מ""ל",false,1,50.00,6.63,true,1,21247
16717754,false,יין היובל ישן נושן,Unknown,,יין היובל ישן נושן,,750.00,"100 מ""ל",false,1,26.00,3.43,true,1,21248
16898200,false,נרות חנוכה 44 יחידות,Unknown,,נרות חנוכה 44 יחידות,,44.00,יחידה,false,1,5.00,0.11,true,1,20471
16948158,false,40 מסכות שחורות,Unknown,,40 מסכות שחורות,,40.00,יחידה,false,1,14.30,0.36,false,1,20725
16948189,false,מארז 40 מסכות ילדים,Unknown,,מארז 40 מסכות ילדים,,40.00,יחידה,false,1,18.90,0.47,false,1,21422
16948271,false,מסכות מבוגר הדפס*10,Unknown,,מסכות מבוגר הדפס*10,,10.00,יחידה,false,1,9.90,0.99,false,1,20510
17023809,false,ספרינג ס.תפוח*4,Unknown,,ספרינג ס.תפוח*4,,1.00,1 ליטר,false,1,15.90,14.70,true,1,23436
17023816,false,ספרינג פ.טרופיים*4,Unknown,,ספרינג פ.טרופיים*4,,1.00,1 ליטר,false,1,15.90,14.70,true,1,23435
17023823,false,ספרינג תות בננה*4,Unknown,,ספרינג תות בננה*4,,1.00,1 ליטר,false,1,15.90,14.70,true,1,23434
17023854,false,רביעייה שוופס סודה,Unknown,,רביעייה שוופס סודה,,250.00,"100 מ""ל",false,1,19.90,7.48,true,1,23752
17023861,false,ר.שוופס סודה לימון,Unknown,,ר.שוופס סודה לימון,,250.00,"100 מ""ל",false,1,19.90,7.48,true,1,23753
17023878,false,ר.שוופס נענע ליים,Unknown,,ר.שוופס נענע ליים,,250.00,"100 מ""ל",false,1,19.90,7.48,true,1,23754
17065007,false,פרוסות מוצרלה 22%,Unknown,,פרוסות מוצרלה 22%,,200.00,100 גרם,false,1,19.00,9.50,true,1,24061
17088242,false,מגב בייבי בייסיק,Unknown,,מגב בייבי בייסיק,,72.00,יחידה,false,1,4.90,0.07,false,1,23225
17100401,false,כפפות לטקס עם אבקה M,Unknown,,כפפות לטקס עם אבקה M,,100.00,יחידה,false,1,42.00,0.42,true,1,19942
17100418,false,כפפות לטקס עם אבקה L,Unknown,,כפפות לטקס עם אבקה L,,100.00,יחידה,false,1,42.00,0.42,true,1,19941
17142128,false,שמן זית כתית 750 מל,Unknown,,שמן זית כתית 750 מל,,750.00,"100 מ""ל",false,1,42.00,5.60,true,1,24081
17275147,false,מאפה קינמון אחווה,Unknown,,מאפה קינמון אחווה,,120.00,100 גרם,false,1,7.50,6.25,true,1,23358
17275598,false,מאפה רוגלך אחווה,Unknown,,מאפה רוגלך אחווה,,120.00,100 גרם,false,1,7.50,6.25,true,1,23359
17275604,false,מאפה שוקוציפס אחווה,Unknown,,מאפה שוקוציפס אחווה,,120.00,100 גרם,false,1,7.50,6.25,true,1,23360
17275697,false,מאפה קקאו אחווה,Unknown,,מאפה קקאו אחווה,,120.00,100 גרם,false,1,7.50,6.25,true,1,23481
17295697,false,מאפה קקאו 120גרם,Unknown,,מאפה קקאו 120גרם,,120.00,100 גרם,false,1,7.50,6.25,true,1,23361
17470146,false,שיפודים במבוק עבים,Unknown,,שיפודים במבוק עבים,,100.00,יחידה,false,1,5.50,0.06,true,1,19737
17470252,false,כוסות קרטון 50 יח,Unknown,,כוסות קרטון 50 יח,,50.00,יחידה,false,1,11.90,0.24,false,1,20811
17470320,false,מדליק פחם מוצק,Unknown,,מדליק פחם מוצק,,20.00,יחידה,false,1,7.00,0.35,false,1,19709
17513775,false,בייגלה שוקולד חלב,Unknown,,בייגלה שוקולד חלב,,140.00,100 גרם,false,1,9.90,7.07,true,1,21591
17589565,false,יין קלא גוורץ 750מל,Unknown,,יין קלא גוורץ 750מל,,750.00,"100 מ""ל",false,1,38.00,5.03,true,1,18275
17589633,false,רזרב קברנה סוביניון,Unknown,,רזרב קברנה סוביניון,,750.00,"100 מ""ל",false,1,50.00,6.63,true,1,21249
17599250,false,סוכרזית קלאסי 120 ש,Unknown,,סוכרזית קלאסי 120 ש,,120.00,יחידה,false,1,19.90,0.17,true,1,23319
17617008,false,טונה בשמן 140 ג 3 יח,Unknown,,טונה בשמן 140 ג 3 יח,,140.00,100 גרם,false,1,19.90,14.21,false,1,22646
17617015,false,סטארקיסט טונה במים 3,Unknown,,סטארקיסט טונה במים 3,,140.00,100 גרם,false,1,19.90,14.21,false,1,22647
17617046,false,טונה בשמן זית כתית,Unknown,,טונה בשמן זית כתית,,560.00,100 גרם,false,1,29.90,5.34,true,1,24118
17617091,false,טונה ס.מ. טוגו פתיתי,Unknown,,טונה ס.מ. טוגו פתיתי,,185.00,100 גרם,false,1,14.50,7.84,true,1,23681
17617107,false,טונה ס.מ. טוגו דגנים,Unknown,,טונה ס.מ. טוגו דגנים,,185.00,100 גרם,false,1,14.50,7.84,true,1,23682
17617411,false,מיקס סלמון עם אורז,Unknown,,מיקס סלמון עם אורז,,160.00,100 גרם,false,1,15.90,9.94,false,1,23895
17617459,false,טונה ס.ק רביעיות 120,Unknown,,טונה ס.ק רביעיות 120,,120.00,100 גרם,false,1,22.90,19.08,false,1,23096
17617466,false,טונה ס.ק מים 120,Unknown,,טונה ס.ק מים 120,,120.00,100 גרם,false,1,22.90,19.08,false,1,23097
17627205,false,כריך טונה כוסמין,Unknown,,כריך טונה כוסמין,,130.00,100 גרם,false,1,15.00,11.54,true,1,21503
17627335,false,כריך חביתה כוסמין,Unknown,,כריך חביתה כוסמין,,140.00,100 גרם,false,1,15.00,10.71,true,1,21520
17627342,false,כריך גאודה כוסמין,Unknown,,כריך גאודה כוסמין,,100.00,100 גרם,false,1,15.00,15.00,true,1,21502
17627663,false,ראפ טוניסאי,Unknown,,ראפ טוניסאי,,250.00,100 גרם,false,1,23.00,9.20,true,1,20022
17627731,false,לורד סלט יאסו יווני,Unknown,,לורד סלט יאסו יווני,,470.00,100 גרם,false,1,23.00,4.89,true,1,21228
17627755,false,לורד סלט טונה,Unknown,,לורד סלט טונה,,500.00,100 גרם,false,1,23.00,4.60,true,1,21229
17627762,false,לורד סלט גאודה,Unknown,,לורד סלט גאודה,,450.00,100 גרם,false,1,23.00,5.11,true,1,21230
17627779,false,לורד סלט בטטה,Unknown,,לורד סלט בטטה,,380.00,100 גרם,false,1,23.00,6.05,true,1,21231
17627816,false,ראפ עוף סצואן,Unknown,,ראפ עוף סצואן,,220.00,100 גרם,false,1,23.00,10.45,true,1,20024
17627823,false,כריך בריסקט לורד,Unknown,,כריך בריסקט לורד,,350.00,100 גרם,false,1,23.00,6.57,true,1,21232
17627830,false,כריך הודו בריבוע,Unknown,,כריך הודו בריבוע,,330.00,100 גרם,false,1,23.00,6.97,true,1,21233
17627854,false,סלט הקיסר לורד,Unknown,,סלט הקיסר לורד,,0.00,,false,1,23.00,0.00,true,1,21234
17627878,false,כריך סיאסטה לורד,Unknown,,כריך סיאסטה לורד,,260.00,100 גרם,false,1,23.00,8.85,true,1,23612
17627885,false,כריך חביתוש לורד,Unknown,,כריך חביתוש לורד,,260.00,100 גרם,false,1,23.00,8.85,true,1,21236
17627892,false,כריך גאקומלי,Unknown,,כריך גאקומלי,,300.00,100 גרם,false,1,23.00,7.67,true,1,21237
17627915,false,כריך סר סביח,Unknown,,כריך סר סביח,,290.00,100 גרם,false,1,23.00,7.93,true,1,21238
17627922,false,כריך פריקסה,Unknown,,כריך פריקסה,,270.00,100 גרם,false,1,23.00,8.52,true,1,21239
17641744,false,איגלו סטיקס,Unknown,,איגלו סטיקס,,800.00,"100 מ""ל",false,1,6.00,0.75,true,1,19866
17647425,false,יין גמלא קברנה,Unknown,,יין גמלא קברנה,,750.00,"100 מ""ל",false,1,87.90,11.68,true,1,21250
17668017,false,T.A סושי צמחוני,Unknown,,T.A סושי צמחוני,,1.00,יחידה,false,1,29.00,29.00,false,1,23611
17668024,false,סושי דגים,Unknown,,סושי דגים,,1.00,יחידה,false,1,29.00,29.00,false,1,23610
17888019,false,משקה תפוח רימון סלק,Unknown,,משקה תפוח רימון סלק,,350.00,"100 מ""ל",false,1,9.90,2.74,true,1,18435
17888026,false,משקה אננס תפוח וגזר,Unknown,,משקה אננס תפוח וגזר,,350.00,"100 מ""ל",false,1,12.90,3.60,true,1,18436
17888033,false,משקה בננה מלון נענע,Unknown,,משקה בננה מלון נענע,,350.00,"100 מ""ל",false,1,12.90,3.60,true,1,18437
17888354,false,מי עדן 750 בק בודד,Unknown,,מי עדן 750 בק בודד,,750.00,"100 מ""ל",false,1,9.50,1.23,true,1,20249
17888644,false,משקה אננס בננה,Unknown,,משקה אננס בננה,,350.00,"100 מ""ל",false,1,12.90,3.60,true,1,19867
17888873,false,שוופס אבטיח ליים,Unknown,,שוופס אבטיח ליים,,330.00,"100 מ""ל",false,1,8.00,2.33,true,1,19796
17888880,false,שוופס אננס קוקוס,Unknown,,שוופס אננס קוקוס,,330.00,"100 מ""ל",false,1,8.00,2.33,true,1,19795
17888972,false,מי עדן 1 ל פ.ספורט,Unknown,,מי עדן 1 ל פ.ספורט,,1.00,1 ליטר,false,1,8.90,8.60,true,1,20259
17917993,false,אולטרסול Free ספרי50,Unknown,,אולטרסול Free ספרי50,,200.00,"100 מ""ל",false,1,39.90,19.95,true,1,21613
17925028,false,צרי שוף 330 מארז 3,Unknown,,צרי שוף 330 מארז 3,,990.00,"100 מ""ל",false,1,49.00,4.86,true,1,22819
17925318,false,רביעיית בלומון 330מל,Unknown,,רביעיית בלומון 330מל,,1.32,1 ליטר,false,1,49.30,36.44,true,1,23089
17925356,false,באדווזיר פחית 500 4י,Unknown,,באדווזיר פחית 500 4י,,1.00,"100 מ""ל",false,1,35.90,3470.00,true,1,24133
17928821,false,גריסיני קלאסי 200 ג,Unknown,,גריסיני קלאסי 200 ג,,200.00,100 גרם,false,1,12.90,6.45,true,1,24082
17969817,false,כוסות לונג דרינק,Unknown,,כוסות לונג דרינק,,10.00,יחידה,false,1,11.90,1.19,true,1,20256
17971940,false,לורד טוסט פטריות אלפ,Unknown,,לורד טוסט פטריות אלפ,,220.00,100 גרם,false,1,18.00,8.18,true,1,19509
18043110,false,אול אין קשיו קרמל,Unknown,,אול אין קשיו קרמל,,60.00,100 גרם,false,1,14.90,24.83,true,1,21294
18043134,false,אול אין ש.לבן עוגיות,Unknown,,אול אין ש.לבן עוגיות,,60.00,100 גרם,false,1,14.90,24.83,true,1,21295
18043196,false,פראוד ש.לבן עוגיות,Unknown,,פראוד ש.לבן עוגיות,,60.00,100 גרם,false,1,13.00,21.67,false,1,22048
18043295,false,פראוד ונילה קראנץ,Unknown,,פראוד ונילה קראנץ,,60.00,100 גרם,false,1,13.00,21.67,false,1,22049
18043301,false,אול אין ונילה קראנץ,Unknown,,אול אין ונילה קראנץ,,60.00,100 גרם,false,1,14.90,24.83,true,1,21296
18043592,false,אול אין משקה אפרסק20,Unknown,,אול אין משקה אפרסק20,,500.00,"100 מ""ל",false,1,19.00,3.74,true,1,21273
18043608,false,אול אין משקה פ.יער20,Unknown,,אול אין משקה פ.יער20,,500.00,"100 מ""ל",false,1,19.00,3.74,true,1,21274
18043639,false,פראוד שוקולד קריספ,Unknown,,פראוד שוקולד קריספ,,20.00,100 גרם,false,1,9.90,49.50,false,1,22050
18043899,false,חטיף חלבון ב.קרמל,Unknown,,חטיף חלבון ב.קרמל,,60.00,100 גרם,false,1,14.90,24.83,true,1,22408
18091821,false,פיצה נפוליטנה מעדנות,Unknown,,פיצה נפוליטנה מעדנות,,200.00,100 גרם,false,1,18.90,9.45,true,1,22771
18131077,false,שלגון מילקה וניל,Unknown,,שלגון מילקה וניל,,71.00,100 גרם,false,1,13.90,19.58,true,1,21062
18131251,false,אקסטרים מטבע שוקולד,Unknown,,אקסטרים מטבע שוקולד,,115.00,100 גרם,false,1,12.90,11.22,true,1,19511
18131312,false,קרמריה שוקו וניל,Unknown,,קרמריה שוקו וניל,,1.40,1 ליטר,false,1,25.00,17.86,true,1,22701
18131336,false,ליון שלגון נסטלה,Unknown,,ליון שלגון נסטלה,,66.00,100 גרם,false,1,13.90,21.06,true,1,21064
18131343,false,קרמריה וניל שוקו.חתס,Unknown,,קרמריה וניל שוקו.חתס,,1.40,1 ליטר,false,1,25.00,17.86,true,1,22702
18131428,false,אקסטרים מסקרפונה תות,Unknown,,אקסטרים מסקרפונה תות,,115.00,100 גרם,false,1,12.90,11.22,true,1,19386
18131572,false,מיני בייטס מילקה,Unknown,,מיני בייטס מילקה,,85.00,100 גרם,false,1,12.00,14.12,true,1,19701
18131596,false,מיני בייטס אוראו,Unknown,,מיני בייטס אוראו,,85.00,100 גרם,false,1,12.00,14.12,true,1,19700
18131640,false,קראנץ בלונד,Unknown,,קראנץ בלונד,,100.00,100 גרם,false,1,12.90,12.90,true,1,21061
18131770,false,שלגון וניל מצופה,Unknown,,שלגון וניל מצופה,,55.00,100 גרם,false,1,7.90,14.36,true,1,20731
18131794,false,קראנץ וניל ש.מריר,Unknown,,קראנץ וניל ש.מריר,,100.00,100 גרם,false,1,12.90,12.90,true,1,20732
18131817,false,לה פרוטה הדרים אדומי,Unknown,,לה פרוטה הדרים אדומי,,70.00,100 גרם,false,1,9.90,14.14,true,1,20733
18131831,false,מילקה שלגון וניל מאג,Unknown,,מילקה שלגון וניל מאג,,264.00,100 גרם,false,1,36.00,13.64,true,1,21100
18131855,false,מ.אקסטרים בראוניז,Unknown,,מ.אקסטרים בראוניז,,322.00,100 גרם,false,1,36.90,11.46,true,1,21068
18131879,false,מ.אקסטרים ריבת חלב,Unknown,,מ.אקסטרים ריבת חלב,,322.00,100 גרם,false,1,36.90,11.46,true,1,21067
18131893,false,מ.אקסטרים פקאן,Unknown,,מ.אקסטרים פקאן,,322.00,100 גרם,false,1,36.90,11.46,true,1,21069
18131978,false,טילון אוראו,Unknown,,טילון אוראו,,68.50,100 גרם,false,1,9.90,14.45,true,1,21063
18156018,false,אולטרסול Free Kids,Unknown,,אולטרסול Free Kids,,200.00,"100 מ""ל",false,1,39.90,19.95,true,1,21612
18165010,false,ברקן גוורצטרמינר,Unknown,,ברקן גוורצטרמינר,,750.00,"100 מ""ל",false,1,50.00,6.63,true,1,19868
18165027,false,רזרב גולד רוזה 750,Unknown,,רזרב גולד רוזה 750,,750.00,"100 מ""ל",false,1,50.00,6.63,true,1,23532
18165447,false,ברקן רזרב מרלו,Unknown,,ברקן רזרב מרלו,,750.00,"100 מ""ל",false,1,50.00,6.63,true,1,21254
18194928,false,וודקה טראמפ 700מל,Unknown,,וודקה טראמפ 700מל,,700.00,"100 מ""ל",false,1,89.90,12.80,false,1,22728
18198506,false,תפוגן ציפס 1.25 קג,Unknown,,תפוגן ציפס 1.25 קג,,1.25,"1 ק""ג",false,1,28.90,23.12,false,1,23295
18204986,false,שיפודי במבוק 90יח,Unknown,,שיפודי במבוק 90יח,,90.00,יחידה,false,1,4.50,0.05,false,1,20025
18301364,false,טוסטיה פיצה,Unknown,,טוסטיה פיצה,,0.00,,false,1,18.00,0.00,false,1,23600
18343463,false,אלכוגל פורטה 200 מל,Unknown,,אלכוגל פורטה 200 מל,,200.00,"100 מ""ל",false,1,16.90,8.45,true,1,20121
18440193,false,בייגלה חמאת בוטנים,Unknown,,בייגלה חמאת בוטנים,,140.00,100 גרם,false,1,9.90,7.07,true,1,21592
18440209,false,בייגלה פאדג לבן,Unknown,,בייגלה פאדג לבן,,140.00,100 גרם,false,1,9.90,7.07,true,1,21593
18441626,false,פיינט מנטה עוגיות,Unknown,,פיינט מנטה עוגיות,,430.00,100 גרם,false,1,31.00,7.21,true,1,21887
18441886,false,שורטי דולצה דה לצה,Unknown,,שורטי דולצה דה לצה,,150.00,"100 מ""ל",false,1,11.80,7.87,true,1,21702
18471111,false,שוופס ל.מוחיטו 330מל,Unknown,,שוופס ל.מוחיטו 330מל,,330.00,"100 מ""ל",false,1,8.00,2.33,true,1,23433
18471128,false,ספרינג שייק אננס,Unknown,,ספרינג שייק אננס,,330.00,"100 מ""ל",false,1,12.90,3.82,true,1,21266
18471135,false,ספרינג שייק בננה,Unknown,,ספרינג שייק בננה,,330.00,"100 מ""ל",false,1,12.90,3.82,true,1,21267
18471142,false,ספרינג שייק קוקוס,Unknown,,ספרינג שייק קוקוס,,330.00,"100 מ""ל",false,1,12.90,3.82,true,1,21268
18471180,false,משקה תפוח גזר 1ל,Unknown,,משקה תפוח גזר 1ל,,1.00,1 ליטר,false,1,15.90,15.60,true,1,23684
18471197,false,מ.תפוח בננה מלון 1ל,Unknown,,מ.תפוח בננה מלון 1ל,,1.00,1 ליטר,false,1,15.90,15.60,true,1,23685
18471401,false,משקה אננס בננה 1ל,Unknown,,משקה אננס בננה 1ל,,1.00,1 ליטר,false,1,15.90,15.60,true,1,23686
18471548,false,ספרינג ענבים*4,Unknown,,ספרינג ענבים*4,,1.00,1 ליטר,false,1,15.90,14.70,true,1,23437
18471753,false,מ.אלוורה ב.אננס,Unknown,,מ.אלוורה ב.אננס,,350.00,"100 מ""ל",false,1,8.90,2.46,true,1,21521
18471760,false,מ.אלוורה ב.ליצי,Unknown,,מ.אלוורה ב.ליצי,,350.00,"100 מ""ל",false,1,8.90,2.46,true,1,21522
18471777,false,מ.אלוורה ב.פטל,Unknown,,מ.אלוורה ב.פטל,,350.00,"100 מ""ל",false,1,8.90,2.46,true,1,21523
18471784,false,מ.אלוורה ב.קווי,Unknown,,מ.אלוורה ב.קווי,,350.00,"100 מ""ל",false,1,8.90,2.46,true,1,21524
18471913,false,שוופס פ.תפוח 1.5 פ,Unknown,,שוופס פ.תפוח 1.5 פ,,1.50,1 ליטר,false,1,10.90,7.07,true,1,23687
18471920,false,שוופס מ.ענבים 1.5 פ,Unknown,,שוופס מ.ענבים 1.5 פ,,1.50,1 ליטר,false,1,10.90,7.07,true,1,23626
18471944,false,שוופס למונייד 1.5 פ,Unknown,,שוופס למונייד 1.5 פ,,1.50,1 ליטר,false,1,10.90,7.07,true,1,23460
18652015,false,שלגון סופר רולר,Unknown,,שלגון סופר רולר,,75.00,100 גרם,false,1,10.90,14.53,true,1,21065
18652039,false,לה קרמריה ק.מלוח,Unknown,,לה קרמריה ק.מלוח,,1.40,1 ליטר,false,1,26.90,19.21,true,1,21066
18652053,false,ביסקולידה אקסטרה,Unknown,,ביסקולידה אקסטרה,,100.00,100 גרם,false,1,10.90,10.90,true,1,21060
18652190,false,קראנץ בר,Unknown,,קראנץ בר,,60.00,100 גרם,false,1,9.90,16.50,true,1,22409
18652213,false,קראנץ בר מאגדת,Unknown,,קראנץ בר מאגדת,,246.00,100 גרם,false,1,27.00,10.98,true,1,22410
18652657,false,מאגדת מניוגו לייט,Unknown,,מאגדת מניוגו לייט,,312.00,100 גרם,false,1,29.90,9.58,true,1,22411
18652671,false,לה קרמריה שוקו וניל,Unknown,,לה קרמריה שוקו וניל,,700.00,100 גרם,false,1,25.00,3.57,true,1,22412
18652688,false,לה קרמריה פ.טרופיים,Unknown,,לה קרמריה פ.טרופיים,,700.00,100 גרם,false,1,25.00,3.57,true,1,22413
18652695,false,ביסקולידה שוקו בננה,Unknown,,ביסקולידה שוקו בננה,,90.00,100 גרם,false,1,10.00,11.11,true,1,22414
18652718,false,שלגון מילקה אגוזים,Unknown,,שלגון מילקה אגוזים,,71.00,100 גרם,false,1,13.90,19.58,true,1,22415
18652756,false,שתותי טרופי,Unknown,,שתותי טרופי,,55.00,100 גרם,false,1,7.90,14.36,true,1,22416
18652770,false,טילון בייגלה מלוח,Unknown,,טילון בייגלה מלוח,,115.00,100 גרם,false,1,12.50,10.87,true,1,22417
18652817,false,שלגון פרווה ו.עוגיות,Unknown,,שלגון פרווה ו.עוגיות,,55.00,100 גרם,false,1,7.90,14.36,true,1,22418
18652862,false,באבל גאם,Unknown,,באבל גאם,,60.00,100 גרם,false,1,9.90,16.50,true,1,22419
18652886,false,מאגדת מ.שוקו בננה*8,Unknown,,מאגדת מ.שוקו בננה*8,,476.00,100 גרם,false,1,32.00,6.72,true,1,22885
18652909,false,מאגדת קפה ש.פקאן,Unknown,,מאגדת קפה ש.פקאן,,225.00,100 גרם,false,1,29.90,13.29,true,1,22420
18652923,false,מאגדת תות שוקלד לבן,Unknown,,מאגדת תות שוקלד לבן,,225.00,100 גרם,false,1,29.90,13.29,true,1,22421
18652947,false,קראנץ פיסטוק,Unknown,,קראנץ פיסטוק,,109.00,100 גרם,false,1,12.90,11.83,true,1,23050
18703052,false,פראוד עוגיות קראנץ,Unknown,,פראוד עוגיות קראנץ,,29.00,100 גרם,false,1,9.90,34.14,false,1,22051
18703076,false,חטיף חלבון ד.שוקולד,Unknown,,חטיף חלבון ד.שוקולד,,60.00,100 גרם,false,1,14.90,24.83,true,1,22422
18703304,false,אול אין ק.עוגיות,Unknown,,אול אין ק.עוגיות,,50.00,100 גרם,false,1,13.90,27.80,true,1,22665
18703489,false,אול אין בננה טופי,Unknown,,אול אין בננה טופי,,60.00,100 גרם,false,1,13.90,23.17,true,1,22666
18825464,false,אבוקדו מיני האס יח,Unknown,,אבוקדו מיני האס יח,,500.00,100 גרם,false,1,8.90,1.78,true,1,21993
18848005,false,יין רוזה בפחית 250מל,Unknown,,יין רוזה בפחית 250מל,,250.00,"100 מ""ל",false,1,17.90,7.04,false,1,22260
18848012,false,יין לבן בפחית 250 מל,Unknown,,יין לבן בפחית 250 מל,,250.00,"100 מ""ל",false,1,17.90,7.04,false,1,22261
18848029,false,יין רוזה בפחית,Unknown,,יין רוזה בפחית,,1.00,1 ליטר,false,1,68.00,66.80,false,1,22273
18848036,false,יין לבן בפחית*4,Unknown,,יין לבן בפחית*4,,1.00,1 ליטר,false,1,68.00,66.80,false,1,22262
18894019,false,בלקוני עוגות חלב,Unknown,,בלקוני עוגות חלב,,350.00,100 גרם,false,1,19.90,5.69,true,1,23432
18925065,false,פרימור סחוט תפוז 2 פ,Unknown,,פרימור סחוט תפוז 2 פ,,2.00,1 ליטר,false,1,29.20,14.45,true,1,23653
18949009,false,גרופר תפוזזה 330מל,Unknown,,גרופר תפוזזה 330מל,,330.00,"100 מ""ל",false,1,12.90,3.82,true,1,22886
18949016,false,גרופר תפוחחה 330מל,Unknown,,גרופר תפוחחה 330מל,,330.00,"100 מ""ל",false,1,12.90,3.82,true,1,22887
18949023,false,גרופר לימוננדה 330מל,Unknown,,גרופר לימוננדה 330מל,,330.00,"100 מ""ל",false,1,12.90,3.82,true,1,22888
19038368,false,מארז 6 בלו בצידנית,Unknown,,מארז 6 בלו בצידנית,,1.50,1 ליטר,false,1,29.90,18.73,true,1,22889
19056065,false,שוופס פ.יער 1.5 פ,Unknown,,שוופס פ.יער 1.5 פ,,1.50,1 ליטר,false,1,13.90,9.07,true,1,21942
19056096,false,שוופס מ.אפרסק 1.5פ,Unknown,,שוופס מ.אפרסק 1.5פ,,1.50,1 ליטר,false,1,13.90,9.07,true,1,21943
19056119,false,שוופס סודה 1.5 פ,Unknown,,שוופס סודה 1.5 פ,,1.50,1 ליטר,false,1,8.90,5.73,true,1,21944
19056362,false,תפוזינה ענבים 1.5 פ,Unknown,,תפוזינה ענבים 1.5 פ,,1.50,1 ליטר,false,1,10.90,7.07,true,1,23688
19056379,false,תפוזינה תפוזים 1.5 פ,Unknown,,תפוזינה תפוזים 1.5 פ,,1.50,1 ליטר,false,1,10.90,7.07,true,1,23843
19056515,false,פרוט ו.אננס 1.5 פ,Unknown,,פרוט ו.אננס 1.5 פ,,1.50,1 ליטר,false,1,13.90,9.07,true,1,21945
19056546,false,פרוט ו.אבטיח 1.5 פ,Unknown,,פרוט ו.אבטיח 1.5 פ,,1.50,1 ליטר,false,1,13.90,9.07,true,1,21946
19056553,false,עין גדי 2 ל שישיה פ,Unknown,,עין גדי 2 ל שישיה פ,,12.00,1 ליטר,false,1,13.80,1.00,true,1,23035
19056577,false,ספרינג מנגו 1.5 פ,Unknown,,ספרינג מנגו 1.5 פ,,1.50,1 ליטר,false,1,13.90,9.07,true,1,21947
19056584,false,ספרינג תפוז 1.5 פ,Unknown,,ספרינג תפוז 1.5 פ,,1.50,1 ליטר,false,1,11.90,7.73,true,1,23627
19056638,false,ספרינג ת.בננה 1.5 פ,Unknown,,ספרינג ת.בננה 1.5 פ,,1.50,1 ליטר,false,1,11.90,7.73,true,1,23628
19056645,false,ספרינג ס.תפוח 1.5 פ,Unknown,,ספרינג ס.תפוח 1.5 פ,,1.50,1 ליטר,false,1,11.90,7.73,true,1,23629
19056959,false,מי עדן 1.5 בודד פ,Unknown,,מי עדן 1.5 בודד פ,,1.50,1 ליטר,false,1,9.90,6.40,true,1,21948
19056980,false,מי עדן שמינייה 1.5 פ,Unknown,,מי עדן שמינייה 1.5 פ,,12.00,1 ליטר,false,1,26.00,1.97,true,1,21977
19153221,false,אננס שוופס חצי ליטר,Unknown,,אננס שוופס חצי ליטר,,500.00,"100 מ""ל",false,1,9.90,1.92,true,1,22890
19153238,false,תפוח שוופס חצי ליטר,Unknown,,תפוח שוופס חצי ליטר,,500.00,"100 מ""ל",false,1,9.90,1.92,true,1,22891
19153245,false,לימון שוופס חצי ליטר,Unknown,,לימון שוופס חצי ליטר,,500.00,"100 מ""ל",false,1,9.90,1.92,true,1,22892
19153313,false,פרוט&ווג ת.חמוציות,Unknown,,פרוט&ווג ת.חמוציות,,350.00,"100 מ""ל",false,1,9.90,2.74,true,1,22599
19153368,false,תפוזינה מוחיטו 330,Unknown,,תפוזינה מוחיטו 330,,330.00,"100 מ""ל",false,1,8.90,2.61,true,1,23689
19153382,false,תפוזינה סנגרייה 330,Unknown,,תפוזינה סנגרייה 330,,330.00,"100 מ""ל",false,1,8.90,2.61,true,1,23690
19153399,false,תפוזינה פ.אוזו 330,Unknown,,תפוזינה פ.אוזו 330,,330.00,"100 מ""ל",false,1,7.00,2.03,true,1,23691
19203100,false,ראפ פלאפל,Unknown,,ראפ פלאפל,,0.00,,false,1,18.00,0.00,false,1,23599
19203148,false,מוזלי כשלפ,Unknown,,מוזלי כשלפ,,300.00,100 גרם,false,1,16.00,5.33,true,1,22750
19232834,false,בייגלה ק.עוגיות שוק,Unknown,,בייגלה ק.עוגיות שוק,,140.00,100 גרם,false,1,9.90,7.07,true,1,23362
19310280,false,אול אין סינמון רול,Unknown,,אול אין סינמון רול,,60.00,100 גרם,false,1,14.90,24.83,true,1,23884
30107014,false,נייר גלגול גדול + פילטר בודד,Unknown,,נ.ג סלים+פילטר 32יח,,0.00,,false,1,8.50,0.00,false,1,13454
30112902,false,נייר גלגול קטן+פילטר,Unknown,,נייר גלגול קטן+פילטר,,0.00,,false,1,7.00,0.00,false,1,14132
30112919,false,נייר גלגול בינוני + פילטר בודד,Unknown,,נ.ג בינוני+פילטר24יח,,0.00,,false,1,7.00,0.00,false,1,13453
40052403,false,קיט קט 4 אצבעות שוקולד חלב,נסטלה Nestle,,קיט קאט אצבעות 41.5,,41.50,100 גרם,false,1,6.90,16.63,true,1,15007
40084107,false,ביצת שוקולד הפתעה קינדר,פרדי קונדטוריה אס פי,,ביצת הפתעה קינדר,,20.00,100 גרם,false,1,8.00,40.00,true,1,1039
40084725,false,סלייס עוגת ספוג במילוי קרם חלבי ק'נדר מילק 28 ג',פררו טורקיה צ'\יקולטה וו,,קינדר מילק סלייס,,28.00,100 גרם,false,1,5.00,17.86,true,1,21226
40099606,false,אורביט סטיקס ספרמינט13ג,ריגלי צרפת,,אורביט ספירמינט סטיק,,16.00,100 גרם,false,1,3.50,21.88,true,1,1099
40099705,false,"מסטיק אורביט מנטה לל""ס 5יח'",ליימן מותגים,,אורביט פפרמינט סטיק,,16.00,100 גרם,false,1,3.50,21.88,true,1,1100
40111216,false,באונטי חטיף קוקוס ושוקולד 57ג',"נארז ע""י : א.ג. גילר",,באונטי חטיף שוקולד,,57.68,100 גרם,false,1,6.50,11.27,true,1,439
40144061,false,קנופרס חטיף וופל 25 גרם 24 יח,ליימן שליסל,,וופל קנופרס,,25.00,100 גרם,false,1,5.50,22.00,true,1,21889
40677804,false,"יגרמייסטר 200מ""ל",ייגרמיסטר,,יגרמייסטר 200 מל,,200.00,"100 מ""ל",false,1,32.90,16.30,false,1,23366
41001356,false,"בירה בקס פחית 500 מ""ל",יבואן ומשווק: ש. שסט,,בקס בירה 500 מל,,500.00,"100 מ""ל",false,1,18.00,3.54,true,1,22802
42061939,false,"בירה בקס בקבוק 500 מ""ל בקבוק","איי, בי, אינבוו",,בקס בקבוק 500מל,,500.00,"100 מ""ל",false,1,17.00,3.34,true,1,22824
42101666,false,"מסטיק בטעם מנטה ואקליפטוס איירווייבס 35 גרם לל""ס",ריגלי,,איירוויז מנטה אקליפט,,39.00,100 גרם,false,1,7.90,20.26,true,1,15086
42113263,false,מסטיק אורביט סטיקס ת,ריגלי צרפת,,אורביט תות סטיק,,16.00,100 גרם,false,1,3.50,21.88,true,1,5491
42138105,false,סיגריות וינסטון סלימס כחול בודד,גיי טי אינטרנשיונל,,וינסטון ס.סלימס כחול,,0.00,,false,1,34.00,0.00,false,1,8087
42138129,false,סיגריות וינסטון סופר סלימס מנטול,Unknown,,וינסטון ס.ס מנטול,,0.00,,false,1,34.00,0.00,false,1,8088
42139430,false,כאמל שחור חפיסה חפיסה,Unknown,,כאמל שחור חפיסה,,0.00,,false,1,32.00,0.00,false,1,13415
42139447,false,סיגריות כאמל לבן חפי,Unknown,,כאמל לבן חפיסה,,0.00,,false,1,32.00,0.00,false,1,13416
42154662,false,אורביט באריזת מעטפה ספירמינט מסטיק,ריגלי צרפת,,אורביט מעטפה ספירמינ,,35.00,100 גרם,false,1,7.50,21.43,true,1,5499
42174479,false,אורביט מעטפה תות 27 גרם,ריגלי צרפת,,אורביט תות מעטפה,,35.00,100 גרם,false,1,7.50,21.43,true,1,14436
42182108,false,מסטיק פייב פפרמינט 12 סטיקס,ריגלי צרפת,,פייב מסטיק מנטה,,36.00,100 גרם,false,1,8.00,22.22,true,1,8833
42182115,false,אורביט פייב ספירמינט 12 סטיקס 29 גר,ריגלי צרפת,,פייב מסטיק מ.עדינה,,36.00,100 גרם,false,1,8.00,22.22,true,1,8832
42188889,false,אורביט פייב אבטיח 12 סטיקס 29 גר,ריגלי צרפת,,פייב מסטיק אבטיח,,36.00,100 גרם,false,1,8.00,22.22,true,1,10284
42212119,false,מסטיק אורביט פרופשיויל פפרמינט מעטפה,ריגלי צרפת,,אורביט פפרמינט מעטפה,,35.00,100 גרם,false,1,7.50,21.43,true,1,14730
42212287,false,אורביט מסטיק פייב סטיק אבטיח,Unknown,,פייב סטיקס אבטיח,,14.00,100 גרם,false,1,3.50,25.00,true,1,12334
42212294,false,פייב סטיקס מנטה,Unknown,,פייב סטיקס מנטה,,14.00,100 גרם,false,1,3.50,25.00,true,1,12335
42306788,false,מסטיק בטעם אוכמניות ומנטה איירווייבס 35 גרם,ריגלי,,איירוויז אכמניות מנט,,39.00,100 גרם,false,1,7.90,20.26,true,1,15090
49814521,false,צ'ופה צ'ופס גלגל לקק,צ'ופה צ'ופס,,צופה צופס לקקן,,1.76,"1 ק""ג",false,1,2.10,1.19,true,1,20110
52070082,false,פאלמאל סופר סלמס ויולט ח,Unknown,,פאל מאל ס.ס ויולט טי,,0.00,,false,1,30.50,0.00,false,1,17678
54509955,false,סיגריות מרילנד אדום,חב טבק לנדוויק,,מרילנד אדום- חפיסה,,0.00,,false,1,28.50,0.00,false,1,15159
54509962,false,סיגריות מרילנד כחול,חב טבק לנדוויק,,מרילנד כחול- חפיסה,,0.00,,false,1,28.50,0.00,false,1,15160
59039549,false,סיגריות ווג פריזון מנטה בודד,Unknown,,ווג מנטה חפיסה,,0.00,,false,1,40.00,0.00,false,1,10298
59068907,false,סיגריות פאל מאל כחול דמי סלימס,גלוברנס,,פאל מאל כחול דמי סלי,,0.00,,false,1,26.50,0.00,false,1,17518
59068914,false,סיגריות פאל מאל סילבר דמי סלימס,Unknown,,פאל מאל סילבר דמי ס,,0.00,,false,1,26.50,0.00,false,1,17519
59455233,false,סיגריות ווג ליידי כחול בודד,Unknown,,ווג כחול,,0.00,,false,1,40.00,0.00,false,1,10818
59455240,false,סיגריות ווג ליידי לילך בודד,Unknown,,ווג לילך חפיסה,,0.00,,false,1,40.00,0.00,false,1,10799
67642005,false,גולדסטאר slow brew,Unknown,,גולדסטאר slow brew,,330.00,"100 מ""ל",false,1,13.00,3.85,true,1,15882
70010215,false,לווצה DELICATO ח.4,Unknown,,לווצה DELICATO ח.4,,10.00,יחידה,false,1,17.90,1.79,true,1,21001
72909768,false,חטיף פסק זמן פור פלי,STRAUSS-ISRAEL,,פסק זמן פליי 40 גר,,40.00,100 גרם,false,1,7.50,18.75,true,1,1453
72909799,false,קליק אוקיי חטיף נוגט,תות תעשיות מזון (2014) ב,,קליק ok חדש35,,35.00,100 גרם,false,1,7.50,21.43,true,1,1503
72917329,false,חטיף אגוזי 45 גר,STRAUSS-ISRAEL,,אגוזי 45 גרם,,45.00,100 גרם,false,1,6.90,15.33,true,1,977
72917367,false,חטיף טעמי 40 גרם,"שטראוס גרופ בע""מ",,טעמי 40 גר,,40.00,100 גרם,false,1,6.90,17.25,true,1,1001
72917589,false,מקופלת חלב 25 גרם,"שטראוס גרופ בע""מ",,מקופלת חלב 25,,25.00,100 גרם,false,1,6.90,27.60,true,1,978
72917893,false,וופל פסק זמן חלב 45 גרם,STRAUSS-ISRAEL,,פסק זמן חלב 45,,45.00,100 גרם,false,1,7.50,16.67,true,1,1002
72918388,false,חטיף טויסט 28 גרם,"שטראוס גרופ בע""מ",,טוויסט 28 גר,,28.00,100 גרם,false,1,6.90,24.64,true,1,1004
72940754,false,"מילקי מעדן וניל עם קצפת שטראוס 133 מ""ל","שטראוס גרופ בע""\מ",,מילקי וניל 130,,137.00,"100 מ""ל",false,1,3.90,2.85,true,1,19112
72940761,false,"מילקי מעדן שוקולד עם קצפת שטראוס 133 מ""ל",מיוצר עי קונדיטוריית,,מילקי שוקו 130 גר,,130.00,"100 מ""ל",false,1,3.90,3.00,true,1,1216
72940952,false,מעדן מילקי בטעם שוקולד עם אקסטרה קצפת,"שטראוס גרופ בע""\מ",,מילקי פי 2 שוקולד,,170.00,100 גרם,false,1,4.00,2.35,true,1,9390
72940976,false,סלט כרוב אדום אחלה 250 גרם,מיוצר עי קונדיטוריית,,אחלה כרוב אדום 250,,250.00,100 גרם,false,1,10.20,4.08,true,1,1482
72940983,false,סלט חומוס 250 גר אחל,מיוצר עי קונדיטוריית,,אחלה חומוס 250 גר,,250.00,100 גרם,false,1,10.00,4.00,true,1,1294
72961209,false,"שמנת חמוצה 15% 200מל בד""צ תנובה",תנובה מרכז שיתופי לש,,שמנת חמוצה 15% 200מל,,200.00,"100 מ""ל",false,1,2.40,1.20,false,1,19151
72961506,false,יוגורט עם תות 1.5% שומן 125 ג' פרילי,מיוצר עי קונדיטוריית,,פרילי תות 1.5% 125ג,,125.00,100 גרם,false,1,4.20,3.36,true,1,1218
72963104,false,חמאה מפוסטרת תנובה 1,תנובה,,תנובה חמאה 100גר,,100.00,100 גרם,false,1,4.20,4.20,false,1,1201
72963128,false,חמאה מהדרין 100 גרם,תנובה,,חמאה 100 גרם בדצ,,100.00,100 גרם,false,1,3.94,3.94,false,1,2052
72963753,false,שמנת אורגינל של פעם 27% שומן 200 ג' תנובה,תנובה מרכז שיתופי לש,,שמנת של פעם27% 200מל,,200.00,"100 מ""ל",false,1,4.30,2.15,true,1,19116
72983225,false,מעדן מילקי הפוך 11% 170מ,"שטראוס גרופ בע""\מ",,מילקי הפוך,,130.00,"100 מ""ל",false,1,4.00,3.08,true,1,23931
72983454,false,סיגריות גולף סופר סלימס בודד,דובק,,גולף סופר סלימס חפיס,,0.00,,false,1,32.00,0.00,false,1,2701
72983928,false,קופסה גולף סלימס מנטה,דובק,,גולף סופר סלים חפיסה,,0.00,,false,1,32.00,0.00,false,1,3170
72983997,false,קופסה גולף גולד ארוך בוקס,דובק,,גולף גולד 100 חפיסה,,0.00,,false,1,32.00,0.00,false,1,3565
72984000,false,גולף סילבר 100 פ.ע חפיסה,דובק,,גולף סילבר 100 חפיסה,,0.00,,false,1,32.00,0.00,false,1,3566
72986370,false,"גלידת בן & ג'ריס פיינטים וניל 500מ""ל",מוצרי איכות אמריקאיים,,בן&גריס פיינט וניל,,500.00,"100 מ""ל",false,1,31.00,6.20,true,1,6033
72986424,false,"גלידת בן & ג'ריס פיינטים קרם עוגיות 500מ""ל",מוצרי איכות אמריקאיים בע,,בן&גריס קרם עוגיות,,500.00,"100 מ""ל",false,1,31.00,6.20,true,1,6034
72986448,false,"גלידת בן & ג'ריס פיינטים טופי קראנץ 500מ""ל",מוצרי איכות אמריקאיים בע,,בן&גריס טופי קראנץ,,500.00,"100 מ""ל",false,1,31.00,6.20,true,1,6038
72986455,false,"גלידה בן& ג'ריס ניו יורק סופר פאדג' צ'אנק 500 מ""ל",מוצרי איכות אמריקאיים בע,,בן&גריס ניו-יורק סו,,420.00,"100 מ""ל",false,1,31.00,7.38,true,1,6039
72986479,false,"גלידה שוקולד אגוז עם בננות בן וג'ירי 500 מ""ל",מוצרי איכות אמריקאיים בע,,בן&גריס פיינט צאנקי,,500.00,"100 מ""ל",false,1,31.00,6.20,true,1,6040
72989395,false,טילון בן&ג'ריס ורמונט-קרם עוגיות 100ג',מוצרי איכות אמריקאיים בע,,בן&גריס טילון עוגיה,,100.00,100 גרם,false,1,10.90,10.90,true,1,6059
72989425,false,"גלידת בן & ג'ריס פיינטים שוקולד בראוניז 500מ""ל",מוצרי איכות אמריקאיים בע,,בן&גריס פיינט שוקול,,500.00,"100 מ""ל",false,1,31.00,6.20,true,1,6054
72991008,false,פסק זמן חלב מגדים 45 גרם,STRAUSS-ISRAEL,,פסק זמן מגדים 45 גר,,45.00,100 גרם,false,1,7.50,16.67,true,1,1006
72991374,false,סיגריות טיים רד חפיס,דובק,,טיים רד חפיסה,,0.00,,false,1,31.00,0.00,false,1,814
72991381,false,סיגריות טיים 100 RED בודד,דובק,,טיים רד 100 חפיסה,,0.00,,false,1,31.00,0.00,false,1,815
72991398,false,סיגריות טיים בלו לי,דובק,,טיים בלו חפיסה,,0.00,,false,1,31.00,0.00,false,1,816
72991404,false,סיגריות אירופה חפיסה,דובק,,אירופה חפיסה,,0.00,,false,1,31.00,0.00,false,1,817
72991411,false,סיגריות ברודווי 80 ח,דובק,,ברודווי 80 חפיסה,,0.00,,false,1,31.00,0.00,false,1,818
72991428,false,קופסה ברודווי ארוך,דובק,,ברודווי 100 חפיסה,,0.00,,false,1,31.00,0.00,false,1,819
72991459,false,סיגריות גולף לייט בודד,דובק,,גולף חפיסה,,0.00,,false,1,32.00,0.00,false,1,820
72991466,false,קופסה גולף גולד ארוך,דובק,,גולף ארוך סופט,,0.00,,false,1,32.00,0.00,false,1,821
72991473,false,סיג.שרתון חפיסה,דובק,,שרתון חפיסה,,0.00,,false,1,31.00,0.00,false,1,822
72991480,false,סיגריות נלסון חפיסה,דובק,,נלסון חפיסה,,0.00,,false,1,31.00,0.00,false,1,823
72991497,false,סיגריות נובלס פילטר בודד,"דובק בע""מ",,נובלס חפיסה,,0.00,,false,1,31.00,0.00,false,1,824
72991503,false,סיגריות נובלס בלנד ח,"דובק בע""מ",,נובלס בלנד חפיסה,,0.00,,false,1,31.00,0.00,false,1,825
72991510,false,סיגריות מונטנה פילטר,"דובק בע""מ",,מונטנה חפיסה,,0.00,,false,1,32.00,0.00,false,1,826
72991527,false,מוסטאנג רד חפיסה,"דובק בע""מ",,מוסטנג חפיסה,,0.00,,false,1,26.50,0.00,false,1,827
72991824,false,טיים בלו ארוך חפיסה,"דובק בע""מ",,טיים בלו 100 חפיסה,,0.00,,false,1,31.00,0.00,false,1,828
72991886,false,"גלידת דולצ'ה בטעם ריבת חלב עם פאדג' בן וג'ירי 500 מ""ל",מוצרי איכות אמריקאיים בע,,בן&גריס דולצה לצה,,500.00,"100 מ""ל",false,1,31.00,6.20,true,1,6041
72992357,false,חטיף פסק זמן ביג ביי,STRAUSS-ISRAEL,,פסק זמן ביג בייט 50,,50.00,100 גרם,false,1,7.50,15.00,true,1,1007
72993637,false,מעדן חלב בטעם שוקולד 125 ג' דני,"שטראוס גרופ בע""\מ",,דני שוקולד בודד,,125.00,"100 מ""ל",false,1,3.20,2.56,true,1,9227
72994061,false,חטיף פסק זמן GOOD גלילית לבן 40 גרם,שולן צ'\יקולטה גידה סאן.,,פסק זמן 2 GOOD,,36.00,100 גרם,false,1,7.50,20.83,true,1,10007
72994122,false,היי ווי בלו חפ.,Unknown,,היי-ווי בלו,,0.00,,false,1,27.00,0.00,false,1,10721
72994139,false,היי-ווי סילבר,Unknown,,היי-ווי סילבר,,0.00,,false,1,27.00,0.00,false,1,10722
72994146,false,היי-ווי רד חפיסה,Unknown,,היי-ווי רד חפיסה,,0.00,,false,1,27.00,0.00,false,1,10720
72994221,false,פסק זמן גלילית אגוזים מגדים,שטראוס גרופ,,פסק זמן גלילית מגדים,,40.00,100 גרם,false,1,7.50,18.75,true,1,17084
72994306,false,סיגריות רויאל אדום ח,דובק,,רויאל אדום -חפיסה,,0.00,,false,1,26.50,0.00,false,1,11701
72994313,false,סיגריות רויאל כחול בודד,דובק,,רויאל כחול - חפיסה,,0.00,,false,1,26.50,0.00,false,1,11702
72994566,false,רויאל רד,Unknown,,רויאל רד,,0.00,,false,1,26.50,0.00,false,1,22145
72994573,false,רויאל בלו,Unknown,,רויאל בלו,,0.00,,false,1,26.50,0.00,false,1,22146
76136184,false,סיגריות פאל מל סלימס כחול בודד,Unknown,,פאל מאל ס.ס כחול טיו,,0.00,,false,1,30.50,0.00,false,1,4489
80001027,false,לואקר טורטינה שוקולד חלב,"כד בני דרום בע""מ",,טורטינה וופל שוק 21ג,,21.00,100 גרם,false,1,5.50,26.19,true,1,1010
80001072,false,שוקולד חלב עם ופל לו,לואקר,,לואקר שוקולד חלב,,50.00,100 גרם,false,1,7.20,14.40,true,1,16522
80001089,false,לואקר שוקולד מריר 50,לואקר,,לואקר שוקולד מריר,,50.00,100 גרם,false,1,7.20,14.40,true,1,16523
80001256,false,שוקולד לואקר חלב במילוי קרם אגוזי לוז,לואקר,,לואקר שוקולד אגוז 55,,55.00,100 גרם,false,1,7.20,13.09,true,1,15226
80001287,false,וופל חטיף לואקר אגוז 38 גר',ליימן מותגים,,גרדנה וופל לואקר 38ג,,38.00,100 גרם,false,1,5.50,14.47,true,1,1011
80001461,false,חטיף גרנדה שוקולד 38 גרם,"א. לואקר קונפקט בע""מ",,גרדנה וופל מצופה,,38.00,100 גרם,false,1,5.50,14.47,true,1,3556
80001485,false,חטיף גרנדה קוקוס 38 גרם,קריניציה ויטמינה אס,,גרדנה קוקוס,,38.00,100 גרם,false,1,5.50,14.47,true,1,5369
80001799,false,לואקר טורטינה שוקולד לבן,"כד בני דרום בע""מ",,טורטינה שוקולד לבן,,21.00,100 גרם,false,1,5.50,26.19,true,1,12856
80001911,false,וופל גרדנה במילוי קרם אגוזי לוז ובציפוי שוקולד לבן,ליימן מותגים,,גרדנה ש.לבן 38 גר,,38.00,100 גרם,false,1,5.50,14.47,true,1,15227
80050025,false,סוכריות טיק טק תפוז 16 גרם,פררו - אלבה,,טיק טק תפוז,,16.00,100 גרם,false,1,5.00,31.25,true,1,949
80050124,false,סוכריות טיק טק מנטה 16 גרם,פררו - אלבה,,טיק טק מנטה,,16.00,100 גרם,false,1,5.00,31.25,true,1,950
80050278,false,פררו רושר חטיף כדורים שלישיה 40ג',פררו - אלבה,,רושה חטיף שלישיה,,37.50,100 גרם,false,1,9.00,24.00,true,1,982
80052760,false,קינדר בואנו Kinder Bueno עם חלב ואגוזי לוז,פררו - אלבה,,קינדר בואנו,,43.00,100 גרם,false,1,7.90,18.37,true,1,1012
80052883,false,סוכריות מנטה חזק 16 ג' טיק טק,פררו,,טיק טק מנטה חזק,,16.00,100 גרם,false,1,5.00,31.25,true,1,20761
80136194,false,חטיפי הפי היפו Happy Hippo במילוי קרם חלבי ואגוזי לוז,קינדר Kinder,,הפי היפו אגוזים5*21,,105.00,100 גרם,false,1,16.90,16.10,true,1,24113
80176732,false,קינדר הפי היפו 28 יחידות,פררו - אלבה,,הפי היפו 21 גר,,21.00,100 גרם,false,1,5.00,23.81,true,1,3196
80177173,false,ממרח שוקולד נוטלה 350 גרם,פררו - אלבה,,נוטלה 350 גר,,350.00,100 גרם,false,1,17.00,4.86,true,1,7413
80177609,false,אצבעות שוקולד קינדר Kinder ארבע יחידות,פררו - אלבה,,אצבעות קינדר 50 גר,,50.00,100 גרם,false,1,5.00,10.00,true,1,986
80177616,false,אצבעות שוקולד קינדר Kinder שמונה יחידות,פררו - אלבה,,קינדר אצבעות 100גר,,100.00,100 גרם,false,1,10.90,10.90,true,1,8589
80310549,false,הפי היפו חטיף קינדר שוקולד לבן 20.5ג',קריות זול,,הפי היפו אגוזים,,21.00,100 גרם,false,1,5.00,23.81,true,1,20781
80310891,false,ג'וי ביצת הפתעה קינדר 20 גרם,קריות זול,,קינדר גוי,,0.00,,false,1,8.90,0.00,true,1,4744
80761761,false,קינדר בואנו לבן בודד 39 גרם,ליימן שליסל,,קינדר בואנו לבן,,39.00,100 גרם,false,1,7.90,20.26,true,1,10474
80768258,false,ביצת הפתעה קינדר גוי לבנות 20 גרם,פררו - אלבה,,קינדר גוי ורוד-חדש,,20.00,100 גרם,false,1,8.90,44.50,true,1,13436
80773429,false,מנטוס בקבוק מעוגל - מסטיק ללא סוכר בטעם תות 60 גרם,"פרפטי ואן מלה ג'\ידה,סאן",,מסטיק מנטוס תות,,60.00,100 גרם,false,1,11.00,18.33,true,1,17267
80773443,false,מנטוס בקבוק מעוגל - מסטיק ללא סוכר בטעם מנטה 60 גרם,"פרפטי ואן מלה ג'\ידה,סאן",,מנטוס מסטיק מ.עדינה,,60.00,100 גרם,false,1,11.00,18.33,true,1,16199
80790990,false,מסטיק מנטוס בבקבוק מעוגל בטעם פירות -מנטה 60 ג',"פרפטי ואן מלה ג'\ידה,סאן",,מנטוס מסטיק פירות,,60.00,100 גרם,false,1,11.00,18.33,true,1,16200
80809265,false,טורטינה בודד חמאת בוטנים 21 ג' לואקר,לואקר,,טורטינה ח.בוטנים 21,,21.00,100 גרם,false,1,5.50,26.19,true,1,22983
80820956,false,לואקר חטיף פטיסרי אג,לואקר,,לואקר פטיסרי אגוז,,21.00,100 גרם,false,1,5.50,26.19,true,1,21285
80820970,false,שוקולד חלב ממולא קרם קרמל ועלי וופל פריכ,לואקר Loacker,,טורטינה קרמל 21ג,,21.00,100 גרם,false,1,5.50,26.19,true,1,21085
80831402,false,סוכריות מנטוס מנטה עדינה 30 יח' ללא סוכר CLEAN BREATH,פרפטי ואן מלה,,סוכריות מנטוס,,21.00,100 גרם,false,1,7.90,37.62,true,1,20763
80832560,false,סוכריות מנטוס פירות יער 21 ג' ללא סוכר CLEAN BREATH,פרפטי ואן מלה,,מנטוס קלין פירות יער,,21.00,100 גרם,false,1,7.90,37.62,true,1,23840
80833468,false,לואקר חטיף פטיסרי קו,לואקר,,לואקר פטיסרי קוקוס,,22.00,100 גרם,false,1,5.50,25.00,true,1,21286
80843184,false,מנטוס מסטיק פיור פרש בטעם ענבים 60גר,פרפטי ואן מלה הולנד,,מ.פיורפרש ב.ענבים,,60.00,100 גרם,false,1,11.00,18.33,true,1,21300
80854753,false,סוכריות מנטוס מנטה 30 יח' ללא סוכר CLEAN BREATH,פרפטי ואן מלה,,סוכריות מנטוס מנטה,,21.00,100 גרם,false,1,7.90,37.62,true,1,20096
80862130,false,"מנטוס מסטיק פיור פרש - אבטיח 28 גרם (14 יח') חת""ס",פרפטי ואן מלה ברדה,,מנטוס פיור אבטיח,,28.00,100 גרם,false,1,6.00,21.43,false,1,20720
80864059,false,וופל גרדנה עם קרם חמאת בוטנים בציפוי שוקולד חלב,ליימן מותגים,,גרדנה ח.בוטנים 38ג,,38.00,100 גרם,false,1,5.50,14.47,true,1,22984
80864295,false,סוכריות פיור וויט טעם מנטה עדינה 60 ג' מנטוס,"פרפטי ואן מלה ג'ידה,סאן",,מנטוס ב.פיור מ.עדינה,,60.00,100 גרם,false,1,11.00,18.33,true,1,21753
80874652,false,קינדר קארדס 120 גרם - בודד,פררו,,קינדר קארדס,,25.60,100 גרם,false,1,5.00,19.53,true,1,23585
80887744,false,מנטוס מסטיק בקבוקון כיס בטעם מנטה,ליימן שליסל,,מנטוס בקבוקון מנטה,,28.00,100 גרם,false,1,6.00,21.43,true,1,21301
80896081,false,מנטוס בקבוק מעוגל - מסטיק ללא סוכר בטעם אבטיח 60 גרם,"פרפטי ואן מלה ג'\ידה,סאן",,מנטוס מסטיק אבטיח,,60.00,100 גרם,false,1,11.00,18.33,true,1,17268
80913467,false,מנטוס בקבוק מעוגל - מסטיק ללא סוכר בטעם מנטה,פרפטי ואן מלה הולנד,,מנטוס מסטיק מנטה,,60.00,100 גרם,false,1,11.00,18.33,true,1,16201
80936848,false,סוכריות טיק טק תות שדה 24 יח',ליימן-שליסל,,טיק טק תות שדה,,16.00,100 גרם,false,1,5.00,31.25,true,1,13039
80945468,false,סוכריות פיור וויט טעם מנטה מתוקה 60 ג' מנטוס,"פרפטי ואן מלה ג'ידה,סאן",,מנטוס ב.פיור מ.מתוקה,,60.00,100 גרם,false,1,11.00,18.33,true,1,21754
80954521,false,"מנטוס מסטיק פיור פרש - תות 28 גרם (14 יח') חת""ס",פרפטי ואן מלה ברדה,,מנטוס פיור תות,,28.00,100 גרם,false,1,6.00,21.43,false,1,20721
80974482,false,קינדר ג'וי Joy ביצת הפתעה כחול,פררו - אלבה,,קינדר גוי-חדש,,20.00,100 גרם,false,1,8.90,44.50,true,1,13297
80977070,false,מנטוס מסטיק בקופסה בטעם פירות טרופיים,פרפטי ואן מלה ברדה,,מנטוס פיור טרופי,,28.00,100 גרם,false,1,6.00,21.43,false,1,20722
80977278,false,מנטוס מסטיק בקבוקון כיס בטעם פירות מנטה,ליימן שליסל,,מנטוס בקבוקון פ.מנטה,,28.00,100 גרם,false,1,6.00,21.43,true,1,21302
80979128,false,מנטוס מסטיק בקבוק מעוגל בטעם דובדבן,פרפטי ואן מלה הולנד,,מנטוס בקבוקון דובדבן,,60.00,100 גרם,false,1,11.00,18.33,false,1,22092
80982470,false,מסטיק מנטוס פיור פרוסט בטעם מנטה חזק 60 גר',פרפטי ואן מלה ברדה,,מסטיק מנטוס פיור,,60.00,100 גרם,false,1,11.00,18.33,true,1,21091
80986348,false,סוכריות פיור וויט טעם מנטה 60 ג' מנטוס,"פרפטי ואן מלה ג'ידה,סאן",,מנטוס ב.פיור ו.מנטה,,0.00,,false,1,11.00,0.00,true,1,21755
87108538,false,סוכריות בטעם תות מנטוס 37.5 גרם,הדקלאים אגודת שיתופי,,מנטוס תות גליל,,37.50,100 גרם,false,1,5.00,13.33,true,1,4676
87311396,false,מנטוס ריינבאוו סוכריות לעיסה בטעמי פירות,פרפטי ואן מלה ברדה,,מנטוס גליל Rainbow,,37.50,100 גרם,false,1,5.00,13.33,true,1,11760
87354041,false,סוכריות מנטוס גליל בטעם דובדבן,פרפטי ואן מלה,,מנטוס גליל דובדבן,,37.50,100 גרם,false,1,5.00,13.33,true,1,21088
90162602,false,רד בול משקה אנרגיה פקדון 30 אג,רד בול ג'י.אם.בי. אץ,,רד בול פחית 250 מל,,250.00,"100 מ""ל",false,1,9.90,3.84,true,1,5527
90162800,false,רד בול משקה אנרגיה ללא סוכר פקדון 30 אג,רד בול ג'י.אם.בי. אץ,,רד בול פחית מ.סוכר,,250.00,"100 מ""ל",false,1,9.90,3.84,true,1,5528
90446269,false,"משקה רד בול אבטיח מוגז פחית 250 מ""ל",ראון פרוכטסאפה,,רד בול אבטיח - חדש,,330.00,"100 מ""ל",false,1,6.00,1.73,true,1,21399
90448867,false,"משקה אנרגיה רד בול ללא פחמימות 250 מ""ל",רד בול,,רד בול ללא.פ 250 מל,,250.00,"100 מ""ל",false,1,9.90,3.84,true,1,22986
90453427,false,"משקה אנרגיה רד בול פיטאיה 250 מ""ל",רד בול,,רד בול פיטאיה 250 מל,,250.00,"100 מ""ל",false,1,6.00,2.28,true,1,22987
9073102314,false,"סורבט שרונס קוקוס 500 מ""ל",מוצרי איכות אמריקאיים,,סורבה קוקוס,,420.00,"100 מ""ל",false,1,31.00,7.38,true,1,16281
9800800056,false,חטיף שוקולד עם מקלות לחם אנד גו,פררו - אלבה,,נוטלה טו גו,,52.00,100 גרם,false,1,8.00,15.38,true,1,16867
12300102131,false,סיגריות כאמל סופט פק,Unknown,,פאקט כאמל רך,,0.00,,false,1,310.00,0.00,false,1,1595
12300103138,false,סיגריות כאמל בוקס פק,Unknown,,כאמל צהוב בוקס,,0.00,,false,1,310.00,0.00,false,1,433
12300107136,false,סיגריות כאמל כחול פק,Unknown,,כאמל כחול לייט פאקט,,0.00,,false,1,290.00,0.00,false,1,434
12300111133,false,פאקט וינסטון לייט רך,Unknown,,פאקט וינסטון לייט רך,,0.00,,false,1,320.00,0.00,false,1,436
12300112130,false,פאקט וינסטון רגיל,Unknown,,פאקט וינסטון רגיל,,0.00,,false,1,330.00,0.00,false,1,437
12300119139,false,סיגריות וינסטון כחול בוקס 1/10,Unknown,,פאקט וינסטון לייט,,0.00,,false,1,330.00,0.00,false,1,1594
12300141130,false,כאמל כתום פאקט,Unknown,,כאמל כתום פאקט,,0.00,,false,1,295.00,0.00,false,1,7376
12300159135,false,וינסטון כחול ארוך פאקט,Unknown,,וינסטון כחול ארוך,,0.00,,false,1,330.00,0.00,false,1,14865
12300253864,false,סיגריות וינסטון אפור,Unknown,,וינסטון סילבר חפיסה,,0.00,,false,1,33.00,0.00,false,1,866
12300253871,false,פקאט ווינסטון סופר,Unknown,,פקאט ווינסטון סופר,,0.00,,false,1,320.00,0.00,false,1,438
13495113506,false,קליק ביסקוויט 75 גרם,יוניליוור ישראל מזון בע\,,קליק בסקוויט 75 גר,,75.00,100 גרם,false,1,9.00,12.00,true,1,1413
16000142220,false,נ.וואלי חטיף PROTEIN XL קרמל מלוח,ליימן שליסל,,נייטשר ואלי ק.מלוח,,60.00,100 גרם,false,1,13.90,23.17,true,1,22406
16000423534,false,חטיפי גרנולה קראנצ'י עם שיבולת שועל ושוקולד מריר נייצ'ר ואלי 5*42 גרם,ג'נרל מילס סאן אדריאן,,קראנצי 1/5 ש.שועל,,210.00,100 גרם,false,1,19.00,9.05,true,1,16927
16000507777,false,נייטשר ואלי חטיף קראנצ'י שוקולד,ג'נרל מילס,,נייטשר וואלי שוקולד,,42.00,100 גרם,false,1,6.00,14.29,true,1,10706
16000515420,false,נייטשר ואלי פרוטאין XL בוטנים ושבבי שוקולד,ליימן שליסל,,נייטשר ואלי שוקולד,,60.00,100 גרם,false,1,13.90,23.17,true,1,22407
16000548404,false,חטיפי גרנולה קראנצ'י עם שיבולת שועל ודבש נייצ'ר ואלי 5*42 גרם,ג'נרל מילס סאן אדריאן,,קראנצי שיבולת שועל,,210.00,100 גרם,false,1,19.00,9.05,true,1,9123
16000548497,false,קראנצי שיבולת שועל ודבש בודד 42גר,ג'נרל מילס,,נייטשר וואלי ש.שועל,,42.00,100 גרם,false,1,6.00,14.29,true,1,1479
16000548503,false,חטיפי גרנולה קראנצ'י עם מייפל וסוכר חום נייצ'ר ואלי 5*42 גרם,ג'נרל מילס סאן אדריאן,,נייצר וואלי מייפל5י,,210.00,100 גרם,false,1,19.00,9.05,true,1,16918
16000548596,false,קראנצי מייפל וסוכר חום בודד 42גר,ג'נרל מילס,,נייטשר וואלי מייפל,,42.00,100 גרם,false,1,6.00,14.29,true,1,1478
16000548909,false,חטיפי גרנולה קראנצ'י במגוון טעמים נייצ'ר ואלי 5*42 גרם,ג'נרל מילס סאן אדריאן,,נייצר וואלי מעורב5י,,210.00,100 גרם,false,1,19.00,9.05,true,1,10729
17170000227,false,סט כלים רב פ. ל-6 ס.,Unknown,,סט כלים רב פ. ל-6 ס.,,0.00,,false,1,69.90,0.00,false,1,20878
18000701223,false,"פילסברי, עוגה בטעם שוקולד, תערובת להכנת עוגה בטעם שוקולד. 500 גרם",הדקלאים אגודת שיתופי,,פילסברי ת. לע.שוקולד,,500.00,100 גרם,false,1,19.90,3.98,true,1,17040
18000703494,false,"פילסברי, עוגה בטעם וניל, תערובת להכנת עוגה בטעם וניל. 500 גרם.",הדקלאים אגודת שיתופי,,ת.לעוגה בטעם וניל,,500.00,100 גרם,false,1,19.90,3.98,true,1,17177
22200956932,false,דאודורנט ספיד סטיק גל 24/7 כחול 85 גר,הנסיך- מפעל לייצור ט,,ספיד סטיק 24/7 גל כח,,85.00,100 גרם,false,1,27.90,32.82,true,1,23940
30100487197,false,קיבלר סנדוויץ קרקר גבינה וצדר 39 גרם,"מאכלי עולם ר.ז. בע""מ",,סנדוויץ קרקר ג. צדר,,39.00,100 גרם,false,1,5.90,15.13,true,1,13772
30100545101,false,קיבלר סנדוויץ קרקר קלאב צדר 39 גרם,"מאכלי עולם ר.ז. בע""מ",,ס.קרקר במילוי צדר,,39.00,100 גרם,false,1,5.90,15.13,true,1,13771
31200001597,false,חמוציות אושן ספריי קליית גת בשקית 170 גרם,ליימן מותגים,,חמוציות בשקית 170 גר,,150.00,100 גרם,false,1,17.90,11.93,true,1,23929
36000516890,false,קלינקס לושן שלוש שכבות 120 יחידות,חוגלה קימברלי,,קלינקס לושן 3שכבות,,120.00,יחידה,false,1,20.90,0.17,false,1,19582
37600207188,false,חמאת בוטנים קלאסי סקיפי 462 גרם,חברת המזון אלגוד,,סקיפי ממרח 462 גרם,,462.00,100 גרם,false,1,24.90,5.39,true,1,17300
37600297943,false,מטבל סלסה חריף- צ'י צ'י 439 גר,מותגים,,סלסה - חריף,,300.00,100 גרם,false,1,17.90,5.97,true,1,23755
37600297967,false,מטבל סלסה בחריפות עדינה צי צי 439 גר,מותגים,,סלסה - עדין,,300.00,100 גרם,false,1,17.90,5.97,true,1,23756
38000138638,false,חטיף צ'יפס פרינגלס פיצה 158 גרם,פרינגלס מנופקצ'ורינג קונ,,פרינגלס ביג פיצה 158,,158.00,100 גרם,false,1,13.00,8.23,true,1,24089
38000183690,false,חטיף צ'יפס פרינגלס מידי ברביקיו 71 גרם,פרינגלס מנופקצ'ורינג,,פרינגלס מידי ברביקיו,,71.00,100 גרם,false,1,6.00,8.45,true,1,17426
38000232152,false,פרינגלס חטיפי תפוח אדמה בטעם ברביקיו 158 גרם,פרינגלס מנופקצ'ורינג קומ,,פרינגלס ביג ברביקיו,,158.00,100 גרם,false,1,13.00,8.23,true,1,19495
38000232169,false,פרינגלס מידי אורגינל 67 גרם.,פרינגלס מנופקצ'ורינג קונ,,פרינגלס מידי אורגינל,,67.00,100 גרם,false,1,6.00,8.96,true,1,19496
38000232176,false,פרינגלס ביג שמנת בצל 158 גרם,פרינגלס מנופקצ'ורינג קונ,,פרינגלס ביג שמנת בצל,,158.00,100 גרם,false,1,13.00,8.23,true,1,19497
38000232183,false,פרינגלס ביג אורגינל 149 גרם,פרינגלס מנופקצ'ורינג קונ,,פרינגלס ביג אורגינל,,149.00,100 גרם,false,1,13.00,8.72,true,1,19498
38000845253,false,חטיף צ'יפס פרינגלס מידי שמנת בצל 71 גרם,פרינגלס מנופקצ'ורינג קונ,,פרינגלס מידי ש.בצל,,71.00,100 גרם,false,1,6.00,8.45,true,1,14974
38527591053,false,קואקר דגנים מרובעים שיבולת שועל וקינמון,קוואקר אוטס קומפני,,דגנים מרובעים קינמון,,411.00,100 גרם,false,1,23.90,5.82,true,1,18611
38527591060,false,דגני קוואקר מרובעים Quaker Squares עם סוכר חום,קוואקר אוטס קומפני,,קוואקר מרובעים בסוכר,,411.00,100 גרם,false,1,23.90,5.82,true,1,23146
40000514480,false,M&M אריזה קטנה's שוקולד אריזה קטנה 48 גרם,M&M אם אנד אם,,אמ אנד אמס שוקו,,47.78,100 גרם,false,1,6.50,13.60,true,1,15313
40000514510,false,M&M אריזה קטנה's בוטנים אריזה קטנה 49 גרם,M&M אם אנד אם,,אמ אנד אמס פינאט,,51.70,100 גרם,false,1,6.50,12.57,true,1,15248
40000555391,false,עדשי מ&מ'ס בראוניז 40גרם,מרס ריגלי קונפקשונרי,,M&M בראוניז 40 גרם,,40.00,100 גרם,false,1,6.50,16.25,true,1,21888
41570006726,false,בלו דיאמנד ש.מעושן,Unknown,,בלו דיאמנד ש.מעושן,,150.00,100 גרם,false,1,29.90,19.93,true,1,23757
41570071731,false,בלו דיאמנד ש.קלויים,Unknown,,בלו דיאמנד ש.קלויים,,150.00,100 גרם,false,1,29.90,19.93,true,1,23758
46214731552,false,עוגיות שוקולד צ'יפס 37% גודיס 225 גרם,קריניציה ויטמינה אס,,עוגיות שוקולד ציפס,,225.00,100 גרם,false,1,10.90,4.84,true,1,1263
51131978393,false,זוג שפורפרות סופר גלו גל 4 גר,Unknown,,גל סופר גלו 4 גר,,4.00,100 גרם,false,1,20.00,500.00,true,1,15471
51135807514,false,סופר גלו נוזלי 4 שפופרות,Unknown,,סופר גלו 2 גר *4,,4.00,100 גרם,false,1,20.00,500.00,true,1,15472
70382008949,false,מנקה שטיחים,Unknown,,מנקה שטיחים,,296.00,"100 מ""ל",false,1,74.00,25.00,false,1,20726
70382013905,false,מנקה שטיחים ור. בד,Unknown,,מנקה שטיחים ור. בד,,560.00,"100 מ""ל",false,1,74.90,13.38,false,1,21013
70382101237,false,מחדש פנסים נוזלי,Unknown,,מחדש פנסים נוזלי,,539.00,100 גרם,false,1,69.00,12.80,false,1,20727
70970471254,false,מייק לייק - סוכריות ג'לי בינס קרטונית פירות ירוק 141 גרם,ג'\אסט בורן,,מייק&הייק פירות 141ג,,141.00,100 גרם,false,1,12.90,9.15,true,1,18603
70970471261,false,מייק לייק - סוכריות ג'לי בינס קרטונית טרופי אדום 141 גרם,גאסט בורן,,מייק & הייק טרופי,,141.00,100 גרם,false,1,12.90,9.15,true,1,19076
70970471278,false,מייק לייק - סוכריות ג'לי בינס קרטונית פירות יער כחול 141 גרם,גאסט בורן,,מייק אנד הייק פירות,,141.00,100 גרם,false,1,12.90,9.15,true,1,19077
70970471285,false,מייק אנד אייק רד רייג'רס 141 גר',גאסט בורן,,בינס דובדבן אדום,,141.00,100 גרם,false,1,12.90,9.15,true,1,23515
70970471308,false,"סוכריות מייק אייק רד רייג'רס, 141 ג'",גאסט בורן,,סוכריות בינס ענבים,,141.00,100 גרם,false,1,12.90,9.15,true,1,23516
70970473562,false,מייק לייק - סוכריות ג'לי בינס קרטונית מגה מיקס 141 גרם,ג'\אסט בורן,,מייק&הייק מגה מיקס,,141.00,100 גרם,false,1,12.90,9.15,true,1,18604
70970473609,false,סוכריות ג'לי מייק&נייק מגה מיקס חמוץ 141 גר',ג'\אסט בורן,,מייק&הייק מיקס חמוץ,,141.00,100 גרם,false,1,12.90,9.15,true,1,19875
72600062306,false,חטיף הר פודס בטעם גבינה 198 גרם,הר פודס,,הר חטיף גבינה 198 ג,,198.00,100 גרם,false,1,21.90,11.06,true,1,23769
72600062313,false,הר חטיף גבינה בפאלו גבינה כחולה 198 גרם,הר פודס,,הר חטיף ג.כחולה 198,,198.00,100 גרם,false,1,21.90,11.06,true,1,23770
72600062320,false,הר חטיף גבינה בטעם פיצה 198 גרם,הר פודסn\,,הר ח.גבינה פיצה 198ג,,198.00,100 גרם,false,1,21.90,11.06,true,1,23771
74570004003,false,גלידה בטעם וניל 473 ג' האגן דאז,האגן-דאז,,האגן דאז פיינט וניל,,473.00,"100 מ""ל",false,1,30.00,6.34,true,1,18065
74570024001,false,גלידה בטעם תות שדה 473 ג' האגן דאז,האגן-דאז,,האגן דאז פיינט תות,,473.00,"100 מ""ל",false,1,30.00,6.34,true,1,18070
74570174003,false,גלידה בטעם אגוזי מקדמיה 473 ג' האגן דאז,האגן-דאז,,האגן דאז מקדמיה,,473.00,"100 מ""ל",false,1,30.00,6.34,true,1,18066
74570274000,false,גלידה בטעם קרם עוגיות 473 ג' האגן דאז,האגן-דאז,,האגן דאז ק. עוגיות,,473.00,"100 מ""ל",false,1,30.00,6.34,true,1,18067
74570610051,false,גלידה בטעם שוקולד בלגי 473 ג' האגן דאז,האגן-דאז,,האגן דאז שוקולד בלגי,,473.00,"100 מ""ל",false,1,30.00,6.34,true,1,18068
74570703890,false,"גלידה האגן דאז פרלינים 473 מ""ל",האגן-דאז,,האגן דאז פרלינים,,473.00,"100 מ""ל",false,1,30.00,6.34,true,1,18063
74570950010,false,גלידה בטעם גבינה ותות 473 ג' האגן דאז,האגן-דאז,,פיינט האגן עו גבינה,,473.00,"100 מ""ל",false,1,30.00,6.34,true,1,18069
76501324020,false,סט שלוש צידניות,Unknown,,סט שלוש צידניות,,0.00,,false,1,259.00,0.00,false,1,20941
76840000661,false,פינט באטר טבעוני ללאחלב,מוצרי איכות אמריקאיי,,בן&גריס באטר ח.אפוי,,473.00,"100 מ""ל",false,1,33.00,6.98,true,1,17196
76840001767,false,"גלידה בן &ג'ריס וניל עוגיות חמאת בוטנים 500 מ""ל",מוצרי איכות אמריקאיים בע,,בן&גריס ake no bake,,423.00,100 גרם,false,1,31.00,7.33,true,1,20094
76840001774,false,"גלידה עוגיות חלב עם חתיכות פאדג בן וג'ירי 500 מ""ל",מוצרי איכות אמריקאיים בע,,בן&גריס בצק עוגיות,,431.00,100 גרם,false,1,31.00,7.19,true,1,20095
76840002306,false,חטיף בצק עוגיות בן א,בן אנד גריס,,בן&גריס ח.ב.עוגיות,,227.00,100 גרם,false,1,24.90,10.97,true,1,21096
76840002351,false,גלידה גימי סמור עם מרשמלו קלוי פירורי שוקולד בן וג'ירי 428 ג',מוצרי איכות אמריקאיי,,בן&גריס גימי סמור,,444.00,100 גרם,false,1,31.00,6.98,true,1,20760
76840002535,false,חטיף חצי אפוי בן אנד,בן אנד גריס,,בן&גריס ח.חצי אפוי,,180.00,100 גרם,false,1,24.90,13.83,true,1,21097
76840002542,false,"גלידת בן & ג'ריס פיינט נטפליקס וצ'ילד 500מ""ל",מוצרי איכות אמריקאיים בע,,פיינט חמאת בוטנים,,473.00,"100 מ""ל",false,1,31.00,6.55,true,1,19915
76840100125,false,"גלידה בן&ג'ריס צ'אבי וניל פאדג' 550מ""ל",מוצרי איכות אמריקאיים בע,,בן&גריס צאבי האבי,,500.00,"100 מ""ל",false,1,31.00,6.20,true,1,10197
76840100156,false,"בן אנד גריס גלידת צרי גרסיה 500 מ""ל",מוצרי איכות אמריקאיים בע,,בן&גריס צרי גרסיה,,441.00,100 גרם,false,1,31.00,7.03,true,1,6047
76840100583,false,"גלידת וניל עם בצק עוגיות בן וג'ירי 473 מ""ל",מוצרי איכות אמריקאיים בע,,בן&גריס בצק עוגיות,,500.00,"100 מ""ל",false,1,31.00,6.20,true,1,9002
76840100811,false,בן&גריס פיינט שמנת בטעם ח.בוטנים עם בוטנ,מוצרי איכות אמריקאיים בע,,בן&גריס פינט באטר ק,,500.00,"100 מ""ל",false,1,31.00,6.20,true,1,12183
76840100989,false,גלידת שוקולד עם מרשמלו קרמל וחתיכות פאדג',מוצרי איכות אמריקאיים בע,,בן&גריס פיש פוד,,473.00,"100 מ""ל",false,1,31.00,6.55,true,1,8602
76840101542,false,גלידת קרמל סוטרא 428גרם,מוצרי איכות אמריקאיים בע,,בן&גריס קרמל סוטרא,,441.00,100 גרם,false,1,31.00,7.03,true,1,11669
76840102051,false,גלידה בן&ג'ריס פיינט עוגת קינמון 500 גר',מוצרי איכות אמריקאיים בע,,פיינט קינמון באנס,,500.00,"100 מ""ל",false,1,31.00,6.20,true,1,7619
76840400027,false,"גלידה בטעם שוקולד כשל""פ",מוצרי איכות אמריקאיים בע,,בן&גריס פיינט שוקולד,,420.00,"100 מ""ל",false,1,31.00,7.38,true,1,6048
76840400218,false,"גלידה בן&ג'ריס תות שדה ועוגת גבינה 500מ""ל",מוצרי איכות אמריקאיים בע,,בן&גריס גבינה ותות,,431.00,100 גרם,false,1,31.00,7.19,true,1,12981
76840580767,false,פינט באטרעוגיות טבעוני ל,מוצרי איכות אמריקאיים,,פיינט ב&גריס פינאט,,473.00,"100 מ""ל",false,1,31.00,6.55,true,1,15623
76840620029,false,"גלידה בן&ג'ריס שמנת עם תות 500מ""ל",מוצרי איכות אמריקאיים בע,,פיינט תות שדה כשלפ,,500.00,"100 מ""ל",false,1,31.00,6.20,true,1,6050
76840620036,false,גלידת בן אנד ג'ריס בטעם שוקולד בראויס,מוצרי איכות אמריקאיים בע,,בן&גריס חצי אפוי,,433.00,100 גרם,false,1,31.00,7.16,true,1,16581
76840657841,false,גלידה בן&גרי סלייס ב,מוצרי איכות אמריקאים,,סלייס בצק עוגיות,,82.00,100 גרם,false,1,12.80,15.61,true,1,19544
77245110610,false,סוכריות מאסט ללא סוכר בטעם מנטה 80 ג'עלית,MIESZKO S.A - MS. JO,,מאסט סוכר מנטה 80גר,,80.00,100 גרם,false,1,10.50,13.12,true,1,1536
77975088227,false,שברי בייגלה בצל חרדל340ג,סניידרס אוף האנובר,,סניידרס דבש חרדל 340,,340.00,100 גרם,false,1,17.90,5.26,true,1,16416
77975094006,false,שברי בייגלה בטעם פרמ,ליימן מותגים,,סניידרס פרמזן ושום,,283.00,100 גרם,false,1,17.90,6.33,true,1,19916
77975094631,false,סניידרס סנדוויץ' בייגלה במילוי קרם בטעם צ'דר 226 גרם,סניידרס לאנס,,סניידרס צדר 226גר,,226.00,100 גרם,false,1,17.90,7.92,true,1,20180
77975094761,false,סניידרס חטיפים על בסיס קמח חיטה בטעם גבינת צ'דר,סניידרס אוף האנובר,,סניידרס צדר,,340.00,100 גרם,false,1,17.90,5.26,true,1,20987
77975094778,false,שברי בייגלה סניידרס בטעם דבש חרדל 340 גר,סניידרס אוף האנובר,,סניידרס דבש חרדל340,,340.00,100 גרם,false,1,17.90,5.26,true,1,21160
77975095157,false,סניידרס שברי בייגלה בטעם חלפיניו 318 גרם,סניידרס Snyder's,,סניידרס חלפיניו,,340.00,100 גרם,false,1,17.90,5.26,true,1,22715
77975095393,false,שברי בייגלה סניידרס,Unknown,,סניידרס פיקנטי,,283.00,100 גרם,false,1,17.90,6.33,true,1,22716
77975095409,false,שברי בייגלה סניידרס,Unknown,,סניידרס פרמזן ושום,,283.00,100 גרם,false,1,17.90,6.33,true,1,22717
80432402931,false,"וויסקי סקוטי, שיבאס ריגאל 12 שנה, 700 מ''ל",מזקקת האחים שיבאס,,שיבאס ריגל 700 מל,,700.00,"100 מ""ל",false,1,119.90,17.09,true,1,14062
80480015701,false,רום בקרדי 200,Unknown,,רום בקרדי 200,,200.00,"100 מ""ל",false,1,36.90,18.30,false,1,22380
80480280048,false,"וודקה גריי גוס 40% 200מ""ל",בקרדי מרטיני,,גריי גוס 200 מל,,200.00,"100 מ""ל",false,1,69.90,34.80,true,1,21074
82184090510,false,"וויסקי ג'ק דניאלס 375מ""ל",בראון פורמן,,גק דניאלס 375 מל,,375.00,"100 מ""ל",false,1,82.90,22.03,true,1,21059
91400000028,false,פ.ריח קל משב רוח ים,Unknown,,פ.ריח קל משב רוח ים,,0.00,,false,1,20.00,0.00,false,1,18149
91400000073,false,קליפורניה פחית מיכל ריח מוצק - דובדבן,דנשר,,פחית קלפורניה דובדבן,,0.00,,false,1,20.00,0.00,true,1,14583
91400000103,false,פחית ריח קליפ לימון,Unknown,,פחית ריח קליפ לימון,,0.00,,false,1,20.00,0.00,false,1,18150
91400000226,false,קליפורניה פחית מיכל ריח מוצק - מסטיק,דנשר,,פחית קליפורניה מסטיק,,0.00,,false,1,20.00,0.00,true,1,14582
91400000288,false,קליפורניה פחית מיכל ריח מוצק - וניל,דנשר,,פחית ריח קליפו וניל,,0.00,,false,1,20.00,0.00,false,1,18151
91400001230,false,פחית ריח קליפ קוקוס,Unknown,,פחית ריח קליפ קוקוס,,0.00,,false,1,20.00,0.00,false,1,18152
91400001292,false,פחית ריח קל רכב חדש,Unknown,,פחית ריח קל רכב חדש,,0.00,,false,1,20.00,0.00,false,1,18153
91400032203,false,פחית ריח ק עשן נמוג,Unknown,,פחית ריח ק עשן נמוג,,0.00,,false,1,20.00,0.00,false,1,18154
91400032210,false,קליפורניה פחית מיכל ריח מוצק -מבשם כביסה,דנשר,,פ.ריח קל מבשם כביסה,,0.00,,false,1,20.00,0.00,false,1,18155
91400032739,false,קליפורניה פחית מיכל ריח מוצק - אייס,דנשר,,פחית ריח קליפו אייס,,0.00,,false,1,20.00,0.00,false,1,18156
97643083040,false,שוקולד שמרלינגס רוזמרי חלב 100ג',שמרלינג,,רוזמרי נוסטלגיה 100ג,,100.00,100 גרם,false,1,13.90,13.90,true,1,23420
251071736388,false,פחמים לנרגילה,Unknown,,פחמים לנרגילה,,0.00,,false,1,5.00,0.00,false,1,14489
302206150016,false,ס.אלקטרוניות בלו ברי,Unknown,,ס.אלקטרוניות בלו ברי,,0.00,,false,1,99.00,0.00,false,1,23870
302206150023,false,ס.אלקטרוניות תות,Unknown,,ס.אלקטרוניות תות,,0.00,,false,1,99.00,0.00,false,1,23869
302206150030,false,ס.אלקטרוניות אבטיח,Unknown,,ס.אלקטרוניות אבטיח,,0.00,,false,1,99.00,0.00,false,1,23861
302206150047,false,ס.אלקטרוניות -ענבים,Unknown,,ס.אלקטרוניות -ענבים,,0.00,,false,1,99.00,0.00,false,1,23867
302206150054,false,ס.אלקטרוניות תפוח,Unknown,,ס.אלקטרוניות תפוח,,0.00,,false,1,99.00,0.00,false,1,23871
305210256712,false,וזלין לשפתיים אורגינל 0.25 אונקיה,"יוניליוור ג'ונסבורו,",,וזלין מיני לשפתיים,,7.00,100 גרם,false,1,12.90,184.29,false,1,18931
402700001775,false,פרנסיסקנר פחית 500,Unknown,,פרנסיסקנר פחית 500,,500.00,"100 מ""ל",false,1,21.00,4.14,true,1,22825
608614324422,false,פולי קפה 500ג מולאטו,Unknown,,פולי קפה 500ג מולאטו,,500.00,100 גרם,false,1,39.00,7.80,true,1,19065
608614324439,false,פולי קפה 500ג ריקו,Unknown,,פולי קפה 500ג ריקו,,500.00,100 גרם,false,1,39.00,7.80,true,1,19066
613008742348,false,בקבוק אריזונה ג'נסינג ודבש 1 ליטר,"נטורלה גטרנק בע""\מn\",,אריזונה גינסנג ודבש,,1.00,1 ליטר,false,1,10.90,10.60,true,1,20034
613008753290,false,"בקבוק אריזונה אפרסק 450 מ""ל",אריזונה Arizona,,אריזונה אפרסק,,450.00,"100 מ""ל",false,1,9.90,2.13,true,1,18454
613008753320,false,"אריזונה ג'ינסנג ודבש בקבוק 450 מ""ל.",לני אנד לארי,,אריזונה גינסנג דבש,,450.00,"100 מ""ל",false,1,9.90,2.13,true,1,18455
613008753382,false,"בקבוק אריזונה אוכמניות 450 מ""ל",לני אנד לארי,,אריזונה אוכמניות,,450.00,"100 מ""ל",false,1,9.90,2.13,true,1,18456
613008755461,false,בקבוק אריזונה אוכמניות 1 ליטר,"נטורלה גטרנק בע""\מn\",,אריזונה אוכמניות 1 ל,,1.00,1 ליטר,false,1,10.90,10.60,true,1,20035
619659069193,false,דיסק און קי 32GB,Unknown,,דיסק און קי 32GB,,0.00,,false,1,35.00,0.00,true,1,11764
638102201010,false,חטיף על בסיס חלבון סויה שוקולד וחמאת בוטנים,"אבוט נוטרישן, מעבדות",,זון קלאסיק ח.בוטנים,,50.00,100 גרם,false,1,14.90,29.80,true,1,19854
638102203090,false,חטיף על בסיס חלבון סויה פאדג' גרהם,"אבוט נוטרישן, מעבדות",,זון קלאסיק פאדג,,50.00,100 גרם,false,1,14.90,29.80,true,1,19855
638102532817,false,חטיף על בסיס חלבון סויה עם שוקולד מריר,"אבוט נוטרישן, מעבדות",,זון דאבל שוקולד,,45.00,100 גרם,false,1,14.90,33.11,true,1,19856
638102582737,false,חטיף זון קלסיק רול קינמון 50 גר,"אבוט נוטרישן, מעבדות",,זון קלאסיק קינמון,,50.00,100 גרם,false,1,14.90,29.80,true,1,19857
641938390711,false,פחם 2 קג הדר השרון,Unknown,,פחם 2 קג הדר השרון,,2.00,"1 ק""ג",false,1,20.00,10.00,true,1,19758
656874247340,false,סיגריה 5000 שאיפות,Unknown,,סיגריה 5000 שאיפות,,0.00,,false,1,99.90,0.00,false,1,23453
684678107522,false,גריל גז פיטבוס 2 מבע,Unknown,,גריל גז פיטבוס 2 מבע,,0.00,,false,1,1950.00,0.00,false,1,21497
693493085809,false,מסיכות כירורגיות,Unknown,,מסיכות כירורגיות,,50.00,יחידה,false,1,19.90,0.40,false,1,20036
693493104685,false,מסיכות כירורגיות,Unknown,,מסיכות כירורגיות,,50.00,יחידה,false,1,19.90,0.40,false,1,20037
693493104692,false,מסיכות כירורגיות,Unknown,,מסיכות כירורגיות,,50.00,יחידה,false,1,19.90,0.40,false,1,20038
693493111218,false,המלבי של רויטל,Unknown,,המלבי של רויטל,,1.00,יחידה,false,1,7.50,7.50,false,1,23489
693493158930,false,בירה POP UP 330לימון,Unknown,,בירה POP UP 330לימון,,330.00,"100 מ""ל",false,1,8.90,2.61,false,1,23844
716165174011,false,נייר גלגול גדול+פילטר יח,Unknown,,RAW נייר גדול ופילטר,,0.00,,false,1,8.50,0.00,true,1,23299
716165174578,false,קונוס גדול קלאסי 3 יח,Unknown,,RAW קונוס 3 גדול,,0.00,,false,1,7.00,0.00,true,1,23302
716165176107,false,נייר גלגול בינוני+פילטר,Unknown,,נייר בינוני ופילטר,,0.00,,false,1,7.00,0.00,true,1,23301
716165177111,false,קונוס בינוני קלאסי 6 יח,Unknown,,RAW קונוס 6 בינוני,,0.00,,false,1,9.00,0.00,true,1,23303
716165202547,false,נייר גלגול קטן+פילטר יח,Unknown,,RAW נייר קטן ופילטר,,0.00,,false,1,7.00,0.00,true,1,23300
721733000739,false,פטרון סילבר טקילה מארז TIN 2016) ) 700,פטרון דיסטרליס,,פטרון סילבר (כשר),,700.00,"100 מ""ל",false,1,169.90,24.23,true,1,21180
726754770401,false,פילטר פחם 50pcs/box,Unknown,,פילטר פחם 50pcs/box,,0.00,,false,1,39.90,0.00,true,1,22667
726754770500,false,קונוס אחסון PUFFIZ,Unknown,,קונוס אחסון PUFFIZ,,0.00,,false,1,5.00,0.00,true,1,22668
726754770944,false,PUFFIZ Rolling מגש,Unknown,,PUFFIZ Rolling מגש,,0.00,,false,1,14.90,0.00,true,1,22669
726754770951,false,שקיות אחסון 3.5גרם,Unknown,,שקיות אחסון 3.5גרם,,0.00,,false,1,4.00,0.00,true,1,22670
728229123590,false,טרה אורגינל חטיף על בסיס ירקות שורש בטעם טבעי 110 גרם,הונדורס צ'יפס יצור א,,טרה ירקות שורש 110ג,,110.00,100 גרם,false,1,16.90,15.36,true,1,5167
728229123811,false,טרה חטיף על בסיס ירקות שורש בתיבול ים תיכוני 110 גרם,הונדורס צ'יפס יצור א,,טרה ציפס ים תיכוני,,110.00,100 גרם,false,1,16.90,15.36,true,1,10099
728229124795,false,"חטיף טרה בטטה כשל""פ 110 גר",היין סלסטייאל גרופ,,טרה בטטה 110 גרם,,110.00,100 גרם,false,1,16.90,15.36,true,1,22426
728229130444,false,"חטיף על בסיס ירקות שורש עם בטטה, תפו""א כחול וסלק",היין סלסטיאל גרופ,,טרה ירקות שורש,,110.00,100 גרם,false,1,16.90,15.36,true,1,22215
732494000500,false,קרטורס חטיף פופקורן קרמל 227 גרם,איגל פודס ווקיגאן מפ,,קרטורס פופקורן קרמל,,277.00,100 גרם,false,1,24.90,8.99,true,1,23827
732494000524,false,קרטורס פופקורן שיקגו קרמל 213 גרם,איגל פודס ווקיגאן מפ,,קרטורס פופקורן גבינה,,213.00,100 גרם,false,1,24.90,11.69,true,1,23828
736140140725,false,ופורייזר,Unknown,,ופורייזר,,0.00,,false,1,399.90,0.00,true,1,22674
736140161508,false,PUFFIZ Single Wide,Unknown,,PUFFIZ Single Wide,,0.00,,false,1,6.00,0.00,true,1,22675
736140161522,false,PUFFIZ 1¼ נייר גלגול,Unknown,,PUFFIZ 1¼ נייר גלגול,,0.00,,false,1,6.00,0.00,true,1,22676
736140161546,false,PUFFIZ King Size,Unknown,,PUFFIZ King Size,,0.00,,false,1,6.00,0.00,true,1,22677
736140161560,false,נייר גלגול + פילטר,Unknown,,נייר גלגול + פילטר,,0.00,,false,1,10.00,0.00,true,1,22678
736140161584,false,Tips ניר גלגול+פילטר,Unknown,,Tips ניר גלגול+פילטר,,0.00,,false,1,10.00,0.00,true,1,22679
736140161607,false,PUFFIZ Tips Wide,Unknown,,PUFFIZ Tips Wide,,0.00,,false,1,5.00,0.00,true,1,22680
736140161997,false,גריינדר פאפיז 75 ממ,Unknown,,גריינדר פאפיז 75 ממ,,0.00,,false,1,29.90,0.00,true,1,22681
736140162000,false,גריינדר פאפיז 40 ממ,Unknown,,גריינדר פאפיז 40 ממ,,0.00,,false,1,26.90,0.00,true,1,22682
736140162079,false,קופסת אחסון פלסטיק,Unknown,,קופסת אחסון פלסטיק,,0.00,,false,1,10.00,0.00,true,1,22683
753182231761,false,"משקה אנרגיה BLU ללא תוספת סוכר 250 מ""ל",אקווה ויט,,בלו משקה אנרגיה זירו,,250.00,"100 מ""ל",false,1,5.00,1.88,true,1,9733
768404001640,false,"גלידה בן&ג'ריס קפה משפחתית 500מ""ל",מוצרי איכות אמריקאיים בע,,בן&גריס פיינט קפה,,420.00,"100 מ""ל",false,1,31.00,7.38,true,1,13851
786150000274,false,"בירה לף בראון בקבוק 330 מ""ל","אינבב, ברוורייפליין",,לף בראון בק 330 מל,,330.00,"100 מ""ל",false,1,13.00,3.85,true,1,23087
786150000281,false,"שישייה בירה לף בראון בקבוק 330X6 מ""ל","אינבב, ברוורייפליין",,לף בראון*6 330 מל,,1.98,1 ליטר,false,1,49.90,24.29,true,1,23088
810607023551,false,פופקורנרס צילי 28 גרם,פיירבנקס,,פופקורנרס צילי מתוק,,28.00,100 גרם,false,1,9.90,35.36,true,1,23439
835811005322,false,"פחם דרום אמריקאי הנמל 2 ק""ג",הנמל,,פחם דרום אמריקאי 2ק,,2.00,"1 ק""ג",false,1,21.90,10.95,true,1,11255
838948005968,false,סוכריות ליקריץ 200 גרם,שניידרס,,שניידרס גלילים 200ג,,200.00,100 גרם,false,1,11.90,5.95,true,1,23426
838948006798,false,סוכריות ליקריץ 200 גרם,שניידרס,,שניידרס לקריץ 200ג,,200.00,100 גרם,false,1,11.90,5.95,true,1,23425
839762002379,false,משקה נקטר מנגו איילנד 350מל,"פאראגאלה,דה אג'יפשן",,איילנד מנגו 350 מל,,350.00,"100 מ""ל",false,1,9.90,2.74,true,1,11260
839762002386,false,נקטר איילנד גויאבה 3,"פאראגאלה,דה אג'יפשן",,איילנד גויאבה 350מל,,350.00,"100 מ""ל",false,1,9.90,2.74,true,1,9603
842387000736,false,מטען רכב לגלקסי פרמי,Unknown,,מטען רכב GALAXY,,0.00,,false,1,44.90,0.00,true,1,17316
851621000050,false,בירה חיטה בטעם הדרים 1664 בלאנק - שישייה,קרלסברג ספליי קומפאני פו,,בלאנק בירה 1664 6יח,,1.98,1 ליטר,false,1,64.90,31.87,true,1,23086
856591000109,false,עוגיות מזרחיות פריך במיוחד עבאדי 400 גרם,מאפיית יוסף ושמחה עבאדי,,עבאדי פריך במיוחד400,,400.00,100 גרם,false,1,20.50,5.12,true,1,10178
856591000574,false,מיני נשנוש עבאדי טעם טבעי 40 גר,מאפיית יוסף ושמחה עב,,עבאדי חטיפים 40ג,,40.00,100 גרם,false,1,4.90,12.25,true,1,14060
888849010103,false,משקה חלבון קווסט בטע,קווסט נטרישן,,מ.חלבון QUEST ק.מלוח,,330.00,"100 מ""ל",false,1,19.90,6.03,true,1,21918
893594002051,false,"חטיף פופקורן צ`יפס בטעם גבינת צ`דר, 28ג Medora snacks",PepsiCo inc. Frito lay Division,,פופקורנרס גבינת צדר,,28.00,100 גרם,false,1,9.90,35.36,true,1,23438
893594002068,false,"חטיף פופקורן צ`יפס עם מלח ים,28 ג HANTRONIX",PepsiCo inc. Frito lay Division,,פופקורנרס מלח ים,,28.00,100 גרם,false,1,9.90,35.36,true,1,23414
1724826114510,false,"יין סטון וואלי זינפנדל 750 מ""ל",איירון סטון,,סטון וואלי זינפנדל,,750.00,"100 מ""ל",false,1,52.90,7.01,false,1,22857
1724826154516,false,"יין סטון וואלי ק.סוביניון 750 מ""ל",איירון סטון,,סטון וואלי קברנה,,750.00,"100 מ""ל",false,1,52.90,7.01,false,1,22858
3014260246693,false,סכיני גילוח חד פעמי ונוס סימפלי רביעייה,פארמה דיל (פ.א.ב.) שיווק והפצה,,גילט סימפלי ונוס,,4.00,יחידה,false,1,9.90,2.48,true,1,24176
3014260287030,false,ג`ילט סכיני גילוח חדפ לגבר יבוא מקביל,פארמה דיל (פ.א.ב.) שיווק והפצה,,גילט 2 חמישייה,,4.00,100 גרם,false,1,9.90,247.50,true,1,15916
3017621821669,false,פררו 200 גרם,Unknown,,פררו 200 גרם,,200.00,100 גרם,false,1,24.90,12.45,true,1,23533
3030050153552,false,מסיר שיער אלחוטי גוף,Unknown,,מסיר שיער אלחוטי גוף,,0.00,,false,1,199.00,0.00,false,1,20883
3046920010047,false,לינדט שוקולד אקסלנס מריר 78% 100 גר,לינדט ושפרונגלי קילשברג,,לינדט אקסלנס 100ג,,100.00,100 גרם,false,1,16.90,16.90,true,1,23165
3046920028004,false,לינדט שוקולד אקסלנס מריר 70% 100 גר,לינדט ושפרונגלי קילשברג,,לינדט אקסלנס 70%,,100.00,100 גרם,false,1,19.90,19.90,true,1,9225
3046920028363,false,לינדט אקסלנס 85% מוצקי קקאו 100 גרם,לינדט ושפרונגלי קילשברג,,לינדט אקסלנס 85%,,100.00,100 גרם,false,1,19.90,19.90,true,1,23296
3046920029674,false,אקסלנס עם שבבי מלח לינדט (100 גרם),לינדט ושפרונגלי קילשברג,,לינדט אקסלנס סולט,,100.00,100 גרם,false,1,19.90,19.90,true,1,24087
3046920029759,false,אקסלנס שוקולד מריר 90% לינדט (100 גרם),לינדט ושפרונגלי קילשברג,,לינדט אקסלנס 90%,,100.00,100 גרם,false,1,16.90,16.90,true,1,23167
3068320014067,false,אוויאן מים מינרליים ספורט 750 מל,קריניציה ויטמינה אס,,אויאן מים 750,,750.00,"100 מ""ל",false,1,9.90,1.28,true,1,10527
3068320055008,false,מים מינרלים אוויאן 500 מל,קריניציה ויטמינה אס,,אויאן מים 500,,500.00,"100 מ""ל",false,1,10.90,2.12,true,1,22893
3086123128323,false,מצת מעוצב BIC-בודד,Unknown,,מצת מעוצב BIC-בודד,,1.00,יחידה,false,1,7.00,7.00,true,1,21379
3120581456267,false,"שבלי מ.דה ליני לבן יבש 750 מ""ל",מ.דה ליני,,שבלי מ.דה ליני יבש,,750.00,"100 מ""ל",false,1,109.90,14.61,true,1,21056
3138522089306,false,אוהל 4 פתיחה מהירה,Unknown,,אוהל 4 פתיחה מהירה,,0.00,,false,1,599.00,0.00,false,1,20887
3179730011024,false,פרייה מים מינרלים מבעבעים טבעיים,נסטלה ווטרס ספלאי,,פרייה 330 מל,,330.00,"100 מ""ל",false,1,9.00,2.64,true,1,11502
3387390525960,false,קראנץ' דגני בוקר עם שוקולד חלב נסטלה 500 גרם,קבוצת אוסם סחר שותפות מוגבלת,,קראנץ דגנים 500 גר,,500.00,100 גרם,false,1,26.90,5.38,true,1,10695
3415581114126,false,גלידה האגן דאז קרמל מלוח 430 גרם,האגן-דאז,,פיינט האגן קרמל+מלח,,396.00,100 גרם,false,1,30.00,7.58,false,1,18076
3415581117110,false,גלידה בטעם קרמל ביסקוויט 473 ג' האגן דאז,האגן-דאז,,פיינט האגן ביס קרמל,,398.00,100 גרם,false,1,30.00,7.54,false,1,18077
3415581187113,false,גלידה בטעם וניל בראוניס 473 ג' האגן דאז,האגן-דאז,,האגן דאז קרמל,,473.00,"100 מ""ל",false,1,30.00,6.34,true,1,18064
3415582300924,false,האגן דאז דואו שוקולד,Unknown,,האגן דאז דואו שוקולד,,353.00,100 גרם,false,1,30.00,8.50,false,1,24207
3415582301921,false,ה.ד.דואו שוקולד מריר,Unknown,,ה.ד.דואו שוקולד מריר,,353.00,100 גרם,false,1,30.00,8.50,false,1,24208
3415582302928,false,ה.ד.דואו שוקולד בלגי,Unknown,,ה.ד.דואו שוקולד בלגי,,353.00,100 גרם,false,1,30.00,8.50,false,1,24209
3415587149924,false,האגן דאז פיינט בראוניז מקיאטו,האגן דאז,,האגן דאז בראוני,,386.00,100 גרם,false,1,30.00,7.77,true,1,20648
3415587400186,false,האגן דאז שלגון מקדמיה,האגן דאז,,שלגון האגן דאז מקדמ,,104.50,100 גרם,false,1,13.90,13.30,true,1,18079
3415587403057,false,האגן דאז שלגון וניל קרמל שקדים 69 גרם,האגן דאז,,האגן דאז שלגון,,70.00,100 גרם,false,1,13.90,19.86,true,1,20602
3415587404054,false,שלגון האגן דאז שוקולד ושקדים,האגן דאז,,שלגון האגן שוק ושקד,,104.50,100 גרם,false,1,13.90,13.30,true,1,18080
<<<<<<< HEAD
3415587405181,false,שלגון האגן דאז תות שדה,האגן דאז,,שלגון האגן תות שדה,,104.50,100 גרם,false,1,13.90,13.30,true,1,18081
3525490011093,false,"יין לה ז'אמל שרדונה 750 מ""ל",בדט קלמנט,,לה זאמל שרדונה,,750.00,"100 מ""ל",false,1,69.90,9.28,false,1,22859
=======
3415587405181,false,שלגון תות שדה ושוקולד,האגן דאז,,שלגון האגן תות שדה,,104.50,100 גרם,false,1,13.90,13.30,true,1,18081
3525490011093,false,יין לבן 750 מל לה ז`אמל שרדונה,היכל היין שקד גולן בעמ,,לה זאמל שרדונה,,750.00,"100 מ""ל",false,1,69.90,9.28,false,1,22859
>>>>>>> d048ac2f4f281c9d788043ab4e81b61b0dbe3743
3525490011109,false,"יין לה ז'אמל רוזה 750 מ""ל (חדש)",בדט קלמנט,,יין לה זאמל רוזה,,750.00,"100 מ""ל",false,1,69.90,9.28,false,1,22860
3525490011116,false,יין אדום לה ז`אמל קרבנה סובניון 750 מל,היכל היין שקד גולן בעמ,,לה זאמל קברנה,,750.00,"100 מ""ל",false,1,69.90,9.28,false,1,22861
3574660089547,false,טמפונים נורמל קלאסי אובה 32 יחידות,ג'\ונסון אנד ג'\ונסון,,או בה נורמל,,32.00,יחידה,false,1,36.50,1.14,true,1,5463
3574660239973,false,או-בה פרוקומפורט 32 יח נורמל,גונסון אנד גונסון,,או בה פרו קומפ נורמ,,32.00,יחידה,false,1,37.50,1.17,true,1,9165
3574661485201,false,טמפונים אובה סופר 32 יח' פרוקומפורט,ש.שסטוביץ בעמ,,או בה סופר פלוס,,32.00,יחידה,false,1,36.50,1.14,true,1,24185
3574661485218,false,טמפונים נורמל אובה 32 יח' פרוקומפורט,"ש. שסטוביץ בע""\מ",,או בה קו.נורמל 32 יח,,32.00,יחידה,false,1,37.50,1.17,true,1,24184
3760125946719,false,יין רוזה אור דה לה קסטינל 750 מל,הכרם - משקאות חריפים בעמ,,רוזה אור פרובאנס,,750.00,"100 מ""ל",false,1,70.00,9.29,true,1,21253
3760235771010,false,"יין דומיין דה בומון שאבלי 750 מ""ל",יקב רמת הגולן,,דומיין בומון שאבלי,,750.00,"100 מ""ל",false,1,109.90,14.61,false,1,22862
3800020418130,false,קיט קט קרמל מלוח 42,Unknown,,קיט קט קרמל מלוח 42,,42.00,100 גרם,false,1,6.90,16.43,true,1,20261
3800020423578,false,קיט קט שוקולד אצבעות צ'אנקי אדום 40ג',קבוצת אוסם סחר שותפות מוגבלת,,קיט קט צאנקי 40גר,,40.00,100 גרם,false,1,6.90,17.25,true,1,8066
3800020472712,false,חטיף קיט קאט צאנקי פופקורן 42 ג',קבוצת אוסם סחר שותפות מוגבלת,,קיט קט צ.פופקורן,,42.00,100 גרם,false,1,6.90,16.43,true,1,21707
3800020491393,false,שוקולד קיט קט צאנקי,תאי פרזידנט פוד פאבל,,קיט קט צאנקי,,41.50,100 גרם,false,1,6.90,16.63,true,1,20621
3800034965965,false,פחית ריח מגוון ריחות,Unknown,,פחית ריח מגוון ריחות,,0.00,,false,1,12.90,0.00,true,1,14046
3800034967181,false,מקלות בישום לרכב,Unknown,,מקלות בישום לרכב,,0.00,,false,1,16.90,0.00,false,1,15757
4000417022004,false,ריטר ספורט שוקולד חלב מעולה עם צימוקים ואגוזי לוז 100 גרם,ריטר ספורט Ritter sport,,ריטר חלב צ.אגוזים,,100.00,100 גרם,false,1,6.90,6.90,true,1,4403
4000417025005,false,שוקולד מריר במילוי מרציפן ריטר ספורט 100 גרם,ריטר ספורט Ritter sport,,ריטר מרציפן,,100.00,100 גרם,false,1,6.90,6.90,true,1,4395
4000417026002,false,שוקולד ריטר ספורט פרלין 100 גרם חלב נוכרי,ריטר ספורט Ritter sport,,ריטר פרלין,,100.00,100 גרם,false,1,6.90,6.90,true,1,4404
4000417101211,false,גלילי וופל עם קרם אגוזי לוז בציפוי שוקולד חלב,ליימן שליסל בע`מ,,אמיצלי 150 גרם,,150.00,100 גרם,false,1,14.90,9.93,true,1,22218
4000417101310,false,אמיצ`לי עם קרם קקאו בציפוי שוקולד גלילי,ליימן שליסל בע`מ,,אמיצלי קקאו ש.חלב,,150.00,100 גרם,false,1,14.90,9.93,true,1,23860
4000417222008,false,שוקולד ריטר ספורט חלב+שברי אגוזים 100 גרם חלב נוכרי,ריטר ספורט Ritter sport,,ריטר חלב אגוזים,,100.00,100 גרם,false,1,6.90,6.90,true,1,23272
4000539363108,false,שוקולד לינדור סטיקס 38 גרם,משה סידס ובנו בעמ,,לינדור סטיק 38ג,,38.00,100 גרם,false,1,6.90,18.16,true,1,23170
4002590000022,false,סוכריות קלפני פירות יער אוכמניות 150 ג',ליימן שליסל בע`מ,,קלפני פירות יער,,150.00,100 גרם,false,1,12.00,8.00,true,1,2610
4002590000046,false,סוכריות בטעם מנטה מרענן קלפני 150 גרם,ליימן שליסל בע`מ,,קלפני מרענן 150 גר,,150.00,100 גרם,false,1,12.00,8.00,true,1,3253
4002590000633,false,סוכריות קלפני פירות בפחית 150 גרם,ליימן שליסל בע`מ,,קלפני פירות 150 גר,,150.00,100 גרם,false,1,12.00,8.00,true,1,940
4005808650002,false,לבלו שפתון ליובש כחול,לפ מאי ביוטי - גבריאל אפנג`ר,,לבלו שפתון כחול,,4.80,100 גרם,false,1,13.90,289.58,true,1,16145
4005808650712,false,לבלו שפתון לחות דובדבן,HELLAS BEIERSDORF,,לבלו שפתון דובדבן,,4.80,100 גרם,false,1,13.90,289.58,true,1,20521
4006396046932,false,טבק מניטו ירוק 30g מ,Unknown,,טבק לגלגול אורגני,,0.00,,false,1,70.00,0.00,false,1,23744
4006396046963,false,מניטו פיין ירוק אורג,Unknown,,מניטו פיין ירוק אורג,,0.00,,false,1,70.00,0.00,false,1,23845
4008400170428,false,בונבוניירה פררו רושר לב 100 גרם,פרימיום - חברה לדברי מתיקה ולמ,,פררו רושה לב,,0.00,,false,1,19.90,0.00,true,1,22282
4008400230726,false,ביצת הפתעה קינדר מקסי 100 גרם,פרימיום-חברה לדברי מתיקה ולמסח,,ביצת הפתעה מקסי בנים,,100.00,100 גרם,false,1,27.90,27.90,true,1,22423
4008400284620,false,חטיף קינדר שוקובון 4,פררו,,קינדר שוקובון 46 גר,,46.00,100 גרם,false,1,6.90,15.00,true,1,17371
4008400290126,false,ק'נדר פינגווי עוגת ספוג במילוי חלבי מצופה שוקולד מריר 30 ג' OUD,פררו טורקיה צ'\יקולטה וו,,קינדר פינגווי בודד,,30.00,100 גרם,false,1,5.00,16.67,true,1,21086
4009900379564,false,מסטיק טייפ בטעם פירות הובה בובה (56 גרם),מרס ריגלי קונפקשונרי,,הובה בובה טייפ פירות,,71.00,100 גרם,false,1,8.50,11.97,true,1,3963
4009900402965,false,אורביט וויט בטעם פירות בקבוקון 46מלבניות,"מרס ריגלי ישראל בע""מ",,אורביט וויט פירות בק,,80.00,100 גרם,false,1,13.00,16.25,true,1,12333
4009900403023,false,אורביט וויט בטעם מנטה בקבוקון 46 מלבניות,"מרס ריגלי ישראל בע""מ",,אורביט וויט מנטה בקב,,80.00,100 גרם,false,1,13.00,16.25,true,1,12332
4009900406918,false,מסטיק הובה בובה טייפ טריפל מיקס 56ג',מרס ריגלי קונפקשונרי,,הובה בובה טריפל מיקס,,71.00,100 גרם,false,1,8.50,11.97,true,1,6928
<<<<<<< HEAD
4009900420129,false,מסטיק אורביט פרופשנל פפרמינט בקבוקון 64 גר',מרס נדרלנד,,אורביט פפרמינט בקבוק,,80.00,100 גרם,false,1,13.00,16.25,true,1,18124
4009900426039,false,מסטיק מנטה אקליפטוס בקבוקון איירווייבס 64 גרם,איירוויבס Airwaves,,איירוייז אקליפטוס בק,,64.00,100 גרם,false,1,13.00,20.31,true,1,15589
4009900426121,false,מסטיק אורביט איירוויז בקבוקון אוכמניות 64ג',איירוויבס Airwaves,,איירוויז אוכמניות בק,,64.00,100 גרם,false,1,13.00,20.31,true,1,15574
4009900479998,false,אורביט וויט אוכמניות בקבוקון 46 מלבניות,ריגלי פולין,,אורביט אוכמניות בקבו,,80.00,100 גרם,false,1,13.00,16.25,true,1,14902
4009900482417,false,מסטיק אורביט פירות מנטה בקבוקון באבל מינט 45יח,ריגלי פולין,,אורביט באבל מינט בקב,,80.00,100 גרם,false,1,13.00,16.25,true,1,12552
4009900500166,false,סוכריות פירות אדום סקיטלס בקבוקון 125ג',ריגלי ממתקים,,סקיטלס פירות בבקבוק,,137.00,100 גרם,false,1,12.00,8.76,true,1,15706
=======
4009900420129,false,מסטיק אורביט פרופשנל פפרמינט בקבוקון 64 גר',"מרס ריגלי ישראל בע""מ",,אורביט פפרמינט בקבוק,,80.00,100 גרם,false,1,13.00,16.25,true,1,18124
4009900426039,false,מסטיק מנטה אקליפטוס בקבוקון איירווייבס 64 גרם,"מרס ריגלי ישראל בע""מ",,איירוייז אקליפטוס בק,,64.00,100 גרם,false,1,13.00,20.31,true,1,15589
4009900426121,false,מסטיק אורביט איירוויז בקבוקון אוכמניות 64ג',"מרס ריגלי ישראל בע""מ",,איירוויז אוכמניות בק,,64.00,100 גרם,false,1,13.00,20.31,true,1,15574
4009900479998,false,אורביט וויט אוכמניות בקבוקון 46 מלבניות,"מרס ריגלי ישראל בע""מ",,אורביט אוכמניות בקבו,,80.00,100 גרם,false,1,13.00,16.25,true,1,14902
4009900482417,false,מסטיק אורביט פירות מנטה בקבוקון באבל מינט 45יח,"מרס ריגלי ישראל בע""מ",,אורביט באבל מינט בקב,,80.00,100 גרם,false,1,13.00,16.25,true,1,12552
4009900500166,false,סוכריות פירות אדום סקיטלס בקבוקון 125ג',"מרס ריגלי ישראל בע""מ",,סקיטלס פירות בבקבוק,,137.00,100 גרם,false,1,12.00,8.76,true,1,15706
>>>>>>> d048ac2f4f281c9d788043ab4e81b61b0dbe3743
4009900512329,false,פייב בוקס מסטיק מנטה 69 גרם,ריגלי בעמ רוסיה,,פייב בוקס ספירימנט,,82.00,100 גרם,false,1,13.00,15.85,true,1,15084
4009900512350,false,פייב בוקס מסטיק אבטיח 69 גרם,מרס ריגלי ישראל בעמ,,פייב בוקס אבטיח,,82.00,100 גרם,false,1,13.00,15.85,true,1,15085
4009900514996,false,מסטיק טעם תות בקבוקון אורביט 64 גרם,"מרס ריגלי ישראל בע""מ",,אורביט תות בקבוקון,,80.00,100 גרם,false,1,13.00,16.25,true,1,15575
4009900523288,false,פייב בוקס מסטיק תות 69 גרם,מרס ריגלי ישראל בעמ,,פייב בוקס תות,,82.00,100 גרם,false,1,13.00,15.85,true,1,16514
4009900525138,false,"וויט גומי לעיסה בטעם תות ללא סוכר, 64 ג' אורפיט",מרס ריגלי ישראל בעמ,,א. וויט תות בקבוקון,,80.00,100 גרם,false,1,13.00,16.25,true,1,19045
4009900531122,false,"מסטיק בטעם מנטה ספירמינט, 64 ג' פרופשיונל אורפיט","מרס ריגלי ישראל בע""מ",,אורביט ספירמינט בקבק,,80.00,100 גרם,false,1,13.00,16.25,true,1,18125
4009900534581,false,מסטיק איירוויבז דובדבן ומנטה בקבוקון 64,Unknown,,איירוויז דובדבן בקב,,64.00,100 גרם,false,1,13.00,20.31,false,1,19453
4009900534611,false,מסטיק איירוויבז בקבוקון בטעם מלון ומנטה,ריגלי,,איירוויז מלון ומנטה,,64.00,100 גרם,false,1,13.00,20.31,false,1,19454
4009900535519,false,מסטיק אורביט רפרשרס ספירמינט ללא סוכר 15.6גר',"מרס ריגלי ישראל בע""מ",,אורביט רפרשרס,,20.00,100 גרם,false,1,5.50,27.50,true,1,20627
4009900535540,false,מסטיק אורביט רפרשרס פפרמינט ללא סוכר 15.6גר',"מרס ריגלי ישראל בע""מ",,אורביט רפרשרס,,20.00,100 גרם,false,1,5.50,27.50,true,1,20629
4009900535823,false,מסטיק אורביט רפרשרס באבלמינט ללא סוכר 15.6גר',"מרס ריגלי ישראל בע""מ",,אורביט רפרשרס,,20.00,100 גרם,false,1,5.50,27.50,true,1,20632
4009900536257,false,מסטיק אורביט רפרשרס ספירמינט בקבוקון ללא סוכר 67 גר',מרס ריגלי קונפקשונרי,,אורביט רפרשרס,,50.00,100 גרם,false,1,14.90,29.80,true,1,20633
4009900536288,false,מסטיק אורביט רפרשרס פפרמינט בקבוקון ללא סוכר 67 גר',מרס ריגלי קונפקשונרי,,אורביט רפרשרס,,50.00,100 גרם,false,1,14.90,29.80,true,1,20635
4009900536486,false,מסטיק אורביט רפרשרס באבלמינט בקבוקון ללא סוכר 67 גר',מרס ריגלי קונפקשונרי,,אורביט רפרשרס,,50.00,100 גרם,false,1,14.90,29.80,true,1,20637
4009900539401,false,מסטייק אורבייט פייב באונוס מנטה HP,מרס ריגלי ישראל בעמ,,פייב באונס מנטה HP,,14.40,100 גרם,false,1,6.00,41.67,true,1,22600
4009900539432,false,מסטייק אורבייט פייב באונוס אבטיח HP,מרס ריגלי ישראל בעמ,,פייב באונס אבטיח HP,,14.40,100 גרם,false,1,6.00,41.67,true,1,22601
4009900539685,false,"מסטיק פייב באונס בטעם מנטה בקבוקון, 61.8 גרם","מרס ריגלי ישראל בע""מ",,פייב באונס מנטה בק,,61.80,100 גרם,false,1,14.90,24.11,true,1,22901
4009900539746,false,"מסטיק פייב באונס בטעם אבטיח בקבוקון, 61.8 גרם","מרס ריגלי ישראל בע""מ",,פייב באונס אבטיח בק,,61.80,100 גרם,false,1,14.90,24.11,true,1,22902
4009900540551,false,מסטיק אורביט רפרשרס טרופיקל בקבוקון ללא סוכר,מרס ריגלי ישראל בעמ,,אורביט ר.טרופיקל,,67.00,100 גרם,false,1,14.90,22.24,true,1,22219
4011800617615,false,קורני ביג שוקולד 50 גר`,משה סידס ובנו בעמ,,קורני ביג שוקו 50,,50.00,100 גרם,false,1,7.50,15.00,true,1,19325
4011800617714,false,"""קורני"" ביג שוקו בננה50 גרם",מיוצר עי קונדיטוריית,,קורני ביג שוקו בננה,,50.00,100 גרם,false,1,7.50,15.00,true,1,19326
4011800617813,false,"""קורני"" ביג בראוניס 50 גרם",משה סידס ובנו בעמ,,קורני ביג בראוני,,50.00,100 גרם,false,1,7.50,15.00,true,1,19327
4011800617912,false,קורני ביג נאטס אגוזי,משה סידס ובנו בעמ,,קורני ביג נאטס,,50.00,100 גרם,false,1,7.50,15.00,true,1,19328
4011800618216,false,קורני ביג מילק,Unknown,,קורני ביג מילק,,50.00,100 גרם,false,1,7.50,15.00,true,1,19329
4011800618315,false,קורני ביג דארק אנד וואיט 40 גר`,משה סידס ובנו בעמ,,קורני ביג דארק&וואיט,,50.00,100 גרם,false,1,7.50,15.00,true,1,19330
4011800628512,false,חטיף קורני שוקולד חלב 6 יח 150 גר,מיוצר עי קונדיטוריית,,קורני שוקולד חלב-6יח,,150.00,100 גרם,false,1,12.00,8.00,false,1,13084
4011800630515,false,חטיף קורני שוקולד חלב ובננה 6 יח 150 גר,מיוצר עי קונדיטוריית,,קורני שוקול בננה 6י,,150.00,100 גרם,false,1,12.00,8.00,false,1,13085
<<<<<<< HEAD
4011800633516,false,קורני שוקולד מריר מעולה 58% קקאו 6*1,שוורטאוור וורקה,,קורני ש.מריר6יח-מארז,,138.00,100 גרם,false,1,12.00,8.70,true,1,14904
4014400901191,false,בונבונריית מרסי מבחר ממתקי שוקולד 250 גרם,ליימן מותגים,,מרסי בונבונירה 250ג,,250.00,100 גרם,false,1,34.50,13.80,true,1,1142
4014400901405,false,בונבונריית מרסי מבחר ממתקי שוקולד חלב 250 גרם,קריניציה ויטמינה אס,,מרסי חלב 250 גר,,250.00,100 גרם,false,1,34.50,13.80,true,1,6809
4014400907902,false,"וורטרס אורגינל סוכריות חמאה ללא סוכר בקופסה
42 גרם",תות ממתקי איכות,,וורטר אורגינל בקופסא,,42.00,100 גרם,false,1,9.00,21.43,true,1,9646
4014400910063,false,סוכריות חמאה וורטרס אורגינל 135 גרם,וורטר'ס אורגינל,,וורטר סוכריות 135,,135.00,100 גרם,false,1,13.50,10.00,true,1,16373
4014400914696,false,וורטרס אורגינל סוכריות ללא סוכר 80 גרם,ליימן מותגים,,וורטר סוכ ל.סוכר 80ג,,80.00,100 גרם,false,1,12.50,15.62,true,1,10196
4014400920857,false,וורטר אורגינל ללא סוכר בטעם שוקולד-שקית 70 גרם,קריניציה ויטמינה אס,,וורטס שוקולד ללס,,70.00,100 גרם,false,1,12.50,17.86,true,1,18708
4014400923711,false,בונבוניירה שוקולד אגוזים טופיפי 125 גרם,ליימן מותגים,,טופיפי 125 גר.,,125.00,100 גרם,false,1,17.70,14.16,true,1,15594
4014400925319,false,וורטרס אורגינל פופקורן קרמל 140 גרם,וורטרס Werther's,,וורטר פופקורן,,140.00,100 גרם,false,1,17.90,12.79,true,1,20606
4015400564034,false,מגן תחתון אולוויז מגה פק לונג פלוס 58 יחידות,פרוקטר אנד גמבל,,מגן אולוויז מגהפק לו,,58.00,יחידה,false,1,21.90,0.38,false,1,24019
4015400564454,false,מגני תחתון אולוויז לארג' עם ניחוח מגה פק,פרוקטר אנד גמבל,,מגן אולוויז מגה פק L,,0.00,,false,1,21.90,0.00,false,1,24020
4015400690313,false,טמפונים פרל רגולר טמפקס קומפאק 18 יח,פרוקטר אנד גמבל,,טמפקס קומפאק רגולר,,18.00,יחידה,false,1,25.90,1.44,true,1,16944
4015400731719,false,תחבושות היגייניות אולוויז יום ולילה Day & Night,פרוקטר אנד גמבל,,א.תחבושות לילה חדש,,20.00,יחידה,false,1,23.90,1.20,true,1,15276
4015400755241,false,תחבושות היגייניות אולוויז אולטרה נורמל - 28 יח',פרוקטר אנד גמבל,,ת.אולוויז פלוס 28 יח,,28.00,יחידה,false,1,23.90,0.85,true,1,15243
4015400755487,false,תחבושות היגייניות אולוויז אולטרה לונג - 24 יח',פרוקטר אנד גמבל,,ת.אולוויז פלוס 24 יח,,24.00,יחידה,false,1,23.90,1.00,true,1,15244
4015600762742,false,שמפו יומיומי למניעת קשקשים הנוסחה הקלאסית,פרוקטר אנד גמבל,,שמפו הד&שולדרס קלאסי,,500.00,"100 מ""ל",false,1,23.90,4.78,false,1,17045
4022025001905,false,יין בלו ווין מבעבע זהב כשר 750 מל,היי סישל סוהן טראבן,,בלו ווין,,750.00,"100 מ""ל",false,1,70.00,9.29,true,1,20646
=======
4011800633516,false,קורני שוקולד מריר מעולה 58% קקאו 6*1,משה סידס ובנו בעמ,,קורני ש.מריר6יח-מארז,,138.00,100 גרם,false,1,12.00,8.70,true,1,14904
4014400901191,false,בונבונריית מרסי מבחר ממתקי שוקולד 250 גרם,ליימן שליסל בע`מ,,מרסי בונבונירה 250ג,,250.00,100 גרם,false,1,34.50,13.80,true,1,1142
4014400901405,false,בונבונריית מרסי מבחר ממתקי שוקולד חלב 250 גרם,קריניציה ויטמינה אס,,מרסי חלב 250 גר,,250.00,100 גרם,false,1,34.50,13.80,true,1,6809
4014400907902,false,"וורטרס אורגינל סוכריות חמאה ללא סוכר בקופסה
42 גרם",ליימן שליסל בע`מ,,וורטר אורגינל בקופסא,,42.00,100 גרם,false,1,9.00,21.43,true,1,9646
4014400910063,false,סוכריות חמאה וורטרס אורגינל (135 גרם),ליימן שליסל בע`מ,,וורטר סוכריות 135,,135.00,100 גרם,false,1,13.50,10.00,true,1,16373
4014400914696,false,וורטרס אורגינל סוכריות ללא סוכר 80 גרם,ליימן שליסל בע`מ,,וורטר סוכ ל.סוכר 80ג,,80.00,100 גרם,false,1,12.50,15.62,true,1,10196
4014400920857,false,וורטר אורגינל ללא סוכר בטעם שוקולד-שקית 70 גרם,קריניציה ויטמינה אס,,וורטס שוקולד ללס,,70.00,100 גרם,false,1,12.50,17.86,true,1,18708
4014400923711,false,בונבוניירה שוקולד אגוזים טופיפי 125 גרם,ליימן שליסל בע`מ,,טופיפי 125 גר.,,125.00,100 גרם,false,1,17.70,14.16,true,1,15594
4014400925319,false,וורטרס אורגינל פופקורן קרמל 140 גרם,ליימן שליסל בע`מ,,וורטר פופקורן,,140.00,100 גרם,false,1,17.90,12.79,true,1,20606
4015400564034,false,מגן תחתון אולוויז מגה פק לונג פלוס 58 יחידות,דיפלומט מפיצים (1986) בע`מ,,מגן אולוויז מגהפק לו,,58.00,יחידה,false,1,21.90,0.38,false,1,24019
4015400564454,false,מגני תחתון אולוויז לארג' עם ניחוח מגה פק,דיפלומט מפיצים (1986) בע`מ,,מגן אולוויז מגה פק L,,0.00,,false,1,21.90,0.00,false,1,24020
4015400690313,false,טמפונים פרל רגולר טמפקס קומפאק 18 יח,דיפלומט מפיצים (1968) בעמ,,טמפקס קומפאק רגולר,,18.00,יחידה,false,1,25.90,1.44,true,1,16944
4015400731719,false,תחבושות היגייניות אולוויז יום ולילה Day & Night,דיפלומט מפיצים (1986) בע`מ,,א.תחבושות לילה חדש,,20.00,יחידה,false,1,23.90,1.20,true,1,15276
4015400755241,false,תחבושות היגייניות אולוויז אולטרה נורמל - 28 יח',דיפלומט מפיצים (1986) בע`מ,,ת.אולוויז פלוס 28 יח,,28.00,יחידה,false,1,23.90,0.85,true,1,15243
4015400755487,false,תחבושות היגייניות אולוויז אולטרה לונג - 24 יח',דיפלומט מפיצים (1986) בע`מ,,ת.אולוויז פלוס 24 יח,,24.00,יחידה,false,1,23.90,1.00,true,1,15244
4015600762742,false,שמפו יומיומי למניעת קשקשים הנוסחה הקלאסית,דיפלומט מפיצים (1986) בע`מ,,שמפו הד&שולדרס קלאסי,,500.00,"100 מ""ל",false,1,23.90,4.78,false,1,17045
4022025001905,false,"יין בלו ווין מבעבע זהב כשר 750מ""ל",היכל היין שקד גולן בעמ,,בלו ווין,,750.00,"100 מ""ל",false,1,70.00,9.29,true,1,20646
>>>>>>> d048ac2f4f281c9d788043ab4e81b61b0dbe3743
4022025002025,false,יין בלו נאן מבעבע גו,בלו נאן,,בלו נאן מבעבע גולד,,200.00,"100 מ""ל",false,1,27.90,13.80,false,1,22220
4022025002254,false,24K יין בלו נאן רוזה,בלו נאן,,בלו נאן רוזה 24K,,200.00,"100 מ""ל",false,1,27.90,13.80,false,1,22221
4022025261002,false,"בלו ווין גוורצטרמינר כשר 750 מ""ל",היכל היין שקד גולן בעמ,,בלו ווין גוורצטרמינר,,750.00,"100 מ""ל",false,1,60.00,7.96,true,1,20607
4022025262436,false,יין בלו נאן גוורצטרמ,בלו נאן,,בלו נאן כשר 250מל,,250.00,"100 מ""ל",false,1,27.90,11.04,false,1,22222
4025700001962,false,מילקה טבלה 100 גר' לבן 1/22 (4248023),דיפלומט מפיצים (1968) בעמ**,,מילקה שוקולד לבן 100,,100.00,100 גרם,false,1,7.90,7.90,true,1,24090
4030600227473,false,דוידוף קלאסיק קופסא,Unknown,,דוידוף קלאסיק OCB,,0.00,,false,1,35.00,0.00,false,1,18976
4030600227503,false,דוידוף גולף קופסא,Unknown,,דוידוף גולד OCB,,0.00,,false,1,35.00,0.00,false,1,18977
4030600228562,false,דוידוף סלימס גולד,Unknown,,דוידוף סלימס גולד,,0.00,,false,1,35.00,0.00,false,1,18978
4032900104508,false,אל די סופרסלימס כחול חפיסה,Unknown,,אל.די סופרסלימס כחול,,0.00,,false,1,27.00,0.00,false,1,19994
4032900104515,false,אל די סופרסלימס כחול,Unknown,,אל די סופר סלימס*10,,0.00,,false,1,265.00,0.00,false,1,19995
4032900111292,false,סיגריות ווינסטון קומפקט כחול,גלוברנדס גרופ בעמ,,וינסטון קומפקט כחול,,0.00,,false,1,29.50,0.00,false,1,18511
4032900111308,false,סיגריות ווינסטון קומפקט סילבר,גלוברנדס גרופ בעמ,,וינסטון קומפקט סילבר,,0.00,,false,1,29.00,0.00,false,1,18512
4032900111315,false,וינסטון קומפקט סילבר פק.,Unknown,,וינסטון ק.סילבר פאקט,,0.00,,false,1,285.00,0.00,false,1,18516
4032900111322,false,וינסטון קומפקט כחול פאקט,Unknown,,וינסטון קומפ. כחול פ,,0.00,,false,1,285.00,0.00,false,1,18517
4032900112824,false,כאמל קומפקט כחול)תכלת( ח,Unknown,,כאמל קומפקט תכלת בהי,,0.00,,false,1,28.50,0.00,false,1,18518
4032900112831,false,כאמל קומפקט כחול)תכלת(פק,Unknown,,כאמל ק.תכלת פאקט,,0.00,,false,1,275.00,0.00,false,1,18519
4032900112862,false,כאמל קומפקט כחול עשירייה,Unknown,,כאמל ק.כחול פאקט,,0.00,,false,1,275.00,0.00,false,1,18520
4032900112879,false,כאמל קומפקט כחול כהה חפ,Unknown,,כאמל קומפקט כהה,,0.00,,false,1,28.50,0.00,false,1,18521
4032900124193,false,כאמל צהוב ארוך PP חפיסה,Unknown,,כאמל צהוב ארוך,,0.00,,false,1,32.00,0.00,false,1,19556
4032900124209,false,כאמל צהוב ארוך פאקט,Unknown,,כאמל צהוב ארוך,,0.00,,false,1,310.00,0.00,false,1,19557
4032900124254,false,ווינסטון קומפלקט ברי PP חפיסה,גלוברנדס גרופ בעמ,,וינסטון קומפקט ברי,,0.00,,false,1,29.50,0.00,false,1,19963
4032900124261,false,ווינסטון קומפלקט ברי PP עשירייה,גלוברנדס בעמ,,וינסטון קומפקט*10,,0.00,,false,1,285.00,0.00,false,1,19964
4032900128108,false,טבק נרגילה תפוח 60,Unknown,,טבק נרגילה תפוח 60,,0.00,,false,1,45.00,0.00,false,1,19997
4033100003493,false,ווינסטון כחול סופט סלימס עשירייה,גלוברנדס בעמ - שיווק סיגריות,,וינסטון סלימס כ.פאקט,,0.00,,false,1,330.00,0.00,false,1,14866
4033100003530,false,וינסטון מנטול סופר סלימס פאקט,Unknown,,וינסטון ס.סלימס מנטו,,0.00,,false,1,330.00,0.00,false,1,14867
<<<<<<< HEAD
4033100013348,false,סיגריות אל די כחול ארוך בודד,Unknown,,אל.די ארוך,,0.00,,false,1,29.00,0.00,false,1,8990
4033100013355,false,אל.די בלו ארוך פאקט,Unknown,,LD 100 פאקט כחול,,0.00,,false,1,280.00,0.00,false,1,9596
4033100014468,false,סיגריות אל די אדום ח,Unknown,,אל.די אדום,,0.00,,false,1,29.00,0.00,false,1,8989
4033100014475,false,פאקט אל די אדום,Unknown,,פאקט אל די אדום,,0.00,,false,1,280.00,0.00,false,1,8993
4033100014499,false,סיגריות אל די כחול בודד,Unknown,,אל.די כחול חפיסה,,0.00,,false,1,29.00,0.00,false,1,8988
4033100014505,false,פאקט אל די כחול,Unknown,,פאקט אל די כחול,,0.00,,false,1,280.00,0.00,false,1,8992
4033100014529,false,סיגריות אל די סלים בודד,Unknown,,אל די סלימס חפיסה,,0.00,,false,1,27.00,0.00,false,1,8991
4033100014536,false,סיגריות אל די סלים פ,Unknown,,פאקט אל די סלים,,0.00,,false,1,265.00,0.00,false,1,11947
=======
4033100013348,false,סיגריות אל די כחול ארוך בודד,גלוברנדס בעמ - שיווק סיגריות,,אל.די ארוך,,0.00,,false,1,29.00,0.00,false,1,8990
4033100013355,false,אל.די בלו ארוך פאקט,גלוברנדס בעמ - שיווק סיגריות,,LD 100 פאקט כחול,,0.00,,false,1,280.00,0.00,false,1,9596
4033100014468,false,סיגריות אל די אדום ח,גלוברנדס בעמ - שיווק סיגריות,,אל.די אדום,,0.00,,false,1,29.00,0.00,false,1,8989
4033100014475,false,אל די אדום 10 יחידות,גלוברנדס בעמ - שיווק סיגריות,,פאקט אל די אדום,,0.00,,false,1,280.00,0.00,false,1,8993
4033100014499,false,סיגריות אל די כחול בודד,גלוברנדס בעמ - שיווק סיגריות,,אל.די כחול חפיסה,,0.00,,false,1,29.00,0.00,false,1,8988
4033100014505,false,אל די כחול 10 יחידות,גלוברנדס בעמ - שיווק סיגריות,,פאקט אל די כחול,,0.00,,false,1,280.00,0.00,false,1,8992
4033100014529,false,סיגריות אל די סלים בודד,גלוברנדס בעמ - שיווק סיגריות,,אל די סלימס חפיסה,,0.00,,false,1,27.00,0.00,false,1,8991
4033100014536,false,סיגריות אל די סלים פ,גלוברנדס בעמ - שיווק סיגריות,,פאקט אל די סלים,,0.00,,false,1,265.00,0.00,false,1,11947
>>>>>>> d048ac2f4f281c9d788043ab4e81b61b0dbe3743
4033100014642,false,סיגריות כאמל שחור פק,Unknown,,כאמל שחור פאקט,,0.00,,false,1,310.00,0.00,false,1,14868
4033100014666,false,סיגריות כאמל לבן פקט,Unknown,,כאמל לבן פאקט,,0.00,,false,1,310.00,0.00,false,1,14869
4033100024146,false,סיגריות ווינסטון קוד בודד,גלוברנדס בעמ - שיווק סיגריות,,וינסטון קוד-חפיסה,,0.00,,false,1,32.00,0.00,false,1,11884
4033100024153,false,סיגריות ווינסטון קוד פאקט,גלוברנדס בעמ - שיווק סיגריות,,וינסטון קוד-פאקט,,0.00,,false,1,310.00,0.00,false,1,11886
4033100024252,false,סיגריות ווינסטון אקווה בודד,גלוברנדס בעמ - שיווק סיגריות,,וינסטון אקווה חפיסה,,0.00,,false,1,32.00,0.00,false,1,11885
4033100024269,false,סיגריות ווינסטון אקווה פאקט,גלוברנדס בעמ - שיווק סיגריות,,וינסטון קוד אקווה -פ,,0.00,,false,1,310.00,0.00,false,1,11887
4033100038914,false,טבק כאמל צהוב + נייר גלגול 30ג',גלוברנדס בעמ - שיווק סיגריות,,טבק כאמל צהוב,,0.00,,false,1,84.00,0.00,false,1,12955
4033100046490,false,סיגריות ווינסטון אקווה ארוך בודד,גלוברנדס בעמ - שיווק סיגריות,,וינסטון אקווה ארוך,,0.00,,false,1,32.00,0.00,false,1,12746
4033100046506,false,וינסטון אקווה לונג פאקט,גלוברנדס בעמ,,וינסטון קוד אקווה-פא,,0.00,,false,1,310.00,0.00,false,1,12747
4033100047350,false,טבק כאמל כחול + נייר גלגול 30ג',גלוברנדס בעמ - שיווק סיגריות,,טבק כאמל כחול,,0.00,,false,1,84.00,0.00,false,1,12956
4033100064036,false,וינסטון כחול טבק לגלגול חפיסה,גלוברנדס בעמ - שיווק סיגריות,,וינסטון כחול טבק,,0.00,,false,1,81.00,0.00,false,1,14311
4043058008778,false,טבק אמריקן ספיריט כחול פאוצ,פלנטה טבק,,אמריקן ספיריט כ. טבק,,0.00,,false,1,85.00,0.00,false,1,13050
4043058010412,false,טבק אמריקן ספיריט צהוב פאוצ,פלנטה טבק,,אמריקן ספיריט צ. טבק,,0.00,,false,1,85.00,0.00,true,1,15908
4066600999614,false,"בירה פאולנר, בירת חיטה מעוננת, בקבוק 500 מ""ל",טמפו משקאות בע`מ,,בירה פאולנר 500 מל,,500.00,"100 מ""ל",false,1,18.00,3.54,true,1,22812
4067700014856,false,ייגרמייסטר-חדש,Unknown,,ייגרמייסטר-חדש,,500.00,"100 מ""ל",false,1,69.90,13.92,true,1,15536
4084500088917,false,נוזל לניקוי כלים לימון פיירי (650 מל),דיפלומט מפיצים (1986) בע`מ,,פיירי לימון 650 מל,,650.00,"100 מ""ל",false,1,14.00,2.15,true,1,20172
4105120623941,false,"בירה ויינשטפן בק' ח""פ 500 מ""ל",החברה המרכזית להפצת משקאות בעמ,,ויינשטפן בק חפ500מל,,500.00,"100 מ""ל",false,1,17.90,3.52,true,1,22816
4260399984503,false,מדליק פחם מוצק 48 קוביות,Unknown,,מדליק פחם מוצק,,0.00,,false,1,7.00,0.00,false,1,23591
4600659010854,false,וודקה סטוליצ`יניה (700 מל),הכרם -משקאות חריפים בע`מ,,וודקה סטולי 700,,700.00,100 גרם,false,1,74.90,10.66,true,1,10089
4600680013800,false,קיט קאט זברה 4 אצבעות 41.5גר,קבוצת אוסם סחר שותפות מוגבלת,,קיט קט זברה 4 אצבעות,,0.00,,false,1,6.90,0.00,true,1,21711
4602486002071,false,"וודקה בלנקאיה גולד 700 מ""ל",מזקקת גאורגייבסקי קר,,וודקה בלנקאיה גולד,,700.00,"100 מ""ל",false,1,69.90,9.94,true,1,21281
4603400000043,false,וודקה רוסקי יורוסטנדרט (700 מל),רוסקי סטנדרט וודקה,,וודקה רוסקי סטנדרט,,700.00,"100 מ""ל",false,1,87.90,12.51,true,1,12823
4603400001521,false,"וודקה רוסקי סטנדרט 200 מ""ל",Unknown,,רוסקי סטנדרט 200 מל,,200.00,"100 מ""ל",false,1,34.90,17.30,false,1,14508
4603928000976,false,"בלוגה נובל וודקה 700 מ""ל+כוס הייבול",מרינסקי ליקרו-וודאצ'\ני,,וודקה בלוגה 700 מל,,700.00,"100 מ""ל",false,1,165.00,23.53,true,1,21168
<<<<<<< HEAD
4607109409619,false,פיניש הכל ב-1 טבליות למדיח 25 יח,הדקלאים אגודת שיתופי,,פיניש טבל מדיח 25יח,,25.00,יחידה,false,1,30.00,1.20,true,1,24027
4710068001692,false,"מאסטר קפה לאטה פחית 240 מ""ל",תאיט מרקטינג אנד דיסטריב,,מאסטר קפה לאטה,,250.00,"100 מ""ל",false,1,10.90,4.36,true,1,13332
4710068001715,false,"מאסטר קפה טירמיסו פחית 240 מ""ל",יוני פרזינדנט אנטרפר,,מאסטר ק.טירמיסו,,250.00,"100 מ""ל",false,1,10.90,4.36,true,1,13334
4710068001739,false,"מאסטר קפה קולומביאני 250 מ""ל",יוני פרזינדנט אנטרפר,,מאסטר קפה קולומביאני,,250.00,"100 מ""ל",false,1,10.90,4.36,true,1,13333
4710068002798,false,מאסטר קפה וונילה פחית 240 מל,מאיטה פוד אינדוסטריאל קו,,מאסטר קפה וניל,,250.00,"100 מ""ל",false,1,10.00,4.00,true,1,18602
4710068003313,false,"מאסטר קפה אמריקאנו פחית 240 מ""ל",מאיטה פוד אינדוסטריא,,מאסטר קפה אמריקנו,,250.00,"100 מ""ל",false,1,10.90,4.24,true,1,21107
=======
4607109409619,false,פיניש הכל ב-1 טבליות למדיח 25 יח,רקיט בנקיזר (ניר איסט) בעמ,,פיניש טבל מדיח 25יח,,25.00,יחידה,false,1,30.00,1.20,true,1,24027
4710068001692,false,מאסטר קפה בטעם לאטה בפחית 240מ`ל,תאיט מרקטינג אנד דיסטריב,,מאסטר קפה לאטה,,250.00,"100 מ""ל",false,1,10.90,4.36,true,1,13332
4710068001715,false,משקה בטעם טירמיסו מאסטר קפה (240 מל),יוני פרזינדנט אנטרפר,,מאסטר ק.טירמיסו,,250.00,"100 מ""ל",false,1,10.90,4.36,true,1,13334
4710068001739,false,מאסטר קפה בטעם קולומביאני בפחית 240מ`ל,יוני פרזינדנט אנטרפר,,מאסטר קפה קולומביאני,,250.00,"100 מ""ל",false,1,10.90,4.36,true,1,13333
4710068002798,false,מאסטר קפה בטעם וניל בפחית 240מ`ל,מאיטה פוד אינדוסטריאל קו,,מאסטר קפה וניל,,250.00,"100 מ""ל",false,1,10.00,4.00,true,1,18602
4710068003313,false,מאסטר קפה אמריקאנו בפחית 240מ`ל,מאיטה פוד אינדוסטריא,,מאסטר קפה אמריקנו,,250.00,"100 מ""ל",false,1,10.90,4.24,true,1,21107
>>>>>>> d048ac2f4f281c9d788043ab4e81b61b0dbe3743
4714739000106,false,מראה פנימית,Unknown,,מראה פנימית,,0.00,,false,1,39.00,0.00,true,1,15470
4750021000904,false,וודקה סטולי פרימיום,איי.אס לטבייאס בלזם,,סטולי פרימיום 200,,200.00,"100 מ""ל",false,1,29.90,14.80,false,1,23443
4750021005725,false,וודקה סטולי 40% כשרה לפסח ללא גלוטן 700,הכרם -משקאות חריפים בע`מ,,סטולי כשלפ ל.גלוטן,,700.00,100 גרם,false,1,89.90,12.80,true,1,16605
4823077613630,false,חטיף שוקולד רושן ממולה קרם בורלה 43 גרם,דילר בי.אמ.די.אינטרנשויונל בעמ,,ש.רושן קרם ברולה,,43.00,100 גרם,false,1,5.00,11.63,true,1,23015
4823077617041,false,חטיף שוקולד רושן ממולה קרם קרמל 43 גרם,דילר בי.אמ.די.אינטרנשויונל בעמ,,רושן ממולה ק.קרמל,,43.00,100 גרם,false,1,5.00,11.63,true,1,23016
4823077621635,false,חטיף שוקולד רושן בטעם חלב 72 גרם,דילר בי.אמ.די.אינטרנשויונל בעמ,,וופל רושן בטעם חלב,,72.00,100 גרם,false,1,5.00,6.94,true,1,23018
4823077621642,false,חטיף שוקולד רושן בטעם שוקולד 72 גר,דילר בי.אמ.די.אינטרנשויונל בעמ,,וופל רושן שוקולד,,72.00,100 גרם,false,1,5.00,6.94,true,1,23019
4823077621659,false,חטיף שוקולד רושן בטעם אגוז 72 גר,דילר בי.אמ.די.אינטרנשויונל בעמ,,וופל רושן בטעם אגוז,,72.00,100 גרם,false,1,5.00,6.94,true,1,23020
4823077625145,false,ממתקי שוקולד מריר עם דובדבן בליקר דובדבן,דילר בי.אמ.די.אינטרנשויונל בעמ,,בובונבוניירה ל.שרי,,155.00,100 גרם,false,1,19.90,12.84,true,1,23534
4823077632259,false,חטיף שוקולד רושן עם בוטנים 43 גרם,דילר בי.אמ.די.אינטרנשויונל בעמ,,חטיף ש.רושן בוטנים,,43.00,100 גרם,false,1,5.00,11.63,true,1,23017
4823077632396,false,וופל רושן בטעם קקאו חלב 72גר,דילר בי.אמ.די.אינטרנשיונל בעמ,,וופל רושן קקאו חלב,,72.00,100 גרם,false,1,5.00,6.94,true,1,23021
4823077633690,false,בונבוניירה רושן שוטרס ויסקי 150 גרם,דילר בי.אמ.די.אינטרנשיונל בעמ,,בונבוניירה ו.רושן,,150.00,100 גרם,false,1,19.90,13.27,true,1,23535
4895060592307,false,סוכריות נטורל בטעמים בקבוק NUGGELS,איתן-מזון,,פלורידה נטורל בקבוק,,43.00,100 גרם,false,1,9.90,23.02,true,1,3985
4895151823518,false,מצת ZENGAS,Unknown,,מצת ZENGAS,,0.00,,false,1,16.90,0.00,false,1,23904
4895151823600,false,מצת ZENGAS - נוסף,Unknown,,מצת ZENGAS - נוסף,,0.00,,false,1,16.90,0.00,false,1,24197
4903001904192,false,רוטב סויה יאמאסה פרימיום 500מ`ל,הדקלאים אגודת שיתופי,,יאמאסה פרמיום 500,,500.00,"100 מ""ל",false,1,29.90,5.98,true,1,24120
5000159376655,false,סוכריות SKITTLES פירות קטן 38 גרם אדום,"מרס ריגלי ישראל בע""מ",,סקיטלס פירות 38 גר,,39.00,100 גרם,false,1,4.00,10.26,true,1,12338
5000159376792,false,סוכריות סקיטלס Skittles פירות חמוצים,"מרס ריגלי ישראל בע""מ",,סקיטלס חמוץ 38 גר,,39.00,100 גרם,false,1,4.00,10.26,true,1,12339
5000159407236,false,מרס חטיף שוקולד עם קרמל 51 גרם,"מרס ריגלי ישראל בע""מ",,מרס חטיף 51 גר,,51.73,100 גרם,false,1,6.50,12.57,true,1,6938
5000159414197,false,מלטיזרס-כדורים פריכים בציפוי שוולד חלב 135 גרם,מרס שוקולד צ.אמריקה,,מלטיזרס 135 גרם,,135.00,100 גרם,false,1,17.90,13.26,true,1,23101
5000159452977,false,מיקס שקית מיניס 400 גרם מרס-באונטי-טוויק,"מרס ריגלי ישראל בע""מ",,מיני מיקס חטיפי מארס,,400.00,100 גרם,false,1,24.90,6.22,true,1,24091
5000159459228,false,חטיף אצבעות קרמל ושוקולד טוויקס (50 גרם),"מרס ריגלי ישראל בע""מ",,טוויקס 50 גר,,50.84,100 גרם,false,1,6.50,12.79,true,1,12365
5000159460866,false,גלידה חטיף מרס אקסטר,פלדמן,,חטיף מארס  XL,,51.00,100 גרם,false,1,11.50,22.55,true,1,23265
5000159460880,false,חטיף סניקרס 53 גרם,פלדמן,,חטיף סניקרס  XL,,60.50,100 גרם,false,1,11.50,19.01,true,1,23266
5000159461122,false,סניקרס חטיף שוקולד עם בוטנים 50 גרם,"מרס ריגלי ישראל בע""מ",,סניקרס חטיף שוקולד50,,50.73,100 גרם,false,1,6.50,12.81,true,1,12366
5000159472760,false,שקית שוקולד טוויקס 1,מרסי,,טוויקס מ.בשקית 170ג,,170.00,100 גרם,false,1,9.90,5.82,true,1,23423
5000159473200,false,באונטי מ.בשקית 170ג,מרסי,,באונטי מ.בשקית 170ג,,170.00,100 גרם,false,1,9.90,5.82,true,1,23422
5000159473866,false,שקית שוקולד סניקרס 1,מרסי,,סניקרס מ.שקית 170ג,,170.00,100 גרם,false,1,9.90,5.82,true,1,23421
5000159474771,false,שקית שוקולד מרס 170ג,מרסי,,מרס מיני בשקית 170ג,,170.00,100 גרם,false,1,9.90,5.82,true,1,23424
5000159483049,false,גלידה חטיף באונטי אק,Unknown,,חטיף באונטי  XL,,51.60,100 גרם,false,1,11.50,22.29,true,1,23267
5000159484640,false,גלידה חטיף טוויקס אק,פלדמן,,חטיף טוויקס   XL,,51.00,100 גרם,false,1,11.50,22.55,true,1,23268
5000159486972,false,חטיף טוויקס לבן עם ש,"נארז ע""י : א.ג. גילר",,טוויקס לבן,,48.00,100 גרם,false,1,6.50,13.54,true,1,15163
5000159509671,false,סניקרס לבן חטיף קפוא,Unknown,,חטיף סניקרס לבן XL,,60.50,100 גרם,false,1,11.50,19.01,true,1,23269
5000159541152,false,חטיף טוויקס לבן 46 גרם.,מרס ריגלי ישראל בעמ,,טוויקס לבן,,48.00,100 גרם,false,1,6.50,13.54,true,1,22054
5000168199245,false,שוקולד חלב מעולה בתוספת קרמל מלוח פיור גודייבה 90 ג',"אולקר מקבוצת פלאדיס, ציק",,ש.חלב עם קרמל מלוח,,90.00,100 גרם,false,1,17.90,19.89,true,1,23219
5000213000359,false,בירה גינס אקסטרא סטאוט,החברה המרכזית להפצת משקאות בעמ,,בירה גינס בק 330 מל,,330.00,"100 מ""ל",false,1,19.90,5.94,true,1,22817
5000219009295,false,פאל מאל אדום ארוך האוס עשירייה,גלוברנדס בעמ,,פאל מאל אדום ארוך פ,,0.00,,false,1,297.00,0.00,false,1,12612
5000219023772,false,פאקט סיגריות סטרים פילטר פאל מאל) (200,גלוברנדס בעמ - שיווק סיגריות,,פאל מאל כחול סטרים,,0.00,,false,1,297.00,0.00,false,1,12815
5000219120112,false,פאל מאל כחול ארוך סטרים פילטר עשירייה,גלוברנדס בעמ - שיווק סיגריות,,פאל מאל א.סטרים,,0.00,,false,1,297.00,0.00,false,1,14386
5000267014203,false,וויסקי ג'וני ווקר אדום,אלכוהול (איי.בי.בי),,גוני ווקר אדום 700,,700.00,"100 מ""ל",false,1,89.90,12.80,false,1,2194
5000267014234,false,וויסקי ג'וני ווקר רד לייבל Red label,החברה המרכזית להפצת משקאות בעמ,,גוני ווקר אדום 700,,700.00,"100 מ""ל",false,1,89.90,12.80,false,1,20610
5000267024202,false,וויסקי ג'וני ווקר שחור,אלכוהול (איי.בי.בי),,גוני ווקר שחור 700,,700.00,"100 מ""ל",false,1,169.00,24.10,false,1,14651
5000267024233,false,"וויסקי ג'וני בלאק לייבל עם פורר 700מ""ל",החברה המרכזית להפצת משקאות בעמ,,גוני ווקר שחור 700,,700.00,"100 מ""ל",false,1,169.00,24.10,false,1,20513
5000267171579,false,"וויסקי פוקט ג וני ווקר אדום 200מ""ל 40%.",החברה המרכזית להפצת משקאות בעמ,,גוני ווקר אדום 200,,200.00,"100 מ""ל",false,1,40.00,19.85,true,1,19951
5000267171654,false,"וויסקי פוקט ג וני ווקר שחור 200מ""ל 40%.",החברה המרכזית להפצת משקאות בעמ,,גוני ווקר שחור 200,,200.00,"100 מ""ל",false,1,60.00,29.85,true,1,19950
5000289925440,false,גין גורדון בקבוק 700,החברה המרכזית להפצת משקאות-אלכ,,גין גורדון 700 מל,,700.00,"100 מ""ל",false,1,99.90,14.23,true,1,21282
5000394098756,false,סוללות AA פלוס פאוור דורסל) (6,דיפלומט מפיצים (1968) בעמ,,דורסל 6 סוללות AA +P,,0.00,,false,1,22.00,0.00,false,1,17991
5000394098886,false,שישיית סוללות דורסל AAA פלוס פאור,דיפלומט מפיצים (1986) בע`מ,,דורסל 6סוללות AAA +P,,0.00,,false,1,22.00,0.00,false,1,17992
5000394140820,false,שישיות סוללות AA פלוס פאוור דורסל,דיפלומט מפיצים (1986) בע`מ,,דורסל שישיות AA פלוס,,0.00,,false,1,22.00,0.00,false,1,21713
5000394140851,false,רבעיות סוללות דורסל AA פלוס פאוור,פרוקטר אנד גמבל,,דורסל רביעיות AAפלוס,,0.00,,false,1,9.90,0.00,false,1,23102
5000394141117,false,סוללות דורסל רביעיות AAA פלוס פאוור 100%,פרוקטר אנד גמבל,,דורסל רביעיות AAA פ,,0.00,,false,1,9.90,0.00,false,1,23103
5000394141209,false,שישיות סוללות AAA פלוס פאוור דורסל,דיפלומט מפיצים (1986) בע`מ,,דורסל שישיות AAA +,,0.00,,false,1,22.00,0.00,false,1,21659
5010103943024,false,וויסקי ג`יי אנד בי פוקט 40%,החברה המרכזית להפצת משקאות בעמ,,גיי אנד בי 200 מל,,200.00,"100 מ""ל",false,1,40.00,19.85,true,1,19949
5010106113493,false,"וויסקי בלנטיי'נס 200 מ""ל",Unknown,,וויסקי בלנטיינס 200,,200.00,"100 מ""ל",false,1,36.90,18.30,true,1,21057
5010232964211,false,דורקס EXTRA SAFE - קונדומים שקופים עבים,דורקס Durex,,דורקס Extra Safe 12,,12.00,יחידה,false,1,49.90,4.16,true,1,9003
5010232964228,false,דורקס THIN FEEL - קונדומים דקים להגברת התחושה,דורקס Durex,,דורקס Thin Feel 12,,12.00,יחידה,false,1,49.90,4.16,true,1,8999
5010232967588,false,Durex extra safe,Unknown,,Durex extra safe,,0.00,,false,1,20.00,0.00,true,1,2452
5010327000046,false,"וויסקי גרנטס וויסקי 700 מ""ל","וויליאם גראנט ובניו בע""\",,וויסקי גרנטס 700,,700.00,"100 מ""ל",false,1,102.00,14.53,true,1,1167
5010327208107,false,"גרנטס וויסקי 200מ""ל",וויליאם גרנט,,גרנטס 200 מל,,200.00,"100 מ""ל",false,1,29.90,14.80,false,1,23368
5010677551281,false,בריזר לימון בבקבוק בקרדי (275 מל),בקרדי בריזר Bacardi Breezer,,בקרדי בריזר לימון275,,275.00,"100 מ""ל",false,1,18.90,6.76,true,1,932
5010677552387,false,"בקרדי בריזר אננס 275 מ""ל בקבוק",בקרדי בריזר Bacardi Breezer,,בקרדי בריזר אננס 275,,275.00,"100 מ""ל",false,1,18.90,6.76,true,1,3485
<<<<<<< HEAD
5010677554398,false,"בקרדי בריזר אבטיח 275 מ""ל בקבוק",בקרדי בריזר Bacardi Breezer,,בקרדי בריזר אבטיח275,,275.00,"100 מ""ל",false,1,18.90,6.76,true,1,933
5010677850100,false,וודקה גריי גוס בקבוק,בקרדי מרטיני,,וודקה גרייגוס 700מל,,700.00,"100 מ""ל",false,1,165.00,23.53,false,1,18452
5011007003005,false,"וויסקי אירי, ג'יימסון, 700 מ''ל",אייריש דיסטילרז,,וויסקי גיימסון,,700.00,"100 מ""ל",false,1,139.90,19.94,true,1,7587
=======
5010677554398,false,בריזר אבטיח בבקבוק בקרדי (275 מל),בקרדי בריזר Bacardi Breezer,,בקרדי בריזר אבטיח275,,275.00,"100 מ""ל",false,1,18.90,6.76,true,1,933
5010677850100,false,"וודקה צרפתית גריי גוס 700מ""ל",בקרדי מרטיני,,וודקה גרייגוס 700מל,,700.00,"100 מ""ל",false,1,165.00,23.53,false,1,18452
5011007003005,false,"וויסקי אירי, ג'יימסון, 700 מ''ל",טמפו משקאות בע`מ,,וויסקי גיימסון,,700.00,"100 מ""ל",false,1,139.90,19.94,true,1,7587
>>>>>>> d048ac2f4f281c9d788043ab4e81b61b0dbe3743
5011417577011,false,Durex Ultra Thin,Unknown,,Durex Ultra Thin,,0.00,,false,1,49.90,0.00,true,1,23846
5014271310428,false,מעדן דובדבנים שחורים ללא תוספת סוכר 284 גרם,סאן דלפור - שמבור,,מעדן דובדבנים שחורים,,284.00,100 גרם,false,1,21.90,7.71,true,1,23979
5014271350424,false,מעדן ארבעה פירות ללא תוספת סוכר 284 גרם,סאן דלפור - שמבור,,מעדן ארבעה פירות,,284.00,100 גרם,false,1,21.90,7.71,true,1,24092
5014271360423,false,"מעדן תפוזים לל""ס סאן דלפור 284 גרם",סאן דלפור - שמבור,,סנדלפור תפוז ל.סוכר,,284.00,100 גרם,false,1,23.00,8.10,true,1,23078
5014271400426,false,"מעדן בטעם תות שדה לל""ס סאן דלפור 284 גרם",סאן דלפור - שמבור,,מעדן פרי תות שדה,,284.00,100 גרם,false,1,21.90,7.71,true,1,10703
5014379009972,false,בירה לאגר באדוויזר פחית 500 מל,הכרם -משקאות חריפים בע`מ,,באדוויזר פחית 500 מל,,500.00,"100 מ""ל",false,1,17.00,3.34,true,1,22805
5024546366609,false,"וויסקי 700 מ""ל LAUDERS SCOTCH",מקדוף אינטרנשנל דיסט,,ויסקי לאודרס 0.7,,700.00,"100 מ""ל",false,1,89.90,12.80,true,1,21283
5035766044673,false,"סטרונגבואו גולד, סיידר תפוחים אלכוהולי, בקבוק 330 מ''ל",האי נאם סי או אל.טי.,,סטרונגבאו סיידר תפוח,,330.00,"100 מ""ל",false,1,12.00,3.55,true,1,13589
5035766044772,false,סיידר תפוחים סטרונגבאו 330 בקבוק רביעייה,טמפו משקאות בעמ,,רביעיית סטרונגבואו,,1.32,1 ליטר,false,1,44.90,33.11,false,1,13605
5038483207949,false,דורקס THIN FEEL קונדומים דקים במיוחד,דורקס Durex,,דורקס Intimate Feel,,12.00,יחידה,false,1,49.90,4.16,true,1,17074
5038483574386,false,שלשיית קונדומים durex אדום,רקיט בנקיזר הלת'קר,,דורקס Thin Feel,,12.00,יחידה,false,1,20.00,1.67,true,1,8003
5038483574416,false,קונדום דורקס אקסטרא סייף 3,רקיט בנקיזר הלת'קר,,דורקס Extra Safe,,12.00,יחידה,false,1,20.00,1.67,true,1,7783
5038483578780,false,שלישיית קונדומים durex סגול,רקיט בנקיזר הלת'קר,,דורקס Intimate Feel,,12.00,יחידה,false,1,20.00,1.67,true,1,10464
5038483683248,false,דורקס קונדומים Pleasure Me 3,Unknown,,Durex Pleasure,,0.00,,false,1,20.00,0.00,true,1,23847
5038483867198,false,דורקס קונדומים Featherlite Ultra 3,Unknown,,Fetherlite Ultra 3,,0.00,,false,1,20.00,0.00,true,1,23848
5052197045215,false,Durex Extra Safe 12,Unknown,,Durex Extra Safe 12,,0.00,,false,1,49.90,0.00,true,1,23849
5053744535265,false,ש.משקפות מבוגרים,Unknown,,ש.משקפות מבוגרים,,0.00,,false,1,99.00,0.00,false,1,21134
5056357900925,false,סניקרס חטיף חלבון חמאת בוטנים 57 גרם,פארם אקספרס,,סניקרס פרוטאין,,57.00,100 גרם,false,1,17.90,31.40,true,1,20735
5056357901427,false,אם אנד אם חטיף חלבון שוקולד 51 גרם,פארם אקספרס,,ח.חלבון m&m שוקולד,,51.00,100 גרם,false,1,17.90,35.10,true,1,21890
5056357901441,false,אם אנד אם חטיף חלבון בוטנים 51 גרם,פארם אקספרס,,ח.חלבון m&m בוטנים,,51.00,100 גרם,false,1,17.90,35.10,true,1,21891
5056357903834,false,באונטי מעושר בחלבון 52 גרם,מארס יורק אנגליה,,באונטי מ.חלבון 52ג,,52.00,100 גרם,false,1,17.90,34.42,true,1,22650
5060122034401,false,"משקה מארס 350 מ""ל",Unknown,,משקה מרס 350 מל,,350.00,"100 מ""ל",false,1,13.90,3.97,true,1,23417
5060122034487,false,"משקה באונטי 350 מ""ל",Unknown,,משקה באונטי 350 מל,,350.00,"100 מ""ל",false,1,13.90,3.97,true,1,23418
5060122036849,false,"משקה סניקרס 350 מ""ל",Unknown,,משקה סניקרס 350 מל,,350.00,"100 מ""ל",false,1,13.90,3.97,true,1,23419
5060221201391,false,גרנייד בטעם קרמל chaos,גרנייה,,גרנייד קרמל 60 גרם,,60.00,100 גרם,false,1,17.90,29.83,true,1,23104
5060221201575,false,חטיף חלבון גרנייד בטעם קרם עוגיות,LTD (UK) GRENADE,,ח.חלבון גרנייד ק.עוג,,60.00,100 גרם,false,1,17.90,29.83,true,1,21892
5060221201605,false,חטיף חלבון גרנייד פאדג',LTD (UK) GRENADE,,ח.חלבון גרנייד פאדג,,60.00,100 גרם,false,1,17.90,29.83,true,1,21893
5060221201810,false,גרנייד בטעם שוקולד לבן עוגיות,LTD (UK) GRENADE,,גרנייד ש.לבן 60ג,,60.00,100 גרם,false,1,17.90,29.83,true,1,23105
5060221203753,false,חטיף חלבון גרנייד בטעם חמאת בוטנים,LTD (UK) GRENADE,,ח.חלבון גרנייד בוטן,,60.00,100 גרם,false,1,17.90,29.83,true,1,21894
5060221203937,false,גרנייד בטעם שוקוצ'יפס בצק עוגיות,LTD (UK) GRENADE,,גרנייד שוקוציפס 60ג,,60.00,100 גרם,false,1,17.90,29.83,true,1,23106
5060221206860,false,חטיף חלבון בטעם קרמל מלוח ושוקולד 60 ג' Grenade,LTD (UK) GRENADE,,ח.חלבון גרנייד קרמל,,60.00,100 גרם,false,1,17.90,29.83,true,1,21895
5060317322122,false,"UFIT - משקה חלבון בטעם קרמל מלוח 330 מ""ל",לאקסה אס.אי,,מ.חלבון קרמל מלוח,,330.00,"100 מ""ל",false,1,14.90,4.52,true,1,23440
5060317322146,false,"UFIT - משקה חלבוI בטעם שוקולד לבן 330 מ""ל",לאקסה אס.אי,,מ.חלבון ש.לבן UFIT,,330.00,"100 מ""ל",false,1,14.90,4.52,true,1,23441
5060402908248,false,סניקרס חטיף חלבון 55 גרם,פארם אקספרס,,סניקרס פרוטאין 55 ג,,55.00,100 גרם,false,1,17.90,32.55,true,1,20736
5060402908286,false,מארס חטיף חלבון 59 גרם,פארם אקספרס,,מארס פרוטאין,,59.00,100 גרם,false,1,17.90,30.34,true,1,20737
5060402909542,false,מארס חטיף חלבון קרמל מלוח 59 גרם,פארם אקספרס,,מארס פרוטאין קרמל,,59.00,100 גרם,false,1,17.90,30.34,true,1,20738
5060424705368,false,WARRIOR - חטיף חלבון קראנץ' בטעם קרמל מלוח,וורקווין,,WARRIOR קרמל מלוח,,64.00,100 גרם,false,1,14.90,23.28,true,1,23187
5060424705467,false,WARRIOR - חטיף חלבון קראנץ' בטעם שוקולד לבן,"KBF תעשיות בע""מ UK",,WARRIOR ש.לבן,,64.00,100 גרם,false,1,14.90,23.28,true,1,23188
5060424705511,false,WARRIOR - חטיף חלבון קראנץ' בטעם שוקולד וקוקוס,תעשיות מזון בלאבאן,,WARRIOR שוקולד קוקוס,,64.00,100 גרם,false,1,14.90,23.28,true,1,23189
5060424705535,false,חטיף חלבון WARRIOR בטעם שוקולד מריר ובוטנים,"KBF תעשיות בע""מ UK",,WARRIOR ש.מריר בו,,64.00,100 גרם,false,1,14.90,23.28,true,1,23190
5060517886486,false,"משקה אנרגיה מונסטר אנרג'י בפחית 500 מ""ל",החברה המרכזית להפצת משקאות בעמ,,מונסטר אנרגי 500,,500.00,"100 מ""ל",false,1,10.90,2.12,true,1,19389
5060517886516,false,"משקה אנרגיה מונסטר אנרג'י זירו בפחית 500 מ""ל",החברה המרכזית להפצת משקאות בעמ,,מונסטר אנרגי זירו,,500.00,"100 מ""ל",false,1,10.90,2.12,true,1,19390
5060517886547,false,מונסטר אנרגי משקה אנרגיה דה דוקטור 500 מ,Monster energy סרביה,,מונסטר רוסי 500,,500.00,"100 מ""ל",false,1,9.90,1.92,true,1,19391
5060639128051,false,"משקה אנרגיה מונסטר אולטרה בפחית 500 מ""ל",החברה המרכזית להפצת משקאות בעמ,,מונסטר אולטרה 500מל,,500.00,"100 מ""ל",false,1,10.90,2.12,true,1,20029
5060639129102,false,"משקה אנרגיה מונסטר אנרג'י מנגו בפחית 500 מ""ל",החברה המרכזית להפצת משקאות בעמ,,מונסטר מנגו לוקו,,500.00,"100 מ""ל",false,1,10.90,2.12,true,1,20739
5060751218173,false,"משקה אנרגיה מונסטר אנרג'י piplin punch בפחית 500 מ""ל",החברה המרכזית להפצת משקאות בעמ,,מונסטר פייפליין פאנץ,,500.00,"100 מ""ל",false,1,10.90,2.12,true,1,22903
5060751219033,false,"משקה אנרגיה מונסטר אנרג'י זירו paradise בפחית 500 מ""ל",החברה המרכזית להפצת משקאות בעמ,,מונסטר אולטרה פר,,500.00,"100 מ""ל",false,1,10.90,2.12,true,1,22904
5060756341005,false,RAW חטיף חלבון ש.שועל קרמל מלוח 75 גרם,Unknown,,WARRIOR אפוי ק.מלוח,,75.00,100 גרם,false,1,9.90,13.20,true,1,23191
5060756342781,false,חטיף חלבון WARRIOR בטעם קרם עוגיות,"KBF תעשיות בע""מ UK",,WARRIOR קרם עוגיות,,64.00,100 גרם,false,1,14.90,23.28,true,1,23192
5060756342972,false,WARRIORאפוי ק.עוגיות,Unknown,,WARRIORאפוי ק.עוגיות,,75.00,100 גרם,false,1,9.90,13.20,true,1,23193
5060756343702,false,WARRIORחטיף חלבון קר,תעשיות מזון בלאבאן,,WARRIOR פ.שוקולד,,64.00,100 גרם,false,1,14.90,23.28,true,1,23304
5060902991818,false,ס.א אייס נענע,Unknown,,ס.א אייס נענע,,0.00,,false,1,99.90,0.00,false,1,23715
5060902991870,false,ס.א. אייס אוכמניות,Unknown,,ס.א. אייס אוכמניות,,0.00,,false,1,99.90,0.00,false,1,23719
5060902991887,false,ס.א אייס מלון,Unknown,,ס.א אייס מלון,,0.00,,false,1,99.90,0.00,false,1,23716
5060902991917,false,ס.א. חמוציות,Unknown,,ס.א. חמוציות,,0.00,,false,1,99.90,0.00,false,1,23714
5060902991924,false,ס.א .אייס ענבים,Unknown,,ס.א .אייס ענבים,,0.00,,false,1,99.90,0.00,false,1,23712
5060902991948,false,ס. א.סוכריה,Unknown,,ס. א.סוכריה,,0.00,,false,1,99.90,0.00,false,1,23713
5060902991962,false,ס.א.אייס אפרסק,Unknown,,ס.א.אייס אפרסק,,0.00,,false,1,99.90,0.00,false,1,23717
5060902991993,false,ס.תות בננה 3000 שאיפ,Unknown,,ס.תות בננה 3000 שאיפ,,0.00,,false,1,99.90,0.00,false,1,24186
5060902992013,false,ס.א.אייס אננס,Unknown,,ס.א.אייס אננס,,0.00,,false,1,99.90,0.00,false,1,23718
5099873017623,false,"וויסקי גק דניאלס טנסי אפל 700 מ""ל",ג'ק דניאלס Jack Daniel's,,גק דניאלס תפוח,,700.00,"100 מ""ל",false,1,139.00,19.81,false,1,21527
5099873046173,false,"וויסקי ג'ק דניאלס 200 מ""ל",ג'ק דניאלס,,גק דניאלס 200מל,,200.00,"100 מ""ל",false,1,44.90,22.30,false,1,22378
5200133120506,false,גליליות וופלים אגוזים וקקאו גולדן ברייק 150 גרם.,קוארטט אס.אי,,גליליות גולדן ברייק,,150.00,100 גרם,false,1,9.50,6.33,true,1,17345
5201360521241,false,קרואסון במילוי ק.קקאו65ג,אס.סי. צי'פיטה,,סבן דייז ק.שוקולד,,65.00,100 גרם,false,1,5.50,8.46,true,1,21594
5201360528769,false,קרואסון אישי במילוי,ציפיטה,,סבן דייז ק.וניל,,65.00,100 גרם,false,1,5.50,8.46,true,1,21595
5201583750411,false,זירו-סוכריות ללא סוכר בטעם לימון עם סטיב,איתן,,ZERO סוכריות לימון,,32.00,100 גרם,false,1,8.90,27.81,true,1,21714
5201583751418,false,סוכריות זירו אייס בלו סטיביה ללא סוכר 32 ג',איתן,,ZEROסוכריות א.בלו,,32.00,100 גרם,false,1,8.90,27.81,true,1,21715
5201583752118,false,סוכריות ללא סוכר בטעם חמאה במילוי שוקולד,איתן,,Z ס.חמאה ק.שוקולד,,36.00,100 גרם,false,1,8.90,24.72,true,1,21716
5201583752217,false,סוכריות ללא סוכר בטעם מנטה במילוי שוקולד,איתן,,ZERO.מנטה ק.שוקולד,,36.00,100 גרם,false,1,8.90,24.72,true,1,21717
5208049000639,false,רוטמנס כחול ארוך חפיסה,Unknown,,רוטמנס כחול ארוך,,0.00,,false,1,29.00,0.00,false,1,18453
5208049000646,false,רוטמנס כחול ארוך פאקט,Unknown,,רוטמנס כ.ארוך פאקט,,0.00,,false,1,277.00,0.00,false,1,21863
5208049000660,false,פאל מאל דאבל קפסולה חפיסה,גלוברנס,,פאל מאל הוואנה,,0.00,,false,1,30.50,0.00,false,1,18738
5208049000677,false,פאלמאל דאבל פאקט,Unknown,,פאלמאל דאבל פאקט,,0.00,,false,1,297.00,0.00,false,1,18739
5208049001452,false,גולדן וירג`יניה ירוק 30 גר`בודד+נייר גל,גלוברנדס בעמ - שיווק סיגריות,,גולדן.ו ירוק 30+נייר,,0.00,,false,1,71.00,0.00,true,1,18973
5208049001483,false,גולדן וירגיניה לבן 30 גר+נייר PP יחידה,Unknown,,גולדן.ו לבן 30ג+נייר,,0.00,,false,1,71.00,0.00,true,1,18874
5208049001513,false,גולדן וירגיניה צהוב30 גר+נייר לגלגול יח,Unknown,,גולדן.ו צהוב30ג+נייר,,0.00,,false,1,71.00,0.00,true,1,18875
<<<<<<< HEAD
5208049001841,false,סיגריות פאל מאל דמי קפסולה,גלוברנס,,פאל מאל דמי קפסולה,,0.00,,false,1,26.50,0.00,false,1,18851
5208049001858,false,פאל מאל דמי קפסולות עשיריה,גלוברנס,,פאל מאל דמי- פאקט,,0.00,,false,1,257.00,0.00,false,1,18852
5208049002473,false,קנט ארוך קופסא בודדת,Unknown,,קנט ארוך חפיסה,,0.00,,false,1,38.50,0.00,false,1,18888
5208049002480,false,סיגריות קנט קלאסי אר,Unknown,,קנט ארוך חפיסה קשה,,0.00,,false,1,372.00,0.00,false,1,18889
=======
5208049001841,false,סיגריות פאל מאל דמי קפסולה,גלוברנדס גרופ בעמ,,פאל מאל דמי קפסולה,,0.00,,false,1,26.50,0.00,false,1,18851
5208049001858,false,פאל מאל דמי קפסולות עשיריה,גלוברנדס בעמ,,פאל מאל דמי- פאקט,,0.00,,false,1,257.00,0.00,false,1,18852
5208049002473,false,קנט ארוך קופסא בודדת,גלוברנדס בעמ,,קנט ארוך חפיסה,,0.00,,false,1,38.50,0.00,false,1,18888
5208049002480,false,סיגריות קנט קלאסי אר,גלוברנדס בעמ,,קנט ארוך חפיסה קשה,,0.00,,false,1,372.00,0.00,false,1,18889
>>>>>>> d048ac2f4f281c9d788043ab4e81b61b0dbe3743
5208049004408,false,סיגריות רוטמנס סילבר,גלוברנס,,רוטמנס סילבר חפיסה,,0.00,,false,1,29.00,0.00,false,1,20508
5208049004415,false,רוטמנס סילבר פאקט,Unknown,,רוטמנס סילבר פאקט,,0.00,,false,1,277.00,0.00,false,1,20509
5208049004781,false,פאל מאל ברי דמי סלימס קופסא,Unknown,,פאל מאל ברי דמי,,0.00,,false,1,26.50,0.00,false,1,20396
5208049004798,false,פאל מאל ברי דמי,Unknown,,פאל מאל ברי דמי,,0.00,,false,1,257.00,0.00,false,1,20397
5208049005719,false,פאל מאל אננס דמ י סלימס חפיסה,Unknown,,ס.דמי אננס מאל חפיסה,,0.00,,false,1,26.50,0.00,false,1,21935
5208049005726,false,ס.דמי אננס מאל פאקט,Unknown,,ס.דמי אננס מאל פאקט,,0.00,,false,1,257.00,0.00,false,1,21938
<<<<<<< HEAD
5208049006594,false,פאל מאל אקסטרה כחול קופסה,Unknown,,פאל מאל א.כחול חפיסה,,0.00,,false,1,29.00,0.00,false,1,23466
=======
5208049006594,false,פאל מאל אקסטרה כחול קופסה,גלוברנדס בעמ - שיווק סיגריות,,פאל מאל א.כחול חפיסה,,0.00,,false,1,29.00,0.00,false,1,23466
>>>>>>> d048ac2f4f281c9d788043ab4e81b61b0dbe3743
5208049006600,false,פאל מאל אקסטרה כחול פאקט,Unknown,,פאל מאל א.כחול פאקט,,0.00,,false,1,277.00,0.00,false,1,23468
5208049006624,false,פאל מאל אקסטרה סילבר קופסה,גלוברנדס בעמ - שיווק סיגריות,,פאלמאל א.סילבר חפיסה,,0.00,,false,1,29.00,0.00,false,1,23467
5208049006631,false,פאל מאל אקסטרה סילבר פקט,Unknown,,פאל מאל א.סילבר פאקט,,0.00,,false,1,277.00,0.00,false,1,23469
5208049006655,false,פאל מאל אקסטרה מנדרינה קופסה,גלוברנדס בעמ,,פאל מאל א.מנדרינה,,0.00,,false,1,29.00,0.00,false,1,23905
5208049006662,false,פאלמאל אקסטרה מנדרינה פק,גלוברנדס בעמ,,פ.מאל א.מנדרינה פאקט,,0.00,,false,1,277.00,0.00,false,1,23906
5391523057943,false,סימילאק גולד שלב 3 תרכובת מזון על בסיס חלב,אבוט מעבדות רפואיות,,סימילאק גולד שלב 3,,700.00,100 גרם,false,1,94.90,13.56,true,1,23080
5391523058087,false,סימילאק אדבנס פלוס 2 תרכובת מזון על בסיס חלב,טרופיקל דגיל תעשיות,,סימילאק אדוונס+שלב2,,700.00,100 גרם,false,1,79.90,11.41,true,1,23079
5410126006339,false,לוטוס ביסקויט בטעם קרמל 124ג,דיפלומט מפיצים (1968) בעמ**,,לוטוס ביסקוויט 124ג,,124.00,100 גרם,false,1,11.00,8.87,true,1,13500
5410126106022,false,לוטוס ביסקויט מארז חג 2*250ג.,דיפלומט מפיצים (1968) בעמ**,,מארז לוטוס 250*2,,500.00,100 גרם,false,1,19.90,3.98,true,1,23536
5410126116953,false,ממרח ביסקוויט קרמל לוטוס (400 גרם),דיפלומט מפיצים (1968) בעמ**,,לוטוס ממרח ביסקוויט,,400.00,100 גרם,false,1,23.00,5.75,true,1,24000
5410126666038,false,"ביסקוויט קרמל לוטוס 279 גרם בד""צ",דיפלומט מפיצים (1968) בעמ**,,עוגיות לוטוס 279ג,,279.00,100 גרם,false,1,16.90,6.06,true,1,24093
5410126716016,false,"עוגיות לוטוס ביסקויט קרמל בד""צ 250 גרם",דיפלומט מפיצים (1968) בעמ**,,לוטוס ביסקוויט 250,,250.00,100 גרם,false,1,15.90,6.36,true,1,5884
5410228217732,false,"בירה סטלה ארטואה 440מ""ל פחית.",מנדלז סי.אר. פרודקשן,,סטלה פחית 440 מל,,400.00,"100 מ""ל",false,1,17.00,4.18,true,1,22283
5410228267508,false,"באדוויזר בקבוק 330 מ""ל - 5% אלכוהול",הכרם - משקאות חריפים בעמ,,באדווייזר בירה בקבוק,,330.00,"100 מ""ל",false,1,15.00,4.45,true,1,19674
5410228267515,false,"שישיית בירה לאגר באדוויזר 6*330 מ""ל",הכרם - משקאות חריפים בעמ,,בירה באדווייזר 6יח,,1.98,1 ליטר,false,1,49.90,24.29,true,1,19869
5410316233446,false,וודקה סמירנוף אדום 2,דיאג'ו סקוטלנד בעמ,,וודקה סמירנוף 200 מל,,200.00,"100 מ""ל",false,1,25.00,12.35,true,1,17227
5410316983693,false,וודקה סמירנוף אייס בודד 275 מ``ל.,החברה המרכזית להפצת משקאות בעמ,,סמירנוף אייס,,275.00,"100 מ""ל",false,1,22.00,7.89,true,1,1597
5410316994019,false,וודקה סמירנוף אדום (700 מל),החברה המרכזית להפצת משקאות-אלכ,,וודקה סמירנוף 700מל,,700.00,"100 מ""ל",false,1,85.00,12.10,true,1,12313
5411081003654,false,"קסטיל בירה רוז 330 מ""ל",מבשלת קסטל ואן הונסב,,קסטיל רוז 330 מל,,330.00,"100 מ""ל",false,1,12.00,3.55,true,1,23427
5411188110835,false,אלפרו חלב סויה שקדים וניל 1ל',הנסיך- מפעל לייצור ט,,אלפרו משקה שקדים 1 ל,,1.00,1 ליטר,false,1,17.00,17.00,true,1,21604
5411188115366,false,משקה קוקוס אלפרו 1 ליטר משקה שיבולת שועל 1 ליטר,הנסיך- מפעל לייצור ט,,אלפרו שיבולת שועל 1ל,,1.00,1 ליטר,false,1,19.00,19.00,true,1,21606
5411188115472,false,משקה סויה אלפרו 1 ליטר,הנסיך- מפעל לייצור ט,,אלפרו חלב סויה 1ל,,1.00,1 ליטר,false,1,17.00,17.00,true,1,21605
5411188127697,false,אלפרו משקה בריסטה שיבולת שועל 1 ליטר,הנסיך- מפעל לייצור ט,,אלפרו בריסטה ש שועל,,1.00,1 ליטר,false,1,19.00,19.00,true,1,21865
<<<<<<< HEAD
5411188133476,false,אלפרו משקה סויה שוקו+חלבון 250 גרם בית יוסף,אלפרו C.V.A,,אלפרו סויה שוקו 250,,250.00,100 גרם,false,1,8.20,3.28,true,1,24136
5411188133490,false,אלפרו משקה סויה קפה קרמל+חלבון 250 גרם בית יוסף,אלפרו C.V.A,,אלפרו פרוטאין ק.קרמל,,250.00,"100 מ""ל",false,1,8.20,3.28,true,1,24137
5411188134985,false,אלפרו 3.5% NOT M*LK שיבולת שועל 1 ליטר בית יוסף,הנסיך- מפעל לייצור ט,,אלפרו NM 3.5% ש.שועל,,1.00,1 ליטר,false,1,17.00,17.00,true,1,21805
5411188135005,false,אלפרו 1.8% NOT M*LK שיבולת שועל 1 ליטר בית יוסף,הנסיך- מפעל לייצור ט,,אלפרו NM ש.שועל 1.8%,,1.00,1 ליטר,false,1,17.00,17.00,true,1,21806
5411188513483,false,"סויה לבישול 14% שומן אלפרו 250 מ""ל",אלפרו C.V.A,,אלפרו סויה לבישול14%,,250.00,"100 מ""ל",false,1,9.90,3.96,false,1,24145
5411188543398,false,משקה סויה ללא סוכר אלפרו 1 ליטר,הנסיך- מפעל לייצור ט,,אלפרו סויה ל.סוכר,,1.00,1 ליטר,false,1,17.00,17.00,true,1,24071
5411686700118,false,"בירה לינדמנס פרוטס 250 מ""ל",לפימנס,,ליפמנס פ.רוקס 250מל,,250.00,"100 מ""ל",false,1,21.00,8.28,true,1,22823
5413149655522,false,"אבקת כביסה שושן צחור 1.25 ק""ג אריאל",פרוקטר אנד גמבל,,אריאל א.כ שושן צחור,,1.25,"1 ק""ג",false,1,22.00,17.60,true,1,10696
=======
5411188133476,false,אלפרו משקה סויה שוקו+חלבון 250 גרם בית יוסף,שטראוס גרופ בעמ/מצונן,,אלפרו סויה שוקו 250,,250.00,100 גרם,false,1,8.20,3.28,true,1,24136
5411188133490,false,אלפרו משקה סויה קפה קרמל+חלבון 250 גרם בית יוסף,שטראוס גרופ בעמ/מצונן,,אלפרו פרוטאין ק.קרמל,,250.00,"100 מ""ל",false,1,8.20,3.28,true,1,24137
5411188134985,false,אלפרו 3.5% NOT M*LK שיבולת שועל 1 ליטר בית יוסף,שטראוס גרופ בעמ/מצונן,,אלפרו NM 3.5% ש.שועל,,1.00,1 ליטר,false,1,17.00,17.00,true,1,21805
5411188135005,false,אלפרו 1.8% NOT M*LK שיבולת שועל 1 ליטר בית יוסף,שטראוס גרופ בעמ/מצונן,,אלפרו NM ש.שועל 1.8%,,1.00,1 ליטר,false,1,17.00,17.00,true,1,21806
5411188513483,false,"סויה לבישול 14% שומן אלפרו 250 מ""ל",שטראוס גרופ בעמ/מצונן,,אלפרו סויה לבישול14%,,250.00,"100 מ""ל",false,1,9.90,3.96,false,1,24145
5411188543398,false,משקה סויה ללא סוכר אלפרו 1 ליטר,הנסיך- מפעל לייצור ט,,אלפרו סויה ל.סוכר,,1.00,1 ליטר,false,1,17.00,17.00,true,1,24071
5411686700118,false,בירה לימפנס פרוטס 4.2% אלכוהול 250 מ`ל,הכרם -משקאות חריפים בע`מ,,ליפמנס פ.רוקס 250מל,,250.00,"100 מ""ל",false,1,21.00,8.28,true,1,22823
5413149655522,false,"אבקת כביסה שושן צחור 1.25 ק""ג אריאל",דיפלומט מפיצים (1986) בע`מ,,אריאל א.כ שושן צחור,,1.25,"1 ק""ג",false,1,22.00,17.60,true,1,10696
>>>>>>> d048ac2f4f281c9d788043ab4e81b61b0dbe3743
5450524055997,false,מרילנד אדום -פאקט,Unknown,,מרילנד אדום -פאקט,,0.00,,false,1,275.00,0.00,false,1,15758
5450524056017,false,מרילנד בלו,Unknown,,מרילנד בלו,,0.00,,false,1,275.00,0.00,false,1,22133
5701932026964,false,"הוטפופ גרעיני תירס להכנת פופקורן במיקרוגל בטעם טבעי, בתוספת מלח, 600 גרם",ליימן שליסל בע`מ,,הוטפופ מלוח 600 גר,,600.00,100 גרם,false,1,24.90,4.15,true,1,9085
5701932026971,false,הוטפופ גרעיני תירס להכנת פופקורן במיקרוגל בטעם חמאה 600 גרם,ליימן שליסל בע`מ,,הוטפופ פופקורן חמאה,,600.00,100 גרם,false,1,24.90,4.15,true,1,1446
5701932026995,false,"הוטפופ גרעיני תירס להכנת פופקורן במיקרוגל בטעם טבעי מופחת שומן, 510 גרם",קריניציה ויטמינה אס,,הוטפופ לייט 510 גר,,510.00,100 גרם,false,1,24.90,4.88,true,1,22272
5710840126130,false,טבק לעישון באלי תכלת,Unknown,,טבק באלי שאג תכלת,,0.00,,false,1,99.00,0.00,false,1,14759
5710840186615,false,באלי סילבר אמריקן בל,Unknown,,באלי סילבר 40 גר,,0.00,,false,1,99.00,0.00,true,1,21934
5710840209437,false,טבק באלי נטורל 40 גר`בודד,סקמדינביין טובקו,,טבק באלי נטורל 40גר,,0.00,,false,1,99.00,0.00,false,1,19023
5710840210013,false,בא לי שג לבן סופר עדין 40גר,סקמדינביין טובקו,,טבק באלי לבן40גר,,0.00,,false,1,99.00,0.00,false,1,19024
5710840210136,false,בא לי שג אדום-עדין 40גר,סקמדינביין טובקו,,באלי אדום 40 גר,,0.00,,false,1,99.00,0.00,true,1,19361
5710840210167,false,באלישג וירג'יניה 40 גרם,סקנדינביין טובקו,,באלי צהוב 40 גר,,0.00,,false,1,99.00,0.00,false,1,19362
5740900403215,false,ממרח חמאה דנית לורפק עם מלח 250 גרם,שטראוס גרופ בעמ/מצונן,,לורפק חמאה עם מלח250,,250.00,100 גרם,false,1,19.00,7.60,true,1,19152
5740900403239,false,ממרח חמאה דנית לורפק ללא מלח 250 גרם,שטראוס גרופ בעמ/מצונן,,לורפק חמאה ללא מלח,,250.00,100 גרם,false,1,20.00,8.00,true,1,19159
5740900403284,false,חמאה ללא מלח 200 גרם לורפק כשרות או קיי,שטראוס גרופ בעמ/מצונן,,לורפק חמאה ללא מלח,,200.00,100 גרם,false,1,12.50,6.25,true,1,19977
5740900403864,false,חמאה +מלח 200 גרם לורפק כשרות או קיי,שטראוס גרופ בעמ/מצונן,,לורפק חמאה מלח 200 ג,,200.00,100 גרם,false,1,12.50,6.25,true,1,24135
5900020015181,false,חטיף דגנים שוקולד 6* 23.5 ג' פיטנס,מיוצר עי קונדיטוריית,,פיטנס בר אישי שוקולד,,25.00,100 גרם,false,1,6.00,24.00,true,1,10175
5900020018892,false,חטיף בטעם קרם עוגיות 6*23.5 ג' פיטנס,לוביץ',,פיטנס קרם עוגיות,,25.00,100 גרם,false,1,6.00,24.00,true,1,21936
5900020025807,false,נסטלה - דגני סיני מיניס 375 גרם,קבוצת אוסם סחר שותפות מוגבלת,,סיני מיניס 375 גרם,,375.00,100 גרם,false,1,15.90,4.24,true,1,21779
5900020026552,false,דגני בוקר האני נאט צ'יריוס בטעם דבש ושקדים,קבוצת אוסם סחר שותפות מוגבלת,,האני נאט ציריוס חדש,,625.00,100 גרם,false,1,29.90,4.78,true,1,16941
5900020026859,false,צ'ריוס האני נאט 375 גרם,קבוצת אסם סחר,,צריוס האני נאט 375ג,,375.00,100 גרם,false,1,15.90,4.24,true,1,18387
5900020039613,false,חטיף דגנים שקדים ודבש 6*23.5 ג' פיטנס,נסטלה,,פיטנס שקדים ודבש,,25.00,100 גרם,false,1,6.00,24.00,true,1,21937
5900020041142,false,קורנפלקס פיטנס 500 ג' אסם,קבוצת אוסם סחר-שות.מוגבלת,,פיטנס קורנפלקס,,500.00,100 גרם,false,1,20.00,4.00,true,1,23917
5900617035882,false,חטיף חלבון נוטרישיין בטעם שוקולד,סיטי תוספי מזון,,נוטרישיין טעם שוקולד,,50.00,100 גרם,false,1,12.90,25.80,true,1,23195
5900617035905,false,חטיף חלבון נוטרישיין בטעם קרמל מלוח,סיטי תוספי מזון,,נוטרישיין קרמל מלוח,,50.00,100 גרם,false,1,12.90,25.80,true,1,23196
5900617035929,false,חטיף חלבון נוטרישיין בטעם וניל תות יער,סיטי תוספי מזון,,נוטרישיין וניל ת.יער,,50.00,100 גרם,false,1,12.90,25.80,true,1,23226
5900951283963,false,חטיף סניקרס עם חמאת בוטנים Creamy Peanut Butter,"מרס ריגלי ישראל בע""מ",,סניקרס ח.בוטנים,,36.50,100 גרם,false,1,6.50,17.81,true,1,22055
5902198160403,false,XL משקה אנרגיה מוגז ללא סוכר עד 10 קלוריות לפחית 250 מל,"טמפו משקאות בע""\מ",,משקה אנרגיהXL TEN,,250.00,"100 מ""ל",false,1,8.90,3.44,true,1,15883
5903141006694,false,ווג פריזון מנטול עשירייה,Unknown,,ווג פריזון מנטה פאקט,,0.00,,false,1,382.00,0.00,false,1,19940
5903141082766,false,פאל מאל כחול דמי סלימס עשיריה,גלוברנדס בעמ - שיווק סיגריות,,פאל מאל דמי כחול פ,,0.00,,false,1,257.00,0.00,false,1,17516
5903141082780,false,פאל מאל סילבר דמי סלימס עשיריה,גלוברנדס בעמ - שיווק סיגריות,,פאל מאל דמי סילבר פא,,0.00,,false,1,257.00,0.00,false,1,17517
5904941750312,false,"משקה אנרגיה BLU מוחיטו בודד 250 מ""ל",בני פאוזי שמשום (2009) בעמ,,בלו מוחיטו 250 מל,,250.00,"100 מ""ל",false,1,8.90,3.44,true,1,12285
5904941751241,false,"משקה אנרגיה BLU דיי סיקס ללא סוכר 250 מ""ל",בני פאוזי שמשום (2009) בעמ,,בלו דיי 6 קלוריות,,250.00,"100 מ""ל",false,1,5.00,1.88,true,1,20033
5904941751302,false,משקה אנרגיה בפחית בלו (250 מל),בני פאוזי שמשום (2009) בעמ,,בלו משקה אנרגיה,,250.00,"100 מ""ל",false,1,8.90,3.44,true,1,8484
5904941751371,false,"בלו אקזוטי (מלון תפוח) 250 מ""ל בודד",בני פאוזי שמשום (2009) בעמ,,בלו די אקזוטיק,,250.00,"100 מ""ל",false,1,8.90,3.44,true,1,16307
5904941751524,false,"משקה אנרגיה BLU DAY אבטיח בודד 250 מ""ל",בני פאוזי שמשום (2009) בעמ,,בלו די אבטיח 250 מל,,250.00,"100 מ""ל",false,1,8.90,3.44,true,1,12340
5904941751920,false,בלו משקה אנרגיה דיי חצי מכמות הקלו250 מל,בני פאוזי שמשום (2009) בעמ,,בלו דיי מ.אנרגיה,,250.00,"100 מ""ל",false,1,8.90,3.44,true,1,10705
5906485301012,false,משקה אנרגיה XL מוגז פחית 250 מל,טמפו משקאות בע`מ,,משקה אנרגיהXL,,250.00,"100 מ""ל",false,1,8.90,3.44,true,1,4675
5908302600377,false,כסא ים,Unknown,,כסא ים,,0.00,,false,1,69.00,0.00,false,1,18832
5948530002130,false,ווג סופרסלימס כחול עשירייה,גלוברנדס בעמ - שיווק סיגריות,,ווג לידי כחול פאקט,,0.00,,false,1,382.00,0.00,false,1,10802
5948530002147,false,ווג סופרסלימס לילך עשירייה,גלוברנדס בעמ - שיווק סיגריות,,ווג לידי לילך -פאקט,,0.00,,false,1,382.00,0.00,false,1,10801
5997270730315,false,ש.עצי ריח דובדבן,Unknown,,ש.עצי ריח דובדבן,,0.00,,false,1,10.00,0.00,false,1,18567
5997270730322,false,ש.עצי ריח מסטיק,Unknown,,ש.עצי ריח מסטיק,,0.00,,false,1,10.00,0.00,false,1,18568
5997270730339,false,ש.עצי ריח יהלום שחור,Unknown,,ש.עצי ריח יהלום שחור,,0.00,,false,1,10.00,0.00,false,1,18569
5997270780044,false,ש.עצי ריח וניל,Unknown,,ש.עצי ריח וניל,,0.00,,false,1,10.00,0.00,false,1,18570
5997270780051,false,ש.עצי ריח רכב חדש,Unknown,,ש.עצי ריח רכב חדש,,0.00,,false,1,10.00,0.00,false,1,18571
5997270780068,false,ש.עצי ריח אריג צחור,Unknown,,ש.עצי ריח אריג צחור,,0.00,,false,1,10.00,0.00,false,1,18572
5997270780075,false,ש.עצי ריח קוקוס,Unknown,,ש.עצי ריח קוקוס,,0.00,,false,1,10.00,0.00,false,1,18573
5999071007719,false,מצת אלקטרוני חדש,Unknown,,מצת אלקטרוני חדש,,0.00,,false,1,4.00,0.00,true,1,22040
6001051001514,false,לבלו אוכמניות בודד 5.5מל,אלפא,,לבלו שפתון אוכמניות,,4.80,100 גרם,false,1,13.90,289.58,true,1,20530
6001067022558,false,מברשת שיניים קולגייט אקסטרה קלין,קולגייט פלמוליב,,קולגייט אקסטרא בודד,,1.00,יחידה,false,1,7.90,7.90,true,1,16931
6008165003984,false,סיגריות פאל מאל כחול סטרים פילט בודד,גלוברנדס בעמ - שיווק סיגריות,,פאל מאל כחול טיוב,,0.00,,false,1,30.50,0.00,false,1,12814
6008165271192,false,סיגריות פאל מל ארוך אדום בודד,גלוברנדס בעמ - שיווק סיגריות,,פאל מאל אדום ארוך ח,,0.00,,false,1,30.50,0.00,false,1,12611
6008165274629,false,פאל מאל כחול ארוך סטרים פילטר חפיסה,גלוברנדס בעמ - שיווק סיגריות,,פאל מאל טיוב ארוך כח,,0.00,,false,1,30.50,0.00,false,1,14385
6008165276098,false,סיגריות רוטמנס כחול,Unknown,,רוטמנס כחול חפיסה,,0.00,,false,1,29.00,0.00,false,1,16409
6008165276128,false,סיגריות רוטמנס כחול,Unknown,,רוטמנס כחול פאקט,,0.00,,false,1,277.00,0.00,false,1,22144
6412709021660,false,פינלנדיה 375 מל,Unknown,,פינלנדיה 375 מל,,375.00,"100 מ""ל",false,1,62.90,16.69,true,1,21179
6540056915566,false,מסכות כירורגיות 50 י,Unknown,,מארז מסיכות,,50.00,יחידה,false,1,19.90,0.40,false,1,20120
6908235694404,false,אוזניות מיקרופון אוניברסליות,ארטוס,,אוזניות אוניברסליות,,0.00,,false,1,29.90,0.00,false,1,17319
6923432585010,false,תרסיס תיקון פנצר,Unknown,,תרסיס תיקון פנצר,,450.00,"100 מ""ל",false,1,15.00,3.33,true,1,15473
6924994135057,false,מארז מסכות 50יח,Unknown,,מארז מסכות 50יח,,50.00,יחידה,false,1,19.90,0.40,false,1,19931
6928542902795,false,פרש דפי ריענון כחול,שאטו בלוו,,פרש ד.רענון פפרמינט,,14.40,100 גרם,false,1,8.90,61.81,true,1,22602
6928542902801,false,פרש דפי ריענון מנטה,שאטו בלוו,,פרש ד.רענון ספירמנט,,14.40,100 גרם,false,1,8.90,61.81,true,1,22603
6928542902818,false,דפי רענון מנטה אדום,שאטו בלוו,,פרש דפי רענון תות,,14.40,100 גרם,false,1,8.90,61.81,true,1,22604
6935347607329,false,כ.הגה M אלקנטרה שחור,Unknown,,כ.הגה M אלקנטרה שחור,,0.00,,false,1,45.00,0.00,true,1,15474
6935347607411,false,מכסה דלק אוניברסלי,Unknown,,מכסה דלק אוניברסלי,,0.00,,false,1,10.00,0.00,true,1,15475
6935347607787,false,מדחס מתכת HD,Unknown,,מדחס מתכת HD,,0.00,,false,1,179.00,0.00,false,1,19852
6956583171528,false,בריכה מתנפחת ארטוס,Unknown,,בריכה מתנפחת ארטוס,,0.00,,false,1,99.00,0.00,false,1,20117
6971578990625,false,ס.א תפוח HQD,Unknown,,ס.א תפוח HQD,,0.00,,false,1,99.00,0.00,false,1,21919
6971578992155,false,HQD שאיפות בננה,Unknown,,HQD שאיפות בננה,,0.00,,false,1,99.00,0.00,false,1,22996
6971578993220,false,ס.א אבטיח אייס HQD,Unknown,,ס.א אבטיח אייס HQD,,0.00,,false,1,99.00,0.00,false,1,21920
6971578993503,false,HQD מיאמי ויייס,Unknown,,HQD מיאמי ויייס,,0.00,,false,1,99.00,0.00,false,1,23002
6971578994272,false,ס.א מנטה אייס HQD,Unknown,,ס.א מנטה אייס HQD,,0.00,,false,1,99.00,0.00,false,1,21921
6971578994289,false,ס.אלקטרונית תות HQD,Unknown,,ס.אלקטרונית תות HQD,,0.00,,false,1,52.90,0.00,false,1,21922
6971578994296,false,ס.א אננס אייס HQD,Unknown,,ס.א אננס אייס HQD,,0.00,,false,1,52.90,0.00,false,1,21923
6971578994302,false,ס.אלקטרונית מלון HQD,Unknown,,ס.אלקטרונית מלון HQD,,0.00,,false,1,52.90,0.00,false,1,21924
6971578994340,false,HQD סיגריה אלקטרוני,shenzhen shengsi,,ס.א מנגו אייס HQD,,0.00,,false,1,99.00,0.00,false,1,21925
6971578994425,false,ס.א ענבים HQD,Unknown,,ס.א ענבים HQD,,0.00,,false,1,52.90,0.00,false,1,21926
6971578994548,false,HQD סיגריה אלקטרוני,shenzhen shengsi,,ס.א אוכמניות HQD,,0.00,,false,1,99.00,0.00,false,1,21927
6971578996733,false,ס.א פטל אוכמניות HQD,Unknown,,ס.א פטל אוכמניות HQD,,0.00,,false,1,52.90,0.00,false,1,21928
6971578996757,false,סיגריה אלקטרונית גו,shenzhen shengsi,,HQD שאיפות גויאבה,,0.00,,false,1,99.00,0.00,false,1,22998
6971578996818,false,HQD סיגריה אלקטרוני,shenzhen shengsi,,HQD ליצי,,0.00,,false,1,99.00,0.00,false,1,23001
6971578997181,false,ס.א אוכמניות שחורות,shenzhen shengsi,,ס.א אוכמניות שחורות,,0.00,,false,1,99.00,0.00,false,1,21929
6971578998683,false,HQD סיגריה אלקטרוני,shenzhen shengsi,,HQD פירות יער,,0.00,,false,1,99.00,0.00,false,1,22999
6972595228357,false,סוללת גיבוי 10000MAH,Unknown,,סוללת גיבוי 10000MAH,,0.00,,false,1,79.00,0.00,false,1,23369
6972622640374,false,ג.מתנפח חד קרן,Unknown,,ג.מתנפח חד קרן,,0.00,,false,1,79.00,0.00,false,1,21430
6972622640381,false,גלגל מתנפח פלמינגו,Unknown,,גלגל מתנפח פלמינגו,,0.00,,false,1,79.00,0.00,false,1,21431
6973729940282,false,ס. CIGGY BAR ב.טעמים,Unknown,,ס. CIGGY BAR ב.טעמים,,0.00,,false,1,89.90,0.00,false,1,23514
6973826700345,false,ס.א אבטיח ותות HQD,Unknown,,ס.א אבטיח ותות HQD,,0.00,,false,1,52.90,0.00,false,1,21930
6973826701229,false,HQD למונדה אוכמניות,Unknown,,HQD למונדה אוכמניות,,0.00,,false,1,99.00,0.00,false,1,22997
6973826701519,false,HQD פטל לימון,Unknown,,HQD פטל לימון,,0.00,,false,1,99.00,0.00,false,1,23000
6974129603401,false,Buzz מסטיק,Unknown,,Buzz מסטיק,,0.00,,false,1,89.90,0.00,false,1,22686
6974129603418,false,Buzz בזוקה,Unknown,,Buzz בזוקה,,0.00,,false,1,89.90,0.00,false,1,22687
6974129603425,false,Buzz שיק פירות,Unknown,,Buzz שיק פירות,,0.00,,false,1,89.90,0.00,false,1,22696
6974129603432,false,Buzz פינה קולדה,Unknown,,Buzz פינה קולדה,,0.00,,false,1,89.90,0.00,false,1,22755
6974129603449,false,buzz תות,Unknown,,buzz תות,,0.00,,false,1,89.90,0.00,false,1,22689
6974129603456,false,Buzz מנגו,Unknown,,Buzz מנגו,,0.00,,false,1,89.90,0.00,false,1,22690
6974129603470,false,Buzz בננה,Unknown,,Buzz בננה,,0.00,,false,1,89.90,0.00,false,1,22697
6974129603487,false,Buzz סוכריה,Unknown,,Buzz סוכריה,,0.00,,false,1,89.90,0.00,false,1,22691
6974129603494,false,Buzz אננס,Unknown,,Buzz אננס,,0.00,,false,1,89.90,0.00,false,1,22692
6974227021206,false,ס.אלקטרונית אוכמניות,Unknown,,ס.אלקטרונית אוכמניות,,0.00,,false,1,49.90,0.00,false,1,22275
6974227021213,false,ס.אלקטרונית אבטיח,Unknown,,ס.אלקטרונית אבטיח,,0.00,,false,1,49.90,0.00,false,1,22276
6974227021220,false,ס.אלקטרונית תות,Unknown,,ס.אלקטרונית תות,,0.00,,false,1,49.90,0.00,false,1,22277
6974227021237,false,ס.אלקטרונית קול בר,Unknown,,ס.אלקטרונית קול בר,,0.00,,false,1,49.90,0.00,false,1,22278
6974227021251,false,ס.אלקטרונית ליצי,Unknown,,ס.אלקטרונית ליצי,,0.00,,false,1,49.90,0.00,false,1,22279
6974227021268,false,ס.אלקטרונית אפרסק,Unknown,,ס.אלקטרונית אפרסק,,0.00,,false,1,49.90,0.00,false,1,22280
6974356170097,false,SWICH מ. אידוי קולה,Unknown,,SWICH מ. אידוי קולה,,0.00,,false,1,99.90,0.00,false,1,23908
6974356170103,false,SWICH מ.אידוי פטל,Unknown,,SWICH מ.אידוי פטל,,0.00,,false,1,99.90,0.00,false,1,23909
6974356170110,false,SWICH מ.אידוי תות ק,Unknown,,SWICH מ.אידוי תות ק,,0.00,,false,1,99.90,0.00,false,1,23910
6974356170127,false,SWICH מ.אידוי אייס,Unknown,,SWICH מ.אידוי אייס,,0.00,,false,1,99.90,0.00,false,1,23911
6974356170134,false,SWICH מ.אידוי תות,Unknown,,SWICH מ.אידוי תות,,0.00,,false,1,99.90,0.00,false,1,23912
6974678291944,false,Qweet ענבים 2500,Unknown,,Qweet ענבים 2500,,0.00,,false,1,59.90,0.00,false,1,23503
6974678291951,false,Qweet אבטיח 2500,Unknown,,Qweet אבטיח 2500,,0.00,,false,1,59.90,0.00,false,1,23504
6974678291968,false,Qweet פטל 2500,Unknown,,Qweet פטל 2500,,0.00,,false,1,59.90,0.00,false,1,23505
6974678291975,false,Qweet מנגו 2500,Unknown,,Qweet מנגו 2500,,0.00,,false,1,59.90,0.00,false,1,23506
6974678291982,false,Qweet אוכמניות 2500,Unknown,,Qweet אוכמניות 2500,,0.00,,false,1,59.90,0.00,false,1,23507
6974678291999,false,Qweetתות וקיווי 2500,Unknown,,Qweetתות וקיווי 2500,,0.00,,false,1,59.90,0.00,false,1,23508
6974678292002,false,Qweet אהבה 66 2500,Unknown,,Qweet אהבה 66 2500,,0.00,,false,1,59.90,0.00,false,1,23509
6974678292019,false,Qweet אל פטרון 2500,Unknown,,Qweet אל פטרון 2500,,0.00,,false,1,59.90,0.00,false,1,23510
6974678292026,false,Qweetלימון תפוז 2500,Unknown,,Qweetלימון תפוז 2500,,0.00,,false,1,59.90,0.00,false,1,23511
6974678292033,false,Qweet דובדבן 2500,Unknown,,Qweet דובדבן 2500,,0.00,,false,1,59.90,0.00,false,1,23512
6974706640027,false,סיגריה אלקטרונית סמא,shenzhen hot technol,,SMART3000 אבטיח אייס,,0.00,,false,1,89.90,0.00,false,1,23497
7280109380880,false,ריידר מתנפח ליוויתן,Unknown,,ריידר מתנפח ליוויתן,,0.00,,false,1,69.00,0.00,false,1,21432
7280138800007,false,"פחם דרום אמריקאי 2 ק""ג",Unknown,,פחם הגחל הדליק חדש,,2.00,"1 ק""ג",false,1,21.90,10.95,true,1,19759
7290000007413,false,כוס חדפ היטל 10אג,Unknown,,כוס חדפ היטל 10אג,,3000.00,יחידה,false,1,0.10,0.00,false,1,7115
7290000008700,false,פיקדון מעין,Unknown,,פיקדון מעין,,0.00,,false,1,0.30,0.00,false,1,22290
7290000010474,false,בקבוק רימונדה 330מל,Unknown,,בקבוק רימונדה 330מל,,330.00,"100 מ""ל",false,1,8.00,2.42,false,1,20239
7290000018004,false,פיקדון בקבוק תנובה,Unknown,,פיקדון בקבוק תנובה,,0.00,,false,1,0.30,0.00,false,1,24187
<<<<<<< HEAD
7290000023007,false,"ברנדי שטוק 84 37 % 750 מ""ל","יקבי ברקן בע""ם",,ברנדי סטוק 84,,750.00,"100 מ""ל",false,1,95.00,12.63,true,1,1171
7290000023083,false,ערק אשקלון בקבוק 700,"יקבי ברקן בע""\מ",,ערק אשקלון 700מל,,700.00,"100 מ""ל",false,1,68.00,9.67,true,1,13760
7290000023809,false,"יין קלאסיק קברנה סוביניון ברקן 750 מ""ל",יקבי ברקן שיווק והפצה בע,,ברקן קברנה קלאסיק750,,750.00,"100 מ""ל",false,1,38.00,5.03,true,1,1947
7290000023816,false,"יין קלאסיק אמרלד ריזלינג ברקן 750 מ""ל",יקבי ברקן שיווק והפצה בע,,ברקן אמרלד ריזלינג,,750.00,"100 מ""ל",false,1,38.00,5.03,true,1,1948
7290000023977,false,"יין קלאסיק מרלו ברקן 750 מ""ל",יקבי ברקן שיווק והפצה בע,,ברקן מרלו קלאסיק 750,,750.00,"100 מ""ל",false,1,38.00,5.03,true,1,2316
7290000024264,false,"יין רזרב מרלו ברקן 750 מ""ל","כרמי צבי - אחים סגל בע""\",,ברקן רזרב מרלו,,750.00,"100 מ""ל",false,1,50.00,6.63,true,1,5158
=======
7290000023007,false,"ברנדי שטוק 84 37 % 750 מ""ל",טמפו משקאות בעמ,,ברנדי סטוק 84,,750.00,"100 מ""ל",false,1,95.00,12.63,true,1,1171
7290000023083,false,ערק אשקלון בקבוק 700,טמפו משקאות בע`מ,,ערק אשקלון 700מל,,700.00,"100 מ""ל",false,1,68.00,9.67,true,1,13760
7290000023809,false,קלאסיק קברנה סובניון יקבי ברקן (750 מל),יקבי ברקן שיווק והפצה בע,,ברקן קברנה קלאסיק750,,750.00,"100 מ""ל",false,1,38.00,5.03,true,1,1947
7290000023816,false,קלאסיק אמרלד ריזלינג יקבי ברקן (750 מל),יקבי ברקן שיווק והפצה בע,,ברקן אמרלד ריזלינג,,750.00,"100 מ""ל",false,1,38.00,5.03,true,1,1948
7290000023977,false,קלאסיק מרלו יקבי ברקן (750 מל),יקבי ברקן שיווק והפצה בע,,ברקן מרלו קלאסיק 750,,750.00,"100 מ""ל",false,1,38.00,5.03,true,1,2316
7290000024264,false,רזרב מרלו יקבי ברקן (750 מל),"כרמי צבי - אחים סגל בע""\",,ברקן רזרב מרלו,,750.00,"100 מ""ל",false,1,50.00,6.63,true,1,5158
>>>>>>> d048ac2f4f281c9d788043ab4e81b61b0dbe3743
7290000024523,false,"תירוש של סגל ,מיץ ענבים , 1 ליטר",כרמי צבי - האחים סגל,,תירוש של סגל 1 ליטר,,1.00,1 ליטר,false,1,16.90,16.60,true,1,14750
7290000038925,false,כרטיס 012 MSIM,Unknown,,כרטיס 012 MSIM,,0.00,,false,1,38.60,0.00,true,1,11518
7290000038926,false,טונה אדומה טרייה לקג,Unknown,,כרטיסUSIM 012,,0.00,,false,1,38.60,0.00,true,1,11519
7290000039794,false,כרטיס 012 nano sim,Unknown,,כרטיס 012 nano sim,,0.00,,false,1,38.60,0.00,true,1,11883
<<<<<<< HEAD
7290000040042,false,יופלה יוגורט תות %3 גביע 150 גרם,תנובה חלב,,יופלה תות 3% 150 מל,,150.00,"100 מ""ל",false,1,5.70,3.80,true,1,1916
7290000040066,false,יופלה יוגורט דובדבן %3 גביע 150 גרם,תנובה מרכז שיתופי לש,,יופלה דובדבן 3% 150מ,,150.00,"100 מ""ל",false,1,5.70,3.80,true,1,1918
7290000040080,false,יופלה יוגורט אפרסק %3 גביע 150 גרם,תנובה חלב,,יופלה אפרסק,,150.00,"100 מ""ל",false,1,5.70,3.80,true,1,4786
=======
7290000040042,false,יופלה יוגורט תות %3 גביע 150 גרם,"תנובה בע""מ ***",,יופלה תות 3% 150 מל,,150.00,"100 מ""ל",false,1,5.70,3.80,true,1,1916
7290000040066,false,יופלה יוגורט דובדבן %3 גביע 150 גרם,תנובה מרכז שיתופי לש,,יופלה דובדבן 3% 150מ,,150.00,"100 מ""ל",false,1,5.70,3.80,true,1,1918
7290000040080,false,יופלה יוגורט אפרסק %3 גביע 150 גרם,"תנובה בע""מ ***",,יופלה אפרסק,,150.00,"100 מ""ל",false,1,5.70,3.80,true,1,4786
>>>>>>> d048ac2f4f281c9d788043ab4e81b61b0dbe3743
7290000040301,false,תנובה עין גדי קממבר מחלב בקר 24% שומן,תנובה מרכז שיתופי לש,,עין-גדי קממבר גבינה,,125.00,100 גרם,false,1,22.90,18.32,true,1,23946
7290000040318,false,גבינת עדי ברי 24% קולאז` (125 גרם)קולקש,תנובה מרכז שיתופי לש,,גבינת ברי 24%,,125.00,100 גרם,false,1,22.90,18.32,true,1,23241
7290000040974,false,חלב 2% דל לקטוז בקרטון תנובה (1 ליטר),תנובה מרכז שיתופי לש,,חלב דל לקטוז 2% 1 ל,,1.00,1 ליטר,false,1,7.40,7.40,true,1,16936
7290000041445,false,קוטג תנובה גביע 250 גרם 5% בדצ,מיוצר עי קונדיטוריית,,תנובה קוטג 5% בדצ,,250.00,100 גרם,false,1,6.00,2.40,true,1,20257
<<<<<<< HEAD
7290000041452,false,קוטג תנובה גביע 250 גרם 9% בדצ,תנובה מרכז שיתופי לש,,קוטג תנובה גביע 250ג,,250.00,100 גרם,false,1,6.00,2.40,false,1,22554
7290000041858,false,"שמנת חמוצה 15% מועשרת יטבתה 200 מ""ל",שטראוס גרופ,,שמנת חמוצה מועשרת15%,,200.00,"100 מ""ל",false,1,2.70,1.35,false,1,1196
7290000042008,false,חלב תנובה טרי 3% שקית 1 ל',"תנובה, מחלבת רחובות",,תנובה חלב שקית 3%,,1.00,1 ליטר,false,1,5.43,5.43,false,1,2102
7290000042015,false,"חלב שתייה תנובה בד""צ בשקית 1 ליטר",תנובה מרכז שיתופי לש,,תנובה חלב שקית מהדרי,,1.00,1 ליטר,false,1,5.43,5.43,false,1,5562
=======
7290000041452,false,גבינת קוטג`9% מהדרין תנובה (250 גרם),תנובה מרכז שיתופי לש,,קוטג תנובה גביע 250ג,,250.00,100 גרם,false,1,6.00,2.40,false,1,22554
7290000041858,false,"שמנת חמוצה 15% מועשרת יטבתה 200 מ""ל",שטראוס גרופ בעמ/מצונן,,שמנת חמוצה מועשרת15%,,200.00,"100 מ""ל",false,1,2.70,1.35,false,1,1196
7290000042008,false,חלב 3% בשקית תנובה (1 ליטר)פיקוח,"תנובה, מחלבת רחובות",,תנובה חלב שקית 3%,,1.00,1 ליטר,false,1,5.43,5.43,false,1,2102
7290000042015,false,חלב 3% בשקית בדצ תנובה (1 ליטר)פיקוח,תנובה מרכז שיתופי לש,,תנובה חלב שקית מהדרי,,1.00,1 ליטר,false,1,5.43,5.43,false,1,5562
>>>>>>> d048ac2f4f281c9d788043ab4e81b61b0dbe3743
7290000042022,false,חלב על הבוקר1%קרט+.פקק1ל,תנובה מרכז שיתופי לש,,תנובה חלב טעם וניל1%,,1.00,1 ליטר,false,1,9.50,9.50,true,1,4877
7290000042244,false,חלב 3% תנובה (2 ליטר)פיקו,"תנובה, מחלבת רחובות",,תנובה חלב טרי 2 ליטר,,2.00,1 ליטר,false,1,12.46,6.23,false,1,16906
7290000042367,false,חלב טרי 3% בקבוק תנובה 1 ליטר מהדרין,תנובה מרכז שיתופי לש,,חלב 3% בקבוק 1 ליטר,,1.00,1 ליטר,false,1,6.23,6.23,false,1,23235
<<<<<<< HEAD
7290000042404,false,חלב 3% בשקית יטבתה 1 ליטר מהדרין,שטראוס גרופ,,יטבתה חלב 3% שקית 1ל,,1.00,1 ליטר,false,1,7.00,7.00,false,1,1182
7290000042411,false,חלב בקרטון 3% יטבתה 1 ל',מחלבת יטבתה,,יטבתה חלב 3% 1ל-דרום,,1.00,1 ליטר,false,1,6.23,6.23,false,1,1183
7290000042435,false,חלב דל שומן בקרטון+פקק תנובה 1 ליטר,תנובה מרכז שיתופי לש,,תנובה חלב בקרטון 1%,,1.00,1 ליטר,false,1,5.86,5.86,false,1,2101
7290000042442,false,"חלב תנובה טרי 3% ""תנובה"" - מוצר בפיקוח",תנובה חלב,,תנובה חלב 3% 1 ליטר,,1.00,1 ליטר,false,1,6.23,6.23,false,1,605
7290000042503,false,חלב עמיד קרטון 3% 1 ל' תנובה,תנובה מרכז שיתופי לש,,תנובה חלב עמיד 3%,,1.00,1 ליטר,false,1,8.40,8.40,true,1,1184
7290000042541,false,חלב עמיד 1% הומוגני 1 ל',תנובה,,חלב עמיד 1% שומן 1ל,,1.00,1 ליטר,false,1,10.00,10.00,true,1,607
=======
7290000042404,false,חלב 3% מועשר מהדרין בשקית יטבתה (1 ליטר),שטראוס גרופ בעמ/מצונן,,יטבתה חלב 3% שקית 1ל,,1.00,1 ליטר,false,1,7.00,7.00,false,1,1182
7290000042411,false,חלב 1 ליטר בקבוק% 3 יוטבתה,"שטראוס גרופ ***בע""מ",,יטבתה חלב 3% 1ל-דרום,,1.00,1 ליטר,false,1,6.23,6.23,false,1,1183
7290000042435,false,חלב דל שומן 1% בקרטון תנובה (1 ליטר)פיק,תנובה מרכז שיתופי לש,,תנובה חלב בקרטון 1%,,1.00,1 ליטר,false,1,5.86,5.86,false,1,2101
7290000042442,false,"חלב תנובה טרי 3% ""תנובה"" - מוצר בפיקוח",תנובה בעמ ***,,תנובה חלב 3% 1 ליטר,,1.00,1 ליטר,false,1,6.23,6.23,false,1,605
7290000042503,false,חלב עמיד הומוגני 3% תנובה (1 ליטר),תנובה מרכז שיתופי לש,,תנובה חלב עמיד 3%,,1.00,1 ליטר,false,1,8.40,8.40,true,1,1184
7290000042541,false,חלב עמיד 1% הומוגני 1 ל',תנובה חלב,,חלב עמיד 1% שומן 1ל,,1.00,1 ליטר,false,1,10.00,10.00,true,1,607
>>>>>>> d048ac2f4f281c9d788043ab4e81b61b0dbe3743
7290000042640,false,"חלב תנובה עמיד 3% קרטון 250 מ""ל",תנובה מרכז שיתופי לש,,חלב עמיד 3% 250 מל,,250.00,"100 מ""ל",false,1,3.20,1.28,false,1,23239
7290000042855,false,"שוקו בשקית 250 מ""ל ""יטבתה""",שטראוס גרופ בעמ/מצונן,,יטבתה שוקו שקית 225,,225.00,"100 מ""ל",false,1,3.50,1.56,true,1,1185
7290000043111,false,תנובה חמאה 200 גרם - מוצר בפיקוח,תנובה מרכז שיתופי לש,,תנובה חמאה 200 גר,,200.00,100 גרם,false,1,8.30,4.15,false,1,16914
7290000043814,false,השף הלבן שמנת להקצפה 38% שומן 250 מל - מוצר בפיקוח,תנובה מרכז שיתופי לש,,השף הלבן שמנת 38%,,250.00,"100 מ""ל",false,1,6.47,2.59,false,1,608
7290000043890,false,תנובה רויון לבן מחלב מפסוטר 1.5%,תנובה מרכז שיתופי לש,,תנובה רויון לבן 1.5%,,1.00,1 ליטר,false,1,13.90,13.90,true,1,9103
7290000043944,false,כד יוגורט תנובה 4% שומן 1.5 ליטר,מיוצר עי קונדיטוריית,,יוגורט 1.5ל 4.5%,,1.50,1 ליטר,false,1,22.00,14.67,true,1,23953
7290000045580,false,גבינה מותכת נעמה חורש תנובה 240 גרם,תנובה מרכז שיתופי לש,,נעמה כחול-חורש 240,,240.00,100 גרם,false,1,20.00,8.33,true,1,23952
<<<<<<< HEAD
7290000045917,false,תנובה פרומעז גבינה מותכת מחלב עיזים 23% שומן,תנובה חלב,,קולאז פורמעז,,200.00,100 גרם,false,1,29.90,14.95,true,1,9140
7290000046327,false,גלבוע גבינה צהובה פרוסה 22% תנובה 200 גרם,תנובה מרכז שיתופי לש,,ג.צהובה גלבוע 22%,,200.00,100 גרם,false,1,14.60,7.30,true,1,4783
7290000048185,false,גבינה לבנה 5% תנובה 250 גרם מהדרין,מיוצר עי קונדיטוריית,,תנובה גבינה לבנה 5%,,250.00,100 גרם,false,1,4.98,1.99,false,1,1931
7290000048192,false,גבינה לבנה 9% תנובה 250 גרם מהדרין,מחלבת אלון תבור,,תנובה גבינה לבנה 9%,,250.00,100 גרם,false,1,5.30,2.12,false,1,9038
7290000048307,false,גבינת קוטג' עם זיתים 5% תנובה 250 גרם,מיוצר עי קונדיטוריית,,תנובה קוטג זיתים 5%,,250.00,100 גרם,false,1,6.00,2.40,true,1,19114
7290000048413,false,פיראוס חמד גבינה מלוחה 16% שומן,תנובה מרכז שיתופי לש,,פיראוס חמד 16%,,250.00,100 גרם,false,1,21.90,8.76,true,1,19115
7290000048437,false,פיראוס צפתית 5% שומן 200 גרם,פארייפאבה אגרואינדוס,,פיראוס צפתית %200 5,,200.00,100 גרם,false,1,17.90,8.95,true,1,2254
=======
7290000045917,false,תנובה פרומעז גבינה מותכת מחלב עיזים 23% שומן,תנובה בעמ ***,,קולאז פורמעז,,200.00,100 גרם,false,1,29.90,14.95,true,1,9140
7290000046327,false,גלבוע גבינה צהובה פרוסה 22% תנובה 200 גרם,תנובה מרכז שיתופי לש,,ג.צהובה גלבוע 22%,,200.00,100 גרם,false,1,14.60,7.30,true,1,4783
7290000048185,false,גבינה לבנה 5% תנובה 250 גרם מהדרין,מיוצר עי קונדיטוריית,,תנובה גבינה לבנה 5%,,250.00,100 גרם,false,1,4.98,1.99,false,1,1931
7290000048192,false,גבינה לבנה 9% תנובה 250 גרם מהדרין,מחלבת אלון תבור,,תנובה גבינה לבנה 9%,,250.00,100 גרם,false,1,5.30,2.12,false,1,9038
7290000048307,false,גבינת קוטג`5% עם זיתים תנובה (250 גרם),מיוצר עי קונדיטוריית,,תנובה קוטג זיתים 5%,,250.00,100 גרם,false,1,6.00,2.40,true,1,19114
7290000048413,false,גבינה חמד (25016% גרם)פיראוס תנובה,תנובה מרכז שיתופי לש,,פיראוס חמד 16%,,250.00,100 גרם,false,1,21.90,8.76,true,1,19115
7290000048437,false,גבינת צפתית (2005% גרם)פיראוס תנובה,פארייפאבה אגרואינדוס,,פיראוס צפתית %200 5,,200.00,100 גרם,false,1,17.90,8.95,true,1,2254
>>>>>>> d048ac2f4f281c9d788043ab4e81b61b0dbe3743
7290000048937,false,כרטיס Triple SIM 012,Unknown,,כרטיס Triple SIM 012,,0.00,,false,1,38.60,0.00,true,1,14964
7290000051307,false,"מארז הפסקת אוכל עם דגני עוגי ומשקה חלב עמיד בטעם וניל 150 מ""ל",תנובה מרכז שיתופי לש,,הפסקת אוכל עוגי-מארז,,150.00,"100 מ""ל",false,1,10.50,7.00,true,1,8185
7290000051352,false,חלב מלא בטעם של פעם 3.4% תנובה קרטון 1 ל',תנובה מרכז שיתופי לש,,חלב מלא של פעם 1ל,,1.00,1 ליטר,false,1,9.50,9.50,true,1,23236
7290000051376,false,יוגורט יופלה דיאט אננס 0% שומן 150 גרם,תנובה מרכז שיתופי לש,,יופלה דיאט אננס ספור,,150.00,"100 מ""ל",false,1,5.70,3.80,true,1,22989
7290000051710,false,פיראוס גבינת לאבנה אסלית על בסיס יוגורט תנובה 263 גרם,"תנובה, מחלבת אלון תב",,פיראוס לבנה עם ש.זית,,263.00,100 גרם,false,1,15.90,6.05,true,1,19125
7290000052304,false,שוקו מוקה 340 מל בקבוק תנובה,תנובה - חלב,,תנובה משקה מוקה340,,340.00,"100 מ""ל",false,1,8.50,2.50,true,1,8933
7290000052311,false,גבינה צהובה עמק לייט 15% שומן 200 גרם,תנובה מרכז שיתופי לש,,עמק פרוס בקופסא 15%,,200.00,100 גרם,false,1,18.80,9.40,true,1,19127
7290000052649,false,לאבנה אסלית (5005% גרם)פיראוס תנובה,תנובה מרכז שיתופי לש,,פיראוס לאבנה 5% 500ג,,500.00,100 גרם,false,1,22.90,4.58,true,1,23459
7290000052717,false,גבינת קוטג' שום שמיר 5% תנובה 250 גרם,מיוצר עי קונדיטוריית,,קוטג שום שמיר 5%,,250.00,100 גרם,false,1,6.00,2.40,true,1,19137
7290000055206,false,גבינה לבנה 5% בטעם בצל מטוגן 250 ג' תנובה,תנובה מרכז שיתופי לש,,גבינה לבנה בטעם בצל,,250.00,100 גרם,false,1,6.30,2.52,true,1,11115
7290000055329,false,"משקה בוקר יוגורט 1.5% בטעם תות מלון יופלה 250 מ""ל",תנובה מרכז שיתופי לש,,יופלה משקה תות מלון,,250.00,100 גרם,false,1,6.90,2.76,true,1,10570
7290000055336,false,"משקה יוגורט 1.5% בטעם בננה אפרסק יופלה 250 מ""ל",תנובה מרכז שיתופי לש,,יופלה משקה בננה אפר,,250.00,100 גרם,false,1,6.90,2.76,true,1,10571
7290000055343,false,משקה יוגורט יופלה פירות טרופיים 250 גרם,תנובה מרכז שיתופי לש,,יופלה משקה טרופי,,250.00,100 גרם,false,1,6.90,2.76,true,1,10572
7290000055565,false,מאגדת מצופים שוקו בננה 8+2,נגה גלידות שותפות מוגבלת,,מאגדת מצופים שוקו,,600.00,100 גרם,false,1,32.00,5.33,true,1,4907
7290000055893,false,חמאה משמנת מפוסטרת 200גרם 82% כ.מהדרין - מוצר בפיקוח,תנובה מרכז שיתופי לש,,חמאה 200 גרם מהדרין,,200.00,100 גרם,false,1,8.30,4.15,false,1,18547
7290000056272,false,גבינה לבנה 5% עם זיתים ירוקים 250 ג' תנובה,תנובה מרכז שיתופי לש,,גבינה לבנה עם זיתים,,250.00,100 גרם,false,1,6.20,2.48,true,1,11111
7290000056845,false,תנובה חלב טרי 3% שומן 1.5 ליטר - מוצר בפיקוח,פארייפאבה אגרואינדוס,,תנובה חלב 3% 1.5ל,,1.50,1 ליטר,false,1,9.34,6.23,false,1,11262
7290000056951,false,"תנובה, השף הלבן, שמנת לבישול 15% שומן 500 מל",תנובה מרכז שיתופי לש,,השף הלבן ש.לבישול15%,,500.00,"100 מ""ל",false,1,17.90,3.58,true,1,24121
7290000057088,false,עמק גבינה צהובה פרוסה דק דק 28% תנובה 200 גרם,תנובה מרכז שיתופי לש,,עמק דק דק 28% 200גר,,200.00,100 גרם,false,1,18.80,9.40,true,1,19148
7290000057118,false,גבינה צהובה עמק 28% שומן ואקום 400 גרם,תנובה מרכז שיתופי לש,,המעדניה של עמק 400ג,,400.00,100 גרם,false,1,25.20,6.30,true,1,23695
7290000057132,false,יוגורט תנובה טבעי 1.5% גביע 200 גרם,מחלבת אלון תבור,,יוגורט תנובה 1.5%,,200.00,100 גרם,false,1,3.60,1.80,true,1,19129
7290000057149,false,יוגורט תנובה טבעי 3% גביע 200 גרם,מיוצר עי קונדיטוריית,,יוגורט תנובה 3%,,200.00,100 גרם,false,1,3.60,1.80,true,1,19130
7290000057477,false,חלב טרי 3% הומוגני תנובה קרטון 1.5 ל',תנובה מרכז שיתופי לש,,חלב טרי 1.5 ליטר,,1.50,1 ליטר,false,1,9.34,6.23,false,1,20174
<<<<<<< HEAD
7290000057552,false,יופלה דיאט עוגת גבינה ותות 0% גביע 150ג',תנובה חלב,,יופלה דיאט ע.גבינה,,150.00,100 גרם,false,1,5.70,3.80,true,1,23024
=======
7290000057552,false,יופלה דיאט עוגת גבינה ותות 0% גביע 150ג',תנובה - חלב,,יופלה דיאט ע.גבינה,,150.00,100 גרם,false,1,5.70,3.80,true,1,23024
>>>>>>> d048ac2f4f281c9d788043ab4e81b61b0dbe3743
7290000058030,false,"שמיניית יופלה שטוזים משקה יוגורט תות 100 מ""ל",מיוצר עי קונדיטוריית,,שטוזים מ.יוגורט תות,,848.00,100 גרם,false,1,23.10,2.72,true,1,23149
7290000058047,false,שמנת להקצפה 38% 500מל מהדרין עמיד השף הלבן,תנובה מרכז שיתופי לש,,שמנת 38% מהדרין,,500.00,"100 מ""ל",false,1,12.90,2.58,true,1,23649
7290000058580,false,קוקילידה בטעם וניל עם עוגיות שוקולד גלידות נסטלה 80 גרם,נגה גלידות שותפות מוגבלת,,קוקילידה וניל,,80.00,100 גרם,false,1,12.90,16.12,true,1,376
7290000060071,false,אוסם - חטיפי פריכונים מאורז מלא קלוי 80גר,קבוצת אוסם סחר שותפות מוגבלת,,פריכונים-טבעי,,80.00,100 גרם,false,1,9.90,12.38,true,1,3491
7290000060088,false,בייגלה מקלות עם מלח אסם (400 גרם),קבוצת אוסם סחר שותפות מוגבלת,,בייגלה מקלות מלוחים,,400.00,100 גרם,false,1,14.50,3.62,true,1,23918
7290000060200,false,פסטה אסם פתיתים אפויים קוסקוס 500גר,קבוצת אוסם סחר שותפות מוגבלת,,פתיתים אפוים קוסקוס,,500.00,100 גרם,false,1,9.90,1.98,true,1,9043
7290000060248,false,פסטה אסם פתיתים תלתלים 500 גר',קבוצת אוסם סחר שותפות מוגבלת,,פסטה אסם תלתלים,,500.00,100 גרם,false,1,7.00,1.40,true,1,23483
7290000060781,false,פרומנטי פתיתים מסולסלים אוסם,קבוצת אוסם סחר שותפות מוגבלת,,פסטה מסולסלים 500 גר,,500.00,100 גרם,false,1,7.00,1.40,true,1,9068
7290000060811,false,טילון אקסטרים מטבע ענק שוקולד נסטלה 120 גרם,תות תעשיות מזון (201,,אקסטרים מטבע ענק,,120.00,100 גרם,false,1,12.90,10.75,true,1,12111
<<<<<<< HEAD
7290000060828,false,פסטה קרניים בינוניות אסם 500 גרם,קריות זול,,פסטה קרניים בינוני,,500.00,100 גרם,false,1,7.00,1.40,true,1,16911
7290000060859,false,פסטה אסם פתיתים צדפים קטנים 500גר,קריות זול,,פסטה צדף קטן 500 גר,,500.00,100 גרם,false,1,7.00,1.40,true,1,23502
7290000060880,false,פסטה ספגטי מספר 8 אסם 500 גרם,קריות זול,,ספגטי אסם -500 גר,,500.00,100 גרם,false,1,7.00,1.40,true,1,9069
7290000060903,false,פסטה אסם פתיתים אפויים אורז 500גר,"אסם השקעות בע""\מ",,פתיתים אפוים אורז,,500.00,100 גרם,false,1,9.90,1.98,true,1,10691
7290000061061,false,קרקר חיטה עם בצל אסם,"אסם השקעות בע""\מ",,קרקר בצל,,250.00,100 גרם,false,1,13.50,5.40,true,1,22746
7290000061085,false,"רוטב צילי מתוק 290 מ""ל-בקבוק","אסם השקעות בע""\מ",,רוטב צילי מתוק,,290.00,"100 מ""ל",false,1,14.00,4.83,true,1,16913
7290000061108,false,"רוטב טריאקי 290 מ""ל-בקבוק","אסם השקעות בע""\מ",,רוטב טריאקי 290 מל,,290.00,"100 מ""ל",false,1,13.90,4.79,true,1,16910
7290000061245,false,עוגיות שוקוצ'יפס במילוי שוקולד אסם 220 גרם,מיוצר עי קונדיטוריית,,עוגיות שוקולד ציפס,,220.00,100 גרם,false,1,15.90,7.23,true,1,9072
7290000063102,false,קמח עוגה תופח מאליו אסם 350 גרם,"אסם השקעות בע""\מ",,קמח תופח אסם 350 גר,,350.00,100 גרם,false,1,5.90,1.69,true,1,9064
7290000063140,false,שקדי מרק רכיבים טבעיים בשקית 400 ג' אסם,"אסם תעשיות בע""מ",,שקדי מרק שקית 400 גר,,400.00,100 גרם,false,1,15.90,3.98,true,1,9087
7290000063157,false,"קמח עוגה תופח מאליו אסם 1 ק""ג","אסם השקעות בע""\מ",,קמח עוגה תופח 1 קג,,1.00,"1 ק""ג",false,1,11.50,11.50,true,1,23524
7290000064758,false,קוסקוס בינוני אמיתי אסם 350 ג',"מיוצר ע""י קוד יצרן K",,קוסקוס אמיתי בשקית,,350.00,100 גרם,false,1,9.90,2.83,true,1,9049
7290000064871,false,"אוסם - מנה חמה פירה תפו""א עם בצל 56 גרם","אסם תעשיות בע""מ",,מנה חמה פירה ובצל,,56.00,100 גרם,false,1,10.00,17.86,true,1,1435
7290000065090,false,מיני קרוטונים מתובלים למרק ולסלט אסם 400 גרם,עינת תעשיות מזון אגו,,קרוטונים למרק - מיני,,400.00,100 גרם,false,1,27.90,6.98,true,1,23901
7290000065335,false,אוסם - מנה חמה פירה עם ירקות 55 גרם,"אסם תעשיות בע""מ",,מנה חמה פירה+ירקות,,55.00,100 גרם,false,1,10.00,18.18,true,1,1241
7290000065557,false,אוסם - מנה חמה קוסקוס עם ירקות 84 גרם,"אסם תעשיות מזון בע""מ",,מנה חמה קוסקוס וירקו,,84.00,100 גרם,false,1,10.00,11.90,true,1,1243
7290000065977,false,חטיפי פריכונים תירס שומשום אסם 80 גרם,"פרח תעשיות מזון בע""מ.",,פריכוני תירס שומשום,,80.00,100 גרם,false,1,9.90,12.38,true,1,16428
7290000066134,false,ביסלי חטיף בטעם פלאפל אסם 70 גרם,"אסם השקעות בע""\מ",,ביסלי פלאפל 70 גר,,70.00,100 גרם,false,1,7.50,10.71,true,1,1049
7290000066141,false,ביסלי חטיף בטעם גריל אסם 70 גרם,"אסם השקעות בע""\מ",,ביסלי גריל 70 גר,,70.00,100 גרם,false,1,7.50,10.71,true,1,1050
7290000066172,false,ביסלי חטיף בטעם פיצה אסם 70 גרם,"אסם השקעות בע""\מ",,ביסלי פיצה 70גר,,70.00,100 גרם,false,1,7.50,10.71,true,1,1053
7290000066189,false,ביסלי חטיף בטעם פלאפל אסם 200 גרם,"אסם השקעות בע""\מ",,ביסלי פלאפל 200 גר,,200.00,100 גרם,false,1,12.50,6.25,true,1,1054
7290000066196,false,ביסלי חטיף בטעם גריל אסם 200 גרם,מיוצר עי קונדיטוריית,,ביסלי גריל 200 גר,,200.00,100 גרם,false,1,12.50,6.25,true,1,1055
7290000066202,false,ביסלי ג.ט.בצל 190 גר,מיוצר עי קונדיטוריית,,ביסלי בצל 200 גר,,200.00,100 גרם,false,1,11.90,5.95,true,1,1056
7290000066226,false,ביסלי חטיף בטעם פיצה אסם 200 גרם,מיוצר עי קונדיטוריית,,ביסלי פיצה 200 גר,,200.00,100 גרם,false,1,12.50,6.25,true,1,1041
7290000066264,false,דובונים חטיף תפוחי אדמה אסם 40 גרם,"אסם השקעות בע""\מ",,דובונים היסטרי 40,,40.00,100 גרם,false,1,7.00,17.50,true,1,1064
7290000066295,false,במבה מתוקה מחומרים טבעיים 30 גרם,מיוצר עי קונדיטוריית,,במבה תות 25 גר,,30.00,100 גרם,false,1,4.50,15.00,true,1,1044
7290000066318,false,במבה חטיף בוטנים אסם 80 גרם,"אסם השקעות בע""\מ",,במבה אסם 80 גר,,80.00,100 גרם,false,1,7.90,9.88,true,1,1046
7290000066332,false,אפרופו חטיף תירס אסם 50 גרם,מיוצר עי קונדיטוריית,,אפרופו 50 גר,,50.00,100 גרם,false,1,8.00,16.00,true,1,1058
7290000066349,false,אפרופו חטיף תירס אסם 100 גרם,מיוצר עי קונדיטוריית,,אפרופו 100 גר,,100.00,100 גרם,false,1,12.50,12.50,true,1,1059
7290000066431,false,פופקו חטיף פופקורן בטעם חמאה ודבש אסם 80 גרם,מיוצר עי קונדיטוריית,,פופקו תירס 80,,80.00,100 גרם,false,1,7.60,9.50,true,1,1022
7290000067070,false,עוג.מיני ממולא.שוקולד300,מיוצר עי קונדיטוריית,,עוגיות מיני שוקולד,,300.00,100 גרם,false,1,13.90,4.63,true,1,1264
=======
7290000060828,false,פסטה קרניים בינוניות אסם (500 גרם),קבוצת אוסם סחר שותפות מוגבלת,,פסטה קרניים בינוני,,500.00,100 גרם,false,1,7.00,1.40,true,1,16911
7290000060859,false,פסטה אסם פתיתים צדפים קטנים 500גר,קבוצת אוסם סחר-שות.מוגבלת,,פסטה צדף קטן 500 גר,,500.00,100 גרם,false,1,7.00,1.40,true,1,23502
7290000060880,false,פסטה ספגטי מספר 8 אסם 500 גרם,קבוצת אוסם סחר שותפות מוגבלת,,ספגטי אסם -500 גר,,500.00,100 גרם,false,1,7.00,1.40,true,1,9069
7290000060903,false,פסטה אסם פתיתים אפויים אורז 500גר,קבוצת אוסם סחר שותפות מוגבלת,,פתיתים אפוים אורז,,500.00,100 גרם,false,1,9.90,1.98,true,1,10691
7290000061061,false,קרקר חיטה עם בצל אסם,קבוצת אוסם סחר שותפות מוגבלת,,קרקר בצל,,250.00,100 גרם,false,1,13.50,5.40,true,1,22746
7290000061085,false,"רוטב צילי מתוק 290 מ""ל-בקבוק",קבוצת אוסם סחר שותפות מוגבלת,,רוטב צילי מתוק,,290.00,"100 מ""ל",false,1,14.00,4.83,true,1,16913
7290000061108,false,"רוטב טריאקי 290 מ""ל-בקבוק",קבוצת אוסם סחר שותפות מוגבלת,,רוטב טריאקי 290 מל,,290.00,"100 מ""ל",false,1,13.90,4.79,true,1,16910
7290000061245,false,עוגיות שוקוצ'יפס במילוי שוקולד אסם 220 גרם,קבוצת אוסם סחר-שות.מוגבלת,,עוגיות שוקולד ציפס,,220.00,100 גרם,false,1,15.90,7.23,true,1,9072
7290000063102,false,קמח עוגה תופח מאליו אסם 350 גרם,קבוצת אוסם סחר שותפות מוגבלת,,קמח תופח אסם 350 גר,,350.00,100 גרם,false,1,5.90,1.69,true,1,9064
7290000063140,false,שקדי מרק רכיבים טבעיים בשקית 400 ג' אסם,קבוצת אוסם סחר שותפות מוגבלת,,שקדי מרק שקית 400 גר,,400.00,100 גרם,false,1,15.90,3.98,true,1,9087
7290000063157,false,"קמח עוגה תופח מאליו אסם 1 ק""ג",קבוצת אוסם סחר שותפות מוגבלת,,קמח עוגה תופח 1 קג,,1.00,"1 ק""ג",false,1,11.50,11.50,true,1,23524
7290000064758,false,קוסקוס בינוני אמיתי אסם 350 ג',קבוצת אוסם סחר שותפות מוגבלת,,קוסקוס אמיתי בשקית,,350.00,100 גרם,false,1,9.90,2.83,true,1,9049
7290000064871,false,"אוסם - מנה חמה פירה תפו""א עם בצל 56 גרם",קבוצת אוסם סחר שותפות מוגבלת,,מנה חמה פירה ובצל,,56.00,100 גרם,false,1,10.00,17.86,true,1,1435
7290000065090,false,מיני קרוטונים מתובלים למרק ולסלט אסם 400 גרם,קבוצת אוסם סחר שותפות מוגבלת,,קרוטונים למרק - מיני,,400.00,100 גרם,false,1,27.90,6.98,true,1,23901
7290000065335,false,אוסם - מנה חמה פירה עם ירקות 55 גרם,קבוצת אוסם סחר שותפות מוגבלת,,מנה חמה פירה+ירקות,,55.00,100 גרם,false,1,10.00,18.18,true,1,1241
7290000065557,false,אוסם - מנה חמה קוסקוס עם ירקות 84 גרם,קבוצת אוסם סחר שותפות מוגבלת,,מנה חמה קוסקוס וירקו,,84.00,100 גרם,false,1,10.00,11.90,true,1,1243
7290000065977,false,חטיפי פריכונים תירס שומשום אסם 80 גרם,קבוצת אוסם סחר שותפות מוגבלת,,פריכוני תירס שומשום,,80.00,100 גרם,false,1,9.90,12.38,true,1,16428
7290000066134,false,ביסלי חטיף בטעם פלאפל אסם (70 גרם),קבוצת אוסם סחר שותפות מוגבלת,,ביסלי פלאפל 70 גר,,70.00,100 גרם,false,1,7.50,10.71,true,1,1049
7290000066141,false,ביסלי חטיף בטעם גריל אסם (70 גרם),קבוצת אוסם סחר שותפות מוגבלת,,ביסלי גריל 70 גר,,70.00,100 גרם,false,1,7.50,10.71,true,1,1050
7290000066172,false,ביסלי חטיף בטעם פיצה אסם (70 גרם),קבוצת אוסם סחר-שות.מוגבלת,,ביסלי פיצה 70גר,,70.00,100 גרם,false,1,7.50,10.71,true,1,1053
7290000066189,false,ביסלי חטיף בטעם פלאפל אסם (200 גרם),קבוצת אוסם סחר שותפות מוגבלת,,ביסלי פלאפל 200 גר,,200.00,100 גרם,false,1,12.50,6.25,true,1,1054
7290000066196,false,ביסלי חטיף בטעם גריל אסם (200 גרם),קבוצת אוסם סחר שותפות מוגבלת,,ביסלי גריל 200 גר,,200.00,100 גרם,false,1,12.50,6.25,true,1,1055
7290000066202,false,ביסלי ג.ט.בצל 190 גר,מיוצר עי קונדיטוריית,,ביסלי בצל 200 גר,,200.00,100 גרם,false,1,11.90,5.95,true,1,1056
7290000066226,false,ביסלי חטיף בטעם פיצה אסם (200 גרם),קבוצת אוסם סחר שותפות מוגבלת,,ביסלי פיצה 200 גר,,200.00,100 גרם,false,1,12.50,6.25,true,1,1041
7290000066264,false,דובונים חטיף תפוחי אדמה אסם (40 גרם),קבוצת אוסם סחר שותפות מוגבלת,,דובונים היסטרי 40,,40.00,100 גרם,false,1,7.00,17.50,true,1,1064
7290000066295,false,במבה מתוקה מחומרים טבעיים 30 גרם,קבוצת אוסם סחר שותפות מוגבלת,,במבה תות 25 גר,,30.00,100 גרם,false,1,4.50,15.00,true,1,1044
7290000066318,false,במבה חטיף בוטנים אסם 80 גרם,קבוצת אוסם סחר שותפות מוגבלת,,במבה אסם 80 גר,,80.00,100 גרם,false,1,7.90,9.88,true,1,1046
7290000066332,false,אפרופו חטיף תירס אסם (50 גרם),קבוצת אוסם סחר שותפות מוגבלת,,אפרופו 50 גר,,50.00,100 גרם,false,1,8.00,16.00,true,1,1058
7290000066349,false,אפרופו חטיף תירס אסם (100 גרם),קבוצת אוסם סחר-שות.מוגבלת,,אפרופו 100 גר,,100.00,100 גרם,false,1,12.50,12.50,true,1,1059
7290000066431,false,פופקו חטיף פופקורן בטעם חמאה ודבש אסם 80 גרם,קבוצת אוסם סחר שותפות מוגבלת,,פופקו תירס 80,,80.00,100 גרם,false,1,7.60,9.50,true,1,1022
7290000067070,false,עוג.מיני ממולא.שוקולד300,קבוצת אוסם סחר-שות.מוגבלת,,עוגיות מיני שוקולד,,300.00,100 גרם,false,1,13.90,4.63,true,1,1264
>>>>>>> d048ac2f4f281c9d788043ab4e81b61b0dbe3743
7290000067537,false,"ביסלי גריל כשל""פ 70 גרם",מיוצר עי קונדיטוריית,,ביסלי גריל 70ג,,70.00,100 גרם,false,1,7.50,10.71,true,1,7621
7290000067544,false,פירורית זהב פירורי לחם אסם 200 גרם,קבוצת אוסם סחר שותפות מוגבלת,,פירורית זהב 200 גר,,200.00,100 גרם,false,1,7.90,3.95,true,1,10693
7290000067551,false,"ביסלי בצל כשל""פ 70 גרם",מיוצר עי קונדיטוריית,,ביסלי בצל 70גר,,70.00,100 גרם,false,1,7.50,10.71,true,1,7622
7290000067568,false,ביסלי ברביקיו 70 גרם כשלפ,מיוצר עי קונדיטוריית,,ביסלי ברביקיו,,70.00,100 גרם,false,1,7.50,10.71,true,1,7620
<<<<<<< HEAD
7290000067599,false,מנה חמה ספגטי ברוטב בולונז אסם 65 גרם,"אסם השקעות בע""\מ",,מנה חמה ספגטי בולונז,,65.00,100 גרם,false,1,10.00,15.38,true,1,1244
7290000067735,false,פרפקטו ניוקי בצקיות תפוחי אדמה 500 ג' אסם,גרנדי פסטי,,ניוקי פרפקטו,,500.00,100 גרם,false,1,15.00,3.00,true,1,23224
=======
7290000067599,false,מנה חמה ספגטי ברוטב בולונז אסם 65 גרם,קבוצת אוסם סחר שותפות מוגבלת,,מנה חמה ספגטי בולונז,,65.00,100 גרם,false,1,10.00,15.38,true,1,1244
7290000067735,false,פרפקטו ניוקי בצקיות תפוחי אדמה 500 ג' אסם,קבוצת אוסם סחר שותפות מוגבלת,,ניוקי פרפקטו,,500.00,100 גרם,false,1,15.00,3.00,true,1,23224
>>>>>>> d048ac2f4f281c9d788043ab4e81b61b0dbe3743
7290000067742,false,אסם אינסטנט פודינג וניל 80 גרם כשר לפסח,מיוצר עי קונדיטוריית,,אסם פודינג וניל כשלפ,,80.00,100 גרם,false,1,7.90,9.88,true,1,23964
7290000068138,false,אינסטנט פודינג בטעם וניל אסם 80 גרם,קבוצת אוסם סחר שותפות מוגבלת,,פודינג וניל אסם 80ג,,80.00,100 גרם,false,1,7.90,9.88,true,1,9045
7290000068190,false,אסם ג'לי תות שדה צבעים טבעיים 90 גרם,קבוצת אוסם סחר שותפות מוגבלת,,גלי בזק תות שדה,,90.00,100 גרם,false,1,7.90,8.78,true,1,9076
7290000068282,false,"מנה חמה תפו""א עם ירקות בגביע כלפ","אסם השקעות בע""\מ",,מ.ח פירה וירקות כלפ,,47.00,100 גרם,false,1,10.00,21.28,true,1,7522
7290000068299,false,"אסם מנה חמה פירה תפו""א ופטריות כשל""פ",קבוצת אסם סחר שות. מוגבלת,,מ.ח פירה ופטרי כלפ,,47.00,100 גרם,false,1,10.00,21.28,true,1,7523
7290000068343,false,אסם פריכונים פרוסות קלויות מלא,קבוצת אוסם סחר שותפות מוגבלת,,פריכונים אורז מלא140,,140.00,100 גרם,false,1,10.90,7.79,true,1,10310
7290000068701,false,אסם שקדי מרק רכיבים טבע.מיכל 400 גרם,קבוצת אוסם סחר שותפות מוגבלת,,שקדי מרק 400 גר,,400.00,100 גרם,false,1,19.90,4.97,true,1,23927
7290000068770,false,במבה יום הולדת חטיף בוטנים אסם 80 גרם,קבוצת אוסם סחר שותפות מוגבלת,,במבה יום הולדת80,,80.00,100 גרם,false,1,7.90,9.88,true,1,1047
7290000068787,false,במבה יום הולדת חטיף בוטנים אסם 25 גרם,קבוצת אוסם סחר שותפות מוגבלת,,במבה יומולדת 25 גר,,25.00,100 גרם,false,1,3.90,15.60,true,1,1048
7290000069968,false,"קמח תופח לעוגה כשל""פ200ג","אסם השקעות בע""\מ",,קמח עוגה תופח כשלפ,,200.00,100 גרם,false,1,8.90,4.45,true,1,10309
<<<<<<< HEAD
7290000070308,false,אבקת מרק עוף אמיתי בשרי אסם 400 גרם,"אסם השקעות בע""\מ",,אבקת מרק עוף במיכל,,400.00,100 גרם,false,1,29.00,7.25,true,1,9066
7290000071008,false,אוסם - בייגלה שטוחים מלח 60 גרם,"אסם השקעות בע""\מ",,שטוחים עם מלח 60 גר,,60.00,100 גרם,false,1,5.00,8.33,true,1,10087
7290000072067,false,במבה חטיף בוטנים במילוי קרם חלבה 60 גרם,מיוצר עי קונדיטוריית,,במבה במילוי חלבה,,60.00,100 גרם,false,1,7.90,13.17,true,1,8585
7290000072227,false,רוטב סויה סגנון סיני,"אסם השקעות בע""\מ",,רוטב סויה בסגנון סינ,,290.00,"100 מ""ל",false,1,13.90,4.79,true,1,16907
7290000072333,false,בונז'ור לחמנית דגנים 120ג',בונז'ור,,לחמנית דגנים,,0.00,,false,1,3.00,0.00,true,1,17889
7290000072623,false,קטשופ אסם בקבוק לחיץ 750 גרם,"אסם תעשיות בע""מ",,קטשופ אסם ב.לחיץ 750,,750.00,100 גרם,false,1,13.90,1.85,true,1,1236
7290000072753,false,קפה נמס מגורען טסטרס צ'ויס 200 גרם-,נסטלה קוריאה - קפה,,טסטרס צויס 200 גר,,200.00,100 גרם,false,1,36.00,18.00,true,1,1447
7290000072968,false,דגני בוקר סיני מיניס חיטה מלאה וקינמון נסטלה 500 גרם,נסטלה פולין דגני בוק,,סיני מיניס 500 גרם,,500.00,100 גרם,false,1,29.90,5.98,true,1,24191
7290000073125,false,מנה חמה פסטה ברוטב עגבניות אסם 62 גרם,"אסם השקעות בע""\מ",,מנה חמה פסטה ועגבניו,,62.00,100 גרם,false,1,10.00,16.13,true,1,3940
7290000073750,false,מנה חמה נודלס אטר+ירקות טעם עוף 70 גרם,PUB FOODS PRESIDENT THAI,,מנה חמה נודלס עוף+יר,,70.00,100 גרם,false,1,10.00,14.29,true,1,1437
7290000073767,false,מנה חמה נודלס אטר.+ירקות טעם בקר 70 גרם,PUB FOODS PRESIDENT THAI,,מנה חמה נודלס בקר,,70.00,100 גרם,false,1,10.00,14.29,true,1,1237
7290000073774,false,מנה חמה נודלס אטר+ירקות טעם צילי 70 גרם,טאי רזידנט,,מנה חמה נודלס פיקנטי,,70.00,100 גרם,false,1,10.00,14.29,true,1,1438
7290000074153,false,ביסקוויט פתי בר שוקולד אסם 500 גרם,מיוצר עי קונדיטוריית,,פתי בר שוקו 500 גר,,500.00,100 גרם,false,1,16.90,3.38,true,1,9061
7290000074184,false,ביסקוויט פתי בר אסם 500 גרם,"אסם השקעות בע""\מ",,פתי בר קלאסי 500 גר,,500.00,100 גרם,false,1,16.90,3.38,true,1,9050
7290000074245,false,אוסם - קרם קרקר אסם 250 גרם,"אסם השקעות בע""\מ",,קרם קרקר 250 גר,,250.00,100 גרם,false,1,11.50,4.60,true,1,1439
7290000074252,false,קרקר שומשון אסם 250 גרם,"אסם השקעות בע""\מ",,קרקר שומשום,,250.00,100 גרם,false,1,11.50,4.60,true,1,302
7290000074276,false,קרקר פיקנטי טבעון 250 ג' אסם,"אסם השקעות בע""\מ",,טיבעון קרקר פיקנטי,,250.00,100 גרם,false,1,12.50,5.00,true,1,16427
7290000074375,false,אוסם - קרקר זהב 150 גרם,"אסם השקעות בע""\מ",,קרקר זהב 150 גר,,150.00,100 גרם,false,1,9.00,6.00,true,1,1247
7290000074481,false,לחמית אגוזים אסם 160 גרם,"אסם השקעות בע""\מ",,לחמית אגוזים 160גר,,160.00,100 גרם,false,1,12.90,8.06,true,1,16430
7290000074962,false,עוג.מיני שוקוצ'יפס 225גר,כרמית,,עוגיות שוקוציפס 225,,225.00,100 גרם,false,1,12.90,5.73,true,1,1267
7290000075143,false,אסם עוגיות שוקוצ'יפס קלאסי 200 גרם,מיוצר עי קונדיטוריית,,עוגיות שוקוציפס 200,,200.00,100 גרם,false,1,15.90,7.95,true,1,1269
7290000075204,false,אוסם - לחמית חיטה מלאה 250 גרם,"אסם השקעות בע""\מ",,לחמית חיטה מלאה 250,,250.00,100 גרם,false,1,11.50,4.60,true,1,3490
7290000075693,false,עוגת הבית שמרים בריוש שוקולד אסם 360 גרם,מיוצר עי קונדיטוריית,,ע.שמרים בריוש שוקולד,,360.00,100 גרם,false,1,22.50,6.25,true,1,14091
7290000076126,false,אוסם - בייגלה שמיניות קטנות 80 גרם,"אסם השקעות בע""\מ",,בייגלה שמיניות 80 גר,,80.00,100 גרם,false,1,5.00,6.25,true,1,1073
7290000076133,false,בייגלה שמיניות קטנות עם מלח אסם 400 גרם,"אסם השקעות בע""\מ",,בייגלה שמיניות 400 ג,,400.00,100 גרם,false,1,14.50,3.62,true,1,1074
7290000077017,false,עוגיות קרמוגית במילוי קרם שוקולד אסם 200 גרם,מיוצר עי קונדיטוריית,,קרמוגית שוקולד 200,,200.00,100 גרם,false,1,14.90,7.45,true,1,1270
7290000077253,false,אוסם - לחמית כפרית עם דגנים מלאים 190 גרם,"אסם השקעות בע""\מ",,לחמית כפרית 190ג,,190.00,100 גרם,false,1,12.90,6.79,true,1,10634
7290000078762,false,אוסם - חטיפי פריכונים מאורז מלא בטעם דבש 80גר,סנורייס בלגיום אן. ו,,פריכונים דבש 80,,80.00,100 גרם,false,1,9.90,12.38,true,1,3872
7290000080758,false,אוסם - טוסטעים פת קלוי 100 גרם,ון דר מולן האלום,,טוסטעים פת קלויה,,100.00,100 גרם,false,1,12.50,12.50,true,1,1278
7290000081663,false,"בייגלה טבעות שומשום אסם 300 גרם בד""ץ",מיוצר עי קונדיטוריית,,בייגלה שומשום 300 גר,,300.00,100 גרם,false,1,14.50,4.83,true,1,1075
=======
7290000070308,false,אבקת מרק עוף אמיתי בשרי אסם 400 גרם,קבוצת אוסם סחר שותפות מוגבלת,,אבקת מרק עוף במיכל,,400.00,100 גרם,false,1,29.00,7.25,true,1,9066
7290000071008,false,בייגלה שטוחים טבעות עם מלח אסם (60 גרם),קבוצת אוסם סחר שותפות מוגבלת,,שטוחים עם מלח 60 גר,,60.00,100 גרם,false,1,5.00,8.33,true,1,10087
7290000072067,false,במבה חטיף בוטנים במילוי קרם חלבה 60 גרם,קבוצת אסם סחר שות. מוגבלת,,במבה במילוי חלבה,,60.00,100 גרם,false,1,7.90,13.17,true,1,8585
7290000072227,false,רוטב סויה בסגנון סיני אסם (290 מל),קבוצת אוסם סחר-שות.מוגבלת,,רוטב סויה בסגנון סינ,,290.00,"100 מ""ל",false,1,13.90,4.79,true,1,16907
7290000072333,false,בונז'ור לחמנית דגנים 120ג',בונז'ור,,לחמנית דגנים,,0.00,,false,1,3.00,0.00,true,1,17889
7290000072623,false,קטשופ אסם בקבוק לחיץ 750 גרם,קבוצת אוסם סחר שותפות מוגבלת,,קטשופ אסם ב.לחיץ 750,,750.00,100 גרם,false,1,13.90,1.85,true,1,1236
7290000072753,false,קפה נמס מגורען טסטרס צ'ויס 200 גרם-,קבוצת אוסם סחר שותפות מוגבלת,,טסטרס צויס 200 גר,,200.00,100 גרם,false,1,36.00,18.00,true,1,1447
7290000072968,false,דגני בוקר סיני מיניס חיטה מלאה וקינמון נסטלה 500 גרם,קבוצת אוסם סחר-שות.מוגבלת,,סיני מיניס 500 גרם,,500.00,100 גרם,false,1,29.90,5.98,true,1,24191
7290000073125,false,מנה חמה פסטה ברוטב עגבניות אסם (62 גרם),קבוצת אוסם סחר שותפות מוגבלת,,מנה חמה פסטה ועגבניו,,62.00,100 גרם,false,1,10.00,16.13,true,1,3940
7290000073750,false,מנה חמה נודלס אטר+ירקות טעם עוף 70 גרם,קבוצת אוסם סחר שותפות מוגבלת,,מנה חמה נודלס עוף+יר,,70.00,100 גרם,false,1,10.00,14.29,true,1,1437
7290000073767,false,מנה חמה נודלס אטר.+ירקות טעם בקר 70 גרם,קבוצת אוסם סחר שותפות מוגבלת,,מנה חמה נודלס בקר,,70.00,100 גרם,false,1,10.00,14.29,true,1,1237
7290000073774,false,מנה חמה נודלס אטר+ירקות טעם צילי 70 גרם,קבוצת אוסם סחר שותפות מוגבלת,,מנה חמה נודלס פיקנטי,,70.00,100 גרם,false,1,10.00,14.29,true,1,1438
7290000074153,false,ביסקוויט פתי בר שוקולד אסם (500 גרם),קבוצת אוסם סחר שותפות מוגבלת,,פתי בר שוקו 500 גר,,500.00,100 גרם,false,1,16.90,3.38,true,1,9061
7290000074184,false,ביסקוויט פתי בר אסם (500 גרם),קבוצת אוסם סחר שותפות מוגבלת,,פתי בר קלאסי 500 גר,,500.00,100 גרם,false,1,16.90,3.38,true,1,9050
7290000074245,false,אוסם - קרם קרקר אסם 250 גרם,קבוצת אוסם סחר שותפות מוגבלת,,קרם קרקר 250 גר,,250.00,100 גרם,false,1,11.50,4.60,true,1,1439
7290000074252,false,קרקר שומשום אסם (250 גרם),קבוצת אוסם סחר שותפות מוגבלת,,קרקר שומשום,,250.00,100 גרם,false,1,11.50,4.60,true,1,302
7290000074276,false,קרקר פיקנטי טבעון 250 ג' אסם,קבוצת אוסם סחר שותפות מוגבלת,,טיבעון קרקר פיקנטי,,250.00,100 גרם,false,1,12.50,5.00,true,1,16427
7290000074375,false,אוסם - קרקר זהב 150 גרם,קבוצת אוסם סחר שותפות מוגבלת,,קרקר זהב 150 גר,,150.00,100 גרם,false,1,9.00,6.00,true,1,1247
7290000074481,false,קרקר לחמית אגוזים אסם (160 גרם),קבוצת אסם סחר שות. מוגבלת,,לחמית אגוזים 160גר,,160.00,100 גרם,false,1,12.90,8.06,true,1,16430
7290000074962,false,משהו משהו עוג.מיני וניל,קבוצת אוסם סחר-שות.מוגבלת,,עוגיות שוקוציפס 225,,225.00,100 גרם,false,1,12.90,5.73,true,1,1267
7290000075143,false,אסם עוגיות שוקוצ'יפס קלאסי 200 גרם,קבוצת אוסם סחר-שות.מוגבלת,,עוגיות שוקוציפס 200,,200.00,100 גרם,false,1,15.90,7.95,true,1,1269
7290000075204,false,קרקר לחמית חיטה מלאה אסם (250 גרם),קבוצת אוסם סחר שותפות מוגבלת,,לחמית חיטה מלאה 250,,250.00,100 גרם,false,1,11.50,4.60,true,1,3490
7290000075693,false,עוגת הבית שמרים בריוש שוקולד אסם 360 גרם,קבוצת אסם סחר שות. מוגבלת,,ע.שמרים בריוש שוקולד,,360.00,100 גרם,false,1,22.50,6.25,true,1,14091
7290000076126,false,אוסם - בייגלה שמיניות קטנות 80 גרם,קבוצת אוסם סחר שותפות מוגבלת,,בייגלה שמיניות 80 גר,,80.00,100 גרם,false,1,5.00,6.25,true,1,1073
7290000076133,false,בייגלה שמיניות קטנות עם מלח אסם 400 גרם,קבוצת אוסם סחר שותפות מוגבלת,,בייגלה שמיניות 400 ג,,400.00,100 גרם,false,1,14.50,3.62,true,1,1074
7290000077017,false,עוגיות קרמוגית במילוי קרם שוקולד אסם 200 גרם,קבוצת אוסם סחר שותפות מוגבלת,,קרמוגית שוקולד 200,,200.00,100 גרם,false,1,14.90,7.45,true,1,1270
7290000077253,false,אוסם - לחמית כפרית עם דגנים מלאים 190 גרם,קבוצת אסם סחר שות. מוגבלת,,לחמית כפרית 190ג,,190.00,100 גרם,false,1,12.90,6.79,true,1,10634
7290000078762,false,אוסם - חטיפי פריכונים מאורז מלא בטעם דבש 80גר,קבוצת אוסם סחר-שות.מוגבלת,,פריכונים דבש 80,,80.00,100 גרם,false,1,9.90,12.38,true,1,3872
7290000080758,false,פת קלויה טוסטעים אסם (100 גרם),קבוצת אוסם סחר שותפות מוגבלת,,טוסטעים פת קלויה,,100.00,100 גרם,false,1,12.50,12.50,true,1,1278
7290000081663,false,"בייגלה טבעות שומשום אסם 300 גרם בד""ץ",קבוצת אוסם סחר שותפות מוגבלת,,בייגלה שומשום 300 גר,,300.00,100 גרם,false,1,14.50,4.83,true,1,1075
>>>>>>> d048ac2f4f281c9d788043ab4e81b61b0dbe3743
7290000083803,false,פ.בקבוק גלוברדנס,Unknown,,פ.בקבוק גלוברדנס,,0.00,,false,1,0.30,0.00,false,1,22147
7290000083807,false,ג.פיקדון רביעייה,Unknown,,ג.פיקדון רביעייה,,0.00,,false,1,1.20,0.00,false,1,23477
7290000098546,false,פיקדון זוג,Unknown,,פיקדון זוג,,0.00,,false,1,0.60,0.00,false,1,1339
7290000098678,false,פיקדון שישיה,Unknown,,פיקדון שישיה,,0.00,,false,1,1.80,0.00,false,1,90
7290000099748,false,פיקדון רבעיייה,Unknown,,פיקדון רבעיייה,,0.00,,false,1,1.20,0.00,false,1,1340
<<<<<<< HEAD
7290000101927,false,אוכמניות כחולות מוקפאות סנפרוסט 300 גרם,"איי, בי, אינבוו",,סנפרוסט אוכמניות כחל,,300.00,100 גרם,false,1,22.00,7.33,true,1,24069
7290000104201,false,אפונה עדינה סנפרוסט 600 גרם,"איי, בי, אינבוו",,סנפרוסט אפונה עדינה,,600.00,100 גרם,false,1,23.90,3.98,true,1,23954
7290000104676,false,אפונה קפואה סנפרוסט 800 גרם,"איי, בי, אינבוו",,סנפורסט אפונה 800גר,,800.00,100 גרם,false,1,22.90,2.86,true,1,23932
7290000104683,false,שעועית ירוקה שלמה סנפרוסט 800 גרם,"סנפרוסט בע""\מ",,סנפרוסט שעועית שלמה,,800.00,100 גרם,false,1,26.00,3.25,true,1,23933
7290000104690,false,תירס גרעינים 800 גרם סנפרוסט,"איי, בי, אינבוו",,סנפרוסט תירס גרעינים,,800.00,100 גרם,false,1,21.90,2.74,true,1,23950
7290000104720,false,שעועית ירוקה חתוכה סנפרוסט 800 גרם,"סנפרוסט בע""\מ",,שעועית חתוכה סנפרוסט,,800.00,100 גרם,false,1,22.90,2.86,true,1,23978
7290000104744,false,כרובית סנפרוסט 800 גרם,"סנפרוסט בע""\מ",,סנפרוסט כרובית,,800.00,100 גרם,false,1,30.00,3.75,true,1,23161
7290000104805,false,גרגירי חומוס מבושלים סנפרוסט 800 גרם,"איי, בי, אינבוו",,סנפרוסט גרגירי חומוס,,800.00,100 גרם,false,1,23.90,2.99,true,1,23977
7290000104836,false,שעועית ירוקה עדינה שלמה סנפרוסט 600 גרם,"סנפרוסט בע""\מ",,סנפרוסט שעועית עדינה,,600.00,100 גרם,false,1,27.90,4.65,true,1,23980
7290000107165,false,חטיף סויה אדממה סנפרוסט 400 גרם,"איי, בי, אינבוו",,סנפרוסט חטיף פ.סויה,,400.00,100 גרם,false,1,17.90,4.47,true,1,23959
7290000107295,false,תפרחות ברוקולי סנפרוסט 800 גרם,"איי, בי, אינבוו",,סנפרוסט ברוקלי 800גר,,800.00,100 גרם,false,1,29.90,3.74,true,1,23934
7290000110844,false,"כיפלי בטעם גריל 70 גרם-בד""ץ",יוניליור ישראל מזון,,כיפלי גריל בדצ,,70.00,100 גרם,false,1,7.90,11.29,true,1,9203
7290000110851,false,"כיפלי בטעם בצל 70 גרם-בד""ץ",יוניליוור מזון,,כיפלי בצל בדצ,,70.00,100 גרם,false,1,7.90,11.29,true,1,9202
7290000111186,false,"מיונז אמיתי תלמה 500 גרם בד""צ",יוניליוור ישראל מזון בע\,,תלמה מיונז 500 גר,,500.00,100 גרם,false,1,13.50,2.70,true,1,9046
7290000111360,false,"חרדל אמיתי תלמה 250 גרם בד""צ",יוניליוור ישראל מזו,,תלמה חרדל 250 גר,,250.00,100 גרם,false,1,8.90,3.56,true,1,9048
7290000112220,false,טחינה גולמית שומשום טהור בארכה 500 גרם,"רושדי תעשיות מזון בע""\מ",,בארכה טחינה 500,,500.00,100 גרם,false,1,18.50,3.70,true,1,9370
7290000112619,false,אבקת מרק עוף אמיתי קנור 400 ג' כשלפ,יוניליוור ישראל מזון בע\,,מרק עוף 400 גרם,,400.00,100 גרם,false,1,29.90,7.48,true,1,24002
7290000113180,false,"כיפלי צ'יפס בד""צ תלמה 50 ג'",יוניליור ישראל מזון,,כפלי ציפס בדצ 50 גרם,,50.00,100 גרם,false,1,7.90,15.80,true,1,23630
7290000113203,false,"כיפלי צ'יפס קטשופ בד""ץ 50 גרם",יוניליוור ישראל מזון בעמ,,כיפלי קטשופ בדצ,,50.00,100 גרם,false,1,7.90,15.80,true,1,9201
7290000116884,false,"רוטב ברביקיו קנור 300 גרם בד""צ",יוניליוור ישראל מזון בע\,,רוטב ברביקיו קנור,,350.00,100 גרם,false,1,14.50,4.14,true,1,23631
7290000117720,false,נמס בכוס פטריות קנור 21.5 גרם מארז זוגי,יוניליוור ישראל מזון בע\,,קנור נמס בכוס פטריות,,43.00,100 גרם,false,1,9.00,20.93,true,1,3512
7290000120836,false,"מיונז אמיתי 394 גרם ""הלמנס""",קונפקו אינק' די.בי.א,,הלמנס מיונז 417 גר,,433.00,100 גרם,false,1,17.00,3.93,true,1,23945
7290000120874,false,מיונז הלמנס לייט מופחת קלוריות 424ג,"יונילוור ארה""ב - HPC",,הלמנס מיונז לייט 433,,476.00,100 גרם,false,1,17.00,3.57,true,1,23926
=======
7290000101927,false,אוכמניות כחולות מוקפאות סנפרוסט 300 גרם,תנובה ענף ב.ע.ד,,סנפרוסט אוכמניות כחל,,300.00,100 גרם,false,1,22.00,7.33,true,1,24069
7290000104201,false,אפונה עדינה מוקפאת סנפרוסט (600 גרם),תנובה ענף ב.ע.ד,,סנפרוסט אפונה עדינה,,600.00,100 גרם,false,1,23.90,3.98,true,1,23954
7290000104676,false,אפונה קפואה סנפרוסט 800 גרם,תנובה מרכז שיתופי לשיווק תוצרת,,סנפורסט אפונה 800גר,,800.00,100 גרם,false,1,22.90,2.86,true,1,23932
7290000104683,false,שעועית ירוקה שלמה סנפרוסט (800 גרם),תנובה מרכז שיתופי לשיווק תוצרת,,סנפרוסט שעועית שלמה,,800.00,100 גרם,false,1,26.00,3.25,true,1,23933
7290000104690,false,גרעיני תירס מוקפאים סנפרוסט (800 גרם),תנובה מרכז שיתופי לשיווק תוצרת,,סנפרוסט תירס גרעינים,,800.00,100 גרם,false,1,21.90,2.74,true,1,23950
7290000104720,false,שעועית ירוקה חתוכה סנפרוסט (800 גרם),תנובה מרכז שיתופי לשיווק תוצרת,,שעועית חתוכה סנפרוסט,,800.00,100 גרם,false,1,22.90,2.86,true,1,23978
7290000104744,false,כרובית מוקפאת סנפרוסט (800 גרם),תנובה מרכז שיתופי לשיווק תוצרת,,סנפרוסט כרובית,,800.00,100 גרם,false,1,30.00,3.75,true,1,23161
7290000104805,false,גרגרי חומוס מבושלים סנפרוסט (800 גרם),תנובה מרכז שיתופי לשיווק תוצרת,,סנפרוסט גרגירי חומוס,,800.00,100 גרם,false,1,23.90,2.99,true,1,23977
7290000104836,false,שעועית ירוקה עדינה שלמה סנפרוסט 600 גרם,תנובה מרכז שיתופי לשיווק תוצרת,,סנפרוסט שעועית עדינה,,600.00,100 גרם,false,1,27.90,4.65,true,1,23980
7290000107165,false,חטיף סויה אדממה סנפרוסט (400 גרם),תנובה מרכז שיתופי לשיווק תוצרת,,סנפרוסט חטיף פ.סויה,,400.00,100 גרם,false,1,17.90,4.47,true,1,23959
7290000107295,false,תפרחות ברוקולי סנפרוסט 800 גרם,תנובה מרכז שיתופי לשיווק תוצרת,,סנפרוסט ברוקלי 800גר,,800.00,100 גרם,false,1,29.90,3.74,true,1,23934
7290000110844,false,כיפלי בטעם גריל בד`צ 70 גרם .,יוניליוור ישראל שיווק בע`מ,,כיפלי גריל בדצ,,70.00,100 גרם,false,1,7.90,11.29,true,1,9203
7290000110851,false,כיפלי חטיף בטעם בצל מהדרין תלמה (70 גרם),יוניליוור ישראל שיווק בע`מ,,כיפלי בצל בדצ,,70.00,100 גרם,false,1,7.90,11.29,true,1,9202
7290000111186,false,"מיונז אמיתי תלמה 500 גרם בד""צ","יוניליוור ישראל שיווק בע""מ",,תלמה מיונז 500 גר,,500.00,100 גרם,false,1,13.50,2.70,true,1,9046
7290000111360,false,חרדל אמיתי חריף 250 גרם בצנצנת כשלפ,יוניליוור ישראל שיווק בע`מ,,תלמה חרדל 250 גר,,250.00,100 גרם,false,1,8.90,3.56,true,1,9048
7290000112220,false,טחינה גולמית שומשום טהור בארכה 500 גרם,קבוצת אוסם סחר שותפות מוגבלת,,בארכה טחינה 500,,500.00,100 גרם,false,1,18.50,3.70,true,1,9370
7290000112619,false,אבקת מרק עוף אמיתי קנור 400 ג' כשלפ,יוניליוור ישראל שיווק בע`מ,,מרק עוף 400 גרם,,400.00,100 גרם,false,1,29.90,7.48,true,1,24002
7290000113180,false,כיפלי צ`יפסים מהדרין תלמה (50 גרם),יוניליוור ישראל שיווק בע`מ,,כפלי ציפס בדצ 50 גרם,,50.00,100 גרם,false,1,7.90,15.80,true,1,23630
7290000113203,false,כיפלי צ`יפסים קטשופ תלמה (50 גרם),יוניליוור ישראל שיווק בעמ,,כיפלי קטשופ בדצ,,50.00,100 גרם,false,1,7.90,15.80,true,1,9201
7290000116884,false,"רוטב ברביקיו קנור 300 גרם בד""צ",יוניליוור ישראל שיווק בע`מ,,רוטב ברביקיו קנור,,350.00,100 גרם,false,1,14.50,4.14,true,1,23631
7290000117720,false,נמס בכוס פטריות קנור 21.5 גרם מארז זוגי,יוניליוור ישראל שיווק בע`מ,,קנור נמס בכוס פטריות,,43.00,100 גרם,false,1,9.00,20.93,true,1,3512
7290000120836,false,מיונז אמיתי הלמנס (394 גרם),"יוניליוור ישראל שיווק בע""מ",,הלמנס מיונז 417 גר,,433.00,100 גרם,false,1,17.00,3.93,true,1,23945
7290000120874,false,מיונז הלמנס לייט מופחת קלוריות 424ג,"יוניליוור ישראלשיווק בע""מ",,הלמנס מיונז לייט 433,,476.00,100 גרם,false,1,17.00,3.57,true,1,23926
>>>>>>> d048ac2f4f281c9d788043ab4e81b61b0dbe3743
7290000134826,false,זעתר מעורב בקופ' 100 גר' טעם וריח,"תבליני טעם וריח בע""מ",,מיכל זעתר 100 גר,,100.00,100 גרם,false,1,9.50,9.50,true,1,1230
7290000134840,false,כורכום טחון בקופ' 100 גר' טעם וריח,"תבליני טעם וריח בע""מ",,מיכל כורכום 100 גר,,100.00,100 גרם,false,1,10.90,10.90,true,1,23924
7290000134857,false,פפריקה מתוקה בקופ' 100 גר' טעם וריח,"תבליני טעם וריח בע""מ",,פפריקה מתוקה 100 גר,,100.00,100 גרם,false,1,11.90,11.90,true,1,1412
7290000134864,false,פפריקה חריפה בקופ' 100 גר' טעם וריח,"תבליני טעם וריח בע""\מ",,פפריקה חריפה במיכל,,100.00,100 גרם,false,1,10.90,10.90,true,1,23925
7290000134871,false,פלפל שחור טחון בקופ' 100 גר' טעם וריח,"תבליני טעם וריח בע""מ",,מיכל פלפל שחור 100 ג,,100.00,100 גרם,false,1,14.50,14.50,true,1,1232
7290000135045,false,"XL TEN משקה אנרגיה פתוח ללא סוכר 250 מ""ל","טמפו משקאות בע""\מ",,משקה אנרגיה XL תפוח,,250.00,"100 מ""ל",false,1,8.90,3.44,true,1,18425
7290000135052,false,"XL TEN משקה אנרגיה מנגו ללא סוכר 250 מ""ל","טמפו משקאות בע""\מ",,משקה אנרגיה XL מנגו,,250.00,"100 מ""ל",false,1,8.90,3.44,true,1,18532
7290000135113,false,משקה אנרגיה אקסל נענע ליים ללס (250 מל,"טמפו משקאות בע""\מ",,XL נענע ליים 250,,250.00,"100 מ""ל",false,1,8.90,3.44,true,1,19378
7290000135151,false,"טמפו סודה למון ליים בקבוק 250 מ""ל",טמפו משקאות בעמ,,סודה נגיעות לימון,,275.00,"100 מ""ל",false,1,6.90,2.40,true,1,19861
7290000135168,false,"פפסי מקס ליים פחית צרה מארז שישייה 330 מ""ל","טמפו משקאות בע""מ",,פפסי מקס ליים 330*6,,1.98,1 ליטר,false,1,26.90,12.68,false,1,20501
<<<<<<< HEAD
7290000135175,false,פפסי מקס ליים -משקה קולה מוגז גל קלוריות,אלפא \n S.A,,פפסי מקס לימון פחית,,330.00,"100 מ""ל",false,1,6.90,2.00,true,1,19862
=======
7290000135175,false,פפסי מקס ליים -משקה קולה מוגז גל קלוריות,טמפו משקאות בעמ,,פפסי מקס לימון פחית,,330.00,"100 מ""ל",false,1,6.90,2.00,true,1,19862
>>>>>>> d048ac2f4f281c9d788043ab4e81b61b0dbe3743
7290000135182,false,"מארז 7 אפ פרי דל קלוריות בטעם לימון ליים פחית צרה 330 מ""ל*6 יח'","טמפו משקאות בע""מ",,סבן אפ דיאט 330*6,,1.98,1 ליטר,false,1,26.90,12.68,true,1,22568
7290000135342,false,"מי סודה טמפו בקבוק 500 מ""ל","טמפו משקאות בע""\מ",,סודה 500 מל בקבוק,,500.00,"100 מ""ל",false,1,6.90,1.32,true,1,23609
7290000135557,false,"גולדסטאר 330 מ""ל שישייה","טמפו משקאות בע""\מ",,גולדסטאר WILD 330*6,,1.98,1 ליטר,false,1,44.90,21.77,true,1,23739
7290000135625,false,"רביעיית פחיות בירה גולדסטאר 500 מ""ל","טמפו משקות בע""\מ",,גולדסטאר פחית 500 4י,,500.00,"100 מ""ל",false,1,29.90,5.74,true,1,21525
7290000135632,false,"רביעיית פחיות בירה גולדסטאר לא מסונן 500 מ""ל","טמפו משקאות בע""\מ",,גולדסטאר UF פחית 4יח,,500.00,"100 מ""ל",false,1,35.90,6.94,true,1,21526
7290000135663,false,"פפסי מקס דובדבן פחית צרה מארז שישייה 330 מ""ל",טמפו משקאות בע''מ,,פפסי מ.דובדבן 330*6,,1.98,1 ליטר,false,1,26.90,12.68,true,1,23528
7290000136158,false,פפסי מקס משקה מוגז דל קלוריות בטעם קולה,"טמפו משקאות בע""\מ",,פפסי מקס 1.5 ל פ,,1.50,1 ליטר,false,1,12.90,8.40,true,1,21940
7290000136196,false,הייניקן שישייה מארז,Unknown,,הייניקן שישייה מארז,,1.98,1 ליטר,false,1,59.90,29.34,true,1,22879
7290000136240,false,סודה 1.5 ליטר שישייה בודד,"טמפו משקאות בע""\מ",,סודה טמפו 1.5 ל פ,,1.50,1 ליטר,false,1,8.90,5.73,true,1,21941
7290000136639,false,ערק נח 12 לימונים,Unknown,,ערק נח 12 לימונים,,200.00,"100 מ""ל",false,1,39.90,19.80,false,1,22597
7290000136646,false,בירה שחורה נשר מאלט בקבוק 1.5 ליטר,"טמפו משקאות בע""\מ",,נשר מאלט 1.5 ל פ,,1.50,1 ליטר,false,1,12.60,8.20,true,1,22807
7290000136806,false,סודה בטעם לימון ליים 1.5 רביעייה רביעייה,טמפו משקאות בע`מ,,סודה למון ליים 1.5*4,,6.00,1 ליטר,false,1,19.90,3.12,true,1,23529
7290000136813,false,סודה בטעם אננס מארז רביעייה 1.5 ל' טמפו,טמפו משקאות בע''מn\,,סודה אננס 1.5*4,,6.00,1 ליטר,false,1,19.90,3.12,true,1,23530
7290000136837,false,רביעיית מי סודה נגיעות אפרסק טמפו 1.5 ליטר,טמפו משקאות בע''מn\,,סודה נ.אפרסק 1.5*4,,6.00,1 ליטר,false,1,19.90,3.12,true,1,23531
7290000136882,false,"ערק נח 12 200 מ""ל",Unknown,,ערק נח 12 200 מל,,200.00,"100 מ""ל",false,1,39.90,19.80,false,1,22598
7290000137513,false,גלידונית גלידה וניל בציפוי שוקולד 60 יח' קרמיסימו,"גלידת שטראוס בע""\מ, רחוב",,גלידונית וניל 60יח,,700.00,100 גרם,false,1,50.00,7.14,true,1,4780
7290000137643,false,שלגוני טעמקור בטעם שוקו וניל שטראוס 8*50 גרם,"גלידת שטראוס בע""\מ, רחוב",,מאגדת טעמקור,,880.00,"100 מ""ל",false,1,40.00,4.55,true,1,20288
7290000143200,false,"הוואי - מרכך לשיער יבש 700 מ""ל",שוורצקוף& הנקל דיסלד,,הוואי מרכך לשיער יבש,,700.00,"100 מ""ל",false,1,12.00,1.71,true,1,22762
<<<<<<< HEAD
7290000143217,false,"הוואי שמפו יבש מסולסל 700 מ""ל",שוורצקוף& הנקל דיסלד,,הוואי שמפו לשיער יבש,,700.00,"100 מ""ל",false,1,12.00,1.71,true,1,22763
7290000144474,false,שמן עץ הזית קנולה 1 ליטר בריאות מהטבע,שמן תעשיות בעמ,,שמן בריאות קנולה,,1.00,1 ליטר,false,1,18.00,18.00,true,1,19590
7290000148380,false,פיסטוקים קלוים קליית גת 200 גרם,"ג'י אנד ג'י בע""מ",,פיסטוק שקית 200 גרם,,200.00,100 גרם,false,1,23.90,11.95,true,1,1128
7290000148489,false,"קליית גת גרעיני דלעת קלויים,200 גרם","ג'י אנד ג'י בע""מ",,גרעיני דלעת שקית 200,,200.00,100 גרם,false,1,13.90,6.95,true,1,1129
7290000148748,false,קליית גת גרעיני חמניה קלויים ומומלחים200,"ג'י אנד ג'י בע""מ",,גרעיני חמניה שקית200,,200.00,100 גרם,false,1,9.00,4.50,true,1,1131
7290000161631,false,ח.קליק אין אאוט במילוי נוגט,יוניליוור ישראל מזון בע\,,קליק IN נוגט 38 גר,,38.00,100 גרם,false,1,7.50,19.74,true,1,2674
7290000161648,false,חטיף קליק אין אאוט במילו קרם,יוניליוור ישראל מזון בע\,,קליק IN חלב 38 גר,,38.00,100 גרם,false,1,7.50,19.74,true,1,2676
7290000168173,false,"ברנפלקס קרנצ'ים תלמה בד""ץ 375 גרם",יוניליור ישראל מזון,,קרנצים תלמה 375 גרם,,375.00,100 גרם,false,1,28.90,7.71,true,1,23998
7290000169538,false,"נמס בכוס עגבניות וקרוטונים מרק כשרות בד""ץ 62 ג' קנור",יוניליוור ישראל מזון בע\,,מרק נמס בכוס עגבניות,,62.00,100 גרם,false,1,9.00,14.52,false,1,24028
7290000170053,false,שוקולד פרה חלב 100 גרם,"שטראוס גרופ בע""\מ.",,פרה שוקולד חלב 100,,100.00,100 גרם,false,1,9.00,9.00,true,1,958
7290000170077,false,פרה שוקולד מריר 100 גרם,"שטראוס גרופ בע""\מ.",,פרה שוקולד מריר 100ג,,100.00,100 גרם,false,1,9.00,9.00,true,1,959
7290000174099,false,בפלות בטעם שוקולד 500 גר,STRAUSS-ISRAEL,,עלית ופל שוקולד 500ג,,500.00,100 גרם,false,1,16.90,3.38,true,1,1254
7290000174723,false,שוקולית אבקה להכנת משקה שוקו 500 גרם,הנסיך- מפעל לייצור ט,,שוקולית 500 גר,,500.00,100 גרם,false,1,16.00,3.20,true,1,1279
7290000176062,false,קפה טורקי בשקית 100 ג' עלית,שטראוס קפה בי.ויn\.,,עלית קפה טורקי 100,,100.00,100 גרם,false,1,10.90,10.90,true,1,1280
7290000176079,false,קפה עלית טורקי עם הל 100 גרם,הנסיך- מפעל לייצור ט,,קפה טורקי עם הל 100ג,,100.00,100 גרם,false,1,11.00,11.00,true,1,8278
7290000176420,false,קפה נמס פחית עלית 200 גרם,שטראוס קפה בי.וי,,עלית קפה נמס 200,,200.00,100 גרם,false,1,28.00,14.00,true,1,1245
7290000178103,false,שוקולד חלב פרה 100*4 גרם,STRAUSS-ISRAEL,,רביעיה שוקולד חלב,,400.00,100 גרם,false,1,25.00,6.25,true,1,13999
7290000178134,false,שוקולד פרה מריר 100 גרם מארז רביעייה,שטראוס גרופ,,מאגדת שוקולד מריר*4,,400.00,100 גרם,false,1,25.00,6.25,true,1,9492
7290000178707,false,תפוצ'יפס בטעם טבעי 50 גרם,"שטראוס פריטו ליי בע""\מ )",,תפוציפס טבעי 50 גר,,50.00,100 גרם,false,1,5.90,11.80,true,1,1060
7290000178721,false,תפוצ'יפס בטעם טבעי 200 גרם,"שטראוס פריטו ליי בע""\מ )",,תפוציפס טבעי 200 גר,,200.00,100 גרם,false,1,10.00,5.00,true,1,11373
7290000180212,false,שוקולד מריר אגוז 100 גרם,STRAUSS-ISRAEL,,פרה שוקול מריר אגוז,,100.00,100 גרם,false,1,9.00,9.00,true,1,8167
7290000181103,false,ביסקויט עד חצות חלב200גר,STRAUSS-ISRAEL,,עד חצות ביסקוויט 200,,200.00,100 גרם,false,1,17.90,8.95,true,1,1257
7290000187860,false,מגבוני טואלט לחים לילי דיספנסר 40יח',עלבד משואות יצחק בעמ,,לילי נייר טואלט לח,,56.00,יחידה,false,1,8.90,0.16,true,1,4218
7290000187921,false,נייר טואלט דו שכבתי לבן לילי 32 יחידות,לילי נייר טואלט חוגלה,,לילי נ.ט קלאסי לבן32,,588.00,100 מטר,false,1,46.00,7.82,true,1,9284
7290000187938,false,לילי - נייר טואולט נייר טואלט פסטל 32 יח',לילי נייר טואלט חוגלה,,לילי נ.ט פסטל 32גליל,,588.00,100 מטר,false,1,46.00,7.82,true,1,19595
7290000188355,false,מגבות מטבח ניקול לבנה שישייה,קימברלי-קלארק,,ניקול מגבת 1/6,,64.80,1 מטר,false,1,13.90,0.21,true,1,9256
7290000189536,false,שקיות אשפהעם שרוך 65*52 ניקול 40 יחידות,אשפלסט,,ניקול שקיות אשפה,,40.00,יחידה,false,1,24.90,0.62,true,1,11893
7290000191539,false,חמישיית ממחטות טישו צבועני לילי 100 יחידות,חוגלה קימברלי,,לילי צבעוני טישו 4+1,,5.00,יחידה,false,1,19.90,3.98,true,1,21988
7290000191546,false,ממחטות טישו צבעוני 2 שכבות לילי מארז 100X3יח',חוגלה קימברלי,,לילי צבעוני טישו 3יח,,420.00,100 גרם,false,1,12.90,3.07,true,1,3736
7290000191652,false,שלישיית ממחטות אולטרה סופט קלינקס 90 יחידות,חוגלה קימברלי,,מגבוני טישו קליניקס,,270.00,יחידה,false,1,13.90,0.05,true,1,9896
=======
7290000143217,false,הוואי שמפו לשיער יבש700 מל כחול,שוורצקוף& הנקל דיסלד,,הוואי שמפו לשיער יבש,,700.00,"100 מ""ל",false,1,12.00,1.71,true,1,22763
7290000144474,false,שמן עץ הזית קנולה 1 ליטר בריאות מהטבע,סוגת תעשיות בעמ,,שמן בריאות קנולה,,1.00,1 ליטר,false,1,18.00,18.00,true,1,19590
7290000148380,false,פיסטוקים קלויים קליית גת (200 גרם),ליימן שליסל בעמ,,פיסטוק שקית 200 גרם,,200.00,100 גרם,false,1,23.90,11.95,true,1,1128
7290000148489,false,"קליית גת גרעיני דלעת קלויים,200 גרם",ליימן שליסל בעמ,,גרעיני דלעת שקית 200,,200.00,100 גרם,false,1,13.90,6.95,true,1,1129
7290000148748,false,קליית גת גרעיני חמניה קלויים ומומלחים200,ליימן שליסל בעמ,,גרעיני חמניה שקית200,,200.00,100 גרם,false,1,9.00,4.50,true,1,1131
7290000161631,false,קליק חטיף שוקולד מילוי קרם נוגט 38גר,יוניליוור ישראל שיווק בע`מ,,קליק IN נוגט 38 גר,,38.00,100 גרם,false,1,7.50,19.74,true,1,2674
7290000161648,false,קליק בארים אין אאוט קרם חלבי,יוניליוור ישראל שיווק בע`מ,,קליק IN חלב 38 גר,,38.00,100 גרם,false,1,7.50,19.74,true,1,2676
7290000168173,false,"ברנפלקס קרנצ'ים תלמה בד""ץ 375 גרם",יוניליוור ישראל שיווק בעמ,,קרנצים תלמה 375 גרם,,375.00,100 גרם,false,1,28.90,7.71,true,1,23998
7290000169538,false,"נמס בכוס עגבניות וקרוטונים מרק כשרות בד""ץ 62 ג' קנור",יוניליוור ישראל שיווק בע`מ,,מרק נמס בכוס עגבניות,,62.00,100 גרם,false,1,9.00,14.52,false,1,24028
7290000170053,false,שוקולד פרה חלב 100 גרם,"שטראוס גרופ בע""\מ.",,פרה שוקולד חלב 100,,100.00,100 גרם,false,1,9.00,9.00,true,1,958
7290000170077,false,שוקולד פרה מריר פרווה עלית (100 גרם),"שטראוס גרופ בע""\מ.",,פרה שוקולד מריר 100ג,,100.00,100 גרם,false,1,9.00,9.00,true,1,959
7290000174099,false,בפלות בטעם שוקולד עלית (4 יח`- 500 גרם),שטראוס גרופ בעמ,,עלית ופל שוקולד 500ג,,500.00,100 גרם,false,1,16.90,3.38,true,1,1254
7290000174723,false,שוקולית אבקה להכנת משקה שוקו 500 גרם,הנסיך- מפעל לייצור ט,,שוקולית 500 גר,,500.00,100 גרם,false,1,16.00,3.20,true,1,1279
7290000176062,false,קפה טורקי בשקית 100 ג' עלית,שטראוס קפה בי.ויn\.,,עלית קפה טורקי 100,,100.00,100 גרם,false,1,10.90,10.90,true,1,1280
7290000176079,false,קפה טורקי עם הל עלית (100 גרם),הנסיך- מפעל לייצור ט,,קפה טורקי עם הל 100ג,,100.00,100 גרם,false,1,11.00,11.00,true,1,8278
7290000176420,false,קפה נמס פחית עלית 200 גרם,פיקסל אם.גי.אם בעמ,,עלית קפה נמס 200,,200.00,100 גרם,false,1,28.00,14.00,true,1,1245
7290000178103,false,שוקולד חלב פרה 100*4 גרם,STRAUSS-ISRAEL,,רביעיה שוקולד חלב,,400.00,100 גרם,false,1,25.00,6.25,true,1,13999
7290000178134,false,שוקולד פרה מריר 100 גרם מארז רביעייה,שטראוס גרופ בע`מ,,מאגדת שוקולד מריר*4,,400.00,100 גרם,false,1,25.00,6.25,true,1,9492
7290000178707,false,חטיף צ`יפס בטעם טבעי תפוצ`יפס (50 גרם),"שטראוס פריטו ליי בע""\מ )",,תפוציפס טבעי 50 גר,,50.00,100 גרם,false,1,5.90,11.80,true,1,1060
7290000178721,false,חטיף צ`יפס בטעם טבעי תפוצ`יפס (200 גרם),"שטראוס פריטו ליי בע""\מ )",,תפוציפס טבעי 200 גר,,200.00,100 גרם,false,1,10.00,5.00,true,1,11373
7290000180212,false,שוקולד מריר אגוז 100 גרם,שטראוס גרופ בעמ,,פרה שוקול מריר אגוז,,100.00,100 גרם,false,1,9.00,9.00,true,1,8167
7290000181103,false,ביסקויט עד חצות חלב200גר,STRAUSS-ISRAEL,,עד חצות ביסקוויט 200,,200.00,100 גרם,false,1,17.90,8.95,true,1,1257
7290000187860,false,מגבוני טואלט לחים לילי דיספנסר 40יח',קימברלי קלארק ישראל שיווק בעמ,,לילי נייר טואלט לח,,56.00,יחידה,false,1,8.90,0.16,true,1,4218
7290000187921,false,נייר טואלט דו שכבתי לבן לילי 32 יחידות,קימברלי קלארק ישראל שיווק בעמ,,לילי נ.ט קלאסי לבן32,,588.00,100 מטר,false,1,46.00,7.82,true,1,9284
7290000187938,false,לילי - נייר טואולט נייר טואלט פסטל 32 יח',קימברלי קלארק ישראל שיווק בעמ,,לילי נ.ט פסטל 32גליל,,588.00,100 מטר,false,1,46.00,7.82,true,1,19595
7290000188355,false,ניקול מגבות נייר לבנות 6 גלילים,קימברלי קלארק ישראל שיווק בעמ,,ניקול מגבת 1/6,,64.80,1 מטר,false,1,13.90,0.21,true,1,9256
7290000189536,false,שקיות אשפהעם שרוך 65*52 ניקול 40 יחידות,קימברלי קלארק ישראל שיווק בעמ,,ניקול שקיות אשפה,,40.00,יחידה,false,1,24.90,0.62,true,1,11893
7290000191539,false,חמישיית ממחטות טישו צבועני לילי 100 יחידות,קימברלי קלארק ישראל שיווק בעמ,,לילי צבעוני טישו 4+1,,5.00,יחידה,false,1,19.90,3.98,true,1,21988
7290000191546,false,ממחטות טישו צבעוני 2 שכבות לילי מארז 100X3יח',קימברלי קלארק ישראל שיווק בעמ,,לילי צבעוני טישו 3יח,,420.00,100 גרם,false,1,12.90,3.07,true,1,3736
7290000191652,false,שלישיית ממחטות אולטרה סופט קלינקס 90 יחידות,קימברלי קלארק ישראל שיווק בעמ,,מגבוני טישו קליניקס,,270.00,יחידה,false,1,13.90,0.05,true,1,9896
>>>>>>> d048ac2f4f281c9d788043ab4e81b61b0dbe3743
7290000195452,false,מגבוני האגיס דיספנסר,עלבד,,האגיס מגבון מבושם די,,480.00,100 גרם,false,1,11.90,2.48,true,1,4229
7290000195537,false,האגיס - מגבוני האגיס דיילי קר לא מבושם 64 יח' * 4,קימברלי קלארק ישראל שיווק בעמ,,האגיס מגבונים רביעיה,,256.00,יחידה,false,1,26.00,0.10,true,1,9107
7290000197432,false,שקיות אוכל סנדביצ'ון ניקול מארז 150X2יח',קימברלי קלארק ישראל שיווק בעמ,,סנדוויצון זוג,,300.00,יחידה,false,1,18.50,0.06,true,1,9058
7290000201795,false,"האגיס מגבונים לתינוק מבושם מארז, שלישיה * 64 יח'",חוגלה קימברלי,,מג האגיס שלישייה,,32.00,יחידה,false,1,20.90,0.65,true,1,23880
7290000208329,false,גרעיני תירס מתוק יכין (550 גרם),זנלכול יכין,,תירס יכין,,550.00,100 גרם,false,1,7.00,1.27,true,1,2058
7290000208336,false,רסק יכין 240גר 22% יכין בית יוסף,"זנלכל בע""\מ",,יכין רוטב עגבניות260,,260.00,100 גרם,false,1,4.00,1.54,true,1,24083
<<<<<<< HEAD
7290000208428,false,גרגרי חומוס שלם 550 גרם יכין,"זנלכל בע""\מ",,יכין חומוס 540 גר,,550.00,100 גרם,false,1,9.90,1.80,true,1,2062
=======
7290000208428,false,גרגרי חומוס שלם 550 גרם יכין,היינץ צפון אמריקה מק,,יכין חומוס 540 גר,,550.00,100 גרם,false,1,9.90,1.80,true,1,2062
>>>>>>> d048ac2f4f281c9d788043ab4e81b61b0dbe3743
7290000209951,false,רוטב עגבניות לפיצה 260 גרם יכין,"זנלכל בע""\מ",,רוטב פיצה יכין,,240.00,100 גרם,false,1,6.00,2.50,true,1,11528
7290000211374,false,"קמח חיטה מלא סוגת 1 ק""ג",טחנת קמח דגן-שטיבל,,קמח מלא 1 קג,,1.00,"1 ק""ג",false,1,8.50,8.50,true,1,24084
7290000211442,false,אורז בסגנון פרסי קלאסי סוגת (1 קג),האי נאם סי או אל.טי.,,אורז פרסי 1 קג,,1.00,"1 ק""ג",false,1,13.90,13.90,true,1,1416
7290000211503,false,סוכר לבן ארוז בשקית,"סוגת תעשיות בע""\מ",,סוכר סוגת 1 קג-שקית,,1.00,"1 ק""ג",false,1,6.00,6.00,true,1,1234
<<<<<<< HEAD
7290000211985,false,"סוגת אורז עגול ריזוטו 1 ק""ג","סוגת תעשיות בע""\מ",,אורז ריזוטו 1 קג,,1.00,"1 ק""ג",false,1,12.00,12.00,true,1,2705
7290000238029,false,"בצק עלים צרפתי מרודד מעדנות 1 ק""ג",מיוצר עי קונדיטוריית,,מעדנות בצק עלים 1קג,,1.00,"1 ק""ג",false,1,29.00,29.00,true,1,2363
7290000238036,false,מלאווח בקופסא מעדנות 700 גרם,מיוצר עי קונדיטוריית,,מעדנות מלוואח 700גר,,700.00,100 גרם,false,1,21.90,3.13,true,1,2364
7290000238173,false,בורקס גבינה מעדנות 800 גרם,מיוצר עי קונדיטוריית,,מעדנות בורקס גבינ800,,800.00,100 גרם,false,1,27.90,3.49,true,1,2361
7290000238180,false,בורקס תפוחי אדמה מעדנות 800 גרם,מיוצר עי קונדיטוריית,,מעדנות בורקס תפוא800,,800.00,100 גרם,false,1,24.90,3.11,true,1,2362
=======
7290000211985,false,אורז עגול ריזוטו אחד אחד 1 קג,"סוגת תעשיות בע""\מ",,אורז ריזוטו 1 קג,,1.00,"1 ק""ג",false,1,12.00,12.00,true,1,2705
7290000238029,false,"בצק עלים צרפתי מרודד מעדנות 1 ק""ג",תנובה מרכז שיתופי לשיווק תוצרת,,מעדנות בצק עלים 1קג,,1.00,"1 ק""ג",false,1,29.00,29.00,true,1,2363
7290000238036,false,מלאווח מעדנות 6 יח`700 גרם קפוא,תנובה מרכז שיתופי לשיווק תוצרת,,מעדנות מלוואח 700גר,,700.00,100 גרם,false,1,21.90,3.13,true,1,2364
7290000238173,false,.בורקס במילוי גבינה 800 גרם מעדנות,מיוצר עי קונדיטוריית,,מעדנות בורקס גבינ800,,800.00,100 גרם,false,1,27.90,3.49,true,1,2361
7290000238180,false,בורקס במילוי תפוא 800 גרם מעדנות,מיוצר עי קונדיטוריית,,מעדנות בורקס תפוא800,,800.00,100 גרם,false,1,24.90,3.11,true,1,2362
>>>>>>> d048ac2f4f281c9d788043ab4e81b61b0dbe3743
7290000243177,false,שמן זך שמן סויה 920,Unknown,,שמן סויה מזוכך,,920.00,"100 מ""ל",false,1,9.50,1.03,false,1,16934
7290000253220,false,שוקולדצ`יפס לאפייה 260 גר`אופנהיימר,תה ויסוצקי (ישראל) בעמ,,שוק ציפס,,260.00,100 גרם,false,1,14.00,5.38,true,1,23971
7290000253251,false,נטיפי שוקולד צ`יפס לבן לאפיה 250 גרם,תה ויסוצקי (ישראל) בעמ,,שוקולד ציפס לבן,,200.00,100 גרם,false,1,14.00,7.00,true,1,24074
7290000260853,false,ספרינג משקה מנגו 1.5 ל',יפאורה שותפות מובגלת לשיווק,,ספרינג מנגו 1.5 ל,,1.50,1 ליטר,false,1,11.90,7.93,true,1,2072
7290000266107,false,כריך בלחמניה סלט טונה220,עינת תעשיות מזון,,כריך טונה,,0.00,,false,1,18.00,0.00,true,1,12870
7290000266206,false,כריך בלחמניה טוניסאי 260,עינת תעשיות מזון,,עינת טוניסאי שמינייה,,260.00,100 גרם,false,1,18.00,6.92,true,1,11051
<<<<<<< HEAD
7290000272696,false,עסיס מיץ לימון טבעי משומר 1 ל' אסם,בית-השיטה עסיס תעשיות מז,,מיץ לימון משומר-עסיס,,1.00,1 ליטר,false,1,14.90,14.90,true,1,9063
7290000272726,false,חומץ רכיבים רכיבים טבעיים 5% עסיס 1 ליטר,בית-השיטה עסיס תעשיות מז,,חומץ טבעי 1 ל עסיס,,1.00,1 ליטר,false,1,9.90,9.90,true,1,9059
=======
7290000272696,false,מיץ לימון טבעי משומר 1 ליטר עסיס כלפ,קבוצת אוסם סחר שותפות מוגבלת,,מיץ לימון משומר-עסיס,,1.00,1 ליטר,false,1,14.90,14.90,true,1,9063
7290000272726,false,חומץ רכיבים רכיבים טבעיים 5% עסיס 1 ליטר,קבוצת אוסם סחר שותפות מוגבלת,,חומץ טבעי 1 ל עסיס,,1.00,1 ליטר,false,1,9.90,9.90,true,1,9059
>>>>>>> d048ac2f4f281c9d788043ab4e81b61b0dbe3743
7290000285849,false,שוופס מי סודה 1.5 ליטר,יפאורה שותפות מובגלת לשיווק,,שוופס סודה 1.5 ליטר,,1.50,1 ליטר,false,1,8.00,5.33,true,1,2318
7290000286228,false,ספוגיות לניקוי כללי סנו סושי 6 יחידות,החברה הדרומית לשיווק בעמ,,סנו סושי שישיית ספוג,,6.00,יחידה,false,1,14.50,2.42,true,1,24086
7290000286549,false,מטליות לניקוי כללי סנו סושי 9 יחידות,החברה הדרומית לשיווק בעמ,,מטליות לכל 9 יח,,9.00,יחידה,false,1,14.80,1.64,false,1,22756
7290000286761,false,ניילון נצמד סנו סושי פלסטיק מארז 30X2 מ',החברה הדרומית לשיווק בעמ,,סנו סושי פלסטיק נצמד,,15.00,1 מטר,false,1,14.80,0.99,true,1,22757
7290000288024,false,סנו - ז'אוול אקונומיקה בריח לימון 4 ליטר,החברה הדרומית לשיווק בעמ,,זאוול לימון 4 ליטר,,4.00,1 ליטר,false,1,20.00,5.00,false,1,24015
7290000288079,false,סנו - ז'אוול אקונומיקה לימון 2 ליטר,החברה הדרומית לשיווק בעמ,,סנו זאוול לימון 2ל,,2.00,1 ליטר,false,1,15.00,7.50,true,1,23951
7290000288413,false,סנו-די דוחה יתושים כדורי סנו 50 גרם,החברה הדרומית לשיווק בעמ,,סנו די - רולאון,,50.00,"100 מ""ל",false,1,22.90,45.80,true,1,2974
7290000289069,false,סנו - ז'אוול מרסס קצף ניקוי בתוספת אקונומיקה בריח לימון 1 ליטר,החברה הדרומית לשיווק בעמ,,גאוול מרסס לימון,,1.00,1 ליטר,false,1,21.90,21.90,false,1,23985
7290000292687,false,סנובון מוצק לניקוי אסלה קלאסיק כחול סנו 3 יחידות,החברה הדרומית לשיווק בעמ,,סנובון כחול שלישיה,,165.00,100 גרם,false,1,20.00,12.12,true,1,23944
7290000295404,false,שקיות אשפה עם שרוך 54 * 65 סנו סושי 60 יחידות,החברה הדרומית לשיווק בעמ,,50/70 רב שקית 60,,60.00,יחידה,false,1,28.90,0.48,false,1,24016
7290000300900,false,שניצל תירס מרכיבים טבעיים טבעול 750 גרם,קבוצת אוסם סחר שותפות מוגבלת,,טבעול תירס 750גר,,750.00,100 גרם,false,1,36.90,4.92,true,1,23930
7290000302027,false,סיגריות טיים אדום פא,"דובק בע""מ",,פאקט טיים RED,,0.00,,false,1,300.00,0.00,false,1,1563
7290000302041,false,פאקט טיים ארוך אדום,"דובק בע""מ",,פאקט טיים RED 100,,0.00,,false,1,300.00,0.00,false,1,1565
7290000302065,false,ברודווי 80 פאקט,"דובק בע""מ",,ברודווי 80,,0.00,,false,1,300.00,0.00,false,1,22122
7290000302089,false,ברודווי ארוך פאקט,"דובק בע""מ",,ברודווי 100,,0.00,,false,1,300.00,0.00,false,1,22123
7290000302102,false,סיגריות מונטנה פילטר,"דובק בע""מ",,מונטנה פילטר,,0.00,,false,1,310.00,0.00,false,1,22124
7290000302126,false,אירופה פקט סיגריות,"דובק בע""מ",,אירופה פאקט,,0.00,,false,1,300.00,0.00,false,1,19695
7290000302188,false,סגריות אירופה פאקט,"דובק בע""מ",,שרתון,,0.00,,false,1,300.00,0.00,false,1,22125
7290000302201,false,נלסון פקט סיגריו,"דובק בע""מ",,נלסון,,0.00,,false,1,300.00,0.00,false,1,22126
7290000302225,false,נובלס ורג'יניה פילטר,"דובק בע""מ",,פאקט נובלס פילטר,,0.00,,false,1,300.00,0.00,false,1,1569
7290000302287,false,פאקט גולף,"דובק בע""מ",,גולף,,0.00,,false,1,310.00,0.00,false,1,22127
7290000302294,false,גולף גולד ארוך סופט פאקט,"דובק בע""מ",,פאקט גולף 100 GOLD,,0.00,,false,1,310.00,0.00,false,1,1792
7290000302300,false,סיגריות נובלס בלנד פ,"דובק בע""מ",,פאקט נובלס בלנד,,0.00,,false,1,300.00,0.00,false,1,1570
7290000302409,false,פאקט טיים בלו,"דובק בע""מ",,פאקט טיים BLUE,,0.00,,false,1,300.00,0.00,false,1,1566
7290000302515,false,מוסטאנג רד עשירייה,"דובק בע""מ",,מוסטנג רד,,0.00,,false,1,260.00,0.00,false,1,22128
7290000302621,false,טיים בלו ארוך פאקט,"דובק בע""מ",,פאקט טיים BLUE 100,,0.00,,false,1,300.00,0.00,false,1,1567
7290000302805,false,פאקט גולף סופר סלימס,"דובק בע""מ",,גולף סופר סלימס,,0.00,,false,1,310.00,0.00,false,1,22129
7290000302874,false,גולף סופר סלימס מנטול פק,"דובק בע""מ",,גולף סלימס מנטול,,0.00,,false,1,310.00,0.00,false,1,22130
7290000302881,false,גולף גולד 100 פ.ע עשירייה,"דובק בע""מ",,גולף גולד 100 פ.ע,,0.00,,false,1,310.00,0.00,false,1,22131
7290000302898,false,גולף סילבר ארוך פאקט,"דובק בע""מ",,גולף סילבר 100 פ.ע,,0.00,,false,1,310.00,0.00,false,1,22132
7290000313160,false,זהבה ושלושת הדובים עוגיות בטעם שוקולד אסם 350 גרם,קבוצת אוסם סחר שותפות מוגבלת,,עוגיות זהבה ו3הדובים,,250.00,100 גרם,false,1,10.50,4.20,true,1,23310
7290000318127,false,נקניקיות ביס יחיעם (380 גרם),מעדני יחיעם (1993) בעמ,,נקניקיות ביס 380ג,,380.00,100 גרם,false,1,13.00,3.42,true,1,24131
7290000318479,false,נקניק פרושוטו בקר יחיעם 100 גרם,מעדני יחיעם ( 1993 ) בע`מ,,יחיעם פרושטו בקר 100,,100.00,100 גרם,false,1,29.00,29.00,true,1,23991
7290000318677,false,נקניק סלמי סרוולט יחיעם 150 גרם,מעדני יחיעם (1993) בעמ,,יחיעם סלמי סרוולט150,,150.00,100 גרם,false,1,24.00,16.00,true,1,23994
7290000318943,false,פסטרמה של פעם מעושן 1.5% יחיעם 200 גרם,מעדני יחיעם ( 1993 ) בע`מ,,יחיעם פסטרמה של פעם,,200.00,100 גרם,false,1,24.90,12.45,true,1,23990
7290000319063,false,כתף בקר מפולפל יחיעם 150 גרם,מעדני יחיעם (1993) בעמ,,כתף בקר מפולפל 150ג,,150.00,100 גרם,false,1,12.90,8.60,true,1,24029
7290000319131,false,נקניקיות עוף יחיעם 400 גרם,מעדני יחיעם (1993) בעמ,,נקניקיות עוף 400גר,,400.00,100 גרם,false,1,13.00,3.25,true,1,24132
7290000319520,false,נקניק סלמי צרפתי יחיעם 100 גרם,מעדני יחיעם (1993) בעמ,,יחיעם סלמי צרפתי 100,,150.00,100 גרם,false,1,18.00,12.00,true,1,23992
7290000319803,false,קבנוס קלאסי יחיעם (125 גרם),מעדני יחיעם ( 1993 ) בע`מ,,יחיעם קבנוס קלאסי125,,125.00,100 גרם,false,1,17.50,14.00,true,1,23856
7290000319834,false,קבנוס פפרוני יחיעם (125 גרם),מעדני יחיעם ( 1993 ) בע`מ,,קבנוס פפרוני קלאסי,,125.00,100 גרם,false,1,17.90,14.32,true,1,24011
7290000327020,false,"מארז פפסי פחית צרה 330 מ""ל*6 יח'","מודרן גרופ משקאות בע""\מ",,פפסי פחית 330*6 כשלפ,,1.98,1 ליטר,false,1,26.90,12.68,true,1,22561
7290000327037,false,"מארז מירינדה פחית צרה 330 מ""ל*6 יח'","מודרן גרופ משקאות בע""\מ",,מירנדה 330*6 כשלפ,,1.98,1 ליטר,false,1,26.90,12.68,true,1,22560
7290000327044,false,"מארז סבן אפ פחית צרה 330 מ""ל*6 יח'","מודרן גרופ משקאות בע""\מ",,סבן אפ 330*6 כשלפ,,1.98,1 ליטר,false,1,26.90,12.68,true,1,22563
7290000327051,false,"שישיית סודה בטעם אננס *500 מ""ל טמפו","טמפו משקאות בע""\מ",,סודה אננס 500*6,,500.00,"100 מ""ל",false,1,18.90,3.42,true,1,22896
7290000327075,false,סודה בטעם למון ליים 500 מל בקבוק שישייה,"טמפו משקאות בע""\מ",,סודה לימון 500*6,,500.00,"100 מ""ל",false,1,18.90,3.42,true,1,22897
7290000327112,false,סודה בטעם אננס 500 מל בקבוק,Unknown,,סודה אננס 500 מל,,500.00,"100 מ""ל",false,1,7.90,1.52,true,1,22898
7290000327129,false,סודה לימון 500 מל,Unknown,,סודה לימון 500 מל,,500.00,"100 מ""ל",false,1,7.90,1.52,true,1,22899
7290000334684,false,תפוגן טבעות בצל לתנור 700 גרם,קבוצת אוסם סחר שותפות מוגבלת,,תפוגן טבעות בצל,,700.00,100 גרם,false,1,21.00,3.00,true,1,23487
7290000334745,false,"ציפס אמריקאי דקדק תפוגן 1.5 ק""ג",קבוצת אוסם סחר שותפות מוגבלת,,אמריקן ציפס תפוגן,,1.50,"1 ק""ג",false,1,25.00,16.67,false,1,21777
7290000334912,false,ציפס תפוגן טוגן 800,"תעשיות תפוגן בע""מ",,תפוגן טוגן 800 גר,,800.00,100 גרם,false,1,12.50,1.56,true,1,23947
7290000336282,false,"פריגת סיידר צלול 330 מ""ל בקבוק",טמפו משקאות בעמ,,סיידר תפוח 300 מל,,300.00,"100 מ""ל",false,1,10.90,3.53,false,1,10100
<<<<<<< HEAD
7290000345260,false,תה קלאסיק מעטפות ויסוצקי 25 יחידות,מולינו ניקולי s.p.a,,תה ויסוצקי קלאסי 25י,,38.00,100 גרם,false,1,9.00,23.68,true,1,1422
7290000345284,false,תה ויסוצקי קלאסי אריזה ירוקה מרובעת (100 שקיקים),מולינו ניקולי s.p.a,,תה קלאסי קופסא 100יח,,150.00,100 גרם,false,1,27.90,18.60,true,1,9073
7290000345291,false,תה ארל גריי ויסוצקי 25 יחידות,תה ויסוצקי,,תה ארל גריי 25שקיקים,,38.00,100 גרם,false,1,20.90,55.00,true,1,1423
7290000345536,false,תה נענע ויסוצקי 25 יחידות,מולינו ניקולי s.p.a,,תה נענע 25 שקיות,,25.00,יחידה,false,1,21.90,0.88,true,1,1424
7290000346199,false,חליטת פירות יער הגן הקסום ויסוצקי 25 יחידות,תה ויסוצקי,,חליטת פירות יער,,25.00,יחידה,false,1,25.90,1.04,true,1,12580
7290000346205,false,חליטת קמומיל הגן הקסום ויסוצקי 25 יחידות,תה ויסוצקי,,תה ויסוצקי קמומיל,,38.00,100 גרם,false,1,25.90,68.16,true,1,1425
7290000347738,false,תה ירוק נענע ויסוצקי 25 יחידות,תה ויסוצקי,,ויסוצקי תה ירוק+נענע,,38.00,100 גרם,false,1,31.90,83.95,true,1,1426
7290000347752,false,תה ירוק לימונית ולואיזה 25 שקיקים *1.5 ג'' ויסוצקי,תה ויסוצקי,,ויסוצקי ירוק לימונית,,38.00,100 גרם,false,1,31.90,83.95,true,1,11789
7290000363363,false,קבנוס נקניק מעושן יבש 160 גרם,הנסיך- מפעל לייצור ט,,ט.צבי קבנוס 160 ג,,160.00,100 גרם,false,1,19.50,12.19,true,1,1298
7290000364261,false,"דקניקים, סלסולי פסטרמה כתף בקר מעושנת 120 גרם",הנסיך- מפעל לייצור ט,,ט.צבי סלסולי כתף בקר,,120.00,100 גרם,false,1,19.00,15.83,true,1,15685
7290000364285,false,דקניקים סלסולי פסטרמה הודו טירת צבי 120 גרם,הנסיך- מפעל לייצור ט,,ט.צבי סלסולי פס.הודו,,120.00,100 גרם,false,1,19.00,15.83,true,1,12517
7290000364292,false,דקניקים סלסולי פסטרמה הודו על גחלים 1% טירת צבי 120 גרם,הנסיך- מפעל לייצור ט,,ט.צבי סלסולי פ. גחלי,,120.00,100 גרם,false,1,19.00,15.83,true,1,12518
=======
7290000345260,false,תה קלאסיק מעטפות ויסוצקי 25 יחידות,תה ויסוצקי (ישראל) בעמ,,תה ויסוצקי קלאסי 25י,,38.00,100 גרם,false,1,9.00,23.68,true,1,1422
7290000345284,false,תה ויסוצקי קלאסי אריזה ירוקה מרובעת (100 שקיקים),תה ויסוצקי (ישראל) בעמ,,תה קלאסי קופסא 100יח,,150.00,100 גרם,false,1,27.90,18.60,true,1,9073
7290000345291,false,תה ארל גרי 1.5/ 25 שקיקים ויסוצקי,תה ויסוצקי (ישראל) בעמ,,תה ארל גריי 25שקיקים,,38.00,100 גרם,false,1,20.90,55.00,true,1,1423
7290000345536,false,תה נענע 1.5/ 25 שקיקים ויסוצקי,תה ויסוצקי (ישראל) בעמ,,תה נענע 25 שקיות,,25.00,יחידה,false,1,21.90,0.88,true,1,1424
7290000346199,false,חליטת פירות יער הגן הקסום ויסוצקי 25 יחידות,תה ויסוצקי (ישראל) בעמ,,חליטת פירות יער,,25.00,יחידה,false,1,25.90,1.04,true,1,12580
7290000346205,false,חליטת קמומיל הגן הקסום ויסוצקי 25 יחידות,תה ויסוצקי (ישראל) בעמ,,תה ויסוצקי קמומיל,,38.00,100 גרם,false,1,25.90,68.16,true,1,1425
7290000347738,false,תה ירוק בתוספת עלי נענע 25 שקיקים,תה ויסוצקי (ישראל) בעמ,,ויסוצקי תה ירוק+נענע,,38.00,100 גרם,false,1,31.90,83.95,true,1,1426
7290000347752,false,תה ירוק לימונית ולואיזה 25 שקיקים *1.5 ג'' ויסוצקי,תה ויסוצקי (ישראל) בעמ,,ויסוצקי ירוק לימונית,,38.00,100 גרם,false,1,31.90,83.95,true,1,11789
7290000363363,false,קבנוס נקניק מעושן יבש 160 גרם,תנובה מרכז שיתופי לשיווק תוצרת,,ט.צבי קבנוס 160 ג,,160.00,100 גרם,false,1,19.50,12.19,true,1,1298
7290000364261,false,"דקניקים, סלסולי פסטרמה כתף בקר מעושנת 120 גרם",תנובה מרכז שיתופי לשיווק תוצרת,,ט.צבי סלסולי כתף בקר,,120.00,100 גרם,false,1,19.00,15.83,true,1,15685
7290000364285,false,דקניקים סלסולי פסטרמה הודו טירת צבי 120 גרם,תנובה מרכז שיתופי לשיווק תוצרת,,ט.צבי סלסולי פס.הודו,,120.00,100 גרם,false,1,19.00,15.83,true,1,12517
7290000364292,false,דקניקים סלסולי פסטרמה הודו על גחלים 1% טירת צבי 120 גרם,תנובה מרכז שיתופי לשיווק תוצרת,,ט.צבי סלסולי פ. גחלי,,120.00,100 גרם,false,1,19.00,15.83,true,1,12518
>>>>>>> d048ac2f4f281c9d788043ab4e81b61b0dbe3743
7290000364810,false,נקניקיות עגל 500 גרםטירת צבי,הנסיך- מפעל לייצור ט,,ט.צבי נקניקית עגל500,,500.00,100 גרם,false,1,32.00,6.40,true,1,1286
7290000364858,false,"נקניקיות עוף טרי טירת צבי 1 ק""ג",הנסיך- מפעל לייצור ט,,ט.צבי נקנקיות 1 קג,,1.00,"1 ק""ג",false,1,35.90,35.90,true,1,2357
7290000364872,false,נקניקיות עוף טירת צבי (400 גרם),טיב טירת צבי 2000,,ט.צבי נקנקיות עוף400,,400.00,100 גרם,false,1,17.00,4.25,true,1,2356
7290000367590,false,פסטרמה כפרית וסלמי פריזר כפרי טירת צבי 2*400 גרם,תנובה מרכז שיתופי לשיווק תוצרת,,ט.צבי צמד כפרי 800גר,,800.00,100 גרם,false,1,42.00,5.25,true,1,9136
7290000377209,false,בוטנים מטוגנים קליית גת (200 גרם),ליימן שליסל בעמ,,בוטן מטוגן 200 גר,,200.00,100 גרם,false,1,11.90,5.95,true,1,1135
7290000377445,false,נש צ'אנס קליית גת 200 גרם,ליימן שליסל בעמ,,נאש צאנס שקית 200 ג,,200.00,100 גרם,false,1,11.00,5.50,true,1,1136
7290000377452,false,גרעיני אבטיח קלויים ומלוחים קלית גת 200,הדקלאים אגודת שיתופי,,גרעיני אבטיח שקית 20,,200.00,100 גרם,false,1,18.00,9.00,true,1,1137
7290000377612,false,מיץ תפוזים סחוט טבעי פריגת 400 מל,*החברה המרכזית להפצת משקאותבעמ,,פריגת סחוט תפוז 400,,400.00,"100 מ""ל",false,1,12.90,3.15,true,1,54
7290000408316,false,יוגורט דנונה דל לקטוז 200 גרם,שטראוס גרופ בעמ/מצונן,,דנונה ביו טבעי 200גר,,200.00,"100 מ""ל",false,1,3.90,1.95,true,1,1206
7290000408354,false,יוגורט עם אורז מצופה שוקולד קקאו 175 ג' דנונה,שטראוס גרופ בעמ/מצונן,,דנונה בר פיצפוצים180,,175.00,"100 מ""ל",false,1,6.20,3.54,true,1,1207
7290000412481,false,נוזל לניקוי אסלות 00 סנו (1 ליטר),החברה הדרומית לשיווק בעמ,,00 מנקה אסלות 1 ל,,1.00,1 ליטר,false,1,9.00,9.00,true,1,10727
7290000416021,false,ממרח בטעם שוקולד השחר העולה (500 גרם),השחר העולה תעשית ממתקים בעמ,,השחר מ.שוקולד,,500.00,100 גרם,false,1,16.00,3.20,true,1,652
7290000416618,false,"ממרח שוקולד פרווה השחר 400 גרם כשל""פ",השחר העולה תעשית ממתקים בעמ,,ממרח שוקולד בדצ 400,,400.00,100 גרם,false,1,14.00,3.50,true,1,2304
7290000420325,false,"פופסטאר פופקורן למקירוגל בטעם טבעי 5 שקיות,500 גרם",פרסטון פארמס,,פופ סטאר טבעי,,500.00,100 גרם,false,1,14.90,2.98,true,1,23323
7290000420332,false,פופסטאר פופקורן למיקרוגל בטעם חמאה 5 יחידות 500 גרם,פרסטון פארמס,,פופ סטאר חמאה,,500.00,100 גרם,false,1,14.90,2.98,true,1,23324
7290000430102,false,קוביות קרח בשקית מיסטר אייס 2 קילו,אייס קיובס בעמ מיסטר אייס,,שקית קרח 2 קג,,2.00,"1 ק""ג",false,1,12.90,6.45,true,1,477
7290000450209,false,נתחי טונה בהירה בשמן פוסידון (108 גרם),נטו מלינדה סחר בע`מ,,טונה פוסידון,,108.00,100 גרם,false,1,6.90,6.39,false,1,17302
7290000453866,false,נטורינה תחליף מרגרינה לבישול ואפיה קוקוס שמרית 200 גרם,שטראוס גרופ בעמ/מצונן,,שמרית נטורינה קוקוס,,200.00,100 גרם,false,1,8.90,4.45,true,1,24177
7290000461625,false,בייגלה שמיניות מלח בייגל בייגל 400 ג',יוניליוור ישראל שיווק בע`מ,,ביגלה שמונה 400 גרם,,400.00,100 גרם,false,1,14.00,3.50,true,1,5251
7290000461656,false,בייגלה מקלות מלוחים בייגל בייגל 400 גרם,יוניליוור ישראל שיווק בע`מ,,בייגלה מקלות 400,,400.00,100 גרם,false,1,14.00,3.50,true,1,300
7290000462141,false,סחוג אדום תימני מקורי חריף מאוד זהבי 150 גרם,שטראוס גרופ בעמ/מצונן,,סחוג אדום חריף מאוד,,150.00,100 גרם,false,1,10.00,6.67,true,1,23983
7290000474014,false,חלב שקית דל שומן 1% טרה מהדרין*,*החברה המרכזית להפצת משקאותבעמ,,טרה חלב בשקית 1%,,1.00,1 ליטר,false,1,5.04,5.04,false,1,12031
7290000474021,false,חלב 3% בשקית טרה (1 ליטר)פיקוח,*החברה המרכזית להפצת משקאותבעמ,,טרה חלב בשקית 3% 1ל,,1.00,1 ליטר,false,1,5.43,5.43,false,1,3297
7290000474076,false,"חלב קרטון 3%-1 ליטר ""טרה""-מוצר בפיקוח",החברה המרכזית טלהפצת משקאות בע,,טרה חלב3% קרטון בדצ1,,1.00,1 ליטר,false,1,6.23,6.23,false,1,1186
7290000474090,false,"חלב בקרטון 1%- 1 ליטר בד""צ - מוצר בפיקוח",החברה המרכזית טלהפצת משקאות בע,,טרה חלב קרטון1% בדצ1,,1.00,1 ליטר,false,1,5.86,5.86,false,1,1187
7290000474373,false,"שמנת חמוצה 15% שומן 200 מ""ל טרה",החברה המרכזית טלהפצת משקאות בע,,שמנת חמוצה,,232.00,100 גרם,false,1,2.40,1.03,true,1,19122
7290000474502,false,גבינה לבנה טרה 5% מרכיבים טבעיים,החברה המרכזית טלהפצת משקאות בע,,טרה גבינה לבנה 5%,,250.00,100 גרם,false,1,4.98,1.99,false,1,15593
7290000474540,false,טוב טעם גבינה לבנה 3% טרה 250 גרם,החברה המרכזית טלהפצת משקאות בע,,טוב טעם גבינה 3%,,250.00,100 גרם,false,1,12.80,5.12,true,1,9481
7290000474830,false,נעם גבינה צהובה מגורדת 28% טרה 500 גרם,החברה המרכזית טלהפצת משקאות בע,,גבינה צהובה מגורדת,,500.00,100 גרם,false,1,36.90,7.38,true,1,18647
7290000480107,false,קוואקר שיבולת שועל פחית 500 גרם,שטראוס פריטו ליי בעמ,,קווקר פחית 500 ג,,500.00,100 גרם,false,1,17.50,3.50,true,1,16908
7290000480442,false,קוואקר שיבולת שועל בשקית 500 גרם,שטראוס פריטו ליי בע`מ,,קוואקר 500 גר (שקית,,500.00,100 גרם,false,1,15.90,3.18,true,1,23485
7290000484747,false,"ארק עלית 700 מ""ל 40% יקב הגליל*",יקב הגליל יוסף גולד ובניו,,עלית הארק,,700.00,"100 מ""ל",false,1,80.00,11.39,true,1,19799
7290000493183,false,אבקת רוטב פטריות לבשר-30 גרם,קבוצת אוסם סחר שותפות מוגבלת,,רוטב פטריות לבשר באב,,30.00,100 גרם,false,1,6.50,21.67,true,1,23941
7290000497044,false,לחם אקטיב ברמן (750 גרם),מאפית י את א ברמן בע,,ברמן אקטיב לחם ארוז,,750.00,100 גרם,false,1,20.00,2.67,true,1,24057
7290000497112,false,"לחם כהה פרוס וארוז ""ברמן""-מוצר בפיקוח",מאפית י את א ברמן בע,,ברמן לחם אחיד פרוס,,750.00,100 גרם,false,1,7.11,0.95,false,1,1779
7290000497136,false,חלה פרוסה 500גר ארוז231*,"י.את.א.ברמן בע""\מ",,ברמן חלה פרוסה,,500.00,100 גרם,false,1,10.50,2.10,true,1,17864
<<<<<<< HEAD
7290000497204,false,פיתה אסלי ברמן חמישי,מאפית י את א ברמן בע,,פיתות בשקית - 5 יח,,500.00,100 גרם,false,1,9.00,1.80,true,1,3158
=======
7290000497204,false,פיתות בשקית חמישיה. ברמן,מאפית י את א ברמן בע,,פיתות בשקית - 5 יח,,500.00,100 גרם,false,1,9.00,1.80,true,1,3158
>>>>>>> d048ac2f4f281c9d788043ab4e81b61b0dbe3743
7290000497228,false,לחמניה רגילה בשקית ברמן 6יח',מאפית י את א ברמן בע,,ברמן לחמניות 6יח 75ג,,75.00,100 גרם,false,1,14.00,18.67,true,1,1783
7290000497303,false,"שישיית לחמניות מקמח מלא ""ברמן""",מאפית י את א ברמן בע,,לחמניות מקמח מלא 6,,540.00,100 גרם,false,1,14.00,2.59,true,1,17867
7290000497358,false,חלומית חלה מתוקה קלועה ברמן (500 גרם),מאפית י את א ברמן בע,,ברמן חלומית חלה מתוק,,500.00,100 גרם,false,1,16.00,3.20,true,1,1973
7290000497426,false,לחם ברמן לענין פלוס 500 גרם,מאפית י את א ברמן בע,,ברמן לחם קל,,500.00,100 גרם,false,1,19.00,3.80,true,1,9491
7290000497488,false,חלה פלוס ברמן( 500 גרם),מאפית י את א ברמן בע,,חלה קלה,,500.00,100 גרם,false,1,19.00,3.80,true,1,17865
7290000497532,false,לחם ברמן לעניין פרוס ברמן (750 גרם),מאפית י את א ברמן בע,,ברמן לחם לעניין 750ג,,750.00,100 גרם,false,1,16.00,2.13,true,1,9139
7290000497570,false,לחם דגנים פלוס ברמן 500 גרם,מאפית י את א ברמן בע,,ברמן לחם דגני קלות,,500.00,100 גרם,false,1,19.00,3.80,true,1,1781
7290000497952,false,עוגת בוקר אישית רוגלך120,"י.את.א.ברמן בע""\מ",,ברמן מאפה רוגלך,,120.00,100 גרם,false,1,7.50,6.25,true,1,678
7290000497969,false,עוגת בוקר אישית פרג 120 גרם,"ש.א אנטקוביץ השקעות בע""\",,ברמן מאפה פרג,,120.00,100 גרם,false,1,7.50,6.25,true,1,516
7290000497976,false,עוגת בוקר אישית קקאו 120 גרם,"י.את.א.ברמן בע""\מ",,ברמן מאפה קקאו,,120.00,100 גרם,false,1,7.50,6.25,true,1,529
7290000497983,false,עוגת בקר אישית קינמון 120 גרם,Unknown,,ברמן מאפה קינמון,,120.00,100 גרם,false,1,7.50,6.25,true,1,679
7290000498034,false,לחם אי פרי קמח כוסמין מלא 750 גר',מאפית י את א ברמן בע,,לחם כוסמין E-FREE,,750.00,100 גרם,false,1,20.50,2.73,true,1,23059
7290000498201,false,עוגה אישית שוקולד צ'יפס 120 גר',ש.א אנטקוביץ השקעות,,ברמן מאפה שוק.ציפס,,120.00,100 גרם,false,1,7.50,6.25,true,1,13011
7290000504278,false,ממתיק סוכרזית אריזת פטנט 700 טבליות,אף.סי תבליני בגליל ב,,סוכרזית פטנט 700 טבל,,574.00,100 גרם,false,1,19.90,3.47,true,1,10692
7290000521008,false,יין אדום יבש של סגל (750 מל),"כרמי צבי - אחים סגל בע""\",,סגל יין אדום 750 מל,,750.00,100 גרם,false,1,26.00,3.43,true,1,1949
7290000523125,false,מלח הארץ הים האדום 250 ג' עדין,"חברת מלח הארץ אילת בע""\מ",,מלח הארץ 250 גר,,250.00,100 גרם,false,1,7.50,3.00,true,1,1431
7290000525969,false,מיץ תפוזים סחוט רכיבים טבעיים פרימור 1 ליטר,שטראוס גרופ בעמ/מצונן,,פרימור תפוזים בקבוק1,,1.00,1 ליטר,false,1,18.00,17.70,true,1,910
7290000530413,false,המבורגר זהב זוגלובק 400 גרם,נקניק נהריה כשר זוגל,,זוגלובק המבורגר זהב,,400.00,100 גרם,false,1,32.90,8.22,true,1,9720
7290000530598,false,נקניקיות עוף וינר זוגלובק 500 גרם,נקניק נהריה כשר זוגל,,גוליבר נקניקיות וינר,,500.00,100 גרם,false,1,21.00,4.20,true,1,5323
7290000531601,false,סטייק בורגר בקר זהב 400 גרם קפוא,נקניק נהריה כשר זוגל,,סטייק בורגר 400ג,,400.00,100 גרם,false,1,26.90,6.72,true,1,24051
7290000537566,false,נקניקיות עוף טרי 400 ג' זוגלובק,נקניק נהריה כשר זוגל,,זוגלובק נקניקיות עוף,,400.00,100 גרם,false,1,21.00,5.25,true,1,5322
7290000538709,false,נקניק סלמי תה מעושן זוגלובק 200 גרם,נקניק זוגלובק נהריה,,תה מעושן 200 א.מ.,,200.00,100 גרם,false,1,15.00,7.50,true,1,24041
7290000554402,false,מעדן חלב מלבי גד (160 גרם),מחלבות גד שיווק 1992 בעמ,,גד מלבי 160 גר,,160.00,"100 מ""ל",false,1,6.00,3.75,true,1,23949
7290000554457,false,גבינה צפתית 5% 350 גרם - רבנות,מחלבות גד שיווק 1992 בעמ,,גד צפתית 5% 350 גר,,350.00,100 גרם,false,1,24.00,6.86,true,1,23920
7290000554471,false,נקניק מוצרלה 22 אחוז 180גרם גד מהדרין,מחלבות גד שיווק 1992 בעמ,,מוצרלה 22%,,180.00,100 גרם,false,1,21.00,11.67,true,1,24094
7290000554532,false,גבינה צפתית מעודנת במלח ים 5% 200 ג' גד,מחלבות גד שיווק 1992 בעמ,,צפתית מעודנת 5%,,200.00,100 גרם,false,1,16.00,8.00,true,1,23969
7290000554600,false,מוצרלה מגורדת 22 אחוז 300גרם גד מהדרין,מחלבות גד שיווק 1992 בעמ,,גד מוצרלה מגורדת 300,,300.00,100 גרם,false,1,28.00,9.33,true,1,23937
7290000554624,false,ירח מתוק מעדן חלב עם אורז 3% גד 150 גרם,מחלבות גד שיווק 1992 בעמ,,גד ירח מתוק 150 גר,,150.00,"100 מ""ל",false,1,6.00,4.00,true,1,23936
7290000554686,false,גבינת לאבנה בתוספת שמן זית וזעתר 5% גד 250 גרם,מחלבות גד שיווק 1992 בעמ,,גד לבנה שמן+זעתר 250,,250.00,100 גרם,false,1,15.00,6.00,true,1,23921
7290000554822,false,ריקוטה גבינה לבנה בסגנון איטלקי 5% גד 250 גרם,מחלבות גד שיווק 1992 בעמ,,גד ריקוטה 250 גר,,250.00,100 גרם,false,1,16.00,6.40,true,1,23922
7290000554839,false,מסקרפונה שמנת מתוקה קשה בסגנון איטלקי 40% גד 250 גרם,מחלבות גד שיווק 1992 בעמ,,מסקרפונה 40%,,250.00,100 גרם,false,1,23.00,9.20,true,1,24062
7290000571386,false,המחלבה יוגורמה יוגורט מחלב כבשים 5% 850 גרם,גבינות משק אחים מאיר בית,,יוגורמה דלי כבשים,,850.00,100 גרם,false,1,27.90,3.28,false,1,24141
7290000572628,false,חלבה חטיף לייט 25 ג* 11יח קופ`שי אחוה,שוורצקוף& הנקל דיסלד,,חטיף חלווה לייט ללס,,275.00,100 גרם,false,1,18.90,6.87,true,1,24122
7290000591728,false,מצות ראשון כשר לפסח,מצות ראשון,,מצות ראשלצ 1 קג,,1.00,"1 ק""ג",false,1,18.90,18.90,true,1,11200
7290000591742,false,קמח מצה לבן כשר לפסח,מצות ראשון לציון,,קמח מצה 500 גרם כשלפ,,500.00,100 גרם,false,1,8.50,1.70,true,1,12102
7290000688077,false,"מי עדן 0.500 מ""ל פקק רגיל",יפאורה שותפות מוגבלת לשיווק,,מי עדן 500 מל שטוח,,500.00,"100 מ""ל",false,1,7.90,1.52,true,1,920
7290000688084,false,מי עדן פקק ספורטאים500מל,יפאורה שותפות מוגבלת לשיווק,,מי-עדן 500 פקק בודד,,500.00,"100 מ""ל",false,1,7.00,1.34,true,1,4777
7290000688381,false,מים מינרלים פקק ספורט מי עדן (500x6 מל),יפאורה שותפות מוגבלת לשיווק,,מי עדן 500 פקק 6יח,,3.00,1 ליטר,false,1,12.90,3.70,true,1,89
7290000688503,false,"מים מינרלים פקק ספורט מי עדן 6*750 מ""ל",יפאורה שותפות מוגבלת לשיווק,,מי עדן גים 750 6יח,,4.50,1 ליטר,false,1,16.00,3.16,true,1,550
7290000689180,false,בליסטקס שפתון-סטיק מנטה,מדיליין פריגו,,בליסטיקס מנטה,,25.53,100 גרם,false,1,11.00,43.09,true,1,2423
7290000801281,false,ערכה לגריל פזגז,Unknown,,ערכה לגריל פזגז,,0.00,,false,1,99.00,0.00,false,1,21469
7290000807033,false,ערכת חיבור לגריל כלל,Unknown,,ערכת חיבור לגריל כלל,,0.00,,false,1,99.00,0.00,false,1,21470
7290000888000,false,מצת אבן,Unknown,,מצת אבן,,0.00,,false,1,4.00,0.00,false,1,2397
7290000888001,false,מצת אלקטרוני,Unknown,,מצת אלקטרוני,,0.00,,false,1,5.00,0.00,false,1,2390
7290000888011,false,מצת קליפר,Unknown,,מצת קליפר,,0.00,,false,1,8.00,0.00,false,1,6918
7290000888012,false,מצת עגול,Unknown,,מצת עגול,,0.00,,false,1,7.00,0.00,false,1,20953
<<<<<<< HEAD
7290001045633,false,פרימור מיץ לימון ונענע סחוט טרי 400מל,פרימור,,פרימור לימונענע 400,,400.00,"100 מ""ל",false,1,12.90,3.15,true,1,906
7290001045657,false,פרימור מיץ תפוחים סחוט מקורר 400מל,פרימור,,פרימור תפוחים 400מל,,400.00,"100 מ""ל",false,1,12.90,3.15,true,1,907
7290001045688,false,"מיץ תפוזים סחוט פרימור 400 מ""ל",פרימור,,פרימור תפוזים 400מל,,400.00,"100 מ""ל",false,1,12.90,3.15,true,1,908
7290001121238,false,נקניק קורנדביף 4% יחיעם 180 גרם,מעדני יחיעם 1993,,יחיעם קורנד ביף 180,,180.00,100 גרם,false,1,29.00,16.11,true,1,23993
7290001121979,false,נקניק סלמי הרץ מעדני יחיעם 150 גרם,תאי פרזידנט פוד פאבל,,יחיעם סלמי הרץ 150,,150.00,100 גרם,false,1,24.00,16.00,true,1,24008
7290001136287,false,"שמפו לשיער רגיל בבושם פרחים נקה 7 750 מ""ל","אמיליה קוסמטיקס בע""מ",,נקה 7-שמפו רגיל ירוק,,750.00,"100 מ""ל",false,1,13.90,1.85,true,1,23876
7290001136294,false,"שמפו לשיער יבש בבישום פרחים נקה 7 750 מ""ל","אמיליה קוסמטיקס בע""מ",,נקה 7-שמפו יבש אדום,,750.00,"100 מ""ל",false,1,13.90,1.85,true,1,23877
=======
7290001045633,false,פרימור מיץ לימון ונענע סחוט טרי 400מל,שטראוס גרופ בעמ/מצונן,,פרימור לימונענע 400,,400.00,"100 מ""ל",false,1,12.90,3.15,true,1,906
7290001045657,false,פרימור מיץ תפוחים סחוט מקורר 400מל,שטראוס גרופ בעמ/מצונן,,פרימור תפוחים 400מל,,400.00,"100 מ""ל",false,1,12.90,3.15,true,1,907
7290001045688,false,"מיץ תפוזים סחוט פרימור 400 מ""ל",שטראוס גרופ בעמ/מצונן,,פרימור תפוזים 400מל,,400.00,"100 מ""ל",false,1,12.90,3.15,true,1,908
7290001121238,false,קורנדביף 4% שומן יחיעם (180 גרם).,מעדני יחיעם ( 1993 ) בע`מ,,יחיעם קורנד ביף 180,,180.00,100 גרם,false,1,29.00,16.11,true,1,23993
7290001121979,false,נקניק סלמי הרץ מעדני יחיעם 150 גרם,מעדני יחיעם ( 1993 ) בע`מ,,יחיעם סלמי הרץ 150,,150.00,100 גרם,false,1,24.00,16.00,true,1,24008
7290001136287,false,"שמפו לשיער רגיל בבושם פרחים נקה 7 750 מ""ל",החברה הדרומית לשיווק בעמ,,נקה 7-שמפו רגיל ירוק,,750.00,"100 מ""ל",false,1,13.90,1.85,true,1,23876
7290001136294,false,"שמפו לשיער יבש בבישום פרחים נקה 7 750 מ""ל",החברה הדרומית לשיווק בעמ,,נקה 7-שמפו יבש אדום,,750.00,"100 מ""ל",false,1,13.90,1.85,true,1,23877
>>>>>>> d048ac2f4f281c9d788043ab4e81b61b0dbe3743
7290001230234,false,סיגריות כאמל סופט חפ,גיי טי אינטרנשיונל,,כאמל צהוב סופט חפיסה,,0.00,,false,1,32.00,0.00,false,1,868
7290001230331,false,סיגריות כאמל בוקס חפ,Unknown,,כאמל צהוב בוקס,,0.00,,false,1,32.00,0.00,false,1,869
7290001230739,false,כאמל כחול חפיסה חפיסה,Unknown,,כאמל כחול חפיסה,,0.00,,false,1,29.00,0.00,false,1,870
7290001231136,false,ווינסטון כחול סופט חפ.,Unknown,,וינסטון כחול סופט,,0.00,,false,1,33.00,0.00,false,1,872
7290001231233,false,סיגריות וינסטון בוקס,Unknown,,וינסטון אדום חפיסה,,0.00,,false,1,34.00,0.00,false,1,873
7290001231932,false,ווינסטון כחול בוקס חפיסה,Unknown,,וינסטון כחול בוקס,,0.00,,false,1,34.00,0.00,false,1,874
7290001234133,false,סיגריות כאמל כתום חפ,Unknown,,כאמל כתום חפיסה,,0.00,,false,1,30.50,0.00,false,1,3481
7290001235938,false,וינסטון כחול ארוך חפיסה,Unknown,,וינסטון כחול ארוך,,0.00,,false,1,34.00,0.00,false,1,6594
7290001247723,false,"ספרינג נקטר תות בננה פחית 330 מ""ל",יפאורה שותפות מוגבלת לשיווק,,ספרינג תות בננה,,330.00,"100 מ""ל",false,1,8.90,2.61,true,1,2077
7290001247730,false,"נקטר ספרינג בטעם מנגו פחית 330 מ""ל",יפאורה שותפות מוגבלת לשיווק,,ספרינג מנגו פחית,,330.00,"100 מ""ל",false,1,8.90,2.61,true,1,20871
7290001274361,false,שלגון גלידל שוקו,Unknown,,שלגון גלידל שוקו,,50.00,100 גרם,false,1,9.90,19.80,true,1,23271
7290001327180,false,שטראוס קרמיסימו וניל ציפ 1.33 ליטר,"גלידת שטראוס בע""\מ, רחוב",,קרמיסימו וניל ציפ,,1.33,1 ליטר,false,1,25.00,18.80,true,1,4798
7290001407936,false,בארכה-טחינה גולמית מעודנת בקבוק לחיץ 310 ג',קבוצת אוסם סחר שותפות מוגבלת,,בארכה טחינה מעודנת,,310.00,100 גרם,false,1,14.00,4.52,true,1,14963
7290001594025,false,קוקה קולה בקבוק זכוכית,החברה המרכזית להפצת משקאות בעמ,,קוקה קולה קלאסי 330,,330.00,"100 מ""ל",false,1,9.90,2.91,true,1,9382
7290001594032,false,"דיאט קוקה-קולה קלאסי 350 מ""ל",החברה המרכזית לייצור,,דיאט קולה קלאסי330,,330.00,"100 מ""ל",false,1,9.90,2.91,true,1,10291
<<<<<<< HEAD
7290001594056,false,"קוקה קולה פחית 330 מ""ל",Unknown,,קוקה קולה פחית 330,,330.00,"100 מ""ל",false,1,8.00,2.33,true,1,893
7290001594155,false,"קוקה-קולה בבקבוק אישי 500 מ""ל",החברה המרכזית לייצור משקאות,,קוקה קולה בקבוק 0.5,,500.00,"100 מ""ל",false,1,9.90,1.92,true,1,38
7290001594179,false,"פאנטה אורנג' בבקבוק אישי 500 מ""ל",החברה המרכזית לייצור משקאות,,פאנטה בקבוק 0.5 ל,,500.00,"100 מ""ל",false,1,9.90,1.92,true,1,41
7290001594186,false,"דיאט קוקה-קולה בבקבוק אישי 500 מ""ל",החברה המרכזית לייצור משקאות,,קולה דיאט בקבוק 0.5ל,,500.00,"100 מ""ל",false,1,9.90,1.92,true,1,42
7290001594230,false,קינלי סודה בבקבוק זכוכית,החברה המרכזית לייצור,,סודה קינלי 250 מל,,250.00,"100 מ""ל",false,1,6.90,2.64,true,1,895
7290001594377,false,פריגת תפוזים 0.5 ליטר חייב בפקדון,מבשלות בירה בינלאומיות ב,,פריגת תפוזים 0.5 ל,,500.00,"100 מ""ל",false,1,9.90,1.92,true,1,51
7290001594384,false,פריגת אשכוליות 0.5 ליטר חייב בפקדון,מבשלות בירה בינלאומיות ב,,פריגת אשכולית 0.5 ל,,500.00,"100 מ""ל",false,1,9.90,1.92,true,1,52
7290001594391,false,"פריגת משקה קל ענבים בבקבוק אישי 500 מ""ל",מבשלות בירה בינלאומיות ב,,פריגת ענבים 0.5 ל,,500.00,"100 מ""ל",false,1,9.90,1.92,true,1,53
7290001594520,false,"בירה טובורג רד בקבוק 330 מ""ל",מבשלות בירה בינלאומיות ב,,טובורג RED בק 330 מ,,330.00,"100 מ""ל",false,1,14.00,4.15,true,1,928
7290001594568,false,"קרלסברג פחית 500 מ""ל פקדון",מבשלות בירה בינלאומיות ב,,קרלסברג 500 פחית,,500.00,"100 מ""ל",false,1,17.90,3.52,true,1,930
7290001594575,false,"בירה טובורג רד פחית 500 מ""ל",מבשלות בירה בינלאומיות ב,,טובורג פחית 500 מל,,500.00,"100 מ""ל",false,1,15.50,3.04,true,1,4778
=======
7290001594056,false,"קוקה קולה פחית 330 מ""ל",החברה המרכזית להפצת משקאות בעמ,,קוקה קולה פחית 330,,330.00,"100 מ""ל",false,1,8.00,2.33,true,1,893
7290001594155,false,"קוקה-קולה בבקבוק אישי 500 מ""ל",החברה המרכזית להפצת משקאות בעמ,,קוקה קולה בקבוק 0.5,,500.00,"100 מ""ל",false,1,9.90,1.92,true,1,38
7290001594179,false,"פאנטה אורנג' בבקבוק אישי 500 מ""ל",החברה המרכזית להפצת משקאות בעמ,,פאנטה בקבוק 0.5 ל,,500.00,"100 מ""ל",false,1,9.90,1.92,true,1,41
7290001594186,false,"דיאט קוקה-קולה בבקבוק אישי 500 מ""ל",החברה המרכזית להפצת משקאות בעמ,,קולה דיאט בקבוק 0.5ל,,500.00,"100 מ""ל",false,1,9.90,1.92,true,1,42
7290001594230,false,קינלי סודה בבקבוק זכוכית,החברה המרכזית להפצת משקאות בעמ,,סודה קינלי 250 מל,,250.00,"100 מ""ל",false,1,6.90,2.64,true,1,895
7290001594377,false,פריגת תפוזים 0.5 ליטר חייב בפקדון,החברה המרכזית להפצת משקאות בעמ,,פריגת תפוזים 0.5 ל,,500.00,"100 מ""ל",false,1,9.90,1.92,true,1,51
7290001594384,false,פריגת אשכוליות 0.5 ליטר חייב בפקדון,החברה המרכזית להפצת משקאות בעמ,,פריגת אשכולית 0.5 ל,,500.00,"100 מ""ל",false,1,9.90,1.92,true,1,52
7290001594391,false,"פריגת משקה קל ענבים בבקבוק אישי 500 מ""ל",החברה המרכזית להפצת משקאות בעמ,,פריגת ענבים 0.5 ל,,500.00,"100 מ""ל",false,1,9.90,1.92,true,1,53
7290001594520,false,"בירה טובורג רד בקבוק 330 מ""ל",החברה המרכזית להפצת משקאות בעמ,,טובורג RED בק 330 מ,,330.00,"100 מ""ל",false,1,14.00,4.15,true,1,928
7290001594568,false,בירה בפחית קרלסברג (500 מל),החברה המרכזית להפצת משקאות בעמ,,קרלסברג 500 פחית,,500.00,"100 מ""ל",false,1,17.90,3.52,true,1,930
7290001594575,false,בירה בפחית רד טובורג (500 מל),החברה המרכזית להפצת משקאות בעמ,,טובורג פחית 500 מל,,500.00,"100 מ""ל",false,1,15.50,3.04,true,1,4778
>>>>>>> d048ac2f4f281c9d788043ab4e81b61b0dbe3743
7290001594803,false,"בירה טובורג גרין מארז 330X6מ""ל",קרלסברג ישראל,,טובורג גרין נצרה*6,,1.98,1 ליטר,false,1,54.90,26.82,true,1,4831
7290001594858,false,מארז שישייה בירה טובורג רד (330x6 מל),החברה המרכזית להפצת משקאות בעמ,,בירה בבקבוק טובורג*6,,1.98,1 ליטר,false,1,49.90,24.29,true,1,1333
7290001594865,false,"שישייה בירה קרלסברג בקבוק 330 מ""ל",החברה המרכזית להפצת משקאות בעמ,,קרלסברג 6* 330מל,,1.98,1 ליטר,false,1,49.90,24.29,true,1,1332
7290001778118,false,12 ביצים טריות L,גליקסמן שיווק ביצים,,12 ביצים טריות L,,12.00,יחידה,false,1,12.05,1.00,false,1,22540
7290001778125,false,12 ביצים טריות M,Unknown,,12 ביצים טריות M,,12.00,יחידה,false,1,11.15,0.93,false,1,22541
7290001778422,false,18 ביצים טריות L,Unknown,,18 ביצים טריות L,,18.00,יחידה,false,1,18.05,1.00,false,1,20197
7290001780428,false,מאגדת גלידת לייט שוקולד נסטלה 6יח' 312ג',נגה גלידות שותפות מוגבלת,,מאגדת לייט שוקו,,312.00,100 גרם,false,1,30.90,9.90,true,1,4887
7290001780800,false,שלגון קראנץ שוקולד ליבת נוגט נסטלה 100 גרם,נגה גלידות שותפות מוגבלת,,קראנץ ליבת נוגט,,100.00,100 גרם,false,1,12.90,12.90,true,1,2019
7290001817377,false,צ`יטוס איקס עיגול בטעם פיצה 60 גרם,"שטראוס פריטו ליי בע""\מ )",,ציטוס איקס עיגול 60,,60.00,100 גרם,false,1,5.90,9.83,true,1,1028
7290001817728,false,צ'יטוס אפוי כאפה בטעם קטשופ 55 גרם,"שטראוס פריטו ליי בע""\מ )",,ציטוס כאפה 55 גר,,55.00,100 גרם,false,1,5.90,10.73,true,1,1582
7290001975992,false,"בירה ויינשטפן 330 מ""ל בקבוק",החברה המרכזית להפצת משקאות בע,,ווינשטפן 330 מל,,330.00,"100 מ""ל",false,1,14.45,4.29,true,1,12934
7290001985007,false,שלגון מצופה שוקו שוקו 60יג',גלידות שטראוס בעמ,,מצופה שוקו שוק יטבתה,,70.00,100 גרם,false,1,7.90,11.29,true,1,1119
7290002007029,false,קוקוס טחון 100 ג' הנמל,יבוא ושיווק: הנמל אר,,קוקוס 100 גר,,100.00,100 גרם,false,1,3.90,3.90,true,1,16919
7290002007234,false,אבקת סוכר הנמל 100 גרם,הנמל אריזות ושיווק 1984 בע`מ,,אבקת סוכר 100 גר,,100.00,100 גרם,false,1,2.30,2.30,true,1,9308
7290002007852,false,"תמצית אפייה בטעמים שונים 55 מ""ל הנמל",הנמל אריזות ושיווק 1984 בע`מ,,תמצית וניל,,50.00,"100 מ""ל",false,1,5.00,10.00,true,1,16921
7290002008224,false,סוכריות לקישוט צבעונית הנמל 100 ג',הנמל אריזות ושיווק 1984 בע`מ,,מזרה עגול 100 גר,,100.00,100 גרם,false,1,6.90,6.90,true,1,23961
7290002008743,false,סוכר וניל עשירייה הנמל 100 גרם,הנמל אריזות ושיווק 1984 בע`מ,,סוכר וניל 10 יח,,100.00,100 גרם,false,1,2.90,2.90,true,1,9307
7290002008750,false,אבקת אפיה עשירייה הנמל 100 גרם,הנמל אריזות ושיווק 1984 בע`מ,,אבקת אפיה 10 יח,,100.00,100 גרם,false,1,2.90,2.90,true,1,9310
7290002008774,false,שומשום הנמל 200 גרם,הנמל אריזות ושיווק 1984 בע`מ,,שומשום 200 גר,,200.00,100 גרם,false,1,8.90,4.45,true,1,16920
7290002019787,false,רוטב עגבניות מרוכז מאוד 260 גרם פריניר,ח.כהן סוכנות מזון ומשקאות בע,,רסק עגבניות ט.טרי260,,260.00,100 גרם,false,1,4.50,1.73,true,1,16909
7290002019794,false,רוטב עגבניות מרוכז מאוד 100 גרם פריניר,ח.כהן סוכנות מזון ומשקאות בע,,רסק עגבניות פריניר,,100.00,100 גרם,false,1,2.20,2.20,true,1,540
7290002026303,false,"דולצ'ה דה לצ'ה 150 מ""ל - שורטי",מוצרי איכות אמריקאיי,,שורטי קרם עוגיות,,150.00,"100 מ""ל",false,1,11.80,7.87,true,1,14630
7290002026372,false,טילון בצק עוגיות בן,המאפיה של הרמן,,טילון בצק עוגיות,,100.00,100 גרם,false,1,10.90,10.90,true,1,17360
7290002026778,false,"גלידה בן&ג'ריס שמנת וניל קרמל וחתיכות 500מ""ל",מוצרי איכות אמריקאיים בעמ,,בן&גריס קון סויט,,500.00,"100 מ""ל",false,1,31.00,6.20,true,1,14962
7290002026976,false,"גלידת מוופוריה בטעם שוקולד מילק וקוקויס בן וג'ירי 500 מ""ל",מוצרי איכות אמריקאיי,,בן&גריס פיינט &קוקי,,420.00,"100 מ""ל",false,1,31.00,7.38,true,1,18441
7290002026983,false,"גלידת מוופוריה בטעם שוקולד עם בצק עוגיות 500 ""ל",מוצרי איכות אמריקאיים בע,,בן&גריס פיינט ב.עוג,,420.00,"100 מ""ל",false,1,31.00,7.38,true,1,18442
7290002037125,false,חלה פרוסה מאפיית ודש (500 גרם),מאפית י את א ברמן בע,,חלה פרוסה ודש,,500.00,100 גרם,false,1,10.50,2.10,true,1,1782
7290002037309,false,לחמניות המבורגר מאפיית ודש 8),מאפית י את א ברמן בע,,לחמניה המבורגר 2+6,,300.00,100 גרם,false,1,16.00,5.33,true,1,17862
7290002037569,false,לחמניות באני`ס ודש ברמן) (6,י.את א. ברמן בעמ,,לחמנית באניס*6,,450.00,100 גרם,false,1,16.00,3.56,true,1,17874
7290002037637,false,לחמניות הבית מתוקות מאפיית ודש) (4,מאפית י את א ברמן בע,,חלות מתוקה רבעייה,,360.00,100 גרם,false,1,16.00,4.44,true,1,17863
7290002043065,false,אקסטרה פריכיות אורז חום מלא בציפוי שוקולד מריר 70 גרם,א.ל.ייצור ושיווק תבלינים בעמ,,אקסטרה פריכונ ש.מריר,,70.00,100 גרם,false,1,9.50,13.57,false,1,22826
7290002043072,false,אקסטרה פריכיות אורז חום מלא בציפוי שוקולד חלב 70 גרם,א.ל.ייצור ושיווק תבלינים בעמ,,אקסטרה פריכוני ש.חלב,,70.00,100 גרם,false,1,9.50,13.57,false,1,22827
7290002043096,false,אקסטרה פריכוני אורז בציפוי שוקולד לבן בלגי,א.ל.ייצור ושיווק תבלינים בעמ,,אקסטרה פריכוני ש.לבן,,70.00,100 גרם,false,1,9.50,13.57,false,1,22828
7290002043218,false,אקסטרה צ'יפס אורז חום מלא מלח 60 גרם,א.ל.ייצור ושיווק תבלינים בעמ,,ציפס אורז מלח 60ג,,60.00,100 גרם,false,1,7.90,13.17,true,1,21076
7290002043782,false,אקסטרה צ'יפס אורז חום מלא טקסס ברביקיו 60 גרם,א.ל.ייצור ושיווק תבלינים בעמ,,ציפס אורז ברביקיו60,,60.00,100 גרם,false,1,7.90,13.17,true,1,21077
7290002057185,false,טבעות זיתים ירוקים קבוצת יבנה 560 גרם,קבוצת יבנה מוצרי מזון אגודה שי,,טבעות זיתים ירוק,,540.00,100 גרם,false,1,10.90,2.02,true,1,22834
7290002107491,false,גבינה לבנה מחלב עיזים למריחה 5% משק צוריאל 250 גרם,החברה המרכזית טלהפצת משקאות בע,,צוריאל עזים למריחה,,250.00,100 גרם,false,1,16.80,6.72,true,1,23855
7290002107798,false,גבינה בולגרית מעודנת 5% משק צוריאל 250 גרם,החברה המרכזית טלהפצת משקאות בע,,צוריאל ג. בולגרית5%,,250.00,100 גרם,false,1,27.90,11.16,true,1,23679
7290002132011,false,עוגיות מזרחיות עם שומשום עבאדי (400 גר),מאפיית יוסף ושמחה עבאדי,,עבאדי מזרחיות 400,,400.00,100 גרם,false,1,20.50,5.12,true,1,1788
7290002253105,false,שום במגשית 20 שיניים כתושות קפוא 80,קבוצת אוסם סחר-שות.מוגבלת,,דורות קוביות שום טרי,,80.00,100 גרם,false,1,15.00,18.75,true,1,23942
7290002331018,false,"נביעות מים עם פקק ספורט 500מ""ל",החברה המרכזית להפצת משקאות בעמ,,נביעות 500 מל שטוח,,500.00,"100 מ""ל",false,1,7.90,1.52,true,1,59
7290002331025,false,"מים מינרלים נביעות ספורט 500 מ""ל פקדון",החברה המרכזית להפצת משקאות בעמ,,נביעות ספורט 500מל,,3.00,1 ליטר,false,1,7.90,2.53,true,1,23258
7290002331094,false,"מים מינרליים GO TO נביעות 755 מ""ל",החברה המרכזית להפצת משקאות בעמ,,נביעות 755 מל,,755.00,"100 מ""ל",false,1,8.90,1.14,true,1,1451
7290002331124,false,נביעות+ מים מינרליים בטעם תפוח,החברה המרכזית להפצת משקאות בעמ,,נביעות תפוח עדין 0.5,,500.00,"100 מ""ל",false,1,9.90,1.92,true,1,3325
7290002331155,false,מים נביעות בטעם אפרסק 0.5 ליטר,החברה המרכזית להפצת משקאות בעמ,,נביעות אפרסק 0.5 ל,,500.00,"100 מ""ל",false,1,9.90,1.92,true,1,3324
7290002331360,false,"נביעות מים מינרליים טו גו מארז 500X6מ""ל",החברה המרכזית להפצת משקאות בעמ,,שישיית נביעות ספורט,,3.00,1 ליטר,false,1,16.00,4.73,true,1,86
7290002331421,false,"שישיית מים מינרליים GO TO נביעות 755 מ""ל",החברה המרכזית להפצת משקאות בעמ,,נביעות 755 מל שישייה,,4.53,1 ליטר,false,1,16.00,3.13,true,1,331
7290002331490,false,מים מינרלים נביעות (1 ליטר),החברה המרכזית להפצת משקאות בעמ,,נביעות 1 ליטר,,1.00,1 ליטר,false,1,7.90,7.60,true,1,13281
7290002331711,false,נביעות מים מינרלים בטעם ענבים0.5ליטר,החברה המרכזית להפצת משקאות בעמ,,נביעות ענבים 0.5ל,,500.00,"100 מ""ל",false,1,9.90,1.92,true,1,6208
7290002371533,false,דקניקים סלסולי פסטרמה דבש טירת צבי 120 גרם,תנובה מרכז שיתופי לשיווק תוצרת,,פסטרמה בדבש פרוס דק,,120.00,100 גרם,false,1,19.00,15.83,true,1,23692
7290002374268,false,שמן חמניות מזוכך ללא כולסטרול 1 ליטר,סוגת תעשיות בעמ,,שמן חמניות מילומור,,1.00,1 ליטר,false,1,12.90,12.90,true,1,22034
7290002374312,false,שמן קנולה מזוכך 6% מילומור (1 ליטר),"נארז ע""י : א.ג. גילר",,מילומור שמן קנולה,,1.00,1 ליטר,false,1,12.50,12.50,true,1,10133
7290002502043,false,בונז'ור לחמניה כריך,בונז'ור,,לחמניה לבנה,,120.00,100 גרם,false,1,2.50,2.08,true,1,5022
7290002502067,false,בונג'ור חלה קלועה 560 גרם,בונז'ור,,חלה קלועה בונזור,,560.00,100 גרם,false,1,12.90,2.30,false,1,17911
7290002502166,false,בונז'ור חצי באגט 60*,בונז'ור,,בונזור- חצי באגט,,0.00,,false,1,4.50,0.00,true,1,3107
7290002502296,false,בונז'ור לחמניה קלועה קנוי 100 ג',בונז'ור,,לחמניה קלועה,,0.00,,false,1,2.90,0.00,true,1,5021
7290002542506,false,"בקבוק בירה קורונה 355 מ""ל",קריניציה ויטמינה אס,,קורונה אקסטרא בירה,,355.00,"100 מ""ל",false,1,17.00,4.70,true,1,9708
7290002542773,false,"בירה סטלה ארטואה בקבוק 330 מ""ל","אינבב, ברוורייפליין",,בירה בבקבוק סטלה 330,,330.00,"100 מ""ל",false,1,17.00,5.06,true,1,20723
7290002542780,false,"שישייה בירה סטלה ארטואה בקבוק 330X6 מ""ל","אינבב, ברוורייפליין",,בירה בבקבוק סטלה*6,,1.98,1 ליטר,false,1,39.90,19.24,true,1,20724
7290002542797,false,"בירה לף בלונד בקבוק 330 מ""ל","אינבב, ברוורייפליין",,סטלה פחית 440 מל,,330.00,"100 מ""ל",false,1,14.00,4.15,true,1,22814
7290002542810,false,"בירה הוגרדן בקבוק 330 מ""ל","אינבב, ברוורייפליין",,הוגרדן - בק 330 מל,,330.00,"100 מ""ל",false,1,14.00,4.15,true,1,23083
7290002542841,false,"שישייה בירה לף בלונד בקבוק 330X6 מ""ל","אינבב, ברוורייפליין",,לף בלונד 330 מל*6,,1.98,1 ליטר,false,1,49.90,24.29,true,1,23084
7290002542865,false,"שישייה בירה הוגרדן בקבוק 330X6 מ""ל","אינבב, ברוורייפליין",,הוגרדן בק 330 מל*6,,1.98,1 ליטר,false,1,49.90,24.29,true,1,22815
<<<<<<< HEAD
7290002543046,false,קלוגס פרוסטיס דגנים וסוכר 750ג',קלוג מנייופרטורינג א,,קלוגס פרוסטיס 750,,750.00,100 גרם,false,1,25.00,3.33,true,1,24219
7290002551003,false,סטארקיסט טונה בשמן בודד 160ג',סטאר קיסט,,סטארקיס בשמן 160ג,,160.00,100 גרם,false,1,8.50,5.31,true,1,584
7290002551010,false,סטארקיסט טונה במים 160גרם-בי,"סטארקיסט פודור בע""מ",,סטארקיסט טונה במים,,160.00,100 גרם,false,1,8.50,5.31,true,1,1419
=======
7290002543046,false,קלוגס פרוסטיס דגנים וסוכר 750ג',דיפלומט מפיצים (1968) בעמ**,,קלוגס פרוסטיס 750,,750.00,100 גרם,false,1,25.00,3.33,true,1,24219
7290002551003,false,נתחי טונה בהירה בשמן סטארקיסט (160 גרם),דיפלומט מפיצים (1968) בעמ**,,סטארקיס בשמן 160ג,,160.00,100 גרם,false,1,8.50,5.31,true,1,584
7290002551010,false,נתחי טונה בהירה במים סטארקיסט (160 גרם),דיפלומט מפיצים (1968) בעמ**,,סטארקיסט טונה במים,,160.00,100 גרם,false,1,8.50,5.31,true,1,1419
>>>>>>> d048ac2f4f281c9d788043ab4e81b61b0dbe3743
7290002608653,false,מאפה טאבון תפוא א.ק,Unknown,,מאפה טאבון תפוא א.ק,,139.00,100 גרם,false,1,12.00,8.63,true,1,17013
7290002608776,false,מאפה עלים גבינה א.ק,Unknown,,מאפה עלים גבינה א.ק,,130.00,100 גרם,false,1,12.00,9.23,true,1,17014
7290002608806,false,מ.עלים שוקו מ.א א.ק,Unknown,,מ.עלים שוקו מ.א א.ק,,130.00,100 גרם,false,1,12.00,9.23,true,1,17015
7290002608837,false,מקל ריקוטה א.ק,Unknown,,מקל ריקוטה א.ק,,120.00,100 גרם,false,1,12.00,10.00,true,1,17016
7290002608868,false,מאפה תפוחים א.ק,Unknown,,מאפה תפוחים א.ק,,130.00,100 גרם,false,1,12.00,9.23,true,1,17049
7290002692393,false,שמן קנולה מזוכך מועשר עץ הזית (1 ליטר),סוגת תעשיות בעמ,,שמן קנולה עץ הזית 1,,1.00,1 ליטר,false,1,18.00,18.00,true,1,24085
7290002710004,false,ביצים אורגניות מן הטבע 12 יחידות,מן הטבע בארותיים בעמ,,ביצי חופש אורגניות L,,12.00,יחידה,false,1,25.00,2.08,true,1,21655
7290002710110,false,מן הטבע ביצי חופש 12יח.,מן הטבע בארותיים,,ביצים 12 יח L,,12.00,יחידה,false,1,18.90,1.57,true,1,17112
7290002730675,false,"קולגייט משחת שיניים אדומה משפחתי 100 מ""ל",קולגייט-פלמוליב,,קולגייט משחת שיניים,,100.00,"100 מ""ל",false,1,16.50,16.50,true,1,6946
7290002750048,false,לחמניות רביעיות כשלפ,יושלם,,לחמניות רביעיות כשלפ,,300.00,100 גרם,false,1,23.90,7.97,false,1,22642
7290002752332,false,"סוכריות מנטוס פירות בגליל, 37.5 גרם",הדקלאים אגודת שיתופי,,מנטוס פירות גליל,,37.50,100 גרם,false,1,5.00,13.33,true,1,936
7290002752349,false,סוכריות מנטוס מנטה 40יח' בגליל 38ג',ליימן שליסל בעמ,,מנטוס מנטה גליל,,37.50,100 גרם,false,1,5.00,13.33,true,1,937
7290002752493,false,רביעיה סוכריות מנטה 4* 16 ג' טיק טק,פרימיום-חברה לדברי מתיקה ולמסח,,טיק טק מנטה רבעיות,,64.00,100 גרם,false,1,11.90,18.59,true,1,4132
7290002753223,false,רביעייה סוכריות תפוז 4*16 ג' טיק טק,פרימיום-חברה לדברי מתיקה ולמסח,,טיק טק תפוז רביעיות,,64.00,100 גרם,false,1,11.90,18.59,true,1,4133
7290002771111,false,קפה עם הל אל נחלה 250 גרם,קפה אל נחלה בני רפיק,,נחלה קפה עם הל 250,,250.00,100 גרם,false,1,21.90,8.76,true,1,2640
7290002824183,false,"גבינה לבנה סקי 500 גרם 5% ""שטראוס"" -מוצר בפיקוח",שטראוס גרופ בעמ/מצונן,,סקי 500 גר %5,,500.00,100 גרם,false,1,9.96,1.99,false,1,19111
7290002824466,false,יוגורט דנונה ביו לבן 0% שומן 200 גרם,שטראוס גרופ בעמ/מצונן,,דנונה ביו 0% 200 גר,,200.00,"100 מ""ל",false,1,3.90,1.95,true,1,1226
7290002824640,false,"גבינת סקי 250 גרם 5% ""שטראוס"" -מוצר בפיקוח",שטראוס גרופ בעמ/מצונן,,סקי גבינה 5% 250גר,,250.00,100 גרם,false,1,4.98,1.99,false,1,1192
7290002868996,false,"קוטג' 5% שומן, רכיבים טבעיים, 250 גרם",החברה המרכזית טלהפצת משקאות בע,,טרה קוטג מועשר 5%,,250.00,100 גרם,false,1,5.90,2.36,true,1,9138
7290002900207,false,המבורגר אמיתי 100% 400 גרם-תנובה,הנסיך- מפעל לייצור ט,,ט.צבי המבורגר אמיתי,,400.00,100 גרם,false,1,26.90,6.72,true,1,10330
7290002900214,false,קבב מזרחי טירת צבי 4,טיב טירת צבי 2000,,ט.צבי קבב מזרחי,,450.00,100 גרם,false,1,26.90,5.98,true,1,10331
7290002958130,false,היי ווי אדום,Unknown,,היי-ווי 20 רד,,0.00,,false,1,260.00,0.00,false,1,22119
7290002958147,false,היי-ווי 20 בלו,Unknown,,היי-ווי 20 בלו,,0.00,,false,1,260.00,0.00,false,1,22120
7290002958154,false,היי-ווי 20 סילבר,Unknown,,היי-ווי 20 סילבר,,0.00,,false,1,260.00,0.00,false,1,22121
7290002958192,false,רויאל אדום - פאקט,Unknown,,רויאל אדום - פאקט,,0.00,,false,1,260.00,0.00,false,1,11703
7290002958208,false,סיגריות רויאל כחול פ,דובק,,רויאל כחול - פאקט,,0.00,,false,1,260.00,0.00,false,1,11704
7290002958307,false,רויאל 100 רד,Unknown,,רויאל 100 רד,,0.00,,false,1,260.00,0.00,false,1,22137
7290002958314,false,רויאל 100 בלו,Unknown,,רויאל 100 בלו,,0.00,,false,1,260.00,0.00,false,1,22138
7290002986225,false,עוגיות יין גלגל גדול 400,"אחים גטניו בע""מ",,עוגיות יין גלגל גדול,,400.00,100 גרם,false,1,11.90,2.98,false,1,2094
7290002986256,false,עוג.יין-עיגולית 400 גרם,"אחים גטניו בע""מ",,עוגיות יין עגולית,,400.00,100 גרם,false,1,11.90,2.98,true,1,2966
7290002986843,false,כעכי יין בשקית 300 גרם,אחים גטניו,,עוגיות כעכי יין,,300.00,100 גרם,false,1,11.90,3.97,false,1,22574
<<<<<<< HEAD
7290003009312,false,בוטן קלוי קליית גת 200 גרם,הדקלאים אגודת שיתופי,,בוטן קלוי 200 גר,,200.00,100 גרם,false,1,11.90,5.95,true,1,1133
7290003009329,false,בוטנים אמריקאיים קליית גת 200 גרם,הדקלאים אגודת שיתופי,,בוטן אמריקאי שקית200,,200.00,100 גרם,false,1,9.00,4.50,true,1,1127
7290003009336,false,קבוקים קליית גת 200 גרם,הדקלאים אגודת שיתופי,,קבוקים שקית 200 גרם,,200.00,100 גרם,false,1,9.00,4.50,true,1,1134
7290003009640,false,מיץ תפוזים סחוט רכיבים טבעיים פריגת 1 ליטר,פריגת מצוננים,,סחוט תפוזים קלאסי1ל,,1.00,1 ליטר,false,1,18.00,17.70,true,1,6806
7290003029181,false,משקה יטבתה שוקו' בקבוק 1ל מהדרין,שטראוס גרופ,,יטבתה שוקו בקבוק 1ל,,1.00,1 ליטר,false,1,12.40,12.40,true,1,1176
7290003029372,false,משקה חלב בטעם בננה יטבתה 1 ליטר,שטראוס גרופ,,יטבתה בננה בקבוק 1ל,,1.00,1 ליטר,false,1,12.40,12.40,true,1,17104
7290003029389,false,"משקה חלב בננה פקק ספורט 250 מ""ל יוטבתה",שטראוס גרופ,,יטבתה בננה פקק 0.25,,250.00,"100 מ""ל",false,1,7.50,3.00,true,1,891
7290003029433,false,"משקה יטבתה שוקו פקק 250 מ""ל מהדרין",שטראוס גרופ,,יטבתה שוקו פקק 250מל,,250.00,"100 מ""ל",false,1,7.50,3.00,true,1,1179
7290003029532,false,מוקה בבקבוק יטבתה 1 ליטר מהדרין,שטראוס גרופ,,יטבתה מוקה בקבוק 1ל,,1.00,1 ליטר,false,1,12.40,12.40,true,1,23919
7290003029792,false,"משקה יטבתה שוקו שקיות מהדרין מארז 225X8מ""ל",שטראוס גרופ,,יטבתה שוקו שקית- 8יח,,1.80,1 ליטר,false,1,22.80,12.67,true,1,2801
7290003029815,false,כד חלב 3% יטבתה 2 ליטר מהדרין,שטראוס גרופ,,יטבתה חלב מועשר כד2ל,,2.00,1 ליטר,false,1,17.00,8.50,true,1,21699
7290003029907,false,אייס קפה יטבתה 1 ליטר מהדרין,שטראוס גרופ,,יטבתה אייס קפה 1,,1.00,1 ליטר,false,1,12.40,12.40,true,1,19118
=======
7290003009312,false,בוטן קלוי 200 גרם שקית קליית גת,הדקלאים אגודת שיתופי,,בוטן קלוי 200 גר,,200.00,100 גרם,false,1,11.90,5.95,true,1,1133
7290003009329,false,בוטנים אמריקאיים קליית גת (200 גרם),הדקלאים אגודת שיתופי,,בוטן אמריקאי שקית200,,200.00,100 גרם,false,1,9.00,4.50,true,1,1127
7290003009336,false,קבוקים קליית גת (200 גרם),הדקלאים אגודת שיתופי,,קבוקים שקית 200 גרם,,200.00,100 גרם,false,1,9.00,4.50,true,1,1134
7290003009640,false,מיץ תפוזים סחוט רכיבים טבעיים פריגת 1 ליטר,החברה המרכזית טלהפצת משקאות בע,,סחוט תפוזים קלאסי1ל,,1.00,1 ליטר,false,1,18.00,17.70,true,1,6806
7290003029181,false,משקה יטבתה שוקו' בקבוק 1ל מהדרין,שטראוס גרופ בעמ/מצונן,,יטבתה שוקו בקבוק 1ל,,1.00,1 ליטר,false,1,12.40,12.40,true,1,1176
7290003029372,false,יטבתה משקה בטעם בננה %3 בקבוק 1 ליטר,שטראוס גרופ בעמ/מצונן,,יטבתה בננה בקבוק 1ל,,1.00,1 ליטר,false,1,12.40,12.40,true,1,17104
7290003029389,false,"משקה חלב בננה פקק ספורט 250 מ""ל יוטבתה",שטראוס גרופ בעמ/מצונן,,יטבתה בננה פקק 0.25,,250.00,"100 מ""ל",false,1,7.50,3.00,true,1,891
7290003029433,false,"משקה יטבתה שוקו פקק 250 מ""ל מהדרין",שטראוס גרופ בעמ/מצונן,,יטבתה שוקו פקק 250מל,,250.00,"100 מ""ל",false,1,7.50,3.00,true,1,1179
7290003029532,false,מוקה בבקבוק יטבתה 1 ליטר מהדרין,שטראוס גרופ בעמ/מצונן,,יטבתה מוקה בקבוק 1ל,,1.00,1 ליטר,false,1,12.40,12.40,true,1,23919
7290003029792,false,"משקה יטבתה שוקו שקיות מהדרין מארז 225X8מ""ל",שטראוס גרופ בעמ/מצונן,,יטבתה שוקו שקית- 8יח,,1.80,1 ליטר,false,1,22.80,12.67,true,1,2801
7290003029815,false,כד חלב 3% יטבתה 2 ליטר מהדרין,שטראוס גרופ בעמ/מצונן,,יטבתה חלב מועשר כד2ל,,2.00,1 ליטר,false,1,17.00,8.50,true,1,21699
7290003029907,false,משקה חלב אייס קפה 2% יטבתה (1 ליטר,שטראוס גרופ בעמ/מצונן,,יטבתה אייס קפה 1,,1.00,1 ליטר,false,1,12.40,12.40,true,1,19118
>>>>>>> d048ac2f4f281c9d788043ab4e81b61b0dbe3743
7290003060009,false,"קמח חיטה לבן בהיר טחנות ישראליות 1 ק""ג",טחנות ישראליות,,קמח לבן בהיר,,1.00,"1 ק""ג",false,1,6.00,6.00,false,1,23364
7290003072828,false,נקנקיות פרנקפורטר 320 גר` טירת צבי,טיב טירת צבי 2000,,נקניקיות פרנקפורטר,,320.00,100 גרם,false,1,31.00,9.69,true,1,23651
7290003072835,false,נקניקיות קנאקוורסט טירת צבי 320 גרם,טיב טירת צבי 2000,,נקניקיות קנאקוורסט,,320.00,100 גרם,false,1,31.00,9.69,true,1,23652
7290003081684,false,מגבוני אוונט,Unknown,,מגבוני אוונט,,15.00,100 גרם,false,1,5.90,39.33,true,1,16077
7290003107216,false,קמח לבן בהיר 1 קג דגן מוביל,טחנות קמח דגן (2006) בעמ,,קמח 1 קג שימורי איכ,,1.00,"1 ק""ג",false,1,6.50,6.50,true,1,9153
7290003126958,false,טופו גבינה גוש בואקום צוריאל 300 ג',החברה המרכזית טלהפצת משקאות בע,,טופו משק צוריאל,,340.00,100 גרם,false,1,13.00,3.82,true,1,23732
7290003141159,false,יוגטה מרשמלו ממתק מוקצף בטעמי תות שדה ווניל 180 גרם,ליימן שליסל בעמ,,יוגטה מרשמלו 180ג,,1.00,יחידה,false,1,9.90,9.90,true,1,22894
7290003143146,false,ממרח תמרים קליית גת (450 גרם),הדקלאים אגודת שיתופי,,ממרח תמרים 450 גר,,450.00,100 גרם,false,1,7.90,1.76,true,1,24005
7290003143276,false,יוגטה מרשמלו ממתק מוקצף בטעם תות שדה 180 גרם,תות ממתקי איכות,,יוגטה מרשמלו מגולגל,,1.00,יחידה,false,1,9.90,9.90,true,1,22895
7290003144310,false,תערובת אגוזים וחמוציות קליית גת 150 גרם,ליימן שליסל בעמ,,תערובת אגוזים 150גר,,150.00,100 גרם,false,1,22.90,15.27,true,1,17398
7290003145560,false,ק.גת שקדים קלויים100,ליימן שליסל,,ק.גת שקדים קלויים100,,100.00,100 גרם,false,1,10.00,10.00,true,1,13193
7290003145577,false,ק.גת קשיו קלויים 100,קוד יצרן JG,,ק.גת קשיו קלויים 100,,100.00,100 גרם,false,1,10.00,10.00,true,1,13191
7290003145584,false,ק.גת פיסטוק קלוי 100,קוד יצרן JG,,ק.גת פיסטוק קלוי 100,,100.00,100 גרם,false,1,10.00,10.00,true,1,13192
7290003145751,false,אגוזי קשיו קלויים קליית גת (200 גרם),הדקלאים אגודת שיתופי,,קשיו קלוי 200 גרם,,200.00,100 גרם,false,1,25.00,12.50,true,1,13175
7290003145768,false,בוטנים אמריקאיים 50גר קליית גת,ששון ושות;#039& )ש.ת. תע,,בוטן אמריקאי 50 גרם,,50.00,100 גרם,false,1,3.00,6.00,true,1,6749
7290003145782,false,צנובר רכיבים טבעיים קליית גת 100 גרם,הדקלאים אגודת שיתופי,,צנובר טבעי 100 גר,,100.00,100 גרם,false,1,26.50,26.50,true,1,23892
<<<<<<< HEAD
7290003145959,false,פקאן טבעי קליית גת 150 גרם,ליימן מותגים,,פקאן טבעי שקית 150גר,,150.00,100 גרם,false,1,29.90,19.93,true,1,7161
=======
7290003145959,false,פקאן טבעי קליית גת 150 גרם,ליימן שליסל בעמ,,פקאן טבעי שקית 150גר,,150.00,100 גרם,false,1,29.90,19.93,true,1,7161
>>>>>>> d048ac2f4f281c9d788043ab4e81b61b0dbe3743
7290003153831,false,שוש חטיף בוטנים 80 גרם,"שטראוס פריטו ליי בע""\מ )",,שוש 80 גר,,80.00,100 גרם,false,1,7.90,9.88,true,1,1421
7290003208586,false,"וורמוט מרטיני לבן 750 מ""ל",מרטיני ורוסי,,מרטיני ביאנקו 750 מל,,750.00,"100 מ""ל",false,1,62.00,8.23,false,1,21073
7290003208890,false,"וודקה פינלנדיה 200 מ""ל",בראון פורמן,,וודקה פינלנדיה 200מ,,200.00,"100 מ""ל",false,1,36.90,18.30,true,1,17582
7290003212385,false,עוגיות-אוזניות 350ג,Unknown,,עוגיות-אוזניות 350ג,,350.00,100 גרם,false,1,12.90,3.69,true,1,12729
7290003212392,false,מאפים מלוחים 350גר,Unknown,,מאפים מלוחים 350גר,,350.00,100 גרם,false,1,12.90,3.69,true,1,12728
7290003212408,false,רוגלך שמרים קינמון,Unknown,,רוגלך שמרים קינמון,,400.00,100 גרם,false,1,12.90,3.22,true,1,12727
7290003212415,false,רוגלך שמרים שוקולד,Unknown,,רוגלך שמרים שוקולד,,400.00,100 גרם,false,1,12.90,3.22,true,1,12726
7290003229109,false,פסטרמה הודו בפפריקה טירת צבי (400 גרם),תנובה מרכז שיתופי לשיווק תוצרת,,ט.צבי פסטרמה פפרי400,,400.00,100 גרם,false,1,37.10,9.28,true,1,2354
7290003229116,false,פסטרמה הודו בדבש שומן טירת צבי 400 גרם,תנובה מרכז שיתופי לשיווק תוצרת,,ט.צבי פסטרמה בדבש400,,400.00,100 גרם,false,1,35.90,8.98,true,1,1295
7290003229123,false,פסטרמה הודו על גחלים 2% טירת צבי 400 גרם,תנובה מרכז שיתופי לשיווק תוצרת,,ט.צבי פסטרמ גחלים400,,400.00,100 גרם,false,1,35.90,8.98,true,1,1296
7290003229147,false,נקניק סלמי איטלקי מעושן טירת צבי 300 גרם,תנובה מרכז שיתופי לשיווק תוצרת,,ט.צבי סלמי איטלקי300,,300.00,100 גרם,false,1,35.00,11.67,true,1,4809
7290003229154,false,נקניק סלמי קוניאק טירת צבי 300 גרם,תנובה מרכז שיתופי לשיווק תוצרת,,ט.צבי קוניאק מובחר,,300.00,100 גרם,false,1,35.00,11.67,true,1,4810
7290003229192,false,נקניק כתף בקר מעושן 2% טירת צבי 400 גרם,תנובה מרכז שיתופי לשיווק תוצרת,,ט.צבי כתף בקר,,400.00,100 גרם,false,1,42.00,10.50,true,1,4944
7290003321155,false,יוגורט בר עם פקאן מצופה שוקולד 183 ג' דנונה,שטראוס גרופ בעמ/מצונן,,דנונה בר פקאן 180 גר,,175.00,"100 מ""ל",false,1,6.20,3.54,true,1,1204
7290003321292,false,גבינה לבנה 9% שומן 250 ג' שטראוס,שטראוס גרופ בעמ/מצונן,,סקי גבינה 9% 250גר,,250.00,100 גרם,false,1,4.75,1.90,true,1,1193
7290003332007,false,קפה שחור עם הל נח`לה אדום (250 גרם),סובחי נחלה ובניו בעמ,,נחלה אדום קפה הל 250,,250.00,100 גרם,false,1,17.90,7.16,true,1,15352
7290003402809,false,חטיף הרשי ריזס שוקולד לבן 39 גר,ליימן מותגים,,ריזס לבן 39 גר,,39.00,100 גרם,false,1,5.50,14.10,true,1,18617
7290003423909,false,חטיף קוקיס אנד קרים לבן 43 גרם,ליימן מותגים,,הרשיז לבן עוגיות,,43.00,100 גרם,false,1,7.00,16.28,true,1,6500
7290003427154,false,"שמן זית כתית מעולה טעם מעודן זיתא 750 מ""ל",תה ויסוצקי (ישראל) בעמ,,שמן זית כתית זיתא,,750.00,"100 מ""ל",false,1,39.90,5.32,true,1,9477
7290003444009,false,הרשי ריזס חטיף במילוי בוטנים 42 גרם,ליימן מותגים,,ריזס חמאת בוטנים,,42.00,100 גרם,false,1,5.50,13.10,true,1,6577
7290003450602,false,חרדל אמיתי צהוב בקבוק לחיץ 255 גר,היינץ צפון אמריקה מקבוצת ה.י.היינץ,,היינץ חרדל לחיץ-ח.ג,,255.00,100 גרם,false,1,12.50,4.90,true,1,13012
7290003457861,false,סולרו קלאסיק חלבי - פירות טרופיים,"מיוצר ע""\י גלידת שטראוס",,סולרו פירות טרופיים,,85.00,100 גרם,false,1,12.90,15.18,true,1,70
7290003457991,false,טילון קורנטו וניל עם וופל ואגוזי לוז מסוכרים,"גלידת שטראוס בע""\מ, רחוב",,קורנטו קלאסיק -6 יח,,378.00,100 גרם,false,1,36.00,9.52,true,1,4861
7290003550753,false,נתחי טונה בהירה בשמן פוסידון (108x4 גרם),נטו מילנדה סחר בעמ*,,טונה פוסידון בשמן 4,,432.00,100 גרם,false,1,24.00,5.56,true,1,24088
7290003608089,false,ספרינג תות-בננה 1.5 ליטר,יפאורה שותפות מובגלת לשיווק,,ספרינג תות בננה 1.5,,1.50,1 ליטר,false,1,11.90,7.93,true,1,2074
<<<<<<< HEAD
7290003643004,false,"סוגת אורז בסמטי קלאסי 1 ק""ג",האי נאם סי או אל.טי.,,אורז הודי בסמטי 1קג,,1.00,"1 ק""ג",false,1,17.00,17.00,true,1,2636
7290003643158,false,קורנפולר שקית 200 ג' סוגת,המאפיה של הרמן,,סוגת קורנפלור 200ג,,200.00,100 גרם,false,1,4.50,2.25,true,1,16924
7290003643325,false,קוסקוס בינוני סוגת 350 גרם,"אסיף תעשיות מזון בע""\מ",,קוסקוס סוגת בינוני,,350.00,100 גרם,false,1,6.00,1.71,true,1,22002
7290003643387,false,"סוכר לבן בצנצנת 1 ק""ג סוגת",האי נאם סי או אל.טי.,,סוכר לבן צנצנת 1 קג,,1.00,"1 ק""ג",false,1,9.90,9.90,true,1,2035
7290003643646,false,"סוכר דמררה קלאסי בצנצנת סוגת 1 ק""ג",האי נאם סי או אל.טי.,,סוכר דמררה 1 קג,,1.00,"1 ק""ג",false,1,13.90,13.90,true,1,2036
7290003643714,false,חומוס גרגירים 500 גרם סוגת,האי נאם סי או אל.טי.,,סוגת חומוס 500 גר,,500.00,100 גרם,false,1,8.90,1.78,true,1,19601
7290003643745,false,סוגת כוסמת 500 גרם,האי נאם סי או אל.טי.,,סוגת כוסמת 500 גר,,500.00,100 גרם,false,1,9.90,1.98,true,1,24119
=======
7290003643004,false,אורז בסמטי קלאסי סוגת (1 קג),האי נאם סי או אל.טי.,,אורז הודי בסמטי 1קג,,1.00,"1 ק""ג",false,1,17.00,17.00,true,1,2636
7290003643158,false,קורנפולר שקית 200 ג' סוגת,סוגת תעשיות בעמ,,סוגת קורנפלור 200ג,,200.00,100 גרם,false,1,4.50,2.25,true,1,16924
7290003643325,false,קוסקוס בינוני סוגת (350 גרם),"אסיף תעשיות מזון בע""\מ",,קוסקוס סוגת בינוני,,350.00,100 גרם,false,1,6.00,1.71,true,1,22002
7290003643387,false,סוכר לבן בצנצנת פלסטיק 1 ק`ג,האי נאם סי או אל.טי.,,סוכר לבן צנצנת 1 קג,,1.00,"1 ק""ג",false,1,9.90,9.90,true,1,2035
7290003643646,false,"סוכר דמררה קלאסי בצנצנת סוגת 1 ק""ג",האי נאם סי או אל.טי.,,סוכר דמררה 1 קג,,1.00,"1 ק""ג",false,1,13.90,13.90,true,1,2036
7290003643714,false,חומוס גרגירים 500 גרם סוגת,האי נאם סי או אל.טי.,,סוגת חומוס 500 גר,,500.00,100 גרם,false,1,8.90,1.78,true,1,19601
7290003643745,false,כוסמת סוגת (500 גרם),האי נאם סי או אל.טי.,,סוגת כוסמת 500 גר,,500.00,100 גרם,false,1,9.90,1.98,true,1,24119
>>>>>>> d048ac2f4f281c9d788043ab4e81b61b0dbe3743
7290003643752,false,עדשים ירוקים יבש סוגת 500 גר',האי נאם סי או אל.טי.,,סוגת עדשים ירוקים,,500.00,100 גרם,false,1,9.90,1.98,true,1,16930
7290003643769,false,עדשים אדומים יבש סוגת 500 גר',"סוגת תעשיות בע""\מ",,סוגת עדשים אדומי500,,500.00,100 גרם,false,1,9.90,1.98,true,1,16928
7290003643776,false,"פופקורן גרעינים סוגת 500 ג' כשל""פ",האי נאם סי או אל.טי.,,פופקורן 500 גר,,500.00,100 גרם,false,1,8.00,1.60,true,1,16915
7290003643806,false,שעועית לבנה יבשה סוגת (500 גרם),האי נאם סי או אל.טי.,,שעועית לבנה 500 גר,,500.00,100 גרם,false,1,12.00,2.40,true,1,19588
7290003643820,false,חומוס ענק יבש סוגת 500 גרם,"סוגת תעשיות בע""\מ",,סוגת חומוס ענק,,500.00,100 גרם,false,1,12.00,2.40,true,1,22003
7290003650248,false,פז 2TS מיקס 1ל 17,Unknown,,פז 2TS מיקס 1ל 17,,1.00,1 ליטר,false,1,80.30,80.30,true,1,19
7290003650385,false,פזלון דלתון 4 ל,Unknown,,פזלון דלתון 4 ל,,0.00,,false,1,20.00,0.00,false,1,8641
7290003651078,false,פזכולנט 6 1 ל 17יח,Unknown,,פזכולנט 6 1 ל 17יח,,1.00,1 ליטר,false,1,36.70,36.70,true,1,6705
7290003652129,false,טורבו פז 4ליטר,Unknown,,טורבו פז 4ליטר,,4.00,1 ליטר,false,1,180.50,45.12,true,1,19971
7290003653287,false,נוזל בלמים 0.250ל,Unknown,,נוזל בלמים 0.250ל,,250.00,"100 מ""ל",false,1,39.70,15.88,true,1,27
7290003653409,false,טורבו פז 1ליטר 17יח,Unknown,,טורבו פז 1ליטר 17יח,,1.00,1 ליטר,false,1,69.40,69.40,true,1,8846
7290003655267,false,פזכולנט 6 2 ל 10יח,Unknown,,פזכולנט 6 2 ל 10יח,,2.00,1 ליטר,false,1,67.40,33.70,true,1,29
7290003655281,false,פרו לוב 0.5 ל פח,Unknown,,פרו לוב 0.5 ל פח,,0.00,,false,1,80.30,0.00,true,1,223
7290003655403,false,פז פאואר סינט 1ל,Unknown,,פז פאואר סינט 1ל,,1.00,1 ליטר,false,1,80.30,80.30,true,1,5497
7290003656219,false,תוסף דיזל פז D-77 30,Unknown,,תוסף דיזל פז D-77 30,,500.00,"100 מ""ל",false,1,59.70,11.94,true,1,19970
7290003656646,false,פז זז ספריי 12יח,Unknown,,פז זז ספריי 12יח,,400.00,"100 מ""ל",false,1,29.00,7.25,true,1,19999
7290003656738,false,סקאיפז ספרי 12יח,Unknown,,סקאיפז ספרי 12יח,,400.00,"100 מ""ל",false,1,29.00,7.25,true,1,6455
7290003657094,false,טופ טק 10W-40ל 17,Unknown,,טופ טק 10W-40ל 17,,1.00,1 ליטר,false,1,56.50,56.50,true,1,5581
7290003657667,false,אוטוגיר 3 0.5 פח,Unknown,,אוטוגיר 3 0.5 פח,,500.00,"100 מ""ל",false,1,39.70,7.94,true,1,5540
7290003657674,false,פז אפ 600 0.5ל,Unknown,,פז אפ 600 0.5ל,,600.00,"100 מ""ל",false,1,98.20,16.37,true,1,5552
7290003658718,false,אוראה 10 ליטר חדש,Unknown,,אוראה 10 ליטר חדש,,10.00,1 ליטר,false,1,65.00,6.50,true,1,12816
7290003659210,false,פז אנרגי 5W-30ל 17,Unknown,,פז אנרגי 5W-30ל 17,,1.00,1 ליטר,false,1,80.30,80.30,true,1,8091
7290003659272,false,פז סופר TT ליטר,Unknown,,פז סופר TT ליטר,,1.00,1 ליטר,false,1,59.50,59.50,true,1,8516
7290003659289,false,טופ טק 40 1 ל (דיזל),Unknown,,טופ טק 40 1 ל (דיזל),,0.00,,false,1,59.50,0.00,true,1,8517
7290003659319,false,פז אקסטרים 20W-50ל,Unknown,,פז אקסטרים 20W-50ל,,1.00,1 ליטר,false,1,40.70,40.70,true,1,8514
7290003659418,false,פז לונג לייף 1ל 17י,Unknown,,פז לונג לייף 1ל 17י,,1.00,1 ליטר,false,1,39.70,39.70,true,1,8647
7290003703173,false,בונז'ור לחמנית כריך ג'בטה 150ג',בונז'ור,,בונזור כריך גבטה,,150.00,100 גרם,false,1,4.90,3.27,true,1,23311
7290003805501,false,"פתית בסגנון שוודי תלמה בד""צ 300 גרם",יוניליוור ישראל שיווק בע`מ,,פתית שוודי 300גר,,300.00,100 גרם,false,1,21.00,7.00,true,1,3228
7290003806591,false,"דאב - דאודורנט ספריי לאישה מלפפונים 150 מ""ל",ארנסט. רחוב קומבינצק,,דאב ספריי מלפפונים,,150.00,"100 מ""ל",false,1,19.90,13.27,false,1,19929
<<<<<<< HEAD
7290003807178,false,"רוטב קנור סויה בסגנון סיני 300 מ""ל",יוניליוור ישראל מזון בע\,,רוטב סויה,,300.00,"100 מ""ל",false,1,15.00,5.00,true,1,23639
7290003903955,false,שוקולד קרם חלב 100 גרם,STRAUSS-ISRAEL,,פרה שוק. מילוי ק.חלב,,100.00,100 גרם,false,1,9.00,9.00,false,1,969
7290003989539,false,לורנצו רביולי במילוי גבינה,מיוצר עי קונדיטוריית,,רביולי גבינה 400 גר,,400.00,100 גרם,false,1,24.00,6.00,true,1,23923
7290004011338,false,"ספריי קצפת מתוקה מוכנה ריץ' 250 מ""ל",האי נאם סי או אל.טי.,,ריץ קצפת מיכל 250מ,,250.00,"100 מ""ל",false,1,13.00,5.20,true,1,12430
=======
7290003807178,false,"רוטב קנור סויה בסגנון סיני 300 מ""ל",יוניליוור ישראל שיווק בע`מ,,רוטב סויה,,300.00,"100 מ""ל",false,1,15.00,5.00,true,1,23639
7290003903955,false,שוקולד במילוי קרם חלב 100 גרם,שטראוס גרופ בעמ,,פרה שוק. מילוי ק.חלב,,100.00,100 גרם,false,1,9.00,9.00,false,1,969
7290003989539,false,רביולי עם גבינה שטראוס (400 גרם),שטראוס גרופ בעמ/מצונן,,רביולי גבינה 400 גר,,400.00,100 גרם,false,1,24.00,6.00,true,1,23923
7290004011338,false,קצפת מתוקה מוכנה ספריי ריץ` (250 מל),נטו מלינדה סחר בע`מ,,ריץ קצפת מיכל 250מ,,250.00,"100 מ""ל",false,1,13.00,5.20,true,1,12430
>>>>>>> d048ac2f4f281c9d788043ab4e81b61b0dbe3743
7290004014407,false,עדשי מ&מ'ס חמאת בוטנים46,מרס נדרלנד,,אמ אנד אמס חמאת בוטנ,,49.21,100 גרם,false,1,6.50,13.21,true,1,14580
7290004063016,false,מלח שולחן מעולה סלית (1 קג)פיקוח,האי נאם סי או אל.טי.,,מלח שולחן דק,,1.00,"1 ק""ג",false,1,2.07,2.07,false,1,1428
7290004063115,false,"מלח מטבח עבה להמלחת בשר ובישול 1 ק""ג 1ק""ג",האי נאם סי או אל.טי.,,מלח גס סלעית 1 קג,,1.00,"1 ק""ג",false,1,2.07,2.07,false,1,17861
7290004078942,false,ליידי ספיד סטיק - דאודורנט ג'ל לאישה 65 גרם,קולגייט-פלמוליב,,ליידי ספיד דאו-מרענן,,65.00,100 גרם,false,1,27.90,42.92,true,1,15232
7290004119225,false,יופלה יוגורט בטעם אננס %3 150 גרם,תנובה מרכז שיתופי לש,,יופלה אננס 3% 150מל,,150.00,"100 מ""ל",false,1,5.70,3.80,true,1,1915
7290004119973,false,קרלו מעדן שוקו רביעיה גביע 1.5% 125 גרם,תנובה מרכז שיתופי לש,,קרלו שוקו,,125.00,"100 מ""ל",false,1,4.20,3.36,true,1,9122
7290004120061,false,מעדן חלב בטעם שוקו וניל שוניל 2% קרלו 125 גרם,תנובה מרכז שיתופי לש,,קרלו שוניל,,125.00,"100 מ""ל",false,1,4.10,3.28,true,1,9040
<<<<<<< HEAD
7290004120566,false,פיראוס 24% גבינה בולגרית 250 גרם,תנובה חלב,,בולגרית פיראוס,,250.00,100 גרם,false,1,26.90,10.76,true,1,23157
7290004120573,false,פיראוס 16% גבינה בולגרית 250 גרם,תנובה מרכז שיתופי לש,,פיראוס בולגרית בקר,,250.00,100 גרם,false,1,26.90,10.76,true,1,23458
7290004120634,false,גבינה פיראוס בולגרית 5% 250 גרם,תנובה מרכז שיתופי לש,,פיראוס בולגרית %5,,250.00,100 גרם,false,1,26.90,10.76,true,1,598
7290004120832,false,"חלב 2 ליטר 3% כד ""תנובה""- מוצר בפיקוח",תנובה מרכז שיתופי לש,,חלב 3% שומן כד 2ל,,2.00,1 ליטר,false,1,12.46,6.23,false,1,23238
7290004121488,false,יופלה דיאט אפרסק 0% גביע 150 גרם,תנובה מרכז שיתופי לש,,יופלה דיאט אפרסק,,150.00,"100 מ""ל",false,1,5.70,3.80,true,1,3393
7290004121853,false,גבינה בולגרית פיראוס 5% קוביות 200 גרם,תנובה מרכז שיתופי לש,,בולגרית פיראוס 5%,,200.00,100 גרם,false,1,23.90,11.95,false,1,2258
7290004122119,false,פתיתי פרמזן לפסטה 23% השף הלבן 100 גרם,פ.פ.ח. שאביט,,פתיתי פרמזן 100 גר,,100.00,100 גרם,false,1,14.90,14.90,true,1,23622
7290004122195,false,גוש חלב גבינה צהובה פרוסה 28% תנובה 200 גרם,תנובה חלב,,גוש חלב-חציקשה מהדרי,,200.00,100 גרם,false,1,15.40,7.70,true,1,19117
=======
7290004120566,false,גבינה בולגרית (25024% גרם)פיראוס תנובה,"תנובה בע""מ ***",,בולגרית פיראוס,,250.00,100 גרם,false,1,26.90,10.76,true,1,23157
7290004120573,false,גבינה בולגרית (25016% גרם)פיראוס תנובה,תנובה מרכז שיתופי לש,,פיראוס בולגרית בקר,,250.00,100 גרם,false,1,26.90,10.76,true,1,23458
7290004120634,false,גבינה בולגרית (2505% גרם)פיראוס תנובה,תנובה מרכז שיתופי לש,,פיראוס בולגרית %5,,250.00,100 גרם,false,1,26.90,10.76,true,1,598
7290004120832,false,"חלב 2 ליטר 3% כד ""תנובה""- מוצר בפיקוח",תנובה מרכז שיתופי לש,,חלב 3% שומן כד 2ל,,2.00,1 ליטר,false,1,12.46,6.23,false,1,23238
7290004121488,false,יוגורט ביו דיאט 0% אפרסק יופלה (150 גרם),תנובה מרכז שיתופי לש,,יופלה דיאט אפרסק,,150.00,"100 מ""ל",false,1,5.70,3.80,true,1,3393
7290004121853,false,גבינה בולגרית קוביות (2005% גרם)פיראוס,תנובה מרכז שיתופי לש,,בולגרית פיראוס 5%,,200.00,100 גרם,false,1,23.90,11.95,false,1,2258
7290004122119,false,פתיתי פרמזן לפסטה 23% השף הלבן 100 גרם,"תנובה בע""מ ***",,פתיתי פרמזן 100 גר,,100.00,100 גרם,false,1,14.90,14.90,true,1,23622
7290004122195,false,גוש חלב גבינה צהובה פרוסה 28% תנובה 200 גרם,"תנובה בע""מ ***",,גוש חלב-חציקשה מהדרי,,200.00,100 גרם,false,1,15.40,7.70,true,1,19117
>>>>>>> d048ac2f4f281c9d788043ab4e81b61b0dbe3743
7290004122270,false,עמק קלאסית פרוסות גבינה חצי קשה 28% 200 גרם,תנובה מרכז שיתופי לש,,עמק פרוס בקופסא %28,,200.00,100 גרם,false,1,18.80,9.40,true,1,599
7290004122348,false,גבינה צהובה מופחתת שומן 9% עמק (200 גרם),תנובה מרכז שיתופי לש,,עמק לייט פרוס %200 9,,200.00,100 גרם,false,1,18.90,9.45,true,1,1933
7290004122676,false,גבינה חמד לייט (2505% גרם)פיראוס תנובה,"תנובה,מחלבת טנא נוגה",,פ.חמד לייט 5% 250ג,,250.00,100 גרם,false,1,20.90,8.36,true,1,24044
7290004124205,false,יופלה דיאט יוגורט תות %0 גביע 150 גרם,תנובה מרכז שיתופי לש,,יופלה דיאט תות 150מל,,150.00,"100 מ""ל",false,1,5.70,3.80,true,1,1923
7290004124847,false,"קצפת צמחית השף הלבן 500 מ""ל תנובה",תנובה מרכז שיתופי לש,,שף לבן קצפת צמחית,,500.00,"100 מ""ל",false,1,18.90,3.78,true,1,19146
7290004125370,false,"שמנת חמוצה 9% מופחתת שומן תנובה 200 מ""ל מהדרין",תנובה מרכז שיתופי לש,,שמנת תנובה 9%,,200.00,"100 מ""ל",false,1,4.30,2.15,true,1,19123
7290004125400,false,"אשל שלי מהדרין 200 מ""ל 4.5% ""תנובה""- מוצר בפיקוח",פארייפאבה אגרואינדוס,,שלי אשל %200 4.5 מל,,200.00,"100 מ""ל",false,1,1.69,0.84,false,1,2119
7290004125417,false,"גיל 3% שלי 200 מ""ל ""תנובה"" -מוצר בפיקוח",תנובה מרכז שיתופי לש,,שלי גיל 3% מהדרין,,200.00,"100 מ""ל",false,1,1.51,0.76,false,1,601
7290004125455,false,"שמנת חמוצה 200 מ""ל 15% ""תנובה"" -מוצר בפיקוח",תנובה מרכז שיתופי לש,,שמנת חמוצה %15 בדצ,,200.00,"100 מ""ל",false,1,2.40,1.20,false,1,2050
7290004125509,false,"שמנת חמוצה 15% מועשרת תנובה 100 מ""ל",תנובה מרכז שיתופי לש,,תנובה שמנת חמוצה 100,,100.00,"100 מ""ל",false,1,1.70,1.70,true,1,19119
7290004125578,false,משקה סויה מעושר בסידן תנובה 1ל',תנובה מרכז שיתופי לש,,אלטרנטיב סויה 1 ל,,1.00,1 ליטר,false,1,12.40,12.40,true,1,5315
7290004125585,false,משקה סויה בטעם וניל תנובה 1 ליטר,תנובה מרכז שיתופי לש,,אלטרנטיב סויה וניל 1,,1.00,1 ליטר,false,1,13.00,13.00,true,1,19113
7290004125721,false,"השף הלבן שמנת עמידה לבישול 15% תנובה 250 מ""ל",תנובה מרכז שיתופי לש,,השף הלבן שמנת לבישול,,250.00,"100 מ""ל",false,1,8.90,3.56,true,1,1940
7290004125738,false,שמנת מתוקה להקצפה32% 250מל עמיד השף הלבן,תנובה מרכז שיתופי לש,,שמנת עמידה להקצפה,,250.00,"100 מ""ל",false,1,6.90,2.76,true,1,9089
<<<<<<< HEAD
7290004125776,false,גבינה צהובה עמק 28% 400 גרם בקופסא,תנובה חלב,,עמק פרוס בקופסה 400,,400.00,100 גרם,false,1,31.80,7.95,true,1,3178
7290004126674,false,טל העמק פרוסות גבינה חצי קשה לייט %9 200 גרם בקופסא,תנובה מרכז שיתופי לש,,טל העמק לייט,,200.00,100 גרם,false,1,20.90,10.45,true,1,4937
7290004126759,false,יוגורט דיאט יופלה פירות יער 150 גרם,תנובה חלב,,יופלה דיאט פירות 150,,150.00,"100 מ""ל",false,1,5.70,3.80,true,1,1922
7290004126872,false,משקאות חלב תנובה שוקו בקבוק 250מל,תנובה חלב,,שוק שוקו 250 מל,,250.00,"100 מ""ל",false,1,6.90,2.76,true,1,3405
=======
7290004125776,false,גבינה צהובה קלאסית 28% עמק (400 גרם),"תנובה בע""מ ***",,עמק פרוס בקופסה 400,,400.00,100 גרם,false,1,31.80,7.95,true,1,3178
7290004126674,false,טל העמק פרוסות גבינה חצי קשה לייט %9 200 גרם בקופסא,תנובה מרכז שיתופי לש,,טל העמק לייט,,200.00,100 גרם,false,1,20.90,10.45,true,1,4937
7290004126759,false,דאיט יופלה פירות יער טו יוג פרי 150גר.,"תנובה בע""מ ***",,יופלה דיאט פירות 150,,150.00,"100 מ""ל",false,1,5.70,3.80,true,1,1922
7290004126872,false,משקאות חלב תנובה שוקו בקבוק 250מל,תנובה - חלב,,שוק שוקו 250 מל,,250.00,"100 מ""ל",false,1,6.90,2.76,true,1,3405
>>>>>>> d048ac2f4f281c9d788043ab4e81b61b0dbe3743
7290004127077,false,קוטג תנובה 3% גביע 250 גרם מהדרין,מיוצר עי קונדיטוריית,,תנובה קוטג 3%,,250.00,100 גרם,false,1,6.00,2.40,true,1,4916
7290004127329,false,קוטג תנובה גביע 250 גרם %5 ו.מהדרין,מיוצר עי קונדיטוריית,,תנובה קוטג 5% 250גר,,250.00,100 גרם,false,1,6.00,2.40,true,1,615
7290004127336,false,קוטג תנובה גביע 250 גרם %9 ו.מהדרין,מיוצר עי קונדיטוריית,,תנובה קוטג 9% בדצ,,250.00,100 גרם,false,1,6.00,2.40,true,1,602
7290004127800,false,"גבינה לבנה 500 גרם 5% ""תנובה"" -מוצר בפיקוח",מיוצר עי קונדיטוריית,,תנובה גבינה לבנה 5%,,500.00,100 גרם,false,1,9.96,1.99,false,1,19120
7290004127817,false,גבינה לבנה 9% שומן 500 ג' תנובה,מיוצר עי קונדיטוריית,,תנובה גבינה לבנה 9%,,500.00,100 גרם,false,1,10.50,2.10,false,1,19121
<<<<<<< HEAD
7290004128333,false,לאבנה על בסיס יוגורט %9 שומן 500 ג' פיראוס,תנובה חלב,,פיראוס לבנה 9%,,500.00,100 גרם,false,1,22.90,4.58,true,1,23455
=======
7290004128333,false,לאבנה על בסיס יוגורט %9 שומן 500 ג' פיראוס,תנובה בעמ ***,,פיראוס לבנה 9%,,500.00,100 גרם,false,1,22.90,4.58,true,1,23455
>>>>>>> d048ac2f4f281c9d788043ab4e81b61b0dbe3743
7290004129101,false,גבינת שמנת 25% בטעם טבעי 225 ג' נפוליאון,תנובה מרכז שיתופי לש,,נפוליאון טבעי %30,,225.00,100 גרם,false,1,15.90,7.07,true,1,603
7290004129118,false,גבינת שמנת 24% עם זיתים ירוקים 225 ג' נפוליאון,מחלבת אלון תבור,,נפוליאון זיתים %30,,225.00,100 גרם,false,1,15.90,7.07,true,1,1195
7290004129156,false,גבינת שמנת25% עם שום שמיר 225 ג' נפוליאון,תנובה מרכז שיתופי לש,,נפוליאון שוםשמיר 250,,225.00,100 גרם,false,1,15.90,7.07,true,1,604
7290004129545,false,גבינה לבנה 3% תנובה (250 גרם),מחלבת אלון תבור,,תנובה גבינה לבנה 3%,,250.00,100 גרם,false,1,5.30,2.12,false,1,9102
7290004129736,false,יופלה לבן מעודן 1.5% גביע 200 גרם,תנובה מרכז שיתופי לש,,יופלה לבן מעודן %1.5,,200.00,"100 מ""ל",false,1,4.90,2.45,true,1,1926
7290004130794,false,משקה סויה במתיקות מופחתת תנובה (1 ליטר),תנובה מרכז שיתופי לש,,אלטרנטיב מ.מופחתת 1,,1.00,1 ליטר,false,1,13.00,13.00,true,1,14260
7290004130916,false,יוגורט יופלה פירות יער בשמנת 3% 150 גרם,תנובה מרכז שיתופי לש,,יופלה פירות יער בשמנ,,150.00,"100 מ""ל",false,1,5.70,3.80,true,1,3043
7290004131074,false,"חלב 1 ליטר 3% קרטון ""תנובה""- מוצר בפיקוח",תנובה מרכז שיתופי לש,,תנובה חלב3% קרט מהדר,,1.00,1 ליטר,false,1,6.23,6.23,false,1,2046
7290004131081,false,חלב תנובה 3% שקית 1 ליטר מהדרין,Unknown,,תנובה חלב שקית 3%,,1.00,1 ליטר,false,1,5.43,5.43,false,1,20192
7290004131432,false,יוגורט יופלה לבן ביו 3% 200 גרם,מיוצר עי קונדיטוריית,,יופלה לבן 3% 200 גר,,200.00,"100 מ""ל",false,1,4.60,2.30,true,1,2110
<<<<<<< HEAD
7290004131456,false,יוגורט ביו 1.5% שומן 200 ג' יופלה,תנובה מרכז שיתופי לש,,יופלה לבן 1.5% 200גר,,200.00,"100 מ""ל",false,1,4.60,2.30,true,1,2111
7290004131814,false,גבינה צפתית 5% מעודנת 200 ג' פיראוס,פארייפאבה אגרואינדוס,,פיראוס צפתית 5%,,200.00,100 גרם,false,1,17.90,8.95,true,1,19124
7290004132231,false,חלב פלוס לקפה 3.5% שומן,"תנובה, מחלבת רחובות",,תנובה חלב לקפה 0.8 ל,,800.00,"100 מ""ל",false,1,7.90,0.99,true,1,2104
=======
7290004131456,false,יוגורט ביו 1.5% שומן 200 ג' יופלה,מיוצר עי קונדיטוריית,,יופלה לבן 1.5% 200גר,,200.00,"100 מ""ל",false,1,4.60,2.30,true,1,2111
7290004131814,false,גבינת צפתית מעודנת (2005% גרם)פיראוס ת,פארייפאבה אגרואינדוס,,פיראוס צפתית 5%,,200.00,100 גרם,false,1,17.90,8.95,true,1,19124
7290004132231,false,חלב תנובה פלוס לקפה 5% 800 מל,"תנובה, מחלבת רחובות",,תנובה חלב לקפה 0.8 ל,,800.00,"100 מ""ל",false,1,7.90,0.99,true,1,2104
>>>>>>> d048ac2f4f281c9d788043ab4e81b61b0dbe3743
7290004132552,false,משקה סויה בטעם טבעי לייט תנובה 1 ליטר,תנובה מרכז שיתופי לש,,אלטרנטיב סויה לייט,,1.00,1 ליטר,false,1,13.00,13.00,true,1,19147
7290004132712,false,חטיף אצבעות גבינת מוצרלה 20% 172 ג' עמק,תנובה מרכז שיתופי לש,,אצבעות עמק,,174.00,100 גרם,false,1,18.90,10.86,true,1,23693
7290004132903,false,גבינה לבנה 3% מהדרין תנובה 250 גרם,תנובה מרכז שיתופי לש,,גבינה לבנה 3% 250ג,,250.00,100 גרם,false,1,5.30,2.12,false,1,22712
7290004133511,false,יופלה מאגדת לבן 1.5% מעודן 8 יח' * 150 ג',מיוצר עי קונדיטוריית,,יופלה לבן*8,,1.20,"1 ק""ג",false,1,23.90,19.92,true,1,23023
7290004133627,false,חלב קרטון 1 ליטר 3% מועשר על הבוקר,תנובה מרכז שיתופי לש,,תנובה חלב על הבוקר3%,,1.00,1 ליטר,false,1,9.50,9.50,true,1,2178
7290004133900,false,.השף הלבן קצפת צמחית 250 מל פרווה,תנובה בעמ ***,,השף הלבן קצפת צימחית,,250.00,"100 מ""ל",false,1,11.70,4.68,true,1,19131
7290004135614,false,גבינה בולגרית מעודנת 5% פיראוס 250 גרם,"תנובה בע""מ ***",,פיראוס בולג.מעודן5%,,250.00,100 גרם,false,1,26.90,10.76,true,1,21404
7290004136154,false,"משקה חלב אייס קפה תנובה בבקבוק 340 מ""ל",גוד פוד פרודקטס S.p,,תנובה משקה אייס קפה,,340.00,"100 מ""ל",false,1,8.90,2.62,true,1,6134
7290004136598,false,מארז הפסקת אוכל עם קורנפלקס ומשקה חלב עמיד בטעם וניל,פארייפאבה אגרואינדוס,,הפסקת אוכל קורנפלק,,150.00,"100 מ""ל",false,1,10.50,7.00,true,1,5370
7290004136857,false,מעדן ג`לי בטעם פטל תנובה (125 גרם),תנובה מרכז שיתופי לש,,גלי פטל 0%,,125.00,"100 מ""ל",false,1,3.20,2.56,true,1,23006
7290004136871,false,מעדן ג'לי בטעם אפרסק עם חתיכות תנובה 125 גרם,תנובה מרכז שיתופי לש,,גלי אפרסק עם חתיכות,,125.00,"100 מ""ל",false,1,3.20,2.56,true,1,23005
7290004137021,false,"שמנת עמידה לבישול מופחת שומן 10% השף הלבן 250 מ""ל",תנובה מרכז שיתופי לש,,השף הלבן ש.לבישול10%,,250.00,"100 מ""ל",false,1,8.90,3.56,true,1,6505
7290004137311,false,גבינה צהובה מופחתת שומן 9% עמק (400 גרם),"תנובה בע""מ ***",,עמק לייט משפחתית,,400.00,100 גרם,false,1,34.70,8.68,true,1,24045
7290004137809,false,לאבנה אסלית 5% גביע (250 גרם)פיראוס תנו,"תנובה, מחלבת אלון תב",,פיראוס לאבנה 5% 250,,250.00,100 גרם,false,1,16.40,6.56,true,1,9242
7290004225872,false,קרם קוקוס ויליגר 400 גרם,טקרנג פינאפלה אינדוס,,קרם קוקוס,,400.00,"100 מ""ל",false,1,8.00,2.00,true,1,24007
7290004255213,false,נר הבדלה דקורטיבי מנורה,Unknown,,פחם 2 קג מנורה,,2.00,"1 ק""ג",false,1,21.90,10.95,false,1,22783
<<<<<<< HEAD
7290004554293,false,קרחון אסקימו שטראוס ענבים,שטראוס,,קרחון אסקימו ענבים,,84.00,100 גרם,false,1,4.00,4.76,true,1,1111
=======
7290004554293,false,קרחון אסקימו שטראוס ענבים,גלידות שטראוס בעמ,,קרחון אסקימו ענבים,,84.00,100 גרם,false,1,4.00,4.76,true,1,1111
>>>>>>> d048ac2f4f281c9d788043ab4e81b61b0dbe3743
7290004554330,false,שלגון אסקימו דובדבן שטראוס 75 גרם,"מיוצר ע""\י גלידת שטראוס",,קרחון אסקימו דובדובן,,84.00,100 גרם,false,1,4.00,4.76,true,1,1112
7290004554781,false,קרחון אסקימו שטראוס לימון,גלידות שטראוס בעמ,,קרחון אסקימו לימון,,84.00,100 גרם,false,1,4.00,4.76,true,1,1113
7290004554798,false,"שלגון מטרה פטל,לימון וענבים","מיוצר ע"" גלידת שטראו",,מטרה שלגון,,90.00,100 גרם,false,1,7.90,8.78,true,1,1411
<<<<<<< HEAD
7290004584351,false,גבינה לבנה סימפוניה עם תוספות 200 ג' חמישית 200,"שטראוס בריאות בע""\מ",,סימפוניה טיבעי 200גר,,200.00,100 גרם,false,1,12.50,6.25,true,1,1197
7290004584528,false,יוגורט דנונה ביו לבן 1.7% שומן 200 גרם,מיוצר עי קונדיטוריית,,דנונה ביו 1.5% 200גר,,200.00,"100 מ""ל",false,1,3.70,1.85,true,1,1211
7290004585907,false,דני ועדן וניל 1.5% 125ג' שטראוס,מיוצר עי קונדיטוריית,,דני וניל 130 גר,,130.00,"100 מ""ל",false,1,3.20,2.46,true,1,1212
7290004658946,false,שרדונה פרייבט קולקשי,"כד בני דרום בע""מ",,שרדונה לבן יבש,,750.00,"100 מ""ל",false,1,50.00,6.63,true,1,23091
7290004685041,false,לחם הארץ חיטה מלאה750גרם,מאפית י.את א. ברמן ב,,לחם הארץ חיטה מלאה,,750.00,100 גרם,false,1,19.00,2.53,true,1,9385
7290004685089,false,לחם הארץ לחם חמניות 500 גר',מאפית י את א ברמן בע,,הארץ חמניות,,500.00,100 גרם,false,1,20.00,4.00,true,1,24075
7290004685126,false,לחם פומפרניקל לחם הארץ 750 גרם,מאפית י את א ברמן בע,,לחם הארץ 5 דגנים,,750.00,100 גרם,false,1,19.00,2.53,true,1,9387
7290004685157,false,לחם שיפון 100% 750 גרם לחם הארץ,מאפית י את א ברמן בע,,ברמן לחם הארץ שיפון,,750.00,100 גרם,false,1,19.00,2.53,true,1,9386
7290004685195,false,לחם 10 דגנים לחם הארץ 750 גרם,מאפית י את א ברמן בע,,לחם הארץ 10 דגנים,,750.00,100 גרם,false,1,19.00,2.53,true,1,9388
7290004685430,false,לחם הארץ כוסמין 100% 500 גרם,מאפית י את א ברמן בע,,לחם הארץ,,600.00,100 גרם,false,1,20.00,3.33,true,1,23484
7290004685447,false,לחמניות כוסמין 6 בשקית 450 גרם,מאפית ברמן מקבוצת י. את,,לחמניות כוסמין 6 יח,,450.00,100 גרם,false,1,17.00,3.78,true,1,23897
7290004731083,false,"סבון נוזלי לידיים ג'נסינג ""כיף""",טרופיקל דגיל תעשיות,,אלסבון כיף גנסנג 1ל,,1.00,1 ליטר,false,1,15.50,15.50,false,1,24017
7290004731472,false,"שלישיית אלסבון צבעוני כיף 500 מ""ל",טרופיקל דגיל תעשיות,,אלסבון כיף X3 צבעוני,,1.50,1 ליטר,false,1,25.00,16.67,true,1,9486
7290004872021,false,קרחון רמזור כלפ 48*80גר,גלידות נסטלה )נגה גלידות,,קרחון רמזור,,80.00,100 גרם,false,1,4.00,5.00,true,1,356
7290004872069,false,קרחון לימון כלפ.48*80גרם,גלידות נסטלה )נגה גלידות,,קרחון לימון,,80.00,100 גרם,false,1,4.00,5.00,true,1,358
7290004872229,false,"שלגון שוקולד כלפ. 48*67גרם חת""ס",תות תעשיות מזון (201,,שלגון שוקולד מצופה,,79.20,100 גרם,false,1,7.90,9.97,true,1,362
7290004872243,false,שלגון בננה מצופה נסטלה 57ג',תות תעשיות מזון (201,,שלגון בננה מצופה,,69.00,100 גרם,false,1,7.90,11.45,true,1,364
7290004872250,false,שלגון שרבט אבטיח נסטלה 108 גרם,גלידות נסטלה )נגה גלידות,,קרחון אבטיח קיץ,,108.00,100 גרם,false,1,8.90,8.24,true,1,365
7290004872359,false,קרחון דובדבן נסטלה 80 גרם,גלידות נסטלה )נגה גלידות,,קרחון דובדבן סוכריות,,80.00,100 גרם,false,1,4.00,5.00,true,1,366
=======
7290004584351,false,גבינה לבנה סימפוניה עם תוספות 200 ג' חמישית 200,שטראוס גרופ בעמ/מצונן,,סימפוניה טיבעי 200גר,,200.00,100 גרם,false,1,12.50,6.25,true,1,1197
7290004584528,false,יוגורט דנונה ביו לבן 1.7% שומן 200 גרם,שטראוס גרופ בעמ/מצונן,,דנונה ביו 1.5% 200גר,,200.00,"100 מ""ל",false,1,3.70,1.85,true,1,1211
7290004585907,false,דני ועדן וניל 1.5% 125ג' שטראוס,שטראוס גרופ בעמ/מצונן,,דני וניל 130 גר,,130.00,"100 מ""ל",false,1,3.20,2.46,true,1,1212
7290004658946,false,פרייבט קולקשן שרדונה יקבי כרמל (750 מל),"כד בני דרום בע""מ",,שרדונה לבן יבש,,750.00,"100 מ""ל",false,1,50.00,6.63,true,1,23091
7290004685041,false,לחם הארץ חיטה מלאה750גרם,מאפית י.את א. ברמן ב,,לחם הארץ חיטה מלאה,,750.00,100 גרם,false,1,19.00,2.53,true,1,9385
7290004685089,false,לחם הארץ לחם חמניות 500 גר',מאפית י את א ברמן בע,,הארץ חמניות,,500.00,100 גרם,false,1,20.00,4.00,true,1,24075
7290004685126,false,לחם 5 דגנים פרוס לחם הארץ (750 גרם),מאפית י את א ברמן בע,,לחם הארץ 5 דגנים,,750.00,100 גרם,false,1,19.00,2.53,true,1,9387
7290004685157,false,לחם שיפון 100% פרוס לחם הארץ (750 גרם),מאפית י את א ברמן בע,,ברמן לחם הארץ שיפון,,750.00,100 גרם,false,1,19.00,2.53,true,1,9386
7290004685195,false,לחם 10 דגנים פרוס לחם הארץ (750 גרם),מאפית י את א ברמן בע,,לחם הארץ 10 דגנים,,750.00,100 גרם,false,1,19.00,2.53,true,1,9388
7290004685430,false,100% לחם כומסין 500 גר לחם הארץ,מאפית י את א ברמן בע,,לחם הארץ,,600.00,100 גרם,false,1,20.00,3.33,true,1,23484
7290004685447,false,לחמניות כוסמין 6 יח בשקית מלא 450 גר`E,מאפית ברמן מקבוצת י. את,,לחמניות כוסמין 6 יח,,450.00,100 גרם,false,1,17.00,3.78,true,1,23897
7290004731083,false,אל סבון נוזלי ג`ינסנג כיף (1 ליטר),החברה הדרומית לשיווק בעמ,,אלסבון כיף גנסנג 1ל,,1.00,1 ליטר,false,1,15.50,15.50,false,1,24017
7290004731472,false,"שלישיית אלסבון צבעוני כיף 500 מ""ל",החברה הדרומית לשיווק בעמ,,אלסבון כיף X3 צבעוני,,1.50,1 ליטר,false,1,25.00,16.67,true,1,9486
7290004872021,false,קרחון רמזור כלפ 48*80גר,גלידות נסטלה )נגה גלידות,,קרחון רמזור,,80.00,100 גרם,false,1,4.00,5.00,true,1,356
7290004872069,false,קרחון לימון כלפ.48*80גרם,נגה גלידות שותפות מוגבלת,,קרחון לימון,,80.00,100 גרם,false,1,4.00,5.00,true,1,358
7290004872229,false,"שלגון שוקולד כלפ. 48*67גרם חת""ס",תות תעשיות מזון (201,,שלגון שוקולד מצופה,,79.20,100 גרם,false,1,7.90,9.97,true,1,362
7290004872243,false,שלגון בננה מצופה נסטלה 57ג',תות תעשיות מזון (201,,שלגון בננה מצופה,,69.00,100 גרם,false,1,7.90,11.45,true,1,364
7290004872250,false,שלגון שרבט אבטיח נסטלה 108 גרם,נגה גלידות שותפות מוגבלת,,קרחון אבטיח קיץ,,108.00,100 גרם,false,1,8.90,8.24,true,1,365
7290004872359,false,"קרחון דובדבן עם סוכריות כשל""פ",נגה גלידות שותפות מוגבלת,,קרחון דובדבן סוכריות,,80.00,100 גרם,false,1,4.00,5.00,true,1,366
>>>>>>> d048ac2f4f281c9d788043ab4e81b61b0dbe3743
7290004872731,false,טילון וניל אקסטרים נסטלה 72 גרם,גלידות נסטלה,,אקסטרים וניל טילון,,72.00,100 גרם,false,1,10.90,15.14,true,1,368
7290004872786,false,טילון אקסטרים פקאן ענק,גלידות נסטלה,,אקסטרים פקאן ענק,,113.00,100 גרם,false,1,12.90,11.42,true,1,370
7290004914219,false,בקבוק ריח עם מקלות עץ,סאנרייז,,מפיץ ריח מקלות לרכב,,0.00,,false,1,12.00,0.00,true,1,6687
7290004914738,false,סאן קאר מפיץ ריח,Unknown,,סאן קאר,,1.00,יחידה,false,1,5.00,5.00,false,1,22424
7290004943035,false,ציפס משפחתי קפוא 800,מילוטל,,ציפס 800 גרם מילוטל,,800.00,100 גרם,false,1,14.50,1.81,true,1,24070
7290005008481,false,ספיד סטיק - דאודורנט ג'ל לגבר ספורט 85 גרם,הנסיך- מפעל לייצור ט,,ספיד סטיק גל ספורט,,85.00,100 גרם,false,1,27.90,32.82,true,1,19926
<<<<<<< HEAD
7290005020162,false,וויסקי סקוטי בלנטייס פיינסט 700 מל,פרנו,,ו.בלנטיינס פיינסט,,700.00,"100 מ""ל",false,1,115.00,16.39,true,1,21058
=======
7290005020162,false,וויסקי סקוטי בלנטייס פיינסט 700 מל,טמפו משקאות בע`מ,,ו.בלנטיינס פיינסט,,700.00,"100 מ""ל",false,1,115.00,16.39,true,1,21058
>>>>>>> d048ac2f4f281c9d788043ab4e81b61b0dbe3743
7290005084355,false,סנסודין משחת שיניים דואל קר פלואוריד 75,גלקסו סמית קליין,,משחת סנסודיין דואלקר,,75.00,"100 מ""ל",false,1,22.90,30.53,false,1,24025
7290005124686,false,בליסטקס שפתון-תות,מדיליין פריגו,,בליסטיקס תות,,4.25,100 גרם,false,1,11.00,258.82,true,1,3608
7290005174551,false,סלט חומוס עם צנוברים 125 ג' אחלה,שטראוס גרופ בעמ/מצונן,,אחלה חומוס 125 גר,,125.00,100 גרם,false,1,6.20,4.96,true,1,1290
7290005174575,false,טחינה אחלה יום יום משובחת 125ג',שטראוס גרופ בעמ/מצונן,,אחלה טחינה 125 גר,,125.00,100 גרם,false,1,6.20,4.96,true,1,1292
7290005197758,false,"עוגיות חיוכים שוקולד עלית 150 גרם בד""צ",אפיפית נצרת תעשיות ב,,חיוכים שוקו 150 גר,,150.00,100 גרם,false,1,6.00,4.00,true,1,1276
7290005199288,false,גומי מאסט בטעם פטל לימון 28 ג' עלית,שטראוס גרופ בע`מ,,מאסט פטל לימון 28גר,,28.00,100 גרם,false,1,6.00,21.43,true,1,1794
7290005199622,false,עד חצות ביסקוויט פרי,STRAUSS-ISRAEL,,עד חצות ביסקויט מרי,,200.00,100 גרם,false,1,17.90,8.95,true,1,9376
7290005199738,false,גומי מאסט בטעם פפרמינט ריח פה נעים פליפטופ 28 ג' עלית,שטראוס גרופ בע`מ,,מאסט LL ריח פה 28ג,,28.00,100 גרם,false,1,6.00,21.43,true,1,1106
7290005200786,false,תפוצ'יפס בטעם שמנת בצל עלית 50 גרם,"שטראוס פריטו ליי בע""\מ )",,תפוציפס שמנת 50גר,,50.00,100 גרם,false,1,5.90,11.80,true,1,1062
7290005201882,false,קפה טורקי בצלופן עלית 200 גרם,הנסיך- מפעל לייצור ט,,עלית קפה טורקי 200גר,,200.00,100 גרם,false,1,19.50,9.75,true,1,9098
7290005423635,false,ריצפז נוזל רצפות דוחה תיקנים סנו 2 ליטר,החברה הדרומית לשיווק בעמ,,ריצפז דוחה חרקים 2ל,,2.00,1 ליטר,false,1,28.90,14.45,true,1,10728
7290005424403,false,"אל סבון כיף אצות ים קטיפתי 1ליטר,",החברה הדרומית לשיווק בעמ,,א.סבון כיף אצות ים 1,,1.00,1 ליטר,false,1,15.50,15.50,false,1,24018
7290005425646,false,קליר נוזל לניקוי חלונות רב תכליתי סנו 1 ליטר,החברה הדרומית לשיווק בעמ,,סנו קליר 1 ל,,1.00,1 ליטר,false,1,15.00,15.00,true,1,23975
7290005427107,false,סנו - סושי מגבות נייר הפלא 6 יחידות,החברה הדרומית לשיווק בעמ,,סושי 6 מגבות,,6.00,יחידה,false,1,14.00,2.33,true,1,23048
7290005430602,false,"סנו אוקסיג'ן ספריי להסרת כתמים עם חמצן פעיל 750 מ""ל",החברה הדרומית לשיווק בעמ,,אוקסיגן מסיר כתמים,,750.00,"100 מ""ל",false,1,22.90,3.05,true,1,24013
7290005431159,false,תותים בקצפת לייט עדן קינוחים 80 גרם,עדן קינוחים,,תותים בקצפת לייט,,80.00,100 גרם,false,1,8.50,10.62,false,1,23028
7290005431883,false,מלבי חלבי עדן קינוחים 165 גרם,עדן קינוחים Eden,,מלבי עדן,,165.00,100 גרם,false,1,8.50,5.15,true,1,23025
7290005559907,false,פיצה משפחתית 100% גבינה מעדנות 500 גרם,תנובה מרכז שיתופי לשיווק תוצרת,,מעדנות פיצה משפחתית,,500.00,100 גרם,false,1,29.90,5.98,true,1,2611
7290005559914,false,פיצה משפחתית עם 100% גבינה בתוספת זיתים מעדנות 550 גרם,תנובה מרכז שיתופי לשיווק תוצרת,,מעדנות פיצה משפ.זיתי,,550.00,100 גרם,false,1,29.90,5.44,true,1,2624
7290005559990,false,בצק עלים פילאס תורכי 600 גרם קפוא,תנובה מרכז שיתופי לשיווק תוצרת,,בצק פילאס תורכי 600,,600.00,100 גרם,false,1,26.90,4.48,true,1,23981
7290005569029,false,שום קלוף ישראלי 170 גרם,יגור חקלאות ועסקים,,שום קלוף 120,,170.00,100 גרם,false,1,11.90,7.00,false,1,19026
7290005591761,false,דבש טהור מפרחי בר בלחיץ 400 ג' יד מרדכי,מכוורת יד מרדכי שטרא,,דבש טהור לחיץ 400,,400.00,"100 מ""ל",false,1,29.90,7.48,true,1,16922
7290005605895,false,פאנטה אקזוטיק 0.5 חייב פקדון,החברה המרכזית להפצת משקאות בעמ,,פאנטה אקזוטיק 500,,500.00,"100 מ""ל",false,1,9.90,1.92,true,1,49
7290005680052,false,טמפונים סופר פלוס אובה 32 יחידות,גונסון אנד גונסון,,או בה סופר פלוס,,32.00,יחידה,false,1,36.50,1.14,true,1,16912
7290005803628,false,קרחון מלון - צבע מאכל טבעי,גלידות נסטלה )נגה גלידות,,קרחון מלון,,80.00,100 גרם,false,1,4.00,5.00,true,1,374
7290005838002,false,מעדן גבינה ויוגורט בטעם וניל 88 ג' דניאלה,שטראוס גרופ בעמ/מצונן,,דניאלה וניל 100 גר,,150.00,"100 מ""ל",false,1,4.50,3.00,true,1,1214
7290005839108,false,גבינה לבנה סימפוניה עם תוספות 200 ג'+זיתים 5%,שטראוס גרופ בעמ/מצונן,,סימפוניה עם זיתים 5%,,200.00,100 גרם,false,1,12.50,6.25,true,1,1200
7290005839313,false,מילקי Top עם שוקולדה מגולגלת 140 גרם,שטראוס גרופ בעמ/מצונן,,מילקי טופ מגולגלת,,130.00,"100 מ""ל",false,1,5.20,4.00,true,1,1215
7290005854040,false,שלגון אסקימו משמש שטראוס,גלידות שטראוס בעמ,,קרחון אסקימו משמש,,75.00,100 גרם,false,1,4.00,5.33,true,1,8422
7290005854569,false,שלגון בננה מצופה שוקולד,גלידות שטראוס בעמ,,מצופה שוקו בננה,,70.00,100 גרם,false,1,7.90,11.29,true,1,1124
7290005854606,false,קרחון אסקימו שטראוס אננס,גלידות שטראוס בעמ,,שלגון אסקימו אננס,,84.00,100 גרם,false,1,4.00,4.76,true,1,1115
7290005854613,false,שלגון אסקימו תותי פרוט 75 גר',גלידות שטראוס בעמ,,קרחון תותי פרוטי,,84.00,100 גרם,false,1,4.00,4.76,true,1,8423
7290005896415,false,"בירה איגל לאגר פרימיום 5% 500 מ""ל פחית","טמפו משקאות בע""מ",,איגל בירה 500מל,,500.00,"100 מ""ל",false,1,11.00,2.14,true,1,22801
<<<<<<< HEAD
7290005896460,false,"בירה איגל לאגר חזקה 7.8% 500 מ""ל פחית",טמפו,,פ.בירה איגל 500 מל,,500.00,"100 מ""ל",false,1,12.00,2.34,true,1,22813
7290005966033,false,"יין לבן הר חרמון 750 מ""ל",יקבי רמת הגולן קצרין,,ירדן הר חרמון לבן,,750.00,"100 מ""ל",false,1,44.90,5.95,true,1,1869
7290005966088,false,"יין הר חרמון אדום עברית 750 מ""ל",יקבי רמת הגולן קצרין,,ירדן חרמון אדום 750,,750.00,"100 מ""ל",false,1,44.90,5.95,true,1,1900
=======
7290005896460,false,"בירה איגל לאגר חזקה 7.8% 500 מ""ל פחית",טמפו משקאות בעמ,,פ.בירה איגל 500 מל,,500.00,"100 מ""ל",false,1,12.00,2.34,true,1,22813
7290005966033,false,הר חרמון לבן יקב רמת הגולן (750 מל),היכל היין שקד גולן בעמ,,ירדן הר חרמון לבן,,750.00,"100 מ""ל",false,1,44.90,5.95,true,1,1869
7290005966088,false,"יין הר חרמון אדום עברית 750 מ""ל",היכל היין שקד גולן בעמ,,ירדן חרמון אדום 750,,750.00,"100 מ""ל",false,1,44.90,5.95,true,1,1900
>>>>>>> d048ac2f4f281c9d788043ab4e81b61b0dbe3743
7290006199010,false,שלגון גלידל ג.תות,Unknown,,שלגון גלידל ג.תות,,77.00,100 גרם,false,1,9.90,12.86,true,1,23273
7290006199188,false,שלגון גלידל א.מוקה,Unknown,,שלגון גלידל א.מוקה,,52.00,100 גרם,false,1,9.90,19.04,true,1,23274
7290006210661,false,בונז'ור באגט 330 גרם,בונז'ור,,בונזור-באגט (אפיה),,0.00,,false,1,6.50,0.00,true,1,3104
7290006210876,false,בונז'ור לחמנית אצבע יח',בונז'ור,,בונזור לחמנית אצבע,,0.00,,false,1,2.50,0.00,true,1,5020
7290006229588,false,בירה איגל לאגר פרימיום חזקה 6.3% 500 מל,"טמפו משקאות בע""מ",,איגל בירה זהב %6 3,,500.00,"100 מ""ל",false,1,8.90,1.72,true,1,22803
<<<<<<< HEAD
7290006241153,false,פקאן סיני 150 ג בשקית קליית גת,"ג'י אנד ג'י בע""מ",,אגוזי פקאן סיני 150,,150.00,100 גרם,false,1,29.90,19.93,true,1,1138
7290006241191,false,אגוזי מלך קליית גת 150 גר,הדקלאים אגודת שיתופי,,אגוזי מלך 150 גר,,150.00,100 גרם,false,1,24.90,16.60,true,1,2716
7290006241214,false,שקד טבעי קליית גת 200 גרם,הדקלאים אגודת שיתופי,,שקד טבעי 200 גר,,200.00,100 גרם,false,1,21.90,10.95,true,1,24006
7290006251275,false,תה ירוק סיני קלאסי ויסוצקי 25 יחידות,תה ויסוצקי,,ויסוצקי תה ירוק סיני,,25.00,יחידה,false,1,31.90,1.28,true,1,24213
7290006271174,false,ג'חנון לאפיה בתנור מעדנות 700 גרם,מיוצר עי קונדיטוריית,,מעדנות גחנון בצק700,,700.00,100 גרם,false,1,21.90,3.13,true,1,2627
7290006271181,false,ג'חנון אפוי למיקרוגל מעדנות 750 גרם,מיוצר עי קונדיטוריית,,מעדנות גחנון אפוי750,,750.00,100 גרם,false,1,28.70,3.83,true,1,2621
7290006272072,false,חטיפי פיצה גבינה מעדנות 650 גרם,"מעדנות בע""\מ",,חטיפי פיצה מעדנות,,650.00,100 גרם,false,1,39.90,6.14,true,1,24034
7290006272430,false,בצק עלים חמאה מעדנות 600 גרם,מיוצר עי קונדיטוריית,,בצק עלים חמאה,,600.00,100 גרם,false,1,35.00,5.83,true,1,23886
=======
7290006241153,false,אגוזי פקאן סיניים קליית גת (150 גרם),ליימן שליסל בעמ,,אגוזי פקאן סיני 150,,150.00,100 גרם,false,1,29.90,19.93,true,1,1138
7290006241191,false,אגוזי מלך טבעיים קליית גת (150 גרם),הדקלאים אגודת שיתופי,,אגוזי מלך 150 גר,,150.00,100 גרם,false,1,24.90,16.60,true,1,2716
7290006241214,false,שקדים טבעיים קליית גת (200 גרם),הדקלאים אגודת שיתופי,,שקד טבעי 200 גר,,200.00,100 גרם,false,1,21.90,10.95,true,1,24006
7290006251275,false,תה ירוק סיני קלאסי ויסוצקי 25 יחידות,תה ויסוצקי (ישראל) בעמ,,ויסוצקי תה ירוק סיני,,25.00,יחידה,false,1,31.90,1.28,true,1,24213
7290006271174,false,ג'חנון לאפיה בתנור מעדנות 700 גרם,תנובה מרכז שיתופי לשיווק תוצרת,,מעדנות גחנון בצק700,,700.00,100 גרם,false,1,21.90,3.13,true,1,2627
7290006271181,false,ג'חנון אפוי למיקרוגל מעדנות 750 גרם,תנובה מרכז שיתופי לשיווק תוצרת,,מעדנות גחנון אפוי750,,750.00,100 גרם,false,1,28.70,3.83,true,1,2621
7290006272072,false,חטיפי פיצה גבינה מעדנות 650 גרם,תנובה קפואים,,חטיפי פיצה מעדנות,,650.00,100 גרם,false,1,39.90,6.14,true,1,24034
7290006272430,false,בצק עלים חמאה חלבי מעדנות (600 גרם),מיוצר עי קונדיטוריית,,בצק עלים חמאה,,600.00,100 גרם,false,1,35.00,5.83,true,1,23886
>>>>>>> d048ac2f4f281c9d788043ab4e81b61b0dbe3743
7290006281210,false,טוסט קלאסי 200 גרם,עינת תעשיות,,בייגל טוסט קלאסי,,200.00,100 גרם,false,1,18.00,9.00,true,1,5716
7290006282903,false,עינת סלט ניסואז 315ג,עינת תעשיות מזון,,עינת סלט ניסואז 315ג,,315.00,100 גרם,false,1,22.00,6.98,true,1,13773
7290006282972,false,עינת סלט יווני חלבי,עינת תעשיות מזון,,עינת סלט יווני חלבי,,300.00,100 גרם,false,1,22.00,7.33,true,1,13774
7290006463609,false,רול שוקולד אישי ארוז,איתנס,,רול שוקולד-כשלפ,,120.00,100 גרם,false,1,10.00,8.33,true,1,13854
7290006463616,false,רול קינמון כשלפ ארו,"איתנס' עוגות בע""מ",,רול קינמון-כשלפ,,120.00,100 גרם,false,1,10.00,8.33,true,1,13856
7290006463623,false,פרוסת עוגת שיש כשלפ,"איתנס' עוגות בע""מ",,פרוסת עוגת שיש כשלפ,,80.00,100 גרם,false,1,10.00,12.50,true,1,13855
<<<<<<< HEAD
7290006492432,false,גבינת מוצרלה בייבי 18% גד 150 גרם,מחלבות גד בעמ,,גד מוצרלה בייבי,,150.00,100 גרם,false,1,16.00,10.67,true,1,23938
7290006492616,false,גבינה בולגרית מעודנת פרוסות 5% גד 250 גרם,DSH עבור מחלבות גד ב,,גד בולגרית5% פרוס250,,250.00,100 גרם,false,1,28.00,11.20,true,1,23935
7290006492685,false,גבינת לאבנה עיזים 5% גד 250 גרם,מחלבות גד בעמ,,גד לבנה עזים 3%,,250.00,100 גרם,false,1,21.00,8.40,true,1,23955
7290006492852,false,גבינת עיזים למריחה 5% שומן 250 ג' גד,קריות זול,,למריחה עיזים,,250.00,100 גרם,false,1,19.00,7.60,true,1,23965
=======
7290006492432,false,גבינה מוצרלה בייבי 18% גד (150 גרם),מחלבות גד שיווק 1992 בעמ,,גד מוצרלה בייבי,,150.00,100 גרם,false,1,16.00,10.67,true,1,23938
7290006492616,false,גבינה בולגרית מעודנת פרוסות 5% גד 250 גרם,מחלבות גד שיווק 1992 בעמ,,גד בולגרית5% פרוס250,,250.00,100 גרם,false,1,28.00,11.20,true,1,23935
7290006492685,false,גבינת לאבנה עיזים 5% גד (250 גרם),מחלבות גד שיווק 1992 בעמ,,גד לבנה עזים 3%,,250.00,100 גרם,false,1,21.00,8.40,true,1,23955
7290006492852,false,גבינת עיזים למריחה 5% שומן 250 ג' גד,מחלבות גד שיווק 1992 בעמ,,למריחה עיזים,,250.00,100 גרם,false,1,19.00,7.60,true,1,23965
>>>>>>> d048ac2f4f281c9d788043ab4e81b61b0dbe3743
7290006511225,false,פטריות חתוכות 290גר,Unknown,,פטריות חתוכות 290גר,,167.00,100 גרם,false,1,5.50,3.29,false,1,11533
7290006644480,false,תפוזינה תפוזים 0.5 ליטר,יפאורה שותפות מוגבלת לשיווק,,תפוזינה תפוז 0.5 ל,,500.00,"100 מ""ל",false,1,8.90,1.72,true,1,2078
7290006644510,false,"מיץ ענבים 500 מ""ל תפוזינה",יפאורה שותפות מוגבלת לשיווק,,תפוזינה ענבים 0.5 ל,,500.00,"100 מ""ל",false,1,8.90,1.72,true,1,2900
7290006644527,false,תפוזינה תות בננה 0.5 ליטר,יפאורה שותפות מוגבלת לשיווק,,תפוזינה תות בננה 0.5,,500.00,"100 מ""ל",false,1,8.90,1.72,true,1,2080
7290006644626,false,ספרינג פירות טרופיים1.5ל,יפאורה שותפות מובגלת לשיווק,,ספרינג פירות טרופיים,,1.50,1 ליטר,false,1,11.90,7.93,true,1,4383
7290006651730,false,"ד""ר פישר - אלכוג'ל מגבונים לשמירת היגייניית הידיים 20 יח'","ד""ר פישר Dr fischer",,מגבונים להיגיינת היד,,100.00,"100 מ""ל",false,1,12.90,12.90,true,1,19449
7290006653819,false,קוסקוס אמיתי דק בשקית 350 גרם,קבוצת אוסם סחר שותפות מוגבלת,,קוסקוס דק,,350.00,100 גרם,false,1,9.90,2.83,true,1,23928
7290006653857,false,"ארנבונים חטיף תפו""א 40גר","אסם השקעות בע""\מ",,ארנבונים חטיף תפוא,,40.00,100 גרם,false,1,7.00,17.50,true,1,4933
<<<<<<< HEAD
7290006664310,false,גבינה לבנה 3% שומן 250 ג' שטראוס,מיוצר עי קונדיטוריית,,סקי גבינה 3% 250ג,,250.00,100 גרם,false,1,4.75,1.90,true,1,19160
7290006664532,false,יוגורט עם תות 3% שומן 150 ג' דנונה,מיוצר עי קונדיטוריית,,דנונה תות 1.5%,,150.00,"100 מ""ל",false,1,3.90,2.60,true,1,4773
7290006664655,false,"אקטימל לבן טבעי מארז 100X8 מ""ל",מיוצר עי קונדיטוריית,,אקטימל טבעי*8,,800.00,"100 מ""ל",false,1,26.00,3.25,true,1,4501
7290006664990,false,"יוגורט דנונה ביו לבן 1.7% שומן 8*150 מ""ל",מיוצר עי קונדיטוריית,,דנונה ביו מ.חיסכון,,1.20,1 ליטר,false,1,18.00,15.00,true,1,24095
=======
7290006664310,false,גבינה לבנה 3% שומן 250 ג' שטראוס,שטראוס גרופ בעמ/מצונן,,סקי גבינה 3% 250ג,,250.00,100 גרם,false,1,4.75,1.90,true,1,19160
7290006664532,false,יוגורט עם תות 3% שומן 150 ג' דנונה,שטראוס גרופ בעמ/מצונן,,דנונה תות 1.5%,,150.00,"100 מ""ל",false,1,3.90,2.60,true,1,4773
7290006664655,false,דנונה Actimel יוגורט טבעי 8*100 מ``ל,שטראוס גרופ בעמ/מצונן,,אקטימל טבעי*8,,800.00,"100 מ""ל",false,1,26.00,3.25,true,1,4501
7290006664990,false,"יוגורט דנונה ביו לבן 1.7% שומן 8*150 מ""ל",שטראוס גרופ בעמ/מצונן,,דנונה ביו מ.חיסכון,,1.20,1 ליטר,false,1,18.00,15.00,true,1,24095
>>>>>>> d048ac2f4f281c9d788043ab4e81b61b0dbe3743
7290006681003,false,גלידה תות לימון סורבה 1.33 ל' קרמיסימו,"גלידת שטראוס בע""\מ, רחוב",,קרמיסימו תות לימון,,1.33,1 ליטר,false,1,25.00,18.80,true,1,4857
7290006681065,false,"קסטה שוקו וניל ""שטראוס""","מיוצר ע""\י גלידת שטראוס",,טעמקור XLוניל עם שוק,,75.00,100 גרם,false,1,10.00,13.33,true,1,1494
7290006681553,false,קרמבו בטעם וניל שטראוס 8 יחידות,"גלידות שטראוס בע""מ",,קרמבו וניל 8 יח,,234.00,100 גרם,false,1,19.90,8.50,true,1,5663
7290006681560,false,קרמבו בטעם מוקה שטראוס 8 יחידות,"גלידות שטראוס בע""מ",,קרמבו מוקה 8 יח,,234.00,100 גרם,false,1,19.90,8.50,true,1,5664
7290006681843,false,גלידה לייט פרי 6 יחידות,"גלידת שטראוס בע""\מ, רחוב",,לייט מיני פרי מאגדת,,900.00,"100 מ""ל",false,1,27.00,3.00,true,1,4872
7290006739414,false,נקניק סלמי קוניאק זוגלובק 300 גרם,נקניק נהריה כשר זוגל,,סלמי קוניאק,,300.00,100 גרם,false,1,33.90,11.30,true,1,23967
7290006739421,false,נקניק סלמי מעושן איטלקי זוגלובק 300 גרם,נקניק נהריה כשר זוגל,,סלמי מעושן,,300.00,100 גרם,false,1,36.00,12.00,true,1,23970
7290006739445,false,שניצל תירס קלאסי 750 ג' זוגלובק,נקניק נהריה כשר זוגל,,זוגלובק שניצל תירס,,750.00,100 גרם,false,1,37.90,5.05,true,1,23974
7290006739544,false,כתף בקר 3% שומן זוגלובק (300 גרם),נקניק זוגלובק נהריה,,זוגלובק כתף בקר 300,,300.00,100 גרם,false,1,40.00,13.33,true,1,24096
7290006742278,false,פסטרמה הודו צלויה על לבנים 330 ג' זוגלובק,נקניק נהריה כשר זוגל,,זוגלובק פסט.על לבנים,,330.00,100 גרם,false,1,36.90,11.18,true,1,23740
7290006742292,false,פסטרמה הודו בדבש 330 ג' זוגלובק,נקניק נהריה כשר זוגל,,זוגלובק פסטרמה דבש,,330.00,100 גרם,false,1,36.00,10.91,true,1,23741
7290006748009,false,זר פרחים פרימיום,Unknown,,זר פרחים מהודר,,0.00,,false,1,98.10,0.00,true,1,13882
7290006748072,false,"זר פרחים צבעוני ""פרחי דיאן""",פרחי ליידי דיאן,,זר פרחים עונתי,,0.00,,false,1,35.00,0.00,true,1,9150
7290006748089,false,יין נחל קריניאן מוני,יקב מוני,,עציץ- צמחי תבלין,,0.00,,false,1,9.90,0.00,false,1,16403
7290006748096,false,"זר פרחים מפואר ""פרחי דיאן""",פרחי ליידי דיאן,,זר פרחים מיוחד,,0.00,,false,1,49.50,0.00,true,1,9170
7290006748119,false,זר פרחים גרברה יחידה,פרחי ליידי דיאן בעמ,,זר גרברה,,0.00,,false,1,59.00,0.00,true,1,15353
7290006748133,false,"זר פרחים רגיל ""פרחי דיאן""",פרחי ליידי דיאן,,זר פרחים קטן,,0.00,,false,1,24.70,0.00,true,1,9166
7290006748157,false,יין סדרת סלע סוביניו,פרחי ליידי דיאן,,זר פרחים בינוני,,0.00,,false,1,30.00,0.00,true,1,9149
7290006748218,false,פרחים בקופסא יחידה,שונות,,פרחים בקופסא,,0.00,,false,1,119.00,0.00,false,1,19068
7290006748225,false,זר פרחים 85 שח,Unknown,,זר מיוחד מס 9,,0.00,,false,1,85.00,0.00,false,1,19069
7290006748232,false,פרח בודד מס 12,Unknown,,פרח בודד מס 12,,0.00,,false,1,9.90,0.00,false,1,19070
7290006748249,false,זר מיוחד מס' 15,שונות,,זר מיוחד מס 15,,0.00,,false,1,75.00,0.00,false,1,19071
7290006748911,false,עציץ קטן יחידה,שונות,,עציץ קטן,,0.00,,false,1,12.00,0.00,false,1,18402
7290006748928,false,עציץ בינוני יחידה,שונות,,עציץ בינוני,,0.00,,false,1,27.00,0.00,false,1,18403
7290006748935,false,עציץ גדול יחידה,שונות,,עציץ גדול,,0.00,,false,1,44.00,0.00,false,1,18404
7290006748959,false,עציץ קטן 2 יחידה,שונות,,עציץ קטן 2,,0.00,,false,1,17.00,0.00,false,1,18406
7290006748966,false,עציץ בינוני 2 יחידה,שונות,,עציץ בינוני 2,,0.00,,false,1,22.00,0.00,false,1,18407
7290006748973,false,עציץ בינוני 3 יחידה,שונות,,עציץ בינוני 3,,0.00,,false,1,35.00,0.00,false,1,18408
7290006748980,false,עציץ גדול 2 יחידה,שונות,,עציץ גדול 2,,0.00,,false,1,62.00,0.00,false,1,18409
7290006764270,false,רביעיית סודה בטעמים - אשכולית אדומה 1.5 ליטר,טמפו משקאות בע''מn\,,סודה אשכולית 1.5*4,,6.00,1 ליטר,false,1,19.90,3.12,true,1,23557
7290006764478,false,"בירה נשר מאלט בקבוק זכוכית 330 מ""ל",החברה המרכזית להפצת משקאות בעמ,,נשר מאלט 330 בקבוק,,330.00,"100 מ""ל",false,1,9.00,2.64,true,1,1863
7290006788405,false,"קרליין - נושם אקטיב דאודורנט רול און לאישה ברודו 75 מ""ל",החברה הדרומית לשיווק בעמ,,דאו קרליין נושם בורד,,75.00,"100 מ""ל",false,1,16.00,21.33,true,1,24097
7290006805355,false,"פילסברי, כדורים בטעם שוקולד, תערובת להכנת כדורים בטעם שוקולד. 500 גרם.",הדקלאים אגודת שיתופי,,פילסברי ת. לכ.שוקלד,,500.00,100 גרם,false,1,19.90,3.98,true,1,17254
7290006805850,false,תערובת להכנת פנקייקס פילסברי (500 גרם),הדקלאים אגודת שיתופי,,תערובת להכנת פנקייקס,,500.00,100 גרם,false,1,19.90,3.98,true,1,24214
7290006895387,false,שניצל אמיתי ביתיכשר לפסח,תנובה גליל שותפות מוגבלת,,שניצל ביתי כשלפ,,700.00,100 גרם,false,1,48.90,6.99,true,1,22747
7290006983152,false,קרוטונים מתובלים למרק אסם (400 גרם),קבוצת אוסם סחר שותפות מוגבלת,,קרוטונים מתובליםלמרק,,400.00,100 גרם,false,1,24.00,6.00,true,1,23943
7290006983176,false,קרקר לחמית שיפון אסם (230 גרם),קבוצת אוסם סחר שותפות מוגבלת,,לחמית שיפון,,230.00,100 גרם,false,1,11.50,5.00,true,1,5352
7290006983763,false,עוגת הבית בטעם שוקולד אסם (400 גרם),קבוצת אוסם סחר שותפות מוגבלת,,עוגת הבית שוקולד 400,,400.00,100 גרם,false,1,17.90,4.47,true,1,1591
7290006983770,false,עוגת הבית שיש אסם (400 גרם),קבוצת אוסם סחר שותפות מוגבלת,,עוגת הבית שיש בחושה,,400.00,100 גרם,false,1,17.90,4.47,true,1,1583
7290006983787,false,עוגת הבית שוקולד צ'יפס אסם 400 גרם,קבוצת אוסם סחר שותפות מוגבלת,,עוגת הבית שוקו ציפס,,400.00,100 גרם,false,1,17.90,4.47,true,1,1585
7290006983794,false,עוגת הבית בטעם תפוז אסם 400 גרם,קבוצת אוסם סחר שותפות מוגבלת,,עוגת הבית תפוז בחושה,,400.00,100 גרם,false,1,17.90,4.47,true,1,9071
7290006991294,false,מעדן יוגורט מוזלי 35,עינת תעשיות מזון,,עינת מוזלי 355 גר,,355.00,100 גרם,false,1,16.00,4.51,true,1,4381
7290008154222,false,שניצלונים עוף טוב 700 גרם,קבוצת אוסם סחר-שות.מוגבלת,,עוף טוב שניצלונים,,700.00,100 גרם,false,1,20.90,2.99,true,1,23486
7290008333115,false,אבקת ג'לטין טהור נטו 28 גרם,נטו מלינדה סחר בע`מ,,אבקת גלטין טהור נטו,,28.00,100 גרם,false,1,13.00,46.43,true,1,24114
7290008336925,false,פחמים טיבון ויל 2קג,טיבון ויל,,פחמים טיבון ויל 2קג,,2.00,"1 ק""ג",false,1,21.90,10.95,true,1,13835
7290008409100,false,אצבעות שניצל בציפוי שומשום מאמא עוף 700 גרם,תנובה גליל שותפות מוגבלת,,אצבעות שניצל שומשום,,700.00,100 גרם,false,1,39.90,5.70,true,1,23963
7290008409124,false,מאמא עוף קפוא שניצל ג'ונגל פריך 700 גרם,תנובה מרכז שיתופי לשיווק תוצרת,,שניצל גונגל 700 גר,,700.00,100 גרם,false,1,39.90,5.70,true,1,23962
7290008409216,false,מאמא עוף קפוא שניצל דק פריך 700 גרם,תנובה מרכז שיתופי לשיווק תוצרת,,שניצל דק בציפוי פריך,,700.00,100 גרם,false,1,48.90,6.99,true,1,9821
7290008409315,false,שניצלונים בציפוי פריך מיני מיני דק מאמא עוף 500 גרם,תנובה מרכז שיתופי לשיווק תוצרת,,מיני דק שניצלונים,,500.00,100 גרם,false,1,33.00,6.60,true,1,23750
7290008409407,false,שניצל דק דק צ`יפס מאמא עוף (700 גרם),תנובה גליל שותפות מוגבלת,,שניצל דק דק ציפס,,700.00,100 גרם,false,1,48.90,6.99,true,1,23700
7290008409582,false,שניצל עוף אמיתי בציפוי ביתי מאמא עוף 700 גרם,תנובה מרכז שיתופי לשיווק תוצרת,,מאמאעוף שניצל א.ביתי,,700.00,100 גרם,false,1,48.90,6.99,true,1,23948
7290008443616,false,"מרכך לשיער יבש אדום נקה 7 750 מ""ל",החברה הדרומית לשיווק בעמ,,נקה 7-מרכך יבש אדום,,750.00,"100 מ""ל",false,1,13.90,1.85,true,1,23879
7290008463966,false,עוגה בטעם דבש אנטקוב,אנטיקוביץ,,עוגת דבש אנטיקביץ,,0.00,,false,1,10.90,0.00,false,1,23619
7290008464024,false,"בירה גולדסטאר Unfiltered, בירה לא מסוננת, פחית 500 מ""ל","טמפו משקאות בע""מ",,גולדסטאר לא מסונן פח,,500.00,"100 מ""ל",false,1,16.90,3.32,true,1,13401
7290008464109,false,"בירה גולדסטאר Unfiltered, בירה לא מסוננת, בקבוק 330 מ""ל","טמפו משקאות בע""מ",,גולדסטאר לא מסונן,,330.00,"100 מ""ל",false,1,13.90,4.12,true,1,12356
7290008464130,false,"בירה גולדסטאר Unfiltered, בירה לא מסוננת, מארז שישייה, בקבוק 330 מ""ל",טמפו משקאות בעמ,,גולדסטאר לא מסונן *6,,1980.00,"100 מ""ל",false,1,49.90,2.43,true,1,12362
7290008464208,false,"בירה מכבי 7.9%, בירה חזקה, בקבוק 330 מ''ל",פארייפאבה אגרואינדוס,,מכבי חזקה 7.9% חפ,,330.00,"100 מ""ל",false,1,15.00,4.45,true,1,22806
7290008464222,false,"בירה מכבי 7.9%, בירה חזקה, פחית 500 מ""ל","טמפו משקאות בע""\מ",,מכבי 7.9% אלכוהול,,500.00,"100 מ""ל",false,1,12.90,2.52,true,1,14345
7290008464345,false,"בירה גולדסטאר, בקבוק 330 מ''ל",פארייפאבה אגרואינדוס,,גולדסטאר בקבוק 330,,330.00,"100 מ""ל",false,1,14.90,4.42,true,1,923
7290008464468,false,בירה בפחית גולדסטאר (500 מל),פארייפאבה אגרואינדוס,,גולדסטאר פחית 500,,500.00,"100 מ""ל",false,1,14.00,2.74,true,1,924
7290008464475,false,"בירה מכבי, פחית 500 מ""ל","טמפו משקאות בע""\מ",,מכבי פחית 500,,500.00,"100 מ""ל",false,1,13.50,2.64,true,1,3809
7290008464604,false,"בירה הייניקן פחית 500 מ""ל",טמפו משקאות בע''מ,,הייניקן פחית 500,,500.00,"100 מ""ל",false,1,18.00,3.54,true,1,926
7290008464611,false,"הסודה של טמפו, מי סודה בגיזוז חזק, 275 מל",טמפו משקאות בעמ,,סודה טמפו 275 מל,,275.00,"100 מ""ל",false,1,6.90,2.40,true,1,17622
7290008464673,false,"בירה גולדסטאר SLOWBREW פחית 10%, 500 מ""ל","טמפו משקאות בע""\מ",,גולדסטאר slow brew,,500.00,"100 מ""ל",false,1,16.00,3.14,true,1,18605
7290008464741,false,"בירה גולדסטאר, מארז שישייה, בקבוק 330 מ''ל","טמפו משקאות בע""\מ",,גולדסטאר בקבוק 6יח,,1.98,1 ליטר,false,1,50.00,24.34,true,1,3293
7290008464772,false,מארז שישיית גולדסטאר,Unknown,,מארז שישיית גולדסטאר,,3.00,1 ליטר,false,1,49.90,16.03,true,1,23738
7290008464796,false,"בירה היינקן, מארז שישייה, בקבוק 330 מ''ל",טמפו משקאות בע''מ,,הייניקן בקבוק 6*330,,1.98,1 ליטר,false,1,49.90,24.29,true,1,1331
7290008466240,false,עוגת דבש אמה אנטיקבי,אנטיקוביץ,,עוגת דבש אמה אנטיקבי,,0.00,,false,1,23.90,0.00,false,1,23620
<<<<<<< HEAD
7290008644112,false,סלט מטבוחה יום יום אחלה 125 גרם,"שטראוס גרופ בע""\מ",,אחלה מטבוחה 125 גר,,125.00,100 גרם,false,1,6.20,4.96,true,1,4663
7290008645935,false,חומוס לניגוב 750 ג' אחלה,"שטראוס גרופ בע""\מ",,אחלה חומוס לניגוב750,,750.00,100 גרם,false,1,10.00,1.33,true,1,15653
7290008670142,false,"יין רקנאטי יסמין אדום 2019 750 מ""ל",תות ממתקי איכות,,רקאנטי יסמין אדום,,750.00,"100 מ""ל",false,1,44.90,5.95,true,1,7174
7290008670159,false,"יין רקנאטי יסמין לבן 750 מ""ל","יקבי רקנאטי בע""מ",,רקאנטי יסמין לבן,,750.00,"100 מ""ל",false,1,44.90,5.95,false,1,23709
7290008690713,false,נקטר חמוציות אושן ספריי פריגת 1 ליטר,מבשלות בירה בינלאומיות ב,,פריגת אושן ספרי חמוצ,,1.12,"1 ק""ג",false,1,15.90,13.93,true,1,23257
7290008693134,false,מעדן גבינה ויוגורט בטעם תות 5% שומן 88 ג' דניאלה,"שטראוס בריאות בע""מ",,דניאלה תות 100 גר,,150.00,"100 מ""ל",false,1,4.50,3.00,true,1,1221
=======
7290008644112,false,אחלה יום יום סלט מטבוחה יום יום 125 גרם,שטראוס גרופ בעמ/מצונן,,אחלה מטבוחה 125 גר,,125.00,100 גרם,false,1,6.20,4.96,true,1,4663
7290008645935,false,אחלה חומוס לניגוב 750 גרם,שטראוס גרופ בעמ/מצונן,,אחלה חומוס לניגוב750,,750.00,100 גרם,false,1,10.00,1.33,true,1,15653
7290008670142,false,"יין רקנאטי יסמין אדום 2019 750 מ""ל",היכל היין שקד גולן בעמ,,רקאנטי יסמין אדום,,750.00,"100 מ""ל",false,1,44.90,5.95,true,1,7174
7290008670159,false,"יין רקנאטי יסמין לבן 750 מ""ל",היכל היין שקד גולן בעמ,,רקאנטי יסמין לבן,,750.00,"100 מ""ל",false,1,44.90,5.95,false,1,23709
7290008690713,false,נקטר חמוציות אושן ספריי פריגת (1 ליטר),החברה המרכזית להפצת משקאות בעמ,,פריגת אושן ספרי חמוצ,,1.12,"1 ק""ג",false,1,15.90,13.93,true,1,23257
7290008693134,false,מעדן גבינה ויוגורט בטעם תות 5% שומן 88 ג' דניאלה,שטראוס גרופ בעמ/מצונן,,דניאלה תות 100 גר,,150.00,"100 מ""ל",false,1,4.50,3.00,true,1,1221
>>>>>>> d048ac2f4f281c9d788043ab4e81b61b0dbe3743
7290008745239,false,תפוצ'יפס קראנצ' בטעם טבעי עלית 50 גרם,"שטראוס פריטו ליי בע""\מ )",,תפוציפס קרנצי 50גר,,50.00,100 גרם,false,1,5.90,11.80,true,1,1510
7290008747431,false,שוקולד פרה במילוי תות50ג,שטראוס גרופ,,פרה שוקולד תות50,,50.00,100 גרם,false,1,6.90,13.80,true,1,988
7290008747547,false,תפוצ'יפס קראנץ' בטעם טבעי עלית 200 גרם,"שטראוס פריטו ליי בע""\מ )",,תפוציפס אק.טבעי200,,200.00,100 גרם,false,1,10.00,5.00,true,1,11372
7290008748384,false,שוקולד מריר 70% ספלנדיד (100 גרם),שטראוס גרופ בעמ,,ספלנדיד שוקולד מר כש,,100.00,100 גרם,false,1,12.90,12.90,true,1,1147
7290008749343,false,בפלות שחור לבן חלבי עם קרם וניל צרפתי,STRAUSS-ISRAEL,,וופל שחור לבן 400,,400.00,100 גרם,false,1,18.50,4.62,true,1,4364
7290008750264,false,"מסטיק מאסט ציקלס דובדבן 28 גרם לל""ס מגדים",שטראוס גרופ בע`מ,,מאסט דובדבן 28,,28.00,100 גרם,false,1,6.00,21.43,true,1,1109
7290008750400,false,שוקולד לבן+עוגיות100 גרם,שטראוס גרופ,,פרה ש.לבן עוגיה 100ג,,100.00,100 גרם,false,1,9.00,9.00,true,1,9021
7290008750677,false,שוקולד פרה במילוי תות 100 גרם ממולדה,שטראוס גרופ,,פרה מגדים תות 100 גר,,100.00,100 גרם,false,1,9.00,9.00,true,1,989
7290008752244,false,תפוצ'יפס קראנץ' בטעם גריל עלית 50 גרם,"שטראוס פריטו ליי בע""\מ )",,תפוציפס קראנץ גריל,,50.00,100 גרם,false,1,5.90,11.80,true,1,1596
7290008753111,false,תפוצ'יפס קראנץ' בטעם מקסיקני עלית 50 גרם,"שטראוס פריטו ליי בע""\מ )",,תפוציפס אקסט.מקסיקנ,,50.00,100 גרם,false,1,5.90,11.80,true,1,132
7290008753883,false,ופל טעם טרפלס שוקולד ופירורים 350 גרם,STRAUSS-ISRAEL,,ופל פירורי טרפלס 350,,350.00,100 גרם,false,1,18.50,5.29,true,1,4848
<<<<<<< HEAD
7290008754415,false,גומי מאסט בטעם ספירמינט עדין פליפטופ 28 ג' עלית,"שטראוס גרופ בע""מ",,מאסט LLספירמ,,28.00,100 גרם,false,1,6.00,21.43,true,1,3315
7290008754422,false,גומי מאסט בטעם פפרמינט קלאסי פליפטופ 28 ג' עלית,"שטראוס גרופ בע""מ",,מאסט LL קלאסי 28ג,,28.00,100 גרם,false,1,6.00,21.43,true,1,3320
=======
7290008754415,false,גומי מאסט בטעם ספירמינט עדין פליפטופ 28 ג' עלית,שטראוס גרופ בע`מ,,מאסט LLספירמ,,28.00,100 גרם,false,1,6.00,21.43,true,1,3315
7290008754422,false,גומי מאסט בטעם פפרמינט קלאסי פליפטופ 28 ג' עלית,שטראוס גרופ בע`מ,,מאסט LL קלאסי 28ג,,28.00,100 גרם,false,1,6.00,21.43,true,1,3320
>>>>>>> d048ac2f4f281c9d788043ab4e81b61b0dbe3743
7290008754613,false,רולדת שוקולד מצופה 350גר,STRAUSS-ISRAEL,,רולדת שוקולד פרה,,350.00,100 גרם,false,1,18.90,5.40,true,1,3719
7290008757003,false,"שוופס ג'ינג'ר 250 מ""ל זכוכית",שוופס,,שוופס גינגר 250מל,,250.00,"100 מ""ל",false,1,7.90,3.04,true,1,23175
7290008757010,false,"שוופס ביטר למון 250 מ""ל זכוכית",יפאורה שותפות מובגלת לשיווק,,שוופס ביטר 250 מל,,250.00,"100 מ""ל",false,1,7.90,3.04,true,1,23176
7290008757027,false,"שוופס טוניק 250 מ""ל זכוכית",יפאורה שותפות מובגלת לשיווק,,שוופס טוניק 250 מל,,250.00,"100 מ""ל",false,1,7.90,3.04,true,1,23177
7290008757034,false,"שוופס סודה זכוכית 250 מ""ל",יפאורה שותפות מוגבלת לשיווק,,שוופס סודה 250 מל,,250.00,"100 מ""ל",false,1,6.90,2.64,true,1,2076
7290008775816,false,ערגליות עוגיות במילוי שוקולד אסם 300 גרם,קבוצת אוסם סחר שותפות מוגבלת,,ערגליות שוקו 300 גר,,300.00,100 גרם,false,1,12.90,4.30,true,1,1275
7290008775823,false,ערגליות עוגיות תות שדה אסם 300 גרם,קבוצת אוסם סחר שותפות מוגבלת,,ערגליות תות 300 גר,,300.00,100 גרם,false,1,12.90,4.30,true,1,3870
7290008801157,false,"יין מרלו סלקטד כרמל כרמל 750 מ""ל",אגודת הכורמים -כרמל מזרחי,,סלקטד מרלו,,750.00,"100 מ""ל",false,1,35.00,4.63,true,1,3584
7290008801430,false,מיץ ענבים טבעי אדום תירוש,"כד בני דרום בע""מ",,תירוש אדום ענבים 750,,750.00,"100 מ""ל",false,1,20.00,2.63,true,1,2987
7290008801843,false,סלקטד קברנה סובניון יקבי כרמל (750 מל),אגודת הכורמים בעמ,,קברנה סובניון-סלקטד,,750.00,"100 מ""ל",false,1,35.00,4.63,true,1,2985
7290008801850,false,סלקטד אמרלד ריזלינג לבן חצי יבש 750 מל,אגודת הכורמים הקואופרטיב,,אמרלד ריזלינג-סלקטד,,750.00,"100 מ""ל",false,1,35.00,4.63,true,1,2986
7290008802291,false,יין מרלו פרייבט קולקשן יקבי כרמל,אגודת הכורמים הקואופרטיב,,מרלו P.C,,750.00,"100 מ""ל",false,1,50.00,6.63,true,1,21243
7290008802895,false,יין קברנה סוביניון פרייבט קולקשן יקבי כרמל,אגודת הכורמים הקאופורטיב,,קברנה סובניון PC 750,,750.00,"100 מ""ל",false,1,50.00,6.63,true,1,4256
7290008805384,false,סלקטד מוסקטו לבן יקבי כרמל (750 מל),אגודת הכורמים הקואופרטיב,,ייו מוסקטו סלקטד,,750.00,"100 מ""ל",false,1,35.00,4.63,true,1,16310
7290008805520,false,"יין קברנה/סוביניון סלקטד כרמל 750 מ""ל",אגודת הכורמים בעמ,,סלקטד קברנה/מרלו אדו,,750.00,"100 מ""ל",false,1,35.00,4.63,true,1,2992
7290008806305,false,"שלגון פצפצים ""שטראוס""","מיוצר ע"" גלידת שטראו",,פצפצים-תות בננה וסוכ,,97.00,100 גרם,false,1,8.90,9.18,true,1,1125
7290008806961,false,גלידה שוקולד שבבי שוקולד פרה 1.33 ל' קרמיסימו,"גלידת שטראוס בע""\מ, רחוב",,קרמיסימו פרה ש.ציפ,,1.33,1 ליטר,false,1,25.00,18.80,true,1,4858
7290008806985,false,נישנושים גלידה שוקו וניל בציפוי שוקולד 60 יח' קרמיסימו,"גלידת שטראוס בע""\מ, רחוב",,נישנושים גלידה 60יח,,630.00,100 גרם,false,1,50.00,7.94,true,1,4862
7290008909723,false,טובורג רד שישיה מהדורה חדשה.,החברה המרכזית להפצת משקאות בעמ,,בירה טובורג 330 6יח,,1.98,1 ליטר,false,1,49.90,24.29,true,1,18635
7290008909761,false,"קרלסברג בקבוק יחיד 330מ""ל",החברה המרכזית להפצת משקאות בעמ,,קרלסברג בקבוק 330,,330.00,"100 מ""ל",false,1,15.90,4.73,true,1,5769
7290008909853,false,"קוקה קולה זירו בקבוק 500 מ""ל.",החברה המרכזית להפצת משקאות בעמ,,קוקה קולה 0.5 ZERO,,500.00,"100 מ""ל",false,1,9.90,1.92,true,1,5981
7290008909884,false,"קוקה קולה זירו 350 מ""ל בקבוק זכוכית",החברה המרכזית להפצת משקאות בעמ,,קוקה קולה ZERO קלאסי,,350.00,"100 מ""ל",false,1,9.90,2.74,true,1,9959
7290009018004,false,פיקדון בקבוק/פחית בו,Unknown,,פיקדון בקבוק,,0.00,,false,1,0.30,0.00,false,1,22011
7290015475013,false,פחם 2 קג הדר השרון,Unknown,,פחם 2 קג הדר השרון,,2.00,"1 ק""ג",false,1,20.00,10.00,true,1,19788
7290016948127,false,מסכות שחורות 50 יח,Unknown,,מסכות שחורות 50 יח,,50.00,יחידה,false,1,17.90,0.36,false,1,21656
7290100230145,false,בונז`ור חלה מתוקה קלועה אפייה 550גר,**קבוצת אוסם סחר-שות.מוגבלת,,חלה מתוקה קלועה בונ,,550.00,100 גרם,false,1,15.50,2.82,false,1,17887
7290100235317,false,סמבוסק פיצה אישי 180ג' בונז'ור,Unknown,,סמבוסק פיצה אישי,,0.00,,false,1,10.00,0.00,false,1,22835
7290100235324,false,בונג`ור עוגת בריוש גבינה 550גר,**קבוצת אוסם סחר-שות.מוגבלת,,עוגת בריוש גבינה,,550.00,100 גרם,false,1,29.90,5.44,true,1,13355
7290100235478,false,בונז`ור לחם דגנים אפוי,קבוצת אסם סחר שות. מוגבלת,,לחם דגנים אפוי,,520.00,100 גרם,false,1,14.50,2.79,true,1,17876
7290100235492,false,בונז'ור לחם שיפון רוסי 575ג',קבוצת אסם סחר שות. מוגבלת,,לחם שיפון רוסי,,575.00,100 גרם,false,1,15.00,2.61,true,1,17875
7290100235591,false,בונז'ור לחמניה כריך חטה מלאה 120ג',בונז'ור,,לחמניה ח.מלאה,,120.00,100 גרם,false,1,3.90,3.25,true,1,23312
<<<<<<< HEAD
7290100240137,false,"תרסיס ריחני למייבש כחול בדין 500 מ""ל","זוהר דליה, קיבוץ דליה, 1",,בדין כחול ספריי,,500.00,"100 מ""ל",false,1,23.00,4.60,true,1,23632
7290100240632,false,קרקר פתית 200-300ג' 6 דגנים 250 גרם,יוניליוור ישראל מזון בע\,,פתית 6 דגנים בדצ,,250.00,100 גרם,false,1,21.00,8.40,true,1,10701
7290100243671,false,"מרכך כביסה מרוכז אקסטרה כחול בדין 960 מ""ל",יוניליוור סנאיי וי טיקאר,,בדין אקסטרה כחול 960,,960.00,"100 מ""ל",false,1,18.90,1.97,true,1,10730
7290100245231,false,נמס בכוס מרק בטעם עוף עם אטריות ושקדי מרק-2 שקיות,יוניליוור ישראל מזון בע\,,נמס בכוס ט.עוף,,50.00,100 גרם,false,1,9.00,18.00,true,1,23973
7290100246023,false,כריות במילוי קרם נוג,יוניליוור ישראל מזון בע\,,כריות נוגט כשר לפסח,,500.00,100 גרם,false,1,31.90,6.38,true,1,12039
7290100249086,false,"קליק נוגט לבן כשל""פ35גרם","יונליוור ישראל מזון בע""\",,קליק נוגט לבן,,35.00,100 גרם,false,1,7.50,21.43,true,1,11155
7290100653586,false,"דאודורנט ג'ל פרש פיוזן 24/7 ליידי ספיד סטיק 65 מ""ל",ליידי ספיד סטיק Lady Speed Stick,,ליידי ס.סטיק 24/7,,65.00,100 גרם,false,1,27.90,42.92,true,1,15259
7290100680650,false,מנה חמה נודלס-אטריות ירקות טעם תאילנדי אסם 76 ג',PUB FOODS PRESIDENT THAI,,מנה חמה נודלס+ירקות,,76.00,100 גרם,false,1,10.00,13.16,true,1,11726
7290100680667,false,מנה חמה נודלס-אטריות+ירקות טעם סצ'ואן,PUB FOODS PRESIDENT THAI,,מנה חמה נודלס סצואן,,67.00,100 גרם,false,1,10.00,14.93,true,1,10702
7290100680728,false,פירורית רגילה שקית 350 גרם,מיוצר עי קונדיטוריית,,אסם פירורית 350 גרם,,350.00,100 גרם,false,1,9.00,2.57,true,1,17850
7290100681138,false,מארז אפרופו חטיף תירס 3 יחידות,"אסם השקעות בע""\מ",,מארז אפרופו*3 יח,,450.00,100 גרם,false,1,16.50,3.67,true,1,13007
7290100686171,false,מארז מולטיפק ביסלי גריל 6 יח 35 גר ליח,"אסם השקעות בע""\מ",,ביסלי גריל 6 יח-מארז,,210.00,100 גרם,false,1,17.50,8.33,true,1,14910
7290100687109,false,במבה במילוי קרם נוגט 60ג' אסם,"אסם השקעות בע""\מ",,במבה במילוי נוגט,,60.00,100 גרם,false,1,7.90,13.17,true,1,6371
7290100689301,false,אבקת מרק בטעם עוף זך עדיף אסם 400 גרם,"אסם השקעות בע""\מ",,עדיף זך טעם עוף 400ג,,400.00,100 גרם,false,1,19.90,4.97,true,1,22765
7290100700372,false,"סוגת אורז בסמטי מלא 1 ק""ג",האי נאם סי או אל.טי.,,אורז בסמטי מלא,,1.00,"1 ק""ג",false,1,18.00,18.00,true,1,24123
7290100700396,false,"סוגת אורז יסמין קלאסי 1 ק""ג",האי נאם סי או אל.טי.,,סוגת אורז יסמין,,1.00,"1 ק""ג",false,1,13.00,13.00,true,1,19602
7290100700587,false,"בורגול ""סוגת"" 500 גרם",האי נאם סי או אל.טי.,,סוגת בורגול 500גר,,500.00,100 גרם,false,1,6.00,1.20,true,1,16937
7290100701157,false,"אורז להכנת סושי סוגת 1 ק""ג","סוגת תעשיות בע""\מ",,אורז סושי 1 קג סוגת,,1.00,"1 ק""ג",false,1,13.00,13.00,true,1,24098
=======
7290100240137,false,"תרסיס ריחני למייבש כחול בדין 500 מ""ל",יוניליוור ישראל שיווק בע`מ,,בדין כחול ספריי,,500.00,"100 מ""ל",false,1,23.00,4.60,true,1,23632
7290100240632,false,קרקר פתית 200-300ג' 6 דגנים 250 גרם,יוניליוור ישראל שיווק בע`מ,,פתית 6 דגנים בדצ,,250.00,100 גרם,false,1,21.00,8.40,true,1,10701
7290100243671,false,"מרכך כביסה מרוכז אקסטרה כחול בדין 960 מ""ל",יוניליוור ישראל שיווק בע`מ,,בדין אקסטרה כחול 960,,960.00,"100 מ""ל",false,1,18.90,1.97,true,1,10730
7290100245231,false,נמס בכוס מרק בטעם עוף עם אטריות ושקדי מרק-2 שקיות,יוניליוור ישראל שיווק בע`מ,,נמס בכוס ט.עוף,,50.00,100 גרם,false,1,9.00,18.00,true,1,23973
7290100246023,false,כריות במילוי קרם נוג,יוניליוור ישראל מזון בע\,,כריות נוגט כשר לפסח,,500.00,100 גרם,false,1,31.90,6.38,true,1,12039
7290100249086,false,"קליק נוגט לבן כשל""פ35גרם","יונליוור ישראל מזון בע""\",,קליק נוגט לבן,,35.00,100 גרם,false,1,7.50,21.43,true,1,11155
7290100653586,false,"דאודורנט ג'ל פרש פיוזן 24/7 ליידי ספיד סטיק 65 מ""ל",ליידי ספיד סטיק Lady Speed Stick,,ליידי ס.סטיק 24/7,,65.00,100 גרם,false,1,27.90,42.92,true,1,15259
7290100680650,false,מנה חמה נודלס-אטריות ירקות טעם תאילנדי אסם 76 ג',קבוצת אוסם סחר שותפות מוגבלת,,מנה חמה נודלס+ירקות,,76.00,100 גרם,false,1,10.00,13.16,true,1,11726
7290100680667,false,מנה חמה נודלס בסגנון סצ`ואן אסם (76 גרם),קבוצת אוסם סחר שותפות מוגבלת,,מנה חמה נודלס סצואן,,67.00,100 גרם,false,1,10.00,14.93,true,1,10702
7290100680728,false,פירורית רגילה שקית 350 גרם,קבוצת אוסם סחר שותפות מוגבלת,,אסם פירורית 350 גרם,,350.00,100 גרם,false,1,9.00,2.57,true,1,17850
7290100681138,false,מארז אפרופו חטיף תירס 3 יחידות,קבוצת אוסם סחר שותפות מוגבלת,,מארז אפרופו*3 יח,,450.00,100 גרם,false,1,16.50,3.67,true,1,13007
7290100686171,false,מארז מולטיפק ביסלי גריל 6 יח 35 גר ליח,קבוצת אוסם סחר שותפות מוגבלת,,ביסלי גריל 6 יח-מארז,,210.00,100 גרם,false,1,17.50,8.33,true,1,14910
7290100687109,false,במבה במילוי קרם נוגט 60ג' אסם,קבוצת אוסם סחר-שות.מוגבלת,,במבה במילוי נוגט,,60.00,100 גרם,false,1,7.90,13.17,true,1,6371
7290100689301,false,אבקת מרק בטעם עוף זך עדיף אסם 400 גרם,קבוצת אוסם סחר שותפות מוגבלת,,עדיף זך טעם עוף 400ג,,400.00,100 גרם,false,1,19.90,4.97,true,1,22765
7290100700372,false,"אורז בסגנון בסמטי מלא 1 ק""ג",האי נאם סי או אל.טי.,,אורז בסמטי מלא,,1.00,"1 ק""ג",false,1,18.00,18.00,true,1,24123
7290100700396,false,"סוגת אורז יסמין קלאסי 1 ק""ג",האי נאם סי או אל.טי.,,סוגת אורז יסמין,,1.00,"1 ק""ג",false,1,13.00,13.00,true,1,19602
7290100700587,false,בורגול סוגת (500 גרם),האי נאם סי או אל.טי.,,סוגת בורגול 500גר,,500.00,100 גרם,false,1,6.00,1.20,true,1,16937
7290100701157,false,אורז להכנת סושי סוגת (1 קג),"סוגת תעשיות בע""\מ",,אורז סושי 1 קג סוגת,,1.00,"1 ק""ג",false,1,13.00,13.00,true,1,24098
>>>>>>> d048ac2f4f281c9d788043ab4e81b61b0dbe3743
7290100701331,false,קמח רב תכליתי שטיבל קמח חיטה לבן בהיר,"שטיבל בע""\מ - טחנות קמח",,קמח רב תכליתי,,1.00,"1 ק""ג",false,1,8.90,8.90,true,1,21975
7290100704141,false,סוגת אבקת סודה לשתיה 100 גר`,א.ל. ייצור ושיווק תב,,סודה לשתייה 100 גרם,,100.00,100 גרם,false,1,3.50,3.50,true,1,19022
7290100825716,false,כפפות לטקס 100 Lיח,Unknown,,כפפות לטקס 100 Lיח,,100.00,יחידה,false,1,35.00,0.35,false,1,19605
7290100850008,false,שוקולד חלב+סוכ.קופצות85ג,STRAUSS-ISRAEL,,פרה ש.סוכריות קופצות,,90.00,100 גרם,false,1,9.00,10.00,true,1,1992
7290100850336,false,חטיף מיני פסק זמן 19,STRAUSS-ISRAEL,,שקית מיני פ.זמן 195ג,,195.00,100 גרם,false,1,17.90,9.18,true,1,9529
7290100850411,false,חטיף מיני מיקס מעורב,שטראוס גרופ,,מיקס מעורב 190גר,,190.00,100 גרם,false,1,17.90,9.42,true,1,2155
7290100850909,false,חטיף תירס נאצ`ו מקסיקני דוריטוס (70 גרם),"שטראוס פריטו ליי בע""\מ",,דוריטוס נאצו 70 גר,,70.00,100 גרם,false,1,6.90,9.86,true,1,10285
7290100850916,false,דוריטוס חמוץ חריף מעודן 70 גרם כשר לפסח,"שטראוס פריטו ליי בע""\מ )",,דוריטוס חמוץ חריף 70,,70.00,100 גרם,false,1,6.90,9.86,true,1,6204
7290100850923,false,חטיף תירס גריל דוריטוס (70 גרם),"שטראוס פריטו ליי בע""\מ )",,דוריטוס גריל 70ג,,70.00,100 גרם,false,1,6.90,9.86,true,1,6203
7290100850930,false,חטיף תירס בטעם טבעי דוריטוס (70 גרם),"שטראוס פריטו ליי בע""\מ )",,דוריטוס דיפ טבעי 70ג,,70.00,100 גרם,false,1,6.90,9.86,true,1,6201
7290100853689,false,בראוניס שוקולד עשירה380ג,STRAUSS-ISRAEL,,בראוניס שוקולד עשירה,,380.00,100 גרם,false,1,20.50,5.39,true,1,3394
7290100858592,false,אבקת קקאו עלית שקית 150 ג',הנסיך- מפעל לייצור ט,,קקאו שקית 150 גר,,150.00,100 גרם,false,1,12.50,8.33,true,1,9152
7290101112556,false,פופסיקל אננס,Unknown,,פופסיקל אננס,,82.00,100 גרם,false,1,9.90,12.07,true,1,23275
7290101113164,false,שלגון גלידל ו.עוגיות,Unknown,,שלגון גלידל ו.עוגיות,,48.00,100 גרם,false,1,9.90,20.63,true,1,23276
7290101113522,false,שלגון גלידל שוקלד,Unknown,,שלגון גלידל שוקלד,,52.00,100 גרם,false,1,9.90,19.04,true,1,23277
7290101113539,false,טילון יולו קטן שוקולד לבן עם ליבת שוקולד,פלדמן,,טילון יולו ל.שוקולד,,80.00,100 גרם,false,1,9.90,12.38,true,1,23278
7290101113546,false,טילון יולו קטן שוקולד לבן עם עוגיות שוקולד,פלקו בעמ חברה ישראלית,,טילון יולו ע.שוקולד,,80.00,100 גרם,false,1,9.90,12.38,true,1,23279
7290101113553,false,טילון יולו שוקולד חלב עם נטיפי שוקולד גדול,פלקו,,טילון גדול ש.חלב,,112.00,100 גרם,false,1,12.50,11.16,true,1,23280
7290101113560,false,טילון יולו שוקולד לבן עם נטיפי שוקולד גדול,פלקו בעמ חברה ישראלית,,טילון גדול נ.שוקולד,,112.00,100 גרם,false,1,12.50,11.16,true,1,23281
7290101113577,false,טילון יולו גדול שוקולד לבן עם קרם עוגיות,Unknown,,טילון גדול ק.עוגיות,,112.00,100 גרם,false,1,12.50,11.16,true,1,23282
7290101113645,false,פופסיקל פירות טרופי,Unknown,,פופסיקל פירות טרופי,,82.00,100 גרם,false,1,9.90,12.07,true,1,23283
7290101113690,false,יולו שוקולד לבן עם סירופ קרמל בלונד-,פלקו בעמ חברה ישראלית,,יולו ש.לבן ק.בלונד,,75.00,100 גרם,false,1,12.50,16.67,true,1,23284
7290101113706,false,יולו שוקולד חלב בציפוי שוקולד חלב וופל -,פלקו בעמ חברה ישראלית,,יולו ש.חלב צ.וופל,,50.00,100 גרם,false,1,12.50,25.00,true,1,23285
7290101113720,false,שלגון יולו שוקולד לבן ועוגיות 75 גרם,פלקו בעמ חברה ישראלית,,יולו ש.לבן ועוגיות,,75.00,100 גרם,false,1,12.50,16.67,true,1,23286
7290101113775,false,שלגון שייק פרי יופלה פריזי תות,פלקו,,יופלה שייק פ.תות,,70.00,100 גרם,false,1,9.90,14.14,true,1,23287
7290101113782,false,שלגון שייק פרי יופלה פריזי אננס,Unknown,,יופלה פריזי אננס,,70.00,100 גרם,false,1,9.90,14.14,true,1,23288
7290101113799,false,שלגון שייק פרי יופלה פריזי מנגו,פלדמן,,יופלה פריזי מנגו,,70.00,100 גרם,false,1,9.90,14.14,true,1,23289
7290101551027,false,קפסולות קפה אספרסו חזק במיוחד 14 עלית 10 יח',הנסיך- מפעל לייצור ט,,עלית ת. נספרסו 14,,10.00,יחידה,false,1,16.50,1.65,true,1,20892
7290101551300,false,סילאן טבעי ללא תוספת סוכר בקבוק לחיץ,מכוורת יד מרדכי שטראוס ב,,יד מרדכי סילאן 380ג,,380.00,100 גרם,false,1,19.00,5.00,true,1,24099
<<<<<<< HEAD
7290101551539,false,יוגורט PRO בטעם אפרסק 0% 20 גרם חלבון בגביע,"שטראוס בריאות בע""מ",,דנונה פרו אפרסק 20ג,,200.00,100 גרם,false,1,6.90,3.45,true,1,17740
7290101551904,false,סבבה בוטנים אמריקאים,הנסיך- מפעל לייצור ט,,סבבה חמוץ חריף 50,,50.00,100 גרם,false,1,3.00,6.00,true,1,17996
7290101864127,false,"ספריי להסרת כתמים 750 מ""ל וניש קליה",קליה וניש Kalia Vanish,,קליה אוקסי ספריי,,750.00,"100 מ""ל",false,1,18.00,2.40,true,1,22764
7290102031276,false,מארז 8 יחידות אקטימל משקה יוגורט בטעם תות בננה,מיוצר עי קונדיטוריית,,אקטימל 8 תות בננה,,800.00,"100 מ""ל",false,1,26.00,3.25,true,1,23957
7290102035007,false,גומי לעיסה ללא סוכר בטעם בזוקה,STRAUSS-ISRAEL,,מאסט בזוקה 28,,28.00,100 גרם,false,1,6.00,21.43,true,1,6533
7290102390427,false,יוגורט ביו עם קציפת תות 3% שומן 150 ג' מולר,מולר Muller,,מולר תות 3%,,150.00,"100 מ""ל",false,1,6.00,4.00,true,1,6597
7290102390465,false,יוגורט ביו עם קציפת אפרסק ופסיפלורה 3% שומן 150 ג' מולר,מולר Muller,,מולר אפרסק פסיפלו3%,,150.00,"100 מ""ל",false,1,6.00,4.00,true,1,6595
7290102391844,false,יוגורט ביו עם קציפת פירות יער3% שומן 150 ג' מולר,מולר Muller,,מולר פירות יער,,150.00,100 גרם,false,1,6.00,4.00,false,1,23159
7290102392094,false,חלב עיזים 3.7% בקרטון משק צוריאל 1 ליטר,מילקו תעשיות בעמ,,חלב עיזים מלא צוריאל,,1.00,1 ליטר,false,1,18.90,18.90,true,1,23987
7290102392254,false,"חלב בקרטון 1% 2 ליטר בד""צ - מוצר בפיקוח",מילקו תעשיות בעמ,,חלב בקרטון 1%,,2.00,1 ליטר,false,1,11.72,5.86,true,1,23246
7290102393039,false,"יוגורט ביו קרמי מיקס פצפוצי שוקולד 7.6% מולר 170 מ""ל",קריות זול,,מולר mix עם פצפוצי,,170.00,100 גרם,false,1,7.70,4.53,true,1,9029
7290102393060,false,"יוגורט ביו קרמי מיקס גלילי ופל ואגוזים 5.9% מולר 170 מ""ל",קריות זול,,מולר mix עם גליליות,,170.00,100 גרם,false,1,7.70,4.53,true,1,9030
7290102393176,false,סימפלי פרוט יוגורט אפרסק 3% שומן 150 ג' מולר,מילקו תעשיות בעמ,,סימפלי פרוט אפרסק,,150.00,100 גרם,false,1,6.00,4.00,true,1,10136
7290102393190,false,"יוגורט סימפלי פרוט בטעם פירות יער 3% מולר 150 מ""ל",מילקו תעשיות בעמ,,מולר סימפלי פרוט יער,,150.00,"100 מ""ל",false,1,5.70,3.80,true,1,16004
7290102393299,false,יוגורט עיזים לשתייה 3% משק צוריאל 500 גרם,מיוצר עי קוד יצרן HG,,יוגורט עיזים לשתייה,,500.00,"100 מ""ל",false,1,15.90,3.18,true,1,23313
7290102393947,false,סימפלי פרוט יוגורט בטעם קיווי 3% שומן 150 ג' מולר,מילקו תעשיות בעמ,,יוגורט סימפלי קיווי,,176.00,100 גרם,false,1,6.00,3.41,true,1,24042
7290102394081,false,"יוגורט ביו קרמי מיקס קורנפלקס מצופה שוקולד מולר 170 מ""ל",מילקו תעשייה בעמ,,מולר מיקס +קורנפלקס,,170.00,100 גרם,false,1,7.30,4.29,true,1,16005
7290102394463,false,נעם גבינה צהובה פרוסה ואקום 28% טרה 500 גרם,Unknown,,גבינה צהובה נעם 500,,533.00,100 גרם,false,1,31.90,5.98,true,1,23314
7290102394821,false,נעם גבינה צהובה פרוסה 28% טרה 200 גרם,מילקו תעשיות בעמ,,נעם ג.צהובה דק דק28%,,200.00,100 גרם,false,1,17.90,8.95,true,1,13245
7290102394845,false,נעם גבינה צהובה לייט פרוסה דק דק 9% טרה 200 גרם,מילקו תעשיות בעמ,,נעם ג.צהובה דק דק 9%,,200.00,100 גרם,false,1,19.90,9.95,true,1,19128
7290102395477,false,מעדן חלב בטעם שוקולד עם קצפת 123 ג' טרה,Unknown,,מו שוקולד עם קצפת,,144.00,100 גרם,false,1,3.30,2.29,true,1,12028
7290102396665,false,נעם גבינה צהובה דק דק 15% טרה 200 גרם,מילקו תעשיות בעמ,,נעם גבנצ דק דק 15%,,200.00,100 גרם,false,1,19.50,9.75,true,1,23733
7290102396948,false,חלב טרה 1 ליטר 3% קרטון רבנות,HIQ FOOD PRODUCTS,,טרה חלב קרטון 3% 1ל,,1.00,1 ליטר,false,1,6.23,6.23,false,1,13957
7290102396955,false,טרה חלב קרטון 3% רבנ,HIQ FOOD PRODUCTS,,חלב בקרטון 3%,,2.00,1 ליטר,false,1,12.46,6.23,true,1,23247
7290102396962,false,חלב מפוסטר 3%שקית1ליטר,Unknown,,תנובה חלב שקית 3%,,1.00,1 ליטר,false,1,5.43,5.43,false,1,13956
7290102397204,false,"גבנ""צ דק דק נעם פתיחה חוזרת 22% 200 גרם",מילקו תעשיות בעמ,,נעם צהובה דק דק 22%,,200.00,100 גרם,false,1,19.00,9.50,true,1,23857
7290102397600,false,מיקס יוגורט בתוספת שקדים ובוטנים מקורמלים 170 ג' מולר,מילקו תעשייה בעמ,,מולר מיקס שקדים+בוטן,,170.00,100 גרם,false,1,7.30,4.29,true,1,19136
7290102397617,false,יוגורט ביו קרמי עם כדורים מצופים שוקולד חום לבן,מולר Muller,,מולר מיקס כדורים,,170.00,100 גרם,false,1,7.70,4.53,true,1,15975
7290102397679,false,קוטג' וחצי טרה 5% מרכיבים טבעיים,מילקו,,קוטג וחצי טרה 5%,,391.00,100 גרם,false,1,8.80,2.25,true,1,23007
7290102397730,false,פרוסות גבינה אמנטל חצי קשה 30% שומן 200 ג' נעם,Unknown,,גבינת אמנטל נעם 30%,,230.00,100 גרם,false,1,19.90,8.65,true,1,24043
7290102398065,false,חלב טרה בקרטון 2 ליטר מהדרין 3% - מוצר בפיקוח,הפריט בפיקוח,,חלב טרה 3% 2ל,,2.00,1 ליטר,false,1,12.46,6.23,true,1,19140
7290102398072,false,"חלב קרטון 3%-1 ליטר "" טרה"" -מוצר פיקוח",הפריט בפיקוח,,טרה חלב 3% 1למהדרין,,1.00,1 ליטר,false,1,6.23,6.23,false,1,16225
7290102398096,false,חמאה 200 ג וסטהיים,Unknown,,חמאה 200 ג וסטהיים,,200.00,100 גרם,false,1,7.88,3.94,false,1,21500
7290102398140,false,מעדן חלב+אורז מת.עדינ170,Unknown,,מ.רייס מעדן חלב אורז,,176.00,100 גרם,false,1,5.70,3.24,true,1,19141
7290102398188,false,מעדן חלב ואורז + תות170ג,Unknown,,מולר רייס תות,,176.00,100 גרם,false,1,5.70,3.24,true,1,17347
7290102398560,false,שוקו טרה מועשר בבקבוק 1 ליטר,מילקו תעשיות בעמ,,שוקו טרה בבקבוק 1 ל,,1.00,1 ליטר,false,1,13.50,13.50,false,1,23056
7290102398577,false,משקה חלב בטעם שוקו 2% בבקבוק אישי,מילקו תעשיות בעמ,,שוקו טרה בבקבוק אישי,,250.00,"100 מ""ל",false,1,7.20,2.88,true,1,23008
7290102398614,false,משקה חלב בטעם בננה טרה 1 ליטר,מילקו תעשיות בעמ,,משקה חלב בטעם בננה1ל,,1.00,1 ליטר,false,1,13.50,13.50,false,1,23010
7290102398638,false,משקה חלב בטעם מוקה טרה 1 ליטר,מילקו תעשיות בעמ,,משקה חלב בטעם מוקה1ל,,1.00,1 ליטר,false,1,13.50,13.50,false,1,23011
=======
7290101551539,false,יוגורט PRO בטעם אפרסק 0% 20 גרם חלבון בגביע,שטראוס גרופ בעמ/מצונן,,דנונה פרו אפרסק 20ג,,200.00,100 גרם,false,1,6.90,3.45,true,1,17740
7290101551904,false,סבבה בוטנים אמריקאים חמוץ חריף 50 גר`,שטראוס פריטו ליי בע`מ,,סבבה חמוץ חריף 50,,50.00,100 גרם,false,1,3.00,6.00,true,1,17996
7290101864127,false,ספריי להסרת כתמים וניש קליה (750 מל),רקיט בנקיזר (ניר איסט) בעמ,,קליה אוקסי ספריי,,750.00,"100 מ""ל",false,1,18.00,2.40,true,1,22764
7290102031276,false,מארז 8 יחידות אקטימל משקה יוגורט בטעם תות בננה,שטראוס גרופ בעמ/מצונן,,אקטימל 8 תות בננה,,800.00,"100 מ""ל",false,1,26.00,3.25,true,1,23957
7290102035007,false,מסטיק מאסט בזוקה ללא סוכר 28 גרם כשלפ,שטראוס גרופ בע`מ,,מאסט בזוקה 28,,28.00,100 גרם,false,1,6.00,21.43,true,1,6533
7290102390427,false,יוגורט ביו עם קציפת תות 3% שומן 150 ג' מולר,החברה המרכזית טלהפצת משקאות בע,,מולר תות 3%,,150.00,"100 מ""ל",false,1,6.00,4.00,true,1,6597
7290102390465,false,יוגורט ביו עם קציפת אפרסק ופסיפלורה 3% שומן 150 ג' מולר,החברה המרכזית טלהפצת משקאות בע,,מולר אפרסק פסיפלו3%,,150.00,"100 מ""ל",false,1,6.00,4.00,true,1,6595
7290102391844,false,יוגורט ביו עם קציפת פירות יער3% שומן 150 ג' מולר,החברה המרכזית טלהפצת משקאות בע,,מולר פירות יער,,150.00,100 גרם,false,1,6.00,4.00,false,1,23159
7290102392094,false,חלב עיזים 3.7% בקרטון משק צוריאל 1 ליטר,החברה המרכזית טלהפצת משקאות בע,,חלב עיזים מלא צוריאל,,1.00,1 ליטר,false,1,18.90,18.90,true,1,23987
7290102392254,false,"חלב בקרטון 1% 2 ליטר בד""צ - מוצר בפיקוח",החברה המרכזית טלהפצת משקאות בע,,חלב בקרטון 1%,,2.00,1 ליטר,false,1,11.72,5.86,true,1,23246
7290102393039,false,"יוגורט ביו קרמי מיקס פצפוצי שוקולד 7.6% מולר 170 מ""ל",החברה המרכזית טלהפצת משקאות בע,,מולר mix עם פצפוצי,,170.00,100 גרם,false,1,7.70,4.53,true,1,9029
7290102393060,false,"יוגורט ביו קרמי מיקס גלילי ופל ואגוזים 5.9% מולר 170 מ""ל",*החברה המרכזית להפצת משקאותבעמ,,מולר mix עם גליליות,,170.00,100 גרם,false,1,7.70,4.53,true,1,9030
7290102393176,false,סימפלי פרוט יוגורט אפרסק 3% שומן 150 ג' מולר,*החברה המרכזית להפצת משקאותבעמ,,סימפלי פרוט אפרסק,,150.00,100 גרם,false,1,6.00,4.00,true,1,10136
7290102393190,false,"יוגורט סימפלי פרוט בטעם פירות יער 3% מולר 150 מ""ל",*החברה המרכזית להפצת משקאותבעמ,,מולר סימפלי פרוט יער,,150.00,"100 מ""ל",false,1,5.70,3.80,true,1,16004
7290102393299,false,יוגורט עיזים לשתייה 3% משק צוריאל 500 גרם,*החברה המרכזית להפצת משקאותבעמ,,יוגורט עיזים לשתייה,,500.00,"100 מ""ל",false,1,15.90,3.18,true,1,23313
7290102393947,false,סימפלי פרוט יוגורט בטעם קיווי 3% שומן 150 ג' מולר,*החברה המרכזית להפצת משקאותבעמ,,יוגורט סימפלי קיווי,,176.00,100 גרם,false,1,6.00,3.41,true,1,24042
7290102394081,false,"יוגורט ביו קרמי מיקס קורנפלקס מצופה שוקולד מולר 170 מ""ל",*החברה המרכזית להפצת משקאותבעמ,,מולר מיקס +קורנפלקס,,170.00,100 גרם,false,1,7.30,4.29,true,1,16005
7290102394463,false,נעם גבינה צהובה פרוסה ואקום 28% טרה 500 גרם,החברה המרכזית טלהפצת משקאות בע,,גבינה צהובה נעם 500,,533.00,100 גרם,false,1,31.90,5.98,true,1,23314
7290102394821,false,גבינה צהובה 28% דק דק לפתיחה חוזרת 200,החברה המרכזית טלהפצת משקאות בע,,נעם ג.צהובה דק דק28%,,200.00,100 גרם,false,1,17.90,8.95,true,1,13245
7290102394845,false,נעם גבינה צהובה לייט פרוסה דק דק 9% טרה 200 גרם,החברה המרכזית טלהפצת משקאות בע,,נעם ג.צהובה דק דק 9%,,200.00,100 גרם,false,1,19.90,9.95,true,1,19128
7290102395477,false,מעדן חלב בטעם שוקולד עם קצפת 123 ג' טרה,החברה המרכזית טלהפצת משקאות בע,,מו שוקולד עם קצפת,,144.00,100 גרם,false,1,3.30,2.29,true,1,12028
7290102396665,false,צהובה פרוסות דקדק פתח סגור 15% 200 גר`,החברה המרכזית טלהפצת משקאות בע,,נעם גבנצ דק דק 15%,,200.00,100 גרם,false,1,19.50,9.75,true,1,23733
7290102396948,false,חלב הומוגוני% }3 טרה{*1ליטר קרטון*,*החברה המרכזית להפצת משקאותבעמ,,טרה חלב קרטון 3% 1ל,,1.00,1 ליטר,false,1,6.23,6.23,false,1,13957
7290102396955,false,טרה חלב קרטון 3% רבנ,*החברה המרכזית להפצת משקאותבעמ,,חלב בקרטון 3%,,2.00,1 ליטר,false,1,12.46,6.23,true,1,23247
7290102396962,false,חלב מפוסטר 3%שקית1ליטר,*החברה המרכזית להפצת משקאותבעמ,,תנובה חלב שקית 3%,,1.00,1 ליטר,false,1,5.43,5.43,false,1,13956
7290102397204,false,"גבנ""צ דק דק נעם פתיחה חוזרת 22% 200 גרם",*החברה המרכזית להפצת משקאותבעמ,,נעם צהובה דק דק 22%,,200.00,100 גרם,false,1,19.00,9.50,true,1,23857
7290102397600,false,מיקס יוגורט בתוספת שקדים ובוטנים מקורמלים 170 ג' מולר,החברה המרכזית טלהפצת משקאות בע,,מולר מיקס שקדים+בוטן,,170.00,100 גרם,false,1,7.30,4.29,true,1,19136
7290102397617,false,יוגורט ביו קרמי עם כדורים מצופים שוקולד חום לבן,החברה המרכזית טלהפצת משקאות בע,,מולר מיקס כדורים,,170.00,100 גרם,false,1,7.70,4.53,true,1,15975
7290102397679,false,קוטג' וחצי טרה 5% מרכיבים טבעיים,החברה המרכזית טלהפצת משקאות בע,,קוטג וחצי טרה 5%,,391.00,100 גרם,false,1,8.80,2.25,true,1,23007
7290102397730,false,פרוסות גבינה אמנטל חצי קשה 30% שומן 200 ג' נעם,החברה המרכזית טלהפצת משקאות בע,,גבינת אמנטל נעם 30%,,230.00,100 גרם,false,1,19.90,8.65,true,1,24043
7290102398065,false,חלב טרה בקרטון 2 ליטר מהדרין 3% - מוצר בפיקוח,החברה המרכזית טלהפצת משקאות בע,,חלב טרה 3% 2ל,,2.00,1 ליטר,false,1,12.46,6.23,true,1,19140
7290102398072,false,"חלב קרטון 3%-1 ליטר "" טרה"" -מוצר פיקוח",החברה המרכזית טלהפצת משקאות בע,,טרה חלב 3% 1למהדרין,,1.00,1 ליטר,false,1,6.23,6.23,false,1,16225
7290102398096,false,חמאה 200 ג וסטהיים,Unknown,,חמאה 200 ג וסטהיים,,200.00,100 גרם,false,1,7.88,3.94,false,1,21500
7290102398140,false,מעדן חלב+אורז מת.עדינ170,Unknown,,מ.רייס מעדן חלב אורז,,176.00,100 גרם,false,1,5.70,3.24,true,1,19141
7290102398188,false,מעדן חלב ואורז + תות170ג,Unknown,,מולר רייס תות,,176.00,100 גרם,false,1,5.70,3.24,true,1,17347
7290102398560,false,משקה שוקו מועשר בבקבוק 1 ליטר טרה,החברה המרכזית טלהפצת משקאות בע,,שוקו טרה בבקבוק 1 ל,,1.00,1 ליטר,false,1,13.50,13.50,false,1,23056
7290102398577,false,משקה חלב בטעם שוקו 2% בבקבוק אישי,החברה המרכזית טלהפצת משקאות בע,,שוקו טרה בבקבוק אישי,,250.00,"100 מ""ל",false,1,7.20,2.88,true,1,23008
7290102398614,false,משקה חלב טרה ט. בננה 1ליטר בקבוק,החברה המרכזית טלהפצת משקאות בע,,משקה חלב בטעם בננה1ל,,1.00,1 ליטר,false,1,13.50,13.50,false,1,23010
7290102398638,false,משקה חלב טרה ט.מוקה 1ליטר בקבוק,החברה המרכזית טלהפצת משקאות בע,,משקה חלב בטעם מוקה1ל,,1.00,1 ליטר,false,1,13.50,13.50,false,1,23011
>>>>>>> d048ac2f4f281c9d788043ab4e81b61b0dbe3743
7290102399680,false,חלב 3% בבקבוק 1 ליטר,Unknown,,חלב בבקבוק 3% 1 ל,,1.00,1 ליטר,false,1,6.23,6.23,false,1,19690
7290103400378,false,עוגת בראוניז שוקולד380גר,STRAUSS-ISRAEL,,עוגת בראוניז כשלפ,,380.00,100 גרם,false,1,18.90,4.97,true,1,10248
7290103401429,false,קפה קצב ברזילאי אוריגינס 200 גר,הנסיך- מפעל לייצור ט,,קפה קצב ברזילאי,,200.00,100 גרם,false,1,38.00,19.00,true,1,23972
7290103402853,false,אצבעות שוקולד מגדים 96 ג,STRAUSS-ISRAEL,,אצבעות חלב מגדים,,96.00,100 גרם,false,1,10.00,10.42,true,1,23988
7290103404758,false,סלט כרוב אדום במיונז אחלה 120 גרם,שטראוס גרופ בעמ/מצונן,,אחלה כרוב אדום 120ג,,120.00,100 גרם,false,1,6.20,5.17,true,1,15871
7290103681173,false,"יין הר קברנה סובניון יקבי תבור 750 מ""ל.",החברה המרכזית טלהפצת משקאות בע,,הר קברנה סובי 750מל,,750.00,"100 מ""ל",false,1,40.00,5.29,true,1,18183
7290103681180,false,"יין הר מרלו מיתוג תנשמת 750 מ""ל",החברה המרכזית טלהפצת משקאות בע,,הר מרלו 750 מל,,750.00,"100 מ""ל",false,1,40.00,5.29,true,1,18184
7290103681210,false,"יין הר שרדונה מיתוג תנשמת 750 מ""ל",*החברה המרכזית להפצת משקאותבעמ,,הר שרדונה 750 מל,,750.00,"100 מ""ל",false,1,40.00,5.29,true,1,18185
7290103681227,false,"יין הר גוורצטרמינר מיתוג תנשמת 750 מ""ל",החברה המרכזית טלהפצת משקאות בע,,הר גוורצטרמ 750 מל,,750.00,"100 מ""ל",false,1,40.00,5.29,true,1,18186
7290103681241,false,"יין הר מוסקטו מיתוג תנשמת 750 מ""ל",*החברה המרכזית להפצת משקאותבעמ,,הר מוסקטו 2019,,750.00,"100 מ""ל",false,1,40.00,5.29,true,1,20041
7290103681739,false,"יין הר לבן יקבי תבור 750 מ""ל",מיוצר על ידי יקב תבור,,הר לבן 750 מל,,750.00,"100 מ""ל",false,1,40.00,5.29,true,1,23372
7290103700195,false,שאפו רדיד אלומיניום צר 30*7.5 2יח',"שניב תעשיות נייר בע""",,רדיד אלומיניום קצר,,15.00,1 מטר,false,1,9.90,0.66,false,1,24158
7290103700225,false,רדיד אלומניום רוחב 45 עובי 14 מיקרון,שניב תעשיות,,רדיד אלומיניום ארוך,,15.00,1 מטר,false,1,12.50,0.83,false,1,24159
7290103701017,false,נייר אפיה נשלף טאצ 50 יחידות כשלפ,שניב תעשיות נייר בעמ,,טאצ נייר אפיה,,50.00,יחידה,false,1,9.90,0.20,false,1,23290
7290103701055,false,כוסות חד פעמי שתיה חמה 8OZ,שניב תעשיות נייר בעמ,,כוס נייר 8 אוז 50יח,,50.00,יחידה,false,1,10.90,0.22,false,1,23291
7290103702229,false,טאצ`מפות שולחן שמינייה עבות במיוחד,שניב תעשיות נייר בעמ,,מפות שולחן שמיניה,,8.00,יחידה,false,1,6.90,0.86,false,1,24160
7290103702236,false,טאצ מפות שולחן שישייה עבות במיוחד,שניב תעשיות נייר בעמ,,מפות שולחן שישייה,,6.00,יחידה,false,1,6.90,1.15,false,1,24161
7290103703684,false,נייר טאולט לובלי 30,Unknown,,נייר טאולט לובלי 30,,0.00,,false,1,31.90,0.00,true,1,24172
7290103703905,false,ממחטות נייר טישו טוט,Unknown,,ממחטות פרשמרקט,,0.00,,false,1,12.90,0.00,false,1,23710
7290103704155,false,נייר מגבת טאצ' 6 גלילים מהדורת 2021,שניב תעשיות נייר בעמ,,מגבות טאצ שישייה,,0.00,,false,1,11.90,0.00,true,1,24173
7290103704780,false,טאצ' מארז תבנית אלומיניום 7 יח',Unknown,,תבנית טאצ R31 105,,7.00,יחידה,false,1,11.90,1.70,false,1,24162
7290103704797,false,טאצ' מארז תבנית אלומיניום 4 יח',Unknown,,תבנית טאצ 4 R99 210,,4.00,יחידה,false,1,11.50,2.88,false,1,24163
7290103704803,false,טאצ' מארז תבנית אלומיניום 7 יח',Unknown,,תבנית טאצ R2 90,,7.00,יחידה,false,1,11.50,1.64,false,1,24164
7290103704810,false,טאצ' תבנית אלומיניום אינגליש 12 יח',Unknown,,תבנית אינגליש R88,,12.00,יחידה,false,1,11.90,0.99,false,1,24165
7290103704841,false,טאצ' תבנית אלומיניום עגולה 6 יח',Unknown,,תבנית עגולה C10,,6.00,יחידה,false,1,11.50,1.92,false,1,24166
7290103704858,false,טאצ' תבנית אלומיניום עגולה 4 יח',Unknown,,תבנית עגולה 4 יח,,4.00,יחידה,false,1,11.50,2.88,false,1,24167
7290104060403,false,מסטיק מאסט בזוקה ענבים28,שטראוס גרופ,,מאסט בזוקה ענבים,,28.00,100 גרם,false,1,6.00,21.43,true,1,8283
7290104061219,false,רבע לשבע אצבעות אגוז120ג,"שטראוס גרופ בע""מ",,רבע לשבע אגוזים,,120.00,100 גרם,false,1,14.50,12.08,true,1,9836
7290104061417,false,סלט חומוס עם טחינה אחלה 400 גרם,שטראוס גרופ בעמ/מצונן,,אחלה חומוס עם טחינה,,400.00,100 גרם,false,1,13.50,3.38,true,1,16010
7290104061431,false,סלט חומוס עם צנובר אחלה 400 גרם,שטראוס גרופ בעמ/מצונן,,אחלה חומוס צנובר,,400.00,100 גרם,false,1,13.50,3.38,true,1,16011
7290104061448,false,סלט חומוס עם חריף אחלה 400 גרם,שטראוס גרופ בעמ/מצונן,,אחלה חומוס חריף,,400.00,100 גרם,false,1,13.50,3.38,true,1,16012
7290104064012,false,חטיף פסק זמן GOOD שוקולד לבן גוד 36 גרם,שולן צ'יקולטה גידה ס,,פסק זמן 2 good לבן,,36.00,100 גרם,false,1,7.50,20.83,true,1,11031
7290104066016,false,מעדן מילקי טופ עדשים 170 ג',שטראוס גרופ בעמ/מצונן,,מילקי טופ עדשים,,149.00,100 גרם,false,1,5.20,3.49,true,1,16039
7290104067198,false,ספלנדיד מריר 70%תפוז100ג,STRAUSS-ISRAEL,,ספלנדיד תפוז 100 גר,,100.00,100 גרם,false,1,12.90,12.90,true,1,14836
7290104067518,false,כיף כיף לבן מגדים 45 גרם,STRAUSS-ISRAEL,,כיף כף לבן מגדים,,45.00,100 גרם,false,1,6.90,15.33,true,1,15369
7290104067679,false,סלט טחינה אחלה 400גר,שטראוס גרופ בעמ/מצונן,,טחינה 400 גר,,400.00,100 גרם,false,1,13.00,3.25,true,1,23650
7290104067693,false,חומוס אחלה עם תוספת חריף 150 גר,שטראוס גרופ בעמ/מצונן,,אחלה חומוס חריף 150,,150.00,100 גרם,false,1,7.00,4.67,true,1,12826
7290104068539,false,מאסט פליפטופ מלון ואבטיח ללא גרעינים,שטראוס גרופ בע`מ,,מאסט מלון אבטיח 28גר,,28.00,100 גרם,false,1,6.00,21.43,true,1,9024
7290104068546,false,גומי מאסט בטעם לימון קולה ללא סוכר 28 ג' עלית,שטראוס גרופ בע`מ,,מאסט קולה לימון,,28.00,100 גרם,false,1,6.00,21.43,true,1,9884
7290104289613,false,מטריה חצי אוטומטית,Unknown,,מטריה חצי אוטומטית,,0.00,,false,1,15.00,0.00,false,1,16333
7290104289620,false,מטריה חצי אוטומטית,Unknown,,מטריה חצי אוטומטית,,0.00,,false,1,15.00,0.00,false,1,19079
7290104500572,false,אפרופו חטיף תירס איטליאנו אסם 50 גרם,קבוצת אוסם סחר-שות.מוגבלת,,אפרופו איטליאנו,,50.00,100 גרם,false,1,8.50,17.00,true,1,10530
7290104503184,false,הבית עוגת שבת בראוניס טעם שוקולד ריבת חלב 380 גרם,קבוצת אוסם סחר-שות.מוגבלת,,ע.בראוניס ש.ריבת ח,,380.00,100 גרם,false,1,20.90,5.50,true,1,23040
7290104504228,false,מיני דובונים אסם 100 גרם מארז 5 יחידות,קבוצת אוסם סחר-שות.מוגבלת,,דובונים מארז 5יח,,100.00,100 גרם,false,1,16.50,16.50,true,1,14911
7290104506819,false,"קראנץ`רולס כשל""פ 370 גר`.",קבוצת אוסם סחר-שות.מוגבלת,,קראנץ רולס כשלפ 370ג,,370.00,100 גרם,false,1,29.90,8.08,true,1,12957
7290104508189,false,אסם 24 גביעי גלידה ממותקים 95 גרם,קבוצת אוסם סחר שותפות מוגבלת,,גביעי גלידה ממותקים,,95.00,100 גרם,false,1,16.50,17.37,true,1,24014
7290104508332,false,לחמנית בריוש,Unknown,,לחמנית בריוש,,200.00,יחידה,false,1,2.00,0.01,false,1,18663
7290104508943,false,במבה חטיף בוטנים אסם 200 גרם,קבוצת אוסם סחר-שות.מוגבלת,,במבה 200 גר,,200.00,100 גרם,false,1,15.90,7.95,true,1,10946
7290104509247,false,בונז'ור-עוגת קראנץ' שוקולד עשיר 650 גר',**קבוצת אוסם סחר-שות.מוגבלת,,עוגת קראנץ שוקולד,,650.00,100 גרם,false,1,24.90,3.83,true,1,13356
7290104570513,false,"תמר מגהול כחול 1 ק""",ביכורי השדה הצפון בעמ` 1964,,תמר מגהול 1 קילו,,1.00,"1 ק""ג",false,1,19.90,19.90,true,1,22553
7290104690167,false,סט כבלי התנעה דגם600,Unknown,,סט כבלי התנעה דגם600,,0.00,,false,1,54.00,0.00,true,1,15476
7290104691638,false,משפך,Unknown,,משפך,,0.00,,false,1,10.00,0.00,true,1,15477
7290104692369,false,L וילון קדמי משקפים,Unknown,,L וילון קדמי משקפים,,0.00,,false,1,21.90,0.00,true,1,15478
7290104692376,false,XLוילון משקפים אפור,Unknown,,XLוילון משקפים אפור,,0.00,,false,1,30.00,0.00,true,1,15479
7290104692383,false,סוכך שמש לייזר L,Unknown,,סוכך שמש לייזר L,,0.00,,false,1,30.00,0.00,false,1,18734
7290104692444,false,סוכך כסף מתקפל עבה,Unknown,,סוכך כסף מתקפל עבה,,0.00,,false,1,10.00,0.00,true,1,16046
7290104693496,false,מ.מיקרופייבר לרכב,Unknown,,מ.מיקרופייבר לרכב,,1.00,יחידה,false,1,29.00,29.00,false,1,21721
7290104693847,false,קומפרסור פלסטיק מיני,Unknown,,קומפרסור פלסטיק מיני,,0.00,,false,1,69.00,0.00,true,1,15481
7290104693854,false,מדחס אויר חד בוכנה,Unknown,,מדחס אויר חד בוכנה,,0.00,,false,1,95.00,0.00,false,1,19853
7290104694110,false,מאפרה עגולה עם מכסה,Unknown,,מאפרה עגולה עם מכסה,,0.00,,false,1,26.00,0.00,true,1,15482
7290104694233,false,H7 ערכת נורות חרום,Unknown,,H7 ערכת נורות חרום,,0.00,,false,1,31.90,0.00,true,1,15483
7290104694240,false,H4 ערכת נורות חרום,Unknown,,H4 ערכת נורות חרום,,0.00,,false,1,31.90,0.00,true,1,15484
7290104694530,false,מכסה מיכל דלק הברגה,Unknown,,מכסה מיכל דלק הברגה,,0.00,,false,1,25.00,0.00,true,1,15515
7290104694561,false,גילדה קטנה לניקוי,Unknown,,גילדה קטנה לניקוי,,1.00,יחידה,false,1,12.00,12.00,false,1,20310
7290104695315,false,סט כבלי התנעה,Unknown,,סט כבלי התנעה,,0.00,,false,1,79.00,0.00,true,1,15485
7290104695322,false,רצועת קשירה 2.5 מ,Unknown,,רצועת קשירה 2.5 מ,,0.00,,false,1,21.90,0.00,true,1,15486
7290104695339,false,רצועת קשירה רצט 5,Unknown,,רצועת קשירה רצט 5,,0.00,,false,1,41.90,0.00,true,1,15487
7290104695568,false,פחית ריח אורגנית,Unknown,,פחית ריח אורגנית,,0.00,,false,1,15.00,0.00,true,1,18127
7290104695759,false,אפוד זוהר תקני צהוב,Unknown,,אפוד זוהר תקני צהוב,,0.00,,false,1,20.00,0.00,true,1,15488
7290104695766,false,אשפתון לרכב,Unknown,,אשפתון לרכב,,0.00,,false,1,12.00,0.00,true,1,15489
7290104695797,false,שלט נהג חדש,Unknown,,שלט נהג חדש,,0.00,,false,1,10.90,0.00,true,1,15490
7290104695803,false,שלט נהגת חדשה,Unknown,,שלט נהגת חדשה,,0.00,,false,1,10.90,0.00,true,1,15491
7290104695865,false,וילון צד משקפים שחור,Unknown,,וילון צד משקפים שחור,,0.00,,false,1,12.90,0.00,true,1,15493
7290104696008,false,גילדה גדולה לניקוי,Unknown,,גילדה גדולה לניקוי,,1.00,יחידה,false,1,15.00,15.00,false,1,20311
7290104698354,false,מגב יחיד שטוח,Unknown,,מגב יחיד שטוח,,1.00,יחידה,false,1,18.50,18.50,false,1,20449
7290104698378,false,מגב יחיד שטוח,Unknown,,מגב יחיד שטוח,,1.00,יחידה,false,1,18.50,18.50,false,1,20450
7290104698385,false,מגב יחיד שטוח,Unknown,,מגב יחיד שטוח,,1.00,יחידה,false,1,18.50,18.50,false,1,20451
7290104698392,false,מגב יחיד שטוח 24,Unknown,,מגב יחיד שטוח 24,,1.00,יחידה,false,1,18.50,18.50,false,1,21849
7290104698408,false,מגב יחיד שטוח 26,Unknown,,מגב יחיד שטוח 26,,1.00,יחידה,false,1,18.50,18.50,false,1,21850
7290104698415,false,מגב יחיד שטוח,Unknown,,מגב יחיד שטוח,,1.00,יחידה,false,1,18.50,18.50,false,1,20452
7290104699634,false,מגב יחיד שטוח 14,Unknown,,מגב יחיד שטוח 14,,0.00,,false,1,18.50,0.00,false,1,18763
7290104699641,false,מגב יחיד שטוח 16,Unknown,,מגב יחיד שטוח 16,,0.00,,false,1,18.50,0.00,false,1,18770
7290104699658,false,מגב יחיד שטוח 18,Unknown,,מגב יחיד שטוח 18,,0.00,,false,1,18.50,0.00,false,1,18862
7290104699665,false,מגב יחיד שטוח 19,Unknown,,מגב יחיד שטוח 19,,0.00,,false,1,18.50,0.00,false,1,18863
7290104699672,false,מגב יחיד שטוח 20,Unknown,,מגב יחיד שטוח 20,,0.00,,false,1,18.50,0.00,false,1,18883
7290104699689,false,מגב יחיד שטוח 21,Unknown,,מגב יחיד שטוח 21,,0.00,,false,1,18.50,0.00,false,1,18864
7290104699696,false,מגב יחיד שטוח 22,Unknown,,מגב יחיד שטוח 22,,0.00,,false,1,18.50,0.00,false,1,18865
7290104699702,false,מגב יחיד שטוח 24,Unknown,,מגב יחיד שטוח 24,,0.00,,false,1,18.50,0.00,false,1,18866
7290104699719,false,מגב יחיד שטוח 26,Unknown,,מגב יחיד שטוח 26,,0.00,,false,1,18.50,0.00,false,1,18867
7290104699726,false,מגב יחיד שטוח 28,Unknown,,מגב יחיד שטוח 28,,0.00,,false,1,18.50,0.00,false,1,18868
7290104722219,false,עוגת שוקולד וקרם שוקולד 330גר`,"שטראוס גרופ בע""\מ.",,עוגה כושית וק.שוקולד,,330.00,100 גרם,false,1,18.90,5.73,true,1,10847
7290104722530,false,תפוצ'יפס בטעם שמנת בצל עלית 200 גרם,"שטראוס פריטו ליי בע""\מ )",,תפוציפס שמנת בצל200,,200.00,100 גרם,false,1,10.00,5.00,true,1,12138
7290104724718,false,שוק.במילוי קרם נוגט100גר,STRAUSS-ISRAEL,,ש.חלב במילוי נוגט,,100.00,100 גרם,false,1,9.00,9.00,true,1,22739
7290104726484,false,טופי פרצופי תות עלית,"שטראוס גרופ בע""מ",,טופי פרצופי תות עלית,,150.00,100 גרם,false,1,6.90,4.60,true,1,16372
<<<<<<< HEAD
7290104728310,false,"שמנת מתוקה עמידה 38% שומן ""יטבתה"" -מוצר בפיקוח",שטראוס גרופ,,שמנת עמידה לקצפת,,250.00,100 גרם,false,1,6.47,2.59,false,1,20170
7290104729003,false,שמן זית כתית יד מרדכי 750 גרם [מוצר מדבקה],מכוורת יד מרדכי שטרא,,שמן זית יד מרדכי,,750.00,"100 מ""ל",false,1,37.90,5.05,true,1,20714
7290104960239,false,"תחליב רחצה נקה 7 ארומה לבן 750 מ""ל",טרופיקל דגיל תעשיות קוסמ,,נקה תחליב 750 לבן,,750.00,"100 מ""ל",false,1,13.90,1.85,true,1,23872
7290104960246,false,"נקה 7 - תחליב רחצה ורד ויסמין 750 מ""ל",טרופיקל דגיל תעשיות קוסמ,,נקה תחליב 750 ורוד,,0.00,,false,1,13.90,0.00,true,1,23873
7290104960253,false,"תחליב רחצה נקה 7 לבנדר סגול 750מ""ל",טרופיקל דגיל תעשיות קוסמ,,ת.רחצה לבנדר נקה7,,750.00,"100 מ""ל",false,1,13.90,1.85,true,1,23878
=======
7290104728310,false,"שמנת מתוקה עמידה 38% שומן ""יטבתה"" -מוצר בפיקוח",שטראוס גרופ בעמ/מצונן,,שמנת עמידה לקצפת,,250.00,100 גרם,false,1,6.47,2.59,false,1,20170
7290104729003,false,שמן זית כתית יד מרדכי 750 גרם [מוצר מדבקה],מכוורת יד מרדכי שטרא,,שמן זית יד מרדכי,,750.00,"100 מ""ל",false,1,37.90,5.05,true,1,20714
7290104960239,false,תחליב רחצה בניחוח קמומיל נקה (7507 מל),טרופיקל דגיל תעשיות קוסמ,,נקה תחליב 750 לבן,,750.00,"100 מ""ל",false,1,13.90,1.85,true,1,23872
7290104960246,false,נקה 7 ארומה תחליב רחצה ורד יסמין 750 מ,טרופיקל דגיל תעשיות קוסמ,,נקה תחליב 750 ורוד,,0.00,,false,1,13.90,0.00,true,1,23873
7290104960253,false,נקה 7 ארומה תחליב רחצה לבנדר ענוג 750,טרופיקל דגיל תעשיות קוסמ,,ת.רחצה לבנדר נקה7,,750.00,"100 מ""ל",false,1,13.90,1.85,true,1,23878
>>>>>>> d048ac2f4f281c9d788043ab4e81b61b0dbe3743
7290105360250,false,קפסולות 09 עשיר וארומטי למכונת נספרסו עלית 10יח',הנסיך- מפעל לייצור ט,,עלית ת. נספרסו 09,,10.00,יחידה,false,1,16.50,1.65,true,1,20893
7290105360328,false,קפסולות אספרסו חזק למכונות נספרסו 10 יח',הנסיך- מפעל לייצור ט,,עלית ת. נספרסו 10,,10.00,יחידה,false,1,16.50,1.65,true,1,20894
7290105360335,false,קפסולות אספרסו למכונות נספרסו 50 גר,הנסיך- מפעל לייצור ט,,עלית ת. נספרסו 07,,10.00,יחידה,false,1,16.50,1.65,true,1,20895
7290105361707,false,חטיף כיף כף שוקולד ל,מיוצר עי קונדיטוריית,,כיף כף לבן,,45.00,100 גרם,false,1,6.90,15.33,true,1,10523
<<<<<<< HEAD
7290105362339,false,"שמנת לבישול 15% 250 מ""ל יטבתה מהדרין",שטראוס גרופ,,יטבתה שמנת בישול 15%,,250.00,"100 מ""ל",false,1,8.50,3.40,true,1,19153
=======
7290105362339,false,"שמנת לבישול 15% 250 מ""ל יטבתה מהדרין",שטראוס גרופ בעמ/מצונן,,יטבתה שמנת בישול 15%,,250.00,"100 מ""ל",false,1,8.50,3.40,true,1,19153
>>>>>>> d048ac2f4f281c9d788043ab4e81b61b0dbe3743
7290105362377,false,חטיף כיף כף חלב מגדי,STRAUSS-ISRAEL,,כיף כף מגדים 45 גר,,45.00,100 גרם,false,1,6.90,15.33,true,1,15393
7290105363572,false,שוק.פרה ביסקויט מגדים100,STRAUSS-ISRAEL,,פרה ביסקוויט מגדים,,100.00,100 גרם,false,1,9.00,9.00,true,1,21070
7290105363602,false,מקלות כיף כף קלאסי עלית (40 גרם),שולן צ'\יקולטה גידה סאן.,,כיף כף מקלות שוקולד,,40.00,100 גרם,false,1,7.00,17.50,true,1,11866
7290105364289,false,מקלות כיף כף פצפוצים עלית 40 גרם,שולן צ'\יקולטה גידה סאן.,,כיף כף מקלות פצפוצים,,40.00,100 גרם,false,1,7.00,17.50,true,1,11864
7290105364302,false,"עלית חטיף שוקולד כיף כף מקלות אגוזים, 40 גרם",שולן צ'\יקולטה גידה סאן.,,כיף כף מקלות אגוזים,,42.00,100 גרם,false,1,7.00,16.67,true,1,11865
7290105364784,false,שוקולד ביסקוויט לבן 100ג,STRAUSS-ISRAEL,,פרה ביסקוויט לבן,,100.00,100 גרם,false,1,9.00,9.00,true,1,11758
7290105364883,false,ביסקוויט עד חצות לבן200ג,STRAUSS-ISRAEL,,עד חצות לבן 200גר,,200.00,100 גרם,false,1,17.90,8.95,true,1,11377
7290105366993,false,סימפוניה גבינת שמנת פלפל שיפקה 5% שטראוס 200 גרם,שטראוס גרופ בעמ/מצונן,,סימפוניה פלפל שיפקה,,200.00,100 גרם,false,1,12.50,6.25,true,1,24047
7290105368331,false,מעדן מילקי בטעם תות עם קצפת,שטראוס גרופ בעמ/מצונן,,מילקי תות -חדש,,130.00,100 גרם,false,1,3.90,3.00,true,1,23648
7290105368904,false,"שמנת מתוקה להקצפה 32% שומן 250 מ""ל יוטבתה",שטראוס גרופ בעמ/מצונן,,יטבתה שמנת עמידה,,250.00,"100 מ""ל",false,1,7.80,3.12,true,1,23734
7290105368959,false,פונץ בננה+פקק מהדרין250מ,מחלבת יטבתה,,פונץ בננה 250 מל,,250.00,"100 מ""ל",false,1,7.50,3.00,true,1,11302
7290105500151,false,וודקה פינלנדיה רגיל 700,"אלטיה קורפ, הלסינקי,",,וודקה פינלנדיה 700מ,,700.00,"100 מ""ל",false,1,85.00,12.10,true,1,11705
7290105500236,false,וויסקי ג'ק דניאלס מס' 7 Brand No,ג'ק דניאלס Jack Daniel's,,גק דניאלס 700מל,,700.00,"100 מ""ל",false,1,139.00,19.81,false,1,15065
7290105500953,false,"וויסקי ג'ק דניאלס דבש 700 מ""ל",מ.אקרמן בעמ,,גק דניאלס דבש,,700.00,"100 מ""ל",false,1,139.00,19.81,true,1,21159
7290105501578,false,פ.בומבי 4+צידנית,Unknown,,פ.בומבי 4+צידנית,,1.00,1 ליטר,false,1,49.90,48.70,true,1,23373
7290105501585,false,פ.בקרדי 4+צידנית,Unknown,,פ.בקרדי 4+צידנית,,1.00,1 ליטר,false,1,49.90,48.70,true,1,23374
7290105691224,false,אסם חטיפי פריכונים טורטייה שום בצל 60 גרם,קבוצת אוסם סחר-שות.מוגבלת,,חטיף טורטיה שום בצל,,60.00,100 גרם,false,1,9.90,16.50,true,1,11177
7290105691248,false,אסם חטיפי פריכונים טורטייה תירס 60 גרם,קבוצת אוסם סחר שותפות מוגבלת,,חטיף טורטיה תירס,,60.00,100 גרם,false,1,9.90,16.50,true,1,11178
7290105691934,false,קמח שמרים אסם 1 קילו,קבוצת אוסם סחר שותפות מוגבלת,,קמח שמרים אסם 1 קג,,1.00,"1 ק""ג",false,1,12.90,12.90,true,1,16932
7290105692474,false,עוגת בראוניס קוקוס 430גר,"אסם השקעות בע""\מ",,בראוניס קוקוס כשלפ,,430.00,100 גרם,false,1,20.90,4.86,true,1,12959
7290105692498,false,"עוגת בראוניס כשל""פ430גרם","אסם השקעות בע""\מ",,עוגת בראוניס כשלפ,,430.00,100 גרם,false,1,20.90,4.86,true,1,12958
7290105692511,false,"עוגת הבית שיש כשל""פ350גר",קבוצת אסם סחר שות. מוגבלת,,עוגת הבית שיש,,350.00,100 גרם,false,1,17.90,5.11,true,1,11180
7290105692535,false,עוגת שוקו שוקוצ'יפס350גר,"אסם השקעות בע""\מ",,הבית עוגת ש.שוקוציפס,,350.00,100 גרם,false,1,17.90,5.11,true,1,11179
<<<<<<< HEAD
7290105693341,false,מארז עשיריית במבה אסם 25*10 גרם,"אסם השקעות בע""\מ",,מארז במבה 25 גר*10,,250.00,100 גרם,false,1,19.90,7.96,true,1,21391
7290105693457,false,עוגת הבית דמקה שוקו וניל אסם 320 גרם,מיוצר עי קונדיטוריית,,ע.הבית דמקה שוקוניל,,320.00,100 גרם,false,1,17.90,5.59,true,1,23147
7290105693952,false,פירורית זהב אסם זהב שומשום 200 ג',מיוצר עי קונדיטוריית,,פירורית זהב,,200.00,100 גרם,false,1,7.90,3.95,true,1,23640
7290105695024,false,פתיתים אפויים אורז עם אטריות אסם 500 גרם,"אסם השקעות בע""\מ",,פתיתים אורז ואטריות,,500.00,100 גרם,false,1,11.00,2.20,false,1,24030
7290105695321,false,עוגת הבית בראוניס פאדג' אסם 380 גרם,מיוצר עי קונדיטוריית,,ע.הבית בראוניס פאדג,,380.00,100 גרם,false,1,22.50,5.92,true,1,14496
7290105695895,false,עוגת הבית דמקה דבש אסם 320 גרם,"אסם תעשיות בע""מ",,עוגת דבש דמקה,,320.00,100 גרם,false,1,17.00,5.31,true,1,11599
=======
7290105693341,false,מארז עשיריית במבה אסם 25*10 גרם,קבוצת אוסם סחר שותפות מוגבלת,,מארז במבה 25 גר*10,,250.00,100 גרם,false,1,19.90,7.96,true,1,21391
7290105693457,false,עוגת הבית דמקה שוקו וניל 320 גר`בחושות,קבוצת אוסם סחר שותפות מוגבלת,,ע.הבית דמקה שוקוניל,,320.00,100 גרם,false,1,17.90,5.59,true,1,23147
7290105693952,false,פירורית זהב אסם זהב שומשום 200 ג',קבוצת אוסם סחר שותפות מוגבלת,,פירורית זהב,,200.00,100 גרם,false,1,7.90,3.95,true,1,23640
7290105695024,false,פתיתים אפויים אורז עם אטריות אסם 500 גרם,קבוצת אוסם סחר שותפות מוגבלת,,פתיתים אורז ואטריות,,500.00,100 גרם,false,1,11.00,2.20,false,1,24030
7290105695321,false,עוגת הבית בראוניס פאדג' אסם 380 גרם,קבוצת אוסם סחר שותפות מוגבלת,,ע.הבית בראוניס פאדג,,380.00,100 גרם,false,1,22.50,5.92,true,1,14496
7290105695895,false,עוגת הבית דמקה דבש אסם (320 גרם),קבוצת אוסם סחר-שות.מוגבלת,,עוגת דבש דמקה,,320.00,100 גרם,false,1,17.00,5.31,true,1,11599
>>>>>>> d048ac2f4f281c9d788043ab4e81b61b0dbe3743
7290105790262,false,מי פז 1 ליטר 17יח,Unknown,,מי פז 1 ליטר 17יח,,1.00,1 ליטר,false,1,10.90,10.90,true,1,11628
7290105791573,false,תמיסת אוראה 4 ל,Unknown,,תמיסת אוראה 4 ל,,4.00,1 ליטר,false,1,20.00,5.00,true,1,19975
7290105961525,false,שוק.ספלנדיד מריר85% 100ג,"שטראוס גרופ בע""\מ",,ספלנדיד ש.מריר 85%,,100.00,100 גרם,false,1,12.90,12.90,true,1,14833
7290105962980,false,כרוב אדום במיונז 400 ג' אחלה,מיוצר עי קונדיטוריית,,אחלה כרוב אדום 400ג,,400.00,100 גרם,false,1,13.50,3.38,true,1,15872
7290105963000,false,סלט מטבוחה 400 ג' אחלה,מיוצר עי קונדיטוריית,,אחלה מטבוחה 400 גר,,400.00,100 גרם,false,1,13.00,3.25,true,1,17106
7290105964564,false,חומוס אחלה 400 גרם. שטראוס,שטראוס גרופ בעמ/מצונן,,חומוס אחלה 400 גר,,400.00,100 גרם,false,1,10.00,2.50,true,1,17107
7290105965738,false,יוגורט לשתיה בטעם תות בננה267 ג' דנונה,שטראוס גרופ בעמ/מצונן,,דנונה משקה תות בננה,,267.00,100 גרם,false,1,6.40,2.40,true,1,13053
7290105968654,false,רביולי עם בטטה פרווה שטראוס (400 גרם),שטראוס גרופ בעמ/מצונן,,רביולי בטטה פרווה,,400.00,100 גרם,false,1,24.00,6.00,true,1,24001
7290105968777,false,פריכיות 5 דגנים עם תחתית שוקולד מריר 70 גרם,"טחנת האבן תעשיות בע""",,פ.אנרגי שוקלד מריר,,70.00,100 גרם,false,1,9.90,14.14,true,1,12248
7290105990631,false,סלט ירקות יווני,Unknown,,סלט ירקות יווני,,320.00,100 גרם,false,1,23.00,7.19,true,1,14773
7290105990662,false,ס. ירקות וטונה כשלפ,Unknown,,ס. ירקות וטונה כשלפ,,330.00,100 גרם,false,1,23.00,6.97,true,1,14774
7290106262669,false,מגבונים נשטפים באסלה,Unknown,,מגבונים נשטפים באסלה,,60.00,יחידה,false,1,9.00,0.15,true,1,16319
7290106413139,false,סוכריות גומי בננה אר,פיני גולוסינאס אספני,,סוכריות גומי בננה,,200.00,100 גרם,false,1,12.90,6.45,true,1,14470
7290106413146,false,סוכריות גומי דובי מו,פיני גולוסינאס אספני,,גומי דובנים מוברק,,200.00,100 גרם,false,1,12.90,6.45,true,1,21544
7290106413160,false,סוכריות גומי לב אפרס,פיני גולוסינאס אספני,,לב אפרסק גומי,,200.00,100 גרם,false,1,12.90,6.45,true,1,18890
7290106413290,false,ממתק חמוץ ומסוכר בטע,פיני גולוסינאס אספני,,שטיח תות ופטל,,78.00,100 גרם,false,1,10.90,13.97,true,1,22520
7290106413351,false,שטיחים חמוץ טעם תות,Unknown,,שטיחים חמוץ טעם תות,,78.00,100 גרם,false,1,10.50,13.46,true,1,14468
7290106413795,false,סוכריות לקריץ אבטיח,פיני גולוסינאס אספני,,לקריץ אבטיח מסוכר150,,150.00,100 גרם,false,1,10.90,7.27,true,1,14467
7290106413818,false,גלי בינס 100 גר,Unknown,,גלי בינס 100 גר,,100.00,100 גרם,false,1,7.50,7.50,true,1,14473
7290106520066,false,"רבע לשבע שוקולד חלב במילוי אגוזים עלית 160 גרם בד""צ","הגביע מוצרי וופלים בע""\מ",,רבע לשבע,,150.00,100 גרם,false,1,14.50,9.67,true,1,11895
<<<<<<< HEAD
7290106520912,false,"שמנת 9% לבישול יטבתה 250 מ""ל מהדרין",שטראוס גרופ,,יטבתה ש.לבישול 9%,,250.00,"100 מ""ל",false,1,8.30,3.32,true,1,24048
=======
7290106520912,false,שמנת לבישול 9% שומן 258גר מהדרין יטבתה,שטראוס גרופ בעמ/מצונן,,יטבתה ש.לבישול 9%,,250.00,"100 מ""ל",false,1,8.30,3.32,true,1,24048
>>>>>>> d048ac2f4f281c9d788043ab4e81b61b0dbe3743
7290106524439,false,"תפוצ'יפס פופס 60 גרם ""עלית""","שטראוס פריטו ליי בע""\מ )",,תפוציפס פופס,,50.00,100 גרם,false,1,5.90,11.80,true,1,16626
7290106525368,false,גלילי וופל רבע לשבע אין סייד אוט 125 גר,"הגביע מוצרי וופלים בע""\מ",,רבע שבע שחור לבן,,125.00,100 גרם,false,1,14.50,11.60,true,1,12767
7290106525405,false,קפסולות קפה עלית נטול קפאין אספרסו) (10,שטראוס קפה בי.וי.,,קפסולות נטול קפאין,,1.00,יחידה,false,1,16.50,16.50,true,1,23560
7290106526822,false,פריכיות אורז חום מלא תחתית שוקולד חלב 80 גרם,"טחנת האבן תעשיות בע""",,פ.אנרגי ת.ש.חלב,,80.00,100 גרם,false,1,9.90,12.38,true,1,12948
7290106527386,false,אנרגי פריכיות מצופות שוקולד חלב 70ג,"שטראוס גרופ בע""\מ",,פרכיות אנרגי מצופות,,70.00,100 גרם,false,1,9.90,14.14,true,1,12947
<<<<<<< HEAD
7290106528567,false,"דוריטוס גריל 185 גרם ""עלית""","שטראוס פריטו ליי בע""\מ )",,דוריטוס גריל 185,,185.00,100 גרם,false,1,12.70,6.86,true,1,16408
7290106528628,false,"דוריטוס טבעי 185 גרם ""עלית""","שטראוס פריטו ליי בע""\מ )",,דוריטוס טבעי 185,,185.00,100 גרם,false,1,12.70,6.86,true,1,17798
=======
7290106528567,false,חטיף תירס גריל דוריטוס (185 גרם),"שטראוס פריטו ליי בע""\מ )",,דוריטוס גריל 185,,185.00,100 גרם,false,1,12.70,6.86,true,1,16408
7290106528628,false,חטיף תירס בטעם טבעי דוריטוס (185 גרם),"שטראוס פריטו ליי בע""\מ )",,דוריטוס טבעי 185,,185.00,100 גרם,false,1,12.70,6.86,true,1,17798
>>>>>>> d048ac2f4f281c9d788043ab4e81b61b0dbe3743
7290106570023,false,"שטוחים שומשום כשל""פ 250ג","אסם השקעות בע""\מ",,ב.שטוחים שומשום כשלפ,,250.00,100 גרם,false,1,16.90,6.76,true,1,11950
7290106570177,false,בייגלה שטוחים מלח 250 גר,"אסם השקעות בע""\מ",,ב.שטוחים מלח 250גר,,250.00,100 גרם,false,1,16.90,6.76,true,1,11949
7290106571037,false,"מאגדת גומיגם 5יח כשל""פ",נגה גלידות שותפות מוגבלת,,גומיגם 5 יח מאגדת,,450.00,100 גרם,false,1,30.90,6.87,true,1,12975
7290106571563,false,אפרופו משפחתי 200 גר',"אסם השקעות בע""\מ",,אפרופו 200 גר,,200.00,100 גרם,false,1,16.50,8.25,true,1,23989
7290106571792,false,קרחון ענבים ויטמנציק נסטלה,גלידות נסטלה )נגה גלידות,,קרחון ויטמינציק ענב,,80.00,100 גרם,false,1,4.00,5.00,true,1,12117
<<<<<<< HEAD
7290106573628,false,צבר חומוס עם טחינה 400 גרם,סלטי צבר,,צבר חומוס עם טחינה,,400.00,100 גרם,false,1,15.90,3.98,true,1,23995
7290106573642,false,חומוס צנובר צבר 400 גרם,סלטי צבר,,צבר חומוס צנובר400גר,,400.00,100 גרם,false,1,16.50,4.12,true,1,24023
7290106574120,false,שלגון שרבט סוכריות גומיגם נסטלה 90 גרם,גלידות נסטלה )נגה גלידות,,גומיגם חדש,,90.00,100 גרם,false,1,10.90,12.11,true,1,13156
7290106574953,false,בייגלה שטוחים כעכים שטוחים עם שומשום,מיוצר עי קונדיטוריית,,שטוחים שומשום 300ג,,300.00,100 גרם,false,1,14.50,4.83,true,1,12692
7290106574977,false,בייגלה שטוחים כעכים שטוחים עם מלח,מיוצר עי קונדיטוריית,,בייגלה שטוחים 300ג,,300.00,100 גרם,false,1,14.50,4.83,true,1,12666
7290106576223,false,"אפרופו שוקולד 40 גרם ""אסם""",מיוצר עי קונדיטוריית,,אפרופו שוקולד 40גר,,40.00,100 גרם,false,1,8.00,20.00,true,1,15298
7290106576513,false,סלט חומוס צבר 400 גר,סלטי צבר,,צבר חומוס 400 גרם,,400.00,100 גרם,false,1,13.50,3.38,true,1,24024
7290106576537,false,חומוס מסעדות צבר 700 גרם,סלטי צבר,,צבר חומוס 700ג,,700.00,100 גרם,false,1,17.00,2.43,true,1,23997
7290106576995,false,גלידה סורבה לה קרמריה תות מנגו לייט 1.4 ל' נסטלה,גלידות נסטלה )נגה גלידות,,לה קרמריה לייט סורבה,,1.40,1 ליטר,false,1,26.90,19.21,true,1,22786
7290106577282,false,טחינה אמיתית מרובע 400 ג' צבר,סלטי צבר,,צבר טחינה מרובע400,,400.00,100 גרם,false,1,16.50,4.12,true,1,23053
7290106577480,false,צבר חציל על האש בטחינה מרובע 400גרם,סלטי צבר,,צבר חציל על האש400,,400.00,100 גרם,false,1,15.90,3.98,true,1,23068
7290106577503,false,חציל במיונז מרובע 400גרם,סלטי צבר,,צבר חציל במיונז 400ג,,400.00,100 גרם,false,1,16.50,4.12,true,1,23052
7290106577541,false,צבר כרוב אדום מרובע 400גרם,סלטי צבר,,צבר כרוב אדום 400,,400.00,100 גרם,false,1,16.50,4.12,true,1,23999
7290106578692,false,ביסלי במבה מיקס מהדורת אליפות אסם 80 גרם,פרו מן יו פתרונות אר,,במבה ביסלי מיקס 80,,80.00,100 גרם,false,1,7.90,9.88,true,1,13139
7290106578821,false,עוגת הבית שמרים קלאסית שוקולד אסם 350 גרם,מיוצר עי קונדיטוריית,,עוגת הבית שמרים שוקו,,350.00,100 גרם,false,1,22.50,6.43,true,1,14090
=======
7290106573628,false,חומוס עם טחינה צבר (400 גרם),קבוצת אוסם סחר שותפות מוגבלת,,צבר חומוס עם טחינה,,400.00,100 גרם,false,1,15.90,3.98,true,1,23995
7290106573642,false,חומוס צנובר צבר 400 גרם,קבוצת אוסם סחר שותפות מוגבלת,,צבר חומוס צנובר400גר,,400.00,100 גרם,false,1,16.50,4.12,true,1,24023
7290106574120,false,שלגון שרבט סוכריות גומיגם נסטלה 90 גרם,נגה גלידות שותפות מוגבלת,,גומיגם חדש,,90.00,100 גרם,false,1,10.90,12.11,true,1,13156
7290106574953,false,בייגלה שטוחים כעכים שטוחים עם שומשום,קבוצת אוסם סחר שותפות מוגבלת,,שטוחים שומשום 300ג,,300.00,100 גרם,false,1,14.50,4.83,true,1,12692
7290106574977,false,בייגלה שטוחים טבעות עם מלח אסם (300 גרם),קבוצת אוסם סחר שותפות מוגבלת,,בייגלה שטוחים 300ג,,300.00,100 גרם,false,1,14.50,4.83,true,1,12666
7290106576223,false,"אפרופו שוקולד 40 גרם ""אסם""",קבוצת אוסם סחר שותפות מוגבלת,,אפרופו שוקולד 40גר,,40.00,100 גרם,false,1,8.00,20.00,true,1,15298
7290106576513,false,סלט רק חומוס צבר 400 גרם,קבוצת אוסם סחר שותפות מוגבלת,,צבר חומוס 400 גרם,,400.00,100 גרם,false,1,13.50,3.38,true,1,24024
7290106576537,false,חומוס מסעדות צבר 700 גרם,קבוצת אוסם סחר שותפות מוגבלת,,צבר חומוס 700ג,,700.00,100 גרם,false,1,17.00,2.43,true,1,23997
7290106576995,false,גלידה סורבה לה קרמריה תות מנגו לייט 1.4 ל' נסטלה,נגה גלידות שותפות מוגבלת,,לה קרמריה לייט סורבה,,1.40,1 ליטר,false,1,26.90,19.21,true,1,22786
7290106577282,false,טחינה אמיתית מרובע 400 ג' צבר,קבוצת אוסם סחר-שות.מוגבלת,,צבר טחינה מרובע400,,400.00,100 גרם,false,1,16.50,4.12,true,1,23053
7290106577480,false,צבר חציל על האש בטחינה מרובע 400גרם,קבוצת אוסם סחר-שות.מוגבלת,,צבר חציל על האש400,,400.00,100 גרם,false,1,15.90,3.98,true,1,23068
7290106577503,false,סלט חציל במיונז צבר 400 גרם,קבוצת אוסם סחר-שות.מוגבלת,,צבר חציל במיונז 400ג,,400.00,100 גרם,false,1,16.50,4.12,true,1,23052
7290106577541,false,צבר כרוב אדום מרובע 400גרם,קבוצת אוסם סחר-שות.מוגבלת,,צבר כרוב אדום 400,,400.00,100 גרם,false,1,16.50,4.12,true,1,23999
7290106578692,false,ביסלי במבה מיקס מהדורת אליפות אסם 80 גרם,קבוצת אוסם סחר שותפות מוגבלת,,במבה ביסלי מיקס 80,,80.00,100 גרם,false,1,7.90,9.88,true,1,13139
7290106578821,false,עוגת הבית שמרים קלאסית שוקולד אסם 350 גרם,קבוצת אוסם סחר שותפות מוגבלת,,עוגת הבית שמרים שוקו,,350.00,100 גרם,false,1,22.50,6.43,true,1,14090
>>>>>>> d048ac2f4f281c9d788043ab4e81b61b0dbe3743
7290106650930,false,קפה טורקי עלית שקית 85 גרם,שטראוס קפה בי.וי.,,טורקי 85 גרם,,85.00,100 גרם,false,1,8.90,10.47,false,1,22693
7290106652996,false,כיף כף מקלות קוקוס חלבי 40 גר',סולן בעבור שטראוס,,כיף כף מקלות קוקוס,,40.00,100 גרם,false,1,7.00,17.50,true,1,12602
7290106653504,false,סבבה בוטנים אמריקאים ברביקיו 50 גרם,שטראוס פריטו ליי בע`מ,,סבבה בוטנים ברבקיו,,50.00,100 גרם,false,1,3.00,6.00,true,1,12802
7290106656512,false,וופל טורטית עם קרם ש,שטראוס גרופ,,בפלות טורטית 360 גרם,,360.00,100 גרם,false,1,19.90,5.53,true,1,13554
7290106658479,false,עלית וופל בטעם טורטית אגוזים 360גר,"שטראוס גרופ בע""\מ",,טורטית 40 גר,,40.00,100 גרם,false,1,6.90,17.25,true,1,15108
7290106660649,false,חטיף ציטוס קראנץ בוט,"שטראוס פריטו ליי בע""\מ )",,ציטוס בוטנים,,80.00,100 גרם,false,1,6.60,8.25,true,1,15912
7290106662025,false,תפוציפס טבעי מלח ופלפל 50 גרם,שטראוס פריטו ליי בע`מ,,תפוציפס טבעי 50גרם,,50.00,100 גרם,false,1,5.90,11.80,true,1,15711
7290106662223,false,"אפיפיות שוקולד לל""ג400ג","שטראוס גרופ בע""\מ",,אפיפיות ללג רבנות,,250.00,100 גרם,false,1,18.00,7.20,true,1,15545
7290106662384,false,בונ.איחולים מתוקים 42גרם,תופינית,,איחולים מתוקים 42,,42.00,100 גרם,false,1,12.00,28.57,true,1,13806
7290106662964,false,גומי יין סוכריות גומי מסוכרות בטעמי פירות,טופגאם תעשיות ממתקים,,סוכריות גומי יין,,100.00,100 גרם,false,1,6.90,6.90,true,1,14109
7290106663121,false,"עוגה אישית במילוי קרם חלב ""מילקי קייק"" שטראוס",בובארד איטליה אס.פי.איי,,מילקי CAKE,,34.00,100 גרם,false,1,4.00,11.76,true,1,14340
<<<<<<< HEAD
7290106664067,false,לאבנה עם שמן זית וזעתר 10% שטראוס 400 ג',הדקלאים אגודת שיתופי,,לאבנה שמן זית וזעתר,,400.00,100 גרם,false,1,17.50,4.38,true,1,19154
7290106664562,false,רוטב שמנת עם פטריות 9% שומן 258 ג' יוטבתה,שטראוס גרופ,,רוטב שמנת עם פטריות,,250.00,"100 מ""ל",false,1,11.50,4.60,true,1,24100
7290106667266,false,"דוריטוס חמוץ חריף 185 גרם ""עלית""","שטראוס פריטו ליי בע""\מ )",,דוריטוס חמוץ חריף,,185.00,100 גרם,false,1,12.70,6.86,true,1,16407
=======
7290106664067,false,לאבנה עם שמן זית וזעתר 10% שטראוס 400 ג',שטראוס גרופ בעמ/מצונן,,לאבנה שמן זית וזעתר,,400.00,100 גרם,false,1,17.50,4.38,true,1,19154
7290106664562,false,רוטב שמנת עם פטריות 9% שומן 258 ג' יוטבתה,שטראוס גרופ בעמ/מצונן,,רוטב שמנת עם פטריות,,250.00,"100 מ""ל",false,1,11.50,4.60,true,1,24100
7290106667266,false,חטיף תירס חמוץ חריף דוריטוס (185 גרם),"שטראוס פריטו ליי בע""\מ )",,דוריטוס חמוץ חריף,,185.00,100 גרם,false,1,12.70,6.86,true,1,16407
>>>>>>> d048ac2f4f281c9d788043ab4e81b61b0dbe3743
7290106669406,false,רבע לשבע מוס אגוזים100ג,"הגביע מוצרי וופלים בע""\מ",,מוס רבע לשבע אגוזים,,100.00,100 גרם,false,1,18.90,18.90,true,1,20277
7290106669857,false,קפסולות אספרסו בטעם וניל עלית 10 יחידות,הנסיך- מפעל לייצור ט,,עלית ת. נספרסו וניל,,10.00,יחידה,false,1,16.50,1.65,true,1,20896
7290106720626,false,חטיף תירס בטעם גבינה צ`יטוס (80 גרם),"שטראוס פריטו ליי בע""\מ )",,ציטוס גבינה 80 גר,,80.00,100 גרם,false,1,6.60,8.25,true,1,15913
7290106721906,false,מסטיק מאסט בזוקה צ`יקלט 66גר,שטראוס גרופ בעמ,,בזוקה צנצנת מסטיקים,,66.00,100 גרם,false,1,12.00,18.18,true,1,14103
7290106721913,false,מסטיק מאסט MUST ללא סוכר בטעם מנטה מרעננת,שטראוס גרופ בע`מ,,מאסט צנצנת ריח פה,,66.00,100 גרם,false,1,12.00,18.18,true,1,14102
7290106721920,false,צנצנת מסטיק מאסט בטעם ספירמינט עדין 66 ג' עלית,"שטראוס גרופ בע""\מ.",,מאסט צנצנת ספרמנט,,66.00,100 גרם,false,1,12.00,18.18,true,1,14104
7290106724419,false,"עוגיות חיוכים וניל 150 גרם ""עלית""",אפיפית נצרת תעשיות ב,,חיוכים וניל בדצ,,150.00,100 גרם,false,1,6.00,4.00,true,1,24003
7290106724990,false,חטיף שוקולד טורטית ל,Unknown,,טורטית לבן 40 גר,,40.00,100 גרם,false,1,6.90,17.25,true,1,15106
7290106725966,false,מטבעות שוקולד חלבי עלית מגדים 42 גרם,STRAUSS-ISRAEL,,מטבעות שוקולד חלב,,42.00,100 גרם,false,1,6.90,16.43,true,1,14424
7290106727984,false,"כיף כף פצפצים בגביע 135 גרם ""עלית""",שולן צ'\יקולטה גידה סאן.,,כיףכף גביע פצפצים135,,135.00,100 גרם,false,1,14.90,11.04,true,1,15135
7290106728127,false,חלב טבעי 3.6% יטבתה (1 ליטר),שטראוס גרופ בעמ/מצונן,,יטבתה חלב טבעי בקבוק,,1.00,1 ליטר,false,1,8.50,8.50,true,1,14530
7290106729421,false,עוגת בראוניז טורטית380ג,"שטראוס גרופ בע""\מ",,ע.בראוניז טורטית בדצ,,380.00,100 גרם,false,1,20.50,5.39,true,1,16226
7290107280112,false,סנו סופט נייר טואלט 24 גל.,Unknown,,נייר טואלט סופט 24יח,,24.00,יחידה,false,1,26.90,1.12,true,1,18256
<<<<<<< HEAD
7290107280723,false,נוזל לניקוי כלים סנו ספארק Spark בניחוח לימון רענן,סנו כימיקלים,,ספארק 700 לימון,,0.00,,false,1,10.90,0.00,true,1,23874
7290107280761,false,נוזל לניקוי כלים בניחוח לימון רענן סנו ספארק Spark,מיוצר עי קונדיטוריית,,ספארק משאבה לימון 1ל,,0.00,,false,1,13.90,0.00,true,1,23875
7290107646147,false,"חטיף שוגי קורנפלקס תלמה 156 גרם מארז 6 יחידות בד""צ",יוניליוור ישראל מזון בעמ,,מ.שוגי קורנפלקס שישה,,156.00,100 גרם,false,1,18.00,11.54,true,1,17184
7290107646826,false,"חטיף שוגי שוקו תלמה 156 גרם מארז 6 יחידות בד""צ",יוניליוור ישראל מזון בעמ,,מ.שוגי בטעם שוקו,,156.00,100 גרם,false,1,18.00,11.54,true,1,17185
7290107646833,false,תלמה שוגי חטיף דגנים פצפוצי שוקולד שישי,יוניליוור ישראל מזון בעמ,,מ.שוגי עם שוקולד לבן,,138.00,100 גרם,false,1,18.00,13.04,true,1,19501
7290107647625,false,מאגדת קורנטו וניל כשר לפ,"מיוצר ע""\י גלידת שטראוס",,מאגדת קורנטו כשלפ,,315.00,100 גרם,false,1,36.00,11.43,true,1,18188
7290107647632,false,קורנטו וניל כשר לפסח,"גלידת שטראוס בע""\מ, רח'\",,טילון קונטו וניל,,63.00,100 גרם,false,1,10.00,15.87,true,1,18189
=======
7290107280723,false,נוזל לניקוי כלים סנו ספארק Spark בניחוח לימון רענן,החברה הדרומית לשיווק בעמ,,ספארק 700 לימון,,0.00,,false,1,10.90,0.00,true,1,23874
7290107280761,false,נוזל לניקוי כלים בניחוח לימון רענן סנו ספארק Spark,החברה הדרומית לשיווק בעמ,,ספארק משאבה לימון 1ל,,0.00,,false,1,13.90,0.00,true,1,23875
7290107646147,false,"חטיף שוגי קורנפלקס תלמה 156 גרם מארז 6 יחידות בד""צ",יוניליוור ישראל שיווק בע`מ,,מ.שוגי קורנפלקס שישה,,156.00,100 גרם,false,1,18.00,11.54,true,1,17184
7290107646826,false,"חטיף שוגי שוקו תלמה 156 גרם מארז 6 יחידות בד""צ",יוניליוור ישראל שיווק בע`מ,,מ.שוגי בטעם שוקו,,156.00,100 גרם,false,1,18.00,11.54,true,1,17185
7290107646833,false,תלמה שוגי חטיף דגנים פצפוצי שוקולד שישי,יוניליוור ישראל שיווק בע`מ,,מ.שוגי עם שוקולד לבן,,138.00,100 גרם,false,1,18.00,13.04,true,1,19501
7290107647625,false,מאגדת קורנטו וניל כשר לפ,"מיוצר ע""\י גלידת שטראוס",,מאגדת קורנטו כשלפ,,315.00,100 גרם,false,1,36.00,11.43,true,1,18188
7290107647632,false,קורנטו מעדן קפוא טעם וניל,"גלידת שטראוס בע""\מ, רח'\",,טילון קונטו וניל,,63.00,100 גרם,false,1,10.00,15.87,true,1,18189
>>>>>>> d048ac2f4f281c9d788043ab4e81b61b0dbe3743
7290107647649,false,"סולרו פרוט בוסט יחידתי קוקוס אננס 89מ""ל","גלידת שטראוס בע""\מ",,סולרו קוקוס אננס יח,,62.00,100 גרם,false,1,8.90,14.35,true,1,18086
7290107647656,false,סולרו פרוט בוסט - קוקוס אננס (פרווה),"מיוצר ע""\י גלידת שטראוס",,מיני סולרו קו-אננס,,500.00,"100 מ""ל",false,1,27.00,5.40,true,1,18051
7290107647854,false,"שוגי מופחת סוכר תלמה 500 ג' בד""צ",יוניליוור ישראל שיווק בע`מ,,שוגי 20% מופחת סוכר,,500.00,100 גרם,false,1,25.90,5.18,true,1,23701
7290107649681,false,טילון פסק זמן - נוגט קראנץ',"מיוצר ע""\י גלידת שטראוס",,קורנטו פסק זמן,,64.00,100 גרם,false,1,10.00,15.62,true,1,18295
7290107649780,false,שלגון שוקובו שוקו 85,"מיוצר ע""\י גלידת שטראוס",,שוקובו שוקו,,85.00,100 גרם,false,1,11.50,13.53,false,1,18300
7290107649858,false,טילון סופר מגנום וניל ושוקלד לבן,"מיוצר ע""\י גלידת שטראוס",,טילון מגנום לבן,,100.00,100 גרם,false,1,12.50,12.50,true,1,18548
7290107865203,false,סמארט 4500 שאיפות אב,shenzhen shengsi,,סמארט אבטיח אייס,,0.00,,false,1,119.90,0.00,false,1,22211
7290107865234,false,סמארט 4500 שאיפות תו,shenzhen shengsi,,סמארט תות אייס,,0.00,,false,1,119.90,0.00,false,1,22212
7290107865241,false,סמארט 4500 שאיפות מנ,shenzhen shengsi,,סמארט מנגו אייס,,0.00,,false,1,119.90,0.00,false,1,22213
7290107865258,false,סמארט 4500 שאיפות ענ,shenzhen shengsi,,סמארט ענבים אייס,,0.00,,false,1,119.90,0.00,false,1,22214
<<<<<<< HEAD
7290107870047,false,טילון אקסטרים115-120 גרם ענק נסטלה 120 גרם,תות תעשיות מזון (201,,אקסטרים ענק בראוניז,,120.00,100 גרם,false,1,12.90,10.75,true,1,13779
7290107871532,false,מאגדת קרחוני מלון דובדבן נסטלה 10 יחידות,גלידות נסטלה )נגה גלידות,,מאגדת קרחונים דובדבן,,750.00,100 גרם,false,1,19.90,2.65,true,1,14257
7290107871600,false,בונז'ור חלה קלועה מקמח 560*15,בונז'ור,,חלה קלועה חיטה מלא,,560.00,100 גרם,false,1,14.00,2.50,true,1,21793
7290107871723,false,"פיטנס פריכיות גדולות שוקולד חלב 100 גרם כשל""פ",מיוצר עי קונדיטוריית,,פיטנס פריכ שו כלפ,,100.00,100 גרם,false,1,10.90,10.90,true,1,17018
7290107871990,false,"פסטה צינורות 500 גרם ""אסם""",פסטה זארה,,פסטה צינורות אסם,,500.00,100 גרם,false,1,7.00,1.40,false,1,22767
7290107879521,false,קרחון לה פרוטה שרבט תות מאגדת 5יח',גלידות נסטלה )נגה גלידות,,מאגדת להפרוטה תות,,350.00,100 גרם,false,1,27.90,7.97,true,1,16963
7290107879569,false,קרחון לה פרוטה שרבט מנגו מאגדת 5יח',גלידות נסטלה )נגה גלידות,,מאגדת להפרוטה מנגו,,350.00,100 גרם,false,1,27.90,7.97,true,1,16964
7290107879620,false,קרחון שרבט מלון תפוח לה פרוטה נסטלה 70 גרם,גלידות נסטלה )נגה גלידות,,לה פרוטה תפוח מלון,,70.00,100 גרם,false,1,9.90,14.14,true,1,14807
7290107879644,false,שלגון לה פרוטה תמר פקאן נסטלה 70ג',המאפיה של הרמן,,לה פרוטה בננה תמר,,70.00,100 גרם,false,1,9.90,14.14,true,1,14808
7290107879668,false,קרחון שרבט תות לה פרוטה נסטלה 70 גרם,גלידות נסטלה )נגה גלידות,,לה פרוטה שלגון תות,,70.00,100 גרם,false,1,9.90,14.14,true,1,14737
7290107879699,false,קרחון שרבט מנגו לה פרוטה נסטלה 70 גרם,גלידות נסטלה )נגה גלידות,,לה פרוטה שלגון מנגו,,70.00,100 גרם,false,1,9.90,14.14,true,1,14738
=======
7290107870047,false,טילון אקסטרים115-120 גרם ענק נסטלה 120 גרם,נגה גלידות שותפות מוגבלת,,אקסטרים ענק בראוניז,,120.00,100 גרם,false,1,12.90,10.75,true,1,13779
7290107871532,false,מאגדת קרחוני מלון דובדבן נסטלה 10 יחידות,נגה גלידות שותפות מוגבלת,,מאגדת קרחונים דובדבן,,750.00,100 גרם,false,1,19.90,2.65,true,1,14257
7290107871600,false,חלה קלועה מקמח חיטה מלא בונז`ור,קבוצת אסם סחר שות. מוגבלת,,חלה קלועה חיטה מלא,,560.00,100 גרם,false,1,14.00,2.50,true,1,21793
7290107871723,false,"פיטנס פריכיות גדולות שוקולד חלב 100 גרם כשל""פ",קבוצת אוסם סחר-שות.מוגבלת,,פיטנס פריכ שו כלפ,,100.00,100 גרם,false,1,10.90,10.90,true,1,17018
7290107871990,false,פסטה צינורות מהדרין אסם (500 גרם),קבוצת אוסם סחר שותפות מוגבלת,,פסטה צינורות אסם,,500.00,100 גרם,false,1,7.00,1.40,false,1,22767
7290107879521,false,קרחון לה פרוטה שרבט תות מאגדת 5יח',נגה גלידות שותפות מוגבלת,,מאגדת להפרוטה תות,,350.00,100 גרם,false,1,27.90,7.97,true,1,16963
7290107879569,false,קרחון לה פרוטה שרבט מנגו מאגדת 5יח',נגה גלידות שותפות מוגבלת,,מאגדת להפרוטה מנגו,,350.00,100 גרם,false,1,27.90,7.97,true,1,16964
7290107879620,false,קרחון שרבט מלון תפוח לה פרוטה נסטלה 70 גרם,גלידות נסטלה )נגה גלידות,,לה פרוטה תפוח מלון,,70.00,100 גרם,false,1,9.90,14.14,true,1,14807
7290107879644,false,שלגון לה פרוטה תמר פקאן נסטלה 70ג',המאפיה של הרמן,,לה פרוטה בננה תמר,,70.00,100 גרם,false,1,9.90,14.14,true,1,14808
7290107879668,false,קרחון שרבט תות לה פרוטה נסטלה 70 גרם,נגה גלידות שותפות מוגבלת,,לה פרוטה שלגון תות,,70.00,100 גרם,false,1,9.90,14.14,true,1,14737
7290107879699,false,קרחון שרבט מנגו לה פרוטה נסטלה 70 גרם,נגה גלידות שותפות מוגבלת,,לה פרוטה שלגון מנגו,,70.00,100 גרם,false,1,9.90,14.14,true,1,14738
>>>>>>> d048ac2f4f281c9d788043ab4e81b61b0dbe3743
7290107879712,false,שלגון לה פרוטה פירות אדומים 70 גרם,נסטלה גלידות,,לה פרוטה פ.אדומים,,70.00,100 גרם,false,1,8.90,12.71,true,1,14739
7290107931397,false,כיף כף פצפוצים במילוי שוקולד 40 גרם,שולן צ'\יקולטה גידה סאן.,,כיף כף פצפצים 40 גר,,40.00,100 גרם,false,1,7.00,17.50,true,1,14938
7290107931465,false,אנרגי פריכיות תחתית שוקולד לבן 80 גרם,"שטראוס גרופ בע""\מ",,אנרגי פ.שוקולד לבן,,70.00,100 גרם,false,1,9.90,14.14,true,1,14626
7290107932080,false,חלב מועשר יוטבתה בבקבוק 3% 1 ליטר,שטראוס גרופ בעמ/מצונן,,חלב בקבוק 3% מועשר,,1.00,1 ליטר,false,1,8.50,8.50,true,1,14532
7290107932127,false,חלב מועשר2% בקבוק 1ליטר,STRAUSS-ISRAEL,,חלב בבקבוק 2% מועשר,,1.00,1 ליטר,false,1,8.50,8.50,true,1,23248
7290107932134,false,חלב מועשר יוטבתה בבקבוק 1% 1 ליטר,שטראוס גרופ בעמ/מצונן,,חלב בקבוק 1% מועשר,,1.00,1 ליטר,false,1,8.50,8.50,true,1,14533
7290107932240,false,שוק.אקסטרה וניל+עוג100גר,שטראוס,,פרה אקסטרה ק.ועוגיות,,100.00,100 גרם,false,1,9.00,9.00,true,1,15220
7290107932271,false,שוק.אקסטרה תות+עוגיות100,שטראוס,,פרה אקסטרה ק.יוגורט,,100.00,100 גרם,false,1,9.00,9.00,true,1,15221
7290107933315,false,חלב 2% דל לקטוז בבקבוק יטבתה (1 ליטר),שטראוס גרופ בעמ/מצונן,,יטבתה חלב בבקבוק ד.ל,,1.00,1 ליטר,false,1,8.50,8.50,false,1,19156
7290107933643,false,"משקה חלב עם דגנים ובננה 250 מ""ל יוטבתה",מחלבת יטבתה,,ארוחה בבקבוק בננה,,250.00,"100 מ""ל",false,1,5.50,2.20,true,1,14812
7290107933650,false,ארוחה קטנה בבקבוק תות250,מחלבת יטבתה,,ארוחה בבקבוק תות,,250.00,"100 מ""ל",false,1,5.50,2.20,false,1,14813
7290107935999,false,ביסקוויט עד חצות חלב קרמל 190ג' עלית,"שטראוס גרופ בע""\מ",,עד חצות חלב מקורמל,,190.00,100 גרם,false,1,17.90,9.42,true,1,14694
7290107936309,false,דנונה יוגורט 7% יווני לבן 130 ג',שטראוס גרופ בעמ/מצונן,,דנונה יווני לבן,,120.00,100 גרם,false,1,3.70,3.08,true,1,19134
7290107936958,false,עד חצות ביסקוויט אצבעות שוקולד 125 גרם,ביסקוויטס טור ד'\אלבון,,מארז עד חצות אצבעות,,125.00,100 גרם,false,1,14.50,11.60,true,1,16413
7290107936965,false,עיגולים עד חצות עם שוקולד חלב 225 גר,ביסקווטרי עוגיות סנט,,מארז עד חצות עיגולים,,225.00,100 גרם,false,1,17.90,7.96,true,1,16414
7290107937627,false,מסטיק מאסט Must קוביות ללא סוכר בטעם מנטה עדינה,שטראוס גרופ בע`מ,,מאסט צנצנת ספירמינט,,58.00,100 גרם,false,1,12.00,20.69,true,1,15378
7290107937634,false,צנצנית מסטיק מאסט קוביות פפירמינט 58 ג' עלית,שטראוס גרופ בע`מ,,מאסט צנצנת פפירמינט,,58.00,100 גרם,false,1,12.00,20.69,true,1,15379
7290107937641,false,צנצנת קוביות בזוקה גומי לעיסה 58גר,שטראוס גרופ בע`מ,,מאסט צנצנת בזוקה,,58.00,100 גרם,false,1,12.00,20.69,true,1,15380
7290107937665,false,פרה מיני ביסקוויט,Unknown,,פרה מיני ביסקוויט,,20.00,100 גרם,false,1,3.10,15.50,true,1,19847
7290107938396,false,שמיניית אקטימל תות דיסני בנים 108 גרם,שטראוס גרופ בעמ/מצונן,,אקטימל שמיניה תות,,800.00,"100 מ""ל",false,1,26.00,3.25,true,1,23893
7290107939003,false,"עד חצות לבן אגוזים כשל""פ","שטראוס גרופ בע""\מ",,כשלפ עד חצות לבן,,190.00,100 גרם,false,1,17.90,9.42,true,1,15546
7290107940467,false,אקטיביה יוגורט קרמי 1.5% דנונה (200 גרם),שטראוס גרופ בעמ/מצונן,,אקטיביה 1.5%,,200.00,100 גרם,false,1,4.50,2.25,false,1,19157
7290107942355,false,תפוצ`יפס מקלות בטעם טבעי 60 גרם,שטראוס פריטו ליי בע`מ,,תפוציפס מקלות טבעי,,60.00,100 גרם,false,1,5.90,9.83,true,1,15454
7290107943048,false,ופל טורטית מוקטן 90,מיוצר עי קונדיטוריית,,וופל טורטית 90 גר,,90.00,100 גרם,false,1,6.90,7.67,true,1,15383
7290107944236,false,עוגת רולדה קרם קפה נ,Unknown,,עלית רולדה קפה נמס,,350.00,100 גרם,false,1,18.90,5.40,true,1,21600
7290107944243,false,אפיפיות בטעם שוקולד 200 גרם כשר לפסח,"שטראוס גרופ בע""\מ",,אפיפיות200 ג ל.גלוטן,,200.00,100 גרם,false,1,9.50,4.75,true,1,16297
7290107944366,false,גלילי וופל רבע לשבע,"הגביע מוצרי וופלים בע""\מ",,רבע לשבע לבן בדצ,,120.00,100 גרם,false,1,14.50,12.08,true,1,15698
7290107944410,false,חלב מועשר 1% יטבתה כד 2ל,שטראוס,,חלב 1% בקבוק,,2.00,1 ליטר,false,1,17.00,8.50,false,1,23249
7290107944472,false,סימפוניה גבינה במרקם שמנת 5% שום שמיר,שטראוס גרופ בעמ/מצונן,,סימפוניה שום שמיר 5%,,200.00,100 גרם,false,1,12.50,6.25,true,1,19135
7290107945332,false,בפלות טראפלס בדצ,Unknown,,בפלות טראפלס בדצ,,87.50,100 גרם,false,1,6.90,7.89,true,1,16195
7290107947466,false,אנרג'י מצופה טעמי 24*6ג,"שטראוס גרופ בע""\מ",,אנר מאגדת מ.טעמי,,168.00,100 גרם,false,1,16.00,9.52,true,1,24036
7290107947473,false,אנרגי תחתית פסק זמן24*6ג,"שטראוס גרופ בע""\מ",,אנרגי מאגדת פסק זמן,,198.00,100 גרם,false,1,16.00,8.08,true,1,17792
7290107947480,false,אנרגי חטיפי דגנים מצופה אגוזים ושוקולד 6,"שטראוס גרופ בע""\מ",,מ.מצופה שוקולד חלב,,168.00,100 גרם,false,1,16.00,9.52,true,1,18050
7290107947497,false,אנרגי תחתית פסז,Unknown,,אנרגי תחתית פסז,,33.00,100 גרם,false,1,5.00,15.15,true,1,17520
7290107947503,false,אנרגי מצופה שוקולד,Unknown,,אנרגי מצופה שוקולד,,28.00,100 גרם,false,1,5.00,17.86,true,1,17521
7290107947763,false,עדשים מיני לאפייה ולקישוט 130 גר`עלית,"שטראוס גרופ בע""\מ",,מיני עדשים לאפייה,,130.00,100 גרם,false,1,11.50,8.85,true,1,17154
7290107947992,false,שוקולד פרה אקסטרא חל,"שטראוס גרופ בע""\מ",,שוקולד אקסטרה חלב,,100.00,100 גרם,false,1,9.00,9.00,true,1,17591
7290107948029,false,שוק.אקסטרה צימוק+אגוז100,"שטראוס גרופ בע""\מ",,ש.אקסטרה צימוק ושקד,,100.00,100 גרם,false,1,9.00,9.00,true,1,17593
7290107950190,false,מעדן חלב דל קלוריות בטעם שוקולד מריר 0.5% שומן,שטראוס גרופ בעמ/מצונן,,מ.שטראוס דיאט שוקולד,,125.00,100 גרם,false,1,3.90,3.12,true,1,24055
7290107950206,false,מעדן דיאט שוקולד שטראוס 130 גרם,שטראוס גרופ בעמ/מצונן,,מ.שטראוס דיאט שוקולד,,125.00,100 גרם,false,1,3.90,3.12,true,1,24046
7290107951104,false,בפלות ופלים ארוכים בטעם שוקולד,"שטראוס גרופ בע""\מ",,בפלות שוקולד 200 גר,,200.00,100 גרם,false,1,6.00,3.00,true,1,15420
7290107951111,false,בפלות ופלים ארוכים בטעם לימון,שטראוס גרופ בע`מ,,בפלות לימון 200 גר,,200.00,100 גרם,false,1,6.00,3.00,true,1,15421
7290107951548,false,שוקולד בלונדי לבן קרמל ושקדים 100 גר`,"שטראוס גרופ בע""\מ",,בלונדי שוקולד שקדים,,100.00,100 גרם,false,1,10.00,10.00,true,1,16340
7290107951623,false,בלונדי שוקולד קרמל ומלח 100גר,"שטראוס גרופ בע""\מ",,בלונדי שוקולד קרמל,,100.00,100 גרם,false,1,10.00,10.00,true,1,16341
7290107951715,false,צנצנת מסטיק מאסט קוביות בטעם ענבים 58 ג' עלית,שטראוס גרופ בע`מ,,מאסט צנצנת ענבים,,58.00,100 גרם,false,1,12.00,20.69,true,1,15714
7290107954457,false,בראוניז פסק זמן 380 גרם,"שטראוס גרופ בע""\מ",,עוגת בראוניז פז בדצ,,380.00,100 גרם,false,1,20.50,5.39,true,1,16266
7290107954976,false,משקה חלב PRO עם קפה 1.5% 25 גרם חלבון בבקבוק,שטראוס גרופ בעמ/מצונן,,משקה יטבתה פ.קפה 350,,300.00,"100 מ""ל",false,1,7.50,2.50,true,1,16267
7290107956826,false,עוגיות שוקוצ'יפס לבן180ג,"שטראוס גרופ בע""\מ",,ע.שוקוציפס ת. לבן,,180.00,100 גרם,false,1,12.00,6.67,true,1,16300
7290107956833,false,עוגיות שוקוצ'יפס חלב180ג,"שטראוס גרופ בע""\מ",,ע.שוקוציפס ת. חלב,,180.00,100 גרם,false,1,12.00,6.67,true,1,16301
7290107956901,false,קפסולות בטעם אגוזים למכונת נספרסו עלית 10 יחידות,שטראוס קפה בי.וי.,,עלית ת.נספרסו א.לוז,,10.00,יחידה,false,1,16.50,1.65,true,1,20897
7290107956925,false,קפסולות 13 אוגנדה למכונת נספרסו עלית 10יח',שטראוס קפה בי.וי.,,עלית ת. נספרסו 13,,10.00,יחידה,false,1,16.50,1.65,true,1,20898
7290107956932,false,קפסולות אספרסו אידונזיה למכונות 50 גר,שטראוס קפה בי.וי.,,קפסולות 12 אינדונזיה,,10.00,יחידה,false,1,16.50,1.65,false,1,22905
7290107957991,false,מילקי CAKE מיניס קרם חלב בציפוי שוקולד חלב שקית 16X9ג',בובארד איטליה אס.פי.איי,,מילקי מינייס,,144.00,100 גרם,false,1,17.00,11.81,true,1,23633
7290107958523,false,רבע לשבע מוס חלבה 100גרם,"הגביע מוצרי וופלים בע""\מ",,מוס רבע לשבע חלבה,,100.00,100 גרם,false,1,18.90,18.90,true,1,20279
7290107958677,false,אצבעות שוקולד קרם חלב ו,"שטראוס גרופ בע""\מ",,א.שוקולד ועדשים,,96.00,100 גרם,false,1,10.00,10.42,true,1,22235
7290107973809,false,שימורי עגבניות קוביות 400 ג' מאסטר שף,פראנו אריקו ופיגלי ס.פ.א,,קוביות עגבניות 400גר,,400.00,100 גרם,false,1,7.00,1.75,true,1,17193
7290107974066,false,"עלי טורטיה קמח מלא 20ס""מ 8יח' מאסטר שף 320ג'",אלקאטי קורביישיסי גי,,עלי טורטיה 5 דגנים,,320.00,100 גרם,false,1,11.90,3.72,true,1,23363
7290108351613,false,סנו ריצפז פרש הום 2 ליטר בניחוח מלון חלומי,החברה הדרומית לשיווק בעמ,,ריצפז פרש הום 2ל,,2.00,1 ליטר,false,1,27.00,13.50,true,1,24101
7290108502220,false,"פחם אקולוגי 2 ק""ג וי","ג'לו השקעות בע""מ",,פחם גלו 2 קג,,2.00,"1 ק""ג",false,1,20.00,10.00,true,1,18580
<<<<<<< HEAD
7290108509359,false,פופקורן בציפוי בטעם קרמל ויליפוד 90 גרם,סנרו ס.א,,פופקורן צ.קרמל 90ג,,90.00,100 גרם,false,1,8.90,9.89,true,1,22430
7290108509700,false,"אורז פרסי DAAWAT מהדרין 1 ק""ג",אל.טי.פודס לימיטד,,אורז פרסי 1 קג,,1.00,"1 ק""ג",false,1,10.90,10.90,false,1,24146
7290108509946,false,"טורטייה 15 ס""מ קוטר 250 גר",מוטלוקל גידה סאנאי טיקרט,,טורטייה 250 גרם,,250.00,100 גרם,false,1,5.90,2.36,false,1,22265
7290108509960,false,נתחי טונה בהירה בשמן זית כתית מעולה - מארז 3 יח',וילי פוד,,טונה ש.זית שלישייה,,80.00,100 גרם,false,1,15.90,19.88,false,1,22266
=======
7290108509359,false,פופקורן בציפוי בטעם קרמל ויליפוד 90 גרם,ג. וילי-פוד אינטרנשיונל בע`מ,,פופקורן צ.קרמל 90ג,,90.00,100 גרם,false,1,8.90,9.89,true,1,22430
7290108509700,false,אורז פרסי 1 קג`DAAWAT וילי פוד,ג. וילי-פוד אינטרנשיונל בע`מ,,אורז פרסי 1 קג,,1.00,"1 ק""ג",false,1,10.90,10.90,false,1,24146
7290108509946,false,"טורטייה 15 ס""מ קוטר 250 גר",ג. וילי-פוד אינטרנשיונל בע`מ,,טורטייה 250 גרם,,250.00,100 גרם,false,1,5.90,2.36,false,1,22265
7290108509960,false,נתחי טונה בהירה בשמן זית כתית מעולה - מארז 3 יח',ג. וילי-פוד אינטרנשיונל בע`מ,,טונה ש.זית שלישייה,,80.00,100 גרם,false,1,15.90,19.88,false,1,22266
>>>>>>> d048ac2f4f281c9d788043ab4e81b61b0dbe3743
7290108941050,false,כריך בלחמניה טריפל 225ג,Unknown,,עינת טריפל בשר שמינ,,220.00,100 גרם,false,1,18.00,8.18,true,1,15391
7290108941067,false,כריך בלחמניה שקשוקה 220,Unknown,,כריך שקשוקה,,220.00,100 גרם,false,1,18.00,8.18,true,1,15392
7290108941074,false,טוסט גבינה ופטריות 200 ג,Unknown,,טוסט גבינה ופטריות,,200.00,100 גרם,false,1,18.00,9.00,true,1,15947
7290108941203,false,כריך בלחמניה שניצל 270 ג,Unknown,,עינת שמינייה שניצל,,270.00,100 גרם,false,1,18.00,6.67,true,1,17546
7290108941210,false,כריך בלחמניה שווארמה250ג,Unknown,,עינת שמינייה שווארמה,,250.00,100 גרם,false,1,18.00,7.20,true,1,17547
7290108941630,false,פשוטוסט-טוסט צהובה 2,עינת,,פשוטוסט,,215.00,100 גרם,false,1,21.00,9.77,false,1,20477
7290108941692,false,כריך שמיניה סלט ביצי,עינת,,כריך סלט ביצים,,0.00,,false,1,18.00,0.00,true,1,21873
7290108941746,false,גבטה טוניסאי 305גרם,עינת,,כריך גבטה טוניסאי,,1.00,יחידה,false,1,22.00,22.00,false,1,22729
7290108941753,false,גבטה דאבל בשר 295גרם,עינת,,גבטה דאבל בשר,,295.00,100 גרם,false,1,22.00,7.46,false,1,21176
7290108941760,false,כריך גבטה סביח,עינת,,כריך גבטה סביח,,1.00,יחידה,false,1,22.00,22.00,false,1,22730
7290108941777,false,גבטה לאבנה ים תיכוני,עינת,,גבטה לאבנה ים ת.,,290.00,100 גרם,false,1,22.00,7.59,false,1,21177
7290108941845,false,כריך גבטה גבינות,Unknown,,כריך גבטה גבינות,,1.00,יחידה,false,1,22.00,22.00,false,1,22731
7290109351209,false,קרחון שרבט אננס תפוז לה פרוטה נסטלה 70 גרם,נגה גלידות שותפות מוגבלת,,לה פרוטה אננס תפוז,,80.00,100 גרם,false,1,9.90,12.38,true,1,14814
7290109351957,false,פריכיות פיטנס מיני גדולות שוקולד חלב 100ג',קבוצת אוסם סחר שותפות מוגבלת,,פיטנס פריכיות שוקולד,,100.00,100 גרם,false,1,10.50,10.50,true,1,17353
7290109351971,false,פריכיות דגנים פיטנס מצופות שוקולד חלב,קבוצת אוסם סחר שותפות מוגבלת,,מ.פיטנס בר פ.שוקולד,,84.00,100 גרם,false,1,17.00,20.24,true,1,16268
7290109352916,false,פריכיות דגנים פיטנס מצופות שוקולד לבן,קבוצת אוסם סחר שותפות מוגבלת,,מ.פיטנס שוקולד לבן,,84.00,100 גרם,false,1,17.00,20.24,true,1,16269
7290109355504,false,שלגון קראנץ וניל ליבת נוגט נסטלה 100 גרם,נגה גלידות שותפות מוגבלת,,קראנץ וניל ונוגט,,114.00,100 גרם,false,1,12.90,11.32,true,1,15410
7290109356556,false,"חטיפי קרקר כשל""פ 170 גרם",מיוצר עי קונדיטוריית,,אסם חטיפי קרקר כלפ,,170.00,100 גרם,false,1,10.00,5.88,true,1,15601
<<<<<<< HEAD
7290109358482,false,עוגיות קרמוגית במילוי קרם בטעם חלבה,"הגביע מוצרי וופלים בע""\מ",,קרמוגית במילוי חלווה,,200.00,100 גרם,false,1,15.90,7.95,true,1,20042
7290109358765,false,דגני בוקר קראנץ' רולס נוגט 450 גרם,"אסם השקעות בע""\מ",,קראנץ רולס 450 גרם,,450.00,100 גרם,false,1,29.90,6.64,true,1,22838
7290109580104,false,רוסטביף פרימיום זוגלובק 150 גרם,זוגלובק,,זוגלובק רוסטביף 150ג,,150.00,100 גרם,false,1,26.90,17.93,true,1,24126
7290109580135,false,קורנדביף פרימיום 180 גרם זוגלובק,זוגלובק,,זוגלובק ק. 180ג,,180.00,100 גרם,false,1,26.90,14.94,true,1,24127
7290110110277,false,"סומרסבי סיידר תפוחים אלכוהולי 4*300 מ""ל","קרלסברג קרואטיה , יב",,סומרסבי רביעייה,,0.00,,false,1,44.90,0.00,false,1,17425
7290110110352,false,"בירה קרלסברג 0.0 בק 330 מ""ל",קרלסברג רומניהיבואן:,,קרלסברג 0% 330,,330.00,"100 מ""ל",false,1,10.00,2.94,true,1,19442
7290110110574,false,"פחיות קוקה קולה זירו לימון 330 מ""ל",החברה המרכזית לייצור משק,,קולה זירו סליק לימון,,330.00,"100 מ""ל",false,1,8.30,2.42,true,1,17524
7290110110635,false,ספרייט 0.5 ליים חייב פקדון,החברה המרכזית לייצור,,ספרייט ליים 500 מל,,500.00,"100 מ""ל",false,1,9.90,1.92,true,1,17236
7290110110659,false,"ספרייט לימון ליים פחית 330מ""ל",החברה המרכזית לייצור משק,,ספרייט LIME סליק,,330.00,"100 מ""ל",false,1,8.90,2.61,true,1,24039
7290110110765,false,פיוז טי גרין בטעם לימון נענע 500 מל,מבשלות בירה בינלאומי,,פיוז טי לימונענע,,500.00,"100 מ""ל",false,1,9.90,1.92,true,1,17529
7290110111557,false,"משקה ספורט איזוטוני בטעם פירות 500 מ""ל פאוורייד",פאווראייד POWERADE,,פאוורייד בטעם פירות,,500.00,"100 מ""ל",false,1,10.90,2.12,true,1,18031
7290110111564,false,"משקה ספורט איזוטוני בטעם הדרים ליין 500 מ""ל פאוורייד",פאווראייד POWERADE,,פאוורייד הדרים,,500.00,"100 מ""ל",false,1,10.90,2.12,true,1,18032
7290110113377,false,קוקה קולה מארז רביעיה 1X4 ליטר,החברה המרכזית לייצור משק,,קוקה קולה 1ל-רביעייה,,4.00,1 ליטר,false,1,39.90,9.68,true,1,20899
7290110113384,false,קוקה קולה זירו מארז רביעיה 1X4 ליטר,החברה המרכזית לייצור משק,,קולה זירו 1ל רביעייה,,4.00,1 ליטר,false,1,39.90,9.68,true,1,20900
7290110113421,false,"בירה מעוננת קרלסברג luma 330 מ""ל",מבשלות בירה בינלאומיות ב,,קרלסברג לומה 330,,330.00,"100 מ""ל",false,1,16.00,4.76,true,1,20044
7290110113469,false,קוקה קולה זירו מנגו פחית 330 מל,החברה המרכזית לייצור משק,,קולה זירו מנגו פחית,,330.00,"100 מ""ל",false,1,8.90,2.61,true,1,19792
7290110113476,false,בירה קרלסברג ללא אלכוהול - שישייה,קרלסברג רומניהn\יבואן:מב,,קרלסברג 0% שישייה,,1.98,1 ליטר,false,1,51.60,25.15,true,1,23026
7290110113490,false,"פיוז תה אפרסק 19 קלוריות 500מ""ל",מבשלות בירה בינלאומיות ב,,פיוזטי אפרסק 16קל,,500.00,"100 מ""ל",false,1,8.00,1.54,true,1,19877
=======
7290109358482,false,עוגיות קרמוגית במילוי קרם בטעם חלבה,קבוצת אוסם סחר שותפות מוגבלת,,קרמוגית במילוי חלווה,,200.00,100 גרם,false,1,15.90,7.95,true,1,20042
7290109358765,false,דגני בוקר קראנץ' רולס נוגט 450 גרם,קבוצת אוסם סחר-שות.מוגבלת,,קראנץ רולס 450 גרם,,450.00,100 גרם,false,1,29.90,6.64,true,1,22838
7290109580104,false,רוסטביף פרימיום זוגלובק 150 גרם,נקניק זוגלובק נהריה,,זוגלובק רוסטביף 150ג,,150.00,100 גרם,false,1,26.90,17.93,true,1,24126
7290109580135,false,קורנדביף פרימיום 180 גרם זוגלובק,נקניק זוגלובק נהריה,,זוגלובק ק. 180ג,,180.00,100 גרם,false,1,26.90,14.94,true,1,24127
7290110110277,false,"סומרסבי סיידר תפוחים אלכוהולי 4*300 מ""ל",החברה המרכזית להפצת משקאות בעמ,,סומרסבי רביעייה,,0.00,,false,1,44.90,0.00,false,1,17425
7290110110352,false,בירה קרלסברג 0% אלכוהול בודד,החברה המרכזית להפצת משקאות בעמ,,קרלסברג 0% 330,,330.00,"100 מ""ל",false,1,10.00,2.94,true,1,19442
7290110110574,false,פחית קוקה קולה סליק זירו לימון 330 מל,החברה המרכזית להפצת משקאות בעמ,,קולה זירו סליק לימון,,330.00,"100 מ""ל",false,1,8.30,2.42,true,1,17524
7290110110635,false,ספרייט 0.5 ליים חייב פקדון,החברה המרכזית להפצת משקאות בעמ,,ספרייט ליים 500 מל,,500.00,"100 מ""ל",false,1,9.90,1.92,true,1,17236
7290110110659,false,"ספרייט לימון ליים פחית 330מ""ל",החברה המרכזית להפצת משקאות בעמ,,ספרייט LIME סליק,,330.00,"100 מ""ל",false,1,8.90,2.61,true,1,24039
7290110110765,false,פיוז טי גרין בטעם לימון נענע 500 מל,מבשלות בירה בינלאומי,,פיוז טי לימונענע,,500.00,"100 מ""ל",false,1,9.90,1.92,true,1,17529
7290110111557,false,"משקה ספורט איזוטוני בטעם פירות 500 מ""ל פאוורייד",החברה המרכזית להפצת משקאות בעמ,,פאוורייד בטעם פירות,,500.00,"100 מ""ל",false,1,10.90,2.12,true,1,18031
7290110111564,false,"משקה ספורט איזוטוני בטעם הדרים ליין 500 מ""ל פאוורייד",החברה המרכזית להפצת משקאות בעמ,,פאוורייד הדרים,,500.00,"100 מ""ל",false,1,10.90,2.12,true,1,18032
7290110113377,false,קוקה קולה מארז רביעיה 1X4 ליטר,החברה המרכזית להפצת משקאות בעמ,,קוקה קולה 1ל-רביעייה,,4.00,1 ליטר,false,1,39.90,9.68,true,1,20899
7290110113384,false,קוקה קולה זירו מארז רביעיה 1X4 ליטר,החברה המרכזית להפצת משקאות בעמ,,קולה זירו 1ל רביעייה,,4.00,1 ליטר,false,1,39.90,9.68,true,1,20900
7290110113421,false,"בירה מעוננת קרלסברג luma 330 מ""ל",החברה המרכזית להפצת משקאות בעמ,,קרלסברג לומה 330,,330.00,"100 מ""ל",false,1,16.00,4.76,true,1,20044
7290110113469,false,פחית קולה סליק זירו מנגו קוקה-קולה (330,החברה המרכזית להפצת משקאות בעמ,,קולה זירו מנגו פחית,,330.00,"100 מ""ל",false,1,8.90,2.61,true,1,19792
7290110113476,false,בירה קרלסברג ללא אלכוהול - שישייה,החברה המרכזית להפצת משקאות בעמ,,קרלסברג 0% שישייה,,1.98,1 ליטר,false,1,51.60,25.15,true,1,23026
7290110113490,false,"פיוז תה אפרסק 19 קלוריות 500מ""ל",החברה המרכזית להפצת משקאות בעמ,,פיוזטי אפרסק 16קל,,500.00,"100 מ""ל",false,1,8.00,1.54,true,1,19877
>>>>>>> d048ac2f4f281c9d788043ab4e81b61b0dbe3743
7290110113902,false,בירה טובורג פחית סלי,מבשלות בירה בינלאומי,,טובורג פחית 330 מל,,330.00,"100 מ""ל",false,1,10.90,3.21,true,1,21722
7290110113926,false,פאנטה ZERO אורנג 0.5 חייב פקדון,החברה המרכזית להפצת משקאות בעמ,,פאנטה ZERO,,500.00,"100 מ""ל",false,1,9.90,1.92,true,1,20624
7290110114589,false,נביעות תפוח אגס 1.5 ליטר,"נביעות טבע הגליל בע""\מ",,נביעות פ.פרי תפוח1.5,,1.50,1 ליטר,false,1,11.90,7.93,true,1,21270
7290110114596,false,נביעות+רכיבי פרי תפו,"נביעות טבע הגליל בע""",,נביעות תפוח פ.יער0.5,,500.00,"100 מ""ל",false,1,9.50,1.84,true,1,21271
<<<<<<< HEAD
7290110114770,false,פריגת ענבים 40% פחות סוכר 0.5 ליטר חייב,מבשלות בירה בינלאומי,,משקל ענבים 40% פ.סוכ,,500.00,"100 מ""ל",false,1,8.00,1.54,true,1,21723
7290110114787,false,נביעות+ מים מינרליים בטעם תפוח 1.5 ליטר,נביעות טבע הגליל בעמ,,נביעות+ תפוח 1.5 פ,,1.50,1 ליטר,false,1,13.90,9.07,true,1,21931
7290110114794,false,נביעות+ מים מינרליים בטעם אפרסק 1.5 ליטר,"נביעות טבע הגליל בע""\מ ,",,נביעות +אפרסק1.5 פ,,1.50,1 ליטר,false,1,13.90,9.07,true,1,21949
7290110114800,false,נביעות+ מים מינרליים בטעם ענבים 1.5 ליטר,פארייפאבה אגרואינדוס,,נביעות +ענבים1.5 פ,,1.50,1 ליטר,false,1,13.90,9.07,true,1,21950
7290110114824,false,נביעות+רכיבי פרי אבטיח 1.5 ליטר פיקדון,"נביעות טבע הגליל בע""\מ",,נביעות+פ.אבטיח 1.5 פ,,1.58,"1 ק""ג",false,1,13.90,8.61,true,1,21951
7290110114862,false,מים מינרליים נביעות,נביעות,,נביעות 1.5 שמינייה פ,,12.00,1 ליטר,false,1,26.00,1.97,true,1,21982
7290110114893,false,פריגת סחוט טרי תפוז 2 ליטר,היינץ צפון אמריקה מק,,פריגת סחוט תפוז 2 פ,,2.00,1 ליטר,false,1,32.00,15.85,true,1,23057
7290110114961,false,משקה קל תפוזים פריגת 1.5 ליטר,מבשלות בירה בינלאומיות ב,,פריגת תפוזים 1.5 פ,,1.50,1 ליטר,false,1,14.90,9.73,true,1,21952
7290110114985,false,משקה קל אשכוליות פריגת 1.5 ליטר,מבשלות בירה בינלאומיות ב,,פריגת אשכוליות 1.5 פ,,1.50,1 ליטר,false,1,14.90,9.73,true,1,21953
7290110115005,false,משקה קל ענבים פריגת 1.5 ליטר,מבשלות בירה בינלאומיות ב,,פריגת ענבים 1.5 פ,,1.50,1 ליטר,false,1,14.90,9.73,true,1,21954
7290110115029,false,"פריגת משק""ל תפוח 1.5 ליטר פיקדון",מבשלות בירה בינלאומיות ב,,פריגת תפוחים 1.5 פ,,1.50,1 ליטר,false,1,12.00,7.80,true,1,22014
7290110115043,false,משקה קל לימונענע פריגת 1.5 ליטר,מבשלות בירה בינלאומיות ב,,פריגת לימונענע 1.5פ,,1.50,1 ליטר,false,1,14.90,9.73,true,1,21955
7290110115050,false,פריגת מיקס תות בננה 1.5 ליטר פיקדון,מבשלות בירה בינלאומיות ב,,פריגת מ.תות בננה פ,,1.50,1 ליטר,false,1,14.90,9.73,true,1,22010
7290110115104,false,פריגת צלול אפרסק 1.5 ליטר פיקדון,מבשלות בירה בינלאומיות ב,,פריגת צ.אפרסק 1.5 פ,,1.50,1 ליטר,false,1,12.00,7.80,true,1,21956
7290110115111,false,פריגת צלול אננס 1.5 ליטר פיקדון,"מבשלות בירה לישראל בע""\מ",,פריגת צ.אננס 1.5 פ,,1.50,1 ליטר,false,1,12.00,7.80,true,1,21957
7290110115180,false,מים מינרלים נביעות 1.5 ליטר,"נביעות טבע הגליל בע""",,נביעות 1.5 ל בודד פ,,1.50,1 ליטר,false,1,9.50,6.13,true,1,21983
7290110115203,false,קוקה קולה 1.5 ליטר פיקדון,החברה המרכזית לייצור משק,,קוקה קולה 1.5 פ,,1.50,1 ליטר,false,1,14.90,9.73,true,1,21958
7290110115210,false,דיאט קוקה קולה 1.5 ליטר פיקדון,החברה המרכזית לייצור משק,,קוקה קולה דיאט 1.5 פ,,1.50,1 ליטר,false,1,14.90,9.73,true,1,21959
7290110115227,false,קוקה-קולה זירו בקבוק 1.5 ליטר,החברה המרכזית לייצור משק,,קוקה קולה 1.5 ZERO פ,,1.50,1 ליטר,false,1,14.90,9.73,true,1,21960
7290110115241,false,קוקה-קולה זירו לימון בקבוק 1.5 ליטר,החברה המרכזית לייצור משק,,קולה זירו לימון 1.5פ,,1.50,1 ליטר,false,1,14.90,9.73,true,1,21939
7290110115265,false,ספרייט לימון ליים 1.5 ליטר-,החברה המרכזית לייצור משק,,ספרייט ליים 1.5 פ,,1.50,1 ליטר,false,1,13.90,9.07,true,1,21961
7290110115272,false,ZERO ספרייט 1.5 ליטר פיקדון,החברה המרכזית לייצור משק,,ספרייט זירו 1.5 פ,,1.50,1 ליטר,false,1,12.90,8.40,true,1,21962
7290110115296,false,משקה מוגז אורנג' פאנטה 1.5 ליטר,החברה המרכזית לייצור משק,,פאנטה אורנג 1.5 פ,,1.50,1 ליטר,false,1,13.90,9.07,true,1,21964
7290110115302,false,משקה מוגז אורנג' זירו פאנטה 1.5 ליטר,החברה המרכזית לייצור משק,,פאנטה אורנג ZERO פ,,1.50,1 ליטר,false,1,10.90,7.07,true,1,21965
7290110115357,false,קינלי סודה 1.5 ליטר פיקדון,החברה המרכזית לייצור משק,,קינלי סודה 1.5 פ,,1.50,1 ליטר,false,1,8.90,5.73,true,1,22015
7290110115364,false,שישייה קוקה קולה 1.5 ליטר פיקדון,החברה המרכזית לייצור משק,,קוקה קולה 6*1.5ל פ,,9.00,1 ליטר,false,1,57.30,6.17,true,1,21966
7290110115418,false,מארז שישייה קוקה קולה זירו 1.5 ל',החברה המרכזית לייצור משק,,קוקה קולה זירו6*1.5פ,,9.00,1 ליטר,false,1,54.10,5.81,true,1,21967
7290110115425,false,FUZE TEA גרין לימונענע -נענע 1.5 ליטר פיקדון,מבשלות בירה בינלאומיות ב,,פיוז טי לימונענע1.5פ,,1.50,1 ליטר,false,1,14.90,9.73,true,1,21968
7290110115449,false,אייס תה בטעם מנגו אננס 1.5ל' FUZE TEA,מבשלות בירה בינלאומיות ב,,פיוז טי מ.אננס1.5 פ,,1.50,1 ליטר,false,1,14.90,9.73,true,1,21969
7290110115456,false,"תה קר בטעם אפרסק 19 קלוריות ב- 100 מ""ל",מבשלות בירה בינלאומיות ב,,פיוזטי אפרסק 1.5 פ,,1.50,1 ליטר,false,1,14.90,9.73,true,1,21970
7290110115463,false,פיוז טי אפרסק 1.5 ליטר פיקדון,מבשלות בירה בינלאומיות ב,,פיוז טי אפרסק1.5 פ,,1.50,1 ליטר,false,1,14.90,9.73,true,1,21971
=======
7290110114770,false,פריגת ענבים 40% פחות סוכר 0.5 ליטר חייב,פריגת,,משקל ענבים 40% פ.סוכ,,500.00,"100 מ""ל",false,1,8.00,1.54,true,1,21723
7290110114787,false,נביעות+ מים מינרליים בטעם תפוח 1.5 ליטר,החברה המרכזית להפצת משקאות בעמ,,נביעות+ תפוח 1.5 פ,,1.50,1 ליטר,false,1,13.90,9.07,true,1,21931
7290110114794,false,נביעות+ מים מינרליים בטעם אפרסק 1.5 ליטר,החברה המרכזית להפצת משקאות בעמ,,נביעות +אפרסק1.5 פ,,1.50,1 ליטר,false,1,13.90,9.07,true,1,21949
7290110114800,false,נביעות+ מים מינרליים בטעם ענבים 1.5 ליטר,החברה המרכזית להפצת משקאות בעמ,,נביעות +ענבים1.5 פ,,1.50,1 ליטר,false,1,13.90,9.07,true,1,21950
7290110114824,false,נביעות+רכיבי פרי אבטיח 1.5 ליטר פיקדון,החברה המרכזית להפצת משקאות בעמ,,נביעות+פ.אבטיח 1.5 פ,,1.58,"1 ק""ג",false,1,13.90,8.61,true,1,21951
7290110114862,false,נביעות שמינייה 1.5 ליטר,החברה המרכזית להפצת משקאות בעמ,,נביעות 1.5 שמינייה פ,,12.00,1 ליטר,false,1,26.00,1.97,true,1,21982
7290110114893,false,מיץ תפוזים מפוסטר סחוט 2 ליטר,החברה המרכזית טלהפצת משקאות בע,,פריגת סחוט תפוז 2 פ,,2.00,1 ליטר,false,1,32.00,15.85,true,1,23057
7290110114961,false,משקה קל בטעם תפוזים פריגת (1.5 ליטר),החברה המרכזית להפצת משקאות בעמ,,פריגת תפוזים 1.5 פ,,1.50,1 ליטר,false,1,14.90,9.73,true,1,21952
7290110114985,false,משקה קל בטעם אשכוליות פריגת (1.5 ליטר),החברה המרכזית להפצת משקאות בעמ,,פריגת אשכוליות 1.5 פ,,1.50,1 ליטר,false,1,14.90,9.73,true,1,21953
7290110115005,false,משקה קל בטעם ענבים פריגת (1.5 ליטר),החברה המרכזית להפצת משקאות בעמ,,פריגת ענבים 1.5 פ,,1.50,1 ליטר,false,1,14.90,9.73,true,1,21954
7290110115029,false,משקה קל בטעם תפוחים פריגת (1.5 ליטר),החברה המרכזית להפצת משקאות בעמ,,פריגת תפוחים 1.5 פ,,1.50,1 ליטר,false,1,12.00,7.80,true,1,22014
7290110115043,false,משקה קל בטעם לימונענע פריגת (1.5 ליטר),החברה המרכזית להפצת משקאות בעמ,,פריגת לימונענע 1.5פ,,1.50,1 ליטר,false,1,14.90,9.73,true,1,21955
7290110115050,false,משקה קל בטעם תות בננה פריגת (1.5 ליטר),החברה המרכזית להפצת משקאות בעמ,,פריגת מ.תות בננה פ,,1.50,1 ליטר,false,1,14.90,9.73,true,1,22010
7290110115104,false,פריגת צלול אפרסק 1.5 ליטר פיקדון,החברה המרכזית להפצת משקאות בעמ,,פריגת צ.אפרסק 1.5 פ,,1.50,1 ליטר,false,1,12.00,7.80,true,1,21956
7290110115111,false,פריגת צלול אננס 1.5 ליטר פיקדון,החברה המרכזית להפצת משקאות בעמ,,פריגת צ.אננס 1.5 פ,,1.50,1 ליטר,false,1,12.00,7.80,true,1,21957
7290110115180,false,נביעות מים מינרלים שקט 1.5 ליטר פיקדון,החברה המרכזית להפצת משקאות בעמ,,נביעות 1.5 ל בודד פ,,1.50,1 ליטר,false,1,9.50,6.13,true,1,21983
7290110115203,false,קוקה קולה 1.5 ליטר פיקדון,החברה המרכזית להפצת משקאות בעמ,,קוקה קולה 1.5 פ,,1.50,1 ליטר,false,1,14.90,9.73,true,1,21958
7290110115210,false,קוקה קולה דיאט 1.5 ליטר פיקדון,החברה המרכזית להפצת משקאות בעמ,,קוקה קולה דיאט 1.5 פ,,1.50,1 ליטר,false,1,14.90,9.73,true,1,21959
7290110115227,false,קוקה קולה Zero בקבוק 1.5 ליטר פיקדון,החברה המרכזית להפצת משקאות בעמ,,קוקה קולה 1.5 ZERO פ,,1.50,1 ליטר,false,1,14.90,9.73,true,1,21960
7290110115241,false,קוקה קולה דיאט לימון 1.5 ליטר פיקדון,החברה המרכזית להפצת משקאות בעמ,,קולה זירו לימון 1.5פ,,1.50,1 ליטר,false,1,14.90,9.73,true,1,21939
7290110115265,false,ספרייט לימון ליים 1.5 ליטר-,החברה המרכזית להפצת משקאות בעמ,,ספרייט ליים 1.5 פ,,1.50,1 ליטר,false,1,13.90,9.07,true,1,21961
7290110115272,false,ZERO ספרייט 1.5 ליטר פיקדון,החברה המרכזית להפצת משקאות בעמ,,ספרייט זירו 1.5 פ,,1.50,1 ליטר,false,1,12.90,8.40,true,1,21962
7290110115296,false,גזוז בטעם תפוז פאנטה 1.5 ליטר פיקדון,החברה המרכזית להפצת משקאות בעמ,,פאנטה אורנג 1.5 פ,,1.50,1 ליטר,false,1,13.90,9.07,true,1,21964
7290110115302,false,משקה מוגז אורנג' זירו פאנטה 1.5 ליטר,החברה המרכזית להפצת משקאות בעמ,,פאנטה אורנג ZERO פ,,1.50,1 ליטר,false,1,10.90,7.07,true,1,21965
7290110115357,false,קינלי סודה 1.5 ליטר פיקדון,החברה המרכזית להפצת משקאות בעמ,,קינלי סודה 1.5 פ,,1.50,1 ליטר,false,1,8.90,5.73,true,1,22015
7290110115364,false,שישייה קוקה קולה 1.5 ליטר פיקדון,החברה המרכזית להפצת משקאות בעמ,,קוקה קולה 6*1.5ל פ,,9.00,1 ליטר,false,1,57.30,6.17,true,1,21966
7290110115418,false,קוקה קולה זירו 1.5 ליטר מארז שישייה,החברה המרכזית להפצת משקאות בעמ,,קוקה קולה זירו6*1.5פ,,9.00,1 ליטר,false,1,54.10,5.81,true,1,21967
7290110115425,false,FUZE TEA גרין לימונענע -נענע 1.5 ליטר פיקדון,החברה המרכזית להפצת משקאות בעמ,,פיוז טי לימונענע1.5פ,,1.50,1 ליטר,false,1,14.90,9.73,true,1,21968
7290110115449,false,פיוז-טי תה מנגו אננס 1.5 ליטר פיקדון,החברה המרכזית להפצת משקאות בעמ,,פיוז טי מ.אננס1.5 פ,,1.50,1 ליטר,false,1,14.90,9.73,true,1,21969
7290110115456,false,פיוז-טי תה אפרסק 1.5 ליטר 19 קל פיקדון,החברה המרכזית להפצת משקאות בעמ,,פיוזטי אפרסק 1.5 פ,,1.50,1 ליטר,false,1,14.90,9.73,true,1,21970
7290110115463,false,פיוז-טי תה אפרסק 1.5 ליטר פיקדון,החברה המרכזית להפצת משקאות בעמ,,פיוז טי אפרסק1.5 פ,,1.50,1 ליטר,false,1,14.90,9.73,true,1,21971
>>>>>>> d048ac2f4f281c9d788043ab4e81b61b0dbe3743
7290110115470,false,תה קר פיוז דייאט אפר,FUZE TEA,,פיוז טי ד.אפרסק1.5 פ,,1.50,1 ליטר,false,1,11.90,7.73,true,1,21972
7290110115494,false,תה קר בטעם ענבים פיוז טי 1.5 ליטר,החברה המרכזית להפצת משקאות בעמ,,פיוז טי ענבים 1.5 פ,,1.50,1 ליטר,false,1,14.90,9.73,true,1,21973
7290110115531,false,משקה מוגז תפוח זירו פאנטה 1.5 ליטר,החברה המרכזית להפצת משקאות בעמ,,פאנטה ZERO תפוח 1.5פ,,1.50,1 ליטר,false,1,10.90,7.07,true,1,22774
7290110115616,false,פיוז-טי תה גרין אננס זירו 1.5 ליטר פיקדו,החברה המרכזית להפצת משקאות בעמ,,פיוז טי ז.גרין 1.5,,1.50,1 ליטר,false,1,14.90,9.73,true,1,21901
7290110115623,false,פיוז-טי תה אפרסק זירו 1.5 ליטר פיקדון,החברה המרכזית להפצת משקאות בעמ,,פיוז טי ז.אפרסק 1.5,,1.50,1 ליטר,false,1,14.90,9.73,true,1,21902
7290110115654,false,"פיוז טי זירו גרין אננס, 500 מ""ל",החברה המרכזית להפצת משקאות בעמ,,פיוז טי ז.גרין 500,,500.00,"100 מ""ל",false,1,8.00,1.54,true,1,21903
7290110115661,false,"פיוז טי זירו בטעם אפרסק 500 מ""ל",החברה המרכזית להפצת משקאות בעמ,,פיוז טי ז.אפרסק 500,,500.00,"100 מ""ל",false,1,9.90,1.92,true,1,21904
7290110115692,false,משקה קל בטעם מלון עם קוביות אלוורה,החברה המרכזית למשקאו,,פ.קוביות מ.אלוורה,,500.00,"100 מ""ל",false,1,10.90,2.12,true,1,23518
7290110115739,false,משקה קל בטעם פינקולדה עם קוביות קוקוס,החברה המרכזית למשקאו,,פריגת קוביות קוקוס,,500.00,"100 מ""ל",false,1,10.90,2.12,true,1,23519
7290110115845,false,קוקה קולה 1.5 ליטר פיקדון,"אינסטנטה בע""מ",,קוקה קולה 1.5 ל,,1.50,1 ליטר,false,1,14.90,9.73,true,1,22752
7290110115869,false,קוקה קולה זירו 1.5 ליטר פיקדון,תות תעשיות מזון (201,,ק.קולה 1.5 ZEROפקדון,,1.50,1 ליטר,false,1,14.90,9.73,true,1,23890
<<<<<<< HEAD
7290110115913,false,"משקה ספורט איזוטוני זירו בטעם אננס 500 מ""ל פאוורייד",Caslino al Piano pla,,פאוורייד ZERO אננס,,500.00,"100 מ""ל",false,1,9.90,1.92,true,1,22431
7290110116040,false,פאנטה זירו פירות כחולים 1.5 ליטר.,החברה המרכזית לייצור משק,,פאנטהZERO פ.כחול1.5,,1.50,1 ליטר,false,1,10.90,7.07,true,1,23171
7290110116057,false,פאנטה זירו פירות כחו,החברה המרכזית לייצור,,פאנטהZERO פ.כחול0.5,,500.00,"100 מ""ל",false,1,8.00,1.54,true,1,23172
7290110116064,false,פאנטה ZERO פירות ירוק 1.5 ליטר פיקדון,החברה המרכזית לייצור משק,,פאנטהZERO פ.ירוק 1.5,,1.50,1 ליטר,false,1,10.90,7.07,true,1,23173
7290110116071,false,ZERO פאנטה פירות יר,החברה המרכזית לייצור,,פאנטהZERO פ.ירוק0.5,,500.00,"100 מ""ל",false,1,8.00,1.54,true,1,23174
=======
7290110115913,false,"משקה ספורט איזוטוני זירו בטעם אננס 500 מ""ל פאוורייד",החברה המרכזית להפצת משקאות בעמ,,פאוורייד ZERO אננס,,500.00,"100 מ""ל",false,1,9.90,1.92,true,1,22431
7290110116040,false,פאנטה זירו פירות כחולים 1.5 ליטר.,החברה המרכזית להפצת משקאות בעמ,,פאנטהZERO פ.כחול1.5,,1.50,1 ליטר,false,1,10.90,7.07,true,1,23171
7290110116057,false,פאנטה ZERO פירות כחול 0.5ליטר,החברה המרכזית להפצת משקאות בעמ,,פאנטהZERO פ.כחול0.5,,500.00,"100 מ""ל",false,1,8.00,1.54,true,1,23172
7290110116064,false,פאנטה זירו בטעם פירות ירוק 1.5 ל פיקדון,החברה המרכזית להפצת משקאות בעמ,,פאנטהZERO פ.ירוק 1.5,,1.50,1 ליטר,false,1,10.90,7.07,true,1,23173
7290110116071,false,פאנטה ZERO פירות ירוק 0.5ליטר,החברה המרכזית להפצת משקאות בעמ,,פאנטהZERO פ.ירוק0.5,,500.00,"100 מ""ל",false,1,8.00,1.54,true,1,23174
>>>>>>> d048ac2f4f281c9d788043ab4e81b61b0dbe3743
7290110116163,false,נביעות+מנגו פסיפל500,Unknown,,נביעות+מנגו פסיפל500,,500.00,"100 מ""ל",false,1,9.90,1.92,true,1,23602
7290110116187,false,נביעות+קוקוס אננס500,Unknown,,נביעות+קוקוס אננס500,,500.00,"100 מ""ל",false,1,9.90,1.92,true,1,23601
7290110116200,false,מים 0 קלוריות בטעם לימון-ליים 0.5 ל נביעות,החברה המרכזית להפצת משקאות בעמ,,נביעות+לימון ליים0קל,,500.00,"100 מ""ל",false,1,9.90,1.92,true,1,23604
7290110116224,false,נביעות 0 קלוריות בטעם אשכולית 0.5 ליטר,החברה המרכזית להפצת משקאות בעמ,,נביעות+אשכולית0קלו,,500.00,"100 מ""ל",false,1,9.90,1.92,true,1,23603
7290110116385,false,"פחיות סטפאני מרשמלו אבטיח תות זירו 330 מ""ל",החברה המרכזית להפצת משקאות בעמ,,קוקה קולה סטפאני,,330.00,"100 מ""ל",false,1,7.00,2.03,true,1,23322
7290110116514,false,פריגת סחוט מיקס תות בננה 400מל,*החברה המרכזית להפצת משקאותבעמ,,פ.מיקס תות בננה,,400.00,"100 מ""ל",false,1,12.90,3.15,true,1,23852
7290110116521,false,"פריגת סחוט מיקס אפרסק משמש 400 מ""ל",*החברה המרכזית להפצת משקאותבעמ,,פ. אפרסק משמש,,400.00,"100 מ""ל",false,1,12.90,3.15,true,1,23853
7290110116576,false,ספרייט זירו לימון היט בקבוק 0.5,החברה המרכזית להפצת משקאות בעמ,,ספרייט ל.היט 0.5 ל,,500.00,"100 מ""ל",false,1,9.90,1.92,true,1,23774
7290110320744,false,גבינת גרנה פדנו 150 גר`קולקשיין תנובה,תנובה - חלב,,גבינת גרנה פדנו 150ג,,150.00,100 גרם,false,1,25.90,17.27,false,1,23644
7290110320850,false,פתיתים גבינה חצי קשה מגורדת 28% שומן,תנובה מרכז שיתופי לש,,פתיתי עמק 200 גרם,,200.00,100 גרם,false,1,16.30,8.15,true,1,19139
7290110320935,false,פרוסות מוצרלה 150 גר`קולקשיין תנובה,תנובה מרכז שיתופי לש,,תנובה פרוסות מוצרלה,,150.00,100 גרם,false,1,18.00,12.00,true,1,22643
7290110321031,false,מעדן חלב GO יוגורט מועשר בחלבון טבעי 200 ג' יופלה,"תנובה, מחלבת אלון תב",,יופלה GO לבן 200ג,,200.00,100 גרם,false,1,7.40,3.70,true,1,16496
7290110321048,false,יוגורט גו במתיקות מעודנת 200 מל,תנובה בעמ ***,,יופלהGO מתיקות מעודנ,,200.00,100 גרם,false,1,7.40,3.70,true,1,16497
7290110321277,false,קוטג' בקטנה 5% תנובה 100 גרם מהדרין,פארייפאבה אגרואינדוס,,קוטג בקטנה 5% 100ג,,100.00,100 גרם,false,1,2.70,2.70,true,1,23605
7290110321284,false,קוטג' בקטנה 9% תנובה 100 גרם מהדרין,פארייפאבה אגרואינדוס,,קוטג בקטנה 9% 100ג,,100.00,100 גרם,false,1,2.70,2.70,true,1,23606
7290110321680,false,יוגורט GO בטעם תות 20 גרם חלבון בגביע,מיוצר עי קונדיטוריית,,יופלה גו GO תות,,200.00,100 גרם,false,1,7.40,3.70,true,1,17020
7290110321697,false,יוגורט GO בטעם אפרסק 20 גרם חלבון בגביע,מיוצר עי קונדיטוריית,,יופלה GO אפרסק,,200.00,100 גרם,false,1,7.40,3.70,true,1,17021
7290110321703,false,יוגורט עם פירות יער בתוספת חלבוני חלב 2% שומן,מיוצר עי קונדיטוריית,,יופלה GO פירות יער,,200.00,100 גרם,false,1,7.40,3.70,true,1,17551
7290110322014,false,טופו בטעם טבעי תנובה ALTERNATIVE,שוורצקוף& הנקל דיסלד,,טופו בטעם טבעי 300 ג,,300.00,100 גרם,false,1,15.70,5.23,true,1,23160
7290110323066,false,משקה יוגורט גו מועשר בחלבון בננה אפרסק,תנובה חלב,,יופלה גו משקה בננה,,250.00,"100 מ""ל",false,1,7.90,3.16,true,1,19149
7290110323073,false,"משקה יוגורט יופלה גו תות פטל 250 מ""ל - רבנות",מיוצר עי קונדיטוריית,,יופלה גו משקה תות,,250.00,"100 מ""ל",false,1,7.90,3.16,true,1,19150
<<<<<<< HEAD
7290110323097,false,מעדן גבינה עם תות 5% שומן 80 ג' תנובה,תנובה בעמ,,תאומים גביע בודד 80ג,,80.00,100 גרם,false,1,2.70,3.38,true,1,23625
7290110323592,false,יופלה יוגורט עם אפרסק מופחת קלוריות 200 ג' GO,יופלה Yoplait,,יוגורט אפ מופחת GO,,200.00,100 גרם,false,1,7.40,3.70,true,1,23148
=======
7290110323097,false,מעדן גבינה עם מחית תות-תאומים 80 גר`,"תנובה בע""מ ***",,תאומים גביע בודד 80ג,,80.00,100 גרם,false,1,2.70,3.38,true,1,23625
7290110323592,false,יופלה יוגורט עם אפרסק מופחת קלוריות 200 ג' GO,תנובה בעמ ***,,יוגורט אפ מופחת GO,,200.00,100 גרם,false,1,7.40,3.70,true,1,23148
>>>>>>> d048ac2f4f281c9d788043ab4e81b61b0dbe3743
7290110323714,false,משקה קוקוס שקדים תנובה E אלטרנטיב,מיוצר עי קונדיטוריית,,אלטרנטיב שקדים קוקוס,,1.00,1 ליטר,false,1,14.20,14.20,true,1,23009
7290110324841,false,מעדן שקדים עם שוקולד מריר תנובה 125 גרם,מיוצר עי קונדיטוריית,,מ.שקדים שוקולד מריר,,125.00,100 גרם,false,1,5.80,4.64,true,1,19085
7290110324926,false,משקה סויה ללא תוספת סוכר E אלטרנטיב,תנובה מרכז שיתופי לש,,אלטרנטיב סויה ל.סוכר,,1.00,1 ליטר,false,1,13.00,13.00,true,1,23315
7290110325114,false,"משקה יוגורט יופלה גו לייט תות בננה 250 מ""ל - רבנות",מיוצר עי קונדיטוריית,,משקה גו לייט תות,,250.00,"100 מ""ל",false,1,7.90,3.16,true,1,19161
7290110325169,false,פרוסות גאודה 170 גר`קולקשיין תנובה,תנובה בעמ ***,,פרוסות גאודה 170ג,,170.00,100 גרם,false,1,22.50,13.24,false,1,23698
7290110325305,false,יופלה GO סויה 20 גרם חלבון במתיקות מעודנת תנובה 200 גרם,מיוצר עי קונדיטוריית,,מ.סויה GO ב.מעודנת,,200.00,100 גרם,false,1,6.90,3.45,true,1,19087
7290110325312,false,יופלה GO סויה 20 גרם חלבון בטעם תות תנובה 200 גרם,תנובה בעמ ***,,מעדן סויה GO תות,,200.00,100 גרם,false,1,6.90,3.45,true,1,19088
7290110325619,false,משקה שיבולת שועל תנובה E אלטרנטיב,מיוצר עי קונדיטוריית,,אלטרנטיב שיבול.שועל,,1.00,1 ליטר,false,1,14.70,14.70,true,1,20046
7290110325626,false,משקה שקדים ללא תוספת סוכר 1 ליטר,תנובה - חלב,,משקה שקדים,,1.00,1 ליטר,false,1,14.70,14.70,true,1,23488
7290110325893,false,משקה חלב GO מועשר בחלבון בטעם אייס קפה,מיוצר עי קונדיטוריית,,תנובה GO אייס קפה,,340.00,"100 מ""ל",false,1,10.00,2.94,true,1,19620
7290110326210,false,יופלה און טופ פצפוצים תנובה 157 גרם,מיוצר עי קונדיטוריית,,יופלה א.טופ פצפוצים,,157.00,100 גרם,false,1,6.00,3.82,false,1,19632
7290110326227,false,יופלה און טופ קורנפלקס תנובה 157 גרם,מיוצר עי קונדיטוריית,,און טופ קורנפלקס,,167.00,100 גרם,false,1,6.00,3.59,true,1,21601
7290110326241,false,יופלה און טופ גרנולה תנובה 157 גרם,מיוצר עי קונדיטוריית,,יופלה און טופ גרנולה,,157.00,100 גרם,false,1,6.00,3.82,false,1,19656
7290110326333,false,פרוסות גבינה סקנדינבית 170 גר`קולקשיין,"תנובה בע""מ ***",,פרוסות ג.סקנדינבית,,170.00,100 גרם,false,1,22.50,13.24,false,1,24206
7290110326449,false,חמאה השף הלבן 250 גר,אמרלנד,,השף הלבן חמאה,,250.00,100 גרם,false,1,10.40,4.16,false,1,20050
7290110326548,false,גבינת קוטג`5% מועשרת בסידן עם מיורן וזע,תנובה בעמ ***,,גבינת קוטג מועשרת,,250.00,100 גרם,false,1,6.00,2.40,true,1,20741
7290110326906,false,חלב נטול לקטוז 3% שומן( 1 ליטר)תנובה,מיוצר עי קונדיטוריית,,תנובה חלב נטול3%,,1.00,1 ליטר,false,1,8.00,8.00,true,1,20535
7290110326999,false,"משקאות חלב+שוקולד קלאסי 340 מ""ל YOLO בקבוק.",תנובה - חלב,,מ.חלב עם שוקולד,,340.00,"100 מ""ל",false,1,8.90,2.62,true,1,20051
7290110327064,false,משקה אייס קפה שיבולת שועל בטעם קרמל 1 ל' ALTERNATIVE,תנובה מרכז שיתופי לש,,אלטרנטיב קפה קרמל1ל,,1.00,1 ליטר,false,1,13.90,13.90,false,1,23492
7290110327316,false,גבינה לבנה למריחה 5% שומן בתוספת פריכיות,מיוצר עי קונדיטוריית,,גבינה לבנה + פריכיות,,250.00,100 גרם,false,1,6.00,2.40,true,1,21314
7290110327514,false,alternative משקה שיבולת שועל בטעם אגוזי לוז תנובה 1 ליטר,תנובה מרכז שיתופי לש,,אלטרנטיב אגוז לוז 1ל,,1.00,1 ליטר,false,1,14.70,14.70,false,1,22645
7290110327798,false,חטיף חלבון GO - שוקולד 60 ג' חלב נוכרי - רבנות,"בלמונט קונפקציות בע""\מ.",,חטיף חלבון שוקולד GO,,60.00,100 גרם,false,1,14.90,24.83,true,1,21537
7290110327804,false,חטיף חלבון GO - עוגיות 60 ג' חלב נוכרי - רבנות,"בלמונט קונפקציות בע""\מ.",,חטיף חלבון GOבצק עוג,,60.00,100 גרם,false,1,14.90,24.83,true,1,21538
7290110327811,false,חטיף חלבון GO בטעם בצק קוקוס 20 גר`חלבו,"בלמונט קונפקציות בע""\מ.",,חטיף חלבון קוקוס GO,,60.00,100 גרם,false,1,14.90,24.83,true,1,21539
7290110327828,false,חטיף חלבון GO - חמאת בוטנים 60 ג' חלב נוכרי - רבנות,"בלמונט קונפקציות בע""\מ.",,חטיף חלבון GO ח.בוטנ,,60.00,100 גרם,false,1,14.90,24.83,true,1,21540
7290110327880,false,חלב1%מהדרין רמת הגולן 1ל,תות תעשיות מזון (201,,תנובה חלב בקרטון 1%,,1.00,1 ליטר,false,1,5.86,5.86,false,1,20469
7290110328016,false,משקה סויה מועשר בחלבון בטעם אגוזי לוז 250 גרם,תנובה מרכז שיתופי לש,,גו משקה סויה א.לוז,,250.00,100 גרם,false,1,7.90,3.16,true,1,21104
7290110328474,false,פלח פרמג`יאנו רג`יאנו 150 גר`קולקשיין ת,מנדלז סי.אר. פרודקשן,,פלח פרמגאנו רגיאנו,,150.00,100 גרם,false,1,33.90,22.60,false,1,23699
7290110328504,false,טריו - מיקס גבינות מוצרלה סקנדינבית וגאודה 300 גרם,מיוצר עי קונדיטוריית,,טריו מיקס 3 גבינות,,300.00,100 גרם,false,1,30.00,10.00,false,1,24147
7290110328764,false,יוגורט יופלה GO במרקם סמיך עם תות 0%,מיוצר עי קונדיטוריית,,יוגורט גו 0% תות,,200.00,100 גרם,false,1,6.90,3.45,true,1,22657
7290110328771,false,יוגורט יופלה GO במרקם סמיך עם פירות יער 0%,מיוצר עי קונדיטוריית,,יוגורט גו 0% פ. יער,,200.00,100 גרם,false,1,6.90,3.45,true,1,22658
7290110328788,false,יוגורט יופלה GO במרקם סמיך בטעם אפרסק 0%,תנובה מרכז שיתופי לש,,יוגורט גו 0% אפרסק,,200.00,100 גרם,false,1,6.90,3.45,true,1,22659
7290110328887,false,"חלב תנובה בקבוק 3%, כשרות מהדרין, 1 ליטר",הפריט בפיקוח,,חלב 3% מהדרין,,1.00,1 ליטר,false,1,6.23,6.23,false,1,23250
7290110328955,false,קוביות גבינת עזים בשמן מתובל פיראוס 350 גרם,דודוני תעשיית החלב החקלא,,קוביות עזים מתובל,,350.00,100 גרם,false,1,27.90,7.97,false,1,23255
7290110329136,false,מעדן חלב מעושר בחלבון בטעם שוקולד 120 ג' GO,תנובה מרכז שיתופי לש,,מעדן חלב גו שוקולד,,230.00,100 גרם,false,1,5.80,2.52,false,1,23151
7290110329143,false,מעדן חלב מעושר בחלבון בטעם וניל גביע 120 ג' GO,תנובה מרכז שיתופי לש,,מעדן חלב גו וניל,,120.00,100 גרם,false,1,5.80,4.83,false,1,23013
7290110329686,false,משקה GO חלב בטעם עוגיות 27 גר`חלבון,מיוצר עי קונדיטוריית,,משקה חלב GO עוגיות,,340.00,"100 מ""ל",false,1,10.00,2.94,false,1,23029
7290110329693,false,יוגורט גו סמיך מלבי 0% שומן 200 גרם,מיוצר עי קונדיטוריית,,יוגורט גו 0% מלבי,,200.00,100 גרם,false,1,6.50,3.25,false,1,22660
7290110329716,false,משקה חלב קר בטעם קפוצ'ינו 230 גרם תנובה,תנובה מרכז שיתופי לש,,תנובה קפה קפוצינ230,,230.00,100 גרם,false,1,10.00,4.35,false,1,22829
7290110329723,false,משקה חלב קר בטעם לאטה 230 גרם תנובה,תנובה מרכז שיתופי לש,,תנובה קפה לאטה230,,230.00,100 גרם,false,1,10.00,4.35,false,1,22830
7290110329730,false,"משקה חלב עם שוקולד וקפה בסגנון לאטה 2.7%  230 מ""ל תנובה",תנובה מרכז שיתופי לש,,תנובה קפה ושוקולד230,,230.00,100 גרם,false,1,10.00,4.35,false,1,22831
7290110329778,false,**חלב תנובה טרי מהדרין קרטון 3% 1ל,תנובה,,תנובה חלב קרטון 3%,,1.00,1 ליטר,false,1,6.23,6.23,false,1,21657
7290110471016,false,כבל מטאלי 2 מטר,Unknown,,כבל מטאלי 2 מטר,,0.00,,false,1,29.90,0.00,false,1,17320
7290110472016,false,כבל מטאלי 2 מטר שחורTYPE C,Unknown,,כבל מטאלי 2 מטר,,0.00,,false,1,39.90,0.00,false,1,17364
7290110472023,false,פנס ראש -חדש,Unknown,,פנס ראש -חדש,,0.00,,false,1,25.00,0.00,true,1,15937
7290110472467,false,מתאם למצת TYPE C + כבל טעינה 1.5 מטר,Unknown,,מתאם למצת TYPE C,,0.00,,false,1,44.90,0.00,false,1,17317
7290110472474,false,מתאם קיר TYPE C + כבל טעינה 1.5 מטר,Unknown,,מתאם קיר TYPE C,,0.00,,false,1,54.90,0.00,false,1,17325
7290110472511,false,מזרן מתנפח מתקפל,Unknown,,מזרן מתנפח מתקפל,,0.00,,false,1,49.90,0.00,false,1,16127
7290110472610,false,מנורה לאוהל נטענת,Unknown,,מנורה לאוהל נטענת,,0.00,,false,1,20.00,0.00,true,1,15876
7290110472825,false,מנגל פחמים מקצועי,Unknown,,גריל גדול 70/30,,0.00,,false,1,99.00,0.00,true,1,15628
7290110472856,false,מטען רכב Qualcomm Du,Unknown,,מטען רכב Duet,,0.00,,false,1,54.90,0.00,false,1,17326
7290110473068,false,אוהל חוף נפתח ברגע,Unknown,,אוהל חוף נפתח ברגע,,0.00,,false,1,199.00,0.00,true,1,19637
7290110473112,false,מנגל פח רשת 40*26,Unknown,,מנגל פח רשת 40*26,,0.00,,false,1,39.00,0.00,false,1,18528
7290110473235,false,רמקול EXTREMe כחול,Unknown,,רמקול EXTREMe כחול,,0.00,,false,1,104.90,0.00,false,1,17384
7290110473426,false,אוזניות JUST BASS ור,Unknown,,אוזניות JUST ורוד,,0.00,,false,1,54.90,0.00,false,1,17331
7290110473433,false,אוזניות JUST BASS אפ,Unknown,,אוזניות JUST אפור,,0.00,,false,1,54.90,0.00,false,1,17332
7290110473440,false,אוזניות JUST BASS זה,Unknown,,אוזניות JUST זהב,,0.00,,false,1,54.90,0.00,false,1,17333
7290110473501,false,זרוע טלסקופית לרכב שחור TECH GRIP,Unknown,,ז.טלסקופית לרכב שחור,,0.00,,false,1,54.90,0.00,false,1,17335
7290110473587,false,זרוע מגנטית simply grip,Unknown,,SIMPLY GRIP,,0.00,,false,1,44.90,0.00,false,1,17337
7290110473594,false,זרוע איכותית לרכב מג,Unknown,,ROCKET GRIP שחור,,0.00,,false,1,49.90,0.00,false,1,17338
7290110473754,false,ערכת קפה ללא בלון גז,Unknown,,ערכת קפה ללא בלון גז,,0.00,,false,1,89.00,0.00,false,1,17033
7290110473808,false,קלקר מים לטיולים,Unknown,,קלקר מים לטיולים,,0.00,,false,1,29.90,0.00,false,1,18401
7290110473884,false,אוזניות clean @ clea,Unknown,,אוזניות TWS,,0.00,,false,1,99.00,0.00,false,1,17489
7290110473938,false,שמשייה צהובה,Unknown,,שמשייה צהובה,,0.00,,false,1,29.90,0.00,false,1,18309
7290110474041,false,רפידו מתאם לקיר + כב,Unknown,,רפידו + כבל טעינה,,0.00,,false,1,79.90,0.00,false,1,17635
7290110474256,false,כבל 2 מטר aux iron m,Unknown,,כבל aux iron man,,0.00,,false,1,49.90,0.00,false,1,17636
7290110474409,false,סוללת חי להתנעת רכב,Unknown,,סוללת חי להתנעת רכב,,0.00,,false,1,179.00,0.00,false,1,18093
7290110474416,false,ערכת בישול פרימיום מותג CRUZO עם בלון,ארטוס,,ערכת בישול לשטחCRUZO,,0.00,,false,1,199.00,0.00,false,1,18310
7290110474423,false,אוזניות מאושרות אפל,Unknown,,אוזניות מאושרות אפל,,0.00,,false,1,99.90,0.00,false,1,18002
7290110474430,false,מתאם לאוזניות מ אפל,Unknown,,מתאם לאוזניות מ אפל,,0.00,,false,1,79.00,0.00,false,1,18003
7290110474447,false,אוהל ל- 6 אנשים נפתח ברגע,Unknown,,אוהל לשישה אנשים,,0.00,,false,1,249.00,0.00,false,1,22377
7290110474478,false,כסא קמפינג LIGHTWEIGHT,Unknown,,כסא קמפ LIGHTWEIGHT,,0.00,,false,1,99.00,0.00,false,1,18311
7290110474492,false,שולחן קמפינג מתקפל,Unknown,,שולחן קמפינג מתקפל,,0.00,,false,1,119.00,0.00,false,1,18191
7290110474508,false,אוהל עמידה,Unknown,,אוהל עמידה,,0.00,,false,1,349.00,0.00,false,1,18312
7290110474515,false,עששית לד 3 וואט,Unknown,,עששית לד 3 וואט,,0.00,,false,1,29.00,0.00,false,1,18313
7290110474560,false,אוזניות מיקרופון NEW,Unknown,,אוזניות מיקרופון NAS,,0.00,,false,1,49.00,0.00,false,1,18467
7290110474577,false,אוזניות מיקרופון DOU,Unknown,,אוזניות מיקרופוןDOL,,0.00,,false,1,79.00,0.00,false,1,18468
7290110474690,false,כבל USB C לחיבור LI,Unknown,,כבל USB C LIGHTNING,,0.00,,false,1,59.90,0.00,false,1,18470
7290110474706,false,מעמד מגנטי למזגן POW,Unknown,,מעמד מגנטי למזגן P.V,,0.00,,false,1,49.00,0.00,false,1,18471
7290110474713,false,מחזיק סלולר למזגן,Unknown,,מעמד למזגן OPEN W.V,,0.00,,false,1,49.00,0.00,false,1,18472
7290110474805,false,מזרן פלמינגו ורוד,Unknown,,מזרן פלמינגו ורוד,,0.00,,false,1,99.00,0.00,false,1,18581
7290110474812,false,מזרן אננס,Unknown,,מזרן אננס,,0.00,,false,1,69.90,0.00,false,1,18582
7290110474829,false,אבוב מתנפח,Unknown,,אבוב מתנפח,,0.00,,false,1,49.90,0.00,false,1,18583
7290110474836,false,מזרן חד קרן,Unknown,,מזרן חד קרן,,0.00,,false,1,99.90,0.00,false,1,18584
7290110474928,false,סוללת גיבוי 10000MAH,Unknown,,סוללת גיבוי 10000M,,0.00,,false,1,79.00,0.00,false,1,18776
7290110474935,false,מכונת אספרסו נטענת USB ל,Unknown,,מ.אספרסו ניידת לטיול,,0.00,,false,1,199.00,0.00,false,1,18669
7290110474942,false,שולחן פיקניק לילדים יח',Unknown,,שולחן פיקניק לילדים,,0.00,,false,1,199.00,0.00,false,1,22570
7290110474973,false,טאבון נייד למנגל/גריל גז,Unknown,,טאבון פיצה,,0.00,,false,1,199.00,0.00,false,1,22571
7290110475031,false,מצלמת רכב ת.כיוונית,Unknown,,מצלמת רכב ת.כיוונית,,1.00,יחידה,false,1,199.00,199.00,false,1,21724
7290110475062,false,מנגל ברזילאי,Unknown,,מנגל ברזילאי,,0.00,,false,1,399.00,0.00,false,1,19803
7290110475086,false,כבל טעינה 3 מטר USB,Unknown,,כבל טעינה 3 מטר USB,,0.00,,false,1,29.00,0.00,false,1,18937
7290110475093,false,כ.טעינה 3 מטר TYPE C,Unknown,,כ.טעינה 3 מטר TYPE C,,0.00,,false,1,29.00,0.00,false,1,18938
7290110475116,false,מטען קיר SPEEDY,Unknown,,מטען קיר SPEEDY,,0.00,,false,1,79.00,0.00,false,1,19090
7290110475178,false,זרוע איפרה טעינה אלח,Unknown,,זרוע איפרה טעינה אלח,,0.00,,false,1,99.00,0.00,false,1,19092
7290110475406,false,שק שינה זוגי,Unknown,,שק שינה זוגי,,0.00,,false,1,99.00,0.00,true,1,19527
7290110475413,false,אוזניות מיקרופון עם חיבור טייפ סי,Unknown,,אוזניות C SOUND,,0.00,,false,1,79.00,0.00,false,1,19831
7290110475437,false,אוזניות מיקרופון,Unknown,,אוזניות מיקרופון,,0.00,,false,1,59.00,0.00,false,1,20453
7290110475444,false,כסא ים ושולחן צד,Unknown,,כסא ים ושולחן צד,,0.00,,false,1,129.00,0.00,true,1,19642
7290110475451,false,אוהל פתיחה ל-6 אנשים,Unknown,,אוהל פתיחה ל-6 אנשים,,0.00,,false,1,499.00,0.00,true,1,19528
7290110475468,false,אוהל ל-8 אנשים,Unknown,,אוהל ל-8 אנשים,,0.00,,false,1,699.00,0.00,false,1,19643
7290110475482,false,סט כלים לגריל פרמיום,Unknown,,סט כלים לגריל פרמיום,,0.00,,false,1,39.00,0.00,false,1,23614
7290110475529,false,"בוסטר התנעה לרכבים פרטיים ומסחריים 13,000M",Unknown,,בוסטר התנעה לרכבים,,1.00,יחידה,false,1,249.00,249.00,false,1,20313
7290110475567,false,מזרון שטח מתקפל,Unknown,,מזרון שטח מתקפל,,0.00,,false,1,149.00,0.00,false,1,19807
7290110475659,false,מחצלת 4X4,Unknown,,מחצלת 4X4,,0.00,,false,1,129.00,0.00,false,1,21181
7290110475673,false,שלישיית מסכות KN95,Unknown,,שלישיית מסכות KN95,,3.00,יחידה,false,1,15.00,5.00,true,1,19622
7290110475680,false,מארז מסכות כרורגיות,Unknown,,מארז מסכות כרורגיות,,50.00,יחידה,false,1,19.90,0.40,false,1,19646
7290110475772,false,אוזניות TWS SHARP TONE,Unknown,,אוזניות TWS PRO,,0.00,,false,1,99.00,0.00,true,1,19687
7290110475826,false,צידנית ל6 בירות,Unknown,,צידנית ל6 בירות,,0.00,,false,1,10.00,0.00,false,1,19811
7290110475901,false,פרוזקטור לד נטען20W,Unknown,,פרוזקטור לד נטען20W,,0.00,,false,1,99.00,0.00,false,1,20542
7290110475932,false,מעמד מגנטי למזגן,Unknown,,מעמד מגנטי למזגן,,1.00,יחידה,false,1,39.90,39.90,false,1,20315
7290110475953,false,תרמוס 1400 ml ארטוס,Unknown,,תרמוס 1400 ml ארטוס,,0.00,,false,1,99.00,0.00,false,1,22297
7290110475956,false,צידנית טרולי 45 ל,Unknown,,צידנית טרולי 45 ל,,0.00,,false,1,79.00,0.00,false,1,20910
7290110475963,false,"תרמוס עם כוס 1400 מ""ל",Unknown,,תרמוס 1400 ml ארטוס,,0.00,,false,1,99.00,0.00,false,1,20543
7290110476014,false,זרוע לרכב לדשבורד EL,Unknown,,מעמד מגנטי לרכב,,1.00,יחידה,false,1,39.90,39.90,false,1,20317
7290110476038,false,שלישיית עצי ריח,Unknown,,שלישיית עצי ריח,,1.00,יחידה,false,1,10.00,10.00,false,1,20318
7290110476045,false,שלישיית עצי ריח,Unknown,,שלישיית עצי ריח,,1.00,יחידה,false,1,10.00,10.00,false,1,20319
7290110476052,false,שלישיית עצי ריח,Unknown,,שלישיית עצי ריח,,1.00,יחידה,false,1,10.00,10.00,false,1,20320
7290110476069,false,שלישיית עצי ריח,Unknown,,שלישיית עצי ריח,,1.00,יחידה,false,1,10.00,10.00,false,1,20321
7290110476076,false,שלישיית עצי ריח,Unknown,,שלישיית עצי ריח,,1.00,יחידה,false,1,10.00,10.00,false,1,20322
7290110476083,false,שלישיית עצי ריח,Unknown,,שלישיית עצי ריח,,1.00,יחידה,false,1,10.00,10.00,false,1,20323
7290110476090,false,כסא ים GROUND CHAIR,Unknown,,כסא ים GROUND CHAIR,,0.00,,false,1,129.00,0.00,false,1,20232
7290110476151,false,מדליק פחמים מהיר,Unknown,,מדליק פחמים מהיר,,0.00,,false,1,49.00,0.00,false,1,20912
7290110476205,false,קומבו צידניות,Unknown,,קומבו צידניות,,0.00,,false,1,199.00,0.00,false,1,21448
7290110476229,false,צידנית קשיחה 50 ל',Unknown,,צידנית קשיחה 50 ל,,0.00,,false,1,299.00,0.00,false,1,20913
7290110476267,false,מטען קיר מאושר אפל 2,Unknown,,מטען קיר 20 וואט,,0.00,,false,1,119.00,0.00,false,1,20914
7290110476281,false,מ.קמפינג מתקפלת,Unknown,,מ.קמפינג מתקפלת,,0.00,,false,1,149.00,0.00,false,1,20916
7290110476298,false,עגלת שטח צבאית,Unknown,,עגלת שטח צבאית,,0.00,,false,1,349.00,0.00,false,1,21002
7290110476373,false,עגלת שטח פרימיום,Unknown,,עגלת שטח פרימיום,,0.00,,false,1,349.00,0.00,false,1,20919
7290110476380,false,ג. 8 מטר חיבור usb,Unknown,,ג. 8 מטר חיבור usb,,0.00,,false,1,149.00,0.00,false,1,20920
7290110476496,false,גרנילדה 8 מטרים עם פ,Unknown,,גרילנדה 8 מטרים,,0.00,,false,1,199.90,0.00,false,1,23678
7290110476526,false,קומקום לשטח camp&go,Unknown,,קומקום לשטח camp&go,,0.00,,false,1,99.00,0.00,false,1,22236
7290110476557,false,תיק עם שלוקר 3 ל,Unknown,,תיק עם שלוקר 3 ל,,0.00,,false,1,79.00,0.00,false,1,20921
7290110476571,false,מטען רכב QC3.0 +PD,Unknown,,מטען רכב QC3.0 +PD,,0.00,,false,1,49.90,0.00,false,1,22165
7290110476588,false,כבל METAL CHARGE אייפון,Unknown,,כבל CHARGE אייפון,,0.00,,false,1,29.00,0.00,false,1,21152
7290110476595,false,כבל METAL CHARGE מיק,Unknown,,כבל מיקרו usb,,0.00,,false,1,29.00,0.00,false,1,21153
7290110476601,false,כבל מטאל טייפ סי,Unknown,,כבל טייפ סי,,0.00,,false,1,29.00,0.00,false,1,21158
7290110476618,false,כבל METAL CHARGE טיי,Unknown,,כבל M.C סי טו סי,,0.00,,false,1,29.00,0.00,false,1,21154
7290110476625,false,כבל IN CHARGE אייפון,Unknown,,כבל IN CHARGE אייפון,,0.00,,false,1,29.90,0.00,false,1,22166
7290110476632,false,כבל IN CHARGE מיקרו USB,Unknown,,כבל IN CHARGE מיקרו,,0.00,,false,1,29.90,0.00,false,1,22167
7290110476649,false,כבל IN CHARGE טיפ סי,Unknown,,כבל IN CHARGE טיפ סי,,0.00,,false,1,29.90,0.00,false,1,22168
7290110476656,false,כבל טעינה טייפ סי לטייפ סי,Unknown,,כבל IN CHARGE טיפ סי,,0.00,,false,1,29.90,0.00,false,1,22169
7290110476687,false,ר.לאפל ווטש ב.מטאלי,Unknown,,ר.לאפל ווטש ב.מטאלי,,0.00,,false,1,99.00,0.00,false,1,22170
7290110476694,false,ר.לאפל ווטש מ.נילון,Unknown,,ר.לאפל ווטש מ.נילון,,0.00,,false,1,99.00,0.00,false,1,22171
7290110476700,false,ר.לאפל ווטש ב. מטאלי,Unknown,,ר.לאפל ווטש ב. מטאלי,,0.00,,false,1,99.00,0.00,false,1,22172
7290110476717,false,רצועה לאפל ווטש,Unknown,,רצועה לאפל ווטש,,0.00,,false,1,99.00,0.00,false,1,22173
7290110476731,false,כיסוי קשיח לאירפודס,Unknown,,כיסוי קשיח לאירפודס,,0.00,,false,1,49.00,0.00,false,1,22175
7290110476816,false,פנס נטען ארטוס,Unknown,,פנס נטען ארטוס,,0.00,,false,1,99.00,0.00,false,1,21355
7290110476847,false,ציליית לייקרה משפחתי,Unknown,,צילייה משפחתית,,0.00,,false,1,299.00,0.00,false,1,21631
7290110476878,false,גריל מעשנה 13 אינץ,Unknown,,גריל מעשנה 13 אינץ,,0.00,,false,1,699.00,0.00,false,1,21495
7290110477004,false,"שולחן פיקניק מאלומיניום 27*40*60 ס""מ",Unknown,,ש.פיקניק אלומיניום,,0.00,,false,1,69.00,0.00,false,1,21588
7290110477028,false,א.קשת אלחוטיות ירוק,Unknown,,א.קשת אלחוטיות ירוק,,0.00,,false,1,49.00,0.00,false,1,23375
7290110477080,false,קומפרסור נטען AIR ST,Unknown,,קומפרסור נטען,,1.00,יחידה,false,1,99.00,99.00,false,1,21725
7290110477097,false,אוזניות קשת אלחוטיות,Unknown,,אוזניות קשת אלחוטיות,,0.00,,false,1,49.00,0.00,false,1,23376
7290110477110,false,זרוע טלסקופית לרכב,Unknown,,זרוע טלסקופית לרכב,,0.00,,false,1,49.00,0.00,false,1,21726
7290110477127,false,מ.למזגן טעינה אלחוטי,Unknown,,מ.למזגן טעינה אלחוטי,,0.00,,false,1,99.00,0.00,false,1,21727
7290110477134,false,מטען רכב משפחתי,Unknown,,מטען רכב משפחתי,,0.00,,false,1,99.00,0.00,false,1,21728
7290110477158,false,פנס פרוזקטור נטען,Unknown,,פנס פרוזקטור נטען,,0.00,,false,1,99.00,0.00,false,1,21730
7290110477189,false,תאורת נטענת לקמפינג,Unknown,,תאורת נטענת לקמפינג,,0.00,,false,1,49.00,0.00,false,1,22383
7290110477219,false,אוזניות TWS ARTOS,Unknown,,אוזניות TWS ARTOS,,0.00,,false,1,99.00,0.00,false,1,22237
7290110477240,false,אוזניות חוטיות מדונה,Unknown,,אוזניות חוטיות מדונה,,0.00,,false,1,49.90,0.00,false,1,22176
7290110477295,false,שולחן אלומיניום מתקפל 70*70 COMPACT TABLE,Unknown,,ש.אלומיניום מתקפל,,0.00,,false,1,199.00,0.00,false,1,22384
7290110477301,false,שולחן אלומניום מתקפל,Unknown,,שולחן אלומניום מתקפל,,0.00,,false,1,349.00,0.00,false,1,22385
7290110477318,false,שולחן קמפינג מתקפל,Unknown,,שולחן קמפינג מתקפל,,0.00,,false,1,99.00,0.00,false,1,22386
7290110477325,false,ארון שירות לקמפינג,Unknown,,ארון שירות לקמפינג,,0.00,,false,1,299.00,0.00,false,1,22387
7290110477332,false,אוזניות בלוטוס HEAD,Unknown,,אוזניות בלוטוס HEAD,,0.00,,false,1,199.00,0.00,false,1,22177
7290110477349,false,אוזניות אלחוטיות,Unknown,,אוזניות אלחוטיות,,0.00,,false,1,199.00,0.00,false,1,22178
7290110477356,false,אוהל תעלה,Unknown,,אוהל תעלה,,0.00,,false,1,599.00,0.00,false,1,22388
7290110477455,false,מטען רכב PD,Unknown,,מטען רכב PD,,0.00,,false,1,39.90,0.00,false,1,22179
7290110477486,false,צידנית חשמלית לרכב 8 ליטר,Unknown,,צידנית חשמלית לרכב,,0.00,,false,1,299.00,0.00,false,1,22910
7290110477493,false,ציידנית ט.חשמלית 50ל,Unknown,,ציידנית ט.חשמלית 50ל,,0.00,,false,1,799.00,0.00,false,1,23090
7290110477578,false,מיכל מים 2 גלון,Unknown,,מיכל מים 2 גלון,,0.00,,false,1,199.00,0.00,false,1,22392
7290110477585,false,סוללת גיבוי מגנטית,Unknown,,סוללת גיבוי מגנטית,,0.00,,false,1,99.00,0.00,false,1,22239
7290110477592,false,ערכת הישרדות,Unknown,,ערכת הישרדות,,0.00,,false,1,149.00,0.00,false,1,22607
7290110477608,false,ע.קפה וגזיה אלפינית,Unknown,,ע.קפה וגזיה אלפינית,,0.00,,false,1,99.00,0.00,false,1,22393
7290110477615,false,שישה שאקלים,Unknown,,שישה שאקלים,,0.00,,false,1,29.00,0.00,false,1,22394
7290110477622,false,אקדח עיסוי נטען,Unknown,,אקדח עיסוי נטען,,0.00,,false,1,99.00,0.00,false,1,22608
7290110477639,false,מתאם AUDIO TYPE C,Unknown,,מתאם AUDIO TYPE C,,0.00,,false,1,59.00,0.00,false,1,23378
7290110477653,false,אוזניות TWS אלומינ,Unknown,,אוזניות TWS אלומינ,,0.00,,false,1,129.00,0.00,false,1,22912
7290110477660,false,עצי ריח מעוצבים,Unknown,,עצי ריח מעוצבים,,0.00,,false,1,5.90,0.00,false,1,23379
7290110477677,false,כבל 2 מטר,Unknown,,כבל 2 מטר,,0.00,,false,1,29.90,0.00,false,1,23380
7290110477721,false,מטען אלחוטי 3 ב1,Unknown,,מטען אלחוטי 3 ב1,,0.00,,false,1,99.00,0.00,false,1,23381
7290110477837,false,אוזניות TWS שקופות,Unknown,,אוזניות TWS שקופות,,0.00,,false,1,99.00,0.00,false,1,23776
7290110477851,false,זרוע מגנטית לדשבורד,Unknown,,זרוע מגנטית לדשבורד,,0.00,,false,1,39.90,0.00,false,1,23778
7290110477875,false,זרוע מגנטית למגנט,Unknown,,זרוע מגנטית למגנט,,0.00,,false,1,39.90,0.00,false,1,23779
7290110550363,false,"פריכיות משולשות תירס, אורז שיבולת שועל, קינואה",אנרג'י Energy - שטראוס,,פריכיות ק.מלח 65ג,,65.00,100 גרם,false,1,11.90,18.31,true,1,23464
7290110550370,false,פריכיות משולשות קינואה ופלפל שחור 65 גרם,שטראוס גרופ בע`מ,,משולשות קינואה,,65.00,100 גרם,false,1,11.90,18.31,false,1,23382
7290110550400,false,שוקולד פרה בלונדבוטנ,Unknown,,בלונדי בוטנים מלוחים,,100.00,100 גרם,false,1,10.00,10.00,true,1,22063
7290110550417,false,שוקולד בלונדי שומשום,Unknown,,בלונדי שומשום קרמל,,100.00,100 גרם,false,1,10.00,10.00,true,1,22064
7290110550646,false,עוגיות עלית שוקוציפס,Unknown,,THINS ע.שוקוציפס,,136.00,100 גרם,false,1,12.00,8.82,true,1,22065
7290110550691,false,שוקולד פרה במילוי פטל 50 גרם,מיוצר עי קונדיטוריית,,ח.פרה ממולדה פטל,,50.00,100 גרם,false,1,6.60,13.20,true,1,21732
7290110550707,false,שוקולד פרה במילוי אננס 50 גרם,מיוצר עי קונדיטוריית,,ח.פרה ממולדה אננס,,50.00,100 גרם,false,1,6.90,13.80,true,1,21733
7290110551117,false,שוקולד פרה לבן עם סו,STRAUSS-ISRAEL,,ש.פרה לבן ס.קופצות,,90.00,100 גרם,false,1,9.00,10.00,true,1,22241
7290110551612,false,ספלנדיד צאנקס חלב 36% אגוזים ושקדים,"שטראוס גרופ בע""\מ",,ספלנדיד ש.חלב אגוז,,95.00,100 גרם,false,1,13.90,14.63,true,1,21984
7290110551629,false,ספלנדיד צאנקס מריר 62% אגוזים ושקדים,"שטראוס גרופ בע""\מ",,ספלנדיד ש.מריר אגוז,,95.00,100 גרם,false,1,13.90,14.63,true,1,21985
7290110551773,false,איחולים מתוקים 137ג,Unknown,,איחולים מתוקים 137ג,,137.00,100 גרם,false,1,26.90,19.64,true,1,22432
7290110551988,false,טעמי לבן 40 גרם,Unknown,,טעמי לבן 40 גרם,,40.00,100 גרם,false,1,6.90,17.25,true,1,22913
7290110552817,false,צנצנת מסטיק - גלידה לימון 58 גרם וועסטהיים,שטראוס גרופ בע`מ,,מסטיק ג.לימון 58 גר,,58.00,100 גרם,false,1,12.00,20.69,true,1,23462
7290110553029,false,"אנרג'י קריספס-פריכיות חומוס, עדשים ואפונה עם קייל וסלק","פרח תעשיו מזון בע""מ",,פריכיות חלבון 60 ג,,60.00,100 גרם,false,1,11.90,19.83,false,1,22267
7290110553036,false,קריספס-פריכיות עם אפונה ובטטה סגולה בטעם בצל מקורמל,"פרח תעשיו מזון בע""מ",,פריכת בטטה אפונה 60ג,,60.00,100 גרם,false,1,11.90,19.83,false,1,22268
7290110553098,false,מאגדת חטיפים אנרג'י מיקס צימוקים אגוזים 100X4 גרם,אנרג'י Energy - שטראוס,,אנרגי צימוק ש. חלב,,100.00,100 גרם,false,1,19.90,19.90,false,1,23607
7290110553173,false,אנרגי פריכיות אורז בטעם קרמל 50 גרם,שטראוס גרופ בע`מ,,פריכיות קרמל,,40.00,100 גרם,false,1,8.90,22.25,false,1,23383
7290110553180,false,אנרגי פריכיות אורז בטעם תפוח קינמון 50 ג,שטראוס גרופ בע`מ,,פריכיות תפוח קינמון,,40.00,100 גרם,false,1,8.90,22.25,false,1,23384
7290110553210,false,בוטנים הוט באפלו ווינגס סבבה עלית 50 גר,שטראוס פריטו ליי בע`מ,,סבבה בוטנים הוט 50ג,,50.00,100 גרם,false,1,3.00,6.00,true,1,23385
7290110553401,false,בינז אייס קופי לאטה,מונסטרלנד לולף,,.7יס לאטה וניל Beanz,,250.00,"100 מ""ל",false,1,7.60,2.92,true,1,23163
7290110553449,false,מילקי סנאק 6יחידות 123 ג,שטראוס גרופ בעמ/מצונן,,מילקי סנאק 6 יח,,123.00,100 גרם,false,1,16.90,13.74,false,1,23590
7290110553494,false,דוריטוס DIPPAS תירס כחול 185 גר* 12,שטראוס פריטו ליי בעמ,,דוריטוס תירס כחול,,185.00,100 גרם,false,1,12.70,6.86,true,1,22435
7290110553623,false,צ'יטוס קראנצ'י בטעם צ'דר חלפיניו - חלבי,"שטראוס פריטו ליי בע""\מ )",,ציטוס צ.חלפיניו 80ג,,80.00,100 גרם,false,1,6.60,8.25,true,1,23111
7290110553883,false,רביעיית טורטית לבנה,Unknown,,רביעיית טורטית לבנה,,160.00,100 גרם,false,1,19.90,12.44,true,1,22242
7290110554453,false,בינז אייס קופי לאטה,מונסטרלנד לולף,,אייס לאטה מוקה Beanz,,250.00,"100 מ""ל",false,1,7.60,2.92,true,1,23164
7290110554477,false,קפסולת אספרסו לאפוגטו טעם מייפל פקאן 50 ג' עלית,שטראוס קפה בי.וי.,,ק.א.לאפוגטו מייפל פק,,0.00,,false,1,16.50,0.00,false,1,23112
7290110554545,false,קפסולת אספרסו לאפוגטו טעם קוקוס 50 ג' עלית,שטראוס קפה בי.וי.,,ק.א.לאפוגטו עם קוקוס,,0.00,,false,1,16.50,0.00,false,1,23113
7290110554729,false,קפסולות עלית אספרסו 04 תואמות למכונות NESPRESSO,שטראוס קפה בי.וי.,,קפסולה 04 NESPRESSO,,10.00,יחידה,false,1,16.50,1.65,true,1,22914
7290110554828,false,"פסק זמן קלאסי כשל""פ43*3ג","שטראוס גרופ בע""\מ",,שלישיית פסק זמן כשלפ,,129.00,100 גרם,false,1,19.90,15.43,true,1,22436
7290110555078,false,לאבנה עם שמן זית ועשבי תיבול שטראוס 250 גרם,שטראוס גרופ בעמ/מצונן,,לאבנה עם שמן זית,,250.00,100 גרם,false,1,12.90,5.16,false,1,23654
7290110555306,false,רבע לשבע טבעוני סינמון באן עלית 125 גרם,"הגביע מוצרי וופלים בע""\מ",,ר.לשבע סינמון באן ט,,125.00,100 גרם,false,1,14.50,11.60,true,1,23781
7290110555337,false,נמס ICE קלאסי 250 מל,מונסטרלנד לולף,,נמס ICE קלאסי 250 מל,,250.00,"100 מ""ל",false,1,9.90,3.96,true,1,23592
7290110555344,false,"ICE נמס וניל 250 מ""ל",שטראוס גרופ,,נמס ICE וניל 250 מל,,250.00,"100 מ""ל",false,1,9.90,3.96,true,1,23593
7290110555368,false,רבע לשבע טבעוני מרשמלו עלית 125 גרם,"הגביע מוצרי וופלים בע""\מ",,רבע לשבע ט.מרשמלו,,125.00,100 גרם,false,1,14.50,11.60,true,1,23782
7290110556242,false,"שוקולד מריר פרווה 100 גר' בד""ץ תוצרת חוץ","שטראוס גרופ בע""מ.",,ש.פרה מריר 100ג חדש,,100.00,100 גרם,false,1,9.00,9.00,true,1,23501
7290110557003,false,נשנוש חומוס פלפלים ק,"שטראוס גרופ בע""מ",,אחלה חומוס פלפלים,,120.00,100 גרם,false,1,12.00,10.00,false,1,22066
7290110557164,false,טעמי בלונדי שקדים 40 גרם,שטראוס גרופ,,טעמי בלונדי שקדים,,42.00,100 גרם,false,1,6.90,16.43,true,1,21905
7290110557171,false,טעמי בלונדי בייגלה 40 גרם,שטראוס גרופ,,טעמי בלונדי בייגלה,,42.00,100 גרם,false,1,6.90,16.43,true,1,21906
7290110557560,false,עוגת בראוניס עם קרמב,STRAUSS-ISRAEL,,עוגת בראוני קראמבל,,380.00,100 גרם,false,1,18.90,4.97,true,1,22522
<<<<<<< HEAD
7290110557645,false,מאגדת חטיפים אנרג'י מיקס צימוקים חמוציות 100X4 גרם,קונסרב איטליה,,אנרגי צימוק וש.לבן,,100.00,100 גרם,false,1,19.90,19.90,false,1,23608
7290110558284,false,דנונה ביו מולטי שטראוס 200 גרם,"שטראוס בריאות בע""\מ",,דנונה ביו מולטי,,200.00,100 גרם,false,1,4.50,2.25,false,1,23655
7290110558307,false,יוגורט דנונה PRO עם שיבולת שועל במתיקות מעודנת,"שטראוס בריאות בע""\מ",,דנונה פרו ש.שועל,,200.00,100 גרם,false,1,7.50,3.75,false,1,24155
7290110558314,false,דנונה פרו 20 גרם חלבון ללא סוכר פיסטוק 200 גרם,"שטראוס בריאות בע""\מ",,דנונה פרו פיסטוק,,200.00,100 גרם,false,1,6.90,3.45,false,1,23386
7290110558338,false,דנונה פרו 25 ג' חלבון 200 ג' שטראוס,"שטראוס בריאות בע""\מ",,פרו 25 גר חלבון,,200.00,100 גרם,false,1,6.90,3.45,false,1,24156
7290110559038,false,מילקשייק שוקו+סירופ300מ,מחלבת יטבתה,,מילקשייק שוקו+סירופ,,300.00,"100 מ""ל",false,1,8.90,2.97,false,1,23321
7290110559045,false,מילקשייק וניל+סירופ300מ,מחלבת יטבתה,,מילקשייק וניל+סירופ,,300.00,"100 מ""ל",false,1,8.90,2.97,false,1,23320
=======
7290110557645,false,מאגדת חטיפים אנרג'י מיקס צימוקים חמוציות 100X4 גרם,שטראוס גרופ בע`מ,,אנרגי צימוק וש.לבן,,100.00,100 גרם,false,1,19.90,19.90,false,1,23608
7290110558284,false,דנונה ביו מולטי שטראוס 200 גרם,שטראוס גרופ בעמ/מצונן,,דנונה ביו מולטי,,200.00,100 גרם,false,1,4.50,2.25,false,1,23655
7290110558307,false,יוגורט דנונה PRO עם שיבולת שועל במתיקות מעודנת,שטראוס גרופ בעמ/מצונן,,דנונה פרו ש.שועל,,200.00,100 גרם,false,1,7.50,3.75,false,1,24155
7290110558314,false,דנונה פרו 20 גרם חלבון ללא סוכר פיסטוק 200 גרם,שטראוס גרופ בעמ/מצונן,,דנונה פרו פיסטוק,,200.00,100 גרם,false,1,6.90,3.45,false,1,23386
7290110558338,false,דנונה פרו 25 ג' חלבון 200 ג' שטראוס,שטראוס גרופ בעמ/מצונן,,פרו 25 גר חלבון,,200.00,100 גרם,false,1,6.90,3.45,false,1,24156
7290110559038,false,"מילקשייק שוקו עם סירופ 300מ""ל",שטראוס גרופ ***בעמ,,מילקשייק שוקו+סירופ,,300.00,"100 מ""ל",false,1,8.90,2.97,false,1,23321
7290110559045,false,"מילקשייק וניל עם סירופ 300מ""ל",שטראוס גרופ ***בעמ,,מילקשייק וניל+סירופ,,300.00,"100 מ""ל",false,1,8.90,2.97,false,1,23320
>>>>>>> d048ac2f4f281c9d788043ab4e81b61b0dbe3743
7290110560300,false,"הפריכיות הטעימות חומוס, עדשים שחורות, קינואה ופלפל שחור",אנרג'י Energy - שטראוס,,משולשות פלפל שחור,,30.00,100 גרם,false,1,7.00,23.33,true,1,18033
7290110560317,false,"הפריכיות הטעימות חומוס, עדשים שחורות, קינואה ומלח ים","פרח תעשיו מזון בע""מ",,משולשות מלח ים,,30.00,100 גרם,false,1,7.00,23.33,true,1,18034
7290110560324,false,"הפריכיות הטעימות תפו""א, אורז, אפונה ומלח ים","פרח תעשיו מזון בע""מ",,משולשות אפונה ירוקה,,30.00,100 גרם,false,1,7.00,23.33,true,1,18550
7290110560836,false,מילקי בטעם פסק זמן 133 ג,מיוצר עי קונדיטוריית,,מילקי פסק זמן,,170.00,"100 מ""ל",false,1,3.90,2.29,true,1,17160
7290110561918,false,תפוציפס אפוי בטעם יוגורט ושום שמיר 45 גר,שטראוס פריטו ליי בעמ,,תפוציפס אפוי יוגורט,,50.00,100 גרם,false,1,5.90,11.80,true,1,18500
7290110563431,false,"משקה קפה קר בסגנון קלאסי 230 מ""ל 1.6% יוטבתה",שטראוס גרופ בעמ/מצונן,,אייס קפה יטבתה קלאסי,,230.00,"100 מ""ל",false,1,10.00,4.35,true,1,18193
7290110563448,false,"משקה קפה קר בסגנון מעודן 230 מ""ל 1.6% יוטבתה",שטראוס גרופ בעמ/מצונן,,אייס קפה יטבתה מעודן,,230.00,"100 מ""ל",false,1,10.00,4.35,true,1,18194
7290110563455,false,חלב דל לקטוז 3% שומן 1 ל' יטבתה,מחלבת יטבתה,,חלב דל לקטוז 3%,,1.00,1 ליטר,false,1,8.50,8.50,false,1,22832
7290110563462,false,חלב 2% דל לקטוז בבקבוק יטבתה 1 ליטר.,שטראוס גרופ בעמ/מצונן,,יטבתה חלב נטול,,1.00,1 ליטר,false,1,9.00,9.00,true,1,22644
7290110563851,false,אנרגי חטיפי דגנים אגוזים ושוקולד חלב מא6,"שטראוס גרופ בע""\מ",,מאגדת תחתית חלב,,144.00,100 גרם,false,1,16.00,11.11,true,1,17793
7290110563868,false,אנרגי חטיפי דגנים אגוזים ושוקולד מריר מ6,"שטראוס גרופ בע""\מ",,אנרגי מאג תחתית מריר,,144.00,100 גרם,false,1,16.00,11.11,true,1,18613
7290110564339,false,חומוס אחלה הסידרה המובחר 30% טחינה 400 גר',שטראוס גרופ בעמ/מצונן,,חומוס עשיר ב30%טחינה,,400.00,100 גרם,false,1,16.00,4.00,true,1,17165
7290110564346,false,שוק.בלונדי ק.בראוניז100ג,"שטראוס גרופ בע""\מ",,בלונדי קרם בראוניז,,100.00,100 גרם,false,1,10.00,10.00,true,1,18892
7290110564353,false,בלונדי קרם אגוזי לוז100ג,"שטראוס גרופ בע""\מ",,בלונדי קרם אגוזי לוז,,100.00,100 גרם,false,1,10.00,10.00,true,1,18893
7290110564360,false,חומוס אחלה הסידרה המובחר 40% טחינה 400 גר',שטראוס גרופ בעמ/מצונן,,חומוס עשיר ב40%טחינה,,400.00,100 גרם,false,1,16.00,4.00,true,1,17166
7290110564742,false,"משקה קפה קר בסגנון חזק 230 מ""ל 1.2% יוטבתה",שטראוס גרופ בעמ/מצונן,,אייס קפה יטבתה חזק,,230.00,"100 מ""ל",false,1,10.00,4.35,true,1,18195
7290110565527,false,יוגורט PRO פרו 1.5% 20 גרם חלבון בגביע,שטראוס גרופ בעמ/מצונן,,דנונה פרו 20ג חלבון,,20.00,100 גרם,false,1,6.90,34.50,true,1,17023
7290110565664,false,עוגת בראוניז מריר+קרם380,"שטראוס גרופ בע""\מ",,בראוניז ש.מריר וקרם,,380.00,100 גרם,false,1,20.50,5.39,true,1,17746
7290110565923,false,אנרגי תחתית מריר,Unknown,,אנרגי תחתית מריר,,24.00,100 גרם,false,1,5.00,20.83,true,1,17531
7290110565930,false,אנרגי תחתית ש.חלב,Unknown,,אנרגי תחתית ש.חלב,,24.00,100 גרם,false,1,5.00,20.83,true,1,17532
7290110566418,false,גלילי וופל רבע לשבע,"הגביע מוצרי וופלים בע""\מ",,רבע לשבע מריר 60%,,120.00,100 גרם,false,1,14.50,12.08,true,1,17492
7290110566623,false,קפסולות קולומביה עלית 08 למכונת נספרסו מארז 5X10ג',שטראוס קפה בי.וי.,,קפסולות 08 קולומביה,,0.00,,false,1,16.50,0.00,false,1,23114
7290110566975,false,דנונה פרו יוגורט 0% תות עשיר בחלבון 200ג',שטראוס גרופ בעמ/מצונן,,דנונה פרו תות 20ג חל,,20.00,100 גרם,false,1,6.90,34.50,true,1,17358
7290110567064,false,מאסט POWER MINT מנטה ופטל 64 גרם,אסקום קונפקשיין,,מאסט בוקסי מנטה פטל,,64.00,100 גרם,false,1,12.00,18.75,true,1,18005
7290110567255,false,אנרגי בטעם טעמי,Unknown,,אנרגי בטעם טעמי,,28.00,100 גרם,false,1,5.00,17.86,true,1,17535
7290110567309,false,פסק זמן בלונדי קרם חלב45,"שטראוס גרופ בע""\מ",,פסק זמן בלונדי ק.חלב,,45.00,100 גרם,false,1,7.50,16.67,true,1,17806
7290110568276,false,"משקה יוטבתה פרו וניל לשתיה 350מ""ל",שטראוס גרופ בעמ/מצונן,,משקה פרו וניל 350מל,,350.00,"100 מ""ל",false,1,7.50,2.14,true,1,19155
7290110568627,false,חטיף שוקולד פסק זמן,STRAUSS-ISRAEL,,פסק זמן רול אגוזים,,28.00,100 גרם,false,1,7.50,26.79,true,1,18006
7290110568924,false,חטיף שוקולד פסק זמן,STRAUSS-ISRAEL,,פסז ק.חלב וקוקוס,,26.00,100 גרם,false,1,7.50,28.85,true,1,18007
<<<<<<< HEAD
7290110570125,false,יטבתה אייס אייריש קר,Unknown,,יטבתה אייס אייריש קר,,230.00,100 גרם,false,1,10.00,4.35,false,1,23783
7290110570224,false,"משקה קפה קר בטעם עוגיות יטבתה 230 מ""ל",אנסטל מילק kg,,קפה קר עוגיות,,230.00,100 גרם,false,1,10.00,4.35,false,1,23493
7290110570521,false,חציל פיקנטי 125 גרם אחלה,"שטראוס גרופ בע""\מ",,חציל פיקנטי יום יום,,125.00,100 גרם,false,1,6.20,4.96,false,1,23656
=======
7290110570125,false,"משקה קפה קר בטעם אייריש קרים 230מ""ל",שטראוס גרופ ***בעמ,,יטבתה אייס אייריש קר,,230.00,100 גרם,false,1,10.00,4.35,false,1,23783
7290110570224,false,משקה קפה קר בטעם עוגיות (230 גר`) יטבתה,שטראוס גרופ בעמ/מצונן,,קפה קר עוגיות,,230.00,100 גרם,false,1,10.00,4.35,false,1,23493
7290110570521,false,חציל פיקנטי 125 גרם אחלה,שטראוס גרופ ***בעמ,,חציל פיקנטי יום יום,,125.00,100 גרם,false,1,6.20,4.96,false,1,23656
>>>>>>> d048ac2f4f281c9d788043ab4e81b61b0dbe3743
7290110571375,false,"אנרג'י מיקס תערובת צימוקים, תמרים, טופי ושברי פקאן",אנרג'י Energy - שטראוס,,אנרגי טופי ופקאן,,100.00,100 גרם,false,1,19.90,19.90,false,1,23645
7290110571399,false,צנצנת קוביות מסטיק בטעם גלידה תות 58 גר`,שטראוס גרופ בע`מ,,מסטיק ג.תות 58 גרם,,58.00,100 גרם,false,1,12.00,20.69,true,1,23463
7290110571405,false,עלית - מיני פינוקיות בגביע פסק זמן 180 גרם,שטראוס גרופ בע`מ,,מיני פי.גביע פסק זמן,,180.00,100 גרם,false,1,14.90,8.28,true,1,23784
7290110571412,false,מיני פינוקיות - פאדג' שוקולד בגביע 180 גרם,שטראוס גרופ בע`מ,,מיני פי. בגביע פאדג,,180.00,100 גרם,false,1,14.90,8.28,true,1,23785
7290110571474,false,אצבעות רבע לשבע טבעוני פופקורן 125גר`,"הגביע מוצרי וופלים בע""\מ",,רבע לשבע פופקורן,,150.00,100 גרם,false,1,14.50,9.67,true,1,23410
7290110572129,false,כיף כף מקלות שוקולד לבן 40 ג' עלית,סולן בעבור שטראוס,,כיף כף מ.שוקולד לבן,,40.00,100 גרם,false,1,7.00,17.50,true,1,23786
<<<<<<< HEAD
7290110577230,false,משקה חלב בטעם פיסטוק בבקבוק יטבתה 1 ליטר,שטראוס גרופ,,משקה חלב פיסטוק,,1.00,1 ליטר,false,1,12.40,12.40,false,1,24170
7290110577247,false,"יטבתה משקה חלב-פיסטוק בבקבוק 350 מ""ל",שטראוס גרופ,,משקה חלבפיסטוק 350,,350.00,100 גרם,false,1,7.50,2.14,false,1,23787
7290110577711,false,ש.חלבון פירות יער,Unknown,,ש.חלבון פירות יער,,350.00,"100 מ""ל",false,1,8.50,2.43,true,1,24188
7290110577728,false,ש.חלבון אפרסק ומנגו,Unknown,,ש.חלבון אפרסק ומנגו,,350.00,"100 מ""ל",false,1,8.50,2.43,true,1,24189
=======
7290110577230,false,משקה חלב בטעם פיסטוק בבקבוק יטבתה 1 ליטר,שטראוס גרופ בעמ/מצונן,,משקה חלב פיסטוק,,1.00,1 ליטר,false,1,12.40,12.40,false,1,24170
7290110577247,false,"יטבתה משקה חלב-פיסטוק בבקבוק 350 מ""ל",שטראוס גרופ בעמ/מצונן,,משקה חלבפיסטוק 350,,350.00,100 גרם,false,1,7.50,2.14,false,1,23787
7290110577711,false,שייק חלבון מי גבינה עם אפרסק ומנגו 350גר,שטראוס גרופ בעמ (ח),,ש.חלבון פירות יער,,350.00,"100 מ""ל",false,1,8.50,2.43,true,1,24188
7290110577728,false,שייק חלבון מי גבינה עם פירות יער 350גר,שטראוס גרופ בעמ (ח),,ש.חלבון אפרסק ומנגו,,350.00,"100 מ""ל",false,1,8.50,2.43,true,1,24189
>>>>>>> d048ac2f4f281c9d788043ab4e81b61b0dbe3743
7290110856243,false,ציל סיגריה אלקטרונית,Unknown,,chill-ענבים,,0.00,,false,1,49.90,0.00,false,1,23061
7290110856250,false,ציל סיגריה אלקטרונית,Unknown,,chill-תפוח,,0.00,,false,1,49.90,0.00,false,1,23062
7290110856267,false,ציל סיגריה אלקטרונית,Unknown,,chill-אבטיח,,0.00,,false,1,49.90,0.00,false,1,23063
7290110856298,false,ציל סיגריה אלקטרונית,Unknown,,chill-פירות יער,,0.00,,false,1,49.90,0.00,false,1,23064
7290110856373,false,ציל סיגריה אלקטרונית,Unknown,,chill-תפוח אפרסק,,0.00,,false,1,49.90,0.00,false,1,23065
7290110856380,false,ציל סיגריה אלקטרונית,Unknown,,chill-תות בננה,,0.00,,false,1,49.90,0.00,false,1,23066
7290110856502,false,ציל סיגריה אלקטרונית,Unknown,,ס.אלקטרונת תות אבטיח,,0.00,,false,1,49.90,0.00,false,1,23711
7290110856519,false,ציל סיגריה אלקטרונית,Unknown,,chill-פטל,,0.00,,false,1,49.90,0.00,false,1,23067
7290111010262,false,מגבות נייר פייפר טאו,Unknown,,מגבות פרש מרקט 6,,63.48,1 מטר,false,1,11.90,0.19,false,1,23292
7290111010316,false,נייר טואלט 24 גלילים,Unknown,,נייר טואלט 24 גלילים,,860.16,1 מטר,false,1,22.90,0.03,false,1,23293
7290111010620,false,ערק כביר אסלי עם לימ,Unknown,,ערק עם לימונים,,700.00,"100 מ""ל",false,1,54.90,7.80,false,1,22698
7290111010637,false,ערק כביר אסלי עם פסי,Unknown,,ערק כביר פסיפלורה,,700.00,"100 מ""ל",false,1,54.90,7.80,false,1,22699
7290111170058,false,לד פנס פוג'יקום,Unknown,,פנס LED,,0.00,,false,1,39.90,0.00,true,1,16563
7290111170553,false,לד פנס ראש פוג'יקום,Unknown,,פנס ראש,,0.00,,false,1,49.90,0.00,false,1,22437
7290111171048,false,קומפרסור אוויר,Unknown,,קומפרסור אוויר,,0.00,,false,1,149.00,0.00,false,1,19808
7290111341984,false,לילי - מגבוני נייר טואלט לח פיור רביעייה,קימברלי קלארק ישראל שיווק בעמ,,נייר טואלט לילי לח*4,,160.00,יחידה,false,1,25.90,0.16,true,1,20173
7290111346125,false,מארז שלישייה מגבוני דיילי קר ללא בישום *56 יח' האגיס,חוגלה קימברלי שיווק בע`מ,,מ.האגיס דיילי קר,,0.00,,false,1,20.90,0.00,false,1,23882
7290111346132,false,מארז שלישייה מגבוני סנסטיב קר ללא בישום *56 יח' האגיס,חוגלה קימברלי שיווק בע`מ,,מ. האגיס סנסטיב,,0.00,,false,1,20.90,0.00,false,1,23883
7290111350719,false,חטיף נאצוס הוטפופ בסגנון מסעדות 322 גר,ליימן שליסל בע`מ,,הוטפופ נאצוס 332גר,,332.00,100 גרם,false,1,18.90,5.69,true,1,23850
7290111350726,false,חטיף נאצוס הוטפופ בסגנון מקסיקני 322 גר,ליימן שליסל בע`מ,,הוטפופ נאצוס מקסיקני,,332.00,100 גרם,false,1,18.90,5.69,true,1,23851
7290111350924,false,קואדרטיני אגוז+כוס250*2ג,Unknown,,לואקר+כוס טרמית,,500.00,100 גרם,false,1,29.90,5.98,true,1,22244
7290111351280,false,תערובת אגוזים קלויים ללא מלח 150 גרם קליית גת,ליימן שליסל,,תערובת אגוזים קלויים,,150.00,100 גרם,false,1,22.90,15.27,true,1,18622
7290111351334,false,קלית גת תמר מגהול650,הדקלאים אגודת שיתופי,,קלית גת תמר מגהול650,,650.00,100 גרם,false,1,29.90,4.60,true,1,24102
7290111354083,false,תערובת אגוזים מקורמל,קליית גת,,ת.אגוזים מקורמלים,,170.00,100 גרם,false,1,24.90,14.65,true,1,22245
7290111354090,false,תערובת אגוזים וחמוציות משוקלדות 150 גרם,קליית גת,,ת.פיצוחים משוקלדות,,120.00,100 גרם,false,1,24.90,20.75,true,1,22246
7290111354175,false,"רביולי חטיפי בוטנים מצופים בטעם ברביקיו, 110 גרם",קליית גת,,רביולי בוטנים מצופים,,120.00,100 גרם,false,1,16.90,14.08,true,1,22247
7290111354182,false,"פריכיות אורז בטעם צ'ילי, 70 גרם",ליימן שליסל,,פרכיות אורז צילי,,70.00,100 גרם,false,1,16.90,24.14,true,1,22248
7290111354229,false,מארז9 ק.התנסות,Unknown,,מארז9 ק.התנסות,,0.00,,false,1,0.00,0.00,true,1,24178
7290111354571,false,מארז 3 קואדרטיני בצידנית לואקר עגולה,ליימן שליסל,,לואקר מארז+ציידנית,,700.00,100 גרם,false,1,39.90,5.70,true,1,23389
7290111354922,false,מארז סניידרס+הוטפופ,סניידרס,,מארז סניידרס+הוטפופ,,640.00,100 גרם,false,1,19.90,3.11,true,1,23788
7290111560873,false,בונז'ור לחמניה עגולה 100ג',Unknown,,לחמניית המבורגר,,100.00,100 גרם,false,1,3.00,3.00,true,1,16302
7290111560910,false,אוסם וופל טעם שוקולד אקסרט מילוי 200 ג,קבוצת אוסם סחר-שות.מוגבלת,,וופל שוקולד 200 גרם,,200.00,100 גרם,false,1,5.90,2.95,true,1,16544
7290111563584,false,אקסטרים וניל כשר לפסח 72,גלידות נסטלה )נגה גלידות,,טילון כשלפ,,72.00,100 גרם,false,1,10.00,13.89,true,1,16965
<<<<<<< HEAD
7290111564239,false,מאגדת מיני קראנץ וניל 5 יח' נסטלה,גלידות נסטלה )נגה גלידות,,מאגדת קראנץ וניל,,275.00,100 גרם,false,1,32.90,11.96,true,1,16585
7290111564277,false,פריכיות דקות ונימוחות 3 דגנים פיטנס Fitness,פרח תעשיות בעמ,,פיטנס פריכיות3 דגנים,,120.00,100 גרם,false,1,13.50,11.25,true,1,16271
7290111564291,false,פריכיות דקות ונימוחות 3 דגנים וקינואה פיטנס Fitness,פרח תעשיות בעמ,,פיטנס פ.עם קינואה,,120.00,100 גרם,false,1,13.50,11.25,true,1,16272
7290111564727,false,עוגיות אסם קרמוגית וקרם אגוזים אסם 200ג',מיוצר עי קונדיטוריית,,קרמוגית קרם אגוזים,,200.00,100 גרם,false,1,14.90,7.45,true,1,20060
7290111564956,false,"ביסלי במבה מיקס 200 גרם ""אסם""",פרו מן יו פתרונות אריזה,,ביסלי במבה מיקס200ג,,200.00,100 גרם,false,1,15.90,7.95,true,1,16352
7290111565502,false,ארטיק אוראו וניל ועוגיות סנדוויץ נסטלה 80 ג',ג'נרל מילס סאן אדריא,,סנדוויץ אוראו,,86.60,100 גרם,false,1,9.90,11.43,true,1,16972
7290111565656,false,במבה במילוי קרם נוגט 150 ג',"אסם תעשיות בע""מ",,במבה נוגט 150גר,,150.00,100 גרם,false,1,15.90,10.60,true,1,16353
7290111566271,false,חטיפי תירס טבעול 657 גרם,עיצובים 2020 (4.8),,טבעול חטיפי תירס,,657.00,100 גרם,false,1,36.90,5.62,true,1,23316
7290111567759,false,עוגת הבית דבש קלאסית 400 גרם,"אסם תעשיות בע""מ",,עוגת הבית דבש קלאסית,,400.00,100 גרם,false,1,17.00,4.25,true,1,17639
7290111568206,false,ביסלי פארטי מיקס אסם 150 גר',פרו מן יו פתרונות אר,,ביסלי פארטי מיקס,,150.00,100 גרם,false,1,15.90,10.60,true,1,17411
7290111568275,false,אטריות נודלס אורז רחבות אסם אסייתי 300גרם,תאי פרזידנט,,נודלס אטריות אורז,,300.00,100 גרם,false,1,12.90,4.30,true,1,24052
7290112000798,false,"דיטול תרסיסי חיטוי וניקוי אנטי בקטריאלי 750 מ""ל",רקיט בנקיזר,,דטול תרסיס חיטוי,,750.00,"100 מ""ל",false,1,15.90,2.12,true,1,20123
7290112000828,false,דטול - מגבונים חיטוי וניקוי אנטי בקטריאלי 60 יח',רקיט בנקיזר,,דטול לחיטוי 60 יחידו,,60.00,יחידה,false,1,15.90,0.26,true,1,20182
7290112000842,false,דטול מגבונים לניקוי כללי בניחות לימון 60 יח',רקיט בנקיזר,,דטול מגבונים לניקוי,,60.00,יחידה,false,1,15.90,0.26,true,1,19944
=======
7290111564239,false,מאגדת מיני קראנץ וניל 5 יח' נסטלה,נגה גלידות שותפות מוגבלת,,מאגדת קראנץ וניל,,275.00,100 גרם,false,1,32.90,11.96,true,1,16585
7290111564277,false,פריכיות דקות ונימוחות 3 דגנים פיטנס Fitness,קבוצת אוסם סחר שותפות מוגבלת,,פיטנס פריכיות3 דגנים,,120.00,100 גרם,false,1,13.50,11.25,true,1,16271
7290111564291,false,פריכיות דקות ונימוחות 3 דגנים וקינואה פיטנס Fitness,קבוצת אוסם סחר שותפות מוגבלת,,פיטנס פ.עם קינואה,,120.00,100 גרם,false,1,13.50,11.25,true,1,16272
7290111564727,false,עוגיות אסם קרמוגית וקרם אגוזים אסם 200ג',קבוצת אוסם סחר שותפות מוגבלת,,קרמוגית קרם אגוזים,,200.00,100 גרם,false,1,14.90,7.45,true,1,20060
7290111564956,false,"ביסלי במבה מיקס 200 גרם ""אסם""",קבוצת אוסם סחר שותפות מוגבלת,,ביסלי במבה מיקס200ג,,200.00,100 גרם,false,1,15.90,7.95,true,1,16352
7290111565502,false,ארטיק אוראו וניל ועוגיות סנדוויץ נסטלה 80 ג',נגה גלידות שותפות מוגבלת,,סנדוויץ אוראו,,86.60,100 גרם,false,1,9.90,11.43,true,1,16972
7290111565656,false,במבה במילוי קרם נוגט 150 ג',קבוצת אסם סחר שות. מוגבלת,,במבה נוגט 150גר,,150.00,100 גרם,false,1,15.90,10.60,true,1,16353
7290111566271,false,טבעול חטיפי תירס 657 גרם קפוא,קבוצת אוסם סחר שותפות מוגבלת,,טבעול חטיפי תירס,,657.00,100 גרם,false,1,36.90,5.62,true,1,23316
7290111567759,false,עוגת הבית דבש קלאסית (400 גרם)אסם.,קבוצת אוסם סחר-שות.מוגבלת,,עוגת הבית דבש קלאסית,,400.00,100 גרם,false,1,17.00,4.25,true,1,17639
7290111568206,false,ביסלי פארטי מיקס אסם 150 גר',קבוצת אוסם סחר שותפות מוגבלת,,ביסלי פארטי מיקס,,150.00,100 גרם,false,1,15.90,10.60,true,1,17411
7290111568275,false,אטריות נודלס אורז רחבות אסם אסייתי 300גרם,קבוצת אוסם סחר שותפות מוגבלת,,נודלס אטריות אורז,,300.00,100 גרם,false,1,12.90,4.30,true,1,24052
7290112000798,false,"דיטול תרסיסי חיטוי וניקוי אנטי בקטריאלי 750 מ""ל",רקיט בנקיזר (ניר איסט) בעמ,,דטול תרסיס חיטוי,,750.00,"100 מ""ל",false,1,15.90,2.12,true,1,20123
7290112000828,false,דטול - מגבונים חיטוי וניקוי אנטי בקטריאלי 60 יח',רקיט בנקיזר (ניר איסט) בעמ,,דטול לחיטוי 60 יחידו,,60.00,יחידה,false,1,15.90,0.26,true,1,20182
7290112000842,false,דטול מגבונים לניקוי כללי בניחות לימון 60 יח',רקיט בנקיזר (ניר איסט) בעמ,,דטול מגבונים לניקוי,,60.00,יחידה,false,1,15.90,0.26,true,1,19944
>>>>>>> d048ac2f4f281c9d788043ab4e81b61b0dbe3743
7290112002228,false,"איירוויק ג'ל פחית בניחוח לבנדר, 70 גרם",רקיט בנקיזר,,פחית ריח לרכב לוונדר,,1.00,יחידה,false,1,10.00,10.00,false,1,20306
7290112002235,false,איירויק פחית גל בניחוח ורדים,רקיט בנקיזר (ניר איסט) בעמ,,פחית ריח לרכב ורדים,,1.00,יחידה,false,1,10.00,10.00,false,1,20307
7290112002259,false,"איירוויק פחית ג'ל בניחוח מרענן, 70 גרם",רקיט בנקיזר (ניר איסט) בעמ,,פחית ריח לרכב-מרענן,,1.00,יחידה,false,1,10.00,10.00,false,1,20308
7290112330352,false,"יוגורט PRO בטעם וניל 0% , 20 גרם חלבון בגביע",שטראוס גרופ בעמ/מצונן,,דנונה פרו וניל 200ג,,200.00,100 גרם,false,1,6.90,3.45,true,1,18551
7290112330390,false,דנונה פרו פירות יער 20 גרם חלבון 0% שומן 200 גרם,שטראוס גרופ בעמ/מצונן,,דנונה פרו פירות יער,,200.00,100 גרם,false,1,6.90,3.45,true,1,18552
7290112330420,false,דנונה פרו לבן 2.9% שומן בודד 150גר,שטראוס גרופ בעמ/מצונן,,דנונה פרו לבן 2.9%,,150.00,"100 מ""ל",false,1,5.00,3.33,false,1,19158
7290112330970,false,שייק חלבון+פירות יער350מ,מחלבת יטבתה,,שייק חלבון פ.יער,,350.00,"100 מ""ל",false,1,8.50,2.43,true,1,18785
7290112330987,false,שייק חלבון מי גבינה עם אפרסק ומנגו 350 מ,שטראוס גרופ,,שייק ח.אפרסק מנגו,,350.00,"100 מ""ל",false,1,8.50,2.43,true,1,18786
7290112330994,false,שייק חלבון פרו אפרסק350מ,מחלבת יטבתה,,שייק פרו אפרסק,,350.00,100 גרם,false,1,8.50,2.43,false,1,24157
7290112331946,false,רבע לשבע טורטית120גרם,"הגביע מוצרי וופלים בע""\מ",,רבע לשבע טורטית,,120.00,100 גרם,false,1,14.50,12.08,true,1,18035
7290112332110,false,שוקולד מריר ללא סוכר,Unknown,,שוקולד מריר 60% ללס,,100.00,100 גרם,false,1,10.90,10.90,true,1,22918
7290112332158,false,בלונדי קרם שמנת 100 גרם,"שטראוס גרופ בע""\מ",,בלונדי ק.שמנת,,100.00,100 גרם,false,1,10.00,10.00,true,1,18895
7290112332585,false,פריכיות משולש תפוא אורז בתיבול סלק ומלח ים אנרג'י 30 גרם,"פרח תעשיו מזון בע""מ",,משולשות תפוא סלק,,30.00,100 גרם,false,1,7.00,23.33,true,1,18553
7290112332653,false,עוגיות סנדוויץ מצופו,STRAUSS-ISRAEL,,עוגיות סנדוויץ מצופv,,240.00,100 גרם,false,1,21.00,8.75,false,1,20545
7290112332691,false,פינוקיות עוגיות קרם פסק זמן אגוזים 200 גרם,"הגביע מוצרי וופלים בע""\מ",,פינוקיות פסק זמן,,200.00,100 גרם,false,1,13.50,6.75,true,1,18672
7290112332721,false,וופל שוקולד חלב מאנץ,Unknown,,מאנץ שוקולד חלב,,100.00,100 גרם,false,1,14.90,14.90,true,1,21545
7290112334879,false,בפלות שוקולד 125ג,Unknown,,בפלות שוקולד 125ג,,125.00,100 גרם,false,1,6.90,5.52,true,1,18722
7290112335043,false,מרשמלו בזוקה עלית 150 גרם ווסטהיים,טופגאם תעשיות ממתקים,,מרשמלו בזוקה,,150.00,100 גרם,false,1,8.00,5.33,true,1,18262
7290112335050,false,מרשמלו וניל 150 גרם ווסטהים,טופגאם תעשיות ממתקים,,מרשמלו וניל קלאסי,,150.00,100 גרם,false,1,8.00,5.33,true,1,18263
7290112335487,false,הפריכיות הטעימות קצח ודגנים אנרג'י 135 גרם,אנרג'י Energy - שטראוס,,פ.טעימות קצח ודגנים,,135.00,100 גרם,false,1,14.90,11.04,true,1,18641
7290112335500,false,"פרכיות אנרג'י חומוס,אורז,עדשים שחורות וקינואה 135 גרם","פרח תעשיות מזון בע""\מ",,פרכיות טעימות חומוס,,135.00,100 גרם,false,1,14.90,11.04,true,1,18554
7290112336644,false,סוכריות מאסט ללא סוכר לימון 80 ג' עלית,שטראוס גרופ בע`מ,,מאסט סוכריות לימון,,80.00,100 גרם,false,1,10.50,13.12,true,1,19355
7290112336712,false,יוגורט PRO לבן 0% 21 גרם חלבון בגביע,שטראוס גרופ בעמ/מצונן,,דנונה פרו 21גר,,200.00,"100 מ""ל",false,1,6.90,3.45,true,1,22542
7290112337474,false,סוכריות מאסט ללא סוכר פטל לימון 80 ג' עלית,שטראוס גרופ בע`מ,,מאסט ס.פטל לימון,,80.00,100 גרם,false,1,10.50,13.12,true,1,19356
7290112339867,false,גמדים לדרך גבינה לבנה עם מחית תות,שטראוס גרופ בעמ/מצונן,,גמדים סקוויז לדרך,,100.00,100 גרם,false,1,6.90,6.90,true,1,23721
7290112339874,false,גמדים לדרך גבינה לבנה עם מחיות תות ובננה,שטראוס גרופ בעמ/מצונן,,גמדים סקוויז ת.בננה,,100.00,100 גרם,false,1,6.90,6.90,true,1,23722
7290112340122,false,הפריכיות הטעימות 3 דגנים אנרג'י 135 גרם,"פרח תעשיות מזון בע""\מ",,פ.טעימות 3דגנים-19,,135.00,100 גרם,false,1,14.90,11.04,true,1,18558
7290112340245,false,מסטיק מאסט צנצנת בטעם דובדבן 66 גר` מגדי,"שטראוס גרופ בע""\מ",,מאסט דובדבן בקבוקון,,66.00,100 גרם,false,1,12.00,18.18,true,1,18482
7290112340252,false,צנצנת מסטיק מאסט בטעם אבטיח מלון 66 ג' עלית,"שטראוס גרופ בע""\מ",,מאסט אבטיח מלון,,66.00,100 גרם,false,1,12.00,18.18,true,1,18483
7290112340276,false,פינוקיות עוגיית קרם קפה נמס 200 גרם,"הגביע מוצרי וופלים בע""\מ",,פינוקית קפה נמס,,200.00,100 גרם,false,1,13.50,6.75,true,1,18649
7290112341112,false,משקה חלב מוקה בקבוק350מ,מחלבת יטבתה,,מוקה בקבוק 350 מל,,350.00,"100 מ""ל",false,1,7.50,2.14,true,1,18597
7290112341679,false,אקטיביה יוגורט 3% דנונה (200 גרם),שטראוס גרופ בעמ/מצונן,,אקטיביה 3% 200ג,,200.00,100 גרם,false,1,4.50,2.25,true,1,24049
7290112342072,false,משקה חלב בלונדי3% 1ליטר,מחלבת יטבתה,,משקה חלב בלונדי 1 ל,,1.00,1 ליטר,false,1,12.40,12.40,true,1,18796
7290112342195,false,תפוצ`יפס מקלות טבעי 200 גרם כשלפ,"שטראוס פריטו ליי בע""\מ )",,תפוציפס מקלות טבעי,,200.00,100 גרם,false,1,10.00,5.00,true,1,19376
7290112342393,false,מאסט מון בטעם תפוח 60 גרם,רוג'ר אנד רוג'ר,,מאסט מון תפוח 60 גר,,60.00,100 גרם,false,1,12.00,20.00,true,1,19049
7290112342508,false,חטיף דוריטוס צ`יזי טוויסט 70 גרם,"שטראוס פריטו ליי בע""\מ",,דוריטוס ק.ראנצ 70ג,,70.00,100 גרם,false,1,6.90,9.86,true,1,23411
7290112342553,false,"משקה חלב בלונדי 350 מ""ל",מחלבת יטבתה,,משקה בלונדי 350 מל,,350.00,"100 מ""ל",false,1,7.50,2.14,true,1,18797
7290112342621,false,"משקה שוקו בקבוק 350 מ""ל",מחלבת יטבתה,,שוקו בקבוק 350 מל,,350.00,100 גרם,false,1,7.50,2.14,true,1,18940
7290112343420,false,"משקה חלב עם דגנים מלאים ובננה פרו יטבתה 350מ""ל",שטראוס גרופ בעמ/מצונן,,יטבתה פרו א.בוקר,,350.00,"100 מ""ל",false,1,8.50,2.43,true,1,19374
7290112343499,false,חטיף צ'יטוס פאפס אפוי בטעם גבינה,"שטראוס פריטו ליי בע""\מ )",,ציטוס פאפ גבינה 55ג,,55.00,100 גרם,false,1,5.90,10.73,true,1,22068
<<<<<<< HEAD
7290112344427,false,קפה נמס עלית 100 גרם,שטראוס קפה בי.וי,,קפה נמס 100 גרם,,100.00,100 גרם,false,1,15.00,15.00,true,1,20062
7290112344755,false,מילקי שוקולד 26% פחות סוכר 135 גרם,מיוצר עי קונדיטוריית,,מילקי 26% פחות סוכר,,135.00,100 גרם,false,1,3.10,2.30,false,1,20547
=======
7290112344427,false,קפה נמס אבקתי 100 גר`עלית,שטראוס קפה בי.וי,,קפה נמס 100 גרם,,100.00,100 גרם,false,1,15.00,15.00,true,1,20062
7290112344755,false,מילקי עם 26% פחות סוכר 135 גר}שטראוס{,שטראוס גרופ בעמ/מצונן,,מילקי 26% פחות סוכר,,135.00,100 גרם,false,1,3.10,2.30,false,1,20547
>>>>>>> d048ac2f4f281c9d788043ab4e81b61b0dbe3743
7290112346537,false,עוגיות פינוקיות בטעם טורטית 200 ג' עלית,"הגביע מוצרי ופלים בע""\מ",,פינוקיות בטעם טורטית,,200.00,100 גרם,false,1,13.50,6.75,true,1,19101
7290112346629,false,דנונה בר יוגורט+קורנפלקס מצופה שוקולד חלב ולבן 172 גרם,שטראוס גרופ בעמ/מצונן,,יוגורט עם קורנפלקס,,172.00,100 גרם,false,1,6.20,3.60,true,1,19887
7290112347374,false,מילקי CAKE פסק זמן,Unknown,,מילקי CAKE פסק זמן,,34.00,100 גרם,false,1,4.00,11.76,true,1,19974
7290112347626,false,כיף כף נשנושים 55,Unknown,,כיף כף נשנושים 55,,55.00,100 גרם,false,1,9.00,16.36,true,1,19357
7290112347718,false,קולד ברו קלאסי 250,קריניציה ויטמינה אס,,קולד ברו קלאסי 250,,250.00,"100 מ""ל",false,1,10.90,4.24,true,1,20063
7290112347725,false,קולד ברו מתיקות 250,קריניציה ויטמינה אס,,קולד ברו מתיקות 250,,250.00,"100 מ""ל",false,1,10.90,4.24,true,1,20064
7290112348029,false,חומוס אסלי דליקטס 250 גרם,שטראוס,,חומוס חלק דליקטס,,250.00,100 גרם,false,1,10.00,4.00,true,1,23723
7290112348043,false,סלט חציל במיונז דליקטס 250 גרם,שטראוס,,סלט חציל במיונז,,250.00,100 גרם,false,1,13.00,5.20,true,1,24194
7290112348241,false,פסק זמן פטיסרי עם קרם קפה לאטה,שטראוס גרופ,,פסק זמן פטיסרי ק.קפה,,35.00,100 גרם,false,1,7.50,21.43,true,1,20263
7290112348548,false,שוקולד פרה לבן מעולה,"תופינית בע""\מ",,שוקולד פרה לבן 100ג,,100.00,100 גרם,false,1,9.00,9.00,true,1,19451
7290112348999,false,הפריכיות הטעימות תירס דקות אנרג'י 135 גרם,שטראוס גרופ בע`מ,,פריכיות טעימות תירס,,135.00,100 גרם,false,1,14.90,11.04,true,1,22164
7290112349255,false,טורטית נשנושים 55,Unknown,,טורטית נשנושים 55,,55.00,100 גרם,false,1,9.00,16.36,true,1,19358
7290112349262,false,פסק זמן נשנושים 55,Unknown,,פסק זמן נשנושים 55,,55.00,100 גרם,false,1,9.00,16.36,true,1,19359
7290112349347,false,מאסט סוכריות FRESH בטעם מנטה,שטראוס גרופ,,מאסט FRESH מנטה,,15.00,100 גרם,false,1,5.00,33.33,true,1,19889
<<<<<<< HEAD
7290112349354,false,סוכריות פרש בטעם פטל לימון 15 גרם,שטראוס גרופ,,מאסט FRESH פטל,,15.00,100 גרם,false,1,5.00,33.33,true,1,19890
=======
7290112349354,false,סוכריות פרש בטעם פטל לימון 15 גרם,שטראוס גרופ בע`מ,,מאסט FRESH פטל,,15.00,100 גרם,false,1,5.00,33.33,true,1,19890
>>>>>>> d048ac2f4f281c9d788043ab4e81b61b0dbe3743
7290112349378,false,מאסט סוכריות FRESH בטעם תות רימון,"הליקון גידה בע""מ",,מאסט FRESH רימון,,15.00,100 גרם,false,1,5.00,33.33,true,1,19891
7290112349651,false,שוקולד פרה מיקס עוגיות ואגוזים מקורמלים,שטראוס גרופ,,פרה עוגיות ואגוזים,,95.00,100 גרם,false,1,9.00,9.47,true,1,20272
7290112349668,false,שוקולד מריר 90% ספלנדיד (100 גרם),"שטראוס גרופ בע""\מ",,ספלנדיד ש.מריר 90%,,100.00,100 גרם,false,1,12.90,12.90,true,1,24103
7290112350312,false,קפסולות 15 קפה יותר למכונות נספרסו עלית 10יח',הנסיך- מפעל לייצור ט,,עלית ת. נספרסו 15,,10.00,יחידה,false,1,16.50,1.65,true,1,20923
7290112350350,false,פסק זמן פטיסרי עם קרם אגוזים,"שטראוס גרופ בע""\מ",,פסק זמן פטיסרי אגוזי,,35.00,100 גרם,false,1,7.50,21.43,true,1,20264
7290112351197,false,שוקולד פרה מיקס עוגיות ושקדים,"שטראוס גרופ בע""\מ",,פרה עוגיות ושקדים,,95.00,100 גרם,false,1,9.00,9.47,true,1,20270
7290112351210,false,שוקולד פרה מיקס גלילי וופל וקוקוס,"שטראוס גרופ בע""\מ",,פרה גלילי ופל+קוקוס,,95.00,100 גרם,false,1,9.00,9.47,true,1,20271
7290112351258,false,עוגיית קקאו פינוקיות שחור לבן 200 גר,"הגביע מוצרי ופלים בע""\מ",,פינוקיות שחור לבן,,200.00,100 גרם,false,1,13.50,6.75,true,1,20068
7290112351661,false,וופל שוקולד מריר מאנ,Unknown,,מאנץ שוקולד מריר,,100.00,100 גרם,false,1,14.90,14.90,true,1,21546
7290112351807,false,שוקולד פרה בלונדי חל,Unknown,,בלונדי טבלה חלק 100ג,,100.00,100 גרם,false,1,10.00,10.00,true,1,21090
7290112352057,false,בונ.איחולים מתוקים137גרם,תופינית,,איחולים מתוקים 137 ג,,137.00,100 גרם,false,1,26.90,19.64,true,1,20924
7290112353412,false,"פריכיות תפו""א, אורז, תירס, אפונה ירוקה, סלק, מלח ים","פרח תעשיו מזון בע""מ",,פריכיות משולשות,,30.00,100 גרם,false,1,7.00,23.33,true,1,20069
7290112353566,false,סלט טחינה דליקטס 250 גרם,שטראוס,,סלט טחינה דליקטס,,250.00,100 גרם,false,1,13.00,5.20,true,1,23724
7290112353887,false,"משקה קפה קר בטעם אגוזים יטבתה 230 מ""ל",האי נאם סי או אל.טי.,,משקה קפה קר אגוזים,,230.00,100 גרם,false,1,10.00,4.35,true,1,19900
7290112353894,false,"משקה קפה קר טעם שוקולד 230מ""ל",האי נאם סי או אל.טי.,,משקה קפה קר שוקולד,,230.00,"100 מ""ל",false,1,10.00,4.35,false,1,20554
7290112354747,false,דנונה בר בננה עם קורנפלקס,שטראוס גרופ בעמ/מצונן,,דנונה בר בננה קורנפ,,172.00,100 גרם,false,1,6.20,3.60,true,1,20298
7290112354945,false,תפוצ'יפס WAVY בטעם טבעי 50 גרם,שטראוס פריטו ליי בע”,,תפו wavy טבעי 50 גר,,50.00,100 גרם,false,1,5.90,11.80,true,1,23888
7290112354952,false,תפוצ`יפס פפריקה (50 גרם)היתר מכירה,שטראוס פריטו ליי בע”,,תפו WAVY פפריקה 50 ג,,50.00,100 גרם,false,1,5.90,11.80,true,1,23889
7290112355027,false,דנונה פרו 20 גרם חלבון בטעם קרמל מלוח 200 גרם,שטראוס גרופ בעמ/מצונן,,דנונה פרו 20 קרמל,,200.00,100 גרם,false,1,6.90,3.45,false,1,20555
7290112355263,false,רוטב שמנת עם שוקולד 9% שומן 260 ג' יטבתה,שטראוס גרופ בעמ/מצונן,,רוטב שמנת שוקולד,,260.00,100 גרם,false,1,11.50,4.42,false,1,24153
7290112355386,false,יטבתה רוטב שמנת בטעם קרמל מלוח יטבתה 260 גרם,שטראוס גרופ בעמ/מצונן,,רוטב שמנת קרמל מלוח,,260.00,100 גרם,false,1,11.50,4.42,false,1,24154
7290112355775,false,גבינת סימפוניה עם עירית 200 גרם,שטראוס גרופ בעמ/מצונן,,סימפוניה עירית,,200.00,100 גרם,false,1,12.50,6.25,false,1,23891
7290112355867,false,מילקי קצפת טופ פיצפוץ86ג,"שטראוס גרופ בע""\מ",,מילקי קצפת פצפוצים,,170.00,"100 מ""ל",false,1,4.50,2.65,false,1,23355
7290112355980,false,חלב נטול לקטוז,Unknown,,חלב נטול לקטוז,,2.00,1 ליטר,false,1,17.90,8.95,false,1,23244
7290112356116,false,מאסט FRESH מנדרינה,Unknown,,מאסט FRESH מנדרינה,,15.00,100 גרם,false,1,5.00,33.33,false,1,20557
7290112357045,false,עגבניות איטלקיות מרוסקות 390 גר' בקופסה טעם הטבע,"שטראוס גרופ בע""מ",,עגבניות מרוסקות,,390.00,100 גרם,false,1,8.00,2.05,true,1,24068
7290112357618,false,מאסט קוביות מסטיק בטעם פירות טרופיים 58 גרם,אסקום קונפקשיין,,מאסט טרופי,,58.00,100 גרם,false,1,12.00,20.69,true,1,19540
7290112358004,false,פסק זמן חטיף קראנץ עלית( 32 גר`),שולן צ'\יקולטה גידה סאן.,,פסק זמן קראנץ,,32.00,100 גרם,false,1,7.50,23.44,true,1,20265
7290112358158,false,קפסולות למכונת נספרסו אייס קוקוס 50 גרם,הנסיך- מפעל לייצור ט,,קפסולות אייס ק.קוקוס,,10.00,יחידה,false,1,16.50,1.65,true,1,21259
7290112358554,false,מארז קפה נמס מנות אישיות לדרך 50.4 גר,שטראוס גרופ בע`מ,,מארז נמס לדרך,,50.00,100 גרם,false,1,13.90,27.80,false,1,23060
7290112358561,false,קפה נמס פלטינום קלאסי 47 ג' עלית,שטראוס גרופ בע`מ,,פלטינום קלאסיק 47 ג,,47.00,100 גרם,false,1,7.00,14.89,true,1,20748
7290112358752,false,קפה קר BeanZ חלבי פח,קריניציה ויטמינה אס,,קולד ברו חלב 250,,250.00,"100 מ""ל",false,1,10.90,4.24,true,1,20072
7290112358844,false,שוקולד חלב שברי אגוז100ג,"שטראוס גרופ בע""\מ",,ש.פרה חלב ש.אגוזים,,100.00,100 גרם,false,1,9.00,9.00,true,1,21297
7290112358981,false,מאגדת חטיפי שומשום קרמל מלוח 100 גרם,שטראוס גרופ,,מאגדת שומשום קרמל,,100.00,100 גרם,false,1,16.00,16.00,true,1,24138
7290112358998,false,מאגדת חטיפי שומשום שחור לבן וקצח 100 גרם,שטראוס גרופ,,מאגדת שומשום וקצח,,100.00,100 גרם,false,1,16.00,16.00,true,1,24139
7290112359674,false,דוריטוס פלמין הוט לימו70,"שטראוס פריטו ליי בע""\מ )",,דוריטוס הוט לימון,,70.00,100 גרם,false,1,6.90,9.86,true,1,21435
7290112359711,false,דוריטוס פלמין הוט 70 גרם,"שטראוס פריטו ליי בע""\מ )",,דוריטוס פלמין הוט,,70.00,100 גרם,false,1,6.90,9.86,true,1,21434
7290112490209,false,נמס בכוס מרק עגבניות עם קרוטונים רכיבים טבעיים,יוניליוור ישראל שיווק בע`מ,,מרק נמס בכוס עגבניות,,56.00,100 גרם,false,1,9.00,16.07,true,1,17750
7290112490216,false,מרק נמס בכוס בטעם עוף קנור 100% רכיבים טבעיים,יוניליוור ישראל שיווק בע`מ,,מרק נמס בכוס טעם עוף,,48.00,100 גרם,false,1,9.00,18.75,true,1,17751
7290112490230,false,מרק נמס בכוס אפונה קנור 100% רכיבים טבעיים,יוניליוור ישראל שיווק בע`מ,,מרק נמס בכוס אפונה,,50.00,100 גרם,false,1,9.00,18.00,true,1,17752
7290112490650,false,קונפיטורה תות שדה 340 גרם-צנצנת,יוניליוור ישראל שיווק בע`מ,,778 קונפיטורת,,340.00,100 גרם,false,1,17.90,5.26,true,1,24124
7290112490674,false,קונפיטורה דובדבנים 778 50% פרי 340 גר-,יוניליוור ישראל שיווק בע`מ,,778 קונפיטורת,,340.00,100 גרם,false,1,17.90,5.26,true,1,23471
7290112492449,false,פינוק שמפו שיער רגיל 700 מל-חדש,"יוניליוור ישראל שיווק בע""מ",,פינוק שמפו שיער רגיל,,700.00,"100 מ""ל",false,1,14.00,2.00,true,1,19742
7290112492456,false,"שמפו פינוק לשיער יבש/פגום 700 מ""ל",יוניליוור ישראל שיווק בע`מ,,פינוק שמפו יבש 700,,700.00,"100 מ""ל",false,1,14.00,2.00,true,1,23636
7290112492463,false,"שמפו ומרכך 2 ב-1 לשיער רגיל פינוק 700 מ""ל.",יוניליוור ישראל שיווק בע`מ,,פינוק 2 ב-1 רגיל,,700.00,"100 מ""ל",false,1,14.00,2.00,true,1,24066
7290112492487,false,פינוק שמפו לשיער עם שמן מרוקאי 700 מל,יוניליוור ישראל שיווק בע`מ,,פינוק שמפו שמ.מרוקאי,,700.00,"100 מ""ל",false,1,14.00,2.00,false,1,23634
7290112492531,false,"פינוק קונדישנר לשיער רגיל 700מ""ל",יוניליוור ישראל שיווק בע`מ,,פינוק מרכך שיער רגיל,,700.00,"100 מ""ל",false,1,14.00,2.00,true,1,19741
7290112492593,false,תחליב רחצה פינוק בניחוח פינוק קלאסי 700,יוניליוור ישראל שיווק בע`מ,,פינוק תח.רחצה קלאסי,,700.00,"100 מ""ל",false,1,14.00,2.00,true,1,19740
7290112492609,false,"תחליב רחצה פינוק 700 מ""ל לבנדר ווניל",יוניליוור ישראל שיווק בע`מ,,תחליב רחצה לבנדר,,700.00,"100 מ""ל",false,1,14.00,2.00,true,1,24063
7290112492630,false,"שמפו ג'ל רחצה וסבון פנים 3 ב-1 לגבר פינוק 700 מ""ל",יוניליוור ישראל שיווק בע`מ,,פינוק 3 ב-1 לגבר,,700.00,"100 מ""ל",false,1,14.00,2.00,true,1,19743
7290112492678,false,פינוק שמפו לשיער רגיל אריזת נסיעות 100 מ,"יוניליוור ישראלשיווק בע""מ",,פ.שמפו לשיער רגיל,,100.00,"100 מ""ל",false,1,6.00,6.00,true,1,20991
7290112492685,false,פינוק מרכך לשיער רגיל אריזת נסיעות 100 מ,יוניליוור ישראל שיווק בעמ,,פ.מרכך לשיער רגיל,,100.00,"100 מ""ל",false,1,6.00,6.00,false,1,20992
7290112492692,false,פינוק תחליב רחצה קלאסי אריזת נסיעות 100,יוניליוור ישראל טיפוח אי,,פינוק תחליב רחצה,,100.00,"100 מ""ל",false,1,6.00,6.00,true,1,20223
7290112493293,false,קנור - נמס ירקות וקרוטונים ר.טבעי 44 גרם,יוניליוור ישראל שיווק בע`מ,,נמס ירקות וקרוטונים,,44.00,100 גרם,false,1,9.00,20.45,true,1,23727
7290112493903,false,מעדן קפוא בטעמים תות לימון ענבים ומשמש,"מיוצר ע""\י גלידת שטראוס",,שלגון ננסים,,70.00,100 גרם,false,1,11.00,15.71,true,1,18876
7290112493927,false,גלידה בטעם ריבת חלב 1.33ל' קרמיסימו,"גלידת שטראוס בע""\מ, רחוב",,קרמיסימו ריבת חלב,,706.00,100 גרם,false,1,25.00,3.54,true,1,19409
<<<<<<< HEAD
7290112493934,false,גלידת וניל צרפתי קרמיסימו 1.33 ל,"גלידת שטראוס בע""\מ, רחוב",,קרמיסימו וניל צרפתי,,706.00,100 גרם,false,1,25.00,3.54,true,1,19410
7290112493965,false,קרמיסימו חלבית בטעם מסטיק וניל 665 גר,"גלידת שטראוס בע""\מ, רחוב",,קרמיסימו מסטיגם,,744.00,100 גרם,false,1,25.00,3.36,true,1,19411
7290112494221,false,קליק - ביסקויט תפזורת 65 גרם,יוניליוור ישראל מזון בע\,,קליק ביסקויט 65 גר,,65.00,100 גרם,false,1,9.00,13.85,true,1,18917
7290112494238,false,קליק - כדורים חלב תפזורת 65 גרם,יוניליוור ישראל מזון בע\,,קליק כדורים 65 גר,,65.00,100 גרם,false,1,9.00,13.85,true,1,18918
7290112494276,false,קליק כריות בתפזורת כשר לפסח,יוניליוור ישראל מזון בע\,,קליק כריות 65ג,,65.00,100 גרם,false,1,9.00,13.85,true,1,18919
7290112494283,false,קליק - מעורב חום לבן תפזורת 65 גרם,יוניליוור ישראל מזון בע\,,קליק חום לבן 65 גר,,65.00,100 גרם,false,1,9.00,13.85,true,1,18920
7290112494313,false,קליק - קורנפלקס תפזורת 65 גרם,יוניליוור ישראל מזון בע\,,קליק קורנפלקס 5ג כש,,65.00,100 גרם,false,1,9.00,13.85,true,1,18921
7290112494344,false,קורנפלקס כספי אלופים תלמה850 גר',"יוניליוור שפע ישראל בע""\",,קורנפלקס של אלופים,,850.00,100 גרם,false,1,27.00,3.18,true,1,19583
7290112494351,false,תלמה קורנפלקס של אלופים 850 גרם,"יוניליוור שפע ישראל בע""\",,קורנפלקס אלופים 850,,850.00,100 גרם,false,1,27.00,3.18,true,1,19623
7290112494993,false,דגני בוקר וניל 686ג' כריות,"יוניליוור שפע ישראל בע""\",,תלמה כריות וניל,,686.00,100 גרם,false,1,35.90,5.23,false,1,23702
7290112495006,false,כריות נוגט 686 גרם - קופסא,"יוניליוור ישראל מזון בע""",,תלמה כריות נוגט,,686.00,100 גרם,false,1,29.90,4.36,false,1,18947
7290112495105,false,נשנושים טעם שמנת בצל בייגל בייגל 260 גרם,בייגל את בייגל מזון 198),,נשנושים שמנת בצל,,260.00,100 גרם,false,1,16.90,6.50,false,1,19033
7290112495112,false,נשנושים טעם זעתר בייגל בייגל 260 גרם,בייגל את בייגל מזון 198),,נשנושים זעתר 260ג,,260.00,100 גרם,false,1,16.90,6.50,true,1,24104
7290112495150,false,נשנושי קרקר עיגולים מלח בייגל בייגל 300 גרם,בייגל את בייגל מזון 198),,נשנוש קרקר עגול מלוח,,300.00,100 גרם,false,1,18.00,6.00,false,1,24050
7290112495228,false,קורנפלקס נגיעות דבש תלמה 448 גרם,"יוניליוור שפע ישראל בע""\",,תלמה קורנפלקס דבש,,448.00,100 גרם,false,1,22.00,4.91,false,1,18948
7290112495433,false,דגני דליפקאן תוספת אגוזי פקאן ושקדים 400 גר,"יוניליור שפע ישראל בע""\מ",,דליפקאן 400 גרם-חדש,,400.00,100 גרם,false,1,27.50,6.88,true,1,18970
7290112495471,false,"קורנפלקס תלמה ללא גלוטן 500 גרם כשל""פ","מולינו ניקולי ,S.P.A ויה",,קורנפלקס כשלפ דגני,,500.00,100 גרם,false,1,28.90,5.78,true,1,22655
7290112495754,false,"רטבי הלמנס לסלט 300 מ""ל אלף האיים",יוניליוור ישראל מזון בעמ,,הלמנס לסלט אלף האיים,,290.00,"100 מ""ל",false,1,14.50,5.00,true,1,24065
7290112495785,false,רוטב לסלט שום הלמנס 300ג,יוניליוור ישראל מזון בעמ,,הלמנס לסלט שום,,300.00,"100 מ""ל",false,1,14.50,4.83,true,1,24064
7290112495822,false,כריות BLACK בטעם שוקולד וניל תלמה 686 גרם,"יוניליוור שפע ישראל בע""\",,כריות Black,,686.00,100 גרם,false,1,35.90,5.23,false,1,23703
7290112496027,false,סירופ שוקולד אפיכל 580 גרם,יוניליוור ישראל מזון בע\,,אפיכל סירופ שוקולד,,580.00,100 גרם,false,1,20.00,3.45,true,1,24067
7290112496034,false,סירופ מייפל אפיכל 580 גרם,יוניליוור ישראל מזון בע\,,אפיכל סירופ מייפל,,580.00,100 גרם,false,1,20.00,3.45,true,1,19752
7290112496201,false,"אקס - בושם גוף טיקט לגבר שוקולד 17 מ""ל","קוסטר אירוסול, גבזה,",,אקס דארק טמפטיישן,,17.00,"100 מ""ל",false,1,22.00,129.41,true,1,20302
7290112496270,false,"פתית צ'יפס תפו""א בתוספת עגבניות ועשבי תיבול 22 גרם",JLM גלובל פודסn37\ דרך א,,פתית ציפס תפוא,,22.00,100 גרם,false,1,6.00,27.27,true,1,20707
7290112496287,false,פתית - צ'יפס בטטה בטעם טבעי 21 גרם,JLM גלובל פודסn37\ דרך א,,פתית ציפס בטטה,,21.00,100 גרם,false,1,6.00,28.57,true,1,20708
7290112496430,false,קנור נמס בכוס אקסטרה עגבניות+איטריות 37 גרם - רבנות,יוניליוור ישראל מזון בע\,,נמס עגבניות ואטריות,,39.00,100 גרם,false,1,5.90,15.13,true,1,21735
7290112496447,false,נמס בכוס אקסטרה טעם עוף עם המון אטריות 27ג',יוניליוור ישראל מזון בע\,,נמס עוף ואטריות,,28.00,100 גרם,false,1,5.90,21.07,true,1,21736
7290112496461,false,נמס בכוס אקסטרה מרק ירקות עם המון אטריות,יוניליוור ישראל מזון בע\,,נמס בכוס ירקות Xtra,,35.00,100 גרם,false,1,5.90,16.86,true,1,21765
7290112497901,false,חטיף קליק קרם חלב ש.,"דרך השוקולד 1, צפת 1",,קליק בר במילוי קרם,,35.00,100 גרם,false,1,7.50,21.43,true,1,20266
7290112498069,false,#קוקומן ללא גלוטן כשלפ 375ג - חדש,"מולינו ניקולי ,S.p.A ויה",,קוקומן ללג כשלפ,,375.00,100 גרם,false,1,24.90,6.64,true,1,22656
7290112498250,false,תלמה קורנפלקס של אלופים 410 גרם,יוניליוור שפע ישראל,,קורנפלקס של אלופים,,410.00,100 גרם,false,1,17.90,4.37,true,1,21115
7290112498649,false,גלידת פסק זמן בטעם קוקוס,"מיוצר ע""\י גלידת שטראוס",,פיינט פסק זמן קוקוס,,290.00,100 גרם,false,1,23.00,7.93,true,1,20079
7290112498748,false,מיני סולרו וניל תות שדה 350 גרם,"מיוצר ע""\י גלידת שטראוס",,מאגדת מיני סולרו תות,,350.00,100 גרם,false,1,27.00,7.71,true,1,20749
7290112498786,false,קריספי קרמל בננה 76 ג' מגנום,יוניליוור,,מגנום קריספי קרמל,,76.00,100 גרם,false,1,12.50,16.45,true,1,20751
=======
7290112493934,false,קרמיסימו מעדן קפוא טעם וניל צרפתי,"גלידת שטראוס בע""\מ, רחוב",,קרמיסימו וניל צרפתי,,706.00,100 גרם,false,1,25.00,3.54,true,1,19410
7290112493965,false,קרמיסימו חלבית בטעם מסטיק וניל 665 גר,"גלידת שטראוס בע""\מ, רחוב",,קרמיסימו מסטיגם,,744.00,100 גרם,false,1,25.00,3.36,true,1,19411
7290112494221,false,חטיף ביסקויט שוקולד חלב קליק (65 גרם),יוניליוור ישראל שיווק בע`מ,,קליק ביסקויט 65 גר,,65.00,100 גרם,false,1,9.00,13.85,true,1,18917
7290112494238,false,חטיף כדורים שוקולד חלב קליק (65 גרם),יוניליוור ישראל שיווק בע`מ,,קליק כדורים 65 גר,,65.00,100 גרם,false,1,9.00,13.85,true,1,18918
7290112494276,false,קליק כריות בתפזורת כשר לפסח,יוניליוור ישראל שיווק בע`מ,,קליק כריות 65ג,,65.00,100 גרם,false,1,9.00,13.85,true,1,18919
7290112494283,false,חטיף כדורים מעורב חום לבו 65 גר`קליק,יוניליוור ישראל שיווק בע`מ,,קליק חום לבן 65 גר,,65.00,100 גרם,false,1,9.00,13.85,true,1,18920
7290112494313,false,קליק - קורנפלקס תפזורת 65 גרם,יוניליוור ישראל שיווק בע`מ,,קליק קורנפלקס 5ג כש,,65.00,100 גרם,false,1,9.00,13.85,true,1,18921
7290112494344,false,קורנפלקס של אלופים תלמה (850 גרם)רבנות,יוניליוור ישראל שיווק בע`מ,,קורנפלקס של אלופים,,850.00,100 גרם,false,1,27.00,3.18,true,1,19583
7290112494351,false,קורנפלקס של אלופים תלמה (850 גרם).בדצ,יוניליוור ישראל שיווק בע`מ,,קורנפלקס אלופים 850,,850.00,100 גרם,false,1,27.00,3.18,true,1,19623
7290112494993,false,כריות דגנים במילוי וניל בדצ 686 גרם,יוניליוור ישראל שיווק בע`מ,,תלמה כריות וניל,,686.00,100 גרם,false,1,35.90,5.23,false,1,23702
7290112495006,false,כריות דגנים במילוי נוגט בדצ 686 גרם,יוניליוור ישראל שיווק בע`מ,,תלמה כריות נוגט,,686.00,100 גרם,false,1,29.90,4.36,false,1,18947
7290112495105,false,נשנושים טעם שמנת בצל בייגל בייגל 260 גרם,יוניליוור ישראל שיווק בע`מ,,נשנושים שמנת בצל,,260.00,100 גרם,false,1,16.90,6.50,false,1,19033
7290112495112,false,נשנושים טעם זעתר בייגל בייגל 260 גרם,יוניליוור ישראל שיווק בע`מ,,נשנושים זעתר 260ג,,260.00,100 גרם,false,1,16.90,6.50,true,1,24104
7290112495150,false,נשנושי קרקר עיגולים מלח בייגל בייגל 300 גרם,יוניליוור ישראל שיווק בע`מ,,נשנוש קרקר עגול מלוח,,300.00,100 גרם,false,1,18.00,6.00,false,1,24050
7290112495228,false,קורנפלקס נגיעות דבש תלמה 448 גרם,יוניליוור ישראל שיווק בע`מ,,תלמה קורנפלקס דבש,,448.00,100 גרם,false,1,22.00,4.91,false,1,18948
7290112495433,false,דגני דליפקאן תוספת אגוזי פקאן ושקדים 400 גר,יוניליוור ישראל שיווק בע`מ,,דליפקאן 400 גרם-חדש,,400.00,100 גרם,false,1,27.50,6.88,true,1,18970
7290112495471,false,"קורנפלקס תלמה ללא גלוטן 500 גרם כשל""פ","יוניליוור ישראלשיווק בע""מ",,קורנפלקס כשלפ דגני,,500.00,100 גרם,false,1,28.90,5.78,true,1,22655
7290112495754,false,רוטב לסלט אלף האיים הלמנס (305 מל),יוניליוור ישראל שיווק בע`מ,,הלמנס לסלט אלף האיים,,290.00,"100 מ""ל",false,1,14.50,5.00,true,1,24065
7290112495785,false,רוטב לסלט שום (300 גרם)הלמנס,יוניליוור ישראל שיווק בע`מ,,הלמנס לסלט שום,,300.00,"100 מ""ל",false,1,14.50,4.83,true,1,24064
7290112495822,false,כריות BLACK בטעם שוקולד וניל תלמה 686 גרם,יוניליוור ישראל שיווק בע`מ,,כריות Black,,686.00,100 גרם,false,1,35.90,5.23,false,1,23703
7290112496027,false,"סירופ שוקולד לחיץ 580 מ""ל כשל""פ אפיכל",יוניליוור ישראל שיווק בע`מ,,אפיכל סירופ שוקולד,,580.00,100 גרם,false,1,20.00,3.45,true,1,24067
7290112496034,false,"סירופ מייפל לחיץ 580 מ""ל כשל""פ אפיכל",יוניליוור ישראל שיווק בע`מ,,אפיכל סירופ מייפל,,580.00,100 גרם,false,1,20.00,3.45,true,1,19752
7290112496201,false,"אקס - בושם גוף טיקט לגבר שוקולד 17 מ""ל",יוניליוור ישראל שיווק בע`מ,,אקס דארק טמפטיישן,,17.00,"100 מ""ל",false,1,22.00,129.41,true,1,20302
7290112496270,false,"פתית צ'יפס תפו""א בתוספת עגבניות ועשבי תיבול 22 גרם",יוניליוור ישראל שיווק בע`מ,,פתית ציפס תפוא,,22.00,100 גרם,false,1,6.00,27.27,true,1,20707
7290112496287,false,פתית - צ'יפס בטטה בטעם טבעי 21 גרם,יוניליוור ישראל שיווק בע`מ,,פתית ציפס בטטה,,21.00,100 גרם,false,1,6.00,28.57,true,1,20708
7290112496430,false,קנור נמס בכוס אקסטרה עגבניות+איטריות 37 גרם - רבנות,יוניליוור ישראל שיווק בע`מ,,נמס עגבניות ואטריות,,39.00,100 גרם,false,1,5.90,15.13,true,1,21735
7290112496447,false,נמס בכוס אקסטרה טעם עוף עם המון אטריות 27ג',יוניליוור ישראל שיווק בע`מ,,נמס עוף ואטריות,,28.00,100 גרם,false,1,5.90,21.07,true,1,21736
7290112496461,false,נמס בכוס אקסטרה מרק ירקות עם המון אטריות,יוניליוור ישראל שיווק בע`מ,,נמס בכוס ירקות Xtra,,35.00,100 גרם,false,1,5.90,16.86,true,1,21765
7290112497901,false,חטיף קליק קרם חלב ש.,"דרך השוקולד 1, צפת 1",,קליק בר במילוי קרם,,35.00,100 גרם,false,1,7.50,21.43,true,1,20266
7290112498069,false,#קוקומן ללא גלוטן כשלפ 375ג - חדש,יוניליוור ישראל שיווק בע`מ,,קוקומן ללג כשלפ,,375.00,100 גרם,false,1,24.90,6.64,true,1,22656
7290112498250,false,תלמה קורנפלקס של אלופים 410 גרם,יוניליוור ישראל שיווק בעמ,,קורנפלקס של אלופים,,410.00,100 גרם,false,1,17.90,4.37,true,1,21115
7290112498649,false,גלידת פסק זמן טעם קוקוס 290גר.,"מיוצר ע""\י גלידת שטראוס",,פיינט פסק זמן קוקוס,,290.00,100 גרם,false,1,23.00,7.93,true,1,20079
7290112498748,false,מאגדת מיני סולרו וניל תות שדה 350 גר`,"מיוצר ע""\י גלידת שטראוס",,מאגדת מיני סולרו תות,,350.00,100 גרם,false,1,27.00,7.71,true,1,20749
7290112498786,false,מגנום קריספי קרמל בננה שטראוס,גלידות שטראוס בעמ,,מגנום קריספי קרמל,,76.00,100 גרם,false,1,12.50,16.45,true,1,20751
>>>>>>> d048ac2f4f281c9d788043ab4e81b61b0dbe3743
7290112498816,false,גלידונית בטעם פיסטוק 60,"גלידת שטראוס בע""\מ, רח'\",,גלידונית פיסטוק 60יח,,630.00,100 גרם,false,1,50.00,7.94,true,1,21099
7290112498823,false,מיקס עיגול בטעמי וניל וש,"מיוצר ע""\י גלידת שטראוס",,מיקס עיגול כשלפ,,70.00,100 גרם,false,1,10.00,14.29,true,1,20927
7290112498861,false,קרחון אסקימו מנגו,Unknown,,קרחון אסקימו מנגו,,75.00,100 גרם,false,1,4.00,5.33,true,1,21093
7290112498878,false,שלגון קורנטו פסק זמן ריבת חלב,"מיוצר ע""\י גלידת שטראוס",,קורנטו פסק זמן,,64.00,100 גרם,false,1,10.00,15.62,true,1,21156
7290112498885,false,מאגדת גודי'ז תותים ושוקולד לבן 235 גרם,"גלידת שטראוס בע""\מ, רח'\",,מ.גודיס תותים ש.לבן,,235.00,100 גרם,false,1,27.00,11.49,true,1,21098
7290112498892,false,אסקימו דובדבן אבטיח,יוניליוור,,קרחון דובדבן אבטיח,,75.00,100 גרם,false,1,4.00,5.33,true,1,21094
7290112498908,false,מאגדת-קורנטו בננה שוקו ציפ,"מיוצר ע""\י גלידת שטראוס",,קורנטו מ.בננה שוקו צ,,390.00,100 גרם,false,1,36.00,9.23,true,1,21974
7290112498915,false,מאגדת מיני מגנום שקדים מובחר שטראוס 250 גרם,"מיוצר ע""\י גלידת שטראוס",,מ.מיני מגנום שקדים,,250.00,100 גרם,false,1,28.00,11.20,true,1,21223
7290112498922,false,מאגדת מיני מגנום לבן שטראוס 250 גרם,"מיוצר ע""\י גלידת שטראוס",,מ.מיני מגנום ש.לבן,,250.00,100 גרם,false,1,28.00,11.20,true,1,21224
7290112498939,false,שלגון בומבה בטעם וניל 80 גרם,"מיוצר ע""\י גלידת שטראוס",,שלגון בומבה,,84.00,100 גרם,false,1,11.50,13.69,true,1,21219
7290112498946,false,קשת בענן ארטיק ילדים שטראוס 47 גרם,"גלידת שטראוס בע""\מ, רח'\",,קשת בענן ארטיק חלב,,47.00,100 גרם,false,1,8.90,18.94,true,1,22249
7290112499080,false,סולרו בר קוקוס שטראוס 65 גרם,"מיוצר ע""\י גלידת שטראוס",,סלורו בר קוקוס,,65.00,100 גרם,false,1,11.50,17.69,true,1,22250
7290112499097,false,מאגדת מיני מגנום מריר Intense Dark! 240 גרם,"מיוצר ע""\י גלידת שטראוס",,מאגדת מגנום מ.מריר,,240.00,100 גרם,false,1,28.00,11.67,true,1,22251
7290112499103,false,טילון קורנטו קליק וניל עוגיות שטראוס 72 גרם,"צר ע""\י גלידת שטראוס בע\",,קורנטו וניל ק.עוגיות,,72.00,100 גרם,false,1,10.00,13.89,true,1,22609
7290112499110,false,טילון קליק בטעם שוקולד 72 ג' שטראוס,שטראוס גרופ גלידות,,קורנטו קליק שוקולד,,70.00,100 גרם,false,1,10.00,14.29,true,1,23251
7290112499127,false,שלגון גלידה שוקולד לבן ותות 77 גרם,"מיוצר ע""\י גלידת שטראוס",,מגנום ש.לבן תות,,77.00,100 גרם,false,1,12.50,16.23,true,1,22252
7290112499141,false,סולרו קלאסיק חלבי -וניל תפוח ירוק,שטראוס גרופ גלידות,,סולרו וניל ת.ירוק,,76.00,100 גרם,false,1,12.90,16.97,true,1,22610
7290112499189,false,"גלידת קרמיסימו חד קרן וניל תות, 1.33 ליטר","גלידת שטראוס בע""\מ, רחוב",,קרמיסימו חד קרן,,706.00,100 גרם,false,1,25.00,3.54,true,1,23252
7290112499196,false,גלידה בטעם החלב של הקורנפלקס 1.33 ל' קרמיסימו,"גלידת שטראוס בע""\מ, רחוב",,קרמיסימו ח.קורנפלקס,,706.00,100 גרם,false,1,25.00,3.54,true,1,23253
7290112499219,false,שלגון שמנת מופחת שומן וקלוריות בטעם פיסטוק עם ריפל בטעם שוקולד מריר וציפוי חלקי של שוקולד חלב מעולה,"גלידת שטראוס בע""\מ, רחוב",,גודיז פ.שוקולד,,235.00,100 גרם,false,1,27.00,11.49,true,1,22611
7290112499226,false,גלידונית פיסטוק ובננהבקלקר 60 יח 700 גרם,"גלידת שטראוס בע""\מ, רחוב",,גלידונית פיסטוק בננה,,700.00,100 גרם,false,1,50.00,7.14,true,1,23705
7290112499257,false,שלגון שוקובו שטראוס,שטראוס גרופ גלידות,,שוקובו לבן,,85.00,100 גרם,false,1,11.50,13.53,false,1,23646
7290112499455,false,פינוק תחליב רחצה 700 בתוספת שמן מרוקאי,יוניליוור ישראל שיווק בע`מ,,פינוק ת.רחצה 700,,700.00,"100 מ""ל",false,1,14.00,2.00,true,1,23589
7290112499639,false,טילון סופר מגנום וניל צ'יפ שוקולד 110 גרם,"מיוצר ע""\י גלידת שטראוס",,מגנום טילון שוק.ציפ,,110.00,100 גרם,false,1,12.50,11.36,true,1,19412
7290112499646,false,"מעדן קפוא בטעם וניל עם וופל 108 גרם ""קורנטו""","מיוצר ע""\י גלידת שטראוס",,קורנטו סופר פקאן,,108.00,100 גרם,false,1,12.50,11.57,true,1,19652
7290112499677,false,מגנום וניל בציפוי שוקולד לבן,"מיוצר ע""\י גלידת שטראוס",,מגנום שוקולד לבן,,85.00,100 גרם,false,1,12.50,14.71,true,1,19413
7290112499738,false,קרחון שרבט פרווה בטעם מלון 90 גרם,"מיוצר ע""\י גלידת שטראוס",,קרחון שרבט בטעם מלון,,90.00,100 גרם,false,1,7.90,8.78,true,1,19416
7290112499776,false,גלידת שמנת מופחתת שומן וקלוריות בטעם שוקולד לבן 240 גרם,"גלידת שטראוס בע""\מ, רח'\",,מאגדת גודיז 3שוקולדי,,24.00,100 גרם,false,1,27.00,112.50,true,1,20080
7290112499813,false,קרחון שרבט בטעם אבטיח פרווה 75 גרם,"גלידת שטראוס בע""\מ, רח'",,קרחון אסקימו אבטיח,,75.00,100 גרם,false,1,4.00,5.33,true,1,19664
7290112499837,false,מגנום דואט שוקו לד עם נוגט שטראוס,"מיוצר ע""\י גלידת שטראוס",,מ.דאבל שוקולד נוגט,,90.00,100 גרם,false,1,12.50,13.89,true,1,19419
7290112499844,false,מאגדת מיני מגנום דואט שוקולד עם נוגט שטראוס 310 גרם,"מיוצר ע""\י גלידת שטראוס",,מגנום מ.דואט ש.נוגט,,310.00,100 גרם,false,1,28.00,9.03,true,1,19420
7290112499851,false,גלידת שמנת בטעם וניל עם פירורי עוגיות 57 גרם,"גלידת שטראוס בע""מ, ר",,מגנום בטעם בראוניז,,58.00,100 גרם,false,1,11.50,19.83,true,1,19848
7290112499868,false,מאגדת מיני מגנום טבעוני פרווה 250 גרם,"גלידת שטראוס בע""\מ, רח'\",,מיני מגנום טבעוני,,250.00,100 גרם,false,1,28.00,11.20,false,1,19653
7290112499905,false,טילון קורניטו קליק בטעם מרשמלו 72 גרם,"מיוצר ע""\י גלידת שטראוס",,קורנטו קליק מרשמלו,,72.00,100 גרם,false,1,10.00,13.89,true,1,19849
7290112499929,false,מגנום שוקולד אימפלס פסח 120מל,"מיוצר ע""\י גלידת שטראוס",,שלגון מגנום שוקולד,,85.00,100 גרם,false,1,12.50,14.71,true,1,19422
7290112499936,false,מגנום שקדים אימפלס פסח 125מל,"מיוצר ע""\י גלידת שטראוס",,שלגון מגנום שקדים,,85.00,100 גרם,false,1,12.50,14.71,true,1,19423
7290112499943,false,מיני מאגדת מיני מגנום טעמים שונים וניל+שוקו,"מיוצר ע""\י גלידת שטראוס",,מ.מיני מ.קלאסיק שוקו,,250.00,100 גרם,false,1,28.00,11.20,true,1,19424
7290112499974,false,מאגדת מיני פסק זמן על מקל,"גלידת שטראוס בע""\מ, רח'\",,מאגדת מיני פסק זמן,,280.00,100 גרם,false,1,30.00,10.71,true,1,19750
7290112499981,false,שלגון פסק זמן בטעם נוגט 74 גרם,"גלידת שטראוס בע""\מ, רח'",,שלגון פסק זמן,,74.00,100 גרם,false,1,13.00,17.57,true,1,19751
7290112960542,false,בונזור לחם מחמצת קלמטה קנוי 12*480גר,**קבוצת אוסם סחר-שות.מוגבלת,,לחם מחמצת קלמטה,,480.00,100 גרם,false,1,22.90,4.77,true,1,21796
7290112960566,false,בונזור לחם מחמצת שאור קנוי 12*480גר,קבוצת אוסם סחר-שות.מוגבלת,,לחם מחמצת שאור,,480.00,100 גרם,false,1,22.90,4.77,true,1,21797
7290112960580,false,בונזור לחם מחמצת כוסמין 12*480גר קנוי,**קבוצת אוסם סחר-שות.מוגבלת,,לחם מחמצת כוסמין,,480.00,100 גרם,false,1,22.90,4.77,true,1,18674
7290112960603,false,בונז'ור לחם מחמצת אגוזים צימוקים 480ג',**קבוצת אוסם סחר-שות.מוגבלת,,לחם מחמצת אגוז צימוק,,480.00,100 גרם,false,1,22.90,4.77,true,1,21798
7290112960719,false,בגט מחמצת אפוי קפוא 240 גר`בונז`ור,**קבוצת אוסם סחר-שות.מוגבלת,,באגט רוסטיק,,240.00,100 גרם,false,1,11.90,4.96,true,1,19427
7290112960856,false,טילון אקסטרים115-120 גרם מטבע שוקולד בטעם לוז נוגט נסטלה 115 גרם,נגה גלידות שותפות מוגבלת,,אקסטרים שוקול+ר.חלב,,115.00,100 גרם,false,1,12.90,11.22,true,1,18322
7290112960986,false,מאגדת דובדבן אננס 700 גר,גלידות נסטלה )נגה גלידות,,קרח דובדבן-אננס,,821.00,100 גרם,false,1,18.00,2.19,true,1,22700
<<<<<<< HEAD
7290112961266,false,בייגלה כפיות פיזור איטלקי אסם 300 גרם,"אסם תעשיות בע""מ",,בייגלה איטלקי 300 גר,,300.00,100 גרם,false,1,14.50,4.83,true,1,23637
7290112961372,false,פיטנס חטיפי פריכיות דקות קינמון 60 גרם,"פרח תעשיות מזון בע""\מ",,פיטנס ח.פריכ קינמון,,60.00,100 גרם,false,1,11.90,19.83,true,1,18323
7290112961464,false,פיטנס חטיפי פריכיות דגנים וחומוס מתובלות,"פרח תעשיות מזון בע""\מ",,פיטנס ח.פריכ מתובל,,60.00,100 גרם,false,1,11.90,19.83,true,1,18324
7290112961785,false,לה פרוטה לימונענע תפ,המאפיה של הרמן,,לה פרוטה לימונע-תפוח,,70.00,100 גרם,false,1,9.90,14.14,true,1,18100
7290112962003,false,שלגון קראנץ וניל עוגיות עם שוקולד נסטלה 90 גרם,גלידות נסטלה )נגה גלידות,,קראנץ וניל עוגיות,,103.20,100 גרם,false,1,12.90,12.50,true,1,18101
7290112962584,false,חטיף ביסלי שוארמה 60,"אסם השקעות בע""\מ",,אח של ביסלי שווארמה,,60.00,100 גרם,false,1,6.90,11.50,true,1,19903
7290112962652,false,"אסם אבקת מרק טעם עוף כשל""פ 800 גרם","אסם השקעות בע""\מ",,אבקת מרק טעם עוף כלפ,,800.00,100 גרם,false,1,15.90,1.99,false,1,24149
=======
7290112961266,false,בייגלה כפיות פיזור איטלקי אסם 300 גרם,קבוצת אוסם סחר שותפות מוגבלת,,בייגלה איטלקי 300 גר,,300.00,100 גרם,false,1,14.50,4.83,true,1,23637
7290112961372,false,פיטנס חטיפי פריכיות דקות קינמון 60 גרם,קבוצת אוסם סחר שותפות מוגבלת,,פיטנס ח.פריכ קינמון,,60.00,100 גרם,false,1,11.90,19.83,true,1,18323
7290112961464,false,פיטנס חטיפי פריכיות דגנים וחומוס מתובלות,קבוצת אוסם סחר שותפות מוגבלת,,פיטנס ח.פריכ מתובל,,60.00,100 גרם,false,1,11.90,19.83,true,1,18324
7290112961785,false,לה פרוטה לימונענע תפ,המאפיה של הרמן,,לה פרוטה לימונע-תפוח,,70.00,100 גרם,false,1,9.90,14.14,true,1,18100
7290112962003,false,שלגון קראנץ וניל עוגיות עם שוקולד נסטלה 90 גרם,נגה גלידות שותפות מוגבלת,,קראנץ וניל עוגיות,,103.20,100 גרם,false,1,12.90,12.50,true,1,18101
7290112962584,false,חטיף ביסלי שוארמה 60,"אסם השקעות בע""\מ",,אח של ביסלי שווארמה,,60.00,100 גרם,false,1,6.90,11.50,true,1,19903
7290112962652,false,"אסם אבקת מרק טעם עוף כשל""פ 800 גרם",קבוצת אוסם סחר-שות.מוגבלת,,אבקת מרק טעם עוף כלפ,,800.00,100 גרם,false,1,15.90,1.99,false,1,24149
>>>>>>> d048ac2f4f281c9d788043ab4e81b61b0dbe3743
7290112962751,false,מעדן קפוא בטעם וניל עם שברי עוגיות וציפוי,שוורצקוף& הנקל דיסלד,,שלגון אוראו,,65.00,100 גרם,false,1,9.90,15.23,true,1,18326
7290112963727,false,בונז'ור עוגת קראנץ' קינמון 650 גרם,קבוצת אסם סחר שות. מוגבלת,,בונזור ע.קראנץ קנמון,,650.00,100 גרם,false,1,24.90,3.83,true,1,18410
7290112963802,false,קרואסאן שקדים חלבי 113ג' בונז'ור,Unknown,,בונזור קרואסון שקדי,,113.00,100 גרם,false,1,12.00,10.62,true,1,18423
<<<<<<< HEAD
7290112963918,false,פיטנס חטיפי קרקר דק רוזמרין 140 גרם,נסטלה Nestle,,פיטנס קרקר רוזמרין,,140.00,100 גרם,false,1,15.90,11.36,true,1,18801
7290112964410,false,אסם רוטב אלף האיים חדש לסלט 290 גרם,"אסם תעשיות בע""מ",,רוטב אלף האיים לסלט,,290.00,100 גרם,false,1,13.90,4.79,true,1,19845
7290112964472,false,אסם רוטב שום חדש לסלט 290 גרם,"אסם תעשיות בע""מ",,רוטב שום לסלט,,290.00,100 גרם,false,1,13.90,4.79,true,1,22770
7290112964687,false,בונז'ור לחם מחמצת דגנים 12*480גר,בונז'ור,,לחם מחמצת דגנים,,480.00,100 גרם,false,1,22.90,4.77,true,1,21800
7290112965240,false,מרק נמס בטעם עגבניות זוג * 44 ג' אסם,"אסם תעשיות בע""מ",,זוג מרק נמס עגבניות,,60.00,100 גרם,false,1,6.90,11.50,true,1,24198
7290112965264,false,אבקת מרק נמס אפונה אסם בדצ 52 גרם מארז זוגי,"אסם תעשיות בע""מ",,זוג מרק נמס אפונה,,52.00,100 גרם,false,1,6.90,13.27,true,1,24199
7290112965288,false,מרק נמס ירקות אסם בדצ 56 גרם מארז זוגי,"אסם תעשיות בע""מ",,זוג מרק נמס ירקות,,56.00,100 גרם,false,1,6.90,12.32,true,1,24200
7290112965301,false,זוג מרק נמס בטעם עוף עם שקדי מרק רגע חם,"אסם תעשיות בע""מ",,זוג מרק נמס טעם עוף,,52.00,100 גרם,false,1,6.90,13.27,true,1,24201
7290112965660,false,פיטנס - חטיף מולטיגריין מלח פלפל 25 גרם,מיוצר עי קונדיטוריית,,חטיף מולטי גרין,,25.00,100 גרם,false,1,6.90,27.60,true,1,20753
7290112965684,false,פיטנס - חטיף מולטיגריין עשבי תיבול 25 גרם,מיוצר עי קונדיטוריית,,חטיף עשבי תיבול,,25.00,100 גרם,false,1,6.90,27.60,true,1,20754
7290112965745,false,אוסם - ביסלי פריסטייל בצל מעושן 60 גרם,"אסם השקעות בע""\מ",,ביסלי בצל מעושן,,60.00,100 גרם,false,1,7.50,12.50,true,1,21368
7290112965783,false,אוסם - ביסלי פריסטייל על האש 60 גרם,"אסם השקעות בע""\מ",,ביסלי על האש,,60.00,100 גרם,false,1,7.50,12.50,true,1,21369
7290112965806,false,אוסם - ביסלי פריסטייל חמוץ חריף 60 גרם,"אסם תעשיות בע""מ",,ביסלי חמוץ חריף,,60.00,100 גרם,false,1,7.50,12.50,true,1,21370
7290112966070,false,לחמית כוסמין+גרע.דלעת160,"אסם תעשיות בע""מ",,לחמית כוסמין גרעינים,,160.00,100 גרם,false,1,12.90,8.06,false,1,21737
7290112966186,false,אפרופו מצ.שוקולד מריר40ג,מולינו ניקולי s.p.a,,אפרופו שוקולד מריר,,40.00,100 גרם,false,1,8.00,20.00,true,1,18922
7290112966209,false,אפרופו מצ.שוקולד לבן40ג,מולינו ניקולי s.p.a,,אפרופו שוקולד לבן,,40.00,100 גרם,false,1,8.00,20.00,true,1,18923
7290112966247,false,לחמית כוסמין אסם 200 גרם,"אסם תעשיות בע""מ",,לחמית כוסמין 200 גר,,200.00,100 גרם,false,1,12.90,6.45,false,1,21738
7290112966445,false,במבה מתוקה אריזה גדולה 100 ג' אסם,"אסם השקעות בע""\מ",,במבה מתוקה 100,,100.00,100 גרם,false,1,12.50,12.50,true,1,18924
7290112966803,false,אסם פודינג אינסטנט שוקולד 95 גרם,"אסם השקעות בע""\מ",,פודינג שוקולד אסם,,88.00,100 גרם,false,1,7.90,8.98,true,1,19172
=======
7290112963918,false,פיטנס חטיפי קרקר דק רוזמרין 140 גרם,קבוצת אוסם סחר שותפות מוגבלת,,פיטנס קרקר רוזמרין,,140.00,100 גרם,false,1,15.90,11.36,true,1,18801
7290112964410,false,אסם רוטב אלף האיים חדש לסלט 290 גרם,קבוצת אוסם סחר שותפות מוגבלת,,רוטב אלף האיים לסלט,,290.00,100 גרם,false,1,13.90,4.79,true,1,19845
7290112964472,false,אסם רוטב שום חדש לסלט 290 גרם,קבוצת אוסם סחר שותפות מוגבלת,,רוטב שום לסלט,,290.00,100 גרם,false,1,13.90,4.79,true,1,22770
7290112964687,false,בונז'ור לחם מחמצת דגנים 12*480גר,**קבוצת אוסם סחר-שות.מוגבלת,,לחם מחמצת דגנים,,480.00,100 גרם,false,1,22.90,4.77,true,1,21800
7290112965240,false,מרק נמס בטעם עגבניות זוג * 44 ג' אסם,קבוצת אוסם סחר שותפות מוגבלת,,זוג מרק נמס עגבניות,,60.00,100 גרם,false,1,6.90,11.50,true,1,24198
7290112965264,false,אבקת מרק נמס אפונה אסם בדצ 52 גרם מארז זוגי,קבוצת אוסם סחר שותפות מוגבלת,,זוג מרק נמס אפונה,,52.00,100 גרם,false,1,6.90,13.27,true,1,24199
7290112965288,false,מרק נמס ירקות אסם בדצ 56 גרם מארז זוגי,קבוצת אוסם סחר שותפות מוגבלת,,זוג מרק נמס ירקות,,56.00,100 גרם,false,1,6.90,12.32,true,1,24200
7290112965301,false,זוג מרק נמס בטעם עוף עם שקדי מרק רגע חם,קבוצת אוסם סחר שותפות מוגבלת,,זוג מרק נמס טעם עוף,,52.00,100 גרם,false,1,6.90,13.27,true,1,24201
7290112965660,false,פיטנס - חטיף מולטיגריין מלח פלפל 25 גרם,קבוצת אוסם סחר שותפות מוגבלת,,חטיף מולטי גרין,,25.00,100 גרם,false,1,6.90,27.60,true,1,20753
7290112965684,false,פיטנס - חטיף מולטיגריין עשבי תיבול 25 גרם,קבוצת אוסם סחר שותפות מוגבלת,,חטיף עשבי תיבול,,25.00,100 גרם,false,1,6.90,27.60,true,1,20754
7290112965745,false,אוסם - ביסלי פריסטייל בצל מעושן 60 גרם,קבוצת אוסם סחר שותפות מוגבלת,,ביסלי בצל מעושן,,60.00,100 גרם,false,1,7.50,12.50,true,1,21368
7290112965783,false,אוסם - ביסלי פריסטייל על האש 60 גרם,קבוצת אוסם סחר שותפות מוגבלת,,ביסלי על האש,,60.00,100 גרם,false,1,7.50,12.50,true,1,21369
7290112965806,false,אוסם - ביסלי פריסטייל חמוץ חריף 60 גרם,קבוצת אוסם סחר שותפות מוגבלת,,ביסלי חמוץ חריף,,60.00,100 גרם,false,1,7.50,12.50,true,1,21370
7290112966070,false,לחמית כוסמין+גרע.דלעת160,"אסם תעשיות בע""מ",,לחמית כוסמין גרעינים,,160.00,100 גרם,false,1,12.90,8.06,false,1,21737
7290112966186,false,אפרופו מצ.שוקולד מריר40ג,מולינו ניקולי s.p.a,,אפרופו שוקולד מריר,,40.00,100 גרם,false,1,8.00,20.00,true,1,18922
7290112966209,false,אפרופו מצ.שוקולד לבן40ג,מולינו ניקולי s.p.a,,אפרופו שוקולד לבן,,40.00,100 גרם,false,1,8.00,20.00,true,1,18923
7290112966247,false,לחמית כוסמין אסם 200 גרם,קבוצת אוסם סחר שותפות מוגבלת,,לחמית כוסמין 200 גר,,200.00,100 גרם,false,1,12.90,6.45,false,1,21738
7290112966445,false,במבה מתוקה אריזה גדולה 100 גר`אסם,קבוצת אוסם סחר שותפות מוגבלת,,במבה מתוקה 100,,100.00,100 גרם,false,1,12.50,12.50,true,1,18924
7290112966803,false,אינסטנט פודינג בטעם שוקולד אסם (88 גרם),קבוצת אוסם סחר שותפות מוגבלת,,פודינג שוקולד אסם,,88.00,100 גרם,false,1,7.90,8.98,true,1,19172
>>>>>>> d048ac2f4f281c9d788043ab4e81b61b0dbe3743
7290112966827,false,אסם אינסטנט פודינג שוקולד כלפ 12*90גרם,מיוצר עי קונדיטוריית,,פודינג שוקולד כשלפ,,90.00,100 גרם,false,1,7.90,8.78,true,1,24128
7290112967114,false,פיטנס חטיפי פריכיות קטניות ופלפל 60 גרם,קבוצת אוסם סחר שותפות מוגבלת,,חטיפי פריכיות ופלפל,,60.00,100 גרם,false,1,11.90,19.83,true,1,19904
7290112967381,false,פיטנס חטיפי פריכיות קטניות ומלח ים 60 גרם,קבוצת אוסם סחר שותפות מוגבלת,,חטיפי פריכיות מלח ים,,60.00,100 גרם,false,1,11.90,19.83,true,1,19905
7290112967510,false,בונז`ור בייבי חליות 90גר,קבוצת אוסם סחר-שות.מוגבלת,,בייבי חליות בונזור,,90.00,100 גרם,false,1,2.90,3.22,true,1,21799
7290112968203,false,צבר סלט טחינה בלאדי 6*250גרם,קבוצת אוסם סחר שותפות מוגבלת,,צבר סלט טחינה 250 גר,,250.00,100 גרם,false,1,13.00,5.20,true,1,24105
7290112968340,false,צבר חומוס סמיר הגדול 400 גר`,קבוצת אוסם סחר שותפות מוגבלת,,צבר חומוס גרוס 400גר,,400.00,100 גרם,false,1,16.00,4.00,true,1,24106
7290112968807,false,80018416694פיטנס חטיפי קרקר דק סלק 150גר,קבוצת אוסם סחר שותפות מוגבלת,,קרקר דק סלק,,140.00,100 גרם,false,1,15.90,11.36,true,1,20755
7290112968821,false,חטיפי קרקר דק בטטה 140 גר` פיטנס,קבוצת אוסם סחר שותפות מוגבלת,,קרקר דק בטטה,,140.00,100 גרם,false,1,15.90,11.36,true,1,20756
7290113192355,false,חרוזית זיתים ירוקים ללא גלעין 275 ג' בית השיטה,קבוצת אוסם סחר שותפות מוגבלת,,בית השיטה חרוזית,,275.00,100 גרם,false,1,13.00,4.73,true,1,19711
7290113192362,false,זיתים ירוקים טבעות A2 בית השיטה 280 גרם,קבוצת אוסם סחר שותפות מוגבלת,,ב.השיטה טבעות זיתים,,280.00,100 גרם,false,1,13.00,4.64,true,1,19712
7290113192379,false,בית השיטה זיתים ירוקים מבוקעים א2 340גר',קבוצת אוסם סחר-שות.מוגבלת,,ב.השיטה זיתים ירוקים,,340.00,100 גרם,false,1,12.00,3.53,true,1,19713
7290113192478,false,בית השיטה מלפפונים במלח בינוני 10-12 320 גרם,קבוצת אוסם סחר שותפות מוגבלת,,ב.השיטה מלפפון במלח,,320.00,100 גרם,false,1,10.50,3.28,true,1,19714
7290113192508,false,בית השיטה מלפפונים במלח קטן 1317 320 גרם,קבוצת אוסם סחר שותפות מוגבלת,,ב.השיטה מלפפון במלח,,320.00,100 גרם,false,1,12.50,3.91,true,1,19715
7290113192522,false,בית השיטה מלפפונים בחומץ קטן מאוד 1825 290 גרם,קבוצת אוסם סחר שותפות מוגבלת,,ב.השיטה מלפפון בחומץ,,290.00,100 גרם,false,1,14.00,4.83,false,1,23242
7290113192539,false,בית השיטה מלפפונים במלח גדול 79 320 גרם,קבוצת אוסם סחר שותפות מוגבלת,,ב.השיטה מלפפון במלח,,320.00,100 גרם,false,1,8.50,2.66,true,1,19716
7290113192546,false,"מלפפונים בחומץ רכיבים טבעיים 7-9 ""בית השיטה""",קבוצת אוסם סחר שותפות מוגבלת,,ב.השיטה מלפפון בחומץ,,290.00,100 גרם,false,1,8.50,2.93,true,1,19717
7290113193031,false,חרוזית קלמטה - זיתים שחורים ללא גלעין קלמטה,קבוצת אוסם סחר שותפות מוגבלת,,בית השיטה חרוזית 275,,275.00,100 גרם,false,1,16.50,6.00,true,1,24107
7290113198241,false,קשיו ענק קלוי בצנצנת,דין שיווק,,קשיו ענק צנצנת,,200.00,100 גרם,false,1,19.90,9.95,true,1,21552
7290113198258,false,פיסטוק ענק קלוי בצנצ,דין שיווק,,פסטוק ענק צנצנת,,170.00,100 גרם,false,1,18.90,11.12,true,1,21553
7290113198265,false,שקד ענק קלוי בצנצנת,דין שיווק,,שקד קלוי ענק צנצנת,,200.00,100 גרם,false,1,19.90,9.95,true,1,21554
7290113198272,false,תערובת פיצוחים פרימי,דין שיווק,,ת.פיצוחים צנצנת,,200.00,100 גרם,false,1,19.90,9.95,true,1,21555
7290113198289,false,בוטנים קלויים בצנצנת,דין שיווק,,בוטנים קלויים צנצנת,,220.00,100 גרם,false,1,16.90,7.68,true,1,21556
7290113199613,false,חטיף שומשום עם שקדים וחמוציות ללא.ס 220 ג' שקדיה,דין שיווק וקליה 2021 בעמ,,מנצס בצנצנת,,130.00,100 גרם,false,1,16.90,13.00,true,1,22253
7290113199637,false,"חטיף בוטנים גרעיני דלעת חמוציות שומשום זרעי פשתן ציה לל""ס",דין שיווק וקליה 2021 בעמ,,חטיף סויה ק.צנצנת,,140.00,100 גרם,false,1,16.90,12.07,true,1,22254
7290113199859,false,מגש אירוח סוכריות גומי 350 ג' שקדיה,דין שיווק וקליה 2021 בעמ,,מ.ארוח סוכריות גומי,,0.00,,false,1,19.90,0.00,false,1,24190
7290113199866,false,מגש אירוח אגוזים קלויים וחטיפים מלוחים מקל 450 ג',****דין שיווק וקליה 2021 בעמ,,מגש אירוח פיצוחים,,450.00,100 גרם,false,1,39.90,8.87,true,1,24175
7290113242029,false,בקבוק אלכוג'ל 500 מ:ל [20],Unknown,,גל אלכוהול 70% 500 ל,,500.00,"100 מ""ל",false,1,21.00,4.20,true,1,19559
7290113420138,false,מטריה הפוכה אפורה,Unknown,,מטריה הפוכה אפורה,,0.00,,false,1,29.90,0.00,false,1,20336
7290113420342,false,רצועת TRX,Unknown,,רצועת TRX,,0.00,,false,1,129.00,0.00,false,1,22438
7290113450530,false,סוכריות אבטיח גומי,Unknown,,סוכריות אבטיח גומי,,200.00,100 גרם,false,1,12.90,6.45,true,1,18891
7290113452848,false,קטי גומי אבטיח 200 ג,טופגם,,גומי אבטיח 200 גר,,200.00,100 גרם,false,1,12.90,6.45,true,1,22440
7290113452855,false,סוכריות גומי יין ארו,טופגם,,גומי יין תנתה,,200.00,100 גרם,false,1,12.90,6.45,true,1,22441
7290113452862,false,סוכריות גומי נחש מוב,טופגם,,נחש מוברק 200גרם,,200.00,100 גרם,false,1,12.90,6.45,true,1,21739
7290113452879,false,סוכריות גומי בננה אר,טופגם,,בננה 200גרם,,200.00,100 גרם,false,1,12.90,6.45,true,1,21740
7290113452886,false,סוכריות גומי נחש חמו,טופגם,,נחש חמוץ 200גרם,,200.00,100 גרם,false,1,12.90,6.45,true,1,21741
7290113452916,false,סוכריות גומי קולה קט,טופגם,,בקבוק קולה 200ג,,200.00,100 גרם,false,1,12.90,6.45,true,1,22442
7290113452923,false,סוכריות גומי לב אפרס,טופגם,,לב אפרסק 200 גרם,,200.00,100 גרם,false,1,12.90,6.45,true,1,22443
7290113452930,false,סוכריות גומי דובי מו,טופגם,,גומי דובנים מוברק,,200.00,100 גרם,false,1,12.90,6.45,true,1,21742
7290113452947,false,שטיח פירות מתוקים,Unknown,,שטיח פירות מתוקים,,78.00,100 גרם,false,1,10.90,13.97,true,1,22444
7290113452954,false,שטיח חמוץ תות,Unknown,,שטיח חמוץ תות,,78.00,100 גרם,false,1,10.90,13.97,true,1,22445
7290113452978,false,שטיח בטעם אבטיח,Unknown,,שטיח בטעם אבטיח,,78.00,100 גרם,false,1,10.90,13.97,true,1,22447
7290113452985,false,קטי תות ממולא 150 גר,טופגם,,לקריץ תות מבריק,,150.00,100 גרם,false,1,12.90,8.60,true,1,22448
7290113453012,false,לקריץ תות מסוכר 150ג,Unknown,,לקריץ תות מסוכר 150ג,,150.00,100 גרם,false,1,12.90,8.60,true,1,22450
7290113453036,false,גלי בינס תנתה,Unknown,,גלי בינס תנתה,,100.00,100 גרם,false,1,10.90,10.90,true,1,22451
7290113453043,false,סוכריות גומי תות קטן,טופגם,,תות מוברק 200ג,,200.00,100 גרם,false,1,12.90,6.45,true,1,21542
7290113453050,false,סוכריות גומי תות קטן,טופגם,,תות קטן חמוץ,,200.00,100 גרם,false,1,12.90,6.45,true,1,21543
7290113594326,false,סוכריה על מקל 85 גרם בדיספליי - סווירל צבעוני LOL,שמחה זה אנחנו,,סוכריה על מקל LOL,,85.00,100 גרם,false,1,11.90,14.00,true,1,22919
7290113594562,false,שלישיית ביצי שוקולד סמי הכבאי,שמחה זה אנחנו בעמ,,שלישיית ב.שוקולד סמי,,1.00,יחידה,false,1,18.90,18.90,true,1,22920
7290113594579,false,שלישיית ביצי שוקולד(חלב נוכרי)-מפרץ הרפתקאות,שמחה זה אנחנו בעמ,,שלישיית ב.ש.מפרץ,,1.00,יחידה,false,1,18.90,18.90,true,1,22921
7290113594616,false,שלישיית ביצי שוקולד חד קרן,שמחה זה אנחנו בעמ,,שלישיית ב.שוקולד קרן,,1.00,יחידה,false,1,18.90,18.90,true,1,22922
7290113594623,false,שלישיית ביצי שוקולד(חלב נוכרי)-LOL,שמחה זה אנחנו בעמ,,שלישיית ב.שוקולד LOL,,1.00,יחידה,false,1,18.90,18.90,true,1,22923
7290113660182,false,נפנף למנגל ארטוס,Unknown,,נפנף למנגל ארטוס,,0.00,,false,1,4.90,0.00,false,1,21047
7290114310215,false,"שמנת מתוקה 38% רמת הגולן 250 מ""ל ווסטהיים - מוצר בפיקוח",החברה המרכזית טלהפצת משקאות בע,,שמנת מתוקה 38%,,250.00,"100 מ""ל",false,1,6.47,2.59,true,1,21321
7290114310611,false,"משקה חלב בננה בבקבוק פקק ספורט טרה 250 מ""ל",החברה המרכזית טלהפצת משקאות בע,,טרה משקה בננה,,250.00,"100 מ""ל",false,1,7.20,2.88,true,1,23012
7290114310901,false,"גבינה לבנה ""טרה"" 5% -מוצר בפיקוח",החברה המרכזית טלהפצת משקאות בע,,גבינה לבנה 5% 250 ג,,250.00,100 גרם,false,1,4.98,1.99,false,1,21499
7290114310918,false,גבינת קוטג 5% מועשר,*החברה המרכזית להפצת משקאותבעמ,,קוטג 5% 250 ג,,250.00,100 גרם,false,1,5.90,2.36,true,1,21501
7290114310956,false,חלב 3% בבקבוק בדצ 1 ליטר,Unknown,,חלב 3% 1 ליטר בקבוק,,1.00,1 ליטר,false,1,6.23,6.23,false,1,21496
<<<<<<< HEAD
7290114311014,false,"משקה חלב אייס קפוצ'ינו פקק ספורט טרה 250 מ""ל",מילקו תעשיות בעמ,,טרה אייס קפוצינו250,,250.00,"100 מ""ל",false,1,7.20,2.88,false,1,23707
7290114311021,false,"משקה חלב וניל עוגיות פקק ספורט טרה 250 מ""ל",Unknown,,טרה משקה וניל עוגיות,,250.00,"100 מ""ל",false,1,7.20,2.88,false,1,23708
7290114311038,false,"שמנת מתוקה 32% עמידה בבקבוק טרה 250 מ""ל",מילקו תעשיות בעמ,,שמנת מתוקה בדצ,,250.00,"100 מ""ל",false,1,6.18,2.47,false,1,23317
7290114311069,false,יוגורט לבן מועשר בחלבון 0% שומן 200 גרם muller active,מולר Muller,,מולר אקטיב 25 חלבון,,200.00,100 גרם,false,1,6.90,3.45,false,1,22694
7290114311328,false,חלב מועשר דל לקטוז מעושר בויטמין Dי 2% שומן טרה 1 ליטר,ג'י.אר.אמ.גרופו אלימ,,חלב נטול לקטוז,,1.00,1 ליטר,false,1,9.50,9.50,false,1,23392
7290114311434,false,מולר אקטיב יוגורט חלבון קרמל מלוח 200 גרם,מילקו,,מולר אקטיב קרמל0%,,200.00,100 גרם,false,1,6.50,3.25,false,1,24195
7290114311441,false,מולר אקטיב יוגורט חלבון עוגיות חמאה 200 גרם,מילקו,,מולר אקטיב עוגיות,,200.00,100 גרם,false,1,6.50,3.25,false,1,24196
7290114311458,false,קרטון חלב 3% מועשר ויטמין די 1ליטר,Unknown,,קרטון חלב וויטמין D1,,0.00,,false,1,8.50,0.00,false,1,23566
7290114311496,false,קרטון חלב מועשר 1% שומן 1 ליטר טרה,Unknown,,קרטון חלב מועשר 1%,,0.00,,false,1,8.50,0.00,false,1,23567
7290114600927,false,עלי טורטייה חיטה מלאה מאסטר שף 320 גרם,אלקאטי קורביישיסי גי,,מאסטר שף עלי טורטיה,,320.00,100 גרם,false,1,11.90,3.72,true,1,23393
7290114653541,false,שלישיית ביצי שוקולד(חלב נוכרי) - כוח פי גיי,שמחה זה אנחנו,,שלישיית ב.שוקולד כוח,,1.00,יחידה,false,1,18.90,18.90,true,1,22924
7290114657280,false,מיני פופ סוכריה על מקל עם כדור 8גר כוח פי גיי,Unknown,,מיני סוכריה כדור כוח,,8.00,100 גרם,false,1,14.90,186.25,true,1,22925
=======
7290114311014,false,"משקה חלב אייס קפוצ'ינו פקק ספורט טרה 250 מ""ל",החברה המרכזית טלהפצת משקאות בע,,טרה אייס קפוצינו250,,250.00,"100 מ""ל",false,1,7.20,2.88,false,1,23707
7290114311021,false,"משקה חלב וניל עוגיות פקק ספורט טרה 250 מ""ל",החברה המרכזית טלהפצת משקאות בע,,טרה משקה וניל עוגיות,,250.00,"100 מ""ל",false,1,7.20,2.88,false,1,23708
7290114311038,false,"שמנת מתוקה 32% עמידה בבקבוק טרה 250 מ""ל",החברה המרכזית טלהפצת משקאות בע,,שמנת מתוקה בדצ,,250.00,"100 מ""ל",false,1,6.18,2.47,false,1,23317
7290114311069,false,יוגורט לבן מועשר בחלבון 0% שומן 200 גרם muller active,החברה המרכזית טלהפצת משקאות בע,,מולר אקטיב 25 חלבון,,200.00,100 גרם,false,1,6.90,3.45,false,1,22694
7290114311328,false,חלב מועשר דל לקטוז מעושר בויטמין Dי 2% שומן טרה 1 ליטר,החברה המרכזית טלהפצת משקאות בע,,חלב נטול לקטוז,,1.00,1 ליטר,false,1,9.50,9.50,false,1,23392
7290114311434,false,מולר אקטיב יוגורט חלבון קרמל מלוח 200 גרם,החברה המרכזית טלהפצת משקאות בע,,מולר אקטיב קרמל0%,,200.00,100 גרם,false,1,6.50,3.25,false,1,24195
7290114311441,false,מולר אקטיב יוגורט חלבון עוגיות חמאה 200 גרם,החברה המרכזית טלהפצת משקאות בע,,מולר אקטיב עוגיות,,200.00,100 גרם,false,1,6.50,3.25,false,1,24196
7290114311458,false,חלב קרטון 3% מועשר ויטמין די 1 ליטר,החברה המרכזית טלהפצת משקאות בע,,קרטון חלב וויטמין D1,,0.00,,false,1,8.50,0.00,false,1,23566
7290114311496,false,קרטון חלב מועשר 1% שומן 1 ליטר טרה,החברה המרכזית טלהפצת משקאות בע,,קרטון חלב מועשר 1%,,0.00,,false,1,8.50,0.00,false,1,23567
7290114600927,false,עלי טורטייה חיטה מלאה מאסטר שף 320 גרם,אלקאטי קורביישיסי גי,,מאסטר שף עלי טורטיה,,320.00,100 גרם,false,1,11.90,3.72,true,1,23393
7290114653541,false,שלישיית ביצי שוקולד(חלב נוכרי) - כוח פי גיי,שמחה זה אנחנו בעמ,,שלישיית ב.שוקולד כוח,,1.00,יחידה,false,1,18.90,18.90,true,1,22924
7290114657280,false,מיני פופ סוכריה על מקל עם כדור 8גר כוח פי גיי,שמחה זה אנחנו בע`מ,,מיני סוכריה כדור כוח,,8.00,100 גרם,false,1,14.90,186.25,true,1,22925
>>>>>>> d048ac2f4f281c9d788043ab4e81b61b0dbe3743
7290114657297,false,מיני פופ סוכריה על מקל עם כדור 8גר LOL,Unknown,,מיני סוכריה כדור LOL,,8.00,100 גרם,false,1,14.90,186.25,true,1,22926
7290114659529,false,מיני פופ סוכריה על מקל(5 יח) 40 גר' - LOL,שמחה זה אנחנו בע`מ,,מיני פופ סוכריה LOL,,40.00,100 גרם,false,1,14.90,37.25,true,1,22927
7290114720250,false,פוג'יקום מטען סוללות USB אוניברסלי,פוג'יקום,,מ.סוללות USBאוניבסלי,,0.00,,false,1,79.90,0.00,false,1,19541
7290114825320,false,אוראו רמיקס פטל וניל,Unknown,,אוראו רמיקס פטל וניל,,157.00,100 גרם,false,1,9.90,6.31,true,1,23122
7290114825337,false,אוראו קרם וניל 157ג,Unknown,,אוראו קרם וניל 157ג,,157.00,100 גרם,false,1,9.90,6.31,true,1,23123
7290115043464,false,ריפרש סבון לידיים לבנדר,Unknown,,סבון לידיים לבנדר,,1.00,1 ליטר,false,1,10.00,10.00,true,1,23294
7290115073676,false,מסכות כירורגיות צבעוני מארז 50 יח(ש),שמחה זה אנחנו בע`מ,,מארז 50 מסכות שחורות,,50.00,יחידה,false,1,17.90,0.36,false,1,20184
7290115073713,false,שלישיית ביצי שוקולד(חלב נוכרי)-טום וג'רי,שמחה זה אנחנו בעמ,,שלישיית ב.שוקולד טום,,1.00,יחידה,false,1,18.90,18.90,true,1,22928
7290115074734,false,סוכריה על מקל 85 גרם - סמי הכבאי,שמחה זה אנחנו,,סוכריה על מקל סמי,,85.00,100 גרם,false,1,11.90,14.00,true,1,22929
7290115074741,false,סוכריה על מקל 85 גרם - הלו קיטי,שמחה זה אנחנו,,סוכריה על מקל ה.קיטי,,85.00,100 גרם,false,1,11.90,14.00,true,1,22930
7290115074963,false,מסכה חד פעמית קיטי 5 יח',Unknown,,מסכה לילד *5 קיטי,,5.00,יחידה,false,1,10.00,2.00,false,1,20398
7290115074970,false,מארז 5 יח' מסכות ילדים LOL,Unknown,,מסכה לילד חדפ5 LOL,,5.00,יחידה,false,1,10.00,2.00,false,1,20399
7290115074987,false,מארז 5 יח' מסכות ילדים חד קרן,Unknown,,מסכה לילד *5 חד קרן,,5.00,יחידה,false,1,10.00,2.00,false,1,20400
7290115075014,false,מסכה חד פעמית כדורסל 5 י,Unknown,,מסכה לילד *5 כדורסל,,5.00,יחידה,false,1,10.00,2.00,false,1,20401
7290115075021,false,מסכה חד פעמית כדורגל 5 י,Unknown,,מסכה לילד *5 כדורגל,,5.00,יחידה,false,1,10.00,2.00,false,1,20402
7290115075038,false,מסכה לפנים לילדים חד פעמי - 5 יח כוח פיג,Unknown,,מסכה לילד*5 כוח פיגי,,5.00,יחידה,false,1,10.00,2.00,false,1,20403
7290115075809,false,מסכה לילד*5 מיניונים,Unknown,,מסכה לילד*5 מיניונים,,5.00,יחידה,false,1,10.00,2.00,false,1,20404
7290115077131,false,מסכה לפנים חד פעמי לילדים 40 יח`,שמחה זה אנחנו בעמ,,מארז מסכות ילדים,,40.00,יחידה,false,1,18.90,0.47,false,1,20457
7290115180251,false,יחידות טבק לחימום אמבר PP קרטוש,פיליפ מוריס,,טבק לחימום אמבר,,0.00,,false,1,27.50,0.00,false,1,20696
7290115180268,false,יחידות טבק לחימום צהוב PP,פיליפ מוריס,,טבק לחימום צהוב,,0.00,,false,1,27.50,0.00,false,1,20490
7290115180275,false,יחידות טבק לחימום טורקיז PP,פיליפ מוריס בעמ,,טבק לחימום טורקיז,,0.00,,false,1,27.50,0.00,false,1,20487
7290115180282,false,יחידות טבק לחימום ברונז PP,פיליפ מוריס,,טבק לחימום ברונז,,0.00,,false,1,27.50,0.00,false,1,20488
7290115180299,false,יחידות טבק לחימום סיינה PP,פיליפ מוריס,,טבק לחימום סיינה,,0.00,,false,1,27.50,0.00,false,1,20489
7290115180305,false,יחידות טבק לחימום אמבר PP,פיליפ מוריס,,טבק לחימום אמבר פאק,,0.00,,false,1,260.00,0.00,true,1,20697
7290115180312,false,יחידות טבק לחימום צהוב PP קרטוש,פיליפ מוריס,,טבק לחימום צהוב פאקט,,0.00,,false,1,260.00,0.00,true,1,20486
7290115180329,false,טבק לחימום טורקיז10י PP,פיליפ מוריס,,טבק לחימום טורקיז פא,,0.00,,false,1,260.00,0.00,true,1,20491
7290115180336,false,טבק לחימום ברונז10יח PP,פיליפ מוריס,,טבק לחימום ברונז פאק,,0.00,,false,1,260.00,0.00,true,1,20492
7290115180343,false,טבק לחימום סיינה10יח PP,פיליפ מוריס,,טבק לחימום סיינה פאק,,0.00,,false,1,260.00,0.00,true,1,20493
7290115180671,false,יחידות טבק לחימום סגול PP קרטוש,פיליפ מוריס,,טבק לחימום סגול-פאקט,,0.00,,false,1,260.00,0.00,true,1,20421
7290115180688,false,יחידות טבק לחימום סגול PP,פיליפ מוריס,,טבק לחימום סגול,,0.00,,false,1,27.50,0.00,false,1,20420
7290115181494,false,הייטס לגונה סוויפט פ,Unknown,,הייטס לגונה סוויפט פ,,0.00,,false,1,260.00,0.00,false,1,22189
7290115181500,false,יחידות טבק לחימום הייטס לגונה סוופיט,פיליפ מוריס,,הייטס לגונה סוויפט,,0.00,,false,1,27.50,0.00,false,1,22188
7290115181531,false,EHC1 HEETS TEAK SELECTION S50 PRI חפיסה,פיליפ מוריס,,היטס טיק חפיסה,,0.00,,false,1,27.50,0.00,false,1,22671
7290115181548,false,היטס טיק פאקט,Unknown,,היטס טיק פאקט,,0.00,,false,1,260.00,0.00,false,1,22672
<<<<<<< HEAD
7290115190007,false,מרלבורו אדום בוקס פא,פיליפ מוריס,,PPמרלבורו רד,,0.00,,false,1,355.00,0.00,false,1,20359
7290115190014,false,סיגריות מרלבורו רד קצר בוקס,פיליפ מוריס,,מרלבורו קצר חפיסה.,,0.00,,false,1,36.50,0.00,false,1,20360
7290115190021,false,מרלבורו רד קצר סופט פאקט,פיליפ מוריס,,PPמרלבורו רד סופט,,0.00,,false,1,335.00,0.00,false,1,20361
7290115190038,false,סיגריות מרלבורו רד קצר סופט,פיליפ מוריס,,מרלבורו סופט חפיסה,,0.00,,false,1,34.00,0.00,false,1,20362
7290115190045,false,מרלבורו פלייבור מיקס פקט,פיליפ מוריס,,מרלבורו פלייבור מיקס,,0.00,,false,1,355.00,0.00,false,1,20254
7290115190052,false,סיגריות מרלבורו מדיום פלייבור מיקס,פיליפ מוריס,,מרלבורו פלייבור מיקס,,0.00,,false,1,36.50,0.00,false,1,20251
7290115190069,false,מרלבורו גולד ארוך פאקט,פיליפ מוריס,,מרלבורו גולד ארוך פא,,0.00,,false,1,355.00,0.00,false,1,20484
7290115190076,false,סיגריות מרלבורו גולד ארוך 100 בוקס,פיליפ מוריס,,מרלבורו גולד 100PP,,0.00,,false,1,36.50,0.00,false,1,20481
7290115190083,false,סיגריות מרלבורו גולד 10\1,פיליפ מוריס,,מרלבורו גולדPP,,0.00,,false,1,330.00,0.00,false,1,20363
7290115190090,false,סיגריות מרלבורו קצר בוקס בודד,פיליפ מוריס,,מרלבורו גולד חפיסה,,0.00,,false,1,36.50,0.00,false,1,20364
7290115190106,false,מרלבורו גולד ק.סופט פאקט,פיליפ מוריס,,מרלבורו גולד סופטPP,,0.00,,false,1,335.00,0.00,false,1,20365
7290115190113,false,מרלבורו גולד קצר קופסא סופט,פיליפ מוריס,,מרלבורו גולד סופט,,0.00,,false,1,34.00,0.00,false,1,20366
7290115190120,false,מרלבורו גולד פיין טאצ' פאקט,פיליפ מוריס,,מרלבורו פיין טאץPP,,0.00,,false,1,310.00,0.00,false,1,20367
7290115190137,false,סיגריות מרלבורו טאצ סילבר יחידה,פיליפ מוריס,,מרלבורו פיין טאצ-חפי,,0.00,,false,1,32.00,0.00,false,1,20368
7290115190144,false,סיגריות מרלבורו טאצ 1/10,פיליפ מוריס,,מרלבורו טאץPP,,0.00,,false,1,310.00,0.00,false,1,20369
7290115190151,false,סיגריות מרלבורו טאצ גולד,פיליפ מוריס,,מרלבורו ג.טאצ -חפיסה,,0.00,,false,1,32.00,0.00,false,1,20370
7290115190168,false,פרלמנט סופר סלימס PP קרטוש,פיליפ מוריס,,פרלמנט סופר סלימסPP,,0.00,,false,1,405.00,0.00,false,1,19794
7290115190175,false,פרלמנט סופר סלימס קופסא,פיליפ מוריס,,פרלמנט סופר סלימס,,0.00,,false,1,42.00,0.00,false,1,20190
7290115190182,false,פרלמנט נייט ארוך פאקט,פיליפ מוריס,,פרלמנט נייט ארוך פאק,,0.00,,false,1,405.00,0.00,false,1,21162
7290115190199,false,פרלמנט נייט ארוך חפיסה,פיליפ מוריס,,פרלמנט נייט ארוך חפ.,,0.00,,false,1,42.00,0.00,false,1,21161
7290115190205,false,פרלמ נט בלו 100 PP קרטוש,פיליפ מוריס,,פרלמנט בלו 100PP,,0.00,,false,1,405.00,0.00,false,1,20371
7290115190212,false,סיגריות פרלמנט בלו 100 BR בודד,פיליפ מוריס,,פרלמנט בלו 100PP,,0.00,,false,1,42.00,0.00,false,1,20372
7290115190229,false,סיגריות פרלמנט בלוPP,פיליפ מוריס,,פרלמנט בלוPP,,0.00,,false,1,405.00,0.00,false,1,20373
7290115190236,false,סיגריות פרלמנט קצר בלו בודד,פיליפ מוריס,,פרלמנט בלוPP,,0.00,,false,1,42.00,0.00,false,1,20374
7290115190243,false,פרלמנט נייט קצר פאקט,פיליפ מוריס,,פרלמנט קצר פאקט,,0.00,,false,1,405.00,0.00,false,1,20345
7290115190250,false,סיגריות פרלמנט קצר בודד,פיליפ מוריס,,פרלמנט נייטPP חפיסה,,0.00,,false,1,42.00,0.00,false,1,20344
7290115190267,false,סיגריות פרלמנט סילבר,פיליפ מוריס,,פרלמנט סילברPP,,0.00,,false,1,405.00,0.00,false,1,20375
7290115190274,false,סיגריות פרלמנט סילבר,פיליפ מוריס,,פרלמנט סילבר חפיסה,,0.00,,false,1,42.00,0.00,false,1,20376
7290115190328,false,ל.מ. בלו לייבל ארוך פאקט,פיליפ מוריס,,ל.מ בלו 100-חדש,,0.00,,false,1,310.00,0.00,false,1,21170
7290115190335,false,ל.מ.בלו לייבל ארוך בוקס חפיסה,פיליפ מוריס,,ל.מ לייט -חפיסה חדש,,0.00,,false,1,32.00,0.00,false,1,21169
7290115190342,false,אל אם כחול קצר לייבל,פיליפ מוריס,,ל.מ. בלו לייבל קצר,,0.00,,false,1,290.00,0.00,false,1,20253
7290115190359,false,סיגריות L.M בלו לייבל קצר,פיליפ מוריס,,ל.מ בלוPP חפיסה,,0.00,,false,1,32.00,0.00,false,1,20250
7290115190366,false,סיגריות ל.מ. קפסולהP,פיליפ מוריס,,ל.מ. קפסולהPP,,0.00,,false,1,310.00,0.00,false,1,20377
7290115190373,false,סיגריות ל.מ. קפסולהP,פיליפ מוריס,,ל.מ פורווד חפיסה.,,0.00,,false,1,32.00,0.00,false,1,20378
7290115190380,false,ל.מ רדPP פאקט סיגריו,פיליפ מוריס,,ל.מ רדPP,,0.00,,false,1,310.00,0.00,false,1,20188
7290115190397,false,סיגריות L.M קצר רד לייבל בודד,פיליפ מוריס,,ל.מ. רד לייבל,,0.00,,false,1,32.00,0.00,false,1,20187
7290115190403,false,אל אם סילבר קצר פאקט,פיליפ מוריס,,ל.מ סילברPP,,0.00,,false,1,310.00,0.00,false,1,20379
7290115190410,false,סיגריות L.M סילבר לייבל בודד,פיליפ מוריס,,ל.מ. סילבר חפיסה,,0.00,,false,1,32.00,0.00,false,1,20380
7290115190427,false,אל אם וויב סלימס פאקט,פיליפ מוריס,,ל.מ וייבPP,,0.00,,false,1,310.00,0.00,false,1,20255
7290115190434,false,סיגריות L.M וייב סלימס בודד,פיליפ מוריס,,ל.מ וייבPP,,0.00,,false,1,32.00,0.00,false,1,20252
7290115190441,false,סיגריות נקסט אדג פקט,פיליפ מוריס,,נקסט אדג פאקט,,0.00,,false,1,250.00,0.00,false,1,20485
7290115190458,false,סיגריות נקסט פיין אדג' בודד,פיליפ מוריס,,נקסט אדגPP,,0.00,,false,1,25.50,0.00,false,1,20482
7290115190465,false,נקסט פיין אדג PP קרטוש,פיליפ מוריס,,נקסט פיין אדג-פאקט,,0.00,,false,1,250.00,0.00,false,1,20698
7290115190472,false,סיגריות נקסט פיין אדג',פיליפ מוריס,,נקסט פיין אדג,,0.00,,false,1,25.50,0.00,false,1,20699
7290115190489,false,סיגריות נקסט פיין 10,פיליפ מוריס,,נקסט פיין 100 ארוך,,0.00,,false,1,300.00,0.00,false,1,20813
7290115190496,false,סיגריות נקסט ארוך בודד,פיליפ מוריס,,נקסט פיין 100 ארוך,,0.00,,false,1,31.00,0.00,false,1,20812
7290115190502,false,סיגריות נקסט פיין 10 יח,פיליפ מוריס,,נקסט פייןPP,,0.00,,false,1,280.00,0.00,false,1,20381
7290115190519,false,סיגריות נקסט פיין חפ,פיליפ מוריס,,נקסט פיין חפיסה,,0.00,,false,1,31.00,0.00,false,1,20382
7290115190526,false,נקסט ריסס ארוך PP קרטוש,פיליפ מוריס,,נקסט ריסס פאקט,,0.00,,false,1,260.00,0.00,false,1,20483
7290115190533,false,סיגריות נקסט ריסס 100 בודד,פיליפ מוריס,,נקסט ריסס 100,,0.00,,false,1,26.00,0.00,false,1,20480
7290115190540,false,סיגריות נקסט ריסס קצ,פיליפ מוריס,,נקסט ריסס קצרPP,,0.00,,false,1,260.00,0.00,false,1,20383
7290115190557,false,סיגריות נקסט ריסס בודד,פיליפ מוריס,,נקסט ריסס חפיסה,,0.00,,false,1,26.00,0.00,false,1,20384
7290115190564,false,נקסט סלימס לילך פאקט,פיליפ מוריס,,נקסט לילךPP,,0.00,,false,1,300.00,0.00,false,1,20191
7290115190571,false,סיגריות נקסט לילך בודד,פיליפ מוריס,,נקסט לילך חפיסה,,0.00,,false,1,31.00,0.00,false,1,20189
7290115190588,false,נקסט אוריגינל PP קרטוש,פיליפ מוריס,,נקסט אוריגינלPP,,0.00,,false,1,280.00,0.00,false,1,20385
7290115190595,false,סיגריות נקסט אוריגינ,פיליפ מוריס,,נקסט אוריגינלPP,,0.00,,false,1,31.00,0.00,false,1,20386
7290115190618,false,טבק מרלבורו רד 30 גרם חפיסה,פיליפס,,טבק מרלבורו רד,,30.00,100 גרם,false,1,80.00,266.67,false,1,20701
7290115190632,false,טבק מרלבורו גולד 30 גרם חפיסה,פיליפ מוריס,,טבק מרלבורו גולד,,30.00,100 גרם,false,1,80.00,266.67,false,1,20703
7290115190656,false,טבק נקסט פיין 40 גרם חפיסה,פיליפ מוריס,,טבק נקסט פיין,,0.00,,false,1,82.00,0.00,false,1,20657
7290115190670,false,טבק נקסט אוריג'ינל 40 גרם חפיסה,פיליפ מוריס,,טבק נקסט אוריגינל,,0.00,,false,1,82.00,0.00,false,1,20495
7290115190694,false,טבק צ'סטרפילד פיין וירגינה 5 יח באריזה,פיליפ מוריס,,טבק צסטרפילד פיין,,0.00,,false,1,69.00,0.00,true,1,20494
7290115190731,false,טבק צ'סטרפילד אוריג'ינל 30PP,פיליפס,,טבק צסטרפילד אורי,,0.00,,false,1,69.00,0.00,true,1,20388
7290115190748,false,מרלבורו רד סיל,Unknown,,מרלבורו רד סיל,,0.00,,false,1,355.00,0.00,false,1,20929
=======
7290115190007,false,מרלבורו רד פאקט) (10 חדש,פיליפ מוריס בעמ,,PPמרלבורו רד,,0.00,,false,1,355.00,0.00,false,1,20359
7290115190014,false,סיגריות מרלבורו רד קצר בוקס,פיליפ מוריס בעמ,,מרלבורו קצר חפיסה.,,0.00,,false,1,36.50,0.00,false,1,20360
7290115190021,false,מרלבורו רד קצר סופט פאקט,פיליפ מוריס בעמ,,PPמרלבורו רד סופט,,0.00,,false,1,335.00,0.00,false,1,20361
7290115190038,false,סיגריות מרלבורו רד קצר סופט,פיליפ מוריס בעמ,,מרלבורו סופט חפיסה,,0.00,,false,1,34.00,0.00,false,1,20362
7290115190045,false,מרלבורו פלייבור מיקס פאקט) (10,פיליפ מוריס בעמ,,מרלבורו פלייבור מיקס,,0.00,,false,1,355.00,0.00,false,1,20254
7290115190052,false,סיגריות מרלבורו מדיום פלייבור מיקס,פיליפ מוריס בעמ,,מרלבורו פלייבור מיקס,,0.00,,false,1,36.50,0.00,false,1,20251
7290115190069,false,מרלבורו גולד 100 פאקט) (10 חד,פיליפ מוריס בעמ,,מרלבורו גולד ארוך פא,,0.00,,false,1,355.00,0.00,false,1,20484
7290115190076,false,סיגריות מרלבורו גולד ארוך 100 בוקס,פיליפ מוריס בעמ,,מרלבורו גולד 100PP,,0.00,,false,1,36.50,0.00,false,1,20481
7290115190083,false,מרלבורו גולד פאקט) (10 חדש,פיליפ מוריס בעמ,,מרלבורו גולדPP,,0.00,,false,1,330.00,0.00,false,1,20363
7290115190090,false,סיגריות מרלבורו קצר בוקס בודד,פיליפ מוריס בעמ,,מרלבורו גולד חפיסה,,0.00,,false,1,36.50,0.00,false,1,20364
7290115190106,false,מרלבורו גולד סופט פאקט) (10 ח,פיליפ מוריס בעמ,,מרלבורו גולד סופטPP,,0.00,,false,1,335.00,0.00,false,1,20365
7290115190113,false,מרלבורו גולד קצר קופסא סופט,פיליפ מוריס בעמ,,מרלבורו גולד סופט,,0.00,,false,1,34.00,0.00,false,1,20366
7290115190120,false,מרלבורו גולד פיין טאצ' פאקט,פיליפ מוריס בעמ,,מרלבורו פיין טאץPP,,0.00,,false,1,310.00,0.00,false,1,20367
7290115190137,false,סיגריות מרלבורו טאצ סילבר יחידה,פיליפ מוריס בעמ,,מרלבורו פיין טאצ-חפי,,0.00,,false,1,32.00,0.00,false,1,20368
7290115190144,false,סיגריות מרלבורו טאצ 1/10,פיליפ מוריס בעמ,,מרלבורו טאץPP,,0.00,,false,1,310.00,0.00,false,1,20369
7290115190151,false,סיגריות מרלבורו טאצ גולד,פיליפ מוריס בעמ,,מרלבורו ג.טאצ -חפיסה,,0.00,,false,1,32.00,0.00,false,1,20370
7290115190168,false,פרלמנט סופר סלימס PP קרטוש,פיליפ מוריס,,פרלמנט סופר סלימסPP,,0.00,,false,1,405.00,0.00,false,1,19794
7290115190175,false,פרלמנט סופר סלימס קופסא,פיליפ מוריס בעמ,,פרלמנט סופר סלימס,,0.00,,false,1,42.00,0.00,false,1,20190
7290115190182,false,פרלמנט נייט 100 פאקט) (10 חדש,פיליפ מוריס בעמ,,פרלמנט נייט ארוך פאק,,0.00,,false,1,405.00,0.00,false,1,21162
7290115190199,false,פרלמנט נייט ארוך חפיסה) (20,פיליפ מוריס בעמ,,פרלמנט נייט ארוך חפ.,,0.00,,false,1,42.00,0.00,false,1,21161
7290115190205,false,פרלמנט בלו 100 פאקט) (10 חדש,פיליפ מוריס בעמ,,פרלמנט בלו 100PP,,0.00,,false,1,405.00,0.00,false,1,20371
7290115190212,false,סיגריות פרלמנט בלו 100 BR בודד,פיליפ מוריס בעמ,,פרלמנט בלו 100PP,,0.00,,false,1,42.00,0.00,false,1,20372
7290115190229,false,פרלמנט בלו פאקט) (10 חדש,פיליפ מוריס בעמ,,פרלמנט בלוPP,,0.00,,false,1,405.00,0.00,false,1,20373
7290115190236,false,סיגריות פרלמנט קצר בלו בודד,פיליפ מוריס בעמ,,פרלמנט בלוPP,,0.00,,false,1,42.00,0.00,false,1,20374
7290115190243,false,פרלמנט נייט פאקט) (10 חדש,פיליפ מוריס בעמ,,פרלמנט קצר פאקט,,0.00,,false,1,405.00,0.00,false,1,20345
7290115190250,false,סיגריות פרלמנט קצר בודד,פיליפ מוריס בעמ,,פרלמנט נייטPP חפיסה,,0.00,,false,1,42.00,0.00,false,1,20344
7290115190267,false,סיגריות פרלמנט סילבר,פיליפ מוריס בעמ,,פרלמנט סילברPP,,0.00,,false,1,405.00,0.00,false,1,20375
7290115190274,false,סיגריות פרלמנט סילבר,פיליפ מוריס בעמ,,פרלמנט סילבר חפיסה,,0.00,,false,1,42.00,0.00,false,1,20376
7290115190328,false,ל.מ. בלו לייבל ארוך פאקט,פיליפ מוריס בעמ,,ל.מ בלו 100-חדש,,0.00,,false,1,310.00,0.00,false,1,21170
7290115190335,false,ל.מ.בלו לייבל ארוך בוקס חפיסה,פיליפ מוריס בעמ,,ל.מ לייט -חפיסה חדש,,0.00,,false,1,32.00,0.00,false,1,21169
7290115190342,false,אל אם כחול קצר לייבל,פיליפ מוריס בעמ,,ל.מ. בלו לייבל קצר,,0.00,,false,1,290.00,0.00,false,1,20253
7290115190359,false,אל.אמ בלו לייבל קצר חפיסה) (20,פיליפ מוריס בעמ,,ל.מ בלוPP חפיסה,,0.00,,false,1,32.00,0.00,false,1,20250
7290115190366,false,אל אם קפסולה 10יח פקאט,פיליפ מוריס בעמ,,ל.מ. קפסולהPP,,0.00,,false,1,310.00,0.00,false,1,20377
7290115190373,false,סיגריות ל.מ. קפסולהP,פיליפ מוריס בעמ,,ל.מ פורווד חפיסה.,,0.00,,false,1,32.00,0.00,false,1,20378
7290115190380,false,ל.מ רדPP פאקט סיגריו,פיליפ מוריס בעמ,,ל.מ רדPP,,0.00,,false,1,310.00,0.00,false,1,20188
7290115190397,false,סיגריות L.M קצר רד לייבל בודד,פיליפ מוריס בעמ,,ל.מ. רד לייבל,,0.00,,false,1,32.00,0.00,false,1,20187
7290115190403,false,אל אם סילבר קצר פאקט,פיליפ מוריס בעמ,,ל.מ סילברPP,,0.00,,false,1,310.00,0.00,false,1,20379
7290115190410,false,סיגריות L.M סילבר לייבל בודד,פיליפ מוריס בעמ,,ל.מ. סילבר חפיסה,,0.00,,false,1,32.00,0.00,false,1,20380
7290115190427,false,אל אם וויב סלימס פאקט,פיליפ מוריס בעמ,,ל.מ וייבPP,,0.00,,false,1,310.00,0.00,false,1,20255
7290115190434,false,סיגריות L.M וייב סלימס בודד,פיליפ מוריס בעמ,,ל.מ וייבPP,,0.00,,false,1,32.00,0.00,false,1,20252
7290115190441,false,נקסט אדג` פקאט 10 יחידות,פיליפ מוריס בעמ,,נקסט אדג פאקט,,0.00,,false,1,250.00,0.00,false,1,20485
7290115190458,false,סיגריות נקסט פיין אדג' בודד,פיליפ מוריס בעמ,,נקסט אדגPP,,0.00,,false,1,25.50,0.00,false,1,20482
7290115190465,false,נקסט פיין אדג` פקאט 10 יחידות,פיליפ מוריס בעמ,,נקסט פיין אדג-פאקט,,0.00,,false,1,250.00,0.00,false,1,20698
7290115190472,false,סיגריות נקסט פיין אדג',פיליפ מוריס בעמ,,נקסט פיין אדג,,0.00,,false,1,25.50,0.00,false,1,20699
7290115190489,false,נקסט פיין טייסט ארוך פקאט 10 יחידות,פיליפ מוריס בעמ,,נקסט פיין 100 ארוך,,0.00,,false,1,300.00,0.00,false,1,20813
7290115190496,false,סיגריות נקסט ארוך בודד,פיליפ מוריס בעמ,,נקסט פיין 100 ארוך,,0.00,,false,1,31.00,0.00,false,1,20812
7290115190502,false,נקסט פיין פקאט 10 יחידות,פיליפ מוריס בעמ,,נקסט פייןPP,,0.00,,false,1,280.00,0.00,false,1,20381
7290115190519,false,סיגריות נקסט פיין חפ,פיליפ מוריס בעמ,,נקסט פיין חפיסה,,0.00,,false,1,31.00,0.00,false,1,20382
7290115190526,false,נקסט ריסס ארוך פקאט 10 יחידות,פיליפ מוריס בעמ,,נקסט ריסס פאקט,,0.00,,false,1,260.00,0.00,false,1,20483
7290115190533,false,סיגריות נקסט ריסס 100 בודד,פיליפ מוריס בעמ,,נקסט ריסס 100,,0.00,,false,1,26.00,0.00,false,1,20480
7290115190540,false,נקסט ריסס קצר פקאט 10 יחידות,פיליפ מוריס בעמ,,נקסט ריסס קצרPP,,0.00,,false,1,260.00,0.00,false,1,20383
7290115190557,false,חפיסת סיגריות ריסס פילטר נקסט) (20,פיליפ מוריס בעמ,,נקסט ריסס חפיסה,,0.00,,false,1,26.00,0.00,false,1,20384
7290115190564,false,נקסט לילך פקאט 10 יחידות,פיליפ מוריס בעמ,,נקסט לילךPP,,0.00,,false,1,300.00,0.00,false,1,20191
7290115190571,false,סיגריות נקסט לילך בודד,פיליפ מוריס בעמ,,נקסט לילך חפיסה,,0.00,,false,1,31.00,0.00,false,1,20189
7290115190588,false,נקסט אוריג`ינל פקאט 10 יחידות,פיליפ מוריס בעמ,,נקסט אוריגינלPP,,0.00,,false,1,280.00,0.00,false,1,20385
7290115190595,false,סיגריות נקסט אוריגינ,פיליפ מוריס בעמ,,נקסט אוריגינלPP,,0.00,,false,1,31.00,0.00,false,1,20386
7290115190618,false,מרלבורו רד-טבק לגלגול סיגריות בודד,פיליפ מוריס בעמ,,טבק מרלבורו רד,,30.00,100 גרם,false,1,80.00,266.67,false,1,20701
7290115190632,false,מרלבורו גולד-טבק לגלגול סיגריות בודד,פיליפ מוריס בעמ,,טבק מרלבורו גולד,,30.00,100 גרם,false,1,80.00,266.67,false,1,20703
7290115190656,false,נקסט טבק פיין סיגריות חפיסה.,פיליפ מוריס בעמ,,טבק נקסט פיין,,0.00,,false,1,82.00,0.00,false,1,20657
7290115190670,false,נקסט אוריגנל טבק סיגריות חפיס,פיליפ מוריס בעמ,,טבק נקסט אוריגינל,,0.00,,false,1,82.00,0.00,false,1,20495
7290115190694,false,טבק צ'סטרפילד פיין וירגינה 5 יח באריזה,פיליפ מוריס,,טבק צסטרפילד פיין,,0.00,,false,1,69.00,0.00,true,1,20494
7290115190731,false,טבק צ`סטרפילד אורג`ינל בודד,פיליפ מוריס בעמ,,טבק צסטרפילד אורי,,0.00,,false,1,69.00,0.00,true,1,20388
7290115190748,false,מרלבורו רד סיל X 10יח,פיליפ מוריס בעמ,,מרלבורו רד סיל,,0.00,,false,1,355.00,0.00,false,1,20929
>>>>>>> d048ac2f4f281c9d788043ab4e81b61b0dbe3743
7290115190755,false,סיגריות מרלבורו רד ס,פיליפ מוריס,,מרלבורו רד סיל,,0.00,,false,1,36.50,0.00,false,1,20930
7290115190762,false,מרלבורו גולד סיל פאקט,פיליפ מוריס,,מרלבורו גולד סיל,,0.00,,false,1,355.00,0.00,false,1,20931
7290115190779,false,מרלבורו גולד סיל חפיסה,פיליפ מוריס,,מרלבורו גולד סיל,,0.00,,false,1,36.50,0.00,false,1,20932
7290115190885,false,סיגריות מרלבורו פיוז'ן קפסולה 1*10,פיליפ מוריס בעמ,,מרלבורו פיוזן פאקט,,0.00,,false,1,270.00,0.00,false,1,21421
7290115190892,false,סיגריות מרלבורו פיוז'ן קפסולה בודד,פיליפ מוריס בעמ,,מרלבורו פיוזן קפס,,0.00,,false,1,27.00,0.00,false,1,21420
7290115190908,false,טבק נקסט לבן 50ג פקט10יח,פיליפ מוריס,,טבקגלגול נקסט פאקט10,,0.00,,false,1,965.00,0.00,false,1,21222
7290115190915,false,טבק לגלגול נקסט לבן 50 גר`בודד,פיליפ מוריס בעמ,,טבק נקסט לבן XL,,0.00,,false,1,99.00,0.00,false,1,21221
7290115190922,false,אל אמ קליק קפסולה פאקט,פיליפ מוריס בעמ,,ל.מ קליק קפסולה-פאקט,,0.00,,false,1,250.00,0.00,false,1,21852
7290115190939,false,אל.אם קפסולות קליק חפיסה,פיליפ מוריס בעמ,,ל.מ קליק קפסולה,,0.00,,false,1,25.00,0.00,false,1,21851
7290115190960,false,מרלבורו טאץ אדום קרטוש,פיליפ מוריס,,מרלברו טאץ אדום פאקט,,0.00,,false,1,290.00,0.00,false,1,23259
<<<<<<< HEAD
7290115190977,false,סיגריות מרלבורו טאץ אדום -בודד,פיליפ מוריס,,מרלבורו טאץ אדום חפי,,0.00,,false,1,29.00,0.00,false,1,23260
7290115191028,false,מרלבורו סאמר ספלאש קרטוש,פיליפ מוריס,,מ.סאמר ספלאש פאקט,,0.00,,false,1,290.00,0.00,false,1,22775
7290115191035,false,מרלבורו סאמר ספלאש קופסא,פיליפ מוריס,,מרלבורו סאמר ספלאש,,0.00,,false,1,29.00,0.00,false,1,22776
7290115191066,false,נקסט ריץ' ריסס פאקט,פיליפ מוריס,,נקסט ריץ פאקטים,,0.00,,false,1,260.00,0.00,false,1,23745
7290115191073,false,נקסט ריץ' ריסס חפיסה,פיליפ מוריס,,נקסט ריץ ריסס,,0.00,,false,1,26.00,0.00,false,1,23746
7290115200003,false,פתי בר פינוקי וניל אסם 220 גרם,תאי פרזידנט פוד פאבל,,פתי בר פינוקי וניל,,220.00,100 גרם,false,1,15.00,6.82,true,1,20084
7290115200027,false,אסם פתי בר פינוקים שוקו 220 גרם,קריות זול,,פתי בר פינוקי שוקו,,220.00,100 גרם,false,1,15.00,6.82,true,1,20085
7290115200188,false,אוסם - מרק נמס עגבניות פיקנטי 25 גרם * 2,"אסם תעשיות בע""מ",,ז.מרק נמס עגב.פיקנטי,,50.00,100 גרם,false,1,6.90,13.80,true,1,24202
=======
7290115190977,false,סיגריות מרלבורו טאץ אדום -בודד,פיליפ מוריס בעמ,,מרלבורו טאץ אדום חפי,,0.00,,false,1,29.00,0.00,false,1,23260
7290115191028,false,מרלבורו סאמר ספלאש קרטוש,פיליפ מוריס בעמ,,מ.סאמר ספלאש פאקט,,0.00,,false,1,290.00,0.00,false,1,22775
7290115191035,false,מרלבורו סאמר ספלאש קופסא,פיליפ מוריס בעמ,,מרלבורו סאמר ספלאש,,0.00,,false,1,29.00,0.00,false,1,22776
7290115191066,false,נקסט ריץ פקאט 10 יחידות,פיליפ מוריס בעמ,,נקסט ריץ פאקטים,,0.00,,false,1,260.00,0.00,false,1,23745
7290115191073,false,נקסט ריץ' ריסס חפיסה,פיליפ מוריס בעמ,,נקסט ריץ ריסס,,0.00,,false,1,26.00,0.00,false,1,23746
7290115200003,false,פתי בר פינוקי וניל אסם 220 גרם,קבוצת אוסם סחר שותפות מוגבלת,,פתי בר פינוקי וניל,,220.00,100 גרם,false,1,15.00,6.82,true,1,20084
7290115200027,false,אסם פתי בר פינוקים שוקו 220 גרם,קבוצת אוסם סחר שותפות מוגבלת,,פתי בר פינוקי שוקו,,220.00,100 גרם,false,1,15.00,6.82,true,1,20085
7290115200188,false,אוסם - מרק נמס עגבניות פיקנטי 25 גרם * 2,קבוצת אסם סחר שות. מוגבלת,,ז.מרק נמס עגב.פיקנטי,,50.00,100 גרם,false,1,6.90,13.80,true,1,24202
>>>>>>> d048ac2f4f281c9d788043ab4e81b61b0dbe3743
7290115200300,false,עוגת קרנץ גבינה,Unknown,,עוגת קרנץ גבינה,,600.00,100 גרם,false,1,28.00,4.67,true,1,20086
7290115200324,false,עוגת קרנץ קרמל מלוח,Unknown,,עוגת קרנץ קרמל מלוח,,600.00,100 גרם,false,1,28.00,4.67,true,1,20087
7290115200348,false,עוגת קראנץ אלפחורס,Unknown,,עוגת קראנץ אלפחורס,,600.00,100 גרם,false,1,28.00,4.67,true,1,20088
7290115200676,false,עוגיות קרמוגית במילוי קרם בטעם קרמל מלוח,קבוצת אוסם סחר שותפות מוגבלת,,קרמוגית קרמל מלוח,,200.00,100 גרם,false,1,15.90,7.95,true,1,20286
7290115200782,false,פיתות פרימיום נאפה במקום - מארז 5 יח',**קבוצת אוסם סחר-שות.מוגבלת,,חמישית פיתות בונזור,,500.00,100 גרם,false,1,9.90,1.98,true,1,20007
7290115200829,false,חטיף ביסלי בלאגן מיקס 150 גר` אסם,קבוצת אוסם סחר-שות.מוגבלת,,ביסלי ב.מיקס 150ג,,150.00,100 גרם,false,1,12.50,8.33,true,1,22071
7290115200843,false,חטיף אפרופו לחם שום,"אסם תעשיות בע""מ",,אפרופו לחם שום 50 ג,,50.00,100 גרם,false,1,8.00,16.00,true,1,22072
7290115200928,false,ביסלי קראנצ' מיקס 150 גר',קבוצת אוסם סחר-שות.מוגבלת,,ביסלי ק.מיקס 150ג,,150.00,100 גרם,false,1,12.50,8.33,true,1,22073
7290115201031,false,פתי בר פינוקי דובי שוקולד 175גר.,קבוצת אוסם סחר שותפות מוגבלת,,פתי בר דובי שוקולד,,175.00,100 גרם,false,1,15.00,8.57,true,1,21092
7290115201550,false,חטיף ביסלי קרנבל מיקס 150 גר אסם,קבוצת אוסם סחר שותפות מוגבלת,,ביסלי קרנבל מיקס 150,,150.00,100 גרם,false,1,15.90,10.60,true,1,20351
7290115201680,false,ביסלי חטיף בטעם ברביקין אסם (70 גרם),קבוצת אוסם סחר שותפות מוגבלת,,ביסלי ברביקיו 70 גר,,70.00,100 גרם,false,1,7.50,10.71,true,1,20352
7290115201703,false,ביסלי חטיף בטעם ברביקין אסם (200 גרם),קבוצת אוסם סחר שותפות מוגבלת,,ביסלי ברביקיו 200 גר,,200.00,100 גרם,false,1,12.50,6.25,true,1,20353
7290115201727,false,ביסלי חטיף בטעם בצל אסם (200 גרם),קבוצת אוסם סחר-שות.מוגבלת,,ביסלי בצל 200 גר,,200.00,100 גרם,false,1,12.50,6.25,true,1,20354
7290115201741,false,ביסלי חטיף בטעם בצל אסם (70 גרם),קבוצת אוסם סחר שותפות מוגבלת,,ביסלי בצל 70 גר,,70.00,100 גרם,false,1,7.50,10.71,true,1,20355
7290115201765,false,לחמניה פרנה 160 גר`בונז`ור,קבוצת אסם סחר שות. מוגבלת,,לחמניית פרנה בונזור,,160.00,100 גרם,false,1,7.90,4.94,true,1,21801
7290115201789,false,לחמניה פרנה 180 גר`בונז`ור,קבוצת אסם סחר שות. מוגבלת,,לחמניית פרנה עגולה,,180.00,100 גרם,false,1,7.90,4.39,true,1,21802
7290115201864,false,במבה נוגט אינסייד אאוט60,מיוצר עי קונדיטוריית,,במבה נ.אינסייד 60ג,,60.00,100 גרם,false,1,7.90,13.17,true,1,22074
7290115201901,false,במבה במילוי קרם בייג,Unknown,,במבה ק.בייגלה 60גר,,60.00,100 גרם,false,1,7.90,13.17,true,1,21373
7290115202328,false,קוקטייל בולגרית,Unknown,,קוקטייל בולגרית,קילוגרמים,1.00,"ק""ג",true,1,55.00,9.17,false,1,22851
7290115202786,false,מנה חמה פאוצ' נדלס.אטר.טעם בקר 70 גרם,קבוצת אוסם סחר שותפות מוגבלת,,מנה חמה טעם בקר,,70.00,100 גרם,false,1,6.00,8.57,true,1,23902
7290115202939,false,מנה חמה רייס נודלס עוף פטריות אסם 50 גרם,קבוצת אוסם סחר שותפות מוגבלת,,מ.חמה נודלס פטריות,,50.00,100 גרם,false,1,11.90,23.80,false,1,21908
7290115202953,false,אוסם - מנה חמה רייס נודלס קארי צהוב 55 גרם,קבוצת אוסם סחר-שות.מוגבלת,,מ.חמה נודלס קארי,,55.00,100 גרם,false,1,11.90,21.64,false,1,21909
7290115202977,false,אוסם - מנה חמה רייס נודלס רוטב סויה סיני 55 גרם,קבוצת אוסם סחר-שות.מוגבלת,,מ. חמה נודלס סויה,,55.00,100 גרם,false,1,11.90,21.64,false,1,21910
7290115203097,false,מקל פילו פטסייר בונז`ור,קבוצת אסם סחר שות. מוגבלת,,מקל פילו פטיסייר,קילוגרמים,1.00,"ק""ג",true,1,55.00,9.17,false,1,22852
7290115203103,false,עוגיות שוקולד ציפס נ,Unknown,,קוקיס ציפס ביגלה-קנ,קילוגרמים,1.00,"ק""ג",true,1,60.00,0.00,true,1,21453
<<<<<<< HEAD
7290115203172,false,במבה PRO מכיל 18 גרם חלבון בשקית,"אסם השקעות בע""\מ",,במבה פרו 80 גרם,,80.00,100 גרם,false,1,7.90,9.88,false,1,23596
7290115203332,false,"מקל פילו שוקולד בונג'ור 6 ק""ג",Unknown,,מקל פילו שוקולד נ.,קילוגרמים,1.00,"ק""ג",true,1,55.00,9.17,false,1,22853
7290115203905,false,מיני פיתה כוסמין עשירייה בונג'ור 550 ג',בונז'ור,,מיני פיתה כוסמין10יח,,550.00,100 גרם,false,1,20.00,3.64,true,1,22850
7290115204018,false,מנה חמה איטלקי פסטה בסגנון אלפרדו 60 ג' אסם,"אסם תעשיות בע""מ",,מנה חמה איטלקי פסטה,,60.00,100 גרם,false,1,10.00,16.67,true,1,21327
7290115204100,false,בגט א. כפרי עם דגנים,Unknown,,בגט א. כפרי עם דגנים,,240.00,100 גרם,false,1,10.00,4.17,true,1,22285
7290115204315,false,בונז'ור בגט אוטנטיק קמח מלא ואגוז 240 ג',Unknown,,בגט א. קמח מלא ואגוז,,240.00,100 גרם,false,1,11.00,4.58,true,1,22287
7290115204339,false,בונז'ור בגט אותנטיק עגבניות ואגוז,Unknown,,בגט א. עגבניות ואגוז,,240.00,100 גרם,false,1,11.00,4.58,true,1,22288
7290115204612,false,ערגליות מיקס שוקותות 300 גרם,"אסם השקעות בע""\מ",,ערגליות שוקו תות,,300.00,100 גרם,false,1,12.90,4.30,true,1,21304
7290115204858,false,חלת כוסמין אפוי חלקי,Unknown,,חלת כוסמין אפוי חלקי,,400.00,100 גרם,false,1,22.00,5.50,true,1,22854
7290115205121,false,פיטנס בר פרכיות יוגורט תות 84*12 גר',פרח תעשיות,,פיטנס פריכיות תות,,84.00,100 גרם,false,1,17.00,20.24,false,1,21745
7290115205169,false,עוגיות שוקולד ציפס נ,Unknown,,קוקיס ציפס נוגט-קני,קילוגרמים,1.00,"ק""ג",true,1,60.00,0.00,true,1,21452
7290115205176,false,פיטנס - קרקר דק כפרי פיטנס 140 גרם,נסטלה Nestle,,פיטנס קרקר THIN כפרי,,150.00,100 גרם,false,1,15.90,10.60,false,1,21746
7290115205251,false,פריכיות קרמל מלוח פיטנס בר 84 גרם,פרח תעשיות,,פיטנס בר קרמל מלוח,,84.00,100 גרם,false,1,17.00,20.24,false,1,24168
=======
7290115203172,false,במבה PRO מכיל 18 גרם חלבון בשקית,קבוצת אוסם סחר שותפות מוגבלת,,במבה פרו 80 גרם,,80.00,100 גרם,false,1,7.90,9.88,false,1,23596
7290115203332,false,מקלות פילו שוקולד נוגט בונז`ור,קבוצת אסם סחר שות. מוגבלת,,מקל פילו שוקולד נ.,קילוגרמים,1.00,"ק""ג",true,1,55.00,9.17,false,1,22853
7290115203905,false,מיני פיתה כוסמין עשירייה בונג'ור 550 ג',קבוצת אסם סחר שות. מוגבלת,,מיני פיתה כוסמין10יח,,550.00,100 גרם,false,1,20.00,3.64,true,1,22850
7290115204018,false,מנה חמה איטלקי פסטה בסגנון אלפרדו 60 ג' אסם,קבוצת אוסם סחר-שות.מוגבלת,,מנה חמה איטלקי פסטה,,60.00,100 גרם,false,1,10.00,16.67,true,1,21327
7290115204100,false,בגט אותנטיק כפרי 240 גר`,קבוצת אסם סחר שות. מוגבלת,,בגט א. כפרי עם דגנים,,240.00,100 גרם,false,1,10.00,4.17,true,1,22285
7290115204315,false,בונז'ור בגט אוטנטיק קמח מלא ואגוז 240 ג',קבוצת אסם סחר שות. מוגבלת,,בגט א. קמח מלא ואגוז,,240.00,100 גרם,false,1,11.00,4.58,true,1,22287
7290115204339,false,בגט אותנטיק עגבניות ואגוז 240 גר`בונז`,קבוצת אסם סחר שות. מוגבלת,,בגט א. עגבניות ואגוז,,240.00,100 גרם,false,1,11.00,4.58,true,1,22288
7290115204612,false,ערגליות מיקס שוקותות 300 גרם,"אסם השקעות בע""\מ",,ערגליות שוקו תות,,300.00,100 גרם,false,1,12.90,4.30,true,1,21304
7290115204858,false,חלת כוסמין אפוי חלקי,Unknown,,חלת כוסמין אפוי חלקי,,400.00,100 גרם,false,1,22.00,5.50,true,1,22854
7290115205121,false,פיטנס בר פריכיות יוגורט תות 84 גרם.,קבוצת אוסם סחר-שות.מוגבלת,,פיטנס פריכיות תות,,84.00,100 גרם,false,1,17.00,20.24,false,1,21745
7290115205169,false,עוגיות שוקולד ציפס נ,Unknown,,קוקיס ציפס נוגט-קני,קילוגרמים,1.00,"ק""ג",true,1,60.00,0.00,true,1,21452
7290115205176,false,729001032825פיטנס חטיפי קרקר כפרי 140גר.,קבוצת אוסם סחר שותפות מוגבלת,,פיטנס קרקר THIN כפרי,,150.00,100 גרם,false,1,15.90,10.60,false,1,21746
7290115205251,false,פריכיות קרמל מלוח פיטנס בר 84 גרם,קבוצת אוסם סחר שותפות מוגבלת,,פיטנס בר קרמל מלוח,,84.00,100 גרם,false,1,17.00,20.24,false,1,24168
>>>>>>> d048ac2f4f281c9d788043ab4e81b61b0dbe3743
7290115205299,false,קרקר פיטנס עדשים ופל,Unknown,,פיטנס עדשים ופלפלים,,140.00,100 גרם,false,1,15.90,11.36,false,1,24169
7290115205312,false,קרקר פיטנס דק עם זיתי קלמטה ועשבי תיבול,קבוצת אוסם סחר שותפות מוגבלת,,פיטנס קרקר קלמטה,,140.00,100 גרם,false,1,15.90,11.36,false,1,22933
7290115205336,false,עוגיות שוקו שוקולד צ,Unknown,,קוקיס שוקו.ציפס-קני,קילוגרמים,1.00,"ק""ג",true,1,60.00,0.00,true,1,21451
7290115205374,false,בורקס תפוא אישי א.ק,Unknown,,בורקס תפוא אישי א.ק,,315.00,100 גרם,false,1,10.00,3.17,true,1,21485
7290115205459,false,בורקס גבינה אישי א.ק,Unknown,,בורקס גבינה אישי א.ק,,315.00,100 גרם,false,1,10.00,3.17,true,1,21486
<<<<<<< HEAD
7290115205527,false,פיטנס חטיף מולטיגריין עם עדשים 25 גרם,"אסם השקעות בע""\מ",,מולטגריין עדשים,,25.00,100 גרם,false,1,6.90,27.60,false,1,23124
7290115205541,false,פיטנס חטיף מולטיגריין עם חומוס 25 גרם,"אסם השקעות בע""\מ",,מולטיגריין חומוס,,25.00,100 גרם,false,1,6.90,27.60,false,1,23125
7290115205930,false,חטיף במבה פופקו מיקס,"אסם תעשיות בע""מ",,במבה פופקו מיקס,,100.00,100 גרם,false,1,15.90,15.90,true,1,21747
7290115205978,false,פתיבר ואצבעות שוקולד 180 גרם - רבנות,"t\ד""\ר ג'\רארד בע""\מn\",,פתי בר א.שוקולד,,180.00,100 גרם,false,1,15.00,8.33,true,1,22255
7290115206173,false,אסם פתי בר קרמל 500 גרם חדש,"אסם תעשיות בע""מ",,אסם פתי בר קרמל,,500.00,100 גרם,false,1,17.90,3.58,true,1,21547
=======
7290115205527,false,חטיף מולטיגריין עם עדשים ( 25 גר`) פיטנס,קבוצת אוסם סחר שותפות מוגבלת,,מולטגריין עדשים,,25.00,100 גרם,false,1,6.90,27.60,false,1,23124
7290115205541,false,חטיף מולטיגריין עם חומוס ( 25 גר`) פיטנס,קבוצת אוסם סחר שותפות מוגבלת,,מולטיגריין חומוס,,25.00,100 גרם,false,1,6.90,27.60,false,1,23125
7290115205930,false,חטיף במבה פופקו מיקס,"אסם תעשיות בע""מ",,במבה פופקו מיקס,,100.00,100 גרם,false,1,15.90,15.90,true,1,21747
7290115205978,false,פתיבר ואצבעות שוקולד 180 גרם - רבנות,קבוצת אוסם סחר שותפות מוגבלת,,פתי בר א.שוקולד,,180.00,100 גרם,false,1,15.00,8.33,true,1,22255
7290115206173,false,אסם פתי בר קרמל 500 גרם חדש,קבוצת אוסם סחר שותפות מוגבלת,,אסם פתי בר קרמל,,500.00,100 גרם,false,1,17.90,3.58,true,1,21547
>>>>>>> d048ac2f4f281c9d788043ab4e81b61b0dbe3743
7290115206210,false,חטיף במבה במילוי קרמ,מיוצר עי קונדיטוריית,,במבה במילוי ק.מלוח,,150.00,100 גרם,false,1,15.90,10.60,true,1,21748
7290115206333,false,אסם עוגיות מיני שוקוצ'יפס 225גרם חדש,קבוצת אוסם סחר-שות.מוגבלת,,עוגיות מ.שוקוציפס,,225.00,100 גרם,false,1,12.90,5.73,true,1,22453
7290115206449,false,אסם פודינג אינסטנט תות 80 גרם,"אסם השקעות בע""\מ",,אנסטנט פודינג תותכלפ,,80.00,100 גרם,false,1,7.90,9.88,false,1,24150
7290115206494,false,סופגניה מיני מטוגנת בונז'ור 50ג',Unknown,,סופגניה מיני מטוגנת,,45.00,100 גרם,false,1,4.00,8.89,false,1,21633
7290115206531,false,אסם קרמוגית במילוי קרם בייגלה 12*200 גרם,קבוצת אוסם סחר שותפות מוגבלת,,קרמוגית קרם בייגלה,,200.00,100 גרם,false,1,14.90,7.45,true,1,21749
7290115206661,false,סופגניה מיני מטוגנת עם ריבה בונזור 50 גר',Unknown,,סופגניה מיני ריבה,,45.00,100 גרם,false,1,4.00,8.89,false,1,21634
<<<<<<< HEAD
7290115206852,false,ביסלי צ'יזי סטיקס חדש 70 ג אסם,"אסם השקעות בע""\מ",,ביסלי ציזי סטיקס,,70.00,100 גרם,false,1,7.50,10.71,true,1,23597
7290115206890,false,ביסלי המבורגר חדש 70 ג אסם,"אסם השקעות בע""\מ",,ביסלי המבורגר,,70.00,100 גרם,false,1,7.50,10.71,true,1,23598
=======
7290115206852,false,ביסלי חטיף בטעם צ`יזי סטיקס 70 גר`,קבוצת אוסם סחר-שות.מוגבלת,,ביסלי ציזי סטיקס,,70.00,100 גרם,false,1,7.50,10.71,true,1,23597
7290115206890,false,ביסלי חטיף בטעם המבורגר אסם (70 גרם),קבוצת אוסם סחר-שות.מוגבלת,,ביסלי המבורגר,,70.00,100 גרם,false,1,7.50,10.71,true,1,23598
>>>>>>> d048ac2f4f281c9d788043ab4e81b61b0dbe3743
7290115206937,false,"מנה חמה רייס נודלס מוקפץ עוף כשל""פ","אסם תעשיות בע""מ",,מנה חמה נודלס עוףכלפ,,55.00,100 גרם,false,1,10.90,19.82,false,1,22397
7290115207095,false,קרואסון חמאה א.ק,Unknown,,קרואסון חמאה א.ק,,100.00,100 גרם,false,1,10.00,10.00,true,1,21766
7290115207613,false,בונז'ור אזני פיל קינמון,Unknown,,אזני פיל קינמון 6קג,קילוגרמים,1.00,"ק""ג",true,1,40.40,6.73,false,1,22855
7290115207682,false,אסם רוטב בסגנון סויה סיני 9*290מל חדש,קבוצת אוסם סחר שותפות מוגבלת,,אסם רוטב סויה סיני,,290.00,100 גרם,false,1,13.90,4.79,false,1,22935
7290115207767,false,אוזני פיל בונז'ור,Unknown,,אזני פיל 6קג,קילוגרמים,1.00,"ק""ג",true,1,40.40,6.73,false,1,22856
<<<<<<< HEAD
7290115207941,false,סירופ אננס ויטמינצ'יק 1 ליטר,בית-השיטה עסיס תעשיות מז,,ויטמינציק אננס,,1.00,1 ליטר,false,1,26.90,26.90,true,1,23036
7290115208009,false,סירופ ענבים ויטמינצ'יק 1 ליטר,בית-השיטה עסיס תעשיות מז,,ויטמינציק ענבים,,1.00,1 ליטר,false,1,26.90,26.90,true,1,24142
7290115208047,false,סירופ פטל ויטמינצ'יק 1 ליטר,בית-השיטה עסיס תעשיות מז,,ויטמינציק פטל,,1.00,1 ליטר,false,1,26.90,26.90,true,1,24143
7290115208320,false,אפרופו חטיף בטעם ביסלי בצל 50 גרם,"אסם השקעות בע""\מ",,אפרופו ביסלי בצל,,50.00,100 גרם,false,1,8.00,16.00,true,1,23790
7290115208801,false,לחמית דבש ואגוזים אסם 190 גרם,לחמית,,לחמית דבש ואגוזים,,190.00,100 גרם,false,1,12.90,6.79,false,1,23398
7290115208849,false,"מנה חמה פסטה מוקרמת ט.עוף בד""צ 55גר","אסם תעשיות בע""מ",,מנה חמה פירה בטטה,,51.00,100 גרם,false,1,10.00,19.61,false,1,24171
7290115209198,false,במבה אוורירית אסם 80 גרם,"אסם תעשיות בע""מ",,במבה אורירית,,80.00,100 גרם,false,1,7.90,9.88,false,1,23595
7290115209358,false,במבה במילוי בראוניז אסם 60 גרם,"אסם השקעות בע""\מ",,במבה במילוי בראוניז,,60.00,100 גרם,false,1,7.90,13.17,true,1,23791
=======
7290115207941,false,סירופ אננס ויטמינצ'יק 1 ליטר,קבוצת אוסם סחר שותפות מוגבלת,,ויטמינציק אננס,,1.00,1 ליטר,false,1,26.90,26.90,true,1,23036
7290115208009,false,סירופ ענבים ויטמינצ'יק 1 ליטר,קבוצת אוסם סחר שותפות מוגבלת,,ויטמינציק ענבים,,1.00,1 ליטר,false,1,26.90,26.90,true,1,24142
7290115208047,false,סירופ פטל ויטמינצ`יק (1 ליטר),קבוצת אוסם סחר שותפות מוגבלת,,ויטמינציק פטל,,1.00,1 ליטר,false,1,26.90,26.90,true,1,24143
7290115208320,false,אפרופו חטיף בטעם ביסלי בצל 50 גרם,קבוצת אוסם סחר שותפות מוגבלת,,אפרופו ביסלי בצל,,50.00,100 גרם,false,1,8.00,16.00,true,1,23790
7290115208801,false,קרקר לחמית דבש ואגוזים אסם (190 גרם),קבוצת אוסם סחר שותפות מוגבלת,,לחמית דבש ואגוזים,,190.00,100 גרם,false,1,12.90,6.79,false,1,23398
7290115208849,false,"מנה חמה פסטה מוקרמת ט.עוף בד""צ 55גר",קבוצת אוסם סחר שותפות מוגבלת,,מנה חמה פירה בטטה,,51.00,100 גרם,false,1,10.00,19.61,false,1,24171
7290115209198,false,במבה אוורירית אסם 80 גרם,קבוצת אוסם סחר שותפות מוגבלת,,במבה אורירית,,80.00,100 גרם,false,1,7.90,9.88,false,1,23595
7290115209358,false,במבה במילוי בראוניז אסם (60 גרם),קבוצת אוסם סחר שותפות מוגבלת,,במבה במילוי בראוניז,,60.00,100 גרם,false,1,7.90,13.17,true,1,23791
>>>>>>> d048ac2f4f281c9d788043ab4e81b61b0dbe3743
7290115670585,false,חטיף מקופלת לבנה מגד,Unknown,,מקופלת לבנה 25 מגדים,,25.00,100 גרם,false,1,6.90,27.60,true,1,20562
7290115671001,false,עוג.שוקוציפס חלב טינס136,"שטראוס גרופ בע""\מ",,שוקוציפס חלב THINS,,136.00,100 גרם,false,1,12.00,8.82,true,1,22076
7290115671025,false,רבע לשבע מוס שוקולד חלב קרמל מלוח 100 גר,"הגביע מוצרי וופלים בע""\מ",,רבע לשבע מוס שוקולד,,100.00,100 גרם,false,1,18.90,18.90,true,1,21750
7290115671148,false,סוכריות FRESHבטעם ענבים 15 גרם,Unknown,,סוכריות FRESH ענבים,,15.00,100 גרם,false,1,5.00,33.33,true,1,22077
7290115671308,false,מסטיק מאסט פאן תות דובדבן צנצנת 58 גרם,שטראוס גרופ בע`מ,,מאסט תות דובדבן 58ג,,58.00,100 גרם,false,1,12.00,20.69,true,1,22079
7290115671339,false,מיני פינוקיות בראוניז בייגל בוטן עלית 180 ג' עלית,"הגביע מוצרי ופלים בע""\מ",,מיני פינוקיות ב.ב.ב,,80.00,100 גרם,false,1,14.90,18.62,true,1,21548
7290115671346,false,מיני פינוקיות טופי קרמל מלוח עלית 180 גרם,"הגביע מוצרי ופלים בע""\מ",,מיני פינוקיות ט.ק.מ,,80.00,100 גרם,false,1,14.90,18.62,true,1,21549
7290115671353,false,מיני פינוקיות עוגיות קקאו במילוי קרם בטעם וניל,"הגביע מוצרי ופלים בע""\מ",,מ.פינוקיות שחור לבן,,180.00,100 גרם,false,1,14.90,8.28,true,1,22080
7290115672183,false,ר.לשבע קרמביס אגוזים,STRAUSS-ISRAEL,,ר.לשבע קרמביס אגוזים,,104.00,100 גרם,false,1,14.50,13.94,true,1,23792
7290115673012,false,ר.לשבע קרמביס שוקולד,STRAUSS-ISRAEL,,ר.לשבע קרמביס שוקולד,,104.00,100 גרם,false,1,14.50,13.94,true,1,23793
7290115673197,false,אנרגי REAL חטיף תמרים וקוקוס,שטראוס גרופ,,ריל חטיף תמרים קוקוס,,35.00,100 גרם,false,1,10.00,28.57,true,1,21291
7290115673203,false,חטיף אנרג'י ריל שקדים ושוקולד מריר,ואמואליס פודס אס.,,ריל חטיף שקדים שוקול,,35.00,100 גרם,false,1,10.00,28.57,true,1,21292
7290115673210,false,אנרגי REAL חטיף בוטנים פיסטוק וחמוציות,ואמואליס פודס אס.,,ריל חטיף בוטנים פיסט,,35.00,100 גרם,false,1,10.00,28.57,true,1,21293
7290115673777,false,פסק זמן פטיסרי קרמל מלוח,"שטראוס גרופ בע""\מ.",,פסק זמן פטיסרי קרמל,,35.00,100 גרם,false,1,7.50,21.43,true,1,21288
7290115673975,false,ספלנדיד צאנקס בלונדי עם אגוזים ושקדים,"שטראוס גרופ בע""\מ",,ספלנדיד בלונדי אגוז,,95.00,100 גרם,false,1,13.90,14.63,true,1,21986
7290115674156,false,שוק.מיקס עוגיות+עדשים95ג,"שטראוס גרופ בע""\מ",,שוקולד פרה מיקס,,95.00,100 גרם,false,1,9.00,9.47,true,1,21089
7290115674187,false,רבע לשבע מוס פטל 100 גרם,"הגביע מוצרי וופלים בע""\מ",,רבע לשבע מוס פטל,,100.00,100 גרם,false,1,18.90,18.90,true,1,21751
7290115674699,false,תפוציפס פופבלס מלח 4,הנסיך- מפעל לייצור ט,,תפוציפס פופבלס מלח,,45.00,100 גרם,false,1,5.90,13.11,true,1,21371
7290115674743,false,פיתה צ'יפס מלח ים 170גרם,שטראוס פריטו ליי בעמ,,Breadz פיתה מלח ים,,170.00,100 גרם,false,1,15.00,8.82,false,1,22081
7290115674774,false,קרקר אפוי עם זרעי צ'יה וקינואה 170 ג' BREADZ,שטראוס פריטו ליי בע`מ,,Breadz קרקר קינואה,,170.00,100 גרם,false,1,15.00,8.82,false,1,22082
7290115675559,false,מארז קפה טורקי לדרך 10 יחידות,שטראוס קפה בי.וי.,,מארז טורקי לדרך,,70.00,100 גרם,false,1,9.00,12.86,true,1,23642
7290115675580,false,קוואקר חטיף בוטנים עם שיבולת שועל 50 גרם,"שטראוס פריטו ליי בע""\מ )",,ח.קוואקר ובוטנים 50ג,,50.00,100 גרם,false,1,6.90,13.80,true,1,21912
7290115675696,false,דגני בוקר קראנצ'ים שיבולת שועל עם אגוזים ושקדים,שטראוס פריטו ליי בע`מ,,קוואקר Cruesli,,375.00,100 גרם,false,1,23.90,6.37,true,1,23150
7290115675740,false,קפסולות אייס נוגט למכונות NESPRESSO,שטראוס קפה בי.וי.,,קפסולות אייס ק.נוגט,,10.00,יחידה,false,1,16.50,1.65,true,1,21260
7290115675764,false,קפסולות 08 %100 אתיופיה למכונות 50 גרם,הנסיך- מפעל לייצור ט,,קפסולות 08 אתיופיה,,10.00,יחידה,false,1,16.50,1.65,true,1,21752
7290115675986,false,דנונה יוגורט בר עם אגוזים מקורמלים 173 גרם,שטראוס גרופ בעמ/מצונן,,דנונה בר עם אגוזים,,173.00,100 גרם,false,1,6.20,3.58,true,1,24125
7290115676037,false,דנונה ריפרש יוגורט עם תות ודומדמניות 1.6% שומן,שטראוס גרופ בעמ/מצונן,,דנונה שייק תות,,250.00,100 גרם,false,1,7.00,2.80,true,1,21310
7290115676082,false,משקה דנונה פרו 20 יוגורט תות 255 ג' רבנות,שטראוס גרופ בעמ/מצונן,,דנונה משקה פרו תות,,255.00,100 גרם,false,1,8.50,3.33,true,1,21312
7290115676099,false,משקה דנונה פרו 20 יוגורט וניל 255 ג' רבנות,שטראוס גרופ בעמ/מצונן,,דנונה משקה פרו וניל,,255.00,100 גרם,false,1,8.50,3.33,true,1,21313
7290115676693,false,תפוצ'יפס מלח חומץ 50 ג' עלית,"שטראוס פריטו ליי בע""\מ )",,תפוציפס מלח חומץ 50ג,,50.00,100 גרם,false,1,5.90,11.80,true,1,23077
7290115676990,false,תפוצ'יפס מלח&חומץ 50 גרם,"שטראוס פריטו ליי בע""\מ )",,תפוציפס מלח חומץ,,50.00,100 גרם,false,1,5.90,11.80,true,1,21147
7290115678215,false,דנונה פרו 20 גר`עם סידן ויטמין 200 גר`),שטראוס גרופ בעמ/מצונן,,דנונה פרו 200 גר,,200.00,100 גרם,false,1,7.50,3.75,true,1,24130
7290115678376,false,מעדן הגולן שוקולד 125 גרם,שטראוס גרופ בעמ/מצונן,,מעדן הגולן שוקולד,,125.00,100 גרם,false,1,3.20,2.56,true,1,23683
7290115678635,false,נשנושי גבינה -גבינת שמנת 16%+כעכים שטוחים עם מלח,שטראוס גרופ בעמ/מצונן,,נשנושי גבינה 25%,,67.00,100 גרם,false,1,12.50,18.66,false,1,22298
7290115678642,false,נשנושי גבינה 16% עם חטיף אפוי עם זיתים 67 ג' שטראוס,שטראוס גרופ בעמ/מצונן,,נשנושי גבינה 25%,,67.00,100 גרם,false,1,12.50,18.66,false,1,22299
7290115678666,false,נשנוש טחינה קרם חציל,"שטראוס גרופ בע""מ",,אחלה טחינה חציל פרכי,,110.00,100 גרם,false,1,12.00,10.91,false,1,22083
7290115678710,false,מאסט סוכריות ללא סוכר בטעם בזוקה,שטראוס גרופ,,סוכריות FRESH בזוקה,,15.00,100 גרם,false,1,5.00,33.33,true,1,21541
7290115679960,false,ציטוס פופקורן בטעם טבעי 60 ג 24 יח,"שטראוס פריטו ליי בע""\מ )",,ציטוס פופקורן טבעי60,,60.00,100 גרם,false,1,6.90,11.50,true,1,22084
7290116242361,false,מיני פופ סוכריה על מקל עם כדור 8 גר' מיניונים,Unknown,,מיני סוכריה כ.מיניון,,8.00,100 גרם,false,1,14.90,186.25,true,1,22936
7290116242378,false,מיני סוכריה כדור סמי,Unknown,,מיני סוכריה כדור סמי,,8.00,100 גרם,false,1,14.90,186.25,true,1,22937
7290116242385,false,מיני פופ סוכריה על מ,Unknown,,מיני סוכריה כ.ברבי,,8.00,100 גרם,false,1,14.90,186.25,true,1,22938
7290116242392,false,מיני פופ סוכריה על מקל(5 יח) 40 גר' - כוח פי ג'יי,Unknown,,מיני פופ סוכריה כח,,40.00,100 גרם,false,1,14.90,37.25,true,1,22939
7290116242408,false,מיני פופ סוכריה על מקל עם כדור 8 גר' ריינבוקורן,Unknown,,מיני סוכריה כ.ריינב,,8.00,100 גרם,false,1,14.90,186.25,true,1,22940
7290116242415,false,מיני פופ סוכריה על מקל עם כדור 8גר מפרץ הרפתקאות,Unknown,,מיני סוכריה כ.מפרץ,,8.00,100 גרם,false,1,14.90,186.25,true,1,22941
7290116243962,false,אצבעות שוקולד ממולא בקרם חלב עם מדבקות 50 גרם - כוח פי גיי,Unknown,,אצבעות שוקולד כוח,,50.00,100 גרם,false,1,5.90,11.80,true,1,22942
7290116243986,false,אצבעות שוקולד ממולא בקרם חלב עם מדבקות 50 גרם - ברבי,שמחה זה אנחנו בעמ,,אצבעות שוקולד ברבי,,50.00,100 גרם,false,1,5.90,11.80,true,1,22943
7290116243993,false,אצבעות שוקולד ממולא בקרם חלב 50 גר`חד ק,שמחה זה אנחנו בעמ,,אצבעות שוקולד חד קרן,,50.00,100 גרם,false,1,5.90,11.80,true,1,22944
7290116244006,false,אצבעות שוקולד ממולא בקרם חלב עם מדבקות 50 גרם - מפרץ הרפתקאות,שמחה זה אנחנו בעמ,,אצבעות שוקולד מפרץ,,50.00,100 גרם,false,1,5.90,11.80,true,1,22945
7290116244013,false,אצבעות שוק.סמי הכבאי50גר,Unknown,,אצבעות שוקולד ס.כבאי,,50.00,100 גרם,false,1,5.90,11.80,true,1,22946
7290116530109,false,חטיף קליק נוגט ציפוי שוקולד לבן 35 גרם,"יוניליוור ישראל שיווק בע""מ",,קליק נוגט שוקולד לבן,,35.00,100 גרם,false,1,7.50,21.43,true,1,21287
7290116530314,false,קליק כריות דאבל בלק שוקולד לבן 65גר,יוניליוור ישראל שיווק בעמ,,קליק כריות דאבל שוקו,,65.00,100 גרם,false,1,9.00,13.85,true,1,21289
7290116531038,false,"שוקולד מריר 60% ורד הגליל 100 גרם כשל""פ",יוניליוור ישראל מזון,,טבלה שוקולד מריר,,100.00,100 גרם,false,1,6.90,6.90,true,1,23071
7290116531045,false,קורנפלקס דליפקאן 350ג ללא גלוטן,יוניליוור ישראל שיווק בע`מ,,דליפקאן דגנים כשלפ,,350.00,100 גרם,false,1,28.90,8.26,false,1,22661
7290116531168,false,קליק עוגיות שוקולד חלב40,יוניליוור ישראל מזון בע\,,קליק ע.שוקולד חלב,,40.00,100 גרם,false,1,7.50,18.75,true,1,21535
7290116531281,false,קליק כריות דאבל בלאק לבן 65 גרם,יוניליוור ישראל שיווק בע`מ,,קליק מיקס,,65.00,100 גרם,false,1,9.00,13.85,true,1,22751
7290116531540,false,"קורנפלקס דבש 375 גרם כשל""פ רבנות","יוניליוור ישראלשיווק בע""מ",,קורנפלקס כשלפ דבש,,375.00,100 גרם,false,1,18.90,5.04,false,1,22662
7290116531724,false,"חטיף שוגי שוקולד חלב 130 גרם כשל""פ","טחנת האבן תעשיות בע""\מ,",,חטיף שוגי ש.חלב פסח,,130.00,100 גרם,false,1,15.90,12.23,false,1,22663
7290116531731,false,"חטיף שוגי שוקולד לבן 130 גרם כשל""פ","טחנת האבן תעשיות בע""\מ,",,חטיף שוגי ש.לבן פסח,,130.00,100 גרם,false,1,15.90,12.23,false,1,22664
7290116531748,false,קליק שוקו מיקס חום לבן כשר לפסח 65 גרם,יוניליוור ישראל שיווק בעמ,,קליק קוקומן חום&לבן,,65.00,100 גרם,false,1,9.00,13.85,true,1,22455
7290116531939,false,גלידה בשומן צמחי בטעם תות שדה בציפוי מכיל שוקולד,"גלידת שטראוס בע""\מ, רח'",,גלידונית תות שדה,,955.00,"100 מ""ל",false,1,50.00,5.24,true,1,22612
7290116531977,false,אקס דאודורנט בודי ספריי סקייטבורד וורדים,יוניליוור ישראל שיווק בע`מ,,ספריי סקייטבורד,,150.00,100 גרם,false,1,19.90,13.27,false,1,23568
7290116532011,false,קליק אוקיי נוגט בציפוי שוקולד חלב 35 גרם,יוניליוור ישראל שיווק בע`מ,,קליק אוקי 35ג חדש,,35.00,100 גרם,false,1,7.50,21.43,true,1,22395
7290116532028,false,קליק חטיף נוגט חלב כשר לפסח,"דרך השוקולד ,1 צפת 13404",,קליק חטיף נוגט כשלפ,,35.00,100 גרם,false,1,7.50,21.43,true,1,22456
7290116532035,false,קליק קורנפלקס חום לבן כשר לפסח 65 גרם,יוניליוור ישראל שיווק בעמ,,קליק ק.חום לבן כשלפ,,65.00,100 גרם,false,1,9.00,13.85,true,1,22457
7290116532042,false,קליק כריות נוגט כשר לפסח 65 גרם,יוניליוור ישראל שיווק בעמ,,קליק כריות נוגט כשלפ,,65.00,100 גרם,false,1,9.00,13.85,true,1,22458
7290116532264,false,גודיז פרי אפרסק – שלגון מופחת קלוריות עם יוגורט בציפוי בטעם אפרסק,"גלידת שטראוס בע""\מ, רחוב",,גודיז אפרסק,,300.00,100 גרם,false,1,27.00,9.00,true,1,22613
7290116532271,false,סנדוויץ לייט גודיז שוקולד וניל 270 ג' שטראוס,"גלידת שטראוס בע""\מ, רחוב",,גודיז סנדוויץ,,270.00,"100 מ""ל",false,1,29.90,11.07,true,1,22614
7290116532462,false,גלידת שמנת קליק בטעמי שוקולד בננה 384 ג' שטראוס,"גלידת שטראוס בע""\מ, רחוב",,פיינט קליק ש.בננה,,520.00,"100 מ""ל",false,1,24.90,4.79,true,1,23130
7290116532479,false,קליק גלידת שמנת בטעמי שוקולד לבן עוגיות 384 ג' שטראוס,"גלידת שטראוס בע""\מ, רחוב",,פיינט קליק ש.לבן,,520.00,"100 מ""ל",false,1,24.90,4.79,true,1,23131
7290116532486,false,גלידת שמנת קליק בטעמי וניל קרמל מלוח 384 ג' שטראוס,"גלידת שטראוס בע""\מ, רחוב",,פיינט קליק וניל קרמל,,520.00,"100 מ""ל",false,1,24.90,4.79,true,1,23132
7290116532882,false,נישנושים איירביס טעם בצל 155 גר`,יוניליוור ישראל שיווק בע`מ,,נשנושים א.בצל 155ג,,155.00,100 גרם,false,1,11.90,7.68,true,1,23794
7290116532899,false,נישנושים איירביס טעם פלאפל 155 גר`,יוניליוור ישראל שיווק בע`מ,,נשנושים א.פלאפל 155ג,,155.00,100 גרם,false,1,11.90,7.68,true,1,23795
7290116532905,false,נישנושים איירביס טעם ברביקיו 155 גר`,יוניליוור ישראל שיווק בע`מ,,נשנושים ברביקיו 155ג,,155.00,100 גרם,false,1,11.90,7.68,true,1,23796
7290116910314,false,מיני פופ סוכריה על מקל(5 יח) 40 גר - מפרץ ההרפתקאות,Unknown,,מיני פופ סוכריה מפרץ,,40.00,100 גרם,false,1,14.90,37.25,true,1,22949
7290116910895,false,מיני פופ סוכריה על מקל 5 יח' 40 גר' סמי הכבאי,שמחה זה אנחנו בעמ,,מיני פופ סוכריה סמי,,40.00,100 גרם,false,1,14.90,37.25,true,1,22950
7290116910901,false,מיני פופ סוכריה על מקל 5 יח' 40 גר' ברבי,שמחה זה אנחנו בעמ,,מיני פופ סוכריה ברבי,,40.00,100 גרם,false,1,14.90,37.25,true,1,22951
7290116930015,false,GO חטיף חלבון חטיף בוטנים קריספי 20 גרם חלבון,"בלמונט קונפקציות בע""\מ.",,חטיף חלבון GO ק.מלוח,,60.00,100 גרם,false,1,14.90,24.83,true,1,23133
7290116930022,false,GO חטיף חלבון עוגיות ציפוי קריספי 20 גרם חלבון,"בלמונט קונפקציות בע""\מ.",,חטיף חלבון GO עוגיות,,60.00,100 גרם,false,1,14.90,24.83,true,1,23134
7290116930176,false,"חלב 2% שומן בד""צ פרויקט מידל",תנובה -חלב,,חלב 2% שומן בדצ,,1.00,1 ליטר,false,1,6.90,6.90,false,1,23404
7290116930282,false,ארוחה בקטנה לאבנה עם קרקרים 150ג' תנובה,"תנובה בע""מ ***",,לאבנה עם קרקרים,,150.00,100 גרם,false,1,8.90,5.93,false,1,23405
7290116930435,false,יופלה גו במרקם סמיך עם דובדבן 0% 200מל,תנובה מרכז שיתופי לש,,יוגורט גו דובדבן,,200.00,100 גרם,false,1,6.90,3.45,false,1,23051
7290116930442,false,"משקה SHAKE בננה מנגו תפוז גזר וצ'יה 230 מ""ל יופלה",תנובה - חלב,,יופלה SHAKE,,230.00,"100 מ""ל",false,1,11.90,5.17,false,1,23135
7290116930459,false,"יופלה שייק מנגו בננה אננס וקוקוס 230 מ""ל",קבוצת המזון אקטשלאר,,יופלה SHAKE,,230.00,"100 מ""ל",false,1,11.90,5.17,false,1,23136
7290116930466,false,"משקה SHAKE בננה מנגן פסיפלורה והל 230 מ""ל יופלה",קבוצת המזון אקטשלאר,,יופלה SHAKE,,230.00,"100 מ""ל",false,1,11.90,5.17,false,1,23137
7290116930480,false,"משקה SHAKE בננה קיווי תפוח 230 מ""ל יופלה",קבוצת המזון אקטשלאר,,יופלה SHAKE,,230.00,"100 מ""ל",false,1,11.90,5.17,false,1,23138
<<<<<<< HEAD
7290116930558,false,"משקה תה קר עם חלב בטעם צ'אי קרמל 230 מ""ל תנובה",תנובה חלב,,משקה תהצאי קרמל,,230.00,"100 מ""ל",false,1,10.00,4.35,false,1,23180
7290116930565,false,"משקה תה קר עם חלב בטעם צ'אי מסאלה 230 מ""ל תנובה",תנובה חלב,,תה קר צאי מסאלה,,230.00,"100 מ""ל",false,1,10.00,4.35,false,1,23181
7290116930572,false,ויסוצקי משקה תה קר עם חלב בטעם צאי ורדים,תנובה חלב,,תה קר צאי ורדים,,230.00,"100 מ""ל",false,1,10.00,4.35,false,1,23182
7290116930626,false,ארוחה בקטנה ציזיקי עם קרקרים 150ג' תנובה,תנובה חלב,,ציזיקי עם קרקרים,,150.00,100 גרם,false,1,8.90,5.93,false,1,23406
=======
7290116930558,false,"משקה תה קר עם חלב בטעם צ'אי קרמל 230 מ""ל תנובה",תנובה - חלב,,משקה תהצאי קרמל,,230.00,"100 מ""ל",false,1,10.00,4.35,false,1,23180
7290116930565,false,"משקה תה קר עם חלב בטעם צ'אי מסאלה 230 מ""ל תנובה",תנובה - חלב,,תה קר צאי מסאלה,,230.00,"100 מ""ל",false,1,10.00,4.35,false,1,23181
7290116930572,false,ויסוצקי משקה תה קר עם חלב בטעם צאי ורדים,תנובה חלב,,תה קר צאי ורדים,,230.00,"100 מ""ל",false,1,10.00,4.35,false,1,23182
7290116930626,false,ארוחה בקטנה ציזיקי עם קרקרים 150ג' תנובה,"תנובה בע""מ ***",,ציזיקי עם קרקרים,,150.00,100 גרם,false,1,8.90,5.93,false,1,23406
>>>>>>> d048ac2f4f281c9d788043ab4e81b61b0dbe3743
7290116930701,false,מעדן חלב GO מועשר בחלבון בטעם קרמל מלוח,תנובה מרכז שיתופי לש,,מעדן קרמל מלוח,,120.00,100 גרם,false,1,5.80,4.83,false,1,23318
7290116930725,false,סויה BIO קוקוס גביע 150 גרם אלטרנטיב,תנובה בעמ ***,,סויה BIO קוקוס,,150.00,100 גרם,false,1,5.30,3.53,false,1,23726
7290116931081,false,מעדן סויה - טופי קרמל 125 גרם אלטרנטיב,תנובה מרכז שיתופי לש,,מעדן סויה טופי קרמל,,125.00,100 גרם,false,1,5.00,4.00,false,1,23694
7290117260890,false,פופקורן בציפוי בטעם קוקוס 90 גרם,ג. וילי-פוד אינטרנשיונל בע`מ,,פופקורן קוקוס 90ג,,90.00,100 גרם,false,1,8.90,9.89,true,1,22459
7290117260906,false,פופקורן בציפוי בטעם פירות 90 גרם,ג. וילי-פוד אינטרנשיונל בע`מ,,פופקורן פירות 90ג,,90.00,100 גרם,false,1,8.90,9.89,true,1,22460
7290117260913,false,פופקורן בציפוי בטעם שוקולד 90 גרם,ג. וילי-פוד אינטרנשיונל בע`מ,,פופקורן שוקולד 90ג,,90.00,100 גרם,false,1,8.90,9.89,true,1,22461
7290117900444,false,מנצס בצנצנת-חדש,Unknown,,מנצס בצנצנת-חדש,,130.00,100 גרם,false,1,16.90,13.00,true,1,22352
7290117900451,false,מנציס 160 שקדיה חדש,Unknown,,מנציס 160 שקדיה חדש,,130.00,100 גרם,false,1,16.90,13.00,true,1,23158
7290117900468,false,חטיף סויה קריספי חדש,Unknown,,חטיף סויה קריספי חדש,,140.00,100 גרם,false,1,16.90,12.07,true,1,22353
7290117902608,false,חמוציות אגוזים שקדים,Unknown,,חמוציות אגוזים שקדים,,80.00,100 גרם,false,1,10.00,12.50,true,1,23797
7290117902615,false,אגוזים ושקדים קלויים,Unknown,,אגוזים ושקדים קלויים,,80.00,100 גרם,false,1,10.00,12.50,true,1,23798
7290118420071,false,במבה ביסלי ברביקיו מיקס 80גר אסם{,קבוצת אוסם סחר שותפות מוגבלת,,במבה ביסלי ברביקיו,,80.00,100 גרם,false,1,7.90,9.88,true,1,23799
7290118420095,false,מקלות פילו תפוח,Unknown,,מקלות פילו תפוח,קילוגרמים,1.00,"ק""ג",true,1,55.00,9.17,false,1,23298
7290118420507,false,שנק קינמון פרווה,Unknown,,שנק קינמון פרווה,,120.00,100 גרם,false,1,10.00,8.33,true,1,23482
7290118421313,false,דונאטס אוכמניות67 ג' בונג'ור,Unknown,,דונאטס אוכמניות,,67.00,100 גרם,false,1,10.00,14.93,false,1,23800
7290118421337,false,דונאטס ממולא עם קרם נוגט אגוזים 71ג' בונג'ור,Unknown,,דונטס ק.נוגט אגוזים,,71.00,100 גרם,false,1,10.00,14.08,false,1,23801
7290118421351,false,דונאטס ממולא במילוי בטעם וניל 70ג' בונג'ור,Unknown,,דונאטס בטעם וניל,,70.00,100 גרם,false,1,10.00,14.29,false,1,23802
7290118421375,false,דונאטס ממולא במילוי בטעם שוקולד 67ג' בונג'ור,Unknown,,דונאטס ממולא שוקולד,,67.00,100 גרם,false,1,10.00,14.93,false,1,23803
7290118421399,false,דונאטס שוקולד בציפוי שוקולד בלגי 55ג' בונג'ור,Unknown,,דונאטס שוקולד ש.בלגי,,55.00,100 גרם,false,1,10.00,18.18,false,1,23804
7290708941753,false,גבטה דאבל בשר,Unknown,,גבטה דאבל בשר,,0.00,,false,1,22.00,0.00,false,1,21079
7291123657858,false,סיגריה DOM-ענבים,Unknown,,סיגריה DOM-ענבים,,0.00,,false,1,89.90,0.00,false,1,23450
7291123657872,false,סיגריה DOM-אבטיח,Unknown,,סיגריה DOM-אבטיח,,0.00,,false,1,89.90,0.00,false,1,23449
7291123657889,false,סיגריה DOM-אוכמיות,Unknown,,סיגריה DOM-אוכמיות,,0.00,,false,1,89.90,0.00,false,1,23448
7291123657896,false,סיגריה DOM-תות,Unknown,,סיגריה DOM-תות,,0.00,,false,1,89.90,0.00,false,1,23445
7291123657902,false,סיגריה DOM-אפרסק,Unknown,,סיגריה DOM-אפרסק,,0.00,,false,1,89.90,0.00,false,1,23447
7291123657919,false,סיגריה DOM-קולה,Unknown,,סיגריה DOM-קולה,,0.00,,false,1,89.90,0.00,false,1,23452
7291123657926,false,סיגריה DOM-תפוח,Unknown,,סיגריה DOM-תפוח,,0.00,,false,1,89.90,0.00,false,1,23446
7291123657933,false,סיגריה DOM-מנגו,Unknown,,סיגריה DOM-מנגו,,0.00,,false,1,89.90,0.00,false,1,23444
7291123657940,false,סיגריה DOM-מנטה,Unknown,,סיגריה DOM-מנטה,,0.00,,false,1,89.90,0.00,false,1,23451
7291123657957,false,סיגריה DOM-מלון,Unknown,,סיגריה DOM-מלון,,0.00,,false,1,89.90,0.00,false,1,23465
7297588031516,false,שמשיה 85 צבעונית,Unknown,,שמשיה 85 צבעונית,,0.00,,false,1,29.00,0.00,false,1,21436
7297588031523,false,שמשיה ארטוס,Unknown,,שמשיה ארטוס,,0.00,,false,1,29.00,0.00,false,1,21419
7297588034074,false,שמשיה גדולה 180,Unknown,,שמשיה גדולה 180,,0.00,,false,1,29.00,0.00,false,1,21437
<<<<<<< HEAD
7312040017683,false,"אבסולוט וודקה, 700 מ''ל","איי, בי, אינבוו",,וודקה אבסולוט 700מל,,700.00,"100 מ""ל",false,1,95.00,13.53,true,1,12314
=======
7312040017683,false,מארז אבסולוט רגיל(וודקה {}{700 עם כוס,טמפו משקאות בע`מ,,וודקה אבסולוט 700מל,,700.00,"100 מ""ל",false,1,95.00,13.53,true,1,12314
>>>>>>> d048ac2f4f281c9d788043ab4e81b61b0dbe3743
7500162900000,false,"בירה סול בקבוק 330 מ""ל",פארייפאבה אגרואינדוס,,בירה סול בקבוק 330,,330.00,"100 מ""ל",false,1,16.00,4.76,true,1,19947
7501013101348,false,"ג'ומקס מנגו בקבוק 473 מ""ל תריסר",חומקס קומר קומרסאליזדורה,,גומקס מנגו 473מל,,473.00,"100 מ""ל",false,1,10.90,2.24,true,1,18744
7501013101355,false,"נקטר בטעם אפרסק 500 מ""ל JUMEX",חומקס קומר קומרסאליזדורה,,גומקס אפרסק 473מל,,473.00,"100 מ""ל",false,1,9.90,2.03,true,1,18745
7501013101362,false,"נקטר בטעם קוקוס ואננס 500 מ""ל JUMEX",חומקס קומר קומרסאליזדורה,,גומקס ק.אננס 473מל,,473.00,"100 מ""ל",false,1,10.90,2.24,true,1,18746
7501013101393,false,"ג'ומקס אננס בקבוק 473 מ""ל תריסר",חומקס קומר קומרסאליזדורה,,גומקס אננס 473מל,,473.00,"100 מ""ל",false,1,10.90,2.24,true,1,18747
7501013101430,false,יוניקו פרסקו משק.חמוצ473,חומקס קומר קומרסאליזדורה,,גומקס פרסקו חמוציות,,473.00,"100 מ""ל",false,1,8.90,1.82,true,1,18748
7501013101447,false,"נקטר בטעם רימונים 500 מ""ל ""JUMEX""",חומקס קומר קומרסאליז,,גומקס פרסקו רימון,,473.00,"100 מ""ל",false,1,8.90,1.82,true,1,18749
7501013122053,false,ג'ומקס מיץ אפרסק קרטונית ליטר תריסר,חומקס קומר קומרסאליזדורה,,גומקס אפרסק 1ל,,1.00,1 ליטר,false,1,9.90,9.90,true,1,20091
7501013122114,false,"נקטר משקה אננס בקרטונית ג'ומקס, 1 ל'",חומקס קומר קומרסאליזדורה,,גומקס אננס 1ל,,1.00,1 ליטר,false,1,9.90,9.90,true,1,20092
7501013122992,false,ג'ומקס מיץ קוקוס אננס קרטונית ליטר תריסר,חומקס קומר קומרסאליזדורה,,גומקס קוקוס אננס,,1.00,1 ליטר,false,1,9.90,9.90,true,1,20093
<<<<<<< HEAD
7501049936945,false,"שישיית בירה סול בקבוק 330 מ""ל",היינקן,,בירה סול 330 מל X6,,1.98,1 ליטר,false,1,49.90,24.29,true,1,19909
=======
7501049936945,false,"שישיית בירה סול בקבוק 330 מ""ל",טמפו משקאות בע`מ,,בירה סול 330 מל X6,,1.98,1 ליטר,false,1,49.90,24.29,true,1,19909
>>>>>>> d048ac2f4f281c9d788043ab4e81b61b0dbe3743
7501064191398,false,שישיית בירה קורונה אקסטרא *355 מל,קריניציה ויטמינה אס,,בירה קורונה שישייה,,2.13,1 ליטר,false,1,39.90,17.89,true,1,19910
7501064196690,false,"פחית בירה קורונה 355 מ""ל",סרבסריה מידלו,,פחית קורונה 355,,355.00,"100 מ""ל",false,1,17.00,4.70,true,1,19377
7610113011652,false,בריזר - משקה כוהלי מוגז בטעם תפוח,בקרדי בריזר Bacardi Breezer,,בקרדי בריזר תפוח,,275.00,"100 מ""ל",false,1,18.90,6.76,true,1,19911
7610113013250,false,"משקה כוהלי על בסיס רום בקרדי 250 מ""ל",בקרדי מרטיני,,בקרדי מוחיטו פחית,,260.00,"100 מ""ל",false,1,18.90,7.15,true,1,22038
7610113015780,false,בריזר סלצזר למון לים250,"בקרדי בע""מ",,בריזר סלצזר ל.ליים,,250.00,"100 מ""ל",false,1,16.90,6.64,true,1,22621
7610113015797,false,בריזר סלצזר פטל ליים250מ,"בקרדי בע""מ",,בריזר סלצזר פ.ליים,,250.00,"100 מ""ל",false,1,16.90,6.64,true,1,22622
7610400014649,false,לינדור קוביות במילוי קרם שוקולד חלב 100 גרם,לינדט ושפרונגלי קילשברג,,לינדט שוקולד חלב,,100.00,100 גרם,false,1,16.90,16.90,true,1,9469
7610400074155,false,לינדט לינדור קוביות במילוי קרם שוקולד 60% מוצקי קקאו 100 גרם,לינדט ושפרונגלי קילשברג,,לינדור בודד 60%,,100.00,100 גרם,false,1,16.90,16.90,true,1,23168
7610400075770,false,לינדט לה גרנד שוקולד מריר אגוז 150 גרם,לינדט ושפרונגלי קילשברג,,לינדט לגרנד דארק 150,,150.00,100 גרם,false,1,26.90,17.93,true,1,23169
7610400075787,false,לינדט לה גרנד שוקולד חלב אגוז 150 גרם,לינדט ושפרונגלי קילשברג,,לינדט לגרנד מילק,,150.00,100 גרם,false,1,30.00,20.00,true,1,23297
7610400091060,false,שוקולד מריר לינדט אקסלנס בתוספת תפוז ושקדים,לינדט ושפרונגלי קילש,,לינדט אקסלנס אורנג,,100.00,100 גרם,false,1,16.90,16.90,true,1,23166
7612800209694,false,סיגריות לאקי סטרייק,Unknown,,לאקי סטרייק אדום,,0.00,,false,1,31.50,0.00,false,1,16315
7612800209700,false,לאקי סטרייק אד.פאקט,Unknown,,לאקי סטרייק אד.פאקט,,0.00,,false,1,305.00,0.00,false,1,16316
<<<<<<< HEAD
7613030979647,false,דגני בוקר טריקס פירות עולם היורה 480 ג',ג'נרל מילס סאן אדריא,,טריקס 480 גר,,480.00,100 גרם,false,1,33.00,6.88,true,1,22534
7613032045753,false,פיטנס - דגני בוקר שוקולד 375 גרם,נסטלה צרפת איטנקורט,,פיטנס שוקולד 375 גר,,375.00,100 גרם,false,1,25.90,6.91,true,1,23473
7613033548192,false,פיטנס - דגני בוקר שוקולד מריר 375 גרם,נסטלה צרפת איטנקורט,,פיטנס דגנים ש.מריר,,375.00,100 גרם,false,1,25.90,6.91,true,1,23996
=======
7613030979647,false,דגני בוקר טריקס פירות עולם היורה 480 ג',קבוצת אוסם סחר שותפות מוגבלת,,טריקס 480 גר,,480.00,100 גרם,false,1,33.00,6.88,true,1,22534
7613032045753,false,פיטנס דגנים מחיטה מלאה שוקולד 375גרם,קבוצת אוסם סחר שותפות מוגבלת,,פיטנס שוקולד 375 גר,,375.00,100 גרם,false,1,25.90,6.91,true,1,23473
7613033548192,false,פיטנס - דגני בוקר שוקולד מריר 375 גרם,קבוצת אוסם סחר שותפות מוגבלת,,פיטנס דגנים ש.מריר,,375.00,100 גרם,false,1,25.90,6.91,true,1,23996
>>>>>>> d048ac2f4f281c9d788043ab4e81b61b0dbe3743
7613035619050,false,פירולו חמשושים מפלצות 75 מל,שוורצקוף& הנקל דיסלד,,חמשושים מצופים חלב,,75.00,"100 מ""ל",false,1,10.90,14.53,true,1,14740
7613035809109,false,פרפקטו רוטב עגבניות ובזיליקום אסם 400 גרם,קבוצת אוסם סחר שותפות מוגבלת,,פרפקטו רוטב ע.בזיליק,,400.00,100 גרם,false,1,11.50,2.88,false,1,23624
7613035809857,false,פרפקטו רוטב עגבניות לפסטה ולבישול אסם 400 גרם,קבוצת אוסם סחר שותפות מוגבלת,,פרפקטו רוטב עגבניות,,400.00,100 גרם,false,1,11.50,2.88,true,1,23623
7613036576734,false,קרטיב חמשושים חדש נסטלה 60 גר,נגה גלידות שותפות מוגבלת,,חמשושים בטעמים,,60.00,100 גרם,false,1,10.90,18.17,true,1,17641
7613037204797,false,סטארבקס - פולי קפה בלונד אספרסו 450 גרם,קבוצת אוסם סחר-שות.מוגבלת,,ס.בלונד אספרסו,,450.00,100 גרם,false,1,55.00,12.22,false,1,21261
7613037204889,false,סטארבקס - פולי קפה אספרסו 450 גרם,קבוצת אוסם סחר-שות.מוגבלת,,ס.פ.קפה אספרסו,,450.00,100 גרם,false,1,55.00,12.22,false,1,21262
7613037686906,false,פיטנס שקדים ודבש 355 גרם מופחת סוכר,קבוצת אוסם סחר שותפות מוגבלת,,פיטנס שקדים ודבש,,355.00,100 גרם,false,1,25.90,7.30,true,1,19056
7613287008497,false,סטארבקס - פולי קפה פייק פלייס 450 גרם,קבוצת אוסם סחר-שות.מוגבלת,,סטארבקס פייק פלייס,,450.00,100 גרם,false,1,55.00,12.22,false,1,21263
7613287302373,false,סטארבקס קפסולות איטליאן סטייל רוסט 56 גרם,קבוצת אוסם סחר שותפות מוגבלת,,ק.ס.איטלאן סטיל רוסט,,10.00,יחידה,false,1,21.90,2.19,true,1,21225
7613600003796,false,פאל מאל סופרסלימס כחול עשירייה,גלוברנדס בעמ - שיווק סיגריות,,פאל מאל סופרסלימס,,0.00,,false,1,297.00,0.00,false,1,18538
7613600003819,false,פאל מאל סופרסלימס כתום עשירייה,Unknown,,פאל מאל סופר סלים,,0.00,,false,1,297.00,0.00,false,1,19939
<<<<<<< HEAD
7622010001858,false,עוגיות אוראו ממולאות קרם וניל 176 גרם.,פי אר ג'\יי אס אי מנדלז,,אוראו עוגיות 176 גר,,176.00,100 גרם,false,1,12.90,7.33,true,1,14939
7622201120931,false,שוקולד מילקה אוראו לבן 100 גרם,מונדלז אוקראינה,,מילקה ל.אוריאו 100ג,,100.00,100 גרם,false,1,7.90,7.90,true,1,22623
7622201127398,false,מילקה אוראו מיניס אורגינל 153 גרם,פי.אר.ג'\יי.אס.סי מונדלז,,מילקה אוראו מיניס,,153.00,100 גרם,false,1,16.90,11.05,true,1,20759
7622201401900,false,עוגיות סנסיישן אוראו מילקה 156 גרם,מונדלז פולסקה פרודקש,,עוגיות מילקה,,156.00,100 גרם,false,1,14.00,8.97,true,1,20283
7622201801809,false,מילקה שוקולד חלב עם אגוזים 100 גרם חדש,מנדלז דויצ'\לנד סנקס פרו,,מילקה שוקולד אגוז100,,100.00,100 גרם,false,1,7.90,7.90,true,1,21466
7622201802363,false,מילקה טבלת שוקולד חלב וצימוקים ואגוזים 100ג',מנדלז דויצ'\לנד סנקס פרו,,מילקה צימוק אגוז100,,100.00,100 גרם,false,1,7.90,7.90,true,1,21465
7622201802394,false,שוקולד מילקה חלב מסרונים 100 גרם,מנדלז דויצ'\לנד סנקס פרו,,מילקה שוקולד חלב100,,100.00,100 גרם,false,1,7.90,7.90,true,1,21464
7622201808631,false,אוראו מיני עוגיות ממולאות קרם וניל 67גרם,פי.טי. מונדלז אינדונ,,אוראו מיני וניל,,67.00,100 גרם,false,1,8.50,12.69,true,1,24134
7622201809188,false,ביסקוויט עם שוקולד חלב מילקה,מונדלז פרנס ביסקוויט פרו,,ביסקויט מצופה שוקולד,,150.00,100 גרם,false,1,14.00,9.33,true,1,23704
7622201813390,false,עוגיות מילקה וואפל במילוי קרם קקאו 150 ג,מונדליז סי.אר. ביסקוויט,,וופל במילוי קרם קקאו,,150.00,100 גרם,false,1,14.90,9.93,true,1,21048
=======
7622010001858,false,עוגיות אוראו ממולאות קרם וניל 176 גרם.,דיפלומט מפיצים (1968) בעמ**,,אוראו עוגיות 176 גר,,176.00,100 גרם,false,1,12.90,7.33,true,1,14939
7622201120931,false,שוקולד מילקה אוראו לבן 100 גרם,דיפלומט מפיצים (1968) בעמ**,,מילקה ל.אוריאו 100ג,,100.00,100 גרם,false,1,7.90,7.90,true,1,22623
7622201127398,false,מילקה אוראו מיניס אורגינל 153 גרם,דיפלומט מפיצים (1968) בעמ**,,מילקה אוראו מיניס,,153.00,100 גרם,false,1,16.90,11.05,true,1,20759
7622201401900,false,עוגיות סנסיישן אוראו מילקה 156 גרם,דיפלומט מפיצים (1968) בעמ**,,עוגיות מילקה,,156.00,100 גרם,false,1,14.00,8.97,true,1,20283
7622201801809,false,מילקה שוקולד חלב עם אגוזים 100 גרם חדש,מנדלז דויצ'\לנד סנקס פרו,,מילקה שוקולד אגוז100,,100.00,100 גרם,false,1,7.90,7.90,true,1,21466
7622201802363,false,מילקה טבלת שוקולד חלב וצימוקים ואגוזים 100ג',מנדלז דויצ'\לנד סנקס פרו,,מילקה צימוק אגוז100,,100.00,100 גרם,false,1,7.90,7.90,true,1,21465
7622201802394,false,שוקולד מילקה חלב מסרונים 100 גרם,מנדלז דויצ'\לנד סנקס פרו,,מילקה שוקולד חלב100,,100.00,100 גרם,false,1,7.90,7.90,true,1,21464
7622201808631,false,אוראו מיני עוגיות ממולאות קרם וניל 67גרם,דיפלומט מפיצים (1968) בעמ**,,אוראו מיני וניל,,67.00,100 גרם,false,1,8.50,12.69,true,1,24134
7622201809188,false,מילקה ביסקויט מצופה שוקולד 150 גר`,מונדלז פרנס ביסקוויט פרו,,ביסקויט מצופה שוקולד,,150.00,100 גרם,false,1,14.00,9.33,true,1,23704
7622201813390,false,עוגיות מילקה וואפל במילוי קרם קקאו 150 ג,דיפלומט מפיצים (1968) בעמ**,,וופל במילוי קרם קקאו,,150.00,100 גרם,false,1,14.90,9.93,true,1,21048
>>>>>>> d048ac2f4f281c9d788043ab4e81b61b0dbe3743
7622201819552,false,מילקה דארק שוקולד 85 גרם חדש,מונדלז דויטשלנד סנאק,,מילקה דרק 85 ג,,0.00,,false,1,8.90,0.00,true,1,23076
7622210078131,false,שוקולד חלב עם שבבי קרמל מילקה דיים 100 גרם,מנדלז דויצ'\לנד סנקס פרו,,מילקה דיים 10גר,,100.00,100 גרם,false,1,7.90,7.90,true,1,17391
7622210163899,false,שוקולד חלב במילוי סוכריות עדשים,דיפלומט מפיצים (1968) בעמ**,,מילקה עדשים 100גר,,100.00,100 גרם,false,1,7.90,7.90,true,1,17421
7622210453327,false,עוגיות שוקוצ'יפס במילוי שוקולד סנסיישן,דיפלומט מפיצים (1968) בעמ**,,מילקה סנסיישן 156ג,,156.00,100 גרם,false,1,14.90,9.55,true,1,17392
7622210597915,false,פרלינים לבבות שוקולד חלב ממולא קרם נוגט,דיפלומט מפיצים {1968}בעמ,,מילקה לבבות,,110.00,100 גרם,false,1,14.90,13.55,true,1,19912
7622210637994,false,מיני עוגיות אוראו קראנצ'י בייטס אורגינל,דיפלומט מפיצים (1968) בעמ**,,אוראו ביס קראנצי,,110.00,100 גרם,false,1,12.00,10.91,true,1,20284
7622210638021,false,מיני עוגיות אוראו קראנצ'י בייטס מצופים,דיפלומט מפיצים (1968) בעמ**,,אורו קראנצי בייטס,,110.00,100 גרם,false,1,12.00,10.91,true,1,20285
7622210645999,false,מילקה דארק שוקולד שקדים 85 גרם,מונדלייז,,מילקה דארק שקדים 85,,85.00,100 גרם,false,1,8.90,10.47,true,1,19913
7622210646033,false,שוקולד מילקה דארק 85 גרם,מונדלייז,,מילקה דרק 85 גרם,,85.00,100 גרם,false,1,8.90,10.47,true,1,19945
<<<<<<< HEAD
7622210826053,false,שוקולד מילקה אוראו סנדוויץ 92 גר',גיאורי קאקסז קייאףטי,,מילקה אוראו סנדביץ,,92.00,100 גרם,false,1,7.90,8.59,true,1,20269
7622210829085,false,עוגיות אוראו וניל דקים 96 גרם,פי אר ג'יי אס אי מנד,,אוראו דקים וניל,,96.00,100 גרם,false,1,8.90,9.27,true,1,19747
7622210829108,false,עוגיות אוראו שוקו דקים 96 גרם,פי אר ג'יי אס סי מונ,,אוראו דקים שוקו,,96.00,100 גרם,false,1,8.90,9.27,false,1,19746
7622210835338,false,אוראו עוגיות ממולאות טעם בראוניז 176 גרם,מנדלז אספנה גאלטס פר,,אוראו בראוניז 176ג,,176.00,100 גרם,false,1,12.90,7.33,true,1,17513
7622300270469,false,מילקה ביסקוויט 150 גרם,מונדלייז,,מילקה ביסקויט מ.שוקו,,150.00,100 גרם,false,1,14.00,9.33,true,1,20473
7622300356767,false,מילקה - עוגיות עם גרנולה וחתיכות של שוקולד חלב,מונדלז פולסקה פרודקש,,מילקה עוגיות גרנולה,,0.00,,false,1,14.00,0.00,true,1,24053
7622300441715,false,עוגיות מילקה ביסקוויט ממולא קרם חלב מצופה למחצה בשוקולד חלב 150 גר',מוביל בעל מוניטין,,עוגי.מילקה שוקו מיני,,150.00,100 גרם,false,1,14.90,9.93,true,1,16507
7622300489427,false,עוגיות אוראו בציפוי בטעם שוקולד לבן 246 גרם,מנדלז אספנה גאלטס פר,,אוראו בטעם שוקולדחדש,,146.00,100 גרם,false,1,19.00,13.01,true,1,17482
7622300489434,false,"עוגיות אוראו פאדג' בציפוי שוקולד חלב, 246 גרם",מנדלז אספנה גאלטס פר,,אוראו בציפוי ש.חלב,,246.00,100 גרם,false,1,19.00,7.72,true,1,24026
=======
7622210826053,false,מילקה שוקולד אוראו סנדוויץ 100 גרם,דיפלומט מפיצים (1968) בעמ**,,מילקה אוראו סנדביץ,,92.00,100 גרם,false,1,7.90,8.59,true,1,20269
7622210829085,false,עוגיות אוראו וניל דקים 96 גרם,דיפלומט מפיצים (1968) בעמ**,,אוראו דקים וניל,,96.00,100 גרם,false,1,8.90,9.27,true,1,19747
7622210829108,false,עוגיות אוראו שוקו דקים 96 גרם,דיפלומט מפיצים (1968) בע`מ,,אוראו דקים שוקו,,96.00,100 גרם,false,1,8.90,9.27,false,1,19746
7622210835338,false,אוראו עוגיות ממולאות טעם בראוניז 176 גרם,דיפלומט מפיצים (1968) בעמ**,,אוראו בראוניז 176ג,,176.00,100 גרם,false,1,12.90,7.33,true,1,17513
7622300270469,false,מילקה ביסקוויט 150 גרם,מונדלייז,,מילקה ביסקויט מ.שוקו,,150.00,100 גרם,false,1,14.00,9.33,true,1,20473
7622300356767,false,מילקה - עוגיות עם גרנולה וחתיכות של שוקולד חלב,דיפלומט מפיצים (1968) בעמ**,,מילקה עוגיות גרנולה,,0.00,,false,1,14.00,0.00,true,1,24053
7622300441715,false,עוגיות מילקה ביסקוויט ממולא קרם חלב מצופה למחצה בשוקולד חלב 150 גר',דיפלומט מפיצים (1968) בעמ**,,עוגי.מילקה שוקו מיני,,150.00,100 גרם,false,1,14.90,9.93,true,1,16507
7622300489427,false,עוגיות אוראו בציפוי בטעם שוקולד לבן 246 גרם,דיפלומט מפיצים (1968) בעמ**,,אוראו בטעם שוקולדחדש,,146.00,100 גרם,false,1,19.00,13.01,true,1,17482
7622300489434,false,"עוגיות אוראו פאדג' בציפוי שוקולד חלב, 246 גרם",דיפלומט מפיצים (1968) בעמ**,,אוראו בציפוי ש.חלב,,246.00,100 גרם,false,1,19.00,7.72,true,1,24026
>>>>>>> d048ac2f4f281c9d788043ab4e81b61b0dbe3743
7622300495046,false,מילקה שוקולד חלב עם אקסטרה קקאו 100 גרם,מנדלז דויצ'\לנד סנקס פרו,,מילקה א.קקאו 30%,,0.00,,false,1,7.90,0.00,true,1,23070
7622300498429,false,שוקולד חלב עם יוגורט תות מילקה (100 גרם),מנדלז דויצ'\לנד סנקס פרו,,מילקה שוקולד תות 100,,100.00,100 גרם,false,1,7.90,7.90,true,1,24108
7622300503079,false,עוגיות ביסקוויט מצופה שוקולד חלב מילקה 200 גרם,דיפלומט מפיצים (1968) בעמ**,,מילקה מו ביסקוויט200,,200.00,100 גרם,false,1,14.00,7.00,true,1,17466
7622300617820,false,מילקה שוקולד חלב במילוי קרם חלב ווניל ושבבי עוגיות אוראו 100 גרם,מנדלז דויצ'\לנד סנקס פרו,,מילקה אוראו 100גר,,100.00,100 גרם,false,1,7.90,7.90,true,1,16355
<<<<<<< HEAD
7622300772314,false,עוגיות אוראו ממולאות קרם וניל 66 גרם,מונדלייז,,אוראו 66 גר - חדש,,66.00,100 גרם,false,1,4.50,6.82,true,1,11708
=======
7622300772314,false,עוגיות אוראו ממולאות קרם בטעם וניל 66גר,דיפלומט מפיצים (1968) בעמ**,,אוראו 66 גר - חדש,,66.00,100 גרם,false,1,4.50,6.82,true,1,11708
>>>>>>> d048ac2f4f281c9d788043ab4e81b61b0dbe3743
7622400005190,false,שוקולד חלב נגיעות שוקולד לבן מילקה 100 ג,מנדלז דויצ'\לנד סנקס פרו,,מילקה שוקולד לבן 100,,100.00,100 גרם,false,1,7.90,7.90,true,1,24109
7630477891592,false,סטארבקס קפסולות קפה האוס בלנד 10 יחידות,קבוצת אוסם סחר שותפות מוגבלת,,ק. סטארבקס האוס,,10.00,יחידה,false,1,21.90,2.19,true,1,20935
7630477891639,false,קפסולות קפה סומטרה (10 יח) סטארבקס ( 55,קבוצת אוסם סחר שותפות מוגבלת,,ק. סטארבקס ורונה,,10.00,יחידה,false,1,21.90,2.19,true,1,20936
7630477891677,false,סטארבקס קפסולות קפה פייק פלייס 10 יחידות,קבוצת אוסם סחר שותפות מוגבלת,,ק. סטארבקס פייק פ,,10.00,יחידה,false,1,21.90,2.19,true,1,20937
7630477891691,false,קפסולות קפה קולומביה (10 יח) סטארבקס ( 5,קבוצת אוסם סחר שותפות מוגבלת,,ק. סטארבקס קולומביה,,10.00,יחידה,false,1,21.90,2.19,true,1,20938
7630477891714,false,סטארבקס קפסולות קפה אספרסו 10 יחידות,קבוצת אוסם סחר שותפות מוגבלת,,ק. סטארבקס אספרסו,,10.00,יחידה,false,1,21.90,2.19,true,1,20939
7630477891738,false,סטארבקס קפסולות קפה אספרסו בלונד 10 יחיד,קבוצת אוסם סחר שותפות מוגבלת,,ק. סטארבקס א.בלונד,,10.00,יחידה,false,1,21.90,2.19,true,1,20940
7640175742614,false,"בומביי ספייר 200 מ""ל",הממלכה המאוחדת,,גין בומביי 200,,200.00,"100 מ""ל",false,1,41.90,20.80,false,1,22379
7640175743451,false,משקה כוהלי על בסיס גין בומביי ספייר 250מ,בומביי ספיריטס,,פ.גין בומביי&טוניק,,260.00,"100 מ""ל",false,1,18.00,6.81,true,1,22039
7702018462032,false,סכיני גילוח גילט מאך 3 רביעייה,דיפלומט מפיצים (1986) בע`מ,,גילט מאך,,4.00,יחידה,false,1,35.00,8.75,true,1,21075
7702018471423,false,גילט פיוזן סטארט סכיני גילוח 4יח,דיפלומט מפיצים {1968}בעמ,,גילט פיוזן רביעיות,,4.00,יחידה,false,1,50.00,12.50,true,1,21117
7702018980857,false,גילט סירייס גל גילוח לעור רגיש 75 מל,פרוקטר & גמבל,,גילט גילוח סירייס75,,75.00,"100 מ""ל",false,1,10.00,13.33,true,1,15721
7751553004375,false,תערובת קינואה,Unknown,,תערובת קינואה,,210.00,100 גרם,false,1,9.90,4.71,true,1,22577
7792860006218,false,סוכריות לקקן בייבי דול לריטייר (24 גרם),גוד פוד פרודקטס S.p,,בייבי דול לקקן 24גר,,24.00,100 גרם,false,1,3.30,13.75,true,1,3192
7840392000362,false,"פחם פרימיום 2 ק""ג",BRICAPER,,פחם 2 קג פרימיום,,2.00,"1 ק""ג",false,1,21.90,10.95,false,1,22732
7861500002740,false,"בירה לף בראון בקבוק 330 מ""ל","אינבב, ברוורייפליין",,לף בראון בק 330 מל,,330.00,"100 מ""ל",false,1,14.00,4.15,true,1,22818
7861500002818,false,בירה לף בראון שישייה בקבוק) (6*330 מל,"אינבב, ברוורייפליין",,לף בראון בק 330 מל,,1.98,1 ליטר,false,1,59.90,29.34,true,1,23085
7891024030974,false,"קולגייט משחת שיניים טריפל אקשן 75 מ""ל",הנסיך- מפעל לייצור ט,,קולגייט טריפל אקשן,,75.00,"100 מ""ל",false,1,7.90,10.53,true,1,22641
8000070003545,false,ק. זהב אורו,Unknown,,ק. זהב אורו,,120.00,100 גרם,false,1,29.90,24.92,true,1,21877
8000070003774,false,קפסולות אספרסו לוואצה אינטנסו 13 16 יח,לואיג'י לוואצה,,ק.בורדו אינטסינמנטה2,,120.00,100 גרם,false,1,29.90,24.92,true,1,15955
8000070003798,false,קפסולות אספרסו לוואצה דליסיוזו 8 16 יח,לאוג'י לוואצה אס.פי.אי,,ק. כתום דליזיומנטה2,,120.00,100 גרם,false,1,29.90,24.92,true,1,15956
8000070003811,false,קפסולות אספרסו לוואצה פסיונלה 11 16 יח,לואיג'י לוואצה,,ק. אדום אפסיונמנטה2,,120.00,100 גרם,false,1,29.90,24.92,true,1,15957
8000070003842,false,לוואצה מס' 7 קפסולות לקפה 120 גרם,לווצה טורינו,,ק. כחול קרמה (נטול)2,,120.00,100 גרם,false,1,29.90,24.92,true,1,15958
8000070003880,false,קפסולות קפה לוואצה קרמה דולצ'ה חוזק 6,לווצה טורינו,,ק.סגול דולצמנטה 2,,120.00,100 גרם,false,1,29.90,24.92,true,1,15959
8000070003972,false,קפסולות קפה סואבה 5 112,לאוג'י לוואצה אס.פי.אי,,קפסולות לילך סוואב2,,120.00,100 גרם,false,1,29.90,24.92,true,1,15963
8000070010215,false,קפסולות דליצטו לוואצה 10 יח',Unknown,,קפסולות ת.נספרסו דלי,,10.00,יחידה,false,1,15.90,1.59,true,1,21046
8000070029637,false,פולי לוואצה פיו,Unknown,,פולי לוואצה פיו,,1.00,יחידה,false,1,89.00,89.00,false,1,22089
8000070043381,false,פ.לוואצה פיאנו גוסטו,Unknown,,פ.לוואצה פיאנו גוסטו,,1.00,יחידה,false,1,69.00,69.00,false,1,22090
<<<<<<< HEAD
8000070053465,false,קפסולות קפה אספרסו אורו דרגת חוזק 8,לאוג'י לוואצה אס.פי.אי,,לוואצה אורו חוזק 8,,0.00,,false,1,19.90,0.00,true,1,23833
8000070053472,false,קפסולות קרמה גוסטו קלאסיקו חוזק 12 57 ג' לוואצה,לאוג'י לוואצה אס.פי.אי,,לוואצה א.קלאסיקו 12,,0.00,,false,1,19.90,0.00,true,1,23834
8000070053502,false,קפסולות קפה אספרסו ריקו נטול קפאין דרגת חוזק 7,לווצה טורינו,,לוואצה נטול קפאין 7,,0.00,,false,1,19.90,0.00,true,1,23835
8000070053526,false,קפסולות קפה אספרסו רוסה דרגת חוזק 10,לאוג'י לוואצה אס.פי.אי,,לוואצה רוסה חוזק 10,,0.00,,false,1,19.90,0.00,true,1,23836
8000070055254,false,לוואצה קרמה גוסטו פורטה מס' 13 קפסולות לקפה 55 גרם,לואיג'י לוואצה,,לוואצה קרמה גוסטו 13,,0.00,,false,1,19.90,0.00,true,1,23837
=======
8000070053465,false,קפסולות לוואצה למכונת אספרסו חוזק 8,לאוג'י לוואצה אס.פי.אי,,לוואצה אורו חוזק 8,,0.00,,false,1,19.90,0.00,true,1,23833
8000070053472,false,קפסולות קרמה גוסטו קלאסיקו חוזק 12 57 ג' לוואצה,לאוג'י לוואצה אס.פי.אי,,לוואצה א.קלאסיקו 12,,0.00,,false,1,19.90,0.00,true,1,23834
8000070053502,false,קפסולות קפה אספרסו ריקו נטול קפאין דרגת חוזק 7,לווצה טורינו,,לוואצה נטול קפאין 7,,0.00,,false,1,19.90,0.00,true,1,23835
8000070053526,false,קפסולות לוואצה למכונת אספרסו חוזק 10,לאוג'י לוואצה אס.פי.אי,,לוואצה רוסה חוזק 10,,0.00,,false,1,19.90,0.00,true,1,23836
8000070055254,false,לוואצה קרמה גוסטו פורטה מס' 13 קפסולות לקפה 55 גרם,ליימן שליסל בע`מ,,לוואצה קרמה גוסטו 13,,0.00,,false,1,19.90,0.00,true,1,23837
>>>>>>> d048ac2f4f281c9d788043ab4e81b61b0dbe3743
8000070059832,false,קפסולות קרמה גוסטו ריקו חוזק 11 55 ג' לוואצה,לואיג'י לוואצה,,לוואצה גוסטו ריקו 11,,0.00,,false,1,19.90,0.00,true,1,23838
8000070063396,false,ק. סגולה דיוינו 2,Unknown,,ק. סגולה דיוינו 2,,0.00,,false,1,29.90,0.00,true,1,23579
8000070064553,false,קפסולות אספרסו לוואצה רוסה 10 16 יח,לווצה טורינו,,לוואצה רוסה AMM10,,0.00,,false,1,29.90,0.00,true,1,23729
8000070064577,false,קפסולות קפה לוואצה קוואליטה אורו חוזק 8,לואיג'י לוואצה,,לוואצה אורו AMM8,,0.00,,false,1,29.90,0.00,true,1,23730
8000070081024,false,קפסולות חום ארמוניקו לוואצה 10 יח',Unknown,,נ. לוואצה הרמוניקו 8,,10.00,יחידה,false,1,15.90,1.59,true,1,20944
8000070081031,false,קפסולות ורוד דציסו לוואצה 10 יח',Unknown,,נספרסו לוואצה דיצו10,,10.00,יחידה,false,1,15.90,1.59,true,1,20945
8000070081093,false,לוואצה ת.נספרסו נטול,Unknown,,לוואצה ת.נספרסו נטול,,10.00,יחידה,false,1,15.90,1.59,true,1,20946
8000070081154,false,קפסולות קפה אספרסו לג'רו 4 10 יחידות,לאוג'\י לוואצה אס.פי.אי,,לוואצה ת.נספרסו לגרו,,10.00,יחידה,false,1,15.90,1.59,true,1,20948
8000070086005,false,ק. אדום אפסיונמנטה 3,Unknown,,ק. אדום אפסיונמנטה 3,,120.00,100 גרם,false,1,29.90,24.92,true,1,18504
8000070086012,false,ק. כתום דליזיומנטה 3,Unknown,,ק. כתום דליזיומנטה 3,,120.00,100 גרם,false,1,29.90,24.92,true,1,18505
8000070086029,false,ק.בורדו אינטסינמנטה3,Unknown,,ק.בורדו אינטסינמנטה3,,120.00,100 גרם,false,1,29.90,24.92,true,1,18506
8000070086036,false,קפסולות קרמה נטול3,Unknown,,קפסולות קרמה נטול3,,120.00,100 גרם,false,1,29.90,24.92,true,1,18507
8000070086494,false,ק.סגול דולצמנטה 3,Unknown,,ק.סגול דולצמנטה 3,,120.00,100 גרם,false,1,29.90,24.92,true,1,18508
8000070087200,false,קפסולות לילך סוואב 3,Unknown,,קפסולות לילך סוואב 3,,120.00,100 גרם,false,1,29.90,24.92,true,1,12419
8000070088177,false,ק. סגולה דיוינו,Unknown,,ק. סגולה דיוינו,,120.00,100 גרם,false,1,29.90,24.92,true,1,21878
8000300367836,false,גלידה קראנץ פופס 60,תאי פרזידנט פוד פאבל,,קראנץ פופס,,82.00,100 גרם,false,1,11.00,13.41,true,1,15660
8000380003723,false,וופלים גרנד פטיסרי במילוי קרם אגוזים 100,קריניציה ויטמינה אס,,לואקר פטיסרי אגוז,,100.00,100 גרם,false,1,15.90,15.90,true,1,11897
8000380003761,false,וופל גרנד פטיסרי שוקולד וקוקוס לואקר 100 גרם,קריניציה ויטמינה אס,,לואקר פטיסרי קוקוס,,100.00,100 גרם,false,1,15.90,15.90,true,1,11896
8000380004676,false,קוביות וופל סנדוויץ Sandwich עם וניל וחלב,"א. לואקר, קונפקט ג'י",,וופל לואקר,,200.00,100 גרם,false,1,16.90,8.45,true,1,9480
8000380004911,false,קוביות וופל קואדרטיני Quadratini קרם אגוזים,קריניציה ויטמינה אס,,קואדרטיני אגוז 250 ג,,250.00,100 גרם,false,1,19.50,7.80,true,1,980
8000380004966,false,וופל קוארדטיני לואקר קוביות שוקולד 250ג',קריניציה ויטמינה אס,,קואדרטיני קקאו 250 ג,,250.00,100 גרם,false,1,19.50,7.80,true,1,1273
8000380005918,false,וופל קוביות קואדרטיני אגוזים לואקר 125 גרם,ליימן שליסל בע`מ,,לואקר קואדרטיני אגוז,,125.00,100 גרם,false,1,10.00,8.00,true,1,11900
8000380005963,false,וופל קוארדטיני שוקולד לואקר 125 גרם,ליימן שליסל בע`מ,,לואקר קואדרטיני,,125.00,100 גרם,false,1,10.00,8.00,true,1,11899
8000380007219,false,וופל לואקר ממולא קרם אגוזים 175 גרם,ליימן שליסל בע`מ,,לואקר אגוז 175 גרם,,175.00,100 גרם,false,1,15.90,9.09,true,1,1274
8000380007257,false,וופל גרדנה במילוי קרם אגוזים מצופה,קריניציה ויטמינה אס,,גרדנה וופל 200 גר,,200.00,100 גרם,false,1,16.90,8.45,true,1,9124
8000380007264,false,וופל לואקר ממולא קרם קקאו 175 גרם,קריניציה ויטמינה אס,,לואקר קקאו 175 גרם,,175.00,100 גרם,false,1,15.90,9.09,true,1,11597
8000380106028,false,טורטינה לואקר וופל שוקולד ואגוזים שישיה 125ג',קריניציה ויטמינה אס,,טורטינה שוקולד חלב,,125.00,100 גרם,false,1,22.00,17.60,true,1,17467
8000380142484,false,קוביות וופל קואדרטיני Quadratini בטעם שוקולד מריר,ליימן שליסל בע`מ,,קואדרטיני ש.מריר 250,,250.00,100 גרם,false,1,19.50,7.80,true,1,8178
8000380144044,false,גרדנה וופל מצופה שוקולד חלב לואקר 200 גרם,ליימן שליסל בע`מ,,וופל גרדנה שוקולד,,200.00,100 גרם,false,1,16.90,8.45,true,1,14098
8000380153442,false,וופל קלאסיק בטעם אגוזים לואקר 90 גרם,ליימן שליסל,,ופל לואקר קרם אגוזים,,90.00,100 גרם,false,1,9.50,10.56,true,1,16277
8000380153466,false,וופל קלאסיק בטעם קקאו לואקר 90 גרם,קריניציה ויטמינה אס,,וופל לואקר שוקולד,,90.00,100 גרם,false,1,9.50,10.56,true,1,16278
8000380153534,false,מארז וופל שוקולד טורטינה Tortina שוקולד לבן,א. לואקר אס. פי. אי-אי.,,טורטינה ש.לבן שישייה,,126.00,100 גרם,false,1,22.00,17.46,true,1,21915
8000380156573,false,לואקר בונבוניירה ורד הדולמיטים 150 גרם,קריניציה ויטמינה אס,,בונבוניירת דולומיטים,,150.00,100 גרם,false,1,24.90,16.60,true,1,14099
8000380157440,false,שוקולד חלב במילוי קרם אגוזי לוז לואקר 87 גרם,ליימן שליסל בע`מ,,לואקר שוקולד אגוז,,85.00,100 גרם,false,1,11.00,12.94,true,1,16198
8000380180721,false,לואקר וופל קקאו במילוי קרם חלבי 175 גר,קריניציה ויטמינה אס,,לואקר שוקו חלב,,175.00,100 גרם,false,1,15.90,9.09,true,1,15000
8000380180745,false,וופל קוביות קקאו במילוי קרם חלב לואקר 250 גרם,"א. לואקר, קונפקט ג'י",,קואדרטיני שוקו חלב,,250.00,100 גרם,false,1,19.50,7.80,true,1,15001
8000380180783,false,וופל קואדרטיני קקאו וחלב לואקר 125 גרם,ליימן שליסל בע`מ,,קואדרטיני שוקולד חלב,,125.00,100 גרם,false,1,10.00,8.00,true,1,16582
8000380180837,false,וופל גרנד פטיסרי קוקוס לבן מצופה שוקולד לבן לואקר 100 גרם,ליימן שליסל בע`מ,,לואקר פטיסרי קוקוס,,100.00,100 גרם,false,1,15.90,15.90,true,1,21884
8000380184323,false,שוקולד לואקר מריר87ג,Unknown,,שוקולד לואקר מריר87ג,,87.00,100 גרם,false,1,11.00,12.64,true,1,16398
8000380187119,false,עוגיות במילוי קרם אגוזי לוז לואקר 100 גר,ליימן שליסל בע`מ,,עוגיות לואקר פטיסרי,,100.00,100 גרם,false,1,15.90,15.90,true,1,20281
8000380187249,false,עוגיות עם מילוי קרם שקדים ושוקולד חלב,ליימן שליסל בע`מ,,עוגיות לואקר פטיסרי,,100.00,100 גרם,false,1,15.90,15.90,true,1,20282
8000380187775,false,לואקר וופל גרנדה אגוז 136 גרם,Unknown,,לואקר גרדנה,,136.00,100 גרם,false,1,7.90,5.81,true,1,23839
<<<<<<< HEAD
8000380205400,false,וופלים קואדרטיני חמאת בוטנים לואקר 250 גרם,ליימן מותגים,,קואדרטיני ח.בוטנים,,1.00,יחידה,false,1,19.50,19.50,true,1,22977
8000380205523,false,וופלים בטעם חמאת בוטנים לואקר 175 גרם,ליימן מותגים,,לואקר ח.בוטנים 175ג,,1.00,יחידה,false,1,15.90,15.90,true,1,22978
8000380206896,false,וופל גרדנה חמאת בוטנים לואקר 200 גרם,ליימן מותגים,,גרדנה ח.בוטנים 200ג,,1.00,יחידה,false,1,16.90,16.90,true,1,22979
8000380207183,false,שוקולד לואקר טורטינה חמאת בוטנים 126 גר,ליימן מותגים,,טורטינה ח.בוטנים,,1.00,יחידה,false,1,23.90,23.90,true,1,22980
8000500018828,false,שלישיית קינדר שוקולד חצי מטר 100 גרם,קדבורי,,שוקולד קינדר אצבעות,,300.00,100 גרם,false,1,26.90,8.97,true,1,22508
8000500023624,false,חטיפי הפי היפו Happy Hippo במילוי קרם חלב וקקאו,פררו - אלבה,,הפי היפו חמישיות,,105.00,100 גרם,false,1,16.90,16.10,true,1,9346
8000500023976,false,בונבוניירת רפאלו פררו 150 גרם,פררו - אלבה,,רפאלו בונבוניירה,,150.00,100 גרם,false,1,24.90,16.60,true,1,9717
8000500026731,false,שוקולד ביצי הפתעה קינדר שלישייה,פררו אס.פי.אי,,קינדר 1/3 ביצי הפתעה,,63.00,100 גרם,false,1,21.00,33.33,true,1,981
8000500028124,false,קינדר גוי ביצת הפתעה מארז שלישיה,ליימן שליסל,,קינדר גוי שלישייה,,180.00,100 גרם,false,1,22.90,12.72,true,1,9716
8000500029350,false,מארז וופל מצופה 3יח' *43 גרם קינדר בואנו,פררו - אלבה,,קינדר בואנו 43גר*3,,132.00,100 גרם,false,1,14.90,11.29,true,1,9022
8000500037874,false,בונבונרייה פררו רושר 200 גרם,פררו - אלבה,,רושה בונבוניירה 200,,200.00,100 גרם,false,1,30.00,15.00,true,1,1143
8000500121436,false,מארז קינדר בואנו Kinder Bueno לבן שלוש יחידות,פררו - אלבה,,קינדר בואנו לבן 3*43,,132.00,100 גרם,false,1,14.90,11.29,true,1,24110
8000500160466,false,פררו רושר קובייה 75 גרם,גוד פוד פרודקטס S.p,,פררו רושה 70 גרם,,70.00,100 גרם,false,1,17.90,25.57,false,1,23580
8000500164242,false,רפאלו 70 גרם קופסא עם פרח,קדבורי,,רפאלו 70 גרם,,75.00,100 גרם,false,1,17.90,23.87,true,1,23581
8000500170359,false,ביצת הפתעה קינדר מקס,פררו,,ביצת הפתעה מקסי בנות,,100.00,100 גרם,false,1,27.90,27.90,true,1,22509
8000500172810,false,סוכריות בטעם תות שדה מנטה- מארז רביעייה,פררו - אלבה,,טיק טק תות מנטה*4,,64.00,100 גרם,false,1,11.90,18.59,true,1,23141
8000500217740,false,קינדר בואנו מיני 86 גרם,פררו,,מ.קינדר בואנו מיני,,86.00,100 גרם,false,1,13.50,15.70,true,1,19103
8000500224281,false,נוטלה בי רדי חטיף קופה,פררו,,נוטלה בי רדי 22ג,,22.60,100 גרם,false,1,3.90,17.26,true,1,20571
8000500227848,false,נוטלה - בי רדי אצבעות ביסקוויט במילוי שוקולד 6 יח' * 22 גרם,פררו,,נוטלה בי רדי 132ג,,136.00,100 גרם,false,1,13.50,9.93,true,1,24056
8000500247150,false,פררו רושה קולקשיין קוקוס מילוי קרם ושקד שלם 172ג',פררו,,פררו קולקשיו 172 גר,,172.00,100 גרם,false,1,30.00,17.44,true,1,17396
=======
8000380205400,false,וופלים קואדרטיני חמאת בוטנים לואקר 250 גרם,ליימן שליסל בע`מ,,קואדרטיני ח.בוטנים,,1.00,יחידה,false,1,19.50,19.50,true,1,22977
8000380205523,false,וופלים בטעם חמאת בוטנים לואקר 175 גרם,ליימן שליסל בעמ,,לואקר ח.בוטנים 175ג,,1.00,יחידה,false,1,15.90,15.90,true,1,22978
8000380206896,false,וופל גרדנה במילוי חמאת בוטנים 200 גרם,ליימן שליסל בע`מ,,גרדנה ח.בוטנים 200ג,,1.00,יחידה,false,1,16.90,16.90,true,1,22979
8000380207183,false,שוקולד לואקר טורטינה חמאת בוטנים 126 גר,ליימן שליסל בע`מ,,טורטינה ח.בוטנים,,1.00,יחידה,false,1,23.90,23.90,true,1,22980
8000500018828,false,שלישיית קינדר שוקולד חצי מטר 100 גרם,פרימיום-חברה לדברי מתיקה ולמסח,,שוקולד קינדר אצבעות,,300.00,100 גרם,false,1,26.90,8.97,true,1,22508
8000500023624,false,חטיפי הפי היפו Happy Hippo במילוי קרם חלב וקקאו,פרימיום-חברה לדברי מתיקה ולמסח,,הפי היפו חמישיות,,105.00,100 גרם,false,1,16.90,16.10,true,1,9346
8000500023976,false,בונבוניירת רפאלו פררו (150 גרם),פרימיום-חברה לדברי מתיקה ולמסח,,רפאלו בונבוניירה,,150.00,100 גרם,false,1,24.90,16.60,true,1,9717
8000500026731,false,ביצי שוקולד קינדר מארז 3 יח סופרייז,פרימיום-חברה לדברי מתיקה ולמסח,,קינדר 1/3 ביצי הפתעה,,63.00,100 גרם,false,1,21.00,33.33,true,1,981
8000500028124,false,קינדר גוי ביצת הפתעה מארז שלישיה,פרימיום-חברה לדברי מתיקה ולמסח,,קינדר גוי שלישייה,,180.00,100 גרם,false,1,22.90,12.72,true,1,9716
8000500029350,false,מארז וופל מצופה 3יח' *43 גרם קינדר בואנו,פרימיום-חברה לדברי מתיקה ולמסח,,קינדר בואנו 43גר*3,,132.00,100 גרם,false,1,14.90,11.29,true,1,9022
8000500037874,false,בונבונרייה פררו רושר 200 גרם,פרימיום-חברה לדברי מתיקה ולמסח,,רושה בונבוניירה 200,,200.00,100 גרם,false,1,30.00,15.00,true,1,1143
8000500121436,false,מארז קינדר בואנו Kinder Bueno לבן שלוש יחידות,פרימיום-חברה לדברי מתיקה ולמסח,,קינדר בואנו לבן 3*43,,132.00,100 גרם,false,1,14.90,11.29,true,1,24110
8000500160466,false,פררו רושר קובייה 75 גרם,גוד פוד פרודקטס S.p,,פררו רושה 70 גרם,,70.00,100 גרם,false,1,17.90,25.57,false,1,23580
8000500164242,false,רפאלו 70 גרם קופסא עם פרח,קדבורי,,רפאלו 70 גרם,,75.00,100 גרם,false,1,17.90,23.87,true,1,23581
8000500170359,false,ביצת הפתעה קינדר מקס,פררו,,ביצת הפתעה מקסי בנות,,100.00,100 גרם,false,1,27.90,27.90,true,1,22509
8000500172810,false,סוכריות בטעם תות שדה מנטה- מארז רביעייה,פרימיום-חברה לדברי מתיקה ולמסח,,טיק טק תות מנטה*4,,64.00,100 גרם,false,1,11.90,18.59,true,1,23141
8000500217740,false,קינדר בואנו מיני 86 גרם,פרימיום-חברה לדברי מתיקה ולמסח,,מ.קינדר בואנו מיני,,86.00,100 גרם,false,1,13.50,15.70,true,1,19103
8000500224281,false,וופל מלוח במילוי ממרח אגוזי לוז,פרימיום-חברה לדברי מתיקה ולמסח,,נוטלה בי רדי 22ג,,22.60,100 גרם,false,1,3.90,17.26,true,1,20571
8000500227848,false,נוטלה - בי רדי אצבעות ביסקוויט במילוי שוקולד 6 יח' * 22 גרם,פרימיום-חברה לדברי מתיקה ולמסח,,נוטלה בי רדי 132ג,,136.00,100 גרם,false,1,13.50,9.93,true,1,24056
8000500247150,false,פררו רושה קולקשיין קוקוס מילוי קרם ושקד שלם 172ג',פרימיום-חברה לדברי מתיקה ולמסח,,פררו קולקשיו 172 גר,,172.00,100 גרם,false,1,30.00,17.44,true,1,17396
>>>>>>> d048ac2f4f281c9d788043ab4e81b61b0dbe3743
8000500248331,false,פררו קולקשיין 172גר,Unknown,,פררו קולקשיין 172גר,,172.00,100 גרם,false,1,24.90,14.48,true,1,23582
8000500249352,false,קינדר בואנו מיני מיקס שקית 205 ג',פרימיום-חברה לדברי מתיקה ולמסח,,קינדר בואנו מיני,,205.00,100 גרם,false,1,24.90,12.15,true,1,24111
8000500267035,false,עוגת קינדר אישית 39ג',Unknown,,קינדר דליס בודד,,42.00,100 גרם,false,1,4.00,9.52,true,1,18103
8000500267103,false,קינדר דליס עוגת ספוג קקאו במילוי חלבי*10,פרימיום-חברה לדברי מתיקה ולמסח,,קינדר דליס *10,,390.00,100 גרם,false,1,25.00,6.41,true,1,18104
8000500353738,false,רביעיה סוכריות בטעם מנטה חזק 4 * 16 ג' טחק טק,פרימיום-חברה לדברי מתיקה ולמסח,,טיק טק מנטה חזק*4,,64.00,100 גרם,false,1,11.90,18.59,true,1,23142
8000500374429,false,פררו גרנד רושה מעטפת שוקולד חלב 125 גרם,פרימיום-חברה לדברי מתיקה ולמסח,,כדור פררו חלב כשלפ,,125.00,100 גרם,false,1,19.90,15.92,true,1,22510
8000500374542,false,שוקולד מריר מעולה אגוזי לוז פררו רושה125,Unknown,,כדור פררו מריר כשלפ,,125.00,100 גרם,false,1,19.90,15.92,true,1,22511
8000920704967,false,"בן אנד ג'ריס צ'אנקי מנקי 150 מ""ל",מוצרי איכות אמריקאיים בעמ,,בן&גריס שורטי צנאק,,114.00,100 גרם,false,1,11.80,10.35,true,1,6066
8000920704974,false,"בן אנד ג'ריס שוקולד בראוניס 150 מ""ל",מוצרי איכות אמריקאיי,,בן&גריס שורטי שוקול,,108.00,100 גרם,false,1,11.80,10.93,true,1,6064
8000920704998,false,"שורטי בצק עוגיות 150 מ""ל",מוצרי איכות אמריקאיים בע,,בן&גריס שורטי עוגיו,,111.00,100 גרם,false,1,11.80,10.63,true,1,6065
8001003202028,false,סוכריות ג'לי בטעם מנטה יוגטה 80 גרם,ליימן שליסל בעמ,,יוגטה גלי טעם מנטה,,80.00,100 גרם,false,1,6.90,8.62,true,1,22981
8001003202035,false,סוכריות ג'לי בטעם פירות יוגטה 80 גרם,ליימן שליסל בעמ,,יוגטה גלי טעם פירות,,80.00,100 גרם,false,1,6.90,8.62,true,1,22982
8001090721099,false,טבליות ג'ל לכביסה 3 ב-1 בניחוח אביב הרים,דיפלומט מפיצים (1986) בע`מ,,אריאל קפסולות לכביסה,,27.00,יחידה,false,1,43.00,1.59,false,1,24035
8001090721129,false,אריאל קפסולות גל לכביסה 3ב1 קולור 27 יח,דיפלומט מפיצים (1986) בע`מ,,אריאל ק. לכביסה,,27.00,יחידה,false,1,37.00,1.37,true,1,24054
8001090899224,false,תחבושות אולוויז פלטינום לונג 20 יחידות,דיפלומט מפיצים (1986) בע`מ,,אולוויז פלטינום לונג,,20.00,יחידה,false,1,23.90,1.20,true,1,24174
8001160001786,false,"משקה אנרגיה גטורייד ספורט כחול 500מ""ל",אקווה מינרלה סאן בנדטו,,גטורייד קול בלו,,500.00,"100 מ""ל",false,1,10.90,2.12,true,1,11879
8001160001892,false,"משקה אנרגיה גטורייד ספורט תפוז אדום 500מ""ל",אקווה מינרלה סאן בנדטו,,גטורייד פקק תפוז,,500.00,"100 מ""ל",false,1,10.90,2.12,true,1,11880
8001620015612,false,"משקה פירות פרוטה-גזר תפוז לימון 400 מ""ל סאן בנדטו",אקווה מינרלה סאן בנדטו ב,,סן בנדטו תפוז גזר400,,400.00,"100 מ""ל",false,1,12.90,3.15,true,1,21264
8001620015629,false,"משקה פירות בטעם תפוז ותפוז אדום 400 מ""ל פרוטה",אקווה מינרלה סאן בנדטו ב,,ס.בנדטו ת.אדום 400,,400.00,"100 מ""ל",false,1,9.90,2.40,true,1,22091
8001620015636,false,"משקה פירות פרוטה-מיקס פירות 400 מ""ל סאן בנדטו",אקווה מינרלה סאן בנדטו ב,,סן בנדטו מ.פירות,,400.00,"100 מ""ל",false,1,12.90,3.15,true,1,21265
8001620018408,false,"משקה פירות בטעם מנגו תפוח 400 מ""ל פרוטה",אקווה מינרלה סאן בנדטו ב,,סן בנדטו מנגו תפוח,,400.00,"100 מ""ל",false,1,12.90,3.15,true,1,22190
8001620019160,false,"סן בנדטו מים מינרלים בטעם אפרסק 500 מ""ל",אקווה מינרלה סאן בנדטו ב,,סן בנדטו אפרסק 400מל,,400.00,"100 מ""ל",false,1,12.90,3.15,true,1,23583
8001620019177,false,"סן בנדטו מים מינרלים בטעם ענבים 500 מ""ל",אקווה מינרלה סאן בנדטו ב,,סן בנדטו ענבים 400מל,,400.00,"100 מ""ל",false,1,12.90,3.15,true,1,23584
8001730202964,false,קלאסיקו ת. אמודו מיו,Unknown,,קלאסיקו ת. אמודו מיו,,120.00,100 גרם,false,1,28.00,23.33,true,1,17968
8001730203008,false,סופרימו ת. אמודו מיו,Unknown,,סופרימו ת. אמודו מיו,,120.00,100 גרם,false,1,28.00,23.33,true,1,18040
8001730203022,false,דיקפינאטו ת.אמודו מי,Unknown,,דיקפינאטו ת.אמודו מי,,120.00,100 גרם,false,1,28.00,23.33,true,1,17970
8001730203060,false,סופרימו תואם נספרסו,Unknown,,סופרימו תואם נספרסו,,55.00,100 גרם,false,1,17.50,31.82,true,1,18106
8001730203121,false,דיקפנאטו תואם נספרסו,Unknown,,דיקפנאטו תואם נספרסו,,55.00,100 גרם,false,1,17.50,31.82,true,1,18109
8001730204340,false,בנפיסיאו ת.אמודו מיו,Unknown,,בנפיסיאו ת.אמודו מיו,,120.00,100 גרם,false,1,28.00,23.33,true,1,19039
<<<<<<< HEAD
8001841062624,false,פמפרס מגבונים לחים ללא בישום רביעייה,פרוקטר אנד גמבל.,,מגבוני פמפרס,,208.00,יחידה,false,1,18.90,0.09,false,1,22375
8001841077949,false,מארז מגבוני פמפרס בניחוח מרענן - רביעייה,פרוקטר אנד גמבל,,פמפרס מגבונים,,208.00,יחידה,false,1,18.90,0.09,false,1,22376
8001841625188,false,סבון כלים פלטינום לימון X3 פעולות להסרת שומנים,פרוקטר אנד גמבל,,פיירי פלטינום לימון,,515.00,"100 מ""ל",false,1,12.00,2.33,true,1,22567
8001841625461,false,סבון כלים פלטינום X3 פעולות להסרת שומנים,פרוקטר אנד גמבל,,פיירי פלטינום אורגינ,,515.00,"100 מ""ל",false,1,12.00,2.33,true,1,21389
8001841716596,false,"ג'ל רחצה ושמפו מרענן האד אנד שולדרס 360 מ""ל","נארז ע""י : א.ג. גילר",,הד&שולדרס גל רחצה,,360.00,"100 מ""ל",false,1,19.90,5.53,false,1,23894
=======
8001841062624,false,פמפרס מגבונים לחים ללא בישום רביעייה,דיפלומט מפיצים (1968) בעמ,,מגבוני פמפרס,,208.00,יחידה,false,1,18.90,0.09,false,1,22375
8001841077949,false,מארז מגבוני פמפרס בניחוח מרענן - רביעייה,דיפלומט מפיצים (1986) בע`מ,,פמפרס מגבונים,,208.00,יחידה,false,1,18.90,0.09,false,1,22376
8001841625188,false,סבון כלים פלטינום לימון X3 פעולות להסרת שומנים,דיפלומט מפיצים (1986) בע`מ,,פיירי פלטינום לימון,,515.00,"100 מ""ל",false,1,12.00,2.33,true,1,22567
8001841625461,false,סבון כלים פלטינום X3 פעולות להסרת שומנים,דיפלומט מפיצים (1986) בע`מ,,פיירי פלטינום אורגינ,,515.00,"100 מ""ל",false,1,12.00,2.33,true,1,21389
8001841716596,false,"ג'ל רחצה ושמפו מרענן האד אנד שולדרס 360 מ""ל",דיפלומט מפיצים (1968) בעמ,,הד&שולדרס גל רחצה,,360.00,"100 מ""ל",false,1,19.90,5.53,false,1,23894
>>>>>>> d048ac2f4f281c9d788043ab4e81b61b0dbe3743
8001943549122,false,צ'וקטה מטבעות שוקולד חלב 40 ג' נוכרי,ואל קור קורסניני אס אנ ס,,צוקטה מטבעות שוקולד,,40.00,100 גרם,false,1,6.90,17.25,false,1,24216
8002230000012,false,מארז משקה קוקטייל אפ,החברה המרכזית להפצת משקאות בעמ,,אפרול 1 ליטר,,1.00,1 ליטר,false,1,135.00,134.70,true,1,21251
8002270216800,false,סאן פלגרינו בטעם לימון 500 מ,סן פלגרינו,,סן פלגרינו ג.לימון,,500.00,"100 מ""ל",false,1,9.90,1.92,true,1,22556
8002270236792,false,אסנזה משקה מוגז בטעם לימון גרידת לימון- שישייה,סן פלגרינו San Pellegrino,,סן פלגרינו ג.לימון*6,,3.00,1 ליטר,false,1,29.90,9.37,true,1,22555
8002270236808,false,סאן פלגרינו בטעם תפוז אדום ופטל 500 מ,סן פלגרינו,,סן פלגרינו תפוז ופטל,,500.00,"100 מ""ל",false,1,9.90,1.92,true,1,22558
8002270256790,false,"שישייה סן פלגרינו אסנזה תפוז אדום 500 מ""ל",סן פלגרינו San Pellegrino,,סן פלגרינו ת.פטל*6,,3.00,1 ליטר,false,1,29.90,9.37,true,1,22557
8002270846472,false,סן פלגרינו מים מינרליים טבעיים מוגזים,טמפו משקאות בעמ,,סן פלגרינו 500 מל,,500.00,"100 מ""ל",false,1,11.00,2.14,true,1,12157
8004030044005,false,נתחי טונה בהירה בשמן זית ריו מרה 112גרם,"בולטון אלימנטרי בע""\מ",,ריו מרה טונה שמן זית,,160.00,100 גרם,false,1,20.00,12.50,true,1,24112
8006290803514,false,מים מינרליים מוגזים,"פררלה, ס.פ.א",,פררלה מים מינרליים,,330.00,"100 מ""ל",false,1,7.00,2.03,true,1,15386
8018277050019,false,הפולים של בנימינה,Unknown,,הפולים של בנימינה,,1.00,"1 ק""ג",false,1,80.00,80.00,false,1,24140
8032880800243,false,פיקניק הפתעה - אגוזי לוז ומקלות אפויים,"הוסטה איטליה, ס.ר.ל.",,פיקניק הפתעה 50 גר,,50.00,100 גרם,false,1,10.00,20.00,true,1,5492
8058776640939,false,מערכת התראה למניעת שכחת ילדים ברכב,Unknown,,מ.מניעת ש.ילדים ברכב,,1.00,יחידה,false,1,239.00,239.00,false,1,21489
8076800195057,false,ברילה - צ.א ספגטי מס5 חדש 500 גרם,ברילה גי.אי.אר פרטלי ס.פ,,ברילה ספגטי מס5 500,,500.00,100 גרם,false,1,9.50,1.90,true,1,15154
8076802085738,false,ברילה צ.ק פנה רגטה מס' 73 500 גרם,ברילה גי.אי.אר פרטלי ס.פ,,ברילה צ.ק פנה רגטה,,500.00,100 גרם,false,1,9.50,1.90,true,1,15155
8076809512268,false,פסטה גירנדולה טורסדס מספר 34 ברילה 500 גרם,ברילה גי.אי.אר פרטלי ס.פ,,ברילה גירנדולה 34,,500.00,100 גרם,false,1,9.50,1.90,true,1,23939
8076809513395,false,ברילה פומודורו רוטב עגבניות קלאסי 400 גר,ברילה גי.אי.אר פרטלי ס.פ,,רוטב פומודורו ברילה,,400.00,100 גרם,false,1,16.90,4.22,true,1,17168
8076809513739,false,ברילה רוטב עגבניות עם בזיליקום 400 גרם,ברילה גי.אי.אר פרטלי ס.פ,,ברילה רוטב בזילקום,,400.00,100 גרם,false,1,16.90,4.22,true,1,16917
8410076600622,false,חטיפי גרנולה קראנצ'י עם שוקולד מריר נייצ'ר ואלי 210 גרם,ג'נרל מילס סאן אדריאן,,נייצר וואלי גרנולה5,,210.00,100 גרם,false,1,19.00,9.05,true,1,22035
8410076621047,false,עוגות אישיות בטעם שוקולד עם חתיכות בטעם שוקולד,ליימן שליסל בע`מ,,פייבר וואן בראוניז,,120.00,100 גרם,false,1,25.00,20.83,true,1,24076
8410076800633,false,נייטשר וואלי קראנצי שבבי שוקולד בודד,ליימן שליסל,,נייטשר וואלי ש.מריר,,42.00,100 גרם,false,1,6.00,14.29,true,1,12927
8410202330010,false,פ.ריח אורגני לימון,Unknown,,פ.ריח אורגני לימון,,0.00,,false,1,15.00,0.00,true,1,16362
8410202330027,false,פ.ריח אורגני LD וניל,Unknown,,פ.ריח אורגני LD וניל,,0.00,,false,1,15.00,0.00,true,1,18043
8410202330034,false,פ.ריח אורגני קוקוס,Unknown,,פ.ריח אורגני קוקוס,,0.00,,false,1,15.00,0.00,true,1,16363
8410202330119,false,פ.ריח אורגני דובדבן,Unknown,,פ.ריח אורגני דובדבן,,0.00,,false,1,15.00,0.00,true,1,16364
8410202330126,false,פ.ריח אורגני רכב חדש,Unknown,,פ.ריח אורגני רכב חדש,,0.00,,false,1,15.00,0.00,true,1,16365
8410202330140,false,פ.ריח אורגני עשןנמוג,Unknown,,פ.ריח אורגני עשןנמוג,,0.00,,false,1,15.00,0.00,true,1,16366
8410202330263,false,פ.ריח אורגני מסטיק,Unknown,,פ.ריח אורגני מסטיק,,0.00,,false,1,15.00,0.00,true,1,16367
8410202330317,false,פ.ריח אורגני CANDY,Unknown,,פ.ריח אורגני CANDY,,0.00,,false,1,15.00,0.00,true,1,18044
8410202330454,false,פ.ריח אורגני קולבלאק,Unknown,,פ.ריח אורגני קולבלאק,,0.00,,false,1,15.00,0.00,true,1,16368
8410793022837,false,"רביעיית בירה אסטרייה דאם 330 מ""ל בקבוק","סי סי דאם, אס.אל, ברצלונ",,בירה אסטריה מארז 4,,1.32,"100 מ""ל",false,1,54.90,4068.18,true,1,24129
8410793282934,false,בירה אסטרייה דאם בקב,"סי סי דאם, אס.אל, בר",,בירה אסטריה 330 מל,,330.00,"100 מ""ל",false,1,19.90,5.94,true,1,22745
8414775011680,false,נ.כסוף גדול +פילטר,Unknown,,נ.כסוף גדול +פילטר,,0.00,,false,1,9.00,0.00,false,1,19331
8414775012298,false,נייר smk בינוני+פילט,Unknown,,נייר smk בינוני+פילט,,0.00,,false,1,8.00,0.00,false,1,19332
8414775012328,false,נייר פילטר SMK ארוך,Unknown,,נייר smk גדול+פילטר,,0.00,,false,1,9.00,0.00,false,1,19333
8414775013530,false,נייר חום בינוני+פיל,Unknown,,נייר חום בינוני+פיל,,0.00,,false,1,8.00,0.00,false,1,19334
8414775015879,false,נייר פילטר SMK קטן,Unknown,,נייר smk קטן+פילטר,,0.00,,false,1,7.00,0.00,false,1,19336
8414775019365,false,נייר חום גדול+פילטר,Unknown,,נייר חום גדול+פילטר,,0.00,,false,1,9.00,0.00,true,1,19552
8414775019860,false,נייר פיור קטן,Unknown,,נייר פיור קטן,,0.00,,false,1,4.00,0.00,false,1,19337
8414775019945,false,נייר סמוקינג קטן אדו,סמוקינג,,נ.ג קטן בלי פילטר.,,0.00,,false,1,4.00,0.00,false,1,19338
8414775019969,false,נייר כסוף קטן,Unknown,,נייר כסוף קטן,,0.00,,false,1,4.00,0.00,false,1,19339
8414775020026,false,פילטר 6 ממ ארוך,Unknown,,פילטר 6 ממ ארוך,,0.00,,false,1,4.00,0.00,true,1,19340
8414775020040,false,פילטר 6 ממ,Unknown,,פילטר 6 ממ,,0.00,,false,1,4.00,0.00,true,1,19341
8423207206488,false,סלים דליס חטיף דגנים מצופה שוקולד חלב מרבה 6*20 גרם,אף.סי תבליני בגליל ב,,מ.מרבה שוקולד חלב,,120.00,100 גרם,false,1,14.90,12.42,true,1,16946
8423207206495,false,סלים דליס חטיף דגנים מצופה שוקולד מריר מרבה 6*20 גרם,אף.סי תבליני בגליל ב,,מרבה שוקולד מריר חדש,,120.00,100 גרם,false,1,14.90,12.42,true,1,17305
8423207207362,false,חטיפי סלים דליס שוקולד לבן מרבה 6 יחידות,ביסנצ'ורי אס.אל.יו,,מרבה שוקולד לבן חדש,,120.00,100 גרם,false,1,14.90,12.42,true,1,22036
8423371000202,false,מיקס בוטנים מלוחים SALYSOL,Unknown,,בוטנים מלוחים 150ג,,150.00,100 גרם,false,1,12.90,8.60,true,1,20241
8423371002312,false,בוטנים צילי סאליסול 150 גרם,סאליסול,,בוטנים צילי סאליסול,,150.00,100 גרם,false,1,12.90,8.60,true,1,22093
8423371002725,false,סאליסול- קוקטייל מיקס 100 גרם,גלוברנדס,,קוקטייל מיקס 100גר,,100.00,100 גרם,false,1,12.90,12.90,true,1,20242
8423371002749,false,סאליסול- בוטנים ושקדים מקורמלים 135 גרם,גלוברנדס,,בוטנים ושקדים מקורמל,,135.00,100 גרם,false,1,12.90,9.56,true,1,20243
8423371005085,false,סאליסול- מיקס פיקנטי 100 גרם,גלוברנדס,,מיקס פיקנטי 100גר,,100.00,100 גרם,false,1,12.90,12.90,true,1,20245
8423371007089,false,סאליסול- בוטנים מלוחים בדבש 150 גרם,גלוברנדס,,בוטנים מלוחים בדבש,,150.00,100 גרם,false,1,12.90,8.60,true,1,20246
8423371007492,false,גרעיני חמניה סאליסול 140 גרם,Unknown,,גרעיני חמניה סאליסול,,140.00,100 גרם,false,1,12.90,9.21,true,1,22094
8423371007577,false,פיסטוקים קלויים סאליסול 50 גר,Unknown,,פיסטוקים ק.סאליסול,,50.00,100 גרם,false,1,9.90,19.80,true,1,23261
8423371007584,false,אגוז קשיו קלויים סאליסול 50 גר,Unknown,,א.קשיו ק.סאליסול,,50.00,100 גרם,false,1,9.90,19.80,true,1,23262
8423371007591,false,שקדים קלויים סאליסול 50 גר,Unknown,,שקדים קלויים סאליסול,,50.00,100 גרם,false,1,9.90,19.80,true,1,23263
8423371007614,false,מיקס אגוזים חמוציות וצימוק סאליסול 50 גר,Unknown,,תערובת סאליסול,,50.00,100 גרם,false,1,9.90,19.80,true,1,23618
8606018615827,false,גלידת וניל עם שברי עוגיות אוראו 480 גרם,נגה גלידות שותפות מוגבלת,,פיינט אוראו,,480.00,100 גרם,false,1,19.00,3.96,true,1,22512
8606018615841,false,גלידה וניל עם ליבת שוקולד חלב מעולה 480 גרם,נגה גלידות שותפות מוגבלת,,פיינט מילקה וניל,,480.00,100 גרם,false,1,19.00,3.96,true,1,22513
8606018615865,false,פיינט מילקה קרמל ליבת שוקולד 480 גרם,נגה גלידות שותפות מוגבלת,,פיינט מילקה קרמל,,480.00,100 גרם,false,1,19.00,3.96,true,1,22514
8680976425469,false,כסא במאי,Unknown,,כסא במאי,,0.00,,false,1,59.00,0.00,false,1,18850
8683130012666,false,שלגון מגנום דאבל לבן עוגיות 72 גרם,"מיוצר ע""\י יונילוור סנאי",,מגנום דאבל ל.עוגיות,,74.00,100 גרם,false,1,12.50,16.89,true,1,22631
<<<<<<< HEAD
8683323063024,false,יוגטה שטיחים בטעם תותי פרוטי 220 גרם,ליימן מותגים,,יוגטה שטיחים תותי,,220.00,100 גרם,false,1,12.00,5.45,true,1,24115
8690120060170,false,וופל נאמבר וואן מצופ,טורקו,,נאמבר וואן קלאסי,,32.00,100 גרם,false,1,4.90,15.31,true,1,22632
8690120060408,false,וופלים אגוזי לוז רוי,קוניאק גדוה,,נאמבר וואן אנד מור,,32.00,100 גרם,false,1,4.90,15.31,true,1,22633
=======
8683323063024,false,יוגטה שטיחים בטעם תותי פרוטי 220 גרם,ליימן שליסל בע`מ,,יוגטה שטיחים תותי,,220.00,100 גרם,false,1,12.00,5.45,true,1,24115
8690120060170,false,וופל נאמבר 1 שוקולד חלב 35 גרם,רויאל קנדיס בעמ,,נאמבר וואן קלאסי,,32.00,100 גרם,false,1,4.90,15.31,true,1,22632
8690120060408,false,וופל נאמבר 1 שוקולד אגוזים 35 גרם,רויאל קנדיס בעמ,,נאמבר וואן אנד מור,,32.00,100 גרם,false,1,4.90,15.31,true,1,22633
>>>>>>> d048ac2f4f281c9d788043ab4e81b61b0dbe3743
8690637007705,false,מסטיגם וניל מסטיק על מקל ללא סוכר,"מיוצר ע""י יוניליוור",,מסטיגם וניל מסטיק,,81.00,100 גרם,false,1,8.90,10.99,true,1,18111
8690637555084,false,"מרכך כביסה מרוכז אקסטרה פריחת התפוז בדין 960 מ""ל",יוניליוור ישראל שיווק בע`מ,,בדין אקסטרה לבן,,960.00,"100 מ""ל",false,1,18.90,1.97,true,1,23976
8690637842382,false,מגנום דאבל פרי יער שטראוס 82 גר,"מיוצר ע""\י יונילוור סנאי",,מגנום דאבל פרי יער,,85.00,100 גרם,false,1,12.50,14.71,true,1,17126
8690637842399,false,מאגדת מגנום מיני דאבל פרי יער שוקולד 6 יח' נסטלה,יוניליוור סנאי וי סי,,מגנום מיני דאבלפ.יער,,379.20,100 גרם,false,1,36.00,9.49,true,1,19798
8690637871245,false,הלמנס מיונז אמיתי 395 גר' בקבוק לחיץ.,יוניליוור ישראל שיווק בע`מ,,הלמנס מיונז 395גר,,395.00,100 גרם,false,1,18.00,4.56,true,1,23638
8690637879395,false,מגנום דאבל פיסטוק 72 גרם,יוניליוור סנאי ןי טי,,מגנום דאבל פיסטוק,,72.00,100 גרם,false,1,12.50,17.36,true,1,18367
8690637890666,false,מאגדת מגנום מיני דאבל פיסטוק 6 יח' שטראוס,יוניליוור סנאיי וי ט,,מגנום דאבל פיסטוק 5י,,282.00,100 גרם,false,1,36.00,12.77,true,1,18368
8690637976995,false,"מרכך כביסה מרוכז אקסטרה ורוד סחלבים פראי בדין 960 מ""ל",יוניליוור ישראל שיווק בע`מ,,בדין מרכך אקסטרה,,960.00,"100 מ""ל",false,1,18.90,1.97,true,1,23635
8690637989612,false,שלגון שמנת בטעם וניל עם ריפל בטעם שוקולד 246 גרם,יונילוור סנאיי וי טיג'\,,מאגדת מגנום מיני,,246.00,100 גרם,false,1,36.00,14.63,true,1,21101
8690637989629,false,מגנום דאבל דולצ'ה גולד בטעם וניל עם ריפל בטעם שוקולד 246 גרם,יונילוור סנאיי וי טיג'\,,מגנום דולצה גולד,,63.00,100 גרם,false,1,12.50,19.84,true,1,21095
8690637997914,false,גלידת מגנום וניל שקדים בכוס אישית 76 גרם,יונילוור סנאיי וי טיג'\,,מגנום כ.וניל שקדים,,57.00,100 גרם,false,1,11.90,20.88,true,1,21550
8690637997921,false,גלידת שמנת וניל קלאסיק בכוס אישית 63 גרם,יונילוור סנאיי וי טיג'\,,מגנום בכוס וניל,,65.00,100 גרם,false,1,11.90,18.31,true,1,21551
8690766156367,false,טבלת שוקולד חלב מעולה 90 גר` גודייבה,תה ויסוצקי (ישראל) בעמ,,שוקולד חלב 90 ג,,90.00,100 גרם,false,1,17.90,19.89,true,1,23220
8690766156374,false,גודייבה שוקולד מריר מעולה 72% מוצקי קקאו 72גרם,תה ויסוצקי (ישראל) בעמ,,ש.מריר 72% קקאו,,90.00,100 גרם,false,1,17.90,19.89,true,1,23221
8690766156381,false,גודייבה שוקולד מריר 90% מוצקי קקאו 90 גרם,תה ויסוצקי (ישראל) בעמ,,ש.מריר 90% קקאו,,90.00,100 גרם,false,1,17.90,19.89,true,1,23222
8690766156398,false,"שוקולד חלב מעולה בתוספת שברי שקדים קלויים,דבש ומלח 90 גרם","אולקר מקבוצת פלאדיס, ציק",,ש.חלב עם שקדים,,90.00,100 גרם,false,1,17.90,19.89,true,1,23223
8690770322598,false,שמרים יבשים פוליבה הנמל 125 גרם,הנמל אריזות ושיווק (1984) בעמ,,שמרים יבשים 125 גר`,,125.00,100 גרם,false,1,7.00,5.60,true,1,18806
8697530910743,false,סיגריות פאל מאל כחול קצר מטאליק,גלוברנדס בעמ - שיווק סיגריות,,פאל מאל כחול קצר,,0.00,,false,1,30.50,0.00,false,1,5693
8697530910750,false,סיגריות פאל מאל כחול ארוך האוס,גלוברנדס בעמ - שיווק סיגריות,,פאל מאל כחול ארוך,,0.00,,false,1,30.50,0.00,false,1,5694
8697530910767,false,פאל מאל מנטול האוס חפיסה,גלוברנדס גרופ בעמ,,פאל מאל מנטול חפיסה,,0.00,,false,1,30.50,0.00,false,1,5705
8697530910781,false,סיגריות פאל מאל אדום מטאליק,גלוברנדס בעמ - שיווק סיגריות,,פאל מאל אדום חפיסה,,0.00,,false,1,30.50,0.00,false,1,5692
8697530910941,false,פאל מאל כחול קצר האוס עשירייה,גלוברנדס בעמ - שיווק סיגריות,,פאל מאל כחול קצר,,0.00,,false,1,297.00,0.00,false,1,5709
8697530910958,false,פאקט סיגריות כחול ארוך פאל מאל) (200,גלוברנדס בעמ - שיווק סיגריות,,פאקט פאל מאל כחול,,0.00,,false,1,297.00,0.00,false,1,5710
8697530910965,false,פאל מאל מנטול פאקט,Unknown,,פאל מאל מנטול פאקט,,0.00,,false,1,297.00,0.00,false,1,18539
8697530910989,false,פאל מאל אדום האוס עשירייה,גלוברנדס בעמ - שיווק סיגריות,,פאקט פאל מאל אדום,,0.00,,false,1,297.00,0.00,false,1,5708
8697530911276,false,סיגריות קנט קצר חפיס,גלוברנדס בעמ - שיווק סיגריות,,קנט קצר חפיסה,,0.00,,false,1,38.50,0.00,false,1,6390
8697530911313,false,קנט קצר פאקט 10*20יח,גלוברנדס בעמ - שיווק סיגריות,,קנט קצר פאקט,,0.00,,false,1,372.00,0.00,false,1,6391
8710103733805,false,מסנן אקווה קלין,Unknown,,מסנן אקווה קלין,,0.00,,false,1,99.00,0.00,false,1,20097
8710103818687,false,מסנן אקווה קלין-חדש,Unknown,,מסנן אקווה קלין-חדש,,0.00,,false,1,99.00,0.00,false,1,20997
8710151571343,false,סיגריות בלאק דוויל ש,אופניק,,בלק דוויל חפיסה,,0.00,,false,1,32.00,0.00,false,1,10715
8710151571350,false,בלאק דוויל שחור,Unknown,,בלאק דוויל שחור,,0.00,,false,1,310.00,0.00,false,1,22136
8710151571367,false,סיגריות בלאק דוויל א,אופניק,,בלאק דוויל אפור,,0.00,,false,1,32.00,0.00,false,1,22148
8710151571374,false,פאקט בלאק דוויל אפור,Unknown,,בלאק דוויל אפור,,0.00,,false,1,310.00,0.00,false,1,22149
8710502064814,false,עוגיות מרבה שוקולד ציפס במרקם רך 175 גר,בנקטבקריי מרבה בי.וי,,עוגיית מרבה 175 גר,,175.00,100 גרם,false,1,10.90,6.23,true,1,14173
8710502279010,false,מרבה עוגיות שוקולד צ'יפס מצופות שוקולד 175 גרם,"י.מרבה ישראל בע""מ",,ע.שוקולד ציפס מצופה,,175.00,100 גרם,false,1,10.90,6.23,true,1,20766
8710502470028,false,עוגיות שוקולד צ'יפס ממולאות בקרם נוגט,קריניציה ויטמינה אס,,מרבה נוגטלי 160גר,,160.00,100 גרם,false,1,10.90,6.81,true,1,11592
8711327475618,false,מגנום פיינט וניל קלאסיק 260 גר`,"מפעל גלידות בווספרם, רחו",,מגנום פיינט וניל 260,,260.00,100 גרם,false,1,19.90,7.65,true,1,20767
8711327475663,false,מגנום פיינט וניל שוקולד לבן 260 גרם,"מפעל גלידות בווספרם, רחו",,מגנום פיינט שוקו לבן,,260.00,100 גרם,false,1,19.90,7.65,true,1,20768
8711327475717,false,מגנום פיינט וניל שקדים 260 גרם,"מפעל גלידות בווספרם, רחו",,מגנום פיינט וניל שקד,,260.00,100 גרם,false,1,19.90,7.65,true,1,20769
8711327475762,false,מגנום פיינט שוקולד לבן עוגיות 260 גרם,"מפעל גלידות בווספרם, רחו",,פיינט ש.לבן עוגיות,,260.00,100 גרם,false,1,19.90,7.65,true,1,20770
8711500406071,false,נורה בליסטר 12V,Unknown,,נורה בליסטר 12V,,0.00,,false,1,35.00,0.00,true,1,15502
8711500474803,false,נורה בליסטר 12V H4,Unknown,,נורה בליסטר 12V H4,,0.00,,false,1,25.00,0.00,true,1,15503
8712000050146,false,"בירה היינקן 0% אלכוהול בקבוק 330 מ""ל","מבשלת היינקן, ריטבלד",,הייניקן 0% בקבוק 330,,330.00,"100 מ""ל",false,1,9.90,2.91,true,1,18601
8712000051099,false,"שישיית בירה היינקן 0% אלכוהל בקבוק 330 מ""ל","מבשלת היינקן, ריטבלדנברג",,הייניקן 0% 330 *6,,1.98,1 ליטר,false,1,26.90,12.68,true,1,23055
8712100859939,false,גלידת WICH בצקעוגיות,אווגה,,גלידת WICH בצקעוגיות,,72.00,100 גרם,false,1,12.80,17.78,true,1,15151
8714599513828,false,ג'ייקובס קרוננג מיובש בהקפאה 47.5 גרם צנצנת,דיפלומט מפיצים (1968) בעמ**,,קפה גייקובס 47.5 ג,,47.50,100 גרם,false,1,10.00,21.05,true,1,15063
8714599513866,false,"קפה נמס מיובש בהקפאה קרונג צנצנת ג'ייקובס 200 גרם לל""ס",דיפלומט מפיצים (1968) בעמ**,,גייקובס קרונינג 200,,200.00,100 גרם,false,1,29.90,14.95,true,1,22638
8714789177229,false,רבעיית מברשות שיניים קולגייט אקסטרה קלין 1 יחידה,הנסיך- מפעל לייצור ט,,קולגייט אקסטרה קלין,,4.00,יחידה,false,1,20.00,5.00,true,1,24021
8715144000923,false,קונוס 50 יחידות,Unknown,,קונוס 50 יחידות,,0.00,,false,1,33.00,0.00,false,1,19343
8715144001166,false,קונוס טילון שלישיה ק,Unknown,,קונוס 3 יח,,0.00,,false,1,6.00,0.00,true,1,19354
<<<<<<< HEAD
8715700110141,false,מיונז קרמי היינץ צנצנת 460ג',ה.י.היינץ הולדינג בי.וי,,מיונז היינץ 460 גרם,,767.00,100 גרם,false,1,13.00,1.69,true,1,23887
8715700419732,false,מתבל עגבניות היינץ 700 גרם,ה.י. היינץ,,קטשופ היינץ 700 גרם,,700.00,100 גרם,false,1,16.90,2.41,true,1,16933
8717163647202,false,"אקס דאודורנט ספריי גוף אנרכי 150 מ""ל",יוניליוור אנגליה,,אקס ספריי,,150.00,"100 מ""ל",false,1,19.90,13.27,true,1,20303
8717163647226,false,"אקס דאודורנט ספריי גוף בלאק 150 מ""ל",ארנסט. רחוב קומבינצק,,אקס ספריי גוף בלאק,,150.00,"100 מ""ל",false,1,19.90,13.27,true,1,18703
8717163647240,false,"אקס דאודורנט ספריי גוף לגבר שוקולד 150 מ""ל",יוניליוור גרמניה (בו,,אקס ספריי גוף שוקולד,,150.00,"100 מ""ל",false,1,19.90,13.27,true,1,19930
8717163647257,false,"אקס דאודורנט ספריי גוף גולד 150 מ""ל",יוניליוור אנגליה,,א.ספרי גוף גולד-חדש,,150.00,"100 מ""ל",false,1,19.90,13.27,true,1,18971
8717163647264,false,"אקס דאודורנט ספריי גוף אייס צ'יל 150 מ""ל",יוניליוור אנגליה,,אקס ספריי,,150.00,"100 מ""ל",false,1,19.90,13.27,true,1,23415
8717163647301,false,אקס דאודורנט ספריי גולד לגבר 150 מל,יוניליוור אנגליה,,אקס ספריי,,150.00,"100 מ""ל",false,1,19.90,13.27,true,1,20304
=======
8715700110141,false,מיונז קרמי היינץ צנצנת 460ג',דיפלומט מפיצים (1968) בעמ**,,מיונז היינץ 460 גרם,,767.00,100 גרם,false,1,13.00,1.69,true,1,23887
8715700419732,false,מתבל עגבניות היינץ (700 גרם),דיפלומט מפיצים (1968) בעמ**,,קטשופ היינץ 700 גרם,,700.00,100 גרם,false,1,16.90,2.41,true,1,16933
8717163647202,false,"אקס דאודורנט ספריי גוף אנרכי 150 מ""ל","יוניליוור ישראל שיווק בע""מ",,אקס ספריי,,150.00,"100 מ""ל",false,1,19.90,13.27,true,1,20303
8717163647226,false,"אקס דאודורנט ספריי גוף בלאק 150 מ""ל",יוניליוור ישראל שיווק בע`מ,,אקס ספריי גוף בלאק,,150.00,"100 מ""ל",false,1,19.90,13.27,true,1,18703
8717163647240,false,"אקס דאודורנט ספריי גוף לגבר שוקולד 150 מ""ל",יוניליוור ישראל שיווק בע`מ,,אקס ספריי גוף שוקולד,,150.00,"100 מ""ל",false,1,19.90,13.27,true,1,19930
8717163647257,false,"אקס דאודורנט ספריי גוף גולד 150 מ""ל",יוניליוור ישראל שיווק בע`מ,,א.ספרי גוף גולד-חדש,,150.00,"100 מ""ל",false,1,19.90,13.27,true,1,18971
8717163647264,false,"אקס דאודורנט ספריי גוף אייס צ'יל 150 מ""ל",יוניליוור ישראל שיווק בע`מ,,אקס ספריי,,150.00,"100 מ""ל",false,1,19.90,13.27,true,1,23415
8717163647301,false,אקס דאודורנט ספריי גולד לגבר 150 מל,"יוניליוור ישראל שיווק בע""מ",,אקס ספריי,,150.00,"100 מ""ל",false,1,19.90,13.27,true,1,20304
>>>>>>> d048ac2f4f281c9d788043ab4e81b61b0dbe3743
8717163647318,false,אקס דאודורנט ספריי אורבן לגבר 150 מל,יוניליוור אנגליה,,אקס ספריי,,150.00,"100 מ""ל",false,1,19.90,13.27,true,1,20305
8717677336593,false,טוניס שוקולד חלב 180 גרם רבנות - נוכרי,ליימן שליסל בע`מ,,שוקולד חלב 180ג,,180.00,100 גרם,false,1,19.90,11.06,true,1,22535
8717677336616,false,שוקולד מריר עם שקדים ומלח טוניס' שוקולונלי 180 גרם,ליימן שליסל בע`מ,,ש.מריר שקדים מלח,,180.00,100 גרם,false,1,19.90,11.06,true,1,22536
8717677336630,false,שוקולד חלב עם שקדים ודבש טוניס' שוקולונלי 180 גרם,ליימן שליסל בע`מ,,שוקולד חלב שקדים דבש,,180.00,100 גרם,false,1,19.90,11.06,true,1,22537
8717677336654,false,טוניס - שוקולד חלב מעולה עם שברי קרמל מלוח,ליימן שליסל בע`מ,,טוניס קרמל מלוח,,180.00,100 גרם,false,1,19.90,11.06,true,1,23737
8717677336661,false,טוניס שוקולד מריר מעולה 70% 180 גרם רבנות - נוכרי,ליימן שליסל בע`מ,,שוקולד מריר 70% 180ג,,180.00,100 גרם,false,1,19.90,11.06,true,1,22538
8717677338436,false,שוקולד חלב עם אגוזי לוז טוניס' שוקולונלי 180 גרם,ליימן שליסל בע`מ,,שוקולד חלב אגוזי לוז,,180.00,100 גרם,false,1,19.90,11.06,true,1,22539
8718951236790,false,"קולגייט טוטאל משחת שיניים קלין מינט לפה בריא 100 מ""ל",קולגייט פלמוליב,,קולגייט טוטאל 100מל,,100.00,"100 מ""ל",false,1,25.00,25.00,true,1,24116
8718951236806,false,"קולגייט טוטאל הלבנה משחת שיניים המסייעת בהסרת כתמים 100 מ""ל",ש. שסטוביץ בע`מ,,קולגייט להלבנה 100מל,,100.00,"100 מ""ל",false,1,25.00,25.00,true,1,24117
8718951273610,false,פלאקס מי פה 100 מל כחול מנטה לרעננות מוג,שסטוביץ,,פלאקס מי פה 100מל,,100.00,"100 מ""ל",false,1,8.00,8.00,true,1,20951
<<<<<<< HEAD
8720181043093,false,"דאו אקס ספריי גוף לגבר אפולו 150 מ""ל","יוניליוור אנגליה, דרך קו",,אקס ספריי גוף,,150.00,"100 מ""ל",false,1,19.90,13.27,true,1,23416
8720181045639,false,"דאב דאו ספריי א.פ טלק סופט 150 מ""ל","יוניליוור אנגליה, דרך קו",,דאב ס.טלק סופט,,150.00,"100 מ""ל",false,1,26.00,17.33,true,1,23643
8720181045912,false,"אקס דאודורנט ספריי גוף אפריקה 150 מ""ל","יוניליוור אנגליה, דרך קו",,אקס דאו ספריי,,150.00,"100 מ""ל",false,1,19.90,13.27,true,1,23641
8720181046605,false,דאב - דאודורנט ספריי לאישה אורגינל כחול 150מל,"יוניליוור אנגליה, דרך קו",,דאב דאודורנט ספריי,,150.00,"100 מ""ל",false,1,17.00,11.33,false,1,20472
8723400782520,false,מנטוס סוכריות לעיסה בתפזורת בטעם פירות 160 ג',פרפטי ואן מלה,,מנטוס פירות -בשקית,,160.00,100 גרם,false,1,14.90,9.31,true,1,17413
8723400782544,false,מנטוס סוכריות לעיסה בתפזורת בטעם מנטה 160 ג',פרפטי ואן מלה,,מנטוס מנטה בשקית,,160.00,100 גרם,false,1,14.90,9.31,true,1,17414
=======
8720181043093,false,"דאו אקס ספריי גוף לגבר אפולו 150 מ""ל",יוניליוור ישראל שיווק בע`מ,,אקס ספריי גוף,,150.00,"100 מ""ל",false,1,19.90,13.27,true,1,23416
8720181045639,false,"דאב דאו ספריי א.פ טלק סופט 150 מ""ל",יוניליוור ישראל שיווק בעמ,,דאב ס.טלק סופט,,150.00,"100 מ""ל",false,1,26.00,17.33,true,1,23643
8720181045912,false,"אקס דאודורנט ספריי גוף אפריקה 150 מ""ל",יוניליוור ישראל שיווק בע`מ,,אקס דאו ספריי,,150.00,"100 מ""ל",false,1,19.90,13.27,true,1,23641
8720181046605,false,דאב - דאודורנט ספריי לאישה אורגינל כחול 150מל,יוניליוור ישראל שיווק בע`מ,,דאב דאודורנט ספריי,,150.00,"100 מ""ל",false,1,17.00,11.33,false,1,20472
8723400782520,false,מנטוס סוכריות לעיסה בתפזורת בטעם פירות 160 ג',ליימן שליסל בעמ,,מנטוס פירות -בשקית,,160.00,100 גרם,false,1,14.90,9.31,true,1,17413
8723400782544,false,מנטוס סוכריות לעיסה בתפזורת בטעם מנטה 160 ג',ליימן שליסל בע`מ,,מנטוס מנטה בשקית,,160.00,100 גרם,false,1,14.90,9.31,true,1,17414
>>>>>>> d048ac2f4f281c9d788043ab4e81b61b0dbe3743
8723900935839,false,פאל מאל אדום טבק חפיסה 30 גר,Unknown,,פאל מאל אדום טבק,,0.00,,false,1,64.00,0.00,false,1,17680
8723900935860,false,פאל מאל כחול טבק חפיסה 30 גר,Unknown,,פאל מאל כחול טבק,,0.00,,false,1,64.00,0.00,false,1,17681
8806092885967,false,סמארטפון A03 G128,Unknown,,סמארטפון A03 G128,,0.00,,false,1,669.00,0.00,false,1,23586
8850161160851,false,"קוקו מקס 100% מי קוקוס 350 מ""ל",טויו סייקאן קו.אל.טי.די,,מי קוקוס קוקו מקס,,350.00,"100 מ""ל",false,1,9.00,2.49,true,1,18606
8850161167041,false,"קוקו וואי משקה קוקוס 270 מ""ל",טויו טייקאן קו.אל.טי.די,,חלק קוקוס קוקו וואי,,270.00,"100 מ""ל",false,1,9.00,3.22,true,1,18607
8850389103111,false,סאפי משקה אלוורה בטעם ענבים 300מל,פארייפאבה אגרואינדוס,,סאפי אלוורה ענבים,,300.00,"100 מ""ל",false,1,11.50,3.73,true,1,5547
8850389103128,false,"משקה קל סאפה בטעם תפוח 300 מ""ל",פארייפאבה אגרואינדוס,,סאפי אלוו.תפוח300מל,,300.00,"100 מ""ל",false,1,11.50,3.73,true,1,5546
8850389103159,false,"משקה ליצ'י עם חתיכות גלי קוקוס 320 מ""ל מוגו מוגו",סאפה פובליק קומפני לימיט,,מוגו מוגו ליצי,,320.00,"100 מ""ל",false,1,10.90,3.31,true,1,21916
8850389104637,false,"משקה קל סאפה אלוורה אפרסק 300 מ""ל",פארייפאבה אגרואינדוס,,סאפי אפרסק 300 מל,,300.00,"100 מ""ל",false,1,11.50,3.73,true,1,8364
8850389105825,false,משקה אלוורה בטעם ענבים סאפה 1 ליטר,סאפה פובליק קומפני לימיט,,סאפי אלוורה ענבים 1ל,,1.00,1 ליטר,false,1,17.90,17.60,true,1,9999
8850389105832,false,סאפה משקה אלוורה בטעם תפוח עם קוביות אלוורה 1 ליטר,סאפה פובליק קומפני לימיט,,סאפי תפוח 1ל,,1.00,1 ליטר,false,1,17.90,17.60,true,1,10281
8850389105849,false,סאפה משקה אלוורה מופחת קלוריות בטעם אפרסק 1 ליטר,סאפה פובליק קומפני לימיט,,סאפי אפרסק 1ל,,1.00,1 ליטר,false,1,17.90,17.60,true,1,10745
8850389111352,false,"משקה מלון עם חתיכות גלי קוקוס 320 מ""ל מוגו מוגו",סאפה פובליק קומפני לימיט,,מוגו מוגו מלון,,320.00,"100 מ""ל",false,1,10.90,3.31,true,1,21917
8850389115312,false,"סאפה אלוורה מלון בקבוק 300 מ""ל",סאפה פובליק קומפני ל,,סאפי מלון 300מל,,300.00,"100 מ""ל",false,1,11.50,3.73,true,1,17199
8850632604259,false,"יוגטה, חיספוסים, ממתק חמוץ בצורת מקלות בטעם תות שדה,50 גרם",ליימן שליסל בע`מ,,חספוסים 50 ג תות,,50.00,100 גרם,false,1,6.50,13.00,true,1,8915
8850632604266,false,"יוגטה, ממתק חמוץ בצורת מקלות בטעם קולה, 50 גרם",ליימן שליסל בע`מ,,חספוסים 50 ג קולה,,50.00,100 גרם,false,1,6.50,13.00,true,1,8898
8850632604372,false,"יוגטה, חיספוסים בצורת שטיח בטעם תות שדה 50 גרם",ליימן שליסל בע`מ,,חספוסים 50 ג ש.תות,,50.00,100 גרם,false,1,6.50,13.00,true,1,8899
8850632604402,false,יוגטה חיספוסים בטעם מעורב תות שדה אבטיח ענבים בננה 50 גרם,ליימן שליסל בע`מ,,חספוסים 50 ג ש.מעורב,,50.00,100 גרם,false,1,6.50,13.00,true,1,10182
8850632605201,false,"יוגטה, חיספוסים, ממתק חמוץ בצורת שטיח, בטעם מעורב- תות בננה, תפוח, תפוז, 50 גרם",הדקלאים אגודת שיתופי,,חספוסים 50 ג שטיח,,50.00,100 גרם,false,1,6.50,13.00,true,1,10181
8850632606390,false,"יוגטה, חיספוסים, ממתק חמוץ בצורת שטיח בטעם אבטיח, 50 גרם",ליימן שליסל בע`מ,,חספוסים 50 ג יוגטה,,50.00,100 גרם,false,1,6.50,13.00,true,1,20268
9002490100490,false,"משקה אנרגיה רד בול מארז רביעייה*250 מ""ל",דיפלומט מפיצים (1968) בעמ**,,רביעיית רד בול,,1.00,1 ליטר,false,1,39.90,38.70,true,1,4118
9044400841000,false,בובת פז Pez + שלוש יחידות סוכריות למילוי,ר.ב. מוצרי דגנים בעמ,,פז דמויות מותגים,,25.50,100 גרם,false,1,13.90,54.51,true,1,4485
9044400851672,false,סוכריות פז סוגים שונים + 3 מילויים,ר.ב. מוצרי דגנים בעמ,,בובת פז מחסנית מילוי,,25.50,100 גרם,false,1,13.90,54.51,true,1,22833
9310072028743,false,טים טם ביסקוויט במילוי שוקולד 200 גרם,"ארנוטס ביסקוויטס בע""",,טים טם אורגינל,,200.00,100 גרם,false,1,24.00,12.00,true,1,14918
9310072028750,false,חטיף שוקולד דאבל קרם טים טם (200 גרם),"ארנוטס ביסקוויטס בע""",,טים טם דאבל 200,,200.00,100 גרם,false,1,24.00,12.00,true,1,14749
9999910099941,false,אריזה ריקה שקית ניל,Unknown,,אריזה ריקה שקית ניל,,0.00,,false,1,0.00,0.00,true,1,225
9999920006722,false,החזרת פיקדון 30אג,Unknown,,החזרת פיקדון 30אג,,0.00,,false,1,0.30,0.00,false,1,2714
9999920011785,false,קרמבו וניל-בודד,Unknown,,קרמבו וניל-בודד,,29.00,100 גרם,false,1,3.50,12.07,true,1,3524
9999920011786,false,קרמבו מוקה-בודד,Unknown,,קרמבו מוקה-בודד,,29.00,100 גרם,false,1,3.50,12.07,true,1,3525
9999921008252,false,החזרת פיקדון 1.20שח,Unknown,,החזרת פיקדון 1.20שח,,0.00,,false,1,1.20,0.00,false,1,7878
9999921009332,false,גביניות צימוק בודד,Unknown,,גביניות צימוק בודד,,0.00,,false,1,3.50,0.00,true,1,8299
9999921009335,false,מאפה מתוק במשקל,Unknown,,מאפה מתוק במשקל,קילוגרמים,1.00,"ק""ג",true,1,42.00,0.00,true,1,17873
9999921010221,false,קרואסון שוקולד פרווה,Unknown,,קרואסון שוקולד פרווה,,0.00,,false,1,11.00,0.00,true,1,9530
9999921010222,false,בורקס גבינה גדול,Unknown,,בורקס גבינה גדול,,0.00,,false,1,11.00,0.00,true,1,9531
9999921010223,false,פילס פיצה גדול,Unknown,,פילס פיצה גדול,,0.00,,false,1,11.00,0.00,true,1,9532
9999921010224,false,בורקס תפוא גדול,Unknown,,בורקס תפוא גדול,,0.00,,false,1,11.00,0.00,true,1,9533
9999921010226,false,פילס גבינה גדול,Unknown,,פילס גבינה גדול,,0.00,,false,1,11.00,0.00,true,1,9535
9999921010227,false,קרואסון חמאה גדול,Unknown,,קרואסון חמאה גדול,,0.00,,false,1,11.00,0.00,true,1,9536
9999921010228,false,בונזור ע.גבינה גדול,Unknown,,בונזור ע.גבינה גדול,,0.00,,false,1,11.00,0.00,true,1,9537
9999921010270,false,ביס חמאה בודד-חדש,Unknown,,ביס חמאה בודד-חדש,,0.00,,false,1,3.50,0.00,true,1,9541
9999921010271,false,ביס שוקולד בודד-חדש,Unknown,,ביס שוקולד בודד-חדש,,0.00,,false,1,3.50,0.00,true,1,9542
9999921010272,false,ביס רוגעלך בודד-חדש,Unknown,,ביס רוגעלך בודד-חדש,,0.00,,false,1,3.50,0.00,true,1,9543
9999921010273,false,בורקס גבינה בודד-חדש,Unknown,,בורקס גבינה בודד-חדש,,0.00,,false,1,3.50,0.00,true,1,9544
9999921010274,false,בורקס תפוא בודד-חדש,Unknown,,בורקס תפוא בודד-חדש,,0.00,,false,1,3.50,0.00,true,1,9545
9999921010616,false,קרואסון חמאה למכירה,Unknown,,קרואסון חמאה למכירה,,0.00,,false,1,11.00,0.00,true,1,9564
9999921010617,false,קרואסון שוקולד-מכירה,Unknown,,קרואסון שוקולד-מכירה,,0.00,,false,1,11.00,0.00,true,1,9565
9999921010618,false,קרואסון שקדים-מכירה,Unknown,,קרואסון שקדים-מכירה,,0.00,,false,1,12.00,0.00,true,1,9566
9999921013509,false,קרואסון שוקולד א.ק,Unknown,,קרואסון שוקולד א.ק,,0.00,,false,1,11.00,0.00,true,1,20006
9999921014331,false,פוקצה עשבי תיבול,Unknown,,פוקצה עשבי תיבול,,0.00,,false,1,11.00,0.00,false,1,17879
9999921014341,false,פוקצה רוטב פיצה,Unknown,,פוקצה רוטב פיצה,,0.00,,false,1,11.00,0.00,false,1,11529
9999921014342,false,פוקצה בצל ופטריות,Unknown,,פוקצה בצל ופטריות,,0.00,,false,1,11.00,0.00,false,1,17880
9999921014343,false,פוקצה עגבניות שום,Unknown,,פוקצה עגבניות שום,,0.00,,false,1,11.00,0.00,true,1,17881
9999921014347,false,פוקצה עשבי תיבול מש,Unknown,,פוקצה עשבי תיבול מש,,0.00,,false,1,17.00,0.00,false,1,17882
9999921014348,false,פוקצה רוטב פיצה משפ,Unknown,,פוקצה רוטב פיצה משפ,,0.00,,false,1,17.00,0.00,false,1,17883
9999921014349,false,פוקצה בצל ופטר מש,Unknown,,פוקצה בצל ופטר מש,,0.00,,false,1,17.00,0.00,false,1,17884
9999921014360,false,פוקצה עגבניות משפחת,Unknown,,פוקצה עגבניות משפחת,,0.00,,false,1,17.00,0.00,false,1,17885
9999921014522,false,פוקצה זעתר,Unknown,,פוקצה זעתר,,0.00,,false,1,11.00,0.00,false,1,11532
9999921015200,false,מאפים מלוחים במשקל,Unknown,,מאפים מלוחים במשקל,קילוגרמים,1.00,"ק""ג",true,1,42.00,0.00,true,1,17892
9999921016010,false,FREEZ קפה,Unknown,,FREEZ קפה,,0.00,,false,1,15.00,0.00,true,1,12434
9999921016105,false,שנק קינמון חלבי-מכר,Unknown,,שנק קינמון חלבי-מכר,,0.00,,false,1,11.00,0.00,true,1,12228
9999921019057,false,בורקס פילו במשקל,Unknown,,בורקס פילו במשקל,קילוגרמים,1.00,"ק""ג",true,1,59.90,0.00,true,1,17915
9999921019060,false,קפה קר,Unknown,,קפה קר,,0.00,,false,1,12.00,0.00,true,1,13066
9999921019477,false,בונזור מקלות חמאה,Unknown,,בונזור מקלות חמאה,,0.00,,false,1,6.00,0.00,true,1,13352
9999921019575,false,פיצה זיתים הכנה עצמי,Unknown,,פיצה זיתים הכנה עצמי,,0.00,,false,1,16.00,0.00,true,1,17923
9999921019576,false,פיצה בצל ופטריות,Unknown,,פיצה בצל ופטריות,,0.00,,false,1,16.00,0.00,true,1,17924
9999921019577,false,פיצה עגבניות בצל,Unknown,,פיצה עגבניות בצל,,0.00,,false,1,16.00,0.00,true,1,17925
9999921023437,false,שנק פיצה ביס,Unknown,,שנק פיצה ביס,,0.00,,false,1,3.50,0.00,true,1,14982
9999921023439,false,ביס נוגט בונזור,Unknown,,ביס נוגט בונזור,,0.00,,false,1,3.50,0.00,true,1,14984
9999921023450,false,ביס חלבה בונזור,Unknown,,ביס חלבה בונזור,,0.00,,false,1,3.50,0.00,true,1,14985
9999921023451,false,בורקיטס-בודד למכירה,Unknown,,בורקיטס-בודד למכירה,,0.00,,false,1,3.50,0.00,true,1,14986
9999921024961,false,קפוצינו רגיל תחליף,Unknown,,קפוצינו רגיל תחליף,,0.00,,false,1,13.00,0.00,true,1,15317
9999921024962,false,קפוצינו רגיל תחליף,Unknown,,קפוצינו רגיל תחליף,,0.00,,false,1,13.00,0.00,true,1,15318
9999921024963,false,קפוצינו ג.רגיל תחליף,Unknown,,קפוצינו ג.רגיל תחליף,,0.00,,false,1,15.00,0.00,true,1,15319
9999921024964,false,קפוצינו ג.נטולתחליף,Unknown,,קפוצינו ג.נטולתחליף,,0.00,,false,1,15.00,0.00,true,1,15320
9999921024965,false,לאטה רגיל תחליף,Unknown,,לאטה רגיל תחליף,,0.00,,false,1,14.00,0.00,true,1,15321
9999921024966,false,לאטה גדול תחליף,Unknown,,לאטה גדול תחליף,,0.00,,false,1,16.00,0.00,true,1,15322
9999921024967,false,נס קפה רגיל תחליף,Unknown,,נס קפה רגיל תחליף,,0.00,,false,1,10.00,0.00,true,1,15323
9999921024968,false,נס קפה גדול תחליף,Unknown,,נס קפה גדול תחליף,,0.00,,false,1,12.00,0.00,true,1,15324
9999921024969,false,נס ע.חלב קטן תחליף,Unknown,,נס ע.חלב קטן תחליף,,0.00,,false,1,11.00,0.00,true,1,15325
9999921024970,false,נס ע.חלב גדול תחליף,Unknown,,נס ע.חלב גדול תחליף,,0.00,,false,1,13.00,0.00,true,1,15326
9999921024972,false,שוקו חם-תחליף,Unknown,,שוקו חם-תחליף,,0.00,,false,1,13.00,0.00,true,1,15314
9999921024973,false,לאטה נ.רגיל תחליף,Unknown,,לאטה נ.רגיל תחליף,,0.00,,false,1,14.00,0.00,true,1,15315
9999921024974,false,לאטה נ.גדול תחליף,Unknown,,לאטה נ.גדול תחליף,,0.00,,false,1,16.00,0.00,true,1,15316
9999921025462,false,עוגת גבינה א.ק-מכירה,Unknown,,עוגת גבינה א.ק-מכירה,,0.00,,false,1,11.00,0.00,true,1,15433
9999921025465,false,קרואסון שקדים א.ק-מכ,Unknown,,קרואסון שקדים א.ק-מכ,,0.00,,false,1,11.00,0.00,true,1,15449
9999921025466,false,ק.שוקולד א.ק- למכירה,Unknown,,ק.שוקולד א.ק- למכירה,,0.00,,false,1,11.00,0.00,true,1,15436
9999921027072,false,פיצה בונזור תירס,Unknown,,פיצה בונזור תירס,,0.00,,false,1,11.00,0.00,true,1,17938
9999921027073,false,פיצה בונזור זיתים,Unknown,,פיצה בונזור זיתים,,0.00,,false,1,11.00,0.00,true,1,17939
9999921027074,false,פיצה בונזור מרגריטה,Unknown,,פיצה בונזור מרגריטה,,0.00,,false,1,11.00,0.00,true,1,17940
9999921028632,false,מקלות אפויים,Unknown,,מקלות אפויים,,0.00,,false,1,4.50,0.00,false,1,17941
9999921029271,false,סמבוסק,Unknown,,סמבוסק,,0.00,,false,1,11.00,0.00,true,1,17942
9999921029329,false,בייגל שומשום,Unknown,,בייגל שומשום,,0.00,,false,1,5.50,0.00,true,1,22837
9999921029660,false,כדור שוקולד,Unknown,,כדור שוקולד,,0.00,,false,1,3.00,0.00,true,1,17943
9999921029872,false,כדוריות שום-שמיר,Unknown,,כדוריות שום-שמיר,קילוגרמים,1.00,"ק""ג",true,1,50.00,0.00,true,1,22839
9999921030427,false,פוקצה פיצה אישית,Unknown,,פוקצה פיצה אישית,,0.00,,false,1,11.00,0.00,false,1,22840
9999921033561,false,קרואסון ביס פינוקים,Unknown,,קרואסון ביס פינוקים,,0.00,,false,1,6.00,0.00,true,1,22841
9999921033563,false,מיני פוקצה ש.זיתים,Unknown,,מיני פוקצה ש.זיתים,,0.00,,false,1,7.00,0.00,true,1,22842
9999921033565,false,מיני פוקצה בצל,Unknown,,מיני פוקצה בצל,,0.00,,false,1,7.00,0.00,true,1,22843
9999921033566,false,מיני פוקצה פלפלים,Unknown,,מיני פוקצה פלפלים,,0.00,,false,1,7.00,0.00,true,1,22844
9999921033567,false,פוקצה גבינה ושום,Unknown,,פוקצה גבינה ושום,,0.00,,false,1,11.00,0.00,true,1,22845
9999921035515,false,ב.קוראסון ש.חלבי,Unknown,,ב.קוראסון ש.חלבי,,0.00,,false,1,11.00,0.00,true,1,18541
9999921037173,false,מקלות פילו גבינה מכר,Unknown,,מקלות פילו גבינה מכר,,90.00,יחידה,false,1,11.00,0.12,true,1,19041
9999921037330,false,מ.פילו פיצה-למכירה,Unknown,,מ.פילו פיצה-למכירה,,90.00,יחידה,false,1,11.00,0.12,true,1,19369
9999921037331,false,מ.פילו תפוחעץ למכירה,Unknown,,מ.פילו תפוחעץ למכירה,,90.00,יחידה,false,1,11.00,0.12,true,1,19370
9999921037367,false,ע.קוקיס ציפס למכירה,Unknown,,ע.קוקיס ציפס למכירה,קילוגרמים,1.00,"ק""ג",true,1,55.00,0.00,true,1,19371
9999921038213,false,מסכה בודדת KN95,Unknown,,מסכה בודדת KN95,,1.00,יחידה,false,1,7.00,7.00,true,1,19850
9999921038445,false,מסכה כירורגית 1יח,Unknown,,מסכה כירורגית 1יח,,1.00,יחידה,false,1,1.00,1.00,false,1,20101
9999921038739,false,מיני סופגניה משודרגת,Unknown,,מיני סופגניה משודרגת,,45.00,100 גרם,false,1,8.00,17.78,false,1,20407
9999921039383,false,אוזני המן במשקל,Unknown,,אוזני המן במשקל,קילוגרמים,1.00,"ק""ג",true,1,60.00,0.00,true,1,20634
9999921039385,false,אוזני המן - בודד,Unknown,,אוזני המן - בודד,,0.00,,false,1,4.00,0.00,true,1,20636
9999921039810,false,מארז 100שח,Unknown,,מארז 100שח,,0.00,,false,1,100.00,0.00,false,1,20839
9999921039811,false,מארז 150 שח,Unknown,,מארז 150 שח,,0.00,,false,1,150.00,0.00,false,1,20840
9999921039812,false,מארז 200 שח,Unknown,,מארז 200 שח,,0.00,,false,1,200.00,0.00,false,1,20841
9999921039813,false,מארז 250שח,Unknown,,מארז 250שח,,0.00,,false,1,250.00,0.00,false,1,20842
9999921039900,false,מארז 300שח,Unknown,,מארז 300שח,,0.00,,false,1,300.00,0.00,false,1,20860
9999921039925,false,מוצרי פסח 5 שח,Unknown,,מוצרי פסח 5 שח,,0.00,,false,1,5.00,0.00,false,1,20961
9999921039933,false,בקלוואה בטעמים בודד,Unknown,,בקלוואה בטעמים בודד,,0.00,,false,1,3.00,0.00,false,1,20963
9999921040215,false,עוגיות כשלפ 4 ב 10,Unknown,,עוגיות כשלפ 4 ב 10,,4.00,יחידה,false,1,10.00,2.50,false,1,21049
9999921040646,false,אייס פסיפלורה,Unknown,,אייס פסיפלורה,,0.00,,false,1,14.00,0.00,true,1,21256
9999921040721,false,מאפה תפוא א.ק-מכירה,Unknown,,מאפה תפוא א.ק-מכירה,,0.00,,false,1,11.00,0.00,true,1,21487
9999921040722,false,מאפה גבינה א.ק-מכירה,Unknown,,מאפה גבינה א.ק-מכירה,,0.00,,false,1,11.00,0.00,true,1,21488
9999921040984,false,קוקיס בודד שוקו,Unknown,,קוקיס בודד שוקו,,0.00,,false,1,5.00,0.00,true,1,21514
9999921040986,false,קוקיס בודד ש.ציפס,Unknown,,קוקיס בודד ש.ציפס,,0.00,,false,1,5.00,0.00,true,1,21515
9999921040989,false,ק. בודד ש.ציפס נוגט,Unknown,,ק. בודד ש.ציפס נוגט,,0.00,,false,1,5.00,0.00,true,1,21516
9999921040991,false,קוקיס בודד עם ביגלה,Unknown,,קוקיס בודד עם ביגלה,,0.00,,false,1,5.00,0.00,true,1,21517
9999921041389,false,ב.לרכב ניו קאר 35מל,Unknown,,ב.לרכב ניו קאר 35מל,,12.00,יחידה,false,1,14.90,1.24,true,1,21761
9999921041398,false,ק.חמאה אישי א.ק.למכי,Unknown,,ק.חמאה אישי א.ק.למכי,,0.00,,false,1,11.00,0.00,true,1,21767
9999921041434,false,קרמבו למכירה בודד,Unknown,,קרמבו למכירה בודד,,29.00,100 גרם,false,1,3.90,13.45,true,1,21804
9999921041564,false,החזר פקדון 1.5 ל,Unknown,,החזר פקדון 1.5 ל,,0.00,,false,1,0.00,0.00,false,1,21881
9999921042292,false,מארז 50 שח,Unknown,,מארז 50 שח,,0.00,,false,1,50.00,0.00,false,1,22292
9999921042365,false,קרואסון פינוקים משוד,Unknown,,קרואסון פינוקים משוד,,0.00,,false,1,20.00,0.00,true,1,22294
9999921042498,false,גוסי בננה מלון תמר,Unknown,,גוסי בננה מלון תמר,,0.00,,false,1,20.00,0.00,true,1,23041
9999921042504,false,גוסי אננס ומנגו,Unknown,,גוסי אננס ומנגו,,0.00,,false,1,20.00,0.00,true,1,23042
9999921042505,false,גוסי תמר ואוכמניות,Unknown,,גוסי תמר ואוכמניות,,0.00,,false,1,20.00,0.00,true,1,23043
9999921043207,false,פולי לוואצה פיו מתנה,Unknown,,פולי לוואצה פיו מתנה,,1.00,יחידה,false,1,89.00,89.00,false,1,22403
9999921043208,false,פ.לוואצה מ.פיאנו גוס,Unknown,,פ.לוואצה מ.פיאנו גוס,,1.00,יחידה,false,1,69.00,69.00,false,1,22404
9999921043401,false,מארז לחג 50 שח,Unknown,,מארז לחג 50 שח,,0.00,,false,1,50.00,0.00,false,1,22521
9999921043419,false,מארז פורים דניאל,Unknown,,מארז פורים דניאל,,1.00,יחידה,false,1,149.00,149.00,false,1,22529
9999921043425,false,לחמניה פסח בודדת,Unknown,,לחמניה פסח בודדת,,1.00,יחידה,false,1,6.00,6.00,false,1,22649
9999921043492,false,מצות 500 גרם,Unknown,,מצות 500 גרם,,1.00,יחידה,false,1,9.90,9.90,false,1,22545
9999921043493,false,מארז לחג 350 שח,Unknown,,מארז לחג 350 שח,,0.00,,false,1,350.00,0.00,false,1,22546
9999921043531,false,ת.קינואה עם עגבניות,Unknown,,ת.קינואה עם עגבניות,,0.00,,false,1,9.90,0.00,true,1,22591
9999921043532,false,ת.קינואה זוקיני ובצל,Unknown,,ת.קינואה זוקיני ובצל,,0.00,,false,1,9.90,0.00,true,1,22592
9999921043534,false,ת.קינואה חציל זוקיני,Unknown,,ת.קינואה חציל זוקיני,,0.00,,false,1,9.90,0.00,true,1,22593
9999921043560,false,קונוס אחסון PUFFIZ,Unknown,,קונוס אחסון PUFFIZ,,0.00,,false,1,5.00,0.00,true,1,22742
9999921044690,false,מארז 75 שח,Unknown,,מארז 75 שח,,0.00,,false,1,75.00,0.00,false,1,23677
9999921044889,false,מגש 24יח XLב89.90,Unknown,,מגש 24יח XLב89.90,,250.00,"100 מ""ל",false,1,89.90,35.96,true,1,23903
9999921044902,false,מגש 24יח XLב89.90,Unknown,,מגש 24יח XLב89.90,,250.00,"100 מ""ל",false,1,89.90,35.96,false,1,23916
9999921044930,false,ק.פקדון מספק 0.30אג,Unknown,,ק.פקדון מספק 0.30אג,,0.00,,false,1,0.30,0.00,false,1,24192
9999921044931,false,ק.פקדון מספק 1.20שח,Unknown,,ק.פקדון מספק 1.20שח,,0.00,,false,1,1.20,0.00,false,1,24193
9999942000557,false,פיקדון שלישיה,Unknown,,פיקדון שלישיה,,0.00,,false,1,0.90,0.00,false,1,4311
9999946000178,false,פיקדון בקבוק,Unknown,,פיקדון בקבוק,,0.00,,false,1,0.30,0.00,false,1,755
9999946001980,false,קפוצינו רגיל-יילו ק,Unknown,,קפוצינו רגיל-יילו ק,,0.00,,false,1,12.00,0.00,true,1,9446
9999946001981,false,קפוצינו גדול-יילו ק,Unknown,,קפוצינו גדול-יילו ק,,0.00,,false,1,14.00,0.00,true,1,9447
9999946001982,false,אספרסו קצר-יילו קפה,Unknown,,אספרסו קצר-יילו קפה,,0.00,,false,1,9.00,0.00,true,1,9448
9999946001983,false,אספרסו כפול-יילו קפה,Unknown,,אספרסו כפול-יילו קפה,,0.00,,false,1,11.00,0.00,true,1,9449
9999946001984,false,לאטה רגיל-יילו קפה,Unknown,,לאטה רגיל-יילו קפה,,0.00,,false,1,13.00,0.00,true,1,9450
9999946001985,false,לאטה גדול-יילו קפה,Unknown,,לאטה גדול-יילו קפה,,0.00,,false,1,15.00,0.00,true,1,9451
9999946001986,false,אמריקאנו-יילו קפה,Unknown,,אמריקאנו-יילו קפה,,0.00,,false,1,12.00,0.00,true,1,9452
9999946001989,false,קפה שחור-יילו קפה,Unknown,,קפה שחור-יילו קפה,,0.00,,false,1,8.00,0.00,true,1,9455
9999946001990,false,נס קפה רגיל-ילו קפה,Unknown,,נס קפה רגיל-ילו קפה,,0.00,,false,1,9.00,0.00,true,1,9456
9999946001991,false,נס קפה גדול-יילו,Unknown,,נס קפה גדול-יילו,,0.00,,false,1,11.00,0.00,true,1,9457
9999946001992,false,נס על חלב קטן-יילו,Unknown,,נס על חלב קטן-יילו,,0.00,,false,1,10.00,0.00,true,1,9458
9999946001993,false,נס על חלב גדול-יילו,Unknown,,נס על חלב גדול-יילו,,0.00,,false,1,12.00,0.00,true,1,9459
9999946001995,false,שוקו חם -יילו קפה,Unknown,,שוקו חם -יילו קפה,,0.00,,false,1,12.00,0.00,false,1,9460
9999946001996,false,תה חם -יילו קפה,Unknown,,תה חם -יילו קפה,,0.00,,false,1,8.00,0.00,true,1,9461
9999946002000,false,גרניטה -יילו קפה,Unknown,,גרניטה -יילו קפה,,0.00,,false,1,14.00,0.00,true,1,9465
9999946002019,false,מקיאטו רגיל-יילו קפה,Unknown,,מקיאטו רגיל-יילו קפה,,0.00,,false,1,10.00,0.00,true,1,9475
9999946002020,false,מקיאטו כפול-יילו קפה,Unknown,,מקיאטו כפול-יילו קפה,,0.00,,false,1,12.00,0.00,true,1,9476
9999946002191,false,גרניטה דיאט-יילו קפה,Unknown,,גרניטה דיאט-יילו קפה,,0.00,,false,1,14.00,0.00,false,1,9579
9999946002930,false,גרניטה בדצ-יילו קפה,Unknown,,גרניטה בדצ-יילו קפה,,0.00,,false,1,14.00,0.00,true,1,20999
9999946006103,false,משלוח עד הבית,Unknown,,משלוח עד הבית,,0.00,,false,1,20.00,0.00,false,1,19631
9999946006122,false,אספרסו ארוך-יילו קפה,Unknown,,אספרסו ארוך-יילו קפה,,0.00,,false,1,9.00,0.00,true,1,19745
9999946006242,false,פיקדון שמינייה,Unknown,,פיקדון שמינייה,,0.00,,false,1,2.40,0.00,false,1,20719
9999946006493,false,היטל שקית 10אג,Unknown,,היטל שקית 10אג,,0.00,,false,1,0.10,0.00,false,1,21764
9999946006640,false,פיקדון בקבוק קולה,Unknown,,פיקדון בקבוק קולה,,0.00,,false,1,0.30,0.00,false,1,22713
9999946006669,false,גלידה סנדיי+תוספות,Unknown,,גלידה סנדיי+תוספות,,1.00,יחידה,false,1,12.00,12.00,true,1,23033
9999946006670,false,גלידה סנדיי,Unknown,,גלידה סנדיי,,1.00,יחידה,false,1,10.00,10.00,true,1,23034
9999946006671,false,פיקדון בקבוק יינות,Unknown,,פיקדון בקבוק יינות,,0.00,,false,1,0.30,0.00,false,1,23054
