code,internal_code,name,manufacturer_name,manufacture_country,manufacturer_item_description,unit_qty,quantity,unit_of_measure,weighted,qty_in_package,price,unit_of_measure_price,allow_discount,status,item_id
54051140,false,מעדן סויה טעם וניל אלפרו רביעיה * 125 ג',הנסיך- מפעל לייצור ט,BE,מארז מעדן סויה וניל,גרמים,500.00,100 גרם,false,,15.90,3.1800,true,1,254883
54051157,false,מעדן סויה טעם שוקו אלפרו רביעיה 125 ג',קריות זול,BE,מארז מעדן סויה שוקול,גרמים,500.00,100 גרם,false,,15.90,3.1800,true,1,267448
72940754,false,"מילקי מעדן וניל עם קצפת שטראוס 133 מ""ל","שטראוס גרופ בע""\מ",IL,מילקי וניל 133 גרם,גרמים,133.00,100 גרם,false,,2.80,2.1053,true,1,248363
72940761,false,"מילקי מעדן שוקולד עם קצפת שטראוס 133 מ""ל",מיוצר עי קונדיטוריית,IL,מילקי שוקולד 133 גרם,מיליליטרים,133.00,"100 מ""ל",false,,2.80,2.1053,true,1,248364
72940952,false,מעדן מילקי בטעם שוקולד עם אקסטרה קצפת,"שטראוס גרופ בע""\מ",IL,מילקי אקסטרה קצפת 17,מיליליטרים,170.00,"100 מ""ל",false,,3.50,2.0588,true,1,248365
72945308,false,קוביות שמרים לאפיה שמרית 2*25 ג',"פאקא תעשיות בע""\מ",IL,קוביות שמרים טריים ש,גרמים,50.00,100 גרם,false,,3.30,6.6000,true,1,248366
72961209,false,"שמנת חמוצה 15% 200מל בד""צ תנובה",תנובה מרכז שיתופי לש,IL,שמנית חמוצה 15% תנוב,מיליליטרים,200.00,"100 מ""ל",false,,2.40,1.2000,true,1,248368
72961223,false,"גילה 3% תנובה 200 מ""ל",תנובה מרכז שיתופי לש,IL,"גיל תנובה 200 מ""ל",מיליליטרים,200.00,"100 מ""ל",false,,1.50,0.7500,true,1,248370
72961520,false,"פרילי יוגורט עם אננס 1.5% תנובה 125 מ""ל",מיוצר עי קונדיטוריית,IL,פרילי אננס 125 גרם,מיליליטרים,125.00,"100 מ""ל",false,,3.40,2.7200,true,1,248380
72986370,false,"גלידת בן & ג'ריס פיינטים וניל 500מ""ל",מוצרי איכות אמריקאיים,IL,גלידת שמנת בן אנד גר,מיליליטרים,500.00,"100 מ""ל",false,,17.50,3.5000,true,1,303676
72989425,false,"גלידת בן & ג'ריס פיינטים שוקולד בראוניז 500מ""ל",מוצרי איכות אמריקאיים בע,IL,גלידת שמנת בן אנד גר,מיליליטרים,500.00,"100 מ""ל",false,,17.50,3.5000,true,1,306208
72991886,false,"גלידת דולצ'ה בטעם ריבת חלב עם פאדג' בן וג'ירי 500 מ""ל",מוצרי איכות אמריקאיים בע,IL,גלידת שמנת בן אנד גר,מיליליטרים,500.00,"100 מ""ל",false,,17.50,3.5000,true,1,303679
72993637,false,מעדן חלב בטעם שוקולד 125 ג' דני,"שטראוס גרופ בע""\מ",IL,דני שוקולד 125 גרם,גרמים,125.00,100 גרם,false,,2.50,2.0000,true,1,253582
80773429,false,מנטוס בקבוק מעוגל - מסטיק ללא סוכר בטעם תות 60 גרם,"פרפטי ואן מלה ג'\ידה,סאן",NL,מסטיק מנטוס צנצנת בט,גרמים,60.00,100 גרם,false,,8.90,14.8333,true,1,303530
80773443,false,מנטוס בקבוק מעוגל - מסטיק ללא סוכר בטעם מנטה 60 גרם,"פרפטי ואן מלה ג'\ידה,סאן",NL,מסטיק מנטוס ספרמנט ב,גרמים,60.00,100 גרם,false,,8.90,14.8333,true,1,299598
80790990,false,מסטיק מנטוס בבקבוק מעוגל בטעם פירות -מנטה 60 ג',"פרפטי ואן מלה ג'\ידה,סאן",NL,מסטיק מנטוס בבלפרש ב,גרמים,60.00,100 גרם,false,,8.90,14.8333,true,1,299597
80843184,false,מנטוס מסטיק פיור פרש בטעם ענבים 60גר,פרפטי ואן מלה הולנד,TR,מסטיק מנטוס פיור פרש,Unknown,0.00,יחידה,false,,8.90,0.0000,true,1,319091
80862260,false,מסטיק מנטוס פיור וויט מנטה מתוקה 150 גר,"פרפטי ואן מלה ג'ידה,סאן",TR,מסטיק מנטוס פיור מנט,גרמים,150.00,100 גרם,false,,15.90,10.6000,true,1,322563
80864295,false,סוכריות פיור וויט טעם מנטה עדינה 60 ג' מנטוס,"פרפטי ואן מלה ג'ידה,סאן",TR,מסטיק מנטוס פיור ווי,גרמים,60.00,100 גרם,false,,8.90,14.8333,true,1,319090
80896081,false,מנטוס בקבוק מעוגל - מסטיק ללא סוכר בטעם אבטיח 60 גרם,"פרפטי ואן מלה ג'\ידה,סאן",TR,מסטיק מנטוס צנצנת בט,גרמים,60.00,100 גרם,false,,8.90,14.8333,true,1,304379
80913467,false,מנטוס בקבוק מעוגל - מסטיק ללא סוכר בטעם מנטה,פרפטי ואן מלה הולנד,NL,מסטיק מנטוס מנטה בבק,גרמים,60.00,100 גרם,false,,8.90,14.8333,true,1,299599
80929277,false,מסטיק מנטוס פיור וויט מנטה עדינה 150 גר,"פרפטי ואן מלה ג'ידה,סאן",TR,מסטיק מנטוס פיור מנט,גרמים,150.00,100 גרם,false,,15.90,10.6000,true,1,322564
80945468,false,סוכריות פיור וויט טעם מנטה מתוקה 60 ג' מנטוס,"פרפטי ואן מלה ג'ידה,סאן",TR,מסטיק מנטוס פיור ווי,גרמים,60.00,100 גרם,false,,8.90,14.8333,true,1,319092
80957706,false,מסטיק מנטוס פיור וויט מנטה 150 גר,"פרפטי ואן מלה ג'ידה,סאן",TR,מסטיק מנטוס פיור מנט,גרמים,150.00,100 גרם,false,,15.90,10.6000,true,1,322565
80979128,false,מנטוס מסטיק בקבוק מעוגל בטעם דובדבן,פרפטי ואן מלה הולנד,TR,מסטיק מנטוס פיור פרש,גרמים,60.00,100 גרם,false,,8.90,14.8333,true,1,319093
80986348,false,סוכריות פיור וויט טעם מנטה 60 ג' מנטוס,"פרפטי ואן מלה ג'ידה,סאן",TR,מסטיק מנטוס פיור ווי,גרמים,64.00,100 גרם,false,,8.90,13.9063,true,1,319094
80995128,false,מנטוס בקבוק עגול בטעם הדרים בתוספת ויטמינים 60 גרם,פרפטי ואן מלה הולנד,TR,מסטיק מנטוס צנצנת בט,גרמים,60.00,100 גרם,false,,8.90,14.8333,true,1,324910
87108651,false,סוכריות בטעם מנטה מנטוס 4*37.5 גרם,הדקלאים אגודת שיתופי,NL,מנטוס מנטה 4 יח,גרמים,150.00,100 גרם,false,,10.90,7.2667,true,1,248672
87108712,false,סוכריות בטעם פירות מנטוס 4*37.5 גרם,פרפטי ואן מלה ברדה,NL,מנטוס טעם פירות 4 יח,גרמים,150.00,100 גרם,false,,10.90,7.2667,true,1,248673
11210000155,false,"רוטב טבסקו על בסיס פלפל אדום 150 מ""ל",ניצן,US,רוטב טבסקו אדום 150,מיליליטרים,150.00,"100 מ""ל",false,,17.90,11.9333,true,1,303021
11210002500,false,"רוטב טבסקו באפאלו 150 מ""ל","ניצן מותגי מזון בע""מ",US,רוטב טבסקו באפלו 150,מיליליטרים,150.00,"100 מ""ל",false,,17.90,11.9333,true,1,260361
11210007352,false,רוטב טבסקו שום 150 מ,ניצן,US,רוטב טבסקו שום 150 מ,מיליליטרים,150.00,"100 מ""ל",false,,17.90,11.9333,true,1,310891
11210007703,false,רוטב טבסקו צ'יפוטלי,ניצן,US,רוטב טבסקו צ'יפוטלי,מיליליטרים,150.00,"100 מ""ל",false,,17.90,11.9333,true,1,310892
11210009219,false,רוטב טבסקו ירוק 150,ניצן,US,רוטב טבסקו ירוק 150,מיליליטרים,150.00,"100 מ""ל",false,,17.90,11.9333,true,1,310893
11210698055,false,רוטב טבסקו סרירציה 566 גרם,מק. אילהיני קו,US,רוטב סרירצ'ה טבסקו 5,גרמים,566.00,100 גרם,false,,24.90,4.3993,true,1,303020
16000185517,false,דגני בוקר פייבר וואן עתירי סובין FIBRE1,בטר אנד דיפרנט,US,דגני בוקר פייבר וואן,גרמים,555.00,100 גרם,false,,29.90,5.3874,true,1,319737
18000701223,false,"פילסברי, עוגה בטעם שוקולד, תערובת להכנת עוגה בטעם שוקולד. 500 גרם",הדקלאים אגודת שיתופי,IL,תערובת לעוגת שוקולד,גרמים,500.00,100 גרם,false,,15.90,3.1800,true,1,264855
18000703494,false,"פילסברי, עוגה בטעם וניל, תערובת להכנת עוגה בטעם וניל. 500 גרם.",הדקלאים אגודת שיתופי,IL,תערובת לעוגת וניל 50,גרמים,500.00,100 גרם,false,,15.90,3.1800,true,1,264856
18000703517,false,תערובת להכנת עוגת שיש פילסברי 550 גרם,הדקלאים אגודת שיתופי,IL,תערובת לעוגת שיש פרו,גרמים,550.00,100 גרם,false,,15.90,2.8909,true,1,264857
18176785508,false,שוקולד טורינו 100 גרם חלבי,שוקולה קמיל בלוך,CH,שוקולד טורינו חלב 10,גרמים,100.00,100 גרם,false,,9.90,9.9000,true,1,245944
18176787007,false,שוקולד טורינו מריר פרווה 100 גר',שוקולה קמיל בלוך,,שוקולד טורינו 100 גר,גרמים,100.00,100 גרם,false,,9.90,9.9000,true,1,245945
21248165894,false,תערובת תבלינים לבייג,קוסקו הולסייל,US,תערובת תבלינים לבייג,גרמים,326.00,100 גרם,false,,19.90,6.1043,true,1,316093
21723339994,false,"רוטב דגים 300מ""ל (טיפרוס) (כ)",טאנג סאנג ראר קי,TH,רוטב דגים מזרח ומערב,מיליליטרים,300.00,"100 מ""ל",false,,9.50,3.1667,true,1,309816
22200956932,false,דאודורנט ספיד סטיק גל 24/7 כחול 85 גר,הנסיך- מפעל לייצור ט,BY,דאו גל ספיד סטיק כחו,גרמים,85.00,100 גרם,false,,18.90,22.2353,true,1,259959
22200956949,false,דאודורנט ג'ל כתום לגבר ספיד סטיק 85 גרם,קולגייט פלמוליב,BY,דאו גל ספיד סטיק כתו,גרמים,85.00,100 גרם,false,,18.90,22.2353,true,1,259958
25675094703,false,פשקס לקקן טוטי פרוטי 50 יח' באריזה,DORI ALIMENTOS LTDA,NL,לקקן טופי דובדבן פשק,גרמים,540.00,100 גרם,false,,15.90,2.9444,true,1,250527
25675094710,false,לקקן טופי בטעם יוגורט,DORI ALIMENTOS LTDA,NL,לקקן טופי יוגורט פשק,גרמים,540.00,100 גרם,false,,15.90,2.9444,true,1,259643
25675094727,false,פשקס לקקן תות 50 יח' באריזה,DORI ALIMENTOS LTDA,NL,לקקן טופי תות 50 יח,גרמים,540.00,100 גרם,false,,15.90,2.9444,true,1,250528
25675094741,false,לקקן טופי פטל פשקס 5,DORI ALIMENTOS LTDA,NL,לקקן טופי פטל פשקס 5,גרמים,540.00,100 גרם,false,,15.90,2.9444,true,1,250526
25675125926,false,מיני סמירק חטיפי שוק,Natra Zahor,ES,מיני סמירק חטיפי שוק,גרמים,300.00,100 גרם,false,,17.90,5.9667,true,1,250561
25675705654,false,בצל מטוגן פריך בשקית פשקז 400ג',איסטרוניקס,NL,בצל מטוגן פריך שקית,גרמים,400.00,100 גרם,false,,11.90,2.9750,true,1,287536
25675950313,false,אודלס בטעם תות 224 גרם לירון קרביץ,ג'ודילינג פודס קומפנ,CN,סוכריות אודלס פשקס ב,גרמים,224.00,100 גרם,false,,12.90,5.7589,true,1,293390
25675950351,false,אודלס בטעם דובדבן 224 גרם לירון קרביץ,ג'ודילינג פודס קומפנ,CN,סוכריות אודלס פשקס ב,גרמים,224.00,100 גרם,false,,12.90,5.7589,true,1,293391
25675950382,false,אודלס בטעם פטל 224 גרם לירון קרביץ,ג'ודילינג פודס קומפנ,CN,סוכריות אודלס פשקס ב,גרמים,224.00,100 גרם,false,,12.90,5.7589,true,1,293392
34000544028,false,סוכריות ארוכות בטעם תות טוויזלרס Twizzlers,ליימן מותגים,US,טוויזלרס ממתק בטעם ת,גרמים,198.00,100 גרם,false,,6.90,3.4848,true,1,256591
34000544431,false,ממתקי הרשיז טוויזלרס טעם דובדבן 172 גרם,ליימן מותגים,US,טוויזלרס ממתק בטעם ד,גרמים,170.00,100 גרם,false,,6.90,4.0588,true,1,320076
35000458476,false,קולגייט מברשת שיניים ילדים מארז רביעייה,קולגייט פלמוליב,VN,מברשת קולגייט ילדים,Unknown,0.00,יחידה,false,,17.90,0.0000,true,1,306186
37600207188,false,חמאת בוטנים סקיפי קלאסי 462 גרם,חברת המזון אלגוד,US,חמאת בוטנים קלאסי סק,גרמים,462.00,100 גרם,false,,17.90,3.8745,true,1,316631
37600207256,false,חמאת בוטנים עם שברי בוטנים סקיפי 462 גרם,חברת המזון אלגוד,US,חמאת בוטנים עם שברי,גרמים,462.00,100 גרם,false,,17.90,3.8745,true,1,316632
38000202278,false,חטיף צ'יפס גלי בטעם אורגינל מלוח,פרינגלס מנופקצ'ורינג,US,פרינגלס קלאסי וויבי,גרמים,130.00,100 גרם,false,,7.90,6.0769,true,1,315136
38000232183,false,פרינגלס ביג אורגינל 149 גרם,פרינגלס מנופקצ'ורינג קונ,US,פרינגלס אורגינל 149,גרמים,149.00,100 גרם,false,,7.90,5.3020,true,1,309747
38900779238,false,מיץ אננס דול רביעיות 4*250 מל,דול פיליפינים אינק,,מארז מיץ אננס דול 4*,קילוגרמים,1.00,ליטר,false,,12.90,12.9000,true,1,286905
41390001505,false,רוטב סויה קיקומן 1.8,,,רוטב סויה קיקומן 1.8,קילוגרמים,1.89,ליטר,false,,39.90,21.1111,true,1,266177
43427007887,false,"חומץ יין אדום כשל""פ 500 מ""ל ""ליברס""",אקוביאנל,ES,חומץ יין אדום ליברס,מיליליטרים,500.00,"100 מ""ל",false,,9.90,1.9800,true,1,322008
44164102385,false,נרונים 72 יחידות 4 שעות - שרגא,שרגא שווק ויצור נרות,IL,נרונים 4 שעות שרגא 7,Unknown,0.00,יחידה,false,,25.90,0.0000,true,1,247100
44164102453,false,נרונים 72 יחידות 6 שעות - שרגא,שרגא שווק ויצור נרות,IL,נרונים 6 שעות שרגא 7,Unknown,0.00,יחידה,false,,31.90,0.0000,true,1,247101
44164234345,false,שמן פראפין למאור סגו,שרגא שווק ויצור נרות,IL,שמן פראפין למאור סגו,קילוגרמים,1.00,ליטר,false,,19.90,19.9000,true,1,319257
44164267695,false,שמן פראפין למאור אדו,שרגא שווק ויצור נרות,IL,שמן פראפין למאור אדו,קילוגרמים,1.00,ליטר,false,,19.90,19.9000,true,1,319259
44164290129,false,שמן פראפין למאור שקו,שרגא שווק ויצור נרות,IL,שמן פראפין למאור שקו,קילוגרמים,1.00,ליטר,false,,19.90,19.9000,true,1,319260
44164290907,false,שמן פראפין למאור צהו,שרגא שווק ויצור נרות,IL,שמן פראפין למאור צהו,קילוגרמים,1.00,ליטר,false,,19.90,19.9000,true,1,319261
44164341142,false,נר זיכרון דולק 7 ימים -פלסטיק,שרגא שווק ויצור נרות,IL,נר זכרון 7 ימים שרגא,Unknown,0.00,יחידה,false,,8.90,0.0000,true,1,295201
44164369962,false,נר זיכרון דולק 9 ימים -פלסטיק,שרגא שווק ויצור נרות,IL,נר זכרון 9 ימים שרגא,Unknown,0.00,יחידה,false,,11.90,0.0000,true,1,295200
48256219456,false,תרסיס אסטוניש לניקוי,יעקב יעקובי,IL,תרסיס אסטוניש לניקוי,מיליליטרים,750.00,"100 מ""ל",false,,9.90,1.3200,true,1,320630
48256296181,false,תרסיס אסטוניש לניקוי,יעקב יעקובי,IL,תרסיס אסטוניש לניקוי,מיליליטרים,750.00,"100 מ""ל",false,,9.90,1.3200,true,1,320631
48256297164,false,תרסיס אסטוניש לניקוי,יעקב יעקובי,IL,תרסיס אסטוניש לניקוי,מיליליטרים,750.00,"100 מ""ל",false,,9.90,1.3200,true,1,292937
48256299557,false,תרסיס אסטוניש מסיר ע,יעקב יעקובי,IL,תרסיס אסטוניש מסיר ע,מיליליטרים,750.00,"100 מ""ל",false,,9.90,1.3200,true,1,292938
64144090013,false,פאם תרסיס על בסיס שמן קנולה בטעם חמאה,קונאגרה פודס,,תרסיס שמן קנולה בטעם,מיליליטרים,148.00,"100 מ""ל",false,,13.90,9.3919,true,1,256258
64144090020,false,"ספריי שמן PAM בטעם שמן זית 141 מ""ל",קונאגרה פודס,,תרסיס שמן זית פאם 14,מיליליטרים,148.00,"100 מ""ל",false,,13.90,9.3919,true,1,256257
64144090051,false,"ספריי שמן PAM קנולה אורגינל 148 מ""ל",קונאגרה פודס,,תרסיס שמן קנולה פאם,מיליליטרים,148.00,"100 מ""ל",false,,13.90,9.3919,true,1,268449
70970471254,false,מייק לייק - סוכריות ג'לי בינס קרטונית פירות ירוק 141 גרם,ג'\אסט בורן,US,סוכריות ג'לי פירות מ,גרמים,141.00,100 גרם,false,,8.90,6.3121,true,1,312978
70970471285,false,מייק אנד אייק רד רייג'רס 141 גר',גאסט בורן,US,סוכריות ג'לי רד רייג,גרמים,141.00,100 גרם,false,,8.90,6.3121,true,1,315484
70970471308,false,"סוכריות מייק אייק רד רייג'רס, 141 ג'",גאסט בורן,US,סוכריות ג'לי ענבים מ,גרמים,141.00,100 גרם,false,,8.90,6.3121,true,1,316650
70970473609,false,סוכריות ג'לי מייק&נייק מגה מיקס חמוץ 141 גר',ג'\אסט בורן,US,סוכריות ג'לי מגה מיק,גרמים,141.00,100 גרם,false,,8.90,6.3121,true,1,312980
73490128493,false,"קדם מיץ ענבים מוגז אפרסק 750 מ""ל",קדם,IL,מיץ ענבים מוגז אפרסק,מיליליטרים,750.00,"100 מ""ל",false,,19.90,2.6533,true,1,251251
73490132346,false,משקה ענבים קונקורד ל,קדם,IL,משקה ענבים קונקורד ל,קילוגרמים,2.84,ליטר,false,,38.90,13.6972,true,1,299219
73490153396,false,"מיץ ענבים מוגז גאולה קונקורד 750 מ""ל",קדם,IL,מיץ ענבים מוגז קונקו,מיליליטרים,750.00,"100 מ""ל",false,,19.90,2.6533,true,1,252357
73490153419,false,מיץ ענבים קדם גאולה קונקורד 1.89 ליטר,קדם פוד פרודקטסn\,IL,מיץ ענבים קדם 1.89 ל,קילוגרמים,1.89,ליטר,false,,27.20,14.3915,true,1,251256
73490154027,false,מיץ ענבים גאולה 2.84,קדם,IL,מיץ ענבים גאולה 2.84,קילוגרמים,2.84,ליטר,false,,38.90,13.6972,true,1,258785
73490154317,false,מיץ ענבים גאולה לבן 1.89 ל קדם,קדם פוד פרודקטסn\,,מיץ ענבים לבן גאולה,קילוגרמים,1.89,ליטר,false,,27.20,14.3915,true,1,313791
75442100250,false,בונבוניירה פרוגרס קפ,תות ממתקי איכות,IL,בונבוניירה פרוגרס קפ,גרמים,135.00,100 גרם,false,,11.90,8.8148,true,1,248454
76840620029,false,"בן אנד גריס גלידת תות שדה 500 מ""ל",מוצרי איכות אמריקאיים בע,IL,גלידת שמנת בן אנד גר,מיליליטרים,424.00,"100 מ""ל",false,,17.50,4.1274,true,1,304999
77245110610,false,סוכריות מאסט ללא סוכר בטעם מנטה 80 ג'עלית,MIESZKO S.A - MS. JO,IL,סוכריות מאסט מנטה 80,גרמים,80.00,100 גרם,false,,6.90,8.6250,true,1,248469
80432400432,false,וויסקי שיבאס רגאל 12 שנה - ליטר,מזקקת האחים שיבאס,,ויסקי שיבאס 12 שנה 1,קילוגרמים,1.00,ליטר,false,,139.90,139.9000,true,1,302128
96619084104,false,רוטב סלסה אורגניק קי,קוסקו הולסייל,US,רוטב סלסה אורגניק קי,פריט,1.08,"ק""ג",false,,29.90,27.6852,true,1,320837
96619115471,false,קפסולות ג'ל כביסה או,מקברייד,BE,קפסולות ג'ל כביסה או,גרמים,882.00,100 גרם,false,,44.90,5.0907,true,1,324292
96619165087,false,קינמון סייגון טחון ק,קוסקו הולסייל,US,קינמון סייגון טחון ק,גרמים,303.00,100 גרם,false,,29.90,9.8680,true,1,315902
96619194025,false,נייר אפיה קירקלנד 50,קוסקו הולסייל,US,נייר אפיה קירקלנד 50,מטרים,50.00,מטר,false,,39.90,0.7980,true,1,321418
96619199914,false,וודקה קירקלנד 1.75 ל,,,וודקה קירקלנד 1.75 ל,קילוגרמים,1.75,ליטר,false,,99.90,57.0857,true,1,288338
96619206841,false,תרסיס שמן קנולה קירק,,,תרסיס שמן קנולה קירק,מיליליטרים,394.00,"100 מ""ל",false,,22.90,5.8122,true,1,308699
96619251810,false,שום גבישי קליפורניה,קוסקו הולסייל,US,שום גבישי קליפורניה,גרמים,510.00,100 גרם,false,,19.90,3.9020,true,1,313251
96619316809,false,נייר אלומניום עבה 30,,,נייר אלומניום עבה 30,מטרים,304.00,מטר,false,,129.90,0.4273,true,1,267432
96619332700,false,מלח גס הימלאיה ורוד,קוסקו הולסייל,US,מלח גס הימלאיה ורוד,גרמים,737.00,100 גרם,false,,34.90,4.7354,true,1,313252
96619332717,false,מלח גס ים תיכוני עם,קוסקו הולסייל,US,מלח גס ים תיכוני עם,גרמים,737.00,100 גרם,false,,19.90,2.7001,true,1,313253
96619338696,false,קמח שקדים קירקלנד 1.,הוגסטון נט אי אן סי,US,קמח שקדים קירקלנד 1.,פריט,1.36,"ק""ג",false,,79.90,58.7500,true,1,324187
96619365395,false,כורכום קירקלנד 340 ג,קוסקו הולסייל,US,כורכום קירקלנד 340 ג,גרמים,340.00,100 גרם,false,,19.90,5.8529,true,1,316083
97643051445,false,שוקולד רוזמרי מוקה שויצרי 100 גרם,שמרלינג,,שוקולד שמרלינג פרלין,גרמים,100.00,100 גרם,false,,11.50,11.5000,true,1,253269
97643082548,false,שמרלינגס שוקולד מריר רוזמרי 100ג,שמרלינג,,שוקולד שמרלינג מריר,גרמים,100.00,100 גרם,false,,11.50,11.5000,true,1,253266
97643083040,false,שוקולד שמרלינגס רוזמרי חלב 100ג',שמרלינג,,שוקולד שמרלינג פרלין,גרמים,100.00,100 גרם,false,,11.50,11.5000,true,1,253263
97643090444,false,שוקולד רוזמרי פרווה ללא סוכר 100 גר',,,שוקולד שמרלינג פרווה,גרמים,100.00,100 גרם,false,,13.90,13.9000,true,1,261477
194961000398,false,ביסקוויט בציפוי שוקו,שניידרס,FR,ביסקוויט בציפוי שוקו,גרמים,150.00,100 גרם,false,,12.90,8.6000,true,1,319451
194961000411,false,ממרח שוקולד וניל שני,SHNEIDER'S,NL,ממרח שוקולד וניל שני,גרמים,700.00,100 גרם,false,,21.90,3.1286,true,1,314532
194961001432,false,עוגיות פתיבר חמאה שנ,שניידרס,FR,עוגיות פתיבר חמאה שנ,גרמים,167.00,100 גרם,false,,12.90,7.7246,true,1,322795
194961001517,false,עוגיות סבלה חמאה שני,שניידרס,FR,עוגיות סבלה חמאה שני,גרמים,130.00,100 גרם,false,,12.90,9.9231,true,1,322798
194961001524,false,"מחית פרי תפו""ע לל""ס",שניידרס,FR,"מחית פרי תפו""ע לל""ס",גרמים,360.00,100 גרם,false,,12.90,3.5833,true,1,322942
194961001531,false,"מחית פרי תפו""ע ותות",שניידרס,FR,"מחית פרי תפו""ע ותות",גרמים,360.00,100 גרם,false,,12.90,3.5833,true,1,322943
194961001647,false,"עוגיות חמאה ש""צ רובין שי",שניידרס,FR,עוגיות חמאה שוקולד צ,גרמים,167.00,100 גרם,false,,12.90,7.7246,true,1,323234
305210416383,false,"ואזלין קרם גוף לגבר נספג במהירות 600 מ""ל","יוניליוור, ג'פרסון סיטי,",US,וזלין קרם גוף משקם ל,מיליליטרים,600.00,"100 מ""ל",false,,21.90,3.6500,true,1,309716
308910525744,false,אטריות אורז דקות 454 גרם ורמיצ'לי (כ),ליאן תאי רייס,TH,אטריות אורז דקות מזר,מיליליטרים,454.00,"100 מ""ל",false,,10.50,2.3128,true,1,309817
675470000142,false,נייר אפיה קשת 72 יח,טופ פלסט 2002 בעמ,IL,נייר אפיה קשת 72 יח,Unknown,0.00,יחידה,false,,9.90,0.0000,true,1,288894
681131129855,false,"בירה בלגית שלוס 5% פחית 500 מ""ל",מבשלת מרטנס,BE,בירה פילזנר שלוס קרו,מיליליטרים,500.00,"100 מ""ל",false,,5.90,1.1800,true,1,319079
693493001007,false,"גאון בניקיון תרסיס 350 מ""ל אריסטוקרט",אריסטוקרט,IL,תרסיס ניקוי גאון בני,מיליליטרים,350.00,"100 מ""ל",false,,18.90,5.4000,true,1,304916
693493034456,false,סרדין בשמן זית ויצמן,אטלנטיק הום סרדינס א,MA,סרדין מרוקאי בשמן זי,גרמים,125.00,100 גרם,false,,5.90,4.7200,true,1,310767
693493034470,false,מקרל פילה בשמן חמניות 125 גר,U.P.A,,פילה מקרל בשמן סויה,גרמים,125.00,100 גרם,false,,5.90,4.7200,true,1,311575
693493034487,false,פילה סרדין בשמן זית 125גר,יוניון דה פחריס אפרי,MA,פילה סרדין בשמן זית,גרמים,125.00,100 גרם,false,,6.50,5.2000,true,1,310769
693493034494,false,פילה אנשובי בשמן חמנ,פטינה פוד,MA,פילה אנשובי בשמן חמנ,גרמים,100.00,100 גרם,false,,14.90,14.9000,true,1,309758
693493034524,false,מארז פילה אנשובי בשמ,פאטינה פוד,MA,מארז פילה אנשובי בשמ,גרמים,200.00,100 גרם,false,,21.90,10.9500,true,1,319242
693493084949,false,שמן קנולה מזוכך oro 1ליטר.,קובנסקי אלווטו,RU,שמן קנולה אורו 1 ליט,קילוגרמים,1.00,ליטר,false,,8.90,8.9000,true,1,312854
693493089272,false,אבץ בתוספת ויטמין C,,,אבץ בתוספת ויטמין C,Unknown,0.00,יחידה,false,,33.90,0.0000,true,1,319356
693493089371,false,ויטמין C לא חומצי 10,,,ויטמין C לא חומצי 10,Unknown,0.00,יחידה,false,,59.90,0.0000,true,1,319055
693493089395,false,"ויטמין B12 מק""ג 1000",,,"ויטמין B12 מק""ג 1000",Unknown,0.00,יחידה,false,,59.90,0.0000,true,1,319056
693493089425,false,פרוביוטיקה אקסטרה פא,,,פרוביוטיקה אקסטרה פא,Unknown,0.00,יחידה,false,,59.90,0.0000,true,1,319058
693493089463,false,דובוני ויטמין D לילד,,,דובוני ויטמין D לילד,Unknown,0.00,יחידה,false,,39.90,0.0000,true,1,319082
693493089470,false,דובוני ויטמין C לילד,,,דובוני ויטמין C לילד,Unknown,0.00,יחידה,false,,39.90,0.0000,true,1,319083
693493089487,false,דובוני מולטי ויטמין,,,דובוני מולטי ויטמין,Unknown,0.00,יחידה,false,,39.90,0.0000,true,1,319062
693493089494,false,דגי אומגה 3 לילדים א,,,דגי אומגה 3 לילדים א,Unknown,0.00,יחידה,false,,39.90,0.0000,true,1,319063
693493089579,false,מגה מולטי ויטמינים ל,,,מגה מולטי ויטמינים ל,Unknown,0.00,יחידה,false,,39.90,0.0000,true,1,321233
693493089586,false,מולטי ויטמין + ברזל,,,מולטי ויטמין + ברזל,Unknown,0.00,יחידה,false,,39.90,0.0000,true,1,321234
693493089685,false,תוסף ברזל נוזלי אקסט,,,תוסף ברזל נוזלי אקסט,Unknown,0.00,יחידה,false,,59.90,0.0000,true,1,323776
693493113687,false,מארז פילה אנשובי וצל,,,מארז פילה אנשובי וצל,גרמים,200.00,100 גרם,false,,21.90,10.9500,true,1,324942
693493192514,false,אבקת חלבון בטעם וניל,,,אבקת חלבון בטעם וניל,גרמים,400.00,100 גרם,false,,69.00,17.2500,true,1,324309
701197351820,false,תמצית וניל טהור 473,קוסקו הולסייל,US,תמצית וניל טהור 473,גרמים,473.00,100 גרם,false,,149.90,31.6913,true,1,316427
710069082236,false,חרדל גפן 454 גרם,,,חרדל גפן 454 גרם,גרמים,454.00,100 גרם,false,,9.90,2.1806,true,1,292401
710069082434,false,חרדל חום חריף גפן 34,,,חרדל חום חריף גפן 34,גרמים,340.00,100 גרם,false,,9.90,2.9118,true,1,324342
710069305168,false,רסק תפוחים תות גפן 112X6ג',,,רסק תפוחים תות גפן 6,גרמים,672.00,100 גרם,false,,15.90,2.3661,true,1,254847
710069305175,false,"רסק תפו""ע + פטל בגביע אישי 113גר'*6",,,רסק תפוחים פטל גפן 6,גרמים,672.00,100 גרם,false,,15.90,2.3661,true,1,254845
710069812017,false,רוטב פסטה עגבניות ובזיליקום 737 גר',,,רוטב עגבניות ובזילקו,גרמים,680.00,100 גרם,false,,13.90,2.0441,true,1,264185
710069812031,false,רוטב פיצה עגבניות קלאסי 737 גר',,,רוטב פיצה רגיל גפן 7,גרמים,737.00,100 גרם,false,,13.90,1.8860,true,1,264106
710069812048,false,רוטב פיצה עגבניות ואורגנו 737 גרם,,,רוטב פיצה אורגנו גפן,גרמים,737.00,100 גרם,false,,13.90,1.8860,true,1,264245
710069812147,false,רסק תפוחים עם סוכר 1.36ק,"כנס פוד ארה""ב",,"רסק תפו""ע גפן 1.36 ק",פריט,1.36,"ק""ג",false,,19.90,14.6324,true,1,316434
710069812154,false,"רסק תפו""ע לל""ס 1.300 ק""ג","כנס פוד ארה""ב",,"רסק תפו""ע גפן ללא סו",פריט,1.36,"ק""ג",false,,19.90,14.6324,true,1,318207
710069812161,false,רסק תפוחים בגביע אישי 113גר'*6,"כנס פוד ארה""ב",,רסק תפוחים גפן 6*112,גרמים,672.00,100 גרם,false,,15.90,2.3661,true,1,318354
710069812178,false,רסק תפוחים ללא תוס' סוכר בגביע אישי 113גר'*6,"כנס פוד ארה""ב",,רסק תפוחים ללא סוכר,גרמים,672.00,100 גרם,false,,15.90,2.3661,true,1,318355
712963002938,false,"שוקולד נפולטינים מריר שוויצרי 150ג' כשל""פ",,,נפוליטנים מריר גרוס,גרמים,150.00,100 גרם,false,,15.90,10.6000,true,1,261950
712963004758,false,שוקולד חלב ממולא קרמל 100 גרם גרוס,זווסקו ד.ד תעשיות מזון,HR,שוקולד גרוס חלב במיל,גרמים,100.00,100 גרם,false,,7.90,7.9000,true,1,322408
712963004772,false,שוקולד חלב ממולא קרם תות 100 גרם גרוס,זווסקו ד.ד תעשיות מזון,HR,שוקולד גרוס חלב במיל,גרמים,100.00,100 גרם,false,,7.90,7.9000,true,1,322409
712963004796,false,שוקולד מריר ממולא קרם פטל 100 גר' מנוס,זווסקו ד.ד תעשיות מזון,HR,שוקולד גרוס מריר במי,גרמים,100.00,100 גרם,false,,7.90,7.9000,true,1,322410
712963005410,false,שוקולד חלב עם ביסקוויט במילוי קרם חלב,גרוסליין,HR,שוקולד GO גרוס במילו,גרמים,80.00,100 גרם,false,,6.80,8.5000,true,1,322461
712963005588,false,שוקולד מריר ללא סוכר שוגטן 100 גרם,גרוסליין,HR,שוקולד גרוס מריר ללת,גרמים,100.00,100 גרם,false,,14.90,14.9000,true,1,322985
712963005618,false,שוקולד חלב ממולא פרלין ללא סוכר,גרוסליין,HR,שוקולד גרוס חלב במיל,גרמים,100.00,100 גרם,false,,14.90,14.9000,true,1,322987
712963005724,false,שוקולד חלב במילוי קרם חלב 100 גרם,גרוסליין,HR,שוקולד גרוס חלב במיל,גרמים,100.00,100 גרם,false,,7.90,7.9000,true,1,322411
712963005755,false,שוקולד חלב ממולא מוס 100 גרם גרוס,גרוסליין,HR,שוקולד גרוס חלב במיל,גרמים,100.00,100 גרם,false,,7.90,7.9000,true,1,322407
722776001509,false,ממתיק ספלנדה 1200 יח,,,ממתיק ספלנדה 1200 יח,פריט,1.20,"ק""ג",false,,129.90,108.2500,true,1,297155
732973006009,false,ווייט פיש אוישן 624 גרם,אושן גורמה,US,קציצות דג וויט פיש א,גרמים,624.00,100 גרם,false,,34.90,5.5929,true,1,252425
735375609939,false,מרק נודלס בטעם עוף מופחת נטרן-גפן,אימפריאל פודס אינק,US,מרק נודלס בטעם עוף מ,גרמים,65.00,100 גרם,false,,3.90,6.0000,true,1,318446
736040018735,false,וודקה רוסקי סטנדרט 1,,RU,וודקה רוסקי סטנדרט 1,קילוגרמים,1.00,ליטר,false,,89.90,89.9000,true,1,319035
737934994418,false,יין בראון גילי סירה,יקב בראון,IL,יין בראון גילי סירה,מיליליטרים,750.00,"100 מ""ל",false,,89.90,11.9867,true,1,324594
737934994425,false,יין בראון אורטל קברנ,יקב בראון,IL,יין בראון אורטל קברנ,מיליליטרים,750.00,"100 מ""ל",false,,99.90,13.3200,true,1,324593
768404001640,false,"גלידה בן&ג'ריס קפה משפחתית 500מ""ל",מוצרי איכות אמריקאיים בע,IL,גלידת שמנת בן אנד גר,מיליליטרים,500.00,"100 מ""ל",false,,17.50,3.5000,true,1,303677
769904001208,false,"ציפוי למטוגנים כשל""פ בד""ץ",,,פרורים לציפוי משובח,גרמים,150.00,100 גרם,false,,9.90,6.6000,true,1,258819
787416438411,false,יין צוובנר רוזה 2019,יקב צוובנר,IL,יין צוובנר רוזה 2019,מיליליטרים,750.00,"100 מ""ל",false,,99.90,13.3200,true,1,322022
811146030161,false,טינגלרס תות בשקית דיספליי 288 גרם,גוגרנולא פוד אינדסטר,PK,טופי ממולא בטעם תות,גרמים,288.00,100 גרם,false,,9.90,3.4375,true,1,304102
811146030383,false,סוכריות קשות לקקן בצורת ספינר 12 יחי',פרימיום פודס,CN,סוכריות קשות בצורת ס,גרמים,180.00,100 גרם,false,,11.90,6.6111,true,1,309038
811146030390,false,סוכריות קשות לקקן בצורת שבשבת 12 יחי',קיומי שנגיואנג פודס,CN,סוכריות קשות בצורת ש,גרמים,180.00,100 גרם,false,,11.90,6.6111,true,1,309039
811146030666,false,טוויסטי פופ בורג 408 גרם,קיומי שנגיואנג פודס,CN,לקקן טוויסטי פופ בור,גרמים,408.00,100 גרם,false,,29.90,7.3284,true,1,308934
811146030741,false,סוכריות לולי פופ חמוץ משפחתי 144 גרם,גואנגדונג צאואן פוד,CN,לקקן בטעם פירות לילו,גרמים,150.00,100 גרם,false,,11.90,7.9333,true,1,315276
811146030765,false,פרו זיפס כפול פירות בשקית 255 גרם,גוגרנולא פוד אינדסטר,PK,סוכריות טופי פרוזיפס,גרמים,255.00,100 גרם,false,,9.90,3.8824,true,1,319197
811146031007,false,לקקן טוויסטי פופ לב,פרימיום פודס,CN,לקקן טוויסטי פופ לב,גרמים,408.00,100 גרם,false,,29.90,7.3284,true,1,324415
811146031397,false,סוכריית סביבון על מקל מאגדת 156 גרם,צ'אן אן צ'אונגטסוי פ,CN,ספין פופ לקקן סביבון,גרמים,156.00,100 גרם,false,,11.90,7.6282,true,1,324945
835811000068,false,מגבוני טואלט קשת 3*4,עלבד משואות יצחק,IL,מגבוני טואלט קשת 3*4,Unknown,0.00,יחידה,false,,11.90,0.0000,true,1,308268
835811000075,false,עדשים ירוקות הנמל 1.,הנמל,IL,עדשים ירוקות הנמל 1.,פריט,1.20,"ק""ג",false,,13.90,11.5833,true,1,312465
835811000099,false,עדשים אדומות הנמל 1.,הנמל,IL,עדשים אדומות הנמל 1.,פריט,1.20,"ק""ג",false,,13.90,11.5833,true,1,312466
835811000112,false,שעועית לחמין הנמל 1.,הנמל,IL,שעועית לחמין הנמל 1.,פריט,1.20,"ק""ג",false,,14.90,12.4167,true,1,312472
835811000136,false,"כוסמת הנמל 1.2 ק""ג",הנמל,IL,"כוסמת הנמל 1.2 ק""ג",פריט,1.20,"ק""ג",false,,12.90,10.7500,true,1,312467
835811000143,false,מפת ניילון בגליל 40 מטר הנמל,,IL,מפת ניילון בגליל 1.5,Unknown,0.00,יחידה,false,,29.90,0.0000,true,1,321417
835811000150,false,"בורגול הנמל 1.2 ק""ג",הנמל,IL,"בורגול הנמל 1.2 ק""ג",פריט,1.20,"ק""ג",false,,8.90,7.4167,true,1,312468
835811000174,false,שעועית לבנה הנמל 1.2,הנמל,IL,שעועית לבנה הנמל 1.2,פריט,1.20,"ק""ג",false,,13.90,11.5833,true,1,312473
835811000204,false,צמרוני אזניים עץ הנמ,גרנג יוניברס,CN,צמרוני אזניים עץ הנמ,Unknown,0.00,יחידה,false,,4.90,0.0000,true,1,307100
835811000228,false,"חומוס הנמל 1.2 ק""ג",הנמל,IL,"חומוס הנמל 1.2 ק""ג",פריט,1.20,"ק""ג",false,,13.90,11.5833,true,1,312476
835811000280,false,גריסי פנינה הנמל 1.2,הנמל,IL,גריסי פנינה הנמל 1.2,פריט,1.20,"ק""ג",false,,9.90,8.2500,true,1,312469
835811000303,false,"אפונה הנמל 1.2 ק""ג",הנמל,IL,"אפונה הנמל 1.2 ק""ג",פריט,1.20,"ק""ג",false,,8.90,7.4167,true,1,312470
835811000310,false,ספוג לניקוי קשת 4 יח,,IL,ספוג לניקוי קשת 4 יח,Unknown,0.00,יחידה,false,,10.90,0.0000,true,1,309787
835811000327,false,חומוס ענק הנמל 1.2 ק,הנמל,IL,חומוס ענק הנמל 1.2 ק,פריט,1.20,"ק""ג",false,,21.90,18.2500,true,1,312475
835811000334,false,ספוגיות לניקוי קשת 1,סדובסקי,IL,ספוגיות לניקוי קשת 1,Unknown,0.00,יחידה,false,,10.90,0.0000,true,1,309788
835811000341,false,"חיטה הנמל 1.2 ק""ג",הנמל,IL,"חיטה הנמל 1.2 ק""ג",פריט,1.20,"ק""ג",false,,8.90,7.4167,true,1,312471
835811000358,false,מטליות לניקוי כללי מ,סדובסקי,IL,מטליות לניקוי כללי מ,Unknown,0.00,יחידה,false,,19.90,0.0000,true,1,310360
835811000365,false,מטליות רצפה מיקרופיי,סדובסקי,IL,מטליות רצפה מיקרופיי,Unknown,0.00,יחידה,false,,29.90,0.0000,true,1,310361
835811000372,false,שקיות הקפאה למזון נשלף 100 יח',זמזמ תעשיות פלסטיק,IL,שקיות הקפאה עבות הנמ,Unknown,0.00,יחידה,false,,9.90,0.0000,true,1,305762
835811000389,false,שקיות אוכל למזון נשלף 200 יח',זמזמ תעשיות פלסטיק,IL,שקיות אוכל עבות הנמל,Unknown,0.00,יחידה,false,,9.90,0.0000,true,1,305763
835811000396,false,נייר אפיה לתבנית מוארכת - מארז 30 ניירות,יבוא ושיווק: הנמל אריזות,CN,נייר אפיה לתבנית מאו,Unknown,0.00,יחידה,false,,9.90,0.0000,true,1,308539
835811000464,false,"תמצית מטעם רום 250 מ""ל הנמל",,IL,תמצית רום הנמל 250 מ,מיליליטרים,250.00,"100 מ""ל",false,,8.90,3.5600,true,1,306206
835811000471,false,"תמצית מטעם וניל 250 מ""ל",,IL,תמצית בטעם וניל הנמל,מיליליטרים,250.00,"100 מ""ל",false,,8.90,3.5600,true,1,306207
835811000501,false,סירופ מייפל טהור 100% 250 גר',פרסטייל מייפל,CA,סירופ מייפל 100% דלי,גרמים,250.00,100 גרם,false,,21.90,8.7600,true,1,324175
835811000518,false,תמצית וניל טהור הנמל,,IL,תמצית וניל טהור הנמל,מיליליטרים,29.00,"100 מ""ל",false,,21.90,75.5172,true,1,324277
835811000549,false,מגבוני טואלט מועשר ב,עלבד משואות יצחק,IL,מגבוני טואלט מועשר ב,Unknown,0.00,יחידה,false,,11.90,0.0000,true,1,324679
835811000693,false,כוסיות לחיים מרובעות,ביירט,CN,כוסיות לחיים מרובעות,Unknown,0.00,יחידה,false,,17.90,0.0000,true,1,307520
835811000709,false,מטליות לניקוי רצפה ק,,,מטליות לניקוי רצפה ק,Unknown,0.00,יחידה,false,,6.90,0.0000,true,1,307118
835811000723,false,נרות חימום 100 יח הנ,מולר פבריקה נרות,PL,נרות חימום 100 יח הנ,Unknown,0.00,יחידה,false,,17.90,0.0000,true,1,307101
835811000747,false,מזלגות איכותיות קרם,מיקרו,TR,מזלגות איכותיות קרם,Unknown,0.00,יחידה,false,,26.90,0.0000,true,1,307590
835811000754,false,כפות איכותיות קרם בל,מיקרו,TR,כפות איכותיות קרם בל,Unknown,0.00,יחידה,false,,26.90,0.0000,true,1,307591
835811000761,false,כפיות איכותיות קרם ב,מיקרו,TR,כפיות איכותיות קרם ב,Unknown,0.00,יחידה,false,,26.90,0.0000,true,1,307592
835811000778,false,סכינים איכותיים קרם,מיקרו,TR,סכינים איכותיים קרם,Unknown,0.00,יחידה,false,,26.90,0.0000,true,1,307593
835811000785,false,מזלגות איכותיות שקוף,מיקרו,TR,מזלגות איכותיות שקוף,Unknown,0.00,יחידה,false,,26.90,0.0000,true,1,307594
835811000792,false,כפות איכותיות שקוף ב,מיקרו,TR,כפות איכותיות שקוף ב,Unknown,0.00,יחידה,false,,26.90,0.0000,true,1,307595
835811000808,false,כפיות איכותיות שקוף,מיקרו,TR,כפיות איכותיות שקוף,Unknown,0.00,יחידה,false,,26.90,0.0000,true,1,307596
835811000815,false,סכינים איכותיים שקוף,מיקרו,TR,סכינים איכותיים שקוף,Unknown,0.00,יחידה,false,,26.90,0.0000,true,1,307589
835811000860,false,מפיות מודפסות תלת שכ,דקו פרינט,DE,מפיות מודפסות תלת שכ,Unknown,0.00,יחידה,false,,9.90,0.0000,true,1,309362
835811000907,false,כוסות כסף מעוטרות 50 יח' 90 CC,,TR,כוסות יין מעוטרות כס,Unknown,0.00,יחידה,false,,7.90,0.0000,true,1,313014
835811001096,false,סוכריות לקישוט מיני,ממתקי עלה,IL,סוכריות לקישוט מיני,גרמים,400.00,100 גרם,false,,17.90,4.4750,true,1,310030
835811001232,false,"נייר אפיה לתבנית עגולה 26 ס""מ - מארז 10 ניירות",האנג טונג,CN,נייר אפיה לתבנית עגו,Unknown,0.00,יחידה,false,,9.90,0.0000,true,1,315885
835811001317,false,סט צלחות שטוחות נצנצ,מיקרון מקינה,TR,סט צלחות שטוחות נצנצ,Unknown,0.00,יחידה,false,,36.90,0.0000,true,1,312815
835811001331,false,סט מרקיות ולפתניות נ,מיקרון מקינה,TR,סט מרקיות ולפתניות נ,Unknown,0.00,יחידה,false,,34.90,0.0000,true,1,313673
835811001355,false,כוסות מרובעות בלו שי,בי רייט,CN,כוסות מרובעות בלו שי,Unknown,0.00,יחידה,false,,29.90,0.0000,true,1,313126
835811001409,false,"תבנית ח""פ עבה רוסטר",אופל אריזות בעמ,IL,"תבנית ח""פ עבה רוסטר",Unknown,0.00,יחידה,false,,19.90,0.0000,true,1,316152
835811001416,false,"תבנית ח""פ עבה לחלה 1",אופל אריזות בעמ,IL,"תבנית ח""פ עבה לחלה 1",Unknown,0.00,יחידה,false,,19.90,0.0000,true,1,316153
835811001423,false,"תבנית ח""פ עבה רוסטר",אופל אריזות בעמ,IL,"תבנית ח""פ עבה רוסטר",Unknown,0.00,יחידה,false,,19.90,0.0000,true,1,316154
835811001430,false,"תבנית ח""פ עבה רוסטר",אופל אריזות בעמ,IL,"תבנית ח""פ עבה רוסטר",Unknown,0.00,יחידה,false,,19.90,0.0000,true,1,316155
835811001454,false,גפרורים ארוך מאוד הנ,נור,SE,גפרורים ארוך מאוד הנ,Unknown,0.00,יחידה,false,,9.90,0.0000,true,1,316436
835811001461,false,גפרורים בינוני הנרות,,IL,גפרורים בינוני הנרות,Unknown,0.00,יחידה,false,,5.90,0.0000,true,1,316911
835811001621,false,"קינואה הנמל 1.2 ק""ג",הנמל,IL,"קינואה הנמל 1.2 ק""ג",פריט,1.20,"ק""ג",false,,19.90,16.5833,true,1,315251
835811001713,false,"נילון נצמד 150 מ' רוחב 30 ס""מ",ווינפאק סחר בעמ,IL,ניילון נצמד הנמל 150,מטרים,150.00,מטר,false,,14.90,0.0993,true,1,288963
835811001805,false,כוס קינוח אלגנטית 12 יח' +מכסה 120 CC,מיקרו,CN,כוס קינוח אלגנטית +,Unknown,0.00,יחידה,false,,11.90,0.0000,true,1,287331
835811001928,false,קוקטים לאפיה 50 יח 3 אונז (מקרטון צבעוני),בי רייט,CN,תבניות אישיות לאפיה,Unknown,0.00,יחידה,false,,6.90,0.0000,true,1,266661
835811001935,false,קוקטים לאפיה 5.5 אוז 50 יח',בי רייט,CN,תבניות אישיות לאפיה,Unknown,0.00,יחידה,false,,6.90,0.0000,true,1,266662
835811002215,false,מאפינס צבעוני מס' 4 הנמל 200 יח',יונק,,מאפינס צבעוני 200 יח,Unknown,0.00,יחידה,false,,9.90,0.0000,true,1,295323
835811002239,false,מאפינס צבעוני מס' 3 הנמל 200 יח',יונק,,מאפינס צבעוני 200 יח,Unknown,0.00,יחידה,false,,8.90,0.0000,true,1,295322
835811002246,false,מאפינס צבעוני מס' 2 הנמל 200 יח',יונק,,מאפינס צבעוני 200 יח,Unknown,0.00,יחידה,false,,7.90,0.0000,true,1,295321
835811002253,false,מאפינס צבעוני מס' 1.5 הנמל 200 יח',יונק,,מאפינס צבעוני 200 יח,Unknown,0.00,יחידה,false,,6.90,0.0000,true,1,295320
835811002277,false,"שיפודי במבוק גדול במיוחד ""הנמל""",גרנג יוניברס,CN,שיפודי במבוק עבים הנ,Unknown,0.00,יחידה,false,,5.90,0.0000,true,1,317316
835811002406,false,מטליות רצפה מותאם למ,עופרטקס תעשיות 1997,IL,מטליות רצפה מותאם למ,Unknown,0.00,יחידה,false,,19.90,0.0000,true,1,290365
835811002451,false,נרות צבעוני 6 שעות 2,מולר פבריקה נרות,PL,נרות צבעוני 6 שעות 2,Unknown,0.00,יחידה,false,,12.90,0.0000,true,1,289484
835811002628,false,ופל קראנץ עלמה 60 יח,גילרו,IL,ופל קראנץ עלמה 60 יח,גרמים,720.00,100 גרם,false,,17.90,2.4861,true,1,314579
835811002703,false,סט אירוח צלחות ונציה,מיקרון מקינה,TR,סט אירוח צלחות ונציה,Unknown,0.00,יחידה,false,,36.90,0.0000,true,1,315579
835811003007,false,סט מרקיות ולפתניות צ,מיקרון מקינה,TR,סט מרקיות ולפתניות צ,Unknown,0.00,יחידה,false,,34.90,0.0000,true,1,316699
835811003090,false,מזלגות הגשה שקוף 10 יח' הנמל,מיקרון מקינה,TR,מזלגות הגשה מפלסטיק,Unknown,0.00,יחידה,false,,12.90,0.0000,true,1,321450
835811003106,false,כפות הגשה שקוף 10 יח' הנמל,מיקרון מקינה,TR,כפות הגשה מפלסטיק שק,Unknown,0.00,יחידה,false,,12.90,0.0000,true,1,321451
835811003113,false,מזלגות איכותיות שקוף,מיקרו,TR,מזלגות איכותיות שקוף,Unknown,0.00,יחידה,false,,26.90,0.0000,true,1,317858
835811003137,false,כפיות איכותיות שקוף,מיקרו,TR,כפיות איכותיות שקוף,Unknown,0.00,יחידה,false,,26.90,0.0000,true,1,317856
835811003144,false,סכינים איכותיים שקוף,מיקרו,TR,סכינים איכותיים שקוף,Unknown,0.00,יחידה,false,,26.90,0.0000,true,1,317857
835811003328,false,"תבנית ח""פ עבות במיוח",,IL,"תבנית ח""פ עבות במיוח",Unknown,0.00,יחידה,false,,44.90,0.0000,true,1,320493
835811003601,false,צימרונים לתינוק 90 יח' הנמל,ספה,TR,צמרוני אוזניים לתינו,Unknown,0.00,יחידה,false,,5.90,0.0000,true,1,302480
835811003670,false,סירופ בטעם שוקולד 60,O.S,,סירופ בטעם שוקולד 60,גרמים,600.00,100 גרם,false,,9.90,1.6500,true,1,300705
835811003694,false,טישו הנמל 10*140 יח,לילה,TR,טישו הנמל 10*140 יח,Unknown,0.00,יחידה,false,,23.90,0.0000,true,1,300349
835811003700,false,סודה לשתיה הנמל 250 גרם,"פוליבה בע""מ",IL,סודה לשתייה הנמל 250,גרמים,250.00,100 גרם,false,,5.90,2.3600,true,1,311526
835811003878,false,שקיות אשפה עם ידיות הנמל 40 יח 50*70,זמזמ תעשיות פלסטיק,IL,שקיות אשפה עם ידיות,Unknown,0.00,יחידה,false,,11.90,0.0000,true,1,298224
835811004189,false,פרורי לחם מוזהבים בתוספת שומשום 800 גר',הנמל,IL,פירורי לחם מוזהבים ה,גרמים,800.00,100 גרם,false,,9.90,1.2375,true,1,324737
835811004202,false,מפות ניילון עבות הנמ,זמזמ תעשיות פלסטיק,IL,מפות ניילון עבות הנמ,Unknown,0.00,יחידה,false,,9.90,0.0000,true,1,301767
835811004219,false,מפות שולחן ניילון עבה הנמל 8 יח',זמזמ תעשיות פלסטיק,IL,מפות ניילון עבות הנמ,Unknown,0.00,יחידה,false,,9.90,0.0000,true,1,301768
835811004226,false,מפת ניילון בגליל 45 מטר,,IL,מפת ניילון בגליל 45,Unknown,0.00,יחידה,false,,29.90,0.0000,true,1,316521
835811004233,false,מפות ניילון 18 יח ה,זמזמ תעשיות פלסטיק,IL,מפות ניילון 18 יח ה,Unknown,0.00,יחידה,false,,16.90,0.0000,true,1,302662
835811004240,false,מפות ניילון 22 יח הנ,זמזמ תעשיות פלסטיק,IL,מפות ניילון 22 יח הנ,Unknown,0.00,יחידה,false,,16.90,0.0000,true,1,302661
835811004257,false,"רדיד אלומיניום 45 ס""מ 30 מטר 16 מיקרון",גי.טי,CN,נייר אלומיניום הנמל,מטרים,30.00,מטר,false,,19.90,0.6633,true,1,301822
835811004271,false,סלטינה אמריקאית 100 יח',ביירט,CN,צלחות סלטינה אמריקאי,Unknown,0.00,יחידה,false,,20.90,0.0000,true,1,304575
835811004400,false,סילאן לחיץ הנמל 800,פוליבה,IL,סילאן לחיץ הנמל 800,גרמים,800.00,100 גרם,false,,11.90,1.4875,true,1,302252
835811004417,false,ריבת חלב הנמל 340 גר,,,ריבת חלב הנמל 340 גר,גרמים,340.00,100 גרם,false,,11.90,3.5000,true,1,309510
835811004424,false,חלב מרוכז 340 גר פוליבה,"פוליבה בע""מ",IL,חלב מרוכז הנמל 340 ג,גרמים,340.00,100 גרם,false,,11.90,3.5000,true,1,303117
835811004523,false,קשים מיוחדים לשייק הנמל 75 יחידות,,CN,קשים לשייק הנמל 75 י,Unknown,0.00,יחידה,false,,6.90,0.0000,true,1,305246
835811004653,false,"תבנית אלומ` עבה משפחתית4 יח` 32X26 ס""מ",,,"תבניות ח""פ הנמל 4 יח",Unknown,0.00,יחידה,false,,8.90,0.0000,true,1,304576
835811004707,false,פירורי לחם מוזהבים 440 ג' הנמל,ברמן שוקולד ועוגיות,IL,פירורי לחם מוזהבים ה,גרמים,440.00,100 גרם,false,,6.70,1.5227,true,1,252437
835811004943,false,קעריות קסרול שקופות,"אינפלסטיק בע""מ",IL,קסרול שקוף אלגנט 10,Unknown,0.00,יחידה,false,,10.90,0.0000,true,1,252151
835811005025,false,סיר אלומיניום בינוני+מכסה 2יח 3.85 ליטר,קינפויל גאנגזו,CN,סיר אלומיניום בינוני,Unknown,0.00,יחידה,false,,14.90,0.0000,true,1,251890
835811005247,false,קערות מהודרות משובחות ואיכותיות,הנג טונג,CN,קערה שקופה 4 יח 4 או,Unknown,0.00,יחידה,false,,7.90,0.0000,true,1,255444
835811005421,false,"שיפודים עבים 25 ס""מ 75 יח` הנמל",שוורצקוף& הנקל דיסלד,CN,"שיפודים עבים 25 ס""מ",Unknown,0.00,יחידה,false,,2.50,0.0000,true,1,253990
835811005704,false,נייר עטיפה לכריכים הנמל 100 יחידות,טופ פלסט 2002 בעמ,IL,נייר עטיפה לכריכים 1,Unknown,0.00,יחידה,false,,8.90,0.0000,true,1,252540
835811005728,false,עלים לקרמשניט הנמל 400 גרם,"רונית מאפים בע""מ",IL,עלים לקרמשניט 400 גר,גרמים,400.00,100 גרם,false,,14.90,3.7250,true,1,259388
835811005735,false,כריות לכלים הנמל 12,סדובסקי,IL,כריות לכלים הנמל 12,Unknown,0.00,יחידה,false,,9.90,0.0000,true,1,258466
835811005773,false,מטליות לניקוי אבק הנ,מ.א.יצור ויבוא מטליו,IL,מטליות לניקוי אבק הנ,Unknown,0.00,יחידה,false,,19.90,0.0000,true,1,258462
835811005803,false,שקיות אשפה עם ידיות 25 יח' X90-מרכז,תעשיות והשקעה אל רסא,IL,שקיות אשפה עם ידיות,Unknown,0.00,יחידה,false,,11.90,0.0000,true,1,265842
835811006046,false,ליפתן אמרקאיות 5 אונז` 100 יח`,בי רייט,CN,לפתניות אמריקאיות 10,Unknown,0.00,יחידה,false,,17.90,0.0000,true,1,287088
835811006176,false,כוס קינוח קריסטל 24 יח' 60 CC,מיקרון מקינה,TR,כוס קינוח קריסטלי 60,Unknown,0.00,יחידה,false,,14.90,0.0000,true,1,256818
835811006183,false,כוס קינוח קריסטל 24 יח` 120 C,מיקרון מקינה,TR,כוס קינוח קריסטלי 12,Unknown,0.00,יחידה,false,,14.90,0.0000,true,1,256817
835811006497,false,אבקת סוכר 500 גרם הנמל,ר.ס. חברה ליבוא ויצו,IL,אבקת סוכר הנמל 500 ג,גרמים,500.00,100 גרם,false,,6.90,1.3800,true,1,288895
835811006534,false,"כוסות קרטון לשתיה חמה 475 מ""ל",הנמל,CN,כוסות נייר 50 יח 16,Unknown,0.00,יחידה,false,,22.90,0.0000,true,1,264880
835811006589,false,כוס קינוח נאפולי 60C,מיקרו,CN,כוס קינוח נאפולי 60C,Unknown,0.00,יחידה,false,,11.90,0.0000,true,1,323540
835811006596,false,"ליפתן הגשה +6 מכסה, 12 יחידות",מיקרון מקינה,TR,לפתן הגשה 6 אונז + מ,Unknown,0.00,יחידה,false,,11.90,0.0000,true,1,261745
835811006763,false,הנמל תבניות אלומיניום לאפיה אישיות 20 יח,האנוי ואיוין אינטרנש,CN,"תבניות ח""פ לאפיה איש",Unknown,0.00,יחידה,false,,5.90,0.0000,true,1,260684
835811007166,false,כוסות חד פעמיות מקרטון עם מכסה פלסטיק,"צח ייבוא ושיווק בע""מ",IL,כוסות לקפה + מכסה 16,Unknown,0.00,יחידה,false,,12.90,0.0000,true,1,248579
835811007494,false,גלטין טהור מדגים 2 יח` 14 X גר`,גואנגדונג מיניאנג,IL,אבקת גלטין טהור הנמל,גרמים,28.00,100 גרם,false,,8.90,31.7857,true,1,248582
835811007562,false,תבניות קרטון אינגליש קייק 6יח` ארוז 29X9X6,דוקרט תעשיית אריזות,IL,תבניות קרטון אינגליש,Unknown,0.00,יחידה,false,,8.90,0.0000,true,1,248583
835811007661,false,שקיות הקפאה 200 יחידות הנמל 25*35 ס''מ,סאם גלובל תורכיה,CN,שקיות הקפאה הנמל 200,Unknown,0.00,יחידה,false,,6.90,0.0000,true,1,248584
835811007678,false,שקיות אוכל הנמל 200 יח',סאם גלובל תורכיה,CN,שקיות אוכל הנמל 200,Unknown,0.00,יחידה,false,,2.80,0.0000,true,1,248585
835811008132,false,כריות מתכת בגליל 6יח,שוורצקוף& הנקל דיסלד,CN,ספוג מתכת הנמל 6 יח,Unknown,0.00,יחידה,false,,9.90,0.0000,true,1,248590
835811008606,false,"סיר אלומיניום ומכסה ח""פ הנמל 3 יח'",קינפויל/גאנגזו,CN,סיר אלומיניום 3 יחיד,Unknown,0.00,יחידה,false,,12.90,0.0000,true,1,249066
835811008729,false,צלחות אמרקאיות ענק 10 אונ100` יח`,בי רייט,CN,צלחות אמריקאיות ענק,Unknown,0.00,יחידה,false,,59.90,0.0000,true,1,284539
835811008736,false,"צלחות אמרקאיות גדול ח""פ 100 יח'",בי רייט,CN,צלחות אמריקאיות גדול,Unknown,0.00,יחידה,false,,48.90,0.0000,true,1,283952
835811008774,false,"צלחות אמריקאיות 7"" קטן ח""פ 100 יח'",בי רייט,CN,צלחות אמריקאיות קטנו,Unknown,0.00,יחידה,false,,29.90,0.0000,true,1,250479
835811008781,false,"מרקיות אמריקאיות 12OZ ח""פ 100 יח'",בי רייט,CN,"מרקיות אמריקאיות ח""פ",Unknown,0.00,יחידה,false,,29.90,0.0000,true,1,283951
835811008910,false,ליפתניות הגשה 8יח הנ,בי רייט,CN,לפתניות הגשה 8 יח',Unknown,0.00,יחידה,false,,7.90,0.0000,true,1,249059
835811008996,false,"כוסות חד פעמי קרטון 295 מ""ל",הנמל,CN,כוסות נייר 50 יח 300,Unknown,0.00,יחידה,false,,13.90,0.0000,true,1,249056
835811009016,false,כוסות מקרטון 4 אונז,הנמל,CN,כוסות נייר 50 יח 120,Unknown,0.00,יחידה,false,,6.90,0.0000,true,1,249057
835811009139,false,"לפתניות מרובעות ח""פ הנמל 10 יח'",בי רייט,CN,לפתניות מרובע קטן 10,Unknown,0.00,יחידה,false,,9.90,0.0000,true,1,249080
835811009146,false,קערה קטן אובלי אלגנט,מיקרון מקינה,CN,קערה קטן אובלי אלגנט,Unknown,0.00,יחידה,false,,13.90,0.0000,true,1,249077
838948000048,false,ממרח שוקולד אגוזים ש,SHNEIDER'S,NL,ממרח שוקולד אגוזים ש,גרמים,700.00,100 גרם,false,,21.90,3.1286,true,1,288565
838948002769,false,"מחית פרי תפו""ע שנייד",שניידרס,FR,"מחית פרי תפו""ע שנייד",גרמים,360.00,100 גרם,false,,12.90,3.5833,true,1,294460
838948008815,false,שלוקים בטעם תפוח ואפרסק,שניידרס,FR,"מחית פרי תפו""ע ומשמש",גרמים,360.00,100 גרם,false,,12.90,3.5833,true,1,294459
844510012104,false,יין רמת יהודה קברנה,יין רמת יהודה א.ג.ת,IL,יין רמת יהודה קברנה,מיליליטרים,750.00,"100 מ""ל",false,,69.90,9.3200,true,1,312748
844510012111,false,יין רמת יהודה קברנה,אגדת,IL,יין רמת יהודה קברנה,מיליליטרים,750.00,"100 מ""ל",false,,69.90,9.3200,true,1,312749
844510012128,false,יין רמת יהודה מרלו 7,יין רמת יהודה א.ג.ת,IL,יין רמת יהודה מרלו,מיליליטרים,750.00,"100 מ""ל",false,,69.90,9.3200,true,1,312750
844510013125,false,"יין ירושלים הילז מרלו 750 מ""ל",אגדת,IL,יין ג'רוזלם הילז מרל,מיליליטרים,750.00,"100 מ""ל",false,,39.90,5.3200,true,1,312735
844510013149,false,יין ירושלים הילס קבר,אגדת,IL,יין ג'רוזלם הילז קבר,מיליליטרים,750.00,"100 מ""ל",false,,39.90,5.3200,true,1,312736
844510013309,false,"יין גרוזלם הילז רזרב 750 מ""ל",אגדת,IL,יין ג'רוזלם הילז רזר,מיליליטרים,750.00,"100 מ""ל",false,,69.90,9.3200,true,1,312753
850008847257,false,יין טברנקל קברנה סוב,יקב טרנקבל,IL,יין טברנקל קברנה סוב,מיליליטרים,750.00,"100 מ""ל",false,,89.90,11.9867,true,1,322098
850008847264,false,יין טברנקל שהם 2019,יקב טרנקבל,IL,יין טברנקל שהם 2019,מיליליטרים,750.00,"100 מ""ל",false,,89.90,11.9867,true,1,322099
854928007067,false,שוקולד מריר 41% רוקה,מאונטיין צוקולט ק.פ.,HK,שוקולד מריר 41% רוקה,גרמים,600.00,100 גרם,false,,14.90,2.4833,true,1,313943
856591000055,false,עוגיות מזרחיות קריספי שרוף במיוחד,מאפיית יוסף ושמחה עבאדי,IL,עוגיות מזרחיות קריספ,גרמים,400.00,100 גרם,false,,16.90,4.2250,true,1,308938
856591000062,false,עוגיות מזרחיות עם מלח עבאדי 400 גרם,מאפיית יוסף ושמחה עבאדי,IL,עוגיות מזרחיות מלח ע,גרמים,400.00,100 גרם,false,,16.90,4.2250,true,1,274321
856591000109,false,עבאדי עוגיות מזרחיות פריך במיוחד 400 גרם,מאפיית יוסף ושמחה עבאדי,IL,עוגיות מזרחיות פריכו,גרמים,400.00,100 גרם,false,,16.90,4.2250,true,1,308919
884912117625,false,דגני שלווה מצופים בדבש Golden Crisp,הנסיך- מפעל לייצור ט,US,דגני בוקר גולדן קריס,גרמים,418.00,100 גרם,false,,19.90,4.7608,true,1,323605
884912359155,false,דגני בוקר האני באנצ'ס האני רוסטד פוסט 340 גרם,פוסט ארצות הברית,US,דגני בוקר האני בנצ',גרמים,340.00,100 גרם,false,,9.90,2.9118,true,1,323608
884912359162,false,האני באנצ' דגני בוקר עם שקדים פוסט 411 גרם,פוסט ארצות הברית,US,דגני בוקר האני בנצ',גרמים,340.00,100 גרם,false,,9.90,2.9118,true,1,323609
884912359414,false,דגני בוקר האני באנצס קינמון 340 ג' POST,פוסט ארצות הברית,US,דגני בוקר האני בנצ',גרמים,340.00,100 גרם,false,,9.90,2.9118,true,1,323610
884912359421,false,דגני בוקר האני באנצ'ס מייפל ופקאן פוסט 340 גרם,פוסט ארצות הברית,US,דגני בוקר האני בנצ',גרמים,340.00,100 גרם,false,,9.90,2.9118,true,1,323611
884912365217,false,דגני בוקר אוראו שחור ולבן 311 גרם,פוסט ארצות הברית,US,דגני בוקר עם פירורי,גרמים,311.00,100 גרם,false,,19.90,6.3987,true,1,323606
884912378118,false,דגני בוקר רייזן ברן 471 גרם,פוסט לקיוויל,US,דגני בוקר רייזן ברן,גרמים,471.00,100 גרם,false,,22.90,4.8620,true,1,323607
1210000100269,false,ליקר סאותרן קומפורט,קואנטרו,FR,ליקר סאותרן קומפורט,קילוגרמים,1.00,ליטר,false,,89.90,89.9000,true,1,313177
3035542001908,false,ליקר קואנטרו 1 ליטר,קואנטרו,FR,ליקר קואנטרו 1 ליטר,קילוגרמים,1.00,ליטר,false,,119.90,119.9000,true,1,312308
3059944021197,false,"ויט קרם להסרת שיער לעור רגיש (אריזת חיסכון) 400 מ""ל",רקיט בנקיזר צרפת,FR,קרם להסרת שיער ויט 4,מיליליטרים,400.00,"100 מ""ל",false,,39.90,9.9750,true,1,317909
3141360054405,false,פיניש מפיץ ריח למדיח בניחוח לימון וליים,הדקלאים אגודת שיתופי,PL,מפיג ריח פיניש לימון,Unknown,0.00,יחידה,false,,14.90,0.0000,true,1,295719
3267682136176,false,ויסקי היילנד קווין בלנדד 1 ליטר,היילנד קווין קומפני,IL,ויסקי היילנד קווין 1,קילוגרמים,1.00,ליטר,false,,79.90,79.9000,true,1,319139
3281461407172,false,קוניאק ברון רולאנד V,יקב בית אל,IL,קוניאק ברון רולאנד V,מיליליטרים,750.00,"100 מ""ל",false,,199.90,26.6533,true,1,320611
3387390320244,false,פיטנס דגני בוקר מחיטה מלאה עם פירות נסטלה 375 גרם,נסטלה צרפת איטנקורט,FR,דגני בוקר פיטנס עם פ,גרמים,375.00,100 גרם,false,,19.90,5.3067,true,1,246695
3387390525960,false,קראנץ' דגני בוקר עם שוקולד חלב נסטלה 500 גרם,הנסיך- מפעל לייצור ט,FR,דגני בוקר קראנצ 500,גרמים,500.00,100 גרם,false,,19.90,3.9800,true,1,260231
3566761005793,false,יין בורגון פינו נואר,יקב לואיס פסקו,FR,יין בורגון פינו נואר,מיליליטרים,750.00,"100 מ""ל",false,,129.90,17.3200,true,1,321800
3566761006110,false,יין לה בומון שאבלי ל,יקב לואיס פסקו,FR,יין לה בומון שאבלי ל,מיליליטרים,750.00,"100 מ""ל",false,,119.90,15.9867,true,1,321801
3566761006127,false,יין דומיין בורגון שר,,IL,יין דומיין בורגון שר,מיליליטרים,750.00,"100 מ""ל",false,,119.90,15.9867,true,1,322868
3574660058857,false,גונסונס בייבי שמן 500 מל חדש,גונסון אנד גונסון,IT,שמן גונסונס בייבי 50,גרמים,500.00,100 גרם,false,,29.90,5.9800,true,1,305836
3574660089547,false,טמפונים נורמל קלאסי אובה 32 יחידות,ג'\ונסון אנד ג'\ונסון,IT,טמפונים אובה פרוקומפ,Unknown,0.00,יחידה,false,,19.90,0.0000,true,1,254886
3574660115154,false,או-בה טמפונים קלאסי סופר 32יח',ג'\ונסון אנד ג'\ונסון,IT,טמפונים אובה פרוקומפ,Unknown,0.00,יחידה,false,,19.90,0.0000,true,1,254888
3574660239829,false,קרם ידיים קל סדרה נורבגית נוטרוגינה 50 מ,ניוטרוג'ינה Neutrogena,FR,קרם ידיים ניוטרוג'ינ,מיליליטרים,75.00,"100 מ""ל",false,,19.90,26.5333,true,1,324627
3574660464337,false,מגני תחתון קרפרי נורמל אוורירי מבושם,ג'\ונסון אנד ג'\ונסון,IT,מגן תחתון קרפרי נורמ,Unknown,0.00,יחידה,false,,22.90,0.0000,true,1,269446
3574660464368,false,קרפרי מגן תחתון אוורירי אלוורה 76 יח'',גונסון אנד גונסון,IT,מגן תחתון קרפרי אלוו,Unknown,0.00,יחידה,false,,22.90,0.0000,true,1,269447
3574660514643,false,נטרוגינה קרם לחות מרגיע לגוף ולפנים 300,ניוטרוג'ינה Neutrogena,FR,קרם לחות מרגיע ניוטר,מיליליטרים,300.00,"100 מ""ל",false,,19.90,6.6333,true,1,324636
3574660520132,false,ליסטרין מי פה קולמינט 1 ליטר-מרכז,גונסון אנד גונסון,IT,מי פה ליסטרין מנטה 1,קילוגרמים,1.00,ליטר,false,,29.90,29.9000,true,1,288770
3574661098531,false,נטרוגינה תחליב גוף-יבש ורגיש סד.נורווגית,גונסון אנד גונסון,GR,תחליב גוף ניוטרוג'ינ,מיליליטרים,400.00,"100 מ""ל",false,,19.90,4.9750,true,1,324630
3574661098937,false,נטרוגינה תחליב גוף-יבש סדרה נורווגית,ניוטרוג'ינה Neutrogena,GR,תחליב גוף ניוטרוג'ינ,מיליליטרים,400.00,"100 מ""ל",false,,19.90,4.9750,true,1,324631
3574661226491,false,ליסטרין - מי פה טוטאל קר 1 ליטר,גונסון אנד גונסון,IT,מי פה ליסטרין טוטאל,קילוגרמים,1.00,ליטר,false,,29.90,29.9000,true,1,316641
3574661487632,false,מגני תחתון פלוס לארג' בניחוח עדין L,ג'\ונסון אנד ג'\ונסון,IT,מגן תחתון קרפרי לארג,Unknown,0.00,יחידה,false,,22.90,0.0000,true,1,308744
3574669907682,false,גונסונס בייבי טלק 500 גרם חדש,גונסון אנד גונסון,IT,טלק גונסונס בייבי 50,גרמים,500.00,100 גרם,false,,29.90,5.9800,true,1,307679
3574669907729,false,גונסונס בייבי שמפו לתינוק 750 מל,גונסון אנד גונסון,IT,שמפו גונסונס בייבי ג,מיליליטרים,750.00,"100 מ""ל",false,,23.90,3.1867,true,1,322238
3574669908665,false,גונסונס בייבי אל סבון לפני השינה 750 מל,גונסון אנד גונסון,IT,אל סבון לפני השינה ג,מיליליטרים,750.00,"100 מ""ל",false,,19.90,2.6533,true,1,307636
3574669908948,false,"גונסונס בייבי אל סבון לרחצה עדינה 750 מ""ל",גונסון אנד גונסון,IT,תחליב רחצה עדין גונס,מיליליטרים,750.00,"100 מ""ל",false,,19.90,2.6533,true,1,307637
3607343817547,false,"אדידס - דאודורנט ספריי לגבר קליימקול 150 מ""ל",קולפ,PT,דאו אדידס ספריי לגבר,מיליליטרים,150.00,"100 מ""ל",false,,11.90,7.9333,true,1,324072
3607349687458,false,"דאו' ספריי לגבר קול דריי פרש 150מ""ל",קולפ,PT,דאו אדידס ספריי לגבר,מיליליטרים,150.00,"100 מ""ל",false,,11.90,7.9333,true,1,324073
3614223736003,false,"אדידס - דאודורנט ספריי לגבר אדיפיור 150 מ""ל",איגפק אס.איי,PT,דאו אדידס ספריי לגבר,מיליליטרים,150.00,"100 מ""ל",false,,11.90,7.9333,true,1,324074
3661163991146,false,"אדידס - דאודורנט ספריי לאישה קול אנד קר פרש 150 מ""ל",מיוצר עי קונדיטוריית,PT,דאו אדידס ספריי לאיש,מיליליטרים,150.00,"100 מ""ל",false,,11.90,7.9333,true,1,284611
3661163991344,false,"אדידס דאודורנט ספריי מקס פרו-קליר לאישה 150 מ""ל",מיוצר עי קונדיטוריית,PT,דאו אדידס ספריי לאיש,מיליליטרים,150.00,"100 מ""ל",false,,11.90,7.9333,true,1,284615
3760262540009,false,יין נדיב ראשית 2018,יקב רקאנטי,IL,יין נדיב ראשית 2018,מיליליטרים,750.00,"100 מ""ל",false,,89.90,11.9867,true,1,313081
3760262540054,false,יין נדיב אלאון קברנה,יקב רקאנטי,IL,יין נדיב אלאון קברנה,מיליליטרים,750.00,"100 מ""ל",false,,139.90,18.6533,true,1,313084
4001432773230,false,בלו ווין מוסקטו 1 ליטר,יקב רמת הגולן,IL,יין בלו ווין מוסקטו,מיליליטרים,750.00,"100 מ""ל",false,,49.90,6.6533,true,1,321386
4002448017684,false,"סיליט באנג ספריי ניקוי כללי מסיר אבנית 750 מ""ל",הדקלאים אגודת שיתופי,PL,תרסיס סיליט באנג 750,מיליליטרים,750.00,"100 מ""ל",false,,12.50,1.6667,true,1,271611
4002448019480,false,"סיליט באנג מסיר שומנים רב שימושי 750 מ""ל",סיליט באנג Cillit Bang,PL,תרסיס סיליט באנג מסי,מיליליטרים,750.00,"100 מ""ל",false,,12.50,1.6667,true,1,271613
4002631025069,false,"בירה קוניגסבכר 4.6% 500 מ""ל פחית",קרלסברג יבוא יצוא,DE,בירה קוניגסבכר פילס,מיליליטרים,500.00,"100 מ""ל",false,,5.90,1.1800,true,1,318448
4002631025830,false,"בירה קוניגסבאכר חיטה 5.1% 500 מ""ל פחית",קרלסברג יבוא יצוא,DE,בירה קוניגסבכר חיטה,מיליליטרים,500.00,"100 מ""ל",false,,5.90,1.1800,true,1,318449
4008287051032,false,בירה קרומבאכר פילס 0.50 ליטר פחית,מנדלז סי.אר. פרודקשן,IL,בירה קרומבאכר פילס פ,מיליליטרים,500.00,"100 מ""ל",false,,9.90,1.9800,true,1,316489
4008287058161,false,בירה קרומבאכר פילס 4.8% שישיה 6 * 330 מל,מנדלז סי.אר. פרודקשן,IL,מארז בירה קרומבאכר פ,קילוגרמים,1.98,ליטר,false,,29.90,15.1010,true,1,316492
4008287762020,false,בירה קרומבאכר חיטה 0.50 ליטר בקבוק,מבשלת קרומבאכר,IL,בירה קרומבאכר חיטה ב,מיליליטרים,500.00,"100 מ""ל",false,,9.90,1.9800,true,1,316490
4008287905786,false,בירה קרומבאכר חיטה 0.50 ליטר פחית,מנדלז סי.אר. פרודקשן,IL,בירה קרומבאכר חיטה פ,מיליליטרים,500.00,"100 מ""ל",false,,9.90,1.9800,true,1,316491
4008496884896,false,מארז 10 סוללות ורטה,,,מארז 10 סוללות ורטה,Unknown,0.00,יחידה,false,,14.90,0.0000,true,1,312438
4008496927364,false,מארז 10 סוללות VARTA AAA -חדש,,,מארז 10 סוללות ורטה,Unknown,0.00,יחידה,false,,14.90,0.0000,true,1,312439
4008535095351,false,בננית חטיף ממולא קרם בטעם בננה בציפוי שוקולד 300 גר',שקדיה,IL,בננית מצופה שוקולד ש,גרמים,300.00,100 גרם,false,,12.90,4.3000,true,1,318413
4009300522935,false,תה ירוק פומפדור לימונית ולואיזה 20 יחידות,"איטיליאן פוד, אס.פי.",DE,תה ירוק פומפדור לימו,גרמים,30.00,100 גרם,false,,14.90,49.6667,true,1,262541
4009300524588,false,חליטת צמחים פומפדור פירות יער 20 יחידות,פומפדור Pompadour,DE,חליטת צמחים פומפדור,גרמים,60.00,100 גרם,false,,11.90,19.8333,true,1,262536
4009300524625,false,תה צ'אי מסאלה פומפדור 20 יחידות,פומפדור Pompadour,DE,תה פומפדר צאי מסאלה,גרמים,40.00,100 גרם,false,,11.90,29.7500,true,1,262539
4009300525011,false,פומפידור תה ירוק עם תפוז וג'ינגר 25 שקיקים,"איטיליאן פוד, אס.פי.",,תה ירוק פומפדור תפוז,גרמים,30.00,100 גרם,false,,14.90,49.6667,true,1,262545
4009900465304,false,סוכריות סקיטלס פירות חמוצים 174 גרם,ריגלי ממתקים,PL,סוכריות סקיטלס פירות,גרמים,174.00,100 גרם,false,,7.90,4.5402,true,1,267734
4009900479998,false,אורביט וויט אוכמניות בקבוקון 46 מלבניות,ריגלי פולין,PL,מסטיק אורביט בבקבוק,גרמים,64.00,100 גרם,false,,9.40,14.6875,true,1,288877
4009900483803,false,מסטיק איירובס מנטה אקליפטוס בקבוקון 60יח',איירוויבס Airwaves,PL,מסטיק אירוובס פרופשי,גרמים,84.00,100 גרם,false,,12.90,15.3571,true,1,305903
4009900491044,false,מסטיק איירובס אוכמניות בקבוקון 60יח',איירוויבס Airwaves,PL,מסטיק אירוובס אוכמנ,גרמים,84.00,100 גרם,false,,12.90,15.3571,true,1,305909
4009900496247,false,"מסטיק אורביט לל""ס מלבניות בקבוק בבלימנט 60 יח",אורביט Orbit,PL,מסטיק אורביט בבלימנט,גרמים,84.00,100 גרם,false,,12.90,15.3571,true,1,305904
4012273123009,false,נטרוגינה קרם ידיים 50 מל הסדרה הנורבגית,גונסון אנד גונסון,FR,קרם ידיים ניוטרוג'ינ,מיליליטרים,50.00,"100 מ""ל",false,,19.90,39.8000,true,1,324628
4015400564454,false,מגני תחתון אולוויז לארג' עם ניחוח מגה פק,פרוקטר אנד גמבל,,מגן תחתון אולוויז מג,Unknown,0.00,יחידה,false,,16.90,0.0000,true,1,259224
4015400598329,false,תחבושות אולוויז קוואטרו נורמל פלוס 56 יחידות,פרוקטר אנד גמבל,HU,תחבושות אלוויז קוואט,Unknown,0.00,יחידה,false,,32.90,0.0000,true,1,259915
4015400598381,false,תחבושות היגייניות אולטרה לונג - מארז קוואטרו 48 יח',פרוקטר אנד גמבל,HU,תחבושות אלוויז קוואט,Unknown,0.00,יחידה,false,,32.90,0.0000,true,1,259914
4015400598411,false,תחבושות היגייניות יום ולילה Day & Night - מארז 40 יח',פרוקטר אנד גמבל,HU,תחבושות אלוויז קוואט,Unknown,0.00,יחידה,false,,32.90,0.0000,true,1,259913
4015400695691,false,פמפרס בייבי דריי מידה 5 74 יח,פרוקטר & גמבל,TR,חיתולי פמפרס בייבי ד,Unknown,0.00,יחידה,false,,64.90,0.0000,true,1,321353
4015400746812,false,מגני תחתון אולוויז נורמל עם ניחוח מגה פק,פרוקטר אנד גמבל,,מגן תחתון אולוויז מג,Unknown,0.00,יחידה,false,,16.90,0.0000,true,1,293541
4015400990543,false,"אבקת כביסה קולור 8 ק""ג אריאל",פרוקטור אנד גמבל,FR,אבקת כביסה צבעונית א,פריט,8.00,"ק""ג",false,,54.90,6.8625,true,1,289851
4015600762742,false,שמפו יומיומי למניעת קשקשים הנוסחה הקלאסית,הד אנד שולדרס H&S,,שמפו הד&שולדרס קלאסי,מיליליטרים,500.00,"100 מ""ל",false,,17.90,3.5800,true,1,261145
4015600762780,false,שמפו וקונדישינר יומיומי למניעת קשקשים הנוסחה הקלאסית 2in1,פרוקטר אנד גמבל,,שמפו ומרכך הד&שולדרס,מיליליטרים,500.00,"100 מ""ל",false,,17.90,3.5800,true,1,261146
4015600762902,false,"האד אנד שולדרס שמפו מנטול 500 מ""ל",הד אנד שולדרס H&S,,שמפו הד&שולדרס מנטול,מיליליטרים,500.00,"100 מ""ל",false,,17.90,3.5800,true,1,261147
4015600762940,false,שמפו יומיומי למניעת קשקשים בניחוח תפוח,הד אנד שולדרס H&S,,שמפו הד&שולדרס תפוח,מיליליטרים,500.00,"100 מ""ל",false,,17.90,3.5800,true,1,261151
4015600763022,false,שמפו יומיומי למניעת קשקשים לשיער יבש/פגום לשיער רך כמשי,הד אנד שולדרס H&S,,שמפו הד&שולדרס מגע מ,מיליליטרים,500.00,"100 מ""ל",false,,17.90,3.5800,true,1,261150
4015600810849,false,גילט דאו קליר גל 70 מל פאוור ראש,פרוקטר אנד גמבל,,דאו גל גילט קליר פאו,גרמים,70.00,100 גרם,false,,17.90,25.5714,true,1,290921
4022025001905,false,"בלו ווין מבעבע זהב 750 מ""ל",היי סישל סוהן טראבן,IL,יין בלו ווין זהב 24K,מיליליטרים,750.00,"100 מ""ל",false,,49.90,6.6533,true,1,321387
4022025001929,false,"בלו ווין מבעבע כחול 750 מ""ל",היי סישל סוהן טראבן,IL,יין בלו ווין כחול מב,מיליליטרים,750.00,"100 מ""ל",false,,49.90,6.6533,true,1,321388
4022025261002,false,יין בלו ווין גוורצטרמינר 750 מל,לנגוט טראבן,DE,יין לבן בלו ווין גוו,מיליליטרים,750.00,"100 מ""ל",false,,44.90,5.9867,true,1,314027
4022025290408,false,יין בלו ווין פינק רוזה כשר 750 מל,יקב רמת הגולן,IL,יין בלו ווין פינק רו,מיליליטרים,750.00,"100 מ""ל",false,,49.90,6.6533,true,1,321389
4052197000017,false,"בירה בנדיקטינר חיטה לא מסוננת 500 מ""ל",בנדיקטינר וויצבראו,,בירה בנדיקטינר 5.4%,מיליליטרים,500.00,"100 מ""ל",false,,8.90,1.7800,true,1,320672
4053700292455,false,ויט רצועות שעווה מוכנות להסרת שיער לעור רגיל 12 יחידות,רקיט בנקיזר צרפת,FR,רצועות שעווה לעור רג,Unknown,0.00,יחידה,false,,19.90,0.0000,true,1,309567
4062400115483,false,"טקילה סיירה סילבר 700 מ""ל",אגדת,IL,טקילה סיירה סילבר 70,מיליליטרים,700.00,"100 מ""ל",false,,79.90,11.4143,true,1,319141
4062400543125,false,"טקילה סיירה רפוסאדו 700 מ""ל",מזקקת סיארה אונידס,IL,טקילה סיירה זהב רפוס,מיליליטרים,700.00,"100 מ""ל",false,,79.90,11.4143,true,1,319142
4066600999614,false,"בירה פאולנר, בירת חיטה מעוננת, בקבוק 500 מ""ל","איי, בי, אינבוו",DE,בירה מעוננת פאולנר 5,מיליליטרים,500.00,"100 מ""ל",false,,10.90,2.1800,true,1,297873
4084500371453,false,"טייד אבקת כביסה אלפיין 8 ק""ג",פרוקטר אנד גמבל,FR,אבקת טייד אלפיין 8 ק,פריט,8.00,"ק""ג",false,,41.90,5.2375,true,1,267707
4105120623941,false,"בירה ויינשטפן בק' ח""פ 500 מ""ל","ויינשטפן, ת.ד 1155 פרייז",IL,בירה ויינשטפן 5.4% 5,מיליליטרים,500.00,"100 מ""ל",false,,10.90,2.1800,true,1,299033
4105120624412,false,"בירה ויינשטפן ויטוס 500 מ""ל","ויינשטפן, ת.ד 1155 פרייז",IL,בירה ויינשטפן 7.7% 5,מיליליטרים,500.00,"100 מ""ל",false,,10.90,2.1800,true,1,314437
4210201176688,false,אורל בי ראש חשמלי סנסיטיב 4 יחידות,פרוקטר אנד גמבל,IE,ראש חשמלי למברשת שינ,Unknown,0.00,יחידה,false,,69.90,0.0000,true,1,319903
4210201181477,false,אורל בי ראש חשמלי לילדים פרוזן 4 יחידות,פרוקטר אנד גמבל,IE,ראש חשמלי למברשת שינ,Unknown,0.00,יחידה,false,,69.90,0.0000,true,1,320634
4210201245193,false,אורל בי מברשת שיניים חשמלית נטענת לילדים פרוזן,פרוקטר אנד גמבל,DE,מברשת שיניים חשמלית,Unknown,0.00,יחידה,false,,89.90,0.0000,true,1,312320
4210201262183,false,מברשת שיניים חשמלית ויטליטי Vitality נטענת,פרוקטר אנד גמבל,DE,מברשת שיניים חשמלית,Unknown,0.00,יחידה,false,,89.90,0.0000,true,1,310610
4210201360742,false,אורל בי ראש חשמלי פלקסי סופט 4 יחידות,פרוקטר אנד גמבל,IE,ראש חשמלי למברשת שינ,Unknown,0.00,יחידה,false,,69.90,0.0000,true,1,319905
4210201365334,false,אורל בי ראש חשמלי סיבי פחם ארבע יחידות,פרוקטר אנד גמבל,IE,ראש חשמלי למברשת שינ,Unknown,0.00,יחידה,false,,69.90,0.0000,true,1,320635
4260147890513,false,אטריות ביצים דקות ורמיצ'לי 500ג',דין שיווק,PL,אטריות ביצים דקות שק,גרמים,500.00,100 גרם,false,,9.90,1.9800,true,1,253874
4260147890551,false,אטריות ביצים רצועות 500 גר,דין שיווק,PL,אטריות ביצים רצועות,גרמים,500.00,100 גרם,false,,9.90,1.9800,true,1,253872
4603400000067,false,וודקה רוסקי סטנדרט 1,רוסקי סטנדרט,RU,וודקה רוסקי סטנדרט 1,קילוגרמים,1.00,ליטר,false,,89.90,89.9000,true,1,307464
4603400000203,false,וודקה רוסקי סטנדרט 1,,,וודקה רוסקי סטנדרט 1,קילוגרמים,1.00,ליטר,false,,89.90,89.9000,true,1,304763
4603514009277,false,"גין באריסטר יבש 700 מ""ל",לאדוגה גרופ,IL,ג'ין יבש באריסטר 700,מיליליטרים,700.00,"100 מ""ל",false,,74.90,10.7000,true,1,319140
4603928000983,false,בלוגה נובל וודקה 1 ליטר,מרינסקי ליקרו-וודאצ'ני ז,,וודקה בלוגה 1 ליטר,קילוגרמים,1.00,ליטר,false,,129.90,129.9000,true,1,299305
4640018993398,false,פיניש קוואנטום 60 יח' קפסולות ג'ל למדיח כלים,רקיט בנקיזר,PL,טבליות פיניש קוואנטו,Unknown,0.00,יחידה,false,,58.90,0.0000,true,1,311253
4710964104916,false,"שמן שומשום טהור 370 מ""ל (כ)",פלייבור פול פודס טיי,TW,שמן שומשום טהור מזרח,מיליליטרים,370.00,"100 מ""ל",false,,19.90,5.3784,true,1,309830
4710964170799,false,שומשום שחור קלוי 91 גרם,פלייבור פול פודס טיי,TW,שומשום שחור קלוי מזר,גרמים,91.00,100 גרם,false,,16.50,18.1319,true,1,309831
4751007730938,false,שפרוטים מעושנים 240 גרם,פודסטוק,LV,שפורט מעושן בשמן דבר,גרמים,240.00,100 גרם,false,,7.90,3.2917,true,1,302755
4791021002789,false,תה ירוק אימפרה 100 ש,IMPERIAL TEA EXPORT,,תה ירוק 100 שקיקים,גרמים,200.00,100 גרם,false,,19.90,9.9500,true,1,275940
4791021003588,false,תה אימפרה צהוב 100 ש,IMPERIAL TEA EXPORT,,תה שחור אימפרה 100 ש,גרמים,150.00,100 גרם,false,,9.90,6.6000,true,1,267547
4791021004462,false,תה ירוק תפוח 25 שקיק,IMPERIAL TEA EXPORT,,תה ירוק תפוח 25 שקיק,גרמים,50.00,100 גרם,false,,9.90,19.8000,true,1,301193
4791021004554,false,תה ירוק מנטה 25 שקיק,IMPERIAL TEA EXPORT,,תה ירוק מנטה 25 שקיק,גרמים,50.00,100 גרם,false,,9.90,19.8000,true,1,301194
4791021006695,false,תה ירוק יסמין 25 שקי,IMPERIAL TEA EXPORT,,תה ירוק יסמין 25 שקי,גרמים,50.00,100 גרם,false,,9.90,19.8000,true,1,301195
4791021009399,false,תה ירוק קלאסי 25 שקי,IMPERIAL TEA EXPORT,,תה ירוק קלאסי 25 שקי,גרמים,50.00,100 גרם,false,,9.90,19.8000,true,1,301192
4791021901969,false,תה ירוק חמוציות 25 ש,IMPERIAL TEA EXPORT,,תה ירוק חמוציות 25 ש,גרמים,50.00,100 גרם,false,,9.90,19.8000,true,1,301190
4791021901983,false,תה ירוק צאי מסאלה אימפרה 30שק',IMPERIAL TEA EXPORT,,תה ירוק צאי מסלה 25,גרמים,50.00,100 גרם,false,,9.90,19.8000,true,1,301191
4791021904861,false,תה ירוק גינגר 25 שקי,IMPERIAL TEA EXPORT,,תה ירוק גינגר 25 שקי,גרמים,50.00,100 גרם,false,,9.90,19.8000,true,1,301189
4791021944720,false,תה ארל גריי ספיישל 2,IMPERIAL TEA EXPORT,,תה ארל גריי שחור 10,גרמים,200.00,100 גרם,false,,19.90,9.9500,true,1,302146
4891228430054,false,סכיני גילוח לנשים שיק אקזקטה 2 5 יח,שיק,CN,סכיני גילוח לנשים שי,Unknown,0.00,יחידה,false,,9.90,0.0000,true,1,295736
4891228430092,false,סכיני גילוח שיק אקסטרים קומפורט לנשים 3 להבים 4 יחידות,אנרג'יזר Energizer,CN,סכיני גילוח לנשים שי,Unknown,0.00,יחידה,false,,14.90,0.0000,true,1,297851
4891228460242,false,שיק קוואטרו חד פעמי לנשים 3 יחידות,אנרג'יזר Energizer,CN,סכיני גילוח לנשים 4,Unknown,0.00,יחידה,false,,19.90,0.0000,true,1,308913
4903001904192,false,"רוטב סויה יאמסה פרימיום 500 מ""ל",הדקלאים אגודת שיתופי,JP,רוטב סויה יאמאסה 500,גרמים,500.00,100 גרם,false,,17.50,3.5000,true,1,322531
4903001925784,false,"רוטב סויה יאמאסה פרמיום דל מלח 500 מ""ל",הדקלאים אגודת שיתופי,JP,רוטב סויה מופחת נתרן,גרמים,500.00,100 גרם,false,,17.50,3.5000,true,1,322532
4903001930993,false,"רוטב טריאקי יאמאסה 500 מ""ל",ליימן מותגים,JP,רוטב טריאקי יאמאסה 5,גרמים,500.00,100 גרם,false,,17.50,3.5000,true,1,322534
5000146048671,false,סילבו משחה לניקוי כלי כסף 75 גרם,רקיט בנקיזר,PT,סילבו מטליות לניקוי,Unknown,0.00,יחידה,false,,14.90,0.0000,true,1,258588
5000157143365,false,מתבל בטעם מיונז וקטשופ היינץ 425 גרם,"פודליצקי ספ.ז.או.או,",PL,רוטב בטעם מיונז וקטש,גרמים,425.00,100 גרם,false,,14.90,3.5059,true,1,315463
5000267013602,false,ויסקי רד לייבל 1 ליט,ג'וני ווקר,GB,ויסקי רד לייבל 1 ליט,קילוגרמים,1.00,ליטר,false,,79.90,79.9000,true,1,299307
5000281005416,false,ויסקי טליסקר סינגל מ,טליסקר,GB,ויסקי טליסקר סינגל מ,מיליליטרים,700.00,"100 מ""ל",false,,199.90,28.5571,true,1,317412
5000299225004,false,"וויסקי שיבאס ריגאל 18 שנה 700 מ""ל",מזקקת האחים שיבאס,,ויסקי שיבאס ריגל 18,מיליליטרים,700.00,"100 מ""ל",false,,199.90,28.5571,true,1,294791
5000299225028,false,"וויסקי שיבס 18 750 מ""ל",,,ויסקי שיבאס ריגל 18,מיליליטרים,750.00,"100 מ""ל",false,,199.90,26.6533,true,1,293463
5000299607091,false,ויסקי סקוטי סקאפה 70,,IS,ויסקי סקוטי סקאפה 70,מיליליטרים,700.00,"100 מ""ל",false,,199.90,28.5571,true,1,319034
5000299607176,false,ויסקי סקאפה גלאנסה ס,,IS,ויסקי סקאפה גלאנסה ס,מיליליטרים,700.00,"100 מ""ל",false,,199.90,28.5571,true,1,320049
5000299609347,false,"וויסקי גלנליווט פאונדרס רזרב 700 מ""ל",ג'ורג' וג'יי ג'יי סמית,,ויסקי גלנליווט פאונד,מיליליטרים,700.00,"100 מ""ל",false,,119.90,17.1286,true,1,302129
5000394093812,false,סוללות דורסל סימפלי,דורסל,,סוללות דורסל סימפלי,Unknown,0.00,יחידה,false,,24.90,0.0000,true,1,301771
5000394093836,false,סוללות דורסל סימפלי,דורסל,,סוללות דורסל סימפלי,Unknown,0.00,יחידה,false,,24.90,0.0000,true,1,301772
5010029000252,false,וויטביקס תערובת דגנים מחיטה מלאה 430 גרם,וויטביקס,GB,דגני בוקר וויטביקס א,גרמים,430.00,100 גרם,false,,21.90,5.0930,true,1,323621
5010327603056,false,ויסקי מאנקי שולדר 1,וויליאם גרנט ובניו,GB,ויסקי מאנקי שולדר 1,קילוגרמים,1.00,ליטר,false,,179.90,179.9000,true,1,317339
5010391101007,false,ליקר דרמבוי 1 ליטר,גלזגו,GB,ליקר דרמבוי 1 ליטר,קילוגרמים,1.00,ליטר,false,,139.90,139.9000,true,1,318450
5010677551281,false,"בקרדי בריזר לימון 275 מ""ל בקבוק",בקרדי בריזר Bacardi Breezer,BE,בקרדי בריזר לימון 27,מיליליטרים,275.00,"100 מ""ל",false,,12.90,4.6909,true,1,284299
5010677551397,false,"בקרדי בריזר לימון ליים 275 מ""ל",בקרדי בריזר Bacardi Breezer,BE,בקרדי בריזר ליים 275,מיליליטרים,275.00,"100 מ""ל",false,,12.90,4.6909,true,1,309660
5010677552387,false,"בקרדי בריזר אננס 275 מ""ל בקבוק",בקרדי בריזר Bacardi Breezer,BE,בקרדי בריזר אננס 275,מיליליטרים,275.00,"100 מ""ל",false,,12.90,4.6909,true,1,284300
5010677554398,false,"בקרדי בריזר אבטיח 275 מ""ל בקבוק",בקרדי בריזר Bacardi Breezer,BE,בקרדי בריזר אבטיח 27,מיליליטרים,275.00,"100 מ""ל",false,,12.90,4.6909,true,1,284298
5011007003227,false,וויסקי גיימיסון 1 ליטר,אייריש דיסטלריז,,ויסקי גיימסון 1 ליטר,קילוגרמים,1.00,ליטר,false,,99.90,99.9000,true,1,302145
5024546356587,false,וויסקי גראנד מקניש 1 ליטר SCOTCH,אגדת,IL,ויסקי גראנד מקניש 1,קילוגרמים,1.00,ליטר,false,,79.90,79.9000,true,1,316920
5024546366630,false,וויסקי לאודרס 1 ליטר SCOTCH,לאודרס,IL,ויסקי לאודרס סקוטי 1,קילוגרמים,1.00,ליטר,false,,89.90,89.9000,true,1,317309
5053827215862,false,קלוגס קוקו פופס שוקו 500ג',קלוגס מניופקטורינג אספנה,DE,קלוגס קוקו פופס שוקו,גרמים,500.00,100 גרם,false,,14.90,2.9800,true,1,317050
5060060210219,false,תרסיס אסטוניש מבריק,יעקב יעקובי,IL,תרסיס אסטוניש מבריק,מיליליטרים,750.00,"100 מ""ל",false,,9.90,1.3200,true,1,292939
5060060211612,false,קרם אסטוניש לניקוי ע,יעקב יעקובי,IL,קרם אסטוניש לניקוי ע,מיליליטרים,500.00,"100 מ""ל",false,,9.90,1.9800,true,1,320633
5060809351401,false,כפפות ויניל 100 יח מ,,,כפפות ויניל 100 יח מ,Unknown,0.00,יחידה,false,,14.90,0.0000,true,1,318405
5060809354761,false,כפפות ניטריל 100 יחי,,,כפפות ניטריל 100 יחי,Unknown,0.00,יחידה,false,,21.90,0.0000,true,1,320755
5060809354778,false,כפפות ניטריל 100 יחי,,,כפפות ניטריל 100 יחי,Unknown,0.00,יחידה,false,,21.90,0.0000,true,1,320756
5099864006384,false,סימילאק למהדרין שלב 2 אריזת חיסכון 900 ג.,אבוט מעבדות רפואיות,NL,סימילאק מהדרין שלב 2,גרמים,900.00,100 גרם,false,,69.90,7.7667,true,1,253698
5099864006391,false,סימילאק למהדרין שלב 3 אריזת חיסכון 900 ג,אבוט מעבדות רפואיות,NL,סימילאק מהדרין שלב 3,גרמים,900.00,100 גרם,false,,69.90,7.7667,true,1,253699
5099873088654,false,ויסקי ג'ק דניאלס סינ,ג'ק דניאלס,US,ויסקי ג ק דניאלס סינ,מיליליטרים,700.00,"100 מ""ל",false,,179.90,25.7000,true,1,318423
5201085540084,false,סוכריות ג'ילי מיקס שקית 800 גר',פאלאס אס איי,GR,סוכריות גילו מיקס 70,גרמים,700.00,100 גרם,false,,13.90,1.9857,true,1,254483
5202175001515,false,נאצ'וס בטעם מלוח 225 גרם,אל סבור מקסיקן פוד,TW,נאצ'וס בטעם מלוח אל,גרמים,225.00,100 גרם,false,,10.50,4.6667,true,1,309808
5202175001546,false,נאצוס בטעם ברביקיו 225 גר,אל סבור מקסיקן פוד,TW,נאצ'וס בטעם ברביקיו,גרמים,225.00,100 גרם,false,,10.50,4.6667,true,1,309809
5391523062152,false,סימילאק למהדרין 400 גרם שלב 1,אבוט אירלנד,IE,סימילאק מהדרין שלב 1,גרמים,400.00,100 גרם,false,,29.90,7.4750,true,1,323703
5410126006087,false,עוגיות לוטוס ארוזות בתפזורת 700 גרם,לוטוס ביקרי נ.וי.,BE,ביסקוויט קרמל לוטוס,גרמים,700.00,100 גרם,false,,19.90,2.8429,true,1,264680
5410126006360,false,לוטוס עוגיות סנדוויץ' במילוי לוטוס 150 גר',לוטוס ביקרי בלגיה נ.,,עוגיות סנדוויץ בטעם,גרמים,150.00,100 גרם,false,,8.90,5.9333,true,1,319372
5410126006377,false,לוטוס עוגיות סנדוויץ' במילוי וניל 150 גר',לוטוס ביקרי בלגיה נ.,,עוגיות סנדוויץ בטעם,גרמים,150.00,100 גרם,false,,8.90,5.9333,true,1,319373
5410126106022,false,מארז עוגיות לוטוס 250 גר*2,לוטוס ביקרי נ.וי.,BE,עוגיות לוטוס מארז חג,גרמים,500.00,100 גרם,false,,14.90,2.9800,true,1,323922
5410126116953,false,ממרח ביסקוויט קרמל לוטוס 400 גרם,לוטוס בייקרי בלגיה נ,BE,ממרח עוגיות לוטוס 40,גרמים,400.00,100 גרם,false,,19.90,4.9750,true,1,258407
5410126666038,false,"ביסקוויט קרמל לוטוס 279 גרם בד""צ",לוטוס ביקרי נ.וי,BE,ביסקוויט קרמל לוטוס,גרמים,279.00,100 גרם,false,,9.90,3.5484,true,1,303225
5410126726947,false,ממרח ביסקוויט קרמל קראנץ' לוטוס 380 גרם,לוטוס בייקרי בלגיה נ,BE,ממרח עוגיות קראנצ לו,גרמים,380.00,100 גרם,false,,19.90,5.2368,true,1,265846
5410228141785,false,"בירה הוגרדן בירה 330 מ""ל",קרלסברג יבוא יצוא,BE,"בירה הוגרדן 330 מ""ל",מיליליטרים,330.00,"100 מ""ל",false,,6.90,2.0909,true,1,308977
5410228142089,false,בירה לף בלונד בקבוק330מל,אינבב.ברוורייליין1,,בירה לף בלונד 6.6%,מיליליטרים,330.00,"100 מ""ל",false,,6.90,2.0909,true,1,267345
5410316442930,false,"וודקה סמירנוף , 1 ליטר",,,וודקה סמירנוף אדום 1,קילוגרמים,1.00,ליטר,false,,69.90,69.9000,true,1,290033
5410316983693,false,"סמירנוף אייס בקבוק 275 מ""ל",סמירנוף אייס Smirnoff ice,GB,"סמירנוף אייס 275 מ""ל",מיליליטרים,275.00,"100 מ""ל",false,,12.90,4.6909,true,1,313748
5411188080268,false,"אלפרו סויה אורגני 1 ל מפוקח ע""י סקאל",הנסיך- מפעל לייצור ט,BE,משקה סויה אורגני אלפ,קילוגרמים,1.00,ליטר,false,,11.90,11.9000,true,1,265236
5411188081852,false,אלפרו משקה סויה בטעם וניל 1 ל',הנסיך- מפעל לייצור ט,BE,משקה סויה וניל אלפרו,קילוגרמים,1.00,ליטר,false,,11.90,11.9000,true,1,265235
5411188094159,false,רביעיית מעדן סויה שוקו מריר אלפרו 125 גרם,הנסיך- מפעל לייצור ט,BE,מארז מעדן סויה שוקול,גרמים,500.00,100 גרם,false,,15.90,3.1800,true,1,254884
5411188110835,false,אלפרו חלב סויה שקדים וניל 1ל',הנסיך- מפעל לייצור ט,BE,משקה שקדים אלפרו 1 ל,קילוגרמים,1.00,ליטר,false,,12.90,12.9000,true,1,267441
5411188112549,false,משקה קוקוס אלפרו 1 ליטר משקה אורז 1 ליטר,הנסיך- מפעל לייצור ט,BE,משקה אורז ללא סוכר א,קילוגרמים,1.00,ליטר,false,,12.90,12.9000,true,1,267439
5411188112709,false,"משקה קוקוס אלפרו 1 ליטר משקה שקדים לל""ס",הנסיך- מפעל לייצור ט,BE,משקה שקדים לא ממותק,קילוגרמים,1.00,ליטר,false,,12.90,12.9000,true,1,302785
5411188115366,false,משקה קוקוס אלפרו 1 ליטר משקה שיבולת שועל 1 ליטר,הנסיך- מפעל לייצור ט,BE,משקה שיבולת שועל אלפ,קילוגרמים,1.00,ליטר,false,,12.90,12.9000,true,1,267438
5411188115434,false,אלפרו משקה בריסטה סויה 1 ליטר,אלפרו Alpro,BE,משקה בריסטה סויה אלפ,קילוגרמים,1.00,ליטר,false,,12.90,12.9000,true,1,322224
5411188115472,false,אלפרו משקה סויה 1 ליטר,הנסיך- מפעל לייצור ט,BE,משקה סויה אלפרו 1 לי,קילוגרמים,1.00,ליטר,false,,9.90,9.9000,true,1,313846
5411188118732,false,אלפרו חלב משקה קוקוס שקדים 1 ל',הנסיך- מפעל לייצור ט,BE,משקה קוקוס שקדים אלפ,קילוגרמים,1.00,ליטר,false,,12.90,12.9000,true,1,291930
5411188120742,false,משקה קוקוס אלפרו 1 ליטר שקדים וניל 1 ל',הנסיך- מפעל לייצור ט,BE,משקה שקדים וניל אלפר,קילוגרמים,1.00,ליטר,false,,12.90,12.9000,true,1,291931
5411188124689,false,משקה אלפרו שיבולת שועל ללא סוכר 1 ליטר,אלפרו C.V.A,BE,משקה שיבולת שועל ללא,קילוגרמים,1.00,ליטר,false,,12.90,12.9000,true,1,314735
5411188127697,false,אלפרו בריסטה משקה שיבולת שועל 1 ליטר,הנסיך- מפעל לייצור ט,BE,משקה בריסטה שיבולת ש,קילוגרמים,1.00,ליטר,false,,12.90,12.9000,true,1,314736
5411188134985,false,אלפרו 3.5% NOT M*LK שיבולת שועל 1 ליטר בית יוסף,הנסיך- מפעל לייצור ט,IL,משקה שיבולת שועל 3.5,קילוגרמים,1.00,ליטר,false,,13.90,13.9000,true,1,321038
5411188135005,false,אלפרו 1.8% NOT M*LK שיבולת שועל 1 ליטר בית יוסף,הנסיך- מפעל לייצור ט,IL,משקה שיבולת 1.8% שו,קילוגרמים,1.00,ליטר,false,,13.90,13.9000,true,1,321039
5411188300328,false,אלפרו סויה שוקו 1 ליטר * 8 יחי,הנסיך- מפעל לייצור ט,BE,משקה סויה שוקו אלפרו,קילוגרמים,1.00,ליטר,false,,11.90,11.9000,true,1,265234
5411188543398,false,משקה סויה ללא סוכר אלפרו 1 ליטר,הנסיך- מפעל לייצור ט,BE,משקה סויה ללא תוספת,קילוגרמים,1.00,ליטר,false,,9.90,9.9000,true,1,313178
5412865030668,false,דקיקי שוקולד במילוי מנטה פשקז 200 גרם,,,דקיקי שוקולד במילוי,גרמים,200.00,100 גרם,false,,15.90,7.9500,true,1,297431
5711953106583,false,גבינת שמנת בטעם טבעי 200 גרם ארלה,ארלה פודס אמבה,IL,גבינת שמנת טבעי 24.5,גרמים,200.00,100 גרם,false,,13.90,6.9500,true,1,309325
5711953106590,false,גבינת שמנת ארלה שמנת שום 200 גרם,ארלה פודס אמבה,IL,גבינת שמנת שום 24% א,גרמים,200.00,100 גרם,false,,13.90,6.9500,true,1,309326
5711953106606,false,גבינת שמנת עם תבלינים ועשבי תיבול 23.5%,ארלה פודס אמבה,IL,גבינת שמנת עשבי תיבו,גרמים,200.00,100 גרם,false,,13.90,6.9500,true,1,309327
5900020026552,false,דגני בוקר האני נאט צ'יריוס בטעם דבש ושקדים,נסטלה צרפת איטנקורט,FR,דגני בוקר האני נאט צ,גרמים,625.00,100 גרם,false,,19.90,3.1840,true,1,310077
5900020039590,false,פיטנס חטיף דגנים קלאסי פרווה 8 6*23.5 ג,נסטלה פולין דגני בוק,IL,חטיף דגנים קלאסי פיט,גרמים,141.00,100 גרם,false,,9.90,7.0213,true,1,318919
5900020039620,false,פיטנס חטיף דגנים שקדים ודבש פרווה 8 6*23 ג,נסטלה פולין ברים,IL,חטיף דגנים שקדים ודב,גרמים,141.00,100 גרם,false,,9.90,7.0213,true,1,318920
5900907000583,false,מלפפונים שלמים בחומץ900ג,סגל דברים טובים,PL,מלפפון בחומץ בצנצנת,גרמים,920.00,100 גרם,false,,13.90,1.5109,true,1,288911
5900907000835,false,"מלפפונים בחומץ 2.55 ק""ג",סגל דברים טובים,PL,מלפפון בחומץ אורבנק,פריט,2.55,"ק""ג",false,,29.90,11.7255,true,1,288910
5901483010102,false,"חליטת תפו""ע פירות יע",bifix,,"חליטת תפו""ע פירות יע",גרמים,50.00,100 גרם,false,,7.90,15.8000,true,1,267205
5901483020309,false,חליטת פירות יער 25 ש,BIFIX,,חליטת פירות יער 25 ש,גרמים,50.00,100 גרם,false,,7.90,15.8000,true,1,267314
5901483060022,false,חליטת עלי מרווה ביופ,bifix,,חליטת עלי מרווה 20 ש,גרמים,40.00,100 גרם,false,,7.90,19.7500,true,1,267319
5901483060060,false,חליטת שומר 20 שקיקים,ביופלוייד,,חליטת שומר 20 שקיקים,גרמים,40.00,100 גרם,false,,7.90,19.7500,true,1,301196
5901483060206,false,חליטת מנטה 20 שקיקים,BIFIX,,חליטת מנטה 20 שקיקים,גרמים,40.00,100 גרם,false,,7.90,19.7500,true,1,267317
5901483060404,false,חליטת בבונג 20 שקיקי,bifix,,חליטת בבונג 20 שקיקי,גרמים,35.00,100 גרם,false,,7.90,22.5714,true,1,267203
5901483081027,false,חליטת לואיזה 20 שקיק,bifix,,חליטת לואיזה 20 שקיק,גרמים,35.00,100 גרם,false,,7.90,22.5714,true,1,268046
5902198160403,false,XL משקה אנרגיה מוגז ללא סוכר עד 10 קלוריות לפחית 250 מל,"טמפו משקאות בע""\מ",IL,משקה אנרגיה אקסל ללא,מיליליטרים,250.00,"100 מ""ל",false,,3.90,1.5600,true,1,297339
5904941750312,false,"משקה אנרגיה BLU מוחיטו בודד 250 מ""ל",אקו - ביט,,משקה אנרגיה בלו דיי,מיליליטרים,250.00,"100 מ""ל",false,,4.50,1.8000,true,1,260191
5904941751302,false,"משקה אנרגיה בלו 250 מ""ל- בודד",אקו - ביט,PL,משקה אנרגיה בלו 250,מיליליטרים,250.00,"100 מ""ל",false,,4.50,1.8000,true,1,250290
5904941751920,false,בלו משקה אנרגיה דיי חצי מכמות הקלו250 מל,אקו - ביט,,משקה אנרגיה בלו דיי,מיליליטרים,250.00,"100 מ""ל",false,,4.50,1.8000,true,1,259785
5904941752262,false,משקה אנרגיה בטעם לימון ליים ללא תוספת סוכר,הנסיך- מפעל לייצור ט,PL,משקה אנרגיה בלו סיקס,מיליליטרים,250.00,"100 מ""ל",false,,4.50,1.8000,true,1,313655
5906485301012,false,"משקה אנרגיה XL פחית 250 מ""ל","טמפו משקאות בע""מ",IL,משקה אנרגיה אקסל 250,מיליליטרים,250.00,"100 מ""ל",false,,3.90,1.5600,true,1,251768
5997321770307,false,ויט רצועות שעווה מוכנות לעור רגיש 12 יחידות,רקיט בנקיזר צרפת,FR,רצועות שעווה לעור רג,Unknown,0.00,יחידה,false,,19.90,0.0000,true,1,309568
6009684861000,false,חטיף דגנים בטעם מייפל שקדים 175 גרם,דין שיווק,MK,חטיף דגנים בטעם דבש,גרמים,125.00,100 גרם,false,,9.90,7.9200,true,1,249425
6102020000948,false,מארז 24 סוללות פאואר,,,מארז 24 סוללות פאואר,Unknown,0.00,יחידה,false,,29.90,0.0000,true,1,313001
6102021100869,false,מארז 19 סוללות כפתור פאואר,,,מארז 19 סוללות כפתור,Unknown,0.00,יחידה,false,,14.90,0.0000,true,1,319764
6102022100202,false,מארז 12 סוללות אלקלי,,,מארז 12 סוללות אלקלי,Unknown,0.00,יחידה,false,,11.90,0.0000,true,1,322915
6102022100219,false,מארז 12 סוללות אלקלי,,,מארז 12 סוללות אלקלי,Unknown,0.00,יחידה,false,,11.90,0.0000,true,1,322916
6111049000051,false,סרדין חריף פיקנטי בשמן סויה 125 גרם,U.P.A,,סרדין מרוקאי בשמן סו,גרמים,125.00,100 גרם,false,,4.90,3.9200,true,1,255797
6111049000150,false,סרדין בשמן צמחי ולימון 125גר,אטלנטיק הום סרדינס א,MA,סרדין בשמן ולימון 12,גרמים,125.00,100 גרם,false,,4.90,3.9200,true,1,258907
6111049002055,false,סרדין מרוקאי בשמן סו,אטלנטיק הום סרדינס א,MA,סרדין מרוקאי בשמן סו,גרמים,125.00,100 גרם,false,,4.90,3.9200,true,1,255798
6111119000011,false,קוסקוס מרוקאי אורגינל 1ק,אטלס קוסקוס,,קוסקוס מרוקאי פרידה,פריט,1.00,"ק""ג",false,,12.90,12.9000,true,1,249193
6112014100301,false,נר הבדלה פמוט פירמיד,,,נר הבדלה פמוט פירמיד,Unknown,0.00,יחידה,false,,14.90,0.0000,true,1,268229
6112017100513,false,נר הבדלה דגם מס 7,,,נר הבדלה דגם מס 7,Unknown,0.00,יחידה,false,,12.90,0.0000,true,1,295843
6112017103811,false,כדוריות אולינהום לאס,yiwu kai yun,CN,כדוריות אולינהום לאס,גרמים,224.00,100 גרם,false,,12.90,5.7589,true,1,303302
6112017103996,false,שקיות הקפאה פסגור או,יואן קאי יון,CN,שקיות הקפאה פסגור או,Unknown,0.00,יחידה,false,,14.90,0.0000,true,1,304358
6112017104016,false,שקיות אוכל פסגור אול,,,שקיות אוכל פסגור אול,Unknown,0.00,יחידה,false,,14.90,0.0000,true,1,304625
6112017104030,false,ספוג מסאג אמבטיה 2 י,,,ספוג מסאג אמבטיה 2 י,Unknown,0.00,יחידה,false,,13.90,0.0000,true,1,303360
6112017105358,false,שקיות הקפאה 30 יח,,,שקיות הקפאה 30 יח,Unknown,0.00,יחידה,false,,14.90,0.0000,true,1,307746
6112017105549,false,כריות קרצוף זוג מסיל,,,כריות קרצוף זוג מסיל,Unknown,0.00,יחידה,false,,16.90,0.0000,true,1,307849
6112017105877,false,אטבי כביסה אולינהום,,,אטבי כביסה אולינהום,Unknown,0.00,יחידה,false,,17.90,0.0000,true,1,309251
6112017106256,false,אטבי כביסה אולינהום,,,אטבי כביסה אולינהום,Unknown,0.00,יחידה,false,,17.90,0.0000,true,1,309801
6112017106294,false,כפפות גומי L אולינהו,,,כפפות גומי L אולינהו,Unknown,0.00,יחידה,false,,8.90,0.0000,true,1,309559
6112017106782,false,ספוג למקלחת זוג,,,ספוג למקלחת זוג,Unknown,0.00,יחידה,false,,19.90,0.0000,true,1,314400
6112017106881,false,כפפות גומי 4 יח' S א,,,כפפות גומי 4 יח' S א,Unknown,0.00,יחידה,false,,8.90,0.0000,true,1,312850
6112017106898,false,כפפות גומי 4 יח' M א,,,כפפות גומי 4 יח' M א,Unknown,0.00,יחידה,false,,8.90,0.0000,true,1,312851
6224009175062,false,תחתיות ארטישוק 3-7 1קג,O.K FRUIT,EG,תחתיות ארטישוק קפוא,פריט,1.00,"ק""ג",false,,14.90,14.9000,true,1,309947
6224009175123,false,"פול ירוק 1 ק""ג 1 ק""ג",O.K FRUIT,EG,"פול קפוא 1 ק""ג",פריט,1.00,"ק""ג",false,,13.90,13.9000,true,1,309948
6224009175147,false,"במיה 4.5-5.5 ס""מ 1 ק",O.K FRUIT,EG,"במיה קפואה 1 ק""ג",פריט,1.00,"ק""ג",false,,11.90,11.9000,true,1,309949
6224009175192,false,"תות שדה 1 ק""ג קפוא ב",O.K FRUIT,EG,"תות שדה קפוא 1 ק""ג",פריט,1.00,"ק""ג",false,,14.90,14.9000,true,1,309950
6412700021027,false,וודקה פינלנדיה 1 ליט,,,וודקה פינלנדיה 1 ליט,קילוגרמים,1.00,ליטר,false,,89.90,89.9000,true,1,297914
6910191800287,false,אצות נורי בלו 10 דף (ננגטונג),ננטונג היידה אקווטוק,CN,אצות נורי לסושי מזרח,Unknown,0.00,יחידה,false,,11.90,0.0000,true,1,309821
6912977000140,false,אטריות שעועית 250 גר' ( Yantai)ללא גלוטן(כ),יאנטאי ינסידה לנוגקא,CN,אטריות שעועית מזרח ו,גרמים,250.00,100 גרם,false,,8.90,3.5600,true,1,309810
6921052701001,false,אצות וואקמה 40 גרם (רונגצ'אנג)(כ),ננטונג הידה אקוטיק פ,CN,אצות ווקאמה מיובשות,גרמים,40.00,100 גרם,false,,8.50,21.2500,true,1,324801
6922276100083,false,מחית וואסבי -חזרת 43 גרם (דליאן),דליאן ג'ינדה קונדימנ,CN,מחית וואסבי חזרת מזר,גרמים,43.00,100 גרם,false,,9.90,23.0233,true,1,309822
6923634954621,false,ממתק סטיקס בטעם פטל,שנטו גאבט פודס' ושו,CN,ממתק סטיקס בטעם פטל,גרמים,390.00,100 גרם,false,,19.90,5.1026,true,1,313674
6923634954690,false,ממתק סטיקס בטעם אבטי,שנטו גאבט פודס' ושו,CN,ממתק סטיקס בטעם אבטי,גרמים,390.00,100 גרם,false,,19.90,5.1026,true,1,313963
6923634954713,false,מאגדת סטיקס 130 גרם,שנטו ליאנטונג פודס קו,CN,מאגדת סטיקס 130 גרם,גרמים,130.00,100 גרם,false,,9.90,7.6154,true,1,313137
6923634954850,false,ממתק סטיקס בטעם תות,שנטו גאבט פודס' ושו,CN,ממתק סטיקס בטעם תות,גרמים,390.00,100 גרם,false,,19.90,5.1026,true,1,313676
6934731200078,false,אטריות טריות דקות מזרח מערב 200 גרם,יאנטאי ינסידה לנוגקא,CN,אטריות טריות דקות מז,גרמים,200.00,100 גרם,false,,6.90,3.4500,true,1,324797
6934731210138,false,אטריות טריות עבות מזרח מערב 200 גרם,יאנטאי ינסידה לנוגקא,CN,אטריות טריות עבות מז,גרמים,200.00,100 גרם,false,,6.90,3.4500,true,1,324798
6936613888664,false,שום 4 ראשים,אראל תוצרת חקלאית בע,IL,שום 4 ראשים,Unknown,4.00,יחידה,false,,7.90,1.9750,true,1,311057
6936613888667,false,שום ארוז יבוא,אראל תוצרת חקלאית בע,IL,שום 4 ראשים,Unknown,4.00,יחידה,false,,6.90,1.7250,true,1,316719
6936745600462,false,"מירין 500 מ""ל (דאניינג)",דאנינג יוה פודס קו,CN,מירין מזרח ומערב 500,מיליליטרים,500.00,"100 מ""ל",false,,17.90,3.5800,true,1,309832
6936745600783,false,"חומץ אורז מזרח מערב 500 מ""ל",דאנינג יוה פודס קו,CN,חומץ אורז מזרח ומערב,מיליליטרים,500.00,"100 מ""ל",false,,14.90,2.9800,true,1,309823
6952379521317,false,ספוג רחצה 3 יח',,,ספוג רחצה 3 יח',Unknown,0.00,יחידה,false,,12.90,0.0000,true,1,265527
6974800740104,false,"טבעות תפו""ע טבעי עם",היאגואן,CN,"טבעות תפו""ע טבעי עם",גרמים,88.00,100 גרם,false,,12.90,14.6591,true,1,323694
6974800740203,false,"טבעות תפו""ע טבעי עם",היאגואן,CN,"טבעות תפו""ע טבעי עם",גרמים,88.00,100 גרם,false,,12.90,14.6591,true,1,323695
6974800740302,false,"טבעות תפו""ע טבעי מיו",היאגואן,CN,"טבעות תפו""ע טבעי מיו",גרמים,88.00,100 גרם,false,,12.90,14.6591,true,1,323696
7162203029011,false,שמיכת פוך זוגי אינדי,,,שמיכת פוך זוגי אינדי,Unknown,0.00,יחידה,false,,119.90,0.0000,true,1,325117
7290000000282,false,חסה ערבית יחידה,אראל תוצרת חקלאית בע,IL,שום 12 ראשים,Unknown,12.00,יחידה,false,,17.90,1.4917,true,1,246373
7290000000411,false,שום יבש יבוא רמי לוי,אראל תוצרת חקלאית בע,IL,שום 4 ראשים,Unknown,4.00,יחידה,false,,7.90,1.9750,true,1,290224
7290000000978,false,חסה ברכת קטיף מהדרין,ביכורי השקמה,IL,חסה גלאט ברכת קטיף,Unknown,0.00,יחידה,false,,5.90,0.0000,true,1,249262
7290000000985,false,פטרוזיליה ברכת קטיף ייבול נוכרי בוסתן,ברכת קטיף,IL,פטרוזיליה גלאט ברכת,Unknown,0.00,יחידה,false,,5.90,0.0000,true,1,249263
7290000001043,false,כרוב לבן מהדרין קטיף טרי,ברכת קטיף,IL,כרוב לבן ברכת קטיף,קילוגרמים,1.00,"ק""ג",true,,13.90,13.9000,true,1,249270
7290000001074,false,כרוב אדום מהדרין קטיף טרי.,קרלברג ייצור ושיווק,IL,כרוב אדום ברכת קטיף,קילוגרמים,1.00,"ק""ג",true,,14.90,14.9000,true,1,249272
7290000001524,false,שוק מפורק+חזה הודו (,מעדני מניה תעשיות בש,IL,בצל ירוק,Unknown,0.00,יחידה,false,,6.90,0.0000,true,1,249269
7290000001579,false,סלרי מהדרין קטיף טרי,ביכורי השקמה,IL,סלרי גלאט ברכת קטיף,Unknown,0.00,יחידה,false,,5.90,0.0000,true,1,249267
7290000001616,false,כוסברה ייבול נוכרי בוסתן,ברכת קטיף,IL,כוסברה גלאט ברכת קטי,Unknown,0.00,יחידה,false,,5.90,0.0000,true,1,249264
7290000023007,false,"ברנדי שטוק 84 37 % 750 מ""ל","יקבי ברקן בע""ם",IL,"ברנדי שטוק 84 750 מ""",מיליליטרים,750.00,"100 מ""ל",false,,64.90,8.6533,true,1,270819
7290000023083,false,ערק אשקלון בקבוק 700,"יקבי ברקן בע""\מ",IL,ארק אשקלון 40% 700 מ,מיליליטרים,700.00,"100 מ""ל",false,,49.90,7.1286,true,1,265391
7290000023410,false,"ליקר שטוק קפה 750 מ""ל","יקבי ברקן בע""\מ",,ליקר סטוק גלה קפה 75,מיליליטרים,750.00,"100 מ""ל",false,,49.90,6.6533,true,1,268557
7290000023427,false,"ליקר שטוק אמרטו 750 מ""ל","יקבי ברקן בע""\מ",,ליקר סטוק אמרטו 750,מיליליטרים,750.00,"100 מ""ל",false,,49.90,6.6533,true,1,268558
7290000023809,false,"יין קלאסיק קברנה סוביניון ברקן 750 מ""ל",יקבי ברקן שיווק והפצה בע,IL,יין קלאסיק קברנה,מיליליטרים,750.00,"100 מ""ל",false,,27.90,3.7200,true,1,251365
7290000023816,false,"יין קלאסיק אמרלד ריזלינג ברקן 750 מ""ל",יקבי ברקן שיווק והפצה בע,IL,יין קלאסיק אמרלד ריז,מיליליטרים,750.00,"100 מ""ל",false,,27.90,3.7200,true,1,251237
7290000024202,false,"יין רזרב קברנה סוביניון ברקן 750 מ""ל",ברקן שיווק והפצה בעמ,IL,יין רזרב קברנה סובני,מיליליטרים,750.00,"100 מ""ל",false,,38.90,5.1867,true,1,260904
7290000024264,false,"יין רזרב מרלו ברקן 750 מ""ל","כרמי צבי - אחים סגל בע""\",IL,יין רזרב מרלו,מיליליטרים,750.00,"100 מ""ל",false,,38.90,5.1867,true,1,260905
7290000024523,false,"תירוש של סגל ,מיץ ענבים , 1 ליטר",כרמי צבי - האחים סגל,IL,מיץ ענבים תירוש אדום,קילוגרמים,1.00,ליטר,false,,12.90,12.9000,true,1,316630
7290000024554,false,"יין אסמבלאז' ריחן 2013 ברקן 750 מ""ל",יקבי ברקן,IL,יין ריחן אסמבלאז,מיליליטרים,750.00,"100 מ""ל",false,,49.90,6.6533,true,1,302158
7290000024905,false,"וודקה קגלביץ' קלאסיקה 700 מ""ל","יקבי ברקן בע""\מ",IL,וודקה קגלביץ קלאסיקה,מיליליטרים,700.00,"100 מ""ל",false,,59.90,8.5571,true,1,249758
7290000024912,false,"וודקה קגלביץ' לימון 700 מ""ל","יקבי ברקן בע""מ",IL,וודקה קגלביץ לימון 2,מיליליטרים,700.00,"100 מ""ל",false,,39.90,5.7000,true,1,249759
7290000032634,false,חומוס שלם 550 ג' פרי זה,זנלכל,IL,חומוס שלם פרי זה 550,גרמים,550.00,100 גרם,false,,5.90,1.0727,true,1,246668
7290000034256,false,ביסקוויט תירוש חצי מצופה הדר 175ג',אפיפית נצרת תעשיות ב,IL,ביסקוויט חצי מצופה ת,גרמים,175.00,100 גרם,false,,5.90,3.3714,true,1,271403
7290000040462,false,טוסטי גבינה בסגנון אמריקאי אדם 23% תנובה 200 גרם,תנובה מרכז שיתופי לש,IL,גבינה טעם אמריקאי 22,גרמים,200.00,100 גרם,false,,16.90,8.4500,true,1,246925
7290000041407,false,"גיל קטן 3% תנובה 125 מ""ל בד""ץ",תנובה מרכז שיתופי לש,IL,"גיל תנובה 125 מ""ל",מיליליטרים,125.00,"100 מ""ל",false,,0.90,0.7200,true,1,247027
7290000041445,false,קוטג תנובה גביע 250 גרם 5% בדצ,מיוצר עי קונדיטוריית,IL,קוטג 5% תנובה 250 גר,גרמים,250.00,100 גרם,false,,1.90,0.7600,true,1,247028
7290000041452,false,קוטג תנובה גביע 250 גרם 9% בדצ,תנובה מרכז שיתופי לש,IL,קוטג 9% תנובה 250 גר,גרמים,250.00,100 גרם,false,,5.50,2.2000,true,1,247029
7290000041858,false,"שמנת חמוצה 15% יטבתה 200 מ""ל מהדרין",מחלבת יטבתה,IL,שמנת חמוצה 15% יטבתה,מיליליטרים,200.00,"100 מ""ל",false,,2.50,1.2500,true,1,253578
7290000042015,false,"חלב שתייה תנובה בד""צ בשקית 1 ליטר",תנובה מרכז שיתופי לש,IL,חלב שקית 3% תנובה 1,קילוגרמים,1.00,ליטר,false,,5.30,5.3000,true,1,223413
7290000042367,false,חלב טרי 3% בקבוק תנובה 1 ליטר מהדרין,תנובה מרכז שיתופי לש,IL,חלב בבקבוק 3% תנובה,קילוגרמים,1.00,ליטר,false,,5.70,5.7000,true,1,298976
7290000042671,false,חלב עמיד %3 קרטון 1 ל בהכשר בדצ,תנובה מרכז שיתופי לש,IL,חלב עמיד 3% תנובה 1,קילוגרמים,1.00,ליטר,false,,6.90,6.9000,true,1,247078
7290000042855,false,"שוקו בשקית 250 מ""ל ""יטבתה""",שטראוס גרופ,IL,שוקו שקית יטבתה 225,מיליליטרים,225.00,"100 מ""ל",false,,2.50,1.1111,true,1,252896
7290000043012,false,"שוקו עמיד 2% בקרטון 250 מ""ל תנובה",תנובה מרכז שיתופי לש,IL,שוקו עמיד תנובה 250,מיליליטרים,250.00,"100 מ""ל",false,,4.40,1.7600,true,1,247081
7290000043814,false,השף הלבן שמנת להקצפה 38% שומן 250 מל - מוצר בפיקוח,תנובה מרכז שיתופי לש,IL,שמנת להקצפה 38% השף,מיליליטרים,250.00,"100 מ""ל",false,,6.40,2.5600,true,1,247093
7290000043890,false,תנובה רויון לבן מחלב מפסוטר 1.5%,תנובה מרכז שיתופי לש,IL,רויון 1.5% תנובה 1 ל,קילוגרמים,1.00,ליטר,false,,10.90,10.9000,true,1,247094
7290000044712,false,יוגורט עם תות 1.5% שומן 500 ג' פרילי,מיוצר עי קונדיטוריית,IL,פרילי תות 500 גרם,מיליליטרים,500.00,"100 מ""ל",false,,9.90,1.9800,true,1,247121
7290000044880,false,באדי יוגורט תות 3% שומן 500 ג' תנובה,מיוצר עי קונדיטוריית,IL,"באדי תות 500 מ""ל",מיליליטרים,500.00,"100 מ""ל",false,,8.90,1.7800,true,1,247122
7290000045399,false,גבינה מותכת ניר 26% 200 גרם,תנובה מרכז שיתופי לש,IL,גבינה מותכת 26% ניר,גרמים,200.00,100 גרם,false,,13.40,6.7000,true,1,247148
7290000045771,false,יוגורט לבן 4% תנובה 3 ליטר,תנובה מרכז שיתופי לש,IL,משקה יוגורט 4% תנובה,קילוגרמים,3.00,ליטר,false,,26.90,8.9667,true,1,249505
7290000047546,false,השף הלבן כנען גבינה לבנה דלת נתרן 5% תנובה 500 גרם,תנובה מרכז שיתופי לש,IL,גבינת כנען 5% 500 גר,גרמים,500.00,100 גרם,false,,22.90,4.5800,true,1,247227
7290000047621,false,גבינה לבנה רכה 5% תנובה 250ג' מהדרין,תנובה מרכז שיתופי לש,IL,גבינה 5% תנובה 250 ג,גרמים,250.00,100 גרם,false,,4.90,1.9600,true,1,247229
7290000047942,false,**תנובה גבינה לבנה מהדרין 9% 250ג,תנובה מרכז שיתופי לש,IL,גבינה 9% תנובה 250 ג,גרמים,250.00,100 גרם,false,,4.90,1.9600,true,1,247230
7290000048185,false,גבינה לבנה 5% 250 גרם - מוצר בפיקוח,מיוצר עי קונדיטוריית,IL,גבינה 5% תנובה 250 ג,גרמים,250.00,100 גרם,false,,4.90,1.9600,true,1,247232
7290000048437,false,פיראוס צפתית 5% שומן 200 גרם,פארייפאבה אגרואינדוס,IL,גבינה צפתית 5% פיראו,גרמים,200.00,100 גרם,false,,13.90,6.9500,true,1,247240
7290000048444,false,"גבינת חמד 16%שומן 1 ק""ג",תנובה מרכז שיתופי לש,IL,גבינת חמד 16% פיראוס,פריט,1.00,"ק""ג",false,,49.90,49.9000,true,1,247241
7290000048451,false,פיראוס חרמון מלוחה 16% 250גר,תנובה מרכז שיתופי לש,IL,גבינת חרמון 16% פירא,גרמים,250.00,100 גרם,false,,17.90,7.1600,true,1,247242
7290000050447,false,"יוגורט ביו בטעם תות YYY יופלה 500 מ""ל",מיוצר עי קונדיטוריית,IL,יופלה תות 3% 500 גרם,מיליליטרים,500.00,"100 מ""ל",false,,12.60,2.5200,true,1,249513
7290000050454,false,יוגורט יופלה אפרסק 3% שומן 500 גרם,מיוצר עי קונדיטוריית,IL,יופלה אפרסק 3% 500 ג,מיליליטרים,500.00,"100 מ""ל",false,,12.60,2.5200,true,1,249507
7290000050966,false,תנובה גבינה לבנה מהדרין 5% 850 גר,תנובה מרכז שיתופי לש,IL,גבינה 5% תנובה 850 ג,גרמים,850.00,100 גרם,false,,15.90,1.8706,true,1,250412
7290000051307,false,"מארז הפסקת אוכל עם דגני עוגי ומשקה חלב עמיד בטעם וניל 150 מ""ל",תנובה מרכז שיתופי לש,IL,מארז הפסקת אוכל דגני,מיליליטרים,150.00,"100 מ""ל",false,,8.90,5.9333,true,1,260519
7290000051376,false,יוגורט יופלה דיאט אננס 0% שומן 150 גרם,תנובה מרכז שיתופי לש,IL,יופלה דיאט 0% אננס 1,גרמים,150.00,100 גרם,false,,4.70,3.1333,true,1,307398
7290000052311,false,גבינה צהובה עמק לייט 15% שומן 200 גרם,תנובה מרכז שיתופי לש,IL,גבינה עמק מופחת שומן,גרמים,200.00,100 גרם,false,,14.90,7.4500,true,1,252976
7290000052649,false,גבינת לאבנה 5% שומן 500 ג' פיראוס,תנובה מרכז שיתופי לש,IL,לאבנה על בסיס יוגורט,גרמים,500.00,100 גרם,false,,18.90,3.7800,true,1,251580
7290000052946,false,מארז יוגורט יופלה לבן מעודן בדצ 8*150,תנובה מרכז שיתופי לש,IL,מארז יופלה וניל במתי,גרמים,800.00,100 גרם,false,,19.90,2.4875,true,1,251826
7290000053981,false,מאגדת יופלה 4*תות 150ג 4*אפרסק 150ג בדצ,תנובה מרכז שיתופי לש,IL,מארז יופלה מחית תות/,קילוגרמים,1.20,ליטר,false,,25.90,21.5833,true,1,252173
7290000055015,false,פיראוס גבינת פטה כבשים 5% תנובה 250 גרם,תנובה מרכז שיתופי לש,IL,גבינת פטה כבשים 5% פ,גרמים,250.00,100 גרם,false,,24.90,9.9600,true,1,253362
7290000055336,false,"משקה יוגורט 1.5% בטעם בננה אפרסק יופלה 250 מ""ל",תנובה מרכז שיתופי לש,IL,משקה יוגורט יופלה בנ,גרמים,250.00,100 גרם,false,,4.90,1.9600,true,1,260646
7290000055343,false,משקה יוגורט יופלה פירות טרופיים 250 גרם,תנובה מרכז שיתופי לש,IL,משקה יוגורט יופלה טר,גרמים,250.00,100 גרם,false,,4.90,1.9600,true,1,260647
7290000055756,false,גבינה לבנה 5% תנובה מארז 850X2ג' בדץ,תנובה מרכז שיתופי לש,IL,מארז גבינה 5% תנובה,פריט,1.70,"ק""ג",false,,31.90,18.7647,true,1,253363
7290000055893,false,חמאה משמנת מפוסטרת 200גרם 82% כ.מהדרין - מוצר בפיקוח,תנובה מרכז שיתופי לש,IL,חמאה תנובה 200 גרם,גרמים,200.00,100 גרם,false,,7.60,3.8000,true,1,254445
7290000056081,false,מארז יוגורט פרילי טבע 6*200 גרם,מיוצר עי קונדיטוריית,IL,מארז פרילי טבע גרנול,פריט,1.20,"ק""ג",false,,21.90,18.2500,true,1,258286
7290000056760,false,גבינת עמק פרוס 28% בקופסא 400 גרם,תנובה מרכז שיתופי לש,IL,גבינה עמק 28% 400 גר,גרמים,400.00,100 גרם,false,,28.90,7.2250,true,1,257473
7290000056883,false,שמיניית יוגורט יופלה 3% טעמים שונים 150 גרם,תנובה מרכז שיתופי לש,IL,מארז יופלה פרי 8*150,פריט,1.20,"ק""ג",false,,24.90,20.7500,true,1,270118
7290000056890,false,שמיניית דיאט יופלה 0% טעמים שונים 150 גרם,מיוצר עי קונדיטוריית,IL,מארז יופלה פרי דיאט,קילוגרמים,1.20,ליטר,false,,24.90,20.7500,true,1,254811
7290000056951,false,"תנובה, השף הלבן, שמנת לבישול 15% שומן 500 מל",תנובה מרכז שיתופי לש,IL,שמנת לבישול 15% השף,מיליליטרים,500.00,"100 מ""ל",false,,15.90,3.1800,true,1,255825
7290000057088,false,עמק גבינה צהובה פרוסה דק דק 28% תנובה 200 גרם,תנובה מרכז שיתופי לש,IL,גבינה עמק דק דק 28%,גרמים,200.00,100 גרם,false,,14.90,7.4500,true,1,262184
7290000057477,false,חלב טרי 3% הומוגני תנובה קרטון 1.5 ל',תנובה מרכז שיתופי לש,IL,חלב 3% תנובה 1.5 ליט,קילוגרמים,1.50,ליטר,false,,9.30,6.2000,true,1,256105
7290000058047,false,שמנת להקצפה 38% 500מל מהדרין עמיד השף הלבן,תנובה מרכז שיתופי לש,IL,שמנת להקצפה 38% השף,גרמים,500.00,100 גרם,false,,12.80,2.5600,true,1,256711
7290000058979,false,גיל בטעם תות 3% שומן 125 ג' תנובה,תנובה מרכז שיתופי לש,IL,גיל בטעם תות תנובה 1,גרמים,125.00,100 גרם,false,,1.30,1.0400,true,1,258129
7290000060088,false,בייגלה אסם מקלות מלוחים 400 גרם,מיוצר עי קונדיטוריית,IL,בייגלה מקלות מלח אסם,גרמים,400.00,100 גרם,false,,7.90,1.9750,true,1,252940
7290000060163,false,פסטה אסם אטריות דקות 400גר,"אסם תעשיות בע""מ",IL,אטריות דקות אסם 400,גרמים,400.00,100 גרם,false,,4.90,1.2250,true,1,247624
7290000060200,false,פסטה אסם פתיתים אפויים קוסקוס 500גר,"אסם תעשיות בע""מ",IL,פתיתים קוסקוס אסם 50,גרמים,500.00,100 גרם,false,,4.90,0.9800,true,1,247625
7290000060217,false,פסטה מקרוני מספר 7 אסם 500 גרם,פסטה זארה,IL,מקרוני 7 אסם 500 גרם,גרמים,500.00,100 גרם,false,,4.90,0.9800,true,1,247626
7290000060248,false,פסטה אסם פתיתים תלתלים 500 גר',פסטה זארה,IL,פסטה תלתלים אסם 500,גרמים,500.00,100 גרם,false,,4.90,0.9800,true,1,247627
7290000060408,false,פסטה אסם פתיתים אפויים טבעות 500 גר,"אסם השקעות בע""\מ",IL,פתיתים טבעות אסם 500,גרמים,500.00,100 גרם,false,,4.90,0.9800,true,1,247633
7290000060415,false,"פסטה פרפקטו לאזניה 500 ג' ""אסם""",אסם פרפקטו,IL,לזניה פרפקטו 500 גרם,גרמים,500.00,100 גרם,false,,12.90,2.5800,true,1,247634
7290000060576,false,פתיתים אפויים כוכבים אסם 500 גרם,"אסם השקעות בע""\מ",IL,פתיתים כוכבים אסם 50,גרמים,500.00,100 גרם,false,,4.90,0.9800,true,1,247637
7290000060781,false,פסטה אסם פתיתים מסולסלים 500גר,קריות זול,IL,פסטה מסולסלת אסם 500,גרמים,500.00,100 גרם,false,,4.90,0.9800,true,1,247640
7290000060828,false,פסטה קרניים בינוניות אסם 500 גרם,קריות זול,IL,פסטה קרניים אסם 500,גרמים,500.00,100 גרם,false,,4.90,0.9800,true,1,247641
7290000060842,false,פסטה אסם פתיתים צדפים גדולים 500גר,קריות זול,IL,פסטה צדפים גדולים אס,גרמים,500.00,100 גרם,false,,4.90,0.9800,true,1,247642
7290000060880,false,פסטה ספגטי מספר 8 אסם 500 גרם,קריות זול,IL,ספגטי אסם 500 גרם,גרמים,500.00,100 גרם,false,,4.90,0.9800,true,1,247644
7290000060903,false,פסטה אסם פתיתים אפויים אורז 500גר,"אסם השקעות בע""\מ",IL,פתיתים אורז אסם 500,גרמים,500.00,100 גרם,false,,4.90,0.9800,true,1,247645
7290000060958,false,פסטה אסם אטריות בינוניות 400 גרם,"אסם השקעות בע""\מ",IL,אטריות בינוניות אסם,גרמים,400.00,100 גרם,false,,4.90,1.2250,true,1,247646
7290000060965,false,פסטה אסם אטריות רחבות 400גר,"אסם השקעות בע""\מ",IL,אטריות רחבות אסם 400,גרמים,400.00,100 גרם,false,,4.90,1.2250,true,1,247647
7290000061061,false,קרקר חיטה עם בצל אסם,"אסם השקעות בע""\מ",IL,קרקר בצל אסם 250 גרם,גרמים,250.00,100 גרם,false,,8.90,3.5600,true,1,247651
7290000061108,false,"רוטב טריאקי 290 מ""ל-בקבוק","אסם השקעות בע""\מ",IL,רוטב טריאקי אסם 360,גרמים,360.00,100 גרם,false,,8.90,2.4722,true,1,247653
7290000061214,false,פתיתים אפויים קוסקוס עם בצל אסם 500 גרם,"אסם השקעות בע""\מ",IL,פתיתים עם בצל אסם 50,גרמים,500.00,100 גרם,false,,4.90,0.9800,true,1,250117
7290000061245,false,עוגיות שוקוצ'יפס במילוי שוקולד אסם 220 גרם,מיוצר עי קונדיטוריית,IL,עוגיות שוקולד ציפס מ,גרמים,220.00,100 גרם,false,,9.90,4.5000,true,1,247654
7290000061450,false,פתיתים אפויים קוסקוס 3 צבעים אסם 500 גרם,"אסם השקעות בע""\מ",IL,פתיתים אפויים קוסקוס,גרמים,500.00,100 גרם,false,,5.90,1.1800,true,1,250114
7290000061764,false,קפה נמס מגורען רד מאג 200 גרם,נסטלה ספרד קפה,ES,קפה נמס מגורען רד מא,גרמים,200.00,100 גרם,false,,17.90,8.9500,true,1,247656
7290000062129,false,"אינסטנט פודינג בטעם וניל אסם 1 ק""ג","אסם תעשיות בע""מ",IL,פודינג אינסטנט וניל,פריט,1.00,"ק""ג",false,,19.90,19.9000,true,1,247660
7290000063140,false,שקדי מרק רכיבים טבעיים בשקית 400 ג' אסם,"אסם תעשיות בע""מ",IL,שקדי מרק אסם 400 גרם,גרמים,400.00,100 גרם,false,,9.90,2.4750,true,1,247690
7290000063157,false,"קמח עוגה תופח מאליו אסם 1 ק""ג","אסם השקעות בע""\מ",IL,"קמח תופח אסם 1 ק""ג",פריט,1.00,"ק""ג",false,,7.90,7.9000,true,1,247691
7290000064871,false,"אוסם - מנה חמה פירה תפו""א עם בצל 56 גרם","אסם תעשיות בע""מ",IL,מנה חמה פירה בצל אסם,גרמים,56.00,100 גרם,false,,4.90,8.7500,true,1,247712
7290000065090,false,מיני קרוטונים מתובלים למרק ולסלט אסם 400 גרם,עינת תעשיות מזון אגו,IL,מיני קרוטונים למרק/ס,גרמים,400.00,100 גרם,false,,20.90,5.2250,true,1,247731
7290000065540,false,אוסם - מנה חמה פסטה מוקרמת בטעם עוף 55 גרם,"אסם תעשיות בע""מ",IL,מנה חמה פסטה מוקרמת,גרמים,55.00,100 גרם,false,,4.90,8.9091,true,1,288967
7290000065557,false,אוסם - מנה חמה קוסקוס עם ירקות 84 גרם,"אסם תעשיות מזון בע""מ",IL,מנה חמה קוסקוס וירקו,גרמים,84.00,100 גרם,false,,4.90,5.8333,true,1,288968
7290000066134,false,ביסלי חטיף בטעם פלאפל אסם 70 גרם,"אסם השקעות בע""\מ",IL,ביסלי פלאפל 70 גרם,גרמים,70.00,100 גרם,false,,3.90,5.5714,true,1,247745
7290000066141,false,ביסלי חטיף בטעם גריל אסם 70 גרם,"אסם השקעות בע""\מ",IL,ביסלי גריל 70 גרם,גרמים,70.00,100 גרם,false,,3.90,5.5714,true,1,247746
7290000066189,false,ביסלי חטיף בטעם פלאפל אסם 200 גרם,"אסם השקעות בע""\מ",IL,ביסלי פלאפל 200 גרם,גרמים,200.00,100 גרם,false,,6.50,3.2500,true,1,247750
7290000066196,false,ביסלי חטיף בטעם גריל אסם 200 גרם,מיוצר עי קונדיטוריית,IL,ביסלי גריל 200 גרם,גרמים,200.00,100 גרם,false,,6.50,3.2500,true,1,247751
7290000066226,false,ביסלי חטיף בטעם פיצה אסם 200 גרם,מיוצר עי קונדיטוריית,IL,ביסלי פיצה 200 גרם,גרמים,200.00,100 גרם,false,,6.50,3.2500,true,1,247754
7290000066264,false,דובונים חטיף תפוחי אדמה אסם 40 גרם,"אסם השקעות בע""\מ",IL,דובונים 40 גרם,גרמים,40.00,100 גרם,false,,3.90,9.7500,true,1,247755
7290000066318,false,במבה חטיף בוטנים אסם 80 גרם,"אסם השקעות בע""\מ",IL,במבה 80 גרם,גרמים,80.00,100 גרם,false,,3.90,4.8750,true,1,247757
7290000066332,false,אפרופו חטיף תירס אסם 50 גרם,מיוצר עי קונדיטוריית,IL,אפרופו 50 גרם,גרמים,50.00,100 גרם,false,,4.50,9.0000,true,1,247758
7290000066431,false,פופקו חטיף פופקורן בטעם חמאה ודבש אסם 80 גרם,מיוצר עי קונדיטוריית,IL,פופקו 80 גרם,גרמים,80.00,100 גרם,false,,4.50,5.6250,true,1,247759
7290000067599,false,אוסם - מנה חמה ספגטי רוטב בולנז 65 גרם,"אסם השקעות בע""\מ",IL,מנה חמה ספגטי בולונז,גרמים,65.00,100 גרם,false,,4.90,7.5385,true,1,247805
7290000068138,false,אינסטנט פודינג בטעם וניל אסם 80 גרם,מיוצר עי קונדיטוריית,IL,פודינג אינסטנט וניל,גרמים,80.00,100 גרם,false,,4.90,6.1250,true,1,247850
7290000068190,false,אסם ג'לי תות שדה צבעים טבעיים 90 גרם,מיוצר עי קונדיטוריית,IL,גלי בטעם תות אסם 85,גרמים,85.00,100 גרם,false,,5.90,6.9412,true,1,247852
7290000068206,false,אסם ג'לי משמש צבעים טבעיים 85 גרם,מיוצר עי קונדיטוריית,IL,גלי בטעם משמש אסם 80,גרמים,85.00,100 גרם,false,,5.90,6.9412,true,1,247853
7290000068343,false,אסם פריכונים פרוסות קלויות מלא,"פרח תעשיות מזון בע""מ.",IL,פריכונים מאורז מלא א,גרמים,140.00,100 גרם,false,,6.90,4.9286,true,1,253489
7290000068770,false,במבה יום הולדת חטיף בוטנים אסם 80 גרם,"אסם השקעות בע""\מ",IL,במבה יום הולדת 80 גר,גרמים,80.00,100 גרם,false,,3.90,4.8750,true,1,247865
7290000070308,false,אבקת מרק עוף אמיתי בשרי אסם 400 גרם,"אסם השקעות בע""\מ",IL,מרק עוף אמיתי אסם 40,גרמים,400.00,100 גרם,false,,16.90,4.2250,true,1,247893
7290000070322,false,אבקת מרק פטריות רכיבים טבעיים אסם 400 גרם,"אסם השקעות בע""\מ",IL,מרק פטריות ר.טבעיים,גרמים,400.00,100 גרם,false,,21.90,5.4750,true,1,247894
7290000070353,false,אבקת מרק בצל רכיבים טבעיים אסם 400 גרם,"אסם השקעות בע""\מ",IL,מרק בצל ר.טבעיים אסם,גרמים,400.00,100 גרם,false,,21.90,5.4750,true,1,247895
7290000072067,false,במבה חטיף בוטנים במילוי קרם חלבה 60 גרם,מיוצר עי קונדיטוריית,IL,במבה חלוה 60 גרם,גרמים,60.00,100 גרם,false,,4.50,7.5000,true,1,251225
7290000072241,false,"רוטב פיצה 290 מ""ל-בקבוק","אסם השקעות בע""\מ",IL,רוטב לפיצה אסם 320 מ,מיליליטרים,320.00,"100 מ""ל",false,,8.90,2.7813,true,1,247908
7290000072623,false,קטשופ אסם בקבוק לחיץ 750 גרם,"אסם השקעות בע""מ",IL,קטשופ לחיץ אסם 750 ג,גרמים,750.00,100 גרם,false,,9.90,1.3200,true,1,247910
7290000072630,false,קטשופ אסם חריף 750 גרם-בקבוק,"אסם תעשיות בע""מ",IL,קטשופ חריף אסם 750 ג,גרמים,750.00,100 גרם,false,,11.90,1.5867,true,1,247911
7290000072753,false,קפה נמס מגורען טסטרס צ'ויס 200 גרם-,לוטה נסטלה קוריאה,IL,קפה נמס טסטרס צויס 2,גרמים,200.00,100 גרם,false,,29.90,14.9500,true,1,247914
7290000072777,false,קפה נמס מגורען נטול קפאין טסטרס צ'ויס 200 גרם,לוטה נסטלה קוריאה,,קפה נמס טסטרס צויס נ,גרמים,200.00,100 גרם,false,,35.90,17.9500,true,1,247915
7290000073415,false,אוסם - מנה חמה פסטה ברוטב פיצה 61 גרם,"אסם השקעות בע""\מ",IL,מנה חמה פסטה רוטב פי,גרמים,61.00,100 גרם,false,,4.90,8.0328,true,1,248436
7290000073750,false,מנה חמה נודלס אטר+ירקות טעם עוף 70 גרם,PUB FOODS PRESIDENT THAI,CN,מנה חמה נודלס בטעם ע,גרמים,70.00,100 גרם,false,,4.90,7.0000,true,1,252387
7290000073767,false,מנה חמה נודלס אטר.+ירקות טעם בקר 70 גרם,PUB FOODS PRESIDENT THAI,CN,מנה חמה נודלס בטעם ב,גרמים,71.00,100 גרם,false,,4.90,6.9014,true,1,248437
7290000073774,false,מנה חמה נודלס אטר+ירקות טעם צילי 70 גרם,טאי רזידנט,CN,מנה חמה נודלס פיקנטי,גרמים,76.00,100 גרם,false,,4.90,6.4474,true,1,252388
7290000074153,false,ביסקוויט פתי בר שוקולד אסם 500 גרם,מיוצר עי קונדיטוריית,,פתיבר שוקו אסם 500 ג,גרמים,500.00,100 גרם,false,,8.90,1.7800,true,1,251046
7290000074184,false,אוסם - פתי בר בינוני 500 גרם,"אסם השקעות בע""\מ",IL,פתיבר אסם 500 גרם,גרמים,500.00,100 גרם,false,,8.90,1.7800,true,1,251047
7290000074245,false,אוסם - קרם קרקר אסם 250 גרם,"אסם השקעות בע""\מ",IL,קרם קרקר 250 גרם,גרמים,250.00,100 גרם,false,,7.80,3.1200,true,1,248439
7290000074252,false,קרקר שומשום אסם 250 גרם,"אסם השקעות בע""\מ",IL,קרקר שומשום אסם 250,גרמים,250.00,100 גרם,false,,7.90,3.1600,true,1,248440
7290000074276,false,קרקר פיקנטי טבעון 250 ג' אסם,"אסם השקעות בע""\מ",IL,קרקר פיקנטי אסם 250,גרמים,250.00,100 גרם,false,,8.90,3.5600,true,1,248441
7290000074375,false,אוסם - קרקר זהב 150 גרם,"אסם השקעות בע""\מ",IL,קרקר זהב 150 גרם,גרמים,150.00,100 גרם,false,,6.50,4.3333,true,1,248443
7290000074481,false,לחמית אגוזים אסם 160 גרם,"אסם השקעות בע""\מ",IL,לחמית אגוזים 160 גרם,גרמים,160.00,100 גרם,false,,8.90,5.5625,true,1,255090
7290000074696,false,"קרם קרקר 1 ק""ג אוסם","אסם השקעות בע""\מ",IL,"קרם קרקר 1 ק""ג",פריט,1.00,"ק""ג",false,,19.90,19.9000,true,1,248444
7290000074764,false,קרקר הזהב אסם 900 גרם,"אסם השקעות בע""\מ",IL,קרקר זהב 900 גרם,גרמים,900.00,100 גרם,false,,19.90,2.2111,true,1,248448
7290000075204,false,אוסם - לחמית חיטה מלאה 250 גרם,"אסם השקעות בע""\מ",IL,לחמית חיטה מלאה 250,גרמים,250.00,100 גרם,false,,7.90,3.1600,true,1,248451
7290000075693,false,עוגת הבית שמרים בריוש שוקולד אסם 360 גרם,מיוצר עי קונדיטוריית,IL,עוגת שמרים בריוש שוק,גרמים,360.00,100 גרם,false,,14.90,4.1389,true,1,254283
7290000076133,false,בייגלה שמיניות קטנות עם מלח אסם 400 גרם,"אסם השקעות בע""\מ",IL,בייגלה שמיניות מלח א,גרמים,300.00,100 גרם,false,,7.90,2.6333,true,1,248455
7290000077017,false,עוגיות קרמוגית במילוי קרם שוקולד אסם 200 גרם,מיוצר עי קונדיטוריית,IL,עוגיות ממולאות שוקול,גרמים,200.00,100 גרם,false,,9.90,4.9500,true,1,248466
7290000077253,false,אוסם - לחמית כפרית עם דגנים מלאים 190 גרם,"אסם השקעות בע""\מ",IL,לחמית כפרית 190 גרם,גרמים,190.00,100 גרם,false,,8.90,4.6842,true,1,252059
7290000078762,false,אוסם - חטיפי פריכונים מאורז מלא בטעם דבש 80גר,סנורייס בלגיום אן. ו,BE,פריכונים אורז מלא וד,גרמים,80.00,100 גרם,false,,6.90,8.6250,true,1,248476
7290000081663,false,"בייגלה טבעות שומשום אסם 300 גרם בד""ץ",מיוצר עי קונדיטוריית,IL,בייגלה טבעות שומשום,גרמים,300.00,100 גרם,false,,7.90,2.6333,true,1,248505
7290000100272,false,"כרובית קפוא 600 גר' סנפרוסט-תנובה בד""ץ","סנפרוסט בע""\מ",IL,כרובית סנפרוסט 600 ג,גרמים,600.00,100 גרם,false,,26.90,4.4833,true,1,302832
7290000100593,false,פרוסות אנטיפסטי לתנור סנפרוסט 600 גרם,"סנפרוסט בע""\מ",IL,פרוסות אנטיפסטי לתנו,גרמים,600.00,100 גרם,false,,19.90,3.3167,true,1,310489
7290000100609,false,קוביות אנטיפסטי להקפצה סנפרוסט 600 גרם,"סנפרוסט בע""\מ",IL,קוביות אנטיפסטי להקפ,גרמים,600.00,100 גרם,false,,19.90,3.3167,true,1,310415
7290000103525,false,גזר גמדי -שמיטה 700 גרם סנפרוסט,"סנפרוסט בע""\מ",IL,גזר גמדי סנפרוסט 700,גרמים,700.00,100 גרם,false,,15.90,2.2714,true,1,265399
7290000103532,false,"סנפרוסט גרעיני תירס בד""ץ 700גר","סנפרוסט בע""\מ",IL,גרעיני תירס סנפרוסט,גרמים,700.00,100 גרם,false,,15.90,2.2714,true,1,265400
7290000103556,false,גרגירי חומוס מבושל סנפרוסט 700ג' בדצ,"סנפרוסט בע""\מ",IL,גרגירי חומוס מבושלים,גרמים,700.00,100 גרם,false,,15.90,2.2714,true,1,265402
7290000104218,false,סנפרוסט במיה 600 גרם,"איי, בי, אינבוו",IL,במיה סנפרוסט 600 גרם,גרמים,600.00,100 גרם,false,,14.90,2.4833,true,1,245666
7290000104713,false,פול ירוק סנפרוסט 800 גרם,"איי, בי, אינבוו",IL,פול ירוק סנפרוסט 800,גרמים,800.00,100 גרם,false,,21.90,2.7375,true,1,245674
7290000104799,false,שעועית לבנה מבושלת סנפרוסט 800 גרם,"איי, בי, אינבוו",IL,שעועית לבנה סנפרוסט,גרמים,800.00,100 גרם,false,,18.90,2.3625,true,1,245677
7290000107189,false,תחתיות ארטישוק סנפרוסט 400 גרם,"איי, בי, אינבוו",IL,תחתיות ארטישוק סנפרו,גרמים,400.00,100 גרם,false,,19.90,4.9750,true,1,245683
7290000111353,false,"מיונז אמיתי 1 ק""ג תלמה",יוניליוור ישראל מזון בע\,IL,"מיונז תלמה 1 ק""ג",פריט,1.00,"ק""ג",false,,16.90,16.9000,true,1,245694
7290000112237,false,"טחינה גולמית שומשום טהור בארכה 1 ק""ג","רושדי תעשיות מזון בע""\מ",IL,"טחינה בארכה 1 ק""ג",פריט,1.00,"ק""ג",false,,19.90,19.9000,true,1,262704
7290000121079,false,גבינה מותכת למריחה עם שום שמיר 9% מון בלאן 120 גרם,שלושת האופים,IL,גבינה מותכת שום שמיר,גרמים,120.00,100 גרם,false,,10.90,9.0833,true,1,245755
7290000121093,false,גבינה מותכת לייט בטעם שוויצרי 7% מון בלאן 120 גר',האי נאם סי או אל.טי.,IL,גבינה מותכת שוויצרי,גרמים,120.00,100 גרם,false,,10.90,9.0833,true,1,245756
7290000121109,false,גבינה מותכת לייט עם זיתים 7% מון בלאן 120 גרם,האי נאם סי או אל.טי.,IL,גבינה מותכת זיתים 7%,גרמים,120.00,100 גרם,false,,10.90,9.0833,true,1,245757
7290000133645,false,שלישיית משחת שיניים סודה אורביטול 145 גרם,טרופיקל דגיל תעשיות קוסמ,IL,משחת אורביטול הלבנה,גרמים,435.00,100 גרם,false,,16.50,3.7931,true,1,245807
7290000135045,false,"XL TEN משקה אנרגיה פתוח ללא סוכר 250 מ""ל","טמפו משקאות בע""\מ",IL,משקה אנרגיה אקסל תן,מיליליטרים,250.00,"100 מ""ל",false,,3.90,1.5600,true,1,306587
7290000135052,false,"XL TEN משקה אנרגיה מנגו ללא סוכר 250 מ""ל","טמפו משקאות בע""\מ",IL,משקה אנרגיה אקסל תן,מיליליטרים,250.00,"100 מ""ל",false,,3.90,1.5600,true,1,306588
7290000135113,false,"משקה אנרגיה XL פחית ten נענע ליים 250 מ""ל","טמפו משקאות בע""\מ",IL,משקה אנרגיה אקסל נענ,מיליליטרים,250.00,"100 מ""ל",false,,3.90,1.5600,true,1,309601
7290000135182,false,"מארז 7 אפ פרי דל קלוריות בטעם לימון ליים פחית צרה 330 מ""ל*6 יח'","טמפו משקאות בע""מ",AL,מארז סבן אפ פרי 6*33,קילוגרמים,1.98,ליטר,false,,16.90,8.5354,true,1,314108
7290000135311,false,פפסי מקס ליים 1.5 ליטר בודד,"טמפו משקאות בע""\מ",IL,פפסי מקס ליים 1.5 לי,קילוגרמים,1.50,ליטר,false,,6.90,4.6000,true,1,323384
7290000135465,false,"מי סודה 500 מ""ל - מארז 12 בקבוקים","טמפו משקאות בע""\מ",IL,מארז סודה טמפו 12*50,קילוגרמים,6.00,ליטר,false,,24.90,4.1500,true,1,316865
7290000135663,false,"פפסי מקס דובדבן פחית צרה מארז שישייה 330 מ""ל",טמפו משקאות בע''מ,AL,מארז פפסי מקס דובדבן,קילוגרמים,1.98,ליטר,false,,16.90,8.5354,true,1,323822
7290000136141,false,משקה בטעם קולה 1.5ל' פפסי,"טמפו משקאות בע""\מ",IL,פפסי קולה 1.5 ליטר,קילוגרמים,1.50,ליטר,false,,6.90,4.6000,true,1,319628
7290000136158,false,פפסי מקס משקה מוגז דל קלוריות בטעם קולה,"טמפו משקאות בע""\מ",IL,פפסי מקס 1.5 ליטר,קילוגרמים,1.50,ליטר,false,,6.90,4.6000,true,1,319629
7290000136165,false,משקה מירינדה 1.5ליטר,"טמפו משקאות בע""\מ",IL,מירינדה 1.5 ליטר,קילוגרמים,1.50,ליטר,false,,6.90,4.6000,true,1,319624
7290000136172,false,סבן אפ 1.5 ליטר בודד,"טמפו משקאות בע""\מ",IL,סבן אפ 1.5 ליטר,קילוגרמים,1.50,ליטר,false,,6.90,4.6000,true,1,319630
7290000136189,false,סבן אף דיאט 1.5 ליטר בודד,"טמפו משקאות בע""\ם.",IL,סבן אפ דיאט 1.5 ליטר,קילוגרמים,1.50,ליטר,false,,6.90,4.6000,true,1,319625
7290000136240,false,סודה 1.5 ליטר שישייה בודד,"טמפו משקאות בע""\מ",IL,סודה טמפו 1.5 ליטר,קילוגרמים,1.50,ליטר,false,,1.90,1.2667,true,1,319623
7290000136455,false,משקה בטעם אשכוליות תריסר 1.5 ל' ג'אמפ,"טמפו משקאות בע""\ם.",IL,גאמפ אשכוליות 1.5 לי,קילוגרמים,1.50,ליטר,false,,6.90,4.6000,true,1,319594
7290000136516,false,משקה בטעם מנגו פסיפלורה תריסר 1.5 ל' ג'אמפ,טמפו משקאות בעמ,IL,גאמפ מנגו פסיפלורה 1,קילוגרמים,1.50,ליטר,false,,6.90,4.6000,true,1,319591
7290000136523,false,משקה בטעם ענבים תריסר 1.5 ל' ג'אמפ,"טמפו משקאות בע""\ם.",IL,גאמפ ענבים 1.5 ליטר,קילוגרמים,1.50,ליטר,false,,6.90,4.6000,true,1,319596
7290000136561,false,משקה בטעם תות בננה תריסר 1.5 ל' ג'אמפ,"טמפו משקאות בע""\מ",IL,גאמפ תות בננה 1.5 לי,קילוגרמים,1.50,ליטר,false,,6.90,4.6000,true,1,319597
7290000136585,false,משקה בטעם תפוזים תריסר 1.5 ל' ג'אמפ,"טמפו משקאות בע""\ם.",IL,גאמפ תפוז 1.5 ליטר,קילוגרמים,1.50,ליטר,false,,6.90,4.6000,true,1,319592
7290000136608,false,משקה בטעם תפוח צלול תריסר 1.5 ל' ג'אמפ,"טמפו משקאות בע""\ם.",IL,גאמפ תפוח 1.5 ליטר,קילוגרמים,1.50,ליטר,false,,6.90,4.6000,true,1,319619
7290000136646,false,בירה נשר מאלט ללא אלכוהול 1.5 ליטר,"טמפו משקאות בע""\מ",IL,בירה נשר מאלט 1.5 לי,קילוגרמים,1.50,ליטר,false,,8.80,5.8667,true,1,319588
7290000136653,false,דיאט נשר מאלט ללא אלכוהול 1.5 ליטר,"טמפו משקאות בע""\מ",IL,בירה נשר מאלט דיאט 1,קילוגרמים,1.50,ליטר,false,,8.80,5.8667,true,1,319589
7290000136691,false,מארז שישייה סבן אפ 1.5 ל',סבן אפ 7up,IL,מארז סבן אפ 6 *1.5 ל,קילוגרמים,9.00,ליטר,false,,37.90,4.2111,true,1,319631
7290000136752,false,סבן אפ דיאט מארז שישייה 1.5 ל' FREE,"טמפו משקאות בע""\מ",IL,מארז סבן אפ דיאט 6*,קילוגרמים,9.00,ליטר,false,,35.90,3.9889,true,1,319626
7290000136769,false,מארז שישיה בטעם קולה 1.5 ל' פפסי,"טמפו משקאות בע""\מ",IL,מארז פפסי קולה 6*1.5,קילוגרמים,9.00,ליטר,false,,35.90,3.9889,true,1,319632
7290000136776,false,שישיית פפסי מקס דל קלוריות 1.5 ליטר,פפסי Pepsi,IL,מארז פפסי מקס 6*1.5,קילוגרמים,9.00,ליטר,false,,35.90,3.9889,true,1,319633
7290000136783,false,מארז שישייה מרינדה 1.5 ל',"טמפו משקאות בע""\מ",IL,מארז מירינדה 6*1.5 ל,קילוגרמים,9.00,ליטר,false,,37.90,4.2111,true,1,319627
7290000136790,false,שישיית מי סודה טמפו 1.5 ליטר,"טמפו משקאות בע""\מ",IL,מארז סודה טמפו 6*1.5,קילוגרמים,9.00,ליטר,false,,15.90,1.7667,true,1,319621
7290000136813,false,סודה בטעם אננס מארז רביעייה 1.5 ל' טמפו,טמפו משקאות בע''מn\,IL,מארז סודה אננס טמפו,קילוגרמים,6.00,ליטר,false,,10.90,1.8167,true,1,320358
7290000136820,false,סודה בטעם פירות יער מארז ריבעיה * 1.5 ל' טמפו,טמפו משקאות בע''מn\,IL,מארז סודה פירות יער,קילוגרמים,6.00,ליטר,false,,10.90,1.8167,true,1,320359
7290000136837,false,רביעיית מי סודה נגיעות אפרסק טמפו 1.5 ליטר,טמפו משקאות בע''מn\,IL,מארז סודה אפרסק טמפו,קילוגרמים,6.00,ליטר,false,,10.90,1.8167,true,1,320357
7290000136844,false,מארז מים מזוככים אקווה נובה שישיית 2 ליטר,"טמפו משקאות בע""\מ",IL,מים אקווה נובה 6*2 ל,קילוגרמים,12.00,ליטר,false,,11.90,0.9917,true,1,319590
7290000136868,false,סאן בנדטו - מים מינרלים - מארז שישיית 1.5 ליטר,אקווה מינרלה סאן בנדטו ב,IL,מים סאן בנדטו 6*1.5,קילוגרמים,9.00,ליטר,false,,16.90,1.8778,true,1,319593
7290000136875,false,שישיית מים מינרליים מוגזים סן בנדטו 1.5 ליטר,סאן בנדטו San Benedetto,IL,מים מוגז סאן בנדטו 6,קילוגרמים,9.00,ליטר,false,,16.90,1.8778,true,1,319622
7290000137513,false,גלידונית גלידה וניל בציפוי שוקולד 60 יח' קרמיסימו,"גלידת שטראוס בע""\מ, רחוב",IL,חטיפי גלידה קרמיסימו,גרמים,630.00,100 גרם,false,,38.90,6.1746,true,1,245824
7290000139104,false,שלווה חיטה תפוחה מתוקה אשבול 230 גרם,"אשב""ל בע""מ",IL,שלווה חיטה תפוחה ומת,גרמים,230.00,100 גרם,false,,7.90,3.4348,true,1,245828
7290000139227,false,דגן לבן משפחתי 150 גר' אשבול,אשבל מזון פונקציונלי,IL,תירס תפוח מתוק אשבול,גרמים,150.00,100 גרם,false,,7.90,5.2667,true,1,245829
7290000143187,false,"הוואי שמפו 2 ב 1 לגבר 700 מ""ל",שוורצקוף& הנקל דיסלד,IL,שמפו הוואי לגבר 700,מיליליטרים,700.00,"100 מ""ל",false,,8.90,1.2714,true,1,269899
7290000143200,false,"הוואי - מרכך לשיער יבש 700 מ""ל",טרופיקל דגיל קוסמטיק,IL,מרכך הוואי לשיער יבש,מיליליטרים,700.00,"100 מ""ל",false,,8.90,1.2714,true,1,251958
7290000143217,false,"הוואי שמפו יבש מסולסל 700 מ""ל",שוורצקוף& הנקל דיסלד,IL,שמפו הוואי לשיער יבש,מיליליטרים,700.00,"100 מ""ל",false,,8.90,1.2714,true,1,251957
7290000143255,false,"שמפו הוואי לשיער רגיל 700 מ""ל",שוורצקוף& הנקל דיסלד,IL,שמפו הוואי לשיער רגי,מיליליטרים,700.00,"100 מ""ל",false,,8.90,1.2714,true,1,251216
7290000143279,false,"הוואי שמפו לשיער נגד קשקשים 700 מ""ל",שוורצקוף& הנקל דיסלד,IL,שמפו הוואי למניעת קש,מיליליטרים,700.00,"100 מ""ל",false,,8.90,1.2714,true,1,251217
7290000143293,false,"הוואי - מרכך ילדים מתיר קשרים 700 מ""ל",טרופיקל דגיל,IL,מרכך הוואי לילדים 70,מיליליטרים,700.00,"100 מ""ל",false,,8.90,1.2714,true,1,245836
7290000144467,false,שמן חמניות מועשר בנוגדי חמצון 1 ל' עץ הזית,"נארז ע""י : א.ג. גילר",IL,שמן חמניות בריאות עץ,קילוגרמים,1.00,ליטר,false,,14.90,14.9000,true,1,245838
7290000144474,false,שמן עץ הזית קנולה 1 ליטר בריאות מהטבע,שמן תעשיות בעמ,IL,שמן קנולה בריאות עץ,קילוגרמים,1.00,ליטר,false,,14.90,14.9000,true,1,245839
7290000149615,false,רביעיית סבון מוצק קלאסי לתינוק נקה 7 4*100 גרם,גליל כימיקלים בעממשו,IL,סבון מוצק נקה 7 לתינ,גרמים,400.00,100 גרם,false,,10.90,2.7250,true,1,245851
7290000149851,false,סבון לניקוי והסרת כתמים סינטבון 460 גרם,יבואן ומשווק: ש. שסט,IL,סינטבון כפול לנקיון,גרמים,460.00,100 גרם,false,,9.90,2.1522,true,1,245852
7290000149905,false,טקסטיל נוזל לכביסה עדינה נקה 1 ליטר,מיוצר עי קונדיטוריית,IL,טקסטיל שמפו נוזלי 1,קילוגרמים,1.00,ליטר,false,,12.90,12.9000,true,1,245853
7290000151885,false,נקניק הודו יחידה עוף טוב 700ג',עוף טוב,IL,נקניק הודו עוף טוב 7,גרמים,700.00,100 גרם,false,,14.90,2.1286,true,1,267255
7290000152943,false,מארז פסטרמה כפרית וסלמי כפרי עוף טוב 2*350 גרם,מוצרי עוף טוב (2001) בע\,IL,מארז פסטרמה/סלמי כפר,גרמים,700.00,100 גרם,false,,18.90,2.7000,true,1,305266
7290000158105,false,שניצל עוף מיני דינוזאור ללא אנטיביוטיקה מ100% ר.טבעי,"מוצרי עוף טוב (2001) בע""",IL,שניצל עוף דינוזאור ע,גרמים,700.00,100 גרם,false,,29.90,4.2714,true,1,257371
7290000174723,false,שוקולית אבקה להכנת משקה שוקו 500 גרם,הנסיך- מפעל לייצור ט,IL,שוקולית 500 גרם,גרמים,500.00,100 גרם,false,,11.90,2.3800,true,1,270383
7290000176420,false,קפה נמס פחית עלית 200 גרם,שטראוס קפה בי.וי,PL,קפה נמס 200 גרם,גרמים,200.00,100 גרם,false,,18.90,9.4500,true,1,245916
7290000176475,false,האג קפה נמס נטול קפאין עלית 200 גרם,שטראוס גרופ,IL,קפה נמס האג נטול קפא,גרמים,200.00,100 גרם,false,,33.90,16.9500,true,1,245917
7290000178721,false,תפוצ'יפס בטעם טבעי 200 גרם,"שטראוס פריטו ליי בע""\מ )",IL,תפוציפס מלוח 200 גרם,גרמים,200.00,100 גרם,false,,9.90,4.9500,true,1,245922
7290000186337,false,ניקול מטליות לחות לנ,עלבד משואות יצחק,IL,מטליות לחות לניקוי כ,Unknown,0.00,יחידה,false,,21.90,0.0000,true,1,287814
7290000186535,false,נייר טואלט תלת שכבתי לבן לילי 32 יחידות,לילי נייר טואלט חוגלה,IL,נייר טואלט לילי טריפ,מטרים,537.00,מטר,false,,39.90,0.0743,true,1,313739
7290000187921,false,נייר טואלט דו שכבתי לבן לילי 32 יחידות,לילי נייר טואלט חוגלה,IL,נייר טואלט לבן לילי,מטרים,588.00,מטר,false,,37.90,0.0645,true,1,249880
7290000187938,false,לילי - נייר טואולט נייר טואלט פסטל 32 יח',לילי נייר טואלט חוגלה,IL,נייר טואלט פסטל לילי,מטרים,0.00,מטר,false,,38.90,0.0000,true,1,249879
7290000187952,false,נייר טואלט תלת שכבתי ורוד לילי 32 יחידות,לילי נייר טואלט חוגלה,IL,נייר טואלט לילי טריפ,מטרים,537.00,מטר,false,,39.90,0.0743,true,1,313740
7290000188386,false,מגבות נייר ניקול 12 גלילים,חוגלה קימברלי,IL,מגבות נייר ניקול 12,מטרים,129.00,מטר,false,,19.90,0.1543,true,1,266890
7290000188553,false,קוטקס מגן תחתון יאנג ביג 60 יחידות,חוגלה קימברלי,CN,מגן תחתון קוטקס נורמ,Unknown,0.00,יחידה,false,,15.90,0.0000,true,1,266908
7290000188591,false,קוטקס מגן תחתון יאנג ביג 60 יחידות,קימברלי קלארק,CN,מגן תחתון קוטקס יאנג,Unknown,0.00,יחידה,false,,15.90,0.0000,true,1,266909
7290000189680,false,ניקול זוג מטליות לחות לרצפה,חוגלה קימברלי,,מטליות לחות לרצפה ני,Unknown,0.00,יחידה,false,,19.90,0.0000,true,1,287813
7290000191225,false,חיתולים ליטל בייביז מידה 2 האגיס 46 יחידות,קימברלי קלארק שיווק,IL,חיתולי האגיס 44 יח ש,Unknown,0.00,יחידה,false,,28.90,0.0000,true,1,287594
7290000191539,false,חמישיית ממחטות טישו צבועני לילי 100 יחידות,חוגלה קימברלי,IL,טישו צבעוני לילי 5*9,גרמים,593.00,100 גרם,false,,12.90,2.1754,true,1,266864
7290000191645,false,"חיתולים האגיס ליטל בייביס ניו בורן שלב 1 עד 4 ק""ג",קימברלי קלארק ארהב,IL,חיתולי האגיס 36 יח נ,Unknown,0.00,יחידה,false,,29.90,0.0000,true,1,264477
7290000191652,false,שלישיית ממחטות אולטרה סופט קלינקס 90 יחידות,חוגלה קימברלי,IL,טישו קלינקס 3*90 יח,Unknown,0.00,יחידה,false,,9.90,0.0000,true,1,266888
7290000193014,false,מגן תחתון פדיות אינטרלוד לילי 50 יחידות,חוגלה קימברלי,IL,מגן תחתון לילי אינטר,Unknown,0.00,יחידה,false,,9.90,0.0000,true,1,266865
7290000193083,false,נובה-לי תחבושות היגייניות לילי 28 יחידות,חוגלה קימברלי,IL,תחבושות לילי נובה לי,Unknown,0.00,יחידה,false,,8.90,0.0000,true,1,266866
7290000193472,false,מגן תחתון נטורל נורמל לילי 60 יחידות,חוגלה קימברלי,IL,מגן תחתון לילי נטורל,Unknown,0.00,יחידה,false,,14.90,0.0000,true,1,266870
7290000193540,false,מגן תחתון לונג נטורל לילי 52 יחידות,חוגלה קימברלי,IL,מגן תחתון לילי נטורל,Unknown,0.00,יחידה,false,,14.90,0.0000,true,1,266871
7290000194172,false,"חטיף אטיאס 250 גרם לל""ס",ממתקי השלום,IL,חטיפים מעורב 250 גרם,גרמים,300.00,100 גרם,false,,12.90,4.3000,true,1,252093
7290000195537,false,האגיס - מגבוני האגיס דיילי קר לא מבושם 64 יח' * 4,חוגלה קימברלי,IL,מגבונים האגיס ללא בי,Unknown,0.00,יחידה,false,,18.90,0.0000,true,1,266876
7290000195773,false,האגיס - מגבוני האגיס סנסטיב קר לא מבושם 64 יח' * 4,חוגלה קימברלי,IL,מגבונים האגיס ללא בי,Unknown,0.00,יחידה,false,,18.90,0.0000,true,1,319050
7290000197425,false,חיתולים פרידום דריי שלב 3 האגיס 52 יחידות,קימברלי קלארק ישראל,IL,חיתולי האגיס פרידום,Unknown,0.00,יחידה,false,,41.90,0.0000,true,1,314534
7290000197456,false,חיתולים פרידום דריי שלב 4 האגיס 44 יחידות,קימברלי קלארק ישראל,IL,חיתולי האגיס פרידום,Unknown,0.00,יחידה,false,,41.90,0.0000,true,1,314535
7290000197463,false,חיתולים פרידום דריי שלב +4 האגיס 40 יחידות,קימברלי קלארק ישראל,IL,חיתולי האגיס פרידום,Unknown,0.00,יחידה,false,,41.90,0.0000,true,1,314536
7290000197548,false,חיתולים פרידום דריי שלב 5 האגיס 36 יחידות,קימברלי קלארק ישראל,IL,חיתולי האגיס פרידום,Unknown,0.00,יחידה,false,,41.90,0.0000,true,1,314537
7290000197678,false,חיתולי האגיס פרידום דריי שלב 6 30 יחידות,קימברלי קלארק ישראל,IL,חיתולי האגיס פרידום,Unknown,0.00,יחידה,false,,41.90,0.0000,true,1,314538
7290000201818,false,טיטולים פרימיום שלב 2 64 יחידות,חוגלה קימברלי,IL,חיתולי טיטולים פרימי,Unknown,0.00,יחידה,false,,29.90,0.0000,true,1,307509
7290000201832,false,טיטולים פרימיום שלב 3 50 יחידות,חוגלה קימברלי,IL,חיתולי טיטולים פרימי,Unknown,0.00,יחידה,false,,29.90,0.0000,true,1,307510
7290000201849,false,טיטולים פרימיום שלב 4 42 יח' (8-14),חוגלה קימברלי,IL,חיתולי טיטולים פרימי,Unknown,0.00,יחידה,false,,29.90,0.0000,true,1,307511
7290000201856,false,טיטולים פרימיום שלב4+ 38 יחידות .,חוגלה קימברלי,IL,חיתולי טיטולים פרימי,Unknown,0.00,יחידה,false,,29.90,0.0000,true,1,307512
7290000201863,false,טיטולים פרימיום שלב 5 34 יחידות,חוגלה קימברלי,IL,חיתולי טיטולים פרימי,Unknown,0.00,יחידה,false,,29.90,0.0000,true,1,307513
7290000201870,false,טיטולים פרימיום שלב 6 30 יחידות,חוגלה קימברלי,IL,חיתולי טיטולים פרימי,Unknown,0.00,יחידה,false,,29.90,0.0000,true,1,307514
7290000204215,false,שישיית כרית יפנית ניקול 6 יחידות,חוגלה קימברלי,IL,כריות יפניות ניקול 6,Unknown,0.00,יחידה,false,,9.90,0.0000,true,1,266879
7290000204253,false,מטליות רב שימושיות לניקיון ניקול 9 יחידות,נועם אורים-קיבוץ אור,IL,מטליות לניקוי כללי נ,Unknown,0.00,יחידה,false,,9.90,0.0000,true,1,266880
7290000208077,false,אפונת גינה רגילה 550 גרם יכין,"זנלכל בע""\מ",IL,אפונה גדולה יכין 550,גרמים,550.00,100 גרם,false,,6.90,1.2545,true,1,257402
7290000208114,false,"אפונה וגזר יכין A2 פ""ק בית יוסף","זנלכל בע""\מ",IL,אפונה וגזר יכין 550,גרמים,550.00,100 גרם,false,,6.90,1.2545,true,1,257488
7290000208138,false,סירופ דיאט בטעם ענבים יכין 1 ליטר,"זנלכל בע""\מ",IL,סירופ יכין ענבים דיא,קילוגרמים,1.00,ליטר,false,,17.90,17.9000,true,1,253949
7290000208213,false,שעועית לבנה אפויה A2 ברוטב עגבניות יכין 560ג',היינץ צפון אמריקה מק,IL,שעועית לבנה ברוטב יכ,גרמים,560.00,100 גרם,false,,6.90,1.2321,true,1,246079
7290000208220,false,"שעועית צ'לי יכין פ""ק A2 בית יוסף",היינץ צפון אמריקה מק,IL,שעועית צילי חריף יכי,גרמים,580.00,100 גרם,false,,9.90,1.7069,true,1,246080
7290000208329,false,גרעיני תירס מתוק 550 גרם יכין,"זנלכל בע""\מ",IL,תירס גרעינים יכין 55,גרמים,550.00,100 גרם,false,,6.90,1.2545,true,1,257486
7290000208428,false,גרגרי חומוס שלם 550 גרם יכין,היינץ צפון אמריקה מק,IL,חומוס שלם יכין 550 ג,גרמים,550.00,100 גרם,false,,6.90,1.2545,true,1,264040
7290000209012,false,חומץ 1ליטר יכין הדרים,"זנלכל בע""\מ",IL,חומץ 5% יכין 1 ליטר,קילוגרמים,1.00,ליטר,false,,6.90,6.9000,true,1,266776
7290000209043,false,מיץ לימון לתיבול יכין 1 ליטר,היינץ צפון אמריקה מק,IL,רוטב לימון משומר יכי,קילוגרמים,1.00,ליטר,false,,5.90,5.9000,true,1,266777
7290000209524,false,סירופ דיאט בטעם פטל יכין 1 ליטר,"זנלכל בע""\מ",IL,סירופ יכין פטל דיאט,קילוגרמים,1.00,ליטר,false,,17.90,17.9000,true,1,253950
7290000209579,false,סירופ דיאט בטעם אננס יכין 1 ליטר,"זנלכל בע""\מ",IL,סירופ יכין אננס דיאט,קילוגרמים,1.00,ליטר,false,,17.90,17.9000,true,1,253955
7290000209722,false,רסק עגבניות 28% פריכוז 580 גרם יכין,"זנלכל בע""\מ",IL,תרכיז עגבניות פריכוז,גרמים,580.00,100 גרם,false,,9.90,1.7069,true,1,246081
7290000211442,false,"סוגת אורז פרסי קלאסי שקית 1 ק""ג",האי נאם סי או אל.טי.,IL,"אורז פרסי סוגת 1 ק""ג",פריט,1.00,"ק""ג",false,,9.90,9.9000,true,1,246104
7290000211503,false,סוכר לבן ארוז בשקית,"סוגת תעשיות בע""\מ",IL,"סוכר סוגת 1 ק""ג",פריט,1.00,"ק""ג",false,,4.90,4.9000,true,1,246105
7290000226514,false,עוגת דובוש טעם ריבת חלב קפולסקי 450 גרם,תופינים מקבוצת קפולסקי,IL,עוגת דובוש ריבת חלב,גרמים,450.00,100 גרם,false,,38.90,8.6444,true,1,246154
7290000226545,false,"עוגת טורט היער השחור קפולסקי 1 ק""ג",קפולסקי שיווק וקמעונ,IL,עוגת טורט היער השחור,פריט,1.00,"ק""ג",false,,55.90,55.9000,true,1,246155
7290000226552,false,קפולסקי עוגת טורט ריבת חלב+ קוקוס קפוא,קפולסקי שיווק וקמעונ,IL,עוגת טורט בטעם ריבת,פריט,1.00,"ק""ג",false,,55.90,55.9000,true,1,246156
7290000226569,false,"עוגת טורט קצפת שוקולד קפולסקי 1 ק""ג",תופינים מקבוצת קפולסקי,IL,עוגת טורט קצפת בטעם,פריט,1.00,"ק""ג",false,,55.90,55.9000,true,1,246157
7290000226576,false,"עוגת טורט מצופה שוקולד קפולסקי 1 ק""ג",תופינים מקבוצת קפולסקי,IL,עוגת טורט בטעם שוקול,פריט,1.00,"ק""ג",false,,55.90,55.9000,true,1,246158
7290000226613,false,עוגת דובוש מצופה שוקולד קפולסקי 450 גרם,תופינים מקבוצת קפולסקי,IL,עוגת דובוש מצופה שוק,גרמים,400.00,100 גרם,false,,38.90,9.7250,true,1,246160
7290000238029,false,"בצק עלים צרפתי מרודד מעדנות 1 ק""ג",מיוצר עי קונדיטוריית,IL,בצק עלים מרודד מעדנו,פריט,1.00,"ק""ג",false,,17.90,17.9000,true,1,246237
7290000238036,false,מלאווח בקופסא מעדנות 700 גרם,מיוצר עי קונדיטוריית,IL,מלוואח מעדנות 700 גר,גרמים,700.00,100 גרם,false,,12.90,1.8429,true,1,246238
7290000238173,false,בורקס גבינה מעדנות 800 גרם,מיוצר עי קונדיטוריית,IL,בורקס גבינה מעדנות 8,גרמים,800.00,100 גרם,false,,17.90,2.2375,true,1,246239
7290000238180,false,בורקס תפוחי אדמה מעדנות 800 גרם,מיוצר עי קונדיטוריית,IL,בורקס תפוא מעדנות 80,גרמים,800.00,100 גרם,false,,16.90,2.1125,true,1,246240
7290000245089,false,סוד סופט מרכך כביסה סגול 4 ליטר,"הנקל סוד בע""מ",IL,מרכך סוד סגול 4 ליטר,קילוגרמים,4.00,ליטר,false,,16.90,4.2250,true,1,246269
7290000245157,false,סוד סופט מרכך כביסה סנסיישן 4 ליטר,"הנקל סוד בע""\מ",IL,מרכך סוד לבן 4 ליטר,קילוגרמים,4.00,ליטר,false,,16.90,4.2250,true,1,246270
7290000245782,false,סוד סופט מרכך כביסה ורוד 4 ליטר,"הנקל סוד בע""\מ",IL,מרכך סוד ורוד 4 ליטר,קילוגרמים,4.00,ליטר,false,,16.90,4.2250,true,1,246272
7290000245799,false,סוד סופט מרכך כביסה כחול 4 ליטר,"הנקל סוד בע""\מ",IL,מרכך סוד כחול 4 ליטר,קילוגרמים,4.00,ליטר,false,,16.90,4.2250,true,1,246273
7290000253084,false,שוקולד ציפס חום לבן,אופנהיימר,IL,שוקולד ציפס חום לבן,גרמים,750.00,100 גרם,false,,19.90,2.6533,true,1,269701
7290000253107,false,צמקאו לבישול ואפיה א,אופנהיימר,IL,צמקאו לבישול ואפיה א,גרמים,900.00,100 גרם,false,,16.90,1.8778,true,1,269110
7290000253206,false,שוקולד ציפס אופנהיימ,אופנהיימר,IL,שוקולד ציפס אופנהיימ,גרמים,680.00,100 גרם,false,,19.90,2.9265,true,1,263209
7290000253251,false,שוקולד צ'יפס לבן אופנהיימר 250 גרם,אופנהיימר,IL,שוקולד ציפס לבן אופנ,גרמים,250.00,100 גרם,false,,9.90,3.9600,true,1,253200
7290000253329,false,צמקאו חום/לבן לבישול,אופנהיימר,IL,צמקאו חום/לבן לבישול,גרמים,900.00,100 גרם,false,,16.90,1.8778,true,1,269702
7290000253565,false,מזרה צבעוני ארוך אופ,אופנהיימר,IL,מזרה צבעוני ארוך אופ,גרמים,170.00,100 גרם,false,,6.90,4.0588,true,1,315191
7290000253589,false,מזרה חום ארוך אופנהי,אופנהיימר,IL,מזרה חום ארוך אופנהי,גרמים,200.00,100 גרם,false,,6.90,3.4500,true,1,313186
7290000253596,false,מזרה צבעוני עגול אופ,אופנהיימר,IL,מזרה צבעוני עגול אופ,גרמים,200.00,100 גרם,false,,6.90,3.4500,true,1,313187
7290000263359,false,חיתולים ליטל בייביז מידה 1 האגיס 40 יחידות,קימברלי קלארק שיווק,IL,חיתולי האגיס 40 יח ש,Unknown,0.00,יחידה,false,,28.90,0.0000,true,1,266896
7290000272443,false,סירופ דיאט בטעם תפוזים עסיס 1 ליטר,בית-השיטה עסיס תעשיות מז,IL,סירופ עסיס תפוז דיאט,קילוגרמים,1.00,ליטר,false,,15.90,15.9000,true,1,246344
7290000272467,false,סירופ דיאט פטל עסיס 1 ליטר,בית-השיטה עסיס תעשיות מז,IL,סירופ עסיס פטל דיאט,קילוגרמים,1.00,ליטר,false,,15.90,15.9000,true,1,246345
7290000272696,false,עסיס מיץ לימון טבעי משומר 1 ל' אסם,בית-השיטה עסיס תעשיות מז,IL,מיץ לימון משומר עסיס,קילוגרמים,1.00,ליטר,false,,8.30,8.3000,true,1,246346
7290000272726,false,חומץ רכיבים רכיבים טבעיים 5% עסיס 1 ליטר,בית-השיטה עסיס תעשיות מז,IL,חומץ 5% עסיס 1 ליטר,קילוגרמים,1.00,ליטר,false,,5.90,5.9000,true,1,246347
7290000286228,false,ספוגיות לניקוי כללי סנו סושי 6 יחידות,סנו מפעלי ברונו בעמ,IL,ספוגיות סנו סושי 6 י,Unknown,0.00,יחידה,false,,9.90,0.0000,true,1,246385
7290000286297,false,"אנטי קאלק מסיר אבנית מקומקום סנו 700 מ""ל",סנו מפעלי ברונוס בעמ,IL,נוזל אנטי קאלק מסיר,מיליליטרים,700.00,"100 מ""ל",false,,9.90,1.4143,true,1,246386
7290000286549,false,מטליות לניקוי כללי סנו סושי 9 יחידות,נועם אורים תעשיות בע,IL,מטליות לניקוי כללי ס,Unknown,0.00,יחידה,false,,9.90,0.0000,true,1,246390
7290000286761,false,ניילון נצמד סנו סושי פלסטיק מארז 30X2 מ',מיוצר עי קונדיטוריית,IL,ניילון נצמד סנו סושי,מטרים,60.00,מטר,false,,9.90,0.1650,true,1,246394
7290000286921,false,"ספריי להסרת כתמים סנו קל 750 מ""ל",סנו מפעלי ברונוס בעמ,IL,תרסיס רסס כבס סנוקל,מיליליטרים,750.00,"100 מ""ל",false,,10.90,1.4533,true,1,249459
7290000287102,false,"ספריי שמפו לניקוי שטיחים סנו 600 מ""ל",מיוצר עי קונדיטוריית,IL,תרסיס סנו שטיחים איר,מיליליטרים,600.00,"100 מ""ל",false,,19.70,3.2833,true,1,246401
7290000287195,false,"סנו רהיט לניקוי ושמירה על רהיטים 300 מ""ל",מיוצר עי קונדיטוריית,IL,תרסיס סנו רהיט 305 מ,מיליליטרים,305.00,"100 מ""ל",false,,13.70,4.4918,true,1,246407
7290000287409,false,"שלישיית סנובון תות לאסלה ""סנו""",סנו מפעלי ברונוס בעמ,IL,סבון אסלה סנובון תות,גרמים,165.00,100 גרם,false,,10.70,6.4848,true,1,246409
7290000287430,false,סנובון צבעוני לאסלה בריח לימון שלישייה,סנו מפעלי ברונו בעמ,IL,סבון אסלה סנובון צבע,גרמים,165.00,100 גרם,false,,10.70,6.4848,true,1,246410
7290000287485,false,"שלישיית סנובון לובר לאסלה ""סנו""",סנו מפעלי ברונו בעמ,IL,סבון אסלה סנובון לוב,גרמים,165.00,100 גרם,false,,10.70,6.4848,true,1,246411
7290000287492,false,"סנובון נוזל לניקוי אסלות בריח לימון סנו 750 מ""ל","סנו מפעלי ברונוס בע""מ",IL,סנובון נוזלי לימון 7,מיליליטרים,750.00,"100 מ""ל",false,,8.90,1.1867,true,1,264544
7290000288024,false,סנו - ז'אוול אקונומיקה בריח לימון 4 ליטר,"סנו מפעלי ברונוס בע""מ",IL,אקונומיקה סנו גאוול,קילוגרמים,4.00,ליטר,false,,16.90,4.2250,true,1,246418
7290000288048,false,סנו זאוול מרסס מונבלאן 1 ליטר,"סנו מפעלי ברונוס בע""מ",IL,תרסיס ניקוי סנו ז'או,קילוגרמים,1.00,ליטר,false,,16.90,16.9000,true,1,246420
7290000288086,false,אבקת ניקוי עם אקונומיקה בריח לימון סנו ז'אוול 600 ג',מיוצר עי קונדיטוריית,IL,אבקת ניקוי סנו גאוול,גרמים,600.00,100 גרם,false,,9.90,1.6500,true,1,246421
7290000288291,false,סנומט דוחה יתושים לוחיות אידוי 30 יחידות,טרופיקל דגיל תעשיות,IL,סנומט דוחה יתושים 30,Unknown,0.00,יחידה,false,,11.90,0.0000,true,1,222730
7290000288307,false,סנומט דוחה יתושים- מכשיר+ 30 טבליות,קריות זול,IL,מכשיר סנומט + 30 טבל,Unknown,1.00,יחידה,false,,24.90,24.9000,true,1,246423
7290000288352,false,"קוטל חרקים וזוחלים K-300 סנו 630 מ""ל","סנו מפעלי ברונוס בע""מ",IL,"קוטל K300 סנו 630 מ""",מיליליטרים,630.00,"100 מ""ל",false,,19.90,3.1587,true,1,246424
7290000288390,false,"קוטל זבובים ויתושים K-600 סנו 500 מ""ל","סנו מפעלי ברונוס בע""מ",IL,"קוטל K600 סנו 500 מ""",מיליליטרים,500.00,"100 מ""ל",false,,19.90,3.9800,true,1,246426
7290000288420,false,"תרסיס דוחה יתושים סנו די 175 מ""ל",סנו מפעלי ברונוס בע',IL,"סנו די תרסיס 125 מ""ל",מיליליטרים,125.00,"100 מ""ל",false,,19.90,15.9200,true,1,246428
7290000288529,false,"משחת כלים סאן לימון 3.5 ק""ג",סנו,IL,משחת כלים סנוסאן ברי,פריט,3.50,"ק""ג",false,,19.90,5.6857,true,1,246430
7290000288642,false,מקסימה מרכך כביסה סנסיטיב בייבי סנו 4 ליטר,"סנו מפעלי ברונוס בע""\מ",IL,מרכך מקסימה סנסטיב 4,קילוגרמים,4.00,ליטר,false,,21.50,5.3750,true,1,246431
7290000289052,false,פוליויקס נוזל רצפות בניחוח סחלבים סנו 4 ליטר,סנו פוליויקס,IL,פוליויקס סחלבים 4 לי,קילוגרמים,4.00,ליטר,false,,34.90,8.7250,true,1,246433
7290000289069,false,סנו - ז'אוול מרסס קצף ניקוי בתוספת אקונומיקה בריח לימון 1 ליטר,"סנו מפעלי ברונוס בע""מ",IL,תרסיס ניקוי סנו גאוו,קילוגרמים,1.00,ליטר,false,,16.90,16.9000,true,1,246434
7290000289472,false,סנו סושי שקיות אשפה - 50 יחידות,מיוצר עי קונדיטוריית,IL,שקיות אשפה 76*90 סנו,Unknown,0.00,יחידה,false,,16.90,0.0000,true,1,246438
7290000289595,false,"אורביטול משחת שיניים לילדים בטעם תות שדה 145 מ""ל",טרופיקל דגיל תעשיות קוסמ,IL,משחת אורביטול ילדים,גרמים,145.00,100 גרם,false,,7.50,5.1724,true,1,246440
7290000291932,false,"סנובון נוזל לניקוי אסלה בניחוח לבנדר סנו 750 מ""ל","סנו מפעלי ברונוס בע""מ",IL,סנובון נוזלי לבנדר 7,מיליליטרים,750.00,"100 מ""ל",false,,8.90,1.1867,true,1,264546
7290000292007,false,K3 פיתיון ג'ל קוטל תיקנים (ג'וקים) בבית ובחצר,מיוצר עי קונדיטוריית,IL,גל פיתיון K3 סנו,גרמים,10.00,100 גרם,false,,47.90,479.0000,true,1,305539
7290000292137,false,"נוזל לניקוי וטיפול מוצרי עור סנו 500 מ""ל",מיוצר עי קונדיטוריית,IL,תחליב סנו לניקוי עור,מיליליטרים,500.00,"100 מ""ל",false,,29.90,5.9800,true,1,246473
7290000292557,false,סנומט מלוי נוזלי דוחה יתושים 45 לילות,טרופיקל דגיל תעשיות,IL,מילוי סנומט נוזלי 45,Unknown,0.00,יחידה,false,,16.70,0.0000,true,1,246480
7290000292564,false,סנו K-2000 תרסיס מיקרו קפסולרי ללא ריח 750 מ”ל,מיוצר עי קונדיטוריית,IL,קוטל K2000 ללא ריח ס,מיליליטרים,750.00,"100 מ""ל",false,,24.90,3.3200,true,1,246481
7290000292687,false,סנובון מוצק לניקוי אסלה קלאסיק כחול סנו 3 יחידות,מיוצר עי קונדיטוריית,IL,סנובון כחול 3 יח,גרמים,165.00,100 גרם,false,,14.90,9.0303,true,1,246483
7290000292915,false,"תרסיס לניקוי כללי רסס ונגב סנו 750 מ""ל","סנו מפעלי ברונוס בע""\מ",IL,תרסיס סנו רסס ונגב 7,מיליליטרים,750.00,"100 מ""ל",false,,12.90,1.7200,true,1,246485
7290000293073,false,מקסימה מרכך כביסה ביו לבן סנו 4 ליטר,"סנו מפעלי ברונוס בע""\מ",IL,מרכך מקסימה ביו 4 לי,קילוגרמים,4.00,ליטר,false,,21.50,5.3750,true,1,246486
7290000293943,false,"מרסס לבן מסיר אבנית 1 ליטר אנטי קאלק ""סנו""",מיוצר עי קונדיטוריית,IL,תרסיס אנטי קאלק מסיר,קילוגרמים,1.00,ליטר,false,,16.70,16.7000,true,1,246502
7290000294780,false,אקונומיקה סמיכה בריח לימון סנו ז'אוול 4 ליטר,"סנו מפעלי ברונוס בע""מ",IL,אקונומיקה סנו גאוול,קילוגרמים,4.00,ליטר,false,,16.90,4.2250,true,1,246519
7290000295503,false,זוג שקיות מזון טבע 19*25 סנו סושי 150 יחידות,"אשפלסט תעשיות בע""מ",IL,שקיות אוכל סנו סושי,Unknown,0.00,יחידה,false,,13.70,0.0000,true,1,246527
7290000295558,false,"רדיד אלומיניום רוחב 30 ס""מ סנו סושי 2 יח' 7.5 מטר",מולינו ניקולי s.p.a,IL,נייר אלומיניום סנו ס,מטרים,15.00,מטר,false,,9.90,0.6600,true,1,246529
7290000295565,false,"רדיד אלומיניום רוחב 45 ס""מ סנו 2 יח' 7.5 מטר",בורסה פאזרי,IL,נייר אלומניום סנו סו,מטרים,15.00,מטר,false,,15.90,1.0600,true,1,246530
7290000295824,false,"רדיד אלומיניום 30 ס""מ רוחב סנו סושי 100 מטר",מולינו ניקולי s.p.a,IL,נייר אלומיניום סנו ס,Unknown,0.00,יחידה,false,,47.90,0.0000,true,1,264159
7290000311128,false,מן עוגיות בטעם חמאה 300 גרם*נ.ל.פ,תות ממתקי איכות,IL,עוגיות בטעם חמאה מן,גרמים,300.00,100 גרם,false,,6.70,2.2333,true,1,246605
7290000311135,false,מן עוגיות סטיקס בטעם שוקולד 300 גרם*,"רוקחמן בע""מ",IL,עוגיות סטיקס שוקו מן,גרמים,300.00,100 גרם,false,,6.70,2.2333,true,1,246606
7290000311180,false,ופל ופליתעשיריות מן 250 גרם מארז 10 יחידות,"רוקחמן בע""מ",IL,ופלית מן 10 יח,גרמים,250.00,100 גרם,false,,6.90,2.7600,true,1,246607
7290000311258,false,מן וופל מצופה שוקולד 250 גרם,"רוקחמן בע""מ",IL,ופלים מצופים בטעם שו,גרמים,250.00,100 גרם,false,,6.70,2.6800,true,1,302765
7290000311326,false,ופל קפה מן 3*200 גרם,רוקחמן,IL,ופל קפה מן 3*200 גרם,גרמים,600.00,100 גרם,false,,12.90,2.1500,true,1,311760
7290000311357,false,מן וופלים בטעם אגוזים 10*28 גר-נ.ל.פ,"רוקחמן בע""מ",IL,ופל אגוזית מן 10 יח,גרמים,280.00,100 גרם,false,,9.90,3.5357,true,1,246608
7290000311425,false,ופל מצופה עשיריות מן 220 גרם מארז 10 יחידות,תות ממתקי איכות,IL,ופל מצופה מן 10 יח,גרמים,220.00,100 גרם,false,,6.90,3.1364,true,1,246609
7290000311432,false,עוגיות גרנולה קינמון ללא תוספת סוכר 200ג,"רוקחמן בע""מ",IL,עוגיות גרנולה קינמון,גרמים,200.00,100 גרם,false,,8.70,4.3500,true,1,323635
7290000311463,false,מן עוגיות חיטה מלאה חמאה ללא סוכר 200 גרם,"רוקחמן בע""מ",IL,עוגיות חיטה בטעם חמא,גרמים,200.00,100 גרם,false,,8.70,4.3500,true,1,323636
7290000311487,false,מאגדת וופל שוקולד מקמח מלא ללא סוכר 20 ג'*7 יח' מן,"רוקחמן בע""מ",IL,ופל בטעם שוקולד קמח,גרמים,140.00,100 גרם,false,,6.90,4.9286,true,1,324697
7290000311500,false,מן וופלים בטעם שוקולד 500 ג-נ.ל.פ,"רוקחמן בע""מ",IL,ופל שוקולד מן 500 גר,גרמים,500.00,100 גרם,false,,8.90,1.7800,true,1,246610
7290000311517,false,מן וופלים בטעם לימון 500 גרם,מן עוגיות,IL,ופל לימון מן 500 גרם,גרמים,500.00,100 גרם,false,,8.90,1.7800,true,1,246611
7290000311708,false,מן עוגיות מחיטה מלאה 300 גרם*נ.ל.פ,תות ממתקי איכות,IL,עוגיות חיטה מלאה מן,גרמים,300.00,100 גרם,false,,6.70,2.2333,true,1,246612
7290000311715,false,מן עוגיות כוכבים בטעם שוקולד 300 גרם*נ.ל.פ,תות ממתקי איכות,IL,עוגיות כוכבים שוקולד,גרמים,300.00,100 גרם,false,,6.70,2.2333,true,1,246613
7290000311722,false,מן עוגיות כוכבים וניל 300 גרם,תות ממתקי איכות,IL,עוגיות כוכבים וניל מ,גרמים,300.00,100 גרם,false,,6.70,2.2333,true,1,246614
7290000311746,false,עוגיות מן בטעם קרמל 300 גר',"רוקחמן בע""מ",IL,עוגיות בטעם קרמל מן,גרמים,300.00,100 גרם,false,,6.70,2.2333,true,1,289631
7290000311753,false,עוגיות חיטה מלאה בטעם חלווה 250 גר' מן,"רוקחמן בע""מ",IL,עוגיות חיטה מלאה בטע,גרמים,250.00,100 גרם,false,,6.70,2.6800,true,1,308969
7290000311845,false,מן עוגיות חיטה מלאה ללא תוספת סוכר 200 ג,"רוקחמן בע""מ",IL,עוגיות חיטה ללא סוכר,גרמים,200.00,100 גרם,false,,8.70,4.3500,true,1,289632
7290000311869,false,מן וופלים שוקולד ללא תוספת סוכר 180 גר,תות ממתקי איכות,IL,ופל ללא סוכר בטעם שו,גרמים,180.00,100 גרם,false,,7.90,4.3889,true,1,289634
7290000311883,false,עוגיות גרנולה ללא תוספת סוכר מן 200 גרם,"רוקחמן בע""מ",IL,עוגיות גרנולה ללא סו,גרמים,200.00,100 גרם,false,,8.70,4.3500,true,1,246616
7290000311890,false,מן וופל לימון ללא סוכר 180 גר-חדש,"רוקחמן בע""מ",,ופל ללא סוכר בטעם לי,גרמים,180.00,100 גרם,false,,7.90,4.3889,true,1,313855
7290000311975,false,ופל מן 5 יח' X 200 גרם,רוקחמן,IL,ופל מן 5*200 גרם,פריט,1.00,"ק""ג",false,,19.70,19.7000,true,1,246621
7290000312767,false,מלך הבייגלה שטוח מלוח,מאיר בייגל,IL,בייגלה שטוחים מלוח מ,גרמים,200.00,100 גרם,false,,4.90,2.4500,true,1,263883
7290000312842,false,בייגלה שמיניות מלך ה,מאיר בייגל,IL,בייגלה שמיניות מלך ה,גרמים,300.00,100 גרם,false,,5.90,1.9667,true,1,316424
7290000312859,false,גריסיני קלאסי מלך הג,מאיר בייגל,IL,גריסיני קלאסי מלך הג,גרמים,180.00,100 גרם,false,,5.90,3.2778,true,1,316425
7290000312866,false,גריסיני שומשום מלך ה,מאיר בייגל,IL,גריסיני שומשום מלך ה,גרמים,160.00,100 גרם,false,,5.90,3.6875,true,1,316426
7290000312880,false,מלך הבייגלה שטוח כפרי 180 גרם,מאיר בייגל,IL,בייגלה שטוח כפרי מלך,גרמים,180.00,100 גרם,false,,4.90,2.7222,true,1,323487
7290000313290,false,אסם נודלס נודלס איטריות מסולסלות 200גר,תאי פרזידנט פוד בנגק,IL,נודלס אטריות מסולסלו,גרמים,200.00,100 גרם,false,,8.90,4.4500,true,1,262691
7290000327020,false,"מארז פפסי פחית צרה 330 מ""ל*6 יח'","מודרן גרופ משקאות בע""\מ",IL,"מארז פפסי 6*330 מ""ל",קילוגרמים,1.98,ליטר,false,,18.90,9.5455,true,1,321771
7290000327037,false,"מארז מירינדה פחית צרה 330 מ""ל*6 יח'","מודרן גרופ משקאות בע""\מ",IL,מארז מירינדה 6*330 מ,קילוגרמים,1.98,ליטר,false,,18.90,9.5455,true,1,321772
7290000327044,false,"מארז סבן אפ פחית צרה 330 מ""ל*6 יח'","מודרן גרופ משקאות בע""\מ",IL,"מארז סבן אפ 6*330 מ""",קילוגרמים,1.98,ליטר,false,,18.90,9.5455,true,1,321770
7290000345048,false,"תה ""74"" 125 גרם ויסוצקי",תה ויסוצקי,IL,תה 74 ויסוצקי 125 גר,גרמים,125.00,100 גרם,false,,12.80,10.2400,true,1,246730
7290000345055,false,תה עלים ארל גריי ויסוצקי 100 גרם,מולינו ניקולי s.p.a,IL,תה ארל גריי תה עלים,גרמים,100.00,100 גרם,false,,12.90,12.9000,true,1,246731
7290000345215,false,תה כחול קלאסיק ויסוצקי 100 יחידות,מולינו ניקולי s.p.a,IL,תה ויסוצקי טעם מעודן,גרמים,100.00,100 גרם,false,,15.90,15.9000,true,1,246733
7290000345307,false,תה ארל גריי ויסוצקי 50 יחידות,מולינו ניקולי s.p.a,IL,תה ארל גריי ויסוצקי,גרמים,75.00,100 גרם,false,,27.90,37.2000,true,1,246736
7290000345536,false,תה נענע ויסוצקי 25 יחידות,מולינו ניקולי s.p.a,IL,תה נענע 1.5 גרם 25 ש,גרמים,38.00,100 גרם,false,,16.50,43.4211,true,1,271416
7290000346205,false,חליטת קמומיל הגן הקסום ויסוצקי 25 יחידות,תה ויסוצקי,IL,תה קמומיל הגן קסום 1,גרמים,38.00,100 גרם,false,,17.50,46.0526,true,1,268000
7290000347738,false,תה ירוק נענע ויסוצקי 25 יחידות,תה ויסוצקי,IL,תה ירוק נענע 25 שקיק,גרמים,38.00,100 גרם,false,,22.90,60.2632,true,1,246751
7290000347752,false,תה ירוק לימונית ולואיזה 25 שקיקים *1.5 ג'' ויסוצקי,תה ויסוצקי,IL,תה ירוק לימון ולואיז,גרמים,38.00,100 גרם,false,,22.90,60.2632,true,1,246752
7290000363363,false,קבנוס נקניק מעושן יבש 160 גרם,הנסיך- מפעל לייצור ט,IL,קבנוס מיוחד טירת צבי,גרמים,160.00,100 גרם,false,,14.90,9.3125,true,1,270049
7290000364261,false,"דקניקים, סלסולי פסטרמה כתף בקר מעושנת 120 גרם",הנסיך- מפעל לייצור ט,IL,סלסולי כתף בקר מעושן,גרמים,120.00,100 גרם,false,,12.90,10.7500,true,1,255558
7290000364278,false,דקניקים סלסולי סלמי איטלקי משובח טירת צבי 120 גרם,הנסיך- מפעל לייצור ט,,סלסולי סלמי בסגנון א,גרמים,120.00,100 גרם,false,,12.90,10.7500,true,1,255559
7290000364292,false,דקניקים סלסולי פסטרמה הודו על גחלים 1% טירת צבי 120 גרם,הנסיך- מפעל לייצור ט,IL,סלסולי פסטרמה הודו ע,גרמים,120.00,100 גרם,false,,12.90,10.7500,true,1,255561
7290000364858,false,"נקניקיות עוף טרי 1 ק""ג טירת צבי",הנסיך- מפעל לייצור ט,IL,נקניקיות עוף טירת צב,פריט,1.00,"ק""ג",false,,22.90,22.9000,true,1,246797
7290000396224,false,תפוחי אדמה גורמה שקיל,אראל תוצרת חקלאית בע,IL,תפוח אדמה גורמה,Unknown,0.00,יחידה,false,,17.90,0.0000,true,1,297099
7290000408354,false,יוגורט עם אורז מצופה שוקולד קקאו 175 ג' דנונה,"שטראוס בריאות בע""\מ",IL,דנונה בר פצפוצים,מיליליטרים,175.00,"100 מ""ל",false,,4.30,2.4571,true,1,246933
7290000416632,false,"ממרח שוקולד פרווה השחר 1 ק""ג כשל""פ",השחר העולה תעשייות מ,IL,ממרח בטעם שוקולד השח,פריט,1.00,"ק""ג",false,,22.90,22.9000,true,1,250411
7290000416861,false,"ממרח שוקולד חלבי השחר בד""צ 750 גרם",השחר העולה תעשית ממת,IL,ממרח בטעם שוקולד השח,גרמים,750.00,100 גרם,false,,19.90,2.6533,true,1,311957
7290000418131,false,תחבושות טופ פד מקופלת 18 יח',מוצרי נייר עמיר,IL,תחבושות טופ פד 18 יח,Unknown,0.00,יחידה,false,,5.90,0.0000,true,1,247032
7290000418155,false,תחבושות טופ-פד סופר-פלוס 16 יחידות,מוצרי נייר עמיר,IL,תחבושות טופ פד סופר,Unknown,0.00,יחידה,false,,5.90,0.0000,true,1,247033
7290000419220,false,לנדוור כחול המקורי קפה טחון טורקי 3*100 גרם 16 יח',קפה לנדוור,IL,מארז קפה טורקי לנדוו,גרמים,300.00,100 גרם,false,,14.90,4.9667,true,1,254468
7290000419374,false,לנדוור לבוקר קפה טחון טורקי 3*100 גרם 16 יח',קפה לנדוור,IL,מארז קפה טורקי לנדוו,גרמים,300.00,100 גרם,false,,14.90,4.9667,true,1,254469
7290000426150,false,בודק כרובית פרחים 600 גר',"מטר ארצכם בע""מ",IL,כרובית פרחים בודק 60,גרמים,600.00,100 גרם,false,,24.90,4.1500,true,1,309336
7290000426921,false,ברוקולי פרחים בודק קפוא 907 גר,"מטר ארצכם בע""מ",IL,ברוקולי פרחים בודק 9,גרמים,709.00,100 גרם,false,,34.90,4.9224,true,1,318560
7290000432359,false,נר נשמה בכוס שבועי פ,פאלאס,CN,נר נשמה בכוס שבועי פ,Unknown,0.00,יחידה,false,,9.90,0.0000,true,1,288531
7290000436326,false,עוגיות שוקולד ציפס ב,ברמן שוקולד ועוגיות,IL,עוגיות שוקולד ציפס ב,פריט,1.00,"ק""ג",false,,19.90,19.9000,true,1,300938
7290000436340,false,עוגיות במילוי שוקולד,ברמן שוקולד ועוגיות,IL,עוגיות במילוי שוקולד,גרמים,900.00,100 גרם,false,,19.90,2.2111,true,1,300940
7290000436357,false,עוגיות ממולאות בטעם,ברמן שוקולד ועוגיות,IL,עוגיות ממולאות בטעם,פריט,1.00,"ק""ג",false,,19.90,19.9000,true,1,302574
7290000436371,false,עוגיות סהר בציפוי שו,ברמן שוקולד ועוגיות,IL,עוגיות סהר בציפוי שו,פריט,1.00,"ק""ג",false,,19.90,19.9000,true,1,302573
7290000442310,false,טפטפים בייביסקין משחה לטוסיק מבושם 100,"רצט שקיים בע""מ",IL,משחת החתלה לתינוק 10,גרמים,100.00,100 גרם,false,,9.90,9.9000,true,1,305715
7290000446325,false,תרכיז תפוחים בטר אנד דיפרנט 1.2 ליטר,"בטר אנד דיפרנט בע""מ",IL,תרכיז ב.ד תפוחים טבע,קילוגרמים,1.20,ליטר,false,,41.90,34.9167,true,1,249491
7290000446394,false,דייסת שיבולת שועל בטר אנד דיפרנט 200 גרם,בטר אנד דיפרנט B&D,IL,דייסת שיבולת שועל ב.,גרמים,200.00,100 גרם,false,,9.90,4.9500,true,1,247107
7290000446523,false,ממרח בוטנים מתוק בטר אנד דיפרנט 350 גרם,בטר אנד דיפרנט,IL,חמאת בוטנים מתוקה ב.,גרמים,350.00,100 גרם,false,,13.90,3.9714,true,1,247109
7290000446530,false,"ממרח בוטנים מתוק בטר אנד דיפרנט 1 ק""ג",בטר אנד דיפרנט,IL,חמאת בוטנים מתוקה ב.,פריט,1.00,"ק""ג",false,,26.90,26.9000,true,1,247110
7290000446547,false,חמאת בוטנים טבעית בטר אנד דיפרנט 350 גרם,"בטר אנד דיפרנט בע""מ",IL,חמאת בוטנים טבעית ב.,גרמים,350.00,100 גרם,false,,13.90,3.9714,true,1,247111
7290000446554,false,"חמאת בוטנים טבעית בטר אנד דיפרנט 1 ק""ג",בטר אנד דיפרנט B&D,IL,חמאת בוטנים טבעית ב.,פריט,1.00,"ק""ג",false,,26.90,26.9000,true,1,247112
7290000446721,false,מארז פריכיות אורז ב.,בטר אנד דיפרנט,IL,מארז פריכיות אורז ב.,גרמים,420.00,100 גרם,false,,14.90,3.5476,true,1,247115
7290000446745,false,חמאת שקדים 100% טבעי 350ג' בי&די,בטר אנד דיפרנט,IL,חמאת שקדים ב.ד 350 ג,גרמים,350.00,100 גרם,false,,38.90,11.1143,true,1,258199
7290000446776,false,פיצפוצי אורז מלא ללא סוכר ומלח בשקית 450 גרם,בטר אנד דיפרנט,IL,פצפוצי אורז ללא תוספ,גרמים,450.00,100 גרם,false,,18.90,4.2000,true,1,247116
7290000453019,false,שמרים טריים לאפייה שקית שמרית 50 ג',"פאקא תעשיות בע""\מ",IL,שמרים טריים שמרית 50,גרמים,50.00,100 גרם,false,,3.90,7.8000,true,1,247134
7290000453125,false,שמרית שמרים טריים לאפיה +משפר אפיה 100ג,"פאקא תעשיות בע""\מ",IL,שמרים טריים+משפר אפי,גרמים,100.00,100 גרם,false,,6.90,6.9000,true,1,247135
7290000453385,false,שמרים יבשים פארא אינסטנט 500 גרם עלית,פאקא תעשיות בעמ,IL,שמרים יבשים פאקא 500,גרמים,500.00,100 גרם,false,,12.90,2.5800,true,1,254684
7290000453408,false,בצק פיצה דק מצונן ומוכן לאפייה שמרית 415 גרם,"פאקא תעשיות בע""מ",FR,בצק פיצה מוכן לאפיה,גרמים,415.00,100 גרם,false,,15.80,3.8072,true,1,313823
7290000453415,false,בצק עלים מצונן ומוכן לאפייה שמרית 300 גרם,"פאקא תעשיות בע""מ",FR,בצק עלים מוכן לאפיה,גרמים,300.00,100 גרם,false,,14.80,4.9333,true,1,313824
7290000453422,false,בצק פילו מצונן ומוכן לאפייה שמרית 300 גרם,"פאקא תעשיות בע""מ",GR,בצק פילו מוכן לאפיה,גרמים,300.00,100 גרם,false,,14.80,4.9333,true,1,313825
7290000453484,false,בצק קדאיף לאפייה שמרית 350 גרם,"פאקא תעשיות בע""מ",GR,בצק קדאיף שמרית 350,גרמים,350.00,100 גרם,false,,14.80,4.2286,true,1,322181
7290000453866,false,נטורינה תחליף מרגרינה לבישול ואפיה קוקוס שמרית 200 גרם,גרונבאנג- גרונדנסק א,IL,נטורינה תחליף מרגרינ,גרמים,200.00,100 גרם,false,,6.50,3.2500,true,1,308792
7290000453880,false,מרגרינה ללא מלח לאפיה ובישול שמרית 200גר,"פאקא תעשיות בע""מ",IL,מרגרינה ללא מלח שמרי,גרמים,200.00,100 גרם,false,,4.60,2.3000,true,1,291398
7290000453897,false,מרגרינה בטעם חמאה שמרית 200 גרם,גרונבאנג- גרונדנסק א,IL,מרגרינה בטעם חמאה שמ,גרמים,200.00,100 גרם,false,,4.60,2.3000,true,1,291397
7290000462103,false,סחוג תימני אדום חריף עדין זהבי הכרם 150 גרם,קריניסה ויטמין אס אי,IL,סחוג תימני זהבי 150,גרמים,150.00,100 גרם,false,,6.90,4.6000,true,1,249586
7290000462141,false,סחוג אדום תימני מקורי חריף מאוד זהבי 150 גרם,קריניסה ויטמין אס אי,IL,סחוג תימני חריף זהבי,גרמים,150.00,100 גרם,false,,6.90,4.6000,true,1,249587
7290000462172,false,סחוג תימני ירוק חריף זהבי הכרם 150 גרם,קריניסה ויטמין אס אי,IL,סחוג ירוק זהבי 150 ג,גרמים,140.00,100 גרם,false,,6.90,4.9286,true,1,249588
7290000467153,false,מלך החומוס סמיר הגדול 400 גרם צבר,סלטי צבר,IL,חומוס עם המון טחינה,גרמים,400.00,100 גרם,false,,13.90,3.4750,true,1,265080
7290000467320,false,מלך החומוס אבו מרוואן 400 גרם,סלטי צבר,IL,חומוס אבו מרוואן צבר,גרמים,400.00,100 גרם,false,,13.90,3.4750,true,1,265081
7290000469638,false,"ספריי לגיהוץ קל מריטו 500 מ""ל",בולטון מניטובה,,ספריי לגיהוץ מריטו 5,מיליליטרים,500.00,"100 מ""ל",false,,19.90,3.9800,true,1,254875
7290000474021,false,חלב 3% טרה שקית 1 ל' מהדרין,Unknown,IL,חלב שקית 3% טרה 1 לי,קילוגרמים,1.00,ליטר,false,,5.30,5.3000,true,1,247215
7290000474090,false,"חלב בקרטון 1%- 1 ליטר בד""צ - מוצר בפיקוח",מילקו תעשיות בעמ,IL,חלב 1% טרה 1 ליטר,קילוגרמים,1.00,ליטר,false,,5.80,5.8000,true,1,247217
7290000474373,false,"שמנת חמוצה 15% שומן 200 מ""ל טרה",קריות זול,IL,שמנת חמוצה 15% טרה 2,מיליליטרים,200.00,"100 מ""ל",false,,2.40,1.2000,true,1,247220
7290000474502,false,גבינה לבנה טרה 5% מרכיבים טבעיים,הפריט בפיקוח,IL,גבינה 5% טרה 250 גרם,גרמים,250.00,100 גרם,false,,4.90,1.9600,true,1,249748
7290000474540,false,טוב טעם גבינה לבנה 3% טרה 250 גרם,קריות זול,IL,גבינה 3% טוב טעם 250,גרמים,250.00,100 גרם,false,,10.20,4.0800,true,1,247223
7290000474830,false,נעם גבינה צהובה מגורדת 28% טרה 500 גרם,מילקו תעשיות בעמ,IL,גבינה מגורדת 28% טרה,גרמים,500.00,100 גרם,false,,29.90,5.9800,true,1,247224
7290000480107,false,קוואקר שיבולת שועל פחית 500 גרם,וולקרס סנקס לימיטד,GB,שיבולת שועל קוואקר 5,גרמים,500.00,100 גרם,false,,10.90,2.1800,true,1,254523
7290000484747,false,עראק עלית 700 מל 40% כהל,יקב הגליל יוסף גולד ובניו,IL,"עלית הארק 40% 700 מ""",מיליליטרים,700.00,"100 מ""ל",false,,49.90,7.1286,true,1,291911
7290000490601,false,גלידל וניל פלדמן מארז שמינייה,הגלידות של פלדמן,IL,מאגדת גלידל שלגון ב,גרמים,400.00,100 גרם,false,,28.90,7.2250,true,1,324580
7290000490717,false,מאגדת גלית- שלגון חלבי בטעם וניל עם ציפו,הגלידות של פלדמן,IL,מאגדת גלית 8 יח',גרמים,560.00,100 גרם,false,,19.90,3.5536,true,1,312039
7290000490762,false,גלידל שוקו פלדמן מארז שמינייה,הגלידות של פלדמן,IL,מאגדת גלידל שלגון בט,גרמים,400.00,100 גרם,false,,28.90,7.2250,true,1,324581
7290000493176,false,אסם אבקת רוטב צלי לבשר 22 ג',"אסם השקעות בע""\מ",IL,אבקה להכנת רוטב צלי,גרמים,22.00,100 גרם,false,,3.60,16.3636,true,1,247256
7290000493183,false,אבקת רוטב פטריות לבשר-30 גרם,"אסם השקעות בע""\מ",IL,אבקת רוטב פטריות אסם,גרמים,30.00,100 גרם,false,,3.50,11.6667,true,1,247257
7290000494760,false,קפה טורקי כתר בוואקו,רוני רג'ואן,IL,קפה טורקי בוואקום כת,פריט,1.00,"ק""ג",false,,39.90,39.9000,true,1,274994
7290000497044,false,"לחם אקטיב 750 גרם ""ברמן""",מאפית י את א ברמן בע,IL,לחם אקטיב ברמן 750 ג,גרמים,750.00,100 גרם,false,,14.90,1.9867,true,1,266802
7290000497112,false,"לחם כהה פרוס וארוז ""ברמן""-מוצר בפיקוח",מאפית י את א ברמן בע,IL,לחם פרוס ברמן 750 גר,גרמים,750.00,100 גרם,false,,6.50,0.8667,true,1,247267
7290000497228,false,לחמניה רגילה בשקית ברמן 6יח',מאפית י את א ברמן בע,IL,לחמניות אצבע ברמן 6,גרמים,450.00,100 גרם,false,,9.90,2.2000,true,1,247268
7290000497273,false,לחמניות ברמן אקטיב 6יח 450גר,מאפית י את א ברמן בע,IL,לחמניות קמח מלא אקטי,גרמים,450.00,100 גרם,false,,13.90,3.0889,true,1,292924
7290000497303,false,"שישיית לחמניות מקמח מלא ""ברמן""",מאפית י את א ברמן בע,IL,לחמניות קמח מלא ברמן,גרמים,450.00,100 גרם,false,,10.90,2.4222,true,1,247269
7290000497358,false,חלה מתוקה ארוזה חלומית 500 גר',מאפית י את א ברמן בע,IL,חלה מתוקה חלומית ברמ,גרמים,500.00,100 גרם,false,,11.90,2.3800,true,1,250001
7290000497426,false,לחם ברמן לענין פלוס 500 גרם,מאפית י את א ברמן בע,IL,לחם לעניין פלוס ברמן,גרמים,500.00,100 גרם,false,,12.90,2.5800,true,1,249995
7290000497532,false,"לחם מקמח מלא""לעניין"" 750 גר'",מאפית י את א ברמן בע,IL,לחם קמח מלא לעניין ב,גרמים,750.00,100 גרם,false,,12.90,1.7200,true,1,247271
7290000497570,false,לחם דגנים פלוס ברמן 500 גרם,מאפית י את א ברמן בע,IL,לחם דגנים פלוס ברמן,גרמים,500.00,100 גרם,false,,12.90,2.5800,true,1,249996
7290000498003,false,לחם מקמח חיטה מלא 750 גר,מאפית י את א ברמן בע,IL,לחם קמח מלא E-FREE ב,גרמים,750.00,100 גרם,false,,14.90,1.9867,true,1,300824
7290000498034,false,לחם אי פרי קמח כוסמין מלא 750 גר',מאפית י את א ברמן בע,IL,לחם קמח מלא כוסמין E,גרמים,750.00,100 גרם,false,,14.90,1.9867,true,1,308127
7290000498058,false,חלה כוסמין חלומית כוסמין חלה מתוקה 500 ג,מאפית י את א ברמן בע,IL,חלה כוסמין חלומית בר,גרמים,500.00,100 גרם,false,,15.90,3.1800,true,1,322323
7290000498300,false,חלה מתוקה ברמן 500 ג,מאפית י את א ברמן בע,IL,חלה מתוקה ברמן 500 ג,גרמים,500.00,100 גרם,false,,10.90,2.1800,true,1,316052
7290000504049,false,סוכרזית קלאסי קנקן 1200 טבליות,אף.סי תבליני בגליל ב,IL,ממתיק קלאסי סוכרזית,גרמים,98.00,100 גרם,false,,17.90,18.2653,true,1,247306
7290000504209,false,"סוכרזית דיאט טיפ נוזלי 220 מ""ל",אף.סי תבליני בגליל ב,IL,ממתיק נוזלי קלאסי סו,מיליליטרים,220.00,"100 מ""ל",false,,14.80,6.7273,true,1,247307
7290000504278,false,ממתיק סוכרזית אריזת פטנט 700 טבליות,אף.סי תבליני בגליל ב,IL,ממתיק קלאסי סוכרזית,Unknown,0.00,יחידה,false,,13.90,0.0000,true,1,247308
7290000521008,false,יין אדום יבש של סגל750מל,"כרמי צבי - אחים סגל בע""\",IL,יין סגל אדום יבש,מיליליטרים,750.00,"100 מ""ל",false,,21.50,2.8667,true,1,247330
7290000523224,false,מלח הארץ הים האדום 500 ג' עדין,"חברת מלח הארץ אילת בע""\מ",IL,מלח עדין הים האדום 5,גרמים,500.00,100 גרם,false,,7.90,1.5800,true,1,247334
7290000523804,false,"מלח עדין צנצנת 1 ק""ג מלח הארץ","חברת מלח הארץ אילת בע""\מ",IL,"מלח עדין 1 ק""ג בצנצנ",פריט,1.00,"ק""ג",false,,6.90,6.9000,true,1,260998
7290000523811,false,"צנצנת מלח גס 1 ק""ג מלח הארץ","חברת מלח הארץ אילת בע""\מ",IL,"מלח גס 1 ק""ג בצנצנת",פריט,1.00,"ק""ג",false,,6.90,6.9000,true,1,260999
7290000530109,false,קבנוס זוגי בואקום זוגלובק 180ג',נקניק נהריה כשר זוגל,IL,זוג קבנוס זוגלובק 2*,גרמים,360.00,100 גרם,false,,24.90,6.9167,true,1,251716
7290000530116,false,נקניק סלמי מעושן בשן 470 ג' זוגלובק,נקניק נהריה כשר זוגל,IL,סלמי בשן זוגלובק 470,גרמים,470.00,100 גרם,false,,24.90,5.2979,true,1,265699
7290000530468,false,"נקניקיות וינר זוגלובק 1 ק""ג",זוגלובק,,נקניקיות וינר זוגלוב,פריט,1.00,"ק""ג",false,,32.90,32.9000,true,1,264476
7290000530703,false,פסטרמה חרמון כפרית ונקניק תה מעושן זוגלובק 2*400 גרם,נקניק נהריה כשר זוגל,IL,מארז סלמי תה/חרמון ז,גרמים,800.00,100 גרם,false,,25.90,3.2375,true,1,266454
7290000533353,false,"בצק עלים צרפתי 1 ק""ג זוגלובק",מאפיית אריאל וגידרון,IL,בצק עלים זוגלובק 1 ק,פריט,1.00,"ק""ג",false,,13.90,13.9000,true,1,247352
7290000536316,false,"שניצל מן הצומח 1 ק""ג זוגלובק",נקניק נהריה כשר זוגל,IL,שניצל מן הצומח זוגלו,פריט,1.00,"ק""ג",false,,26.90,26.9000,true,1,247354
7290000536743,false,שניצלונים קריספי ט. תירס 500 גר' זוגלובק,נקניק נהריה כשר זוגל,IL,קריספי סטיקס טבעי זו,גרמים,500.00,100 גרם,false,,14.90,2.9800,true,1,267073
7290000536774,false,"נקניקיות מן הצומח זוגלובק 1ק""ג בד""צ",זוגלובק טבע,IL,נקניקיות מן הצומח זו,פריט,1.00,"ק""ג",false,,26.90,26.9000,true,1,247356
7290000537603,false,"נקניקיות עוף זוגלובק 1 ק""ג",זוגלובק,IL,נקניקיות עוף זוגלובק,פריט,1.00,"ק""ג",false,,24.90,24.9000,true,1,251717
7290000551678,false,בשר מס 8 שריר צרכני,קונספסיון פניסקור,,בשר מס 8 שריר צרכני,קילוגרמים,1.00,"ק""ג",true,,34.90,34.9000,true,1,247506
7290000551708,false,בשר מס 2 צלעות בקר ע,,,בשר מס 2 צלעות בקר ע,קילוגרמים,1.00,"ק""ג",true,,39.90,39.9000,true,1,252003
7290000554402,false,מעדן חלב מלבי גד 160 גרם,"מיוצר ע""\י קוד יצרן EDNK",IL,מלבי גד 160 גרם,מיליליטרים,160.00,"100 מ""ל",false,,5.60,3.5000,true,1,247509
7290000554471,false,נקניק מוצרלה 22 אחוז 180גרם גד מהדרין,"מחלבות גד בע""\מ",IL,גבינת מוצרלה 22% גד,גרמים,180.00,100 גרם,false,,15.90,8.8333,true,1,247511
7290000554600,false,מוצרלה מגורדת 22 אחוז 300גרם גד מהדרין,מחלבות גד בעמ,IL,גבינת מוצרלה מגורדת,גרמים,300.00,100 גרם,false,,23.90,7.9667,true,1,247512
7290000554624,false,ירח מתוק מעדן חלב עם אורז 3% גד 150 גרם,"מיוצר ע""\י קוד יצרן EDNK",IL,מעדן ירח מתוק 3% גד,מיליליטרים,150.00,"100 מ""ל",false,,4.90,3.2667,true,1,247513
7290000554822,false,ריקוטה גבינה לבנה בסגנון איטלקי 5% גד 250 גרם,מחלבות גד בעמ,IL,גבינת ריקוטה 5% גד 2,גרמים,250.00,100 גרם,false,,12.90,5.1600,true,1,247515
7290000554839,false,מסקרפונה שמנת מתוקה קשה בסגנון איטלקי 40% גד 250 גרם,מחלבות גד בעמ,IL,גבינת מסקרפונה 40% ג,גרמים,250.00,100 גרם,false,,19.90,7.9600,true,1,247516
7290000571812,false,גבינת פרמז'ן מגורד 200 גרם,תנובה מרכז שיתופי לש,IL,גבינה פרמזן מגורדת ה,גרמים,200.00,100 גרם,false,,16.90,8.4500,true,1,264682
7290000572055,false,אחוה חלוה ללא סוכר עם סיבים ואגוזים 400 גרם,אחדות ביחר לטחינה חל,IL,חלוה אגוזים ללא סוכר,גרמים,400.00,100 גרם,false,,14.90,3.7250,true,1,247574
7290000572086,false,טחינה אורגנית אחדות 500 גרם,אחדות ביחר לטחינה חל,IL,טחינה אורגנית אחוה 5,גרמים,500.00,100 גרם,false,,10.90,2.1800,true,1,247575
7290000572215,false,חלבה וניל מצופה אחווה 80ג',אחדות ביחר לטחינה חל,IL,חטיף חלוה מצופה אחוה,גרמים,80.00,100 גרם,false,,2.90,3.6250,true,1,252679
7290000572222,false,חלווה בלוק וניל אחוה 500 גרם,שוורצקוף& הנקל דיסלד,IL,חלוה בטעם וניל אחוה,גרמים,500.00,100 גרם,false,,9.80,1.9600,true,1,247576
7290000572529,false,חלוה עם פיסטוק אחווה 400 גרם,אחדות ביחר לטחינה חל,IL,חלוה פיסטוק אחוה 400,גרמים,400.00,100 גרם,false,,11.90,2.9750,true,1,247577
7290000572536,false,אחווה חלווה ווניל במגש 400 גר,אחדות ביחר לטחינה חל,IL,חלוה וניל אחוה 400 ג,גרמים,400.00,100 גרם,false,,9.80,2.4500,true,1,247578
7290000572628,false,חטיפי חלווה ללא סוכר בקופסא 250 גרם,אחדות ביחר לטחינה חל,IL,חטיפי חלוה ללא תוספת,גרמים,275.00,100 גרם,false,,11.90,4.3273,true,1,247581
7290000572673,false,מארז חלווה אחוה 12 יחידות 300 גרם,אחדות ביחר לטחינה חל,IL,חטיפי חלוה בטעמים אח,גרמים,300.00,100 גרם,false,,11.90,3.9667,true,1,248976
7290000572819,false,"טחינה גולמית אחווה 1 ק""ג",אחדות ביחר לטחינה חל,IL,"טחינה אחוה 1 ק""ג",פריט,1.00,"ק""ג",false,,18.90,18.9000,true,1,247584
7290000596020,false,ביסקויט פתיבר שוקו 1.8קג,מגדנית הדר,IL,פתיבר בטעם שוקו הדר,פריט,1.80,"ק""ג",false,,21.90,12.1667,true,1,272419
7290000598116,false,"מצות יהודה 1.5 ק""ג חמץ",מצות יהודה,IL,מצות חמץ יהודה 1.5 ק,פריט,1.50,"ק""ג",false,,24.90,16.6000,true,1,247601
7290000598130,false,מצות יהודה 400 ג' חמץ כחול,מצות יהודה,IL,מצות חמץ יהודה 400 ג,גרמים,400.00,100 גרם,false,,15.90,3.9750,true,1,250182
7290000598680,false,"פתי בר 1.8 ק""ג מצות יהודה",מצות יהודה,IL,"פתיבר יהודה 1.8 ק""ג",פריט,1.80,"ק""ג",false,,23.90,13.2778,true,1,247608
7290000598918,false,עוגיות בטעם חמאה יהו,מצות יהודה,IL,עוגיות בטעם חמאה יהו,פריט,1.50,"ק""ג",false,,24.90,16.6000,true,1,247611
7290000598949,false,מצות יהודה קמח מלא 300 ג' חמץ,מצות יהודה,IL,מצות חמץ חיטה מלאה י,גרמים,300.00,100 גרם,false,,16.50,5.5000,true,1,247613
7290000630076,false,עוף קפוא מס' 2 עטרה מחיר,עטרה,IL,עוף מס 2 קפוא עטרה,קילוגרמים,1.00,"ק""ג",true,,21.90,21.9000,true,1,247676
7290000631035,false,כבד עוף קפוא עטרה מחיר ל,שונות,IL,כבד עוף קפוא עטרה,קילוגרמים,1.00,"ק""ג",true,,29.90,29.9000,true,1,247685
7290000631226,false,כבד עוף טרי עטרה מחיר לפ,שונות,,כבד עוף טרי עטרה,קילוגרמים,1.00,"ק""ג",true,,32.90,32.9000,true,1,247687
7290000631271,false,לבבות עוף קפוא עטרה מחיר,שונות,IL,לבבות עוף קפוא עטרה,קילוגרמים,1.00,"ק""ג",true,,29.90,29.9000,true,1,247688
7290000631295,false,לבבות עוף טרי עטרה לקג,שונות,,לבבות עוף טרי עטרה,קילוגרמים,1.00,"ק""ג",true,,32.90,32.9000,true,1,247689
7290000632209,false,חזה עוף קפוא עטרה מחיר ל,שונות,IL,חזה עוף קפוא עטרה,קילוגרמים,1.00,"ק""ג",true,,29.90,29.9000,true,1,247692
7290000632391,false,כרעיים עוף קפוא עטרה מחי,שונות,IL,כרעיים עוף קפוא עטרה,קילוגרמים,1.00,"ק""ג",true,,31.90,31.9000,true,1,247693
7290000632599,false,ירכיים פטם קפוא עטרה מחי,שונות,IL,ירכיים עוף קפוא עטרה,קילוגרמים,1.00,"ק""ג",true,,29.90,29.9000,true,1,247694
7290000632698,false,שוקיים עוף קפוא עטרה מחי,שונות,IL,שוקיים עוף קפוא עטרה,קילוגרמים,1.00,"ק""ג",true,,34.90,34.9000,true,1,247695
7290000633800,false,כנפיים עוף קפוא עטרה מחי,שונות,IL,כנפיים עוף קפוא עטרה,קילוגרמים,1.00,"ק""ג",true,,11.90,11.9000,true,1,247698
7290000644516,false,גרונות הודו קפוא עטר,הוד חפר,,גרונות הודו קפוא עטר,קילוגרמים,1.00,"ק""ג",true,,29.90,29.9000,true,1,247708
7290000646114,false,כנפיים הודו קפוא עטר,,,כנפיים הודו קפוא עטר,קילוגרמים,1.00,"ק""ג",true,,16.90,16.9000,true,1,247711
7290000688381,false,שישיית מי עדן פקק ספורט 0.5 ליטר,"מופק ממקור בזלתי עדן ,1",IL,"מים מי עדן 6*500 מ""ל",קילוגרמים,3.00,ליטר,false,,12.90,4.3000,true,1,247866
7290000688503,false,"מים מינרלים פקק ספורט מי עדן 6*750 מ""ל","מופק ממקור בזלתי עדן ,1",IL,מים מי עדן ספורט 6*7,קילוגרמים,4.50,ליטר,false,,14.90,3.3111,true,1,259530
7290000692135,false,ספיד סטיק דאו בסיסי ירוק א.פ פרש פאוור,קולגייט פלמוליב,BY,דאו ספיד סטיק פאואר,Unknown,0.00,יחידה,false,,18.90,0.0000,true,1,259976
7290000692210,false,נוזל לניקוי כללי ורצפות בניחוח לבנדר אג'קס 2 ליטר,הנסיך- מפעל לייצור ט,BY,נוזל אג'קס לבנדר 2 ל,קילוגרמים,2.00,ליטר,false,,19.90,9.9500,true,1,254869
7290000694108,false,חטיף פיקנטי דבאייל ח,חטיפי יעקובי,IL,מקלוני חומוס דאבייל,גרמים,230.00,100 גרם,false,,11.90,5.1739,true,1,253143
7290000803180,false,"מרידול-שטיפת פה דנטלית 400 מ""ל",קולגייט פלמוליב,,"מי פה מרידול 400 מ""ל",מיליליטרים,400.00,"100 מ""ל",false,,24.90,6.2250,true,1,248494
7290000901022,false,פקדון בקבוק/ פחית,,,פקדון בקבוק/ פחית,Unknown,0.00,יחידה,false,,0.30,0.0000,true,1,248781
7290000901046,false,מיחזור אריזה זכוכית,,,מיחזור אריזה,Unknown,0.00,יחידה,false,,0.30,0.0000,true,1,246242
7290000901091,false,מיחזור אריזה פלסטיק,,,מיחזור אריזה פלסטיק,Unknown,0.00,יחידה,false,,1.80,0.0000,true,1,247867
7290000901107,false,מיחזור אריזה זכוכית,,,מיחזור אריזה זכוכית,Unknown,0.00,יחידה,false,,1.80,0.0000,true,1,245871
7290000901114,false,מיחזור אריזה פחית שי,,,מיחזור אריזה פחית שי,Unknown,0.00,יחידה,false,,1.80,0.0000,true,1,248786
7290000901121,false,צלעות טרי בלי עצם עט,,,צלעות טרי בלי עצם עט,קילוגרמים,1.00,"ק""ג",true,,69.90,69.9000,true,1,249863
7290000901152,false,צלעות כבש טרי עטרה,,,צלעות כבש טרי עטרה,קילוגרמים,1.00,"ק""ג",true,,199.90,199.9000,true,1,250355
7290000902203,false,בשר עגל טחון טרי עטר,,,בשר עגל טחון טרי עטר,קילוגרמים,1.00,"ק""ג",true,,49.90,49.9000,true,1,250974
7290000902234,false,סטייק עם עצם טרי עטר,,,סטייק עם עצם טרי עטר,קילוגרמים,1.00,"ק""ג",true,,99.90,99.9000,true,1,250977
7290000902241,false,אנטריקוט עגל טרי עטר,,,אנטריקוט עגל טרי עטר,קילוגרמים,1.00,"ק""ג",true,,79.90,79.9000,true,1,250978
7290000902258,false,צלי כתף עגל טרי עטרה,,,צלי כתף עגל טרי עטרה,קילוגרמים,1.00,"ק""ג",true,,79.90,79.9000,true,1,250979
7290000902265,false,פילה מדומה עגל טרי ע,,,פילה מדומה עגל טרי ע,קילוגרמים,1.00,"ק""ג",true,,79.90,79.9000,true,1,250980
7290000902272,false,כתף עגל טרי עטרה,,,כתף עגל טרי עטרה,קילוגרמים,1.00,"ק""ג",true,,69.90,69.9000,true,1,250981
7290000902289,false,אוסובוקו עגל טרי עטר,,,אוסובוקו עגל טרי עטר,קילוגרמים,1.00,"ק""ג",true,,69.90,69.9000,true,1,250982
7290000902296,false,שריר עגל טרי עטרה,,,שריר עגל טרי עטרה,קילוגרמים,1.00,"ק""ג",true,,69.90,69.9000,true,1,250983
7290000902357,false,קופון נייר מגבת ניקו,,,אסאדו עם עצם טרי עטר,קילוגרמים,1.00,"ק""ג",true,,69.90,69.9000,true,1,250989
7290000902494,false,בשר טחון מקפוא עטרה,,,בשר טחון מקפוא עטרה,קילוגרמים,1.00,"ק""ג",true,,27.90,27.9000,true,1,251000
7290000902609,false,מיחזור אריזה בקבוק 1,,,מיחזור אריזה בקבוק 1,Unknown,0.00,יחידה,false,,3.60,0.0000,true,1,251366
7290000902616,false,מיחזור אריזה 4 יח,,,מיחזור אריזה 4 יח,Unknown,0.00,יחידה,false,,1.20,0.0000,true,1,251368
7290000904900,false,מגבת נייר קירקלנד 1,,,מגבת נייר קירקלנד 1,מטרים,24.78,מטר,false,,9.90,0.3995,true,1,260342
7290000976433,false,קשיו קלוי תפזורת,"דין שיווק וקלייה בע""",VN,קשיו טבעי במשקל,קילוגרמים,1.00,"ק""ג",true,,85.00,85.0000,true,1,308252
7290000976471,false,גרעין דלעת מקולפת במ,"דין שיווק וקלייה בע""",IL,גרעין דלעת מקולפת במ,קילוגרמים,1.00,"ק""ג",true,,55.00,55.0000,true,1,249423
7290000976785,false,קשיו מסוכר במשקל,"דין שיווק וקלייה בע""",VN,קשיו מסוכר במשקל,קילוגרמים,1.00,"ק""ג",true,,85.00,85.0000,true,1,294705
7290000976846,false,פיסטוק חלבי קלוף תפז,"דין שיווק וקלייה בע""",,פיסטוק מקולף,קילוגרמים,1.00,"ק""ג",true,,150.00,150.0000,true,1,251247
7290000977102,false,תערובת פיצוחים במשקל,דין שיווק,TR,תערובת פיצוחים במשקל,קילוגרמים,1.00,"ק""ג",true,,85.00,85.0000,true,1,250098
7290000977713,false,אגוז קליפה טבעי במשק,דין שיווק,IL,אגוז קליפה טבעי במשק,קילוגרמים,1.00,"ק""ג",true,,45.00,45.0000,true,1,249243
7290000977881,false,תפוח עץ מיובש,דין שיווק,CN,"תפו""ע במשקל",קילוגרמים,1.00,"ק""ג",true,,45.00,45.0000,true,1,250087
7290000978307,false,חמוציות ללא סוכר במש,דין שיווק,US,חמוציות ללא סוכר במש,קילוגרמים,1.00,"ק""ג",true,,69.00,69.0000,true,1,249488
7290000978406,false,אננס רצועות במשקל תפ,דין שיווק,CN,אננס רצועות במשקל תפ,קילוגרמים,1.00,"ק""ג",true,,19.00,19.0000,true,1,249337
7290000978574,false,פרלינים במשקל,דין שיווק,,פרלינים במשקל,קילוגרמים,1.00,"ק""ג",true,,75.00,75.0000,true,1,249483
7290000978703,false,סוכריות קשות במשקל,,GB,סוכריות קשות במשקל,קילוגרמים,1.00,"ק""ג",true,,36.00,36.0000,true,1,249384
7290000978864,false,תבלינים קבוצה 5 שקיל,"דין שיווק וקלייה בע""",IL,תבלינים קבוצה 5,קילוגרמים,1.00,"ק""ג",true,,200.00,200.0000,true,1,249361
7290000989778,false,חמוציות מיובשות בתפז,"דין שיווק וקלייה בע""",IL,חמוציות במשקל,קילוגרמים,1.00,"ק""ג",true,,50.00,50.0000,true,1,249485
7290001022153,false,חמאה יורו וילי פוד ב,דותן,IL,חמאה יורו וילי פוד ב,קילוגרמים,1.00,"ק""ג",true,,49.00,49.0000,true,1,324100
7290001041017,false,חוואיג' תימני בצנצנת מיה 50 גרם,מיה תעשיות מזון מ.ת.מ. ב,IL,חוואיג תימני מיה 50,גרמים,50.00,100 גרם,false,,5.80,11.6000,true,1,245648
7290001041048,false,תבלין על האש בצנצנת מיה 50 גרם,מיה תעשיות מזון מ.ת.מ. ב,IL,תבלין על האש מיה 50,גרמים,50.00,100 גרם,false,,5.80,11.6000,true,1,245651
7290001041291,false,לקקן סוכריה על מקל 70יח',מיה תעשיות מזון מ.ת.מ. ב,IL,לקקנים בטעם פירות מי,גרמים,600.00,100 גרם,false,,16.90,2.8167,true,1,245656
7290001041888,false,פפריקה מתוקה בצנצנת מיה 300 גרם,מיה תעשיות מזון מ.ת.מ. ב,IL,פפריקה מתוקה מיה 300,גרמים,300.00,100 גרם,false,,14.90,4.9667,true,1,245661
7290001041895,false,פלפל שחור בצנצנת מיה 300 גרם,מיה תעשיות מזון מ.ת.מ. ב,IL,פלפל שחור מיה 300 גר,גרמים,300.00,100 גרם,false,,27.90,9.3000,true,1,245662
7290001123010,false,בשר מס 2 צלעות קפוא,עטרה,IL,בשר מס 2 צלעות קפוא,קילוגרמים,1.00,"ק""ג",true,,36.90,36.9000,true,1,245700
7290001123041,false,צלי כתף 5 חלק קפוא קג,שונות,,בשר מס 5 צלי כתף קפו,קילוגרמים,1.00,"ק""ג",true,,79.90,79.9000,true,1,245701
7290001123058,false,פילה מדומה מס6' חלק קפוא,פניסקור בארת,,בשר מס 6 פילה מדומה,קילוגרמים,1.00,"ק""ג",true,,39.90,39.9000,true,1,245702
7290001123065,false,בשר מס 7 מכסה הצלע ק,קונספסיון פניסקור פר,,בשר מס 7 מכסה הצלע ק,קילוגרמים,1.00,"ק""ג",true,,32.90,32.9000,true,1,249829
7290001123072,false,שריר מס' 8 טאק טורו מחיר,קונספסיון/ פניסקור/,,בשר מס 8 שריר קפוא ח,קילוגרמים,1.00,"ק""ג",true,,34.90,34.9000,true,1,245703
7290001134146,false,שישליק הודו טרי ארוז,,,שישליק הודו טרי ארוז,קילוגרמים,1.00,"ק""ג",true,,29.90,29.9000,true,1,303553
7290001134153,false,גרונות הודו קפוא כשר,יסכה,,גרונות הודו קפוא כשר,קילוגרמים,1.00,"ק""ג",true,,19.90,19.9000,true,1,308465
7290001134443,false,גרון הודו ארוז קפוא קג,יסכה,,גרונות הודו קפוא כשר,קילוגרמים,1.00,"ק""ג",true,,19.90,19.9000,true,1,308466
7290001136287,false,"שמפו לשיער רגיל בבושם פרחים נקה 7 750 מ""ל","אמיליה קוסמטיקס בע""מ",IL,שמפו נקה 7 לשיער רגי,מיליליטרים,750.00,"100 מ""ל",false,,9.90,1.3200,true,1,245710
7290001136294,false,"שמפו לשיער יבש בבישום פרחים נקה 7 750 מ""ל","אמיליה קוסמטיקס בע""מ",IL,שמפו נקה 7 לשיער יבש,מיליליטרים,700.00,"100 מ""ל",false,,9.90,1.4143,true,1,245711
7290001136362,false,נקה 7 תחליב רחצה אלוורה ארומה ירוק 1 ל',מיוצר בסין.יבוא ושיו,IL,תחליב נקה 7 אלוורה ו,קילוגרמים,1.00,ליטר,false,,12.70,12.7000,true,1,245713
7290001136683,false,"מרכך לשיער רגיל בבושם פרחים נקה 7 750 מ""ל","אמיליה קוסמטיקס בע""מ",IL,מרכך נקה 7 לשיער רגי,מיליליטרים,750.00,"100 מ""ל",false,,9.90,1.3200,true,1,245715
7290001136799,false,נקה 7 תחליב רחצה ארומה ורוד יסמין 1 ל',מיוצר בסין.יבוא ושיו,IL,תחליב נקה 7 ורד ויסמ,קילוגרמים,1.00,ליטר,false,,12.70,12.7000,true,1,245716
7290001136973,false,נקה 7 תחליב רחצה ארומה קמומיל לבן 1 ל',טרופיקל דגיל תעשיות,IL,תחליב נקה 7 קמומיל 1,קילוגרמים,1.00,ליטר,false,,12.70,12.7000,true,1,245717
7290001201510,false,תבנית ביצים מדיום 30 יח',לסר,IL,ביצים 30 יח בינוני ל,Unknown,30.00,יחידה,false,,27.80,0.9267,true,1,307304
7290001201602,false,ביצים 18 יח גדול לסר,לסר,IL,ביצים 18 יח גדול לסר,Unknown,18.00,יחידה,false,,18.00,1.0000,true,1,253005
7290001201619,false,תבנית ביצים 18 יחידות M,לסר,IL,ביצים 18 יח בינוני ל,Unknown,18.00,יחידה,false,,16.70,0.9278,true,1,253050
7290001201657,false,ביצים אומגה M/30 בינוני ארוז,לסר,IL,ביצים אומגה 30 יח בי,Unknown,30.00,יחידה,false,,37.90,1.2633,true,1,253008
7290001201671,false,מארז ביצים בינוני 2*,לסר,IL,מארז ביצים בינוני 2*,Unknown,60.00,יחידה,false,,55.50,0.9250,true,1,253006
7290001208403,false,חמצוצים / ליקריץ במש,,ES,חמצוצים / ליקריץ במש,קילוגרמים,1.00,"ק""ג",true,,50.00,50.0000,true,1,249362
7290001209158,false,שניצל עוף פרוס עטרה קפוא,שונות,IL,שניצל עוף קפוא עטרה,קילוגרמים,1.00,"ק""ג",true,,34.90,34.9000,true,1,245736
7290001209189,false,נקניקיות חריפות עטרה 400ג' מהדרין,מעדני הטלה והעגל,IL,נקניקיות חריפות קפוא,גרמים,400.00,100 גרם,false,,9.90,2.4750,true,1,245737
7290001209271,false,חזה חצוי טרי ארוז עט,נטו,,חזה עוף פרימיום טרי,קילוגרמים,1.00,"ק""ג",true,,34.90,34.9000,true,1,289556
7290001209349,false,עוף טרי שלם ארוז עטר,שונות,,עוף שלם טרי עטרה,קילוגרמים,1.00,"ק""ג",true,,23.90,23.9000,true,1,245740
7290001209356,false,כרעיים עוף טרי ארוז עטרה,שונות,,כרעיים עוף טרי עטרה,קילוגרמים,1.00,"ק""ג",true,,34.90,34.9000,true,1,245741
7290001209363,false,שניצל עוף טרי ארוז עטרה,שונות,,שניצל עוף טרי עטרה,קילוגרמים,1.00,"ק""ג",true,,35.90,35.9000,true,1,245742
7290001209370,false,ירכיים עוף טרי ארוז עטרה,שונות,,ירכיים עוף טרי עטרה,קילוגרמים,1.00,"ק""ג",true,,31.90,31.9000,true,1,245743
7290001209387,false,שוקיים עוף טרי ארוז עטרה,שונות,,שוקיים עוף טרי עטרה,קילוגרמים,1.00,"ק""ג",true,,36.90,36.9000,true,1,245744
7290001209394,false,כנפיים עוף טרי ארוז עטרה,שונות,,כנפיים עוף טרי עטרה,קילוגרמים,1.00,"ק""ג",true,,15.90,15.9000,true,1,245745
7290001209516,false,סטייק עין עטרה מעובד עטרה 800 גרם,טיבון ויל אחזקות בעמ,IL,סטייק עין עטרה 800 ג,גרמים,800.00,100 גרם,false,,49.90,6.2375,true,1,245748
7290001209547,false,פילה עוף קפוא עטרה,עוף הארץ,IL,פילה עוף קפוא עטרה,קילוגרמים,1.00,"ק""ג",true,,34.90,34.9000,true,1,290489
7290001216057,false,"טחינה שומשום טהור אל ארז 1 ק""ג",אגס ירוק מסחר ושירותים,IL,"טחינה אל ארז 1 ק""ג",פריט,1.00,"ק""ג",false,,26.90,26.9000,true,1,284878
7290001216101,false,"טחינה שומשום מלא אל ארז 1 ק""ג",טחינה אל ארז,IL,טחינה מלאה אל ארז 1,פריט,1.00,"ק""ג",false,,28.90,28.9000,true,1,314276
7290001245613,false,מטליות לחות לניקוי כ,סאסאטק,IL,מטליות לחות לניקוי כ,Unknown,0.00,יחידה,false,,14.90,0.0000,true,1,304764
7290001246061,false,מרכך מרוכז פרפיום פנטזי טאצ 1ל',סאסאטק,IL,מרכך מרוכז טאצ' כחול,קילוגרמים,1.00,ליטר,false,,5.90,5.9000,true,1,323507
7290001246078,false,מרכך מרוכז פרפיום סנשואל טאצ' 1 ל',סאסאטק,IL,מרכך מרוכז טאצ' סגול,קילוגרמים,1.00,ליטר,false,,5.90,5.9000,true,1,324608
7290001246498,false,מגיק נוזל לשטיפת רצפ,סאסאטק,IL,נוזל רצפות מגיק סחלב,קילוגרמים,4.00,ליטר,false,,9.90,2.4750,true,1,265632
7290001246504,false,אקונומיקה מבושמת 4 ל מגיק,סאסאטק,IL,אקונומיקה מגיק מבושמ,קילוגרמים,4.00,ליטר,false,,7.90,1.9750,true,1,265725
7290001246528,false,מרכך כביסה מרוכז פרפיום מיסטרי טאצ' 1 ל',סאסאטק,IL,מרכך מרוכז טאצ' שחור,קילוגרמים,1.00,ליטר,false,,5.90,5.9000,true,1,323508
7290001247068,false,קרטונית נקטר ספרינג תות בננה 1 ליטר,יפאורה שותפות מובגלת לשיווק,IL,נקטר ספרינג תות בננה,קילוגרמים,1.00,ליטר,false,,6.50,6.5000,true,1,245772
7290001247082,false,מיץ עגבניות רכיבים טבעיים ספרינג 1 ליטר,יפאורה שותפות מובגלת לשיווק,IL,נקטר ספרינג עגבניות,קילוגרמים,1.00,ליטר,false,,6.50,6.5000,true,1,245774
7290001247099,false,קרטונית נקטר ספרינג מנגו 1 ליטר,יפאורה שותפות מובגלת לשיווק,IL,נקטר ספרינג מנגו 1 ל,קילוגרמים,1.00,ליטר,false,,6.50,6.5000,true,1,245775
7290001247105,false,קרטונית נקטר ספרינג אפרסק 1 ליטר,יפאורה שותפות מובגלת לשיווק,IL,נקטר ספרינג אפרסק 1,קילוגרמים,1.00,ליטר,false,,6.50,6.5000,true,1,245776
7290001247112,false,קרטונית נקטר ספרינג לימונענע 1 ליטר,יפאורה שותפות מובגלת לשיווק,IL,נקטר ספרינג לימון 1,קילוגרמים,1.00,ליטר,false,,6.50,6.5000,true,1,245777
7290001247129,false,נקטר ספרינג תפוזים קרטונית 1 ל',יפאורה שותפות מובגלת לשיווק,IL,נקטר ספרינג תפוז 1 ל,קילוגרמים,1.00,ליטר,false,,6.50,6.5000,true,1,245778
7290001247143,false,קרטונית נקטר ספרינג תפוחים 1 ליטר,יפאורה שותפות מובגלת לשיווק,IL,נקטר ספרינג תפוח 1 ל,קילוגרמים,1.00,ליטר,false,,6.50,6.5000,true,1,245779
7290001274934,false,"שמיניית גלידל פרי לימון ""פלדמן""",הגלידות של פלדמן,IL,מאגדת גלידל פרי לימו,גרמים,640.00,100 גרם,false,,21.90,3.4219,true,1,312044
7290001327791,false,גלידת קרמיסימו וניל עוגיות חלבי,"גלידת שטראוס בע""\מ, רחוב",IL,גלידה קרמיסימו וניל,קילוגרמים,1.33,ליטר,false,,16.90,12.7068,true,1,245806
7290001342251,false,"שום כתוש אלדג, 360 גרם",אלדג,IL,שום כתוש אלדג 360 גר,גרמים,360.00,100 גרם,false,,16.90,4.6944,true,1,321816
7290001342350,false,מטיאס הולנדי עם בצל 700גר,אלדג,IL,פילה הרינג עם בצל אל,גרמים,700.00,100 גרם,false,,44.90,6.4143,true,1,270283
7290001342565,false,חזרת 380 גר' ללא סוכר אלדג,אלדג,IL,חזרת ללא סוכר אלדג 3,גרמים,300.00,100 גרם,false,,16.90,5.6333,true,1,251599
7290001343845,false,"גרנולה פירות 1 ק""ג - ורוד שקדיה","דין שיווק וקלייה בע""",IL,גרנולה עם פירות יבשי,פריט,1.00,"ק""ג",false,,19.90,19.9000,true,1,245813
7290001476208,false,גבינה ברי משולש כבשי,מחלבות גד,IL,גבינה ברי פקאן גד במ,קילוגרמים,1.00,"ק""ג",true,,119.00,119.0000,true,1,256006
7290001482094,false,גבינה פרמז'נו משולשים ויליפוד 200ג',זנטי אס. אי לאלין,IT,פרמזנו משולש ויליפוד,גרמים,200.00,100 גרם,false,,21.90,10.9500,true,1,269581
7290001482506,false,וילי פוד חומץ בלסמי בדץ 500מל,וילי פוד,IT,חומץ בלסמי ויליפוד 5,מיליליטרים,500.00,"100 מ""ל",false,,14.90,2.9800,true,1,245842
7290001485019,false,גבינת קרם שמנת טבעי 5% טרה 200 גרם,קריות זול,IL,גבינת שמנת טבעי 5% ט,גרמים,200.00,100 גרם,false,,9.90,4.9500,true,1,245843
7290001491096,false,תה ירוק בתוספת לימונית ולואיזה 50 שקיקים ויסוצקי,תה ויסוצקי,IL,תה ירוק לימונית לואי,גרמים,75.00,100 גרם,false,,41.90,55.8667,true,1,245849
7290001532010,false,סלמון בעישון חם הרמס,"הרמס דגים בע""מ",IL,סלמון בעישון חם הרמס,קילוגרמים,1.00,"ק""ג",true,,149.00,149.0000,true,1,308956
7290001532065,false,טונה מעושנת הרמס במש,"הרמס דגים בע""מ",IL,טונה מעושנת הרמס במש,קילוגרמים,1.00,"ק""ג",true,,109.00,109.0000,true,1,308958
7290001591840,false,גבינה גאודה עלמה 1 ק,,,גבינה גאודה עלמה 1 ק,פריט,1.00,"ק""ג",false,,34.00,34.0000,true,1,322265
7290001594155,false,"קוקה-קולה בבקבוק אישי 500 מ""ל",החברה המרכזית לייצור משקאות,,"קוקה קולה 500 מ""ל",מיליליטרים,500.00,"100 מ""ל",false,,5.70,1.1400,true,1,269841
7290001594179,false,"פאנטה אורנג' בבקבוק אישי 500 מ""ל",החברה המרכזית לייצור משקאות,,"פאנטה אורנג' 500 מ""ל",מיליליטרים,500.00,"100 מ""ל",false,,5.70,1.1400,true,1,321492
7290001594568,false,"בירה בפחית קרלסברג 500 מ""ל",מבשלות בירה בינלאומיות ב,TR,בירה קרלסברג פחית 5%,מיליליטרים,500.00,"100 מ""ל",false,,8.90,1.7800,true,1,318052
7290001594575,false,"בירה טובורג רד פחית 500 מ""ל",מבשלות בירה בינלאומיות ב,IL,בירה טובורג רד פחית,מיליליטרים,500.00,"100 מ""ל",false,,8.90,1.7800,true,1,318080
7290001594810,false,"בירה שחורה מאלטי בקב' מארז 330X6מ""ל",החברה המרכזית לייצור משקאות,,"בירה מאלטי 6*330 מ""ל",קילוגרמים,1.98,ליטר,false,,19.90,10.0505,true,1,270328
7290001594858,false,"שישייה בירה טובורג רד בקבוק 330 מ""ל",מבשלות בירה בינלאומיות ב,IL,מארז בירה טובורג רד,קילוגרמים,1.98,ליטר,false,,29.90,15.1010,true,1,245872
7290001594865,false,"שישייה בירה קרלסברג בקבוק 330 מ""ל",מבשלות בירה בינלאומיות ב,IL,מארז בירה קרלסברג 5%,קילוגרמים,1.98,ליטר,false,,29.90,15.1010,true,1,245873
7290001648285,false,אבקה להכנת שוקו מוקו,רוני רג'ואן,IL,אבקה להכנת שוקו מוקו,פריט,1.30,"ק""ג",false,,11.90,9.1538,true,1,320193
7290001648643,false,מארז קפה טורקי כתר 100X3 גרם,רוני רג'ואן ושות,IL,מארז קפה טורקי כתר 3,גרמים,300.00,100 גרם,false,,13.90,4.6333,true,1,270359
7290001670514,false,מלית אוכמניות - 400 גרם פוליבה,"פוליבה בע""מ",IL,מלית אוכמניות הנמל 4,גרמים,400.00,100 גרם,false,,9.90,2.4750,true,1,245905
7290001670668,false,קרחונית שקיות להכנת קרח הנמל 12 יחידות,"איטיליאן פוד, אס.פי.",TR,שקיות הקפאה לקרח הנמ,Unknown,0.00,יחידה,false,,2.90,0.0000,true,1,245907
7290001670859,false,מלית דובדבנים פוליבה 400 ג',קריות זול,IL,מלית דובדבנים הנמל 4,גרמים,400.00,100 גרם,false,,9.90,2.4750,true,1,245909
7290001670873,false,"צלחות גדולות לבנות קשיח ח""פ הנמל 66יח'",אריזות מדף פלזית אגש,IL,צלחות גדולות עבות במ,Unknown,0.00,יחידה,false,,38.90,0.0000,true,1,245910
7290001679609,false,מארז עוגיות אוראו 4*,מונדליז,CZ,מארז עוגיות אוראו 4*,גרמים,704.00,100 גרם,false,,26.90,3.8210,true,1,302581
7290001780428,false,מאגדת גלידת לייט שוקולד נסטלה 6יח' 312ג',גלידות נסטלה )נגה גלידות,IL,שלגוני לייט נסטלה שו,גרמים,312.00,100 גרם,false,,22.90,7.3397,true,1,245921
7290001791349,false,אקונומיקה ריחנית סנו פיסגה 4 ליטר,"סנו מפעלי ברונוס בע""מ",IL,אקונומיקה פסגה 4 ליט,קילוגרמים,4.00,ליטר,false,,9.90,2.4750,true,1,245923
7290001791356,false,"פרש מבשם אויר אוטומטי בניחוח לבנדר סנו 250 מ""ל",סנו מפעלי ברונוס בעמ,IL,מבשם אויר סנו פרש או,מיליליטרים,250.00,"100 מ""ל",false,,12.90,5.1600,true,1,270397
7290001791776,false,"סנו-די דוחה יתושים רול און עם אלוורה סנו 50 מ""ל",גוד פוד פרודקטס S.p,IL,סנו די רול און אלוור,מיליליטרים,50.00,"100 מ""ל",false,,19.90,39.8000,true,1,249443
7290001813454,false,"עוגיות חיוכים שוקולד עלית 900 גרם מארז 6 יחידות בד""צ",אפיפית נצרת תעשיות ב,IL,עוגיות חיוכים שוקו ע,גרמים,900.00,100 גרם,false,,18.90,2.1000,true,1,245932
7290001813478,false,"עוגיות חיוכים וניל עלית 900 גרם מארז 6 יחידות בד""צ","אפיפית נצרת (1971) בע""\מ",IL,עוגיות חיוכים וניל ע,גרמים,900.00,100 גרם,false,,18.90,2.1000,true,1,245933
7290001855232,false,שמן למאור מרום הגליל,ירושלים שיווק שמן זית וזיתים,IL,שמן למאור מרום הגליל,קילוגרמים,1.00,ליטר,false,,10.90,10.9000,true,1,257801
7290001867655,false,תפוא לבן פרמיום לאפי,אראל תוצרת חקלאית בע,IL,תפוח אדמה פרימיום,Unknown,0.00,יחידה,false,,17.90,0.0000,true,1,316579
7290001873984,false,טונה בשמן ויליגר 6*1,ויליגר,,טונה בשמן ויליגר 6*1,גרמים,840.00,100 גרם,false,,27.90,3.3214,true,1,316284
7290001901045,false,רולדה גפילטע פיש ירושלמי 600 גר',דג טעים בעמ,IL,רולדה גפילטע פיש ירו,גרמים,600.00,100 גרם,false,,24.90,4.1500,true,1,245953
7290001946121,false,פפריקה מרוקאית מתוקה תבליני ביטון 400 גרם,"דין שיווק וקלייה בע""",IL,פפריקה מרוקאית יוחאי,גרמים,400.00,100 גרם,false,,17.90,4.4750,true,1,253126
7290001970263,false,רחת לוקום במשקל,דין שיווק,IL,רחת לוקום במשקל,קילוגרמים,1.00,"ק""ג",true,,79.00,79.0000,true,1,303751
7290001970478,false,אגוזי מלך קלופים חצא,"דין שיווק וקלייה בע""",US,אגוז מלך קלופים שקיל,קילוגרמים,1.00,"ק""ג",true,,89.00,89.0000,true,1,299167
7290001970492,false,קשיו קלוי על גחלים ב,"דין שיווק וקלייה בע""",VN,קשיו קלוי על גחלים ב,קילוגרמים,1.00,"ק""ג",true,,96.00,96.0000,true,1,299168
7290001970768,false,פקאן קלוי במשקל,דין שיווק,IL,פקאן קלוי במשקל,קילוגרמים,1.00,"ק""ג",true,,130.00,130.0000,true,1,302664
7290001970775,false,בוטן קלוי ענק במשקל,דין שיווק,CN,בוטן קלוי ענק במשקל,קילוגרמים,1.00,"ק""ג",true,,35.00,35.0000,true,1,302663
7290001990094,false,"סוכר חום כהה צנצנת קלאסי סוגת 1ק""ג",האי נאם סי או אל.טי.,IL,"סוכר חום סוגת 1 ק""ג",פריט,1.00,"ק""ג",false,,14.90,14.9000,true,1,245969
7290002003168,false,"שלישיית קרם ידיים קלאסי פנג'ל 80 מ""ל",אינטרקוסמא 1985 במ,IL,קרם ידיים פנגל 3*80,גרמים,240.00,100 גרם,false,,13.90,5.7917,true,1,251244
7290002007296,false,צמר פלדה הנמל 350 גרם,פלסטו פוליש,IL,צמר פלדה הנמל 350 גר,גרמים,350.00,100 גרם,false,,8.90,2.5429,true,1,245982
7290002007357,false,שקיות צליה דליקטס מיקרוגל הנמל 10 יח',הנמל,IL,שקיות לצליה דליקטס 1,Unknown,0.00,יחידה,false,,3.90,0.0000,true,1,245983
7290002007487,false,צמר פלדה הנמל 100 גרם,"איטיליאן פוד, אס.פי.",IL,צמר פלדה הנמל 100 גר,Unknown,0.00,יחידה,false,,2.90,0.0000,true,1,245985
7290002007500,false,קיסמי שיניים הנמל במבוק 500 יחידות,הנמל אריזות ושיווק בעמ,CN,קיסמי שיניים הנמל 50,Unknown,0.00,יחידה,false,,2.70,0.0000,true,1,245986
7290002007623,false,כוסות ליין 50 יחידות,יבוא ושיווק: הנמל אריזות,TR,כוסיות ליין 50 יח,Unknown,0.00,יחידה,false,,3.90,0.0000,true,1,245987
7290002007760,false,"פירורי לחם הנמל 1 ק""",הנמל,IL,"פירורי לחם הנמל 1 ק""",פריט,1.00,"ק""ג",false,,9.90,9.9000,true,1,245989
7290002008040,false,שיפודי במבוק הנמל 100 יחידות,"הנמל אריזות ושיווק בע""\מ",CN,שיפודים 100 יח,Unknown,0.00,יחידה,false,,2.50,0.0000,true,1,245997
7290002008071,false,גביעי נייר מספר 2 הנמל 1 יחידה,"הנמל אריזות ושיווק בע""\מ",IL,עטרות חום בקופסא מס2,Unknown,0.00,יחידה,false,,3.90,0.0000,true,1,245998
7290002008149,false,מדליק פחם מוצק הנמל אריזת 40יח',מ.א.יצור ויבוא מטליו,IL,מדליק פחם מוצק 40 קו,מיליליטרים,300.00,"100 מ""ל",false,,5.90,1.9667,true,1,245999
7290002008156,false,גביעי נייר מספר 5 הנמל 1 יחידה,קריות זול,IL,עטרות חום בקופסא מס5,Unknown,0.00,יחידה,false,,4.90,0.0000,true,1,246000
7290002008170,false,גביעי נייר מספר 3 הנמל 1 יחידה,הנמל,IL,עטרות מס 3 חום בקופס,Unknown,0.00,יחידה,false,,4.90,0.0000,true,1,246001
7290002008309,false,עטרות נייר חום לעוגה מס' 4 הנמל 130יח',"הנמל אריזות ושיווק בע""\מ",IL,עטרות מס 4 חום בקופס,Unknown,0.00,יחידה,false,,4.90,0.0000,true,1,246002
7290002008460,false,עטרות חום מספר 1.5 הנמל,"הנמל אריזות ושיווק בע""\מ",IL,עטרות חום מס 1.5 קופ,Unknown,0.00,יחידה,false,,3.30,0.0000,true,1,246004
7290002008569,false,מלבין קפה בקופסא הנמל 200 גרם,הנמל אריזות ושיווק ב,IL,מלבין קפה בקופסא,גרמים,200.00,100 גרם,false,,12.90,6.4500,true,1,249063
7290002008903,false,נייר טואלט חתוך עדין ורך הנמל 12 יחידות,הויזהו טאימי פפר,CN,נייר טואלט חתוך הנמל,Unknown,0.00,יחידה,false,,14.90,0.0000,true,1,246012
7290002008989,false,קישקשים קשים לשתיה 225יח הנמל,שיווק: הנמל אריזות ושיוו,CN,קישקשים בקופסא 225 י,Unknown,0.00,יחידה,false,,6.90,0.0000,true,1,246014
7290002016830,false,שימורי דרום כרוב כבוש 560גר,בני דרום,IL,כרוב כבוש בני דרום 5,גרמים,550.00,100 גרם,false,,5.90,1.0727,true,1,253651
7290002022923,false,סוכריות על מקל בטעם תות כרמית 50 יחידות,דורקן סקרלמה סאן. וי,IL,סוכריות על מקל בטעם,גרמים,500.00,100 גרם,false,,12.90,2.5800,true,1,246070
7290002024002,false,"חומוס שמיר 3 ק""ג",סלטי שמיר 2006 בעמ,IL,"חומוס שמיר 3 ק""ג",פריט,3.00,"ק""ג",false,,29.90,9.9667,true,1,298989
7290002026341,false,צ'יפס אריסטו רגיל שקיות רשת,מוצרי איכות אמריקאיים,,ציפס בטטה קראנצ 500,גרמים,500.00,100 גרם,false,,15.90,3.1800,true,1,289354
7290002026358,false,צ'יפס אריסטו זיג זג שקיות רשת,מוצרי איכות אמריקאיים,,ציפס בטטה זיגזג קראנ,גרמים,500.00,100 גרם,false,,15.90,3.1800,true,1,289353
7290002026365,false,טבעות בצל אריסטו קראנץ' 500 גרם,מוצרי איכות אמריקאיים,IL,טבעות בצל קראנצ 500,גרמים,500.00,100 גרם,false,,8.90,1.7800,true,1,289352
7290002026402,false,בראנץ אנד קראנץ בלינצס גבינה 350 גרם,מוצרי איכות אמריקאיים בע,IL,בלינצס גבינה ב.קראנצ,גרמים,350.00,100 גרם,false,,10.90,3.1143,true,1,269820
7290002026440,false,פרצלס בייגלה בראנץ אנד קראנץ 280 ג',מוצרי איכות אמריקאיים בע,IL,פרצל ב.קראנצ 280 גרם,גרמים,280.00,100 גרם,false,,10.90,3.8929,true,1,269818
7290002026587,false,וופל בלגי פרווה בראנץ אנד קראנץ 8 יח',בראנץ' אנד קראנץ Brunch& Crunch,BE,וופל בלגי ב.קראנצ 2,גרמים,280.00,100 גרם,false,,10.90,3.8929,true,1,311137
7290002035169,false,פילה מקרל-מקרוסקה מעושנת בואקום שקיל,אלדג,IL,פילה מקרל מקרוסקה אל,קילוגרמים,1.00,"ק""ג",true,,149.00,149.0000,true,1,270604
7290002035206,false,חזרת בצנצנת אלדג 380גר,אלדג,IL,חזרת אלדג 360 גרם,גרמים,360.00,100 גרם,false,,16.90,4.6944,true,1,246071
7290002035336,false,פילה הרינג הולנדי שלם בשמן 300 גרם,אלדג,IL,פילה הרינג הולנדי אל,גרמים,300.00,100 גרם,false,,24.90,8.3000,true,1,270607
7290002035343,false,הרינג כבוש צנצנת 300 גרם,אלדג,IL,הרינג כבוש אלדג 300,גרמים,300.00,100 גרם,false,,24.90,8.3000,true,1,270608
7290002035770,false,מקרל מעושן בשמן 300 גרם,,IL,מקרל בשמן אלדג 300 ג,גרמים,300.00,100 גרם,false,,44.90,14.9667,true,1,318817
7290002035947,false,מעדן נסיכת הנילוס מעושן פרוס שקיל,אלדג,IL,מעדן נסיכת הנילוס מע,קילוגרמים,1.00,"ק""ג",true,,199.00,199.0000,true,1,318572
7290002037040,false,חלה קלה פרוסה 500 גרם,מאפית י את א ברמן בע,IL,חלה קלה ודש 500 גרם,גרמים,500.00,100 גרם,false,,14.90,2.9800,true,1,250144
7290002037309,false,שמיניית לחמניות המבורגר,מאפית י את א ברמן בע,IL,לחמניות המבורגר ודש,גרמים,400.00,100 גרם,false,,12.90,3.2250,true,1,250123
7290002040064,false,קוסקוס דק הנמל 350 גרם,טרופיקל דגיל תעשיות,IL,קוסקוס דק מזון 350 ג,גרמים,350.00,100 גרם,false,,5.30,1.5143,true,1,246074
7290002040071,false,קוסקוס עבה שקית 350 גרם הנמל,"קוסקוס מזון בע""מ",IL,קוסקוס עבה מזון 350,גרמים,350.00,100 גרם,false,,5.30,1.5143,true,1,246075
7290002040088,false,קוסקוס מלא הנמל 350 גרם,"קוסקוס מזון בע""מ",IL,קוסקוס מלא מזון 350,גרמים,350.00,100 גרם,false,,6.30,1.8000,true,1,246076
7290002040095,false,קוסקוס רגיל מארז 350X3ג' קוסקוס מזון,טרופיקל דגיל תעשיות,IL,מארז קוסקוס מזון 3*3,פריט,1.05,"ק""ג",false,,13.90,13.2381,true,1,249085
7290002044628,false,שומן כבש קפוא עטרה 2,טיבון ויל אחזקות בעמ,,שומן כבש קפוא עטרה 2,גרמים,200.00,100 גרם,false,,24.90,12.4500,true,1,252332
7290002065555,false,שישיית לחמנייה הכי רכה בהפסקה אנג'ל 450 גרם,מאפיית שלמה א. אנג'\ל בע,IL,לחמניות רגילות אנגל,גרמים,450.00,100 גרם,false,,10.90,2.4222,true,1,303103
7290002065616,false,לחם שיפון גרעינים פרוס אחדות 750 גרם,מאפיית שלמה א. אנג'\ל בע,IL,לחם שיפון בתוספת גרע,גרמים,750.00,100 גרם,false,,12.90,1.7200,true,1,303082
7290002075035,false,אובלטים בשקית 500 גר,שוקוטרייד בעמ,IL,אובלטים בשקית 500 גר,גרמים,500.00,100 גרם,false,,16.90,3.3800,true,1,246077
7290002077268,false,מיני קציצות דג לבישול 500 גרם קהילות,האי נאם סי או אל.טי.,IL,מיני קציצות דג לבישו,גרמים,500.00,100 גרם,false,,18.90,3.7800,true,1,257490
7290002096498,false,עוגיות דובשנית חפץ 6,חפץ אליקים,IL,דובשניות חפץ 600 גרם,גרמים,600.00,100 גרם,false,,10.70,1.7833,true,1,252260
7290002107071,false,גבינת פטה עיזים מעודנת 16% משק צוריאל 200 גרם,מחלבת משק צוריאל,IL,גבינת בולגרית עיזים,גרמים,200.00,100 גרם,false,,22.90,11.4500,true,1,265625
7290002107491,false,גבינה לבנה מחלב עיזים למריחה 5% משק צוריאל 250 גרם,מחלבת משק צוריאל,IL,גבינת עיזים 5% למריח,גרמים,250.00,100 גרם,false,,13.90,5.5600,true,1,246084
7290002107798,false,גבינה בולגרית מעודנת 5% משק צוריאל 250 גרם,מחלבת משק צוריאל,IL,גבינה בולגרית מעודנת,גרמים,250.00,100 גרם,false,,19.90,7.9600,true,1,246085
7290002109037,false,טחון עוף נתח בקר 500,טיבון ויל,IL,טחון עוף נתח בקר 500,גרמים,500.00,100 גרם,false,,8.90,1.7800,true,1,255124
7290002109044,false,הודו טחון נתח בקר 50,טיבון ויל,IL,הודו טחון נתח בקר 50,גרמים,500.00,100 גרם,false,,8.90,1.7800,true,1,255123
7290002109051,false,בקר טחון נתח בקר 500,טיבון ויל,IL,בקר טחון נתח בקר 500,גרמים,500.00,100 גרם,false,,10.90,2.1800,true,1,255125
7290002109372,false,בורקס פילו אצבעות בולגרי 700 ג' שלושת האופים,שלושת האופים שגמור,IL,בורקס פילו גבינה בול,גרמים,700.00,100 גרם,false,,16.90,2.4143,true,1,265803
7290002111085,false,"רוטב עגבניות 22% ""פרי מבורך"" 100 גרם","זנלכל בע""\מ",IL,רוטב עגבניות מרוכז מ,גרמים,100.00,100 גרם,false,,2.20,2.2000,true,1,246087
7290002111122,false,רסק תפוחי עץ בתוספת סוכר פרי מבורך 560 ג,"זנלכל בע""\מ",IL,"רסק תפו""ע בתוספת סוכ",גרמים,560.00,100 גרם,false,,8.90,1.5893,true,1,246088
7290002111139,false,רסק תפוחי עץ טבעי בלי תוספת סוכר פרי מבו,"זנלכל בע""\מ",IL,"רסק תפו""ע ללא תוספת",גרמים,560.00,100 גרם,false,,8.90,1.5893,true,1,246089
7290002111214,false,גרעיני תירס לייט A2 פרי מבורך 550 גר',"זנלכל בע""\מ",IL,תירס גרעינים לייט מב,גרמים,550.00,100 גרם,false,,8.90,1.6182,true,1,246090
7290002111313,false,עגבניות קוביות A2.5 פרי מבורך 800ג' בדצ,פרי מבורך,IL,עגבניות קוביות מבורך,גרמים,800.00,100 גרם,false,,9.90,1.2375,true,1,262774
7290002111337,false,"רוטב עגבניות 22% ""פרי מבורך"" 240 גרם","זנלכל בע""\מ",IL,רוטב עגבניות מרוכז מ,גרמים,240.00,100 גרם,false,,3.90,1.6250,true,1,246091
7290002111474,false,אפונה גדולה A2 פרי מבורך 600ג',"זנלכל בע""\מ",IL,אפונה גדולה מבורך 55,גרמים,550.00,100 גרם,false,,6.90,1.2545,true,1,246092
7290002111511,false,אפונת גינה וגזר פרי מבורך 550 גרם,"זנלכל בע""\מ",IL,אפונה וגזר מבורך 550,גרמים,550.00,100 גרם,false,,6.90,1.2545,true,1,246093
7290002111634,false,חומוס שלם פרי מבורך 290 גרם,"זנלכל בע""\מ",IL,חומוס שלם מבורך 550,גרמים,550.00,100 גרם,false,,6.90,1.2545,true,1,246094
7290002111696,false,עגבניות מרוסקות פרי מבורך 800 גרם,פרי מבורך,IL,עגבניות מרוסקות מבור,גרמים,800.00,100 גרם,false,,9.90,1.2375,true,1,262775
7290002111764,false,שעועית לבנה ברוטב עגבניות פרי מבורך 580,"זנלכל בע""\מ",IL,שעועית לבנה ברוטב מב,גרמים,560.00,100 גרם,false,,6.90,1.2321,true,1,246098
7290002111818,false,גרעיני תירס מתוק ואקום פרי מבורך 400ג',"זנלכל בע""\מ",IL,תירס גרעינים מבורך 4,גרמים,400.00,100 גרם,false,,5.90,1.4750,true,1,246099
7290002111825,false,גרעיני תירס מתוק 550 גרם פרי מבורך,"זנלכל בע""\מ",IL,תירס גרעינים מבורך 5,גרמים,550.00,100 גרם,false,,6.90,1.2545,true,1,246100
7290002111948,false,"שעועית ירוקה חתוכה""פרי מבורך"" 550 גרם","זנלכל בע""\מ",IL,שעועית ירוקה מבורך 5,גרמים,550.00,100 גרם,false,,9.90,1.8000,true,1,246102
7290002118435,false,צמרוני כותנה ביוטי הנמל 300 יחידות,ספה,TR,צמרוני אוזניים ביוטי,Unknown,0.00,יחידה,false,,4.90,0.0000,true,1,249086
7290002129424,false,"שניצל דג מצופה דלידג, כשרות בד""ץ, 1 ק""ג",דלידג בעמ,IL,שניצל דג מצופה דלידג,פריט,1.00,"ק""ג",false,,29.90,29.9000,true,1,294175
7290002129493,false,מארז פיצה איטלקית דק,,,מארז פיצה איטלקית דק,גרמים,960.00,100 גרם,false,,29.90,3.1146,true,1,296191
7290002131922,false,כנפיים עוף קפוא עטרה,עטרה,IL,כנפיים עוף קפוא עטרה,קילוגרמים,1.00,"ק""ג",true,,11.90,11.9000,true,1,324869
7290002132011,false,עוגיות מזרחיות מלוחות עבאדי 400 גרם,מאפיית יוסף ושמחה עבאדי,IL,עוגיות מזרחיות עבאדי,גרמים,400.00,100 גרם,false,,16.90,4.2250,true,1,270700
7290002133506,false,יוגורט של פעם חלב עיזים 4% גבינות השומרון 400 גרם,מחלבת השומרון,IL,יוגורט עיזים שומרון,גרמים,400.00,100 גרם,false,,9.90,2.4750,true,1,255266
7290002133551,false,גבינת לאבנה עם שמן זית וזעתר 5% השומרון 500 גרם,מחלבת השומרון,IL,לאבנה עם שמן זית וזע,גרמים,500.00,100 גרם,false,,15.90,3.1800,true,1,255268
7290002133889,false,גבינה בולגרית מעודנת 5% 250 גרם,מחלבת השומרון,IL,גבינה בולגרית מעודנת,גרמים,250.00,100 גרם,false,,18.90,7.5600,true,1,255261
7290002157427,false,סינטה בקר טרי עטרה,,,סינטה בקר טרי עטרה,קילוגרמים,1.00,"ק""ג",true,,79.90,79.9000,true,1,291033
7290002157694,false,כבד עוף צלוי עטרה 200גרם,נטו,,כבד עוף צלוי טרי עטר,גרמים,200.00,100 גרם,false,,24.90,12.4500,true,1,289501
7290002157953,false,מארז נתחי טונה בהירה בשמן קנולה - 4 יחידות,דיאמנט פוד פרודקט,,טונה בשמן קנולה וילי,גרמים,560.00,100 גרם,false,,19.90,3.5536,true,1,291689
7290002206682,false,שניצל פרמיום טרי ארוז קהילות,נטו,,שניצל עוף פרימיום טר,קילוגרמים,1.00,"ק""ג",true,,48.90,48.9000,true,1,289204
7290002206729,false,עצמות מח קפוא קהילות,זבישקו,,עצמות מח קפוא קהילות,קילוגרמים,1.00,"ק""ג",true,,44.90,44.9000,true,1,265927
7290002206736,false,עצמות עגל קהילות.,טיבון ויל,,עצמות עגל קהילות,קילוגרמים,1.00,"ק""ג",true,,29.90,29.9000,true,1,304582
7290002253006,false,שום כתוש דורות בצנצנת 200 גרם,עיצובים 2020 (3.8),IL,שום כתוש דורות 200 ג,גרמים,200.00,100 גרם,false,,15.90,7.9500,true,1,246145
7290002253013,false,ראשום שום כתוש דורות,מוצרי שום ותיבול דורות,IL,שום כתוש דורות 400 ג,גרמים,400.00,100 גרם,false,,19.90,4.9750,true,1,308923
7290002253105,false,קוביות שום כתוש טרי דורות 80 גרם,עיצובים 2020 (3.8),IL,שום קוביות דורות 80,גרמים,80.00,100 גרם,false,,9.90,12.3750,true,1,246147
7290002253150,false,קוביות בזיליקום קצוץ דורות 70 גרם,עיצובים 2020 (3.8),IL,בזיליקום קצוץ דורות,גרמים,70.00,100 גרם,false,,9.50,13.5714,true,1,246148
7290002253167,false,פטרוזיליה קצוצה דורות 70 גרם,עיצובים 2020 (3.8),IL,פטרוזיליה קצוצה דורו,גרמים,70.00,100 גרם,false,,9.50,13.5714,true,1,246149
7290002253181,false,קוביות כוסברה קצוצה דורות 70 גרם,עיצובים 2020 (3.8),IL,כוסברה קצוצה דורות 7,גרמים,70.00,100 גרם,false,,9.50,13.5714,true,1,246151
7290002253198,false,ג'ינג'ר טרי כתוש במגשית 70 ג' דורות,עיצובים 2020 (3.8),IL,גינגר כתוש דורות 70,גרמים,70.00,100 גרם,false,,9.50,13.5714,true,1,246152
7290002253235,false,דורות רוטב פסטו 160 גרם,עיצובים 2020 (3.8),IL,רוטב פסטו דורות 160,גרמים,160.00,100 גרם,false,,10.90,6.8125,true,1,308256
7290002255048,false,קובה למרק במילוי בשר,חטיפי אלקיים בעמ,IL,קובה למרק אלקיים 800,גרמים,800.00,100 גרם,false,,21.90,2.7375,true,1,250925
7290002255055,false,פלאפל חטיפי אלקיים 7,חטיפי אלקיים בעמ,IL,פלאפל אלקיים 700 גרם,גרמים,700.00,100 גרם,false,,13.90,1.9857,true,1,250927
7290002255086,false,קובה ביתי במילוי בשר,חטיפי אלקיים בעמ,IL,קובה ביתית אלקיים 70,גרמים,700.00,100 גרם,false,,21.90,3.1286,true,1,250924
7290002255215,false,"עלי סיגר מרובע בד""צ",חטיפי אלקיים בעמ,IL,עלי סיגר אלקיים 500,גרמים,500.00,100 גרם,false,,7.90,1.5800,true,1,250928
7290002255284,false,קובה חמוסטה אלקיים 8,חטיפי אלקיים בעמ,IL,קובה חמוסטה אלקיים 8,גרמים,800.00,100 גרם,false,,21.90,2.7375,true,1,250926
7290002281429,false,סטייק טונה אדומה מעובד ק,בון צון פישארי,VN,סטייק טונה אדומה דלי,קילוגרמים,1.00,"ק""ג",true,,54.90,54.9000,true,1,304253
7290002281436,false,סטייק דג טונה בהירה קפוא ללא עור,בין דין פישרי ויאטנם,IL,סטייק טונה בהירה דלי,קילוגרמים,1.00,"ק""ג",true,,44.90,44.9000,true,1,304720
7290002281443,false,סטייק דג טונה עם עור קג,בון צון פישארי,VN,סטייק טונה דלידג,קילוגרמים,1.00,"ק""ג",true,,39.90,39.9000,true,1,304254
7290002281474,false,חמישיית פיצות שלושת האופים,שלושת האופים,IL,מארז פיצה דקה טעם מה,פריט,2.00,"ק""ג",false,,49.90,24.9500,true,1,305829
7290002281498,false,גבינה צהובה מגורדת על בסיס חלב 500 ג' ריץ,האי נאם סי או אל.טי.,IL,צהובה מגורדת ריצ 500,גרמים,500.00,100 גרם,false,,15.90,3.1800,true,1,304293
7290002285052,false,סינטה בקר מעובד מופש,,,סינטה בקר מעובד מופש,קילוגרמים,1.00,"ק""ג",true,,49.90,49.9000,true,1,249823
7290002285069,false,קבב חריף אש עטרה 500 גרם,טיבון ויל אחזקות בעמ,,קבב חריף אש עטרה 500,גרמים,500.00,100 גרם,false,,14.90,2.9800,true,1,250497
7290002285816,false,שניצל פרימ' טרי אר' עטרה,נטו,,שניצל עוף פרימיום טר,קילוגרמים,1.00,"ק""ג",true,,44.90,44.9000,true,1,289205
7290002285830,false,פילה עוף טרי עטרה,,,פילה עוף טרי עטרה,קילוגרמים,1.00,"ק""ג",true,,38.90,38.9000,true,1,254623
7290002292142,false,קבב אנגוס עטרה 700 גר',טיבון ויל,IL,קבב אנגוס עטרה 700 ג,גרמים,700.00,100 גרם,false,,29.90,4.2714,true,1,320546
7290002292159,false,בורגר אנגוס עטרה 700 גר',טיבון ויל,IL,המבורגר אנגוס עטרה 7,גרמים,700.00,100 גרם,false,,29.90,4.2714,true,1,320547
7290002292166,false,קבבוני טלה עטרה 700 גר',טיבון ויל,IL,קבבוני טלה עטרה 700,גרמים,700.00,100 גרם,false,,29.90,4.2714,true,1,320548
7290002292173,false,שיפודי קבב עטרה 700 גר',טיבון ויל,IL,שיפודי קבב עטרה 700,גרמים,700.00,100 גרם,false,,29.90,4.2714,true,1,320549
7290002292203,false,פילה עוף פרימיום טר,,,פילה עוף פרימיום טר,קילוגרמים,1.00,"ק""ג",true,,44.90,44.9000,true,1,320556
7290002292210,false,שניצל פרימיום טרי מה,,,שניצל פרימיום טרי מה,קילוגרמים,1.00,"ק""ג",true,,49.90,49.9000,true,1,320557
7290002292227,false,כנפיים עוף פרימיום ח,,,כנפיים עוף פרימיום ח,קילוגרמים,1.00,"ק""ג",true,,17.90,17.9000,true,1,320558
7290002292234,false,שוקיים עוף פרימיום ב,,,שוקיים עוף פרימיום ב,קילוגרמים,1.00,"ק""ג",true,,39.90,39.9000,true,1,320559
7290002292265,false,"פרגית לתנור ע""ע טרי",,,"פרגית לתנור ע""ע טרי",קילוגרמים,1.00,"ק""ג",true,,59.90,59.9000,true,1,320690
7290002292289,false,"פרגית לתנור ע""ע טרי",,,"פרגית לתנור ע""ע טרי",קילוגרמים,1.00,"ק""ג",true,,48.90,48.9000,true,1,321374
7290002292548,false,כבד צלוי טרי לנדא ארוז,,,כבד עוף צלוי טרי לנד,גרמים,200.00,100 גרם,false,,29.90,14.9500,true,1,321647
7290002292906,false,"חזה עוף טרי חב""ד לנד",,,"חזה עוף טרי חב""ד לנד",קילוגרמים,1.00,"ק""ג",true,,49.90,49.9000,true,1,323122
7290002292982,false,מרגז אמיתי עטרה 700,טיבון ויל,IL,מרגז אמיתי עטרה 700,גרמים,700.00,100 גרם,false,,29.90,4.2714,true,1,323763
7290002292999,false,נקניקיות פיקנטיות 400 גר' קהילות,מעדני הטלה והעגל,,נקניקיות עוף פיקנטיו,גרמים,400.00,100 גרם,false,,11.90,2.9750,true,1,323590
7290002296003,false,"נקניקיות קראנץ 1 ק""ג עטרה",עטרה,IL,נקניקיות עוף קראנץ',פריט,1.00,"ק""ג",false,,23.90,23.9000,true,1,323844
7290002296034,false,פילה עוף טרי עוף הכפ,,,פילה עוף טרי עוף הכפ,קילוגרמים,1.00,"ק""ג",true,,38.90,38.9000,true,1,323290
7290002319023,false,סוכר וניל עשיריות מיה 100 גרם,מיה תעשיות מזון מ.ת.מ. ב,IL,סוכר וניל מיה 10 יח,גרמים,100.00,100 גרם,false,,1.90,1.9000,true,1,246177
7290002319030,false,תבלין אבקת בצל מיכל 80 ג' מיה,מיה תעשיות מזון מ.ת.מ. ב,IL,אבקת בצל מיה 80 גרם,גרמים,80.00,100 גרם,false,,5.80,7.2500,true,1,246178
7290002319405,false,תבלין קינמון בקופסא 80 גר' מיה,מיה תעשיות מזון מ.ת.מ. ב,IL,קינמון מיה 80 גרם,גרמים,80.00,100 גרם,false,,5.80,7.2500,true,1,246184
7290002319412,false,פפריקה חריפה בצנצנת מיה 80 גרם,מיה תעשיות מזון מ.ת.מ. ב,IL,פפריקה חריפה מיה 80,גרמים,80.00,100 גרם,false,,5.80,7.2500,true,1,246185
7290002319429,false,פפריקה מתוקה בצנצנת מיה 80 גרם,מיה תעשיות מזון מ.ת.מ. ב,IL,פפריקה מתוקה מיה 80,גרמים,80.00,100 גרם,false,,5.80,7.2500,true,1,246186
7290002319436,false,פלפל שחור טחון בצנצנת מיה 70 גרם,מיה תעשיות מזון מ.ת.מ. ב,IL,פלפל שחור מיה 70 גרם,גרמים,70.00,100 גרם,false,,8.90,12.7143,true,1,246187
7290002319443,false,כמון בצנצנת מיה 80 גרם,מיה תעשיות מזון מ.ת.מ. ב,IL,כמון מיה 80 גרם,גרמים,80.00,100 גרם,false,,5.80,7.2500,true,1,246188
7290002319450,false,תבלין כרכום צנצנת 80 גר' מיה,מיה תעשיות מזון מ.ת.מ. ב,IL,כורכום מיה 80 גרם,גרמים,80.00,100 גרם,false,,5.80,7.2500,true,1,246189
7290002319467,false,אורגנו בצנצנת מיה 35 גרם,מיה תעשיות מזון מ.ת.מ. ב,IL,אורגנו מיה 35 גרם,גרמים,35.00,100 גרם,false,,5.80,16.5714,true,1,246190
7290002319474,false,תבלין אבקת שום מיכל 80 ג' מיה,מיה תעשיות מזון מ.ת.מ. ב,IL,אבקת שום מיה 80 גרם,גרמים,80.00,100 גרם,false,,7.90,9.8750,true,1,246191
7290002319580,false,מלח לימון בצנצנת מיה 150 גרם,מיה תעשיות מזון מ.ת.מ. ב,IL,מלח לימון מיה 100 גר,גרמים,100.00,100 גרם,false,,5.80,5.8000,true,1,246192
7290002319597,false,תבלין כוסברה ירוקה בשקית 80 גר' מיה,מיה תעשיות מזון מ.ת.מ. ב,IL,כוסברה מיה 80 גרם,גרמים,80.00,100 גרם,false,,5.80,7.2500,true,1,246193
7290002319641,false,תבלין גריל עוף צנצנת 80 גר' מיה,מיה תעשיות מזון מ.ת.מ. ב,IL,גריל עוף מיה 80 גרם,גרמים,80.00,100 גרם,false,,5.80,7.2500,true,1,246197
7290002319658,false,תבלין לסטייק בצנצנת מיה 80 גרם,מיה תעשיות מזון מ.ת.מ. ב,IL,תבלין לסטייק מיה 80,גרמים,80.00,100 גרם,false,,5.80,7.2500,true,1,246198
7290002319689,false,סודה לשתייה בקופסא 150 גר' מיה,מיה תעשיות מזון מ.ת.מ. ב,IL,סודה לשתיה מיה 150 ג,גרמים,150.00,100 גרם,false,,5.80,3.8667,true,1,246199
7290002319696,false,פלפל לבן בצנצנת מיה 70 גרם,מיה תעשיות מזון מ.ת.מ. ב,IL,פלפל לבן מיה 70 גרם,גרמים,70.00,100 גרם,false,,10.90,15.5714,true,1,246200
7290002319702,false,ציפורן שלם בצנצנת מיה 40 גרם,מיה תעשיות מזון מ.ת.מ. ב,IL,ציפורן שלם מיה 40 גר,גרמים,40.00,100 גרם,false,,8.90,22.2500,true,1,246201
7290002319801,false,שבבי בצל בצנצנת מיה 50 גרם,מיה תעשיות מזון מ.ת.מ. ב,IL,שבבי בצל מיה 50 גרם,גרמים,50.00,100 גרם,false,,5.80,11.6000,true,1,246205
7290002327042,false,"בורקס תפו""א 800 גר' שלושת האופים קהילות",שלושת האופים,IL,בורקס תפוא ש.האופים,גרמים,800.00,100 גרם,false,,16.90,2.1125,true,1,246212
7290002327059,false,"בצק עלים 1 ק""ג שלושת האופים קהילות",שלושת האופים,IL,בצק עלים ש.האופים 1,פריט,1.00,"ק""ג",false,,16.90,16.9000,true,1,246213
7290002327066,false,קונכיות בצק למילוי 625 גרם שלושת האופים,שלושת האופים,IL,קונכיות בצק למילוי ש,גרמים,625.00,100 גרם,false,,16.90,2.7040,true,1,246214
7290002327073,false,בורקס גבינה 800 גר' שלושת האופים קהילות,שלושת האופים,IL,בורקס גבינה ש.האופים,גרמים,800.00,100 גרם,false,,16.90,2.1125,true,1,246215
7290002331360,false,"נביעות מים מינרליים טו גו מארז 500X6מ""ל",נביעות טבע,IL,מים נביעות טו גו 6*5,קילוגרמים,3.00,ליטר,false,,14.70,4.9000,true,1,269919
7290002331421,false,"שישיית מים מינרליים GO TO נביעות 755 מ""ל",נביעות טבע הגליל בעמ,IL,מים נביעות טו גו 6*7,קילוגרמים,4.53,ליטר,false,,14.90,3.2892,true,1,269920
7290002336150,false,גידים בקר קפוא בשר ה,,,גידים בקר קפוא בשר ה,קילוגרמים,1.00,"ק""ג",true,,59.90,59.9000,true,1,293291
7290002345299,false,פילה סלמון טרי דלידג,,,פילה סלמון טרי דלידג,קילוגרמים,1.00,"ק""ג",true,,89.90,89.9000,true,1,299790
7290002360124,false,חליטת צמחים ורד הבר והיביסקוס פומפדור 20 יחידות,TEEKANNE- POMPADOU,DE,חליטת צמחים פומפדור,גרמים,70.00,100 גרם,false,,11.90,17.0000,true,1,262534
7290002360278,false,חליטת צמחים פומפדור מנטה 20 יחידות,"איטיליאן פוד, אס.פי.",DE,חליטת צמחים פומפדור,גרמים,45.00,100 גרם,false,,11.90,26.4444,true,1,262535
7290002360285,false,חליטת צמחים פומפדור קמומיל 20 יחידות,TEEKANNE- POMPADOU,DE,חליטת צמחים פומפדור,גרמים,30.00,100 גרם,false,,11.90,39.6667,true,1,262537
7290002371533,false,דקניקים סלסולי פסטרמה דבש טירת צבי 120 גרם,הנסיך- מפעל לייצור ט,,סלסולי פסטרמה בדבש ט,גרמים,120.00,100 גרם,false,,12.90,10.7500,true,1,265825
7290002381808,false,נר נשמה שלהבת 24 שעות,,CN,נר נשמה בפח 24 שעות,Unknown,0.00,יחידה,false,,1.20,0.0000,true,1,249141
7290002385738,false,גבינת מנצ'גו משולשים גד,מחלבות גד,IL,גבינה מנצגו גד במשקל,קילוגרמים,1.00,"ק""ג",true,,137.00,137.0000,true,1,255327
7290002385745,false,גבינת פיקורינו משולשים גד,מחלבות גד,IL,גבינה פקורינו גד במש,קילוגרמים,1.00,"ק""ג",true,,137.00,137.0000,true,1,255328
7290002386667,false,בשר מס8' שריר הזרוע קהיל,,,בשר מס 8 שריר קפוא ק,קילוגרמים,1.00,"ק""ג",true,,79.90,79.9000,true,1,252730
7290002386834,false,קהילות נקניקיות עוף קפואות 400גר,מעדני הטלה והעגל,,נקניקיות עוף קפוא קה,גרמים,400.00,100 גרם,false,,11.90,2.9750,true,1,253003
7290002405757,false,קרקר חיטה מלאה פת בוקר1ק,מצות כרמל,IL,פת בוקר חיטה מלאה 1,פריט,1.00,"ק""ג",false,,19.90,19.9000,true,1,252143
7290002487364,false,שלושת האופים ב. פילו גבינה זיתים 700 גר לנדא,שלושת האופים שגמור,IL,בורקס פילו גבינה וזי,גרמים,700.00,100 גרם,false,,16.90,2.4143,true,1,265804
7290002505013,false,כרעיים עוף קהילות מחיר ל,קהילות,IL,כרעיים עוף קפוא קהיל,קילוגרמים,1.00,"ק""ג",true,,35.90,35.9000,true,1,252290
7290002505037,false,ירכיים עוף קהילות מחיר ל,,,ירכיים עוף קפוא קהיל,קילוגרמים,1.00,"ק""ג",true,,34.90,34.9000,true,1,252292
7290002505051,false,כנפיים עוף קהילות קפוא מ,קהילות,IL,כנפיים עוף קפוא קהיל,קילוגרמים,1.00,"ק""ג",true,,16.90,16.9000,true,1,252294
7290002505068,false,שניצל עוף פרוס קהילות מח,,,שניצל עוף קפוא קהילו,קילוגרמים,1.00,"ק""ג",true,,39.90,39.9000,true,1,252295
7290002505105,false,עוף טרי ארוז קהילות משקל,נטו,,עוף שלם טרי קהילות,קילוגרמים,1.00,"ק""ג",true,,25.90,25.9000,true,1,252306
7290002505112,false,שוקיים עוף ארוז קהילות,שונות,,שוקיים עוף טרי קהילו,קילוגרמים,1.00,"ק""ג",true,,39.90,39.9000,true,1,252307
7290002505167,false,גרון עוף ארוז קהילות טרי,שונות,,גרונות עוף טרי קהילו,קילוגרמים,1.00,"ק""ג",true,,9.90,9.9000,true,1,252311
7290002505297,false,עוף מס2' קהילות קפוא מחי,קהילות,IL,עוף מס 2 קפוא קהילות,קילוגרמים,1.00,"ק""ג",true,,23.90,23.9000,true,1,252288
7290002505303,false,עוף מס3' קפוא קהילות מחי,קהילות,IL,עוף מס 3 קפוא קהילות,קילוגרמים,1.00,"ק""ג",true,,23.90,23.9000,true,1,252289
7290002505433,false,כבד עוף צלוי קהילות טרי,שונות,,כבד עוף צלוי טרי קהי,גרמים,200.00,100 גרם,false,,28.90,14.4500,true,1,252521
7290002505464,false,כרעיים עוף טרי ארוז קהילות,שונות,,כרעיים עוף טרי קהילו,קילוגרמים,1.00,"ק""ג",true,,36.90,36.9000,true,1,252317
7290002505471,false,חזה עוף ארוז קהילות מחיר,שונות,,חזה עוף טרי קהילות,קילוגרמים,1.00,"ק""ג",true,,39.90,39.9000,true,1,252318
7290002512004,false,מלוואח צנעני 900 גרם,צנעני מוצרי בצק,IL,מלוואח צנעני 900 גרם,גרמים,900.00,100 גרם,false,,19.90,2.2111,true,1,254398
7290002512011,false,צנעני גחנון 15*900גר,צנעני מוצרי בצק,IL,גחנון צנעני 900 גרם,גרמים,900.00,100 גרם,false,,19.90,2.2111,true,1,254399
7290002512035,false,"בצק עלים 1ק""ג צנעני.",צנעני מוצרי בצק,IL,"בצק עלים צנעני 1 ק""ג",פריט,1.00,"ק""ג",false,,17.90,17.9000,true,1,254400
7290002512257,false,מלווח מפחת שומן 700 גרם צנעני,צנעני,IL,מלוואח מופחת שומן רו,גרמים,700.00,100 גרם,false,,16.90,2.4143,true,1,323124
7290002512264,false,ג'חנון מופחת שומן 700 גרם צנעני,צנעני,IL,ג'חנון מופחת שומן רו,גרמים,700.00,100 גרם,false,,16.90,2.4143,true,1,323125
7290002512509,false,מלוואח אלפא 700 גרם,,,מלוואח אלפא 700 גרם,גרמים,700.00,100 גרם,false,,6.90,0.9857,true,1,294410
7290002512547,false,בצק עלים אלפא 750 גר,צנעני,IL,בצק עלים אלפא 750 גר,גרמים,750.00,100 גרם,false,,6.90,0.9200,true,1,315122
7290002512554,false,גחנון אלפא 700 גרם,,,גחנון אלפא 700 גרם,גרמים,700.00,100 גרם,false,,6.90,0.9857,true,1,294411
7290002538110,false,קרמבו-ימבו 32 יח,גלידות קולרדו,,קרמבו 32 יח',Unknown,0.00,יחידה,false,,26.90,0.0000,true,1,318980
7290002538158,false,גלידה חמה גביע וופל במילוי קרם 15 יחידות,גלידות קולרדו,,גלידה חמה 15 יח',גרמים,225.00,100 גרם,false,,16.90,7.5111,true,1,298035
7290002542780,false,"שישייה בירה סטלה ארטואה בקבוק 330X6 מ""ל","אינבב, ברוורייפליין",,מארז בירה סטלה 5% 6*,קילוגרמים,1.98,ליטר,false,,34.90,17.6263,true,1,319271
7290002543237,false,דגני בוקר קלוגס קורנפלקס 750 גרם,קלוגס קומפני אוף גרייט ב,DE,קורנפלקס קלוגס 750 ג,גרמים,750.00,100 גרם,false,,13.90,1.8533,true,1,254872
7290002552260,false,"קרחון טעם משמש לל""ס ריאו מארז 90X8ג'","ביח""\ר לגלידה וממתקים בע",IL,קרחוני לייט בטעמי פי,גרמים,720.00,100 גרם,false,,14.50,2.0139,true,1,246300
7290002552345,false,מאגדת שלגונים גלי גל פרווה 8 יח' ריאו,"גלידות ריאו ביח""ר לג",IL,שלגוני גלי גל 8 יח',גרמים,600.00,100 גרם,false,,12.90,2.1500,true,1,246301
7290002552499,false,מאגדת שלגוני שרבט פרווה תות מנגו 8 יח' ריאו,"גלידות ריאו ביח""ר לג",IL,קרחוני ריאו פרי מנגו,גרמים,720.00,100 גרם,false,,14.50,2.0139,true,1,246303
7290002552772,false,עשיריית קרחונים טעמים שונים ריאו 90 גרם,"גלידות ריאו ביח""ר לג",IL,קרחוני ריאו בטעמים 1,גרמים,820.00,100 גרם,false,,9.90,1.2073,true,1,246304
7290002603016,false,רביעיית טונה במים ויליגר 140 גרם,ויליגר,IL,טונה במים ויליגר 4*1,גרמים,560.00,100 גרם,false,,19.90,3.5536,true,1,298134
7290002603474,false,פיצת השף מאיטליה רוטב פטריות בטעם כמהין 256 גרם,סוילה אס.אר.אל,IT,פיצת השף רוטב פטריות,גרמים,200.00,100 גרם,false,,14.90,7.4500,true,1,300946
7290002603498,false,פיצת השף מאיטליה אנטי פסטי 256 גרם,האי נאם סי או אל.טי.,IT,פיצת השף אנטיפסטי שג,גרמים,200.00,100 גרם,false,,14.90,7.4500,true,1,300949
7290002627210,false,גפילטע פיש קציצות מדגי קרפיון וכסיף בצנצנת 560 גרם,האי נאם סי או אל.טי.,,גפילטע פיש דלידג 7 מ,גרמים,520.00,100 גרם,false,,8.90,1.7115,true,1,308122
7290002657408,false,נתחי טונה בשמן 960 ג' פוסידון,פוסידון,IL,טונה בשמן פוסידון 96,גרמים,960.00,100 גרם,false,,29.90,3.1146,true,1,252970
7290002657866,false,"פילה אמנון""דלידג מהדרין",גואנדונג יוג'יה סיפו,IL,פילה אמנון דלידג העד,קילוגרמים,1.00,"ק""ג",true,,24.90,24.9000,true,1,262122
7290002661115,false,לחם שיפון הולנדי 1.2 מהדרין,מאפית י את א ברמן בע,IL,"לחם הולנדי ברמן 1 ק""",פריט,1.00,"ק""ג",false,,15.90,15.9000,true,1,250105
7290002661153,false,"לחם דני קל ברמן 1 ק""",מאפית י את א ברמן בע,IL,"לחם דני קל ברמן 1 ק""",פריט,1.00,"ק""ג",false,,15.90,15.9000,true,1,250143
7290002661214,false,ברמן לחם גליל קל מהדרין 750 גרם,מאפית י את א ברמן בע,IL,לחם קל גלילי ברמן 75,גרמים,750.00,100 גרם,false,,9.90,1.3200,true,1,253176
7290002661900,false,לחמניה שמיניה שומשום/פרג 6 יח' 720 גר',מאפית י את א ברמן בע,IL,מארז 6 לחמניות 720 ג,גרמים,720.00,100 גרם,false,,10.90,1.5139,true,1,302358
7290002661948,false,לחמניות כפריות ארוכות 6יח בשקית,מאפית י את א ברמן בע,IL,מארז 6 לחמניות כפריו,גרמים,720.00,100 גרם,false,,10.90,1.5139,true,1,302750
7290002692768,false,"תרסיס שמן קנולה מזוכך ללא תוספת גז עץ הזית 200 מ""ל",טרנסומס פוד איי בי,IL,תרסיס שמן קנולה עץ ה,מיליליטרים,200.00,"100 מ""ל",false,,14.90,7.4500,true,1,285773
7290002692782,false,"תרסיס שמן זית כתית מעולה ללא תוספת גז עץ הזית 150 מ""ל",י.ב טכנולוגיות אריזה,IL,תרסיס שמן זית כתית ע,מיליליטרים,150.00,"100 מ""ל",false,,14.90,9.9333,true,1,285774
7290002703068,false,צנצנת דבש עין חרוד 1,עין חרוד,IL,"דבש עין חרוד 1 ק""ג",פריט,1.00,"ק""ג",false,,39.90,39.9000,true,1,249434
7290002703358,false,צנצנת דבש זכוכית 350 גרם,עין חרוד,IL,דבש עין חרוד 350 גרם,גרמים,350.00,100 גרם,false,,14.90,4.2571,true,1,249435
7290002716280,false,שבבי תפוא דרומה 500,דרומה י.א.ט בעמ,IL,שבבי תפוא דרומה 500,גרמים,500.00,100 גרם,false,,11.90,2.3800,true,1,246330
7290002716402,false,אגוז מלך טבעי דרומה,דרומה י.א.ט בעמ,IL,אגוז מלך טבעי דרומה,גרמים,400.00,100 גרם,false,,29.90,7.4750,true,1,246332
7290002716419,false,שקד קלוף דרומה 400 ג,דרומה י.א.ט בעמ,IL,שקד קלוף דרומה 400 ג,גרמים,400.00,100 גרם,false,,34.90,8.7250,true,1,246333
7290002716600,false,דבש דבורים טהור,נחלת ראובן,IL,דבש דרומה 500 גרם,גרמים,500.00,100 גרם,false,,19.90,3.9800,true,1,246334
7290002730811,false,"משחת שיניים ג'ל פסים מרעננים קולגייט 100 מ""ל",הנסיך- מפעל לייצור ט,PL,משחת קולגייט טריפל ג,גרמים,100.00,100 גרם,false,,11.90,11.9000,true,1,254851
7290002730903,false,פלמוליב סבון מוצק ורדים רביעייה * 125 ג',הנסיך- מפעל לייצור ט,,סבון מוצק פלמוליב ור,גרמים,360.00,100 גרם,false,,16.50,4.5833,true,1,254898
7290002730958,false,סבון מוצק בניחוח זיתים ואלוורה פלמוליב 4*100 גרם,הנסיך- מפעל לייצור ט,,סבון מוצק פלמוליב יר,גרמים,360.00,100 גרם,false,,16.50,4.5833,true,1,286203
7290002739173,false,גולש עגל קהילות מחיר לפי,,,גולש עגל קהילות,קילוגרמים,1.00,"ק""ג",true,,59.90,59.9000,true,1,253521
7290002739685,false,נקניקיות מרגז 400ג מוכן עטרה,טיבון ויל אחזקות בעמ,IL,נקניקיות מרגז קפוא ע,גרמים,400.00,100 גרם,false,,19.90,4.9750,true,1,290991
7290002739692,false,נקניקיות צ'וריסוס 500 ג' מוכן עטרה,טיבון ויל אחזקות בעמ,IL,נקניקיות צוריסוס קפו,גרמים,500.00,100 גרם,false,,24.90,4.9800,true,1,290992
7290002757139,false,מלאווח תימני מקורי 3 האופים 700 גר',שלושת האופים,IL,מלוואח ש.האופים 700,גרמים,700.00,100 גרם,false,,13.90,1.9857,true,1,250916
7290002757146,false,"קובה חמוסטה למרק שלושת האופים 1 ק""ג","שלושת האופים בע""\מ",IL,קובה חמוסטה ש.האופים,פריט,1.00,"ק""ג",false,,18.90,18.9000,true,1,249596
7290002757511,false,דלידג קציצות דג לבישול 750 גר קהילות,האי נאם סי או אל.טי.,IL,קציצות דג לבישול דלי,גרמים,750.00,100 גרם,false,,24.90,3.3200,true,1,250302
7290002757535,false,בורקס פילו אצבעות גבינה שלושת האופים 700 גרם,שלושת האופים שגמור,IL,בורקס פילו אצבעות גב,גרמים,700.00,100 גרם,false,,16.90,2.4143,true,1,250301
7290002768036,false,"מי פה תיאדנט ענק מונע עששת 150מ""ל",אמיליה קוסמטיקס,IL,"מי פה תיאדנט 150 מ""ל",מיליליטרים,150.00,"100 מ""ל",false,,14.70,9.8000,true,1,246355
7290002768043,false,"תיאדנט מי-פה ענק פלאוריד 150 מ""ל",אמיליה קוסמטיקס בע'\'\מ,IL,מי פה תיאדנט פלואורי,מיליליטרים,150.00,"100 מ""ל",false,,14.70,9.8000,true,1,246356
7290002768074,false,אל סבון נוזלי רגיל דרמפון 1 ליטר,"אמיליה קוסמטיקס בע""מ",IL,דרמפון 1 ליטר,קילוגרמים,1.00,ליטר,false,,17.90,17.9000,true,1,246357
7290002775317,false,פילה דג זהבנון 1קג יח,דלידג - נטו,IL,פילה זהבנון ל.עור דל,פריט,1.00,"ק""ג",false,,22.90,22.9000,true,1,251519
7290002780007,false,מלפפון במלח ‏36‏-‏30,בני דרום,IL,מלפפון במלח 30-36 בנ,פריט,3.00,"ק""ג",false,,17.90,5.9667,true,1,246363
7290002780045,false,מלפפון בחומץ ‏36‏-‏3,בני דרום,IL,מלפפון בחומץ 30-36 ב,פריט,3.00,"ק""ג",false,,17.90,5.9667,true,1,246364
7290002780571,false,"מלפפון במלח15-20 1.25 ק""ג",בני דרום,IL,מלפפון במלח 15-20 בנ,פריט,1.25,"ק""ג",false,,11.90,9.5200,true,1,246366
7290002780601,false,מלפפון חומץ 15-20 1.250ק,בני דרום,IL,מלפפון בחומץ 15-20 ב,פריט,1.25,"ק""ג",false,,11.90,9.5200,true,1,246368
7290002781691,false,ממרח שוקולד 400 גר מיטב בדץ,מיטב,IL,ממרח קקאו בטעם שוקול,גרמים,400.00,100 גרם,false,,4.90,1.2250,true,1,254784
7290002804758,false,"כרעיים עוף קפוא חב""ד קג",,,כרעיים עוף קפוא דליק,קילוגרמים,1.00,"ק""ג",true,,29.90,29.9000,true,1,259040
7290002804765,false,חזה עוף קפוא דליקטסו,,,חזה עוף קפוא דליקטסו,קילוגרמים,1.00,"ק""ג",true,,31.90,31.9000,true,1,259041
7290002804772,false,"כנפיים עוף קפוא חב""ד קג",,,כנפיים עוף קפוא דליק,קילוגרמים,1.00,"ק""ג",true,,12.90,12.9000,true,1,259042
7290002804796,false,שוקיים עוף קפוא דליק,,,שוקיים עוף קפוא דליק,קילוגרמים,1.00,"ק""ג",true,,32.90,32.9000,true,1,259044
7290002804802,false,ירכיים עוף קפוא דליק,,,ירכיים עוף קפוא דליק,קילוגרמים,1.00,"ק""ג",true,,29.90,29.9000,true,1,259045
7290002804819,false,שניצל עוף קפוא דליקטסו ק,עוף הבירה,,שניצל עוף קפוא דליקט,קילוגרמים,1.00,"ק""ג",true,,35.90,35.9000,true,1,259046
7290002808527,false,חומץ תפוחים 5% טבעי,אולד דטש,US,חומץ תפוחים 5% טבעי,מיליליטרים,946.00,"100 מ""ל",false,,10.90,1.1522,true,1,317164
7290002814016,false,"מסיר שומנים מתז 750 מ""ל סנט מוריץ כשל""פ עד""ח","קומפלקס כימיקלים בע""",IL,תרסיס סנט מוריץ מסיר,מיליליטרים,750.00,"100 מ""ל",false,,12.90,1.7200,true,1,250285
7290002814603,false,"סנט מוריץ - מרסס מסיר שומנים קר מבושם לימון 750 מ""ל",קומפלקס כימיקלים בעמ,IL,תרסיס סנט מוריץ מסיר,מיליליטרים,750.00,"100 מ""ל",false,,9.90,1.3200,true,1,300348
7290002814870,false,"סנט מוריץ - מרסס מסיר שומנים קר מבושם לוונדר\פרחים 750 מ""ל",קומפלקס כימיקלים בעמ,,תרסיס סנט מוריץ מסיר,מיליליטרים,750.00,"100 מ""ל",false,,9.90,1.3200,true,1,310392
7290002824183,false,"גבינה לבנה סקי 500 גרם 5% ""שטראוס"" -מוצר בפיקוח",מיוצר עי קונדיטוריית,IL,גבינה 5% סקי 500 גרם,גרמים,500.00,100 גרם,false,,9.30,1.8600,true,1,246374
7290002824466,false,יוגורט דנונה ביו לבן 0% שומן 200 גרם,"שטראוס בריאות בע""\מ",IL,יוגורט ביו דנונה 0%,גרמים,200.00,100 גרם,false,,3.40,1.7000,true,1,287312
7290002824640,false,"גבינת סקי 250 גרם 5% ""שטראוס"" -מוצר בפיקוח",מיוצר עי קונדיטוריית,IL,גבינה 5% סקי 250 גרם,גרמים,250.00,100 גרם,false,,4.50,1.8000,true,1,246376
7290002825722,false,סלט כרוב אדום אחלה 500 גרם,מיוצר עי קונדיטוריית,IL,כרוב אדום אחלה 500 ג,גרמים,500.00,100 גרם,false,,12.90,2.5800,true,1,249574
7290002868996,false,"קוטג' 5% שומן, רכיבים טבעיים, 250 גרם",קריות זול,IL,קוטג 5% טרה 250 גרם,גרמים,250.00,100 גרם,false,,5.70,2.2800,true,1,246397
7290002871248,false,"בירה טובורג רד בקבוק 500 מ""ל חוזר",מבשלות בירה בינלאומיות ב,IL,בירה טובורג רד ב.חוז,מיליליטרים,500.00,"100 מ""ל",false,,7.90,1.5800,true,1,257613
7290002871361,false,"בירה קרלסברג בקבוק 500 מ""ל חוזר",מבשלות בירה בינלאומיות ב,IL,בירה קרלסברג ב.חוזר,מיליליטרים,500.00,"100 מ""ל",false,,7.90,1.5800,true,1,257612
7290002904694,false,"טיטניום דאודורנט ספריי לגברים 150 מ""ל","אמיליה קוסמטיקס בע""מ",IL,דאו ספריי טיטניום 18,מיליליטרים,180.00,"100 מ""ל",false,,14.90,8.2778,true,1,246445
7290002920311,false,גבינת קממבר צאן במשק,מחלבות גד,IL,גבינה קממבר צאן גד ב,קילוגרמים,1.00,"ק""ג",true,,110.00,110.0000,true,1,256007
7290002922797,false,חזה הודו טרי ארוז עטרה,שונות,,חזה הודו טרי עטרה,קילוגרמים,1.00,"ק""ג",true,,32.90,32.9000,true,1,249809
7290002922865,false,קבב מובחר 500 גרם טאקטורו,טיבון ויל אחזקות בעמ,,קבב מזרחי טאק טורו 5,גרמים,500.00,100 גרם,false,,14.90,2.9800,true,1,249933
7290002922872,false,המבורגר מובחר 500 גרם טאקטורו,,,המבורגר טאק טורו 500,גרמים,500.00,100 גרם,false,,14.90,2.9800,true,1,249932
7290002922971,false,חזה עוף חצוי עם עצם,,,חזה עוף חצוי עם עצם,קילוגרמים,1.00,"ק""ג",true,,19.90,19.9000,true,1,251770
7290002929642,false,רביעיית טונה בשמן ויליגר 140 גרם,דיאמנט פוד פרודקט קו,,טונה בשמן ויליגר 4*1,גרמים,560.00,100 גרם,false,,19.90,3.5536,true,1,265933
7290002930235,false,בשר לחמין עטרה קפוא,טיבון ויל,,בשר לחמין עטרה,קילוגרמים,1.00,"ק""ג",true,,45.90,45.9000,true,1,268652
7290002939122,false,פרגית עוף טרי ארוז ע,,,פרגית עוף טרי עטרה,קילוגרמים,1.00,"ק""ג",true,,69.90,69.9000,true,1,246495
7290002939139,false,כנף הודו טרי ארוז עטרה,שונות,IL,כנפיים הודו טרי עטרה,קילוגרמים,1.00,"ק""ג",true,,19.90,19.9000,true,1,246496
7290002939153,false,שוארמה הודו זכר טרי ארוז עטרה,שונות,IL,שווארמה הודו טרי עטר,קילוגרמים,1.00,"ק""ג",true,,74.90,74.9000,true,1,246498
7290002939160,false,בשר אדום טרי ארוז עטרה,שונות,IL,בשר אדום טרי עטרה,קילוגרמים,1.00,"ק""ג",true,,59.90,59.9000,true,1,246499
7290002939498,false,שריר מספר 8 קפוא צרכני עטרה,עטרה,IL,בשר מס 8 שריר קפוא ע,קילוגרמים,1.00,"ק""ג",true,,53.90,53.9000,true,1,246505
7290002939511,false,רגל בקר קפוא פרוס עטרה,עטרה,IL,רגל בקר קפוא עטרה,קילוגרמים,1.00,"ק""ג",true,,39.90,39.9000,true,1,250442
7290002939528,false,גידים בקר קפוא עטרה,,,גידים בקר קפוא עטרה,קילוגרמים,1.00,"ק""ג",true,,54.90,54.9000,true,1,246507
7290002939535,false,בשר ראש קפוא עטרה,,,בשר ראש קפוא עטרה,קילוגרמים,1.00,"ק""ג",true,,79.90,79.9000,true,1,246508
7290002939542,false,לשון בקר קפוא ב.יוסף קג,עטרה,IL,לשון בקר קפוא עטרה,קילוגרמים,1.00,"ק""ג",true,,39.90,39.9000,true,1,246509
7290002954187,false,"אורז יסמין 5 ק""ג שוקחה",בני ג'ורג' שוקחה חיפ,IN,אורז יסמין שוקחה 5 ק,פריט,5.00,"ק""ג",false,,39.90,7.9800,true,1,298804
7290002954477,false,"אורז עגול אוסטרלי 5 ק""ג סנוואיט",בני ג'ורג' שוקחה חיפ,IN,אורז אוסטרלי עגול שו,פריט,5.00,"ק""ג",false,,39.90,7.9800,true,1,298802
7290002977032,false,"סוכר לבן סטודן 1 ק""ג",,,"סוכר לבן סטודן 1 ק""ג",פריט,1.00,"ק""ג",false,,3.90,3.9000,true,1,262109
7290003011087,false,"אורז בסמטי הודי מובחר שקדיה 1 ק""ג",אלסקה/ טילדה,IN,אורז בסמטי אלפנט 1 ק,פריט,1.00,"ק""ג",false,,11.90,11.9000,true,1,267181
7290003015627,false,"נוזל רצפות אפרסק 2 ליטר ""ריצפז פרש""","סנו מפעלי ברונוס בע""",IL,ריצפז פרש אפרסק 2 לי,קילוגרמים,2.00,ליטר,false,,14.90,7.4500,true,1,246563
7290003029181,false,משקה יטבתה שוקו' בקבוק 1ל מהדרין,שטראוס גרופ,IL,משקה שוקו יטבתה 1 לי,קילוגרמים,1.00,ליטר,false,,11.50,11.5000,true,1,246571
7290003029372,false,משקה חלב בטעם בננה יטבתה 1 ליטר,מחלבת יטבתה,IL,משקה בננה יטבתה 1 לי,קילוגרמים,1.00,ליטר,false,,11.50,11.5000,true,1,255918
7290003029389,false,"משקה חלב בננה פקק ספורט 250 מ""ל יוטבתה",שטראוס גרופ,IL,משקה בננה בקבוק יטבת,גרמים,250.00,100 גרם,false,,5.20,2.0800,true,1,307760
7290003029433,false,"משקה יטבתה שוקו פקק 250 מ""ל מהדרין",שטראוס גרופ,IL,משקה שוקו בקבוק יטבת,גרמים,250.00,100 גרם,false,,5.20,2.0800,true,1,254551
7290003029532,false,מוקה בבקבוק יטבתה 1 ליטר מהדרין,מחלבת יטבתה,IL,משקה מוקה יטבתה 1 לי,קילוגרמים,1.00,ליטר,false,,11.50,11.5000,true,1,255919
7290003029792,false,"משקה יטבתה שוקו שקיות מהדרין מארז 225X8מ""ל",שטראוס גרופ,IL,מארז שוקו שקית יטבתה,קילוגרמים,1.80,ליטר,false,,18.90,10.5000,true,1,252268
7290003029907,false,אייס קפה יטבתה 1 ליטר מהדרין,שטראוס גרופ,IL,משקה אייס קפה יטבתה,קילוגרמים,1.00,ליטר,false,,11.50,11.5000,true,1,255917
7290003031689,false,מארז פסטרמה סלמי/כפר,טירת צבי,IL,מארז פסטרמה סלמי/כפר,פריט,1.00,"ק""ג",false,,29.90,29.9000,true,1,315105
7290003031702,false,"נקניקיות הודו מחפוד וואקום 1 ק""ג טירת צבי",טיב טירת צבי 2000,IL,נקניקיות הודו חלק טי,פריט,1.00,"ק""ג",false,,24.90,24.9000,true,1,246573
7290003031733,false,טירת צבי פסטרמה על גחלים קופ. מחפוד 400ג,טיב טירת צבי 2000,IL,פסטרמה גחלים טירת צב,גרמים,400.00,100 גרם,false,,24.90,6.2250,true,1,246575
7290003031740,false,טירתצבי פסטרמה בדבש קופ. מחפוד 400ג,טיב טירת צבי 2000,IL,פסטרמה בדבש טירת צבי,גרמים,400.00,100 גרם,false,,24.90,6.2250,true,1,246576
7290003031757,false,פסטרמה הודו בפפריקה מחפוד טירת צבי 400 גרם,טיב טירת צבי 2000,IL,פסטרמה הודו פפריקה ט,גרמים,400.00,100 גרם,false,,24.90,6.2250,true,1,246577
7290003054657,false,חרדל ריין דיז'ון אקסטרה פורטה 370 גרם,מרום את קונפינו,FR,חרדל דיזון אקסטרא פו,גרמים,370.00,100 גרם,false,,9.90,2.6757,true,1,251082
7290003060009,false,"קמח חיטה לבן בהיר טחנות ישראליות 1 ק""ג",טחנות ישראליות,IL,קמח בהיר טחנות ישראל,פריט,1.00,"ק""ג",false,,3.90,3.9000,true,1,249846
7290003060023,false,"סולת חיטה 1 ק""ג מטחנות ישראליות",טחנות ישראליות,IL,סולת טחנות ישראליות,פריט,1.00,"ק""ג",false,,4.90,4.9000,true,1,249847
7290003060047,false,קמח תופח בשקיות טחנות ישראליות,טחנות ישראליות,IL,קמח תופח טחנות ישראל,פריט,1.00,"ק""ג",false,,5.90,5.9000,true,1,249848
7290003069583,false,סטייק סלמון פרוס נורווגי,דלידג - נטו,IL,סטייק סלמון דלידג קפ,קילוגרמים,1.00,"ק""ג",true,,59.90,59.9000,true,1,254677
7290003069682,false,בצק פילאס קפוא 500 גרם שלושת האופים,שלושת האופים שגמור,IL,בצק פילאס תורכי ש.הא,גרמים,500.00,100 גרם,false,,16.90,3.3800,true,1,255876
7290003072521,false,כתף בקר מעושן מחפוד טירת צבי 300 גרם,טיב טירת צבי 2000,IL,פסטרמה כתף בקר מעושנ,גרמים,300.00,100 גרם,false,,24.90,8.3000,true,1,307422
7290003078042,false,פרג אריסה חריפה 50ג,תבליני הדור השלישי,IL,אריסה פרג 250 גרם,גרמים,250.00,100 גרם,false,,14.90,5.9600,true,1,246595
7290003078066,false,שום כתוש פרג 250 גרם,תבליני הדור השלישי,IL,שום כתוש פרג 250 גרם,גרמים,250.00,100 גרם,false,,14.90,5.9600,true,1,246596
7290003078073,false,תיבול לשניצל קלאסי שקית 400גר,תבליני הדור השלישי,IL,תיבול לשניצל פרג 400,גרמים,400.00,100 גרם,false,,12.90,3.2250,true,1,269386
7290003078516,false,פלפל צומה פרג 250 גר,תבליני הדור השלישי,IL,פלפל צומה פרג 250 גר,גרמים,250.00,100 גרם,false,,14.90,5.9600,true,1,246598
7290003078554,false,תיבול לשניצל מקסיקני שקית 400 גר,תבליני הדור השלישי,IL,תיבול לשניצל מקסיקני,גרמים,400.00,100 גרם,false,,12.90,3.2250,true,1,263343
7290003078561,false,תיבול לשניצל אמריקאי 400 גרם,תבליני הדור השלישי,IL,תיבול לשניצל אמריקאי,גרמים,400.00,100 גרם,false,,12.90,3.2250,true,1,269387
7290003078639,false,פפריקה מתוקה בשמן פר,תבליני הדור השלישי,IL,פפריקה מתוקה בשמן פר,גרמים,500.00,100 גרם,false,,34.90,6.9800,true,1,246600
7290003078684,false,פלפל שחור פרג 400 גר,תבליני הדור השלישי,IL,פלפל שחור פרג 400 גר,גרמים,400.00,100 גרם,false,,39.90,9.9750,true,1,246601
7290003078721,false,פרג סחוג תימני אדום 250גר,תבליני הדור השלישי,IL,סחוג פרג 250 גרם,גרמים,250.00,100 גרם,false,,14.90,5.9600,true,1,246602
7290003078738,false,לימון בלאדי ק 250 גרם,תבליני הדור השלישי,IL,לימון בלאדי פרג 250,גרמים,250.00,100 גרם,false,,14.90,5.9600,true,1,248997
7290003087945,false,חטיף בוטנים בולי בודד 80 גרם,א מ חטיפי העמק בעמ,IL,בולי 80 גרם,גרמים,80.00,100 גרם,false,,2.90,3.6250,true,1,250212
7290003087952,false,בולי חטיף בוטנים 250 גרם מארז 10 יחידות,א מ חטיפי העמק בעמ,IL,מארז בולי 10*25 גרם,גרמים,250.00,100 גרם,false,,7.90,3.1600,true,1,250734
7290003107216,false,קמח 1 קג שימורי איכ,טחנת קמח דגן לישראל,IL,"קמח לבן דגן 1 ק""ג",פריט,1.00,"ק""ג",false,,5.90,5.9000,true,1,254595
7290003107223,false,טחנת קמח דגן סולת 1קג,טחנת קמח דגן לישראל,IL,"סולת דגן 1 ק""ג",פריט,1.00,"ק""ג",false,,6.50,6.5000,true,1,260736
7290003107353,false,שטיבל משפר אפייה ביתי 3 * 10 גרם,ט.ק דגן טכנולוגיות ב,IL,משפר אפיה שטיבל 30 ג,גרמים,30.00,100 גרם,false,,5.90,19.6667,true,1,254001
7290003119509,false,פקדון בקבוק בירה ריק,,,פקדון בקבוק בירה ריק,Unknown,0.00,יחידה,false,,1.20,0.0000,true,1,257611
7290003126712,false,יוגורט עיזים מחלב מלא 3.7% משק צוריאל 150 גרם,מחלבת משק צוריאל,IL,יוגורט עיזים צוריאל,מיליליטרים,150.00,"100 מ""ל",false,,5.90,3.9333,true,1,249749
7290003126958,false,טופו גבינה גוש בואקום צוריאל 300 ג',א.י.ן תעשיות מזון בע,IL,טופו גולמי צוריאל 30,גרמים,300.00,100 גרם,false,,9.90,3.3000,true,1,271287
7290003222070,false,פיתות חומרים טבעי100*13ג,מאפיית המכבים,IL,פיתות המכבים 13 יח,פריט,1.36,"ק""ג",false,,9.90,7.2794,true,1,293252
7290003222742,false,פיתה תימנית 10 יחידות,מאפיית המכבים,IL,פיתות המכבים 10 יח,פריט,1.00,"ק""ג",false,,9.90,9.9000,true,1,251625
7290003222780,false,פיתות מקמח מלא מאפיית המכבים 5 יחידות,מאפיית המכבים,IL,פיתות קמח מלא המכבים,גרמים,500.00,100 גרם,false,,4.90,0.9800,true,1,246655
7290003318100,false,וופל בטעם שוקולד מנעמים 200 ג',מנעמים תעשיות מזון,IL,ופל שוקולד מנעמים 20,גרמים,200.00,100 גרם,false,,2.90,1.4500,true,1,251662
7290003318131,false,ופל קלאסיק אגוז 200 גרם מנעמים,מנעמים תעשיות מזון,IL,ופל אגוז מנעמים 200,גרמים,200.00,100 גרם,false,,2.90,1.4500,true,1,251665
7290003318155,false,וופל טעם לימון מנעמים 200 ג',מנעמים תעשיות מזון,IL,ופל לימון מנעמים 200,גרמים,200.00,100 גרם,false,,2.90,1.4500,true,1,251663
7290003318162,false,ופל מצופה בריידמן 80,מנעמים תעשיות מזון,IL,ופל מצופה בריידמן 80,גרמים,800.00,100 גרם,false,,13.90,1.7375,true,1,304915
7290003318599,false,וופלים וניל מנעמים 200 גרם,מנעמים תעשיות מזון,IL,ופל וניל מנעמים 200,גרמים,200.00,100 גרם,false,,2.90,1.4500,true,1,251664
7290003319084,false,גפילטע פיש 12 קציצות בצנצנת הדג המיוחד 670 גרם,דג טעים בעמ,IL,גפילטע פיש הדג המיוח,פריט,1.00,"ק""ג",false,,21.90,21.9000,true,1,252236
7290003321155,false,יוגורט בר עם פקאן מצופה שוקולד 183 ג' דנונה,"שטראוס בריאות בע""\מ",IL,דנונה בר פקאן,מיליליטרים,175.00,"100 מ""ל",false,,4.30,2.4571,true,1,246677
7290003332014,false,קפה נח'לה אדום עם הל500ג,קפה אל נח'לה,IL,קפה נחלה אדום עם הל,גרמים,500.00,100 גרם,false,,28.90,5.7800,true,1,250257
7290003387410,false,בלונס פדים להסרת איפור שלישייה,SEPTONA S.A.,,פדים להסרת איפור בלו,Unknown,0.00,יחידה,false,,16.90,0.0000,true,1,289218
7290003411054,false,שקיות צליה גדול דליקטס רוסטי הנמל 5יח`,סאדאת איסטנבול,TR,שקיות לצליה רוסטי ענ,Unknown,0.00,יחידה,false,,3.90,0.0000,true,1,246709
7290003411726,false,קיסמי שיניים מלחיה הנמל 300יח',הנמל אריזות ושיווק בעמ,CN,קיסמי שיניים מלחיה ה,Unknown,0.00,יחידה,false,,3.50,0.0000,true,1,246716
7290003411948,false,צמר גפן הנמל 100 יחידות,הנמל,TR,צמר גפן הנמל 100 גרם,Unknown,0.00,יחידה,false,,3.90,0.0000,true,1,246722
7290003411993,false,גפרורים הנמל 10 יחידות,"איטיליאן פוד, אס.פי.",SE,גפרורים 10 יח,Unknown,0.00,יחידה,false,,2.80,0.0000,true,1,246723
7290003424245,false,מרלוזה ארגנטינאית במשקל,,AR,מרלוזה צ'ירינה קפוא,קילוגרמים,1.00,"ק""ג",true,,27.90,27.9000,true,1,323392
7290003424986,false,מנות נסיכת הילוס פרי,,AR,מנות נסיכת הילוס פרי,קילוגרמים,1.00,"ק""ג",true,,49.90,49.9000,true,1,323393
7290003427154,false,"שמן זית כתית מעולה טעם מעודן זיתא 750 מ""ל",זיתא תעשיות שמן זיתt\,IL,שמן זית כתית פיית מז,מיליליטרים,750.00,"100 מ""ל",false,,32.90,4.3867,true,1,260805
7290003450602,false,חרדל אמיתי צהוב בקבוק לחיץ 255 גר,היינץ צפון אמריקה מקבוצת ה.י.היינץ,US,ממרח חרדל לחיץ היינץ,גרמים,255.00,100 גרם,false,,7.50,2.9412,true,1,254839
7290003521197,false,"ד""ר פישר - סרקל תרסיס מתיר קשרים 340 מ""ל",פישר מעבדות פרמצבטיות בע,IL,סרקל תרסיס מתיר קשרי,מיליליטרים,340.00,"100 מ""ל",false,,22.90,6.7353,true,1,246761
7290003521340,false,"קמיל בלו אל סבון קלאסיק ד""ר פישר 2 ליטר",פישר מעבדות פרמצבטיות בע,IL,"אל סבון קמיל בלו ד""ר",קילוגרמים,2.00,ליטר,false,,35.90,17.9500,true,1,246764
7290003521395,false,"קמיל בלו סנסיטיב אל סבון ד""ר פישר 2 ליטר",פישר מעבדות פרמצבטיות בע,IL,אל סבון קמיל בלו סנס,קילוגרמים,2.00,ליטר,false,,35.90,17.9500,true,1,246765
7290003521760,false,"אפטרסול ג'ל אלוורה שפורפרת ד""ר פישר 200 מ""ל",פישר מעבדות פרמצבטיות בע,IL,ג'ל לחות אלוורה אולט,מיליליטרים,200.00,"100 מ""ל",false,,17.90,8.9500,true,1,322912
7290003550753,false,רביעיית טונה בשמן פוסידון 108 גרם,"מיוצר עי וליגר בעמ,",IL,טונה בשמן פוסידון 4,גרמים,432.00,100 גרם,false,,19.90,4.6065,true,1,246776
7290003578108,false,חתיכות אננס בסירופ קל וילי פוד 850 גרם,קריות זול,TH,לפתן אננס חתוך ויליפ,גרמים,850.00,100 גרם,false,,8.90,1.0471,true,1,246782
7290003578313,false,דובדבנים ללא חרצנים ויליפוד 680 גרם,דל מונטה היילס אס.אי,HR,דובדבנים חמוצים מגול,גרמים,680.00,100 גרם,false,,8.90,1.3088,true,1,246784
7290003578672,false,ויליפוד שמן חמניות 1 ליטר{בית יוסף},וילי פוד,,שמן חמניות וילי פוד,קילוגרמים,1.00,ליטר,false,,8.90,8.9000,true,1,271466
7290003643004,false,"סוגת אורז בסמטי קלאסי 1 ק""ג",האי נאם סי או אל.טי.,IL,"אורז בסמטי סוגת 1 ק""",פריט,1.00,"ק""ג",false,,13.90,13.9000,true,1,246792
7290003643646,false,"סוכר דמררה קלאסי בצנצנת סוגת 1 ק""ג",האי נאם סי או אל.טי.,IL,"סוכר דמררה סוגת 1 ק""",פריט,1.00,"ק""ג",false,,9.90,9.9000,true,1,246794
7290003648344,false,מטיאס הולנדי בשמן 550 גר,סלטי שמיר 2006 בעמ,IL,מטיאס הולנדי בשמן שמ,גרמים,550.00,100 גרם,false,,29.90,5.4364,true,1,252107
7290003648351,false,הרינג כבוש שמיר 750,סלטי שמיר 2006 בעמ,IL,הרינג כבוש שמיר 750,גרמים,550.00,100 גרם,false,,29.90,5.4364,true,1,252108
7290003648849,false,מקרל בשמן שמיר 750 ג,סלטי שמיר 2006 בעמ,IL,מקרל בשמן שמיר 750 ג,גרמים,550.00,100 גרם,false,,39.90,7.2545,true,1,251935
7290003648856,false,מעדן הרינג הולנדי בשמן,סלטי שמיר 2006 בעמ,IL,מטיאס הולנדי שמיר 75,גרמים,550.00,100 גרם,false,,29.90,5.4364,true,1,252109
7290003672073,false,פילה אמנון נקי 5-7 ואקום,ג.עופר,,פילה אמנון פאר הדג 5,קילוגרמים,1.00,"ק""ג",true,,24.90,24.9000,true,1,262347
7290003681228,false,תבלין עלי דפנה 10 גר' מיה,מיה תעשיות מזון מ.ת.מ. ב,IL,עלי דפנה מיה 10 גרם,גרמים,10.00,100 גרם,false,,5.80,58.0000,true,1,246812
7290003681242,false,זעתר בצנצנת מיה 50 גרם,מיה תעשיות מזון מ.ת.מ. ב,IL,זעתר מיה 50 גרם,גרמים,50.00,100 גרם,false,,5.80,11.6000,true,1,246814
7290003681723,false,תבלין לפיצה בצנצנת מיה 80 גרם,מיה תעשיות מזון מ.ת.מ. ב,IL,תבלין לפיצה מיה 80 ג,גרמים,80.00,100 גרם,false,,5.80,7.2500,true,1,246825
7290003681730,false,תבלין לגריל דג מיה 80 גרם,מיה תעשיות מזון מ.ת.מ. ב,IL,תבלין גריל דג מיה 80,גרמים,80.00,100 גרם,false,,5.80,7.2500,true,1,246826
7290003681747,false,תבלין גריל בשר בשקית 80 גר' מיה,מיה תעשיות מזון מ.ת.מ. ב,IL,תבלין גריל בשר מיה 8,גרמים,80.00,100 גרם,false,,5.80,7.2500,true,1,246827
7290003681754,false,אבקת קארי בצנצנת מיה 80 גרם,מיה תעשיות מזון מ.ת.מ. ב,IL,תבלין קארי מיה 80 גר,גרמים,80.00,100 גרם,false,,5.80,7.2500,true,1,246828
7290003681761,false,גבישי שום בצנצנת מיה 80 גרם,מיה תעשיות מזון מ.ת.מ. ב,IL,גבישי שום מיה 80 גרם,גרמים,100.00,100 גרם,false,,7.90,7.9000,true,1,246829
7290003681792,false,סוכריות טופי פירות 850 ג' מיה,מיה תעשיות מזון מ.ת.מ. ב,IL,סוכריות טופי מיה 850,גרמים,850.00,100 גרם,false,,13.90,1.6353,true,1,246831
7290003719259,false,"ליבו לחם טבעי אקסקלוסיבי 1 ק""ג",מאפית י את א ברמן בע,IL,"לחם שיפון ליבו 1 ק""ג",פריט,1.00,"ק""ג",false,,15.90,15.9000,true,1,250103
7290003722020,false,חרובים בתפזורת,דין שיווק,IL,חרובים בתפזורת,קילוגרמים,1.00,"ק""ג",true,,19.00,19.0000,true,1,262485
7290003726141,false,טופו אמיתי כפרי בריא 300 גרם,ג'נרל מילס סאן אדריא,IL,טופו גולמי גאיה 300,גרמים,300.00,100 גרם,false,,9.90,3.3000,true,1,250100
7290003726592,false,טופו מתובל בפסטו במרקם קלאסי,"משק ויילר בע""\מ",IL,טופו מתובל בפסטו משק,מיליליטרים,300.00,"100 מ""ל",false,,10.90,3.6333,true,1,321034
7290003726615,false,"טופו ויילר 300 גרם ""שטראוס""",הדקלאים אגודת שיתופי,IL,טופו הבית משק ויילר,מיליליטרים,300.00,"100 מ""ל",false,,10.90,3.6333,true,1,321035
7290003882922,false,עלי גפן ממולאים באורז וילי פוד 360 גרם,אף.סי תבליני בגליל ב,,עלי גפן ממולאים וילי,גרמים,400.00,100 גרם,false,,7.90,1.9750,true,1,246881
7290003989096,false,סלט חצילים פיקנטי אחלה 500 גרם,מיוצר עי קונדיטוריית,IL,חציל פיקנטי אחלה 500,גרמים,500.00,100 גרם,false,,14.90,2.9800,true,1,249568
7290003989539,false,לורנצו רביולי במילוי גבינה,מיוצר עי קונדיטוריית,IL,רביולי גבינה קלאסי ש,גרמים,400.00,100 גרם,false,,19.90,4.9750,true,1,246882
7290003989553,false,פסטה טורטליני גבינה ופטריות 400 גרם,מיוצר עי קונדיטוריית,IL,טורטליני פטריות שטרא,גרמים,400.00,100 גרם,false,,19.90,4.9750,true,1,246883
7290003996018,false,חסה ערבית (שקית ) חסלט,נסטלה קוריאה - קפה,IL,חסה ערבית גלאט,Unknown,0.00,יחידה,false,,7.90,0.0000,true,1,246885
7290003996049,false,פטרוזיליה טרי ארוז חסלט,נסטלה שוויץ - רורשאך,IL,פטרוזיליה מהדרין,Unknown,0.00,יחידה,false,,6.90,0.0000,true,1,246886
7290003996056,false,כוסברה חסלט כפרי טרי,יעל ירק עלים,IL,כוסברה מהדרין,Unknown,0.00,יחידה,false,,6.90,0.0000,true,1,246887
7290003996094,false,סלרי אמריקאי חסלט כפרי טרי,יעל ירק עלים,IL,סלרי מהדרין,Unknown,0.00,יחידה,false,,7.90,0.0000,true,1,248793
7290003996117,false,כרוב לבן שלם אפרתי חסלט,יעל ירק עלים,IL,כרוב לבן חסלט,קילוגרמים,1.00,"ק""ג",true,,14.90,14.9000,true,1,246891
7290003996186,false,בזיליקום חסלט כפרי טרי,נסטלה קוריאה - קפה,IL,בזיליקום חסלט,Unknown,0.00,יחידה,false,,7.90,0.0000,true,1,246894
7290003996506,false,כרוב לבן קצוץ 400 גרם חסלט,יעל ירק עלים,IL,כרוב לבן 400 גרם,גרמים,400.00,100 גרם,false,,11.90,2.9750,true,1,246898
7290003996513,false,כרוב אדום קצוץ 400 גרם חסלט-כפרי טרי,יעל ירק עלים,IL,כרוב אדום 400 גרם,גרמים,400.00,100 גרם,false,,11.90,2.9750,true,1,246899
7290003996537,false,גזר קצוץ 400 גרם חסלט כפרי טרי,יעל ירק עלים,IL,שבבי גזר 400 גרם,גרמים,410.00,100 גרם,false,,11.90,2.9024,true,1,246900
7290003996544,false,חסה אייסברג קצוצה 300 גרם חסלט כפרי טרי,יעל ירק עלים,IL,חסה קצוצה 300 גרם,גרמים,310.00,100 גרם,false,,12.90,4.1613,true,1,246901
7290003996551,false,קולסלאו 400 גרם חסלט כפרי טרי,יעל ירק עלים,IL,סלט קולסלאו 400 גרם,גרמים,400.00,100 גרם,false,,11.90,2.9750,true,1,246902
7290003996605,false,לקט ים תיכוני חסלט כפרי טרי,יעל ירק עלים,IL,לקט ים תיכוני 350 גר,גרמים,350.00,100 גרם,false,,12.90,3.6857,true,1,246903
7290003996742,false,עלי סלק תרדי מהדרין כפרי טרי חסלט 200 גרם,סוגת תעשיות בעמ,IL,עלי תרד שטופים 200 ג,גרמים,300.00,100 גרם,false,,12.90,4.3000,true,1,268159
7290003996971,false,"חסלט כרוב לבן קצוץ 1 ק""ג-אפרתי",יעל ירק עלים,IL,"כרוב לבן קצוץ 1 ק""ג",פריט,1.00,"ק""ג",false,,19.90,19.9000,true,1,246908
7290003996995,false,"קולסלאו 1 ק""ג חסלט",יעל ירק עלים,IL,"סלט קולסלאו 1 ק""ג",פריט,1.00,"ק""ג",false,,19.90,19.9000,true,1,246910
7290004011284,false,ריצ בסיס להכנת קצפת 25% 212מל,ריצ' פרודקטס קורפריי,IL,בסיס להכנת קצפת 25%,מיליליטרים,212.00,"100 מ""ל",false,,8.90,4.1981,true,1,251445
7290004011345,false,"ספריי קצפת מתוקה מוכנה פרווה ריץ' 238 מ""ל",האי נאם סי או אל.טי.,IL,תרסיס קצפת צמחית ריץ,מיליליטרים,250.00,"100 מ""ל",false,,9.90,3.9600,true,1,254560
7290004023041,false,"לחם שיפון ללא שמרים ד""ר מרק 750 גר'",המאפה של דר מרק בריא,IL,לחם מחמצת שיפון דר מ,גרמים,750.00,100 גרם,false,,13.90,1.8533,true,1,289755
7290004030018,false,"פריניב מיץ לימון סחוט פרי לתיבול 500 מ""ל",הנסיך- מפעל לייצור ט,,מיץ לימון טבעי פריני,מיליליטרים,500.00,"100 מ""ל",false,,6.90,1.3800,true,1,252212
7290004030612,false,"מיץ תפוח, קיווי אגס ללא תוספת סוכר 1 ליטר פרי ניב",הנסיך- מפעל לייצור ט,IL,מיץ תפוח קיווי ואגס,קילוגרמים,1.00,ליטר,false,,13.90,13.9000,true,1,264925
7290004030834,false,מיץ רימונים סחוט 100% רכיבים טבעיים פרי ניב 1 ליטר,הנסיך- מפעל לייצור ט,IL,מיץ רימונים 100% פרי,קילוגרמים,1.00,ליטר,false,,19.90,19.9000,true,1,253897
7290004033705,false,הבורגריה – 6 לחמניות המבורגר בשקית,מאפית י את א ברמן בע,IL,לחמניות המבורגר הבור,גרמים,600.00,100 גרם,false,,12.90,2.1500,true,1,317648
7290004033712,false,לחם עננים מקמח מלא עם פרוסות עבות,מאפית י את א ברמן בע,IL,לחם עננים קמח חיטה מ,גרמים,750.00,100 גרם,false,,12.90,1.7200,true,1,317650
7290004033729,false,לחם עננים מקמח כוסמין עם פרוסות עבות,מאפית י את א ברמן בע,IL,לחם עננים מקמח כוסמי,גרמים,750.00,100 גרם,false,,12.90,1.7200,true,1,317649
7290004033736,false,"עננים לחם לבן בסגנון בריוש עם פרוסות עבות, 500 גרם",מאפית י את א ברמן בע,IL,לחם עננים לבן בסגנון,גרמים,500.00,100 גרם,false,,14.90,2.9800,true,1,320845
7290004048679,false,"קובה למרק שלושת האופים 1 ק""ג","שלושת האופים בע""\מ",IL,קובה למרק ש.האופים 1,פריט,1.00,"ק""ג",false,,18.90,18.9000,true,1,246929
7290004063016,false,"מלח שולחן דק סלית 1 ק""ג בדץ",האי נאם סי או אל.טי.,,"מלח שולחן 1 ק""ג בד""צ",פריט,1.00,"ק""ג",false,,1.70,1.7000,true,1,246930
7290004063115,false,"מלח מטבח עבה להמלחת בשר ובישול 1 ק""ג 1ק""ג",האי נאם סי או אל.טי.,,"מלח בישול 1 ק""ג בד""צ",פריט,1.00,"ק""ג",false,,1.70,1.7000,true,1,246931
7290004064174,false,"תבלין מלח ההימלאיה דק בצנצנת 1 ק""ג","חברת מלח הארץ אילת בע""\מ",IL,"מלח דק הימלאיה 1 ק""ג",פריט,1.00,"ק""ג",false,,14.90,14.9000,true,1,305022
7290004064181,false,"תבלין מלח ההימלאיה גס בצנצנת 1 ק""ג","חברת מלח הארץ אילת בע""\מ",IL,"מלח גס הימלאיה 1 ק""ג",פריט,1.00,"ק""ג",false,,14.90,14.9000,true,1,305023
7290004064280,false,מלח מופחת נתרן בצנצנת מלח הארץ 600 גרם,חברת מלח הארץ אילת בעמ,IL,מלח מופחת נתרן 600 ג,גרמים,600.00,100 גרם,false,,15.90,2.6500,true,1,306233
7290004064297,false,"מלח מועשר ביוד בצנצנת מלח הארץ 1 ק""ג","חברת מלח הארץ אילת בע""\מ",IL,מלח ים מועשר ביוד 1,פריט,1.00,"ק""ג",false,,8.90,8.9000,true,1,306234
7290004068172,false,"יוגורט עיזים בדלי 5% 600 מ""ל רובין",קוד יצרן MKN,IL,יוגורט עיזים ביו גד,גרמים,600.00,100 גרם,false,,16.90,2.8167,true,1,259523
7290004068196,false,מוצרלה מגורדת מיוחדת,מחלבות גד,IL,גבינה מוצרלה לפיצה 2,גרמים,500.00,100 גרם,false,,25.90,5.1800,true,1,259366
7290004068332,false,גבינה קממבר בקר משולשים גד,מחלבות גד,IL,גבינה קממבר גד במשקל,קילוגרמים,1.00,"ק""ג",true,,105.00,105.0000,true,1,264651
7290004078942,false,ליידי ספיד סטיק - דאודורנט ג'ל לאישה 65 גרם,קולגייט פלמוליב,BY,דאו גל ליידי ספיד סט,גרמים,65.00,100 גרם,false,,18.90,29.0769,true,1,290503
7290004091217,false,"גודרדס, חומר לניקוי והברקת כלי כסף 144 מל",אס סי גונסון פורטוגל,PT,מבריק גודרס לכלי כסף,גרמים,125.00,100 גרם,false,,14.90,11.9200,true,1,246934
7290004091255,false,ג'ל פטרוליום טהור 100% וזלין 212 גרם,"יוניליוור ארה""ב, ג'ו",IL,וזלין פטרולאום גלי 2,גרמים,212.00,100 גרם,false,,16.90,7.9717,true,1,246935
7290004093006,false,עוף הכפר שלם טרי ארוז,נטו,,עוף שלם טרי עוף הכפר,קילוגרמים,1.00,"ק""ג",true,,19.90,19.9000,true,1,294430
7290004093013,false,כרעיים עוף הכפר טרי ארוז,נטו,,כרעיים עוף טרי עוף ה,קילוגרמים,1.00,"ק""ג",true,,26.90,26.9000,true,1,294431
7290004093020,false,חזה עוף הכפר טרי ארוז,נטו,,חזה עוף טרי עוף הכפר,קילוגרמים,1.00,"ק""ג",true,,29.90,29.9000,true,1,294433
7290004093037,false,כנפיים עוף הכפר טרי ארוז,נטו,,כנפיים עוף טרי עוף ה,קילוגרמים,1.00,"ק""ג",true,,12.90,12.9000,true,1,294434
7290004093044,false,שוקיים עוף הכפר טרי ארוז,נטו,,שוקיים עוף טרי עוף ה,קילוגרמים,1.00,"ק""ג",true,,29.90,29.9000,true,1,294435
7290004093051,false,ירכיים עוף הכפר טרי ארוז,נטו,,ירכיים עוף טרי עוף ה,קילוגרמים,1.00,"ק""ג",true,,26.90,26.9000,true,1,294432
7290004093068,false,שניצל עוף הכפר טרי ארוז,נטו,,שניצל עוף טרי עוף הכ,קילוגרמים,1.00,"ק""ג",true,,31.90,31.9000,true,1,294436
7290004093082,false,כבד עוף הכפר טרי ארוז,נטו,,כבד עוף טרי עוף הכפר,קילוגרמים,1.00,"ק""ג",true,,24.90,24.9000,true,1,294438
7290004093112,false,כרעיים עוף קפוא עוף,,,כרעיים עוף קפוא עוף,קילוגרמים,1.00,"ק""ג",true,,23.90,23.9000,true,1,296071
7290004093129,false,חזה עוף קפוא עוף הכפ,,,חזה עוף קפוא עוף הכפ,קילוגרמים,1.00,"ק""ג",true,,25.90,25.9000,true,1,296072
7290004093136,false,כנפיים עוף קפוא עוף,,,כנפיים עוף קפוא עוף,קילוגרמים,1.00,"ק""ג",true,,7.90,7.9000,true,1,296073
7290004093143,false,שוקיים עוף קפוא עוף,,,שוקיים עוף קפוא עוף,קילוגרמים,1.00,"ק""ג",true,,26.90,26.9000,true,1,296074
7290004093150,false,ירכיים עוף קפוא עוף,,,ירכיים עוף קפוא עוף,קילוגרמים,1.00,"ק""ג",true,,23.90,23.9000,true,1,296075
7290004093167,false,שניצל עוף קפוא עוף ה,,,שניצל עוף קפוא עוף ה,קילוגרמים,1.00,"ק""ג",true,,27.90,27.9000,true,1,296076
7290004093181,false,סטייק פרגית עוף קפוא,,,סטייק פרגית עוף קפוא,קילוגרמים,1.00,"ק""ג",true,,52.90,52.9000,true,1,296078
7290004093198,false,סטייק פרגית עוף הכפר,נטו,,סטייק פרגית עוף טרי,קילוגרמים,1.00,"ק""ג",true,,59.90,59.9000,true,1,294498
7290004093211,false,כבד עוף קפוא עוף הכפ,,,כבד עוף קפוא עוף הכפ,קילוגרמים,1.00,"ק""ג",true,,16.90,16.9000,true,1,309047
7290004093501,false,פילה עוף טרי דליקטס,,,פילה עוף טרי דליקטס,קילוגרמים,1.00,"ק""ג",true,,36.90,36.9000,true,1,305811
7290004093518,false,פילה עוף קפוא דליקטסו שק,,,פילה עוף קפוא דליקטס,קילוגרמים,1.00,"ק""ג",true,,31.90,31.9000,true,1,302657
7290004119133,false,כד יוגורט תנובה 6.5% שומן 1.5 ליטר,מיוצר עי קונדיטוריית,IL,משקה יוגורט 6.5% תנו,קילוגרמים,1.50,ליטר,false,,15.90,10.6000,true,1,249506
7290004119225,false,יוגורט יופלה אננס 3% שומן 150 גרם,תנובה מרכז שיתופי לש,IL,"יופלה אננס 3% 150 מ""",מיליליטרים,150.00,"100 מ""ל",false,,4.70,3.1333,true,1,246936
7290004119973,false,קרלו מעדן שוקו רביעיה גביע 1.5% 125 גרם,תנובה מרכז שיתופי לש,IL,קרלו שוקולדה 125 גרם,מיליליטרים,125.00,"100 מ""ל",false,,2.80,2.2400,true,1,246939
7290004120061,false,מעדן חלב בטעם שוקו וניל שוניל 2% קרלו 125 גרם,תנובה מרכז שיתופי לש,IL,קרלו שוקולד וניל 125,מיליליטרים,125.00,"100 מ""ל",false,,2.90,2.3200,true,1,246940
7290004120108,false,יוגורט יופלה דיאט דובדבן 0% שומן 150גרם,תנובה מרכז שיתופי לש,IL,יופלה דיאט 0% דובדבן,גרמים,150.00,100 גרם,false,,4.70,3.1333,true,1,246941
7290004120573,false,גבינה בולגרית פיראוס 16% 250 גרם,תנובה מרכז שיתופי לש,IL,גבינה בולגרית 16% פי,גרמים,250.00,100 גרם,false,,17.90,7.1600,true,1,246944
7290004120634,false,גבינה בולגרית 5% פיראוס 250 גרם,תנובה מרכז שיתופי לש,IL,גבינה בולגרית 5% פיר,גרמים,250.00,100 גרם,false,,17.90,7.1600,true,1,246945
7290004120832,false,"חלב 2 ליטר 3% כד ""תנובה""- מוצר בפיקוח",תנובה מרכז שיתופי לש,IL,חלב 3% תנובה 2 ליטר,קילוגרמים,2.00,ליטר,false,,12.40,6.2000,true,1,246947
7290004121488,false,יופלה דיאט אפרסק 0% גביע 150 גרם,תנובה מרכז שיתופי לש,IL,יופלה דיאט 0% אפרסק,גרמים,150.00,100 גרם,false,,4.70,3.1333,true,1,246948
7290004121525,false,יופלה מאגדת פרי 4 תות 4 אפרסק 3% 8 יח'*150 ג',תנובה מרכז שיתופי לש,IL,מארז יופלה אפרסק/תות,קילוגרמים,1.20,ליטר,false,,24.90,20.7500,true,1,246949
7290004121839,false,גבינת פטה כבשים 20% פיראוס 250 גרם,תנובה מרכז שיתופי לש,IL,גבינת פטה כבשים 20%,גרמים,250.00,100 גרם,false,,24.90,9.9600,true,1,246952
7290004121853,false,גבינה בולגרית 5% קוביות פיראוס 200 גרם,תנובה מרכז שיתופי לש,IL,גבינה בולגרית קוביות,גרמים,200.00,100 גרם,false,,17.90,8.9500,true,1,246953
7290004122348,false,גבינת עמק לייט פרוס בקופסא 200 גרם,תנובה מרכז שיתופי לש,IL,גבינה עמק 9% 200 גרם,גרמים,200.00,100 גרם,false,,16.90,8.4500,true,1,246955
7290004122676,false,גבינת חמד לייט 5% פיראוס 250 ג',תנובה מרכז שיתופי לש,IL,גבינת חמד לייט 5% פי,גרמים,250.00,100 גרם,false,,17.50,7.0000,true,1,250106
7290004122683,false,עמק חטיף אצבעות גבינה חצי קשה 28% שומן,תנובה מרכז שיתופי לש,IL,אצבעות גבינת עמק 172,גרמים,172.00,100 גרם,false,,15.90,9.2442,true,1,246957
7290004124205,false,יופלה דיאט יוגורט תות %0 גביע 150 גרם,תנובה מרכז שיתופי לש,IL,יופלה דיאט 0% תות 15,גרמים,150.00,100 גרם,false,,4.70,3.1333,true,1,246961
7290004125370,false,"שמנת חמוצה 9% מופחתת שומן תנובה 200 מ""ל מהדרין",תנובה מרכז שיתופי לש,IL,שמנת חמוצה 9% תנובה,מיליליטרים,200.00,"100 מ""ל",false,,3.60,1.8000,true,1,246965
7290004125400,false,"אשל שלי מהדרין 200 מ""ל 4.5% ""תנובה""- מוצר בפיקוח",פארייפאבה אגרואינדוס,IL,"אשל תנובה 200 מ""ל",מיליליטרים,200.00,"100 מ""ל",false,,1.65,0.8250,true,1,246966
7290004125417,false,"גיל 3% שלי 200 מ""ל ""תנובה"" -מוצר בפיקוח",תנובה מרכז שיתופי לש,IL,"גיל תנובה 200 מ""ל",מיליליטרים,206.00,"100 מ""ל",false,,1.50,0.7282,true,1,246967
7290004125455,false,"שמנת חמוצה 200 מ""ל 15% ""תנובה"" -מוצר בפיקוח",תנובה מרכז שיתופי לש,IL,שמנת חמוצה 15% תנובה,מיליליטרים,200.00,"100 מ""ל",false,,2.40,1.2000,true,1,246968
7290004125462,false,"שמנת חמוצה 15% תנובה 500 מ""ל מהדרין",תנובה מרכז שיתופי לש,IL,שמנת חמוצה 15% תנובה,מיליליטרים,500.00,"100 מ""ל",false,,5.90,1.1800,true,1,246969
7290004125509,false,"שמנת חמוצה 15% מועשרת תנובה 100 מ""ל",תנובה מרכז שיתופי לש,IL,שמנת חמוצה 15% תנובה,גרמים,100.00,100 גרם,false,,1.60,1.6000,true,1,246970
7290004125578,false,משקה סויה מעושר בסידן תנובה 1ל',תנובה מרכז שיתופי לש,IL,משקה סויה אלטרנטיב 1,קילוגרמים,1.00,ליטר,false,,9.90,9.9000,true,1,246971
7290004125585,false,משקה סויה בטעם וניל תנובה 1 ליטר,תנובה מרכז שיתופי לש,IL,משקה סויה וניל אלטרנ,קילוגרמים,1.00,ליטר,false,,9.90,9.9000,true,1,246972
7290004125721,false,"השף הלבן שמנת עמידה לבישול 15% תנובה 250 מ""ל",תנובה מרכז שיתופי לש,IL,שמנת לבישול 15% השף,מיליליטרים,250.00,"100 מ""ל",false,,7.90,3.1600,true,1,246974
7290004125738,false,שמנת מתוקה להקצפה32% 250מל עמיד השף הלבן,תנובה מרכז שיתופי לש,IL,שמנת להקצפה 32% השף,מיליליטרים,250.00,"100 מ""ל",false,,5.90,2.3600,true,1,246975
7290004126674,false,טל העמק פרוסות גבינה חצי קשה לייט %9 200 גרם בקופסא,תנובה מרכז שיתופי לש,IL,גבינה עמק בסגנון אמנ,גרמים,200.00,100 גרם,false,,17.90,8.9500,true,1,246976
7290004127077,false,קוטג תנובה 3% גביע 250 גרם מהדרין,מיוצר עי קונדיטוריית,IL,קוטג 3% תנובה 250 גר,גרמים,250.00,100 גרם,false,,5.50,2.2000,true,1,246978
7290004127329,false,קוטג תנובה גביע 250 גרם %5 ו.מהדרין,מיוצר עי קונדיטוריית,IL,קוטג 5% תנובה 250 גר,גרמים,250.00,100 גרם,false,,1.90,0.7600,true,1,246979
7290004127336,false,קוטג תנובה גביע 250 גרם %9 ו.מהדרין,מיוצר עי קונדיטוריית,IL,קוטג 9% תנובה 250 גר,גרמים,250.00,100 גרם,false,,5.50,2.2000,true,1,262433
7290004127800,false,"גבינה לבנה 500 גרם 5% ""תנובה"" -מוצר בפיקוח",מיוצר עי קונדיטוריית,IL,גבינה 5% תנובה 500 ג,גרמים,500.00,100 גרם,false,,9.70,1.9400,true,1,246982
7290004127817,false,גבינה לבנה 9% שומן 500 ג' תנובה,מיוצר עי קונדיטוריית,IL,גבינה 9% תנובה 500 ג,גרמים,500.00,100 גרם,false,,9.70,1.9400,true,1,246983
7290004127862,false,"גבינה לבנה 750 גרם 5% ""תנובה"" - מוצר בפיקוח",תנובה מרכז שיתופי לש,IL,גבינה 5% תנובה 750 ג,גרמים,750.00,100 גרם,false,,14.50,1.9333,true,1,246984
7290004127916,false,גבינה לבנה 0.5% שומן 500 ג' תנובה,תנובה מרכז שיתופי לש,IL,גבינה 1/2% תנובה 500,גרמים,500.00,100 גרם,false,,9.70,1.9400,true,1,246985
7290004129101,false,גבינת שמנת 25% בטעם טבעי 225 ג' נפוליאון,תנובה מרכז שיתופי לש,IL,גבינת שמנת טבעי 25%,גרמים,225.00,100 גרם,false,,12.90,5.7333,true,1,246988
7290004129156,false,גבינת שמנת25% עם שום שמיר 225 ג' נפוליאון,תנובה מרכז שיתופי לש,IL,גבינת שמנת שום שמיר,גרמים,225.00,100 גרם,false,,12.90,5.7333,true,1,246990
7290004130794,false,משקה סויה במתיקות מופחתת תנובה 1 ליטר,תנובה מרכז שיתופי לש,IL,משקה סויה במתיקות מו,קילוגרמים,1.00,ליטר,false,,9.90,9.9000,true,1,246993
7290004130916,false,יוגורט יופלה פירות יער בשמנת 3% 150 גרם,תנובה מרכז שיתופי לש,IL,יופלה פירות יער 3% 1,מיליליטרים,150.00,"100 מ""ל",false,,4.70,3.1333,true,1,249512
7290004131074,false,"חלב 1 ליטר 3% קרטון ""תנובה""- מוצר בפיקוח",תנובה מרכז שיתופי לש,IL,חלב 3% תנובה 1 ליטר,קילוגרמים,1.00,ליטר,false,,5.70,5.7000,true,1,246995
7290004131814,false,גבינה צפתית 5% מעודנת 200 ג' פיראוס,פארייפאבה אגרואינדוס,IL,גבינה צפתית מעודנת 5,גרמים,200.00,100 גרם,false,,13.90,6.9500,true,1,247000
7290004131845,false,גבינת לאבנה 9% שומן 750 ג' פיראוס,תנובה מרכז שיתופי לש,IL,לאבנה 9% פיראוס 750,גרמים,750.00,100 גרם,false,,20.90,2.7867,true,1,255447
7290004132552,false,משקה סויה בטעם טבעי לייט תנובה 1 ליטר,תנובה מרכז שיתופי לש,IL,משקה סויה לייט אלטרנ,קילוגרמים,1.00,ליטר,false,,9.90,9.9000,true,1,247005
7290004132712,false,חטיף אצבעות גבינת מוצרלה 20% 172 ג' עמק,תנובה מרכז שיתופי לש,IL,אצבעות גבינת מוצרלה,גרמים,172.00,100 גרם,false,,15.90,9.2442,true,1,247007
7290004134945,false,יוגורט מוקה 3% שומן 150 ג' יופלה,תנובה מרכז שיתופי לש,IL,יופלה מוקה 3% גביע 1,מיליליטרים,150.00,"100 מ""ל",false,,4.70,3.1333,true,1,270098
7290004135072,false,"מעדן חלב מיני שוקולדה 1.5% מהדרין קרלו 8*100 מ""ל",תנובה מרכז שיתופי לש,IL,מארז קרלו מיני שוקול,מיליליטרים,800.00,"100 מ""ל",false,,13.20,1.6500,true,1,247016
7290004135119,false,"מאגדת שמינייה קרלו מיני וניל בד""צ",תנובה מרכז שיתופי לש,IL,מארז קרלו מיני וניל,מיליליטרים,800.00,"100 מ""ל",false,,13.20,1.6500,true,1,247017
7290004136598,false,מארז הפסקת אוכל עם קורנפלקס ומשקה חלב עמיד בטעם וניל,פארייפאבה אגרואינדוס,IL,מארז הפסקת אוכל חלב,מיליליטרים,150.00,"100 מ""ל",false,,8.90,5.9333,true,1,249517
7290004136857,false,מעדן גלי פטל תנובה 125 גרם,תנובה מרכז שיתופי לש,IL,גלי פטל תנובה 125 גר,מיליליטרים,125.00,"100 מ""ל",false,,2.30,1.8400,true,1,247022
7290004136871,false,מעדן ג'לי בטעם אפרסק עם חתיכות תנובה 125 גרם,תנובה מרכז שיתופי לש,IL,גלי אפרסק תנובה 125,מיליליטרים,125.00,"100 מ""ל",false,,2.50,2.0000,true,1,247024
7290004150112,false,חומוס מזרחי פיקנטי פרימיום 300 גרם שמיר,"סלטי שמיר 2006 בע""\מ",,חומוס מזרחי פיקנטי 3,גרמים,300.00,100 גרם,false,,11.90,3.9667,true,1,324058
7290004150181,false,חמוצים סיני פיקנטי פרימיום 300 גרם,"סלטי שמיר 2006 בע""\מ",,חמוצים סיני פיקנטי,גרמים,300.00,100 גרם,false,,11.90,3.9667,true,1,324059
7290004193980,false,פרגיות עוף קפוא דליק,,,פרגיות עוף קפוא דליק,קילוגרמים,1.00,"ק""ג",true,,64.90,64.9000,true,1,290247
7290004220013,false,"טחון בקר 1 ק""ג קהילות",טיבון ויל אחזקות בעמ,,"בקר טחון קהילות 1 ק""",פריט,1.00,"ק""ג",false,,44.90,44.9000,true,1,256575
7290004220037,false,סטייק אנטריקוט 800 גר' עטרה,טיבון ויל אחזקות בעמ,,סטייק אנטריקוט עטרה,גרמים,800.00,100 גרם,false,,49.90,6.2375,true,1,260333
7290004220044,false,קציצות ביתיות עטרה 400גר,עטרה,,קציצות ביתיות עטרה 4,גרמים,400.00,100 גרם,false,,14.90,3.7250,true,1,261874
7290004220105,false,שניצלוני עוף 600 גרם עטרה,טיבון ויל אחזקות בעמ,,שניצלוני עוף עטרה 60,גרמים,600.00,100 גרם,false,,24.90,4.1500,true,1,306231
7290004220136,false,כבד עוף ארוז דליקטסו,נטו,,כבד עוף טרי דליקטסו,קילוגרמים,1.00,"ק""ג",true,,27.90,27.9000,true,1,265419
7290004220259,false,עוף טרי ארוז דליקטסו שקי,נטו,,עוף שלם טרי דליקטסו,קילוגרמים,1.00,"ק""ג",true,,22.90,22.9000,true,1,265410
7290004220273,false,חזה עוף טרי ארוז דליקטסו,נטו,,חזה עוף טרי דליקטסו,קילוגרמים,1.00,"ק""ג",true,,35.90,35.9000,true,1,265412
7290004220280,false,כנפיים עוף טרי דליקטסו ש,נטו,,כנפיים עוף טרי דליקט,קילוגרמים,1.00,"ק""ג",true,,13.90,13.9000,true,1,265413
7290004220297,false,שוקיים טרי ארוז דליקטסו,נטו,,שוקיים עוף טרי דליקט,קילוגרמים,1.00,"ק""ג",true,,33.90,33.9000,true,1,265414
7290004220310,false,ירכיים טרי ארוז דליקטסו,נטו,,ירכיים עוף טרי דליקט,קילוגרמים,1.00,"ק""ג",true,,30.90,30.9000,true,1,265415
7290004220327,false,שניצל עוף ארוז דליקטסו,נטו,,שניצל עוף טרי דליקטס,קילוגרמים,1.00,"ק""ג",true,,39.90,39.9000,true,1,265416
7290004220488,false,סטייק עין מיושן ברשת,עטרה,IL,סטייק עין מיושן ברשת,קילוגרמים,1.00,"ק""ג",true,,79.90,79.9000,true,1,312201
7290004220761,false,קבב כבש ביתי עטרה 50,טיבון ויל אחזקות בעמ,,קבב כבש ביתי עטרה 50,גרמים,500.00,100 גרם,false,,14.90,2.9800,true,1,261873
7290004230944,false,מקלות פילו גבינה 600 גר' שלושת האופים לנדא,שלושת האופים שגמור,IL,מקלות בורקס פילו גבי,גרמים,700.00,100 גרם,false,,16.90,2.4143,true,1,265805
7290004234218,false,ברווז טרי ארוז,"נטו מלינדה סחר בע""מ",,ברווז טרי,קילוגרמים,1.00,"ק""ג",true,,48.90,48.9000,true,1,324080
7290004244446,false,פילה סלמון ללא עור ה,"דגי בר אילן בע""מ",IL,פילה סלמון ללא עור ה,קילוגרמים,1.00,"ק""ג",true,,74.90,74.9000,true,1,322732
7290004244743,false,"מנות סלמון נורבגי בד""ץ הדייג שלי","דגי בר אילן בע""מ",,מנות פילה סלמון הדיי,קילוגרמים,1.00,"ק""ג",true,,71.90,71.9000,true,1,321237
7290004244934,false,פילה סלמון ללא עור ה,"דגי בר אילן בע""מ",IL,פילה סלמון ללא עור ה,קילוגרמים,1.00,"ק""ג",true,,64.90,64.9000,true,1,323295
7290004256883,false,פילה סלמון טרי פרימי,,,פילה סלמון טרי פרימי,קילוגרמים,1.00,"ק""ג",true,,99.90,99.9000,true,1,305777
7290004257101,false,עטרה אנטריקוט דקדק 250 ג,עטרה,IL,אנטריקוט דקדק עטרה 2,גרמים,250.00,100 גרם,false,,29.90,11.9600,true,1,303787
7290004257125,false,סינטה דק דק 250 גר' עטרה,,,סינטה דק דק עטרה 250,גרמים,250.00,100 גרם,false,,29.90,11.9600,true,1,309261
7290004257446,false,"טחון בקר 100% 1 ק""ג קהילות",טיבון ויל אחזקות בעמ,,טחון בקר 100% קהילות,פריט,1.00,"ק""ג",false,,54.90,54.9000,true,1,308331
7290004257477,false,טחון חזה עוף100% עטרה1קג,"טיבון ויל אחזקות בע""\מ",,חזה עוף טחון 100% עט,פריט,1.00,"ק""ג",false,,34.90,34.9000,true,1,308326
7290004257484,false,"טחון הודו 100% עטרה 1 ק""","טיבון ויל אחזקות בע""\מ",,טחון הודו 100% עטרה,פריט,1.00,"ק""ג",false,,34.90,34.9000,true,1,308327
7290004257491,false,"טחון בקר 100% עטרה 1 ק""ג",טיבון ויל אחזקות בעמ,,טחון בקר 100% עטרה 1,פריט,1.00,"ק""ג",false,,39.90,39.9000,true,1,308328
7290004263027,false,קבב בקר בית יוסף 500 גרם,טיבון ויל אחזקות בעמ,IL,קבב מזרחי עטרה 500 ג,גרמים,500.00,100 גרם,false,,18.90,3.7800,true,1,247051
7290004263034,false,בורגר חלק קפוא למהדרין עטרה 500 גרם,טיבון ויל אחזקות בעמ,IL,המבורגר עטרה 500 גרם,גרמים,500.00,100 גרם,false,,18.90,3.7800,true,1,247052
7290004263041,false,גולש בקר מחיר לפי משקל,עטרה,IL,גולש עגל עטרה,קילוגרמים,1.00,"ק""ג",true,,44.90,44.9000,true,1,247053
7290004263393,false,קישקע ירושלמי קפוא ארוז עטרה 500 ג',טיבון ויל אחזקות בעמ,IL,קישקע ירושלמי עטרה 5,גרמים,500.00,100 גרם,false,,12.90,2.5800,true,1,247063
7290004263485,false,בשר מספר 2 צלעות כשרות עטרה,עטרה,IL,בשר מס 2 צלעות קפוא,קילוגרמים,1.00,"ק""ג",true,,39.90,39.9000,true,1,247066
7290004263515,false,מעורב ירושלמי קפוא עטרה 800 גר',,,מעורב ירושלמי קפוא ע,גרמים,800.00,100 גרם,false,,19.90,2.4875,true,1,247067
7290004263553,false,בשר מס3' חזה קפוא ב.יוסף,עטרה,IL,בשר מס 3 חזה בקר צרכ,קילוגרמים,1.00,"ק""ג",true,,29.90,29.9000,true,1,247068
7290004263652,false,נקניקיות עוף עטרה 400 גרם,מעדני הטלה והעגל,IL,נקניקיות עוף קפוא עט,גרמים,400.00,100 גרם,false,,9.90,2.4750,true,1,247070
7290004263782,false,עצמות מח עטרה קפוא,,,עצמות מח קפוא עטרה,קילוגרמים,1.00,"ק""ג",true,,29.90,29.9000,true,1,263403
7290004263799,false,צלי כתף מס5 עטרה קפוא קג,עטרה,IL,בשר מס 5 צלי כתף קפו,קילוגרמים,1.00,"ק""ג",true,,89.90,89.9000,true,1,247072
7290004263867,false,בשר מס' 6 פילה מדומה עטרה,עטרה,IL,בשר מס 6 פילה מדומה,קילוגרמים,1.00,"ק""ג",true,,39.90,39.9000,true,1,247073
7290004263935,false,בשר בקר מכסה הצלע מספר 7 עטרה,עטרה,IL,בשר מס 7 מכסה הצלע ק,קילוגרמים,1.00,"ק""ג",true,,29.90,29.9000,true,1,247075
7290004367077,false,בקלוואה ארוז 800 גרם,,,בקלוואה 800 גרם,גרמים,800.00,100 גרם,false,,29.90,3.7375,true,1,256394
7290004460877,false,סרדינים בשמן סויה 125 ג',,CN,סרדין בשמן סויה גולד,גרמים,125.00,100 גרם,false,,2.90,2.3200,true,1,319699
7290004460884,false,סרדינים בשמן עם פלפל צ'ילי 125 ג',,CN,סרדין בשמן עם פלפל צ,גרמים,125.00,100 גרם,false,,2.90,2.3200,true,1,319700
7290004480332,false,גבינת גאודה30%משולש משקל,מחלבות גד,IL,גבינה גאודה משולשים,קילוגרמים,1.00,"ק""ג",true,,99.00,99.0000,true,1,321139
7290004537241,false,אפונת גינה שדה בשקית,בסט מייסטר,IL,אפונת גינה שדה בשקית,גרמים,800.00,100 גרם,false,,8.90,1.1125,true,1,323303
7290004544065,false,עוגיות טבעות בטעם לי,מאפיית ישראל חיפה,IL,עוגיות טבעות בטעם לי,גרמים,500.00,100 גרם,false,,11.50,2.3000,true,1,318970
7290004551926,false,אבקת פלאפל דרומה 1 ק,דרומה י.א.ט בעמ,IL,אבקת פלאפל דרומה 1 ק,פריט,1.00,"ק""ג",false,,19.90,19.9000,true,1,247157
7290004554354,false,גלידת פנטזיה שוקו וניל 1 ל' שטראוס,"גלידת שטראוס בע""\מ, רחוב",IL,גלידה פנטסיה שוקו ונ,קילוגרמים,1.10,ליטר,false,,17.50,15.9091,true,1,247158
7290004575007,false,טילון וניל וופך ושברי אגוז ריאו מארז 70X5ג',"גלידות ריאו ביח""ר לג",IL,טילוני ריאו בטעמים 5,גרמים,350.00,100 גרם,false,,14.50,4.1429,true,1,247160
7290004575069,false,גלידה מיניס חטיפים וניל ציפוי שוקו' ופצפוצי נ.חיטה ריאו מארז 32יח',"גלידות ריאו ביח""ר לג",IL,חטיפי גלידה מיניס שו,גרמים,700.00,100 גרם,false,,29.90,4.2714,true,1,247162
7290004575229,false,גלידת סנקור ריאו מארז חמישייה,"ריאו נתניה ביח""\ר לגלידה",IL,מארז קסטה סנקור 5 יח,גרמים,500.00,100 גרם,false,,18.90,3.7800,true,1,289805
7290004575335,false,ארטיק מגיק מיני וניל ציפוי שוקו' ופצפוצי נ.חיטה ריאו מארז 45X8ג'באריזה,"גלידות ריאו ביח""ר לג",IL,שלגוני מיני מגיק 8 י,גרמים,360.00,100 גרם,false,,16.90,4.6944,true,1,247167
7290004575373,false,שלגון מצופים וניל בציפוי שוקולד ריאו מארז 80X8 ג',"גלידות ריאו ביח""ר לג",IL,שלגוני ריאו מצופים ש,גרמים,480.00,100 גרם,false,,14.90,3.1042,true,1,247169
7290004575397,false,גלידה בטעמי מוקה וניל פיסטוק 1.8 ל' ריאו,"גלידות ריאו ביח""ר לג",IL,גלידה טריו 1.8 ליטר,קילוגרמים,1.80,ליטר,false,,14.90,8.2778,true,1,247170
7290004575403,false,טריו גלידת פרווה בטעמים 1.8 ליטר ריאו,"גלידות ריאו ביח""ר לג",IL,גלידה טריו 1.8 ליטר,קילוגרמים,1.80,ליטר,false,,14.90,8.2778,true,1,247171
7290004575632,false,קרמבו ריאו בטעם וניל 16יח',"גלידות ריאו ביח""ר לג",IL,קרמבו בטעם וניל ריאו,גרמים,480.00,100 גרם,false,,21.50,4.4792,true,1,247174
7290004584351,false,גבינה לבנה סימפוניה עם תוספות 200 ג' חמישית 200,"שטראוס בריאות בע""\מ",IL,גבינת שמנת 5% סימפונ,גרמים,200.00,100 גרם,false,,10.40,5.2000,true,1,247175
7290004585907,false,דני ועדן וניל 1.5% 125ג' שטראוס,מיוצר עי קונדיטוריית,IL,דני וניל 125 גרם,גרמים,125.00,100 גרם,false,,2.50,2.0000,true,1,253581
7290004603175,false,מלח הים האדום גס מלח הארץ 500 גרם,"חברת מלח הארץ אילת בע""\מ",IL,מלח גס הים האדום 500,גרמים,500.00,100 גרם,false,,7.90,1.5800,true,1,263860
7290004645069,false,דג הליבוט פרוס בלי עור ל,"ש.רוזנרס בע""מ",,הליבוט פרוס ל.עור רו,קילוגרמים,1.00,"ק""ג",true,,79.90,79.9000,true,1,289227
7290004645106,false,סלמון פילה מנות לפי משקל,,,מנות סלמון 100% רוזנ,קילוגרמים,1.00,"ק""ג",true,,94.90,94.9000,true,1,268646
7290004645137,false,טונה אלבקור קפוא (וואקום),,,פילה טונה אלבקור ללא,קילוגרמים,1.00,"ק""ג",true,,59.90,59.9000,true,1,294196
7290004645175,false,פילה טונה פרוס רוזנר,,VN,פילה טונה פרוס רוזנר,קילוגרמים,1.00,"ק""ג",true,,49.90,49.9000,true,1,307500
7290004645267,false,דג נילוס פרוס (וואקום),,,מנות נסיכת הנילוס רו,קילוגרמים,1.00,"ק""ג",true,,49.90,49.9000,true,1,268643
7290004645328,false,פילה סלמון שלם לפי משקל,,,פילה סלמון 100% רוז,קילוגרמים,1.00,"ק""ג",true,,89.90,89.9000,true,1,268645
7290004645434,false,פילה סלמון קפוא ללא עור,רוזנרס,,מנות סלמון 100% ל.עו,קילוגרמים,1.00,"ק""ג",true,,99.90,99.9000,true,1,294352
7290004645571,false,פילה נסיכת הנילוס ל.,,,פילה נסיכת הנילוס ל.,קילוגרמים,1.00,"ק""ג",true,,39.90,39.9000,true,1,320526
7290004645748,false,פילה אמנון ללא עור קהילות,רוזנרס,CN,פילה אמנון רוזנרס לל,קילוגרמים,1.00,"ק""ג",true,,19.90,19.9000,true,1,316620
7290004645861,false,פילה אמנון רוזנרס לל,,CN,פילה אמנון רוזנרס לל,קילוגרמים,1.00,"ק""ג",true,,26.90,26.9000,true,1,323684
7290004645878,false,פילה אמנון רוזנרס לל,,CN,פילה אמנון רוזנרס לל,קילוגרמים,1.00,"ק""ג",true,,19.90,19.9000,true,1,323389
7290004652517,false,פילה בורי טרי אושר פ,,,פילה בורי טרי אושר פ,גרמים,400.00,100 גרם,false,,49.90,12.4750,true,1,316124
7290004652524,false,פילה אמנון טרי אושר,,,פילה אמנון טרי אושר,גרמים,400.00,100 גרם,false,,39.90,9.9750,true,1,316125
7290004652531,false,פילה דניס טרי אושר פ,,,פילה דניס טרי אושר פ,גרמים,400.00,100 גרם,false,,59.90,14.9750,true,1,316126
7290004652555,false,פורל נקי טרי אושר פי,,,פורל נקי טרי אושר פי,גרמים,400.00,100 גרם,false,,39.90,9.9750,true,1,316129
7290004652579,false,פילה אדמונית טרי אוש,,,פילה אדמונית טרי אוש,גרמים,400.00,100 גרם,false,,39.90,9.9750,true,1,316127
7290004652593,false,אמנון שלם טרי אושר פ,,,אמנון שלם טרי אושר פ,גרמים,400.00,100 גרם,false,,19.90,4.9750,true,1,316131
7290004652609,false,קרפיון פרוס טרי אושר,,,קרפיון פרוס טרי אושר,גרמים,750.00,100 גרם,false,,39.90,5.3200,true,1,316132
7290004652616,false,דניס שלם טרי אושר פי,,,דניס שלם טרי אושר פי,גרמים,450.00,100 גרם,false,,39.90,8.8667,true,1,316133
7290004652623,false,פילה ברמונדי טרי אוש,,,פילה ברמונדי טרי אוש,גרמים,400.00,100 גרם,false,,59.90,14.9750,true,1,317579
7290004685010,false,לחם 100% שיפון פלוס לחם הארץ 500 גר',מאפית י את א ברמן בע,IL,לחם שיפון קל לחם האר,גרמים,500.00,100 גרם,false,,15.90,3.1800,true,1,256585
7290004685089,false,לחם הארץ לחם חמניות 500 גר',מאפית י את א ברמן בע,IL,לחם חמניות לחם הארץ,גרמים,500.00,100 גרם,false,,15.90,3.1800,true,1,256587
7290004685126,false,לחם פומפרניקל לחם הארץ 750 גרם,מאפית י את א ברמן בע,IL,לחם 5 דגנים לחם הארץ,גרמים,750.00,100 גרם,false,,15.90,2.1200,true,1,247194
7290004685157,false,לחם שיפון 100% 750 גרם לחם הארץ,מאפית י את א ברמן בע,IL,לחם שיפון לחם הארץ 7,גרמים,750.00,100 גרם,false,,15.90,2.1200,true,1,247196
7290004685195,false,לחם 10 דגנים לחם הארץ 750 גרם,מאפית י את א ברמן בע,IL,לחם 10 דגנים לחם האר,גרמים,750.00,100 גרם,false,,15.90,2.1200,true,1,250147
7290004685225,false,לחם הארץ שיפון פומפרניקל 750 גרם,מאפית י את א ברמן בע,IL,לחם פומפרניקל לחם הא,גרמים,750.00,100 גרם,false,,15.90,2.1200,true,1,247198
7290004685430,false,לחם הארץ כוסמין 100% 500 גרם,מאפית י את א ברמן בע,IL,לחם כוסמין לחם הארץ,גרמים,500.00,100 גרם,false,,15.90,3.1800,true,1,296130
7290004685447,false,לחמניות כוסמין 6 בשקית 450 גרם,מאפית ברמן מקבוצת י. את,IL,לחמניות כוסמין לחם ה,גרמים,450.00,100 גרם,false,,13.90,3.0889,true,1,308128
7290004685454,false,לחם שיבולת שועל 500 גר'.,מאפית י את א ברמן בע,IL,לחם שיבולת שועל לחם,גרמים,500.00,100 גרם,false,,12.90,2.5800,true,1,312534
7290004731076,false,אל סבון נוזלי עם אלוורה כיף 1 ליטר,טרופיקל דגיל תעשיות,IL,אלסבון כיף אלוורה 1,קילוגרמים,1.00,ליטר,false,,9.90,9.9000,true,1,271954
7290004731083,false,"סבון נוזלי לידיים ג'נסינג ""כיף""",טרופיקל דגיל תעשיות,IL,אלסבון כיף גינסנג 1,קילוגרמים,1.00,ליטר,false,,9.90,9.9000,true,1,271955
7290004731472,false,"אל סבון צבעוני כיף שלישיה* 500 מ""ל",טרופיקל דגיל תעשיות,IL,אל סבון כיף מעורב 3*,קילוגרמים,1.50,ליטר,false,,16.90,11.2667,true,1,266615
7290004731557,false,"מקסימה תרסיס מרכך ומבשם כביסה במייבש מאסק סנו 750 מ""ל",סנו מקסימה,IL,תרסיס מקסימה למייבש,מיליליטרים,750.00,"100 מ""ל",false,,16.90,2.2533,true,1,247206
7290004731564,false,"מקסימה מבשם ומרכך למייבש הכביסה בלו בלוסום 750 מ""ל",סנו מקסימה,IL,תרסיס מקסימה למייבש,מיליליטרים,750.00,"100 מ""ל",false,,16.90,2.2533,true,1,298970
7290004731670,false,"מטהר אוויר דואופרש פצ'ולי לבנדר סנו 300 מ""ל","סנו מפעלי ברונוס בע""\מ",IL,מטהר סנו דאופרש לבנד,מיליליטרים,300.00,"100 מ""ל",false,,10.70,3.5667,true,1,247208
7290004731687,false,"מטהר אויר בניחוח וניל ולמון גראס סנו 300 מ""ל",סנו מפעלי ברונוס בעמ,IL,מטהר סנו דאופרש וניל,מיליליטרים,300.00,"100 מ""ל",false,,10.70,3.5667,true,1,247209
7290004737719,false,אספרגוס שלם מקולף בצנצנת ויליפוד 330 גרם,קריות זול,CN,אספרגוס שלם ויליפוד,גרמים,330.00,100 גרם,false,,8.90,2.6970,true,1,247212
7290004758028,false,אנטריקוט פרימיום דק,,,אנטריקוט פרימיום דק,קילוגרמים,1.00,"ק""ג",true,,149.90,149.9000,true,1,305672
7290004758172,false,בריסקט טרי עטרה,,,בריסקט טרי עטרה,קילוגרמים,1.00,"ק""ג",true,,69.90,69.9000,true,1,309579
7290004944032,false,חומוס אמיתי אסלי שמיר 400 גרם,"סלטי שמיר 2006 בע""מ",IL,חומוס אסלי 400 גרם,גרמים,400.00,100 גרם,false,,10.90,2.7250,true,1,251106
7290004944049,false,טחינה אסלי שמיר 400 גרם,"סלטי שמיר 2006 בע""מ",IL,טחינה אסלי 400 גרם,גרמים,400.00,100 גרם,false,,10.90,2.7250,true,1,251109
7290004944056,false,סדרת האסלי חציל במיונז שמיר 400 גרם,"סלטי שמיר 2006 בע""מ",IL,חציל במיונז אסלי 400,גרמים,400.00,100 גרם,false,,10.90,2.7250,true,1,251107
7290004944063,false,סלט תורכי אסלי שמיר 400 ג',"סלטי שמיר 2006 בע""מ",IL,סלט טורקי אסלי 400 ג,גרמים,400.00,100 גרם,false,,10.90,2.7250,true,1,251110
7290005008481,false,ספיד סטיק - דאודורנט ג'ל לגבר ספורט 85 גרם,הנסיך- מפעל לייצור ט,BY,דאו גל ספיד סטיק ספו,Unknown,0.00,יחידה,false,,18.90,0.0000,true,1,259493
7290005011405,false,עמבה עם פרי 500 גרם,תבליני שמש בעמ,IL,עמבה עם פרי 500 גרם,גרמים,500.00,100 גרם,false,,8.90,1.7800,true,1,247302
7290005017483,false,שיפודי פרגית מתובל ק,נתח אדום,IL,שיפודי פרגית מתובל ק,גרמים,600.00,100 גרם,false,,49.90,8.3167,true,1,313297
7290005017889,false,קציצות ריב אנטריקוט,נתח אדום,IL,קציצות ריב אנטריקוט,גרמים,600.00,100 גרם,false,,29.90,4.9833,true,1,313300
7290005017902,false,נקניקיות מרגז פרימיום,נתח אדום,IL,נקניקיות מרגז פרימיו,גרמים,600.00,100 גרם,false,,29.90,4.9833,true,1,313301
7290005017919,false,המבורגר אנטריקוט XL 600,נתח אדום,IL,המבורגר אנטריקוט XL,גרמים,600.00,100 גרם,false,,29.90,4.9833,true,1,313302
7290005017926,false,המבורגר טלה XL 600 גרם,נתח אדום,IL,המבורגר טלה XL פרימ,גרמים,600.00,100 גרם,false,,29.90,4.9833,true,1,313303
7290005017933,false,טחול ממולא ביתי 400 גרם,נתח אדום,IL,טחול ממולא נתח אדום,גרמים,400.00,100 גרם,false,,39.90,9.9750,true,1,313296
7290005017940,false,נקניקיות מרגז כבד 600 גר,נתח אדום,IL,נקניקיות מרגז כבד פר,גרמים,600.00,100 גרם,false,,29.90,4.9833,true,1,313304
7290005017957,false,קבב בקר פרימיום 600 גרם,נתח אדום,IL,קבב בקר פרימיום בית,גרמים,600.00,100 גרם,false,,29.90,4.9833,true,1,313305
7290005017964,false,קבב טלה פרימיום 600 גרם,נתח אדום,IL,קבב טלה פרימיום בית,גרמים,600.00,100 גרם,false,,29.90,4.9833,true,1,313309
7290005017971,false,קבב עירקי פרימיום 600 גר,א.ג.ש מלכה,IL,קבב עיראקי פרימיום ב,גרמים,600.00,100 גרם,false,,29.90,4.9833,true,1,313306
7290005017988,false,נקניקיות צ'וריסוס 600 גר,נתח אדום,IL,נקניקיות צ'וריסוס פר,גרמים,600.00,100 גרם,false,,29.90,4.9833,true,1,313307
7290005168284,false,"יין גן עדן יקבי ציון 750 מ""ל",יקבי ציון,IL,יין גן עדן עתיק,מיליליטרים,750.00,"100 מ""ל",false,,19.90,2.6533,true,1,247315
7290005168420,false,מיץ ענבים בית סבא יקבי ציון 1 ליטר,יקבי ציון,IL,מיץ ענבים אדום בית ס,קילוגרמים,1.00,ליטר,false,,16.90,16.9000,true,1,272107
7290005168475,false,מיץ ענבים מובחר אדום 100% טבעי 1 ליטר,יקבי ציון,IL,מיץ ענבים תירוש אדום,קילוגרמים,1.00,ליטר,false,,16.90,16.9000,true,1,311579
7290005174513,false,סלט חצילים במיונז אחלה 500 גרם,מיוצר עי קונדיטוריית,IL,חציל במיונז אחלה 500,גרמים,500.00,100 גרם,false,,14.90,2.9800,true,1,249571
7290005200786,false,תפוצ'יפס בטעם שמנת בצל עלית 50 גרם,"שטראוס פריטו ליי בע""\מ )",IL,תפוציפס שמנת בצל 50,גרמים,50.00,100 גרם,false,,3.50,7.0000,true,1,251334
7290005287510,false,"סטארקיסט טונה בשמן עם פלפל חריף 160 גרם בד""צ","סטארקיסט פודור בע""מ",IL,טונה בשמן פלפל חריף,גרמים,160.00,100 גרם,false,,6.90,4.3125,true,1,260417
7290005287527,false,"סטארקיסט טונה בשמן עם לימון 160 גרם בד""צ","סטארקיסט פודור בע""מ",IL,טונה בשמן לימון ס.ק,גרמים,160.00,100 גרם,false,,6.90,4.3125,true,1,260418
7290005287534,false,"סטארקיסט טונה בשמן עישון טבעי 160 גרם בד""צ",תאי יוניון גרופ,IL,טונה בשמן עישון טבעי,גרמים,160.00,100 גרם,false,,6.90,4.3125,true,1,260416
7290005317125,false,ביסקוויט חצי מצופה 175 גרם,אפיפית נצרת תעשיות ב,IL,ביסקויט חצי מצופה בט,גרמים,175.00,100 גרם,false,,5.50,3.1429,true,1,272160
7290005358739,false,בשר ראש קפוא איגוד האברכים,פריגוצאקו,,בשר ראש קפוא חלק,קילוגרמים,1.00,"ק""ג",true,,69.90,69.9000,true,1,309131
7290005358753,false,לשון בקר קפוא חלק קג,נטו,,לשון בקר קפוא חלק,קילוגרמים,1.00,"ק""ג",true,,44.90,44.9000,true,1,308191
7290005358883,false,בשר שריר קפוא איגוד האברכים,טאק טורו,,בשר מס 8 שריר קפוא ח,קילוגרמים,1.00,"ק""ג",true,,34.90,34.9000,true,1,305096
7290005416033,false,מחלבת טל יוגורט עיזים טבעי 3% 500מל,"ל.ד בר אל בע""מ",IL,משקה יוגורט עיזים טל,מיליליטרים,500.00,"100 מ""ל",false,,14.80,2.9600,true,1,251587
7290005416262,false,מחלבת טל יוגורט עיזים בטעם תות 500מל,"ל.ד בר אל בע""מ",IL,משקה יוגורט עיזים תו,גרמים,200.00,100 גרם,false,,14.80,7.4000,true,1,251589
7290005416286,false,יוגורט עיזים ביו עם אננס 3.5%,"ל.ד בר אל בע""מ",IL,משקה יוגורט עיזים אנ,מיליליטרים,500.00,"100 מ""ל",false,,14.80,2.9600,true,1,251590
7290005416293,false,מחלבת טל יוגורט עיזים בטעם אפרסק 500מל,"ל.ד בר אל בע""מ",IL,משקה יוגורט עיזים מש,גרמים,200.00,100 גרם,false,,14.80,7.4000,true,1,251591
7290005416491,false,משקה יוגורט עיזים טל,מחלבת טל טלה,IL,משקה יוגורט עיזים טל,גרמים,750.00,100 גרם,false,,19.90,2.6533,true,1,269606
7290005418709,false,"נטורל קרם לחות לקיבוע תלתלים גלי 400 מ""ל","אמיליה קוסמטיקס בע""מ",IL,קרם לחות נטורל לשיער,מיליליטרים,400.00,"100 מ""ל",false,,20.70,5.1750,true,1,247369
7290005418716,false,"קרם לחות לבניית תלתלים עגולים נטורל פורמולה 400 מ""ל",מיוצר עי אמיליה קוסמ,IL,קרם לחות נטורל לשיער,מיליליטרים,400.00,"100 מ""ל",false,,20.70,5.1750,true,1,247370
7290005423055,false,סנו פורטה פלוס מתז בניחות לימון 1 ל',"סנו מפעלי ברונוס בע""\מ",IL,תרסיס פורטה פלוס לימ,קילוגרמים,1.00,ליטר,false,,16.90,16.9000,true,1,304886
7290005423253,false,"סנו - מקסימה מרסס למייבש כביסה אולטרה פרש 750 מ""ל","סנו מפעלי ברונוס בע""\מ",IL,תרסיס מקסימה למייבש,מיליליטרים,750.00,"100 מ""ל",false,,16.90,2.2533,true,1,247371
7290005423567,false,מטליות ניקוי רב שימושיות בגליל סנו סושי 40 יחידות,אסותא תעשיות אלבד בע,IL,מטליות לניקוי כללי ב,Unknown,0.00,יחידה,false,,18.90,0.0000,true,1,247379
7290005423734,false,מרכך כביסה מרוכז אולטרא פרש סנו מקסימה 4 ליטר,"סנו מפעלי ברונוס בע""\מ",IL,מרכך מקסימה אולטרא פ,קילוגרמים,4.00,ליטר,false,,21.50,5.3750,true,1,247380
7290005423871,false,שלישיית משחת שיניים מנטול אורביטול 145 גרם,טרופיקל דגיל תעשיות קוסמ,IL,משחת אורביטול פלואור,גרמים,435.00,100 גרם,false,,16.50,3.7931,true,1,247382
7290005423918,false,סנו - מקסימה מרכך כביסה היפואלרגני אלוורה 4 ליטר,"סנו מפעלי ברונוס בע""\מ",IL,מרכך מקסימה בייבי אל,קילוגרמים,4.00,ליטר,false,,21.50,5.3750,true,1,247383
7290005424472,false,אורביטול מי פה להלבנת שיניים 1 ל',אורביטול,IL,מי פה אורביטול הלבנה,קילוגרמים,1.00,ליטר,false,,26.90,26.9000,true,1,295315
7290005424700,false,סנו - פורטה פלוס מרסס מסיר שומנים 1 ליטר,"סנו מפעלי ברונוס בע""\מ",IL,תרסיס פורטה פלוס מסי,קילוגרמים,1.00,ליטר,false,,16.90,16.9000,true,1,302492
7290005424991,false,סנו פרש אוטומטיק בהתזה קצובה ניחוח בייבי פאודר,סנו מפעלי ברונוס בעמ,IL,מבשם אויר סנו פרש או,מיליליטרים,250.00,"100 מ""ל",false,,12.90,5.1600,true,1,309074
7290005425073,false,"מטהר אויר בניחוח יסמין ועץ סאנדלווד סנו 300 מ""ל","סנו מפעלי ברונוס בע""\מ",IL,מטהר סנו דאופרש יסמי,גרמים,300.00,100 גרם,false,,10.70,3.5667,true,1,247398
7290005425110,false,"חיטוי משטחים 99.9% מתז מחטא ומשמיד 750 מ""ל","סנו מפעלי ברונוס בע""\מ",IL,תרסיס סנו 99.9 חיטוי,מיליליטרים,750.00,"100 מ""ל",false,,14.90,1.9867,true,1,305535
7290005425127,false,"חיטוי משטחים 99.9% מתז לשומנים ואבנית 750 מ""ל","סנו מפעלי ברונוס בע""\מ",IL,תרסיס סנו 99.9 חיטוי,מיליליטרים,750.00,"100 מ""ל",false,,14.90,1.9867,true,1,305536
7290005425646,false,קליר נוזל לניקוי חלונות רב תכליתי סנו 1 ליטר,"סנו מפעלי ברונוס בע""\מ",IL,תרסיס סנוקליר 1 ליטר,קילוגרמים,1.00,ליטר,false,,9.90,9.9000,true,1,247403
7290005425912,false,אוקסיג'ן ג'ל להסרת כתמים עם חמצן פעיל סנו 4 ליטר,סנו אוקסיג'ן,IL,גל אוקסיגן 4 ליטר,קילוגרמים,4.00,ליטר,false,,29.90,7.4750,true,1,247405
7290005426018,false,אל סבון בייבי כיף 2 ליטר,קוסמופארם בע'\'\מ,IL,אל סבון בייבי כיף 2,קילוגרמים,2.00,ליטר,false,,24.90,12.4500,true,1,247406
7290005426193,false,ספוגית הפלא סנו סושי 6 יחידות,טרופיקל דגיל תעשיות,IL,ספוג הפלא סנו סושי 6,Unknown,0.00,יחידה,false,,9.90,0.0000,true,1,247408
7290005426230,false,מטלית הפלא לרצפה מיקרופייבר סנו 1יח',סנו סושי,IL,מטלית רצפה מיקרופייב,Unknown,0.00,יחידה,false,,11.70,0.0000,true,1,247409
7290005426568,false,"קרמה - קרם לחות לשיער רגיל 400 מ""ל",טרופיקל דגיל תעשיות,IL,קרם לחות קרמה לשיער,מיליליטרים,400.00,"100 מ""ל",false,,16.90,4.2250,true,1,247413
7290005426575,false,"קרמה לחות לשיער יבש ללא שטיפה 400 מ""ל",טרופיקל דגיל תעשיות,IL,קרם לחות קרמה לשיער,מיליליטרים,400.00,"100 מ""ל",false,,16.90,4.2250,true,1,247414
7290005426803,false,מקסימה מרכך כביסה פצ'ולי לבנדר סגול סנו 4 ליטר,סנו מקסימה,,מ.כביסה מקסימה פצולי,קילוגרמים,4.00,ליטר,false,,21.50,5.3750,true,1,247418
7290005426940,false,"סנו K-300 מדביר חרקים 475 מ""ל",טרופיקל דגיל תעשיות,IL,קוטל K300 פלוס 8 סנו,מיליליטרים,400.00,"100 מ""ל",false,,19.90,4.9750,true,1,247422
7290005426971,false,סנובון סבון לאסלה תפוח כחול סנו 3 יחידות,סנו מפעלי ברונו בעמ,IL,סנובון כחול תפוח 3 י,גרמים,165.00,100 גרם,false,,14.90,9.0303,true,1,247424
7290005427633,false,"כיף גל לשיער לשיער חזק במיוחד 1 ק""ג",קוסמופארם,IL,גל כיף לעיצוב שיער 1,פריט,1.00,"ק""ג",false,,19.90,19.9000,true,1,247443
7290005427732,false,אל סבון נוזלי בניחוח קמומיל כיף 2 ליטר,קוסמופארם,IL,אלסבון כיף קמומיל 2,קילוגרמים,2.00,ליטר,false,,13.90,6.9500,true,1,247445
7290005427749,false,אל סבון נוזלי בניחוח אצות ים עם לחות כיף 2 ליטר,טרופיקל דגיל תעשיות,IL,אלסבון כיף אצות ים 2,קילוגרמים,2.00,ליטר,false,,13.90,6.9500,true,1,247446
7290005427763,false,אל סבון נוזלי בניחוח גינסינג כיף 2 ליטר,קוסמופארם,IL,אלסבון כיף גינסינג 2,קילוגרמים,2.00,ליטר,false,,13.90,6.9500,true,1,247447
7290005427770,false,"קרמה - קרם לחות לשיער לגבר 400 מ""ל",טרופיקל דגיל תעשיות,IL,קרם לחות קרמה לשיער,מיליליטרים,400.00,"100 מ""ל",false,,16.90,4.2250,true,1,247448
7290005427848,false,מטליות ניקוי רב שימושיות בגליל סנו סושי 40 יחידות,קריות זול,IL,מטליות לניקוי כללי ב,Unknown,0.00,יחידה,false,,18.90,0.0000,true,1,247450
7290005429279,false,סנו מקסימה קומפקט קומפקט אפקט גאוול 6 ק,סנו מפעלי ברונוס בעמ,IL,אבקת מקסימה גאוול 6,פריט,6.00,"ק""ג",false,,44.90,7.4833,true,1,247472
7290005429286,false,"אבקת כביסה ביו סנו מקסימה 6 ק""ג",סנו מקסימה,IL,"אבקת מקסימה ביו 6 ק""",פריט,6.00,"ק""ג",false,,44.90,7.4833,true,1,247473
7290005430602,false,"סנו אוקסיג'ן ספריי להסרת כתמים עם חמצן פעיל 750 מ""ל","סנו מפעלי ברונוס בע""",IL,"תרסיס אוקסיגן 750 מ""",מיליליטרים,750.00,"100 מ""ל",false,,17.70,2.3600,true,1,247476
7290005437069,false,"שמן זית למאור בד""ץ טעמן 1 ליטר",מוצרי יסוד - טעמן,,שמן זית למאור טעמן 1,קילוגרמים,1.00,ליטר,false,,19.90,19.9000,true,1,247488
7290005437168,false,שמן זית זך קבר רחל טעמן 1 ליטר,מוצרי יסוד - טעמן,ES,שמן זית זך טעמן 1 לי,קילוגרמים,1.00,ליטר,false,,37.90,37.9000,true,1,262141
7290005437502,false,פטריות שמפיניון חתוכות 400 גר' טעמן,מוצרי יסוד - טעמן,NL,פטריות חתוכות טעמן 4,גרמים,400.00,100 גרם,false,,4.90,1.2250,true,1,247490
7290005437755,false,פסטה בילאגיו צינורות 500 גרם טעמן,מוצרי יסוד - טעמן,TR,פסטה צינורות טעמן 50,גרמים,500.00,100 גרם,false,,3.90,0.7800,true,1,247493
7290005437762,false,פסטה בילאג'יו ספירלה 500גר' טעמן,מוצרי יסוד - טעמן,TR,פסטה ספירלה טעמן 500,גרמים,500.00,100 גרם,false,,3.90,0.7800,true,1,247494
7290005437809,false,חתיכות אננס חתבמיץ טבעי 825 גרם טעמן,פ.ת גרייט פנאפל,ID,לפתן אננס חתוך טעמן,גרמים,825.00,100 גרם,false,,9.90,1.2000,true,1,247496
7290005437830,false,פרוסות אננס במיץ טבעי טעמן 825 גרם,פ.ת גרייט פנאפל,ID,לפתן אננס פרוס טעמן,גרמים,825.00,100 גרם,false,,9.90,1.2000,true,1,247498
7290005437861,false,קוקטייל פירות טרופיים בסירופ קל טעמן 825 גרם,פ.ת גרייט פנאפל,ID,לפתן קוקטייל טעמן 90,גרמים,900.00,100 גרם,false,,11.90,1.3222,true,1,247499
7290005559990,false,בצק פילאס תורכי מעדנות 600 גרם,מיוצר עי קונדיטוריית,IL,בצק פילאס תורכי מעדנ,גרמים,600.00,100 גרם,false,,19.90,3.3167,true,1,247519
7290005576010,false,חסה גלאט עלים - יח',רביבים,IL,חסה ערבית גלאט,Unknown,0.00,יחידה,false,,7.90,0.0000,true,1,247523
7290005576027,false,פטרוזיליה גלאט עלים - יח,רביבים,IL,פטרוזיליה מהדרין,Unknown,0.00,יחידה,false,,6.90,0.0000,true,1,247524
7290005576034,false,כוסברה גלאט עלים - יח',רביבים,IL,כוסברה מהדרין,Unknown,0.00,יחידה,false,,6.90,0.0000,true,1,247525
7290005576041,false,שמיר גלאט יחידה,ביכורי השקמה,IL,שמיר מהדרין,Unknown,0.00,יחידה,false,,6.90,0.0000,true,1,247526
7290005576065,false,סלרי גלאט יחידה,רביבים,IL,סלרי מהדרין,Unknown,0.00,יחידה,false,,7.90,0.0000,true,1,247528
7290005576072,false,סלק עלים גלאט עלים,רביבים,IL,עלי סלק מהדרין,Unknown,0.00,יחידה,false,,7.40,0.0000,true,1,247529
7290005576096,false,כרוב לבן שלם גלאט עלים,רביבים,IL,כרוב לבן גלאט עלים,קילוגרמים,1.00,"ק""ג",true,,14.90,14.9000,true,1,247531
7290005576171,false,כרוב סגול שלם גלאט עלים,רביבים,IL,כרוב אדום גלאט עלים,קילוגרמים,1.00,"ק""ג",true,,15.60,15.6000,true,1,247535
7290005678059,false,ענבים לבנים ענבי טלי,,IL,ענבים ירוקים ענבי טל,קילוגרמים,1.00,"ק""ג",true,,19.90,19.9000,true,1,323480
7290005678318,false,ענב לבן אוטם קריספ טלי,אראל תוצרת חקלאית בע,IL,ענבי בוטיק אוטום קרי,קילוגרמים,1.00,"ק""ג",true,,24.90,24.9000,true,1,318625
7290005678653,false,ענבים שחורים-ענבי טל,אראל תוצרת חקלאית בע,IL,ענבים צבעוניים ענבי,קילוגרמים,1.00,"ק""ג",true,,9.90,9.9000,true,1,323559
7290005680052,false,טמפונים סופר פלוס אובה 32 יחידות,גונסון אנד גונסון,IT,טמפונים אובה פרוקומפ,Unknown,0.00,יחידה,false,,19.90,0.0000,true,1,254885
7290005816017,false,"פילה סלומון קפוא בד""ץ לפ",סלטן,,פילה סלמון קפוא צ'יר,קילוגרמים,1.00,"ק""ג",true,,64.90,64.9000,true,1,322174
7290005816505,false,אמנון עם פס עור לפי משקל,,,פילה אמנון צ'ירינה ל,קילוגרמים,1.00,"ק""ג",true,,24.90,24.9000,true,1,321382
7290005838002,false,מעדן גבינה ויוגורט בטעם וניל 88 ג' דניאלה,"שטראוס בריאות בע""מ",IL,דניאלה וניל 88 גרם,Unknown,0.00,יחידה,false,,3.90,0.0000,true,1,247587
7290005838613,false,"סקי וניל בודד 125 גרם ""שטראוס""","שטראוס בריאות בע""\מ",IL,מעדן גבינה בטעם וניל,גרמים,125.00,100 גרם,false,,3.70,2.9600,true,1,258850
7290005839078,false,שמיניית יוגורט לבן 3% ביו דנונה 150 גרם,מיוצר עי קונדיטוריית,IL,מארז יוגורט פרוביוטי,קילוגרמים,1.20,ליטר,false,,15.90,13.2500,true,1,247588
7290005839108,false,גבינה לבנה סימפוניה עם תוספות 200 ג'+זיתים 5%,"שטראוס בריאות בע""\מ",IL,גבינת שמנת זיתים 5%,גרמים,200.00,100 גרם,false,,10.40,5.2000,true,1,247589
7290005877308,false,כנפיים עוף טרי עוף ג,,,כנפיים עוף טרי כשר,קילוגרמים,1.00,"ק""ג",true,,10.90,10.9000,true,1,318502
7290005896439,false,"בירה מכבי, בקבוק חוזר 500 מ''ל","טמפו משקאות בע""מ",IL,בירה מכבי ב.חוזר 5%,מיליליטרים,500.00,"100 מ""ל",false,,6.90,1.3800,true,1,259583
7290006065049,false,בלו פיש פילה באס יפני 5-7 (לברק),,IL,פילה לברק הדייג שלי,קילוגרמים,1.00,"ק""ג",true,,42.90,42.9000,true,1,323613
7290006199027,false,מאגדת גלידל וניל מצופה סורבה תות שדה [8],הגלידות של פלדמן,IL,מאגדת גלידל שלגון ב,גרמים,400.00,100 גרם,false,,28.90,7.2250,true,1,324584
7290006199942,false,"שמיניית גלידל פרי דובדבן ""פלדמן""",הגלידות של פלדמן,IL,מאגדת גלידל פרי דובד,גרמים,640.00,100 גרם,false,,21.90,3.4219,true,1,312052
7290006214003,false,חלבה ממולאת א.חלב נכ,אל מנאר,JO,חלוה ממולאת במשקל,קילוגרמים,1.00,"ק""ג",true,,59.00,59.0000,true,1,307095
7290006222503,false,בונדוק מצופה בטעמים,דין שיווק,TR,בונדוק מצופה בטעמים,קילוגרמים,1.00,"ק""ג",true,,99.00,99.0000,true,1,309805
7290006241511,false,"משקה לימונענע מרוכז קפוא פריגת 280 מ""ל",היינץ צפון אמריקה מק,IL,תרכיז לימונענע קפוא,גרמים,340.00,100 גרם,false,,11.90,3.5000,true,1,252185
7290006241535,false,"משקה מנגו קפוא פריגת 340 מ""ל",היינץ צפון אמריקה מק,IL,תרכיז מנגו קפוא פריג,גרמים,350.00,100 גרם,false,,11.90,3.4000,true,1,252184
7290006251275,false,תה ירוק סיני קלאסי ויסוצקי 25 יחידות,תה ויסוצקי,IL,תה ירוק סיני 25 שקיק,גרמים,38.00,100 גרם,false,,22.90,60.2632,true,1,255304
7290006251343,false,חליטת פסיפלורה מנגו הגן הקסום ויסוצקי 25 יחידות,תה ויסוצקי,IL,תה פסיפלורה מנגו הגן,גרמים,63.00,100 גרם,false,,17.50,27.7778,true,1,247669
7290006251374,false,תה ירוק לימונית וג'ינג'ר ויסוצקי 25 יחידות,תה ויסוצקי,IL,תה ירוק לימונית וגינ,גרמים,38.00,100 גרם,false,,22.90,60.2632,true,1,255305
7290006251589,false,תה ירוק עם עלי נענע 50 שקיקים ויסוצקי,בית ויסוצקי,IL,תה ירוק נענע 50 שקיק,גרמים,75.00,100 גרם,false,,41.90,55.8667,true,1,247670
7290006265500,false,פטריות שמפיניון ארוז מרינה,"מרינה פטריות הגליל בע""מ",IL,פטריות שמפיניון ארוז,Unknown,0.00,יחידה,false,,8.90,0.0000,true,1,256284
7290006265548,false,נבטים סינים מרינה ארוז 360ג',"מרינה פטריות הגליל בע""מ",IL,נבטים סינים יח,Unknown,0.00,יחידה,false,,5.00,0.0000,true,1,258949
7290006265890,false,נבטי גרעיני חמניה יח,"מרינה פטריות הגליל בע""מ",IL,נבטי חמניה יח,Unknown,0.00,יחידה,false,,8.90,0.0000,true,1,258951
7290006271648,false,מיני בורקס תפוחי אדמה מעדנות 800 גרם,"מעדנות בע""\מ",IL,מיני בורקס תפוא מעדנ,גרמים,800.00,100 גרם,false,,19.90,2.4875,true,1,252738
7290006271655,false,מיני בורקס גבינה מעדנות 800 גרם,מיוצר עי קונדיטוריית,IL,מיני בורקס גבינה מעד,גרמים,800.00,100 גרם,false,,19.90,2.4875,true,1,252737
7290006299048,false,יין ג'וזף רזרב 2019,יקב ג'ודואה,IL,יין ג'וזף רזרב 2019,מיליליטרים,750.00,"100 מ""ל",false,,109.90,14.6533,true,1,313853
7290006306296,false,רביולי במילוי גבינה לילדים 400 ג' פסטה נונה,דורום תעשיות מזון ופסטה,IL,רביולי גבינה נונה 40,גרמים,400.00,100 גרם,false,,18.90,4.7250,true,1,254436
7290006306302,false,רביולי במילוי גבינות פרמזן ריקוטה 400 ג' פסטה נונה,דורום תעשיות מזון ופסטה,IL,רביולי פרמזן וריקוטה,גרמים,400.00,100 גרם,false,,18.90,4.7250,true,1,247679
7290006306319,false,רביולי במילוי בטטה 400 ג' פסטה נונה,דורום תעשיות מזון ופסטה,IL,רביולי בטטה נונה 400,גרמים,400.00,100 גרם,false,,18.90,4.7250,true,1,247680
7290006306326,false,רביולי במילוי פטריות וגבינת פרמזן פסטה נונה 400 ג',דורום תעשיות מזון ופסטה,IL,רביולי פטריות ופרמזן,גרמים,400.00,100 גרם,false,,18.90,4.7250,true,1,247681
7290006306357,false,רביולי במילוי גבינת עיזים 400 ג' פסטה נונה,דורום תעשיות מזון ופסטה,IL,רביולי גבינת עיזים נ,גרמים,400.00,100 גרם,false,,18.90,4.7250,true,1,247684
7290006342072,false,גרעין לבן ששון הקולה 200 גרם,"דין שיווק וקלייה בע""",IL,גרעין לבן 200 גרם יח,גרמים,200.00,100 גרם,false,,6.50,3.2500,true,1,249304
7290006342645,false,טורטיה גדולה שקדיה 840 גרם 12 יחידות,אלקטי קוראבייכיסיגיד,TR,טורטיות 12*70 גרם,מיליליטרים,840.00,"100 מ""ל",false,,14.90,1.7738,true,1,258557
7290006374660,false,שמן זית כתית לתיבול קלאסי יד מרדכי 1 ליטר,מכוורת יד מרדכי שטראוס ב,IL,שמן זית קלאסי יד מרד,קילוגרמים,1.00,ליטר,false,,39.90,39.9000,true,1,272520
7290006374738,false,קונפיטורית תות 340 גר' יד מרדכי,אף.סי תבליני בגליל ב,IL,קונפיטורה תות יד מרד,גרמים,340.00,100 גרם,false,,12.90,3.7941,true,1,272522
7290006429506,false,חצאי אפרסקים 820 גרם טעמן,טעמן,,לפתן אפרסק טעמן 820,גרמים,820.00,100 גרם,false,,9.70,1.1829,true,1,247704
7290006439451,false,בארי גולדן אורז בסמט,צימאן לאל סאטיה-דלהי,IN,אורז בסמטי שוקחה 5 ק,פריט,5.00,"ק""ג",false,,39.90,7.9800,true,1,298807
7290006449955,false,מלפפון בייבי מארז,"מרינה פטריות הגליל בע""מ",IL,מלפפון בייבי מארז,Unknown,0.00,יחידה,false,,8.90,0.0000,true,1,266795
7290006492432,false,גבינת מוצרלה בייבי 18% גד 150 גרם,מחלבות גד בעמ,IL,גבינת מוצרלה בייבי 1,גרמים,150.00,100 גרם,false,,12.90,8.6000,true,1,247713
7290006492685,false,גבינת לאבנה עיזים 5% גד 250 גרם,מחלבות גד בעמ,IL,לאבנה עיזים 5% גד 25,גרמים,250.00,100 גרם,false,,15.90,6.3600,true,1,247716
7290006492852,false,גבינת עיזים למריחה 5% שומן 250 ג' גד,קריות זול,IL,גבינה עיזים 5% גד 25,גרמים,250.00,100 גרם,false,,15.90,6.3600,true,1,247717
7290006497130,false,קישקע פרווה רובינפלד,,,קישקע פרווה רובינפלד,גרמים,500.00,100 גרם,false,,17.90,3.5800,true,1,289468
7290006560964,false,מגש מלבן שקוף 5 יח,בי רייט,CN,מגש מלבן שקוף 5 יח,Unknown,0.00,יחידה,false,,19.90,0.0000,true,1,301635
7290006560988,false,קערה מעוטרת בינונית,בי רייט,CN,קערה מעוטרת בינונית,Unknown,0.00,יחידה,false,,19.90,0.0000,true,1,301629
7290006561022,false,מגש מחולק ל - 4 שקוף,הנג טונג,CN,מגש מחולק ל - 4 שקוף,Unknown,0.00,יחידה,false,,19.90,0.0000,true,1,301634
7290006561121,false,קערה 2 פסים ענקית לס,הנג טונג,CN,קערה 2 פסים ענקית לס,Unknown,0.00,יחידה,false,,19.90,0.0000,true,1,303333
7290006561138,false,קערה 3 פסים קטנות לס,הנג טונג,CN,קערה 3 פסים קטנות לס,Unknown,0.00,יחידה,false,,19.90,0.0000,true,1,303334
7290006582355,false,סילאן סירופ 900 גרם שקדיה,"דין שיווק וקליה בע""מ",IL,סילאן שקדיה 900 גרם,גרמים,900.00,100 גרם,false,,9.90,1.1000,true,1,254609
7290006664051,false,"אקטימל לבן 1.51 ק""ג מארז 14 יחידות",מיוצר עי קונדיטוריית,IL,אקטימל דנונה 14*100,קילוגרמים,1.40,ליטר,false,,28.90,20.6429,true,1,247772
7290006664402,false,גבינה לבנה סקי 5% שומן 750 גרם,מיוצר עי קונדיטוריית,IL,גבינה 5% סקי 750 גרם,גרמים,750.00,100 גרם,false,,13.90,1.8533,true,1,249591
7290006664532,false,יוגורט עם תות 3% שומן 150 ג' דנונה,מיוצר עי קונדיטוריית,IL,דנונה פרי תות 150 גר,גרמים,150.00,100 גרם,false,,3.50,2.3333,true,1,269649
7290006664655,false,"אקטימל לבן טבעי מארז 100X8 מ""ל",מיוצר עי קונדיטוריית,IL,אקטימל דנונה 8*100 מ,מיליליטרים,800.00,"100 מ""ל",false,,19.90,2.4875,true,1,247778
7290006664990,false,"יוגורט דנונה ביו לבן 1.7% שומן 8*150 מ""ל",מיוצר עי קונדיטוריית,IL,מארז יוגורט פרוביוטי,קילוגרמים,1.20,ליטר,false,,15.90,13.2500,true,1,247780
7290006681003,false,גלידה קרמיסימו סרבט תות לימון 650 גרם,"גלידת שטראוס בע""\מ, רחוב",IL,שרבט קרמיסימו תות לי,קילוגרמים,1.33,ליטר,false,,16.90,12.7068,true,1,247781
7290006681553,false,קרמבו בטעם וניל שטראוס 8 יחידות,"גלידת שטראוס בע""\מ",IL,קרמבו וניל שטראוס 8,גרמים,200.00,100 גרם,false,,12.90,6.4500,true,1,319174
7290006681560,false,קרמבו בטעם מוקה שטראוס 8 יחידות,"גלידת שטראוס בע""\מ",IL,קרמבו מוקה שטראוס 8,גרמים,200.00,100 גרם,false,,12.90,6.4500,true,1,319175
7290006696717,false,יקבי אפרת תירוש מוסקט לבן 1 ליטר,יקב טפרברג 1870 בעמ,IL,תירוש לבן אפרת 1 ליט,קילוגרמים,1.00,ליטר,false,,14.90,14.9000,true,1,247792
7290006730398,false,טרופיות עם קש קרטון 40יח',קלית סיטבון בעמ,IL,טרופיק קש 40 יח,קילוגרמים,8.00,ליטר,false,,29.90,3.7375,true,1,255714
7290006739131,false,בצק גולמי פילו זוגלובק 500ג',מאפיית אריאל,IL,בצק פילו זוגלובק 500,גרמים,500.00,100 גרם,false,,12.90,2.5800,true,1,264408
7290006739407,false,שניצל תירס לייט זוגלובק 600 גרם,נקניק נהריה כשר זוגל,IL,שניצל תירס לייט זוגל,גרמים,630.00,100 גרם,false,,21.90,3.4762,true,1,253040
7290006739414,false,נקניק סלמי קוניאק זוגלובק 300 גרם,נקניק נהריה כשר זוגל,IL,סלמי קוניאק זוגלובק,גרמים,300.00,100 גרם,false,,24.90,8.3000,true,1,251710
7290006739421,false,נקניק סלמי מעושן איטלקי זוגלובק 300 גרם,נקניק נהריה כשר זוגל,IL,סלמי מעושן איטלקי זו,גרמים,300.00,100 גרם,false,,24.90,8.3000,true,1,251709
7290006739445,false,שניצל תירס קלאסי 750 ג' זוגלובק,נקניק נהריה כשר זוגל,IL,שניצל תירס זוגלובק 7,גרמים,750.00,100 גרם,false,,24.90,3.3200,true,1,249874
7290006741363,false,בורקס תפוחי אדמה זוגלובק 800 גרם,מאפיית אריאל וגידרון,IL,בורקס תפוא זוגלובק 8,גרמים,800.00,100 גרם,false,,13.90,1.7375,true,1,247798
7290006741387,false,"מלאווח תימני זוגלובק 700 ג' בד""צ",נקניק נהריה כשר זוגל,IL,מלוואח זוגלובק 700 ג,גרמים,700.00,100 גרם,false,,12.90,1.8429,true,1,247799
7290006742278,false,פסטרמה הודו צלויה על לבנים 330 ג' זוגלובק,נקניק נהריה כשר זוגל,IL,פסטרמה צלויה על לבני,גרמים,330.00,100 גרם,false,,25.90,7.8485,true,1,251715
7290006742315,false,פסטרמה חזה הודו ברביקיו 2% זוגלובק 330 גרם,נקניק נהריה כשר זוגל,IL,פסטרמה ברביקיו זוגלו,גרמים,330.00,100 גרם,false,,25.90,7.8485,true,1,251712
7290006764065,false,בירה נשר מאלט ללא אלכוהול 500 מל,"טמפו משקאות בע""\ם.",IL,בירה נשר מאלט ב.חוזר,מיליליטרים,500.00,"100 מ""ל",false,,4.80,0.9600,true,1,254636
7290006764072,false,"בירה גולדסטאר בקבוק 500 מ""ל חוזר","טמפו משקאות בע""\מ",IL,בירה גולדסטאר ב.חוזר,מיליליטרים,500.00,"100 מ""ל",false,,7.90,1.5800,true,1,254635
7290006764157,false,"בירה גולדסטאר Unfiltered, בירה לא מסוננת, בקבוק חוזר 500 מ""ל",פארייפאבה אגרואינדוס,IL,בירה גולדסטאר לא מסו,מיליליטרים,500.00,"100 מ""ל",false,,7.90,1.5800,true,1,307303
7290006765000,false,טורטיה מקמח מלא שקדיה 540 גרם,אלקטי קוראבייכיסיגיד,TR,טורטיות חיטה מלאה 12,גרמים,540.00,100 גרם,false,,11.90,2.2037,true,1,258558
7290006775016,false,עוגה מבית טוב 450 גרם תפוז,אחדות ביחר לטחינה חל,IL,עוגת תפוז אחוה 450 ג,גרמים,450.00,100 גרם,false,,9.80,2.1778,true,1,247810
7290006775023,false,"עוגה מבית טוב"" 450 גרם אנגלית",אחדות ביחר לטחינה חל,IL,עוגה אנגלית אחוה 450,גרמים,450.00,100 גרם,false,,9.80,2.1778,true,1,247811
7290006775030,false,"עוגה מבית טוב"" 450 גרם שוקו-ציפס",אחדות ביחר לטחינה חל,IL,עוגת שוקולד ציפס אחו,גרמים,450.00,100 גרם,false,,9.80,2.1778,true,1,247812
7290006775047,false,"עוגה מבית טוב"" 450 גרם שוקולד",אחדות ביחר לטחינה חל,IL,עוגת שוקולד אחוה 450,גרמים,450.00,100 גרם,false,,9.80,2.1778,true,1,247813
7290006775054,false,עוגת שיש אחווה 450 ג' אחוה,אחדות ביחר לטחינה חל,IL,עוגת שיש אחוה 450 גר,גרמים,450.00,100 גרם,false,,9.80,2.1778,true,1,247814
7290006775085,false,עוגת שמרים במילוי שוקולד אחוה,אחדות ביחר לטחינה חל,IL,עוגת שמרים שוקולד אח,גרמים,400.00,100 גרם,false,,9.80,2.4500,true,1,247816
7290006775306,false,מאפינס אישי וניל במילוי תות אחווה 50ג',אחדות ביחר לטחינה חל,IL,מאפין במילוי תות אחו,גרמים,50.00,100 גרם,false,,1.30,2.6000,true,1,248975
7290006775344,false,עוגת שמרים במילוי קרם קינמון אחוה 400 גרם,אחדות ביחר לטחינה חל,IL,עוגת שמרים במילוי קר,גרמים,400.00,100 גרם,false,,9.80,2.4500,true,1,247820
7290006775405,false,מאפינס שוקוצ'יפס אישי אחווה 45גרם,אחדות ביחר לטחינה חל,IL,מאפין שוקולד ציפס אח,גרמים,45.00,100 גרם,false,,1.30,2.8889,true,1,247821
7290006775764,false,"עוגת שוקוצ'יפס לל""ס אחדות 400 גר'",אחדות ביחר לטחינה חל,IL,עוגת שוקולד ציפס ללא,גרמים,400.00,100 גרם,false,,10.90,2.7250,true,1,247824
7290006775801,false,עוגיות רוגלך שוקולד 400 גר' אחדות,אחדות ביחר לטחינה חל,IL,רוגעלך בטעם שוקולד א,גרמים,400.00,100 גרם,false,,8.90,2.2250,true,1,253139
7290006788429,false,"קרליין - נושם סאן רייס דאודורנט רול און לאישה כתום 75 מ""ל","אמיליה קוסמטיקס בע""מ",IL,דאו רול און קרליין ס,גרמים,75.00,100 גרם,false,,11.70,15.6000,true,1,247835
7290006788436,false,"קרליין - נושם פיור דאודורנט רול און לאישה ורוד 75 מ""ל","אמיליה קוסמטיקס בע""מ",IL,דאו רול און קרליין פ,גרמים,75.00,100 גרם,false,,11.70,15.6000,true,1,247836
7290006788443,false,"קרליין - נושם אוקסיג'ן דאודורנט רול און לאישה סגול 75 מ""ל","אמיליה קוסמטיקס בע""מ",IL,דאו רול און קרליין א,גרמים,75.00,100 גרם,false,,11.70,15.6000,true,1,247837
7290006788498,false,"קרליין - נושם פיור דאודורנט ספריי לאישה ורוד 200 מ""ל",מיוצר עי : אמיליה קוסמטי,IL,דאו ספריי קרליין נוש,מיליליטרים,200.00,"100 מ""ל",false,,11.70,5.8500,true,1,247839
7290006788504,false,"קרליין - נושם אוקסיג'ן דאודורנט ספריי לאישה סגול 200 מ""ל",מיוצר עי : אמיליה קוסמטי,IL,דאו ספריי קרליין נוש,מיליליטרים,200.00,"100 מ""ל",false,,11.70,5.8500,true,1,247840
7290006805355,false,"פילסברי, כדורים בטעם שוקולד, תערובת להכנת כדורים בטעם שוקולד. 500 גרם.",הדקלאים אגודת שיתופי,IL,תערובת להכנת כדורי ש,גרמים,500.00,100 גרם,false,,15.90,3.1800,true,1,264859
7290006822192,false,נקטר דיאט חמוציות אושן ספריי פריגת 1 ליטר,מבשלות בירה בינלאומיות ב,IL,נקטר חמוציות דיאט או,קילוגרמים,1.00,ליטר,false,,11.90,11.9000,true,1,249678
7290006983152,false,קרוטונים מתובלים למרק אסם 400 גרם,עינת תעשיות מזון אגו,IL,קרוטונים למרק אסם 40,גרמים,400.00,100 גרם,false,,17.90,4.4750,true,1,247873
7290006983176,false,אוסם - לחמית שיפון 250 גרם,"אסם השקעות בע""\מ",IL,לחמית שיפון 230 גרם,גרמים,230.00,100 גרם,false,,7.90,3.4348,true,1,247874
7290006983206,false,תערובת להכנת פלפל קלי קלות 180 גרם,"אסם השקעות בע""\מ",IL,אבקת פלאפל אסם 180 ג,גרמים,180.00,100 גרם,false,,9.50,5.2778,true,1,253224
7290006983770,false,עוגת הבית שיש אסם 400 גרם,מיוצר עי קונדיטוריית,IL,עוגת שיש אסם 400 גרם,גרמים,400.00,100 גרם,false,,10.90,2.7250,true,1,247877
7290006983787,false,עוגת הבית שוקולד צ'יפס אסם 400 גרם,מיוצר עי קונדיטוריית,IL,עוגת שוקולד ציפס אסם,גרמים,400.00,100 גרם,false,,10.90,2.7250,true,1,247878
7290006983794,false,עוגת הבית בטעם תפוז אסם 400 גרם,מיוצר עי קונדיטוריית,IL,עוגת תפוז אסם 380 גר,גרמים,400.00,100 גרם,false,,10.90,2.7250,true,1,247879
7290006992161,false,מטרנה - דייסת קורנפלור פרוביוטי 200 גרם,מולינו ניקולי s.p.a,IL,דייסת קורנפלור מטרנה,גרמים,200.00,100 גרם,false,,12.90,6.4500,true,1,247881
7290006992185,false,"מטרנה - דייסת אורז פרוביוטי כשל""פ 200 גרם",מולינו ניקולי s.p.a,IL,דייסת אורז מטרנה 200,גרמים,200.00,100 גרם,false,,12.90,6.4500,true,1,247883
7290006992208,false,מטרנה - דייסת דגנים מעורבים 200 גרם,מטרנה תעשיות ש.מ,IL,דייסת דגנים מעורבים,גרמים,200.00,100 גרם,false,,12.90,6.4500,true,1,247885
7290006992390,false,"מטרנה - דייסת וניל פרוביוטי כשל""פ 200 גרם",מולינו ניקולי s.p.a,IL,דייסת וניל מטרנה 200,גרמים,200.00,100 גרם,false,,12.90,6.4500,true,1,247887
7290008154222,false,עוף טוב שניצלונים 700 גרם,"מוצרי עוף טוב (2001) בע""",IL,שניצלונים עוף טוב 70,גרמים,700.00,100 גרם,false,,14.90,2.1286,true,1,248501
7290008175692,false,וילי פוד נודלס אטר.ביצים להקפצה בדץ 400ג,פוגיאן לונגאי,TH,נודלס אטריות ביצים ל,גרמים,400.00,100 גרם,false,,6.90,1.7250,true,1,248515
7290008190985,false,כרמית לקקן גלידה 50יח,כרמית תעשיות ממתקים,IL,סוכריות על מקל בטעם,גרמים,500.00,100 גרם,false,,12.90,2.5800,true,1,248521
7290008194266,false,מארזים מתוקים א.אטיא,ממתקי השלום,IL,חטיפים מעורב 350 גרם,גרמים,350.00,100 גרם,false,,12.90,3.6857,true,1,252353
7290008194839,false,חטיפים מצופים אטיאס,ממתקי השלום,IL,חטיפים מצופים 300 גר,גרמים,300.00,100 גרם,false,,12.90,4.3000,true,1,291486
7290008257008,false,מסרק סמיך שיני נחושת אריסטוקרט,אריסטוקרט,CN,מסרק סמיך אריסטוקרט,Unknown,0.00,יחידה,false,,10.90,0.0000,true,1,249542
7290008257169,false,פלסטר בד אלסטי 100 יחידות,אריסטוקרט,CN,פלסטר אריסטוקרט 100,Unknown,0.00,יחידה,false,,6.90,0.0000,true,1,248528
7290008257206,false,מברשת ניקוי בקבוק (206 ),אריסטוקרט,,מברשת לניקוי בקבוקים,Unknown,0.00,יחידה,false,,4.90,0.0000,true,1,248531
7290008257220,false,בקבוק תינוק אחיזה נוחה במיוחד (220 ),אריסטוקרט,,בקבוק צר מעוצב לתינו,Unknown,0.00,יחידה,false,,10.90,0.0000,true,1,248533
7290008257244,false,מברשת+מסרק לתינוק (244),אריסטוקרט,,מברשת + מסרק לתינוק,Unknown,0.00,יחידה,false,,7.90,0.0000,true,1,248534
7290008257275,false,פטמות רחבות רב שלבי 2 יח,אריסטוקרט,,פטמות לבקבוק רחב ארי,Unknown,0.00,יחידה,false,,11.90,0.0000,true,1,248537
7290008257558,false,מבריק / צובע נעליים שחור / שקוף,אריסטוקרט,TR,מבריק נעליים אריסטוק,Unknown,0.00,יחידה,false,,3.90,0.0000,true,1,248544
7290008257718,false,רפידות הנקה זוג במבצע,אריסטוקרט,CN,רפידות הנקה אריסטוקר,Unknown,0.00,יחידה,false,,18.90,0.0000,true,1,248546
7290008257909,false,"נוזל צחצוח לנעליים שחור 80 מ""ל",אריסטוקרט,TR,נוזל נעליים אריסטוקר,Unknown,0.00,יחידה,false,,3.90,0.0000,true,1,248549
7290008336796,false,בשר ראש חלק קפוא (נטו),טיבון ויל,,בשר ראש קפוא טאק טור,קילוגרמים,1.00,"ק""ג",true,,69.90,69.9000,true,1,248556
7290008343466,false,בצק פילו 500 גרם שלושת האופים,שלושת האופים שגמור,IL,בצק פילו ש.האופים 50,גרמים,500.00,100 גרם,false,,16.90,3.3800,true,1,248561
7290008343503,false,גחנון אפוי 650 גר' שלושת האופים קהילות,שלושת האופים,IL,גחנון ש.האופים 650 ג,גרמים,650.00,100 גרם,false,,16.90,2.6000,true,1,248562
7290008343558,false,"סיגרים בשר 1 ק""ג שלושת האופים","שלושת האופים בע""\מ",IL,סיגרים בשר ש.האופים,פריט,1.00,"ק""ג",false,,18.90,18.9000,true,1,248563
7290008343565,false,"סיגרים תפו""א 1 ק""ג שלושת האופים","שלושת האופים בע""\מ",IL,סיגרים תפוא ש.האופים,פריט,1.00,"ק""ג",false,,18.90,18.9000,true,1,248564
7290008343572,false,"אגרול סיני 1 ק""ג שלושת האופים","שלושת האופים בע""\מ",IL,אגרול סיני ש.האופים,פריט,1.00,"ק""ג",false,,18.90,18.9000,true,1,248565
7290008343602,false,"קובה בשר 1 ק""ג שלושת האופים","שלושת האופים בע""\מ",IL,קובה בשר ש.האופים 1,פריט,1.00,"ק""ג",false,,18.90,18.9000,true,1,248566
7290008343619,false,"פסטלים תפו""א שלושת האופים 1 ק""ג","שלושת האופים בע""\מ",IL,פסטלים תפוא ש.האופים,פריט,1.00,"ק""ג",false,,18.90,18.9000,true,1,248567
7290008343626,false,"כדורי פלאפל 1 ק""ג שלושת האופים","שלושת האופים בע""\מ",IL,כדורי פלאפל ש.האופים,פריט,1.00,"ק""ג",false,,18.90,18.9000,true,1,248568
7290008409049,false,שניצלונים בציפוי שומשום מיני מיני דק מאמא עוף 500 גרם,תנובה גליל שותפות מוגבלת,IL,שניצלונים מיני מאמא,גרמים,500.00,100 גרם,false,,24.90,4.9800,true,1,258233
7290008409407,false,שניצל דק צ'יפס מאמא עוף 700 גרם,תנובה גליל שותפות מוגבלת,IL,שניצל דק דק ציפס מאמ,גרמים,700.00,100 גרם,false,,34.90,4.9857,true,1,254475
7290008423014,false,פלפל שחור גרוס 100 גרם,תבליני הדור השלישי,IL,פלפל שחור גרוס פרג 1,גרמים,100.00,100 גרם,false,,15.90,15.9000,true,1,248621
7290008423021,false,תבלין כמון 500 גרם,תבליני הדור השלישי,IL,כמון פרג 400 גרם,גרמים,400.00,100 גרם,false,,34.90,8.7250,true,1,248622
7290008423045,false,תבלין לקציצות פרג 10,תבליני הדור השלישי,IL,תבלין לקציצות פרג 10,גרמים,100.00,100 גרם,false,,16.90,16.9000,true,1,248623
7290008423052,false,ממרח עגבניות מיובשות בשמן זית 250גר,תבליני הדור השלישי,IL,עגבניות מיובשות פרג,גרמים,250.00,100 גרם,false,,14.90,5.9600,true,1,248624
7290008423243,false,מלח שולחן הים האדום,מלח הארץ,IL,מלח שולחן הים האדום,גרמים,650.00,100 גרם,false,,7.50,1.1538,true,1,287822
7290008423250,false,מלח גס הים האדום 630,מלח הארץ,IL,מלח גס הים האדום 630,גרמים,630.00,100 גרם,false,,7.50,1.1905,true,1,287821
7290008443265,false,תחליב לחות לרחצה אל סבון נוזלי נקה 7 2 ליטר,אמיליה קוסמטיקס,IL,אל סבון סופטקר 2 ליט,קילוגרמים,2.00,ליטר,false,,24.90,12.4500,true,1,248625
7290008443616,false,"מרכך לשיער יבש אדום 750 מ""ל נקה 7","אמיליה קוסמטיקס בע""מ",IL,מרכך נקה 7 לשיער יבש,מיליליטרים,750.00,"100 מ""ל",false,,9.90,1.3200,true,1,248626
7290008455619,false,אחדות עוף מס' 2 בשקית קפוא,אחד למהדרין,IL,עוף מס 2 קפוא לנדא,קילוגרמים,1.00,"ק""ג",true,,22.90,22.9000,true,1,321963
7290008455626,false,אחדות עוף מס' 3 בשקית קפוא,אחד למהדרין,IL,עוף מס 3 קפוא לנדא,קילוגרמים,1.00,"ק""ג",true,,27.90,27.9000,true,1,321964
7290008455725,false,אחדות עצמות עוף במגש קפוא,,IL,עצמות עוף קפוא לנדא,קילוגרמים,1.00,"ק""ג",true,,4.90,4.9000,true,1,321569
7290008455817,false,עוף מחולק טרי לנדא,,,עוף מחולק טרי לנדא,קילוגרמים,1.00,"ק""ג",true,,32.90,32.9000,true,1,321518
7290008464024,false,"בירה גולדסטאר Unfiltered, בירה לא מסוננת, פחית 500 מ""ל","טמפו משקאות בע""מ",IL,בירה גולדסטאר פחית 4,מיליליטרים,500.00,"100 מ""ל",false,,7.90,1.5800,true,1,267341
7290008464130,false,"בירה גולדסטאר Unfiltered, בירה לא מסוננת, מארז שישייה, בקבוק 330 מ""ל",טמפו,IL,מארז בירה גולדסטאר 4,קילוגרמים,1.98,ליטר,false,,29.90,15.1010,true,1,259536
7290008464468,false,"בירה גולדסטאר, פחית 500 מ""ל",פארייפאבה אגרואינדוס,IL,בירה גולדסטאר פחית 4,מיליליטרים,500.00,"100 מ""ל",false,,7.90,1.5800,true,1,267340
7290008464703,false,"שישיית בירה מכבי בקבוק 330 מ""ל",טמפו משקאות בע''מ,,מארז בירה מכבי 5% 6,קילוגרמים,1.98,ליטר,false,,34.90,17.6263,true,1,248630
7290008464734,false,"שישיית בירה גולדסטאר לאגר SLOW BREW בקבוק 330 מ""ל",טמפו משקאות בע''מ,IL,מארז בירה גולדסטאר 1,קילוגרמים,1.98,ליטר,false,,34.90,17.6263,true,1,296543
7290008464741,false,"בירה גולדסטאר, מארז שישייה, בקבוק 330 מ''ל","טמפו משקאות בע""\מ",IL,מארז בירה גולדסטאר 4,קילוגרמים,1.98,ליטר,false,,35.90,18.1313,true,1,248631
7290008464796,false,"בירה היינקן, מארז שישייה, בקבוק 330 מ''ל",טמפו משקאות בע''מ,IL,מארז בירה היינקן 5%,קילוגרמים,1.98,ליטר,false,,29.90,15.1010,true,1,248632
7290008466523,false,עוגיות גרנולה ללא סו,אנטיקביץ,IL,עוגיות גרנולה ללא סו,גרמים,350.00,100 גרם,false,,11.90,3.4000,true,1,323178
7290008466547,false,עוגיות קמח מלא 350 ג,אנטיקביץ,IL,עוגיות קמח מלא 350 ג,גרמים,350.00,100 גרם,false,,11.90,3.4000,true,1,323796
7290008466554,false,עוגיות שומשומיות ללא,דין שיווק,IL,עוגיות שומשומיות ללא,גרמים,350.00,100 גרם,false,,11.90,3.4000,true,1,323181
7290008466561,false,עוגיות חמניות ללא סו,אנטיקביץ,IL,עוגיות חמניות ללא סו,גרמים,350.00,100 גרם,false,,11.90,3.4000,true,1,323199
7290008466578,false,עוגיות סנדביץ ריבה מ,אנטיקביץ,IL,עוגיות סנדוויץ ריבה,גרמים,350.00,100 גרם,false,,11.90,3.4000,true,1,323182
7290008466608,false,עוגיות שקדים קמח כוס,אנטיקביץ,IL,עוגיות שקדים ללא סוכ,גרמים,350.00,100 גרם,false,,11.90,3.4000,true,1,323183
7290008466707,false,עוגיות פרימיום 200-250 גרם,דין שיווק,IL,עוגיות פרימיום אנטקו,גרמים,250.00,100 גרם,false,,18.90,7.5600,true,1,323177
7290008466769,false,שנייק קינמון אנטקובי,אנטיקביץ,IL,שנייק קינמון אנטקובי,גרמים,600.00,100 גרם,false,,12.90,2.1500,true,1,323173
7290008466776,false,שנייק וניל אנטקוביץ,אנטיקביץ,IL,שנייק וניל אנטקוביץ,גרמים,600.00,100 גרם,false,,12.90,2.1500,true,1,323174
7290008466783,false,שנייק שוקולד אנטקובי,אנטיקביץ,IL,שנייק שוקולד אנטקובי,גרמים,600.00,100 גרם,false,,12.90,2.1500,true,1,323175
7290008466790,false,רוגלך שוקולד אנטקובי,אנטיקביץ,IL,רוגלך שוקולד אנטקובי,גרמים,600.00,100 גרם,false,,12.90,2.1500,true,1,323176
7290008470759,false,מסטיק אורביט סטיקס ספירמינט שמיניה,אורביט,FR,אורביט סטיקס 8*5 יח,גרמים,124.00,100 גרם,false,,13.90,11.2097,true,1,261694
7290008470766,false,מסטיק אורביט פפרמינט מארז שמינייה,ריגלי צרפת,FR,אורביט סטיקס 8*5 יח,גרמים,124.00,100 גרם,false,,13.90,11.2097,true,1,261693
7290008507059,false,קציצות מרוקאיות חריפ,א.ג.ש מלכה,IL,קציצות מרוקאיות חריפ,גרמים,600.00,100 גרם,false,,29.90,4.9833,true,1,320520
7290008507288,false,שווארמה הודו מתובל נ,נתח אדום,IL,שווארמה הודו מתובל נ,גרמים,400.00,100 גרם,false,,29.90,7.4750,true,1,320518
7290008507301,false,בריסקט עגל מתובל לתנ,נתח אדום,IL,בריסקט עגל מתובל לתנ,קילוגרמים,1.00,"ק""ג",true,,59.90,59.9000,true,1,320521
7290008507448,false,שיפודי אנטריקוט נתח,נתח אדום,IL,שיפודי אנטריקוט נתח,גרמים,400.00,100 גרם,false,,49.90,12.4750,true,1,324252
7290008507486,false,אנטריקוט דקדק נתח אד,נתח אדום,IL,אנטריקוט דקדק נתח אד,גרמים,250.00,100 גרם,false,,29.90,11.9600,true,1,324253
7290008507493,false,נתחי צוואר עגל נתח א,נתח אדום,IL,נתחי צוואר עגל נתח א,גרמים,600.00,100 גרם,false,,49.90,8.3167,true,1,324254
7290008545136,false,דנוור קאט סטייק טרי,,,דנוור קאט סטייק טרי,קילוגרמים,1.00,"ק""ג",true,,99.90,99.9000,true,1,317945
7290008545143,false,פלאט איירון סטייק טר,,,פלאט איירון סטייק טר,קילוגרמים,1.00,"ק""ג",true,,119.90,119.9000,true,1,317946
7290008545181,false,בשר עגל טחון דל שומן,,,בשר עגל טחון דל שומן,קילוגרמים,1.00,"ק""ג",true,,69.90,69.9000,true,1,320494
7290008545198,false,אונטריפ צלעות טרי עט,,,אונטריפ צלעות טרי עט,קילוגרמים,1.00,"ק""ג",true,,79.90,79.9000,true,1,322853
7290008545204,false,דלמוניקו סטייק טרי ע,,,דלמוניקו סטייק טרי ע,קילוגרמים,1.00,"ק""ג",true,,89.90,89.9000,true,1,322854
7290008597906,false,אורז יסמין ששון הקול,ששון הקולה,TH,אורז יסמין שקדיה 5 ק,פריט,5.00,"ק""ג",false,,39.90,7.9800,true,1,249775
7290008611046,false,פילה סלמון נורווגי ק,באבורד וואפ,,פילה סלמון נורווגי,קילוגרמים,1.00,"ק""ג",true,,64.90,64.9000,true,1,316285
7290008611060,false,פילה סלמון נורווגי,,,פילה סלמון נורווגי,קילוגרמים,1.00,"ק""ג",true,,64.90,64.9000,true,1,322825
7290008611091,false,סלמון מנות נורבגי קפ,סיבורן,,מנות פילה סלמון,קילוגרמים,1.00,"ק""ג",true,,79.90,79.9000,true,1,323479
7290008611138,false,טונה אדומה במשקל,,,טונה אדומה במשקל,קילוגרמים,1.00,"ק""ג",true,,49.90,49.9000,true,1,324392
7290008611343,false,מנות פילה נסיכת הניל,נטורס פיש לימיטד,UG,מנות פילה נסיכת הניל,קילוגרמים,1.00,"ק""ג",true,,46.90,46.9000,true,1,324177
7290008611350,false,פילה אמנון,,UG,פילה אמנון,קילוגרמים,1.00,"ק""ג",true,,24.90,24.9000,true,1,324387
7290008631556,false,אחדות כרעיים עוף במגש קפוא לנדא,,,כרעיים עוף קפוא לנדא,קילוגרמים,1.00,"ק""ג",true,,29.90,29.9000,true,1,321967
7290008631563,false,חזה עוף קפוא מחיר לפי מש,,IL,חזה עוף קפוא לנדא,קילוגרמים,1.00,"ק""ג",true,,44.90,44.9000,true,1,321971
7290008631570,false,אחדות שוקיים עוף במגש קפוא,,IL,שוקיים עוף קפוא לנדא,קילוגרמים,1.00,"ק""ג",true,,41.90,41.9000,true,1,321970
7290008631594,false,אחדות כנפיים עוף במגש קפוא לנדא,,IL,כנפיים עוף קפוא לנדא,קילוגרמים,1.00,"ק""ג",true,,16.90,16.9000,true,1,321976
7290008631600,false,גרונות עוף קפוא ארוז לנדא במגש,,IL,גרון עוף קפוא לנדא,קילוגרמים,1.00,"ק""ג",true,,3.90,3.9000,true,1,321979
7290008631617,false,פרגיות עוף קפוא לנדא,,IL,פרגיות עוף קפוא לנדא,קילוגרמים,1.00,"ק""ג",true,,79.90,79.9000,true,1,321972
7290008631624,false,פילה עוף לנדא מחיר לפי מ,,IL,פילה עוף טרי לנדא,קילוגרמים,1.00,"ק""ג",true,,44.90,44.9000,true,1,321974
7290008631952,false,כנפיים לחמין לנדא,,IL,כנפיים לחמין לנדא,קילוגרמים,1.00,"ק""ג",true,,14.90,14.9000,true,1,325022
7290008631969,false,נגיסי עוף 700 גר' אחדות לנדא,,IL,נגיסי עוף לנדא 700 ג,גרמים,700.00,100 גרם,false,,29.90,4.2714,true,1,325025
7290008631976,false,טבעות עוף 700 גר' לנדא אחדות,,IL,טבעות עוף לנדא 700 ג,גרמים,700.00,100 גרם,false,,29.90,4.2714,true,1,325023
7290008636193,false,כמון בצנצנת מיה 300 גרם,מיה תעשיות מזון מ.ת.מ. ב,IL,כמון מיה 300 גרם,גרמים,300.00,100 גרם,false,,14.90,4.9667,true,1,248642
7290008636209,false,כורכום בצנצנת מיה 300 גרם,מיה תעשיות מזון מ.ת.מ. ב,IL,כורכום מיה 300 גרם,גרמים,300.00,100 גרם,false,,14.90,4.9667,true,1,248643
7290008636216,false,אבקת שום בצנצנת מיה 300 גרם,מיה תעשיות מזון מ.ת.מ. ב,IL,אבקת שום מיה 300 גרם,גרמים,300.00,100 גרם,false,,24.90,8.3000,true,1,248644
7290008639095,false,פחזניות וניל פסים קפולסקי 280 גר',קפולסקי שיווק וקמעונ,IL,פחזניות קפולסקי 280,גרמים,280.00,100 גרם,false,,29.90,10.6786,true,1,248655
7290008644235,false,עלי בייבי שטראוס 120 גרם,שטראוס בריאות ירקות טריי,IL,עלי בייבי 120 גרם,גרמים,120.00,100 גרם,false,,12.90,10.7500,true,1,286153
7290008645935,false,חומוס לניגוב 750 ג' אחלה,"שטראוס גרופ בע""\מ",IL,חומוס אחלה 750 גרם,גרמים,750.00,100 גרם,false,,9.90,1.3200,true,1,274347
7290008670012,false,"יין אדום קברנה סוביניון רקנאטי 750 מ""ל",תות ממתקי איכות,IL,יין רקנאטי קברנה סוב,מיליליטרים,750.00,"100 מ""ל",false,,49.90,6.6533,true,1,295183
7290008670029,false,"יין אדום מרלו רקנאטי 750 מ""ל",תות ממתקי איכות,IL,יין רקנאטי מרלו 2016,מיליליטרים,750.00,"100 מ""ל",false,,49.90,6.6533,true,1,295184
7290008670159,false,"יין רקנאטי יסמין לבן 750 מ""ל",קריניציה ויטמינה אס,IL,יין רקנאטי יסמין לבן,מיליליטרים,750.00,"100 מ""ל",false,,29.90,3.9867,true,1,295187
7290008690713,false,נקטר חמוציות אושן ספריי פריגת 1 ליטר,מבשלות בירה בינלאומיות ב,IL,נקטר חמוציות אושן ספ,קילוגרמים,1.00,ליטר,false,,11.90,11.9000,true,1,248667
7290008693134,false,מעדן גבינה ויוגורט בטעם תות 5% שומן 88 ג' דניאלה,"שטראוס בריאות בע""מ",IL,דניאלה תות 88 גרם,Unknown,0.00,יחידה,false,,3.90,0.0000,true,1,248669
7290008713900,false,לחם שיפון עגול פרוס אנג'ל 750 גרם,מאפיית אנג'\ל אורנים מאפ,IL,לחם שיפון עגול אחדות,גרמים,750.00,100 גרם,false,,12.90,1.7200,true,1,303088
7290008745239,false,תפוצ'יפס קראנצ' בטעם טבעי עלית 50 גרם,"שטראוס פריטו ליי בע""\מ )",IL,תפוציפס אקסטרא טבעי,גרמים,55.00,100 גרם,false,,3.50,6.3636,true,1,248677
7290008747547,false,תפוצ'יפס קראנץ' בטעם טבעי עלית 200 גרם,"שטראוס פריטו ליי בע""\מ )",IL,תפוציפס קראנצ טבעי 2,גרמים,200.00,100 גרם,false,,9.90,4.9500,true,1,248679
7290008753111,false,תפוצ'יפס קראנץ' בטעם מקסיקני עלית 50 גרם,"שטראוס פריטו ליי בע""\מ )",IL,תפוציפס אקסטרא מקסיק,גרמים,50.00,100 גרם,false,,3.50,7.0000,true,1,248683
7290008757980,false,קרטונית ספרינג נקטר רימונים 1 ליטר,יפאורה שותפות מובגלת לשיווק,IL,נקטר ספרינג רימון 1,קילוגרמים,1.00,ליטר,false,,6.50,6.5000,true,1,248688
7290008761925,false,"בקר טחון עטרה 1.2 ק""",טיבון ויל,IL,"בקר טחון עטרה 1.2 ק""",פריט,1.20,"ק""ג",false,,29.90,24.9167,true,1,289495
7290008775816,false,ערגליות עוגיות במילוי שוקולד אסם 300 גרם,מיוצר עי קונדיטוריית,IL,ערגליות שוקו אסם 300,גרמים,300.00,100 גרם,false,,9.90,3.3000,true,1,248692
7290008775823,false,ערגליות עוגיות תות שדה אסם 300 גרם,מיוצר עי קונדיטוריית,IL,ערגליות תות אסם 300,גרמים,300.00,100 גרם,false,,9.90,3.3000,true,1,248693
7290008801010,false,"יין קברנה סוביניון מרלו פרייוט קולקשן 750 מ""ל",אגודת הכורמים הקאופו,IL,יין פ. קולקשיין קברנ,מיליליטרים,750.00,"100 מ""ל",false,,37.90,5.0533,true,1,248697
7290008801119,false,"יין סוביניון בלאן סלקטד כרמל 750 מ""ל",אגודת הכורמים הקואופרטיב,IL,יין סלקטד סוביניון ב,מיליליטרים,750.00,"100 מ""ל",false,,28.90,3.8533,true,1,248698
7290008801157,false,"יין מרלו סלקטד כרמל כרמל 750 מ""ל",כרמל מזרחי,IL,יין סלקטד מרלו,מיליליטרים,750.00,"100 מ""ל",false,,28.90,3.8533,true,1,248699
7290008801522,false,יין קינג דויד קונקורד אדום מתוק 750 מל,אגודת הכורמים הקואופרטיב,IL,יין קינג דיוויד קונק,מיליליטרים,750.00,"100 מ""ל",false,,18.90,2.5200,true,1,248702
7290008801539,false,יין כרמל 120 קינג דיוויד יקבי כרמל,אגודת הכורמים הקואופרטיב,IL,יין קינג דיוויד 120,מיליליטרים,750.00,"100 מ""ל",false,,18.90,2.5200,true,1,248703
7290008801546,false,יין מוסקט מתוק קינג דיוויד יקבי כרמל,אגודת הכורמים הקואופרטיב,IL,יין קינג דיוויד מוסק,מיליליטרים,750.00,"100 מ""ל",false,,18.90,2.5200,true,1,248704
7290008801843,false,"יין קברנה סוביניון סלקטד כרמל 750 מ""ל","כד בני דרום בע""מ",IL,יין סלקטד קברנה סובי,מיליליטרים,750.00,"100 מ""ל",false,,28.90,3.8533,true,1,248705
7290008802291,false,יין מרלו פרייבט קולקשן יקבי כרמל,אגודת הכורמים הקואופרטיב,IL,יין פ. קולקשיין מרלו,מיליליטרים,750.00,"100 מ""ל",false,,37.90,5.0533,true,1,248707
7290008802512,false,"יין וינו אדום ""כרמל מזרחי""",כרמל מזרחי,IL,יין וינו אדום יבש,מיליליטרים,750.00,"100 מ""ל",false,,18.90,2.5200,true,1,248708
7290008802529,false,"יין לבן חצי יבש וינו 750 מ""ל",כרמל מזרחי,IL,יין וינו לבן יבש,מיליליטרים,750.00,"100 מ""ל",false,,18.90,2.5200,true,1,274439
7290008802895,false,יין קברנה סוביניון פרייבט קולקשן יקבי כרמל,אגודת הכורמים הקאופורטיב,IL,יין פ. קולקשיין קברנ,מיליליטרים,750.00,"100 מ""ל",false,,37.90,5.0533,true,1,248709
7290008803090,false,"יין מרלו קולקשיין הסדרה האזורית כרמל 750 מ""ל",אגודת הכורמים הקואופרטיב,IL,יין גליל עליון מרלו,מיליליטרים,750.00,"100 מ""ל",false,,58.90,7.8533,true,1,258425
7290008804189,false,יין קברנה סוביניון גליל עליון סדרה אזורית יקבי כרמל,אגודת הכורמים הקואופרטיב,IL,יין גליל עליון קברנה,מיליליטרים,750.00,"100 מ""ל",false,,58.90,7.8533,true,1,258424
7290008804332,false,שיראז אדום יבש פריווט קולקשיין 750מל,אגודת הכורמים הקואופרטיב,IL,יין פ.קולקשיין שיראז,מיליליטרים,750.00,"100 מ""ל",false,,37.90,5.0533,true,1,249025
7290008805049,false,יין רוזה חצי יבש סלקטד 2016 750 מל,"כד בני דרום בע""מ",IL,יין סלקטד רוזה מתוק,מיליליטרים,750.00,"100 מ""ל",false,,28.90,3.8533,true,1,249026
7290008805384,false,סלקטד מוסקטו לבן מבעבע 750 מל 2016,אגודת הכורמים הקואופרטיב,IL,יין סלקטד לבן מבעבע,מיליליטרים,750.00,"100 מ""ל",false,,28.90,3.8533,true,1,249027
7290008805520,false,"יין קברנה/סוביניון סלקטד כרמל 750 מ""ל","כד בני דרום בע""מ",IL,יין סלקטד קברנה מרלו,מיליליטרים,750.00,"100 מ""ל",false,,28.90,3.8533,true,1,248713
7290008806961,false,גלידה שוקולד שבבי שוקולד פרה 1.33 ל' קרמיסימו,"גלידת שטראוס בע""\מ, רחוב",IL,גלידה קרמיסימו שוקול,קילוגרמים,1.33,ליטר,false,,16.90,12.7068,true,1,248716
7290008806985,false,נישנושים גלידה שוקו וניל בציפוי שוקולד 60 יח' קרמיסימו,"גלידת שטראוס בע""\מ, רחוב",IL,חטיפי גלידה קרמיסימו,מיליליטרים,630.00,"100 מ""ל",false,,38.90,6.1746,true,1,248717
7290008830690,false,מובחרים מן הטבע יחידה,"דין שיווק וקלייה בע""",IL,מובחרים מן הטבע,Unknown,0.00,יחידה,false,,9.90,0.0000,true,1,269783
7290008836265,false,"נינוה יין לבן מוסקט אלכסנדרוני יקבי אפרת 750 מ""ל",יקב טפרברג 1870 בעמ,IL,יין אלכסנדר נינוה מו,מיליליטרים,750.00,"100 מ""ל",false,,24.90,3.3200,true,1,248721
7290008836272,false,"יין אדום נינוה מוסקט המבורג יקבי אפרת 750 מ""ל",יקב טפרברג 1870 בעמ,IL,יין המבורג נינוה מוס,מיליליטרים,750.00,"100 מ""ל",false,,24.90,3.3200,true,1,248722
7290008836401,false,יין אדום מתוק ישן נושן אפרת 1 ליטר,יקב טפרברג 1870 בעמ,IL,יין ישן נושן אדום אפ,קילוגרמים,1.00,ליטר,false,,21.90,21.9000,true,1,248723
7290008836494,false,מיץ ענבים תירוש אדום אפרת 1 ליטר,יקב טפרברג 1870 בעמ,IL,תירוש אדום אפרת 1 לי,קילוגרמים,1.00,ליטר,false,,14.90,14.9000,true,1,248725
7290008909853,false,"קוקה קולה זירו בקבוק 500 מ""ל.",החברה המרכזית לייצור משקאות,,קולה קולה זירו 500 מ,מיליליטרים,500.00,"100 מ""ל",false,,5.70,1.1400,true,1,311285
7290008975551,false,תחליף חלב מטרנה מהדרין שלב 3 חלבי 700 גרם,מולינו ניקולי s.p.a,IL,מטרנה מהדרין שלב 3 7,גרמים,700.00,100 גרם,false,,47.90,6.8429,true,1,248761
7290008989015,false,"דייסת אורז בטר אנד דיפרנט 400 גרם כשל""פ",בטר אנד דיפרנט B&D,IL,דייסת אורז ב.ד 400 ג,גרמים,400.00,100 גרם,false,,16.90,4.2250,true,1,248762
7290008989022,false,בטר אנד דיפרנט דייסת סולת 400 גרם,בטר אנד דיפרנט B&D,IL,דייסת סולת ב.ד 400 ג,גרמים,400.00,100 גרם,false,,16.90,4.2250,true,1,248763
7290008989039,false,דייסת קורנפלור בטר אנד דיפרנט 400 גרם,בטר אנד דיפרנט,IL,דייסת קורנפלור ב.ד 4,גרמים,400.00,100 גרם,false,,16.90,4.2250,true,1,248764
7290008989053,false,בטר אנד דיפרנט דייסת דגנים מעורב 400גרם,בטר אנד דיפרנט B&D,IL,דייסת דגנים מעורבים,גרמים,400.00,100 גרם,false,,16.90,4.2250,true,1,248765
7290008989169,false,"אורז תפוח בשקית בטר אנד דיפרנט 500 גרם לל""ג",בטר אנד דיפרנט,IL,פצפוצי אורז ב.ד 500,גרמים,500.00,100 גרם,false,,18.90,3.7800,true,1,248766
7290008989473,false,ממרח חרובים בטעם שוקולד בטר אנד דיפרנט 350 גרם,"בטר אנד דיפרנט בע""מ",IL,ממרח חרובים שוקולד ב,גרמים,350.00,100 גרם,false,,13.90,3.9714,true,1,248768
7290008989893,false,דייסת כוסמת בטר אנד דיפרנט 200 גרם,בטר אנד דיפרנט B&D,IL,דייסת כוסמת ב.ד 200,גרמים,200.00,100 גרם,false,,9.90,4.9500,true,1,268721
7290008989909,false,סירופ תפוחים בטר אנד דיפרנט 1.2 ליטר,בטר אנד דיפרנט,IL,סירופ ב.ד תפוחים 1.2,קילוגרמים,1.20,ליטר,false,,29.90,24.9167,true,1,248774
7290008989916,false,סירופ אננס בי&די 1.2 ליטר מהדרין,בטר אנד דיפרנט,IL,סירופ אננס 1.2 ליטר,קילוגרמים,1.20,ליטר,false,,29.90,24.9167,true,1,248775
7290008989954,false,סירופ תפוזים 1.2ל' בי&די מהדרין,בטר אנד דיפרנט,IL,סירופ ב.ד תפוז 1.2 ל,קילוגרמים,1.20,ליטר,false,,29.90,24.9167,true,1,249493
7290008989985,false,קופסאות אחסון מלבנית 1ל' חמישייה חלבי,בטר אנד דיפרנט,IL,מארז 4 קופסאות אחסון,Unknown,0.00,יחידה,false,,11.90,0.0000,true,1,251598
7290009000115,false,עגבניות שרי,אראל תוצרת חקלאית בע,IL,עגבניות שרי,קילוגרמים,1.00,"ק""ג",true,,12.90,12.9000,true,1,245684
7290009000122,false,עגבניה חממה,אראל תוצרת חקלאית בע,IL,עגבניה,קילוגרמים,1.00,"ק""ג",true,,5.90,5.9000,true,1,221815
7290009000207,false,מלפפון חממה,אראל תוצרת חקלאית בע,IL,מלפפון,קילוגרמים,1.00,"ק""ג",true,,5.90,5.9000,true,1,245977
7290009000313,false,גזר ארוז,אראל תוצרת חקלאית בע,IL,גזר,קילוגרמים,1.00,"ק""ג",true,,3.90,3.9000,true,1,246603
7290009000405,false,סלק אדום,אראל תוצרת חקלאית בע,IL,סלק,קילוגרמים,1.00,"ק""ג",true,,4.90,4.9000,true,1,246911
7290009000504,false,כרוב לבן,אראל תוצרת חקלאית בע,IL,כרוב לבן,קילוגרמים,1.00,"ק""ג",true,,3.90,3.9000,true,1,247289
7290009000511,false,כרוב אדום,אראל תוצרת חקלאית בע,IL,כרוב אדום,קילוגרמים,1.00,"ק""ג",true,,4.90,4.9000,true,1,247313
7290009000610,false,ברוקולי שקיל,ברכת קטיף,IL,ברוקולי שקיל,קילוגרמים,1.00,"ק""ג",true,,24.90,24.9000,true,1,247649
7290009000702,false,לפת,אראל תוצרת חקלאית בע,IL,לפת,קילוגרמים,1.00,"ק""ג",true,,6.90,6.9000,true,1,247889
7290009000719,false,צנון,אראל תוצרת חקלאית בע,IL,צנון,קילוגרמים,1.00,"ק""ג",true,,6.90,6.9000,true,1,247899
7290009000771,false,שקיות הקפאה בינוני ז,,,שקיות הקפאה בינוני ז,Unknown,0.00,יחידה,false,,19.90,0.0000,true,1,290766
7290009000788,false,שקיות אוכל זיפלוק 14,,,שקיות אוכל זיפלוק 14,Unknown,0.00,יחידה,false,,16.90,0.0000,true,1,290765
7290009000801,false,צנונית יח,ברכת קטיף,IL,צנונית יח,Unknown,0.00,יחידה,false,,4.90,0.0000,true,1,248478
7290009000832,false,בצל לבן פנינה,אראל תוצרת חקלאית בע,IL,בצל לבן פנינה,קילוגרמים,1.00,"ק""ג",true,,5.90,5.9000,true,1,264660
7290009000887,false,סלרי ראש שקיל,אראל תוצרת חקלאית בע,IL,סלרי ראש שקיל,קילוגרמים,1.00,"ק""ג",true,,9.90,9.9000,true,1,319507
7290009000900,false,בצל יבש,אראל תוצרת חקלאית בע,IL,בצל,קילוגרמים,1.00,"ק""ג",true,,3.90,3.9000,true,1,248778
7290009000931,false,בצל אדום,אראל תוצרת חקלאית בע,IL,בצל אדום,קילוגרמים,1.00,"ק""ג",true,,5.90,5.9000,true,1,248787
7290009000948,false,כרוב לבן ברכת דוד,,IL,כרוב לבן ברכת דוד,קילוגרמים,1.00,"ק""ג",true,,13.90,13.9000,true,1,323364
7290009001105,false,בטטה מובחרת,אראל תוצרת חקלאית בע,IL,בטטה,קילוגרמים,1.00,"ק""ג",true,,7.90,7.9000,true,1,245685
7290009001310,false,דלורית,אראל תוצרת חקלאית בע,IL,דלורית,קילוגרמים,1.00,"ק""ג",true,,5.90,5.9000,true,1,245797
7290009001341,false,דלעת יפנית,אראל תוצרת חקלאית בע,IL,דלעת יפנית,קילוגרמים,1.00,"ק""ג",true,,9.90,9.9000,true,1,286940
7290009001419,false,חציל,אראל תוצרת חקלאית בע,IL,חציל,קילוגרמים,1.00,"ק""ג",true,,4.90,4.9000,true,1,245834
7290009001426,false,חציל ננסי,אראל תוצרת חקלאית בע,IL,חציל ננסי,קילוגרמים,1.00,"ק""ג",true,,7.90,7.9000,true,1,245835
7290009001440,false,חציל מנומר/כוכב/נקני,אראל תוצרת חקלאית בע,IL,חציל מנומר/כוכב/נקני,קילוגרמים,1.00,"ק""ג",true,,5.90,5.9000,true,1,262136
7290009001501,false,פלפל אדום,אראל תוצרת חקלאית בע,IL,פלפל אדום,קילוגרמים,1.00,"ק""ג",true,,7.90,7.9000,true,1,245855
7290009001518,false,פלפל ירוק בהיר,אראל תוצרת חקלאית בע,IL,פלפל ירוק בהיר,קילוגרמים,1.00,"ק""ג",true,,5.90,5.9000,true,1,245856
7290009001525,false,פלפל חריף ירוק,אראל תוצרת חקלאית בע,IL,פלפל חריף,קילוגרמים,1.00,"ק""ג",true,,6.90,6.9000,true,1,245857
7290009001532,false,פלפל חריף אדום,אראל תוצרת חקלאית בע,IL,פלפל חריף אדום,קילוגרמים,1.00,"ק""ג",true,,7.90,7.9000,true,1,245859
7290009001549,false,פלפל ירוק כהה,אראל תוצרת חקלאית בע,IL,פלפל ירוק כהה,קילוגרמים,1.00,"ק""ג",true,,6.90,6.9000,true,1,245860
7290009001556,false,פלפל כתום,אראל תוצרת חקלאית בע,IL,פלפל כתום,קילוגרמים,1.00,"ק""ג",true,,6.90,6.9000,true,1,245861
7290009001570,false,פלפל צהוב,אראל תוצרת חקלאית בע,IL,פלפל צהוב,קילוגרמים,1.00,"ק""ג",true,,7.90,7.9000,true,1,245867
7290009001594,false,פלפל שושקה,אראל תוצרת חקלאית בע,IL,פלפל שושקה,קילוגרמים,1.00,"ק""ג",true,,11.90,11.9000,true,1,245869
7290009001600,false,פלפל שושקה יח,אראל תוצרת חקלאית בע,IL,פלפל שושקה יח,Unknown,0.00,יחידה,false,,8.90,0.0000,true,1,269968
7290009001709,false,קולורבי,אראל תוצרת חקלאית בע,IL,קולורבי,קילוגרמים,1.00,"ק""ג",true,,5.90,5.9000,true,1,245912
7290009001808,false,קישוא מעיין,אראל תוצרת חקלאית בע,IL,קישוא,קילוגרמים,1.00,"ק""ג",true,,4.90,4.9000,true,1,245930
7290009001815,false,קישוא עגול,אראל תוצרת חקלאית בע,IL,קישוא עגול,קילוגרמים,1.00,"ק""ג",true,,12.90,12.9000,true,1,245931
7290009001853,false,קישוא זוקיני,אראל תוצרת חקלאית בע,IL,קישוא זוקיני,קילוגרמים,1.00,"ק""ג",true,,7.90,7.9000,true,1,245950
7290009001914,false,שעועית,אראל תוצרת חקלאית בע,IL,שעועית,קילוגרמים,1.00,"ק""ג",true,,19.90,19.9000,true,1,245960
7290009001921,false,שעועית בולגרית,אראל תוצרת חקלאית בע,IL,שעועית בולגרית,קילוגרמים,1.00,"ק""ג",true,,19.90,19.9000,true,1,245962
7290009001952,false,לוביה,אראל תוצרת חקלאית בע,IL,לוביה,קילוגרמים,1.00,"ק""ג",true,,39.90,39.9000,true,1,245965
7290009002409,false,פול,אראל תוצרת חקלאית בע,IL,פול,קילוגרמים,1.00,"ק""ג",true,,15.90,15.9000,true,1,262956
7290009002843,false,שום ירוק טרי,אראל תוצרת חקלאית בע,IL,שום ירוק טרי,קילוגרמים,1.00,"ק""ג",true,,13.90,13.9000,true,1,263985
7290009002850,false,שום בתפזורת,אראל תוצרת חקלאית בע,IL,שום בתפזורת,קילוגרמים,1.00,"ק""ג",true,,29.90,29.9000,true,1,246383
7290009002898,false,תפוח אדמה לאפייה,אראל תוצרת חקלאית בע,IL,תפוח אדמה לאפייה,Unknown,0.00,יחידה,false,,4.90,0.0000,true,1,290253
7290009002928,false,תפוח אדמה ירושלמי,אראל תוצרת חקלאית בע,IL,תפוח אדמה ירושלמי,קילוגרמים,1.00,"ק""ג",true,,9.90,9.9000,true,1,246472
7290009002935,false,"מארז תפו""א לבן כ-4.8",אראל תוצרת חקלאית בע,IL,תפוח אדמה לבן,פריט,5.00,"ק""ג",false,,21.90,4.3800,true,1,269978
7290009002980,false,תפוח אדמה אדום כ-5 ק,אראל תוצרת חקלאית בע,IL,תפוח אדמה אדום,Unknown,0.00,יחידה,false,,25.90,0.0000,true,1,263849
7290009002997,false,תפוח אדמה תפזורת,אראל תוצרת חקלאית בע,IL,תפוח אדמה תפזורת,קילוגרמים,1.00,"ק""ג",true,,6.90,6.9000,true,1,246544
7290009003079,false,שומר,אראל תוצרת חקלאית בע,IL,שומר,קילוגרמים,1.00,"ק""ג",true,,6.90,6.9000,true,1,246593
7290009003109,false,מלון,אראל תוצרת חקלאית בע,IL,מלון,קילוגרמים,1.00,"ק""ג",true,,5.90,5.9000,true,1,246604
7290009003116,false,מלון ספרדי,אראל תוצרת חקלאית בע,IL,מלון ספרדי,קילוגרמים,1.00,"ק""ג",true,,5.90,5.9000,true,1,291784
7290009003123,false,מלון כתום,אראל תוצרת חקלאית בע,IL,מלון כתום,קילוגרמים,1.00,"ק""ג",true,,4.90,4.9000,true,1,246622
7290009003246,false,פטריות במשקל,מרינה פטריות,IL,פטריות במשקל,קילוגרמים,1.00,"ק""ג",true,,31.90,31.9000,true,1,246665
7290009003338,false,פלפל טינקרבל,אראל תוצרת חקלאית בע,IL,פלפל טינקרבל,קילוגרמים,1.00,"ק""ג",true,,9.90,9.9000,true,1,300996
7290009003369,false,אפרסמון קרמבו,אראל תוצרת חקלאית בע,IL,אפרסמון קרמבו,קילוגרמים,1.00,"ק""ג",true,,11.90,11.9000,true,1,313463
7290009003444,false,שורש יח,ברכת קטיף,IL,שורש יח,Unknown,0.00,יחידה,false,,9.90,0.0000,true,1,246728
7290009003451,false,סלרי ראש יח,ברכת קטיף,IL,סלרי ראש יח,Unknown,0.00,יחידה,false,,4.90,0.0000,true,1,246729
7290009004281,false,תירס,אראל תוצרת חקלאית בע,IL,תירס,קילוגרמים,1.00,"ק""ג",true,,9.90,9.9000,true,1,297003
7290009004366,false,תירס ארוז,אראל תוצרת חקלאית בע,IL,תירס,קילוגרמים,1.00,"ק""ג",true,,9.90,9.9000,true,1,300702
7290009004519,false,שום סולו 250 גרם,אראל תוצרת חקלאית בע,IL,שום סולו 250 גרם,גרמים,250.00,100 גרם,false,,6.00,2.4000,true,1,307164
7290009004847,false,תירס טרי,אראל תוצרת חקלאית בע,IL,תירס טרי,Unknown,0.00,יחידה,false,,14.90,0.0000,true,1,320835
7290009005059,false,תפוז ברשת,אראל תוצרת חקלאית בע,IL,תפוז ברשת,קילוגרמים,1.00,"ק""ג",true,,3.90,3.9000,true,1,247310
7290009005080,false,תפוז,אראל תוצרת חקלאית בע,IL,תפוז,קילוגרמים,1.00,"ק""ג",true,,4.90,4.9000,true,1,247311
7290009005172,false,קלמנטינה,אראל תוצרת חקלאית בע,IL,קלמנטינה,קילוגרמים,1.00,"ק""ג",true,,4.90,4.9000,true,1,247318
7290009005196,false,אשכולית אדומה,אראל תוצרת חקלאית בע,IL,אשכולית אדומה,קילוגרמים,1.00,"ק""ג",true,,4.90,4.9000,true,1,247321
7290009005202,false,אשכולית לבנה,אראל תוצרת חקלאית בע,IL,אשכולית לבנה,קילוגרמים,1.00,"ק""ג",true,,3.90,3.9000,true,1,247325
7290009005226,false,פומלה,אראל תוצרת חקלאית בע,IL,פומלה,קילוגרמים,1.00,"ק""ג",true,,7.90,7.9000,true,1,247331
7290009005233,false,פומלה אדומה,אראל תוצרת חקלאית בע,IL,פומלה אדומה,קילוגרמים,1.00,"ק""ג",true,,7.90,7.9000,true,1,247332
7290009005257,false,פומלית,אראל תוצרת חקלאית בע,IL,פומלית,קילוגרמים,1.00,"ק""ג",true,,7.90,7.9000,true,1,247335
7290009005301,false,לימון,אראל תוצרת חקלאית בע,IL,לימון,קילוגרמים,1.00,"ק""ג",true,,7.90,7.9000,true,1,247343
7290009005325,false,לימון ברשת,אראל תוצרת חקלאית בע,IL,לימון ברשת,קילוגרמים,1.00,"ק""ג",true,,4.90,4.9000,true,1,249259
7290009005387,false,תפוח עץ גולד רוז,אראל תוצרת חקלאית בע,IL,תפוח עץ גולד רוז,קילוגרמים,1.00,"ק""ג",true,,9.90,9.9000,true,1,299199
7290009005417,false,"בננות ""העמק""",אראל תוצרת חקלאית בע,IL,בננות,קילוגרמים,1.00,"ק""ג",true,,2.90,2.9000,true,1,247363
7290009005615,false,אבוקדו,אראל תוצרת חקלאית בע,IL,אבוקדו,קילוגרמים,1.00,"ק""ג",true,,9.90,9.9000,true,1,247549
7290009005707,false,רימון,אראל תוצרת חקלאית בע,IL,רימון,קילוגרמים,1.00,"ק""ג",true,,5.90,5.9000,true,1,247570
7290009005806,false,חבושים,אראל תוצרת חקלאית בע,IL,חבושים,קילוגרמים,1.00,"ק""ג",true,,6.90,6.9000,true,1,247585
7290009005912,false,אבוקדו ברשת,אראל תוצרת חקלאית בע,IL,אבוקדו ברשת,קילוגרמים,1.00,"ק""ג",true,,7.90,7.9000,true,1,261788
7290009005950,false,אפרסק,אראל תוצרת חקלאית בע,IL,אפרסק,קילוגרמים,1.00,"ק""ג",true,,8.90,8.9000,true,1,250101
7290009005967,false,אפרסק פיתה,אראל תוצרת חקלאית בע,IL,אפרסק פיתה,קילוגרמים,1.00,"ק""ג",true,,9.90,9.9000,true,1,259919
7290009006032,false,אגס נאשי,אראל תוצרת חקלאית בע,IL,אגס נאשי,קילוגרמים,1.00,"ק""ג",true,,11.90,11.9000,true,1,249256
7290009006049,false,אגס חום,אראל תוצרת חקלאית בע,IL,אגס חום,קילוגרמים,1.00,"ק""ג",true,,11.90,11.9000,true,1,247632
7290009006056,false,אגס אדום,אראל תוצרת חקלאית בע,IL,אגס אדום,קילוגרמים,1.00,"ק""ג",true,,11.90,11.9000,true,1,247635
7290009006063,false,אגס,אראל תוצרת חקלאית בע,IL,אגס,קילוגרמים,1.00,"ק""ג",true,,11.90,11.9000,true,1,247638
7290009006209,false,גויאבה,אראל תוצרת חקלאית בע,IL,גויאבה,קילוגרמים,1.00,"ק""ג",true,,11.90,11.9000,true,1,247658
7290009006308,false,קיווי,אראל תוצרת חקלאית בע,IL,קיווי,קילוגרמים,1.00,"ק""ג",true,,12.90,12.9000,true,1,247674
7290009006322,false,קוקוס יחידה,אראל תוצרת חקלאית בע,IL,קוקוס יחידה,Unknown,0.00,יחידה,false,,5.90,0.0000,true,1,249253
7290009006551,false,מנגו,אראל תוצרת חקלאית בע,IL,מנגו,קילוגרמים,1.00,"ק""ג",true,,7.90,7.9000,true,1,247741
7290009006803,false,אננס מתוק במיוחד,אראל תוצרת חקלאית בע,IL,אננס יחידה,Unknown,0.00,יחידה,false,,25.90,0.0000,true,1,247842
7290009006810,false,אפרסמון,אראל תוצרת חקלאית בע,IL,אפרסמון,קילוגרמים,1.00,"ק""ג",true,,7.90,7.9000,true,1,247844
7290009007015,false,תפוח עץ סמיט,אראל תוצרת חקלאית בע,IL,תפוח עץ סמיט,קילוגרמים,1.00,"ק""ג",true,,9.90,9.9000,true,1,247890
7290009007022,false,תפוח עץ מוזהב,אראל תוצרת חקלאית בע,IL,תפוח עץ מוזהב,קילוגרמים,1.00,"ק""ג",true,,9.90,9.9000,true,1,247891
7290009007039,false,תפוח עץ יונתן,אראל תוצרת חקלאית בע,IL,תפוח עץ יונתן,קילוגרמים,1.00,"ק""ג",true,,9.90,9.9000,true,1,247892
7290009007046,false,תפוח עץ חרמון,אראל תוצרת חקלאית בע,IL,תפוח עץ חרמון,קילוגרמים,1.00,"ק""ג",true,,9.90,9.9000,true,1,247897
7290009007053,false,תפוח עץ גאלה,אראל תוצרת חקלאית בע,IL,תפוח עץ גאלה,קילוגרמים,1.00,"ק""ג",true,,9.90,9.9000,true,1,247898
7290009007077,false,תפוח עץ ברשת,אראל תוצרת חקלאית בע,IL,תפוח עץ ברשת,קילוגרמים,1.00,"ק""ג",true,,6.90,6.9000,true,1,249248
7290009007107,false,תפוח עץ ענה,אראל תוצרת חקלאית בע,IL,תפוח עץ ענה,קילוגרמים,1.00,"ק""ג",true,,7.90,7.9000,true,1,249251
7290009007138,false,תפוח עץ פינק,אראל תוצרת חקלאית בע,IL,תפוח עץ פינק,קילוגרמים,1.00,"ק""ג",true,,9.90,9.9000,true,1,298161
7290009007206,false,נקטרינה,אראל תוצרת חקלאית בע,IL,נקטרינה,קילוגרמים,1.00,"ק""ג",true,,5.90,5.9000,true,1,249258
7290009007503,false,ערמונים,אראל תוצרת חקלאית בע,IL,ערמונים,קילוגרמים,1.00,"ק""ג",true,,17.90,17.9000,true,1,248449
7290009007787,false,ענבים רד גלוב,אראל תוצרת חקלאית בע,IL,ענבים רד גלוב,קילוגרמים,1.00,"ק""ג",true,,9.90,9.9000,true,1,324036
7290009008302,false,ענבים ירוקים,אראל תוצרת חקלאית בע,IL,ענבים לבנים,קילוגרמים,1.00,"ק""ג",true,,19.90,19.9000,true,1,248552
7290009008319,false,ענבים שחורים רד גלוב,אראל תוצרת חקלאית בע,IL,ענבים שחורים,קילוגרמים,1.00,"ק""ג",true,,9.90,9.9000,true,1,248553
7290009008401,false,שזיף לבן/צהוב/אבטיח,אראל תוצרת חקלאית בע,IL,שזיף לבן/צהוב,קילוגרמים,1.00,"ק""ג",true,,9.90,9.9000,true,1,248602
7290009008418,false,שזיף אדום,אראל תוצרת חקלאית בע,IL,שזיף אדום,קילוגרמים,1.00,"ק""ג",true,,9.90,9.9000,true,1,248614
7290009008425,false,שזיף שגיב,אראל תוצרת חקלאית בע,IL,שזיף שגיב,קילוגרמים,1.00,"ק""ג",true,,11.90,11.9000,true,1,248620
7290009008562,false,שיזף,אראל תוצרת חקלאית בע,IL,שיזף,קילוגרמים,1.00,"ק""ג",true,,24.90,24.9000,true,1,288031
7290009008814,false,"מארז אבוקדו כ 2.5 ק""",אראל תוצרת חקלאית בע,IL,"מארז אבוקדו כ 2.5 ק""",פריט,2.50,"ק""ג",false,,19.90,7.9600,true,1,325178
7290009008821,false,"מארז תפוז כ 2.5 ק""ג",אראל תוצרת חקלאית בע,IL,"מארז תפוז כ 2.5 ק""ג",פריט,2.50,"ק""ג",false,,9.90,3.9600,true,1,325179
7290009028768,false,שקית ענק אושר עד,,,שקית ענק אושר עד,Unknown,0.00,יחידה,false,,0.60,0.0000,true,1,252342
7290009068818,false,אגוז ברזיל טבעי במשק,דין שיווק,IL,אגוז ברזיל טבעי במשק,קילוגרמים,1.00,"ק""ג",true,,89.00,89.0000,true,1,249339
7290009068825,false,אגוז קלוף במשקל,דין שיווק,IL,אגוז קלוף במשקל,קילוגרמים,1.00,"ק""ג",true,,59.00,59.0000,true,1,249340
7290009068849,false,בוטן מסוכר במשקל,דין שיווק,IL,בוטן מסוכר במשקל,קילוגרמים,1.00,"ק""ג",true,,30.00,30.0000,true,1,249341
7290009068856,false,בוטן קלוי במשקל,דין שיווק,CN,בוטן קלוי במשקל,קילוגרמים,1.00,"ק""ג",true,,24.00,24.0000,true,1,249342
7290009068863,false,בונדוק טבעי במשקל,דין שיווק,TR,בונדוק טבעי במשקל,קילוגרמים,1.00,"ק""ג",true,,77.00,77.0000,true,1,249343
7290009068870,false,בונדוק קלוי במשקל,דין שיווק,TR,בונדוק קלוי במשקל,קילוגרמים,1.00,"ק""ג",true,,88.00,88.0000,true,1,249344
7290009068887,false,גרעין אבטיח קלוי במש,דין שיווק,IL,גרעין אבטיח קלוי במש,קילוגרמים,1.00,"ק""ג",true,,55.00,55.0000,true,1,249346
7290009068894,false,גרעין לבן קלוי במשקל,דין שיווק,IL,גרעין לבן קלוי במשקל,קילוגרמים,1.00,"ק""ג",true,,39.00,39.0000,true,1,249347
7290009068917,false,גרעין שחור קלוי במשק,דין שיווק,US,גרעין שחור קלוי במשק,קילוגרמים,1.00,"ק""ג",true,,19.00,19.0000,true,1,249348
7290009068955,false,גרעין חמניה קלוף טבע,"דין שיווק וקלייה בע""",IL,גרעין חמניה קלוף טבע,קילוגרמים,1.00,"ק""ג",true,,39.00,39.0000,true,1,249350
7290009068962,false,מנצס במשקל,דין שיווק,CN,מנצס במשקל,קילוגרמים,1.00,"ק""ג",true,,47.00,47.0000,true,1,249351
7290009069006,false,פיסטוק ענק קלוי במשק,דין שיווק,US,פיסטוק ענק קלוי במשק,קילוגרמים,1.00,"ק""ג",true,,69.00,69.0000,true,1,249352
7290009069051,false,פקאן טבעי במשקל,דין שיווק,US,פקאן טבעי במשקל,קילוגרמים,1.00,"ק""ג",true,,119.00,119.0000,true,1,249353
7290009069068,false,פקאן סיני במשקל,דין שיווק,IL,פקאן סיני במשקל,קילוגרמים,1.00,"ק""ג",true,,118.00,118.0000,true,1,249354
7290009069075,false,פיסטוק טבעי במשקל,דין שיווק,CN,צנובר במשקל,קילוגרמים,1.00,"ק""ג",true,,195.00,195.0000,true,1,249355
7290009069112,false,קשיו קלוי במשקל,דין שיווק,VN,קשיו קלוי במשקל,קילוגרמים,1.00,"ק""ג",true,,69.00,69.0000,true,1,249366
7290009069129,false,שקד שבבים במשקל,דין שיווק,US,שקד שבבים במשקל,קילוגרמים,1.00,"ק""ג",true,,115.00,115.0000,true,1,249367
7290009069143,false,שקד טבעי ענק במשקל,דין שיווק,US,שקד טבעי ענק במשקל,קילוגרמים,1.00,"ק""ג",true,,85.00,85.0000,true,1,249369
7290009069150,false,שקד טבעי בקליפה במשק,דין שיווק,US,שקד טבעי בקליפה במשק,קילוגרמים,1.00,"ק""ג",true,,83.00,83.0000,true,1,249290
7290009069174,false,שקד מסוכר במשקל,"דין שיווק וקלייה בע""",IL,שקד מסוכר במשקל,קילוגרמים,1.00,"ק""ג",true,,75.00,75.0000,true,1,249371
7290009069181,false,שקד ספרדי קלוי במשקל,דין שיווק,US,שקד ספרדי קלוי במשקל,קילוגרמים,1.00,"ק""ג",true,,90.00,90.0000,true,1,249370
7290009069235,false,חטיפים יפני במשקל,דין שיווק,TH,חטיפים יפני במשקל,קילוגרמים,1.00,"ק""ג",true,,65.00,65.0000,true,1,249372
7290009069242,false,בוטן אמריקאי במשקל,דין שיווק,IL,בוטן אמריקאי במשקל,קילוגרמים,1.00,"ק""ג",true,,26.00,26.0000,true,1,249373
7290009069259,false,קבוקים במשקל,דין שיווק,IL,קבוקים במשקל,קילוגרמים,1.00,"ק""ג",true,,26.00,26.0000,true,1,249374
7290009069266,false,בוטן בקליפה במשקל,דין שיווק,IL,בוטן בקליפה במשקל,קילוגרמים,1.00,"ק""ג",true,,15.00,15.0000,true,1,249375
7290009069273,false,משמש במשקל,דין שיווק,TR,משמש במשקל,קילוגרמים,1.00,"ק""ג",true,,54.00,54.0000,true,1,249376
7290009069280,false,צימוק חום במשקל,דין שיווק,TR,צימוק חום במשקל,קילוגרמים,1.00,"ק""ג",true,,28.00,28.0000,true,1,249377
7290009069297,false,צימוק לבן ענק במשקל,דין שיווק,US,צימוק לבן ענק במשקל,קילוגרמים,1.00,"ק""ג",true,,44.00,44.0000,true,1,249378
7290009069303,false,צימוק לבן במשקל,דין שיווק,US,צימוק לבן במשקל,קילוגרמים,1.00,"ק""ג",true,,37.00,37.0000,true,1,249379
7290009069327,false,תאנים גדולות במשקל,דין שיווק,TR,תאנים גדולות במשקל,קילוגרמים,1.00,"ק""ג",true,,47.00,47.0000,true,1,249381
7290009069334,false,שזיף ללא גרעין במשקל,דין שיווק,AR,שזיף ללא גרעין במשקל,קילוגרמים,1.00,"ק""ג",true,,25.00,25.0000,true,1,249383
7290009069341,false,תמר מגהול בינוני במש,דין שיווק,IL,תמר מגהול בינוני במש,קילוגרמים,1.00,"ק""ג",true,,35.00,35.0000,true,1,249286
7290009069426,false,אננס פלחים במשקל,,,אננס פלחים במשקל,קילוגרמים,1.00,"ק""ג",true,,24.00,24.0000,true,1,249419
7290009069440,false,בננה ציפס במשקל,דין שיווק,PH,בננה ציפס במשקל,קילוגרמים,1.00,"ק""ג",true,,33.00,33.0000,true,1,249420
7290009069471,false,מנגו מיובש במשקל,דין שיווק,GH,מנגו מיובש במשקל,קילוגרמים,1.00,"ק""ג",true,,28.00,28.0000,true,1,249382
7290009069495,false,פאפיה במשקל,דין שיווק,TH,פאפיה במשקל,קילוגרמים,1.00,"ק""ג",true,,29.00,29.0000,true,1,303746
7290009069501,false,תמר מגהול ענק,דין שיווק,IL,תמר מגהול ענק,קילוגרמים,1.00,"ק""ג",true,,45.00,45.0000,true,1,249289
7290009069600,false,פירות תוצרת חוץ,דין שיווק,IL,פירות תוצרת חוץ,קילוגרמים,1.00,"ק""ג",true,,50.00,50.0000,true,1,249345
7290009069990,false,תערובות לאורז - תערו,"דין שיווק וקלייה בע""",IL,תבלינים בקבוצה 2 במש,קילוגרמים,1.00,"ק""ג",true,,50.00,50.0000,true,1,249356
7290009077162,false,מלפפון/ירקות במשקל,דין שיווק,IL,מלפפון/ירקות במשקל,קילוגרמים,1.00,"ק""ג",true,,40.00,40.0000,true,1,253749
7290009077483,false,זית ירוק במשקל,דין שיווק,GR,זית ירוק במשקל,קילוגרמים,1.00,"ק""ג",true,,54.00,54.0000,true,1,253747
7290009077681,false,זית יווני במשקל,דין שיווק,GR,זית יווני במשקל,קילוגרמים,1.00,"ק""ג",true,,59.00,59.0000,true,1,253748
7290009090017,false,תבלינים בקבוצה 4 במש,נפטון,IL,תבלינים בקבוצה 4 במש,קילוגרמים,1.00,"ק""ג",true,,100.00,100.0000,true,1,249357
7290009951394,false,חלבה וניל תפזורת,"דין שיווק וקלייה בע""",IL,חלוה במשקל,קילוגרמים,1.00,"ק""ג",true,,49.00,49.0000,true,1,250020
7290009951431,false,פירות אקזוטיים במשקל,"דין שיווק וקלייה בע""",VN,פירות טרופיים במשקל,קילוגרמים,1.00,"ק""ג",true,,80.00,80.0000,true,1,249422
7290009951455,false,תבלינים / פלפל,"דין שיווק וקלייה בע""",IL,תבלינים / פלפל,קילוגרמים,1.00,"ק""ג",true,,75.00,75.0000,true,1,252454
7290009951479,false,תבלינים בקבוצה 3 במש,"דין שיווק וקלייה בע""",IL,תערובת הבית,קילוגרמים,1.00,"ק""ג",true,,100.00,100.0000,true,1,251248
7290010066599,false,רביעיית נתחי טונה בשמן זית פילטונה 158X4 גרם,תעשיות פילטונה,IL,טונה בשמן זית פילטונ,גרמים,640.00,100 גרם,false,,27.90,4.3594,true,1,264028
7290010116980,false,אבקת שוקולית שקית עלית 850 ג',הנסיך- מפעל לייצור ט,IL,שוקולית 850 גרם,גרמים,850.00,100 גרם,false,,14.90,1.7529,true,1,247943
7290010117864,false,דוריטוס חטיף תירס בטעם חריף אש עלית 70 גרם,"שטראוס פריטו ליי בע""\מ )",IL,דוריטוס בטעם חריף אש,גרמים,70.00,100 גרם,false,,3.20,4.5714,true,1,247945
7290010151776,false,יין דרימיה קברנה סוב,חבל יתיר,IL,יין דרימיה קברנה סוב,מיליליטרים,750.00,"100 מ""ל",false,,119.90,15.9867,true,1,314876
7290010153817,false,ריבת חלב אמיתי מיה 400 גרם,מיה תעשיות מזון מ.ת.מ. ב,IL,ריבת חלב מיה 400 גרם,גרמים,400.00,100 גרם,false,,9.90,2.4750,true,1,247958
7290010153848,false,תבלין פפריקה מרוקאי בשמן 80 גר' מיה,מיה תעשיות מזון מ.ת.מ. ב,IL,פפריקה מתוקה בשמן מי,גרמים,80.00,100 גרם,false,,5.80,7.2500,true,1,247961
7290010153855,false,פפריקה מרוקאית בשמן 300 גרם צנצנת,מיה תעשיות מזון מ.ת.מ. ב,IL,פפריקה מרוקאית בשמן,גרמים,300.00,100 גרם,false,,14.90,4.9667,true,1,247962
7290010153862,false,פלפל שחור גרוס בצנצנת מיה 70 גרם,מיה תעשיות מזון מ.ת.מ. ב,IL,פלפל שחור גרוס מיה 7,גרמים,70.00,100 גרם,false,,6.90,9.8571,true,1,247963
7290010153879,false,ריבת חלב מרוכזת בטעם שמנת מיה 400 גר',מיה תעשיות מזון מ.ת.מ. ב,IL,ריבת חלב בטעם שמנת מ,גרמים,400.00,100 גרם,false,,9.90,2.4750,true,1,247964
7290010154005,false,סחוג תימני יוחאי ביטון 250 גרם,תבליני יוחאי ביטון,IL,סחוג תימני ביטון 250,גרמים,250.00,100 גרם,false,,13.50,5.4000,true,1,247968
7290010154012,false,לימון בלאדי כבוש תבליני ביטון 250 גרם,תבליני ביטון יוחאי,IL,לימון בלאדי ביטון 25,גרמים,250.00,100 גרם,false,,13.50,5.4000,true,1,263016
7290010154029,false,אריסה מתוקה יוחאי ביטון 250 גרם,תבליני יוחאי ביטון,IL,אריסה מתוקה ביטון 25,גרמים,250.00,100 גרם,false,,13.50,5.4000,true,1,247969
7290010154265,false,פלפל צ'ומה תבליני ביטון 250 גרם,תבליני יוחאי ביטון,IL,פלפל צומה ביטון 250,גרמים,250.00,100 גרם,false,,13.50,5.4000,true,1,247972
7290010154678,false,אריסה מרוקאית תבליני ביטון 250 גרם,תבליני ביטון יוחאי,IL,אריסה חריף פיקנטי בי,גרמים,250.00,100 גרם,false,,13.50,5.4000,true,1,300864
7290010154685,false,סלט שום כתוש 250 ג' ביטון יוחאי,תבליני ביטון יוחאי,IL,שום כתוש ביטון 250 ג,גרמים,250.00,100 גרם,false,,13.50,5.4000,true,1,300865
7290010175819,false,חמאת בוטנים קלאסית טעמן 510 גרם,ניצה אס סיי,AR,חמאת בוטנים קלאסית ט,גרמים,510.00,100 גרם,false,,11.90,2.3333,true,1,247985
7290010175826,false,חמאת בוטנים עם שברי בוטנים טעמן 510 גרם,ניצה אס סיי,AR,חמאת בוטנים שברי בוט,גרמים,510.00,100 גרם,false,,11.90,2.3333,true,1,247986
7290010175840,false,לבבות דקל שלמים טעים 400 גרם,אינאקספו,UY,לבבות דקל שלם טעים 4,גרמים,400.00,100 גרם,false,,11.50,2.8750,true,1,251051
7290010175857,false,פרוסות לבבות דקל במי מלח טעים 400 גרם,אינאקספו,UY,לבבות דקל פרוס טעים,גרמים,400.00,100 גרם,false,,10.50,2.6250,true,1,251050
7290010176212,false,נודלס בטעם עוף בכוס 65 גר' טעמן,זיזיאנג גרין הום פוד,CN,תאי נודלס בטעם עוף ט,גרמים,65.00,100 גרם,false,,3.90,6.0000,true,1,247988
7290010176229,false,נודלס בטעם בקר בכוס 65 גר' טעמן,זיזיאנג גרין הום פוד,CN,תאי נודלס בטעם בקר ט,גרמים,65.00,100 גרם,false,,3.90,6.0000,true,1,250532
7290010176236,false,ארוחת נודלס בטעם ירקות טעים 65 גרם,זיזיאנג גרין הום פוד,CN,תאי נודלס בטעם ירקות,גרמים,65.00,100 גרם,false,,3.90,6.0000,true,1,247989
7290010176243,false,נודלס בטעם סיני בכוס 65 גר' טעמן,זיזיאנג גרין הום פוד,CN,תאי נודלס בטעם סיני,גרמים,65.00,100 גרם,false,,3.90,6.0000,true,1,250531
7290010193288,false,קישקע ממולא גלאט עוף 500 גרם,מ ב גלאט עוף למהדרין,IL,קישקע גלאט עוף 500 ג,גרמים,500.00,100 גרם,false,,14.90,2.9800,true,1,249734
7290010237562,false,משקה פפסי מרינדה קוו,"טמפו משקאות בע""מ",IL,"מירינדה 500 מ""ל",מיליליטרים,500.00,"100 מ""ל",false,,3.90,0.7800,true,1,263305
7290010237890,false,"בירה הייניקן בקבוק 500 מ""ל חוזר",טמפו משקאות בע''מ,IL,בירה היינקן ב.חוזר 5,מיליליטרים,500.00,"100 מ""ל",false,,8.90,1.7800,true,1,254753
7290010259991,false,צנימים מיוחדים בטעם טבעי 250 ג',קריות זול,PT,צנימים ויליפוד 250 ג,גרמים,250.00,100 גרם,false,,7.90,3.1600,true,1,257212
7290010318230,false,אלספה כשר אלטמן,אלטמן,,אלספה כשר אלטמן,Unknown,0.00,יחידה,false,,129.90,0.0000,true,1,322970
7290010328093,false,ממרח חלווה אחווה 400 ג' מהדרין,אחדות בית חרושת לטחי,IL,ממרח חלוה אחוה 400 ג,גרמים,400.00,100 גרם,false,,9.90,2.4750,true,1,248018
7290010328239,false,טחינה גולמית מתובלת אחווה 500 ג',אחדות ביחר לטחינה חל,IL,טחינה מתובלת אחוה 50,גרמים,500.00,100 גרם,false,,10.90,2.1800,true,1,248020
7290010328345,false,חלווה בקופסה אחוה 50 גרם,אחדות ביחר לטחינה חל,IL,חטיף חלוה וניל אחוה,גרמים,50.00,100 גרם,false,,1.60,3.2000,true,1,252780
7290010328451,false,אחווה חלווה עם פולי קקאו 400 גר,אחדות ביחר לטחינה חל,IL,חלוה פולי קקאו אחוה,גרמים,400.00,100 גרם,false,,11.90,2.9750,true,1,258220
7290010328468,false,מארז מיני חלווה אחוה בטעמים 18 יחידות 216 גרם,שוורצקוף& הנקל דיסלד,IL,חטיפי מיני חלוה אחוה,גרמים,216.00,100 גרם,false,,9.80,4.5370,true,1,265937
7290010328505,false,"מארז מיני חלווה 15 יחידות לל""ס אחוה 150 גרם",אחדות ביחר לטחינה חל,IL,חטיפי מיני חלוה ללא,גרמים,150.00,100 גרם,false,,9.80,6.5333,true,1,265938
7290010328680,false,עוגה בטעם שוקולד עם שוקוצ'יפס מריר ולבן 450 גרם,אחדות ביחר לטחינה חל,IL,עוגת שוקולד ציפס מרי,גרמים,450.00,100 גרם,false,,9.80,2.1778,true,1,268491
7290010328710,false,קיצפיות בטעם וניל תות 18,אחדות ביחר לטחינה חל,IL,קצפיות אחוה 180 גרם,גרמים,180.00,100 גרם,false,,8.50,4.7222,true,1,295466
7290010328727,false,ממרח טחינה עם שוקולד אחווה 400 גרם,אחדות ביחר לטחינה חל,IL,ממרח שומשום עם שוקול,גרמים,400.00,100 גרם,false,,9.90,2.4750,true,1,290626
7290010328734,false,ממרח טחינה עם סילאן משומשום מלא,אחדות ביחר לטחינה חל,IL,ממרח שומשום עם סילאן,גרמים,400.00,100 גרם,false,,9.90,2.4750,true,1,291461
7290010328765,false,חלבה חטיף שוקו וניל וחלבה אחווה 50 גרם,אחדות ביחר לטחינה חל,IL,חטיף חלוה שוקו וניל,גרמים,50.00,100 גרם,false,,1.60,3.2000,true,1,295828
7290010328819,false,"ממרח טחינה עם שוקולד לל""ס 400 ג' אחדות!.",אחדות ביחר לטחינה חל,IL,ממרח שומשום עם שוקול,גרמים,400.00,100 גרם,false,,9.90,2.4750,true,1,294283
7290010328895,false,מאפין בטעם שוקולד45 גרם אחוה,אחדות ביחר לטחינה חל,IL,מאפין שוקולד אחוה 45,גרמים,45.00,100 גרם,false,,1.30,2.8889,true,1,294906
7290010328901,false,מאפין בטעם וניל 45 גרם אחוה,אחדות ביחר לטחינה חל,IL,מאפין וניל אחוה 45 ג,גרמים,45.00,100 גרם,false,,1.30,2.8889,true,1,295993
7290010471669,false,יוגורט תות עם קורנפלקס מצופה שוקולד ללא גלוטן 3.9%,"שטראוס בריאות בע""\מ",IL,דנונה בר תות וקורנפל,גרמים,175.00,100 גרם,false,,4.30,2.4571,true,1,249578
7290010472307,false,"שמיניית משקה גמדים תות בננה דיסני 108 מ""ל",מיוצר עי קונדיטוריית,IL,מארז משקה גמדים תות,גרמים,800.00,100 גרם,false,,19.90,2.4875,true,1,294187
7290010472390,false,מארז 8 יחידות מעדן דני בטעם שוקולד 1.5%,מיוצר עי קונדיטוריית,IL,מארז דני שוקולד 8*12,קילוגרמים,1.00,ליטר,false,,14.90,14.9000,true,1,248030
7290010513703,false,צ'ופסטיקס צפצפה - 20 יחידות,גולין פנגזו,CN,צופסטיקס מזרח ומערב,Unknown,0.00,יחידה,false,,6.90,0.0000,true,1,311066
7290010513727,false,פנקו פרורי לחם 200 גרם (קינגדאו),קינגדאו גוניון פודס,CN,פנקו פירורי לחם מזרח,גרמים,200.00,100 גרם,false,,7.90,3.9500,true,1,309811
7290010561148,false,שליש באגט ל.גלוטן בר,"ל.ד בר אל בע""מ",IL,שליש באגט ל.גלוטן בר,גרמים,360.00,100 גרם,false,,9.90,2.7500,true,1,289212
7290010561193,false,לחמניות נקניקיה ל.גל,"ל.ד בר אל בע""מ",IL,לחמניות נקניקיה ל.גל,גרמים,330.00,100 גרם,false,,4.90,1.4848,true,1,289210
7290010561216,false,פיתות ל.גלוטן בראל 5,"ל.ד בר אל בע""מ",IL,פיתות ל.גלוטן בראל 5,גרמים,420.00,100 גרם,false,,9.90,2.3571,true,1,290240
7290010561247,false,לחם ביתי ל.גלוטן ברא,"ל.ד בר אל בע""מ",IL,לחם ביתי ל.גלוטן ברא,גרמים,500.00,100 גרם,false,,4.90,0.9800,true,1,289209
7290010561278,false,לחמניות המבורגר ל.גל,"ל.ד בר אל בע""מ",IL,לחמניות המבורגר ל.גל,גרמים,370.00,100 גרם,false,,4.90,1.3243,true,1,289211
7290010608096,false,קברנה סוביניון הומאז750',יקב טרנקבל,IL,יין יפו קברנה סובניו,מיליליטרים,750.00,"100 מ""ל",false,,89.90,11.9867,true,1,322101
7290010608249,false,יין יפו מרלו 2019,יקב טרנקבל,IL,יין יפו מרלו 2019,מיליליטרים,750.00,"100 מ""ל",false,,89.90,11.9867,true,1,322103
7290010617180,false,"זוג מוצצים סיליקון אורטו-'L""מרכז""",אריסטוקרט,,מוצץ גדול סדרת פרחים,Unknown,0.00,יחידה,false,,16.90,0.0000,true,1,249539
7290010617258,false,מוצץ סיליקון קטן לרך נולד פרח זוגי,אריסטוקרט,,מוצץ קטן סדרת פרחים,Unknown,0.00,יחידה,false,,16.90,0.0000,true,1,248042
7290010617593,false,כוס אימון + ידיות רכות במיוחד (593),אריסטוקרט,,כוס אימון יוקרתית לת,Unknown,0.00,יחידה,false,,14.90,0.0000,true,1,249889
7290010617623,false,כוס אימון דנטל- כוס הפלא 360 לשתיה מכל כיוני הכוס,אריסטוקרט,,כוס אימון פרימיום לת,Unknown,0.00,יחידה,false,,14.90,0.0000,true,1,249888
7290010617913,false,בקבוק הזנה רחב לתינוק ללא ביספינול A,אריסטוקרט,,בקבוק רחב לתינוק ארי,Unknown,0.00,יחידה,false,,18.90,0.0000,true,1,250716
7290010617920,false,שרשרת מוצץ יוקרתית מתאימה לרוב המוצצים,אריסטוקרט,,מחזיק למוצץ אריסטוקר,Unknown,0.00,יחידה,false,,12.90,0.0000,true,1,250718
7290010650019,false,אנדיב בלגי אמיתי חוות תקוע,מרינה פטריות הגליל,IL,אנדיב - עולש,Unknown,0.00,יחידה,false,,11.90,0.0000,true,1,249902
7290010650033,false,בצלצלי שאלוט חוות תק,חוות פטריות תקוע,IL,בצלי שאלוט 250 גרם מ,גרמים,250.00,100 גרם,false,,7.90,3.1600,true,1,249903
7290010650828,false,פטריות שימג'י חוות תקוע 150 גרם,שנגחאי פינק פוד קומפני,IL,פטריות שימגי,Unknown,0.00,יחידה,false,,11.90,0.0000,true,1,302855
7290010650996,false,"פטריות שי מג'י חומות, 150 גרם חוות תקוע",שנגחאי פינק פוד קומפני,IL,פטריות שימגי חומות,Unknown,0.00,יחידה,false,,13.90,0.0000,true,1,317214
7290010656592,false,מיץ ענבים תירוש אדום 100% טבעי 1 ליטר,יקב טפרברג 1870 בעמ,IL,מיץ ענבים תירוש אדום,קילוגרמים,1.00,ליטר,false,,16.90,16.9000,true,1,255301
7290010676712,false,פילה סול ארוז קפוא,,,פילה סול פאר הדג,פריט,1.00,"ק""ג",false,,27.90,27.9000,true,1,258152
7290010748877,false,"אפקטיב קר קרם גוף סנסטיב לעור רגיש ח 700 מ""ל",פישר מעבדות פרמצבטיות בע,IL,קרם גוף אפקטיב קר לע,מיליליטרים,700.00,"100 מ""ל",false,,25.90,3.7000,true,1,273113
7290010757909,false,בורקס גבינה ללא גלוטן אריאל 500 גרם,מאפיית ישראל חיפה,IL,בורקס גבינה ל.גלוטן,גרמים,500.00,100 גרם,false,,19.90,3.9800,true,1,320470
7290010757947,false,אריאל ללא גלוטן- בורקס פטריות 500 גר,מאפיית ישראל חיפה,IL,בורקס פטריות ל.גלוטן,גרמים,500.00,100 גרם,false,,19.90,3.9800,true,1,320468
7290010757961,false,ג'חנון ללא גלוטן אריאל 450 גרם,מאפיית ישראל חיפה,IL,ג'חנון ל.גלוטן אריאל,גרמים,450.00,100 גרם,false,,19.90,4.4222,true,1,320473
7290010777150,false,שמניית פיתה בריבוע מחיטה מלאה פיתה אקספרס,מגוון שיווק והפצת מא,IL,פיתות מרובעות קמח מל,גרמים,800.00,100 גרם,false,,13.90,1.7375,true,1,254798
7290010777280,false,פיתות בריבוע 10יח 900גרם,פיתה אקספרס,IL,פיתות מרובעות פיתה א,פריט,1.00,"ק""ג",false,,12.90,12.9000,true,1,254608
7290010777297,false,פיתות עבודת יד10 יח'/ פיתה ביס לבן 12 יח',מגוון שיווק והפצת מא,IL,פיתות פיתה אקספרס 10,גרמים,600.00,100 גרם,false,,12.90,2.1500,true,1,254606
7290010777358,false,מארז שמיניית פיתות 100% כוסמין מלא,מגוון שיווק והפצת מא,IL,מארז פיתות 100% כוסמ,גרמים,400.00,100 גרם,false,,15.90,3.9750,true,1,302535
7290010777488,false,פיתה מחמצת 100% קמח מלא פיתה אקספרס,מאפיית ביכורים מזון,IL,מארז פיתות מחמצת קמח,גרמים,500.00,100 גרם,false,,15.90,3.1800,true,1,322430
7290010777525,false,מארז שישייה פיתות כוסמין פיתה אקספרס,מאפיית ביכורים מזון,IL,מארז פיתות חוכמת הפי,גרמים,300.00,100 גרם,false,,15.90,5.3000,true,1,322431
7290010883356,false,כפפות אלוורה רב שימושיות גדולות L סנו סושי,סנו סושי,IL,כפפות אלוורה L סנו ס,Unknown,0.00,יחידה,false,,9.90,0.0000,true,1,248069
7290010883363,false,כפפות אלוורה רב שימושיות קטנות S סנו סושי,האי נאם סי או אל.טי.,IL,כפפות אלוורה S סנו ס,Unknown,0.00,יחידה,false,,9.90,0.0000,true,1,248070
7290010883370,false,כפפות אלוורה רב שימושיות בינוניות M סנו סושי,האי נאם סי או אל.טי.,IL,כפפות אלוורה M סנו ס,Unknown,0.00,יחידה,false,,9.90,0.0000,true,1,248071
7290010931330,false,סלט מטבוחה אחלה 500 גרם,מיוצר עי קונדיטוריית,IL,מטבוחה אחלה 500 גרם,גרמים,500.00,100 גרם,false,,13.90,2.7800,true,1,249575
7290010945146,false,קוטג' 3% מועשר בסידן טרה 250 ג' מהדרין,קריות זול,IL,קוטג 3% טרה 250 גרם,גרמים,250.00,100 גרם,false,,5.70,2.2800,true,1,248074
7290010945306,false,חלב בקרטון 3% 2 ליטר טרה,הפריט בפיקוח,IL,חלב 3% טרה 2 ליטר,קילוגרמים,2.00,ליטר,false,,12.30,6.1500,true,1,248075
7290010945450,false,גבינה לבנה 3% 250 גר מועשר בסידן וויטמין,הפריט בפיקוח,IL,גבינה 3% טרה 250 גרם,גרמים,250.00,100 גרם,false,,4.90,1.9600,true,1,248076
7290010984602,false,זית סורי מבוקע בני ד,בני דרום,IL,זית סורי מבוקע בני ד,גרמים,820.00,100 גרם,false,,12.90,1.5732,true,1,299357
7290010984619,false,זית מבוקע בני דרום 8,בני דרום,IL,זית מבוקע בני דרום 8,גרמים,820.00,100 גרם,false,,9.90,1.2073,true,1,315451
7290011017866,false,קוקה קולה קלאסי בפחית,החברה המרכזית לייצור משקאות,IL,"קוקה קולה 330 מ""ל",מיליליטרים,330.00,"100 מ""ל",false,,4.90,1.4848,true,1,311278
7290011017873,false,"פחיות קוקה קולה זירו 330 מ""ל",החברה המרכזית לייצור משקאות,IL,קוקה קולה זירו 330 מ,מיליליטרים,330.00,"100 מ""ל",false,,4.90,1.4848,true,1,311279
7290011018832,false,"קוקה קולה פרידגפק סליק 330 מ""ל שישייה",החברה המרכזית לייצור משקאות,IL,מארז קוקה קולה 6*330,קילוגרמים,1.98,ליטר,false,,21.90,11.0606,true,1,291149
7290011022976,false,נייר אלומיניום אור 1,גי.טי,IL,נייר אלומיניום אור 1,מטרים,60.00,מטר,false,,23.90,0.3983,true,1,324641
7290011081492,false,גלידה בטעם שלושה שוקולדים 1.33ל' קרמיסימו,"גלידת שטראוס בע""\מ, רחוב",IL,גלידה קרמיסימו שלושה,קילוגרמים,1.33,ליטר,false,,16.90,12.7068,true,1,248096
7290011081690,false,קרמיסימו פרווה שוקו ציפ+וניל ציפ 1.33ל,"גלידת שטראוס בע""\מ, רחוב",IL,גלידה קרמיסימו שוקו,קילוגרמים,1.33,ליטר,false,,16.90,12.7068,true,1,248099
7290011091057,false,פפריקה מתוקה 500 ג פרג,תבליני הדור השלישי,IL,פפריקה מתוקה פרג 500,גרמים,500.00,100 גרם,false,,34.90,6.9800,true,1,249003
7290011091071,false,פפריקה חריפה בשמן 500 גרם,תבליני הדור השלישי,IL,פפריקה חריפה בשמן פר,גרמים,500.00,100 גרם,false,,34.90,6.9800,true,1,249002
7290011091088,false,כורכום פרג 500 גרם,תבליני הדור השלישי,IL,כורכום פרג 500 גרם,גרמים,500.00,100 גרם,false,,34.90,6.9800,true,1,249001
7290011091118,false,גריל עוף פרג 500 גרם,תבליני הדור השלישי,IL,גריל עוף פרג 500 גרם,גרמים,500.00,100 גרם,false,,34.90,6.9800,true,1,248998
7290011091392,false,תבלין בהרט לקובה 100 גרם,תבליני הדור השלישי,IL,בהרט לקובה פרג 120 ג,גרמים,100.00,100 גרם,false,,16.90,16.9000,true,1,250323
7290011091507,false,פלפל שחור טחון 100 גרם,תבליני הדור השלישי,IL,פלפל שחור טחון פרג 1,גרמים,100.00,100 גרם,false,,15.90,15.9000,true,1,248995
7290011091620,false,קימל טחון פרג 120 גר,תבליני הדור השלישי,IL,קימל טחון פרג 120 גר,גרמים,120.00,100 גרם,false,,15.90,13.2500,true,1,254934
7290011091651,false,שום גבישי פרג 150 גר,תבליני הדור השלישי,IL,שום גבישי פרג 150 גר,גרמים,150.00,100 גרם,false,,16.90,11.2667,true,1,248982
7290011091873,false,תיבול לשניצל פנקו עד,תבליני הדור השלישי,IL,תיבול לשניצל פנקו עד,גרמים,260.00,100 גרם,false,,12.90,4.9615,true,1,284808
7290011115166,false,נקה 7 ארומה סבון נוזלי לבנדר 1 ל',טרופיקל דגיל תעשיות,IL,תחליב נקה 7 לבנדר 1,קילוגרמים,1.00,ליטר,false,,12.70,12.7000,true,1,248101
7290011115173,false,נקה 7 ארומה סבון נוזלי וניל 1 ל',טרופיקל דגיל תעשיות,IL,תחליב נקה 7 וניל שקד,קילוגרמים,1.00,ליטר,false,,12.70,12.7000,true,1,248102
7290011115203,false,אל סבון מוצק מבושם בניחוח עדין קלאסיק - מארז רביעיה,טרופיקל דגיל תעשיות,IL,סבון מוצק נקה 7 ורוד,גרמים,400.00,100 גרם,false,,10.90,2.7250,true,1,248103
7290011115241,false,אל סבון ארומטי מוצק ורוד ורד ויסמין - מארז רביעיה,"גליל כימיכלים בע""מ",IL,סבון מוצק נקה 7 ורד,גרמים,400.00,100 גרם,false,,10.90,2.7250,true,1,248104
7290011115258,false,אל סבון מוצק מבושם בניחוח עדין קלאסיק - מארז רביעיה,"גליל כימיכלים בע""מ",IL,סבון מוצק נקה 7 ירוק,גרמים,400.00,100 גרם,false,,10.90,2.7250,true,1,248105
7290011115265,false,מארז סבון מוצק ארומה אל סבון מועשר בשמנים ארומטיים,"גליל כימיכלים בע""מ",IL,סבון מוצק נקה 7 לבנד,גרמים,400.00,100 גרם,false,,10.90,2.7250,true,1,248106
7290011115401,false,אל סבון ארומטי מוצק צהוב קמומיל - רביעייה,נקה 7,IL,סבון מוצק נקה 7 קמומ,גרמים,400.00,100 גרם,false,,10.90,2.7250,true,1,250149
7290011126209,false,הגן הקסום תה טעם תפוח וקינמון סיידר ויסוצקי 25 יח',תה ויסוצקי,IL,חליטת תפוח וקינמון ס,גרמים,68.00,100 גרם,false,,17.50,25.7353,true,1,267870
7290011126452,false,הגן הקסום תה בטעם קמומיל ונענע ויסוצקי 25 יחידות,תה ויסוצקי,IL,תה קמומיל נענע הגן ק,גרמים,38.00,100 גרם,false,,17.50,46.0526,true,1,248114
7290011126469,false,חליטת צמחים וקמומיל הגן הקסום ויסוצקי 25 יחידות,תה ויסוצקי,IL,תה קמומיל ודבש הגן ק,גרמים,38.00,100 גרם,false,,17.50,46.0526,true,1,248115
7290011126957,false,תה ירוק ויסוצקי ארל גריי 25 שקיקים,ויסוצקי ירוק,IL,תה ירוק ארל גריי 25,גרמים,38.00,100 גרם,false,,22.90,60.2632,true,1,255306
7290011132583,false,"מארז פפסי מקס 500 מ""ל*6 יח' בקבוק","טמפו משקאות בע""\מ",IL,מארז פפסי מקס 6*500,קילוגרמים,3.00,ליטר,false,,16.90,5.6333,true,1,316868
7290011133375,false,בירה שנדי בתוספת משקה אפרסק - שישייה,"טמפו משקאות בע""מ",IL,מארז בירה שנדי אפרסק,קילוגרמים,1.98,ליטר,false,,29.90,15.1010,true,1,251766
7290011133450,false,פקדון בקבוק חוזר 500,,,פקדון בקבוק חוזר 500,Unknown,0.00,יחידה,false,,1.20,0.0000,true,1,254632
7290011133634,false,"פפסי מקס פחית צרה מארז שישייה 330 מ""ל","טמפו משקאות בע""\מ",AL,מארז פפסי מקס 6*330,קילוגרמים,1.98,ליטר,false,,16.90,8.5354,true,1,307195
7290011148959,false,פלפל טינקרבל יח שמיטה,"מרינה פטריות הגליל בע""מ",IL,פלפל טינקרבל מארז,Unknown,0.00,יחידה,false,,8.90,0.0000,true,1,256720
7290011154028,false,תרכיז סיידר תפוחים טהור טעמי הגליל 1.2 ליטר,טעמי הגליל,IL,סירופ תפוע 1.2 ליטר,קילוגרמים,1.20,ליטר,false,,44.60,37.1667,true,1,248118
7290011154301,false,ממרח תמרים טעמי הגלי,טעמי הגליל,IL,ממרח תמרים טעמי הגלי,גרמים,450.00,100 גרם,false,,5.90,1.3111,true,1,249017
7290011154318,false,סילאן טבעי 900גר טעמי הגליל,טעמי הגליל,IL,סילאן טבעי טעמי הגלי,גרמים,900.00,100 גרם,false,,19.90,2.2111,true,1,290769
7290011164164,false,מארז לקקני סודה 40 יחידות 360 גרם,גואנגדונג צאואן פוד,CN,לקקן סודה טעמן 40 יח,גרמים,310.00,100 גרם,false,,15.90,5.1290,true,1,248127
7290011164539,false,סוכריות טופי ממולא בטעם פירות 120 יחידות 600 גרם,פאסין אס אי,BR,סוכריות פרוטמילה טופ,גרמים,600.00,100 גרם,false,,9.90,1.6500,true,1,248128
7290011164546,false,סוכריות טופי ממולא בטעם חמוץ 120 יחידות 600 גרם,פאסין אס אי,BR,סוכריות פרוטמילה טופ,גרמים,600.00,100 גרם,false,,9.90,1.6500,true,1,248129
7290011194215,false,מעדן גבינה ויוגורט בטעם בננה 5% שומן 88 ג' דניאלה,"שטראוס בריאות בע""מ",IL,דניאלה בננה 88 גרם,Unknown,0.00,יחידה,false,,3.90,0.0000,true,1,248141
7290011194246,false,קוטג' 5% עם סידן 250 ג' שטראוס,מיוצר עי קונדיטוריית,IL,קוטג 5% שטראוס 250 ג,גרמים,250.00,100 גרם,false,,5.80,2.3200,true,1,248142
7290011240868,false,"יין מוסקטו אדום מבעבע יקבי ציון 750 מ""ל",יקבי ציון,IL,יין מוסקטו אדום מבעב,מיליליטרים,750.00,"100 מ""ל",false,,29.90,3.9867,true,1,268307
7290011240905,false,"יין מוסקטו לבן מבעבע יקבי ציון 750 מ""ל",יקבי ציון,IL,יין מוסקטו לבן מבעב,מיליליטרים,750.00,"100 מ""ל",false,,29.90,3.9867,true,1,268308
7290011249212,false,וופל עלמה בלגי לימון 200 גר' ללא סוכר,"גילרו בע""מ",IL,ופלים קראנץ' במילוי,גרמים,200.00,100 גרם,false,,2.90,1.4500,true,1,323774
7290011253455,false,יין גוש עציון נחל הע,יקב גוש עציון,IL,יין גוש עציון נחל הע,מיליליטרים,750.00,"100 מ""ל",false,,89.90,11.9867,true,1,320432
7290011253462,false,יין גוש עציון שדה בו,יקב גוש עציון,IL,יין גוש עציון שדה בו,מיליליטרים,750.00,"100 מ""ל",false,,119.90,15.9867,true,1,320433
7290011254070,false,תבלין פלפל שחור בשקית 50ג' מיה,מיה תעשיות מזון מ.ת.מ. ב,IL,פלפל שחור שקית מיה 5,גרמים,50.00,100 גרם,false,,6.90,13.8000,true,1,248143
7290011254087,false,תבלין קינמון בשקית 80 גר' מיה,מיה תעשיות מזון מ.ת.מ. ב,IL,קינמון שקית מיה 80 ג,גרמים,80.00,100 גרם,false,,3.90,4.8750,true,1,248144
7290011254094,false,תבלין כמון 80גר' שקית,מיה תעשיות מזון מ.ת.מ. ב,IL,כמון שקית מיה 80 גרם,גרמים,80.00,100 גרם,false,,3.90,4.8750,true,1,253398
7290011254100,false,תבלין כרכום בשקית 80 גר' מיה,מיה תעשיות מזון מ.ת.מ. ב,IL,כורכום שקית מיה 80 ג,גרמים,80.00,100 גרם,false,,3.90,4.8750,true,1,248145
7290011254117,false,תבלין פפריקה מתוקה בשקית 80 גר' מיה,מיה תעשיות מזון מ.ת.מ. ב,IL,פפריקה מתוקה שקית מי,גרמים,80.00,100 גרם,false,,3.90,4.8750,true,1,248146
7290011254124,false,תבלין פפריקה חריפה בשקית 80 גר' מיה,מיה תעשיות מזון מ.ת.מ. ב,IL,פפריקה חריפה שקית מי,גרמים,80.00,100 גרם,false,,3.90,4.8750,true,1,248147
7290011254131,false,תבלין אורגנו 20גרם- שקית,מיה תעשיות מזון מ.ת.מ. ב,IL,אורגנו שקית מיה 20 ג,גרמים,20.00,100 גרם,false,,3.90,19.5000,true,1,253392
7290011254148,false,אבקת שום בשקית מיה 80 גרם,מיה תעשיות מזון מ.ת.מ. ב,IL,אבקת שום שקית מיה 80,גרמים,80.00,100 גרם,false,,6.90,8.6250,true,1,248148
7290011254155,false,תבלין מלח לימון בשקית 80 גר' מיה,מיה תעשיות מזון מ.ת.מ. ב,IL,מלח לימון שקית מיה 8,גרמים,100.00,100 גרם,false,,3.90,3.9000,true,1,248149
7290011254162,false,תבלין פלפל לבן 80 גר' מיה,מיה תעשיות מזון מ.ת.מ. ב,IL,פלפל לבן שקית מיה 50,גרמים,50.00,100 גרם,false,,6.90,13.8000,true,1,248150
7290011254179,false,תבלין גריל עוף בשקית 80 גר' מיה,מיה תעשיות מזון מ.ת.מ. ב,IL,גריל עוף שקית מיה 80,גרמים,80.00,100 גרם,false,,3.90,4.8750,true,1,248151
7290011254247,false,תן צ'אפ חטיף גלגלים מארז 15X10ג',מיה תעשיות מזון בעמ,IL,מארז תן צאפ גלגלים 8,גרמים,120.00,100 גרם,false,,7.90,6.5833,true,1,248153
7290011312381,false,פטריות חורש למנגל 320 ג',"מרינה פטריות הגליל בע""מ",IL,פטריות סטייק פורטובל,Unknown,0.00,יחידה,false,,12.90,0.0000,true,1,254930
7290011379018,false,מארז משפחתי שמפיניון 500 ג' מרינה,מרינה פטריות הגליל,IL,מארז פטריות צמד חמד,Unknown,0.00,יחידה,false,,15.90,0.0000,true,1,251104
7290011442309,false,אקונומיקה ריחנית 4 ליטר ר. שמאי,אלמוג דיל בעמ,IL,אקונומיקה קריסטל לימ,קילוגרמים,4.00,ליטר,false,,5.90,1.4750,true,1,265404
7290011447359,false,תחליף חלב מטרנה מהדרין שלב 1 חלבי 700 גרם,מולינו ניקולי s.p.a,IL,מטרנה מהדרין שלב 1 7,גרמים,700.00,100 גרם,false,,47.90,6.8429,true,1,248170
7290011447373,false,תחליף חלב מטרנה מהדרין שלב 2 חלבי 700 גרם,מטרנה תעשיות ש.מ,IL,מטרנה מהדרין שלב 2 7,גרמים,700.00,100 גרם,false,,47.90,6.8429,true,1,248171
7290011489861,false,פתיבר בטעם וניל הדר,מגדנית הדר,IL,פתיבר בטעם וניל הדר,פריט,1.80,"ק""ג",false,,21.90,12.1667,true,1,310776
7290011499358,false,פטה עיזים מסורתית 20% בגביע 200 גרם - רובין,מיוצר על ידי קוד יצר,IL,גבינת פטה עיזים 20%,גרמים,200.00,100 גרם,false,,24.90,12.4500,true,1,255072
7290011499365,false,גד חלומי 24% 200 גרם רובין,"מחלבות גד בע""\מ",IL,גבינה חלומי 24% גד 2,גרמים,200.00,100 גרם,false,,18.90,9.4500,true,1,249325
7290011499419,false,גבינה במרקם שמנת בטעם טבעי 5% ניו יורק,גבינות מדף,IL,גבינה במרקם שמנת טבע,גרמים,200.00,100 גרם,false,,11.40,5.7000,true,1,254432
7290011499686,false,גבינה צפתית במליחות מעודנת 5% גד 350 גרם,גבינות מדף,IL,גבינה צפתית 5% גד 35,גרמים,350.00,100 גרם,false,,19.90,5.6857,true,1,252699
7290011499723,false,בולגרית פרוסות 5% 250 גרם מהדרין-רובין,גבינות מדף,IL,גבינה בולגרית פרוסות,גרמים,250.00,100 גרם,false,,25.90,10.3600,true,1,252698
7290011499730,false,בולגרית מסורתית 5% גביע 250 גרם מהדרין - רובין,גבינות מדף,IL,גבינה בולגרית 5% גד,גרמים,250.00,100 גרם,false,,21.90,8.7600,true,1,252711
7290011499822,false,בולגרית מעודנת 5% 250 גרם מהדרין - רובין,גבינות מדף,IL,גבינה בולגרית מעודנת,גרמים,250.00,100 גרם,false,,21.90,8.7600,true,1,256021
7290011499846,false,גבינת ריקוטה פרסקה 9% גד 300 גרם,מחלבות גד בעמ,IL,גבינת ריקוטה פרסקה 9,גרמים,300.00,100 גרם,false,,16.90,5.6333,true,1,286456
7290011514839,false,ספוג רחצה 5 יח',,,ספוג רחצה 5 יח',Unknown,0.00,יחידה,false,,9.90,0.0000,true,1,252662
7290011515683,false,מאגדת טילון אקסטרים וניל נסטלה 6 יחידות,תות תעשיות מזון (201,IL,טילוני אקסטרים וניל,גרמים,432.00,100 גרם,false,,23.90,5.5324,true,1,248189
7290011515911,false,מאגדת לייט ריבת חלב נסטלה 6 יחידות,גלידות נסטלה )נגה גלידות,IL,שלגוני לייט נסטלה רי,גרמים,312.00,100 גרם,false,,22.90,7.3397,true,1,251203
7290011518561,false,"אקטימל תות 1.51 ק""ג מארז 14 יחידות",מיוצר עי קונדיטוריית,IL,אקטימל תות דנונה 14*,קילוגרמים,1.40,ליטר,false,,28.90,20.6429,true,1,248191
7290011537371,false,פסטה קונכיות 500 גרם טעמן,מוצרי יסוד - טעמן,TR,פסטה קונכיות טעמן 50,גרמים,500.00,100 גרם,false,,3.90,0.7800,true,1,248200
7290011598211,false,"סנו - אנטי קאלק מרסס ניקוי כללי 4 ב-1 700 מ""ל",מיוצר עי קונדיטוריית,IL,תרסיס אנטי קאלק 4 ב-,מיליליטרים,700.00,"100 מ""ל",false,,17.70,2.5286,true,1,248201
7290011598402,false,מקסימה מרכך כביסה ארומתרפי מאסק סנו 4 ליטר,"סנו מפעלי ברונוס בע""\מ",IL,מרכך מקסימה מאסק 4 ל,קילוגרמים,4.00,ליטר,false,,21.50,5.3750,true,1,248204
7290011725006,false,פטרוזיליה אפרתי ברכת דויד,ברכת קטיף,IL,פטרוזליה ברכת דוד,Unknown,0.00,יחידה,false,,5.90,0.0000,true,1,313203
7290011725013,false,כוסברה אפרתי-ברכת דויד,ברכת קטיף,IL,כוסברה ברכת דוד,Unknown,0.00,יחידה,false,,5.90,0.0000,true,1,302985
7290011725020,false,שמיר אפרתי ברכת דויד,ברכת קטיף,IL,שמיר ברכת דוד,Unknown,0.00,יחידה,false,,5.90,0.0000,true,1,259645
7290011725037,false,נענע אפרתי ברכת דויד,ברכת קטיף,IL,נענע ברכת דוד,Unknown,0.00,יחידה,false,,5.90,0.0000,true,1,313204
7290011725044,false,סלרי עלים אמריקאי אפרתי ברכת דויד,ברכת קטיף,IL,סלרי ברכת דוד,Unknown,0.00,יחידה,false,,6.90,0.0000,true,1,313153
7290011725051,false,חסה אפרתי ברכת דויד/הארץ,קוסטר - תורכיה,IL,חסה ברכת דוד,Unknown,0.00,יחידה,false,,6.90,0.0000,true,1,287109
7290011725068,false,מנגולד אפרתי ברכת דויד,ברכת קטיף,IL,מנגולד ברכת דוד,Unknown,0.00,יחידה,false,,6.90,0.0000,true,1,313062
7290011725136,false,דלעת ברכת דוד,ברכת קטיף,IL,דלעת ברכת דוד,Unknown,0.00,יחידה,false,,7.90,0.0000,true,1,323361
7290011725143,false,לבבות חסה ברכת דוד,קילט ניהול פרוייקטים,IL,לבבות חסה ברכת דוד,Unknown,0.00,יחידה,false,,12.90,0.0000,true,1,313201
7290011725167,false,בצל ירוק אפרתי בירכת דויד,,,בצל ירוק ברכת דוד,Unknown,0.00,יחידה,false,,6.90,0.0000,true,1,257988
7290011732172,false,סוכריות שרשרת סודה 24 יח' משפחתי טעמן,גואנגדונג צאואן פוד,CN,סוכריות שרשרת טעמן 2,גרמים,422.00,100 גרם,false,,15.90,3.7678,true,1,248220
7290011732189,false,"סוכריות צמיד דחוסות בד""ץ טעמן 48 יחידות",גואנגדונג צאואן פוד,CN,סוכריות צמיד טעמן 48,גרמים,422.00,100 גרם,false,,15.90,3.7678,true,1,248221
7290011732264,false,פרמידה סוכריות בטעם פרי חמצמץ 36 יחידות,גואנגדונג צאואן פוד,CN,סוכריות פירמידה טעמן,גרמים,432.00,100 גרם,false,,15.90,3.6806,true,1,248224
7290011732271,false,מארז פירות פלסטיק עם אבקה בטעם פרי חמצמץ 36 יחידות,גואנגדונג צאואן פוד,CN,סוכריות פירות טעמן 3,גרמים,432.00,100 גרם,false,,15.90,3.6806,true,1,248225
7290011765415,false,"בוב ספוג מרכך לשיער כיף 750 מ""ל",קוסמופארם,,מרכך כיף רוזמרין בוב,מיליליטרים,750.00,"100 מ""ל",false,,9.90,1.3200,true,1,248247
7290011765446,false,משחת שיניים לילדים בוב ספוג בטעם מיץ ענבים עם פלואוריד למניעת עששת,טרופיקל דגיל תעשיות קוסמ,IL,משחת אורביטול ילדים,גרמים,70.00,100 גרם,false,,7.50,10.7143,true,1,248248
7290011800840,false,רפי כהן סלט טחינה בלאדי צבר 400 גרם,רפי כהן / צבר,IL,טחינה בלאדי רפי 400,גרמים,400.00,100 גרם,false,,14.90,3.7250,true,1,250252
7290011877859,false,סנו אינסטלטור חדש פותח סתימות 200ג',מיוצר עי קונדיטוריית,IL,פותח סתימות סנו אינס,מיליליטרים,200.00,"100 מ""ל",false,,12.90,6.4500,true,1,249458
7290011877866,false,"מקסימה אבקת כביסה בניחוח מאסק סנו 6 ק""ג","סנו מפעלי ברונוס בע""\מ",IL,אבקת מקסימה מאסק 6 ק,פריט,6.00,"ק""ג",false,,44.90,7.4833,true,1,249463
7290011931162,false,סוכרלייט ממתיק נוזלי על בסיס סוכרלוז,אף.סי תבליני בגליל ב,IL,ממתיק נוזלי סוכרלוז,מיליליטרים,220.00,"100 מ""ל",false,,22.90,10.4091,true,1,275765
7290011947521,false,"שמן זית כתית מעולה 750 מ""ל טעם מודגש זיתא",זיתא - י.ט.ב תעשיות,IL,שמן זית כתית זיתא טע,מיליליטרים,750.00,"100 מ""ל",false,,32.90,4.3867,true,1,313331
7290011977634,false,סרדינים בשמן קנולה עם פלפל חריף טעים 125 גרם,טעמן,MA,סרדין פלפל חריף טעים,גרמים,125.00,100 גרם,false,,3.90,3.1200,true,1,248279
7290011977924,false,"פסטה קרניים 100% חיטת דורום בד""ץ טעמן 500 גרם",מוצרי יסוד - טעמן,TR,פסטה קרניים טעמן 500,גרמים,500.00,100 גרם,false,,3.90,0.7800,true,1,249557
7290012001994,false,חרדל דיז'ון גרעינים 350 ג' ריין דיזון,ריין דיז'ון reine dijon,FR,חרדל דיזון גרגירים ר,גרמים,350.00,100 גרם,false,,9.90,2.8286,true,1,251928
7290012025822,false,סלק אסלי שמיר 400 גרם,"סלטי שמיר 2006 בע""מ",IL,סלט סלק אסלי 400 גרם,גרמים,400.00,100 גרם,false,,10.90,2.7250,true,1,251984
7290012025839,false,מטבוחה שמיר אסלי 400 גרם,"סלטי שמיר 2006 בע""מ",IL,מטבוחה אסלי 400 גרם,גרמים,400.00,100 גרם,false,,10.90,2.7250,true,1,251985
7290012071003,false,"ד""ר פישר - קמיל בלו משחה לתינוק 200 גרם",פישר מעבדות פרמצבטיו,IL,"משחה לתינוק ד""ר פישר",גרמים,200.00,100 גרם,false,,17.90,8.9500,true,1,309363
7290012116551,false,אנטי קאלק נוזל לניקוי כללי סנו 2 ליטר,מיוצר עי קונדיטוריית,IL,נוזל אנטי קאלק 4 ב-1,קילוגרמים,2.00,ליטר,false,,17.90,8.9500,true,1,249445
7290012116612,false,אורביטול מברשת שיניים מארז 4 יח',ג'נרל מילס סאן אדריא,IL,מברשת אורביטול סופט,Unknown,0.00,יחידה,false,,9.90,0.0000,true,1,249473
7290012117039,false,נוזל לניקוי אמבטיה 00 סנו 1 ליטר,סנו מפעלי ברונוס בעמ,IL,נוזל 00 לאמבט 1 ליטר,קילוגרמים,1.00,ליטר,false,,7.50,7.5000,true,1,249457
7290012117091,false,אבקת -כביסה סנו מקסימה סנסיטיב 6 קג,סנו מקסימה,IL,אבקת מקסימה סנסטיב 6,פריט,6.00,"ק""ג",false,,44.90,7.4833,true,1,249464
7290012117275,false,"קליר שקית מילוי לניקוי חלונות סנו 750 מ""ל",טרופיקל דגיל תעשיות,IL,"מילוי סנוקליר 750 מ""",מיליליטרים,750.00,"100 מ""ל",false,,5.70,0.7600,true,1,249454
7290012117350,false,"נוזל רצפות לילך 2 ליטר ""ריצפז פרש""","סנו מפעלי ברונוס בע""\מ",IL,ריצפז פרש לילך 2 ליט,קילוגרמים,2.00,ליטר,false,,14.90,7.4500,true,1,249448
7290012117411,false,"שמפו וג'ל רחצה רויבוס 700 מ""ל ""קרמה""",קוסמופארם בע'\'\מ,IL,גל רחצה קרמה מן במבו,מיליליטרים,700.00,"100 מ""ל",false,,16.50,2.3571,true,1,267661
7290012117428,false,"ג'ל רחצה ושמפו מעיינות מנטה קרמה מן 700 מ""ל",טרופיקל דגיל תעשיות,IL,שמפו וגל רחצה לגבר ק,מיליליטרים,700.00,"100 מ""ל",false,,16.50,2.3571,true,1,267662
7290012117435,false,"קרמה - שמפו וג'ל רחצה 2 ב-1 אלוורה 700 מ""ל",טרופיקל דגיל תעשיות,IL,גל רחצה קרמה מן אלוו,מיליליטרים,700.00,"100 מ""ל",false,,16.50,2.3571,true,1,267663
7290012117534,false,מרכך כביסה מרוכז תכלת קול סנו מקסימה 1 ליטר,"סנו מפעלי ברונוס בע""\מ",IL,מרכך מקסימה סופר מרו,קילוגרמים,1.00,ליטר,false,,17.50,17.5000,true,1,251083
7290012117541,false,מקסימה מרכך כביסה מרוכז צהוב סנו 1 ליטר,סנו מפעלי ברונוס בעמ,IL,מרכך מקסימה סופר מרו,קילוגרמים,1.00,ליטר,false,,17.50,17.5000,true,1,251084
7290012117558,false,מקסימה מרכך כביסה מרוכז ורוד בניחוח מאסק סנו 1 ליטר,"סנו מפעלי ברונוס בע""\מ",IL,מרכך מקסימה סופר מרו,קילוגרמים,1.00,ליטר,false,,17.50,17.5000,true,1,251085
7290012117732,false,מקסימה מרכך כביסה ארומתרפי קול סנו 4 ליטר,"סנו מפעלי ברונוס בע""\מ",IL,מרכך מקסימה קול 4 לי,קילוגרמים,4.00,ליטר,false,,21.50,5.3750,true,1,254931
7290012117916,false,אינסטלטור נוזל לפתיחת סתימות סנו 1 ליטר,"סנו מפעלי ברונוס בע""",IL,פותח סתימות סנו אינס,קילוגרמים,1.00,ליטר,false,,26.70,26.7000,true,1,266487
7290012226991,false,"נקניקיות עוף באריזת ג''מבו 1.5 ק""ג זוגלובק",נקניק נהריה כשר זוגל,IL,נקניקיות עוף זוגלובק,פריט,1.50,"ק""ג",false,,24.90,16.6000,true,1,255874
7290012227592,false,פסט' חרמון כפרי וסלמי תה זוגי זוגלובק 300X2ג' מחפוד,זוגלובק,IL,מארז תה מעושן וחרמון,גרמים,700.00,100 גרם,false,,25.90,3.7000,true,1,267373
7290012227608,false,מארז חרמון 300 גר' +חרמון ברבקיו 300ג' זוגלובק,זוגלובק,IL,מארז חרמון וברביקיו,גרמים,600.00,100 גרם,false,,25.90,4.3167,true,1,267372
7290012227615,false,נקניקיות עוף זוגלובק 800 ג' מחפוד,זוגלובק,IL,נקניקיות עוף זוגלובק,גרמים,800.00,100 גרם,false,,23.90,2.9875,true,1,267371
7290012228407,false,"נקניקיות ג'מבו מחפוד זוגלובק 1.5 ק""ג",זוגלובק,IL,נקניקיות ג'מבו זוגלו,פריט,1.50,"ק""ג",false,,32.90,21.9333,true,1,308500
7290012228612,false,זוג חזה הודו ועוף 300+ח.ברביקיו 300 קהילות.,זוגלובק,IL,מארז חרמון ברביקיו ו,גרמים,600.00,100 גרם,false,,28.90,4.8167,true,1,300814
7290012228629,false,נקניקיות עוף זוגלובק 800 גר' קהילות,זוגלובק,IL,נקניקיות עוף זוגלובק,גרמים,800.00,100 גרם,false,,23.90,2.9875,true,1,300812
7290012228766,false,קבנוס מחפוד זוגלובק 120 גרם,זוגלובק,IL,קבנוס זוגלובק 120 גר,גרמים,120.00,100 גרם,false,,9.90,8.2500,true,1,312539
7290012275401,false,מולר בירה לבנה בקבוק גרמנית 500מל,"סולימר מבשלת בירה בע""מ",GR,"בירה מולר 500 מ""ל",מיליליטרים,500.00,"100 מ""ל",false,,3.90,0.7800,true,1,261916
7290012295034,false,בזיליקום ארוז ברכת קטיף,ביכורי השקמה,IL,בזיליקום מהדרין,Unknown,0.00,יחידה,false,,6.90,0.0000,true,1,266731
7290012309311,false,ערמונים קלופים שלמים 100 גר,"דין שיווק וקליה בע""מ",IL,ערמונים קלופים ששון,גרמים,100.00,100 גרם,false,,4.90,4.9000,true,1,249433
7290012309366,false,"דין שיווק וקליה אורז בסמטי 5 ק""ג",שקדיה,IN,אורז בסמטי הודי שקדי,פריט,5.00,"ק""ג",false,,49.90,9.9800,true,1,255606
7290012309878,false,חלבה פיסטוק 500 גרם ששון הקולה,ששון הקולה,IL,חלוה פיסטוק ששון הקו,גרמים,500.00,100 גרם,false,,12.90,2.5800,true,1,249430
7290012309939,false,חלווה מסולסלת בקופסא ששון הקולה 500 גרם,אף.סי תבליני בגליל ב,IL,חלוה מסולסלת ששון הק,גרמים,500.00,100 גרם,false,,14.50,2.9000,true,1,249429
7290012313585,false,זית טבעות ירוק בני ד,בני דרום,IL,זית טבעות ירוק בני ד,פריט,1.25,"ק""ג",false,,16.90,13.5200,true,1,312829
7290012313820,false,רוטב צ'ילי מתוק בני,בני דרום,IL,רוטב צ'ילי מתוק בני,מיליליטרים,500.00,"100 מ""ל",false,,10.90,2.1800,true,1,324975
7290012313837,false,רוטב סויה בני דרום 5,בני דרום,IL,רוטב סויה בני דרום 5,מיליליטרים,500.00,"100 מ""ל",false,,10.90,2.1800,true,1,324976
7290012313844,false,רוטב אלף האיים בני ד,בני דרום,IL,רוטב אלף האיים בני ד,מיליליטרים,500.00,"100 מ""ל",false,,10.90,2.1800,true,1,324977
7290012335006,false,סוכריות סודה רול מיני מארז משפחתי 375 ג',גואנגדונג צאואן פוד,CN,סוכריות רול מיני טע,גרמים,326.00,100 גרם,false,,15.90,4.8773,true,1,249563
7290012335020,false,סוכריות סודה שעון מארז משפחתי 375 גר',גואנגדונג צאואן פוד,CN,סוכריות סודה שעון ט,גרמים,420.00,100 גרם,false,,15.90,3.7857,true,1,249562
7290012359033,false,"דבש מן הטבע 1.5 ק""ג",מכוורת עמק חפר,IL,"דבש מן הטבע 1.5 ק""ג",פריט,1.50,"ק""ג",false,,49.90,33.2667,true,1,295358
7290012359606,false,דבש מן הטבע 700 גרם,מכוורת עמק חפר,IL,דבש מן הטבע 700 גרם,גרמים,700.00,100 גרם,false,,24.90,3.5571,true,1,295350
7290012359613,false,דבש לחיץ מן הטבע 500,מכוורת עמק חפר,IL,דבש לחיץ מן הטבע 500,גרמים,500.00,100 גרם,false,,19.90,3.9800,true,1,295351
7290012413643,false,תה ירוק קמומיל ויסוצקי 25 יחידות,ויסוצקי ירוק,IL,תה ירוק קמומיל 25 שק,גרמים,38.00,100 גרם,false,,22.90,60.2632,true,1,257273
7290012483011,false,"פולי סויה קפואים 1ק""ג (מאנצ'ו)",קו אל טי די קיאוניונ,CN,פולי סויה אדממה וילי,פריט,1.00,"ק""ג",false,,16.90,16.9000,true,1,293148
7290012483608,false,"אורז בסמטי DAAWAT מהדרין 5 ק""ג.",הנסיך- מפעל לייצור ט,IN,אורז בסמטי דוואט 5 ק,פריט,5.00,"ק""ג",false,,49.90,9.9800,true,1,255407
7290012522581,false,טבעול שניצל תירס ללא גלוטן טבעול 664 גרם,עיצובים 2020 (4.8),IL,שניצל תירס ל.גלוטן ט,גרמים,664.00,100 גרם,false,,22.90,3.4488,true,1,255095
7290012561313,false,בצל קצוץ ומטוגן דורות 400 גרם,עיצובים 2020 (3.8),IL,בצל קצוץ מטוגן דורות,גרמים,400.00,100 גרם,false,,16.90,4.2250,true,1,308924
7290012576607,false,"יין קברנה סוביניון פרמייר מלבק אדום ברקן 750 מ""ל","ברקן שיווק והפצה בע""",IL,יין פרימייר קברנה סו,מיליליטרים,750.00,"100 מ""ל",false,,25.90,3.4533,true,1,264091
7290012588242,false,"מים מינרלים מיי וואטר כדורגל מארז 500X6מ""ל",נרה קריטיס אס איי באריפט,TW,מים מיי ווטר פקק ספו,קילוגרמים,3.00,ליטר,false,,11.90,3.9667,true,1,307308
7290012602665,false,דבש הכוורת 350 גרם,מכוורת דבורים שחר,IL,דבש הכוורת 350 גרם,גרמים,350.00,100 גרם,false,,8.90,2.5429,true,1,293135
7290012602832,false,דבש לחיץ טהור מפרחי,מושב צרופה,IL,דבש לחיץ טהור מפרחי,פריט,1.15,"ק""ג",false,,39.90,34.6957,true,1,323959
7290012645112,false,יוגורט עיזים 2.8% בדלי חלב הארץ 750 גרם,מחלבות סוסיא,IL,משקה יוגורט עיזים חל,מיליליטרים,750.00,"100 מ""ל",false,,17.90,2.3867,true,1,302734
7290012645129,false,יוגורט כבשים 5% בדלי חלב הארץ 750 גרם,מחלבות סוסיא,IL,משקה יוגורט כבשים חל,מיליליטרים,750.00,"100 מ""ל",false,,17.90,2.3867,true,1,302735
7290012724817,false,נענע יח בשקית,"מרינה פטריות הגליל בע""מ",IL,נענע יח',Unknown,0.00,יחידה,false,,3.90,0.0000,true,1,308367
7290012724824,false,שמיר ארוז ליח,"מרינה פטריות הגליל בע""מ",IL,שמיר יח,Unknown,0.00,יחידה,false,,3.90,0.0000,true,1,308368
7290012724831,false,כוסברה ארוז ליח,"מרינה פטריות הגליל בע""מ",IL,כוסברה ארוז,Unknown,0.00,יחידה,false,,3.90,0.0000,true,1,308317
7290012724848,false,פטרוזיליה ארוז ליח,"מרינה פטריות הגליל בע""מ",IL,פטרוזיליה יח,Unknown,0.00,יחידה,false,,3.90,0.0000,true,1,308314
7290012738807,false,"ביסקוויט יהודה ספארי 1.2 ק""ג",מצות יהודה,IL,ביסקוויט ספארי יהודה,פריט,1.20,"ק""ג",false,,19.90,16.5833,true,1,254263
7290012738838,false,"ביסקוויט יהודה מצופה שוקולד 1.2 ק""ג",,,ביסקוויט מצופה 1.2 ק,פריט,1.20,"ק""ג",false,,27.90,23.2500,true,1,254264
7290012738845,false,"ביסקויט יהודה טעמים שונים 1.2 ק""ג",מצות יהודה,IL,עוגיות/ביסקויט בטעמי,פריט,1.20,"ק""ג",false,,19.90,16.5833,true,1,254262
7290012760204,false,"אומגה 3 בד""צ 90 כמוסות",LTD .AMBROZIA,,אומגה 3 סופרהב 90 כמ,Unknown,0.00,יחידה,false,,49.90,0.0000,true,1,319075
7290012803451,false,טוסו שוקולד מריר 62% מוצקי קקאו ללא תוספת סוכר 100 גרם,אלטינמארקה,TR,שוקולד מריר 62% ללא,גרמים,100.00,100 גרם,false,,8.90,8.9000,true,1,320695
7290012823343,false,משחת שיניים אורביטול קידס סטעם סוכריות ג'לי 70 גרם,החברה הדרומית,IL,משחת אורביטול ילדים,גרמים,70.00,100 גרם,false,,7.50,10.7143,true,1,311398
7290012823381,false,מקסימה מרכך כביסה מרוכז סנסטיב בייבי סנו 1 ליטר,"סנו מפעלי ברונוס בע""\מ",IL,מרכך מקסימה סופר מרו,קילוגרמים,1.00,ליטר,false,,17.50,17.5000,true,1,251803
7290012823558,false,"מטליות לחות לרצפה 40*70 ס""מ סנו סושי 10 יחידות",סנו מפעלי ברונוס בעמ,IL,מטליות לחות לרצפה סנ,Unknown,0.00,יחידה,false,,10.70,0.0000,true,1,251813
7290012823794,false,כיף אלסבון 2ליטר יסמין לבנדר,קוסמופארם,IL,אלסבון כיף יסמין לבנ,קילוגרמים,2.00,ליטר,false,,13.90,6.9500,true,1,251799
7290012823916,false,גל כביסה סנו מקסימ מרוכז קריסטל נואר 5 ל,"סנו מפעלי ברונוס בע""\מ",IL,גל מקסימה קריסטל 5 ל,קילוגרמים,5.00,ליטר,false,,41.90,8.3800,true,1,264223
7290012881589,false,מטהר אוויר אורנים 30,סאסאטק,IL,מטהר מגיק אורנים 300,מיליליטרים,300.00,"100 מ""ל",false,,3.90,1.3000,true,1,265639
7290012881817,false,ת.מ.א.לימון 300 מל מגיק,סאסאטק,IL,מטהר מגיק לימון 300,מיליליטרים,300.00,"100 מ""ל",false,,3.90,1.3000,true,1,265641
7290012881824,false,מטהר אוויר אביבי 300,סאסאטק,IL,מטהר מגיק לבנדר 300,מיליליטרים,300.00,"100 מ""ל",false,,3.90,1.3000,true,1,265640
7290012929779,false,פסטה מקמח מלא ספירלה 500גרם טעמן,מוצרי יסוד - טעמן,TR,פסטה ספירלה מחיטה מל,גרמים,500.00,100 גרם,false,,3.90,0.7800,true,1,251792
7290012929786,false,פסטה מקמח מלא צינורות 500 גרם טעמן,מוצרי יסוד - טעמן,TR,פסטה צינורות מחיטה מ,גרמים,500.00,100 גרם,false,,3.90,0.7800,true,1,251793
7290012929793,false,פסטה ספדטי מקמח מלא טעמן 500 גר',מוצרי יסוד - טעמן,TR,ספגטי חיטה מלאה טעמן,גרמים,500.00,100 גרם,false,,3.90,0.7800,true,1,251794
7290012929953,false,שלישיית טונה במים 150 גרם טעמן,דיאמוד פוד פרודקט סי,TH,מארז טונה במים טעמן,גרמים,450.00,100 גרם,false,,14.90,3.3111,true,1,251783
7290012929960,false,שלישיית טונה בשמן 150 גרם טעמן,דיאמוד פוד פרודקט סי,TH,מארז טונה בשמן טעמן,גרמים,420.00,100 גרם,false,,14.90,3.5476,true,1,251782
7290013010001,false,עגבניות מרוסקות פרי מבורך 260 גרם,"זנלכל בע""\מ",IL,עגבניות מרוסקות מבור,גרמים,240.00,100 גרם,false,,5.50,2.2917,true,1,251137
7290013010018,false,רוטב עגבניות לפסטה פרי מבורך 240 גרם,"זנלכל בע""\מ",IL,רוטב לפסטה מבורך 240,גרמים,240.00,100 גרם,false,,5.50,2.2917,true,1,251140
7290013010025,false,"רוטב עגבניות לפיצה בד""ץ פרי מבורך 240 גרם","זנלכל בע""\מ",IL,רוטב לפיצה מבורך 240,גרמים,240.00,100 גרם,false,,5.50,2.2917,true,1,251139
7290013010032,false,רוטב עגבניות לשקשוקה פרי מבורך 240 גרם,"זנלכל בע""\מ",IL,רוטב לשקשוקה מבורך 2,גרמים,240.00,100 גרם,false,,5.50,2.2917,true,1,251138
7290013010094,false,"רוטב פסטה בולונז ""פרי מבורך"" 240 גרם","זנלכל בע""\מ",IL,רוטב בולונז מבורך 24,גרמים,240.00,100 גרם,false,,5.50,2.2917,true,1,253864
7290013010322,false,עגבניות שלמות פרי מבורך 800 ג' A2.5,זנלכל,IL,עגבניות שלמות מבורך,גרמים,800.00,100 גרם,false,,9.90,1.2375,true,1,294250
7290013010339,false,עגבניות מרוסקות בצל 800 גר' פרי מבורך,זנלכל,IL,עגבניות מרוסקות עם ב,גרמים,800.00,100 גרם,false,,9.90,1.2375,true,1,294253
7290013010353,false,עגבניות מרוסקות בזיליקום פרי מבורך 800 גרם,זנלכל,IL,עגבניות מרוסקות עם ב,גרמים,800.00,100 גרם,false,,9.90,1.2375,true,1,294252
7290013027399,false,לחם קמח מלא קל בתוספת שיפון 750 ג' אנג'ל,מאפיית שלמה א. אנג'\ל בע,IL,לחם קל קמח מלא ושיפו,גרמים,750.00,100 גרם,false,,14.90,1.9867,true,1,303076
7290013031112,false,שמן תירס פאוזי 2.8 ליטר,סאן אויל,IL,שמן תירס וקנולה שוקח,קילוגרמים,2.80,ליטר,false,,31.90,11.3929,true,1,255196
7290013080295,false,באגסי חטיף חיטה ברביקיו 400 גרם מארז 20 יחידות,א מ חטיפי העמק בעמ,IL,מארז באגסי ברביקיו 2,גרמים,400.00,100 גרם,false,,8.90,2.2250,true,1,252562
7290013080301,false,באגסי חטיף חיטה גריל 400 גרם מארז 20 יחידות,א מ חטיפי העמק בעמ,IL,מארז באגסי גריל 20*2,גרמים,400.00,100 גרם,false,,8.90,2.2250,true,1,252563
7290013080318,false,באגסי חטיף חיטה פלאפל 20*20,א מ חטיפי העמק בעמ,,מארז באגסי פלאפל 20*,גרמים,400.00,100 גרם,false,,8.90,2.2250,true,1,252564
7290013080479,false,באגסי חטיף חיטה בצל 400 גרם מארז 20 יחידות,א מ חטיפי העמק בעמ,IL,מארז באגסי בצל 20*20,גרמים,400.00,100 גרם,false,,8.90,2.2250,true,1,258040
7290013080486,false,באגסי חטיף חיטה פיצה 400 גרם מארז 20 יחידות,א מ חטיפי העמק בעמ,IL,מארז באגסי פיצה 20*2,גרמים,400.00,100 גרם,false,,8.90,2.2250,true,1,258039
7290013080516,false,מאגדת באגסי קטשופ 20 יח'*20 גרם,א מ חטיפי העמק בעמ,IL,מארז באגסי קטשופ 20*,גרמים,400.00,100 גרם,false,,8.90,2.2250,true,1,317307
7290013117212,false,בורקס פילו במילוי גבינה מעדנות 600 גר,מיוצר עי קונדיטוריית,IL,בורקס פילו גבינה מעד,גרמים,600.00,100 גרם,false,,19.90,3.3167,true,1,252739
7290013117229,false,"בורקס פילו במילוי תפו""א מעדנות 600 גר",מיוצר עי קונדיטוריית,IL,בורקס פילו תפוא מעדנ,גרמים,600.00,100 גרם,false,,19.90,3.3167,true,1,252740
7290013117410,false,בצק פריך מרודד למאפים מתוקים 900 ג' מעדנות,מיוצר עי קונדיטוריית,IL,בצק פריך מתוק מעדנות,גרמים,900.00,100 גרם,false,,19.90,2.2111,true,1,253317
7290013117526,false,בצק שמרים מרודד למאפים מתוקים מעדנות 900 גרם,"מעדנות בע""\מ",IL,בצק שמרים עלים מעדנו,גרמים,900.00,100 גרם,false,,19.90,2.2111,true,1,256562
7290013195272,false,רוזנרס גפילטע פיש הונגרי 500 גר,,,רולדה הונגרי 500 גרם,גרמים,500.00,100 גרם,false,,19.90,3.9800,true,1,268650
7290013195289,false,רוזנער'ס גפילטע פיש ירושלמי 500 גר,,,רולדה ירושלמי 500 גר,גרמים,500.00,100 גרם,false,,19.90,3.9800,true,1,268651
7290013195296,false,רולדה וייט פיש רוזנר,,,רולדה וייט פיש רוזנר,גרמים,500.00,100 גרם,false,,29.90,5.9800,true,1,269054
7290013220042,false,מיקס טרופי קפוא 500 גרם,א.צלוביץ,PL,מיקס טרופי קפוא 500,גרמים,500.00,100 גרם,false,,19.90,3.9800,true,1,305964
7290013220103,false,דובדבן ללא חרצן קפוא500ג,א.מ שרון,PL,דובדבן קפוא 500 גרם,גרמים,500.00,100 גרם,false,,19.90,3.9800,true,1,305959
7290013220127,false,דומדומנית שחורה קפוא500ג,א.מ שרון,PL,דומדמנית שחורה קפוא,גרמים,500.00,100 גרם,false,,19.90,3.9800,true,1,305961
7290013220134,false,מיקס פירות שדה קפוא 500 גר,א.מ שרון,PL,מיקס פירות שדה קפוא,גרמים,500.00,100 גרם,false,,19.90,3.9800,true,1,305962
7290013220172,false,תמר ללא חרצן -קפוא 500 ג,א.מ שרון,PL,תמר ללא חרצן קפוא 50,גרמים,500.00,100 גרם,false,,19.90,3.9800,true,1,316649
7290013220318,false,חמוציות קפואות 400 גרם,א.מ שרון,PL,חמוצית קפוא 400 גרם,גרמים,400.00,100 גרם,false,,19.90,4.9750,true,1,305966
7290013220899,false,תות שדה קפוא 500 גרם,א.מ שרון,PL,תות שדה קפוא 500 גרם,גרמים,500.00,100 גרם,false,,19.90,3.9800,true,1,305968
7290013220929,false,אוכמניות כחולות 400 גרם,א.צלוביץ,PL,אוכמניות כחולות קפוא,גרמים,400.00,100 גרם,false,,19.90,4.9750,true,1,305969
7290013221001,false,אננס חתוך קפוא 500 גרם,א.צלוביץ,PL,חתיכות אננס קפוא 500,גרמים,500.00,100 גרם,false,,19.90,3.9800,true,1,305970
7290013221018,false,מנגו חתוך קפוא 500 גרם,א.מ שרון,PL,חתיכות מנגו קפוא 500,גרמים,500.00,100 גרם,false,,19.90,3.9800,true,1,305971
7290013221100,false,מיקס שייק מנגו אננס פיטאיה 500 גרם,א.מ.שרון,PL,שייק מיקס מנגו אננס,גרמים,500.00,100 גרם,false,,19.90,3.9800,true,1,314607
7290013224927,false,אקונומיקה מגיק סמיכה,סאסאטק,IL,אקונומיקה מגיק סמיכה,קילוגרמים,4.00,ליטר,false,,9.90,2.4750,true,1,289715
7290013267665,false,סולרו מיני קלאסי - פירות טרופיים (חלבי),"מיוצר ע""\י גלידת שטראוס",IL,שלגוני סולרו פירות ט,גרמים,354.00,100 גרם,false,,14.90,4.2090,true,1,255243
7290013268020,false,מקסימה מרכך כביסה מרוכז בניחוח אולטרא פרש סנו 1 ליטר,"סנו מפעלי ברונוס בע""\מ",IL,מרכך מקסימה סופר מרו,קילוגרמים,1.00,ליטר,false,,17.50,17.5000,true,1,251801
7290013268440,false,אורביטול צמד מברשות שיניים בובספוג+פיגור,החברה הדרומית,IL,מברשת אורביטול ילדים,Unknown,0.00,יחידה,false,,16.90,0.0000,true,1,288474
7290013268839,false,פוליויקס פרקט-תרכיז ריחני לניקוי רצפות עץ,"סנו מפעלי ברונוס בע""\מ",IL,פוליויקס פרקט מלון ח,קילוגרמים,2.00,ליטר,false,,19.90,9.9500,true,1,302780
7290013268884,false,"נוזל רצפות מאסק 2 ליטר ""ריצפז פרש""",מיוצר עי קונדיטוריית,IL,ריצפז פרש מאסק 2 ליט,קילוגרמים,2.00,ליטר,false,,14.90,7.4500,true,1,252438
7290013268938,false,סנובון סבון לאסלה בניחוח מאסק סנו 3*65 גרם,סנו סנובון,IL,סבון אסלה סנובון סופ,גרמים,165.00,100 גרם,false,,10.70,6.4848,true,1,253890
7290013268983,false,מרכך כביסה סופר מרוכז בבישום עוצמתי סנו מקסימה 1 ל',"סנו מפעלי ברונוס בע""\מ",IL,מרכך מקסימה סופר מרו,קילוגרמים,1.00,ליטר,false,,17.50,17.5000,true,1,318822
7290013268990,false,מרכך כביסה מרוכז לבן ביו סנו מקסימה 1 ליטר,"סנו מפעלי ברונוס בע""\מ",IL,מרכך מקסימה סופר מרו,קילוגרמים,1.00,ליטר,false,,17.50,17.5000,true,1,301109
7290013269003,false,מרכך כביסה סופר מרוכז בייבי לתינוקות ולעור רגיש,"סנו מפעלי ברונוס בע""\מ",IL,מרכך מקסימה סופר מרו,קילוגרמים,1.00,ליטר,false,,17.50,17.5000,true,1,259497
7290013269348,false,K3 תחנת פיתיון קוטל תיקנים (ג'וקים) בבית ובחצר,טרופיקל דגיל תעשיות,IL,תחנת פיתיון לתיקנים,Unknown,0.00,יחידה,false,,47.90,0.0000,true,1,307251
7290013269621,false,ריצפז פרש לניקוי רצפות בניחוח מלון בוטיק,מיוצר עי קונדיטוריית,IL,ריצפז פרש הום בניחוח,קילוגרמים,2.00,ליטר,false,,19.70,9.8500,true,1,303554
7290013269669,false,ריצפז בניחוח פנטזיה לניקוי הרצפה,"סנו מפעלי ברונוס בע""",IL,ריצפז פנטזיה 3 ליטר,קילוגרמים,3.00,ליטר,false,,7.90,2.6333,true,1,255923
7290013269911,false,"סנו K-333 קוטל חרקים ללא ריח 750מ""ל","סנו מפעלי ברונוס בע""",IL,תרסיס קוטל K333 זוחל,מיליליטרים,750.00,"100 מ""ל",false,,28.90,3.8533,true,1,254239
7290013302236,false,פסטה בילאג'יו פרפלה 500 גרם טעמן,מוצרי יסוד - טעמן,TR,פסטה פרפלה טעמן 500,גרמים,500.00,100 גרם,false,,3.90,0.7800,true,1,252403
7290013302243,false,פסטה בילאג'יו מסולסלת 500גרם טעמן,מוצרי יסוד - טעמן,TR,פסטה מסולסלת טעמן 50,גרמים,500.00,100 גרם,false,,3.90,0.7800,true,1,252404
7290013302748,false,סוכריות זיסי טופי ממולא יוגורט טעמן 600 גרם,פאסין אס אי,BR,סוכריות זיסי טופי ממ,גרמים,600.00,100 גרם,false,,9.90,1.6500,true,1,253140
7290013358035,false,שקדי מרק מנה 800 גרם,מנה,IL,שקדי מרק מנה 800 גרם,גרמים,800.00,100 גרם,false,,11.90,1.4875,true,1,253014
7290013358417,false,מאסטר שף אסייאתי רוטב טריאקי 300 מל כשלפ,קריניציה ויטמינה אס,,רוטב טריאקי מאסטר שף,גרמים,300.00,100 גרם,false,,9.90,3.3000,true,1,287608
7290013358530,false,מאסטר שף אסייאתי רוטב צ'ילי מתוק 700 מל כשלפ,קריניציה ויטמינה אס,,רוטב צילי מתוק מאסטר,גרמים,700.00,100 גרם,false,,11.90,1.7000,true,1,287610
7290013358547,false,מאסטר שף אסייאתי רוטב צ'ילי חריף 700 מל כשלפ,קי.אר.אס. ספייסי פוד,,רוטב צילי חריף מאסטר,גרמים,700.00,100 גרם,false,,11.90,1.7000,true,1,287611
7290013424914,false,אפרסק פלחים קפוא פיל,בינזו לונגשינטיאנרן,PL,אפרסק פלחים קפוא פיל,גרמים,500.00,100 גרם,false,,11.90,2.3800,true,1,316058
7290013424921,false,קיווי פרוסות קפוא פי,בינזו לונגשינטיאנרן,PL,קיווי פרוסות קפוא פי,גרמים,500.00,100 גרם,false,,11.90,2.3800,true,1,316059
7290013424945,false,מנגו קפוא פילד גוד 5,סאפו דקלאק טריידינג,PL,מנגו קפוא פילד גוד 5,גרמים,500.00,100 גרם,false,,11.90,2.3800,true,1,316561
7290013424952,false,אננס קפוא 500 ג' פילד גוד,סאפו דקלאק טריידינג,PL,אננס קפוא פילד גוד 5,גרמים,500.00,100 גרם,false,,11.90,2.3800,true,1,317041
7290013424976,false,תות שדה שלם קפוא 500 ג' פילד גוד,אלפה פרוסט,PL,תות שדה קפוא פילד גו,גרמים,500.00,100 גרם,false,,11.90,2.3800,true,1,316061
7290013440648,false,מאגדת שלגוני אבטיח נסטלה 5 יחידות,גלידות נסטלה )נגה גלידות,IL,שלגוני שרבט אבטיח 5,גרמים,468.00,100 גרם,false,,22.90,4.8932,true,1,259588
7290013472908,false,הבולגריה בקוביות ויליפוד 400 גרם,וילי פוד,TW,בולגרית קוביות 22% ה,גרמים,400.00,100 גרם,false,,19.90,4.9750,true,1,287086
7290013492005,false,תפוח אדמה אדום למיקרו 600 ג',שרווין ווליאמס,IL,תפוח אדמה למיקרוגל,Unknown,0.00,יחידה,false,,5.90,0.0000,true,1,253981
7290013531346,false,סירופ דיאט בטעם לימונענע יכין 1 ליטר,"זנלכל בע""\מ",IL,סירופ יכין לימונענע,קילוגרמים,1.00,ליטר,false,,17.90,17.9000,true,1,261389
7290013534057,false,"צ'יפס בטטה טבעי מיה 100ג' 'כשל""פ",מיה תעשיות מזון מ.ת.מ. ב,IL,ציפס בטטה 100 גרם,גרמים,100.00,100 גרם,false,,7.90,7.9000,true,1,266553
7290013536303,false,קמח חיטה מלאה 100% ה,קמח עץ השדה,IL,קמח חיטה מלאה 100% ה,פריט,1.00,"ק""ג",false,,6.90,6.9000,true,1,305279
7290013536310,false,קמח חיטה מלאה 80% הנ,קמח עץ השדה,IL,קמח חיטה מלאה 80% הנ,פריט,1.00,"ק""ג",false,,6.90,6.9000,true,1,305280
7290013536327,false,קמח לבן מנופה הנחתום,קמח עץ השדה,IL,קמח לבן מנופה הנחתום,פריט,1.00,"ק""ג",false,,4.90,4.9000,true,1,305281
7290013536334,false,קמח כוסמין מלא הנחתו,קמח עץ השדה,IL,קמח כוסמין מלא הנחתו,פריט,1.00,"ק""ג",false,,8.90,8.9000,true,1,305282
7290013536341,false,קמח כוסמין 80% הנחתו,קמח עץ השדה,IL,קמח כוסמין 80% הנחתו,פריט,1.00,"ק""ג",false,,11.90,11.9000,true,1,314063
7290013536358,false,קמח כוסמין לבן הנחתו,קמח עץ השדה,IL,קמח כוסמין לבן הנחתו,פריט,1.00,"ק""ג",false,,11.90,11.9000,true,1,305283
7290013536457,false,קמח לחלות הנחתום 1 ק,קמח עץ השדה,IL,קמח לחלות הנחתום 1 ק,פריט,1.00,"ק""ג",false,,5.90,5.9000,true,1,318701
7290013536464,false,קמח חלות כוסמין הנח,קמח עץ השדה,IL,קמח חלות כוסמין הנח,פריט,1.00,"ק""ג",false,,12.90,12.9000,true,1,323846
7290013584328,false,פקדון בקבוק בירה ריק,,,פקדון בקבוק בירה ריק,Unknown,0.00,יחידה,false,,1.20,0.0000,true,1,264553
7290013585257,false,ספרייט זירו בבקבוק אישי,החברה המרכזית לייצור משקאות,,"ספרייט זירו 500 מ""ל",מיליליטרים,500.00,"100 מ""ל",false,,5.70,1.1400,true,1,311286
7290013585387,false,קוקה קולה זירו 1 ליטר,החברה המרכזית לייצור משקאות,IL,קוקה קולה זירו 1 לי,קילוגרמים,1.00,ליטר,false,,7.50,7.5000,true,1,311259
7290013585394,false,קוקה קולה 1ליטר בודד,החברה המרכזית לייצור משקאות,IL,קוקה קולה 1 ליטר,קילוגרמים,1.00,ליטר,false,,7.50,7.5000,true,1,311219
7290013585967,false,מארז ספרייט זירו 6 * 330 פח Fridge- pack,קוקה קולה ישראל,IL,מארז ספרייט זירו 6*3,קילוגרמים,1.98,ליטר,false,,21.90,11.0606,true,1,291150
7290013608260,false,מיץ רימונים 100%מיץ סחוט טרי מצונן 1ליט,"גניר (1992) בע""מ",IL,מיץ רימונים פרימור 1,קילוגרמים,1.00,ליטר,false,,21.90,21.9000,true,1,265977
7290013615756,false,תחתיות ארטישוק טלפרו,אלמוורה,EG,תחתיות ארטישוק טלפרו,פריט,1.00,"ק""ג",false,,19.90,19.9000,true,1,257498
7290013615831,false,"במיה טלפרוסט 1 ק""ג",אלמוורה,EG,"במיה טלפרוסט 1 ק""ג",פריט,1.00,"ק""ג",false,,4.90,4.9000,true,1,256962
7290013615862,false,שעועית לבנה טלפרוסט,וירטו,ES,שעועית לבנה טלפרוסט,פריט,1.00,"ק""ג",false,,13.90,13.9000,true,1,256965
7290013625458,false,פטריות שמפיניון שלמות טעמן 400 גרם,מוצרי יסוד - טעמן,NL,פטריות שלמות טעמן 40,גרמים,400.00,100 גרם,false,,7.50,1.8750,true,1,308473
7290013625922,false,אטריות דקות טעמן 400 גרם,מוטלו,TR,אטריות דקות טעמן 400,גרמים,400.00,100 גרם,false,,4.90,1.2250,true,1,256334
7290013677037,false,עדשים ירוקות באריזת וואקום Selected,מיה תעשיות מזון מ.ת.מ. ב,IL,עדשים ירוקות סלקטד 5,גרמים,500.00,100 גרם,false,,9.50,1.9000,true,1,254410
7290013677044,false,עדשים אדומים בוואקום מיה 500 גר',מיה תעשיות מזון מ.ת.מ. ב,IL,עדשים אדומות סלקטד 5,גרמים,500.00,100 גרם,false,,9.90,1.9800,true,1,254411
7290013677051,false,פופקורן גרגרים בוואקום מיה 500 גר',מיה תעשיות מזון מ.ת.מ. ב,IL,פופקורן סלקטד 500 גר,גרמים,500.00,100 גרם,false,,9.50,1.9000,true,1,254408
7290013677068,false,כוסמת בוואקום מיה 500 גר',מיה תעשיות מזון מ.ת.מ. ב,IL,כוסמת סלקטד 500 גרם,גרמים,500.00,100 גרם,false,,9.90,1.9800,true,1,254414
7290013677082,false,שעועית אדומה בוואקום מיה 500 גר',מיה תעשיות מזון מ.ת.מ. ב,IL,שעועית אדומה סלקטד 5,גרמים,500.00,100 גרם,false,,9.90,1.9800,true,1,254416
7290013677099,false,גריסי פנינה בוואקום מיה 500 גר',מיה תעשיות מזון מ.ת.מ. ב,IL,גריסי פנינה סלקטד 50,גרמים,500.00,100 גרם,false,,8.50,1.7000,true,1,254417
7290013677105,false,אפונה סלקטד מיה 500 גרם,מיה תעשיות מזון מ.ת.מ. ב,IL,אפונה סלקטד 500 גרם,גרמים,500.00,100 גרם,false,,8.50,1.7000,true,1,254418
7290013677112,false,בורגול באריזת וואקום Selected,מיה תעשיות מזון מ.ת.מ. ב,IL,בורגול סלקטד 500 גרם,גרמים,500.00,100 גרם,false,,8.50,1.7000,true,1,254420
7290013677129,false,שעועית מעורבת בוואקום מיה 500 גר',מיה תעשיות מזון מ.ת.מ. ב,IL,שעועית מעורבת סלקטד,גרמים,500.00,100 גרם,false,,10.90,2.1800,true,1,254421
7290013677259,false,תבלין זעתר 50 גרם שקית,מיה תעשיות מזון מ.ת.מ. ב,IL,זעתר שקית מיה 50 גרם,גרמים,80.00,100 גרם,false,,3.90,4.8750,true,1,257628
7290013677266,false,תבלין לפיצה בשקית מיה 80 גרם,מיה תעשיות מזון מ.ת.מ. ב,IL,תבלין לפיצה שקית מיה,גרמים,80.00,100 גרם,false,,3.90,4.8750,true,1,257638
7290013677280,false,תבלין ציפורן שלם 40 גרם שקית,מיה תעשיות מזון בעמ,IL,ציפורן שלם שקית מיה,גרמים,80.00,100 גרם,false,,6.90,8.6250,true,1,257635
7290013677303,false,חוואיג' תימני בשקית מיה 50 גרם,מיה תעשיות מזון מ.ת.מ. ב,IL,תבלין חוואיג תימני ש,גרמים,80.00,100 גרם,false,,3.90,4.8750,true,1,257629
7290013677334,false,תבלין על האש בשקית מיה 50 גרם,מיה תעשיות מזון מ.ת.מ. ב,IL,תבלין על האש שקית מי,גרמים,50.00,100 גרם,false,,3.90,7.8000,true,1,257639
7290013677556,false,אורז פרסי עממי סלקטד 1ק''ג בואקום,מיה תעשיות מזון מ.ת.מ. ב,IL,אורז פרסי עממי סלקטד,פריט,1.00,"ק""ג",false,,9.90,9.9000,true,1,258698
7290013677679,false,סודה לשתיה בשקית מיה 80 גרם,מיה תעשיות מזון מ.ת.מ. ב,IL,סודה לשתיה שקית מיה,גרמים,80.00,100 גרם,false,,3.90,4.8750,true,1,253391
7290013677686,false,תבלין פפריקה מרוקאית 80 גרם בשקית,מיה תעשיות מזון מ.ת.מ. ב,IL,פפריקה מרוקאית שקית,גרמים,100.00,100 גרם,false,,3.90,3.9000,true,1,253393
7290013677693,false,תבלין פלפל שחור גרוס שקית 50 גרם,מיה תעשיות מזון בעמ,IL,פלפל שחור גרוס שקית,גרמים,50.00,100 גרם,false,,6.90,13.8000,true,1,253397
7290013713025,false,"בירה ג'מס פילס בקבוק 330 מ""ל","אביר הבר בע""מ",IL,בירה ג'מס פילס 5% 33,מיליליטרים,330.00,"100 מ""ל",false,,11.90,3.6061,true,1,323368
7290013713049,false,"בירה גמס 8.8 איל בלגי מחוזקת 330 מ""ל","אביר הבר בע""מ",IL,בירה ג'מס 8.8% 330 מ,מיליליטרים,330.00,"100 מ""ל",false,,11.90,3.6061,true,1,323369
7290013713094,false,"בירה ג'יימס בלייזר בראון 330 מ""ל",יקבי כרמל,IL,בירה ג'מס IPA 6% 330,מיליליטרים,330.00,"100 מ""ל",false,,11.90,3.6061,true,1,323371
7290013724816,false,חטיף גרנולה תמר וצימוק 5 * 35ג',ויטליה ניקולה,MK,חטיפי גרנולה תמר צימ,גרמים,175.00,100 גרם,false,,9.90,5.6571,true,1,287083
7290013724946,false,שקדים בשוקולד מריר 140 גר שקדיה,"דין שיווק וקליה בע""מ",IL,שקדים בשוקולד שקדיה,גרמים,140.00,100 גרם,false,,9.90,7.0714,true,1,254153
7290013724953,false,חמוציות בציפוי שוקולד בקופסא שקדיה 140 גרם,"דין שיווק וקלייה בע""",IL,חמוציות בציפוי שוקול,גרמים,140.00,100 גרם,false,,9.90,7.0714,true,1,324560
7290013724991,false,אגוזי לוז בציפוי שוקולד בקופסא שקדיה 140 גרם,"דין שיווק וקלייה בע""",IL,אגוזי לוז בציפוי שוק,גרמים,140.00,100 גרם,false,,9.90,7.0714,true,1,324562
7290013725639,false,רוטב צילי חריף סו שף,"דין שיווק וקליה בע""מ",TH,רוטב צילי חריף סו שף,מיליליטרים,700.00,"100 מ""ל",false,,9.90,1.4143,true,1,258552
7290013725653,false,קרם קוקוס 400 גרם (653),,TH,קרם קוקוס סו שף 400,מיליליטרים,400.00,"100 מ""ל",false,,6.90,1.7250,true,1,258554
7290013725677,false,חומץ אורז לבן לסושי300מל,,CN,"חומץ אורז 300 מ""ל",מיליליטרים,300.00,"100 מ""ל",false,,11.90,3.9667,true,1,289546
7290013725752,false,נודלס דק להכנה מהירה400ג,,CN,נודלס דק סו שף 400 ג,גרמים,400.00,100 גרם,false,,6.60,1.6500,true,1,267294
7290013725769,false,נודלס עבה הכנה מהירה400ג,,CN,נודלס עבה סו שף 400,גרמים,400.00,100 גרם,false,,6.60,1.6500,true,1,267295
7290013725837,false,שומשום בציפוי שוקולד בקופסא שקדיה 140 גרם,"דין שיווק וקלייה בע""",,שומשום בציפוי שוקולד,גרמים,140.00,100 גרם,false,,9.90,7.0714,true,1,324565
7290013725844,false,חטיף שומשום בשוקולד מריר 160ג,"דין שיווק וקליה בע""מ",,שומשום בציפוי שוקולד,גרמים,140.00,100 גרם,false,,9.90,7.0714,true,1,254151
7290013771216,false,פטאקי 16% גבינות השומרון,מיוצר עי קונדיטוריית,IL,גבינה פטאקי 16% שומר,גרמים,250.00,100 גרם,false,,13.90,5.5600,true,1,259306
7290013771261,false,בולגרית מעודנת 5% 250גרם,מחלבת השומרון,IL,גבינה בולגרית מעודנת,גרמים,250.00,100 גרם,false,,12.90,5.1600,true,1,269226
7290013771285,false,בולגרית קלאסית 5% 200גרם,מחלבת השומרון,IL,גבינה בולגרית קלאסית,גרמים,200.00,100 גרם,false,,12.90,6.4500,true,1,269224
7290013771292,false,גבינה פטאקי 16% שומר,מחלבת השומרון,IL,גבינה פטאקי 16% שומר,גרמים,250.00,100 גרם,false,,12.90,5.1600,true,1,269227
7290013771308,false,בולגרית קלאסית16%200גרם,מחלבת השומרון,IL,גבינה בולגרית קלאסית,גרמים,200.00,100 גרם,false,,12.90,6.4500,true,1,269225
7290013847379,false,סטארקיסט טונה בשמן סויה בדץ 6*140ג,סטארקיסט,IL,טונה בשמן ס.ק 6*140,גרמים,840.00,100 גרם,false,,29.90,3.5595,true,1,307529
7290013847386,false,סטארקיסט נתחי טונה בהירה במים ושמן קנולה בטעם טבעי 140 גרם,"סטארקיסט פודור בע""מ",IL,טונה 4% טעם טבעי ס.ק,גרמים,140.00,100 גרם,false,,6.90,4.9286,true,1,304982
7290013847393,false,סטארקיסט לייט נתחי טונה בהירה במים ושמן קנולה עם עשבי תיבול 140 גרם,"סטארקיסט פודור בע""מ",IL,טונה 4% בעשבי תיבול,גרמים,140.00,100 גרם,false,,6.90,4.9286,true,1,304984
7290013847409,false,סטארקיסט לייט נתחי טונה בהירה במים ושמן קנולה עם לימון ופלפל חריף 140 גרם,סטארקיסט Starkist,IL,טונה 4% בלימון ופלפל,גרמים,140.00,100 גרם,false,,6.90,4.9286,true,1,304983
7290013847492,false,סטארקיסט טונה במים מארז 140X6ג',סטארקיסט,IL,טונה במים ס.ק 6*140,גרמים,840.00,100 גרם,false,,29.90,3.5595,true,1,305698
7290013848345,false,מארז מטליות לחיטוי וניקוי יסודי אנטיבקטריאלי 99.9%,סנו מפעלי ברונוס בעמ,IL,מטליות לחיטוי וניקוי,Unknown,0.00,יחידה,false,,19.70,0.0000,true,1,310072
7290013848758,false,מקסימה גל כביסה מרוכז בייבי 3ליטר סנסטיב,"סנו מפעלי ברונוס בע""\מ",IL,גל מקסימה בייבי 3 לי,קילוגרמים,3.00,ליטר,false,,32.90,10.9667,true,1,262323
7290013861412,false,המתוקים של ששון קוקוס 250 גרם,"דין שיווק וקליה בע""מ",IL,חטיפי קוקוס 250 גרם,גרמים,250.00,100 גרם,false,,9.90,3.9600,true,1,263667
7290013861429,false,המתוקים של ששון שומשום 250 גרם,קריניציה ויטמינה אס,IL,חטיפי שומשום 250 גרם,גרמים,250.00,100 גרם,false,,9.90,3.9600,true,1,263665
7290013861443,false,המתוקים של ששון בוטנים 250 גרם,קריניציה ויטמינה אס,IL,חטיפי בוטנים / חטיפי,גרמים,250.00,100 גרם,false,,9.90,3.9600,true,1,263666
7290013906441,false,קבנוס טירת צבי 120 גרם,הנסיך- מפעל לייצור ט,IL,קבנוס טירת צבי 120 ג,גרמים,120.00,100 גרם,false,,8.90,7.4167,true,1,265830
7290013906458,false,קבנוס בטעם פיקנטי טירת צבי 120 גרם,הנסיך- מפעל לייצור ט,IL,קבנוס פיקנטי טירת צב,גרמים,120.00,100 גרם,false,,8.90,7.4167,true,1,265831
7290013906489,false,חטיפי מיני קבנוס טירת צבי 120 גרם,הנסיך- מפעל לייצור ט,IL,חטיפי מיני קבנוס טיר,גרמים,120.00,100 גרם,false,,8.90,7.4167,true,1,265832
7290013906601,false,מארז צמד 600 ג' ברביקיו ודבש קהילות טירת צבי,טיב טירת צבי 2000,IL,מארז פסטרמה כפרית דב,גרמים,600.00,100 גרם,false,,27.90,4.6500,true,1,309923
7290013906700,false,"נקניקיות הודו טירת צבי כשרות הרב מחפוד 1.5 ק""ג",טיב טירת צבי 2000,IL,נקניקיות הודו טירת צ,פריט,1.50,"ק""ג",false,,29.90,19.9333,true,1,303753
7290013906939,false,קורנביף טירת צבי מחפוד 120 גרם,טיב טירת צבי 2000,IL,קורנדביף טירת צבי 12,גרמים,120.00,100 גרם,false,,13.90,11.5833,true,1,299158
7290013906946,false,פסטרמה כתף בקר ט.צבי 120 גר' מחפוד,טירת צבי - מדף,IL,פסטרמה כתף בקר מעושנ,גרמים,120.00,100 גרם,false,,13.90,11.5833,true,1,299156
7290013906991,false,סלמי מהדרין 400 גרם מחפוד טירת צבי,טיב טירת צבי 2000,IL,סלמי מהדרין טירת צבי,גרמים,400.00,100 גרם,false,,18.90,4.7250,true,1,288980
7290013927156,false,אחוה בטעם פירות יער ללא תוספת סוכר 450 גרם.,אחדות ביחר לטחינה חל,IL,עוגת פירות יער ללא ס,גרמים,450.00,100 גרם,false,,11.80,2.6222,true,1,265941
7290013927200,false,עוגת שוקולד צ'יפס עשירה אחווה 400ג',אחדות ביחר לטחינה חל,IL,עוגת שוקולד ציפס אחו,גרמים,400.00,100 גרם,false,,10.90,2.7250,true,1,261747
7290013927323,false,אחדות עוגת בראוניס 400 גרם,אחדות ביחר לטחינה חל,IL,עוגת בראוניס אחוה 40,גרמים,400.00,100 גרם,false,,10.90,2.7250,true,1,264207
7290013927514,false,אחוה רוגעלך קינמון במגש 400 גר,אחדות ביחר לטחינה חל,IL,רוגעלך קינמון אחוה 4,גרמים,400.00,100 גרם,false,,8.90,2.2250,true,1,299867
7290013927637,false,חלוה ללא תוספת סוכר במגש 400 גר' אחוה,אחדות ביחר לטחינה חל,IL,חלוה ל.סוכר אחוה 400,גרמים,400.00,100 גרם,false,,11.90,2.9750,true,1,303814
7290013927804,false,"טחינה גולמית משומשום מלא אחוה 1 ק""ג",אחדות ביחר לטחינה חל,IL,טחינה שומשום מלא אחו,פריט,1.00,"ק""ג",false,,18.90,18.9000,true,1,307395
7290013927989,false,מאפין במילוי בטעם קרמל 50 גרם אחוה,אחדות ביחר לטחינה חל,IL,מאפין במילוי קרמל אח,גרמים,50.00,100 גרם,false,,1.30,2.6000,true,1,311971
7290013927996,false,עוגת שמרים קרנץ בטעם שוקולד אחוה 400 גרם,אחדות ביחר לטחינה חל,IL,עוגת שמרים קראנץ שוק,גרמים,400.00,100 גרם,false,,9.80,2.4500,true,1,311174
7290013946089,false,מג'יק ניקוי חלונות 1 ל',סאסאטק,IL,תרסיס מגיק חלונות 1,קילוגרמים,1.00,ליטר,false,,4.90,4.9000,true,1,268618
7290013946171,false,מטהר מגיק פריחה 300,סאסאטק,IL,מטהר מגיק פריחה 300,מיליליטרים,300.00,"100 מ""ל",false,,3.90,1.3000,true,1,265724
7290013946829,false,נוזל כלים 18% מגיק 4 ליט,סאסאטק,IL,נוזל כלים מגיק תפוח,קילוגרמים,4.00,ליטר,false,,17.90,4.4750,true,1,265643
7290014002197,false,חליטת קמומיל ולימונית הגן הקסום ויסוצקי 25 יחידות,תה ויסוצקי,IL,תה קמומיל ולימונית ה,גרמים,38.00,100 גרם,false,,17.50,46.0526,true,1,259033
7290014016248,false,פיתות ל.גלוטן נטורל,נטורל קייקס,IL,פיתות ל.גלוטן נטורל,גרמים,720.00,100 גרם,false,,14.90,2.0694,true,1,310341
7290014016279,false,פיצה מרגריטה ל.גלוטן400ג,נטו מלינדה-בשר,IL,פיצה מרגריטה ל.גלוטן,גרמים,400.00,100 גרם,false,,19.90,4.9750,true,1,266820
7290014016286,false,פיצה מרגריטה זיתים 400 ג,נטו מלינדה-בשר,IL,פיצה מרגריטה עם זיתי,גרמים,400.00,100 גרם,false,,19.90,4.9750,true,1,266821
7290014016309,false,לחם פרוס ל.גלוטן נטו,נטורל קייקס,IL,לחם פרוס ל.גלוטן נטו,גרמים,450.00,100 גרם,false,,4.90,1.0889,true,1,289660
7290014016316,false,לחם רך במיוחד ל.גלוט,נטורל קייקס,IL,לחם רך במיוחד ל.גלוט,גרמים,450.00,100 גרם,false,,4.90,1.0889,true,1,290378
7290014016323,false,לחמניות ל.גלוטן נטור,נטורל קייקס,IL,לחמניות ל.גלוטן נטור,גרמים,390.00,100 גרם,false,,4.90,1.2564,true,1,289661
7290014017009,false,קמח אורז לבן ללא גלוטן 500 גרם,נטו מלינדה-בשר,IL,קמח אורז ל.גלוטן רי,גרמים,500.00,100 גרם,false,,8.90,1.7800,true,1,256604
7290014017160,false,תערובת לעוגת וניל ל.,מתבל תעשיות מזון,IL,תערובת לעוגת וניל ל.,גרמים,320.00,100 גרם,false,,14.90,4.6563,true,1,256607
7290014017320,false,0 אבקת מרק עוף ללא גלוטן,נטו מלינדה-בשר,IL,אבקת מרק בטעם עוף ל.,גרמים,400.00,100 גרם,false,,19.90,4.9750,true,1,256608
7290014079014,false,לבבות קיסר ארוז נספק,"מרינה פטריות הגליל בע""מ",IL,לבבות קיסר ארוז נספק,Unknown,0.00,יחידה,false,,9.90,0.0000,true,1,260357
7290014079076,false,נבטי אלפלפא יחידה,"מרינה פטריות הגליל בע""מ",IL,נבטי אלפלפא יח,Unknown,0.00,יחידה,false,,5.90,0.0000,true,1,258950
7290014079540,false,"שיני שום קלופות 1 ק""ג","מרינה פטריות הגליל בע""מ",IL,"שום קלוף 1 ק""ג",פריט,1.00,"ק""ג",false,,29.90,29.9000,true,1,310587
7290014079847,false,פטריות בייבי בלה צמד מרינה,"מרינה פטריות הגליל בע""מ",IL,פטריות צמד בייבי בלה,Unknown,0.00,יחידה,false,,15.90,0.0000,true,1,290171
7290014083813,false,וילי פוד מריגה שפרוטים מעושנים בשמן 190ג,הנסיך- מפעל לייצור ט,LV,שפרוט מעושן בשמן מרי,גרמים,190.00,100 גרם,false,,7.90,4.1579,true,1,258158
7290014092532,false,פלחי דלעת מרינה,"מרינה פטריות הגליל בע""מ",IL,דלעת,Unknown,0.00,יחידה,false,,8.90,0.0000,true,1,302565
7290014094260,false,שיני שום קלוף קמעונאי,יאנונינגלנאגג פרודיס לטד,IL,שום קלוף מרינה 170 ג,גרמים,170.00,100 גרם,false,,9.90,5.8235,true,1,269022
7290014094307,false,סילאן רכיבים טבעיים 380 גר-השקדיה,אף.סי תבליני בגליל ב,TR,סילאן טבעי שקדיה 360,מיליליטרים,360.00,"100 מ""ל",false,,13.90,3.8611,true,1,258563
7290014094505,false,אורז בסמתי טהור אהרוני 1 ק''ג,האי נאם סי או אל.טי.,IN,אורז בסמטי אהרוני 1,פריט,1.00,"ק""ג",false,,9.90,9.9000,true,1,260151
7290014094543,false,"תרסיס שמן קנולה שקדיה 186 מ""ל",שקדיה,IL,תרסיס שמן קנולה שקדי,מיליליטרים,186.00,"100 מ""ל",false,,14.90,8.0108,true,1,295710
7290014094864,false,פיסטוק קלוי 170 גר עם קליפה ששון הקולה,"דין שיווק וקלייה בע""",IL,פיסטוק קלוי 170 גרם,גרמים,170.00,100 גרם,false,,13.90,8.1765,true,1,258960
7290014095472,false,חטיף דגנים עם חומציות שוקולד מריר שקדיה 125 גרם,דין שיווק,MK,חטיף דגנים עם חמוציו,גרמים,125.00,100 גרם,false,,9.90,7.9200,true,1,256747
7290014095496,false,חטיף דגנים עם אגוזים ושוקולד מריר 125 גר',דין שיווק,MK,חטיף דגנים עם שקד אג,גרמים,125.00,100 גרם,false,,9.90,7.9200,true,1,256748
7290014095861,false,שיבולת שועל דקה בשקית שקדיה 500 גרם,"דין שיווק וקליה בע""מ",IL,שיבולת שועל דקה שקדי,גרמים,500.00,100 גרם,false,,4.90,0.9800,true,1,260172
7290014095960,false,שיבולת שועל עבה בשקית שקדיה 500 גרם,"דין שיווק וקלייה בע""",IL,שיבולת שועל עבה שקדי,גרמים,500.00,100 גרם,false,,4.90,0.9800,true,1,260171
7290014218482,false,"חטיפי פיצה גבינה בד""ץ מעדנות 650 גרם","מעדנות בע""\מ",IL,חטיפי פיצה מעדנות 65,גרמים,650.00,100 גרם,false,,22.90,3.5231,true,1,291948
7290014218505,false,"שלישיית פיצות בד""ץ מעדנות 3*360 גרם","מעדנות בע""\מ",IL,מארז פיצה מעדנות 3*3,פריט,1.08,"ק""ג",false,,29.90,27.6852,true,1,291946
7290014256620,false,"יין מבעבע קריניאנו באזז יקבי כרמל 750 מ""ל",יקבי כרמל Carmel Winery,IL,יין באז קריניאנו מבע,מיליליטרים,750.00,"100 מ""ל",false,,26.90,3.5867,true,1,268337
7290014256637,false,"יין מבעבע מוסקטו באזז יקבי כרמל 750 מ""ל",יקבי כרמל Carmel Winery,IL,יין באז מוסקטו מבעבע,מיליליטרים,750.00,"100 מ""ל",false,,26.90,3.5867,true,1,268336
7290014258716,false,תרכובת מזון צמחי על בסיס חלבון סויה מגיל לידה,מטרנה תעשיות ש.מ,IL,מטרנה צמחי 700 גרם,גרמים,700.00,100 גרם,false,,49.90,7.1286,true,1,268051
7290014258723,false,תרכובת מזון צמחי לתינוקות מגיל 0 עד גיל שנה,מטרנה תעשיות ש.מ,IL,מטרנה צמחי מגיל 0-12,גרמים,700.00,100 גרם,false,,64.90,9.2714,true,1,268049
7290014308626,false,פלפל שחור גרוס דק 100 גרם,תבליני פרג,,פלפל שחור גרוס פרג 1,גרמים,100.00,100 גרם,false,,15.90,15.9000,true,1,268481
7290014309012,false,אגוז מוסקט טחון 40 גרם,תבליני הדור השלישי,IL,אגוז מוסקט טחון פרג,גרמים,40.00,100 גרם,false,,16.90,42.2500,true,1,268662
7290014309128,false,תבלין קצח פרג 120 גר,תבליני הדור השלישי,IL,תבלין קצח פרג 120 גר,גרמים,120.00,100 גרם,false,,15.90,13.2500,true,1,299266
7290014325036,false,סוכריות ג'לי עטופות שמחות מיה 600 גרם,מיה תעשיות מזון מ.ת.מ. ב,IL,סוכריות גלי שמחות מי,גרמים,600.00,100 גרם,false,,18.50,3.0833,true,1,262286
7290014325043,false,"פודינג וניל 1 ק""ג שקית",מיה תעשיות מזון מ.ת.מ. ב,IL,פודינג בטעם וניל מיה,פריט,1.00,"ק""ג",false,,14.90,14.9000,true,1,265084
7290014325234,false,קוקוס מיה 800 גרם,מיה תעשיות מזון בעמ,IL,קוקוס מיה 800 גרם,גרמים,800.00,100 גרם,false,,19.90,2.4875,true,1,260382
7290014325241,false,שומשום מיה בשקית 800,מיה תעשיות מזון בעמ,IL,שומשום מיה בשקית 800,גרמים,800.00,100 גרם,false,,17.90,2.2375,true,1,260383
7290014325258,false,אורז פרסי אינדירה 1.,מיה תעשיות מזון בעמ,IL,אורז פרסי אינדירה 1.,פריט,1.40,"ק""ג",false,,7.90,5.6429,true,1,260386
7290014325326,false,חומוס גדול אינדירה 1,מיה תעשיות מזון בעמ,IL,חומוס גדול אינדירה 1,פריט,1.40,"ק""ג",false,,14.90,10.6429,true,1,261499
7290014325333,false,שעועית לבנה אינדירה,מיה תעשיות מזון בעמ,IL,שעועית לבנה אינדירה,פריט,1.40,"ק""ג",false,,14.90,10.6429,true,1,261500
7290014325357,false,"חיטה אינדירה 1.4 ק""ג",מיה תעשיות מזון בעמ,IL,"חיטה אינדירה 1.4 ק""ג",פריט,1.40,"ק""ג",false,,8.90,6.3571,true,1,261502
7290014325371,false,"אפונה אינדירה 1.4 ק""",מיה תעשיות מזון בעמ,IL,"אפונה אינדירה 1.4 ק""",פריט,1.40,"ק""ג",false,,9.90,7.0714,true,1,261504
7290014325395,false,עדשים אדומות אינדירה,מיה תעשיות מזון בעמ,IL,עדשים אדומות אינדירה,פריט,1.40,"ק""ג",false,,14.90,10.6429,true,1,261505
7290014325401,false,עדשים ירוקות אינדירה,מיה תעשיות מזון בעמ,IL,עדשים ירוקות אינדירה,פריט,1.40,"ק""ג",false,,14.90,10.6429,true,1,261506
7290014325418,false,חומוס ענק אינדירה 1.,מיה תעשיות מזון בעמ,IL,חומוס ענק אינדירה 1.,פריט,1.40,"ק""ג",false,,24.90,17.7857,true,1,261507
7290014325425,false,בורגול אינדירה 1.4 ק,מיה תעשיות מזון בעמ,IL,בורגול אינדירה 1.4 ק,פריט,1.40,"ק""ג",false,,8.90,6.3571,true,1,261508
7290014325432,false,"כוסמת אינדירה 1.4 ק""",מיה תעשיות מזון בעמ,IL,"כוסמת אינדירה 1.4 ק""",פריט,1.40,"ק""ג",false,,17.90,12.7857,true,1,261509
7290014325562,false,פופקורן אינדירה 1.4,מיה תעשיות מזון בעמ,IL,פופקורן אינדירה 1.4,פריט,1.40,"ק""ג",false,,12.90,9.2143,true,1,262500
7290014397279,false,שקיות מזון גדולות XL סנו סושי 300 יחידות,"אשפלסט תעשיות בע""מ",IL,שקיות מזון גדולות סנ,Unknown,0.00,יחידה,false,,9.90,0.0000,true,1,258936
7290014397453,false,סנו אוקסיגן גל מסיר כתמים כביסה לבנה 3 ל,סנו אוקסיג'ן,IL,גל אוקסיגן כביסה לבנ,קילוגרמים,3.00,ליטר,false,,27.90,9.3000,true,1,259498
7290014397491,false,"מבשם אויר סנו פרש הום בניחוח וניל קוקוס 350 מ""ל",סנו פרש Fresh,IL,מבשם סנופרש הום וניל,מיליליטרים,350.00,"100 מ""ל",false,,10.70,3.0571,true,1,258194
7290014397507,false,מבשם אויר סנו פרש הום בניחוח מאסק מעודן 350 מ''ל,מיוצר עי קונדיטוריית,IL,מבשם סנופרש הום יסמי,מיליליטרים,350.00,"100 מ""ל",false,,10.70,3.0571,true,1,258191
7290014397514,false,"מבשם אויר סנו פרש הום בניחוח כותנה מלטפת 350 מ""ל","סנו מפעלי ברונוס בע""",IL,מבשם סנופרש הום כותנ,מיליליטרים,350.00,"100 מ""ל",false,,10.70,3.0571,true,1,258190
7290014397521,false,"מבשם אויר סנו פרש הום בניחוח לבנדר 350 מ""ל",סנו פרש Fresh,IL,מבשם סנופרש הום לבנד,מיליליטרים,350.00,"100 מ""ל",false,,10.70,3.0571,true,1,258193
7290014397538,false,"מבשם אויר סנו פרש הום בניחוח אביב 350 מ""ל",סנו מפעלי ברונוס בעמ,IL,מבשם סנופרש הום בוקר,מיליליטרים,350.00,"100 מ""ל",false,,10.70,3.0571,true,1,258192
7290014397675,false,מקסימה מרכך כביסה חלב ודבש סנו 4 ליטר,סנו מקסימה,IL,מרכך מקסימה חלב ודבש,קילוגרמים,4.00,ליטר,false,,21.50,5.3750,true,1,259499
7290014397699,false,פוליויקס גרניט פורצלן ושיש ניחוח קלאסי 3 ליטר,סנו,IL,פוליויקס גרניט פורצל,קילוגרמים,3.00,ליטר,false,,19.90,6.6333,true,1,260464
7290014397767,false,סנו ריצפז פרש הום 2 ליטר בניחוח כותנה-מרכז,"סנו מפעלי ברונוס בע""",IL,ריצפז פרש הום כותנה,קילוגרמים,2.00,ליטר,false,,19.70,9.8500,true,1,260729
7290014397842,false,סנו - מט דוחה יתושים נוזלי מכשיר + מילוי 90 לילות,General,IL,מכשיר סנומט + מילוי,Unknown,0.00,יחידה,false,,39.90,0.0000,true,1,269786
7290014397873,false,מרכך כביסה בבישום עוצמתי ג'נטל בריז,סנו מפעלי ברונוס בעמ,IL,מרכך מקסימה ג'נטל 4,קילוגרמים,4.00,ליטר,false,,21.50,5.3750,true,1,309057
7290014434790,false,סוכריות קטנטנות בטעמי פירות 32 יח,"סוויט טיים פודסטופ בע""מ",,מאגדת סוכריות קטנטנו,גרמים,160.00,100 גרם,false,,9.90,6.1875,true,1,287249
7290014435360,false,חומוס עם רוטב חריף שמיר 400 גרם,"סלטי שמיר 2006 בע""מ",,חומוס עם רוטב חריף ש,גרמים,400.00,100 גרם,false,,10.90,2.7250,true,1,262515
7290014435384,false,חומוס עם טחינה מיוחדת שמיר 400 גרם,סלטי שמיר 2006 בעמ,,חומוס עם טחינה מיוחד,גרמים,400.00,100 גרם,false,,10.90,2.7250,true,1,262517
7290014435803,false,מטיאס הולנדי (פרובנציאל) עם בצל בשמן 180 גרם,שבעת הימים - שמיר,IL,מטיאס הולנדי פרובנצי,גרמים,200.00,100 גרם,false,,16.90,8.4500,true,1,265062
7290014435810,false,נתחי הרינג כבוש עם בצל במרינת חמוץ מתוק שמיר 220 גרם,"סלטי שמיר 2006 בע""מ",IL,הרינג כבוש שמיר 220,גרמים,220.00,100 גרם,false,,16.90,7.6818,true,1,265064
7290014435827,false,פילה מקרל מעושן בשמן ויטהול 180 גר,"סלטי שמיר 2006 בע""מ",IL,פילה מקרל מעושן שמיר,גרמים,180.00,100 גרם,false,,21.90,12.1667,true,1,265060
7290014435834,false,מקרל מעושן פרוס בשמן שמיר 180 גרם,"סלטי שמיר 2006 בע""מ",IL,מקרל מעושן שמיר 180,גרמים,180.00,100 גרם,false,,21.90,12.1667,true,1,265061
7290014435841,false,פילה הרינג עם בצל בשמן מטיאס הולנדי שמיר 200 גרם,סלטי שמיר 2006 בעמ,IL,פילה מטיאס שמיר 200,גרמים,200.00,100 גרם,false,,16.90,8.4500,true,1,265063
7290014435872,false,סלט הרינג עם מיונז שמיר 200 גרם,שבעת הימים - שמיר,IL,סלט הרינג שמיר 200 ג,גרמים,200.00,100 גרם,false,,16.90,8.4500,true,1,265068
7290014435889,false,סלט מטיאס עם מיונז שמיר 200 גרם,שבעת הימים - שמיר,IL,סלט מטיאס שמיר 200 ג,גרמים,200.00,100 גרם,false,,16.90,8.4500,true,1,265069
7290014435896,false,סלט סלמון עם מיונז שמיר 180 גרם,שבעת הימים - שמיר,IL,סלט סלמון שמיר 200,גרמים,200.00,100 גרם,false,,16.90,8.4500,true,1,265067
7290014455320,false,גבינה כדורי מוצרלה פרסקה גד 100ג',מוצרלה פרסקה 2 ב 15,IL,גבינת מוצרלה פרסקה 1,גרמים,100.00,100 גרם,false,,8.90,8.9000,true,1,300821
7290014471412,false,"מוזלי בוטנים אגוזים ושקדים 1 ק""ג - 412 ירוק שקדיה","דין שיווק וקלייה בע""",IL,מוזלי בוטנים אגוזים,פריט,1.00,"ק""ג",false,,19.90,19.9000,true,1,260660
7290014471429,false,"מוזלי עם פירות 1 ק""ג - 429 סגול שקדיה","דין שיווק וקלייה בע""",IL,מוזלי פירות שקדיה 1,פריט,1.00,"ק""ג",false,,19.90,19.9000,true,1,260661
7290014471443,false,"גרנולה צימוקים אגוזים ושקדים1 ק""ג חדש - 443 כתום שקדיה (כתום)","דין שיווק וקלייה בע""",IL,גרנולה אגוזים שקדיה,פריט,1.00,"ק""ג",false,,19.90,19.9000,true,1,260663
7290014472426,false,קונפיטורה דובדבן חמוץ 450 ג' שקדיה,"דין שיווק וקליה בע""מ",IL,קונפיטורה דובדבן 70%,גרמים,450.00,100 גרם,false,,11.90,2.6444,true,1,296577
7290014472433,false,קונפיטורה תות שדה 70% פרי 450 גרם,"דין שיווק וקליה בע""מ",IL,קונפיטורה תות שדה 70,גרמים,450.00,100 גרם,false,,11.90,2.6444,true,1,296578
7290014472440,false,קונפיטורה תפוז 70% פרי 450 גרם,"דין שיווק וקליה בע""מ",IL,קונפיטורה תפוז 70% פ,גרמים,450.00,100 גרם,false,,11.90,2.6444,true,1,296579
7290014472464,false,קונפיטורה משמש 70% פרי 450 גרם,"דין שיווק וקליה בע""מ",IL,קונפיטורה משמש 70% פ,גרמים,450.00,100 גרם,false,,11.90,2.6444,true,1,296581
7290014472990,false,ממרח 100% שקדים שקדיה 300 גרם,ג'\י אנד ג'\י פקאנס בעמ,IL,ממרח שקדים שקדיה 300,גרמים,300.00,100 גרם,false,,34.90,11.6333,true,1,296575
7290014555013,false,נוזל רצפות מגיק מאסק,סאסאטק,IL,נוזל רצפות מגיק מאסק,קילוגרמים,4.00,ליטר,false,,9.90,2.4750,true,1,265649
7290014555082,false,מים מזוקקים 4 לט מקסול,סאסאטק,IL,מים מזוקקים מקסול 4,קילוגרמים,4.00,ליטר,false,,9.90,2.4750,true,1,257333
7290014555693,false,"שמפו לשיער יבש צבוע 700 מ""ל נובו",סאסאטק,IL,שמפו נובו לשיער יבש/,מיליליטרים,700.00,"100 מ""ל",false,,5.90,0.8429,true,1,268501
7290014555709,false,"שמפו ומרכך נובו 700 מ""ל.",סאסאטק,IL,שמפו ומרכך נובו 700,מיליליטרים,700.00,"100 מ""ל",false,,5.90,0.8429,true,1,269555
7290014555716,false,"מרכך לכל סוגי השיער 700 מ""ל נובו",סאסאטק,IL,מרכך נובו לכל סוגי ה,מיליליטרים,700.00,"100 מ""ל",false,,5.90,0.8429,true,1,268502
7290014555723,false,"תחליב רחצה אקזוטי 700 מ""ל נובו",סאסאטק,IL,תחליב נובו אקזוטי 70,מיליליטרים,700.00,"100 מ""ל",false,,5.90,0.8429,true,1,268503
7290014555730,false,"תחליב רחצה דבש 700 מ""ל נובו.",סאסאטק,IL,תחליב נובו דבש 700 מ,מיליליטרים,700.00,"100 מ""ל",false,,5.90,0.8429,true,1,268504
7290014555747,false,"תחליב רחצה הרבל 700 מ""ל נובו",סאסאטק,IL,תחליב נובו הרבל 700,מיליליטרים,700.00,"100 מ""ל",false,,5.90,0.8429,true,1,268505
7290014555778,false,"נובו ג'ל רחצה לגבר בלייז 700מ""ל",סאסאטק,IL,גל רחצה נובו לגבר בל,מיליליטרים,700.00,"100 מ""ל",false,,5.90,0.8429,true,1,268507
7290014555785,false,"ג'ל רחצה לגבר וויב 700 מ""ל נובו",סאסאטק,IL,גל רחצה נובו לגבר וו,מיליליטרים,700.00,"100 מ""ל",false,,5.90,0.8429,true,1,268508
7290014562394,false,תה גרגירים להכנת משקה שומר בטר אנד דיפרנט 200 גרם,סילקו אם איי ספולקה,,תה גרגירים נמס טעם ש,גרמים,200.00,100 גרם,false,,17.90,8.9500,true,1,259282
7290014562585,false,בטר אנד דיפרנט דייסה טעם וניל 200 גר,בטר אנד דיפרנט B&D,IL,דייסת וניל ב.ד 200 ג,גרמים,200.00,100 גרם,false,,9.90,4.9500,true,1,288496
7290014562998,false,דייסה קטניות מעורבות בטר 200 גרם,בטר אנד דיפרנט,IL,דייסת קטניות מעורבות,גרמים,200.00,100 גרם,false,,9.90,4.9500,true,1,290248
7290014581036,false,"פחם למנגל הלהבה כ2- ק""ג",,,"פחם דליק 2 ק""ג",פריט,2.00,"ק""ג",false,,10.90,5.4500,true,1,267652
7290014581340,false,"פחם עץ הדרים 9 ק""ג",,,"פחם עץ הדרים 9 ק""ג",פריט,9.00,"ק""ג",false,,49.90,5.5444,true,1,267653
7290014593084,false,יין אהרונוף הריטאג',יקב אהרונוף,IL,יין אהרונוף הריטאג',מיליליטרים,750.00,"100 מ""ל",false,,189.90,25.3200,true,1,322509
7290014692299,false,גבינת ברי 125 ג' קסטיאלו ויליפוד,יורו צ'יז Euro Cheese,DE,גבינה ברי 25% יורו 1,גרמים,125.00,100 גרם,false,,14.90,11.9200,true,1,268990
7290014692305,false,גבינת קממבר EURO CHEESE ויליפוד 125 גרם,הנסיך- מפעל לייצור ט,DE,גבינה קממבר 25% יורו,גרמים,125.00,100 גרם,false,,14.90,11.9200,true,1,268991
7290014692565,false,גרעיני תירס מתוק וילי פוד 320 גרם,אקו קונסרויפרי קי.אפ,TH,תירס גרעינים ויליפוד,גרמים,320.00,100 גרם,false,,3.90,1.2187,true,1,259937
7290014738690,false,פסיפלוארק תל אביב 70,משקאות ג'בלנא,IL,פסיפלוארק תל אביב 70,מיליליטרים,700.00,"100 מ""ל",false,,29.90,4.2714,true,1,320355
7290014738935,false,יין בראשית מרלו 202,יקב בראשית,IL,יין בראשית מרלו 202,מיליליטרים,750.00,"100 מ""ל",false,,69.90,9.3200,true,1,321257
7290014738980,false,יין בראשית קברנה 202,יקב בראשית,IL,יין בראשית קברנה 202,מיליליטרים,750.00,"100 מ""ל",false,,69.90,9.3200,true,1,321258
7290014749245,false,ספיישל רצועות שניצל שומשום עוף טוב 600 גרם,מוצרי עוף טוב (2001) בע\,IL,רצועות שניצל שומשום,גרמים,600.00,100 גרם,false,,29.80,4.9667,true,1,311601
7290014749764,false,עוף טוב שניצל עוף ביתי עדין כזה 700 גרם,מוצרי עוף טוב (2001) בע\,IL,שניצל עוף ביתי מעודן,גרמים,700.00,100 גרם,false,,29.90,4.2714,true,1,311149
7290014749887,false,שניצל דק ענק קריספי קלאסי עוף טוב 720 גרם,מוצרי עוף טוב (2001) בע\,IL,שניצל דק ענק קריספי,גרמים,700.00,100 גרם,false,,27.90,3.9857,true,1,317256
7290014758117,false,מאגדת יוגורט ביו 1.5% שומן 8 יח' *150 ג' תנובה,מיוצר עי קונדיטוריית,IL,מארז יוגורט ביו תנוב,קילוגרמים,1.20,ליטר,false,,15.90,13.2500,true,1,261490
7290014758681,false,קוטג תנובה 1% גביע 250 גרם,מיוצר עי קונדיטוריית,IL,קוטג 1% תנובה 250 גר,גרמים,250.00,100 גרם,false,,5.50,2.2000,true,1,258840
7290014759084,false,גבינת שמנת נפוליאון 16% מופחת שומן תנובה 225 גרם,תנובה מרכז שיתופי לש,IL,גבינת שמנת טבעי 16%,גרמים,225.00,100 גרם,false,,12.90,5.7333,true,1,263294
7290014759701,false,"מאגדת שמינייה יופלה מעודן בד""צ בנגיעות וניל",עדן קינוחים בעמ,IL,מארז יופלה וניל 8*15,פריט,1.20,"ק""ג",false,,19.90,16.5833,true,1,261531
7290014760912,false,פרוסות גבינה 28% שומן 400 ג' גוש חלב,תנובה מרכז שיתופי לש,IL,גבינה גוש חלב 400 גר,גרמים,400.00,100 גרם,false,,24.90,6.2250,true,1,265682
7290014761018,false,גיל בטעם וניל תנובה 125 גרם,תנובה מרכז שיתופי לש,IL,גיל בטעם וניל תנובה,גרמים,125.00,100 גרם,false,,1.30,1.0400,true,1,265903
7290014761056,false,מעדן שוקולד חלב יולו תנובה 123 גרם,מיוצר עי קונדיטוריית,IL,יולו שוקולד חלב 123,גרמים,123.00,100 גרם,false,,4.30,3.4959,true,1,268147
7290014761070,false,מעדן שוקולד לבן יולו תנובה 123 גרם,מיוצר עי קונדיטוריית,IL,יולו שוקולד לבן 123,גרמים,123.00,100 גרם,false,,4.30,3.4959,true,1,268148
7290014761193,false,יוגורט עם פירות יער 1.5% שומן 125 ג' פרילי,תנובה מרכז שיתופי לש,IL,פרילי פירות יער 125,מיליליטרים,125.00,"100 מ""ל",false,,3.40,2.7200,true,1,268704
7290014761254,false,"שמיניית יוגורט ביו 3% תנובה 150 גרם בד""ץ",תנובה מרכז שיתופי לש,IL,מארז יוגורט ביו תנוב,קילוגרמים,1.20,ליטר,false,,15.90,13.2500,true,1,267265
7290014761414,false,יולו מעדן שכבות שוקולד חלב ולבן 123 גר,מיוצר עי קונדיטוריית,IL,יולו שוקולד לבן וחלב,גרמים,123.00,100 גרם,false,,4.30,3.4959,true,1,268073
7290014761438,false,פיראוס בולגרית קלאסית 24% סמי מעדניה 400,תנובה מרכז שיתופי לש,IL,גבינה בולגרית 24% פי,גרמים,400.00,100 גרם,false,,25.90,6.4750,true,1,267548
7290014761612,false,מעדן שכבות שוקולד מריר ולבן יולו 122 גרם,מיוצר עי קונדיטוריית,IL,יולו שכבות שוקולד לב,גרמים,122.00,100 גרם,false,,4.30,3.5246,true,1,287181
7290014761698,false,"גבינת עמק 28% סמי חצי קשה 600 גרם בד""ץ",תנובה מרכז שיתופי לש,IL,גבינה עמק 28% 600 גר,גרמים,600.00,100 גרם,false,,28.90,4.8167,true,1,294270
7290014762800,false,מעדן סויה שוקולד גביע 125 גרם אלטרנטיב,תנובה מרכז שיתופי לש,IL,מעדן סויה שוקולד אלט,גרמים,125.00,100 גרם,false,,3.90,3.1200,true,1,297863
7290014762831,false,גבינת שמנת נפוליאון 16% עם פלפל חלפיניו תנובה 225 גרם,תנובה מרכז שיתופי לש,IL,גבינת שמנת פלפל חלפי,גרמים,225.00,100 גרם,false,,12.90,5.7333,true,1,291356
7290014763272,false,יוגורט סויה BIO לשתיה תות ובננה אלטרנטיב,תות תעשיות מזון (201,IL,משקה סויה תות בננה א,מיליליטרים,250.00,"100 מ""ל",false,,4.90,1.9600,true,1,298247
7290014763418,false,"כד יוגרט תנובה 4% שומן 1.5 ליטר, מהדרין",תנובה מרכז שיתופי לש,IL,משקה יוגורט 4% תנובה,קילוגרמים,1.50,ליטר,false,,16.90,11.2667,true,1,293147
7290014855595,false,מגבוני טואלט סופטי 6,D.P.L,IL,מגבוני טואלט סופטי 6,Unknown,0.00,יחידה,false,,19.90,0.0000,true,1,269604
7290014860070,false,"מקלוני אורז ללא גלוטן 5 מ""מ 454גר' (אור)",ניינטי נודל קו,TH,מקלוני אורז מזרח ומע,גרמים,454.00,100 גרם,false,,10.50,2.3128,true,1,309818
7290014860094,false,"מקלוני אורז ללא גלוטן 3מ""מ 454גר' (אור)",ניינטי נודל קו,TH,מקלוני אורז ללא גלו,גרמים,454.00,100 גרם,false,,9.90,2.1806,true,1,324802
7290014860155,false,"מחצלת במבו שטוחה 24*24 ס""מ",גולין פנגזו,CN,מחצלת במבו שטוחה 24/,Unknown,0.00,יחידה,false,,7.90,0.0000,true,1,311067
7290014860247,false,שבבי אורז מרובעים ללא גלוטן 227 גרם (Oriental),ליאן תאי רייס,TH,שבבי אורז ללא גלוטן,מיליליטרים,227.00,"100 מ""ל",false,,8.50,3.7445,true,1,324803
7290014867253,false,אגוזים טחונים 400 גרם,דרומה י.א.ט בעמ,IL,אגוז מלך טחון דרומה,גרמים,400.00,100 גרם,false,,29.90,7.4750,true,1,304936
7290014867321,false,שקדים טחונים 400 גרם,דרומה י.א.ט בעמ,IL,שקד טחון דרומה 400 ג,גרמים,400.00,100 גרם,false,,34.90,8.7250,true,1,311997
7290014867338,false,שקד מולבן טחון דרומה,דרומה י.א.ט בעמ,IL,שקד מולבן טחון דרומה,גרמים,400.00,100 גרם,false,,34.90,8.7250,true,1,313060
7290014867345,false,שקד מולבן פרוס 400 גרם,דרומה י.א.ט בעמ,IL,שקד מולבן פרוס 400 ג,גרמים,400.00,100 גרם,false,,32.90,8.2250,true,1,315948
7290014940901,false,לחם פשוט מלא אנג'ל 750 גרם,מאפיית שלמה א. אנג'\ל בע,IL,לחם פשוט מלא אנגל 75,גרמים,750.00,100 גרם,false,,14.90,1.9867,true,1,303074
7290014973060,false,סלמון הילטון בוואקום,"הרמס דגים בע""מ",IL,סלמון מעושן הרמס 100,גרמים,100.00,100 גרם,false,,16.90,16.9000,true,1,309756
7290014973190,false,דג נילוס מעושן בוואק,"הרמס דגים בע""מ",IL,נילוס מעושן פרוס הרמ,גרמים,200.00,100 גרם,false,,29.90,14.9500,true,1,310512
7290014973329,false,פילה הרינג אדום הרמס,"הרמס דגים בע""מ",IL,פילה הרינג אדום הרמס,גרמים,200.00,100 גרם,false,,16.90,8.4500,true,1,308945
7290014973374,false,פילה מקרל בשמן הרמס,"הרמס דגים בע""מ",IL,פילה מקרל בשמן הרמס,גרמים,200.00,100 גרם,false,,21.90,10.9500,true,1,308952
7290014973381,false,ממרח סלמון הרמס 200,"הרמס דגים בע""מ",IL,ממרח סלמון הרמס 200,גרמים,200.00,100 גרם,false,,19.90,9.9500,true,1,310302
7290014973480,false,הרמס טונה מעושן פרוס,"הרמס דגים בע""מ",IL,טונה מעושן קר פרוס ה,גרמים,200.00,100 גרם,false,,29.90,14.9500,true,1,310513
7290014973527,false,ממרח מקרל הרמס 200 ג,"הרמס דגים בע""מ",IL,ממרח מקרל הרמס 200 ג,גרמים,200.00,100 גרם,false,,19.90,9.9500,true,1,315309
7290014973558,false,פילה סלמון גרבלקס הר,"הרמס דגים בע""מ",IL,פילה סלמון גרבלקס הר,גרמים,200.00,100 גרם,false,,31.90,15.9500,true,1,309016
7290014973626,false,מקרל מעושן הרמס 400,"הרמס דגים בע""מ",IL,מקרל מעושן הרמס 400,גרמים,400.00,100 גרם,false,,34.90,8.7250,true,1,315869
7290014973640,false,פילה הרינג לבן הרמס,"הרמס דגים בע""מ",IL,פילה הרינג לבן הרמס,גרמים,200.00,100 גרם,false,,11.90,5.9500,true,1,315871
7290014973657,false,פילה הרינג אדום הרמס,"הרמס דגים בע""מ",IL,פילה הרינג אדום הרמס,גרמים,200.00,100 גרם,false,,11.90,5.9500,true,1,315872
7290014973664,false,איקרה אדומה הרמס 250,"הרמס דגים בע""מ",IL,איקרה אדומה הרמס 250,גרמים,250.00,100 גרם,false,,12.90,5.1600,true,1,316493
7290014973671,false,איקרה לבנה הרמס 250,"הרמס דגים בע""מ",IL,איקרה לבנה הרמס 250,גרמים,250.00,100 גרם,false,,12.90,5.1600,true,1,316494
7290014974593,false,גביעי גלידריה עלמה ללא גלוטן 132 גרם,כרמית תעשיות ממתקים,IL,גביעי גלידריה ל. גלו,גרמים,132.00,100 גרם,false,,14.90,11.2879,true,1,323126
7290015025829,false,שקיות אחסון בינוניות,אס סי גונסון ראסין,US,שקיות אחסון בינוניות,Unknown,0.00,יחידה,false,,19.90,0.0000,true,1,323346
7290015025836,false,שקיות הקפאה גדולות ז,אס סי גונסון ראסין,US,שקיות הקפאה גדולות ז,Unknown,0.00,יחידה,false,,19.90,0.0000,true,1,323347
7290015025843,false,שקיות סנדוויץ קטנות,תאי גריפיטס,TH,שקיות סנדוויץ קטנות,Unknown,0.00,יחידה,false,,24.90,0.0000,true,1,323348
7290015037495,false,"כוסברה כשרה יבול חו""ל יח",יעל ירק עלים,IL,כוסברה מהדרין,Unknown,0.00,יחידה,false,,6.90,0.0000,true,1,299108
7290015037501,false,"שמיר כשר יבול חו""ל יחידה",יעל ירק עלים,IL,שמיר מהדרין,Unknown,0.00,יחידה,false,,6.90,0.0000,true,1,299109
7290015039253,false,עלי גפן במי מלח ויליפוד 620 גרם,קוראהן פזלרמה וי דיס,TR,עלי גפן ויליפוד 620,גרמים,620.00,100 גרם,false,,8.90,1.4355,true,1,265657
7290015089920,false,לקט אפונה וגזר טלפרו,horrafrost n.v,ES,לקט אפונה וגזר טלפרו,פריט,1.00,"ק""ג",false,,4.90,4.9000,true,1,289340
7290015139052,false,מרשמלו טוויסטר 500 ג,כרמית,IL,מרשמלו טוויסטר 500 ג,גרמים,500.00,100 גרם,false,,13.90,2.7800,true,1,264367
7290015139526,false,חופשי ופל בציפוי ומילוי שוקו ללא גלוטן כרמית 125 גרם,כרמית תעשיות ממתקים,IL,אצבעות וופל שוקולד ל,גרמים,125.00,100 גרם,false,,6.90,5.5200,true,1,290133
7290015139571,false,חופשי ופל בארים בציפוי שוקולד 25 גר,"כרמית תעשיות ממתקים בע""\",IL,וופל מצופה שוקולד ל.,גרמים,125.00,100 גרם,false,,9.90,7.9200,true,1,290132
7290015150361,false,תה ירוק נענע סטיביה ויסוצקי 25 יחידות,ויסוצקי ירוק,IL,תה ירוק נענע סטיביה,גרמים,38.00,100 גרם,false,,22.90,60.2632,true,1,287521
7290015251174,false,"שלישיית סבון ידים ירוק נובו 500 מ""ל",סאסאטק,IL,אל סבון נובו פרש ירו,קילוגרמים,1.50,ליטר,false,,9.90,6.6000,true,1,265651
7290015251181,false,"שלישיית סבון ידים כחול 500 מ""ל נובו",סאסאטק,IL,אל סבון נובו אנרגי כ,קילוגרמים,1.50,ליטר,false,,9.90,6.6000,true,1,265652
7290015251198,false,"שלישיית סבון ידים סגול 500 מ""ל נובו",סאסאטק,IL,אל סבון נובו רילקס ס,קילוגרמים,1.50,ליטר,false,,9.90,6.6000,true,1,265650
7290015251204,false,"נובו שלישיית סבון ידיים ורוד 500מ""ל",סאסאטק,IL,אל סבון נובו פלוראל,קילוגרמים,1.50,ליטר,false,,9.90,6.6000,true,1,265653
7290015282581,false,חומוס אבו גוש עם חריף שמיר 200 גרם,"סלטי שמיר 2006 בע""מ",IL,חומוס עם חריף שמיר ג,גרמים,200.00,100 גרם,false,,10.90,5.4500,true,1,266637
7290015282598,false,חומוס מסעדות גורמה שמיר 200 גרם,"סלטי שמיר 2006 בע""מ",IL,חומוס מסעדות שמיר גו,גרמים,200.00,100 גרם,false,,10.90,5.4500,true,1,266638
7290015282604,false,טחינה מיוחדת גורמה שמיר 200 גרם,"סלטי שמיר 2006 בע""מ",IL,טחינה מיוחדת שמיר בי,גרמים,200.00,100 גרם,false,,10.90,5.4500,true,1,266639
7290015282628,false,חציל בטעם כבד גורמה שמיר 200 גרם,"סלטי שמיר 2006 בע""מ",IL,חציל בטעם כבד שמיר ג,גרמים,200.00,100 גרם,false,,10.90,5.4500,true,1,266641
7290015282635,false,חומוס מסבחה גורמה שמיר 200 גרם,"סלטי שמיר 2006 בע""מ",IL,חומוס מסבחה שמיר גור,גרמים,200.00,100 גרם,false,,10.90,5.4500,true,1,266642
7290015282642,false,חומוס אבו גוש גורמה שמיר 200 גרם,"סלטי שמיר 2006 בע""מ",IL,חומוס אבו גוש שמיר ג,גרמים,200.00,100 גרם,false,,10.90,5.4500,true,1,266643
7290015282673,false,חציל במיונז ביתי גורמה שמיר 200 גרם,"סלטי שמיר 2006 בע""מ",IL,חציל במיונז שמיר גור,גרמים,200.00,100 גרם,false,,10.90,5.4500,true,1,266647
7290015282680,false,קישוא בטעם כבד גורמה שמיר 200 גרם,"סלטי שמיר 2006 בע""מ",IL,קישואים בטעם כבד שמי,גרמים,200.00,100 גרם,false,,10.90,5.4500,true,1,266648
7290015282697,false,כרוב אדום שמיר גורמה 200גר,"סלטי שמיר 2006 בע""מ",IL,כרוב אדום שמיר גורמה,גרמים,200.00,100 גרם,false,,10.90,5.4500,true,1,266649
7290015282710,false,קוביות סלק גורמה שמיר 200 גרם,"סלטי שמיר 2006 בע""מ",IL,קוביות סלק שמיר גורמ,גרמים,200.00,100 גרם,false,,10.90,5.4500,true,1,266651
7290015282727,false,גזר מרוקאי ברוטב פיקנטי אסלי שמיר 200 ג',"סלטי שמיר 2006 בע""מ",IL,גזר מרוקאי שמיר גורמ,גרמים,200.00,100 גרם,false,,10.90,5.4500,true,1,266652
7290015282734,false,מטבוחה ביתית גורמה שמיר 200 גרם,"סלטי שמיר 2006 בע""מ",IL,מטבוחה שמיר גורמה 20,גרמים,200.00,100 גרם,false,,10.90,5.4500,true,1,266653
7290015282741,false,חציל תאילנדי אסלי שמיר 200 ג',"סלטי שמיר 2006 בע""מ",IL,חציל תאילנדי שמיר גו,גרמים,200.00,100 גרם,false,,10.90,5.4500,true,1,266654
7290015321167,false,פפריקה מתוקה בשמן פר,תבליני הדור השלישי,IL,פפריקה מתוקה בשמן פר,גרמים,250.00,100 גרם,false,,21.90,8.7600,true,1,269404
7290015321174,false,פפריקה מתוקה פרג 300,תבליני הדור השלישי,IL,פפריקה מתוקה פרג 300,גרמים,300.00,100 גרם,false,,21.90,7.3000,true,1,269098
7290015321204,false,כורכום פרג 320 גרם,תבליני הדור השלישי,IL,כורכום פרג 320 גרם,גרמים,320.00,100 גרם,false,,21.90,6.8437,true,1,269096
7290015321211,false,כמון פרג 250 גרם,תבליני הדור השלישי,IL,כמון פרג 250 גרם,גרמים,250.00,100 גרם,false,,21.90,8.7600,true,1,269095
7290015321235,false,מקלות קינמון פרג 150,תבליני הדור השלישי,IL,מקלות קינמון פרג 150,גרמים,150.00,100 גרם,false,,21.90,14.6000,true,1,269406
7290015321242,false,קינמון טחון פרג 250,תבליני הדור השלישי,IL,קינמון טחון פרג 250,גרמים,250.00,100 גרם,false,,21.90,8.7600,true,1,269407
7290015321280,false,צילי פרג 230 גרם,תבליני הדור השלישי,IL,צילי פרג 230 גרם,גרמים,230.00,100 גרם,false,,21.90,9.5217,true,1,269411
7290015321297,false,גריל עוף פרג 250 גרם,תבליני הדור השלישי,IL,גריל עוף פרג 250 גרם,גרמים,250.00,100 גרם,false,,21.90,8.7600,true,1,269412
7290015321303,false,תבלין לסטיק פרג 250,תבליני הדור השלישי,IL,תבלין לסטיק פרג 250,גרמים,250.00,100 גרם,false,,21.90,8.7600,true,1,269099
7290015321310,false,תבלין לשווארמה פרג 2,תבליני הדור השלישי,IL,תבלין לשווארמה פרג 2,גרמים,250.00,100 גרם,false,,21.90,8.7600,true,1,269413
7290015321327,false,תבלין לדגים פרג 250,תבליני הדור השלישי,IL,תבלין לדגים פרג 250,גרמים,250.00,100 גרם,false,,21.90,8.7600,true,1,269097
7290015321341,false,חוואיג למרק פרג 250,תבליני הדור השלישי,IL,חוואיג למרק פרג 250,גרמים,250.00,100 גרם,false,,21.90,8.7600,true,1,269415
7290015321365,false,זעתר פרג 240 גרם,תבליני הדור השלישי,IL,זעתר פרג 240 גרם,גרמים,240.00,100 גרם,false,,21.90,9.1250,true,1,269417
7290015321389,false,פטרוזיליה פרג 80 גרם,תבליני הדור השלישי,IL,פטרוזיליה פרג 80 גרם,גרמים,80.00,100 גרם,false,,21.90,27.3750,true,1,269419
7290015321396,false,בזיליקום פרג 80 גרם,תבליני הדור השלישי,IL,בזיליקום פרג 80 גרם,גרמים,80.00,100 גרם,false,,21.90,27.3750,true,1,269420
7290015321402,false,כוסברה פרג 60 גרם,תבליני הדור השלישי,IL,כוסברה פרג 60 גרם,גרמים,60.00,100 גרם,false,,21.90,36.5000,true,1,269395
7290015321419,false,שמיר פרג 80 גרם,תבליני הדור השלישי,IL,שמיר פרג 80 גרם,גרמים,80.00,100 גרם,false,,21.90,27.3750,true,1,269394
7290015321426,false,אורגנו פרג 120 גרם,תבליני הדור השלישי,IL,אורגנו פרג 120 גרם,גרמים,120.00,100 גרם,false,,21.90,18.2500,true,1,269424
7290015321433,false,רוזמרין פרג 80 גרם,תבליני הדור השלישי,IL,רוזמרין פרג 80 גרם,גרמים,300.00,100 גרם,false,,21.90,7.3000,true,1,269421
7290015321457,false,טימין פרג 80 גרם,תבליני הדור השלישי,IL,טימין פרג 80 גרם,גרמים,80.00,100 גרם,false,,21.90,27.3750,true,1,269422
7290015339605,false,"שוקולד לבן חלב ואגוזים בד""ץ טעמן",אלבה שוקולד,,שוקולד טעמן לבן נוגט,גרמים,100.00,100 גרם,false,,7.90,7.9000,true,1,290597
7290015339612,false,שוקולד חלב קרם אגוזים 100 גרם טעמן.,אלבה שוקולד,,שוקולד טעמן חלב אגוז,גרמים,100.00,100 גרם,false,,7.90,7.9000,true,1,290595
7290015339629,false,שוקולד חלב שברי אגוזים 100 גרם טעמן,הלל תעשיות,IL,שוקולד טעמן חלב שברי,גרמים,100.00,100 גרם,false,,7.90,7.9000,true,1,290598
7290015339636,false,שוקולד מריר קרם אגוזים 100 גרם טעמן.,הלל תעשיות,IL,שוקולד טעמן מריר אגו,גרמים,100.00,100 גרם,false,,7.90,7.9000,true,1,290596
7290015339650,false,שוקולד חלב 100 גרם טעמן.,אלבה שוקולד,,שוקולד טעמן חלב 100,גרמים,100.00,100 גרם,false,,7.90,7.9000,true,1,290593
7290015341516,false,עוגת קראנץ שמרים אנטיקוביץ 500 גרם,קריות זול,IL,עוגת קרנץ 500 גרם,גרמים,500.00,100 גרם,false,,10.90,2.1800,true,1,302741
7290015341578,false,עוגת שמרים דניש עגולה 500 גרם אנטקוביץ,אנטיקביץ,IL,עוגת דניש בטעמים שונ,גרמים,500.00,100 גרם,false,,10.90,2.1800,true,1,302325
7290015341837,false,עוגיות ואטוריס לייט 350 גר',אנטיקביץ,IL,עוגיות פרימיום ללא ס,גרמים,350.00,100 גרם,false,,11.90,3.4000,true,1,323186
7290015347037,false,קקאו מיה 800 גרם,מיה תעשיות מזון בעמ,IL,קקאו מיה 800 גרם,גרמים,800.00,100 גרם,false,,21.90,2.7375,true,1,263838
7290015347068,false,קוקוס מיה 250 גרם,מיה תעשיות מזון בעמ,IL,קוקוס מיה 250 גרם,גרמים,250.00,100 גרם,false,,7.90,3.1600,true,1,266449
7290015347075,false,שומשום מיה 250 גרם,מיה תעשיות מזון בעמ,IL,שומשום מיה 250 גרם,גרמים,250.00,100 גרם,false,,6.90,2.7600,true,1,266450
7290015347167,false,קינואה לבנה סלקטד מיה 500 גרם,מיה תעשיות מזון בעמ,IL,קינואה סלקטד 500 גרם,גרמים,500.00,100 גרם,false,,16.90,3.3800,true,1,301142
7290015347174,false,"אורז פרסי סלקטד ק'ג מיה 1 ק""ג",מיה תעשיות מזון מ.ת.מ. ב,IL,"אורז פרסי סלקטד 1 ק""",פריט,1.00,"ק""ג",false,,11.90,11.9000,true,1,268125
7290015347181,false,"שעועית לבנה סלקטד ק'ג מיה 1 ק""ג",מיה תעשיות מזון מ.ת.מ. ב,IL,שעועית לבנה סלקטד 1,פריט,1.00,"ק""ג",false,,13.90,13.9000,true,1,268123
7290015347204,false,"חומוס גדול סלקטד מיה 1 ק""ג",מיה תעשיות מזון מ.ת.מ. ב,IL,חומוס גדול סלקטד 1 ק,פריט,1.00,"ק""ג",false,,13.90,13.9000,true,1,268122
7290015347211,false,"גריסי פנינה סלקטד 1 ק""ג",מיה תעשיות מזון מ.ת.מ. ב,IL,גריסי פנינה סלקטד 1,פריט,1.00,"ק""ג",false,,14.90,14.9000,true,1,268124
7290015347501,false,אבקת אפיה מיה 36 יח,מיה תעשיות מזון בעמ,IL,אבקת אפיה מיה 36 יח,גרמים,360.00,100 גרם,false,,5.90,1.6389,true,1,294427
7290015347518,false,סוכר וניל מיה 36 יח,מיה תעשיות מזון בעמ,IL,סוכר וניל מיה 36 יח,גרמים,360.00,100 גרם,false,,5.90,1.6389,true,1,294428
7290015347556,false,גבישי שום בצנצנת מיה 300 גרם,מיה תעשיות מזון בעמ,IL,גבישי שום מיה 300 גר,גרמים,300.00,100 גרם,false,,24.90,8.3000,true,1,307386
7290015347679,false,"תבלין צ'ילי גרוס 70 גר' צנצנת כשל""פ",מיה תעשיות מזון מ.ת.מ. ב,IL,צילי גרוס מיה 70 גרם,גרמים,70.00,100 גרם,false,,7.90,11.2857,true,1,290527
7290015347686,false,תבלין צ'ילי גרוס 50 גר' שקית,מיה תעשיות מזון מ.ת.מ. ב,IL,צילי שקית מיה 50 גרם,גרמים,50.00,100 גרם,false,,6.90,13.8000,true,1,290528
7290015347945,false,שעועית מעורבת אינדיר,מיה תעשיות מזון בעמ,IL,שעועית מעורבת אינדיר,פריט,1.40,"ק""ג",false,,16.90,12.0714,true,1,297946
7290015347952,false,שיבולת שועל עבה אינד,מיה תעשיות מזון בעמ,IL,שיבולת שועל עבה אינד,גרמים,750.00,100 גרם,false,,5.90,0.7867,true,1,298863
7290015347969,false,שיבולת שועל דק אינדי,מיה תעשיות מזון בעמ,IL,שיבולת שועל דק אינדי,גרמים,750.00,100 גרם,false,,5.90,0.7867,true,1,298864
7290015350143,false,"יין פריי פאן מרלו 750 מ""ל",סי.זי.איי.אס בעמ,,יין אדום פרי ראן מר,מיליליטרים,750.00,"100 מ""ל",false,,59.90,7.9867,true,1,312856
7290015374002,false,סיגרים בטעם בשר אלקי,חטיפי אלקיים בעמ,IL,סיגרים בטעם בשר אלקי,פריט,1.00,"ק""ג",false,,21.90,21.9000,true,1,267564
7290015374019,false,סיגרים במילוי תפוא א,חטיפי אלקיים בעמ,IL,סיגרים במילוי תפוא א,פריט,1.00,"ק""ג",false,,21.90,21.9000,true,1,267565
7290015374071,false,קרפלך תפוא אלקיים 1,חטיפי אלקיים בעמ,IL,קרפלך תפוא אלקיים 1,פריט,1.00,"ק""ג",false,,21.90,21.9000,true,1,267568
7290015374088,false,חטיפי תפוא במילוי פט,חטיפי אלקיים בעמ,IL,חטיפי תפוא במילוי פט,פריט,1.00,"ק""ג",false,,21.90,21.9000,true,1,267569
7290015470094,false,טוסו שוקולד מריר תפוז ללא סוכר 100גרם,אלטינמארקה,TR,שוקולד מריר בטעם תפו,גרמים,100.00,100 גרם,false,,8.90,8.9000,true,1,320692
7290015581301,false,צלחות קנה סוכר גדולו,,IN,צלחות קנה סוכר גדולו,Unknown,0.00,יחידה,false,,29.90,0.0000,true,1,321171
7290015581318,false,צלחות קנה סוכר קטנות,,IN,צלחות קנה סוכר קטנות,Unknown,0.00,יחידה,false,,19.90,0.0000,true,1,321172
7290015581325,false,קערות קנה סוכר 80 יח,,IN,קערות קנה סוכר 80 יח,Unknown,0.00,יחידה,false,,25.90,0.0000,true,1,322256
7290015581332,false,לפתניות קנה סוכר 80,,IN,לפתניות קנה סוכר 80,Unknown,0.00,יחידה,false,,19.90,0.0000,true,1,322257
7290015603188,false,אטריות ביצים 454ג' (כ) (fu),פוגיאן לונגהי אנלידה אינ,CN,אטריות ביצים מזרח ומ,גרמים,454.00,100 גרם,false,,10.50,2.3128,true,1,309812
7290015603195,false,איטריות בתוספת תרד 454 גרם,פוגיאן לונגהי אנלידה אינ,CN,אטריות עם תרד מזרח ו,גרמים,454.00,100 גרם,false,,10.50,2.3128,true,1,324804
7290015603201,false,אטריות מחיטה מלאה 454ג' (כ) (fu),קסמיאן קסינגשנג פודסטטפס,CN,אטריות חיטה מלאה מזר,גרמים,454.00,100 גרם,false,,10.50,2.3128,true,1,317152
7290015603232,false,איטריות בתוספת דלעת 454 גרם,פוגקן לונגהי אנלידה,CN,אטריות עם דלעת מזרח,גרמים,454.00,100 גרם,false,,10.50,2.3128,true,1,324800
7290015603522,false,"נוזל אגוזי קוקוס 5%-7% 400 מ""ל",אסי אטיק גרו אינדוסט,TH,נוזל קוקוס 5-7% מזרח,מיליליטרים,400.00,"100 מ""ל",false,,5.90,1.4750,true,1,320530
7290015603546,false,"שימורי קרם קוקוס 17-19% 400 מ""ל (ASIATIC)(כ)",אסיאטיק אגרו אינדסטר,TH,קרם קוקוס 17-19% מזר,מיליליטרים,400.00,"100 מ""ל",false,,8.50,2.1250,true,1,309819
7290015603560,false,"שימורי קרם קוקוס 20-22% 400 מ""ל (ASIATIC)(כ)",אסיאטיק אגרו אינדוסטרי,TH,קרם קוקוס 20-22% מזר,מיליליטרים,400.00,"100 מ""ל",false,,9.70,2.4250,true,1,311065
7290015603584,false,ג'ינגר לבן כבוש ללא מונוסודיום 160 גרם (כ),לאיווי איפנג פודס קו,CN,ג'ינגר לבן כבוש מזרח,גרמים,160.00,100 גרם,false,,7.90,4.9375,true,1,309814
7290015603591,false,גינגר ורוד כבוש ללא מונוסודיום 160 גרם,ננטונג הידה אקוטיק פ,CN,ג'ינגר כבוש ורוד מזר,גרמים,160.00,100 גרם,false,,6.90,4.3125,true,1,324805
7290015644433,false,לחם מחמצת 100% שיפון קל אנג'ל 600 גרם,מאפיית שלמה א. אנג'\ל בע,IL,לחם מחמצת שיפון קל א,גרמים,650.00,100 גרם,false,,17.90,2.7538,true,1,303075
7290015652070,false,קשוי קלוי בשקית ששון הקולה 150 גרם,"דין שיווק וקלייה בע""",IL,קשיו קלויים 150 גרם,גרמים,150.00,100 גרם,false,,9.90,6.6000,true,1,276162
7290015652254,false,גרעיני חמניה קלויים 400 גרם ששון הקלה,"דין שיווק וקלייה בע""",IL,גרעין שחור 500 גרם,גרמים,500.00,100 גרם,false,,10.00,2.0000,true,1,297482
7290015652261,false,בוטנים קלויים 300 גרם ששון הקולה,"דין שיווק וקלייה בע""",IL,בוטן קלויים 350 גרם,גרמים,350.00,100 גרם,false,,10.00,2.8571,true,1,297481
7290015652278,false,תערובת פיצוחים 250 גרם ששון הקולה,"דין שיווק וקלייה בע""",IL,תערובת פיצוחים 300 ג,גרמים,300.00,100 גרם,false,,20.00,6.6667,true,1,291123
7290015652292,false,קבוקים עם שומשום ששון הקולה 400 גרם,"דין שיווק וקלייה בע""",IL,קבוקים 400 גרם,גרמים,400.00,100 גרם,false,,10.00,2.5000,true,1,297485
7290015652322,false,בוטנים אמריקאיים מצופים 400 גר ששון הקלה,"דין שיווק וקלייה בע""",IL,בוטן אמריקאי 400 גרם,גרמים,400.00,100 גרם,false,,10.00,2.5000,true,1,297480
7290015652384,false,"קמח תירס ללא גלוטן עבה ששון הקולה 1 ק""ג",מולינו פיילה גלאסה,IT,קמח תירס עבה ל.גלוטן,פריט,1.00,"ק""ג",false,,9.90,9.9000,true,1,289844
7290015652391,false,"קמח תירס הכנה מהירה ללא גלוטן 1 ק""ג",מולינו פיילה גלאסה,IT,קמח תירס דק ל.גלוטן,פריט,1.00,"ק""ג",false,,9.90,9.9000,true,1,289845
7290015652407,false,פיסטוק קלוי ששון הקולה 250 גרם,"דין שיווק וקלייה בע""",IL,פיסטוק 250 גרם,גרמים,250.00,100 גרם,false,,20.00,8.0000,true,1,297488
7290015652506,false,נוזל קוקוס דל קלוריו,תאי קוקונט פבליק קומפני,TH,נוזל קוקוס דל קלוריו,מיליליטרים,400.00,"100 מ""ל",false,,6.90,1.7250,true,1,289017
7290015652513,false,תערובת תבלינים לסטייק ובשרים על האש,"דין שיווק וקליה בע""מ",IL,תערובת לסטייק אהרוני,גרמים,150.00,100 גרם,false,,9.90,6.6000,true,1,288296
7290015652520,false,"תערובת השף עשבי תיבול ושום לתיבול דגים, עופות, מאפים ועוד","דין שיווק וקליה בע""מ",IL,תערובת השף אהרוני 70,גרמים,70.00,100 גרם,false,,9.90,14.1429,true,1,288298
7290015652544,false,תבלין גריל עוף ארומטי 130 גרם - אהרוני,"נווה התבלין בע""מ",IL,גריל עוף ארומטי אהרו,גרמים,130.00,100 גרם,false,,9.90,7.6154,true,1,288290
7290015652582,false,חריימה דג אהרוני 150 גרם,"דין שיווק וקליה בע""מ",IL,תבלין לחריימה דג אהר,גרמים,150.00,100 גרם,false,,9.90,6.6000,true,1,288291
7290015733205,false,תרכובת מזון לתינוקות חלבי שלב 1 אקסטרה קר מהדרין,נסטלה,IL,מטרנה אקסטרה קר שלב,גרמים,700.00,100 גרם,false,,56.90,8.1286,true,1,301393
7290015733229,false,תרכובת מזון לתינוקות חלבי שלב 2 אקסטרה קר מהדרין,מטרנה,IL,מטרנה אקסטרה קר שלב,גרמים,700.00,100 גרם,false,,56.90,8.1286,true,1,301392
7290015733243,false,מטרנה אקסטרה קייר מהדרין שלב 3 700 גרם,מטרנה תעשיות ש.מ.,IL,מטרנה אקסטרה קר שלב,גרמים,700.00,100 גרם,false,,56.90,8.1286,true,1,301391
7290015781008,false,"יין VISION מרלו אדום טפרברג 750 מ""ל","יקב טפרברג 1870 בע""מ",IL,יין ויזן מרלו,מיליליטרים,750.00,"100 מ""ל",false,,39.90,5.3200,true,1,287253
7290015781015,false,"יין VISION מלבק טפרברג 750 מ""ל","יקב טפרברג 1870 בע""מ",IL,יין ויזן מלבק,מיליליטרים,750.00,"100 מ""ל",false,,39.90,5.3200,true,1,287254
7290015781046,false,"יין לבן חצי יבש ויזון 750 מ""ל","יקב טפרברג 1870 בע""מ",IL,יין ויזן לבן חצי יבש,מיליליטרים,750.00,"100 מ""ל",false,,39.90,5.3200,true,1,287256
7290015781091,false,"יין VISION קברנה סוביניון טפרברג 750 מ""ל","יקב טפרברג 1870 בע""מ",IL,יין ויזן קברנה סובינ,מיליליטרים,750.00,"100 מ""ל",false,,39.90,5.3200,true,1,287252
7290015781107,false,"יין סנג'ובזה 750 מ""ל IMPRESSION","יקב טפרברג 1870 בע""מ",IL,יין אימפרשן סנגובזה,מיליליטרים,750.00,"100 מ""ל",false,,49.90,6.6533,true,1,287263
7290015781114,false,"יין IMPRESSION מרלו טפרברג 750 מ""ל","יקב טפרברג 1870 בע""מ",IL,יין אימפרשן מרלו,מיליליטרים,750.00,"100 מ""ל",false,,49.90,6.6533,true,1,287261
7290015781121,false,"יין IMPRESSION קברנה סוביניון יבש טפרברג 750 מ""ל","יקב טפרברג 1870 בע""מ",IL,יין אימפרשן קברנה סו,מיליליטרים,750.00,"100 מ""ל",false,,49.90,6.6533,true,1,287260
7290015781138,false,"יין שרדונה 750 מ""ל IMPRESSION","יקב טפרברג 1870 בע""מ",,יין אימפרשן שרדונה 7,מיליליטרים,750.00,"100 מ""ל",false,,49.90,6.6533,true,1,287267
7290015781169,false,"יין IMPRESSION קברנה סוביניון חצי יבש טפרברג 750 מ""ל","יקב טפרברג 1870 בע""מ",IL,יין אימפרשן קברנה סו,מיליליטרים,750.00,"100 מ""ל",false,,49.90,6.6533,true,1,287265
7290015781275,false,יין MOSCATO מוסקטו לבן 750 מל,"יקב טפרברג 1870 בע""מ",IL,יין טפרברג מוסקטו לב,מיליליטרים,750.00,"100 מ""ל",false,,39.90,5.3200,true,1,287258
7290015781299,false,"יין VISION שיראז אדום טפרברג 750 מ""ל","יקב טפרברג 1870 בע""מ",IL,יין ויזן שיראז,מיליליטרים,750.00,"100 מ""ל",false,,39.90,5.3200,true,1,287255
7290015781305,false,"יין אימפרשן סירה 750 מ""ל","יקב טפרברג 1870 בע""מ",IL,יין אימפרשן סירה,מיליליטרים,750.00,"100 מ""ל",false,,49.90,6.6533,true,1,287262
7290015781657,false,"יין למברוסקו רוזה 750 מ""ל",יקב טפרברג 1870 בעמ,IL,יין אלגרו למבורסקו ר,מיליליטרים,750.00,"100 מ""ל",false,,34.90,4.6533,true,1,309602
7290015781664,false,יין אלגרו למבורסקו ל,יקב טפרברג 1870 בעמ,IL,יין אלגרו למבורסקו ל,מיליליטרים,750.00,"100 מ""ל",false,,34.90,4.6533,true,1,309603
7290015796712,false,כפות לבנות HAPPY - יחידות 100,,CN,"כפות ח""פ הופי 100 יח",Unknown,0.00,יחידה,false,,6.90,0.0000,true,1,324117
7290015856256,false,קרקר עם מלח בריידמן,אפיפית נצרת תעשיות ב,IL,קרקר עם מלח בריידמן,פריט,1.20,"ק""ג",false,,19.90,16.5833,true,1,302751
7290015856263,false,קרקר עם שומשום ברייד,אפיפית נצרת תעשיות ב,IL,קרקר עם שומשום ברייד,פריט,1.20,"ק""ג",false,,19.90,16.5833,true,1,302752
7290015856270,false,קרקר בטעם בצל בריידמ,אפיפית נצרת תעשיות ב,IL,קרקר בטעם בצל בריידמ,פריט,1.20,"ק""ג",false,,19.90,16.5833,true,1,302753
7290015856294,false,חטיפי קרקר עם מלח ים,אפיפית נצרת תעשיות ב,IL,חטיפי קרקר עם מלח ים,פריט,1.50,"ק""ג",false,,19.90,13.2667,true,1,302872
7290015856300,false,חטיפי קרקר שומשום בר,אפיפית נצרת תעשיות ב,IL,חטיפי קרקר שומשום בר,פריט,1.50,"ק""ג",false,,19.90,13.2667,true,1,302870
7290015856317,false,חטיפי קרקר בצל ברייד,אפיפית נצרת תעשיות ב,IL,חטיפי קרקר בצל ברייד,פריט,1.50,"ק""ג",false,,19.90,13.2667,true,1,302869
7290015856607,false,קרקר תירוש מלוח מתוק חצי מצופה בטעם שוקולד,אפיפית נצרת תעשיות ב,IL,קרקר מלוח מתוק חצי מ,גרמים,175.00,100 גרם,false,,5.90,3.3714,true,1,314633
7290015856621,false,ביסקויט תירוש בטעם קרמל[לוטוס]175 גרם,אפיפית נצרת תעשיות ב,IL,ביסקוויט קרמל חצי מצ,גרמים,175.00,100 גרם,false,,5.90,3.3714,true,1,314634
7290015856690,false,"קרם קרקר ""הדר"" 1 ק""ג",אפיפית נצרת תעשיות ב,IL,"קרם קרקר הדר 1 ק""ג",פריט,1.00,"ק""ג",false,,19.90,19.9000,true,1,315008
7290015858106,false,"ממרח פסטו ביתי 180 גרם ""עללחם""","מדשא תעשיות מזון בע""\מ",IL,פסטו ביתי עללחם 180,גרמים,180.00,100 גרם,false,,15.90,8.8333,true,1,308812
7290015858113,false,"ממרח עגבניות מיובשות 180 גרם ""טריטרי""","מדשא תעשיות מזון בע""\מ",IL,ממרח עגבניות מיובשות,גרמים,180.00,100 גרם,false,,15.90,8.8333,true,1,308813
7290015858144,false,ממרח ארטישוק עללחם 180 גרם,"מדשא תעשיות מזון בע""\מ",IL,ממרח ארטישוק עללחם 1,גרמים,180.00,100 גרם,false,,15.90,8.8333,true,1,315591
7290015858151,false,ממרח שום 180 גרם עללחם בית יוסף,מדשא תעשיות מזון בעמ,IL,ממרח שום עללחם 180 ג,גרמים,180.00,100 גרם,false,,15.90,8.8333,true,1,324334
7290015858175,false,ממרח פלפלים קלויים 180 גרם עללחם,"מדשא תעשיות מזון בע""\מ",IL,ממרח פלפלים קלויים ע,גרמים,180.00,100 גרם,false,,15.90,8.8333,true,1,320065
7290015858229,false,"טפנד זיתי קלמטה 180 גרם ""עללחם""","מדשא תעשיות מזון בע""\מ",IL,טפנד זיתי קלמטה עללח,גרמים,180.00,100 גרם,false,,15.90,8.8333,true,1,308814
7290015858243,false,ממרח צימיצורי עללחם 180 גרם,"מדשא תעשיות מזון בע""\מ",IL,צ'ימיצורי עללחם 180,גרמים,180.00,100 גרם,false,,15.90,8.8333,true,1,320066
7290015858328,false,עללחם ממרח איולי פסטו 295 גרם,"מדשא תעשיות מזון בע""\מ",IL,איולי פסטו עללחם לחי,גרמים,295.00,100 גרם,false,,14.90,5.0508,true,1,324660
7290015858441,false,עללחם ממרח איולי פלפלים 295 גרם,"מדשא תעשיות מזון בע""\מ",IL,איולי פלפלים עללחם ל,גרמים,295.00,100 גרם,false,,14.90,5.0508,true,1,324661
7290015858687,false,עללחם ממרח איולי שום 295 גרם,"מדשא תעשיות מזון בע""\מ",IL,איולי שום עללחם לחיץ,גרמים,295.00,100 גרם,false,,14.90,5.0508,true,1,324662
7290015865821,false,ממרח אגוזי לוז וקקאו,ענבי ציון,IL,ממרח אגוזי לוז וקקאו,פריט,1.00,"ק""ג",false,,24.90,24.9000,true,1,322739
7290015865838,false,ממרח עוגיות קרמל ענב,ענבי ציון,IL,ממרח עוגיות קרמל ענב,פריט,1.00,"ק""ג",false,,24.90,24.9000,true,1,322740
7290015879712,false,"תערובת לל""ג לאפיית עוגות",DFS,IT,תערובת איטלקית לעוגו,גרמים,500.00,100 גרם,false,,14.90,2.9800,true,1,314448
7290015879729,false,תערובת לאפיה ללא גלוטן.,DFS,IT,"קמח ללא גלוטן ע""ב עמ",גרמים,500.00,100 גרם,false,,14.90,2.9800,true,1,313917
7290015888301,false,שמן חמניות שוקחה 3 ל,אל אל סי פרייקלוטניא,FR,שמן חמניות שוקחה 3 ל,קילוגרמים,3.00,ליטר,false,,36.50,12.1667,true,1,306016
7290015951227,false,"יין גמלא השמורה סירה 2021 750 מ""ל",מיוצר וממולא על ידי יקב,IL,יין גמלא סירה,מיליליטרים,750.00,"100 מ""ל",false,,59.90,7.9867,true,1,314887
7290015988919,false,רוטב בטעם לימון משומ,,,רוטב בטעם לימון משומ,קילוגרמים,4.00,ליטר,false,,6.90,1.7250,true,1,301043
7290015988926,false,חומץ סינטטי 4 ליטר,,,חומץ סינטטי 4 ליטר,קילוגרמים,4.00,ליטר,false,,6.90,1.7250,true,1,301013
7290016006292,false,נקטר מנגו בננה מלון קרטונית 1 ל' ספרינג,יפאורה שותפות מובגלת לשיווק,IL,נקטר ספרינג מנגו בננ,קילוגרמים,1.00,ליטר,false,,6.50,6.5000,true,1,291064
7290016006346,false,שוופס סודה 0.5 ליטר מארז שישייה,יפאורה שותפות מובגלת לשיווק,IL,מארז שוופס סודה 6*50,קילוגרמים,3.00,ליטר,false,,13.90,4.6333,true,1,292407
7290016083101,false,עוגיות בדלי שירה 400,מאפיית ישראל חיפה,IL,עוגיות בדלי שירה 400,גרמים,400.00,100 גרם,false,,11.50,2.8750,true,1,288321
7290016083125,false,עוגיות בדלי שירה 600,מאפיית ישראל חיפה,IL,עוגיות בדלי שירה 600,גרמים,600.00,100 גרם,false,,11.50,1.9167,true,1,288320
7290016083255,false,בצק עלים בון בייקרי,מאפיית ישראל חיפה,IL,בצק עלים בון בייקרי,פריט,1.50,"ק""ג",false,,16.90,11.2667,true,1,291233
7290016083323,false,עוגיות בדלי בטעמים ש,מאפיית ישראל חיפה,IL,עוגיות מעמול תמרים,גרמים,500.00,100 גרם,false,,11.50,2.3000,true,1,311792
7290016083347,false,רולדה תמרים שקד 500 גרם,מאפיית ישראל חיפה,IL,רולדה תמרים שקד 500,גרמים,500.00,100 גרם,false,,11.50,2.3000,true,1,311794
7290016083378,false,עוגיות במילוי בטעם שוקולד שקד 500 גרם,מאפיית ישראל חיפה,IL,עוגיות במילוי טעם שו,גרמים,500.00,100 גרם,false,,11.50,2.3000,true,1,311796
7290016096613,false,שישיות פילטונה בשמן צמחי,"תעשיות פילטונה בע""מ",IL,טונה בשמן פילטונה 6*,גרמים,840.00,100 גרם,false,,27.90,3.3214,true,1,301351
7290016096637,false,שישיות פילטונה שמן קנולה,"תעשיות פילטונה בע""מ",IL,טונה בשמן קנולה פילט,גרמים,840.00,100 גרם,false,,27.90,3.3214,true,1,301350
7290016096651,false,שישיות פיל טונה במי מלח,"תעשיות פילטונה בע""מ",IL,טונה במים פילטונה 6*,גרמים,840.00,100 גרם,false,,27.90,3.3214,true,1,301352
7290016096811,false,רביעיית ממרח טונה פילטונה 160 גר'*4,תעשיות פילטונה,IL,ממרח טונה פילטונה 4*,גרמים,640.00,100 גרם,false,,19.90,3.1094,true,1,312830
7290016096934,false,מארז זוגות סלט טונה 2*160 ג' פילטונה,תעשיות פילטונה,IL,סלט טונה פילטונה 2*1,גרמים,320.00,100 גרם,false,,11.90,3.7188,true,1,317033
7290016102222,false,נריות 6 שעות כחול אחת שתיים שמאי 66 יח',,CN,נריות 6 שעות שמאי 66,Unknown,0.00,יחידה,false,,24.90,0.0000,true,1,324599
7290016102390,false,גביעי יין מוכספים לקידוש 10 יח' ר. שמאי,ר. שמאי,IL,גביע יין מוכסף מרובע,Unknown,0.00,יחידה,false,,7.90,0.0000,true,1,321560
7290016106213,false,"שוקולד מריר שברי אגוזים בד""ץ טעמן",אלבה שוקולד,,שוקולד טעמן מריר שבר,גרמים,100.00,100 גרם,false,,7.90,7.9000,true,1,290599
7290016106411,false,פרוסות מנגו 425 גרם בסירופ קל,לונגהי גואנגפה פוד ב,,פרוסות מנגו טעמן 425,גרמים,425.00,100 גרם,false,,6.90,1.6235,true,1,297904
7290016106657,false,נתחי טונה בהירה בשמן צמחי - מארז רביעייה,דיאמוד פוד פרודקט סי,IL,טונה בשמן טעמן 4*140,גרמים,560.00,100 גרם,false,,16.90,3.0179,true,1,320263
7290016106664,false,נתחי טונה בהירה במי מלח - מארז רביעייה,דיאמוד פוד פרודקט סי,IL,טונה במים טעמן 4*140,גרמים,560.00,100 גרם,false,,16.90,3.0179,true,1,320264
7290016114300,false,נייר טואלט דו שכבתי אורך כפול לבן לילי 16 גלילים,לילי נייר טואלט חוגלה,IL,נייר טואלט כפול לילי,מטרים,588.00,מטר,false,,32.90,0.0560,true,1,294311
7290016144000,false,"קמח חיטה מלאה נפלאות 80% 1 ק""ג","קמח מלכים בע""\מ",IL,קמח חיטה מלאה 80% נפ,פריט,1.00,"ק""ג",false,,9.90,9.9000,true,1,305596
7290016144017,false,"קמח מלא נפלאות 100% ללא ניפוי 1 ק""ג",קמח מלכים,IL,קמח חיטה מלאה 100% נ,פריט,1.00,"ק""ג",false,,9.90,9.9000,true,1,305597
7290016144024,false,"קמח כוסמין מלא נפלאות 100% 1 ק""ג",קמח מלכים,IL,קמח כוסמין 100% נפלא,פריט,1.00,"ק""ג",false,,14.90,14.9000,true,1,305599
7290016144031,false,"נפלאות קמח חיטה לבן מנופה 1 ק""ג",קמח מלכים,IL,קמח לבן מנופה נפלאות,פריט,1.00,"ק""ג",false,,6.90,6.9000,true,1,305601
7290016144048,false,"קמח כוסמין לבן נפלאות 1 ק""ג",קמח מלכים,IL,קמח כוסמין לבן נפלאו,פריט,1.00,"ק""ג",false,,16.90,16.9000,true,1,305600
7290016144055,false,"קמח כוסמין 80% 1 ק""ג נפלאות",קמח מלכים,IL,קמח כוסמין 80% נפלאו,פריט,1.00,"ק""ג",false,,14.90,14.9000,true,1,305598
7290016144062,false,"קמח שיפון מלא נפלאות, 1 ק""ג",קמח מלכים,IL,קמח שיפון מלא נפלאות,פריט,1.00,"ק""ג",false,,8.90,8.9000,true,1,320622
7290016144079,false,"קמח חיטה כפרי נפלאות 1 ק""ג",קמח מלכים,IL,קמח חיטה כפרי נפלאות,פריט,1.00,"ק""ג",false,,8.90,8.9000,true,1,320623
7290016144086,false,נפלאות קמח חלה מנופה 1 ק”ג,קמח מלכים,IL,"קמח חלה נפלאות 1 ק""ג",פריט,1.00,"ק""ג",false,,6.90,6.9000,true,1,320624
7290016144093,false,נפלאות קמח לחם לבן מנופה 1 ק”ג,קמח מלכים,IL,"קמח לחם נפלאות 1 ק""ג",פריט,1.00,"ק""ג",false,,6.90,6.9000,true,1,320625
7290016144109,false,קמח פיצה מנופה נפלאות 1קג,קמח מלכים,IL,"קמח פיצה נפלאות 1 ק""",פריט,1.00,"ק""ג",false,,14.90,14.9000,true,1,320626
7290016144116,false,קמח חיטה תופח נפלאות,קמח מלכים,IL,"קמח תופח נפלאות 1 ק""",פריט,1.00,"ק""ג",false,,8.90,8.9000,true,1,320627
7290016162219,false,כדורי שוקולד קוקוס קפולסקי 280 גר',תופינים מקבוצת קפולסקי,IL,כדורי שוקולד קפולסקי,גרמים,280.00,100 גרם,false,,29.90,10.6786,true,1,296085
7290016162264,false,עוגת גבינה רנסנס קפולסקי 450 גרם,קפולסקי שיווק וקמעונ,IL,עוגת גבינה אפויה קפו,גרמים,450.00,100 גרם,false,,35.90,7.9778,true,1,296082
7290016188585,false,GIACOBAZZI למברוסקו רוזה חצי יבש יקבי כרמל,יקב גאקובזי,,למברוסקו רוזה חצי יב,מיליליטרים,750.00,"100 מ""ל",false,,23.90,3.1867,true,1,289519
7290016188608,false,GIACOBAZZI למברוסקו לבן חצי יבש יקבי כרמל,יקב גאקובזי,,למברוסקו לבן חצי יבש,מיליליטרים,750.00,"100 מ""ל",false,,23.90,3.1867,true,1,289500
7290016197495,false,ניקול זוג מטליות הקסם מיקרופייבר לרצפה,חוגלה קימברלי,IL,מטליות רצפה מיקרופיי,Unknown,0.00,יחידה,false,,19.90,0.0000,true,1,292408
7290016217643,false,חמוצים סיני אסלי שמיר 400 גרם,"סלטי שמיר 2006 בע""מ",IL,חמוצים סיניים אסלי 4,גרמים,400.00,100 גרם,false,,10.90,2.7250,true,1,291070
7290016246445,false,בארכה טחינה גולמית מעודנת שומשום מלא 310 גם,"רושדי תעשיות מזון בע""\מ",IL,טחינה מעודנת משומשום,גרמים,310.00,100 גרם,false,,10.50,3.3871,true,1,320152
7290016255188,false,מבשם אוויר ובדים ירו,סאסאטק,IL,מטהר מגיק ירוק 350 מ,מיליליטרים,350.00,"100 מ""ל",false,,6.90,1.9714,true,1,292145
7290016255195,false,מבשם אוויר ובדים ורו,סאסאטק,IL,מטהר מגיק ורוד 350 מ,מיליליטרים,350.00,"100 מ""ל",false,,6.90,1.9714,true,1,292146
7290016255201,false,מבשם אוויר ובדים סגו,סאסאטק,IL,מטהר מגיק סגול 350 מ,מיליליטרים,350.00,"100 מ""ל",false,,6.90,1.9714,true,1,292147
7290016276534,false,"שמן קוקוס לא מזוכך 500 מ""ל",דין שיווק,IL,שמן קוקוס שקדיה 500,גרמים,500.00,100 גרם,false,,29.90,5.9800,true,1,298147
7290016276763,false,מעדן שזיף 100% רכיבי פרי ללא סוכר שקדיה 284 ג',סיטי פודסטף,IL,מעדן שזיף שקדיה 284,גרמים,284.00,100 גרם,false,,9.90,3.4859,true,1,293358
7290016276787,false,מעדן אננס 100% רכיבי פרי ללא סוכר שקדיה 284 ג',סיטי פודסטף,IL,מעדן אננס שקדיה 284,גרמים,284.00,100 גרם,false,,9.90,3.4859,true,1,293355
7290016276800,false,מעדן תפוח עץ 100% רכיבי פרי ללא סוכר שקדיה 284 ג',סיטי פודסטף,IL,מעדן תפוע שקדיה 284,גרמים,284.00,100 גרם,false,,9.90,3.4859,true,1,293357
7290016276831,false,תבשיל איטריות בטעם בקר 70 גרם סו שף,טיאן הונג,TH,תבשיל אטריות בטעם בק,גרמים,70.00,100 גרם,false,,4.90,7.0000,true,1,293735
7290016276848,false,תבשיל איטריות בטעם עוף 70 גרם סו שף,טיאן הונג,TH,תבשיל אטריות בטעם עו,גרמים,70.00,100 גרם,false,,4.90,7.0000,true,1,293733
7290016276855,false,תבשיל אטריות בטעם ירקות 70 גרם סו שף,רס סר קאן גידה לטד,TH,תבשיל אטריות בטעם יר,גרמים,70.00,100 גרם,false,,4.90,7.0000,true,1,293734
7290016334494,false,חסה ערבית,בוסתן עשבי תיבול,IL,חסה יח,Unknown,0.00,יחידה,false,,3.90,0.0000,true,1,298047
7290016370072,false,זיתי קלמטה ללא גלעין בני דרום,בני דרום,IL,זית קלמטה ללא גלעין,גרמים,560.00,100 גרם,false,,11.90,2.1250,true,1,318452
7290016370140,false,זית קלמטה בני דרום 8,בני דרום,IL,זית קלמטה בני דרום 8,גרמים,820.00,100 גרם,false,,12.90,1.5732,true,1,318453
7290016370188,false,"תחתיות ארטישוק קבוצת יבנה בד""צ 430 גרם",בני דרום,IL,תחתיות ארטישוק בני ד,גרמים,430.00,100 גרם,false,,7.90,1.8372,true,1,319839
7290016370232,false,מיקס ירקות יווני צנצנת,S.A KOZAT,GR,תערובת ירקות כבושים,גרמים,560.00,100 גרם,false,,9.90,1.7679,true,1,314036
7290016370249,false,חריסה 570 ג' בני דרום,בני דרום,IL,חריסה בני דרום 570 ג,גרמים,570.00,100 גרם,false,,5.90,1.0351,true,1,315453
7290016370331,false,פלפל קלוי על האש 560 גר' בני דרום,KOSAT,GR,פלפל קלוי על האש בני,גרמים,540.00,100 גרם,false,,9.90,1.8333,true,1,312988
7290016370348,false,חציל קלוי על האש 530 גר' בני דרום,KOSAT,GR,חציל קלוי על האש בני,גרמים,530.00,100 גרם,false,,9.90,1.8679,true,1,312989
7290016370355,false,פרוסות מלפפונים במלח בני דרום 540 גרם,בני דרום,IL,פרוסות מלפפון במלח ב,גרמים,560.00,100 גרם,false,,4.90,0.8750,true,1,311672
7290016372144,false,חליטת קינמון 40 שקיק,ויסוצקי,IL,חליטת קינמון 40 שקיק,גרמים,100.00,100 גרם,false,,21.90,21.9000,true,1,294332
7290016372151,false,חליטת קמומיל 40 שקיק,ויסוצקי,IL,חליטת קמומיל 40 שקיק,Unknown,0.00,יחידה,false,,21.90,0.0000,true,1,294331
7290016372168,false,חליטת לימונית לואיזה,ויסוצקי,IL,חליטת לימונית לואיזה,Unknown,0.00,יחידה,false,,21.90,0.0000,true,1,294333
7290016372397,false,"תה ויסוצקי ירוק תפוז,ג'ינגר וכורכום 25 יח'",ויסוצקי ירוק,IL,תה ירוק תפוז גינגר ו,גרמים,150.00,100 גרם,false,,22.90,15.2667,true,1,298149
7290016372571,false,חליטת פירות יער 40 ש,ויסוצקי,IL,חליטת פירות יער 40 ש,גרמים,108.00,100 גרם,false,,21.90,20.2778,true,1,298176
7290016372588,false,חליטת לימונענע 40 שק,ויסוצקי,IL,חליטת לימונענע 40 שק,גרמים,88.00,100 גרם,false,,21.90,24.8864,true,1,298177
7290016373639,false,פסים חמוצים בטעם תפוח טעמן 275 גרם,אלוון גידה סאן,TR,פסים חמוצים בטעם תפו,גרמים,180.00,100 גרם,false,,7.90,4.3889,true,1,324278
7290016373646,false,פסים חמוצים פטל 275 גרם,אלוון גידה סאן,TR,פסים חמוצים בטעם פטל,גרמים,180.00,100 גרם,false,,7.90,4.3889,true,1,324279
7290016373653,false,מקלות חמוצים בטעם תות 180 ג',אלוון גידה סאן,TR,פסים חמוצים בטעם תות,גרמים,180.00,100 גרם,false,,7.90,4.3889,true,1,319247
7290016373721,false,מקלות חמוצים תות וניל טעמן 275 גרם,אלוון גידה סאן,TR,פסים חמוצים בטעם תות,גרמים,180.00,100 גרם,false,,7.90,4.3889,true,1,319249
7290016373738,false,מקלות חמוצים תותי פרוטי 180 גרם,אלוון גידה סאן,TR,פסים חמוצים בטעם תות,גרמים,180.00,100 גרם,false,,7.90,4.3889,true,1,319248
7290016408720,false,אגו מיקס בייגלה מצופה שוקולד לבן 55גר* 24 בקר',כרמית תעשיות ממתקים בעמ,IL,אגו מיקס בייגלה שוקו,גרמים,55.00,100 גרם,false,,3.90,7.0909,true,1,297477
7290016411164,false,פרחי כרובית מוקפאים 600ג,י.ש. ירקות עליים,IL,פרחי כרובית מוקפאים,גרמים,600.00,100 גרם,false,,29.90,4.9833,true,1,323524
7290016411188,false,פרחי ברוקלי מוקפאים 600ג,י.ש. ירקות עליים,IL,פרחי ברוקולי מוקפאים,גרמים,600.00,100 גרם,false,,29.90,4.9833,true,1,323525
7290016416961,false,מוס גבינה תות שדה קפולסקי 400 גרם,קפולסקי שיווק וקמעונ,IL,עוגת מוס גבינה קפולס,גרמים,400.00,100 גרם,false,,35.90,8.9750,true,1,296081
7290016416992,false,עוגת דובוש בסקוויטים קפולסקי 400 גרם,תופינים מקבוצת קפולסקי,IL,עוגת דובוש ביסקוויטי,גרמים,400.00,100 גרם,false,,38.90,9.7250,true,1,296079
7290016437690,false,תחבושות קוטקס קווארט,חוגלה קימברלי,IL,תחבושות קוטקס קווארט,Unknown,0.00,יחידה,false,,34.90,0.0000,true,1,307707
7290016437713,false,תחבושות סופר 22*2 יחידות,חוגלה קימברלי,IL,תחבושות קוטקס קווארט,Unknown,0.00,יחידה,false,,34.90,0.0000,true,1,307708
7290016437720,false,אריזת ענק תחבושות נורמל,קימברלי קלארק,IL,תחבושות קוטקס קווארט,Unknown,0.00,יחידה,false,,34.90,0.0000,true,1,307709
7290016437737,false,תח.קוטקס יאנג נייט20*2יח,חוגלה קימברלי,IL,תחבושות קוטקס קווארט,Unknown,0.00,יחידה,false,,34.90,0.0000,true,1,307710
7290016492118,false,פפריקה מתוקה מעושנת,תבליני הדור השלישי,IL,פפריקה מעושנת פרג 12,גרמים,120.00,100 גרם,false,,15.90,13.2500,true,1,302768
7290016492125,false,פרג תבלין פילדפיה 120 גר',תבליני הדור השלישי,IL,תבלין פילדלפיה פרג 1,גרמים,120.00,100 גרם,false,,15.90,13.2500,true,1,302767
7290016492132,false,תבלין טוסקנה פרג 160 גר',תבליני הדור השלישי,IL,תבלין טוסקנה פרג 160,גרמים,160.00,100 גרם,false,,15.90,9.9375,true,1,302766
7290016509816,false,ג'ל לכביסה צבעונית אריזת XL,"הנקל סוד בע""\מ",IL,גל פרסיל קולור 4 ליט,קילוגרמים,4.00,ליטר,false,,44.50,11.1250,true,1,301706
7290016509847,false,פרסיל ג'ל לכביסה כהה בלאק 2.5 ליטר,"הנקל סוד בע""\מ",IL,גל פרסיל בלאק 2.5 לי,קילוגרמים,2.50,ליטר,false,,34.50,13.8000,true,1,308848
7290016510232,false,"הוואי - תחליב רחצה יוגורט קוקוס 700 מ""ל",תאי פרזידנט פוד פאבל,IL,תחליב הוואי קוקוס 70,מיליליטרים,700.00,"100 מ""ל",false,,9.90,1.4143,true,1,301342
7290016510249,false,"הוואי - תחליב רחצה יוגורט שקדים 700 מ""ל",תאי פרזידנט פוד פאבל,IL,תחליב הוואי יוגורט ש,מיליליטרים,700.00,"100 מ""ל",false,,9.90,1.4143,true,1,301340
7290016510768,false,"הוואי - תחליב רחצה יוגורט אוכמניות 700 מ""ל",טרופיקל דגיל בעמ,IL,תחליב הוואי יוגורט א,מיליליטרים,700.00,"100 מ""ל",false,,9.90,1.4143,true,1,308702
7290016682328,false,מיץ תפוזים 100% עשוי מרכז 2 ל' פריניב,פרי ניב,IL,מיץ תפוזים פריניב 2,קילוגרמים,2.00,ליטר,false,,17.90,8.9500,true,1,319514
7290016682359,false,מיץ תפוזים שמוטי פרי ניב 2 ליטר-,פרי ניב,IL,מיץ תפוזים שמוטי פרי,קילוגרמים,2.00,ליטר,false,,24.90,12.4500,true,1,319516
7290016682366,false,מיץ תפוח צלול פרי ניב 2 ליטר-,פריניב,IL,מיץ תפוחים פריניב 2,קילוגרמים,2.00,ליטר,false,,18.90,9.4500,true,1,319517
7290016682373,false,משקה קל לימונדה בלאדי 2 ליטר פריניב,פריניב,IL,מיץ לימונדה בלדי פרי,קילוגרמים,2.00,ליטר,false,,18.90,9.4500,true,1,319518
7290016682380,false,מיץ טבעי לימונדה ולואיזה פרי ניב 2 ליטר-,פרי ניב,IL,מיץ לימונדה לואיזה פ,קילוגרמים,2.00,ליטר,false,,18.90,9.4500,true,1,319519
7290016682397,false,מיץ חמוציות פרי ניב 2 ליטר-,פרי ניב,IL,נקטר חמוציות פריניב,קילוגרמים,2.00,ליטר,false,,15.20,7.6000,true,1,319520
7290016717044,false,"יין מוסקטו סלקטד באז כרמל 750 מ""ל",כרמל מזרחי,IL,יין באז מנגו מבעבע,מיליליטרים,750.00,"100 מ""ל",false,,26.90,3.5867,true,1,304133
7290016717051,false,משקה Buzz מוגז בטעם רימון מבוסס יין אדום מתוק,יקבי כרמל Carmel Winery,IL,יין באז רימון מבעבע,מיליליטרים,750.00,"100 מ""ל",false,,26.90,3.5867,true,1,312390
7290016717099,false,"יין כרמל סלקטד אדום חצי יבש, 750 מ""ל",יקבי כרמל Carmel Winery,IL,יין סלקטד אדום חצי י,מיליליטרים,750.00,"100 מ""ל",false,,28.90,3.8533,true,1,323327
7290016717617,false,תירוש כרמל אדום 1.2 ליטר,יקבי כרמל,IL,מיץ ענבים תירוש אדום,קילוגרמים,1.20,ליטר,false,,20.90,17.4167,true,1,297171
7290016717631,false,יין מוסקטו בעל חוזק אלכוהול נמוך פרייבט קולקשן,אגודת הכורמים הקואופרטיב,IL,יין פ. קולקשיין לבן,מיליליטרים,750.00,"100 מ""ל",false,,37.90,5.0533,true,1,301205
7290016717976,false,"יין סלקטד באז אפרסק כרמל 750 מ""ל",כרמל מזרחי,IL,יין באז ספארקלינג אפ,מיליליטרים,750.00,"100 מ""ל",false,,26.90,3.5867,true,1,312391
7290016823004,false,בזיליקום ארוז יח,"מרינה פטריות הגליל בע""מ",IL,בזיליקום יח,Unknown,0.00,יחידה,false,,5.90,0.0000,true,1,296174
7290016823028,false,עירית יח freshlid,"מרינה פטריות הגליל בע""מ",IL,עירית יח,Unknown,0.00,יחידה,false,,5.90,0.0000,true,1,296176
7290016823059,false,טימין קורנית ארוז יח,"מרינה פטריות הגליל בע""מ",IL,טימין יח,Unknown,0.00,יחידה,false,,5.90,0.0000,true,1,296178
7290016823066,false,רוזמרין יח freshlid,"מרינה פטריות הגליל בע""מ",IL,רוזמרין יח,Unknown,0.00,יחידה,false,,5.90,0.0000,true,1,296179
7290016823257,false,חסה סלנובה מהדרין יח,"מרינה פטריות הגליל בע""מ",IL,חסה סלנובה מהדרין,Unknown,0.00,יחידה,false,,11.90,0.0000,true,1,296234
7290016867008,false,"לחם כוסמין מחמצת ד""ר מרק",המאפה של דר' מארק,IL,לחם מחמצת כוסמין דר,גרמים,750.00,100 גרם,false,,17.90,2.3867,true,1,301554
7290016867046,false,"מארז פיתות קלות כוסמין במתיקות מעודנת 6 יחידות ד""ר מרק",המאפה של דר מרק בריא,IL,פיתות קלות כוסמין במ,גרמים,330.00,100 גרם,false,,14.90,4.5152,true,1,316626
7290016867053,false,לחם קל כוסמין בתוספת מחמצת 450 גרם,המאפה של דר מרק בריא,IL,לחם כוסמין בתוספת מח,גרמים,400.00,100 גרם,false,,18.90,4.7250,true,1,316627
7290016867176,false,"מארז לחמניות קלות כוסמין שומשום במתיקות מעודמת 5 יחידות ד""ר מרק",המאפה של דר מרק,IL,לחמניות קלות כוסמין,גרמים,351.00,100 גרם,false,,13.90,3.9601,true,1,302874
7290016867237,false,"לחם קל כוסמין במתיקות מעודנת ד""ר מרק",המאפה של דר מרק בריא,IL,לחם כוסמין קל במתיקו,גרמים,400.00,100 גרם,false,,18.90,4.7250,true,1,314499
7290016867244,false,שישיה לחמניות כוסמין בתוספת מחמצת 99 קלוריות,המאפה של דר מרק בריא,IL,לחמניות מחמצת כוסמין,גרמים,321.00,100 גרם,false,,14.90,4.6417,true,1,311429
7290016882414,false,קונפיטורה שזיף 70% פרי 450 גרם,דין שיווק,IL,קונפיטורה שזיפים 70%,גרמים,450.00,100 גרם,false,,11.90,2.6444,true,1,296584
7290016882421,false,קונפיטורה אפרסק 70% פרי 450ג,דין שיווק,IL,קונפיטורה אפרסק 70%,גרמים,450.00,100 גרם,false,,11.90,2.6444,true,1,296582
7290016882544,false,זרעי פשתן 300 גרם,דין שיווק וקלייה בעמ,IL,זרעי פשתן 300 גרם,גרמים,300.00,100 גרם,false,,4.90,1.6333,true,1,313100
7290016883091,false,חרדל דיז'ון שקדיה 350 גרם,צרבונוקס בברבנט אסאיי,FR,חרדל דיזון שקדיה 350,גרמים,350.00,100 גרם,false,,7.90,2.2571,true,1,298171
7290016883107,false,חרדל דיז'ון גרגרים שקדיה 350 גרם,צרבונוקס בברבנט אסאיי,FR,חרדל עם גרגירים שקדי,גרמים,350.00,100 גרם,false,,7.90,2.2571,true,1,298170
7290016883176,false,"מוזלי פתיתי שיבולת שועל עם שוקולד מריר ושבבי קוקוס 1 ק""ג","דין שיווק וקלייה בע""",MK,"מוזלי ע""ב פתיתי שוקו",פריט,1.00,"ק""ג",false,,19.50,19.5000,true,1,298300
7290016967074,false,לחם חיטה מלאה עם גרעינים ודגנים,מאפיית שלמה א. אנג'\ל בע,IL,לחם חיטה מלאה ודגנים,גרמים,750.00,100 גרם,false,,16.90,2.2533,true,1,303097
7290016967456,false,לחם צרפתי מחמצת 100% כוסמין 600 ג' אנג'ל,"מאפיית אנג'\ל בעמ, מקבוצ",IL,לחם מחמצת כוסמין אנג,גרמים,600.00,100 גרם,false,,17.90,2.9833,true,1,303079
7290016980103,false,בייבי בטטה שקיל,אראל תוצרת חקלאית בע,IL,בטטה בייבי,Unknown,0.00,יחידה,false,,6.90,0.0000,true,1,297100
7290017023212,false,"שוויפס מוגז פירות תפוח מארז רביעייה* 330 מ""ל",יפאורה תבורי בעמ,IL,מארז שוופס מוגז תפוח,קילוגרמים,1.32,ליטר,false,,11.90,9.0152,true,1,300606
7290017023229,false,רביעיית פחיות שוופס מוגז פירות תות ליים 330 מל.,יפאורה תבורי בעמ,IL,מארז שוופס תות ליים,קילוגרמים,1.32,ליטר,false,,11.90,9.0152,true,1,300608
7290017023236,false,רביעיית פחיות שוופס מוגז פירות ענבים 330 מל.,יפאורה תבורי בעמ,IL,מארז שוופס מוגז ענבי,קילוגרמים,1.32,ליטר,false,,11.90,9.0152,true,1,300607
7290017023663,false,"שוופס מיץ פירות לימונייד פחית מארז 330X4מ""ל",יפאורה תבורי,IL,מארז שוופס מוגז פירו,קילוגרמים,1.32,ליטר,false,,11.90,9.0152,true,1,302044
7290017023809,false,"ספרינג אגס סברס תפוח 250 מ""ל רביעייה","יפאורה תבורי בע""\מ",IL,מארז ספרינג אגס סברס,קילוגרמים,1.00,ליטר,false,,11.90,11.9000,true,1,307502
7290017023816,false,"ספרינג  פירות טרופיים 250 מ""ל רביעייה","יפאורה תבורי בע""\מ",IL,מארז ספרינג פירות טר,קילוגרמים,1.00,ליטר,false,,11.90,11.9000,true,1,307503
7290017023823,false,"ספרינג תות בננה 250 מ""ל רביעייה","יפאורה תבורי בע""\מ",IL,מארז ספרינג תות בננה,קילוגרמים,1.00,ליטר,false,,11.90,11.9000,true,1,307504
7290017023854,false,מי סודה בקבוקים אישיים - מארז 4 יח',יפאורה תבורי בעמ,IL,מארז שוופס סודה 4*25,קילוגרמים,1.00,ליטר,false,,10.90,10.9000,true,1,304148
7290017023861,false,סודה בטעם לימון בקבוקים אישיים - מארז 4 יח',יפאורה תבורי בעמ,IL,מארז שוופס סודה לימו,קילוגרמים,1.00,ליטר,false,,10.90,10.9000,true,1,304150
7290017023878,false,סודה בטעם נענע ליים בקבוקים אישיים - מארז 4 יח',יפאורה תבורי בעמ,IL,מארז שוופס סודה נענע,קילוגרמים,1.00,ליטר,false,,10.90,10.9000,true,1,304149
7290017062686,false,מרכך כביסה מרוכז בייבי טאצ 1ל',סאסאטק,IL,מרכך מרוכז טאצ' בייב,קילוגרמים,1.00,ליטר,false,,5.90,5.9000,true,1,323511
7290017062693,false,מרכך כביסה מרוכז לבן 1*5 ליטר טאצ,סאסאטק,IL,מרכך מרוכז טאצ' לבן,קילוגרמים,1.00,ליטר,false,,5.90,5.9000,true,1,323512
7290017062716,false,מרכך כביסה מרוכז ורוד טאצ 1ל',סאסאטק,IL,מרכך מרוכז טאצ' ורוד,קילוגרמים,1.00,ליטר,false,,5.90,5.9000,true,1,323514
7290017065007,false,פרוסות גבינה מוצרלה חצי קשה 22% שומן 200 ג' גד,מחלבות גד בעמ,IL,גבינת מוצרלה פרוסות,גרמים,200.00,100 גרם,false,,16.90,8.4500,true,1,296157
7290017065137,false,ריקוטה למריחה 5% טבעית 200 גרם - רובין,האי נאם סי או אל.טי.,IL,גבינת ריקוטה 5% גד 2,גרמים,250.00,100 גרם,false,,9.90,3.9600,true,1,299787
7290017065144,false,ריקוטה למריחה בתוספת בזיליקום 5% גד 200 גם,האי נאם סי או אל.טי.,IL,גבינת ריקוטה בזיליקו,גרמים,250.00,100 גרם,false,,9.90,3.9600,true,1,299788
7290017065168,false,גבינה כחולה denish blue cheese 100 גרם,ST.CLEMENS-BOMHOLMWS,,גבינה כחולה 30% גד 1,גרמים,100.00,100 גרם,false,,15.90,15.9000,true,1,300819
7290017065175,false,גבינה חצי קשה במעטפת סידן 36% שומן,הנסיך- מפעל לייצור ט,ES,גבינה מנצגו פרוס 39%,גרמים,150.00,100 גרם,false,,19.90,13.2667,true,1,300818
7290017065212,false,גבינת קרם מסקרפונה מחלבות גד 250 גר,מיוצר עי קוד יצרן ED,IL,קרם מסקרפונה 38% גד,גרמים,250.00,100 גרם,false,,16.90,6.7600,true,1,310987
7290017065304,false,שמנת 30% ניו יורק טבעי מהדרין 200 גרם רובין,גבינות מדף,IL,גבינת שמנת טבעי 30%,גרמים,200.00,100 גרם,false,,12.90,6.4500,true,1,300820
7290017065526,false,קוואטרו פורמאג'י 4 גבינות מגוררות 26%,"מחלבות גד בע""\מ",IL,גבינה קוואטרו פורמאג,גרמים,300.00,100 גרם,false,,25.90,8.6333,true,1,316863
7290017065649,false,קרם פטיסייר מחלבות ג,מיוצר עי קוד יצרן ED,IL,קרם פטיסייר גד 250 ג,גרמים,250.00,100 גרם,false,,15.90,6.3600,true,1,310988
7290017065700,false,"לאבנה 9% בד""צ 500 גרם",מחלבות גד,IL,לאבנה 9% גד 500 גרם,גרמים,500.00,100 גרם,false,,21.90,4.3800,true,1,320482
7290017065786,false,"גבינת צ`דר מחלבות גד , 210 גרם","מחלבות גד בע""\מ",IL,גבינת צ'דר גד 200 גר,גרמים,200.00,100 גרם,false,,17.90,8.9500,true,1,319841
7290017065861,false,קאצ'יו אה פפה-רוטב פקורינו 200 גרם גד,גבינות מדף,IL,קאצ'יו אה פפה רוטב פ,גרמים,200.00,100 גרם,false,,16.90,8.4500,true,1,322668
7290017065878,false,מק אנד צ'יז רוטב לפסטה 200 גרם גד,גבינות מדף,IL,מק אנד צ'יז רוטב לפ,גרמים,200.00,100 גרם,false,,16.90,8.4500,true,1,322583
7290017068534,false,אגוז טחון מיה 300 גר,מיה תעשיות מזון בעמ,IL,אגוז טחון מיה 300 גר,גרמים,300.00,100 גרם,false,,19.90,6.6333,true,1,305010
7290017068541,false,אגוזים גרוסים מיה 30,מיה תעשיות מזון בעמ,IL,אגוזים גרוסים מיה 30,גרמים,300.00,100 גרם,false,,19.90,6.6333,true,1,305009
7290017068558,false,שקדים טחונים מיה 300,מיה תעשיות מזון בעמ,IL,שקדים טחונים מיה 300,גרמים,300.00,100 גרם,false,,22.90,7.6333,true,1,305014
7290017068596,false,שקד מולבן פרוס מיה 3,מיה תעשיות מזון בעמ,IL,שקד מולבן פרוס מיה 3,גרמים,300.00,100 גרם,false,,24.90,8.3000,true,1,305036
7290017068602,false,שקד מולבן שבבים מיה,מיה תעשיות מזון בעמ,IL,שקד מולבן שבבים מיה,גרמים,300.00,100 גרם,false,,24.90,8.3000,true,1,305045
7290017068626,false,אגוז פקאן טבעי מיה 2,מיה תעשיות מזון בעמ,IL,אגוז פקאן טבעי מיה 2,גרמים,200.00,100 גרם,false,,22.90,11.4500,true,1,305039
7290017068633,false,שקד טבעי מיה 300 גרם,מיה תעשיות מזון בעמ,IL,שקד טבעי מיה 300 גרם,גרמים,300.00,100 גרם,false,,22.90,7.6333,true,1,305013
7290017068640,false,אגוז מלך טבעי מיה 20,מיה תעשיות מזון בעמ,IL,אגוז מלך טבעי מיה 20,גרמים,200.00,100 גרם,false,,14.90,7.4500,true,1,305037
7290017068657,false,פקאן סיני מיה 200 גר,מיה תעשיות מזון בעמ,IL,פקאן סיני מיה 200 גר,גרמים,200.00,100 גרם,false,,22.90,11.4500,true,1,305040
7290017068664,false,גרעין חמניה קלוף מיה,מיה תעשיות מזון בעמ,IL,גרעין חמניה קלוף מיה,גרמים,200.00,100 גרם,false,,6.90,3.4500,true,1,305038
7290017068671,false,צנובר מיה 150 גרם,מיה תעשיות מזון בעמ,IL,צנובר מיה 150 גרם,גרמים,150.00,100 גרם,false,,32.90,21.9333,true,1,305043
7290017068688,false,גרעין דלעת קלוף מיה,מיה תעשיות מזון בעמ,IL,גרעין דלעת קלוף מיה,גרמים,150.00,100 גרם,false,,7.90,5.2667,true,1,305041
7290017068725,false,תערובת קטניות לחמין,מיה תעשיות מזון בעמ,IL,תערובת קטניות לחמין,פריט,1.40,"ק""ג",false,,19.90,14.2143,true,1,308796
7290017068954,false,"אורז בסמטי סלקטד מיה 1 ק""ג",מיה תעשיות מזון בעמ,IL,אורז בסמטי סלקטד 1 ק,פריט,1.00,"ק""ג",false,,11.90,11.9000,true,1,313826
7290017079189,false,אננס חתיכות דקות במיץ אננס 825 גר',פ.ת גרייט פנאפל,ID,לפתן אננס חתוך דק טע,גרמים,825.00,100 גרם,false,,9.90,1.2000,true,1,311745
7290017079684,false,שוקולד מריר 270 גרם טעמן,מילאנו ספולקה זד,PL,שוקולד מריר טעמן 270,גרמים,270.00,100 גרם,false,,11.90,4.4074,true,1,315215
7290017079691,false,שוקולד חלב עם אגוזים 270 גרם טעמן,מילאנו ספולקה זד,PL,שוקולד חלב עם אגוזים,גרמים,270.00,100 גרם,false,,11.90,4.4074,true,1,315216
7290017079707,false,שוקולד מריר עם אגוזים 270 גרם טעמן,מילאנו ספולקה זד,PL,שוקולד מריר עם אגוזי,גרמים,270.00,100 גרם,false,,11.90,4.4074,true,1,315217
7290017079714,false,שוקולד חלב עם בוטנים 270 גרם טעמן,מילאנו ספולקה זד,PL,שוקולד חלב עם בוטנים,גרמים,270.00,100 גרם,false,,11.90,4.4074,true,1,315218
7290017079721,false,שוקולד טעמן חלב 5*10,מילאנו ספולקה זד,PL,שוקולד טעמן חלב 5*10,גרמים,500.00,100 גרם,false,,19.90,3.9800,true,1,322459
7290017079738,false,חמישיית שוקולד מריר 100 גרם טעמן,מילאנו ספולקה זד,PL,שוקולד טעמן מריר 5*1,גרמים,500.00,100 גרם,false,,19.90,3.9800,true,1,322458
7290017079806,false,שוקולד חלב בודד 100גר כשלפ,אס.קיי ראיס אינטרנשי,PL,שוקולד טעמן חלב 100,גרמים,100.00,100 גרם,false,,4.90,4.9000,true,1,323944
7290017079813,false,שוקולד מריר בודד 100גר כשלפ,אס.קיי ראיס אינטרנשי,PL,שוקולד טעמן מריר 100,גרמים,100.00,100 גרם,false,,4.90,4.9000,true,1,323060
7290017084398,false,מאגדת בריבוע 12 יחידות,יוואו גאק פוד,CN,מאגדת בריבוע סוכריות,Unknown,0.00,יחידה,false,,9.90,0.0000,true,1,299352
7290017088402,false,מטליות לחות לניקוי כ,D.P.L,IL,מטליות לחות לניקוי כ,Unknown,0.00,יחידה,false,,19.90,0.0000,true,1,311383
7290017088426,false,מגבונים קשת עבים פרי,D.P.L,IL,מגבונים קשת עבים פרי,Unknown,0.00,יחידה,false,,19.90,0.0000,true,1,311399
7290017088464,false,תחבושות סופגנית מקסי לונג טופ פד 20 יח',D.P.L,IT,תחבושות טופ פד סופגנ,Unknown,0.00,יחידה,false,,15.90,0.0000,true,1,313632
7290017088495,false,תחבושות טופ פד אקסטרה 20 יח',D.P.L,IT,תחבושות טופ פד אקסטר,Unknown,0.00,יחידה,false,,8.90,0.0000,true,1,313633
7290017088501,false,תחבושות טופ פד אקסטרה לונג 20 יח',D.P.L,IT,תחבושות טופ פד אקסטר,Unknown,0.00,יחידה,false,,8.90,0.0000,true,1,313634
7290017094830,false,סלט גזר ברוטב פיקנטי אסלי שמיר 400 ג',"סלטי שמיר 2006 בע""מ",IL,סלט גזר פיקנטי אסלי,גרמים,400.00,100 גרם,false,,10.90,2.7250,true,1,303329
7290017094847,false,סלט תפוחי אדמה אסלי שמיר 400 ג',"סלטי שמיר 2006 בע""מ",IL,סלט תפוא אסלי 400 גר,גרמים,400.00,100 גרם,false,,10.90,2.7250,true,1,303328
7290017094854,false,סלט קולסלאו אסלי שמיר 400 ג',"סלטי שמיר 2006 בע""מ",IL,סלט קולסלאו אסלי 400,גרמים,400.00,100 גרם,false,,10.90,2.7250,true,1,303330
7290017094861,false,חומוס עם רוטב מסבחה אסלי שמיר 400 ג',"סלטי שמיר 2006 בע""מ",IL,סלט חומוס מסבחה אסלי,גרמים,400.00,100 גרם,false,,10.90,2.7250,true,1,303327
7290017100395,false,"כפפות לטקס 100 יחי' S כשלפ עד""ח פרפקט",פאלאס,ID,כפפות לטקס עם אבקה מ,Unknown,0.00,יחידה,false,,16.90,0.0000,true,1,324867
7290017100401,false,"כפפות לטקס 100 יחי' M כשלפ עד""ח פרפקט",פאלאס,ID,כפפות לטקס עם אבקה פ,Unknown,0.00,יחידה,false,,16.90,0.0000,true,1,324879
7290017100418,false,"כפפות לטקס 100 יחי' L כשלפ עד""ח פרפקט",פאלאס,ID,כפפות לטקס עם אבקה מ,Unknown,0.00,יחידה,false,,16.90,0.0000,true,1,324868
7290017105369,false,סירופ דיאט בטעם תה אפרסק יכין 1ליטר,זנלכל,IL,סירופ יכין אייס תה ד,קילוגרמים,1.00,ליטר,false,,17.90,17.9000,true,1,305749
7290017105895,false,גרגרי חומוס להכנת חומוס משובח יכין 560 ג,זנלכל,IL,גרגירי חומוס להכנת ח,גרמים,560.00,100 גרם,false,,9.90,1.7679,true,1,315485
7290017121048,false,"פלפל צ'ומה 250 גרם ""עללחם""","מדשא תעשיות מזון בע""\מ",IL,פלפל צ'ומה עללחם 250,גרמים,250.00,100 גרם,false,,12.90,5.1600,true,1,308817
7290017121086,false,"אריסה ביתית מתוקה עללחם, 250 גרם","מדשא תעשיות מזון בע""\מ",IL,אריסה מתוקה עללחם 25,גרמים,250.00,100 גרם,false,,12.90,5.1600,true,1,321338
7290017121093,false,"אריסה חריפה 250 גרם ""עללחם""","מדשא תעשיות מזון בע""\מ",IL,אריסה חריפה עללחם 25,גרמים,250.00,100 גרם,false,,12.90,5.1600,true,1,308815
7290017129495,false,אגו מיקס כדורי תירס מצופים שוקולד חלב כרמית 55 גרם,כרמית תעשיות ממתקים בעמ,IL,אגו מיקס כדורים שוקו,גרמים,55.00,100 גרם,false,,3.90,7.0909,true,1,299225
7290017129761,false,שוקולד פרימיום 70% מריר בטעם תפוז כרמית 100 גרם,"כרמית תעשיות ממתקים בע""\",IL,שוקולד אגו מריר 70%,גרמים,100.00,100 גרם,false,,7.80,7.8000,true,1,322450
7290017129778,false,שוקולד פרימיום 70% מריר בטעם קפה כרמית 100 גרם,"כרמית תעשיות ממתקים בע""\",IL,שוקולד אגו מריר 70%,גרמים,100.00,100 גרם,false,,7.80,7.8000,true,1,322446
7290017129839,false,שוקולד פרימיום 70% מריר בטעם פטל כרמית 100 גרם,"כרמית תעשיות ממתקים בע""\",IL,שוקולד אגו מריר 70%,גרמים,100.00,100 גרם,false,,7.80,7.8000,true,1,322447
7290017129884,false,חמישיות שוקולד מריר 44% 85 גר*5*12 בקרטון,"כרמית תעשיות ממתקים בע""\",,שוקולד אגו מריר 5*85,גרמים,425.00,100 גרם,false,,14.90,3.5059,true,1,315849
7290017142166,false,"פילה טונה פרוס עם שמן זית 120 גרם ""עץ הזית""","יוניקורד ח.צ בע""מ",TH,פילה טונה בשמן זית ע,גרמים,120.00,100 גרם,false,,14.90,12.4167,true,1,307667
7290017142180,false,פילה טונה בשמן זית בטעם לימון עם פלפל שחור 120 ג',"יוניקורד ח.צ בע""מ",TH,פילה טונה בשמן זית ו,גרמים,120.00,100 גרם,false,,14.90,12.4167,true,1,307668
7290017142203,false,"פילה טונה פרוס עם שמן זית בטעם מעושן 120 גרם ""עץ הזית""","יוניקורד ח.צ בע""מ",TH,פילה טונה בשמן זית מ,גרמים,120.00,100 גרם,false,,14.90,12.4167,true,1,307669
7290017218380,false,אלטמן - קולגן חומצה היאלורונית כמוסות 60 יח',,,קולגן אלטמן,Unknown,0.00,יחידה,false,,99.90,0.0000,true,1,322971
7290017266398,false,גלילי ופל למילוי גילרו 150 גרם עלמה.,גילרו,IL,מארז גליליות עלמה למ,גרמים,150.00,100 גרם,false,,14.90,9.9333,true,1,324409
7290017266503,false,"גלילי וופל במילוי קרם שוקולד לל""ס 100 גר' עלמה",גילרו,IL,גלילי ופל ללא ת.סוכר,גרמים,100.00,100 גרם,false,,5.70,5.7000,true,1,323127
7290017266596,false,גביעי גלידה מגולגלים,עלמה,IL,גביעי גלידה מגולגלים,גרמים,308.00,100 גרם,false,,17.90,5.8117,true,1,310934
7290017266886,false,גליליות ופל במילוי ק,עלמה,IL,גליליות ופל במילוי ק,גרמים,500.00,100 גרם,false,,11.90,2.3800,true,1,320510
7290017266893,false,גליליות ופל במילוי ק,עלמה,IL,גליליות ופל במילוי ק,גרמים,500.00,100 גרם,false,,11.90,2.3800,true,1,320511
7290017266909,false,וופלים מעולים במילוי קרם בטעם שוקולד SUNי 200 גרם,"גילרו בע""מ",IL,ופלים בטעם שוקולד עם,גרמים,200.00,100 גרם,false,,3.90,1.9500,true,1,323773
7290017275338,false,טורקיז- טחינה גולמית 500 גרם,אחדות ביחר לטחינה חל,IL,טחינה טורקיז 500 גרם,גרמים,500.00,100 גרם,false,,12.90,2.5800,true,1,319085
7290017275345,false,"טחינה גולמית בבקבוק לחיץ , 350 גרם אחווה",אחדות ביחר לטחינה חל,IL,טחינה אחוה לחיץ 350,גרמים,350.00,100 גרם,false,,8.90,2.5429,true,1,320478
7290017275369,false,טורקיז- טחינה משומשום מלא 500 גרם,אחדות ביחר לטחינה חל,IL,טחינה שומשום מלא טור,גרמים,500.00,100 גרם,false,,12.90,2.5800,true,1,319086
7290017275413,false,מיני קצפיות בטעם וניל אחוה 140 גרם,אחדות ביחר לטחינה חל,IL,מיני קצפיות בטעם וני,גרמים,140.00,100 גרם,false,,9.90,7.0714,true,1,320479
7290017275420,false,מיני קצפיות בטעם תות אחוה 140 גרם,אחדות ביחר לטחינה חל,IL,מיני קצפיות בטעם תות,גרמים,140.00,100 גרם,false,,9.90,7.0714,true,1,320477
7290017275437,false,מיני קצפיות בטעם פירות יער אחוה 140 גרם,אחדות ביחר לטחינה חל,IL,מיני קצפיות בטעם פיר,גרמים,140.00,100 גרם,false,,9.90,7.0714,true,1,320480
7290017275444,false,מיני קצפיות בטעם ענבים אחוה 140 גרם,אחדות ביחר לטחינה חל,IL,מיני קצפיות בטעם ענב,גרמים,140.00,100 גרם,false,,9.90,7.0714,true,1,320481
7290017275482,false,"סירופ בטעם ענבים אחוה 900 מ""ל",אחדות ביחר לטחינה חל,IL,סירופ אחוה בטעם ענבי,מיליליטרים,900.00,"100 מ""ל",false,,14.90,1.6556,true,1,320710
7290017275499,false,"סירופ בטעם אננס אחוה 900 מ""ל",אחדות ביחר לטחינה חל,IL,סירופ אחוה בטעם אננס,מיליליטרים,900.00,"100 מ""ל",false,,14.90,1.6556,true,1,320711
7290017275505,false,"סירופ בטעם פטל 900 מ""ל אחוה",אחדות ביחר לטחינה חל,IL,סירופ אחוה בטעם פטל,מיליליטרים,900.00,"100 מ""ל",false,,14.90,1.6556,true,1,320712
7290017285702,false,"סרקל מתיר קשרים רוזמרין 325 מ""ל ד""ר פישר",פישר מעבדות פרמצבטיות בע,IL,"סרקל קרם רוזמרין ד""ר",גרמים,325.00,100 גרם,false,,22.90,7.0462,true,1,308613
7290017285733,false,סרקל מעצב 2 ליטר מגזרי .ח.,פישר מעבדות פרמצבטיות בע,IL,"מרכך סרקל ד""ר פישר 2",קילוגרמים,2.00,ליטר,false,,35.90,17.9500,true,1,308614
7290017285764,false,סרקל שמפו 2 ליטר מגזרי .ח.,פישר מעבדות פרמצבטיות בע,IL,"שמפו סרקל ד""ר פישר 2",קילוגרמים,2.00,ליטר,false,,35.90,17.9500,true,1,308615
7290017289168,false,"יין ישראלי אדום יבש אפרת 750 מ""ל",יקב טפרברג 1870 בעמ,IL,יין ישראלי אדום יבש,מיליליטרים,750.00,"100 מ""ל",false,,19.90,2.6533,true,1,304198
7290017289175,false,"יין ישראלי פטיט סירה אפרת 750 מ""ל",יקב טפרברג 1870 בעמ,IL,יין ישראלי פטיט סירה,מיליליטרים,750.00,"100 מ""ל",false,,19.90,2.6533,true,1,304199
7290017289182,false,"יין ישראלי לבן חצי יבש אפרת 750 מ""ל",יקב טפרברג 1870 בעמ,IL,יין ישראלי לבן חצי י,מיליליטרים,750.00,"100 מ""ל",false,,19.90,2.6533,true,1,304201
7290017289199,false,"יין ישראלי לבן יבש אפרת 750 מ""ל",יקב טפרברג 1870 בעמ,IL,יין ישראלי לבן יבש,מיליליטרים,750.00,"100 מ""ל",false,,19.90,2.6533,true,1,304200
7290017289205,false,"יין ישראלי קברנה סוביניון אפרת 750 מ""ל",יקב טפרברג 1870 בעמ,IL,יין ישראלי קברנה סוב,מיליליטרים,750.00,"100 מ""ל",false,,19.90,2.6533,true,1,304197
7290017289588,false,אינספייר בלנד לבן יבש 750 מל,יקב טפרברג 1870 בעמ,IL,יין אינספייר בלנד לב,מיליליטרים,750.00,"100 מ""ל",false,,69.90,9.3200,true,1,312584
7290017289601,false,"יין בלנד לבן 750 מ""ל אימפרשיאון",יקב טפרברג 1870 בעמ,IL,יין אימפרשן לבנד לבן,מיליליטרים,750.00,"100 מ""ל",false,,49.90,6.6533,true,1,323196
7290017289618,false,"יין IMPRESSION פטיט סירה 150 שנה טפרברג 750 מ""ל",יקב טפרברג 1870 בעמ,IL,יין אימפרשן קברנה פט,מיליליטרים,750.00,"100 מ""ל",false,,49.90,6.6533,true,1,312563
7290017289908,false,"יין למברוסקו אלגרו אדום 750 מ""ל",יקב טפרברג 1870 בעמ,IL,יין אלגרו למבורסקו א,מיליליטרים,750.00,"100 מ""ל",false,,34.90,4.6533,true,1,323197
7290017303369,false,עוגיות פריכות נטיפים,מאפיית א.ש.ייצור ושי,IL,עוגיות פריכות נטיפים,גרמים,500.00,100 גרם,false,,11.50,2.3000,true,1,300013
7290017303420,false,"בורקס תפו""א בון בייק",מאפיית אריאל,IL,"בורקס תפו""א בון בייק",פריט,1.40,"ק""ג",false,,16.90,12.0714,true,1,303316
7290017303437,false,בורקס גבינה בון בייק,מאפיית אריאל,IL,בורקס גבינה בון בייק,פריט,1.20,"ק""ג",false,,16.90,14.0833,true,1,303315
7290017303444,false,גחנון בון בייקרי 1.2,מאפיית אריאל,IL,גחנון בון בייקרי 1.2,פריט,1.20,"ק""ג",false,,16.90,14.0833,true,1,303317
7290017303451,false,מלוואח בון בייקרי 1.,מאפיית אריאל,IL,מלוואח בון בייקרי 1.,פריט,1.20,"ק""ג",false,,16.90,14.0833,true,1,303314
7290017304885,false,לחם שיפון מחיטה מלאה ללא תוספת סוכר 750 ג' אנג'ל,מאפיית שלמה א. אנג'\ל בע,IL,לחם שיפון וחיטה מלאה,גרמים,750.00,100 גרם,false,,16.90,2.2533,true,1,307472
7290017339610,false,חלה בריוש 6 כדורים ה,המחמצת,IL,חלה בריוש 6 כדורים ה,גרמים,600.00,100 גרם,false,,15.90,2.6500,true,1,313775
7290017339627,false,חלת בריוש כתר המחמצת,המחמצת,IL,חלת בריוש כתר המחמצת,גרמים,550.00,100 גרם,false,,16.90,3.0727,true,1,313776
7290017396002,false,לחמניות כוסמין המחמצ,המחמצת,IL,לחמניות כוסמין המחמצ,גרמים,400.00,100 גרם,false,,16.90,4.2250,true,1,324150
7290017396033,false,מארז בייגל רומני שומ,המחמצת,IL,בייגל רומני המחמצת 4,גרמים,450.00,100 גרם,false,,16.90,3.7556,true,1,321031
7290017396071,false,לחמניות המבורגר פרימ,המחמצת,IL,לחמניות המבורגר פרימ,גרמים,380.00,100 גרם,false,,15.90,4.1842,true,1,319899
7290017396132,false,לחם כוסמין חמניות תב,המחמצת,IL,לחם כוסמין חמניות תב,גרמים,560.00,100 גרם,false,,16.90,3.0179,true,1,313719
7290017396163,false,לחם שיפון 70% אובלי,המחמצת,IL,לחם שיפון 70% אובלי,גרמים,560.00,100 גרם,false,,15.90,2.8393,true,1,313720
7290017396170,false,לחם שאור איטלקי המחמ,המחמצת,IL,לחם שאור איטלקי המחמ,גרמים,560.00,100 גרם,false,,15.90,2.8393,true,1,313721
7290017396187,false,לחם קלמטה אובלי המחמ,המחמצת,IL,לחם קלמטה אובלי המחמ,גרמים,560.00,100 גרם,false,,16.90,3.0179,true,1,313722
7290017396194,false,לחם דגנים המחמצת 560,המחמצת,IL,לחם דגנים המחמצת 560,גרמים,560.00,100 גרם,false,,16.90,3.0179,true,1,318332
7290017396217,false,לחם דגנים אובלי המחמ,המחמצת,IL,לחם דגנים אובלי המחמ,גרמים,560.00,100 גרם,false,,15.90,2.8393,true,1,313723
7290017396224,false,לחם כוסמין אובלי המח,המחמצת,IL,לחם כוסמין אובלי המח,גרמים,560.00,100 גרם,false,,15.90,2.8393,true,1,313724
7290017396231,false,לחם בצל תבנית המחמצת,המחמצת,IL,לחם בצל תבנית המחמצת,גרמים,560.00,100 גרם,false,,16.90,3.0179,true,1,314432
7290017396248,false,לחמניות מיני המבורגר,המחמצת,IL,לחמניות מיני המבורגר,גרמים,400.00,100 גרם,false,,15.90,3.9750,true,1,319900
7290017396293,false,לחם כפרי צרפתי אובלי,המחמצת,IL,לחם כפרי צרפתי אובלי,גרמים,560.00,100 גרם,false,,15.90,2.8393,true,1,313725
7290017396309,false,באגט שאור איטלקי המח,המחמצת,IL,באגט שאור איטלקי המח,גרמים,400.00,100 גרם,false,,9.90,2.4750,true,1,321270
7290017396316,false,לחם עגבניות אובלי המ,המחמצת,IL,לחם עגבניות אובלי המ,גרמים,560.00,100 גרם,false,,16.90,3.0179,true,1,313726
7290017396415,false,ג'בטה דגנים המחמצת 6,המחמצת,IL,ג'בטה דגנים המחמצת 6,גרמים,600.00,100 גרם,false,,15.90,2.6500,true,1,319224
7290017396439,false,ג'בטה לבן 600 גרם,המחמצת,IL,ג'בטה לבן 600 גרם,גרמים,360.00,100 גרם,false,,15.90,4.4167,true,1,319225
7290017396507,false,בייגל חיטה המחמצת 36,המחמצת,IL,בייגל חיטה המחמצת 36,גרמים,360.00,100 גרם,false,,15.90,4.4167,true,1,314545
7290017418469,false,קראש גליליות אגוזים,"לבס שוקולד בע""מ",IL,קראש גליליות אגוזים,גרמים,65.00,100 גרם,false,,3.90,6.0000,true,1,304887
7290017418476,false,קראש קוביות נוגט בצי,"לבס שוקולד בע""מ",IL,קראש קוביות נוגט בצי,גרמים,65.00,100 גרם,false,,3.90,6.0000,true,1,304889
7290017418483,false,קראש קורנפלקס בציפוי,"לבס שוקולד בע""מ",IL,קראש קורנפלקס בציפוי,גרמים,65.00,100 גרם,false,,3.90,6.0000,true,1,304888
7290017418551,false,קראש קרקר דג בציפוי,"לבס שוקולד בע""מ",IL,קראש קרקר דג בציפוי,גרמים,65.00,100 גרם,false,,3.90,6.0000,true,1,310895
7290017418605,false,קראש מיקס דגן / גליל,"לבס שוקולד בע""מ",IL,קראש מיקס דגן / גליל,גרמים,65.00,100 גרם,false,,3.90,6.0000,true,1,310897
7290017457598,false,"מרכך כביסה סוד מרוכז סאמר בלוסום 900 מ""ל",הנקל סוד,IL,מרכך סוד פריחת קיץ 9,מיליליטרים,900.00,"100 מ""ל",false,,11.90,1.3222,true,1,307856
7290017457871,false,סוד ג'ל כביסה ירוק טוטאל 4 ליטר,הנקל סוד,IL,גל סוד ווילד רוז 4,קילוגרמים,4.00,ליטר,false,,34.50,8.6250,true,1,311160
7290017457888,false,סוד ג'ל כביסה כחול טוטאל 4 ליטר,הנקל סוד,IL,גל סוד פרש סקיי 4 ל,קילוגרמים,4.00,ליטר,false,,34.50,8.6250,true,1,311161
7290017513393,false,תה ירוק ספירולינה וצמחים ירוקים 25 שקי,תה ויסוצקי,IL,תה ירוק סופר גרין 25,גרמים,38.00,100 גרם,false,,22.90,60.2632,true,1,308631
7290017513409,false,תה ירוק SUPER GREEN 87 גרםבטעם אוכמניות ואסאי,תה ויסוצקי,IL,תה ירוק עם צמחים סגו,גרמים,38.00,100 גרם,false,,22.90,60.2632,true,1,308630
7290017589374,false,"פרי ראן שרדונה 750 מ""ל",סי.זי.איי.אס בעמ,IL,יין לבן פרי ראן שרד,מיליליטרים,750.00,"100 מ""ל",false,,59.90,7.9867,true,1,312857
7290017589633,false,"רזרב גולד אדישיין קברנה סוביניון 750 מ""ל",יקבי ברקן Barkan,IL,יין רזרב גולד קברנה,מיליליטרים,750.00,"100 מ""ל",false,,37.90,5.0533,true,1,304710
7290017599250,false,סוכרזית קלאסי 120 שקיות,ביסקול בע''מ,IL,ממתיק סוכרזית קלאסי,גרמים,120.00,100 גרם,false,,15.50,12.9167,true,1,323729
7290017599267,false,סוכרלוז 120 שקיות ממתיק שולחני,סוכרזית Sucrazit,IL,ממתיק סוכרלוז סוכרזי,גרמים,120.00,100 גרם,false,,24.50,20.4167,true,1,323764
7290017599274,false,סוכרזית סטיוויה 120 שקיות,ביסקול בע''מ,IL,ממתיק סוכרזית סטיווי,גרמים,120.00,100 גרם,false,,33.90,28.2500,true,1,323727
7290017616001,false,שעועית ירוקה שלמה ור,נ.ת.נ.ג.ב החזקות,BE,שעועית ירוקה שלמה ור,גרמים,800.00,100 גרם,false,,6.50,0.8125,true,1,321370
7290017616025,false,שעועית ירוקה חתוכה ו,נ.ת.נ.ג.ב החזקות,BE,שעועית ירוקה חתוכה ו,גרמים,800.00,100 גרם,false,,6.50,0.8125,true,1,321371
7290017616032,false,שעועית צהובה חתוכה ו,נ.ת.נ.ג.ב החזקות,BE,שעועית צהובה חתוכה ו,גרמים,800.00,100 גרם,false,,6.50,0.8125,true,1,321372
7290017616421,false,סטייק טונה קפוא 500,,,סטייק טונה קפוא 500,גרמים,500.00,100 גרם,false,,24.90,4.9800,true,1,317629
7290017616490,false,פילה ברבוניה ארוז 40,,,פילה ברבוניה,Unknown,0.00,יחידה,false,,16.90,0.0000,true,1,324468
7290017616513,false,אפונה עדינה אינדירה,הוראפרוסט,BE,אפונה עדינה אינדירה,פריט,1.00,"ק""ג",false,,17.90,17.9000,true,1,315852
7290017616520,false,"במיה אינדירה 1 ק""ג",גרין האוס,EG,"במיה אינדירה 1 ק""ג",פריט,1.00,"ק""ג",false,,13.90,13.9000,true,1,315254
7290017616537,false,חומוס גרגירים אינדיר,הוראפרוסט,BE,חומוס גרגירים אינדיר,פריט,1.00,"ק""ג",false,,13.90,13.9000,true,1,316890
7290017616544,false,"תירס אינדירה 1 ק""ג",הוראפרוסט,BE,"תירס אינדירה 1 ק""ג",פריט,1.00,"ק""ג",false,,10.90,10.9000,true,1,315957
7290017616551,false,אפונה וגזר אינדירה 1,הוראפרוסט,BE,אפונה וגזר אינדירה 1,פריט,1.00,"ק""ג",false,,10.90,10.9000,true,1,315853
7290017616568,false,לקט העונה אינדירה 1,הוראפרוסט,BE,לקט העונה אינדירה 1,פריט,1.00,"ק""ג",false,,10.90,10.9000,true,1,315854
7290017616575,false,"פול אינדירה 1 ק""ג",ג'קסיאן הינגשינגפודס,CN,"פול אינדירה 1 ק""ג",פריט,1.00,"ק""ג",false,,13.90,13.9000,true,1,315958
7290017616629,false,שעועית ירוקה שלמה עד,הוראפרוסט,BE,שעועית ירוקה שלמה עד,פריט,1.00,"ק""ג",false,,17.90,17.9000,true,1,315855
7290017616643,false,תחתיות ארטישוק אינדי,גרין האוס,EG,תחתיות ארטישוק אינדי,פריט,1.00,"ק""ג",false,,19.90,19.9000,true,1,315255
7290017616650,false,לקט לקוסקוס אינדירה,הוראפרוסט,BE,לקט לקוסקוס אינדירה,פריט,1.00,"ק""ג",false,,10.90,10.9000,true,1,315856
7290017616667,false,שעועית לבנה אינדירה,הוראפרוסט,BE,שעועית לבנה אינדירה,פריט,1.00,"ק""ג",false,,13.90,13.9000,true,1,315941
7290017616674,false,גזר גמדי אינדירה 1 ק,הוראפרוסט,BE,גזר גמדי אינדירה 1 ק,פריט,1.00,"ק""ג",false,,9.90,9.9000,true,1,315857
7290017617046,false,נתחי טונה בשמן זית כתית מעולה רביעיה * 140 ג',סטארקיסט,TR,טונה בשמן זית ס.ק. 4,גרמים,560.00,100 גרם,false,,27.90,4.9821,true,1,308901
7290017617275,false,שלישיית ממרח טונה סטארקיסט 160X3 גרם,סטארקיסט,IL,ממרח טונה ס.ק 3*160,גרמים,480.00,100 גרם,false,,17.90,3.7292,true,1,317448
7290017617282,false,נתחי טונה בהירה בשמן צמחי - מארז 4 יח',טונה וייטנאם קומפני,VN,טונה בשמן יונה 4*140,גרמים,560.00,100 גרם,false,,19.90,3.5536,true,1,324547
7290017641379,false,חמישיות שוקולד חלב בדצ 85 ג*5 בלמינט*12 בקרט בדצ,"כרמית תעשיות ממתקים בע""\",,שוקולד אגו חלב 5*85,גרמים,425.00,100 גרם,false,,14.90,3.5059,true,1,315642
7290017641508,false,"כדורים פריכים מצופים שוקולד חלב 55 גר כשל""פ",כרמית תעשיות ממתקים בעמ,,אגו מיקס כדורי שוקול,גרמים,55.00,100 גרם,false,,3.90,7.0909,true,1,310084
7290017641720,false,שוקולד פרימיום 70% שברי שקד כרמית 100 גרם,כרמית תעשיות ממתקים בעמ,IL,שוקולד אגו מריר 70%,גרמים,100.00,100 גרם,false,,7.80,7.8000,true,1,322448
7290017641737,false,שוקולד פרימיום 70% שברי אגוז כרמית 100 גרם,"כרמית תעשיות ממתקים בע""\",IL,שוקולד אגו מריר 70%,גרמים,100.00,100 גרם,false,,7.80,7.8000,true,1,322451
7290017696393,false,בורגר פטריות מן הצומח 520 גר,מרינה פטריות,IL,בורגר פטריות מן הצומ,גרמים,520.00,100 גרם,false,,19.90,3.8269,true,1,312879
7290017712505,false,"מחית תפו""ע פרינוק 4*",HME,CZ,"מחית תפו""ע פרינוק 4*",גרמים,760.00,100 גרם,false,,16.90,2.2237,true,1,316707
7290017712512,false,"מחית תפו""ע ובננה פרי",HME,CZ,"מחית תפו""ע ובננה פרי",גרמים,760.00,100 גרם,false,,16.90,2.2237,true,1,316708
7290017712529,false,מחית סלט פירות פרינו,HME,CZ,מחית סלט פירות פרינו,גרמים,760.00,100 גרם,false,,16.90,2.2237,true,1,316709
7290017712536,false,מחית לפתן פירות פרינ,HME,CZ,מחית לפתן פירות פרינ,גרמים,760.00,100 גרם,false,,16.90,2.2237,true,1,316710
7290017812052,false,יין שיראז-קברנה סוביניון אקסלנס יקבי כרמל,יקבי כרמל Carmel Winery,IL,יין אקסלנס שיראז קבר,מיליליטרים,750.00,"100 מ""ל",false,,24.90,3.3200,true,1,304283
7290017812069,false,יין אמרלד ריזלינג שרדונה אקסלנס Excellence,יקבי כרמל Carmel Winery,IL,יין אקסלנס ריזלינג ש,מיליליטרים,750.00,"100 מ""ל",false,,24.90,3.3200,true,1,304284
7290017812144,false,יין ישן נושן מתוק 63,יקבי כרמל,IL,יין ישן נושן מתוק 63,מיליליטרים,630.00,"100 מ""ל",false,,12.90,2.0476,true,1,304169
7290017812595,false,"יין ישן נושן לייט כרמל 3.5% אלכוהל 750 מ""ל",יקבי כרמל Carmel Winery,IL,יין ישן נושן לייט 3.,מיליליטרים,750.00,"100 מ""ל",false,,14.90,1.9867,true,1,316215
7290017812649,false,תירוש כרמל לבן 1.2 ליטר,יקבי כרמל,IL,מיץ ענבים תירוש לבן,קילוגרמים,1.20,ליטר,false,,20.90,17.4167,true,1,309562
7290017812656,false,"תירוש אדום מיץ ענבים מבעבע כרמל 750 מ""ל",ג'\קובז'\י איי.אי פיגלי,IL,תירוש מבעבע אדום כרמ,מיליליטרים,750.00,"100 מ""ל",false,,19.90,2.6533,true,1,315392
7290017812663,false,"תירוש לבן מיץ ענבים מבעבע כרמל 750 מ""ל",ג'\קובז'\י איי.אי פיגלי,IL,תירוש מבעבע לבן כרמל,מיליליטרים,750.00,"100 מ""ל",false,,19.90,2.6533,true,1,315393
7290017812830,false,יין רוזה פרייבט קולקשיין 750מל יקבי כרמל,"כד בני דרום בע""מ",IL,יין פ. קולקשיין רוזה,מיליליטרים,750.00,"100 מ""ל",false,,37.90,5.0533,true,1,315131
7290017812847,false,"יין כרמל סלקטד פרנץ' גוורצטרמינר, 750 מ""ל","כד בני דרום בע""מ",IL,יין סלקטד פרנץ גוורצ,מיליליטרים,750.00,"100 מ""ל",false,,28.90,3.8533,true,1,315132
7290017812885,false,"יין P.C סוביניון בלאן גוורצטרמינר כרמל 750 מ""ל",אגודת הכורמים א.ת אל,IL,יין פ.קולקשיין סובינ,מיליליטרים,750.00,"100 מ""ל",false,,37.90,5.0533,true,1,316903
7290017812977,false,"יין קריניאנו סלקטדאננס באז כרמל 750 מ""ל",כרמל מזרחי,IL,יין באז ספארקלינג אנ,מיליליטרים,750.00,"100 מ""ל",false,,26.90,3.5867,true,1,316893
7290017864648,false,כוסברה בוסתן פרימיום,ברכת קטיף,IL,כוסברה בוסתן פרימיום,Unknown,0.00,יחידה,false,,5.90,0.0000,true,1,311662
7290017864655,false,פטרוזיליה בוסתן פרימ,ברכת קטיף,IL,פטרוזיליה בוסתן פרימ,Unknown,0.00,יחידה,false,,5.90,0.0000,true,1,311663
7290017864662,false,שמיר בוסתן פרימיום,ברכת קטיף,IL,שמיר בוסתן פרימיום,Unknown,0.00,יחידה,false,,4.90,0.0000,true,1,311664
7290017864679,false,נענע בוסתן פרימיום,ברכת קטיף,IL,נענע בוסתן פרימיום,Unknown,0.00,יחידה,false,,5.90,0.0000,true,1,311665
7290017864686,false,סלרי עלים ברכת קטיף,ברכת קטיף,IL,סלרי עלים בוסתן,Unknown,0.00,יחידה,false,,5.90,0.0000,true,1,311656
7290017864709,false,עלי מנגולד ברכת קטיף,ברכת קטיף,IL,עלי מנגולד,Unknown,0.00,יחידה,false,,5.90,0.0000,true,1,311658
7290017864754,false,בצל ירוק בוסתן,ברכת קטיף,IL,בצל ירוק בוסתן,Unknown,0.00,יחידה,false,,5.90,0.0000,true,1,311659
7290017871707,false,חטיף פיצפוצי אורז וקוקוס מצופה שוקולד מריר ללא תוספת סוכר,תות תעשיות מזון (2014) ב,IL,חטיף פצפוצי אורז וקו,גרמים,105.00,100 גרם,false,,12.90,12.2857,true,1,320689
7290017871974,false,טוסו אבקת ג'לי טעם תות 30גרם,אשבל מזון פונקציונלי בע\,IL,ג'לי תות שדה טוסו לל,גרמים,25.00,100 גרם,false,,2.90,11.6000,true,1,320699
7290017871998,false,טוסו פודינג אינסטנט בטעם וניל 30גרם,אשבל מזון פונקציונלי בע\,IL,פודינג וניל טוסו ללא,גרמים,30.00,100 גרם,false,,2.90,9.6667,true,1,320700
7290017872179,false,טוסו - עוגיות טחינה ללא סוכר 200 גרם,"הגביע מוצרי וופלים בע""\מ",IL,עוגיות טחינה טוסו 20,גרמים,200.00,100 גרם,false,,13.90,6.9500,true,1,320693
7290017872186,false,טוסו - עוגיות פקאן ללא סוכר 200 גרם,"הגביע מוצרי וופלים בע""\מ",IL,עוגיות פקאן טוסו 200,גרמים,200.00,100 גרם,false,,13.90,6.9500,true,1,320694
7290017883045,false,קשקש ממתק חמוץ בטעמי פירות 16 יחי',שנטו סוויט לייף,CN,קשקש ממתק חמוץ פירות,גרמים,160.00,100 גרם,false,,9.90,6.1875,true,1,317885
7290017883342,false,סוכריות קופצות בטעם ענבים מארז 12 יח',האלקס גידה,TR,סוכריות קופצות בטעם,גרמים,48.00,100 גרם,false,,9.90,20.6250,true,1,317883
7290017883359,false,סוכריות קופצות בטעם תות שדה מארז 12 יח',האלקס גידה,TR,סוכריות קופצות בטעם,גרמים,48.00,100 גרם,false,,9.90,20.6250,true,1,317881
7290017883366,false,סוכריות קופצות בטעם פטל מארז 12 יח',האלקס גידה,TR,סוכריות קופצות בטעם,גרמים,48.00,100 גרם,false,,9.90,20.6250,true,1,317882
7290017884141,false,עוגיות מלוחות קצח שי,מאפיית ישראל חיפה,IL,עוגיות מלוחות קצח שי,גרמים,500.00,100 גרם,false,,11.50,2.3000,true,1,304307
7290017884158,false,עוגיות מלוחות שומשום,מאפיית ישראל חיפה,IL,עוגיות מלוחות שומשום,גרמים,500.00,100 גרם,false,,11.50,2.3000,true,1,304308
7290017884189,false,כעכים מצופים שירה 50,מאפיית ישראל חיפה,IL,כעכים מצופים שירה 50,גרמים,500.00,100 גרם,false,,11.50,2.3000,true,1,308892
7290017884257,false,עוגיות כתר שירה 600,מאפיית ישראל חיפה,IL,עוגיות כתר שירה 600,גרמים,600.00,100 גרם,false,,11.50,1.9167,true,1,309032
7290017884264,false,עוגיות שוקוציפס שירה,מאפיית ישראל חיפה,IL,עוגיות שוקוציפס שירה,גרמים,600.00,100 גרם,false,,11.50,1.9167,true,1,304313
7290017884318,false,עוגיות פרפר במילוי ב,מאפיית ישראל חיפה,IL,עוגיות פרפר במילוי ב,גרמים,500.00,100 גרם,false,,11.50,2.3000,true,1,309026
7290017884356,false,עוגיות כעכים מרוקאיו,מאפיית ישראל חיפה,IL,עוגיות כעכים מרוקאיו,גרמים,500.00,100 גרם,false,,11.50,2.3000,true,1,309314
7290017884394,false,עוגיות בישקוטים מסוכ,מאפיית ישראל חיפה,IL,עוגיות בישקוטים מסוכ,גרמים,500.00,100 גרם,false,,11.50,2.3000,true,1,304316
7290017884417,false,עוגיות דניות בטעם חמ,מאפיית ישראל חיפה,IL,עוגיות דניות בטעם חמ,גרמים,500.00,100 גרם,false,,11.50,2.3000,true,1,304318
7290017884530,false,בישקוטים מצופים שירה,מאפיית ישראל חיפה,IL,בישקוטים מצופים שירה,גרמים,500.00,100 גרם,false,,11.50,2.3000,true,1,308894
7290017888095,false,"רביעיית פחיות שוופס מוגז עדין פירות יער 330 מ""ל.",יפאורה תבורי בעמ,IL,מארז שוופס פירות יער,קילוגרמים,1.32,ליטר,false,,11.90,9.0152,true,1,305935
7290017888101,false,"רביעיית פחיות שוופס מוגז עדין אפרסק 330 מ""ל.",יפאורה תבורי בעמ,IL,מארז שוופס אפרסק 4*3,קילוגרמים,1.32,ליטר,false,,11.90,9.0152,true,1,305936
7290017918730,false,סלק אדום בוואקום 1 ק,אראל תוצרת חקלאית בע,IL,סלק אדום בוואקום 1 ק,פריט,1.00,"ק""ג",false,,9.90,9.9000,true,1,313513
7290017928234,false,מאיר בייגל גריסיני ב,מאיר בייגל,IL,גריסיני בייטס בצל מא,גרמים,175.00,100 גרם,false,,7.90,4.5143,true,1,311559
7290017928296,false,שברי בייגלה בטעם דבש חרדל ובצל 300 גר' מאיר את בייגל,סבימקס,BG,שברי בייגלה בטעם דבש,גרמים,300.00,100 גרם,false,,11.90,3.9667,true,1,323029
7290017928494,false,שברי בייגלה בטעם צדר 300 גר' מאיר את בייגל,מאיר בייגל,BG,שברי בייגלה בטעם צ'ד,גרמים,300.00,100 גרם,false,,11.90,3.9667,true,1,323030
7290017928838,false,בייגל מאיר גריסיני ב,מאיר בייגל,IL,גריסיני בייטס זיתים,גרמים,175.00,100 גרם,false,,7.90,4.5143,true,1,311562
7290017932057,false,תחתית אפויה לפאי 170,הנדריקס פוד,US,תחתית אפויה לפאי 170,גרמים,170.00,100 גרם,false,,6.90,4.0588,true,1,309652
7290017941073,false,סוכר לבן פולסקי 1קג,פולסקי,,סוכר לבן אלומות 1 ק,פריט,1.00,"ק""ג",false,,3.90,3.9000,true,1,324613
7290017946375,false,סוד - סבון אסלה בניחוח לימון אוקיינוס רביעיות,הנקל סוד,IL,כדוריות סוד לאסלה לי,גרמים,150.00,100 גרם,false,,19.90,13.2667,true,1,313788
7290017946573,false,סוד - סבון אסלה בניחוח פרחים רביעיות,הנקל סוד,IL,כדוריות סוד לאסלה פר,גרמים,150.00,100 גרם,false,,19.90,13.2667,true,1,313789
7290017947105,false,לחם אנג'ל בסגנון אמריקה 500 גרם,מאפיית שלמה א. אנג'\ל בע,IL,לחם אנגל בסגנון אמרי,גרמים,500.00,100 גרם,false,,14.90,2.9800,true,1,309783
7290017947464,false,שמיניית פיתות כוסמין אנג'ל 8*50 גרם,מאפיית שלמה א.אנג'\ל בע\,IL,פיתות כוסמין אנג'ל 8,גרמים,400.00,100 גרם,false,,14.90,3.7250,true,1,313746
7290017947495,false,6 לחמניות כוסמין 450 גרם אנג'ל,"איטיליאן פוד, אס.פי.",IL,לחמניות כוסמין אנגל,גרמים,450.00,100 גרם,false,,15.90,3.5333,true,1,314441
7290017947891,false,לחם אנג'ל כוסמין וחיטה מלאה 750 גרם,מאפיית שלמה א. אנג'\ל בע,IL,לחם כוסמין וחיטה מלא,גרמים,750.00,100 גרם,false,,16.90,2.2533,true,1,309711
7290017947921,false,לחמניות המבורגר בסגנון אמריקאי מארז 6 יח',מאפיית שלמה א. אנג'\ל בע,IL,לחמניות המבורגר אנגל,גרמים,450.00,100 גרם,false,,14.90,3.3111,true,1,309992
7290017947938,false,מיני לחמניות המבורגר בסגנון אמריקה 400 ג' אנג'ל,מאפיית שלמה א. אנג'\ל בע,IL,לחמניות מיני המבורגר,גרמים,400.00,100 גרם,false,,14.90,3.7250,true,1,317051
7290017978215,false,"קרמבו מוקה ""ריאו"" 16 יחידות","גלידות ריאו ביח""ר לג",IL,קרמבו בטעם מוקה ריאו,גרמים,480.00,100 גרם,false,,21.50,4.4792,true,1,312882
7290017978246,false,שמיניות קרח ללא סוכר בטעם תות LIGHTICE,"גלידות ריאו ביח""ר לג",IL,קרחוני לייט בטעם תות,גרמים,720.00,100 גרם,false,,14.50,2.0139,true,1,323693
7290017978642,false,טילוני ריאו ריבת חלב,"גלידות ריאו ביח""ר לג",IL,טילוני ריאו ריבת חלב,גרמים,525.00,100 גרם,false,,19.90,3.7905,true,1,316686
7290017978659,false,מאגדת קראנצי מצופרווה בננה,"גלידות ריאו ביח""ר לג",IL,שלגוני קרנצ'י מצופרו,גרמים,480.00,100 גרם,false,,18.90,3.9375,true,1,323536
7290017978833,false,"ריאו גלידונית חלבית ""שוקולידה"" 32יח","ביח""\ר לגלידה וממתקים בע",IL,חטיפי גלידה שוקולידה,גרמים,700.00,100 גרם,false,,29.90,4.2714,true,1,317001
7290017978857,false,מאגדת שלגונים בטעם וניל קראנצי 6*80 ג' ריאו,"ריאו ביח""\ר לגלידה וממת",IL,שלגוני קרנצ'י מצופרו,גרמים,480.00,100 גרם,false,,18.90,3.9375,true,1,323537
7290018045138,false,דגני בוקר קוקו פאבלס,פוסט לקיוויל,US,דגני בוקר קוקו פאבלס,גרמים,311.00,100 גרם,false,,19.90,6.3987,true,1,323991
7290018045336,false,דגני בוקר פרוטי פאבל,פוסט לקיוויל,US,דגני בוקר פרוטי פאבל,גרמים,311.00,100 גרם,false,,19.90,6.3987,true,1,323992
7290018045534,false,דגני בוקר בטעם פירות,פוסט לקיוויל,US,דגני בוקר בטעם פירות,גרמים,354.00,100 גרם,false,,19.90,5.6215,true,1,323994
7290018045732,false,דגני בוקר עם פירורי,פוסט לקיוויל,US,דגני בוקר עם פירורי,גרמים,311.00,100 גרם,false,,19.90,6.3987,true,1,323993
7290018091876,false,מאפה פילו גבינה מעדנות 320 גרם,"מעדנות בע""\מ",IL,מאפה פילו גבינה מעדנ,גרמים,320.00,100 גרם,false,,18.90,5.9062,true,1,322647
7290018115039,false,אבוקדו מוכן לאכילה,אראל תוצרת חקלאית בע,IL,אבוקדו מוכן לאכילה,Unknown,0.00,יחידה,false,,5.90,0.0000,true,1,313250
7290018131879,false,אקסטרים טילון חלב בדצ מאגדת 6*72 גרם נסטלה,גלידות נסטלה )נגה גלידות,IL,טילוני אקסטרים ריבת,גרמים,432.00,100 גרם,false,,23.90,5.5324,true,1,317053
7290018131954,false,מאגדת לה פרוטה תות שוקולד נסטלה 350 גרם,נגה גלידות שותפות מוגבלת,IL,שלגוני לה פרוטה תות,גרמים,350.00,100 גרם,false,,23.50,6.7143,true,1,316258
7290018165447,false,"יין רזרב GOLD מרלו ברקן 750 מ""ל",יקבי ברקן שיווק והפצה בע,IL,יין רזרב גולד מרלו,מיליליטרים,750.00,"100 מ""ל",false,,37.90,5.0533,true,1,324882
7290018192658,false,מארז זוג פטריות פורטובלה ושמפיניון מרינה,"מרינה פטריות הגליל בע""מ",IL,פטריות צמד חמד איטלק,Unknown,0.00,יחידה,false,,15.90,0.0000,true,1,312361
7290018192764,false,מיקס נבטי בריאות,מרינה,IL,מיקס נבטים,Unknown,0.00,יחידה,false,,13.90,0.0000,true,1,319443
7290018194393,false,ערק בראשית 40% 700 מ,משקאות ג'בלנא,IL,ערק בראשית 40% 700 מ,מיליליטרים,700.00,"100 מ""ל",false,,39.90,5.7000,true,1,317004
7290018195048,false,"חתיכות אננס בסירופ קל טעמן, 850 גרם",פ.ת גרייט פנאפל,TH,לפתן אננס חתוך טעמן,גרמים,850.00,100 גרם,false,,10.90,1.2824,true,1,321960
7290018195123,false,מארז סרדין בלימון טע,אינטרנשיונל קנינג קו,MA,מארז סרדין בלימון טע,גרמים,375.00,100 גרם,false,,9.90,2.6400,true,1,319047
7290018195130,false,מארז סרדין פלפל חריף,אינטרנשיונל קנינג קו,MA,מארז סרדין פלפל חריף,גרמים,375.00,100 גרם,false,,9.90,2.6400,true,1,319048
7290018195178,false,שוקולד מריר 62% קקאו 100 גרם טעמן,אס.קיי ראיס אינטרנשי,PL,שוקולד טעמן מריר 62%,גרמים,100.00,100 גרם,false,,4.90,4.9000,true,1,321660
7290018195321,false,חמישיית שוקולד זהב מריר 100 גרם טעמן,אלבה שוקולד,,שוקולד טעמן מריר 5*1,גרמים,500.00,100 גרם,false,,24.90,4.9800,true,1,321827
7290018195338,false,חמישיית שוקולד זהב חלב 100 גרם טעמן,אלבה שוקולד,,שוקולד טעמן חלב 5*10,גרמים,500.00,100 גרם,false,,24.90,4.9800,true,1,321828
7290018195895,false,קראנצ' חטיפי שיבולת שועל שוקולד מריר 40X5 גרם,סנטה איי קוולסקי אס,PL,חטיף ש.שועל עם שוקול,גרמים,200.00,100 גרם,false,,12.90,6.4500,true,1,317565
7290018195901,false,קראנצ' חטיפי שיבולת שועל ודבש 40X5 גרם,סנטה איי קוולסקי אס,PL,חטיף ש.שועל ודבש קרא,גרמים,200.00,100 גרם,false,,12.90,6.4500,true,1,317566
7290018195918,false,קראנצ' חטיפי שיבולת שועל דבש וקינמון 40X5 גרם,סנטה איי קוולסקי אס,PL,חטיף ש.שועל דבש וקינ,גרמים,200.00,100 גרם,false,,12.90,6.4500,true,1,317567
7290018208014,false,תמר מגהול פרימיום 1,אראל תוצרת חקלאית בע,IL,תמר מגהול פרימיום 1,פריט,1.00,"ק""ג",false,,24.90,24.9000,true,1,308333
7290018208021,false,"תמר מגהול ענק 2 ק""ג",אראל תוצרת חקלאית בע,IL,"תמר מגהול ענק 2 ק""ג",פריט,2.00,"ק""ג",false,,39.90,19.9500,true,1,308334
7290018208045,false,ערמונים קלויים וקלופ,אראל תוצרת חקלאית בע,IL,ערמונים קלויים וקלופ,גרמים,100.00,100 גרם,false,,3.90,3.9000,true,1,309117
7290018208168,false,תמרים לחים חיאני 600,אראל תוצרת חקלאית בע,IL,תמרים לחים חיאני 600,גרמים,600.00,100 גרם,false,,9.90,1.6500,true,1,312928
7290018208809,false,"תמר מגהול 1 ק""ג",אראל תוצרת חקלאית בע,IL,"תמר מגהול 1 ק""ג",פריט,1.00,"ק""ג",false,,14.90,14.9000,true,1,308322
7290018236659,false,צ'ונגו-פופקורן ציפ מתובל עוף טוב 600 גרם,מוצרי עוף טוב (2001) בע\,IL,מיני שניצל פופקורן מ,גרמים,600.00,100 גרם,false,,29.80,4.9667,true,1,314744
7290018237373,false,עוף טוב פסטרמה צרובה על הגריל נתח שלם 8*300 גרם,מוצרי עוף טוב (2001) בע\,IL,פסטרמה מהגריל מנתח ש,גרמים,300.00,100 גרם,false,,26.80,8.9333,true,1,318432
7290018237397,false,עוף טוב פסטרמה מקורמלת נתח שלם 8*300 גרם,מוצרי עוף טוב (2001) בע\,IL,פסטרמה מקורמלת מנתח,גרמים,300.00,100 גרם,false,,26.80,8.9333,true,1,318434
7290018237410,false,עוף טוב פסטרמה במעשנה נתח שלם 8*300 גרם,מוצרי עוף טוב (2001) בע\,IL,פסטרמה מהמעשנה מנתח,גרמים,300.00,100 גרם,false,,26.80,8.9333,true,1,318433
7290018237908,false,עוף טוב נקניקיות עסיסיות למנגל 400 גרם,עוף טוב,IL,נקניקיות עסיסיות למנ,גרמים,400.00,100 גרם,false,,11.90,2.9750,true,1,322476
7290018294000,false,"יין קינג דויד רוזה כרמל 750 מ""ל",כרמל מזרחי,IL,יין קינג דיוויד רוזה,מיליליטרים,750.00,"100 מ""ל",false,,18.90,2.5200,true,1,317602
7290018294055,false,תירוש כרמל רוזה 1.2 ליטר,יקבי כרמל,IL,מיץ ענבים תירוש רוזה,קילוגרמים,1.20,ליטר,false,,20.90,17.4167,true,1,315478
7290018294208,false,"סלקטדאדום ישראלי יבש כרמל 750 מ""ל","כד בני דרום בע""מ",IL,יין סלקטד אדום ישראל,מיליליטרים,750.00,"100 מ""ל",false,,28.90,3.8533,true,1,317607
7290018294901,false,"יין מונלייט אדום יבש 750 מ""ל כרמל",יקבי כרמל Carmel Winery,IL,יין אדום יבש מונלייט,מיליליטרים,750.00,"100 מ""ל",false,,33.90,4.5200,true,1,323365
7290018333082,false,אגו מיקס קורנפלקס שוקולד חלב ולבן כרמית 55 גרם,"כרמית תעשיות ממתקים בע""\",IL,אגו מיקס קורנפלקס שו,גרמים,55.00,100 גרם,false,,3.90,7.0909,true,1,323720
7290018359129,false,פולפה עגבניות חתוכות מקולפות דק יכין 690 גרם,אמיליאנה קונסרב,IL,עגבניות מקולפות חתוכ,גרמים,690.00,100 גרם,false,,9.90,1.4348,true,1,322263
7290018359495,false,תירס מהשדה בלי תוספת סוכר יכין 550 גרם,היינץ צפון אמריקה מק,IL,תירס גרעינים מהשדה ל,גרמים,550.00,100 גרם,false,,8.90,1.6182,true,1,321708
7290018359556,false,תירס מהשדה בלי תוספת סוכר יכין 400 גרם,זנלכל,IL,תירס גרעינים מהשדה י,גרמים,400.00,100 גרם,false,,6.50,1.6250,true,1,315988
7290018359686,false,יכין חומוס גדול 550 גר A2,היינץ צפון אמריקה מק,IL,חומוס ענק יכין 550 ג,גרמים,550.00,100 גרם,false,,9.50,1.7273,true,1,319386
7290018440254,false,תה צ'אי קרמל מלוח 25 שקיקים ויסוצקי,תה ויסוצקי,IL,תה חווית הצ'אי קרמל,גרמים,50.00,100 גרם,false,,17.90,35.8000,true,1,321568
7290018440629,false,תה ויסוצקי טעם עשיר,ויסוצקי,IL,תה ויסוצקי טעם עשיר,Unknown,0.00,יחידה,false,,19.90,0.0000,true,1,318424
7290018441985,false,פרצלס עם הכל בראנץ אנד קראנץ 280 ג',מוצרי איכות אמריקאיים בע,IL,פרצל ב.קראנצ 280 גרם,גרמים,280.00,100 גרם,false,,10.90,3.8929,true,1,318911
7290018443330,false,פטרוזילה ברכת קטיף מצע מנותק ייבול נוכרי,ברכת קטיף,IL,פטרוזיליה גלאט ברכת,Unknown,0.00,יחידה,false,,5.90,0.0000,true,1,318834
7290018443347,false,שמיר ברכת קטיף מצע מנותק ייבול נוכרי,ברכת קטיף,IL,שמיר ברכת קטיף,Unknown,0.00,יחידה,false,,5.90,0.0000,true,1,318864
7290018443354,false,נענע ברכת קטיף מצע מנותק ייבול נוכרי,ברכת קטיף,IL,נענע ברכת קטיף,Unknown,0.00,יחידה,false,,5.90,0.0000,true,1,318865
7290018443361,false,סלרי עלים ברכת קטיף מצע מנותק ייבול נוכרי,ברכת קטיף,IL,סלרי עלים ברכת קטיף,Unknown,0.00,יחידה,false,,6.90,0.0000,true,1,318849
7290018443378,false,מנגולד ברכת קטיף מצע מנותק ייבול נוכרי,ברכת קטיף,IL,מנגולד ברכת קטיף,Unknown,0.00,יחידה,false,,6.90,0.0000,true,1,318850
7290018443408,false,כרוב לבן ברכת קטיף מצע מנותק ייבול נוכרי,ברכת קטיף,IL,כרוב לבן ברכת קטיף,קילוגרמים,1.00,"ק""ג",true,,13.90,13.9000,true,1,318847
7290018443422,false,לבבות חסה ייבול נוכרי ברכת קטיף,ברכת קטיף,IL,חסה ברכת קטיף,Unknown,0.00,יחידה,false,,5.90,0.0000,true,1,318852
7290018443446,false,נבטים סיניים (בוסתן,בוסתן עשבי תיבול,IL,נבטים סינים יח,Unknown,0.00,יחידה,false,,5.90,0.0000,true,1,318258
7290018443460,false,נבטי אלפלפא (בוסתן),בוסתן עשבי תיבול,IL,נבטים אלפלא,Unknown,0.00,יחידה,false,,5.90,0.0000,true,1,318259
7290018443644,false,מנגולד בוסתן,ברכת קטיף,IL,מנגולד בוסתן,Unknown,0.00,יחידה,false,,5.90,0.0000,true,1,318856
7290018443651,false,לבבות חסה בוסתן רגיל מצע מנותק ייבול נוכרי,ברכת קטיף,IL,לבבות חסה בוסתן,Unknown,0.00,יחידה,false,,9.90,0.0000,true,1,318857
7290018443705,false,לבבות חסה בנספק ברכת קטיף,,,לבבות חסה קיסר,Unknown,0.00,יחידה,false,,12.90,0.0000,true,1,319161
7290018471029,false,"סודה בטעם לימון - מארז 6 בקבוקים 500 מ""ל",יפאורה תבורי בעמ,IL,מארז שוופס סודה לימו,קילוגרמים,3.00,ליטר,false,,13.90,4.6333,true,1,313877
7290018471180,false,משקה פרוט& ווג' אננס תפוח גזר 1 ליטר,מיוצר עי קונדיטוריית,IL,פרוט אנד ווג' אננס ת,קילוגרמים,1.00,ליטר,false,,12.90,12.9000,true,1,316474
7290018471197,false,פרוט & ווג' תפוח בננה מלון נענע 1 ליטר,מיוצר עי קונדיטוריית,IL,פרוט אנד ווג' תפוח ב,קילוגרמים,1.00,ליטר,false,,12.90,12.9000,true,1,316473
7290018471210,false,קרטונית נקטר ספרינג תפוח סברס 1 ליטר,"יפאורה תבורי בע""\מ",IL,נקטר ספרינג אגס תפוח,קילוגרמים,1.00,ליטר,false,,6.50,6.5000,true,1,316472
7290018471395,false,משקה פרוט& ווג' תפוח רימון ג'ינג'ר 1 ליטר,מיוצר עי קונדיטוריית,IL,פרוט אנד ווג' תפוח ר,קילוגרמים,1.00,ליטר,false,,12.90,12.9000,true,1,316512
7290018471401,false,משקה פרוט& ווג' אננס בננה כורכום 1 ליטר,מיוצר עי קונדיטוריית,IL,פרוט אנד ווג' אננס ב,קילוגרמים,1.00,ליטר,false,,12.90,12.9000,true,1,316475
7290018471449,false,קרטונית ספרינג שייק בננה תמר תפוז 1 ליטר,"יפאורה תבורי בע""\מ",IL,ספרינג שייק בננה תמר,קילוגרמים,1.00,ליטר,false,,11.90,11.9000,true,1,317757
7290018471463,false,תפוזינה נקטר תפוז מנגו קרטונית 1 ליטר,"יפאורה תבורי בע""\מ",IL,נקטר תפוזינה ENJOY,קילוגרמים,1.00,ליטר,false,,6.50,6.5000,true,1,316824
7290018471470,false,תפוזינה נקטר תפוז פסיפלורה קרטונית 1 ליטר,"יפאורה תבורי בע""\מ",IL,נקטר תפוזינה ENJOY,קילוגרמים,1.00,ליטר,false,,6.50,6.5000,true,1,316825
7290018471487,false,תפוזינה נקטר תפוז אננס קרטונית 1 ליטר,"יפאורה תבורי בע""\מ",IL,נקטר תפוזינה ENJOY,קילוגרמים,1.00,ליטר,false,,6.50,6.5000,true,1,316826
7290018471494,false,תפוזינה משקה תפוז גזר קרטונית 1 ליטר,"יפאורה תבורי בע""\מ",IL,נקטר תפוזינה ENJOY,קילוגרמים,1.00,ליטר,false,,6.50,6.5000,true,1,316827
7290018471548,false,"רביעיית ספרינג 250 מ""ל ענבים","יפאורה תבורי בע""\מ",IL,מארז ספרינג ענבים 4*,קילוגרמים,1.00,ליטר,false,,11.90,11.9000,true,1,316209
7290018471692,false,ספרינג שייק בננה אננס קוקוס פירות יער קרטונית 1 ליטר,"יפאורה תבורי בע""\מ",IL,ספרינג שייק בננה אננ,קילוגרמים,1.00,ליטר,false,,11.90,11.9000,true,1,317759
7290018471906,false,שוופס מוגז פירות לימונדה ורודה 1.5 ליטר פיקדון,"יפאורה תבורי בע""\מ",IL,שוופס לימונדה ורודה,קילוגרמים,1.50,ליטר,false,,8.20,5.4667,true,1,319702
7290018471913,false,משקה מוגז פירות תפוחים שוופס 1.5 ליטר,"יפאורה תבורי בע""\מ",IL,שוופס תפוח מוגז 1.5,קילוגרמים,1.50,ליטר,false,,8.20,5.4667,true,1,319703
7290018471920,false,שוופס מוגז פירות ענבים 1.5 ליטר פיקדון,"יפאורה תבורי בע""\מ",IL,שוופס ענבים מוגז 1.5,קילוגרמים,1.50,ליטר,false,,8.20,5.4667,true,1,319704
7290018471937,false,שוופס מוגז פירות תות ליים 1.5 ליטר פיקדון,"יפאורה תבורי בע""\מ",IL,שוופס פירות תות ליים,קילוגרמים,1.50,ליטר,false,,8.20,5.4667,true,1,319705
7290018471944,false,שוופס מוגז פירות לימונייד 1.5 ליטר פיקדון,"יפאורה תבורי בע""\מ",IL,שוופס למונייד מוגז 1,קילוגרמים,1.50,ליטר,false,,8.20,5.4667,true,1,319706
7290018471951,false,שוופס מוגז פירות אשכולית אדומה 1.5 ליטר פיקדון,"יפאורה תבורי בע""\מ",IL,שוופס אשכולית אדומה,קילוגרמים,1.50,ליטר,false,,8.20,5.4667,true,1,319707
7290018500231,false,לחם פרוס וויקאנד אנג'ל 750 גרם,מאפיית שלמה א. אנג'\ל בע,IL,לחם פינוקים וויקאנד,גרמים,750.00,100 גרם,false,,12.90,1.7200,true,1,323316
7290018500361,false,"לחם שחור פרוס 900 גרם ""אנג'ל"" -מוצר בפיקוח",מאפיית שלמה א. אנג'\ל בע,IL,לחם אחיד פרוס אנגל 9,גרמים,900.00,100 גרם,false,,8.30,0.9222,true,1,323079
7290018500385,false,"חלה רגילה 650 גרם ""אנגל""-מוצר בפיקוח",מאפיית שלמה א. אנגל,IL,חלה מרובעת אנגל 650,גרמים,650.00,100 גרם,false,,6.50,1.0000,true,1,323128
7290018500392,false,"חלה רגילה 650 גרם ""אנגל""-מוצר בפיקוח",מאפיית שלמה א. אנגל,IL,חלה קלועה אנגל 650 ג,גרמים,650.00,100 גרם,false,,6.50,1.0000,true,1,323129
7290018500477,false,לחם אחיד פרוס אחדות,מאפית אנגל,IL,לחם אחיד פרוס אחדות,גרמים,900.00,100 גרם,false,,7.40,0.8222,true,1,323914
7290018540329,false,שקית פיתה פיתה בלדי 800 ג' אנג'ל,מאפיית שלמה א. אנג'\ל בע,IL,פיתות אנגל בלדי 8 יח,גרמים,800.00,100 גרם,false,,10.90,1.3625,true,1,318624
7290018540817,false,ארטיזנל לחם מחמצת כוסמין אנג'ל 500 גרם,מאפיית אורנים,IL,לחם מחמצת כוסמין אנג,גרמים,500.00,100 גרם,false,,19.90,3.9800,true,1,319853
7290018556443,false,ארק סאלי לימונענע 75,,IL,ארק סאלי לימונענע 75,מיליליטרים,750.00,"100 מ""ל",false,,29.90,3.9867,true,1,318742
7290018556696,false,ארק סאלי לימונים 750,,IL,ארק סאלי לימונים 750,מיליליטרים,750.00,"100 מ""ל",false,,29.90,3.9867,true,1,316078
7290018556719,false,ארק סאלי פסיפלורה 75,,IL,ארק סאלי פסיפלורה 75,מיליליטרים,750.00,"100 מ""ל",false,,29.90,3.9867,true,1,316117
7290018571088,false,"טופי חמוצמוץ 600 גרם ""מיה""",מיה תעשיות מזון בעמ,IL,טופי חמוצמוץ מיה 600,גרמים,600.00,100 גרם,false,,15.90,2.6500,true,1,315836
7290018571163,false,ציפוי לשניצל עשבי תי,מיה תעשיות מזון בעמ,IL,ציפוי לשניצל עשבי תי,גרמים,600.00,100 גרם,false,,9.90,1.6500,true,1,316439
7290018571170,false,ציפוי לשניצל שום מיה,מיה תעשיות מזון בעמ,IL,ציפוי לשניצל שום מיה,גרמים,600.00,100 גרם,false,,9.90,1.6500,true,1,316440
7290018571187,false,ציפוי לשניצל פיקנטי,מיה תעשיות מזון בעמ,IL,ציפוי לשניצל פיקנטי,גרמים,600.00,100 גרם,false,,9.90,1.6500,true,1,316438
7290018571422,false,מיה-לקקנים מולטיקולור מיקס 65 יחידות,מיה תעשיות מזון בעמ,IL,לקקנים מיקס צבעוני מ,Unknown,0.00,יחידה,false,,16.90,0.0000,true,1,319246
7290018571439,false,אורז מלא אינדירה 1.4,מיה תעשיות מזון בעמ,IL,אורז מלא אינדירה 1.4,פריט,1.40,"ק""ג",false,,9.90,7.0714,true,1,320536
7290018571446,false,אורז ריזוטו אינדירה,מיה תעשיות מזון בעמ,IL,אורז ריזוטו אינדירה,פריט,1.40,"ק""ג",false,,9.90,7.0714,true,1,320537
7290018571460,false,קורנפלור מיה 800 גרם,מיה תעשיות מזון בעמ,IL,קורנפלור מיה 800 גרם,גרמים,800.00,100 גרם,false,,5.90,0.7375,true,1,318356
7290018571491,false,ריבת חלב אמיתי אמיתית בצנצנת 340 גרם,מיה תעשיות מזון בעמ,IL,ריבת חלב אמיתי מיה 3,גרמים,340.00,100 גרם,false,,12.90,3.7941,true,1,321722
7290018571521,false,סוכריות מולטי ויטמין ילדים דובונים יד למעלה 175 גרם מיה פלוס,מיה תעשיות מזון בעמ,IL,דובוני ג'לי מולטי וי,גרמים,175.00,100 גרם,false,,39.90,22.8000,true,1,324145
7290018571538,false,סוכריות חורף פרופוליס אכיניציה ילדים דובונים יד למעלה 175 גרם מיה פלוס,מיה תעשיות מזון בעמ,IL,דובוני ג'לי פרופולי,גרמים,175.00,100 גרם,false,,39.90,22.8000,true,1,324146
7290018571545,false,סוכריות ג'לי עם מיצוי כורכומין וג'ינג'ר למבוגרים,מיה תעשיות מזון בעמ,IL,ס. ג'לי עם מיצוי כור,גרמים,210.00,100 גרם,false,,39.90,19.0000,true,1,324147
7290018571576,false,סילאן טבעי לחיץ מיה,אל ברקן דאטס,AE,סילאן טבעי לחיץ מיה,פריט,1.15,"ק""ג",false,,24.90,21.6522,true,1,319450
7290018571606,false,תערובת תבלינים ראס אל חנות 70 גרם מיה,מיה תעשיות מזון בעמ,IL,ראס אל חנות מיה 70 ג,גרמים,70.00,100 גרם,false,,7.90,11.2857,true,1,322015
7290018571613,false,סוכריות אומגה 3 מבוגרים אצבעות מיה פלוס 210 גרם ללס,מיה תעשיות מזון בעמ,IL,דגי ג'לי אומגה 3 בט,גרמים,240.00,100 גרם,false,,39.90,16.6250,true,1,324139
7290018571620,false,סוכריות מולטי ויטמין נשים מבוגרים גבעות מיה פלוס 240 גרם,מיה תעשיות מזון בעמ,IL,ס. ג'לי מולטי ויטמין,גרמים,240.00,100 גרם,false,,39.90,16.6250,true,1,324140
7290018571637,false,סוכריות מולטי ויטמין גברים מבוגרים גבעות  220 גרם מיה פלוס,מיה תעשיות מזון בעמ,IL,ס. ג'לי מולטי ויטמין,גרמים,222.00,100 גרם,false,,39.90,17.9730,true,1,324141
7290018571644,false,סוכריות ג'לי ללא סוכר מולטי ויטמין בשילוב תוספת ביוטין,מיה תעשיות מזון בעמ,IL,ס. ג'לי ללא סוכר מול,גרמים,210.00,100 גרם,false,,39.90,19.0000,true,1,324142
7290018571651,false,סוכריות קולגן למבוגרים אצבעות רחבות 175 גרם מיה,מיה תעשיות מזון בעמ,IL,ס. ג'לי בשילוב קולגן,גרמים,210.00,100 גרם,false,,39.90,19.0000,true,1,324149
7290018652039,false,לה קרמריה קרמל מלוח ונוגט בדצ 6*1.4 ליטר,גלידות נסטלה )נגה גלידות,IL,גלידה לה קרמריה מלוח,קילוגרמים,1.40,ליטר,false,,17.50,12.5000,true,1,317045
7290018652671,false,לה קרמריה וולנס שוק וניל תו איל 700 גרם,גלידות נסטלה,IL,גלידה לה קרמריה בטעמ,קילוגרמים,1.40,ליטר,false,,17.50,12.5000,true,1,322926
7290018652886,false,שלגונים בשומן צמחי בטעמי שוקו ובננה מצופים צימקאו,גלידות נסטלה,IL,שלגוני נסטלה שוקו בנ,גרמים,440.00,100 גרם,false,,22.90,5.2045,true,1,323088
7290018795071,false,יין אגלי טל קברנה ס,שאטו מר,IL,יין אגלי טל קברנה ס,מיליליטרים,750.00,"100 מ""ל",false,,129.90,17.3200,true,1,317310
7290018795385,false,חסה לליק מהדרין קמעונאי,"מרינה פטריות הגליל בע""מ",IL,חסה לליק,Unknown,0.00,יחידה,false,,12.90,0.0000,true,1,320295
7290018795842,false,שיני שום קלופות 500ג מרינה,מרינה,IL,שום קלוף מרינה 500 ג,גרמים,500.00,100 גרם,false,,16.90,3.3800,true,1,323266
7290018878088,false,שלשות שוקולד ללס מריר ב.יוסף 85ג*3*18בקרט,"כרמית תעשיות ממתקים בע""\",IL,"שוקולד אגו מריר ללת""",גרמים,255.00,100 גרם,false,,14.90,5.8431,true,1,322963
7290018878095,false,שלישיית שוקולד חלב ללא סוכר 85 גרם,"כרמית תעשיות ממתקים בע""\",IL,"שוקולד אגו חלב ללת""ס",גרמים,255.00,100 גרם,false,,14.90,5.8431,true,1,322964
7290018878125,false,שלישיית שוקולד לבן ללא סוכר 85 גרם,"כרמית תעשיות ממתקים בע""\",IL,"שוקולד אגו לבן ללת""ס",גרמים,255.00,100 גרם,false,,14.90,5.8431,true,1,322965
7290018886304,false,פת דגנים בסגנון שווד,סונקו,PL,פת דגנים בסגנון שווד,גרמים,340.00,100 גרם,false,,9.90,2.9118,true,1,323274
7290018886328,false,פת דגנים שיפון מאפים,סונקו,PL,פת דגנים שיפון מאפים,גרמים,340.00,100 גרם,false,,9.90,2.9118,true,1,323275
7290018886342,false,פת דגנים 7 דגנים 340גר',סונקו,PL,פת 7 דגנים מאפים 340,גרמים,340.00,100 גרם,false,,9.90,2.9118,true,1,323276
7290018886991,false,שמן קנולה מזוכך 1לי- בית יוסף,סקנולה,EE,שמן קנולה אלומות 1 ל,קילוגרמים,1.00,ליטר,false,,8.90,8.9000,true,1,322003
7290018893005,false,"חטיפי בייגלה אפוי בטעם חרדל ודבש, 160 גרם",צ'וקטה Chocketa,RO,חטיף בייגלה אפוי בטע,גרמים,160.00,100 גרם,false,,6.50,4.0625,true,1,323740
7290018893265,false,צ'וקטה עוגות אישיות בטעם שוקולד מריר 8 יח 240 גרם,"פרדי קונדיטוריה אס,פי.אי",IT,מארז עוגה אישית מריר,גרמים,240.00,100 גרם,false,,4.90,2.0417,true,1,318640
7290018893326,false,ממרח אגוזי לוז צ'וקט,נאטרא,BE,ממרח אגוזי לוז צ'וקט,גרמים,900.00,100 גרם,false,,19.90,2.2111,true,1,321235
7290018893401,false,צ'וקטה שוקולד מריר מוצקי קקאו 100 70% גרם,צ'וקטה Chocketa,ES,שוקולד צ'וקטה מריר 7,גרמים,100.00,100 גרם,false,,6.90,6.9000,true,1,321575
7290018893609,false,שוקולד מריר פרימיום 85% 100 גרם איגוד רבנים,צ'וקטה Chocketa,ES,שוקולד צ'וקטה מריר 8,גרמים,100.00,100 גרם,false,,6.90,6.9000,true,1,321576
7290018893661,false,עוגות אישיות במילוי קרם קקאו ציפוי בטעם שוקולד מריר,"פרדי קונדיטוריה אס,פי.אי",IT,מארז עוגה אישית מצופ,גרמים,240.00,100 גרם,false,,4.90,2.0417,true,1,318639
7290018925065,false,מיץ פרימור תפוזים סחוט 2 ליטר-,"גניר (1992) בע""מ",IL,מיץ תפוזים פרימור 2,קילוגרמים,2.00,ליטר,false,,24.90,12.4500,true,1,319512
7290018978245,false,דגני בוקר קראנץ נוגט686ג,"נטורל קייקס בע""מ",IL,דגני בוקר קראנץ בטעם,גרמים,686.00,100 גרם,false,,19.90,2.9009,true,1,324698
7290018989074,false,ארבעס חומוס במלח ופלפל פרי מבורך 550 גרם,זנלכל,IL,חומוס במלח ופלפל ארב,גרמים,550.00,100 גרם,false,,9.90,1.8000,true,1,320109
7290018989098,false,פיקנטס חומוס ברוטב פיקנטיס פרי מבורך 550 גרם,זנלכל,IL,חומוס ברוטב פיקנטי פ,גרמים,550.00,100 גרם,false,,9.90,1.8000,true,1,320110
7290018989128,false,יכין סירופ בטעם ענבים 1 ליטר,"זנלכל בע""\מ",IL,סירופ יכין בטעם ענבי,קילוגרמים,1.00,ליטר,false,,18.90,18.9000,true,1,322761
7290018989135,false,יכין סירופ בטעם פטל 1 ליטר,"זנלכל בע""\מ",IL,סירופ יכין בטעם פטל,קילוגרמים,1.00,ליטר,false,,18.90,18.9000,true,1,322762
7290019031727,false,מטליות לחות לניקוי כ,וינדה פרופשיונל,IL,מטליות לחות לניקוי כ,Unknown,0.00,יחידה,false,,19.90,0.0000,true,1,324969
7290019035053,false,מלון ירוק קוביות קפוא 500 ג' פילד גוד,דה נייל אג'יפטיאן פו,EG,מלון ירוק קפוא פילד,גרמים,500.00,100 גרם,false,,11.90,2.3800,true,1,318767
7290019035060,false,חצאי משמש קפוא פילד,דה נייל אג'יפטיאן פו,PL,חצאי משמש קפוא פילד,גרמים,500.00,100 גרם,false,,11.90,2.3800,true,1,318751
7290019035091,false,רימון קפוא פילד גוד,דה נייל אג'יפטיאן פו,EG,רימון קפוא פילד גוד,גרמים,500.00,100 גרם,false,,6.90,1.3800,true,1,318931
7290019035220,false,תערובת פירות יער קפוא 600ג' פילד גוד,קונגלדוס אקיואטוריאנ,EC,מיקס פירות יער קפוא,גרמים,600.00,100 גרם,false,,29.90,4.9833,true,1,322480
7290019035237,false,שמן קנולה פילד גוד 1 ליטר,OJSC BOBRUISK FACTOR,BY,שמן קנולה פילד גוד 1,קילוגרמים,1.00,ליטר,false,,8.90,8.9000,true,1,319022
7290019035244,false,מיקס פירות בננה פסיפ,קונגלדוס אקיואטוריאנ,EC,מיקס פירות בננה פסיפ,גרמים,600.00,100 גרם,false,,29.90,4.9833,true,1,322481
7290019035251,false,מיקס פירות אננס בננה,קונגלדוס אקיואטוריאנ,EC,מיקס פירות אננס בננה,גרמים,600.00,100 גרם,false,,29.90,4.9833,true,1,322482
7290019056027,false,שוופס מוגז פירות תפוחים ללא סוכר 1.5 ליטר פיקדון,"יפאורה תבורי בע""\מ",IL,שוופס תפוח ללא סוכר,קילוגרמים,1.50,ליטר,false,,8.20,5.4667,true,1,319711
7290019056034,false,שוופס מוגז פירות אננס ללא סוכר 1.5 ליטר פיקדון,"יפאורה תבורי בע""מ",IL,שוופס אננס ללא סוכר,קילוגרמים,1.50,ליטר,false,,8.20,5.4667,true,1,319712
7290019056041,false,שוופס מוגז פירות לימונייד ללא סוכר 1.5 ליטר פיקדון,"יפאורה תבורי בע""מ",IL,שוופס פירות לימונייד,קילוגרמים,1.50,ליטר,false,,8.20,5.4667,true,1,319713
7290019056058,false,שוופס מוגז עדין תפוח ליים 1.5 ליטר פיקדון,"יפאורה תבורי בע""\מ",IL,שוופס מוגז עדין תפוח,קילוגרמים,1.50,ליטר,false,,8.50,5.6667,true,1,319690
7290019056065,false,שוופס מוגז עדין פירות יער 1.5 ליטר פיקדון,"יפאורה תבורי בע""\מ",IL,שוופס מוגז עדין פירו,קילוגרמים,1.50,ליטר,false,,8.50,5.6667,true,1,319691
7290019056072,false,שוופס מוגז עדין אננס 1.5 ליטר פיקדון,מיוצר עי קונדיטוריית,IL,שוופס מוגז עדין אננס,קילוגרמים,1.50,ליטר,false,,8.50,5.6667,true,1,319692
7290019056089,false,שוופס מוגז עדין ענבי ריזלינג 1.5 ליטר פיקדון,"יפאורה תבורי בע""\מ",IL,שוופס מוגז עדין ריזל,קילוגרמים,1.50,ליטר,false,,8.50,5.6667,true,1,319693
7290019056096,false,שוופס מוגז עדין אפרסק 1.5 ליטר פיקדון,"יפאורה תבורי בע""\מ",IL,שוופס מוגז עדין אפרס,קילוגרמים,1.50,ליטר,false,,8.50,5.6667,true,1,319694
7290019056164,false,שוופס סודה 1.5 ליטר רביעייה פיקדון,"יפאורה תבורי בע""\מ",IL,מארז שוופס סודה 4* 1,קילוגרמים,6.00,ליטר,false,,11.50,1.9167,true,1,319684
7290019056171,false,מארז רביעיית סודה בטעם לימון 1.5 ל' שוופס,"יפאורה תבורי בע""\מ",IL,מארז שוופס סודה לימו,קילוגרמים,6.00,ליטר,false,,11.50,1.9167,true,1,319685
7290019056188,false,שוופס סודה נענע ליים 1.5 ליטר רביעייה פיקדון,"יפאורה תבורי בע""\מ",IL,מארז שוופס סודה נענע,קילוגרמים,6.00,ליטר,false,,11.50,1.9167,true,1,319686
7290019056201,false,שוופס סודה פירות יער 1.5 ליטר רביעייה פיקדון,"יפאורה תבורי בע""\מ",IL,מארז שוופס סודה פירו,קילוגרמים,6.00,ליטר,false,,11.50,1.9167,true,1,319689
7290019056232,false,משקה מוגז בטעם ליים מוחיטו 1.5 ל' שוופס,"יפאורה תבורי בע""\מ",IL,שוופס מוחיטו ליים נע,קילוגרמים,1.50,ליטר,false,,8.90,5.9333,true,1,319695
7290019056249,false,שוופס מים בטעמים ענבים 1.5 ליטר פיקדון,מיוצר עי קונדיטוריית,IL,שוופס מים בטעם ענבים,קילוגרמים,1.50,ליטר,false,,7.80,5.2000,true,1,319680
7290019056256,false,שוופס מים בטעמים תפוחים 1.5 ליטר פיקדון,מיוצר עי קונדיטוריית,IL,שוופס מים בטעם תפוח,קילוגרמים,1.50,ליטר,false,,7.80,5.2000,true,1,319681
7290019056263,false,שוופס מים בטעמים אפרסק 1.5 ליטר פיקדון,מיוצר עי קונדיטוריית,IL,שוופס מים בטעם אפרסק,קילוגרמים,1.50,ליטר,false,,7.80,5.2000,true,1,319682
7290019056270,false,שוופס מים בטעמים פירות יער 1.5 ליטר פיקדון,"יפאורה תבורי בע""\מ",IL,שוופס מים בטעם פירות,קילוגרמים,1.50,ליטר,false,,7.80,5.2000,true,1,319683
7290019056300,false,משקה בטעם ביטר לימון 1.5 ל' שוויפס,"יפאורה תבורי בע""\מ",IL,שוופס ביטר 1.5 ליטר,קילוגרמים,1.50,ליטר,false,,11.90,7.9333,true,1,319714
7290019056317,false,שוופס ראשן 1.5 ליטר פיקדון,"יפאורה תבורי בע""\מ",IL,שוופס ראשן 1.5 ליטר,קילוגרמים,1.50,ליטר,false,,11.90,7.9333,true,1,319715
7290019056324,false,שוופס טוניק 1.5 ליטר פיקדון,"יפאורה תבורי בע""\מ",IL,שוופס טוניק 1.5 ליטר,קילוגרמים,1.50,ליטר,false,,11.90,7.9333,true,1,319716
7290019056331,false,משקה בטעם טוניק ללא סוכר 1.5 ל' שוופס,מיוצר עי קונדיטוריית,IL,שוופס טוניק ללא סוכר,קילוגרמים,1.50,ליטר,false,,11.90,7.9333,true,1,319717
7290019056355,false,תפוזינה לימונדה MIX לימונענע 1.5 ליטר,"יפאורה תבורי בע""\מ",IL,תפוזינה לימונענע 1.5,קילוגרמים,1.50,ליטר,false,,7.90,5.2667,true,1,319662
7290019056362,false,תפוזינה ענבים 1.5 ליטר פיקדון,"יפאורה תבורי בע""\מ",IL,תפוזינה ענבים 1.5 לי,קילוגרמים,1.50,ליטר,false,,7.90,5.2667,true,1,319663
7290019056379,false,תפוזינה תפוזים 1.5 ליטר פיקדון,"יפאורה תבורי בע""\מ",IL,תפוזינה תפוזים 1.5 ל,קילוגרמים,1.50,ליטר,false,,7.90,5.2667,true,1,319664
7290019056386,false,פתוזינה אשכולית 1.5 ליטר פיקדון,"יפאורה תבורי בע""\מ",IL,תפוזינה אשכוליות 1.5,קילוגרמים,1.50,ליטר,false,,7.90,5.2667,true,1,319665
7290019056393,false,תפוזינה תות בננה 1.5 ליטר פיקדון,"יפאורה תבורי בע""\מ",IL,תפוזינה תות בננה 1.5,קילוגרמים,1.50,ליטר,false,,7.90,5.2667,true,1,319666
7290019056409,false,תפוזינה מנגו 1.5 ליטר פיקדון,"יפאורה תבורי בע""\מ",IL,תפוזינה מנגו 1.5 ליט,קילוגרמים,1.50,ליטר,false,,7.90,5.2667,true,1,319667
7290019056416,false,מיץ בטעם לימונדה ורודה 1.5 ל' תפוזינה,"יפאורה תבורי בע""\מ",IL,תפוזינה לימונדה ורוד,קילוגרמים,1.50,ליטר,false,,7.90,5.2667,true,1,319668
7290019056423,false,מיץ בטעם תפוח רענן 1.5ל' תפוזינה,"יפאורה תבורי בע""\מ",IL,תפוזינה תפוחים 1.5 ל,קילוגרמים,1.50,ליטר,false,,7.90,5.2667,true,1,319669
7290019056430,false,תפוזינה תפוזים לייט 1.5 ליטר פיקדון,"יפאורה תבורי בע""\מ",IL,תפוזינה תפוזים לייט,קילוגרמים,1.50,ליטר,false,,7.90,5.2667,true,1,319670
7290019056461,false,מארז משקה בטעם קולה שישייה * 1.5 ל' אר.סי,"יפאורה תבורי בע""\מ",IL,מארז אר.סי קולה 6 *1,קילוגרמים,9.00,ליטר,false,,37.90,4.2111,true,1,319727
7290019056478,false,ספרינג טי קר אפרסק 1.5ליטר פיקדון,"יפאורה תבורי בע""\מ",IL,ספרינג תה אפרסק 1.5,קילוגרמים,1.50,ליטר,false,,7.20,4.8000,true,1,319672
7290019056485,false,ספריג תה ירוק לימון לואיזה 1.5 ליטר פיקדון,"יפאורה תבורי בע""\מ",IL,ספרינג תה ירוק לימון,קילוגרמים,1.50,ליטר,false,,7.20,4.8000,true,1,319673
7290019056492,false,ספרינג תה מנגו אפרסק 1.5 ליטר פיקדון,"יפאורה תבורי בע""\מ",IL,ספרינג תה מנגו אפרסק,קילוגרמים,1.50,ליטר,false,,7.20,4.8000,true,1,319674
7290019056508,false,fruit water פרוט ווטר ענבים 1.5 ליטר-,"יפאורה תבורי בע""\מ",IL,פרוט ווטר בטעם ענבים,קילוגרמים,1.50,ליטר,false,,8.90,5.9333,true,1,319675
7290019056515,false,fruit water פרוט ווטר אננס 1.5 ליטר-,"יפאורה תבורי בע""\מ",IL,פרוט ווטר בטעם אננס,קילוגרמים,1.50,ליטר,false,,8.90,5.9333,true,1,319677
7290019056522,false,מים בטעם תות 1.5 ל' פרוט וואטר,"יפאורה תבורי בע""\מ",IL,פרוט ווטר בטעם תות 1,קילוגרמים,1.50,ליטר,false,,8.90,5.9333,true,1,319678
7290019056539,false,פרוט ווטר אפרסק 1.5 ליטר פיקדון,"יפאורה תבורי בע""\מ",IL,פרוט ווטר בטעם אפרסק,קילוגרמים,1.50,ליטר,false,,8.90,5.9333,true,1,319679
7290019056546,false,fruit water פרוט ווטר אבטיח 1.5 ליטר-,"יפאורה תבורי בע""\מ",IL,פרוט ווטר בטעם אבטיח,קילוגרמים,1.50,ליטר,false,,8.90,5.9333,true,1,319858
7290019056553,false,שישיית מים מינרלים עין גדי 2 ליטר,עין גדי מים מינרליים,IL,מים עין גדי 6*2 ליטר,קילוגרמים,12.00,ליטר,false,,12.90,1.0750,true,1,319730
7290019056577,false,משקה קל מנגו ספרינג 1.5 ליטר,"יפאורה תבורי בע""\מ",IL,ספרינג מנגו 1.5 ליטר,קילוגרמים,1.50,ליטר,false,,7.90,5.2667,true,1,319638
7290019056584,false,משקה קל תפוזים ספרינג 1.5 ליטר,"יפאורה תבורי בע""\מ",IL,ספרינג תפוזים 1.5 לי,קילוגרמים,1.50,ליטר,false,,7.90,5.2667,true,1,319648
7290019056591,false,משקה קל ענבים ספרינג 1.5 ליטר,"יפאורה תבורי בע""\מ",IL,ספרינג ענבים 1.5 ליט,קילוגרמים,1.50,ליטר,false,,7.90,5.2667,true,1,319649
7290019056607,false,משקה קל תפוחים ספרינג 1.5 ליטר,"יפאורה תבורי בע""\מ",IL,ספרינג מיץ תפוחים 1.,קילוגרמים,1.50,ליטר,false,,7.90,5.2667,true,1,319650
7290019056614,false,משקה קל אפרסק ספרינג 1.5 ליטר,"יפאורה תבורי בע""\מ",IL,ספרינג אפרסק 1.5 ליט,קילוגרמים,1.50,ליטר,false,,7.90,5.2667,true,1,319651
7290019056621,false,משקה קל פירות טרופיים ספרינג 1.5 ליטר,"יפאורה תבורי בע""\מ",IL,ספרינג פירות טרופיים,קילוגרמים,1.50,ליטר,false,,7.90,5.2667,true,1,319652
7290019056638,false,משקה קל תות בננה ספרינג 1.5 ליטר,"יפאורה תבורי בע""\מ",IL,ספרינג תות-בננה 1.5,קילוגרמים,1.50,ליטר,false,,7.90,5.2667,true,1,319653
7290019056645,false,משקה קל אגס תפוח סברס ספרינג 1.5 ליטר,"יפאורה תבורי בע""\מ",IL,ספרינג אגס סברס תפוח,קילוגרמים,1.50,ליטר,false,,7.90,5.2667,true,1,319654
7290019056652,false,משקה קל אננס בננה ספרינג 1.5 ליטר,"יפאורה תבורי בע""\מ",IL,ספרינג אננס בננה 1.5,קילוגרמים,1.50,ליטר,false,,7.90,5.2667,true,1,319655
7290019056669,false,משקה קל תפוחים דיאט ספרינג 1.5 ליטר,"יפאורה תבורי בע""\מ",IL,ספרינג תפוחים לייט 1,קילוגרמים,1.50,ליטר,false,,7.90,5.2667,true,1,319656
7290019056676,false,משקה קל אשכולית אננס דיאט ספרינג 1.5 ליטר,"יפאורה תבורי בע""\מ",IL,ספרינג אשכוליות אננס,קילוגרמים,1.50,ליטר,false,,7.90,5.2667,true,1,319658
7290019056720,false,קריסטל מיץ ענבים 2 ליטר פיקדון,"יפאורה תבורי בע""\מ",IL,קריסטל ענבים 2 ליטר,קילוגרמים,2.00,ליטר,false,,6.90,3.4500,true,1,319718
7290019056737,false,מיץ בטעם אשכוליות 2 ל' קריסטל,"יפאורה תבורי בע""\מ",IL,קריסטל אשכוליות 2 לי,קילוגרמים,2.00,ליטר,false,,6.90,3.4500,true,1,319719
7290019056744,false,קריסטל מיץ תפוזים 2 ליטר פיקדון,"יפאורה תבורי בע""\מ",IL,קריסטל תפוזים 2 ליטר,קילוגרמים,2.00,ליטר,false,,6.90,3.4500,true,1,319720
7290019056751,false,קריסטל מיץ אשכוליות דיאט 2 ליטר פיקדון,"יפאורה תבורי בע""\מ",IL,קריסטל אשכוליות דיאט,קילוגרמים,2.00,ליטר,false,,6.90,3.4500,true,1,319721
7290019056768,false,קריסטל מיץ מנגו 2 ליטר פיקדון,"יפאורה תבורי בע""\מ",IL,קריסטל מנגו 2 ליטר,קילוגרמים,2.00,ליטר,false,,6.90,3.4500,true,1,319722
7290019056775,false,משקה מוגז בטעם ענבים 2 ל' קריסטל,"יפאורה תבורי בע""\מ",IL,קריסטל ענבים מוגז 2,קילוגרמים,2.00,ליטר,false,,6.90,3.4500,true,1,319723
7290019056782,false,משקה מוגז בטעם לימון ליים 2 ל' קריסטל,"יפאורה תבורי בע""\מ",IL,קריסטל למון ליים 2 ל,קילוגרמים,2.00,ליטר,false,,6.90,3.4500,true,1,319724
7290019056799,false,קריסטל מוגז אקזוטי 2 ליטר פיקדון,"יפאורה תבורי בע""\מ",IL,קריסטל אקזוטי מוגז 2,קילוגרמים,2.00,ליטר,false,,6.90,3.4500,true,1,319725
7290019056805,false,קריסטל מוגז תפוחים 2 ליטר פיקדון,"יפאורה תבורי בע""\מ",IL,קריסטל תפוע מוגז 2 ל,קילוגרמים,2.00,ליטר,false,,6.90,3.4500,true,1,319726
7290019056812,false,משקה מוגז בטעם מנטה 2 ל' קריסטל,"יפאורה תבורי בע""\מ",IL,קריסטל מנטה 2 ליטר,קילוגרמים,2.00,ליטר,false,,6.90,3.4500,true,1,319728
7290019056836,false,קריסטל מוגז תות 2 ליטר פיקדון,"יפאורה תבורי בע""\מ",IL,קריסטל תות מוגז 2 לי,קילוגרמים,2.00,ליטר,false,,6.90,3.4500,true,1,319729
7290019056850,false,ספרינג תה אפרסק דיאט 1.5 ליטר פיקדון,"יפאורה תבורי בע""\מ",IL,ספרינג תה דיאט אפרסק,קילוגרמים,1.50,ליטר,false,,7.20,4.8000,true,1,319676
7290019056959,false,מי-עדן מים מינרלים 1.5 ל,"מופק ממקור בזלתי עדן ,1",IL,מים מי עדן 1.5 ליטר,קילוגרמים,1.50,ליטר,false,,2.90,1.9333,true,1,320008
7290019056973,false,שישיית מי עדן 1.5 ליטר משפחתי,"מופק ממקור בזלתי עדן ,1",IL,מים מי עדן 6*1.5 ליט,קילוגרמים,9.00,ליטר,false,,13.90,1.5444,true,1,319731
7290019094203,false,חסה אייסברג 300 גר' הרב אפרתי,רביבים,IL,חסה אייסברג 300 גרם,גרמים,300.00,100 גרם,false,,12.90,4.3000,true,1,319860
7290019094210,false,כרוב לבן 400 גר' הרב אפרתי,רביבים,IL,כרוב לבן 400 גרם,גרמים,400.00,100 גרם,false,,11.90,2.9750,true,1,319859
7290019094227,false,כרוב אדום 400 גר' הרב אפרתי,רביבים,IL,כרוב אדום 400 גרם,גרמים,400.00,100 גרם,false,,11.90,2.9750,true,1,319861
7290019094234,false,קולסלאו 400 גר' הרב אפרתי,רביבים,IL,קולסלאו 400 גרם,גרמים,300.00,100 גרם,false,,11.90,3.9667,true,1,319862
7290019094241,false,לקט קלאסי 350 גר' הרב אפרתי,רביבים,IL,לקט 350 גרם,גרמים,350.00,100 גרם,false,,12.90,3.6857,true,1,319863
7290019094272,false,"כרוב לבן 1 ק""ג הרב אפרתי",רביבים,IL,"כרוב לבן 1 ק""ג",פריט,1.00,"ק""ג",false,,17.90,17.9000,true,1,319870
7290019094289,false,"כרוב אדום 1 ק""ג",רביבים,IL,"כרוב אדום 1 ק""ג",פריט,1.00,"ק""ג",false,,17.90,17.9000,true,1,319866
7290019094296,false,"קולסלאו 1 ק""ג",רביבים,IL,"קולסלאו 1 ק""ג",פריט,1.00,"ק""ג",false,,17.90,17.9000,true,1,319867
7290019094302,false,עלי חסה שטופים 200 גר' הרב אפרתי,רביבים,IL,עלי חסה שטופים,Unknown,0.00,יחידה,false,,13.90,0.0000,true,1,319871
7290019145462,false,"ארק סאלי אננס 750 מ""",,IL,"ארק סאלי אננס 750 מ""",מיליליטרים,750.00,"100 מ""ל",false,,29.90,3.9867,true,1,320702
7290019153023,false,אר.סי. קולה ללא סוכר 1.5 ל' מארז רביעייה,"יפאורה תבורי בע""\מ",IL,אר סי קולה ללא סוכר,קילוגרמים,6.00,ליטר,false,,24.90,4.1500,true,1,321196
7290019153078,false,"שוופס ביטר למון לייט, 1.5 ליטר פקדון","יפאורה תבורי בע""\מ",IL,שוופס ביטר למון לייט,קילוגרמים,1.50,ליטר,false,,11.90,7.9333,true,1,321194
7290019153085,false,שוופס מוגז ליים מוחיטו ללא סוכר 1.5 ליטר-,"יפאורה תבורי בע""\מ",IL,שוופס מוחיטו מוגז לל,קילוגרמים,1.50,ליטר,false,,8.20,5.4667,true,1,321195
7290019153252,false,שוופס סודה תפוח 1.5 ליטר רביעייה פיקדון,"יפאורה תבורי בע""\מ",IL,מארז שוופס סודה תפוח,קילוגרמים,6.00,ליטר,false,,11.50,1.9167,true,1,322492
7290019153269,false,שוופס סודה אננס 1.5 ליטר רביעייה פיקדון,"יפאורה תבורי בע""\מ",IL,מארז שוופס סודה אננס,קילוגרמים,6.00,ליטר,false,,11.50,1.9167,true,1,322493
7290019153344,false,מיץ בטעם סנגרייה 1.5 ל' תפוזינה,"יפאורה תבורי בע""\מ",IL,תפוזינה סנגרייה 1.5,קילוגרמים,1.50,ליטר,false,,7.90,5.2667,true,1,322767
7290019153351,false,מיץ בטעם פינק אוזו 1.5 ל' תפוזינה,"יפאורה תבורי בע""\מ",IL,תפוזינה פינק אוזו 1.,קילוגרמים,1.50,ליטר,false,,7.90,5.2667,true,1,322768
7290019153375,false,מיץ בטעם מוחיטו 1.5 ל' תפוזינה,"יפאורה תבורי בע""\מ",IL,תפוזינה מוחיטו 1.5 ל,קילוגרמים,1.50,ליטר,false,,7.90,5.2667,true,1,322769
7290019153535,false,"רביעיית שוופס מוגז פירות למונייד ללא סוכר 330 מ""ל פחיות",יפאורה תבורי,IL,מארז שוופס מוגז פירו,קילוגרמים,1.32,ליטר,false,,11.90,9.0152,true,1,323483
7290019232094,false,חליטת פירות וצמחים אפרסק הגן הקסום ויסוצקי 25 יחידות,תה ויסוצקי,IL,חליטת פירות וצמחים ב,גרמים,68.00,100 גרם,false,,17.50,25.7353,true,1,322919
7290019232148,false,חליטת חמדת השקד הגן,ויסוצקי,IL,חליטת חמדת השקד הגן,Unknown,0.00,יחידה,false,,21.90,0.0000,true,1,321565
7290019232162,false,"חליטת ""לילה טוב"" קמומיל מליסה 25 שקיקים ויסוצקי",תה ויסוצקי,IL,חליטת קמומיל ומליסה,Unknown,0.00,יחידה,false,,24.50,0.0000,true,1,324687
7290019232353,false,תה ירוק סיני 50 שקיקים ויסוצקי,תה ויסוצקי,IL,תה ירוק סיני קלאסי ו,גרמים,75.00,100 גרם,false,,41.90,55.8667,true,1,324197
7290019297161,false,טורטיה ראפ מקמח תירס שקדיה 450 גרם,דין שיווק,TR,טורטיות קמח חיטה ותי,גרמים,450.00,100 גרם,false,,9.90,2.2000,true,1,288793
7290019297192,false,חטיף גרנולה עם שקדים ושוקולד 175 גר',,MK,חטיפי גרנולה עם שקדי,גרמים,175.00,100 גרם,false,,9.90,5.6571,true,1,267300
7290019297208,false,חטיף גרנולה עם פירות יבשים (5 יחידות) 175 גר',,MK,חטיפי גרנולה עם פירו,גרמים,175.00,100 גרם,false,,9.90,5.6571,true,1,267301
7290019297383,false,מעדן משמש ללא סוכר שקדיה 284 ג',לינוי סיטי,CN,מעדן משמש שקדיה 284,גרמים,284.00,100 גרם,false,,9.90,3.4859,true,1,269529
7290019297413,false,מעדן אפרסק ללא סוכר שקדיה 284 ג',לינוי סיטי,CN,מעדן אפרסק שקדיה 284,גרמים,284.00,100 גרם,false,,9.90,3.4859,true,1,269530
7290019297420,false,מעדן תות שדה 100% רכיבי פרי 284 גר' ללא תוספת סוכר,לינוי סיטי,CN,מעדן תות שקדיה 284 ג,גרמים,284.00,100 גרם,false,,9.90,3.4859,true,1,269532
7290019297437,false,מעדן אוכמניות ללא סוכר שקדיה 284 ג',לינוי סיטי,CN,מעדן אוכמניות שקדיה,גרמים,284.00,100 גרם,false,,9.90,3.4859,true,1,269533
7290019297451,false,מי ורדים שקדיה 500 מ,אף.סי תבליני בגליל ב,BE,"מי ורדים 500 מ""ל",מיליליטרים,500.00,"100 מ""ל",false,,13.90,2.7800,true,1,267409
7290019297505,false,"רוטב רימונים שקדיה 700 מ""ל",קארל קיוחנה,TR,רוטב רימונים שקדיה 7,מיליליטרים,700.00,"100 מ""ל",false,,19.90,2.8429,true,1,267303
7290019297512,false,"רוטב רימונים שקדיה 340 מ""ל בדץ",סיטוגלוגידה,TR,רוטב רימונים שקדיה 3,מיליליטרים,340.00,"100 מ""ל",false,,9.90,2.9118,true,1,267302
7290019297796,false,עלי גפן ממולאים אורז400ג,.,,עלי גפן ממולאים באור,גרמים,400.00,100 גרם,false,,8.90,2.2250,true,1,295737
7290019302315,false,"ייו buzz אבטיח מלון 750 מ""ל",יקבי כרמל,IL,יין באז אבטיח מלון מ,מיליליטרים,750.00,"100 מ""ל",false,,26.90,3.5867,true,1,322747
7290019302551,false,מיץ ענבים תירוש אדום,יקבי כרמל,IL,מיץ ענבים תירוש אדום,קילוגרמים,1.00,ליטר,false,,11.90,11.9000,true,1,323804
7290019308126,false,פולי סויה אדממה פרוס,ווליאן פוליד פודס,CN,פולי סויה אדממה פרוס,גרמים,400.00,100 גרם,false,,6.90,1.7250,true,1,324180
7290019308157,false,קוביות מנגו קפוא פרו,גרין האוס,EG,קוביות מנגו קפוא פרו,גרמים,300.00,100 גרם,false,,5.90,1.9667,true,1,324704
7290019308188,false,ציפס קלאסי בסט צ'יפס,גרין האוס,EG,ציפס קלאסי בסט צ'יפס,פריט,1.50,"ק""ג",false,,18.90,12.6000,true,1,324313
7290055090849,false,מרשמלו כרמית 500 גרם,כרמית,IL,מרשמלו כרמית 500 גרם,גרמים,500.00,100 גרם,false,,13.90,2.7800,true,1,260303
7290100653586,false,"דאודורנט ג'ל פרש פיוזן 24/7 ליידי ספיד סטיק 65 מ""ל",ליידי ספיד סטיק Lady Speed Stick,BY,דאו גל ליידי ספיד סט,Unknown,0.00,יחידה,false,,18.90,0.0000,true,1,259986
7290100680650,false,מנה חמה נודלס-אטריות ירקות טעם תאילנדי אסם 76 ג',PUB FOODS PRESIDENT THAI,CN,מנה חמה נודלס תאילנד,גרמים,76.00,100 גרם,false,,4.90,6.4474,true,1,252389
7290100680667,false,מנה חמה נודלס-אטריות+ירקות טעם סצ'ואן,PUB FOODS PRESIDENT THAI,CN,מנה חמה נודלס סצואן,גרמים,77.00,100 גרם,false,,4.90,6.3636,true,1,252390
7290100680711,false,פירורית זהב אסם זהב 350ג',עינת תעשיות מזון אגו,IL,פירורית זהב אסם 350,גרמים,350.00,100 גרם,false,,6.90,1.9714,true,1,248298
7290100680728,false,פירורית רגילה שקית 350 גרם,מיוצר עי קונדיטוריית,IL,פירורית לבנה אסם 350,גרמים,350.00,100 גרם,false,,6.90,1.9714,true,1,248299
7290100681015,false,אינסטנט פודינג בטעם ריבת חלב אסם 84 גרם,מיוצר עי קונדיטוריית,IL,פודינג אינסטנט ריבת,גרמים,84.00,100 גרם,false,,4.90,5.8333,true,1,248300
7290100681138,false,מארז אפרופו חטיף תירס 3 יחידות,מיוצר עי קונדיטוריית,IL,מארז אפרופו 3*50 גרם,גרמים,150.00,100 גרם,false,,11.90,7.9333,true,1,251233
7290100685136,false,"אבקת מרק בטעם עוף אסם 1 ק""ג","אסם השקעות בע""\מ",IL,מרק בטעם עוף אסם 1 ק,פריט,1.00,"ק""ג",false,,12.90,12.9000,true,1,248314
7290100685334,false,אבקת מרק עוף אמיתי בשרי רכיבים טבעיים אסם 400 גרם,"אסם השקעות בע""\מ",IL,מרק עוף אמיתי ר.טבעי,גרמים,400.00,100 גרם,false,,19.90,4.9750,true,1,273768
7290100685341,false,אבקת מרק טעם עוף זך רכיבים טבעיים אסם 400 גרם,"אסם השקעות בע""\מ",IL,מרק בטעם עוף זך ר. ט,גרמים,400.00,100 גרם,false,,14.90,3.7250,true,1,248315
7290100687109,false,במבה במילוי קרם נוגט 60ג' אסם,"אסם השקעות בע""\מ",IL,במבה נוגט 60 גרם,גרמים,60.00,100 גרם,false,,4.50,7.5000,true,1,248321
7290100700396,false,"אורז יסמין קלאסי סוגת 1 ק""ג",האי נאם סי או אל.טי.,,"אורז יסמין סוגת 1 ק""",פריט,1.00,"ק""ג",false,,8.90,8.9000,true,1,253259
7290100702741,false,"סוכר חום בהיר בצנצנת סוגת 1 ק""ג",סוגת תעשיות בעמ,IL,סוכר חום בהיר סוגת 1,פריט,1.00,"ק""ג",false,,9.90,9.9000,true,1,264713
7290100850909,false,דוריטוס נאצ'ו מקסיקני 70 גרם,"שטראוס פריטו ליי בע""\מ",IL,דוריטוס נאצו מקסיקני,גרמים,70.00,100 גרם,false,,3.20,4.5714,true,1,248330
7290100850916,false,דוריטוס חמוץ חריף מעודן 70 גרם כשר לפסח,"שטראוס פריטו ליי בע""\מ )",IL,דוריטוס חמוץ חריף 70,גרמים,70.00,100 גרם,false,,3.20,4.5714,true,1,248331
7290100850923,false,דוריטוס בטעם גריל 70 גרם,"שטראוס פריטו ליי בע""\מ )",IL,דוריטוס גריל 70 גרם,גרמים,70.00,100 גרם,false,,3.20,4.5714,true,1,248332
7290100850930,false,דוריטוס בטעם טבעי 70 גרם,"שטראוס פריטו ליי בע""\מ )",IL,דוריטוס טבעי 70 גרם,גרמים,70.00,100 גרם,false,,3.20,4.5714,true,1,248333
7290100858608,false,אבקת קקאו עלית שקית 500 ג',שטראוס קפה בי.ויn\.,IL,קקאו עלית 500 גרם,גרמים,500.00,100 גרם,false,,21.90,4.3800,true,1,248340
7290100921401,false,"שמפו הוואי מועשר בקרטין 700מ""ל",טרופיקל דגיל,IL,שמפו הוואי קרטין 700,מיליליטרים,700.00,"100 מ""ל",false,,8.90,1.2714,true,1,265010
7290100921418,false,"הוואי - מרכך קרטין מחזק 700 מ""ל",תאי פרזידנט פוד פאבל,IL,מרכך הוואי קרטין 700,מיליליטרים,700.00,"100 מ""ל",false,,8.90,1.2714,true,1,265012
7290100922569,false,קרם לטיפוח עוד הידיים והגוף- מארז שלישייה,טרופיקל דגיל,IL,קרם ידיים ולווטה 3*1,מיליליטרים,300.00,"100 מ""ל",false,,14.90,4.9667,true,1,267186
7290101110811,false,מאגדת גלידל וניל מצופה סורבה פסיפלורה[8],הגלידות של פלדמן,IL,מאגדת גלידל שלגון ב,גרמים,400.00,100 גרם,false,,28.90,7.2250,true,1,324586
7290101112228,false,"שמיניית גלידל פרי אננס ""פלדמן""",הגלידות של פלדמן,IL,מאגדת גלידל פרי אננס,גרמים,640.00,100 גרם,false,,21.90,3.4219,true,1,312046
7290101112921,false,"גלידל פרי פירות טרופים לל""ס 8 יחידות",הגלידות של פלדמן,IL,מאגדת גלידל פרי פירו,גרמים,640.00,100 גרם,false,,21.90,3.4219,true,1,312053
7290101113157,false,מאגדת גלידל וניל עוגיות פלדמן 6 יחידות,"פלקו בע""\מ, חברה ישראלית",IL,מאגדת גלידל וניל עוג,גרמים,312.00,100 גרם,false,,22.90,7.3397,true,1,312043
7290101113430,false,מאגדת גלידל סירופ שוקולד פלדמן 6 יחידות,"פלקו בע""\מ, חברה ישראלית",IL,מאגדת גלידל ריפל שוק,גרמים,312.00,100 גרם,false,,21.90,7.0192,true,1,317597
7290101113447,false,עשירייה גלידל מיני קסטה בטעמי שוקו ווניל 270 ג' פלדמן,הגלידות של פלדמן,IL,מאגדת גלידל מיני סנד,גרמים,270.00,100 גרם,false,,28.90,10.7037,true,1,324582
7290101113454,false,מאגדת גלידל יוגורט אפרסק 8 יח 480 גרם,הגלידות של פלדמן,IL,מאגדת גלידל שלגון י,גרמים,480.00,100 גרם,false,,28.90,6.0208,true,1,324587
7290101113584,false,מאגדת טילונים שוקולד לבן עם ליבת שוקולד יולו 5 יח',הגלידות של פלדמן,IL,טילוני יולו לבן עם ל,גרמים,400.00,100 גרם,false,,19.90,4.9750,true,1,317601
7290101113751,false,מאגדת שלגון קרמל ושוקולד בלונדי רביעיה * 50 ג' יולו,הגלידות של פלדמן,IL,מאגדת שלגוני יולו בל,גרמים,200.00,100 גרם,false,,18.90,9.4500,true,1,324574
7290101113768,false,מאגדת שלגון עוגיות ושוקולד חלב רביעיה * 50 ג' יולו,הגלידות של פלדמן,IL,מאגדת שלגוני יולו שו,גרמים,200.00,100 גרם,false,,18.90,9.4500,true,1,324588
7290101113805,false,מאגדת (5) יופלה שייק פרי תות 70 אחוז פרי 350 גרם,הגלידות של פלדמן,IL,מאגדת יופלה שרבט תות,גרמים,350.00,100 גרם,false,,19.90,5.6857,true,1,324578
7290101113904,false,מארז מנבו וניל 12 יח' פלדמן,הגלידות של פלדמן,IL,מנבו בטעם וניל 12 יח,גרמים,288.00,100 גרם,false,,19.90,6.9097,true,1,324556
7290101113911,false,מארז מנבו מוקה 12 יח' פלדמן,הגלידות של פלדמן,IL,מנבו בטעם מוקה 12 יח,גרמים,288.00,100 גרם,false,,19.90,6.9097,true,1,324557
7290101488286,false,"ליידי ספיד סטיק - דאודורנט ספריי לאישה 24/7 פרש פיוזן ורוד 150 מ""ל",ליידי ספיד סטיק Lady Speed Stick,,דאו ספריי ליידי ספיד,מיליליטרים,150.00,"100 מ""ל",false,,13.90,9.2667,true,1,254860
7290101488323,false,ליידי ספיד סטיק - דאודורנט סטיק לאישה ללא סימן ירוק סטיק 65 גרם,ליידי ספיד סטיק Lady Speed Stick,BY,דאו ליידי ספיד סטיק,Unknown,0.00,יחידה,false,,18.90,0.0000,true,1,254865
7290101551027,false,קפסולות קפה אספרסו חזק במיוחד 14 עלית 10 יח',הנסיך- מפעל לייצור ט,IL,קפסולות עלית 14 חזק,Unknown,0.00,יחידה,false,,15.50,0.0000,true,1,304171
7290101551263,false,סילאן טבעי 700 גרם יד מרדכי,מכוורת יד מרדכי,IL,סילאן טבעי יד מרדכי,גרמים,700.00,100 גרם,false,,19.90,2.8429,true,1,307752
7290101551539,false,יוגורט PRO בטעם אפרסק 0% 20 גרם חלבון בגביע,"שטראוס בריאות בע""מ",IL,דנונה פרו אפרסק 0% 2,גרמים,200.00,100 גרם,false,,5.90,2.9500,true,1,303059
7290101551584,false,תפוצ'יפס קידס מארז 10 יח' * 20 ג',"שטראוס פריטו ליי בע""מ )פ",IL,מארז תפוציפס קידס 10,גרמים,200.00,100 גרם,false,,12.90,6.4500,true,1,303280
7290101554233,false,מארז ציטוס כאפה 16*2,שטראוס,IL,מארז ציטוס כאפה 16*2,גרמים,320.00,100 גרם,false,,17.90,5.5937,true,1,302722
7290101863410,false,"סיליט באנג ספריי ניקוי עוצמתי מכיל אקונומיקה 750 מ""ל",סיליט באנג Cillit Bang,PL,תרסיס סיליט באנג עם,מיליליטרים,750.00,"100 מ""ל",false,,12.50,1.6667,true,1,289729
7290101865216,false,"אבקת כביסה קולון 9 ק""ג",רקיט בנקיזר,IL,"אבקת קולון 9 ק""ג",פריט,9.00,"ק""ג",false,,59.90,6.6556,true,1,285817
7290101865261,false,"נוזל הברקה למדיח פיניש 800 מ""ל",רקיט בנקיזר,PL,נוזל הברקה פיניש 800,מיליליטרים,800.00,"100 מ""ל",false,,19.90,2.4875,true,1,254307
7290101866633,false,וניש קליה גל להסרת כתמים 3 ליטר אוקסיפרש,קליה וניש Kalia Vanish,IL,גל וניש קליה 3 ליטר,קילוגרמים,3.00,ליטר,false,,28.90,9.6333,true,1,263687
7290101866787,false,וניש קליה נוזל מסיר כתמים לכביסה לבנה 3 ליטר,קליה וניש Kalia Vanish,PL,גל וניש קליה כביסה ל,קילוגרמים,3.00,ליטר,false,,28.90,9.6333,true,1,263689
7290101867623,false,תרסיס וינדולין חלונו,,,תרסיס וינדולין חלונו,קילוגרמים,2.25,ליטר,false,,24.90,11.0667,true,1,256675
7290101868460,false,"אבקת כביסה 101 8 ק""ג קולון",רקיט בנקיזר,IL,אבקת קולון 8 קג,פריט,8.00,"ק""ג",false,,54.90,6.8625,true,1,299692
7290101868958,false,פיניש נוזל הברקה למדיח בניחוח לימון,רקיט בנקיזר,PL,נוזל הברקה פיניש לימ,מיליליטרים,800.00,"100 מ""ל",false,,19.90,2.4875,true,1,275939
7290101869726,false,ג'ל מרוכז למדיח הכל ב-1 פיניש 1 ליטר,רקיט בנקיזר,PL,גל למדיח פיניש 1 ליט,קילוגרמים,1.00,ליטר,false,,34.90,34.9000,true,1,287580
7290101869733,false,פיניש ג'ל למדיח כלים בניחוח לימון 1 ליטר ALL IN 1,רקיט בנקיזר,PL,גל למדיח פיניש לימון,קילוגרמים,1.00,ליטר,false,,34.90,34.9000,true,1,287581
7290101869757,false,מבשם אויר מכשיר אוטמטי חלום אואזיס,רקיט בנקיזר,PL,מבשם אוטומטי אירוויק,Unknown,0.00,יחידה,false,,43.90,0.0000,true,1,292713
7290101869764,false,אירוויק מכשיר אוטומט+מילוי בניחוח חלום ליל קיץ,רקיט בנקיזר,PL,מבשם אוטומטי אירוויק,Unknown,0.00,יחידה,false,,43.90,0.0000,true,1,292712
7290101869818,false,"אירוויק מכשיר חשמלי+מילוי בניחוח חלום ליל קיץ 19 מ""ל",איירוויק Air Wick,GB,מטהר חשמלי אירוויק +,Unknown,0.00,יחידה,false,,19.90,0.0000,true,1,311335
7290101869825,false,"אירוויק מילוי למכשיר חשמלי בניחוח אואזיס 19 מ""ל",איירוויק Air Wick,PL,מילוי מבשם חשמלי איר,Unknown,0.00,יחידה,false,,15.90,0.0000,true,1,311328
7290101869832,false,"אירוויק מילוי מבשם אויר חשמלי חלום ליל קיץ 19 מ""ל",איירוויק Air Wick,PL,מילוי מבשם חשמלי איר,Unknown,0.00,יחידה,false,,15.90,0.0000,true,1,311329
7290102030330,false,תפוצ'יפס קראנצ' בטעם מקסיקני 200 גרם,"שטראוס פריטו ליי בע""\מ )",IL,תפוציפס קראנצ מקסיקנ,גרמים,200.00,100 גרם,false,,9.90,4.9500,true,1,248342
7290102032334,false,אבקה להכנת משקה קפה בטעם וניל,שטראוס קפה בי.וי,IL,קפה נמס וניל 200 גרם,גרמים,200.00,100 גרם,false,,19.90,9.9500,true,1,248346
7290102060764,false,מרידול מברשת שיניים אריזת זוג,יבואן ומשווק: ש. שסט,,מברשת מרידול 2 יח,Unknown,0.00,יחידה,false,,33.90,0.0000,true,1,304595
7290102060979,false,"אלמקס משחת שיניים למניעת עששת 100מ""ל",יבואן ומשווק: ש. שסט,,"משחת אלמקס 100 מ""ל",מיליליטרים,100.00,"100 מ""ל",false,,17.90,17.9000,true,1,251243
7290102062195,false,"משחת שיניים לילדים לגילאי 6-12 אלמקס 75 מ""ל",יבואן ומשווק: ש. שסט,,משחת אלמקס גוניור 75,גרמים,75.00,100 גרם,false,,9.90,13.2000,true,1,261403
7290102390427,false,יוגורט ביו עם קציפת תות 3% שומן 150 ג' מולר,מולר Muller,IL,מולר פרופ תות 150 גר,מיליליטרים,150.00,"100 מ""ל",false,,4.80,3.2000,true,1,248351
7290102390465,false,יוגורט ביו עם קציפת אפרסק ופסיפלורה 3% שומן 150 ג' מולר,מולר Muller,IL,מולר פרופ אפרסק ופסי,מיליליטרים,150.00,"100 מ""ל",false,,4.80,3.2000,true,1,248352
7290102390489,false,יוגורט ביו עם קציפת לימון 3% שומן 150 ג' מולר,מולר Muller,IL,מולר פרופ לימון 150,מיליליטרים,150.00,"100 מ""ל",false,,4.80,3.2000,true,1,248353
7290102391844,false,יוגורט ביו עם קציפת פירות יער3% שומן 150 ג' מולר,מולר Muller,IL,מולר פרופ פירות יער,מיליליטרים,150.00,"100 מ""ל",false,,4.80,3.2000,true,1,249750
7290102392049,false,גבינה לאפיה תבור ללא תוספת מלח 5% משק צוריאל 500 גרם,מחלבת משק צוריאל,IL,גבינת תבור 5% צוריאל,גרמים,500.00,100 גרם,false,,22.90,4.5800,true,1,251023
7290102392094,false,חלב עיזים 3.7% בקרטון משק צוריאל 1 ליטר,מחלבת משק צוריאל,IL,חלב עיזים צוריאל 1 ל,גרמים,250.00,100 גרם,false,,14.90,5.9600,true,1,250097
7290102392254,false,"חלב בקרטון 1% 2 ליטר בד""צ - מוצר בפיקוח",מילקו תעשיות בעמ,IL,חלב 1% טרה 2 ליטר,קילוגרמים,2.00,ליטר,false,,11.60,5.8000,true,1,251281
7290102393039,false,"יוגורט ביו קרמי מיקס פצפוצי שוקולד 7.6% מולר 170 מ""ל",קריות זול,IL,מולר מיקס פצפוצי שוק,מיליליטרים,150.00,"100 מ""ל",false,,5.60,3.7333,true,1,251648
7290102393060,false,"יוגורט ביו קרמי מיקס גלילי ופל ואגוזים 5.9% מולר 170 מ""ל",קריות זול,IL,מולר מיקס גלילות 170,מיליליטרים,150.00,"100 מ""ל",false,,5.60,3.7333,true,1,251646
7290102393169,false,"יוגורט סימפלי פרוט בטעם תות 3% מולר 150 מ""ל",מולר Muller,IL,מולר סימפלי תות 150,גרמים,150.00,100 גרם,false,,4.80,3.2000,true,1,252574
7290102393176,false,סימפלי פרוט יוגורט אפרסק 3% שומן 150 ג' מולר,מילקו תעשיות בעמ,IL,מולר סימפלי אפרסק 15,גרמים,150.00,100 גרם,false,,4.80,3.2000,true,1,252575
7290102393190,false,"יוגורט סימפלי פרוט בטעם פירות יער 3% מולר 150 מ""ל",מילקו תעשיות בעמ,IL,מולר סימפלי פירות יע,גרמים,150.00,100 גרם,false,,4.80,3.2000,true,1,252576
7290102393268,false,"גבינה לבנה 5% שומן, רכיבים טבעיים 750 גרם",הפריט בפיקוח,IL,גבינה 5% טרה 750 גרם,גרמים,750.00,100 גרם,false,,14.50,1.9333,true,1,251798
7290102393947,false,סימפלי פרוט יוגורט בטעם קיווי 3% שומן 150 ג' מולר,מילקו תעשיות בעמ,IL,מולר סימפלי קיווי 15,גרמים,150.00,100 גרם,false,,4.80,3.2000,true,1,253736
7290102394258,false,גליל גבינת עיזים מה עז 9% משק צוריאל 180 גרם,מחלבת משק צוריאל,IL,גבינה מה עז 9% צוריא,גרמים,180.00,100 גרם,false,,22.40,12.4444,true,1,265627
7290102394463,false,נעם גבינה צהובה פרוסה ואקום 28% טרה 500 גרם,Unknown,IL,גבינה נעם 28% 500 גר,גרמים,500.00,100 גרם,false,,23.90,4.7800,true,1,260044
7290102394821,false,נעם גבינה צהובה פרוסה 28% טרה 200 גרם,מילקו תעשיות בעמ,IL,פרוסות גבינה נעם קלא,גרמים,200.00,100 גרם,false,,15.20,7.6000,true,1,256190
7290102394845,false,נעם גבינה צהובה לייט פרוסה דק דק 9% טרה 200 גרם,מילקו תעשיות בעמ,IL,פרוסות גבינה נעם 9%,גרמים,200.00,100 גרם,false,,16.90,8.4500,true,1,256110
7290102395217,false,מאגדת שמיניה מולר במתיקות מעודנת 1.2% 8*150 ג',מולר Muller,IL,מארז מולר ביאנקו במת,קילוגרמים,1.20,ליטר,false,,17.90,14.9167,true,1,258195
7290102395224,false,שמיניית יוגורט ביו ביאנקו 1.7% מולר 150 גרם,מולר Muller,IL,מארז מולר נטורל 1.7%,קילוגרמים,1.20,ליטר,false,,16.30,13.5833,true,1,257824
7290102395231,false,שמיניית יוגורט ביו ביאנקו 2.8% מולר 150 גרם,מולר Muller,IL,מארז מולר נטורל 2.8%,קילוגרמים,1.20,ליטר,false,,16.30,13.5833,true,1,257825
7290102395262,false,מארז 8 גביעים יוגורט בטעם תות שדה ואפרסק 3% Simply Fruit,מולר Muller,IL,מארז מולר סימפלי תות,קילוגרמים,1.20,ליטר,false,,28.90,24.0833,true,1,258622
7290102395347,false,"יוגורט 6% בכד 3 ק""ג רבנות",טרה,IL,משקה יוגורט 6% טרה 3,קילוגרמים,3.00,ליטר,false,,27.90,9.3000,true,1,296206
7290102395439,false,מארז 8 גביעים יוגורט בטעם פירות יער וקיווי 3% Simply Fruit,מילקו תעשיות בעמ,,מארז מולר סימפלי פיר,קילוגרמים,1.20,ליטר,false,,28.90,24.0833,true,1,258621
7290102395446,false,מעדן חלב בטעם וניל עם קצפת 123 ג' טרה,Unknown,IL,מעדן מוו וניל עם קצפ,גרמים,123.00,100 גרם,false,,2.90,2.3577,true,1,258303
7290102395477,false,מעדן חלב בטעם שוקולד עם קצפת 123 ג' טרה,Unknown,IL,מעדן מוו שוקולד עם ק,גרמים,123.00,100 גרם,false,,2.90,2.3577,true,1,258301
7290102395521,false,"שמנת לבישול 15% שומן 500 מ""ל טרה",מילקו תעשיות בעמ,IL,שמנת לבישול 15% טרה,מיליליטרים,500.00,"100 מ""ל",false,,15.90,3.1800,true,1,264712
7290102396399,false,מארז 8 יחידות מעדן חלב בטעם שוקולד 1.5%,Unknown,IL,מארז מעדן מוו שוקולד,גרמים,800.00,100 גרם,false,,12.90,1.6125,true,1,265966
7290102396405,false,שמיניית מעדן וניל מוו 1.5% טרה 100 גרם,Unknown,IL,מארז מעדן מוו וניל 8,גרמים,800.00,100 גרם,false,,12.90,1.6125,true,1,265967
7290102396580,false,מעדן מוו שוקולד ומוס שוקולד טרה 118 גרם,טרה,IL,מעדן מוו מוס שוקו 11,גרמים,123.00,100 גרם,false,,2.90,2.3577,true,1,265964
7290102396597,false,מעדן מוו וניל ומוס שוקולד טרה 118 גרם,טרה,IL,מעדן מוו מוס שוקו ונ,גרמים,123.00,100 גרם,false,,2.90,2.3577,true,1,265965
7290102396665,false,נעם גבינה צהובה דק דק 15% טרה 200 גרם,מילקו תעשיות בעמ,IL,פרוסות גבינה נעם 15%,גרמים,200.00,100 גרם,false,,15.20,7.6000,true,1,288476
7290102396719,false,יוגורט סימפלי תות 0% מולר 150 גרם,מולר Muller,IL,מולר סימפלי תות 0% 1,גרמים,150.00,100 גרם,false,,4.80,3.2000,true,1,267829
7290102396740,false,מארז 8 גביעים יוגורט בטעם תות שדה ואפרסק 0% Simply Fruit,מילקו תעשיות בעמ,IL,מארז מולר סימפלי תות,קילוגרמים,1.20,ליטר,false,,28.90,24.0833,true,1,267832
7290102397075,false,יוגורט בקרטון 4% שומן 1.5ל' טרה,טרה,IL,משקה יוגורט 4% טרה 1,פריט,1.50,"ק""ג",false,,12.90,8.6000,true,1,276156
7290102397204,false,"גבנ""צ דק דק נעם פתיחה חוזרת 22% 200 גרם",מילקו תעשיות בעמ,IL,פרוסות גבינה נעם 22%,גרמים,200.00,100 גרם,false,,15.20,7.6000,true,1,288475
7290102397310,false,מעדן מיני בטעם שוקולד קצפת מוו מאגדת 8 יח' * 70 ג',מילקו תעשיות בעמ,IL,מארז מעדן מוו שוקולד,גרמים,560.00,100 גרם,false,,11.90,2.1250,true,1,291013
7290102397334,false,גבינה בולגרית גלילית 5% משק צוריאל 250 גרם,מחלבת משק צוריאל,IL,גבינה בולגרית 5% צור,גרמים,250.00,100 גרם,false,,19.90,7.9600,true,1,290483
7290102397464,false,יוגורט ביו בתוספת גרעינים אגוזים וחמוציות 170 ג' מולר,מולר Muller,IL,מולר נטורל עם פיצוחי,מיליליטרים,150.00,"100 מ""ל",false,,5.60,3.7333,true,1,296211
7290102397600,false,מיקס יוגורט בתוספת שקדים ובוטנים מקורמלים 170 ג' מולר,מילקו תעשייה בעמ,IL,מולר מיקס שקדים ובוט,מיליליטרים,150.00,"100 מ""ל",false,,5.60,3.7333,true,1,292085
7290102397617,false,יוגורט ביו קרמי עם כדורים מצופים שוקולד חום לבן,מולר Muller,IL,מולר מיקס קליק כדורי,מיליליטרים,150.00,"100 מ""ל",false,,5.60,3.7333,true,1,292084
7290102397679,false,קוטג' וחצי טרה 5% מרכיבים טבעיים,מילקו,IL,קוטג 5% טרה 375 גרם,גרמים,375.00,100 גרם,false,,7.90,2.1067,true,1,295388
7290102397730,false,פרוסות גבינה אמנטל חצי קשה 30% שומן 200 ג' נעם,Unknown,IL,גבינה נעם אמנטל 30%,גרמים,200.00,100 גרם,false,,14.90,7.4500,true,1,297238
7290102397747,false,פרוסות גבינת מוצרלה נעם מחלב בקר 22%,טרה,IL,גבינה נעם מוצרלה פרו,גרמים,200.00,100 גרם,false,,15.90,7.9500,true,1,299624
7290102397891,false,גבינה מותכת משק צוריאל 100 גרם,משק צוריאל,IL,גבינה מותכת צוריאל 1,גרמים,100.00,100 גרם,false,,6.90,6.9000,true,1,296208
7290102398065,false,חלב טרה בקרטון 2 ליטר מהדרין 3% - מוצר בפיקוח,הפריט בפיקוח,IL,חלב 3% טרה 2 ליטר וס,קילוגרמים,2.00,ליטר,false,,12.30,6.1500,true,1,297705
7290102398478,false,לאבנה 9% שומן 500 ג' טרה,טרה,IL,לאבנה 9% טרה 500 גרם,גרמים,500.00,100 גרם,false,,16.90,3.3800,true,1,302762
7290102398560,false,שוקו טרה מועשר בבקבוק 1 ליטר,מילקו תעשיות בעמ,IL,משקה שוקו טרה 1 ליטר,קילוגרמים,1.00,ליטר,false,,10.90,10.9000,true,1,302828
7290102398577,false,משקה חלב בטעם שוקו 2% בבקבוק אישי,מילקו תעשיות בעמ,IL,שוקו מועשר טרה 250 מ,מיליליטרים,250.00,"100 מ""ל",false,,4.90,1.9600,true,1,322546
7290102398614,false,משקה חלב בטעם בננה 1 ליטר טרה,מילקו תעשיות בעמ,IL,משקה בננה טרה 1 ליטר,קילוגרמים,1.00,ליטר,false,,10.90,10.9000,true,1,302829
7290102398638,false,משקה חלב בטעם מוקה טרה 1 ליטר,מילקו תעשיות בעמ,IL,משקה מוקה טרה 1 ליטר,קילוגרמים,1.00,ליטר,false,,10.90,10.9000,true,1,302830
7290102398669,false,משקה חלב אייס קפוצ'ינו טרה 1 ליטר,מילקו תעשיות בעמ,IL,משקה אייס קפוצ'ינו ט,קילוגרמים,1.00,ליטר,false,,10.90,10.9000,true,1,311800
7290102398782,false,משקה סויה קלאסי משק צוריאל 1 ליטר,מחלבת משק צוריאל,IT,משקה סויה צוריאל 1 ל,קילוגרמים,1.00,ליטר,false,,9.90,9.9000,true,1,309952
7290102398799,false,משקה סויה במתיקות מופחתת משק צוריאל 1 ליטר,מחלבת משק צוריאל,IT,משקה סויה במתיקות מו,קילוגרמים,1.00,ליטר,false,,9.90,9.9000,true,1,309953
7290102398805,false,משקה סויה בטעם וניל משק צוריאל 1 ליטר,מחלבת משק צוריאל,IT,משקה סויה וניל צוריא,קילוגרמים,1.00,ליטר,false,,9.90,9.9000,true,1,309955
7290102398836,false,משקה שקדים קלאסי 1 ליטר משק צוריאל,מחלבת משק צוריאל,IT,משקה שקדים צוריאל 1,קילוגרמים,1.00,ליטר,false,,11.90,11.9000,true,1,309954
7290102399048,false,פרוסות גבינת קשקבל נעם 200 ג' טרה,מילקו,IL,גבינה נעם קשקבל 200,גרמים,200.00,100 גרם,false,,18.90,9.4500,true,1,305973
7290102399802,false,יוגורט עם תות מולר אקטיב מועשר בחלבון 200 גר',מולר Muller,IL,מולר אקטיב תות 20 גר,גרמים,200.00,100 גרם,false,,5.50,2.7500,true,1,311968
7290102399819,false,יוגורט עם פירות יער מולר אקטיב מועשר בחלבון 200 גר',מולר Muller,IL,מולר אקטיב פירות יער,גרמים,200.00,100 גרם,false,,5.50,2.7500,true,1,311969
7290102399857,false,מולר אקטיב לייט 20 גרם חלבון 0% שומן עם תות 200 גרם,מולר Muller,IL,מולר אקטיב תות לייט,גרמים,200.00,100 גרם,false,,5.50,2.7500,true,1,311974
7290103120658,false,דאודורנט ספיד סטיק גל שחור 85 גרם,הנסיך- מפעל לייצור ט,BY,דאו גל ספיד סטיק קול,גרמים,85.00,100 גרם,false,,18.90,22.2353,true,1,254867
7290103124588,false,"סבון נוזלי ארומה בניחוח לבנדר פטצ'ולי פלמוליב 750 מ""ל",הנסיך- מפעל לייצור ט,TR,ג'ל רחצה פלמוליב ארו,מיליליטרים,750.00,"100 מ""ל",false,,19.50,2.6000,true,1,254896
7290103124601,false,"תחליב רחצה נוזל חלב ודבש משאבה 750מ""ל פלמוליב",הנסיך- מפעל לייצור ט,TR,תחליב פלמוליב חלב וד,מיליליטרים,750.00,"100 מ""ל",false,,19.50,2.6000,true,1,254895
7290103126797,false,"משחת שיניים סנסטיב פרו ריליף קולגייט 75 מ""ל",הנסיך- מפעל לייצור ט,,משחת קולגייט סנסטיב,מיליליטרים,75.00,"100 מ""ל",false,,17.90,23.8667,true,1,310245
7290103129378,false,ספיד סטיק - דאודורנט ג'ל לגבר איקס 5 85 גרם,הנסיך- מפעל לייצור ט,BY,דאו גל ספיד סטיק איק,Unknown,0.00,יחידה,false,,17.90,0.0000,true,1,302509
7290103153779,false,מכסים לתבניות גדולות,אופל אריזות בעמ,IL,מכסים לתבניות גדולות,Unknown,0.00,יחידה,false,,5.90,0.0000,true,1,254524
7290103153786,false,מכסים לתבניות בינוני,אופל אריזות בעמ,IL,מכסים לתבניות בינוני,Unknown,0.00,יחידה,false,,5.90,0.0000,true,1,254525
7290103153793,false,מכסים לתבניות קטנות,אופל אריזות בעמ,IL,מכסים לתבניות קטנות,Unknown,0.00,יחידה,false,,5.90,0.0000,true,1,254526
7290103153823,false,צלחות קטנות נעימות ז,ב פ תעשיות,IL,צלחות קטנות נעימות ז,Unknown,0.00,יחידה,false,,29.90,0.0000,true,1,255339
7290103153830,false,צלחות גדולות נעימות,ב פ תעשיות,IL,צלחות גדולות נעימות,Unknown,0.00,יחידה,false,,49.90,0.0000,true,1,255336
7290103153847,false,צלחות מרק נעימות זהב,ב פ תעשיות,IL,צלחות מרק נעימות זהב,Unknown,0.00,יחידה,false,,32.90,0.0000,true,1,255342
7290103154479,false,צלחות גדולות קשת 105,פאלאס,CN,צלחות גדולות קשת 105,Unknown,0.00,יחידה,false,,37.90,0.0000,true,1,258208
7290103154486,false,צלחות מרק קשת 125 יח,פאלאס,CN,צלחות מרק קשת 125 יח,Unknown,0.00,יחידה,false,,37.90,0.0000,true,1,258209
7290103155087,false,שקיות אשפה 75/90 גופייה בורדו שחור לפיד 35 יחידות,רווח,CN,שקיות אשפה עם ידיות,Unknown,0.00,יחידה,false,,29.90,0.0000,true,1,261628
7290103155582,false,מכסים לתבנית בינוני,אופל אריזות בעמ,IL,מכסים לתבנית בינוני,Unknown,0.00,יחידה,false,,5.90,0.0000,true,1,262563
7290103156138,false,מפת אלבד מדוגם גליל,דיספובד,IL,מפת אלבד מדוגם גליל,Unknown,0.00,יחידה,false,,29.90,0.0000,true,1,262714
7290103156473,false,כפיות חד פעמי 100 יח,mazlum,TR,כפיות חד פעמי 100 יח,Unknown,0.00,יחידה,false,,6.90,0.0000,true,1,266508
7290103156480,false,מזלג לבן 100 יחי לפי,mazlum,TR,מזלגות חד פעמי 100 י,Unknown,0.00,יחידה,false,,6.90,0.0000,true,1,266505
7290103156930,false,כוסות יהלום חד פעמי,LARIPLAST,IL,כוסות יהלום 40 יח,Unknown,0.00,יחידה,false,,10.90,0.0000,true,1,269167
7290103157104,false,מפת אלבד צבעוני 4 יח,פאלאס,CN,מפת אלבד צבעוני 4 יח,Unknown,0.00,יחידה,false,,11.90,0.0000,true,1,293305
7290103157111,false,מפת אלבד גליל 1.2*20,דיספובד,IL,מפת אלבד גליל 1.2*20,Unknown,0.00,יחידה,false,,29.90,0.0000,true,1,294328
7290103401429,false,קפה קצב ברזילאי אוריגינס 200 גר,הנסיך- מפעל לייצור ט,IL,קפה פלטינום ברזילאי,גרמים,200.00,100 גרם,false,,24.90,12.4500,true,1,249924
7290103702526,false,ממחטות טאצ' בקופסא 100יח,סאסאטק,IL,ממחטות בקופסא טאצ' 1,Unknown,0.00,יחידה,false,,4.90,0.0000,true,1,324612
7290103702649,false,מארז חמישייה מגבוני טישו דו שכבתי,שניב,IL,טישו עדן 5*100 יח,Unknown,500.00,יחידה,false,,6.90,0.0138,true,1,310342
7290103703615,false,נייר טואלט עדן 30 גלילים,שניב תעשיות נייר,IL,נייר טואלט עדן 30 גל,מטרים,495.00,מטר,false,,16.90,0.0341,true,1,302820
7290103704216,false,מגבות נייר קשת 16 יח,שניב תעשיות נייר,IL,מגבות נייר קשת 16 יח,Unknown,0.00,יחידה,false,,19.90,0.0000,true,1,315476
7290103722005,false,נייר טואלט לאבלי 32 ג' לבן-מרכז,,,נייר טואלט לאבלי לבן,מטרים,573.50,מטר,false,,26.90,0.0469,true,1,251894
7290104061417,false,סלט חומוס עם טחינה אחלה 400 גרם,"שטראוס גרופ בע""\מ",IL,חומוס עם טחינה אחלה,גרמים,400.00,100 גרם,false,,9.90,2.4750,true,1,250435
7290104061424,false,סלט חומוס עם זעתר אחלה 400 גרם,מיוצר עי קונדיטוריית,IL,חומוס עם זעתר אחלה 4,גרמים,400.00,100 גרם,false,,9.90,2.4750,true,1,250434
7290104061431,false,סלט חומוס עם צנובר אחלה 400 גרם,"שטראוס גרופ בע""\מ",IL,חומוס עם צנוברים אחל,גרמים,400.00,100 גרם,false,,9.90,2.4750,true,1,250436
7290104061448,false,סלט חומוס עם חריף אחלה 400 גרם,מיוצר עי קונדיטוריית,IL,חומוס עם חריף אחלה 4,גרמים,400.00,100 גרם,false,,9.90,2.4750,true,1,250437
7290104062599,false,מארז 8 יחידות מעדן גמדים בטעמי תות ובננה,"שטראוס בריאות בע""\מ",IL,מארז גמדים תות ובננה,גרמים,800.00,100 גרם,false,,17.90,2.2375,true,1,250484
7290104065187,false,אבקה להכנת משקה קפה בטעם מוקה,STRAUSS-ISRAEL,IL,קפה נמס מוקה 200 גרם,גרמים,200.00,100 גרם,false,,19.90,9.9500,true,1,262719
7290104065934,false,עלי רוקט 150 גרם שטראוס,שטראוס בריאות ירקות טריי,IL,עלי רוקט 150 גרם,גרמים,150.00,100 גרם,false,,10.90,7.2667,true,1,297602
7290104066566,false,טחינה שומשום מלא אחלה 500 גר',מיוצר עי קונדיטוריית,IL,טחינה אחלה 500 גרם,גרמים,500.00,100 גרם,false,,13.90,2.7800,true,1,252329
7290104500572,false,אפרופו חטיף תירס איטליאנו אסם 50 גרם,מיוצר עי קונדיטוריית,IL,אפרופו איטליאנו 50 ג,גרמים,50.00,100 גרם,false,,4.50,9.0000,true,1,256820
7290104501661,false,אינסטנט פודינג בטעם וניל צרפתי אסם 80 גרם,מיוצר עי קונדיטוריית,IL,פודינג אינסטנט קרם צ,גרמים,80.00,100 גרם,false,,4.90,6.1250,true,1,253083
7290104503184,false,הבית עוגת שבת בראוניס טעם שוקולד ריבת חלב 380 גרם,מיוצר עי קונדיטוריית,IL,עוגת בראוניס שוקולד,גרמים,380.00,100 גרם,false,,14.90,3.9211,true,1,254555
7290104504228,false,מיני דובונים אסם 100 גרם מארז 5 יחידות,"אסם השקעות בע""\מ",IL,מארז דובונים 5*20 גר,גרמים,100.00,100 גרם,false,,12.90,12.9000,true,1,254055
7290104508189,false,אסם 24 גביעי גלידה ממותקים 95 גרם,בטר אנד דיפרנט,IL,גביעי גלידה אסם 24 י,גרמים,1.00,100 גרם,false,,11.90,1190.0000,true,1,255817
7290104508202,false,גביעי גלידה אמריקאים אסם 120 גרם 24 יחידות,"גילרו בע""מ",IL,גביעי גלידה אסם 24 י,גרמים,120.00,100 גרם,false,,11.90,9.9167,true,1,255819
7290104570162,false,תמרים ללא חרצנים תמר כבוש 500 גרם,תמר העמקים בית שאן,,תמר כבוש 500 גרם,גרמים,500.00,100 גרם,false,,6.90,1.3800,true,1,259648
7290104720499,false,מארז 8 יחידות מעדן דני בטעם וניל 1.5%,מיוצר עי קונדיטוריית,IL,מארז דני וניל 8*125,קילוגרמים,1.00,ליטר,false,,14.90,14.9000,true,1,252138
7290104721533,false,רצועות פלפל קלויי אחלה 400ג',מיוצר עי קונדיטוריית,IL,פלפלים קלויים טעמי ה,גרמים,400.00,100 גרם,false,,14.90,3.7250,true,1,252845
7290104721755,false,מארז קפה טורקי עלית,חברת המשקם לתעסוקת ק,IL,מארז קפה טורקי עלית,גרמים,435.00,100 גרם,false,,29.90,6.8736,true,1,253257
7290104722530,false,תפוצ'יפס בטעם שמנת בצל עלית 200 גרם,"שטראוס פריטו ליי בע""\מ )",IL,תפוציפס שמנת בצל 200,גרמים,200.00,100 גרם,false,,9.90,4.9500,true,1,252351
7290104726712,false,מארז 8 יחידות מעדן מילקי בטעם שוקולד עם קצפת,"שטראוס גרופ בע""\מ",IL,מארז מילקי שוקולד 8*,פריט,1.06,"ק""ג",false,,19.90,18.7736,true,1,254236
7290104728310,false,"שמנת מתוקה עמידה 38% שומן ""יטבתה"" -מוצר בפיקוח",מחלבת יטבתה,IL,שמנת להקצפה 38% יטבת,מיליליטרים,250.00,"100 מ""ל",false,,6.40,2.5600,true,1,253576
7290104850776,false,מגש אובלי זהב 12 יח,פאלאס,IL,מגש אובלי זהב 12 יח,Unknown,0.00,יחידה,false,,15.90,0.0000,true,1,307601
7290104855368,false,מיכל 1 ליטר 12 יח,פאלאס,CN,מיכל 1 ליטר 12 יח,Unknown,0.00,יחידה,false,,19.90,0.0000,true,1,288737
7290104855375,false,מיכל 2 ליטר 10 יח,סנטר פלאסט,IL,מיכל 2 ליטר 10 יח,Unknown,0.00,יחידה,false,,19.90,0.0000,true,1,288701
7290104855382,false,מיכל 2.5 ליטר 6 יח,סנטר פלאסט,IL,מיכל 2.5 ליטר 6 יח,Unknown,0.00,יחידה,false,,19.90,0.0000,true,1,288702
7290104855399,false,מיכל 4 ליטר 5 יח,סנטר פלאסט,IL,מיכל 4 ליטר 5 יח,Unknown,0.00,יחידה,false,,19.90,0.0000,true,1,288703
7290104855405,false,מיכל 0.5 ליטר 15 יח,סנטר פלאסט,IL,מיכל 0.5 ליטר 15 יח,Unknown,0.00,יחידה,false,,19.90,0.0000,true,1,288704
7290104856839,false,מארז 6 יח נייר אלומי,פאלאס,CN,מארז 6 יח נייר אלומי,מטרים,30.00,מטר,false,,21.90,0.7300,true,1,290374
7290104856846,false,מארז 4 נייר אלומיניו,פאלאס,CN,מארז 4 נייר אלומיניו,מטרים,30.00,מטר,false,,21.90,0.7300,true,1,291373
7290104856853,false,מארז 3 נייר אלומיניו,פאלאס,CN,מארז 3 נייר אלומיניו,מטרים,22.50,מטר,false,,21.90,0.9733,true,1,291374
7290104856914,false,2 אלבד מקופל זהב לבן פאלאס,פאלאס,CN,מפת אלבד מדוגם 2 יח,Unknown,0.00,יחידה,false,,11.90,0.0000,true,1,293303
7290104857041,false,כוסות שתיה קרה טופ ס,פאלאס,CN,"כוסות ח""פ 100 יח",Unknown,0.00,יחידה,false,,5.90,0.0000,true,1,293195
7290104858185,false,נרות חימום בפלסטיק 8,פאלאס,CN,נרות חימום בפלסטיק 8,Unknown,0.00,יחידה,false,,23.90,0.0000,true,1,295364
7290104858208,false,נרות חימום בפלסטיק 4,פאלאס,CN,נרות חימום בפלסטיק 4,Unknown,0.00,יחידה,false,,23.90,0.0000,true,1,295363
7290104858536,false,מארז קינוחים חד פעמי,xueli,CN,כוסות קינוח לפיד,Unknown,0.00,יחידה,false,,14.90,0.0000,true,1,295746
7290104858543,false,כוסות קינוח צורות לפ,FGM,CN,כוסות קינוח צורות לפ,Unknown,0.00,יחידה,false,,14.90,0.0000,true,1,295745
7290104858567,false,מפת אלבד מוטבע גליל,פאלאס,CN,מפת אלבד מוטבע גליל,Unknown,0.00,יחידה,false,,39.90,0.0000,true,1,295640
7290104858598,false,מפיות לבנות חד שכבתי פאלאס 100 יחידות,פאלאס,CN,מפיות לבנות חד שכבתי,Unknown,0.00,יחידה,false,,4.90,0.0000,true,1,296585
7290104858727,false,טישו קשת 5*140 יח,פאלאס,CN,טישו קשת 5*140 יח,Unknown,0.00,יחידה,false,,11.90,0.0000,true,1,297897
7290104858901,false,שקיות אשפה 76*86 פאל,פאלאס,CN,שקיות אשפה 76*86 פאל,Unknown,0.00,יחידה,false,,5.90,0.0000,true,1,295945
7290104859267,false,שקיות אוכל קשת 3*150,פאלאס,CN,שקיות אוכל קשת 3*150,Unknown,0.00,יחידה,false,,9.90,0.0000,true,1,296468
7290104859410,false,צלחות גדולות חד פעמי,פאלאס תעשיות נטו (20,CN,צלחות גדולות לפיד 1,Unknown,0.00,יחידה,false,,29.90,0.0000,true,1,298046
7290104859779,false,"כוסות לבירה 330 מ""ל פאלאס 40 יחידות",פאלאס,CN,כוסות איכותיות 40 יח,Unknown,0.00,יחידה,false,,10.90,0.0000,true,1,300626
7290104859960,false,מארז 4 יח מגשי קריסט,פאלאס,CN,מארז 4 יח מגשי קריסט,Unknown,0.00,יחידה,false,,12.90,0.0000,true,1,300355
7290104859977,false,מארז 2 יח מגשי קריסט,פאלאס,CN,מארז 2 יח מגשי קריסט,Unknown,0.00,יחידה,false,,19.90,0.0000,true,1,300356
7290104859984,false,קערה ענקית בלו שיין,פאלאס,CN,קערה ענקית בלו שיין,Unknown,0.00,יחידה,false,,19.90,0.0000,true,1,300351
7290104859991,false,קערה גדולה בלו שיין,פאלאס,CN,קערה גדולה בלו שיין,Unknown,0.00,יחידה,false,,19.90,0.0000,true,1,300352
7290104960970,false,דאודורנט ספריי טיטניום מטאל Titanium Metal,אמיליה קוסמטיקס בעמ,IL,דאו ספריי טיטניום מט,מיליליטרים,180.00,"100 מ""ל",false,,14.90,8.2778,true,1,255177
7290104962073,false,דאודורנט ספריי גוף טיטניום גולד Titanium Gold,"אמיליה קוסמטיקס בע""מ",IL,דאו ספריי טיטניום גו,מיליליטרים,150.00,"100 מ""ל",false,,14.90,9.9333,true,1,262182
7290104964756,false,"תיאדנט מי פה בטעם ענבים לילדים 150 מ""ל",אמיליה קוסמטיקס בע'\'\מ,IL,מי פה תיאדנט ענבים ל,מיליליטרים,150.00,"100 מ""ל",false,,14.70,9.8000,true,1,304943
7290104965647,false,קרליין דאו רול און נושם סוויט קיס לנערות,מיוצר עי : אמיליה קוסמטי,IL,דאו רול און קרליין נ,מיליליטרים,75.00,"100 מ""ל",false,,11.70,15.6000,true,1,316883
7290105180186,false,"בקבוק מעוצב +ידיות ללא ביספינול 250 מ""ל",אריסטוקרט,,בקבוק תינוק מעוצב אר,Unknown,0.00,יחידה,false,,14.90,0.0000,true,1,253280
7290105180216,false,פלסטרים שקופים 100 יחידות,אריסטוקרט,CN,פלסטר שקוף אריסטוקרט,Unknown,0.00,יחידה,false,,10.90,0.0000,true,1,255465
7290105180247,false,פלסטרים מיקס 100 יחידות,אריסטוקרט,CN,פלסטר מיקס אריסטוקרט,Unknown,0.00,יחידה,false,,10.90,0.0000,true,1,255463
7290105180261,false,"משחת נעליים 200 מ""ל+ ידית מארז חיסכון",אריסטוקרט,TR,משחת נעליים אריסטוקר,גרמים,200.00,100 גרם,false,,9.90,4.9500,true,1,254304
7290105180353,false,"סכין גילוח- עשירייה, עם פס אלוורה",אריסטוקרט,CN,סכיני גילוח אריסטוקר,Unknown,0.00,יחידה,false,,8.90,0.0000,true,1,256364
7290105180360,false,מוצץ סיליקון צבעוני שלישייה קטן,אריסטוקרט,,מוצץ סיליקון קטן לתי,Unknown,0.00,יחידה,false,,15.90,0.0000,true,1,258980
7290105180377,false,מוצץ סיליקון צבעוני רביעייה בינוני-מרכז,אריסטוקרט,,מוצץ סיליקון בינוני,Unknown,0.00,יחידה,false,,15.90,0.0000,true,1,258978
7290105180384,false,מוצץ סיליקון צבעוני שלישייה גדול,אריסטוקרט,,מוצץ סיליקון גדול לת,Unknown,0.00,יחידה,false,,15.90,0.0000,true,1,258979
7290105180391,false,בקבוק צר מעוצב- זוג (391),אריסטוקרט,,בקבוק צר מעוצב לתינו,Unknown,0.00,יחידה,false,,18.90,0.0000,true,1,258976
7290105180407,false,"בקבוק סטאר רחב, 2+1 מתנה",אריסטוקרט,,בקבוק רחב לתינוק ארי,Unknown,0.00,יחידה,false,,29.90,0.0000,true,1,258977
7290105181367,false,מחזיקונים לעגלה זוג איכותי במיוחד,אריסטוקרט,CN,מחזיקונים לעגלת תינו,Unknown,0.00,יחידה,false,,24.90,0.0000,true,1,303633
7290105181725,false,צלחת נצמדת עם כפית משנה צבע בחום,אריסטוקרט,CN,צלחת האכלה + כפית רג,Unknown,0.00,יחידה,false,,24.90,0.0000,true,1,303634
7290105181732,false,מוצץ מלכות - זוג בקופסה רב שימושית,אריסטוקרט,IL,מוצצים סדרת מלכות אר,Unknown,0.00,יחידה,false,,19.90,0.0000,true,1,303636
7290105181855,false,"וזלין 100 גרם כשל""פ הרב לנדא אריסטוקרט",הרבל קוסמטיקס,IL,ג'ל פטרוליאום טהור א,מיליליטרים,100.00,"100 מ""ל",false,,7.90,7.9000,true,1,323624
7290105181954,false,מלבין ומחדש צמר וטליתות,BASF,DE,מלבין טליתות ובגדי צ,מיליליטרים,500.00,"100 מ""ל",false,,11.50,2.3000,true,1,307741
7290105182050,false,"אצטון 250 מ""ל",גרינפארם ים המלח,IL,"אצטון 250 מ""ל",מיליליטרים,250.00,"100 מ""ל",false,,5.90,2.3600,true,1,316705
7290105182067,false,"אלכוהול 70% 250 מ""ל",אריסטוקרט,IL,"אלכוהול 70% 250 מ""ל",מיליליטרים,250.00,"100 מ""ל",false,,11.90,4.7600,true,1,316706
7290105182111,false,קיסמי שיניים דנטלים,אריסטוקרט,CN,קיסמי שיניים דנטלים,Unknown,0.00,יחידה,false,,14.90,0.0000,true,1,316145
7290105182128,false,מקלוני חוט דנטלי 200,אריסטוקרט,CN,מקלוני חוט דנטלי 200,Unknown,0.00,יחידה,false,,14.90,0.0000,true,1,316146
7290105182258,false,שפתון פטסטיק לריכוך,הרבל קוסמטיקס,IL,שפתון פטסטיק לריכוך,Unknown,0.00,יחידה,false,,14.90,0.0000,true,1,321266
7290105360250,false,קפסולות 09 עשיר וארומטי למכונת נספרסו עלית 10יח',הנסיך- מפעל לייצור ט,IL,קפסולות עלית מס 9 למ,Unknown,0.00,יחידה,false,,15.50,0.0000,true,1,261447
7290105360328,false,קפסולות אספרסו חזק למכונות נספרסו 10 יח',הנסיך- מפעל לייצור ט,IL,קפסולות עלית מס 10 ל,Unknown,0.00,יחידה,false,,15.50,0.0000,true,1,261448
7290105360335,false,קפסולות אספרסו למכונות נספרסו 50 גר,הנסיך- מפעל לייצור ט,,קפסולות עלית מס 7 ל,גרמים,50.00,100 גרם,false,,15.50,31.0000,true,1,261450
7290105362339,false,"שמנת לבישול 15% 250 מ""ל יטבתה מהדרין",מחלבת יטבתה,IL,שמנת לבישול 15% יטבת,מיליליטרים,250.00,"100 מ""ל",false,,7.60,3.0400,true,1,255838
7290105364678,false,"אקטיביה משקה יוגורט בטעם אפרסק שטראוס 250 מ""ל",מיוצר עי קונדיטוריית,IL,משקה אקטיביה אפרסק 1,גרמים,250.00,100 גרם,false,,4.80,1.9200,true,1,311695
7290105366023,false,סלט חצילים בטעם כבד אחלה 400 גרם,מיוצר עי קונדיטוריית,IL,חציל בטעם כבד טעמי ה,גרמים,400.00,100 גרם,false,,14.90,3.7250,true,1,254319
7290105366047,false,טחינה לבנה אחלה 400 גרם,מיוצר עי קונדיטוריית,IL,טחינה לבנה טעמי השוק,גרמים,400.00,100 גרם,false,,14.90,3.7250,true,1,254499
7290105366993,false,סימפוניה גבינת שמנת פלפל שיפקה 5% שטראוס 200 גרם,"שטראוס בריאות בע""מ",IL,גבינת שמנת פלפל שיפק,גרמים,200.00,100 גרם,false,,10.40,5.2000,true,1,262906
7290105368331,false,מעדן מילקי בטעם תות עם קצפת,מחלבת אחיהוד,IL,מילקי תות 133 גרם,גרמים,133.00,100 גרם,false,,2.80,2.1053,true,1,256074
7290105368904,false,"שמנת מתוקה להקצפה 32% שומן 250 מ""ל יוטבתה",מחלבת יטבתה,IL,שמנת מתוקה להקצפה 32,מיליליטרים,250.00,"100 מ""ל",false,,6.90,2.7600,true,1,257086
7290105368928,false,"שמנת 9% שומן 200 מ""ל יוטבתה",שטראוס גרופ,IL,שמנת חמוצה 9% יטבתה,מיליליטרים,200.00,"100 מ""ל",false,,2.90,1.4500,true,1,255835
7290105369130,false,סימפוניה גבינת שמנת בצל ירוק 5% שטראוס 200 גרם,"שטראוס בריאות בע""\מ",IL,גבינת שמנת בצל ירוק,גרמים,200.00,100 גרם,false,,10.40,5.2000,true,1,258201
7290105430441,false,פלמוליב ס.נוזלי סחלב שחור 750 מל משאבה,הנסיך- מפעל לייצור ט,TR,תחליב פלמוליב סחלב ש,מיליליטרים,750.00,"100 מ""ל",false,,19.50,2.6000,true,1,259054
7290105430458,false,"פלמוליב - תחליב רחצה נטורלס שקדים 750 מ""ל",הנסיך- מפעל לייצור ט,TR,תחליב פלמוליב שקדים,מיליליטרים,750.00,"100 מ""ל",false,,19.50,2.6000,true,1,259055
7290105431516,false,מארז חטיף פריי תמרים ובוטנים ללא גלוטן ותוספת סוכר 125 גרם,טבעית מוצרים מן הטבע בעמ,,מארז חטיף פרי תמרים,גרמים,125.00,100 גרם,false,,14.90,11.9200,true,1,264087
7290105433961,false,"ליידי ספיד סטיק לסס פרש אסנס ספריי דובדבן, 150 מ""ל",קולגייט פלמוליב,BY,דאו ספריי ליידי ספיד,מיליליטרים,150.00,"100 מ""ל",false,,13.90,9.2667,true,1,264896
7290105434029,false,"ספיד סטיק - דאודורנט ספריי לגבר נוטרו פאואר 150 מ""ל",הנסיך- מפעל לייצור ט,BY,דאו ספריי ספיד סטיק,מיליליטרים,150.00,"100 מ""ל",false,,13.90,9.2667,true,1,287684
7290105434067,false,ספיד סטיק - דאודורנט סטיק לגבר XL אושן סרף 85 גרם,קולגייט פלמוליב,BY,דאו ספיד סטיק אושן 8,גרמים,85.00,100 גרם,false,,18.90,22.2353,true,1,288376
7290105439499,false,מאסטר שף מאסטר שף מיונז 480 גר כשלפ,רמיה סי.וי. הולנד,NL,מיונז מאסטר שף 480 ג,גרמים,480.00,100 גרם,false,,8.90,1.8542,true,1,290191
7290105439505,false,מאסטר שף קרם בטעם מיונז לייט 479 גר כשלפ,רמיה סי.וי. הולנד,NL,מיונז לייט מאסטר שף,גרמים,521.00,100 גרם,false,,8.90,1.7083,true,1,310026
7290105691248,false,אסם חטיפי פריכונים טורטייה תירס 60 גרם,"פרח תעשיות מזון בע""מ.",IL,חטיפי טורטייה תירס 6,גרמים,60.00,100 גרם,false,,6.90,11.5000,true,1,257575
7290105691934,false,קמח שמרים אסם 1 קילו,תאי פרזידנט פוד פאבל,IL,"קמח שמרים אסם 1 ק""ג",פריט,1.00,"ק""ג",false,,7.90,7.9000,true,1,257133
7290105693457,false,עוגת הבית דמקה שוקו וניל אסם 320 גרם,מיוצר עי קונדיטוריית,IL,עוגת דמקה אסם 320 גר,גרמים,320.00,100 גרם,false,,10.90,3.4063,true,1,255999
7290105695024,false,פתיתים אפויים אורז עם אטריות אסם 500 גרם,"אסם השקעות בע""\מ",IL,פתיתים אורז עם אטריו,גרמים,500.00,100 גרם,false,,4.90,0.9800,true,1,257980
7290105695321,false,עוגת הבית בראוניס פאדג' אסם 380 גרם,מיוצר עי קונדיטוריית,IL,עוגת בראוניס פאדג אס,גרמים,380.00,100 גרם,false,,14.90,3.9211,true,1,256706
7290105962331,false,סחוג תימני אדום חריף מאוד זהבי הכרם 220 גרם,אף.סי תבליני בגליל ב,IL,סחוג תימני חריף זהבי,גרמים,220.00,100 גרם,false,,9.90,4.5000,true,1,266614
7290105965738,false,יוגורט לשתיה בטעם תות בננה267 ג' דנונה,מיוצר עי קונדיטוריית,IL,משקה יוגורט תות בננה,גרמים,267.00,100 גרם,false,,4.50,1.6854,true,1,287905
7290105968098,false,"סלט קולסלאו 500 גרם ""אחלה""",שטראוס גרופ סלטים,IL,קולסלאו אחלה 500 גרם,גרמים,500.00,100 גרם,false,,14.90,2.9800,true,1,257290
7290105968654,false,רביולי בטטה פרווה פסטה נונה 400 ג',מיוצר עי קונדיטוריית,IL,רביולי בטטה שטראוס 4,גרמים,400.00,100 גרם,false,,19.90,4.9750,true,1,257970
7290105968777,false,פריכיות 5 דגנים עם תחתית שוקולד מריר 70 גרם,"טחנת האבן תעשיות בע""",IL,פריכיות אנרג'י תחתית,גרמים,70.00,100 גרם,false,,6.90,9.8571,true,1,260033
7290106413740,false,עיגולי ביסקוויט עם ק,טופגם תעשיות ממתקים,IL,עיגולי ביסקוויט עם ק,פריט,1.00,"ק""ג",false,,26.90,26.9000,true,1,299774
7290106413924,false,מארז מקלות ביסקוויט,שאנטו קראנצי פרדי,CN,מארז מקלות ביסקוויט,גרמים,150.00,100 גרם,false,,9.90,6.6000,true,1,294724
7290106509825,false,אולוויז קואטרו פלטינום 28 יח,פרוקטר & גמבל,DE,תחבושות אלוויז פלטני,Unknown,0.00,יחידה,false,,32.90,0.0000,true,1,308199
7290106520066,false,"רבע לשבע שוקולד חלב במילוי אגוזים עלית 160 גרם בד""צ","הגביע מוצרי וופלים בע""\מ",IL,גלילי ופל רבע לשבע 1,גרמים,160.00,100 גרם,false,,9.90,6.1875,true,1,257956
7290106520288,false,יוגורט פרו חלבון עם תות 2.4% שומן 150 ג' דנונה,"שטראוס בריאות בע""מ",IL,דנונה WOW תות 150 גר,מיליליטרים,150.00,"100 מ""ל",false,,4.50,3.0000,true,1,290476
7290106520905,false,סלט טורקי אחלה 400 גרם,"שטראוס גרופ בע""\מ",IL,סלט טורקי טעמי השוק,גרמים,400.00,100 גרם,false,,14.90,3.7250,true,1,258687
7290106520912,false,"שמנת 9% לבישול יטבתה 250 מ""ל מהדרין",מחלבת יטבתה,IL,שמנת לבישול 9% יטבתה,מיליליטרים,250.00,"100 מ""ל",false,,7.60,3.0400,true,1,260137
7290106524439,false,"תפוצ'יפס פופס 60 גרם ""עלית""","שטראוס פריטו ליי בע""\מ )",IL,"תפוציפס תפו""א אפוי 6",גרמים,60.00,100 גרם,false,,3.50,5.8333,true,1,299958
7290106525399,false,קפסולות 06 ברזיל למכונות נספרסו עלית 10יח',הנסיך- מפעל לייצור ט,IL,קפסולות עלית מס 06 ב,Unknown,0.00,יחידה,false,,15.50,0.0000,true,1,294683
7290106525405,false,קפסולות למכונת נספרסו נטול קפאין,שטראוס קפה בי.וי.,IL,קפסולות עלית נטול מס,גרמים,50.00,100 גרם,false,,15.50,31.0000,true,1,291114
7290106526822,false,פריכיות אורז חום מלא תחתית שוקולד חלב 80 גרם,"טחנת האבן תעשיות בע""",IL,פריכיות אנרג'י תחתית,גרמים,80.00,100 גרם,false,,6.90,8.6250,true,1,267847
7290106527263,false,מארז תפוציפס כפול 16,שטראוס,IL,מארז תפוציפס כפול 16,גרמים,480.00,100 גרם,false,,23.90,4.9792,true,1,262407
7290106572027,false,אוסם - לחמית חמישה דגנים 190 גרם,"אסם השקעות בע""\מ",IL,לחמית חמישה דגנים 20,גרמים,200.00,100 גרם,false,,7.90,3.9500,true,1,258095
7290106573024,false,סירופ דיאט אננס 1 ליטר עסיס,בית השיטה עסיס תעשיו,IL,סירופ עסיס אננס דיאט,קילוגרמים,1.00,ליטר,false,,15.90,15.9000,true,1,299265
7290106573598,false,צבר חומוס לבנוני 400 גרם,סלטי צבר,,חומוס לבנוני 400 גרם,גרמים,400.00,100 גרם,false,,11.30,2.8250,true,1,260178
7290106573628,false,צבר חומוס עם טחינה 400 גרם,סלטי צבר,IL,חומוס עם טחינה צבר 4,גרמים,400.00,100 גרם,false,,11.90,2.9750,true,1,260176
7290106574953,false,בייגלה שטוחים כעכים שטוחים עם שומשום,מיוצר עי קונדיטוריית,IL,בייגלה שטוחים שומשום,גרמים,300.00,100 גרם,false,,7.90,2.6333,true,1,260887
7290106574977,false,בייגלה שטוחים כעכים שטוחים עם מלח,מיוצר עי קונדיטוריית,IL,בייגלה שטוחים מלח 30,גרמים,300.00,100 גרם,false,,7.90,2.6333,true,1,260886
7290106575257,false,עוגת הבית סופלה בטעם שוקולד 340 ג' אסם,מיוצר עי קונדיטוריית,IL,עוגת סופלה שוקולד אס,גרמים,340.00,100 גרם,false,,10.90,3.2059,true,1,262620
7290106575431,false,עוגת הבית סופלה בטעם שוקולד וניל 340 ג',מיוצר עי קונדיטוריית,IL,עוגת סופלה שוקו וניל,גרמים,340.00,100 גרם,false,,10.90,3.2059,true,1,262621
7290106576223,false,אפרופו מצופה שוקולד 40 ג'!,מיוצר עי קונדיטוריית,IL,אפרופו שוקולד 50 גרם,גרמים,50.00,100 גרם,false,,4.50,9.0000,true,1,298543
7290106576513,false,חומוס חלק צבר 400 גר,סלטי צבר,IL,חומוס 400 גרם צבר,גרמים,400.00,100 גרם,false,,8.90,2.2250,true,1,264012
7290106576537,false,חומוס מסעדות צבר 700 גרם,סלטי צבר,IL,חומוס מסעדה צבר 700,גרמים,700.00,100 גרם,false,,10.80,1.5429,true,1,262647
7290106576797,false,"לה קרמריה גלידת וניל איטלקי כשל""פ 1.4ל'",תות תעשיות מזון (201,IL,גלידה לה קרמריה וניל,קילוגרמים,1.40,ליטר,false,,17.50,12.5000,true,1,263658
7290106576834,false,גלידה לה קרמריה פונטש בננה1.4 ל' נסטלה,תות תעשיות מזון (201,IL,גלידה לה קרמריה פונט,קילוגרמים,1.40,ליטר,false,,17.50,12.5000,true,1,263662
7290106576858,false,גלידה לה קרמריה תותים בשמנת 1.4 ל' נסטלה,גלידות נסטלה )נגה גלידות,IL,גלידה לה קרמריה תותי,קילוגרמים,1.40,ליטר,false,,17.50,12.5000,true,1,263661
7290106576919,false,גלידה קרמריה סורבה תות לימון 1.4 ליטר,גלידות נסטלה )נגה גלידות,IL,שרבט לה קרמריה תות ל,קילוגרמים,1.40,ליטר,false,,17.50,12.5000,true,1,263660
7290106576971,false,גלידה לה קרמריה שוקולד בלגי 1.4 ל' נסטלה,תות תעשיות מזון (201,IL,גלידה לה קרמריה שוקו,קילוגרמים,1.40,ליטר,false,,17.50,12.5000,true,1,263656
7290106576995,false,גלידה סורבה לה קרמריה תות מנגו לייט 1.4 ל' נסטלה,גלידות נסטלה )נגה גלידות,IL,שרבט לה קרמריה תות מ,קילוגרמים,1.40,ליטר,false,,17.50,12.5000,true,1,264181
7290106577039,false,גלידה לה קרמריה שוקו וניל פליק 1.4 ל' נסטלה,תות תעשיות מזון (201,IL,גלידה לה קרמריה וניל,קילוגרמים,1.40,ליטר,false,,17.50,12.5000,true,1,263659
7290106577282,false,טחינה אמיתית מרובע 400 ג' צבר,סלטי צבר,IL,טחינה צבר 400 גרם,גרמים,400.00,100 גרם,false,,11.90,2.9750,true,1,262629
7290106577572,false,מטבוחה אמיתית מרובע 400 ג' צבר,סלטי צבר,IL,מטבוחה צבר 400 גרם,גרמים,400.00,100 גרם,false,,11.90,2.9750,true,1,262628
7290106578692,false,ביסלי במבה מיקס מהדורת אליפות אסם 80 גרם,פרו מן יו פתרונות אר,IL,במבה ביסלי מיקס 80 ג,גרמים,80.00,100 גרם,false,,3.90,4.8750,true,1,265040
7290106578821,false,הבית עוגת שמרים קלאסית בטעם שוקולד 350גר.,מיוצר עי קונדיטוריית,IL,עוגת שמרים שוקולד אס,גרמים,350.00,100 גרם,false,,14.90,4.2571,true,1,264613
7290106660410,false,"רביולי תרד וגבינה 400 גרם ""שטראוס""",מיוצר עי קונדיטוריית,IL,רביולי תרד וגבינה שט,גרמים,400.00,100 גרם,false,,19.90,4.9750,true,1,266830
7290106663091,false,"לאבנה 9 % עם שמן זית 500 גר' ""שטראוס""",הדקלאים אגודת שיתופי,IL,לאבנה 9% שטראוס 500,מיליליטרים,500.00,"100 מ""ל",false,,16.90,3.3800,true,1,287904
7290106664067,false,לאבנה עם שמן זית וזעתר 10% שטראוס 400 ג',הדקלאים אגודת שיתופי,IL,לאבנה עם שמן זית וזע,גרמים,400.00,100 גרם,false,,13.90,3.4750,true,1,289370
7290106664555,false,"רוטב שמנת עם עגבניות 9% שומן 250 מ""ל יוטבתה",מחלבת יטבתה,IL,רוטב שמנת עגבניות 9%,מיליליטרים,250.00,"100 מ""ל",false,,9.80,3.9200,true,1,289657
7290106668713,false,יוגורט עם פירות יער 3% שומן 150 ג' דנונה,מיוצר עי קונדיטוריית,IL,דנונה פרי פירות יער,מיליליטרים,150.00,"100 מ""ל",false,,3.50,2.3333,true,1,287903
7290106669857,false,קפסולות אספרסו בטעם וניל עלית 10 יחידות,הנסיך- מפעל לייצור ט,IL,קפסולות עלית אספרסו,גרמים,50.00,100 גרם,false,,15.50,31.0000,true,1,296847
7290106721913,false,מסטיק מאסט MUST ללא סוכר בטעם מנטה מרעננת,"שטראוס גרופ בע""מ",IL,מסטיק בזוקה צנצנת רי,גרמים,66.00,100 גרם,false,,8.90,13.4848,true,1,288682
7290106721920,false,צנצנת מסטיק מאסט בטעם ספירמינט עדין 66 ג' עלית,"שטראוס גרופ בע""\מ.",IL,מסטיק ספירמינט צנצנת,גרמים,66.00,100 גרם,false,,8.90,13.4848,true,1,288681
7290106726178,false,יוגורט PRO עם פירות יער 2.4% 10 גרם חלבון בגביע,מיוצר עי קונדיטוריית,IL,דנונה WOW פירות יער,מיליליטרים,150.00,"100 מ""ל",false,,4.50,3.0000,true,1,289381
7290107021135,false,יין אלכסנדר רזרב קבר,אגדת,IL,יין אלכסנדר רזרב קבר,מיליליטרים,750.00,"100 מ""ל",false,,149.90,19.9867,true,1,317467
7290107280020,false,שלישיית מטליות לחות לניקוי כללי סנו סושי 50 יחידות,טרופיקל דגיל- תעשיות,IL,מטליות לחות סנו סושי,Unknown,0.00,יחידה,false,,16.90,0.0000,true,1,261143
7290107280341,false,ריצפז מטליות לחות לניקוי הרצפה בניחוח מלון מפנק,טרופיקל דגיל תעשיות,IL,מטליות לחות לרצפה בנ,Unknown,0.00,יחידה,false,,11.70,0.0000,true,1,309282
7290107280563,false,ג'ל אוקסיג'ן בייבי סנו 3 ליטר,"איי, בי, אינבוו",IL,גל אוקסיגן בייבי 3 ל,קילוגרמים,3.00,ליטר,false,,27.90,9.3000,true,1,267231
7290107280600,false,טבליות למדיח סנו ספארק 100 טבליות במארז,גרופה אינקו,IL,טבליות ספארק למדיח 1,פריט,2.00,"ק""ג",false,,47.90,23.9500,true,1,299646
7290107280655,false,"אבקת כביסה בייבי סנו מקסימה 3.25 ק""ג",הורביץ סחר,IL,אבקת מקסימה בייבי 3.,פריט,3.25,"ק""ג",false,,29.90,9.2000,true,1,268008
7290107280709,false,"סנו ספארק נוזל הברקה למדיח 700 מ""ל","סנו מפעלי ברונוס בע""\מ",IL,נוזל הברקה למדיח ספא,מיליליטרים,700.00,"100 מ""ל",false,,10.90,1.5571,true,1,269750
7290107280716,false,מלח למדיח להגנה מפני אבנית סנו ספארק Spark,סנו ספארק,IL,"מלח למדיח ספארק 2 ק""",פריט,2.00,"ק""ג",false,,9.90,4.9500,true,1,269752
7290107280761,false,נוזל לניקוי כלים בניחוח לימון רענן סנו ספארק Spark,מיוצר עי קונדיטוריית,IL,נוזל כלים ספארק + מש,קילוגרמים,1.00,ליטר,false,,9.90,9.9000,true,1,268497
7290107649735,false,"גלידה 5 טעמים תות, לימון, בננה, משמש, פטל 2ל'","גלידת שטראוס בע""\מ, רחוב",IL,גלידה שטראוס תות לימ,קילוגרמים,2.00,ליטר,false,,19.50,9.7500,true,1,305276
7290107871990,false,"פסטה צינורות 500 גרם ""אסם""",פסטה זארה,IL,פסטה צינורות אסם 500,גרמים,500.00,100 גרם,false,,4.90,0.9800,true,1,266465
7290107877619,false,מארז במבה במילוי קרם נוגט 5*30ג' אסם,"אסם השקעות בע""\מ",IL,מארז במבה במילוי נוג,גרמים,150.00,100 גרם,false,,11.90,7.9333,true,1,290284
7290107879521,false,קרחון לה פרוטה שרבט תות מאגדת 5יח',גלידות נסטלה )נגה גלידות,IL,שלגוני לה פרוטה תות,גרמים,350.00,100 גרם,false,,17.90,5.1143,true,1,291142
7290107879569,false,קרחון לה פרוטה שרבט מנגו מאגדת 5יח',גלידות נסטלה )נגה גלידות,IL,שלגוני לה פרוטה מנגו,גרמים,350.00,100 גרם,false,,17.90,5.1143,true,1,291144
7290107930321,false,קונפיטורת יד מרדכי דובדובן 340 גרם,"בית אל מזון בע""מ",IL,קונפיטורה דובדבן יד,גרמים,340.00,100 גרם,false,,12.90,3.7941,true,1,288677
7290107932080,false,חלב מועשר יוטבתה בבקבוק 3% 1 ליטר,מחלבת יטבתה,IL,חלב מועשר 3% יטבתה 1,קילוגרמים,1.00,ליטר,false,,7.20,7.2000,true,1,294393
7290107932134,false,חלב מועשר יוטבתה בבקבוק 1% 1 ליטר,מחלבת יטבתה,IL,חלב מועשר 1% יטבתה 1,קילוגרמים,1.00,ליטר,false,,7.20,7.2000,true,1,294395
7290107934473,false,שמינייה יוגורט לבן אקטיביה 1.5% דנונה 150 גרם,"שטראוס גרופ בע""\מ",IL,מארז יוגורט אקטיביה,קילוגרמים,1.20,ליטר,false,,19.90,16.5833,true,1,288843
7290107937542,false,משקה יוגורט אקטיביה עם תות 1.2% שומן,מיוצר עי קונדיטוריית,IL,משקה אקטיביה תות 1.2,גרמים,250.00,100 גרם,false,,4.80,1.9200,true,1,311696
7290107937627,false,מסטיק מאסט Must קוביות ללא סוכר בטעם מנטה עדינה,אסקום קונפקשיין,IL,מסטיק מאסט צנצנת מנט,גרמים,58.00,100 גרם,false,,8.90,15.3448,true,1,294406
7290107937641,false,צנצנת מסטיק בזוקה קוביות ללא סוכר,אסקום קונפקשיין,IL,מסטיק בזוקה קוביות צ,גרמים,58.00,100 גרם,false,,8.90,15.3448,true,1,294404
7290107937856,false,קפסולות 11חזק למכונות נספרסו עלית 10יח',הנסיך- מפעל לייצור ט,IL,קפסולות עלית מס 11 ל,גרמים,50.00,100 גרם,false,,15.50,31.0000,true,1,294682
7290107943369,false,קוואקר שיבולת שועל ללא גלוטן 511 גרם,היידי שוקולד בירונטי,US,שיבולת שועל ל.גלוטן,גרמים,511.00,100 גרם,false,,16.90,3.3072,true,1,302827
7290107944243,false,אפיפיות בטעם שוקולד 200 גרם כשר לפסח,"שטראוס גרופ בע""\מ",IL,ופל אפיפית בטעם שוקו,גרמים,200.00,100 גרם,false,,6.90,3.4500,true,1,316282
7290107944472,false,סימפוניה גבינה במרקם שמנת 5% שום שמיר,"שטראוס בריאות בע""\מ",IL,גבינת שמנת שום שמיר,גרמים,200.00,100 גרם,false,,10.40,5.2000,true,1,295023
7290107945165,false,קונפיטורת משמש יד מרדכי 340 גרם,אף.סי תבליני בגליל ב,IL,קונפיטורה משמש יד מר,גרמים,340.00,100 גרם,false,,12.90,3.7941,true,1,296753
7290107950190,false,מעדן חלב דל קלוריות בטעם שוקולד מריר 0.5% שומן,מיוצר עי קונדיטוריית,IL,מעדן דיאט שוקולד מרי,מיליליטרים,130.00,"100 מ""ל",false,,3.20,2.4615,true,1,294386
7290107950206,false,מעדן דיאט שוקולד שטראוס 130 גרם,מיוצר עי קונדיטוריית,IL,מעדן דיאט שוקולד 0%,מיליליטרים,130.00,"100 מ""ל",false,,3.20,2.4615,true,1,294387
7290107951104,false,בפלות ופלים ארוכים בטעם שוקולד,"שטראוס גרופ בע""\מ",,בפלות שוקולד 200 גרם,גרמים,200.00,100 גרם,false,,3.90,1.9500,true,1,294692
7290107951111,false,בפלות ופלים ארוכים בטעם לימון,"א.ג. גילרו בע""\מ",IL,בפלות לימון 200 גרם,גרמים,200.00,100 גרם,false,,3.90,1.9500,true,1,294690
7290107953559,false,"מארז קפה טורקי עלית לדרך כשל""פ 168 גרם",הנסיך- מפעל לייצור ט,IL,קפה טורקי לדרך 24 יח,גרמים,168.00,100 גרם,false,,17.90,10.6548,true,1,308981
7290107956642,false,"תרסיס שמן זית 150 מ""ל יד מרדכי כשלפ",פארייפאבה אגרואינדוס,IL,תרסיס שמן זית יד מרד,מיליליטרים,150.00,"100 מ""ל",false,,14.90,9.9333,true,1,315104
7290107956710,false,מארז מיני מילקי 70 גרם 16 יחידות,"שטראוס גרופ בע""\מ",IL,מארז מילקי מיני שוקו,פריט,1.12,"ק""ג",false,,19.90,17.7679,true,1,296928
7290107956925,false,קפסולות 13 אוגנדה למכונת נספרסו עלית 10יח',שטראוס קפה בי.וי.,IL,קפסולות עלית מס 13 א,גרמים,50.00,100 גרם,false,,15.50,31.0000,true,1,302844
7290107956932,false,קפסולות אספרסו אידונזיה למכונות 50 גר,שטראוס קפה בי.וי.,IL,קפסולות עלית מס 12 ל,גרמים,50.00,100 גרם,false,,15.50,31.0000,true,1,299795
7290107956963,false,"דנונה וניל 3% תות מארז 12X100מ""ל",שטראוס מחלבות,IL,מארז דנונה פרי תות 1,פריט,1.20,"ק""ג",false,,19.90,16.5833,true,1,298232
7290107958035,false,יוגורט במתיקות מעודנת 2% ללא תוספת סוכר- מארז 8 יח,"שטראוס בריאות בע""\מ",IL,מארז דנונה במתיקות 8,פריט,1.20,"ק""ג",false,,17.90,14.9167,true,1,299333
7290107970020,false,תרסיס אגקס חלונות 3*,קולגייט פלמוליב,BY,תרסיס אגקס חלונות 3*,קילוגרמים,2.25,ליטר,false,,27.90,12.4000,true,1,287518
7290107971720,false,משחת קולגייט טריפל א,קולגייט פלמוליב,PL,משחת קולגייט טריפל א,גרמים,450.00,100 גרם,false,,24.90,5.5333,true,1,290032
7290107971751,false,מי פה קולגייט טוטל ללא אלכוהול פפרמינט,יבואן ומשווק: ש. שסט,PL,מי פה קולגייט טוטאל,מיליליטרים,500.00,"100 מ""ל",false,,14.90,2.9800,true,1,321541
7290107973861,false,מאסטר שף עגבניות קצוצות דק שלישיה 400ג*3 כשלפ,קונסרזיו קאסאלאסקו ד,IT,מארז עגבניות קצוצות,פריט,1.20,"ק""ג",false,,15.90,13.2500,true,1,295066
7290107975346,false,ספיד סטיק - דאודורנט ג'ל לגבר כוח הטבע 85 גרם,קולגייט-פלמוליב,BY,דאו גל ספיד סטיק כח,גרמים,85.00,100 גרם,false,,17.90,21.0588,true,1,302510
7290107975360,false,ליידי ספיד סטיק פיור פרשנס ג'ל נשים 65ג',ליידי ספיד סטיק Lady Speed Stick,BY,דאו גל ליידי ספיד סט,Unknown,0.00,יחידה,false,,18.90,0.0000,true,1,302504
7290107975544,false,"קולגייט משחת שיניים סמיילס ברבי לגילאי 6 50מ""ל",קולגייט- פלמוליב,PL,משחת קולגייט ילדים ב,מיליליטרים,50.00,"100 מ""ל",false,,11.90,23.8000,true,1,302787
7290107976848,false,פלמוליב סבון מוצק קמומיל רביעייה 360 ג,קולגייט-פלמוליב,,סבון מוצק פלמוליב קמ,גרמים,360.00,100 גרם,false,,16.50,4.5833,true,1,301444
7290107977456,false,"פלמוליב - ג'ל רחצה ושמפו ספורט לגבר 750 מ""ל",קולגייט פלמוליב,TR,ג'ל רחצה פלמוליב לגב,מיליליטרים,750.00,"100 מ""ל",false,,19.50,2.6000,true,1,308685
7290107978132,false,קולגייט מברשת זיגזג שישייה,קולגייט פלמוליב,PL,מברשת קולגייט זיג זג,Unknown,0.00,יחידה,false,,17.90,0.0000,true,1,311697
7290107978453,false,חטיף בטעם גריל קראנצ,קראנצ'וס,IL,קראנצוס גריל 55 גרם,Unknown,0.00,יחידה,false,,1.90,0.0000,true,1,298271
7290107978460,false,חטיף בטעם פלאפל קראנ,קראנצ'וס,IL,קראנצוס פלאפל 55 גרם,גרמים,55.00,100 גרם,false,,1.90,3.4545,true,1,298270
7290108350531,false,סנו ספארק נוזל כלים בניחוח קלאסי עם משאבה 1 ל',מיוצר עי קונדיטוריית,IL,נוזל כלים ספארק + מש,קילוגרמים,1.00,ליטר,false,,9.90,9.9000,true,1,287550
7290108350548,false,סנו ספארק נוזל כלים בניחוח לבנדר עם משאבה 1 ל',מיוצר עי קונדיטוריית,IL,נוזל כלים ספארק + מש,קילוגרמים,1.00,ליטר,false,,9.90,9.9000,true,1,287551
7290108350616,false,סנו - מקסימה מרכך כביסה מרוכז פריחה כחולה 1 ליטר,"סנו מפעלי ברונוס בע""\מ",IL,מרכך מקסימה סופר מרו,קילוגרמים,1.00,ליטר,false,,17.50,17.5000,true,1,292000
7290108350623,false,מרכך כביסה סופר מרוכז סופט סילק מקסימה 1 ל' סנו,"סנו מפעלי ברונוס בע""\מ",IL,מרכך מקסימה סופר מרו,קילוגרמים,1.00,ליטר,false,,17.50,17.5000,true,1,291999
7290108351507,false,מרכך כביסה אינספרישיין סנו מקסימה 4 ליטר,הורביץ סחר,IL,מרכך מקסימה אינספריי,קילוגרמים,4.00,ליטר,false,,21.50,5.3750,true,1,295158
7290108351514,false,מרכך כביסה בלו בלוסום סנו מקסימה 4 ליטר,סנו מקסימה,IL,מרכך מקסימה בלוסום 4,קילוגרמים,4.00,ליטר,false,,21.50,5.3750,true,1,295157
7290108351521,false,גל כביסה סנו מקסימ בניחוח מאסק 5 ל,סנו מקסימה,IL,גל מקסימה מאסק 5 ליט,קילוגרמים,5.00,ליטר,false,,41.90,8.3800,true,1,299726
7290108351675,false,גל כביסה סנו מקסימה מיקס אנד ווש 5 ל,סנו מפעלי ברונוס בעמ,IL,גל מקסימה מיקס אנד ו,קילוגרמים,5.00,ליטר,false,,41.90,8.3800,true,1,324257
7290108351804,false,מרכך כביסה סופר מרוכז Gentl Breeze סנו מקסימה 1 ליטר,מיוצר עי קונדיטוריית,IL,מרכך מקסימה סופר מרו,קילוגרמים,1.00,ליטר,false,,17.50,17.5000,true,1,307717
7290108351811,false,מרכך כביסה סופר מרוכז Floral touch סנו מקסימה 1 ליטר,מיוצר עי קונדיטוריית,IL,מרכך מקסימה סופר מרו,קילוגרמים,1.00,ליטר,false,,17.50,17.5000,true,1,307718
7290108351835,false,מרכך כביסה Pure Sensation סנו מקסימה 4 ליטר,מיוצר עי קונדיטוריית,IL,מרכך מקסימה פלורל 4,קילוגרמים,4.00,ליטר,false,,21.50,5.3750,true,1,309058
7290108352047,false,אורביטול - צמד מברשות שיניים 808 + חוט דנטלי במתנה,החברה הדרומית,IL,מברשת אורביטול לחניכ,Unknown,0.00,יחידה,false,,18.90,0.0000,true,1,323012
7290108352054,false,אורביטול - צמד מברשות שיניים 980 + חוט דנטלי במתנה,החברה הדרומית,IL,מברשת אורביטול סיבים,Unknown,0.00,יחידה,false,,18.90,0.0000,true,1,323013
7290108352115,false,סנובון ווייב לאסלה בתוספת אקונומיקהה 45X3ג',סנו סנובון,IL,סבון אסלה סנובון ז'א,גרמים,165.00,100 גרם,false,,9.90,6.0000,true,1,309489
7290108352146,false,"סנובון נוזלי בניחוח מנגוליה ונרולי סנו 750 מ""ל",סנו מפעלי ברונוס בעמ,IL,סנובון ג'ל מגנוליה ו,מיליליטרים,750.00,"100 מ""ל",false,,8.90,1.1867,true,1,311391
7290108352153,false,"סנובון נוזלי בניחוח לוטוס וסחלב סנו 750 מ""ל",מיוצר עי קונדיטוריית,IL,סנובון ג'ל לוטוס וסח,מיליליטרים,750.00,"100 מ""ל",false,,8.90,1.1867,true,1,311390
7290108352207,false,מקסימה 40 קפסולות לכביסה בניחוח fresh burst,"גליל כימיקלים, א.ת. צפונ",IL,קפסולות ג'ל מקסימה פ,Unknown,0.00,יחידה,false,,28.90,0.0000,true,1,311392
7290108352214,false,סנו - מקסימה קפסולות כביסה בניחוח בריזה מרעננת 40 יח',טרופיקל דגיל תעשיות,IL,קפסולות ג'ל מקסימה ב,Unknown,0.00,יחידה,false,,28.90,0.0000,true,1,311393
7290108352252,false,נוזל לניקוי כלים מתאים לניקוי ירקות ופירות סנו ספארק,"סנו מפעלי ברונוס בע""\מ",IL,נוזל כלים ספארק לחיט,קילוגרמים,1.00,ליטר,false,,9.90,9.9000,true,1,313006
7290108352535,false,סנו - מקסימה דפי בישום לחים למייבש הכביסה בניחוח מרכך כביסה,טרופיגל דגיל תעשיות קוסמ,IL,דפי בישום לחים מקסימ,Unknown,0.00,יחידה,false,,11.90,0.0000,true,1,323014
7290108352566,false,מרכך כביסה בבישום עוצמתי 4 ל' סנו מקסינה,"סנו מפעלי ברונוס בע""\מ",IL,מרכך מקסימה ג'וי 4 ל,קילוגרמים,4.00,ליטר,false,,21.50,5.3750,true,1,321538
7290108352573,false,מרכך כביסה סנו מקסימה בבישום עוצמתי 4 ליטר,"סנו מפעלי ברונוס בע""\מ",IL,מרכך מקסימה קאלם 4 ל,קילוגרמים,4.00,ליטר,false,,21.50,5.3750,true,1,323011
7290108352689,false,כריות קרצוף ללכלוך קשה סנו סושי 9 יחידות,טרופיקל דגיל תעשיות,IL,כריות קרצוף סנו סושי,Unknown,0.00,יחידה,false,,9.90,0.0000,true,1,292041
7290108352696,false,"סנו סושי- ניילון נצמד+ רחב במיוחד 45 ס""מ",פפין ונטג,IL,ניילון נצמד סנו סושי,מטרים,100.00,מטר,false,,29.90,0.2990,true,1,304109
7290108353532,false,"שקיות אשפה חזקות עם שרוך לארג' 54 * 65 ס""מ סנו סושי 100 יחידות",סנו סושי,IL,שקיות אשפה עם שרוך 5,Unknown,0.00,יחידה,false,,29.90,0.0000,true,1,309286
7290108353747,false,"תחליב רחצה אירוודה, בניחוח טונקה 600 מ""ל קרימה","קוסמופארם בע""\מ",IL,תחליב קרמה + משאבה א,מיליליטרים,600.00,"100 מ""ל",false,,16.50,2.7500,true,1,324047
7290108353761,false,"תחליב רחצה זן, בניחוח קשמיר 600 מ""ל קרימה","קוסמופארם בע""\מ",IL,תחליב קרמה + משאבה ז,מיליליטרים,600.00,"100 מ""ל",false,,16.50,2.7500,true,1,324048
7290108353815,false,"תחליב רחצה מדיטציה בניחוח פצ'ולי לבנדר+משאבה 600 מ""ל","קוסמופארם בע""\מ",IL,תחליב קרמה + משאבה מ,מיליליטרים,600.00,"100 מ""ל",false,,16.50,2.7500,true,1,324049
7290108353891,false,"קרמה - דאודורנט רול און לאישה קרמה מאסק 75 מ""ל","קוסמופארם בע""\מ",IL,דאו רול און קרמה מאס,מיליליטרים,75.00,"100 מ""ל",false,,11.90,15.8667,true,1,313037
7290108353907,false,"קרמה - דאודורנט רול און לאישה קרמה קלאסי 75 מ""ל","קוסמופארם בע""\מ",IL,דאו רול און קרמה קלא,מיליליטרים,75.00,"100 מ""ל",false,,11.90,15.8667,true,1,313038
7290108353983,false,"קרמה - קרם גוף קרמה קלאסי 500 מ""ל",טרופיקל דגיל תעשיות,IL,קרם גוף קרמה קלאסי 5,מיליליטרים,500.00,"100 מ""ל",false,,21.90,4.3800,true,1,313029
7290108353990,false,"קרמה - קרם גוף קרמה מאסק 500 מ""ל",טרופיקל דגיל תעשיות,IL,קרם גוף קרמה מאסק 50,מיליליטרים,500.00,"100 מ""ל",false,,21.90,4.3800,true,1,313030
7290108354065,false,קרמה מן גל רחצה פילינג 700 מל לגבר,קוסמופארם בע'\'\מ,IL,גל רחצה קרמה מן פילי,מיליליטרים,700.00,"100 מ""ל",false,,16.50,2.3571,true,1,321532
7290108354270,false,מרכך כביסה מרוכז בבישום עוצמתי 1 ל' סנו מקסימה,מיוצר עי קונדיטוריית,IL,מרכך מקסימה סופר מרו,קילוגרמים,1.00,ליטר,false,,17.50,17.5000,true,1,321539
7290108354416,false,"תחליב רחצה יוגה, בניחוח ברגמוט 600מ""ל קרימה","קוסמופארם בע""\מ",IL,תחליב קרמה + משאבה י,מיליליטרים,600.00,"100 מ""ל",false,,16.50,2.7500,true,1,324050
7290108354447,false,"מרכך כיף לשיקום והזנה שמן קוקוס וקרטין 700 מ""ל",גוד פוד פרודקטס S.p,IL,מרכך כיף שמן קוקוס ו,מיליליטרים,700.00,"100 מ""ל",false,,11.50,1.6429,true,1,315040
7290108354492,false,"קרליין שמפו 10 לשיער שמן ארגן 700 מ""ל","קוסמופארם בע""\מ",IL,שמפו קרליין 10 ארגן,מיליליטרים,700.00,"100 מ""ל",false,,10.90,1.5571,true,1,324436
7290108354607,false,"שמפו בניחוח מי קקטוס ושמן באבאסו 750 מ""ל נקה 7","אמיליה קוסמטיקס בע""מ",IL,שמפו נקה 7 ביו 750,מיליליטרים,750.00,"100 מ""ל",false,,9.90,1.3200,true,1,323009
7290108354614,false,"מרכך בניחוח מי קקטוס ושמן באבאסו 750 מ""ל נקה 7","אמיליה קוסמטיקס בע""מ",IL,מרכך נקה 7 ביו 750,מיליליטרים,750.00,"100 מ""ל",false,,9.90,1.3200,true,1,323010
7290108354850,false,"דאורדוראנט רול און קרמה בריזת ים 75 מ""ל",החברה הדרומית,IL,דאו רול און קרמה ברי,מיליליטרים,75.00,"100 מ""ל",false,,11.90,15.8667,true,1,313039
7290108355154,false,"שמפו שמני הזנה נקה 7 750 מ""ל","אמיליה קוסמטיקס בע""מ",IL,שמפו נקה 7 שמני הזנה,מיליליטרים,750.00,"100 מ""ל",false,,9.90,1.3200,true,1,302496
7290108355161,false,"מרכך שיער שמני הזנה 750 מ""ל נקה 7","אמיליה קוסמטיקס בע""מ",IL,מרכך נקה 7 שמני הזנה,מיליליטרים,750.00,"100 מ""ל",false,,9.90,1.3200,true,1,302497
7290108355451,false,"קרמה - דאודורנט רול און לאישה קרמה ורד ווניל 75 מ""ל","קוסמופארם בע""\מ",IL,דאו רול און קרמה ורד,מיליליטרים,75.00,"100 מ""ל",false,,11.90,15.8667,true,1,313040
7290108355468,false,"דאודורנט רול און קרמה נרולי ומגנוליה 75 מ""ל","קוסמופארם בע""\מ",IL,דאו רול און קרמה נרו,מיליליטרים,75.00,"100 מ""ל",false,,11.90,15.8667,true,1,313041
7290108356106,false,כיף תחליב רחצה חלב שקדים 700 מל,החברה הדרומית,IL,תחליב רחצה כיף חלב ש,מיליליטרים,700.00,"100 מ""ל",false,,9.90,1.4143,true,1,303344
7290108356113,false,"כיף תחליב רחצה דבש 700 מ""ל-מרכז",קוסמופארם בעמ,IL,תחליב רחצה כיף חלב ו,מיליליטרים,700.00,"100 מ""ל",false,,9.90,1.4143,true,1,303345
7290108356120,false,"כיף תחליב רחצה קוקוס וניל 700 מ""ל",קוסמופארם,IL,תחליב רחצה כיף קוקוס,מיליליטרים,700.00,"100 מ""ל",false,,9.90,1.4143,true,1,303347
7290108356151,false,"כיף תחליב רחצה מאסק יסמין 700 מ""ל",גוד פוד פרודקטס S.p,IL,תחליב רחצה כיף מאסק,מיליליטרים,700.00,"100 מ""ל",false,,9.90,1.4143,true,1,303343
7290108356168,false,"כיף - תחליב רחצה אוקיינוס 700 מ""ל",גוד פוד פרודקטס S.p,IL,תחליב רחצה כיף אוקיי,מיליליטרים,700.00,"100 מ""ל",false,,9.90,1.4143,true,1,303348
7290108356175,false,כיף אל סבון אבטיח ומנטה 1 ליטר משאבה,טרופיקל דגיל תעשיות,IL,אלסבון כיף אבטיח מנט,קילוגרמים,1.00,ליטר,false,,9.90,9.9000,true,1,313031
7290108356199,false,אל סבון כיף בניחוח אפרסק ופלפל שחור 1 ל,טרופיקל דגיל תעשיות,IL,אלסבון כיף אפרסק ופל,קילוגרמים,1.00,ליטר,false,,9.90,9.9000,true,1,313033
7290108356489,false,"כיף - תחליב רחצה אפרסק וחמאת מורומורו 700 מ""ל",קוסמופארם בעמ,IL,תחליב רחצה כיף אפרסק,מיליליטרים,700.00,"100 מ""ל",false,,9.90,1.4143,true,1,323017
7290108356519,false,קרליין שמפו 10למניעת קשקשים 700מל,"קוסמופארם בע""\מ",IL,שמפו קרליין 10 פרוטא,מיליליטרים,700.00,"100 מ""ל",false,,10.90,1.5571,true,1,324433
7290108356526,false,"קרליין - שמפו 10 לשיער יבש 700 מ""ל","קוסמופארם בע""\מ",IL,שמפו קרליין 10 פרוטא,מיליליטרים,700.00,"100 מ""ל",false,,10.90,1.5571,true,1,324434
7290108356533,false,קרוליין 10 שמפו לשיער מתולתל 700 מל,"קוסמופארם בע""\מ",IL,שמפו קרליין 10 פרוטא,מיליליטרים,700.00,"100 מ""ל",false,,10.90,1.5571,true,1,324437
7290108356540,false,קרוליין 10 שמפו לשיער צבוע 700 מל,"קוסמופארם בע""\מ",IL,שמפו קרליין 10 פרוטא,מיליליטרים,700.00,"100 מ""ל",false,,10.90,1.5571,true,1,324438
7290108356557,false,"שמפו 10 לשיער למניעת קשקשים 700 מ""ל קרליין","קוסמופארם בע""\מ",IL,שמפו קרליין 10 פרוטא,מיליליטרים,700.00,"100 מ""ל",false,,10.90,1.5571,true,1,324439
7290108356564,false,"קרליין - מרכך 10 לשיער רגיל 700 מ""ל","קוסמופארם בע""\מn\",IL,מרכך קרליין 10 פרוטא,מיליליטרים,700.00,"100 מ""ל",false,,10.90,1.5571,true,1,324440
7290108356571,false,"קרליין - מרכך 10 לשיער יבש 700 מ""ל","קוסמופארם בע""\מ",IL,מרכך קרליין 10 פרוטא,מיליליטרים,700.00,"100 מ""ל",false,,10.90,1.5571,true,1,324441
7290108356588,false,קרוליין 10 מרכך לשיער מתולתל 700 מל,"קוסמופארם בע""\מ",IL,מרכך קרליין 10 פרוטא,מיליליטרים,700.00,"100 מ""ל",false,,10.90,1.5571,true,1,324442
7290108356595,false,"מרכך 10 לשיער צבוע 700 מ""ל קרליין","קוסמופארם בע""\מ",IL,מרכך קרליין 10 פרוטא,מיליליטרים,700.00,"100 מ""ל",false,,10.90,1.5571,true,1,324443
7290108356854,false,מגבונים לחים בניחוח עדין - 5 יחידות במארז,החברה הדרומית,IL,מגבונים בייבי כיף 5*,Unknown,0.00,יחידה,false,,19.90,0.0000,true,1,318821
7290108356861,false,מגבוני בייבי כיף ללא בישום מארז חמישייה,קוסמופארם בעמ,IL,מגבונים בייבי כיף 5*,Unknown,0.00,יחידה,false,,19.90,0.0000,true,1,318830
7290108357189,false,"מבשם ומרכך למייבש הכביסה מקסימה פלורל 750 מ""ל סנו","סנו מפעלי ברונוס בע""\מ",IL,תרסיס מקסימה למייבש,מיליליטרים,750.00,"100 מ""ל",false,,16.90,2.2533,true,1,311388
7290108357202,false,סנוקליר לניקוי בניחוח בלו בלוסום 1 ליטר,"סנו מפעלי ברונוס בע""\מ",IL,תרסיס סנוקליר בלו בל,קילוגרמים,1.00,ליטר,false,,9.90,9.9000,true,1,315041
7290108357226,false,"אוקסיגן POWER אבקה לכביסה לבנה והסרת כתמים 1.4 ק""ג סנו",החברה הדרומית,IL,אבקת אוקסיג'ן לכביסה,פריט,1.40,"ק""ג",false,,28.90,20.6429,true,1,323018
7290108357240,false,"אוקסיג'ן פאוור תוסף להסרת כתמים קשים 1.4 ק""ג",החברה הדרומית,IL,אבקת אוקסיג'ן לכביסה,פריט,1.40,"ק""ג",false,,28.90,20.6429,true,1,323019
7290108357257,false,סנו - פרש מכשיר אוטומטי לבישום אוויר בתוספת מילוי אולטרא פרש,"יצרן מכשיר: זובלה, יצרן",IL,סנו פרש מכשיר אוטומט,Unknown,0.00,יחידה,false,,39.90,0.0000,true,1,323023
7290108357271,false,סנובון ג'ל לניקוי אסלות עם חמצן פעיל לניקוי עוצמתי,סנו מפעלי ברונוס בעמ,IL,סנובון ג'ל אוקסיג'ן,מיליליטרים,750.00,"100 מ""ל",false,,8.90,1.1867,true,1,323015
7290108357288,false,אקונומיקה ז'אוול בניחוח פריחה לבנה 4 ל' סנו,סנו ז'אוול Javel,IL,אקונומיקה סנו גאוול,קילוגרמים,4.00,ליטר,false,,16.90,4.2250,true,1,321535
7290108357295,false,"מרסס אוקסיג'ן מסיר כתמים סנו לכביסה לבנה 750 מ""ל",החברה הדרומית,IL,תרסיס אוקסיגן לכביסה,מיליליטרים,750.00,"100 מ""ל",false,,17.70,2.3600,true,1,323016
7290108357394,false,"תחליב רחצה קרמה חלב ודבש 700 מ""ל",קוסמופארם בע'\'\מ,IL,תחליב קרמה חלב ודבש,מיליליטרים,700.00,"100 מ""ל",false,,16.50,2.3571,true,1,316884
7290108357417,false,"קרמה - קרם גוף קרמה ורד ווניל 500 מ""ל",טרופיקל דגיל תעשיות,IL,קרם גוף קרמה ורד וני,מיליליטרים,500.00,"100 מ""ל",false,,21.90,4.3800,true,1,313034
7290108357851,false,"כיף - ג'ל רחצה אליקסיר אוילס מועשר בשמן קוקוס 700 מ""ל","קוסמופארם בע""\מ",IL,ג'ל רחצה כיף מועשר ב,מיליליטרים,700.00,"100 מ""ל",false,,9.90,1.4143,true,1,321536
7290108357868,false,"כיף - ג'ל רחצה אליקסיר אויל מועשר בשמן מקדמיה 700 מ""ל","קוסמופארם בע""\מ",IL,ג'ל רחצה כיף מועשר ב,מיליליטרים,700.00,"100 מ""ל",false,,9.90,1.4143,true,1,321533
7290108357882,false,"כיף - מרכך לחות מוגברת עם אפרסק וחמאת מורומורו 700 מ""ל",קוסמופארם בעמ,IL,מרכך כיף אפרסק וחמאת,מיליליטרים,700.00,"100 מ""ל",false,,11.50,1.6429,true,1,323021
7290108358070,false,"תחליב רחצה קרמה קלאסי 700 מ""ל",גוד פוד פרודקטס S.p,IL,תחליב קרמה קלאסי 700,מיליליטרים,700.00,"100 מ""ל",false,,16.50,2.3571,true,1,316886
7290108358087,false,"תחליב רחצה קרמה מאסק 700 מ""ל",גוד פוד פרודקטס S.p,IL,תחליב קרמה מאסק 700,מיליליטרים,700.00,"100 מ""ל",false,,16.50,2.3571,true,1,316887
7290108358100,false,"פרש הום מקלות ריחניים לבית בניחוח בייבי 100 מ""ל",סנו fresh,IL,מקלות ריחניים סנו פר,מיליליטרים,100.00,"100 מ""ל",false,,19.90,19.9000,true,1,321531
7290108358117,false,"סנו - פרש הום מקלות ריחניים בניחוח כביסה רעננה 100 מ""ל",החברה הדרומית,IL,מקלות ריחניים סנו פר,מיליליטרים,100.00,"100 מ""ל",false,,19.90,19.9000,true,1,321530
7290108359060,false,סנו סושי כריות הפלא רב תכלתיות *4 לשבת,סנו מפעלי ברונו בעמ,IL,כריות ניקוי לשבת סנו,Unknown,0.00,יחידה,false,,9.90,0.0000,true,1,318823
7290108359190,false,סנו סושי מגבות נייר בגליל כפול פי 3,סנו,IL,מגבות נייר הפלא סנו,מטרים,129.96,מטר,false,,24.90,0.1916,true,1,325026
7290108359824,false,"כיף - בייבי כיף קרם 500 מ""ל",קוסמופארם בעמ,IL,קרם גוף בייבי כיף 50,מיליליטרים,500.00,"100 מ""ל",false,,19.90,3.9800,true,1,303279
7290108359831,false,"כיף - בייבי כיף שמן 500 מ""ל",טרופיקל דגיל תעשיות,IL,שמן לתינוק בייבי כיף,מיליליטרים,500.00,"100 מ""ל",false,,19.90,3.9800,true,1,303274
7290108359848,false,שמפו אל דמע בייבי כיף 1 ליטר,בייבי כיף Baby,IL,שמפו בייבי כיף אל דמ,קילוגרמים,1.00,ליטר,false,,17.90,17.9000,true,1,303272
7290108359862,false,בייבי כיף אל סבון 1 ליטר,בייבי כיף Baby,IL,אל סבון בייבי כיף 1,קילוגרמים,1.00,ליטר,false,,17.90,17.9000,true,1,303273
7290108359886,false,בייבי כיף תחליב רחצה 1 ליטר,בייבי כיף Baby,IL,תחליב רחצה בייבי כיף,קילוגרמים,1.00,ליטר,false,,17.90,17.9000,true,1,303271
7290108359985,false,סנו - ז'אוול מרסס קצף לניקוי וחינו בניחוח פריחה לבנה 1 ליטר,סנו ז'אוול Javel,IL,תרסיס ניקוי סנו גאוו,קילוגרמים,1.00,ליטר,false,,16.90,16.9000,true,1,321537
7290108500677,false,כבד דג שיבוט בשמן דג וילי פוד 115 גרם,"איטיליאן פוד, אס.פי.",IT,כבד דג שיבוט וילי פו,גרמים,120.00,100 גרם,false,,9.90,8.2500,true,1,316466
7290108502305,false,גבינת גרנה פדנו משולש ויליפוד 150 גרם,וילי פוד,GR,גבינת גרנה פדנו משול,גרמים,150.00,100 גרם,false,,18.90,12.6000,true,1,308834
7290108503067,false,פרמז'נו משולש ויליפוד 150 גרם,וילי פוד,IL,פרמזנו משולש ויליפוד,גרמים,150.00,100 גרם,false,,14.90,9.9333,true,1,324258
7290108503159,false,גבינה כחולה עם עובש 31% ויליפוד 100 גרם,קסוס אל פסטור,ES,גבינת כחולה 31% יורו,גרמים,100.00,100 גרם,false,,13.90,13.9000,true,1,308833
7290108503647,false,"DAAWAT אורז בסמטי מהדרין ויליפוד 1 ק""ג",אל.טי.פודס בעמ,IN,אורז בסמטי דאווט 1 ק,פריט,1.00,"ק""ג",false,,11.90,11.9000,true,1,305570
7290108503975,false,פסטה איטליאנה קנלוני ויליפוד 250 גרם,ויליפוד,IT,קנלוני פסטה איטליאנה,גרמים,250.00,100 גרם,false,,9.90,3.9600,true,1,311081
7290108505160,false,יוגורט עם אגסים 4% שומן ויליפוד 150 גרם,Euro יורו מחלבות אירופה,GR,יוגורט יווני עם אגסי,גרמים,150.00,100 גרם,false,,4.80,3.2000,true,1,313287
7290108505184,false,יוגורט עם קוקוס 5% שומן ויליפוד 150 גרם,Euro יורו מחלבות אירופה,GR,יוגורט יווני עם קוקו,גרמים,150.00,100 גרם,false,,4.80,3.2000,true,1,313288
7290108505207,false,יוגורט עם אוכמניות 0% שומן ויליפוד 150 גרם,Euro יורו מחלבות אירופה,GR,יוגורט יווני עם אוכמ,גרמים,150.00,100 גרם,false,,4.80,3.2000,true,1,313292
7290108505726,false,אצבעות גבינת חצי קשה EURO CHEESE ויליפוד 200 גרם,סאסו פטוראגס קומטויס אף,TR,אצבעות גבינה 25% יור,גרמים,200.00,100 גרם,false,,12.90,6.4500,true,1,322386
7290108505740,false,קשקבל גבינה חצי קשה EURO CHEESE ויליפוד 200 גרם,Euro יורו מחלבות אירופה,TR,גבינת קשקבל 25% יורו,גרמים,200.00,100 גרם,false,,12.90,6.4500,true,1,322388
7290108507188,false,כנאפה קפוא אריזה משפחתית 657.5 גרם,ארמה גרופ,TR,כנאפה מאפה שערות קדא,גרמים,450.00,100 גרם,false,,18.90,4.2000,true,1,313395
7290108508369,false,גבינת CHEESE LONG ויליפוד 200 גרם,מוטיבי גידה דיירי אי,TR,שערות גבינה חצי קשה,גרמים,200.00,100 גרם,false,,12.90,6.4500,true,1,322742
7290108508451,false,"משקה יוגורט טבעי 3.2% שומן יורו 200 מ""ל",Euro יורו מחלבות אירופה,TR,משקה יוגורט טבעי יור,מיליליטרים,200.00,"100 מ""ל",false,,4.90,2.4500,true,1,316216
7290108508499,false,"איירן משקה יוגורט בסגנון טורקי יורו 293 מ""ל",Euro יורו מחלבות אירופה,TR,משקה איירן יוגורט בס,מיליליטרים,293.00,"100 מ""ל",false,,4.90,1.6724,true,1,316220
7290108508963,false,קשקבל מגורדת חצי קשה ויליפוד 200 גרם,Euro יורו מחלבות אירופה,TR,גבינת קשקבל מגורדת 2,גרמים,200.00,100 גרם,false,,12.90,6.4500,true,1,322389
7290108620054,false,יין אסטייט קברנה סובניון יבש אדום 750 מל,יקבי ציון,IL,יין אסטייט קברנה סוב,מיליליטרים,750.00,"100 מ""ל",false,,39.90,5.3200,true,1,312550
7290108620078,false,יין אסטייט מרלו יבש אדום 750 מל,יקבי ציון,IL,יין אסטייט מרלו,מיליליטרים,750.00,"100 מ""ל",false,,39.90,5.3200,true,1,312552
7290108620108,false,יין אימפריאל קברנה סובניון אדום 750 מל,יקבי ציון,IL,יין אימפריאל קברנה ס,מיליליטרים,700.00,"100 מ""ל",false,,29.90,4.2714,true,1,312546
7290108620115,false,יין אימפריאל מרלו אדום יבש 750 מל,יקבי ציון,IL,יין אימפריאל מרלו,מיליליטרים,750.00,"100 מ""ל",false,,29.90,3.9867,true,1,312547
7290108620160,false,יין אימפריאל סובניון בלאן לבן יבש 750 מל,יקבי ציון,IL,יין אימפריאל סוביניו,מיליליטרים,750.00,"100 מ""ל",false,,29.90,3.9867,true,1,312555
7290108620207,false,"יין ריזלינג גוורצטרמינר אימפריאל 750 מ""ל",יקבי ציון,IL,יין אימפריאל ריזלינג,מיליליטרים,700.00,"100 מ""ל",false,,29.90,4.2714,true,1,312557
7290108620245,false,מיץ ענבים מובחר לבן 100% טבעי 1 ליטר,יקבי ציון,IL,מיץ ענבים תירוש לבן,קילוגרמים,1.00,ליטר,false,,16.90,16.9000,true,1,320592
7290108620351,false,"יין גן עדן מוסקט המבורג יקבי ציון 750 מ""ל",יקבי ציון,IL,יין גן עדן מוסקט המב,מיליליטרים,750.00,"100 מ""ל",false,,19.90,2.6533,true,1,320589
7290108620368,false,"יין גן עדן מוסקט אלכסנדרוני יקבי ציון 750 מ""ל",יקבי ציון,IL,יין גן עדן מוסקט אלכ,מיליליטרים,750.00,"100 מ""ל",false,,19.90,2.6533,true,1,320590
7290108621105,false,יין 1848 לימיטד אדיש,,IL,יין 1848 לימיטד אדיש,מיליליטרים,750.00,"100 מ""ל",false,,159.90,21.3200,true,1,314082
7290109351025,false,מלך החומוס חומוסטחינה 40% טחינה גולמית,סלטי צבר,IL,חומוסטחינה צבר 400 ג,גרמים,400.00,100 גרם,false,,13.90,3.4750,true,1,289670
7290109351971,false,פריכיות דגנים פיטנס מצופות שוקולד חלב,פרח תעשיות,IL,פריכיות דגנים מצופות,גרמים,84.00,100 גרם,false,,9.90,11.7857,true,1,301220
7290109352916,false,פריכיות דגנים פיטנס מצופות שוקולד לבן,פרח תעשיות,IL,פריכיות דגנים מצופות,גרמים,84.00,100 גרם,false,,9.90,11.7857,true,1,301219
7290109354057,false,קרחון לה פרוטה שרבט אננס תפוז מאגדת 5 יח',תות תעשיות מזון (201,IL,שלגוני לה פרוטה תפוז,גרמים,350.00,100 גרם,false,,17.90,5.1143,true,1,293376
7290109354101,false,"לחמית ללא גלוטן 200 גר' ""אסם""","אסם תעשיות בע""מ",IL,לחמית ל.גלוטן אסם 20,גרמים,200.00,100 גרם,false,,6.90,3.4500,true,1,297176
7290109358482,false,עוגיות קרמוגית במילוי קרם בטעם חלבה,"הגביע מוצרי וופלים בע""\מ",IL,עוגיות קרמוגית במילו,גרמים,200.00,100 גרם,false,,9.90,4.9500,true,1,304823
7290109580043,false,"שניצל תירס קלאסי זוגלובק 1.75 ק""ג",זוגלובק,IL,שניצל תירס זוגלובק 1,פריט,1.75,"ק""ג",false,,49.90,28.5143,true,1,313472
7290109580111,false,צלעות אסאדו מעושנות פרימיום זוגלובק 120 גרם,זוגלובק,IL,צלעות אסאדו מעושנות,גרמים,120.00,100 גרם,false,,24.90,20.7500,true,1,321294
7290109580135,false,קורנדביף פרימיום 180 גרם זוגלובק,זוגלובק,IL,קורנדביף זוגלובק 180,גרמים,180.00,100 גרם,false,,24.90,13.8333,true,1,315952
7290109580142,false,"זוגלובק נקניקיות מן הצומח בד""צ 1.75 ק""ג",קריות זול,IL,נקניקיות מן הצומח זו,פריט,1.75,"ק""ג",false,,49.90,28.5143,true,1,316915
7290109580241,false,נאגטס מן הצומח זוגלובק 500 גרם,זוגלובק טבע,IL,נאגטס שניצלונים מן ה,גרמים,500.00,100 גרם,false,,21.90,4.3800,true,1,322953
7290109580302,false,מארז זוג תה מעושן 350+חזה עוף 350 זוגלובק,זוגלובק,IL,מארז תה מעושן וחרמון,גרמים,700.00,100 גרם,false,,25.90,3.7000,true,1,323687
7290109580326,false,נקניקיות עוף זוגלובק 800 גרם בית יוסף,זוגלובק,IL,נקניקיות עוף זוגלובק,גרמים,800.00,100 גרם,false,,23.90,2.9875,true,1,323688
7290109580357,false,מארז זוג חרמון 300 +חרמון ברביקיו 300 גרם זוגלובק,זוגלובק,IL,מארז חרמון וברביקיו,גרמים,600.00,100 גרם,false,,25.90,4.3167,true,1,323689
7290110000479,false,פריכיות אורז ללא מלח,בטר אנד דיפרנט,IL,פריכיות אורז ללא מלח,גרמים,210.00,100 גרם,false,,7.90,3.7619,true,1,303471
7290110000486,false,פריכיות אורז עם כוסמ,בטר אנד דיפרנט,IL,פריכיות אורז עם כוסמ,גרמים,210.00,100 גרם,false,,7.90,3.7619,true,1,303472
7290110001315,false,מיכל חלבי 2 ליטר 4 י,בטר אנד דיפרנט,IL,מיכל חלבי 2 ליטר 4 י,Unknown,0.00,יחידה,false,,14.90,0.0000,true,1,317868
7290110001612,false,"אריתריטול -ממתיק צמחי 1 ק""ג",בטר אנד דיפרנט,IL,ממתיק צמחי אריתריטול,פריט,1.00,"ק""ג",false,,39.90,39.9000,true,1,321282
7290110001995,false,קופסאות אחסון מלבנית 1ל' חמישייה פרווה,בטר אנד דיפרנט,IL,מארז 4 קופסאות אחסון,Unknown,0.00,יחידה,false,,11.90,0.0000,true,1,324648
7290110002008,false,קופסאות אחסון מלבנית 1ל' חמישייה בשרי,בטר אנד דיפרנט,IL,מארז 4 קופסאות אחסון,Unknown,0.00,יחידה,false,,11.90,0.0000,true,1,324649
7290110002206,false,שמן קוקוס מזוכך בטר אנד דיפרנט 500 מ''ל,"בטר אנד דיפרנט בע""מ",IL,שמן קוקוס מזוכך ב.ד.,מיליליטרים,500.00,"100 מ""ל",false,,19.90,3.9800,true,1,322005
7290110110277,false,"סומרסבי סיידר תפוחים אלכוהולי 4*300 מ""ל","קרלסברג קרואטיה , יב",RO,סיידר תפוחים סומרסבי,קילוגרמים,1.98,ליטר,false,,29.90,15.1010,true,1,317302
7290110110369,false,"שישייה בירה קרלסברג LUMA בקבוק 330 מ""ל",מבשלות בירה בינלאומיות ב,IL,מארז בירה קרלסברג לו,קילוגרמים,1.98,ליטר,false,,34.90,17.6263,true,1,313059
7290110110703,false,מארז ספרייט שישייה פחיות FRIDGE PACK,החברה המרכזית לייצור משק,IL,"מארז ספרייט 6*330 מ""",קילוגרמים,1.98,ליטר,false,,21.90,11.0606,true,1,300927
7290110111809,false,"מארז פחיות פאנטה אורנג' שישייה 330 מ""ל",החברה המרכזית לייצור משק,IL,מארז פאנטה אורנג 6*3,קילוגרמים,1.98,ליטר,false,,21.90,11.0606,true,1,305673
7290110113377,false,קוקה קולה מארז רביעיה 1X4 ליטר,החברה המרכזית לייצור משק,IL,מארז קוקה קולה 4*1 ל,קילוגרמים,4.00,ליטר,false,,24.90,6.2250,true,1,323379
7290110113384,false,קוקה קולה זירו מארז רביעיה 1X4 ליטר,החברה המרכזית לייצור משק,IL,מארז קוקה קולה זירו,קילוגרמים,4.00,ליטר,false,,24.90,6.2250,true,1,323380
7290110114787,false,נביעות+ מים מינרליים בטעם תפוח 1.5 ליטר,נביעות טבע הגליל בעמ,IL,נביעות מים בטעם תפוח,קילוגרמים,1.50,ליטר,false,,8.40,5.6000,true,1,319535
7290110114794,false,נביעות+ מים מינרליים בטעם אפרסק 1.5 ליטר,"נביעות טבע הגליל בע""\מ ,",IL,נביעות מים בטעם אפרס,קילוגרמים,1.50,ליטר,false,,8.40,5.6000,true,1,319536
7290110114800,false,נביעות+ מים מינרליים בטעם ענבים 1.5 ליטר,פארייפאבה אגרואינדוס,IL,נביעות מים בטעם ענבי,קילוגרמים,1.50,ליטר,false,,8.40,5.6000,true,1,319537
7290110114855,false,"נביעות מים מינרליים, שישיה 6 * 1.5 ליטר פקדון",נביעות טבע הגליל בעמ,IL,מים נביעות 6*1.5 ליט,קילוגרמים,9.00,ליטר,false,,12.90,1.4333,true,1,319539
7290110114954,false,מיץ תפוזים מתקתקים 100% 2 ל' פריגת,פריגת מצוננים,IL,מיץ תפוזים מתקתק פרי,קילוגרמים,2.00,ליטר,false,,19.90,9.9500,true,1,319521
7290110114961,false,משקה קל תפוזים פריגת 1.5 ליטר,מבשלות בירה בינלאומיות ב,IL,פריגת תפוזים 1.5 ליט,קילוגרמים,1.50,ליטר,false,,8.80,5.8667,true,1,319540
7290110114985,false,משקה קל אשכוליות פריגת 1.5 ליטר,מבשלות בירה בינלאומיות ב,IL,פריגת אשכוליות 1.5 ל,קילוגרמים,1.50,ליטר,false,,8.80,5.8667,true,1,319542
7290110114992,false,משקה קל לייט אשכוליות פריגת 1.5 ליטר,מבשלות בירה בינלאומיות ב,IL,פריגת אשכוליות דיאט,קילוגרמים,1.50,ליטר,false,,8.80,5.8667,true,1,319543
7290110115005,false,משקה קל ענבים פריגת 1.5 ליטר,מבשלות בירה בינלאומיות ב,IL,פריגת ענבים 1.5 ליטר,קילוגרמים,1.50,ליטר,false,,8.80,5.8667,true,1,319544
7290110115029,false,"פריגת משק""ל תפוח 1.5 ליטר פיקדון",מבשלות בירה בינלאומיות ב,IL,פריגת תפוח 1.5 ליטר,קילוגרמים,1.50,ליטר,false,,8.80,5.8667,true,1,319546
7290110115036,false,משקה קל מנגו פריגת 1.5 ליטר,מבשלות בירה בינלאומיות ב,IL,פריגת מנגו 1.5 ליטר,קילוגרמים,1.50,ליטר,false,,8.80,5.8667,true,1,319547
7290110115043,false,משקה קל לימונענע פריגת 1.5 ליטר,מבשלות בירה בינלאומיות ב,IL,פריגת לימונענע 1.5 ל,קילוגרמים,1.50,ליטר,false,,8.80,5.8667,true,1,319548
7290110115050,false,פריגת מיקס תות בננה 1.5 ליטר פיקדון,מבשלות בירה בינלאומיות ב,IL,פריגת מיקס תות בננה,קילוגרמים,1.50,ליטר,false,,8.80,5.8667,true,1,319549
7290110115081,false,פריגת צלול ענבים 1.5 ליטר פיקדון,"מבשלות בירה לישראל בע""\מ",IL,פריגת צלול ענבים 1.5,קילוגרמים,1.50,ליטר,false,,8.20,5.4667,true,1,319553
7290110115104,false,פריגת צלול אפרסק 1.5 ליטר פיקדון,מבשלות בירה בינלאומיות ב,IL,פריגת צלול אפרסק 1.5,קילוגרמים,1.50,ליטר,false,,8.20,5.4667,true,1,319554
7290110115111,false,פריגת צלול אננס 1.5 ליטר פיקדון,"מבשלות בירה לישראל בע""\מ",IL,פריגת צלול אננס 1.5,קילוגרמים,1.50,ליטר,false,,8.20,5.4667,true,1,319555
7290110115128,false,פריגת צלול בטעם לימונענע 1.5 ליטר פיקדון,"מבשלות בירה לישראל בע""\מ",IL,פריגת צלול לימונענע,קילוגרמים,1.50,ליטר,false,,8.20,5.4667,true,1,319556
7290110115180,false,מים מינרלים נביעות 1.5 ליטר,"נביעות טבע הגליל בע""",IL,מים נביעות 1.5 ליטר,קילוגרמים,1.50,ליטר,false,,2.90,1.9333,true,1,320003
7290110115203,false,קוקה קולה 1.5 ליטר פיקדון,החברה המרכזית לייצור משק,IL,קוקה קולה 1.5 ליטר,קילוגרמים,1.50,ליטר,false,,8.90,5.9333,true,1,319557
7290110115227,false,קוקה-קולה זירו בקבוק 1.5 ליטר,החברה המרכזית לייצור משק,IL,קוקה קולה זירו 1.5 ל,קילוגרמים,1.50,ליטר,false,,8.90,5.9333,true,1,319559
7290110115234,false,קוקה-קולה זירו נטול בקבוק 1.5 ליטר,החברה המרכזית לייצור משק,IL,קוקה קולה זירו נטול,קילוגרמים,1.50,ליטר,false,,8.90,5.9333,true,1,319560
7290110115241,false,קוקה-קולה זירו לימון בקבוק 1.5 ליטר,החברה המרכזית לייצור משק,IL,קוקה קולה זירו לימון,קילוגרמים,1.50,ליטר,false,,8.90,5.9333,true,1,319561
7290110115265,false,ספרייט לימון ליים 1.5 ליטר-,החברה המרכזית לייצור משק,IL,ספרייט למון ליים 1.5,קילוגרמים,1.50,ליטר,false,,8.90,5.9333,true,1,319567
7290110115272,false,ZERO ספרייט 1.5 ליטר פיקדון,החברה המרכזית לייצור משק,IL,ספרייט זירו 1.5 ליטר,קילוגרמים,1.50,ליטר,false,,8.90,5.9333,true,1,319568
7290110115289,false,ספרייט 19 קל' לימון-נענע 1.5 ליטר פיקדון,החברה המרכזית לייצור משק,IL,ספרייט לימון נענע 1.,קילוגרמים,1.50,ליטר,false,,8.90,5.9333,true,1,319569
7290110115302,false,משקה מוגז אורנג' זירו פאנטה 1.5 ליטר,החברה המרכזית לייצור משק,IL,פאנטה אורנג זירו 1.5,קילוגרמים,1.50,ליטר,false,,8.20,5.4667,true,1,319571
7290110115319,false,פאנטה אקזוטיק 1.5 ליטר פיקדון,החברה המרכזית לייצור משק,IL,פאנטה אקזוטיק 1.5 לי,קילוגרמים,1.50,ליטר,false,,8.20,5.4667,true,1,319574
7290110115333,false,פאנטה תות 1.5 ליטר פיקדון,החברה המרכזית לייצור משק,IL,פאנטה תות 1.5 ליטר,קילוגרמים,1.50,ליטר,false,,8.20,5.4667,true,1,319576
7290110115364,false,שישייה קוקה קולה 1.5 ליטר פיקדון,החברה המרכזית לייצור משק,IL,מארז קוקה קולה 6*1.5,קילוגרמים,9.00,ליטר,false,,49.90,5.5444,true,1,319563
7290110115388,false,ספרייט ליים שישיות 1.5 ליטר פיקדון,החברה המרכזית לייצור משק,IL,מארז ספרייט ליים 6*1,קילוגרמים,9.00,ליטר,false,,44.90,4.9889,true,1,319572
7290110115395,false,ZERO ספרייט שישיות 1.5 ליטר פיקדון,החברה המרכזית לייצור משק,IL,מארז ספרייט זירו 6*1,קילוגרמים,9.00,ליטר,false,,42.90,4.7667,true,1,319573
7290110115401,false,קינלי סודה שישייה 1.5 ליטר פיקדון,החברה המרכזית לייצור משק,IL,מארז סודה קינלי 6 *1,קילוגרמים,9.00,ליטר,false,,14.90,1.6556,true,1,319580
7290110115418,false,מארז שישייה קוקה קולה זירו 1.5 ל',החברה המרכזית לייצור משק,IL,מארז קוקה קולה זירו,קילוגרמים,9.00,ליטר,false,,46.90,5.2111,true,1,319564
7290110115449,false,אייס תה בטעם מנגו אננס 1.5ל' FUZE TEA,מבשלות בירה בינלאומיות ב,IL,פיוז תה אננס 1.5 ליט,קילוגרמים,1.50,ליטר,false,,8.90,5.9333,true,1,319582
7290110115456,false,"תה קר בטעם אפרסק 19 קלוריות ב- 100 מ""ל",מבשלות בירה בינלאומיות ב,IL,פיוז תה אפרסק מופחת,קילוגרמים,1.50,ליטר,false,,8.90,5.9333,true,1,319583
7290110115463,false,פיוז טי אפרסק 1.5 ליטר פיקדון,מבשלות בירה בינלאומיות ב,IL,פיוז תה אפרסק 1.5 לי,קילוגרמים,1.50,ליטר,false,,8.90,5.9333,true,1,319584
7290110115494,false,תה קר בטעם ענבים פיוז טי 1.5 ליטר,מבשלות בירה בינלאומית בע,IL,פיוז תה ענבים 1.5 לי,קילוגרמים,1.50,ליטר,false,,8.90,5.9333,true,1,319587
7290110115616,false,FUZE tea zero גרין אננס 1.5 ליטר פיקדון,מבשלות בירה בינלאומיות ב,IL,פיוז תה זירו גרין אנ,קילוגרמים,1.50,ליטר,false,,8.90,5.9333,true,1,320437
7290110115623,false,משקה פיוז טי זירו ZERO בטעם אפרסק,מבשלות בירה בינלאומיות ב,IL,פיוז תה זירו אפרסק 1,קילוגרמים,1.50,ליטר,false,,8.90,5.9333,true,1,320438
7290110116064,false,פאנטה ZERO פירות ירוק 1.5 ליטר פיקדון,החברה המרכזית לייצור משק,IL,פאנטה אננס מנגו זירו,קילוגרמים,1.50,ליטר,false,,8.20,5.4667,true,1,323685
7290110116125,false,"סירופ בטעם פטל פריגת 750 מ""ל",סירופ - גבעת חיים,IL,סירופ בטעם פטל במתיק,מיליליטרים,750.00,"100 מ""ל",false,,24.90,3.3200,true,1,323756
7290110116132,false,"סירופ בטעם לימון פריגת 750 מ""ל",סירופ - גבעת חיים,IL,סירופ בטעם לימון פרי,מיליליטרים,750.00,"100 מ""ל",false,,24.90,3.3200,true,1,323753
7290110116149,false,"סירופ בטעם ענבים פריגת 750 מ""ל",סירופ - גבעת חיים,IL,סירופ בטעם ענבים במת,מיליליטרים,750.00,"100 מ""ל",false,,24.90,3.3200,true,1,323754
7290110116194,false,נביעות+ סדרת 0 קלוריות לימון-ליים 1.5 ליטר,"נביעות טבע הגליל בע""\מ",IL,נביעות 0 קלוריות מים,קילוגרמים,1.50,ליטר,false,,8.40,5.6000,true,1,323787
7290110116552,false,ספרייט לימון היט 1.5 ליטר LIME פיקדון,החברה המרכזית לייצור משק,IL,ספרייט למון היט 1.5,קילוגרמים,1.50,ליטר,false,,8.90,5.9333,true,1,324605
7290110116569,false,"ספרייט זירו ZERO בק LEMON HIT, 1.5 ליטר",החברה המרכזית לייצור משק,IL,ספרייט זירו לימון הי,קילוגרמים,1.50,ליטר,false,,8.90,5.9333,true,1,324603
7290110320683,false,שמיניית משקה יוגורט 1.5% טעם תות יופלה 107 גרם,מיוצר עי קונדיטוריית,IL,משקה יוגורט תות יופל,גרמים,800.00,100 גרם,false,,16.90,2.1125,true,1,298164
7290110320867,false,פתיתים גבינה חצי קשה מגורדת 28% שומן,תנובה מרכז שיתופי לש,IL,גבינה מגורדת עמק 500,גרמים,500.00,100 גרם,false,,32.90,6.5800,true,1,299038
7290110321277,false,קוטג' בקטנה 5% תנובה 100 גרם מהדרין,פארייפאבה אגרואינדוס,IL,קוטג בקטנה 5% תנובה,גרמים,100.00,100 גרם,false,,2.50,2.5000,true,1,315907
7290110321284,false,קוטג' בקטנה 9% תנובה 100 גרם מהדרין,פארייפאבה אגרואינדוס,IL,קוטג בקטנה 9% תנובה,גרמים,100.00,100 גרם,false,,2.50,2.5000,true,1,315908
7290110321468,false,"מאגדת 12 יח' יופלה תות בד""צ 3% שומן בד""צ עד""ח",תנובה מרכז שיתופי לש,IL,מארז יופלה מחית תות,קילוגרמים,1.20,ליטר,false,,25.90,21.5833,true,1,299819
7290110322014,false,טופו בטעם טבעי תנובה ALTERNATIVE,שוורצקוף& הנקל דיסלד,IL,טופו בטעם טבעי אלטרנ,גרמים,300.00,100 גרם,false,,11.80,3.9333,true,1,314065
7290110322021,false,"תנובה טופו בזיליקום 300 גר' בד""צ",שוורצקוף& הנקל דיסלד,IL,טופו בטעם בזיליקום א,גרמים,300.00,100 גרם,false,,11.80,3.9333,true,1,314066
7290110322038,false,טופו פיקנטי תנובה ALTERNATIVE,תנובה Alternative,IL,טופו פיקנטי אלטרנטיב,גרמים,300.00,100 גרם,false,,11.80,3.9333,true,1,314067
7290110323097,false,מעדן גבינה עם תות 5% שומן 80 ג' תנובה,תנובה בעמ,IL,תאומים מעדן גבינה עם,גרמים,80.00,100 גרם,false,,1.70,2.1250,true,1,325092
7290110323714,false,משקה קוקוס שקדים תנובה E אלטרנטיב,מיוצר עי קונדיטוריית,IL,משקה קוקוס שקדים אלט,קילוגרמים,1.00,ליטר,false,,11.60,11.6000,true,1,304680
7290110323998,false,מאגדת שמינייה מיני קרלו קצפת 8*77 ג',תנובה מרכז שיתופי לש,IL,מארז קרלו מיני עם קצ,גרמים,616.00,100 גרם,false,,11.90,1.9318,true,1,317578
7290110324070,false,גבינת חלומי מחלב בקר תנובה 200 גרם,"תנובה בע""\מ",IL,גבינת חלומי 30% פירא,גרמים,200.00,100 גרם,false,,17.90,8.9500,true,1,316651
7290110324551,false,יופלה טיוב יוגורט במרקם חלק תות כשרות מהדרין,"תנובה בע""\מ",IL,מארז יופלה טיוב תות,גרמים,348.00,100 גרם,false,,11.90,3.4195,true,1,305858
7290110324711,false,ממרח סויה 9% שומן בטעם טבעי תנובה 250 גרם,מיוצר עי קונדיטוריית,IL,ממרח סויה בטעם טבעי,גרמים,250.00,100 גרם,false,,7.90,3.1600,true,1,308607
7290110324728,false,ממרח סויה 9% שומן עם שום שמיר תנובה 250 גרם,מיוצר עי קונדיטוריית,IL,ממרח סויה עם שום שמי,גרמים,250.00,100 גרם,false,,7.90,3.1600,true,1,308608
7290110324841,false,מעדן שקדים עם שוקולד מריר תנובה 125 גרם,מיוצר עי קונדיטוריית,IL,מעדן שקדים שוקולד מר,גרמים,125.00,100 גרם,false,,3.90,3.1200,true,1,309114
7290110324858,false,מעדן שקדים בטעם אגוזי לוז תנובה 125 גרם,מיוצר עי קונדיטוריית,IL,מעדן שקדים אגוזי לוז,גרמים,125.00,100 גרם,false,,3.90,3.1200,true,1,309115
7290110324926,false,משקה סויה ללא תוספת סוכר E אלטרנטיב,תנובה מרכז שיתופי לש,IL,משקה סויה ללא תוספת,קילוגרמים,1.00,ליטר,false,,9.90,9.9000,true,1,308738
7290110325510,false,יופלה טיוב יוגורט במרקם חלק בטעם וניל-יוניקור,"תנובה בע""\מ",IL,מארז יופלה טיוב וניל,גרמים,348.00,100 גרם,false,,11.90,3.4195,true,1,309256
7290110325619,false,משקה שיבולת שועל תנובה E אלטרנטיב,מיוצר עי קונדיטוריית,IL,משקה שיבולת שועל אלט,קילוגרמים,1.00,ליטר,false,,11.60,11.6000,true,1,309353
7290110325893,false,משקה חלב GO מועשר בחלבון בטעם אייס קפה,מיוצר עי קונדיטוריית,IL,משקה GO אייס קפה 27,מיליליטרים,340.00,"100 מ""ל",false,,6.90,2.0294,true,1,312110
7290110326210,false,יופלה און טופ פצפוצים תנובה 157 גרם,מיוצר עי קונדיטוריית,IL,יופלה און טופ פצפוצי,גרמים,157.00,100 גרם,false,,4.70,2.9936,true,1,310995
7290110326227,false,יופלה און טופ קורנפלקס תנובה 157 גרם,מיוצר עי קונדיטוריית,IL,יופלה און טופ קורנפל,גרמים,157.00,100 גרם,false,,4.70,2.9936,true,1,310998
7290110326234,false,יופלה און טופ כוכבים תנובה 157 גרם,מיוצר עי קונדיטוריית,IL,יופלה און טופ כוכבים,גרמים,157.00,100 גרם,false,,4.70,2.9936,true,1,310996
7290110326241,false,יופלה און טופ גרנולה תנובה 157 גרם,מיוצר עי קונדיטוריית,IL,יופלה און טופ גרנולה,גרמים,157.00,100 גרם,false,,4.70,2.9936,true,1,310999
7290110327033,false,משקה סויה תנובה גו מועשר בחלבון במתיקות מופחתת,מיוצר עי קונדיטוריית,IL,משקה סויה מועשר בחלב,קילוגרמים,1.00,ליטר,false,,11.60,11.6000,true,1,312951
7290110328016,false,משקה סויה מועשר בחלבון בטעם אגוזי לוז 250 גרם,שוורצקוף& הנקל דיסלד,IL,משקה סויה מועשר בטעם,מיליליטרים,250.00,"100 מ""ל",false,,5.90,2.3600,true,1,316032
7290110328504,false,טריו - מיקס גבינות מוצרלה סקנדינבית וגאודה 300 גרם,מיוצר עי קונדיטוריית,IL,טריו פתיתים מיקס 3 ג,גרמים,300.00,100 גרם,false,,23.90,7.9667,true,1,316527
7290110328627,false,יוגורט יופלה GO במרקם סמיך בטעם בננה קרמל 0%,מיוצר עי קונדיטוריית,IL,יוגורט גו יופלה סמיך,גרמים,200.00,100 גרם,false,,5.50,2.7500,true,1,317655
7290110328641,false,alternative טופו טבעי תנובה 2*250 גרם,תנובה חלב,IL,טופו טבעי אלטרנטיב 2,גרמים,500.00,100 גרם,false,,16.90,3.3800,true,1,323283
7290110328764,false,יוגורט יופלה GO במרקם סמיך עם תות 0%,מיוצר עי קונדיטוריית,IL,יוגורט גו יופלה סמיך,גרמים,200.00,100 גרם,false,,5.50,2.7500,true,1,317658
7290110328771,false,יוגורט יופלה GO במרקם סמיך עם פירות יער 0%,מיוצר עי קונדיטוריית,IL,יוגורט גו יופלה סמיך,גרמים,200.00,100 גרם,false,,5.50,2.7500,true,1,317656
7290110328788,false,יוגורט יופלה GO במרקם סמיך בטעם אפרסק 0%,תנובה מרכז שיתופי לש,IL,יוגורט גו יופלה סמיך,גרמים,200.00,100 גרם,false,,5.50,2.7500,true,1,317657
7290110328931,false,פתיתי גבינה צהובה למאפים 500 גרם השף הלבן,"תנובה בע""\מ",IL,פתיתי גבינה למאפים ה,גרמים,500.00,100 גרם,false,,24.90,4.9800,true,1,325082
7290110329136,false,מעדן חלב מעושר בחלבון בטעם שוקולד 120 ג' GO,תנובה מרכז שיתופי לש,IL,מעדן חלב גו 12 מועשר,גרמים,120.00,100 גרם,false,,4.50,3.7500,true,1,320080
7290110329143,false,מעדן חלב מעושר בחלבון בטעם וניל גביע 120 ג' GO,תנובה מרכז שיתופי לש,IL,מעדן חלב גו 12 מועשר,גרמים,120.00,100 גרם,false,,4.50,3.7500,true,1,320081
7290110329303,false,פרוסות בטעם צהובה קלאסית אלטרנטיב 200 גר,תנובה Alternative,IL,פרוסות צהובה קלאסית,גרמים,200.00,100 גרם,false,,19.90,9.9500,true,1,323281
7290110329686,false,"משקה חלב גו בטעם עוגיות 340 מ""ל",מיוצר עי קונדיטוריית,IL,משקה GO בטעם עוגיות,מיליליטרים,340.00,"100 מ""ל",false,,6.90,2.0294,true,1,323282
7290110329716,false,משקה חלב קר בטעם קפוצ'ינו 230 גרם תנובה,תנובה מרכז שיתופי לש,IL,משקה קפה קר בטעם קפו,מיליליטרים,230.00,"100 מ""ל",false,,6.90,3.0000,true,1,322607
7290110329723,false,משקה חלב קר בטעם לאטה 230 גרם תנובה,תנובה מרכז שיתופי לש,IL,משקה קפה קר בטעם לאט,מיליליטרים,230.00,"100 מ""ל",false,,6.90,3.0000,true,1,322608
7290110329730,false,"משקה חלב עם שוקולד וקפה בסגנון לאטה 2.7%  230 מ""ל תנובה",תנובה מרכז שיתופי לש,IL,משקה קפה קר בטעם לאט,מיליליטרים,230.00,"100 מ""ל",false,,6.90,3.0000,true,1,322609
7290110329792,false,יוגורט סויה BIO Alternative אפרסק 150 ג' תנובה,מיוצר עי קונדיטוריית,IL,מעדן סויה ביו אפרסק,גרמים,150.00,100 גרם,false,,4.40,2.9333,true,1,320454
7290110329808,false,יוגורט סויה BIO Alternative תות 150 ג' תנובה,מיוצר עי קונדיטוריית,IL,מעדן סויה ביו תות אל,גרמים,150.00,100 גרם,false,,4.40,2.9333,true,1,320455
7290110329815,false,סויה BIO מתיקות מעודנת גביע 150 גרם אלטרנטיב,מיוצר עי קונדיטוריית,IL,מעדן סויה ביו מתיקות,גרמים,150.00,100 גרם,false,,4.40,2.9333,true,1,320456
7290110329822,false,יוגורט סויה BIO Alternative פירות יער 150 ג' תנובה,מיוצר עי קונדיטוריית,IL,מעדן סויה ביו פירות,גרמים,150.00,100 גרם,false,,4.40,2.9333,true,1,320457
7290110329839,false,פרוסות צהובה בטעם זיתים 200 ג' אלטרנטיב אלטרנטיב,מיוצר עי קונדיטוריית,IL,פרוסות צהובה בטעם זי,גרמים,200.00,100 גרם,false,,19.90,9.9500,true,1,323273
7290110329846,false,יוגורט סויה BIO Alternative בטעם טבעי 150 ג' תנובה,מיוצר עי קונדיטוריית,IL,מעדן סויה ביו טבעי א,גרמים,150.00,100 גרם,false,,4.40,2.9333,true,1,320458
7290110329914,false,מאגדת משקה שיבולת שועל ושקדים 100 גרם*6 יח' ביו אלטרנטיב,תנובה מרכז שיתופי לש,IL,משקה ביו שיבולת שועל,מיליליטרים,600.00,"100 מ""ל",false,,7.90,1.3167,true,1,323328
7290110552121,false,יוגורט 5% בתוספת סידן וויטמין D היוגורט הראשון שלי,תנובה מרכז שיתופי לש,IL,דנונה היוגורט הראשון,גרמים,100.00,100 גרם,false,,2.20,2.2000,true,1,322470
7290110552220,false,יוגורט PRO בטעם תות 0% סוכר לבן 20 גרם חלבון בגביע,"שטראוס בריאות בע""\מ",IL,דנונה פרו 20 תות ללא,גרמים,200.00,100 גרם,false,,5.90,2.9500,true,1,320370
7290110552237,false,יוגורט פרו בטעם אפרסק מנגו ללא סוכר 200 ג' דנונה,"שטראוס בריאות בע""\מ",IL,דנונה פרו 20 אפרסק ו,גרמים,200.00,100 גרם,false,,5.90,2.9500,true,1,320371
7290110554422,false,פומודורו רוטב עגבניות ופלפלים לשקשוקה לפסטה יד מרדכי 350 גרם,אמיליאנה קונסרב סוסייטה,IT,רוטב עגבניות ופלפלים,גרמים,350.00,100 גרם,false,,10.80,3.0857,true,1,323641
7290110554583,false,מארז חטיפי צ'יטוס פאפס בטעם גבינה - 10 יחידות,"שטראוס פריטו ליי בע""\מ )",IL,מארז צ'יטוס בטעם גבי,גרמים,200.00,100 גרם,false,,11.50,5.7500,true,1,320541
7290110554729,false,קפסולות עלית אספרסו 04 תואמות למכונות NESPRESSO,שטראוס קפה בי.וי.,IL,קפסולות עלית מס 04 ל,גרמים,50.00,100 גרם,false,,15.50,31.0000,true,1,322223
7290110554798,false,פולי אספרסו עשירים וארומטיים עוצמה 8 עלית 250 גרם,שטראוס קפה בי. וי.,IL,פולי קפה ארומטיים בק,גרמים,250.00,100 גרם,false,,19.90,7.9600,true,1,324664
7290110555009,false,זוג פסאטה מחית עגבניות חלקה יד מרדכי 700 גרם,אמיליאנה קונסרב ס.פ.,IT,מחית עגבניות פסאטה י,גרמים,700.00,100 גרם,false,,11.90,1.7000,true,1,323333
7290110556242,false,"שוקולד מריר פרווה 100 גר' בד""ץ תוצרת חוץ","שטראוס גרופ בע""מ.",IL,שוקולד פרה מריר 100,גרמים,100.00,100 גרם,false,,5.90,5.9000,true,1,323805
7290110557027,false,חומוס עשיר 50% טחינה גולמית 400 ג' אחלה,מיוצר עי קונדיטוריית,IL,חומוס עשיר ב50% טחינ,גרמים,400.00,100 גרם,false,,12.90,3.2250,true,1,320071
7290110557102,false,מעדן חלב עם שוקולד מועשר בחלבון 150 ג' שטראוס,מיוצר עי קונדיטוריית,IL,מעדן חלב עם שוקולד פ,גרמים,150.00,100 גרם,false,,4.90,3.2667,true,1,319030
7290110557133,false,מעדן הגולן וניל 125 ג' שטראוס,מיוצר עי קונדיטוריית,IL,מעדן הגולן וניל 125,מיליליטרים,125.00,"100 מ""ל",false,,2.80,2.2400,true,1,319364
7290110557317,false,יוגורט בתוספת סידן וויטמין ד עם שיבולת שועל 100 ג' דנונה,תנובה מרכז שיתופי לש,IL,דנונה היוגורט הראשון,גרמים,100.00,100 גרם,false,,2.20,2.2000,true,1,322471
7290110557478,false,חומוס גלילי במרקם מעודן 600 גרם,"שטראוס גרופ בע""\מ",IL,חומוס גלילי אחלה 600,גרמים,600.00,100 גרם,false,,11.90,1.9833,true,1,321363
7290110558154,false,דנונה לייט אנד פרי עוגת תפוחים 150ג דנונה,"שטראוס בריאות בע""\מ",IL,דנונה לייט אנד פרי ב,גרמים,150.00,100 גרם,false,,4.50,3.0000,true,1,323337
7290110558222,false,"וואו יוגורט עם שכבה בטעם בנופי פאי 5.4%, 150ג דנונה","שטראוס בריאות בע""\מ",IL,דנונה WOW עם שכבה בט,מיליליטרים,150.00,"100 מ""ל",false,,4.50,3.0000,true,1,323339
7290110558239,false,"וואו יוגורט עם שכבה בטעם קראק פאי 5.4%, 150 ג דנונה","שטראוס בריאות בע""\מ",IL,דנונה WOW עם שכבה בט,מיליליטרים,150.00,"100 מ""ל",false,,4.50,3.0000,true,1,323340
7290110558253,false,דנונה שייק נונה ריפרש בננה אננס וצ'יה,"שטראוס בריאות בע""\מ",IL,משקה דנונה ריפרש בננ,גרמים,250.00,100 גרם,false,,5.50,2.2000,true,1,322846
7290110558314,false,דנונה פרו 20 גרם חלבון ללא סוכר פיסטוק 200 גרם,"שטראוס בריאות בע""\מ",IL,דנונה פרו 20 בטעם פי,גרמים,200.00,100 גרם,false,,5.90,2.9500,true,1,323336
7290110558666,false,מעדן גבינה בטעם תפוח 88 ג' דניאלה,"שטראוס בריאות בע""\מ",IL,דניאלה בטעם תפוח 88,גרמים,88.00,100 גרם,false,,3.90,4.4318,true,1,324331
7290110559748,false,ריל מאגדת שקדים קוקוס ושוקולד מריר שטראוס 105 גרם,"ואמואליס פודס אס.איי,",GR,מאגדת ריל אנרג'י שקד,גרמים,105.00,100 גרם,false,,14.90,14.1905,true,1,323006
7290110559755,false,ריל מאגדת בוטנים פיסטוק וחמוציות שטראוס 105 גרם,"ואמואליס פודס אס.איי,",GR,מאגדת ריל אנרג'י בוט,גרמים,105.00,100 גרם,false,,14.90,14.1905,true,1,323007
7290110559762,false,ריל מאגדת אגוזים תמרים קוקוס שטראוס 105 גרם,"ואמואליס פודס אס.איי,",GR,מאגדת ריל אנרג'י אגו,גרמים,105.00,100 גרם,false,,14.90,14.1905,true,1,323008
7290110560300,false,"הפריכיות הטעימות חומוס, עדשים שחורות, קינואה ופלפל שחור",אנרג'י Energy - שטראוס,IL,פריכיות אנרג'י משולש,גרמים,30.00,100 גרם,false,,4.90,16.3333,true,1,312992
7290110560317,false,"הפריכיות הטעימות חומוס, עדשים שחורות, קינואה ומלח ים","פרח תעשיו מזון בע""מ",IL,פריכיות אנרג'י משולש,גרמים,30.00,100 גרם,false,,4.90,16.3333,true,1,312993
7290110560324,false,"הפריכיות הטעימות תפו""א, אורז, אפונה ומלח ים","פרח תעשיו מזון בע""מ",IL,פריכיות אנרג'י משולש,גרמים,30.00,100 גרם,false,,4.90,16.3333,true,1,312994
7290110561352,false,דנונה יוגורט ביו פרוביוטי 3% דל לקטוז 150ג',"שטראוס בריאות בע""\מ",IL,דנונה דל לקטוז בתוספ,גרמים,200.00,100 גרם,false,,3.90,1.9500,true,1,317912
7290110561604,false,מארז 8 יחידות מעדן גמדים בטעם תות בננה,"שטראוס בריאות בע""\מ",IL,מארז גמדים תות בננה,גרמים,800.00,100 גרם,false,,17.90,2.2375,true,1,300701
7290110563462,false,חלב 2% דל לקטוז בבקבוק יטבתה 1 ליטר.,מחלבת יטבתה,IL,חלב מועשר נטול לקטוז,קילוגרמים,1.00,ליטר,false,,7.80,7.8000,true,1,309632
7290110564339,false,חומוס אחלה הסידרה המובחר 30% טחינה 400 גר',מיוצר עי קונדיטוריית,IL,חומוס עשיר ב30% טחינ,גרמים,400.00,100 גרם,false,,12.90,3.2250,true,1,300689
7290110564360,false,חומוס אחלה הסידרה המובחר 40% טחינה 400 גר',מיוצר עי קונדיטוריית,IL,חומוס עשיר ב40% טחינ,גרמים,400.00,100 גרם,false,,12.90,3.2250,true,1,300688
7290110564414,false,חומוס אחלה הסידרה המובחר 30% טחינה 600 גר',מיוצר עי קונדיטוריית,IL,חומוס עשיר ב 30% טחי,גרמים,600.00,100 גרם,false,,14.90,2.4833,true,1,300685
7290110565527,false,יוגורט PRO פרו 1.5% 20 גרם חלבון בגביע,"שטראוס בריאות בע""מ",IL,דנונה פרו טבעי 1.5%,גרמים,200.00,100 גרם,false,,5.90,2.9500,true,1,299601
7290110565572,false,מארז קפה טורקי עלית לדרך עם הל 168 גרם,שטראוס קפה בי.וי.,IL,קפה טורקי הל לדרך 2,גרמים,168.00,100 גרם,false,,17.90,10.6548,true,1,323808
7290110566043,false,יוגורט 4.5% שומן 3 ל' שטראוס,"מחלבות בר בכפר בע""מ",IL,משקה יוגורט 4% שטראו,פריט,3.00,"ק""ג",false,,26.90,8.9667,true,1,301733
7290110566623,false,קפסולות קולומביה עלית 08 למכונת נספרסו מארז 5X10ג',שטראוס קפה בי.וי.,IL,קפסולות עלית קולומבי,גרמים,50.00,100 גרם,false,,15.50,31.0000,true,1,302218
7290110566975,false,דנונה פרו יוגורט 0% תות עשיר בחלבון 200ג',"שטראוס בריאות בע""\מ",IL,דנונה פרו תות 0% 200,גרמים,200.00,100 גרם,false,,5.90,2.9500,true,1,301626
7290110568238,false,"קצפת צמחית 21% שומן 250 מ""ל יוטבתה",מחלבת יטבתה,IL,קצפת צמחית במתיקות מ,מיליליטרים,250.00,"100 מ""ל",false,,7.90,3.1600,true,1,315968
7290110568559,false,דוריטוס עלית מארז חמוץ חריף 10 יח' *25 ג',"שטראוס פריטו ליי בע""מ )פ",IL,מארז דוריטוס חמוץ חר,גרמים,250.00,100 גרם,false,,10.90,4.3600,true,1,302099
7290110568566,false,דוריטוס גריל עלית מארז 10 יח' *25 ג',"שטראוס פריטו ליי בע""מ )פ",IL,מארז דוריטוס גריל 10,גרמים,250.00,100 גרם,false,,10.90,4.3600,true,1,302098
7290110571382,false,מעדן חלב בטעם וניל מעושר בחלבון 150 ג' שטראוס,"שטראוס בריאות בע""\מ",IL,מעדן חלב בטעם וניל פ,גרמים,150.00,100 גרם,false,,4.90,3.2667,true,1,322690
7290110571405,false,עלית - מיני פינוקיות בגביע פסק זמן 180 גרם,הגביע,IL,עוגיות מיני פינוקיות,גרמים,180.00,100 גרם,false,,9.90,5.5000,true,1,324923
7290110571412,false,מיני פינוקיות - פאדג' שוקולד בגביע 180 גרם,הגביע,IL,עוגיות מיני פינוקיות,גרמים,180.00,100 גרם,false,,9.90,5.5000,true,1,324924
7290110571535,false,מארז קפה טורקי הל עלית 300 גרם,שטראוס קפה בי.וי.,IL,מארז קפה טורקי הל על,גרמים,300.00,100 גרם,false,,22.90,7.6333,true,1,322419
7290110572884,false,"קפסולות קפה מספר 20 למכונת אספרס אספרסו, 50 גרם",שטראוס קפה בי.וי.,IL,קפסולות עלית מס' 20,גרמים,50.00,100 גרם,false,,15.50,31.0000,true,1,324864
7290110576752,false,טבלאות שוקולד ספלנדיד מריר 70% 100 ג' עלית,קימ'\ס גריפלנן,,שוקולד ספלנדיד מריר,גרמים,100.00,100 גרם,false,,9.90,9.9000,true,1,324874
7290110576776,false,טבלאות שוקולד ספלנדיד מריר 85% 100 ג' עלית,קימ'\ס גריפלנן,,שוקולד ספלנדיד מריר,גרמים,100.00,100 גרם,false,,9.90,9.9000,true,1,324875
7290110576790,false,גבינת סקי 3% בטעם מוקה 125 גרם,"שטראוס בריאות בע""\מ",IL,מעדן גבינה בטעם מיקס,גרמים,125.00,100 גרם,false,,3.70,2.9600,true,1,324332
7290110577230,false,משקה חלב בטעם פיסטוק בבקבוק יטבתה 1 ליטר,שטראוס גרופ,IL,משקה חלב בטעם פיסטוק,קילוגרמים,1.00,ליטר,false,,11.50,11.5000,true,1,324329
7290111341366,false,ניקול מפיות אירוח חד שכבתי 150 יחידות,"משווק ע""י קימברלי קלארק",SK,מפיות ניקול לבנות חד,Unknown,0.00,יחידה,false,,5.90,0.0000,true,1,317661
7290111341373,false,נייר טואלט לילי פסטל 30 גלילים,לילי נייר טואלט חוגלה,IL,נייר טואלט לילי פסטל,מטרים,552.00,מטר,false,,33.90,0.0614,true,1,308895
7290111342042,false,ניקול כריות יפניות אנטיבקטריאלי 4 יחידות,פלסטו פוליש,IL,כריות יפניות אנטיבקט,Unknown,0.00,יחידה,false,,10.90,0.0000,true,1,311984
7290111342226,false,תחבושות לילי לילה +,אונטקס,ES,תחבושות לילי לילה +,Unknown,0.00,יחידה,false,,24.90,0.0000,true,1,310429
7290111343858,false,ניקול מטליות לחות לרצפה אנטיבקרטריאלי 10 יחידות,עלבד משואות יצחק,IL,מטליות לחות אנטיבקטר,Unknown,0.00,יחידה,false,,10.90,0.0000,true,1,311986
7290111344077,false,ניקול שלישיית מטליות לחות למשטחים אנטיבקטריאלי 50 יחידות,עלבד משואות יצחק,IL,מטליות לחות אנטיבקטר,Unknown,0.00,יחידה,false,,19.90,0.0000,true,1,311987
7290111344206,false,האגיס נטורל קר מגבונים לחים בבישום עדין רביעייה,חוגלה קימברלי,IL,מגבונים האגיס 4*64 י,Unknown,0.00,יחידה,false,,18.90,0.0000,true,1,319233
7290111344558,false,ניקול 100 שקיות אשפה גדול +שרוך,חוגלה קימברלי,IL,שקיות אשפה לפחים גדו,Unknown,0.00,יחידה,false,,29.90,0.0000,true,1,318407
7290111344831,false,קוטקס - מגיני יום אקסטרא פרוטקט נורמל ביג 60 יח',חוגלה קימברלי,CN,מגן תחתון קוטקס אקסט,Unknown,0.00,יחידה,false,,15.90,0.0000,true,1,319639
7290111344855,false,קוטקס - מגיני יום אקסטרא פרוטקט לארג' ביג 52 יח',חוגלה קימברלי,CN,מגן תחתון קוטקס אקסט,Unknown,0.00,יחידה,false,,15.90,0.0000,true,1,319640
7290111346088,false,נייר טואלט מולט דו שכבתי 30 גל,חוגלה קימברלי,IL,נייר טואלט מולט 30 ג,מטרים,500.00,מטר,false,,28.90,0.0578,true,1,324566
7290111346293,false,מגבת נייר ניקול 6 יחידות מהדורה חגיגית,קימברלי קלארק,IL,מגבות נייר ניקול 6 י,Unknown,0.00,יחידה,false,,10.90,0.0000,true,1,322326
7290111350047,false,תמרים מזן מגהול ללא חרצנים 500 גרם,טעמי הגליל,IL,תמר מגהול כבוש קליית,גרמים,500.00,100 גרם,false,,13.90,2.7800,true,1,295585
7290111351723,false,פופקורן למיקרוגל טבע,פופז,US,פופקורן למיקרוגל טבע,פריט,1.10,"ק""ג",false,,19.90,18.0909,true,1,307428
7290111351754,false,פופקורן למיקרוגל חמא,פופז,US,פופקורן למיקרוגל חמא,פריט,1.10,"ק""ג",false,,19.90,18.0909,true,1,307429
7290111352966,false,יוגטה סוכריות ממולאות בטעם פירות 250 גרם ללא ג'לטין,ליימן שליסל,TR,סוכריות גומי ממולאות,גרמים,250.00,100 גרם,false,,5.90,2.3600,true,1,312112
7290111353208,false,פופקורן למיקרוגל טבע,פופז,US,פופקורן למיקרוגל טבע,פריט,1.10,"ק""ג",false,,19.90,18.0909,true,1,313887
7290111353376,false,סוכריות מנטוס שמחות מנטה 250 גרם,פרפטי ואן מלה ברדה,NL,מנטוס מיני בטעם מנטה,גרמים,178.00,100 גרם,false,,13.90,7.8090,true,1,313762
7290111353383,false,שקית סוכריות מנטוס בטעם תות 100 יח',פרפטי ואן מלה ברדה,NL,מנטוס מיני בטעם תות,גרמים,178.00,100 גרם,false,,13.90,7.8090,true,1,313763
7290111353475,false,"שטיחים חמוצים בטעם פירות 200 גרם בד""ץ",צ'וקטה,TR,סוכריות גומי שטיחים,גרמים,200.00,100 גרם,false,,5.90,2.9500,true,1,315248
7290111353482,false,מקלות חמוצים ממולאות בטעמי פירות יוגטה 200 גרם,צ'וקטה,TR,סוכריות גומי ממולאות,גרמים,200.00,100 גרם,false,,5.90,2.9500,true,1,315249
7290111534010,false,פס גבינה שמנת פירורים קפולסקי 400 גרם,תופינים מקבוצת קפולסקי,IL,עוגת מוס גבינה פירור,גרמים,450.00,100 גרם,false,,35.90,7.9778,true,1,296110
7290111563492,false,סלטי צבר מטבוחה חריפה מרובע 6*400גרם,סלטי צבר,IL,מטבוחה חריפה צבר 400,גרמים,400.00,100 גרם,false,,11.90,2.9750,true,1,303304
7290111564277,false,פריכיות דקות ונימוחות 3 דגנים פיטנס Fitness,פרח תעשיות בעמ,IL,פריכיות דקות 3 דגנים,גרמים,120.00,100 גרם,false,,9.90,8.2500,true,1,302834
7290111564291,false,פריכיות דקות ונימוחות 3 דגנים וקינואה פיטנס Fitness,פרח תעשיות בעמ,IL,פריכיות דקות עם קינו,גרמים,120.00,100 גרם,false,,9.90,8.2500,true,1,302833
7290111564956,false,"ביסלי במבה מיקס 200 גרם ""אסם""",פרו מן יו פתרונות אריזה,,ביסלי במבה מיקס 200,גרמים,200.00,100 גרם,false,,8.90,4.4500,true,1,301187
7290111565083,false,מארז במבה 15*25 גרם,גבעול,IL,מארז במבה 15*25 גרם,גרמים,375.00,100 גרם,false,,17.90,4.7733,true,1,299032
7290111566103,false,טבעול פלאפל מרכיבים ביתיים בלבד 590 גרם,עיצובים 2020 (4.8),IL,פלאפל טבעול 590 גרם,גרמים,590.00,100 גרם,false,,29.90,5.0678,true,1,299713
7290111566240,false,שניצל דק מן הצומח בטעם צ'ילי חריף 700 גרם,עיצובים 2020 (4.8),IL,שניצל דק צמחוני צילי,גרמים,564.00,100 גרם,false,,29.90,5.3014,true,1,299707
7290111566271,false,חטיפי תירס טבעול 657 גרם,עיצובים 2020 (4.8),IL,חטיפי תירס טבעול 657,גרמים,657.00,100 גרם,false,,29.90,4.5510,true,1,299705
7290111566318,false,שניצל דק מן הצומח בטעם ביתי 700 גרם,עיצובים 2020 (4.8),IL,שניצל דק צמחוני ביתי,גרמים,564.00,100 גרם,false,,29.90,5.3014,true,1,299706
7290111566332,false,"נקניקיות וינר מן הצומח 680 גרם ""טבעול""",עיצובים 2020 (4.8),IL,נקניקיות וינר צמחוני,גרמים,680.00,100 גרם,false,,29.90,4.3971,true,1,299708
7290111566417,false,טבעול טחון מן הצומח משופר 400 גרם,עיצובים 2020 (4.8),IL,טחון צמחוני טבעול 50,גרמים,500.00,100 גרם,false,,29.90,5.9800,true,1,299721
7290111566547,false,טבעול חזה בגריל צמחוני 99 קלוריות 560ג',עיצובים 2020 (4.8),IL,חזה בגריל צמחוני טבע,גרמים,560.00,100 גרם,false,,29.90,5.3393,true,1,299719
7290111566561,false,"שניצל ברוקולי 99 קלוריות 560 גר' ""טבעול""",עיצובים 2020 (4.8),IL,שניצל ברוקולי 99 קלו,גרמים,500.00,100 גרם,false,,29.90,5.9800,true,1,299715
7290111566585,false,"שניצל צמחוני 99 קלוריות 650 גר' ""טבעול""",עיצובים 2020 (4.8),IL,שניצל צמחוני טבעול 6,גרמים,650.00,100 גרם,false,,29.90,4.6000,true,1,299718
7290111566714,false,טבעול המבורגר צמחוני 99 קלוריות 600 גרם,עיצובים 2020 (4.8),IL,המבורגר צמחוני טבעול,גרמים,600.00,100 גרם,false,,29.90,4.9833,true,1,299717
7290111566752,false,טבעול שניצל תירס 99 קלוריות 693 גרם,עיצובים 2020 (4.8),IL,שניצל תירס טבעול 693,גרמים,693.00,100 גרם,false,,29.90,4.3146,true,1,299714
7290111566776,false,"נקניקיות קוקטייל מן הצומח 680 גרם ""טבעול""",עיצובים 2020 (4.8),IL,נקניקיות קוקטייל צמח,גרמים,680.00,100 גרם,false,,29.90,4.3971,true,1,299709
7290111568206,false,ביסלי פארטי מיקס אסם 150 גר',פרו מן יו פתרונות אר,IL,ביסלי פארטי מיקס 150,גרמים,150.00,100 גרם,false,,6.50,4.3333,true,1,301169
7290111568251,false,אטריות נודלס להקפצה אסם אסייתי 350 גר',תאי פרזידנטפוד,TH,נודלס אטריות להקפצה,גרמים,350.00,100 גרם,false,,8.90,2.5429,true,1,301305
7290111568961,false,בייגלה טבעות מלח אסם 400 גרם,אסם,IL,בייגלה טבעות עם מלח,גרמים,400.00,100 גרם,false,,7.90,1.9750,true,1,323485
7290111930805,false,קראנצ'וס טעם ברביקיו 55 גר',חברת מנה בעמ,IL,קראנצוס ברבקיו 55 גר,גרמים,55.00,100 גרם,false,,1.90,3.4545,true,1,298268
7290111930850,false,קראנצ'וס טעם פיצה 55גר',קראנצ'וס,IL,קראנצוס פיצה 55 גרם,גרמים,55.00,100 גרם,false,,1.90,3.4545,true,1,298267
7290111930997,false,פירורי לחם מוזהב מאס,מנה,IL,פירורי לחם מוזהב מאס,גרמים,800.00,100 גרם,false,,11.90,1.4875,true,1,299159
7290111932380,false,"מרידול משחת שיניים מארז 75X2מ""ל כשל""פ",GABA LOER GER,,"משחת מרידול 2*75 מ""ל",מיליליטרים,150.00,"100 מ""ל",false,,24.90,16.6000,true,1,300035
7290111933554,false,שלישייה עגבניות קוביות מאסטר שף 400 גרם,קונסורזיו קאסאלאסקו,IT,מארז עגבניות קוביות,פריט,1.20,"ק""ג",false,,15.90,13.2500,true,1,303299
7290111933592,false,פירורי לחם פנקו מאסט,מנה,IL,פירורי לחם פנקו מאסט,גרמים,510.00,100 גרם,false,,11.90,2.3333,true,1,302742
7290111936203,false,"ליידי ספיד סטיק דרמה ספריי ויטמין אי 150 מ""ל",ליידי ספיד סטיק Lady Speed Stick,US,דאו ספריי ליידי ספיד,מיליליטרים,150.00,"100 מ""ל",false,,13.90,9.2667,true,1,307324
7290111936296,false,"פלמוליב סבון נוזלי בניחוח סנסיישן מסאז' ,750 מ""ל",קולגייט פלמוליב,TR,ג'ל רחצה פלמוליב סנס,מיליליטרים,750.00,"100 מ""ל",false,,19.50,2.6000,true,1,305703
7290111936647,false,"משחת שיניים קולגייט מקס כחול 125 מ""ל*2 כשלפ",קולגייט פלמוליב,PL,משחת קולגייט מקס פרש,מיליליטרים,250.00,"100 מ""ל",false,,28.90,11.5600,true,1,304977
7290111937248,false,פרי מארז חטיפים 5 יחידות תמרים קשיו ונגיעות לוז כשלפ,"טבעית מוצרים מהטבע בע""\מ",IL,מארז חטיף פרי תמרים,גרמים,125.00,100 גרם,false,,14.90,11.9200,true,1,304905
7290111937255,false,מארז חמישיית חטיפי תמרים בוטנים ואגוזי לוז פרי 125 גרם,"טבעית מוצרים מהטבע בע""\מ",IL,מארז חטיף פרי תמרים,גרמים,125.00,100 גרם,false,,14.90,11.9200,true,1,305019
7290111938498,false,"מנה אסייאתי רוטב סויה בהירה 700 מ""ל מ.שף",קי.אר.אס. ספייסי פוד,TH,רוטב סויה בהירה מאסט,גרמים,700.00,100 גרם,false,,9.90,1.4143,true,1,309485
7290111939822,false,משחת קולגייט אופטיק,קולגייט פלמוליב,PL,משחת קולגייט אופטיק,מיליליטרים,225.00,"100 מ""ל",false,,47.90,21.2889,true,1,308554
7290111939846,false,משחת קולגייט אופטיק,קולגייט פלמוליב,PL,משחת קולגייט אופטיק,מיליליטרים,225.00,"100 מ""ל",false,,47.90,21.2889,true,1,308555
7290112000408,false,מנקה ומחטא עוצמתי לניקוי כללי בניחוח לימון,רקיט בנקיזר,PL,תרסיס דטול מנקה ומחט,מיליליטרים,750.00,"100 מ""ל",false,,14.90,1.9867,true,1,310443
7290112000798,false,"דיטול תרסיסי חיטוי וניקוי אנטי בקטריאלי 750 מ""ל",רקיט בנקיזר,PL,תרסיס דטול מנקה ומחט,מיליליטרים,750.00,"100 מ""ל",false,,14.90,1.9867,true,1,310448
7290112000903,false,פיניש למדיח הכל ב1 120טב,רקיט בנקיזר,PL,טבליות פיניש פאוורבו,פריט,1.92,"ק""ג",false,,64.90,33.8021,true,1,304356
7290112001436,false,"פיניש מנקה מדיח כלים בניחוח לימון 250 מ""ל",רקיט בנקיזר,PL,מנקה מדיח פיניש לימו,מיליליטרים,250.00,"100 מ""ל",false,,14.90,5.9600,true,1,308701
7290112001641,false,"מסיר כתמים קליה 950 מ""ל",רקיט בנקיזר,PL,תרסיס וניש קליה 950,מיליליטרים,950.00,"100 מ""ל",false,,19.90,2.0947,true,1,311139
7290112001870,false,"סיליט באנג מרסס לניקוי אמבטיה 750 מ""ל",רקיט בנקיזר,PL,תרסיס סיליט באנג לני,מיליליטרים,750.00,"100 מ""ל",false,,12.50,1.6667,true,1,309641
7290112002105,false,קולון גל כביסה מרוכז 2.5 ליטר ניחוח לילך,רקיט בנקיזר,IL,ג'ל קולון סגול 2.5 ל,קילוגרמים,2.50,ליטר,false,,19.90,7.9600,true,1,320988
7290112002136,false,ג'ל כביסה מרוכז קולון 101 קלאסי,רקיט בנקיזר,IL,ג'ל קולון כחול 4 ליט,קילוגרמים,4.00,ליטר,false,,34.50,8.6250,true,1,308390
7290112002143,false,ג'ל כביסה מרוכז קולון 101 בניחוח לילך,רקיט בנקיזר,IL,ג'ל קולון לילך סגול,קילוגרמים,4.00,ליטר,false,,34.50,8.6250,true,1,308391
7290112002457,false,דטול - שלישיית מגבונים לניקוי וחיטוי בניחוח לימון,רקיט בנקיזר,PL,מטליות לחות דטול לני,Unknown,0.00,יחידה,false,,19.90,0.0000,true,1,313800
7290112003188,false,קולון קפסולות ג'ל 60 יח' אריזת חיסכון,רקיט בנקיזר,IT,קפסולות ג'ל קולון 60,Unknown,0.00,יחידה,false,,49.90,0.0000,true,1,313687
7290112003973,false,"וניש אבקה ורודה מולטי פאואר 1.350 ק""ג א. חסכון חדש להלבנה",רקיט בנקיזר,PL,אבקת וניש מסיר כתמים,פריט,1.35,"ק""ג",false,,34.90,25.8519,true,1,317854
7290112004109,false,מטליות לחות לניקוי כללי וחיטוי בריח ליים ונענע- מארז,רקיט בנקיזר,PL,מטליות לחות דטול לחי,Unknown,0.00,יחידה,false,,19.90,0.0000,true,1,313801
7290112004413,false,"ספריי וניש קליה להסרת כתמים לבגדים לבנים 750 מ""ל",רקיט בנקיזר,PL,ספריי וניש להסרת כתמ,מיליליטרים,750.00,"100 מ""ל",false,,16.90,2.2533,true,1,322002
7290112004482,false,אירוויק ספריי וניל 3,,,אירוויק ספריי וניל 3,מיליליטרים,720.00,"100 מ""ל",false,,19.90,2.7639,true,1,315571
7290112004505,false,אירוויק ספריי לבנדר,,,אירוויק ספריי לבנדר,מיליליטרים,720.00,"100 מ""ל",false,,19.90,2.7639,true,1,315573
7290112004512,false,מילוי מבשם אוטומטי א,רקיט בנקיזר,PL,מילוי מבשם אוטומטי א,מיליליטרים,750.00,"100 מ""ל",false,,21.90,2.9200,true,1,315567
7290112004529,false,מילוי מבשם אוטומטי א,רקיט בנקיזר,PL,מילוי מבשם אוטומטי א,מיליליטרים,750.00,"100 מ""ל",false,,21.90,2.9200,true,1,315568
7290112004536,false,מילוי מבשם אוטומטי א,רקיט בנקיזר,PL,מילוי מבשם אוטומטי א,מיליליטרים,750.00,"100 מ""ל",false,,21.90,2.9200,true,1,315569
7290112004611,false,"וניש קליה ג'ל מרוכז לטיפול נקודתי בכתמים 200 מ""ל",רקיט בנקיזר,PT,ג'ל וניש גולד מסיר כ,מיליליטרים,200.00,"100 מ""ל",false,,16.50,8.2500,true,1,321529
7290112005168,false,פיניש אולטימייט קוואנטום לימון 60 טבליות למדיח,רקיט בנקיזר,PL,טבליות פיניש קוואנטו,Unknown,0.00,יחידה,false,,58.90,0.0000,true,1,323298
7290112120663,false,בונבוניירה לב 120 גר,קאיפינג גינקה פודסטא,CN,בונבוניירה לב 120 גר,גרמים,120.00,100 גרם,false,,12.90,10.7500,true,1,304248
7290112120670,false,בונבוניירה מתומן 200,קאיפינג גינקה פודסטא,CN,בונבוניירה מתומן 200,גרמים,200.00,100 גרם,false,,14.90,7.4500,true,1,304249
7290112120687,false,בונבוניירה פירמידה 3,קאיפינג גינקה פודסטא,CN,בונבוניירה פירמידה 3,גרמים,310.00,100 גרם,false,,24.90,8.0323,true,1,304247
7290112120830,false,נפוליטנים שוקולד חלב,"תופינית בע""מ",IL,נפוליטנים שוקולד חלב,גרמים,150.00,100 גרם,false,,11.90,7.9333,true,1,304992
7290112120847,false,נפוליטנים שוקולד מרי,"תופינית בע""מ",IL,נפוליטנים שוקולד מרי,גרמים,150.00,100 גרם,false,,11.90,7.9333,true,1,304993
7290112120861,false,לזניה גלי דורומי 400,Bessan Makarna,TR,לזניה גלי דורומי 400,גרמים,400.00,100 גרם,false,,6.90,1.7250,true,1,303046
7290112121066,false,חומצה אצטית סינטטי א,הלל תעשיות,IL,חומצה אצטית סינטטי א,קילוגרמים,1.00,ליטר,false,,3.90,3.9000,true,1,304550
7290112121073,false,חומץ 5% אינדירה 1 לי,הלל תעשיות,IL,חומץ 5% אינדירה 1 לי,קילוגרמים,1.00,ליטר,false,,4.20,4.2000,true,1,304551
7290112121080,false,מיץ בטעם לימון משומר,הלל תעשיות,IL,מיץ בטעם לימון משומר,קילוגרמים,1.00,ליטר,false,,4.20,4.2000,true,1,304549
7290112122629,false,ופל מצופה בטעם שוקול,מנעמים תעשיות מזון,IL,ופל מצופה בטעם שוקול,גרמים,800.00,100 גרם,false,,14.90,1.8625,true,1,309540
7290112123060,false,ספגטי דורומי 900 גרם,Bessan Makarna,TR,ספגטי דורומי 900 גרם,גרמים,900.00,100 גרם,false,,4.90,0.5444,true,1,313240
7290112123077,false,פסטה פנה ריגטה דורומ,Bessan Makarna,TR,פסטה פנה ריגטה דורומ,גרמים,900.00,100 גרם,false,,4.90,0.5444,true,1,313011
7290112123084,false,פסטה פוסילי דורומי 9,Bessan Makarna,TR,פסטה פוסילי דורומי 9,גרמים,900.00,100 גרם,false,,4.90,0.5444,true,1,313138
7290112124319,false,טורטיה דורום 36*45 ג,מוטלוקאל גידה סאן טי,TR,טורטיה דורום 36*45 ג,פריט,1.62,"ק""ג",false,,19.90,12.2840,true,1,323305
7290112124951,false,דאו ספריי אקס אנרכי,יוניליוור,GB,דאו ספריי אקס אנרכי,מיליליטרים,150.00,"100 מ""ל",false,,9.90,6.6000,true,1,319328
7290112124975,false,דאו ספריי אקס אפולו,יוניליוור,GB,דאו ספריי אקס אפולו,מיליליטרים,150.00,"100 מ""ל",false,,9.90,6.6000,true,1,319329
7290112124982,false,דאו ספריי אקס שחור פ,יוניליוור,GB,דאו ספריי אקס שחור פ,מיליליטרים,150.00,"100 מ""ל",false,,9.90,6.6000,true,1,319331
7290112125019,false,סבון מוצק דאב לבן 4*,,,סבון מוצק דאב לבן 4*,גרמים,400.00,100 גרם,false,,9.90,2.4750,true,1,248481
7290112125026,false,תה ילו לייבל ליפטון,יוניליוור,RU,תה ילו לייבל ליפטון,גרמים,200.00,100 גרם,false,,7.90,3.9500,true,1,323315
7290112190857,false,מגבונים סמארט 4*72 י,רנקסן,TR,מגבונים סמארט 4*72 י,Unknown,0.00,יחידה,false,,7.90,0.0000,true,1,319970
7290112192806,false,פרודונטקס זוג מ.שיניים אולטרא קלין 75 מל,גלקסוס סמית קליין,SK,משחת פרודונטקס אולטר,מיליליטרים,150.00,"100 מ""ל",false,,39.90,26.6000,true,1,304139
7290112192813,false,פרודונטקס זוג מ.שיניים אוריגינל 75 מל,גלקסוס סמית קליין,SK,משחת פרודונטקס אורגי,מיליליטרים,150.00,"100 מ""ל",false,,39.90,26.6000,true,1,304140
7290112195746,false,שמן זית כתית מעולה א,אסייאס דל סור,ES,שמן זית כתית מעולה א,מיליליטרים,750.00,"100 מ""ל",false,,23.90,3.1867,true,1,321501
7290112195777,false,"פול קפוא 1 ק""ג",O.K FRUIT,EG,"פול קפוא 1 ק""ג",פריט,1.00,"ק""ג",false,,13.90,13.9000,true,1,321413
7290112195784,false,תות שדה - בעלז 300 גרם,גרין האוס,EG,תות שדה קפוא פרוסטי,גרמים,300.00,100 גרם,false,,5.90,1.9667,true,1,323811
7290112196712,false,משחת סנסודיין פרש מי,גלקסוס סמית קליין,GB,משחת סנסודיין פרש מי,מיליליטרים,300.00,"100 מ""ל",false,,49.90,16.6333,true,1,316812
7290112198006,false,שמן זית כתית מעולה א,אולאריה קלמנטה,IT,שמן זית כתית מעולה א,מיליליטרים,750.00,"100 מ""ל",false,,13.90,1.8533,true,1,324116
7290112330352,false,"יוגורט PRO בטעם וניל 0% , 20 גרם חלבון בגביע","שטראוס בריאות בע""\מ",IL,דנונה פרו וניל 0% 20,גרמים,200.00,100 גרם,false,,5.90,2.9500,true,1,306053
7290112330390,false,דנונה פרו פירות יער 20 גרם חלבון 0% שומן 200 גרם,"שטראוס בריאות בע""\מ",IL,דנונה פרו פירות יער,גרמים,200.00,100 גרם,false,,5.90,2.9500,true,1,306054
7290112332585,false,פריכיות משולש תפוא אורז בתיבול סלק ומלח ים אנרג'י 30 גרם,"פרח תעשיו מזון בע""מ",IL,פריכיות אנרג'י משולש,גרמים,30.00,100 גרם,false,,4.90,16.3333,true,1,312995
7290112332691,false,פינוקיות עוגיות קרם פסק זמן אגוזים 200 גרם,"הגביע מוצרי וופלים בע""\מ",IL,עוגיות פינוקיות פסק,גרמים,200.00,100 גרם,false,,9.90,4.9500,true,1,307309
7290112335487,false,הפריכיות הטעימות קצח ודגנים אנרג'י 135 גרם,אנרג'י Energy - שטראוס,IL,פריכיות 3 דגנים וקצח,גרמים,135.00,100 גרם,false,,9.90,7.3333,true,1,307167
7290112335494,false,הפריכיות הטעימות תפוחי אדמה בטעם פוטטוס,"פרח תעשיות מזון בע""\מ",IL,פריכיות 3 דגנים ותפו,גרמים,135.00,100 גרם,false,,9.90,7.3333,true,1,309922
7290112335500,false,"פרכיות אנרג'י חומוס,אורז,עדשים שחורות וקינואה 135 גרם","פרח תעשיות מזון בע""\מ",IL,פריכיות חומוס אורז ע,גרמים,135.00,100 גרם,false,,9.90,7.3333,true,1,307168
7290112336637,false,סוכריות מאסט Must ללא סוכר יוגורט תות ואוכניות,שטראוס גרופ,IL,סוכריות מאסט תות אוכ,גרמים,80.00,100 גרם,false,,6.90,8.6250,true,1,308522
7290112336644,false,סוכריות מאסט ללא סוכר לימון 80 ג' עלית,שטראוס גרופ,IL,סוכריות מאסט לימון 8,גרמים,80.00,100 גרם,false,,6.90,8.6250,true,1,308519
7290112336651,false,סוכריות מאסט ללא סוכר ריבת חלב 80 ג' עלית,שטראוס גרופ,IL,סוכריות מאסט ריבת חל,גרמים,80.00,100 גרם,false,,6.90,8.6250,true,1,308523
7290112336712,false,יוגורט PRO לבן 0% 21 גרם חלבון בגביע,"שטראוס בריאות בע""מ",IL,דנונה פרו עשיר בחלבו,גרמים,200.00,100 גרם,false,,5.90,2.9500,true,1,305207
7290112337474,false,סוכריות מאסט ללא סוכר פטל לימון 80 ג' עלית,שטראוס גרופ,IL,סוכריות מאסט פטל לימ,גרמים,80.00,100 גרם,false,,6.90,8.6250,true,1,308520
7290112337481,false,סוכריות מאסט ללא סוכר קפצ''ינו 80 ג' עלית,שטראוס גרופ,IL,סוכריות מאסט קפוצ'ינ,גרמים,80.00,100 גרם,false,,6.90,8.6250,true,1,308524
7290112338877,false,מעדן גבינה בטעם תות 3% 125ג' סקי,"שטראוס בריאות בע""\מ",IL,מעדן גבינה בטעם תות,גרמים,125.00,100 גרם,false,,3.70,2.9600,true,1,305871
7290112339171,false,מילקי מוס עם שוקולד וקצפת,מיוצר עי קונדיטוריית,IL,מילקי מוס שוקולד 170,מיליליטרים,170.00,"100 מ""ל",false,,3.40,2.0000,true,1,304679
7290112339362,false,דנונה לייט אנד פריי בטעם קפוצ'ינו 150 גרם,"שטראוס בריאות בע""\מ",IL,דנונה לייט אנד פרי ק,גרמים,150.00,100 גרם,false,,4.50,3.0000,true,1,309076
7290112339867,false,גמדים לדרך גבינה לבנה עם מחית תות,"שטראוס בריאות בע""\מ",IL,גמדים לדרך תות סקווי,גרמים,100.00,100 גרם,false,,5.40,5.4000,true,1,309328
7290112339874,false,גמדים לדרך גבינה לבנה עם מחיות תות ובננה,"שטראוס בריאות בע""\מ",IL,גמדים לדרך תות בננה,גרמים,100.00,100 גרם,false,,5.40,5.4000,true,1,309329
7290112340122,false,הפריכיות הטעימות 3 דגנים אנרג'י 135 גרם,"פרח תעשיות מזון בע""\מ",IL,פריכיות 3 דגנים אנרג,גרמים,135.00,100 גרם,false,,9.90,7.3333,true,1,307169
7290112340245,false,צנצנת מסטיק מאסט בטעם דובדבן 66 ג' עלית,"שטראוס גרופ בע""\מ",IL,מסטיק מאסט צנצנת דוב,גרמים,66.00,100 גרם,false,,8.90,13.4848,true,1,305854
7290112340252,false,צנצנת מסטיק מאסט בטעם אבטיח מלון 66 ג' עלית,"שטראוס גרופ בע""\מ",IL,מסטיק מאסט צנצנת אבט,גרמים,66.00,100 גרם,false,,8.90,13.4848,true,1,305855
7290112340276,false,פינוקיות עוגיות קרם קפה 200 גרם,"הגביע מוצרי וופלים בע""\מ",IL,עוגיות פינוקיות קפה,גרמים,200.00,100 גרם,false,,9.90,4.9500,true,1,307310
7290112341556,false,יוגורט אקטיביה עם צ'יה ותות 150 גרם,"שטראוס בריאות בע""\מ",IL,יוגורט אקטיביה צ'יה,גרמים,150.00,100 גרם,false,,4.50,3.0000,true,1,310980
7290112341686,false,שמינייה יוגורט לבן אקטיביה 3% דנונה 150 גרם.,מיוצר עי קונדיטוריית,IL,מארז יוגורט אקטיביה,קילוגרמים,1.20,ליטר,false,,19.90,16.5833,true,1,308377
7290112342102,false,סימפוניה גבינה במרקם שמנת בצל מקורמל 5%,"שטראוס בריאות בע""\מ",IL,גבינת שמנת בצל מקורמ,גרמים,200.00,100 גרם,false,,10.40,5.2000,true,1,309929
7290112342270,false,קפה פלטינום אינטנס מחוזק ב- 10% אספרסו,שטראוס קפה בי.וי,IL,קפה פלטינום אינטנס 1,גרמים,125.00,100 גרם,false,,19.90,15.9200,true,1,308274
7290112343260,false,"יטבתה רוטב שמנת קלאסי 9% שומן 260 מ""ל",שטראוס גרופ,IL,רוטב שמנת קלאסי 9% י,מיליליטרים,250.00,"100 מ""ל",false,,9.80,3.9200,true,1,310842
7290112344564,false,רביולי גבינה קלאסי שטראוס 400 ג',מיוצר עי קונדיטוריית,IL,רביולי גבינה קלאסי ש,גרמים,400.00,100 גרם,false,,19.90,4.9750,true,1,311246
7290112344724,false,מעדן בטעם שוקולד בלונדי 170 ג' מילקי,מיוצר עי קונדיטוריית,IL,מעדן חלב בטעם שוקול,מיליליטרים,170.00,"100 מ""ל",false,,3.40,2.0000,true,1,309236
7290112344755,false,מילקי שוקולד 26% פחות סוכר 135 גרם,מיוצר עי קונדיטוריית,IL,מילקי שוקולד 26% פחו,מיליליטרים,135.00,"100 מ""ל",false,,2.80,2.0741,true,1,314488
7290112344786,false,קפה פלטינום קלאסיק עלית 200 גרם,הנסיך- מפעל לייצור ט,IL,קפה פלטינום קלאסיק 2,גרמים,200.00,100 גרם,false,,24.90,12.4500,true,1,311053
7290112344953,false,סימפוניה חציל קלוי גבינה במקרם שמנת 5%,"שטראוס בריאות בע""\מ",IL,גבינת שמנת חציל קלוי,גרמים,200.00,100 גרם,false,,10.40,5.2000,true,1,314883
7290112346360,false,בפלות אחת אחת בציפוי שוקולד חלב עלית 180 גרם,הגביע מוצרי וופלים ב,IL,בפלות אחת אחת בציפוי,גרמים,180.00,100 גרם,false,,11.90,6.6111,true,1,309464
7290112346629,false,דנונה בר יוגורט+קורנפלקס מצופה שוקולד חלב ולבן 172 גרם,"שטראוס בריאות בע""\מ",IL,דנונה בר וקורנפלקס מ,גרמים,172.00,100 גרם,false,,4.30,2.5000,true,1,311867
7290112346773,false,יוגורט בטעם וניל 0% לייט אנד פרי 10 גרם חלבון בגביע,מיוצר עי קונדיטוריית,IL,דנונה לייט אנד פרי ו,גרמים,150.00,100 גרם,false,,4.50,3.0000,true,1,314884
7290112346797,false,יוגורט אקטיביה שיבולת שועל ושזיף 150 גרם,מיוצר עי קונדיטוריית,IL,יוגורט אקטיביה עם שי,גרמים,150.00,100 גרם,false,,4.50,3.0000,true,1,311121
7290112346827,false,שמיניית אקטימל ויטמין C פטל 108 גרם,"שטראוס בריאות בע""\מ",IL,אקטימל פטל ויטמין סי,מיליליטרים,864.00,"100 מ""ל",false,,19.90,2.3032,true,1,314491
7290112347008,false,גמדים לדרך גבינה לבנה עם מחית תות ושיבולת שועל,מיוצר עי קונדיטוריית,IL,גמדים ארוחת בוקר תות,גרמים,100.00,100 גרם,false,,5.40,5.4000,true,1,309231
7290112349606,false,מעדן גבינה ויוגורט תות בננה 88 ג' דניאלה,"שטראוס בריאות בע""\מ",IL,דניאלה תות בננה 88 ג,Unknown,0.00,יחידה,false,,3.90,0.0000,true,1,320364
7290112349736,false,בזיליקום רוטב עגבניות לפסטה יד מרדכי 350 גרם,אמיליאנה קונסרב סוסייטה,IT,רוטב עגבניות לפסטה ב,גרמים,350.00,100 גרם,false,,10.80,3.0857,true,1,323642
7290112349743,false,ארביאטה רוטב עגבניות פיקנטי לפסטה 350 ג' יד מרדכי,אמיליאנה קונסרב סוסייטה,IT,רוטב עגבניות פיקנטי,גרמים,350.00,100 גרם,false,,10.80,3.0857,true,1,323645
7290112349750,false,פיצה רוטב עגבניות לפיצה יד מרדכי 350 גרם,אמיליאנה קונסרב סוסייטה,IT,רוטב עגבניות לפיצה י,גרמים,350.00,100 גרם,false,,10.80,3.0857,true,1,323643
7290112350275,false,קפסולות LUNGO למכונת נספרסו עלית 10 יחידות,שטראוס קפה בי.וי,IL,קפסולות עלית לונגו ל,Unknown,0.00,יחידה,false,,15.50,0.0000,true,1,310358
7290112350312,false,קפסולות 15 קפה יותר למכונות נספרסו עלית 10יח',הנסיך- מפעל לייצור ט,IL,קפסולות עלית מס 15 ע,גרמים,50.00,100 גרם,false,,15.50,31.0000,true,1,313314
7290112351258,false,עוגיית קקאו פינוקיות שחור לבן 200 גר,"הגביע מוצרי ופלים בע""\מ",IL,עוגיות פינוקיות שחור,גרמים,200.00,100 גרם,false,,9.90,4.9500,true,1,312990
7290112355027,false,דנונה פרו 20 גרם חלבון בטעם קרמל מלוח 200 גרם,"שטראוס בריאות בע""\מ",IL,דנונה פרו 20 קרמל מל,גרמים,200.00,100 גרם,false,,5.90,2.9500,true,1,314486
7290112355102,false,גמדים סקוויז 100 גרם פאוץ סלט פירות 100 גרם,"שטראוס בריאות בע""\מ",IL,גמדים לדרך סלט פירות,גרמים,100.00,100 גרם,false,,5.40,5.4000,true,1,314879
7290112355393,false,"יטבתה רוטב שמנת+בטטה 9% שומן 250 מ""ל",מחלבת יטבתה,IL,רוטב שמנת עם בטטה 9%,מיליליטרים,257.00,"100 מ""ל",false,,9.80,3.8132,true,1,324330
7290112355812,false,מילקי טופ קורנפלקס 141 ג' שטראוס,"שטראוס גרופ בע""\מ",IL,מילקי טופ קורנפלקס 1,גרמים,141.00,100 גרם,false,,4.30,3.0496,true,1,322847
7290112357175,false,קפסולות BOOST למכונת נספרסו עלית 10 יחידות,שטראוס קפה בי.וי,IL,קפסולות עלית בוסט למ,גרמים,50.00,100 גרם,false,,15.50,31.0000,true,1,310359
7290112358127,false,דנונה פרו חלבון+מגנזיום- וניל ועוגיות 200 גרם,מיוצר עי קונדיטוריית,IL,דנונה פרו 20 וניל עו,גרמים,200.00,100 גרם,false,,5.90,2.9500,true,1,314493
7290112358462,false,דבש יד מרדכי 700 גרם,שטראוס גרופ,IL,דבש יד מרדכי 700 גרם,גרמים,700.00,100 גרם,false,,29.90,4.2714,true,1,312933
7290112358554,false,מארז קפה נמס מנות אישיות לדרך 50.4 גר,שטראוס רומניה,IL,מארז קפה נמס לדרך על,גרמים,50.40,100 גרם,false,,9.90,19.6429,true,1,322418
7290112415400,false,עוגיות אלפחורס קפולסקי 280 גרם,תופינים מקבוצת קפולסקי,IL,עוגיות אלפחורס תופינ,גרמים,280.00,100 גרם,false,,29.90,10.6786,true,1,308850
7290112480002,false,קערה קטנה בלו שיין 5,פאלאס,CN,קערה קטנה בלו שיין 5,Unknown,0.00,יחידה,false,,19.90,0.0000,true,1,300354
7290112480019,false,קערה אובלית בינוני ב,פאלאס,CN,קערה אובלית בינוני ב,Unknown,0.00,יחידה,false,,19.90,0.0000,true,1,300353
7290112480040,false,מארז 5 יח מגשי אובלי,פאלאס,CN,מארז 5 יח מגשי אובלי,Unknown,0.00,יחידה,false,,19.90,0.0000,true,1,300358
7290112480057,false,מארז 3 יח מגש מחולק,פאלאס,CN,מארז 3 יח מגש מחולק,Unknown,0.00,יחידה,false,,19.90,0.0000,true,1,300359
7290112480361,false,שקיות אשפה LD 76/85 שחור לפיד 50 יחידות,פאלאס,CN,שקיות אשפה שחור 85*7,Unknown,0.00,יחידה,false,,19.90,0.0000,true,1,302644
7290112480378,false,שקיות אשפה 70*50 לפי,פאלאס,CN,שקיות אשפה 70*50 לפי,Unknown,0.00,יחידה,false,,19.90,0.0000,true,1,302645
7290112481078,false,"כפות ח""פ 188 יח",פאלאס,TR,"כפות ח""פ 188 יח",Unknown,0.00,יחידה,false,,12.90,0.0000,true,1,303758
7290112481085,false,"כפיות ח""פ 188 יח",פאלאס,TR,"כפיות ח""פ 188 יח",Unknown,0.00,יחידה,false,,12.90,0.0000,true,1,303759
7290112481092,false,"מזלגות ח""פ 188 יח",פאלאס,TR,"מזלגות ח""פ 188 יח",Unknown,0.00,יחידה,false,,12.90,0.0000,true,1,303760
7290112481108,false,"סכינים ח""פ 188 יח",פאלאס,TR,"סכינים ח""פ 188 יח",Unknown,0.00,יחידה,false,,12.90,0.0000,true,1,303761
7290112481115,false,כפות איכותיות בלו שי,פאלאס,TR,כפות איכותיות בלו שי,Unknown,0.00,יחידה,false,,26.90,0.0000,true,1,302235
7290112481122,false,כפיות איכותיות בלו ש,פאלאס,TR,כפיות איכותיות בלו ש,Unknown,0.00,יחידה,false,,26.90,0.0000,true,1,302234
7290112481139,false,מזלגות איכותיים בלו,פאלאס,TR,מזלגות איכותיים בלו,Unknown,0.00,יחידה,false,,26.90,0.0000,true,1,302236
7290112481146,false,סכינים איכותיים בלו,פאלאס,TR,סכינים איכותיים בלו,Unknown,0.00,יחידה,false,,26.90,0.0000,true,1,302233
7290112481320,false,גביע יין מוכסף סטון,פאלאס,CN,גביע יין מוכסף סטון,Unknown,0.00,יחידה,false,,24.90,0.0000,true,1,304838
7290112481832,false,מגש יהלום בלו שיין 4,פאלאס,CN,מגש יהלום בלו שיין 4,Unknown,0.00,יחידה,false,,19.90,0.0000,true,1,301714
7290112481948,false,מגש עגול 12 בלו שיין,פאלאס,CN,מגש עגול 12 בלו שיין,Unknown,0.00,יחידה,false,,19.90,0.0000,true,1,304290
7290112481955,false,מגש עגול 14 בלו שיין,פאלאס,CN,מגש עגול 14 בלו שיין,Unknown,0.00,יחידה,false,,19.90,0.0000,true,1,304291
7290112481962,false,מגש עגול 16 בלו שיין,פאלאס,CN,מגש עגול 16 בלו שיין,Unknown,0.00,יחידה,false,,19.90,0.0000,true,1,304292
7290112481979,false,גביע איכותי בלו שיין,פאלאס,CN,גביע איכותי בלו שיין,Unknown,0.00,יחידה,false,,19.90,0.0000,true,1,304007
7290112481986,false,גביע איכותי בלו שיין,פאלאס,CN,גביע איכותי בלו שיין,Unknown,0.00,יחידה,false,,19.90,0.0000,true,1,304006
7290112481993,false,גביע איכותי בלו שיין,פאלאס,CN,גביע איכותי בלו שיין,Unknown,0.00,יחידה,false,,19.90,0.0000,true,1,304005
7290112482075,false,שקיות אשפה עם שרוך 5,פאלאס,IL,שקיות אשפה עם שרוך 5,Unknown,0.00,יחידה,false,,19.90,0.0000,true,1,303357
7290112482082,false,שקיות אשפה עם שרוך 7,פאלאס,IL,שקיות אשפה עם שרוך 7,Unknown,0.00,יחידה,false,,19.90,0.0000,true,1,303358
7290112482228,false,שקיות אשפה 75/90 קרם,פאלאס,IL,שקיות אשפה 75/90 קרם,Unknown,0.00,יחידה,false,,19.90,0.0000,true,1,304917
7290112482242,false,צלחות קטנות טופ סטאר,פאלאס,TR,צלחות קטנות טופ סטאר,Unknown,0.00,יחידה,false,,5.90,0.0000,true,1,305726
7290112482259,false,צלחות גדולות טופ סטא,פאלאס,TR,צלחות גדולות טופ סטא,Unknown,0.00,יחידה,false,,9.90,0.0000,true,1,305724
7290112482266,false,צלחות ענק טופ סטאר 2,פאלאס,TR,צלחות ענק טופ סטאר 2,Unknown,0.00,יחידה,false,,11.90,0.0000,true,1,305723
7290112482280,false,צלחת לפתן טופ סטאר 2,פאלאס,TR,צלחות לפתן טופ סטאר,Unknown,0.00,יחידה,false,,3.90,0.0000,true,1,305722
7290112482297,false,קעריות אובלי טופ סטא,פאלאס,TR,קעריות אובלי טופ סטא,Unknown,0.00,יחידה,false,,3.90,0.0000,true,1,305721
7290112482303,false,מגבונים קשת 7*72 יח,פאלאס,IL,מגבונים קשת 7*72 יח,Unknown,0.00,יחידה,false,,15.90,0.0000,true,1,306032
7290112482327,false,"צלחות קטנות קשת 1 ק""",פאלאס,CN,"צלחות קטנות קשת 1 ק""",Unknown,0.00,יחידה,false,,37.90,0.0000,true,1,309598
7290112482389,false,צלחת לפתן קיסר לבן כסף,פאלאס,CN,לפתניות קיסר לבן כסף,Unknown,0.00,יחידה,false,,11.90,0.0000,true,1,319875
7290112482433,false,צלחת לפתן קיסר שחור כסף,פאלאס,CN,לפתניות קיסר שחור כס,Unknown,0.00,יחידה,false,,11.90,0.0000,true,1,319876
7290112482464,false,צלחות חד פעמי ענקיות,פאלאס,CN,צלחות ענק לוקה לבן כ,Unknown,0.00,יחידה,false,,24.90,0.0000,true,1,319896
7290112482471,false,צלחות מרק לוקה לבן כ,פאלאס,CN,צלחות מרק לוקה לבן כ,Unknown,0.00,יחידה,false,,17.90,0.0000,true,1,319894
7290112482495,false,קערית אובלית לוקה לב,פאלאס,CN,קעריות אובליות לוקה,Unknown,0.00,יחידה,false,,14.90,0.0000,true,1,319888
7290112482518,false,צלחות חד פעמי גדולות,פאלאס,CN,צלחות גדולות לוקה לב,Unknown,0.00,יחידה,false,,19.90,0.0000,true,1,319897
7290112482860,false,מפת אלבד מוטבע גליל,פאלאס,CN,מפת אלבד מוטבע גליל,Unknown,0.00,יחידה,false,,39.90,0.0000,true,1,324489
7290112482907,false,צלחות גדולות פרח זהב,פאלאס,TR,צלחות גדולות פרח זהב,Unknown,0.00,יחידה,false,,17.90,0.0000,true,1,308490
7290112482945,false,צלחות גדולות פרח כסף,פאלאס,TR,צלחות גדולות פרח כסף,Unknown,0.00,יחידה,false,,17.90,0.0000,true,1,308492
7290112483010,false,צלחת קטנה שחור פרח 20 יח,פאלאס,TR,צלחות קטנות פרח שחור,Unknown,0.00,יחידה,false,,14.90,0.0000,true,1,308493
7290112483027,false,צלחת גדול שחור פרח 20 יח,פאלאס,TR,צלחות גדולות פרח שחו,Unknown,0.00,יחידה,false,,17.90,0.0000,true,1,308494
7290112483058,false,צלחת קטנה קרם פרח 20 יחי,פאלאס,TR,צלחות קטנות פרח קרם,Unknown,0.00,יחידה,false,,14.90,0.0000,true,1,308495
7290112483065,false,צלחת גדול קרם פרח 20 יחי,פאלאס,TR,צלחות גדולות פרח קרם,Unknown,0.00,יחידה,false,,17.90,0.0000,true,1,308496
7290112483072,false,צלחות מרק פרח קרם לפ,פאלאס,TR,צלחות מרק פרח קרם לפ,Unknown,0.00,יחידה,false,,14.90,0.0000,true,1,308499
7290112483195,false,מיכל 3 ליטר 7 יח,NINGBO,CN,מיכל 3 ליטר 7 יח,Unknown,0.00,יחידה,false,,19.90,0.0000,true,1,307672
7290112483362,false,"תבניות ח""פ עגול קשת",פאלאס,CN,"תבניות ח""פ עגול קשת",Unknown,0.00,יחידה,false,,19.90,0.0000,true,1,309177
7290112483379,false,"תבניות ח""פ מלבן קשת",פאלאס,CN,"תבניות ח""פ מלבן קשת",Unknown,0.00,יחידה,false,,19.90,0.0000,true,1,309178
7290112483386,false,"תבניות ח""פ עמוקות קש",פאלאס,CN,"תבניות ח""פ עמוקות קש",Unknown,0.00,יחידה,false,,19.90,0.0000,true,1,309179
7290112483393,false,"תבניות ח""פ בינוניות",פאלאס,CN,"תבניות ח""פ בינוניות",Unknown,0.00,יחידה,false,,19.90,0.0000,true,1,309180
7290112483409,false,"תבניות ח""פ גדולות קש",פאלאס,CN,"תבניות ח""פ גדולות קש",Unknown,0.00,יחידה,false,,19.90,0.0000,true,1,309181
7290112483416,false,"תבניות ח""פ ענק קשת 1",פאלאס,CN,"תבניות ח""פ ענק קשת 1",Unknown,0.00,יחידה,false,,19.90,0.0000,true,1,309182
7290112483423,false,"תבניות ח""פ אינגליש א",פאלאס,CN,"תבניות ח""פ אינגליש א",Unknown,0.00,יחידה,false,,19.90,0.0000,true,1,309183
7290112483430,false,כפות חד פעמי 50יחידו,פאלאס,TR,כפות שקופות לפיד 50,Unknown,0.00,יחידה,false,,7.50,0.0000,true,1,312541
7290112483447,false,כפיות שקופות לפיד 50,פאלאס,TR,כפיות שקופות לפיד 50,Unknown,0.00,יחידה,false,,7.50,0.0000,true,1,312542
7290112483454,false,50 מזלגות שקופות לפיד,פאלאס,TR,מזלגות שקופות לפיד 5,Unknown,0.00,יחידה,false,,7.50,0.0000,true,1,312543
7290112483560,false,מפיות מודפסות תלת שכ,פאלאס,CN,מפיות מודפסות תלת שכ,Unknown,0.00,יחידה,false,,9.90,0.0000,true,1,310076
7290112483584,false,מפיות מודפסות 3 שכבות לפיד 15 יחידות,hanketissue,,מפיות תלת שכבתיות מו,Unknown,0.00,יחידה,false,,4.90,0.0000,true,1,322980
7290112483775,false,צלחות אובליות קיסר 3,פאלאס,CN,צלחות אובליות קיסר 3,Unknown,0.00,יחידה,false,,39.90,0.0000,true,1,310420
7290112483782,false,צלחות גדולות גרניט 4,פאלאס,CN,צלחות גדולות גרניט 4,Unknown,0.00,יחידה,false,,59.90,0.0000,true,1,310426
7290112483799,false,צלחות ענק גרניט 40 י,פאלאס,CN,צלחות ענק גרניט 40 י,Unknown,0.00,יחידה,false,,69.90,0.0000,true,1,310427
7290112483805,false,צלחות מרק גרניט 40 י,פאלאס,CN,צלחות מרק גרניט 40 י,Unknown,0.00,יחידה,false,,49.90,0.0000,true,1,310428
7290112483812,false,לפתניות גרניט בלו שי,פאלאס,TR,לפתניות גרניט בלו שי,Unknown,0.00,יחידה,false,,34.90,0.0000,true,1,310419
7290112483829,false,קעריות אובלי גרניט 4,פאלאס,CN,קעריות אובלי גרניט 4,Unknown,0.00,יחידה,false,,19.00,0.0000,true,1,310421
7290112484352,false,צלחות ענק נעימות 50,פאלאס,TR,צלחות ענק נעימות 50,Unknown,0.00,יחידה,false,,39.90,0.0000,true,1,312333
7290112484369,false,צלחות לפתן נעימות 10,פאלאס,TR,צלחות לפתן נעימות 10,Unknown,0.00,יחידה,false,,22.90,0.0000,true,1,312335
7290112484406,false,"כוסות ח""פ קשת 200 מ""",פאלאס,GR,"כוסות ח""פ קשת 200 מ""",Unknown,0.00,יחידה,false,,34.90,0.0000,true,1,311960
7290112484420,false,כוסות נייר 168 יח 26,פאלאס,CN,כוסות נייר 168 יח 26,Unknown,0.00,יחידה,false,,29.90,0.0000,true,1,314502
7290112484444,false,כוסות נייר 116 יח 35,פאלאס,CN,כוסות נייר 116 יח 35,Unknown,0.00,יחידה,false,,29.90,0.0000,true,1,314069
7290112484505,false,קערית אובלי קיסר לבן 10,פאלאס,CN,קעריות אובלי קיסר לב,Unknown,0.00,יחידה,false,,14.90,0.0000,true,1,319877
7290112484512,false,צלחת אובלי קיסר שחור כסף,פאלאס,CN,קעריות אובלי קיסר שח,Unknown,0.00,יחידה,false,,14.90,0.0000,true,1,319878
7290112484741,false,צלחות קטנות רוז שחור,פאלאס,CN,צלחות קטנות רוז שחור,Unknown,0.00,יחידה,false,,39.90,0.0000,true,1,316250
7290112484758,false,צלחות גדולות רוז שחו,פאלאס,CN,צלחות גדולות רוז שחו,Unknown,0.00,יחידה,false,,49.90,0.0000,true,1,316246
7290112484789,false,לפתניות רוז שחור בלו,פאלאס,CN,לפתניות רוז שחור בלו,Unknown,0.00,יחידה,false,,29.90,0.0000,true,1,316242
7290112484802,false,"כוסות ח""פ 100 יח צבע",פאלאס,CN,"כוסות ח""פ 100 יח צבע",Unknown,0.00,יחידה,false,,5.90,0.0000,true,1,313741
7290112484819,false,צלחות קטנות נעימות ש,פאלאס,TR,צלחות קטנות נעימות ש,Unknown,0.00,יחידה,false,,29.90,0.0000,true,1,314418
7290112484826,false,צלחות גדולות נעימות,ב פ תעשיות,IL,צלחות גדולות נעימות,Unknown,0.00,יחידה,false,,49.90,0.0000,true,1,313176
7290112484833,false,צלחות ענק נעימות שקו,פאלאס,CN,צלחות ענק נעימות שקו,Unknown,0.00,יחידה,false,,59.90,0.0000,true,1,314427
7290112484840,false,צלחות מרק נעימות שקו,ב פ תעשיות,IL,צלחות מרק נעימות שקו,Unknown,0.00,יחידה,false,,32.90,0.0000,true,1,314419
7290112484857,false,צלחות לפתן נעימות שק,פאלאס,TR,צלחות לפתן נעימות שק,Unknown,0.00,יחידה,false,,22.90,0.0000,true,1,314420
7290112484901,false,תבניות מאפינס קשת 72,פאלאס,CN,תבניות מאפינס קשת 72,Unknown,0.00,יחידה,false,,9.90,0.0000,true,1,318861
7290112484925,false,מפת ניילון סופר עבה,פאלאס,IL,מפת ניילון סופר עבה,מטרים,35.00,מטר,false,,39.90,1.1400,true,1,315402
7290112485588,false,מארז צלחות גדולות +,פאלאס,CN,מארז צלחות גדולות +,Unknown,0.00,יחידה,false,,49.90,0.0000,true,1,321689
7290112485625,false,כוסות קרטון 8b 50 יח,פאלאס,TR,כוסות נייר 50 יח 210,Unknown,0.00,יחידה,false,,7.90,0.0000,true,1,318948
7290112485892,false,מפיות חד שכבתי קשת 1,פאלאס,TR,מפיות חד שכבתי קשת 1,Unknown,0.00,יחידה,false,,5.90,0.0000,true,1,323399
7290112486011,false,צלחות לפתן פאלאס 150,פאלאס,IL,צלחות לפתן פאלאס 150,Unknown,0.00,יחידה,false,,19.90,0.0000,true,1,322032
7290112486028,false,צלחות קטנות פאלאס 12,פאלאס,IL,צלחות קטנות פאלאס 12,Unknown,0.00,יחידה,false,,19.90,0.0000,true,1,323264
7290112486035,false,צלחות גדולות פאלאס 8,פאלאס,IL,צלחות גדולות פאלאס 8,Unknown,0.00,יחידה,false,,19.90,0.0000,true,1,322321
7290112486042,false,צלחות מרק 70 יח' פאל,פאלאס,IL,צלחות מרק 70 יח' פאל,Unknown,0.00,יחידה,false,,19.90,0.0000,true,1,322254
7290112486059,false,צלחות ענק פאלאס 70 י,פאלאס,IL,צלחות ענק פאלאס 70 י,Unknown,0.00,יחידה,false,,19.90,0.0000,true,1,322255
7290112486066,false,קערות אובלית פאלאס 8,פאלאס,IL,קערות אובלית פאלאס 8,Unknown,0.00,יחידה,false,,19.90,0.0000,true,1,324322
7290112486516,false,מגש אובלי אלגנט 20 יחי,פאלאס,IL,מגש אובלי צבעוני פאל,Unknown,0.00,יחידה,false,,21.90,0.0000,true,1,325135
7290112493927,false,גלידה בטעם ריבת חלב 1.33ל' קרמיסימו,"גלידת שטראוס בע""\מ, רחוב",IL,גלידה קרמיסימו ריבת,קילוגרמים,1.33,ליטר,false,,16.90,12.7068,true,1,309274
7290112493934,false,גלידה וניל צרפתי 1.33ל' קרמיסימו,"גלידת שטראוס בע""\מ, רחוב",IL,גלידה קרמיסימו וניל,קילוגרמים,1.33,ליטר,false,,16.90,12.7068,true,1,309275
7290112494276,false,קליק כריות בתפזורת כשר לפסח,יוניליוור ישראל מזון בע\,IL,קליק כריות 65 גרם,גרמים,65.00,100 גרם,false,,4.90,7.5385,true,1,308604
7290112494351,false,תלמה קורנפלקס של אלופים 850 גרם,"יוניליוור שפע ישראל בע""\",IL,קורנפלקס של אלופים 8,גרמים,850.00,100 גרם,false,,16.90,1.9882,true,1,310160
7290112495006,false,כריות נוגט 686 גרם - קופסא,"יוניליוור ישראל מזון בע""",IL,"כריות נוגט בד""צ 686",גרמים,686.00,100 גרם,false,,23.90,3.4840,true,1,308407
7290112495273,false,קליק שקית דאבל קרם ח,"דרך השוקולד 1, צפת 1",IL,קליק דאבל קרם חלב 65,גרמים,65.00,100 גרם,false,,4.90,7.5385,true,1,308424
7290112497499,false,קליק אקסטרא לארג שוקולד לבן עוגיות 85 גרם,אתר צפת טבלאות ותעשי,IL,שוקולד קליק לבן עוגי,גרמים,85.00,100 גרם,false,,4.90,5.7647,true,1,317443
7290112498748,false,מיני סולרו וניל תות שדה 350 גרם,"מיוצר ע""\י גלידת שטראוס",IL,שלגוני מיני סולרו ונ,גרמים,350.00,100 גרם,false,,14.90,4.2571,true,1,315574
7290112498885,false,מאגדת גודי'ז תותים ושוקולד לבן 235 גרם,"גלידת שטראוס בע""\מ, רח'\",IL,שלגוני גודיס תות ושו,גרמים,235.00,100 גרם,false,,19.50,8.2979,true,1,316469
7290112498915,false,מאגדת מיני מגנום שקדים מובחר שטראוס 250 גרם,"מיוצר ע""\י גלידת שטראוס",IL,שלגוני מיני מגנום שק,גרמים,330.00,100 גרם,false,,21.90,6.6364,true,1,317441
7290112499097,false,מאגדת מיני מגנום מריר Intense Dark! 240 גרם,"מיוצר ע""\י גלידת שטראוס",IL,שלגוני מיני מגנום מר,גרמים,330.00,100 גרם,false,,21.90,6.6364,true,1,321045
7290112499189,false,"גלידת קרמיסימו חד קרן וניל תות, 1.33 ליטר","גלידת שטראוס בע""\מ, רחוב",IL,גלידה קרמיסימו חד קר,קילוגרמים,1.33,ליטר,false,,16.90,12.7068,true,1,322873
7290112499196,false,גלידה בטעם החלב של הקורנפלקס 1.33 ל' קרמיסימו,"גלידת שטראוס בע""\מ, רחוב",IL,גלידה קרמיסימו בטעם,קילוגרמים,1.33,ליטר,false,,16.90,12.7068,true,1,322872
7290112499776,false,גלידת שמנת מופחתת שומן וקלוריות בטעם שוקולד לבן 240 גרם,"גלידת שטראוס בע""\מ, רח'\",IL,שלגוני גודיס שלושת ש,גרמים,235.00,100 גרם,false,,19.50,8.2979,true,1,311472
7290112499844,false,מאגדת מיני מגנום דואט שוקולד עם נוגט שטראוס 310 גרם,"מיוצר ע""\י גלידת שטראוס",IL,שלגוני מיני מגנום ונ,גרמים,310.00,100 גרם,false,,21.90,7.0645,true,1,309991
7290112499943,false,מיני מאגדת מיני מגנום טעמים שונים וניל+שוקו,"גלידות שטראוס בע""\מ, רח\",IL,שלגוני מיני מגנום שו,גרמים,330.00,100 גרם,false,,21.90,6.6364,true,1,310299
7290112870254,false,ממרח עגבניות מיובשות יבנה 190 ג',בני דרום,IL,ממרח עגבניות מיובשות,גרמים,190.00,100 גרם,false,,9.90,5.2105,true,1,302908
7290112870261,false,ממרח ארטישוק יבנה צנצנת 190 ג',בני דרום,IL,ממרח ארטישוק בני דרו,גרמים,190.00,100 גרם,false,,9.90,5.2105,true,1,302909
7290112870278,false,ממרח טפנד זיתים מרינד יבנה 190 ג' צנצנת,בני דרום,IL,ממרח טפנד זיתים מרינ,גרמים,190.00,100 גרם,false,,9.90,5.2105,true,1,302904
7290112870285,false,ממרח טפנד זיתים יבנה 190 ג' צנצנת,בני דרום,IL,ממרח טפנד זיתים בני,גרמים,190.00,100 גרם,false,,9.90,5.2105,true,1,302910
7290112870292,false,ממרח צימיצורי יבנה 190 ג' צנצנת,בני דרום,IL,ממרח צימיצורי בני דר,גרמים,190.00,100 גרם,false,,9.90,5.2105,true,1,302906
7290112870308,false,ממרח פלפל אדום יבנה 190 ג' צנצנת,בני דרום,IL,ממרח פלפל אדום בני ד,גרמים,190.00,100 גרם,false,,9.90,5.2105,true,1,302905
7290112870315,false,זית טבעות ירוק בני ד,בני דרום,IL,זית טבעות ירוק בני ד,פריט,3.00,"ק""ג",false,,29.90,9.9667,true,1,305655
7290112870414,false,ממרח סחוג אדום צנצנת 190ג',בני דרום,IL,ממרח סחוג אדום בני ד,גרמים,190.00,100 גרם,false,,9.90,5.2105,true,1,305852
7290112961266,false,בייגלה כפיות פיזור איטלקי 300 גרם אסם,"אסם תעשיות בע""מ",IL,בייגלה כפיות איטלקי,גרמים,300.00,100 גרם,false,,7.90,2.6333,true,1,305916
7290112961372,false,פיטנס חטיפי פריכיות דקות קינמון 60 גרם,"פרח תעשיות מזון בע""\מ",IL,חטיפי פריכיות קינמון,גרמים,60.00,100 גרם,false,,7.90,13.1667,true,1,304380
7290112961464,false,פיטנס חטיפי פריכיות דגנים וחומוס מתובלות,"פרח תעשיות מזון בע""\מ",IL,חטיפי פריכיות מתובלו,גרמים,60.00,100 גרם,false,,7.90,13.1667,true,1,304381
7290112961754,false,עוגיות שוקולד ציפס עם קרם בטעם אגוזים 220 גר',מיוצר עי קונדיטוריית,IL,עוגיות שוקולד ציפס מ,גרמים,200.00,100 גרם,false,,9.90,4.9500,true,1,304824
7290112963321,false,גריסיני בייגלה שטוח ללא גלוטן אסם 300גרם,מיוצר עי קונדיטוריית,IL,בייגלה שטוח גרפיטי ל,גרמים,300.00,100 גרם,false,,11.90,3.9667,true,1,311494
7290112963918,false,פיטנס חטיפי קרקר דק רוזמרין 140 גרם,נסטלה Nestle,IL,קרקר דק רוזמרין פיטנ,גרמים,140.00,100 גרם,false,,10.90,7.7857,true,1,307334
7290112964472,false,אסם רוטב שום חדש לסלט 290 גרם,"אסם תעשיות בע""מ",IL,רוטב שום אסם 290 גרם,גרמים,290.00,100 גרם,false,,8.90,3.0690,true,1,307234
7290112964625,false,רוטב שום לייט לסלט 310 גרם אסם,"אסם תעשיות בע""מ",IL,רוטב שום לייט אסם 31,גרמים,310.00,100 גרם,false,,8.90,2.8710,true,1,307236
7290112965165,false,מרק נמס פטריות אסם בדצ 48 גרם מארז זוגי,"אסם תעשיות בע""מ",IL,מרק נמס פטריות אסם 2,גרמים,48.00,100 גרם,false,,5.50,11.4583,true,1,309165
7290112965240,false,מרק נמס בטעם עגבניות זוג * 44 ג' אסם,"אסם תעשיות בע""מ",IL,מרק נמס עגבניות אסם,גרמים,60.00,100 גרם,false,,5.50,9.1667,true,1,309166
7290112965288,false,מרק נמס ירקות אסם בדצ 56 גרם מארז זוגי,"אסם תעשיות בע""מ",IL,מרק נמס ירקות אסם 2*,גרמים,56.00,100 גרם,false,,5.50,9.8214,true,1,313757
7290112965301,false,זוג מרק נמס בטעם עוף עם שקדי מרק רגע חם,"אסם תעשיות בע""מ",IL,מרק נמס עוף אסם 2*26,גרמים,52.00,100 גרם,false,,5.50,10.5769,true,1,309167
7290112965660,false,פיטנס - חטיף מולטיגריין מלח פלפל 25 גרם,מיוצר עי קונדיטוריית,IL,חטיף פיטנס מלח פלפל,גרמים,25.00,100 גרם,false,,4.90,19.6000,true,1,314125
7290112965684,false,פיטנס - חטיף מולטיגריין עשבי תיבול 25 גרם,מיוצר עי קונדיטוריית,IL,חטיף פיטנס עשבי תיבו,גרמים,25.00,100 גרם,false,,4.90,19.6000,true,1,314126
7290112965707,false,פיטנס - חטיף מולטיגריין צילי מעודן 25 גרם,"אסם השקעות בע""\מ",IL,חטיף פיטנס צ'ילי מעו,Unknown,0.00,יחידה,false,,4.90,0.0000,true,1,314127
7290112965783,false,אוסם - ביסלי פריסטייל על האש 60 גרם,"אסם השקעות בע""\מ",IL,ביסלי פריסטייל על הא,גרמים,60.00,100 גרם,false,,3.90,6.5000,true,1,317746
7290112965905,false,אסם בייגלה שמיניות במליחות מעודנת 400 גרם,מיוצר עי קונדיטוריית,IL,בייגלה שמיניות במליח,גרמים,400.00,100 גרם,false,,7.90,1.9750,true,1,309196
7290112965967,false,טבעול נאגטס ירקות כתומים 500 גרם,"טבעול תעשיות מזון בע""\מ",IL,נאגטס ירקות כתומים ט,גרמים,500.00,100 גרם,false,,29.90,5.9800,true,1,314356
7290112966094,false,עוגת הבית תפוז מופחת סוכר אסם 400 גרם,מיוצר עי קונדיטוריית,IL,עוגת תפוז מופחתת סוכ,גרמים,400.00,100 גרם,false,,10.90,2.7250,true,1,309302
7290112966247,false,לחמית כוסמין 200 גרם אסם,"אסם תעשיות בע""מ",IL,לחמית כוסמין 200 גרם,גרמים,200.00,100 גרם,false,,8.90,4.4500,true,1,313668
7290112966803,false,אסם פודינג אינסטנט שוקולד 88 גרם,"אסם השקעות בע""\מ",IL,פודינג אינסטנט שוקול,גרמים,88.00,100 גרם,false,,4.90,5.5682,true,1,311178
7290112966841,false,אינסטנט פודינג בטעם שוקולד מריר 95 גרם,מיוצר עי קונדיטוריית,IL,פודינג אינסטנט שוקול,גרמים,90.00,100 גרם,false,,4.90,5.4444,true,1,311179
7290112967114,false,פיטנס חטיפי פריכיות קטניות ופלפל 60 גרם,"פרח תעשיות מזון בע""\מ",IL,חטיפי פריכיות קטניות,גרמים,60.00,100 גרם,false,,7.90,13.1667,true,1,311489
7290112967152,false,מארז במבה מתוקה 15*,אסם,IL,מארז במבה מתוקה 15*,גרמים,225.00,100 גרם,false,,17.90,7.9556,true,1,309293
7290112967381,false,פיטנס חטיפי פריכיות קטניות ומלח ים 60 גרם,"פרח תעשיות מזון בע""\מ",IL,חטיפי פריכיות קטניות,גרמים,60.00,100 גרם,false,,7.90,13.1667,true,1,311490
7290112967572,false,"אסם רוטב ברביקיו 290 מ""ל אסם",Unknown,IL,רוטב ברביקיו אסם 290,גרמים,290.00,100 גרם,false,,8.90,3.0690,true,1,309170
7290112967848,false,ג'לי תות שדה מופחת סוכר אסם 90 גרם,מיוצר עי קונדיטוריית,IL,גלי בטעם תות מופחת ס,גרמים,85.00,100 גרם,false,,5.90,6.9412,true,1,316828
7290112968340,false,צבר חומוס גרוס גס גס 400 גרם,שוורצקוף& הנקל דיסלד,IL,חומוס גרוס גס גס צבר,גרמים,400.00,100 גרם,false,,13.90,3.4750,true,1,309717
7290112968708,false,"טבעול שניצל תירס עדה חרדית 1.3 ק""ג","טבעול תעשיות מזון בע""\מ",IL,שניצל תירס טבעול 1.3,פריט,1.30,"ק""ג",false,,39.90,30.6923,true,1,310817
7290112968722,false,טבעול נקניקיות מן הצומח עדה חרדית 1.2קג,"טבעול תעשיות מזון בע""\מ",IL,נקניקיות מן הצומח טב,פריט,1.20,"ק""ג",false,,39.90,33.2500,true,1,310818
7290112968807,false,פיטנס - קרקר דק סלק 140 גרם,מפעל אסם יקנעם,IL,קרקר דק סלק פיטנס 14,גרמים,140.00,100 גרם,false,,10.90,7.7857,true,1,314571
7290112968821,false,פיטנס - קרקר דק בטטה 140 גרם,מפעל אסם יקנעם,IL,קרקר דק בטטה פיטנס 1,גרמים,140.00,100 גרם,false,,10.90,7.7857,true,1,314572
7290113190269,false,אגוז מלך קלוף הבסטה,דין שיווק,IL,אגוז מלך קלוף הבסטה,גרמים,280.00,100 גרם,false,,21.90,7.8214,true,1,303619
7290113190276,false,פקאן סיני מסוכר הבסט,דין שיווק,IL,פקאן סיני מסוכר הבסט,גרמים,200.00,100 גרם,false,,23.90,11.9500,true,1,303618
7290113190283,false,שקד טבעי הבסטה 280 ג,דין שיווק,IL,שקד טבעי הבסטה 280 ג,גרמים,280.00,100 גרם,false,,21.90,7.8214,true,1,303617
7290113190375,false,סילאן טבעי 900 גרם שקדיה,ג.מ. טעם הארץ,TR,סילאן טבעי שקדיה 900,גרמים,900.00,100 גרם,false,,17.90,1.9889,true,1,305138
7290113190382,false,פקאן טבעי הבסטה 200,דין שיווק,IL,פקאן טבעי הבסטה 200,גרמים,200.00,100 גרם,false,,23.90,11.9500,true,1,303752
7290113190863,false,סילאן שקדיה 100% טבעי385,שקדיה,IL,סילאן טבעי לחיץ שקדי,גרמים,385.00,100 גרם,false,,11.90,3.0909,true,1,312929
7290113191006,false,פפריקה מתוקה יוחאי ב,נווה התבלין,IL,פפריקה מתוקה יוחאי ב,גרמים,250.00,100 גרם,false,,19.90,7.9600,true,1,306160
7290113191013,false,פפריקה חריפה אהרוני250ג,נווה התבלין,IL,פפריקה חריפה יוחאי ב,גרמים,250.00,100 גרם,false,,19.90,7.9600,true,1,306161
7290113191037,false,פלפל שחור גרוס אהרוני250,נווה התבלין,IL,פלפל שחור גרוס יוחאי,גרמים,250.00,100 גרם,false,,19.90,7.9600,true,1,306163
7290113191044,false,כמון יוחאי ביטון 250,נווה התבלין,IL,כמון יוחאי ביטון 250,גרמים,250.00,100 גרם,false,,19.90,7.9600,true,1,306164
7290113191051,false,כורכום יוחאי ביטון 2,נווה התבלין,IL,כורכום יוחאי ביטון 2,גרמים,250.00,100 גרם,false,,19.90,7.9600,true,1,306165
7290113191099,false,"סירופ מייפל טהור 250 מ""ל","קופרדקס איי פי אם בע""\מ",IL,סירופ מייפל טהור 250,מיליליטרים,250.00,"100 מ""ל",false,,19.90,7.9600,true,1,320713
7290113191921,false,סירופ מלבי 750 גרם,"פוליבה בע""ם",IL,"סירופ מלבי 750 מ""ל",מיליליטרים,750.00,"100 מ""ל",false,,16.90,2.2533,true,1,309513
7290113191938,false,"סירופ רוזטה בטעם שקדים 750 מ""ל","פוליבה בע""ם",IL,תרכיז שקדים רוזטה 75,מיליליטרים,750.00,"100 מ""ל",false,,16.90,2.2533,true,1,307852
7290113192102,false,"דפי אורז עגול קטן 16 ס""מ שקדיה 250 גרם",תראן ראנח,VN,דפי אורז עגוליםבאצ',גרמים,250.00,100 גרם,false,,9.90,3.9600,true,1,310591
7290113192201,false,תערובת להכנת סחלב 500 גרם ששון הקולה,"י. כהן בע""מ",IL,אבקה להכנת סחלב שקדי,גרמים,500.00,100 גרם,false,,14.90,2.9800,true,1,309486
7290113192218,false,תערובת להכנת מלבי 500 גרם,"שקדיה גבע תעשיות בע""",IL,אבקה להכנת מלבי שקדי,גרמים,500.00,100 גרם,false,,14.90,2.9800,true,1,309487
7290113192300,false,זיתים חרוזית מושחרים בית השיטה 275 גרם,בית השיטה,IL,זית חרוזית מושחר בית,גרמים,560.00,100 גרם,false,,8.90,1.5893,true,1,309200
7290113192331,false,זיתים ירוקים מנזנילו 340 גר' בית השיטה,בית-השיטה עסיס תעשיות מז,IL,זית מנזלינו בית השיט,גרמים,560.00,100 גרם,false,,9.50,1.6964,true,1,309203
7290113192348,false,בית השיטה זיתים ירוקים גדול מאודבטעם שום,בית-השיטה עסיס תעשיות מז,IL,זית שום בית השיטה 56,גרמים,560.00,100 גרם,false,,9.50,1.6964,true,1,309204
7290113192355,false,חרוזית זיתים ירוקים ללא גלעין 275 ג' בית השיטה,בית-השיטה עסיס תעשיות מז,IL,זית חרוזית בית השיטה,גרמים,560.00,100 גרם,false,,9.50,1.6964,true,1,309205
7290113192362,false,בית השיטה טבעות זיתים ירק.א2 12*280ג חדש,בית-השיטה עסיס תעשיות מז,IL,זית טבעות בית השיטה,גרמים,560.00,100 גרם,false,,9.90,1.7679,true,1,309206
7290113192379,false,בית השיטה זיתים ירוקים מבוקעים א2 340גר',בית השיטה,IL,זית מבוקע בית השיטה,גרמים,560.00,100 גרם,false,,8.90,1.5893,true,1,309207
7290113192393,false,בית השיטה קוקטייל זיתים א2 336 גרם,בית-השיטה עסיס תעשיות מז,IL,זית קוקטייל בית השיט,גרמים,560.00,100 גרם,false,,10.90,1.9464,true,1,309208
7290113192478,false,בית השיטה מלפפונים במלח בינוני 10-12 320 גרם,בית-השיטה עסיס תעשיות מז,IL,מלפפון במלח 10-12 בי,גרמים,560.00,100 גרם,false,,7.90,1.4107,true,1,309209
7290113192485,false,בית השיטה מלפפונים בחומץ בינוני 10-12 290 גרם,בית-השיטה עסיס תעשיות מז,IL,מלפפון בחומץ 10-12 ב,גרמים,560.00,100 גרם,false,,7.90,1.4107,true,1,309210
7290113192492,false,בית השיטה מלפפונים בחומץ קטנים 1317 290 גרם,בית-השיטה עסיס תעשיות מז,IL,מלפפון בחומץ 13-17 ב,גרמים,560.00,100 גרם,false,,10.50,1.8750,true,1,309211
7290113192508,false,ב.השיטה מלפפון במלח ר.טבע א2 17-13 320 גרם,בית-השיטה עסיס תעשיות מז,IL,מלפפון במלח 13-17 בי,גרמים,560.00,100 גרם,false,,10.50,1.8750,true,1,309212
7290113192515,false,בית השיטה מלפפונים במלח קטן מאוד 1825 320 גרם,בית-השיטה עסיס תעשיות מז,IL,מלפפון במלח 18-25 בי,גרמים,560.00,100 גרם,false,,11.50,2.0536,true,1,309213
7290113192522,false,בית השיטה מלפפונים בחומץ קטן מאוד 1825 290 גרם,בית-השיטה עסיס תעשיות מז,IL,מלפפון בחומץ 18-25 ב,גרמים,560.00,100 גרם,false,,11.50,2.0536,true,1,309214
7290113192539,false,בית השיטה מלפפונים במלח גדול 79 320 גרם,בית-השיטה עסיס תעשיות מז,IL,מלפפון במלח 7-9 בית,גרמים,560.00,100 גרם,false,,6.30,1.1250,true,1,309215
7290113192546,false,"מלפפונים בחומץ רכיבים טבעיים 7-9 ""בית השיטה""",בית-השיטה עסיס תעשיות מז,IL,מלפפון בחומץ 7-9 בית,גרמים,560.00,100 גרם,false,,6.30,1.1250,true,1,309216
7290113192560,false,בית השיטה פלפל שיפקה חריף כבוש 230 גרם,בית-השיטה עסיס תעשיות מז,IL,פלפל שיפקה בית השיטה,גרמים,560.00,100 גרם,false,,6.50,1.1607,true,1,309217
7290113192577,false,בית השיטה כרוב כבוש א2 12*430גרם חדש,"בית-השיטה תעשיות בע""\מ",IL,כרוב כבוש בית השיטה,גרמים,560.00,100 גרם,false,,6.90,1.2321,true,1,311612
7290113192997,false,בית השיטה זית מרוקאי 340 גרם*,"בית השיטה תעשיות בע""\מ",IL,זית שחור מרוקאי בית,גרמים,340.00,100 גרם,false,,11.90,3.5000,true,1,319735
7290113193000,false,בית השיטה פלפל שיפקונית 230 גרם*,"בית השיטה תעשיות בע""\מ",IL,פלפל שיפקונית בית הש,גרמים,560.00,100 גרם,false,,9.90,1.7679,true,1,311613
7290113193017,false,בית השיטה חרוזית קוקטייל זיתים 275 גרם,"בית השיטה תעשיות בע""\מ",IL,זית חרוזית קוקטייל ב,גרמים,560.00,100 גרם,false,,11.50,2.0536,true,1,311617
7290113193031,false,חרוזית קלמטה - זיתים שחורים ללא גלעין קלמטה,"בית השיטה תעשיות בע""\מ",IL,זית חרוזית קלמטה בית,גרמים,560.00,100 גרם,false,,11.50,2.0536,true,1,311618
7290113193321,false,"שמן זית כתית מעולה בית השיטה 750 מ""ל",אצטס אבסה אס. איי. יו.,IL,שמן זית כתית מעולה ב,מיליליטרים,750.00,"100 מ""ל",false,,27.90,3.7200,true,1,314026
7290113193406,false,"קוקטייל טבעות זיתים - זיתים ירוקים, שחורים מרינד","בית השיטה תעשיות בע""\מ",IL,זית טבעות קוקטייל בי,גרמים,560.00,100 גרם,false,,11.50,2.0536,true,1,311614
7290113193444,false,מלפפון במלח גדול עמק,בית השיטה,IL,מלפפון במלח גדול עמק,גרמים,820.00,100 גרם,false,,6.90,0.8415,true,1,312143
7290113193451,false,מלפפון במלח בינוני ע,בית השיטה,IL,מלפפון במלח בינוני ע,גרמים,820.00,100 גרם,false,,7.90,0.9634,true,1,312147
7290113193468,false,מלפפון במלח קטן עמק,בית השיטה,IL,מלפפון במלח קטן עמק,גרמים,820.00,100 גרם,false,,9.50,1.1585,true,1,312144
7290113193475,false,מלפפון במלח קטן מאוד,בית השיטה,IL,מלפפון במלח קטן מאוד,גרמים,820.00,100 גרם,false,,11.90,1.4512,true,1,312149
7290113193482,false,מלפפון בחומץ גדול עמ,בית השיטה,IL,מלפפון בחומץ גדול עמ,גרמים,820.00,100 גרם,false,,6.90,0.8415,true,1,312145
7290113193499,false,מלפפון בחומץ בינוני,בית השיטה,IL,מלפפון בחומץ בינוני,גרמים,820.00,100 גרם,false,,7.90,0.9634,true,1,312148
7290113193505,false,מלפפון בחומץ קטן עמק,בית השיטה,IL,מלפפון בחומץ קטן עמק,גרמים,820.00,100 גרם,false,,9.50,1.1585,true,1,312146
7290113193512,false,מלפפון בחומץ קטן מאו,בית השיטה,IL,מלפפון בחומץ קטן מאו,גרמים,820.00,100 גרם,false,,11.90,1.4512,true,1,312150
7290113193529,false,מיקס זיתים עמק חרוד,בית השיטה,IL,מיקס זיתים עמק חרוד,גרמים,820.00,100 גרם,false,,11.90,1.4512,true,1,312140
7290113193536,false,זית חרוזית עמק חרוד,בית השיטה,IL,זית חרוזית עמק חרוד,גרמים,820.00,100 גרם,false,,9.90,1.2073,true,1,312141
7290113193543,false,זית טבעות עמק חרוד 8,בית השיטה,IL,זית טבעות עמק חרוד 8,גרמים,820.00,100 גרם,false,,9.90,1.2073,true,1,312142
7290113194601,false,מובחרים מן הטבע 500,דין שיווק,IL,מובחרים מן הטבע 500,גרמים,500.00,100 גרם,false,,9.90,1.9800,true,1,312157
7290113194618,false,קוואקר מובחרים מן הט,דין שיווק,IL,קוואקר מובחרים מן הט,גרמים,700.00,100 גרם,false,,4.90,0.7000,true,1,312159
7290113194625,false,מובחרים מן הטבע 300,דין שיווק,IL,מובחרים מן הטבע 300,גרמים,300.00,100 גרם,false,,9.90,3.3000,true,1,312158
7290113194632,false,ממרח שקדים 100% 500 גרם,ג'\י אנד ג'\י פקאנס בעמ,IL,ממרח שקדים שקדיה 500,גרמים,500.00,100 גרם,false,,49.90,9.9800,true,1,313373
7290113195042,false,מלפפון חמוץ במלח כבישה ביתית בית השיטה 750 גר',שוורצקוף& הנקל דיסלד,IL,מלפפון במלח בטעם בית,גרמים,750.00,100 גרם,false,,24.90,3.3200,true,1,319745
7290113195349,false,טופו במים שקדיה 400 גרם,דין שיווק,,טופו במים סו שף 400,גרמים,400.00,100 גרם,false,,9.90,2.4750,true,1,315421
7290113195837,false,מובחרים מן הטבע 250,דין שיווק,IL,מובחרים מן הטבע 250,גרמים,250.00,100 גרם,false,,9.90,3.9600,true,1,312945
7290113195844,false,מובחרים מן הטבע 400,דין שיווק,IL,מובחרים מן הטבע 400,גרמים,400.00,100 גרם,false,,9.90,2.4750,true,1,312946
7290113195851,false,מובחרים מן הטבע 800,דין שיווק,IL,מובחרים מן הטבע 800,גרמים,800.00,100 גרם,false,,9.90,1.2375,true,1,312947
7290113195868,false,מובחרים מן הטבע 200,דין שיווק,IL,מובחרים מן הטבע 200,גרמים,200.00,100 גרם,false,,9.90,4.9500,true,1,312948
7290113195943,false,פלפל שיפקה עמק חרוד,בית השיטה,IL,פלפל שיפקה עמק חרוד,גרמים,820.00,100 גרם,false,,7.90,0.9634,true,1,313657
7290113196414,false,"אורז בסמטי 1 ק""ג - שקדיה כחול מטאלי",דאבה סינג שאם סינג,IN,אורז בסמטי שקדיה 1 ק,פריט,1.00,"ק""ג",false,,9.90,9.9000,true,1,318771
7290113196506,false,פריכיות כוסמת ללא מלח שקדיה 150 גרם,זנבר המכללה לטבעונות,IL,פריכיות כוסמת ללא מל,גרמים,150.00,100 גרם,false,,11.90,7.9333,true,1,318416
7290113196513,false,פריכיות כוסמת בתוספת שקדים שקדיה 150 גרם,זנבר המכללה לטבעונות,IL,פריכיות כוסמת שקדים,גרמים,150.00,100 גרם,false,,11.90,7.9333,true,1,318417
7290113196520,false,פריכיות כוסמין ללא מלח שקדיה 150 גרם,זנבר המכללה לטבעונות,IL,פריכיות כוסמין ללא מ,גרמים,150.00,100 גרם,false,,11.90,7.9333,true,1,318414
7290113196759,false,ירקות מעורבים בסגנון מזרחי בטעם ביתי,בית השיטה עסיס תעשיו,IL,ירקות מעורבים בטעם ב,גרמים,750.00,100 גרם,false,,27.90,3.7200,true,1,319746
7290113196896,false,"תרסיס שמן זית שקדיה 170 מ""ל",שקדיה,IL,תרסיס שמן זית שקדיה,מיליליטרים,170.00,"100 מ""ל",false,,14.90,8.7647,true,1,319206
7290113197152,false,לבבות דקל שלמים במלח410ג,שקדיה,IL,לבבות דקל שלם בצנצנת,גרמים,410.00,100 גרם,false,,11.90,2.9024,true,1,319235
7290113198616,false,ברנפלקס דגנים מחיטה מלאה וסובין 500 גרם שקדיה,שקדיה,IL,ברנפלקס שקדיה 500 גר,גרמים,500.00,100 גרם,false,,14.90,2.9800,true,1,322526
7290113199323,false,טורטיה מיני שקדיה 150 גרם,אלקטי קוראבייכיסיגידה טו,TR,מיני טורטיה מקמח חיט,גרמים,150.00,100 גרם,false,,4.90,3.2667,true,1,324714
7290113199644,false,ופל במילוי קרם קקאו,טוטיס,GR,ופל במילוי קרם קקאו,גרמים,162.00,100 גרם,false,,6.90,4.2593,true,1,323593
7290113199767,false,ממרח שקדים 300 גרם השקדיה,פפויאנס,TW,ממרח 100% שקדים שקדי,גרמים,300.00,100 גרם,false,,26.90,8.9667,true,1,323052
7290113199774,false,ממרח בוטנים 300 גרם השקדיה,פפויאנס,TW,ממרח 100% בוטנים שקד,גרמים,300.00,100 גרם,false,,13.90,4.6333,true,1,323053
7290113199866,false,מגש אירוח אגוזים קלויים וחטיפים מלוחים מקל 450 ג',דין שיווק,IL,מיקס פיצוחים 450 גרם,גרמים,450.00,100 גרם,false,,34.90,7.7556,true,1,321279
7290113199880,false,טורטיה בתוספת קמח כוסמין ושיבול שועל שקדיה 360 גרם,אקס ולאו,TR,טורטיות בתוספת קמח כ,גרמים,360.00,100 גרם,false,,12.90,3.5833,true,1,323055
7290113469952,false,גבינה צהובה גאודה 28% מגורדת 300 גרם,מלקוויטה,PL,גבינה מגורדת גאודה 2,גרמים,300.00,100 גרם,false,,7.90,2.6333,true,1,324694
7290114310215,false,"שמנת מתוקה 38% רמת הגולן 250 מ""ל ווסטהיים - מוצר בפיקוח",מילקו תעשיות בעמ,IL,שמנת מתוקה 38% בבקב,מיליליטרים,250.00,"100 מ""ל",false,,6.40,2.5600,true,1,311114
7290114310222,false,חלב מועשר בסידן וויטמין Dי 3% 1.5 ל' טרה,מילקו תעשיות בעמ,IL,חלב מועשר 3% טרה 1.5,קילוגרמים,1.50,ליטר,false,,10.90,7.2667,true,1,312005
7290114310239,false,חלב נטול לקטוז מועשר בוויטמין D י 2% 1.5 ל' טרה,מילקו תעשיות בעמ,IL,חלב מועשר נטול לקטוז,קילוגרמים,1.50,ליטר,false,,10.90,7.2667,true,1,312006
7290114310246,false,125 גרנה פדנו צ'אנק גרם משק צוריאל,מחלבת משק צוריאל,IL,גבינה גרנה פדנו 29%,גרמים,125.00,100 גרם,false,,17.90,14.3200,true,1,316732
7290114310338,false,צפתית מעודנת 5% בגביע 225 גרם משק צוריאל,מחלבת משק צוריאל,IL,גבינה צפתית מעודנת 5,גרמים,225.00,100 גרם,false,,16.90,7.5111,true,1,316624
7290114310536,false,יוגורט לייט מעושר חלבון 25 גרם חלבון וניל MULLER ACTIVE,מולר Muller,IL,מולר אקטיב וניל לייט,גרמים,200.00,100 גרם,false,,5.50,2.7500,true,1,317924
7290114310550,false,גבינת פטה עיזים מעודנת 5% משק צוריאל 200 גרם,מחלבת משק צוריאל,IL,גבינת פטה עיזים מעוד,מיליליטרים,200.00,"100 מ""ל",false,,23.90,11.9500,true,1,316751
7290114310567,false,לאבנה עיזים 5% שומן 200 גרם,מחלבת משק צוריאל,IL,לאבנה עיזים 5% צוריא,גרמים,200.00,100 גרם,false,,13.90,6.9500,true,1,316750
7290114310611,false,"משקה חלב בננה בבקבוק פקק ספורט טרה 250 מ""ל",מילקו תעשיות בעמ,IL,"משקה בננה טרה 250 מ""",מיליליטרים,250.00,"100 מ""ל",false,,4.90,1.9600,true,1,322547
7290114310628,false,משקה חלב וניל ועוגיות בקבוק 1 ליטר,מילקו תעשיות בעמ,IL,משקה וניל עוגיות טרה,קילוגרמים,1.00,ליטר,false,,10.90,10.9000,true,1,317305
7290114310673,false,גבינת לאבנה 9% 250 גרם,Unknown,IL,לאבנה 9% טרה 250 גרם,גרמים,250.00,100 גרם,false,,11.90,4.7600,true,1,316752
7290114310895,false,"סימפלי פרוט יוגורט עם מנגו תות, שמיניה 8 * 150 גרם",מולר Muller,IL,מארז מולר סימפלי תות,קילוגרמים,1.20,ליטר,false,,28.90,24.0833,true,1,323505
7290114311014,false,"משקה חלב אייס קפוצ'ינו פקק ספורט טרה 250 מ""ל",מילקו תעשיות בעמ,IL,משקה אייס קפוצ'ינו ט,מיליליטרים,250.00,"100 מ""ל",false,,4.90,1.9600,true,1,322548
7290114311021,false,"משקה חלב וניל עוגיות פקק ספורט טרה 250 מ""ל",מילקו תעשיות בעמ,IL,משקה וניל עוגיות טרה,מיליליטרים,250.00,"100 מ""ל",false,,4.90,1.9600,true,1,322549
7290114311038,false,"שמנת מתוקה 32% עמידה בבקבוק טרה 250 מ""ל",מילקו תעשיות בעמ,IL,שמנת מתוקה 32% בבקבו,מיליליטרים,250.00,"100 מ""ל",false,,6.70,2.6800,true,1,322347
7290114311069,false,יוגורט לבן מועשר בחלבון 0% שומן 200 גרם muller active,מולר Muller,IL,מולר אקטיב בטעם טבעי,גרמים,200.00,100 גרם,false,,4.90,2.4500,true,1,322017
7290114311076,false,"חמאת מולר צהובה עם שום, 200 גרם",מולר Muller,IL,חמאה עם שום מולר 200,גרמים,200.00,100 גרם,false,,10.90,5.4500,true,1,322341
7290114311298,false,יוגורט מולר פרופ בטעם תות בננה מלון 150,מולר Muller,IL,מולר פרופ קציפת תות,מיליליטרים,150.00,"100 מ""ל",false,,4.80,3.2000,true,1,323097
7290114311304,false,יוגורט קציפת מנגו פסיפלורה בננה 150 ג' מולר,מולר Muller,IL,מולר פרופ קציפת מנגו,מיליליטרים,150.00,"100 מ""ל",false,,4.80,3.2000,true,1,323098
7290114311328,false,חלב מועשר דל לקטוז מעושר בויטמין Dי 2% שומן טרה 1 ליטר,ג'י.אר.אמ.גרופו אלימ,IL,חלב נטול לקטוז 2% טר,קילוגרמים,1.00,ליטר,false,,7.30,7.3000,true,1,323506
7290114311359,false,יוגורט עם קציפת מנגו 3% שומן פרופ 150 ג' מולר,מולר Muller,IL,מולר פרופ קציפת מנגו,מיליליטרים,150.00,"100 מ""ל",false,,4.80,3.2000,true,1,323099
7290114311434,false,מולר אקטיב יוגורט חלבון קרמל מלוח 200 גרם,מילקו,IL,מולר אקטיב בטעם קרמל,גרמים,200.00,100 גרם,false,,5.50,2.7500,true,1,324416
7290114311441,false,מולר אקטיב יוגורט חלבון עוגיות חמאה 200 גרם,מילקו,IL,מולר אקטיב בטעם עוגי,גרמים,200.00,100 גרם,false,,5.50,2.7500,true,1,324417
7290114311458,false,"חלב מועשר 3% וויטמין קרטון, 1 ל טרה",Unknown,IL,חלב מועשר 3% וויטמין,קילוגרמים,1.00,ליטר,false,,6.90,6.9000,true,1,324051
7290114311496,false,קרטון חלב מועשר 1% שומן 1 ליטר טרה,Unknown,IL,חלב מועשר 1% טרה 1 ל,קילוגרמים,1.00,ליטר,false,,6.90,6.9000,true,1,324052
7290114601221,false,אג'קס עם אקונומיקה ל,cp צרפת,FR,אג'קס עם אקונומיקה ל,מיליליטרים,0.00,"100 מ""ל",false,,27.90,0.0000,true,1,309021
7290114602150,false,משחת קולגייט טוטל קל,קולגייט פלמוליב,PL,משחת קולגייט טוטל קל,מיליליטרים,300.00,"100 מ""ל",false,,43.90,14.6333,true,1,311699
7290114602174,false,משחת קולגייט טוטל הל,קולגייט פלמוליב,PL,משחת קולגייט טוטל הל,מיליליטרים,300.00,"100 מ""ל",false,,43.90,14.6333,true,1,311700
7290114602211,false,משחת קולגייט סנסטיב,קולגייט פלמוליב,PL,משחת קולגייט סנסטיב,גרמים,225.00,100 גרם,false,,44.90,19.9556,true,1,312537
7290114604932,false,רוטב ברביקיו דבש מאסטר שף 520 גרם,רמיה סי.וי. הולנד,NL,רוטב ברביקיו דבש מאס,גרמים,524.00,100 גרם,false,,12.90,2.4618,true,1,318643
7290114604949,false,מאסטר שף רוטב ברביקיו 524 גרם,רמיה סי.וי. הולנד,NL,רוטב ברביקיו מאסטר ש,גרמים,524.00,100 גרם,false,,12.90,2.4618,true,1,318644
7290114605342,false,פירסט סמייל רפידות הנקה גודל מדיום 110,צאנזו שאנג קאר פרודק,CN,רפידות הנקה פירסט סמ,Unknown,0.00,יחידה,false,,23.90,0.0000,true,1,318638
7290114606387,false,"משחת שיניים אופטיק וויט פחם מארז 75 מ""ל",קולגייט פלמוליב,PL,משחת קולגייט אופטיק,מיליליטרים,150.00,"100 מ""ל",false,,39.90,26.6000,true,1,317531
7290114606592,false,רוטב סויה מסורתית 46% פולי סויה מאסטר שף 620 ג',קריניציה ויטמינה אס,,רוטב סויה מאסטר שף 6,מיליליטרים,620.00,"100 מ""ל",false,,12.90,2.0806,true,1,322030
7290114607315,false,זוג משחת שיניים מקס וויט,קולגייט- פלמוליב,PL,משחת קולגייט מקס ווי,מיליליטרים,250.00,"100 מ""ל",false,,28.90,11.5600,true,1,317076
7290115200713,false,במבה קלאסי מארז אחיד 8 50*5 ג',"אסם השקעות בע""\מ",IL,מארז במבה 5*50 גרם,גרמים,250.00,100 גרם,false,,11.90,4.7600,true,1,312530
7290115201680,false,ביסלי בטעם ברביקיו אסם 70 גרם,"אסם השקעות בע""\מ",IL,ביסלי ברביקיו 70 גרם,גרמים,70.00,100 גרם,false,,3.90,5.5714,true,1,315153
7290115201703,false,ביסלי ברביקיו גדול אסם 200 גרם,מיוצר עי קונדיטוריית,IL,ביסלי ברביקיו 200 גר,גרמים,200.00,100 גרם,false,,6.50,3.2500,true,1,315462
7290115201727,false,ביסלי חטיף בטעם בצל אסם 200 גרם,מיוצר עי קונדיטוריית,IL,ביסלי בצל 200 גרם,גרמים,200.00,100 גרם,false,,6.50,3.2500,true,1,314722
7290115201741,false,ביסלי בטעם בצל אסם 70 גרם,"אסם השקעות בע""\מ",IL,ביסלי בצל 70 גרם,גרמים,70.00,100 גרם,false,,3.90,5.5714,true,1,314497
7290115202434,false,צבר סלט חומוס עם זעתר 375 גרם,ג'נרל מילס סאן אדריא,IL,חומוס עם זעתר צבר 37,גרמים,375.00,100 גרם,false,,8.90,2.3733,true,1,315881
7290115203134,false,פופקו פופקורן במבה אסם 80 גרם,"אסם השקעות בע""\מ",IL,פופקו פופקורן קרמל,גרמים,80.00,100 גרם,false,,4.50,5.6250,true,1,317920
7290115203172,false,במבה PRO מכיל 18 גרם חלבון בשקית,"אסם השקעות בע""\מ",IL,במבה פרו 80 גרם,גרמים,80.00,100 גרם,false,,3.90,4.8750,true,1,324101
7290115204056,false,"קטשופ מופחת סוכר אסם 690 גרם כשל""פ","אסם תעשיות בע""מ",IL,קטשופ לחיץ מופחת סוכ,גרמים,690.00,100 גרם,false,,9.90,1.4348,true,1,315850
7290115205176,false,פיטנס - קרקר דק כפרי פיטנס 140 גרם,אסם יקנעם,IL,קרקר דק כפרי פיטנס 1,גרמים,140.00,100 גרם,false,,10.90,7.7857,true,1,321404
7290115205312,false,קרקר פיטנס דק עם זיתי קלמטה ועשבי תיבול,"אסם השקעות בע""\מ",IL,קרקר דק זיתי קלמטה פ,גרמים,140.00,100 גרם,false,,10.90,7.7857,true,1,322473
7290115205695,false,אסם בונזור בצק מצונן לפיצה 460 גרם,נסטלה סוויס (שוויץ),IL,בצק פיצה מצונן בונז',גרמים,460.00,100 גרם,false,,14.90,3.2391,true,1,320883
7290115205718,false,אסם בונזור בצק מצונן עלים 230 גרם,נסטלה סוויס (שוויץ),IL,בצק עלים מצונן בונז',גרמים,230.00,100 גרם,false,,11.90,5.1739,true,1,320884
7290115207941,false,סירופ אננס ויטמינצ'יק 1 ליטר,בית-השיטה עסיס תעשיות מז,IL,סירופ ויטמינצ'יק אננ,קילוגרמים,1.00,ליטר,false,,18.90,18.9000,true,1,320879
7290115207989,false,ויטמינצ'יק תרכיז לימון 1 ליטר,בית-השיטה עסיס תעשיות מז,IL,סירופ ויטמינצ'יק לימ,קילוגרמים,1.00,ליטר,false,,18.90,18.9000,true,1,320881
7290115208047,false,סירופ פטל ויטמינצ'יק 1 ליטר,בית-השיטה עסיס תעשיות מז,IL,סירופ ויטמינצ'יק פטל,קילוגרמים,1.00,ליטר,false,,18.90,18.9000,true,1,320882
7290115208061,false,סירופ תפוח ויטמינצ'יק 1 ליטר,בית השיטה עסיס תעשיות מז,IL,סירופ ויטמינצ'יק תפו,קילוגרמים,1.00,ליטר,false,,18.90,18.9000,true,1,320878
7290115208320,false,אפרופו חטיף בטעם ביסלי בצל 50 גרם,"אסם השקעות בע""\מ",IL,אפרופו בטעם ביסלי בצ,גרמים,50.00,100 גרם,false,,4.50,9.0000,true,1,324980
7290115208344,false,בייגלה כפיות שמנת בצל אסם 300 גרם,"אסם השקעות בע""\מ",IL,בייגלה כפיות בטעם שמ,גרמים,300.00,100 גרם,false,,7.90,2.6333,true,1,324102
7290115208597,false,אסם קרמוגית מיניס קרמל מלוח 200 גרם,"אסם השקעות בע""\מ",IL,עוגיות קרמוגית מיניס,גרמים,200.00,100 גרם,false,,9.90,4.9500,true,1,323712
7290115208801,false,לחמית דבש ואגוזים אסם 190 גרם,לחמית,IL,לחמית דבש ואגוזים 19,גרמים,190.00,100 גרם,false,,8.90,4.6842,true,1,323912
7290115209136,false,טבעול חטיפי עוף צמחי העדה החרדית 6*1.2קג,"טבעול תעשיות מזון בע""\מ",IL,חטיפים צמחוניים בטעם,פריט,1.20,"ק""ג",false,,39.90,33.2500,true,1,323588
7290115209198,false,במבה אוורירית אסם 80 גרם,"אסם תעשיות בע""מ",IL,במבה אוורירית 80 גרם,גרמים,80.00,100 גרם,false,,3.90,4.8750,true,1,323708
7290115209235,false,ביסקוויט פתי בר קפה אסם 500 גרם,"אסם תעשיות בע""מ",,פתיבר בטעם קפה אסם 5,גרמים,500.00,100 גרם,false,,8.90,1.7800,true,1,324871
7290115209358,false,במבה במילוי בראוניז אסם 60 גרם,"אסם השקעות בע""\מ",IL,במבה במילוי קרם בטעם,גרמים,60.00,100 גרם,false,,4.50,7.5000,true,1,324870
7290115209372,false,במבה במילוי בראוניז 150ג' אסם,"אסם השקעות בע""\מ",IL,במבה במילוי קרם בטעם,גרמים,150.00,100 גרם,false,,8.90,5.9333,true,1,324872
7290115405088,false,קינוח אישי קדאיף קפולסקי 200 גרם,קפולסקי אדל בעמ,IL,קינוח אישי קדאיף קפו,גרמים,250.00,100 גרם,false,,14.90,5.9600,true,1,310967
7290115405118,false,קינוח אישי גבינה תענוג תות קפולסקי 200 ג,תופינים מקבוצת קפולסקי,IL,קינוח אישי תענוג תות,גרמים,240.00,100 גרם,false,,14.90,6.2083,true,1,310970
7290115405774,false,פחזניות ממולאות בטעם וניל קפולסקי 180 גרם,תופינים מקבוצת קפולס,IL,פחזניות במילוי קרם ב,גרמים,180.00,100 גרם,false,,12.90,7.1667,true,1,322537
7290115405781,false,פחזניות ממולאות בטעם שוקולד קפולסקי 180 גרם,תופינים מקבוצת קפולס,IL,פחזניות במילוי קרם ב,גרמים,180.00,100 גרם,false,,12.90,7.1667,true,1,322538
7290115405798,false,פחזניות ממולאות בטעם ריבת חלב קפולסקי 180 גרם,קפולסקי אדל בעמ,IL,פחזניות במילוי קרם ב,גרמים,180.00,100 גרם,false,,12.90,7.1667,true,1,322539
7290115405804,false,פחזניות ממולאות בטעם תות קפולסקי 180 גרם,קפולסקי אדל בעמ,IL,פחזניות במילוי קרם ב,גרמים,180.00,100 גרם,false,,12.90,7.1667,true,1,322540
7290115405811,false,קינוח אישי גבינה ופירורי עוגיות קפולסקי 200 גרם,תופינים מקבוצת קפולסקי,IL,קינוח אישי גבינה ופי,גרמים,200.00,100 גרם,false,,12.90,6.4500,true,1,322541
7290115405828,false,קינוח אישי גבינה אוכמניות קפולסקי 200 גרם,תופינים מקבוצת קפולסקי,IL,קינוח אישי גבינה אוכ,גרמים,200.00,100 גרם,false,,12.90,6.4500,true,1,322542
7290115480047,false,מרכך סוד מרוכז פרש ס,הנקל סוד,IL,מרכך סוד מרוכז פרש ס,קילוגרמים,2.50,ליטר,false,,19.90,7.9600,true,1,321337
7290115671223,false,מסטיק מאסט פאן אבטיח מנגו צנצנת 58 גרם,אסקום קונפקשיין,IL,מסטיק מאסט צנצנת בטע,גרמים,58.00,100 גרם,false,,8.90,15.3448,true,1,320445
7290115671308,false,מסטיק מאסט פאן בצנצנת תות דובדבן,אסקום קונפשטיין,IL,מסטיק מאסט צנצנת בטע,גרמים,58.00,100 גרם,false,,8.90,15.3448,true,1,320447
7290115671339,false,מיני פינוקיות בראוניז בייגל בוטן עלית 180 ג' עלית,"הגביע מוצרי ופלים בע""\מ",IL,עוגיות מיני פינוקיות,גרמים,180.00,100 גרם,false,,9.90,5.5000,true,1,320844
7290115671346,false,מיני פינוקיות טופי קרמל מלוח עלית 180 גרם,"הגביע מוצרי ופלים בע""\מ",IL,עוגיות מיני פינוקיות,גרמים,188.00,100 גרם,false,,9.90,5.2660,true,1,319164
7290115671353,false,מיני פינוקיות עוגיות קקאו במילוי קרם בטעם וניל,"הגביע מוצרי ופלים בע""\מ",IL,עוגיות מיני פינוקיות,גרמים,188.00,100 גרם,false,,9.90,5.2660,true,1,320449
7290115671421,false,פולי אספרסו עשירים וארומטיים עוצמה 10 עלית 250 גרם,שטראוס קפה בי. וי.,IL,פולי קפה ארומטיים בק,גרמים,250.00,100 גרם,false,,19.90,7.9600,true,1,324665
7290115675702,false,דגני בוקר קראנצ'ים שיבולת שועל עם פירות מיובשים,גלידות שטראוס,PL,דגני בוקר קראנצ'ים ש,גרמים,375.00,100 גרם,false,,16.90,4.5067,true,1,323115
7290115675986,false,דנונה יוגורט בר עם אגוזים מקורמלים 173 גרם,"שטראוס בריאות בע""\מ",IL,דנונה בר עם אגוזים מ,גרמים,173.00,100 גרם,false,,4.30,2.4855,true,1,314886
7290115676037,false,דנונה ריפרש יוגורט עם תות ודומדמניות 1.6% שומן,מיוצר עי קונדיטוריית,IL,משקה דנונה ריפרש תות,גרמים,250.00,100 גרם,false,,5.50,2.2000,true,1,317621
7290115676273,false,אבקת קקאו עלית 500 גרם+ 10% תוספת,שטראוס קפה בי.וי.,IL,קקאו עלית 500 + 50 ג,גרמים,550.00,100 גרם,false,,21.90,3.9818,true,1,317263
7290115678222,false,מארז 8 גביעים יוגורט Greek בסגנון יווני 6.5% שומן,"שטראוס בריאות בע""\מ",IL,מארז יוגורט דנונה יו,גרמים,0.00,100 גרם,false,,23.90,0.0000,true,1,317876
7290115678376,false,מעדן הגולן שוקולד 125 גרם,מיוצר עי קונדיטוריית,IL,מעדן הגולן שוקולד 12,מיליליטרים,125.00,"100 מ""ל",false,,2.80,2.2400,true,1,318441
7290115678383,false,מעדן הגולן שוקולד מריר 125 גרם,מיוצר עי קונדיטוריית,IL,מעדן הגולן שוקולד מר,מיליליטרים,125.00,"100 מ""ל",false,,2.80,2.2400,true,1,318442
7290115720211,false,סוכריות חמוצות בטעם דובדבן 115 גרם,גרוסליין,CN,סוכריות חמוצות דובדב,גרמים,115.00,100 גרם,false,,7.80,6.7826,true,1,317409
7290115720358,false,סוכריות גואל פופ מארז 18 יחי',גרוסליין,CN,סוכריות טבעת ג'ואל פ,גרמים,225.00,100 גרם,false,,18.90,8.4000,true,1,317386
7290115720464,false,סוכריות מוצץ גרוסליי 16*18גר,גרוסליין,BE,סוכריות מוצץ גרוסליי,גרמים,105.00,100 גרם,false,,18.90,18.0000,true,1,317906
7290115720471,false,סוכריות משרוקית גרוס מארז 18 יחידות,גרוסליין,BE,סוכריות משרוקית גרוס,גרמים,170.00,100 גרם,false,,18.90,11.1176,true,1,317907
7290116532264,false,גודיז פרי אפרסק – שלגון מופחת קלוריות עם יוגורט בציפוי בטעם אפרסק,"גלידת שטראוס בע""\מ, רחוב",IL,שלגוני גודיס לייט אפ,גרמים,300.00,100 גרם,false,,19.50,6.5000,true,1,323291
7290116532462,false,גלידת שמנת קליק בטעמי שוקולד בננה 384 ג' שטראוס,"גלידת שטראוס בע""\מ, רחוב",IL,גלידה שמנת קליק בטעם,מיליליטרים,520.00,"100 מ""ל",false,,19.90,3.8269,true,1,322874
7290116532486,false,גלידת שמנת קליק בטעמי וניל קרמל מלוח 384 ג' שטראוס,"גלידת שטראוס בע""\מ, רחוב",IL,גלידה שמנת קליק בטעם,מיליליטרים,520.00,"100 מ""ל",false,,19.90,3.8269,true,1,322875
7290116850382,false,ניילון לכיסוי מזון א,,,ניילון לכיסוי מזון א,Unknown,0.00,יחידה,false,,9.90,0.0000,true,1,318986
7290116850856,false,נר הבדלה נבל עם בשמי,,,נר הבדלה נבל עם בשמי,Unknown,0.00,יחידה,false,,29.90,0.0000,true,1,321864
7290116850863,false,נר הבדלה אתרוג,,,נר הבדלה אתרוג,Unknown,0.00,יחידה,false,,29.90,0.0000,true,1,321865
7290116851716,false,מארז 6 כריות קרצוף ש,,,מארז 6 כריות קרצוף ש,Unknown,0.00,יחידה,false,,14.90,0.0000,true,1,321863
7290116853505,false,כדוריות סבון אסלה בנ,TOMIL S.R.O,CZ,כדוריות סבון אסלה בנ,גרמים,105.00,100 גרם,false,,14.90,14.1905,true,1,325095
7290116853512,false,כדוריות סבון אסלה בנ,TOMIL S.R.O,CZ,כדוריות סבון אסלה בנ,גרמים,105.00,100 גרם,false,,14.90,14.1905,true,1,325096
7290116853529,false,כדוריות סבון אסלה בנ,TOMIL S.R.O,CZ,כדוריות סבון אסלה בנ,גרמים,105.00,100 גרם,false,,14.90,14.1905,true,1,325097
7290116853536,false,כדוריות סבון אסלה בנ,TOMIL S.R.O,CZ,כדוריות סבון אסלה בנ,גרמים,105.00,100 גרם,false,,14.90,14.1905,true,1,325098
7290116930435,false,יופלה גו במרקם סמיך עם דובדבן 0% 200מל,תנובה מרכז שיתופי לש,IL,יוגורט גו יופלה סמיך,גרמים,200.00,100 גרם,false,,5.50,2.7500,true,1,322606
7290116930459,false,"יופלה שייק מנגו בננה אננס וקוקוס 230 מ""ל",קבוצת המזון אקטשלאר,IL,יופלה שייק בננה אננס,מיליליטרים,230.00,"100 מ""ל",false,,7.90,3.4348,true,1,322998
7290116930466,false,"משקה SHAKE בננה מנגן פסיפלורה והל 230 מ""ל יופלה",קבוצת המזון אקטשלאר,IL,יופלה שייק מנגו בננה,מיליליטרים,230.00,"100 מ""ל",false,,7.90,3.4348,true,1,322999
7290116930701,false,מעדן חלב GO מועשר בחלבון בטעם קרמל מלוח,תנובה מרכז שיתופי לש,IL,מעדן חלב גו 12 מועשר,גרמים,120.00,100 גרם,false,,4.50,3.7500,true,1,322991
7290116931081,false,מעדן סויה - טופי קרמל 125 גרם אלטרנטיב,תנובה מרכז שיתופי לש,IL,מעדן סויה בטעם טופי,גרמים,125.00,100 גרם,false,,3.90,3.1200,true,1,323637
7290117260562,false,חמאה כפרית מסורתית בגביע,וילי פוד,TR,חמאה כפרית בגביע ויל,גרמים,225.00,100 גרם,false,,14.90,6.6222,true,1,324642
7290117261521,false,סלמון אטלנטי בשמן קנולה 120 גרם ויליפוד,קריות זול,LV,סלמון אטלנטי בשמן קנ,גרמים,120.00,100 גרם,false,,9.90,8.2500,true,1,323812
7290117261538,false,סלמון אטלנטי בשמן קנולה וצילי 120 גרם ויליפוד,קריות זול,LV,סלמון אטלנטי בשמן קנ,גרמים,120.00,100 גרם,false,,9.90,8.2500,true,1,323813
7290117261545,false,סלמון אטלנטי ברוטב טריאקי 120 גרם ויליפוד,קריות זול,LV,סלמון אטלנטי ברוטב ט,גרמים,120.00,100 גרם,false,,9.90,8.2500,true,1,323815
7290117261569,false,סלמון אטלנטי מעושן בשמן קנולה 120 גרם ויליפוד,קריות זול,LV,סלמון אטלנטי מעושן ב,גרמים,120.00,100 גרם,false,,9.90,8.2500,true,1,323814
7290117262221,false,"משקה יוגורט פרוביוטי עם אננס 200מ""ל 2.3%שומן יורו",Euro יורו מחלבות אירופה,TR,משקה יוגורט אננס יור,מיליליטרים,200.00,"100 מ""ל",false,,4.90,2.4500,true,1,323501
7290117262238,false,"משקה יוגורט פרוביוטי עם תות שדה 200מ""ל 2.3%שומן יורו",Euro יורו מחלבות אירופה,TR,משקה יוגורט תות שדה,מיליליטרים,200.00,"100 מ""ל",false,,4.90,2.4500,true,1,323499
7290117262245,false,"משקה יוגורט פרוביוטי עם אפרסק ומשמש 200מ""ל 2.3%שומן יורו",Euro יורו מחלבות אירופה,TR,משקה יוגורט אפרסק ומ,מיליליטרים,200.00,"100 מ""ל",false,,4.90,2.4500,true,1,323500
7290117262290,false,פרלינים אגוזים במילוי פצפוצי דגנים פריכים מצופים שוקולד חלב 50 גרם,מודרן צוקולטה,TR,פרלינים אגוזים פצפוצ,גרמים,50.00,100 גרם,false,,4.50,9.0000,true,1,324654
7290117262306,false,"קורנפלקס מצופה שוקולד חלב ד, 50 גרם",מודרן צוקולטה,TR,קורנפלקס מצופה שוקול,גרמים,50.00,100 גרם,false,,4.50,9.0000,true,1,324655
7290117262313,false,פצפוצי דגנים פריכים מצופים שוקולד חלב 50 גרם,מודרן צוקולטה,TR,פצפוצי דגנים בשוקולד,גרמים,50.00,100 גרם,false,,4.50,9.0000,true,1,324656
7290117262320,false,ביסקוויט מצופה שוקולד חלב 50 גר JAZZY,מודרן צוקולטה,TR,ביסקוויט מצופה שוקול,גרמים,40.00,100 גרם,false,,4.50,11.2500,true,1,324657
7290117263006,false,צהובה מגורדת ויליפוד,וילי פוד,IL,צהובה מגורדת ויליפוד,פריט,1.20,"ק""ג",false,,39.90,33.2500,true,1,324031
7290117383155,false,משחת קולגייט טוטאל י,קולגייט פלמוליב,PL,משחת קולגייט טוטאל י,מיליליטרים,150.00,"100 מ""ל",false,,29.90,19.9333,true,1,323723
7290117383711,false,"מארז זוג תחליב רחצה חלב ודבש *750 מ""ל פלמוליב",קולגייט פלמוליב,TR,תחליב פלמוליב חלב וד,קילוגרמים,1.50,ליטר,false,,29.90,19.9333,true,1,324490
7290117383728,false,"מארז זוג תחליב רחצה לומינוס  אבוקדו 750 מ""ל פלמוליב",קולגייט פלמוליב,TR,ג'ל פלמוליב לומינס א,קילוגרמים,1.50,ליטר,false,,29.90,19.9333,true,1,324491
7290117383735,false,"מארז זוג תחליב רחצה חימר ורדים *750 מ""ל פלמוליב",קולגייט פלמוליב,TR,ג'ל פלמוליב חימר ורד,קילוגרמים,1.50,ליטר,false,,29.90,19.9333,true,1,324492
7290117383742,false,"מארז זוג ג'ל רחצה לגבר 750 מ""ל פלמוליב",קולגייט פלמוליב,TR,ג'ל פלמוליב לגבר 2*7,קילוגרמים,1.50,ליטר,false,,29.90,19.9333,true,1,324493
7290117383780,false,מארז זוג סבון גוף ארומה מסאז' גרגירי פילינג,קולגייט פלמוליב,TR,ג'ל פלמוליב ארומה מס,קילוגרמים,1.50,ליטר,false,,29.90,19.9333,true,1,324494
7290117902646,false,פקאן בציפוי קרמל 130,,IL,פקאן בציפוי קרמל 130,גרמים,130.00,100 גרם,false,,16.90,13.0000,true,1,324707
7290117902653,false,פקאן בציפוי שברי עוג,,IL,פקאן בציפוי שברי עוג,גרמים,130.00,100 גרם,false,,16.90,13.0000,true,1,324708
7290117902660,false,קשיו בציפוי בייגלה 1,,IL,קשיו בציפוי בייגלה 1,גרמים,130.00,100 גרם,false,,16.90,13.0000,true,1,324709
7290117902691,false,קשיו בציפוי קוקוס 13,,IL,קשיו בציפוי קוקוס 13,גרמים,130.00,100 גרם,false,,16.90,13.0000,true,1,324712
7290118420071,false,במבה ביסלי ברביקיו מיקס 80ג' אסם,"אסם השקעות בע""\מ",IL,במבה ביסלי ברביקיו מ,גרמים,80.00,100 גרם,false,,4.50,5.6250,true,1,324922
7290118420477,false,אסם בייגלה שטוחים בטעם ביסלי בצל 300 גרם,"אסם תעשיות בע""מ",IL,בייגלה שטוחים בטעם ב,גרמים,300.00,100 גרם,false,,7.90,2.6333,true,1,324979
7290118420514,false,אינסטנט פודינג בטעם נוגט אסם 75 גרם,"אסם תעשיות בע""מ",IL,פודינג אינסטנט בטעם,גרמים,75.00,100 גרם,false,,4.90,6.5333,true,1,324981
7290900010282,false,אורז בסמטי אינדירה 1,Emsons Exim PVT LTD,IN,אורז בסמטי אינדירה 1,פריט,1.40,"ק""ג",false,,11.90,8.5000,true,1,294687
7290900010367,false,טורטייה שמינייה משקל נקי 360 ג' Avel,Turka Invest,PL,טורטיות דורומי 36*45,פריט,1.62,"ק""ג",false,,19.90,12.2840,true,1,291372
7290900010435,false,תערובת לכדורי שוקולד,א.ל. ייצור ושיווק תב,IL,תערובת לכדורי שוקולד,גרמים,400.00,100 גרם,false,,11.90,2.9750,true,1,291529
7290900010442,false,תערובת לעוגת בראוניז,א.ל. ייצור ושיווק תב,IL,תערובת לעוגת בראוניז,גרמים,500.00,100 גרם,false,,11.90,2.3800,true,1,291530
7290900010459,false,תערובת לעוגת וניל בו,א.ל. ייצור ושיווק תב,IL,תערובת לעוגת וניל בו,גרמים,500.00,100 גרם,false,,11.90,2.3800,true,1,291531
7290900010466,false,תערובת לעוגת שוקולד,א.ל. ייצור ושיווק תב,IL,תערובת לעוגת שוקולד,גרמים,500.00,100 גרם,false,,11.90,2.3800,true,1,291532
7290900010480,false,תערובת לפנקייק בון ב,א.ל. ייצור ושיווק תב,IL,תערובת לפנקייק בון ב,גרמים,400.00,100 גרם,false,,11.90,2.9750,true,1,291534
7290900011838,false,זית שחור אוליבסי 1.,Yatagan Zeytincilik,TR,זית שחור אוליבסי 1.,פריט,1.74,"ק""ג",false,,19.90,11.4368,true,1,294872
7293556389962,false,שום לבן מובחר יחידה,אראל תוצרת חקלאית בע,IL,שום 250 גרם,גרמים,250.00,100 גרם,false,,11.90,4.7600,true,1,315320
7297395000026,false,בדי בדיקה טהרה 60 יחידות,חן המעין בעמ,IL,בדי בדיקה טהרה 3*20,Unknown,0.00,יחידה,false,,14.90,0.0000,true,1,248421
7297579011312,false,מגבת פנים מדאם,,,מגבת פנים מדאם,Unknown,0.00,יחידה,false,,9.90,0.0000,true,1,325118
7297579011329,false,מגבת גוף מדאם,,,מגבת גוף מדאם,Unknown,0.00,יחידה,false,,19.90,0.0000,true,1,325119
7501013122039,false,ג'ומקס מיץ מנגו קרטונית ליטר תריסר,חומקס קומר קומרסאליזדורה,MX,נקטר ג'ומקס בטעם מנג,קילוגרמים,1.00,ליטר,false,,9.90,9.9000,true,1,320103
7501013122053,false,נקטר אפרסק ג'ומקס בקרטונית 1 ליטר,חומקס קומר קומרסאליזדורה,MX,נקטר ג'ומקס בטעם אפר,קילוגרמים,1.00,ליטר,false,,9.90,9.9000,true,1,320104
7501013122114,false,ג'ומקס מיץ אננס קרטונית ליטר תריסר,חומקס קומר קומרסאליזדורה,MX,נקטר ג'ומקס בטעם אננ,קילוגרמים,1.00,ליטר,false,,9.90,9.9000,true,1,320107
7501013122190,false,ג'ומקס מיץ תפוחים קרטונית ליטר תריסר,חומקס קומר קומרסאליזדורה,MX,נקטר ג'ומקס בטעם תפו,קילוגרמים,1.00,ליטר,false,,9.90,9.9000,true,1,320111
7501013122992,false,ג'ומקס מיץ קוקוס אננס קרטונית ליטר תריסר,חומקס קומר קומרסאליזדורה,MX,נקטר ג'ומקס בטעם קוק,קילוגרמים,1.00,ליטר,false,,9.90,9.9000,true,1,320105
7501064191398,false,שישיית בירה קורונה אקסטרא *355 מל,קריניציה ויטמינה אס,,מארז בירה קורונה 4.5,קילוגרמים,2.13,ליטר,false,,39.90,18.7324,true,1,305838
7509546057545,false,ליידי ספיד סטיק פרו 5 סטיק 45 גרם,קולגייט פלמוליב,BY,דאו ליידי ספיד סטיק,גרמים,45.00,100 גרם,false,,18.90,42.0000,true,1,319476
7509546061672,false,דאודורנט סטיק אקסטרים אינטנס,קולגייט פלמוליב,BY,דאו ספיד סטיק אקסטרי,גרמים,50.00,100 גרם,false,,18.90,37.8000,true,1,323877
7509546063515,false,ליידי ספיד סטיק -סטיק פרו 5 ספריי 150 מל,קולגייט פלמוליב,BY,דאו ספריי ליידי ספיד,מיליליטרים,150.00,"100 מ""ל",false,,13.90,9.2667,true,1,323878
7509546666846,false,"משחת שיניים קולגייט טוטאל פחם 75 מ""ל",קולגייט פלמוליב,MX,משחת קולגייט טוטל פח,מיליליטרים,75.00,"100 מ""ל",false,,19.90,26.5333,true,1,317142
7610008056874,false,חטיף שוקולד במילוי 100 ג,שוקולה קמיל בלוך,CH,שוקולד רגוסה חלב פרל,גרמים,100.00,100 גרם,false,,13.90,13.9000,true,1,313026
7610008056959,false,שוקולד רגוסה פרווה פ,שוקולה קמיל בלוך,CH,שוקולד רגוסה פרווה פ,גרמים,100.00,100 גרם,false,,13.90,13.9000,true,1,313027
7610100034084,false,מיונז טומי בשפורפרת 265 גרם,נסטלה שוויץ ס.א,US,מיונז בשפורפרת טומי,גרמים,265.00,100 גרם,false,,9.90,3.7358,true,1,294881
7610113011652,false,בריזר - משקה כוהלי מוגז בטעם תפוח,בקרדי בריזר Bacardi Breezer,BE,בקרדי בריזר תפוח 275,מיליליטרים,275.00,"100 מ""ל",false,,12.90,4.6909,true,1,312977
7613030979647,false,דגני בוקר טריקס פירות עולם היורה 480 ג',ג'נרל מילס סאן אדריא,FR,דגני בוקר טריקס 480,גרמים,480.00,100 גרם,false,,19.90,4.1458,true,1,301268
7613035548374,false,דגני בוקר גולדן מיניס מחיטה מלאה ותירס,נסטלה פולין דגני בוק,FR,דגני בוקר גולדן מיני,גרמים,570.00,100 גרם,false,,19.90,3.4912,true,1,309303
7613036880534,false,גרבר מחית ירקות מעורבים מטרנה 190 גר',נסטלה פולסקה אס.איי,PL,מחית מרק ירקות מעורב,גרמים,190.00,100 גרם,false,,5.50,2.8947,true,1,309024
7613037686906,false,פיטנס - דגני בוקר שקדים ודבש 355 גרם,הנסיך- מפעל לייצור ט,FR,דגני בוקר פיטנס שקדי,גרמים,355.00,100 גרם,false,,19.90,5.6056,true,1,308968
7613038451954,false,דגני בוקר קראנץ' שוקולד במתיקות מעודנת,נסטלה צרפת איטנקורט,FR,דגני בוקר קראנצ שוקו,גרמים,410.00,100 גרם,false,,19.90,4.8537,true,1,309300
7613039879382,false,גרבר - מחית תפוחי עץ 190 גרם,נסטלה פולסקה אס.איי,PL,"מחית תפו""ע גרבר 190",גרמים,190.00,100 גרם,false,,5.50,2.8947,true,1,315921
7613039880807,false,גרבר מחית תפוח וגזר 190 גרם,נסטלה פולסקה אס.איי,PL,מחית גזר תפוח גרבר 1,גרמים,190.00,100 גרם,false,,5.50,2.8947,true,1,315917
7613039881521,false,גרבר מחית מרק מנגו 190 גרם,נסטלה פולסקה אס.איי,PL,מחית מנגו גרבר 190 ג,גרמים,190.00,100 גרם,false,,5.50,2.8947,true,1,315918
7613039881965,false,גרבר מחית גזר תפוח ומנגו 190 גרם,נסטלה פולסקה אס.איי,PL,מחית גזר תפוח מנגו ג,גרמים,190.00,100 גרם,false,,5.50,2.8947,true,1,315919
7613287394323,false,דגני בוקר מולטי צ'יריוס 600 גרם,נסטלה פולין דגני בוק,IL,דגני בוקר מולטי צירי,גרמים,600.00,100 גרם,false,,19.90,3.3167,true,1,317923
7613287476678,false,דגני בוקר סינימיניס צ'ורוס נסטלה 360 ג',נסטלה אוונקה,FR,דגני בוקר סינימיניס,גרמים,360.00,100 גרם,false,,19.90,5.5278,true,1,320489
7613287855640,false,סטארבקס קפסולות קפה גוואטמלה 10 יחידות,נסטלה שוויץ - קפה,IL,קפסולות סטארבקס גווא,גרמים,52.00,100 גרם,false,,21.50,41.3462,true,1,324103
7622201139278,false,גבינת שמנת 27% שומן 150 ג' פילדלפיה,מיודלז אספניה פרודוק,ES,גבינת שמנת 27% פילדל,גרמים,150.00,100 גרם,false,,13.90,9.2667,true,1,310145
7622201521493,false,גבינת פילדלפיה שום ועשבי תיבול 150 גרם,מיודלז אספניה פרודוק,ES,גבינת שמנת 12% פילדל,גרמים,150.00,100 גרם,false,,13.90,9.2667,true,1,323027
7622201798154,false,גבינת שמנת לייט מופחתת שומן 13% שומן,מיודלז אספניה פרודוק,ES,גבינת שמנת לייט 13%,גרמים,150.00,100 גרם,false,,13.90,9.2667,true,1,320077
7622201808631,false,אוראו מיני עוגיות ממולאות קרם וניל 67גרם,פי.טי. מונדלז אינדונ,UA,עוגיות מיני אוראו ונ,גרמים,67.00,100 גרם,false,,6.90,10.2985,true,1,318018
7622300761363,false,עוגיות מיני אוראו במילוי קרם בטעם שוקולד בכוס,פי.טי. מונדלז אינדונ,UA,עוגיות מיני אוראו שו,גרמים,67.00,100 גרם,false,,6.90,10.2985,true,1,308553
7630477891592,false,סטארבקס קפסולות קפה האוס בלנד 10 יחידות,נסטלה שוויץ - קפה,IL,קפסולות סטארבקס האוס,גרמים,57.00,100 גרם,false,,21.50,37.7193,true,1,313088
7630477891615,false,סטארבקס קפסולות קפה סומטרה 10 יחידות,נסטלה שוויץ - קפה,IL,קפסולות סטארבקס סומט,גרמים,55.00,100 גרם,false,,21.50,39.0909,true,1,313089
7630477891639,false,סטארבקס קפסולות קפה ורונה 10 יחידות,נסטלה שוויץ - קפה,IL,קפסולות סטארבקס ורונ,גרמים,55.00,100 גרם,false,,21.50,39.0909,true,1,313090
7630477891653,false,סטארבקס קפסולות קפה אספרסו נטול 10 יחידו,נסטלה שוויץ - קפה,IL,קפסולות סטארבקס נטול,גרמים,57.00,100 גרם,false,,21.50,37.7193,true,1,313091
7630477891677,false,סטארבקס קפסולות קפה פייק פלייס 10 יחידות,נסטלה שוויץ - קפה,IL,קפסולות סטארבקס פייק,גרמים,53.00,100 גרם,false,,21.50,40.5660,true,1,313092
7630477891691,false,סטארבקס קפסולות קפה קולמביה 10 יחידות,נסטלה שוויץ - קפה,IL,קפסולות סטארבקס קולו,גרמים,57.00,100 גרם,false,,21.50,37.7193,true,1,313093
7630477891714,false,סטארבקס קפסולות קפה אספרסו 10 יחידות,נסטלה שוויץ - קפה,IL,קפסולות סטארבקס רוסט,גרמים,57.00,100 גרם,false,,21.50,37.7193,true,1,313094
7630477891738,false,סטארבקס קפסולות קפה אספרסו בלונד 10 יחיד,נסטלה שוויץ - קפה,IL,קפסולות סטארבקס בלונ,גרמים,53.00,100 גרם,false,,21.50,40.5660,true,1,313095
7638900431797,false,סוללות אנרג'ייזר 12יחAA,אנרגייזר,CN,מארז 12 סוללות אנרג',Unknown,0.00,יחידה,false,,19.90,0.0000,true,1,323622
7638900431803,false,סוללות אנרג'ייזר 12יחAAA,אנרגייזר,CN,מארז 12 סוללות אנרג',Unknown,0.00,יחידה,false,,19.90,0.0000,true,1,323623
7640171030524,false,ויסקי אברפלדי זהב 12,,,ויסקי אברפלדי זהב 12,מיליליטרים,700.00,"100 מ""ל",false,,249.90,35.7000,true,1,322078
7702018271788,false,"דאודורנט קליר ג'ילט בניחוח ספורט 70 מ""ל",פרוקטר אנד גמבל,,דאו גל גילט ספורט 70,גרמים,70.00,100 גרם,false,,17.90,25.5714,true,1,290920
7702018321582,false,דאודורנט סטיק לגבר Pro G Cool Wave,פרוקטר אנד גמבל,,דאו סטיק גילט קול וו,גרמים,45.00,100 גרם,false,,17.90,39.7778,true,1,262814
7702018978106,false,"ג'ילט - דאודורנט ג'ל לגבר ארטיק אייס 70 מ""ל",פרוקטר אנד גמבל,,דאו גל גילט ארקטיק א,גרמים,150.00,100 גרם,false,,17.90,11.9333,true,1,262806
7702018978120,false,"ג'ילט - דאודורנט ג'ל לגבר קול וייב 70 מ""ל",פרוקטר אנד גמבל,,דאו גל גילט קליר ווי,גרמים,150.00,100 גרם,false,,17.90,11.9333,true,1,262807
7702018980833,false,"ג'ילט ג'ל גילוח סירייס מועשר בלחות - 200 מ""ל",פרוקטר אנד גמבל,,גל גילוח גילט סירייס,מיליליטרים,200.00,"100 מ""ל",false,,14.90,7.4500,true,1,293539
7702018980864,false,קצף גילוח סירייס רגיש גילט 250 מל,פרוקטר & גמבל,,קצף גילוח גילט סיריי,מיליליטרים,200.00,"100 מ""ל",false,,14.90,7.4500,true,1,293537
7790040423015,false,עוגיות סנדוויץ אלפחו,,,עוגיות סנדוויץ אלפחו,גרמים,369.00,100 גרם,false,,19.90,5.3930,true,1,321607
7790580421663,false,שוקולד בון בון ריבת חלב 288 גרם,ארקור,AR,בונבוניירה בון בון ר,גרמים,288.00,100 גרם,false,,19.90,6.9097,true,1,321267
7798378440018,false,אוכמניות יחידה,אראל תוצרת חקלאית בע,IL,אוכמניות יח,Unknown,0.00,יחידה,false,,14.90,0.0000,true,1,324271
7798382150019,false,אוכמניות טריות 125גרם,אראל תוצרת חקלאית בע,IL,אוכמניות יח,Unknown,0.00,יחידה,false,,8.00,0.0000,true,1,324946
7891024027998,false,קולגייט מי פה טוטאל הגנה מפני אבן 500 מל,קולגייט- פלמוליב,,מי פה קולגייט אנטי ט,מיליליטרים,500.00,"100 מ""ל",false,,24.90,4.9800,true,1,324350
8000380192243,false,וופלים לואקר מקסי בטעם אגוז 200 גר',לואקר Loacker,AT,ופל אגוז לואקר 200 ג,גרמים,200.00,100 גרם,false,,11.90,5.9500,true,1,304257
8000380192250,false,וופלים לואקר מקסי בטעם שוקולד 200 גר',לואקר Loacker,AT,ופל שוקולד לואקר 200,גרמים,200.00,100 גרם,false,,11.90,5.9500,true,1,304256
8000380198221,false,"וופל לואקר מקסי דאבל שוקולד 200 גרם בד""צ",לואקר Loacker,AT,ופל דאבל שוקולד לואק,גרמים,200.00,100 גרם,false,,11.90,5.9500,true,1,311097
8001003100218,false,סוכריות יוגטה ג'לי פירות 800 גר',תות ממתקי איכות,TR,סוכריות גלי יוגוטה 8,גרמים,800.00,100 גרם,false,,15.90,1.9875,true,1,269828
8001090016003,false,"טבליות למדיח פיירי 84 יחידות בד""צ",פרוקטר אנד גמבל,FR,טבליות פיירי 84 יח,פריט,1.14,"ק""ג",false,,53.90,47.2807,true,1,294455
8001090033512,false,"אבקת כביסה טייד קולור 8 ק""ג",פרוקטור אנד גמבל,,אבקת כביסה טייד קולו,פריט,8.00,"ק""ג",false,,41.90,5.2375,true,1,291588
8001090368553,false,פמפרס בייבי דריי מידה 6 68 יח,פרוקטר & גמבל,TR,חיתולי פמפרס בייבי ד,Unknown,0.00,יחידה,false,,64.90,0.0000,true,1,321354
8001090379368,false,פמפרס פרימיום קר חיתולים שלב 4 34 יח VP,פרוקטר אנד גמבל,TR,חיתולים פרימיום קר 8,Unknown,0.00,יחידה,false,,29.90,0.0000,true,1,298982
8001090379399,false,פמפרס פרימיום קר חיתולים שלב 5 30 יח VP,פרוקטר אנד גמבל,TR,חיתולים פרימיום קר 1,Unknown,0.00,יחידה,false,,29.90,0.0000,true,1,298983
8001090458322,false,פיירי ורדים משי 1.015 מלי,פרוקטר אנד גמבל,GB,נוזל כלים פיירי ורדי,קילוגרמים,1.01,ליטר,false,,14.90,14.7525,true,1,313630
8001090493637,false,"הד אנד שולדרס שמפו אולטרא טוטאל קר 450 מ""ל",פרוקטר אנד גמבל,,שמפו הד&שולדרס אולטר,מיליליטרים,450.00,"100 מ""ל",false,,17.90,3.9778,true,1,297973
8001090802385,false,קפסולות גל לכביסה טייד בניחוח לנור 26 יח,פרוקטר אנד גמבל,FR,קפסולות ג'ל טייד 26,גרמים,592.00,100 גרם,false,,23.90,4.0372,true,1,306448
8001090832450,false,"שמפו פנטן הנוסחה הקלאסית 660 מ""ל",פרוקטר אנד גמבל,RO,שמפו פנטן קלאסי 660,מיליליטרים,660.00,"100 מ""ל",false,,18.90,2.8636,true,1,311227
8001090832535,false,"פנטן שמפו שמן מרוקאי משקם 660 מ""ל",פרוקטר אנד גמבל,RO,שמפו פנטן שמן מרוקאי,מיליליטרים,660.00,"100 מ""ל",false,,18.90,2.8636,true,1,311228
8001090832573,false,"פנטן שמפו לחות מוגברת 660 מ""ל",פרוקטר אנד גמבל,RO,שמפו פנטן לחות מוגבר,מיליליטרים,660.00,"100 מ""ל",false,,18.90,2.8636,true,1,311318
8001090832818,false,מרכך פנטן הנוסחה הקלאסית לשיער רגיל ומעורב,פרוקטר אנד גמבל,RO,מרכך פנטן קלאסי 660,מיליליטרים,660.00,"100 מ""ל",false,,18.90,2.8636,true,1,311229
8001090832856,false,"פנטן 660 מ""ל קונדישינר מרוקאי משקם",פרוקטר אנד גמבל,RO,מרכך פנטן שמן מרוקאי,מיליליטרים,660.00,"100 מ""ל",false,,18.90,2.8636,true,1,311230
8001090832894,false,מרכך לשיער חלש ופגום לחות מוגברת,פרוקטר אנד גמבל,RO,מרכך פנטן לחות מוגבר,מיליליטרים,660.00,"100 מ""ל",false,,18.90,2.8636,true,1,311231
8001090992338,false,פיירי טבליות למדיח פלטינום פלוס 50 יחידו,פרוקטר אנד גמבל,FR,טבליות פיירי למדיח פ,גרמים,922.00,100 גרם,false,,53.90,5.8460,true,1,309017
8001841006710,false,לנור כדוריות הריח בניחוח רענן 210 גרם,פרוקטר אנד גמבל,GB,כדוריות לנור לכביסה,גרמים,210.00,100 גרם,false,,24.90,11.8571,true,1,315704
8001841053684,false,תחבושות אולוויז עבה לונג פלוס 12 יחידות,פרוקטר אנד גמבל )ראה קוד,HU,תחבושות אולוויז עבה,Unknown,0.00,יחידה,false,,9.90,0.0000,true,1,305265
8001841053806,false,תחבושות היגייניות אולוויז מקסי עבה לילה,פרוקטר אנד גמבל,HU,תחבושות אולוויז עבה,Unknown,0.00,יחידה,false,,9.90,0.0000,true,1,305264
8001841062624,false,פמפרס מגבונים לחים ללא בישום רביעייה,פרוקטר אנד גמבל.,DE,מגבונים פמפרס ללא בי,Unknown,0.00,יחידה,false,,15.90,0.0000,true,1,317664
8001841077949,false,מארז מגבוני פמפרס בניחוח מרענן - רביעייה,פרוקטר אנד גמבל,DE,מגבונים פמפרס בניחוח,Unknown,0.00,יחידה,false,,15.90,0.0000,true,1,317663
8001841566771,false,לנור כדוריות בושם בניחוח יסמין 210 גרם,פרוקטר אנד גמבל,GB,כדוריות לנור לכביסה,גרמים,210.00,100 גרם,false,,24.90,11.8571,true,1,315705
8001841617893,false,שמפו פנטן לחות מוגבר,פרוקטר & גמבל,RO,שמפו פנטן לחות מוגבר,קילוגרמים,1.00,ליטר,false,,21.90,21.9000,true,1,317372
8001841619026,false,מרכך פנטן לחות מוגבר,פרוקטר & גמבל,RO,מרכך פנטן לחות מוגבר,קילוגרמים,1.00,ליטר,false,,21.90,21.9000,true,1,317373
8001841625287,false,סבון כלים פלטינום לימון X3 פעולות להסרת שומנים,פרוקטר אנד גמבל,TR,נוזל כלים פיירי פלטי,קילוגרמים,1.01,ליטר,false,,14.90,14.7525,true,1,318776
8001841625508,false,"נוזל כלים פיירי פלטינום אורגינל 1.015 ליטר בד""צ",פרוקטר אנד גמבל,TR,נוזל כלים פיירי פלטי,קילוגרמים,1.01,ליטר,false,,14.90,14.7525,true,1,318777
8001841669465,false,קפסולות לכביסה אריאל בניחוח לנור 24 יחידות,פרוקטר אנד גמבל,FR,קפסולות גל אריאל בני,Unknown,0.00,יחידה,false,,29.90,0.0000,true,1,322513
8001841669519,false,קפסולות לכביסה ALL IN ONE אריאל 55 יחידות,פרוקטר אנד גמבל,FR,קפסולות גל אריאל 55,פריט,1.39,"ק""ג",false,,54.90,39.4964,true,1,311650
8001841715957,false,"ג'ל רחצה ושמפו ניקוי אינטנסיסי האד אנד שולדרס 360 מ""ל","נארז ע""י : א.ג. גילר",FR,ג'ל רחצה ושמפו הד &,מיליליטרים,360.00,"100 מ""ל",false,,16.90,4.6944,true,1,317669
8001841716312,false,"ג'ל רחצה ושמפו ספורט האד אנד שולדרס 360 מ""ל","פרוקטר אנד גמבל, צרפ",FR,ג'ל רחצה ושמפו הד &,מיליליטרים,360.00,"100 מ""ל",false,,16.90,4.6944,true,1,317666
8001841716596,false,"ג'ל רחצה ושמפו מרענן האד אנד שולדרס 360 מ""ל","נארז ע""י : א.ג. גילר",FR,ג'ל רחצה ושמפו הד &,מיליליטרים,360.00,"100 מ""ל",false,,16.90,4.6944,true,1,317668
8001841780818,false,נוזל כלים פיירי לימו,פרוקטר & גמבל,TR,נוזל כלים פיירי לימו,קילוגרמים,1.50,ליטר,false,,9.90,6.6000,true,1,323093
8001841943961,false,לנור כדוריות בושם בניחוח אוקיינוס 210 גר,פרוקטר אנד גמבל,GB,כדוריות לנור לכביסה,גרמים,210.00,100 גרם,false,,24.90,11.8571,true,1,318583
8001841948119,false,"פיירי ארומטיקס תפוח 1050 מ""ל",פרוקטר & גמבל,GB,נוזל כלים פיירי תפוח,קילוגרמים,1.05,ליטר,false,,10.90,10.3810,true,1,316685
8003440997833,false,מסטיק פיור פרש 100 יח בשקית בטעם פירות מנטה,פרפטי ואן מלה ברדה,TR,מסטיק מנטוס פיור פרש,גרמים,200.00,100 גרם,false,,19.90,9.9500,true,1,317870
8003440997857,false,מסטיק פיורפרש מנטה אריזת חיסכון 200 גר,פרפטי ואן מלה ברדה,TR,מסטיק מנטוס פיור פרש,גרמים,200.00,100 גרם,false,,19.90,9.9500,true,1,317871
8003440997871,false,מסטיק פיורפרש תות אריזת חיסכון 200 ג,פרפטי ואן מלה ברדה,TR,מסטיק מנטוס פיור פרש,גרמים,200.00,100 גרם,false,,19.90,9.9500,true,1,317872
8005200256587,false,נסטי - תה קר בטעם אפרסק 1.5 ליטר,מפעל סאנפלגרינו S.P.A,,נסטי בטעם אפרסק 1.5,קילוגרמים,1.50,ליטר,false,,7.90,5.2667,true,1,319635
8005200286584,false,נסטי- תה קר - בטעם מנגו אננס 1.5 ליטר,מפעל סאנפלגרינו S.P.A,,נסטי בטעם מנגו אננס,קילוגרמים,1.50,ליטר,false,,7.90,5.2667,true,1,319636
8005200316588,false,תה קר דיאט בטעם אפרסק נסטי 1.5 ליטר,מפעל סאנפלגרינו s.p.a,,נסטי דיאט אפרסק 1.5,קילוגרמים,1.50,ליטר,false,,7.90,5.2667,true,1,319637
8006540091937,false,לנור כדוריות הבושם בניחוח אריאל 210 גרם,פטר קרמר עבור פרוקטור אנ,GB,כדוריות לנור לכביסה,גרמים,210.00,100 גרם,false,,24.90,11.8571,true,1,318775
8006540112793,false,"לנור מרכך כביסה מרוכז בניחוח יסמין 900 מ""ל",פרוקטר אנד גמבל,FR,מרכך מרוכז לנור יסמי,מיליליטרים,900.00,"100 מ""ל",false,,14.90,1.6556,true,1,318019
8006540112823,false,"לנור מרכך כביסה מרוכז בניחוח האוקיינוס 900 מ""ל",פרוקטר אנד גמבל,FR,מרכך מרוכז לנור אוקי,מיליליטרים,900.00,"100 מ""ל",false,,14.90,1.6556,true,1,317147
8006540112854,false,"מרכך כביסה מרוכז בניחוח סחלב לנור 900 מ""ל",פרוקטר אנד גמבל,FR,מרכך מרוכז לנור סחלב,מיליליטרים,900.00,"100 מ""ל",false,,14.90,1.6556,true,1,316874
8006540252468,false,אולוויז פלטינום נורמל 48 יח,פרוקטר & גמבל,HU,תחבושות אלוויז פלטינ,Unknown,0.00,יחידה,false,,32.90,0.0000,true,1,322519
8006540252499,false,אולוויז פלטינום לונג 40 יח,פרוקטר & גמבל,HU,תחבושות אלוויז פלטינ,Unknown,0.00,יחידה,false,,32.90,0.0000,true,1,322520
8006540383087,false,טבליות למדיח פיירי פלטינום פלוס דיפ קלין 42 יחידות,פרוקטר אנד גמבל,FR,טבליות פיירי פלטינום,גרמים,922.00,100 גרם,false,,53.90,5.8460,true,1,322511
8006540404850,false,דיסקריט תחבושות לבריחת שתן לונג 10 יח,פרוקטר & גמבל,DE,תחבושות אלוויז דיסקר,Unknown,0.00,יחידה,false,,13.90,0.0000,true,1,323372
8006540425930,false,אריאל קפסולות לכביסה ג'ל 24 יח' לכתמים קשים,פרוקטר אנד גמבל,FR,קפסולות גל אריאל אקס,Unknown,0.00,יחידה,false,,29.90,0.0000,true,1,322512
8006540463550,false,פיירי טבליות למדיח פלטינום 63 יחידות,פרוקטר אנד גמבל,FR,טבליות פיירי פלטינום,גרמים,939.00,100 גרם,false,,53.90,5.7401,true,1,323130
8006540495186,false,לנור מרכך כביסה מרוכז רגיש בייבי 900 מל,פרוקטר אנד גמבל,FR,מרכך מרוכז לנור בייב,מיליליטרים,900.00,"100 מ""ל",false,,14.90,1.6556,true,1,322904
8006540495216,false,"לנור מרכך כביסה מרוכז בניחוח אמאטיסט 900 מ""ל",פרוקטר אנד גמבל,FR,מרכך מרוכז לנור זר פ,מיליליטרים,900.00,"100 מ""ל",false,,14.90,1.6556,true,1,322957
8006540495247,false,"לנור מרכך כביסה מרוכז בניחוח פרחי בר 900 מ""ל",פרוקטר אנד גמבל,FR,מרכך מרוכז לנור בניח,מיליליטרים,900.00,"100 מ""ל",false,,14.90,1.6556,true,1,323942
8007178120310,false,חומץ בלסמי ד'מודנה Giacobazzi,פטורייה ג'יאקובאזי ס,,חומץ בלסמי גקובזי 50,מיליליטרים,500.00,"100 מ""ל",false,,18.90,3.7800,true,1,254491
8007178223547,false,קרם מצומצם עם חומץ בלסמי ממודנה,פארייפאבה אגרואינדוס,IT,קרם מצומצם עם חומץ ב,מיליליטרים,250.00,"100 מ""ל",false,,19.90,7.9600,true,1,323071
8008343880039,false,ספגטי ללא גלוטן רומו,רומו,IT,ספגטי ללא גלוטן רומו,גרמים,400.00,100 גרם,false,,12.90,3.2250,true,1,316637
8008343880480,false,פסטה פוזילי ללא גלוט,רומו,IT,פסטה פוזילי ללא גלוט,גרמים,400.00,100 גרם,false,,12.90,3.2250,true,1,316638
8008343880664,false,פסטה פנה ללא גלוטן ר,רומו,IT,פסטה פנה ללא גלוטן ר,גרמים,400.00,100 גרם,false,,12.90,3.2250,true,1,316639
8008660210038,false,מעדן ריבה מנץ אנד גאססר תות שדה 300 גר,קריניציה ויטמינה אס,IT,מעדן פרי תות מנז אנד,גרמים,320.00,100 גרם,false,,14.90,4.6563,true,1,322156
8008660210045,false,מעדן פירות יער מנז אנד גאסר ויסוצקי 300 גרם,שוורצקוף& הנקל דיסלד,IT,מעדן פרי פירות יער מ,גרמים,320.00,100 גרם,false,,14.90,4.6563,true,1,322157
8008660210052,false,מעדן פרי תפוז מנז אנד גאסר ויסוצקי 320 גרם,מנז אנד גאסר Menz&Gasser,IT,מעדן פרי תפוז מנז אנ,גרמים,320.00,100 גרם,false,,14.90,4.6563,true,1,322158
8018068031395,false,נסקוטש 6 יח,YIWU HANGYUE I&E,CN,נסקוטש 6 יח,Unknown,0.00,יחידה,false,,19.90,0.0000,true,1,309803
8034108740461,false,תפוח עץ חרמון בי & ב,אראל תוצרת חקלאית בע,IL,תפוח עץ חרמון בי & ב,פריט,1.00,"ק""ג",false,,9.90,9.9000,true,1,322421
8034108740478,false,תפוח עץ מוזהב גולדן,אראל תוצרת חקלאית בע,IL,תפוח עץ מוזהב גולדן,פריט,1.00,"ק""ג",false,,9.90,9.9000,true,1,322390
8034108740485,false,תפוח עץ סמיט בי & בי,אראל תוצרת חקלאית בע,IL,תפוח עץ סמיט בי & בי,פריט,1.00,"ק""ג",false,,9.90,9.9000,true,1,322460
8034108740515,false,תפוח עץ גאלה בי & בי,אראל תוצרת חקלאית בע,IL,תפוח עץ גאלה בי & בי,פריט,1.00,"ק""ג",false,,9.90,9.9000,true,1,324299
8034108740539,false,תפוח עץ גולד רוז,אראל תוצרת חקלאית בע,IL,תפוח עץ גולד רוז,פריט,1.00,"ק""ג",false,,12.90,12.9000,true,1,324602
8076800195057,false,ברילה - צ.א ספגטי מס5 חדש 500 גרם,ברילה גי.אי.אר פרטלי ס.פ,IT,ספגטי ברילה מס 5 500,גרמים,500.00,100 גרם,false,,6.90,1.3800,true,1,259408
8076802085738,false,ברילה - צ.ק פנה רגטה חדש 500 גרם,ברילה גי.אי.אר פרטלי ס.פ,IT,פסטה ברילה פנה רגטה,גרמים,500.00,100 גרם,false,,6.90,1.3800,true,1,259404
8076802085936,false,ברילה פסטה צ.ק. קונצילה ריגטה חדש,ברילה גי.אי.אר פרטלי ס.פ,,פסטה ברילה קונצילה ר,גרמים,500.00,100 גרם,false,,6.90,1.3800,true,1,270051
8076802085981,false,ברילה - צ.ק פוזילי חדש 500 גרם,ברילה גי.אי.אר פרטלי ס.פ,IT,פסטה ברילה פוזילי 50,גרמים,500.00,100 גרם,false,,6.90,1.3800,true,1,259414
8076808050440,false,פסטה מקרוני מספר 44 ברילה 500 גרם,ברילה Barilla,IT,מקרוני ברילה 500 גרם,גרמים,500.00,100 גרם,false,,6.90,1.3800,true,1,259406
8076808060654,false,פסטה פרפלה מספר 65 ברילה 500 גרם,ברילה גי.אי.אר פרטלי ס.פ,IT,פרפלה ברילה מס 65 50,גרמים,500.00,100 גרם,false,,6.90,1.3800,true,1,259413
8076809513388,false,רוטב לפסטה ארביאטה ברילה 400 גרם,ברילה גי.אי.אר פרטלי ס.פ,IT,רוטב עגבניות ארביאטה,גרמים,400.00,100 גרם,false,,11.90,2.9750,true,1,261270
8076809513395,false,ברילה פומודורו רוטב עגבניות קלאסי 400 גר,ברילה גי.אי.אר פרטלי ס.פ,IT,רוטב עגבניות פומודור,גרמים,400.00,100 גרם,false,,11.90,2.9750,true,1,261269
8076809513654,false,בסיס רוטב עגבניות לבולונז ברילה 400 גרם,ברילה גי.אי.אר פרטלי ס.פ,IT,רוטב בסיס לבולונז בר,גרמים,400.00,100 גרם,false,,11.90,2.9750,true,1,261268
8076809513692,false,רוטב עגבניות נפולטנה בתוספת ירקות,ברילה גי.אי.אר פרטלי ס.פ,IT,רוטב עגבניות נפולטנה,גרמים,400.00,100 גרם,false,,11.90,2.9750,true,1,261271
8076809513739,false,ברילה רוטב עגבניות עם בזיליקום 400 גרם,ברילה גי.אי.אר פרטלי ס.פ,IT,רוטב עגבניות בזיליקו,גרמים,400.00,100 גרם,false,,11.90,2.9750,true,1,261272
8076809523561,false,ברילה - רוטב פסטה בטעם טוסקנה 400 גרם,ברילה גי.אי.אר פרטלי ס.פ,IT,רוטב עגבניות טוסקנה,גרמים,400.00,100 גרם,false,,11.90,2.9750,true,1,261267
8076809523738,false,דפי לזניה ברילה 500 גרם,ברילה גי.אי.אר פרטלי ס.פ,,לזניה ברילה 500 גרם,גרמים,500.00,100 גרם,false,,19.90,3.9800,true,1,259422
8076809545440,false,ברילה איטריות ללא גלוטן 400 גר,ברילה ג'.אי.אר פרטלי,IT,ספגטי ל.גלוטן ברילה,גרמים,500.00,100 גרם,false,,14.90,2.9800,true,1,288916
8076809545457,false,ברילה אטריות ללא גלוטן 400 ג' צינורות 400 ג',ברילה ג'.אי.אר פרטלי,IT,פסטה פנה ל.גלוטן ברי,גרמים,400.00,100 גרם,false,,14.90,3.7250,true,1,288917
8076809545464,false,ברילה פסטה ללא גלוטן צורת ספירלי 400 גר,מולינו אנדריאני אס.א,IT,פסטה פוסילי ל.גלוטן,גרמים,500.00,100 גרם,false,,14.90,2.9800,true,1,288918
8410104039134,false,"מנקה ומחדש מדיח כלים פיניש 250 מ""ל",הדקלאים אגודת שיתופי,PL,מנקה מדיח פיניש 250,מיליליטרים,250.00,"100 מ""ל",false,,14.90,5.9600,true,1,248616
8410104044916,false,פיניש אבקה למדיח 2.7 לימון,רקיט בנקיזר,PL,אבקה למדיח פיניש 2.7,פריט,2.70,"ק""ג",false,,39.90,14.7778,true,1,248617
8410104045111,false,"פיניש מלח למדיח כלים 2ק""ג",רקיט בנקיזר,IL,"מלח למדיח פיניש 2 ק""",פריט,2.00,"ק""ג",false,,13.90,6.9500,true,1,274272
8410104425906,false,שעווה חמה בניחוח יסמין,רקיט בנקיזר צרפת,FR,"שעווה חמה ויט 250 מ""",מיליליטרים,250.00,"100 מ""ל",false,,19.90,7.9600,true,1,317900
8410104437268,false,מפיג ריח רגיל למדיח פיניש 1 יחידה,רקיט בנקיזר,PL,מפיג ריח פיניש רענן,Unknown,0.00,יחידה,false,,14.90,0.0000,true,1,256117
8410104511340,false,ויט רצועות שעווה מוכנות לעור יבש 12 יחידות,רקיט בנקיזר צרפת,FR,רצועות שעווה לעור יב,Unknown,0.00,יחידה,false,,19.90,0.0000,true,1,312152
8436575292205,false,ארטיק חמשושים מאגדת 15*12 גר',גלידות נסטלה )נגה גלידות,IL,שלגוני חמשושים 15 יח,גרמים,180.00,100 גרם,false,,18.90,10.5000,true,1,305049
8445290046284,false,רד מאג נס קפה קלאסיק 220 גרם,נסטלה ספרד קפה,ES,קפה נמס מגורען רד מא,גרמים,220.00,100 גרם,false,,17.90,8.1364,true,1,323913
8681873024519,false,כוסות פלסטיק חד פעמי 100 יח',פאלאס,CN,"כוסות ח""פ 100 יח",Unknown,0.00,יחידה,false,,5.90,0.0000,true,1,324693
8683323040100,false,מקלות יוגטה חיספוסים תותי פרוטי 35 גר,סאהדת,TR,יוגוטה מקלות תותי פר,גרמים,35.00,100 גרם,false,,1.50,4.2857,true,1,291934
8683323041107,false,חיספוסים תות שדה 35 גרם,מוטקה החולב,TR,יוגוטה מקלות תות שדה,גרמים,35.00,100 גרם,false,,1.50,4.2857,true,1,291896
8683323063024,false,יוגטה שטיחים בטעם תותי פרוטי 220 גרם,ליימן מותגים,TR,סוכריות גומי שטיחים,גרמים,220.00,100 גרם,false,,5.90,2.6818,true,1,294746
8690120160177,false,ופל מצופה קרם אגוזים,קומרה,TR,ופל מצופה קרם אגוזים,גרמים,840.00,100 גרם,false,,24.90,2.9643,true,1,320055
8690120160405,false,ופל מצופה שוקולד חלב,קומרה,TR,ופל מצופה שוקולד חלב,גרמים,840.00,100 גרם,false,,24.90,2.9643,true,1,321458
8690120559995,false,וופל מצופה שוקולד מריר 35ג'*24 יח' NO1,קומרה,TR,ופל מצופה שוקולד מרי,גרמים,840.00,100 גרם,false,,24.90,2.9643,true,1,321459
8692952052491,false,סט 3 כוסות יין דגם ל,,,סט 3 כוסות יין דגם ל,Unknown,0.00,יחידה,false,,19.90,0.0000,true,1,325129
8693495041249,false,סבון נוזלי ספורט לגבר500,קולגייט פלמוליב,TR,גל רחצה פלמוליב לגבר,מיליליטרים,500.00,"100 מ""ל",false,,11.90,2.3800,true,1,289643
8693495041461,false,זוג מברשות שיניים קולגייט סלים סופט פחם,הנסיך- מפעל לייצור ט,PL,מברשת קולגייט שחור ס,Unknown,0.00,יחידה,false,,24.90,0.0000,true,1,288380
8693495052177,false,פלמוליב נטורלס תחליב רחצה זיתים 750 מל,קולגייט פלמוליב,TR,תחליב פלמוליב זיתים,מיליליטרים,750.00,"100 מ""ל",false,,19.50,2.6000,true,1,300500
8697420697914,false,זיתים שחורים יבשים במלח 700 ג',אונטד גידה,TR,זית שחור יבש קרן 700,גרמים,700.00,100 גרם,false,,19.90,2.8429,true,1,302775
8697480065821,false,פסטה דורומי 900 גרם,Bessan Makarna,TR,פסטה דורומי 900 גרם,גרמים,900.00,100 גרם,false,,4.90,0.5444,true,1,269687
8697826469092,false,טורטיה קטנה שקדיה 540 גרם 12 יחידות,דין שיווק,TR,טורטיות 12*45 גרם,גרמים,540.00,100 גרם,false,,9.90,1.8333,true,1,258556
8698829381152,false,טורטיה דורום 18*90 ג,מוטלוקאל גידה סאן טי,TR,טורטיה דורום 18*90 ג,פריט,1.62,"ק""ג",false,,19.90,12.2840,true,1,322813
8698996005783,false,טישו נואה 7*100 יח,פאלאס,TR,טישו נואה 7*100 יח,Unknown,700.00,יחידה,false,,11.90,0.0170,true,1,319023
8699905720575,false,מעיין פרוט טאפי חמוץ,קונרק טינטי,TR,פרוט טאפי חמוץ מיקס,גרמים,240.00,100 גרם,false,,9.90,4.1250,true,1,317426
8699905720698,false,טופי חמוץ אקסטרים בט,סאדת גידה,TR,טופי חמוץ אקסטרים בט,גרמים,256.00,100 גרם,false,,9.90,3.8672,true,1,321384
8699905720704,false,טופי חמוץ אקסטרים בט,סאדת גידה,TR,טופי חמוץ אקסטרים בט,גרמים,256.00,100 גרם,false,,9.90,3.8672,true,1,321385
8710428005762,false,תרכובת מזון לתינוקות על בסיס חלבון סויה איזומיל טף שלב 2,"אבוט מעבדות רפואיות בע""מ",NL,סימילאק איזומיל טף ש,גרמים,400.00,100 גרם,false,,41.90,10.4750,true,1,261458
8710502194825,false,מרבה - עוגיות שוקוצ'יפס כשר למהדרין 150 גרם,מרבה הולנד,NL,עוגיות שוקולד ציפס מ,גרמים,150.00,100 גרם,false,,4.90,3.2667,true,1,267658
8710800961310,false,סוכריות בטעם תות מנטוס 4*375 גרם,פרפטי ואן מלה ברדה,NL,מנטוס תות 4 יח,גרמים,150.00,100 גרם,false,,10.90,7.2667,true,1,248671
8711000371183,false,ג'ייקובס קפסולות קפה אספרסו אינטסו עוצמה 10,ג'ייקובס דאו אגברטס צרפת,FR,קפסולות גייקובס אינט,גרמים,52.00,100 גרם,false,,16.90,32.5000,true,1,304507
8711000371190,false,קפסולות גייקובס אספר,JDA,NL,קפסולות גייקובס אספר,Unknown,0.00,יחידה,false,,19.90,0.0000,true,1,324424
8711000371206,false,ג'ייקובס קפסולות קפה אספרסו ריסטרטו עוצמה 12,ג'ייקובס דאו אגברטס צרפת,FR,קפסולות גייקובס ריסט,גרמים,52.00,100 גרם,false,,16.90,32.5000,true,1,304508
8711000371251,false,קפסולות גייקובס לונג,JDA,NL,קפסולות גייקובס לונג,Unknown,0.00,יחידה,false,,19.90,0.0000,true,1,324425
8711000377505,false,קפסולות גייקובס ריסט,JDA,NL,קפסולות גייקובס ריסט,Unknown,0.00,יחידה,false,,19.90,0.0000,true,1,324427
8711000472071,false,קפסולות גייקובס מובח,JDA,NL,קפסולות גייקובס מובח,Unknown,0.00,יחידה,false,,19.90,0.0000,true,1,324428
8711000485798,false,קפסולות גייקובס בוקר,JDA,NL,קפסולות גייקובס בוקר,Unknown,0.00,יחידה,false,,19.90,0.0000,true,1,324426
8711000515297,false,קפה נמס גייקובס ולוו,,,קפה נמס גייקובס ולוו,גרמים,200.00,100 גרם,false,,14.90,7.4500,true,1,324429
8714599513781,false,"קפה נמס מיובש בהקפאה זהב צנצנת ג'ייקובס 200 גרם לל""ס",אל.אל. סי ג''יקובס דאו א,UA,קפה גיקובס קרנט זהב,גרמים,200.00,100 גרם,false,,19.90,9.9500,true,1,289745
8714599513866,false,"קפה נמס מיובש בהקפאה קרונג צנצנת ג'ייקובס 200 גרם לל""ס",אל.אל.סי גייקובס דאו,UA,קפה גיקובס קרוננג 20,גרמים,200.00,100 גרם,false,,19.90,9.9500,true,1,289744
8714789177229,false,רבעיית מברשות שיניים קולגייט אקסטרה קלין 1 יחידה,הנסיך- מפעל לייצור ט,VN,מברשת קולגייט מדיום,Unknown,0.00,יחידה,false,,9.90,0.0000,true,1,255504
8714789402918,false,נוזל לניקוי כללי ורצפות בניחוח פרחי בר אג'קס 1.5 ליטר,הנסיך- מפעל לייצור ט,,אגקס חגיגת הפרחים אד,קילוגרמים,1.50,ליטר,false,,18.90,12.6000,true,1,268546
8714789402932,false,נוזל לניקוי כללי ורצפות בניחוח ורדי בוקר אג'קס 1.5 ליטר,הנסיך- מפעל לייצור ט,,אגקס חגיגת הפרחים ור,קילוגרמים,1.50,ליטר,false,,18.90,12.6000,true,1,268547
8714789402970,false,נוזל לניקוי כללי ורצפות בניחוח פרחי אביב אגק'ס 1.5 ליטר,הנסיך- מפעל לייצור ט,,אגקס חגיגת הפרחים פר,קילוגרמים,1.50,ליטר,false,,18.90,12.6000,true,1,268548
8714789529561,false,"משחת שיניים סנסטיב פרו ריליף להלבנה קולגייט 75 מ""ל",קולגייט פלמוליב,PL,משחת קולגייט סנסטיב,מיליליטרים,75.00,"100 מ""ל",false,,17.90,23.8667,true,1,310247
8715700115849,false,מתבל עגבניות היינץ1.35קג,היינץ,US,"קטשופ היינץ 1.35 ק""ג",פריט,1.35,"ק""ג",false,,14.90,11.0370,true,1,301750
8715700423906,false,היינץ מתבל עגבניות מופחת סוכר ומלח 50/50 550 גרם,היינץ צפון אמריקה מק,NL,מתבל עגבניות היינץ 5,גרמים,555.00,100 גרם,false,,9.90,1.7838,true,1,318206
8718114724485,false,מיונז הלמנס לחיץ 750,יוניליוור,GB,מיונז לחיץ הלמנס 705,גרמים,705.00,100 גרם,false,,15.90,2.2553,true,1,323917
8718951030206,false,"קולגייט סנסיטיב פרוטקשן משחת שיניים לשיניים רגישות 75 מ""ל",קולגייט-פלמוליב,PL,משחת קולגייט סנסטיב,מיליליטרים,75.00,"100 מ""ל",false,,16.90,22.5333,true,1,321542
8718951093331,false,מרידול זוג מברשות שיניים אקסטרה סופט,קולגייט פלמוליב,,מברשת מרידול אקסטרה,Unknown,0.00,יחידה,false,,33.90,0.0000,true,1,304579
8718951159808,false,מברשות שיניים 360 מדיום- מארז שלישייה,קולגייט פלמוליב,CN,מברשת קולגייט 360 מד,Unknown,0.00,יחידה,false,,24.90,0.0000,true,1,301326
8718951259409,false,"פלמוליב תחליב רחצה נטורלס לעור עדין 750 מ""ל",קולגייט פלמוליב,TR,תחליב פלמוליב נטורלס,מיליליטרים,750.00,"100 מ""ל",false,,19.50,2.6000,true,1,324075
8718951264618,false,"קולגייט אופטיק וייט פחם צ'רקול משחת שיניים, 75 מ""ל",קולגייט פלמוליב,PL,משחת קולגייט אופטיק,גרמים,75.00,100 גרם,false,,15.90,21.2000,true,1,314070
8718951265103,false,קולגייט זוג מברשת שיניים אולטרה סופט,קולגייט פלמוליב,CN,מברשת קולגייט אולטרה,Unknown,0.00,יחידה,false,,29.90,0.0000,true,1,307807
8718951288492,false,"משחת שיניים מרידול בי טיוב מארז 2*75 מ""ל",קולגייט פלמוליב,,"משחת מרידול 2*75 מ""ל",מיליליטרים,150.00,"100 מ""ל",false,,29.90,19.9333,true,1,309755
8718951289833,false,פלמוליב סבון מוצק רביעייה לומינוס 360 ג,קולגייט פלמוליב,,סבון מוצק פלמוליב לו,גרמים,360.00,100 גרם,false,,16.50,4.5833,true,1,309018
8718951315303,false,"קולגייט אדומה משחת שיניים להגנה מפני עששת 2*100 מ""ל",קולגייט-פלמוליב,,משחת קולגייט מקסימום,גרמים,200.00,100 גרם,false,,19.90,9.9500,true,1,315319
8718951361485,false,קולגייט הלבנה+פחם 75*2מל,קולגייט פלמוליב,PL,משחת קולגייט הלבנה פ,מיליליטרים,150.00,"100 מ""ל",false,,37.90,25.2667,true,1,320666
8718951370135,false,"סבון נוזלי ארומה סנסיישן גלואו 750 מ""ל פלמוליב",קולגייט פלמוליב,TR,תחליב פלמוליב ארומה,מיליליטרים,750.00,"100 מ""ל",false,,19.50,2.6000,true,1,312154
8718951385290,false,נוזל לניקוי כללי ורצפות אג'קס 2 ליטר,קולגייט פלמוליב,BY,נוזל אג'קס מרענן 2 ל,קילוגרמים,2.00,ליטר,false,,19.90,9.9500,true,1,315155
8718951409798,false,זוג מברשות שיניים מקס וויט פחם קולגייט,הנסיך- מפעל לייצור ט,CN,מברשת קולגייט מקס וו,Unknown,0.00,יחידה,false,,24.90,0.0000,true,1,319756
8718951431614,false,"סבון רחצה פלמוליב סו פירם מינרלים משאבה 750 מ""ל",קולגייט פלמוליב,TR,ג'ל רחצה פלמוליב פיר,מיליליטרים,750.00,"100 מ""ל",false,,19.50,2.6000,true,1,319472
8718951433120,false,קולגייט טוטאל משחת שיניים לילדים לגילאי,קולגייט פלמוליב,PL,משחת קולגייט טוטאל ג,מיליליטרים,50.00,"100 מ""ל",false,,14.90,29.8000,true,1,323724
8718951498754,false,שישיית מברשות שיניים סופר פלקסי קולגייט,קולגייט פלמוליב,VN,מברשת קולגייט פחם סו,Unknown,0.00,יחידה,false,,17.90,0.0000,true,1,323832
8718951509627,false,"קולגייט אופטיק וייט לאוהבי קפה ותה משחת שיניים 75 מ""ל",קולגייט פלמוליב,PL,משחת קולגייט אופטיק,גרמים,75.00,100 גרם,false,,15.90,21.2000,true,1,322426
8718973062391,false,סט פותחן בקבוקים,,,סט פותחן בקבוקים,Unknown,0.00,יחידה,false,,49.90,0.0000,true,1,325133
8719200998001,false,מרגרינה לאפיה ובישול בלי מלח 200 ג' בלו בנד,יוניליוור ישראל מזון בע\,IL,מרגרינה ללא מלח בלוב,גרמים,200.00,100 גרם,false,,4.30,2.1500,true,1,309762
8719200998018,false,מחמאה מרגרינה בטעם חמאה בלובנד 200 גרם,"מיוצר ע""\י יוניליוור ישר",IL,מחמאה בלובנד 200 גרם,גרמים,200.00,100 גרם,false,,4.30,2.1500,true,1,309337
8719200998094,false,"מרגרינה מזולה לאפיה ללא תוספת מלח 200גר - 40 יח' -כשל""פ","מיוצר ע""\י יוניליוור ישר",IL,מרגרינה מזולה 200 גר,גרמים,200.00,100 גרם,false,,6.50,3.2500,true,1,309644
8719200998100,false,מרגרינה מזולה לאפיה טעם חמאה 200גר - 40 יח',פארייפאבה אגרואינדוס,IL,מרגרינה בטעם חמאה מז,גרמים,200.00,100 גרם,false,,6.50,3.2500,true,1,309267
8723400756552,false,מארז סוכריות מנטוס Mentos ריינבואו,פרפטי ואן מלה ברדה,NL,מנטוס צבעי הקשת 4 יח,גרמים,150.00,100 גרם,false,,10.90,7.2667,true,1,257202
8723400793922,false,מנטוס גליל בטעם דובדבן אריזת רביעיה 150 ג',פרפטי ואן מלה ברדה,NL,מנטוס דובדבן 4 יח,גרמים,150.00,100 גרם,false,,10.90,7.2667,true,1,316531
8801055707966,false,קפה טייסטר צו'יס נס קפה בריסטה 180ג',נסטלה קוריאה - קפה,IL,קפה נמס טסטרס צויס ב,גרמים,180.00,100 גרם,false,,29.90,16.6111,true,1,291599
8809168840471,false,חטיף אצות מיובשות 9*4.5 גרם,ג'י וואן גלובול נאט,KR,חטיף אצות מיובשות מז,גרמים,40.50,100 גרם,false,,22.90,56.5432,true,1,317151
8850006932964,false,מארז מברשות שיניים טוויסטר קולגייט חמישייה,קולגייט פלמוליב,VN,מברשת קולגייט טוויסט,Unknown,0.00,יחידה,false,,21.90,0.0000,true,1,314554
8850180040028,false,"טמפורה 500 גרם ""מזרח ומערב""",קרנחם אוטאי פחרה,TH,טמפורה מזרח ומערב 50,גרמים,500.00,100 גרם,false,,10.90,2.1800,true,1,309825
8850206250592,false,רוטב צ'ילי סריראצ'ה 540 גרם (מזרח ומערב),יאן וואל יון קו.לטד,TH,רוטב צ'ילי סרירצ'ה מ,גרמים,540.00,100 גרם,false,,19.50,3.6111,true,1,309835
8850367992164,false,קרם קוקוס 250 מל 20-22% ללא חומר משמר,טאפאדונגפורן קוקנט,CN,קרם קוקוס ל.גלוטן 20,מיליליטרים,250.00,"100 מ""ל",false,,7.90,3.1600,true,1,309815
8850367992171,false,קרם קוקוס 1 ליטר 20-22% ללא חומר משמר,טאפאדונגפורן קוקינט,TH,קרם קוקוס מזרח ומערב,קילוגרמים,1.00,ליטר,false,,23.90,23.9000,true,1,309836
8850367994021,false,"רוטב צ'ילי מתוק ללא סוכר מזרח ומערב ללא גלוטן 280 מ""ל",c coconut Theppadungporn,TH,רוטב צ'ילי מתוק ללא,מיליליטרים,280.00,"100 מ""ל",false,,9.90,3.5357,true,1,324806
8850389105825,false,משקה אלוורה בטעם ענבים סאפה 1 ליטר,סאפה פובליק קומפני לימיט,,משקה אלוורה סאפה ענב,קילוגרמים,1.00,ליטר,false,,11.90,11.9000,true,1,289432
8850389105832,false,סאפה משקה אלוורה בטעם תפוח עם קוביות אלוורה 1 ליטר,סאפה פובליק קומפני לימיט,,משקה אלוורה סאפה תפו,קילוגרמים,1.00,ליטר,false,,11.90,11.9000,true,1,289429
8850389105849,false,סאפה משקה אלוורה מופחת קלוריות בטעם אפרסק 1 ליטר,סאפה פובליק קומפני לימיט,,משקה אלוורה סאפה אפר,קילוגרמים,1.00,ליטר,false,,11.90,11.9000,true,1,289428
8858271002870,false,רוטב פאד תאי 250 מ'ל - מקסצ'אפ,"ייאן וואל יון בע""מ",TH,רוטב פאד תאי מזרח ומ,מיליליטרים,250.00,"100 מ""ל",false,,9.90,3.9600,true,1,309826
8858271002887,false,רוטב טריאקי 250 מ'ל - מקסצ'אפ,דאנינג יוה פודס קו,TH,רוטב טריאקי מזרח ומע,מיליליטרים,250.00,"100 מ""ל",false,,9.90,3.9600,true,1,309827
8858271003020,false,רוטב סויה פורמולה 1 - 700 מ'ל מקסצ'אפ,יאן ונזל יון,TH,רוטב סויה מזרח ומערב,מיליליטרים,700.00,"100 מ""ל",false,,14.90,2.1286,true,1,309837
8858271003075,false,רוטב סויה מתוקה 700 גרם מקסצאפ,דאנינג יוה פודס קו,TH,רוטב סויה מתוקה מקסצ,מיליליטרים,700.00,"100 מ""ל",false,,14.90,2.1286,true,1,324807
8858271004034,false,רוטב צ'ילי חריף 700 מ'ל מקסצ'אפ,דאנינג יוה פודס קו,TH,רוטב צ'ילי חריף מקסצ,מיליליטרים,700.00,"100 מ""ל",false,,14.90,2.1286,true,1,324808
8858271004126,false,רוטב חמוץ מתוק 700 מ'ל - מקסצ'אפ,יאן ונזל יון,TH,רוטב חמוץ מתוק מזרח,מיליליטרים,700.00,"100 מ""ל",false,,14.90,2.1286,true,1,309987
8858271004300,false,רוטב טריאקי 700 מ'ל מקסצ'אפ,דאנינג יוה פודס קו,TH,רוטב טריאקי מקסצא'פ,מיליליטרים,700.00,"100 מ""ל",false,,18.90,2.7000,true,1,324809
8858271004799,false,"רוטב צילי מתוק אל פורפסיס 700 מ""ל",יאן ונזל יון,TH,רוטב צ'ילי מתוק מזרח,מיליליטרים,700.00,"100 מ""ל",false,,9.90,1.4143,true,1,309828
8858271005772,false,"רוטב סויה ללא גלוטן (תמרי)300 מ""ל (כ)",יאן ונזל יון,TH,רוטב סויה מקסצ'פ ללא,מיליליטרים,300.00,"100 מ""ל",false,,15.90,5.3000,true,1,312540
8888111030053,false,"מיץ אננס SW טבעי מארז 240X4מ""ל פרימיום",אקו - ביט,PH,מארז מיץ אננס 4*240,מיליליטרים,960.00,"100 מ""ל",false,,14.90,1.5521,true,1,294526
8901537024014,false,"אורז בסמטי מובחר 1 ק""ג - דוואט) יורה דיעה",הנסיך- מפעל לייצור ט,IN,אורז בסמטי דאווט 1 ק,פריט,1.00,"ק""ג",false,,11.90,11.9000,true,1,286541
8901537076679,false,"אורז בסמטי חום מהדרין ויליפוד 1 ק""ג",האי נאם סי או אל.טי.,IN,אורז בסמטי חום מלא ד,פריט,1.00,"ק""ג",false,,11.90,11.9000,true,1,307501
8906006432383,false,"משחת נעליים נוזלית kiwi שחור 75 מ""ל",,,נוזל קיווי שחור משופ,מיליליטרים,75.00,"100 מ""ל",false,,13.90,18.5333,true,1,261921
8934878081811,false,"דפי אורז 22 ס""מ 400 גר'(Trav) ללא גלוטן",דאנינג יוה פודס קו,CN,דפי אורז ללא גלוטן 2,גרמים,400.00,100 גרם,false,,11.90,2.9750,true,1,309829
8938535541366,false,דפי אורז צבעוניים ללא גלוטן 400 גרם,Ltd Company Khang .Chanh,VN,דפי אורז צבעוניים לל,גרמים,400.00,100 גרם,false,,14.90,3.7250,true,1,317150
9000101536560,false,פרסיל פאוור קפסולות 70 יח,הנקל סוד,RS,קפסולות ג'ל פרסיל 70,Unknown,0.00,יחידה,false,,49.90,0.0000,true,1,323652
9000101548211,false,דפים למכונת כביסה 40,הנקל סוד,IE,קולור קאצר 40 דפים ל,Unknown,0.00,יחידה,false,,29.90,0.0000,true,1,324129
9044400849105,false,סוכריות פז בשקית 10+1 85 גר,פז פרודוקשיין,GB,סוכריות דחוסות בטעם,גרמים,93.50,100 גרם,false,,14.90,15.9358,true,1,323705
9044400851672,false,סוכריות פז סוגים שונים + 3 מילויים,פז פרודקשיין יורו,GB,סוכריות דחוסות בטעם,גרמים,25.50,100 גרם,false,,10.90,42.7451,true,1,323647
