code,internal_code,name,manufacturer_name,manufacture_country,manufacturer_item_description,unit_qty,quantity,unit_of_measure,weighted,qty_in_package,price,unit_of_measure_price,allow_discount,status,item_id
55,true,משלוחים לבית,,,משלוחים לבית,יחידה,0.00,יחידה,false,,29.90,0.0000,true,1,39231
173,true,דלעת ערמונים,,,דלעת ערמונים,קילוגרמים,1.00,"ק""ג",true,,12.90,12.9000,true,1,1781
301,true,בקבוק ריק חוזר בירה,,,בקבוק ריק חוזר בירה,יחידה,0.00,יחידה,false,,1.20,0.0000,true,1,8465
374,true,פטריות שמפניון,,,פטריות שמפניון,יח',1.00,יח',false,,10.90,10.9000,true,1,1783
574,true,קופון מצטרף חדש למוע,,,קופון מצטרף חדש למוע,יחידה,0.00,יחידה,false,,14.90,0.0000,true,1,39249
791,true,בונז'ור לחמניה המבור,,,בונז'ור לחמניה המבור,יח',1.00,יח',false,,3.30,3.3000,true,1,38491
996,true,חלה קלועה,,,חלה קלועה,יח',1.00,יח',false,,13.90,13.9000,true,1,206039
997,true,מיני חלה,,,מיני חלה,יחידה,0.00,יחידה,false,,6.90,0.0000,true,1,206040
998,true,חלה מתוקה קלועה,,,חלה מתוקה קלועה,יח',1.00,יח',false,,13.90,13.9000,true,1,4104
1009,true,בגט שלם,,,בגט שלם,יח',1.00,יח',false,,5.50,5.5000,true,1,4107
1014,true,בגט רוסטיק,,,בגט רוסטיק,יח',1.00,יח',false,,9.90,9.9000,true,1,4110
1028,true,חצי בגט,,,חצי בגט,יח',1.00,יח',false,,4.50,4.5000,true,1,65985
1050,true,לחמניה חיטה מלאה (10,,,לחמניה חיטה מלאה (10,יח',1.00,יח',false,,3.90,3.9000,true,1,65987
1058,true,חלה רגילה/חלה ציפורי,,,חלה רגילה/חלה ציפורי,גרמים,500.00,100 גרם,false,,5.17,0.0103,true,1,6310
1073,true,סופגניה גדולה בודדת,,,סופגניה גדולה בודדת,יחידה,0.00,יחידה,false,,4.30,0.0000,true,1,105265
1075,true,אוזני המן פילסברי,,,אוזני המן פילסברי,קילוגרמים,1.00,"ק""ג",true,,47.00,47.0000,true,1,4118
1079,true,מיני סופגניה בודדת,,,מיני סופגניה בודדת,יחידה,0.00,יחידה,false,,3.60,0.0000,true,1,97077
1091,true,צנונית בייבי,,,צנונית בייבי,גרמים,400.00,100 גרם,false,,6.90,0.0173,true,1,1809
1095,true,בייבי בטטה,,,בייבי בטטה,יח',1.00,יח',false,,9.90,9.9000,true,1,1812
1103,true,לחמניה אצבע (6500),,,לחמניה אצבע (6500),יח',1.00,יח',false,,2.90,2.9000,true,1,4120
1128,true,אגס חום,,,אגס חום,קילוגרמים,1.00,"ק""ג",true,,17.90,17.9000,true,1,1820
1212,true,לחמנית כריך/ביס/לבן/,,,לחמנית כריך/ביס/לבן/,יח',1.00,יח',false,,2.90,2.9000,true,1,65991
1475,true,עגבניות מגי (שקיל),,,עגבניות מגי (שקיל),קילוגרמים,1.00,"ק""ג",true,,14.90,14.9000,true,1,280588
1477,true,עגבניות מגי,,,עגבניות מגי,גרמים,450.00,100 גרם,false,,14.90,0.0331,true,1,102352
1488,true,אשכולית אדומה,,,אשכולית אדומה,קילוגרמים,1.00,"ק""ג",true,,6.90,6.9000,true,1,1831
1494,true,תפו`א לבן תפזורת,,,תפו`א לבן תפזורת,קילוגרמים,1.00,"ק""ג",true,,5.90,5.9000,true,1,1837
1495,true,תפו`א אדום תפזורת,,,תפו`א אדום תפזורת,קילוגרמים,1.00,"ק""ג",true,,6.90,6.9000,true,1,102281
1500,true,פלפל כתום,,,פלפל כתום,קילוגרמים,1.00,"ק""ג",true,,10.90,10.9000,true,1,1843
1501,true,עגבניות,,,עגבניות,קילוגרמים,1.00,"ק""ג",true,,8.90,8.9000,true,1,1844
1502,true,מלפפונים,,,מלפפונים,קילוגרמים,1.00,"ק""ג",true,,8.90,8.9000,true,1,1845
1503,true,גזר ארוז,,,גזר ארוז,קילוגרמים,1.00,"ק""ג",true,,5.90,5.9000,true,1,1846
1504,true,סלק,,,סלק,קילוגרמים,1.00,"ק""ג",true,,5.90,5.9000,true,1,1847
1505,true,כרוב לבן,,,כרוב לבן,קילוגרמים,1.00,"ק""ג",true,,5.90,5.9000,true,1,1848
1506,true,כרוב אדום,,,כרוב אדום,קילוגרמים,1.00,"ק""ג",true,,5.90,5.9000,true,1,1849
1507,true,כרובית,,,כרובית,קילוגרמים,1.00,"ק""ג",true,,13.90,13.9000,true,1,1850
1510,true,קישואים,,,קישואים,קילוגרמים,1.00,"ק""ג",true,,9.90,9.9000,true,1,1852
1511,true,חצילים,,,חצילים,קילוגרמים,1.00,"ק""ג",true,,8.90,8.9000,true,1,1853
1513,true,פלפל ירוק,,,פלפל ירוק,קילוגרמים,1.00,"ק""ג",true,,9.90,9.9000,true,1,1854
1515,true,פלפל חריף,,,פלפל חריף,קילוגרמים,1.00,"ק""ג",true,,9.90,9.9000,true,1,1856
1516,true,פלפל אדום,,,פלפל אדום,קילוגרמים,1.00,"ק""ג",true,,10.90,10.9000,true,1,1857
1517,true,פלפל רומרו,,,פלפל רומרו,קילוגרמים,1.00,"ק""ג",true,,16.90,16.9000,true,1,102358
1519,true,בצל יבש,,,בצל יבש,קילוגרמים,1.00,"ק""ג",true,,5.90,5.9000,true,1,1860
1521,true,קולורבי,,,קולורבי,קילוגרמים,1.00,"ק""ג",true,,9.90,9.9000,true,1,1861
1535,true,תפו`א אדום ארוז,,,תפו`א אדום ארוז,קילוגרמים,1.00,"ק""ג",true,,5.90,5.9000,true,1,1874
1541,true,ארטישוק,,,ארטישוק,קילוגרמים,1.00,"ק""ג",true,,24.90,24.9000,true,1,102363
1542,true,ערמונים,,,ערמונים,קילוגרמים,1.00,"ק""ג",true,,19.90,19.9000,true,1,1881
1545,true,שום ארוז ייבוא יח',,,שום ארוז ייבוא יח',יח',1.00,יח',false,,5.90,5.9000,true,1,1884
1546,true,אבטיח אישי,,,אבטיח אישי,קילוגרמים,1.00,"ק""ג",true,,6.90,6.9000,true,1,1885
1547,true,שומר,,,שומר,קילוגרמים,1.00,"ק""ג",true,,8.90,8.9000,true,1,1886
1548,true,תות שדה ביח',,,תות שדה ביח',יח',1.00,יח',false,,16.90,16.9000,true,1,101005
1550,true,תפו`א לבן ארוז,,,תפו`א לבן ארוז,קילוגרמים,1.00,"ק""ג",true,,4.90,4.9000,true,1,1889
1551,true,לימון,,,לימון,קילוגרמים,1.00,"ק""ג",true,,9.90,9.9000,true,1,1890
1552,true,תפוז,,,תפוז,קילוגרמים,1.00,"ק""ג",true,,6.90,6.9000,true,1,1891
1553,true,ענב לבן,,,ענב לבן,קילוגרמים,1.00,"ק""ג",true,,29.90,29.9000,true,1,1892
1555,true,תפוז ארוז,,,תפוז ארוז,קילוגרמים,1.00,"ק""ג",true,,5.90,5.9000,true,1,1894
1556,true,בננה מובחרת,,,בננה מובחרת,קילוגרמים,1.00,"ק""ג",true,,7.90,7.9000,true,1,1895
1558,true,אשכולית צהובה,,,אשכולית צהובה,קילוגרמים,1.00,"ק""ג",true,,6.90,6.9000,true,1,1897
1560,true,דלעת ארוזה,,,דלעת ארוזה,קילוגרמים,1.00,"ק""ג",true,,10.90,10.9000,true,1,1899
1561,true,תפוח עץ זהוב,,,תפוח עץ זהוב,קילוגרמים,1.00,"ק""ג",true,,12.90,12.9000,true,1,1900
1562,true,תפוח עץ יונתן,,,תפוח עץ יונתן,קילוגרמים,1.00,"ק""ג",true,,12.90,12.9000,true,1,1901
1563,true,תפוח עץ חרמון,,,תפוח עץ חרמון,קילוגרמים,1.00,"ק""ג",true,,12.90,12.9000,true,1,1902
1564,true,תפוח עץ סמיט,,,תפוח עץ סמיט,קילוגרמים,1.00,"ק""ג",true,,12.90,12.9000,true,1,1903
1568,true,רימון,,,רימון,קילוגרמים,1.00,"ק""ג",true,,9.90,9.9000,true,1,1906
1570,true,קלמנטינה,,,קלמנטינה,קילוגרמים,1.00,"ק""ג",true,,6.90,6.9000,true,1,1908
1571,true,פלפל שושקה,,,פלפל שושקה,קילוגרמים,1.00,"ק""ג",true,,14.90,14.9000,true,1,1909
1572,true,אבוקדו מובחר,,,אבוקדו מובחר,קילוגרמים,1.00,"ק""ג",true,,13.90,13.9000,true,1,1910
1573,true,מנגו,,,מנגו,קילוגרמים,1.00,"ק""ג",true,,16.90,16.9000,true,1,1911
1574,true,בטטה מתוקה,,,בטטה מתוקה,קילוגרמים,1.00,"ק""ג",true,,10.90,10.9000,true,1,1912
1576,true,אגס,,,אגס,קילוגרמים,1.00,"ק""ג",true,,15.90,15.9000,true,1,1913
1577,true,אגס נאשי,,,אגס נאשי,קילוגרמים,1.00,"ק""ג",true,,17.90,17.9000,true,1,1914
1581,true,פלפל צהוב,,,פלפל צהוב,קילוגרמים,1.00,"ק""ג",true,,10.90,10.9000,true,1,1917
1588,true,תירס ארוז,,,תירס ארוז,קילוגרמים,1.00,"ק""ג",true,,9.90,9.9000,true,1,1922
1590,true,משורית סרט 1590 ממ,,,פומלה,קילוגרמים,1.00,"ק""ג",true,,8.90,8.9000,true,1,1923
1590,true,משורית סרט 1590 ממ,,,משורית סרט 1590 ממ,,1000.00,,false,,8.90,0.0089,true,1,82682
1591,true,ענב אדום,,,ענב אדום,קילוגרמים,1.00,"ק""ג",true,,23.90,23.9000,true,1,1924
1601,true,סלרי חתוך ליח,,,סלרי חתוך ליח,יח',1.00,יח',false,,6.90,6.9000,true,1,1932
1603,true,אבוקדו ברשת,,,אבוקדו ברשת,קילוגרמים,1.00,"ק""ג",true,,14.90,14.9000,true,1,99308
1604,true,אפרסמון,,,אפרסמון,קילוגרמים,1.00,"ק""ג",true,,16.90,16.9000,true,1,1935
1605,true,גויאבה,,,גויאבה,קילוגרמים,1.00,"ק""ג",true,,21.90,21.9000,true,1,1936
1610,true,שרי אשכולות לקג,,,שרי אשכולות לקג,קילוגרמים,1.00,"ק""ג",true,,22.90,22.9000,true,1,1940
1613,true,דלורית,,,דלורית,קילוגרמים,1.00,"ק""ג",true,,6.90,6.9000,true,1,1943
1614,true,סברס,,,סברס,קילוגרמים,1.00,"ק""ג",true,,34.90,34.9000,true,1,1944
1615,true,בצל אדום,,,בצל אדום,קילוגרמים,1.00,"ק""ג",true,,7.90,7.9000,true,1,1945
1617,true,אננס,,,אננס,יח',1.00,יח',false,,49.90,49.9000,true,1,1946
1618,true,אפרסמון קרמבו,,,אפרסמון קרמבו,קילוגרמים,1.00,"ק""ג",true,,16.90,16.9000,true,1,97759
1619,true,פומלית,,,פומלית,קילוגרמים,1.00,"ק""ג",true,,6.90,6.9000,true,1,1948
1620,true,קיווי,,,קיווי,קילוגרמים,1.00,"ק""ג",true,,19.90,19.9000,true,1,1949
1621,true,קרמבולה,,,קרמבולה,קילוגרמים,1.00,"ק""ג",true,,39.90,39.9000,true,1,1950
1632,true,קישוא זוקיני ירוק,,,קישוא זוקיני ירוק,קילוגרמים,1.00,"ק""ג",true,,12.90,12.9000,true,1,1958
1635,true,אגס אדום,,,אגס אדום,קילוגרמים,1.00,"ק""ג",true,,18.90,18.9000,true,1,1960
1636,true,פיטאיה,,,פיטאיה,גרמים,700.00,100 גרם,false,,22.90,0.0327,true,1,102373
1645,true,תפוח עץ גלה,,,תפוח עץ גלה,קילוגרמים,1.00,"ק""ג",true,,12.90,12.9000,true,1,1966
1683,true,תפוח עץ פינק קריפס,,,תפוח עץ פינק קריפס,קילוגרמים,1.00,"ק""ג",true,,14.90,14.9000,true,1,1989
1708,true,גזר תפזורת,,,גזר תפזורת,קילוגרמים,1.00,"ק""ג",true,,6.90,6.9000,true,1,2006
1840,true,ברוקולי,,,ברוקולי,קילוגרמים,1.00,"ק""ג",true,,18.90,18.9000,true,1,55903
1841,true,תפוח פינק קריפס מאר,,,תפוח פינק קריפס מאר,גרמים,600.00,100 גרם,false,,14.90,0.0248,true,1,55904
1854,true,שרי מיניאפלם,,,שרי מיניאפלם,יח',1.00,יח',false,,9.90,9.9000,true,1,55907
1988,true,כרובית ארוזה,,,כרובית ארוזה,יח',1.00,יח',false,,13.90,13.9000,true,1,239854
2000,true,"בורקס גבינה/תפו""א",,,"בורקס גבינה/תפו""א",קילוגרמים,1.00,"ק""ג",true,,45.00,45.0000,true,1,4124
2001,true,מב בורקס תורכי בטעמי,,,בורקס תורכי בטעמים,קילוגרמים,1.00,"ק""ג",true,,37.00,37.0000,true,1,65992
2008,true,רוגלך,,,רוגלך,קילוגרמים,1.00,"ק""ג",true,,41.00,41.0000,true,1,41036
3500,true,עוף טרי שלם,,,עוף טרי שלם,קילוגרמים,1.00,"ק""ג",true,,19.90,19.9000,true,1,29295
3501,true,כרעיים עוף טרי,,,כרעיים עוף טרי,קילוגרמים,1.00,"ק""ג",true,,29.90,29.9000,true,1,29296
3502,true,חזה עוף טרי,,,חזה עוף טרי,קילוגרמים,1.00,"ק""ג",true,,34.90,34.9000,true,1,29297
3506,true,גרון הודו זכר טרי,,,גרון הודו זכר טרי,קילוגרמים,1.00,"ק""ג",true,,29.90,29.9000,true,1,29301
3507,true,שניצל עוף פרוס טרי,,,שניצל עוף פרוס טרי,קילוגרמים,1.00,"ק""ג",true,,38.90,38.9000,true,1,21542
3508,true,כנפים הודו טרי,,,כנפים הודו טרי,קילוגרמים,1.00,"ק""ג",true,,19.90,19.9000,true,1,29302
3512,true,שוארמה נקבה טרי,,,שוארמה נקבה טרי,קילוגרמים,1.00,"ק""ג",true,,74.90,74.9000,true,1,29305
3515,true,שוקיים הודו טרי,,,שוקיים הודו טרי,קילוגרמים,1.00,"ק""ג",true,,31.90,31.9000,true,1,29307
3517,true,שוקיים פטם טרי,,,שוקיים פטם טרי,קילוגרמים,1.00,"ק""ג",true,,34.90,34.9000,true,1,29309
3522,true,שוארמה פרגיות טרי,,,שוארמה פרגיות טרי,קילוגרמים,1.00,"ק""ג",true,,59.90,59.9000,true,1,29313
3529,true,הודו שלם טרי,,,הודו שלם טרי,קילוגרמים,1.00,"ק""ג",true,,29.90,29.9000,true,1,29318
3535,true,פילה עוף טרי,,,פילה עוף טרי,קילוגרמים,1.00,"ק""ג",true,,37.90,37.9000,true,1,29322
3546,true,בשר עוף טרי טחון,,,בשר עוף טרי טחון,קילוגרמים,1.00,"ק""ג",true,,36.90,36.9000,true,1,17379
3551,true,גרון עוף טרי,,,גרון עוף טרי,קילוגרמים,1.00,"ק""ג",true,,7.90,7.9000,true,1,42776
3557,true,דונטס 1יח,,,דונטס 1יח,יח',1.00,יח',false,,5.90,5.9000,true,1,80959
4015,true,קוקוס ראש,,,קוקוס ראש,יח',1.00,יח',false,,6.90,6.9000,true,1,2077
4266,true,שדות בר ירק שטוף,,,שדות בר ירק שטוף,קילוגרמים,1.00,"ק""ג",true,,30.00,30.0000,true,1,2078
5504,true,דונאטס בטעמים מצופה,,,דונאטס בטעמים מצופה,גרמים,45.00,100 גרם,false,,6.90,0.1533,true,1,181704
5506,true,דונאטס בטעמים ממולא,,,דונאטס בטעמים ממולא,גרמים,65.00,100 גרם,false,,7.90,0.1215,true,1,512414
7664,true,שרי תמר תפזורת לובלו,,,שרי תמר תפזורת לובלו,קילוגרמים,1.00,"ק""ג",true,,25.90,25.9000,true,1,2080
9004,true,קופון גבינת שמנת יור,,,קופון גבינת שמנת יור,יחידה,0.00,יחידה,false,,0.01,0.0000,true,1,441544
9999,true,פיקדון בקבוקים,,,פיקדון בקבוקים,יחידה,0.00,יחידה,false,,0.30,0.0000,true,1,17
5678585,true,ענב סקרלוטה,,,ענב סקרלוטה,קילוגרמים,1.00,"ק""ג",true,,24.90,24.9000,true,1,130405
32147230,false,"מיץ לימון משומר 200מ""ל(לימונית אקסטרא)",ג'נרל מילס סאן אדריא,CH,מיץ לימון סיצילייה 2,מיליליטרים,200.00,"100 מ""ל",false,,7.90,0.0395,true,1,7361
40099132,false,מסטיק הובה בובה Hubba Bubba בטעם תות,הובה בובה Hubba Bubba,DE,הובה בובה צאנק תות 3,גרמים,35.00,100 גרם,false,,3.90,0.1114,true,1,49723
42138105,false,סיגריות וינסטון סופר סלימס כחול,גיי טי אינטרנשיונל,,וינסטון סלימס כחול ק,יחידה,0.00,יחידה,false,,34.00,0.0000,false,1,5928
59039549,false,ווג פריזון מנטול חפיסה,Unknown,,ווג קופסא בודדת פריס,יחידה,0.00,יחידה,false,,39.00,0.0000,false,1,5933
59455233,false,סיגריות ווג ליידי כח,Unknown,,ווג ליידי בלו קופסא,יחידה,0.00,יחידה,false,,39.00,0.0000,false,1,5934
59455240,false,ווג סופרסלימס לילך חפיסה,Unknown,,ווג קופסא בודדת לייד,יחידה,0.00,יחידה,false,,39.00,0.0000,false,1,5935
72940754,false,"מילקי מעדן וניל עם קצפת שטראוס 133 מ""ל","שטראוס גרופ בע""מ",IL,"מילקי וניל 170 מ""ל",מיליליטרים,170.00,"100 מ""ל",false,,2.90,0.0171,true,1,26018
72940761,false,"מילקי מעדן שוקולד עם קצפת שטראוס 133 מ""ל",מיוצר עי קונדיטוריית,IL,מילקי שוקולד מהדרין,מיליליטרים,170.00,"100 מ""ל",false,,2.90,0.0171,true,1,26019
72940952,false,מעדן מילקי בטעם שוקולד עם אקסטרה קצפת,"שטראוס גרופ בע""מ",IL,מילקי אקסטראה קצפת מ,מיליליטרים,110.00,"100 מ""ל",false,,4.10,0.0373,true,1,26020
72940983,false,סלט חומוס 250 גר אחל,אחלה - שטראוס,IL,אחלה חומוס 250ג,גרמים,250.00,100 גרם,false,,7.90,0.0316,true,1,26022
72941041,false,מעדן מילקי מיני בטעם שוקולד עם קצפת,"שטראוס גרופ בע""מ",IL,מיני מילקי שוקולד 70,מיליליטרים,70.00,"100 מ""ל",false,,2.50,0.0357,true,1,26023
72945308,false,קוביות שמרים לאפיה שמרית 2*25 ג',"פאקא תעשיות בע""מ",IL,שמרית קוביות שמרים ל,גרמים,50.00,100 גרם,false,,4.00,0.0800,true,1,26024
72961506,false,יוגורט עם תות 1.5% שומן 125 ג' פרילי,מיוצר עי קונדיטוריית,IL,פרילי תות 1.5% 125מל,מיליליטרים,125.00,"100 מ""ל",false,,3.90,0.0312,true,1,28388
72964422,false,תנובה יוגורט פרחים 4.5% 200מל,מחלבת תנובה,IL,תנובה יוגורט פרחים 4,מיליליטרים,200.00,"100 מ""ל",false,,3.50,0.0175,true,1,28401
72986448,false,"גלידת בן & ג'ריס פיינטים טופי קראנץ 500מ""ל",מוצרי איכות אמריקאיי,IL,גלידת טופי קרנץ,מיליליטרים,420.00,"100 מ""ל",false,,26.90,0.0640,true,1,16361
72986455,false,"גלידה בן& ג'ריס ניו יורק סופר פאדג' צ'אנק 500 מ""ל",מוצרי איכות אמריקאיי,IL,גלידת פיינטים ניו-יו,מיליליטרים,420.00,"100 מ""ל",false,,26.90,0.0640,true,1,16362
72986479,false,"גלידה שוקולד אגוז עם בננות בן וג'ירי 500 מ""ל",מוצרי איכות אמריקאיי,IL,גלידת פיינטים צאנקי,מיליליטרים,420.00,"100 מ""ל",false,,26.90,0.0640,true,1,16363
72989425,false,"גלידת בן & ג'ריס פיינטים שוקולד בראוניז 500מ""ל",מוצרי איכות אמריקאיי,IL,גלידת פיינטים שוקולד,מיליליטרים,500.00,"100 מ""ל",false,,26.90,0.0538,true,1,16365
72991374,false,סיגריות טיים רד חפיס,דובק,,טיים רד,יחידה,0.00,יחידה,false,,29.90,0.0000,false,1,6444
72991381,false,קופסה טיים אדום ארוך,דובק,,טיים רד ארוך,יחידה,0.00,יחידה,false,,29.90,0.0000,false,1,6445
72993637,false,מעדן חלב בטעם שוקולד 125 ג' דני,מחלבת אחיהוד,IL,דני מהדרין שוקו בודד,מיליליטרים,125.00,"100 מ""ל",false,,2.90,0.0232,true,1,26027
80001287,false,וופל חטיף לואקר אגוז 38 גר',ליימן מותגים,AT,חטיף גרדנה אגוז 38 ג,גרמים,38.00,100 גרם,false,,4.90,0.1289,true,1,15003
80050025,false,סוכריות טיק טק בטעם תפוז,קריות זול,ZA,טיק טק תפוז,גרמים,16.00,100 גרם,false,,3.90,0.2437,true,1,50016
80050124,false,סוכריות טיק טק בטעם מנטה,קריות זול,ZA,טיק טק סוכריות,גרמים,16.00,100 גרם,false,,3.90,0.2437,true,1,50017
80052760,false,קינדר בואנו Kinder Bueno עם חלב ואגוזי לוז,קריות זול,PL,חטיף קינדר בואנו שוק,גרמים,43.00,100 גרם,false,,5.50,0.1279,true,1,50021
80052883,false,סוכריות מנטה חזק 16 ג' טיק טק,פררו,ZA,טיק טק מנטה כחול,יחידה,0.00,יחידה,false,,3.10,0.0000,true,1,456987
80136194,false,חטיפי הפי היפו Happy Hippo במילוי קרם חלבי ואגוזי לוז,קינדר Kinder,DE,הפי היפו 5*20ג,גרמים,102.00,100 גרם,false,,15.50,0.1520,true,1,107886
80176800,false,נוטלה ממרח שוקולד 750 גרם,פררו תעשיות איטליה ס,IT,ממרח שוקולד נוטלה 75,גרמים,750.00,100 גרם,false,,27.90,0.0372,true,1,50023
80177173,false,ממרח אגוזי לוז עם קקאו,נוטלה Nutella,IT,ממרח נוטלה קקאו עם א,גרמים,350.00,100 גרם,false,,16.90,0.0483,true,1,50024
80177609,false,אצבעות שוקולד קינדר Kinder ארבע יחידות,קריות זול,IT,קינדר אצבעות שוק.חלב,גרמים,50.00,100 גרם,false,,5.50,0.1100,true,1,50025
80177616,false,אצבעות שוקולד קינדר Kinder שמונה יחידות,קריות זול,IT,אצבעות שוקולד קינדר,גרמים,100.00,100 גרם,false,,8.90,0.0890,true,1,50026
80273592,false,פלפל ארבע עונות 30 גר ארומה דה טוסקנה,דרוגריה ואלימנטרי אס,IT,פלפל ארבע עונות,יחידה,0.00,יחידה,false,,14.50,0.0000,true,1,49797
80651017,false,תערובת עשבי טוסקנה במטחנה 15 ארומה דה טו,דרוגריה ואלימנטרי אס,IT,טוסקנה תערובת עשבי ט,גרמים,16.00,100 גרם,false,,14.50,0.9063,true,1,49805
80761761,false,קינדר בואנו לבן בודד 39 גרם,ליימן שליסל,PL,קינדר בואנו לבן 39ג,גרמים,43.00,100 גרם,false,,5.50,0.1279,true,1,50027
80769545,false,מסטיק מנטוס פיור פרש בבקבוק בינוני בטעם לימון 60 ג',פרפטי ואן מלה הולנד,TR,מסטיק מנטוס פרש בקבו,גרמים,60.00,100 גרם,false,,10.90,0.1817,true,1,128895
80773429,false,מנטוס בקבוק מעוגל - מסטיק ללא סוכר בטעם תות 60 גרם,פרפטי ואן מלה הולנד,NL,מסטיק מנטוס בקבוק בט,גרמים,60.00,100 גרם,false,,10.90,0.1817,true,1,113666
80773443,false,מנטוס בקבוק מעוגל - מסטיק ללא סוכר בטעם מנטה 60 גרם,פרפטי ואן מלה הולנד,NL,מסטיק מנטוס בקבוק בט,גרמים,60.00,100 גרם,false,,10.90,0.1817,true,1,84654
80790990,false,מסטיק מנטוס בבקבוק מעוגל בטעם פירות -מנטה 60 ג',פרפטי ואן מלה הולנד,NL,מסטיק מנטוס בקבוק בט,גרמים,60.00,100 גרם,false,,10.90,0.1817,true,1,84655
80874652,false,קינדר קארדס 120 גרם - בודד,פררו,IT,קינדר קארדס חטיף בוד,גרמים,25.60,100 גרם,false,,4.50,0.1758,true,1,139019
80896081,false,מנטוס בקבוק מעוגל - מסטיק ללא סוכר בטעם אבטיח 60 גרם,פרפטי ואן מלה הולנד,NL,מסטיק מנטוס בקבוק בט,גרמים,60.00,100 גרם,false,,10.90,0.1817,true,1,113667
80913467,false,מנטוס בקבוק מעוגל - מסטיק ללא סוכר בטעם מנטה,פרפטי ואן מלה הולנד,NL,מסטיק מנטוס בקבוק בט,גרמים,60.00,100 גרם,false,,10.90,0.1817,true,1,84656
80936848,false,סוכריות טיק טק תות שדה 24 יח',ליימן-שליסל,ZA,טיק טק תות שדה 16גר,גרמים,16.00,100 גרם,false,,3.90,0.2437,true,1,50029
80945468,false,סוכריות פיור וויט טעם מנטה מתוקה 60 ג' מנטוס,פרפטי ואן מלה הולנד,TR,מנטוס פיור וויט ללא,גרמים,60.00,100 גרם,false,,10.90,0.1817,true,1,381815
80986348,false,סוכריות פיור וויט טעם מנטה 60 ג' מנטוס,פרפטי ואן מלה הולנד,TR,מנטוס פיור וויט ללא,גרמים,60.00,100 גרם,false,,10.90,0.1817,true,1,381799
80995128,false,מנטוס - מסטיק בטעם הדרים בתוספת ויטמינים 60 גרם,פרפטי ואן מלה הולנד,TR,מסטיק מנטוס ויטמין ל,גרמים,60.00,100 גרם,false,,10.90,0.1817,true,1,515690
85942707,false,נייר קצר ללא פילטר עבה PIH,,,נייר גלגול עבה RED,יחידה,0.00,יחידה,false,,2.00,0.0000,false,1,40967
85951730,false,רול פור יו פילטרים ל,,,רול פור יו פילטרים ל,יחידה,0.00,יחידה,false,,3.90,0.0000,false,1,40969
85966611,false,נייר גלגול גדול כולל פילטר PIH,,,נייר גלגול גדול BLAC,יחידה,0.00,יחידה,false,,7.00,0.0000,true,1,232193
87108538,false,סוכריות בטעם תות מנטוס 37.5 גרם,הדקלאים אגודת שיתופי,NL,מנטוס תות בגליל 37.5,גרמים,37.50,100 גרם,false,,4.50,0.1200,true,1,15038
87108712,false,סוכריות בטעם פירות מנטוס 4*37.5 גרם,פרפטי ואן מלה ברדה,NL,סוכריות מנטוס פירות,גרמים,150.00,100 גרם,false,,12.90,0.0860,true,1,15040
90087974,false,חומץ טבעי מתפוחים 750 מל,ראוך פרוכטסאפה,AT,חומץ תפוחים 5% תומר,מיליליטרים,750.00,"100 מ""ל",false,,16.90,0.0225,true,1,27558
198888886,false,עיגול אגורות,,,עיגול אגורות,יחידה,0.00,יחידה,false,,1.00,0.0000,true,1,57831
8112100298,false,שמן שומשום טהור 185 מ'ל (כ),Flavor full foods in,TW,שמן שומשום טהור לא מ,מיליליטרים,185.00,"100 מ""ל",false,,15.90,0.0859,true,1,16421
9800800056,false,חטיף שוקולד עם מקלות לחם אנד גו,נוטלה Nutella,DE,ממרח נוטלה & GO,גרמים,52.00,100 גרם,false,,5.90,0.1135,true,1,50031
11182700954,false,קינג קול שעועית שחורה 439 גרם,הנובר פודס,,שעועית שחורה 232 גרם,גרמים,439.00,100 גרם,false,,10.90,0.0248,true,1,64460
11210698055,false,רוטב טבסקו סרירציה 566 גרם,מקאילהייני קו,US,רוטב טבסקו סרירצ'ה,מיליליטרים,566.00,"100 מ""ל",false,,30.90,0.0546,true,1,106405
12300119139,false,ווינסטון כחול בוקס עשירייה,Unknown,,ווינסטון בלו פאקט 10,יחידה,0.00,יחידה,false,,330.00,0.0000,false,1,5942
13300555392,false,פילסברי מיקס בראוניז שוקולד חלב 521 ג',,US,תערובת עוגה מיקס ברא,גרמים,432.00,100 גרם,false,,19.90,0.0461,true,1,454412
16000185517,false,דגני בוקר פייבר וואן עתירי סובין FIBRE1,בטר אנד דיפרנט,US,פייבר1- דגני בוקר עת,גרמים,555.00,100 גרם,false,,26.90,0.0485,true,1,376391
16000423534,false,חטיפי גרנולה קראנצ'י עם שיבולת שועל ושוקולד מריר נייצ'ר ואלי 5*42 גרם,ג'נרל מילס סאן אדריא,ES,חטיף קראנצי שיבולת ש,גרמים,210.00,100 גרם,false,,22.90,0.1090,true,1,15049
16000548404,false,חטיפי גרנולה קראנצ'י עם שיבולת שועל ודבש נייצ'ר ואלי 5*42 גרם,ג'נרל מילס סאן אדריא,ES,חטיף קראנצי גרנולה ש,גרמים,210.00,100 גרם,false,,22.90,0.1090,true,1,15053
16000548503,false,חטיפי גרנולה קראנצ'י עם מייפל וסוכר חום נייצ'ר ואלי 5*42 גרם,ג'נרל מילס סאן אדריא,ES,חטיף קראנצי גרנולה מ,גרמים,210.00,100 גרם,false,,22.90,0.1090,true,1,15054
18000703494,false,"פילסברי, עוגה בטעם וניל, תערובת להכנת עוגה בטעם וניל. 500 גרם.",הדקלאים אגודת שיתופי,IL,תערובת לעוגת וניל פר,גרמים,517.00,100 גרם,false,,19.90,0.0385,true,1,67422
25675120006,false,חמצוצים 4 צבעים טעמים טבעי 100 גרם,חמצוצים,NL,חמצוצים חמצוצים טבעי,גרמים,100.00,100 גרם,false,,10.90,0.1090,true,1,5651
25675120068,false,פשקז חמצוצים בטעם קולה 100 גרם,פשקז Paskesz,NL,חמצוצים מקלות קולה 1,גרמים,100.00,100 גרם,false,,10.90,0.1090,true,1,5655
30000315958,false,קוואקר פרוטאין בננה אגוזים 366 גרם,קוואקר אוטס קומפני,US,פרוטאין בננה אגוזים,גרמים,366.00,100 גרם,false,,24.90,0.0680,true,1,142130
34000148301,false,הרשי נטיפי שוקולד מריר לאפייה 340 גר,ליימן מותגים,,הרשי נטיפי אפייה שוק,גרמים,340.00,100 גרם,false,,19.90,0.0585,true,1,90960
34000996643,false,מארז שוקולד הרשי דרופס 215 גרם,ליימן מותגים,US,מטבעות בטעם שוקולד ל,גרמים,215.00,100 גרם,false,,19.90,0.0926,true,1,477138
36000516890,false,ממחטות קלינקס לושן 3 שכבות 120 דף,קימברלי,US,קלינקס לושן תלת שכבת,יחידה,0.00,יחידה,false,,22.90,0.0000,true,1,201084
37600207188,false,חמאת בוטנים סקיפי קלאסי 462 גרם,חברת המזון אלגוד,US,סקיפי חמאת בוטנים קל,גרמים,462.00,100 גרם,false,,21.90,0.0474,true,1,7118
37600207256,false,חמאת בוטנים סקיפי עם שברי בוטנים 462 גרם,חברת המזון אלגוד,US,סקיפי חמאת בוטנים עם,גרמים,462.00,100 גרם,false,,21.90,0.0474,true,1,7119
37600207287,false,סקיפי חמאת בוטנים בטעם דבש 462 גרם,חברת המזון אלגוד.,US,סקיפי חמאת בוטנים עם,גרמים,462.00,100 גרם,false,,21.90,0.0474,true,1,7202
38000232152,false,פרינגלס חטיפי תפוח אדמה בטעם ברביקיו 158 גרם,פרינגלס מניופקצ'ורינ,US,פרינגלס ביג ברביקיו,גרמים,158.00,100 גרם,false,,10.90,0.0690,true,1,211000
38000232176,false,פרינגלס ביג שמנת בצל 158 גרם,פרינגלס מניופקצ'ורינ,US,פרינגלס ביג שמנת בצל,גרמים,158.00,100 גרם,false,,10.90,0.0690,true,1,211001
38000232183,false,פרינגלס ביג אורגינל 149 גרם,פרינגלס מניופקצ'ורינ,US,פרינגלס ביג אורגינל,גרמים,158.00,100 גרם,false,,10.90,0.0690,true,1,211002
38000845253,false,חטיף צ'יפס פרינגלס מידי שמנת בצל 71 גרם,פרינגלס מנופקצ'ורינג,US,פרינגלס מידי שמנת בצ,גרמים,71.00,100 גרם,false,,4.90,0.0690,true,1,29790
38527591053,false,קואקר דגנים מרובעים שיבולת שועל וקינמון,BEVERAGES FOODS & SE,US,דגני בוקר מרובעים קי,גרמים,412.00,100 גרם,false,,23.90,0.0580,true,1,26610
40000514510,false,M&M אריזה קטנה's בוטנים אריזה קטנה 49 גרם,M&M אם אנד אם,US,בוטנים 49 גרם M&M עד,גרמים,49.00,100 גרם,false,,5.90,0.1204,true,1,15975
46214731552,false,עוגיות שוקולד ציפס מובחרות 225 ג',קריניציה ויטמינה אס,NL,מרבה עוגיות שוקולד צ,גרמים,225.00,100 גרם,false,,10.90,0.0484,true,1,24554
50000084500,false,מזון יבש לחתול בטעם נתחי ברביקיו פריסקיז Friskies,נסטלה פורינה USA מק,US,פריסקיז מעדני השף מנ,קילוגרמים,1.43,"ק""ג",false,,39.90,27.9021,true,1,22264
50000100347,false,"פריסקיז - מעדני החתול מועשר בחלב 1.40 ק""ג",נסטלה פורינה USA מק,US,פריסקיז מעדני החתול,קילוגרמים,1.40,"ק""ג",false,,39.90,28.5000,true,1,22266
50000429448,false,פנסי פיסט מוס סלומון 85 גרם,נסטלה פורינה USA סט,US,פנסי פיסט פטה מוס סל,גרמים,85.00,100 גרם,false,,6.90,0.0812,true,1,22278
52100002453,false,תערובת תיבול לסטייק 96 גר,מקורמיק,US,תערובת תיבול לסטייק,גרמים,96.00,100 גרם,false,,21.90,0.2281,true,1,461798
52100006260,false,אבקת שום מקורמיק 88.,מקרומיק,US,אבקת שום 88 גרם McCo,גרמים,88.00,100 גרם,false,,29.90,0.3398,true,1,462127
52100040806,false,תערובת שום בצל פלפל שחור ומלח ים 120 גר,מקורמיק,US,תערובת תיבול שום בצל,גרמים,120.00,100 גרם,false,,27.90,0.2325,true,1,462215
52100041155,false,תערובת מלח הימליה ורוד פלפל ושום 184 גר,מקורמיק,US,תערובת תיבול מלח הימ,גרמים,184.00,100 גרם,false,,27.90,0.1516,true,1,462186
52100070735,false,תמצית קוקוס מקורמיק,מקורמיק,,"תמצית קוקוס 29 מ""ל",מיליליטרים,29.00,"100 מ""ל",false,,19.90,0.6862,true,1,457444
52100070766,false,תמצית מייפל מקורמיק,מקורמיק,,תמצית מייפל טהורה 29,מיליליטרים,29.00,"100 מ""ל",false,,29.90,1.0310,true,1,457462
54490000040,false,קוקה קולה 6*1.5ל,,,קוקה קולה 6*1.5ל,ליטרים,9.00,ליטר,false,,40.90,4.5444,true,1,295964
54881000048,false,תה במבחר פרי הדר 20 שקיקים אחמד,אחמד תה אנגליה,AE,תה שחור מבחר פרי הדר,גרמים,695.00,100 גרם,false,,10.90,0.0157,true,1,281067
54881000055,false,תה שחור מבחר פירות 20 שקיות אחמד,אחמד תה אנגליה,,תה שחור מבחר פירות 2,גרמים,695.00,100 גרם,false,,10.90,0.0157,true,1,281068
55369902564,false,אפלסנקס רביעיות רסק תפוחי עץ ללא תוספת סוכר עברית,ליייהי אורצ'רדס,CA,אפלסנקס רסק תפוחי עץ,גרמים,452.00,100 גרם,false,,14.90,0.0330,true,1,41265
64144090013,false,פאם תרסיס על בסיס שמן קנולה בטעם חמאה,קונאגרה פודס,US,תרסיס שמן פאם חמאה 1,מיליליטרים,148.00,"100 מ""ל",false,,21.90,0.1480,true,1,15084
64144090020,false,"ספריי שמן PAM בטעם שמן זית 141 מ""ל",קונאגרה פודס,US,תרסיס שמן זית פאם 14,גרמים,148.00,100 גרם,false,,21.90,0.1480,true,1,15085
64144090051,false,"ספריי שמן PAM קנולה אורגינל 148 מ""ל",קונאגרה פודס,US,תרסיס שמן קנולה פאם,מיליליטרים,148.00,"100 מ""ל",false,,21.90,0.1480,true,1,15086
70177077563,false,תה ארל גריי 25 שקיות טוינינגס 50 גר,אר. טווינינגס אנד קו,PL,טווינינג ארל גריי 50,גרמים,50.00,100 גרם,false,,19.90,0.3980,true,1,128235
70177077693,false,תה אנגליש ברקפסט 25 שקיות טוינינגס 50 גר,אר. טווינינגס אנד קו,PL,טווינינג אינגליש ברק,גרמים,50.00,100 גרם,false,,19.90,0.3980,true,1,128236
70177086664,false,תה ירוק טהור 25 שק TWININGS,טווינינגס Twinings,GB,טווינינג גרין פיור 5,גרמים,50.00,100 גרם,false,,21.90,0.4380,true,1,128238
70177173159,false,תה ירוק עם לימון 25 שק TWININGS,אר. טווינינגס אנד קו,PL,טווינינג גרין למון 4,גרמים,40.00,100 גרם,false,,21.90,0.5475,true,1,128239
70177173166,false,תה יסמין ירוק 25 שקיקים TWININGS,טווינינגס Twinings,PL,טווינינג גרין ג'סמין,גרמים,45.00,100 גרם,false,,21.90,0.4867,true,1,128240
70177273330,false,חליטת ורבנה 37.5 גרם טווינינג,טוינינג,PL,טווינינגס חליטת לואי,גרמים,37.50,100 גרם,false,,18.90,0.5040,true,1,404920
76840100583,false,"גלידת וניל עם בצק עוגיות בן וג'ירי 473 מ""ל",מוצרי איכות אמריקאיי,IL,גלידה וניל +בצק עוגי,מיליליטרים,473.00,"100 מ""ל",false,,26.90,0.0569,true,1,16376
77245110610,false,סוכריות מאסט ללא סוכר בטעם מנטה 80 ג'עלית,MIESZKO S.A - MS. JO,PL,סוכריות מאסט ללא סוכ,גרמים,80.00,100 גרם,false,,8.90,0.1113,true,1,25299
77975010167,false,סניידרס חטיף מקלוני חיטה בתוספת דבש 340.2 גרם,סניידרס Snyder's,US,טוויסטס דבש 340 גר'.,גרמים,340.00,100 גרם,false,,17.90,0.0526,true,1,113147
77975022757,false,בייגלה בסגנון אמריקאי 382 גרם סניידרס,סניידרס Snyder's,US,סניידרס בייגלה אמריק,גרמים,382.00,100 גרם,false,,17.90,0.0469,true,1,117861
77975094624,false,"סניידרס סנדוויץ בייגלה במילוי חמאת בוטנים , 226 ג'",סניידרס Snyder's,US,סניידרס בייגלה במילו,יחידה,0.00,יחידה,false,,17.90,0.0000,true,1,266076
77975094631,false,סנדביץ בייגלה במילוי קרם בטעם צ'דר 226 גרם סניידרס,סניידרס Snyder's,US,סניידרס בייגלה סנדוו,גרמים,266.00,100 גרם,false,,17.90,0.0673,true,1,298719
77975094761,false,סניידרס חטיפים על בסיס קמח חיטה בטעם גבינת צ'דר,סניידרס Snyder's,US,סניידרס צ'דר 340 גרם,גרמים,340.00,100 גרם,false,,17.90,0.0526,true,1,298720
77975094778,false,שברי בייגלה סניידרס בטעם דבש חרדל 340 גר,סניידרס Snyder's,US,סניידרס שברי בייגלה,גרמים,340.00,100 גרם,false,,17.90,0.0526,true,1,336175
77975095133,false,שברי בייגלה בטעם פיקנטי 318 ג' סניידרס,סניידרס Snyder's,US,בייגלה סניידרס פיקנט,גרמים,318.00,100 גרם,false,,17.90,0.0563,true,1,515706
77975095157,false,סניידרס שברי בייגלה וחלפיניו 340 גרם,סניידרס Snyder's,US,בייגלה סניידרס בטעם,גרמים,318.00,100 גרם,false,,17.90,0.0563,true,1,473146
611745285685,true,אבוקדו בשל יח,,,אבוקדו בשל יח,גרמים,470.00,100 גרם,false,,9.90,0.0211,true,1,109422
613008742409,false,בקבוק אריזונה אפרסק 1 ליטר,נובה טרייד אל טי די,DE,אריזונה אפרסק בקבוק,ליטרים,1.00,ליטר,false,,12.80,12.8000,true,1,262231
628154383659,false,דגני בוקר פרוטי פבלס 311 ג' POST,פוסט ארצות הברית,US,דגני בוקר פרוטי פבלס,גרמים,311.00,100 גרם,false,,26.90,0.0865,true,1,425414
728229123590,false,טרה אורגינל חטיף על בסיס ירקות שורש בטעם טבעי 110 גרם,הונדורס צ'יפס יצור א,HN,טרה צ'יפס ירקות שורש,גרמים,110.00,100 גרם,false,,16.90,0.1536,true,1,7388
728229123613,false,טרה חטיף על בסיס תפוח אדמה כחול בטעם טבעי 110 גרם,היין סלסטיאל גרופ,US,טרה צ'יפס חטיף ירקות,גרמים,50.00,100 גרם,false,,16.90,0.3380,true,1,7389
728229130154,false,טרה חטיף על בסיס בטטה וסלק בטעם טבעי 110 גרם,הונדורס צ'יפס יצור א,HN,טרה צ'יפס חטיף בטטה,גרמים,110.00,100 גרם,false,,16.90,0.1536,true,1,7392
728229130444,false,"חטיף על בסיס ירקות שורש עם בטטה, תפו""א כחול וסלק",היין סלסטיאל גרופ,US,טרה צ'יפס חטיף מירקו,גרמים,110.00,100 גרם,false,,16.90,0.1536,true,1,7393
768404001640,false,"גלידה בן&ג'ריס קפה משפחתית 500מ""ל",מוצרי איכות אמריקאיי,IL,גלידה פיינטס קפה 473,מיליליטרים,473.00,"100 מ""ל",false,,26.90,0.0569,true,1,16398
786150000281,false,"שישייה בירה לף בראון בקבוק 330X6 מ""ל",לף Leffe,BE,בירה חזקה לף בראון 3,ליטרים,1.98,ליטר,false,,49.90,25.2020,true,1,420677
787269647763,false,קפה קר קפוצ'ינו 250,,,קפה קר קפוצ'ינו 250,מיליליטרים,250.00,"100 מ""ל",false,,6.90,0.0276,true,1,344372
833949000264,false,"סירופ מייפל אמיתי 100% אורגני 250 מ""ל",דיקסר קוויבק,CA,סירופ מייפל אמיתי 10,גרמים,330.00,100 גרם,false,,31.90,0.0967,true,1,269446
835811001676,false,"תבנית אלומיניום גדולה 32*26 ס""מ - 9 יח'",הנמל,IL,תבנית גדולה 9 יח. R-,יחידה,0.00,יחידה,false,,14.90,0.0000,true,1,9361
835811005803,false,שקיות אשפה עם ידיות 25 יח' X90-מרכז,תעשיות והשקעה אל רסא,IL,הנמל שקיות אשפה עם י,יחידה,0.00,יחידה,false,,14.90,0.0000,true,1,9450
884912111715,false,דגני פוסט האני קומב 354 גר,פוסט ארצות הברית,US,-פוסט- האני קומב 354,גרמים,354.00,100 גרם,false,,26.90,0.0760,true,1,248485
884912126115,false,גרייט גריינס דגני בוקר עם פירות יבשים פוסט 453 גרם,הנסיך- מפעל לייצור ט,US,דגני בוקר גרייט גריי,גרמים,453.00,100 גרם,false,,28.90,0.0638,true,1,70379
884912342737,false,דגני בוקר פוסט וופל קריספ 326 גר',הנסיך- מפעל לייצור ט,US,דגני בוקר וופל קריספ,גרמים,326.00,100 גרם,false,,26.90,0.0825,true,1,228730
884912359155,false,האני באנצ' דגני בוקר עם דבש פוסט 411 גרם,פוסט ארצות הברית,US,דגני בוקר שיבולת שוע,גרמים,340.00,100 גרם,false,,27.90,0.0821,true,1,420793
884912359414,false,דגני בוקר האני באנצס קינמון 340 ג' POST,פוסט ארצות הברית,US,דגני בוקר שיבולת שוע,גרמים,340.00,100 גרם,false,,27.90,0.0821,true,1,420794
884912359421,false,דגני בוקר האני באנצס פקאן ומייפל 340 ג' POST,פוסט ארצות הברית,US,דגני בוקר שיבולת שוע,גרמים,340.00,100 גרם,false,,27.90,0.0821,true,1,420811
884912365200,false,דגני בוקר אוראו שחור ולבן 311 גרם,פוסט ארצות הברית,US,דגני בוקר עם פירורי,גרמים,311.00,100 גרם,false,,27.90,0.0897,true,1,487692
3010470155299,false,פריסקיז Friskies פטה בקר וירקות,ניו פטפוד איטליה,IT,פריסקיז פטה בקר וירק,גרמים,400.00,100 גרם,false,,10.90,0.0273,true,1,84151
3045206360609,false,"דזיטול נוזל מחטא בגדים בכביסה, 1 ליטר",רלוי,ES,דזיטול נוזל מחטא בגד,מיליליטרים,1.00,"100 מ""ל",false,,25.90,25.9000,true,1,427336
3046920028004,false,לינדט שוקולד אקסלנס מריר 70% 100 גר,לינדט ושפרונגלי,FR,לינדט אקסלנס 70% 100,גרמים,100.00,100 גרם,false,,18.90,0.1890,true,1,15994
3046920028363,false,לינדט אקסלנס 85% מוצקי קקאו 100 גרם,לינדט ושפרונגלי,FR,לינדט אקסלנס 85% 100,גרמים,100.00,100 גרם,false,,18.90,0.1890,true,1,15995
3046920028752,false,שוקולד לינדט אקסלנס מינט 100 גרם,לינדט ושפרונגלי,FR,לינדט אקסלנס מריר מנ,גרמים,100.00,100 גרם,false,,18.90,0.1890,true,1,15997
3046920029674,false,שוקולד לינדט אקסלנס סולט 100 גרם,לינדט ושפרונגלי,DE,לינדט אקסלנס עם שבבי,גרמים,100.00,100 גרם,false,,18.90,0.1890,true,1,15998
3046920029759,false,לינדט אקסלנס 90% מוצקי קקאו 100 גרם,לינדט ושפרונגלי ג'י.,DE,לינדט אקסלנס 90% 100,גרמים,100.00,100 גרם,false,,18.90,0.1890,true,1,15999
3073781161663,false,גבינה מותכת 18.5% שומן לה וואש קירי,לה וואש קירי La Vache qui rit,FR,גבינת לה וואש קירי 8,גרמים,128.00,100 גרם,false,,13.90,0.1086,true,1,316086
3073781161700,false,גבינה לוואש קירי כשר,פרומאג'רי בל דום סאם,FR,גבינה מותכת לה וואש,גרמים,480.00,100 גרם,false,,40.90,0.0852,true,1,316103
3073781162790,false,גבינה מותכת בייבי בל 120 גרם,מחלבות בל,FR,בייבי בל 24% אדום 12,גרמים,120.00,100 גרם,false,,23.90,0.1992,true,1,450796
3073781177220,false,גבינת אדם בייבי בל ר,מחלבות בל,FR,גבינת בייבי בל רול 1,גרמים,102.00,100 גרם,false,,23.90,0.2343,true,1,478810
3141360054405,false,פיניש מפיץ ריח למדיח בניחוח לימון וליים,הדקלאים אגודת שיתופי,HU,פיניש מפיץ ריח לימון,יחידה,0.00,יחידה,false,,18.90,0.0000,true,1,24061
3161911229199,false,חמאה צרפתית רכה למריחה אל & ויר 250 גרם,אלל אה וויר,FR,אלוויר חמאה רכה 250ג,גרמים,250.00,100 גרם,false,,23.90,0.0956,true,1,19534
3161911393210,false,אלוויר חמאת נורמנדי מלוחה 200 גרם,אלוויר,FR,חמאת נורמנדי מלוחה 2,גרמים,200.00,100 גרם,false,,23.90,0.1195,true,1,439270
3162330060479,false,בירה SAER BRAU 6*250,,,בירה SAER BRAU 6*250,ליטרים,1.50,ליטר,false,,15.90,10.6000,true,1,517118
3178530417357,false,בראוניז שוקולד לבן סאן מישל 210 גרם,סן מישל,FR,בראוניז שוקולד לבן ס,גרמים,210.00,100 גרם,false,,18.90,0.0900,true,1,393541
3245412211393,false,שוקולד חלב מעולה קרפ,,FR,שוקולד חלב מעולה קרפ,גרמים,300.00,100 גרם,false,,8.90,0.0297,true,1,456788
3245412211409,false,שוקולד חלב מעולה עם,,FR,שוקולד חלב מעולה עם,גרמים,300.00,100 גרם,false,,16.90,0.0563,true,1,456589
3270190151654,false,שוקולד מריר מעולה עם,,FR,שוקולד מריר מעולה עם,גרמים,100.00,100 גרם,false,,6.90,0.0690,true,1,456606
3270190174936,false,שוקולד חלב עם תכולת,,FR,שוקולד חלב עם תכולת,גרמים,100.00,100 גרם,false,,6.90,0.0690,true,1,456623
3387390320244,false,פיטנס דגני בוקר מחיטה מלאה עם פירות נסטלה 375 גרם,נסטלה צרפת איטנקורט,FR,פיטנס פירות דגני עם,גרמים,375.00,100 גרם,false,,23.90,0.0637,true,1,22292
3387390525960,false,קראנץ' דגני בוקר עם שוקולד חלב נסטלה 500 גרם,הנסיך- מפעל לייצור ט,FR,דגני קראנץ' נסטלה 50,גרמים,500.00,100 גרם,false,,27.90,0.0558,true,1,22293
3523230026888,false,"גבינת עיזים שום ועשבי תיבול למריחה פירמידה, 140 גרם",סואניון SOIGNON,FR,פרמידה עיזים שום ועש,גרמים,140.00,100 גרם,false,,26.90,0.1921,true,1,19564
3525490011109,false,"יין לה ז'אמל רוזה 750 מ""ל (חדש)",badet clement,FR,"לה ז'אמל מלבק 750 מ""",מיליליטרים,750.00,"100 מ""ל",false,,64.90,0.0865,true,1,428584
3560070230778,false,קרפור-תה אנגלי שחור,,,קרפור-תה אנגלי שחור,גרמים,50.00,100 גרם,false,,7.90,0.1580,true,1,517390
3560070232963,false,קרפור-חליטת פירות יע,,,קרפור-חליטת פירות יע,גרמים,40.00,100 גרם,false,,7.90,0.1975,true,1,517309
3560070582884,false,קרפור סטייליס עם שוק,,,קרפור סטייליס עם שוק,גרמים,300.00,100 גרם,false,,9.90,0.0330,true,1,496532
3560070669981,false,שוקולד מריר מעולה 80,,FR,שוקולד מריר מעולה 80,גרמים,80.00,100 גרם,false,,5.90,0.0738,true,1,456574
3560070701407,false,שוקולד מריר מעולה עם,,FR,שוקולד מריר מעולה עם,גרמים,100.00,100 גרם,false,,6.90,0.0690,true,1,456607
3560070720859,false,שוקולד מריר מעולה 72,,FR,שוקולד מריר מעולה 72,גרמים,80.00,100 גרם,false,,5.90,0.0738,true,1,456591
3560070826186,false,קרפור מוזלי שוקולד ו,,,קרפור מוזלי שוקולד ו,גרמים,750.00,100 גרם,false,,15.90,0.0212,true,1,496567
3560070852086,false,קרפור-תה ירוק בטעם נ,,,קרפור-תה ירוק בטעם נ,גרמים,40.00,100 גרם,false,,7.90,0.1975,true,1,517341
3560070852116,false,קרפור-תה ירוק נענע 5,,,קרפור-תה ירוק נענע 5,גרמים,80.00,100 גרם,false,,9.90,0.1238,true,1,517325
3560070888115,false,קרפור-חליטת טיליה 25,,,קרפור-חליטת טיליה 25,גרמים,42.50,100 גרם,false,,7.90,0.1859,true,1,517262
3560070888122,false,קרפור-חליטת קמומיל 2,,,קרפור-חליטת קמומיל 2,גרמים,30.00,100 גרם,false,,7.90,0.2633,true,1,517230
3560070888139,false,קרפור-תה שחור בטעם פ,,,קרפור-תה שחור בטעם פ,גרמים,42.50,100 גרם,false,,7.90,0.1859,true,1,517358
3560070888153,false,קרפור-תה ירוק בטעם ל,,,קרפור-תה ירוק בטעם ל,גרמים,40.00,100 גרם,false,,7.90,0.1975,true,1,517374
3560070928194,false,קרפור-חליטת לואיזה 2,,,קרפור-חליטת לואיזה 2,גרמים,32.50,100 גרם,false,,7.90,0.2431,true,1,517246
3560070928347,false,קרפור-חליטת רויבוש ו,,,קרפור-חליטת רויבוש ו,גרמים,40.00,100 גרם,false,,7.90,0.1975,true,1,517293
3560071013127,false,קרפור סטייליס עם שוק,,,קרפור סטייליס עם שוק,גרמים,300.00,100 גרם,false,,9.90,0.0330,true,1,496548
3560071013196,false,קרפור סטייליס בטעם ט,,,קרפור סטייליס בטעם ט,גרמים,500.00,100 גרם,false,,10.90,0.0218,true,1,496549
3560071015725,false,קרפור פיברה עם 5 פיר,,,קרפור פיברה עם 5 פיר,גרמים,500.00,100 גרם,false,,12.90,0.0258,true,1,496584
3560071016074,false,קרפור קורונפלקס 500,,,קרפור קורונפלקס 500,גרמים,500.00,100 גרם,false,,7.90,0.0158,true,1,496602
3560071090821,false,קרפור שוקו בולז 375,,,קרפור שוקו בולז 375,גרמים,375.00,100 גרם,false,,7.90,0.0211,true,1,496585
3560071188689,false,בירה Walberg 6*250 מ,,,בירה Walberg 6*250 מ,ליטרים,1.50,ליטר,false,,19.90,13.2667,true,1,517087
3560071341947,false,שמן זית כתית מעולה ב,,FR,שמן זית כתית מעולה ב,מיליליטרים,750.00,"100 מ""ל",false,,11.50,0.0153,true,1,495584
3560071431914,false,קפסולות קפה קרפור עו,,FR,קפסולות קפה קרפור עו,גרמים,52.00,100 גרם,false,,7.90,0.1519,true,1,497592
3560071431945,false,קפסולות קפה קרפור עו,,FR,קפסולות קפה קרפור עו,גרמים,52.00,100 גרם,false,,7.90,0.1519,true,1,497623
3560071432034,false,קפסולות קפה נטול קרפ,,FR,קפסולות קפה נטול קרפ,גרמים,52.00,100 גרם,false,,7.90,0.1519,true,1,497625
3560071432096,false,קפסולות קפה קרפור עו,,FR,קפסולות קפה קרפור עו,גרמים,52.00,100 גרם,false,,7.90,0.1519,true,1,497627
3560071432249,false,קפסולות קפה ברזיל קר,,FR,קפסולות קפה ברזיל קר,גרמים,52.00,100 גרם,false,,7.90,0.1519,true,1,497631
3560071432270,false,קפסולות קפה קולומביה,,FR,קפסולות קפה קולומביה,גרמים,52.00,100 גרם,false,,7.90,0.1519,true,1,497632
3560071432300,false,קפסולות קפה אתיופיה,,FR,קפסולות קפה אתיופיה,גרמים,52.00,100 גרם,false,,7.90,0.1519,true,1,497633
3560071432331,false,קפסולות קפה לאוס קרפ,,FR,קפסולות קפה לאוס קרפ,גרמים,52.00,100 גרם,false,,7.90,0.1519,true,1,497634
3560071432362,false,קפסולות קפה קניה קרפ,,FR,קפסולות קפה קניה קרפ,גרמים,52.00,100 גרם,false,,7.90,0.1519,true,1,497635
3560071432393,false,קפסולות קפה קוסטה רי,,FR,קפסולות קפה קוסטה רי,גרמים,52.00,100 גרם,false,,7.90,0.1519,true,1,497636
3560071432515,false,קפסולות קפה קרפור עו,,FR,קפסולות קפה קרפור עו,גרמים,52.00,100 גרם,false,,7.90,0.1519,true,1,497637
3574660089547,false,טמפונים נורמל קלאסי אובה 32 יחידות,ג'ונסון אנד ג'ונסון,GR,טמפון קלאסי נורמל או,יחידה,0.00,יחידה,false,,25.90,0.0000,true,1,24567
3574660115154,false,או-בה טמפונים קלאסי סופר 32יח',ג'ונסון אנד ג'ונסון,GR,אובה קלאסי סופר אובה,יחידה,0.00,יחידה,false,,25.90,0.0000,true,1,24571
3574661114637,false,ליסטרין שטיפת פה קול מינט טעם מעודן 500,ג'ונסון אנד ג'ונסון,IT,מי פה זירו ליסטרין 5,מיליליטרים,500.00,"100 מ""ל",false,,23.90,0.0478,true,1,32811
3574661419435,false,תחבושת הגיינית וניה מקסי לילה 12 יח',Johnson Vania - BL,BE,תחבושות הגייניות מקס,יחידה,0.00,יחידה,false,,30.90,0.0000,true,1,471015
3574661491806,false,מי פה אדבנס וויט מנטה מסירה כתמים קשים,גונסון אנד גונסון,IT,מי פה אדוונס וויאט מ,מיליליטרים,500.00,"100 מ""ל",false,,21.90,0.0438,true,1,286449
3574661610344,false,נטרוגינה קרם לחות עשיר ומרוכז לעור יבש ע,שסטוביץ,IT,ניוטרוג'ינה קרם לחות,מיליליטרים,300.00,"100 מ""ל",false,,33.90,0.1130,true,1,515161
3600523652280,false,"לוריאל אלביב שמפו מועשר ב 6 שמנים, 550 מ""ל",לוריאל - אלביב Elvive,TR,שמפו 6 שמנים אלביב 5,מיליליטרים,550.00,"100 מ""ל",false,,17.90,0.0325,true,1,124039
3600523652297,false,"מרכך לשיער אלביב זהב 6 שמנים , 550 מ""ל",לוריאל - אלביב Elvive,TR,מרכך 6 שמנים אלביב 5,מיליליטרים,550.00,"100 מ""ל",false,,17.90,0.0325,true,1,124040
3608580730231,false,קונפיטורה בון ממאן תות שדה 370 גר',אף.סי תבליני בגליל ב,FR,קונפיטורה תות 370 גר,גרמים,370.00,100 גרם,false,,21.90,0.0592,true,1,23891
3800020472712,false,חטיף קיט קאט צאנקי פופקורן 42 ג',ליימן מותגים,BG,קיט קט צ'אנקי פופקו,גרמים,42.00,100 גרם,false,,4.90,0.1167,true,1,462877
4000417101310,false,אימצ'לי-גלילי וופל עם קרם קקאו 150 גרם,Unknown,,גלילי וופל קרם קקאו,גרמים,150.00,100 גרם,false,,19.90,0.1327,true,1,515738
4000417222008,false,שוקולד ריטר ספורט חלב+שברי אגוזים 100 גרם חלב נוכרי,ריטר ספורט Ritter sport,DE,ריטר שוקולד ספורט חל,גרמים,100.00,100 גרם,false,,10.90,0.1090,true,1,15112
4001518003800,false,טורינוס מקלות פריכים עם פלפל ומלח 125 גר,גריסון,DE,מקלות מאפים עם מלח ו,גרמים,125.00,100 גרם,false,,14.90,0.1192,true,1,310772
4002448019480,false,"סיליט באנג מסיר שומנים רב שימושי 750 מ""ל",סיליט באנג Cillit Bang,PL,סיליט באנג ספריי מסי,מיליליטרים,750.00,"100 מ""ל",false,,17.90,0.0239,true,1,24065
4005808850723,false,לבלו שפתון תות בליסטר,טרופיקל דגיל תעשיות,DE,לבלו פירות בטעם תות,יחידה,0.00,יחידה,false,,13.90,0.0000,true,1,1139
4005900828088,false,"ניוואה - דאודורנט רול און לגבר פרש 50 מ""ל",טרופיקל דגיל תעשיות,DE,דאו' רול און לגבר פר,מיליליטרים,50.00,"100 מ""ל",false,,16.90,0.3380,true,1,1176
4005900833723,false,"ניוואה - פאוור פרש ג'ל רחצה לגבר 500 מ""ל",ניואה,,ג'ל רחצה לגבר ניוואה,מיליליטרים,500.00,"100 מ""ל",false,,16.90,0.0338,true,1,400132
4008287058161,false,בירה קרומבאכר פילס 4.8% שישיה 6 * 330 מל,מנדלז סי.אר. פרודקשן,DE,בירה קרומבכר פילס שי,ליטרים,1.98,ליטר,false,,33.90,17.1212,true,1,336541
4008287762020,false,בירה קרומבאכר חיטה 0.50 ליטר בקבוק,קרומבכר בראורי,DE,בירה קרומבאכר חיטה 5,מיליליטרים,500.00,"100 מ""ל",false,,11.20,0.0224,true,1,434542
4008287905786,false,בירה קרומבאכר חיטה 5.3% פחית 500 מל,מנדלז סי.אר. פרודקשן,DE,בירה קרומבכר חיטה בפ,מיליליטרים,500.00,"100 מ""ל",false,,11.20,0.0224,true,1,436720
4008400230726,false,קינדר ביצת הפתעה מקסי 100 גרם,פררו,IT,ביצת הפתעה קינדר מקס,גרמים,100.00,100 גרם,false,,27.90,0.2790,true,1,87775
4009300522935,false,תה ירוק לימונית ולואיזה פומפדור 20 יחידות,"איטיליאן פוד, אס.פי.",DE,פומפדור תה ירוק לימו,גרמים,30.00,100 גרם,false,,20.90,0.6967,true,1,24629
4009300524588,false,תה פומפדור חליטת צמחים פירות יער 20 יח',פומפדור Pompadour,DE,פומפדור חליטת פירות,גרמים,60.00,100 גרם,false,,17.90,0.2983,true,1,24631
4009300528845,false,"פומפדור תה ירוק עם לימונית דבש 30 מ""ל",פומפדור Pompadour,DE,פומפדור תה ירוק לימו,גרמים,30.00,100 גרם,false,,20.90,0.6967,true,1,142128
4009309022399,false,כרוב כבוש אורגני 670 גרם,נטורפוד,DE,כרוב כבוש אורגני 670,גרמים,670.00,100 גרם,false,,17.90,0.0267,true,1,269318
4009900403023,false,אורביט וויט בטעם מנטה בקבוקון 46 מלבניות,"ב.א מזון בע""מ",PL,אורביט וויט מנטה בקב,גרמים,64.00,100 גרם,false,,12.90,0.2016,true,1,49657
4009900491044,false,מסטיק איירובס אוכמניות בקבוקון 60יח',איירוויבס Airwaves,GB,אירוויבז בקבוק M מנט,גרמים,84.00,100 גרם,false,,14.90,0.1774,true,1,140291
4009900509770,false,אורביט באריזת בקבוק בטעם תות 60 יח',אורביט Orbit,GB,אורביט באריזת בקבוק,יחידה,0.00,יחידה,false,,15.90,0.0000,true,1,49702
4009900531573,false,סוכריות סקיטלס סמודיס בטעמי יוגורט ופירות,סקיטלס Skittles,CZ,סקיטלס סמודיס 174 גר,גרמים,174.00,100 גרם,false,,9.90,0.0569,true,1,140262
4009900535519,false,מסטיק אורביט רפרשרס ספירמינט ללא סוכר 15.6גר',אורביט,PL,אורביט רפרשרס אריזה,גרמים,15.00,100 גרם,false,,4.90,0.3267,true,1,281187
4009900535540,false,מסטיק אורביט רפרשרס פפרמינט ללא סוכר 15.6גר',אורביט,PL,אורביט רפרשרס פפרמינ,גרמים,15.00,100 גרם,false,,4.90,0.3267,true,1,281188
4009900536288,false,מסטיק אורביט רפרשרס פפרמינט בקבוקון ללא סוכר 67 גר',מרס ריגלי קונפקשונרי,PL,מסטיק אורביט רפרשרס,גרמים,67.00,100 גרם,false,,13.90,0.2075,true,1,307125
4009900539401,false,מסטיק פייב באונס בטעם מנטה HP,Unknown,PL,מסטיק בטעם מנטה פייב,גרמים,14.40,100 גרם,false,,4.90,0.3403,true,1,417673
4009900539432,false,מסטיק פייב באונס בטעם אבטיח HP,Unknown,PL,מסטיק בטעם אבטיח פיי,גרמים,14.40,100 גרם,false,,4.90,0.3403,true,1,449924
4009900539685,false,"מסטיק פייב באונס בטעם מנטה בקבוקון, 61.8 גרם",ריגלי בעמ רוסיה,PL,מסטיק בטעם מנטה ללא,גרמים,61.80,100 גרם,false,,13.90,0.2249,true,1,417643
4011800628512,false,חטיף קורני שוקולד חלב 6 יח 150 גר,מיוצר עי קונדיטוריית,DE,חטיף דגנים עם שוקולד,גרמים,150.00,100 גרם,false,,15.90,0.1060,true,1,7547
4011800632519,false,"מארז חטיפי שוקולד חלב וקוקוס ""קורני""",מיוצר עי קונדיטוריית,DE,חטיף דגנים עם שוקולד,גרמים,150.00,100 גרם,false,,15.90,0.1060,true,1,7551
4011800633516,false,קורני שוקולד מריר מעולה 58% קקאו 6*1,שוורטאוור וורקה,DE,חטיף דגנים שוקולד מר,גרמים,138.00,100 גרם,false,,15.90,0.1152,true,1,7552
4011800636517,false,קורני פרי שוקולד חלב מעולה ללא סוכר 6*1,מיוצר עי קונדיטוריית,DE,חטיף דגנים פרי עם שו,גרמים,120.00,100 גרם,false,,15.90,0.1325,true,1,7554
4014400904376,false,סוכריות טופי בטעם שוקולד סטורק 325 גרם,קריניציה ויטמינה אס,DE,סוכ.שטורק שוקולדן 32,גרמים,325.00,100 גרם,false,,20.90,0.0643,true,1,15145
4014400910063,false,סוכריות חמאה וורטרס אורגינל 135 גרם,וורטר'ס אורגינל,DE,סוכריות חמאה וורטר 1,גרמים,135.00,100 גרם,false,,10.90,0.0807,true,1,15150
4014400925319,false,וורטרס אורגינל פופקורן קרמל 140 גרם,וורטרס Werther's,DE,חטיף פופקורן בציפוי,גרמים,140.00,100 גרם,false,,15.90,0.1136,true,1,268238
4015400564454,false,מגני תחתון אולוויז לארג' עם ניחוח מגה פק,פרוקטר אנד גמבל,DE,מגן תחתון לארג מגה פ,יחידה,0.00,יחידה,false,,18.90,0.0000,true,1,29988
4015400681670,false,תחבושות אולוויז לילה בטוח וליו פק 18 יח,פרוקטר אנד גמבל,HU,לילה בטוח אולוויז 18,יחידה,0.00,יחידה,false,,24.90,0.0000,true,1,30022
4015400746812,false,מגני תחתון אולוויז נורמל עם ניחוח מגה פק,פרוקטר אנד גמבל,DE,מגן תחתון מגה פק נור,יחידה,0.00,יחידה,false,,18.90,0.0000,true,1,30053
4015400755241,false,תחבושות היגייניות אולוויז אולטרה נורמל - 28 יח',פרוקטר אנד גמבל,DE,תחבושות וליו פק נורמ,יחידה,0.00,יחידה,false,,24.90,0.0000,true,1,30055
4015600762742,false,שמפו יומיומי למניעת קשקשים הנוסחה הקלאסית,פרוקטר אנד גמבל,RO,שמפו קלאסי הד&שולדרס,מיליליטרים,500.00,"100 מ""ל",false,,19.90,0.0398,true,1,30094
4017100219900,false,בלזן וופלטן וופל מגולגל מצופה שוקולד חלב 100 גרם,הדקלאים אגודת שיתופי,DE,בלזן גלילי וופל חלב,גרמים,100.00,100 גרם,false,,15.90,0.1590,true,1,119959
4017100364112,false,בלזן היט בסקוויט סנדביץ עם מלית קרם בטעם שוקולד קקאו (41%) 220 גרם,הדקלאים אגודת שיתופי,PL,היט עוגיות סנדביץ בט,גרמים,220.00,100 גרם,false,,9.90,0.0450,true,1,119964
4022025001905,false,יין בלו ווין מבעבע זהב כשר 750 מל,היי סישל סוהן טראבן,DE,בלו וויין מבעבע זהב,מיליליטרים,750.00,"100 מ""ל",false,,55.90,0.0745,true,1,137974
4033100024146,false,סיגריות וינסטון קוד,Unknown,,וינסטון קופסא בודדת,יחידה,0.00,יחידה,false,,33.00,0.0000,false,1,5965
4033100064036,false,וינסטון כחול טבק לגלגול חפיסה,Unknown,,טבק ווינסטון כחול,יחידה,0.00,יחידה,false,,78.00,0.0000,false,1,5976
4066600999614,false,"בירה פאולנר, בירת חיטה מעוננת, בקבוק 500 מ""ל",מבשלת פאולנר,DE,בירה פאולנר בקבוק 50,מיליליטרים,500.00,"100 מ""ל",false,,13.50,0.0270,true,1,67069
4084500149526,false,טייד גל כביסה 2.48 ליטר אלפים רענן,פרוקטר אנד גמבל,FR,טייד גל 2.48 ליטר,ליטרים,2.48,ליטר,false,,31.90,12.8629,true,1,30243
4260147890513,false,אטריות ביצים דקות ורמיצ'לי 500ג',דין שיווק,PL,אטריות ביצים דקות במ,גרמים,500.00,100 גרם,false,,12.90,0.0258,true,1,117203
4600659010854,false,*מבצע* סטולי פרימיום,איי. אס. לטבייאס בלז,LV,וודקה סטוליצ'ניה 700,מיליליטרים,700.00,"100 מ""ל",false,,65.90,0.0941,true,1,117451
4640018993343,false,פיניש קוואנטום קפסולות ג'ל למדיח כלים 30 יח',רקיט בנקיזר,PL,פיניש קוואנטום למדיח,יחידה,0.00,יחידה,false,,45.90,0.0000,true,1,228041
4710068003313,false,"מאסטר קפה אמריקאנו פחית 240מ""ל",מאיטה פוד אינדוסטריא,TW,מאסטר קפה אמריקנו בל,מיליליטרים,240.00,"100 מ""ל",false,,7.90,0.0329,true,1,369577
4796019790013,false,"שמן קוקוס אורגני 300 מ""ל",כפרי בריא,,גרין קוקו - שמן קוקו,מיליליטרים,300.00,"100 מ""ל",false,,20.90,0.0697,true,1,268841
4796019790020,false,"שמן קוקוס אורגני 500 מ""ל גרין קוקו",גרין קוקו,LK,גרין קוקו - שמן קוקו,מיליליטרים,500.00,"100 מ""ל",false,,26.90,0.0538,true,1,268871
4860019001414,false,"בקבוק מים בוז'ורמי 750 מ""ל",אי.די.אס בורג'יומי,,בורז'ומי מים מינרלים,מיליליטרים,750.00,"100 מ""ל",false,,8.90,0.0119,true,1,13205
4903001904208,false,רוטב סויה פרימיום יאמסה 1 ליטר,הדקלאים אגודת שיתופי,JP,רוטב סויה פרימיום יא,ליטרים,1.00,ליטר,false,,32.90,32.9000,true,1,15179
4903001925784,false,"רוטב סויה יאמאסה פרמיום דל מלח 500 מ""ל",הדקלאים אגודת שיתופי,JP,רוטב סויה יאמאסה דל,מיליליטרים,500.00,"100 מ""ל",false,,19.90,0.0398,true,1,15180
5000157143365,false,מתבל בטעם מיונז וקטשופ היינץ 425 ג',היינץ Heinz,PL,מתבל בטעם מיונז וקטש,מיליליטרים,425.00,"100 מ""ל",false,,16.90,0.0398,true,1,205570
5000159407236,false,חטיף מרס שוקולד עם ק,מרס הולנד בי.וי.,NL,חטיף מרס 51 גרם,גרמים,51.00,100 גרם,false,,4.90,0.0961,true,1,16026
5000159452540,false,סניקרס מארז חטיף 50 גרם חמישייה,סניקרס Snickers,NL,חטיף סניקרס מארז 5*2,יחידה,250.00,יחידה,false,,13.90,0.0556,true,1,316050
5000189974579,false,מארז מיני חטיפי קיט קט Kit Kat,ליימן מותגים,DE,קיט קט מיני 200 גרם,גרמים,200.00,100 גרם,false,,10.90,0.0545,true,1,127572
5000204115048,false,גלייד ארוסול מבשם אוויר בניחוח לבנדר,"אס.סי ג'ונסון,מידרכט",NL,גלייד ארוסול בניחוח,מיליליטרים,300.00,"100 מ""ל",false,,8.90,0.0297,true,1,205772
5000204171822,false,מילוי סבון אסלה דאק,,NL,מילוי דאק דיסק ג'ל ל,גרמים,36.00,100 גרם,false,,8.90,0.2472,true,1,322460
5000396037548,false,מקוויטיס ביסקוויט מצופה שוקולד מריר 200 גרם,ברנדס סרטרה נשיונל,GB,מקוויטיס מצופה שוקול,גרמים,200.00,100 גרם,false,,12.90,0.0645,true,1,99823
5000396037944,false,מקוויטיס ביסקוויט אורגינל 250 גרם,ברנדס סרטרה נשיונל,GB,מקוויטים ביסקוויטים,גרמים,250.00,100 גרם,false,,9.90,0.0396,true,1,99824
5010026512062,false,גרנולה קראנצ הוואי 5,,,גרנולה קראנצ' הוואי,גרמים,500.00,100 גרם,false,,19.90,0.0398,true,1,339970
5010026515919,false,מורנפלייק מוזלי נאטי 650 גרם,מורנפלייק Mornflake,GB,מוזלי קריספי אגוזים,גרמים,650.00,100 גרם,false,,25.90,0.0398,true,1,339952
5010026515933,false,מורנפלייק מוזלי פירות ואגוזים 750 גרם,מורנינג פוד,GB,מוזלי קריספי פירות ו,גרמים,750.00,100 גרם,false,,25.90,0.0345,true,1,339953
5010182997253,false,רייד תרסיס קוטל ג'וקים/תיקנים 300 מל,אס.סי.ג'ונסון מידרכט,NL,רייד ארוסול קוטל ג'ו,מיליליטרים,300.00,"100 מ""ל",false,,18.90,0.0630,true,1,7597
5010182998847,false,דאק נוזל לניקוי אסלות בניחוח ים 750 מל,מיוצר עי קונדיטוריית,NL,דאק ג'ל נוזל לניקוי,מיליליטרים,750.00,"100 מ""ל",false,,12.90,0.0172,true,1,7604
5010182998861,false,דאק נוזל לניקוי אסלות בניחוח רענן 750 מל,מיוצר עי קונדיטוריית,NL,דאק ג'ל נוזל לניקוי,מיליליטרים,750.00,"100 מ""ל",false,,12.90,0.0172,true,1,7605
5010265002836,false,"פת פריכה אוריגינל שיפון מלא 250 גרם ""ריוטה""",דה ג'ורדנס אנד ריווי,GB,פת פריכה אורגינל 250,גרמים,250.00,100 גרם,false,,12.90,0.0516,true,1,268842
5010677554398,false,"בקרדי בריזר אבטיח 275 מ""ל בקבוק",בקרדי בריזר Bacardi Breezer,BE,בקרדי בריזר אבטיח,מיליליטרים,275.00,"100 מ""ל",false,,14.90,0.0542,true,1,11412
5011157630281,false,אורז לבן ארוך בסמטי טילדה Tilda,אלסקה/ טילדה,GB,טילדה אורז הימשלי בס,קילוגרמים,1.00,"ק""ג",false,,26.90,26.9000,true,1,24666
5011157730271,false,אורז יסמין לבן ארוך טילדה,טילדה Tilda,,אורז יסמין טילדה 1 ק,קילוגרמים,1.00,"ק""ג",false,,26.90,26.9000,true,1,427614
5014271300429,false,"מעדן בטעם משמש לל""ס סאן דלפור 284 גרם",סנדלפור St.dalfour,FR,סאן דלפור מעדן משמש,גרמים,284.00,100 גרם,false,,22.90,0.0806,true,1,19576
5014271330426,false,מעדן אוכמניות כחולות ללא תוספת סוכר 284 גרם,סנדלפור St.dalfour,FR,סאן דלפור מעדן אוכמנ,גרמים,284.00,100 גרם,false,,22.90,0.0806,true,1,19578
5014271350424,false,מעדן ארבעה פירות ללא תוספת סוכר 284 גרם,המאפיה של הרמן,FR,סאן דלפור מעדן ארבע,גרמים,284.00,100 גרם,false,,22.90,0.0806,true,1,19579
5014271400426,false,"מעדן בטעם תות שדה לל""ס סאן דלפור 284 גרם",המאפיה של הרמן,FR,סאן דלפור מעדן תות ש,גרמים,284.00,100 גרם,false,,22.90,0.0806,true,1,19584
5026489500447,false,חטיף חומוס ס.קרים 45 גר,cofresh snack foods,GB,איט ריל חטיף על בסיס,גרמים,40.00,100 גרם,false,,10.00,0.2500,true,1,319554
5029053002408,false,קלינקס - נייר טואולט קליניקס לבן 9 גלילים,קימברלי קלארק ישראל,IL,נייר טואלט קליניקס ל,מטרים,275.00,מטר,false,,36.90,0.1342,true,1,10846
5029053002439,false,קלינקס - נייר טואולט קליניקס צהוב 9 גלילים,חוגלה קימברלי,GB,נייר טואלט קליניקס צ,מטרים,243.00,מטר,false,,36.90,0.1519,true,1,10847
5029053510828,false,תחבושות סופר פלוס עם כנפיים קוטקס 22יחידות,קימברלי קלארק,CZ,תחבושת אולטרה סופר+כ,יחידה,0.00,יחידה,false,,20.90,0.0000,true,1,10852
5029053523446,false,קוטקס - תחבושות אולטרה נייט + כנפיים 20 יח',קימברלי קלארק,CZ,תחבושות אולטרה נייט+,יחידה,0.00,יחידה,false,,20.90,0.0000,true,1,10853
5029053535227,false,טמפון עם מוליך נורמל קוטקס 16 יחידות,קוטקס,CZ,טמפון עם מוליך נורמל,יחידה,0.00,יחידה,false,,26.90,0.0000,true,1,10866
5029053578309,false,קופסת ממחטות אולטרה סופט 48 דף קלינקס,קימברלי קלארק,IL,טישו אולטרה סופט קוב,יחידה,0.00,יחידה,false,,7.90,0.0000,true,1,360551
5029054220085,false,האגיס - מגבוני האגיס אקסטרה קר לא מבושם 56 יח' * 4,קימברלי,IL,האגיס אקסטרה קר מגבו,יחידה,0.00,יחידה,false,,28.90,0.0000,true,1,131155
5050974505297,false,רייויטה פת פריכה שיפון מלא שומשום 250 גר,דה ג'ורדנס אנד ריווי,,פת פריכה עם שומשום 2,גרמים,250.00,100 גרם,false,,12.90,0.0516,true,1,268843
5060319120153,false,תה קמומיל ונילה אורגני 30 גר הייר ליבינג,הייר ליבינג,GB,הייר ליבינג - קמומיל,גרמים,40.00,100 גרם,false,,18.90,0.4725,true,1,269378
5060517886486,false,"מונסטר משקה אנרגיה קלאסי 500 מ""ל",מונסטר אנרג'י Monster Energy,RU,מונסטר אנרג'י פחית 5,מיליליטרים,500.00,"100 מ""ל",false,,7.90,0.0158,true,1,205571
5060751218173,false,"משקה אנרגיה מונסטר Pipline punch פח 500 מ""ל",מונסטר אנרג'י לימטד,RS,מונסטר פייפלין פאנץ',מיליליטרים,500.00,"100 מ""ל",false,,7.90,0.0158,true,1,438212
5060751219033,false,מונסטר אנרגי משקה אנרגיה אולטרה פרדייז,מונסטר אנרג'י לימטד,IE,מונסטר אולטרה פרדייז,מיליליטרים,500.00,"100 מ""ל",false,,7.90,0.0158,true,1,438213
5201004020338,false,קפריס רולס קלאסיק 400 גרם,פפדופולוס,GR,קפריס רולס קלאסיק 40,גרמים,400.00,100 גרם,false,,21.90,0.0547,true,1,141531
5201004021328,false,קפריס רולס גלילי וופל במילוי קרם אגוזי לוז וקקאו,אי. ג'יי פאפאדופולוס,GR,קפריס רולס קלאסיק 11,גרמים,115.00,100 גרם,false,,9.90,0.0861,true,1,289647
5201085540084,false,סוכריות ג'ילי מיקס שקית 800 גר',פאלאס אס איי,GR,סוכריות ג'לו מיקס 70,גרמים,700.00,100 גרם,false,,16.90,0.0241,true,1,3506
5201347160326,false,גל לשמירה על חיי מכונת הכביסה קלגון 750מ,RECKITT BENCKISER It,IT,קלגון גל 750 מ'ל,מיליליטרים,750.00,"100 מ""ל",false,,35.90,0.0479,true,1,97099
5201940010110,false,זיתים שחורים קלמטה וילי פוד 250 גרם,סיוארס אס.איי,GR,זיתים שחורים קלמטה ו,גרמים,250.00,100 גרם,false,,18.90,0.0756,true,1,4810
5400265033006,false,המלט- נשיקות מרנג צבעוני 100 גרם,HAMLET NV,,נשיקות מרנג צבעוני 1,גרמים,100.00,100 גרם,false,,13.90,0.1390,true,1,467843
5410126106183,false,עוגיות לוטוס 50 יחידות ארוזות בנפרד 312 גרם,כלורוקס אוקלנד,BE,ביסקוויט קרמל 312גרם,גרמים,312.00,100 גרם,false,,20.90,0.0670,true,1,7223
5410126116953,false,ממרח לוטוס ביסקויט קרמל 400 גרם,לוטוס בייקרי בלגיה נ,BE,לוטוס ממרח ביסקוויט,גרמים,400.00,100 גרם,false,,26.90,0.0672,true,1,7224
5410126666038,false,לוטוס עוגיות קרמל 279 גרם,לוטוס ביקרי נ.וי,BE,עוגיות לוטוס 279 גרם,גרמים,279.00,100 גרם,false,,16.90,0.0606,true,1,129775
5410126716016,false,"עוגיות לוטוס ביסקויט קרמל בד""צ 250 גרם",לוטוס ביקרי בלגיה,BE,ביסקוויט בטעם קרמל ל,גרמים,250.00,100 גרם,false,,12.90,0.0516,true,1,30446
5410291022738,false,צ'וקטה ממרח חלב ואגוזי לוז עם קקאוי 350ג',צ'וקטה Chocketa,BE,צ`וקטה ממרח אגוזי לו,גרמים,350.00,100 גרם,false,,10.90,0.0311,true,1,50567
5411188110835,false,אלפרו חלב סויה שקדים וניל 1ל',הנסיך- מפעל לייצור ט,BE,אלפרו משקה שקדים 1 ל,ליטרים,1.00,ליטר,false,,17.90,17.9000,true,1,24674
5411188112709,false,"משקה קוקוס אלפרו 1 ליטר משקה שקדים לל""ס",הנסיך- מפעל לייצור ט,BE,אלפרו משקה שקדים ללא,יחידה,0.00,יחידה,false,,17.90,0.0000,true,1,24678
5411188115472,false,אלפרו משקה סויה 1 ליטר,הנסיך- מפעל לייצור ט,BE,אלפרו משקה סויה 1 לי,ליטרים,1.00,ליטר,false,,15.90,15.9000,true,1,252507
5411188116905,false,אלפרו משקה סויה בטעם בננה 1 ליטר,אלפרו C.V.A,BE,משקה סויה בטעם בננה,יחידה,0.00,יחידה,false,,17.90,0.0000,true,1,443937
5411188121923,false,"משקה סויה מועשר סידן אלפרו 3*250 מ""ל",הנסיך- מפעל לייצור ט,BE,אלפרו סויה סידן שלש,מיליליטרים,750.00,"100 מ""ל",false,,16.90,0.0225,true,1,112088
5411188121978,false,"משקה סויה בטעם שוקולד 3 * 250 מ""ל אלפרו",אלפרו C.V.A,BE,אלפרו סויה שוקו סיד,מיליליטרים,750.00,"100 מ""ל",false,,16.90,0.0225,true,1,109077
5411188122661,false,אלפרו משקה שקדים לא קלויים ללא תוספת סוכר 1 ל',אלפרו Alpro,,אלפרו משקה שקדים לא,יחידה,0.00,יחידה,false,,17.90,0.0000,true,1,76636
5411188124689,false,משקה שיבולת שועל ללא סוכר 1ל' אלפרו,אלפרו Alpro,BE,אלפרו משקה שיבולת שו,יחידה,0.00,יחידה,false,,17.90,0.0000,true,1,277573
5411188133476,false,אלפרו משקה סויה שוקו+חלבון 250 גרם בית יוסף,אלפרו C.V.A,BE,אלפרו משקה סויה שוקו,מיליליטרים,250.00,"100 מ""ל",false,,8.90,0.0356,true,1,362484
5411188134985,false,אלפרו 3.5% NOT M*LK שיבולת שועל 1 ליטר בית יוסף,הנסיך- מפעל לייצור ט,BE,אלפרו 3.5% שומן NOT,ליטרים,1.00,ליטר,false,,14.90,14.9000,true,1,337470
5411188135005,false,אלפרו 1.8% NOT M*LK שיבולת שועל 1 ליטר בית יוסף,הנסיך- מפעל לייצור ט,BE,אלפרו 1.8% שומן NOT,ליטרים,1.00,ליטר,false,,14.90,14.9000,true,1,340939
5413121358694,false,שוקולד בלגי מריר משובח 85%פרסטיז 100 גרם,BCG,,שוקולד בלגי מריר 85%,גרמים,100.00,100 גרם,false,,12.90,0.1290,true,1,470569
5413121364121,false,בלג'יאן טראפלס קקאו שוקולד 150 גרם,Q Chocolate,BE,שוקולד טראפלס קקאו ז,גרמים,150.00,100 גרם,false,,15.90,0.1060,true,1,471510
5413121388905,false,בלגיאן-טראפלס אגוז חג שמח 150 גרם,Q Chocolate,BE,שוקולד טראפלס אגוז,גרמים,150.00,100 גרם,false,,15.90,0.1060,true,1,470601
5420066370032,false,טראפל בלגי מריר 150 גרם,,,טראפל שוקולד בלגי מר,גרמים,150.00,100 גרם,false,,15.90,0.1060,true,1,471589
5420066370384,false,טראפל בלגי אגוזים 150 גרם,,,טראפל שוקולד בלגי אג,גרמים,150.00,100 גרם,false,,15.90,0.1060,true,1,471591
5600289150318,false,צ'יפס תפוחי עץ מיובש,,,צ'יפס תפוחי עץ מיובש,גרמים,20.00,100 גרם,false,,6.90,0.3450,true,1,431187
5600289150332,false,צ'יפס תפוחי עץ מיובש,,,צ'יפס תפוחי עץ מיובש,גרמים,20.00,100 גרם,false,,6.90,0.3450,true,1,431188
5701932026964,false,"הוטפופ גרעיני תירס להכנת פופקורן במיקרוגל בטעם טבעי, בתוספת מלח, 600 גרם",ליימן מותגים,US,הוט פופ .פופקורן עם,גרמים,600.00,100 גרם,false,,17.90,0.0298,true,1,15189
5701932026971,false,הוטפופ גרעיני תירס להכנת פופקורן במיקרוגל בטעם חמאה 600 גרם,ליימן מותגים,US,הוט פופ פופקורן בטעם,גרמים,600.00,100 גרם,false,,17.90,0.0298,true,1,15190
5701932026995,false,"הוטפופ גרעיני תירס להכנת פופקורן במיקרוגל בטעם טבעי מופחת שומן, 510 גרם",קריניציה ויטמינה אס,US,הוט פופ פופקורן לייט,גרמים,510.00,100 גרם,false,,17.90,0.0351,true,1,15191
5711953106583,false,גבינת שמנת בטעם טבעי 200 גרם ארלה,ארלה פודס אמבה,DK,ארלה גבינת שמנת טבעי,גרמים,200.00,100 גרם,false,,17.90,0.0895,true,1,187711
5711953106606,false,גבינת שמנת עם תבלינים ועשבי תיבול 23.5%,ארלה פודס אמבה,DK,ארלה גבינת שמנת עשבי,גרמים,200.00,100 גרם,false,,17.90,0.0895,true,1,187713
5711953148347,false,"גבינת שמנת טבעי ארלה, 300 גרם",ארלה,DK,גבינת שמנת טבעי ארלה,גרמים,300.00,100 גרם,false,,24.90,0.0830,true,1,495309
5740900403215,false,ממרח מחמאת לורפק עם מלח 250 ג',לורפאק Lurpak,DK,ממרח לורפק עם מלח 25,גרמים,250.00,100 גרם,false,,18.90,0.0756,true,1,133394
5740900403222,false,ממרח לורפק חמאה עם מלח מופחת שומן 250 ג,לורפאק Lurpak,DK,ממרח לורפק עם מלח מו,גרמים,250.00,100 גרם,false,,18.90,0.0756,true,1,133395
5740900403239,false,ממרח לורפק ללא תוספת מלח 250 גר,לורפאק Lurpak,DK,ממרח לורפק ללא מלח 2,גרמים,250.00,100 גרם,false,,18.90,0.0756,true,1,133396
5740900403253,false,ממרח מחמאת לורפק עם מלח 500 ג',לורפאק Lurpak,DK,ממרח לורפק עם מלח 50,גרמים,500.00,100 גרם,false,,31.90,0.0638,true,1,133398
5740900403260,false,ממרח מחמאת לורפק ללא מלח 27% פחות שומן,ארלה פודס אמבה,DK,ממרח לורפק ללא מלח מ,גרמים,250.00,100 גרם,false,,18.90,0.0756,true,1,133389
5740900403864,false,חמאה +מלח 200 גרם לורפק כשרות או קיי,ארלה פודס אמבה,DK,חמאת לורפק עם מלח 20,גרמים,200.00,100 גרם,false,,13.90,0.0695,true,1,337559
5765220190188,false,עטרות נייר לאפייה 5,,,עטרות נייר לאפייה 5,יח',130.00,יח',false,,6.90,0.0531,true,1,278248
5765220190522,false,סביבון חללית אורות מנגן,,,סביבון חללית אורות מ,יחידה,0.00,יחידה,false,,15.90,0.0000,true,1,264230
5765571206613,false,נר נשמה 9 ימים בפלסטיק,,,נר נשמה 9 ימים בפלסט,יחידה,0.00,יחידה,false,,11.90,0.0000,true,1,513143
5900020012814,false,דגנים תפוחים בטעם שוקולד נסקוויק נסטלה 500 גרם,מיוצר עי קונדיטוריית,PL,דגני בוקר נסקוויק נס,גרמים,500.00,100 גרם,false,,28.90,0.0578,true,1,22296
5900020015174,false,פיטנס חטיפי אנרגיה דגנים בטעם שוקולד נסטלה 6*23.5 גרם,מיוצר עי קונדיטוריית,PL,פיטנס חטיף דגנים שוק,גרמים,141.00,100 גרם,false,,18.90,0.1340,true,1,22297
5900020020710,false,מארז חטיף דגנים קראנץ' בטעם שוקו וניל נסטלה,נסטלה פולין ברים,PL,חטיף דגנים קראנץ בר,גרמים,150.00,100 גרם,false,,18.90,0.1260,true,1,22304
5900020022325,false,חטיף סיני מיניס Cini Minis בטעם קינמון - 6 במארז,נסטלה פולין דגני בוק,PL,חטיף דגנים סיני מיני,גרמים,150.00,100 גרם,false,,18.90,0.1260,true,1,22307
5900020026552,false,דגני בוקר האני נאט צ'יריוס בטעם דבש ושקדים,נסטלה צרפת איטנקורט,FR,האני נאט ציריוס נסטל,גרמים,625.00,100 גרם,false,,28.90,0.0462,true,1,22319
5900020029669,false,פיטנס - חטיף דגנים פירות יער 23.50 גרם * 6,נסטלה פולין דגני בוק,PL,פיטנס חטיף דגנים פיר,גרמים,141.00,100 גרם,false,,18.90,0.1340,true,1,105442
5900020034021,false,חטיף דגנים פיטנס שוקולד בננה 141 גרם,מיוצר עי קונדיטוריית,IL,פיטנס חטיף דגנים שוק,גרמים,141.00,100 גרם,false,,18.90,0.1340,true,1,138912
5900020034991,false,דגני בוקר צדפים בטעם שוקולד 450 ג' קראנץ',סי. פי. פולין,IL,קראנץ' צדפים בטעם שו,גרמים,450.00,100 גרם,false,,28.90,0.0642,true,1,201020
5900020036407,false,דגני בוקר ליון Lion בטעם שוקולד וקרמל,נסטלה פולין דגני בוק,US,דגני בוקר שוקולד וקר,גרמים,480.00,100 גרם,false,,28.90,0.0602,true,1,226113
5900020039590,false,פיטנס חטיף דגנים קלאסי פרווה 8 6*23.5 ג,נסטלה פולין דגני בוק,PL,פיטנס חטיף דגנים קלא,גרמים,141.00,100 גרם,false,,18.90,0.1340,true,1,369801
5900020039620,false,פיטנס חטיף דגנים שקדים ודבש פרווה 8 6*23 ג,נסטלה פולין ברים,PL,חטיף דגנים שקדים ודב,גרמים,141.00,100 גרם,false,,18.90,0.1340,true,1,369802
5900627063233,false,פיניש ALL IN ONE MAX טבליות 50 יחידות,רקיט בנקיזר,IL,50 יח AIO טבליות פינ,גרמים,800.00,100 גרם,false,,41.90,0.0524,true,1,24146
5901414200411,false,בלזן היט מיני ביסקוויט סנדוויץ' עם מילוי קרם בטעם שוקולד 130 גרם,ליימן שליסל,PL,היט מיניס קרם קקאו 1,גרמים,130.00,100 גרם,false,,6.90,0.0531,true,1,119968
5902198160403,false,XL משקה אנרגיה מוגז ללא סוכר עד 10 קלוריות לפחית 250 מל,"טמפו משקאות בע""מ",IL,אקס אל משקה אנרגיה ט,מיליליטרים,250.00,"100 מ""ל",false,,4.90,0.0196,true,1,82898
5904941751241,false,"משקה אנרגיה BLU דיי סיקס ללא סוכר 250 מ""ל",אקו - ביט,PL,בלו דיי סיקס משקה אנ,מיליליטרים,250.00,"100 מ""ל",false,,4.50,0.0180,true,1,246450
5904941751302,false,"משקה אנרגיה בלו 250 מ""ל- בודד",אקו - ביט,PL,בלו משקה אנרגיה 250,מיליליטרים,250.00,"100 מ""ל",false,,4.90,0.0196,true,1,3511
5904941751715,false,"משקה אנרגיה בלו קרנברי 250 מ""ל -בודד",אקו - ביט,PL,בלו משקה אנרגיה קרנב,מיליליטרים,250.00,"100 מ""ל",false,,4.90,0.0196,true,1,3516
5906485301012,false,"משקה אנרגיה XL פחית 250 מ""ל","טמפו משקאות בע""מ",IL,אקס אל משקה אנרגיה 2,מיליליטרים,250.00,"100 מ""ל",false,,4.90,0.0196,true,1,11422
5941021001674,false,טבלת שוקולד היידי גראנדור 80% 80 ג',היידי שוקולד בירונטי,,טבלת היידי גראנדור 8,גרמים,80.00,100 גרם,false,,12.90,0.1613,true,1,448985
6534401901504,true,מחצלת להכנת סושי,,,מחצלת להכנת סושי,יחידה,0.00,יחידה,false,,5.90,0.0000,true,1,366832
6900024600672,false,מברשת לסלה+כוס,,,מברשת לסלה+כוס,יחידה,0.00,יחידה,false,,8.90,0.0000,true,1,478444
6902019042016,false,אטבי כביסה כחול לבן 10 יחידות,,,אטבי כביסה 10 יחידות,יחידה,0.00,יחידה,false,,5.50,0.0000,true,1,156682
6924421202017,false,פטריות שימג'י לבן/חו,,,פטריות שי-מג'י חוות,גרמים,150.00,100 גרם,false,,12.90,0.0860,true,1,2654
6951097101672,false,מאג נבאדה(6 סט),,,מאג נבאדה(6 סט),יחידה,0.00,יחידה,false,,29.90,0.0000,true,1,31332
6952415521509,false,כבל מאריך 5 מ` OMEGA,,,כבל מאריך 5 מ` OMEGA,יחידה,0.00,יחידה,false,,23.90,0.0000,true,1,59334
6980531007577,false,פותחן בקבוקי יין פרפ,,,פותחן בקבוקי יין פרפ,יחידה,0.00,יחידה,false,,25.90,0.0000,true,1,478461
6980531007683,false,מארז 10 סוגרי שקיות,,,מארז 10 סוגרי שקיות,יחידה,0.00,יחידה,false,,11.90,0.0000,true,1,478411
7046110075036,false,ג'ורדן מב' שיניים אולטימייט יו *רביעיה *סופט,דנטלון,MY,מארז מב.שיניים אולטי,יחידה,0.00,יחידה,false,,15.90,0.0000,true,1,137033
7160589856238,false,נייס שבלולים לשיער,,,נייס שבלולים לשיער,יחידה,0.00,יחידה,false,,3.90,0.0000,true,1,38463
7271730901261,false,ווקי מאק ארוחת אטריות עם גבינה 156 גרם,ניו וורלד פסטה קומפנ,US,ארוחת אטריות וואקי מ,גרמים,156.00,100 גרם,false,,11.90,0.0763,true,1,49828
7290000000995,false,קפה הפוך+מאפה,,,קפה הפוך+מאפה,יחידה,0.00,יחידה,false,,8.00,0.0000,true,1,479895
7290000001193,false,בונז'ור בייבי חליות,,,בונז'ור בייבי חליות,גרמים,70.00,100 גרם,false,,2.60,0.0371,true,1,95950
7290000002010,false,תחליף גבינה בורינה 2,,,שנק/מאפה מתוק טעמים,קילוגרמים,1.00,"ק""ג",true,,45.00,45.0000,true,1,4132
7290000002021,false,גבינה קוסטרומסקוי,,,רוגלך פרווה,קילוגרמים,1.00,"ק""ג",true,,45.00,45.0000,true,1,97323
7290000002667,false,בולגרית מסורתית גד 5,,,בולגרית מסורתית גד 5,קילוגרמים,1.00,"ק""ג",true,,65.00,65.0000,true,1,16632
7290000002872,false,גבינה מאסדם הולנדית,,,צפתית במים גד 5% במש,קילוגרמים,1.00,"ק""ג",true,,64.00,64.0000,true,1,16634
7290000003503,false,כנפיים עוף טרי,,,כנפיים עוף טרי,קילוגרמים,1.00,"ק""ג",true,,12.90,12.9000,true,1,29298
7290000003836,false,שניצל פרימיום עוף טר,,,שניצל פרימיום עוף טר,קילוגרמים,1.00,"ק""ג",true,,39.90,39.9000,true,1,286822
7290000003837,false,פילה עוף טרי מקוצב,,,פילה עוף טרי מקוצב,קילוגרמים,1.00,"ק""ג",true,,39.90,39.9000,true,1,286823
7290000004444,false,שקיות גופיה 20 מקרו,,,שקיות גופיה 20 מקרו,יחידה,0.00,יחידה,false,,0.10,0.0000,true,1,469000
7290000004815,false,מוצרלה גד 22% במשקל,,,מוצרלה גד 22% במשקל,קילוגרמים,1.00,"ק""ג",true,,85.00,85.0000,true,1,16648
7290000004969,false,גבינות שמנת טבעי גד,,,גבינות שמנת טבעי גד,קילוגרמים,1.00,"ק""ג",true,,56.00,56.0000,true,1,16654
7290000005025,false,בייגל בטעמים,,,בייגל בטעמים,יח',1.00,יח',false,,5.90,5.9000,true,1,95881
7290000009350,false,בשר טחון טרי,,,בשר טחון טרי,קילוגרמים,1.00,"ק""ג",true,,39.90,39.9000,true,1,482429
7290000009352,false,בשר טחון פרימיום טרי,,,בשר טחון פרימיום טרי,קילוגרמים,1.00,"ק""ג",true,,49.90,49.9000,true,1,482683
7290000009354,false,צלעות בקר טרי,,,צלעות בקר טרי,קילוגרמים,1.00,"ק""ג",true,,79.90,79.9000,true,1,482860
7290000009358,false,כתף בקר טרי,,,כתף בקר טרי,קילוגרמים,1.00,"ק""ג",true,,69.90,69.9000,true,1,482951
7290000009360,false,שזיפים יבשים ללא גרע,,,כתף פרימיום טרי,קילוגרמים,1.00,"ק""ג",true,,79.90,79.9000,true,1,483024
7290000009362,false,צלי כתף טרי,,,צלי כתף טרי,קילוגרמים,1.00,"ק""ג",true,,89.90,89.9000,true,1,483093
7290000009363,false,צלי כתף חלק טרי,,,צלי כתף חלק טרי,קילוגרמים,1.00,"ק""ג",true,,89.90,89.9000,true,1,483109
7290000009374,false,אנטריקוט טרי,,,אנטריקוט טרי,קילוגרמים,1.00,"ק""ג",true,,129.90,129.9000,true,1,483592
7290000009376,false,אנטריקוט פרימיום טרי,,,אנטריקוט פרימיום טרי,קילוגרמים,1.00,"ק""ג",true,,159.90,159.9000,true,1,483645
7290000009378,false,אנטריקוט פרימיום חלק,,,אנטריקוט פרימיום חלק,קילוגרמים,1.00,"ק""ג",true,,159.90,159.9000,true,1,483666
7290000009389,false,אסאדו טרי,,,אסאדו טרי,קילוגרמים,1.00,"ק""ג",true,,74.90,74.9000,true,1,483701
7290000009456,false,צוואר עגל טרי,,,צוואר עגל טרי,קילוגרמים,1.00,"ק""ג",true,,54.90,54.9000,true,1,494675
7290000009462,false,צוואר ע.ע טרי,,,צוואר ע.ע טרי,קילוגרמים,1.00,"ק""ג",true,,49.90,49.9000,true,1,494416
7290000011593,false,שזיף,,,שזיף,קילוגרמים,1.00,"ק""ג",true,,22.90,22.9000,true,1,2082
7290000014510,false,חסה עגולה,,,חסה עגולה,יח',1.00,יח',false,,7.90,7.9000,true,1,2085
7290000021003,false,עוף טרי שלם,,,עוף טרי שלם,קילוגרמים,1.00,"ק""ג",true,,19.90,19.9000,true,1,29343
7290000023007,false,"ברנדי שטוק 84 37 % 750 מ""ל","יקבי ברקן בע""ם",IL,"ברנדי שטוק 84 750 מ""",מיליליטרים,750.00,"100 מ""ל",false,,80.90,0.1079,true,1,11431
7290000024202,false,"יין ברקן רזרב קברנה סובניון 750 מ""ל",ברקן שיווק והפצה בעמ,IL,קברנה סוביניון רזרבד,מיליליטרים,750.00,"100 מ""ל",false,,46.90,0.0625,true,1,11458
7290000024240,false,יין רזרב שרדונה 750 מל שביעית,ביבקבי ברקן שיווק וה,IL,"שרדונה רזרבד 750 מ""ל",מיליליטרים,750.00,"100 מ""ל",false,,46.90,0.0625,true,1,11460
7290000032665,false,רוטב עגבניות 28% 580ג' פרי זה,,,רוטב עגבניות 28% ברי,גרמים,580.00,100 גרם,false,,8.50,0.0147,true,1,10621
7290000035324,false,בולגרית חלב נוכרי פי,,,בולגרית חלב נוכרי פי,קילוגרמים,1.00,"ק""ג",true,,59.00,59.0000,true,1,28247
7290000040042,false,יופלה יוגורט תות %3 גביע 150 גרם,תנובה חלב,IL,יופלה תות שובב 3% 15,מיליליטרים,150.00,"100 מ""ל",false,,5.50,0.0367,true,1,28406
7290000040066,false,יופלה יוגורט דובדבן %3 גביע 150 גרם,תנובה מרכז שיתופי לש,IL,יופלה דובדבן פראי 3%,מיליליטרים,150.00,"100 מ""ל",false,,5.50,0.0367,true,1,28408
7290000040080,false,יופלה יוגורט אפרסק %3 גביע 150 גרם,תנובה חלב,IL,יופלה אפרסק מאוהב 3%,מיליליטרים,150.00,"100 מ""ל",false,,5.50,0.0367,true,1,28409
7290000040301,false,תנובה עין גדי קממבר מחלב בקר 24% שומן,תנובה מרכז שיתופי לש,IL,תנובה גבינת קממבר עי,גרמים,125.00,100 גרם,false,,21.90,0.1752,true,1,28412
7290000040318,false,גבינת ברי 24% קולאז עדי תנובה 125 ג',תנובה מרכז שיתופי לש,IL,תנובה גבינת ברי 24%,גרמים,125.00,100 גרם,false,,22.90,0.1832,true,1,28413
7290000040462,false,טוסטי גבינה בסגנון אמריקאי אדם 23% תנובה 200 גרם,תנובה מרכז שיתופי לש,IL,טוסטי טעם אדם 22% 20,גרמים,200.00,100 גרם,false,,20.90,0.1045,true,1,95477
7290000040974,false,חלב תנובה דל לקטוז 2% שומן 1 ליטר,תנובה מרכז שיתופי לש,IL,חלב תנובה קרטון דל ל,ליטרים,1.00,ליטר,false,,7.90,7.9000,true,1,28416
7290000041445,false,קוטג תנובה גביע 250 גרם 5% בדצ,מיוצר עי קונדיטוריית,IL,"קוטג' 5% תנובה בד""צ",גרמים,250.00,100 גרם,false,,5.80,0.0232,true,1,28418
7290000041858,false,"שמנת חמוצה 15% יטבתה 200 מ""ל מהדרין",שטראוס גרופ,IL,יטבתה שמנת חמוצה 15%,מיליליטרים,200.00,"100 מ""ל",false,,2.50,0.0125,true,1,26028
7290000041865,false,"לבן 4.5% שומן מהדרין ""יטבתה""",שטראוס גרופ,IL,יטבתה לבן 4.5% 200מל,מיליליטרים,200.00,"100 מ""ל",false,,2.50,0.0125,true,1,26029
7290000042435,false,תנובה חלב טרי 1% שומן - מוצר בפיקוח,תנובה מרכז שיתופי לש,IL,חלב תנובה בקרטון 1%,ליטרים,1.00,ליטר,false,,5.86,5.8600,true,1,28430
7290000042442,false,"חלב תנובה טרי 3% ""תנובה"" - מוצר בפיקוח",תנובה חלב,IL,חלב תנובה בקרטון רבנ,ליטרים,1.00,ליטר,false,,6.23,6.2300,true,1,28431
7290000042503,false,חלב עמיד קרטון 3% 1 ל' תנובה,תנובה מרכז שיתופי לש,IL,חלב תנובה עמיד 3% קר,ליטרים,1.00,ליטר,false,,7.50,7.5000,true,1,28433
7290000042640,false,"חלב תנובה עמיד 3% קרטון 250 מ""ל",תנובה מרכז שיתופי לש,IL,חלב תנובה עמיד 3% מה,מיליליטרים,250.00,"100 מ""ל",false,,2.90,0.0116,true,1,28437
7290000042855,false,"שוקו בשקית 250 מ""ל ""יטבתה""",שטראוס גרופ,IL,יטבתה שוקו שקית 225,מיליליטרים,225.00,"100 מ""ל",false,,2.90,0.0129,true,1,26033
7290000043814,false,השף הלבן שמנת להקצפה 38% שומן 250 מל - מוצר בפיקוח,תנובה מרכז שיתופי לש,IL,שף לבן שמנת לקצפת עמ,מיליליטרים,250.00,"100 מ""ל",false,,6.47,0.0259,true,1,28443
7290000043890,false,תנובה רויון לבן מחלב מפסוטר 1.5%,תנובה מרכז שיתופי לש,IL,ריויון 1.5% 1ל,ליטרים,1.00,ליטר,false,,12.90,12.9000,true,1,28446
7290000043944,false,כד יוגורט תנובה 4% שומן 1.5 ליטר,מיוצר עי קונדיטוריית,IL,יוגורט כדים תנובה 1.,ליטרים,1.50,ליטר,false,,17.90,11.9333,true,1,28447
7290000044712,false,יוגורט עם תות 1.5% שומן 500 ג' פרילי,מיוצר עי קונדיטוריית,IL,פרילי תות 1.5% 500מל,מיליליטרים,500.00,"100 מ""ל",false,,10.90,0.0218,true,1,28453
7290000045580,false,"גבינת מותכת נעמה חורש 25%, 240 ג'",תנובה מרכז שיתופי לש,IL,נעמה גבינת מותכת 25%,גרמים,240.00,100 גרם,false,,19.90,0.0829,true,1,28458
7290000045917,false,תנובה פרומעז גבינה מותכת מחלב עיזים 23% שומן,תנובה חלב,IL,תנובה גבינת פרומעז 2,גרמים,200.00,100 גרם,false,,29.90,0.1495,true,1,28460
7290000046006,false,גבינה צהובה עמק בלוק,תנובה מרכז שיתופי לש,IL,עמק 28% במשקל,קילוגרמים,1.00,"ק""ג",true,,42.70,42.7000,true,1,28254
7290000046020,false,גלבוע גבינה שמנה במש,תנובה מרכז שיתופי לש,IL,גלבוע 22% במשקל,קילוגרמים,1.00,"ק""ג",true,,42.58,42.5800,true,1,28255
7290000046327,false,גלבוע גבינה צהובה פרוסה 22% תנובה 200 גרם,תנובה מרכז שיתופי לש,IL,גלבוע גבינה פרוסה 22,גרמים,200.00,100 גרם,false,,13.90,0.0695,true,1,28463
7290000046549,false,מוצרלה חריץ תנובה במ,תנובה מרכז שיתופי לש,IL,מוצרלה חריץ תנובה במ,קילוגרמים,1.00,"ק""ג",true,,82.00,82.0000,true,1,28261
7290000046563,false,קולאז פרמזן חריץ במש,תנובה מרכז שיתופי לש,IL,גבע פרמזן תנובה במשק,קילוגרמים,1.00,"ק""ג",true,,114.00,114.0000,true,1,28263
7290000047027,false,קולאז קצקבל גלעד במש,תנובה מרכז שיתופי לש,IL,קשקבל גלעד במשקל,קילוגרמים,1.00,"ק""ג",true,,128.00,128.0000,true,1,28266
7290000047485,false,גבינה בולגרית במשקל,תנובה מרכז שיתופי לש,IL,בולגרית פיראוס 24% ב,קילוגרמים,1.00,"ק""ג",true,,62.00,62.0000,true,1,28270
7290000048185,false,גבינה לבנה 5% 250 גרם - מוצר בפיקוח,מיוצר עי קונדיטוריית,IL,גבינה לבנה רכה 5% תנ,גרמים,250.00,100 גרם,false,,4.98,0.0199,true,1,28471
7290000048192,false,גבינה לבנה 9% שומן 250 ג' תנובה,מחלבת אלון תבור,IL,גבינה לבנה רכה 9% בד,גרמים,250.00,100 גרם,false,,5.10,0.0204,true,1,28472
7290000048307,false,גבינת קוטג' עם זיתים 5% תנובה 250 גרם,מיוצר עי קונדיטוריית,IL,קוטג תנובה עם זיתים,גרמים,250.00,100 גרם,false,,5.90,0.0236,true,1,28474
7290000048413,false,פיראוס חמד גבינה מלוחה 16% שומן,תנובה מרכז שיתופי לש,IL,פיראוס חמד 16% 250ג,גרמים,250.00,100 גרם,false,,20.90,0.0836,true,1,28476
7290000048437,false,גבינה צפתית 5% 200 ג' פיראוס,פארייפאבה אגרואינדוס,IL,פיראוס צפתית 5% 200,גרמים,200.00,100 גרם,false,,16.90,0.0845,true,1,28477
7290000050447,false,"יוגורט ביו בטעם תות YYY יופלה 500 מ""ל",מיוצר עי קונדיטוריית,IL,יופלהYYY תות 3% 500מ,מיליליטרים,500.00,"100 מ""ל",false,,14.90,0.0298,true,1,28489
7290000051307,false,"מארז הפסקת אוכל עם דגני עוגי ומשקה חלב עמיד בטעם וניל 150 מ""ל",תנובה מרכז שיתופי לש,IL,חלב תנובה הפ.אוכל עו,מיליליטרים,150.00,"100 מ""ל",false,,9.90,0.0660,true,1,28508
7290000051352,false,חלב מלא בטעם של פעם 3.4% תנובה קרטון 1 ל',תנובה מרכז שיתופי לש,IL,חלב תנובה של פעם בקר,ליטרים,1.00,ליטר,false,,7.90,7.9000,true,1,28509
7290000051376,false,יופלה דיאט אננס ספורטיבי 0% 150גר,תנובה מרכז שיתופי לש,IL,יופלה דיאט אננס ספור,מיליליטרים,150.00,"100 מ""ל",false,,5.50,0.0367,true,1,28510
7290000051710,false,פיראוס גבינת לאבנה אסלית על בסיס יוגורט תנובה 263 גרם,"תנובה, מחלבת אלון תב",IL,פיראוס לאבנה עם שמן,גרמים,263.00,100 גרם,false,,14.90,0.0567,true,1,28513
7290000052311,false,עמק פרוס בקופסא 200 גר 15% שומן,תנובה מרכז שיתופי לש,IL,עמק מהדרין 15% 200 ג,גרמים,200.00,100 גרם,false,,17.90,0.0895,true,1,28526
7290000052649,false,גבינת לאבנה 5% שומן 500 ג' פיראוס,תנובה מרכז שיתופי לש,IL,פיראוס לאבנה 5% 500ג,גרמים,500.00,100 גרם,false,,22.90,0.0458,true,1,28532
7290000052717,false,גבינת קוטג' שום שמיר 5% תנובה 250 גרם,מיוצר עי קונדיטוריית,IL,קוטג תנובה עם שום שמ,גרמים,250.00,100 גרם,false,,5.90,0.0236,true,1,28536
7290000053219,false,גבינה טל העמק שמנה ק,תנובה מרכז שיתופי לש,IL,טל העמק 32% במשקל,קילוגרמים,1.00,"ק""ג",true,,61.00,61.0000,true,1,28278
7290000055015,false,פיראוס גבינת פטה כבשים 5% תנובה 250 גרם,תנובה מרכז שיתופי לש,IL,פיראוס גבינת פטה כבש,גרמים,250.00,100 גרם,false,,32.90,0.1316,true,1,28576
7290000055329,false,"משקה בוקר יוגורט 1.5% בטעם תות מלון יופלה 250 מ""ל",תנובה מרכז שיתופי לש,IL,יופלה משקה יוגורט תו,מיליליטרים,250.00,"100 מ""ל",false,,6.50,0.0260,true,1,28582
7290000055336,false,משקה יוגורט יופלה בטעם בננה אפרסק 250 גר,תנובה מרכז שיתופי לש,IL,יופלה משקה יוגורט בנ,מיליליטרים,250.00,"100 מ""ל",false,,6.50,0.0260,true,1,28583
7290000055343,false,משקה יוגורט יופלה פירות טרופיים 250 גרם,תנובה מרכז שיתופי לש,IL,יופלה משקה יוגורט טר,מיליליטרים,250.00,"100 מ""ל",false,,6.50,0.0260,true,1,28584
7290000055350,false,גבינה צהובה חריץ עמק 28% במשקל,תנובה מרכז שיתופי לש,IL,עמק קלאסית 28% במשקל,קילוגרמים,1.00,"ק""ג",true,,44.79,44.7900,true,1,28282
7290000055893,false,חמאה משמנת מפוסטרת 200גרם 82% כ.מהדרין - מוצר בפיקוח,תנובה מרכז שיתופי לש,IL,חמאה מהדרין תנובה 20,גרמים,200.00,100 גרם,false,,7.90,0.0395,true,1,28590
7290000056845,false,תנובה חלב טרי 3% שומן 1.5 ליטר - מוצר בפיקוח,פארייפאבה אגרואינדוס,IL,חלב תנובה בקרטון 3%,ליטרים,1.50,ליטר,false,,9.34,6.2267,true,1,28608
7290000056883,false,יופלה מאגדת פרי 3% 8 יח' * 150 ג',תנובה מרכז שיתופי לש,IL,יופלה טעמים משתנים 3,קילוגרמים,1.20,"ק""ג",false,,35.90,29.9167,true,1,28610
7290000056890,false,דיאט יופלה שמינייה טעמים שונים,מיוצר עי קונדיטוריית,IL,יופלה דיאט טעמים שונ,קילוגרמים,1.20,"ק""ג",false,,35.90,29.9167,true,1,28611
7290000056906,false,מאגדת לבן טבעי 1.5% שומן 8 יח' * 150 ג' יופלה,מחלבת אלון תבור,IL,יופלה לבן 1.5% 8*150,ליטרים,1.20,ליטר,false,,18.90,15.7500,true,1,28612
7290000056951,false,"תנובה, השף הלבן, שמנת לבישול 15% שומן 500 מל",תנובה מרכז שיתופי לש,IL,שף לבן שמנת לבישול +,מיליליטרים,500.00,"100 מ""ל",false,,17.90,0.0358,true,1,28615
7290000057088,false,עמק גבינה צהובה פרוסה דק דק 28% תנובה 200 גרם,תנובה מרכז שיתופי לש,IL,עמק דק דק 28% 200גר,גרמים,200.00,100 גרם,false,,17.90,0.0895,true,1,28619
7290000057118,false,עמק סמי מעדנייה כשרות מהדרין,תנובה מרכז שיתופי לש,IL,עמק סמי 28% 400 גר,גרמים,400.00,100 גרם,false,,24.90,0.0622,true,1,28621
7290000057132,false,יוגורט תנובה טבעי 1.5% גביע 200 גרם,מחלבת אלון תבור,IL,תנובה יוגורט טבעי 1.,מיליליטרים,200.00,"100 מ""ל",false,,3.50,0.0175,true,1,28622
7290000057149,false,יוגורט תנובה טבעי 3% גביע 200 גרם,מיוצר עי קונדיטוריית,IL,תנובה יוגורט טבעי 3%,גרמים,200.00,100 גרם,false,,3.50,0.0175,true,1,28623
7290000058030,false,"יופלה שטוזים משקה יוגורט תות 8 יח' * 100 מ""ל",מיוצר עי קונדיטוריית,IL,יופלה שטוזים משקה יו,מיליליטרים,800.00,"100 מ""ל",false,,21.90,0.0274,true,1,28643
7290000058047,false,**שף לבן שמנת מתוקה מהדרין 38% פקק 500מ,תנובה מרכז שיתופי לש,IL,שף לבן שמנת מתוקה מה,מיליליטרים,500.00,"100 מ""ל",false,,12.94,0.0259,true,1,28644
7290000058580,false,קוקילידה וניל ועוגיות שוקולד נסטלה 83ג',נגה גלידות (גלידות נ,IL,קוקילידה וניל,יחידה,0.00,יחידה,false,,10.90,0.0000,true,1,18276
7290000060071,false,אוסם - חטיפי פריכונים מאורז מלא קלוי 80גר,"מיוצר ע""י PT, משווק",IL,חטיפי פריכונים מאורז,גרמים,80.00,100 גרם,false,,8.90,0.1113,true,1,22324
7290000060088,false,בייגלה מקלות מלוחים אסם 400 גרם,מיוצר עי קונדיטוריית,IL,בייגלה אסם מקלות מלו,גרמים,400.00,100 גרם,false,,12.90,0.0323,true,1,22325
7290000060163,false,פסטה אסם אטריות דקות 400גר,"אסם תעשיות בע""מ",IL,אטריות דקות אסם 400,גרמים,400.00,100 גרם,false,,7.90,0.0198,true,1,22328
7290000060200,false,פסטה אסם פתיתים אפויים קוסקוס 500גר,"אסם תעשיות בע""מ",IL,פתיתים אפויים קוסקוס,גרמים,500.00,100 גרם,false,,7.90,0.0158,true,1,22329
7290000060217,false,פסטה מקרוני מספר 7 אסם 500 גרם,קריות זול,IT,פסטה מקרוני אסם 500,גרמים,500.00,100 גרם,false,,6.90,0.0138,true,1,22330
7290000060330,false,פרפקטו פרפקטו ספיראלי גירף 500 גר,אסם פרפקטו,IT,פסטה ספירלי פרפקטו 5,גרמים,500.00,100 גרם,false,,7.90,0.0158,true,1,22335
7290000060408,false,פסטה אסם פתיתים אפויים טבעות 500 גר,"אסם תעשיות בע""מ",IL,פתיתים אפויים טבעות,גרמים,500.00,100 גרם,false,,7.90,0.0158,true,1,22337
7290000060576,false,פתיתים אפויים כוכבים אסם 500 גרם,"אסם תעשיות בע""מ",IL,פתיתים אפויים כוכבים,גרמים,500.00,100 גרם,false,,7.90,0.0158,true,1,22343
7290000060781,false,פסטה אסם פתיתים מסולסלים 500גר,קריות זול,IT,פסטה מסולסלים אסם 50,גרמים,500.00,100 גרם,false,,6.90,0.0138,true,1,22344
7290000060828,false,פסטה קרניים בינוניות אסם 500 גרם,קריות זול,IT,פסטה קרניים בינוניות,גרמים,500.00,100 גרם,false,,6.90,0.0138,true,1,22345
7290000060903,false,פסטה אסם פתיתים אפויים אורז 500גר,"אסם תעשיות בע""מ",IL,פתיתים אפויים אורז א,גרמים,500.00,100 גרם,false,,7.90,0.0158,true,1,22349
7290000060958,false,פסטה אסם אטריות בינוניות 400 גרם,"אסם תעשיות בע""מ",IL,אטריות בינוניות אסם,גרמים,400.00,100 גרם,false,,7.90,0.0198,true,1,22351
7290000060965,false,פסטה אסם אטריות רחבות 400גר,"אסם תעשיות בע""מ",IL,אטריות רחבות אסם 400,גרמים,400.00,100 גרם,false,,7.90,0.0198,true,1,22352
7290000061061,false,קרקר חיטה עם בצל אסם,"אסם תעשיות בע""מ",IL,אסם קרקר בצל 250גרם,גרמים,250.00,100 גרם,false,,11.90,0.0476,true,1,22354
7290000061214,false,פתיתים אפויים קוסקוס עם בצל אסם 500 גרם,"אסם תעשיות בע""מ",IL,פתיתים קוסקוס בצל אס,גרמים,500.00,100 גרם,false,,7.90,0.0158,true,1,22357
7290000061450,false,פתיתים אפויים קוסקוס 3 צבעים אסם 500 גרם,"אסם תעשיות בע""מ",IL,פתיתים קוסקוס 3 צבעי,גרמים,500.00,100 גרם,false,,7.90,0.0158,true,1,22360
7290000061764,false,קפה נמס מגורען רד מאג 200 גרם,נסטלה ספרד קפה,ES,נס קפה רד מאג טעם חד,גרמים,200.00,100 גרם,false,,24.90,0.1245,true,1,22361
7290000062952,false,אוסם - מיני קרוטונים למרק ולסלט 250 גרם,עינת תעשיות מזון אגו,IL,מיני קרוטונים למרק ו,גרמים,250.00,100 גרם,false,,16.90,0.0676,true,1,22367
7290000063102,false,אסם קמח עוגה תופח מאליו 350 גרם,"אסם תעשיות בע""מ",IL,קמח תופח קטן אסם 350,גרמים,350.00,100 גרם,false,,5.90,0.0169,true,1,22370
7290000063133,false,אסם שקדי מרק רכיבים טבעיים 24*100גרם,"אסם השקעות בע""מ",IL,שקדי מרק רכיבים טבעי,גרמים,100.00,100 גרם,false,,6.90,0.0690,true,1,22371
7290000063140,false,שקדי מרק רכיבים טבעיים בשקית 400 ג' אסם,"אסם תעשיות בע""מ",IL,שקדי מרק רכיבים טבעי,גרמים,400.00,100 גרם,false,,14.90,0.0373,true,1,22372
7290000063157,false,אסם קמח עוגה תופח מאליו 1 קג,"אסם תעשיות בע""מ",IL,קמח עוגה תופח מאליו,קילוגרמים,1.00,"ק""ג",false,,10.90,10.9000,true,1,22373
7290000064758,false,קוסקוס בינוני אמיתי אסם 350 ג',"מיוצר ע""י קוד יצרן K",IL,קוסקוס אמיתי אסם 350,גרמים,350.00,100 גרם,false,,8.90,0.0254,true,1,22383
7290000065540,false,אוסם - מנה חמה פסטה מוקרמת בטעם עוף 55 גרם,"אסם תעשיות בע""מ",IL,מנה חמה פסטה מוקרמת,גרמים,55.00,100 גרם,false,,6.90,0.1255,true,1,68130
7290000065557,false,אוסם - מנה חמה קוסקוס עם ירקות 84 גרם,"אסם תעשיות מזון בע""מ",IL,מנה חמה קוסקוס וירקו,גרמים,84.00,100 גרם,false,,6.90,0.0821,true,1,22389
7290000065977,false,אסם חטיפי פריכונים תירס שומשום 80 גרם,"מיוצר ע""י פרח, משווק",IL,חטיפי פריכונים תירס,גרמים,80.00,100 גרם,false,,8.90,0.1113,true,1,22395
7290000066134,false,ביסלי חטיף בטעם פלאפל אסם 70 גרם,"אסם תעשיות בע""מ",IL,ביסלי פלאפל 70גרם,גרמים,70.00,100 גרם,false,,4.90,0.0700,true,1,22396
7290000066141,false,ביסלי חטיף בטעם גריל אסם 70 גרם,"אסם תעשיות בע""מ",IL,ביסלי גריל 70 גר'.,גרמים,70.00,100 גרם,false,,4.90,0.0700,true,1,22397
7290000066196,false,ביסלי חטיף בטעם גריל אסם 200 גרם,מיוצר עי קונדיטוריית,IL,ביסלי גריל 200גרם,גרמים,200.00,100 גרם,false,,7.90,0.0395,true,1,22402
7290000066295,false,במבה מתוקה מחומרים טבעיים 30 גרם,מיוצר עי קונדיטוריית,IL,במבה מתוקה מחומרים ט,גרמים,30.00,100 גרם,false,,2.90,0.0967,true,1,22407
7290000066318,false,במבה חטיף בוטנים אסם 80 גרם,"אסם תעשיות בע""מ",IL,במבה קלאסי 80 גרם,גרמים,80.00,100 גרם,false,,4.90,0.0613,true,1,22409
7290000066332,false,אפרופו חטיף תירס אסם 50 גרם,מיוצר עי קונדיטוריית,IL,אפרופו 50 גרם,גרמים,50.00,100 גרם,false,,5.90,0.1180,true,1,22410
7290000066431,false,פופקו חטיף פופקורן בטעם חמאה ודבש אסם 80 גרם,מיוצר עי קונדיטוריית,IL,פופקו חמאה ודבש 80גר,גרמים,80.00,100 גרם,false,,5.90,0.0738,true,1,22412
7290000067544,false,פירורית זהב פירורי לחם אסם 200 גרם,עינת תעשיות מזון אגו,IL,אסם פירורית פירורי ל,גרמים,200.00,100 גרם,false,,7.90,0.0395,true,1,22420
7290000067599,false,מנה חמה ספגטי ברוטב בולונז אסם 65 גרם,"אסם תעשיות בע""מ",IL,מנה חמה ספגטי בולונז,גרמים,65.00,100 גרם,false,,6.90,0.1062,true,1,22424
7290000068138,false,אינסטנט פודינג בטעם וניל אסם 80 גרם,מיוצר עי קונדיטוריית,IL,אסם פודינג אינסטנט ו,גרמים,80.00,100 גרם,false,,6.50,0.0813,true,1,22430
7290000068190,false,אסם ג'לי תות שדה צבעים טבעיים 90 גרם,מיוצר עי קונדיטוריית,IL,אסם ג'לי תות שדה צבע,גרמים,90.00,100 גרם,false,,7.90,0.0878,true,1,22434
7290000068343,false,אוסם - פירכונים מאורז מלא 140 גרם,"מיוצר ע""י PT, משווק",IL,פריכונים מאורז מלא א,גרמים,140.00,100 גרם,false,,9.50,0.0679,true,1,22440
7290000068585,false,גד גאודה עיזים משולש,,,גאודה עיזים גלגל גד,קילוגרמים,1.00,"ק""ג",true,,130.00,130.0000,true,1,16684
7290000068770,false,במבה יום הולדת חטיף בוטנים אסם 80 גרם,"אסם תעשיות בע""מ",IL,במבה יום הולדת 80גרם,גרמים,80.00,100 גרם,false,,4.90,0.0613,true,1,22442
7290000069258,false,פסטה פרפקטו פנה ריגאטה 500 ג' אסם,קריות זול,IT,פנה ריגאטה פרפקטו 50,גרמים,500.00,100 גרם,false,,7.90,0.0158,true,1,22449
7290000069609,false,אסם חטיפי קרקר זעתר 300 גרם,"אסם תעשיות בע""מ",IL,אסם חטיפי קרקר זעתר,גרמים,300.00,100 גרם,false,,13.90,0.0463,true,1,22454
7290000070308,false,אבקת מרק עוף אמיתי בשרי אסם 400 גרם,"אסם תעשיות בע""מ",IL,מרק עוף אמיתי אסם 40,גרמים,400.00,100 גרם,false,,26.90,0.0672,true,1,22461
7290000070919,false,בייגלה אסם רשתות עם מלח 400 ג',מיוצר עי קונדיטוריית,IL,בייגלה אסם רשתות מלח,גרמים,400.00,100 גרם,false,,15.90,0.0398,true,1,118421
7290000071008,false,אוסם - בייגלה שטוחים מלח 60 גרם,"אסם תעשיות בע""מ",IL,בייגלה אסם שטוחים מל,גרמים,60.00,100 גרם,false,,3.90,0.0650,true,1,22475
7290000072067,false,במבה חטיף בוטנים במילוי קרם חלבה 60 גרם,מיוצר עי קונדיטוריית,IL,במבה במילוי קרם חלבה,גרמים,60.00,100 גרם,false,,4.90,0.0817,true,1,22478
7290000072623,false,קטשופ אסם בקבוק לחיץ 750 גרם,"אסם תעשיות בע""מ",IL,אסם קטשופ בקבוק לחיץ,גרמים,750.00,100 גרם,false,,12.50,0.0167,true,1,22484
7290000072753,false,קפה נמס מגורען טסטרס צ'ויס 200 גרם-,נסטלה קוריאה - קפה,IL,נס קפה טייסטרס צ'ויס,גרמים,200.00,100 גרם,false,,33.90,0.1695,true,1,22487
7290000072777,false,קפה נמס מגורען נטול קפאין טסטרס צ'ויס 200 גרם,נסטלה קוריאה - קפה,IL,טייסטרס צוייס נטול ק,גרמים,200.00,100 גרם,false,,42.90,0.2145,true,1,22489
7290000072784,false,קפה טייסטר צויס נטול קופאין 100 גר',נסטלה קוריאה - קפה,KR,טייסטרס צוייס נטול ק,גרמים,100.00,100 גרם,false,,31.90,0.3190,true,1,22490
7290000072968,false,דגנים סיני מיניס מלחמת הכוכבים 500 גרם,נסטלה פולין דגני בוק,PL,סיני מיניס דגני נסטל,יחידה,500.00,יחידה,false,,28.90,0.0578,true,1,22495
7290000073125,false,מנה חמה פסטה ברוטב עגבניות אסם 62 גרם,"אסם תעשיות בע""מ",IL,מנה חמה פסטה עם עגבנ,גרמים,62.00,100 גרם,false,,6.90,0.1113,true,1,68146
7290000073750,false,מנה חמה נודלס אטר+ירקות טעם עוף 70 גרם,טאי רזידנט,TH,מנה חמה נודלס בטעם ע,גרמים,70.00,100 גרם,false,,6.90,0.0986,true,1,68148
7290000074153,false,ביסקוויט פתי בר שוקולד אסם 500 גרם,מיוצר עי קונדיטוריית,IL,אסם פתי בר שוקו 500ג,גרמים,500.00,100 גרם,false,,15.50,0.0310,true,1,22506
7290000074184,false,ביסקוויט פתי בר אסם 500 גרם,"אסם תעשיות בע""מ",IL,אסם פתי בר 500גרם.,גרמים,500.00,100 גרם,false,,12.00,0.0240,true,1,22508
7290000074245,false,אוסם - קרם קרקר אסם 250 גרם,"אסם תעשיות בע""מ",IL,אסם קרם קרקר 250גרם,גרמים,250.00,100 גרם,false,,11.90,0.0476,true,1,22509
7290000074276,false,קרקר פיקנטי טבעון 250 ג' אסם,"אסם תעשיות בע""מ",IL,טבעון קרקר פיקנטי 25,גרמים,250.00,100 גרם,false,,11.90,0.0476,true,1,22511
7290000074375,false,אוסם - קרקר זהב 150 גרם,"אסם תעשיות בע""מ",IL,אסם קרקר זהב 150גרם,גרמים,150.00,100 גרם,false,,8.90,0.0593,true,1,22514
7290000075204,false,אוסם - לחמית חיטה מלאה 250 גרם,"אסם תעשיות בע""מ",IL,לחמית חיטה מלאה 250ג,גרמים,250.00,100 גרם,false,,9.90,0.0396,true,1,22525
7290000075693,false,עוגת הבית שמרים בריוש שוקולד אסם 360 גרם,מיוצר עי קונדיטוריית,IL,עוגת שמרים בריוש שוק,גרמים,360.00,100 גרם,false,,18.90,0.0525,true,1,118429
7290000075778,false,עוגיות קוקיס שוקולד,בונז'ור,,עוגיות קוקיס שוקולד,קילוגרמים,1.00,"ק""ג",true,,49.00,49.0000,true,1,69145
7290000075785,false,עוגיות קוקיס שוקו שו,,,עוגיות קוקיס שוקו שו,קילוגרמים,1.00,"ק""ג",true,,49.00,49.0000,true,1,69146
7290000076126,false,אוסם - בייגלה שמיניות קטנות 80 גרם,"אסם תעשיות בע""מ",IL,אסם בייגלה שמיניות ק,גרמים,80.00,100 גרם,false,,3.90,0.0487,true,1,22528
7290000076133,false,בייגלה שמיניות עם מלח אסם 400 גרם,"אסם תעשיות בע""מ",IL,בייגלה אסם שמיניות ק,גרמים,400.00,100 גרם,false,,12.90,0.0323,true,1,22529
7290000076645,false,טוסטעים פת קלויה חיטה מלאה אסם 100 גרם,ון דר מולן האלום,NL,טוסטעים חיטה מלאה אס,גרמים,100.00,100 גרם,false,,11.90,0.1190,true,1,22531
7290000078212,false,קרוטונים מתובלים למרק אסם 250 גרם,עינת תעשיות מזון אגו,IL,קרוטונים מתובלים אסם,גרמים,250.00,100 גרם,false,,16.90,0.0676,true,1,68158
7290000078762,false,אוסם - חטיפי פריכונים מאורז מלא בטעם דבש 80גר,סנורייס בלגיום אן. ו,BE,חטיפי פריכונים אורז,גרמים,80.00,100 גרם,false,,8.90,0.1113,true,1,22538
7290000079233,false,קרם קרקר דיאטטי דל נתרן 250 גרם,"אסם תעשיות בע""מ",IL,אסם קרם קרקר דל נתרן,גרמים,250.00,100 גרם,false,,11.90,0.0476,true,1,68159
7290000080765,false,טוסטעים פת קלויה עם שומשום אסם 100 גרם,ון דר מולן האלום,NL,טוסטעים פת קלויה עם,גרמים,100.00,100 גרם,false,,11.90,0.1190,true,1,22542
7290000081663,false,בייגלה טבעות שומשום אסם 300 גרם,מיוצר עי קונדיטוריית,IL,בייגלה אסם טבעות שומ,גרמים,300.00,100 גרם,false,,12.90,0.0430,true,1,22544
7290000085180,false,גטניו פתי בר וניל 470 גרם,"אחים גטניו בע""מ",IL,גטניו - פתיבר וניל 4,גרמים,470.00,100 גרם,false,,9.90,0.0211,true,1,120102
7290000095422,false,גבינת נועם 22% חריץ,,,גבינת נועם 22% חריץ,קילוגרמים,1.00,"ק""ג",true,,42.58,42.5800,true,1,8307
7290000100128,false,פירות קפואים תות סנפרוסט 300 ג',"סנפרוסט בע""מ",IL,סדרת פירות קפואים-תו,גרמים,300.00,100 גרם,false,,19.90,0.0663,true,1,125057
7290000101132,false,לקט קטניות לחמין סנפרוסט 800 גר,"סנפרוסט בע""מ",IL,לקט קטניות לחמין 800,גרמים,800.00,100 גרם,false,,20.90,0.0261,true,1,28088
7290000101927,false,אוכמניות כחולות מוקפאות סנפרוסט 300 גרם,"איי, בי, אינבוו",IL,אוכמניות כחולות מוקפ,גרמים,300.00,100 גרם,false,,19.90,0.0663,true,1,78846
7290000101934,false,מיקס פירות יער מוקפאות 300 ג' סנפרוסט,"איי, בי, אינבוו",IL,מיקס פירות יער 300 ג,גרמים,300.00,100 גרם,false,,19.90,0.0663,true,1,78847
7290000101941,false,אננס חתוך מוקפא סנפרוסט 300ג',"איי, בי, אינבוו",IL,אננס מוקפא 300 גרם,גרמים,300.00,100 גרם,false,,19.90,0.0663,true,1,384475
7290000101958,false,מנגו חתוך מוקפא סנפרוסט 300ג',"איי, בי, אינבוו",IL,מנגו מוקפא 300 גרם,גרמים,300.00,100 גרם,false,,19.90,0.0663,true,1,78848
7290000103365,false,מרק ירקות עשיר סנפרוסט 550 גרם,"איי, בי, אינבוו",IL,סנפרוסט מרק ירקות 50,גרמים,500.00,100 גרם,false,,20.90,0.0418,true,1,28092
7290000103839,false,מרק כתום עשיר בירקות סנפרוסט 570 גרם,"סנפרוסט בע""מ",IL,סנפרוסט מרק כתום קפו,גרמים,572.00,100 גרם,false,,20.90,0.0365,true,1,28126
7290000103877,false,מרק שעועית עשיר בירקות סנפרוסט 640 גרם,"סנפרוסט בע""מ",IL,סנפרוסט מרק שעועית ק,גרמים,644.00,100 גרם,false,,20.90,0.0325,true,1,28129
7290000104218,false,סנפרוסט במיה 600 גרם,"איי, בי, אינבוו",IL,סנפרוסט במיה 600גר,גרמים,600.00,100 גרם,false,,18.90,0.0315,true,1,28137
7290000104676,false,אפונה קפואה סנפרוסט 800 גרם,"איי, בי, אינבוו",IL,אפונת גינה סנפרוסט 8,גרמים,800.00,100 גרם,false,,20.90,0.0261,true,1,28140
7290000104690,false,תירס גרעינים 800 גרם סנפרוסט,"איי, בי, אינבוו",IL,תירס גרעינים 800גר,גרמים,800.00,100 גרם,false,,20.90,0.0261,true,1,28142
7290000104713,false,פול ירוק סנפרוסט 800 גרם,"איי, בי, אינבוו",IL,פול ירוק 800גר,גרמים,800.00,100 גרם,false,,26.90,0.0336,true,1,28144
7290000104775,false,תרד מדליונים סנפרוסט 800 גרם,"איי, בי, אינבוו",IL,תרד מדליונים 800גר,גרמים,800.00,100 גרם,false,,29.90,0.0374,true,1,28150
7290000104805,false,גרגירי חומוס מבושלים סנפרוסט 800 גרם,"איי, בי, אינבוו",IL,גרגירי חומוס קפוא 80,גרמים,800.00,100 גרם,false,,22.90,0.0286,true,1,28152
7290000104829,false,"קלחוני תירס סנפרוסט 1 ק""ג","איי, בי, אינבוו",IL,"קלחוני תירס 1 ק""ג",קילוגרמים,1.00,"ק""ג",false,,20.90,20.9000,true,1,28153
7290000104874,false,ירקות לקוסקוס של אמא סנפרוסט 800ג',"סנפרוסט בע""מ",IL,לקט קוסקוס 800גר,גרמים,800.00,100 גרם,false,,26.90,0.0336,true,1,28156
7290000104881,false,לקט אפונה וגזר סנפרוסט 800 גרם,"איי, בי, אינבוו",IL,אפונה וגזר 800 גרם ס,גרמים,800.00,100 גרם,false,,18.90,0.0236,true,1,28157
7290000106526,false,חגיגה ירוקה להקפצה סנפרוסט 800 גר,"איי, בי, אינבוו",IL,סנפרוסט חגיגה ירוקה,גרמים,800.00,100 גרם,false,,28.90,0.0361,true,1,143812
7290000107165,false,חטיף פולי סויה סנפרוסט 400 גרם,"איי, בי, אינבוו",IL,פולי סויה אדממה קפוא,גרמים,400.00,100 גרם,false,,15.90,0.0398,true,1,28163
7290000107189,false,תחתיות ארטישוק סנפרוסט 400 גרם,"איי, בי, אינבוו",IL,תחתיות ארטישוק 400גר,גרמים,400.00,100 גרם,false,,26.90,0.0672,true,1,28164
7290000107295,false,תפרחות ברוקולי סנפרוסט 800 גרם,"איי, בי, אינבוו",IL,תפרחות ברוקולי 800ג,גרמים,800.00,100 גרם,false,,30.90,0.0386,true,1,28165
7290000111063,false,מיונז אמיתי תלמה 250 ג',יוניליוור ישראל מזון,IL,מיונז אמיתי 250 ג צנ,גרמים,250.00,100 גרם,false,,8.90,0.0356,true,1,12433
7290000111186,false,מיונז תלמה 500 גרם-צנצנת,יוניליוור ישראל מזון,IL,מיונז אמיתי תלמה 500,גרמים,500.00,100 גרם,false,,10.90,0.0218,true,1,12436
7290000111384,false,חרדל אמיתי בצנצנת 550 ג' תלמה,יוניליוור ישראל מזו,IL,חרדל אמיתי תלמה 550,גרמים,550.00,100 גרם,false,,9.10,0.0165,true,1,12440
7290000112220,false,טחינה גולמית שומשום טהור בארכה 500 גרם,רושדי תעשיות מזון בע,IL,בארכה טחינה 100% שומ,גרמים,500.00,100 גרם,false,,15.90,0.0318,true,1,22545
7290000112497,false,מרק עשיר עוף אטריות קנור 75 גרם - שקיות,יוניליוור ישראל מזון,IL,מרק עשיר עוף עם אטרי,גרמים,68.00,100 גרם,false,,10.90,0.1603,true,1,12442
7290000116204,false,"אבקת מרק דגש בטעם עוף 1ק""ג קנור",יוניליוור ישראל מזון,IL,מרק דגש עוף קנור 1 ק,קילוגרמים,1.00,"ק""ג",false,,17.90,17.9000,true,1,12457
7290000116945,false,"רוטב סויה קלאסי קנור 300 מ""ל",יוניליוור ישראל מזון,IL,רוטב סויה קנור 300מל,מיליליטרים,300.00,"100 מ""ל",false,,14.90,0.0497,true,1,12460
7290000117720,false,קנור - נמס בכוס זוג פטריות 21.50 גרם * 2,יוניליוור ישראל מזון,IL,מרק נמס בכוס פטריות,גרמים,43.00,100 גרם,false,,7.90,0.1837,true,1,12466
7290000118352,false,לטקס תפוחי אדמה קנור 2*85 גרם,יוניליוור ישראל מזון,IL,קנור לטקס 2*85 גרם,גרמים,170.00,100 גרם,false,,13.90,0.0818,true,1,12472
7290000120836,false,"מיונז אמיתי 394 גרם ""הלמנס""",קונפקו אינק' די.בי.א,CA,מיונז הלמנס 394 גרם,גרמים,394.00,100 גרם,false,,14.90,0.0378,true,1,12477
7290000120874,false,מיונז הלמנס לייט מופחת קלוריות 424ג,"יונילוור ארה""ב - HPC",US,מיונז הלמנס לייט 424,גרמים,424.00,100 גרם,false,,14.90,0.0351,true,1,12478
7290000121239,false,מיוקל 5% שומן ללא כולסטרול תלמה 500ג',יוניליוור ישראל מזון,IL,מיוקל 5% מופחת שומן,גרמים,500.00,100 גרם,false,,15.90,0.0318,true,1,12479
7290000125251,false,בדין שמפו לכביסה עדינה 2 ליטר,"זוהר דליה, קיבוץ דלי",IL,בדין שמפו לכביסה עדי,ליטרים,2.00,ליטר,false,,28.90,14.4500,true,1,12498
7290000129457,false,אבקת רוטב פטריות קנור 28 ג' שקית,יוניליוור ישראל מזון,IL,רוטב פטריות 28גר,גרמים,28.00,100 גרם,false,,5.50,0.1964,true,1,12506
7290000134833,false,תבלין כמון טחון 100 גר',"תבליני טעם וריח בע""מ",IL,טעם וריח ת.כמון במיכ,גרמים,100.00,100 גרם,false,,12.80,0.1280,true,1,50898
7290000134970,false,חוואיג' 100 גרם מיכל גדול,"תבליני טעם וריח בע""מ",IL,תבלין חוואייג טעם ור,גרמים,100.00,100 גרם,false,,11.90,0.1190,true,1,50903
7290000135045,false,"XL TEN משקה אנרגיה פתוח ללא סוכר 250 מ""ל","טמפו משקאות בע""מ",IL,אקס אל TEN פחית תפוח,מיליליטרים,250.00,"100 מ""ל",false,,4.90,0.0196,true,1,141223
7290000135052,false,"XL TEN משקה אנרגיה מנגו ללא סוכר 250 מ""ל","טמפו משקאות בע""מ",IL,אקס אל TEN פחית מנגו,מיליליטרים,250.00,"100 מ""ל",false,,4.90,0.0196,true,1,141224
7290000135151,false,"טמפו סודה למון ליים בקבוק 250 מ""ל",טמפו משקאות בעמ,IL,סודה נגיעות לימון 27,מיליליטרים,275.00,"100 מ""ל",false,,3.50,0.0127,true,1,279589
7290000136158,false,פפסי מקס משקה מוגז דל קלוריות בטעם קולה,פפסי Pepsi,IL,פפסי מקס 1.5 ליטר,ליטרים,1.50,ליטר,false,,8.50,5.6667,true,1,372179
7290000136165,false,טמפו מירינדה 1.5 ליטר,מירינדה Mirinda,IL,מירינדה 1.5 ליטר,ליטרים,1.50,ליטר,false,,8.50,5.6667,true,1,372113
7290000136189,false,דיאט סבן אפ 1.5 ליטר FREE,סבן אפ 7up,IL,סבן אפ דיאט 1.5 ליטר,ליטרים,1.50,ליטר,false,,8.50,5.6667,true,1,372097
7290000136288,false,"סירופ בטעם תפוחים ג'ויסר סיידר הגליל 330 מ""ל",סיידר הגליל,IL,סיידר הגליל JUICER ס,מיליליטרים,330.00,"100 מ""ל",false,,13.60,0.0412,true,1,458635
7290000136646,false,בירה נשר מאלט ללא אלכוהול 1.5 ליטר,טמפו 7.5%,IL,נשר מאלט 1.5 ליטר,ליטרים,1.50,ליטר,false,,9.90,6.6000,true,1,371754
7290000136653,false,דיאט נשר מאלט ללא אלכוהול 1.5 ליטר,טמפו 7.5%,IL,נשר מאלט דיאט 1.5 לי,ליטרים,1.50,ליטר,false,,9.90,6.6000,true,1,371755
7290000136776,false,שישיית פפסי מקס דל קלוריות 1.5 ליטר,פפסי Pepsi,IL,פפסי מקס 6*1.5 ליטר,ליטרים,9.00,ליטר,false,,42.90,4.7667,true,1,372180
7290000136837,false,גזוז בנגיעות טעם אפרסק - מארז רביעייה,טמפו 7.5%,IL,טמפו סודה אפרסק 1.5,ליטרים,6.00,ליטר,false,,13.50,2.2500,true,1,372066
7290000136844,false,מארז מים מזוככים אקווה נובה שישיית 2 ליטר,אקווה נובה Aqua Nova,IL,אקווה נובה 6*2 ליטר,ליטרים,12.00,ליטר,false,,12.90,1.0750,true,1,371798
7290000136868,false,סאן בנדטו - מים מינרלים - מארז שישיית 1.5 ליטר,סאן בנדטו San Benedetto,IL,מים סאן בנדטו 6* 1.5,ליטרים,9.00,ליטר,false,,20.70,2.3000,true,1,371830
7290000136875,false,מארז מים מינרלים מוגז 6* 1.5 ל' סאן בנדטו,סאן בנדטו San Benedetto,IL,סאן בנדטו מים מינרלי,ליטרים,9.00,ליטר,false,,20.90,2.3222,true,1,371912
7290000136936,false,סבן אפ דיאט בקבוק 1.,טמפו,IL,סבן אפ דיאט 1.5 ליטר,ליטרים,1.50,ליטר,false,,8.10,5.4000,true,1,372115
7290000139180,false,שלווה חיטה מלאה תפוחה אשבול 140 גרם,אשבל מזון פונקציונלי,IL,שלווה נטו חיטה תפוחה,גרמים,140.00,100 גרם,false,,9.90,0.0707,true,1,116701
7290000141848,false,מחלבת פנחס גבינה בול,,,מחלבת פנחס גבינה בול,קילוגרמים,1.00,"ק""ג",true,,79.00,79.0000,true,1,18779
7290000144467,false,שמן חמניות מועשר בנוגדי חמצון 1 ל' עץ הזית,"נארז ע""י : א.ג. גילר",GR,שמן חמניות בריאות מה,ליטרים,1.00,ליטר,false,,18.40,18.4000,true,1,32770
7290000144474,false,שמן עץ הזית קנולה 1 ליטר בריאות מהטבע,שמן תעשיות,EE,שמן קנולה בריאות עץ,ליטרים,1.00,ליטר,false,,18.40,18.4000,true,1,32771
7290000148380,false,פיסטוקים קלויים קליית גת 200 גרם,"ג'י אנד ג'י בע""מ",IL,פיסטוק קלוי 200 גרם,גרמים,200.00,100 גרם,false,,21.90,0.1095,true,1,15196
7290000148748,false,קליית גת גרעיני חמניה קלויים ומומלחים200,"ג'י אנד ג'י בע""מ",IL,גרעיני חמניה 200 גרם,גרמים,200.00,100 גרם,false,,7.90,0.0395,true,1,15199
7290000148939,false,שקדים קלויים 200 גרם קליית גת,"ג'י אנד ג'י בע""מ",IL,שקדים קלויים 200 גרם,גרמים,200.00,100 גרם,false,,21.90,0.1095,true,1,15200
7290000149851,false,סבון לניקוי והסרת כתמים סינטבון 460 גרם,יבואן ומשווק: ש. שסט,IL,סינטבון כפול 460גר,גרמים,460.00,100 גרם,false,,11.90,0.0259,true,1,33039
7290000149905,false,טקסטיל נוזל לכביסה עדינה נקה 1 ליטר,מיוצר עי קונדיטוריית,IL,טקסטיל שמפו-1 ליטר נ,ליטרים,1.00,ליטר,false,,15.90,15.9000,true,1,33040
7290000150956,false,עוף טוב מקלוני קבנוס 160 גרם,מוצרי עוף טוב (2001),IL,עוף טוב מקלוני קבנוס,גרמים,160.00,100 גרם,false,,13.90,0.0869,true,1,23294
7290000152943,false,מארז פסטרמה כפרית וסלמי כפרי עוף טוב 2*350 גרם,מולינו ניקולי s.p.a,IL,עוף טוב סלמי פסטרמה,גרמים,700.00,100 גרם,false,,31.90,0.0456,true,1,23312
7290000169538,false,"נמס בכוס עגבניות וקרוטונים מרק כשרות בד""ץ 62 ג' קנור",יוניליוור ישראל מזון,IL,נמס בכוס עגבניות וקר,גרמים,62.00,100 גרם,false,,7.90,0.1274,true,1,12633
7290000174723,false,שוקולית אבקה להכנת משקה שוקו 500 גרם,הנסיך- מפעל לייצור ט,IL,שוקולית 500 גרם,גרמים,500.00,100 גרם,false,,14.90,0.0298,true,1,25311
7290000176079,false,קפה עלית טורקי עם הל 100 גרם,הנסיך- מפעל לייצור ט,IL,טורקי עלית קפה עם הל,גרמים,100.00,100 גרם,false,,10.90,0.1090,true,1,25314
7290000176413,false,קפה נמס אבקתי 50 ג' עלית,הנסיך- מפעל לייצור ט,IL,עלית נמס 50 גר',גרמים,50.00,100 גרם,false,,10.90,0.2180,true,1,25319
7290000176420,false,קפה נמס אבקתי 200ג עלית,שטראוס קפה בי.וי,IL,קפה נמס עלית פחית 20,גרמים,200.00,100 גרם,false,,22.90,0.1145,true,1,25320
7290000178707,false,תפוצ'יפס בטעם טבעי 50 גרם,"שטראוס פריטו ליי בע""",IL,תפוציפס טבעי 50 גרם,גרמים,50.00,100 גרם,false,,4.90,0.0980,true,1,26614
7290000178721,false,תפוצ'יפס בטעם טבעי 200 גרם,"שטראוס פריטו ליי בע""",IL,תפוציפס טבעי 200 גרם,גרמים,200.00,100 גרם,false,,10.90,0.0545,true,1,26616
7290000185590,false,סילאן טבעי בבקבוק לחיץ 650 גרם,חצר כינרת מוצרי תמר,IL,סילאן 100% תמרים טבע,גרמים,635.00,100 גרם,false,,21.90,0.0345,true,1,499960
7290000186535,false,נייר טואלט טריו לבן 32 גלילים לילי,קימברלי קלארק ישראל,IL,לילי נייר טואלט טריו,מטרים,537.00,מטר,false,,47.90,0.0892,true,1,10881
7290000187921,false,נייר טואלט לבן 32 גלילים לילי,קימברלי קלארק ישראל,IL,"נייר טואלט ""לילי"" לב",מטרים,588.00,מטר,false,,42.90,0.0730,true,1,10892
7290000187938,false,לילי - נייר טואולט נייר טואלט פסטל 32 יח',קימברלי קלארק,IL,"נייר טואלט ""לילי"" פס",מטרים,588.00,מטר,false,,41.90,0.0713,true,1,10893
7290000188270,false,ממחטות אף אולטרה סופט קלינקס 2*80 יחידות,חוגלה קימברלי,,קליניקס ממחטות אף או,יחידה,0.00,יחידה,false,,19.90,0.0000,true,1,10897
7290000188355,false,מגבות מטבח ניקול לבנה שישייה,קימברלי-קלארק,IL,מגבות מטבח ניקול לבנ,מטרים,64.80,מטר,false,,12.90,0.1991,true,1,79569
7290000189277,false,תבניות מלבניות עמוקות עבות 3יחידות ניקול,ניקול,CN,ניקול תבניות מלבניות,יחידה,0.00,יחידה,false,,13.90,0.0000,true,1,10919
7290000189550,false,שקיות אשפה מתכלות עם שרוך 78*90 ניקול 20 יחידות,קריות זול,IL,אשפתון זוג ענק 20,יחידה,0.00,יחידה,false,,30.90,0.0000,true,1,10926
7290000189598,false,מטליות לחות חד פעמיות לניקוי כללי 50 יח' ניקול,עלבד משואות יצחק בעמ,IL,מטליות לחות חד פעמיו,יחידה,0.00,יחידה,false,,14.90,0.0000,true,1,10927
7290000189734,false,מטליות לחות לניקוי פרקט ניקול 10 יחידות,עלבד משואות יצחק בעמ,IL,ניקול מטליות לחות לפ,יחידה,0.00,יחידה,false,,21.90,0.0000,true,1,10932
7290000189871,false,שקיות אשפה עם שרוך 52*64 ניקול 55 יחידות,"אשפלסט תעשיות בע""מ",IL,אשפתון 55 שקיות,יחידה,0.00,יחידה,false,,24.90,0.0000,true,1,10935
7290000190150,false,מפיות נייר תלת שכבתיות ניקול 20 יחידות,קריות זול,SI,מפיות תלת שכבתיות ני,יחידה,0.00,יחידה,false,,8.90,0.0000,true,1,10939
7290000191539,false,ממחטות טישו לילי צבעוני חמישיה,חוגלה קימברלי,IL,לילי צבעוני חמישיה-9,יחידה,0.00,יחידה,false,,14.90,0.0000,true,1,10959
7290000191652,false,קלינקס ממחטות טישו אולטרא סופט מארז 90X3יח',חוגלה קימברלי,IL,קלינקס קלאסיק ניילון,יחידה,0.00,יחידה,false,,13.90,0.0000,true,1,10964
7290000192581,false,מגבת נייר גליל כפול ניקול 12=6 גליל,חוגלה קימברלי,IL,מגבת כפולה ניקול 6=1,מטרים,129.70,מטר,false,,21.90,0.1689,true,1,125511
7290000195216,false,נייר אפייה בשקית ניקול 50 יחידות,ניקול,IL,ניקול נייר אפייה בשק,יחידה,0.00,יחידה,false,,12.90,0.0000,true,1,10994
7290000195537,false,האגיס - מגבוני האגיס דיילי קר לא מבושם 64 יח' * 4,חוגלה קימברלי,IL,מגבוני האגיס דיילי ק,יחידה,0.00,יחידה,false,,19.90,0.0000,true,1,11001
7290000195773,false,האגיס - מגבוני האגיס סנסטיב קר לא מבושם 64 יח' * 4,חוגלה קימברלי,IL,מגבוני האגיס סנסטיב,יחידה,0.00,יחידה,false,,19.90,0.0000,true,1,11005
7290000197326,false,רדיד אלומניום ניקול זוגי 30X7.5מ',קריות זול,IL,ניקול רדיד אלומיניום,מטרים,15.00,מטר,false,,13.90,0.9267,true,1,11023
7290000197432,false,שקיות אוכל סנדביצ'ון ניקול מארז 150X2יח',"אשפלסט תעשיות בע""מ",IL,ניקול שקיות אוכל זוג,יחידה,0.00,יחידה,false,,14.90,0.0000,true,1,11028
7290000197470,false,שקיות רב שימושיות מתכלות ניקול 250 יחידות,"אשפלסט תעשיות בע""מ",IL,"ניקול שקיות רב""ש 250",יחידה,0.00,יחידה,false,,15.90,0.0000,true,1,11032
7290000197654,false,שקיות אשפה ענקיות נשלפות 75*90 ניקול 50 יחידות,"אשפלסט תעשיות בע""מ",IL,אשפתון שקיות אשפה ענ,יחידה,0.00,יחידה,false,,22.90,0.0000,true,1,11036
7290000197876,false,תבניות אלומיניום קטנות עם מכסה ניקול 4 יחידות,פאלאס,CN,ניקול תבנית אלומיניו,יחידה,0.00,יחידה,false,,10.90,0.0000,true,1,11040
7290000197883,false,תבניות אלומיניום גדולות ניקול 5 יחידות,ארץ ייצור: סין,CN,ניקול תבניות אלומיני,יחידה,0.00,יחידה,false,,10.90,0.0000,true,1,11041
7290000197982,false,"רדיד אלומיניום עבה 45 ס""מ רוחב ניקול 2 יח' 7.5 מטר",ניקול,IL,ניקול רדיד אלומיניום,מטרים,15.00,מטר,false,,22.90,1.5267,true,1,11043
7290000204215,false,כריות יפניות ניקול 6 יחידות,פלסטו פוליש (ברקן),IL,ניקול כריות יפניות 6,יחידה,0.00,יחידה,false,,13.90,0.0000,true,1,11080
7290000207063,false,רסק עגבניות פריכוז 28% 240 גרם יכין,היינץ צפון אמריקה מק,IL,רוטב עגבניות פריכוז,גרמים,240.00,100 גרם,false,,4.90,0.0204,true,1,10624
7290000208022,false,עגבניות 2.5 A מרוסקות 850 גרם יכין,"זנלכל בע""מ",IL,עגבניות מרוסקות יכין,גרמים,800.00,100 גרם,false,,10.90,0.0136,true,1,10631
7290000208114,false,"אפונה וגזר יכין A2 פ""ק בית יוסף","זנלכל בע""מ",IL,אפונת גינה וגזר יכין,גרמים,330.00,100 גרם,false,,9.90,0.0300,true,1,10636
7290000208145,false,גרעיני תירס מתוק לייט 550 גרם יכין,"זנלכל בע""מ",IL,גרעיני תירס לייט יכי,גרמים,335.00,100 גרם,false,,9.90,0.0296,true,1,10639
7290000208213,false,שעועית לבנה אפויה A2 ברוטב עגבניות יכין 560ג',היינץ צפון אמריקה מק,IL,שעועית לבנה ברוטב עג,גרמים,355.00,100 גרם,false,,9.90,0.0279,true,1,10641
7290000208312,false,גרעיני תירס מתוק בואקום יכין 400 גר',"זנלכל בע""מ",IL,גרעיני תירס מתוק יכי,גרמים,400.00,100 גרם,false,,7.90,0.0198,true,1,10646
7290000208329,false,גרעיני תירס מתוק 550 גרם יכין,"זנלכל בע""מ",IL,גרעיני תירס מתוק יכי,גרמים,335.00,100 גרם,false,,9.90,0.0296,true,1,10647
7290000208336,false,רסק יכין 240גר 22% יכין בית יוסף,"זנלכל בע""מ",IL,רוטב עגבניות יכין 24,גרמים,240.00,100 גרם,false,,5.50,0.0229,true,1,10648
7290000208404,false,A2 פול מצרי 550 גרם יכין,"זנלכל בע""מ",IL,פול מצרי יכין 550 גר,גרמים,350.00,100 גרם,false,,8.90,0.0254,true,1,10652
7290000208428,false,גרגרי חומוס שלם 550 גרם יכין,"זנלכל בע""מ",IL,חומוס שלם יכין 550 ג,גרמים,290.00,100 גרם,false,,9.90,0.0341,true,1,10653
7290000208534,false,גרעיני תירס מתוק לילדים 550 גרם יכין,"זנלכל בע""מ",IL,גרעיני תירס קיד מתוק,גרמים,335.00,100 גרם,false,,11.90,0.0355,true,1,10658
7290000208800,false,גרעיני תירס מתוק לילדים 400 גרם יכין,זנלכל,IL,תירס קיד מתוק יכין 4,גרמים,400.00,100 גרם,false,,6.90,0.0173,true,1,10660
7290000208893,false,גרעיני תירס מתוק לייט 400 גרם יכין,היינץ צפון אמריקה מק,IL,תירס לייט יכין 400 ג,גרמים,400.00,100 גרם,false,,6.90,0.0173,true,1,10662
7290000208947,false,עגבניות מרוסקות 260 גרם יכין,היינץ צפון אמריקה מק,IL,עגבניות מרוסקות יכין,יחידה,260.00,יחידה,false,,6.50,0.0250,true,1,10664
7290000208978,false,פריכוז 100 גרם יכין בית יוסף,היינץ צפון אמריקה מק,IL,רוטב עגבניות פריכוז,גרמים,100.00,100 גרם,false,,3.90,0.0390,true,1,10665
7290000209012,false,חומץ 1ליטר יכין הדרים,"זנלכל בע""מ",IL,חומץ הדרים 5% יכין 1,ליטרים,1.00,ליטר,false,,7.90,7.9000,true,1,10667
7290000209371,false,תירס מתוק יכין 200 גרם מארז 3 יח',היינץ צפון אמריקה מק,IL,תירס שלישיה יכין 3*1,גרמים,495.00,100 גרם,false,,15.90,0.0321,true,1,10680
7290000209388,false,תירס מתוק לייט יכין 200 גרם מארז 3 יח',קסקמט,IL,תירס לייט שלישיה יכי,גרמים,420.00,100 גרם,false,,15.90,0.0379,true,1,10681
7290000209722,false,רסק עגבניות 28% פריכוז 580 גרם יכין,"זנלכל בע""מ",IL,רוטב עגבניות מרוכז מ,גרמים,580.00,100 גרם,false,,10.90,0.0188,true,1,10692
7290000210896,false,רוטב לפסטה בולונז 240 גרם יכין,"זנלכל בע""מ",IL,רוטב לפסטה בולונז יכ,גרמים,260.00,100 גרם,false,,6.50,0.0250,true,1,10702
7290000211138,false,סיימן גבינת עיזים הו,,,סיימן גבינת עיזים הו,קילוגרמים,1.00,"ק""ג",true,,189.00,189.0000,true,1,18790
7290000211169,false,"אורז תאילנדי אחד אחד סוגת 1 ק""ג",האי נאם סי או אל.טי.,IL,אורז תאילנדי 1 ק'ג,קילוגרמים,1.00,"ק""ג",false,,8.50,8.5000,true,1,20662
7290000211374,false,"קמח מלא סוגת 1 ק""ג",טחנת קמח דגן-שטיבל,IL,"קמח מלא סוגת 1 ק""ג",קילוגרמים,1.00,"ק""ג",false,,8.90,8.9000,true,1,20664
7290000211442,false,"סוגת אורז פרסי קלאסי שקית 1 ק""ג",האי נאם סי או אל.טי.,IL,סוגת אורז פרסי קלאסי,קילוגרמים,1.00,"ק""ג",false,,12.50,12.5000,true,1,20666
7290000211503,false,סוכר לבן ארוז בשקית,"סוגת תעשיות בע""מ",IL,"סוכר סוגת לבן 1 ק""ג",קילוגרמים,1.00,"ק""ג",false,,4.90,4.9000,true,1,20667
7290000211626,false,"סוגת אורז חיש 1 ק""ג",סוגת תעשיות בעמ,IL,"אורז חיש 1 ק""ג",קילוגרמים,1.00,"ק""ג",false,,12.90,12.9000,true,1,20668
7290000211985,false,"סוגת אורז עגול ריזוטו 1 ק""ג","סוגת תעשיות בע""מ",IL,סוגת אורז עגול 1קג,קילוגרמים,1.00,"ק""ג",false,,9.90,9.9000,true,1,20670
7290000212173,false,וופל טעם שוקולד מנעמים 500 ג',קריות זול,,ופל שוקו מנעמים 500,גרמים,500.00,100 גרם,false,,11.90,0.0238,true,1,68800
7290000212401,false,וופל מצופית מנעמים 400ג',קריות זול,,ופל מצופית מנעמים 40,גרמים,400.00,100 גרם,false,,11.90,0.0298,true,1,27315
7290000238029,false,"בצק עלים צרפתי מרודד מעדנות 1 ק""ג",מיוצר עי קונדיטוריית,IL,"בצק עלים 1ק""ג",קילוגרמים,1.00,"ק""ג",false,,26.90,26.9000,true,1,40263
7290000238036,false,מלווח עגול מעדנות 700 ג',מיוצר עי קונדיטוריית,IL,מעדנות מלווח 700גר,גרמים,700.00,100 גרם,false,,19.90,0.0284,true,1,40264
7290000238173,false,בורקס גבינה מעדנות 800 גרם,מיוצר עי קונדיטוריית,IL,בורקס גבינה מעדנות 8,גרמים,800.00,100 גרם,false,,23.90,0.0299,true,1,40265
7290000238180,false,בורקס תפוחי אדמה מעדנות 800 גרם,מיוצר עי קונדיטוריית,IL,"בורקס תפו""א 800גר",גרמים,800.00,100 גרם,false,,22.90,0.0286,true,1,40266
7290000240541,false,ריבועי בצק עלים מעדנות 800 גרם,מיוצר עי קונדיטוריית,IL,ריבועי בצק בורקס 800,גרמים,800.00,100 גרם,false,,28.90,0.0361,true,1,40268
7290000243566,false,"שמן קנולה בריאות 750 מ""ל",שמן תעשיות,EE,שמן קנולה בריאות עץ,מיליליטרים,750.00,"100 מ""ל",false,,12.90,0.0172,true,1,32778
7290000245294,false,"א.כ. פרסיל סופרא שקית 2.5 ק""ג","הנקל סוד בע""מ",IL,אבקת כביסה פרסיל 2.5,קילוגרמים,2.50,"ק""ג",false,,29.90,11.9600,true,1,39486
7290000245782,false,סוד סופט מרכך כביסה ורוד 4 ליטר,"הנקל סוד בע""מ",IL,מרכך כביסה סוד ורוד,ליטרים,4.00,ליטר,false,,19.90,4.9750,true,1,39497
7290000245799,false,סוד סופט מרכך כביסה כחול 4 ליטר,"הנקל סוד בע""מ",IL,מרכך כביסה סוד כחול,ליטרים,4.00,ליטר,false,,19.90,4.9750,true,1,39498
7290000253220,false,שוקולד צ'יפס חום אופנהיימר 260 גר',אופנהיימר,IL,שוקולד צ'יפס אופנהיי,גרמים,260.00,100 גרם,false,,13.90,0.0535,true,1,16071
7290000255806,false,פילה לברק טרי במגשית,,,לברק פילה טרי במגש,קילוגרמים,1.00,"ק""ג",true,,139.90,139.9000,true,1,456511
7290000255998,false,ברמונדי פילה טרי במג,,,ברמונדי פילה טרי במג,קילוגרמים,1.00,"ק""ג",true,,124.90,124.9000,true,1,456481
7290000263359,false,האגיס - פיור נטורל שלב 1 ניו בורן 40 יח',קימברלי קלארק שיווק,IL,האגיס אקסטרא קייר של,יחידה,0.00,יחידה,false,,34.90,0.0000,true,1,11102
7290000267500,false,קליפות הדר מצופות בשוקולד 200 גרם,"דין שיווק וקלייה בע""",IL,קליפות הדר בציפוי שו,גרמים,200.00,100 גרם,false,,11.90,0.0595,true,1,6538
7290000272467,false,עסיס פטל דיאט סירופ 1 ליטר,בית-השיטה עסיס תעשיו,IL,סירופ דיאט פטל עסיס,ליטרים,1.00,ליטר,false,,16.90,16.9000,true,1,22554
7290000272696,false,עסיס מיץ לימון טבעי משומר 1 ל' אסם,בית-השיטה עסיס תעשיו,IL,מיץ לימון משומר עסיס,ליטרים,1.00,ליטר,false,,12.90,12.9000,true,1,22555
7290000272726,false,חומץ רכיבים רכיבים טבעיים 5% עסיס 1 ליטר,בית השיטה עסיס תעשיו,IL,חומץ טבעי 5% עסיס 1,ליטרים,1.00,ליטר,false,,7.90,7.9000,true,1,22556
7290000286549,false,מטליות לניקוי כללי סנו סושי 9 יחידות,נועם אורים תעשיות בע,IL,סנו סושי מטליות לכל,יחידה,0.00,יחידה,false,,12.90,0.0000,true,1,33052
7290000287409,false,"שלישיית סנובון תות לאסלה ""סנו""",סנו מפעלי ברונוס בעמ,IL,סנובון שלישיה תות 3*,גרמים,165.00,100 גרם,false,,12.90,0.0782,true,1,33067
7290000287621,false,"אנטי קאלק נוזל לניקוי אסלות סנו 750 מ""ל",מיוצר עי קונדיטוריית,IL,סנו אנטי קאלק W.C מנ,מיליליטרים,750.00,"100 מ""ל",false,,13.90,0.0185,true,1,33073
7290000288017,false,אקונומיקה בריח לימון סנו ז'אוול 1 ליטר,"סנו מפעלי ברונוס בע""",IL,סנו זאוול 1ליטר לימו,ליטרים,1.00,ליטר,false,,8.90,8.9000,true,1,33080
7290000288024,false,סנו - ז'אוול אקונומיקה בריח לימון 4 ליטר,"סנו מפעלי ברונוס בע""",IL,סנו ז'אוול בריח לימו,ליטרים,4.00,ליטר,false,,17.90,4.4750,true,1,33081
7290000288086,false,אבקת ניקוי עם אקונומיקה בריח לימון סנו ז'אוול 600 ג',מיוצר עי קונדיטוריית,IL,אבקת ניקוי ג'אוול לי,גרמים,600.00,100 גרם,false,,12.90,0.0215,true,1,33085
7290000288109,false,"אבקת כביסה מקסימה אפקט ג''אוול 1.25 ק""ג סנו",סנו מפעלי ברונוס בעמ,IL,סנו מקסימה אפקט ג'או,קילוגרמים,1.25,"ק""ג",false,,15.90,12.7200,true,1,33086
7290000288642,false,מקסימה מרכך כביסה סנסיטיב בייבי סנו 4 ליטר,"סנו מפעלי ברונוס בע""",IL,מרכך כביסה סנו מקסימ,ליטרים,4.00,ליטר,false,,23.90,5.9750,true,1,33097
7290000288659,false,"סנו - די רולאון דוחה יתושים ג'ונגל 50 מ""ל",טרופיקל דגיל תעשיות,IL,"סנו די ג'ונגל 50 מ""ל",מיליליטרים,50.00,"100 מ""ל",false,,21.60,0.4320,true,1,125298
7290000289069,false,סנו - ז'אוול מרסס קצף ניקוי בתוספת אקונומיקה בריח לימון 1 ליטר,"סנו מפעלי ברונוס בע""",IL,סנו ג'אוול מרסס לימו,ליטרים,1.00,ליטר,false,,19.90,19.9000,true,1,33103
7290000291857,false,פוליויקס נוזל רצפות בניחוח גולדן סאנרייז סנו 2 ליטר,סנו פוליויקס,IL,סנו פוליווקס לוטוס 2,ליטרים,2.00,ליטר,false,,26.00,13.0000,true,1,33114
7290000291963,false,אקונומיקה סמיכה בריח לימון סנו ז'אוול 1 ליטר,סנו JAVEL,IL,סנו ז'אוול סמיכה לימ,יחידה,0.00,יחידה,false,,8.90,0.0000,true,1,33117
7290000292915,false,"תרסיס לניקוי כללי רסס ונגב סנו 750 מ""ל","סנו מפעלי ברונוס בע""",IL,סנו רסס ונגב אקדח 75,מיליליטרים,750.00,"100 מ""ל",false,,17.90,0.0239,true,1,33127
7290000293530,false,"מילוי למתקן סופג לחות ""סנופרש""",קריות זול,IL,מילוי סופג לחות,מיליליטרים,340.00,"100 מ""ל",false,,13.90,0.0409,true,1,33132
7290000293943,false,"מרסס לבן מסיר אבנית 1 ליטר אנטי קאלק ""סנו""",מיוצר עי קונדיטוריית,IL,סנו אנטי קאלק+מתז 1,ליטרים,1.00,ליטר,false,,20.90,20.9000,true,1,33135
7290000294773,false,אקונומיקה בריח לבנדר סנו ז'אוול 4 ליטר,"סנו מפעלי ברונוס בע""",IL,סנו ז'אוול בריח אילנ,ליטרים,4.00,ליטר,false,,17.90,4.4750,true,1,33141
7290000295121,false,מטליות זיגזג סנו סושי לניקוי רצפות 3יח',קריות זול,IL,מטלית זיגזג 3יח,יחידה,0.00,יחידה,false,,12.90,0.0000,true,1,33143
7290000295299,false,סנו סושי כריות הפלא רב תכלתיות רביעייה,סנו מפעלי ברונו בעמ,IL,כריות יפניות סנו סוש,יחידה,0.00,יחידה,false,,12.90,0.0000,true,1,33144
7290000295367,false,"מקסימה אבקת כביסה אפקט ז'אוול סנו 2.5 ק""ג",סנו מקסימה,IL,אבקת כביסה סנו מקסימ,קילוגרמים,2.50,"ק""ג",false,,28.90,11.5600,true,1,33148
7290000295404,false,סנו סושי שקיות אשפה כחולות 54*65 - 60 יחידות,מיוצר עי קונדיטוריית,IL,שקיות אשפה נשלפות סנ,יחידה,0.00,יחידה,false,,24.90,0.0000,true,1,33149
7290000295503,false,סנו סושי שקיות אוכל מתכלות זוג *150 יח',"אשפלסט תעשיות בע""מ",CN,סנו סושי צמד שקיות א,יחידה,0.00,יחידה,false,,15.90,0.0000,true,1,33150
7290000295541,false,רב מגבת ג'מבו סנו סושי 75 יחידות,מיוצר עי קונדיטוריית,IL,סנו רב מגבת גמבו,יחידה,0.00,יחידה,false,,19.90,0.0000,true,1,33151
7290000295572,false,"נוזל לניקוי אסלה 00 סנו 2*750 מ""ל",מיוצר עי קונדיטוריית,IL,מנקה אסלות 00 צמד,ליטרים,1.50,ליטר,false,,21.90,14.6000,true,1,33154
7290000302102,false,סיגריות מונטנה פילטר,דובק,,מונטנה פילטר,יחידה,0.00,יחידה,false,,295.00,0.0000,false,1,6414
7290000307046,false,אפונת גינה וגזר פרי הגליל 550 גרם,"פרי הגליל בע""""מ",IL,אפונה וגזר פרי הגליל,גרמים,550.00,100 גרם,false,,8.90,0.0162,true,1,10168
7290000313160,false,זהבה ושלושת הדובים עוגיות בטעם שוקולד אסם 350 גרם,היינץ צפון אמריקה מק,IL,חברים זהבה ושלושת הד,גרמים,250.00,100 גרם,false,,9.50,0.0380,true,1,68160
7290000313184,false,עוגיות חברים גן חיות וניל אסם 250 גר',הגביע מוצרי וופלים ב,IL,חברים ביסקויט גן חיו,גרמים,250.00,100 גרם,false,,9.50,0.0380,true,1,22558
7290000313290,false,אסם נודלס נודלס איטריות מסולסלות 200גר,תאי פרזידנט פוד בנגק,TH,נודלס אטריות מסולסלו,יחידה,200.00,יחידה,false,,10.90,0.0545,true,1,22560
7290000315140,false,"קורנפלקס מלא 500 גרם בד""צ",יוניליוור שפע ישראל,IL,קורנפלקס מלא תלמה בד,גרמים,500.00,100 גרם,false,,24.90,0.0498,true,1,12644
7290000318127,false,"נקניקיות ביס 380 גרם ""יחיעם""",מעדני יחיעם 1993,IL,נקניקיות ביס 380 גרם,גרמים,380.00,100 גרם,false,,12.90,0.0339,true,1,17721
7290000318677,false,נקניק סלמי סרוולט יחיעם 150 גרם,מעדני יחיעם 1993,IL,סלמי סרוולט 150גר יח,גרמים,150.00,100 גרם,false,,27.90,0.1860,true,1,17731
7290000318943,false,פסטרמה של פעם מעושן 1.5% יחיעם 200 גרם,תאי פרזידנט פוד פאבל,IL,פסטרמה של פעם 200 גר,גרמים,200.00,100 גרם,false,,24.90,0.1245,true,1,17738
7290000319520,false,נקניק סלמי צרפתי יחיעם 100 גרם,מעדני יחיעם 1993,IL,סאלמי צרפתי יחיעם 10,גרמים,100.00,100 גרם,false,,23.90,0.2390,true,1,17750
7290000332329,false,פילה סלמון טרי במגש,,,פילה סלמון טרי במגש,קילוגרמים,1.00,"ק""ג",true,,119.90,119.9000,true,1,59779
7290000332374,false,פילה באס טרי במגש,,,פילה באס טרי במגש,קילוגרמים,1.00,"ק""ג",true,,124.90,124.9000,true,1,59783
7290000334684,false,תפוגן טבעות בצל 700 גרם,"תעשיות תפוגן בע""מ",IL,טבעות בצל 700 גרם,גרמים,700.00,100 גרם,false,,20.90,0.0299,true,1,23371
7290000339191,false,אבקת הלבנה רן ללא כל,זוהר דליה - 3P Local,IL,אבקת הלבנה רן 350 גר,גרמים,350.00,100 גרם,false,,22.90,0.0654,true,1,12660
7290000345260,false,תה קלאסיק מעטפות ויסוצקי 25 יחידות,מולינו ניקולי s.p.a,IL,תה ויסוצקי קלאסיק 25,גרמים,37.50,100 גרם,false,,8.80,0.2347,true,1,27325
7290000345284,false,תה ויסוצקי קלאסי אריזה ירוקה מרובעת (100 שקיקים),מולינו ניקולי s.p.a,IL,תה ויסוצקי 1.5 קלאסי,גרמים,150.00,100 גרם,false,,20.90,0.1393,true,1,27327
7290000345291,false,תה ארל גריי ויסוצקי 25 יחידות,תה ויסוצקי,IL,תה ארל גריי 1.5/25,גרמים,37.50,100 גרם,false,,18.50,0.4933,true,1,27328
7290000346120,false,הגן הקסום תה קינמון ויסוצקי 25 יחידות,תה ויסוצקי,IL,תה קסם הקנמון 25 שקי,גרמים,62.50,100 גרם,false,,19.90,0.3184,true,1,27337
7290000346137,false,הגן הקסום תה הילולי פירות ויסוצקי 25 יחידות,תה ויסוצקי,IL,תה הילולי פירות 25 ש,גרמים,62.50,100 גרם,false,,19.90,0.3184,true,1,27338
7290000346205,false,הגן הקסום תה קמומיל ויסוצקי 25 יחידות,תה ויסוצקי,IL,תה קמומיל 25 שקיקים,גרמים,37.50,100 גרם,false,,19.90,0.5307,true,1,27343
7290000347738,false,תה ירוק נענע ויסוצקי 25 יחידות,תה ויסוצקי,IL,תה ירוק נענע 25 שקיק,גרמים,37.50,100 גרם,false,,26.90,0.7173,true,1,27351
7290000347752,false,תה ירוק לימונית ולואיזה 25 שקיקים *1.5 ג'' ויסוצקי,תה ויסוצקי,IL,תה ירוק לימונית ולוא,גרמים,37.50,100 גרם,false,,26.90,0.7173,true,1,27353
7290000363363,false,קבנוס נקניק מעושן יבש 160 גרם,הנסיך- מפעל לייצור ט,IL,קבנוס מיוחד 160 גרם,גרמים,160.00,100 גרם,false,,20.90,0.1306,true,1,28006
7290000364285,false,דקניקים סלסולי פסטרמה הודו טירת צבי 120 גרם,הנסיך- מפעל לייצור ט,IL,טירת צבי סלסולי פסטר,גרמים,120.00,100 גרם,false,,16.90,0.1408,true,1,28012
7290000364292,false,דקניקים סלסולי פסטרמה הודו על גחלים 1% טירת צבי 120 גרם,הנסיך- מפעל לייצור ט,IL,סלסולי פסטרמה גחלים,גרמים,120.00,100 גרם,false,,16.90,0.1408,true,1,28013
7290000364810,false,נקניקיות עגל 500 גרםטירת צבי,הנסיך- מפעל לייצור ט,IL,נקנקיות עגל 500 גרם,גרמים,500.00,100 גרם,false,,34.90,0.0698,true,1,28017
7290000364858,false,"נקניקיות עוף טרי טירת צבי 1 ק""ג",הנסיך- מפעל לייצור ט,IL,נקניקיות עוף טרי 1 ק,קילוגרמים,1.00,"ק""ג",false,,30.90,30.9000,true,1,28018
7290000364872,false,נקניקיות עוף טירת צבי 400 גרם,טיב טירת צבי 2000,IL,נקניקיות עוף 400 גרם,גרמים,400.00,100 גרם,false,,14.90,0.0373,true,1,28019
7290000364957,false,נקניקיות עוף מיני מיני טירת צבי 700 גרם,הנסיך- מפעל לייצור ט,IL,נקנקיות מיני - מיני,גרמים,700.00,100 גרם,false,,28.90,0.0413,true,1,28020
7290000367590,false,פסטרמה כפרית וסלמי פריזר כפרי טירת צבי 2*400 גרם,טיב טירת צבי 2000,IL,צמד כפרי נק.סלמי+פסט,גרמים,800.00,100 גרם,false,,30.90,0.0386,true,1,28022
7290000370161,false,גבינת צ'דר בשלה שקיל,,,גבינת צ'דר בשלה שקיל,קילוגרמים,1.00,"ק""ג",true,,119.00,119.0000,true,1,107175
7290000370284,false,גבינה קשקבל חצי קשה,,,גבינה קשקבל חצי קשה,קילוגרמים,1.00,"ק""ג",true,,100.00,100.0000,true,1,128450
7290000370475,false,מעדניה - גבינה כחולה,,,גבינה כחולה עם עובש,קילוגרמים,1.00,"ק""ג",true,,75.00,75.0000,true,1,224651
7290000370734,false,צמות גבינה במי מלח ב,,,צמות גבינה במי מלח ב,קילוגרמים,1.00,"ק""ג",true,,85.00,85.0000,true,1,417224
7290000377452,false,גרעיני אבטיח קלויים ומלוחים קלית גת 200,הדקלאים אגודת שיתופי,IL,גרעין אבטיח 200 גרם,גרמים,200.00,100 גרם,false,,12.90,0.0645,true,1,15203
7290000382210,false,שקיות גופיה ינות בית,,,שקיות גופיה ינות בית,יחידה,0.00,יחידה,false,,0.10,0.0000,true,1,44823
7290000382227,false,שקיות גופיה מגה בעיר,,,שקיות גופיה מגה בעיר,יחידה,0.00,יחידה,false,,0.10,0.0000,true,1,6
7290000385738,false,מנצ`גו משולש. מע.,,,מנצ`גו משולש. מע.,קילוגרמים,1.00,"ק""ג",true,,165.00,165.0000,true,1,16693
7290000408316,false,יוגורט דנונה דל לקטוז 200 גרם,מיוצר עי קונדיטוריית,IL,דנונה טבעי 3% 200מל,מיליליטרים,200.00,"100 מ""ל",false,,3.90,0.0195,true,1,26037
7290000408354,false,יוגורט עם אורז מצופה שוקולד קקאו 175 ג' דנונה,"שטראוס בריאות בע""מ",IL,דנונה קראנצ' פצפוצים,מיליליטרים,175.00,"100 מ""ל",false,,4.90,0.0280,true,1,26038
7290000412481,false,נוזל לניקוי אסלות 00 סנו 1 ליטר,מיוצר עי קונדיטוריית,IL,מנקה אסלות 1 ליטר 00,ליטרים,1.00,ליטר,false,,8.90,8.9000,true,1,33161
7290000416021,false,ממרח בטעם שוקולד השחר חלבי 500,השחר העולה,IL,ממרח שוקולד השחר 500,גרמים,500.00,100 גרם,false,,15.90,0.0318,true,1,32315
7290000416045,false,"ממרח בטעם שוקולד השחר 1 ק""ג",השחר העולה תעשייות מ,IL,ממרח שוקולד השחר 1 ק,קילוגרמים,1.00,"ק""ג",false,,27.90,27.9000,true,1,32317
7290000416618,false,"ממרח שוקולד השחר פרווה בד""צ 400 גר'",השחר העולה תעשייות מ,IL,ממרח שוקולד פרווה הש,גרמים,400.00,100 גרם,false,,13.90,0.0348,true,1,32327
7290000419909,false,לנדוור לבוקר קפה טחון שחור טורקי 100 גרם,מולינו ניקולי s.p.a,IL,לנדוור לבוקר קפה טחו,גרמים,100.00,100 גרם,false,,9.90,0.0990,true,1,22566
7290000420325,false,"פופסטאר פופקורן למקירוגל בטעם טבעי 5 שקיות,500 גרם",קריות זול,US,פופסטאר פופקורן טבעי,גרמים,500.00,100 גרם,false,,17.90,0.0358,true,1,7658
7290000430102,false,"שקיות קרח 2 ק""ג ""מר אייס""","אייס (קיובס) בע""מ -",IL,שקיות קרח 2 ק`ג,קילוגרמים,2.00,"ק""ג",false,,10.90,5.4500,true,1,34851
7290000432687,false,נרות שבת מס' 16 ציון,"פאלאס בע""מ",,נרות שבת מס' 16 ציון,יחידה,0.00,יחידה,false,,4.90,0.0000,true,1,52918
7290000432694,false,נרות שבת 20,,,נרות שבת 20,יחידה,0.00,יחידה,false,,4.90,0.0000,true,1,41433
7290000436616,false,דובשניות בשקית 180 גר',קריות זול,,דובשניות ברמן 180 גר,גרמים,180.00,100 גרם,false,,5.90,0.0328,true,1,87808
7290000447146,false,שניצל עגל כשר ארוז,,,שניצל עגל כשר ארוז,קילוגרמים,1.00,"ק""ג",true,,99.90,99.9000,true,1,51125
7290000450209,false,פוסידון טונה בהירה בשמן 77 גרם,"מיוצר עי וליגר בעמ,",IL,טונה בשמן פוסידון 1,גרמים,108.00,100 גרם,false,,6.90,0.0639,true,1,19607
7290000453019,false,שמרים טריים לאפייה שקית שמרית 50 ג',"פאקא תעשיות בע""מ",IL,שמרית שמרים טריים לא,גרמים,50.00,100 גרם,false,,4.90,0.0980,true,1,26039
7290000453125,false,שמרית שמרים טריים לאפיה +משפר אפיה 100ג,"פאקא תעשיות בע""מ",IL,שמרית שמרים טריים לא,גרמים,100.00,100 גרם,false,,8.50,0.0850,true,1,26040
7290000453408,false,"בצק פיצה דק, מצונן ומוכן לאפייה - שמרית","פאקא תעשיות בע""מ",FR,שמרית בצק פיצה דק מצ,גרמים,415.00,100 גרם,false,,17.90,0.0431,true,1,161334
7290000453415,false,בצק עלים מצונן ומוכן לאפייה - שמרית,"פאקא תעשיות בע""מ",FR,שמרית בצק עלים מצונן,גרמים,300.00,100 גרם,false,,16.90,0.0563,true,1,193775
7290000453422,false,בצק פילו מצונן ומוכן לאפייה שמרית,"פאקא תעשיות בע""מ",FR,שמרית בצק פילו מוכן,גרמים,300.00,100 גרם,false,,16.90,0.0563,true,1,161335
7290000453446,false,פיצה קראסט בצק שמרים מצונן להכנת פיצה ופוקצ'ה,"פאקא תעשיות בע""מ",IL,פיצה קראסט שמרית מצו,גרמים,500.00,100 גרם,false,,21.90,0.0438,true,1,370533
7290000461793,false,בייגלה ארוך ארוך סידרה ירוקה 200גר,בייגל את בייגל מזון,IL,ביגלה ארוך ארוך דל ש,גרמים,150.00,100 גרם,false,,6.90,0.0460,true,1,117721
7290000462141,false,סחוג אדום תימני מקורי חריף מאוד זהבי 150 גרם,קריניסה ויטמין אס אי,IL,סחוג אדום חריף מאוד,גרמים,150.00,100 גרם,false,,8.90,0.0593,true,1,26044
7290000467320,false,מלך החומוס אבו מרוואן 400 גרם,לחמנו,IL,צבר חומוס אבו מרוואן,גרמים,400.00,100 גרם,false,,14.90,0.0373,true,1,23384
7290000469638,false,ספריי מריטו לגיהוץ קל 500 מל,בולטון מניטובה,IT,מריטו ספריי לגיהוץ 5,מיליליטרים,500.00,"100 מ""ל",false,,24.90,0.0498,true,1,24711
7290000472821,false,גבינה צהובה 28% הר,,,גבינה צהובה 28% הר,קילוגרמים,1.00,"ק""ג",true,,31.00,31.0000,true,1,456944
7290000474090,false,"חלב בקרטון 1%- 1 ליטר בד""צ - מוצר בפיקוח",מילקו תעשיות בעמ,IL,טרה חלב בקרטון 1% 1ל,ליטרים,1.00,ליטר,false,,5.86,5.8600,true,1,8380
7290000474502,false,גבינה לבנה טרה 5% מרכיבים טבעיים,קריות זול,IL,טרה גבינה לבנה 5% 25,גרמים,250.00,100 גרם,false,,4.98,0.0199,true,1,8389
7290000474540,false,טוב טעם גבינה לבנה 3% טרה 250 גרם,קריות זול,IL,טוב טעם גבינה 3% 250,גרמים,250.00,100 גרם,false,,11.90,0.0476,true,1,8390
7290000480107,false,קוואקר שיבולת שועל פחית 500 גרם,וולקרס סנקס לימיטד,GB,"קוואקר מהיר אטוס לל""",גרמים,500.00,100 גרם,false,,15.90,0.0318,true,1,26619
7290000480442,false,קוואקר שיבולת שועל בשקית 500 גרם,פריטו ליי FRITO-LAY,IL,שיבולת שועל בשקית קו,גרמים,500.00,100 גרם,false,,15.90,0.0318,true,1,26620
7290000481029,false,פיתות רגילות עשירייה,יוניליוור גרמניה Gm,IL,פיתות 10 יחידות בטעם,קילוגרמים,1.00,"ק""ג",false,,13.90,13.9000,true,1,215236
7290000481043,true,עשיריית פיתות כוסמין,,,עשיריית פיתות כוסמין,גרמים,700.00,100 גרם,false,,16.90,0.0241,true,1,293478
7290000481531,false,דגנית עין בר לחמניות אצבע מחיטה מלאה בשקית 750 ג',יוניליוור גרמניה Gm,IL,לחמניות 10 יחידות חי,גרמים,750.00,100 גרם,false,,14.90,0.0199,true,1,6349
7290000481883,false,דגנית עין בר מארז לחמניות 10 יח'*75 ג',יוניליוור גרמניה Gm,IL,10 לחמניות דגנית,גרמים,750.00,100 גרם,false,,14.90,0.0199,true,1,6353
7290000484747,false,עראק עלית 700 מל 40% כהל,יקב הגליל שווק בעמ,IL,"עלית הארק 40% 700 מ""",מיליליטרים,700.00,"100 מ""ל",false,,60.90,0.0870,true,1,32405
7290000490601,false,"שמיניית גלידל וניל ""פלדמן""",הגלידות של פלדמן,IL,גלידל מאגדת בטעם וני,גרמים,400.00,100 גרם,false,,34.90,0.0872,true,1,122607
7290000490762,false,"שמיניית גלידל שוקו ""פלדמן""",הגלידות של פלדמן,IL,גלידל מאגדת בטעם שוק,גרמים,400.00,100 גרם,false,,34.90,0.0872,true,1,141110
7290000493176,false,אסם אבקת רוטב צלי לבשר 22 ג',"אסם תעשיות בע""מ",IL,אסם אבקת רוטב צלי לב,גרמים,22.00,100 גרם,false,,4.00,0.1818,true,1,22596
7290000496360,false,פילה בקלה דרום אפרי,,,פילה בקלה דרום אפרי,קילוגרמים,1.00,"ק""ג",true,,43.90,43.9000,true,1,350051
7290000504049,false,ממתיק סוכרזית 1200 טבליות,אף.סי תבליני בגליל ב,IL,סוכרזית קנקן 1200 טב,גרמים,984.00,100 גרם,false,,22.90,0.0233,true,1,25344
7290000504209,false,"סוכרזית דיאט טיפ נוזלי 220 מ""ל",אף.סי תבליני בגליל ב,IL,דיאט טיפ-ממתיק,מיליליטרים,220.00,"100 מ""ל",false,,20.90,0.0950,true,1,25345
7290000507383,false,בולגרית 5% פנחס אמית,,,בולגרית 5% פנחס אמית,קילוגרמים,1.00,"ק""ג",true,,80.00,80.0000,true,1,18980
7290000521008,false,"של סגל אדום יבש , 750 מ""ל",כרמי צבי - אחים סגל,IL,אדום יבש סגל.,מיליליטרים,750.00,"100 מ""ל",false,,22.90,0.0305,true,1,11513
7290000521022,false,"של סגל, יין לבן חצי יבש 750 מ""ל","מיוצר ע""י כרמי צבי-",IL,סגל לבן חצי יבש 750,מיליליטרים,750.00,"100 מ""ל",false,,22.90,0.0305,true,1,11515
7290000522166,false,חלב הרים טהור-עמיד- נטול לקטוז 1 לי 3%,"מחלבות רמת הגולן בע""",IL,חלב הרים טהור נ.לקטו,ליטרים,1.00,ליטר,false,,11.90,11.9000,true,1,8398
7290000522272,false,"שמנת לקפה 10% שומן 500 מ""""ל 12X",מחלבות רמת הגולן,IL,חלב הרים שמנת לקפה 1,מיליליטרים,500.00,"100 מ""ל",false,,9.90,0.0198,true,1,8402
7290000523125,false,מלח הארץ הים האדום 250 ג' עדין,חברת מלח הארץ אילת ב,IL,מלח ים יבש הארץ 250,גרמים,250.00,100 גרם,false,,6.90,0.0276,true,1,27355
7290000523514,false,מלח ים יבש מופחת נתרן מלח הארץ 250 גרם,חברת מלח הארץ אילת ב,IL,מלח 50% פחות נתרן הא,גרמים,250.00,100 גרם,false,,11.90,0.0476,true,1,27357
7290000523521,false,מלח ים מועשר ביוד מלח הארץ 250 גרם,חברת מלח הארץ אילת ב,IL,מלח מעושר ביוד הארץ,גרמים,250.00,100 גרם,false,,7.90,0.0316,true,1,27358
7290000523804,false,"מלח עדין צנצנת 1 ק""ג מלח הארץ",חברת מלח הארץ אילת ב,IL,מלח עדין בצנצנת הארץ,קילוגרמים,1.00,"ק""ג",false,,7.90,7.9000,true,1,27359
7290000524191,false,עוגיות אנג'ל 350 גרם,,,עוגיות אנג'ל 350 גרם,גרמים,350.00,100 גרם,false,,19.90,0.0569,true,1,118635
7290000525969,false,מיץ תפוזים סחוט רכיבים טבעיים פרימור 1 ליטר,"גניר (1992) בע""מ",IL,פרימור מיץ תפוזים 1ל,ליטרים,1.00,ליטר,false,,17.20,17.2000,true,1,26050
7290000530468,false,"נקניקיות וינר זוגלובק 1 ק""ג",זוגלובק,IL,נקניקיות וינר טרי 1ק,קילוגרמים,1.00,"ק""ג",false,,34.90,34.9000,true,1,43964
7290000537566,false,נקניקיות עוף טרי 400 ג' זוגלובק,נקניק נהריה כשר זוגל,IL,נקניקיות עוף טרי 400,גרמים,400.00,100 גרם,false,,14.90,0.0373,true,1,43993
7290000537603,false,"נקניקיות עוף זוגלובק 1 ק""ג",זוגלובק,IL,"נקנקיות עוף 1 ק""ג -ז",קילוגרמים,1.00,"ק""ג",false,,34.90,34.9000,true,1,43994
7290000552989,false,בשר טחון טיבון ויל 500 גרם,"טיבון ויל אחזקות בע""",IL,בשר עגל טחון קפוא 50,גרמים,500.00,100 גרם,false,,22.90,0.0458,true,1,19618
7290000554402,false,מעדן חלב מלבי גד 160 גרם,"מיוצר ע""י קוד יצרן E",IL,"גד מלבי 160 מ""ל",מיליליטרים,160.00,"100 מ""ל",false,,6.50,0.0406,true,1,16744
7290000554457,false,גבינה צפתית 5% 350 גרם - רבנות,"מחלבות גד בע""מ",IL,גד צפתית מיני 5% 350,גרמים,350.00,100 גרם,false,,23.90,0.0683,true,1,16745
7290000554471,false,נקניק מוצרלה 22 אחוז 180גרם גד מהדרין,"מחלבות גד בע""מ",IL,גד מוצרלה נקניק טבעי,גרמים,180.00,100 גרם,false,,18.90,0.1050,true,1,16746
7290000554532,false,גבינה צפתית מעודנת במלח ים 5% 200 ג' גד,הנסיך- מפעל לייצור ט,IL,גד צפתית מעודנת במלח,גרמים,200.00,100 גרם,false,,16.90,0.0845,true,1,16747
7290000554600,false,מוצרלה מגורדת 22 אחוז 300גרם גד מהדרין,מחלבות גד בעמ,IL,גד מוצרלה מגורדת %18,גרמים,300.00,100 גרם,false,,27.90,0.0930,true,1,16748
7290000554686,false,גבינת לאבנה בתוספת שמן זית וזעתר 5% גד 250 גרם,מחלבות גד בעמ,IL,גד לאבנה בשמן זית וז,גרמים,250.00,100 גרם,false,,15.90,0.0636,true,1,16750
7290000554822,false,ריקוטה גבינה לבנה בסגנון איטלקי 5% גד 250 גרם,מחלבות גד בעמ,IL,גד ריקוטה טבעי 5% 25,גרמים,250.00,100 גרם,false,,16.90,0.0676,true,1,16751
7290000554839,false,מסקרפונה שמנת מתוקה קשה בסגנון איטלקי 40% גד 250 גרם,מחלבות גד בעמ,IL,גד מסקרפונה 40% 250ג,גרמים,250.00,100 גרם,false,,22.90,0.0916,true,1,16752
7290000560533,false,אדג' ג'ל ירוק לעור רגיל 198גרם,אס.סי ג'ונסון ובניו,US,ג'ל גילוח ירוק לעור,מיליליטרים,200.00,"100 מ""ל",false,,18.90,0.0945,true,1,7666
7290000560540,false,אדג' ג'ל כתום לעור רגיש 198גרם,המאפיה של הרמן,US,ג'ל גילוח כתום לעור,מיליליטרים,200.00,"100 מ""ל",false,,18.90,0.0945,true,1,7667
7290000561097,false,תערובת פיצוחים מובחרת 150 גרם,,,תערובת פיצוחים 150 ג,גרמים,150.00,100 גרם,false,,17.90,0.1193,true,1,129572
7290000561233,false,בוטנים קלויים 200 גרם פיצוחי חממה,,,בוטן קלוי 200ג פיצוח,גרמים,200.00,100 גרם,false,,8.90,0.0445,true,1,1623
7290000561240,false,גרעיני דלעת 200 גרם פיצוחי חממה,,,גרעין דלעת קלוי 200ג,גרמים,200.00,100 גרם,false,,10.90,0.0545,true,1,1624
7290000561561,false,מנצ'יס 200 גרם פיצוחי חממה,,,פוסידון מנצ'יס 200ג,גרמים,200.00,100 גרם,false,,9.90,0.0495,true,1,116732
7290000561578,false,בוטן אמריקאי 200 גרם פיצוחי חממה,,,בוטן אמריקאי 200ג,גרמים,200.00,100 גרם,false,,6.90,0.0345,true,1,116733
7290000561714,false,צנובר 100 גרם פיצוחי חממה,,,צנובר 100 גרם,גרמים,100.00,100 גרם,false,,26.90,0.2690,true,1,1638
7290000561981,false,אגוזי מלך 200 גרם פיצוחי חממה,,,אגוז מלך 200ג,גרמים,200.00,100 גרם,false,,23.90,0.1195,true,1,1644
7290000571119,false,גאודה טבעי בית יצחק,תנובה מרכז שיתופי לש,IL,גאודה טבעי המחלבה,קילוגרמים,1.00,"ק""ג",true,,109.00,109.0000,true,1,28305
7290000571386,false,המחלבה יוגורמה יוגורט מחלב כבשים 5% 850 גרם,גבינות משק אחים מאיר,IL,יוגורמה דלי 5% 850 ג,גרמים,850.00,100 גרם,false,,29.90,0.0352,true,1,28676
7290000571393,false,המחלבה יוגורמה יוגורט מחלב כבשים 5% 140 גרם,גבינות משק אחים מאיר,IL,יוגורמה יוגורט כבשים,גרמים,140.00,100 גרם,false,,6.90,0.0493,true,1,28677
7290000571843,false,המחלבה יוגורמה גביע מחלב עזים 140 גרם,גבינות משק אחים מאיר,IL,יוגורמה עיזים 3% 140,גרמים,140.00,100 גרם,false,,6.50,0.0464,true,1,28689
7290000574028,false,לחם שחור מועשר פלוס 750 גר'.,יוניליוור גרמניה Gm,IL,לחם אחיד פרוס מועשר,גרמים,750.00,100 גרם,false,,8.90,0.0119,true,1,193679
7290000574035,false,לחם אחיד פרוס 750ג' דגנית עין בר,יוניליוור גרמניה Gm,IL,לחם אחיד פרוס דגנית,גרמים,750.00,100 גרם,false,,7.11,0.0095,true,1,6359
7290000574141,false,לחם חיטה מלא 750ג' דגנית עין בר,דגנית עין בר תעשיות,IL,לחם חיטה מלאה דגנית,גרמים,750.00,100 גרם,false,,15.90,0.0212,true,1,6366
7290000574172,false,לחם קל מחיטה מלאה 750 ג' דגנית עין בר,יוניליוור גרמניה Gm,IL,לחם קל חיטה מלאה דגנ,גרמים,750.00,100 גרם,false,,16.90,0.0225,true,1,6368
7290000574455,false,לחם חיטה מלא פלוס כוסמין 750 ג' דגנית עין בר,דגנית עין בר,IL,לחם חיטה מלא+כוסמין,גרמים,750.00,100 גרם,false,,15.90,0.0212,true,1,6381
7290000599977,false,שייני כריות יפניות 9 יח',,,כרית יפנית תשיעיה שי,יחידה,0.00,יחידה,false,,10.90,0.0000,true,1,15790
7290000604343,false,תמר דקל נור 400 גר,פרי וירק טמרה ושותפי,,תמר דקל נור 400גר,גרמים,400.00,100 גרם,false,,12.90,0.0323,true,1,2670
7290000610860,false,פילה מדומה 6 מוכשר א,,,פילה מדומה 6 מוכשר א,קילוגרמים,1.00,"ק""ג",true,,41.90,41.9000,true,1,481453
7290000611039,false,פילה סלמון נורבגי קפ,,,פילה סלמון נורבגי קפ,קילוגרמים,1.00,"ק""ג",true,,84.90,84.9000,true,1,302834
7290000611138,false,סטייק טונה אדומה ארו,,,סטייק טונה אדומה 90%,קילוגרמים,1.00,"ק""ג",true,,69.90,69.9000,true,1,321990
7290000611228,false,פילה עוף טרי ארוז,,,פילה עוף טרי ארוז,קילוגרמים,1.00,"ק""ג",true,,35.90,35.9000,true,1,42796
7290000611839,false,שוקיים עוף טרי ארוז,,,שוקיים עוף טרי ארוז,קילוגרמים,1.00,"ק""ג",true,,34.90,34.9000,true,1,42809
7290000611853,false,כנפיים עוף טרי ארוז,,,כנפיים עוף טרי ארוז,קילוגרמים,1.00,"ק""ג",true,,12.90,12.9000,true,1,42811
7290000611884,false,כבד עוף טרי ארוז לצל,,,כבד עוף טרי ארוז,קילוגרמים,1.00,"ק""ג",true,,23.90,23.9000,true,1,42814
7290000611983,false,חזה עוף פרוס טרי ארו,,,חזה עוף פרוס טרי ארו,קילוגרמים,1.00,"ק""ג",true,,38.90,38.9000,true,1,42818
7290000616421,false,"סטייק טונה בד""ץ חתם",,,"סטייק טונה בד""ץ חתם",קילוגרמים,1.00,"ק""ג",true,,41.90,41.9000,true,1,247457
7290000652542,false,פילה אמנון 5-7 תנובה,דגי תנובה,CN,פילה אמנון 5-7 100%,קילוגרמים,1.00,"ק""ג",true,,39.90,39.9000,true,1,251376
7290000655376,false,פילה דניס קפוא תנובה,דגי תנובה,TR,פילה דניס קפוא,קילוגרמים,1.00,"ק""ג",true,,89.90,89.9000,true,1,63870
7290000662817,false,סלמון מעושן 100 גרם נורבגי,דגי תנובה,צ'ילה (TDE),סלמון מעושן פרוס 100,גרמים,100.00,100 גרם,false,,21.90,0.2190,true,1,293116
7290000663135,false,קוביות סלמון 100% דג קפוא 300 גרם,commercial mares de,CL,קוביות סלמון 300 גרם,גרמים,300.00,100 גרם,false,,32.90,0.1097,true,1,341989
7290000688084,false,מים מינרליים פקק ספו,מופק ממקור בזלתי עדן,IL,מי עדן 1/2 ליטר ספור,מיליליטרים,500.00,"100 מ""ל",false,,3.50,0.0070,true,1,13504
7290000688374,false,"מי עדן בייבי 250 מ""ל מארז שישייה","מי עדן בע""מ",IL,"מי עדן בייבי 330 מ""ל",ליטרים,1.98,ליטר,false,,16.90,8.5354,true,1,13507
7290000688381,false,שישיית מי עדן פקק ספורט 0.5 ליטר,"מי עדן בע""מ",IL,מי עדן פקק ספורט 6*5,ליטרים,3.00,ליטר,false,,15.90,5.3000,true,1,13508
7290000688466,false,מים מינרלים פקק ספור,מופק ממקור בזלתי עדן,IL,מי עדן ג'ים 750מל,מיליליטרים,750.00,"100 מ""ל",false,,3.90,0.0052,true,1,13509
7290000688503,false,"מים מינרלים פקק ספורט מי עדן 6*750 מ""ל","מי עדן בע""מ",IL,מי עדן ג'ים 6*750מל,ליטרים,4.50,ליטר,false,,18.90,4.2000,true,1,13510
7290000688732,false,שישיית מי עדן 1.5 ליטר משפחתי,מי עדן,,מי עדן 6*1.5 ליטר,ליטרים,9.00,ליטר,false,,13.10,1.4556,true,1,13511
7290000692203,false,נוזל לניקוי כללי ורצפות בניחוח לימון אג'קס 2 ליטר,הנסיך- מפעל לייצור ט,GR,אג'קס ניקוי כללי ורצ,ליטרים,2.00,ליטר,false,,24.90,12.4500,true,1,24716
7290000692210,false,נוזל לניקוי כללי ורצפות בניחוח לבנדר אג'קס 2 ליטר,הנסיך- מפעל לייצור ט,GR,אג'קס ניקוי כללי ורצ,ליטרים,2.00,ליטר,false,,24.90,12.4500,true,1,24717
7290000692456,false,אג'קס חלונות זוג 750*2 מל ספריי ורפיל,הנסיך- מפעל לייצור ט,GR,אגקס חלונות זוג,ליטרים,1.50,ליטר,false,,27.90,18.6000,true,1,24721
7290000692746,false,"קולגייט משחה אדומה 75 ג""ר","ש. שסטוביץ בע""מ",BE,קולגייט הגנה מפני עש,מיליליטרים,75.00,"100 מ""ל",false,,8.90,0.1187,true,1,24722
7290000725600,false,גבינת חריץ סקנדינבית,,,סקנדינבית חריץ מע.,קילוגרמים,1.00,"ק""ג",true,,78.00,78.0000,true,1,28317
7290000803067,false,"משחת שיניים לילדים גילאים 6-2 אלמקס 75 מ""ל",הנסיך- מפעל לייצור ט,PL,משחת שיניים לילדים א,מיליליטרים,75.00,"100 מ""ל",false,,16.90,0.2253,true,1,24725
7290000910291,false,פלפל צ`ילי,,,פלפל צ`ילי,גרמים,100.00,100 גרם,false,,7.90,0.0790,true,1,2677
7290001041192,false,"עדשים אדומים יבשים מיה 1 ק""ג","מיה תעשיות מזון בע""מ",IL,עדשים אדומות 1 ק'ג,קילוגרמים,1.00,"ק""ג",false,,13.90,13.9000,true,1,53873
7290001041994,false,"סוכר חום דמררה מיה 1 ק""ג",מיה תעשיות מזון בעמ,IL,סוכר זהב דמררה צנצנת,קילוגרמים,1.00,"ק""ג",false,,11.90,11.9000,true,1,16965
7290001045169,false,פרימור סחוט תפוחי עץ צלול 1 ל',"גניר (1992) בע""מ",IL,פרימור מיץ תפוחים צל,ליטרים,1.00,ליטר,false,,17.20,17.2000,true,1,26051
7290001045688,false,"פרימור סחוט 400 מ""ל- תפוזים",פרימור,IL,פרימור מיץ תפוזים 40,מיליליטרים,400.00,"100 מ""ל",false,,8.50,0.0213,true,1,26056
7290001121238,false,נקניק קורנדביף 4% יחיעם 180 גרם,מעדני יחיעם 1993,IL,יחיעם קורנד ביף 180,גרמים,180.00,100 גרם,false,,27.90,0.1550,true,1,17763
7290001123782,false,שווארמה אמיתית הודו טיבון ויל 500 גרם,קריות זול,IL,שווארמה הודו 500 גרם,גרמים,500.00,100 גרם,false,,27.90,0.0558,true,1,19625
7290001201589,false,ביצים 12\l גדול-מחיר בפיקוח,"מ.לסר בע""מ",IL,12 ביצים L מ.לסר,יחידה,0.00,יחידה,false,,12.05,0.0000,true,1,15935
7290001201824,false,תבנית ביצים 12 יח' לארג' אורגני,לסר,IL,12 ביצים L אורגני מ,יחידה,0.00,יחידה,false,,24.90,0.0000,true,1,15943
7290001201862,false,ביצי חופש לארג' 12 יחידות,לסר,IL,12 ביצים חופש L מ. ל,יחידה,0.00,יחידה,false,,21.90,0.0000,true,1,15945
7290001201893,false,ביצים אומגה M 12 יח,,,12 ביצים M אומגה 3,יחידה,0.00,יחידה,false,,18.90,0.0000,true,1,96275
7290001216040,false,טחינה גולמית שומשום טהור אל ארז 500 גרם,דולפין ספא,IL,טחינה אל ארז 100% שו,גרמים,500.00,100 גרם,false,,18.90,0.0378,true,1,39450
7290001216101,false,"טחינה מלא ""אל ארז"" 1 ק""ג",טחינה אל ארז,IL,טחינה אל ארז 100% שו,קילוגרמים,1.00,"ק""ג",false,,35.90,35.9000,true,1,479926
7290001216231,false,טחינה גולמית שומשום מלא אל ארז 500 גרם,דולפין ספא,IL,טחינה מלאה 100% שומש,גרמים,500.00,100 גרם,false,,19.90,0.0398,true,1,113864
7290001230331,false,סיגריות כאמל בוקס חפ,Unknown,,כאמל בוקס קופסא בודד,יחידה,0.00,יחידה,false,,33.00,0.0000,false,1,5913
7290001230739,false,כאמל קופסא בודדת כחו,Unknown,,כאמל קופסא בודדת כחו,יחידה,0.00,יחידה,false,,33.00,0.0000,false,1,5914
7290001231932,false,ווינסטון כחול בוקס חפיסה,Unknown,,וינסטון קופסא בודדת,יחידה,0.00,יחידה,false,,34.00,0.0000,false,1,5918
7290001246061,false,מרכך מרוכז פרפיום פנטזי טאצ 1ל',סאסאטק,IL,מרכך פרימיום פנטזי 1,ליטרים,1.00,ליטר,false,,14.90,14.9000,true,1,151465
7290001246092,false,"תרסיס מסיר שומנים 750 מ""ל טאצ.",סאסאטק,IL,תרסיס מסיר שומנים 75,מיליליטרים,750.00,"100 מ""ל",false,,14.90,0.0199,true,1,151468
7290001247082,false,מיץ עגבניות רכיבים טבעיים ספרינג 1 ליטר,"יפאורה תבורי בע""מ",IL,ספרינג עגבניות קרטונ,ליטרים,1.00,ליטר,false,,7.90,7.9000,true,1,13515
7290001247112,false,קרטונית נקטר ספרינג לימונענע 1 ליטר,"יפאורה תבורי בע""מ",IL,ספרינג לימונענע קרטו,ליטרים,1.00,ליטר,false,,7.90,7.9000,true,1,13518
7290001247143,false,קרטונית נקטר ספרינג תפוחים 1 ליטר,"יפאורה תבורי בע""מ",IL,ספרינג תפוח קרטונית,ליטרים,1.00,ליטר,false,,7.90,7.9000,true,1,13521
7290001274200,false,שלגון אבטיח על מקל פלדמן,,,שלגון אבטיח על מקל 1,גרמים,100.00,100 גרם,false,,6.90,0.0690,true,1,451822
7290001274231,false,שלגון פיסטוק פלדמן,,,שלגון פסים 75 גרם,גרמים,75.00,100 גרם,false,,6.90,0.0920,true,1,451837
7290001274262,false,שלגון לוקס פלדמן,,,שלגון לוקס 85 גרם,גרמים,85.00,100 גרם,false,,9.50,0.1118,true,1,369622
7290001274279,false,שלגון גלית תות חלבי פלדמן,,,שלגון גלית תות חלבי,גרמים,70.00,100 גרם,false,,5.90,0.0843,true,1,451806
7290001274583,false,גלידל שוקו פקאן 0% שומן ללא סוכר,גלידות פלדמן,IL,גלידל בטעם שוקו פקאן,גרמים,450.00,100 גרם,false,,23.90,0.0531,true,1,302112
7290001274934,false,"שמיניית גלידל פרי לימון ""פלדמן""",הגלידות של פלדמן,IL,פופסיקל בטעם לימון 8,גרמים,640.00,100 גרם,false,,29.90,0.0467,true,1,40931
7290001305058,false,"פלמוליב - נטורלס תחליב רחצה חלב ודבש 500 מ""ל",הנסיך- מפעל לייצור ט,TR,סבון נוזלי חלב ודבש,מיליליטרים,500.00,"100 מ""ל",false,,17.90,0.0358,true,1,24729
7290001305188,false,"נוזל לניקוי כלים בריח לימון פלמוליב 750 מ""ל",יבואן ומשווק: ש. שסט,GR,פלמוליב לכלים פריחת,מיליליטרים,750.00,"100 מ""ל",false,,12.90,0.0172,true,1,24730
7290001407127,false,פרוסות חלבה קלאסית בטעם וניל בארכה 400 גרם,רושדי תעשיות מזון בע,,פרוסות חלבה וניל באר,גרמים,400.00,100 גרם,false,,19.90,0.0497,true,1,22604
7290001407547,false,טחינה גולמית משומשום מלא פי 6 בארכה 500ג',רושדי תעשיות מזון בע,IL,בארכה טחינה שומשום מ,גרמים,500.00,100 גרם,false,,19.90,0.0398,true,1,22608
7290001407769,false,טחינה גולמית שומשום מלא בארכה 500 גרם,רושדי תעשיות מזון בע,IL,בארכה טחינה עם שומשו,גרמים,500.00,100 גרם,false,,19.90,0.0398,true,1,22611
7290001407813,false,חלבה שאמית פיסטוק בקטנה בארכה 350ג',רושדי תעשיות מזון בע,IL,חלבה שאמית וניל עם פ,גרמים,350.00,100 גרם,false,,16.90,0.0483,true,1,22612
7290001407936,false,בארכה-טחינה גולמית מעודנת בקבוק לחיץ 310 ג',רושדי תעשיות מזון בע,IL,בארכה טחינה מעודנת 3,גרמים,310.00,100 גרם,false,,14.90,0.0481,true,1,22616
7290001482094,false,גבינה פרמז'נו משולשים ויליפוד 200ג',זנטי אס. אי לאלין,IT,וילי פוד פרמזן משולש,גרמים,200.00,100 גרם,false,,27.90,0.1395,true,1,4825
7290001485019,false,גבינת שמנת 5% טעם טבעי 200 ג' טרה,קריות זול,IL,טרה גבינת שמנת טבעי,גרמים,200.00,100 גרם,false,,11.90,0.0595,true,1,8404
7290001491010,false,תה ירוק יסמין ויסוצקי 25 יחידות,תה ויסוצקי,IL,תה ירוק עם יסמין T.T,גרמים,37.50,100 גרם,false,,26.90,0.7173,true,1,27362
7290001491096,false,תה ירוק בתוספת לימונית ולואיזה 50 שקיקים ויסוצקי,תה ויסוצקי,IL,תה ירוק בתוספת לימונ,גרמים,75.00,100 גרם,false,,49.50,0.6600,true,1,27363
7290001567760,false,פסטרמה של פעם 300 ג' יחיעם,מעדני יחיעם,IL,פסטרמה של פעם 300 גר,גרמים,300.00,100 גרם,false,,29.90,0.0997,true,1,17780
7290001591703,false,קבב אנגוס עגול 500 גר' חלק רבנות,טיבון ויל,IL,קבב בקר אנגוס עגול ט,גרמים,500.00,100 גרם,false,,24.90,0.0498,true,1,422523
7290001594025,false,"קוקה קולה זכוכית 350 מ""ל",החברה המרכזית לייצור,IL,קוקה קולה קלאסי 350,מיליליטרים,350.00,"100 מ""ל",false,,7.50,0.0214,true,1,8877
7290001594155,false,"קוקה-קולה בבקבוק אישי 500 מ""ל",החברה המרכזית לייצור,IL,קוקה קולה 500מל,מיליליטרים,500.00,"100 מ""ל",false,,7.90,0.0158,true,1,8415
7290001594179,false,"פאנטה אורנג' בבקבוק אישי 500 מ""ל",החברה המרכזית לייצור,IL,פאנטה אורנג' 500 בקב,מיליליטרים,500.00,"100 מ""ל",false,,7.90,0.0158,true,1,8416
7290001594186,false,דיאט קוקה-קולה בבקבוק אישי,החברה המרכזית לייצור,IL,קוקה קולה דיאט 500,מיליליטרים,500.00,"100 מ""ל",false,,7.90,0.0158,true,1,8417
7290001594230,false,קינלי סודה בבקבוק זכוכית,החברה המרכזית לייצור,IL,סודה קינלי 250 מ'ל,מיליליטרים,250.00,"100 מ""ל",false,,3.90,0.0156,true,1,8418
7290001594520,false,"טובורג בקבוק 330 מ""ל פקדון",מבשלות בירה בינלאומי,IL,טובורג רד בקבוק פקדו,מיליליטרים,330.00,"100 מ""ל",false,,8.90,0.0270,true,1,66877
7290001594810,false,"שישיית בירה מאלט בבקבוק 330X6 מ""ל",קרלסברג ישראל,,מאלטי טובורג בקבוק 6,ליטרים,1.98,ליטר,false,,36.30,18.3333,true,1,117427
7290001594858,false,"טובורג רד שישייה בקבוק 330 מ""ל",קרלסברג ישראל,IL,טובורג רד בקבוק פקדו,ליטרים,1.98,ליטר,false,,44.90,22.6768,true,1,8902
7290001594865,false,"קרלסברג בירה בקבוק 6* 330 מ""ל",קרלסברג ישראל,IL,קרלסברג בירה בקבוק 6,ליטרים,1.98,ליטר,false,,44.90,22.6768,true,1,8903
7290001713167,false,סנט מוריץ - מרסס קצף ניקוי 1 ליטר סניטרי אפור,"קומפלקס כימיקלים בע""",IL,קצף לניקוי כלים סניט,ליטרים,1.00,ליטר,false,,14.90,14.9000,true,1,142086
7290001780428,false,מאגדת גלידת לייט שוקולד נסטלה 6יח' 312ג',גלידות נסטלה (נגה גל,IL,נסטלה לייט 6 שלגוני,גרמים,312.00,100 גרם,false,,33.90,0.1087,true,1,18304
7290001780800,false,קראנץ ליבת נוגט+אורז תפוח כלפ28*100ג,נסטלה גלידות,IL,קראנץ' ליבת נוגט,יחידה,0.00,יחידה,false,,10.90,0.0000,true,1,18305
7290001791349,false,פיסגה אקונומיקה ריחנית סנו 4 ליטר,"סנו מפעלי ברונוס בע""",IL,אקונומיקה ריחנית פסג,ליטרים,4.00,ליטר,false,,12.90,3.2250,true,1,33236
7290001867600,false,"תפו""א בייבי פרימיום",אראל תוצרת חקלאית בע,IL,"תפו""א בייבי פרימיום",קילוגרמים,1.00,"ק""ג",true,,8.90,8.9000,true,1,302070
7290001990148,false,"סוכר גולדן קלאסי בצנצנת 1 ק""ג סוגת",האי נאם סי או אל.טי.,IL,סוכר גולדן קלאסי בצנ,קילוגרמים,1.00,"ק""ג",false,,14.50,14.5000,true,1,20675
7290001990391,false,אפונה יבשה 1קג סוגת,"סוגת תעשיות בע""מ",IL,"אפונה 1 ק""ג",קילוגרמים,1.00,"ק""ג",false,,14.40,14.4000,true,1,20679
7290001990407,false,"עדשים ירוקים 1 ק""ג סוגת","סוגת תעשיות בע""מ",IL,עדשים ירוקים 1 קג,קילוגרמים,1.00,"ק""ג",false,,17.90,17.9000,true,1,20680
7290001990414,false,"עדשים אדומים יבש סוגת 1 ק""ג","סוגת תעשיות בע""מ",IL,סוגת עדשים אדומים 1,קילוגרמים,1.00,"ק""ג",false,,17.90,17.9000,true,1,20681
7290001990421,false,"פופקורן גרעינים סוגת 1 ק""ג","סוגת תעשיות בע""מ",IL,"סוגת פופקורן 1 ק""ג",קילוגרמים,1.00,"ק""ג",false,,12.90,12.9000,true,1,20682
7290002007234,false,אבקת סוכר הנמל 100 גרם,"מיוצר וארוז ע""י: ר.ס",IL,אבקת סוכר 100ג,גרמים,100.00,100 גרם,false,,2.50,0.0250,true,1,9641
7290002007500,false,קיסמי שיניים במבוק בחבית 500 יח',הנמל אריזות ושיווק ב,CN,קיסמים חבית הנמל 500,יח',500.00,יח',false,,4.90,0.0098,true,1,9651
7290002007982,false,מזלגות חד פעמי 100 יח',הנמל אריזות ושיווק ב,IL,מזלגות חד פעמי 100 י,יחידה,0.00,יחידה,false,,13.90,0.0000,true,1,9663
7290002008187,false,קשים לשתיה מתקפלים 40 יח',"איטיליאן פוד, אס.פי.",CN,קש לשתיה מתקפל 40יח,יחידה,0.00,יחידה,false,,2.50,0.0000,true,1,9677
7290002008347,false,קורנפלור 500 גרם הנמל,קריות זול,,קורנפלור 500 גרם,גרמים,500.00,100 גרם,false,,6.90,0.0138,true,1,9684
7290002008354,false,מפת מגן נילון לשולחן,"איטיליאן פוד, אס.פי.",IL,מפת מגן נילון לשולחן,יחידה,0.00,יחידה,false,,11.90,0.0000,true,1,56096
7290002008507,false,נייר אפיה הנמל 50 יחידות,הנמל אריזות ושיווק ב,IL,נייר אפיה 50יח,יחידה,0.00,יחידה,false,,9.90,0.0000,true,1,9688
7290002008750,false,אבקת אפיה הנמל מארז 10X10 ג',"מיוצר ע""י:ר.ס. חברה",IL,אבקת אפיה 10*10 גרם,גרמים,100.00,100 גרם,false,,3.90,0.0390,true,1,9694
7290002008989,false,קישקשים קשים לשתיה 225יח הנמל,הנמל אריזות ושיווק ב,CN,קישקשים 225 יח,יחידה,0.00,יחידה,false,,10.90,0.0000,true,1,9702
7290002043065,false,פריכיות אורז חום מלא בציפוי שוקולד מריר בלגי 70 ג',נוהלס,BG,פריכוני אורז בציפוי,גרמים,70.00,100 גרם,false,,10.30,0.1471,true,1,258661
7290002043072,false,אקסטרה פריכוני אורז בציפוי שוקולד חלב בלגי 70 גר,נוהלס,BG,פריכוני אורז בציפוי,גרמים,70.00,100 גרם,false,,10.30,0.1471,true,1,258675
7290002043225,false,ציפס אורז חום מלא פפריקה אקסטרא 60 ג',מימונס אפיה,BG,צ'יפס פפריקה אקסטרה,גרמים,60.00,100 גרם,false,,9.40,0.1567,true,1,258690
7290002043348,false,ציפס אורז חום מלא צי'ה וקינואה אקסטרא 60 ג',JS. A.F.P Co,BG,צ'יפס צ'יה וקינואה א,גרמים,60.00,100 גרם,false,,9.40,0.1567,true,1,275381
7290002043782,false,ציפס אורז חום מלא טקסס ברביקיו אקסטרא 60 ג',מימונס אפיה,BG,צ'יפס טקסס ברבקיו אק,גרמים,60.00,100 גרם,false,,9.40,0.1567,true,1,258691
7290002053088,false,אטריות ביצים דקיקות מספר 8 אוריינט 200 גרם,פ.פ.ח טאביט,PL,אטריות ביצים מס' 8 א,גרמים,210.00,100 גרם,false,,8.90,0.0424,true,1,5290
7290002057185,false,טבעות זיתים ירוקים קבוצת יבנה 560 גרם,קבוצת יבנה,IL,טבעות זיתים ירוקים ק,גרמים,540.00,100 גרם,false,,9.90,0.0183,true,1,56108
7290002057352,false,מלפפון יבנה במלח גדולים 7-9 320 גרם,קבוצת יבנה מוצרי מזו,IL,מלפפונים במלח 7-9 ק,גרמים,560.00,100 גרם,false,,7.90,0.0141,true,1,56113
7290002057369,false,מלפפונים במלח בינוני קבוצת יבנה 560 גרם,קבוצת יבנה,IL,מלפפון במלח 10-12 קב,גרמים,560.00,100 גרם,false,,8.90,0.0159,true,1,56114
7290002057475,false,מלפפונים בחומץ קטן קבוצת יבנה 560 גרם,קבוצת יבנה,IL,מלפפון בחומץ 13-17 ק,גרמים,560.00,100 גרם,false,,10.90,0.0195,true,1,56120
7290002057482,false,מלפפון יבנה בחומץ קטנים מאוד 18-25 290 ג,קבוצת יבנה,IL,מלפפון בחומץ 18-25 ק,גרמים,560.00,100 גרם,false,,13.90,0.0248,true,1,56121
7290002057604,false,פלפל חריף שיפקה קבוצת יבנה 225 גרם.,קבוצת יבנה,IL,פלפל חריף שיפקה קבוצ,גרמים,560.00,100 גרם,false,,6.90,0.0123,true,1,56123
7290002065555,false,"לחמניות שישיה בשקית ""אנג'ל""",מאפיית שלמה א. אנג'ל,IL,6 לחמניות רכות אנגל,גרמים,450.00,100 גרם,false,,11.90,0.0264,true,1,69448
7290002065616,false,לחם שיפון גרעינים פרוס אחדות 750 גרם,מאפיית שלמה א. אנג'ל,IL,שיפון גרעינים אנגל 7,גרמים,750.00,100 גרם,false,,14.90,0.0199,true,1,69449
7290002107491,false,גבינה לבנה מחלב עיזים למריחה 5% משק צוריאל 250 גרם,מחלבת משק צוריאל,IL,צוריאל גבינת עזים למ,גרמים,250.00,100 גרם,false,,16.90,0.0676,true,1,8427
7290002107798,false,גבינה בולגרית מעודנת 5% משק צוריאל 250 גרם,מחלבת משק צוריאל,IL,צוריאל בולגרית מעודנ,גרמים,250.00,100 גרם,false,,23.90,0.0956,true,1,8430
7290002129479,false,פיצה איטלקית דקה 320 ג' שלושת האופים,האי נאם סי או אל.טי.,IT,פיצה איטלקית דקה שלש,גרמים,320.00,100 גרם,false,,18.90,0.0591,true,1,491501
7290002130567,false,דבש טהור מפרחי בר בזכוכית 350 גרם,מכוורת יד מרדכי שטרא,IL,דבש טהור מפרחי בר בצ,גרמים,350.00,100 גרם,false,,22.90,0.0654,true,1,25360
7290002132011,false,עוגיות מזרחיות מלוחות עבאדי 400 גרם,מאפיית יוסף ושמחה עב,IL,עבדי עוגיות מזרחיות,גרמים,400.00,100 גרם,false,,20.90,0.0522,true,1,27365
7290002157953,false,מארז נתחי טונה בהירה בשמן קנולה - 4 יחידות,דיאמנט פוד פרודקט,IL,טונה בשמן קנולה וילי,גרמים,560.00,100 גרם,false,,23.90,0.0427,true,1,19669
7290002204169,true,אגס נאשי מארז,,,אגס נאשי מארז,גרמים,500.00,100 גרם,false,,14.90,0.0298,true,1,497654
7290002253006,false,שום כתוש בצנצנת 200 גר דורות,עיצובים 2020 (3.8),IL,דורות שום כתוש טרי 2,גרמים,200.00,100 גרם,false,,18.90,0.0945,true,1,23386
7290002253167,false,פטרוזיליה קצוצה דורות 70 גרם,עיצובים 2020 (3.8),IL,פטרוזליה טרייה קצוצה,גרמים,70.00,100 גרם,false,,12.90,0.1843,true,1,23391
7290002253198,false,ג'ינג'ר טרי כתוש במגשית 70 ג' דורות,עיצובים 2020 (3.8),IL,דורות ג'ינג'ר טרי כת,גרמים,70.00,100 גרם,false,,12.30,0.1757,true,1,23394
7290002255031,false,סיגרים במילוי בשר חט,חטיפי אלקיים בעמ,IL,סיגרים במילוי בשר חט,גרמים,800.00,100 גרם,false,,23.90,0.0299,true,1,117548
7290002259640,false,דיימונד רדיד אלומיניום צר 30 ס''מ 7.5 מ'-,ריינולדס מוצרי צריכה,US,רדיד אלומיניום דאיימ,מטרים,7.60,מטר,false,,13.90,1.8289,true,1,5706
7290002317081,false,זיתים נטולי גלעין +20% 670ג A2 מטולה,שימורי מוטולה,IL,זיתים נטולי גלעין 20,גרמים,670.00,100 גרם,false,,12.50,0.0187,true,1,26955
7290002317289,false,חצילים כבושים מוטול,שימורי מוטולה,IL,חצילים מוטולה 560 גר,גרמים,560.00,100 גרם,false,,10.90,0.0195,true,1,26968
7290002317579,false,זיתים טבעות ירוק 560ג A2 מטולה,שימורי מוטולה,IL,טבעות זיתים ירוקים מ,גרמים,560.00,100 גרם,false,,12.50,0.0223,true,1,26989
7290002317609,false,כרוב כבוש 560ג A2 מטולה,שימורי מוטולה,IL,כרוב כבוש מוטולה 560,גרמים,560.00,100 גרם,false,,7.50,0.0134,true,1,26991
7290002317616,false,זיתים מרינט 17-19 560ג A2 מטולה,שימורי מוטולה,IL,זיתים חתוכים מרינט 1,גרמים,560.00,100 גרם,false,,12.50,0.0223,true,1,26992
7290002317753,false,טבעות ירוק צנצנת מוטולה,שימורי מוטולה,IL,טבעות זיתים ירוקים ב,גרמים,560.00,100 גרם,false,,12.50,0.0223,true,1,26999
7290002319016,false,אבקת אפיה מיה מארז 10X10 ג',"מיה תעשיות מזון בע""מ",IL,אבקת אפיה 10 יח' מיה,גרמים,100.00,100 גרם,false,,2.90,0.0290,true,1,53889
7290002319023,false,סוכר וניל מיה עשיריו,"מיה תעשיות מזון בע""מ",IL,1/10 סוכר וניל,גרמים,100.00,100 גרם,false,,3.50,0.0350,true,1,53890
7290002319061,false,קוקוס טחון מיה 100 גרם,מיה,IL,.קוקוס טחון 100 גר.,גרמים,100.00,100 גרם,false,,4.50,0.0450,true,1,53893
7290002319078,false,שומשום מיה 100 גרם,"מיה תעשיות מזון בע""מ",IL,שומשום 100ג,גרמים,100.00,100 גרם,false,,4.90,0.0490,true,1,53894
7290002319092,false,קמח תפוחי אדמה מיה 500 גר',מיה תעשיות מזון,IL,קמח תפוחי אדמה מיה 5,גרמים,500.00,100 גרם,false,,5.90,0.0118,true,1,16971
7290002319122,false,גריסים יבשים מיה 500 גר',"מיה תעשיות מזון בע""מ",IL,גריסים מיה 500 גרם,גרמים,500.00,100 גרם,false,,5.90,0.0118,true,1,16972
7290002319146,false,שעועית אדומה מיה 500 גרם,"מיה תעשיות מזון בע""מ",IL,שעועית אדומה מיה 500,גרמים,500.00,100 גרם,false,,11.90,0.0238,true,1,53898
7290002319160,false,אפונה ירוקה יבשה מיה 500 ג',"מיה תעשיות מזון בע""מ",IL,אפונה יבשה מיה 500 ג,גרמים,500.00,100 גרם,false,,5.90,0.0118,true,1,53899
7290002319207,false,כוסמת מיה 500 גרם,"מיה תעשיות מזון בע""מ",IL,כוסמת מיה 500 גרם,גרמים,500.00,100 גרם,false,,9.90,0.0198,true,1,53903
7290002327059,false,"בצק עלים 1 ק""ג שלושת האופים קהילות",שלושת האופים,IL,בצק עלים 1 ק`ג,קילוגרמים,1.00,"ק""ג",false,,22.90,22.9000,true,1,19688
7290002331025,false,"מים מינרלים נביעות ספורט 500 מ""ל פקדון",נביעות טבע הגליל בעמ,IL,נביעות 1/2 ליטר ספור,מיליליטרים,500.00,"100 מ""ל",false,,4.90,0.0098,true,1,8434
7290002331124,false,נביעות+ מים מינרליים בטעם תפוח,נביעות טבע הגליל בעמ,IL,נביעות מים מינרלים ב,מיליליטרים,500.00,"100 מ""ל",false,,7.50,0.0150,true,1,8915
7290002331155,false,מים נביעות בטעם אפרסק 0.5 ליטר,נביעות טבע הגליל בעמ,IL,נביעות מים מינרלים ב,מיליליטרים,500.00,"100 מ""ל",false,,7.50,0.0150,true,1,8917
7290002331322,false,שישיית מים נביעות 1.5 ליטר,נביעות,IL,מי נביעות שישייה 1.5,ליטרים,9.00,ליטר,false,,12.90,1.4333,true,1,8919
7290002331360,false,"נביעות מים מינרליים טו גו מארז 500X6מ""ל",קריות זול,IL,נביעות TO GO שישייה,ליטרים,3.00,ליטר,false,,19.90,6.6333,true,1,8920
7290002331483,false,"שישיית נביעות אישי בייבי 320 מ""ל",נביעות טבע הגליל בעמ,IL,נביעות בייבי 320*6 מ,ליטרים,1.92,ליטר,false,,15.90,8.2813,true,1,8440
7290002331711,false,נביעות+מים מינרליים בטעם ענבים,נביעות טבע הגליל בעמ,IL,נביעות מים מינרלים ב,מיליליטרים,500.00,"100 מ""ל",false,,7.50,0.0150,true,1,8935
7290002353836,false,סרדינים רוברט בשמן זית 115 גרם,קונסרבס פורטוגל נורט,PT,סרדינים רוברט בשמן ז,גרמים,120.00,100 גרם,false,,10.90,0.0908,true,1,19707
7290002360124,false,חליטת צמחים ורד הבר והיביסקוס פומפדור 20 יחידות,TEEKANNE- POMPADOU,DE,פומפדור חליטת ורד הב,גרמים,30.00,100 גרם,false,,17.90,0.5967,true,1,24731
7290002360285,false,תה פומפדור חליטת צמחים קמומיל 20 שק,TEEKANNE- POMPADOU,DE,פומפדור חליטת קמומיל,גרמים,30.00,100 גרם,false,,17.90,0.5967,true,1,24736
7290002371533,false,דקניקים סלסולי פסטרמה בדבש 120 ג' טירת צבי,הנסיך- מפעל לייצור ט,IL,טירת צבי סלסולי פסטר,גרמים,120.00,100 גרם,false,,16.90,0.1408,true,1,28026
7290002371540,false,דקניקים קורנדביף 120 ג' טירת צבי,הנסיך- מפעל לייצור ט,IL,טירת צבי קורנדביף דק,גרמים,120.00,100 גרם,false,,16.90,0.1408,true,1,28027
7290002371939,false,סרוולד בסגנון צרפתי דליקטיב 120 גרם,הנסיך- מפעל לייצור ט,IL,טירת צבי סרוולד צרפת,גרמים,120.00,100 גרם,false,,31.90,0.2658,true,1,28030
7290002374268,false,שמן חמניות מילומור 1 ליטר,שמן תעשיות,IL,שמן חמניות מילומור 1,ליטרים,1.00,ליטר,false,,13.90,13.9000,true,1,32784
7290002374312,false,"שמן קנולה מילומור 1 ל' עד""ח","נארז ע""י : א.ג. גילר",IL,שמן קנולה מילומור 1,ליטרים,1.00,ליטר,false,,12.90,12.9000,true,1,32785
7290002374640,false,שמן קנולה פלוס אומגה 3 1 ליטר עץ הזית,שמן תעשיות,IL,שמן קנולה פלוס אומגה,ליטרים,1.00,ליטר,false,,19.40,19.4000,true,1,32787
7290002407348,false,"שמן זית כתית מעולה 750 מ""ל ג'השאן",משק משפחת ג'השאן,IL,שמן זית כתית מעולה ג,מיליליטרים,750.00,"100 מ""ל",false,,34.90,0.0465,true,1,7139
7290002502296,false,בונז'ור לחמניה קלועה קנוי 100 ג',בונז'ור,,בונז'ור לחמניוה קלוע,יח',1.00,יח',false,,4.90,4.9000,true,1,69228
7290002542506,false,"בקבוק בירה קורונה 355 מ""ל",קריניציה ויטמינה אס,MX,קורונה בירה בקבוק 35,מיליליטרים,355.00,"100 מ""ל",false,,9.90,0.0279,true,1,33019
7290002543046,false,קלוגס פרוסטיס דגנים וסוכר 750ג',קלוג מנייופרטורינג א,ES,פרוסטיס דגני קלוגס 7,גרמים,750.00,100 גרם,false,,21.90,0.0292,true,1,7232
7290002543237,false,דגני בוקר קלוגס קורנפלקס 750 גרם,קלוגס קומפני אוף גרי,DE,קורנפלקס קלוגס 750 ג,גרמים,750.00,100 גרם,false,,17.90,0.0239,true,1,7236
7290002627210,false,"גפילטעפיש קציצות מדגי קרפיון וכסיף 560 גר' בעל""ז",האי נאם סי או אל.טי.,IL,גפילטע פיש בצנצנת דל,גרמים,560.00,100 גרם,false,,14.90,0.0266,true,1,205591
7290002661863,false,קרוטונים מתובלים למרק 350 גרם,מאפית י את א ברמן בע,IL,קרוטונים מתובלים למר,גרמים,350.00,100 גרם,false,,18.90,0.0540,true,1,201312
7290002692478,false,"שמן זית כתית מעולה קלאסי מעודן 750 מ""ל עץ הזית","מרקאולאו, ספרד.אבסה,",IT,שמן זית כתית מעולה מ,מיליליטרים,750.00,"100 מ""ל",false,,37.90,0.0505,true,1,32792
7290002703068,false,צנצנת דבש עין חרוד 1,עין חרוד,IL,צנצנת דבש עין חרוד 1,קילוגרמים,1.00,"ק""ג",false,,47.90,47.9000,true,1,40521
7290002703426,false,דבש לחיץ מכוורת 250,,,דבש לחיץ מכוורת 250,גרמים,250.00,100 גרם,false,,14.90,0.0596,true,1,40530
7290002703679,false,סילאן 100% טבעי עין,,,סילאן 100% טבעי עין,גרמים,900.00,100 גרם,false,,21.90,0.0243,true,1,40532
7290002730811,false,"משחת שיניים ג'ל פסים מרעננים קולגייט 100 מ""ל",הנסיך- מפעל לייצור ט,PL,משחת שיניים גל משפחת,מיליליטרים,100.00,"100 מ""ל",false,,14.80,0.1480,true,1,24747
7290002730941,false,צמר גפן פרוס בלונס 100 גרם,הנסיך- מפעל לייצור ט,GR,צמר גפן פרוס בלונס 1,גרמים,100.00,100 גרם,false,,6.90,0.0690,true,1,24751
7290002730958,false,סבון מוצק בניחוח זיתים ואלוורה פלמוליב 4*100 גרם,הנסיך- מפעל לייצור ט,TR,סבון מוצק ירוק זית פ,גרמים,400.00,100 גרם,false,,17.90,0.0447,true,1,24752
7290002735021,false,ינון גחנון ארוז 750גר,ג'נרל מילס סאן אדריא,IL,ינון גחנון ארוז 750,גרמים,750.00,100 גרם,false,,14.90,0.0199,true,1,68426
7290002750321,false,לחמניית אצבע 100 גרם,,,לחמניית אצבע 100 גרם,יח',1.00,יח',false,,3.00,3.0000,true,1,66089
7290002752493,false,רביעיה סוכריות מנטה 4* 16 ג' טיק טק,קריות זול,EC,טיק טק 1/4,גרמים,64.00,100 גרם,false,,12.90,0.2016,true,1,50035
7290002753223,false,רביעייה סוכריות תפוז 4*16 ג' טיק טק,קריות זול,EC,טיק טק תפוז 4/1,גרמים,64.00,100 גרם,false,,12.90,0.2016,true,1,50036
7290002757139,false,מלוואח 700 גר' שלושת האופים קהילות,שלושת האופים,IL,שלושת האופים מלוואח,גרמים,700.00,100 גרם,false,,15.90,0.0227,true,1,67807
7290002768159,false,"קצף אמבט בת אורן קרליין 500 מ""ל",פארק תעשיות עמק חפרמ,IL,קצף אמבט בת אורן 500,מיליליטרים,500.00,"100 מ""ל",false,,17.90,0.0358,true,1,33259
7290002787884,false,"בורקס מקלות פילו תפו""א 3.האופים 600 ג'",שגמור,IL,שלושת האופים מקלות פ,גרמים,600.00,100 גרם,false,,21.90,0.0365,true,1,118209
7290002793311,false,שירות והחלפה מילוי גז 60 סודהסטרים,סודה סטרים,IL,מילוי למכשיר 50,יחידה,0.00,יחידה,false,,60.00,0.0000,true,1,20852
7290002814160,false,מסיר שומנים קר סנט מ,,,מסיר שומנים קר סנט מ,יחידה,0.00,יחידה,false,,19.90,0.0000,true,1,134962
7290002824183,false,"גבינה לבנה סקי 500 גרם 5% ""שטראוס"" -מוצר בפיקוח",מיוצר עי קונדיטוריית,IL,גבינה לבנה 5% סקי 50,גרמים,500.00,100 גרם,false,,9.50,0.0190,true,1,26058
7290002824466,false,יוגורט דנונה ביו לבן 0% שומן 200 גרם,"שטראוס בריאות בע""מ",IL,דנונה יוגורט ביו 0%,מיליליטרים,200.00,"100 מ""ל",false,,3.90,0.0195,true,1,26059
7290002824640,false,"גבינת סקי 250 גרם 5% ""שטראוס"" -מוצר בפיקוח",מיוצר עי קונדיטוריית,IL,גבינה 5% סקי 250 גרם,גרמים,250.00,100 גרם,false,,4.98,0.0199,true,1,26060
7290002825722,false,סלט כרוב אדום אחלה 500 גרם,מיוצר עי קונדיטוריית,IL,אחלה כרוב אדום 500ג,גרמים,500.00,100 גרם,false,,16.90,0.0338,true,1,26062
7290002868996,false,"קוטג' 5% שומן, רכיבים טבעיים, 250 גרם",קריות זול,IL,טרה קוטג מועשר 5% 25,גרמים,250.00,100 גרם,false,,5.90,0.0236,true,1,8445
7290002871248,false,בירה טובורג רד בבקבוק חוזר,מבשלות בירה בינלאומי,IL,בירה טובורג רד בקבוק,מיליליטרים,500.00,"100 מ""ל",false,,10.90,0.0218,true,1,8943
7290002881230,false,חתיכות אננס בסירופ ק,"אניס פארם בע""מ",VN,אננס חתוך תומר 850 ג,גרמים,850.00,100 גרם,false,,11.90,0.0140,true,1,27618
7290002881957,false,סרדינים מרוקאי חריף בשמן חמניות 125ג' תומר,Union des pecheries,,סרדין מרוקאי חריף תו,גרמים,125.00,100 גרם,false,,6.90,0.0552,true,1,27654
7290002900566,false,פסטרמה ברביקיו דל שומן טירת צבי 360 ג',הנסיך- מפעל לייצור ט,IL,פסטרמה ברביקיו דל שו,גרמים,360.00,100 גרם,false,,35.90,0.0997,true,1,28031
7290002909880,false,"פולי סויה - אדממה - 400 גרם (בד""ץ עדה חרדית)",ZHEJIANG,CN,פולי סויה אדממה בלדי,גרמים,400.00,100 גרם,false,,12.90,0.0323,true,1,39905
7290002921349,false,לוקטייט סופר גלו 3 - זוגי,יעקובי סופר גלו,TR,סופר גלו 3 זוגי,יחידה,0.00,יחידה,false,,15.90,0.0000,true,1,13384
7290002929642,false,טונה ויליגר 392 גרם בשמן רביעייה,דיאמנט פוד פרודקט קו,TH,טונה בשמן ויליגר רבי,גרמים,560.00,100 גרם,false,,24.90,0.0445,true,1,19810
7290002971955,false,קמח שטיבל חיטה לבן מנופה 1קג,טחנת קמח דגן-שטיבל,IL,קמח לבן 650 ללא צורך,קילוגרמים,1.00,"ק""ג",false,,9.90,9.9000,true,1,117587
7290002972006,false,"קמח שטיבל 405 ללא ניפוי 1 ק""ג",טחנת קמח דגן-שטיבל,IL,קמח בהיר 405 ללא צור,קילוגרמים,1.00,"ק""ג",false,,9.90,9.9000,true,1,117588
7290002972365,false,קמח תופח שטיבל 13 ללא צורך בניפוי 1 קג,טחנת קמח דגן-שטיבל,IL,קמח תופח ללא צורך בנ,קילוגרמים,1.00,"ק""ג",false,,9.90,9.9000,true,1,117589
7290002973829,false,קמח כוסמין לבן ללא צ,"שטיבל בע""מ",IL,קמח כוסמין לבן ללא צ,קילוגרמים,1.00,"ק""ג",false,,16.90,16.9000,true,1,264692
7290002987963,false,"סלט חומוס אחלה 1 ק""ג",מיוצר עי קונדיטוריית,IL,אחלה חומוס 1קג,קילוגרמים,1.00,"ק""ג",false,,15.90,15.9000,true,1,26063
7290003009312,false,בוטן קלוי קלית גת 200 ג',הדקלאים אגודת שיתופי,IL,בוטן קלוי 200 גרם,גרמים,200.00,100 גרם,false,,8.90,0.0445,true,1,15213
7290003009329,false,בוטן אמריקאי קלית גת 200 ג',הדקלאים אגודת שיתופי,IL,בוטן אמריקאי מצופה 2,גרמים,200.00,100 גרם,false,,6.90,0.0345,true,1,117874
7290003009336,false,קבוקים קליית גת 200 גרם,הדקלאים אגודת שיתופי,IL,קבוקים מצופים 200 גר,גרמים,200.00,100 גרם,false,,6.90,0.0345,true,1,117875
7290003009596,false,"סירופ דיאט אשכוליות פריגת 750 מ""ל",סירופ - גבעת חיים,IL,סירופ דיאט אשכוליות,מיליליטרים,750.00,"100 מ""ל",false,,23.90,0.0319,true,1,8457
7290003009640,false,מיץ תפוזים סחוט רכיבים טבעיים פריגת 1 ליטר,פריגת מצוננים,IL,פריגת סחוט מיץ תפוזי,ליטרים,1.00,ליטר,false,,16.90,16.9000,true,1,8461
7290003011087,false,אורז בסמטי אלפאנט 1 קג,אלסקה/ טילדה,IN,אלסקה אורז בסמטי אלפ,קילוגרמים,1.00,"ק""ג",false,,10.90,10.9000,true,1,6551
7290003013128,false,פתיל צף מתומן כ-50 יחידות שלהבת,שלהבת,,פתיל צף משושה 48 יח,יחידה,0.00,יחידה,false,,4.90,0.0000,true,1,43772
7290003015641,false,"נוזל רצפות יסמין 2 ליטר ""ריצפז פרש""",קריות זול,IL,ריצפז פרש יסמין 2 לי,ליטרים,2.00,ליטר,false,,19.90,9.9500,true,1,33271
7290003029181,false,משקה יטבתה שוקו' בקבוק 1ל מהדרין,שטראוס גרופ,IL,יטבתה שוקו בקבוק 1ל,ליטרים,1.00,ליטר,false,,12.90,12.9000,true,1,26067
7290003029372,false,משקה חלב בטעם בננה יטבתה 1 ליטר,שטראוס גרופ,IL,יטבתה משקה חלב בננה,ליטרים,1.00,ליטר,false,,12.90,12.9000,true,1,26070
7290003029389,false,"משקה חלב בננה פקק ספורט 250 מ""ל יוטבתה",שטראוס גרופ,IL,יטבתה משקה חלב בננה+,מיליליטרים,250.00,"100 מ""ל",false,,5.90,0.0236,true,1,26071
7290003029433,false,"משקה יטבתה שוקו פקק 250 מ""ל מהדרין",שטראוס גרופ,IL,יטבתה שוקו +פקק 250,מיליליטרים,250.00,"100 מ""ל",false,,5.90,0.0236,true,1,26072
7290003029532,false,משקה מוקה יטבתה 1 ליטר מהדרין,שטראוס גרופ,IL,יטבתה מוקה 1ל,ליטרים,1.00,ליטר,false,,12.90,12.9000,true,1,26074
7290003029792,false,"משקה יטבתה שוקו שקיות מהדרין מארז 225X8מ""ל",שטראוס גרופ,IL,יטבתה מהדרין שוקו שק,ליטרים,1.80,ליטר,false,,21.90,12.1667,true,1,26076
7290003029907,false,אייס קפה יטבתה 1 ליטר מהדרין,שטראוס גרופ,IL,יטבתה אייס קפה 1ל,ליטרים,1.00,ליטר,false,,12.90,12.9000,true,1,26079
7290003047642,false,תה שחור יילו לייבל 100*1.5 ג' שקיק ליפטון,"יונילוור רוסייה בע""מ",RU,תה ליפטון יילו לייבל,גרמים,150.00,100 גרם,false,,15.90,0.1060,true,1,12690
7290003054657,false,חרדל ריין דיז'ון אקסטרא פורטה 370 גרם,מרום את קונפינו,FR,חרדל דיג'ון אקסטרא פ,גרמים,370.00,100 גרם,false,,13.90,0.0376,true,1,30500
7290003107148,false,"קמח לבן דגן 1 ק""ג",טחנות קמח דגן בעמ,IL,"קמח לבן דגן 1 ק""ג",קילוגרמים,1.00,"ק""ג",false,,4.90,4.9000,true,1,67062
7290003107216,false,קמח 1 קג שימורי איכ,טחנות קמח דגן בעמ,IL,"קמח לבן דגן 1 ק""ג",קילוגרמים,1.00,"ק""ג",false,,6.90,6.9000,true,1,11337
7290003107223,false,"סולת לנדא ארוז 1 ק""ג",טחנות קמח דגן בעמ,IL,"סולת חיטה דגן 1 ק""ג",קילוגרמים,1.00,"ק""ג",false,,6.90,6.9000,true,1,11338
7290003107315,false,"סולת בד""צ ארוז 1 ק""ג",,,"סולת דגן 1 ק""ג",קילוגרמים,1.00,"ק""ג",false,,4.90,4.9000,true,1,11340
7290003107346,false,טחנת קמח דגן קמח 1 קג,,,קמח חיטה לבן דגן 1 ק,קילוגרמים,1.00,"ק""ג",false,,4.90,4.9000,true,1,11342
7290003119110,false,קוקה- קולה מארז שישייה,קוקה קולה,IL,קוקה קולה 6*1.5ליטר,ליטרים,9.00,ליטר,false,,50.10,5.5667,true,1,8951
7290003126712,false,יוגורט עיזים מחלב מלא 3.7% משק צוריאל 150 גרם,מחלבת משק צוריאל,IL,צוריאל יוגורט עיזים,מיליליטרים,150.00,"100 מ""ל",false,,6.90,0.0460,true,1,8468
7290003142422,false,גרעיני חמניה בשקית ללא מלח קליית גת 180 גרם,"ג'י אנד ג'י בע""מ",IL,גרעיני חמניה ללא מלח,גרמים,180.00,100 גרם,false,,6.90,0.0383,true,1,15225
7290003143146,false,ממרח תמרים קליית גת 450 גרם,הדקלאים אגודת שיתופי,IL,ממרח תמרים 450 גרם,גרמים,450.00,100 גרם,false,,6.90,0.0153,true,1,15237
7290003143276,false,יוגטה מרשמלו ממתק מוקצף בטעם תות שדה 180 גרם,תות ממתקי איכות,IL,יוגטה מרשמלו מגולגל,גרמים,180.00,100 גרם,false,,8.90,0.0494,true,1,15244
7290003143337,false,סילאן טבעי קליית גת 350 גרם בקבוק לחיץ,ליימן מותגים,IL,סילאן טבעי 350 גרם,גרמים,350.00,100 גרם,false,,21.90,0.0626,true,1,15246
7290003145751,false,"קליית גת אגוזי קלויים, 200 גרם",הדקלאים אגודת שיתופי,IL,קשיו קלוי 200 גרם,גרמים,200.00,100 גרם,false,,21.90,0.1095,true,1,15297
7290003145782,false,צנובר רכיבים טבעיים קליית גת 100 גרם,הדקלאים אגודת שיתופי,IL,צנובר טבעי 100 גרם,גרמים,100.00,100 גרם,false,,27.90,0.2790,true,1,15299
7290003145959,false,פקאן טבעי 150 גרם קליית גת,ליימן מותגים,IL,אגוז פקאן טבעי 150 ג,גרמים,150.00,100 גרם,false,,21.90,0.1460,true,1,15300
7290003217014,false,תנעמי פיתות מיזרחיות 5*100גר,יוניליוור גרמניה Gm,IL,5 פיתות מזרחיות תנעמ,גרמים,500.00,100 גרם,false,,7.90,0.0158,true,1,6398
7290003220595,false,"ווק אורז לסושי 1 ק""ג WOK","מיה תעשיות מזון בע""מ",IL,אורז לסושי 1 ק'ג WOK,קילוגרמים,1.00,"ק""ג",false,,14.90,14.9000,true,1,384721
7290003229116,false,פסטרמה הודו בדבש 3% טירת צבי 400 גרם,הנסיך- מפעל לייצור ט,IL,א.מ פסטרמה בדבש 400,גרמים,400.00,100 גרם,false,,31.90,0.0797,true,1,28041
7290003229123,false,פסטרמה הודו על גחלים 2% טירת צבי 400 גרם,הנסיך- מפעל לייצור ט,IL,א.מ. פסטרמה על גחלים,גרמים,400.00,100 גרם,false,,31.90,0.0797,true,1,28042
7290003229147,false,נקניק סלמי איטלקי מעושן טירת צבי 300 גרם,הנסיך- מפעל לייצור ט,IL,סלמי בסגנון איטלקי 3,גרמים,300.00,100 גרם,false,,35.90,0.1197,true,1,28043
7290003229192,false,נקניק כתף בקר מעושן 2% טירת צבי 400 גרם,טיב טירת צבי 2000,IL,א.מ. כתף בקר מעושן 4,גרמים,400.00,100 גרם,false,,34.90,0.0872,true,1,28046
7290003268252,false,לחם חיטה מלא לילדים 750 ג' דגנית עין בר,יוניליוור גרמניה Gm,IL,לחם חיטה מלא ללא גרע,גרמים,750.00,100 גרם,false,,14.90,0.0199,true,1,6403
7290003268429,false,לחם ירוק מקמח מלא 750 ג' דגנית עין בר,מולינו ניקולי s.p.a,IL,לחם מקמח מלא דגנית 7,גרמים,750.00,100 גרם,false,,15.90,0.0212,true,1,6404
7290003321155,false,יוגורט בר עם פקאן מצופה שוקולד 183 ג' דנונה,"שטראוס בריאות בע""מ",IL,דנונה קראנצ' ששבי פק,מיליליטרים,183.00,"100 מ""ל",false,,4.90,0.0268,true,1,26080
7290003332007,false,קפה נחלה סובחי 250גר,סובחי נחלה ובניו,,קפה נחלה סובחי 250ג,גרמים,250.00,100 גרם,false,,15.90,0.0636,true,1,38348
7290003387410,false,בלונס פדים להסרת איפור שלישייה,SEPTONA S.A.,GR,מגבונים להסרת איפור,יחידה,0.00,יחידה,false,,24.90,0.0000,true,1,24755
7290003411993,false,גפרורים הנמל 10 יחיד,"איטיליאן פוד, אס.פי.",SE,גפרורים 10 יחידות,יחידה,0.00,יחידה,false,,3.90,0.0000,true,1,9752
7290003423909,false,חטיף הרשי קוקיס קרם לבן 43 גרם,ליימן מותגים,US,קוקיז אנד קרים 43 גר,גרמים,43.00,100 גרם,false,,4.90,0.1140,true,1,14995
7290003438013,false,ממרח זיתים ירוקים אוליביה 190 גרם,קריות זול,IL,אוליביה ממרח זיתים א,גרמים,190.00,100 גרם,false,,14.90,0.0784,true,1,5332
7290003438020,false,ממרח עגבניות מיובשות אוליביה 190 גרם,מיוצר עי קונדיטוריית,IL,אוליביה ממרח עגבניות,גרמים,190.00,100 גרם,false,,14.90,0.0784,true,1,5333
7290003438990,false,עיטורי עגבניות מיובשות וזיתים אוליביה 280 ג',אוליביה גורמה בעמ,IL,עיטורי עגבניות מיובש,גרמים,220.00,100 גרם,false,,20.90,0.0950,true,1,5348
7290003514007,false,מנה שקדי מרק מנה 400 גרם,מנה Mana,IL,שקדי מרק מנה 400 גרם,גרמים,400.00,100 גרם,false,,8.90,0.0223,true,1,24757
7290003578108,false,חתיכות אננס בסירופ קל וילי פוד 850 גרם,קריות זול,TH,אננס חתוך ויליפוד 85,גרמים,490.00,100 גרם,false,,9.90,0.0202,true,1,4833
7290003643004,false,"סוגת אורז בסמטי קלאסי 1 ק""ג",האי נאם סי או אל.טי.,IL,"סוגת אורז בסמטי 1 ק""",קילוגרמים,1.00,"ק""ג",false,,15.90,15.9000,true,1,20684
7290003643134,false,סוגת סוכר וניל 10 יח*10 גרם,גוד פוד פרודקטס S.p,IL,סוגת סוכר וניל 10 יח,גרמים,100.00,100 גרם,false,,2.90,0.0290,true,1,20686
7290003643172,false,אבקת סוכר 100 גרם סוגת,א.ל ייצור ושיווק תבל,IL,סוגת אבקת סוכר 100 ג,גרמים,100.00,100 גרם,false,,2.90,0.0290,true,1,20690
7290003643387,false,"סוכר לבן בצנצנת 1 ק""ג סוגת",האי נאם סי או אל.טי.,IL,סוכר לבן בצנצנת סוגת,קילוגרמים,1.00,"ק""ג",false,,9.90,9.9000,true,1,20695
7290003643646,false,"סוכר דמררה קלאסי בצנצנת סוגת 1 ק""ג",האי נאם סי או אל.טי.,IL,סוכר דמררה בצנצנת חו,קילוגרמים,1.00,"ק""ג",false,,14.50,14.5000,true,1,20696
7290003643684,false,אפונה יבשה סוגת 500 גר',האי נאם סי או אל.טי.,IL,אפונה יבשה 500 גרם,גרמים,500.00,100 גרם,false,,8.90,0.0178,true,1,20697
7290003643707,false,סוגת גריסים 500 גרם,"סוגת תעשיות בע""מ",IL,סוגת גריסים 500גר,גרמים,500.00,100 גרם,false,,5.90,0.0118,true,1,20698
7290003643714,false,חומוס גרגירים 500 גרם סוגת,האי נאם סי או אל.טי.,IL,חומוס 500 גרם,גרמים,500.00,100 גרם,false,,8.90,0.0178,true,1,20699
7290003643738,false,סוגת חיטה 500 גרם,האי נאם סי או אל.טי.,IL,סוגת חיטה 500 גר,גרמים,500.00,100 גרם,false,,5.90,0.0118,true,1,20700
7290003643745,false,סוגת כוסמת 500 גרם,האי נאם סי או אל.טי.,IL,כוסמת 500 גרם,גרמים,500.00,100 גרם,false,,7.90,0.0158,true,1,20701
7290003643752,false,עדשים ירוקים יבש סוגת 500 גר',האי נאם סי או אל.טי.,IL,עדשים ירוקות 500 גרם,גרמים,500.00,100 גרם,false,,10.90,0.0218,true,1,20702
7290003643769,false,עדשים אדומים יבש סוגת 500 גר',"סוגת תעשיות בע""מ",IL,עדשים אדומות 500 גרם,גרמים,500.00,100 גרם,false,,10.90,0.0218,true,1,20703
7290003643776,false,"פופקורן גרעינים סוגת 500 ג' כשל""פ",האי נאם סי או אל.טי.,IL,סוגת פופקורן 500 גרם,גרמים,500.00,100 גרם,false,,5.90,0.0118,true,1,20704
7290003643806,false,שעועית לבנה יבשה סוגת 500 ג',האי נאם סי או אל.טי.,IL,שעועית לבנה 500 גרם,גרמים,500.00,100 גרם,false,,12.90,0.0258,true,1,20706
7290003643813,false,שעועית אדומה יבשה סוגת 500 גר',האי נאם סי או אל.טי.,IL,שעועית אדומה 500 גרם,גרמים,500.00,100 גרם,false,,12.90,0.0258,true,1,20707
7290003681303,false,שעועית מעורבת יבשה מיה 500 גר',"מיה תעשיות מזון בע""מ",IL,שעועית מעורבת 500 גר,גרמים,500.00,100 גרם,false,,13.90,0.0278,true,1,53948
7290003706167,false,בצל ירוק ארוז,,,בצל ירוק ארוז,יח',1.00,יח',false,,5.90,5.9000,true,1,77914
7290003726141,false,טופו אמיתי כפרי בריא 300 גרם,ג'נרל מילס סאן אדריא,IL,טופו משק גאיה 300ג,גרמים,300.00,100 גרם,false,,14.90,0.0497,true,1,16754
7290003726615,false,"טופו ויילר 300 גרם ""שטראוס""",הדקלאים אגודת שיתופי,IL,טופו ויילר 300 גרם.,גרמים,300.00,100 גרם,false,,12.90,0.0430,true,1,142274
7290003726622,false,טופו פיקנטי 300 ג' משק ויילר,משק וואיילר,IL,טופו קשה בטעם פיקנטי,גרמים,300.00,100 גרם,false,,13.90,0.0463,true,1,410702
7290003781850,false,גבינת קשקבל פרוסות 200 גרם,וילי פוד,IL,גבינת קשקבל פרוסות 2,גרמים,200.00,100 גרם,false,,21.90,0.1095,true,1,359150
7290003807482,false,קנור רוטב טריאקי מופחת נתרן 370 גרם,יוניליוור ישראל מזון,IL,"רוטב טריאקי 300 מ""ל",מיליליטרים,300.00,"100 מ""ל",false,,14.90,0.0497,true,1,12768
7290003864485,false,סרדינים ברוטב עגבנ יות ויליפוד 110ג' פתח קל,גולדן פרייז קאנינג א,TH,סרדינים ברוטב עגבניו,גרמים,120.00,100 גרם,false,,6.50,0.0542,true,1,4849
7290003864492,false,סרדינים בשמן צמחי חריף פתח קל ויליפוד 110ג',גולדן פרייז קאנינג א,TH,סרדין בשמן צמחי חריף,גרמים,120.00,100 גרם,false,,6.50,0.0542,true,1,4850
7290003882922,false,עלי גפן ממולאים באורז וילי פוד 360 גרם,הזה פלאקספו פוד קו ב,CN,עלי גפן ממולאים באור,גרמים,360.00,100 גרם,false,,9.90,0.0275,true,1,4855
7290003896141,false,חטיף ספרדי פיקנטי אלמנדוס 200 גרם,הדקלאים אגודת שיתופי,IL,אלמנדוס 200 גרם,גרמים,200.00,100 גרם,false,,12.90,0.0645,true,1,117880
7290003989096,false,סלט חצילים פיקנטי אחלה 500 גרם,מיוצר עי קונדיטוריית,IL,אחלה חציל פיקנטי 500,גרמים,500.00,100 גרם,false,,16.90,0.0338,true,1,26082
7290003989539,false,לורנצו רביולי במילוי גבינה,מיוצר עי קונדיטוריית,IL,EAT GOOD רביולי גבינ,גרמים,400.00,100 גרם,false,,22.90,0.0572,true,1,26083
7290003989553,false,פסטה טורטליני גבינה ופטריות 400 גרם,מיוצר עי קונדיטוריית,IL,שטראוס טורטליני פטרי,גרמים,400.00,100 גרם,false,,22.90,0.0572,true,1,26084
7290004011338,false,"ספריי קצפת מתוקה מוכנה ריץ' 250 מ""ל",האי נאם סי או אל.טי.,IT,ריצ קצפת במיכל 250מל,מיליליטרים,250.00,"100 מ""ל",false,,12.90,0.0516,true,1,19874
7290004011345,false,"ספריי קצפת מתוקה מוכנה פרווה ריץ' 238 מ""ל",האי נאם סי או אל.טי.,IT,קצפת ריץ במיכל פרווה,מיליליטרים,238.00,"100 מ""ל",false,,12.90,0.0542,true,1,19875
7290004011819,false,המבורגר ריב אנטריקוט אל גאוצ'ו 360 גרם,האי נאם סי או אל.טי.,IL,אל גאוצו המבורגר ריב,גרמים,360.00,100 גרם,false,,24.90,0.0692,true,1,19884
7290004063016,false,מלח שולחן -מוצר בפיקוח,האי נאם סי או אל.טי.,IL,"מלח שולחן סלית 1 ק""ג",קילוגרמים,1.00,"ק""ג",false,,2.07,2.0700,true,1,17656
7290004063115,false,"מלח מטבח עבה להמלחת בשר ובישול 1 ק""ג 1ק""ג",האי נאם סי או אל.טי.,IL,מלח מטבח גס לבישול כ,קילוגרמים,1.00,"ק""ג",false,,2.07,2.0700,true,1,17657
7290004064174,false,"תבלין מלח ההימלאיה דק בצנצנת 1 ק""ג","מלח הארץ אילת בע""מ",IL,מלח ההימלאיה דק בצנצ,קילוגרמים,1.00,"ק""ג",false,,20.90,20.9000,true,1,96728
7290004064228,false,מלח במטחנה אקסטרא תבלינים שום ופלפל 125 גר',"מלח הארץ אילת בע""מ",IL,מטחנת מלח אקסטרא תבל,גרמים,125.00,100 גרם,false,,18.90,0.1512,true,1,130180
7290004064303,false,מלח אטלנטי בצנצנת מלח הארץ 800 גרם,"מלח הארץ אילת בע""מ",IL,מלח אטלנטי בצנצנת הא,גרמים,800.00,100 גרם,false,,20.90,0.0261,true,1,142381
7290004064389,false,מלח הימלאיה דק מלחייה 250 גרם,"מלח הארץ אילת בע""מ",IL,מלח הימלאיה דק מלחיי,גרמים,250.00,100 גרם,false,,11.90,0.0476,true,1,287349
7290004068011,false,יוגורט כבשים בדלי 5% שומן 600 ג' גד,"מיוצר ע""י קוד יצרן M",IL,גד יוגורט כבשים 5% 6,מיליליטרים,600.00,"100 מ""ל",false,,19.90,0.0332,true,1,16755
7290004068028,false,"יוגורט צזיקי לשתיה 3.5% 500 מ""ל רובין",מיוצר על ידי קוד יצר,IL,גד משקה צזיקי 2% 500,מיליליטרים,500.00,"100 מ""ל",false,,10.90,0.0218,true,1,16756
7290004068035,false,"איירן יוגורט לשתייה 3% גד 500 מ""ל","מיוצר ע""י קוד יצרן M",IL,גד משקה איירן בסגנון,גרמים,500.00,100 גרם,false,,9.90,0.0198,true,1,16757
7290004078270,false,נוזל לניקוי כלים בריח לימון פלמוליב 1 ליטר,יבואן ומשווק: ש. שסט,GR,פלמוליב לכלים לימון-,יחידה,0.00,יחידה,false,,14.90,0.0000,true,1,24782
7290004078690,false,"אגקס נוזל לניקוי אסלות מרענן 750 מ""ל",הנסיך- מפעל לייצור ט,GR,אגקס כלורון נוזל לני,מיליליטרים,750.00,"100 מ""ל",false,,15.90,0.0212,true,1,24784
7290004078942,false,ליידי ספיד סטיק - דאודורנט ג'ל לאישה 65 גרם,קולגייט פלמוליב,US,דיאודורנט ג'ל מרענן,גרמים,65.00,100 גרם,false,,18.90,0.2908,true,1,24785
7290004091217,false,"גודרס להברקת כלי כסף 125מ""ל",אס סי גונסון פורטוגל,PT,גודרס לכלי נחושת וכס,מיליליטרים,125.00,"100 מ""ל",false,,16.90,0.1352,true,1,7730
7290004119133,false,כד יוגורט תנובה 6.5% שומן 1.5 ליטר,מיוצר עי קונדיטוריית,IL,יוגורט כדים תנובה 7%,ליטרים,1.50,ליטר,false,,18.90,12.6000,true,1,28707
7290004119225,false,יופלה יוגורט אננס %3 גביע 150 גרם,תנובה מרכז שיתופי לש,IL,יופלה אננס 3% 150מל,גרמים,150.00,100 גרם,false,,5.50,0.0367,true,1,28708
7290004119973,false,קרלו מעדן שוקו רביעיה גביע 125 1.5%,תנובה מרכז שיתופי לש,IL,קרלו שוקולדה 3% 125מ,מיליליטרים,125.00,"100 מ""ל",false,,3.50,0.0280,true,1,28714
7290004120108,false,יופלה דיאט יוגורט דובדבן %0 גביע 150גרם,תנובה מרכז שיתופי לש,IL,יופלה דיאט דובדבן 0%,מיליליטרים,150.00,"100 מ""ל",false,,5.50,0.0367,true,1,28718
7290004120566,false,פיראוס 24% גבינה בולגרית 250 גרם,תנובה חלב,IL,פיראוס בולגרית 24% 2,גרמים,250.00,100 גרם,false,,26.90,0.1076,true,1,28736
7290004120634,false,גבינה פיראוס בולגרית 5% 250 גרם,תנובה מרכז שיתופי לש,IL,פיראוס בולגרית 5% 25,גרמים,250.00,100 גרם,false,,26.90,0.1076,true,1,28738
7290004120832,false,"חלב 2 ליטר 3% כד ""תנובה""- מוצר בפיקוח",תנובה מרכז שיתופי לש,IL,"חלב תנובה טרי 3% בד""",ליטרים,2.00,ליטר,false,,12.46,6.2300,true,1,28740
7290004121488,false,יופלה דיאט אפרסק 0% גביע 150 גרם,תנובה מרכז שיתופי לש,IL,יופלה דיאט אפרסק 0%,מיליליטרים,150.00,"100 מ""ל",false,,5.50,0.0367,true,1,28745
7290004121525,false,יופלה מאגדת פרי 4 תות 4 אפרסק 3% 8 יח'*150 ג',תנובה מרכז שיתופי לש,IL,יופלה אפרסק תות 3% 8,קילוגרמים,1.20,"ק""ג",false,,35.90,29.9167,true,1,28746
7290004121839,false,גבינת פטה כבשים 20% 250 ג' פיראוס,תנובה מרכז שיתופי לש,IL,פיראוס פטה כבשים 20%,גרמים,250.00,100 גרם,false,,32.90,0.1316,true,1,28751
7290004121853,false,גבינה בולגרית פיראוס 5% קוביות 200 גרם,תנובה מרכז שיתופי לש,IL,פיראוס בולגרית בקובי,גרמים,200.00,100 גרם,false,,23.90,0.1195,true,1,28752
7290004122119,false,פתיתי פרמזן 23% לפסטה השף הלבן 100 גרם,פ.פ.ח. שאביט,IL,שף לבן פתיתי פרמזן ל,גרמים,100.00,100 גרם,false,,14.90,0.1490,true,1,28756
7290004122195,false,"גבינת גוש חלב פרוס 28%, כשרות מהדרין, 200 ג'",תנובה חלב,IL,גוש חלב פרוס 28% 200,גרמים,200.00,100 גרם,false,,15.90,0.0795,true,1,28757
7290004122270,false,עמק קלאסית פרוסות גבינה חצי קשה 28% 200 גרם,תנובה מרכז שיתופי לש,IL,עמק פרוס סגירה חוזרת,גרמים,200.00,100 גרם,false,,16.90,0.0845,true,1,28758
7290004122348,false,גבינת עמק לייט פרוס בקופסא 200 גרם,תנובה מרכז שיתופי לש,IL,עמק לייט 9% 200ג,גרמים,200.00,100 גרם,false,,17.90,0.0895,true,1,28760
7290004122676,false,גבינת חמד לייט 5% פיראוס 250 ג',"תנובה,מחלבת טנא נוגה",IL,פיראוס חמד לייט 5% 2,גרמים,250.00,100 גרם,false,,20.90,0.0836,true,1,28764
7290004122683,false,עמק חטיף אצבעות גבינה חצי קשה 28% שומן,תנובה מרכז שיתופי לש,IL,עמק אצבעות 172ג,גרמים,172.00,100 גרם,false,,17.90,0.1041,true,1,28765
7290004124205,false,יופלה דיאט יוגורט תות %0 גביע 150 גרם,תנובה מרכז שיתופי לש,IL,יופלה דיאט תות 0% 15,מיליליטרים,150.00,"100 מ""ל",false,,5.50,0.0367,true,1,28780
7290004125370,false,"שמנת חמוצה 9 % מופחתת שומן 200 מ""ל",תנובה מרכז שיתופי לש,IL,תנובה שמנת מופחתת 9%,מיליליטרים,200.00,"100 מ""ל",false,,4.10,0.0205,true,1,28791
7290004125400,false,"אשל שלי מהדרין 200 מ""ל 4.5% ""תנובה""- מוצר בפיקוח",פארייפאבה אגרואינדוס,IL,"אשל 4.5% בד""צ מהדרין",מיליליטרים,200.00,"100 מ""ל",false,,1.69,0.0084,true,1,28792
7290004125417,false,"גיל 3% שלי 200 מ""ל ""תנובה"" -מוצר בפיקוח",תנובה מרכז שיתופי לש,IL,"גיל 3% בד""צ מהדרין",מיליליטרים,200.00,"100 מ""ל",false,,1.51,0.0076,true,1,28793
7290004125455,false,"שמנת חמוצה 200 מ""ל 15% ""תנובה"" -מוצר בפיקוח",תנובה מרכז שיתופי לש,IL,תנובה שמנת אורגינל מ,מיליליטרים,200.00,"100 מ""ל",false,,2.40,0.0120,true,1,28794
7290004125509,false,"שמנת 15% חצי מנה 100 מ""ל תנובה",תנובה מרכז שיתופי לש,IL,תנובה שמנת חצי מנה 1,מיליליטרים,100.00,"100 מ""ל",false,,2.00,0.0200,true,1,28796
7290004125578,false,משקה סויה מעושר בסידן תנובה 1ל',תנובה מרכז שיתופי לש,IL,משקה סויה תנובה מועש,ליטרים,1.00,ליטר,false,,12.90,12.9000,true,1,28797
7290004125585,false,משקה סויה וניל תנובה E אלטרנטיב,תנובה מרכז שיתופי לש,IL,סויה תנובה משקה סויה,ליטרים,1.00,ליטר,false,,12.90,12.9000,true,1,28798
7290004125721,false,"השף הלבן שמנת עמידה לבישול 15% תנובה 250 מ""ל",תנובה מרכז שיתופי לש,IL,שף לבן שמנת לבישול 1,מיליליטרים,250.00,"100 מ""ל",false,,8.90,0.0356,true,1,28801
7290004125738,false,שמנת מתוקה להקצפה32% 250מל עמיד השף הלבן,תנובה מרכז שיתופי לש,IL,שף לבן שמנת להקצפה 3,מיליליטרים,250.00,"100 מ""ל",false,,7.20,0.0288,true,1,28802
7290004125776,false,גבינה צהובה עמק 28% 400 גרם בקופסא,תנובה חלב,IL,עמק גבינה קשה פרוסה,גרמים,400.00,100 גרם,false,,32.90,0.0822,true,1,28805
7290004126674,false,טל העמק פרוסות גבינה חצי קשה לייט %9 200 גרם בקופסא,תנובה מרכז שיתופי לש,IL,עמק טל לייט 9% 200ג,גרמים,200.00,100 גרם,false,,19.90,0.0995,true,1,28813
7290004126759,false,יופלה דיאט פירות יער %0 גביע 150 גרם,תנובה חלב,IL,יופלה דיאט פירות יער,מיליליטרים,150.00,"100 מ""ל",false,,5.50,0.0367,true,1,28814
7290004126872,false,משקאות חלב תנובה שוקו בקבוק 250מל,תנובה חלב,IL,משקאות חלב תנובה שוק,מיליליטרים,250.00,"100 מ""ל",false,,5.90,0.0236,true,1,28815
7290004127077,false,קוטג תנובה 3% גביע 250 גרם מהדרין,מיוצר עי קונדיטוריית,IL,קוטג תנובה 3% 250 ג,גרמים,250.00,100 גרם,false,,5.80,0.0232,true,1,28816
7290004127329,false,קוטג תנובה גביע 250 גרם %5 ו.מהדרין,מיוצר עי קונדיטוריית,IL,קוטג' 5% תנובה מהדרי,גרמים,250.00,100 גרם,false,,5.80,0.0232,true,1,28818
7290004127336,false,קוטג תנובה גביע 250 גרם %9 ו.מהדרין,מיוצר עי קונדיטוריית,IL,קוטג' תנובה מהדרין 9,גרמים,250.00,100 גרם,false,,5.80,0.0232,true,1,28819
7290004127800,false,"גבינה לבנה 500 גרם 5% ""תנובה"" -מוצר בפיקוח",מיוצר עי קונדיטוריית,IL,תנובה גבינה לבנה 5%,גרמים,500.00,100 גרם,false,,9.96,0.0199,true,1,28823
7290004127817,false,גבינה לבנה 9% שומן 500 ג' תנובה,מיוצר עי קונדיטוריית,IL,תנובה גבינה לבנה 9%,גרמים,500.00,100 גרם,false,,9.70,0.0194,true,1,28824
7290004127862,false,"גבינה לבנה 750 גרם 5% ""תנובה"" - מוצר בפיקוח",תנובה מרכז שיתופי לש,IL,תנובה גבינה למריחה מ,גרמים,750.00,100 גרם,false,,14.90,0.0199,true,1,28825
7290004128333,false,לאבנה על בסיס יוגורט %9 שומן 500 ג' פיראוס,תנובה חלב,IL,פיראוס לאבנה גביע %9,גרמים,500.00,100 גרם,false,,22.90,0.0458,true,1,28835
7290004128340,false,קרם גבינת שמנת %5 בטעם טבעי 200 ג' תנובה,תנובה חלב,IL,תנובה קרם גבינת שמנת,גרמים,200.00,100 גרם,false,,12.90,0.0645,true,1,28836
7290004128364,false,קרם גבינת שמנת 5% עם זיתים ירוקים 200 ג' תנובה,"תנובה, מחלבת תל יוסף",IL,תנובה קרם גבינת שמנת,גרמים,200.00,100 גרם,false,,12.90,0.0645,true,1,28837
7290004128432,false,פתיתים מיוחדים לפיצה על בסיס גבינה 500 ג',תנובה חלב,IL,שף לבן פתיתי גבינה מ,גרמים,500.00,100 גרם,false,,23.90,0.0478,true,1,28838
7290004129101,false,גבינת שמנת 25% בטעם טבעי 225 ג' נפוליאון,תנובה מרכז שיתופי לש,IL,נפוליאון בטעם טבעי 2,גרמים,225.00,100 גרם,false,,16.50,0.0733,true,1,28841
7290004129156,false,גבינת שמנת25% עם שום שמיר 225 ג' נפוליאון,תנובה מרכז שיתופי לש,IL,נפוליאון שום שמיר 25,גרמים,225.00,100 גרם,false,,16.50,0.0733,true,1,28843
7290004129767,false,"3% 'יופלה לבן מארז שמינייה 1.2 ק""ג",מחלבת אלון תבור,IL,יופלה לבן מאגדת 3% 8,קילוגרמים,1.20,"ק""ג",false,,18.90,15.7500,true,1,28847
7290004130794,false,משקה סויה טבעי במתיקות מופחתת 1 ליטר,תנובה מרכז שיתופי לש,IL,סויה תנובה טבעי במתי,ליטרים,1.00,ליטר,false,,12.50,12.5000,true,1,28854
7290004130916,false,יוגורט 3% פירות יער בשמנת 150 ג' יופלה,תנובה מרכז שיתופי לש,IL,יופלה בטעם פירות יער,גרמים,150.00,100 גרם,false,,5.50,0.0367,true,1,28856
7290004131074,false,"חלב 1 ליטר 3% קרטון ""תנובה""- מוצר בפיקוח",תנובה מרכז שיתופי לש,IL,חלב תנובה הומוגני מה,ליטרים,1.00,ליטר,false,,6.23,6.2300,true,1,28861
7290004131456,false,יוגורט ביו 1.5% שומן 200 ג' יופלה,מיוצר עי קונדיטוריית,IL,יופלה לבן 1.5% 200מל,מיליליטרים,200.00,"100 מ""ל",false,,4.50,0.0225,true,1,28869
7290004131814,false,גבינה צפתית 5% מעודנת 200 ג' פיראוס,פארייפאבה אגרואינדוס,IL,פיראוס צפתית מעודנת,גרמים,200.00,100 גרם,false,,16.90,0.0845,true,1,28879
7290004132552,false,משקה סויה לייט בטעם טבעי טרי 1 ליטר,תנובה מרכז שיתופי לש,IL,סויה תנובה לייט בטעם,ליטרים,1.00,ליטר,false,,12.50,12.5000,true,1,28888
7290004132712,false,חטיף אצבעות גבינת מוצרלה 20% 172 ג' עמק,תנובה מרכז שיתופי לש,IL,עמק אצבעות מוצרלה 20,גרמים,174.00,100 גרם,false,,17.90,0.1029,true,1,28892
7290004133511,false,יופלה מאגדת לבן 1.5% מעודן 8 יח' * 150 ג',מיוצר עי קונדיטוריית,IL,יופלה לבן מעודן 1.5%,ליטרים,1.20,ליטר,false,,22.90,19.0833,true,1,28905
7290004135614,false,גבינה בולגרית מעודנת 5% 250 ג' פיראוס,תנובה חלב,IL,פיראוס בולגרית מעודנ,גרמים,250.00,100 גרם,false,,23.90,0.0956,true,1,28939
7290004136154,false,"משקה חלב אייס קפה תנובה בבקבוק 340 מ""ל",גוד פוד פרודקטס S.p,IL,משקאות חלב תנובה איי,מיליליטרים,340.00,"100 מ""ל",false,,7.90,0.0232,true,1,28947
7290004136598,false,מארז הפסקת אוכל עם קורנפלקס ומשקה חלב עמיד בטעם וניל,פארייפאבה אגרואינדוס,IL,מארז הפסקת אוכל חלב,גרמים,150.00,100 גרם,false,,9.90,0.0660,true,1,28955
7290004136857,false,ג'לי תנובה פטל 125 גרם,תנובה מרכז שיתופי לש,IL,ג'לי תנובה פטל 125מל,מיליליטרים,125.00,"100 מ""ל",false,,2.90,0.0232,true,1,28957
7290004137021,false,"שמנת לבישול 10% עמיד השף הלבן 250 מ""ל",תנובה מרכז שיתופי לש,IL,שף לבן שמנת לבישול 1,מיליליטרים,250.00,"100 מ""ל",false,,8.90,0.0356,true,1,28961
7290004137311,false,עמק לייט משפחתית 9% 400ג-ועדת מהדרין,תנובה חלב,IL,עמק לייט משפחתית 9%,גרמים,400.00,100 גרם,false,,33.90,0.0847,true,1,28964
7290004137809,false,פיראוס לאבנה 5% גביע 250 גרם,"תנובה, מחלבת אלון תב",IL,פיראוס לאבנה 5% 250ג,גרמים,250.00,100 גרם,false,,14.90,0.0596,true,1,28967
7290004200244,false,שקית פרסים,,,פרסים רמה 3,יחידה,0.00,יחידה,false,,9.50,0.0000,true,1,36373
7290004225285,false,גבינה בסגנון דנאבלו 100 ג',האי נאם סי או אל.טי.,DK,סגנון דנאבלו 100 גרם,גרמים,100.00,100 גרם,false,,12.90,0.1290,true,1,19890
7290004230364,false,שגב מקלות בורקס פילו גבינה צרפתי 600 גר,שלושת האופים שגמור,IL,שגב מקלות בורקס פילו,גרמים,600.00,100 גרם,false,,21.90,0.0365,true,1,19921
7290004537241,false,אפונת גינה שדה בשקית,בסט מייסטר,IL,אפונת גינה קפואה 800,גרמים,800.00,100 גרם,false,,15.90,0.0199,true,1,105658
7290004537258,false,אפונה וגזר 800 גר שד,,,אפונה וגזר 800 גר שד,גרמים,800.00,100 גרם,false,,15.90,0.0199,true,1,104773
7290004537326,false,לקט ירקות מעורבים קפ,,,לקט ירקות העונה 800,גרמים,800.00,100 גרם,false,,15.90,0.0199,true,1,104786
7290004584306,false,רבעיית גמדים בטעם תות בננה * 100 ג' שטראוס,מיוצר עי קונדיטוריית,IL,גמדים תות בננה 4*100,מיליליטרים,400.00,"100 מ""ל",false,,12.90,0.0323,true,1,26085
7290004584351,false,גבינה לבנה סימפוניה עם תוספות 200 ג' חמישית 200,"שטראוס בריאות בע""מ",IL,סימפוניה חמישית 200ג,גרמים,200.00,100 גרם,false,,12.90,0.0645,true,1,26086
7290004584528,false,יוגורט דנונה ביו לבן 1.7% שומן 200 גרם,מיוצר עי קונדיטוריית,IL,דנונה יוגורט טבעי 1.,מיליליטרים,200.00,"100 מ""ל",false,,3.90,0.0195,true,1,26087
7290004585907,false,דני ועדן וניל 1.5% 125ג' שטראוס,מיוצר עי קונדיטוריית,IL,דני וניל מהדרין 130מ,מיליליטרים,130.00,"100 מ""ל",false,,2.90,0.0223,true,1,26088
7290004658953,false,יין סוביניון בלאן פרייבט קולקשן יקבי כרמל,"כד בני דרום בע""מ",IL,יין P.C סוביניון ב,מיליליטרים,750.00,"100 מ""ל",false,,44.90,0.0599,true,1,512
7290004658960,false,יין אמרלד ריזלינג פרייבט קולקשן יקבי כרמל,אגודת הכורמים הקואופ,IL,יין P.C אמרלד ריזל,מיליליטרים,750.00,"100 מ""ל",false,,44.90,0.0599,true,1,513
7290004731472,false,"אל סבון צבעוני כיף שלישיה* 500 מ""ל",טרופיקל דגיל תעשיות,IL,שלישיית אלסבון צבעונ,ליטרים,1.50,ליטר,false,,20.90,13.9333,true,1,33301
7290004731564,false,"סנו - מקסימה מרסס למייבש כביסה פריחה כחולה 750 מ""ל",סנו מקסימה,IL,סנו מקסימה מבשם ומרכ,מיליליטרים,750.00,"100 מ""ל",false,,19.90,0.0265,true,1,135849
7290004872250,false,שלגון שרבט אבטיח נסטלה 108'ג,נגה גלידות (גלידות נ,IL,אבטיח שרבט,גרמים,540.00,100 גרם,false,,6.90,0.0128,true,1,18312
7290004923099,false,שישיית מים עין גדי 2 ליטר,עין גדי,,עין גדי מים מינרלים,ליטרים,12.00,ליטר,false,,12.00,1.0000,true,1,13541
7290005008184,false,"סבון נוזלי בניחוח חלב שקדים פלמוליב 500 מ""ל",הנסיך- מפעל לייצור ט,TR,סבון נוזלי חלב שקדים,מיליליטרים,500.00,"100 מ""ל",false,,17.90,0.0358,true,1,24789
7290005040993,false,ערמונים קלויים וקלופים 100 גר',אראל תוצרת חקלאית בע,IL,ערמונים קלויים קלופי,יח',1.00,יח',false,,5.90,5.9000,true,1,2807
7290005084355,false,סנסודין משחת שיניים דואל קר פלואוריד 75,גלקסו סמית קליין,GB,משחת שיניים דואל קר,מיליליטרים,75.00,"100 מ""ל",false,,22.70,0.3027,true,1,5722
7290005095269,false,נרות חימום שקד 50 יח,,,נרות חימום 50 יח' שק,גרמים,500.00,100 גרם,false,,11.90,0.0238,true,1,523246
7290005174513,false,סלט חצילים במיונז אחלה 500 גרם,מיוצר עי קונדיטוריית,IL,חציל במיונז אחלה 500,גרמים,500.00,100 גרם,false,,17.90,0.0358,true,1,26089
7290005174551,false,סלט חומוס עם צנוברים 125 ג' אחלה,מיוצר עי קונדיטוריית,IL,אחלה חומוס 125ג,גרמים,125.00,100 גרם,false,,5.90,0.0472,true,1,26090
7290005174575,false,טחינה אחלה יום יום משובחת 125ג',מיוצר עי קונדיטוריית,IL,אחלה טחינה 125גר,גרמים,125.00,100 גרם,false,,5.90,0.0472,true,1,26092
7290005197758,false,עוגיות חיוכים שוקו שוקו 150 גרם,אפיפית נצרת תעשיות ב,IL,חיוכים של שוקו,גרמים,150.00,100 גרם,false,,6.50,0.0433,true,1,25375
7290005199288,false,גומי מאסט בטעם פטל לימון 28 ג' עלית,"שטראוס גרופ בע""מ",IL,מאסט פטל לימון 28 גר,גרמים,28.00,100 גרם,false,,4.90,0.1750,true,1,25378
7290005201882,false,קפה טורקי קלוי וטחון,הנסיך- מפעל לייצור ט,IL,טורקי עלית 200 גר',גרמים,200.00,100 גרם,false,,18.90,0.0945,true,1,25389
7290005287206,false,טונה סטארקיסט רביעיות בשמן 492 גרם,"סטארקיסט פודור בע""מ",IL,טונה בשמן סטארקיסט ר,גרמים,640.00,100 גרם,false,,25.90,0.0405,true,1,29734
7290005287251,false,טונה סטארקיסט במים רביעיות 4*160 גר,"סטארקיסט פודור בע""מ",IL,טונה במים סטארקיסט ר,גרמים,640.00,100 גרם,false,,25.90,0.0405,true,1,29737
7290005326387,false,עגבניות מיובשות בשמן זית אוליביה 270 גרם,קריות זול,IL,עגבניות מיובשות בשמן,גרמים,280.00,100 גרם,false,,20.90,0.0746,true,1,5361
7290005384851,false,וילי פוד מיץ לימון בדץ 200מל,קריות זול,IT,מיץ לימון משומר וילי,מיליליטרים,200.00,"100 מ""ל",false,,4.90,0.0245,true,1,4870
7290005403989,false,במיה קפואה 600 גרם ש,,,במיה קפואה 600 גרם ש,גרמים,600.00,100 גרם,false,,13.90,0.0232,true,1,109722
7290005423420,false,משמיד עש מבושם סנו 2 יחידות,טרופיקל דגיל תעשיות,BG,משמיד עש מבושם,יחידה,0.00,יחידה,false,,23.90,0.0000,true,1,33329
7290005423567,false,מטליות ניקוי רב שימושיות בגליל סנו סושי 40 יחידות,אסותא תעשיות אלבד בע,IL,סנו סושי מטלית לכל 3,יחידה,0.00,יחידה,false,,22.90,0.0000,true,1,33334
7290005423833,false,פוליויקס נוזל לניקוי פרקט סנו 2 ליטר,"סנו מפעלי ברונוס בע""",IL,סנו פוליויקס פרקט 2,ליטרים,2.00,ליטר,false,,24.90,12.4500,true,1,33337
7290005424403,false,"אל סבון כיף אצות ים קטיפתי 1ליטר,",טרופיקל דגיל תעשיות,IL,אל סבון אצות ים כיף,ליטרים,1.00,ליטר,false,,14.90,14.9000,true,1,33345
7290005424847,false,"מפיות סופט לבנות לשולחן (150 יח') ""סנו""",מיוצר עי קונדיטוריית,TR,סנו סופט מפיות 30*30,יחידה,0.00,יחידה,false,,8.90,0.0000,true,1,33354
7290005425110,false,"חיטוי משטחים 99.9% מתז מחטא ומשמיד 750 מ""ל","סנו מפעלי ברונוס בע""",IL,מתז מחטא ומשמיד 99.9,מיליליטרים,750.00,"100 מ""ל",false,,16.90,0.0225,true,1,138884
7290005425196,false,"מקסימה אבקת כביסה סנסיטיב סנו 2.5 ק""ג",מיוצר עי קונדיטוריית,IL,אבקת כביסה סנו מקסימ,קילוגרמים,2.50,"ק""ג",false,,28.90,11.5600,true,1,33361
7290005426230,false,מטלית הפלא לרצפה מיקרופייבר סנו 1יח',סנו סושי,CN,סנו סושי מטלית הפלא,יחידה,0.00,יחידה,false,,13.90,0.0000,true,1,33380
7290005430602,false,"סנו אוקסיג'ן ספריי להסרת כתמים עם חמצן פעיל 750 מ""ל","סנו מפעלי ברונוס בע""",IL,סנו אוקסיג'ן מסיר כת,מיליליטרים,750.00,"100 מ""ל",false,,20.90,0.0279,true,1,33442
7290005430671,false,פוליויקס נוזל לניקוי קרמיקה סנו 2 ליטר,סנו מפעלי ברונו בעמ,IL,סנו פוליווקס קרמיקה,ליטרים,2.00,ליטר,false,,26.00,13.0000,true,1,33447
7290005559709,false,בורקס פיצה מעדנות 700 גרם,מיוצר עי קונדיטוריית,IL,בורקס פיצה 700 גרם,גרמים,700.00,100 גרם,false,,30.90,0.0441,true,1,40273
7290005559907,false,פיצה משפחתית גבינה מעדנות 500 גר,מיוצר עי קונדיטוריית,IL,פיצה משפחתית גבינה 5,גרמים,500.00,100 גרם,false,,25.90,0.0518,true,1,40276
7290005591761,false,דבש טהור מפרחי בר בלחיץ 400 ג' יד מרדכי,מכוורת יד מרדכי שטרא,IL,דבש טהור מפרחי בר בל,גרמים,400.00,100 גרם,false,,27.90,0.0697,true,1,25390
7290005605994,false,"פאנטה קלאסי בקבוק 350מ""ל",קוקה קולה,IL,"פאנטה קלאסי 350 מ""ל",מיליליטרים,350.00,"100 מ""ל",false,,7.50,0.0214,true,1,8984
7290005610127,false,תפוח אדמה לבן דוד משה,אראל תוצרת חקלאית בע,IL,תפו`א גורמה לבן דוד,קילוגרמים,1.00,"ק""ג",true,,8.90,8.9000,true,1,2243
7290005838002,false,מעדן גבינה ויוגורט בטעם וניל 88 ג' דניאלה,"שטראוס בריאות בע""מ",IL,דניאלה מעדן גבינה 15,מיליליטרים,150.00,"100 מ""ל",false,,4.50,0.0300,true,1,26094
7290005838972,false,גבינת יום יום 5% שטראוס 125ג',מיוצר עי קונדיטוריית,IL,גבינת יום יום 5% סקי,גרמים,125.00,100 גרם,false,,3.50,0.0280,true,1,26096
7290005839078,false,"יוגורט דנונה ביו לבן 3% שומן 8*150 מ""ל",מיוצר עי קונדיטוריית,IL,דנונה ביו מארז חסכון,קילוגרמים,1.20,"ק""ג",false,,17.90,14.9167,true,1,26097
7290005839108,false,גבינה לבנה סימפוניה עם תוספות 200 ג'+זיתים 5%,"שטראוס בריאות בע""מ",IL,סימפוניה עם זיתים 5%,גרמים,200.00,100 גרם,false,,12.90,0.0645,true,1,26098
7290005839313,false,"מילקי טופ מגולגלת שטראוס 170 מ""ל",מיוצר עי קונדיטוריית,IL,מילקי טופ מגולגלת 14,מיליליטרים,142.00,"100 מ""ל",false,,5.00,0.0352,true,1,26099
7290005896620,false,סאן בנדטו - מוגז עדין - 1.5 ליטר,אקווה מינרלה סאן בנד,IT,סאן בנדטו מים מינרלי,ליטרים,1.50,ליטר,false,,5.50,3.6667,true,1,11532
7290005901430,false,המבורגר מסעדות טעים,,,המבורגר מסעדות טעים,גרמים,480.00,100 גרם,false,,30.90,0.0644,true,1,139481
7290005901454,false,סטייק מינוט טעים טעי,,,סטייק מינוט טעים טעי,גרמים,300.00,100 גרם,false,,37.90,0.1263,true,1,139483
7290005938245,false,ממרח פסטו קלאסי פרסקו 220ג' מצונן,מיוצר עי פרסקו חצבה,IL,פרסקו ממרח מצונן פסט,גרמים,220.00,100 גרם,false,,20.90,0.0950,true,1,19951
7290005966088,false,"יין הר חרמון אדום עברית 750 מ""ל",יקבי רמת הגולן,IL,יקבי רמת הגולן הר חר,מיליליטרים,750.00,"100 מ""ל",false,,39.90,0.0532,true,1,114640
7290005992018,false,"יוגורט עיזים לשתיה 3% מחלבות גד 500 מ""ל","מיוצר ע""י קוד יצרן M",IL,גד יוגורט עיזים 3% 5,מיליליטרים,500.00,"100 מ""ל",false,,13.90,0.0278,true,1,16762
7290005992575,false,גבינה בולגרית למריחה 5% גד 250 גרם,מחלבות גד בעמ,IL,גד בולגרית למריחה 5%,גרמים,250.00,100 גרם,false,,18.90,0.0756,true,1,16765
7290005992735,false,לאבנה טבעית 5% 250 גר' - רבנות,הנסיך- מפעל לייצור ט,IL,גד לאבנה 5% 250ג,גרמים,250.00,100 גרם,false,,13.90,0.0556,true,1,16767
7290006065049,false,בלו פיש פילה באס יפני 5-7 (לברק),,IL,פילה באס יפני 7-9 20,קילוגרמים,1.00,"ק""ג",true,,41.90,41.9000,true,1,334670
7290006199218,false,"שמיניית גלידל אייס מוקה ""פלדמן""",הגלידות של פלדמן,IL,גלידל מאגדת בטעם איי,גרמים,400.00,100 גרם,false,,34.90,0.0872,true,1,40934
7290006199942,false,"שמיניית גלידל פרי דובדבן ""פלדמן""",הגלידות של פלדמן,IL,פופסיקל בטעם דובדבן,גרמים,640.00,100 גרם,false,,29.90,0.0467,true,1,224454
7290006229427,false,סן בנדטו - מים מינרלים - מארז שישיית 500 מל,קריות זול,IT,"סאן בנדטו 6*500 מ""ל",ליטרים,3.00,ליטר,false,,13.90,4.6333,true,1,11539
7290006241191,false,אגוזי מלך קליית גת 150 גר,הדקלאים אגודת שיתופי,US,אגוזי מלך 150 גרם קל,גרמים,150.00,100 גרם,false,,17.90,0.1193,true,1,15313
7290006241689,false,"משקה לימונים מרוכז קפוא פריגת 280 מ""ל",היינץ צפון אמריקה מק,IL,קפוא לימון 340 גרם,גרמים,340.00,100 גרם,false,,14.90,0.0438,true,1,8485
7290006251107,false,תה צ'אי מסאלה ויסוצקי 25 יחידות,מולינו ניקולי s.p.a,IL,תה מסאלה ויסוצקי 2/2,גרמים,50.00,100 גרם,false,,21.90,0.4380,true,1,27393
7290006251275,false,תה ירוק סיני קלאסי ויסוצקי 25 יחידות,תה ויסוצקי,IL,תה ירוק סיני,גרמים,37.50,100 גרם,false,,26.90,0.7173,true,1,27395
7290006256102,false,"יין אדום מרלו גאטו נגרו 750 מ""ל",יקבי הר מרון,AR,גאטו נגרו מרלו 750 מ,מיליליטרים,750.00,"100 מ""ל",false,,42.90,0.0572,true,1,9325
7290006265548,false,נבטים סינים מרינה ארוז 360ג',"מרינה פטריות הגליל בע""מ",IL,נבטים סינים,יח',1.00,יח',false,,7.90,7.9000,true,1,2836
7290006265890,false,נבטי גרעיני חמניה יח,"מרינה פטריות הגליל בע""מ",IL,נבטי חמניה יח,יח',1.00,יח',false,,8.90,8.9000,true,1,2837
7290006271655,false,מיני בורקס גבינה מעדנות 800 גרם,מיוצר עי קונדיטוריית,IL,מיני בורקס גבינה 800,גרמים,800.00,100 גרם,false,,28.90,0.0361,true,1,119446
7290006272430,false,בצק עלים חמאה מעדנות 600 גרם,מיוצר עי קונדיטוריית,IL,בצק עלים חמאה 600 גר,גרמים,600.00,100 גרם,false,,33.90,0.0565,true,1,40294
7290006306302,false,רביולי במילוי גבינות פרמזן ריקוטה 400 ג' פסטה נונה,דורום תעשיות מזון ופ,IL,פסטה נונה ריביולי פר,גרמים,400.00,100 גרם,false,,27.90,0.0697,true,1,29009
7290006342560,false,בוטן אמריקאי 200 גרם ששון הקולה,"דין שיווק וקלייה בע""",IL,בוטן אמריקאי 200 גרם,גרמים,200.00,100 גרם,false,,8.90,0.0445,true,1,117219
7290006449955,false,מלפפון בייבי מארז,"מרינה פטריות הגליל בע""מ",IL,מלפפון בייבי,יח',1.00,יח',false,,9.90,9.9000,true,1,332328
7290006492432,false,גבינת מוצרלה בייבי 18% גד 150 גרם,מחלבות גד בעמ,IL,גד בייבי מוצרלה 150ג,גרמים,170.00,100 גרם,false,,15.90,0.0935,true,1,16768
7290006492616,false,גבינה בולגרית מעודנת פרוסות 5% גד 250 גרם,DSH עבור מחלבות גד ב,IL,גד בולגרית פרוסות 5%,גרמים,250.00,100 גרם,false,,29.90,0.1196,true,1,16770
7290006492630,false,גבינת פרומעז עיזים 22% גד 180 גרם,מחלבות גד בעמ,IL,גד גבינת גליל גד עזי,גרמים,180.00,100 גרם,false,,23.90,0.1328,true,1,16771
7290006492685,false,גבינת לאבנה עיזים 5% גד 250 גרם,מחלבות גד בעמ,IL,גד לאבנה עזים 3% 250,גרמים,250.00,100 גרם,false,,19.90,0.0796,true,1,16773
7290006492913,false,גבינת לאבנה ציזיקי 5% מחלבות גד 250 גרם,מחלבות גד בעמ,IL,לאבנה ציזיקי גד 250,גרמים,250.00,100 גרם,false,,14.90,0.0596,true,1,16775
7290006494924,false,טוסו וופל קלאסי במילוי קרם לימון 200 גרם,"גילרו בע""מ",IL,מרמולייט ופל בטעם לי,גרמים,180.00,100 גרם,false,,12.90,0.0717,true,1,7759
7290006511157,false,"פטריות שלמות ויליפוד 400 גרם בד""ץ",אוקצ'מפס אס.איי אויי,PL,פטריות שלמות שמפיניו,גרמים,230.00,100 גרם,false,,8.50,0.0370,true,1,4874
7290006511751,false,פטריות שמפניון חתוך ויליפוד 290X3 ג' בד”צ,לוטס,NL,פטריות חתוכות ויליפו,גרמים,870.00,100 גרם,false,,13.00,0.0149,true,1,4877
7290006532008,false,צ'יפס טעים טעים 1.8,,,צ'יפס טעים טעים 1.8,קילוגרמים,1.80,"ק""ג",false,,26.90,14.9444,true,1,174837
7290006567048,false,קוסקוס ישראלי מפתול אסם 350ג',"מיוצר ע""י קוד יצרן K",IL,קוסקוס ישראלי בשקית,גרמים,350.00,100 גרם,false,,8.90,0.0254,true,1,22621
7290006618078,false,אסטוניש מרסס לניקוי המטבח 750 מל,יעקובי אסטוניש,GB,אסטוניש מרסס ניקוי צ,מיליליטרים,750.00,"100 מ""ל",false,,14.90,0.0199,true,1,13401
7290006652027,false,במבה חטיף בוטנים אסם 20*15 גרם,מיוצר עי קונדיטוריית,IL,במבה יום הולדת מאח.1,גרמים,300.00,100 גרם,false,,26.90,0.0897,true,1,22626
7290006653765,false,פסטה פרפקטו פטוציני 500 ג' אסם,אסם פרפקטו,IT,פטוציני פרפקטו 500 ג,גרמים,500.00,100 גרם,false,,7.90,0.0158,true,1,22628
7290006653819,false,פתיתי קוסקוס דק 350 גרם,"מיוצר ע""י קוד יצרן K",IL,קוסקוס דק בשקית אסם,גרמים,350.00,100 גרם,false,,8.90,0.0254,true,1,22629
7290006664051,false,"אקטימל לבן מארז 100X14 מ""ל",מיוצר עי קונדיטוריית,IL,אקטימל טבעי 14*100מל,ליטרים,1.40,ליטר,false,,33.90,24.2143,true,1,26105
7290006664402,false,גבינה לבנה סקי 5% שומן 750 גרם,מיוצר עי קונדיטוריית,IL,שטראוס גבינה 5% 750ג,גרמים,750.00,100 גרם,false,,14.25,0.0190,true,1,26110
7290006664532,false,יוגורט עם תות 3% שומן 150 ג' דנונה,מיוצר עי קונדיטוריית,IL,דנונה תות 3% 150מל,גרמים,150.00,100 גרם,false,,3.90,0.0260,true,1,26111
7290006664655,false,"אקטימל לבן טבעי מארז 100X8 מ""ל",מיוצר עי קונדיטוריית,IL,אקטימל טבעי 8*100מל,מיליליטרים,800.00,"100 מ""ל",false,,23.90,0.0299,true,1,26113
7290006664693,false,יוגורט עם אפרסק 3% שומן 150 ג' דנונה,מיוצר עי קונדיטוריית,IL,דנונה אפרסק 3% 150מל,גרמים,150.00,100 גרם,false,,3.90,0.0260,true,1,26114
7290006664990,false,"יוגורט דנונה ביו לבן 1.7% שומן 8*150 מ""ל",מיוצר עי קונדיטוריית,IL,דנונה ביו מארז חיסכו,קילוגרמים,1.20,"ק""ג",false,,17.90,14.9167,true,1,26117
7290006704016,false,בזיליקום ארוז יחידה,,,בזיליקום ארוז יחידה,יח',1.00,יח',false,,6.90,6.9000,true,1,2840
7290006704511,false,"תפו""א גמדי אדום למיקרו מרינה 750ג'","מרינה פטריות הגליל בע""מ",IL,תפוא ננסי מיקרוגל,גרמים,750.00,100 גרם,false,,7.90,0.0105,true,1,2855
7290006730374,false,טרופית קש בודד ע.חרדית,,,טרופית קש בודד ע.חרד,מיליליטרים,200.00,"100 מ""ל",false,,1.50,0.0075,true,1,109136
7290006739346,false,נקניקיות פרגיות טרי 400 גרם זוגלובק,נקניק נהריה כשר זוגל,IL,נקניקיות פרגיות טרי,גרמים,400.00,100 גרם,false,,20.90,0.0522,true,1,44031
7290006739414,false,נקניק סלמי קוניאק זוגלובק 300 גרם,נקניק נהריה כשר זוגל,IL,סלמי קוניאק זוגלובק,גרמים,300.00,100 גרם,false,,34.90,0.1163,true,1,44034
7290006739421,false,נקניק סלמי מעושן איטלקי זוגלובק 300 גרם,נקניק נהריה כשר זוגל,IL,סלמי מעושן איטלקי ז,גרמים,300.00,100 גרם,false,,34.90,0.1163,true,1,44035
7290006739445,false,שניצל תירס קלאסי 750 ג' זוגלובק,נקניק נהריה כשר זוגל,IL,שניצל תירס קלאסי 750,גרמים,750.00,100 גרם,false,,29.90,0.0399,true,1,44036
7290006742278,false,פסטרמה הודו צלויה על לבנים 330 ג' זוגלובק,נקניק נהריה כשר זוגל,IL,פסטרממיה צלויה על לב,גרמים,330.00,100 גרם,false,,35.90,0.1088,true,1,44062
7290006764737,false,בירה נשר מאלט דלת קלוריות ללא אלכוהול 500 מל,"טמפו משקאות בע""ם.",IL,נשר מאלט דיאט בקבוק,מיליליטרים,500.00,"100 מ""ל",false,,5.90,0.0118,true,1,11550
7290006765000,false,טורטיות חיטה מלאה 8יח 540 ג',אלקטי קוראבייכיסיגיד,TR,8 טורטיות חיטה מלאה,גרמים,540.00,100 גרם,false,,11.90,0.0220,true,1,117221
7290006784865,false,סנט מוריץ לניקוי משטחי מטבחים מרוכז ועוצמתי 1ל',קומפלקס כימיקלים,IL,ניקוי משטחי מטבח סנט,ליטרים,1.00,ליטר,false,,12.90,12.9000,true,1,137065
7290006788436,false,"קרליין - נושם פיור דאודורנט רול און לאישה ורוד 75 מ""ל",משווק: קוסמופארם בעמ,IL,דאו' רולאון נושם פיו,גרמים,75.00,100 גרם,false,,14.90,0.1987,true,1,33487
7290006804907,false,פיתה אסלית אפויה קפואה (חמישיות),פילסברי,,פיתות אסלי 5 יח',גרמים,500.00,100 גרם,false,,8.90,0.0178,true,1,212057
7290006805850,false,פילסברי פנקייק תערובת להכנת חביתיות,הדקלאים אגודת שיתופי,IL,תערובת להכנת פנקייקס,גרמים,500.00,100 גרם,false,,19.90,0.0398,true,1,15316
7290006822192,false,נקטר דיאט חמוציות אושן ספריי פריגת 1 ליטר,מבשלות בירה בינלאומי,IL,אושן ספרי דיאט חמוצי,ליטרים,1.00,ליטר,false,,13.50,13.5000,true,1,8998
7290006908360,false,שקד קלוי 150 גר' פיצוחי חממה,בוטנת,,שקד קלוי 150 גר` פיצ,גרמים,150.00,100 גרם,false,,17.90,0.1193,true,1,126796
7290006908377,false,שקד טבעי 150 גר פיצוחי חממה,בוטנת,,שקד טבעי 150 גר` פיצ,גרמים,150.00,100 גרם,false,,17.90,0.1193,true,1,126797
7290006908384,false,פיסטוק חלבי 150 גר' פיצוחי חמהה,בוטנת,,פיסטוק חלבי 150 גרם,גרמים,150.00,100 גרם,false,,18.90,0.1260,true,1,126798
7290006983152,false,קרוטונים מתובלים למרק אסם 400 גרם,עינת תעשיות מזון אגו,IL,קרוטונים מתובלים אסם,גרמים,400.00,100 גרם,false,,21.90,0.0547,true,1,22632
7290006983176,false,אוסם - לחמית שיפון 250 גרם,"אסם תעשיות בע""מ",IL,לחמית שיפון אסם 250,גרמים,230.00,100 גרם,false,,9.90,0.0430,true,1,22633
7290006983787,false,עוגת הבית שוקולד צ'יפס אסם 400 גרם,מיוצר עי קונדיטוריית,IL,עוגת הבית שוקוציפס 4,גרמים,400.00,100 גרם,false,,15.90,0.0398,true,1,22639
7290008101318,false,קריספ פירורי לחם זהוב 300 גרם,א.ל ייצור ושיווק תבל,IL,פירורי לחם זהוב קלאס,גרמים,300.00,100 גרם,false,,8.90,0.0297,true,1,449731
7290008116541,false,"שטיפת פה ליסטרין קול מינט 500 מ""ל",ג'ונסון אנד ג'ונסון,IT,מי פה ליסטרין בטעם מ,מיליליטרים,500.00,"100 מ""ל",false,,23.90,0.0478,true,1,32870
7290008116565,false,ליסטרין שטיפת פה פרש 500 מל,ג'ונסון אנד ג'ונסון,IT,מי פה פרש ליסטרין 50,מיליליטרים,500.00,"100 מ""ל",false,,23.90,0.0478,true,1,32872
7290008175173,false,חמאה מפינלנד ללא מלח 200 גרם ויליפוד,ואליו אל.טי.די,FI,חמאה מפינלנד 200גר',גרמים,200.00,100 גרם,false,,10.90,0.0545,true,1,4878
7290008190640,false,אפיפיות בטעם אגוזים בציפוי שוקולד לבן 110 גר בית יוסף,קריות זול,,אגו אגוזים בציפוי שו,גרמים,130.00,100 גרם,false,,7.90,0.0608,true,1,116228
7290008268301,false,אוכמניות יחידה,מרינה,IL,אוכמניות,גרמים,120.00,100 גרם,false,,11.90,0.0992,true,1,142969
7290008268455,false,קיווי ישראלי בראשית,חקלאי,IL,קיווי ארוז בראשית,יח',1.00,יח',false,,12.90,12.9000,true,1,376909
7290008300551,false,שקיות אשפה 75*90 שחו,,,שקיות אשפה 75*90 שחו,יחידה,0.00,יחידה,false,,17.90,0.0000,true,1,52580
7290008300599,false,70*50 'שקיות אשפה שר,,,70*50 'שקיות אשפה שר,יחידה,0.00,יחידה,false,,17.90,0.0000,true,1,384664
7290008300605,false,90*75 'שקיות אשפה 50,,,90*75 'שקיות אשפה 50,יחידה,0.00,יחידה,false,,12.90,0.0000,true,1,384665
7290008300629,false,שקיות אוכל בקופסא של,,,שקיות אוכל בקופסא של,יחידה,0.00,יחידה,false,,13.90,0.0000,true,1,123558
7290008333115,false,אבקת ג'לטין טהור נטו 28 גרם,ג'ליק פיניור,IL,.ג'לטין טהור 28 גר,גרמים,28.00,100 גרם,false,,11.50,0.4107,true,1,19963
7290008340618,false,סלמון מעושן מצונן דלידג 100 ג',ויליגר תעשיות בעמ,IL,סלמון 100 מעושן מצונ,גרמים,100.00,100 גרם,false,,22.90,0.2290,true,1,19973
7290008343466,false,בצק פילו 500 גרם שלושת האופים,שלושת האופים שגמור,IL,בצק פילו 500 גרם,גרמים,500.00,100 גרם,false,,21.90,0.0438,true,1,19980
7290008345583,false,איקרה ביתית ורוד 300 גרם דלידג,כלורוקס אוקלנד,IL,300 איקרה ביתית ורוד,גרמים,300.00,100 גרם,false,,21.90,0.0730,true,1,20003
7290008409100,false,אצבעות שניצל בציפוי שומשום מאמא עוף 700 גרם,תנובה גליל שותפות מו,IL,אצבעות שניצל ציפוי ש,גרמים,700.00,100 גרם,false,,40.90,0.0584,true,1,29602
7290008409124,false,מאמא עוף קפוא שניצל ג'ונגל פריך 700 גרם,תנובה גליל שותפות מו,IL,מאמא עוף קפוא שניצל,גרמים,700.00,100 גרם,false,,40.90,0.0584,true,1,29603
7290008409216,false,מאמא עוף קפוא שניצל דק פריך 700 גרם,תנובה גליל,IL,מאמא עוף קפוא שניצל,גרמים,700.00,100 גרם,false,,45.90,0.0656,true,1,29604
7290008409315,false,מיני מיני דק שניצלונים בציפוי פריך מאמא עוף 500 ג',תנובה גליל,IL,מאמא עוף מיני דק שני,גרמים,500.00,100 גרם,false,,29.50,0.0590,true,1,29607
7290008409407,false,מאמא עוף שניצל דק ציפס 700 גרם,תנובה גליל שותפות מו,IL,מאמא עוף שניצל דק צי,גרמים,700.00,100 גרם,false,,45.90,0.0656,true,1,29609
7290008409551,false,שניצל עוף אמיתי בציפוי מעודן 700 ג' מאמא עוף,תנובה גליל שותפות מו,IL,שניצל עוף אמיתי בציפ,גרמים,700.00,100 גרם,false,,46.90,0.0670,true,1,29615
7290008409773,false,קציצות עוף אמיתיות מאמא עוף 700 גרם,תנובה גליל שותפות מו,IL,מאמא עוף קפוא קציצות,גרמים,700.00,100 גרם,false,,39.90,0.0570,true,1,29622
7290008415071,false,צבר חומוס עם טחינה עגול 150 גרם,לחמנו,IL,צבר חומוס עם טחינה 1,גרמים,150.00,100 גרם,false,,5.90,0.0393,true,1,23425
7290008464130,false,"בירה גולדסטאר Unfiltered, בירה לא מסוננת, מארז שישייה, בקבוק 330 מ""ל",טמפו,IL,גולדסטאר לא מסונן 6*,ליטרים,1.98,ליטר,false,,46.90,23.6869,true,1,11559
7290008464505,false,סאן בנדטו בקבוק פלסטיק 500מל,פארייפאבה אגרואינדוס,IT,סן בנדטו 0.5ל. מים מ,מיליליטרים,500.00,"100 מ""ל",false,,3.90,0.0078,true,1,11572
7290008464604,false,"בירה היינקן, פחית 500 מ""ל",טמפו משקאות בע''מ,NL,הייניקן בירה פח 500מ,מיליליטרים,500.00,"100 מ""ל",false,,13.90,0.0278,true,1,67088
7290008464611,false,"הסודה של טמפו, מי סודה בגיזוז חזק, 275 מל",טמפו משקאות בעמ,IL,"מי סודה טמפו 275 מ""ל",מיליליטרים,275.00,"100 מ""ל",false,,3.50,0.0127,true,1,127396
7290008464697,false,"בירה מכבי 7.9%, בירה חזקה, מארז שישייה, בקבוק 330 מ""ל",טמפו,IL,מכבי 7.9% בקבוק 6* 3,ליטרים,1.98,ליטר,false,,37.90,19.1414,true,1,11578
7290008464741,false,"בירה גולדסטאר, מארז שישייה, בקבוק 330 מ''ל",קריות זול,IL,"גולדסטאר ח""פ בקבוק 6",ליטרים,1.98,ליטר,false,,40.90,20.6566,true,1,11581
7290008644112,false,סלט מטבוחה יום יום אחלה 125 ג',"שטראוס גרופ בע""מ",IL,אחלה מטבוחה 125ג,גרמים,125.00,100 גרם,false,,5.90,0.0472,true,1,26119
7290008644235,false,עלי בייבי שטראוס 120 גרם,שטראוס בריאות ירקות,IL,עלי בייבי 120 ג ירקו,גרמים,120.00,100 גרם,false,,10.90,0.0908,true,1,55931
7290008644945,false,לקט לסלט המושבה שטראוס 450 גרם,שטראוס בריאות ירקות,IL,סלט המושבה 450 ג ירק,גרמים,450.00,100 גרם,false,,13.90,0.0309,true,1,26122
7290008670159,false,"יין רקנאטי יסמין לבן 750 מ""ל","יקבי רקנאטי בע""מ",IL,רקנאטי יסמין לבן 750,מיליליטרים,750.00,"100 מ""ל",false,,39.90,0.0532,true,1,9333
7290008690713,false,נקטר חמוציות אושן ספריי פריגת 1 ליטר,מבשלות בירה בינלאומי,IL,אושן ספרי חמוציות 1ל,ליטרים,1.00,ליטר,false,,13.50,13.5000,true,1,9019
7290008693134,false,מעדן גבינה ויוגורט בטעם תות 5% שומן 88 ג' דניאלה,"שטראוס בריאות בע""מ",IL,דניאלה תות מעדן גבינ,מיליליטרים,150.00,"100 מ""ל",false,,4.50,0.0300,true,1,26124
7290008713900,false,לחם שיפון עגול פרוס אנג'ל 750 גרם,מאפיית אנג'ל אורנים,IL,לחם שיפון עגול אנגל,גרמים,750.00,100 גרם,false,,14.90,0.0199,true,1,69522
7290008745239,false,תפוצ'יפס קראנצ' בטעם טבעי עלית 50 גרם,"שטראוס פריטו ליי בע""",IL,תפוציפס קראנץ טבעי 5,גרמים,50.00,100 גרם,false,,4.90,0.0980,true,1,26631
7290008747547,false,תפוצ'יפס קראנץ' בטעם טבעי עלית 200 גרם,"שטראוס פריטו ליי בע""",IL,תפוציפס קראנץ טבעי 2,גרמים,200.00,100 גרם,false,,10.90,0.0545,true,1,26633
7290008750264,false,מסטיק מאסט LL פליפ.דובדבן מגדים 28 גר,"שטראוס גרופ בע""מ",IL,מאסט דובדבן 28ג,גרמים,28.00,100 גרם,false,,4.90,0.1750,true,1,25407
7290008752244,false,תפוצ'יפס קראנץ' בטעם גריל עלית 50 גרם,"שטראוס פריטו ליי בע""",IL,תפוציפס קראנץ גריל 5,גרמים,50.00,100 גרם,false,,4.90,0.0980,true,1,26639
7290008754415,false,גומי מאסט בטעם ספירמינט עדין פליפטופ 28 ג' עלית,"שטראוס גרופ בע""מ",IL,מאסט מנטה עדין 28 גר,גרמים,28.00,100 גרם,false,,4.90,0.1750,true,1,25416
7290008757034,false,"שוופס סודה זכוכית 250 מ""ל","יפאורה תבורי בע""מ",IL,"סודה שוופס 250 מ""ל ב",מיליליטרים,250.00,"100 מ""ל",false,,4.50,0.0180,true,1,13567
7290008775823,false,ערגליות במילוי תות אסם 300 גרם,מיוצר עי קונדיטוריית,IL,ערגליות תות שדה 300,גרמים,300.00,100 גרם,false,,11.90,0.0397,true,1,22650
7290008801157,false,מרלו סלקטד כרמל מזרחי 750 מל,כרמל מזרחי,IL,יין סלקטד מרלו 750 מ,מיליליטרים,750.00,"100 מ""ל",false,,32.90,0.0439,true,1,516
7290008801478,false,יין טופז זהב יקבי כרמל,כרמל מזרחי,IL,"טופז זהב 750 מ""ל",מיליליטרים,750.00,"100 מ""ל",false,,21.90,0.0292,true,1,521
7290008801546,false,יין מוסקט מתוק קינג דיוויד יקבי כרמל,אגודת הכורמים הקואופ,IL,יין קונקורד קינג דיו,מיליליטרים,750.00,"100 מ""ל",false,,23.90,0.0319,true,1,524
7290008849777,false,רוטב צ'ילי מתוק אוליביה 345 גרם,קריות זול,IL,אוליביה רוטב צילי מת,גרמים,350.00,100 גרם,false,,15.90,0.0454,true,1,5412
7290008849845,false,ממרח אוליביה אריסה פיקנטי 180 ג',"אוליביה גרומה בע""מ",IL,אוליביה אריסה פיקנטי,גרמים,185.00,100 גרם,false,,13.90,0.0751,true,1,125079
7290008909853,false,קוקה קולה זירו בקבוק 500מל,פארייפאבה אגרואינדוס,IL,קוקה קולה זירו 500 מ,מיליליטרים,500.00,"100 מ""ל",false,,7.90,0.0158,true,1,8509
7290008909877,false,ק קולה דיאט ZERO שישייה 1.5 ליטר,קוקה קולה,IL,קוקה קולה זירו שישיי,ליטרים,9.00,ליטר,false,,47.30,5.2556,true,1,8511
7290009018004,false,פיקדון בקבוק/פחית בו,Unknown,,פיקדון בקבוק/פחית בו,יחידה,0.00,יחידה,false,,0.30,0.0000,true,1,49
7290009018011,false,פיקדון בקבוק/פחיות ש,,,פיקדון בקבוק/פחיות ש,יחידה,0.00,יחידה,false,,1.80,0.0000,true,1,864
7290009018264,false,פיקדון בקבוק/פחית רב,,,פיקדון בקבוק/פחית רב,יחידה,0.00,יחידה,false,,1.20,0.0000,true,1,635
7290009174397,false,כריך א לעובד-כשר לפס,,,כריך עובד מגה,יחידה,0.00,יחידה,false,,1.50,0.0000,true,1,56003
7290010002023,false,תבלין כורכום תבליני מימון 100 גרם,א.ל ייצור ושיווק תבל,IL,מימון כורכום הודי טח,גרמים,100.00,100 גרם,false,,12.90,0.1290,true,1,170
7290010002030,false,תבלין כמון טחון תבליני מימון 100 גרם,א.ל ייצור ושיווק תבל,IL,מימון כמון במיכל 100,גרמים,100.00,100 גרם,false,,12.90,0.1290,true,1,171
7290010002078,false,תבלין פלפל שחור טחון 100 גרם,א.ל ייצור ושיווק תבל,IL,מימון פלפל שחור טחון,גרמים,100.00,100 גרם,false,,15.90,0.1590,true,1,175
7290010002108,false,תבלין פלפל שחור גרוס גס תבליני מימון 90,א.ל ייצור ושיווק תבל,IL,מימון פלפל שחור גרוס,גרמים,90.00,100 גרם,false,,15.90,0.1767,true,1,178
7290010002122,false,תבלין פפריקה מתוקה הונגרית מימון 100 גרם,א.ל ייצור ושיווק תבל,IL,מימון פפריקה הונגרית,גרמים,100.00,100 גרם,false,,12.90,0.1290,true,1,180
7290010002146,false,תבלין פפריקה מרוקאית מתוקה מימון 100 גרם,א.ל ייצור ושיווק תבל,IL,מימון פפריקה מרוקאית,גרמים,100.00,100 גרם,false,,12.90,0.1290,true,1,182
7290010002214,false,תבלין צ'ילי גרוס תבליני מימון 80 גרם,א.ל ייצור ושיווק תבל,IL,מימון צילי גרוס 80 ג,גרמים,80.00,100 גרם,false,,12.90,0.1613,true,1,186
7290010002290,false,תבלין לשווארמה טורקית מימון 100 גרם,א.ל ייצור ושיווק תבל,IL,מימון תערובת לשווארמ,גרמים,100.00,100 גרם,false,,12.90,0.1290,true,1,189
7290010002320,false,תבלין לגריל עוף תבליני מימון 100 גרם,א.ל ייצור ושיווק תבל,IL,מימון תיבול לגריל עו,גרמים,100.00,100 גרם,false,,12.90,0.1290,true,1,192
7290010002368,false,תבלין חוויאג' למרק 100 גרם,א.ל ייצור ושיווק תבל,IL,מימון תערובת חווג` ל,גרמים,100.00,100 גרם,false,,12.90,0.1290,true,1,196
7290010002382,false,תבלין אורגנו תבליני מימון 40 גרם,א.ל ייצור ושיווק תבל,IL,מימון אורגנו במיכל 4,גרמים,40.00,100 גרם,false,,10.50,0.2625,true,1,198
7290010002481,false,תבלין שום טחון תבליני מימון 100 גרם,א.ל ייצור ושיווק תבל,IL,מימון שום טחון במיכל,גרמים,100.00,100 גרם,false,,15.90,0.1590,true,1,205
7290010002498,false,תבלין שום גבישי תבליני מימון 120 גרם,א.ל ייצור ושיווק תבל,IL,מימון שום גבישי 120,גרמים,120.00,100 גרם,false,,15.90,0.1325,true,1,206
7290010002696,false,אקסטרה ציפס אורז חום מלא שמנת בצל 60 גרם,,BG,אקסטרא צ'יפס אורז חו,גרמים,60.00,100 גרם,false,,9.40,0.1567,true,1,449778
7290010002726,false,תבלין לפרגיות תבליני מימון 100 גרם.,א.ל ייצור ושיווק תבל,IL,מימון תיבול לפרגיות,גרמים,100.00,100 גרם,false,,12.90,0.1290,true,1,209
7290010003693,false,תבלין בשקית פפריקה מתוקה 80 גר-חדש,א.ל ייצור ושיווק תבל,IL,מימון פפריקה מתוקה ש,גרמים,80.00,100 גרם,false,,6.50,0.0813,true,1,217
7290010003709,false,תבלין בשקית פלפל שחור טחון 50 גר-חדש,א.ל ייצור ושיווק תבל,IL,מימון פלפל שחור טחון,גרמים,50.00,100 גרם,false,,8.70,0.1740,true,1,218
7290010003778,false,תבלין בשקית גריל עוף 80 גרם.,א.ל ייצור ושיווק תבל,IL,מימון תיבול לגריל עו,גרמים,80.00,100 גרם,false,,6.50,0.0813,true,1,221
7290010003839,false,תבלין בשקית קינמון טחון 80גר-חדש,א.ל ייצור ושיווק תבל,IL,מימון קינמון טחון שק,גרמים,80.00,100 גרם,false,,6.50,0.0813,true,1,227
7290010003846,false,תבלין בשקית אורגנו 20 גרם,א.ל ייצור ושיווק תבל,IL,מימון אורגנו שקית 20,גרמים,20.00,100 גרם,false,,6.50,0.3250,true,1,228
7290010023141,false,הגן הקסום לימונענע ויסוצקי 25 יחידות,תה ויסוצקי,IL,תה לימונענע 25 שק',גרמים,50.00,100 גרם,false,,19.90,0.3980,true,1,27412
7290010066513,false,נתחי טונה בשמן צמחי רביעיה *158ג' פילטונה,תעשיות פילטונה,IL,נתחי טונה בשמן צמחי,גרמים,632.00,100 גרם,false,,25.90,0.0410,true,1,29673
7290010066582,false,נתחי טונה בשמן קנולה רביעיה * 158 ג' פילטונה,תעשיות פילטונה,IL,נתחי טונה בשמן קנולה,גרמים,632.00,100 גרם,false,,25.90,0.0410,true,1,29676
7290010066599,false,רביעיית נתחי טונה בשמן זית פילטונה 158X4 גרם,תעשיות פילטונה,IL,נתחי טונה בשמן זית פ,גרמים,632.00,100 גרם,false,,32.90,0.0521,true,1,93449
7290010117864,false,דוריטוס חטיף תירס בטעם חריף אש עלית 70 גרם,שטראוס פריטו ליי (מל,IL,דוריטוס חריף אש 70 ג,גרמים,70.00,100 גרם,false,,4.30,0.0614,true,1,26651
7290010118328,false,תפוצ'יפס בטעם טבעי עלית מארז 6*40 גרם,שטראוס פריטו ליי (מל,IL,תפוצ'יפס טבעי 6*40 ג,גרמים,240.00,100 גרם,false,,14.90,0.0621,true,1,113844
7290010129300,false,עוגיות רייף מרוקאיות 350 גרם,שיבולים א.ד.ל,IL,עוגיות רייף מרוקאיות,גרמים,350.00,100 גרם,false,,19.90,0.0569,true,1,68402
7290010129652,false,עוגיות לקפה דולצ'ה ו,שיבולים א.ד.ל,IL,עוגיות לקפה דולצ'ה ו,גרמים,350.00,100 גרם,false,,19.90,0.0569,true,1,142173
7290010129676,false,עוגיות מרוקאיות ארוך 350 גרם,,,עוגיות מרוקאיות ארוך,גרמים,350.00,100 גרם,false,,19.90,0.0569,true,1,142175
7290010173044,false,"יין בר הרי גליל מרלו 750 מ""ל","כד בני דרום בע""מ",IL,הרי גליל מרלו 2007 7,מיליליטרים,750.00,"100 מ""ל",false,,43.90,0.0585,true,1,50163
7290010173068,false,יין בר הרי גליל קברנה סוביניון 750 מל,"כד בני דרום בע""מ",IL,הרי גליל קברנה סובינ,מיליליטרים,750.00,"100 מ""ל",false,,43.90,0.0585,true,1,50164
7290010192007,false,פטרוזיליה,,,פטרוזיליה,יח',1.00,יח',false,,4.90,4.9000,true,1,2882
7290010192014,false,שמיר ארוז,חקלאי,IL,שמיר,יח',1.00,יח',false,,4.90,4.9000,true,1,2883
7290010192021,false,כוסברה ארוז,חקלאי,IL,כוסברה,יח',1.00,יח',false,,4.90,4.9000,true,1,2884
7290010192038,false,שורש פטרוזיליה ארוז,,,שורש פטרוזיליה ארוז,יח',1.00,יח',false,,6.90,6.9000,true,1,2885
7290010192045,false,נענע יחידה,,,נענע יחידה,יח',1.00,יח',false,,4.90,4.9000,true,1,2886
7290010192052,false,סלרי עלים (אמריקאי),חקלאי,IL,סלרי עלים (אמריקאי),יח',1.00,יח',false,,6.90,6.9000,true,1,2887
7290010192069,false,ראש סלרי ארוז,,,סלרי ראש ארוז,יח',1.00,יח',false,,6.90,6.9000,true,1,2888
7290010237562,false,משקה פפסי מרינדה קוו,"טמפו משקאות בע""מ",IL,מירנדה 500 מ'ל,מיליליטרים,500.00,"100 מ""ל",false,,5.90,0.0118,true,1,11592
7290010237579,false,משקה סבן אפ קוול 500,"טמפו משקאות בע""מ",IL,סבן אפ 500 מ'ל,מיליליטרים,500.00,"100 מ""ל",false,,5.90,0.0118,true,1,11593
7290010237586,false,סבן אפ דיאט פלסטיק 500מל,"טמפו משקאות בע""מ",IL,דיאט סבן אפ 500 מ'ל,מיליליטרים,500.00,"100 מ""ל",false,,5.90,0.0118,true,1,11594
7290010259977,false,שמן קנולה מזוכך 1 ליטר ויליפוד,בונגי פולין אס.פי.זד,PL,שמן קנולה ויליפוד 1,ליטרים,1.00,ליטר,false,,12.90,12.9000,true,1,4904
7290010259991,false,צנימים מיוחדים בטעם טבעי 250 ג',קריות זול,PT,"צנימים בד""ץ וילי פוד",גרמים,250.00,100 גרם,false,,8.90,0.0356,true,1,117082
7290010429554,false,"שמן זית כתית מעולה יד מרדכי 2 קלאסי, 750 מ""ל",מכוורת יד מרדכי שטרא,IL,שמן זית כתית מעולה 2,מיליליטרים,750.00,"100 מ""ל",false,,39.90,0.0532,true,1,25434
7290010439300,false,130*70 מגבת גוף גקרד,,,130*70 מגבת גוף גקרד,יחידה,0.00,יחידה,false,,30.90,0.0000,true,1,31436
7290010471669,false,יוגורט תות עם קורנפלקס מצופה שוקולד ללא גלוטן 3.9%,"שטראוס בריאות בע""מ",IL,דנונה קראנצ' יוגורט,מיליליטרים,175.00,"100 מ""ל",false,,4.90,0.0280,true,1,26125
7290010472307,false,מארז 8 יחידות משקה גמדים בטעם תות בננה,מיוצר עי קונדיטוריית,IL,גמדים לשתיה תות בננה,מיליליטרים,864.00,"100 מ""ל",false,,21.90,0.0253,true,1,26129
7290010472390,false,מארז 8 יחידות מעדן דני בטעם שוקולד 1.5%,מיוצר עי קונדיטוריית,IL,מארז דני שוקולד 8*,מיליליטרים,1000.00,"100 מ""ל",false,,16.90,0.0169,true,1,26130
7290010627004,false,טחינה גולמית מסורתית ירושלים 500 ג',"בראשית ירושלים בע""מ",IL,טחינה ירושלים 500 גר,גרמים,500.00,100 גרם,false,,18.90,0.0378,true,1,27426
7290010650019,false,אנדיב בלגי אמיתי חוות תקוע,מרינה פטריות הגליל,IL,עולש אנדיב בלגי חוות,יח',1.00,יח',false,,14.90,14.9000,true,1,74786
7290010650033,false,בצלצלי שאלוט תקוע אר,חוות פטריות תקוע,IL,בצלצלי שאלוט,גרמים,350.00,100 גרם,false,,15.00,0.0429,true,1,2895
7290010650101,false,עגבניות מיובשות חוות תקוע 100 גרם,חוות פטריות תקוע,IL,עגבניות מיובשות 100,גרמים,100.00,100 גרם,false,,10.90,0.1090,true,1,2902
7290010650415,false,עגבניות מיובשות 200 גרם תקוע,ירק הגליל,IL,עגבניות לחות 200 גר',גרמים,200.00,100 גרם,false,,14.90,0.0745,true,1,2352
7290010690138,false,ברוקולי ארוז במגשית,חקלאי,IL,ברוקולי ארוז,יח',1.00,יח',false,,9.90,9.9000,true,1,2919
7290010711543,false,כף אשפה + גומי SHINY,שייני Shiny,IT,כף אשפה + גומי SHINY,יחידה,0.00,יחידה,false,,5.90,0.0000,true,1,15828
7290010766734,false,רוטב פיצה אוליביה אסם 430 ג',אוליביה,IL,רוטב פיצה אוליביה 41,מיליליטרים,415.00,"100 מ""ל",false,,15.90,0.0383,true,1,5456
7290010814251,false,שלשות שוקולד חלב 85 גר*3 בלמינט*18 בקרט בדצ,כרמית תעשיות ממתקים,IL,שוקולד חלב אגו 3 יח',גרמים,255.00,100 גרם,false,,10.90,0.0427,true,1,43582
7290010814695,false,שוקולד מריר פרווה ללא תוספת סוכר כרמית 85 גרם,כרמית תעשיות ממתקים,IL,חופשי שוק.מריר ללס 8,גרמים,85.00,100 גרם,false,,6.90,0.0812,true,1,43586
7290010838219,false,ממתיק על בסיס צמח הסטיביה - שקיות,תות ממתקי איכות,IL,סטיביה 100 שקיות,גרמים,100.00,100 גרם,false,,33.90,0.3390,true,1,7797
7290010838431,false,דאק נוזל לניקוי אסלות זוג בניחוח ים 2*750 מל,מיוצר עי קונדיטוריית,NL,דאק ג'ל נוזל 750 זוג,ליטרים,1.50,ליטר,false,,18.90,12.6000,true,1,7799
7290010883356,false,כפפות אלוורה רב שימושיות גדולות L סנו סושי,סנו סושי,CN,סנו סושי זוג כפפות א,יחידה,0.00,יחידה,false,,12.10,0.0000,true,1,33627
7290010883370,false,כפפות אלוורה רב שימושיות בינוניות M סנו סושי,האי נאם סי או אל.טי.,CN,סנו סושי זוג כפפות א,יחידה,0.00,יחידה,false,,12.10,0.0000,true,1,33629
7290010931330,false,סלט מטבוחה אחלה 500 גרם,מיוצר עי קונדיטוריית,IL,אחלה מטבוחה 500ג,גרמים,500.00,100 גרם,false,,16.90,0.0338,true,1,26133
7290010945146,false,קוטג' 3% מועשר בסידן טרה 250 ג' מהדרין,קריות זול,IL,טרה קוטג מועשר 3% 25,גרמים,250.00,100 גרם,false,,5.90,0.0236,true,1,8513
7290010945450,false,גבינה לבנה 3% 250 גר מועשר בסידן וויטמין,קריות זול,IL,טרה גבינה לבנה מהדרי,גרמים,250.00,100 גרם,false,,4.98,0.0199,true,1,8517
7290011015985,false,"סירופ בטעם דיאט אננס 750 מ""ל פריגת",סירופ - גבעת חיים,IL,פריגת סירופ דיאט אננ,מיליליטרים,750.00,"100 מ""ל",false,,23.90,0.0319,true,1,9050
7290011017866,false,קוקה קולה קלאסי בפחית,החברה המרכזית לייצור,IL,קוקה קולה פחית סליק,מיליליטרים,330.00,"100 מ""ל",false,,5.70,0.0173,true,1,9078
7290011017873,false,"קוקה קולה זירו פחית 330 מ""ל",החברה המרכזית לייצור,IL,ZERO קולה פחית סליק,מיליליטרים,330.00,"100 מ""ל",false,,5.50,0.0167,true,1,9079
7290011017880,false,דיאט קוקה קולה פחית סליק 330מל,החברה המרכזית לייצור,IL,קולה דיאט פחית סליק,מיליליטרים,330.00,"100 מ""ל",false,,5.50,0.0167,true,1,9080
7290011018924,false,"מארז פחיות דיאט קוקה קולה שישייה 330 מ""ל",החברה המרכזית לייצור,IL,דיאט קוקה קולה פרידג,ליטרים,1.98,ליטר,false,,25.00,12.6263,true,1,9115
7290011065416,true,פלפל שחור מטחנה 60 ג,,,פלפל שחור מטחנה 60 ג,גרמים,60.00,100 גרם,false,,19.70,0.3283,true,1,80220
7290011110000,false,חסה רומית שלמה,,,חסה רומית שלמה,גרמים,430.00,100 גרם,false,,9.90,0.0230,true,1,61971
7290011110024,false,חסה סלנובה יח,,,חסה סלנובה,יח',1.00,יח',false,,12.90,12.9000,true,1,130885
7290011110031,false,לבבות חסה,,,לבבות חסה,יח',1.00,יח',false,,10.90,10.9000,true,1,127829
7290011110048,false,פלפל סוויט בייט,,,פלפל סוויט בייט,גרמים,220.00,100 גרם,false,,9.90,0.0450,true,1,367217
7290011110055,false,פלפל רומרו מארז,,,פלפל רומרו מארז,יח',1.00,יח',false,,9.90,9.9000,true,1,367218
7290011110079,false,בזיליקום.,,,בזיליקום.,יח',1.00,יח',false,,6.90,6.9000,true,1,173876
7290011110093,false,עלי מנגולד,,,מנגולד,גרמים,250.00,גרם,false,,7.90,0.0316,true,1,127831
7290011110109,false,תירס סופרסוויט,,,תירס סופרסוויט,גרמים,800.00,100 גרם,false,,14.90,0.0186,true,1,124996
7290011110116,false,תרד ניו-זילנדי,,,תרד ניו-זילנדי,גרמים,200.00,גרם,false,,9.90,0.0495,true,1,135000
7290011110123,false,עירית,,,עירית,יח',1.00,יח',false,,6.90,6.9000,true,1,157002
7290011110130,false,רוקולה גדול,,,רוקולה,יח',1.00,יח',false,,9.90,9.9000,true,1,172178
7290011110215,false,מלפפון בייבי,,,מלפפון בייבי,גרמים,350.00,100 גרם,false,,9.90,0.0283,true,1,367235
7290011110277,false,ברוקולי,,,ברוקולי,יח',1.00,יח',false,,11.90,11.9000,true,1,139013
7290011110512,false,חסה לאליק 280גרם,חקלאי,IL,חסה לאליק -יגור,יח',1.00,יח',false,,12.90,12.9000,true,1,331744
7290011115166,false,נקה 7 ארומה סבון נוזלי לבנדר 1 ל',טרופיקל דגיל תעשיות,IL,תחליב רחצה לבנדר נקה,יחידה,0.00,יחידה,false,,16.90,0.0000,true,1,33696
7290011115289,false,אל סבון מוצק מבושם בניחוח עדין קלאסיק - מארז רביעיה,"גליל כימיכלים בע""מ",IL,סבון מוצק לילך נקה 7,גרמים,400.00,100 גרם,false,,15.00,0.0375,true,1,33704
7290011126209,false,הגן הקסום תה טעם תפוח וקינמון סיידר ויסוצקי 25 יח',תה ויסוצקי,IL,תה הגן הקסום תפוח וק,גרמים,55.00,100 גרם,false,,19.90,0.3618,true,1,27429
7290011126452,false,הגן הקסום תה בטעם קמומיל ונענע ויסוצקי 25 יחידות,תה ויסוצקי,IL,תה קמומיל ונענע 1.5ג,גרמים,37.50,100 גרם,false,,19.90,0.5307,true,1,27437
7290011126469,false,הגן הקסום תה בטעם קמומיל ודבש ויסוצקי 25 יחידות,תה ויסוצקי,IL,תה קמומיל ודבש 1.5גר,גרמים,37.50,100 גרם,false,,19.90,0.5307,true,1,27438
7290011132507,false,סן בנדטו- מים מנרליים - מוגז עדין 500 מל,פארייפאבה אגרואינדוס,IT,סאן בנדטו מוגז עדין,מיליליטרים,500.00,"100 מ""ל",false,,6.50,0.0130,true,1,11614
7290011148911,false,פלפלים מתוקים טינקרב,מרינה פטריות הגליל,IL,פלפלים מתוקים טינקרב,גרמים,300.00,100 גרם,false,,9.90,0.0330,true,1,2945
7290011148942,false,שרי עגבניות - מיקס,,,שרי עגבניות - מיקס,יח',1.00,יח',false,,12.90,12.9000,true,1,2393
7290011153885,false,נייר אכיל ממותג דיסני,שמחה זה אנחנו,,נייר אכיל לעוגה ממות,יחידה,0.00,יחידה,false,,19.70,0.0000,true,1,36417
7290011194215,false,מעדן גבינה ויוגורט בטעם בננה 5% שומן 88 ג' דניאלה,"שטראוס בריאות בע""מ",IL,"דניאלה בננה 150 מ""ל",מיליליטרים,150.00,"100 מ""ל",false,,4.50,0.0300,true,1,26134
7290011194246,false,קוטג' 5% עם סידן 250 ג' שטראוס,מיוצר עי קונדיטוריית,IL,קוטג שטראוס 5% עם סי,גרמים,250.00,100 גרם,false,,6.20,0.0248,true,1,26135
7290011223038,false,בונומי עלים לקרמשניט שכבות אפויות מבצק עלים 300 גרם,בונומי ס.פ.א,IT,בונומי עלים לקרמשניט,גרמים,300.00,100 גרם,false,,16.90,0.0563,true,1,7809
7290011254032,false,קינואה מיה 500 גרם,"מיה תעשיות מזון בע""מ",IL,קינואה 500 גרם,גרמים,500.00,100 גרם,false,,15.90,0.0318,true,1,17085
7290011378233,false,בארכה מאגדת חטיפי חלווה וניל ל.סוכר 120גר,רושדי תעשיות מזון בע,IL,בארכה בקטנה מאגדת ונ,גרמים,120.00,100 גרם,false,,14.90,0.1242,true,1,22661
7290011378769,false,בארכה - חטיף בקטנה חלבה וניל 20 גרם * 6,רושדי תעשיות מזון בע,IL,בארכה בקטנה מאגדת ונ,גרמים,120.00,100 גרם,false,,14.90,0.1242,true,1,22664
7290011379018,false,מארז משפחתי שמפיניון 500 ג' מרינה,מרינה פטריות הגליל,IL,פטריות צמד חמד,גרמים,500.00,100 גרם,false,,16.90,0.0338,true,1,2949
7290011435226,false,דבש מפרחי בר לחיץ 650 ג' יד מרדכי,מכוורת יד מרדכי שטרא,IL,דבש מפרחי בר לחיץ 65,גרמים,650.00,100 גרם,false,,42.90,0.0660,true,1,25436
7290011438142,false,"משקה יטבתה אייס קפה בבקבוק אישי 350 מ""ל",שטראוס גרופ,IL,יטבתה אייס קפה בבקבו,מיליליטרים,350.00,"100 מ""ל",false,,6.90,0.0197,true,1,26141
7290011473051,false,קוואקר עבה אורגני 500 גרם,ארוז ע' תבואות,GB,קוואקר עבה אורגני תב,גרמים,500.00,100 גרם,false,,12.00,0.0240,true,1,5155
7290011473655,false,סוכר קנים אורגני 1 קילו,ארוז ע' תבואות,BR,סוכר קנים אורגני תבו,קילוגרמים,1.00,"ק""ג",false,,11.90,11.9000,true,1,5178
7290011474386,false,קוואקר דק אורגני 500 גרם,תבואות,,קוואקר דק אורגני תבו,גרמים,500.00,100 גרם,false,,13.10,0.0262,true,1,5187
7290011499051,false,פטה כבשים מסורתית 20% בגביע 250 גרם - רובין,MKN עבור מחלבות גד ב,IL,גד פטה כבשים גביע 20,גרמים,250.00,100 גרם,false,,28.90,0.1156,true,1,16776
7290011499112,false,בולגרית מסורתית 16% 250 גרם - רבנות,"מיוצר ע""י dsh",IL,גד בולגרית 16% 250ג,גרמים,250.00,100 גרם,false,,23.90,0.0956,true,1,16778
7290011499129,false,גבינה בולגרית מעודנת קוביות קטנות 5% גד 200 גרם,קוד יצרן DSH,IL,גד בולגרית מעודנת קו,גרמים,200.00,100 גרם,false,,24.90,0.1245,true,1,16779
7290011499303,false,פטה עיזים מעודנת 5% בגביע 250 גרם - רבנות,ג'נרל מילס סאן אדריא,IL,פטה עיזים מעודנת 5%,גרמים,250.00,100 גרם,false,,32.90,0.1316,true,1,16783
7290011499327,false,גבינה בולגרית מעודנת 5% 250 גרם - רבנות,מיוצר על ידי DSH עבו,IL,גד בולגרית בקר מעודנ,גרמים,250.00,100 גרם,false,,23.90,0.0956,true,1,16785
7290011499341,false,גבינת קשקבל ארוז 26 אחוז 250גרם גד,הנסיך- מפעל לייצור ט,IL,קשקבל מחלבות גד 200,גרמים,250.00,100 גרם,false,,36.90,0.1476,true,1,16787
7290011499365,false,גד חלומי 24% 200 גרם רובין,"מחלבות גד בע""מ",IL,גד חלומי 24% 200ג,גרמים,200.00,100 גרם,false,,22.90,0.1145,true,1,16789
7290011499525,false,גבינת לאבנה דרוזית 9% גד 500 גרם,מחלבות גד בעמ,IL,גד לאבנה דרוזית 9% 5,גרמים,500.00,100 גרם,false,,21.90,0.0438,true,1,16794
7290011499624,false,שמנת 30% ניו יורק טבעי 200 גרם רבנות,מחלבות גד,IL,גד ניו יורק גבינת שמ,גרמים,200.00,100 גרם,false,,13.90,0.0695,true,1,16795
7290011499846,false,גבינת ריקוטה פרסקה 9% גד 300 גרם,מחלבות גד בעמ,IL,גד ריקוטה פרסקה 5% 3,גרמים,300.00,100 גרם,false,,19.90,0.0663,true,1,16808
7290011515683,false,טילונים אקסטרים וניל מאגדת 6יח',תות תעשיות מזון (201,IL,אקסטרים וניל מאגדת 6,גרמים,432.00,100 גרם,false,,40.90,0.0947,true,1,18320
7290011515911,false,שלגון לייט ריבת חלב מאגדת 6 יח',גלידות נסטלה (נגה גל,IL,מאגדת לייט ריבת חלב,גרמים,312.00,100 גרם,false,,33.90,0.1087,true,1,18321
7290011518561,false,"אקטימל תות משפחתי מארז 14X100מ""ל",מיוצר עי קונדיטוריית,IL,אקטימל תות משפחתי 14,ליטרים,1.40,ליטר,false,,33.90,24.2143,true,1,26146
7290011587451,false,גרנולה בתוספת פירות ואגוזים,ויטליה,IL,גרנולה + פירות ואגוז,גרמים,600.00,100 גרם,false,,16.90,0.0282,true,1,68881
7290011598211,false,"סנו - אנטי קאלק מרסס ניקוי כללי 4 ב-1 700 מ""ל",מיוצר עי קונדיטוריית,IL,מנקה כללי אנטיקאלק 7,מיליליטרים,700.00,"100 מ""ל",false,,19.90,0.0284,true,1,33733
7290011598259,false,"פרש מטהר אוויר אוטומטי בניחוח מאסק סנו 250 מ""ל",סנו מפעלי ברונוס בעמ,IL,סנו פרש אוטומטיק מאס,מיליליטרים,250.00,"100 מ""ל",false,,16.90,0.0676,true,1,33734
7290011598402,false,מקסימה מרכך כביסה ארומתרפי מאסק סנו 4 ליטר,סנו מקסימה,IL,מרכך כביסה סנו מקסימ,ליטרים,4.00,ליטר,false,,23.90,5.9750,true,1,33737
7290011607180,false,"אבקת כביסה קולון 101 1.25 ק""ג",ריקט בנקיזר ( ניר אי,IL,"קולון 101 1.25 ק""ג",קילוגרמים,1.25,"ק""ג",false,,16.90,13.5200,true,1,24174
7290011723200,false,טחינה הר ברכה 100% שומשום טהור 500 גר,טחינה הר ברכה בעמ,IL,טחינה הר ברכה טחינה,גרמים,500.00,100 גרם,false,,21.90,0.0438,true,1,78389
7290011877859,false,סנו אינסטלטור חדש פותח סתימות 200ג',מיוצר עי קונדיטוריית,IL,סנו אינסטלטור פותח ס,מיליליטרים,200.00,"100 מ""ל",false,,16.90,0.0845,true,1,33771
7290011912642,false,ליסטרין שטיפת פה הגנה על השיניים והחניכי,ליסטרין Listerine,IT,מי פה טאגד ליסטרין 5,מיליליטרים,500.00,"100 מ""ל",false,,23.90,0.0478,true,1,32895
7290011947309,false,זיתים מצוננים סורי מבוקע ולימון כבוש זיתא 230 ג',זיתא – י.ט.ב תעשיות,IL,זית סורי מבוקע עם לי,גרמים,215.00,100 גרם,false,,15.90,0.0740,true,1,27453
7290011947798,false,זית קלמטה ללא גלעין עם שמן זית כתית מעולה,זיתא - י.ט.ב תעשיות,IL,זית קלמטה ללא גלעין,גרמים,190.00,100 גרם,false,,16.90,0.0889,true,1,280899
7290012001994,false,חרדל דיז'ון גרעינים 350 ג' ריין דיזון,ריין דיז'ון reine dijon,FR,חרדל דיגון גרעינים 3,גרמים,350.00,100 גרם,false,,14.90,0.0426,true,1,7257
7290012022203,false,פריכיות קליליות חיטה,דילייט 2005,IL,קליליות חיטה מלאה די,גרמים,100.00,100 גרם,false,,14.90,0.1490,true,1,32338
7290012022227,false,קליליות חיטה טעם טבעי,דילייט 2005,IL,קליליות בטעם טבעי די,גרמים,60.00,100 גרם,false,,13.90,0.2317,true,1,32339
7290012022272,false,פריכיות קליליות קידס,דילייט 2005,IL,פריכיות קליליות קידס,יחידה,0.00,יחידה,false,,13.90,0.0000,true,1,35214
7290012086113,false,עגבניות שרי אשכולות מארז,ירקט,IL,עגבניות שרי,גרמים,500.00,100 גרם,false,,9.90,0.0198,true,1,2954
7290012116735,false,סנו סופט גמבו נייר טואלט 24 גל 900מ קומפ,סנו מפעלי ברונוס בעמ,IL,נייר טואלט סופט ג'מב,מטרים,900.00,מטר,false,,42.90,0.0477,true,1,33796
7290012117350,false,סנו ריצפז פרש 2 ליטר לילך לבנדר,"סנו מפעלי ברונוס בע""",IL,ריצפז פרש לילך לבנדר,ליטרים,2.00,ליטר,false,,19.90,9.9500,true,1,33807
7290012117534,false,סנו - מקסימה מרכך כביסה מרוכז קול 1 ליטר,"סנו מפעלי ברונוס בע""",IL,סנו מקסימה מרכך קומפ,יחידה,0.00,יחידה,false,,18.90,0.0000,true,1,33816
7290012117558,false,מקסימה מרכך כביסה מרוכז ורוד בניחוח מאסק סנו 1 ליטר,"סנו מפעלי ברונוס בע""",IL,סנו מקסימה מרכך קומפ,יחידה,0.00,יחידה,false,,18.90,0.0000,true,1,33818
7290012117572,false,כפפות לטקס 100 יח' - M סנו סושי,סנו סושי,TH,M סנו סושי כפפות לטק,יחידה,0.00,יחידה,false,,46.90,0.0000,true,1,33820
7290012117916,false,אינסטלטור נוזל לפתיחת סתימות סנו 1 ליטר,"סנו מפעלי ברונוס בע""",IL,סנו אינסטלאטור פותח,יחידה,0.00,יחידה,false,,30.90,0.0000,true,1,33829
7290012226120,false,"קבנוס 135 גרם ""זוגלובק""",נקניק נהריה כשר זוגל,IL,זוגלובק קבנוס 135ג.,גרמים,135.00,100 גרם,false,,13.90,0.1030,true,1,44073
7290012227325,false,סלמי דק דק מעושן איטלקי 120 ג' זוגלובק,זוגלובק,IL,זוגלובק סלמי מעושן ד,גרמים,120.00,100 גרם,false,,15.90,0.1325,true,1,107897
7290012227974,false,פסטרמה הודו בדבש טהור דק דק דק,זוגלובק,IL,זוגלובק פסטרמה בדבש,גרמים,120.00,100 גרם,false,,15.90,0.1325,true,1,107898
7290012227981,false,פסטרמה דק דק ברביקיו 120 ג' זוגלובק,זוגלובק,IL,פסטרמה ברביקיו זוגלו,גרמים,120.00,100 גרם,false,,15.90,0.1325,true,1,107899
7290012227998,false,פסטרמה דק דק חזה בקר 120 ג' זוגלובק,זוגלובק,IL,זוגלובק חזה בקר 12,גרמים,120.00,100 גרם,false,,15.90,0.1325,true,1,107900
7290012228261,false,נקנקיות קנקרס הודו ועוף ריינהולד'ס זוגלובק 300 ג',זוגלובק,IL,נקנקיות הודו קנקרס ר,גרמים,300.00,100 גרם,false,,22.90,0.0763,true,1,63331
7290012309878,false,חלבה פיסטוק 500 גרם ששון הקולה,ששון הקולה,IL,חלבה פיסטוק שקדיה 50,גרמים,500.00,100 גרם,false,,13.90,0.0278,true,1,6606
7290012309892,false,חלבה וניל ששון הקולה 500 ג',ח. עקר,IL,חלבה וניל מעולה שקדי,גרמים,500.00,100 גרם,false,,13.90,0.0278,true,1,6608
7290012561313,false,דורות בצל מטוגן 400 גרם,עיצובים 2020 (3.8),IL,בצל מטוגן דורות 400,גרמים,400.00,100 גרם,false,,18.90,0.0472,true,1,336044
7290012576362,false,יין ספיישל רזרב קברנה סוביניון 750 מל,יקבי ברקן שיווק והפצ,IL,קברנה סוביניון ספייש,מיליליטרים,750.00,"100 מ""ל",false,,70.20,0.0936,true,1,418825
7290012642852,false,פלפל אדום קלוי על האש עם שום 540 תומר,,IL,פלפל אדום קלוי על הא,גרמים,330.00,100 גרם,false,,12.90,0.0391,true,1,27789
7290012645075,false,יוגורט כבשים יווני גביע 350 גרם חלב הארץ,חלב הארץ,IL,יוגורט כבשים בסגנון,גרמים,350.00,100 גרם,false,,13.90,0.0397,true,1,303532
7290012645112,false,"יוגורט עיזים בדלי 750 גרם ""חלב הארץ""",מחלבות סוסיא,IL,יוגורט עיזים בדלי 75,מיליליטרים,750.00,"100 מ""ל",false,,22.90,0.0305,true,1,26156
7290012645129,false,"יוגורט כבשים בדלי 750 גרם ""חלב הארץ""",מחלבות סוסיא,IL,יוגורט כבשים בדלי 75,מיליליטרים,750.00,"100 מ""ל",false,,22.90,0.0305,true,1,26157
7290012645280,false,"יוגורט כבשים טבעי 2.8% בגביע חלב הארץ 150מ""ל",מחלבות סוסיא,IL,יוגורט כבשים בסגנון,מיליליטרים,150.00,"100 מ""ל",false,,6.90,0.0460,true,1,26161
7290012645297,false,"יוגורט עיזים בטעם טבעי 150 גרם ""חלב הארץ""",מחלבות סוסיא,IL,סוסיא יוגורט עיזים ב,מיליליטרים,150.00,"100 מ""ל",false,,5.90,0.0393,true,1,26162
7290012645389,false,יוגורט עיזים טבעי חלב הארץ 1 ל',מחלבות סוסיא,IL,חלב הארץ יוגורט ביו,ליטרים,1.00,ליטר,false,,24.90,24.9000,true,1,26165
7290012803215,false,וופל בלגי בטעם שוקולד ללא תוספת סוכר,בטר אנד דיפרנט,IL,טוסו וופל בלגי שוקול,גרמים,200.00,100 גרם,false,,11.90,0.0595,true,1,66846
7290012803765,false,טוסו שוקולד מריר ללא תוספת סוכר 100 גרם,אלטינמארקה גידה סאן,TR,טוסו שוקלד מריר 100ג,גרמים,100.00,100 גרם,false,,12.90,0.1290,true,1,7902
7290012803789,false,טוסו שוקולד מריר עם אגוזים ללא תוספת סוכר 100 גרם,האי נאם סי או אל.טי.,TR,טוסו שוקלד מריר ואגו,גרמים,100.00,100 גרם,false,,12.90,0.1290,true,1,7904
7290012823251,false,כיף אל סבון יסמין לבנדר 1 ליטר משאבה,החברה הדרומית,IL,אל סבון יסמין לבנדר,ליטרים,1.00,ליטר,false,,14.90,14.9000,true,1,33862
7290012823381,false,מקסימה מרכך כביסה מרוכז סנסטיב בייבי סנו 1 ליטר,"סנו מפעלי ברונוס בע""",IL,סנו מקסימה סנסטיב מר,יחידה,0.00,יחידה,false,,18.90,0.0000,true,1,33864
7290012823398,false,מטליות חד פעמיות לניקוי הרצפה בניחוח מרכך כביסה 10יח' סנו,סנו מפעלי ברונו בעמ,IL,ריצפז מטליות לחות בנ,יחידה,0.00,יחידה,false,,12.90,0.0000,true,1,89702
7290012823565,false,פוליויקס מטליות ענק לחות לפרקט סנו 10 יחידות,דינאמיק תעשיות,IL,פוליויקס פרקט מטליות,יחידה,0.00,יחידה,false,,16.90,0.0000,true,1,33870
7290012823923,false,"מקסימה מרכך כביסה מרוכז פרפיום גולדן סנרייז סנו 750 מ""ל",סנו מפעלי ברונוס בעמ,IL,סנו מקסימה מרכך פרפי,מיליליטרים,750.00,"100 מ""ל",false,,19.90,0.0265,true,1,33887
7290012823947,false,"סנו - מרכך כביסה מרוכז פרפיום קריסטל נואר 750 מ""ל",מיוצר עי קונדיטוריית,IL,סנו מקסימה מרכך פרפי,מיליליטרים,750.00,"100 מ""ל",false,,19.90,0.0265,true,1,33889
7290012884986,false,תפוגן ציפס לתנור עד 4% שומן 1.5 קג,"תעשיות תפוגן בע""מ",IL,תפוגן ציפס לתנור עד,קילוגרמים,1.50,"ק""ג",false,,31.90,21.2667,true,1,23462
7290012901355,false,דודלס ארוחת אטריות עם גבינה 206 גרם,האי נאם סי או אל.טי.,US,דודלס ארוחת איטריות,גרמים,206.00,100 גרם,false,,11.90,0.0578,true,1,69799
7290012901973,false,"שעועית אדומה, 400 גרם גאלה",,IT,שעועית אדומה 400 גרם,גרמים,400.00,100 גרם,false,,10.90,0.0273,true,1,326727
7290012931611,false,שייני כריות ברזל שלשייה,מ.א ייצור ושיווק מטל,CN,כריות ברזל שלישייה,יחידה,0.00,יחידה,false,,7.90,0.0000,true,1,15851
7290012996672,false,סבון אסלה + בושם ל24 שעות ביום הפי,יוליניבר,IT,הפי סבון אסלה מבושם,מיליליטרים,80.00,"100 מ""ל",false,,12.90,0.1613,true,1,13439
7290013027399,false,לחם קמח מלא קל בתוספת שיפון 750 ג' אנג'ל,מאפיית שלמה א. אנג'ל,IL,לחם 100 בתוספת שיפון,גרמים,750.00,100 גרם,false,,15.90,0.0212,true,1,69543
7290013038432,false,מים מזוככים אקווה נובה,אקווה נובה Aqua Nova,IL,אקווה נובה 2 ליטר,ליטרים,2.00,ליטר,false,,5.50,2.7500,true,1,11653
7290013117212,false,בורקס פילו במילוי גבינה מעדנות 600 גר,מיוצר עי קונדיטוריית,IL,בורקס פילו גבינה מעד,גרמים,600.00,100 גרם,false,,24.90,0.0415,true,1,40301
7290013117229,false,"בורקס פילו במילוי תפו""א מעדנות 600 גר",מיוצר עי קונדיטוריית,IL,בורקס פילו תפוא מעדנ,גרמים,600.00,100 גרם,false,,24.90,0.0415,true,1,40302
7290013117526,false,בצק שמרים מרודד למאפים מתוקים מעדנות 900 גרם,"מעדנות בע""מ",IL,מעדנות בצק שמרים למא,גרמים,900.00,100 גרם,false,,27.90,0.0310,true,1,40311
7290013121028,false,לחם לבן ללא גלוטן 500 גר קפוא,אביב קונדיטוריה מעול,IL,לחם לבן ללא גלוטן גר,גרמים,500.00,100 גרם,false,,20.90,0.0418,true,1,69069
7290013121158,false,רביעיית לחמניות סנדביץ 460 גרם ללא גלוטן,אביב קונדיטוריה מעול,IL,רביעיית לחמניות סנדב,גרמים,460.00,100 גרם,false,,20.90,0.0454,true,1,35547
7290013144157,false,סחלב מימונס אינסטנט,מיוצר עי קונדיטוריית,IL,מימונס סחלב 130 גרם,גרמים,130.00,100 גרם,false,,10.90,0.0838,true,1,17550
7290013144171,false,"תערובת עוגת שוקולד 560 גרם ""מיימונס""",מיוצר עי קונדיטוריית,IL,תערובת עוגת שוקולד 5,גרמים,560.00,100 גרם,false,,17.90,0.0320,true,1,17552
7290013144393,false,"תמצית בטעם וניל מימונס 50 מ""ל",מיוצר עי קונדיטוריית,IL,תמצית בטעם וניל 50גר,גרמים,50.00,100 גרם,false,,5.50,0.1100,true,1,17569
7290013144409,false,"תמצית בטעם רום מימונס 50 מ""ל",מיוצר עי קונדיטוריית,IL,תמצית בטעם רום 50גר,מיליליטרים,50.00,"100 מ""ל",false,,5.50,0.1100,true,1,17570
7290013144560,false,מיימונס צבע מאכל כחול 50 גרם,מיוצר עי קונדיטוריית,IL,צבע מאכל כחול 50גר,גרמים,50.00,100 גרם,false,,5.20,0.1040,true,1,17578
7290013144911,false,מימונס מיקס שוקולד צ'יפס מריר וחלב 250 גרם,מימונס אפייה,IL,מיקס שוקולד צ'יפס מר,גרמים,250.00,100 גרם,false,,15.90,0.0636,true,1,514817
7290013144980,false,תרסיס שמן קנולה מימונס 170 גרם,מולינו ניקולי s.p.a,FI,תרסיס שמן קונולה מימ,גרמים,170.00,100 גרם,false,,16.90,0.0994,true,1,17584
7290013145093,false,"שקד מולבן גרוס 100 גרם ""מיימונס",מימונס אפייה,IL,מימונס שקד מולבן גרו,גרמים,100.00,100 גרם,false,,13.90,0.1390,true,1,17592
7290013145109,false,מיימונס שקד מולבן טחון 100 גרם,מימונס אפייה,IL,מימונס שקד מולבן טחו,גרמים,100.00,100 גרם,false,,13.90,0.1390,true,1,17593
7290013145123,false,מיימונס שקד מולבן פרוס 100 גרם,מימונס אפייה,IL,מימונס שקד מולבן פרו,גרמים,100.00,100 גרם,false,,13.90,0.1390,true,1,17595
7290013145215,false,שומשום מימונס 400 גרם,מיוצר עי קונדיטוריית,IL,שומשום 400גר,גרמים,400.00,100 גרם,false,,16.90,0.0422,true,1,17601
7290013145390,false,מימונס שוקולד צ'יפס מהדרין 250 גר,אינטרגטה תעשיות מזון,IL,מימונס שוקולד ציפס מ,גרמים,250.00,100 גרם,false,,9.90,0.0396,true,1,17604
7290013145406,false,שוקולד צ'יפס לבן מיימונס 250 גרם,אינטרגטה תעשיות מזון,IL,מימונס שוקולד ציפס ל,גרמים,250.00,100 גרם,false,,10.90,0.0436,true,1,17605
7290013145444,false,שוקולד מריר מעולה ציפס 66% מימונס 250 ג',המאפיה של הרמן,IL,מימונס שוקולד ציפס 6,גרמים,250.00,100 גרם,false,,17.90,0.0716,true,1,17608
7290013145628,false,מימונס סוכריות צבעוניות לקישוט 200 גרם,א.ל ייצור ושיווק תבל,IL,סוכריות צבעוניות לקי,גרמים,200.00,100 גרם,false,,9.90,0.0495,true,1,17616
7290013145833,false,פודינג שוקולד אמיתי מימונס 95 ג',א.ל ייצור ושיווק תבל,IL,מימונס פודינג שוקולד,גרמים,95.00,100 גרם,false,,5.90,0.0621,true,1,17630
7290013145857,false,אבקת אפיה מיימונס 10 יחידות,מימונס אפייה,IL,אבקת אפיה 10* 10 גרם,גרמים,100.00,100 גרם,false,,3.50,0.0350,true,1,17632
7290013145963,false,שמרים יבשים בוואקום מיימונס 125 גרם,מימונס אפייה,CN,מימונס שמרים יבשים ב,גרמים,125.00,100 גרם,false,,7.90,0.0632,true,1,17640
7290013145970,false,קורנפלור מימונס בשקית 200 ג',א.ל ייצור ושיווק תבל,IL,מימונס קורנפלור 200,גרמים,200.00,100 גרם,false,,4.90,0.0245,true,1,17641
7290013146410,false,מיני מרנג בצבע כחול מימונס 60 ג',רות פטיפורים,IL,נשיקות לקישוט צבע כח,יחידה,0.00,יחידה,false,,16.90,0.0000,true,1,225981
7290013146663,false,סוכריות קונפטי לקישוט מימונס 55 ג',"מימונס אפיה בע""מ",IL,קונפטי לקישוט צבעוני,גרמים,55.00,100 גרם,false,,12.90,0.2345,true,1,226000
7290013203182,false,שרי מנומר -ליקופן,,,שרי מנומר -ליקופן,גרמים,200.00,100 גרם,false,,11.90,0.0595,true,1,2972
7290013268020,false,מקסימה מרכך כביסה מרוכז בניחוח אולטרא פרש סנו 1 ליטר,"סנו מפעלי ברונוס בע""",IL,סנו מקסימה אולטרא פר,יחידה,0.00,יחידה,false,,18.90,0.0000,true,1,33891
7290013268242,false,תרכיז ריחני לניקוי רצפות בריח מלון מפנק ריצפז פרש,"סנו מפעלו ברונוס בע""",IL,ריצפז פרש הום בניחוח,ליטרים,2.00,ליטר,false,,24.90,12.4500,true,1,195134
7290013268884,false,"נוזל רצפות מאסק 2 ליטר ""ריצפז פרש""",מיוצר עי קונדיטוריית,IL,ריצפז פרש מאסק 2 ליט,ליטרים,2.00,ליטר,false,,19.90,9.9500,true,1,33927
7290013268983,false,מרכך כביסה סופר מרוכז בבישום עוצמתי סנו מקסימה 1 ל',"סנו מפעלי ברונוס בע""",IL,מקסימה מרכך כביסה בב,יחידה,0.00,יחידה,false,,18.90,0.0000,true,1,321315
7290013268990,false,סנו - מקסימה מרכך כביסה מרוכז ביו 1 ליטר,"סנו מפעלי ברונוס בע""",IL,סנו מקסימה מרכך מרוכ,יחידה,0.00,יחידה,false,,18.90,0.0000,true,1,33932
7290013269003,false,מרכך כביסה סופר מרוכז בייבי לתינוקות ולעור רגיש,"סנו מפעלי ברונוס בע""",IL,סנו מקסימה קר בייבי,ליטרים,1.00,ליטר,false,,20.90,20.9000,true,1,33933
7290013269300,false,ניילון נצמד + לשימוש במיקרוגל,"מיוצר בהונג קונג, סי",CN,סנו סושי פלסטיק נצמד,מטרים,150.00,מטר,false,,27.90,0.1860,true,1,33944
7290013269621,false,ריצפז פרש לניקוי רצפות בניחוח מלון בוטיק,מיוצר עי קונדיטוריית,IL,ריצפז פרש הום בניחוח,ליטרים,2.00,ליטר,false,,24.90,12.4500,true,1,133838
7290013269645,false,ריצפז פרש מטליות לחות לריצפה בניחוח מאסק 10 יחידות,סנו מפעלי ברונוס בעמ,IL,ריצפז פרש מטליות לחו,יחידה,0.00,יחידה,false,,12.90,0.0000,true,1,33951
7290013269751,false,מטליות לחותריצפז פרש לניקוי ריצפה בניחות מלון בוטיק 10 יח' סנו,טרופיקל דגיל תעשיות,IL,ריצפז מטליות לחות לנ,יחידה,0.00,יחידה,false,,12.90,0.0000,true,1,136111
7290013284310,false,רוטב פסטה לילדים 240 גרם פריניר,פריניר ( הדס 1987) ב,IL,רוטב לפסטה לילדים פר,גרמים,240.00,100 גרם,false,,6.90,0.0288,true,1,20054
7290013284662,false,רוטב פיצה פיתה לילדים 240 ג' פריניר,פריניר ( הדס 1987) ב,IL,רוטב פיצה פיתה פריני,גרמים,240.00,100 גרם,false,,6.90,0.0288,true,1,20062
7290013358356,false,מאסטר שף פירורי לחם מוזהבים 320 גרם,מנה י.א בעמ,IL,מאסטר שף פירורי לחם,גרמים,350.00,100 גרם,false,,9.90,0.0283,true,1,24810
7290013358363,false,מאסטר שף פרורי לחם פנקו עבים בסגנון יפני 300 גר,קריניציה ויטמינה אס,IL,מאסטר שף פירורי לחם,גרמים,300.00,100 גרם,false,,10.90,0.0363,true,1,24811
7290013389374,false,קמח תירס פולנטה תומר 500ג',פיקטה piccata,,קמח תירס תומר 500 גר,גרמים,500.00,100 גרם,false,,9.30,0.0186,true,1,27809
7290013424976,false,תות שדה שלם קפוא 500 ג' פילד גוד,אלפה פרוסט,PL,תות שדה שלם קפוא 500,גרמים,500.00,100 גרם,false,,14.90,0.0298,true,1,303157
7290013472199,false,ערמונים קלופים וקלויים 105 גרם,בייג'גג פוינונג,CN,וילי פוד ערמונים 100,גרמים,100.00,100 גרם,false,,6.90,0.0690,true,1,74882
7290013531117,false,רוטב פסטה לילדים 240 גרם יכין,"זנלכל בע""מ",IL,רוטב לפסטה לילדים יכ,גרמים,260.00,100 גרם,false,,6.50,0.0250,true,1,10754
7290013534057,false,"צ'יפס בטטה טבעי מיה 100ג' 'כשל""פ",מיה תעשיות מזון בעמ,IL,מיה ציפס בטטה טבעי 1,גרמים,100.00,100 גרם,false,,9.90,0.0990,true,1,17174
7290013585233,false,"ספרייט זירו פחית סליק 330 מ""ל",גוד פוד פרודקטס S.p,IL,פחית סליק 330 מל ZER,מיליליטרים,330.00,"100 מ""ל",false,,5.50,0.0167,true,1,9133
7290013585257,false,ספרייט זירו בבקבוק אישי,החברה המרכזית לייצור,IL,ZERO ספרייט 0.5 ל,מיליליטרים,500.00,"100 מ""ל",false,,7.90,0.0158,true,1,9135
7290013585387,false,קוקה קולה זירו בקבוק,פארייפאבה אגרואינדוס,IL,קולה זירו 1 ליטר,ליטרים,1.00,ליטר,false,,7.90,7.9000,true,1,9144
7290013585394,false,קוקה קולה 1ליטר בודד,פארייפאבה אגרואינדוס,IL,קוקה קולה 1 ליטר,ליטרים,1.00,ליטר,false,,7.90,7.9000,true,1,9145
7290013608260,false,פרימור מיץ רימונים 100% סחוט טרי 1ל',"גניר (1992) בע""מ",IL,פרימור מיץ רימונים ס,יחידה,0.00,יחידה,false,,27.70,0.0000,true,1,26169
7290013713025,false,"בירה ג'מס פילס בקבוק 330 מ""ל","אביר הבר בע""מ",IL,ג'מס בקבוקי פילס 330,מיליליטרים,330.00,"100 מ""ל",false,,13.20,0.0400,true,1,143879
7290013713049,false,"בירה גמס 8.8 איל בלגי מחוזקת 330 מ""ל","אביר הבר בע""מ",IL,ג'מס בקבוקי 8.8 330,מיליליטרים,330.00,"100 מ""ל",false,,13.20,0.0400,true,1,143881
7290013713094,false,"בירה ג'יימס בלייזר בראון 330 מ""ל",יקבי כרמל,IL,בירה ג'מס אייל IPA י,מיליליטרים,330.00,"100 מ""ל",false,,13.20,0.0400,true,1,436643
7290013724946,false,שקדים בשוקולד מריר 140 גר שקדיה,"דין שיווק וקלייה בע""",IL,שקדים בציפוי שוקלד מ,גרמים,140.00,100 גרם,false,,11.90,0.0850,true,1,6616
7290013724953,false,חמוציות בשוקולד חלב 140 גר שקדיה,"דין שיווק וקלייה בע""",IL,חמוציות בציפוי שוקול,גרמים,140.00,100 גרם,false,,11.90,0.0850,true,1,6617
7290013724960,false,שקדים בשוקולד חלב 140 גר שקדיה,"דין שיווק וקלייה בע""",IL,שקדים בציפוי שוקולד,גרמים,140.00,100 גרם,false,,11.90,0.0850,true,1,6618
7290013724991,false,שוקולד קופ אגוזים לוז עם חלב 160 ג',"דין שיווק וקלייה בע""",IL,אגוזי לוז בציפוי שוק,גרמים,140.00,100 גרם,false,,11.90,0.0850,true,1,6621
7290013787392,false,רביולי גבינות קלאסי 330 גרם ריקו בית יוסף,יוניליוור גרמניה Gm,IL,רביולי גבינות קלאסי,גרמים,330.00,100 גרם,false,,29.90,0.0906,true,1,252424
7290013787408,false,רביולי בטטה 330 גרם ריקו בית יוסף,יוניליוור גרמניה Gm,IL,רביולי בטטה ריקו 330,גרמים,330.00,100 גרם,false,,29.90,0.0906,true,1,252425
7290013848345,false,מארז מטליות לחיטוי וניקוי יסודי אנטיבקטריאלי 99.9%,סנו מפעלי ברונוס בעמ,IL,מטליות לחות לחיטוי י,יחידה,0.00,יחידה,false,,24.90,0.0000,true,1,138885
7290013861054,false,שוקולד קופ עם צימוקים וחלב 160 ג',"דין שיווק וקלייה בע""",IL,שקדיה צימוקים בשוק.ח,גרמים,140.00,100 גרם,false,,11.90,0.0850,true,1,6627
7290013906205,false,פסטרמה עם שום וצילי טירת צבי 400 ג',הנסיך- מפעל לייצור ט,IL,טירת צבי פסטרמה שום,גרמים,400.00,100 גרם,false,,31.90,0.0797,true,1,28053
7290013906212,false,"נקנקיות וינר טירת 1 ק""ג טירת צבי",הנסיך- מפעל לייצור ט,IL,טירת צבי נקניקיות וי,קילוגרמים,1.00,"ק""ג",false,,29.90,29.9000,true,1,28054
7290013906441,false,קבנוס טירת צבי 120 גר,הנסיך- מפעל לייצור ט,IL,טירת צבי קבנוס 120 ג,גרמים,120.00,100 גרם,false,,12.90,0.1075,true,1,28067
7290013906496,false,פסטרמה עגל בסגנון רומני טירת צבי 120 גר,הנסיך- מפעל לייצור ט,IL,טירת צבי פסטרמה עגל,גרמים,120.00,100 גרם,false,,17.90,0.1492,true,1,28070
7290013906687,false,פסט' צמד כפרית ברביקיו ודבש 300X2ג' טירת צבי,הנסיך- מפעל לייצור ט,IL,טירת צבי צמד כפרית ב,גרמים,600.00,100 גרם,false,,29.90,0.0498,true,1,28073
7290013906694,false,נקניקיות שקית קילו וחצי טירת צבי,הנסיך- מפעל לייצור ט,IL,"נקניקיות עוף 1.5 ק""ג",קילוגרמים,1.50,"100 ק""ג",false,,38.90,25.9333,true,1,408410
7290014002197,false,חליטת קמומיל ולימונית ויסוצקי 25 יחידות,תה ויסוצקי,IL,תה חליטת קמומיל ולימ,גרמים,37.50,100 גרם,false,,19.90,0.5307,true,1,27476
7290014002982,false,תה ירוק לימונית לואיזה בתוספת עלי סטיביה 25 שקיקים,ויסוצקי ירוק,IL,תה ירוק לימונית סטיב,גרמים,37.50,100 גרם,false,,26.90,0.7173,true,1,27493
7290014046474,false,"נקניקיות עוף 1.5 ק""ג יחיעם",מעדני יחיעם,IL,יחיעם נקניקיות עוף 1,קילוגרמים,1.50,"ק""ג",false,,31.90,21.2667,true,1,17792
7290014059436,false,"משחת שיניים סנסודיין 75 מ""ל פרימיום לשיקום והגנה מלבינה 75 מ""ל","סמית קליין ביצ'ם בע""",GB,משחת שיניים לשיקום ס,מיליליטרים,75.00,"100 מ""ל",false,,26.90,0.3587,true,1,5809
7290014079076,false,נבטי אלפלפא מרינה,"מרינה פטריות הגליל בע""מ",IL,נבטי אלפלפא,יח',1.00,יח',false,,7.90,7.9000,true,1,2999
7290014094345,false,גרעיני חמניות קלופות,"דין שיווק וקלייה בע""",US,ששון הקולה גרעיני חמ,גרמים,300.00,100 גרם,false,,9.90,0.0330,true,1,6496
7290014094376,false,שזיפים ללא גלעין 330 גר,"דין שיווק וקלייה בע""",,שזיף ללא גלעין בקופס,גרמים,330.00,100 גרם,false,,24.90,0.0755,true,1,6642
7290014094383,false,משמש מיובש ששון הקול,"דין שיווק וקלייה בע""",,שקדיה משמש מיובש 330,גרמים,330.00,100 גרם,false,,24.90,0.0755,true,1,6643
7290014094390,false,חמוציות מסוכרות ששון,"דין שיווק וקלייה בע""",,חמוציות מסוכרות בקופ,גרמים,330.00,100 גרם,false,,15.90,0.0482,true,1,6644
7290014094406,false,צימוק לבן 250 גרם ששון הקולה,"דין שיווק וקלייה בע""",US,צימוק בהיר בקופסא 3,גרמים,330.00,100 גרם,false,,17.90,0.0542,true,1,6645
7290014094642,false,קשיו טבעי גדול בקופס,"דין שיווק וקלייה בע""",IL,קשיו טבעי 250 גר' שש,גרמים,250.00,100 גרם,false,,26.90,0.1076,true,1,6664
7290014094659,false,בונדוק טבעי 250 ג' בקופסא,"ליגו, ואני",IL,אגוז לוז טבעי 250 גר,גרמים,250.00,100 גרם,false,,24.90,0.0996,true,1,117232
7290014094895,false,אגוזים מלך קלופים 150 גרם ששון הקולה,"שקדיה גבע תעשיות בע""",IL,אגוז מלך 150גר ששון,גרמים,150.00,100 גרם,false,,11.90,0.0793,true,1,6675
7290014094901,false,פקאן טבעי 150 גרם ששון הקולה,"דין שיווק וקלייה בע""",IL,פקאן טבעי 150 גרם,גרמים,150.00,100 גרם,false,,20.90,0.1393,true,1,6676
7290014095861,false,שיבולת שועל דקה 500 גרם קוואקר,"דין שיווק וקלייה בע""",IL,שיבולת שועל דקה קווא,גרמים,500.00,100 גרם,false,,6.90,0.0138,true,1,6680
7290014095946,false,משוקלדים פקאן בשוקולד מריר 140 גרם,"שקדיה גבע תעשיות בע""",IL,פקאן בציפוי שוקולד מ,גרמים,140.00,100 גרם,false,,11.90,0.0850,true,1,6681
7290014095953,false,משוקלדים פקאן בשוקולד חלב 140 ג',שקדיה גבע בתעשיות עמ,IL,שקדיה פקאן בשוקולד ח,גרמים,160.00,100 גרם,false,,11.90,0.0744,true,1,6682
7290014095960,false,שיבולת שועל עבה 500 גרם קוואקר,"דין שיווק וקלייה בע""",IL,שיבולת שועל עבה קווא,גרמים,500.00,100 גרם,false,,6.90,0.0138,true,1,6683
7290014217263,false,"תערובת לתיבול פרגיות ""טעם וריח""","תבליני טעם וריח בע""מ",IL,תבלין תיבול פרגית טע,גרמים,100.00,100 גרם,false,,11.90,0.1190,true,1,50985
7290014218932,false,חטיפי פיצה בתוספת זיתים 710 ג' מעדנות,מיוצר עי קונדיטוריית,IL,חטיפי פיצה בתוספת זי,גרמים,710.00,100 גרם,false,,38.90,0.0548,true,1,141384
7290014397705,false,נוזל רצפות פוליווקס פרקט מרענן סנו 2ל',סנו פוליויקס,IL,פוליויקס פרקט בניחוח,ליטרים,2.00,ליטר,false,,24.90,12.4500,true,1,34032
7290014397767,false,סנו ריצפז פרש הום 2 ליטר בניחוח כותנה-מרכז,"סנו מפעלי ברונוס בע""",IL,ריצפז פרש הום כותנה,ליטרים,2.00,ליטר,false,,24.90,12.4500,true,1,34038
7290014435803,false,מטיאס הולנדי (פרובנציאל) עם בצל בשמן 180 גרם,שבעת הימים - שמיר,IL,מטיאס הולנדי פרובנצי,גרמים,180.00,100 גרם,false,,21.90,0.1217,true,1,21198
7290014435810,false,הרינג כבוש ובצל במרינת חמוץ מתוק שמיר 180 ג',שבעת הימים - שמיר,IL,הרינג כבוש עם בצל במ,גרמים,180.00,100 גרם,false,,21.90,0.1217,true,1,21199
7290014435872,false,סלט הרינג ומיונז שמיר 250ג',שבעת הימים - שמיר,IL,סלט הרינג עם מיונז 1,גרמים,180.00,100 גרם,false,,21.90,0.1217,true,1,21203
7290014455245,false,גבינת גרנה פדנו משולש 29% 200 גרם בית יוסף,מחלבת סוציאלה מנטובה,IT,גד גרנה פדנו משולש כ,גרמים,200.00,100 גרם,false,,27.90,0.1395,true,1,16812
7290014455252,false,גבינה קשה מגורדת גרנה פדנו 29% שומן,מחלבות גד שיווק 1992,IT,גד גרנה פדנו מגורד כ,גרמים,100.00,100 גרם,false,,12.90,0.1290,true,1,16813
7290014455320,false,גבינה כדורי מוצרלה פרסקה גד 100ג',מוצרלה פרסקה 2 ב 15,IL,גד כדור מוצרלה פרסקה,גרמים,100.00,100 גרם,false,,10.90,0.1090,true,1,16816
7290014455467,false,ירח מתוק מעדן חלב 2% ושיבולת שועל גד 150ג',מחלבות גד,IL,גד מעדן שיבולת שועל,מיליליטרים,150.00,"100 מ""ל",false,,6.50,0.0433,true,1,16821
7290014459137,false,"תפוגן סטייק צ'יפס 1.5 ק""ג אסם","תעשיות תפוגן בע""מ",IL,תפוגן סטייק ציפס 1.5,קילוגרמים,1.50,"ק""ג",false,,28.90,19.2667,true,1,23473
7290014459373,false,"צ'יפס קראנצ'י לתנור קפוא תפוגן 1.5ק""ג",עיצובים 2020 (4.5),IL,תפוגן ציפס קראנצי 1.,קילוגרמים,1.50,"ק""ג",false,,29.90,19.9333,true,1,23477
7290014466463,false,"יין הר חרמון מסקטו עברית 750 מ""ל","כד בני דרום בע""מ",IL,יקבי רמת הגולן הר חר,מיליליטרים,750.00,"100 מ""ל",false,,39.90,0.0532,true,1,50181
7290014466609,false,יין מרלו גמלא 2020 750 מל,יקבי רמת הגולן,IL,יין גמלא מרלו 2012 7,מיליליטרים,750.00,"100 מ""ל",false,,60.90,0.0812,true,1,50185
7290014471429,false,"מוזלי עם פירות 1 ק""ג - 429 סגול שקדיה","דין שיווק וקלייה בע""",IL,מוזלי פירות עם פירות,קילוגרמים,1.00,"ק""ג",false,,19.90,19.9000,true,1,117235
7290014472136,false,גרעין שחור קלוי ששון הקולה 150 ג',"דין שיווק וקלייה בע""",IL,גרעין שחור קלוי 150,גרמים,150.00,100 גרם,false,,4.90,0.0327,true,1,6696
7290014472525,false,תערובת מובחרת 250 גר פרימיום ששון הקולה,"דין שיווק וקלייה בע""",IL,תערובת פיצוחים מובחר,גרמים,250.00,100 גרם,false,,21.90,0.0876,true,1,64837
7290014636651,false,סט סאטן תחרה זוגי מנהטן,,,סט סאטן זוגי תחרה,יחידה,0.00,יחידה,false,,129.90,0.0000,true,1,31485
7290014673014,false,תבלין פלפל אנגלי שלם 90 גרם,א.ל ייצור ושיווק תבל,IL,תבליני מימון פלפל אנ,גרמים,90.00,100 גרם,false,,15.90,0.1767,true,1,282
7290014674004,false,קריספ פירורי לחם עם שומשום ומלח ים 300גר,א.ל ייצור ושיווק תבל,IL,פירורי לחם עם שומשום,גרמים,300.00,100 גרם,false,,9.90,0.0330,true,1,449746
7290014692299,false,גבינת ברי 125 ג' קסטיאלו ויליפוד,יורו צ'יז Euro Cheese,DK,גבינת ברי 125 גרם EU,גרמים,125.00,100 גרם,false,,19.90,0.1592,true,1,4969
7290014692305,false,גבינת קממבר 125ג' CASTELLO ויליפוד,הנסיך- מפעל לייצור ט,DK,גבינת קממבר 125 גרם,גרמים,125.00,100 גרם,false,,19.90,0.1592,true,1,4970
7290014731264,false,"כוס שתיה ח""פ ר.שמאי 100יח'",רם,,כוסות לשתיה קרה חד פ,יח',100.00,יח',false,,7.90,0.0790,true,1,31490
7290014758100,false,מאגדת יוגורט ביו 3% שומן 8 יח' *150ג' תנובה,מיוצר עי קונדיטוריית,IL,יוגורט תנובה 3% 8*15,קילוגרמים,1.20,"ק""ג",false,,17.90,14.9167,true,1,29033
7290014758117,false,מאגדת יוגורט ביו 1.5% שומן 8 יח' *150 ג' תנובה,מיוצר עי קונדיטוריית,IL,יוגורט תנובה 1.5% 8*,קילוגרמים,1.20,"ק""ג",false,,17.90,14.9167,true,1,29034
7290014758162,false,חלב עיזים מלא 3.6% קרטון 1 ל' תנובה,תנובה מרכז שיתופי לש,IL,חלב תנובה עיזים מלא,ליטרים,1.00,ליטר,false,,16.90,16.9000,true,1,29036
7290014758681,false,קוטג תנובה 1% גביע 250 גרם,מיוצר עי קונדיטוריית,IL,קוטג תנובה 1% 250ג,גרמים,250.00,100 גרם,false,,5.80,0.0232,true,1,29055
7290014759084,false,גבינת שמנת 16% בטעם טבעי 225 ג' נפוליאון,תנובה מרכז שיתופי לש,IL,נפוליאון 16% 225גר,גרמים,225.00,100 גרם,false,,16.50,0.0733,true,1,29058
7290014759909,false,פטה עיזים 5% פיראוס גביע 250 גרם,"תנובה, מחלבת טנא נוג",IL,פיראוס פטה עזים פירא,גרמים,250.00,100 גרם,false,,32.90,0.1316,true,1,29073
7290014759978,false,"גבינת קצקבל פלח גלעד 27%, 200 ג'",תנובה חלב,IL,גבינות תנובה קצקבל פ,גרמים,200.00,100 גרם,false,,30.90,0.1545,true,1,29075
7290014759992,false,גבינת רוקפור גליל פלח 140 ג' תנובה,"תנובה, מחלבת תל יוסף",IL,גבינות תנובה רוקפור,גרמים,140.00,100 גרם,false,,20.90,0.1493,true,1,29077
7290014760134,false,מעדן סויה בטעם וניל אלטרנטיב,תנובה Alternative,IL,גביע מעדן סויה בטעם,גרמים,125.00,100 גרם,false,,4.90,0.0392,true,1,111183
7290014760141,false,משקה שקדים תנובה E אלטרנטיב,תנובה Alternative,IL,תנובה משקה שקדים טרי,יחידה,0.00,יחידה,false,,15.50,0.0000,true,1,29079
7290014760448,false,גבינה צהובה גלבוע 400 גרם 22% שומן תנובה,מחלבת בית יצחק,IL,גלבוע 22% 400 גרם,גרמים,400.00,100 גרם,false,,24.90,0.0622,true,1,29086
7290014760912,false,פרוסות גבינה 28% שומן 400 ג' גוש חלב,תנובה מרכז שיתופי לש,IL,גוש חלב 28% מהדרין 4,גרמים,400.00,100 גרם,false,,27.90,0.0697,true,1,29100
7290014761056,false,מעדן שוקולד חלב מעולה 123 ג' יולו,מיוצר עי קונדיטוריית,IL,יולו שוקולד חלב מעול,גרמים,122.00,100 גרם,false,,5.50,0.0451,true,1,29104
7290014761063,false,מעדן שוקולד מריר מעולה 123 ג' יולו,מיוצר עי קונדיטוריית,IL,יולו שוקולד מריר מעו,גרמים,122.00,100 גרם,false,,5.50,0.0451,true,1,29105
7290014762800,false,מעדן סויה שוקולד גביע 125 גרם אלטרנטיב,תנובה מרכז שיתופי לש,IL,גביע מעדן סויה בטעם,גרמים,125.00,100 גרם,false,,4.90,0.0392,true,1,91952
7290014762831,false,גבינת שמנת חלפיניו 24% שומן 225 ג' נפוליאון,תנובה מרכז שיתופי לש,IL,גבינת שמנת נפוליאון,גרמים,225.00,100 גרם,false,,16.50,0.0733,true,1,29180
7290014762909,false,"פתיתי גבנ""צ מוצרלה 200 גרם ""השף הלבן""","תנובה, מחלבת תל יוסף",IL,פתיתי מוצרלה 200 גר`,גרמים,200.00,100 גרם,false,,19.90,0.0995,true,1,29186
7290014763098,false,קרם גבינת שמנת 5% עם פלפל שום ובצל 200 ג' תנובה,תנובה,IL,קרם גבינת שמנת 5% טו,גרמים,200.00,100 גרם,false,,12.90,0.0645,true,1,29191
7290014763272,false,יוגורט סויה BIO לשתיה תות ובננה אלטרנטיב,תות תעשיות מזון (201,IL,משקה סויה ביו עם תות,מיליליטרים,250.00,"100 מ""ל",false,,6.90,0.0276,true,1,29199
7290014791091,false,"שוויפס לימונייד 500 מ""ל",יפאורה,IL,משקה למונייד שוופס 5,מיליליטרים,500.00,"100 מ""ל",false,,6.50,0.0130,true,1,13686
7290014855434,false,מגבונים בייביסיטר פרפורמנס מבושם רביעיה,בייביסיטר Babysitter,IL,בייביסיטר פרפורמנס מ,יחידה,0.00,יחידה,false,,18.90,0.0000,true,1,32954
7290014855458,false,מגבוני בייביסיטר פרפורמנס ללא בישום מארז 72X4יח',בייביסיטר Babysitter,IL,מגבוני בייבי פרפורמנ,יחידה,0.00,יחידה,false,,18.90,0.0000,true,1,32955
7290014860070,false,"מקלוני אורז ללא גלוטן 5 מ""מ 454גר' (אור)",ניינטי נודל קו,TH,"מקלוני אורז 5 מ""מ לל",גרמים,454.00,100 גרם,false,,11.90,0.0262,true,1,120207
7290014905689,false,"נוזל כלים הפי מרוכז 24% תפוח 750 מ""ל",יעקובי הפי,IL,הפי לכלים ירוק תפוח,מיליליטרים,750.00,"100 מ""ל",false,,9.90,0.0132,true,1,13478
7290014905696,false,"נוזל כלים הפי מרוכז 24% לימון 750 מ""ל",יעקובי הפי,IL,הפי לכלים צהוב לימון,מיליליטרים,750.00,"100 מ""ל",false,,9.90,0.0132,true,1,13479
7290014905733,false,"הפי פרפקט לניקוי שמשות 750 מ""ל",יעקובי הפי,TR,הפי מרסס לניקוי חלונ,מיליליטרים,750.00,"100 מ""ל",false,,9.90,0.0132,true,1,13481
7290014940901,false,לחם פשוט מלא 750 ג' אנג'ל,מאפית אנגל,IL,לחם פשוט מלא אנגל 75,גרמים,750.00,100 גרם,false,,15.90,0.0212,true,1,69558
7290015009003,false,מונטנייר חומץ יין לבן 500מל,מנדלז סי.אר. פרודקשן,ES,חומץ בן יין לבן דניא,מיליליטרים,500.00,"100 מ""ל",false,,20.60,0.0412,true,1,442734
7290015009010,false,מונטנייר חומץ יין אדום 500מל,מנדלז סי.אר. פרודקשן,ES,חומץ בן יין אדום 5%ד,מיליליטרים,500.00,"100 מ""ל",false,,20.60,0.0412,true,1,87568
7290015009102,false,"עלי טורטייה מקמח לבן 20 ס""מ 360 גרם",,,עלי טורטיה מקמח לבן,גרמים,360.00,100 גרם,false,,16.90,0.0469,true,1,78531
7290015009553,false,"רוטב אקסטרא חריף מפלפל קרולינה ריפר 148 מ""ל",קאמוק,CR,רוטב אקסטרא חריף מפל,גרמים,148.00,100 גרם,false,,24.90,0.1682,true,1,462316
7290015009584,false,רוטב סאבוריטו חריף פ,,CR,רוטב חריף מפלפל חלפי,גרמים,148.00,100 גרם,false,,22.90,0.1547,true,1,462393
7290015014182,false,לבבות קיסר בנספק רמי לוי,,,לבבות חסה,יח',1.00,יח',false,,9.90,9.9000,true,1,94480
7290015014465,false,רוזמרין רמילוי,,,רוזמרין (בוסתן),יח',1.00,יח',false,,6.90,6.9000,true,1,93523
7290015014472,false,קורנית(בוסתן),,,קורנית(בוסתן),יח',1.00,יח',false,,4.90,4.9000,true,1,93635
7290015039246,false,נתחי טונה בשמן צמחי רביעיה * 160 ג' וילי פוד,וילי פוד,TH,טונה בהירה בשמן וילי,גרמים,640.00,100 גרם,false,,24.60,0.0384,true,1,4999
7290015129121,false,סקיני פסטה נודלס 270 גרם,הוויזאי וואנגייה פוד,CN,סקיני פסטה קונג'אק ב,גרמים,270.00,100 גרם,false,,11.90,0.0441,true,1,51848
7290015129220,false,איטריות קונגאק ללא גלוטן 270 גרם skinny,אף.סי תבליני בגליל ב,CN,סקיני פסטה קונג'אק ב,גרמים,270.00,100 גרם,false,,11.90,0.0441,true,1,409664
7290015129251,false,איטריות קונגאק ללא גלוטן 270 גרם skinny,אף.סי תבליני בגליל ב,CN,סקיני - פסטה פטוצ'ינ,גרמים,270.00,100 גרם,false,,11.90,0.0441,true,1,269175
7290015129763,false,סקיני פסטה שיבולת שועל פתיתים 270 גרם,הוויזאי וואנגייה,CN,סקיני פסטה שיבולת שו,גרמים,270.00,100 גרם,false,,11.90,0.0441,true,1,409680
7290015139267,false,שוקולד מריר עם שקדים ללא תוספת סוכר וסטהיים,כרמית תעשיות ממתקים,IL,חופשי שוקולד מריר עם,גרמים,85.00,100 גרם,false,,6.90,0.0812,true,1,43610
7290015150088,false,מחית עגבניות גראנד איטליה 700 גרם,שוורצקוף& הנקל דיסלד,IT,מחית עגבניות בלה איט,גרמים,700.00,100 גרם,false,,13.90,0.0199,true,1,27515
7290015150118,false,עגבניות חתוכות דק בלה איטליה 3*400 ג',אמיליאנה קונסרב ס.פ.,IL,עגבניות חתוכות דק בל,גרמים,400.00,100 גרם,false,,20.90,0.0522,true,1,27518
7290015150903,false,תה ירוק גן קסום קינמון ודבש 25 שק*1.5 גר,ויסוצקי ירוק,IL,תה ירוק קינמון ודבש,גרמים,37.50,100 גרם,false,,26.90,0.7173,true,1,27533
7290015155847,false,מחית סלט פירות חטיפטף ללא תוספת סוכר,פרוטה פודיווין איי.א,CZ,פאוץ' פרינוק מחית סל,גרמים,120.00,100 גרם,false,,6.50,0.0542,true,1,106389
7290015156776,false,מחית פירות טרופיים חטיפטף ללא תוספת סוכר,פרוטה פודווין איי.אס,CZ,פאוץ' פרינוק פירות ט,גרמים,120.00,100 גרם,false,,6.50,0.0542,true,1,123331
7290015193634,false,אובלטים דקיקים קימל מעדני המלך 300 גר',אם החיטה,IL,אובלטים קימל 300 גרם,גרמים,300.00,100 גרם,false,,10.90,0.0363,true,1,105508
7290015282000,false,איקרא אדומה SEVEN SEAS 200 גרם,שבעת הימים - שמיר,IL,איקרה אדומה סלטי שמי,גרמים,200.00,100 גרם,false,,15.90,0.0795,true,1,21207
7290015282598,false,חומוס שמיר מסעדות 200 גר',"סלטי שמיר 2006 בע""מ",IL,חומוס מסעדות,גרמים,200.00,100 גרם,false,,11.90,0.0595,true,1,79459
7290015282635,false,חומוס שמיר מסבחה 200 גר',"סלטי שמיר 2006 בע""מ",IL,חומוס מסבחה,גרמים,200.00,100 גרם,false,,11.90,0.0595,true,1,79462
7290015282642,false,חומוס שמיר אבו גוש 200 גר',"סלטי שמיר 2006 בע""מ",IL,חומוס אבו גוש,גרמים,200.00,100 גרם,false,,11.90,0.0595,true,1,79463
7290015282673,false,חציל שמיר במיונז ביתי 200 גורמה גר',"סלטי שמיר 2006 בע""מ",IL,חציל במיונז ביתי,גרמים,200.00,100 גרם,false,,11.90,0.0595,true,1,79464
7290015282697,false,כרוב אדום שמיר גורמה 200גר,"סלטי שמיר 2006 בע""מ",IL,סלט כרוב אדום 200ג ש,גרמים,200.00,100 גרם,false,,13.90,0.0695,true,1,79466
7290015282710,false,קוביות סלק שמיר 200 גר',"סלטי שמיר 2006 בע""מ",IL,קוביות סלק סלטי שמיר,גרמים,200.00,100 גרם,false,,11.90,0.0595,true,1,79467
7290015282727,false,גזר מרוקאי ברוטב פיקנטי אסלי שמיר 200 ג',"סלטי שמיר 2006 בע""מ",IL,גזר מרוקאי ברוטב פיק,גרמים,200.00,100 גרם,false,,13.90,0.0695,true,1,79468
7290015282734,false,מטבוחה שמיר ביתית גורמה 200 ג ',"סלטי שמיר 2006 בע""מ",IL,מטבוחה ביתית.,גרמים,200.00,100 גרם,false,,13.90,0.0695,true,1,79469
7290015282796,false,"סלט תפו""א שמיר במיונז 200ג'","סלטי שמיר 2006 בע""מ",IL,סלט תפוח אדמה 200 ג,גרמים,200.00,100 גרם,false,,13.90,0.0695,true,1,79474
7290015324007,false,תבלין פלפל שחור גרוס 80 ג',"תבליני טעם וריח בע""מ",IL,טעם וריח פלפל שחור ג,גרמים,80.00,100 גרם,false,,12.90,0.1613,true,1,50993
7290015324052,false,תבלין פפריקה מתוקה 80 ג',"תבליני טעם וריח בע""מ",IL,טעם וריח פפריקה מתוק,גרמים,80.00,100 גרם,false,,6.50,0.0813,true,1,50997
7290015324120,false,טעם וריח שום גבישי ב,"תבליני טעם וריח בע""מ",IL,טעם וריח שום גבישי ב,גרמים,80.00,100 גרם,false,,9.90,0.1238,true,1,51004
7290015328647,false,נר נשמה בפח 24 שעות,,,נר נשמה בפח 24 שעות,יחידה,0.00,יחידה,false,,1.90,0.0000,true,1,131156
7290015328692,false,מנורת לד 12 וולט,,,מנורת לד 12 וולט,יחידה,0.00,יחידה,false,,9.90,0.0000,true,1,125499
7290015328807,false,נרות חנוכה לוקס לירו,,,נרות חנוכה לוקס לירו,יחידה,0.00,יחידה,false,,7.90,0.0000,true,1,132005
7290015328821,false,צמרוני אוזניים שקית 100 יחידות,,,צימרוני אוזניים לירו,יחידה,0.00,יחידה,false,,1.50,0.0000,true,1,135835
7290015347464,false,מיה קינואה מעורבת 400 גרם,"מיה תעשיות מזון בע""מ",IL,מיה קינואה מעורבת 50,גרמים,400.00,100 גרם,false,,17.90,0.0447,true,1,17277
7290015348096,false,"למברוסקו אמיליאנו רוזה 750 מ""ל",טמפו,IL,למברוסקו אמיליאנו רו,מיליליטרים,750.00,"100 מ""ל",false,,28.90,0.0385,true,1,11656
7290015374309,false,"פסטל במילוי תפו""א בד",,,פסטל במילוי תפו'א 40,גרמים,400.00,100 גרם,false,,12.90,0.0323,true,1,11212
7290015374330,false,"קובה מרק בד""צ 400גר",,,קובה מרק 400 גרם,גרמים,400.00,100 גרם,false,,12.90,0.0323,true,1,11215
7290015437431,false,רכז רימונים 100% טבעי 420 גר,AROMA PRODUCT ITD,GE,רכז רימונים תומר 42,גרמים,420.00,100 גרם,false,,23.90,0.0569,true,1,255430
7290015603560,false,"שימורי קרם קוקוס 20-22% 400 מ""ל (ASIATIC)(כ)",אסי אטיק גרו אינדוסט,TH,שימורי קרם קוקוס 20-,מיליליטרים,400.00,"100 מ""ל",false,,9.90,0.0248,true,1,62954
7290015603584,false,ג'ינגר לבן כבוש ללא מונוסודיום 160 גרם (כ),לאיווי איפנג פודס קו,CN,ג'ינג'ר לבן כבוש ללא,גרמים,160.00,100 גרם,false,,8.90,0.0556,true,1,16569
7290015644297,false,אנג'ל הלחמניה המלאה 6יח 450 ג',מאפיית שלמה א. אנג'ל,IL,6 לחמניות פשוט מלא א,יחידה,0.00,יחידה,false,,11.90,0.0000,true,1,78850
7290015652087,false,תערובת פיצוחים 150 גרם ששון הקולה,דין שיווק,IL,תערובת פיצוחים 150גר,גרמים,150.00,100 גרם,false,,11.90,0.0793,true,1,65086
7290015652254,false,גרעיני חמניה קלויים 400 גרם ששון הקלה,"דין שיווק וקלייה בע""",IL,גרעיני חמניה קלויים,גרמים,400.00,100 גרם,false,,10.00,0.0250,true,1,6754
7290015652278,false,תערובת פיצוחים 250 גרם ששון הקולה,"דין שיווק וקלייה בע""",IL,תערובת פיצוחים ששון,גרמים,250.00,100 גרם,false,,20.00,0.0800,true,1,64780
7290015652308,false,מנצס 300 גרם ששון הקולה,"דין שיווק וקלייה בע""",IL,מנצ'ס ששון הקולה 300,גרמים,300.00,100 גרם,false,,10.00,0.0333,true,1,117253
7290015652322,false,בוטנים אמריקאיים מצופים 400 גר ששון הקלה,"דין שיווק וקלייה בע""",IL,בוטנים אמריקאים מצופ,גרמים,400.00,100 גרם,false,,10.00,0.0250,true,1,117254
7290015781008,false,יין אדום יבש מרלו וי,יקב טפרברג 1870 בעמ,IL,ויז'ן מרלו,מיליליטרים,750.00,"100 מ""ל",false,,42.90,0.0572,true,1,13778
7290015842631,false,"כוס ברד 330 מ""ל ח""פ 40יח'",,GR,"כוס בירה 330 מ""ל 40",יחידה,0.00,יחידה,false,,10.90,0.0000,true,1,138715
7290015858106,false,"ממרח פסטו ביתי 180 גרם ""עללחם""",מדשא תעשיות מזון בעמ,IL,ממרח פסטו ביתי עללחם,גרמים,180.00,100 גרם,false,,18.90,0.1050,true,1,141067
7290015858113,false,"ממרח עגבניות מיובשות 180 גרם ""טריטרי""",מדשא תעשיות מזון בעמ,IL,ממרח עגבניות מיובשות,גרמים,180.00,100 גרם,false,,18.90,0.1050,true,1,141068
7290016006346,false,שישיית שרינק 500 מל שוופס סודה,יפאורה תבורי בעמ,IL,שוופס סודה שישייה 0.,ליטרים,3.00,ליטר,false,,16.90,5.6333,true,1,13734
7290016096491,false,נתחי טונה בהירה בשמן צמחי שלישיה *80ג' פילטונה,תעשיות פילטונה,IL,נתחי טונה בשמן צמחי,גרמים,240.00,100 גרם,false,,11.90,0.0496,true,1,122696
7290016096675,false,שלישיה פיל טונה בשמן,,,טונה בשמן זית פילטונ,גרמים,240.00,100 גרם,false,,18.90,0.0787,true,1,127068
7290016136722,false,פתיתים פנה ללא גלוטן 340 גרם גי פרי,אורגרן הלס אנד ניצר,AU,פסטה פנה ללא גלוטן 3,גרמים,340.00,100 גרם,false,,13.10,0.0385,true,1,89974
7290016150117,false,סלק אדום מבושל 500 ג' בוואקום,חקלאי,IL,מעדן סלק בוואקום 500,גרמים,500.00,100 גרם,false,,6.90,0.0138,true,1,98540
7290016150711,false,נוזל קוקוס אבאל פחית,,,AVEL נוזל קוקוס תאיל,מיליליטרים,400.00,"100 מ""ל",false,,5.90,0.0148,true,1,133907
7290016162233,false,עוגיות ממולאות פרימיום סוגים שונים 200 גר',,,עוגיות דיזרט פרימיום,גרמים,200.00,100 גרם,false,,22.90,0.1145,true,1,70060
7290016197488,false,מטליות מיקרופייבר למשטחים ניקול 3יח',סטון טכנולגי,CN,מטלית קסם לשיש מארז,יחידה,0.00,יחידה,false,,12.90,0.0000,true,1,11130
7290016246018,false,בארכה מיקס פינוקיות חלבה 10*20 גרם.,רושדי תעשיות מזון בע,IL,בארכה מיקס פינוקיות,גרמים,200.00,100 גרם,false,,14.90,0.0745,true,1,22707
7290016246025,false,בארכה מיקס פינוקיות חלווה ללא סוכר 10*20ג,רושדי תעשיות מזון בע,IL,בארכה פנוקיות חלבה ל,גרמים,200.00,100 גרם,false,,14.90,0.0745,true,1,22708
7290016246490,false,בארכה חלבה קלאסית 400 גרם,רושדי תעשיות מזון בע,IL,בארכה חלבה קלאסית 40,גרמים,400.00,100 גרם,false,,10.90,0.0273,true,1,137037
7290016270907,false,ברוקולי ארוז במגשית,,,ברוקולי,יח',1.00,יח',false,,9.90,9.9000,true,1,137817
7290016273090,false,סוכריה על מקל בטעם תות בננה 31 גרם,אוריגינל גורמה,US,סוכרית לוליפופ על מק,גרמים,31.00,100 גרם,false,,5.50,0.1774,true,1,141229
7290016277630,false,צנובר 150 גרם ששון - קופסא,"דין שיווק וקלייה בע""",,צנובר טבעי 150 גרם ש,גרמים,150.00,100 גרם,false,,33.90,0.2260,true,1,264940
7290016319194,false,טוסו עוגיות סנדוויץ שוקו במילוי קרם וניל *זוג* 300 גרם,אפיפית,IL,עוגיות סנדוויץ שוקו,גרמים,300.00,100 גרם,false,,17.90,0.0597,true,1,268636
7290016319309,false,סבון נוזלי מאסק קלאסי+משאבה פמלי 1 ל,הנסיך- מפעל לייצור ט,IL,אל סבון מאסק+משאבה פ,ליטרים,1.00,ליטר,false,,11.90,11.9000,true,1,7998
7290016321661,false,פרש וואנס SENSITIVE מגבונים ללא בישום רביעייה 72 יחידות,עלבד משואות יצחק,IL,מגבוני פרש וואנס רבי,יחידה,0.00,יחידה,false,,21.90,0.0000,true,1,143237
7290016334036,false,עירית רמי לוי,,,עירית (בוסתן),יח',1.00,יח',false,,6.90,6.9000,true,1,3047
7290016334166,false,לוף רגיל ארוז ליח,,,לוף רגיל ארוז ליח,יח',1.00,יח',false,,8.90,8.9000,true,1,93531
7290016334500,false,לבבות חסה זוגות בשקי,,,לבבות חסה זוגות בשקי,יח',1.00,יח',false,,9.90,9.9000,true,1,93543
7290016334654,false,תרד ניו זילנדי רמי לוי,,,תרד ניו-זילנדי,גרמים,300.00,100 גרם,false,,12.90,0.0430,true,1,210228
7290016334784,false,ג'ינג'ר ארוז 200 גרם,,,ג'ינג'ר ארוז 200 גרם,יח',1.00,יח',false,,11.90,11.9000,true,1,60401
7290016334883,false,עגבניות שרי תמר,,,שרי תמר יח',יח',1.00,יח',false,,9.90,9.9000,true,1,144910
7290016370973,false,פלפל אדום קלוי על האש קבוצת יבנה 540 גרם,קוזט אס.איי.פיין פוד,GR,פלפל קלוי על האש בצ,גרמים,580.00,100 גרם,false,,13.90,0.0240,true,1,85633
7290016408294,false,"מרשמלו ורוד לבן וסטהיים 150 ג', 26 בקרטון",מנדלז סי.אר. פרודקשן,IL,מרשמלו ורוד לבן 150,גרמים,150.00,100 גרם,false,,6.90,0.0460,true,1,43678
7290016408423,false,חטיף קרקר עם זיתים שחורים ושום 130 גר,תות תעשיות מזון (201,LT,חטיף קרקר עם זיתים ש,גרמים,130.00,100 גרם,false,,6.90,0.0531,true,1,43684
7290016408980,false,"מטבעות שוקולד חלב 36 ג' כשל""פ בד""ץ!",כרמית תעשיות מזון,IL,לני מטבעות שוקולד חל,גרמים,36.00,100 גרם,false,,3.90,0.1083,true,1,131111
7290016429992,false,"ד""ר פישר - אלכוג'ל במארז סיליקון עם דמות 30 מ""ל",פישר תעשיות,IL,אלכוג'ל סיליקון צור,מיליליטרים,30.00,"100 מ""ל",false,,17.90,0.5967,true,1,89100
7290016509786,false,פרסיל גל לכביסה לבנה וצבעונית-ירוק 2.5 ל,פרסיל Persil,IL,פרסיל ג'ל 2.5 ליטר י,ליטרים,2.50,ליטר,false,,37.90,15.1600,true,1,124507
7290016509809,false,ג'ל מרוכז לכביסה קולור 2.5 ל' פרסיל,פרסיל Persil,IL,פרסיל ג'ל 2.5 ליטר ק,ליטרים,2.50,ליטר,false,,37.90,15.1600,true,1,124509
7290016509830,false,ג'ל כביסה לבגדי תינוקות ובעלי עור רגיש Sensitive,פרסיל Persil,IL,פרסיל ג'ל 2.5 ליטר ב,ליטרים,2.50,ליטר,false,,37.90,15.1600,true,1,124512
7290016682243,false,פריניב מיץ אשכולית אדומה סחוט 1 ליטר,פריניב,IL,פרי ניב מיץ אשכולית,ליטרים,2.00,ליטר,false,,17.90,8.9500,true,1,134298
7290016682250,false,מיץ תפוז גזר פרי ניב 1 ליטר,פרי ניב,IL,מיץ תפוז וגזר סחוט 1,ליטרים,1.00,ליטר,false,,17.90,17.9000,true,1,493921
7290016682359,false,מיץ תפוזים שמוטי פרי ניב 2 ליטר-,פרי ניב,IL,פרי ניב מיץ 100% טבע,ליטרים,2.00,ליטר,false,,27.90,13.9500,true,1,370898
7290016865943,false,אטריות ביצים פטוציני אוריינט 400 גרם,פ.פ.ח טאביט,PL,אטריות ביצים פטוצ'ינ,גרמים,400.00,100 גרם,false,,14.90,0.0373,true,1,120569
7290016866643,false,פרודונטקס מ.שיניים אקסטרה פרש 75 מל,פרודונטקס Parodontax,SK,מש.שיניים פרש פרודונ,מיליליטרים,75.00,"100 מ""ל",false,,33.90,0.4520,true,1,124335
7290016866650,false,"פרודונטקס - משחת שיניים אוריג'ינל 75 מ""ל",פרודונטקס Parodontax,SK,מש.שיניים אוריגינל פ,מיליליטרים,75.00,"100 מ""ל",false,,33.90,0.4520,true,1,124336
7290016867046,false,פיתות קלות כוסמין במתיקות מעודנת 6 יח',המאפה של דר מרק בריא,IL,פיתות קלות כוסמין במ,גרמים,303.00,100 גרם,false,,17.80,0.0587,true,1,357015
7290016867114,false,לחם כוסמין קל מלא 500 גר',המאפה של דר מרק בריא,IL,לחם כוסמין קל מלא 50,גרמים,500.00,100 גרם,false,,21.00,0.0420,true,1,356951
7290016867152,false,פיתות קלות כוסמין 5 יחידות 330 גר,המאפה של דר מרק בריא,IL,פיתות קלות כוסמין 29,גרמים,292.00,100 גרם,false,,15.70,0.0538,true,1,357017
7290016867176,false,לחמניות קלות כוסמין שומשום במתיקות מעודנת 6,המאפה של דר מרק,IL,לחמניות ק. כוסמין שו,גרמים,300.00,100 גרם,false,,16.80,0.0560,true,1,357000
7290016967074,false,לחם חיטה מלאה עם גרעינים ודגנים,מאפיית שלמה א. אנג'ל,IL,חיטה מלאה אנגל 750 ג,גרמים,750.00,100 גרם,false,,17.90,0.0239,true,1,69392
7290016967456,false,לחם צרפתי מחמצת 100% כוסמין 600 ג' אנג'ל,מאפיית שלמה א.אנג'ל,IL,לחם מחמצת כוסמין אנג,גרמים,600.00,100 גרם,false,,18.90,0.0315,true,1,119416
7290016998184,false,עלי חסה ערבית שטופים 250ג',נטורזה,,עלי חסה ערבית שטופה,גרמים,250.00,100 גרם,false,,10.90,0.0436,true,1,307314
7290016998207,false,לקט קסם השדה נטורזה,נטורזה,,לקט קסם השדה 350 גר,גרמים,350.00,100 גרם,false,,10.90,0.0311,true,1,307316
7290016998238,false,כרוב לבן קצוץ נטורזה,נטורזה,,כרוב לבן קצוץ 400 גר,גרמים,400.00,100 גרם,false,,8.90,0.0223,true,1,307318
7290016998269,false,לקט קולסלאו נטורזה 4,נטורזה,,לקט קולסלאו 400 גר,גרמים,400.00,100 גרם,false,,8.90,0.0223,true,1,307321
7290016998320,false,לבבות קיסר נטורזה יח,נטורזה,IL,לבבות קיסר מארז,יח',1.00,יח',false,,11.90,11.9000,true,1,307327
7290017023670,false,"שוופס מוגז פירות למונייד פחית 330 מ""ל",,,פחית שוופס לימונייד,מיליליטרים,330.00,"100 מ""ל",false,,5.20,0.0158,true,1,128466
7290017031705,false,"סנסודיין - משחת שיניים קלין&פרש 75 מ""ל",גלקסוס סמית קליין,SK,משחת שיניים קלין&פרש,מיליליטרים,75.00,"100 מ""ל",false,,22.70,0.3027,true,1,133808
7290017062662,false,מרכך כביסה מרוכז כתום 1*5 ליטר טאצ,,,מרכך כביסה מרוכז טאצ,ליטרים,1.00,ליטר,false,,14.90,14.9000,true,1,275127
7290017062730,false,"נ.כלים 36% לבנדר טאצ' +משאבה 750 מ""ל",,,נוזל כלים לבנדר 36%,מיליליטרים,750.00,"100 מ""ל",false,,9.90,0.0132,true,1,266117
7290017062754,false,"נ.כלים 36% לימון טאצ' +משאבה 750 מ""ל",,,נוזל כלים לימון 36%,מיליליטרים,750.00,"100 מ""ל",false,,9.90,0.0132,true,1,267576
7290017065007,false,פרוסות גבינה מוצרלה חצי קשה 22% שומן 200 ג' גד,מחלבות גד בעמ,IL,מוצרלה פרוסה חצי קש,גרמים,200.00,100 גרם,false,,19.90,0.0995,true,1,75923
7290017065137,false,ריקוטה למריחה 5% טבעית 200 גרם - רובין,האי נאם סי או אל.טי.,IL,גבינה ריקוטה למריחה,גרמים,200.00,100 גרם,false,,10.90,0.0545,true,1,107236
7290017065144,false,גבינת ריקוטה למריחה 5% בזיליקום 200ג' גד,האי נאם סי או אל.טי.,IL,גבינה ריקוטה למריחה,גרמים,200.00,100 גרם,false,,10.90,0.0545,true,1,107237
7290017065212,false,גבינת קרם מסקרפונה מחלבות גד 250 גר,מיוצר עי קוד יצרן ED,IL,קרם מסקרפונה להקצפה,גרמים,250.00,100 גרם,false,,22.90,0.0916,true,1,121364
7290017065236,false,גבינה בולגרית מעודנת 24% גד 250 גרם,הנסיך- מפעל לייצור ט,IL,בולגרית מעודנת 24% 2,גרמים,250.00,100 גרם,false,,23.90,0.0956,true,1,121373
7290017065380,false,"גרנה פדנו שבבים ""גד"" 100 גרם",מחלבות גד,IT,גרנה פדנו שבבים 100,גרמים,100.00,100 גרם,false,,14.90,0.1490,true,1,141340
7290017065434,false,פרוסות גבינה גאודה הולנדית חצי קשה 200 גרם בית יוסף,מחלבות גד בעמ,NL,גד פרוסות גאודה 200,גרמים,200.00,100 גרם,false,,23.90,0.1195,true,1,141342
7290017065441,false,פרוסות גבינת גאודה עיזים 30%,מחלבות גד,NL,גד פרוסות גאודה עיזי,גרמים,200.00,100 גרם,false,,37.90,0.1895,true,1,141343
7290017065526,false,קוואטרו פורמאג'י 4 גבינות מגוררות 26%,מחלבות גד בעמ,IL,גד קוואטרו פורמאג'י,גרמים,300.00,100 גרם,false,,31.90,0.1063,true,1,141348
7290017065663,false,גבינת פטה עיזים מעודנת 16% גד 200 גרם,ג'נרל מילס סאן אדריא,IL,גבינת פטה עיזים מעוד,גרמים,250.00,100 גרם,false,,32.90,0.1316,true,1,272292
7290017065731,false,גבינת שמנת 30% ניו יורק +כמהין 200 גרם רבנות,פ.פ.ח. שאביט,IL,גבינת שמנת ניו יורק,גרמים,200.00,100 גרם,false,,13.90,0.0695,true,1,302580
7290017068350,false,עדשים שחורות בלוגה מיה 500 גר',מיה,IL,עדשים שחורות בלוגה מ,גרמים,500.00,100 גרם,false,,10.90,0.0218,true,1,406749
7290017088082,false,בייביסיטר - חיתולי סטנדרט מידה 5 - 36 יח',בייביסיטר Babysitter,IL,חיתולי ביייביסיטר סט,יח',36.00,יח',false,,37.90,1.0528,true,1,463617
7290017088303,false,קוויק מגבונים לניקוי,,,קוויק מגבונים לניקוי,יחידה,0.00,יחידה,false,,3.90,0.0000,true,1,138866
7290017088693,false,קוויק מגבונים לניקוי וחיטוי רצפות בניחוח לוונדר 10 יחי',די.פי.אל,IL,מגבונים לניקוי וחיטו,יח',10.00,יח',false,,13.90,1.3900,true,1,210154
7290017088914,false,מגבונים בייביסיטר מבושם 66X6 יח',,,מגבונים מבושם בייביס,יחידה,0.00,יחידה,false,,18.90,0.0000,true,1,259898
7290017094199,false,סלט קוביות חציל ברוטב 200 גר',"סלטי שמיר 2006 בע""מ",IL,מעדן חצילים 200 גרם,גרמים,200.00,100 גרם,false,,11.90,0.0595,true,1,298734
7290017105468,false,מארז שלישייה אפונה קטנה יכין 3*200 גר,קשקמט קונסרב הונגריה,IL,אפונה יכין 3*120 גרם,גרמים,360.00,100 גרם,false,,14.90,0.0414,true,1,208797
7290017105550,false,רביעיית רסק עגבניות 100% יכין 4X100 גרם,היינץ צפון אמריקה מק,IL,מאגדת רסק עגבניות יכ,גרמים,400.00,100 גרם,false,,12.90,0.0323,true,1,208439
7290017105895,false,גרגרי חומוס להכנת חומוס משובח יכין 560 ג,זנלכל,IL,גרגרי חומוס מסעדות י,גרמים,550.00,100 גרם,false,,10.90,0.0198,true,1,243755
7290017129280,false,"כרמית אפיפיות שוקולד לא מצופה 200 גרם כשל""פ","כד בני דרום בע""מ",IL,חופשי ופל שוקו ללא צ,גרמים,200.00,100 גרם,false,,10.90,0.0545,true,1,113436
7290017142111,false,פתיתי טונה בשמן זית טו גו עץ הזית 85 גרם,"יוניקורד ח.צ בע""מ",TH,פתיתי טונה בהירה בשמ,גרמים,85.00,100 גרם,false,,10.90,0.1282,true,1,122897
7290017142128,false,"שמן זית כתית מעולה קלאסי עץ הזית 750 מ""ל",שמן תעשיות,IL,שמן זית כתית מעולה ק,מיליליטרים,750.00,"100 מ""ל",false,,37.90,0.0505,true,1,108932
7290017142159,false,מארז נתחי טונה בהירה בשמן זית 3*80 ג' עץ הזית,הנסיך- מפעל לייצור ט,TH,נתחי טונה בהירה בשמן,גרמים,240.00,100 גרם,false,,26.90,0.1121,true,1,122898
7290017142340,false,שמן זרעי ענבים מזוכך 1 לי עץ הזית,עץ השדה,TH,שמן זרעי ענבים מזוכך,ליטרים,1.00,ליטר,false,,34.90,34.9000,true,1,195205
7290017142388,false,שמן חמניות אומגה 3 פלוס 1 ליטר עץ הזית,שמן תעשיות,IL,שמן חמניות פלוס אומג,ליטרים,1.00,ליטר,false,,18.40,18.4000,true,1,152685
7290017142418,false,טונה עם אורז ועדשים בשמן זית 160 גר,יוניקורד ח.צ בעמ,TH,אורז עדשים עם טונה ב,גרמים,160.00,100 גרם,false,,15.90,0.0994,true,1,195197
7290017142500,false,תרסיס שמן זית כתית מעולה בטעם שום 150מל,קומטמפ קומפניה פורטו,IT,תרסיס שמן זית כתית ב,מיליליטרים,150.00,"100 מ""ל",false,,21.90,0.1460,true,1,465702
7290017304885,false,לחם שיפון מחיטה מלאה ללא תוספת סוכר 750 ג' אנג'ל,מאפית אנגל,IL,לחם שיפון וחיטה מלאה,גרמים,750.00,100 גרם,false,,17.90,0.0239,true,1,151418
7290017457727,false,"סוד - מרכך כביסה מרוכז פרש סקיי 900 מ""ל",הנקל סוד,IL,מרכך כביסה מרוכז סוד,מיליליטרים,900.00,"100 מ""ל",false,,13.90,0.0154,true,1,140140
7290017513782,false,פליפז-בייגלה מצופה שוקולד מריר 140 גרם,שוורצקוף& הנקל דיסלד,TR,בייגלה מצופה שוקולד,גרמים,140.00,100 גרם,false,,8.90,0.0636,true,1,259702
7290017513829,false,תה ירוק לימונית ג'ינג'ר 25 שקיקים בתוספת ויטמין Cּּ+D,ויסוצקי ירוק,IL,תה ירוק לימונית ג'ינ,גרמים,37.50,100 גרם,false,,26.90,0.7173,true,1,263490
7290017513867,false,תה ירוק לימונית לואיזה 25 שקיקים בתוספת ויטמין Cּּ+D,תה ויסוצקי,IL,תה ירוק לימונית לואי,גרמים,37.50,100 גרם,false,,26.90,0.7173,true,1,263506
7290017617046,false,נתחי טונה בשמן זית כתית מעולה רביעיה * 140 ג',סטארקיסט,TR,טונה בשמן זית סטארקי,גרמים,560.00,100 גרם,false,,31.90,0.0570,true,1,205575
7290017617084,false,סטארקיסט מיקס טוגו טונה עם שעועית 185 גרם,דרדנל אוננטאס גידה,TR,סטארקיסט מיקס 185 גר,גרמים,185.00,100 גרם,false,,13.90,0.0751,true,1,414397
7290017617091,false,סטארקיסט מיקס טוגו טונה עם פתיתים 185 גרם,דרדנל אוננטאס גידה,TR,סטארקיסט מיקס 185 גר,גרמים,185.00,100 גרם,false,,13.90,0.0751,true,1,370577
7290017617107,false,סטארקיסט מיקס טוגו טונה עם 4 דגנים 185 גרם,"איטיליאן פוד, אס.פי.",TR,סטארקיסט מיקס 185 גר,גרמים,185.00,100 גרם,false,,13.90,0.0751,true,1,370578
7290017637587,false,קרם לתלתלים מיקי בוגנים 200 מל,מיקי בוגנים,IL,קרם CURLS לתלתלים מו,מיליליטרים,200.00,"100 מ""ל",false,,29.90,0.1495,true,1,446149
7290017641744,false,"חטיפי קרח גדולים בטעמי פטל, לימון, ענבים ואננס",HIQ FOOD PRODUCTS,IL,איגלו סטיקס כרמית 8*,גרמים,800.00,100 גרם,false,,5.90,0.0074,true,1,232334
7290017715407,false,זיתים שחורים עם פלפל חריף,מסנוי גידה רעהס,TR,זית שחור עם פלפל חרי,גרמים,400.00,100 גרם,false,,16.90,0.0422,true,1,187674
7290017812052,false,יין שיראז-קברנה סוביניון אקסלנס יקבי כרמל,יקבי כרמל Carmel Winery,IL,אקסלנס שיראז קברנה ס,מיליליטרים,750.00,"100 מ""ל",false,,30.90,0.0412,true,1,135057
7290017812069,false,יין אמרלד ריזלינג שרדונה אקסלנס Excellence,יקבי כרמל Carmel Winery,IL,אקסלנס ריזלינג שרדונ,מיליליטרים,750.00,"100 מ""ל",false,,30.90,0.0412,true,1,135058
7290017812656,false,תירוש מבעבע מיץ ענבים מבעבע אדום,מנדלז סי.אר. פרודקשן,IL,תירוש אדום מבעבע יקב,מיליליטרים,750.00,"100 מ""ל",false,,21.90,0.0292,true,1,336497
7290017812830,false,יין רוזה פרייבט קולקשיין 750מל יקבי כרמל,"כד בני דרום בע""מ",IL,יין רוזה פרייבט קולק,מיליליטרים,750.00,"100 מ""ל",false,,44.90,0.0599,true,1,336424
7290017816005,false,בייגלה כוסמין שמיניות שומשום 300 גר,יוליניבר,IL,בייגלה כוסמין בתוספת,גרמים,300.00,100 גרם,false,,17.90,0.0597,true,1,395945
7290017816111,false,פתי בר מקמח כוסמין 220 גרם,אפיפית הדר,IL,פתי בר מקור הכוסמין,גרמים,220.00,100 גרם,false,,12.90,0.0586,true,1,395947
7290017816135,false,פריכיות כוסמין מקור הכוסמין 90 גר,זן-בר,IL,פריכיות כוסמין ללא ת,גרמים,90.00,100 גרם,false,,10.90,0.1211,true,1,395949
7290017864594,false,שום צנצנת רמי לוי,,,שיני שום צנצנת,גרמים,140.00,100 גרם,false,,9.90,0.0707,true,1,237218
7290017871370,true,סבון ידיים מועשר בשמ,,,סבון ידיים מועשר בשמ,מיליליטרים,500.00,"100 מ""ל",false,,10.90,0.0218,true,1,210126
7290017872179,false,טוסו - עוגיות טחינה ללא סוכר 200 גרם,היינץ צפון אמריקה מק,IL,עוגיות טחינה טוסו 20,גרמים,200.00,100 גרם,false,,19.90,0.0995,true,1,234189
7290017872193,false,טוסו עוגיות שקדים וקינמון ללא סוכר 200 גרם,היינץ צפון אמריקה מק,IL,עוגיות שקדים וקינמון,גרמים,200.00,100 גרם,false,,19.90,0.0995,true,1,234190
7290017873176,false,"סבון ידיים מועשר בשמן אבוקדו 500 מ""ל יהלום",,TR,תחליב רחצה לטיפוח עו,מיליליטרים,500.00,"100 מ""ל",false,,10.90,0.0218,true,1,427408
7290017894058,false,תערובת רב תכליתית ללא גלוטן,"אף סי, תבליני הגליל",IL,דגש - תערובת להכנת ל,גרמים,500.00,100 גרם,false,,17.90,0.0358,true,1,269447
7290017928036,false,מאיר בייגל מקלות גריסיני שומשום 175 גרם,מאיר את בייגל,IL,מקלות גריסיני שומשום,גרמים,175.00,100 גרם,false,,13.90,0.0794,true,1,207032
7290017928043,false,מאיר בייגל גריסיני קראנץ' מלח 175 ג',מאיר את בייגל,IL,גריסיני קראנץ' מלח מ,גרמים,175.00,100 גרם,false,,13.90,0.0794,true,1,207033
7290017928098,false,מאיר בייגל שטוחלה מלח 330 גר',מאיר את בייגל,IL,בייגלה שטוח מלח מאיר,גרמים,330.00,100 גרם,false,,13.90,0.0421,true,1,359310
7290017928524,false,בייגלה שטוח ניגובים מלח 330 ג' מאיר בייגל,מאיר את בייגל,IL,בייגלה שטוח ניגובים,גרמים,300.00,100 גרם,false,,13.90,0.0463,true,1,364049
7290017928616,false,מאיר בייגל שטוחהלה שומשום 300 גר',מאיר את בייגל,IL,שטוחלה שומשום מאיר ב,גרמים,300.00,100 גרם,false,,13.90,0.0463,true,1,207044
7290017928661,false,מאיר בייגל -סמאש-שבורים בטעם צ'דר 300 גרם,מאיר בייגל,BG,שברי בייגלה בטעם צ'ד,גרמים,300.00,100 גרם,false,,14.90,0.0497,true,1,285085
7290017928722,false,בייגלה שטוח ניגובים שומשום 300 ג' מאיר בייגל,מאיר את בייגל,IL,בייגלה שטוח ניגובים,גרמים,300.00,100 גרם,false,,13.90,0.0463,true,1,364050
7290017928746,false,מאיר בייגל פירורי בייגלה 200 גרם,מאיר בייגל,IL,פירורי בייגלה מאיר ב,גרמים,200.00,100 גרם,false,,7.90,0.0395,true,1,418220
7290017928807,false,בייגלה אצבעות עם שומשום 300גרם - חדש,מאיר את בייגל,IL,אצבעות שומשום מאיר ב,גרמים,300.00,100 גרם,false,,13.90,0.0463,true,1,207047
7290017928821,false,מאיר בייגל מקלות גריסיני קלאסי 200 גרם,מאיר את בייגל,IL,מקלות גריסיני קלאסי,גרמים,200.00,100 גרם,false,,13.90,0.0695,true,1,207049
7290017941370,false,להבונים 50 יח' 3 שעו,,,להבונים 50 יח' 3 שעו,יחידה,0.00,יחידה,false,,10.90,0.0000,true,1,331010
7290017941394,false,נייר סנדוויץ 100 יח',,,נייר סנדוויץ 100 יח',יחידה,0.00,יחידה,false,,10.90,0.0000,true,1,303123
7290017941462,false,כוסות שתיה חמה 8B י,,,כוסות שתיה חמה 8B י,יחידה,0.00,יחידה,false,,10.90,0.0000,true,1,298761
7290017941608,false,קערות אובליות לבן 50,,,קערות אובליות לבן 50,יחידה,0.00,יחידה,false,,11.90,0.0000,true,1,290920
7290017941691,false,מפת שולחן מהודרת 270,,,מפת שולחן מהודרת 270,יחידה,0.00,יחידה,false,,9.90,0.0000,true,1,331026
7290017941820,false,כוסות שתיה קרה כחול,,,כוסות שתיה קרה כחול,יחידה,0.00,יחידה,false,,14.90,0.0000,true,1,282986
7290017946368,false,סוד סבון 4 כדוריות לאסלה אוקיינוס 3*50 ג,הנקל סוד,RS,סוד כדוריות לאסלה P.,גרמים,150.00,100 גרם,false,,20.90,0.1393,true,1,278165
7290017947105,false,לחם בסגנון אמריקה 500 גרם,מאפיית שלמה א. אנג'ל,IL,לחם בסגנון אמריקה אנ,גרמים,500.00,100 גרם,false,,15.90,0.0318,true,1,208814
7290017947464,false,מארז 8 פיתות מקמח כוסמין מלא 400ג',"איטיליאן פוד, אס.פי.",IL,שמיניית פיתות כוסמין,גרמים,400.00,100 גרם,false,,17.90,0.0447,true,1,257183
7290017947495,false,לחמניות כוסמין 450 ג' אנג'ל,"איטיליאן פוד, אס.פי.",IL,6 לחמניות כוסמין אנג,גרמים,450.00,100 גרם,false,,16.90,0.0376,true,1,272477
7290017947891,false,לחם כוסמין וחיטה מלאה 750 ג' אנג'ל,מאפיית שלמה א. אנג'ל,IL,לחם כוסמין וחיטה מלא,גרמים,750.00,100 גרם,false,,17.90,0.0239,true,1,207692
7290017947921,true,מארז לחמניות המבורגר,,,מארז לחמניות המבורגר,גרמים,450.00,100 גרם,false,,15.90,0.0353,true,1,232356
7290017947938,false,מיני לחמניות המבורגר בסגנון אמריקה 400 ג' אנג'ל,מאפיית שלמה א. אנג'ל,IL,8 לחמניות המבורגר בס,גרמים,4000.00,100 גרם,false,,15.90,0.0040,true,1,272999
7290018091029,false,מקלות פילו תפוחי אדמה מעדנות 450 ג',תנובה מעדנות,IL,מקלות פילו תפוח אדמה,גרמים,450.00,100 גרם,false,,18.90,0.0420,true,1,242357
7290018091616,false,מקלות פילו גבינה מעדנות 450 ג',מיוצר עי קונדיטוריית,IL,מקלות פילו גבינה 450,גרמים,450.00,100 גרם,false,,18.90,0.0420,true,1,242343
7290018091838,false,חטיפי פילאס גבינה מעדנות 600ג',מעדנות,IL,חטיפי בורקס מבצק פיל,גרמים,600.00,100 גרם,false,,26.90,0.0448,true,1,280754
7290018131640,false,קראנץ בלונד עם ליבת נוגט בוטנים 100 גרם,גלידות נסטלה (נגה גל,IL,קראנץ בלונד עם ליבת,גרמים,100.00,100 גרם,false,,10.90,0.1090,true,1,311534
7290018131978,false,טילון נסטלה אוראו 68.5 גרם,פרונרי פולין,PL,אוראו טילון 68 גרם,גרמים,68.00,100 גרם,false,,8.90,0.1309,true,1,320619
7290018156124,false,"אל סבון קמיל צבעוני ד""ר פישר שלישיה* 500 מ""ל",פישר תעשיות,IL,"אל סבון קמיל 500 מ""ל",ליטרים,1.50,ליטר,false,,21.90,14.6000,true,1,278822
7290018213353,false,מטליות לרצפה בניחוח,,,מטליות לרצפה בניחוח,יח',10.00,יח',false,,9.90,0.9900,true,1,479432
7290018225011,false,קומקום חשמלי נשלף פל,,,קומקום חשמלי נשלף פל,יחידה,0.00,יחידה,false,,79.90,0.0000,true,1,246629
7290018237410,false,עוף טוב פסטרמה במעשנה נתח שלם 8*300 גרם,מולינו ניקולי s.p.a,IL,פסטרמה במעשנה נתח של,גרמים,300.00,100 גרם,false,,30.90,0.1030,true,1,329961
7290018237496,false,עוף טוב דק דק פסטרמה דבש 220 גר',"עוף טוב (שאן) בע""מ",IL,עוף טוב דק דק פסטרמה,גרמים,220.00,100 גרם,false,,24.90,0.1132,true,1,384373
7290018237502,false,עוף טוב כתף בקר דק-דק 200 גרם,"עוף טוב (שאן) בע""מ",IL,עוף טוב דק דק כתף בק,גרמים,200.00,100 גרם,false,,23.90,0.1195,true,1,384402
7290018237960,false,עוף טוב כתף בקר עסיסי 265 גר',עיצובים 2020 (4.9),IL,כתף בקר עסיסי עוף טו,גרמים,265.00,100 גרם,false,,27.90,0.1053,true,1,485834
7290018333112,false,טופי אצבעות מיקס פירות 402 גרם,,,טופי אצבעות מיקס פיר,גרמים,402.00,100 גרם,false,,9.90,0.0246,true,1,274380
7290018333624,false,גרנולפלקס חלבה ושקדים 500 גרם כשלפ,,,גרנולפלקס חלבה ושקדי,גרמים,500.00,100 גרם,false,,24.90,0.0498,true,1,416000
7290018344125,false,חטיף חלבון אגוזי לוז קקאו טבע ירוק 50 גר,טבע ירוק,IL,חטיף חלבון אגוזי לוז,גרמים,50.00,100 גרם,false,,12.90,0.2580,true,1,364826
7290018359334,false,רכז עגבניות טבעי פריכוז שף יכין 580 גרם,זנלכל,IL,רכז עגבניות טבעי פרי,גרמים,580.00,100 גרם,false,,10.90,0.0188,true,1,262076
7290018359686,false,יכין חומוס גדול 550 גר A2,היינץ צפון אמריקה מק,IL,חומוס ענק יכין 550 ג,גרמים,550.00,100 גרם,false,,10.90,0.0198,true,1,347823
7290018359853,false,עדשים שחורות יכין 400 גרם,"זנלכל בע""מ",IL,עדשים שחורות יכין 40,גרמים,400.00,100 גרם,false,,8.90,0.0223,true,1,347808
7290018359860,false,רסק עגבניות ליקופן טבעי יכין 200 גר*2,זנלכל,IL,רסק עגבניות ליקופן י,גרמים,400.00,100 גרם,false,,17.90,0.0447,true,1,398523
7290018359938,false,"רוטב עגבניות לשקשוקה יכין, 400 גרם",זנלכל,IL,רוטב עגבניות לשקשוקה,גרמים,400.00,100 גרם,false,,13.90,0.0348,true,1,462934
7290018359945,false,יכין חאריפה רוטב פיקנטי מפלפלים וירקות 400גר,זנלכל,IL,חאריפה - רוטב פיקנטי,גרמים,400.00,100 גרם,false,,13.90,0.0348,true,1,462935
7290018359952,false,רוטב עגבניות לפסטה יכין 400 גרם,זנלכל,IL,רוטב עגבניות לפסטה י,גרמים,400.00,100 גרם,false,,13.90,0.0348,true,1,462936
7290018440193,false,פליפז בייגלה בציפוי קרם בטעם חמאת בוטנים 140 גרם,שוורצקוף& הנקל דיסלד,TR,ביגלה בציפוי קרם בטע,גרמים,140.00,100 גרם,false,,8.90,0.0636,true,1,305270
7290018440223,false,תה צ'אי מאסלה סדרת חווית צ'אי,תה ויסוצקי,IL,חווית הצ'אי- מסאלה ע,גרמים,50.00,100 גרם,false,,23.90,0.4780,true,1,368690
7290018440247,false,תה צ'אי שקדים סדרת חווית צ'אי,תה ויסוצקי,IL,חווית הצ'אי- שקדים 2,גרמים,50.00,100 גרם,false,,23.90,0.4780,true,1,368706
7290018440438,false,טונה קאלוו איזי פליפ בשמן 65 גר*3,קאלבו קונסרבס ס.ל.ו,ES,טונה easy flip בשמן,גרמים,195.00,100 גרם,false,,26.90,0.1379,true,1,469669
7290018440490,false,סלט טונה קאלוו עם קוסקוס 150 גר,קאלבו קונסרבס ס.ל.ו,ES,סלט טונה עם ירקות וק,גרמים,150.00,100 גרם,false,,15.90,0.1060,true,1,469608
7290018440520,false,סלט טונה קאלוו מקסיקני 150 גר,קאלבו קונסרבס ס.ל.ו,ES,סלט טונה עם ירקות בס,גרמים,150.00,100 גרם,false,,15.90,0.1060,true,1,469611
7290018443040,false,נבטים סיניים (בוסתן,בוסתן עשבי תיבול,IL,נבטים סיניים (בוסתן,גרמים,300.00,100 גרם,false,,7.90,0.0263,true,1,340678
7290018443835,false,שרי סוכריות פרמיום תקומה,,,עגבניות שרי לובלו ב,גרמים,500.00,100 גרם,false,,12.90,0.0258,true,1,417791
7290018468401,false,פסטרמה צמחונית בטעם גריל 100 גר טירת צבי,טיב טירת צבי 2000,IL,פסטרמה צמחונית בטעם,גרמים,120.00,100 גרם,false,,16.90,0.1408,true,1,504354
7290018468425,false,נקניק טבעוני בטעם פקנטי 100 גרם טירת צבי,טיב טירת צבי 2000,IL,נקניק טבעוני בטעם מע,גרמים,100.00,100 גרם,false,,16.90,0.1690,true,1,504356
7290018471029,false,"סודה בטעם לימון - מארז 6 בקבוקים 500 מ""ל",יפאורה תבורי בעמ,IL,שוופס סודה לימון שיש,ליטרים,3.00,ליטר,false,,16.90,5.6333,true,1,266318
7290018471470,false,תפוזינה נקטר תפוז פסיפלורה קרטונית 1 ליטר,"יפאורה תבורי בע""מ",IL,נקטר תפוזינה ENJOY ב,ליטרים,1.00,ליטר,false,,7.90,7.9000,true,1,311219
7290018471487,false,תפוזינה נקטר תפוז אננס קרטונית 1 ליטר,"יפאורה תבורי בע""מ",IL,נקטר תפוזינה ENJOY ב,ליטרים,1.00,ליטר,false,,7.90,7.9000,true,1,311220
7290018471951,false,שוופס מוגז פירות אשכולית אדומה 1.5 ליטר פיקדון,"יפאורה תבורי בע""מ",IL,שוופס פרוטס אשכולית,ליטרים,1.50,ליטר,false,,9.90,6.6000,true,1,372261
7290018493885,false,"ד""ר פישר - סרקל מרכך 750 מ""ל",פישר תעשיות,IL,"סרקל מרכך 750 מ""ל עם",מיליליטרים,750.00,"100 מ""ל",false,,21.90,0.0292,true,1,329385
7290018500361,false,"לחם שחור פרוס 900 גרם ""אנג'ל"" -מוצר בפיקוח",מאפיית שלמה א. אנג'ל,IL,לחם אחיד פרוס מאפיית,גרמים,900.00,100 גרם,false,,8.53,0.0095,true,1,464654
7290018500385,true,חלה רגילה אנגל 650 ג,,,חלה רגילה אנגל 650 ג,גרמים,650.00,100 גרם,false,,6.50,0.0100,true,1,488697
7290018540329,false,שקית פיתה פיתה בלדי 800 ג' אנג'ל,מאפיית שלמה א. אנג'ל,IL,פיתה פיתה אנגל 880 ג,יח',10.00,יח',false,,13.90,1.3900,true,1,287405
7290018540817,false,לחם מחמצת כוסמין ארטיזנל 500 גרם,מאפיית אורנים,IL,לחם ארטיזנל כוסמין א,גרמים,500.00,100 גרם,false,,19.90,0.0398,true,1,426511
7290018540824,false,לחם מחמצת כפרי ארטיזנל 500 גרם,מאפיית אורנים,IL,לחם מחמצת כפרי artis,גרמים,500.00,100 גרם,false,,19.90,0.0398,true,1,426512
7290018540831,false,לחם מחמצת חיטה מלאה וגרעינים 500 ג' ארטיזנל,מאפיית אורנים,IL,לחם מחמצת חיטה מלאה,גרמים,500.00,100 גרם,false,,19.90,0.0398,true,1,426843
7290018564714,false,ממרח לימון כבוש שף ה,,,ממרח לימון כבוש שף ה,גרמים,200.00,100 גרם,false,,13.90,0.0695,true,1,418501
7290018571507,false,"סוכריות ויטמין C ילדים דובונים מיה, 175 גרם",מיה תעשיות מזון בעמ,IL,סוכריות ויטמין C ליל,גרמים,175.00,100 גרם,false,,39.90,0.2280,true,1,500887
7290018571514,false,סוכריות ויטמין די לילדים 175 גרם מיה פלוס,מיה תעשיות מזון בעמ,IL,סוכריות ויטמין D ליל,גרמים,175.00,100 גרם,false,,39.90,0.2280,true,1,500888
7290018571538,false,דובוני ג'לי בטעם פטל לילדים פרופוליס ואכיניציה,מיה תעשיות מזון בעמ,IL,סוכריות חורף פרופולי,גרמים,175.00,100 גרם,false,,39.90,0.2280,true,1,500890
7290018571590,false,שמן שקדים מזוכך 1 ליטר מיה,,,שמן שקדים מזוכך מיה,ליטרים,1.00,100 ליטר,false,,28.90,28.9000,true,1,429511
7290018571668,false,"סוכריות ג'לי עם ויטמינים C, D3 ואבץ לילדים ומבוגרים",מיה תעשיות מזון בעמ,IL,סוכריות C+D + אבץ מש,גרמים,210.00,100 גרם,false,,39.90,0.1900,true,1,500898
7290018571729,false,"אורז ריזוטו עגול 1 ק""ג מיה.",,IL,אורז ריזווטו עגול 1,קילוגרמים,1.00,"ק""ג",false,,9.90,9.9000,true,1,459768
7290018626047,false,אובלים וינטג' 10 יח',,,אובלים וינטג' 10 יח',יחידה,0.00,יחידה,false,,10.90,0.0000,true,1,304320
7290018626306,false,פיצה מרגריטה פיטריות,,,פיצה מרגריטה פיטריות,גרמים,400.00,100 גרם,false,,12.90,0.0323,true,1,340988
7290018626481,false,"כוסות בירה 330 מ""ל",,,"כוסות בירה 330 מ""ל",יחידה,0.00,יחידה,false,,10.90,0.0000,true,1,295937
7290018652053,false,"יסקולידה אקסטרה גלידה בטעמי וניל ושוקולד, 90 גרם",גלידות נסטלה,IL,ביסקולידה אקס בטעם ש,גרמים,90.00,100 גרם,false,,8.90,0.0989,true,1,311661
7290018652671,false,"לה קרמריה שוקולד וניל 1.4 ליטר [תו אי""ל]",גלידות נסטלה,IL,גלידת שוקו וניל מופח,גרמים,0.00,100 גרם,false,,25.90,0.0000,true,1,411335
7290018652770,false,אקסטרים ביגלה מתוק מלוח 115 ג' נסטלה,גלידות נסטלה,IL,אקסטרים בטעם בייגלה,גרמים,115.00,100 גרם,false,,9.90,0.0861,true,1,411366
7290018652909,false,מאגדת מאגנום קפה שוקולד ופקאן 5 *43 ג' נסטלה,גלידות נסטלה,IL,מאגדת שלגונים אספרסו,גרמים,225.00,100 גרם,false,,31.90,0.1418,true,1,446337
7290018835005,false,אקסטרה ציפס אורז חום מלח פלפל ושמן זית,,BG,אקסטרא צ'יפס אורז חו,גרמים,60.00,100 גרם,false,,9.40,0.1567,true,1,449807
7290018860984,false,אטריות ביצים דקות 400 גרם,xiamen zhongshi impo,CN,אטריות ביצים דקות מז,גרמים,400.00,100 גרם,false,,11.90,0.0298,true,1,487675
7290018879856,false,טופי שטוח בטעמי ענבים ופטל 400 גרם כרמית,,,סוכריות טופי שטוח בט,גרמים,400.00,100 גרם,false,,10.90,0.0273,true,1,403405
7290018879979,false,מרשמלו רגיל לבן בטעם וניל 150 גרם ויסטהיים,כרמית,IL,מרשמלו לבן בטעם וניל,גרמים,150.00,100 גרם,false,,6.90,0.0460,true,1,402409
7290018886229,false,מזלגות עבות 50 יח',,,מזלגות עבות 50 יח',יחידה,0.00,יחידה,false,,10.90,0.0000,true,1,336931
7290018886823,false,קערת סלט בועות טורקי,,,קערת סלט בועות טורקי,יחידה,0.00,יחידה,false,,8.90,0.0000,true,1,360379
7290018886977,false,נייר אפיה 50 יחידות,,,נייר אפיה 50 יחידות,יחידה,0.00,יחידה,false,,9.90,0.0000,true,1,361677
7290018893005,false,"חטיפי בייגלה אפוי בטעם חרדל ודבש, 160 גרם",צ'וקטה Chocketa,RO,בייגלה שטוח בתוספת ח,גרמים,200.00,100 גרם,false,,7.90,0.0395,true,1,386390
7290018893135,false,מקלות אפויים בתוספת מלח Salty,צ'וקטה Chocketa,US,צ'וקטה גריסיני מלח 1,גרמים,120.00,100 גרם,false,,10.00,0.0833,true,1,466907
7290018893142,false,צ'וקטה גריסיני בתוספת שמן זית 120 גרם,צ'וקטה Chocketa,US,צ'וקטה גריסיני שמן ז,גרמים,120.00,100 גרם,false,,10.00,0.0833,true,1,466908
7290018893340,false,מקלות אפויים בתוספת שומשום Salty,צ'וקטה Chocketa,US,צ'וקטה גריסיני שומשו,גרמים,120.00,100 גרם,false,,10.00,0.0833,true,1,466909
7290018893906,false,עוגיות סנדוויץ' במילוי קרם בטעם וניל,צ'וקטה Chocketa,ES,צ'וקטה עוגיות סנדביץ,גרמים,250.00,100 גרם,false,,8.90,0.0356,true,1,441032
7290018921654,false,"ד""ר פישר - אפקטיב קר תחליב רחצה תמצית לוונדר 700 מ""ל","ד""ר פישר Dr fischer",IL,תחליב רחצה לגוף מועש,מיליליטרים,700.00,"100 מ""ל",false,,17.90,0.0256,true,1,387107
7290018921852,false,"תחליב רחצה מועשר בשמן ארגן 700 מ""ל אפקטיב קר","ד""ר פישר Dr fischer",IL,תחליב רחצה מועשר בשמ,מיליליטרים,700.00,"100 מ""ל",false,,17.90,0.0256,true,1,386795
7290018925065,false,מיץ פרימור תפוזים סחוט 2 ליטר-,"גניר (1992) בע""מ",IL,פרימור מיץ תפוזים סח,ליטרים,2.00,ליטר,false,,28.90,14.4500,true,1,380390
7290018925409,false,"מיץ לימון ואננס 400 מ""ל פרימור",קריות זול,IL,משקה קל לימון אננס פ,מיליליטרים,400.00,"100 מ""ל",false,,8.50,0.0213,true,1,478682
7290019031000,false,WIZ מארז חמישיית ניי,,,WIZ מארז חמישיית ניי,יחידה,0.00,יחידה,false,,11.90,0.0000,true,1,391995
7290019031062,false,תבנית R-2 מלבנית 7 י,,,תבנית R-2 מלבנית 7 י,יחידה,0.00,יחידה,false,,9.90,0.0000,true,1,418171
7290019031079,false,תבנית R-29 מרובעת קט,,,תבנית R-29 מרובעת קט,יחידה,0.00,יחידה,false,,9.90,0.0000,true,1,418172
7290019031086,false,תבנית R-31 גדולה 7 י,,,תבנית R-31 גדולה 7 י,יחידה,0.00,יחידה,false,,9.90,0.0000,true,1,418173
7290019031109,false,תבנית R-88 אינגליש 1,,,תבנית R-88 אינגליש 1,יחידה,0.00,יחידה,false,,9.90,0.0000,true,1,418175
7290019031116,false,תבנית R-99 ענקית 3 י,,,תבנית R-99 ענקית 3 י,יחידה,0.00,יחידה,false,,9.90,0.0000,true,1,418176
7290019031123,false,WIZ תבניות אלומיניום עגול 5 יח חזקות,,,תבנית אלומינים A-14,יחידה,0.00,יחידה,false,,9.90,0.0000,true,1,418177
7290019031307,false,לפתניות לבנות 25 יח',,,לפתניות לבנות 25 יח',יחידה,0.00,יחידה,false,,6.90,0.0000,true,1,412377
7290019031321,false,"מרקיות 7"" לבנות 25 י",,,"מרקיות 7"" לבנות 25 י",יחידה,0.00,יחידה,false,,10.90,0.0000,true,1,412379
7290019031338,false,"צלחות קטנות 7"" לבנות",,,"צלחות קטנות 7"" לבנות",יחידה,0.00,יחידה,false,,9.90,0.0000,true,1,412380
7290019031369,false,"צלחות גדולות 9"" קרם",,,"צלחות גדולות 9"" קרם",יחידה,0.00,יחידה,false,,15.90,0.0000,true,1,412396
7290019031390,false,סבון ידיים אביבי 1 ל,,,סבון ידיים אביבי 1 ל,ליטרים,1.00,100 ליטר,false,,10.90,10.9000,true,1,412333
7290019031420,false,אל סבון נוזלי שלישיי,,,אל סבון נוזלי שלישיי,מיליליטרים,500.00,"100 מ""ל",false,,12.90,0.0258,true,1,424876
7290019031437,false,אשפתון 65X75 XL חזק,,,אשפתון 65X75 XL חזק,יחידה,0.00,יחידה,false,,20.90,0.0000,true,1,438928
7290019031444,false,אשפתון 65X54 XL חזקו,,,אשפתון 65X54 XL חזקו,יחידה,0.00,יחידה,false,,19.90,0.0000,true,1,438912
7290019031543,false,שמן זית כתית מעולה א,,,שמן זית כתית מעולה א,מיליליטרים,750.00,"100 מ""ל",false,,33.90,0.0452,true,1,424833
7290019031581,false,מארז 10 גביעיים + מכ,,,מארז 10 גביעיים + מכ,ליטרים,500.00,ליטר,false,,10.90,0.0218,true,1,418950
7290019031598,false,מארז 5 מכלים + מכסים,,,מארז 5 מכלים + מכסים,ליטרים,0.50,ליטר,false,,10.90,21.8000,true,1,418965
7290019056034,false,שוופס מוגז פירות אננס ללא סוכר 1.5 ליטר פיקדון,"יפאורה תבורי בע""מ",IL,שוופס מוגז פירות אננ,ליטרים,1.50,ליטר,false,,8.90,5.9333,true,1,372263
7290019056041,false,שוופס מוגז פירות לימונייד ללא סוכר 1.5 ליטר פיקדון,"יפאורה תבורי בע""מ",IL,שוופס מוגז פירות ללא,ליטרים,1.50,ליטר,false,,8.90,5.9333,true,1,372278
7290019056065,false,שוופס מוגז עדין פירות יער 1.5 ליטר פיקדון,"יפאורה תבורי בע""מ",IL,שוופס מוגז עדין פירו,ליטרים,1.50,ליטר,false,,8.90,5.9333,true,1,371929
7290019056096,false,שוופס מוגז עדין אפרסק 1.5 ליטר פיקדון,"יפאורה תבורי בע""מ",IL,שוופס מוגז עדין אפרס,ליטרים,1.50,ליטר,false,,8.90,5.9333,true,1,371963
7290019056164,false,שוופס סודה 1.5 ליטר רביעייה פיקדון,"יפאורה תבורי בע""מ",IL,שוופס סודה 4*1.5ליטר,ליטרים,6.00,ליטר,false,,13.10,2.1833,true,1,371814
7290019056256,false,שוופס מים בטעמים תפוחים 1.5 ליטר פיקדון,מיוצר עי קונדיטוריית,IL,שוופס וואטר בטעם תפו,ליטרים,1.50,ליטר,false,,9.50,6.3333,true,1,371738
7290019056270,false,שוופס מים בטעמים פירות יער 1.5 ליטר פיקדון,"יפאורה תבורי בע""מ",IL,שוופס וואטר פירות יע,ליטרים,1.50,ליטר,false,,9.50,6.3333,true,1,374116
7290019056300,false,משקה בטעם ביטר לימון 1.5 ל' שוויפס,"יפאורה תבורי בע""מ",IL,שוופס ביטר לימון 1.5,ליטרים,1.50,ליטר,false,,12.90,8.6000,true,1,372325
7290019056317,false,שוופס ראשן 1.5 ליטר פיקדון,"יפאורה תבורי בע""מ",IL,שוופס ראשן 1.5 ליטר,ליטרים,1.50,ליטר,false,,12.90,8.6000,true,1,372326
7290019056324,false,שוופס טוניק 1.5 ליטר פיקדון,"יפאורה תבורי בע""מ",IL,שוופס מי טוניק 1.5 ל,ליטרים,1.50,ליטר,false,,12.90,8.6000,true,1,372327
7290019056331,false,שוופס טוניק ללא סוכר 1.5 ליטר פיקדון,מיוצר עי קונדיטוריית,IL,שוופס טוניק ללא סוכר,ליטרים,1.50,ליטר,false,,11.90,7.9333,true,1,372342
7290019056379,false,תפוזינה תפוזים 1.5 ליטר פיקדון,"יפאורה תבורי בע""מ",IL,תפוזינה תפוזים 1.5 ל,ליטרים,1.50,ליטר,false,,9.50,6.3333,true,1,371402
7290019056430,false,תפוזינה תפוזים לייט 1.5 ליטר פיקדון,"יפאורה תבורי בע""מ",IL,תפוזינה תפוז 1.5 ליט,ליטרים,1.50,ליטר,false,,8.90,5.9333,true,1,371513
7290019056447,false,תפוזינה אשכוליות לייט 1.5 ליטר פיקדון,"יפאורה תבורי בע""מ",IL,תפוזינה אשכוליות 1.5,ליטרים,1.50,ליטר,false,,8.90,5.9333,true,1,371542
7290019056553,false,עין גדי מים מינרלים 2 ליטר*6 יח',עין גדי מים מינרליים,IL,עין גדי מים מינרלים,ליטרים,12.00,ליטר,false,,13.80,1.1500,true,1,372544
7290019056560,false,עין גדי 2 ליטר בק' בודד פיקדון,יפאורה תבורי,IL,עין גדי מים מינרלים,ליטרים,2.00,ליטר,false,,4.50,2.2500,true,1,372545
7290019056584,false,משקה קל תפוזים ספרינג 1.5 ליטר,"יפאורה תבורי בע""מ",IL,ספרינג תפוזים 1.5 לי,ליטרים,1.50,ליטר,false,,9.50,6.3333,true,1,371100
7290019056591,false,משקה קל ענבים ספרינג 1.5 ליטר,"יפאורה תבורי בע""מ",IL,ספרינג ענבים 1.5 ליט,ליטרים,1.50,ליטר,false,,9.50,6.3333,true,1,371115
7290019056621,false,משקה קל פירות טרופיים ספרינג 1.5 ליטר,"יפאורה תבורי בע""מ",IL,ספרינג פירות טרופיים,ליטרים,1.50,ליטר,false,,9.50,6.3333,true,1,371146
7290019056638,false,משקה קל תות בננה ספרינג 1.5 ליטר,"יפאורה תבורי בע""מ",IL,ספרינג תות בננה 1.5,ליטרים,1.50,ליטר,false,,9.50,6.3333,true,1,371147
7290019056669,false,משקה קל תפוחים דיאט ספרינג 1.5 ליטר,"יפאורה תבורי בע""מ",IL,ספרינג תפוחים דיאט 1,ליטרים,1.50,ליטר,false,,8.90,5.9333,true,1,371225
7290019056973,false,שישיית מי עדן 1.5 ליטר משפחתי,מופק ממקור בזלתי עדן,IL,מי עדן 6*1.5 ליטר,ליטרים,9.00,ליטר,false,,14.90,1.6556,true,1,372470
7290019153269,false,שוופס סודה אננס 1.5 ליטר רביעייה פיקדון,"יפאורה תבורי בע""מ",IL,שוופס סודה אננס 4*1.,ליטרים,6.00,ליטר,false,,13.10,2.1833,true,1,442971
7290019153375,false,מיץ בטעם מוחיטו 1.5 ל' תפוזינה,"יפאורה תבורי בע""מ",IL,תפוזינה מוחיטו 1.5 ל,ליטרים,1.50,ליטר,false,,9.50,6.3333,true,1,452158
7290019204008,false,עוף טוב פסטרמה ארבעה פלפלים 350גרם,עיצובים 2020 (4.9),IL,פסטרמה ארבעה פלפלים,גרמים,350.00,100 גרם,false,,27.90,0.0797,true,1,485836
7290019204305,false,חזה הודו פסטרמה ברביקיו 350 גר',עיצובים 2020 (4.9),IL,פסטרמה ברביקיו עוף ט,גרמים,350.00,100 גרם,false,,27.90,0.0797,true,1,485818
7290019233039,false,שקשוקה קלאסית- רוטב עגבניות עם קוביות פלפלים צלויים,דליציה דורה אס.אר.אל,IT,רוטב עגבניות לשקשוקה,גרמים,420.00,100 גרם,false,,15.90,0.0379,true,1,457400
7290019233046,false,זית קלמטה בלונד עם שמן זית כתית מעולה,זיתא - י.ט.ב תעשיות,IL,זית קלמטה בלונד עם ש,גרמים,215.00,100 גרם,false,,15.90,0.0740,true,1,407687
7290019245001,false,שמן קנולה אלומות 1 ל,סקנולה,EE,שמן קנולה אלומות 1 ל,ליטרים,1.00,ליטר,false,,12.90,12.9000,true,1,437365
7290019297239,false,צימוק חום 250 גרם ששון הקולה,"דין שיווק וקלייה בע""",,צימוק כהה 330 גרם,גרמים,330.00,100 גרם,false,,13.90,0.0421,true,1,6813
7290019297628,false,שקד טבעי 150 גרם ששון הקולה שקית,"דין שיווק וקלייה בע""",IL,שקד טבעי 150 גרם ששו,גרמים,150.00,100 גרם,false,,15.90,0.1060,true,1,6834
7290019303657,false,טבע ירוק פינוקית שומשום מיקס בריאות 250ג,טבע ירוק,IL,פינוקיות שומשום מיקס,גרמים,220.00,100 גרם,false,,19.90,0.0905,true,1,497766
7290019303701,false,טבע ירוק פינוקית שומשום מיקס ישראלי 250ג,טבע ירוק,IL,פינוקיות שומשום מיקס,גרמים,220.00,100 גרם,false,,19.90,0.0905,true,1,497782
7290019308058,false,שעועית ירוקה חתוכה 800 גרם,,,שעועית ירוקה חתוכה 8,גרמים,800.00,100 גרם,false,,7.20,0.0090,true,1,472097
7290019319382,false,פירות קפואים 400 גרם,,,פירות קפואים 400 גרם,גרמים,400.00,100 גרם,false,,16.90,0.0422,true,1,441414
7290022005562,false,קריספ פירורי לחם עם שום 300גר,א.ל ייצור ושיווק תבל,IL,פירורי לחם עם שום קר,גרמים,300.00,100 גרם,false,,9.90,0.0330,true,1,449747
7290032147230,false,סיצילה מיץ לימון משומר 200 מל,סידג,CH,מיץ לימון סיצילייה 2,מיליליטרים,200.00,"100 מ""ל",false,,7.90,0.0395,true,1,530808
7290100235478,false,בונז'ור לחם דגנים 520ג',בונז'ור,,בונז'ור לחם דגנים אפ,גרמים,520.00,100 גרם,false,,16.90,0.0325,true,1,38670
7290100240632,false,קרקר פתית 200-300ג' 6 דגנים 250 גרם,יוניליוור ישראל מזון,IL,פתית 6 דגנים תלמה 25,גרמים,250.00,100 גרם,false,,18.90,0.0756,true,1,67312
7290100245231,false,נמס בכוס מרק בטעם עוף עם אטריות ושקדי מרק-2 שקיות,יוניליוור ישראל מזון,IL,נמס בכוס ועוד טעם עו,גרמים,50.00,100 גרם,false,,7.90,0.1580,true,1,12860
7290100412343,false,קוויק מגבונים לניקוי כללי בניחוח לימון 50 יח',די.פי.אל,IL,מגבונים לניקוי וחיטו,יחידה,0.00,יחידה,false,,8.90,0.0000,true,1,32987
7290100412442,false,קוויק מגבונים לניקוי שירותים ואמבטיה מנטה 50יח',די.פי.אל,IL,קוויק מגבונים לניקוי,יחידה,0.00,יחידה,false,,8.90,0.0000,true,1,32990
7290100572702,false,אביזרי מטבח ב-11.00,,,אביזרי מטבח ב-11.00,יחידה,0.00,יחידה,false,,10.90,0.0000,true,1,39078
7290100573402,false,אביזרי מטבח,,,אביזרי מטבח,יחידה,0.00,יחידה,false,,14.90,0.0000,true,1,39081
7290100658338,false,"נוזל לניקוי כלים אוקסי פלוס פלמוליב 750 מ""ל",הנסיך- מפעל לייצור ט,GR,פלמוליב לכלים אוקסי-,מיליליטרים,750.00,"100 מ""ל",false,,12.90,0.0172,true,1,24879
7290100680711,false,פירורית זהב אסם זהב 350ג',עינת תעשיות מזון אגו,IL,אסם פירורית זהב 350,גרמים,350.00,100 גרם,false,,9.90,0.0283,true,1,22714
7290100680728,false,פירורית רגילה שקית 350 גרם,מיוצר עי קונדיטוריית,IL,פירורית רגילה שקית 3,גרמים,350.00,100 גרם,false,,8.90,0.0254,true,1,22715
7290100681138,false,מארז אפרופו חטיף תירס 3 יחידות,"אסם תעשיות בע""מ",IL,אפרופו מאח 3*50 גר',גרמים,150.00,100 גרם,false,,13.90,0.0927,true,1,22719
7290100684139,false,פסטה מיני מקרוני אסם 500 גרם,פסטה זארה,IT,מיני מקרוני אסם 500,גרמים,500.00,100 גרם,false,,6.90,0.0138,true,1,22733
7290100685334,false,אבקת מרק עוף אמיתי בשרי רכיבים טבעיים אסם 400 גרם,"אסם תעשיות בע""מ",IL,מרק עוף מרכיבים טבעי,גרמים,400.00,100 גרם,false,,27.90,0.0697,true,1,22743
7290100685341,false,אבקת מרק טעם עוף זך רכיבים טבעיים אסם 400 גרם,"אסם תעשיות בע""מ",IL,מרק זך טעם עוף רכיבי,גרמים,400.00,100 גרם,false,,19.90,0.0497,true,1,22744
7290100685600,false,פירורית זהב אסם זהב חיטה מלאה 200ג',עינת תעשיות מזון אגו,IL,פירורית זהב חיטה מלא,גרמים,200.00,100 גרם,false,,8.50,0.0425,true,1,68174
7290100685938,false,עוגת הבית דבש ותפוח עץ עם פירורים 400 גר,"אסם תעשיות בע""מ",IL,עוגת דבש ת.עץ פירורי,גרמים,400.00,100 גרם,false,,18.90,0.0472,true,1,68176
7290100689301,false,אבקת מרק בטעם עוף זך עדיף אסם 400 גרם,"אסם השקעות בע""מ",IL,מרק בטעם עוף זך אסם,גרמים,400.00,100 גרם,false,,16.90,0.0422,true,1,22763
7290100700020,false,סוגת גריסי פנינה 500 גרם,האי נאם סי או אל.טי.,IL,סוגת גריסי פנינה 500,גרמים,500.00,100 גרם,false,,6.90,0.0138,true,1,20717
7290100700266,false,פירורי לחם לבנים 200 ג' סוגת,"סוגת תעשיות בע""מ",IL,סוגת פרורי לחם לבן 2,גרמים,200.00,100 גרם,false,,4.90,0.0245,true,1,118252
7290100700334,false,קינואה לבנה 1 קג סוג,"סוגת תעשיות בע""מ",IL,סוגת קינואה 1קג,קילוגרמים,1.00,"ק""ג",false,,29.90,29.9000,true,1,20725
7290100700396,false,"סוגת אורז יסמין קלאסי 1 ק""ג",האי נאם סי או אל.טי.,IL,סוגת אורז יסמין קלאס,קילוגרמים,1.00,"ק""ג",false,,14.50,14.5000,true,1,20729
7290100700402,false,"סוגת חומוס ענק 1 ק""ג",סוגת תעשיות בעמ,IL,חומוס ענק 1 ק'ג,קילוגרמים,1.00,"ק""ג",false,,21.90,21.9000,true,1,77680
7290100700587,false,"בורגול ""סוגת"" 500 גרם",האי נאם סי או אל.טי.,IL,סוגת בורגול 500 גר,גרמים,500.00,100 גרם,false,,6.90,0.0138,true,1,20734
7290100701157,false,אורז להכנת סושי סוגת,סוגת תעשיות בעמ,IL,אורז סושי 1 קג,קילוגרמים,1.00,"ק""ג",false,,15.90,15.9000,true,1,20737
7290100701409,false,קמח תירס סוגת 500 גר,מולינו פילה ספא,IL,קמח תירס סוגת 500 גר,גרמים,500.00,100 גרם,false,,7.90,0.0158,true,1,20744
7290100701577,false,קמח לחם קמח חיטה לבן שטיבל,שטיבל טחנות קמח,IL,קמח לחם מועשר בויטמי,קילוגרמים,1.00,"ק""ג",false,,8.90,8.9000,true,1,20747
7290100702260,false,סוגת קוסקוס דק 350 גרם,"אסיף תעשיות מזון בע""",IL,קוסקוס דק סוגת 350 ג,גרמים,350.00,100 גרם,false,,5.90,0.0169,true,1,20756
7290100702277,false,סוגת קוסקוס עבה 350 גרם,"אסיף תעשיות מזון בע""",IL,קוסקוס עבה סוגת 350,גרמים,350.00,100 גרם,false,,5.90,0.0169,true,1,20757
7290100702383,false,קמח תופח מס' 13 סוגת,שטיבל טחנות קמח,IL,"קמח תופח סוגת 1 ק""ג",קילוגרמים,1.00,"ק""ג",false,,8.90,8.9000,true,1,118256
7290100702611,false,פתיתים אפויים אורז סוגת 500 גרם,"אסיף תעשיות מזון בע""",IL,פתיתים אפויים אורז ס,גרמים,500.00,100 גרם,false,,5.20,0.0104,true,1,20769
7290100702635,false,פתיתים אפויים כוכבים סוגת 500 ג',"אסיף תעשיות מזון בע""",IL,פתיתים אפויים כוכבים,גרמים,500.00,100 גרם,false,,5.20,0.0104,true,1,20771
7290100702741,false,"סוכר חום בהיר בצנצנת 1 ק""ג סוגת",סוגת תעשיות בעמ,IL,סוכר חום בהיר בצנצנת,קילוגרמים,1.00,"ק""ג",false,,14.50,14.5000,true,1,20780
7290100703007,false,"עדשים שחורות בלוגה 500 גרם ""סוגת""",האי נאם סי או אל.טי.,IL,סוגת עדשים שחורות בל,גרמים,500.00,100 גרם,false,,9.90,0.0198,true,1,20799
7290100703564,false,"פתיתי שיבולת שועל עבה 500 גרם ""סוגת""",,,שיבולת שועל עבה סוגת,גרמים,500.00,100 גרם,false,,7.90,0.0158,true,1,118283
7290100703649,false,"קמח מלא 80% חיטה ללא ניפוי סוגת 1ק""ג","שטיבל בע""מ",IL,קמח מלא חיטה 80% ללא,קילוגרמים,1.00,"ק""ג",false,,8.90,8.9000,true,1,118288
7290100703663,false,"קמח תופח ללא ניפוי סוגת 1 ק""ג","שטיבל בע""מ",IL,קמח תופח ללא ניפוי ס,קילוגרמים,1.00,"ק""ג",false,,8.90,8.9000,true,1,118289
7290100703687,false,"קמח חלה ללא ניפוי 1 ק""ג סוגת","שטיבל בע""מ",IL,קמח חלה ללא ניפוי סו,קילוגרמים,1.00,"ק""ג",false,,8.90,8.9000,true,1,118290
7290100703915,false,פופקורן להכנה במיקרוגל בטעם חמאה - מארז 6 שקיות,סוגת,IL,מארז פופקורן למיקרוג,גרמים,540.00,100 גרם,false,,15.90,0.0294,true,1,116466
7290100704615,false,סוגת סוכר לבן דק דק צנצנת 500 גר,סוגת תעשיות בעמ,IL,סוכר לבן דק דק בצנצנ,גרמים,500.00,100 גרם,false,,9.90,0.0198,true,1,368543
7290100704622,false,סוגת סוכר דמררה דק דק צנצנת 500 גר,סוגת תעשיות בעמ,IL,סוכר דמררה דק דק בצנ,גרמים,500.00,100 גרם,false,,9.90,0.0198,true,1,368544
7290100850909,false,דוריטוס נאצ'ו מקסיקני 70 גרם,שטראוס פריטו ליי (מל,IL,דוריטוס נאצו מקסיקני,גרמים,70.00,100 גרם,false,,4.30,0.0614,true,1,26659
7290100850923,false,דוריטוס בטעם גריל 70 גרם,שטראוס פריטו ליי (מל,IL,דוריטוס גריל 70 גרם,גרמים,70.00,100 גרם,false,,4.30,0.0614,true,1,26661
7290100850930,false,דוריטוס בטעם טבעי 70 גרם,שטראוס פריטו ליי (מל,IL,דוריטוס טבעי 70 גרם,גרמים,70.00,100 גרם,false,,4.30,0.0614,true,1,26662
7290100921609,false,סוד סבון לאסלה 4 כדוריות בניחוח אוקיינוס 50 ג',הנקל סוד,HU,סוד סבון 4 כדוריות ל,גרמים,50.00,100 גרם,false,,10.90,0.2180,true,1,39531
7290100925676,false,קולור קאצר 20 דפים לוכדי צבע למכונת כביס,הנקל סוד,IE,קולור קאצ'ר 20 דפים,יחידה,0.00,יחידה,false,,25.90,0.0000,true,1,39604
7290101111764,false,חטיף קראש בוטנים וקרמל,,,חטיף קראש בוטנים וקר,גרמים,80.00,100 גרם,false,,9.50,0.1188,true,1,369623
7290101112228,false,"שמיניית גלידל פרי אננס ""פלדמן""",הגלידות של פלדמן,IL,פופסיקל בטעם אננס 8,גרמים,640.00,100 גרם,false,,29.90,0.0467,true,1,40948
7290101112440,false,שלגון אייס קפוצ'ינו - חלבי פלדמן,,,גרניטה חלבי אייס קפו,גרמים,80.00,100 גרם,false,,4.50,0.0563,true,1,369641
7290101112464,false,שלגון אייס ונילה - חלבי פלדמן,,,גרניטה חלבי אייס וני,גרמים,80.00,100 גרם,false,,4.50,0.0563,true,1,369656
7290101112921,false,"גלידל פרי פירות טרופים לל""ס 8 יחידות",הגלידות של פלדמן,IL,פופסיקל בטעם פירות ט,גרמים,640.00,100 גרם,false,,29.90,0.0467,true,1,137038
7290101113157,false,מאגדת גלידל חלבי וניל עוגיות 6 יח 312 גר,הגלידות של פלדמן,IL,גלידל חלבי וניל עוגי,גרמים,672.00,100 גרם,false,,27.90,0.0415,true,1,143763
7290101113409,false,גלידה יופלה פריזי יוגורט תות מאגדת 400 ג',הגלידות של פלדמן,IL,מאגדת יופלה יוגורט ת,גרמים,257.00,100 גרם,false,,26.90,0.1047,true,1,229457
7290101113454,false,מאגדת גלידל יוגורט אפרסק 8 יח 480 גרם,הגלידות של פלדמן,IL,גלידל יוגורט בטעם א,גרמים,480.00,100 גרם,false,,34.90,0.0727,true,1,302071
7290101113751,false,מאגדת שלגון קרמל ושוקולד בלונדי רביעיה * 50 ג' יולו,הגלידות של פלדמן,IL,מאגדת רביעייה שלגון,גרמים,200.00,100 גרם,false,,22.90,0.1145,true,1,416032
7290101113768,false,מאגדת שלגון עוגיות ושוקולד חלב רביעיה * 50 ג' יולו,הגלידות של פלדמן,IL,מאגדת רביעייה שלגון,גרמים,200.00,100 גרם,false,,22.90,0.1145,true,1,416033
7290101459880,false,נרות אותיות- יום הול,,,נרות אותיות- יום הול,יחידה,0.00,יחידה,false,,9.90,0.0000,true,1,36699
7290101486688,false,חטיף דגנים עם שוקולד ללא גלוטן וסוכר פרי 5*20 גרם,טבעית מוצרים מן הטבע,IL,פרי חטיפי בריאות מאר,גרמים,100.00,100 גרם,false,,20.90,0.2090,true,1,24883
7290101551027,false,קפסולות קפה אספרסו חזק במיוחד 14 עלית 10 יח',הנסיך- מפעל לייצור ט,IL,קפסולות אספרסו 14 למ,גרמים,50.00,100 גרם,false,,19.90,0.3980,true,1,136928
7290101551263,false,סילאן טבעי ללא תוספת סוכר,מכוורת יד מרדכי,IL,סילאן טבעי יד מרדכי,גרמים,700.00,100 גרם,false,,23.90,0.0341,true,1,129983
7290101551539,false,יוגורט PRO בטעם אפרסק 0% 20 גרם חלבון בגביע,דנונה - שטראוס,IL,דנונה פרו 20 אפרסק 2,גרמים,200.00,100 גרם,false,,6.90,0.0345,true,1,133297
7290101864127,false,"ספריי להסרת כתמים 750 מ""ל וניש קליה",קליה וניש Kalia Vanish,IL,קליה אוקסי ספריי 750,מיליליטרים,750.00,"100 מ""ל",false,,19.90,0.0265,true,1,24205
7290101865261,false,"פיניש נוזל הברקה למדיח 800 מ""ל",רקיט בנקיזר,PL,פיניש הברקה 800 מל,מיליליטרים,800.00,"100 מ""ל",false,,21.90,0.0274,true,1,24216
7290101866787,false,וניש קליה נוזל מסיר כתמים לכביסה לבנה 3 ליטר,קליה וניש Kalia Vanish,IL,וניש נוזל מסיר כתמים,ליטרים,3.00,ליטר,false,,31.90,10.6333,true,1,24235
7290101868958,false,פיניש נוזל הברקה למדיח בניחוח לימון,רקיט בנקיזר,PL,פיניש נוזל הברקה לימ,מיליליטרים,800.00,"100 מ""ל",false,,21.90,0.0274,true,1,24269
7290101869795,false,"מטהר אוויר אירוויק ספריי מילוי חלום ליל קיץ 250 מ""ל",איירוויק Air Wick,HU,איירוויק מילוי מבשם,מיליליטרים,250.00,"100 מ""ל",false,,15.90,0.0636,true,1,24290
7290101999720,false,נרות מטה לבבות פו,,,נרות מטה לבבות פו,יחידה,0.00,יחידה,false,,7.50,0.0000,true,1,37175
7290102030330,false,תפוצ'יפס קראנצ' בטעם מקסיקני 200 גרם,"שטראוס פריטו ליי בע""",IL,תפוצ'יפס קראנץ מקסיק,גרמים,200.00,100 גרם,false,,10.90,0.0545,true,1,26670
7290102031276,false,מארז 8 יחידות אקטימל משקה יוגורט בטעם תות בננה,מיוצר עי קונדיטוריית,IL,אקטימל תות בננה 8*10,מיליליטרים,800.00,"100 מ""ל",false,,23.90,0.0299,true,1,26179
7290102303878,false,אלוויר חמאת נורמנדי 200 גרם,אלוויר,FR,חמאת נורמנדי 200 גרם,גרמים,200.00,100 גרם,false,,23.90,0.1195,true,1,438415
7290102303984,false,גוש טונה במים רוברט 140 גרם,רמירז אנד קה פילהאוס,PT,טונה במי מלח רוברט 1,גרמים,120.00,100 גרם,false,,12.90,0.1075,true,1,474986
7290102390427,false,יוגורט ביו עם קציפת תות 3% שומן 150 ג' מולר,מולר Muller,IL,מולר פרופ תות 3% 150,גרמים,150.00,100 גרם,false,,5.50,0.0367,true,1,8560
7290102390465,false,יוגורט ביו עם קציפת אפרסק ופסיפלורה 3% שומן 150 ג' מולר,מולר Muller,IL,מולר פרופ אפרסק פסיפ,גרמים,150.00,100 גרם,false,,5.50,0.0367,true,1,8561
7290102390489,false,יוגורט ביו עם קציפת לימון 3% שומן 150 ג' מולר,מולר Muller,IL,מולר פרופ לימון 3% 1,גרמים,150.00,100 גרם,false,,5.50,0.0367,true,1,8563
7290102392049,false,גבינה לאפיה תבור ללא תוספת מלח 5% משק צוריאל 500 גרם,מחלבת משק צוריאל,IL,צוריאל תבור 5% 500ג,גרמים,500.00,100 גרם,false,,28.90,0.0578,true,1,8585
7290102392254,false,"חלב בקרטון 1% 2 ליטר בד""צ - מוצר בפיקוח",מילקו תעשיות בעמ,IL,טרה חלב 1% 2ל,ליטרים,2.00,ליטר,false,,11.72,5.8600,true,1,8594
7290102393039,false,"יוגורט ביו קרמי מיקס פצפוצי שוקולד 7.6% מולר 170 מ""ל",קריות זול,IL,מולר מיקס בתוספת פצפ,מיליליטרים,170.00,"100 מ""ל",false,,5.90,0.0347,true,1,8618
7290102393169,false,"יוגורט סימפלי פרוט בטעם תות 3% מולר 150 מ""ל",מולר Muller,IL,מולר סימפלי פרוט תות,גרמים,150.00,100 גרם,false,,5.50,0.0367,true,1,8626
7290102393176,false,סימפלי פרוט יוגורט אפרסק 3% שומן 150 ג' מולר,מילקו תעשיות בעמ,IL,מולר סימפלי פרוט אפר,גרמים,150.00,100 גרם,false,,5.50,0.0367,true,1,8627
7290102393190,false,"יוגורט סימפלי פרוט בטעם פירות יער 3% מולר 150 מ""ל",מילקו תעשיות בעמ,IL,מולר סימפלי פרוט פיר,גרמים,150.00,100 גרם,false,,5.50,0.0367,true,1,8629
7290102393299,false,יוגורט עיזים לשתייה 3% שומן 500 ג' צוריאל,מיוצר עי קוד יצרן HG,IL,צוריאל יוגורט עיזים,מיליליטרים,500.00,"100 מ""ל",false,,13.90,0.0278,true,1,8631
7290102393848,false,"יוגורט עיזים בטעם תות משק צוריאל 150 מ""ל",מחלבת משק צוריאל,IL,צוריאל יוגורט עיזים,מיליליטרים,150.00,"100 מ""ל",false,,6.70,0.0447,true,1,8643
7290102393855,false,"יוגורט עיזים בטעם אפרסק משק צוריאל 150 מ""ל",מחלבת משק צוריאל,IL,צוריאל יוגורט עיזים,מיליליטרים,150.00,"100 מ""ל",false,,6.70,0.0447,true,1,8644
7290102394463,false,נעם גבינה צהובה פרוסה ואקום 28% טרה 500 גרם,Unknown,IL,נעם גבינה צהובה וואק,גרמים,500.00,100 גרם,false,,28.90,0.0578,true,1,8663
7290102394821,false,נעם גבינה צהובה פרוסה 28% טרה 200 גרם,מילקו תעשיות בעמ,IL,נעם גבינה צהובה דק ד,גרמים,200.00,100 גרם,false,,16.90,0.0845,true,1,8669
7290102394845,false,נעם גבינה צהובה לייט פרוסה דק דק 9% טרה 200 גרם,מילקו תעשיות בעמ,IL,נעם גבינה צהובה דק ד,גרמים,200.00,100 גרם,false,,17.90,0.0895,true,1,8670
7290102395224,false,מארז 8 גביעים יוגורט ביו בטעם טבעי 1.7%,מולר Muller,IL,מולר נטורל 1.7% 8*15,קילוגרמים,1.20,"ק""ג",false,,17.90,14.9167,true,1,8682
7290102395231,false,מולר נטורל 2.8% ביאנקו מאגדת 8 יח' * 150 ג',מולר Muller,IL,מולר נטורל 2.8% 8*15,קילוגרמים,1.20,"ק""ג",false,,17.90,14.9167,true,1,8683
7290102395439,false,מארז 8 גביעים יוגורט בטעם פירות יער וקיווי 3% Simply Fruit,מילקו תעשיות בעמ,IL,מולר סימפלי פירות יע,קילוגרמים,1.20,"ק""ג",false,,33.90,28.2500,true,1,8691
7290102396665,false,נעם גבינה צהובה דק דק 15% טרה 200 גרם,מילקו תעשיות בעמ,IL,גבנ`צ דקדק פתח סגור,גרמים,200.00,100 גרם,false,,16.90,0.0845,true,1,8748
7290102396672,false,נעם גבינה צהובה דק דק 9% טרה 360 גרם,טרה,IL,נעם צהובה דק דק 9% 3,גרמים,360.00,100 גרם,false,,29.90,0.0831,true,1,8749
7290102396719,false,יוגורט ביו עם תות שדה 0% Simply Fruit,מולר Muller,IL,מולר סימפלי פרוט תות,גרמים,170.00,100 גרם,false,,5.50,0.0324,true,1,8752
7290102397464,false,יוגורט ביו בתוספת גרעינים אגוזים וחמוציות 170 ג' מולר,מולר Muller,IL,מולר יוגורט נטורל +,גרמים,150.00,100 גרם,false,,5.90,0.0393,true,1,74131
7290102397600,false,מיקס יוגורט בתוספת שקדים ובוטנים מקורמלים 170 ג' מולר,מילקו תעשייה בעמ,IL,מולר מיקס שקדים ובוט,גרמים,168.00,100 גרם,false,,5.90,0.0351,true,1,8805
7290102397617,false,יוגורט ביו קרמי עם כדורים מצופים שוקולד חום לבן,מולר Muller,IL,מולר מיקס קליק 168 ג,גרמים,168.00,100 גרם,false,,5.90,0.0351,true,1,8806
7290102397730,false,פרוסות גבינה אמנטל חצי קשה 30% שומן 200 ג' נעם,Unknown,IL,גבינת אמנטל נעם פתיח,גרמים,200.00,100 גרם,false,,18.90,0.0945,true,1,81353
7290102397747,false,פרוסות גבינת מוצרלה נעם מחלב בקר 22%,טרה,IL,מוצרלה נעם רכיבים ט,גרמים,200.00,100 גרם,false,,19.90,0.0995,true,1,106720
7290102398331,false,חלב דל לקטוז 2% מועשר בויטמין D,טרה,IL,חלב מועשר 1 ליטר דל,ליטרים,1.00,ליטר,false,,8.50,8.5000,true,1,109712
7290102398577,false,משקה חלב בטעם שוקו 2% בבקבוק אישי,מילקו תעשיות בעמ,IL,שוקו טרה מועשר בבקבו,מיליליטרים,250.00,"100 מ""ל",false,,5.90,0.0236,true,1,133388
7290102398782,false,משקה סויה קלאסי משק צוריאל 1 ליטר,מחלבת משק צוריאל,IT,משקה סויה קלאסי משק,ליטרים,1.00,ליטר,false,,12.90,12.9000,true,1,192843
7290102398805,false,משקה סויה בטעם וניל משק צוריאל 1 ליטר,מחלבת משק צוריאל,IT,משקה סויה בטעם וניל,ליטרים,1.00,ליטר,false,,12.90,12.9000,true,1,192840
7290102398836,false,משקה שקדים קלאסי משק צוריאל 1 ליטר,מחלבת משק צוריאל,IT,משקה שקדים קלאסי משק,ליטרים,1.00,ליטר,false,,13.90,13.9000,true,1,192842
7290102399048,false,פרוסות גבינת קשקבל נעם 200 ג' טרה,מילקו,IL,קשקבל נעם פתיחה חוזר,גרמים,200.00,100 גרם,false,,26.90,0.1345,true,1,141877
7290102399635,false,"מולר פרופ יוגורט ביו עם קציפת קוקוס ואננס 150 מ""ל",מולר Muller,IL,מעדן מולר פרופ קוקוס,גרמים,150.00,100 גרם,false,,5.50,0.0367,true,1,241176
7290102399772,false,ממרח חמאת מולר ושמן לפתית במליחות עדינה,Molkerei Weihensteph,DE,מולר ממרח חמאה במליח,גרמים,250.00,100 גרם,false,,19.90,0.0796,true,1,238362
7290102399857,false,"יוגורט אקטיב עם תות 0% , 20 גרם חלבון בגביע",מולר Muller,IL,יוגורט מולר אקטיב לי,גרמים,150.00,100 גרם,false,,6.90,0.0460,true,1,247541
7290103124601,false,"תחליב רחצה נוזל חלב ודבש משאבה 750מ""ל פלמוליב",הנסיך- מפעל לייצור ט,TR,תחליב רחצה חלב ודבש,מיליליטרים,750.00,"100 מ""ל",false,,21.90,0.0292,true,1,24914
7290103400231,false,"גזר 400 גר בד""צ ירקות שטראוס",תות תעשיות מזון (201,IL,גזר גוליאן בדצ 400גר,גרמים,400.00,100 גרם,false,,11.40,0.0285,true,1,26185
7290103400255,false,"סלט קולסלאו 400 גרם בד""צ ירקות שטראוס","טרופיקל דגיל בע""מ אז",IL,סלט קולסלאו 400 ג בד,גרמים,400.00,100 גרם,false,,11.40,0.0285,true,1,26186
7290103401429,false,קפה קצב ברזילאי אוריגינס 200 גר,הנסיך- מפעל לייצור ט,IL,קפה אוריגינס קצב ברז,גרמים,200.00,100 גרם,false,,30.90,0.1545,true,1,25510
7290103404758,false,סלט כרוב אדום אחלה 120 גרם,מיוצר עי קונדיטוריית,IL,אחלה כרוב אדום 120ג,גרמים,120.00,100 גרם,false,,5.90,0.0492,true,1,26189
7290103408206,false,עלי חסה ערבית שטופים שטראוס 250 גרם,שטראוס בריאות ירקות,IL,עלי חסה ערבית שטופים,גרמים,250.00,100 גרם,false,,11.90,0.0476,true,1,26193
7290103681173,false,"יין תבור הר קברנה סוביניון 750 מ""ל",מיוצר על ידי יקב תבו,IL,הר תבור קברנה סוביני,מיליליטרים,750.00,"100 מ""ל",false,,39.90,0.0532,true,1,139560
7290103700386,false,טאצ כריות יפניות מארז שישיה,"שניב תעשיות נייר בע""",IL,טאצ' כריות יפניות 6י,יחידה,0.00,יחידה,false,,10.90,0.0000,true,1,27033
7290103700997,false,נייר טואלט לובלי 40 גלילים,,IL,לאבלי נייר טואלט 40,מטרים,716.00,מטר,false,,45.90,0.0641,true,1,27038
7290103701017,false,נייר אפיה נשלף טאצ 50 יחידות כשלפ,"שניב תעשיות נייר בע""",IL,טאצ' נייר אפייה נשלף,יחידה,0.00,יחידה,false,,10.90,0.0000,true,1,27039
7290103701093,false,"זוג מטליות מיקרו פייבר לריצפה ""פאצ'""","שניב תעשיות נייר בע""",,טאצ מטליות מקרופייבר,יחידה,0.00,יחידה,false,,15.90,0.0000,true,1,27042
7290103701130,false,"מארז מטליות מייקרופייבר לניקוי כללי ""טאצ'""",,,טאצ מטליות מקרופייבר,יחידה,0.00,יחידה,false,,15.90,0.0000,true,1,27043
7290103702540,false,נייר טואלט מהדרות כדור פורח 30 גלילים טאצ',טאץ' Touch,,נייר טואלט 30 יח' מ,יחידה,0.00,יחידה,false,,24.90,0.0000,true,1,225326
7290103704155,false,נייר מגבת טאצ' 6 גלילים מהדורת 2021,"שניב תעשיות נייר בע""",IL,מגבות נייר 6 גלילים,מטרים,63.00,מטר,false,,10.90,0.1730,true,1,325433
7290103704162,false,נייר טואלט טאצ' 32 גלילים מהדורה 2021,"שניב תעשיות נייר בע""",IL,נייר טואלט טאצ' 32 ג,יח',0.00,יח',false,,32.90,0.0000,true,1,299950
7290103704179,false,מגבת נייר למטבח טאצ' 8 יח',,,מגבות נייר 8 גלילים,מטרים,83.00,מטר,false,,15.90,0.1916,true,1,324801
7290103704186,false,מגבות מטבח כפול טאצ`מהדורת 2021 6 יחידות,,,מגבות טאצ' גליל כפול,יחידה,0.00,יחידה,false,,20.90,0.0000,true,1,394626
7290103704766,false,נייר טואלט 24 גליל כפול מהדורת פרח סגול,,,נייר טואלט 24 גליל,יחידה,0.00,יחידה,false,,43.90,0.0000,true,1,451012
7290103746001,false,ממחטות טאצ' 5*100 צץ רץ (19*195),"שניב תעשיות נייר בע""",IL,ממחטות טאצ' חמישייה,יחידה,0.00,יחידה,false,,13.90,0.0000,true,1,27079
7290104061417,false,סלט חומוס עם טחינה אחלה 400 גרם,"שטראוס גרופ בע""מ",IL,אחלה חומוס טחינה 400,גרמים,400.00,100 גרם,false,,12.90,0.0323,true,1,26196
7290104061431,false,סלט חומוס עם צנובר אחלה 400 גרם,"שטראוס גרופ בע""מ",IL,אחלה חומוס צנובר 400,גרמים,400.00,100 גרם,false,,12.90,0.0323,true,1,26198
7290104061448,false,סלט חומוס עם חריף אחלה 400 גרם,מיוצר עי קונדיטוריית,IL,אחלה חומוס חריף 400ג,גרמים,400.00,100 גרם,false,,12.90,0.0323,true,1,26199
7290104065934,false,עלי רוקט שטראוס 150 גרם,שטראוס בריאות ירקות,IL,שטראוס עלי רוקט 150ג,גרמים,150.00,100 גרם,false,,10.90,0.0727,true,1,26202
7290104067693,false,אחלה חומוס עם חריף 150 גרם,מיוצר עי קונדיטוריית,IL,אחלה חומוס עם חריף 1,גרמים,150.00,100 גרם,false,,5.90,0.0393,true,1,26208
7290104500572,false,אפרופו חטיף תירס איטליאנו אסם 50 גרם,מיוצר עי קונדיטוריית,IL,אפרופו איטלקי 36*50ג,גרמים,50.00,100 גרם,false,,5.90,0.1180,true,1,22768
7290104501661,false,אינסטנט פודינג בטעם וניל צרפתי אסם 80 גרם,מיוצר עי קונדיטוריית,IL,אסם פודינג בטעם וניל,גרמים,80.00,100 גרם,false,,6.50,0.0813,true,1,22769
7290104501784,false,מיני מאפינס שוקו צ'יפס חמישיה,תבואות בר,IL,בונז'ור מיני מאפינס,גרמים,200.00,100 גרם,false,,9.90,0.0495,true,1,38686
7290104501807,false,מיני מאפינס שוקו חמישיה,בונז'ור- תבואות בר,IL,בונז'ור מיני מאפינס,גרמים,200.00,100 גרם,false,,9.90,0.0495,true,1,38687
7290104508943,false,במבה חטיף בוטנים אסם 200 גרם,"אסם תעשיות בע""מ",IL,במבה קלאסי 18*200 גר,גרמים,200.00,100 גרם,false,,9.90,0.0495,true,1,22787
7290104570131,false,תמר מג'הול ששון ושות,,,"תמר מג'הול 1 ק""ג",קילוגרמים,1.00,"ק""ג",false,,18.90,18.9000,true,1,61092
7290104721762,false,מארז קפה טורקי עלית 3*85 גר,שטראוס גרופ,IL,טורקי עלית 3*85 גר'.,גרמים,255.00,100 גרם,false,,20.90,0.0820,true,1,25552
7290104726262,false,מארז 4 יחידות דני לשתייה בטעם שוקולד + קשים,מיוצר עי קונדיטוריית,IL,דני שוקולד לשתייה מא,מיליליטרים,500.00,"100 מ""ל",false,,11.90,0.0238,true,1,26224
7290104726712,false,מארז 8 יחידות מעדן מילקי בטעם שוקולד עם קצפת,"שטראוס גרופ בע""מ",IL,מילקי שמינייה מארז 8,קילוגרמים,1.06,"ק""ג",false,,21.90,20.6604,true,1,26226
7290104728310,false,"שמנת מתוקה עמידה 38% שומן ""יטבתה"" -מוצר בפיקוח",שטראוס גרופ,IL,יטבתה שמנת עמידה לקצ,מיליליטרים,250.00,"100 מ""ל",false,,6.47,0.0259,true,1,26231
7290104960239,false,"תחליב רחצה נקה 7 ארומה לבן 750 מ""ל","אמיליה קוסמטיקס בע""מ",IL,תחליב רחצה קמומיל נק,מיליליטרים,750.00,"100 מ""ל",false,,12.90,0.0172,true,1,34053
7290104960246,false,"נקה 7 - תחליב רחצה ורד ויסמין 750 מ""ל","אמיליה קוסמטיקס בע""מ",IL,תחליב רחצה ורד ויסמי,מיליליטרים,750.00,"100 מ""ל",false,,12.90,0.0172,true,1,34054
7290104961250,false,"נקה 7 תחליב רחצה מגע קטיפה וניל מאסק 750 מ""ל","אמיליה קוסמטיקס בע""מ",IL,תחליב רחצה וניל מאסק,מיליליטרים,750.00,"100 מ""ל",false,,12.90,0.0172,true,1,34070
7290105360250,false,קפסולות 09 עשיר וארומטי למכונת נספרסו עלית 10יח',הנסיך- מפעל לייצור ט,IL,עלית קפסולות מקיאטו,גרמים,50.00,100 גרם,false,,19.90,0.3980,true,1,25573
7290105360328,false,קפסולות אספרסו חזק למכונות נספרסו 10 יח',הנסיך- מפעל לייצור ט,IL,עלית קפסולות אספרסו,גרמים,50.00,100 גרם,false,,19.90,0.3980,true,1,25574
7290105360335,false,קפסולות אספרסו למכונות נספרסו 50 גר,הנסיך- מפעל לייצור ט,IL,עלית קפסולות אספרסו,גרמים,50.00,100 גרם,false,,19.90,0.3980,true,1,25575
7290105360755,false,"שמן זית 3 חזק 750 מ""ל יד מרדכי",מכוורת יד מרדכי שטרא,IL,שמן זית 3 חזק כתית י,מיליליטרים,750.00,"100 מ""ל",false,,39.90,0.0532,true,1,25578
7290105360762,false,"שמן זית 1 עדין 750 מ""ל יד מרדכי",מכוורת יד מרדכי שטרא,IL,שמן זית 1 עדין כתית,מיליליטרים,750.00,"100 מ""ל",false,,39.90,0.0532,true,1,25579
7290105362339,false,"שמנת לבישול 15% 250 מ""ל יטבתה מהדרין",שטראוס גרופ,IL,יטבתה שמנת לבישול 15,מיליליטרים,250.00,"100 מ""ל",false,,8.90,0.0356,true,1,26236
7290105363602,false,מקלות כיף כף קלאסי עלית 40 גרם,"איי, בי, אינבוו",TR,כיף כף מקלות קלאסי 4,גרמים,40.00,100 גרם,false,,5.90,0.1475,true,1,25587
7290105364302,false,"עלית חטיף שוקולד כיף כף מקלות אגוזים, 40 גרם","איי, בי, אינבוו",TR,כיף כף מקלות אגוזים,גרמים,42.00,100 גרם,false,,5.90,0.1405,true,1,25590
7290105366023,false,סלט חצילים בטעם כבד אחלה 400 גרם,מיוצר עי קונדיטוריית,IL,אחלה חציל בטעם כבד 4,גרמים,400.00,100 גרם,false,,17.90,0.0447,true,1,26239
7290105366993,false,סימפוניה גבינת שמנת פלפל שיפקה 5% שטראוס 200 גרם,"שטראוס בריאות בע""מ",IL,סימפוניה פלפל שיפקה,גרמים,200.00,100 גרם,false,,12.90,0.0645,true,1,26247
7290105368331,false,מעדן מילקי בטעם תות עם קצפת,מחלבת אחיהוד,IL,"מילקי תות 170 מ""ל",מיליליטרים,170.00,"100 מ""ל",false,,2.90,0.0171,true,1,26259
7290105368904,false,"שמנת מתוקה להקצפה 32% שומן 250 מ""ל יוטבתה",שטראוס גרופ,IL,יטבתה שמנת עמידה לקצ,מיליליטרים,250.00,"100 מ""ל",false,,7.90,0.0316,true,1,26269
7290105368928,false,"שמנת 9% שומן 200 מ""ל יוטבתה",שטראוס גרופ,IL,יטבתה שמנת 9% 200מל,מיליליטרים,200.00,"100 מ""ל",false,,3.50,0.0175,true,1,26270
7290105369130,false,סימפוניה גבינת שמנת בצל ירוק 5% שטראוס 200 גרם,"שטראוס בריאות בע""מ",IL,סימפוניה שטראוס בצל,גרמים,200.00,100 גרם,false,,12.90,0.0645,true,1,26273
7290105430458,false,"פלמוליב - תחליב רחצה נטורלס שקדים 750 מ""ל",הנסיך- מפעל לייצור ט,TR,תחליב רחצה שקדים משא,מיליליטרים,750.00,"100 מ""ל",false,,21.90,0.0292,true,1,24939
7290105431516,false,מארז חטיף פריי תמרים ובוטנים ללא גלוטן ותוספת סוכר 125 גרם,טבעית מוצרים מן הטבע,IL,פרי חטיפי תמרים ובוט,גרמים,125.00,100 גרם,false,,20.90,0.1672,true,1,24949
7290105431868,false,"פלמוליב ספא קוקוס גרגרים נוזלי 500 מ""ל",הנסיך- מפעל לייצור ט,TR,פלמוליב סבון נוזלי ס,מיליליטרים,500.00,"100 מ""ל",false,,17.90,0.0358,true,1,24952
7290105436382,false,חטיף פרי תמרים קשיו ללא תוספת סוכר וגלוטן 5 יח,טבעית מוצרים מן הטבע,IL,פרי חטיפי בריאות תמר,גרמים,100.00,100 גרם,false,,20.90,0.2090,true,1,64808
7290105439505,false,מאסטר שף קרם בטעם מיונז לייט 479 גר כשלפ,רמיה סי.וי. הולנד,NL,מאסטר שף קרם בטעם מ,גרמים,479.00,100 גרם,false,,13.90,0.0290,true,1,24980
7290105691224,false,אסם חטיפי פריכונים טורטייה שום בצל 60 גרם,"מיוצר ע""י PT, משווק",IL,חטיפי פריכונים טורטי,גרמים,60.00,100 גרם,false,,8.10,0.1350,true,1,22809
7290105691248,false,אסם חטיפי פריכונים טורטייה תירס 60 גרם,"מיוצר ע""י PT, משווק",IL,חטיפי פריכונים טורטי,גרמים,60.00,100 גרם,false,,8.10,0.1350,true,1,22810
7290105693341,false,מארז עשיריית במבה אסם 25*10 גרם,"אסם תעשיות בע""מ",IL,במבה מאח.15 10*25גרם,גרמים,250.00,100 גרם,false,,18.90,0.0756,true,1,22827
7290105693457,false,עוגת הבית דמקה שוקו וניל אסם 320 גרם,מיוצר עי קונדיטוריית,IL,עוגת הבית דמקה שוקו,גרמים,320.00,100 גרם,false,,15.90,0.0497,true,1,118462
7290105693952,false,פירורית זהב אסם זהב שומשום 200 ג',מיוצר עי קונדיטוריית,IL,פירורית זהב שומשום 2,גרמים,200.00,100 גרם,false,,7.90,0.0395,true,1,68209
7290105694904,false,אבקת מרק פטריות רכיבים טבעיים 220 ג' אסם,"אסם תעשיות בע""מ",IL,אבקת מרק פטריות רכיב,גרמים,220.00,100 גרם,false,,20.90,0.0950,true,1,22836
7290105694928,false,אבקת מרק בצל רכיבים טבעיים אסם 220 גרם,"אסם תעשיות בע""מ",IL,אבקת מרק בצל רכיבים,גרמים,220.00,100 גרם,false,,20.90,0.0950,true,1,22837
7290105695024,false,פתיתים אפויים אורז עם אטריות אסם 500 גרם,"אסם תעשיות בע""מ",IL,פתיתים אפויים אורז ע,גרמים,500.00,100 גרם,false,,7.90,0.0158,true,1,22838
7290105695321,false,עוגת הבית בראוניס פאדג' אסם 380 גרם,מיוצר עי קונדיטוריית,IL,הבית עוגות בראוניס פ,גרמים,380.00,100 גרם,false,,19.90,0.0524,true,1,22841
7290105964564,false,סלט חומוס אחלה 400גר,מיוצר עי קונדיטוריית,IL,אחלה חומוס אחלה 400ג,גרמים,400.00,100 גרם,false,,9.90,0.0248,true,1,26280
7290105965738,false,יוגורט לשתיה בטעם תות בננה267 ג' דנונה,מיוצר עי קונדיטוריית,IL,דנונה משקה תות בננה,גרמים,267.00,100 גרם,false,,5.90,0.0221,true,1,26288
7290105966469,false,"חומץ בלסמי יד מרדכי 250 מ""ל",אצטייה ג'וזפה קרמוני,IT,חומץ בלסמי יד מרדכי,גרמים,250.00,100 גרם,false,,17.90,0.0716,true,1,25628
7290105968654,false,רביולי בטטה פרווה פסטה נונה 400 ג',מיוצר עי קונדיטוריית,IL,שטראוס רביולי בטטה 4,גרמים,400.00,100 גרם,false,,22.90,0.0572,true,1,26301
7290105968777,false,פריכיות 5 דגנים עם תחתית שוקולד מריר 70 גרם,"טחנת האבן תעשיות בע""",IL,פריכיות תחתית שוקלד,גרמים,70.00,100 גרם,false,,8.90,0.1271,true,1,25635
7290106520066,false,רבע לשבע במילוי קרם אגוזים ובציפוי שוקולד חלב,הגביע מוצרי וופלים ב,IL,רבע לשבע 160 גרם,גרמים,160.00,100 גרם,false,,13.90,0.0869,true,1,25637
7290106520912,false,"שמנת לבישול 9% 250 מ""ל יטבתה",שטראוס גרופ,IL,יטבתה שמנת לבישול 9%,מיליליטרים,250.00,"100 מ""ל",false,,8.90,0.0356,true,1,26313
7290106521926,false,שקית קפה טורקי 150 ג' עלית,שטראוס גרופ,IL,קפה טורקי עלית 150 ג,גרמים,150.00,100 גרם,false,,15.90,0.1060,true,1,89178
7290106524439,false,"תפוצ'יפס פופס 60 גרם ""עלית""","שטראוס פריטו ליי בע""",IL,תפוציפס פופס 60 גרם,גרמים,60.00,100 גרם,false,,4.90,0.0817,true,1,110035
7290106525368,false,גלילי וופל רבע לשבע אין סייד אוט 125 גר,הגביע מוצרי וופלים ב,IL,רבע לשבע אין סייד או,גרמים,125.00,100 גרם,false,,13.90,0.1112,true,1,99703
7290106525405,false,קפסולות למכונת נספרסו נטול קפאין,שטראוס קפה בי.וי,IL,עלית קפסולות נטול למ,גרמים,50.00,100 גרם,false,,19.90,0.3980,true,1,25660
7290106526822,false,פריכיות אורז חום מלא תחתית שוקולד חלב 80 גרם,"טחנת האבן תעשיות בע""",IL,פריכיות עם תחתית שוק,גרמים,80.00,100 גרם,false,,8.90,0.1113,true,1,25671
7290106528567,false,"דוריטוס גריל 185 גרם ""עלית""",שטראוס פריטו ליי (מל,IL,דוריטוס גריל 185 גר`,גרמים,185.00,100 גרם,false,,8.90,0.0481,true,1,26755
7290106528628,false,"דוריטוס טבעי 185 גרם ""עלית""","שטראוס פריטו ליי בע""",IL,דוריטוס טבעי 185 גר`,גרמים,185.00,100 גרם,false,,8.90,0.0481,true,1,26756
7290106571921,false,עוגיות פיטנס עוגיות חמוציות 180 גר',מיוצר עי קונדיטוריית,IL,פיטנס עוגיות חמוציות,גרמים,180.00,100 גרם,false,,12.90,0.0717,true,1,22856
7290106572065,false,חטיפי פריכונים טורטיה חמוץ מתוק 60 גרם,"מיוצר ע""י PT, משווק",IL,טורטיה בטעם תירס חמו,גרמים,60.00,100 גרם,false,,8.10,0.1350,true,1,118467
7290106574120,false,גומי גם קרחון שרבט עם סוכריות 90 גרם,גלידות נסטלה (נגה גל,IL,גומיגם 90גר.,גרמים,90.00,100 גרם,false,,7.50,0.0833,true,1,18386
7290106574953,false,בייגלה שטוחים כעכים שטוחים עם שומשום,מיוצר עי קונדיטוריית,IL,אסם בייגלה שטוחים שו,גרמים,300.00,100 גרם,false,,12.90,0.0430,true,1,22893
7290106574977,false,בייגלה שטוחים כעכים שטוחים עם מלח,מיוצר עי קונדיטוריית,IL,אסם בייגלה שטוחים עם,גרמים,300.00,100 גרם,false,,12.90,0.0430,true,1,22894
7290106575011,false,פתיתים אפויים קוסקוס מחיטה מלאה אסם 400 גרם,מיוצר עי קונדיטוריית,IL,פתיתים אפויים חיטה מ,גרמים,400.00,100 גרם,false,,7.90,0.0198,true,1,22895
7290106575257,false,עוגת הבית סופלה בטעם שוקולד 340 ג' אסם,מיוצר עי קונדיטוריית,IL,עוגת הבית סופלה בטעם,גרמים,340.00,100 גרם,false,,15.90,0.0468,true,1,118475
7290106576513,false,סלט חומוס צבר 400 גר,סלטי צבר,IL,צבר חומוס 400 גרם,גרמים,400.00,100 גרם,false,,10.90,0.0273,true,1,23532
7290106576537,false,חומוס מסעדות צבר 700 גרם,סלטי צבר,IL,צבר חומוס מסעדה 700,גרמים,700.00,100 גרם,false,,13.90,0.0199,true,1,23533
7290106576834,false,גלידה לה קרמריה פונטש בננה1.4 ל' נסטלה,תות תעשיות מזון (201,IL,גלידה קרמריה פונטש ב,ליטרים,1.40,ליטר,false,,25.90,18.5000,true,1,18399
7290106576858,false,גלידה לה קרמריה תותים בשמנת 1.4 ל' נסטלה,לה קרמריה- נסטלה,IL,גלידה קרמריה תותים ב,ליטרים,1.40,ליטר,false,,25.90,18.5000,true,1,18400
7290106577282,false,טחינה אמיתית מרובע 400 ג' צבר,סלטי צבר,IL,צבר מרובע טחינה 400ג,גרמים,400.00,100 גרם,false,,14.90,0.0373,true,1,23534
7290106577527,false,סלט קולסלאו כרוב לבן וגזר 400 ג' צבר,סלטי צבר,IL,צבר מרובע קולסלו 400,גרמים,400.00,100 גרם,false,,14.90,0.0373,true,1,23539
7290106652996,false,כיף כף מקלות קוקוס חלבי 40 גר',סולן בעבור שטראוס,TR,כיף כף מקלות קוקוס 4,גרמים,40.00,100 גרם,false,,5.90,0.1475,true,1,514223
7290106654099,false,מילקי CAKE עוגות אישיות במילוי קרם חלב,אירו קייקס אס פי איי,IT,עוגות אישיות מילקי ק,גרמים,272.00,100 גרם,false,,21.90,0.0805,true,1,118886
7290106662025,false,תפוציפס טבעי מלח ופלפל 50 גרם,"שטראוס פריטו ליי בע""",IL,תפוציפס טבעי מלח פלפ,גרמים,50.00,100 גרם,false,,4.90,0.0980,true,1,26792
7290106663121,false,"עוגה אישית במילוי קרם חלב ""מילקי קייק"" שטראוס",בובארד איטליה אס.פי.,IT,מילקי קייק עוגה בודד,גרמים,34.00,100 גרם,false,,3.10,0.0912,true,1,26385
7290106663503,false,יד מרדכי קונפיטורת לייט תות 230 גר,אף.סי תבליני בגליל ב,IL,קונפיטורת לייט תות 2,גרמים,230.00,100 גרם,false,,15.90,0.0691,true,1,25759
7290106664067,false,לאבנה עם שמן זית וזעתר 10% שטראוס 400 ג',הדקלאים אגודת שיתופי,IL,שטראוס לאבנה שמן זית,גרמים,400.00,100 גרם,false,,15.90,0.0398,true,1,26392
7290106664555,false,"רוטב שמנת עם עגבניות 9% שומן 250 מ""ל יוטבתה",שטראוס גרופ,IL,יטבתה רוטב שמנת עם ע,מיליליטרים,250.00,"100 מ""ל",false,,11.90,0.0476,true,1,26394
7290106666788,false,עלית - סוכריות נוסטלגיה דבש ממולאות 80 גרם,שטראוס גרופ,PL,סוכריות נוסטלגיה דבש,גרמים,80.00,100 גרם,false,,7.90,0.0988,true,1,25781
7290106668577,false,"מיץ לימון טבעי 250 מ""ל ""יד מרדכי""",האי נאם סי או אל.טי.,IT,מיץ לימון טבעי יד מר,מיליליטרים,250.00,"100 מ""ל",false,,8.90,0.0356,true,1,25791
7290106668713,false,יוגורט עם פירות יער 3% שומן 150 ג' דנונה,מיוצר עי קונדיטוריית,IL,דנונה פירות יער3% 15,מיליליטרים,150.00,"100 מ""ל",false,,3.90,0.0260,true,1,26404
7290106720626,false,צ'יטוס קראנצ' בטעם גבינה - חלבי,"שטראוס פריטו ליי בע""",IL,ציטוס גבינה 80 גרם,גרמים,80.00,100 גרם,false,,5.50,0.0688,true,1,76627
7290106721920,false,צנצנת מסטיק מאסט בטעם ספירמינט עדין 66 ג' עלית,"שטראוס גרופ בע""מ.",IL,מאסט צנצנת ספירמינט,גרמים,66.00,100 גרם,false,,11.90,0.1803,true,1,25827
7290106723689,false,עלי תרד בייבי שטראוס 200 גרם,שטראוס בריאות ירקות,IL,שטראוס תרד בייבי 200,גרמים,200.00,100 גרם,false,,11.90,0.0595,true,1,26415
7290106725867,false,"סירופ מייפל טבעי 189 מ""ל ""יד מרדכי""",קוסלסי פוד,CA,יד מרדכי סירופ מייפל,מיליליטרים,189.00,"100 מ""ל",false,,38.90,0.2058,true,1,25878
7290106727984,false,"כיף כף פצפצים בגביע 135 גרם ""עלית""",שולן צ'יקולטה גידה ס,TR,כיף כף פצפצים 135 גר,גרמים,135.00,100 גרם,false,,12.90,0.0956,true,1,25884
7290106728127,false,יטבתה חלב טבעי בקרטו,מחלבת יטבתה,IL,יטבתה חלב טבעי בקרטו,ליטרים,1.00,ליטר,false,,7.90,7.9000,true,1,26431
7290107280099,false,שלישיית מגבוני טואלט לחים נשטפים סנו סופט,טרופיקל דגיל- תעשיות,IL,סנו סופט מגבוני טואל,יחידה,0.00,יחידה,false,,18.90,0.0000,true,1,34146
7290107280341,false,ריצפז מטליות לחות לניקוי הרצפה בניחוח מלון מפנק,"סנו מפעלי ברונוס סע""",IL,ריצפז מטליות לחות לנ,יחידה,0.00,יחידה,false,,12.90,0.0000,true,1,195027
7290107280570,false,סנו - מקסימה ג'ל כביסה מרוכז לכביסה צבעונית 3 ליטר,מיוצר עי קונדיטוריית,IL,מקסימה ג'ל כביסה מיק,ליטרים,3.00,ליטר,false,,35.90,11.9667,true,1,34162
7290107280723,false,נוזל לניקוי כלים סנו ספארק Spark בניחוח לימון רענן,סנו כימיקלים,IL,סנו ספארק נוזל לניקו,מיליליטרים,700.00,"100 מ""ל",false,,11.90,0.0170,true,1,34171
7290107280730,false,נוזל לניקוי כלים סנו ספארק Spark בניחוח לבנדר,מיוצר עי קונדיטוריית,IL,סנו ספארק נוזל לניקו,מיליליטרים,700.00,"100 מ""ל",false,,11.90,0.0170,true,1,34173
7290107280747,false,נוזל לניקוי כלים סנו ספארק Spark קלאסי,סנו כימיקלים,IL,סנו ספארק נוזל לניקו,מיליליטרים,700.00,"100 מ""ל",false,,11.90,0.0170,true,1,34174
7290107280761,false,נוזל לניקוי כלים בניחוח לימון רענן סנו ספארק Spark,מיוצר עי קונדיטוריית,IL,ספארק נוזל לכלים לימ,יחידה,0.00,יחידה,false,,12.90,0.0000,true,1,34176
7290107340243,false,מטען בית אייפון,,,מטען בית אייפון,יחידה,0.00,יחידה,false,,39.90,0.0000,true,1,437724
7290107341356,false,כבל אייפון imx,,,כבל אייפון,יחידה,0.00,יחידה,false,,19.90,0.0000,true,1,430556
7290107341394,false,אוזניות לבן imx,,,אוזנייה לבנה,יחידה,0.00,יחידה,false,,29.90,0.0000,true,1,437750
7290107645584,false,אבקת מרק עוף אמיתי רכיבים טבעיים 400 גרם - רבנות,יוניליוור ישראל מזון,IL,מרק עוף אמיתי רכיבים,גרמים,400.00,100 גרם,false,,31.90,0.0797,true,1,106560
7290107645591,false,אבקת מרק בטעם עוף 100% רכיבים טבעיים 400 גרם,יוניליוור ישראל מזון,IL,מרק טעם עוף רכיבים ט,גרמים,400.00,100 גרם,false,,19.90,0.0497,true,1,115703
7290107646383,false,סיף מטליות לחות לניקוי רצפות בניחוח לימו,עלבד משואות יצחק בעמ,IL,סיף מטליות לחות לניק,יחידה,0.00,יחידה,false,,12.90,0.0000,true,1,86589
7290107647731,false,קוקומן חום לבן בטעם שוקולד ווניל,אתר שפע - Food,IL,קוקומן חום לבן 20% ת,גרמים,375.00,100 גרם,false,,24.90,0.0664,true,1,99464
7290107647854,false,"שוגי מופחת סוכר תלמה 500 ג' בד""צ",יוניליוור ישראל מזון,IL,שוגי 20% סוכר תלמה ב,גרמים,500.00,100 גרם,false,,24.90,0.0498,true,1,117806
7290107812085,false,חוברת צביעה הלו קיטי,,,חוברת צביעה הלו קיטי,יחידה,0.00,יחידה,false,,15.00,0.0000,true,1,92327
7290107817752,false,פאזל מיכל הקטנה והמפ,,,פאזל מיכל הקטנה והמפ,יחידה,0.00,יחידה,false,,19.90,0.0000,true,1,126322
7290107871990,false,"פסטה צינורות 500 גרם ""אסם""",פסטה זארה,IT,פסטה צינורות אסם 500,גרמים,500.00,100 גרם,false,,6.90,0.0138,true,1,22955
7290107874502,false,ביסלי גריל קדמ. מארז אחיד 10 4*55 גרם,מיוצר עי קונדיטוריית,IL,ביסלי גריל 4*55 גרם,גרמים,220.00,100 גרם,false,,13.90,0.0632,true,1,118501
7290107875820,false,קרוטונים אפויים בתיבול ביתי אוסם 180 ג',עינת תעשיות מזון,IL,קרוטונים אפויים בתיב,גרמים,180.00,100 גרם,false,,13.90,0.0772,true,1,118506
7290107879569,false,קרחון לה פרוטה שרבט מנגו מאגדת 5יח',המאפיה של הרמן,IL,לה פרוטה מנגו 5 יח,גרמים,350.00,100 גרם,false,,29.90,0.0854,true,1,18451
7290107879699,false,שלגון לה פרוטה מנגו נסטלה 70ג',המאפיה של הרמן,IL,לה פרוטה מנגו,גרמים,70.00,100 גרם,false,,6.90,0.0986,true,1,18456
7290107930321,false,קונפיטורת יד מרדכי דובדובן 340 גרם,"בית אל מזון בע""מ",IL,יד מרדכי קונפיטורה ד,גרמים,340.00,100 גרם,false,,14.90,0.0438,true,1,25902
7290107931397,false,כיף כף פצפוצים במילוי שוקולד 40 גרם,שולן צ'יקולטה גידה ס,TR,כיף כף פצפצים 40גר`,גרמים,40.00,100 גרם,false,,5.90,0.1475,true,1,25915
7290107932080,false,חלב מועשר יוטבתה בבקבוק 3% 1 ליטר,מחלבת יטבתה,IL,יטבתה חלב בבקבוק 3%,ליטרים,1.00,ליטר,false,,7.90,7.9000,true,1,26459
7290107934473,false,מארז 8 יח' אקטיביה יוגורט קרמי 1.5% שומן,דנונה - שטראוס,IL,אקטיביה מארז מיוחד 1,קילוגרמים,1.20,"ק""ג",false,,22.90,19.0833,true,1,26477
7290107936309,false,דנונה יוגורט 7% יווני לבן 130 ג',"שטראוס בריאות בע""מ",IL,דנונה יווני לבן 130,גרמים,130.00,100 גרם,false,,3.90,0.0300,true,1,26487
7290107936460,false,מארז 8 יח' דנכול משקה יוגורט בטעם מעודן,מיוצר עי קונדיטוריית,IL,דנכול בטעם מעודן 8יח,גרמים,800.00,100 גרם,false,,32.90,0.0411,true,1,26490
7290107936958,false,עד חצות ביסקוויט אצבעות שוקולד 125 גרם,הדקלאים אגודת שיתופי,FR,עד חצות אצבעות 125 ג,גרמים,125.00,100 גרם,false,,11.90,0.0952,true,1,101389
7290107936965,false,עיגולים עד חצות עם שוקולד חלב 225 גר,ביסקווטרי עוגיות סנט,FR,עד חצות עיגולים 225,גרמים,125.00,100 גרם,false,,15.90,0.1272,true,1,101390
7290107937542,false,משקה יוגורט אקטיביה עם תות 1.2% שומן,מיוצר עי קונדיטוריית,IL,משקה אקטיביה תות 1.2,מיליליטרים,265.00,"100 מ""ל",false,,5.50,0.0208,true,1,26495
7290107937627,false,מסטיק מאסט Must קוביות ללא סוכר בטעם מנטה עדינה,אסקום קונפקשיין,IL,צנצנת קוביות ספירמינ,גרמים,58.00,100 גרם,false,,11.90,0.2052,true,1,25957
7290107937634,false,צנצנית מסטיק מאסט קוביות פפירמינט 58 ג' עלית,אסקום קונפקשיין,IL,צנצנת קוביות פפירמינ,גרמים,58.00,100 גרם,false,,11.90,0.2052,true,1,25958
7290107937641,false,מסטיק בצנצנת קוביות בזוקה 58 ג',אסקום קונפקשיין,IL,צנצנת קוביות בזוקה 5,גרמים,58.00,100 גרם,false,,11.90,0.2052,true,1,25959
7290107937856,false,קפסולות 11חזק למכונות נספרסו עלית 10יח',הנסיך- מפעל לייצור ט,IL,עלית קפסולות בטעם נס,גרמים,50.00,100 גרם,false,,19.90,0.3980,true,1,25962
7290107938396,false,"אקטימל משקה פרוביוטי תות 100X8 מ""ל",מיוצר עי קונדיטוריית,IL,דנונה Actimel בנים ב,גרמים,864.00,100 גרם,false,,23.90,0.0277,true,1,26501
7290107940030,false,"חומוס אחלה מופחת שומן 650 גרם ""אחלה""",שטראוס גרופ,IL,חומוס אחלה 650 גר,גרמים,650.00,100 גרם,false,,10.90,0.0168,true,1,26520
7290107940467,false,אקטיביה יוגורט 1.5% שומן 200 ג' דנונה,מיוצר עי קונדיטוריית,IL,דנונה אקטיביה יוגורט,גרמים,200.00,100 גרם,false,,4.50,0.0225,true,1,26528
7290107943192,false,"שמנת חמוצה מהערבה 27% שומן 200 מ""ל יטבתה",מחלבת יטבתה,IL,יטבתה שמנת 27% 200מ,מיליליטרים,200.00,"100 מ""ל",false,,4.50,0.0225,true,1,101400
7290107943369,false,קוואקר שיבולת שועל ללא גלוטן 511 גרם,היידי שוקולד בירונטי,US,שיבולת שועל ללא גלוט,גרמים,511.00,100 גרם,false,,20.90,0.0409,true,1,99714
7290107944472,false,סימפוניה גבינה במרקם שמנת 5% שום שמיר,"שטראוס בריאות בע""מ",IL,סימפוניה 5% שום שמיר,גרמים,200.00,100 גרם,false,,12.90,0.0645,true,1,26560
7290107950190,false,מעדן חלב דל קלוריות בטעם שוקולד מריר 0.5% שומן,מיוצר עי קונדיטוריית,IL,מעדן דיאט שוקולד מרי,גרמים,130.00,100 גרם,false,,3.90,0.0300,true,1,26570
7290107950206,false,מעדן שטראוס דיאט 0% שוקולד 130ג',מיוצר עי קונדיטוריית,IL,מעדן דיאט שוקולד % 0,גרמים,130.00,100 גרם,false,,3.90,0.0300,true,1,26571
7290107951104,false,בפלות ופלים ארוכים בטעם שוקולד,"א.ג. גילרו בע""מ",IL,בפלות 200 גרם שוקולד,גרמים,200.00,100 גרם,false,,5.90,0.0295,true,1,25999
7290107951715,false,צנצנת מסטיק מאסט קוביות בטעם ענבים 58 ג' עלית,אסקום קונפקשיין,IL,מאסט צנצנת קוביות ענ,גרמים,58.00,100 גרם,false,,11.90,0.2052,true,1,60998
7290107953559,false,קפה טורקי עלית לדרך שקיות 24X7ג',הנסיך- מפעל לייצור ט,IL,קפה טורקי לדרך 168 ג,גרמים,168.00,100 גרם,false,,20.90,0.1244,true,1,26011
7290107954976,false,משקה חלב PRO עם קפה 1.5% 25 גרם חלבון בבקבוק,מחלבת יטבתה,DE,משקה פרו בטעם קפה יט,מיליליטרים,350.00,"100 מ""ל",false,,6.90,0.0197,true,1,89768
7290107956901,false,קפסולות בטעם אגוזים למכונות נספרסו 50 גר,שטראוס גרופ,IL,עלית קפסולות אספרסו,גרמים,150.00,100 גרם,false,,19.90,0.1327,true,1,106173
7290107956932,false,קפסולות אספרסו אידונזיה למכונות 50 גר,שטראוס קפה בי.וי,IL,עלית קפסולות אידונזי,גרמים,50.00,100 גרם,false,,19.90,0.3980,true,1,101396
7290107957069,false,"מסטיק ע""למה ""בטעם אוכניות 66 גרם צנצנת ""עלית""","שטראוס גרופ בע""מ",IL,מסטיק עלמה בטעם אוכמ,גרמים,66.00,100 גרם,false,,11.90,0.1803,true,1,101397
7290107957076,false,"מסטיק ""עלמה"" בטעם ספירמנט 66 גרם צנצנת ""עלית""","שטראוס גרופ בע""מ",IL,מסטיק עמלה בטעם ספיר,גרמים,66.00,100 גרם,false,,11.90,0.1803,true,1,101398
7290107957991,false,מילקי CAKE מיניס קרם חלב בציפוי שוקולד חלב שקית 16X9ג',בובארד איטליה אס.פי.,IT,"מילקי מייניס 9*16 מ""",גרמים,144.00,100 גרם,false,,15.90,0.1104,true,1,128558
7290107974066,false,"עלי טורטיה קמח מלא 20ס""מ 8יח' מאסטר שף 320ג'",אלקאטי קורביישיסי גי,ES,עלי טורטיה קמח מלא מ,גרמים,320.00,100 גרם,false,,12.90,0.0403,true,1,25036
7290107974806,false,"אורז בסמטי 1 ק""ג מאסטר שף",דווה סינג שיהם סינג,IN,אורז בסמטי מאסטר שף,קילוגרמים,1.00,"ק""ג",false,,13.90,13.9000,true,1,25045
7290107974813,false,"אורז יסמין 1 ק""ג מאסטר שף",מאסטר שף,,אורז יסמין מאסטר שף,קילוגרמים,1.00,"ק""ג",false,,12.90,12.9000,true,1,25046
7290107978101,false,מש.שיניים קולגייט א.וויט אקסטרה פאוור 75,קולגייט-פלמוליב,PL,אופטיק וייט אקסטרה פ,מיליליטרים,75.00,"100 מ""ל",false,,31.90,0.4253,true,1,115619
7290107978347,false,מאסטר שף איטריות בינוניות 400 גר,הדקלאים אגודת שיתופי,PL,איטריות בינוניות מאס,גרמים,400.00,100 גרם,false,,6.90,0.0173,true,1,92131
7290108070316,false,שקית 50בלונים פסטל מעורב,,,שקית 50 פסטל,יחידה,0.00,יחידה,false,,11.90,0.0000,true,1,37543
7290108350128,false,סנו סושי שקיות אשפה חזקות במיוחד 40 יח',מיוצר עי קונדיטוריית,IL,סנו סושי שקיות חזקות,יחידה,0.00,יחידה,false,,28.90,0.0000,true,1,34185
7290108350203,false,כריות קרצוף אקסטרה חזקות עם ספוג מקציף - 6 יח',סנו סושי,IT,כריות קרצוף עם ספוג,יחידה,0.00,יחידה,false,,11.10,0.0000,true,1,34192
7290108350210,false,סנו סושי 30 שקיות אשפה XL חזקות במיוחד,מיוצר עי קונדיטוריית,IL,סושי שקיות אקסטרא חז,יחידה,0.00,יחידה,false,,26.90,0.0000,true,1,34193
7290108350258,false,סופט נייר טואלט גליל ארוך 12 גלילים=36,מפעלי ברונוס בעמ,IL,סנו סופט נייר טואלט,מטרים,180.00,מטר,false,,44.90,0.2494,true,1,34194
7290108350531,false,סנו ספארק נוזל כלים בניחוח קלאסי עם משאבה 1 ל',מיוצר עי קונדיטוריית,IL,סנו ספארק משאבה בניח,ליטרים,1.00,ליטר,false,,12.90,12.9000,true,1,34198
7290108350586,false,נוזל לניקוי כלים סנו ספארק Spark בניחוח לימון רענן,סנו ספארק,IL,ספארק נוזל כלים בניח,ליטרים,1.50,ליטר,false,,15.90,10.6000,true,1,34202
7290108350623,false,מרכך כביסה סופר מרוכז סופט סילק מקסימה 1 ל' סנו,"סנו מפעלי ברונוס בע""",IL,מרכך כביסה מקסימה סו,יחידה,0.00,יחידה,false,,18.90,0.0000,true,1,34206
7290108350715,false,"סנו פורטה FREE נוזל מרוכז להסרת שומנים 750 מ""ל",סנו,IL,פורטה פרי 750 מ`ל,מיליליטרים,750.00,"100 מ""ל",false,,16.90,0.0225,true,1,34211
7290108351156,false,סנו - ג'ט לניקוי כללי ורצפות בתוספת חומץ 1.5 ליטר,"סנו מפעלי ברונוס בע""",IL,סנו ג`ט פלוס לניקוי,יחידה,0.00,יחידה,false,,14.90,0.0000,true,1,34228
7290108351552,false,"סנו - ג'ט לניקוי כללי בתוספת חומץ בניחוח לבנדר 750 מ""ל","סנו מפעלי ברונוס בע""",IL,סנו ג'ט מתז חומץ 750,מיליליטרים,750.00,"100 מ""ל",false,,15.90,0.0212,true,1,107418
7290108351583,false,"סנו - ג'ט פלוס חומץ ג'ל לניקוי אסלות לבנדר 750 מ""ל",טרופיקל דגיל תעשיות,IL,סנו ג'ט+לניקוי אסלות,מיליליטרים,750.00,"100 מ""ל",false,,12.90,0.0172,true,1,124943
7290108351613,false,סנו ריצפז פרש הום 2 ליטר בניחוח מלון חלומי,"סנו מפעלי ברונוס בע""",IL,ריצפז פרש הום מלון ח,ליטרים,2.00,ליטר,false,,24.90,12.4500,true,1,79600
7290108351804,false,סנו - מקסימה מרכך כביסה מרוכז ג'נטל בריז 1 ליטר,מיוצר עי קונדיטוריית,IL,סנו מקסימה מרכך כביס,יחידה,0.00,יחידה,false,,18.90,0.0000,true,1,160038
7290108351811,false,מקסימה מרכך כביסה סופר מרוכז פלור טאצ' 1 ליטר,מיוצר עי קונדיטוריית,IL,סנו מקסימה מרכך כביס,יחידה,0.00,יחידה,false,,18.90,0.0000,true,1,160039
7290108351927,false,סנו ספארק טבליות למדיח 70 יח',סנו,IL,סנו ספארק טבליות למד,קילוגרמים,1.40,"ק""ג",false,,48.90,34.9286,true,1,136573
7290108352009,false,סנו ספארק קפסולות למדיח כלים 50 יח',טרופיקל דגיל תעשיות,PL,קפסולות למדיח ספארק,יח',50.00,יח',false,,44.90,0.8980,true,1,225536
7290108352054,false,אורביטול - צמד מברשות שיניים 980 + חוט דנטלי במתנה,החברה הדרומית,CN,אורביטול מברשת לניקו,יחידה,0.00,יחידה,false,,21.90,0.0000,true,1,416017
7290108352450,false,ריצפז פרש הום בניחוח מרכך כביסה בלו בלוסום,סנו מפעלי ברונוס בעמ,IL,ריצפז פרש הום בניחוח,ליטרים,2.00,ליטר,false,,24.90,12.4500,true,1,261401
7290108352627,false,סנו סושי מפות ניילון שקופה בגליל,"סנו מפעלי ברונו בע""מ",IL,סנו סושי- מפת ניילון,יחידה,0.00,יחידה,false,,21.90,0.0000,true,1,127949
7290108352672,false,מטלית הפלא לריצפה סנו סושי זוג,סנו מפעלי ברונוס.,CN,סנו סושי זוג מטלית ה,יחידה,0.00,יחידה,false,,20.90,0.0000,true,1,90095
7290108353099,false,ממחטות אף במארז ניילון סנו סופט 5 יח' * 100 דף,טרופיקל דגיל תעשיות,IL,סנו סופט 500 ממחטות,יחידה,0.00,יחידה,false,,14.90,0.0000,true,1,161360
7290108353693,false,"צלחות מעוטרות מקנה סוכר בקוטר 19 ס""מ",סנו סושי,IL,צלחות ק.סוכר סנו סוש,יחידה,0.00,יחידה,false,,17.90,0.0000,true,1,233782
7290108353778,false,"נקה 7 - תחליב רחצה שוודיה בניחוח פיטנגו 750 מ""ל","אמיליה קוסמטיקס בע""מ",IL,תחליב רחצה שוודיה פי,מיליליטרים,750.00,"100 מ""ל",false,,12.90,0.0172,true,1,262753
7290108353815,false,קרמה ספא תחליב רחצה מדיטציה בניחוח פצולי,החברה הדרומית,IL,קרמה תחליב רחצה ספא,מיליליטרים,600.00,"100 מ""ל",false,,20.90,0.0348,true,1,480877
7290108354270,false,מרכך כביסה מרוכז בבישום עוצמתי 1 ל' סנו מקסימה,מיוצר עי קונדיטוריית,IL,מרכך בבישום עוצמתי מ,ליטרים,1.00,ליטר,false,,18.90,18.9000,true,1,366109
7290108354416,false,"תחליב רחצה יוגה, בניחוח ברגמוט 600מ""ל קרימה",החברה הדרומית,IL,קרמה תחליב רחצה ספא,מיליליטרים,600.00,"100 מ""ל",false,,20.90,0.0348,true,1,480878
7290108354591,false,"תחליב רחצה בניחוח מי קקטוס ושמן באבאסו 750 מ""ל נקה 7","אמיליה קוסמטיקס בע""מ",IL,תחליב רחצה ביו נקה,מיליליטרים,750.00,"100 מ""ל",false,,12.90,0.0172,true,1,457601
7290108354881,false,סבון פילינג מוצק קרמ,,,סבון מוצק פילינג קרמ,גרמים,410.00,100 גרם,false,,16.90,0.0412,true,1,138889
7290108355741,false,"קרליין - קרם גוף מבושם בלו הוון 250 מ""ל",סנו,IL,קרם גוף מבושם בלו הו,מיליליטרים,250.00,"100 מ""ל",false,,27.90,0.1116,true,1,233803
7290108356137,false,"כיף - תחליב רחצה לבנדר 700 מ""ל",קוסמופארם,IL,תחליב רחצה לבנדר כיף,מיליליטרים,700.00,"100 מ""ל",false,,12.90,0.0184,true,1,135255
7290108356403,false,"כיף תחליב רחצה בניחוח עוגת חד קרן 700 מ""ל",סנו,IL,תחליב רחצה בניחוח עו,מיליליטרים,700.00,"100 מ""ל",false,,14.90,0.0213,true,1,313378
7290108357080,false,"קרליין - נושם ביו דאודורנט ספריי 150 מ""ל Secret Garden לאישה",החברה הדרומית,IL,דיאודורנט ספריי בניח,מיליליטרים,150.00,"100 מ""ל",false,,13.90,0.0927,true,1,426099
7290108357097,false,"קרליין - נושם ביו דאודורנט ספריי 150 מ""ל Velvet Rose לאישה",החברה הדרומית,IL,דיאודורנט ספריי בניח,מיליליטרים,150.00,"100 מ""ל",false,,13.90,0.0927,true,1,426114
7290108357202,false,סנוקליר לניקוי בניחוח בלו בלוסום 1 ליטר,"סנו מפעלי ברונוס בע""",IL,סנו קליר אקדח בניחוח,ליטרים,1.00,ליטר,false,,12.90,12.9000,true,1,290540
7290108357288,false,אקונומיקה ז'אוול בניחוח פריחה לבנה 4 ל' סנו,סנו ז'אוול Javel,IL,סנו ז'אוול בניחוח פר,ליטרים,4.00,ליטר,false,,17.90,4.4750,true,1,412348
7290108357295,false,"סנו - אוקסיג'ן פאוור מרסס להסרת כתמים 750 מ""ל",החברה הדרומית,IL,מרסס אוקסיג'ן מסיר כ,מיליליטרים,750.00,"100 מ""ל",false,,20.90,0.0279,true,1,458530
7290108357707,false,"כיף שמפו לשיער רגיל- תפוח זרעי צ'יה 700 מ""ל",גוד פוד פרודקטס S.p,IL,שמפו לשיער רגיל תפוח,מיליליטרים,700.00,"100 מ""ל",false,,13.90,0.0199,true,1,137626
7290108359008,false,סושי שקיות זיפר עם סליידר 15 יח לארג',החברה הדרומית,CN,שקיות זיפר עם סליידר,יחידה,0.00,יחידה,false,,15.90,0.0000,true,1,395746
7290108359084,false,סושי כיסוי ניילון עם גומי מדיום 30יח,סנו סושי,IL,סנו סושי כיסוי ניילו,יחידה,0.00,יחידה,false,,12.90,0.0000,true,1,503751
7290108359091,false,כיסוי ניילון עם גומי 30 יח' L סנו סושי,סנו סושי,IL,סנו סושי כיסוי ניילו,יחידה,0.00,יחידה,false,,12.90,0.0000,true,1,503752
7290108359145,false,סושי דפי ספוג הפלא 12יח',קריות זול,US,סנו סושי דפי ספוג הפ,יחידה,0.00,יחידה,false,,12.90,0.0000,true,1,499255
7290108359190,false,סנו סושי מגבות נייר בגליל כפול פי 3,סנו סושי,IL,סנו סושי מגבות הפלא,יחידה,0.00,יחידה,false,,27.90,0.0000,true,1,521107
7290108500677,false,כבד דג שיבוט בשמן דג וילי פוד 115 גרם,"איטיליאן פוד, אס.פי.",IS,כבד דג שיבוט בשמן וי,גרמים,115.00,100 גרם,false,,10.90,0.0948,true,1,5045
7290108501490,false,גבינה מוצרלה פרוסות ו.פוד 150ג',ליטא,DE,גבינה מוצרלה פרוסות,גרמים,150.00,100 גרם,false,,16.90,0.1127,true,1,107335
7290108502305,false,גבינת גרדה פדנו משולש 150 גר`וילי פוד,וילי פוד,IT,גבינת גרנה פדנו משול,גרמים,150.00,100 גרם,false,,19.90,0.1327,true,1,133282
7290108502763,false,גבינת קממבר יורו 200,פטוראז',FR,גבינה קממבר 200 גרם,גרמים,200.00,100 גרם,false,,22.90,0.1145,true,1,128453
7290108503043,false,תפוחונים חטיף פלחים מיובשים מארז 22X4ג',ינטאי זונגקאן פוד קו,CN,מארז רביעייה תפוחוני,גרמים,88.00,100 גרם,false,,14.90,0.1693,true,1,134956
7290108503791,false,ניוקי תפוח אדמה 3 צבעים 500 גרם (ללא גלוטן),סיימה אלימנטרי,IT,ניוקי תפוחי אדמה 3 צ,גרמים,500.00,100 גרם,false,,13.90,0.0278,true,1,295251
7290108504699,false,נתחי טונה בשמן קנולה רביעיה * 160 ג' וילי פוד,גולדן פרייז,TH,נתחי טונה בשמן קנולה,גרמים,640.00,100 גרם,false,,24.60,0.0384,true,1,208990
7290108505740,false,גבינת קשקבל חצי קשה 25% שומן 200 גרם,Euro יורו מחלבות אירופה,TR,גבינת קשקבל חצי קשה,גרמים,200.00,100 גרם,false,,17.90,0.0895,true,1,232027
7290108507645,false,ביסקויט פריך בשוקולד מריר 100 גרם -קהילות,מודרן צ'יקולטה,TR,ביסקויט פריך בשוקולד,גרמים,100.00,100 גרם,false,,7.90,0.0790,true,1,405496
7290108509106,false,"גבינה בולגרית מעודנת בקוביות 13% שומן 200 ג' חת""ס פ""ת",קוליוס,TR,גבינה בולגרית מעודנת,גרמים,200.00,100 גרם,false,,13.90,0.0695,true,1,331240
7290108509113,false,"גבינה בולגרית מעודנת 18% שומן 250 גרם חת""ס פ""ת",Euro יורו מחלבות אירופה,TR,גבינה בולגרית מעודנת,גרמים,250.00,100 גרם,false,,13.90,0.0556,true,1,322724
7290108509137,false,"גבינה בולגרית מעודנת 5% שומן 250 גרם חת""ס פ""ת",סוטאש,TR,גבינה בולגרית מעודנת,גרמים,250.00,100 גרם,false,,13.90,0.0556,true,1,331241
7290108509199,false,גבינת פטה 17% שומן יורו 500 ג',קוליוס,TR,גבינה פטה 500 גרם -,גרמים,500.00,100 גרם,false,,24.90,0.0498,true,1,324578
7290108509205,false,ויליפוד חטיף אורז אפוי בטעם טבעי לתינוקות 50 גר',נמצ'או,TH,חטיף אורז אפוי לתינו,גרמים,50.00,100 גרם,false,,12.90,0.2580,true,1,389828
7290108509656,false,מיקס זיתים פרוסות 800 גר,,,מיקס זיתים פרוסים במ,גרמים,800.00,100 גרם,false,,11.90,0.0149,true,1,354005
7290109351025,false,מלך החומוס חומוסטחינה 40% טחינה גולמית,לחמנו,IL,מלך החומוס חומוס טחי,גרמים,400.00,100 גרם,false,,14.90,0.0373,true,1,23552
7290109351209,false,שלגון לה פרוטה אננס תפוז נסטלה 70ג',תות תעשיות מזון (201,IL,לה פרוטה אננס תפוז,יחידה,0.00,יחידה,false,,6.90,0.0000,true,1,18462
7290109352916,false,פריכיות דגנים פיטנס מצופות שוקולד לבן,פרח תעשיות,IL,בר פריכיות שוקולד לב,גרמים,84.00,100 גרם,false,,15.90,0.1893,true,1,23559
7290109354057,false,קרחון לה פרוטה שרבט אננס תפוז מאגדת 5 יח',תות תעשיות מזון (201,IL,"מאגדת 5 י""ח לה פרוטה",גרמים,350.00,100 גרם,false,,29.90,0.0854,true,1,18465
7290109355504,false,שלגון וניל במילוי נוגט קראנץ 100 גרם,נטו מלינדה-בשר,IL,קראנץ' וניל ליבת נוג,גרמים,72.00,100 גרם,false,,10.90,0.1514,true,1,110886
7290109358130,false,מאגדת שלגון לה פרוטה יוגורט אננס פסיפל' 50X6ג',גלידות נסטלה (נגה גל,IL,לה פרוטה מאגדת אננס,גרמים,300.00,100 גרם,false,,29.90,0.0997,true,1,112180
7290109580098,false,קבנוס בטעם סרירצ'ה 135 ג' זוגלובק,זוגלובק,IL,קבנוס בטעם סרירצ'ה ז,גרמים,135.00,100 גרם,false,,13.90,0.1030,true,1,420287
7290109580104,false,זוגלובק פרימיום רוסטביף 150 גרם,זוגלובק,IL,רוסטביף זוגלובק פרמי,גרמים,150.00,100 גרם,false,,27.90,0.1860,true,1,297588
7290109580135,false,קורנדביף פרימיום 180 גרם זוגלובק,זוגלובק,IL,קורנדביף זוגלובק פרמ,גרמים,180.00,100 גרם,false,,27.90,0.1550,true,1,297590
7290109580159,false,זוגלובק פרימיום פסטרמה בנוסח טוסקנה 200,זוגלובק,IL,פסטרמה בנוסח טוסקנה,גרמים,180.00,100 גרם,false,,27.90,0.1550,true,1,297591
7290109580166,false,סרוולד קלאסי פרימיום 150 גרם זוגלובק,זוגלובק,IL,סרוולד קלאסי זוגלובק,גרמים,150.00,100 גרם,false,,27.90,0.1860,true,1,297592
7290109580432,false,פסטרמה חזה הודו מעושן 120 גר' זוגלובק,זוגלובק,IL,פסטרמה אקסטרה מעושנת,גרמים,120.00,100 גרם,false,,14.90,0.1242,true,1,457752
7290109640464,false,משומשו פתיתים טבעוניים סגנון פרמז'ן 200 גר,"טרופיקל דגיל בע""מ אז",IL,פתיתים טבעוניים בסגנ,גרמים,150.00,100 גרם,false,,20.90,0.1393,true,1,357851
7290109920627,false,"אסטוניש קרם ואקונומיקה לניקוי אמבטיות 500 מ""ל",יעקובי אסטוניש,GB,"אסטוניש קרם 500 מ""ל",מיליליטרים,500.00,"100 מ""ל",false,,14.90,0.0298,true,1,112494
7290109921853,false,אסטוניש המשחה המקורית לניקוי עם עוצמה,יעקבי- אסטוניש Astonish,GB,המשחה המקורית לניקוי,גרמים,150.00,100 גרם,false,,18.90,0.1260,true,1,418082
7290109923031,false,"מרסס פרמיום ארומטיק למקלחון 750 מ""ל אסטוניש",יעקובי אסטוניש,GB,אסטוניש פרימיום ארומ,מיליליטרים,750.00,"100 מ""ל",false,,16.90,0.0225,true,1,424605
7290109923147,false,אסטוניש מהדורה פרימיום פלא של אקונומיקה,יעקבי- אסטוניש Astonish,GB,אסטוניש מרסס פלא של,מיליליטרים,750.00,"100 מ""ל",false,,14.90,0.0199,true,1,466528
7290110058814,false,ביצי שוקולד סמיילי שלישייה,מונדזיר,IT,שלישיית ביצי שוקולד,גרמים,60.00,100 גרם,false,,15.90,0.2650,true,1,37878
7290110110277,false,"סומרסבי סיידר תפוחים אלכוהולי 4*300 מ""ל","קרלסברג קרואטיה , יב",IL,רביעיית סמרסבי סיידר,ליטרים,1.32,ליטר,false,,39.00,29.5455,true,1,123386
7290110110574,false,"קוקה קולה זירו לימון פחית 330 מ""ל",החברה המרכזית לייצור,IL,פחית סליק קולה ZERO,מיליליטרים,330.00,"100 מ""ל",false,,5.50,0.0167,true,1,125106
7290110113377,false,מארז רביעיות קוקה קולה 1 ליטר,קוקה קולה,IL,מארז רביעיות קוקה קו,ליטרים,4.00,ליטר,false,,34.90,8.7250,true,1,287735
7290110113384,false,קוקה קולה זירו מארז רביעיה 1X4 ליטר,קוקה קולה,IL,מארז רביעיות קוקה קו,ליטרים,4.00,ליטר,false,,28.90,7.2250,true,1,287736
7290110114787,false,נביעות+ מים מינרליים בטעם תפוח 1.5 ליטר,נביעות טבע הגליל בעמ,IL,נביעות + תפוח 1.5 לי,ליטרים,1.50,ליטר,false,,10.90,7.2667,true,1,370929
7290110114794,false,נביעות+ מים מינרליים בטעם אפרסק 1.5 ליטר,"נביעות טבע הגליל בע""",IL,נביעות + אפרסק 1.5 ל,ליטרים,1.50,ליטר,false,,10.90,7.2667,true,1,370930
7290110114800,false,נביעות+ מים מינרליים בטעם ענבים 1.5 ליטר,פארייפאבה אגרואינדוס,IL,נביעות + ענבים 1.5 ל,ליטרים,1.50,ליטר,false,,10.90,7.2667,true,1,370945
7290110114855,false,"נביעות מים מינרליים, שישיה 6 * 1.5 ליטר פקדון",נביעות טבע הגליל בעמ,IL,מי נביעות שישייה 1.5,ליטרים,9.00,ליטר,false,,14.90,1.6556,true,1,371004
7290110114893,false,פריגת סחוט טרי תפוז 2 ליטר,היינץ צפון אמריקה מק,IL,פריגת סחוט תפוזים 2,ליטרים,2.00,ליטר,false,,30.30,15.1500,true,1,370832
7290110114961,false,משקה קל תפוזים פריגת 1.5 ליטר,מבשלות בירה בינלאומי,IL,פריגת תפוזים 1.5 ליט,ליטרים,1.50,ליטר,false,,9.90,6.6000,true,1,371019
7290110114985,false,משקה קל אשכולית פריגת 1.5 ליטר,מבשלות בירה בינלאומי,IL,פריגת אשכולית 1.5 לי,ליטרים,1.50,ליטר,false,,9.90,6.6000,true,1,371035
7290110114992,false,משקה קל לייט אשכולית פריגת 1.5 ליטר,מבשלות בירה בינלאומי,IL,פריגת דיאט אשכולית 1,ליטרים,1.50,ליטר,false,,9.90,6.6000,true,1,371050
7290110115005,false,משקה קל ענבים פריגת 1.5 ליטר,מבשלות בירה בינלאומי,IL,פריגת ענבים 1.5 ליטר,ליטרים,1.50,ליטר,false,,9.90,6.6000,true,1,371051
7290110115036,false,פריגת מנגו 1.5 ליטר פיקדון,מבשלות בירה בינלאומי,IL,פריגת מנגו 1.5 ליטר,ליטרים,1.50,ליטר,false,,9.90,6.6000,true,1,371082
7290110115050,false,פריגת מיקס תות בננה 1.5 ליטר פיקדון,מבשלות בירה בינלאומי,IL,פריגת מיקס תות בננה,ליטרים,1.50,ליטר,false,,9.90,6.6000,true,1,371084
7290110115081,false,פריגת צלול ענבים 1.5 ליטר פיקדון,מבשלות בירה לישראל ב,IL,פריגת צלול ענבים 1.5,ליטרים,1.50,ליטר,false,,9.90,6.6000,true,1,371181
7290110115111,false,פריגת צלול אננס 1.5 ליטר פיקדון,מבשלות בירה לישראל ב,IL,פריגת צלול אננס 1.5,ליטרים,1.50,ליטר,false,,9.90,6.6000,true,1,371201
7290110115128,false,פריגת צלול בטעם לימונענע 1.5 ליטר פיקדון,מבשלות בירה לישראל ב,IL,פריגת צלול בטעם לימו,ליטרים,1.50,ליטר,false,,9.90,6.6000,true,1,371202
7290110115180,false,מים מינרליים נביעות,"נביעות טבע הגליל בע""",IL,נביעות 1.5 ליטר,ליטרים,1.50,ליטר,false,,4.20,2.8000,true,1,387760
7290110115203,false,קוקה קולה 1.5 ליטר פיקדון,קוקה קולה Coca Cola,IL,קוקה קולה 1.5 ליטר,ליטרים,1.50,ליטר,false,,9.50,6.3333,true,1,371220
7290110115210,false,דיאט קוקה קולה 1.5 ליטר פיקדון,קוקה קולה Coca Cola,IL,דיאט קוקה קולה 1.5 ל,ליטרים,1.50,ליטר,false,,9.90,6.6000,true,1,371221
7290110115227,false,קוקה-קולה זירו בקבוק 1.5 ליטר,קוקה קולה Coca Cola,IL,קוקה קולה זירו בקבוק,ליטרים,1.50,ליטר,false,,9.90,6.6000,true,1,371222
7290110115234,false,קוקה-קולה זירו נטול בקבוק 1.5 ליטר,החברה המרכזית לייצור,IL,קולה ZERO נטול 1.5 ל,ליטרים,1.50,ליטר,false,,9.90,6.6000,true,1,371223
7290110115265,false,ספרייט לימון ליים 1.5 ליטר-,החברה המרכזית לייצור,IL,ספרייט 1.5 ליטר LIME,ליטרים,1.50,ליטר,false,,9.00,6.0000,true,1,371290
7290110115272,false,ZERO ספרייט 1.5 ליטר פיקדון,החברה המרכזית לייצור,IL,ספרייט זירו 1.5 ליטר,ליטרים,1.50,ליטר,false,,9.90,6.6000,true,1,371291
7290110115289,false,ספרייט 19 קל' לימון-נענע 1.5 ליטר פיקדון,החברה המרכזית לייצור,IL,ספרייט 19 קלוריות לי,ליטרים,1.50,ליטר,false,,9.90,6.6000,true,1,371336
7290110115296,false,משקה מוגז אורנג' פאנטה 1.5 ליטר,החברה המרכזית לייצור,IL,פאנטה אורנג' 1.5 ליט,ליטרים,1.50,ליטר,false,,10.50,7.0000,true,1,371337
7290110115302,false,משקה מוגז אורנג' זירו פאנטה 1.5 ליטר,החברה המרכזית לייצור,IL,פאנטה זירו בטעם אורנ,ליטרים,1.50,ליטר,false,,10.50,7.0000,true,1,371338
7290110115319,false,פאנטה אקזוטיק 1.5 ליטר פיקדון,החברה המרכזית לייצור,IL,פאנטה אקזוטיק 1.5 לי,ליטרים,1.50,ליטר,false,,10.50,7.0000,true,1,371354
7290110115357,false,קינלי סודה 1.5 ליטר פיקדון,קריות זול,IL,קינלי סודה 1.5 ליטר,ליטרים,1.50,ליטר,false,,5.50,3.6667,true,1,371401
7290110115364,false,שישייה קוקה קולה 1.5 ליטר פיקדון,החברה המרכזית לייצור,IL,קוקה קולה 6*1.5 ליטר,ליטרים,9.00,ליטר,false,,52.90,5.8778,true,1,371242
7290110115395,false,ZERO ספרייט שישיות 1.5 ליטר פיקדון,החברה המרכזית לייצור,IL,ספרייט זירו 6* 1.5 ל,ליטרים,9.00,ליטר,false,,50.70,5.6333,true,1,371321
7290110115401,false,קינלי סודה שישייה 1.5 ליטר פיקדון,החברה המרכזית לייצור,IL,קינלי סודה 6*1.5 ליט,ליטרים,9.00,ליטר,false,,16.90,1.8778,true,1,382919
7290110115418,false,מארז שישייה קוקה קולה זירו 1.5 ל',החברה המרכזית לייצור,IL,קוקה קולה זירו שישיי,ליטרים,9.00,ליטר,false,,49.90,5.5444,true,1,371244
7290110115425,false,FUZE TEA גרין לימונענע -נענע 1.5 ליטר פיקדון,מבשלות בירה בינלאומי,IL,פיוז טי לימון נענע 1,ליטרים,1.50,ליטר,false,,10.50,7.0000,true,1,371417
7290110115449,false,אייס תה בטעם מנגו אננס 1.5ל' FUZE TEA,מבשלות בירה בינלאומי,IL,פיוז טי מנגו אננס 1.,ליטרים,1.50,ליטר,false,,10.50,7.0000,true,1,371419
7290110115463,false,פיוז טי אפרסק 1.5 ליטר פיקדון,מבשלות בירה בינלאומי,IL,פיוז טי אפרסק 1.5 לי,ליטרים,1.50,ליטר,false,,10.50,7.0000,true,1,371436
7290110115586,false,פריגת תפוזים 40% פחות סוכר 1.5 ליטר פיקדון,מבשלות בירה בינלאומי,IL,משקה קל בטעם תפוזים,ליטרים,1.50,ליטר,false,,9.90,6.6000,true,1,371182
7290110115616,false,FUZE tea zero גרין אננס 1.5 ליטר פיקדון,מבשלות בירה בינלאומי,IL,פיוז טי ZERO גרין אנ,ליטרים,1.50,ליטר,false,,10.50,7.0000,true,1,401188
7290110115869,false,קוקה קולה זירו 1.5 ליטר פיקדון,תות תעשיות מזון (201,IL,קוקה קולה זירו בקבוק,ליטרים,1.50,ליטר,false,,9.90,6.6000,true,1,507001
7290110116057,false,פאנטה זירו פירות כחו,החברה המרכזית לייצור,IL,פאנטה ZERO כחול 500,מיליליטרים,500.00,"100 מ""ל",false,,7.90,0.0158,true,1,456540
7290110116194,false,נביעות+ סדרת 0 קלוריות לימון-ליים 1.5 לי,"נביעות טבע הגליל בע""",IL,נביעות+ לימון ליים 0,ליטרים,1.50,ליטר,false,,9.90,6.6000,true,1,475491
7290110116217,false,נביעות+ סדרת 0 קלוריות אשכוליות 1.5 ליטר,"נביעות טבע הגליל בע""",IL,נביעות+ אשכולית 0 קל,ליטרים,1.50,ליטר,false,,10.90,7.2667,true,1,475492
7290110116385,false,קוקה קולה זירו מרשמלו פחית 330 מל,החברה המרכזית למשקאו,IL,סליק זירו מרשמלו 33,מיליליטרים,330.00,"100 מ""ל",false,,5.50,0.0167,true,1,477400
7290110320850,false,פתיתים גבינה חצי קשה מגורדת 28% שומן,תנובה מרכז שיתופי לש,IL,עמק פתיתים 200 גרם,גרמים,200.00,100 גרם,false,,16.90,0.0845,true,1,102517
7290110320867,false,פתיתים גבינה חצי קשה מגורדת 28% שומן,תנובה מרכז שיתופי לש,IL,עמק פתיתים למאפים 28,גרמים,500.00,100 גרם,false,,38.90,0.0778,true,1,98507
7290110320935,false,גבינת מוצרלה תנובה 150ג' פרוסות,תנובה מרכז שיתופי לש,IL,פרוסות מוצרלה 150 גר,גרמים,150.00,100 גרם,false,,19.90,0.1327,true,1,98508
7290110321277,false,"קוטג' בקטנה 100 גרם, 5% שומן מהדרין",פארייפאבה אגרואינדוס,IL,קוטג' תנובה בקטנה 5,גרמים,100.00,100 גרם,false,,2.90,0.0290,true,1,107341
7290110321284,false,"קוטג' בקטנה 100 גרם, 9% שומן מהדרין",פארייפאבה אגרואינדוס,IL,קוטג' תנובה בקטנה 9,גרמים,100.00,100 גרם,false,,2.90,0.0290,true,1,107351
7290110321680,false,יוגורט GO בטעם תות 20 גרם חלבון בגביע,מיוצר עי קונדיטוריית,IL,יופלה גו בטעם תות 20,גרמים,200.00,100 גרם,false,,6.20,0.0310,true,1,110807
7290110322014,false,טופו בטעם טבעי תנובה ALTERNATIVE,שוורצקוף& הנקל דיסלד,IL,טופו טבעי 300 גרם,גרמים,300.00,100 גרם,false,,13.90,0.0463,true,1,123847
7290110322946,false,יופלה טיוב יוגורט במרקם חלק בטעם תות בננה כשרות רבנות 348 ג',תנובה חלב,IL,יופלה טיוב יוגורט במ,מיליליטרים,348.00,"100 מ""ל",false,,14.90,0.0428,true,1,133622
7290110323301,false,טל העמק בסגנון אמנטל 32% שומן 200 גרם,פ.פ.ח. שאביט,IL,גבינת עמק טל 32% שומ,גרמים,200.00,100 גרם,false,,20.90,0.1045,true,1,136869
7290110323592,false,יופלה יוגורט עם אפרסק מופחת קלוריות 200 ג' GO,יופלה Yoplait,IL,יופלה GO לייט עם אפר,גרמים,200.00,100 גרם,false,,6.20,0.0310,true,1,135611
7290110323714,false,משקה קוקוס שקדים תנובה E אלטרנטיב,מיוצר עי קונדיטוריית,IL,תנובה משקה קוקוס שקד,יחידה,0.00,יחידה,false,,15.50,0.0000,true,1,136870
7290110324353,false,יוגורט GO לייט בטעם אננס 20 גרם חלבון בגביע,מיוצר עי קונדיטוריית,IL,יופלה גו לייט בטעם א,גרמים,200.00,100 גרם,false,,6.20,0.0310,true,1,142260
7290110324551,false,יופלה טיוב יוגורט במרקם חלק תות כשרות מהדרין,תנובה חלב,IL,יופלה טיוב יוגורט במ,מיליליטרים,348.00,"100 מ""ל",false,,14.90,0.0428,true,1,141358
7290110324728,false,ממרח סויה עם שום שמיר 9% שומן אלטרנטיב,מיוצר עי קונדיטוריית,IL,ממרח סויה 9% עם שום,גרמים,250.00,100 גרם,false,,10.90,0.0436,true,1,143807
7290110324841,false,מעדן שקדים עם שוקולד מריר אלטרנטיב,מיוצר עי קונדיטוריית,IL,מעדן שקדים עם שוקולד,גרמים,125.00,100 גרם,false,,4.90,0.0392,true,1,201554
7290110324858,false,מעדן שקדים בטעם אגוזי לוז אלטרנטיב,מיוצר עי קונדיטוריית,IL,מעדן שקדים בטעם אגוז,גרמים,125.00,100 גרם,false,,4.90,0.0392,true,1,201555
7290110324872,false,גבינה צהובה גלבוע 5% שומן 200 גרם,גלבוע - תנובה,IL,גלבוע גבינה פרוסה 5%,גרמים,200.00,100 גרם,false,,19.90,0.0995,true,1,201241
7290110324926,false,משקה סויה ללא תוספת סוכר E אלטרנטיב,תנובה מרכז שיתופי לש,IL,משקה סויה ללא תוספת,יחידה,0.00,יחידה,false,,12.90,0.0000,true,1,189841
7290110325114,false,"משקה יוגורט יופלה גו לייט תות בננה 250 מ""ל - רבנות",מיוצר עי קונדיטוריית,IL,יופלה משקה יוגורט גו,מיליליטרים,250.00,"100 מ""ל",false,,7.90,0.0316,true,1,159992
7290110325169,false,פרוסות גבינת גאודה ח,תנובה חלב,IL,פרוסות גאודה 170 גרם,גרמים,170.00,100 גרם,false,,19.90,0.1171,true,1,217057
7290110325305,false,מעדן סויה GO מועשר בחלבון במתיקות מעודנת,מיוצר עי קונדיטוריית,IL,יופלה סויה גו 20 גרם,גרמים,200.00,100 גרם,false,,6.20,0.0310,true,1,193904
7290110325312,false,מעדן סויה GO מועשר בחלבון בטעם תות,"תנובה בע""מ",IL,יופלה סויה גו 20 גרם,גרמים,200.00,100 גרם,false,,6.20,0.0310,true,1,193905
7290110325510,false,יופלה טיוב יוגורט במרקם חלק בטעם וניל-יוניקור,"תנובה בע""מ",IL,יופלה טיוב יוגורט במ,מיליליטרים,348.00,"100 מ""ל",false,,14.90,0.0428,true,1,201502
7290110325619,false,משקה שיבולת שועל תנובה E אלטרנטיב,מיוצר עי קונדיטוריית,IL,תנובה משקה שיבולת שו,יחידה,0.00,יחידה,false,,15.50,0.0000,true,1,204229
7290110325879,false,פתיתי גאודה 200 ג' תנובה,תנובה- השף הלבן,IL,פתיתי גאודה 200 גרם,גרמים,200.00,100 גרם,false,,19.90,0.0995,true,1,217058
7290110325893,false,משקה חלב GO מועשר בחלבון בטעם אייס קפה,מיוצר עי קונדיטוריית,IL,משקה תנובה GO אייס ק,גרמים,340.00,100 גרם,false,,7.90,0.0232,true,1,204231
7290110326210,false,יופלה עם פצפוצי שוקולד 167 גרם,מיוצר עי קונדיטוריית,IL,יופלה און טופ פצפוצי,גרמים,157.00,100 גרם,false,,5.90,0.0376,true,1,217020
7290110326227,false,יוגורט און טופ קורנפלקס 157 ג' יופלה,מיוצר עי קונדיטוריית,IL,יופלה און טופ קורנפל,גרמים,157.00,100 גרם,false,,5.90,0.0376,true,1,217041
7290110326234,false,יוגורט און טופ כוכבים 157 ג' יופלה,מיוצר עי קונדיטוריית,IL,יופלה און טופ כוכבים,גרמים,157.00,100 גרם,false,,5.90,0.0376,true,1,217042
7290110326333,false,פרוסות גבינה בסגנון סקנדינבי 31%,פ.פ.ח. שאביט,IL,פרוסות גבינה סקנדינב,גרמים,170.00,100 גרם,false,,19.90,0.1171,true,1,312024
7290110326906,false,חלב טרי נטול לקטוז 3% 1 ליטר,מיוצר עי קונדיטוריית,IL,חלב נטול לקטוז 3% שו,ליטרים,1.00,ליטר,false,,7.90,7.9000,true,1,273027
7290110326999,false,"משקאות חלב+שוקולד קלאסי 340 מ""ל YOLO בקבוק.",תנובה חלב,IL,משקה חלב עם שוקולד ק,מיליליטרים,340.00,"100 מ""ל",false,,7.90,0.0232,true,1,249329
7290110327514,false,משקה שיבולת שועל בטעם אגוזי לוז 1 ליטר אלטרנטיב,תנובה מרכז שיתופי לש,IL,משקה שיבולת שועל בטע,יחידה,0.00,יחידה,false,,15.50,0.0000,true,1,332343
7290110327545,false,יופלה און טופ בטעם תות בתוספת פצפוצים מצופים שוקולד 157 גרם,מיוצר עי קונדיטוריית,IL,יופלה און טופ בטעם ת,גרמים,157.00,100 גרם,false,,5.90,0.0376,true,1,273114
7290110327798,false,חטיף חלבון GO - שוקולד 60 ג' חלב נוכרי - רבנות,"בלמונט קונפקציות בע""",US,GO חטיף חלבון בטעם ש,גרמים,60.00,100 גרם,false,,14.90,0.2483,true,1,317128
7290110327804,false,חטיף חלבון GO - עוגיות 60 ג' חלב נוכרי - רבנות,"בלמונט קונפקציות בע""",US,GO חטיף חלבון בטעם ב,גרמים,60.00,100 גרם,false,,14.90,0.2483,true,1,317129
7290110327828,false,חטיף חלבון GO - חמאת בוטנים 60 ג' חלב נוכרי - רבנות,"בלמונט קונפקציות בע""",US,GO חטיף חלבון עם חמא,גרמים,60.00,100 גרם,false,,14.90,0.2483,true,1,317131
7290110328474,false,גבינת פרמג'יאנו רג'יאנו 30% מחלב בקר,מנדלז סי.אר. פרודקשן,IT,פלח פרמג'יאנו רג'יאנ,גרמים,150.00,100 גרם,false,,27.90,0.1860,true,1,303028
7290110328481,false,פתיתי פרמג'יאנו רג'יאנו מחלב בקר 30%,ברטינלי גיאני א.,IT,פתיתי פרמג'יאנו רג'י,גרמים,100.00,100 גרם,false,,14.90,0.1490,true,1,303184
7290110328627,false,יוגורט יופלה GO במרקם סמיך בטעם בננה קרמל 0%,מיוצר עי קונדיטוריית,IL,יוגורט גו סמיך 0% בנ,גרמים,200.00,100 גרם,false,,6.20,0.0310,true,1,320795
7290110328641,false,טופו טבעי אלתרנתיב 500 גרם,תנובה חלב,IL,טופו טבעי 2 יחידות,גרמים,500.00,100 גרם,false,,19.90,0.0398,true,1,338674
7290110328764,false,יוגורט יופלה GO במרקם סמיך עם תות 0%,מיוצר עי קונדיטוריית,IL,יוגורט גו סמיך 0% תו,גרמים,200.00,100 גרם,false,,6.20,0.0310,true,1,320796
7290110328771,false,יוגורט יופלה GO במרקם סמיך עם פירות יער 0%,מיוצר עי קונדיטוריית,IL,יוגורט גו סמיך 0% פי,גרמים,200.00,100 גרם,false,,6.20,0.0310,true,1,320797
7290110328788,false,יוגורט יופלה GO במרקם סמיך בטעם אפרסק 0%,תנובה מרכז שיתופי לש,IL,יוגורט גו סמיך 0% אפ,גרמים,200.00,100 גרם,false,,6.20,0.0310,true,1,320780
7290110329136,false,מעדן חלב מעושר בחלבון בטעם שוקולד 120 ג' GO,תנובה מרכז שיתופי לש,IL,מעדן חלב גו בטעם שוק,גרמים,120.00,100 גרם,false,,4.90,0.0408,true,1,376063
7290110329143,false,מעדן חלב מעושר בחלבון בטעם וניל גביע 120 ג' GO,תנובה מרכז שיתופי לש,IL,מעדן חלב גו בטעם וני,גרמים,120.00,100 גרם,false,,4.90,0.0408,true,1,376033
7290110329792,false,יוגורט סויה BIO Alternative אפרסק 150 ג' תנובה,מיוצר עי קונדיטוריית,IL,סויה BIO אפרסק גביע,גרמים,150.00,100 גרם,false,,4.70,0.0313,true,1,401027
7290110329808,false,יוגורט סויה BIO Alternative תות 150 ג' תנובה,מיוצר עי קונדיטוריית,IL,סויה BIO תות גביע 15,גרמים,150.00,100 גרם,false,,4.70,0.0313,true,1,401028
7290110329815,false,סויה BIO מתיקות מעודנת גביע 150 גרם אלטרנטיב,מיוצר עי קונדיטוריית,IL,סויה BIO מתיקות מעוד,גרמים,150.00,100 גרם,false,,4.70,0.0313,true,1,401029
7290110329822,false,יוגורט סויה BIO Alternative פירות יער 150 ג' תנובה,מיוצר עי קונדיטוריית,IL,סויה BIO פירות יער ג,גרמים,150.00,100 גרם,false,,4.70,0.0313,true,1,401030
7290110329846,false,יוגורט סויה BIO Alternative בטעם טבעי 150 ג' תנובה,מיוצר עי קונדיטוריית,IL,סויה BIO טבעי גביע 1,גרמים,150.00,100 גרם,false,,4.70,0.0313,true,1,401031
7290110550226,false,מטבעות שוקולד מריר לאפיה 400 גרם עלית,"פוליבה בע""מ",IL,מטבעות שוקולד מריר ל,גרמים,400.00,100 גרם,false,,31.90,0.0797,true,1,436889
7290110550363,false,"פריכיות משולשות תירס, אורז שיבולת שועל, קינואה",אנרג'י Energy - שטראוס,IL,משולש קינואה ומלח ים,גרמים,65.00,100 גרם,false,,12.90,0.1985,true,1,397384
7290110550370,false,פריכיות משולשות קינואה ופלפל שחור 65 גרם,שטראוס גרופ,IL,אנרגי פריכיות משולשו,גרמים,65.00,100 גרם,false,,12.90,0.1985,true,1,505332
7290110552121,false,יוגורט 5% בתוספת סידן וויטמין D היוגורט הראשון שלי,תנובה מרכז שיתופי לש,IL,היוגורט הראשון שלי 5,גרמים,100.00,100 גרם,false,,2.50,0.0250,true,1,448850
7290110552220,false,יוגורט PRO בטעם תות 0% סוכר לבן 20 גרם חלבון בגביע,"שטראוס בריאות בע""מ",IL,דנונה PRO 20 גרם חלב,גרמים,200.00,100 גרם,false,,6.90,0.0345,true,1,393905
7290110552237,false,יוגורט פרו בטעם אפרסק מנגו ללא סוכר 200 ג' דנונה,"שטראוס בריאות בע""מ",IL,דנונה PRO 20 גרם חלב,גרמים,200.00,100 גרם,false,,6.90,0.0345,true,1,393890
7290110552817,false,צנצנת מסטיק - גלידה לימון 58 גרם וועסטהיים,שטראוס גרופ,IL,מסטיק ללא סוכר בטעם,גרמים,66.00,100 גרם,false,,11.90,0.1803,true,1,458205
7290110553036,false,קריספס-פריכיות עם אפונה ובטטה סגולה בטעם בצל מקורמל,"פרח תעשיו מזון בע""מ",IL,פרכית חלבון בטטה סגו,גרמים,60.00,100 גרם,false,,12.90,0.2150,true,1,397386
7290110553180,false,אנרגי פריכיות אורז בטעם תפוח קינמון 50 ג,סאנורייס בלגיום,IL,פריכיות עם תפוח וקינ,גרמים,40.00,100 גרם,false,,8.90,0.2225,true,1,505493
7290110554101,false,"סירופ מייפל טבעי בפאוץ' 125 מ""ל",ציטדל,CA,סירופ מייפל טבעי 125,מיליליטרים,125.00,"100 מ""ל",false,,19.90,0.1592,true,1,497407
7290110554545,false,קפסולת אספרסו לאפוגטו טעם קוקוס 50 ג' עלית,שטראוס גרופ,IL,קפסולות קפה עלית לאפ,גרמים,50.00,100 גרם,false,,19.90,0.3980,true,1,446017
7290110554583,false,מארז חטיפי צ'יטוס פאפס בטעם גבינה - 10 יחידות,שטראוס פריטו ליי (מל,IL,מארז צ'יטוס PUFFS בט,גרמים,200.00,100 גרם,false,,13.90,0.0695,true,1,385952
7290110554729,false,קפסולות עלית אספרסו 04 תואמות למכונות NESPRESSO,שטראוס קפה בי.וי,IL,עלית קפסולות אספרסו,גרמים,50.00,100 גרם,false,,19.90,0.3980,true,1,445680
7290110554798,false,פולי אספרסו עשירים וארומטיים עוצמה 08 250 ג' עלית,שטראוס קפה בי.וי,IL,פולי אספרסו עשירים ו,גרמים,250.00,100 גרם,false,,22.90,0.0916,true,1,421724
7290110555665,false,קקאו דל שומן עלית בקופסא 220 גרם,גיאלוסיס,GR,אבקת קקאו דל שומן 22,גרמים,220.00,100 גרם,false,,19.90,0.0905,true,1,514399
7290110556242,false,"שוקולד מריר פרווה 100 גר' בד""ץ תוצרת חוץ","שטראוס גרופ בע""מ.",IL,שוקולד מריר מעולה 10,גרמים,100.00,100 גרם,false,,6.00,0.0600,true,1,492780
7290110557027,false,חומוס עשיר 50% טחינה גולמית 400 ג' אחלה,מיוצר עי קונדיטוריית,IL,חומוס הסדרה עשיר ב50,גרמים,400.00,100 גרם,false,,15.90,0.0398,true,1,375174
7290110557102,false,מעדן חלב עם שוקולד מועשר בחלבון 150 ג' שטראוס,מיוצר עי קונדיטוריית,IL,מעדן פרו חלב עם שוקו,גרמים,150.00,100 גרם,false,,5.90,0.0393,true,1,358444
7290110557133,false,מעדן הגולן וניל 125 ג' שטראוס,מיוצר עי קונדיטוריית,IL,מעדן הגולן מעדן חלב,גרמים,125.00,100 גרם,false,,3.50,0.0280,true,1,369547
7290110557317,false,יוגורט בתוספת סידן וויטמין ד עם שיבולת שועל 100 ג' דנונה,תנובה מרכז שיתופי לש,IL,היוגורט הראשון שלי ש,גרמים,100.00,100 גרם,false,,2.50,0.0250,true,1,448865
7290110557478,false,חומוס גלילי במרקם מעודן 600 גרם,שטראוס גרופ,IL,חומוס גלילי אחלה 60,גרמים,600.00,100 גרם,false,,14.90,0.0248,true,1,426272
7290110558130,false,יוגורט אקטיביה שיבולת שועל ודבש 150 גרם,שטראוס,IL,אקטיביה עם דבש ושיבו,גרמים,150.00,100 גרם,false,,4.90,0.0327,true,1,446261
7290110558222,false,"וואו יוגורט עם שכבה בטעם בנופי פאי 5.4%, 150ג דנונה","שטראוס בריאות בע""מ",IL,WOW יוגורט בטעם בנופ,גרמים,150.00,100 גרם,false,,4.90,0.0327,true,1,465804
7290110558284,false,יוגורט ביו מולטי 200 ג' דנונה,"שטראוס בריאות בע""מ",IL,דנונה מולטי 3% שומן,מיליליטרים,200.00,"100 מ""ל",false,,4.50,0.0225,true,1,457524
7290110558307,false,יוגורט דנונה PRO עם שיבולת שועל במתיקות מעודנת,"שטראוס בריאות בע""מ",IL,דנונה פרו עם שיבולת,מיליליטרים,200.00,"100 מ""ל",false,,6.90,0.0345,true,1,446837
7290110558314,false,דנונה פרו 20 גרם חלבון ללא סוכר פיסטוק 200 גרם,"שטראוס בריאות בע""מ",IL,דנונה פרו ללא סוכר 2,גרמים,200.00,100 גרם,false,,6.90,0.0345,true,1,465836
7290110558666,false,מעדן גבינה בטעם תפוח 88 ג' דניאלה,"שטראוס בריאות בע""מ",IL,דניאלה בטעם תפוח 88,גרמים,88.00,100 גרם,false,,4.50,0.0511,true,1,495186
7290110560324,false,"הפריכיות הטעימות תפו""א, אורז, אפונה ומלח ים","פרח תעשיו מזון בע""מ",IL,פריכיות משולשות אפונ,גרמים,30.00,100 גרם,false,,5.90,0.1967,true,1,136103
7290110561352,false,דנונה יוגורט ביו פרוביוטי 3% דל לקטוז 150ג',"שטראוס בריאות בע""מ",IL,דנונה ביו דל לקטוז ב,גרמים,200.00,100 גרם,false,,3.90,0.0195,true,1,123319
7290110563431,false,"משקה קפה קר בסגנון קלאסי 230 מ""ל 1.6% יוטבתה",האי נאם סי או אל.טי.,AT,יטבתה משקה קפה קר בס,מיליליטרים,230.00,"100 מ""ל",false,,7.90,0.0343,true,1,138043
7290110563448,false,"משקה קפה קר בסגנון מעודן 230 מ""ל 1.6% יוטבתה",האי נאם סי או אל.טי.,AT,יטבתה משקה קפה קר בס,מיליליטרים,230.00,"100 מ""ל",false,,7.90,0.0343,true,1,138044
7290110563462,false,חלב בבקבוק נטול לקטוז 2% יטבתה 1 ל',מחלבת יטבתה,IL,יטבתה חלב בבקבוק נטו,ליטרים,1.00,ליטר,false,,8.90,8.9000,true,1,139436
7290110564339,false,חומוס אחלה הסידרה המובחר 30% טחינה 400 גר',מיוצר עי קונדיטוריית,IL,חומוס הסדרה המובחרת,גרמים,400.00,100 גרם,false,,15.90,0.0398,true,1,112256
7290110564360,false,חומוס אחלה הסידרה המובחר 40% טחינה 400 גר',מיוצר עי קונדיטוריית,IL,חומוס אחלה עשיר ב 40,גרמים,400.00,100 גרם,false,,15.90,0.0398,true,1,112229
7290110564414,false,חומוס אחלה הסידרה המובחר 30% טחינה 600 גר',מיוצר עי קונדיטוריית,IL,חומוס הסדרה המובחרת,גרמים,600.00,100 גרם,false,,16.90,0.0282,true,1,112292
7290110564742,false,"משקה קפה קר בסגנון חזק 230 מ""ל 1.2% יוטבתה",האי נאם סי או אל.טי.,AT,יטבתה משקה קפה קר בס,מיליליטרים,230.00,"100 מ""ל",false,,7.90,0.0343,true,1,138045
7290110565527,false,יוגורט PRO פרו 1.5% 20 גרם חלבון בגביע,"שטראוס בריאות בע""מ",IL,דנונה PRO 20 גרם חלב,גרמים,200.00,100 גרם,false,,6.90,0.0345,true,1,106264
7290110566975,false,דנונה פרו יוגורט 0% תות עשיר בחלבון 200ג',"שטראוס בריאות בע""מ",IL,דנונה PRO 20 גרם חלב,גרמים,200.00,100 גרם,false,,6.90,0.0345,true,1,123362
7290110568238,false,"קצפת צמחית 21% שומן 250 מ""ל יוטבתה",מחלבת יטבתה,IL,קצפת צימחית 21% במתי,מיליליטרים,250.00,"100 מ""ל",false,,8.90,0.0356,true,1,127437
7290110568276,false,משקה וניל פרו Pro מועשר בחלבון 1.5%,שטראוס גרופ,IL,משקה פרו וניל יטבתה,מיליליטרים,350.00,"100 מ""ל",false,,6.90,0.0197,true,1,124712
7290110568627,false,פסק זמן רול שוקולד חלב קרם אגוזים 26 ג' עלית,STRAUSS-ISRAEL,TR,פסק זמן רול ש.חלב עם,גרמים,28.00,100 גרם,false,,4.90,0.1750,true,1,217477
7290110570224,false,משקה קפה קר בטעם עוגיות 230ג' יוטבתה,אנסטל מילק kg,AT,משקה קפה קר בטעם עוג,מיליליטרים,230.00,"100 מ""ל",false,,7.90,0.0343,true,1,457722
7290110571375,false,"אנרג'י מיקס תערובת צימוקים, תמרים, טופי ושברי פקאן",אנרג'י Energy - שטראוס,GB,מיקס מאגדת צימוקים ת,גרמים,100.00,100 גרם,false,,18.90,0.1890,true,1,466043
7290110571382,false,מעדן חלב בטעם וניל מעושר בחלבון 150 ג' שטראוס,"שטראוס בריאות בע""מ",IL,מעדן חלב מועשר בחלבו,גרמים,150.00,100 גרם,false,,5.50,0.0367,true,1,431643
7290110571399,false,עלית - צנצנת מאסט בטעם גלידה תות,שטראוס גרופ,IL,מסטיק ללא סוכר בטעם,גרמים,66.00,100 גרם,false,,11.90,0.1803,true,1,458220
7290110571535,false,מארז קפה טורקי הל 3*100 ג' עלית,שטראוס קפה בי.וי,IL,קפה עלית טורקי הל מא,גרמים,300.00,100 גרם,false,,27.90,0.0930,true,1,436820
7290110572129,false,כיף כף מקלות שוקולד לבן 40 ג' עלית,סולן בעבור שטראוס,TR,כיף כף מקלות שוקולד,גרמים,40.00,100 גרם,false,,5.90,0.1475,true,1,517025
7290110572884,false,"קפסולות קפה מספר 20 למכונת אספרס אספרסו, 50 גרם",שטראוס קפה בי.וי.,IL,קפסולות אספרסו קפה ע,גרמים,50.00,100 גרם,false,,19.90,0.3980,true,1,514368
7290110572969,false,כיף כף פצפצים עקרם לבן 40ג' עלית,שולן צ'יקולטה גידה ס,TR,כיף כף פצפצים קרם לב,גרמים,40.00,100 גרם,false,,5.90,0.1475,true,1,465966
7290110572976,false,כיף כף פצפצים בגביע במילוי קרם בטעם שוקולד לבן,שולן צ'יקולטה גידה ס,TR,כיף כף פצפצים קרם לב,גרמים,135.00,100 גרם,false,,12.90,0.0956,true,1,465866
7290110576370,false,מארז שלישייה שוקולד מריר חלבי עם אגוזי לוז,שטראוס,IL,מארז שלישיית אגוז מ,גרמים,300.00,100 גרם,false,,27.90,0.0930,true,1,496179
7290110576387,false,מאגדת שלישיית שוקולד אגוז חלב 300 ג' עלית,שטראוס,FR,מארז שלישיית אגוז ח,גרמים,300.00,100 גרם,false,,27.90,0.0930,true,1,496180
7290110576752,false,טבלאות שוקולד ספלנדיד מריר 70% 100 ג' עלית,קימ'ס גריפלנן,BE,שוקולד ספלנדיד מריר,גרמים,100.00,100 גרם,false,,12.90,0.1290,true,1,514476
7290110576776,false,טבלאות שוקולד ספלנדיד מריר 85% 100 ג' עלית,קימ'ס גריפלנן,BE,שוקולד ספלנדיד מריר,גרמים,100.00,100 גרם,false,,12.90,0.1290,true,1,514477
7290110577230,false,משקה חלב פיסטוק 1ליטר יטבתה בקבוק,שטראוס גרופ,IL,משקה חלב פיסטוק יטבת,יחידה,0.00,יחידה,false,,12.90,0.0000,true,1,495107
7290111093470,false,"קוויק מסיר הפלא ספוגית להסרת כתמים, 3 יחידות",,CN,קוויק מבריק פלא להסר,יחידה,0.00,יחידה,false,,11.90,0.0000,true,1,459932
7290111094248,false,"קוויק שקית אשפה חזקה וגדולה במיוחד (90*78), 20 יח'",,TR,שקיות אשפה XL עם שרו,יחידה,0.00,יחידה,false,,21.90,0.0000,true,1,210155
7290111098536,false,מגבונים לחים לתינוק,,,מגבונים לחים לתינוק,יחידה,0.00,יחידה,false,,14.90,0.0000,true,1,429542
7290111285288,false,צלחת במבוק 23 סמ ספיידרמן,שמחה זה אנחנו,CN,צלחת במבוק 9 אנץ,יחידה,0.00,יחידה,false,,10.90,0.0000,true,1,125139
7290111341984,false,לילי - מגבוני נייר טואלט לח פיור רביעייה,קימברלי,IL,לילי טואלט לח PURE מ,יחידה,0.00,יחידה,false,,22.90,0.0000,true,1,192682
7290111342004,false,נייר טואלט לח לילי קידס 56 דפים,חוגלה,IL,לילי נייר טואלט לח ק,יחידה,0.00,יחידה,false,,8.90,0.0000,true,1,143081
7290111342042,false,ניקול כריות יפניות אנטיבקטריאלי 4 יחידות,פלסטו פוליש,IL,כריות יפניות אנטיבקט,יחידה,0.00,יחידה,false,,14.90,0.0000,true,1,207990
7290111342073,false,ניקול - מטליות מיקרופייבר למשטחים אנטיבקטר,חוגלה,IL,מטליות מיקורפייבר אנ,יחידה,0.00,יחידה,false,,14.90,0.0000,true,1,207992
7290111342523,false,מפיות אירוח לשימוש יומיומי ניקול 100 יח,חוגלה קימברלי,IL,מפיות צבעוני ניקול 1,יחידה,0.00,יחידה,false,,8.90,0.0000,true,1,210017
7290111343445,false,מגבונים לחים אנטיבקטריאליים לניקוי וחיטוי משטחים 70% אלכוהול ALCO-WIPES,חוגלה קימברלי,IL,מגבונים לחים לניקוי,יח',160.00,יח',false,,31.90,0.1994,true,1,228040
7290111344459,false,קוטוקס תחבושות נייט אקסטרא לונג 20 יח',חוגלה,CN,תחבושות נייט אקסטרא,יח',18.00,יח',false,,20.90,1.1611,true,1,360566
7290111344824,false,מגן תחתון קוטקס אקסטרא אנטיבקטריאלי לארג',חוגלה,CN,מגיני תחתון אנטיבקטר,יחידה,0.00,יחידה,false,,18.90,0.0000,true,1,386523
7290111344831,false,קוטקס - מגיני יום אקסטרא פרוטקט נורמל ביג 60 יח',חוגלה קימברלי,CN,מגיני תחתון סופר פרו,יחידה,0.00,יחידה,false,,18.90,0.0000,true,1,386507
7290111350030,false,רסק תפוחי עץ טבעי בצנצנת 670 גרם קלית גת,"ג'י אנד ג'י בע""מ",IL,רסק תפוחי עץ טבעי קל,גרמים,670.00,100 גרם,false,,12.90,0.0193,true,1,15337
7290111350726,false,חטיף נאצוס הוטפופ בסגנון מקסיקני 322 גר,ליימן מותגים,US,הוטפופ נאצ'וס בסגנון,גרמים,322.00,100 גרם,false,,18.90,0.0587,true,1,140125
7290111353123,false,"גומי נחש מסוכר 200 גר' וסטהיים (כש""לפ בית יוסף)",טופגם תעשיות ממתקים,IL,יוגטה סוכריות גומי נ,גרמים,200.00,100 גרם,false,,10.90,0.0545,true,1,265921
7290111353680,false,גרעיני חמנייה קלויים,קליית גת,,גרעיני חמנייה 350 גר,גרמים,350.00,100 גרם,false,,12.90,0.0369,true,1,312739
7290111354748,false,כדורגל קליית גת מתנה,,CN,כדורגל קליית גת מתנה,יחידה,0.00,יחידה,false,,0.01,0.0000,true,1,504921
7290111560873,false,בונז'ור לחמניה עגולה 100ג',Unknown,,בונזור לחמניה עגולה,יח',1.00,יח',false,,3.30,3.3000,true,1,77761
7290111564277,false,פריכיות דקות ונימוחות 3 דגנים פיטנס Fitness,פרח תעשיות,IL,פריכיות 3 דגנים דקות,גרמים,120.00,100 גרם,false,,12.90,0.1075,true,1,87819
7290111564291,false,פריכיות דקות ונימוחות 3 דגנים וקינואה פיטנס Fitness,פרח תעשיות,IL,פריכיות קינואה דקות,גרמים,120.00,100 גרם,false,,12.90,0.1075,true,1,87820
7290111564666,false,כדורי בשר צמחוניים עם המון חלבון,טבעול ישראל,IL,כדורי בשר 500 גרם,גרמים,630.00,100 גרם,false,,34.90,0.0554,true,1,112122
7290111565502,false,ארטיק אוראו וניל ועוגיות סנדוויץ נסטלה 80 ג',ג'נרל מילס סאן אדריא,IT,סנדוויץ אוראו,יחידה,0.00,יחידה,false,,9.90,0.0000,true,1,111837
7290111566127,false,מאגדת אוראו מיני סנדוויץ' 6 יח' נסטלה,ג'נרל מילס סאן אדריא,IT,אוראו מאגדת סנדביץ 6,גרמים,198.00,100 גרם,false,,28.90,0.1460,true,1,111806
7290111566271,false,טבעול חטיפי תירס 657גרם,עיצובים 2020 (4.8),IL,חטיפי תירס טבעול 65,גרמים,657.00,100 גרם,false,,36.90,0.0562,true,1,112097
7290111566318,false,שניצל דק מן הצומח בטעם ביתי 700 גרם,עיצובים 2020 (4.8),IL,שניצל דק צמחוני בט,גרמים,564.00,100 גרם,false,,37.90,0.0672,true,1,118618
7290111566332,false,"נקניקיות וינר מן הצומח 680 גרם ""טבעול""",עיצובים 2020 (4.8),IL,נקניקיה וינר 680 גר,גרמים,680.00,100 גרם,false,,37.90,0.0557,true,1,118619
7290111566417,false,טבעול טחון מן הצומח משופר 400 גרם,עיצובים 2020 (4.8),IL,טחון מן הצומח 500,גרמים,500.00,100 גרם,false,,34.90,0.0698,true,1,118620
7290111566561,false,"שניצל ברוקולי 99 קלוריות 560 גר' ""טבעול""",עיצובים 2020 (4.8),IL,טבעול שניצל ברוקולי,גרמים,630.00,100 גרם,false,,37.90,0.0602,true,1,118623
7290111566585,false,"שניצל צמחוני 99 קלוריות 650 גר' ""טבעול""",עיצובים 2020 (4.8),IL,שניצל מן הצומח מופח,גרמים,650.00,100 גרם,false,,37.90,0.0583,true,1,118624
7290111566660,false,טבעול קציצות עדשים כתומות 525 גרם,עיצובים 2020 (4.8),IL,קציצות עדשים כתומות,גרמים,530.00,100 גרם,false,,37.90,0.0715,true,1,118625
7290111566776,false,"נקניקיות קוקטייל מן הצומח 680 גרם ""טבעול""",עיצובים 2020 (4.8),IL,נקנקיות קוקטייל מן,גרמים,680.00,100 גרם,false,,37.90,0.0557,true,1,118630
7290111568275,false,אטריות נודלס אורז רחבות אסם אסייתי 300גרם,תאי פרזידנט,TH,נודלס אטריות אורז רח,גרמים,300.00,100 גרם,false,,10.90,0.0363,true,1,125126
7290111879074,false,בקבוק טריטן מרובע 60,,,בקבוק טריטן מרובע 60,יחידה,0.00,יחידה,false,,24.90,0.0000,true,1,125824
7290111930898,false,חטיף פוף כוכבים גריל אמריקאי 40 גרם,פוף POOF,IL,פוף כוכבים גריל אמרי,גרמים,40.00,100 גרם,false,,4.90,0.1225,true,1,101669
7290111930928,false,חטיף פוף לבבות גריל 40 גרם,פוף POOF,IL,"פוף לבבות גריל 40 ג""",גרמים,40.00,100 גרם,false,,4.90,0.1225,true,1,101672
7290111937262,false,"פרי מארז חטיפי 5יח תמרים ,אגוזים ושברי קקאו 125גר",טבעית מוצרים מן הטבע,IL,פרי מארז חטיפים תמרי,גרמים,125.00,100 גרם,false,,18.90,0.1512,true,1,137858
7290112000408,false,מנקה ומחטא עוצמתי לניקוי כללי בניחוח לימון,רקיט בנקיזר,US,תרסיס ניקוי וחיטוי ר,מיליליטרים,750.00,"100 מ""ל",false,,17.90,0.0239,true,1,131805
7290112000880,false,מטליות לחות למטבח מנקה ומחטא עוצמתי,רקיט בנקיזר,PL,מגבונים למטבח 60 יח',יח',60.00,יח',false,,12.90,0.2150,true,1,131810
7290112002099,false,קולון גל כביסה מרוכז 2.5 ליטר קלאסי,רקיט בנקיזר,IL,קולון ג'ל 2.5 ליטר ב,ליטרים,2.50,ליטר,false,,30.90,12.3600,true,1,187243
7290112002143,false,ג'ל כביסה מרוכז קולון 101 בניחוח לילך,רקיט בנקיזר,IL,קולון ג'ל 4 ליטר ליל,ליטרים,4.00,ליטר,false,,38.90,9.7250,true,1,187248
7290112004413,false,ניש ספריי להסרת כתמים מבגדים לבנים 750 מ,רקיט בנקיזר,PL,מסיר כתמים ספריי כבי,מיליליטרים,750.00,"100 מ""ל",false,,19.90,0.0265,true,1,422335
7290112005052,false,וניש תוסף כביסה רב תכליתי לבגדים לבנים,קליה וניש Kalia Vanish,IT,וניש אבקה לכביסה לבנ,ליטרים,1500.00,100 ליטר,false,,42.90,0.0286,true,1,466572
7290112005083,false,וניש תוסף כביסה רב תכליתי לכביסה צבעונית,קליה וניש Kalia Vanish,IT,וניש אבקה לכביסה צבע,ליטרים,1.50,100 ליטר,false,,42.90,28.6000,true,1,466557
7290112191069,false,טורטייה מזונות תפוחים 320 ג',,,8 טורטיות מזונות ברי,גרמים,320.00,100 גרם,false,,9.90,0.0309,true,1,138326
7290112191274,false,טורטיה מקמח חיטה 780גרם 12 יחידות,,,12 טורטיות מקמח חיט,גרמים,780.00,100 גרם,false,,14.90,0.0191,true,1,138333
7290112196774,false,ביסקוויט כוסמין חצי מצופה 175 גרם,,,ביסקוויט חצי מצופה כ,גרמים,175.00,100 גרם,false,,13.90,0.0794,true,1,476906
7290112330352,false,"יוגורט PRO בטעם וניל 0% , 20 גרם חלבון בגביע","שטראוס בריאות בע""מ",IL,דנונה פרו 20 גר וניל,גרמים,200.00,100 גרם,false,,6.90,0.0345,true,1,142251
7290112330390,false,יוגורט PRO בטעם פירות יער 0% 20 גרם חלבון בגביע,"שטראוס בריאות בע""מ",IL,דנונה פרו 20 גר פירו,גרמים,200.00,100 גרם,false,,6.90,0.0345,true,1,142252
7290112330420,false,דנונה פרו לבן 2.9% שומן 150 ג',מיוצר עי קונדיטוריית,IL,דנונה פרו לבן 2.9% 1,גרמים,150.00,100 גרם,false,,4.90,0.0327,true,1,138018
7290112332691,false,פינוקיות עוגיות קרם פסק זמן אגוזים 200 גרם,הגביע מוצרי ופלים בע,IL,פינוקיות עוגיית קרם,גרמים,200.00,100 גרם,false,,13.90,0.0695,true,1,145939
7290112332899,false,עלית - צנצנת בזוקה פופים קלאסי 58 גרם,רוג'ר אנד רוג'ר,IL,מאסט בזוקה פופים קלא,גרמים,58.00,100 גרם,false,,11.90,0.2052,true,1,143362
7290112334596,false,שוקולית+10% תוספת 850 גר',שטראוס קפה בי.וי,IL,אבקה להכנת שוקו 850,גרמים,935.00,100 גרם,false,,18.90,0.0202,true,1,519304
7290112334749,false,קפה טורקי שקית 10% תוספת 200 ג' עלית,שטראוס קפה בי.וי,IL,עלית טורקי שקית 200,גרמים,220.00,100 גרם,false,,18.90,0.0859,true,1,144418
7290112335487,false,פריכיות הטעימות קצח ודגנים אנרגי 135 גר,אנרג'י Energy - שטראוס,IL,פריכיות הטעימות קצח,גרמים,135.00,100 גרם,false,,13.90,0.1030,true,1,143401
7290112335494,false,הפריכיות הטעימות תפוחי אדמה בטעם פוטטוס,"פרח תעשיות מזון בע""מ",IL,פריכיות הטעימות פוטט,גרמים,135.00,100 גרם,false,,13.90,0.1030,true,1,143402
7290112336637,false,סוכריות מאסט Must ללא סוכר יוגורט תות ואוכניות,שטראוס גרופ,PL,"סוכריות מאסט לל""ס יו",גרמים,80.00,100 גרם,false,,8.90,0.1113,true,1,188065
7290112336644,false,סוכריות מאסט ללא סוכר לימון 80 ג' עלית,שטראוס גרופ,PL,"סוכריות מאסט לל""ס לי",גרמים,80.00,100 גרם,false,,8.90,0.1113,true,1,188066
7290112336712,false,יוגורט PRO לבן 0% 21 גרם חלבון בגביע,"שטראוס בריאות בע""מ",IL,דנונה פרו 21 0% שומן,גרמים,200.00,100 גרם,false,,6.90,0.0345,true,1,139440
7290112337474,false,סוכריות מאסט ללא סוכר פטל לימון 80 ג' עלית,שטראוס גרופ,PL,"סוכריות מאסט לל""ס פט",גרמים,80.00,100 גרם,false,,8.90,0.1113,true,1,188068
7290112337481,false,סוכריות מאסט ללא סוכר קפצ''ינו 80 ג' עלית,שטראוס גרופ,PL,"סוכריות מאסט לל""ס קפ",גרמים,80.00,100 גרם,false,,8.90,0.1113,true,1,188069
7290112338877,false,מעדן גבינה בטעם תות 3% 125ג' סקי,"שטראוס בריאות בע""מ",IL,גבינת סקי תות 3% 125,גרמים,125.00,100 גרם,false,,3.90,0.0312,true,1,136365
7290112339171,false,מילקי מוס עם שוקולד וקצפת,מיוצר עי קונדיטוריית,IL,מילקי מוס 81 גרם.,גרמים,81.00,100 גרם,false,,3.90,0.0481,true,1,136367
7290112339362,false,דנונה לייט אנד פריי בטעם קפוצ'ינו 150 גרם,דנונה - שטראוס,IL,דנונה לייט אנד פריי,גרמים,150.00,100 גרם,false,,4.90,0.0327,true,1,193530
7290112339867,false,גמדים לדרך גבינה לבנה עם מחית תות,שטראוס,IL,גמדים סקוויז בודד תו,גרמים,100.00,100 גרם,false,,5.90,0.0590,true,1,138026
7290112339874,false,גמדים לדרך גבינה לבנה עם מחיות תות ובננה,שטראוס,IL,גמדים סקוויז בודד תו,גרמים,100.00,100 גרם,false,,5.90,0.0590,true,1,138027
7290112340122,false,פריכיות טעימות 3 דגנים אנרגי 135 גר,אנרג'י Energy - שטראוס,IL,פריכיות הטעימות 3 דג,גרמים,135.00,100 גרם,false,,13.90,0.1030,true,1,143404
7290112341556,false,אקטיביה עם צ'יה ותות 150 ג' דנונה,דנונה - שטראוס,IL,אקטיביה עם צ'יה ותות,גרמים,150.00,100 גרם,false,,4.90,0.0327,true,1,187223
7290112342102,false,סימפוניה גבינה במרקם שמנת בצל מקורמל 5%,"שטראוס בריאות בע""מ",IL,סימפוניה 5% בצל מקור,גרמים,200.00,100 גרם,false,,12.90,0.0645,true,1,207420
7290112343260,false,"יטבתה רוטב שמנת קלאסי 9% שומן 260 מ""ל",שטראוס גרופ,IL,יטבתה רוטב שמנת קלאס,גרמים,260.00,100 גרם,false,,11.90,0.0458,true,1,195565
7290112343420,false,"משקה חלב עם דגנים מלאים ובננה פרו יטבתה 350מ""ל",מחלבת יטבתה,IL,משקה יטבתה פרו 20 אר,מיליליטרים,350.00,"100 מ""ל",false,,7.90,0.0226,true,1,195568
7290112343499,false,חטיף צ'יטוס פאפס אפוי בטעם גבינה,"שטראוס פריטו ליי בע""",IL,ציטוס Puffs בטעם גבי,גרמים,55.00,100 גרם,false,,3.90,0.0709,true,1,360783
7290112344564,false,רביולי גבינה קלאסי שטראוס 400 ג',מיוצר עי קונדיטוריית,IL,EAT GOOD רביולי גבינ,גרמים,400.00,100 גרם,false,,22.90,0.0572,true,1,187695
7290112344724,false,מעדן בטעם שוקולד בלונדי 170 ג' מילקי,מיוצר עי קונדיטוריית,IL,מילקי בטעם שוקולד בל,מיליליטרים,170.00,"100 מ""ל",false,,3.90,0.0229,true,1,195556
7290112346360,false,בפלות אחת אחת ופל בטעם שוקולד מצופה שוקולד,הגביע מוצרי וופלים ב,GR,בפלות אחת אחת בציפוי,גרמים,180.00,100 גרם,false,,15.90,0.0883,true,1,207497
7290112346537,false,עוגיות פינוקיות בטעם טורטית 200 ג' עלית,הגביע מוצרי ופלים בע,IL,פינוקיות עוגיות בטעם,גרמים,200.00,100 גרם,false,,13.90,0.0695,true,1,200639
7290112346629,false,דנונה בר יוגורט+קורנפלקס מצופה שוקולד חלב ולבן 172 גרם,דנונה - שטראוס,IL,דנונה קראנצ' עם קורנ,מיליליטרים,172.00,"100 מ""ל",false,,4.90,0.0285,true,1,236669
7290112346827,false,אקטימל ויטמין c פטל שמינייה 864 גרם,שטראוס גרופ,IL,אקטימל ויטמין C פטל,מיליליטרים,800.00,"100 מ""ל",false,,23.90,0.0299,true,1,268428
7290112347008,false,גמדים לדרך גבינה לבנה עם מחית תות ושיבולת שועל,מיוצר עי קונדיטוריית,IL,גמדים ארוחת בוקר תות,גרמים,100.00,100 גרם,false,,5.90,0.0590,true,1,195545
7290112348142,false,שעועית לבנה 380 גר' בקופסה טעם הטבע,שטראוס טעם הטבע,IT,שעועית לבנה טעם הטבע,גרמים,380.00,100 גרם,false,,7.90,0.0208,true,1,228658
7290112349316,false,מסטיק בזוקה פופים ממולא בטעם תות ללא סוכר,רוג'ר אנד רוג'ר,DE,בזוקה ביג פופים בטעם,גרמים,86.00,100 גרם,false,,14.90,0.1733,true,1,223540
7290112349606,false,מעדן גבינה ויוגורט תות בננה 88 ג' דניאלה,"שטראוס בריאות בע""מ",IL,דניאלה תות בננה 150,מיליליטרים,150.00,"100 מ""ל",false,,4.50,0.0300,true,1,393920
7290112349705,false,פומודורו רוטב עגבניות קלאסי לפסטה 350 גר' יד מרדכי,אמיליאנה קונסרב סוסי,IT,רוטב עגבניות פומודרו,גרמים,350.00,100 גרם,false,,12.90,0.0369,true,1,208647
7290112351067,false,סילאן טבעי 100% תמר מג'הול ללא תוספת סוכר,יד מרדכי,IL,סילאן טבעי לחיץ יד מ,גרמים,630.00,100 גרם,false,,26.90,0.0427,true,1,226496
7290112354945,false,חטיף תפוצ'יפס WAVY בטעם טבעי,שטראוס פריטו ליי בע”,IL,תפוצ'יפס wavy 50 גר,גרמים,50.00,100 גרם,false,,4.90,0.0980,true,1,518098
7290112354952,false,חטיף תפוצ'יפס WAVY בטעם פפריקה,שטראוס פריטו ליי בע”,IL,תפוצ'יפס wavy פפריקה,גרמים,50.00,100 גרם,false,,4.90,0.0980,true,1,518099
7290112355027,false,דנונה פרו 20 גרם חלבון קרמל מלוח 200 גרם,"שטראוס בריאות בע""מ",IL,דנונה פרו 20 גר' בטע,גרמים,200.00,100 גרם,false,,6.90,0.0345,true,1,274031
7290112355102,false,גמדים סקוויז 100 גרם פאוץ סלט פירות 100 גרם,"שטראוס בריאות בע""מ",IL,סקוויז גמדים לדרך סל,גרמים,100.00,100 גרם,false,,5.90,0.0590,true,1,280602
7290112355393,false,"יטבתה רוטב שמנת+בטטה 9% שומן 250 מ""ל",שטראוס גרופ,IL,רוטב שמנת עם בטטה 9%,גרמים,257.00,100 גרם,false,,11.90,0.0463,true,1,496889
7290112355775,false,גבינת סימפוניה עם עירית 200 גרם,"שטראוס בריאות בע""מ",IL,סימפוניה עירית 200 ג,גרמים,200.00,100 גרם,false,,12.90,0.0645,true,1,465851
7290112357069,false,מחית עגבניות איטלקיות בקופסה 500 גר' טעם הטבע,שטראוס טעם הטבע,IT,מחית עגבניות איטלקיו,גרמים,500.00,100 גרם,false,,7.90,0.0158,true,1,228660
7290112357106,false,שעועית אדומה 380 גר' בקופסה טעם הטבע,שטראוס טעם הטבע,IT,שעועית אדומה טעם הטב,גרמים,380.00,100 גרם,false,,7.90,0.0208,true,1,228661
7290112357113,false,גרגרי חומוס בקופסה 380 גר' טעם הטבע,שטראוס טעם הטבע,IT,גרגרי חומוס טעם הטבע,גרמים,380.00,100 גרם,false,,7.90,0.0208,true,1,228662
7290112358004,false,פסק זמן קראנצ' עלית 32 גרם,שולן צ'יקולטה גידה ס,IL,פסק זמן קראנץ' 32 גר,גרמים,32.00,100 גרם,false,,5.90,0.1844,true,1,290808
7290112358127,false,דנונה פרו חלבון+מגנזיום- וניל ועוגיות 200 גרם,מיוצר עי קונדיטוריית,IL,דנונה פרו 20 גר עם מ,גרמים,200.00,100 גרם,false,,6.90,0.0345,true,1,268443
7290112358240,false,רוטב גריל יד מרדכי 300 גרם,"בית אל מזון בע""מ",IL,יד מורדכי רוטב גריל,מיליליטרים,300.00,"100 מ""ל",false,,15.90,0.0530,true,1,289536
7290112358431,false,עד חצות דאבל ביסקוויט עם שוקולד חלב -8 אריזות אישיות,הדקלאים אגודת שיתופי,IL,דאבל ביסקוויט עם שוק,גרמים,200.00,100 גרם,false,,15.90,0.0795,true,1,305408
7290112490032,false,"נמס בכוס תירס קנור בד""ץ, זוגי 22.5X2 גרם,",יוניליוור,IL,נמס בכוס תירס קנור 2,גרמים,45.00,100 גרם,false,,7.90,0.1756,true,1,129872
7290112490209,false,נמס בכוס מרק עגבניות עם קרוטונים רכיבים טבעיים,אתר חיפה אבקות - Foo,IL,נמס בכוס מרק עגבניות,גרמים,56.00,100 גרם,false,,7.90,0.1411,true,1,131528
7290112490216,false,נמס בכוס מרק עוף עם קרוטונים רכיבים טבעיים,אתר חיפה אבקות - Foo,IL,נמס בכוס בטעם עוף קר,יחידה,48.00,יחידה,false,,7.90,0.1646,true,1,129952
7290112490230,false,קנור מרק נמס בכוס אפונה רכיבים טבעיים,אתר חיפה אבקות - Foo,IL,נמס בכוס אפונה רכיבי,גרמים,50.00,100 גרם,false,,7.90,0.1580,true,1,129953
7290112490650,false,קונפיטורה תות שדה 340 גרם-צנצנת,קונפיטורות לה-ארדניי,IL,קונפיטורה 778 תות שד,גרמים,340.00,100 גרם,false,,16.90,0.0497,true,1,126532
7290112491695,false,קונפיטורה משמש לייט 50%778פרי 260 גר',778,IL,קונפיטורת 778 משמש ל,גרמים,260.00,100 גרם,false,,16.90,0.0650,true,1,288089
7290112491701,false,ברנפלקס בטעם וניל מעודן 20% חלבון Extra Protein,יוניליוור ישראל מזון,IL,ברנפלקס אקסטרה פרוטא,גרמים,400.00,100 גרם,false,,26.90,0.0672,true,1,138202
7290112492463,false,"שמפו ומרכך פינוק 2 ב1 לשיער רגיל 700 מ""ל",יוניליוור ישראל טיפו,IL,פינוק 2ב1 לשיער רגיל,מיליליטרים,700.00,"100 מ""ל",false,,11.90,0.0170,true,1,215241
7290112492487,false,פינוק שמפו לשיער עם שמן מרוקאי 700 מל,יוניליוור ישראל טיפו,IL,פינוק שמפו שמן מרוקא,מיליליטרים,700.00,"100 מ""ל",false,,11.90,0.0170,true,1,215242
7290112492531,false,פינוק מרכך שיער רגיל 700 מל-חדש,אתר ליוור - HPC,IL,פינוק מרכך לשיער רגי,מיליליטרים,700.00,"100 מ""ל",false,,11.90,0.0170,true,1,215244
7290112492548,false,"מרכך פינוק עם שמן חוחובה 700 מ""ל",אתר ליוור - HPC,IL,פינוק מרכך לשיער יבש,מיליליטרים,700.00,"100 מ""ל",false,,11.90,0.0170,true,1,215245
7290112492968,false,"אבקת מרק בצל קנור כשל""פ 400 גר'",יונליוור ישראל מזון,IL,מרק קנור בצל 400 גרם,גרמים,400.00,100 גרם,false,,15.90,0.0398,true,1,211649
7290112492982,false,"אבקת מרק פטריות כשל""פ 100% רכיבים טבעיים 400 גרם",יוניליוור ישראל מזון,IL,מרק פטריות 100% רכיב,יח',400.00,יח',false,,31.90,0.0797,true,1,233579
7290112492999,false,קנור מרק עוף אמיתי 400 גרם פרווה,יוניליוור ישראל מזון,IL,מרק טעם עוף קנור 400,גרמים,400.00,100 גרם,false,,18.90,0.0472,true,1,200954
7290112493316,false,מרק אפונה רכיבים טבעיים 117 ג' קנור,יוניליוור,IL,מרק היום מרק אפונה 1,גרמים,117.00,100 גרם,false,,12.50,0.1068,true,1,158126
7290112494276,false,קליק כריות בתפזורת כשר לפסח,יוניליוור ישראל מזון,IL,קליק כריות 65 גרם,גרמים,65.00,100 גרם,false,,6.90,0.1062,true,1,192702
7290112494351,false,תלמה קורנפלקס של אלופים 850 גרם,יוניליוור שפע ישראל,IL,קורנפלקס של אלופים ת,גרמים,850.00,100 גרם,false,,19.90,0.0234,true,1,215044
7290112494993,false,דגני בוקר וניל 686ג' כריות,יוניליוור שפע ישראל,IL,"כריות וניל תלמה בד""ץ",גרמים,686.00,100 גרם,false,,31.90,0.0465,true,1,193276
7290112495020,false,כריות צוקולדה בדצ מאוחד 750 גר,יוניליוור שפע ישראל,IL,כריות צוקולדה תלמה ב,גרמים,686.00,100 גרם,false,,31.90,0.0465,true,1,193278
7290112495433,false,דגני דליפקאן תוספת אגוזי פקאן ושקדים 400 גר,יוניליור שפע ישראל ב,IL,"דליפקאן תלמה בד""ץ 40",גרמים,400.00,100 גרם,false,,26.90,0.0672,true,1,165107
7290112495815,false,רוטב סלט חרדל דבש לייט הלמנס 305ג',יוניליוור ישראל מזון,IL,הלמנס רוטב לסלט חרדל,מיליליטרים,305.00,"100 מ""ל",false,,12.90,0.0423,true,1,213421
7290112495822,false,כריות BLAK שוקולד וניל 686 גר',יוניליוור שפע ישראל,IL,"כריות בלאק תלמה בד""ץ",גרמים,686.00,100 גרם,false,,31.90,0.0465,true,1,207723
7290112495921,false,"מרק דגש בטעם עוף 1 ק""ג כשל""פ",יוניליוור ישראל מזון,IL,מרק דגש בשקית קנור 1,קילוגרמים,1.00,"ק""ג",false,,17.90,17.9000,true,1,211111
7290112495983,false,פרכיות פתיתבציפוי שוקולד חלב ושבבי קרמל מלוח 39 גר',גוד פוד פרודקטס Sp.z,PL,פתית פריכיות תירס שו,גרמים,39.00,100 גרם,false,,5.90,0.1513,true,1,233619
7290112497000,false,פנטסטיק תרכיז ניקוי רב תכליתי בניחוח לימון,"זוהר דליה, קיבוץ דלי",IL,סיף פנטסטיק ניקוי כל,יחידה,0.00,יחידה,false,,14.90,0.0000,true,1,223496
7290112497994,false,"גרנולה תלמה פרוטאין בתוספת חלבון ואגוזים, 300 גרם",חטיפי העמק,IL,גרנולה PROTEIN בתוספ,גרמים,300.00,100 גרם,false,,17.90,0.0597,true,1,339937
7290112498922,false,מאגדת מיני מגנום שוקולד לבן 250 ג',"מיוצר ע""י גלידת שטרא",IL,מאגדת מיני מגנום לבן,גרמים,310.00,100 גרם,false,,31.90,0.1029,true,1,317494
7290112499462,false,פינוק תחליב רחצה 700 בתוספת שמן קוקוס,יוניליוור ישראל טיפו,IL,תחליב רחצה בתוספת שמ,מיליליטרים,700.00,"100 מ""ל",false,,10.90,0.0156,true,1,317570
7290112499509,false,"רקסונה - דאודורנט ספריי לאישה בניחוח אפרסק ולמון גראס 150 מ""ל",קוסטר - תורכיה,RU,רקסונה ספריי בניחוח,מיליליטרים,150.00,"100 מ""ל",false,,15.90,0.1060,true,1,475273
7290112960856,false,גלידה בשומן צמחי בטעם ריבת חלב ומטבע שוקולד,שוורצקוף& הנקל דיסלד,IL,אקסטרים מטבע שוקולד,גרמים,115.00,100 גרם,false,,9.90,0.0861,true,1,143000
7290112961440,false,פיטנס חטיפי פריכיות שוקולד מריר 84 גרם,פרח תעשיות,IL,פיטנס בר פריכיות שוק,גרמים,84.00,100 גרם,false,,15.90,0.1893,true,1,226119
7290112961464,false,פיטנס חטיפי פריכיות דגנים וחומוס מתובלות,"פרח תעשיות מזון בע""מ",IL,חטיפי פריכיות דקות מ,גרמים,60.00,100 גרם,false,,8.90,0.1483,true,1,137643
7290112962003,false,שלגון קראנץ וניל עוגיות 90 גרם,שוורצקוף& הנקל דיסלד,IL,קראנץ' וניל עוגיות,יחידה,0.00,יחידה,false,,10.90,0.0000,true,1,143148
7290112962546,false,ארטיק לה פרוטה מלון תפוח מאגדת 443 גר',שוורצקוף& הנקל דיסלד,IL,לה פרוטה מלון תפוח 5,גרמים,350.00,100 גרם,false,,29.90,0.0854,true,1,137795
7290112962737,false,טבעול שניצל מן הצומח עם חלבון 664 גרם,עיצובים 2020 (4.8),IL,טבעול שניצל מן הצומח,גרמים,664.00,100 גרם,false,,37.90,0.0571,true,1,136816
7290112963918,false,פיטנס חטיפי קרקר דק רוזמרין 140 גרם,נסטלה Nestle,IL,פיטנס חטיפי קרקר דק,גרמים,140.00,100 גרם,false,,14.90,0.1064,true,1,152617
7290112964410,false,אסם רוטב אלף האיים חדש לסלט 290 גרם,"אסם תעשיות בע""מ",IL,אסם רוטב אלף האיים ל,מיליליטרים,290.00,"100 מ""ל",false,,13.90,0.0479,true,1,146237
7290112964564,false,"רוטב אלף האיים לייט לסלט 290 מ""ל אסם","אסם תעשיות בע""מ",IL,אסם רוטב אלף האיים ל,מיליליטרים,295.00,"100 מ""ל",false,,13.90,0.0471,true,1,146228
7290112964687,false,בונז'ור לחם מחמצת דגנים 12*480גר,בונז'ור,,לחם מחמצת אגוזים דגנ,גרמים,480.00,100 גרם,false,,22.90,0.0477,true,1,141871
7290112965165,false,מרק נמס בטעם פטריות זוג * 24 ג' אסם,"אסם תעשיות בע""מ",IL,זוג מרק נמס פטריות ב,גרמים,48.00,100 גרם,false,,6.90,0.1438,true,1,152618
7290112965325,false,תבשיל אורז ספרדי אוסם 140 גרם,"אסם תעשיות בע""מ",IL,אורז ספרדי אסם 140 ג,גרמים,140.00,100 גרם,false,,13.90,0.0993,true,1,194831
7290112965585,false,פסטה פרפקטו קסרצ'ה 500 גרם,אסם פרפקטו Perfecto,IT,פסטה קסרצה פרפקטו 50,גרמים,500.00,100 גרם,false,,7.90,0.0158,true,1,159110
7290112965905,false,אסם בייגלה שמיניות במליחות מעודנת 400 גרם,מיוצר עי קונדיטוריית,IL,אסם בייגלה שמיניות ב,גרמים,400.00,100 גרם,false,,12.90,0.0323,true,1,195689
7290112965943,false,טבעול נאגטס ירקות ירוקים 6*500גרם,טבעול תעשיות מזון בע,IL,טבעול נאגטס ירקות יר,גרמים,500.00,100 גרם,false,,37.90,0.0758,true,1,272491
7290112965967,false,טבעול נאגטס ירקות כתומים 6*500גרם,טבעול תעשיות מזון בע,IL,טבעול נאגטס ירקות כת,גרמים,500.00,100 גרם,false,,37.90,0.0758,true,1,272492
7290112965981,false,טבעול גורמה ארוחת דגנים 450 גרם,טבעול (מקבוצת אסם הש,IL,טבעול גורמה ארוחת דג,גרמים,450.00,100 גרם,false,,36.90,0.0820,true,1,468218
7290112966001,false,"טבעול גורמה ארוחת ירוקים, 450 גרם",טבעול (מקבוצת אסם הש,IL,טבעול גורמה ארוחת יר,גרמים,450.00,100 גרם,false,,36.90,0.0820,true,1,468219
7290112966094,false,הבית עוגת תפוז מופחתת סוכר 400 גרם,מיוצר עי קונדיטוריית,IL,עוגת הבית תפוז מופחת,גרמים,400.00,100 גרם,false,,15.90,0.0398,true,1,194848
7290112966681,false,בונז'ור בייגל רומני,,,בייגל רומני 150 גרם,גרמים,150.00,100 גרם,false,,5.90,0.0393,true,1,194443
7290112966780,false,צבר טחינה בלאדי עם חציל קלוי 350 גרם,שוורצקוף& הנקל דיסלד,IL,צבר טחינה בלאדי עם ח,גרמים,350.00,100 גרם,false,,16.90,0.0483,true,1,189486
7290112966827,false,אסם אינסטנט פודינג שוקולד כלפ 12*90גרם,מיוצר עי קונדיטוריית,IL,אסם אינסטנט פודינג ש,גרמים,80.00,100 גרם,false,,6.50,0.0813,true,1,210785
7290112968203,false,צבר סלט טחינה בלאדי 6*250גרם,שוורצקוף& הנקל דיסלד,IL,סלט טחינה בלאדי צבר,גרמים,250.00,100 גרם,false,,13.90,0.0556,true,1,208838
7290112968821,false,פיטנס - קרקר דק בטטה 140 גרם,מפעל אסם יקנעם,IL,פיטנס קרקר דק בטטה 1,גרמים,140.00,100 גרם,false,,14.90,0.1064,true,1,281310
7290112969903,false,טבעול נאגטס ירקות לבנים 6*500גרם,טבעול תעשיות מזון בע,IL,טבעול נאגטס ירקות לב,גרמים,500.00,100 גרם,false,,37.90,0.0758,true,1,272493
7290113100565,false,מחבת 20 ס`מ אינדוקצי,,,מחבת 20 ס`מ אינדוקצי,יחידה,0.00,יחידה,false,,219.90,0.0000,true,1,126913
7290113100633,false,תבנית אינגליש +מכסה,,,תבנית אינגליש +מכסה,יחידה,0.00,יחידה,false,,149.50,0.0000,true,1,127208
7290113100701,false,תבנית אפיה+ תחתית,,,תבנית אפיה+ תחתית,יחידה,0.00,יחידה,false,,53.90,0.0000,true,1,127225
7290113100817,false,לקקן סיליקון,,,לקקן סיליקון,יחידה,0.00,יחידה,false,,20.90,0.0000,true,1,127322
7290113101661,false,סכין קצבים,,,סכין קצבים,יחידה,0.00,יחידה,false,,48.90,0.0000,true,1,126975
7290113102255,false,רתמה לכלב עם רצועה נ,,,רתמה לכלב עם רצועה נ,יחידה,0.00,יחידה,false,,70.90,0.0000,true,1,127865
7290113192201,false,תערובת להכנת סחלב 500 גרם,"י. כהן בע""מ",IL,תערובת להכנת סחלב 50,גרמים,500.00,100 גרם,false,,14.90,0.0298,true,1,410214
7290113192331,false,בית השיטה זיתים ירוקים גדולים 340 גרם*,בית השיטה,IL,זיתים ירוק גדול בית,גרמים,340.00,100 גרם,false,,11.90,0.0350,true,1,201044
7290113192355,false,חרוזית זיתים ירוקים ללא גלעין 275 ג' בית השיטה,בית השיטה,IL,זיתים חרוזית ירוק בי,גרמים,275.00,100 גרם,false,,10.90,0.0396,true,1,201046
7290113192379,false,בית השיטה זיתים ירוקים מבוקעים א2 340גר',בית השיטה,IL,זיתים ירוקים מבוקעים,גרמים,340.00,100 גרם,false,,11.90,0.0350,true,1,201048
7290113192393,false,בית השיטה קוקטייל זיתים א2 336 גרם,בית השיטה,IL,קוקטייל זיתים בית הש,גרמים,336.00,100 גרם,false,,12.90,0.0384,true,1,201050
7290113192508,false,בית השיטה מלפפונים במלח קטן 1317 320 גרם,בית השיטה,IL,מלפפון במלח 13-17 בי,גרמים,320.00,100 גרם,false,,11.90,0.0372,true,1,201258
7290113192515,false,בית השיטה מלפפונים במלח קטן מאוד 1825 320 גרם,בית השיטה,IL,מלפפון במלח 18-25 בי,גרמים,320.00,100 גרם,false,,13.90,0.0434,true,1,201259
7290113192539,false,בית השיטה מלפפונים במלח גדול 79 320 גרם,בית השיטה,IL,מלפפון במלח 7-9 בית,גרמים,560.00,100 גרם,false,,7.90,0.0141,true,1,201274
7290113192546,false,"מלפפונים בחומץ רכיבים טבעיים 7-9 ""בית השיטה""",בית השיטה,IL,מלפפון בחומץ 7-9 בית,גרמים,560.00,100 גרם,false,,7.90,0.0141,true,1,201275
7290113192553,false,בית השיטה מלפפונים במלח 13-17 בלדי 320 גר',בית השיטה,IL,מלפפון במלח בלדי 13-,גרמים,320.00,100 גרם,false,,12.90,0.0403,true,1,201289
7290113192560,false,בית השיטה פלפל שיפקה חריף כבוש 230 גרם,בית השיטה,IL,פלפל שיפקה בית השיטה,גרמים,230.00,100 גרם,false,,8.90,0.0387,true,1,201290
7290113192577,false,בית השיטה כרוב כבוש חתוך 430 גרם,בית השיטה,IL,כרוב כבוש בית השיטה,יחידה,430.00,יחידה,false,,8.90,0.0207,true,1,201291
7290113192997,false,בית השיטה זית מרוקאי 340 גרם*,בית השיטה,IL,זית מרוקאי בית השיטה,גרמים,340.00,100 גרם,false,,15.90,0.0468,true,1,267338
7290113193321,false,"שמן זית כתית מעולה בית השיטה 750 מ""ל",בית השיטה,IL,שמן זית כתית מעולה ב,מיליליטרים,750.00,"100 מ""ל",false,,35.90,0.0479,true,1,369606
7290113193406,false,"קוקטייל טבעות זיתים - זיתים ירוקים, שחורים מרינד",בית השיטה,IL,טבעות קוקטיל זיתים ב,גרמים,560.00,100 גרם,false,,11.90,0.0213,true,1,267311
7290113195066,false,חלבה טורקית בטעם וניל 400 גרם,,TR,חלבה טורקית בטעם וני,גרמים,400.00,100 גרם,false,,12.90,0.0323,true,1,348782
7290113195080,false,חלבה טורקית בטעם שוקו וניל 400 גרם,,TR,חלבה טורקית בטעם שוק,גרמים,500.00,100 גרם,false,,12.90,0.0258,true,1,348783
7290113196414,false,"אורז בסמטי 1 ק""ג כחול מטאלי שקדיה",דאבה סינג שאם סינג,IN,אורז בסמטי שקדיה 1 ק,קילוגרמים,1.00,"ק""ג",false,,10.50,10.5000,true,1,348485
7290113197169,false,חמאת בוטנים טבעית 510 גר,סופר נוטרי פודס,IN,חמאת בוטנים טבעית שק,גרמים,510.00,100 גרם,false,,17.90,0.0351,true,1,491081
7290113197176,false,חמאת בוטנים עם שבבים 510 גר,סופר נוטרי פודס,IN,חמאת בוטנים טבעית עם,גרמים,510.00,100 גרם,false,,17.90,0.0351,true,1,491082
7290113198074,false,פקאן מצופה שוקולד שיש 150 גרם,"דין שיווק וקלייה בע""",IL,פקאן מצופה בשוקולד ש,גרמים,150.00,100 גרם,false,,15.90,0.1060,true,1,348890
7290113198562,false,סוכריות גומי בטעם תות שדה 200 ג' שקדיה,טופגאם תעשיות ממתקים,IL,סוכריות גומי בטעמי ת,גרמים,200.00,100 גרם,false,,10.90,0.0545,true,1,416693
7290113198579,false,סוכריות גומי דובונים בטעמי פירות 200 ג' שקדיה,טופגאם תעשיות ממתקים,IL,סוכריות גומי דובונים,גרמים,200.00,100 גרם,false,,10.90,0.0545,true,1,416694
7290113198586,false,סוכריות גומי מסוכרות בטעם אפרסק 200 ג' שקדיה,טופגאם תעשיות ממתקים,IL,סוכריות גומי מסוכר ב,גרמים,200.00,100 גרם,false,,10.90,0.0545,true,1,416695
7290113198593,false,סוכריות גומי מסוכרות בטעם בננה 200 ג' שקדיה,טופגאם תעשיות ממתקים,IL,סוכריות גומי מסוכר ב,גרמים,200.00,100 גרם,false,,10.90,0.0545,true,1,416696
7290113199767,false,ממרח שקדים 300 גרם השקדיה,פפאיינס,TW,ממרח 100% שקדים 300,גרמים,300.00,100 גרם,false,,28.90,0.0963,true,1,457292
7290113199774,false,ממרח בוטנים 300 גרם השקדיה,פפאיינס,TW,ממרח 100% בוטנים 300,גרמים,300.00,100 גרם,false,,15.90,0.0530,true,1,457276
7290113199781,false,ממרח אגוזים ובוטנים 100% 200 גרם,פפאיינס,TW,ממרח 100% אגוזים ובו,גרמים,200.00,100 גרם,false,,16.90,0.0845,true,1,457277
7290113199897,false,סוכריות חמצוצים בטעם תות שדה 180 ג' שקדיה,טופגאם תעשיות ממתקים,IL,סוכריות חמצוצים בטעם,גרמים,180.00,100 גרם,false,,10.90,0.0606,true,1,416712
7290113199927,false,סוכריות חמצוצים בטעם פירות 180 ג' שקדיה,טופגאם תעשיות ממתקים,IL,סוכריות חמצוצים בטעם,גרמים,180.00,100 גרם,false,,10.90,0.0606,true,1,416715
7290113199934,false,סוכריות חמצוצים בטעם אוכמניות 180 ג' שקדיה,טופגאם תעשיות ממתקים,IL,סוכריות חמצוצים בטעם,גרמים,180.00,100 גרם,false,,10.90,0.0606,true,1,416716
7290113287167,false,כפפות TPE שחורות 10,,,כפפות TPE שחורות 10,יחידה,0.00,יחידה,false,,15.90,0.0000,true,1,316575
7290113289345,false,צלחות דקל מרובעות גד,,,צלחות דקל מרובעות גד,יחידה,0.00,יחידה,false,,16.90,0.0000,true,1,414949
7290113289543,false,כוסות שקופות 150 יחי,,,כוסות שקופות 150 יחי,יחידה,0.00,יחידה,false,,15.90,0.0000,true,1,414750
7290113463646,false,גבינה צהובה גאודה 28% פרוסה 400 גרם,,,פרוסות גבינה קשה מסו,גרמים,400.00,100 גרם,false,,13.60,0.0340,true,1,512158
7290114310215,false,"שמנת מתוקה 38% רמת הגולן 250 מ""ל ווסטהיים - מוצר בפיקוח",מילקו תעשיות בעמ,IL,שמנת מתוקה 38% בקבוק,מיליליטרים,250.00,"100 מ""ל",false,,6.47,0.0259,true,1,229337
7290114310222,false,חלב 1.5 ליטר 3% מועשר בסידן וויטמין D.,מילקו תעשיות בעמ,IL,חלב מועשר בסידן 1.5,ליטרים,1.50,ליטר,false,,12.90,8.6000,true,1,241428
7290114310239,false,חלב טרה נטול לקטוז מועשר בוויטמין D 2% 1.5 ל',מילקו תעשיות בעמ,IL,חלב נטול לקטוז 1.5,ליטרים,1.50,ליטר,false,,12.90,8.6000,true,1,241414
7290114310536,false,יוגורט לייט מעושר בחלבון בטעם וניל מולר 200 ג',מולר Muller,IL,מולר אקטיב לייט יוגו,גרמים,25.00,100 גרם,false,,6.50,0.2600,true,1,303707
7290114310567,false,לאבנה עיזים 5% שומן 200 גרם,מחלבת משק צוריאל,IL,לאבנה עיזים 5% משק צ,גרמים,200.00,100 גרם,false,,14.90,0.0745,true,1,303651
7290114310611,false,"משקה חלב בננה בבקבוק פקק ספורט טרה 250 מ""ל",Unknown,IL,משקה חלב בננה בבקבוק,מיליליטרים,250.00,"100 מ""ל",false,,5.90,0.0236,true,1,322800
7290114311069,false,יוגורט לבן מועשר בחלבון 0% שומן 200 גרם muller active,מולר Muller,IL,יוגורט בטעם טבעי 25,גרמים,200.00,100 גרם,false,,6.90,0.0345,true,1,418934
7290114311298,false,יוגורט מולר פרופ בטעם תות בננה מלון 150,מולר Muller,IL,מולר פרופ תות בננה מ,גרמים,150.00,100 גרם,false,,5.50,0.0367,true,1,467994
7290114311328,false,חלב נטול לקטוז מועשר בוויטמין די 1 ליטר 2%,ג'י.אר.אמ.גרופו אלימ,IL,חלב נטול לקטוז טרה 1,ליטרים,1.00,ליטר,false,,7.90,7.9000,true,1,478841
7290114311359,false,יוגורט עם קציפת מנגו 3% שומן פרופ 150 ג' מולר,מולר Muller,IL,מולר פרופ מנגו 3% 15,גרמים,150.00,100 גרם,false,,5.50,0.0367,true,1,467979
7290114311434,false,מולר אקטיב יוגורט בטעם קרמל מלוח 200 גרם,מילקו,IL,מולר אקטיב בטעם קרמל,גרמים,200.00,100 גרם,false,,6.90,0.0345,true,1,495566
7290114311441,false,"מולר אקטיב בטעם עוגיות חמאה 0% שומן, 200 גרם",מילקו,IL,מולר אקטיב בטעם עוגי,גרמים,200.00,100 גרם,false,,6.90,0.0345,true,1,495582
7290114311458,false,קרטון חלב 3% מועשר ויטמין די 1ליטר,Unknown,IL,קרטון חלב מועשר ויטמ,ליטרים,1.00,ליטר,false,,9.90,9.9000,true,1,497544
7290114600941,false,מאסטר שף מיונז הולנדי לחיץ 435 גרם,קפה לנדוור,NL,מאסטר שף מאסטר שף מ,גרמים,435.00,100 גרם,false,,15.90,0.0366,true,1,245309
7290114602952,false,פרי מיניס קרקר אפונה 120 ג',אפיפית,IL,מיניס קרקר FREE פריך,גרמים,120.00,100 גרם,false,,13.90,0.1158,true,1,274997
7290114602976,false,FREE מיניס קרקר פריך מחומוס,אפיפית נצרת תעשיות ב,IL,חטיף פרי מיניס קרקר,גרמים,120.00,100 גרם,false,,13.90,0.1158,true,1,275533
7290114604857,false,"דפי אורז מאסטר שף קוטר 22 ס""מ 400 גרם",מאסטר שף,VN,דפי אורז קוטר 22 כשל,גרמים,400.00,100 גרם,false,,10.90,0.0273,true,1,289167
7290114604864,false,מאסטר שף קוסקוס דק 350 גרם,דוידוביץ,IL,קוסקוס דק מאסטר שף 3,גרמים,350.00,100 גרם,false,,6.90,0.0197,true,1,349777
7290114604871,false,מאסטר שף קוסקוס בינוני 350 גרם,דוידוביץ,IL,קוסקוס בינוני מאסטר,גרמים,350.00,100 גרם,false,,6.90,0.0197,true,1,349589
7290114604895,false,ממרח ספייסי לחיץ מאסטר שף 446 גרם,מאסטר שף,NL,מאסטר שף ממרח ספייסי,גרמים,446.00,100 גרם,false,,15.90,0.0357,true,1,305111
7290114604901,false,ממרח שום לחיץ מאסטר שף 444 גרם,מאסטר שף,NL,מאסטר שף ממרח שום לח,גרמים,242.00,100 גרם,false,,15.90,0.0657,true,1,305112
7290114604949,false,מאסטר שף רוטב ברביקיו 524 גרם,רמיה סי.וי. הולנד,NL,מאסטר שף רוטב ברביקי,מיליליטרים,524.00,"100 מ""ל",false,,13.90,0.0265,true,1,305082
7290114606547,false,מיונז פטריות כמהין לחיץ מאסטר שף 242 גרם,מאסטר שף,NL,מאסטר שף מיונז עם כמ,גרמים,242.00,100 גרם,false,,15.90,0.0657,true,1,305113
7290114606578,false,שקדי מרק מאסטר שף 400 גרם,שסטוביץ,IL,שקדי מרק מאסטר שף 40,גרמים,400.00,100 גרם,false,,10.90,0.0273,true,1,354125
7290114607391,false,"קולגייט משחת לילדים ברבי 2-5 שנים, 75 מ""ל",קולגייט פלמוליב,PL,משחת שיניים קולגייט,מיליליטרים,75.00,"100 מ""ל",false,,16.90,0.2253,true,1,445664
7290114608121,false,פרי מיניס קרקר מעדשים כתומות פרי 120 ג',אפיפית,IL,מיניס קרקר FREE פריך,גרמים,120.00,100 גרם,false,,13.90,0.1158,true,1,339591
7290114608657,false,סילאן טבעי מאסטר שף,,AE,סילאן טבעי 100% תמרי,גרמים,700.00,100 גרם,false,,18.90,0.0270,true,1,475050
7290114608664,false,סילאן לחיץ מאסטר שף 680 גרם,,AE,סילאן לחיץ 100% תמרי,גרמים,680.00,100 גרם,false,,18.90,0.0278,true,1,475066
7290114659949,true,מארז 50 מסכות כירוג,,,מארז 50 מסכות כירוג,יחידה,0.00,יחידה,false,,10.90,0.0000,true,1,240967
7290115190014,false,סיגריות מרלבורו רד קצר בוקס,פיליפ מוריס,,סיגריות מרלבורו חפי,יחידה,0.00,יחידה,false,,36.50,0.0000,false,1,264199
7290115190076,false,סיגריות מרלבורו גולד ארוך 100 בוקס,פיליפ מוריס,,סיגריות מרלבורו חפי,יחידה,0.00,יחידה,false,,36.50,0.0000,false,1,272138
7290115190083,false,מרלבורו גולד קצר פאקט,פיליפ מוריס,,מרלבורו גולד פאקט 1,יחידה,0.00,יחידה,false,,345.00,0.0000,false,1,264260
7290115190090,false,סיגריות מרלבורו גולד קצר בוקס,פיליפ מוריס,,סיגריות מרלבורו חפי,יחידה,0.00,יחידה,false,,36.50,0.0000,false,1,264233
7290115190137,false,מלבורו פיין טאצ 7.1 חפיסה,פיליפ מוריס,,מרלבורו פיין טאצ בוד,יחידה,0.00,יחידה,false,,32.50,0.0000,false,1,264201
7290115190144,false,מרלבורו גולד טאצ' פאקט,פיליפ מוריס,,מרלבורו טאצ פאקט 10,יחידה,0.00,יחידה,false,,320.00,0.0000,false,1,264292
7290115190151,false,מלבורו גולד טאצ 7.1 חפיסה,פיליפ מוריס,,מרלבורו גולד טאצ בוד,יחידה,0.00,יחידה,false,,32.50,0.0000,false,1,264183
7290115190175,false,פרלמנט סופר סלימס קופסא,פיליפ מוריס,,סיגריות פרלמנט (חפיס,יחידה,0.00,יחידה,false,,42.00,0.0000,false,1,257312
7290115190199,false,סיגריות פרלמנט (חפיס,פיליפ מוריס,,סיגריות פרלמנט (חפיס,יחידה,0.00,יחידה,false,,42.00,0.0000,false,1,307817
7290115190250,false,סיגריות פרלמנט נייטP,פיליפ מוריס,,סיגריות פרלמנט (חפיס,יחידה,0.00,יחידה,false,,42.00,0.0000,false,1,257331
7290115190359,false,L&M בלו לייבל קצר-חפיסה,פיליפ מוריס,,אל אם בלו לייבל קצר,יחידה,0.00,יחידה,false,,33.90,0.0000,false,1,257314
7290115190373,false,סיגריות ל.מ. קפסולהP,פיליפ מוריס,,אל אם פוב רד בודד,יחידה,0.00,יחידה,false,,33.90,0.0000,false,1,264202
7290115190397,false,סיגריות LM רד לייבל קצר,פיליפ מוריס,,אל אם רד לייבל קצר,יחידה,0.00,יחידה,false,,33.90,0.0000,false,1,257283
7290115190519,false,סיגריות נקסט פיין חפ,פיליפ מוריס,,סיגריות נקסט (בודד),יחידה,0.00,יחידה,false,,31.90,0.0000,false,1,264167
7290115190571,false,סיגריות נקסט לילךPP,פיליפ מוריס,,סיגריות נקסט (בודד),יחידה,0.00,יחידה,false,,31.90,0.0000,false,1,257298
7290115190595,false,סיגריות נקסט אוריגינ,פיליפ מוריס,,סיגריות נקסט(בודד),יחידה,0.00,יחידה,false,,31.90,0.0000,false,1,264136
7290115190632,false,טבק מרלבורו גולד 30 גרם חפיסה,פיליפ מוריס,,מלברו גולד טבק לגלגו,יחידה,0.00,יחידה,false,,79.00,0.0000,false,1,277493
7290115190915,false,טבק לגלגול נקסט לבן,פיליפ מוריס,,נקסט לבן XL טבק לגלג,יחידה,0.00,יחידה,false,,94.90,0.0000,false,1,316746
7290115190977,false,מרלבורו טאצ' אדום קופסא,פיליפ מוריס,TR,מרלבורו טאצ אדום בוד,יחידה,0.00,יחידה,false,,32.50,0.0000,false,1,469857
7290115200003,false,אסם פתי בר פינוקים ניל 220 גרם,תאי פרזידנט פוד פאבל,PL,פתי בר פינוקי וניל 2,גרמים,220.00,100 גרם,false,,12.90,0.0586,true,1,273641
7290115200027,false,אסם פתי בר פינוקים שוקו 220 גרם,קריות זול,PL,פתי בר פינוקי שוקו 2,גרמים,220.00,100 גרם,false,,12.90,0.0586,true,1,273642
7290115200713,false,במבה קלאסי מארז אחיד 8 50*5 ג',אסם,IL,מארז במבה קלאסי אסם,גרמים,250.00,100 גרם,false,,13.90,0.0556,true,1,275670
7290115200782,true,חמישיית פיתות 10*500,,,חמישיית פיתות 10*500,גרמים,500.00,100 גרם,false,,7.90,0.0158,true,1,273263
7290115200881,false,בייגלה אסם שטוחים שומשום במליחות מעודנת 300 גר,"אסם תעשיות בע""מ",IL,אסם בייגלה שטוחים שו,גרמים,300.00,100 גרם,false,,12.90,0.0430,true,1,286134
7290115201680,false,ביסלי בטעם ברביקיו אסם 70 גרם,"אסם תעשיות בע""מ",IL,ביסלי ברביקיו 70 גרם,גרמים,70.00,100 גרם,false,,4.90,0.0700,true,1,280587
7290115201741,false,ביסלי בטעם בצל אסם 70 גרם,"אסם תעשיות בע""מ",IL,ביסלי בצל 70 גרם,גרמים,70.00,100 גרם,false,,4.90,0.0700,true,1,275080
7290115202847,false,מנה חמה פאוצ' נדלס ספייסי אסם 70 ג',Unknown,IL,מנה חמה פאוצ' נדלסאט,גרמים,70.00,100 גרם,false,,4.90,0.0700,true,1,303796
7290115203134,false,פופקו פופקורן במבה אסם 80 גרם,"אסם תעשיות בע""מ",IL,פופקו פופקורן במבה 4,גרמים,80.00,100 גרם,false,,5.90,0.0738,true,1,320693
7290115203172,false,במבה PRO מכיל 18 גרם חלבון בשקית,"אסם תעשיות בע""מ",IL,במבה אסם 80 גרם PRO,גרמים,80.00,100 גרם,false,,4.90,0.0613,true,1,465981
7290115204056,false,אסם קטשופ מופחת סוכר כלפ 690 גרם,"אסם תעשיות בע""מ",IL,אסם קטשופ מופחת סוכר,גרמים,690.00,100 גרם,false,,11.90,0.0172,true,1,312198
7290115205176,false,פיטנס - קרקר דק כפרי פיטנס 140 גרם,נסטלה Nestle,IL,פיטנס קרקר THIN כפרי,גרמים,140.00,100 גרם,false,,14.90,0.1064,true,1,372823
7290115205527,false,פיטנס חטיף מולטגריין עם עדשים 24*25גרם,פיטנס,IL,פיטנס חטיף מולטגריין,גרמים,25.00,100 גרם,false,,5.80,0.2320,true,1,457583
7290115205633,false,טבעול סנסשיונל/גורמה נקנקיות 350 גר',עיצובים 2020 (4.8),IL,טבעול סנסשיונל נקנקי,גרמים,350.00,100 גרם,false,,36.90,0.1054,true,1,468203
7290115207682,false,"אסם רוטב בסגנון סויה סיני 290 מ""ל","אסם תעשיות בע""מ",IL,אסם רוטב בסגנון סויה,מיליליטרים,330.00,"100 מ""ל",false,,13.90,0.0421,true,1,455203
7290115207941,false,ויטמינצ'יק תרכיז אננס 1 ליטר,בית-השיטה עסיס תעשיו,IL,ויטמינצ'יק אננס 1 לי,ליטרים,1.00,ליטר,false,,23.50,23.5000,true,1,406541
7290115207989,false,ויטמינצ'יק תרכיז לימון 1 ליטר,בית-השיטה עסיס תעשיו,IL,ויטמינצ'יק לימון 1 ל,ליטרים,1.00,ליטר,false,,23.50,23.5000,true,1,406543
7290115208009,false,ויטמינצ'יק תרכיז ענבים 1 ליטר,בית-השיטה עסיס תעשיו,IL,ויטמינצ'יק ענבים 1 ל,ליטרים,1.00,ליטר,false,,23.50,23.5000,true,1,406544
7290115208047,false,ויטמינצ'יק תרכיז פטל 1 ליטר,בית-השיטה עסיס תעשיו,IL,ויטמינצ'יק פטל 1 ליט,ליטרים,1.00,ליטר,false,,23.50,23.5000,true,1,406545
7290115208061,false,ויטמינצ'יק תרכיז תפוח 1 ליטר,בית השיטה עסיס תעשיו,IL,ויטמינצ'יק תפוח 1 לי,ליטרים,1.00,ליטר,false,,23.50,23.5000,true,1,406546
7290115208320,false,אפרופו חטיף בטעם ביסלי בצל 50 גרם,"אסם תעשיות בע""מ",IL,אפרופו בטעם ביסלי בצ,גרמים,50.00,100 גרם,false,,5.90,0.1180,true,1,502138
7290115209174,false,במבה אורירית קלאסי 60 גר',אסם השקעות בעמ,IL,במבה אורירית 60 גרם,גרמים,80.00,100 גרם,false,,4.90,0.0613,true,1,482879
7290115209297,false,חטיף במבה במילוי איי,"אסם תעשיות בע""מ",,במבה במילוי אייסקפה,גרמים,150.00,100 גרם,false,,11.90,0.0793,true,1,457478
7290115209358,false,במבה במילוי בראוניז אסם 60 גרם,"אסם תעשיות בע""מ",IL,במבה במילוי בראוניז,גרמים,60.00,100 גרם,false,,5.90,0.0983,true,1,501816
7290115209372,false,במבה במילוי בראוניז 150ג' אסם,"אסם תעשיות בע""מ",IL,במבה במילוי בראוניז,גרמים,150.00,100 גרם,false,,11.90,0.0793,true,1,501832
7290115403466,false,עוגיות נסיכה מיקס אד,,,עוגיות נסיכה מיקס אד,גרמים,500.00,100 גרם,false,,18.90,0.0378,true,1,443206
7290115410587,false,טחינה לבנה המעדניה 2,סלטי היום,IL,טחינה לבנה 250 גרם -,גרמים,250.00,100 גרם,false,,11.90,0.0476,true,1,347550
7290115410600,false,המעדניה חציל במיונז 250 גר',סלטי היום,IL,חציל במיונז 250 גרם-,גרמים,250.00,100 גרם,false,,11.90,0.0476,true,1,347566
7290115670752,false,מארז קפה נמס אבקתי+כ,הנסיך- מפעל לייצור ט,IL,מארז נמס וכוס לדרך פ,גרמים,200.00,100 גרם,false,,22.90,0.1145,true,1,288160
7290115675696,false,דגני בוקר קראנצ'ים שיבולת שועל עם אגוזים ושקדים,גלידות שטראוס,IL,דגני בוקר קוואקר שיב,גרמים,375.00,100 גרם,false,,23.90,0.0637,true,1,329927
7290115675719,false,דגני בוקר קראנצ'ים שיבולת שועל וחתיכות שוקולד מריר,BEVERAGES FOODS & SE,US,דגני בוקר קוואקר שיב,גרמים,375.00,100 גרם,false,,23.90,0.0637,true,1,329912
7290115676037,false,דנונה ריפרש יוגורט עם תות ודומדמניות 1.6% שומן,מיוצר עי קונדיטוריית,IL,דנונה ריפרש יוגורט ע,גרמים,250.00,100 גרם,false,,5.90,0.0236,true,1,313526
7290115676082,false,משקה דנונה פרו 20 יוגורט תות 255 ג' רבנות,"שטראוס בריאות בע""מ.",IL,משקה יוגורט עם חלבון,גרמים,255.00,100 גרם,false,,7.50,0.0294,true,1,313568
7290115676099,false,משקה דנונה פרו 20 יוגורט וניל 255 ג' רבנות,"שטראוס בריאות בע""מ.",IL,משקה יוגורט עם חלבון,גרמים,265.00,100 גרם,false,,7.50,0.0283,true,1,313541
7290115677089,false,קונפיטורת יד מרדכי תפוח וקינמון 340 גרם,"בית אל מזון בע""מ",IL,קונפיטורת תפוח וקינמ,גרמים,340.00,100 גרם,false,,14.90,0.0438,true,1,331298
7290115677966,false,ממרח אבוקדו 200 ג' שטראוס,ג'י. אר. סימפלוט,MX,ממרח אבוקדו אחלה 200,גרמים,200.00,100 גרם,false,,16.90,0.0845,true,1,355819
7290115678222,false,מארז 8 גביעים יוגורט Greek בסגנון יווני 6.5% שומן,דנונה - שטראוס,IL,מארז שמינייה יוגורט,גרמים,130.00,100 גרם,false,,25.90,0.1992,true,1,313597
7290115678376,false,מעדן הגולן שוקולד 125 גרם,מיוצר עי קונדיטוריית,IL,מעדן הגולן מעדן חלב,גרמים,125.00,100 גרם,false,,3.50,0.0280,true,1,337645
7290115678383,false,מעדן הגולן שוקולד מריר 125 גרם,מיוצר עי קונדיטוריית,IL,מעדן הגולן מעדן חלב,גרמים,125.00,100 גרם,false,,3.50,0.0280,true,1,337660
7290115678635,false,נשנושי גבינה -גבינת שמנת 16%+כעכים שטוחים עם מלח,"מחלבת טבע עז בע""מ",IL,נשנושי גבינה 16% עם,גרמים,67.00,100 גרם,false,,11.90,0.1776,true,1,458589
7290115679885,false,פיצה מבצק עם כרובית עם רוטב עגבניות ומוצרלה,גסטרונומיה פרוסט אס.,IT,פיצה מבצק עם כרובית,גרמים,320.00,100 גרם,false,,21.90,0.0684,true,1,367693
7290116244006,false,אצבעות שוקולד ממולא בקרם חלב עם מדבקות 50 גרם - מפרץ הרפתקאות,Unknown,UA,אצבעות שוקולד ממולא,גרמים,50.00,100 גרם,false,,6.90,0.1380,true,1,455493
7290116244044,false,מיניונים אצבעות שוקולד חלב 84 גרם,,NL,אצבעות שוקולד חלב מי,גרמים,84.00,100 גרם,false,,8.90,0.1060,true,1,412597
7290116530109,false,חטיף קליק נוגט ציפוי שוקולד לבן 35 גרם,"טחנת האבן תעשיות בע""",IL,קליק חטיף נוגט מצופה,גרמים,35.00,100 גרם,false,,5.90,0.1686,true,1,322193
7290116530871,false,מיקס נשנושים 240 ג' בייגל בייגל,בייגל בייגל BB,IL,חטיף נשנושים מיקס+בי,גרמים,240.00,100 גרם,false,,14.90,0.0621,true,1,475145
7290116531564,false,מאגדת פתית פריכיות תירס דקות עם קינואה ובזיליקום 150 ג',גוד פוד פרודקטס,PL,מאגדת פריכיות תירס ד,גרמים,150.00,100 גרם,false,,16.50,0.1100,true,1,400453
7290116531762,false,בדין דפי מרכך למייבש כביסה ורוד 40 יחיד,"קלינטסט - 3p ארה""ב",US,בדין דפי מייבש ורוד,יחידה,0.00,יחידה,false,,22.90,0.0000,true,1,397715
7290116533216,false,"קנור מרק תיבול ירקות 235 מ""ל",יוניליוור,IL,מרק ירקות 100% רכיבי,גרמים,235.00,100 גרם,false,,22.90,0.0974,true,1,500276
7290116930015,false,חטיף חלבון GO קרמל ח.בוטנים קריספי 20 גרם חלבון,בלמונט קונפקציות,US,חטיף חלבון בטעם קרמל,גרמים,60.00,100 גרם,false,,14.90,0.2483,true,1,426406
7290116930282,false,ארוחה בקטנה לאבנה עם קרקרים 150ג' תנובה,תנובה חלב,IL,לאבנה 9% שומן עם קרק,גרמים,150.00,100 גרם,false,,8.50,0.0567,true,1,467071
7290116930459,false,"יופלה שייק מנגו בננה אננס וקוקוס 230 מ""ל",קבוצת המזון אקטשלאר,IL,יופלה SHAKE בננה אנ,מיליליטרים,230.00,"100 מ""ל",false,,8.50,0.0370,true,1,467118
7290116930466,false,"משקה SHAKE בננה מנגן פסיפלורה והל 230 מ""ל יופלה",קבוצת המזון אקטשלאר,IL,יופלה SHAKE מנגו בנ,מיליליטרים,230.00,"100 מ""ל",false,,8.50,0.0370,true,1,467119
7290116930626,false,ארוחה בקטנה ציזיקי עם קרקרים 150ג' תנובה,תנובה חלב,IL,ציזיקי עם קרקרים תנו,גרמים,150.00,100 גרם,false,,8.50,0.0567,true,1,467072
7290116930657,false,משקה חלב גו בטעם בננה תמר עם ש. שועל 340,תנובה מרכז שיתופי לש,IL,משקה GO בננה תמר עם,מיליליטרים,340.00,"100 מ""ל",false,,7.90,0.0232,true,1,517026
7290116930954,false,יוגורט טעם פאי תפוחים 3% 150 ג' יופלה,"תנובה בע""מ",IL,יופלה בטעם פאי תפוחי,מיליליטרים,150.00,"100 מ""ל",false,,5.50,0.0367,true,1,516961
7290116931104,false,יופלה גו במרקם סמיך עם אננס 0% שומן 200ג',תנובה חלב,IL,יופלה גו במרקם סמיך,גרמים,200.00,100 גרם,false,,6.20,0.0310,true,1,477353
7290117260593,false,חטיף קראנצ'י על בסיס קמח עדשים בטעם צ'דר 80 ג',וילי פוד,LT,חטיף קראנצ'י על בסיס,גרמים,80.00,100 גרם,false,,8.50,0.1063,true,1,500024
7290117260685,false,תן בו וניל ציפויים בטעמים שונים 230 גרם,אלויראסמינדה,DK,תן בו בטעם וניל בציפ,גרמים,230.00,100 גרם,false,,20.90,0.0909,true,1,397957
7290117260814,false,תן בו וניל בציפוי שוקולד מריר ושבבי קוקוס 12 יח',אלויראסמינדר,DK,תן בו בטעם וניל בציפ,גרמים,300.00,100 גרם,false,,20.90,0.0697,true,1,397924
7290117260890,false,פופקורן בציפוי בטעם קוקוס 90 גרם,אלאלסי,UA,פופקורן בטעם קוקוס ו,גרמים,90.00,100 גרם,false,,8.90,0.0989,true,1,411481
7290117260906,false,פופקורן בציפוי בטעם פירות 90 גרם,אלאלסי,UA,פופקורן בטעם פירות ו,גרמים,90.00,100 גרם,false,,8.90,0.0989,true,1,411482
7290117260944,false,מיני גריסיני עם שמן זית ללא גלוטן 125 גרם ויליפוד,מודיאה אס.אר.אל,IT,מיני גרסיני עם שמן ז,גרמים,125.00,100 גרם,false,,12.90,0.1032,true,1,422290
7290117260968,false,ביסקוויטים ללא גלוטן 125 גרם ויליפוד,מודיאה אס.אר.אל,IT,ביסקוויטים ללא גלוטן,גרמים,125.00,100 גרם,false,,12.90,0.1032,true,1,422292
7290117261088,false,בוראטה גבינת מוצרלה רכה 125ג' 18%שומן,קסריה להפואנטה,ES,בוראטה גבינת מוצרלה,גרמים,125.00,100 גרם,false,,21.90,0.1752,true,1,504180
7290117261101,false,זוג קינוחים בטעם שוקולד ואגוזי לוז 140ג',מונטרו,ES,זוג קינוחים בטעם שוק,גרמים,140.00,100 גרם,false,,12.90,0.0921,true,1,476577
7290117261118,false,זוג קינוחים בטעם שוקולד בציפוי שוקולד חלב 140ג',Euro יורו מחלבות אירופה,ES,זוג קינוחים בטעם שוק,גרמים,140.00,100 גרם,false,,12.90,0.0921,true,1,476560
7290117261361,false,גבינת ריקוטה 400 ג 5% שומן מחלבת אירופה,קאאנלאר גידה,TR,גבינת ריקוטה 5% שומ,גרמים,400.00,100 גרם,false,,20.90,0.0522,true,1,466025
7290117261590,false,סרדינים בריסלינג מעושנים בשמן זית (צנצנת,קריות זול,LV,סרדינים בריסלינג מעו,גרמים,185.00,100 גרם,false,,15.90,0.0859,true,1,497425
7290117261705,false,חמאת עיזים 200 גר' וילי פוד,באלבן גידה סנאי,TR,חמאת עיזים 200 גרם,גרמים,200.00,100 גרם,false,,15.90,0.0795,true,1,497528
7290117261927,false,גבינת פקורינו מחלב כבשים צאנק 150 גרם,אל פסטור,ES,גבינת פקורינו מחלב כ,גרמים,150.00,100 גרם,false,,21.90,0.1460,true,1,497512
7290117262221,false,"משקה יוגורט פרוביוטי עם אננס 200מ""ל 2.3%שומן יורו",Euro יורו מחלבות אירופה,TR,משקה יוגורט עם אננס,מיליליטרים,200.00,"100 מ""ל",false,,5.90,0.0295,true,1,476452
7290117262238,false,"משקה יוגורט פרוביוטי עם תות שדה 200מ""ל 2.3%שומן יורו",Euro יורו מחלבות אירופה,TR,משקה יוגורט עם תות ש,מיליליטרים,200.00,"100 מ""ל",false,,5.90,0.0295,true,1,476436
7290117262245,false,"משקה יוגורט פרוביוטי עם אפרסק ומשמש 200מ""ל 2.3%שומן יורו",Euro יורו מחלבות אירופה,TR,משקה יוגורט עם אפרסק,מיליליטרים,200.00,"100 מ""ל",false,,5.90,0.0295,true,1,476453
7290117380857,false,"מרבה סלים דליס פייבר עוגות אישיות בטעם לימון, 120 גרם",שסטוביץ,NL,סלים דליס פייבר - עו,גרמים,120.00,100 גרם,false,,13.90,0.1158,true,1,458102
7290117380871,false,עוגות אישיות בטעם אוכמניות 120 ג' סלים דליס פייבר,הלמה הלום,NL,סלים דליס פייבר - עו,גרמים,120.00,100 גרם,false,,13.90,0.1158,true,1,458087
7290117381205,false,מאסטר שף שמן שומשום 370 גר,,,מאסטר שף שמן שומשום,מיליליטרים,370.00,"100 מ""ל",false,,25.90,0.0700,true,1,514834
7290117761052,false,מנקה חלונות 1 ליטר ז,,,מנקה חלונות 1 ליטר ז,ליטרים,1.00,ליטר,false,,14.90,14.9000,true,1,421649
7290117900956,false,תערובת פיצוחים קלויים 180 גרם,"שקדיה גבע תעשיות בע""",IL,תערובת פיצוחים קלויי,גרמים,180.00,100 גרם,false,,15.90,0.0883,true,1,459335
7290117900963,false,בוטנים קלויים ששון ה,"שקדיה גבע תעשיות בע""",IL,בוטנים קלויים 270 גר,גרמים,270.00,100 גרם,false,,10.90,0.0404,true,1,459336
7290117900970,false,שקדים קלויים ששון הק,"שקדיה גבע תעשיות בע""",IL,שקד קלוי 180 גרם,גרמים,180.00,100 גרם,false,,15.90,0.0883,true,1,459337
7290117900987,false,אגוזי פקאן קלוף 140 גרם,"שקדיה גבע תעשיות בע""",IL,פקאן קלוף 140 גרם,גרמים,140.00,100 גרם,false,,15.90,0.1136,true,1,459338
7290117900994,false,פקאן סיני מסוכר 140 גרם,"שקדיה גבע תעשיות בע""",IL,פקאן סיני מסוכר 140,גרמים,140.00,100 גרם,false,,15.90,0.1136,true,1,459339
7290117901007,false,פיסטוקים קלויים 130 גרם,"שקדיה גבע תעשיות בע""",IL,פיסטוק קלוי 130 גרם,גרמים,130.00,100 גרם,false,,15.90,0.1223,true,1,459340
7290117901014,false,קשיו קלוי ששון הקולה,"שקדיה גבע תעשיות בע""",IL,קשיו קלוי 160 גרם,גרמים,160.00,100 גרם,false,,15.90,0.0994,true,1,459341
7290117901021,false,קבוקים בוטנים מצופים עם שומשום 220 גרם,"שקדיה גבע תעשיות בע""",IL,קבוקים בוטנים מצופים,גרמים,220.00,100 גרם,false,,10.90,0.0495,true,1,459342
7290117901038,false,אגוזי מלך קלופים 190 גרם,"שקדיה גבע תעשיות בע""",IL,אגוז מלך קלוף 190 גר,גרמים,190.00,100 גרם,false,,15.90,0.0837,true,1,459343
7290117901045,false,בוטן רביולי ששון הקו,"שקדיה גבע תעשיות בע""",IL,בוטן רביולי 200 גרם,גרמים,200.00,100 גרם,false,,15.90,0.0795,true,1,459344
7290117901052,false,שקדים קלופים ששון הק,"שקדיה גבע תעשיות בע""",IL,שקד קלוף 180 גרם,גרמים,180.00,100 גרם,false,,15.90,0.0883,true,1,459345
7290118420378,false,פתיבר פינוקים בטעם תותים בשמנת - חלבי,קריות זול,IL,פתי בר פינוקים תותים,גרמים,220.00,100 גרם,false,,12.90,0.0586,true,1,502105
7290118420477,false,בייגלה שטוחים טעם ביסלי בצל אסם 300 גרם,"אסם תעשיות בע""מ",IL,בייגלה שטוחים בטעם ב,גרמים,300.00,100 גרם,false,,12.90,0.0430,true,1,502121
7290589856775,false,נייס שבלולים לשיער,,,נייס שבלולים לשיער,יחידה,0.00,יחידה,false,,5.90,0.0000,true,1,38466
7296021131394,false,סכין מולטי משוננת מ,,,סכין מולטי משוננת מ,יחידה,0.00,יחידה,false,,19.90,0.0000,true,1,31851
7296021133718,false,מטרפה ידית שחורה נעמ,KIS CHINA,CN,מטרפה ידית שחורה נעמ,יחידה,0.00,יחידה,false,,12.90,0.0000,true,1,54732
7296021133732,false,כף עוגה ידית שחורה נ,KIS CHINA,CN,כף עוגה ידית שחורה נ,יחידה,0.00,יחידה,false,,9.90,0.0000,true,1,54734
7296021140969,false,תרווד מחורץ ידית משו,,,תרווד מחורץ ידית משו,יחידה,0.00,יחידה,false,,21.90,0.0000,true,1,420424
7296021140990,false,כף בישול ידית משולבת,,,כף בישול ידית משולבת,יחידה,0.00,יחידה,false,,21.90,0.0000,true,1,420441
7296021146442,false,תבנית לאפיה קפיץ 28,,,תבנית CS לאפיה קפיץ,יחידה,0.00,יחידה,false,,129.90,0.0000,true,1,122156
7296021191770,false,"סוטאז' יציקה 28 ס""מ+",,,"סוטאז' יציקה 28 ס""מ+",יחידה,0.00,יחידה,false,,399.90,0.0000,true,1,422957
7296021261510,false,סיר יציקה עם ידית אפ,,,סיר יציקה עם ידית אפ,יחידה,0.00,יחידה,false,,459.90,0.0000,true,1,419571
7296021261527,false,סיר יציקה עם ידית אפ,,,סיר יציקה עם ידית אפ,יחידה,0.00,יחידה,false,,599.90,0.0000,true,1,419572
7296058000526,false,פרח פרכיות כוסמת 130 גרם,פרח תעשיות,IL,פרכיות כוסמת פרח 130,גרמים,130.00,100 גרם,false,,9.90,0.0762,true,1,118134
7296102521731,false,סט 4 קופסאות פלסטיק,,,סט 4 קופסאות פלסטיק,יחידה,0.00,יחידה,false,,19.90,0.0000,true,1,370676
7296102521779,false,סט 4 קופסאות פלסטיק,,,סט 4 קופסאות פלסטיק,יחידה,0.00,יחידה,false,,19.90,0.0000,true,1,378024
7297425473202,false,סט מצעים מיקרו דיסני,,,סט מצעים מיקרו דיסני,יחידה,0.00,יחידה,false,,129.90,0.0000,true,1,378002
7297425473721,false,סט מצעים 90/200 לוני,,,סט מצעים 90/200 לוני,יחידה,0.00,יחידה,false,,129.90,0.0000,true,1,378003
7297425474247,false,סט מצעים 90/200 האפי,,,סט מצעים 90/200 האפי,יחידה,0.00,יחידה,false,,129.90,0.0000,true,1,378008
7380580005255,false,נייס שבלולים לשיער,,,נייס שבלולים לשיער,יחידה,0.00,יחידה,false,,7.90,0.0000,true,1,38472
7394376123337,false,"משקה שיבולת שועל אורגני מפוקח ע""י סקאל",טרנסומס פוד איי.בי,SE,משקה שיבולת שועל אור,ליטרים,1.00,ליטר,false,,16.90,16.9000,true,1,241288
7480588956563,false,נייס שבלולים לשיער,,,נייס שבלולים לשיער,יחידה,0.00,יחידה,false,,9.90,0.0000,true,1,38475
7501013122114,false,"נקטר משקה אננס בקרטונית ג'ומקס, 1 ל'",חומקס קומר קומרסאליז,MX,ג'ומקס נקטר אננס קרט,ליטרים,1.00,ליטר,false,,11.00,11.0000,true,1,187718
7501013122190,false,ג'ומקס מיץ תפוחים קרטונית ליטר תריסר,חומקס קומר קומרסאליז,MX,ג'ומקס משקה תפוחים ק,ליטרים,1.00,ליטר,false,,11.00,11.0000,true,1,187719
7501064191398,false,שישיית בירה קורונה אקסטרא *355 מל,קריניציה ויטמינה אס,MX,קורונה מארז שישיה 6*,ליטרים,2.13,ליטר,false,,39.90,18.7324,true,1,144325
7502271452456,false,מגבוני חיטוי לניקוי,,,מגבוני חיטוי לניקוי,יחידה,0.00,יחידה,false,,3.90,0.0000,true,1,266500
7509546666846,false,"קולגייט טוטאל משחת שיניים פחם 75 מ""ל",קולגייט פלמוליב,PL,קולגייט טוטאל משחת ש,מיליליטרים,75.00,"100 מ""ל",false,,21.90,0.2920,true,1,316835
7610008059103,false,טבלת שוקולד טורינו חלב 100 גר,קמיל בלוך,CH,טבלת טורינו חלב חדש,גרמים,100.00,100 גרם,false,,17.90,0.1790,true,1,449302
7610243004463,false,"דורגול - מרסס להסרת אבנית במקלחון 600 מ""ל",יעקבי- דורגול Durgol,CH,דורגול מסיר אבן מרסס,יחידה,0.00,יחידה,false,,28.90,0.0000,true,1,13497
7610400014649,false,לינדור קוביות במילוי קרם שוקולד חלב 100 גרם,לינדט ושפרונגלי קילש,CH,לינדט לינדור שוק.חלב,גרמים,100.00,100 גרם,false,,18.90,0.1890,true,1,16113
7610400074155,false,לינדט לינדור קוביות במילוי קרם שוקולד 60% מוצקי קקאו 100 גרם,לינדט ושפרונגלי קילש,CH,לינדט לינדור 60% 100,גרמים,100.00,100 גרם,false,,18.90,0.1890,true,1,16120
7610400085946,false,לינדט לגרנד דארק אלמונד סולט 150 גרם,לינדט,,לינדט לה גרנד ד.אלמו,גרמים,150.00,100 גרם,false,,26.90,0.1793,true,1,208152
7610400091060,false,שוקולד מריר לינדט אקסלנס בתוספת תפוז ושקדים,לינדט ושפרונגלי קילש,CH,לינדט מריר אקסלנס תפ,גרמים,100.00,100 גרם,false,,18.90,0.1890,true,1,231579
7613030979647,false,דגני בוקר טריקס פירות עולם היורה 480 ג',ג'נרל מילס סאן אדריא,IL,דגני בוקר טריקס 480,גרמים,480.00,100 גרם,false,,28.90,0.0602,true,1,120484
7613033548192,false,פיטנס - דגני בוקר שוקולד מריר 375 גרם,נסטלה צרפת איטנקורט,FR,דגני בוקר פיטנס שוקו,גרמים,375.00,100 גרם,false,,23.90,0.0637,true,1,23162
7613035619050,false,פירולו חמשושים מפלצות 75 מל,שוורצקוף& הנקל דיסלד,ES,חמשושים מפלצות,יחידה,0.00,יחידה,false,,7.00,0.0000,true,1,18477
7613035635845,false,פיטנס גרנולה שוקולד 14*300 גרם,שוורצקוף& הנקל דיסלד,LT,פיטנס גרנולה שוקולד,גרמים,300.00,100 גרם,false,,16.90,0.0563,true,1,23180
7613036576734,false,קרטיב חמשושים חדש נסטלה 60 גר,פרונרי איבריה ס.ל,ES,חמשושים פרווה 60 גרם,גרמים,60.00,100 גרם,false,,7.50,0.1250,true,1,140258
7613036710879,false,מארז מיני חטיפי קיט קט צ'אנקי Kit Kat Chanky,ליימן מותגים,DE,קיט קט צ'אנקי מיני 1,גרמים,194.00,100 גרם,false,,10.90,0.0562,true,1,132022
7613037686906,false,פיטנס - דגני בוקר שקדים ודבש 355 גרם,נסטלה צרפת איטנקורט,FR,פיטנס שקדים ודבש נסט,גרמים,355.00,100 גרם,false,,23.90,0.0673,true,1,194813
7613037811629,false,דגני בוקר קורנפלקס גו פרי 500 גר',שוורצקוף& הנקל דיסלד,IL,קורנפלקס גו פרי 500,גרמים,500.00,100 גרם,false,,17.90,0.0358,true,1,211552
7613287302373,false,סטארבקס קפסולות איטליאן סטייל רוסט 56 גרם,נסטלה שוויץ - קפה,PT,קפסולות סטארבקס איטל,גרמים,56.00,100 גרם,false,,23.90,0.4268,true,1,306406
7613287325853,false,אוסם - דיפ אנד ספרד מטבל איולי ספייסי 295 גרם,נסטלה פולין,PL,רוטב ספייסי איולי לח,גרמים,295.00,100 גרם,false,,15.90,0.0539,true,1,373216
7613287394323,false,אסם מולטי צ'יריוס 14*600 גרם 2021,נסטלה פולין דגני בוק,GB,מולטי צ'יריוס 100% ד,גרמים,600.00,100 גרם,false,,23.90,0.0398,true,1,322506
7613287476678,false,דגני בוקר סינימיניס צ'ורוס נסטלה 360 ג',נסטלה אוונקה,PT,סינימיניס צ'ורוס 360,גרמים,360.00,100 גרם,false,,28.90,0.0803,true,1,332096
7622010001858,false,עוגיות אוראו ממולאות קרם וניל 176 גרם.,פי אר ג'יי אס אי מנד,CZ,עוגיות אוראו סנדביץ,גרמים,176.00,100 גרם,false,,10.90,0.0619,true,1,7156
7622201127206,false,מילקה ממרח אגוזי לוז 350 ג',"נטרה מלה אנ.וי,",AT,ממרח שוקולד מילקה 35,גרמים,350.00,100 גרם,false,,19.90,0.0569,true,1,329354
7622201139278,false,גבינת שמנת 27% שומן 150 ג' פילדלפיה,מיודלז אספניה פרודוק,ES,פילדלפיה גבינת שמנת,גרמים,150.00,100 גרם,false,,16.90,0.1127,true,1,208382
7622201798154,false,גבינת שמנת לייט מופחתת שומן 13% שומן,מיודלז אספניה פרודוק,ES,פילדלפיה גבינת שמנת,גרמים,150.00,100 גרם,false,,16.90,0.1127,true,1,363517
7622201801809,false,מילקה שוקולד חלב עם אגוזים 100 גרם חדש,מנדלז דויצ'לנד סנקס,DE,מילקה שוקוד חלב עם א,גרמים,100.00,100 גרם,false,,7.90,0.0790,true,1,337327
7622201802394,false,שוקולד מילקה חלב מסרונים 100 גרם,מנדלז דויצ'לנד סנקס,PL,מילקה שוקולד חלב 100,גרמים,100.00,100 גרם,false,,7.90,0.0790,true,1,337312
7622201808631,false,אוראו מיני עוגיות ממולאות קרם וניל 67גרם,פי.טי. מונדלז אינדונ,ID,אוראו מיני כוסות בטע,גרמים,67.00,100 גרם,false,,10.90,0.1627,true,1,343444
7622201813390,false,עוגיות מילקה וואפל במילוי קרם קקאו 150 ג,מונדליז סי.אר. ביסקו,CZ,מילקה וואפל במילוי ק,גרמים,150.00,100 גרם,false,,15.90,0.1060,true,1,324014
7622210453327,false,עוגיות שוקוצ'יפס במילוי שוקולד סנסיישן,מנדלז פולסקה פרודקשן,PL,מילקה סנסיישן 156 גר,גרמים,156.00,100 גרם,false,,15.90,0.1019,true,1,101642
7622210464729,false,אוראו גולדן עוגיות וניל במילוי קרם וניל,אוראו Oreo,CZ,עוגיות אוראו גולדן 1,גרמים,154.00,100 גרם,false,,8.90,0.0578,true,1,194933
7622210637994,false,מיני עוגיות אוראו קראנצ'י בייטס אורגינל,מונדלז אספניה ג'לאטס,ES,קראנצ'י בייטס אוראו,גרמים,110.00,100 גרם,false,,10.90,0.0991,true,1,373066
7622300107949,false,טובלרון חלב צימוק 100גר,,,טובלרון חלב צימוק 10,גרמים,100.00,100 גרם,false,,11.90,0.1190,true,1,449616
7622300270506,false,מילקה גריינס - עוגיות שיבולת שועל מצופות שוקולד 168 ג',מונדלז פולסקה פרודקש,PL,מילקה גריינס עוגיות,גרמים,168.00,100 גרם,false,,15.90,0.0946,true,1,7168
7622300489434,false,"עוגיות אוראו פאדג' בציפוי שוקולד חלב, 246 גרם",מנדלז אספנה גאלטס פר,ES,אוראו פאג שוקולד חלב,גרמים,246.00,100 גרם,false,,21.90,0.0890,true,1,117319
7622300503079,false,"מילקה, עוגיות ביסקוויט מצופות שוקולד - 200 גרם",מונדלז פולסקה פרודקש,PL,מילקה מוו - ביסקוויט,גרמים,200.00,100 גרם,false,,15.90,0.0795,true,1,7175
7622300617820,false,מילקה שוקולד חלב במילוי קרם חלב ווניל ושבבי עוגיות אוראו 100 גרם,מנדלז דויצ'לנד סנקס,DE,מילקה שוקולד אוראו 1,גרמים,100.00,100 גרם,false,,7.90,0.0790,true,1,7176
7630477891615,false,סטארבקס קפסולות קפה סומטרה 10 יחידות,נסטלה שוויץ - קפה,CH,סטארבקס קפסולות סומט,גרמים,55.00,100 גרם,false,,23.90,0.4345,true,1,261098
7630477891653,false,סטארבקס קפסולות קפה אספרסו נטול 10 יחידו,נסטלה שוויץ - קפה,CH,סטארבקס קפסולות אספר,גרמים,57.00,100 גרם,false,,23.90,0.4193,true,1,261100
7630477891677,false,סטארבקס קפסולות קפה פייק פלייס 10 יחידות,נסטלה שוויץ - קפה,CH,קפס' פייק פלייס סטאר,גרמים,53.00,100 גרם,false,,23.90,0.4509,true,1,271663
7630477891691,false,סטארבקס קפסולות קפה קולמביה 10 יחידות,נסטלה שוויץ - קפה,CH,סטארבקס קפסולות קולו,גרמים,57.00,100 גרם,false,,23.90,0.4193,true,1,261101
7630477891714,false,סטארבקס קפסולות קפה אספרסו 10 יחידות,נסטלה שוויץ - קפה,CH,קפסולות אספרסו סטארב,גרמים,57.00,100 גרם,false,,23.90,0.4193,true,1,271647
7630477891738,false,סטארבקס קפסולות קפה אספרסו בלונד 10 יחיד,נסטלה שוויץ - קפה,CH,סטארבקס קפסולות אספר,גרמים,53.00,100 גרם,false,,23.90,0.4509,true,1,261102
7690589856667,false,נייס שבלולים לשיער,,,נייס שבלולים לשיער,יחידה,0.00,יחידה,false,,12.90,0.0000,true,1,38476
7702174070201,false,יוגטה לקקן בטעם מסטיק ממולא טופי בטעם תות 12 יח' 204 גרם,הדקלאים אגודת שיתופי,EC,לקקן בטעם מסטיק ממול,גרמים,216.00,100 גרם,false,,12.90,0.0597,true,1,15346
7702174073783,false,סוכריות על מקל בטעם קולה במילוי גומי לעיסה,הדקלאים אגודת שיתופי,CO,לקקן פינפופ קולה 10,גרמים,180.00,100 גרם,false,,12.90,0.0717,true,1,15347
7790040423022,false,עוגיית אלפחורס בונבון במיולי קרם בוטנים 19.5 גר',,AR,בון בון סנדוויץ אלפח,גרמים,19.50,100 גרם,false,,2.50,0.1282,true,1,449895
7790580412654,false,בונבוניירה בון בון צ,ארקור,AR,בון בון צהוב 270 גרם,גרמים,270.00,100 גרם,false,,19.90,0.0737,true,1,137026
7790580421663,false,שוקולד בון בון ריבת חלב 288 גרם,ארקור,AR,בון בון ריבת חלב וקר,גרמים,288.00,100 גרם,false,,21.90,0.0760,true,1,490153
7792860006218,false,סוכריות לקקנים בייבי דול Baby Doll לריטר,גוד פוד פרודקטס S.p,AR,בייבי דול לקקן 20גר,גרמים,24.00,100 גרם,false,,2.90,0.1208,true,1,16124
7800601801159,false,סביבון מכני ברשת אורות,,,סביבון מכני אורות בר,יחידה,0.00,יחידה,false,,9.90,0.0000,true,1,193979
7804414000860,false,יין דון חוליו קברנה סוביניון,צ'ילה לואיס פיליפה א,CL,דון חוליו קברנה סובנ,מיליליטרים,750.00,"100 מ""ל",false,,34.90,0.0465,true,1,9280
7804414000884,false,יין שרדונה דון חוליו,צ'ילה לואיס פיליפה א,CL,דון חוליו שרדונה 750,מיליליטרים,750.00,"100 מ""ל",false,,34.90,0.0465,true,1,9282
7860001950161,false,"שקית זילוף ח.פ 30 ס""מ קטן",,,שקית זילוף ח.פ,יחידה,0.00,יחידה,false,,14.90,0.0000,true,1,39097
8000070064577,false,קפסולות קפה לוואצה קוואליטה אורו חוזק 8,לואיג'י לוואצה,IT,קפסולת LAVAZZA ORO ר,גרמים,120.00,100 גרם,false,,29.90,0.2492,true,1,489891
8000113003402,false,"קמח תירס בוואקום 1 ק""ג",מולינו ניקולי אס.פי.,IT,"קמח תירס ניקולי 1 ק""",קילוגרמים,1.00,"ק""ג",false,,17.90,17.9000,true,1,5561
8000215202413,false,מעדן אורז בטעם וניל אורגני 400 גרם,ויטריז,IT,מעדן אורז אורגני וני,גרמים,400.00,100 גרם,false,,18.90,0.0472,true,1,269394
8000215204240,false,משקה שקדים ואורז - אורגני 1 ליטר,בטר אנד דיפרנט,IT,משקה שקדים ואורז אור,ליטרים,1.00,ליטר,false,,14.90,14.9000,true,1,56426
8000215204677,false,ויטריז - משקה שיבולת שועל בריסטה אורגני,בטר אנד דיפרנט,IT,משקה שיבולת שועל אור,ליטרים,1.00,ליטר,false,,14.90,14.9000,true,1,405246
8000215204714,false,משקה שיבולת שועל אורגני 1 ליטר PRIMAVENA,בטר אנד דיפרנט,IT,משקה שיבולת שועל אור,ליטרים,1.00,ליטר,false,,14.90,14.9000,true,1,268990
8000380004669,false,וופל לואקר סנדוויץ קוביות ושוקולד 200ג',"א. לואקר, קונפקט ג'י",AT,לואקר וופל סנדוויץ',גרמים,200.00,100 גרם,false,,14.90,0.0745,true,1,15353
8000380004676,false,קוביות וופל סנדוויץ Sandwich עם וניל וחלב,"א. לואקר, קונפקט ג'י",AT,לואקר וופל קרם וניל,גרמים,200.00,100 גרם,false,,14.90,0.0745,true,1,15354
8000380004911,false,קוביות וופל קואדרטיני Quadratini קרם אגוזים,קריניציה ויטמינה אס,AT,וופל קואדרטיני אגוז,גרמים,250.00,100 גרם,false,,15.90,0.0636,true,1,67469
8000380004966,false,וופל קוארדטיני לואקר קוביות שוקולד 250ג',קריניציה ויטמינה אס,AT,וופל קואדרטיני קקאו,גרמים,250.00,100 גרם,false,,15.90,0.0636,true,1,15359
8000380007264,false,וופל בטעם קקאו לואקר 175 גרם,קריניציה ויטמינה אס,AT,וופל לואקר קקאו 175,גרמים,175.00,100 גרם,false,,13.90,0.0794,true,1,15368
8000380007271,false,וופל במילוי קרם חלב לואקר 175 גרם,ליימן מותגים,AT,וופל לואקר חלב 175 ג,גרמים,175.00,100 גרם,false,,13.90,0.0794,true,1,15369
8000380144044,false,גרדנה וופל מצופה שוקולד חלב לואקר 200 גרם,"א. לואקר , AG/SpA, ו",IT,וופל גרדנה שוקולד 20,גרמים,200.00,100 גרם,false,,15.90,0.0795,true,1,117894
8000380180721,false,לואקר וופל קקאו במילוי קרם חלבי 175 גר,קריניציה ויטמינה אס,AT,וופל לואקר קלאסיק שו,גרמים,175.00,100 גרם,false,,13.90,0.0794,true,1,117903
8000380180745,false,קוביות וופל קואדרטיני קקאו במילוי קר חלב,"א. לואקר, קונפקט ג'י",AT,וופל קואדרטיני לואקר,גרמים,250.00,100 גרם,false,,15.90,0.0636,true,1,117904
8000380187119,false,עוגיות במילוי קרם אגוזי לוז לואקר 100 גר,לואקר Loacker,AT,עוגיות לואקר אגוזי ל,גרמים,100.00,100 גרם,false,,15.90,0.1590,true,1,265575
8000500023624,false,חטיפי הפי היפו Happy Hippo במילוי קרם חלב וקקאו,קינדר Kinder,IT,הפי היפו 5*20ג,גרמים,102.00,100 גרם,false,,15.50,0.1520,true,1,15403
8000500029350,false,מארז וופל מצופה 3יח' *43 גרם קינדר בואנו,קינדר Kinder,PL,קינדר בואנו 3*43 גרם,גרמים,129.00,100 גרם,false,,12.90,0.1000,true,1,50040
8000500037874,false,בונבוניירת פררו רושה 200 גרם,קריות זול,IT,בונבוניירת רושר 200ג,גרמים,200.00,100 גרם,false,,29.90,0.1495,true,1,50042
8000500071083,false,אצבעות שוקולד קינדר Kinder שש עשרה יחידות,קינדר Kinder,IT,קינדר אצבעות שוקולד,גרמים,200.00,100 גרם,false,,14.90,0.0745,true,1,50043
8000500121436,false,מארז קינדר בואנו Kinder Bueno לבן שלוש יחידות,קינדר Kinder,PL,קינדר בואנו לבן 3*43,גרמים,117.00,100 גרם,false,,12.90,0.1103,true,1,50045
8000500227848,false,נוטלה - בי רדי אצבעות ביסקוויט במילוי שוקולד 6 יח' * 22 גרם,פררו,IT,'וופל מלוח במילוי ממ,גרמים,132.00,100 גרם,false,,12.90,0.0977,true,1,123446
8000500249352,false,קינדר בואנו מיני מיקס שקית 205 ג',קדבורי,PL,קינדר בואנו מיני מיק,יחידה,0.00,יחידה,false,,20.90,0.0000,true,1,94371
8000500256213,false,קינדר שוקולד מיני בשקית.,קדבורי,IT,פרר-קינדר שוקולד מינ,גרמים,120.00,100 גרם,false,,11.90,0.0992,true,1,139020
8000500267103,false,קינדר דליס עוגת ספוג קקאו במילוי חלבי*10,קינדר Kinder,IT,פררו-קינדר דליס עשיר,יחידה,0.00,יחידה,false,,22.90,0.0000,true,1,128824
8000500269169,false,קינדר קארדס Kinder Cards - חמישייה,קריות זול,IT,קינדר קארדס 128 גרם,גרמים,128.00,100 גרם,false,,13.90,0.1086,true,1,275398
8000500386941,false,"ממרח קקאו עם אגוזי לוז, 900 גרם",קדבורי,IT,ממרח קקאו עם אגוזי ל,גרמים,900.00,100 גרם,false,,33.90,0.0377,true,1,440922
8001003100164,false,יוגטה סוכריות ג'לי בטעמי פירות 450 גרם,יוגטה yogueta,IT,יוגטה סוכריות ג'לי פ,גרמים,450.00,100 גרם,false,,14.90,0.0331,true,1,128976
8001090379368,false,פמפרס פרימיום קר חיתולים שלב 4 34 יח VP,פרוקטר אנד גמבל,PL,חיתולי פמפרס פרימיום,יחידה,0.00,יחידה,false,,37.90,0.0000,true,1,106728
8001090493637,false,"הד אנד שולדרס שמפו אולטרא טוטאל קר 450 מ""ל",פרוקטר אנד גמבל,RO,שמפו אולטרא טוטאל קר,מיליליטרים,450.00,"100 מ""ל",false,,19.90,0.0442,true,1,95050
8001090721099,false,טבליות ג'ל לכביסה 3 ב-1 בניחוח אביב הרים,פרוקטר אנד גמבל,FR,אריאל פודס קפסולות 2,יח',27.00,יח',false,,36.90,1.3667,true,1,126097
8001090721129,false,אריאל קפסולות גל לכביסה 3ב1 קולור 27 יח,פרוקטר אנד גמבל,FR,אריאל קפסולות פודס ל,יח',27.00,יח',false,,36.90,1.3667,true,1,126098
8001090745903,false,אבקת כביסה טייד פרש אלפיין 4 קג,פרוקטר אנד גמבל,TR,אבקת כביסה טייד אלפי,קילוגרמים,4.00,"ק""ג",false,,34.90,8.7250,true,1,233078
8001090832894,false,מרכך לשיער חלש ופגום לחות מוגברת,פרוקטר אנד גמבל,RO,מרכך לחות מוגברת פנט,מיליליטרים,660.00,"100 מ""ל",false,,21.90,0.0332,true,1,228025
8001090899286,false,תחבושות אולוויז פלטינום לילה בטוח 14 יח',פרוקטר אנד גמבל,DE,תחבושות פלטינום לילה,יחידה,0.00,יחידה,false,,24.90,0.0000,true,1,178139
8001160001786,false,"משקה אנרגיה גטורייד ספורט כחול 500מ""ל",סאן בנדטו אס פי איי,IT,גטורייד ספורט כחול 5,יחידה,500.00,יחידה,false,,10.90,0.0218,true,1,44492
8001505000306,false,מעדן פירות יער אורגני 250 ג FIORDIFRUTT,פיור די פרוטה,IT,מעדן פירות יער אורגנ,גרמים,250.00,100 גרם,false,,19.90,0.0796,true,1,269022
8001505000313,false,ממרח אגוזי לוז אורגני 270 גרם NICCIOLATA,ריג'וני דה אסינו,IT,ממרח אגוזי לוז אורגנ,גרמים,270.00,100 גרם,false,,18.90,0.0700,true,1,269395
8001505000320,false,מעדן תותי יער אורגני 250 ג FIORDIFRUTTA,אף.סי תבליני בגליל ב,IT,מעדן תותים ותותי בר,גרמים,250.00,100 גרם,false,,19.90,0.0796,true,1,269023
8001505001785,false,ממרח אגוזי לוז לבן אורגני 270 גרם,ריגוני די אסיי ישראל,IT,ממרח אגוזי לוז ביאנ,גרמים,270.00,100 גרם,false,,18.90,0.0700,true,1,269397
8001561521708,false,גושי טונה במיי מלח זוגות 2*160 גר קליפו,גיאצינטו קליפו,,נתחי טונה בהירה במי,גרמים,320.00,100 גרם,false,,38.90,0.1216,true,1,443433
8001620011935,false,"סן בנדטו- מים מינרלים מוגז - מארז שישיית 500 מ""ל",אקווה מינרלה סאן בנד,IT,סאן בנדטו מוגז 6*500,ליטרים,3.00,ליטר,false,,13.90,4.6333,true,1,11670
8001620017456,false,"סן בנדטו ספורט, מים מינרלים טבעיים 500 מ""ל שישייה",סאן בנדטו San Benedetto,,סאן בנדטו פקק ספורט,ליטרים,3.00,ליטר,false,,15.90,5.3000,true,1,125497
8001841470252,false,נוזל ניקוי כלים פייר,,,נוזל ניקוי כלים פייר,מיליליטרים,500.00,"100 מ""ל",false,,10.90,0.0218,true,1,518082
8001841470290,false,נוזל ניקוי כלים פייר,,,נוזל ניקוי כלים פייר,מיליליטרים,750.00,"100 מ""ל",false,,14.90,0.0199,true,1,518035
8001841625188,false,סבון כלים פלטינום לימון X3 פעולות להסרת שומנים,פרוקטר אנד גמבל,GB,פיירי נוזל כלים פלטי,מיליליטרים,515.00,"100 מ""ל",false,,10.90,0.0212,true,1,232628
8001841625287,false,סבון כלים פלטינום לימון X3 פעולות להסרת שומנים,פרוקטר אנד גמבל,GB,פיירי נוזל כלים פלטי,ליטרים,1.01,ליטר,false,,19.90,19.7030,true,1,232629
8001841625508,false,סבון כלים פלטינום X3 פעולות להסרת שומנים,פרוקטר אנד גמבל,GB,פיירי נוזל כלים פלטי,ליטרים,1.01,ליטר,false,,19.90,19.7030,true,1,232631
8001841663654,false,"פיירי נוזל כלים אקסטרה 650 מ""ל - צהוב",פרוקטר אנד גמבל,CZ,פיירי נוזל כלים 650,מיליליטרים,650.00,"100 מ""ל",false,,10.90,0.0168,true,1,497750
8001841663692,false,פיירי אקסטרא נוזל כל,,,פיירי נוזל כלים לימ,מיליליטרים,900.00,"100 מ""ל",false,,12.90,0.0143,true,1,463715
8001841669465,false,אריאל קפסולות לכביסה ג'ל 24 יח' בניחוח לנור,פרוקטר אנד גמבל,FR,אריאל קפסולות 24 יחי,גרמים,646.00,100 גרם,false,,34.90,0.0540,true,1,375614
8001841941929,false,אולוויז לילה בטוח אקסטרה 16יח תחבושות ול,פרוקטר אנד גמבל,DE,אולוויז וליו פק לילה,יחידה,0.00,יחידה,false,,24.90,0.0000,true,1,418325
8002205319835,false,מזון לחתולים בוגרים בטעם סלמון פורינה ONE,פורינה Purina,US,פורינה ONE חתול בוגר,גרמים,800.00,100 גרם,false,,46.90,0.0586,true,1,193240
8002270436581,false,"שישיית מים סאן פלגרינו פלסט 500 מ""ל",סן-פלגרינו,IL,סאן פלגרינו מים מוגז,ליטרים,3.00,ליטר,false,,35.70,11.9000,true,1,146246
8002503213682,false,חטיפי גבינת גרנה פדנ,"אמבורסי, איטליה",FR,גבינת גראנה פדנו 80,גרמים,80.00,100 גרם,false,,26.90,0.3362,true,1,438430
8003477500051,false,"פרימלוצ'י ספגטי מ""ס",,,"פרימלוצ'י ספגטי מ""ס",גרמים,500.00,100 גרם,false,,6.90,0.0138,true,1,496129
8003477500327,false,פרימלוצ'י קורנטי 500,,,פרימלוצ'י קורנטי 500,גרמים,500.00,100 גרם,false,,6.90,0.0138,true,1,496130
8003477500365,false,פרימלוצ'י קונקילייה,,,פרימלוצ'י קונקילייה,גרמים,500.00,100 גרם,false,,6.90,0.0138,true,1,496131
8003753900438,false,קפה לנדוור אילי אספרסו טחון 250 גרם,קפה לנדוור,IL,אילי אספרסו טחון בפח,גרמים,250.00,100 גרם,false,,51.90,0.2076,true,1,23191
8004030026018,false,"מקסיקני עם טונה ריו מרה אינסלטיסימי, 160 ג'","בולטון אלימנטרי בע""מ",IT,ריו מרה טונה עם שעוע,גרמים,160.00,100 גרם,false,,18.90,0.1181,true,1,25074
8004030044005,false,נתחי טונה בהירה בשמן זית ריו מרה 112גרם,"בולטון אלימנטרי בע""מ",IT,נתחי טונה בשמן זית ר,גרמים,160.00,100 גרם,false,,20.90,0.1306,true,1,25075
8004030081024,false,נתחי טונה עם שום ופלפל אדום ריו מרה 160 ג',"בולטון אלימנטרי בע""מ",IT,נתחי טונה שמן זית שו,גרמים,160.00,100 גרם,false,,20.90,0.1306,true,1,25076
8004030102033,false,טונה בשמן זית עם מיץ לימון ופלפל שחור - מארז 3 יח',בולטון אלימנטרי,IT,טונה בשמן עם לימון ו,גרמים,240.00,100 גרם,false,,32.90,0.1371,true,1,138914
8004030177000,false,טונה בשמן זית וצ'ילי ריו מרה מארז 80X3 גר',ריו מארה Rio Mare,IT,טונה בשמן זית עם צ'י,גרמים,240.00,100 גרם,false,,32.90,0.1371,true,1,126041
8004030180000,false,ריו מרה טונה בשמן זית כתית מעולה 3*80גר,בולטון אלימנטרי,IT,ריו מרה טונה בשמן זי,גרמים,240.00,100 גרם,false,,32.90,0.1371,true,1,517741
8004030381681,false,ריו מרה נתחי טונה בהירה בשמן זית זוג 160 גר,BOLTON GROUP- RIO,,טונה בשמן זית ריו מר,גרמים,320.00,100 גרם,false,,36.90,0.1153,true,1,144339
8004030845046,false,טונה עם ירקות בתוספת עם אורז ריו מרה אינסלטיסימי 160 ג',בולטון אלימנטרי,IT,אינסלטיסימי אורז עם,גרמים,160.00,100 גרם,false,,18.90,0.1181,true,1,140182
8004123004893,false,"שמן מתובל בטעם פטריות כמהין 250 מ""ל",,IT,שמן מתובל בטעם פטריו,מיליליטרים,250.00,"100 מ""ל",false,,29.90,0.1196,true,1,448532
8005110002243,false,רכז עגבניות Doppio Concentr בשפופרת 185 ג' MUTTI,"איי, בי, אינבוו",IT,תרכיז MUTTI עגבניות,גרמים,185.00,100 גרם,false,,8.90,0.0481,true,1,259013
8005200256587,false,נסטי - תה קר בטעם אפרסק 1.5 ליטר,מפעל סאנפלגרינו S.P.,IT,נסטי אפרסק 1.5 ליטר,ליטרים,1.50,ליטר,false,,9.90,6.6000,true,1,372211
8005469951452,false,ממרח אנשובי עם שמן חמניות,בנדטו סקלייה סרל,IT,ממרח אנשובי עם שמן ח,גרמים,60.00,100 גרם,false,,12.90,0.2150,true,1,74447
8005803010371,false,"גריסיני רוזמרין - מקלות אפויים עם שמן זית, מלח ורוזמרין","אינסטנטה בע""מ",IT,גריסיני עם רוזמרין 1,גרמים,125.00,100 גרם,false,,8.50,0.0680,true,1,117909
8006540628737,false,שמפו הד שולדרס קלאסי,,,שמפו הד שולדרס קלאסי,מיליליטרים,350.00,"100 מ""ל",false,,16.90,0.0483,true,1,490062
8008245004861,true,ממרח אגוזי לוז עם חל,,,ממרח אגוזי לוז עם חל,גרמים,300.00,100 גרם,false,,17.90,0.0597,true,1,283115
8008620009276,false,קריץ-קרקר מלוח 500 גרם,,IT,קרקר מלוח 500 גרם קר,גרמים,500.00,100 גרם,false,,21.90,0.0438,true,1,70010
8008620009290,false,קריץ-קרקר חיטה מלאה 500 ג',,IT,קרקר חיטה מלאה 500 ג,גרמים,500.00,100 גרם,false,,21.90,0.0438,true,1,44648
8008912010072,false,ליגורי- לינגוויני מספר 7 500גר,פסטה ליגורי,IT,פסטה לינגוויני מספר,גרמים,500.00,100 גרם,false,,8.90,0.0178,true,1,457338
8008912010270,false,ליגורי- קסרצ'ה מספר 27 500גר,פסטה ליגורי,IT,פסטה קסרצ'ה מספר 27,גרמים,500.00,100 גרם,false,,8.90,0.0178,true,1,457339
8008912010300,false,פסטה פרפלה ליגורי 500 גר',פסטה ליגורי,IT,פסטה פרפלה מספר 30 -,גרמים,500.00,100 גרם,false,,8.90,0.0178,true,1,457340
8008912010317,false,ליגורי-פוזילי מספר 31 500גר,פסטה ליגורי,IT,פסטה פוזלי מספר 31 -,גרמים,500.00,100 גרם,false,,8.90,0.0178,true,1,457341
8008912010423,false,ליגורי- פנה ריגטה מספר 42 500גר,פסטה ליגורי,IT,פסטה פנה ריגטה מספר,גרמים,500.00,100 גרם,false,,8.90,0.0178,true,1,457342
8023788030610,false,שוקולד חלב 300 גרם,,,שוקולד חלב 300 גרם,גרמים,300.00,100 גרם,false,,19.90,0.0663,true,1,476054
8023788030658,false,עוגיות מלוחות בטעם ט,,,עוגיות מלוחות בטעם ט,גרמים,400.00,100 גרם,false,,14.90,0.0373,true,1,506967
8023788030665,false,עוגיות מלוחות בטעם ב,,,עוגיות מלוחות בטעם ב,גרמים,400.00,100 גרם,false,,14.90,0.0373,true,1,506968
8023788030672,false,עוגיות מלוחות בתוספת,,,עוגיות מלוחות בתוספת,גרמים,400.00,100 גרם,false,,14.90,0.0373,true,1,506969
8023788030689,false,עוגיות מלוחות בטעם ע,,,עוגיות מלוחות בטעם ע,גרמים,400.00,100 גרם,false,,14.90,0.0373,true,1,507402
8024985002783,false,סמוזי נטורה נובה גזר ודלעת 100 גרם,נטורה נובה,,נטורה נובה - סמוזי ג,גרמים,100.00,100 גרם,false,,5.90,0.0590,true,1,269209
8024985002967,false,סמוזי נטורה נובה בננה תרד 100 גרם,נטורה נובה,IT,נטורה נובה - סמוזי ב,גרמים,100.00,100 גרם,false,,5.90,0.0590,true,1,431390
8024985008044,false,נטורה משקה סמודי אגסים אורגני 100 גר,"נטורפוד בע""מ",IT,נטורה נובה - סמוזי א,גרמים,100.00,100 גרם,false,,5.90,0.0590,true,1,269214
8032880800243,false,פיקניק הפתעה - אגוזי לוז ומקלות אפויים,"הוסטה איטליה, ס.ר.ל.",IT,פיקניק הפתעה 50ג,גרמים,50.00,100 גרם,false,,9.90,0.1980,true,1,15424
8076800105056,false,"ברילה ספגטי 1 ק""ג קופסה",ברילה Barilla,IT,פסטה ספגטי בקופסה בר,קילוגרמים,1.00,"ק""ג",false,,14.90,14.9000,true,1,475082
8076800105988,false,"ברילה פוזילי 1 ק""ג קופסה",ברילה Barilla,IT,פוזלי בקופסה ברילה 1,קילוגרמים,1.00,"ק""ג",false,,14.90,14.9000,true,1,475114
8076800195019,false,ברילה - צ.א ספגטי מס1 קפליני 500 גרם,ברילה גי.אי.אר פרטלי,IT,ספגטי קפליני מס' 1 ב,גרמים,500.00,100 גרם,false,,8.90,0.0178,true,1,25081
8076800195033,false,ברילה - צ.א ספגטיני מס3 חדש 500 גרם,ברילה גי.אי.אר פרטלי,IT,ספגטי מס' 3 ברילה 50,גרמים,500.00,100 גרם,false,,8.90,0.0178,true,1,25082
8076800195057,false,ברילה - צ.א ספגטי מס5 חדש 500 גרם,ברילה גי.אי.אר פרטלי,IT,ספגטיני מס' 5 ברילה,גרמים,500.00,100 גרם,false,,8.90,0.0178,true,1,25083
8076800315097,false,פסטה מקרוני בוקטיני מספר 9 ברילה 500 גרם,ברילה גי.אי.אר פרטלי,IT,ספגטי בוקטיני מס' 9,גרמים,500.00,100 גרם,false,,8.90,0.0178,true,1,25085
8076802085738,false,ברילה - צ.ק פנה רגטה חדש 500 גרם,ברילה גי.אי.אר פרטלי,IT,פנה רגטה מס' 73 בריל,גרמים,500.00,100 גרם,false,,8.90,0.0178,true,1,25087
8076802085981,false,ברילה - צ.ק פוזילי חדש 500 גרם,ברילה גי.אי.אר פרטלי,IT,פסטה פוזילי 98 ברילה,גרמים,500.00,100 גרם,false,,8.90,0.0178,true,1,25090
8076808060654,false,פסטה פרפלה מספר 65 ברילה 500 גרם,ברילה גי.אי.אר פרטלי,IT,פסטה פרפלה 65 ברילה,גרמים,500.00,100 גרם,false,,8.90,0.0178,true,1,25092
8076808150072,false,ברילה - צ.א ספגטוני מס7 חדש 500 גרם,ברילה גי.אי.אר פרטלי,IT,ספגטי מס' 7 ברילה 50,גרמים,500.00,100 גרם,false,,8.90,0.0178,true,1,25094
8076809512268,false,פסטה גירנדולה טורסדס מספר 34 ברילה 500 גרם,ברילה גי.אי.אר פרטלי,IT,פסטה גירנדולה מס' 34,גרמים,500.00,100 גרם,false,,8.90,0.0178,true,1,25096
8076809513388,false,רוטב לפסטה ארביאטה ברילה 400 גרם,ברילה גי.אי.אר פרטלי,IT,ברילה רוטב ארביאטה 4,גרמים,400.00,100 גרם,false,,16.90,0.0422,true,1,25097
8076809513395,false,ברילה פומודורו רוטב עגבניות קלאסי 400 גר,ברילה גי.אי.אר פרטלי,IT,ברילה רוטב פורמודרו,גרמים,400.00,100 גרם,false,,16.90,0.0422,true,1,25098
8076809513692,false,רוטב עגבניות נפולטנה בתוספת ירקות,ברילה גי.אי.אר פרטלי,IT,ברילה רוטב נפוליטנה,גרמים,400.00,100 גרם,false,,16.90,0.0422,true,1,25100
8076809513739,false,ברילה רוטב עגבניות עם בזיליקום 400 גרם,ברילה גי.אי.אר פרטלי,IT,ברילה רוטב בזיליקום,גרמים,400.00,100 גרם,false,,16.90,0.0422,true,1,25101
8076809514774,false,ברילה איטריות ביצים פפרדלה 250ג',ברילה גי.אי.אר פרטלי,IT,ברילה פפרדלה ביצים 2,גרמים,250.00,100 גרם,false,,18.90,0.0756,true,1,118819
8076809523738,false,פסטה ברילה לזניה 500ג',ברילה גי.אי.אר פרטלי,IT,לזניה ברילה 500 גרם,גרמים,500.00,100 גרם,false,,28.90,0.0578,true,1,25107
8076809529433,false,פסטה פנה ריגטה חיטה מלאה ברילה 500 גרם,"ש. שסטוביץ בע""מ",IT,פנה רגטה מחיטה מלאה,גרמים,500.00,100 גרם,false,,18.90,0.0378,true,1,25109
8076809545457,false,ברילה אטריות ללא גלוטן 400 ג' צינורות 400 ג',ברילה ג'.אי.אר פרטלי,IT,ברילה צינורות עבה קמ,גרמים,400.00,100 גרם,false,,15.90,0.0398,true,1,25112
8410076600622,false,חטיפי גרנולה קראנצ'י עם שוקולד מריר נייצ'ר ואלי 210 גרם,ג'נרל מילס סאן אדריא,ES,חטיף קראנצי שבבי שוק,גרמים,210.00,100 גרם,false,,22.90,0.1090,true,1,67496
8410104035112,false,"פיניש - נוזל הברקה 400 מ""ל",רקיט בנקיזר,PL,פיניש נוזל הברקה 400,מיליליטרים,400.00,"100 מ""ל",false,,9.90,0.0248,true,1,24334
8410104039134,false,"פיניש מנקה ומחדש מדיח 250 מ""ל",הדקלאים אגודת שיתופי,PL,פיניש מנקה ומחדש מדי,מיליליטרים,250.00,"100 מ""ל",false,,18.90,0.0756,true,1,24335
8410104045111,false,"פיניש מלח למדיח כלים 2ק""ג",רקיט בנקיזר,IL,"פיניש מלח למדיח 2 ק""",קילוגרמים,2.00,"ק""ג",false,,17.90,8.9500,true,1,24337
8410128783587,false,ויוה סוי שיבולת שועל בריסטה קרטונית,קלידאד פסקואל,ES,ויוה סוי שיבולת שועל,ליטרים,1.00,ליטר,false,,11.90,11.9000,true,1,468594
8410376037883,false,גוליאן עוגיות שוקו צפס ללא גלוטן 130 ג ו,תות תעשיות מזון (201,ES,עוגיות עם שבבי שוקול,גרמים,130.00,100 גרם,false,,12.90,0.0992,true,1,118383
8410376042481,false,גולון ביסקווט קרם יוגורט ללא תוספת סוכר 220 גרם,גלטס גולון,,עוגיות ביסקוויט סנדו,גרמים,220.00,100 גרם,false,,16.40,0.0745,true,1,22106
8410376047509,false,גולון טוסטדה ללא סוכר 400 גרם,גלטס גולון,ES,טוסטדה ללא תוספת סוכ,גרמים,400.00,100 גרם,false,,16.40,0.0410,true,1,454149
8410628460612,false,טונה ספרדית בשמן זית ולימון 190 גרם,קונסורסיו,ES,טונה ספרדית בשמן זית,גרמים,190.00,100 גרם,false,,29.90,0.1574,true,1,158145
8420822130624,false,"ספריי סופר מסיר כתמים 750מ""ל יעקבי",קה לורדה,ES,ספריי סופר מסיר כתמי,מיליליטרים,750.00,"100 מ""ל",false,,19.90,0.0265,true,1,394292
8423207206488,false,סלים דליס חטיף דגנים מצופה שוקולד חלב מרבה 6*20 גרם,אף.סי תבליני בגליל ב,ES,סלים דליס חטיף דגנים,גרמים,120.00,100 גרם,false,,13.90,0.1158,true,1,25117
8423207206495,false,סלים דליס חטיף דגנים מצופה שוקולד מריר מרבה 6*20 גרם,אף.סי תבליני בגליל ב,ES,סלים דליס חטיף דגנים,גרמים,120.00,100 גרם,false,,13.90,0.1158,true,1,25118
8423207206501,false,סלים דליס חטיף דגנים עם שוקולד חלב מרבה 6*13 גרם,סלים דליס Slim Delis,ES,סלים דליס חטיף דגנים,גרמים,120.00,100 גרם,false,,13.90,0.1158,true,1,25119
8423207207362,false,חטיף דגנים סלים דליס שוקולד לבן 120 גר,ביסנצ'ורי אס.אל.יו,ES,סלים דליס חטיף דגנים,גרמים,120.00,100 גרם,false,,13.90,0.1158,true,1,25121
8423207208260,false,מרבה סלים דליס 125 ג' ללא גלוטן שוקולד חלב,ביסנצ'ורי אס.אל.יו,ES,סלים דליס ללא גלוטן,גרמים,78.00,100 גרם,false,,13.90,0.1782,true,1,25128
8423207208680,false,מרבה חטיפי סלים דליס לילדים שוקולד חלב,ביסנצ'ורי אס.אל.יו,ES,סלים דליס קידס בציפו,גרמים,121.00,100 גרם,false,,13.90,0.1149,true,1,25129
8423207208697,false,מרבה סלים דליס לילדים עם שוקולד לבן חדש,ביסנצ'ורי אס.אל.יו,ES,סלים דליס קידס עוגיו,גרמים,120.00,100 גרם,false,,13.90,0.1158,true,1,25130
8423207208703,false,מרבה חטיפי סלים דליס לילדים שוקולד מריר,ביסנצ'ורי אס.אל.יו,ES,סלים דליס אקסטרא חטי,גרמים,120.00,100 גרם,false,,13.90,0.1158,true,1,25131
8423207208871,false,פרכיות תירס בטעם טבעי סלים דליס 130ג',סלים דליס Slim Delis,ES,פריכיות תירס בטעם טב,גרמים,130.00,100 גרם,false,,10.90,0.0838,true,1,5592
8423207208895,false,פריכיות תירס בטעם זיתים ועירית סלים דליס 123 ג',סלים דליס Slim Delis,ES,פריכיות תירס זיתים ו,גרמים,123.00,100 גרם,false,,10.90,0.0886,true,1,5594
8423207209748,false,חטיף דגנים מלאים שוקולד מריר נגיעות תפוז,ביסנצ'ורי אס.אל.יו,ES,סלים דליס חטיף דגנים,גרמים,120.00,100 גרם,false,,13.90,0.1158,true,1,107397
8423207210287,false,מרבה סלים דליס שוקולד לבן בטעם יוגורט 120 ג',סלים דליס Slim Delis,ES,סלים דליס חטיף דגנים,גרמים,120.00,100 גרם,false,,13.90,0.1158,true,1,132993
8423207210928,false,חטיף דגנים מצופה שוקולד חלב ואגוזי לוז - 5 במארז,נוטרישן אנד סנטה קוב,ES,סלים דליס טופינג בטע,גרמים,90.00,100 גרם,false,,13.90,0.1544,true,1,245518
8424842050030,false,צ'יפס עם מלח הימלאי 125 גרם RUBIO,RUBIO,ES,חטיף צ'יפס עם שמן זי,גרמים,125.00,100 גרם,false,,13.90,0.1112,true,1,406148
8424842050085,false,צ'יפס בטעם חרדל ודבש 125 גרם RUBIO,RUBIO,ES,חטיף צ'יפס דבש וחרדל,גרמים,125.00,100 גרם,false,,13.90,0.1112,true,1,406149
8435495819363,false,תינוקלין - מרכך כביסה פרש & ג'נטל 1 ליטר,פרוקטר אנד גמבל,TR,תינוקלין מרכך כביסה,ליטרים,1.00,ליטר,false,,22.90,22.9000,true,1,350949
8436575292205,false,ארטיק חמשושים מאגדת 15*12 גר',שוורצקוף& הנקל דיסלד,IL,מאגדת חמשושים אננס מ,גרמים,180.00,100 גרם,false,,22.90,0.1272,true,1,139995
8485818700014,false,משקפיים בנרתיק,,,משקפיים,יחידה,0.00,יחידה,false,,19.90,0.0000,true,1,35208
8606018615827,false,גלידת וניל עם שברי עוגיות אוראו 480 גרם,פרונרי סרביה,IL,גלידת וניל עם שברי ע,מיליליטרים,300.00,"100 מ""ל",false,,13.90,0.0463,true,1,521846
8606018615841,false,גלידה וניל עם ליבת שוקולד חלב מעולה 480 גרם,פרונרי סרביה,IL,פיינט מילקה וניל ליב,מיליליטרים,300.00,"100 מ""ל",false,,13.90,0.0463,true,1,521829
8606018615865,false,פיינט מילקה קרמל ליבת שוקולד 480 גרם,פרונרי סרביה,IL,פיינט מילקה קרמל ליב,מיליליטרים,300.00,"100 מ""ל",false,,13.90,0.0463,true,1,521830
8682655100513,false,מארז 3 קופסאות פלסטי,,,מארז 3 קופסאות פלסטי,יחידה,0.00,יחידה,false,,19.90,0.0000,true,1,370661
8683130008355,false,מיונז עם שום הלמנס לחיץ 400 גרם,יוניליוור ישראל שיוו,TR,מיונז עם שום הלמנס 4,גרמים,400.00,100 גרם,false,,16.90,0.0422,true,1,501881
8683323063024,false,יוגטה שטיחים בטעם תותי פרוטי 220 גרם,ליימן מותגים,TR,יוגטה חיספוסים שטיחי,גרמים,220.00,100 גרם,false,,7.90,0.0359,true,1,119985
8690504081920,false,מקוויטיס טינס מצופה שוקולד מריר 150 גרם,שוורצקוף& הנקל דיסלד,TR,טינס מצופה שוקולד מר,גרמים,150.00,100 גרם,false,,9.90,0.0660,true,1,120936
8690504153740,false,שוקולד מריר במילוי קרם בטעם שוקולד מריר,ביסקוט ביסקווי סילבר,TR,טבלת שוקולד מריר עם,גרמים,86.00,100 גרם,false,,16.90,0.1965,true,1,127028
8690637503856,false,ממרח הלמנס כ- 40% פחות שומן לעומת מיונז,"בסטפוד - 3P ארה""ב Fo",TR,ממרח הלמנ'ס בקבוק לח,גרמים,355.00,100 גרם,false,,16.90,0.0476,true,1,501883
8690637555084,false,מרכך כביסה בדין אקסטרא פריחת תפוז 960 מל,יוניליוור סנאיי וי ט,TR,בדין אקסטרה לבן 960,מיליליטרים,960.00,"100 מ""ל",false,,18.90,0.0197,true,1,13047
8690637946301,false,"בדין - מרכך כביסה אקסטרא בייביי כחול 960 מ""ל",יוניליוור סנאיי וי ט,TR,בדין אקסטרה בייבי כ,מיליליטרים,960.00,"100 מ""ל",false,,18.90,0.0197,true,1,213422
8690637994029,false,מרכך כביסה אקסטרה בניחוח סחלבים פראי,בדין,TR,בדין אקסטרא מכך כביס,ליטרים,1.44,ליטר,false,,21.90,15.2083,true,1,286955
8690637994036,false,מרכך כביסה אקסטרה בניחוח יסמין מרענן,בדין,TR,בדין אקסטרא מרכך כבי,ליטרים,1.44,ליטר,false,,21.90,15.2083,true,1,286956
8690766156367,false,שוקולד חלב גודייבה מעולה 90 גר,"אולקר מקבוצת פלאדיס,",TR,גודייבה שוקולד חלב מ,גרמים,90.00,100 גרם,false,,17.90,0.1989,true,1,247585
8690766156374,false,שוקולד גודייבה מריר 72% מוצרי קקאו 90 גר,"אולקר מקבוצת פלאדיס,",TR,גודייבה שוקולד מריר,גרמים,90.00,100 גרם,false,,17.90,0.1989,true,1,236370
8690766156381,false,גודייבה שוקולד מריר 90% מוצקי קקאו 90 גרם,"אולקר מקבוצת פלאדיס,",TR,גודייבה ש.מריר מעולה,גרמים,90.00,100 גרם,false,,17.90,0.1989,true,1,231510
8690766156398,false,"שוקולד חלב מעולה בתוספת שברי שקדים קלויים,דבש ומלח 90 גרם","אולקר מקבוצת פלאדיס,",TR,גודייבה שוקולד חלב ש,גרמים,90.00,100 גרם,false,,17.90,0.1989,true,1,247569
8690766156404,false,שוקולד מריר מעולה גודייבה תפוז אדום 90 גרם,גודייבה,TR,גודייבה שוקולד מריר,גרמים,90.00,100 גרם,false,,17.90,0.1989,true,1,247570
8690766156411,false,שוקולד מריר מעולה בטעם פלפל ורוד עם חתיכות תות מסוכר 90 גרם,"אולקר מקבוצת פלאדיס,",TR,גודייבה שוקולד מריר,גרמים,90.00,100 גרם,false,,17.90,0.1989,true,1,247571
8690777204071,false,פלפלים כבושים חריפים סרה 320 גרם,יוליניבר,TR,פלפל חריף סרה 640 גר,גרמים,640.00,100 גרם,false,,14.90,0.0233,true,1,5081
8690777221405,false,פלפל אדום קלויים על האש 650 גרם SERA,קוראהן פזלרמה וי דיס,TR,פלפל אדום קלוי על הא,גרמים,650.00,100 גרם,false,,14.90,0.0229,true,1,5083
8690784516440,false,דאק נוזל לניקוי מתקדם בניחוח לבנדה בודד 750מל,טואלט דאק (ג'ונסון),NL,דאק ג'ל נוזל לניקוי,מיליליטרים,750.00,"100 מ""ל",false,,12.90,0.0172,true,1,104480
8690784516662,false,דאק נוזל ג'ל לניקוי עם אקונומיקה בניחוח לבנדר,אס.סי.גונסון,IT,דאק נוזל ג'ל לניקוי,מיליליטרים,750.00,"100 מ""ל",false,,13.90,0.0185,true,1,125407
8690946270074,false,פסטה ספגטי 500 גרם B,,,פסטה ספגטי 500 גרם B,גרמים,500.00,100 גרם,false,,4.90,0.0098,true,1,508347
8690946270111,false,פסטה פוזלי 500 גרם B,,,פסטה פוזלי 500 גרם B,גרמים,500.00,100 גרם,false,,4.90,0.0098,true,1,508348
8690946270241,false,פסטה קונכיות גדולות,,,פסטה קונכיות גדולות,גרמים,500.00,100 גרם,false,,4.90,0.0098,true,1,508349
8690946272207,false,פסטה פנה 500 גרם BAH,,,פסטה פנה 500 גרם BAH,גרמים,500.00,100 גרם,false,,4.90,0.0098,true,1,508350
8691058141238,false,ערמונים שלמים קלויים וקלופים 100 ג' Avel,,,AVEL ערמונים שלמים ק,גרמים,100.00,100 גרם,false,,4.90,0.0490,true,1,133910
8693357192942,false,סט 2 תבניות אובלי בו,,,סט 2 תבניות אובלי בו,יחידה,0.00,יחידה,false,,199.90,0.0000,true,1,55202
8697530910743,false,סיגריות פאל מאל כחול קצר מטאליק,Unknown,,פאל מאל בלו,יחידה,0.00,יחידה,false,,31.00,0.0000,false,1,6014
8697530910750,false,סיגריות פאל מאל כחול ארוך האוס,Unknown,,פאל מאל בלו ארוך,יחידה,0.00,יחידה,false,,31.00,0.0000,false,1,6015
8697975032505,false,"בקבוק ספורט 630 מ""ל",,,"בקבוק ספורט 630 מ""ל",יחידה,0.00,יחידה,false,,24.90,0.0000,true,1,461298
8710502060021,false,מרבה פטיסרי עוגיות מאפין רכות 210 גרם,מרבה,NL,מרבה פטיסרי - עוגיות,גרמים,210.00,100 גרם,false,,11.90,0.0567,true,1,477855
8710502100864,false,עוגיות מרבה פטיסרי דאבל שוקולד 200 גרם,מרבה,NL,מרבה פטיסרי דאבל שוק,גרמים,200.00,100 גרם,false,,11.90,0.0595,true,1,477856
8710502139017,false,עוגיות טריפל שוקולד צ'יפס מרבה 180 גרם,בנקטבקריי מרבה בי.וי,NL,מרבה עוגיות טריפל שו,גרמים,180.00,100 גרם,false,,10.90,0.0606,true,1,68644
8710502231018,false,מרבה מיני עוגיות שוקולד צ'יפס 175 גרם,"מרבה בע""מ",NL,מרבה עוגיות שוקולד צ,גרמים,175.00,100 גרם,false,,9.90,0.0566,true,1,284255
8710502279010,false,מרבה עוגיות שוקולד ציפס מצופות שוקולד 175 גרם - רבנות,"י.מרבה ישראל בע""מ",NL,מרבה עוגיות שוקולד צ,גרמים,175.00,100 גרם,false,,10.90,0.0623,true,1,289168
8710502470035,false,מרבה פטיסרי עוגיות נוגטלי אגוזים 200 גרם,מרבה,NL,מרבה פטיסרי - עוגיות,גרמים,200.00,100 גרם,false,,11.90,0.0595,true,1,477858
8710732228918,false,מצית קריקט,,,מצת CRICKET.,יחידה,0.00,יחידה,false,,5.00,0.0000,false,1,260265
8711000371176,false,קפסולות קפה אספרסו קלאסיקו 10*52 ג' ג'ייקובס,קריניציה ויטמינה אס,FR,ג'ייקובס קפסולות קפה,גרמים,52.00,100 גרם,false,,18.90,0.3635,true,1,138296
8711000371244,false,"ג'ייקובס קפסולות אספרסו (8) 10 יח', 52ג' לונגו",ג'ייקובס Jacobs,FR,ג'ייקובס קפסולות קפה,גרמים,52.00,100 גרם,false,,18.90,0.3635,true,1,195171
8712561594608,false,"דאב תחליב רחיצה להזנה עמוקה 750 מ""ל",יוניליוור גרמניה (בו,DE,תחליב רחצה להזנה עמו,מיליליטרים,750.00,"100 מ""ל",false,,22.90,0.0305,true,1,13125
8712561611183,false,דאב סבון נוזלי 500 תמציות מלפפונים ותה,יוניליוור גרמניה (בו,DE,דאב תחליב רחצה תה יר,מיליליטרים,500.00,"100 מ""ל",false,,19.90,0.0398,true,1,13126
8712561611411,false,תחליב רחצה מזין בניחוח מלפפון ותה ירוק,יוניליוור גרמניה (בו,DE,תחליב רחצה תה ירוק ו,מיליליטרים,750.00,"100 מ""ל",false,,22.90,0.0305,true,1,13127
8712561631570,false,"תחליב רחצה דאב חלב קוקוס 750 מ""ל",יוניליוור גרמניה (בו,DE,תחליב רחצה חלב קוקוס,מיליליטרים,750.00,"100 מ""ל",false,,22.90,0.0305,true,1,13131
8714599513866,false,קפה נמס מיובש בהקפאה ג'ייקובס קרונונג 200 גרם,אל.אל.סי גייקובס דאו,DE,קפה ג'יקובס קרונונג,גרמים,200.00,100 גרם,false,,31.90,0.1595,true,1,7188
8715700110141,false,מיונז קרמי היינץ צנצנת 460ג',ה.י.היינץ הולדינג בי,NL,מיונז היינץ אמיתי צנ,גרמים,460.00,100 גרם,false,,13.90,0.0302,true,1,101616
8715700419732,false,מתבל עגבניות היינץ 700 גרם,ה.י. היינץ,NL,היינץ קטשופ 700 גרם,גרמים,700.00,100 גרם,false,,15.90,0.0227,true,1,7294
8715700422381,false,מיונז היינץ 420 גר' כשלפ,היינץ מנופקצ'רינג ספ,ES,מיונז היינץ אמיתי צנ,גרמים,420.00,100 גרם,false,,13.90,0.0331,true,1,7297
8715700423906,false,היינץ מתבל עגבניות מופחת סוכר ומלח 50/50 550 גרם,היינץ צפון אמריקה מק,NL,מתבל עגבניות היינץ 2,גרמים,555.00,100 גרם,false,,12.90,0.0232,true,1,115372
8717644390566,false,סבון מוצר רביעיה תמצית מלפפון ותה ירוק,יוניליוור גרמניה (מנ,DE,סבון מוצק תמצית מלפפ,גרמים,400.00,100 גרם,false,,18.90,0.0472,true,1,13152
8718114047249,false,דאב סבון מוצק 6 יח'* 100 ג',יוניליוור גרמניה (בו,DE,סבון מוצק דאב 6*100,גרמים,600.00,100 גרם,false,,25.90,0.0432,true,1,13154
8718114734484,false,מיונז מאילי 320 גר צ,בונגראן,FR,מיונז מיילי 320 גרם,גרמים,320.00,100 גרם,false,,17.90,0.0559,true,1,112614
8718951001602,false,"ספריי לניקוי רב פעולות 600 מ""ל ""א'גקס""",הנסיך- מפעל לייצור ט,GR,אג'קס ספריי אדום רב,מיליליטרים,600.00,"100 מ""ל",false,,10.90,0.0182,true,1,25219
8718951159808,false,מברשות שיניים 360 מדיום- מארז שלישייה,קולגייט פלמוליב,CN,מארז שלישייה מברשת 3,יחידה,0.00,יחידה,false,,33.90,0.0000,true,1,89133
8718951160897,false,ספריי אקונומיקה עוצמת ה7 טריגר אגקס 500מ,קולגייט פלמוליב,GR,אגקס עוצמת ה 7 טריגר,מיליליטרים,500.00,"100 מ""ל",false,,16.90,0.0338,true,1,86349
8718951166561,false,משחת שיניים לרעננות מוגברת max fresh cooling crystals,הנסיך- מפעל לייצור ט,PL,קולגייט משחת שיניים,מיליליטרים,125.00,"100 מ""ל",false,,19.90,0.1592,true,1,133890
8718951175600,false,"משחת שיניים קולגייט אוטאל קליין מינט 75 מ""ל",CP-Poland swidnica,PL,קולגייט משחת שיניים,מיליליטרים,75.00,"100 מ""ל",false,,14.90,0.1987,true,1,268580
8718951236806,false,"קולגייט טוטאל הלבנה להסרת כתמים מהשן 100 מ""ל",קולגייט Colgate,PL,מש.שיניים להלבנה קול,מיליליטרים,100.00,"100 מ""ל",false,,18.90,0.1890,true,1,136098
8718951240742,false,"קולגייט טוטאל משחת שיניים פסים מרעננים 100 מ""ל",קולגייט Colgate,PL,מש.שיניים פסים מרעננ,גרמים,128.00,100 גרם,false,,18.90,0.1477,true,1,136100
8719200998001,false,מרגרינה לאפיה ובישול בלי מלח 200 ג' בלו בנד,מיוצר עי קונדיטוריית,IL,בלו בנד ללא מלח 200,גרמים,200.00,100 גרם,false,,4.90,0.0245,true,1,193700
8719200998018,false,מחמאה מרגרינה בטעם חמאה 200 ג' בלו בנד,פארייפאבה אגרואינדוס,IL,מחמאה מרגרינה בטעם ח,גרמים,200.00,100 גרם,false,,5.50,0.0275,true,1,193701
8720181046605,false,דאב - דאודורנט ספריי לאישה אורגינל כחול 150מל,יונילוור ארגנטינה -,GB,דאו' ספריי אוריגינל,מיליליטרים,150.00,"100 מ""ל",false,,14.90,0.0993,true,1,271678
8720181046612,false,"דאב - דאודורנט רול און לאישה אורגינל 50 מ""ל",יוניליוור HPC,GB,דאו' רולאון אורגינל,מיליליטרים,50.00,"100 מ""ל",false,,19.90,0.3980,true,1,463402
8720181114465,false,"אקס - דאודורנט ספריי לגבר אנרכי 150 מ""ל",,,דאורדורנט ספריי אקס,מיליליטרים,150.00,"100 מ""ל",false,,12.90,0.0860,true,1,377447
8720181114489,false,"אקס - דאודורנט ספריי לגבר בלק 150 מ""ל",יוניליוור,GB,דאורדורנט ספריי אקס,מיליליטרים,150.00,"100 מ""ל",false,,12.90,0.0860,true,1,377463
8722700197508,false,גלייז חומץ בלסמי 250,,,גלייז חומץ בלסמי 250,מיליליטרים,250.00,"100 מ""ל",false,,46.90,0.1876,true,1,475002
8723400756552,false,מארז סוכריות מנטוס Mentos ריינבואו,פרפטי ואן מלה ברדה,NL,RAINBOW רביעית סוכרי,גרמים,150.00,100 גרם,false,,12.90,0.0860,true,1,15487
8801055707966,false,קפה טייסטר צו'יס נס קפה בריסטה 180ג',נסטלה קוריאה - קפה,KR,נס קפה טייסטרס צ'ויס,גרמים,180.00,100 גרם,false,,33.90,0.1883,true,1,23213
8809168840471,false,חטיף אצות מיובשות 9יח,ג'י וואן גלובול נאט,KR,חטיף אצות מיובשות 9,גרמים,4.50,100 גרם,false,,25.90,5.7556,true,1,433627
8850367992164,false,קרם קוקוס 250 מל 20-22% ללא חומר משמר,טאפ פאד ונגפורן,TH,קרם קוקוס ללא גלוטן,גרמים,250.00,100 גרם,false,,8.90,0.0356,true,1,16585
8850389103111,false,סאפי משקה אלוורה בטעם ענבים 300מל,פארייפאבה אגרואינדוס,TH,סאפה משקה אלוורה ענב,מיליליטרים,300.00,"100 מ""ל",false,,7.90,0.0263,true,1,44497
8850389103128,false,"משקה קל סאפה בטעם תפוח 300 מ""ל",פארייפאבה אגרואינדוס,TH,סאפה משקה אלוורה תפו,מיליליטרים,300.00,"100 מ""ל",false,,7.90,0.0263,true,1,44498
8850632604259,false,"יוגטה, חיספוסים, ממתק חמוץ בצורת מקלות בטעם תות שדה,50 גרם",ג'נרל קנדי בעמ,TH,יוגטה חיספוסים מקלות,גרמים,50.00,100 גרם,false,,5.90,0.1180,true,1,15491
8850632604266,false,"יוגטה, ממתק חמוץ בצורת מקלות בטעם קולה, 50 גרם",ג'נרל קנדי בעמ,TH,יוגטה חיספוסים מקלות,גרמים,50.00,100 גרם,false,,5.90,0.1180,true,1,15492
8850632604372,false,"יוגטה, חיספוסים בצורת שטיח בטעם תות שדה 50 גרם",ג'נרל קנדי בעמ,TH,יוגטה ממתק תות שדה ב,גרמים,50.00,100 גרם,false,,5.90,0.1180,true,1,15493
8850632604402,false,יוגטה חיספוסים בטעם מעורב תות שדה אבטיח ענבים בננה 50 גרם,"ג'נרל קנדי בע""מ",TH,יוגטה ממתק תות ענבים,גרמים,50.00,100 גרם,false,,5.90,0.1180,true,1,15494
8851613101378,false,"נוזל קוקוס ארוי די 250 מ""ל",כלורוקס אוקלנד,TH,משקה קוקוס ארוי-די,מיליליטרים,250.00,"100 מ""ל",false,,10.90,0.0436,true,1,5633
8858271002870,false,רוטב פאד תאי 250 מ'ל - מקסצ'אפ,"ייאן וואל יון בע""מ",TH,רוטב פאד תאי MAXCHUP,מיליליטרים,250.00,"100 מ""ל",false,,13.90,0.0556,true,1,16601
8858271002887,false,רוטב טריאקי 250 מ'ל - מקסצ'אפ,דאנינג יוה פודס קו,TH,רוטב טריאקי MAXCHUP,מיליליטרים,250.00,"100 מ""ל",false,,12.90,0.0516,true,1,16602
8858271005772,false,"רוטב סויה ללא גלוטן (תמרי)300 מ""ל (כ)",יאן ונזל יון,TH,רוטב סויה ללא גלוטן,מיליליטרים,300.00,"100 מ""ל",false,,17.90,0.0597,true,1,433597
8888021200256,false,סוללות אנרג'יזר MAX AA שמינייה,יצרן: אנרג'ייזר סינג,US,AAאנרג'ייזר סוללות מ,יחידה,0.00,יחידה,false,,29.90,0.0000,true,1,8054
8888021200720,false,סוללות אנרג'יזר MAX AAA שמינייה,יצרן: אנרג'ייזר סינג,US,AAAאנרג'ייזר סוללות,יחידה,0.00,יחידה,false,,29.90,0.0000,true,1,8055
8901537024014,false,"אורז בסמטי מובחר 1 ק""ג - דוואט) יורה דיעה",הנסיך- מפעל לייצור ט,IN,וילי פוד אורז בסמטי,גרמים,1000.00,100 גרם,false,,15.90,0.0159,true,1,5091
8928284101218,false,ערכת מילוי בלוני מים,,,משחק מילוי בלונים,יחידה,0.00,יחידה,false,,9.90,0.0000,true,1,444684
8934878081811,false,"דפי אורז 22 ס""מ 400 גר'(Trav) ללא גלוטן",דאנינג יוה פודס קו,CN,דפים על בסיס קמח טפי,גרמים,400.00,100 גרם,false,,13.50,0.0338,true,1,16627
9000101515596,false,קפסולות ג'ל מרוכזות לכביסה צבעונית 56 יח' פרסיל,הנקל סוד,HU,פרסיל פאוור קאפס קפס,יחידה,0.00,יחידה,false,,70.90,0.0000,true,1,352403
9000101537581,false,פרסיל קאפסולות לכביסה צבעונית 52 יחידו,הנקל סוד,IL,פרסיל פאוור קאפס קפס,יחידה,0.00,יחידה,false,,70.90,0.0000,true,1,448142
9001616202452,false,מאם מוצצים סיליקון 6+ פרל תכלת,אלפא,HU,זוג מוצצים סיליקון 6,יח',2.00,יח',false,,36.90,18.4500,true,1,1227
9002859037221,false,שוקולד מריר אספרסו 7,,,שוקולד מריר אספרסו 7,גרמים,100.00,100 גרם,false,,10.90,0.1090,true,1,471273
9002859050824,false,גונץ מטבעות זהב ברשת 100 ג' 1/24,,,מטבעות זהב ברשת 100,גרמים,100.00,100 גרם,false,,10.90,0.1090,true,1,471408
9002859073298,false,כדורגל שוקולד ברשת 100 גרם גונץ,GUNZ WARENHANDELS,DE,גונץ כדורגל שוקולד ב,גרמים,100.00,100 גרם,false,,10.90,0.1090,true,1,471324
9044400851672,false,סוכריות פז סוגים שונים + 3 מילויים,פז פרודקשיין יורו,HU,פז דמויות מתחלפות 25,גרמים,25.50,100 גרם,false,,11.90,0.4667,true,1,459609
9120025834723,false,חטיף אוראו מצונן 120 גרם רבנות,בובארד איטליה אס.פי.,IT,חטיף אוראו מצונן 120,גרמים,120.00,100 גרם,false,,15.90,0.1325,true,1,478281
9120025839896,false,חטיף מילקה מצונן 128 גרם,בובארד איטליה אס.פי.,IT,חטיף מילקה מצונן 128,גרמים,128.00,100 גרם,false,,15.90,0.1242,true,1,478902
9120097310583,false,חטיף שוקו בננה מיניונים מצונן 108 גרם רבנות,בובארד איטליה אס.פי.,IT,חטיף שוקו בננה מיניו,גרמים,108.00,100 גרם,false,,15.90,0.1472,true,1,478314
9322969000015,false,פריכיות תירס בטעם אורגינל ריל פודס 150 ג',אף.סי תבליני בגליל ב,AU,פריכיות תירס בטעם או,גרמים,150.00,100 גרם,false,,14.90,0.0993,true,1,8057
9322969000022,false,"ריל פוד פריכיות תירס עם סויה וזרעי פשתן, ללא גלוטן 150 גרם",אף.סי תבליני בגליל ב,AU,פריכיות תירס עם סויה,גרמים,150.00,100 גרם,false,,14.90,0.0993,true,1,8058
9322969000039,false,פריכיות תירס 150 גרם עם 5 סוגי דגנים,,AU,פריכיות תירס עם 4 דג,גרמים,150.00,100 גרם,false,,14.90,0.0993,true,1,128975
9322969000053,false,פריכיות אורז מלא ריל פוד 150 גר,סנו מפעלי ברונוס.,IT,פריכיות אורז מלא ריל,גרמים,150.00,100 גרם,false,,14.90,0.0993,true,1,395981
9720188050109,false,ממרח על בסיס סויה בסגנון גבינה טופוטי 225 גרם,טופוטי ברנדס אינק.ג',IL,טופוטי ממרח טופו בטע,גרמים,225.00,100 גרם,false,,24.90,0.1107,true,1,8817
9720188060108,false,ממרח על בסיס סויה בסגון שמנת טופוטי 340 גרם,טופוטי ברנדס אינק.ג',IL,טופוטי ממרח טופו בטע,גרמים,340.00,100 גרם,false,,24.90,0.0732,true,1,8819
9771565038319,false,עיתון ידיעות אחרונות,,,ידיעות אחרונות יום א,יחידה,0.00,יחידה,false,,0.50,0.0000,true,1,12335
9771565038326,false,עיתון ידיעות אחרונות,,,ידיעות אחרונות יום ב,יחידה,0.00,יחידה,false,,0.50,0.0000,true,1,12336
9771565038333,false,עיתון ידיעות אחרונות,,,ידיעות אחרונות יום ג,יחידה,0.00,יחידה,false,,0.50,0.0000,true,1,12337
9771565038340,false,עיתון ידיעות אחרונות,,,ידיעות אחרונות יום ד,יחידה,0.00,יחידה,false,,0.50,0.0000,true,1,12338
9771565038357,false,עיתון ידיעות אחרונות,,,ידיעות אחרונות יום ה,יחידה,0.00,יחידה,false,,0.50,0.0000,true,1,12339
9771565051066,false,עיתון ידיעות אחרונות,ידיעות אחרונות,,ידיעות אחרונות יום ו,יחידה,0.00,יחידה,false,,12.00,0.0000,true,1,12352
9771565192431,false,עיתון מנטה יום ג`,,,עיתון מנטה יום ג`,יחידה,0.00,יחידה,false,,25.00,0.0000,true,1,12362
