code,internal_code,name,manufacturer_name,manufacture_country,manufacturer_item_description,unit_qty,quantity,unit_of_measure,weighted,qty_in_package,price,unit_of_measure_price,allow_discount,status,item_id
32147230,false,"מיץ לימון משומר 200מ""ל(לימונית אקסטרא)",ג'נרל מילס סאן אדריא,CH,מיץ לימון משומר,מיליליטרים,200.00,"100 מ""ל",false,0,7.40,3.70,true,1,
40914152,false,גלייד מוצק ניחוח ים 184ג,ג'ונסון,GB,גלייד מטהר אוויר,גרמים,184.00,100 גרם,false,0,10.30,5.60,true,1,
42123873,false,אורביט פרופשיונל ספירמיט,ריגלי,PL,מסטיק אורביט,יחידה,1.00,יחידה,false,0,3.80,3.80,true,1,
42124351,false,סוכ.מינטס ט.מנטה קלאסי18,ריגלי,PL,סוכריות מינטס,גרמים,18.00,100 גרם,false,0,3.30,18.33,true,1,
42139430,false,כאמל שחור חפיסה חפיסה,Unknown,CH,כאמל שחור חפיסה,יחידה,1.00,יחידה,false,0,32.00,32.00,false,1,
42154655,false,אורביט פפרמינט אר' מעטפה,ריגלי,FR,אורביט פפרמינט,גרמים,27.00,100 גרם,false,0,6.30,23.33,true,1,
42154662,false,אורביט באריזת מעטפה ספירמינט מסטיק,ריגלי צרפת,FR,מסטיק אורביט,גרמים,27.00,100 גרם,false,0,6.30,23.33,true,1,
42155034,false,מסטיק פירות מעטפה 27 גרם,ריגלי,FR,מסטיק אורביט,גרמים,27.00,100 גרם,false,0,6.30,23.33,true,1,
42155461,false,סוכ.מינטס פירות יער18גרם,ריגלי,PL,סוכריות מינטס,גרמים,18.00,100 גרם,false,0,3.30,18.33,true,1,
42174479,false,אורביט מעטפה תות 27 גרם,ריגלי צרפת,FR,אורביט מעטפה,גרמים,27.00,100 גרם,false,1,6.30,23.33,true,1,
42182085,false,5 בטעם פירות טרופיים31גר,ריגלי,FR,5 פירות טרופיים,גרמים,31.00,100 גרם,false,0,7.40,23.87,true,1,
42211860,false,אורביט סטיקס פפרמינט31ג,ריגלי,FR,אורביט סטיקס,גרמים,31.00,100 גרם,false,0,6.20,20.00,true,1,
42247388,false,מסטיק אורביט בבלמינט14יח,ריגלי,PL,אורביט בליסטר,גרמים,14.00,100 גרם,false,0,3.80,27.14,true,1,
42268253,false,אורביט בליסטר אוכמניות14,ריגלי,PL,אורביט בליסטר,גרמים,14.00,100 גרם,false,0,3.80,27.14,true,1,
46024817,false,נקסט אוריגינלPP חפיס,פיליפ מוריס,,נקסט יח',יחידה,1.00,יחידה,false,0,29.00,29.00,false,1,
46024824,false,נקסט פייןPP חפיסה,פיליפ מוריס,,נקסט יח',יחידה,1.00,יחידה,false,0,29.00,29.00,false,1,
46026491,false,פרלמנט סופר סלימס חפ.,פיליפ מוריס,,פרלמנט חפיסה,יחידה,1.00,יחידה,false,0,37.50,37.50,false,1,
54051157,false,מעדן סויה טעם שוקו אלפרו רביעיה 125 ג',קריות זול,BE,מעדן סויה 4יח',גרמים,500.00,100 גרם,false,0,19.80,3.96,true,1,
59039549,false,סיגריות ווג פריזון מנטה בודד,Unknown,PL,ווג פריזון מנטול,יחידה,1.00,יחידה,false,0,36.00,36.00,false,1,
59455233,false,סיגריות ווג ליידי כחול בודד,Unknown,PL,ווג ליידי חפיסה,יחידה,1.00,יחידה,false,0,36.00,36.00,false,1,
72917329,false,חטיף אגוזי 45 גר,STRAUSS-ISRAEL,IL,חטיף אגוזי,גרמים,45.00,100 גרם,false,0,4.50,10.00,true,1,
72917589,false,מקופלת חלב 25 גרם,"שטראוס גרופ בע""מ",IL,מקופלת חלב,גרמים,25.00,100 גרם,false,0,4.50,18.00,true,1,
72917893,false,וופל פסק זמן חלב 45 גרם,שטראוס,IL,פסק זמן חלב,גרמים,45.00,100 גרם,false,0,5.50,12.22,true,1,
72918388,false,חטיף טויסט 28 גרם,"שטראוס גרופ בע""מ",IL,חטיף טוויסט,גרמים,28.00,100 גרם,false,0,4.50,16.07,true,1,
72940761,false,"מילקי מעדן שוקולד עם קצפת שטראוס 133 מ""ל",מיוצר עי קונדיטוריית,IL,מילקי טעם שוקולד,מיליליטרים,170.00,"100 מ""ל",false,0,2.80,1.65,true,1,
72940952,false,מעדן מילקי בטעם שוקולד עם אקסטרה קצפת,"שטראוס גרופ בע""\מ",IL,מילקי אקסטרה,מיליליטרים,170.00,"100 מ""ל",false,0,4.10,2.41,true,1,
72941041,false,מעדן מילקי מיני בטעם שוקולד עם קצפת,"שטראוס גרופ בע""\מ",IL,מיני מילקי,מיליליטרים,90.00,"100 מ""ל",false,0,2.10,2.33,true,1,
72961506,false,יוגורט עם תות 1.5% שומן 125 ג' פרילי,מיוצר עי קונדיטוריית,IL,פרילי תות,גרמים,125.00,100 גרם,false,0,3.60,2.88,true,1,
72961520,false,"פרילי יוגורט עם אננס 1.5% תנובה 125 מ""ל",מיוצר עי קונדיטוריית,IL,פרילי אננס 1.5%,גרמים,125.00,100 גרם,false,0,3.60,2.88,true,1,
72961544,false,"באדי יוגורט בטעם תות שדה 3% תנובה 125 מ""ל",מחלבת אלון תבור,IL,מעדן באדי תות 3%,גרמים,125.00,100 גרם,false,0,2.80,2.24,true,1,
72963104,false,תנובה חמאה 100גר,תנובה,IL,חמאה,גרמים,100.00,100 גרם,false,0,3.80,3.80,true,1,
72963753,false,שמנת אורגינל של פעם 27% שומן 200 ג' תנובה,תנובה מרכז שיתופי לש,IL,שמנת חמוצה תנובה,גרמים,200.00,100 גרם,false,0,3.90,1.95,true,1,
72963920,false,דנובה גביע 200 גרם,תנובה,IL,יוגורט דנובה,גרמים,200.00,100 גרם,false,0,3.50,1.75,true,1,
72964132,false,פרילי טבע יוגורט עם גרנולה 200 גרם,מיוצר עי קונדיטוריית,IL,פרילי טבע גרנולה,גרמים,200.00,100 גרם,false,0,4.90,2.45,true,1,
72964422,false,יוגורט פרחים 4.5% שומן 200 גרם,מחלבת תנובה,IL,יוגורט תנובה4.5%,מיליליטרים,200.00,"100 מ""ל",false,0,2.80,1.40,true,1,
72983225,false,מעדן מילקי הפוך 11% 170מ,"שטראוס גרופ בע""\מ",IL,מעדן מילקי הפוך,מיליליטרים,170.00,"100 מ""ל",false,0,4.00,2.35,true,1,
72983416,false,ל.מ. בלו ארוך בוקס חפ,פיליפ מוריס,,ל.מ בלו חפ.,יחידה,1.00,יחידה,false,0,33.00,33.00,false,1,
72983454,false,סיגריות גולף סופר סלימס בודד,דובק,,גולף סלימס,יחידה,1.00,יחידה,false,0,29.00,29.00,false,1,
72983997,false,קופסה גולף גולד ארוך בוקס,דובק,,גולף גולד,יחידה,1.00,יחידה,false,0,29.00,29.00,false,1,
72984000,false,גולף סילבר 100 פ.ע חפיסה,דובק,,גולף סילבר,יחידה,1.00,יחידה,false,0,29.00,29.00,false,1,
72986370,false,"גלידת בן & ג'ריס פיינטים וניל 500מ""ל",מוצרי איכות אמריקאיים,IL,גלידה בן & ג'ריס,מיליליטרים,500.00,"100 מ""ל",false,0,29.90,5.98,true,1,
72986424,false,"גלידת בן & ג'ריס פיינטים קרם עוגיות 500מ""ל",מוצרי איכות אמריקאיים בע,IL,"גל.קרם עוגיות 500 מ""ל",מיליליטרים,500.00,"100 מ""ל",false,0,29.90,5.98,true,1,
72986448,false,"גלידת בן & ג'ריס פיינטים טופי קראנץ 500מ""ל",מוצרי איכות אמריקאיים בע,IL,גלידה בן & ג'ר,מיליליטרים,500.00,"100 מ""ל",false,0,29.90,5.98,true,1,
72986455,false,"ניו יורק סופר גלידת שוקולד, חתיכות פאדג' ואגוזים",מוצרי איכות אמריקאיים בע,IL,גלידה בן & ג'ר,מיליליטרים,500.00,"100 מ""ל",false,0,29.90,5.98,true,1,
72986479,false,"צ'אנקי מנקי גלידת וניל, בננות, חתיכות פאדג' ואגוזים",מוצרי איכות אמריקאיים בע,IL,גלידה בן & ג'ר,מיליליטרים,500.00,"100 מ""ל",false,0,29.90,5.98,true,1,
72989425,false,"גלידת בן & ג'ריס פיינטים שוקולד בראוניז 500מ""ל",מוצרי איכות אמריקאיים בע,IL,גלידה בן & ג'ר,מיליליטרים,500.00,"100 מ""ל",false,0,29.90,5.98,true,1,
72991374,false,סיגריות טיים רד חפיס,דובק,IL,טיים RED יחידה,יחידה,1.00,יחידה,false,0,28.00,28.00,false,1,
72991381,false,סיגריות טיים 100 RED בודד,דובק,IL,טיים RED 100,יחידה,1.00,יחידה,false,0,28.00,28.00,false,1,
72991428,false,קופסה ברודווי ארוך,דובק,IL,ברודווי 100 יח,יחידה,1.00,יחידה,false,0,28.00,28.00,false,1,
72991466,false,קופסה גולף גולד ארוך,דובק,IL,גולף GOLD 100,יחידה,1.00,יחידה,false,0,29.00,29.00,false,1,
72991497,false,סיגריות נובלס פילטר בודד,קריות זול,IL,נובלס פילטר,יחידה,1.00,יחידה,false,0,28.00,28.00,false,1,
72991510,false,סיגריות מונטנה פילטר,"דובק בע""מ",IL,מונטנה פילטר,יחידה,1.00,יחידה,false,0,29.00,29.00,false,1,
72993477,false,ל.מ וייב סלימס חפיסה,פיליפ מוריס,,ל.מ וייב חפ.,יחידה,1.00,יחידה,false,0,33.00,33.00,false,1,
72993637,false,מעדן חלב בטעם שוקולד 125 ג' דני,"שטראוס גרופ בע""\מ",IL,דני שוקולד 1.5%,גרמים,125.00,100 גרם,false,0,2.70,2.16,true,1,
72993781,false,פסק זמן גלילית לבן 40גרם,שטראוס גרופ,IL,פסק זמן גלילית,גרמים,40.00,100 גרם,false,0,5.50,13.75,true,1,
72993927,false,נקסט פיין 100PP חפיס,פיליפ מוריס,,נקסט 100 חפיסה,יחידה,1.00,יחידה,false,0,29.00,29.00,false,1,
72994412,false,סיגריות אל. אם לופט חפ.,פיליפ מוריס,IL,אל. אם לופט,יחידה,1.00,יחידה,false,0,33.00,33.00,false,1,
76136184,false,סיגריות פאל מל סלימס כחול בודד,Unknown,CH,פאל מאל חפיסה,יחידה,1.00,יחידה,false,0,29.00,29.00,false,1,
80042556,false,POLPA עגבניות חתוכות דק 400 גרם MUTTI,"איי, בי, אינבוו",IT,עגבניות מרוסקות,גרמים,400.00,100 גרם,false,0,6.80,1.70,true,1,
80042563,false,רסק עגבניות MUTTI{צהוב} 700 גרם,"איי, בי, אינבוו",IT,רסק עגבניות,גרמים,700.00,100 גרם,false,0,12.80,1.83,true,1,
80050025,false,סוכריות טיק טק תפוז 16 גרם,פררו - אלבה,ZA,טיק טק תפוז,גרמים,16.00,100 גרם,false,0,3.50,21.88,true,1,
80050124,false,סוכריות טיק טק מנטה 16 גרם,פררו - אלבה,ZA,סוכריות טיק טק,גרמים,16.00,100 גרם,false,0,3.50,21.88,true,1,
80177180,false,שוקולד קינדר קאונטרי 23.5 גרם,ליימן שליסל,IT,חטיף קאונטרי,גרמים,23.00,100 גרם,false,0,2.60,11.30,true,1,
80761761,false,קינדר בואנו חטיף לבן בודד,ליימן שליסל,PL,קינדר בואנו לבן,גרמים,39.00,100 גרם,false,0,5.50,14.10,true,1,
80765790,false,מסטיק מנטוס3D אניגמה33ג,פרפטי ואן מלה,TR,מסטיק מנטוס 3D,גרמים,33.00,100 גרם,false,0,7.50,22.73,true,1,
80767091,false,מסטיק מנטוס פירות אדומ90,פרפטי ואן מלה,TR,מסטיק מנטוס,גרמים,90.00,100 גרם,false,0,18.60,20.67,true,1,
80796121,false,מסטיק מנטוס בטעם פירות - מנטה 28 גרם,פרפטי ואן מלה,TR,מסטיק מנטוס,גרמים,28.00,100 גרם,false,0,5.70,20.36,true,1,
80807049,false,מסטיק מנטוס פירות אדומ28,פרפטי ואן מלה,TR,מסטיק מנטוס,גרמים,28.00,100 גרם,false,0,5.70,20.36,true,1,
80817109,false,מסטיק מנטוס 3D תפוח/פטל,פרפטי ואן מלה,TR,מסטיק מנטוס,גרמים,33.00,100 גרם,false,0,7.50,22.73,true,1,
80828174,false,מסטיק מנטוס וויט בטעם מנטה מתוקה,"פרפטי ואן מלה ג'ידה,סאן",TR,מנטוס וויט,גרמים,60.00,100 גרם,false,0,10.90,18.17,true,1,
80828266,false,מסטיק מנטוס מנטה 90 גרם,פרפטי ואן מלה,TR,מסטיק מנטוס,גרמים,90.00,100 גרם,false,0,18.60,20.67,true,1,
80850885,false,גומי לעיסה מנטוס וויט בטעם מנטה עדינה ללא סוכר,פרפטי ואן מלה,TR,מנטוס וויט,גרמים,60.00,100 גרם,false,0,10.90,18.17,true,1,
80923435,false,מסטיק מנטוס אבטיח 28 גרם,פרפטי ואן מלה,TR,מסטיק מנטוס אבטי,גרמים,28.00,100 גרם,false,0,5.70,20.36,true,1,
80938828,false,מסט.מנטוס 3D אבטיח/אננס,פרפטי ואן מלה,TR,מסטיק מנטוס,גרמים,33.00,100 גרם,false,0,7.50,22.73,true,1,
80949466,false,מנטוס בקבוק פירות מנטה60,פרפטי ואן מלה,TR,מנטוס בקבוק,גרמים,60.00,100 גרם,false,1,10.80,18.00,true,1,
87108651,false,סוכריות בטעם מנטה מנטוס 4*37.5 גרם,הדקלאים אגודת שיתופי,NL,מנטוס מנטה 4 יח',גרמים,150.00,100 גרם,false,0,11.30,7.53,true,1,
9073102963,false,"שרונס סורבט מנגו 473 מ""ל",מוצרי איכות אמריקאיים,IL,"שרונס סורבט מנגו 473 מ""ל",מיליליטרים,473.00,"100 מ""ל",false,0,28.70,6.07,true,1,
13495113506,false,קליק ביסקוויט 75 גרם,יוניליוור ישראל מזון בע\,IL,קליק ביסקוויט,גרמים,75.00,100 גרם,false,0,6.40,8.53,true,1,
13495113513,false,קליק שוקולד חלב 75 גרם,יוניליוור ישראל מזון בע\,IL,קליק שוקולד,גרמים,75.00,100 גרם,false,0,6.40,8.53,true,1,
13495113520,false,קליק קורנפלקס 75 גרם,יוניליוור ישראל מזון בע\,IL,קליק קורנפלקס,גרמים,75.00,100 גרם,false,0,6.40,8.53,true,1,
13495113582,false,קליק כריות 75 גרם,יוניליוור ישראל מזון בע\,IL,קליק כריות,גרמים,75.00,100 גרם,false,0,6.40,8.53,true,1,
16000177710,false,נייצ'ר וואלי פירות+שקד5י,ג'נרל מילס,US,חטיף נייצ'ר ואלי,גרמים,175.00,100 גרם,false,0,19.90,11.37,true,1,
16000423534,false,חטיפי גרנולה קראנצ'י עם שיבולת שועל ושוקולד מריר נייצ'ר ואלי 5*42 גרם,ג'נרל מילס סאן אדריאן,ES,חטיף נייצ'ר ואלי,גרמים,210.00,100 גרם,false,0,21.90,10.43,true,1,
18000766413,false,"פילסברי, עוגה בטעם שוקולד, תערובת להכנת עוגה בטעם שוקולד. 550 גרם.",הדקלאים אגודת שיתופי,IL,תערובת לעוגה,גרמים,550.00,100 גרם,false,0,15.00,2.73,true,1,
22200956932,false,דאודורנט ספיד סטיק גל 24/7 כחול 85 גר,הנסיך- מפעל לייצור ט,US,דאודורנט ג'ל,גרמים,85.00,100 גרם,false,0,35.00,41.18,true,1,
27000609040,false,רוטב היקורי מעושן 510גרם,קונגרה,US,רוטב ברביקיו,גרמים,510.00,100 גרם,false,0,15.40,3.02,true,1,
28200112507,false,פרלמנט ארוך RCB 10 יח',פיליפ מוריס,,פרלמנט ארוך חב,יחידה,1.00,יחידה,false,0,370.00,370.00,false,1,
28200114907,false,פרלמנט קצר 10יח',פיליפ מוריס,US,פרלמנט קצר חבי,יחידה,1.00,יחידה,false,0,370.00,370.00,false,1,
28200174604,false,פרלמנט ארוך בלו RCB 10יח,פיליפ מוריס,,פרלמנט ארוך בל,יחידה,1.00,יחידה,false,0,370.00,370.00,false,1,
33617000026,false,קרקר ואזה 203-275 גרם מקמח מלא 260,כלורוקס אוקלנד,SE,פת פריכה מקמח מל,גרמים,260.00,100 גרם,false,0,14.40,5.54,true,1,
33617322616,false,פת פריכה מקמח שיפון ואזה 270 גרם,כלורוקס אוקלנד,SE,פת פריכה קלה,גרמים,270.00,100 גרם,false,0,14.40,5.33,true,1,
33617340610,false,קרקר ואזה 203-275 גרם מקמח שיפון 275,כלורוקס אוקלנד,SE,פת פריכה שיפון,גרמים,250.00,100 גרם,false,0,14.40,5.76,true,1,
36000258295,false,קלינקס לושן עם אלוורה 75,קלינקס,IL,קלינקס לושן,יחידה,1.00,יחידה,false,0,11.80,11.80,true,1,
36000258660,false,קלינקס לושן אלוורה 120יח,קלינקס,IL,קלינקס לושן,יחידה,1.00,יחידה,false,0,17.70,17.70,true,1,
37600110754,false,חמאת בוטנים קלאסיק462גרם,סקיפי פודס ל.ל.סי.,US,חמאת בוטנים,גרמים,462.00,100 גרם,false,1,17.90,3.87,true,1,
37600207188,false,חמאת בוטנים קלאסי סקיפי 462 גרם,חברת המזון אלגוד,US,חמאת בוטנים,גרמים,462.00,100 גרם,false,0,17.90,3.87,true,1,
38000844966,false,חטיף פרינגלס אורגינל161ג,פרוקטר & גמבל,IL,חטיף פרינגלס,גרמים,161.00,100 גרם,false,0,10.90,6.77,true,1,
38000845000,false,פרינגלס שמנת בצל 169 גר,פרוקטר & גמבל,US,פרינגלס שמנת בצל,גרמים,169.00,100 גרם,false,0,10.90,6.45,true,1,
38527591053,false,קואקר דגנים מרובעים שיבולת שועל וקינמון,קוואקר אוטס קומפני,US,דגנים מרובעים,גרמים,412.00,100 גרם,false,0,22.70,5.51,true,1,
38527591060,false,דגני קוואקר מרובעים Quaker Squares עם סוכר חום,קוואקר אוטס קומפני,US,דגנים מרובעים,גרמים,412.00,100 גרם,false,0,22.70,5.51,true,1,
41390000027,false,"רוטב סויה קיקומן 296 מ""ל",קיקומן פודז אינק,US,רוטב סויה קיקומן,מיליליטרים,296.00,"100 מ""ל",false,0,15.90,5.37,true,1,
41390000904,false,"רוטב סויה קיקומן 444 מ""ל",קיקומן פודז אינק,US,רוטב סויה קיקומן,מיליליטרים,444.00,"100 מ""ל",false,0,18.90,4.26,true,1,
41390001079,false,"רוטב סויה קיקומן מופחת נתרן 444 מ""ל",קיקומן פודז אינק,US,רוטב סויה,מיליליטרים,444.00,"100 מ""ל",false,0,18.90,4.26,true,1,
41390010309,false,"רוטב טריאקי קיקומן 444 מ""ל",קיקומן פודז אינק,US,רוטב טריאקי,מיליליטרים,444.00,"100 מ""ל",false,0,18.90,4.26,true,1,
46214731552,false,עוגיות שוקולד צ'יפס 37% גודיס 225 גרם,קריניציה ויטמינה אס,NL,עוגיות ש.צ'יפס,גרמים,225.00,100 גרם,false,0,12.00,5.33,true,1,
51000002846,false,מיץ ירקות V8 אורגינל,INTERNATIONAL AMERIC,IL,V8 מיץ ירקות,מיליליטרים,946.00,"100 מ""ל",false,0,21.40,2.26,true,1,
55500012046,false,כלורוקס קלין אפ מרסס נוזל לניקוי רב תכלי,כלורוקס אוקלנד,US,כלורקס מרסס,מיליליטרים,946.00,"100 מ""ל",false,0,18.00,1.90,true,1,
58449860037,false,פצפוצי אורז מלא בטעם שוקולד קואלה קריספ,מולינו ניקולי s.p.a,US,דגני בוקר,גרמים,326.00,100 גרם,false,0,24.90,7.64,true,1,
64144090013,false,פאם תרסיס על בסיס שמן קנולה בטעם חמאה,קונאגרה פודס,US,תרסיס שמן,גרמים,141.00,100 גרם,false,0,13.90,9.86,true,1,
70450020873,false,שזיפים מגולענים סנסוויט 500 גרם,סנסוויט גרוורס קליפו,US,שזיפים סנסוויט,גרמים,500.00,100 גרם,false,0,29.90,5.98,true,1,
76840100125,false,"גלידת צ'אבי האבי בן וג'ירי 473 מ""ל",מוצרי איכות אמריקאיים בע,IL,גל בןאנדג'רי,גרמים,473.00,100 גרם,false,0,29.90,6.32,true,1,
76840100156,false,"בן אנד גריס גלידת צרי גרסיה 500 מ""ל",מוצרי איכות אמריקאיים בע,IL,גלידה צ'רי גרסיה,מיליליטרים,500.00,"100 מ""ל",false,0,29.90,5.98,true,1,
76840100583,false,"גלידת וניל עם בצק עוגיות בן וג'ירי 473 מ""ל",מוצרי איכות אמריקאיים בע,IL,גל.בןאנדג'ריס,מיליליטרים,473.00,"100 מ""ל",false,0,29.90,6.32,true,1,
76840100811,false,גלידה חמאת בוטנים בן וג'ירי 428 ג',מוצרי איכות אמריקאיים בע,IL,גלידה בן& ג'רי,גרמים,428.00,100 גרם,false,0,29.90,6.99,true,1,
76840220267,false,יוגורט יווני בננה חמאת,מוצרי איכות אמריקאיים,IL,יוגורט יווני בננה חמאת,מיליליטרים,473.00,"100 מ""ל",false,0,27.80,5.88,true,1,
76840280544,false,גל.יוגורט וניל דבש 396גר,מוצרי איכות אמריקאיים,IL,גל.יוגורט וניל דבש 396גר,גרמים,396.00,100 גרם,false,0,27.80,7.02,true,1,
76840400027,false,"גלידה בטעם שוקולד כשל""פ",מוצרי איכות אמריקאיים בע,IL,גלידת בן & ג'ר,מיליליטרים,500.00,"100 מ""ל",false,0,29.90,5.98,true,1,
76840400218,false,"גלידה בן&ג'ריס תות שדה ועוגת גבינה 500מ""ל",מוצרי איכות אמריקאיים בע,IL,גל.עוגת גבינ.תות,גרמים,420.00,100 גרם,false,0,29.90,7.12,true,1,
77245110610,false,סוכריות מאסט ללא סוכר בטעם מנטה 80 ג'עלית,MIESZKO S.A - MS. JO,PL,סוכריות מאסט,גרמים,80.00,100 גרם,false,0,8.50,10.63,true,1,
77245111136,false,סוכ.מאסט ריבת חלב 80 גרם,שטראוס,PL,סוכריות מאסט,גרמים,80.00,100 גרם,false,0,8.50,10.63,true,1,
77975022757,false,בייגלה קשה מבצק שאור בסגנון אמריקאי,סניידרס אוף האנובר,US,בייגלה אמריקאי,גרמים,382.00,100 גרם,false,0,17.70,4.63,true,1,
77975088210,false,שברי בייגל גבינת צ'דר340,ליימן מותגים,US,שברי בייגל,גרמים,340.00,100 גרם,false,0,17.70,5.21,true,1,
77975088227,false,שברי בייגלה בצל חרדל340ג,סניידרס אוף האנובר,US,שברי בייגלה,גרמים,340.00,100 גרם,false,0,17.70,5.21,true,1,
85805390600,false,"פיפט אבניו 5th Avenue אדפ לאישה 125 מ""ל - אליזבת ארדן",אלפא בישום,US,פיפט אווניו אדפ,מיליליטרים,125.00,"100 מ""ל",false,0,793.00,634.40,true,1,
608940543245,false,פריס הילטון,,IL,פריס הילטון,מיליליטרים,30.00,"100 מ""ל",false,0,79.00,263.33,true,1,
639138513238,false,פילה הרינג מעושן צ'צ'יק 190 גרם,רוג'ין פיש,DE,פילה הרינג,גרמים,190.00,100 גרם,false,0,14.50,7.63,true,1,
645692556413,false,מצה עשירה פרחי אביב350גר,"אחים פפושדו ובניהם בע""\מ",IL,מצה עשירה,גרמים,350.00,100 גרם,false,0,13.90,3.97,true,1,
718979479702,false,ג.מקלינטוק אדפ,,,ג.מקלינטוק אדפ,מיליליטרים,100.00,"100 מ""ל",false,0,675.00,675.00,true,1,
724353783822,false,"תמר מג'הול 1 ק""ג פצוחי הטיב",מהדרין תנופורט,IL,"תמר מג'הול 1 ק""ג",קילוגרמים,1.00,"ק""ג",false,0,30.90,30.90,true,1,
769904000997,false,שקדי מרק ללא גלוטן200גרם,משובח תעשיות מזון,IL,שקדי מרק,גרמים,200.00,100 גרם,false,0,13.80,6.90,true,1,
830296000466,false,אבקה להכנת פנקייק 400 גר,מצות ראשון לציון,IL,אבקה לפנקייק,גרמים,400.00,100 גרם,false,0,12.00,3.00,true,1,
830296000602,false,מצה מצופה שוק+קוקוס200גר,אם החיטה,IL,מצות מצופות,גרמים,200.00,100 גרם,false,1,12.90,6.45,true,1,
835811005421,false,"שיפודים עבים 25 ס""מ 75 יח` הנמל",שוורצקוף& הנקל דיסלד,IN,מקלות עבים לשיפודים 75יח,יחידה,1.00,יחידה,false,0,4.60,4.60,true,1,
835811008231,false,ספוג מג'יק,הנמל,DE,ספוג לבן,יחידה,1.00,יחידה,false,0,9.90,9.90,true,1,
835811009238,false,שיפודים ענק שטוח מבמבוק 25 יח`,הנמל,CN,שיפודים ענקיים,יחידה,1.00,יחידה,false,0,8.80,8.80,true,1,
839762000641,false,משקה איילנד מנגו נקטר 1 ל',"פאראגאלה,דה אג'יפשן קו פ",EG,נקטר איילנד,ליטרים,1.00,ליטר,false,0,10.80,10.80,true,1,
839762000658,false,איילנד גויאבה המשקה של חופי סיני 1 ליטר,The Egyptian Co. for,EG,נקטר איילנד,ליטרים,1.00,ליטר,false,0,10.80,10.80,true,1,
852273003048,false,בירה סטארופמן,,CZ,בירה סטארופמן,מיליליטרים,500.00,"100 מ""ל",false,0,9.90,1.98,true,1,
856591000062,false,עוגיות מזרחיות עם מלח עבאדי 400 גרם,מאפיית יוסף ושמחה עבאדי,IL,עוגיות מזרחיות,גרמים,400.00,100 גרם,false,0,13.90,3.48,true,1,
856591000109,false,עוגיות מזרחיות פריך במיוחד עבאדי 400 גרם,מאפיית יוסף ושמחה עבאדי,IL,עוגיות מזרחיות,גרמים,400.00,100 גרם,false,0,13.90,3.48,true,1,
856591000512,false,עוגיות מזרחיות מקלונים עם שומשום עבאדי 400 גרם,מאפיית יוסף ושמחה עבאדי,IL,עוגיות מזרחיות,גרמים,400.00,100 גרם,false,0,13.90,3.48,true,1,
884912014252,false,האני באנצס עם שקדים 411 ג',הנסיך- מפעל לייצור ט,US,דגני הני בנצ'ס,גרמים,411.00,100 גרם,false,0,25.70,6.25,true,1,
884912129659,false,קקאו פבלס אורז תפוח 425ג,פוסט,US,דגני קקאו פבלס,גרמים,425.00,100 גרם,false,0,23.70,5.58,true,1,
884912129741,false,פוסט פרוטי פבלס 425 גרם,פוסט,US,פרוטי פבלס,גרמים,425.00,100 גרם,false,0,23.70,5.58,true,1,
3014260220051,false,ג'ל גילוח סירייס W.R 200,פרוקטר & גמבל,GB,ג'ל גילוח סירייס,מיליליטרים,200.00,"100 מ""ל",false,0,23.00,11.50,true,1,
3014260262228,false,מברשת אורל בי גילאי 2-4,פרוקטר אנד גמבל,IE,מברשת שיניים,יחידה,1.00,יחידה,false,0,18.00,18.00,true,1,
3045140105502,false,שוקולד מילקה חלב 100 גרם,מנדלז דויצ'\לנד סנקס פרו,DE,שוקולד חלב מילקה,גרמים,100.00,100 גרם,false,0,9.40,9.40,true,1,
3046920027458,false,שוקולד אקסלנס סטרוברי100,לינדט ושפרונגלי קילשברג,FR,שוקולד אקסלנס,גרמים,100.00,100 גרם,false,0,17.40,17.40,true,1,
3046920028363,false,לינדט אקסלנס 85% מוצקי קקאו 100 גרם,לינדט ושפרונגלי קילשברג,FR,שוקולד לינדט 85%,גרמים,100.00,100 גרם,false,0,17.40,17.40,true,1,
3046920028370,false,טבלת שוקולד מריר תפוז לינדט 100 ג',לינדט ושפרונגלי קילשברג,CH,שוקולד לינדט,גרמים,100.00,100 גרם,false,0,17.40,17.40,true,1,
3046920029759,false,לינדט אקסלנס 90% מוצקי קקאו 100 גרם,לינדט ושפרונגלי קילשברג,DE,שוקולד אקסלנס,גרמים,100.00,100 גרם,false,1,17.40,17.40,true,1,
3059943015128,false,מבשם אוויר נטול גז אקווה מיסט בניחוח לבנדר פראי ואוויר הרים,הדקלאים אגודת שיתופי,PL,אירוויק נטול גז לבנדר345,מיליליטרים,345.00,"100 מ""ל",false,0,14.90,4.32,true,1,
3059943016507,false,"אירוויק ספריי בניחוח לבנדר וקמומיל 240 מ""ל",איירוויק Air Wick,GB,אירויק ספריי,מיליליטרים,240.00,"100 מ""ל",false,0,10.00,4.17,true,1,
3059944022316,false,קרם להסרת שיער ארומטיק90,רקיט בנקיזר,FR,ויט קרם,מיליליטרים,90.00,"100 מ""ל",false,0,19.90,22.11,true,1,
3068320017846,false,מים מינרלים אוויאן 1 ליטר,קריניציה ויטמינה אס,FR,מים מינרליים,ליטרים,1.00,ליטר,false,0,15.10,15.10,true,1,
3175460000017,false,גבינת בורסאן שום ועשבי תיבול 150 גר,השחר,FR,גבינת בורסן,גרמים,150.00,100 גרם,false,0,15.90,10.60,true,1,
3175460000062,false,גבינת בורסאן פלפל שחור 150 גרם,השחר,FR,גבינת בורסאן,גרמים,150.00,100 גרם,false,0,15.90,10.60,true,1,
3175460030083,false,גבינת בורסאן בצל ועירית 150 גר,השחר,FR,גבינת בורסאן,גרמים,150.00,100 גרם,false,0,15.90,10.60,true,1,
3179732348913,false,פרייה מים מינרליים טבעיים מבעבעים 1 ליטר פלסטיק,נסטלה ווטרס ספלאי,FR,פרייה מים מינרל.,ליטרים,1.00,ליטר,false,1,9.90,9.90,true,1,
3278310003401,false,חמאה צרפתית אלין במשקל,בריאוסה,FR,חמאה צרפתית אלין,קילוגרמים,0.00,"ק""ג",true,0,36.00,36.00,true,1,
3387390320244,false,פיטנס דגני בוקר מחיטה מלאה עם פירות נסטלה 375 גרם,נסטלה צרפת איטנקורט,FR,דגני פיטנס,גרמים,375.00,100 גרם,false,0,18.90,5.04,true,1,
3387390525960,false,קראנץ' דגני בוקר עם שוקולד חלב נסטלה 500 גרם,הנסיך- מפעל לייצור ט,FR,קראנץ דגני בוקר,גרמים,500.00,100 גרם,false,0,25.00,5.00,true,1,
3387390730852,false,פיטנס דגנים מחיטה מלאה ואורז נסטלה 375 גרם,נסטלה צרפת איטנקורט,FR,דגני פיטנס,גרמים,375.00,100 גרם,false,0,18.90,5.04,true,1,
3451790940217,false,חמאה אלויר גורמה גליל250,אלוויר,FR,חמאה אלויר גורמה,גרמים,250.00,100 גרם,false,0,18.70,7.48,true,1,
3451790940729,false,חמאה גורמה מלוח גליל250ג,אלוויר,FR,חמאה גורמה מלוח גליל250ג,גרמים,250.00,100 גרם,false,0,18.70,7.48,true,1,
3523230016230,false,גבינת קממבר מרסי שף,השחר,FR,גבינת קממבר מרסי,גרמים,240.00,100 גרם,false,0,16.90,7.04,true,1,
3523230025638,false,"גבינת עיזים בושה טבעי, 125 גרם",אוריאל,FR,בושה עיזים טבעי,גרמים,125.00,100 גרם,false,0,15.90,12.72,true,1,
3523230032278,false,גבינת עיזים למריחה 150 גרם,אוריאל,FR,גבינת עיזים,גרמים,150.00,100 גרם,false,1,15.90,10.60,true,1,
3562700373084,false,"יגואר כחול אדט לגבר 100 מ""ל - יגואר",לילית בישום,FR,יגואר אדט לגבר,מיליליטרים,100.00,"100 מ""ל",false,0,459.00,459.00,true,1,
3563490014898,false,ריין דיז'ון חרדל דיז'ון 265 גרם,ריין דיז'ון reine dijon,FR,חרדל דיז'ון,גרמים,265.00,100 גרם,false,0,12.50,4.72,true,1,
3574660026887,false,ג'ונסון בייבי טלק 200גרם,ג'ונסון,IT,טלק ג'ונסון,גרמים,200.00,100 גרם,false,0,23.10,11.55,true,1,
3574660239973,false,או-בה פרוקומפורט 32 יח נורמל,גונסון אנד גונסון,GR,טמפוני או בה,יחידה,1.00,יחידה,false,0,38.20,38.20,true,1,
3574660322576,false,מגן תחתון קרפרי רגיל,ג'ונסון אנד ג'ונסון,IT,קרפרי רגיל 58 יחידות,יחידה,1.00,יחידה,false,0,23.40,23.40,true,1,
3574660322651,false,קרפרי רגיל טנגה לבן 58יח,ג'ונסון אנד ג'ונסון,IT,קרפרי רגיל טנגה לבן 58יח,יחידה,1.00,יחידה,false,0,23.40,23.40,true,1,
3574660322675,false,קרפרי טנגה מבושם 58 יח',CILAG GMBH INTERNATI,IT,קרפרי טנגה פרש,יחידה,1.00,יחידה,false,0,23.40,23.40,true,1,
3574660333466,false,טמפונים מיני פרו קומפורט אובה 32 יחידות,הנסיך- מפעל לייצור ט,DE,טמפוני או-בה,יחידה,1.00,יחידה,false,0,38.20,38.20,true,1,
3574660620436,false,אלסב.ג'ונסון לפני שינ750,ג'ונסון אנד ג'ונסון,IT,אל סבון ג'ונסון,מיליליטרים,750.00,"100 מ""ל",false,0,23.40,3.12,true,1,
3574660638325,false,קרם החתלה ג'ונסונס100מל,ג'ונסון,FR,קרם החתלה,מיליליטרים,100.00,"100 מ""ל",false,0,21.40,21.40,true,1,
3574661017495,false,תחליב גוף ניוטרג'ינה 400מל,ניוטרוג'ינה,IL,תחליב גוף,מיליליטרים,400.00,"100 מ""ל",false,0,44.80,11.20,true,1,
3574661018201,false,תח.גוף ניוטרוג'ינה מ400,ג'ונסון,IL,תחליב גוף,מיליליטרים,400.00,"100 מ""ל",false,0,44.80,11.20,true,1,
3574661069456,false,שמפו גונסונס משאבה750מ,CILAG GMBH INTERNATI,IL,שמפו גונסונס,מיליליטרים,750.00,"100 מ""ל",false,0,28.60,3.81,true,1,
3600523154784,false,שמפו אלביב טוטל ריפר 600,קוסמטיקס,TR,שמפו אלביב,מיליליטרים,600.00,"100 מ""ל",false,1,15.90,2.65,true,1,
3600523154814,false,מרכך אלביב טוטל ריפר600מ,קוסמטיקס,TR,מרכך אלביב,מיליליטרים,600.00,"100 מ""ל",false,1,15.90,2.65,true,1,
3600523154869,false,שמפו אלביב רה-נוטרישן600,קוסמטיקס,TR,שמפו אלביב,מיליליטרים,600.00,"100 מ""ל",false,1,15.90,2.65,true,1,
3600541205482,false,פיור אנרגי גרגירים 150מל,סופרויאל,FR,פיור אנרגי גרגירים 150מל,מיליליטרים,150.00,"100 מ""ל",false,0,29.70,19.80,true,1,
3607346373798,false,"נאוטיקה בלו ספריי 150מ""ל",קוטי,ES,נאוטיקה ספריי,מיליליטרים,150.00,"100 מ""ל",false,1,24.70,16.47,true,1,
3607346373835,false,נאוטיקה קלאסיק ספרי150מ,קוטי,ES,נאוטיקה ספריי,מיליליטרים,150.00,"100 מ""ל",false,1,24.70,16.47,true,1,
3607347386308,false,דאו.אדידס מקס ספורט 200,COLEPCCL,IL,דאודורנט אדידס,מיליליטרים,200.00,"100 מ""ל",false,0,14.90,7.45,true,1,
3608580730231,false,קונפיטורה בון ממאן תות שדה 370 גר',אף.סי תבליני בגליל ב,FR,קונפיטורת תות,גרמים,370.00,100 גרם,false,1,12.90,3.49,true,1,
3608580730255,false,קונפיטורה בטעם משמש 370 גר BONNE MAMAN,בון ממן,FR,קונפיטורת משמש,גרמים,370.00,100 גרם,false,1,12.90,3.49,true,1,
3661163970448,false,"אדידס דאודורנט ספריי מקס פרש לגברים 200 מ""ל",מיוצר עי קונדיטוריית,PT,דאודורנט אדידס,מיליליטרים,200.00,"100 מ""ל",false,0,14.90,7.45,true,1,
3661163990781,false,דאו.אדידס A3 פרולול 200מ,COLEPCCL,GB,דאו.אדידס A3 פרולול 200מ,מיליליטרים,200.00,"100 מ""ל",false,0,14.90,7.45,true,1,
4000417019004,false,שוקולד חלב אגוזי לוז שלמים ריטר ספורט 100 גרם,ריטר ספורט Ritter sport,DE,שוקולד ריטר,גרמים,100.00,100 גרם,false,0,9.80,9.80,true,1,
4000417023001,false,ריטר ספורט שוקולד חלב מעולה עם שקדים שלמים,ריטר ספורט Ritter sport,DE,שוקולד ריטר,גרמים,100.00,100 גרם,false,0,9.80,9.80,true,1,
4000417025005,false,שוקולד מריר במילוי מרציפן ריטר ספורט 100 גרם,ריטר ספורט Ritter sport,DE,שוקולד ריטר,גרמים,100.00,100 גרם,false,0,9.80,9.80,true,1,
4002448017684,false,"סיליט באנג ספריי ניקוי כללי מסיר אבנית 750 מ""ל",הדקלאים אגודת שיתופי,PL,סיליט באנג ספריי,מיליליטרים,750.00,"100 מ""ל",false,0,14.90,1.99,true,1,
4005808500000,false,לבלו שפתון ליובש כחול,אלפא קוסמטיקה,DE,לבלו שפתון,יחידה,1.00,יחידה,false,0,14.10,14.10,true,1,
4005808817306,false,ניוואה גל גילוח להרגשה קרירה 200מל,ניוואה Nivea,DE,ג'ל גילוח ניוואה,מיליליטרים,200.00,"100 מ""ל",false,0,17.70,8.85,true,1,
4005900037909,false,"ניוואה - דאודורנט ספריי לאישה אינויזיבל פיור 150 מ""ל",ביירסדורץ,DE,דאודורנט ניוואה,מיליליטרים,150.00,"100 מ""ל",false,0,15.00,10.00,true,1,
4005900828088,false,"ניוואה - דאודורנט רול און לגבר פרש 50 מ""ל",טרופיקל דגיל תעשיות,DE,דאודורנט ניוואה,מיליליטרים,50.00,"100 מ""ל",false,0,15.00,30.00,true,1,
4005900828095,false,ניוואה רול און פרש לאישה,ביירסדורץ,DE,דאודורנט ניוואה,מיליליטרים,50.00,"100 מ""ל",false,0,15.00,30.00,true,1,
4009300522935,false,תה ירוק פומפדור לימונית ולואיזה 20 יחידות,"איטיליאן פוד, אס.פי.",DE,תה ירוק לואיזה,גרמים,30.00,100 גרם,false,0,22.00,73.33,true,1,
4009300524588,false,חליטת צמחים פומפדור פירות יער 20 יחידות,פומפדור Pompadour,DE,חליטת פירות יער,גרמים,60.00,100 גרם,false,0,18.50,30.83,true,1,
4009900360937,false,איירווייז מיני אקליפטו42,ריגלי,PL,איירווייז מיני,גרמים,42.00,100 גרם,false,0,6.50,15.48,true,1,
4009900385824,false,מארז חמישיית מסטיק אורביט Orbit בטעם מנטה,ריגלי צרפת,FR,מארז אורביט,גרמים,65.00,100 גרם,false,0,10.90,16.77,true,1,
4009900403023,false,אורביט וויט בטעם מנטה בקבוקון 46 מלבניות,"ב.א מזון בע""מ",PL,אורביט בקבוקון,גרמים,64.00,100 גרם,false,0,10.90,17.03,true,1,
4009900405713,false,איירווייז מיני אניס+מנ42,ריגלי,PL,איירווייז מיני,גרמים,42.00,100 גרם,false,0,6.50,15.48,true,1,
4009900455299,false,"סוכרית ג'לי אדומה 174 גרם ""סקיטלס""",ריגלי ממתקים,CZ,סוכריות סקיטלס,גרמים,174.00,100 גרם,false,0,9.80,5.63,true,1,
4009900479998,false,אורביט וויט אוכמניות בקבוקון 46 מלבניות,ריגלי פולין,PL,אורביט בקבוקון,גרמים,64.00,100 גרם,false,0,10.90,17.03,true,1,
4009900482417,false,מסטיק אורביט פירות מנטה בקבוקון באבל מינט 45יח,ריגלי פולין,PL,אורביט באבל מינט,גרמים,64.00,100 גרם,false,0,10.90,17.03,true,1,
4009900484008,false,אורביט בקבוקMאקליפטוס84ג,ריגלי,PL,אורביט בקבוק,גרמים,84.00,100 גרם,false,0,14.90,17.74,true,1,
4009900488709,false,מיני וויט מנטה3י14*גרם,ריגלי,PL,אורביט מיני וויט,גרמים,42.00,100 גרם,false,0,6.50,15.48,true,1,
4009900488891,false,מיני וויט פירות3יח14*גרם,ריגלי,PL,אורביט מיני וויט,גרמים,42.00,100 גרם,false,0,6.50,15.48,true,1,
4009900488952,false,אורביט מיני ווינטרפרש42ג,ריגלי,PL,אורביט מיני,גרמים,42.00,100 גרם,false,0,6.50,15.48,true,1,
4009900503952,false,אורביט בבלמינט grab&go,ריגלי,PL,מסטיק אורביט,גרמים,56.00,100 גרם,false,1,11.90,21.25,true,1,
4009900504126,false,אורביט פפרמינט grab&go,ריגלי,PL,מסטיק אורביט,גרמים,56.00,100 גרם,false,1,11.90,21.25,true,1,
4011800251550,false,קונפיטורת דובדבן שחור340,Schwartauer,IL,קונפיטורת דובדבן,גרמים,340.00,100 גרם,false,0,14.90,4.38,true,1,
4011800628512,false,חטיף קורני שוקולד חלב 6 יח 150 גר,מיוצר עי קונדיטוריית,DE,קורני חטיף דגנים,גרמים,150.00,100 גרם,false,0,12.80,8.53,true,1,
4011800630515,false,חטיף קורני שוקולד חלב ובננה 6 יח 150 גר,מיוצר עי קונדיטוריית,DE,קורני חטיף דגנים,גרמים,150.00,100 גרם,false,0,12.80,8.53,true,1,
4011800632519,false,"מארז חטיפי שוקולד חלב וקוקוס ""קורני""",מיוצר עי קונדיטוריית,DE,קורני חטיף דגנים,גרמים,150.00,100 גרם,false,0,12.80,8.53,true,1,
4011800633516,false,קורני שוקולד מריר מעולה 58% קקאו 6*1,שוורטאוור וורקה,DE,קורני חטיף דגנים,גרמים,138.00,100 גרם,false,0,12.80,9.28,true,1,
4011800636517,false,קורני פרי שוקולד חלב מעולה ללא סוכר 6*1,מיוצר עי קונדיטוריית,DE,קורני חטיף דגנים,גרמים,120.00,100 גרם,false,0,12.80,10.67,true,1,
4014400901191,false,בונבונריית מרסי מבחר ממתקי שוקולד 250 גרם,ליימן מותגים,DE,בונבוניירת מרסי,גרמים,250.00,100 גרם,false,0,29.60,11.84,true,1,
4014400903409,false,בונבוניירה שוקולד אגוזים טופיפי 250 גרם,קריניציה ויטמינה אס,DE,בונבונ. טופיפי,גרמים,250.00,100 גרם,false,0,27.80,11.12,true,1,
4014400907902,false,"וורטרס אורגינל סוכריות חמאה ללא סוכר בקופסה
42 גרם",תות ממתקי איכות,DE,סוכריות וורטר,גרמים,42.00,100 גרם,false,0,6.70,15.95,true,1,
4014400914924,false,"סוכריות בטעם קפה וורטר אורגינל לל""ס 80 גרם",קריניציה ויטמינה אס,DE,סוכריות וורטר,גרמים,80.00,100 גרם,false,0,10.00,12.50,true,1,
4015000280372,false,"דאודורנט רול און בניחוח לימון פה 50 מ""ל",שוורצקופף והנקל,DE,דאודורנט FA,מיליליטרים,50.00,"100 מ""ל",false,0,9.90,19.80,true,1,
4015000996235,false,"גליס - מרכך משקם אקספקס תמצית שמן אולטימטיבי 200 מ""ל",שוורצקוף,SI,ספריי מרכך גליס,מיליליטרים,400.00,"100 מ""ל",false,0,34.90,8.73,true,1,
4015001011371,false,"פה ספריי פרש&דריי 200מ""ל",הנקל סוד,DE,דאודורנט פה,מיליליטרים,200.00,"100 מ""ל",false,1,9.90,4.95,true,1,
4015400057369,false,אולוויז עבה לילה 12 יחידות,פרוקטר אנד גמבל,DE,תחבושות אולוויז,יחידה,1.00,יחידה,false,0,16.80,16.80,true,1,
4015400284826,false,20 טמפקס קומפק סופר פלוס,פרוקטר & גמבל,HU,טמפקס קומפק,יחידה,1.00,יחידה,false,0,30.10,30.10,true,1,
4015400428657,false,תחבושות עבות לונג +,פרוקטר אנד גמבל,DE,15 אולוויז עבה לונג+,יחידה,1.00,יחידה,false,0,16.80,16.80,true,1,
4015400428688,false,תחבושות עבות נורמל +,פרוקטר אנד גמבל,DE,תחבושות אולוויז,יחידה,1.00,יחידה,false,0,16.80,16.80,true,1,
4015400562788,false,100 מגני תח.אולוייז מגה,פרוקטר & גמבל,IL,מגן תחתון אולויז,יחידה,1.00,יחידה,false,0,25.90,25.90,true,1,
4015400564454,false,מגני תחתון אולוויז לארג' עם ניחוח מגה פק,פרוקטר אנד גמבל,DE,מגן תחתון אולויז,יחידה,1.00,יחידה,false,0,25.90,25.90,true,1,
4015400655282,false,אולוויז אינפינ.דואו לילה,פרוקטר אנד גמבל,IL,תחבושות אולוויז,יחידה,1.00,יחידה,false,0,40.70,40.70,true,1,
4015400655299,false,אולוויז אינפינ.דואו לונג,פרוקטר & גמבל,IL,תחבושות אולוויז,יחידה,1.00,יחידה,false,0,40.70,40.70,true,1,
4015400669098,false,52 מגן תח.אולוייז דואו N,פרוקטר & גמבל,DE,מגן תחתון אולויז,יחידה,1.00,יחידה,false,1,19.90,19.90,true,1,
4015400675860,false,32 תח.אולוויז דואו נורמל,פרוקטר & גמבל,IL,תחבושות אולוויז,יחידה,1.00,יחידה,false,0,24.90,24.90,true,1,
4015400699811,false,28תח.אולוייז דואו נורמל+,,,תחבושות אולוייז,יחידה,1.00,יחידה,false,0,24.90,24.90,true,1,
4015400700111,false,24 תח.אולוייז דואו לונג,,,תחבושות אולוייז,יחידה,1.00,יחידה,false,0,24.90,24.90,true,1,
4015400700272,false,20 תח.אולוייז דואו לילה,פרוקטר אנד גמבל,,תחבושות אולוייז,יחידה,1.00,יחידה,false,0,24.90,24.90,true,1,
4015400715443,false,טמפקס קומפאק סופר 22 יחי,פרוקטר & גמבל,HU,טמפקס קומפאק,יחידה,1.00,יחידה,false,1,30.10,30.10,true,1,
4015400742791,false,42מגן תח.אולוייז דואו L,פרוקטר & גמבל,DE,מגן תחתון אולויז,יחידה,1.00,יחידה,false,1,19.90,19.90,true,1,
4015400824701,false,טמפונים עם מוליך רגולר טמפקס 30 יחידות,פרוקטר אנד גמבל,HU,טמפקס פלאש,יחידה,1.00,יחידה,false,0,33.90,33.90,true,1,
4015600582319,false,50טבליות פיירי פלטינום,פרוקטר & גמבל,GB,טבליות למדיח,יחידה,1.00,יחידה,false,0,48.90,48.90,true,1,
4015600770228,false,פנטן שמפו שמן משקם 600 מ,פרוקטר אנד גמבל,FR,שמפו פנטן שמן,מיליליטרים,600.00,"100 מ""ל",false,0,24.90,4.15,true,1,
4015600807436,false,"ג'ילט - דאודורנט ג'ל לגבר כדוריות קול וויב 75 מ""ל",פרוקטר אנד גמבל,GB,דאודורנט ג'ל,מיליליטרים,75.00,"100 מ""ל",false,0,38.00,50.67,true,1,
4015600815318,false,שמפו פנטן מגע קטיפתי600מ,פרוקטר & גמבל,FR,שמפו פנטן,מיליליטרים,600.00,"100 מ""ל",false,0,24.90,4.15,true,1,
4015600815394,false,"פנטן 2ב1 מגע משי 600 מ""",פרוקטר & גמבל,FR,פנטן 2ב1 מגע משי,מיליליטרים,600.00,"100 מ""ל",false,0,24.90,4.15,true,1,
4015600815516,false,"פנטן שמפו נוסחה קלאסית 600 מ""ל",פרוקטר & גמבל,FR,שמפו פנטן,מיליליטרים,600.00,"100 מ""ל",false,0,24.90,4.15,true,1,
4015600815592,false,שמפו+מרכך פנטן קלאסי600מ,פרוקטר & גמבל,FR,שמפו + מרכך פנטן,מיליליטרים,600.00,"100 מ""ל",false,0,24.90,4.15,true,1,
4015600815639,false,"שמפו פנטן טבע 600 מ""ל",פרוקטר אנד גמבל,FR,שמפו פנטן טבע,מיליליטרים,600.00,"100 מ""ל",false,0,24.90,4.15,true,1,
4015600815677,false,"מרכך פנטן טבע 600 מ""ל",פרוקטר אנד גמבל,FR,מרכך פנטן טבע,מיליליטרים,600.00,"100 מ""ל",false,0,24.90,4.15,true,1,
4015600889333,false,סרום פנטן שמן משקם 100מל,פרוקטר & גמבל,IL,סרום שמן משקם,מיליליטרים,100.00,"100 מ""ל",false,0,32.70,32.70,true,1,
4017100364112,false,בלזן היט בסקוויט סנדביץ עם מלית קרם בטעם שוקולד קקאו (41%) 220 גרם,הדקלאים אגודת שיתופי,PL,עוגיות סנדוויץ,גרמים,220.00,100 גרם,false,1,9.90,4.50,true,1,
4025700001023,false,מילקה - שוקולד עם שבבי אגוזי לוז 100 גרם,מונדלייז,DE,שוקולד מילקה,גרמים,100.00,100 גרם,false,0,9.40,9.40,true,1,
4033100014529,false,סיגריות אל די סלים בודד,Unknown,TR,אל די סלימס חפ.,יחידה,1.00,יחידה,false,0,27.00,27.00,false,1,
4056800943739,false,קרם חמצן וולוקסון Welloxon 6%,פרוקטר אנד גמבל,FR,חמצן וולה 6%,מיליליטרים,60.00,"100 מ""ל",false,0,5.90,9.83,true,1,
4062400543125,false,"טקילה סיירה זהב רפוסדו 700 מ""ל",מזקקת סיארה אונידס,MX,טקילה סיירה,מיליליטרים,700.00,"100 מ""ל",false,0,99.90,14.27,true,1,
4067700013019,false,"ייגרמייסטר 700 מ""ל",יגרמייסטר,DE,יגרמייסטר,מיליליטרים,700.00,"100 מ""ל",false,0,99.90,14.27,true,1,
4072700003649,false,"פרנזיסקאנר בירה מעוננת 500 מ""ל","איי, בי, אינבוו",DE,בירה פרנסיסקאנר,מיליליטרים,500.00,"100 מ""ל",false,0,15.80,3.16,true,1,
4084500065598,false,"קרם לחות פנטן לתלתלים מושלמים 300 מ""ל",פרוקטר אנד גמבל,FR,קרם לשיער פנטן,מיליליטרים,300.00,"100 מ""ל",false,0,26.40,8.80,true,1,
4084500149526,false,טייד גל כביסה 2.48 ליטר אלפים רענן,פרוקטר אנד גמבל,FR,טייד ג'ל,ליטרים,2.48,ליטר,false,0,29.60,11.94,true,1,
4084500194380,false,הד&שולדרס שיער עבה 600מ,פרוקטר & גמבל,IL,שמפו הד&שולדרס,מיליליטרים,600.00,"100 מ""ל",false,1,28.70,4.78,true,1,
4084500853553,false,פיירי נוזל כלים קלאסי אורגינל 650 מל,פרוקטר אנד גמבל,GB,נוזל כלים פיירי,מיליליטרים,650.00,"100 מ""ל",false,1,8.90,1.37,true,1,
4084500853690,false,פיירי תפוז 650מל,פרוקטר & גמבל,GB,נוזל כלים פיירי,מיליליטרים,650.00,"100 מ""ל",false,1,8.90,1.37,true,1,
4084500853836,false,"נוזל כלים פיירי ורדים ומשי 515 מ""ל בד""צ",פרוקטר אנד גמבל,GB,פיירי נוזל לכלים,מיליליטרים,515.00,"100 מ""ל",false,1,8.90,1.73,true,1,
4084500853898,false,"נוזל כלים פיירי אלוורה ומלפפונים 515 מ""ל בד""צ",פרוקטר אנד גמבל,GB,פיירי נוזל לכלים,מיליליטרים,515.00,"100 מ""ל",false,1,11.90,2.31,true,1,
4084500928077,false,פנטן שמפו לתלתלים 675מל,פרוקטר & גמבל,IL,שמפו פנטן,מיליליטרים,675.00,"100 מ""ל",false,1,24.90,3.69,true,1,
4260272980103,false,חטיף תפוחי אדמה+צ'ילי110,co & gmbh snack Aroma,DE,חטיף תפוחי אדמה,גרמים,110.00,100 גרם,false,0,12.90,11.73,true,1,
4600659010854,false,"וודקה סטוליצ'ניה 700 מ""ל",איי. אס. לטבייאס בלזם,LV,וודקה סטוליצ'ניה,מיליליטרים,700.00,"100 מ""ל",false,0,69.90,9.99,true,1,
4603400000180,false,"וודקה סטנדרט פלטינום 700 מ""ל",RUSSIAN STANDART,RU,וודקה רוסקי,מיליליטרים,700.00,"100 מ""ל",false,0,89.90,12.84,true,1,
4607026530212,false,יורוסטנדרט כוסמת 900,אגרופרודקט,RU,כוסמת,גרמים,900.00,100 גרם,false,0,14.90,1.66,true,1,
4750100701548,false,א.ש.אולד ספייס וויט 100מ,פרוקטר & גמבל,IL,אפטר שייב,מיליליטרים,100.00,"100 מ""ל",false,0,61.40,61.40,true,1,
4770209043431,false,חלב מרוכז ממותק,,LE,חלב מרוכז ממותק,גרמים,397.00,100 גרם,false,0,8.50,2.14,true,1,
4800888150080,false,"דאב - דאודורנט רול און לאישה פרש טאצ' מלפפונים 50 מ""ל",יוניליוור פיליפינים,PH,דאודורנט דאב,מיליליטרים,50.00,"100 מ""ל",false,0,14.90,29.80,true,1,
4800888160171,false,"דאו.רקסונה רולאון 50 מ""ל",יוניליוור,IL,דאודורנט רקסונה,מיליליטרים,50.00,"100 מ""ל",false,0,22.70,45.40,true,1,
4800888175489,false,דאו.דאב מן קלין רול50.מ,יוניליוור,IL,דאודורנט דאב מן,מיליליטרים,50.00,"100 מ""ל",false,0,14.90,29.80,true,1,
4800888185440,false,דאו.דאב רולאון ללא סימ50,יוניליוור,PH,דאודורנט דאב,מיליליטרים,50.00,"100 מ""ל",false,0,14.90,29.80,true,1,
4801234145125,false,גלייד נטורל ספריי נטול גז סוגים,Jonson ג'ונסון,IL,מטהר אוויר גלייד,מיליליטרים,400.00,"100 מ""ל",false,0,12.90,3.23,true,1,
4860019001414,false,"בקבוק מים בוז'ורמי 750 מ""ל",אי.די.אס בורג'יומי,GE,מים מינרליים,מיליליטרים,750.00,"100 מ""ל",false,0,9.70,1.29,true,1,
4891228460174,false,4 ס.גילוח קווטרו טיטניום,שיק,DE,סכין גילוח,יחידה,1.00,יחידה,false,0,45.60,45.60,true,1,
4891434225413,false,"שמן שומשום אוריינטל 150 מ""ל",או איק גואם פוד אינדוסטריאל,SG,שמן שומשום,מיליליטרים,150.00,"100 מ""ל",false,0,12.80,8.53,true,1,
4903001904192,false,"רוטב סויה יאמסה פרימיום 500 מ""ל",הדקלאים אגודת שיתופי,JP,רוטב סויה יאמאסה,מיליליטרים,500.00,"100 מ""ל",false,0,14.90,2.98,true,1,
5000146401568,false,וולייט דפים למניעת העברת צבע 10 דפים,רקיט בנקיזר,IT,וולייט דפים,יחידה,1.00,יחידה,false,0,16.90,16.90,true,1,
5000159407236,false,חטיף מרס שוקולד עם ק,מרס הולנד בי.וי.,NL,חטיף מרס,גרמים,51.00,100 גרם,false,0,4.90,9.61,true,1,
5000159461122,false,חטיף שוקולד סניקרס מקס קרמל 50 ג',"נארז ע""י : א.ג. גילר",NL,חטיף סניקרס,גרמים,50.00,100 גרם,false,0,4.90,9.80,true,1,
5000198285505,false,משחה פרדונטקס ג'ל 50 גרם,גלקסוסמיתקליין,GB,משחת שיניים,מיליליטרים,50.00,"100 מ""ל",false,0,23.30,46.60,true,1,
5000204658064,false,"ספוגית הברקה קיווי אקספרס שחור 6 מ""ל",המאפיה של הרמן,HN,קיווי ספוג הברקה,יחידה,1.00,יחידה,false,0,17.30,17.30,true,1,
5000204658187,false,"קיווי נוזל נעליים קראון שחור 75 מ""ל",אס' סי' ג'ונסון במה,PL,קיווי נוזל,מיליליטרים,75.00,"100 מ""ל",false,0,17.30,23.07,true,1,
5000207004172,false,פדים להנקה ג'ונסון 30יח',CILAG GMBH INTERNATI,IT,רפידות הנקה,יחידה,1.00,יחידה,false,0,26.50,26.50,true,1,
5000394077164,false,4סוללות דורסל AAA,פרוקטר & גמבל,IL,4סוללות דורסלAAA,יחידה,1.00,יחידה,false,0,17.70,17.70,true,1,
5000394203334,false,12סוללות דורסל בייסיק AA,פרוקטר & גמבל,BE,סוללות דורסל,יחידה,1.00,יחידה,false,0,26.90,26.90,true,1,
5010182997253,false,רייד תרסיס קוטל ג'וקים/תיקנים 300 מל,אס.סי.ג'ונסון מידרכט,NL,רייד מקס,מיליליטרים,300.00,"100 מ""ל",false,0,10.00,3.33,true,1,
5010182997338,false,דאק ג'ל לניקוי אסלות בניחוח רענן 55 מל,"איטיליאן פוד, אס.פי.",IT,דאק ג'ל נוזלי,מיליליטרים,55.00,"100 מ""ל",false,0,7.90,14.36,true,1,
5010182997918,false,דאק ג'ל לניקוי אסלות בניחוח ים 55 מל,"איטיליאן פוד, אס.פי.",IT,טואלט דאק ג'ל,מיליליטרים,55.00,"100 מ""ל",false,0,7.90,14.36,true,1,
5010327000046,false,וויסקי גרנט'ס סקוטי,"וויליאם גראנט ובניו בע""\",GB,וויסקי גרנט'ס,מיליליטרים,700.00,"100 מ""ל",false,0,89.90,12.84,true,1,
5010622010795,false,מברשת אורל בי גילאי 7-5,פרוקטר אנד גמבל,IE,מברשת שיניים,יחידה,1.00,יחידה,false,0,18.00,18.00,true,1,
5010677554398,false,בקרדי בריזר אבטיח 275 בקבוק,בקרדי בריזר Bacardi Breezer,BE,בקרדי בריזר,מיליליטרים,275.00,"100 מ""ל",false,0,11.50,4.18,true,1,
5011157630281,false,אורז לבן ארוך בסמטי טילדה Tilda,אלסקה/ טילדה,GB,אורז טילדה המשלי,קילוגרמים,1.00,"ק""ג",false,0,25.60,25.60,true,1,
5011417540916,false,פיניש קואנטום 20טבליות,רקיט בנקיזר,PL,פיניש טבליות,יחידה,1.00,יחידה,false,0,24.90,24.90,true,1,
5013965754937,false,"מי פה פרו אקספרט 500 מ""ל",פרוקטר & גמבל,IL,מי פה אורל בי,מיליליטרים,500.00,"100 מ""ל",false,0,38.50,7.70,true,1,
5014271000411,false,מעדן ערמונים 284 גרם,סאן דלפור - שמבור,FR,מעדן ערמונים,גרמים,284.00,100 גרם,false,1,20.90,7.36,true,1,
5014271300429,false,"מעדן משמש 100% פרי סנטדלפור 284 גרם לל""ס",סאן דלפור - שמבור,FR,מעדן מישמש,גרמים,284.00,100 גרם,false,0,20.90,7.36,true,1,
5014271310428,false,מעדן דובדבנים שחורים ללא תוספת סוכר 284 גרם,סאן דלפור - שמבור,FR,מעדן דובדבן שחור,גרמים,284.00,100 גרם,false,0,20.90,7.36,true,1,
5014271330426,false,מעדן אוכמניות כחולות ללא תוספת סוכר 284 גרם,סאן דלפור - שמבור,FR,מעדן אוכמניות,גרמים,284.00,100 גרם,false,0,20.90,7.36,true,1,
5014271350424,false,מעדן ארבעה פירות ללא תוספת סוכר 284 גרם,סאן דלפור - שמבור,FR,מעדן 4 פירות,גרמים,284.00,100 גרם,false,0,20.90,7.36,true,1,
5014271360423,false,"מעדן תפוזים לל""ס סאן דלפור 284 גרם",סאן דלפור - שמבור,FR,מעדן תפוזים,גרמים,284.00,100 גרם,false,0,20.90,7.36,true,1,
5014271370422,false,מעדן אפרסקים ללא תוספת סוכר 284 גרם,סאן דלפור - שמבור,FR,מעדן אפרסק 284 גרם,גרמים,284.00,100 גרם,false,0,20.90,7.36,true,1,
5014271400426,false,"מעדן בטעם תות שדה לל""ס סאן דלפור 284 גרם",סאן דלפור - שמבור,FR,מעדן תות שדה 284 גרם,גרמים,284.00,100 גרם,false,0,20.90,7.36,true,1,
5014271796147,false,מעדן רימון ופטל 284 גרם,סאן דלפור - שמבור,FR,מעדן רימון ופטל,גרמים,284.00,100 גרם,false,0,20.90,7.36,true,1,
5029053000619,false,ממחטות קלינקס פוקט עשירייה,חוגלה קימברלי,IT,ממחטות אולטרה,יחידה,1.00,יחידה,false,0,10.00,10.00,true,1,
5029053002408,false,קלינקס - נייר טואולט קליניקס לבן 9 גלילים,קימברלי קלארק ישראל,IL,נ.ט. קלינקס לבן 9 גל.,מטרים,276.00,100 מטר,false,0,36.90,13.37,true,1,
5029053002439,false,נייר טואלט קלינקס פרימיום צהוב - מארז 9 גלילים,חוגלה קימברלי,GB,נ.ט.קלינקס צהוב 9 גל.,מטרים,276.00,100 מטר,false,0,36.90,13.37,true,1,
5029053510811,false,תחבושות נורמל פלוס עם כנפיים קוטקס 28 יחידות,קימברלי קלארק,CZ,תחבושות קוטקס,יחידה,1.00,יחידה,false,0,18.90,18.90,true,1,
5029053510828,false,תחבושות סופר פלוס עם כנפיים קוטקס 22יחידות,קימברלי קלארק,CZ,תחבושות קוטקס,יחידה,1.00,יחידה,false,0,18.90,18.90,true,1,
5029053523446,false,קוטקס - תחבושות אולטרה נייט + כנפיים 20 יח',קימברלי קלארק,CZ,תחבושות קוטקס,יחידה,1.00,יחידה,false,0,18.90,18.90,true,1,
5029053534589,false,קוטקס טמפוני מיני B נורמל 32 יחידות,קימברלי קלארק,CZ,טמפוני קוטקס,יחידה,1.00,יחידה,false,0,31.10,31.10,true,1,
5035766044673,false,"סטרונגבואו גולד, סיידר תפוחים אלכוהולי, בקבוק 330 מ''ל",סטרונגבאו Strongbow,BE,סיידר תפוח,מיליליטרים,330.00,"100 מ""ל",false,0,7.40,2.24,true,1,
5035766044772,false,סיידר תפוחים סטרונגבאו 330 בקבוק רביעייה,סטאסן ס.א,BE,סיידר תפוח 4 יח,ליטרים,1.32,ליטר,false,0,27.90,21.14,true,1,
5035766060253,false,"בירה מרפיס, בירת סטאוט, פחית 500 מ""ל",מרפיס Murphys,GB,בירה מרפיס,מיליליטרים,500.00,"100 מ""ל",false,0,10.90,2.18,true,1,
5050083262548,false,ספיישל K פירות אדומים300,קלוג'ס,DE,קלוגס ספיישל K,גרמים,300.00,100 גרם,false,0,21.90,7.30,true,1,
5099864006711,false,סימילאק אדבנס+שלב 2 900ג,אבוט,IE,סימילאק אדבנס,גרמים,900.00,100 גרם,false,0,81.90,9.10,true,1,
5099864006728,false,סימילאק אדבנס+שלב 3 900ג,אבוט,IE,סימילאק אדבנס,גרמים,900.00,100 גרם,false,0,81.90,9.10,true,1,
5200351240017,false,גליליות קרם אגוז+קקאו400,גולדן ברייק,GR,גליליות קרם אגוז,גרמים,400.00,100 גרם,false,0,19.00,4.75,true,1,
5201940010110,false,זיתים שחורים קלמטה וילי פוד 250 גרם,סיוארס אס.איי,GR,זיתים שחורים קלמטה454גרם,גרמים,454.00,100 גרם,false,0,17.20,3.79,true,1,
5202300014472,false,וולהפלקס ספריי אולטרה סטרונג 250 מל,פרוקטר & גמבל,DE,וולהפלקס ספריי,מיליליטרים,250.00,"100 מ""ל",false,0,37.70,15.08,true,1,
5202300014557,false,וולהפלקס מוס אולטרה סטרונג 200 מל,פרוקטר & גמבל,DE,וולהפלקס מוס,מיליליטרים,200.00,"100 מ""ל",false,0,30.80,15.40,true,1,
5202300042963,false,קולסטון 2000 אדום בורדו,פרוקטר & גמבל,DE,קולסטון 2000,יחידה,1.00,יחידה,false,0,26.30,26.30,true,1,
5202300043014,false,צבע לשיער קולסטון - 6/7 חום שוקולד,פרוקטר אנד גמבל,DE,קולסטון 2000,יחידה,1.00,יחידה,false,0,26.30,26.30,true,1,
5202300043199,false,צבע לשיער קולסטון - 4/0 חום בינוני,פרוקטר אנד גמבל,DE,קולסטון 2000,יחידה,1.00,יחידה,false,0,26.30,26.30,true,1,
5202300043434,false,צבע לשיער קולסטון - 7/73 בלונד אביב,פרוקטר אנד גמבל,DE,קולסטון 2000,יחידה,1.00,יחידה,false,0,26.30,26.30,true,1,
5400265027265,false,המלט-אריזת מתנה צסטרפילד אדום 125 גר,HAMLET NV,BE,בונבוניירה,גרמים,125.00,100 גרם,false,1,29.60,23.68,true,1,
5400265032337,false,המלט-אריזת מתנה צסטרפילד קרם 125 גר,HAMLET NV,BE,בונבוניירה,גרמים,125.00,100 גרם,false,1,29.60,23.68,true,1,
5410076518784,false,משחת אורל בי מנטה 100מל,פרוקטר & גמבל,IL,משחת אורל בי,מיליליטרים,100.00,"100 מ""ל",false,0,22.20,22.20,true,1,
5410076518814,false,משחת אורל בי רעננות 100מ,פרוקטר & גמבל,IL,משחת אורל בי,מיליליטרים,100.00,"100 מ""ל",false,0,22.20,22.20,true,1,
5410076530076,false,פנטן מסיכה לשיער מלא 200,פרוקטר & גמבל,FR,מסיכה פנטן,מיליליטרים,200.00,"100 מ""ל",false,0,30.00,15.00,true,1,
5410076933129,false,אריאל אבקת כביסה שושן צחור 3 קג,פרוקטר אנד גמבל,CZ,אריאל שושן צחור,קילוגרמים,3.00,"ק""ג",false,0,39.90,13.30,true,1,
5410126004601,false,ביסקוויט דינוזאור דגנ175,לוטוס ביקרי,BE,ביסקוויט לוטוס,גרמים,175.00,100 גרם,false,1,8.00,4.57,true,1,
5410126106183,false,עוגיות לוטוס 50 יחידות ארוזות בנפרד 312 גרם,כלורוקס אוקלנד,BE,ביסקוויט לוטוס,גרמים,312.00,100 גרם,false,0,19.70,6.31,true,1,
5410126116953,false,ממרח ביסקוויט קרמל לוטוס 400 גרם,לוטוס בייקרי בלגיה נ,BE,ממרח ביסקוויט,גרמים,400.00,100 גרם,false,0,18.90,4.73,true,1,
5410126716016,false,"עוגיות לוטוס ביסקויט קרמל בד""צ 250 גרם",לוטוס ביקרי בלגיה,BE,ביסקויט לוטוס,גרמים,250.00,100 גרם,false,0,12.70,5.08,true,1,
5410173210055,false,רומבוטס קפה קלוי וטחון לפילטר 10 יח' 70 גרם,קופי רומבוטס,BE,קפה לפילטר,גרמים,70.00,100 גרם,false,0,22.90,32.71,true,1,
5410228146162,false,בירה לף ברון בקבוק 330מל,אינבב.ברוורייליין1,BE,בירה לף ברון,מיליליטרים,330.00,"100 מ""ל",false,0,9.90,3.00,true,1,
5411188094159,false,רביעיית מעדן סויה שוקו מריר אלפרו 125 גרם,הנסיך- מפעל לייצור ט,BE,מעדן סויה 4יח',גרמים,500.00,100 גרם,false,0,19.80,3.96,true,1,
5411188110842,false,אלפרו משקה אגוזים 1 ליטר,הנסיך- מפעל לייצור ט,IL,אלפלרו משקה אגוז,ליטרים,1.00,ליטר,false,0,16.80,16.80,true,1,
5411188111375,false,משקה אורז וניל 1 ליטר,אלפרו,IL,משקה אורז וניל,ליטרים,1.00,ליטר,false,0,16.80,16.80,true,1,
5411188114239,false,אלפ.שמנת ע.בסיס אורז250מ,אלפרו,BE,אלפרו שמנת,מיליליטרים,250.00,"100 מ""ל",false,0,10.80,4.32,true,1,
5411188116592,false,משקה קוקוס אורז אלפרו 1ל,אלפרו C.V.A,BE,אלפרו משקה קוקוס,מיליליטרים,1000.00,"100 מ""ל",false,0,16.80,1.68,true,1,
5411188118732,false,משקה אלפרו קוקוס ושקדים 1 ליטר,הנסיך- מפעל לייצור ט,BE,משקה קוקוס ושקד,ליטרים,1.00,ליטר,false,1,16.80,16.80,true,1,
5411188120742,false,משקה קוקוס אלפרו 1 ליטר שקדים וניל 1 ל',הנסיך- מפעל לייצור ט,BE,משקה שקדים,ליטרים,1.00,ליטר,false,1,16.80,16.80,true,1,
5411281723994,false,מבחר פרלינים,,BE,מבחר פרלינים,גרמים,200.00,100 גרם,false,0,43.60,21.80,true,1,
5411681014005,false,בירה דובל 330 מל פקד,פארייפאבה אגרואינדוס,BE,בירה דובל,מיליליטרים,330.00,"100 מ""ל",false,0,16.90,5.12,true,1,
5411681038001,false,"מרדסו מעורפלת מאוד330מ""ל","איי, בי, אינבוו",BE,בירה מרדסו,מיליליטרים,330.00,"100 מ""ל",false,0,16.90,5.12,true,1,
5413121359769,false,לבבות וצדפי שוקולד 195ג' בלגיאן,בי סי ג'י אולן,BE,בונבוניירה צדפים,גרמים,195.00,100 גרם,false,0,17.70,9.08,true,1,
5425000198055,false,אלמונד דרים שקדים 1 ליטר,היין,BE,אלמונד דרים,ליטרים,1.00,ליטר,false,0,16.90,16.90,true,1,
5701092108708,false,פיניש קוואנטום לימון20טב,רקיט בנקיזר,PL,טבליות קוואנטום,יחידה,1.00,יחידה,false,0,24.90,24.90,true,1,
5701932026964,false,"הוטפופ גרעיני תירס להכנת פופקורן במיקרוגל בטעם טבעי, בתוספת מלח, 600 גרם",ליימן מותגים,US,פופקורן הוט פופ,גרמים,600.00,100 גרם,false,0,15.90,2.65,true,1,
5706516031358,false,פופקורן להכנה במיקרוגל בטעם טבעי מופחת שומן 5 שקיות,ליימן מותגים,US,הוט פופ 100 קל',גרמים,160.00,100 גרם,false,0,15.90,9.94,true,1,
5900020012814,false,דגנים תפוחים בטעם שוקולד נסקוויק נסטלה 500 גרם,מיוצר עי קונדיטוריית,PL,דגני נסקוויק,גרמים,500.00,100 גרם,false,0,28.70,5.74,true,1,
5900020015174,false,פיטנס חטיפי אנרגיה דגנים בטעם שוקולד נסטלה 6*23.5 גרם,מיוצר עי קונדיטוריית,PL,חטיפי פיטנס 6 יח,גרמים,141.00,100 גרם,false,0,12.90,9.15,true,1,
5900020020741,false,חטיפי דגנים נסקוויק בר שוקו שוקו 6*25 גר,נסטלה פולין ברים,PL,נסקוויק בר,גרמים,150.00,100 גרם,false,0,16.80,11.20,true,1,
5900020024770,false,פיטנס - דליס חטיף דגנים שוקולד אגוז 22.50 גרם * 6,נסטלה פולין ברים,PL,חטיף דגנים פיטנס,גרמים,135.00,100 גרם,false,1,12.90,9.56,true,1,
5900020024817,false,פיטנס דליס Fitness Delice חטיף דגנים עם שוקולד לבן,סי. פי. פולין,PL,חטיף דגנים פיטנס,גרמים,135.00,100 גרם,false,1,12.90,9.56,true,1,
5900020025647,false,חטיף דגנים פיטנס שוקולד חלב 135 גרם מארז 6 יחידות,מיוצר עי קונדיטוריית,PL,חטיף דגנים פיטנס,גרמים,135.00,100 גרם,false,1,12.90,9.56,true,1,
5900020025722,false,חט.דגנים בר דליס ש.חלב8י,.סי.פי,PL,חטיף דגנים פיטנס,גרמים,180.00,100 גרם,false,1,12.90,7.17,true,1,
5900020025746,false,חט.דגנים בר דליס ש.לבן8י,.סי.פי,PL,חטיף דגנים פיטנס,גרמים,180.00,100 גרם,false,1,12.90,7.17,true,1,
5900020025951,false,חטיף דגנ.גולדן מיניס 6יח,נסטלה,PL,חטיף גולדן מיניס,גרמים,150.00,100 גרם,false,1,16.80,11.20,true,1,
5900020026026,false,פיטנס בר שוקולד 23.5*12ג,.סי.פי,PL,פיטנס בר 12 יח',גרמים,282.00,100 גרם,false,1,22.90,8.12,true,1,
5901464319477,false,5 סכיני סנסור אקסל לאשה,פרוקטר אנד גמבל,PL,סכיני סנסור,יחידה,1.00,יחידה,false,0,44.10,44.10,true,1,
5906485301012,false,"משקה אנרגיה XL פחית 250 מ""ל","טמפו משקאות בע""מ",IL,משקה אנרגיה XL,מיליליטרים,250.00,"100 מ""ל",false,0,4.10,1.64,true,1,
5948935001714,false,ריגוטוני מקמח תירס500גרם,רנדי,IL,ריגוטוני,גרמים,500.00,100 גרם,false,0,9.80,1.96,true,1,
6001067025122,false,קולגייט מקס פרש וויט100מ,קולגייט-פלמוליב,BR,משחת שיניים,מיליליטרים,100.00,"100 מ""ל",false,0,14.90,14.90,true,1,
6008165003984,false,סיגריות פאל מאל כחול סטרים פילט בודד,אמריקן גרדן,TR,סיגריות פאל מאל,יחידה,1.00,יחידה,false,0,29.00,29.00,false,1,
6008165271192,false,סיגריות פאל מל ארוך אדום בודד,אמריקן גרדן,TR,פאל מאל ארוך,יחידה,1.00,יחידה,false,0,29.00,29.00,false,1,
6928740700544,false,"תפוחונים-תפו""ע מיובשים22",,CN,חטיף תפוחונים,גרמים,22.00,100 גרם,false,0,4.90,22.27,true,1,
6937266703045,false,4סכיני גילוח שיק הידרו 5,ENERGIZER SINGAPORE,CN,סכיני גילוח שיק,יחידה,1.00,יחידה,false,0,67.40,67.40,true,1,
6937266703069,false,4 סכיני גילוח שיק הידרו3,ENERGIZER SINGAPORE,CN,סכיני גילוח,יחידה,1.00,יחידה,false,0,41.20,41.20,true,1,
7271730901261,false,ווקי מאק ארוחת אטריות עם גבינה 156 גרם,ניו וורלד פסטה קומפנ,US,ארוחת אטריות,גרמים,156.00,100 גרם,false,0,11.80,7.56,true,1,
7290000000022,true,עגבניות חממה,קטיף.,IL,עגבניות חממה,קילוגרמים,0.00,"ק""ג",true,0,5.90,5.90,true,1,
7290000000046,true,מלפפונים,קטיף.,IL,מלפפונים,קילוגרמים,0.00,"ק""ג",true,0,5.90,5.90,true,1,
7290000000053,true,קישואים,קטיף.,IL,קשואים,קילוגרמים,0.00,"ק""ג",true,0,8.90,8.90,true,1,
7290000000084,true,פלפל ירוק בהיר,שותפות מזרחי,IL,פלפל בהיר,קילוגרמים,0.00,"ק""ג",true,0,9.90,9.90,true,1,
7290000000091,true,פלפל אדום,קטיף.,IL,פלפל אדום,קילוגרמים,0.00,"ק""ג",true,0,8.90,8.90,true,1,
7290000000107,true,פלפל ירוק כהה,קטיף.,IL,פלפל כהה,קילוגרמים,0.00,"ק""ג",true,0,8.90,8.90,true,1,
7290000000114,true,חצילים,קטיף.,IL,חצילים,קילוגרמים,0.00,"ק""ג",true,0,6.90,6.90,true,1,
7290000000121,true,גזר ארוז,קטיף.,IL,גזר ארוז,קילוגרמים,0.00,"ק""ג",true,0,4.90,4.90,true,1,
7290000000138,true,כרוב לבן,קטיף.,IL,כרוב לבן,קילוגרמים,0.00,"ק""ג",true,0,3.90,3.90,true,1,
7290000000169,true,כרוב סיני יחידה,קטיף.,IL,כרוב סיני-יח',יחידה,1.00,יחידה,false,0,6.90,6.90,true,1,
7290000000176,true,כרובית,קטיף.,IL,כרובית,קילוגרמים,0.00,"ק""ג",true,0,7.90,7.90,true,1,
7290000000183,true,סלק,קטיף.,IL,סלק,קילוגרמים,0.00,"ק""ג",true,0,4.90,4.90,true,1,
7290000000220,true,קולורבי,קטיף.,IL,קולורבי,קילוגרמים,0.00,"ק""ג",true,0,6.90,6.90,true,1,
7290000000244,true,שעועית ירוקה יחידה,קטיף.,IL,שעועית ירוקה,יחידה,1.00,יחידה,false,0,14.90,14.90,true,1,
7290000000251,true,שעועית הולנדית - יח',קטיף,IL,שעועית הולנדית,יחידה,1.00,יחידה,false,0,14.90,14.90,true,1,
7290000000282,true,חסה ערבית יחידה,קטיף,IL,חסה ערבית-יח',יחידה,1.00,יחידה,false,0,5.90,5.90,true,1,
7290000000299,true,חסה עגולה יחידה,קטיף.,IL,חסה עגולה-יח',יחידה,1.00,יחידה,false,0,5.90,5.90,true,1,
7290000000374,true,פטריות שמפניון יחידה,קטיף.,IL,שמפניון-יח',יחידה,1.00,יחידה,false,0,9.90,9.90,true,1,
7290000000411,true,שום - רביעייה במארז,קטיף.,XX,שום רביעייה,יחידה,1.00,יחידה,false,0,8.90,8.90,true,1,
7290000000428,true,בטטות מובחר,קטיף.,IL,בטטות מובחר,קילוגרמים,0.00,"ק""ג",true,0,9.90,9.90,true,1,
7290000000435,true,סלרי עלים יחידה,קטיף,IL,סלרי עלים -יח',יחידה,1.00,יחידה,false,0,6.90,6.90,true,1,
7290000000442,true,נבטים סיניים יחידה,קטיף,IL,נבטים סיניים-יח',יחידה,1.00,יחידה,false,0,7.00,7.00,true,1,
7290000000466,true,בצל ירוק יחידה,קטיף.,IL,בצל ירוק-יח',יחידה,1.00,יחידה,false,0,5.90,5.90,true,1,
7290000000480,true,בצל יבש,קטיף.,IL,בצל יבש,קילוגרמים,0.00,"ק""ג",true,0,3.90,3.90,true,1,
7290000000503,true,תפוח אדמה קטן ארוז,קטיף.,IL,"תפו""א קטן ארוז",קילוגרמים,0.00,"ק""ג",true,0,3.90,3.90,true,1,
7290000000510,true,פטרוזיליה יחידה,קטיף.,IL,פטרוזיליה-יח',יחידה,1.00,יחידה,false,0,4.90,4.90,true,1,
7290000000527,true,שמיר יחידה,קטיף,IL,שמיר יח',יחידה,1.00,יחידה,false,0,4.90,4.90,true,1,
7290000000534,true,סלרי ראש יחידה,קטיף,IL,סלרי ראש-יח',יחידה,1.00,יחידה,false,0,6.90,6.90,true,1,
7290000000541,true,שורש פטרוזיליה,קטיף,IL,שורש יח',יחידה,1.00,יחידה,false,0,6.90,6.90,true,1,
7290000000558,true,כוסברה יחידה,קטיף.,IL,כוסברה יח',יחידה,1.00,יחידה,false,0,4.90,4.90,true,1,
7290000000565,true,נענע יחידה,קטיף,IL,נענע יח',יחידה,1.00,יחידה,false,0,4.90,4.90,true,1,
7290000000619,true,פלפל חריף,שותפות מזרחי,IL,פלפל חריף,קילוגרמים,0.00,"ק""ג",true,0,8.90,8.90,true,1,
7290000000626,true,ברוקולי,קטיף,IL,ברוקולי,קילוגרמים,0.00,"ק""ג",true,0,15.90,15.90,true,1,
7290000000633,true,עירית יחידה,קטיף,IL,עירית-יח',יחידה,1.00,יחידה,false,0,6.00,6.00,true,1,
7290000000701,true,פטריות שמפניון למילוי,קטיף.,IL,פטריות למילוי,קילוגרמים,0.00,"ק""ג",true,0,38.90,38.90,true,1,
7290000000824,true,קשוא ירוק )זוקיני(,קטיף.,IL,קישוא ירוק,קילוגרמים,0.00,"ק""ג",true,0,9.90,9.90,true,1,
7290000000848,true,תירס קלוף ארוז,קטיף.,IL,תירס קלוף ארוז,קילוגרמים,0.00,"ק""ג",true,0,10.90,10.90,true,1,
7290000000855,true,פלפל צהוב,קטיף.,IL,פלפל צהוב,קילוגרמים,0.00,"ק""ג",true,0,9.90,9.90,true,1,
7290000001036,true,בצל יבש אדום,קטיף.,XX,בצל יבש אדום,קילוגרמים,0.00,"ק""ג",true,0,4.90,4.90,true,1,
7290000001050,true,בזיליקום יחידה,קטיף,IL,בזילקום-יח',יחידה,1.00,יחידה,false,0,6.00,6.00,true,1,
7290000001692,true,תפוח אדמה אדום ארוז,קטיף.,IL,תפוח אדמה אדום ארוז,קילוגרמים,0.00,"ק""ג",true,0,5.50,5.50,true,1,
7290000001715,true,תפוח אדמה לבן ארוז,קטיף.,IL,תפוא לבן ארוז,קילוגרמים,0.00,"ק""ג",true,0,4.00,4.00,true,1,
7290000001722,true,תפוח אדמה אדום תפזורת,קטיף.,IL,"תפו""א אדום תפז'",קילוגרמים,0.00,"ק""ג",true,0,5.90,5.90,true,1,
7290000002026,true,לחם אחיד 750 גרם,מאפית ברמן,IL,לחם אחיד 750 גרם,גרמים,750.00,100 גרם,false,0,5.07,0.68,true,1,
7290000002040,true,חלה רגילה 500 גרם,מאפית ברמן,IL,חלה רגילה,גרמים,500.00,100 גרם,false,0,4.94,0.99,true,1,
7290000002071,true,חלה קלועה רגילה 500 גרם,מאפית ברמן,IL,חלה קלועה רגילה,גרמים,500.00,100 גרם,false,0,4.94,0.99,true,1,
7290000020327,false,זית יווני/שחור משקל,שופרסל,IL,זית יווני/שחור משקל,קילוגרמים,0.00,"ק""ג",true,0,59.00,59.00,true,1,
7290000023007,false,"ברנדי שטוק 84 37 % 750 מ""ל","יקבי ברקן בע""ם",IL,ברנדי שטוק 84,מיליליטרים,750.00,"100 מ""ל",false,0,69.90,9.32,true,1,
7290000023083,false,ערק אשקלון בקבוק 700,"יקבי ברקן בע""\מ",IL,ערק אשקלון,מיליליטרים,700.00,"100 מ""ל",false,0,54.90,7.84,true,1,
7290000023809,false,"יין קלאסיק קברנה סוביניון ברקן 750 מ""ל",יקבי ברקן שיווק והפצה בע,IL,קברנה קלאסיק,מיליליטרים,750.00,"100 מ""ל",false,0,27.90,3.72,true,1,
7290000024202,false,"יין רזרב קברנה סוביניון ברקן 750 מ""ל",ברקן שיווק והפצה בעמ,IL,ברקן רזרב,מיליליטרים,750.00,"100 מ""ל",false,0,37.90,5.05,true,1,
7290000024264,false,"יין רזרב מרלו ברקן 750 מ""ל","כרמי צבי - אחים סגל בע""\",IL,מרלו רזרב,מיליליטרים,750.00,"100 מ""ל",false,0,37.90,5.05,true,1,
7290000024523,false,"תירוש של סגל ,מיץ ענבים , 1 ליטר",כרמי צבי - האחים סגל,IL,תירוש של סגל,ליטרים,1.00,ליטר,false,0,14.80,14.80,true,1,
7290000040042,false,יופלה יוגורט תות %3 גביע 150 גרם,תנובה חלב,IL,יופלה תות 3%,גרמים,150.00,100 גרם,false,0,5.20,3.47,true,1,
7290000040066,false,יופלה יוגורט דובדבן %3 גביע 150 גרם,תנובה מרכז שיתופי לש,IL,יופלה דובדבן3%,גרמים,150.00,100 גרם,false,0,5.20,3.47,true,1,
7290000040080,false,יופלה יוגורט אפרסק %3 גביע 150 גרם,תנובה חלב,IL,יופלה אפרסק3%,גרמים,150.00,100 גרם,false,0,5.20,3.47,true,1,
7290000040301,false,תנובה עין גדי קממבר מחלב בקר 24% שומן,תנובה מרכז שיתופי לש,IL,עין גדי קממבר,גרמים,125.00,100 גרם,false,0,15.90,12.72,true,1,
7290000040318,false,גבינת ברי 24% קולאז עדי תנובה 125 ג',תנובה מרכז שיתופי לש,IL,גבינת עדי ברי24%,גרמים,125.00,100 גרם,false,0,15.80,12.64,true,1,
7290000040974,false,חלב דל לקטוז 2% תנובה קרטון 1 ליטר,תנובה מרכז שיתופי לש,IL,חלב טרי דל לקטוז,ליטרים,1.00,ליטר,false,0,7.10,7.10,true,1,
7290000041858,false,"שמנת חמוצה 15% מועשרת יטבתה 200 מ""ל",שטראוס גרופ,IL,שמנת חמוצה יטבתה,מיליליטרים,200.00,"100 מ""ל",false,0,2.40,1.20,true,1,
7290000041872,false,"לבן 3% יטבתה 200מ""ל מהדרין",שטראוס גרופ,IL,לבן יטבתה 3%,מיליליטרים,200.00,"100 מ""ל",false,0,2.00,1.00,true,1,
7290000042008,false,חלב תנובה טרי 3% שקית 1 ל',"תנובה, מחלבת רחובות",IL,חלב 3% בשקית,ליטרים,1.00,ליטר,false,0,5.00,5.00,true,1,
7290000042022,false,חלב על הבוקר1%קרט+.פקק1ל,תנובה מרכז שיתופי לש,IL,חלב על הבוקר 1%,ליטרים,1.00,ליטר,false,0,8.20,8.20,true,1,
7290000042176,false,חלב שתיה1% שומן-כדית 2ל,תנובה,IL,חלב מיכל 1% שומן,ליטרים,2.00,ליטר,false,0,10.80,5.40,true,1,
7290000042244,false,חלב 3% תנובה כד 2 ליטר,"תנובה, מחלבת רחובות",IL,חלב 3% כד 2 ליטר,ליטרים,2.00,ליטר,false,0,11.50,5.75,true,1,
7290000042435,false,חלב דל שומן בקרטון+פקק תנובה 1 ליטר,תנובה מרכז שיתופי לש,IL,חלב %1 בקרטון,ליטרים,1.00,ליטר,false,0,5.40,5.40,true,1,
7290000042442,false,"חלב תנובה טרי 3% ""תנובה"" - מוצר בפיקוח",תנובה חלב,IL,חלב תנובה 3%,ליטרים,1.00,ליטר,false,0,5.75,5.75,true,1,
7290000042466,false,חלב מועשר 1% בקרטון 1 ל',פארייפאבה אגרואינדוס,IL,חלב מועשר בקרטון,ליטרים,1.00,ליטר,false,0,8.20,8.20,true,1,
7290000042503,false,"חלב עמיד קרטון 3% 1 ליטר בד""צ תנובה",תנובה מרכז שיתופי לש,IL,חלב עמיד הומוגני 3% 1 ל',ליטרים,1.00,ליטר,false,0,6.60,6.60,true,1,
7290000042855,false,"שוקו בשקית 250 מ""ל ""יטבתה""",שטראוס גרופ,IL,שוקו בשקית,מיליליטרים,225.00,"100 מ""ל",false,0,2.60,1.16,true,1,
7290000043111,false,תנובה חמאה 200 גרם - מוצר בפיקוח,תנובה מרכז שיתופי לש,IL,חמאה תנובה,גרמים,200.00,100 גרם,false,0,7.60,3.80,true,1,
7290000043159,false,חמאה מלוחה 200 גרם,תנובה,IL,חמאה מלוחה תנובה,גרמים,200.00,100 גרם,false,0,9.40,4.70,true,1,
7290000043814,false,השף הלבן שמנת להקצפה 38% שומן 250 מל - מוצר בפיקוח,תנובה מרכז שיתופי לש,IL,שמנת עמידה לקצפת,מיליליטרים,250.00,"100 מ""ל",false,0,5.95,2.38,true,1,
7290000043890,false,תנובה רויון לבן מחלב מפסוטר 1.5%,תנובה מרכז שיתופי לש,IL,רויון בקרטון1.5%,ליטרים,1.00,ליטר,false,0,10.90,10.90,true,1,
7290000043944,false,כד יוגורט תנובה 4% שומן 1.5 ליטר,מיוצר עי קונדיטוריית,IL,יוגורט בכד 4%,ליטרים,1.50,ליטר,false,0,16.00,10.67,true,1,
7290000044088,false,שלי קלאסיק 3%שומן 200 ג,תנובה,IL,שלי קלאסיק 3%לבן,גרמים,200.00,100 גרם,false,0,3.00,1.50,true,1,
7290000044248,false,"רויון קרטון 1.5% שומן 500 מ""ל תנובה",תנובה חלב,IL,רויון בקרטון,מיליליטרים,500.00,"100 מ""ל",false,0,6.20,1.24,true,1,
7290000044712,false,יוגורט עם תות 1.5% שומן 500 ג' פרילי,מיוצר עי קונדיטוריית,IL,פרילי תות-שדה,גרמים,500.00,100 גרם,false,0,10.50,2.10,true,1,
7290000045580,false,גבינה מותכת נעמה חורש תנובה 240 גרם,תנובה מרכז שיתופי לש,IL,גבינת נעמה מותכת,גרמים,240.00,100 גרם,false,0,17.30,7.21,true,1,
7290000045917,false,תנובה פרומעז גבינה מותכת מחלב עיזים 23% שומן,תנובה חלב,IL,גבינת פרומעז,גרמים,200.00,100 גרם,false,0,20.90,10.45,true,1,
7290000046020,false,גלבוע גבינה שמנה במש,תנובה מרכז שיתופי לש,IL,גב.גלבוע 22% במשקל,קילוגרמים,0.00,"ק""ג",true,0,39.25,39.25,true,1,
7290000046327,false,גלבוע גבינה צהובה פרוסה 22% תנובה 200 גרם,תנובה מרכז שיתופי לש,IL,גבינת גלבוע פרוס,גרמים,200.00,100 גרם,false,0,12.50,6.25,true,1,
7290000046501,false,"גב.טל העמק32% 1 ק""ג משקל",קריות זול,IL,גבינת טל העמק,גרמים,0.00,"ק""ג",true,0,57.00,57.00,true,1,
7290000046662,false,גב.קשה סקנדינבית31%משקל,תנובה מרכז שיתופי לש,IL,גב.קשה סקנדינבית31%משקל,קילוגרמים,0.00,"ק""ג",true,0,74.00,74.00,true,1,
7290000047027,false,גב.קולאז' גלעד 27% במשקל,תנובה מרכז שיתופי לש,IL,גבינת גלעד,קילוגרמים,0.00,"ק""ג",true,0,94.00,94.00,true,1,
7290000047034,false,גבינת רוקפור 26%כבש משקל,תנובה מרכז שיתופי לש,IL,גב.קולאז' רוקפור25%במשקל,קילוגרמים,0.00,"ק""ג",true,0,89.00,89.00,true,1,
7290000047546,false,השף הלבן כנען גבינה לבנה דלת נתרן 5% תנובה 500 גרם,תנובה מרכז שיתופי לש,IL,גבינת כנען 5%,גרמים,500.00,100 גרם,false,0,23.50,4.70,true,1,
7290000048185,false,גבינה לבנה 5% תנובה 250 גרם מהדרין,מיוצר עי קונדיטוריית,IL,גבינה לבנה 5%,גרמים,250.00,100 גרם,false,0,4.60,1.84,true,1,
7290000048192,false,גבינה לבנה 9% תנובה 250 גרם מהדרין,מחלבת אלון תבור,IL,גבינה לבנה 9%,גרמים,250.00,100 גרם,false,0,4.60,1.84,true,1,
7290000048307,false,גבינת קוטג' עם זיתים 5% תנובה 250 גרם,מיוצר עי קונדיטוריית,IL,קוטג' עם זיתים5%,גרמים,250.00,100 גרם,false,0,5.80,2.32,true,1,
7290000048413,false,פיראוס חמד גבינה מלוחה 16% שומן,תנובה מרכז שיתופי לש,IL,גבינה מלוחה 16%,גרמים,250.00,100 גרם,false,0,18.20,7.28,true,1,
7290000048437,false,פיראוס צפתית 5% שומן 200 גרם,פארייפאבה אגרואינדוס,IL,גבינה צפתית 5%,גרמים,200.00,100 גרם,false,0,15.90,7.95,true,1,
7290000049458,false,גבינת פטה עיזים 16% גביע פיראוס 250 ג',תנובה מרכז שיתופי לש,IL,פטה עיזים פיראוס,גרמים,250.00,100 גרם,false,0,28.10,11.24,true,1,
7290000050072,false,"יופלה 360 תות 100*6 מ""ל",תנובה,IL,יופלה 360 תות,מיליליטרים,600.00,"100 מ""ל",false,0,12.70,2.12,true,1,
7290000050270,false,פיראוס צפתית עיזים5% 200,תנובה,IL,פיראוס צפתית 5%,גרמים,200.00,100 גרם,false,0,19.00,9.50,true,1,
7290000050300,false,גבינה לבנה 5%,,IL,גבינה לבנה 5%,גרמים,125.00,100 גרם,false,0,2.40,1.92,true,1,
7290000050447,false,"יוגורט ביו בטעם תות YYY יופלה 500 מ""ל",מיוצר עי קונדיטוריית,IL,יופלה תות,גרמים,500.00,100 גרם,false,0,10.90,2.18,true,1,
7290000050454,false,יוגורט יופלה אפרסק 3% שומן 500 גרם,מיוצר עי קונדיטוריית,IL,יופלה אפרסק,גרמים,500.00,100 גרם,false,0,10.90,2.18,true,1,
7290000051024,false,יופלה שטוזים תות 100*4גר,תנובה,IL,יופלה שטוזים 4יח,גרמים,400.00,100 גרם,false,0,10.50,2.63,true,1,
7290000051307,false,"מארז הפסקת אוכל עם דגני עוגי ומשקה חלב עמיד בטעם וניל 150 מ""ל",תנובה מרכז שיתופי לש,IL,מארז הפסקת אוכל,יחידה,1.00,יחידה,false,0,9.20,9.20,true,1,
7290000051352,false,חלב מלא בטעם של פעם 3.4% תנובה קרטון 1 ל',תנובה מרכז שיתופי לש,IL,חלב של פעם מלא,ליטרים,1.00,ליטר,false,0,7.40,7.40,true,1,
7290000051376,false,יוגורט יופלה דיאט אננס 0% שומן 150 גרם,תנובה מרכז שיתופי לש,IL,יופלה דיאט אננס,גרמים,150.00,100 גרם,false,0,5.20,3.47,true,1,
7290000051772,false,מעדן דיאט שוק.קוקוס 150ג,תנובה,IL,מעדן תנובה דיאט,גרמים,150.00,100 גרם,false,0,3.80,2.53,true,1,
7290000052250,false,יופלהYYYפירות יער3% 500ג,תנובה בעמ,IL,יופלה YYY פ.יער,גרמים,500.00,100 גרם,false,0,10.90,2.18,true,1,
7290000052304,false,"משקה מוקה בקבוק 340 מ""ל",תנובה,IL,משקה מוקה בקבוק,מיליליטרים,340.00,"100 מ""ל",false,0,6.80,2.00,true,1,
7290000052311,false,גבינה צהובה עמק לייט 15% שומן 200 גרם,תנובה מרכז שיתופי לש,IL,עמק 15% פרוס,גרמים,200.00,100 גרם,false,0,15.80,7.90,true,1,
7290000052649,false,גבינת לאבנה 5% שומן 500 ג' פיראוס,תנובה מרכז שיתופי לש,IL,פיראוס לבנה 5%,גרמים,500.00,100 גרם,false,0,20.30,4.06,true,1,
7290000052663,false,גבינה לבנה 5% 250*2 גרם,תנובה,IL,גבינה לבנה 2 יח',גרמים,500.00,100 גרם,false,0,7.30,1.46,true,1,
7290000052717,false,גבינת קוטג' שום שמיר 5% תנובה 250 גרם,מיוצר עי קונדיטוריית,IL,קוטג' +שום שמיר,גרמים,250.00,100 גרם,false,0,5.80,2.32,true,1,
7290000053271,false,עמק עיזים 200 גרם,,IL,עמק עיזים,גרמים,200.00,100 גרם,false,0,20.00,10.00,true,1,
7290000054513,false,שטוזים בטעמים 100*8ג,תנובה,IL,יופלה שטוזים 8יח,גרמים,800.00,100 גרם,false,0,15.90,1.99,true,1,
7290000054995,false,יוגורט עיזים פיראוס 500מ,תנובה,IL,יוגורט עיזים,מיליליטרים,500.00,"100 מ""ל",false,0,12.20,2.44,true,1,
7290000055015,false,פיראוס גבינת פטה כבשים 5% תנובה 250 גרם,תנובה מרכז שיתופי לש,IL,פיראוס פטה כבשים,גרמים,250.00,100 גרם,false,0,28.10,11.24,true,1,
7290000055206,false,גבינה לבנה 5% בטעם בצל מטוגן 250 ג' תנובה,מחלבת אלון תבור,IL,גבינה לבנה 5%,גרמים,250.00,100 גרם,false,0,5.40,2.16,true,1,
7290000055329,false,"משקה בוקר יוגורט 1.5% בטעם תות מלון יופלה 250 מ""ל",תנובה מרכז שיתופי לש,IL,משקה יוגורט,גרמים,250.00,100 גרם,false,0,5.90,2.36,true,1,
7290000055343,false,משקה יוגורט יופלה פירות טרופיים 250 גרם,תנובה מרכז שיתופי לש,IL,משקה יוגורט,גרמים,250.00,100 גרם,false,0,5.90,2.36,true,1,
7290000055350,false,גבינה צהובה חריץ עמק 28% במשקל,תנובה מרכז שיתופי לש,IL,גבינת עמק 28%,קילוגרמים,0.00,"ק""ג",true,1,41.30,41.30,true,1,
7290000055565,false,שלגונים מצופים 10 כשלפ,תות תעשיות מזון (201,IL,שלגונים מצופים 10 כשלפ,גרמים,600.00,100 גרם,false,0,32.40,5.40,true,1,
7290000056081,false,מארז יוגורט פרילי טבע 6*200 גרם,מיוצר עי קונדיטוריית,IL,מארז פרילי טבע,קילוגרמים,1.20,"ק""ג",false,0,22.70,18.92,true,1,
7290000056272,false,גבינה לבנה 5% עם זיתים ירוקים 250 ג' תנובה,מחלבת אלון תבור,IL,גבינה לבנה 5%,גרמים,250.00,100 גרם,false,0,5.40,2.16,true,1,
7290000056845,false,תנובה חלב טרי 3% שומן 1.5 ליטר - מוצר בפיקוח,פארייפאבה אגרואינדוס,IL,חלב תנובה 3%,ליטרים,1.50,ליטר,false,0,8.62,5.75,true,1,
7290000056906,false,מאגדת לבן טבעי 1.5% שומן 8 יח' * 150 ג' יופלה,מחלבת אלון תבור,IL,יופלה לבן 1.5%,קילוגרמים,1.20,"ק""ג",false,0,17.90,14.92,true,1,
7290000056951,false,"תנובה, השף הלבן, שמנת לבישול 15% שומן 500 מל",תנובה מרכז שיתופי לש,IL,שמנת לבישול 15%,מיליליטרים,500.00,"100 מ""ל",false,0,16.00,3.20,true,1,
7290000056968,false,שמנת מתוקה38%עם פקק 500מ,תנובה,IL,שמנת38%,מיליליטרים,500.00,"100 מ""ל",false,0,11.90,2.38,true,1,
7290000057088,false,עמק גבינה צהובה פרוסה דק דק 28% תנובה 200 גרם,תנובה מרכז שיתופי לש,IL,גבינת עמק דק 28%,גרמים,200.00,100 גרם,false,0,15.80,7.90,true,1,
7290000057118,false,גבינה צהובה עמק 28% שומן ואקום 400 גרם,תנובה מרכז שיתופי לש,IL,גבינת עמק פרוסה,גרמים,400.00,100 גרם,false,0,21.90,5.48,true,1,
7290000057132,false,יוגורט תנובה טבעי 1.5% גביע 200 גרם,מחלבת אלון תבור,IL,יוגורט תנובה1.5%,גרמים,200.00,100 גרם,false,0,3.10,1.55,true,1,
7290000057149,false,יוגורט תנובה טבעי 3% גביע 200 גרם,מיוצר עי קונדיטוריית,IL,יוגורט תנובה 3%,גרמים,200.00,100 גרם,false,0,3.10,1.55,true,1,
7290000057552,false,יופלה דיאט עוגת גבינה ותות 0% גביע 150ג',תנובה חלב,IL,יופלה עוגת גבינה,גרמים,150.00,100 גרם,false,0,5.20,3.47,true,1,
7290000057651,false,גבינת קרם שמנת+5%בצל200ג,תנובה,IL,גבינת קרם שמנת,גרמים,200.00,100 גרם,false,0,9.90,4.95,true,1,
7290000058030,false,"שמיניית יופלה שטוזים משקה יוגורט תות 100 מ""ל",מיוצר עי קונדיטוריית,IL,8שטוזים משקה תות,מיליליטרים,800.00,"100 מ""ל",false,0,20.90,2.61,true,1,
7290000058283,false,גבינת עיזים 5%,,,גבינת עיזים 5%,גרמים,240.00,100 גרם,false,0,15.00,6.25,true,1,
7290000058580,false,קוקילידה בטעם וניל עם עוגיות שוקולד גלידות נסטלה 80 גרם,נגה גלידות (גלידות נ,IL,קוקילידה 1 יח',יחידה,1.00,יחידה,false,0,10.00,10.00,true,1,
7290000060156,false,"אטריות ביצים דקות 200 גרם ""אסם""","אסם תעשיות בע""מ",IL,אטריות ביצים,גרמים,200.00,100 גרם,false,0,8.80,4.40,true,1,
7290000060163,false,אטריות דקות אסם 400 גרם,"אסם תעשיות בע""מ",IL,אטריות דקות,גרמים,400.00,100 גרם,false,0,7.50,1.88,true,1,
7290000060200,false,אוסם - פתיתים אפויים קוסקוס 500 גרם,"אסם תעשיות בע""מ",IL,פתיתים אפויים,גרמים,500.00,100 גרם,false,0,7.80,1.56,true,1,
7290000060217,false,פסטה מקרוני מספר 7 אסם 500 גרם,קריות זול,IT,פסטה מקרוני 7,גרמים,500.00,100 גרם,false,0,6.20,1.24,true,1,
7290000060248,false,פסטה אסם פתיתים תלתלים 500 גר',קריות זול,IT,פסטה תלתלים,גרמים,500.00,100 גרם,false,0,6.20,1.24,true,1,
7290000060316,false,פרפקטו ספגטי מס' 8 אסם 500 גרם,אסם פרפקטו,IT,ספגטי פרפקטו,גרמים,500.00,100 גרם,false,0,8.50,1.70,true,1,
7290000060323,false,פסטה פרפקטו ספגטיני (2) 500 גרם,קריות זול,IT,ספגטיני פרפקטו,גרמים,500.00,100 גרם,false,0,8.50,1.70,true,1,
7290000060330,false,פרפקטו פסטה ספירלה אסם 500 גרם,אסם פרפקטו,IT,ספירלי פרפקטו,גרמים,500.00,100 גרם,false,0,8.50,1.70,true,1,
7290000060415,false,"פסטה פרפקטו לאזניה 500 ג' ""אסם""",אסם פרפקטו,IT,לזניה פרפקטו,גרמים,500.00,100 גרם,false,0,10.00,2.00,true,1,
7290000060491,false,פסטה קיפרי ריגאטי פרפקטו 500 ג' אסם,קריות זול,IT,פסטה קיפרי ריגטי,גרמים,500.00,100 גרם,false,0,8.50,1.70,true,1,
7290000060538,false,פסטה פרפקטו ניוקי 500 ג' אסם,פסטה זארה,IT,פרפקטו צדפים,גרמים,500.00,100 גרם,false,0,8.50,1.70,true,1,
7290000060576,false,פתיתים אפויים כוכבים אסם 500 גרם,"אסם השקעות בע""\מ",IL,פתיתים אפויים,גרמים,500.00,100 גרם,false,0,7.80,1.56,true,1,
7290000060781,false,פסטה מסולסלים אסם 500 גרם,קריות זול,IT,פסטה מסולסלת,גרמים,500.00,100 גרם,false,0,6.20,1.24,true,1,
7290000060811,false,טילון אקסטרים ענק מטבע שוקולד 120 ג',תות תעשיות מזון (201,IL,אקסטרים מטבע ענק 120ג,גרמים,120.00,100 גרם,false,0,10.00,8.33,true,1,
7290000060828,false,פסטה קרניים בינוניות אסם 500 גרם,קריות זול,IT,פסטה קרניים,גרמים,500.00,100 גרם,false,0,6.20,1.24,true,1,
7290000060859,false,פסטה צדפים קטנים אסם 500 גרם,קריות זול,IT,פסטה צדפים,גרמים,500.00,100 גרם,false,0,6.20,1.24,true,1,
7290000060880,false,פסטה ספגטי מספר 8 אסם 500 גרם,קריות זול,IT,ספגטי מס' 8,גרמים,500.00,100 גרם,false,0,6.20,1.24,true,1,
7290000060903,false,אוסם - פתיתים אפויים אורז 500 גרם,"אסם השקעות בע""\מ",IL,פתיתים אפויים,גרמים,500.00,100 גרם,false,0,7.80,1.56,true,1,
7290000060958,false,אטריות בינוניות אסם 400 גרם,"אסם השקעות בע""\מ",IL,אטריות בינוניות,גרמים,400.00,100 גרם,false,0,7.50,1.88,true,1,
7290000060965,false,איטריות מובחר רחבות 400 ג',"אסם השקעות בע""\מ",IL,אטריות רחבות,גרמים,400.00,100 גרם,false,0,7.50,1.88,true,1,
7290000060972,false,איטריות -אוסם דקיקות 400 ג',קריות זול,IT,אטריות דקיקות,גרמים,400.00,100 גרם,false,0,7.50,1.88,true,1,
7290000061764,false,קפה נמס מגורען רד מאג 200 גרם,נסטלה ספרד קפה,ES,נסקפה רד מאג,גרמים,200.00,100 גרם,false,0,24.70,12.35,true,1,
7290000063102,false,קמח עוגה תופח מאליו אסם 350 גרם,"אסם השקעות בע""\מ",IL,קמח תופח מאליו,גרמים,350.00,100 גרם,false,0,5.80,1.66,true,1,
7290000063133,false,אסם שקדי מרק רכיבים טבעיים 24*100גרם,"אסם השקעות בע""מ",IL,שקדי מרק אסם,גרמים,100.00,100 גרם,false,0,6.30,6.30,true,1,
7290000063140,false,שקדי מרק רכיבים טבעיים בשקית 400 ג' אסם,"אסם תעשיות בע""מ",IL,שקדי מרק אסם,גרמים,400.00,100 גרם,false,0,11.80,2.95,true,1,
7290000063157,false,"קמח עוגה תופח מאליו אסם 1 ק""ג","אסם השקעות בע""\מ",IL,קמח תופח מאליו,קילוגרמים,1.00,"ק""ג",false,0,10.30,10.30,true,1,
7290000064758,false,קוסקוס בינוני אמיתי אסם 350 ג',"מיוצר ע""י קוד יצרן K",IL,קוסקוס בינוני,גרמים,350.00,100 גרם,false,0,8.80,2.51,true,1,
7290000064871,false,"אוסם - מנה חמה פירה תפו""א עם בצל 56 גרם","אסם תעשיות בע""מ",IL,מנה חמה פירה,גרמים,56.00,100 גרם,false,0,7.50,13.39,true,1,
7290000065090,false,מיני קרוטונים מתובלים למרק ולסלט אסם 400 גרם,עינת תעשיות מזון אגו,IL,מיני קרוטונים,גרמים,400.00,100 גרם,false,0,26.50,6.63,true,1,
7290000065557,false,אוסם - מנה חמה קוסקוס עם ירקות 84 גרם,"אסם תעשיות מזון בע""מ",IL,מנה חמה קוסקוס,גרמים,84.00,100 גרם,false,0,7.50,8.93,true,1,
7290000065717,false,סירופ ויטמינצ'יק פטל 1ל',בית-השיטה עסיס תעשיות מז,IL,ויטמינצ'יק פטל,ליטרים,1.00,ליטר,false,0,13.80,13.80,true,1,
7290000065748,false,סירופ ויטמינצ'יק אננס 1ל,בית-השיטה עסיס תעשיות מז,IL,ויטמינצ'יק אננס,ליטרים,1.00,ליטר,false,0,13.80,13.80,true,1,
7290000066141,false,ביסלי חטיף בטעם גריל אסם 70 גרם,"אסם השקעות בע""\מ",IL,ביסלי גריל,גרמים,70.00,100 גרם,false,0,4.50,6.43,true,1,
7290000066158,false,ביסלי בצל 67 גרם,מיוצר עי קונדיטוריית,IL,ביסלי בטעם בצל,גרמים,67.00,100 גרם,false,0,4.50,6.72,true,1,
7290000066165,false,ביסלי טעם ברביקיו 70,מיוצר עי קונדיטוריית,IL,ביסלי ברביקיו,גרמים,67.00,100 גרם,false,0,4.50,6.72,true,1,
7290000066172,false,ביסלי חטיף בטעם פיצה אסם 70 גרם,"אסם השקעות בע""\מ",IL,ביסלי פיצה,גרמים,70.00,100 גרם,false,0,4.50,6.43,true,1,
7290000066202,false,ביסלי ג.ט.בצל 190 גר,מיוצר עי קונדיטוריית,IL,ביסלי בטעם בצל,גרמים,190.00,100 גרם,false,0,7.50,3.95,true,1,
7290000066226,false,ביסלי חטיף בטעם פיצה אסם 200 גרם,מיוצר עי קונדיטוריית,IL,ביסלי בטעם פיצה,גרמים,200.00,100 גרם,false,0,7.50,3.75,true,1,
7290000066264,false,דובונים חטיף תפוחי אדמה אסם 40 גרם,"אסם השקעות בע""\מ",IL,חטיפי דובונים,גרמים,40.00,100 גרם,false,0,4.90,12.25,true,1,
7290000066295,false,במבה מתוקה מחומרים טבעיים 30 גרם,מיוצר עי קונדיטוריית,IL,במבה מתוקה,גרמים,30.00,100 גרם,false,0,2.90,9.67,true,1,
7290000066318,false,במבה חטיף בוטנים אסם 80 גרם,"אסם השקעות בע""\מ",IL,במבה,גרמים,80.00,100 גרם,false,0,4.90,6.13,true,1,
7290000066332,false,אפרופו חטיף תירס אסם 50 גרם,מיוצר עי קונדיטוריית,IL,חטיף אפרופו,גרמים,50.00,100 גרם,false,0,5.80,11.60,true,1,
7290000066349,false,אפרופו חטיף תירס אסם 100 גרם,מיוצר עי קונדיטוריית,IL,אפרופו חטיף תירס,גרמים,100.00,100 גרם,false,0,9.30,9.30,true,1,
7290000066431,false,פופקו חטיף פופקורן בטעם חמאה ודבש אסם 80 גרם,מיוצר עי קונדיטוריית,IL,חטיף פופקו,גרמים,80.00,100 גרם,false,0,5.50,6.88,true,1,
7290000066943,false,סירופ ויטמינצ'יק ענבים1ל,בית-השיטה עסיס תעשיות מז,IL,ויטמינצ'יק ענבים,ליטרים,1.00,ליטר,false,0,13.80,13.80,true,1,
7290000067070,false,עוג.מיני ממולא.שוקולד300,מיוצר עי קונדיטוריית,IL,עוגיות ממולאות,גרמים,300.00,100 גרם,false,0,12.90,4.30,true,1,
7290000067544,false,אסם פירורית פירורי לחם זהב 200 גרם,עינת תעשיות מזון אגו,IL,פירורית זהב,גרמים,200.00,100 גרם,false,0,6.90,3.45,true,1,
7290000067551,false,"ביסלי בצל כשל""פ 70 גרם",מיוצר עי קונדיטוריית,IL,ביסלי בצל,גרמים,70.00,100 גרם,false,0,4.50,6.43,true,1,
7290000067568,false,ביסלי ברביקיו 70 גרם כשלפ,מיוצר עי קונדיטוריית,IL,ביסלי ברביקיו,גרמים,70.00,100 גרם,false,0,4.50,6.43,true,1,
7290000067599,false,מנה חמה ספגטי ברוטב בולונז אסם 65 גרם,"אסם השקעות בע""\מ",IL,מנה חמה בולונז,גרמים,65.00,100 גרם,false,0,7.50,11.54,true,1,
7290000067742,false,אסם אינסטנט פודינג וניל 80 גרם כשר לפסח,מיוצר עי קונדיטוריית,IL,פודינג וניל,גרמים,80.00,100 גרם,false,0,5.70,7.13,true,1,
7290000067780,false,"אינסט.פודינג שוקו.כל""פ95",אסם,IL,פודינג שוקולד,גרמים,95.00,100 גרם,false,0,5.70,6.00,true,1,
7290000068169,false,אינסטנט פודינג שוקולד95ג,"אסם השקעות בע""מ",IL,אינסטנט פודינג,גרמים,95.00,100 גרם,false,0,5.70,6.00,true,1,
7290000068190,false,אסם ג'לי תות שדה צבעים טבעיים 90 גרם,מיוצר עי קונדיטוריית,IL,ג'לי בטעם תות,גרמים,90.00,100 גרם,false,0,7.50,8.33,true,1,
7290000068282,false,"מנה חמה תפו""א עם ירקות בגביע כלפ","אסם השקעות בע""\מ",IL,מנה חמה פירה,גרמים,47.00,100 גרם,false,0,7.50,15.96,true,1,
7290000068299,false,"מנה חמה תפו""א עם פטריות בגביע כלפ","אסם השקעות בע""\מ",IL,מנה חמה פירה,גרמים,47.00,100 גרם,false,0,8.00,17.02,true,1,
7290000068343,false,אסם פריכונים פרוסות קלויות מלא,"פרח תעשיות מזון בע""מ.",IL,פריכונים מאורז,גרמים,140.00,100 גרם,false,0,8.20,5.86,true,1,
7290000068770,false,במבה יום הולדת חטיף בוטנים אסם 80 גרם,"אסם השקעות בע""\מ",IL,במבה יום הולדת,גרמים,80.00,100 גרם,false,0,4.90,6.13,true,1,
7290000068787,false,במבה יום הולדת חטיף בוטנים אסם 25 גרם,מיוצר עי קונדיטוריית,IL,במבה יום הולדת,גרמים,25.00,100 גרם,false,0,2.50,10.00,true,1,
7290000068893,false,במבה נוגט 60*4 גרם,"אסם השקעות בע""\מ",IL,במבה נוגט 4 יח',גרמים,240.00,100 גרם,false,0,18.30,7.63,true,1,
7290000069258,false,פסטה פרפקטו פנה ריגאטה 500 ג' אסם,קריות זול,IT,פנה ריגאטה,גרמים,500.00,100 גרם,false,0,8.50,1.70,true,1,
7290000070308,false,אבקת מרק עוף אמיתי בשרי אסם 400 גרם,"אסם השקעות בע""\מ",IL,מרק עוף אמיתי,גרמים,400.00,100 גרם,false,0,21.70,5.43,true,1,
7290000070322,false,אבקת מרק פטריות רכיבים טבעיים אסם 400 גרם,"אסם השקעות בע""\מ",IL,מרק פטריות אסם,גרמים,400.00,100 גרם,false,0,19.90,4.98,true,1,
7290000070384,false,"אבקת מרק עדיף אסם 400 גר' כשל""פ","אסם השקעות בע""\מ",IL,מרק בטעם עוף,גרמים,400.00,100 גרם,false,0,15.90,3.98,true,1,
7290000071008,false,אוסם - בייגלה שטוחים מלח 60 גרם,"אסם השקעות בע""\מ",IL,בייגלה שטוחים,גרמים,60.00,100 גרם,false,0,3.50,5.83,true,1,
7290000071596,false,תערוב.תיבול עוף צ'ילי78ג,אסם,IL,תערובת צ'ילי,גרמים,78.00,100 גרם,false,0,6.80,8.72,true,1,
7290000072203,false,רוטב אלף האיים אסם 290מל,אסם,IL,רוטב אלף האיים,מיליליטרים,290.00,"100 מ""ל",false,0,11.50,3.97,true,1,
7290000072227,false,רוטב סויה סגנון סיני,"אסם השקעות בע""\מ",IL,רוטב סויה,מיליליטרים,290.00,"100 מ""ל",false,0,11.60,4.00,true,1,
7290000072241,false,"רוטב פיצה 290 מ""ל-בקבוק","אסם השקעות בע""\מ",IL,רוטב לפיצה אסם,מיליליטרים,290.00,"100 מ""ל",false,0,11.60,4.00,true,1,
7290000072548,false,מאגדת לייט וניל עוגי180ג,נסטלה,IL,מאגדת לייט וניל,גרמים,180.00,100 גרם,false,0,26.90,14.94,true,1,
7290000072753,false,קפה נמס מגורען טסטרס צ'ויס 200 גרם-,נסטלה קוריאה - קפה,KR,נסקפה טסטרס צויס,גרמים,200.00,100 גרם,false,0,29.90,14.95,true,1,
7290000072760,false,נסקפה טייסטרס צויס 100 גר אוריגנל,נסטלה קוריאה - קפה,KR,קפה טסטרס צ'ויס,גרמים,100.00,100 גרם,false,0,28.70,28.70,true,1,
7290000072777,false,קפה נמס מגורען נטול קפאין טסטרס צ'ויס 200 גרם,נסטלה קוריאה - קפה,KR,קפה טסטרס צויס,גרמים,200.00,100 גרם,false,0,39.60,19.80,true,1,
7290000072791,false,נסקפה גולד בלנד 200 גר,נסטלה,CH,נסקפה גולד בלנד,גרמים,200.00,100 גרם,false,0,53.10,26.55,true,1,
7290000072814,false,נסקפה גולד אספרסו 200ג,נסטלה,FR,נסקפה גולד,גרמים,200.00,100 גרם,false,0,53.10,26.55,true,1,
7290000072890,false,רוטב אלף האיים 2% 290מ,אסם,IL,רוטב אלף האיים,מיליליטרים,290.00,"100 מ""ל",false,0,11.50,3.97,true,1,
7290000072968,false,דגני בוקר סיני מיניס חיטה מלאה וקינמון נסטלה 500 גרם,נסטלה פולין דגני בוק,PL,דגני נסטלה,גרמים,500.00,100 גרם,false,0,27.70,5.54,true,1,
7290000073125,false,מנה חמה פסטה ברוטב עגבניות אסם 62 גרם,"אסם השקעות בע""\מ",IL,מנה חמה פסטה,גרמים,62.00,100 גרם,false,0,7.50,12.10,true,1,
7290000073699,false,סלט חומוס צבר 150 גרם,סלטי צבר,IL,סלט חומוס צבר,גרמים,150.00,100 גרם,false,0,5.80,3.87,true,1,
7290000073774,false,מנה חמה נודלס אטר+ירקות טעם צילי 70 גרם,טאי רזידנט,TH,מנה חמה נודלס,גרמים,70.00,100 גרם,false,0,7.80,11.14,true,1,
7290000073972,false,סלט טחינה צבר 150 גרם,צבר,IL,סלט טחינה צבר,גרמים,150.00,100 גרם,false,0,7.00,4.67,true,1,
7290000074153,false,ביסקוויט פתי בר שוקולד אסם 500 גרם,מיוצר עי קונדיטוריית,IL,פתי בר שוקו,גרמים,500.00,100 גרם,false,0,15.00,3.00,true,1,
7290000074184,false,ביסקוויט פתי בר אסם 500 גרם,"אסם השקעות בע""\מ",IL,ביסקוויט פתי בר,גרמים,500.00,100 גרם,false,0,12.00,2.40,true,1,
7290000074245,false,אוסם - קרם קרקר אסם 250 גרם,"אסם השקעות בע""\מ",IL,קרם קרקר אסם,גרמים,250.00,100 גרם,false,0,10.40,4.16,true,1,
7290000074252,false,קרקר שומשון אסם 250 גרם,"אסם השקעות בע""\מ",IL,קרקר שומשום אסם,גרמים,250.00,100 גרם,false,0,10.60,4.24,true,1,
7290000074290,false,לחמית סובין חיטה אסם 230ג',"אסם השקעות בע""מ",IL,לחמית אסם,גרמים,230.00,100 גרם,false,0,9.90,4.30,true,1,
7290000074962,false,עוג.מיני שוקוצ'יפס 225גר,כרמית,IL,עוגיות שוקוצ'יפס,גרמים,225.00,100 גרם,false,0,11.60,5.16,true,1,
7290000075204,false,אוסם - לחמית חיטה מלאה 250 גרם,"אסם השקעות בע""\מ",IL,לחמית חיטה מלאה,גרמים,250.00,100 גרם,false,0,9.90,3.96,true,1,
7290000075372,false,פיטנס שקדים ודבש 355*2גר,נסטלה,FR,פיטנס זוג,גרמים,710.00,100 גרם,false,0,37.60,5.30,true,1,
7290000076126,false,אוסם - בייגלה שמיניות קטנות 80 גרם,"אסם השקעות בע""\מ",IL,בייגלה שמיניות,גרמים,80.00,100 גרם,false,0,3.50,4.38,true,1,
7290000076133,false,בייגלה שמיניות קטנות עם מלח אסם 400 גרם,"אסם השקעות בע""\מ",IL,בייגלה שמיניות,גרמים,400.00,100 גרם,false,0,11.10,2.78,true,1,
7290000076645,false,טוסטעים פת קלויה חיטה מלאה אסם 100 גרם,ון דר מולן האלום,NL,טוסטעיםחיטה מלאה,גרמים,100.00,100 גרם,false,0,11.40,11.40,true,1,
7290000076775,false,מאגדת לייט יוגורט חמוציו,נסטלה,IL,מאגדת לייט יוגור,גרמים,258.00,100 גרם,false,0,26.90,10.43,true,1,
7290000077017,false,עוגיות קרמוגית במילוי קרם שוקולד אסם 200 גרם,מיוצר עי קונדיטוריית,IL,קרמוגית שוקולד,גרמים,200.00,100 גרם,false,0,12.70,6.35,true,1,
7290000078762,false,אוסם - חטיפי פריכונים מאורז מלא בטעם דבש 80גר,סנורייס בלגיום אן. ו,GB,חטיפי פריכונים,גרמים,80.00,100 גרם,false,0,8.20,10.25,true,1,
7290000079233,false,קרם קרקר דיאטטי דל נתרן 250 גרם,"אסם תעשיות בע""מ",IL,קרם קרקר דיאט,גרמים,250.00,100 גרם,false,0,11.60,4.64,true,1,
7290000079875,false,"גל.גויה מייפל פקאן כשל""פ",נסטלה,IL,גלידה גויה,מיליליטרים,500.00,"100 מ""ל",false,0,21.90,4.38,true,1,
7290000080505,false,סלט טורקי רפי כהן 400 גר,צבר,IL,סלט טורקי,גרמים,400.00,100 גרם,false,0,12.90,3.23,true,1,
7290000080536,false,חציל טעם כבד רפי כהן400ג,צבר,IL,חציל טעם כבד תבר,גרמים,400.00,100 גרם,false,0,12.90,3.23,true,1,
7290000080765,false,טוסטעים פת קלויה עם שומשום אסם 100 גרם,ון דר מולן האלום,NL,טוסטעים +שומשו,גרמים,100.00,100 גרם,false,0,11.40,11.40,true,1,
7290000080932,false,"גל.גויה שוקולד אגוז כל""פ",נסטלה,IL,גלידה גויה,מיליליטרים,500.00,"100 מ""ל",false,0,21.90,4.38,true,1,
7290000081168,false,חטיף צ'יפסי מלוח 50 גרם,אסם,IL,חטיף צ'יפסי,גרמים,50.00,100 גרם,false,0,3.50,7.00,true,1,
7290000081311,false,גל.גויה שמנת ט.וניל 500מ,נסטלה,IL,גל.גויה שמנת ט.וניל 500מ,מיליליטרים,500.00,"100 מ""ל",false,0,21.90,4.38,true,1,
7290000081663,false,"בייגלה טבעות שומשום אסם 300 גרם בד""ץ",מיוצר עי קונדיטוריית,IL,בייגלה טבעות,גרמים,300.00,100 גרם,false,0,11.10,3.70,true,1,
7290000090030,true,מאפה נפולאון מחיר לפי מש,גידרון,IL,מאפה נפוליאון,קילוגרמים,0.00,"ק""ג",true,0,45.00,45.00,true,1,
7290000090603,true,פוקצה עם ירקות קפוא,גידרון,IL,פוקצה עם ירקות,יחידה,1.00,יחידה,false,0,8.80,8.80,true,1,
7290000090832,true,בייגל אמריקאי רגיל,גידרון,IL,בייגל אמריקאי,יחידה,1.00,יחידה,false,0,4.20,4.20,true,1,
7290000091808,true,בייגל שמינייה,גידרון,IL,בייגל שמינייה,יחידה,1.00,יחידה,false,0,4.20,4.20,true,1,
7290000092218,true,"כיס תפו""ע מחיר לפי משקל",גידרון,IL,"מאפה כיס תפו""ע",קילוגרמים,0.00,"ק""ג",true,0,45.00,45.00,true,1,
7290000092614,true,טורקי פטריות במשקל,גידרון,IL,טורקי פטריות,קילוגרמים,0.00,"ק""ג",true,0,43.00,43.00,true,1,
7290000093031,true,לחם ג'בטה,גידרון,IL,לחם ג'בטה,יחידה,1.00,יחידה,false,0,7.30,7.30,true,1,
7290000093307,true,חטיף קשקבל חלבי במשקל,גידרון,IL,חטיף קשקבל במש,קילוגרמים,0.00,"ק""ג",true,0,43.00,43.00,true,1,
7290000094083,true,לחמניה גידרול,גידרון,IL,לחמניה גידרול,יחידה,1.00,יחידה,false,0,5.00,5.00,true,1,
7290000094199,true,לחם חצי ג'בטה,גידרון,IL,חצי ג'בטה לבן,יחידה,1.00,יחידה,false,0,4.20,4.20,true,1,
7290000096018,true,שנייק קינמון במשקל,גידרון,IL,שנייק קינמון,קילוגרמים,0.00,"ק""ג",true,0,45.00,45.00,true,1,
7290000096032,true,חצי בגט,גידרון,IL,חצי בגט,יחידה,1.00,יחידה,false,0,3.50,3.50,true,1,
7290000096520,true,"בורקס טורקי תפו""א במשקל",גידרון,IL,בורקס טורקי תפ,קילוגרמים,0.00,"ק""ג",true,0,43.00,43.00,true,1,
7290000096919,true,טורקי גבינה במשקל,גידרון,IL,טורקי גבינה,קילוגרמים,0.00,"ק""ג",true,0,43.00,43.00,true,1,
7290000096926,true,שנייק פיצה חלבי במשקל,גידרון,IL,שנייק פיצה,קילוגרמים,0.00,"ק""ג",true,0,43.00,43.00,true,1,
7290000097596,true,לחמנית 1/3 באגט,גידרון,IL,לחמנית בגט,יחידה,1.00,יחידה,false,0,2.70,2.70,true,1,
7290000097633,true,לחמניית קשר,גידרון,IL,לחמניית קשר,יחידה,1.00,יחידה,false,0,3.50,3.50,true,1,
7290000097657,true,לחמניית חלה,גידרון,IL,לחמניית חלה,יחידה,1.00,יחידה,false,0,4.20,4.20,true,1,
7290000098289,true,בייגלה,גידרון,IL,בייגלה,יחידה,1.00,יחידה,false,0,4.20,4.20,true,1,
7290000098296,true,לחמניית אצבע,גידרון,IL,לחמניית אצבע,יחידה,1.00,יחידה,false,0,2.30,2.30,true,1,
7290000099248,true,בורקס גבינה חלבי במשקל,גידרון,IL,בורקס גבינה,קילוגרמים,0.00,"ק""ג",true,0,34.00,34.00,true,1,
7290000099255,true,בורקס תפוח אדמה מחיר לקג,גידרון,IL,"בורקס תפו""א",קילוגרמים,0.00,"ק""ג",true,0,34.00,34.00,true,1,
7290000099385,true,גביניות חלבי במשקל,גידרון,IL,גביניות,קילוגרמים,0.00,"ק""ג",true,0,35.00,35.00,true,1,
7290000099415,true,רוגלך במשקל,גידרון,IL,רוגלך,קילוגרמים,0.00,"ק""ג",true,0,35.00,35.00,true,1,
7290000099439,true,קרואסון קטן במשקל,גידרון,IL,קרואסונים קטני,קילוגרמים,0.00,"ק""ג",true,0,35.00,35.00,true,1,
7290000099477,true,קרואסון ביס שוקולד במשקל,גידרון,IL,קרואסון שוקולד,קילוגרמים,0.00,"ק""ג",true,0,35.00,35.00,true,1,
7290000099491,true,"מאפה תפו""ע קטן לפי משקל",גידרון,IL,מאפה תפוח-עץ,קילוגרמים,0.00,"ק""ג",true,0,45.00,45.00,true,1,
7290000099804,true,קוקיס שוקולד לבן במשקל,גידרון,IL,קוקיס שוקולד,קילוגרמים,0.00,"ק""ג",true,0,55.00,55.00,true,1,
7290000099835,true,קוקיס+שבבי שוקולד חלבי,גידרון,IL,קוקיס שוקולד,קילוגרמים,0.00,"ק""ג",true,0,55.00,55.00,true,1,
7290000099927,true,בורקיטס חלבי במשקל,גידרון,IL,בורקיטס,קילוגרמים,0.00,"ק""ג",true,0,34.00,34.00,true,1,
7290000103365,false,מרק ירקות עשיר סנפרוסט 550 גרם,"איי, בי, אינבוו",IL,מרק ירקות,גרמים,560.00,100 גרם,false,0,18.90,3.38,true,1,
7290000103747,false,לקט להקפצה פסטה פנה 800,סנפרוסט,IL,לקט להקפצה,גרמים,800.00,100 גרם,false,0,26.40,3.30,true,1,
7290000103808,false,לקט להקפצה סיני 800גרם,סנפרוסט,IL,לקט להקפצה סיני 800גרם,גרמים,800.00,100 גרם,false,0,26.40,3.30,true,1,
7290000103860,false,מרק עדשים עשיר בירקות סנפרוסט 570 גרם,"איי, בי, אינבוו",IL,מרק עדשים,גרמים,572.00,100 גרם,false,0,18.90,3.30,true,1,
7290000103877,false,מרק שעועית עשיר בירקות סנפרוסט 640 גרם,"סנפרוסט בע""\מ",IL,מרק שעועית,גרמים,644.00,100 גרם,false,0,18.90,2.93,true,1,
7290000104072,false,עדשים ירוקות מבושלות מוקפאות 800 ג' סנפרוסט,"איי, בי, אינבוו",IL,עדשים ירוקות מבושלות 800,גרמים,800.00,100 גרם,false,0,21.70,2.71,true,1,
7290000104201,false,אפונה עדינה סנפרוסט 600 גרם,"איי, בי, אינבוו",IL,אפונה עדינה קפוא,גרמים,600.00,100 גרם,false,0,19.60,3.27,true,1,
7290000104218,false,סנפרוסט במיה 600 גרם,"איי, בי, אינבוו",IL,במיה מוקפאת,גרמים,600.00,100 גרם,false,0,17.10,2.85,true,1,
7290000104676,false,אפונה קפואה סנפרוסט 800 גרם,"איי, בי, אינבוו",IL,אפונה ירוקה קפוא,גרמים,800.00,100 גרם,false,0,19.90,2.49,true,1,
7290000104690,false,תירס גרעינים 800 גרם סנפרוסט,"איי, בי, אינבוו",IL,גרעיני תירס קפוא,גרמים,800.00,100 גרם,false,0,19.90,2.49,true,1,
7290000104706,false,גזר גמדי סנפרוסט 800 גרם,"סנפרוסט בע""\מ",IL,גזר גמדי מוקפא,גרמים,800.00,100 גרם,false,0,19.40,2.43,true,1,
7290000104737,false,שעועית צהובה חתוכה סנפרוסט 800 גרם,"סנפרוסט בע""\מ",IL,שעועית צהובה,גרמים,800.00,100 גרם,false,0,20.60,2.58,true,1,
7290000104744,false,כרובית סנפרוסט 800 גרם,"סנפרוסט בע""\מ",IL,כרובית מוקפאת,גרמים,800.00,100 גרם,false,0,27.10,3.39,true,1,
7290000104775,false,תרד מדליונים סנפרוסט 800 גרם,"איי, בי, אינבוו",IL,מדליוני תרד קפ,גרמים,800.00,100 גרם,false,0,27.80,3.48,true,1,
7290000104805,false,גרגירי חומוס מבושלים סנפרוסט 800 גרם,"איי, בי, אינבוו",IL,גרגרי חומוס קפוא,גרמים,800.00,100 גרם,false,0,21.70,2.71,true,1,
7290000104836,false,שעועית ירוקה עדינה שלמה סנפרוסט 600 גרם,"סנפרוסט בע""\מ",IL,שעועית שלמה קפוא,גרמים,600.00,100 גרם,false,0,25.90,4.32,true,1,
7290000104911,false,לקט נורמנדי סנפרוסט 800 גרם,"איי, בי, אינבוו",IL,לקט נורמנדי קפוא,גרמים,800.00,100 גרם,false,0,26.70,3.34,true,1,
7290000107165,false,חטיף סויה אדממה סנפרוסט 400 גרם,"איי, בי, אינבוו",IL,חטיף פולי סויה 400 גרם,גרמים,400.00,100 גרם,false,0,16.00,4.00,true,1,
7290000107295,false,תפרחות ברוקולי סנפרוסט 800 גרם,"איי, בי, אינבוו",IL,ברוקולי מוקפא,גרמים,800.00,100 גרם,false,0,27.90,3.49,true,1,
7290000107677,false,שעועית צהובה עדינה שלמה 600 גר סנפרוסט,"סנפרוסט בע""\מ",IL,שעועית צהובה,גרמים,600.00,100 גרם,false,0,25.20,4.20,true,1,
7290000107691,false,פול ירוק 500 גרם,סנפרוסט,IL,פול ירוק 500גרם,גרמים,500.00,100 גרם,false,0,14.80,2.96,true,1,
7290000110059,false,"מרגרינה בלובנד ללת""ס200ג",יוניליוור ישראל מזון בע\,IL,מרגרינה בלו-בנד,גרמים,200.00,100 גרם,false,0,4.70,2.35,true,1,
7290000110073,false,מרגרינה בטעם חמאה 200גר,יוניליוור,IL,מחמאה מרגרינה,גרמים,200.00,100 גרם,false,0,5.00,2.50,true,1,
7290000110851,false,חטיף כיפלי בטעם בצל 70גר,אתר שפע - Food,IL,כיפלי בטעם בצל,גרמים,70.00,100 גרם,false,0,6.10,8.71,true,1,
7290000111360,false,"חרדל אמיתי תלמה 250 גרם בד""צ",יוניליוור ישראל מזו,IL,חרדל אמיתי תלמה,גרמים,250.00,100 גרם,false,0,6.90,2.76,true,1,
7290000112220,false,טחינה גולמית שומשום טהור בארכה 500 גרם,"רושדי תעשיות מזון בע""\מ",IL,טחינה גולמית,גרמים,500.00,100 גרם,false,0,16.90,3.38,true,1,
7290000112497,false,מרק עשיר עוף אטריות קנור 75 גרם - שקיות,יוניליוור ישראל מזון בע\,IL,מרק עוף איטריות,גרמים,68.00,100 גרם,false,0,10.20,15.00,true,1,
7290000112503,false,מרק עשיר ירקות קנור 69 גרם - שקיות,יוניליוור ישראל מזון בע\,IL,מרק ירקות קנור,גרמים,61.00,100 גרם,false,0,10.20,16.72,true,1,
7290000112510,false,מרק עשיר קנור-פטריות ויטליטי 83 ג',אתר חיפה אבקות - Foo,IL,מרק פטריות,גרמים,83.00,100 גרם,false,0,10.20,12.29,true,1,
7290000112619,false,מרק עוף לתיבול והעשרה קנור 400 ג',יוניליוור ישראל מזון בע\,IL,מרק עוף אמיתי,גרמים,400.00,100 גרם,false,0,22.90,5.73,true,1,
7290000112770,false,מרק עשיר אפונה קנור117גר,אתר חיפה אבקות - Foo,IL,מרק אפונה קנור,גרמים,117.00,100 גרם,false,0,10.20,8.72,true,1,
7290000113654,false,נמס בכוס לייט ירקות17*2ג,יוניליוור,IL,נמס בכוס לייט,גרמים,34.00,100 גרם,false,0,7.80,22.94,true,1,
7290000114897,false,קורנפלקס 750 גרם,יוניליוור,IL,קורנפלקס תלמה,גרמים,750.00,100 גרם,false,0,15.90,2.12,true,1,
7290000115788,false,חטיף פרפר נחמד 80 גרם,יוניליוור,IL,חטיף פרפר נחמד,גרמים,80.00,100 גרם,false,0,5.80,7.25,true,1,
7290000116921,false,רוטב צ'ילי מתוק 340 גרם קנור,יוניליוור ישראל מזון בע\,IL,רוטב צ'ילי מתוק,מיליליטרים,300.00,"100 מ""ל",false,0,10.00,3.33,true,1,
7290000116945,false,"רוטב סויה קלאסי קנור בד""צ 350 גרם",יוניליוור ישראל מזון בע\,IL,רוטב סויה קלאסי,מיליליטרים,300.00,"100 מ""ל",false,0,10.00,3.33,true,1,
7290000117386,false,מארז 8 חטיפי דגנים שוגי,יוניליוור ישראל מזון,IL,חטיפי דגנים 8 יח,גרמים,208.00,100 גרם,false,0,19.70,9.47,true,1,
7290000117393,false,חט.דגנים שוקו שוגי 26X8ג,יוניליוור,IL,חטיפי דגנים 8 יח,גרמים,208.00,100 גרם,false,0,19.70,9.47,true,1,
7290000117720,false,נמס בכוס פטריות קנור 21.5 גרם מארז זוגי,יוניליוור ישראל מזון בע\,IL,מרק נמס בכוס,גרמים,43.00,100 גרם,false,0,7.80,18.14,true,1,
7290000117799,false,מרק נמס בכוס ברוקולי42גר,יוניליוור,IL,מרק נמס בכוס,גרמים,42.00,100 גרם,false,0,7.80,18.57,true,1,
7290000120836,false,"מיונז אמיתי 394 גרם ""הלמנס""",קונפקו אינק' די.בי.א,CA,מיונז הלמנס,גרמים,394.00,100 גרם,false,0,10.00,2.54,true,1,
7290000120874,false,ממרח מיונז הלמנס לייט 424 גרם,"יונילוור ארה""ב - HPC",US,מיונז הלמנס,גרמים,424.00,100 גרם,false,0,10.00,2.36,true,1,
7290000121093,false,גבינה מותכת לייט בטעם שוויצרי 7% מון בלאן 120 גר',האי נאם סי או אל.טי.,IL,גבינת מון בלאן,גרמים,120.00,100 גרם,false,0,10.90,9.08,true,1,
7290000121109,false,גבינה מותכת לייט עם זיתים 7% מון בלאן 120 גרם,האי נאם סי או אל.טי.,IL,גבינת מון בלאן,גרמים,120.00,100 גרם,false,0,10.90,9.08,true,1,
7290000121239,false,מיוקל 5% שומן ללא כולסטרול תלמה 500ג',יוניליוור ישראל מזון בע\,IL,מיוקל 5% שומן,גרמים,500.00,100 גרם,false,0,15.60,3.12,true,1,
7290000121369,false,קונפ778. תות שדה לייט300,יוניליוור,IL,קונפיטורה 778,גרמים,300.00,100 גרם,false,0,12.30,4.10,true,1,
7290000121376,false,קונפ778.אוכמניות לייט300,יוניליוור,IL,קונפיטורה 778,גרמים,300.00,100 גרם,false,0,12.30,4.10,true,1,
7290000122175,false,"תמצית וניל אפיכל 50 מ""ל",יוניליוור ישראל מזון,IL,תמצית וניל,מיליליטרים,50.00,"100 מ""ל",false,0,5.10,10.20,true,1,
7290000122243,false,"תמצית רום אפיכל 50 מ""ל",יוניליוור,IL,תמצית רום,מיליליטרים,50.00,"100 מ""ל",false,0,5.10,10.20,true,1,
7290000122687,false,סירופ שוקולד אפיכל 600גר,יוניליוור ישראל מזון,IL,סירופ שוקולד,גרמים,600.00,100 גרם,false,0,13.80,2.30,true,1,
7290000122700,false,סירופ מייפל 600 גרם,יוניליוור ישראל מזון,IL,סירופ מייפל,גרמים,600.00,100 גרם,false,0,13.80,2.30,true,1,
7290000123158,false,מזולה טעם חמאה 250 גרם,"יוניליוור ישראל מזון בע""",IL,מזולה טעם חמאה,גרמים,250.00,100 גרם,false,0,10.90,4.36,true,1,
7290000127224,false,קונפיטורה תות 778 340גרם,יוניליוור,IL,קונפיטורת תות,גרמים,340.00,100 גרם,false,0,13.90,4.09,true,1,
7290000129099,false,תיבוליות עשבי תיבול 72גר,"יוניליוור ישראל מזון בע""",IL,תיבוליות,גרמים,72.00,100 גרם,false,0,8.90,12.36,true,1,
7290000136721,false,ג'אמפ תפוזים 1.5 ליטר,טמפו 7.5%,IL,ג'אמפ תפוזים,ליטרים,1.50,ליטר,false,0,6.80,4.53,true,1,
7290000136738,false,ג'אמפ אשכוליות 1.5 ליטר,טמפו 7.5%,IL,ג'אמפ אשכוליות,ליטרים,1.50,ליטר,false,0,6.80,4.53,true,1,
7290000139104,false,שלווה חיטה תפוחה מתוקה אשבול 230 גרם,"אשב""ל בע""מ",IL,שלווה בשקית,גרמים,230.00,100 גרם,false,0,8.80,3.83,true,1,
7290000143279,false,"הוואי שמפו לשיער נגד קשקשים 700 מ""ל",שוורצקוף& הנקל דיסלד,IL,"הוואי שמפו אדום 700 מ""ל",מיליליטרים,700.00,"100 מ""ל",false,0,9.90,1.41,true,1,
7290000144160,false,"שמן זית כתית מעולה ארומתי עץ הזית 750 מ""ל","מרקאולאו, ספרד.אבסה,",IT,שמן זית מודגש,מיליליטרים,750.00,"100 מ""ל",false,0,36.90,4.92,true,1,
7290000144467,false,שמן חמניות מועשר בנוגדי חמצון 1 ל' עץ הזית,"נארז ע""י : א.ג. גילר",GR,שמן חמניות,ליטרים,1.00,ליטר,false,0,17.20,17.20,true,1,
7290000144474,false,שמן עץ הזית קנולה 1 ליטר בריאות מהטבע,שמן תעשיות בעמ,EE,שמן קנולה מועשר 1 ליטר,ליטרים,1.00,ליטר,false,0,15.90,15.90,true,1,
7290000146645,false,הוואי - סבון מוצק שחור מסתורי 100 גרם רביעייה,טרופיקל דגיל קוסמטיק,IL,סבון הוואי 4 יח,גרמים,400.00,100 גרם,false,0,13.90,3.48,true,1,
7290000146713,false,סבון הוואי לגונה 100*4 ג,טרופיקל דגיל,IL,סבון הוואי 4 יח,גרמים,400.00,100 גרם,false,0,13.90,3.48,true,1,
7290000148298,false,מיץ תפוזים סחוט קלאסי2ל,פריגת,IL,מיץ תפוזים 100%טבעי 2 לי,ליטרים,2.00,ליטר,false,0,20.90,10.45,true,1,
7290000149578,false,סופטקר אל סבון 1 ליטר,נקה,IL,תחליב לחות לרחצה,ליטרים,1.00,ליטר,false,0,20.60,20.60,true,1,
7290000149615,false,רביעיית סבון מוצק קלאסי לתינוק נקה 7 4*100 גרם,גליל כימיקלים בעממשו,IL,סבון נקה 4X 7,גרמים,400.00,100 גרם,false,0,15.00,3.75,true,1,
7290000149905,false,טקסטיל נוזל לכביסה עדינה נקה 1 ליטר,מיוצר עי קונדיטוריית,IL,נוזל כביס טקסטיל,ליטרים,1.00,ליטר,false,0,14.80,14.80,true,1,
7290000151281,false,פסטרמה ברביקיו דל שומן 3,מוצרי עוף טוב (2001) בע\,IL,חזה עוף ברביקיו,גרמים,300.00,100 גרם,false,0,27.90,9.30,true,1,
7290000153469,false,קציצות עוף קלאסיות 100% רכיבים טבעיים,"מוצרי עוף טוב (2001) בע""",IL,קציצות עוף,גרמים,600.00,100 גרם,false,0,32.00,5.33,true,1,
7290000158105,false,שניצל עוף מיני דינוזאור ללא אנטיביוטיקה מ100% ר.טבעי,"מוצרי עוף טוב (2001) בע""",IL,שניצל דינוזאור,גרמים,700.00,100 גרם,false,0,40.00,5.71,true,1,
7290000158211,false,שניצל עוף דק ענק 100,עוף טוב,,שניצל דק ענק,גרמים,700.00,100 גרם,false,0,42.90,6.13,true,1,
7290000158235,false,שניצל עוף דקיק צ'יפס שמח,"מוצרי עוף טוב (2001) בע""",IL,שניצל דק בציפוי,גרמים,700.00,100 גרם,false,0,42.90,6.13,true,1,
7290000158273,false,שניצל אמיתי מעודן 700גרם,עוף טוב,IL,שניצל אמיתי מעוד,גרמים,0.00,100 גרם,false,0,46.50,46.50,true,1,
7290000159034,false,שניצל אמיתי קריספי 700גר,"מוצרי עוף טוב (2001) בע""",IL,שניצל קריספי בית,גרמים,0.00,100 גרם,false,0,49.00,49.00,true,1,
7290000160269,false,דאב תרחיץ פנים רגיש180מל,יוניליוור,IL,דאב תרחיץ פנים,מיליליטרים,180.00,"100 מ""ל",false,0,19.60,10.89,true,1,
7290000160450,false,עוף ולתנור צ'ילי מתוק63ג,יוניליוור,IL,עוף ולתנור,גרמים,63.00,100 גרם,false,0,7.30,11.59,true,1,
7290000160467,false,עוף ולתנור גריל 49 גרם,יוניליוור,IL,עוף ולתנור גריל,גרמים,49.00,100 גרם,false,0,7.30,14.90,true,1,
7290000160771,false,"כריות וניל בד""צ 750 גרם",יוניליוור ישראל מזון בע\,IL,כריות וניל,גרמים,750.00,100 גרם,false,0,19.90,2.65,true,1,
7290000161358,false,תלמה מיונז אמיתי משמן קנולה 500 גרם,יוניליוור ישראל מזון בע\,IL,מיונז אמיתי תלמה,גרמים,500.00,100 גרם,false,0,14.90,2.98,true,1,
7290000162386,false,רוטב שום לסלט הלמנס,"יוניליוור ישראל מזון בע""",IL,רוטב שום לסלט,גרמים,300.00,100 גרם,false,0,10.00,3.33,true,1,
7290000162515,false,"קורנפלקס וניל בד""צ500גרם",יוניליוור,,קורנפלקס וניל,גרמים,500.00,100 גרם,false,0,20.80,4.16,true,1,
7290000162805,false,בדין אקסטרה סגול חדש 960,יוניליוור,TR,מרכך בדין960מ,מיליליטרים,960.00,"100 מ""ל",false,0,15.90,1.66,true,1,
7290000162812,false,מיקספלקס פלוס טרופי400גר,דליסר,,מיקספלקס פלוס,גרמים,400.00,100 גרם,false,0,27.70,6.93,true,1,
7290000162829,false,מיקספלקס פלוס אגוזים400ג,דליסר,,מיקספלקס פלוס,גרמים,400.00,100 גרם,false,0,27.70,6.93,true,1,
7290000163024,false,רוטב חרדל דבש לייט305גרם,יוניליוור,IL,רוטב חרדל דבש,גרמים,305.00,100 גרם,false,0,10.00,3.28,true,1,
7290000164632,false,בדין אקסטרה בייבי 960 מל,יוניליוור,TR,בדין אקסטרה,מיליליטרים,960.00,"100 מ""ל",false,0,27.90,2.91,true,1,
7290000164793,false,מרכך דאב לשמני הזנה400מ,יוניליוור,TR,מרכך דאב,מיליליטרים,400.00,"100 מ""ל",false,0,19.30,4.83,true,1,
7290000164823,false,"דאו.רקסונה סטיק 50 מ""ל",יוניליוור,MX,דאודורנט רקסונה,מיליליטרים,50.00,"100 מ""ל",false,0,22.90,45.80,true,1,
7290000165493,false,תחליב רח.פינוק אלוורה700,יוניליוור,IL,תחליב רחצה פינוק,מיליליטרים,700.00,"100 מ""ל",false,0,14.90,2.13,true,1,
7290000165684,false,"שמפו שמן אבוקדו 700 מ""ל",יוניליוור,IL,שמפו שמן אבוקדו,מיליליטרים,700.00,"100 מ""ל",false,0,10.00,1.43,true,1,
7290000166148,false,דאב בייבי תחליב רחצה700מ,יוניליוור ישראל טיפו,IL,תחליב רחצה דאב,מיליליטרים,700.00,"100 מ""ל",false,0,20.30,2.90,true,1,
7290000166179,false,חטיף מיקספלקס שוק.מריר6י,גוצ'מולר,IL,חטיפי מיקספלקס,גרמים,132.00,100 גרם,false,0,20.20,15.30,true,1,
7290000166414,false,מזולה לאפיה ללא מלח200ג,יוניליוור,IL,מזולה ללא מלח,גרמים,200.00,100 גרם,false,0,6.40,3.20,true,1,
7290000167978,false,"דאו.דאב מן פרש 150 מ""ל",יוניליוור,IL,דאודורנט דאב מן,מיליליטרים,150.00,"100 מ""ל",false,0,14.90,9.93,true,1,
7290000167985,false,דאב מן קלין קומפורט דאו ספריי 150 מל,"יוניליוור אנגליה, דרך קו",IL,דאודורנט דאב מן,מיליליטרים,150.00,"100 מ""ל",false,0,14.90,9.93,true,1,
7290000168005,false,"דאו.דאב מן סילבר 150 מ""ל",יוניליוור,IL,דאודורנט דאב מן,מיליליטרים,150.00,"100 מ""ל",false,0,14.90,9.93,true,1,
7290000168081,false,דאו אקס אפולו סטיק 76 גר,יוניליוור,IL,דאו אקס סטיק,גרמים,76.00,100 גרם,false,0,14.90,19.61,true,1,
7290000168173,false,"ברנפלקס קרנצ'ים תלמה בד""ץ 375 גרם",יוניליור ישראל מזון,IL,ברנפלקס קרנצ'ים,גרמים,375.00,100 גרם,false,0,25.10,6.69,true,1,
7290000168289,false,שמפו פינוק שמן מרוקאי700,יוניליוור ישראל טיפוח אי,IL,שמפו פינוק,מיליליטרים,700.00,"100 מ""ל",false,0,10.00,1.43,true,1,
7290000168296,false,"פינוק מרכך שמן מרוקאי 700 מ""ל",יוניליוור ישראל טיפוח אי,IL,מרכך פינוק,מיליליטרים,700.00,"100 מ""ל",false,0,10.00,1.43,true,1,
7290000169071,false,מרק גורמה בטעם בטטה82ג,יוניליוור,IL,מרק גורמה קנור,גרמים,82.00,100 גרם,false,0,10.80,13.17,true,1,
7290000169156,false,רקסונה ספריי V8 לגבר 150,יוניליוור,AR,דאו. רקסונה,יחידה,1.00,יחידה,false,0,19.70,19.70,true,1,
7290000169521,false,נמס בכוס ירקות וקרוטונים,יוניליוור,IL,נמס בכוס,גרמים,56.00,100 גרם,false,0,7.80,13.93,true,1,
7290000169712,false,קורנפלקס מלא 500 גרם,יוניליוור,IL,קורנפלקס מלא,גרמים,500.00,100 גרם,false,0,16.90,3.38,true,1,
7290000170053,false,"שוקולד פרה חלב 100 גרם בד""צ לל""ג","שטראוס גרופ בע""\מ.",IL,שוקולד פרה חלב,גרמים,100.00,100 גרם,false,0,6.00,6.00,true,1,
7290000170077,false,פרה שוקולד מריר 100 גרם,"שטראוס גרופ בע""\מ.",IL,שוקולד מריר,גרמים,100.00,100 גרם,false,0,6.00,6.00,true,1,
7290000170275,false,שוקולד ממולא קרם נוגט100,שטראוס,IL,שוקולד ממולא,גרמים,100.00,100 גרם,false,0,6.60,6.60,true,1,
7290000171470,false,כיף כף 45 גרם,"שטראוס גרופ בע""מ",IL,כיף כף,גרמים,45.00,100 גרם,false,0,4.50,10.00,true,1,
7290000174099,false,בפלות ופלים בטעם שוקולד 500 גרם,שטראוס גרופ,IL,בפלות שוקולד,גרמים,500.00,100 גרם,false,0,13.90,2.78,true,1,
7290000174723,false,שוקולית אבקה להכנת משקה שוקו 500 גרם,הנסיך- מפעל לייצור ט,IL,שוקולית,גרמים,500.00,100 גרם,false,0,13.90,2.78,true,1,
7290000176062,false,קפה טורקי בצלופן 100 גרם,שטראוס קפה בי.ויn\.,IL,קפה טורקי בצלופן,גרמים,100.00,100 גרם,false,0,9.50,9.50,true,1,
7290000176079,false,קפה עלית טורקי עם הל 100 גרם,הנסיך- מפעל לייצור ט,IL,קפה טורקי עם הל,גרמים,100.00,100 גרם,false,0,9.40,9.40,true,1,
7290000176093,false,קפה אלדין טורקי ואקום200,הנסיך- מפעל לייצור ט,IL,קפה טורקי אלדין,גרמים,200.00,100 גרם,false,0,21.70,10.85,true,1,
7290000176147,false,קפה לפילטר קלוי וטחון מוקה מספר 1 עלית 500 גרם,ELITE CAFE SP. ZO.O,PL,קפה מוקה לפילטר,גרמים,500.00,100 גרם,false,0,57.40,11.48,true,1,
7290000176192,false,קפה טורקי האג בווקום 200גר,שטראוס,IL,קפה טורקי האג,גרמים,200.00,100 גרם,false,0,28.90,14.45,true,1,
7290000176413,false,קפה נמס אבקתי 50 ג' עלית,הנסיך- מפעל לייצור ט,IL,קפה נמס,גרמים,50.00,100 גרם,false,0,10.20,20.40,true,1,
7290000176420,false,קפה נמס פחית עלית 200 גרם,שטראוס קפה בי.וי,IL,קפה נמס,גרמים,200.00,100 גרם,false,0,20.90,10.45,true,1,
7290000176468,false,קפה נמס נטול קפאין 50 ג' קפה האג,"איי, בי, אינבוו",IL,קפה נמס האג,גרמים,50.00,100 גרם,false,0,12.60,25.20,true,1,
7290000176475,false,האג קפה נמס נטול קפאין עלית 200 גרם,שטראוס גרופ,VN,קפה נמס האג,גרמים,200.00,100 גרם,false,0,37.00,18.50,true,1,
7290000177694,false,קפה טורקי ואקום 200 גרם,שטראוס קפה בי.ויn\.,IL,קפה טורקי ואקום,גרמים,200.00,100 גרם,false,0,22.00,11.00,true,1,
7290000178103,false,שוקולד חלב פרה 100*4 גרם,"שטראוס גרופ בע""מ.",IL,שוקלד חלב 4 יח,גרמים,400.00,100 גרם,false,0,22.60,5.65,true,1,
7290000178660,false,בפלות מצופים שוקולד 500ג,שטראוס,IL,בפלות מצופים,גרמים,500.00,100 גרם,false,0,18.40,3.68,true,1,
7290000178707,false,תפוצ'יפס בטעם טבעי 50 גרם,"שטראוס פריטו ליי בע""\מ )",IL,חטיף תפוצ'יפס,גרמים,50.00,100 גרם,false,0,4.10,8.20,true,1,
7290000179445,false,עלית בזוקה גומי לעיס,עלית,IL,בזוקה בשקית,גרמים,180.00,100 גרם,false,0,8.10,4.50,true,1,
7290000180212,false,שוקולד מריר אגוז 100 גרם,קריות זול,IL,שוקולד מריר,גרמים,100.00,100 גרם,false,0,6.60,6.60,true,1,
7290000181103,false,ביסקויט עד חצות חלב200גר,שטראוס,IL,ביסקויט מצופה,גרמים,200.00,100 גרם,false,0,14.80,7.40,true,1,
7290000182766,false,ממרחית טעם חלב 500 גרם,עלית,IL,ממרחית טעם חלב,גרמים,500.00,100 גרם,false,0,13.30,2.66,true,1,
7290000184708,false,"בפלות טעם שוק.ללת""ס500גר",שטראוס,IL,"בפלות ללת""ס",גרמים,500.00,100 גרם,false,0,22.70,4.54,true,1,
7290000186054,false,מטליות לחות לקרצוף 24 יח,,IL,מטליות לחות לקרצוף 24 יח,יחידה,1.00,יחידה,false,0,16.30,16.30,true,1,
7290000187662,false,נייר טואלט לילי,,IL,נייר טואלט לילי,מטרים,662.00,100 מטר,false,0,46.50,7.02,true,1,
7290000187921,false,נייר טואלט דו שכבתי לבן לילי 32 יחידות,לילי נייר טואלט חוגלה,IL,נייר טואלט לילי,מטרים,588.00,100 מטר,false,0,36.90,6.28,true,1,
7290000188065,false,62מגן תח.קוטקס סילק לייט,חוגלה קימברלי,CN,מגן תחתון קוטקס,יחידה,1.00,יחידה,false,0,18.90,18.90,true,1,
7290000188249,false,מגבת ויוה חוזק מוגבר,חוגלה קימברלי,IL,מגבת ויוה,מטרים,18.00,מטר,false,0,20.20,1.12,true,1,
7290000188270,false,ממחטות אף אולטרה סופט קלינקס 2*80 יחידות,חוגלה קימברלי,IL,קלינקס אולטרה,יחידה,1.00,יחידה,false,0,16.80,16.80,true,1,
7290000188355,false,מגבות מטבח ניקול לבנה שישייה,קימברלי-קלארק,IL,מגבות ניקול,מטרים,65.00,מטר,false,0,11.80,0.18,true,1,
7290000188553,false,קוטקס מגן תחתון יאנג ביג 60 יחידות,קימברלי קלארק,CN,מגן תחתון קוטקס,יחידה,1.00,יחידה,false,0,18.90,18.90,true,1,
7290000188560,false,קוטקס - מגני תחתון לארג' 52 יח',קימברלי קלארק,CN,מגן תחתון קוטקס,יחידה,1.00,יחידה,false,0,18.90,18.90,true,1,
7290000188591,false,קוטקס מגן תחתון יאנג ביג 60 יחידות,קימברלי קלארק,CN,מגן תחתון קוטקס,יחידה,1.00,יחידה,false,0,18.90,18.90,true,1,
7290000188973,false,23 תח.קוטקס דיזיין +N,חוגלה קימברלי,IL,תחבושות קוטקס,יחידה,1.00,יחידה,false,0,18.90,18.90,true,1,
7290000189192,false,סופר מטלית מטליות נייר רב פעמיות ניקול 64 יחידות,קימברלי קלארק,IL,מטליות נייר,מטרים,18.00,מטר,false,0,17.60,0.98,true,1,
7290000189215,false,מטלית הקסם לרצפה ניקול,חוגלה קימברלי,CN,מטלית רצפה ניקול,יחידה,1.00,יחידה,false,0,11.90,11.90,true,1,
7290000189550,false,"שקיות אשפה ענקיות עם שרוך 78 * 90 ס""מ ניקול 2 * 10 יחידות",חוגלה קימברלי,IL,זוג אשפתון ענק,יחידה,1.00,יחידה,false,0,27.40,27.40,true,1,
7290000189871,false,"שקיות אשפה עם שרוך 52 * 65 ס""מ ניקול 55 שקיות","אשפלסט תעשיות בע""מ",IL,שק. אשפה מתכלות,יחידה,1.00,יחידה,false,0,25.10,25.10,true,1,
7290000190150,false,מפיות מודפסות תלת שכבתיות ניקול 20 יחידות,חוגלה קימברלי,SI,מפיות תלת שכבתי,יחידה,1.00,יחידה,false,0,10.90,10.90,true,1,
7290000190174,false,מפיות חד שכבתי זוג 85 יח,חוגלה קימברלי,IL,מפיות חד שכבתי,יחידה,1.00,יחידה,false,0,13.70,13.70,true,1,
7290000190532,false,50מפיות ניקול 2P מודפסות,חוגלה קימברלי,,מפיות דו שכבתי,יחידה,1.00,יחידה,false,0,8.90,8.90,true,1,
7290000190563,false,מפיות חד שכבתי מודפס זוג,חוגלה קימברלי,,מפיות ניקול זוג,יחידה,1.00,יחידה,false,0,13.70,13.70,true,1,
7290000191140,false,נייר טואלט לח 3*,,IL,נייר טואלט לח 3*,יחידה,1.00,יחידה,false,0,14.90,14.90,true,1,
7290000191225,false,חיתולים ליטל בייביז מידה 2 האגיס 46 יחידות,קימברלי קלארק שיווק,IL,האגיס ליטל בייבי,יחידה,1.00,יחידה,false,1,34.60,34.60,true,1,
7290000191539,false,חמישיית ממחטות טישו צבועני לילי 100 יחידות,חוגלה קימברלי,IL,מגבוני לילי 100,יחידה,1.00,יחידה,false,0,15.80,15.80,true,1,
7290000191546,false,ממחטות טישו צבעוני 2 שכבות לילי מארז 100X3יח',חוגלה קימברלי,IL,לילי צבעוני100*3,יחידה,1.00,יחידה,false,0,11.30,11.30,true,1,
7290000191560,false,מגבות נייר 3 גל,,IL,מגבות נייר 3 גל,מטרים,65.00,מטר,false,0,13.80,0.21,true,1,
7290000191652,false,שלישיית ממחטות אולטרה סופט קלינקס 90 יחידות,חוגלה קימברלי,IL,קלינקס מעוצב 3יח,יחידה,1.00,יחידה,false,0,11.30,11.30,true,1,
7290000193083,false,נובה-לי תחבושות היגייניות לילי 28 יחידות,חוגלה קימברלי,CZ,תחבושות נובה לי,יחידה,1.00,יחידה,false,0,11.40,11.40,true,1,
7290000193410,false,נ.ט מולט קומפקט,,IL,נ.ט מולט קומפקט,מטרים,716.00,100 מטר,false,0,36.90,5.15,true,1,
7290000193472,false,מגן תחתון נטורל נורמל לילי 60 יחידות,חוגלה קימברלי,ES,פדיות לילי,יחידה,1.00,יחידה,false,0,18.50,18.50,true,1,
7290000194837,false,ניקול - שקיות מזון + ידיות קשירה אקסטרה לארג' 200 יח',ניקול,CN,שקיות מזון,יחידה,1.00,יחידה,false,0,13.80,13.80,true,1,
7290000195513,false,מגב.טיטולים ל.בישום 72*5,חוגלה קימברלי,IL,5 מגבוני טיטולים,יחידה,1.00,יחידה,false,0,21.90,21.90,true,1,
7290000195537,false,מגבונים לחים לעור רגיש ללא בישום האגיס 4*64 יחידות,חוגלה קימברלי,IL,מגבוני האגיס 4יח,יחידה,1.00,יחידה,false,0,25.90,25.90,true,1,
7290000195544,false,האגיס מגבונים רביעייה מילוי נטורל מבושם,חוגלה קימברלי,IL,מגבוני האגיס 4יח,יחידה,1.00,יחידה,false,0,25.90,25.90,true,1,
7290000195773,false,האגיס - מגבוני האגיס סנסטיב קר לא מבושם 64 יח' * 4,חוגלה קימברלי,IL,מגבוני האגיס 4יח,יחידה,1.00,יחידה,false,0,25.90,25.90,true,1,
7290000196039,false,"מפות שולחן איריס ח""פ ניקול 2 יח'",חוגלה קימברלי,IL,מפת שולחן,יחידה,1.00,יחידה,false,0,14.30,14.30,true,1,
7290000197425,false,חיתולים פרידום דריי שלב 3 האגיס 52 יחידות,קימברלי קלארק ישראל,IL,חיתולי האגיס,יחידה,1.00,יחידה,false,0,42.90,42.90,true,1,
7290000197432,false,שקיות אוכל סנדביצ'ון ניקול מארז 150X2יח',"אשפלסט תעשיות בע""מ",IL,סנדוויצ'ון זוג,יחידה,1.00,יחידה,false,0,14.50,14.50,true,1,
7290000197456,false,חיתולים פרידום דריי שלב 4 האגיס 44 יחידות,קימברלי קלארק ישראל,IL,חיתולי האגיס,יחידה,1.00,יחידה,false,0,42.90,42.90,true,1,
7290000197548,false,חיתולים פרידום דריי שלב 5 האגיס 36 יחידות,קימברלי קלארק ישראל,IL,חיתולי האגיס,יחידה,1.00,יחידה,false,0,42.90,42.90,true,1,
7290000197678,false,חיתולי האגיס פרידום דריי שלב 6 30 יחידות,קימברלי קלארק ישראל,IL,חיתולי האגיס,יחידה,1.00,יחידה,false,0,42.90,42.90,true,1,
7290000197753,false,ניילון נצמד אנטי בטקריאלי ניקול 30X2מ',חוגלה קימברלי,CN,ניילון נצמד זוג,מטרים,60.00,מטר,false,0,13.10,0.22,true,1,
7290000201870,false,טיטולים פרימיום שלב 6 30 יחידות,חוגלה קימברלי,IL,טיטולים פרימיום,יחידה,1.00,יחידה,false,1,35.90,35.90,true,1,
7290000203188,false,נייר טואלט לילי,,IL,נייר טואלט לילי,מטרים,588.00,100 מטר,false,0,34.90,5.94,true,1,
7290000204215,false,שישיית כרית יפנית ניקול 6 יחידות,פלסטו פוליש (ברקן),IL,כריות יפניות,יחידה,1.00,יחידה,false,0,12.50,12.50,true,1,
7290000204253,false,מטליות רב שימושיות לניקיון ניקול 9 יחידות,נועם אורים-קיבוץ אור,IL,מטליות ניקול,יחידה,1.00,יחידה,false,0,11.80,11.80,true,1,
7290000207162,false,רוטב עגבניות מרכיב טבעי 100 ג' יכין,"זנלכל בע""\מ",IL,רסק עגבניות,גרמים,100.00,100 גרם,false,0,2.10,2.10,true,1,
7290000208213,false,שעועית לבנה אפויה A2 ברוטב עגבניות יכין 560ג',היינץ צפון אמריקה מק,IL,שעועית ברוטב,גרמים,580.00,100 גרם,false,0,6.80,1.17,true,1,
7290000208329,false,גרעיני תירס מתוק 550 גרם יכין,"זנלכל בע""\מ",IL,גרעיני תירס מתוק,גרמים,550.00,100 גרם,false,0,6.90,1.25,true,1,
7290000208336,false,רסק יכין 240גר 22% יכין בית יוסף,"זנלכל בע""\מ",IL,רסק עגבניות,גרמים,260.00,100 גרם,false,0,4.60,1.77,true,1,
7290000208978,false,רוטב עגבניות פריכוז יכין 100 גרם,היינץ צפון אמריקה מק,IL,רסק פריכוז,גרמים,100.00,100 גרם,false,0,2.80,2.80,true,1,
7290000209722,false,רוטב עגבניות פריכוז יכין 580 גרם,"זנלכל בע""\מ",IL,תרכיז עגבניות,גרמים,580.00,100 גרם,false,0,8.50,1.47,true,1,
7290000211169,false,"אורז תאילנדי אחד אחד סוגת 1 ק""ג",האי נאם סי או אל.טי.,IL,"אורז תאילנדי 1 ק""ג",קילוגרמים,1.00,"ק""ג",false,0,5.00,5.00,true,1,
7290000211312,false,"אורז מלא ארוך סוגת 1 ק""ג",האי נאם סי או אל.טי.,IL,אורז מלא ארוך,קילוגרמים,1.00,"ק""ג",false,0,11.80,11.80,true,1,
7290000211442,false,"אורז פרסי קלאסי סוגת 1 ק""ג",האי נאם סי או אל.טי.,IL,אורז פרסי קלאסי,קילוגרמים,1.00,"ק""ג",false,0,8.90,8.90,true,1,
7290000214115,false,מרק עוף צנצנת 400 גרם-ויטה,"פרי הגליל בע""""מ",IL,מרק עוף צנצנת,גרמים,400.00,100 גרם,false,0,16.00,4.00,true,1,
7290000238029,false,"בצק עלים צרפתי מרודד מעדנות 1 ק""ג",מיוצר עי קונדיטוריית,IL,בצק עלים מרודד,קילוגרמים,1.00,"ק""ג",false,0,24.90,24.90,true,1,
7290000238036,false,מלאווח בקופסא מעדנות 700 גרם,מיוצר עי קונדיטוריית,IL,מלווח מעדנית,גרמים,700.00,100 גרם,false,0,18.90,2.70,true,1,
7290000238180,false,בורקס תפוחי אדמה מעדנות 800 גרם,מיוצר עי קונדיטוריית,IL,"בורקס תפו""א קפוא",גרמים,800.00,100 גרם,false,0,21.70,2.71,true,1,
7290000240541,false,ריבועי בצק עלים מעדנות 800 גרם,מיוצר עי קונדיטוריית,IL,ריבועי בצק עלים,גרמים,800.00,100 גרם,false,0,26.40,3.30,true,1,
7290000244143,false,"הוואי - קרם לאחר גילוח 120 מ""ל",טרופיקל דגיל קוסמטיק,IL,קרם הוואי לאחר גילוח120ג,גרמים,120.00,100 גרם,false,0,24.70,20.58,true,1,
7290000245287,false,"פרסיל - אבקת כביסה קולור 1.25 ק""ג","הנקל סוד בע""מ",IL,אבקת כביסה פרסיל,קילוגרמים,1.25,"ק""ג",false,0,14.80,11.84,true,1,
7290000245294,false,"פרסיל אבקה לכביסה לבנה רגיל 2.5 ק""ג","הנקל סוד בע""\מ",IL,אבקת כביסה פרסיל,קילוגרמים,2.50,"ק""ג",false,0,27.90,11.16,true,1,
7290000245355,false,פרסיל ג'ל לכביסה כחול 3ל,הנקל סוד,IL,פרסיל ג'ל,ליטרים,3.00,ליטר,false,0,29.90,9.97,true,1,
7290000245775,false,פרסיל ג'ל לכביסה ירוק 3ל,הנקל סוד,IL,פרסיל ג'ל 3 ליטר,ליטרים,3.00,ליטר,false,0,29.90,9.97,true,1,
7290000245799,false,סוד כחול מרענן 4 ל מרכך כביסה,"הנקל סוד בע""\מ",IL,מרכך כביסה סוד כחול 4 ל',ליטרים,4.00,ליטר,false,0,19.90,4.98,true,1,
7290000254807,false,צ'יטוס גבינה 100 גרם,עלית,IL,צ'יטוס גבינה,גרמים,100.00,100 גרם,false,0,6.70,6.70,true,1,
7290000256085,false,רול עדין בוטנים/אגוזים 100 גרם,מאפים 4 ב10,IL,גלילי רולעדין,גרמים,100.00,100 גרם,false,0,7.80,7.80,true,1,
7290000260839,false,ספרינג משקה תפוזים 1.5ל',יפאורה שותפות מובגלת לשיווק,IL,ספרינג תפוזים,ליטרים,1.50,ליטר,false,0,6.90,4.60,true,1,
7290000260853,false,ספרינג משקה מנגו 1.5 ל',יפאורה שותפות מובגלת לשיווק,IL,ספרינג מנגו,ליטרים,1.50,ליטר,false,0,6.90,4.60,true,1,
7290000260860,false,ספרינג משקה אפרסק 1.5 ל',יפאורה שותפות מובגלת לשיווק,IL,ספרינג אפרסק,ליטרים,1.50,ליטר,false,0,6.90,4.60,true,1,
7290000260969,false,ספרינג אשכולית/אננס לייט,יפאורה שותפות מובגלת לשיווק,IL,ספרינג דיאט,ליטרים,1.50,ליטר,false,0,6.90,4.60,true,1,
7290000262499,false,מגבוני נייר לח קידס48*3י,חוגלה קימברלי,IL,מגבוני נ.טואלט,יחידה,1.00,יחידה,false,0,22.80,22.80,true,1,
7290000263250,false,מגבוני טיטולים פרימיום רב,חוגלה קימברלי,IL,מגבוני טיטולים4*,יחידה,1.00,יחידה,false,1,17.90,17.90,true,1,
7290000267012,false,שקד מולבן שלם השף 100 גרם,"דין שיווק וקלייה בע""",IL,שקד מולבן שלם,גרמים,100.00,100 גרם,false,0,13.80,13.80,true,1,
7290000267500,false,קליפות הדר מצופות בשוקולד 200 גרם,"דין שיווק וקלייה בע""",IL,קליפות הדר בשוק,גרמים,200.00,100 גרם,false,0,15.80,7.90,true,1,
7290000267548,false,אגוזי מלך טחונים השף 100 גרם,"דין שיווק וקלייה בע""",IL,אגוז מלך טחון,גרמים,100.00,100 גרם,false,0,13.80,13.80,true,1,
7290000267609,false,פיסטוק חלבי קלוף 150גרם,שקדיה,IL,פיסטוק חלבי קלוף,גרמים,150.00,100 גרם,false,0,29.60,19.73,true,1,
7290000272696,false,עסיס מיץ לימון טבעי משומר 1 ל' אסם,בית-השיטה עסיס תעשיות מז,IL,מיץ לימון משומר,ליטרים,1.00,ליטר,false,0,10.50,10.50,true,1,
7290000275901,false,חומוסטחינה צנובר צבר400ג,סלטי אסם 2 ב 25,IL,חומוסטחינה צנובר,גרמים,400.00,100 גרם,false,1,14.90,3.73,true,1,
7290000284316,false,קוקה -קולה בקבוק 1.5 ליטר,החברה המרכזית לייצור משקאות,IL,קוקה קולה,ליטרים,1.50,ליטר,false,0,6.80,4.53,true,1,
7290000284347,false,קינלי סודה 1.5 ליטר,החברה המרכזית לייצור משקאות,IL,קינלי סודה,ליטרים,1.50,ליטר,false,0,4.60,3.07,true,1,
7290000284361,false,קולה דיאט בקבוק 1.5 ל',החברה המרכזית לייצור משקאות,IL,קוקה קולה דיאט,ליטרים,1.50,ליטר,false,0,6.80,4.53,true,1,
7290000284743,false,דיאט קולה נ.קופאין 1.5 ל,החברה המרכזית לייצור משקאות,IL,דיאט קולה,ליטרים,1.50,ליטר,false,0,7.70,5.13,true,1,
7290000285849,false,שוופס מי סודה 1.5 ליטר,יפאורה שותפות מובגלת לשיווק,IL,שוופס מי סודה,ליטרים,1.50,ליטר,false,0,3.90,2.60,true,1,
7290000286297,false,"אנטי קאלק מסיר אבנית מקומקום סנו 700 מ""ל",סנו מפעלי ברונוס בעמ,IL,סנו מסיר אבן,מיליליטרים,700.00,"100 מ""ל",false,0,12.90,1.84,true,1,
7290000286549,false,מטליות לניקוי כללי סנו סושי 9 יחידות,נועם אורים תעשיות בע,IL,מטליות רב שימוש 9 יח',יחידה,1.00,יחידה,false,0,10.00,10.00,true,1,
7290000286907,false,"סנוקל מסיר כתמים סנו 170 מ""ל",סנו מפעלי ברונוס בעמ,IL,סנו מסיר כתמים,מיליליטרים,170.00,"100 מ""ל",false,0,30.10,17.71,true,1,
7290000286921,false,"ספריי להסרת כתמים סנו קל 750 מ""ל",סנו מפעלי ברונוס בעמ,IL,סנוקל רסס וכבס,מיליליטרים,750.00,"100 מ""ל",false,0,15.00,2.00,true,1,
7290000287102,false,"ספריי שמפו לניקוי שטיחים סנו 600 מ""ל",מיוצר עי קונדיטוריית,IL,סנו שמפו לשטיחים,גרמים,540.00,100 גרם,false,0,19.90,3.69,true,1,
7290000287195,false,"סנו רהיט ספריי עשיר בווקס להברקה 305 מ""ל",מיוצר עי קונדיטוריית,IL,סנו רהיט מרסס,מיליליטרים,305.00,"100 מ""ל",false,0,15.90,5.21,true,1,
7290000287621,false,"אנטי קאלק נוזל לניקוי אסלות סנו 750 מ""ל",מיוצר עי קונדיטוריית,IL,סנו מנקה אסלות,מיליליטרים,750.00,"100 מ""ל",false,0,10.00,1.33,true,1,
7290000288017,false,אקונומיקה בריח לימון סנו ז'אוול 1 ליטר,"סנו מפעלי ברונוס בע""",IL,סנו JAVEL,ליטרים,1.00,ליטר,false,0,9.00,9.00,true,1,
7290000288024,false,סנו - ז'אוול אקונומיקה בריח לימון 4 ליטר,"סנו מפעלי ברונוס בע""מ",IL,סנו JAVEL אקונומ,ליטרים,4.00,ליטר,false,0,16.90,4.23,true,1,
7290000288048,false,סנו זאוול מרסס מונבלאן 1 ליטר,"סנו מפעלי ברונוס בע""מ",IL,סנו ג'אוול לבנדר,ליטרים,1.00,ליטר,false,0,18.90,18.90,true,1,
7290000288086,false,אבקת ניקוי עם אקונומיקה בריח לימון סנו ז'אוול 600 ג',מיוצר עי קונדיטוריית,IL,סנו ג'אוול אבק,גרמים,600.00,100 גרם,false,0,11.80,1.97,true,1,
7290000288109,false,"אבקת כביסה מקסימה אפקט ג''אוול 1.25 ק""ג סנו",סנו מפעלי ברונוס בעמ,IL,א.כביסה מקסימה,קילוגרמים,1.25,"ק""ג",false,0,21.40,17.12,true,1,
7290000288352,false,"קוטל חרקים וזוחלים K-300 סנו 630 מ""ל","סנו מפעלי ברונוס בע""מ",IL,300-K קוטל חרק,מיליליטרים,630.00,"100 מ""ל",false,0,21.90,3.48,true,1,
7290000288413,false,סנו-די דוחה יתושים כדורי סנו 50 גרם,גוד פוד פרודקטס S.p,IL,סנו די כדורי,מיליליטרים,50.00,"100 מ""ל",false,0,18.90,37.80,true,1,
7290000289472,false,סנו סושי שקיות אשפה - 50 יחידות,מיוצר עי קונדיטוריית,IL,50 שקיות אשפה,יחידה,1.00,יחידה,false,0,16.90,16.90,true,1,
7290000289496,false,"סנו - ז'אוול ג'ל קרם לניקוי כללי לימון 750 מ""ל","סנו מפעלי ברונוס בע""\מ",IL,ג'אוול ג'ל קרם,מיליליטרים,750.00,"100 מ""ל",false,0,17.20,2.29,true,1,
7290000289595,false,"אורביטול משחת שיניים לילדים בטעם תות שדה 145 מ""ל",טרופיקל דגיל תעשיות קוסמ,IL,משחת שיניים,גרמים,145.00,100 גרם,false,0,7.90,5.45,true,1,
7290000292311,false,פוליויקס נוזל רצפות בניחוח סחלבים סנו 2 ליטר,"סנו מפעלי ברונוס בע""\מ",IL,סנו פוליויקס,ליטרים,2.00,ליטר,false,0,23.90,11.95,true,1,
7290000292557,false,סנומט מלוי נוזלי דוחה יתושים 45 לילות,טרופיקל דגיל תעשיות,IT,נוזל מילוי סנו,מיליליטרים,35.00,"100 מ""ל",false,0,18.50,52.86,true,1,
7290000292564,false,סנו K-2000 תרסיס מיקרו קפסולרי ללא ריח 750 מ”ל,מיוצר עי קונדיטוריית,IL,סנו 2000-K תרסיס,מיליליטרים,750.00,"100 מ""ל",false,0,30.90,4.12,true,1,
7290000292687,false,סנובון מוצק לניקוי אסלה קלאסיק כחול סנו 3 יחידות,מיוצר עי קונדיטוריית,IL,סנובון כחול 3 יח,גרמים,165.00,100 גרם,false,0,17.70,10.73,true,1,
7290000292915,false,"תרסיס לניקוי כללי רסס ונגב סנו 750 מ""ל","סנו מפעלי ברונוס בע""\מ",IL,סנו רסס נגב מרסס,מיליליטרים,750.00,"100 מ""ל",false,0,14.90,1.99,true,1,
7290000292939,false,אקווה בלו למיכל אסלה100ג,סנו מפעלי ברונוס בעמ,IL,אקווה בלו לאסלה,גרמים,100.00,100 גרם,false,0,15.00,15.00,true,1,
7290000293073,false,מקסימה מרכך כביסה ביו לבן סנו 4 ליטר,"סנו מפעלי ברונוס בע""\מ",IL,מרכך כביסה,ליטרים,4.00,ליטר,false,0,22.90,5.73,true,1,
7290000293561,false,"תרסיס להסרת כתמי עובש עם אקונומיקה סנו 750 מ""ל","סנו מפעלי ברונוס בע""\מ",IL,סנו מסיר עובש,מיליליטרים,750.00,"100 מ""ל",false,0,19.90,2.65,true,1,
7290000293943,false,"מרסס לבן מסיר אבנית 1 ליטר אנטי קאלק ""סנו""",מיוצר עי קונדיטוריית,IL,סנו אנטי קאלק,ליטרים,1.00,ליטר,false,0,17.10,17.10,true,1,
7290000294391,false,נוזל לניקוי כללי בניחוח סחלבים סנו ג'ט 4 ליטר,סנו מפעלי ברונוס בעמ,IL,סנו ג'ט,ליטרים,4.00,ליטר,false,0,15.00,3.75,true,1,
7290000295336,false,סנו מקסימה אבקת כביסה סנסטיב מילוי1.25,סנו מפעלי ברונוס בעמ,IL,אבקת כביסה,קילוגרמים,1.25,"ק""ג",false,0,21.40,17.12,true,1,
7290000295367,false,"מקסימה אבקת כביסה אפקט ז'אוול סנו 2.5 ק""ג",סנו מקסימה,IL,אבקת כביסה,קילוגרמים,2.50,"ק""ג",false,0,24.90,9.96,true,1,
7290000295404,false,שקיות אשפה עם שרוך 54 * 65 סנו סושי 60 יחידות,מיוצר עי קונדיטוריית,IL,שקיות אשפה,יחידה,1.00,יחידה,false,0,20.00,20.00,true,1,
7290000295541,false,רב מגבת ג'מבו סנו סושי 75 יחידות,מיוצר עי קונדיטוריית,IL,סנו סושי רב מגבת,מטרים,21.00,מטר,false,0,16.90,0.80,true,1,
7290000295558,false,"רדיד אלומיניום רוחב 30 ס""מ סנו סושי 2 יח' 7.5 מטר",מולינו ניקולי s.p.a,TR,צמד רדידי אלומינ,מטרים,15.00,מטר,false,0,10.00,0.67,true,1,
7290000300139,false,המבורגר מן הצומח 750 גרם,טבעול,IL,המבורגר מן הצומח,גרמים,750.00,100 גרם,false,0,40.00,5.33,true,1,
7290000300337,false,נקנקיה וינר מן הצומח 750,טבעול,IL,נקניקיה מן הצומח,גרמים,750.00,100 גרם,false,0,31.90,4.25,true,1,
7290000300689,false,שניצל ברוקולי 750 גרם,טבעול,IL,שניצל ברוקולי,גרמים,750.00,100 גרם,false,0,36.80,4.91,true,1,
7290000300900,false,שניצל תירס מרכיבים טבעיים טבעול 750 גרם,עיצובים 2020 (4.8),IL,שניצל תירס 750 גרם,גרמים,750.00,100 גרם,false,0,27.70,3.69,true,1,
7290000302027,false,סיגריות טיים אדום פא,"דובק בע""מ",IL,טיים RED חבילה,יחידה,1.00,יחידה,false,0,275.00,275.00,false,1,
7290000302102,false,סיגריות מונטנה פילטר,"דובק בע""מ",IL,מונטנה פילטר,יחידה,1.00,יחידה,false,0,285.00,285.00,false,1,
7290000303598,false,שעועית לבנה ברוטב עגבניות פרי הגליל 570 גרם,"פרי הגליל בע""""מ",IL,שעועית ברוטב,גרמים,570.00,100 גרם,false,0,9.50,1.67,true,1,
7290000303604,false,חומוס שלם מוכן לאכילה פרי הגליל 550 גרם,"פרי הגליל בע""""מ",IL,חומוס שלם,גרמים,550.00,100 גרם,false,0,7.20,1.31,true,1,
7290000305042,false,סרדין סטאר 2-5 120 גרם,.אל.גי.אם.סי,IL,סרדין סטאר,גרמים,120.00,100 גרם,false,0,6.30,5.25,true,1,
7290000305066,false,סרדין סטאר בשמן זית 120ג,.אל.גי.אם.סי,IL,סרדין סטאר,גרמים,120.00,100 גרם,false,0,7.50,6.25,true,1,
7290000307015,false,אפונת גינה בינונית פרי הגליל 550 גרם,"פרי הגליל בע""""מ",IL,אפונת גינה,גרמים,550.00,100 גרם,false,0,7.90,1.44,true,1,
7290000307046,false,אפונת גינה וגזר פרי הגליל 550 גרם,"פרי הגליל בע""""מ",IL,אפונת גינה וגזר,גרמים,550.00,100 גרם,false,0,7.50,1.36,true,1,
7290000307237,false,גרעיני תירס מתוק פרי הגליל 550 גרם,"פרי הגליל בע""""מ",IL,גרעיני תירס,גרמים,550.00,100 גרם,false,0,6.80,1.24,true,1,
7290000311203,false,"וופלים בטעם שוקולד ""מן"" 200 גרם",תות ממתקי איכות,IL,ופלים טעם שוקולד,גרמים,200.00,100 גרם,false,0,4.90,2.45,true,1,
7290000311210,false,"וופלים בטעם לימון ""מן"" 200 גרם","רוקחמן בע""מ",IL,וופלים לימון,גרמים,200.00,100 גרם,false,0,4.90,2.45,true,1,
7290000315324,false,רקסונה ספריי שאוור 150מ,קוסטר,TR,דאו.רקסונה,מיליליטרים,150.00,"100 מ""ל",false,0,19.70,13.13,true,1,
7290000315560,false,מיונז לחיץ לייט 385 גרם,בסט פודס,IL,מיונז לחיץ לייט,גרמים,385.00,100 גרם,false,0,15.80,4.10,true,1,
7290000316833,false,נשנושי ברנפלקס 375 גרם,יוניליוור,IL,נשנושי ברנפלקס,גרמים,375.00,100 גרם,false,0,25.10,6.69,true,1,
7290000318929,false,סלמי צרפתי מובחר במשקל,מעדני יחיעם,IL,סלמי צרפתי מובחר במשקל,קילוגרמים,0.00,"ק""ג",true,0,147.00,147.00,true,1,
7290000319377,false,נקניקיות עגל שויצריות450,מעדני יחיעם,IL,נקניקיות עגל,גרמים,450.00,100 גרם,false,0,23.30,5.18,true,1,
7290000319728,false,סלמי איטלקי מפולפל י,מעדני יחיעם,IL,איטלקי מפולפל במשקל,קילוגרמים,0.00,"ק""ג",true,0,73.00,73.00,true,1,
7290000327372,false,ג'אמפ אשכוליות דיאט1.5ל',טמפו,IL,ג'אמפ דיאט,ליטרים,1.50,ליטר,false,0,6.80,4.53,true,1,
7290000334325,false,ציפס למיקרו מארז שלישיה 125 ג' תפוגן,"תעשיות תפוגן בע""\מ",IL,ציפס למיקרו,גרמים,375.00,100 גרם,false,0,15.80,4.21,true,1,
7290000334424,false,שניצל ירקות 750 גרם,תפוגן,IL,שניצל ירקות,גרמים,750.00,100 גרם,false,0,24.70,3.29,true,1,
7290000334431,false,שניצל תירס 750 גרם,תפוגן,IL,שניצל תירס,גרמים,750.00,100 גרם,false,0,22.90,3.05,true,1,
7290000334684,false,תפוגן טבעות בצל 700 גרם,"תעשיות תפוגן בע""\מ",IL,טבעות בצל לתנור,גרמים,700.00,100 גרם,false,0,19.70,2.81,true,1,
7290000334745,false,"אמריקאן צ'יפס תפוגן 1.5 ק""ג","תעשיות תפוגן בע""מ",IL,אמריקן צ'יפס,קילוגרמים,1.50,"ק""ג",false,0,28.90,19.27,true,1,
7290000339566,false,בדין מרכך כביסה ורוד 4 ליטר,יוניליור ישראל טיפוח איש,IL,מרכך כביסה בדין,ליטרים,4.00,ליטר,false,0,24.70,6.18,true,1,
7290000339597,false,חומצת מלח לאסלה/כיורים1ל,קליר כימיקלים,IL,חומצת מלח לאסל,ליטרים,1.00,ליטר,false,0,14.80,14.80,true,1,
7290000341071,false,בדין - מרכך כביסה בייבי לבן 2 ליטר,יוניליור ישראל טיפוח איש,IL,מרכך כביסה בייבי,ליטרים,2.00,ליטר,false,0,16.90,8.45,true,1,
7290000342832,false,מרכך כביסה צהוב בדין 4 ליטר,יוניליוור פארם,IL,מרכך כביסה בדין,ליטרים,4.00,ליטר,false,0,24.70,6.18,true,1,
7290000345055,false,תה עלים ארל גריי ויסוצקי 100 גרם,מולינו ניקולי s.p.a,IL,ארל גריי תה עלים 100 גרם,גרמים,100.00,100 גרם,false,0,16.00,16.00,true,1,
7290000345215,false,תה כחול קלאסיק ויסוצקי 100 יחידות,מולינו ניקולי s.p.a,IL,תה ויסוצקי כחול 100שק1*ג,גרמים,100.00,100 גרם,false,0,16.90,16.90,true,1,
7290000345277,false,תה ויסוצקי קלאסי אריזה ירוקה מרובעת (50שקיקים),מולינו ניקולי s.p.a,IL,תה ויסוצקי 50שק1.5* גרם,גרמים,75.00,100 גרם,false,0,13.80,18.40,true,1,
7290000345307,false,תה ארל גריי ויסוצקי 50 יחידות,מולינו ניקולי s.p.a,IL,תה ארל גריי 50שק,גרמים,75.00,100 גרם,false,0,23.80,31.73,true,1,
7290000346137,false,חליטת הילולי פירות הגן הקסום ויסוצקי 25 יחידות,תה ויסוצקי,IL,חליטת פירות,גרמים,62.00,100 גרם,false,0,18.90,30.48,true,1,
7290000346144,false,הגן הקסום תה עינוגי התפוח ויסוצקי 25 יחידות,תה ויסוצקי,IL,חליטת תפוחים,גרמים,67.00,100 גרם,false,0,18.90,28.21,true,1,
7290000346151,false,חליטת תות שדה ורד הגן הקסום ויסוצקי 25 יחידות,תה ויסוצקי,IL,חליטת תות+ורד הבר2.7X25ג,גרמים,67.00,100 גרם,false,0,18.90,28.21,true,1,
7290000346205,false,חליטת קמומיל הגן הקסום ויסוצקי 25 יחידות,תה ויסוצקי,IL,חליטת קמומיל,גרמים,37.00,100 גרם,false,0,18.90,51.08,true,1,
7290000347738,false,תה ירוק נענע ויסוצקי 25 יחידות,תה ויסוצקי,IL,תה ירוק נענע,גרמים,37.00,100 גרם,false,0,21.90,59.19,true,1,
7290000347752,false,תה ירוק לימונית ולואיזה 25 שקיקים *1.5 ג'' ויסוצקי,תה ויסוצקי,IL,תה ירוק לימונית,גרמים,37.00,100 גרם,false,0,21.90,59.19,true,1,
7290000355757,false,עגבניות מרוסקות טל וטרי 800 גרם,"מילוז(1989)בע""""מ",IL,עגבניות מרוסקות,גרמים,800.00,100 גרם,false,0,8.80,1.10,true,1,
7290000356730,false,רסק עגבניות 330X2 גרם,מילוז,IL,רסק עגבניות,גרמים,660.00,100 גרם,false,0,11.20,1.70,true,1,
7290000363189,false,סרוולד טירת צבי מעדנ,הנסיך- מפעל לייצור ט,IL,סלמי סרוולד,קילוגרמים,0.00,"ק""ג",true,0,153.00,153.00,true,1,
7290000363462,false,סלמי מעושן איטלקי טי,טירת- צבי,IL,מעושן איטלקי,קילוגרמים,0.00,"ק""ג",true,0,79.00,79.00,true,1,
7290000363486,false,נקניק תה טירת צבי מע,טירת- צבי,IL,נקניק תה,קילוגרמים,0.00,"ק""ג",true,0,58.00,58.00,true,1,
7290000364261,false,"דקניקים, סלסולי פסטרמה כתף בקר מעושנת 120 גרם",הנסיך- מפעל לייצור ט,IL,דקניקים כתף בקר,גרמים,120.00,100 גרם,false,0,17.30,14.42,true,1,
7290000364278,false,דקניקים סלסולי סלמי איטלקי משובח טירת צבי 120 גרם,הנסיך- מפעל לייצור ט,IL,דקניקים סלמי דק,גרמים,120.00,100 גרם,false,0,17.30,14.42,true,1,
7290000364285,false,דקניקים סלסולי פסטרמה הודו טירת צבי 120 גרם,הנסיך- מפעל לייצור ט,IL,דקניקים פסטרמה,גרמים,120.00,100 גרם,false,0,17.30,14.42,true,1,
7290000364292,false,דקניקים סלסולי פסטרמה הודו על גחלים 1% טירת צבי 120 גרם,הנסיך- מפעל לייצור ט,IL,דקמיקים פסטרמה,גרמים,120.00,100 גרם,false,0,17.30,14.42,true,1,
7290000364773,false,נקניקיות עוף תפזורת משקל,טירת- צבי,IL,נקניקיות עוף,קילוגרמים,0.00,"ק""ג",true,0,27.70,27.70,true,1,
7290000364810,false,נקניקיות עגל 500 גרםטירת צבי,הנסיך- מפעל לייצור ט,IL,נקניקיות עגל,גרמים,500.00,100 גרם,false,0,31.10,6.22,true,1,
7290000364858,false,"נקניקיות עוף טרי טירת צבי 1 ק""ג",הנסיך- מפעל לייצור ט,IL,נקניקיות עוף,קילוגרמים,1.00,"ק""ג",false,0,32.70,32.70,true,1,
7290000364872,false,נקניקיות עוף טירת צבי 400 גרם,טיב טירת צבי 2000,IL,נקניקיות עוף,גרמים,400.00,100 גרם,false,0,16.10,4.03,true,1,
7290000365398,false,חזה הודו בדבשטירת צבי,טירת- צבי,IL,חזה הודו בדבש,קילוגרמים,0.00,"ק""ג",true,0,91.00,91.00,true,1,
7290000365909,false,פסטרמה הודו מעושנתטירת צבי,טירת- צבי,IL,פסטרמה טבעית,קילוגרמים,0.00,"ק""ג",true,0,91.00,91.00,true,1,
7290000365954,false,פסטרמה על גחלים משקל,טירת- צבי,IL,פסטרמה על גחלי,קילוגרמים,0.00,"ק""ג",true,0,91.00,91.00,true,1,
7290000367590,false,פסטרמה כפרית וסלמי פריזר כפרי טירת צבי 2*400 גרם,טיב טירת צבי 2000,IL,צמד כפרי נקניקים,גרמים,800.00,100 גרם,false,0,38.10,4.76,true,1,
7290000379128,false,חלה פרוס.וארוז500.גרם231,מאפיית שלמה א. אנג'\ל בע,IL,חלה פרוס.וארוז500.גרם231,גרמים,500.00,100 גרם,false,0,10.60,2.12,true,1,
7290000379142,false,לחם עינן מחיטה מלאה פרוס 750 גרם(מרובע),מאפיית שלמה א. אנג'\ל בע,IL,לחם עינן פרוס וארוז 750ג,גרמים,750.00,100 גרם,false,0,11.90,1.59,true,1,
7290000379203,false,לחם עינן קל פרוס מחיטה מלאה אנג'ל 500 גרם,מאפיית שלמה א. אנג'\ל בע,IL,לחם עינן קל 500 גרם,גרמים,500.00,100 גרם,false,0,11.90,2.38,true,1,
7290000379357,false,חלה קלה פרוסה אנגל 5,מאפיית שלמה א. אנג'\ל בע,IL,חלה קלה פרוסה 500 גרם,גרמים,500.00,100 גרם,false,0,15.80,3.16,true,1,
7290000408316,false,יוגורט דנונה דל לקטוז 200 גרם,מיוצר עי קונדיטוריית,IL,יוגורט ביו 3%,גרמים,200.00,100 גרם,false,0,3.70,1.85,true,1,
7290000408354,false,יוגורט עם אורז מצופה שוקולד קקאו 175 ג' דנונה,"שטראוס בריאות בע""\מ",IL,דנונה בר פצפוצים,גרמים,173.00,100 גרם,false,0,4.50,2.60,true,1,
7290000412481,false,נוזל לניקוי אסלות 00 סנו 1 ליטר,מיוצר עי קונדיטוריית,IL,"מנקה אסלות 00""",ליטרים,1.00,ליטר,false,0,8.70,8.70,true,1,
7290000415987,false,קובה חמוסטה מוכן 400 גרם,יסמין,IL,קובה חמוסטה מוכן,גרמים,400.00,100 גרם,false,0,23.90,5.98,true,1,
7290000416021,false,ממרח בטעם שוקולד השחר חלבי 500,השחר העולה,IL,ממרח השחר,גרמים,500.00,100 גרם,false,0,12.90,2.58,true,1,
7290000416045,false,"ממרח בטעם שוקולד השחר 1 ק""ג",השחר העולה תעשייות מ,IL,ממרח השחר,קילוגרמים,1.00,"ק""ג",false,0,24.70,24.70,true,1,
7290000416168,false,קרם למריחה בשפופרת330ג,השחר,IL,קרם למריחה,גרמים,330.00,100 גרם,false,0,11.90,3.61,true,1,
7290000416618,false,"ממרח שוקולד פרווה השחר 400 גרם כשל""פ",השחר העולה תעשייות מ,IL,ממרח בטעם שוקולד,גרמים,400.00,100 גרם,false,0,13.50,3.38,true,1,
7290000419107,false,לנדוור קפה מקורי לבוקר טחון טורקי 100 גרם,קפה לנדוור בע''מ,IL,קפה שחור לנדוור,גרמים,100.00,100 גרם,false,0,9.30,9.30,true,1,
7290000419114,false,קפה טחון טורקי לנדור200ג,"קפה לנדוור בע""\מ",IL,קפה שחור לנדוור,גרמים,200.00,100 גרם,false,0,18.30,9.15,true,1,
7290000419367,false,קפה לנדוור מקורי 70*4גרם,קפה לנדוור,,קפה לנדוור 4 יח',גרמים,280.00,100 גרם,false,0,22.30,7.96,true,1,
7290000419909,false,לנדוור קפה שחור לבוקר טחון טורקי 100 גרם,מולינו ניקולי s.p.a,IL,קפה בטעם אספרסו,גרמים,100.00,100 גרם,false,0,9.30,9.30,true,1,
7290000420325,false,"פופסטאר פופקורן למקירוגל בטעם טבעי 5 שקיות,500 גרם",פרסטון פארמס,US,פופקורן למיקרו,גרמים,500.00,100 גרם,false,0,16.30,3.26,true,1,
7290000420332,false,פופסטאר פופקורן למיקרוגל בטעם חמאה 5 יחידות 500 גרם,פרסטון פארמס,US,פופקורן למיקרו,גרמים,500.00,100 גרם,false,0,16.30,3.26,true,1,
7290000420417,false,גלילונית שקיות אשפה 52X65 עם שרוך 60 יחידות,"איטיליאן פוד, אס.פי.",IL,גלילונית שרוך,יחידה,1.00,יחידה,false,0,16.90,16.90,true,1,
7290000432182,false,נר נשמה בכוס 24 שעות,פאלאס תעשיות נטו (20,IL,נר נשמה בכוס,יחידה,1.00,יחידה,false,0,5.00,5.00,true,1,
7290000432205,false,נר תמיד בכוס פאלאס 4,פאלאס תעשיות נטו (20,IL,נר נשמה בכוס,יחידה,1.00,יחידה,false,0,6.40,6.40,true,1,
7290000432335,false,נר זכרון בכוס פאלאס,פאלאס תעשיות נטו (20,IL,נר נשמה בכוס,יחידה,1.00,יחידה,false,0,6.90,6.90,true,1,
7290000432649,false,נרות שבת מס 6 180 גר,פאלאס,IL,נרות שבת,יחידה,1.00,יחידה,false,0,4.20,4.20,true,1,
7290000432724,false,מגן לפמוט,,IL,מגן לפמוט,יחידה,1.00,יחידה,false,0,10.10,10.10,true,1,
7290000433684,false,פפסי קולה 1.5 ליטר,"טמפו משקאות בע""מ",IL,פפסי קולה,ליטרים,1.50,ליטר,false,0,5.90,3.93,true,1,
7290000433714,false,סבן אפ 1.5 ליטר,"טמפו משקאות בע""\מ",IL,סבן אפ,ליטרים,1.50,ליטר,false,0,6.10,4.07,true,1,
7290000433745,false,מירינדה 1.5 ליטר,"טמפו משקאות בע""מ",IL,מירינדה תפוזים,ליטרים,1.50,ליטר,false,0,6.10,4.07,true,1,
7290000433899,false,דיאט סבן אפ 1.5 ליטר,טמפו,IL,דיאט סבן אפ,ליטרים,1.50,ליטר,false,0,6.10,4.07,true,1,
7290000446547,false,חמאת בוטנים טבעית בטר אנד דיפרנט 350 גרם,"בטר אנד דיפרנט בע""מ",IL,חמאת בוטנים,גרמים,350.00,100 גרם,false,0,13.90,3.97,true,1,
7290000461625,false,בייגלה שמיניות מלח בייגל בייגל 400 ג',בייגל את בייגל מזון 198),IL,בייגלה שמיניות,גרמים,400.00,100 גרם,false,0,7.90,1.98,true,1,
7290000462103,false,סחוג תימני אדום חריף עדין זהבי הכרם 150 גרם,קריניסה ויטמין אס אי,IL,סחוג זהבי אדום,גרמים,150.00,100 גרם,false,0,8.10,5.40,true,1,
7290000466101,false,חומוסטחינה חריף צבר 400ג,סלטי צבר,IL,חומוסטחינה חריף,גרמים,400.00,100 גרם,false,1,14.90,3.73,true,1,
7290000466170,false,מלפפונים במלח בינוני,בית-השיטה עסיס תעשיו,IL,מלפפונים במלח,גרמים,560.00,100 גרם,false,0,7.60,1.36,true,1,
7290000466187,false,מלפפונים במלח 13-17 560ג,בית השיטה,IL,מלפפונים במלח,גרמים,560.00,100 גרם,false,0,10.80,1.93,true,1,
7290000467153,false,מלך החומוס סמיר הגדול 400 גרם צבר,סלטי צבר,IL,חומוס סמיר הגדול,גרמים,400.00,100 גרם,false,0,13.50,3.38,true,1,
7290000467160,false,מלפפון בחומץ גדול7-9 560,בית השיטה,IL,מלפפונים בחומץ,גרמים,560.00,100 גרם,false,0,7.10,1.27,true,1,
7290000467177,false,מלפפון 12-10 בחומץ 560גר,בית-השיטה עסיס תעשיות מז,IL,מלפפונים בחומץ,גרמים,560.00,100 גרם,false,0,7.60,1.36,true,1,
7290000467191,false,מלפ.בחומץ18-25 560 גרם,בית-השיטה עסיס תעשיות מז,IL,מלפפונים בחומץ,גרמים,560.00,100 גרם,false,0,12.60,2.25,true,1,
7290000467320,false,מלך החומוס אבו מרוואן 400 גרם,סלטי צבר,IL,מלך החומוס צבר,גרמים,400.00,100 גרם,false,0,13.50,3.38,true,1,
7290000468006,false,כרוב כבוש בית השיטה 560ג,בית-השיטה עסיס תעשיו,IL,כרוב כבוש,גרמים,560.00,100 גרם,false,0,8.10,1.45,true,1,
7290000469638,false,"ספריי לגיהוץ קל מריטו 500 מ""ל",בולטון מניטובה,IT,מריטו לגיהוץ קל,מיליליטרים,500.00,"100 מ""ל",false,0,24.40,4.88,true,1,
7290000474021,false,חלב 3% בשקית טרה 1 ליטר מהדרין,הפריט בפיקוח,IL,חלב טרה שקית 3%3,ליטרים,1.00,ליטר,false,0,5.00,5.00,true,1,
7290000474076,false,"חלב קרטון 3%-1 ליטר ""טרה""-מוצר בפיקוח",הפריט בפיקוח,IL,חלב טרי טרה 3%,ליטרים,1.00,ליטר,false,0,5.75,5.75,true,1,
7290000474090,false,"חלב בקרטון 1%- 1 ליטר בד""צ - מוצר בפיקוח",מילקו תעשיות בעמ,IL,חלב טרי טרה 1%,ליטרים,1.00,ליטר,false,0,5.40,5.40,true,1,
7290000474373,false,"שמנת חמוצה 15% שומן 200 מ""ל טרה",קריות זול,IL,שמנת חמוצה15%,מיליליטרים,200.00,"100 מ""ל",false,0,2.20,1.10,true,1,
7290000474502,false,גבינה לבנה טרה 5% מרכיבים טבעיים,הפריט בפיקוח,IL,גבינה לבנה 5%,גרמים,250.00,100 גרם,false,0,4.60,1.84,true,1,
7290000474540,false,טוב טעם גבינה לבנה 3% טרה 250 גרם,קריות זול,IL,גבינת טוב טעם3%,גרמים,250.00,100 גרם,false,0,11.10,4.44,true,1,
7290000480107,false,קוואקר שיבולת שועל פחית 500 גרם,וולקרס סנקס לימיטד,GB,קואקר שיבולת,גרמים,500.00,100 גרם,false,0,15.00,3.00,true,1,
7290000480442,false,קוואקר שיבולת שועל בשקית 500 גרם,פריטו ליי FRITO-LAY,IL,קואקר,גרמים,500.00,100 גרם,false,0,14.80,2.96,true,1,
7290000482071,false,שקיות צליה ואפיה קוקי 20 יחידות,"ש. שסטוביץ בע""\מ",IL,קוקי שקיות אפיה,יחידה,1.00,יחידה,false,0,22.90,22.90,true,1,
7290000483412,false,קישוטי עוגה טיפטופים,המרשלג פרלינס בעמ,IL,טפטופים לעוגה,גרמים,60.00,100 גרם,false,0,16.30,27.17,true,1,
7290000483924,false,המרשלג בצק סוכר 600 גרם,המרשלג,IL,בצק סוכר לעוגות,גרמים,600.00,100 גרם,false,0,16.00,2.67,true,1,
7290000484006,false,גולד כהל לשתיה 96% 750מל,יקב הגליל יוסף גולד ובניו,IL,גולד כהל לשתיה 96% 750מל,מיליליטרים,750.00,"100 מ""ל",false,0,155.60,20.75,true,1,
7290000497044,false,"לחם אקטיב 750 גרם ""ברמן""",מאפית י את א ברמן בע,IL,לחם ברמן אקטיב 750 גרם,גרמים,750.00,100 גרם,false,0,14.90,1.99,true,1,
7290000497228,false,לחמניה רגילה בשקית ברמן 6יח',מאפית י את א ברמן בע,IL,6 לחמניות רגילות בשקית,גרמים,450.00,100 גרם,false,0,11.80,2.62,true,1,
7290000497303,false,"שישיית לחמניות מקמח מלא ""ברמן""",מאפית י את א ברמן בע,IL,6 לחמניות מקמח מלא בשקית,גרמים,450.00,100 גרם,false,0,11.80,2.62,true,1,
7290000497426,false,לחם ברמן לענין פלוס 500 גרם,מאפית י את א ברמן בע,IL,לחם ברמן קל לענין 500גרם,גרמים,500.00,100 גרם,false,0,15.80,3.16,true,1,
7290000497457,false,לחם דגנים 750 גרם,"י.את.א.ברמן בע""\מ",IL,לחם דגנים 750 גרם,גרמים,750.00,100 גרם,false,0,14.80,1.97,true,1,
7290000497488,false,חלה פלוס ברמן 500 גרם,מאפית י את א ברמן בע,IL,חלה קלה 500 גרם,גרמים,500.00,100 גרם,false,0,15.80,3.16,true,1,
7290000497532,false,"לחם מקמח מלא""לעניין"" 750 גר'",מאפית י את א ברמן בע,IL,לחם ברמן לענין 750 גרם,גרמים,750.00,100 גרם,false,0,15.80,2.11,true,1,
7290000497570,false,לחם דגנים פלוס ברמן 500 גרם,מאפית י את א ברמן בע,IL,לחם דגני קלות פרוס 500גר,גרמים,500.00,100 גרם,false,0,15.80,3.16,true,1,
7290000504025,false,ממתיק סוכרזית פטרייה עלית 300 גרם,אף.סי תבליני בגליל ב,IL,סוכרזית פטריה,גרמים,24.00,100 גרם,false,0,9.90,41.25,true,1,
7290000504049,false,סוכרזית קלאסי קנקן 1200 טבליות,אף.סי תבליני בגליל ב,IL,סוכרזית טבליות,גרמים,98.00,100 גרם,false,0,23.90,24.39,true,1,
7290000504209,false,"סוכרזית דיאט טיפ נוזלי 220 מ""ל",אף.סי תבליני בגליל ב,IL,נוזל של סוכרזית,מיליליטרים,220.00,"100 מ""ל",false,0,19.90,9.05,true,1,
7290000504278,false,ממתיק סוכרזית אריזת פטנט 700 טבליות,אף.סי תבליני בגליל ב,IL,סוכרזית טבליות,גרמים,57.00,100 גרם,false,0,17.90,31.40,true,1,
7290000518251,false,ממתיק זהב מתוק וקל 100 יחידות,קריות זול,IL,מתוק וקל זהב,יחידה,1.00,יחידה,false,0,12.80,12.80,true,1,
7290000521008,false,יין אדום יבש של סגל750מל,"כרמי צבי - אחים סגל בע""\",IL,יין סגל אדום,מיליליטרים,750.00,"100 מ""ל",false,0,16.90,2.25,true,1,
7290000521015,false,"יין לבן יבש של סגל750מ""ל","מיוצר ע""י כרמי צבי-",IL,יין לבן של סגל,מיליליטרים,750.00,"100 מ""ל",false,0,16.90,2.25,true,1,
7290000521350,false,"זני של סגל קברנה 750 מ""ל","כרמי צבי-אחים סגל בע""\מ",IL,קברנה סוביניון,מיליליטרים,750.00,"100 מ""ל",false,0,22.90,3.05,true,1,
7290000521381,false,"סגל קברנה מרלו 750מ""ל",יינות סגל,IL,סגל קברנה מרלו,מיליליטרים,750.00,"100 מ""ל",false,0,22.90,3.05,true,1,
7290000521404,false,"יין מרום גליל קברנה סוביניון סינגל 750 מ""ל",כרמי צבי אחים סגל בע,IL,מרום גליל קברנה,מיליליטרים,750.00,"100 מ""ל",false,0,32.90,4.39,true,1,
7290000521411,false,יין מרום גליל סינגל מרלו 750 מל,כרמי צבי אחים סגל בע,IL,מרום גליל מרלו,מיליליטרים,750.00,"100 מ""ל",false,0,32.90,4.39,true,1,
7290000522142,false,חלב הרים טהור-עמיד- קרטון 1 לי 3%,"מחלבות רמת הגולן בע""",IL,חלב הרים טהור 3% 1 ליטר,ליטרים,1.00,ליטר,false,0,8.70,8.70,true,1,
7290000523514,false,מלח ים יבש מלח הארץ 250 גרם מופחת נתרן,"חברת מלח הארץ אילת בע""\מ",IL,מלח דל נתרן,גרמים,250.00,100 גרם,false,0,8.90,3.56,true,1,
7290000525969,false,מיץ תפוזים סחוט רכיבים טבעיים פרימור 1 ליטר,"גניר (1992) בע""מ",IL,מיץ תפוזים סחוט,ליטרים,1.00,ליטר,false,0,10.00,10.00,true,1,
7290000530031,false,סלמי פיין צר זוגלובק,זוגלובק,IL,פיין סלמי צר,קילוגרמים,0.00,"ק""ג",true,0,70.00,70.00,true,1,
7290000530048,false,נקניק סלמי פפרוני במ,זוגלובק,IL,סלמי פפרוני,גרמים,0.00,"ק""ג",true,0,62.00,62.00,true,1,
7290000530178,false,נקניק קוניאק זוגלובק,זוגלובק,IL,נקניק קוניאק,קילוגרמים,0.00,"ק""ג",true,0,92.00,92.00,true,1,
7290000530413,false,המבורגר זהב זוגלובק 400 גרם,נקניק נהריה כשר זוגל,IL,המבורגר זהב,גרמים,400.00,100 גרם,false,0,22.70,5.68,true,1,
7290000531410,false,פסטרממיה בדבש טהור במשקל,זוגלובק,IL,פסטרממיה בדבש,קילוגרמים,0.00,"ק""ג",true,0,91.00,91.00,true,1,
7290000531496,false,קבנוס בואקום 180 גרם,זוגלובק,IL,קבנוס,גרמים,180.00,100 גרם,false,0,21.20,11.78,true,1,
7290000531601,false,סטייקבורגר זהב זוגלובק 400 גרם,נקניק נהריה כשר זוגל,IL,סטייק בורגר 00,גרמים,400.00,100 גרם,false,0,22.70,5.68,true,1,
7290000531977,false,בורקס גבינה זוגלובק 800 גרם,נקניק נהריה כשר זוגל,IL,בורקס גבינה,גרמים,800.00,100 גרם,false,0,19.70,2.46,true,1,
7290000533353,false,"בצק עלים צרפתי 1 ק""ג זוגלובק",מאפיית אריאל וגידרון,IL,בצק עלים,גרמים,1000.00,100 גרם,false,0,15.80,1.58,true,1,
7290000534800,false,פסטרמה הודו רומני במשקל,זוגלובק,IL,פסטרמה הודו,קילוגרמים,0.00,"ק""ג",true,0,91.00,91.00,true,1,
7290000536743,false,שניצלונים קריספי ט. תירס 500 גר' זוגלובק,נקניק נהריה כשר זוגל,IL,מקלוני תירס,גרמים,500.00,100 גרם,false,0,19.70,3.94,true,1,
7290000536934,false,המבורגר בלחמניה יח,זוגלובק,IL,המבורגר בלחמניה,גרמים,185.00,100 גרם,false,0,16.00,8.65,true,1,
7290000537566,false,נקניקיות עוף טרי 400 ג' זוגלובק,נקניק נהריה כשר זוגל,IL,נקניקיות עוף,גרמים,400.00,100 גרם,false,0,15.90,3.98,true,1,
7290000540160,false,עוג.ללא סוכ.חיטה מלאה500,האחים,IL,עוגיות ללא סוכר,גרמים,500.00,100 גרם,false,0,22.80,4.56,true,1,
7290000552194,false,קישקע טיבון ויל 500 גרם,טיבון ויל אחזקות בעמ,IL,קישקע,גרמים,500.00,100 גרם,false,0,17.70,3.54,true,1,
7290000552927,false,עוף טחון טיבון ויל 500 גרם,"טיבון ויל אחזקות בע""\מ",IL,טחון עוף,גרמים,500.00,100 גרם,false,0,16.40,3.28,true,1,
7290000554006,false,גבינה קשקבלו משולשים,מחלבות גד,IL,גבינת קשקבל,קילוגרמים,0.00,"ק""ג",true,0,130.00,130.00,true,1,
7290000554457,false,גבינה צפתית במליחות עדינה 5% גד 350 גרם,"מחלבות גד בע""\מ",IL,גבינה צפתית5%,גרמים,350.00,100 גרם,false,0,20.90,5.97,true,1,
7290000554471,false,נקניק מוצרלה 22 אחוז 180גרם גד מהדרין,"מחלבות גד בע""\מ",IL,גבינת מוצרלה 22%,גרמים,180.00,100 גרם,false,0,17.00,9.44,true,1,
7290000554532,false,גבינה צפתית מעודנת במלח ים 5% 200 ג' גד,הנסיך- מפעל לייצור ט,IL,צפתית מעודנת 5%,גרמים,200.00,100 גרם,false,0,15.50,7.75,true,1,
7290000554600,false,מוצרלה מגורדת 22 אחוז 300גרם גד מהדרין,מחלבות גד בעמ,IL,מוצרלה מגורדת,גרמים,300.00,100 גרם,false,0,24.70,8.23,true,1,
7290000554686,false,גבינת לאבנה בתוספת שמן זית וזעתר 5% גד 250 גרם,מחלבות גד בעמ,IL,לאבנה בשמן זית5%,גרמים,250.00,100 גרם,false,0,14.40,5.76,true,1,
7290000554792,false,גבינה בולגרית 5%במשקל,מחלבות גד,IL,גבינה בולגרית 5%במשקל,גרמים,0.00,"ק""ג",true,0,45.00,45.00,true,1,
7290000554815,false,מוצרלה נקניק 22% במשקל,מחלבות גד,IL,גבינת מוצרלה,גרמים,0.00,"ק""ג",true,0,82.00,82.00,true,1,
7290000554822,false,ריקוטה גבינה לבנה בסגנון איטלקי 5% גד 250 גרם,מחלבות גד בעמ,IL,גבינת ריקוטה 5%,גרמים,250.00,100 גרם,false,0,14.80,5.92,true,1,
7290000554839,false,מסקרפונה שמנת מתוקה קשה בסגנון איטלקי 40% גד 250 גרם,מחלבות גד בעמ,IL,גבינה מסקרפונה,גרמים,250.00,100 גרם,false,0,20.70,8.28,true,1,
7290000554969,false,גב.שמנת 30%שומן1קג משקל,מחלבות גד,IL,גב.שמנת 30%שומן1קג משקל,קילוגרמים,0.00,"ק""ג",true,0,54.00,54.00,true,1,
7290000560533,false,אדג' ג'ל גילוח ירוק לעור רגיל 198גרם,אס.סי ג'ונסון ובניו,US,אדג' ג'ל לגילוח,מיליליטרים,200.00,"100 מ""ל",false,0,17.90,8.95,true,1,
7290000571119,false,גאודה טבעי בית יצחק,תנובה מרכז שיתופי לש,IL,גבינת גאודה,קילוגרמים,0.00,"ק""ג",true,0,89.00,89.00,true,1,
7290000571188,false,גבינת גאודה תום עיזים במשקל,תנובה מרכז שיתופי לש,IL,גב.גאודה תום עיזים משקל,קילוגרמים,0.00,"ק""ג",true,0,159.00,159.00,true,1,
7290000571386,false,המחלבה יוגורמה יוגורט מחלב כבשים 5% 850 גרם,גבינות משק אחים מאיר בית,IL,יוגורמה 5%,גרמים,850.00,100 גרם,false,0,27.10,3.19,true,1,
7290000571393,false,המחלבה יוגורמה יוגורט מחלב כבשים 5% 140 גרם,גבינות משק אחים מאיר,IL,יוגורמה,גרמים,140.00,100 גרם,false,0,6.10,4.36,true,1,
7290000571577,false,יוגורמה טו גו 75 גרם,תנובה,,יוגורמה טו גו,גרמים,75.00,100 גרם,false,0,3.30,4.40,true,1,
7290000571843,false,המחלבה יוגורמה גביע מחלב עזים 140 גרם,גבינות משק אחים מאיר בית,IL,יוגורמה עיזים,גרמים,140.00,100 גרם,false,1,6.10,4.36,true,1,
7290000598369,false,קמח מצה בשקית לפסח 500גר,מצות יהודה,IL,קמח מצה בשקית,גרמים,500.00,100 גרם,false,0,6.90,1.38,true,1,
7290000644783,false,נתחי פילה סלמון קפוא קג,דגי תנובה,DK,פילה סלמון מנות,קילוגרמים,0.00,"ק""ג",true,0,77.90,77.90,true,1,
7290000652986,false,כרעי עוף טרי ארוז דיל,תנובה,IL,כרעי עוף טרי,קילוגרמים,0.00,"ק""ג",true,0,29.90,29.90,true,1,
7290000679440,false,"קמיל בלו משחת החתלה לתינוק ד""ר פישר 100 גרם",פישר מעבדות פרמצבטיות בע,IL,משחה לתינוק,גרמים,100.00,100 גרם,false,0,18.50,18.50,true,1,
7290000688084,false,מי עדן פקק ספורטאים500מל,"מופק ממקור בזלתי עדן ,1",IL,מי עדן פקק ספורטאים500מל,מיליליטרים,500.00,"100 מ""ל",false,0,3.20,0.64,true,1,
7290000688114,false,מים מינרלים מי עדן 1.5 ליטר,מים מינרליים,IL,מי-עדן מים מינרלים 1.5 ל,ליטרים,1.50,ליטר,false,0,5.20,3.47,true,1,
7290000688374,false,"מים מינרליים מי עדן בייבי 6*330 מ""ל","מופק ממקור בזלתי עדן ,1",IL,מי עדן בייבי 6יח,ליטרים,1.50,ליטר,false,0,15.90,10.60,true,1,
7290000688381,false,שישיית מי עדן פקק ספורט 0.5 ליטר,"מופק ממקור בזלתי עדן ,1",IL,מי עדן אישי 6 בק,ליטרים,3.00,ליטר,false,0,14.60,4.87,true,1,
7290000688503,false,"מים מינרלים פקק ספורט מי עדן 6*750 מ""ל","מופק ממקור בזלתי עדן ,1",IL,מי עדן ספורטאים,ליטרים,4.50,ליטר,false,0,17.10,3.80,true,1,
7290000688732,false,שישיית מי עדן 1.5 ליטר משפחתי,"מופק ממקור בזלתי עדן ,1",IL,מי עדן 6 יח,ליטרים,9.00,ליטר,false,0,12.70,1.41,true,1,
7290000692135,false,ספיד סטיק דאו בסיסי ירוק א.פ פרש פאוור,קולגייט-פלמוליב,TR,דאודורנט סטיק,גרמים,51.00,100 גרם,false,0,23.70,46.47,true,1,
7290000692227,false,נוזל כלים פלמוליב צילינדר קלאסי 1 ליטר,יבואן ומשווק: ש. שסט,GR,פלמוליב לכלים,ליטרים,1.00,ליטר,false,0,14.60,14.60,true,1,
7290000692289,false,קולגייט משאבה אדום 100מל,קולגייט- פלמוליב,PL,משחת שיניים,מיליליטרים,100.00,"100 מ""ל",false,0,24.50,24.50,true,1,
7290000692456,false,אג'קס חלונות זוג 750*2 מל ספריי ורפיל,הנסיך- מפעל לייצור ט,GR,אג'קס לחלונות,ליטרים,1.50,ליטר,false,0,26.60,17.73,true,1,
7290000803180,false,מרידול מי פהשטיפה דנטלית 400 מל,קולגייט פלמוליב,CH,שטיפה מרידול,מיליליטרים,400.00,"100 מ""ל",false,0,24.90,6.23,true,1,
7290000805900,false,"מזון חתולים לה קט עוף 2.85 ק""ג","ביופט בע""מ",FR,לה קט עוף לחתול,קילוגרמים,2.85,"ק""ג",false,0,59.40,20.84,true,1,
7290000849478,false,"סרקל מרכך שיער לילדים 500 מ""ל",פישר מעבדות פרמצבטיות בע,IL,מרכך שיער סרקל,מיליליטרים,500.00,"100 מ""ל",false,0,20.00,4.00,true,1,
7290000849492,false,"סרקל שמפו לילדים 500 מ""ל",פישר מעבדות פרמצבטיות בע,IL,שמפו לשיער סרק,מיליליטרים,500.00,"100 מ""ל",false,0,20.00,4.00,true,1,
7290000907949,true,משקה מוגז בקירור עד500-מ,,,משקה מוגז בקירור עד500-מ,מיליליטרים,500.00,"100 מ""ל",false,0,6.00,1.20,true,1,
7290000910406,true,"פילה עוף טרי ת עצמי ק""ג",שונות,IL,פילה עוף טרי,קילוגרמים,0.00,"ק""ג",true,0,35.90,35.90,true,1,
7290000922591,true,עוף שלם טרי תפזורת עצמי,שונות,IL,עוף שלם טרי,קילוגרמים,0.00,"ק""ג",true,0,19.90,19.90,true,1,
7290000928265,true,פילה סלמון קפוא נורווגי,ויליגר תעשיות בעמ,NO,פילהה סלמון קפוא,קילוגרמים,0.00,"ק""ג",true,0,66.90,66.90,true,1,
7290000929514,true,גרון הודו נ.טרי ת.עצמי ל,שונות,IL,גרון הודו טרי,קילוגרמים,0.00,"ק""ג",true,0,25.90,25.90,true,1,
7290000961552,true,פלפל כתום,קטיף.,IL,פלפל כתום,קילוגרמים,0.00,"ק""ג",true,0,9.90,9.90,true,1,
7290000961606,true,שורש ג'ינגר במשקל,קטיף.,XX,שורש גינגר במשקל,קילוגרמים,0.00,"ק""ג",true,0,29.90,29.90,true,1,
7290000961804,true,דלעת ארוזה,קטיף.,IL,דלעת ארוזה,קילוגרמים,0.00,"ק""ג",true,0,9.90,9.90,true,1,
7290000963136,true,תפוח עץ מוזהב 65,קטיף.,XX,תפוח עץ מוזהב,קילוגרמים,0.00,"ק""ג",true,0,9.90,9.90,true,1,
7290000963174,true,תפוח עץ יונתן יבוא,קטיף.,XX,תפוח עץ יונתן,קילוגרמים,0.00,"ק""ג",true,0,12.90,12.90,true,1,
7290000963297,true,תפוח עץ סטרקינג 65,קטיף.,XX,"ת""ע סטרקינג",קילוגרמים,0.00,"ק""ג",true,0,10.90,10.90,true,1,
7290000963310,true,תפוח עץ קנזי יבוא,קטיף.,IT,"תפו""ע קנזי",קילוגרמים,0.00,"ק""ג",true,0,13.90,13.90,true,1,
7290000963365,true,תפוח עץ פינקריספי 65,קטיף.,XX,"תפו""ע פינקריספי",קילוגרמים,0.00,"ק""ג",true,0,15.90,15.90,true,1,
7290000963563,true,תפוח עץ סמיט65,קטיף.,XX,תפוח עץ סמיט65,קילוגרמים,0.00,"ק""ג",true,0,9.90,9.90,true,1,
7290000963617,true,תפוח עץ ענה 60,קטיף.,IL,"תפו""ע ענה",קילוגרמים,0.00,"ק""ג",true,0,9.90,9.90,true,1,
7290000963686,true,תפוח עץ גאלה יבוא,קטיף.,XX,תפוח עץ גאלה,קילוגרמים,0.00,"ק""ג",true,0,13.90,13.90,true,1,
7290000963976,true,נקטרינה 60,קטיף.,IL,נקטרינה,קילוגרמים,0.00,"ק""ג",true,0,11.90,11.90,true,1,
7290000964034,true,אפרסק 60,קטיף.,IL,אפרסק,קילוגרמים,0.00,"ק""ג",true,0,11.90,11.90,true,1,
7290000964300,true,תפוז,קטיף.,IL,תפוז,קילוגרמים,0.00,"ק""ג",true,0,6.90,6.90,true,1,
7290000964492,true,לימון תפזורת,קטיף.,IL,לימון,קילוגרמים,0.00,"ק""ג",true,0,8.90,8.90,true,1,
7290000964775,true,בננות,קטיף.,IL,בננות,קילוגרמים,0.00,"ק""ג",true,0,9.90,9.90,true,1,
7290000964959,true,אגס ספדונה 65 יבוא,קטיף,ES,אגס ספדונה 65,קילוגרמים,0.00,"ק""ג",true,0,11.90,11.90,true,1,
7290000964980,true,אבוקדו,קטיף.,IL,אבוקדו,קילוגרמים,0.00,"ק""ג",true,0,19.90,19.90,true,1,
7290000965031,true,אבטיח במיכל,קטיף.,IL,אבטיח,קילוגרמים,0.00,"ק""ג",true,0,3.90,3.90,true,1,
7290000965079,true,מלון כתום,,IL,מלון כתום,קילוגרמים,0.00,"ק""ג",true,0,5.90,5.90,true,1,
7290000965116,true,משמש,קטיף.,IL,משמש,קילוגרמים,0.00,"ק""ג",true,0,16.90,16.90,true,1,
7290000965345,true,שזיף אדום 55,קטיף.,IL,שזיף אדום,קילוגרמים,0.00,"ק""ג",true,0,15.90,15.90,true,1,
7290000966038,true,ענבים ירוקים מובחר,קטיף.,IL,ענב לבן,קילוגרמים,0.00,"ק""ג",true,0,15.90,15.90,true,1,
7290000966502,true,אננס ראש שישיות יחידה,קטיף,IL,אננס ראש גדול יח,יחידה,1.00,יחידה,false,0,32.90,32.90,true,1,
7290000966793,true,דובדבן אדום-יחידה,קטיף.,IL,דובדבן אדום יח,יחידה,1.00,יחידה,false,0,11.90,11.90,true,1,
7290000972268,true,קוקוס ראש-יחידה,קטיף.,IL,קוקוס ראש-יח',יחידה,1.00,יחידה,false,0,5.90,5.90,true,1,
7290000982939,true,כרישה )לוף( יחידה,קטיף.,IL,לוף פרסה-יחידה,יחידה,1.00,יחידה,false,0,8.00,8.00,true,1,
7290000987071,true,שום בתפזורת,קטיף,XX,שום בתפזורת,קילוגרמים,0.00,"ק""ג",true,0,30.00,30.00,true,1,
7290000992563,true,דלעת ערמונים,קטיף.,IL,דלעת ערמונים,קילוגרמים,0.00,"ק""ג",true,0,12.90,12.90,true,1,
7290001012123,false,פרש וואנס קייר כחול 72*4,על בד,IL,פרש וואנס,יחידה,1.00,יחידה,false,0,17.90,17.90,true,1,
7290001045220,false,מיץ תפוזים סחוט 2 ליטר,סטאר סנקס,IL,מיץ תפוזים סחוט,ליטרים,2.00,ליטר,false,0,25.90,12.95,true,1,
7290001121023,false,פסטרמה של פעם יחיעם,מעדני יחיעם,IL,פסטרמה של פעם משקל,קילוגרמים,0.00,"ק""ג",true,0,80.00,80.00,true,1,
7290001123775,false,שווארמה אמיתית פרגיות טיבון ויל 500 גרם,"טיבול ויל אחזקות בע""",IL,שווארמה פרגית,גרמים,500.00,100 גרם,false,0,25.90,5.18,true,1,
7290001123782,false,שווארמה אמיתית הודו טיבון ויל 500 גרם,טיבון ויל - נטו,IL,שווארמה הודו,גרמים,500.00,100 גרם,false,0,25.70,5.14,true,1,
7290001124611,false,שומן כבש טיבון ויל 200 גרם,טיבון ויל אחזקות בעמ,IL,שומן כבש 200גרם,גרמים,200.00,100 גרם,false,0,22.70,11.35,true,1,
7290001126127,false,פילה מדומה לקג,טיבון ויל - נטו,IL,פילה מדומה קפוא,קילוגרמים,0.00,"ק""ג",true,0,64.40,64.40,true,1,
7290001126172,false,גולש עגל 800 גרם,טיבון ויל - נטו,IL,גולש עגל 800 גרם,גרמים,800.00,100 גרם,false,0,59.40,7.43,true,1,
7290001128046,false,פילדלפיה לייט בגביע227גר,נטו,US,גבינת פילדלפיה,גרמים,227.00,100 גרם,false,0,16.90,7.44,true,1,
7290001128053,false,פילדלפיה שמנה בגביע227גר,נטו,US,גבינת פילדלפיה,גרמים,227.00,100 גרם,false,0,16.90,7.44,true,1,
7290001136287,false,"שמפו לשיער רגיל בבושם פרחים נקה 7 750 מ""ל","אמיליה קוסמטיקס בע""מ",IL,שמפו נקה 7,מיליליטרים,750.00,"100 מ""ל",false,0,10.00,1.33,true,1,
7290001136294,false,"שמפו לשיער יבש בבישום פרחים נקה 7 750 מ""ל","אמיליה קוסמטיקס בע""מ",IL,שמפו נקה 7,מיליליטרים,750.00,"100 מ""ל",false,0,10.00,1.33,true,1,
7290001136799,false,נקה 7 תחליב רחצה ארומה ורוד יסמין 1 ל',מיוצר בסין.יבוא ושיו,IL,תחליב רחצה נקה 7,ליטרים,1.00,ליטר,false,0,15.40,15.40,true,1,
7290001158500,false,כנפי עוף טרי תפזורת עצמי,שונות,IL,כנפיים עוף טרי,קילוגרמים,0.00,"ק""ג",true,0,12.90,12.90,true,1,
7290001158517,false,כרעי עוף טרי תפזורת עצמי,שופרסל,IL,כרעיים עוף טרי,קילוגרמים,0.00,"ק""ג",true,0,29.90,29.90,true,1,
7290001158524,false,שניצל עוף פרוס)עצמי(לקג,שונות,IL,שניצל עוף טרי,קילוגרמים,0.00,"ק""ג",true,0,37.90,37.90,true,1,
7290001158531,false,שוקי עוף טרי תפזורת עצמי,שונות,IL,שוקיים עוף טרי,קילוגרמים,0.00,"ק""ג",true,0,34.90,34.90,true,1,
7290001158661,false,שווארמה פרגיות)עצמי(לקג,שונות,IL,פרגיות עוף טרי,קילוגרמים,0.00,"ק""ג",true,0,59.90,59.90,true,1,
7290001158722,false,חזה עוף טרי תפזורת עצמי,שונות,IL,חזה עוף טרי,קילוגרמים,0.00,"ק""ג",true,0,34.90,34.90,true,1,
7290001216040,false,טחינה גולמית שומשום טהור אל ארז 500 גרם,אגס ירוק מסחר ושירותים,IL,טחינה גולמית,גרמים,500.00,100 גרם,false,0,16.90,3.38,true,1,
7290001230331,false,סיגריות כאמל בוקס חפ,Unknown,CH,כאמל בוקס יח',יחידה,1.00,יחידה,false,0,32.00,32.00,false,1,
7290001230739,false,כאמל כחול חפיסה חפיסה,Unknown,CH,כאמל כחול יח',יחידה,1.00,יחידה,false,0,32.00,32.00,false,1,
7290001231233,false,סיגריות וינסטון בוקס,Unknown,CH,ווינסטון בוקס,יחידה,1.00,יחידה,false,0,32.00,32.00,false,1,
7290001231932,false,ווינסטון כחול בוקס חפיסה,Unknown,CH,ווינסטון כחול,יחידה,1.00,יחידה,false,0,32.00,32.00,false,1,
7290001247006,false,גזוז בטעם קולה קריסטל 2ל,יפאורה שותפות מובגלת לשיווק,IL,קריסטל קולה,ליטרים,2.00,ליטר,false,0,3.90,1.95,true,1,
7290001247020,false,קריסטל אורנג' 2 ליטר,יפאורה שותפות מובגלת לשיווק,IL,קריסטל אורנג',ליטרים,2.00,ליטר,false,0,3.90,1.95,true,1,
7290001247037,false,גזוז בטעם מנטה קריסטל 2ל,יפאורה שותפות מובגלת לשיווק,IL,גזוז בטעם מנטה,ליטרים,2.00,ליטר,false,0,3.90,1.95,true,1,
7290001247044,false,קריסטל תות מוגז 2 ליטר,יפאורה שותפות מובגלת לשיווק,IL,קריסטל מוגז תות,ליטרים,2.00,ליטר,false,0,3.90,1.95,true,1,
7290001247068,false,קרטונית נקטר ספרינג תות בננה 1 ליטר,יפאורה שותפות מובגלת לשיווק,IL,נקטר תות בננה,ליטרים,1.00,ליטר,false,0,5.50,5.50,true,1,
7290001247082,false,מיץ עגבניות רכיבים טבעיים ספרינג 1 ליטר,יפאורה שותפות מובגלת לשיווק,IL,נקטר עגבניות,ליטרים,1.00,ליטר,false,0,5.50,5.50,true,1,
7290001247099,false,קרטונית נקטר ספרינג מנגו 1 ליטר,יפאורה שותפות מובגלת לשיווק,IL,נקטר ספרינג מנגו,ליטרים,1.00,ליטר,false,0,5.50,5.50,true,1,
7290001247105,false,קרטונית נקטר ספרינג אפרסק 1 ליטר,יפאורה שותפות מובגלת לשיווק,IL,נקטר אפרסק,ליטרים,1.00,ליטר,false,0,5.50,5.50,true,1,
7290001247112,false,קרטונית נקטר ספרינג לימונענע 1 ליטר,יפאורה שותפות מובגלת לשיווק,IL,משקה לימונענע,ליטרים,1.00,ליטר,false,0,5.50,5.50,true,1,
7290001247129,false,נקטר ספרינג תפוזים קרטונית 1 ל',יפאורה שותפות מובגלת לשיווק,IL,נקטר ספרינג תפוז,ליטרים,1.00,ליטר,false,0,5.50,5.50,true,1,
7290001247952,false,"תפוזינה משק""ל ענבים1.5ל",יפאורה שותפות מובגלת לשיווק,IL,תפוזינה ענבים,ליטרים,1.50,ליטר,false,0,6.50,4.33,true,1,
7290001265123,false,דייסת גם וגם 8דגנים300גר,נסטלה,IL,דייסת מטרנה,גרמים,300.00,100 גרם,false,0,20.90,6.97,true,1,
7290001305058,false,"פלמוליב - נטורלס תחליב רחצה חלב ודבש 500 מ""ל",הנסיך- מפעל לייצור ט,TR,סב.נוזלי פלמוליב,מיליליטרים,500.00,"100 מ""ל",false,0,15.00,3.00,true,1,
7290001312995,false,בגט 280 גרם,גידרון,IL,באגט,יחידה,1.00,יחידה,false,0,4.90,4.90,true,1,
7290001327227,false,קרמיסימו ריבת חלב 1.33ל',"גלידת שטראוס בע""\מ",IL,קרמיסימו ריבת חלב 1.33ל',ליטרים,1.33,ליטר,false,0,20.90,15.71,true,1,
7290001327357,false,גל.קרמיסימו וניל 1.33ל',"גלידת שטראוס בע""\מ",IL,גל.קרמיסימו וניל 1.33ל',ליטרים,1.33,ליטר,false,0,20.90,15.71,true,1,
7290001327791,false,גלידת קרמיסימו וניל עוגיות חלבי,"גלידת שטראוס בע""\מ, רחוב",IL,גל.קרמיסימו עוגיות 1.33ל,ליטרים,1.33,ליטר,false,0,20.90,15.71,true,1,
7290001327838,false,מאגדת מיני מגנום פולטיפק,קריות זול,IL,מאגדת מיני מגנום פולטיפק,גרמים,250.00,100 גרם,false,0,29.90,11.96,true,1,
7290001407547,false,טחינה גולמית משומשום מלא פי 6 בארכה 500ג',"רושדי תעשיות מזון בע""\מ",IL,טחינה שומשום מלא,גרמים,500.00,100 גרם,false,1,17.70,3.54,true,1,
7290001407769,false,טחינה גולמית שומשום מלא בארכה 500 גרם,"רושדי תעשיות מזון בע""\מ",IL,טחינה שומשום,גרמים,500.00,100 גרם,false,0,17.70,3.54,true,1,
7290001407844,false,חלבה קלאסית בטעם וניל בארכה 350 גרם,"רושדי תעשיות מזון בע""\מ",IL,חלבה וניל,גרמים,350.00,100 גרם,false,0,9.90,2.83,true,1,
7290001476208,false,גבינת ברי פקאן במשקל,מחלבות גד,IL,ברי פקאן במשקל,קילוגרמים,0.00,"ק""ג",true,0,135.00,135.00,true,1,
7290001482384,false,חתיכות אננס בסירופ קל וילי פוד 227 גרם,וילי פוד,TH,לפתן אננס חתוך,גרמים,227.00,100 גרם,false,0,5.90,2.60,true,1,
7290001491096,false,תה ירוק בתוספת לימונית ולואיזה 50 שקיקים ויסוצקי,תה ויסוצקי,IL,תה ירוק לימונית,גרמים,75.00,100 גרם,false,0,43.80,58.40,true,1,
7290001594155,false,"קוקה-קולה בבקבוק אישי 500 מ""ל",החברה המרכזית לייצור משקאות,IL,קוקה קולה,מיליליטרים,500.00,"100 מ""ל",false,0,7.90,1.58,true,1,
7290001594179,false,"פאנטה אורנג' בבקבוק אישי 500 מ""ל",החברה המרכזית לייצור משקאות,IL,פנטה אורנג',מיליליטרים,500.00,"100 מ""ל",false,0,7.90,1.58,true,1,
7290001594568,false,"קרלסברג פחית 500 מ""ל פקדון",מבשלות בירה בינלאומיות ב,RO,בירה קרלסברג פח,מיליליטרים,500.00,"100 מ""ל",false,0,9.90,1.98,true,1,
7290001648643,false,מארז קפה טורקי כתר 100X3 גרם,רוני רג'ואן ושות,IL,מארז טורקי כתר,גרמים,300.00,100 גרם,false,0,14.70,4.90,true,1,
7290001670194,false,עוגיות מרוקאיות 400 גרם,הנמל,IL,עוגיות מרוקאיות,גרמים,400.00,100 גרם,false,0,17.30,4.33,true,1,
7290001696057,false,מאפה צמה חלבה יח',מאפ גדרון,IL,מאפה צמה חלבה,יחידה,1.00,יחידה,false,50,6.90,6.90,true,1,
7290001696064,false,מאפה צמה טעם שוקולד יח',מאפ גדרון,IL,מאפה צמה טעם שוק,יחידה,1.00,יחידה,false,50,6.90,6.90,true,1,
7290001779057,false,אקסטרים ענק ריבתחלב יח,נגה גלידות,IL,אקסטרים ענק ריבתחלב יח,יחידה,1.00,יחידה,false,0,10.00,10.00,true,1,
7290001779965,false,שלגוני ויטמינצ'יק כשלפ,נסטלה,IL,שלגוני ויטמינצ'יק כשלפ,גרמים,800.00,100 גרם,false,0,24.60,3.08,true,1,
7290001780138,false,"קראנץ שוקולד חלב כשל""פ",תות תעשיות מזון (201,IL,"קראנץ שוקולד חלב כשל""פ",יחידה,1.00,יחידה,false,0,8.90,8.90,true,1,
7290001780800,false,שלגון קראנץ שוקולד ליבת נוגט נסטלה 100 גרם,נסטלה גלידות,IL,"קראנץ ליבת נוגט כשל""פ",יחידה,1.00,יחידה,false,0,8.90,8.90,true,1,
7290001791349,false,פיסגה אקונומיקה ריחנית סנו 4 ליטר,"סנו מפעלי ברונוס בע""מ",IL,אקונומיקה פיסגה,ליטרים,4.00,ליטר,false,0,8.90,2.23,true,1,
7290001813881,false,פתי בר בטעם חמאה 500 גרם,שטראוס,IL,פתי בר עלית,גרמים,500.00,100 גרם,false,0,11.30,2.26,true,1,
7290001814147,false,ממרח בטעם שוקולד פרה500ג,שטראוס,IL,ממרח בטעם שוקולד,גרמים,500.00,100 גרם,false,0,11.60,2.32,true,1,
7290001814222,false,שוקולד חלב עם עדשים 100ג,עלית,IL,שוקולד עדשים,גרמים,100.00,100 גרם,false,0,6.60,6.60,true,1,
7290001817063,false,סוכ.טופי מזל וברכות850גר,שטראוס,IL,טופי ברכות פירות,גרמים,850.00,100 גרם,false,0,15.80,1.86,true,1,
7290001865439,false,פמילי אל סבון נוזלי בניחוח וניל 1 ליטר,אף.סי תבליני בגליל ב,IL,סבון פמלי לבן +משאבה 1ל',ליטרים,1.00,ליטר,false,0,14.90,14.90,true,1,
7290001865453,false,פמילי לקשרי 1 ליטר לבנדר ארומטי+משאבה,מיוצר עי קונדיטוריית,TR,סבון נוזלי פמלי,ליטרים,1.00,ליטר,false,0,14.90,14.90,true,1,
7290001902066,false,לחם כפרי 485 גרם,"גידרון תעשיות בע""מ",IL,לחם כפרי,גרמים,485.00,100 גרם,false,0,12.90,2.66,true,1,
7290001902073,false,לחם פומפרניקל 485 גרם,גידרון,IL,לחם פומפרניקל,גרמים,485.00,100 גרם,false,0,12.90,2.66,true,1,
7290001902103,false,לחם קמח מלא 510 גרם,"גידרון תעשיות בע""מ",IL,לחם קמח מלא,גרמים,510.00,100 גרם,false,0,12.90,2.53,true,1,
7290001902301,false,חלה מתוקה קלועה 450 גרם,"גידרון תעשיות בע""מ",IL,חלה מתוקה קלוע,יחידה,1.00,יחידה,false,0,11.90,11.90,true,1,
7290001902318,false,חלה מתוקה קלוע+צימוקקפוא,"גידרון תעשיות בע""מ",IL,חלה מתוקה קלוע,יחידה,1.00,יחידה,false,0,11.90,11.90,true,1,
7290001902325,false,חלה קלועה שופרסל,"גידרון תעשיות בע""מ",IL,"חלת ""גדרון""",יחידה,1.00,יחידה,false,0,11.90,11.90,true,1,
7290001902776,false,לחמנית עם דגנים קפוא,"גידרון תעשיות בע""מ",IL,לחמנית עם דגנים,יחידה,1.00,יחידה,false,0,5.00,5.00,true,1,
7290001902783,false,לחמנית המבורגר,"גידרון תעשיות בע""מ",IL,לחמנית המבורגר,יחידה,1.00,יחידה,false,0,3.50,3.50,true,1,
7290001975435,false,פריגת פאלפ אשכו.אדומה1.5,פריגת,IL,פריגת אשכולית,ליטרים,1.50,ליטר,false,0,6.90,4.60,true,1,
7290001985311,false,מאגדת מיני מגנום לבן+שקד,שטראוס,IL,מאגדת מיני מגנום לבן+שקד,גרמים,250.00,100 גרם,false,0,29.90,11.96,true,1,
7290001985502,false,גלידה אבטיח יח,שטראוס,IL,גלידה אבטיח יח,יחידה,1.00,יחידה,false,0,6.00,6.00,true,1,
7290001989364,false,מקרל פרוס בשמן במשקל,"סלטי שמיר 2006 בע""מ",IL,מקרל פרוס בשמן משקל,קילוגרמים,0.00,"ק""ג",true,0,99.00,99.00,true,1,
7290001989388,false,מעדן מטיאס הולנדי משקל,"סלטי שמיר 2006 בע""מ",IL,מעדן מטיאס הולנדי משקל,קילוגרמים,0.00,"ק""ג",true,0,61.00,61.00,true,1,
7290001989395,false,דג הרינג כבוש עם בצל,"סלטי שמיר 2006 בע""מ",IL,הרינג כבוש במשקל,קילוגרמים,0.00,"ק""ג",true,0,55.00,55.00,true,1,
7290001990094,false,"סוכר חום כהה צנצנת קלאסי סוגת 1ק""ג",האי נאם סי או אל.טי.,IL,"סוכר חום בצנצנת 1 ק""ג",קילוגרמים,1.00,"ק""ג",false,0,12.80,12.80,true,1,
7290001990148,false,"סוכר גולדן קלאסי בצנצנת סוגת 1 ק""ג",האי נאם סי או אל.טי.,IL,סוכר גולדן,קילוגרמים,1.00,"ק""ג",false,0,12.10,12.10,true,1,
7290001990261,false,"סוגת חומוס 1 ק""ג","סוגת תעשיות בע""\מ",IL,חומוס,קילוגרמים,1.00,"ק""ג",false,0,13.90,13.90,true,1,
7290002000136,false,מגע הדבש -שעווה להסרת שיער למיקרוגל 500 גרם,"ש. שוורץ )באר שבע( בע""\מ",IL,שעוות מגע משי,גרמים,500.00,100 גרם,false,0,15.90,3.18,true,1,
7290002000143,false,"חדש -פנג'ל ק.ידיים קלאסיק 80מ""ל",מיוצר עי קונדיטוריית,IL,קרם ידיים פנג'ל,מיליליטרים,80.00,"100 מ""ל",false,0,9.40,11.75,true,1,
7290002001782,false,פנג'ל פלוס לכף הרגל 100מ,אינטרקוסמא,IL,פנג'ל פלוס לכף הרגל 100ג,גרמים,100.00,100 גרם,false,0,20.00,20.00,true,1,
7290002002857,false,"מגע הדבש, ניירות להסרת שיער בשעווה, 50 יחידות","איטיליאן פוד, אס.פי.",IL,נייר שעווה,יחידה,1.00,יחידה,false,0,19.90,19.90,true,1,
7290002007500,false,קיסמי שיניים הנמל במבוק 500 יחידות,הנמל אריזות ושיווק בעמ,IL,קיסמי שיניים,יחידה,1.00,יחידה,false,0,3.50,3.50,true,1,
7290002008040,false,שיפודי במבוק הנמל 100 יחידות,"הנמל אריזות ושיווק בע""\מ",IL,מקלות לשיפודים,יחידה,1.00,יחידה,false,0,3.50,3.50,true,1,
7290002008224,false,סוכריות לקישוט צבעונית הנמל 100 ג',ממתקי עלה בעמ,IL,סוכריות לקישוט,גרמים,100.00,100 גרם,false,0,6.20,6.20,true,1,
7290002008354,false,מפת שולחן פלסטיק 8 יחידו,"איטיליאן פוד, אס.פי.",IL,מפת שולחן פלסטיק,יחידה,1.00,יחידה,false,0,11.00,11.00,true,1,
7290002008651,false,קמח תפוחי אדמה הנמל 500 גרם,ר.ס. חברה ליבוא וייצ,IL,"קמח תפו""א",גרמים,500.00,100 גרם,false,0,6.70,1.34,true,1,
7290002008941,false,עוג.מרוקאיות ללא סוכר400,הנמל,IL,עוגיות ללא סוכר,גרמים,400.00,100 גרם,false,0,21.40,5.35,true,1,
7290002008989,false,קישקשים קשים לשתיה 225יח הנמל,שיווק: הנמל אריזות ושיוו,CN,קישקשים בקופסא,יחידה,1.00,יחידה,false,0,6.90,6.90,true,1,
7290002013174,false,פסטרמה של פעם זוגלוב,זוגלובק,IL,פסטרמה של פעם,קילוגרמים,0.00,"ק""ג",true,0,92.00,92.00,true,1,
7290002013884,false,פסטרמה תבור ללא משמר לקג,זוגלובק,IL,פסטרמה תבור,גרמים,0.00,"ק""ג",true,1,99.00,99.00,true,1,
7290002013891,false,פסטרמה ברביקיו ללא משמר,זוגלובק,IL,פסטרמה ברביקיו,גרמים,0.00,"ק""ג",true,1,99.00,99.00,true,1,
7290002013907,false,סלמי תה ללא חומר משמר לק,זוגלובק,IL,סלמי תה,קילוגרמים,0.00,"ק""ג",true,1,59.00,59.00,true,1,
7290002013914,false,סלמי מעושן ללא משמר לקג,זוגלובק,IL,סלמי מעושן,קילוגרמים,0.00,"ק""ג",true,1,89.00,89.00,true,1,
7290002016830,false,כרוב כבוש בני דרום 430 גרם,בני דרום,IL,כרוב כבוש,גרמים,550.00,100 גרם,false,0,6.90,1.25,true,1,
7290002019114,false,רוטב עגבניות מרוכז מאד 28-30BX פריניר,פרי ניר,IL,תרכיז עגבניות,גרמים,580.00,100 גרם,false,0,6.70,1.16,true,1,
7290002019794,false,רוטב עגבניות מרוכז מאוד 100 גרם פריניר,פריניר ( הדס 1987) ב,IL,רסק עגבניות,גרמים,100.00,100 גרם,false,0,2.10,2.10,true,1,
7290002020356,false,עוגת מאפין דגנים קמח מלא,גידרון,IL,עוגת מאפין דגנים,גרמים,400.00,100 גרם,false,0,23.90,5.98,true,1,
7290002020363,false,עוגת מאפין סילאן ותמר,גידרון,IL,עוגת מאפין סילאן,גרמים,400.00,100 גרם,false,0,23.90,5.98,true,1,
7290002020493,false,פילו תרד פרימיום לקג,"גידרון תעשיות בע""מ",,מאפה פילו תרד,קילוגרמים,0.00,"ק""ג",true,0,50.00,50.00,true,1,
7290002020837,false,לחמניות מיני חלה,גידרון,IL,לחמניות מיני חל,יחידה,1.00,יחידה,false,0,4.20,4.20,true,1,
7290002022046,false,מרשמלו ורוד לבן 180 גרם,כרמית תעשיות ממתקים,IL,מרשמלו ורוד לבן,גרמים,180.00,100 גרם,false,0,8.10,4.50,true,1,
7290002026297,false,גלידה בן אנד ג'רי בטעם חרוסת,בן & ג'ריס,IL,גלידה חרוסת,מיליליטרים,500.00,"100 מ""ל",false,1,29.90,5.98,true,1,
7290002026402,false,בלינצס גבינה בראנץ אנד קראנץ 350 ג',מוצרי איכות אמריקאיים בע,IL,בלינצ'ס גבינה קפוא 350גר,גרמים,350.00,100 גרם,false,0,15.40,4.40,true,1,
7290002026433,false,ופל בלגי קפוא ופל בלגי ק,מוצרי איכות אמריקאיים,IL,ופל בלגי קפוא,גרמים,220.00,100 גרם,false,0,15.60,7.09,true,1,
7290002037309,false,"שמיניית לחמניות המבורגר ""ודש""",מאפית י את א ברמן בע,IL,8לחמניות המבורגר ארוז400,גרמים,400.00,100 גרם,false,0,11.80,2.95,true,1,
7290002037545,false,לחם שחור קל פרוס 750 גרם,מאפית ברמן,IL,לחם שחור קל פרוס 750 גרם,גרמים,750.00,100 גרם,false,0,15.80,2.11,true,1,
7290002037637,false,חליות מתוקות מארז 4יח',מאפית י את א ברמן בע,IL,חליות מתוקות 4 יח',גרמים,350.00,100 גרם,false,0,12.50,3.57,true,1,
7290002040019,false,קוסקוס רגיל הנמל 350 גרם,"קוסקוס מזון בע""מ",IL,קוסקוס רגיל,גרמים,350.00,100 גרם,false,0,5.50,1.57,true,1,
7290002053361,false,נודלס איטריות ביצים400גר,אוריינט,IL,איטריות נודלס,גרמים,400.00,100 גרם,false,0,9.90,2.48,true,1,
7290002057031,false,זיתים מבוקעים פיקנטי קבוצת יבנה 340 גרם,קבוצת יבנה,IL,זית מבוקע בשמן,גרמים,540.00,100 גרם,false,0,9.00,1.67,true,1,
7290002057048,false,זית יבנה סורי מבוקע בשמן זית 340 גרם,קבוצת יבנה,IL,זית סורי מבוקע,גרמים,540.00,100 גרם,false,0,11.60,2.15,true,1,
7290002057055,false,זיתים סורי שלם קבוצת יבנה 340 גרם,קבוצת יבנה,IL,זית סורי ירוק,גרמים,540.00,100 גרם,false,0,11.60,2.15,true,1,
7290002057123,false,זיתים ירוקים מנזנילו קבוצת יבנה 560 גרם,קבוצת יבנה,IL,זית ללא גלעין,גרמים,540.00,100 גרם,false,0,9.50,1.76,true,1,
7290002057161,false,זיתים מרינט ביין גדול מאד קבוצת יבנה 340 גרם,קבוצת יבנה,IL,זית חתוך במרינד,גרמים,540.00,100 גרם,false,0,10.80,2.00,true,1,
7290002057185,false,טבעות זיתים ירוקים קבוצת יבנה 560 גרם,קבוצת יבנה,IL,טבעות זיתים,גרמים,540.00,100 גרם,false,0,6.90,1.28,true,1,
7290002057352,false,מלפפונים במלח ‏9‏-‏7‏ קבוצת יבנה 320 גרם,קבוצת יבנה מוצרי מזון,IL,מלפפון במלח 7-9,גרמים,540.00,100 גרם,false,0,6.80,1.26,true,1,
7290002057369,false,מלפפונים במלח ‏12‏-‏10‏ קבוצת יבנה 320 גרם,קבוצת יבנה,IL,מלפפונים במלח,גרמים,540.00,100 גרם,false,0,7.50,1.39,true,1,
7290002057376,false,מלפפונים במלח ‏17‏-‏13‏ קבוצת יבנה 320 גרם,קבוצת יבנה,IL,מלפפונים במלח,גרמים,540.00,100 גרם,false,0,9.80,1.81,true,1,
7290002057383,false,מלפפונים במלח ‏25‏-‏18‏ קבוצת יבנה 320 גרם,קבוצת יבנה,IL,מלפפונים במלח,גרמים,540.00,100 גרם,false,0,11.80,2.19,true,1,
7290002057482,false,מלפפונים קטנים בחומץ קבוצת יבנה 560 גרם,קבוצת יבנה,IL,מלפפונים בחומץ,גרמים,540.00,100 גרם,false,0,11.80,2.19,true,1,
7290002065555,false,שישיית לחמנייה הכי רכה בהפסקה אנג'ל 450 גרם,מאפיית שלמה א. אנג'\ל בע,IL,לחמניות בשקית 6יח75X'גרם,גרמים,450.00,100 גרם,false,0,10.80,2.40,true,1,
7290002107019,false,גב.צפתית מעודנת5% 250גרם,משק צוריאל תבור,IL,צפתית מעודנת5%,גרמים,250.00,100 גרם,false,0,17.00,6.80,true,1,
7290002107071,false,גבינת פטה עיזים מעודנת 16% משק צוריאל 200 גרם,מחלבת משק צוריאל,IL,גבינת פטה עיזים,גרמים,200.00,100 גרם,false,0,23.70,11.85,true,1,
7290002107491,false,גבינה לבנה מחלב עיזים למריחה 5% משק צוריאל 250 גרם,מחלבת משק צוריאל,IL,גבינת עיזים 5%,גרמים,250.00,100 גרם,false,0,15.40,6.16,true,1,
7290002107743,false,צפתית מעודנת5%משק צוריאל,מחלבת משק צוריאל,IL,צפתית מעודנת5%משק צוריאל,קילוגרמים,0.00,"ק""ג",true,0,45.00,45.00,true,1,
7290002130567,false,דבש דבורים טהור פרחי בר יד מרדכי 350 גרם,מכוורת יד מרדכי שטראוס ב,IL,דבש טהור,גרמים,350.00,100 גרם,false,0,21.30,6.09,true,1,
7290002130574,false,דבש טהור מפרחי בר בזכוכית 500 ג' יד מרדכי,מכוורת יד מרדכי שטראוס ב,IL,דבש מפרחי בר יד מרדכי500,גרמים,500.00,100 גרם,false,0,27.70,5.54,true,1,
7290002130581,false,"דבש טהור יד מרדכי 1 ק""ג",מכוורת יד מרדכי שטראוס ב,IL,דבש טהור,קילוגרמים,1.00,"ק""ג",false,0,45.20,45.20,true,1,
7290002132011,false,עוגיות מזרחיות מלוחות עבאדי 400 גרם,מאפיית יוסף ושמחה עבאדי,IL,עוגיות מזרחיות,גרמים,500.00,100 גרם,false,0,14.90,2.98,true,1,
7290002157830,false,קוביות גולש עגל קפוא טיבון ויל 800 גרם,טיבון ויל - נטו,IL,קוביות גולש עגל,גרמים,800.00,100 גרם,false,1,39.90,4.99,true,1,
7290002157953,false,מארז נתחי טונה בהירה בשמן קנולה - 4 יחידות,דיאמנט פוד פרודקט,IL,טונה בשמן 4 יח,גרמים,560.00,100 גרם,false,1,22.90,4.09,true,1,
7290002253150,false,קוביות בזיליקום קצוץ דורות 70 גרם,עיצובים 2020 (3.8),IL,בזיליקום קצוץ,גרמים,70.00,100 גרם,false,0,11.60,16.57,true,1,
7290002253167,false,פטרוזיליה קצוצה דורות 70 גרם,עיצובים 2020 (3.8),IL,פטרוזיליה מוקפאת,גרמים,70.00,100 גרם,false,0,11.60,16.57,true,1,
7290002253181,false,קוביות כוסברה קצוצה דורות 70 גרם,עיצובים 2020 (3.8),IL,כוסברה קצוצה,גרמים,70.00,100 גרם,false,0,11.60,16.57,true,1,
7290002253198,false,ג'ינג'ר טרי כתוש במגשית 70 ג' דורות,עיצובים 2020 (3.8),IL,גינג'ר כתוש קפוא,גרמים,70.00,100 גרם,false,0,11.60,16.57,true,1,
7290002253235,false,דורות רוטב פסטו 160 גרם,עיצובים 2020 (3.8),IL,דורות רוטב פסטו,גרמים,160.00,100 גרם,false,16,12.80,8.00,true,1,
7290002253242,false,דורות רוטב סצ'ואן 160 גר,דורות,IL,דורות רוטב סצ'וא,גרמים,160.00,100 גרם,false,16,12.80,8.00,true,1,
7290002253259,false,דורות רוטב עגבניות בזיליקום 160 גרם,עיצובים 2020 (3.8),IL,דורות רוטב עגבני,גרמים,160.00,100 גרם,false,16,12.80,8.00,true,1,
7290002253273,false,דורות רוטב שום דבש 160 ג,דורות,IL,דורות רוטב שום ד,גרמים,160.00,100 גרם,false,16,12.80,8.00,true,1,
7290002304203,false,קונפיטורה ביתית תות לייט 600 גר,ענבי ציון,IL,קונפיטורה תות,גרמים,600.00,100 גרם,false,0,19.90,3.32,true,1,
7290002304241,false,קונפיטורה ביתית פירות יער לייט 600 גר,ענבי ציון,IL,קונפ.פירות יער,גרמים,600.00,100 גרם,false,0,19.90,3.32,true,1,
7290002319054,false,פרג טחון מיה 100 גרם,מיה תעשיות מזון מ.ת.מ. ב,IL,פרג טחון,גרמים,100.00,100 גרם,false,0,5.80,5.80,true,1,
7290002323198,false,ספרינג מיץ תפוחים 1.5 ל',יפאורה שותפות מובגלת לשיווק,IL,ספרינג תפוחים,ליטרים,1.50,ליטר,false,0,6.90,4.60,true,1,
7290002323815,false,משקה קל תפוזים קריסטל 2ל,יפאורה שותפות מובגלת לשיווק,IL,משקה קל תפוזים,ליטרים,2.00,ליטר,false,0,4.00,2.00,true,1,
7290002323822,false,מיץ אשכוליות קריסטל2ליטר,יפאורה שותפות מובגלת לשיווק,IL,קריסטל אשכוליות,ליטרים,2.00,ליטר,false,0,4.00,2.00,true,1,
7290002323839,false,משקה קל ענבים קריסטל 2ל',יפאורה שותפות מובגלת לשיווק,IL,משקה קל ענבים,ליטרים,2.00,ליטר,false,0,4.00,2.00,true,1,
7290002323846,false,קריסטל מיץ מנגו 2 לי,יפאורה שותפות מובגלת לשיווק,IL,קריסטל מנגו,ליטרים,2.00,ליטר,false,0,4.00,2.00,true,1,
7290002327059,false,"בצק עלים 1 ק""ג שלושת האופים",שלושת האופים,IL,בצק עלים מרודד,קילוגרמים,1.00,"ק""ג",false,0,22.00,22.00,true,1,
7290002331117,false,נביעות+טעם ענבים 1.5ליטר,"נביעות טבע הגליל בע""\מ",IL,נביעות+ענבים,ליטרים,1.50,ליטר,false,0,8.80,5.87,true,1,
7290002331148,false,מים בטעם תפוח נביעות 1.5 ליטר,נביעות טבע הגליל בעמ,IL,נביעות+תפוח,ליטרים,1.50,ליטר,false,0,8.80,5.87,true,1,
7290002331179,false,נביעות+טעם אפרסק 1.5ליטר,"נביעות טבע הגליל בע""\מ ,",IL,נביעות+אפרסק,ליטרים,1.50,ליטר,false,0,8.80,5.87,true,1,
7290002331322,false,שישיית מים נביעות 1.5 ליטר,נביעות טבע הגליל בעמ,IL,מים נביעות 6 יח,ליטרים,9.00,ליטר,false,0,11.50,1.28,true,1,
7290002331360,false,"נביעות מים מינרליים טו גו מארז 500X6מ""ל",נביעות טבע,IL,נביעות ספורט 6יח,ליטרים,3.00,ליטר,false,0,12.90,4.30,true,1,
7290002331421,false,"שישיית מים מינרליים GO TO נביעות 755 מ""ל",נביעות טבע הגליל בעמ,IL,נביעות פקק טוגו,ליטרים,4.53,ליטר,false,0,20.00,4.42,true,1,
7290002331483,false,"שישיית נביעות אישי בייבי 320 מ""ל",נביעות טבע הגליל בעמ,IL,נביעות בייבי 6יח,ליטרים,1.92,ליטר,false,0,17.00,8.85,true,1,
7290002331490,false,מים מינרליים נביעות 1 ליטר,נביעות טבע הגליל בעמ,IL,מים נביעות,ליטרים,1.00,ליטר,false,0,4.90,4.90,true,1,
7290002331643,false,נביעות מוגז מארז 1.5X6 ל',נביעות טבע הגליל בעמ,IL,נביעות מוגז 1.5*6 ליטר,ליטרים,9.00,ליטר,false,0,12.90,1.43,true,1,
7290002332022,false,נביעות+משמש אננס 1.5ליטר,נביעות טבע,IL,נביעות+משמש אננס,ליטרים,1.50,ליטר,false,0,8.80,5.87,true,1,
7290002353836,false,סרדינים רוברט בשמן זית 115 גרם,קונסרבס פורטוגל נורטה,PT,סרדינים בשמן זית,גרמים,115.00,100 גרם,false,0,7.80,6.78,true,1,
7290002360285,false,חליטת צמחים פומפדור קמומיל 20 יחידות,TEEKANNE- POMPADOU,DE,חליטת קמומיל,גרמים,30.00,100 גרם,false,0,18.50,61.67,true,1,
7290002371533,false,דקניקים סלסולי פסטרמה דבש טירת צבי 120 גרם,הנסיך- מפעל לייצור ט,IL,סלסולי פסטרמה,גרמים,120.00,100 גרם,false,0,17.30,14.42,true,1,
7290002371854,false,נקניקיות עוף חריפות טירת צבי 2 * 500 גרם,הנסיך- מפעל לייצור ט,IL,נקניקיות עוף,קילוגרמים,1.00,"ק""ג",false,0,32.70,32.70,true,1,
7290002374640,false,שמן בריאות קנולה פלוס אומגה 3 עץ הזית 1 ליטר,שמן תעשיות,EE,שמן קנולה פלוס,ליטרים,1.00,ליטר,false,0,17.70,17.70,true,1,
7290002385738,false,גבינת מנצ'גו משולשים גד,מחלבות גד,IL,מנצ'גו משולשים,קילוגרמים,0.00,"ק""ג",true,0,137.00,137.00,true,1,
7290002385745,false,גבינת פיקורינו משולשים גד,מחלבות גד,IL,פקורינו משולשים,קילוגרמים,0.00,"ק""ג",true,0,137.00,137.00,true,1,
7290002439189,false,ג.צהובה מגורד27%עלמה500ג,מלקפול אלוורטוסקה,PL,גבינה עלמה מגורד,גרמים,500.00,100 גרם,false,1,19.50,3.90,true,1,
7290002439400,false,פיצה ביס גבינה+זיתים 700,נטו,IL,פיצה ביס זיתים,גרמים,700.00,100 גרם,false,8,29.60,4.23,true,1,
7290002472117,false,פס קצפת קפוצ'ינו 600 גרם,"גידרון תעשיות בע""מ",IL,פס קצפת קפוצ'ינו,גרמים,600.00,100 גרם,false,0,39.90,6.65,true,1,
7290002472209,false,מאפין שוקו וניל 550 גרם,"גידרון תעשיות בע""מ",IL,מאפין שוקו וני,יחידה,1.00,יחידה,false,0,22.90,22.90,true,1,
7290002472254,false,עוגת מאפין אגוזים 550גרם,"גידרון תעשיות בע""מ",IL,מאפין אגוזים,יחידה,1.00,יחידה,false,0,22.90,22.90,true,1,
7290002472636,false,עוגת שמרים תפוח עץ,"גידרון תעשיות בע""מ",IL,"עוגת שמרים תפו""ע",יחידה,1.00,יחידה,false,0,14.90,14.90,true,1,
7290002487425,false,עוג.אוראו שוקולד חלב176ג,מונדלייז,ES,עוגיות אוראו,גרמים,176.00,100 גרם,false,0,10.20,5.80,true,1,
7290002487739,false,עוג.אוראו פאדג שוק.חל246,מונדלייז,ES,עוגיות אוראו,גרמים,246.00,100 גרם,false,0,20.40,8.29,true,1,
7290002487746,false,עוג.אוראו פאדג שוק.לב246,מונדלייז,ES,עוגיות אוראו,גרמים,246.00,100 גרם,false,0,20.40,8.29,true,1,
7290002541479,false,"משקה סויה שוקו 250X3 מ""ל",אלפרו,BE,משקה סויה שוקו,מיליליטרים,750.00,"100 מ""ל",false,0,16.50,2.20,true,1,
7290002543084,false,קלוגס אול בראן פלקס500גר,קלוג'ס,GB,קלוגס אול בראן,גרמים,500.00,100 גרם,false,0,22.90,4.58,true,1,
7290002543121,false,קלוגס אול בראן פלקס עם צימוקים 500 גרם,קלוג'ס,GB,קלוגס סולטנה,גרמים,500.00,100 גרם,false,0,22.90,4.58,true,1,
7290002543237,false,דגני בוקר קלוגס קורנפלקס 750 גרם,קלוגס קומפני אוף גרייט ב,GB,קורנפלקס קלוגס,גרמים,750.00,100 גרם,false,0,17.90,2.39,true,1,
7290002543381,false,קלוג'ס ספיישל K 375 גרם,קלוג'ס,GB,קלוג'ס ספיישל,גרמים,375.00,100 גרם,false,0,21.90,5.84,true,1,
7290002551003,false,סטארקיסט טונה בשמן בודד 160ג',סטאר קיסט,IL,טונה סטארקיסט,גרמים,160.00,100 גרם,false,0,7.60,4.75,true,1,
7290002657866,false,"פילה אמנון""דלידג מהדרין",גואנדונג יוג'יה סיפו,IL,פילה אמנון,קילוגרמים,0.00,"ק""ג",true,0,42.90,42.90,true,1,
7290002661115,false,"לחם הולנדי 1 ק""ג ברמן",מאפית י את א ברמן בע,IL,"לחם הולנדי 1.200 ק""ג",קילוגרמים,1.20,"ק""ג",false,0,17.70,14.75,true,1,
7290002663805,false,שוופס טוניק 1.5 ליטר,יפאורה שותפות מובגלת לשיווק,IL,שוופס מי טוניק,ליטרים,1.50,ליטר,false,0,9.90,6.60,true,1,
7290002663829,false,שוופס ביטר לימון 1.5ליטר,יפאורה שותפות מובגלת לשיווק,IL,שוופס ביטר לימון,ליטרים,1.50,ליטר,false,0,9.90,6.60,true,1,
7290002674238,false,"אקווה פרש - משחת שיניים מנטה מרענן 125 מ""ל",גלקסוסמיתקליין,SK,משחת אקווה פרש,מיליליטרים,125.00,"100 מ""ל",false,0,9.90,7.92,true,1,
7290002674306,false,משחה אקווה פרש מנטה 100מ,ג.' אס.קיו,GB,משחת שיניים,מיליליטרים,100.00,"100 מ""ל",false,0,6.90,6.90,true,1,
7290002692393,false,שמן קנולה מזוכך מועשר עץ הזית 1 ליטר,שמן תעשיות בעמ,EE,שמן קנולה מועשר,ליטרים,1.00,ליטר,false,0,14.80,14.80,true,1,
7290002692478,false,"שמן זית כתית מעולה מעודן עץ הזית 750 מ""ל","מרקאולאו, ספרד.אבסה,",IT,שמן זית מעודן,מיליליטרים,750.00,"100 מ""ל",false,0,36.90,4.92,true,1,
7290002692553,false,"זיתולה עץ הזית 750 מ""ל",שמן תעשיות,IL,זיתולה עץ הזית,מיליליטרים,750.00,"100 מ""ל",false,0,17.70,2.36,true,1,
7290002692768,false,"תרסיס שמן קנולה מזוכך ללא תוספת גז עץ הזית 200 מ""ל",טרנסומס פוד איי בי,IT,תרסיס שמן קנולה,מיליליטרים,200.00,"100 מ""ל",false,0,13.90,6.95,true,1,
7290002730316,false,משחת שיניים קולגייט75*3מ,קולגייט-פלמוליב,PL,משחת שיניים,מיליליטרים,225.00,"100 מ""ל",false,0,20.00,8.89,true,1,
7290002730668,false,קולגייט טוטל קלין מינט 100 מל,הנסיך- מפעל לייצור ט,PL,משחת קולגייט לחניכיים100,מיליליטרים,100.00,"100 מ""ל",false,0,17.90,17.90,true,1,
7290002730675,false,"קולגייט משחת שיניים אדומה משפחתי 100 מ""ל",קולגייט-פלמוליב,PL,משחת שיניים,מיליליטרים,100.00,"100 מ""ל",false,0,9.50,9.50,true,1,
7290002730811,false,"משחת שיניים ג'ל פסים מרעננים קולגייט 100 מ""ל",הנסיך- מפעל לייצור ט,PL,משחת קולגייט ג'ל,מיליליטרים,100.00,"100 מ""ל",false,0,14.80,14.80,true,1,
7290002730941,false,כדורי צמר גפן בלונס 100 יחידות,הנסיך- מפעל לייצור ט,GR,צמר גפן פרוס,גרמים,100.00,100 גרם,false,0,6.90,6.90,true,1,
7290002741084,false,8חטיפי דגנ.שוגי צדף שוקו,יוניליוור,IL,חטיפי דגנים 8 יח,גרמים,184.00,100 גרם,false,0,19.70,10.71,true,1,
7290002741091,false,חטיפי דגנים שוגי שוק8.יח,יוניליוור,IL,חטיפי דגנים 8 יח,גרמים,184.00,100 גרם,false,0,19.70,10.71,true,1,
7290002752349,false,סוכריות מנטוס מנטה 40יח' בגליל 38ג',פרפטי ואן מלה,NL,סוכריות מנטוס,גרמים,37.00,100 גרם,false,0,3.80,10.27,true,1,
7290002757139,false,מלאווח תימני מקורי 3 האופים 700 גר',שלושת האופים,IL,מלווח 700 גרם,גרמים,700.00,100 גרם,false,0,15.80,2.26,true,1,
7290002757535,false,בורקס פילו אצבעות גבינה שלושת האופים 700 גרם,שלושת האופים שגמור,IL,פילו אצבעות,גרמים,700.00,100 גרם,false,0,22.30,3.19,true,1,
7290002757542,false,שערות קדאיף ש.האופים,שלושת האופים שגמור,IL,אטריות קדאיף,גרמים,400.00,100 גרם,false,0,19.10,4.78,true,1,
7290002759775,false,קוקטייל בולגרית במשקל,גידרון,IL,קוקטייל בולגרית,קילוגרמים,0.00,"ק""ג",true,0,50.00,50.00,true,1,
7290002766056,false,עגבניות שרי לב אדום יח',רון שרי,IL,שרי לב אדום יח,יחידה,1.00,יחידה,false,1,9.90,9.90,true,1,
7290002768159,false,"סבון נוזלי בת אורן קצף לאמבט 500מ""ל",פארק תעשיות עמק חפרמ,IL,סבון אמבט בת אור,מיליליטרים,500.00,"100 מ""ל",false,0,21.60,4.32,true,1,
7290002787693,false,גבינת גאודה עלמה 150 גרם,מלקפול,PL,גבינת גאודה עלמה,גרמים,150.00,100 גרם,false,1,6.00,4.00,true,1,
7290002787822,false,גב.גאודה עלמה פרוסה 400ג,מלקפול,PL,גבינת גאודה,גרמים,400.00,100 גרם,false,1,15.90,3.98,true,1,
7290002812522,false,סיגריות פרלמנט (חפיס,פיליפ מוריס,,פרלמנט ארוך יח,יחידה,1.00,יחידה,false,0,37.50,37.50,false,1,
7290002814160,false,מסיר שומנים סנט מוריץ 1ל,קומפלקס כימיקלים בעמ,IL,מסיר שומנים,ליטרים,1.00,ליטר,false,1,12.90,12.90,true,1,
7290002814528,false,נוזל לניקוי האסלה סנט מוריץ 1 ליטר,קומפלקס כימיקלים בעמ,IL,נוזל לאסלה מס' 1,ליטרים,1.00,ליטר,false,0,6.80,6.80,true,1,
7290002814928,false,פרלמנט נייטPP חפיסה,פיליפ מוריס,IL,פרלמנט קצר בודד,יחידה,1.00,יחידה,false,0,37.50,37.50,false,1,
7290002824183,false,"גבינה לבנה סקי 500 גרם 5% ""שטראוס"" -מוצר בפיקוח",מיוצר עי קונדיטוריית,IL,גבינת סקי 5%,גרמים,500.00,100 גרם,false,0,9.20,1.84,true,1,
7290002824466,false,יוגורט דנונה ביו לבן 0% שומן 200 גרם,"שטראוס בריאות בע""\מ",IL,יוגורט ביו 0%,גרמים,200.00,100 גרם,false,0,3.70,1.85,true,1,
7290002824640,false,"גבינת סקי 250 גרם 5% ""שטראוס"" -מוצר בפיקוח",מיוצר עי קונדיטוריית,IL,גבינת סקי 5%,גרמים,250.00,100 גרם,false,0,4.60,1.84,true,1,
7290002825722,false,סלט כרוב אדום אחלה 500 גרם,מיוצר עי קונדיטוריית,IL,סלט כרוב אחלה,גרמים,500.00,100 גרם,false,0,11.90,2.38,true,1,
7290002826835,false,שוקובו שוקולד יח,שטראוס,IL,שוקובו שוקולד יח,יחידה,1.00,יחידה,false,0,10.00,10.00,true,1,
7290002833525,false,מרלבורו רד קצר בוקס חפ.,פיליפ מוריס,,מרלבורו רד חפיסה,יחידה,1.00,יחידה,false,0,35.00,35.00,false,1,
7290002842002,false,פתיתי שיבולת שועל קוואקר אנגלי מורנפלייק,מורנינג פוד,GB,קואקר אנגלי,גרמים,500.00,100 גרם,false,0,11.80,2.36,true,1,
7290002845122,false,ל.מ. סילבר לייבל חפיסה,פיליפ מוריס,,ל.מ. סילבר ליי,יחידה,1.00,יחידה,false,0,33.00,33.00,false,1,
7290002852724,false,ל.מ. בלו לייבל קצר,פיליפ מוריס,US,ל.מ. בלו לייבל,יחידה,1.00,יחידה,false,0,33.00,33.00,false,1,
7290002854528,false,ל.מ. רד לייבל קצר,פיליפ מוריס,US,ל.מ. רד לייבל,יחידה,1.00,יחידה,false,0,33.00,33.00,false,1,
7290002862000,false,הררית אריסה טוניסאית,"הררית מזון בע""מ",IL,אריסה תוניסאית,גרמים,250.00,100 גרם,false,0,12.60,5.04,true,1,
7290002868996,false,"קוטג' 5% שומן, רכיבים טבעיים, 250 גרם",קריות זול,IL,קוטג' 5% מועשר,גרמים,250.00,100 גרם,false,0,5.50,2.20,true,1,
7290002871248,false,"בירה טובורג רד בקבוק 500 מ""ל חוזר",מבשלות בירה בינלאומיות ב,IL,בירה טובורג רד,מיליליטרים,500.00,"100 מ""ל",false,0,9.20,1.84,true,1,
7290002871361,false,"בירה קרלסברג בקבוק 500 מ""ל חוזר",מבשלות בירה בינלאומיות ב,IL,בירה קרלסברג,מיליליטרים,500.00,"100 מ""ל",false,0,9.40,1.88,true,1,
7290002871446,false,פריגת ענבים 1.5 ליטר,מבשלות בירה בינלאומיות ב,IL,פריגת ענבים,ליטרים,1.50,ליטר,false,0,6.90,4.60,true,1,
7290002871460,false,משקה קל תפוזים פריגת,מבשלות בירה בינלאומיות ב,IL,פריגת תפוזים,ליטרים,1.50,ליטר,false,0,6.90,4.60,true,1,
7290002871477,false,פריגת אשכוליות 1.5 ליטר,מבשלות בירה בינלאומיות ב,IL,פריגת אשכוליות,ליטרים,1.50,ליטר,false,0,6.90,4.60,true,1,
7290002874629,false,פרלמנט ארוך RCB בלו חפ,פיליפ מוריס,,פרלמנט ארוך יח,יחידה,1.00,יחידה,false,0,37.50,37.50,false,1,
7290002876326,false,סיגריות פרלמנט (חפיס,פיליפ מוריס,IL,פרלמנט קצר בלו,יחידה,1.00,יחידה,false,0,37.50,37.50,false,1,
7290002881209,false,רסק תפוחי עץ דיאט 700 ג' תומר,KONSERVENFABRIEK BALTUSSEN,NL,"רסק תפו""ע",גרמים,700.00,100 גרם,false,0,10.40,1.49,true,1,
7290002881490,false,אלתית במי מלח לימון115ג,מונקבו סיפוד,DK,אלתית במי מלח,גרמים,115.00,100 גרם,false,0,14.80,12.87,true,1,
7290002881920,false,מרלבורו גולד ארוך בוקס ח,פיליפ מוריס,IL,מרלבורו גולד,יחידה,1.00,יחידה,false,0,35.00,35.00,false,1,
7290002886925,false,מרלבורו גולד קצר בוקס,פיליפ מוריס,US,מרלבורו גולד קצר,יחידה,1.00,יחידה,false,0,35.00,35.00,false,1,
7290002920311,false,גבינת קממבר צאן במשק,מחלבות גד,IL,גבינת קממבר במשקל,קילוגרמים,0.00,"ק""ג",true,0,126.00,126.00,true,1,
7290002929642,false,רביעיית טונה בשמן ויליגר 140 גרם,דיאמנט פוד פרודקט קו,TH,טונה בשמן 4 יח,גרמים,560.00,100 גרם,false,0,22.90,4.09,true,1,
7290002987963,false,"סלט חומוס אחלה 1 ק""ג",מיוצר עי קונדיטוריית,IL,"חומוס אחלה 1 ק""ג",קילוגרמים,1.00,"ק""ג",false,0,14.50,14.50,true,1,
7290003009145,false,"סירופ ענבים פריגת 750מ""ל",פריגת,IL,סירופ ענבים,מיליליטרים,750.00,"100 מ""ל",false,0,13.90,1.85,true,1,
7290003009152,false,"סירופ פטל פריגת 750 מ""ל",סירופ - גבעת חיים,IL,סירופ פטל,מיליליטרים,750.00,"100 מ""ל",false,0,13.90,1.85,true,1,
7290003009596,false,"סירופ דיאט אשכוליות פריגת 750 מ""ל",סירופ - גבעת חיים,IL,סירופ אשכוליות,מיליליטרים,750.00,"100 מ""ל",false,0,19.70,2.63,true,1,
7290003009619,false,סירופ ענבים פריגת 1.5 ל',פריגת,IL,סירופ ענבים,ליטרים,1.50,ליטר,false,0,23.10,15.40,true,1,
7290003009640,false,מיץ תפוזים סחוט רכיבים טבעיים פריגת 1 ליטר,פריגת מצוננים,IL,מיץ תפוזים סחוט 1 ליטר,ליטרים,1.00,ליטר,false,0,16.00,16.00,true,1,
7290003015467,false,תחליב רחצה בייבי כיף 1ל,טרופיקל דגיל תעשיות,IL,תחליב רחצה בייבי,ליטרים,1.00,ליטר,false,0,12.90,12.90,true,1,
7290003015627,false,"נוזל רצפות אפרסק 2 ליטר ""ריצפז פרש""","סנו מפעלי ברונוס בע""",IL,ריצפז פרש,ליטרים,2.00,ליטר,false,0,19.70,9.85,true,1,
7290003023165,false,שוקו יטבתה בכד פלסטי,מחלבת יטבתה,IL,שוקו בכד יטבתה,ליטרים,2.00,ליטר,false,0,15.90,7.95,true,1,
7290003026036,false,"ד""ר פישר - קמיל בלו סנסיטיב אל סבון עדין לתינוק 1 ליטר",פישר מעבדות פרמצבטיות בע,IL,קמיל בלו סנסיטיב ורוד 1ל,ליטרים,1.00,ליטר,false,0,33.50,33.50,true,1,
7290003026227,false,"קמיל בלו שמפו לתינוק סנסיטיב אל דמע ד""ר פישר 1 ליטר",פישר מעבדות פרמצבטיות בע,IL,שמפו קמיל בלו,ליטרים,1.00,ליטר,false,0,33.50,33.50,true,1,
7290003029181,false,משקה יטבתה שוקו' בקבוק 1ל מהדרין,שטראוס גרופ,IL,שוקו יטבתה,ליטרים,1.00,ליטר,false,0,12.00,12.00,true,1,
7290003029372,false,משקה חלב בטעם בננה יטבתה 1 ליטר,שטראוס גרופ,IL,משקה חלב בננה,ליטרים,1.00,ליטר,false,0,12.00,12.00,true,1,
7290003029389,false,"משקה חלב בננה פקק ספורט 250 מ""ל יוטבתה",שטראוס גרופ,IL,משקה בננה,מיליליטרים,250.00,"100 מ""ל",false,0,5.40,2.16,true,1,
7290003029433,false,"משקה יטבתה שוקו פקק 250 מ""ל מהדרין",שטראוס גרופ,IL,שוקו יטבתה,מיליליטרים,250.00,"100 מ""ל",false,0,5.40,2.16,true,1,
7290003029532,false,מוקה בבקבוק יטבתה 1 ליטר מהדרין,שטראוס גרופ,IL,מוקה יטבתה בקבוק,ליטרים,1.00,ליטר,false,0,12.00,12.00,true,1,
7290003029792,false,"משקה יטבתה שוקו שקיות מהדרין מארז 225X8מ""ל",שטראוס גרופ,IL,שקיות שוקו 8 יח',ליטרים,1.80,ליטר,false,0,20.10,11.17,true,1,
7290003029815,false,כד חלב 3% יטבתה 2 ליטר מהדרין,שטראוס גרופ,IL,חלב מועשר יטבתה,ליטרים,2.00,ליטר,false,0,12.90,6.45,true,1,
7290003047635,false,ליפטון ילו לייבל25שק1.5*,יוניליוור,IN,תה ילו לייבל,גרמים,37.00,100 גרם,false,0,7.90,21.35,true,1,
7290003047642,false,תה שחור יילו לייבל 100*1.5 ג' שקיק ליפטון,"יונילוור רוסייה בע""מ",RU,תה ילו לייבל,גרמים,150.00,100 גרם,false,0,19.70,13.13,true,1,
7290003054657,false,חרדל ריין דיז'ון אקסטרה פורטה 370 גרם,מרום את קונפינו,FR,חרדל דיז'ון,גרמים,370.00,100 גרם,false,0,12.50,3.38,true,1,
7290003069682,false,בצק פילאס קפוא 500 גרם שלושת האופים,שלושת האופים שגמור,IL,בצק פילאס,גרמים,500.00,100 גרם,false,0,19.70,3.94,true,1,
7290003107216,false,קמח 1 קג שימורי איכ,טחנת קמח דגן לישראל,IL,קמח לבן,קילוגרמים,1.00,"ק""ג",false,0,5.90,5.90,true,1,
7290003107223,false,"סולת לנדא ארוז 1 ק""ג",טחנת קמח דגן לישראל,IL,סולת,קילוגרמים,1.00,"ק""ג",false,0,5.40,5.40,true,1,
7290003119110,false,קוקה קולה שישייה 1.5,החברה המרכזית לייצור משקאות,IL,קוקה קולה 1.5*6ל,ליטרים,9.00,ליטר,false,0,37.90,4.21,true,1,
7290003119165,false,דיאט קוקה קולה שישיי,החברה המרכזית לייצור משקאות,IL,קולה דיאט 6 יח,ליטרים,9.00,ליטר,false,0,37.90,4.21,true,1,
7290003126019,false,פרומז' קרם-עיםז5% 250 ג,משק צוריאל תבור,IL,פרומז' קרם עיזים,גרמים,250.00,100 גרם,false,0,18.00,7.20,true,1,
7290003126712,false,יוגורט עיזים מחלב מלא 3.7% משק צוריאל 150 גרם,מחלבת משק צוריאל,IL,יוגורט ביו 3%,גרמים,140.00,100 גרם,false,0,6.50,4.64,true,1,
7290003126958,false,טופו גבינה גוש בואקום צוריאל 300 ג',א.י.ן תעשיות מזון בע,IL,טופו טבעי בוואקום 300גרם,גרמים,300.00,100 גרם,false,0,13.00,4.33,true,1,
7290003141159,false,יוגטה מרשמלו ממתק מוקצף בטעמי תות שדה ווניל 180 גרם,יוגוטה,IL,מרשמלו יוגטה,גרמים,180.00,100 גרם,false,0,8.80,4.89,true,1,
7290003143276,false,יוגטה מרשמלו ממתק מוקצף בטעם תות שדה 180 גרם,תות ממתקי איכות,IL,מרשמלו רול,גרמים,180.00,100 גרם,false,0,8.80,4.89,true,1,
7290003144082,false,עוגות אישיות צ'וקטה300גר,קונדיטוריה אס.פי.אי,IT,עוגות אישיות,גרמים,300.00,100 גרם,false,1,10.00,3.33,true,1,
7290003144501,false,מרשמלו כחול לבן 180 גרם,תות ממתקי איכות,IL,מרשמלו כחול לבן,גרמים,180.00,100 גרם,false,1,8.80,4.89,true,1,
7290003144525,false,"אבק.שוקו צ'וקטה כשל""פ400",אייברקקאו אס.אי.,ES,אבקת שוקו צ'וקטה,גרמים,400.00,100 גרם,false,1,8.90,2.23,true,1,
7290003153831,false,שוש חטיף בוטנים 80 גרם,"שטראוס פריטו ליי בע""\מ )",IL,שוש חטיף בוטנים,גרמים,80.00,100 גרם,false,0,4.00,5.00,true,1,
7290003158775,false,לחם כפרי אפוי קפוא 485גר,גידרון,IL,לחם כפרי,גרמים,485.00,100 גרם,false,0,12.80,2.64,true,1,
7290003186822,false,שניצל נסיכה(במבינו700)גר,דלידג - נטו,IL,שניצל נסיכה700גר,גרמים,700.00,100 גרם,false,0,27.70,3.96,true,1,
7290003189274,false,בנוסח מעושנת גליל26%משקל,צי תעשיות מזון יבנה,IL,בנוסח מעושנת גליל26%משקל,קילוגרמים,0.00,"ק""ג",true,0,46.00,46.00,true,1,
7290003220526,false,"WOK רוטב צ'ילי חריף 700 מ""ל",תאי פרידה אינדסטרי,TH,רוטב צ'ילי חריף,מיליליטרים,700.00,"100 מ""ל",false,0,11.00,1.57,true,1,
7290003220687,false,אבקת וואסבי 35 גרם,לאנה פרודקטס,TH,אבקת וואסבי,גרמים,35.00,100 גרם,false,0,18.10,51.71,true,1,
7290003220700,false,WOK מחצלת לגלגול סושי 60 גרם,קוסומאי במבוק,CN,מחצלת גלגול סושי,יחידה,1.00,יחידה,false,0,6.70,6.70,true,1,
7290003220878,false,"WOK רוטב מירין לתיבול 500 מ""ל",דיאמונד פריזרוד פודס,TH,רוטב מירין,מיליליטרים,500.00,"100 מ""ל",false,0,24.80,4.96,true,1,
7290003229116,false,פסטרמה הודו בדבש שומן טירת צבי 400 גרם,הנסיך- מפעל לייצור ט,IL,פסטרמה הודו בדבש,גרמים,400.00,100 גרם,false,0,36.00,9.00,true,1,
7290003229123,false,פסטרמה הודו על גחלים 2% טירת צבי 400 גרם,הנסיך- מפעל לייצור ט,IL,פסטרמה על גחלים,גרמים,400.00,100 גרם,false,0,35.90,8.98,true,1,
7290003229154,false,נקניק סלמי קוניאק טירת צבי 300 גרם,הנסיך- מפעל לייצור ט,IL,סלמי קוניאק,גרמים,300.00,100 גרם,false,0,32.40,10.80,true,1,
7290003231614,false,סבון פינוק עם קרטין 700,יוניליוור,IL,סבון פינוק,מיליליטרים,700.00,"100 מ""ל",false,0,10.00,1.43,true,1,
7290003321155,false,יוגורט בר עם פקאן מצופה שוקולד 183 ג' דנונה,"שטראוס בריאות בע""\מ",IL,דנונה בר פקאן,גרמים,183.00,100 גרם,false,0,4.50,2.46,true,1,
7290003321292,false,גבינה לבנה 9% שומן 250 ג' שטראוס,מיוצר עי קונדיטוריית,IL,גבינת סקי 9%,גרמים,250.00,100 גרם,false,0,4.60,1.84,true,1,
7290003387205,false,דאו' ספיד סטיק בסיסי ירוק רגיל לגבר 63ג',הנסיך- מפעל לייצור ט,US,דאודורנט סטיק,גרמים,56.00,100 גרם,false,0,23.70,42.32,true,1,
7290003401369,false,"קרם לחות לשיער חוחובה נטורל פורמולה 400 מ""ל",מיוצר עי אמיליה קוסמ,IL,קרם לחות לשיער,מיליליטרים,400.00,"100 מ""ל",false,0,22.90,5.73,true,1,
7290003411238,false,שמרים יבשים נמסים הנ,ברוגמאן גנט,BE,שמרים יבשים,גרמים,500.00,100 גרם,false,0,15.90,3.18,true,1,
7290003411726,false,קיסמי שיניים מלחיה הנמל 300יח',הנמל אריזות ושיווק בעמ,IL,קיסמי שיניים,יחידה,1.00,יחידה,false,0,4.30,4.30,true,1,
7290003411993,false,גפרורים הנמל 10 יחידות,"איטיליאן פוד, אס.פי.",SE,גפרורים,יחידה,1.00,יחידה,false,0,3.70,3.70,true,1,
7290003414406,false,הרשי ריזס נטיפי אפייה בוטנים 283 גר',ליימן מותגים,US,ריז נטיפים,גרמים,283.00,100 גרם,false,1,11.90,4.20,true,1,
7290003427154,false,"שמן זית כתית מעולה טעם מעודן זיתא 750 מ""ל",זיתא תעשיות שמן זיתt\,IL,שמן זית כתית,מיליליטרים,750.00,"100 מ""ל",false,0,39.90,5.32,true,1,
7290003438006,false,ממרח אולביה פסטו וצנובר איטלקי 190ג',מיוצר עי קונדיטוריית,IL,רוטב פסטו,גרמים,180.00,100 גרם,false,0,11.90,6.61,true,1,
7290003438013,false,ממרח זיתים ירוקים אוליביה 190 גרם,קריות זול,IL,ממרח זיתים,גרמים,190.00,100 גרם,false,0,11.90,6.26,true,1,
7290003438587,false,פסטו בזיליקום 135 גרם,אוליביה,IL,פסטו בזיליקום,גרמים,135.00,100 גרם,false,0,8.90,6.59,true,1,
7290003438990,false,עיטורי עגבניות מיובשות וזיתים אוליביה 280 ג',אוליביה גורמה בעמ,IL,עגבניות מיובשות,גרמים,280.00,100 גרם,false,0,19.90,7.11,true,1,
7290003450602,false,ממרח חרדל היינץ לחיץ 255 גרם,היינץ צפון אמריקה מקבוצת ה.י.היינץ,US,חרדל אמיתי,גרמים,255.00,100 גרם,false,0,12.50,4.90,true,1,
7290003457861,false,סולרו קלאסיק חלבי - פירות טרופיים,"מיוצר ע""\י גלידת שטראוס",IL,סולרו טרופי יח,יחידה,1.00,יחידה,false,0,10.00,10.00,true,1,
7290003495085,false,מארז בייגל שמינייה 4 יח,"גידרון תעשיות בע""מ",IL,בגט רוסטיק,יחידה,1.00,יחידה,false,0,7.90,7.90,true,1,
7290003495863,false,פיתה אסלית מרובעת110*5גר,מאפיית אנג'ל,IL,5 פיתה מרובעת,גרמים,550.00,100 גרם,false,0,10.80,1.96,true,1,
7290003514007,false,מנה שקדי מרק מנה 400 גרם,מנה Mana,IL,שקדי מרק מנה,גרמים,400.00,100 גרם,false,0,9.80,2.45,true,1,
7290003514038,false,קראנצ'וס גריל 70 גרם,מנה,IL,קראנצ'וס גריל,גרמים,70.00,100 גרם,false,0,4.00,5.71,true,1,
7290003514045,false,קראנצ'וס ברביקיו 70 גרם,מנה,IL,קראנצ'וס ברביקיו,גרמים,70.00,100 גרם,false,0,4.00,5.71,true,1,
7290003514069,false,קראנצ'וס בצל 70 גרם,מנה,IL,קראנצ'וס בצל,גרמים,70.00,100 גרם,false,0,4.00,5.71,true,1,
7290003514571,false,פריכיות אורז עם מלח מנה 100 גרם,מנה Mana,IL,פריכיות אורז,גרמים,100.00,100 גרם,false,0,5.80,5.80,true,1,
7290003514588,false,פריכיות אורז ללא מלח100ג,מנה,IL,פריכיות אורז,גרמים,100.00,100 גרם,false,0,5.80,5.80,true,1,
7290003521081,false,"סרקל שמפו אל דמע לילדים ד""ר פישר 1 ליטר",פישר מעבדות פרמצבטיות בע,IL,סרקל שמפו לילדים,ליטרים,1.00,ליטר,false,0,29.50,29.50,true,1,
7290003521166,false,"ד""ר פישר - סרקל קרם רוזמרין לילדים 325 מ""ל",פישר מעבדות פרמצבטיות בע,IL,סרקל קרם רוזמרין,מיליליטרים,325.00,"100 מ""ל",false,0,17.90,5.51,true,1,
7290003525171,false,פילדלפיה שמנה מוקצפת227ג,נטו,US,גבינת פילדלפיה,גרמים,227.00,100 גרם,false,0,16.90,7.44,true,1,
7290003525188,false,גב.פילדלפיה לבנה שמנה227,נטו,US,גבינת פילדלפיה,גרמים,227.00,100 גרם,false,0,16.90,7.44,true,1,
7290003539161,false,תפוח עץ יבש 200גרם,שקדיה,IL,תפוח עץ יבש,גרמים,200.00,100 גרם,false,0,15.80,7.90,true,1,
7290003550753,false,רביעיית טונה בשמן פוסידון 108 גרם,"מיוצר עי וליגר בעמ,",IL,טונה בשמן 4 יח',גרמים,432.00,100 גרם,false,0,25.90,6.00,true,1,
7290003578085,false,גבינת מוצרלה 21%שומן,איבי,LT,גבינת מוצרלה,קילוגרמים,0.00,"ק""ג",true,0,85.00,85.00,true,1,
7290003578177,false,תירס צעיר שלם וילי פוד 210 גרם,מגסטיק פוד אידסטרי ק,TH,תירס צעיר שלם,גרמים,410.00,100 גרם,false,0,5.70,1.39,true,1,
7290003578412,false,לפתן חצאי אפרסק 820 גרם ויליפוד,וילי פוד,GR,חצאי אפרסק בסירופ 820גרם,גרמים,820.00,100 גרם,false,0,8.00,0.98,true,1,
7290003608089,false,ספרינג תות-בננה 1.5 ליטר,יפאורה שותפות מובגלת לשיווק,IL,ספרינג תות בננה,ליטרים,1.50,ליטר,false,0,6.90,4.60,true,1,
7290003608546,false,תפוזינה תות בננה 1.5ליטר,יפאורה שותפות מובגלת לשיווק,IL,תפוזינה תות בננה,ליטרים,1.50,ליטר,false,0,6.50,4.33,true,1,
7290003608898,false,תפוזינה תפוזים לייט1.5ל,יפאורה שותפות מובגלת לשיווק,IL,תפוזינה דיאט,ליטרים,1.50,ליטר,false,0,6.50,4.33,true,1,
7290003643004,false,"סוגת אורז בסמטי קלאסי 1 ק""ג",האי נאם סי או אל.טי.,IL,אורז בסמטי קלאסי,קילוגרמים,1.00,"ק""ג",false,0,11.90,11.90,true,1,
7290003643387,false,"סוכר לבן בצנצנת 1 ק""ג סוגת",האי נאם סי או אל.טי.,IL,"סוכר לבן צנצנת 1 ק""ג",קילוגרמים,1.00,"ק""ג",false,0,7.50,7.50,true,1,
7290003643646,false,"סוכר דמררה קלאסי בצנצנת סוגת 1 ק""ג",האי נאם סי או אל.טי.,IL,"סוכר דמררה צנצנת 1 ק""ג",קילוגרמים,1.00,"ק""ג",false,0,12.80,12.80,true,1,
7290003648207,false,פילה הרינג בשמן בסגנ,"סלטי שמיר 2006 בע""מ",IL,מטיאס הולנדי במשקל,קילוגרמים,0.00,"ק""ג",true,0,62.00,62.00,true,1,
7290003667109,false,פאנטה בטעם אורנג' 1.5 ל',החברה המרכזית לייצור משקאות,IL,פאנטה אורנג',ליטרים,1.50,ליטר,false,0,7.60,5.07,true,1,
7290003667369,false,פריגת מיקס תות-בננה1.5ל,מבשלות בירה בינלאומיות ב,IL,פריגת תות בננה,ליטרים,1.50,ליטר,false,0,6.90,4.60,true,1,
7290003667673,false,פנטה דיאט אורנג' 1.5ליטר,החברה המרכזית לייצור משקאות,IL,פנטה דיאט אורנג',ליטרים,1.50,ליטר,false,0,7.60,5.07,true,1,
7290003719006,false,לחם ליבו שיפון 80% 750גר,מאפית י.את א. ברמן ב,IL,לחם ליבו שיפון 80% 750גר,גרמים,750.00,100 גרם,false,0,15.80,2.11,true,1,
7290003719259,false,"ליבו לחם טבעי אקסקלוסיבי 1 ק""ג",מאפית י את א ברמן בע,IL,לחם אקסקלוסיבי שיפ.מלא1ק,קילוגרמים,1.00,"ק""ג",false,0,16.80,16.80,true,1,
7290003726141,false,טופו אמיתי כפרי בריא 300 גרם,ג'נרל מילס סאן אדריא,IL,טופו אמיתי כפרי,גרמים,300.00,100 גרם,false,0,12.90,4.30,true,1,
7290003727667,false,"סלט חומוס צבר 1 ק""ג",סלטי צבר,IL,סלט חומוס צבר,קילוגרמים,1.00,"ק""ג",false,0,15.90,15.90,true,1,
7290003804344,false,מרק ט.עוף פרווה קנור400ג,יוניליוור,IL,מרק טעם עוף,גרמים,400.00,100 גרם,false,0,16.10,4.03,true,1,
7290003804368,false,"תיבוליות בזיליקום קנור 72 גרם בד""צ",יוניליוור ישראל מזון בע\,IL,תיבוליות קנור,גרמים,72.00,100 גרם,false,0,8.90,12.36,true,1,
7290003804382,false,"תיבוליות פטריות קנור 72 גרם בד""צ",יוניליוור ישראל מזון בע\,IL,תיבוליות פטריות,גרמים,72.00,100 גרם,false,0,8.90,12.36,true,1,
7290003805129,false,"קנור פירה בטעם ביתי 260 גרם כשל""פ",יוניליוור ישראל מזון בע\,IL,פירה בטעם ביתי,גרמים,240.00,100 גרם,false,0,12.70,5.29,true,1,
7290003805501,false,"פתית בסגנון שוודי תלמה בד""צ 300 גרם",יוניליוור ישראל מזון בע\,IL,פתית קרקר שוודי,גרמים,300.00,100 גרם,false,0,18.70,6.23,true,1,
7290003805525,false,קורנפלקס 750 גרם,יוניליוור,IL,קורנפלקס תלמה,גרמים,750.00,100 גרם,false,0,15.90,2.12,true,1,
7290003805556,false,"ברנפלקס חיטה מלא בד""ץ500",אתר שפע - Food,IL,ברנפלקס תלמה,גרמים,500.00,100 גרם,false,0,25.10,5.02,true,1,
7290003805587,false,"פתית חיטה מלאה בד""צ 250 גרם-קופסא",יוניליוור ישראל מזון בע\,IL,פתית חיטה מלאה,גרמים,250.00,100 גרם,false,0,18.70,7.48,true,1,
7290003805648,false,אקס ספריי לגוף בלאק 150מ,יוניליוור,GB,אקס ספריי לגוף,מיליליטרים,150.00,"100 מ""ל",false,0,14.90,9.93,true,1,
7290003805686,false,קוקומן פצפוצים 500 גרם,יוניליוור,IL,קוקומן פצפוצים,גרמים,500.00,100 גרם,false,0,25.20,5.04,true,1,
7290003805709,false,"כריות נוגט בד""צ 750 גרם",יוניליוור ישראל מזון בע\,IL,כריות נוגט,גרמים,750.00,100 גרם,false,0,26.90,3.59,true,1,
7290003805716,false,נמס בכוס ט.עוף 24*2 גרם,יוניליוור,IL,נמס בכוס ועוד,גרמים,48.00,100 גרם,false,0,7.80,16.25,true,1,
7290003806423,false,שניצל ולתנור 180 גרם,יוניליוור,IL,שניצל ולתנור,גרמים,180.00,100 גרם,false,0,6.80,3.78,true,1,
7290003806577,false,דאו. דאב אורגינל 150מל,יוניליוור,GB,דאודורנט דאב,מיליליטרים,150.00,"100 מ""ל",false,1,14.90,9.93,true,1,
7290003806584,false,דאב דאו ספריי ללא סימן 150 מל,יוניליוור,GB,דאודורנט דאב,מיליליטרים,150.00,"100 מ""ל",false,1,14.90,9.93,true,1,
7290003806591,false,דאב דאו ספריי מלפפונים 150 מל,ארנסט. רחוב קומבינצק,GB,דאודורנט דאב,מיליליטרים,150.00,"100 מ""ל",false,1,14.90,9.93,true,1,
7290003806836,false,"בדין אקסטרא לילך 960 מ""ל",יוניליוור,TR,מרכך בדין אקסטרא,מיליליטרים,960.00,"100 מ""ל",false,0,15.90,1.66,true,1,
7290003807178,false,"רוטב קנור סויה בסגנון סיני 300 מ""ל",יוניליוור ישראל מזון בע\,IL,רוטב סויה,מיליליטרים,300.00,"100 מ""ל",false,0,10.00,3.33,true,1,
7290003807314,false,מרק עוף רכיב.טבעיים 400ג,יוניליוור,,מרק עוף,גרמים,400.00,100 גרם,false,0,29.90,7.48,true,1,
7290003821754,false,סלמון נורבגי מעושן קפוא,"ויליגר, תעשיות בע""מ",IL,סלמון מעושן,גרמים,100.00,100 גרם,false,0,19.90,19.90,true,1,
7290003864478,false,סרדינים בשמן צמחי פתח קל ויליפוד 110 גרם,גולדן פרייז קאנינג א,TH,סרדין בשמן צמח,גרמים,110.00,100 גרם,false,0,5.90,5.36,true,1,
7290003903955,false,שוקולד קרם חלב 100 גרם,שטראוס,IL,שוקולד קרם חלב,גרמים,100.00,100 גרם,false,0,6.60,6.60,true,1,
7290003904389,false,שוק.פרה מריר ללא סוכר100,שטראוס,IL,שוקולד פרה דיאט,גרמים,100.00,100 גרם,false,0,9.80,9.80,true,1,
7290003905331,false,שוק.חלב+שברי אגוזים100גר,שטראוס,IL,שוק.חלב אגוזים,גרמים,100.00,100 גרם,false,0,6.60,6.60,true,1,
7290003956081,false,כפפות לטקס קלין M 100 יח,קליר כימיקלים,IL,כפפות לטקס,יחידה,1.00,יחידה,false,0,24.90,24.90,true,1,
7290003989096,false,סלט חצילים פיקנטי אחלה 500 גרם,מיוצר עי קונדיטוריית,IL,חציל פיקנטי אחלה,גרמים,500.00,100 גרם,false,0,11.90,2.38,true,1,
7290003989539,false,לורנצו רביולי במילוי גבינה,מיוצר עי קונדיטוריית,IL,רביולי גבינה,גרמים,400.00,100 גרם,false,0,15.90,3.98,true,1,
7290004011338,false,"ספריי קצפת מתוקה מוכנה ריץ' 250 מ""ל",האי נאם סי או אל.טי.,IT,קצפת ריצ' במיכל,מיליליטרים,250.00,"100 מ""ל",false,0,9.90,3.96,true,1,
7290004038595,false,עוגיות שוקולד צ'יפס משקל,גידרון,IL,עוגיות שוקו.ציפס,קילוגרמים,0.00,"ק""ג",true,0,55.00,55.00,true,1,
7290004063184,false,מלח הארץ הים האדום 250 ג,תעשיות מלח לישראל,IL,מלח הארץ 250 גרם,גרמים,250.00,100 גרם,false,0,6.70,2.68,true,1,
7290004068011,false,יוגורט כבשים בדלי 5% שומן 600 ג' גד,"מיוצר ע""י קוד יצרן M",IL,יוגורט כבשים,גרמים,600.00,100 גרם,false,0,17.70,2.95,true,1,
7290004068028,false,"ציזיקי יוגורט לשתיה גד 500 מ""ל",מיוצר על ידי קוד יצר,IL,ציזיקי לשתיה,מיליליטרים,500.00,"100 מ""ל",false,0,10.00,2.00,true,1,
7290004068172,false,יוגורט עזים בדלי 5% שומן 600 ג' גד,קוד יצרן MKN,IL,יוגורט עזים בדלי,גרמים,600.00,100 גרם,false,0,17.90,2.98,true,1,
7290004068189,false,יוגורט לבן בדלי,,IL,יוגורט לבן בדלי,גרמים,600.00,100 גרם,false,0,13.20,2.20,true,1,
7290004068332,false,קממבר בקר משולשים במשקל,מחלבות גד,IL,גבינת קממבר בקר,קילוגרמים,0.00,"ק""ג",true,0,118.00,118.00,true,1,
7290004068424,false,גבינה גאודה משולשים,מחלבות גד,IL,גבינת גאודה,קילוגרמים,0.00,"ק""ג",true,0,118.00,118.00,true,1,
7290004068523,false,גבינה צהובה 28% גד משקל,WLOSZCZOWA,PL,גבינה צהובה 28%,קילוגרמים,0.00,"ק""ג",true,1,37.00,37.00,true,1,
7290004068585,false,גאודה עיזים משולשים משקל,מחלבת אמלטי הולנד,NL,גאודה עיזים,קילוגרמים,0.00,"ק""ג",true,1,130.00,130.00,true,1,
7290004078263,false,מקלות אוזניים פלסטיק 2* 200 יחידות,ספטונה,GR,מקלוני כותנה,יחידה,1.00,יחידה,false,0,11.90,11.90,true,1,
7290004078270,false,נוזל לניקוי כלים בריח לימון פלמוליב 1 ליטר,יבואן ומשווק: ש. שסט,GR,פלמוליב לכלים,ליטרים,1.00,ליטר,false,0,14.60,14.60,true,1,
7290004078379,false,"קולגייט משחת שיניים טוטל פרש סטריפ 100מ""ל",קולגייט-פלמוליב,PL,משחת שיניים,מיליליטרים,100.00,"100 מ""ל",false,0,17.90,17.90,true,1,
7290004078942,false,ליידי ספיד סטיק - דאודורנט ג'ל לאישה 65 גרם,קולגייט-פלמוליב,US,דאודורנט,גרמים,65.00,100 גרם,false,0,32.60,50.15,true,1,
7290004091248,false,וזלין פטרוליום אינטנסיב קאר ג'ל 106 גר',"יוניליוור ארה""ב, ג'ו",US,ואזלין טהור,גרמים,100.00,100 גרם,false,0,16.20,16.20,true,1,
7290004119133,false,כד יוגורט תנובה 6.5% שומן 1.5 ליטר,מיוצר עי קונדיטוריית,IL,יוגורט בכד,ליטרים,1.50,ליטר,false,0,17.00,11.33,true,1,
7290004119225,false,יופלה יוגורט אננס %3 גביע 150 גרם,תנובה מרכז שיתופי לש,IL,יופלה אננס 3%,גרמים,150.00,100 גרם,false,0,5.20,3.47,true,1,
7290004119973,false,קרלו מעדן שוקו רביעיה גביע 1.5% 125 גרם,תנובה מרכז שיתופי לש,IL,קרלו שוקולדה,גרמים,125.00,100 גרם,false,0,2.90,2.32,true,1,
7290004120061,false,מעדן חלב בטעם שוקו וניל שוניל 2% קרלו 125 גרם,תנובה מרכז שיתופי לש,IL,מעדן קרלו שוניל,גרמים,125.00,100 גרם,false,0,3.00,2.40,true,1,
7290004120108,false,יופלה דיאט יוגורט דובדבן %0 גביע 150גרם,תנובה מרכז שיתופי לש,IL,יופלה דיאט 0%,גרמים,150.00,100 גרם,false,0,5.20,3.47,true,1,
7290004120573,false,פיראוס 16% גבינה בולגרית 250 גרם,תנובה מרכז שיתופי לש,IL,גבינה בולגרית16%,גרמים,250.00,100 גרם,false,0,23.30,9.32,true,1,
7290004120634,false,גבינה פיראוס בולגרית 5% 250 גרם,תנובה מרכז שיתופי לש,IL,גבינה בולגרית5%,גרמים,250.00,100 גרם,false,0,23.30,9.32,true,1,
7290004121525,false,יופלה מאגדת פרי 4 תות 4 אפרסק 3% 8 יח'*150 ג',תנובה מרכז שיתופי לש,IL,יופלה 3% 8 יח',קילוגרמים,1.20,"ק""ג",false,0,31.20,26.00,true,1,
7290004121754,false,יוגורט ביו עוגת גבינה ותות 3% יופלה 150 גרם,תנובה חלב,IL,יופלה קרם גבינה,גרמים,150.00,100 גרם,false,0,5.20,3.47,true,1,
7290004121839,false,גבינת פטה כבשים 20% פיראוס 250 גרם,תנובה מרכז שיתופי לש,IL,גבינת פטה כבשים,גרמים,250.00,100 גרם,false,0,28.10,11.24,true,1,
7290004121853,false,גבינה בולגרית פיראוס 5% קוביות 200 גרם,תנובה מרכז שיתופי לש,IL,קוביות בולגרית5%,גרמים,200.00,100 גרם,false,0,21.20,10.60,true,1,
7290004122089,false,פתיתי גבינת עמק 200 גרם,תנובה,IL,פתיתי גבינת עמק,גרמים,200.00,100 גרם,false,0,14.20,7.10,true,1,
7290004122119,false,פתיתי פרמזן לפסטה 23% השף הלבן 100 גרם,פ.פ.ח. שאביט,IL,פתיתי פרמזן,גרמים,100.00,100 גרם,false,0,13.40,13.40,true,1,
7290004122195,false,גוש חלב גבינה צהובה פרוסה 28% תנובה 200 גרם,תנובה חלב,IL,גבינה גוש חלב,גרמים,200.00,100 גרם,false,0,14.20,7.10,true,1,
7290004122270,false,עמק קלאסית פרוסות גבינה חצי קשה 28% 200 גרם,תנובה מרכז שיתופי לש,IL,גבינת עמק פרוס,גרמים,200.00,100 גרם,false,0,15.80,7.90,true,1,
7290004122348,false,גבינת עמק לייט פרוס בקופסא 200 גרם,תנובה מרכז שיתופי לש,IL,גבינת עמק לייט,גרמים,200.00,100 גרם,false,0,16.10,8.05,true,1,
7290004122560,false,פתיתי עמק השף הלבן 500גר,תנובה,IL,פתיתי גבינת עמק,גרמים,500.00,100 גרם,false,0,27.90,5.58,true,1,
7290004122676,false,גבינת חמד לייט 5% פיראוס 250 ג',"תנובה,מחלבת טנא נוגה",IL,גבינת חמד לייט5%,גרמים,250.00,100 גרם,false,0,17.60,7.04,true,1,
7290004122683,false,עמק חטיף אצבעות גבינה חצי קשה 28% שומן,תנובה מרכז שיתופי לש,IL,אצבעות עמק,גרמים,172.00,100 גרם,false,0,16.50,9.59,true,1,
7290004123284,false,גב.לבנה רכה5%ללא מלח250ג,תנובה,IL,גבינה לבנה רכה5%,גרמים,250.00,100 גרם,false,0,4.60,1.84,true,1,
7290004124205,false,יופלה דיאט יוגורט תות %0 גביע 150 גרם,תנובה מרכז שיתופי לש,IL,יופלה דיאט תות0%,גרמים,150.00,100 גרם,false,0,5.20,3.47,true,1,
7290004125370,false,"שמנת חמוצה 9% מופחתת שומן תנובה 200 מ""ל מהדרין",תנובה מרכז שיתופי לש,IL,שמנת חמוצה 9%,מיליליטרים,200.00,"100 מ""ל",false,0,3.60,1.80,true,1,
7290004125400,false,"אשל שלי מהדרין 200 מ""ל 4.5% ""תנובה""- מוצר בפיקוח",פארייפאבה אגרואינדוס,IL,אשל 4.5% שומן,מיליליטרים,200.00,"100 מ""ל",false,0,1.55,0.78,true,1,
7290004125417,false,"גיל 3% שלי 200 מ""ל ""תנובה"" -מוצר בפיקוח",תנובה מרכז שיתופי לש,IL,גיל לבן 3%שומן,מיליליטרים,200.00,"100 מ""ל",false,0,1.40,0.70,true,1,
7290004125455,false,"שמנת חמוצה 200 מ""ל 15% ""תנובה"" -מוצר בפיקוח",תנובה מרכז שיתופי לש,IL,שמנת תנובה 15%,מיליליטרים,200.00,"100 מ""ל",false,0,2.20,1.10,true,1,
7290004125462,false,"שמנת חמוצה 15% תנובה 500 מ""ל מהדרין",תנובה מרכז שיתופי לש,IL,שמנת חמוצה 15%,מיליליטרים,500.00,"100 מ""ל",false,0,5.50,1.10,true,1,
7290004125509,false,"שמנת חמוצה 15% מועשרת תנובה 100 מ""ל",תנובה מרכז שיתופי לש,IL,שמנת חמוצה,מיליליטרים,100.00,"100 מ""ל",false,0,1.70,1.70,true,1,
7290004125578,false,משקה סויה מעושר בסידן תנובה 1ל',תנובה מרכז שיתופי לש,IL,משקה סויה,ליטרים,1.00,ליטר,false,0,11.90,11.90,true,1,
7290004125585,false,משקה סויה בטעם וניל תנובה 1 ליטר,תנובה מרכז שיתופי לש,IL,משקה סויה וניל,ליטרים,1.00,ליטר,false,0,11.90,11.90,true,1,
7290004125721,false,"השף הלבן שמנת עמידה לבישול 15% תנובה 250 מ""ל",תנובה מרכז שיתופי לש,IL,שמנת לבישול15%,מיליליטרים,250.00,"100 מ""ל",false,0,8.10,3.24,true,1,
7290004125738,false,שמנת מתוקה להקצפה32% 250מל עמיד השף הלבן,תנובה מרכז שיתופי לש,IL,שמנת להקצפה32%,מיליליטרים,250.00,"100 מ""ל",false,0,6.70,2.68,true,1,
7290004125776,false,גבינה צהובה עמק 28% 400 גרם בקופסא,תנובה חלב,IL,גבינת עמק פרוס,גרמים,400.00,100 גרם,false,0,28.70,7.18,true,1,
7290004126674,false,טל העמק פרוסות גבינה חצי קשה לייט %9 200 גרם בקופסא,תנובה מרכז שיתופי לש,IL,גבינה טל העמק,גרמים,200.00,100 גרם,false,0,17.90,8.95,true,1,
7290004126759,false,יוגורט דיאט יופלה פירות יער 150 גרם,תנובה חלב,IL,יופלה דיאט,גרמים,150.00,100 גרם,false,0,5.20,3.47,true,1,
7290004126872,false,"שוקו תנובה בבקבוק 250 מ""ל תנובה",תנובה חלב,IL,שוקו בקבוק,מיליליטרים,250.00,"100 מ""ל",false,0,5.60,2.24,true,1,
7290004127077,false,קוטג תנובה 3% גביע 250 גרם מהדרין,מיוצר עי קונדיטוריית,IL,קוטג' 3% שומן,גרמים,250.00,100 גרם,false,0,5.70,2.28,true,1,
7290004127329,false,קוטג תנובה גביע 250 גרם %5 ו.מהדרין,מיוצר עי קונדיטוריית,IL,קוטג' תנובה 5%,גרמים,250.00,100 גרם,false,0,5.70,2.28,true,1,
7290004127336,false,קוטג תנובה גביע 250 גרם %9 ו.מהדרין,מיוצר עי קונדיטוריית,IL,קוטג' תנובה 9%,גרמים,250.00,100 גרם,false,0,5.70,2.28,true,1,
7290004127800,false,"גבינה לבנה 500 גרם 5% ""תנובה"" -מוצר בפיקוח",מיוצר עי קונדיטוריית,IL,גבינה לבנה 5%,גרמים,500.00,100 גרם,false,0,9.20,1.84,true,1,
7290004127817,false,גבינה לבנה 9% שומן 500 ג' תנובה,מיוצר עי קונדיטוריית,IL,גבינה לבנה 9%,גרמים,500.00,100 גרם,false,0,9.20,1.84,true,1,
7290004127862,false,"גבינה לבנה 750 גרם 5% ""תנובה"" - מוצר בפיקוח",תנובה מרכז שיתופי לש,IL,גבינה לבנה 5%,גרמים,750.00,100 גרם,false,0,13.80,1.84,true,1,
7290004128272,false,גבינה אדם לייט9% 200 גרם,תנובה,IL,גבינה אדם לייט,גרמים,200.00,100 גרם,false,0,19.00,9.50,true,1,
7290004128333,false,לאבנה על בסיס יוגורט %9 שומן 500 ג' פיראוס,תנובה חלב,IL,לבנה פיראוס 9%,גרמים,500.00,100 גרם,false,0,20.30,4.06,true,1,
7290004128340,false,קרם גבינת שמנת %5 בטעם טבעי 200 ג' תנובה,תנובה חלב,IL,גבינת שמנת,גרמים,200.00,100 גרם,false,0,9.90,4.95,true,1,
7290004128364,false,קרם גבינת שמנת 5% עם זיתים ירוקים 200 ג' תנובה,"תנובה, מחלבת תל יוסף",IL,גבינת שמנת זיתים,גרמים,200.00,100 גרם,false,0,9.90,4.95,true,1,
7290004129101,false,גבינת שמנת 25% בטעם טבעי 225 ג' נפוליאון,תנובה מרכז שיתופי לש,IL,גבינת נפוליאון,גרמים,225.00,100 גרם,false,0,9.90,4.40,true,1,
7290004129118,false,גבינת שמנת 24% עם זיתים ירוקים 225 ג' נפוליאון,מחלבת אלון תבור,IL,גבינת נפוליאון,גרמים,225.00,100 גרם,false,0,9.90,4.40,true,1,
7290004129156,false,גבינת שמנת25% עם שום שמיר 225 ג' נפוליאון,תנובה מרכז שיתופי לש,IL,גבינת נפוליאון,גרמים,225.00,100 גרם,false,0,9.90,4.40,true,1,
7290004129545,false,גבינה לבנה 3% תנובה 250 גרם,מחלבת אלון תבור,IL,גבינה לבנה 3%,גרמים,250.00,100 גרם,false,0,4.60,1.84,true,1,
7290004129668,false,יופלה+מכסה פצפוצי שוק167,תנובה מרכז שיתופי לש,IL,יופלה+פצפוצי שוק,גרמים,167.00,100 גרם,false,0,5.90,3.53,true,1,
7290004129736,false,יוגורט במתיקות מעודנת 1.5% שומן 200 ג' יופלה,תנובה מרכז שיתופי לש,IL,יופלהלבן מעודן,גרמים,200.00,100 גרם,false,0,4.20,2.10,true,1,
7290004129767,false,"3% 'יופלה לבן מארז שמינייה 1.2 ק""ג",מחלבת אלון תבור,IL,יופלה לבן 3%,קילוגרמים,1.20,"ק""ג",false,0,17.90,14.92,true,1,
7290004130695,false,משקה חלב אייס קפה בבקבוק 1ל' תנובה,תנובה מרכז שיתופי לש,IL,משקה אייס קפה,ליטרים,1.00,ליטר,false,0,10.00,10.00,true,1,
7290004130794,false,משקה סויה במתיקות מופחתת תנובה 1 ליטר,תנובה מרכז שיתופי לש,IL,משקה סויה,ליטרים,1.00,ליטר,false,0,10.90,10.90,true,1,
7290004130916,false,יוגורט יופלה פירות יער בשמנת 3% 150 גרם,תנובה מרכז שיתופי לש,IL,יופלה פירות יער,גרמים,150.00,100 גרם,false,0,5.20,3.47,true,1,
7290004131227,false,תנובה גבינה למריחה 3,מחלבת אלון תבור,IL,גבינה לבנה 3%,גרמים,500.00,100 גרם,false,0,9.20,1.84,true,1,
7290004131296,false,חלב אורגני 3% בקרטון 1 ל,הרדוף,IL,חלב אורגני 3% בקרטון 1 ל,ליטרים,1.00,ליטר,false,0,11.90,11.90,true,1,
7290004131432,false,יוגורט יופלה לבן ביו 3% 200 גרם,מיוצר עי קונדיטוריית,IL,יופלה לבן 3%,גרמים,200.00,100 גרם,false,0,3.90,1.95,true,1,
7290004131456,false,יוגורט ביו 1.5% שומן 200 ג' יופלה,מיוצר עי קונדיטוריית,IL,יופלה לבן 1.5%,גרמים,200.00,100 גרם,false,0,3.90,1.95,true,1,
7290004131531,false,שוקו שוק 20% פחות סוכר בקבוק 1ל,תנובה מרכז שיתופי לש,IL,שוקו בקבוק,ליטרים,1.00,ליטר,false,0,9.90,9.90,true,1,
7290004131814,false,גבינה צפתית 5% מעודנת 200 ג' פיראוס,פארייפאבה אגרואינדוס,IL,פיראוס צפתית5%,גרמים,200.00,100 גרם,false,0,15.90,7.95,true,1,
7290004132231,false,חלב פלוס לקפה 3.5% שומן,"תנובה, מחלבת רחובות",IL,חלב פלוס לקפה,מיליליטרים,800.00,"100 מ""ל",false,0,6.90,0.86,true,1,
7290004132507,false,יופלה+מכסה דגנים מצופה,תנובה מרכז שיתופי לש,IL,יופלה עם מכסה,גרמים,167.00,100 גרם,false,0,5.90,3.53,true,1,
7290004132552,false,משקה סויה בטעם טבעי לייט תנובה 1 ליטר,תנובה מרכז שיתופי לש,IL,משקה סויה,ליטרים,1.00,ליטר,false,0,11.90,11.90,true,1,
7290004132699,false,ממרחמאה מוקצף 140 גרם,תנובה מרכז שיתופי לש,IL,ממרחמאה מוקצף,גרמים,140.00,100 גרם,false,0,9.40,6.71,true,1,
7290004132712,false,חטיף אצבעות גבינת מוצרלה 20% 172 ג' עמק,תנובה מרכז שיתופי לש,IL,חטיפי מוצרלה,גרמים,172.00,100 גרם,false,0,16.50,9.59,true,1,
7290004133108,false,יופלה לבן+מכסה גרנולה170,תנובה מרכז שיתופי לש,IL,יופלה עם מכסה,גרמים,170.00,100 גרם,false,0,5.80,3.41,true,1,
7290004133207,false,יופלה לבן 0% שומן 200גרם,מחלבת אלון תבור,IL,יופלה לבן 0%שומן,גרמים,200.00,100 גרם,false,0,3.90,1.95,true,1,
7290004133511,false,יופלה מאגדת לבן 1.5% מעודן 8 יח' * 150 ג',מיוצר עי קונדיטוריית,IL,יופלה מעודן 8 יח,קילוגרמים,1.20,"ק""ג",false,0,20.30,16.92,true,1,
7290004133627,false,משקה חלב בטעם וניל בתוספת ויטמין A+D 3% ליטר,תנובה מרכז שיתופי לש,IL,חלב על הבוקר 3%,ליטרים,1.00,ליטר,false,0,8.20,8.20,true,1,
7290004133900,false,קצפת צמחית השף הלבן250מל,סוי מג'יק,IL,קצפת צמחית,מיליליטרים,250.00,"100 מ""ל",false,0,9.40,3.76,true,1,
7290004134198,false,"משקה בננה בקבוק 250 מ""ל",תנובה,IL,משקה בננה בקבוק,מיליליטרים,250.00,"100 מ""ל",false,0,5.60,2.24,true,1,
7290004134945,false,יוגורט מוקה 3% שומן 150 ג' יופלה,תנובה מרכז שיתופי לש,IL,יופלה מוקה 3%,גרמים,150.00,100 גרם,false,0,5.20,3.47,true,1,
7290004134983,false,פרוסות גבינת עמק 5% 200ג,תנובה,IL,גבינת עמק 5%,גרמים,200.00,100 גרם,false,0,17.20,8.60,true,1,
7290004135225,false,מעדן חלב דל קלוריות בטעם שוקולד 0.2שומ,תנובה מרכז שיתופי לש,IL,מעדן דיאט שוקולד,גרמים,150.00,100 גרם,false,0,3.80,2.53,true,1,
7290004135232,false,מעדן דיאט וניל0% 150 גרם,מחלבת אלון תבור,IL,מעדן דיאט וניל,גרמים,150.00,100 גרם,false,0,3.80,2.53,true,1,
7290004135324,false,פיראוס בולגרית מע5%משקל,תנובה מרכז שיתופי לש,IL,פיראוס בולגרית מע5%משקל,קילוגרמים,0.00,"ק""ג",true,0,40.00,40.00,true,1,
7290004135614,false,גבינה בולגרית מעודנת 5% פיראוס 250 גרם,תנובה חלב,IL,בולגרית פיראוס5%,גרמים,250.00,100 גרם,false,0,21.90,8.76,true,1,
7290004135621,false,בולג. מעוד.פיראוס 2503%ג,תנובה,IL,בולגרית פיראוס3%,גרמים,250.00,100 גרם,false,0,21.90,8.76,true,1,
7290004136130,false,"שוקו תנובה בקבוק 340 מ""ל",תנובה,IL,שוקו תנובה בקבוק,מיליליטרים,340.00,"100 מ""ל",false,0,6.80,2.00,true,1,
7290004136154,false,"משקה חלב אייס קפה תנובה בבקבוק 340 מ""ל",גוד פוד פרודקטס S.p,IL,משקה אייס קפה,מיליליטרים,340.00,"100 מ""ל",false,0,7.30,2.15,true,1,
7290004136192,false,מילק שייק פונץ בננה 250מ,תנובה,IL,מילק שייק פונץ,מיליליטרים,250.00,"100 מ""ל",false,0,6.10,2.44,true,1,
7290004136222,false,מארז שוקו מופחת סוכר,"תנובה, מחלבת רחובות",IL,שוקו בקבוק 6 יח',ליטרים,1.50,ליטר,false,0,26.50,17.67,true,1,
7290004136598,false,מארז הפסקת אוכל עם קורנפלקס ומשקה חלב עמיד בטעם וניל,פארייפאבה אגרואינדוס,IL,חלב עם דגנים,יחידה,1.00,יחידה,false,0,9.20,9.20,true,1,
7290004136857,false,מעדן גלי פטל תנובה 125 גרם,תנובה מרכז שיתופי לש,IL,מעדן ג'לי פטל,גרמים,125.00,100 גרם,false,0,2.70,2.16,true,1,
7290004136871,false,מעדן ג'לי בטעם אפרסק עם חתיכות תנובה 125 גרם,תנובה מרכז שיתופי לש,IL,מעדן ג'לי אפרסק,גרמים,125.00,100 גרם,false,0,2.90,2.32,true,1,
7290004137021,false,"שמנת עמידה לבישול מופחת שומן 10% השף הלבן 250 מ""ל",תנובה מרכז שיתופי לש,IL,שמנת לבישול10%,מיליליטרים,250.00,"100 מ""ל",false,0,8.10,3.24,true,1,
7290004137311,false,גבינה צהובה לייט 9% שומן 400 ג' עמק,תנובה חלב,IL,גבינת עמק לייט,גרמים,400.00,100 גרם,false,0,29.80,7.45,true,1,
7290004165017,false,"רסק תפו""ע 600 גרם טבעי ללא סוכר יכין","זנלכל בע""\מ",IL,"רסק תפו""ע בלי סוכר560גרם",גרמים,560.00,100 גרם,false,0,6.90,1.23,true,1,
7290004199166,false,כפפות לטקס חד פעמיות S איזי טאץ' 100 יחידות,הדקלאים אגודת שיתופי,TH,כפפות לטקס,יחידה,1.00,יחידה,false,0,25.90,25.90,true,1,
7290004230104,false,קציצות בקר ברוטב עגבניות שגב,טיבון ויל אחזקות בעמ,IL,קציצות בקר ברוטב,גרמים,800.00,100 גרם,false,14,37.60,4.70,true,1,
7290004230326,false,שגב מקלות פילו תפוחי עץ 600 גר',שלושת האופים שגמור,IL,מקלות פילו ת.עץ,גרמים,600.00,100 גרם,false,0,22.10,3.68,true,1,
7290004230333,false,"מקלות בורקס פילו תפו""א שגב 600 גר",שלושת האופים שגמור,IL,"מקלות בורקס פילו תפו""א 6",גרמים,600.00,100 גרם,false,0,22.10,3.68,true,1,
7290004230340,false,מקלות בורקס פילו תרד ובצל שגב 600 ג,שלושת האופים שגמור,IL,מקלות בורקס פילו תרד בצל,גרמים,600.00,100 גרם,false,0,22.10,3.68,true,1,
7290004269890,false,עוגת בראוניס עשירה 380גר,לחמי,IL,עוגת בראוניס,גרמים,380.00,100 גרם,false,0,20.80,5.47,true,1,
7290004386825,false,שעועית בגודל ענק אפויה ברוטב עגבניות -מוכן לאכילה,וילי פוד,GR,שעועית אפויה,גרמים,420.00,100 גרם,false,0,10.40,2.48,true,1,
7290004492762,false,"נשנושים תירס אפוי טעם טבעי בייגל בייגל 325 גרם בד""צ",בייגל את בייגל מזון 198),IL,נישנושים תירס,גרמים,325.00,100 גרם,false,0,10.00,3.08,true,1,
7290004532598,false,פלאפל דביאל 230 גרם,קטיף,IL,פלאפל דבאיל,גרמים,230.00,100 גרם,false,0,16.80,7.30,true,1,
7290004554231,false,קורנטו סופר עוגיות יח,שטראוס גלידות,IL,קורנטו סופר עוגיות יח,יחידה,1.00,יחידה,false,0,10.00,10.00,true,1,
7290004554330,false,"קרחון בטעם דובדבן ""שטראוס""","מיוצר ע""\י גלידת שטראוס",IL,אסקימו דובדבן יח,יחידה,1.00,יחידה,false,0,3.00,3.00,true,1,
7290004554354,false,גלידת פנטזיה שוקו וניל 1 ל' שטראוס,"גלידת שטראוס בע""\מ, רחוב",IL,"גלידת ""פנטסיה""",ליטרים,1.00,ליטר,false,0,25.40,25.40,true,1,
7290004554613,false,שוקובו שוקלד לבן יח,שטראוס גלידות,IL,שוקובו שוקלד לבן יח,יחידה,1.00,יחידה,false,0,10.00,10.00,true,1,
7290004554781,false,קרחון אסקימו שטראוס לימון,שטראוס גלידות,IL,אסקימו לימון יח,יחידה,1.00,יחידה,false,0,3.00,3.00,true,1,
7290004554798,false,שלגון מטרה פטל לימון וענבים שטראוס,"מיוצר ע"" גלידת שטראו",IL,שלגון מטרה,יחידה,1.00,יחידה,false,0,6.00,6.00,true,1,
7290004554958,false,שלגון פרוטי יח,שטראוס,IL,שלגון פרוטי יח,יחידה,1.00,יחידה,false,0,4.00,4.00,true,1,
7290004584351,false,גבינה לבנה סימפוניה עם תוספות 200 ג' חמישית 200,"שטראוס בריאות בע""\מ",IL,גבינת סימפוניה,גרמים,200.00,100 גרם,false,0,10.00,5.00,true,1,
7290004584528,false,יוגורט דנונה ביו לבן 1.7% שומן 200 גרם,מיוצר עי קונדיטוריית,IL,יוגורט ביו 1.7%,גרמים,200.00,100 גרם,false,0,3.70,1.85,true,1,
7290004603175,false,מלח הים האדום גס מלח הארץ 500 גרם,"חברת מלח הארץ אילת בע""\מ",IL,מלח ים גס,גרמים,500.00,100 גרם,false,0,8.40,1.68,true,1,
7290004658953,false,יין סוביניון בלאן פרייבט קולקשן יקבי כרמל,"כד בני דרום בע""מ",IL,סוביניון בלאן,מיליליטרים,750.00,"100 מ""ל",false,0,32.90,4.39,true,1,
7290004685010,false,לחם 100% שיפון פלוס לחם הארץ 500 גר',מאפית י את א ברמן בע,IL,לחם 100% שיפון קל 500 גר,גרמים,500.00,100 גרם,false,0,13.90,2.78,true,1,
7290004685089,false,לחם הארץ לחם חמניות 500 גר',מאפית י את א ברמן בע,IL,לחם חמניות 500 גרם,גרמים,500.00,100 גרם,false,0,13.90,2.78,true,1,
7290004685126,false,לחם הארץ חמישה דגנים750ג,מאפית י את א ברמן בע,IL,לחם הארץ חמישה דגנים750ג,גרמים,750.00,100 גרם,false,0,13.90,1.85,true,1,
7290004685140,false,לחם הארץ שיפון 750 גרם,מאפית ברמן,IL,לחם הארץ שיפון 750 גרם,גרמים,750.00,100 גרם,false,0,13.90,1.85,true,1,
7290004685157,false,לחם שיפון 100% הארץ 750 גר,מאפית י את א ברמן בע,IL,לחם שיפון 100%פרוס 750ג,גרמים,750.00,100 גרם,false,0,13.90,1.85,true,1,
7290004685201,false,לחם הארץ שיפון אגוזים500,מאפית י את א ברמן בע,IL,לחם הארץ שיפון אגוזים500,גרמים,500.00,100 גרם,false,0,13.90,2.78,true,1,
7290004685225,false,לחם שיפון פומפרניקל מקמח שיפון,מאפית י את א ברמן בע,IL,לחם פומפרניקל 750 גרם,גרמים,750.00,100 גרם,false,0,13.90,1.85,true,1,
7290004685232,false,לחם שאור ללא שמרים 750גר,מאפית י.את א. ברמן ב,IL,לחם שאור ללא שמרים 750גר,גרמים,750.00,100 גרם,false,0,13.90,1.85,true,1,
7290004731083,false,"סבון נוזלי לידיים ג'נסינג ""כיף""",טרופיקל דגיל תעשיות,IL,אל סבון כיף,ליטרים,1.00,ליטר,false,0,10.00,10.00,true,1,
7290004731281,false,קרמה ספא אלסבון לבנדר500,קוסמופארם בעמ,IL,קרמה ספא אלסבו,מיליליטרים,500.00,"100 מ""ל",false,0,10.00,2.00,true,1,
7290004731298,false,ספא אלסבון וניל קוקוס קרמה,קוסמופארם,IL,קרמה ספא אלסבו,מיליליטרים,500.00,"100 מ""ל",false,0,10.00,2.00,true,1,
7290004731410,false,"שלישיית כריות קרצוף ירוקות סנו סושי 25X10.6 ס""מ",קריות זול,IL,סנו סושי ענק 3,יחידה,1.00,יחידה,false,0,7.90,7.90,true,1,
7290004731472,false,"שלישיית אלסבון צבעוני כיף 500 מ""ל",טרופיקל דגיל תעשיות,IL,שלישית אלסבון,ליטרים,1.50,ליטר,false,0,22.70,15.13,true,1,
7290004737443,false,קוקטייל פירות 820 גרם,ג'יאנגסו יואהו פוד ק,CN,קוקטייל פירות,גרמים,820.00,100 גרם,false,0,9.30,1.13,true,1,
7290004810009,false,דאק לאסלה ניחוח הדרים זו,ג'ונסון,NL,טואלט דאק זוג,ליטרים,1.50,ליטר,false,0,15.00,10.00,true,1,
7290004872069,false,קרחון לימון כלפ.48*80גרם,גלידות נסטלה )נגה גלידות,IL,"שלגון קרח לימון כשל""פ",יחידה,1.00,יחידה,false,0,3.00,3.00,true,1,
7290004872250,false,שלגון שרבט אבטיח נסטלה 108 גרם,גלידות נסטלה )נגה גלידות,IL,שלגון אבטיח קיץ כשלפ,יחידה,1.00,יחידה,false,0,6.00,6.00,true,1,
7290004872359,false,קרחון דובדבן כלפ. 48*80גרם,גלידות נסטלה )נגה גלידות,IL,קרחון דובדבן,יחידה,1.00,יחידה,false,0,3.00,3.00,true,1,
7290004872786,false,טילון אקסטרים פקאן ענק,גלידות נסטלה,IL,טילון אקסטרים פקאן ענק,יחידה,1.00,יחידה,false,0,10.00,10.00,true,1,
7290004923051,false,מים מינרלים עין גדי 2 ל',עין גדי מיים מינרלים,IL,מים מינרלים עין גדי 2 ל',ליטרים,2.00,ליטר,false,0,3.90,1.95,true,1,
7290004923099,false,שישיית מים עין גדי 2 ליטר,עין גדי מיים מינרלים,IL,מים עין גדי 6 יח,ליטרים,12.00,ליטר,false,0,11.90,0.99,true,1,
7290004952778,false,טופו מפולי סויה אורגני הרדוף 300 גר,כפר בריא בעמ,IL,טופו אורגני-הרדוף 300גרם,גרמים,300.00,100 גרם,false,0,15.10,5.03,true,1,
7290004982379,false,גבינת פול אפי במשקל,בונגראן,IL,גבינת פול אפי במשקל,קילוגרמים,0.00,"ק""ג",true,0,139.00,139.00,true,1,
7290005008153,false,3 מברשות קולגייט זיג זג,קולגייט-פלמוליב,VN,3 מברשות שיניים,יחידה,1.00,יחידה,false,0,23.10,23.10,true,1,
7290005068058,false,תירס קל מופחת קלוריות 550 ג' פרי הגליל,"פרי הגליל בע""""מ",IL,תירס קל,גרמים,550.00,100 גרם,false,0,8.90,1.62,true,1,
7290005079221,false,בולגרית מעודנת5% משקל,מחלבת משק צוריאל,IL,בולגרית מעודנת5% משקל,קילוגרמים,0.00,"ק""ג",true,0,45.00,45.00,true,1,
7290005079238,false,פטה עיזים מעודנת16% משקל,מחלבת משק צוריאל,IL,פטה עיזים מעודנת16% משקל,קילוגרמים,0.00,"ק""ג",true,0,70.00,70.00,true,1,
7290005079290,false,נעם גבינה צהובה15% משקל,טרה,IL,גב.צהובה נעם15%,קילוגרמים,0.00,"ק""ג",true,1,64.00,64.00,true,1,
7290005079320,false,בולגרית גלילית 24% במשקל,משק צוריאל תבור,IL,גבינה בולגרית,קילוגרמים,0.00,"ק""ג",true,1,45.00,45.00,true,1,
7290005082979,false,חלת דגנים קלועה 560 גרם,"גידרון תעשיות בע""מ",IL,חלת דגנים קלועה,גרמים,560.00,100 גרם,false,0,11.90,2.13,true,1,
7290005084355,false,סנסודין משחת שיניים דואל קר פלואוריד 75,גלקסו סמית קליין,GB,משחת שיניים,מיליליטרים,75.00,"100 מ""ל",false,0,19.70,26.27,true,1,
7290005111761,false,"מזון לכלבים בונזו מזון כלבים בשר 3 ק""ג","ביופט בע""מ",FR,בונזו בשר,קילוגרמים,3.00,"ק""ג",false,0,46.50,15.50,true,1,
7290005113222,false,זיתים קוקטייל וגמבה יבנה 350ג',קבוצת יבנה,IL,מיקס זיתים,גרמים,340.00,100 גרם,false,0,10.30,3.03,true,1,
7290005174551,false,סלט חומוס עם צנוברים 125 ג' אחלה,מיוצר עי קונדיטוריית,IL,חומוס יום יום,גרמים,125.00,100 גרם,false,0,5.30,4.24,true,1,
7290005174568,false,סלט חצילים במיונז אחלה 125 גרם,מיוצר עי קונדיטוריית,IL,חציל במיונז אחלה,גרמים,125.00,100 גרם,false,0,5.30,4.24,true,1,
7290005174575,false,טחינה אחלה יום יום משובחת 125ג',מיוצר עי קונדיטוריית,IL,טחינה יום יום,גרמים,125.00,100 גרם,false,0,5.30,4.24,true,1,
7290005175428,false,"קמח תירס לל""ג ריבארה 500 ג'",קריות זול,AR,קמח תירס,גרמים,500.00,100 גרם,false,0,7.80,1.56,true,1,
7290005199622,false,עד חצות ביסקוויט פרי,שטראוס,IL,עד חצות מריר,גרמים,200.00,100 גרם,false,0,14.80,7.40,true,1,
7290005200786,false,תפוצ'יפס בטעם שמנת בצל עלית 50 גרם,"שטראוס פריטו ליי בע""\מ )",IL,תפוצ'יפס שמנת,גרמים,50.00,100 גרם,false,0,4.10,8.20,true,1,
7290005200908,false,שוק.פרה עם ביסקוויט 100ג,מיוצר עי קונדיטוריית,IL,שוקולד+ביסקויט,גרמים,100.00,100 גרם,false,0,6.40,6.40,true,1,
7290005201455,false,קפה נמס מגורען ארומה קלאסי עלית 200 גרם,"אינסטנטה בע""מ",PL,קפה נמס ארומה,גרמים,200.00,100 גרם,false,0,23.90,11.95,true,1,
7290005201479,false,צ'יטוס בוטנים 100 גרם,עלית,IL,צ'יטוס בוטנים,גרמים,100.00,100 גרם,false,0,6.70,6.70,true,1,
7290005201882,false,קפה טורקי בצלופן עלית 200 גרם,הנסיך- מפעל לייצור ט,IL,קפה טורקי בצלופן,גרמים,200.00,100 גרם,false,0,17.90,8.95,true,1,
7290005271465,false,ביצים מידיום אורגני 12 יח',גליקסמן שיווק ביצים,IL,12ביצים אורגניות,יחידה,1.00,יחידה,false,0,21.70,21.70,true,1,
7290005271632,false,ביצים עטוף אומגה L 3,גליקסמן,,ביצים אומגה L 3,יחידה,1.00,יחידה,false,0,45.60,45.60,true,1,
7290005271687,false,אריזון 12 ביצים L-אומגה 3 מעושרות,גליקסמן שיווק ביצים,IL,ביצים אומגהL 3,יחידה,1.00,יחידה,false,0,21.90,21.90,true,1,
7290005271755,false,תבנית ביצים L חופש 12יחי,גליקסמן שיווק ביצים,IL,ביצי חופש L 12יח,יחידה,1.00,יחידה,false,0,19.30,19.30,true,1,
7290005271762,false,ביצים חופש מידיום 12 יח',גליקסמן שיווק ביצים,IL,ביצי חופש M 12יח,יחידה,1.00,יחידה,false,0,18.40,18.40,true,1,
7290005287053,false,סטארקיסט טונה בשמן סויה 110ג',סטארקיסט,IL,נתחי טונה בשמן,גרמים,110.00,100 גרם,false,0,8.20,7.45,true,1,
7290005287060,false,טונה סטארקיסט במים120גרם,סטארקיסט,IL,טונה סטארקיסט,גרמים,120.00,100 גרם,false,0,8.20,6.83,true,1,
7290005287206,false,רביעיית טונה בשמן סטארקיסט 160 גרם,"סטארקיסט פודור בע""מ",VN,טונה סטארקיסט4יח,גרמים,640.00,100 גרם,false,0,23.90,3.73,true,1,
7290005287251,false,רביעיית טונה במים סטארקיסט 160 גרם,"סטארקיסט פודור בע""מ",VN,טונה סטארקיסט4יח,גרמים,640.00,100 גרם,false,0,23.90,3.73,true,1,
7290005287510,false,"סטארקיסט טונה בשמן עם פלפל חריף 160 גרם בד""צ","סטארקיסט פודור בע""מ",TH,טונה עם פלפל,גרמים,160.00,100 גרם,false,0,7.40,4.63,true,1,
7290005287978,false,פילה טונה מעושנת 110 גרם,סטארקיסט,IL,פילה טונה,גרמים,110.00,100 גרם,false,0,15.00,13.64,true,1,
7290005326387,false,עגבניות מיובשות בשמן זית אוליביה 270 גרם,אוליביה,IL,עגבניות מיובשות,גרמים,270.00,100 גרם,false,0,19.90,7.37,true,1,
7290005384356,false,גבינת אמנטל ויליפוד,וילי פוד,LT,גבינת אמנטל,קילוגרמים,0.00,"ק""ג",true,0,69.00,69.00,true,1,
7290005384868,false,בסיגנון דנאבלו 29% במשקל,,IL,בסיגנון דנאבלו,קילוגרמים,0.00,"ק""ג",true,0,89.00,89.00,true,1,
7290005384899,false,פטינה ים תיכונית בסג,וילי פוד,IL,בסגנון פטה 21%,קילוגרמים,0.00,"ק""ג",true,0,45.00,45.00,true,1,
7290005423499,false,"תרסיס לניקוי משטחי נירוסטה אירוסל סנו 500 מ""ל",מיוצר עי קונדיטוריית,IL,סנו נירוסטה,מיליליטרים,500.00,"100 מ""ל",false,0,22.00,4.40,true,1,
7290005423543,false,משחת שיניים מלבינה לבן אורביטול 145 גרם,טרופיקל דגיל קוסמטיק,IL,משחת שיניים,גרמים,145.00,100 גרם,false,0,7.90,5.45,true,1,
7290005424403,false,אל סבון נוזלי בניחוח אצות ים כיף 1 ליטר,טרופיקל דגיל תעשיות,IL,אל סבון כיף,ליטרים,1.00,ליטר,false,0,10.00,10.00,true,1,
7290005425646,false,קליר נוזל לניקוי חלונות רב תכליתי סנו 1 ליטר,"סנו מפעלי ברונוס בע""\מ",IL,סנוקליר 1 ליטר,ליטרים,1.00,ליטר,false,0,11.10,11.10,true,1,
7290005426193,false,ספוגית הפלא סנו סושי 6 יחידות,טרופיקל דגיל תעשיות,IL,ספוג סנו סושי,יחידה,1.00,יחידה,false,0,10.00,10.00,true,1,
7290005426230,false,מטלית הפלא לרצפה מיקרופייבר סנו 1יח',סנו סושי,CN,מטליות הפלא רצפה,יחידה,1.00,יחידה,false,0,10.00,10.00,true,1,
7290005426940,false,"סנו K-300 מדביר חרקים 475 מ""ל",טרופיקל דגיל תעשיות,IL,300-K פלוס,מיליליטרים,400.00,"100 מ""ל",false,0,18.30,4.58,true,1,
7290005427107,false,סנו - סושי מגבות נייר הפלא 6 יחידות,מיוצר עי קונדיטוריית,IL,מגבות נייר סנו,מטרים,63.00,מטר,false,0,8.90,0.14,true,1,
7290005427497,false,מרכך כיף לשיער רגיל 750מ,קוסמופארם,IL,מרכך כיף,מיליליטרים,750.00,"100 מ""ל",false,0,10.00,1.33,true,1,
7290005427503,false,מרכך כיף לשיער יבש 750מל,קוסמופארם,IL,מרכך כיף לשיער,מיליליטרים,750.00,"100 מ""ל",false,0,10.00,1.33,true,1,
7290005427565,false,שמפו כיף לשיער רגיל 750מ,קוסמופארם,IL,שמפו כיף,מיליליטרים,750.00,"100 מ""ל",false,0,10.00,1.33,true,1,
7290005427572,false,שמפו כיף לשיער יבש 750מל,קוסמופארם,IL,שמפו כיף,מיליליטרים,750.00,"100 מ""ל",false,0,10.00,1.33,true,1,
7290005427602,false,"שמפו + מרכך כיף 750 מ""ל",קוסמופארם,IL,שמפו+מרכך כיף,מיליליטרים,750.00,"100 מ""ל",false,0,10.00,1.33,true,1,
7290005427787,false,"קרמה - קרם לחות לשיער מתולתל 400 מ""ל",טרופיקל דגיל תעשיות,IL,קרם לשיער קרמה,מיליליטרים,400.00,"100 מ""ל",false,0,15.90,3.98,true,1,
7290005427978,false,"תחליב רחצה לפנים פילינג קרמה 180 מ""ל",גוד פוד פרודקטס S.p,IL,תחליב רחצה לפנים,מיליליטרים,180.00,"100 מ""ל",false,0,12.90,7.17,true,1,
7290005427985,false,"קרמה תחליב רחצה לפנים בתוספת גרגירי פילינג 180 מ""ל",גוד פוד פרודקטס S.p,IL,ת.רחצה לפנים+ג,מיליליטרים,180.00,"100 מ""ל",false,0,12.90,7.17,true,1,
7290005430480,false,מטלית הפלא למשטחים מיקרופייבר סנו סושי 1 יחידה,קריות זול,IL,מטלית הפלא,יחידה,1.00,יחידה,false,0,7.90,7.90,true,1,
7290005431364,false,עוגת גבינה 2 יח,,IL,עוגת גבינה 2 יח,גרמים,184.00,100 גרם,false,0,10.90,5.92,true,1,
7290005431371,false,מלבי 2 * 165 גרם,תנובה,IL,מלבי 2 יחידות,גרמים,330.00,100 גרם,false,0,10.90,3.30,true,1,
7290005431593,false,קדאיף 2 יחידות,,IL,קדאיף 2 יחידות,גרמים,172.00,100 גרם,false,0,10.90,6.34,true,1,
7290005431692,false,עוג.גבינה אוכמניות90*2גר,תנובה,IL,זוג עוגות גבינה,גרמים,180.00,100 גרם,false,1,10.90,6.06,true,1,
7290005509445,false,עוגיות מיני קוקיס חמאה בצנצנת כרמית 600 גרם,כרמית תעשיות ממתקים,IL,מיני קוקיס,גרמים,750.00,100 גרם,false,0,14.80,1.97,true,1,
7290005559907,false,פיצה משפחתית 100% גבינה מעדנות 500 גרם,מיוצר עי קונדיטוריית,IL,פיצה משפחתית,גרמים,500.00,100 גרם,false,0,24.70,4.94,true,1,
7290005559914,false,פיצה משפחתית עם 100% גבינה בתוספת זיתים מעדנות 550 גרם,מיוצר עי קונדיטוריית,IL,פיצה משפחתית,גרמים,550.00,100 גרם,false,0,26.70,4.85,true,1,
7290005559983,false,חטיפי פיצה גבינה 650 גרם,"מעדנות בע""מ",IL,חטיפי פיצה גבינה,גרמים,650.00,100 גרם,false,0,35.90,5.52,true,1,
7290005559990,false,בצק פילאס תורכי מעדנות 600 גרם,מיוצר עי קונדיטוריית,IL,בצק פילאס תורכי,גרמים,600.00,100 גרם,false,0,27.30,4.55,true,1,
7290005564253,false,ספרינג אגס סברס תפוח1.5ל,יפאורה שותפות מובגלת לשיווק,IL,משקה ספרינג,ליטרים,1.50,ליטר,false,0,6.90,4.60,true,1,
7290005564680,false,תפוזינה לימונדה ורודה1.5,יפאורה שותפות מובגלת לשיווק,IL,תפוזינה לימונדה,ליטרים,1.50,ליטר,false,0,6.50,4.33,true,1,
7290005564970,false,"קריסטל תפו""ע מוגז 2 ליטר",יפאורה שותפות מובגלת לשיווק,IL,גזוז בטעם תפוח,ליטרים,2.00,ליטר,false,0,3.90,1.95,true,1,
7290005583568,false,אוריריות כוסמת עם מלח50ג,,IL,אוריריות כוסמת,גרמים,150.00,100 גרם,false,0,14.90,9.93,true,1,
7290005604133,false,פריגת מנגו 1.5 ליטר,מבשלות בירה בינלאומיות ב,IL,פריגת מנגו,ליטרים,1.50,ליטר,false,0,6.90,4.60,true,1,
7290005610509,false,צנונית ארוז דוד משה 500ג',ביכורי השקמה,IL,צנונית -יח',יחידה,1.00,יחידה,false,0,6.50,6.50,true,1,
7290005678073,false,פלפל צ'ילי זהבי יחידה,מושב לכיש,IL,פלפל צ'ילי זהבי,יחידה,1.00,יחידה,false,0,5.50,5.50,true,1,
7290005680052,false,טמפונים סופר פלוס אובה 32 יחידות,גונסון אנד גונסון,GR,טמפוני או-בה סופר + 32יח,יחידה,1.00,יחידה,false,0,36.80,36.80,true,1,
7290005718021,false,שטרודל גבינה,"גידרון תעשיות בע""מ",IL,שטרודל גבינה,יחידה,1.00,יחידה,false,0,17.90,17.90,true,1,
7290005718038,false,"שטרודל תפו""ע","גידרון תעשיות בע""מ",IL,"שטרודל תפו""ע",יחידה,1.00,יחידה,false,0,17.90,17.90,true,1,
7290005780868,false,אנרג'י מיזלי 500 גרם,שטראוס,BE,אנרג'י מוזלי,גרמים,500.00,100 גרם,false,0,17.80,3.56,true,1,
7290005838002,false,מעדן גבינה ויוגורט בטעם וניל 88 ג' דניאלה,"שטראוס בריאות בע""מ",IL,מעדן דניאלה,מיליליטרים,150.00,"100 מ""ל",false,0,4.30,2.87,true,1,
7290005838613,false,"סקי וניל בודד 125 גרם ""שטראוס""","שטראוס בריאות בע""\מ",IL,סקי מעדן גבינה,גרמים,125.00,100 גרם,false,0,3.70,2.96,true,1,
7290005838972,false,גבינת יום יום 5% שטראוס 125ג',מיוצר עי קונדיטוריית,IL,גבינת סקי,גרמים,125.00,100 גרם,false,0,3.30,2.64,true,1,
7290005839078,false,שמיניית יוגורט לבן 3% ביו דנונה 150 גרם,מיוצר עי קונדיטוריית,IL,דנונה ביו 8 יח,קילוגרמים,1.20,"ק""ג",false,0,17.60,14.67,true,1,
7290005839108,false,גבינה לבנה סימפוניה עם תוספות 200 ג'+זיתים 5%,"שטראוס בריאות בע""\מ",IL,גבינת סימפוניה,גרמים,200.00,100 גרם,false,0,10.00,5.00,true,1,
7290005839313,false,"מילקי טופ מגולגלת שטראוס 170 מ""ל",מיוצר עי קונדיטוריית,IL,מילקי טופ,מיליליטרים,170.00,"100 מ""ל",false,0,5.00,2.94,true,1,
7290005896439,false,"בירה מכבי, בקבוק חוזר 500 מ''ל","טמפו משקאות בע""מ",IL,בירה מכבי,מיליליטרים,500.00,"100 מ""ל",false,0,6.90,1.38,true,1,
7290005896828,false,סאן בנדטו - מים מינרלים - מארז שישיית 1.5 ליטר,אקווה מינרלה סאן בנדטו ב,IT,מים סן בנדטו 6יח,ליטרים,9.00,ליטר,false,0,15.90,1.77,true,1,
7290005896835,false,סאן בנדטו - שישיית 1.5 ליטר מוגז עדין,טמפו,IT,מים מינרלים 6 יח,ליטרים,9.00,ליטר,false,0,16.90,1.88,true,1,
7290005938245,false,ממרח פסטו קלאסי פרסקו 220ג' מצונן,מיוצר עי פרסקו חצבה,IL,פסטו קלאסי,גרמים,220.00,100 גרם,false,0,21.10,9.59,true,1,
7290005938658,false,לקט הכפר 400גרם,פרסקו,IL,לקט הכפר 400גרם,גרמים,400.00,100 גרם,false,1,9.90,2.48,true,1,
7290005938825,false,פרסקו בזיליקום 180גרם,פרסקו,IL,פרסקו בזיליקום 180גרם,גרמים,180.00,100 גרם,false,0,10.90,6.06,true,1,
7290005966392,false,גולן קברנה סוביניון750מל,יקבי רמת הגולן קצרין,IL,גולן קברנה סוביניון750מל,מיליליטרים,750.00,"100 מ""ל",false,0,32.90,4.39,true,1,
7290005966903,false,"גולן שיאון אדום 750 מ""ל",יקבי רמת הגולן קצרין,IL,גולן שיאון אדום,מיליליטרים,750.00,"100 מ""ל",false,0,24.90,3.32,true,1,
7290005992018,false,"יוגורט עיזים לשתיה 3% מחלבות גד 500 מ""ל","מיוצר ע""\י קוד יצרן MKN",IL,יוגורט חלב עיזים,מיליליטרים,500.00,"100 מ""ל",false,0,12.80,2.56,true,1,
7290005992575,false,גבינה בולגרית למריחה 5% גד 250 גרם,מחלבות גד בעמ,IL,בולגרית למריחה,גרמים,250.00,100 גרם,false,0,16.80,6.72,true,1,
7290005992735,false,לאבנה טבעי 5 אחוז 250גרם גד,הנסיך- מפעל לייצור ט,IL,גבינת לאבנה גד5%,גרמים,250.00,100 גרם,false,0,11.90,4.76,true,1,
7290005992889,false,גב.שמנת שום שמיר 30%משקל,מחלבות גד,IL,גב.שמנת שום שמיר 30%משקל,קילוגרמים,0.00,"ק""ג",true,0,54.00,54.00,true,1,
7290005992957,false,גבינת פטה עיזים במשק,מחלבות גד,IL,פטה עזים,קילוגרמים,0.00,"ק""ג",true,0,134.00,134.00,true,1,
7290005992964,false,גבינת פטה כבשים במשק,גדישון,IL,פטה כבשים 20%,קילוגרמים,0.00,"ק""ג",true,0,104.00,104.00,true,1,
7290006185518,false,"פנינה רוזנבלום -אל סבון נוזלי כחול,1 ליטר",פנינה רוזנבלום,IL,סבון נוזלי פנינה,ליטרים,1.00,ליטר,false,0,9.90,9.90,true,1,
7290006241085,false,מיץ סחוט קלמנטינות 2 ל',פריגת,IL,מיץ סחוט קלמנטינות 2 ל',ליטרים,2.00,ליטר,false,0,20.90,10.45,true,1,
7290006241504,false,"משקה תפוזים קפוא פריגת 340 מ""ל",פריגת מצוננים,IL,פריגת תפוזים פריז 280 מל,מיליליטרים,280.00,"100 מ""ל",false,0,10.40,3.71,true,1,
7290006241511,false,"משקה לימונענע מרוכז קפוא פריגת 280 מ""ל",היינץ צפון אמריקה מק,IL,פריגת נענע פריז 280 מל,מיליליטרים,280.00,"100 מ""ל",false,0,10.40,3.71,true,1,
7290006241535,false,"משקה מנגו קפוא פריגת 340 מ""ל",היינץ צפון אמריקה מק,IL,פריגת מנגו פריז 280 מל,מיליליטרים,280.00,"100 מ""ל",false,0,10.40,3.71,true,1,
7290006241689,false,"משקה לימונים מרוכז קפוא פריגת 280 מ""ל",היינץ צפון אמריקה מק,IL,פריגת לימון פריז 280 מל,מיליליטרים,280.00,"100 מ""ל",false,0,10.40,3.71,true,1,
7290006251268,false,תה ירוק בטעם תפוח וקינמון ויסוצקי 25 יחידות,תה ויסוצקי,IL,תה ירוק תפוח,גרמים,37.00,100 גרם,false,0,21.90,59.19,true,1,
7290006251275,false,תה ירוק סיני קלאסי ויסוצקי 25 יחידות,תה ויסוצקי,IL,תה ירוק סיני,גרמים,37.00,100 גרם,false,0,21.90,59.19,true,1,
7290006251343,false,חליטת פסיפלורה מנגו הגן הקסום ויסוצקי 25 יחידות,תה ויסוצקי,IL,חליטת פסיפלורה+מנגו3X25ג,גרמים,62.00,100 גרם,false,0,18.90,30.48,true,1,
7290006271181,false,ג'חנון אפוי למיקרוגל מעדנות 750 גרם,מיוצר עי קונדיטוריית,IL,ג'חנון אפוי,גרמים,750.00,100 גרם,false,0,28.70,3.83,true,1,
7290006271273,false,"מיני בורקס תפו""א 800 גרם","מעדנות בע""מ",IL,"מיני בורקס תפו""א",גרמים,800.00,100 גרם,false,0,26.40,3.30,true,1,
7290006271280,false,מיני בורקס גבינה 800 גרם,"מעדנות בע""מ",IL,מיני בורקס גבינה,גרמים,800.00,100 גרם,false,0,28.90,3.61,true,1,
7290006271631,false,חטיפי פיצה זיתים 710 גרם,"מעדנות בע""מ",IL,חטיפי פיצה זיתים,גרמים,710.00,100 גרם,false,0,37.90,5.34,true,1,
7290006272430,false,בצק עלים חמאה מעדנות 600 גרם,מיוצר עי קונדיטוריית,IL,בצק עלים חמאה,גרמים,600.00,100 גרם,false,0,31.60,5.27,true,1,
7290006273239,false,עוגת שמרים שוקולד 450גרם,לחמי,IL,עוגת שוקולד,גרמים,450.00,100 גרם,false,0,12.90,2.87,true,1,
7290006306012,false,רביולי חציל+וגב.קצקבל400,פסטה נונה,IL,רביולי חצילים,גרמים,400.00,100 גרם,false,1,17.90,4.48,true,1,
7290006306296,false,רביולי במילוי גבינה לילדים פסטה נונה גד 400 גרם,דורום תעשיות מזון ופסטה,IL,רביולי גבינה,גרמים,400.00,100 גרם,false,0,17.90,4.48,true,1,
7290006306302,false,רביולי במילוי גבינות פרמזן ריקוטה 400 ג' פסטה נונה,דורום תעשיות מזון ופסטה,IL,רביולי גבינה,גרמים,400.00,100 גרם,false,0,17.90,4.48,true,1,
7290006306319,false,רביולי במילוי בטטה 400 ג' פסטה נונה,דורום תעשיות מזון ופסטה,IL,רביולי בטטה,גרמים,400.00,100 גרם,false,0,17.90,4.48,true,1,
7290006306326,false,רביולי במילוי פטריות וגבינת פרמזן פסטה נונה 400 ג',דורום תעשיות מזון ופסטה,IL,רביולי פטריות,גרמים,400.00,100 גרם,false,0,17.90,4.48,true,1,
7290006306333,false,רביולי במילוי תרד וגבינת ריקוטה פסטה נונה 400 ג',דורום תעשיות מזון ופסטה,IL,רביולי תרד,גרמים,400.00,100 גרם,false,0,17.90,4.48,true,1,
7290006306357,false,רביולי במילוי גבינת עיזים 400 ג' פסטה נונה,דורום תעשיות מזון ופסטה,IL,רביולי גבינה,גרמים,400.00,100 גרם,false,0,17.90,4.48,true,1,
7290006374738,false,קונפיטורית תות 340 גר' יד מרדכי,אף.סי תבליני בגליל ב,IL,קונפיטורה תות,גרמים,340.00,100 גרם,false,0,15.80,4.65,true,1,
7290006385154,false,לחם שאור עם דגנים525גרם,גידרון,IL,לחם שאור+דגנים,גרמים,525.00,100 גרם,false,0,16.90,3.22,true,1,
7290006385178,false,לחם שאור עם אגוזים+צימוק,"גידרון תעשיות בע""מ",IL,לחם שאור+אגוזים,גרמים,525.00,100 גרם,false,0,16.90,3.22,true,1,
7290006390745,false,שבלול עם צימוקים קפוא,"גידרון תעשיות בע""מ",IL,שבלול עם צימוקים,יחידה,1.00,יחידה,false,0,4.20,4.20,true,1,
7290006391025,false,בייגלה ירושלמי קפוא,"גידרון תעשיות בע""מ",IL,ביגלה ירושלמי,יחידה,1.00,יחידה,false,0,4.20,4.20,true,1,
7290006396836,false,בייגל טוסט לבן יח',"גידרון תעשיות בע""מ",IL,בייגל טוסט לבן,יחידה,1.00,יחידה,false,0,4.20,4.20,true,1,
7290006459107,false,מברשת צחצוח נעליים,,IL,מברשת לנעליים,יחידה,1.00,יחידה,false,0,8.10,8.10,true,1,
7290006492432,false,גבינת מוצרלה בייבי 18% גד 150 גרם,מחלבות גד בעמ,IL,גבינה מוצרלה,גרמים,150.00,100 גרם,false,0,14.80,9.87,true,1,
7290006492616,false,גבינה בולגרית מעודנת פרוסות 5% גד 250 גרם,DSH עבור מחלבות גד ב,IL,גבינה בולגרית,גרמים,250.00,100 גרם,false,0,25.70,10.28,true,1,
7290006492630,false,גבינת פרומעז עיזים 22% גד 180 גרם,מחלבות גד בעמ,IL,גליל גבינת עיזים,גרמים,180.00,100 גרם,false,0,21.70,12.06,true,1,
7290006492647,false,מטבעות גבינה עזים 22 אחוז 150גרם גד,"מיוצר ע""י קוד יצרן t",IL,מטבעות גבינת עז,גרמים,150.00,100 גרם,false,0,22.70,15.13,true,1,
7290006492685,false,גבינת לאבנה 5% מחלב עזים גד 250 גרם,מחלבות גד בעמ,IL,לאבנה עיזים גד,גרמים,250.00,100 גרם,false,0,17.40,6.96,true,1,
7290006492852,false,גבינת עיזים למריחה 5% שומן 250 ג' גד,גבינות מדף,IL,גבינת עיזים גד,גרמים,250.00,100 גרם,false,0,16.80,6.72,true,1,
7290006492913,false,גבינת לאבנה ציזיקי 5% מחלבות גד 250 גרם,מחלבות גד בעמ,IL,ציזיקי למריחה,גרמים,250.00,100 גרם,false,0,13.80,5.52,true,1,
7290006511157,false,פטריות שמפיניון שלמות ויליפוד,אוקצ'מפס אס.איי אויי,PL,פטריות שלמות,גרמים,400.00,100 גרם,false,0,8.00,2.00,true,1,
7290006582003,false,רוטב צ'ילי מתוק 800 גרם,אלסקה,TH,רוטב צ'ילי מתוק,מיליליטרים,700.00,"100 מ""ל",false,0,15.60,2.23,true,1,
7290006618146,false,"מדליק פחמים נוזלי הפי יעקבי 500 מ""ל",תות תעשיות מזון (201,NL,הפי מדליק פחם,מיליליטרים,500.00,"100 מ""ל",false,0,20.30,4.06,true,1,
7290006644497,false,"תפוזינה אשכוליות 500 מ""ל",יפאורה שותפות מובגלת לשיווק,IL,תפוזינה אשכול.,מיליליטרים,500.00,"100 מ""ל",false,0,7.10,1.42,true,1,
7290006644596,false,קריסטל אקזוטי מוגז 2ליטר,יפאורה שותפות מובגלת לשיווק,IL,קריסטל אקזוטי,ליטרים,2.00,ליטר,false,0,3.90,1.95,true,1,
7290006644626,false,ספרינג פירות טרופיים1.5ל,יפאורה שותפות מובגלת לשיווק,IL,משקה ספרינג,ליטרים,1.50,ליטר,false,0,6.90,4.60,true,1,
7290006644732,false,ספרינג פירות טרופיים 1 ל,יפאורה שותפות מובגלת לשיווק,IL,נקטר ספרינג,ליטרים,1.00,ליטר,false,0,5.50,5.50,true,1,
7290006644848,false,ספרינג תפוחים דיאט 1ליטר,יפאורה שותפות מובגלת לשיווק,IL,ספרינג דיאט,ליטרים,1.00,ליטר,false,0,5.50,5.50,true,1,
7290006651389,false,"אל סבון קידס ד""ר פישר750",פישר מעבדות פרמצבטיות,IL,אל סבון קידס,מיליליטרים,750.00,"100 מ""ל",false,0,20.80,2.77,true,1,
7290006651396,false,"שמפו ד""ר פישר קידס 750מל",פישר מעבדות פרמצבטיות,IL,שמפו קידס,מיליליטרים,750.00,"100 מ""ל",false,0,20.80,2.77,true,1,
7290006651570,false,"קמיל בלו צמחי מרפא שמפו ואל סבון ד""ר פישר 750 מ""ל",פישר מעבדות פרמצבטיות בע,IL,שמפו/אל סבון,מיליליטרים,750.00,"100 מ""ל",false,0,20.70,2.76,true,1,
7290006653819,false,פתיתי קוסקוס דק 350 גרם,"מיוצר ע""י קוד יצרן K",IL,קוסקוס דק,גרמים,350.00,100 גרם,false,0,8.80,2.51,true,1,
7290006664037,false,גמדים תות בננה+תפוח בננה 4*100 גרם,"שטראוס בריאות בע""\מ",IL,סופר גמדים 4 יח,גרמים,400.00,100 גרם,false,0,11.90,2.98,true,1,
7290006664167,false,סימפוניה+שום שמיר3% 200ג,שטראוס,IL,גבינת סימפוניה3%,גרמים,200.00,100 גרם,false,0,10.00,5.00,true,1,
7290006664310,false,גבינה לבנה 3% שומן 250 ג' שטראוס,מיוצר עי קונדיטוריית,IL,גבינת סקי 3%,גרמים,250.00,100 גרם,false,0,4.60,1.84,true,1,
7290006664402,false,גבינה לבנה סקי 5% שומן 750 גרם,מיוצר עי קונדיטוריית,IL,גבינת סקי5%,גרמים,750.00,100 גרם,false,0,13.80,1.84,true,1,
7290006664631,false,אקטימל תות דיסני 100*8מ,"שטראוס בריאות בע""\מ",IL,אקטימל תות 8 יח',מיליליטרים,800.00,"100 מ""ל",false,0,22.70,2.84,true,1,
7290006664655,false,"אקטימל לבן טבעי מארז 100X8 מ""ל",מיוצר עי קונדיטוריית,IL,אקטימל לבן 8 יח,מיליליטרים,800.00,"100 מ""ל",false,0,22.70,2.84,true,1,
7290006664969,false,יוגורט מת.מעודן2% 150*8ג,שטראוס,IL,יוגורט מעודן 2%,קילוגרמים,1.20,"ק""ג",false,0,18.80,15.67,true,1,
7290006664990,false,"יוגורט דנונה ביו לבן 1.7% שומן 8*150 מ""ל",מיוצר עי קונדיטוריית,IL,דנונה ביו 8 יח',קילוגרמים,1.20,"ק""ג",false,0,17.60,14.67,true,1,
7290006666529,false,סלט פלפלים מרוקאי חריף,סלטי משני,IL,סלט פלפל מרוקאי,גרמים,300.00,100 גרם,false,0,22.90,7.63,true,1,
7290006681003,false,גלידה תות לימון סורבה 1.33 ל' קרמיסימו,"גלידת שטראוס בע""\מ, רחוב",IL,סורבט תות לימון קרמ1.33.,ליטרים,1.33,ליטר,false,0,20.90,15.71,true,1,
7290006681089,false,"מארז מיני שלגונים שוקו וניל ""שטראוס""","גלידת שטראוס בע""\מ, רחוב",IL,גלידה לייט,גרמים,250.00,100 גרם,false,0,31.20,12.48,true,1,
7290006704788,false,מלפפון בייבי יחידה,קטיף.,IL,מלפפון בייבי-יח',יחידה,1.00,יחידה,false,0,10.90,10.90,true,1,
7290006712981,false,"משחת שיניים קולגייט ספיידרמן מגיל שש 50 מ""ל",הנסיך- מפעל לייצור ט,PL,משחת שיניים,מיליליטרים,50.00,"100 מ""ל",false,0,14.90,29.80,true,1,
7290006738103,false,פסטרמה בדבש טהור דק 150ג,זוגלובק,IL,פסטרמה בדבש דק,גרמים,150.00,100 גרם,false,0,16.40,10.93,true,1,
7290006738127,false,חזה בקר דק דק 150 גרם,זוגלובק,IL,חזה בקר דק דק,גרמים,150.00,100 גרם,false,0,16.40,10.93,true,1,
7290006738424,false,מיני סלמי פיקנטי 250 גרם,נקניק נהריה כשר זוגל,IL,מיני סלמי פיקנטי,גרמים,250.00,100 גרם,false,0,16.10,6.44,true,1,
7290006738530,false,דק דק פסטרמה חזה עוף150ג,זוגלובק,IL,דק דק פסטרמה,גרמים,150.00,100 גרם,false,0,16.40,10.93,true,1,
7290006738615,false,קבב פרימיום זהב 100% בשר זוגלובק 400 ג',נקניק נהריה כשר זוגל,IL,קבב זהב 400 גרם,גרמים,400.00,100 גרם,false,0,22.70,5.68,true,1,
7290006739247,false,פסטרמה איטלקית זוגלו,זוגלובק,IL,פסטרמה איטלקית,קילוגרמים,0.00,"ק""ג",true,0,90.00,90.00,true,1,
7290006739421,false,נקניק סלמי מעושן איטלקי זוגלובק 300 גרם,נקניק נהריה כשר זוגל,IL,סלמי מעושן,גרמים,300.00,100 גרם,false,0,32.70,10.90,true,1,
7290006739445,false,שניצל תירס קלאסי 750 ג' זוגלובק,נקניק נהריה כשר זוגל,IL,שניצל תירס,גרמים,750.00,100 גרם,false,0,28.70,3.83,true,1,
7290006742278,false,פסטרמה הודו צלויה על לבנים 330 ג' זוגלובק,נקניק נהריה כשר זוגל,IL,פסטרמה צלויה,גרמים,330.00,100 גרם,false,0,31.90,9.67,true,1,
7290006764058,false,"בירה לבנה נשר בקבוק חוזר 500 מ""ל","טמפו משקאות בע""\מt\",IL,בירה נשר לבן,מיליליטרים,500.00,"100 מ""ל",false,0,6.00,1.20,true,1,
7290006764065,false,בירה נשר מאלט ללא אלכוהול 500 מל,"טמפו משקאות בע""\ם.",IL,בירה נשר מאלט,מיליליטרים,500.00,"100 מ""ל",false,0,4.90,0.98,true,1,
7290006764072,false,"בירה גולדסטאר בקבוק 500 מ""ל חוזר","טמפו משקאות בע""\מ",IL,בירה גולדסטאר,מיליליטרים,500.00,"100 מ""ל",false,0,7.40,1.48,true,1,
7290006764737,false,בירה נשר מאלט דלת קלוריות ללא אלכוהול 500 מל,"טמפו משקאות בע""\ם.",IL,נשר מאלט דיאט,מיליליטרים,500.00,"100 מ""ל",false,0,4.90,0.98,true,1,
7290006788009,false,"שמפו לשיער רגיל 700 מ""ל קרליין",מיוצר עי : אמיליה קוסמטי,IL,שמפו 10 לשיער,מיליליטרים,700.00,"100 מ""ל",false,0,10.90,1.56,true,1,
7290006788023,false,"שמפו מחייה צבע לשיער צבוע 700 מ""ל קרליין",מיוצר עי : אמיליה קו,IL,שמפו 10 לשיער,מיליליטרים,700.00,"100 מ""ל",false,0,10.90,1.56,true,1,
7290006788061,false,"מרכך לשיער רגיל הנוסחה הקלאסית 700 מ""ל קרליין",מיוצר עי : אמיליה קוסמטי,IL,מרכך קרליין,מיליליטרים,700.00,"100 מ""ל",false,0,10.90,1.56,true,1,
7290006788337,false,"דאודורנט סטיק נושם 50 מ""ל קרליין","אמיליה קוסמטיקס בע""מ",IL,דאודורנט קרליין,מיליליטרים,50.00,"100 מ""ל",false,0,14.90,29.80,true,1,
7290006788467,false,"קרליין - נושם אקטיב דאודורנט ספריי לאישה בורדו 200 מ""ל",מיוצר עי : אמיליה קוסמטי,IL,דאודורנט קרליין,מיליליטרים,200.00,"100 מ""ל",false,0,11.90,5.95,true,1,
7290006788481,false,"קרליין - נושם סאן רייס דאודורנט ספריי לאישה כתום 200 מ""ל",מיוצר עי : אמיליה קוסמטי,IL,דאודורנט קרליין,מיליליטרים,200.00,"100 מ""ל",false,0,11.90,5.95,true,1,
7290006788689,false,"שמפו ""10"" 2ב1- 700 מ""ל",קרליין,IL,"שמפו ""10"" 2ב1-",מיליליטרים,700.00,"100 מ""ל",false,0,10.90,1.56,true,1,
7290006789631,false,"קרם לחות לשיער רגיל קרליין 400 מ""ל",מיוצר עי : אמיליה קוסמטי,IL,קרם לחות לשיער,מיליליטרים,400.00,"100 מ""ל",false,0,18.00,4.50,true,1,
7290006822192,false,נקטר דיאט חמוציות אושן ספריי פריגת 1 ליטר,מבשלות בירה בינלאומיות ב,IL,נקטר חמוציות,ליטרים,1.00,ליטר,false,0,8.90,8.90,true,1,
7290006822840,false,בירה שחורה מאלטי 1.5,מבשלות בירה בינלאומיות ב,IL,בירה מאלטי,ליטרים,1.50,ליטר,false,0,8.40,5.60,true,1,
7290006822857,false,בירה דיאט מאלטי בק 1,מבשלות בירה בינלאומיות ב,IL,מאלטי דיאט,ליטרים,1.50,ליטר,false,0,8.40,5.60,true,1,
7290006866363,false,מיץ סחוט אשכוליות אדומות פרימור 1 ליטר,"גניר (1992) בע""מ",IL,מיץ אשכולית סחוט,ליטרים,1.00,ליטר,false,0,10.00,10.00,true,1,
7290006869128,false,לרוויה-לבן 1.5% שומן 1ל',טרה,IL,לרוויה-לבן 1.5%,ליטרים,1.00,ליטר,false,0,11.10,11.10,true,1,
7290006869449,false,"לבן 3% שומן 150 מ""ל",טרה,IL,לבן 3% שומן טרה,מיליליטרים,150.00,"100 מ""ל",false,0,1.05,0.70,true,1,
7290006983152,false,קרוטונים מתובלים למרק אסם 400 גרם,עינת תעשיות מזון אגו,IL,קרוטונים מתובלים,גרמים,400.00,100 גרם,false,0,20.80,5.20,true,1,
7290006983176,false,אוסם - לחמית שיפון 250 גרם,"אסם השקעות בע""\מ",IL,לחמית שיפון אסם,גרמים,230.00,100 גרם,false,0,9.90,4.30,true,1,
7290006983770,false,עוגת הבית שיש אסם 400 גרם,מיוצר עי קונדיטוריית,IL,עוגת שיש,גרמים,400.00,100 גרם,false,0,13.40,3.35,true,1,
7290006983794,false,עוגת הבית בטעם תפוז אסם 400 גרם,מיוצר עי קונדיטוריית,IL,עוגת תפוז,גרמים,400.00,100 גרם,false,0,13.40,3.35,true,1,
7290006984647,false,חטיפי פריכונים מלוח 80גר,"פרח תעשיות מזון בע""מ.",IL,חטיפי פריכונים,גרמים,80.00,100 גרם,false,0,8.20,10.25,true,1,
7290006989529,false,50אטבי טיטניום מחוזקים,המברשת רוחמה,IL,אטבי טיטניום,יחידה,1.00,יחידה,false,0,23.40,23.40,true,1,
7290006992390,false,"מטרנה - דייסת וניל פרוביוטי כשל""פ 200 גרם",מולינו ניקולי s.p.a,IL,דייסת וניל מטרנה,גרמים,200.00,100 גרם,false,0,16.80,8.40,true,1,
7290008000826,false,"משחת שיניים לילדים בטעם פירות לגילאים 2-6 כצט 50 מ""ל",כצט נוביס,IL,משחת שיניים ברבי,מיליליטרים,50.00,"100 מ""ל",false,0,12.50,25.00,true,1,
7290008021050,false,שמפו פינוק יבש מאוד700מל,יוניליוור ישראל טיפוח אי,IL,שמפו פינוק,מיליליטרים,700.00,"100 מ""ל",false,0,10.00,1.43,true,1,
7290008021111,false,מרכ.פינוק יבש מאוד 700מל,יוניליוור ישראל טיפוח אי,IL,מרכך שיער פינוק,מיליליטרים,700.00,"100 מ""ל",false,0,10.00,1.43,true,1,
7290008021142,false,שמפו פינוק 2ב1- יבש 700מ,יוניליוור ישראל טיפוח אי,IL,שמפו ומרכך פינוק,מיליליטרים,700.00,"100 מ""ל",false,0,10.00,1.43,true,1,
7290008084956,false,בייבי פסטה משחה לתינוק,בייבי פסטה,IL,בייבי פסטה,גרמים,120.00,100 גרם,false,0,17.30,14.42,true,1,
7290008093583,false,משחה מרידול לרגישות 75 מ,גאבה,DE,משחת שיניים,מיליליטרים,75.00,"100 מ""ל",false,0,17.20,22.93,true,1,
7290008096317,false,משחה פרדונטקס פלואוריד50,"מאסטרפוד אוסטריה בע""מ",GB,משחת שיניים,מיליליטרים,50.00,"100 מ""ל",false,0,23.30,46.60,true,1,
7290008175777,false,גבינת איבריקו31% במשקל,יושלם,ES,גבינת איבריקו,קילוגרמים,0.00,"ק""ג",true,0,113.00,113.00,true,1,
7290008175814,false,וילי פוד פטריות שמפניון חתיכות 400 גר`,"אוקצ'מפ אס, איי אויי",PL,פטריות חתוכות,גרמים,400.00,100 גרם,false,0,4.60,1.15,true,1,
7290008213493,false,משחה קולגייט להלבנה 100מ,הנסיך- מפעל לייצור ט,PL,משחה קולגייט להלבנה 100מ,מיליליטרים,100.00,"100 מ""ל",false,0,17.90,17.90,true,1,
7290008263610,false,קורנפלקס אורגני 375 גרם,לאמרי,IL,קורנפלקס אורגני,גרמים,375.00,100 גרם,false,0,18.80,5.01,true,1,
7290008263634,false,ברנפלקס אורגני 375 גרם,לאמרי,IL,ברנפלקס אורגני,גרמים,375.00,100 גרם,false,0,18.80,5.01,true,1,
7290008268011,false,דובדבן לבן בראשית בק,בראשית,IL,דובדבן לבן יחידה,גרמים,1.00,100 גרם,false,1,11.90,1190.00,true,1,
7290008328913,false,סילאן טבעי 100% 900 גרם יורו פוד,סאנאי וי טיקרט א.ס,TR,סילאן טבעי טהור,גרמים,900.00,100 גרם,false,0,23.70,2.63,true,1,
7290008333115,false,אבקת גלטין טהור נטו 28 גרם,מאיר עזרא ובניו,IL,אבקת ג'לטין,גרמים,28.00,100 גרם,false,0,11.10,39.64,true,1,
7290008335515,false,אגרול+רוטב חמוץ/מתוק600ג,שלושת האופים,IL,אגרול סיני+רוטב,גרמים,600.00,100 גרם,false,0,16.80,2.80,true,1,
7290008335560,false,סיגרים במילוי בשר 600גרם,האי נאם סי או אל.טי.,IL,סיגרים מילוי בשר,גרמים,600.00,100 גרם,false,0,16.80,2.80,true,1,
7290008335577,false,"פסטלים במילוי תפו""א 600ג",האי נאם סי או אל.טי.,IL,"פסטלים תפו""א",גרמים,600.00,100 גרם,false,0,16.80,2.80,true,1,
7290008343466,false,בצק פילו 500 גרם שלושת האופים,שלושת האופים שגמור,IL,בצק פילו 500 גרם,גרמים,500.00,100 גרם,false,0,23.10,4.62,true,1,
7290008344272,false,המבורגר 100% טיבון ויל 400 גרם,טיבון ויל אחזקות בעמ,IL,המבורגר בקר,גרמים,400.00,100 גרם,false,0,24.30,6.08,true,1,
7290008345156,false,פילה מקרוסקה ואקום ד,נטו מלינדה סיימן,IL,פילה מקרוסקה,קילוגרמים,0.00,"ק""ג",true,0,108.00,108.00,true,1,
7290008345170,false,מקרל חצאים מעושן דלי,נטו מלינדה סיימן,IL,מקרל חצאים,קילוגרמים,0.00,"ק""ג",true,0,97.00,97.00,true,1,
7290008345576,false,סלט איקרה ביתית לבנה 300 גרם דלידג,כלורוקס אוקלנד,IL,איקרה ביתית לבנה,גרמים,300.00,100 גרם,false,0,18.20,6.07,true,1,
7290008345583,false,איקרה ביתית ורוד 300 גרם דלידג,כלורוקס אוקלנד,IL,איקרה ביתית,גרמים,300.00,100 גרם,false,0,18.20,6.07,true,1,
7290008347211,false,אצבעות דג מצופות דלידג 700 גרם,אף.סי תבליני בגליל ב,IL,אצבעות דג,גרמים,700.00,100 גרם,false,0,26.70,3.81,true,1,
7290008347877,false,ג'לטין בקר 28 גרם,נטו,IT,ג'לטין טהור,גרמים,28.00,100 גרם,false,0,9.30,33.21,true,1,
7290008409049,false,שניצלונים בציפוי שומשום מיני מיני דק מאמא עוף 500 גרם,תנובה גליל שותפות מוגבלת,IL,מיני דק שניצל שומשום,גרמים,500.00,100 גרם,false,0,29.50,5.90,true,1,
7290008409100,false,אצבעות שניצל בציפוי שומשום מאמא עוף 700 גרם,תנובה גליל שותפות מוגבלת,IL,אצבעות שניצל בשומשום 700,גרמים,700.00,100 גרם,false,0,39.40,5.63,true,1,
7290008409124,false,שניצל ג'ונגל פריך 700 ג' מאמא עוף,תנובה גליל שותפות מוגבלת,IL,שניצל ג'ונגל 700 גרם,גרמים,700.00,100 גרם,false,0,37.60,5.37,true,1,
7290008409223,false,שניצל דק דק מתובל מאמא עוף 700 גרם,תנובה גליל שותפות מוגבלת,IL,שניצל דק מתובל 700 גרם,גרמים,700.00,100 גרם,false,0,44.90,6.41,true,1,
7290008409308,false,כנפי עוף בתיבול גריל400ג,תנובה גליל שותפות מוגבלת,IL,כנפי עוף בתיבול גריל400ג,גרמים,400.00,100 גרם,false,0,27.30,6.83,true,1,
7290008409353,false,מיני טבעות עוף דק,תנובה,IL,מיני טבעות עוף דק,גרמים,500.00,100 גרם,false,0,29.50,5.90,true,1,
7290008409377,false,שווארמה פרגיות 400 גרם,תנובה גליל שותפות מוגבלת,IL,שווארמה פרגיות 400 גרם,יחידה,1.00,יחידה,false,0,38.70,38.70,true,1,
7290008409391,false,כדורוני שניצל שומשום 500,תנובה,IL,כדורוני שניצל שומשום 500,גרמים,500.00,100 גרם,false,0,31.90,6.38,true,1,
7290008409407,false,שניצל דק צ'יפס מאמא עוף 700 גרם,תנובה גליל שותפות מוגבלת,IL,שניצל דק בציפוי צ'יפס 00,גרמים,700.00,100 גרם,false,0,44.90,6.41,true,1,
7290008409421,false,גריל חזה עוף טרי 420 גרם,תנובה גליל שותפות מו,IL,גריל חזה עוף טרי 420 גרם,גרמים,420.00,100 גרם,false,0,37.70,8.98,true,1,
7290008409452,false,"שישליק עוף אמיתי ""מאמעוף",תנובה גליל שותפות מו,IL,"שישליק עוף אמיתי ""מאמעוף",גרמים,400.00,100 גרם,false,0,37.70,9.43,true,1,
7290008409476,false,"קציצות עוף""מאמאעוף"" 480",תנובה גליל,IL,"קציצות עוף""מאמאעוף"" 480",גרמים,480.00,100 גרם,false,0,27.30,5.69,true,1,
7290008409551,false,שניצל עוף אמיתי בציפוי מעודן 700 ג' מאמא עוף,תנובה גליל שותפות מוגבלת,IL,שניצל עוף אמיתי מעודן700,גרמים,700.00,100 גרם,false,0,44.50,6.36,true,1,
7290008409568,false,שניצל עוף אמיתי בציפוי שבבי ציפס 700 גר,תנובה גליל שותפות מוגבלת,IL,שניצל ציפס אמיתי 700 גרם,גרמים,700.00,100 גרם,false,0,47.00,6.71,true,1,
7290008409575,false,פילה עוף שומשום 700 גרם,תנובה,IL,פילה עוף שומשום 700 גרם,גרמים,700.00,100 גרם,false,0,46.90,6.70,true,1,
7290008415071,false,צבר חומוס עם טחינה עגול 150 גרם,סלטי צבר,IL,חומוס עם טחינה,גרמים,150.00,100 גרם,false,0,5.80,3.87,true,1,
7290008415514,false,צבר חומוס עם חריף עגול 150 גרם,סלטי צבר,IL,חומוס עם חריף,גרמים,150.00,100 גרם,false,0,5.80,3.87,true,1,
7290008461047,false,גב.ברי לה רוסטיק 31%משקל,נטו מלינדה סיימן,FR,גב.ברי לה רוסטיק 31%משקל,קילוגרמים,0.00,"ק""ג",true,0,129.00,129.00,true,1,
7290008462310,false,גבינת סנט מור עיזים משקל,סואניון,FR,גבינת סנט מור עיזים משקל,קילוגרמים,0.00,"ק""ג",true,0,109.00,109.00,true,1,
7290008464024,false,"בירה גולדסטאר Unfiltered, בירה לא מסוננת, פחית 500 מ""ל","טמפו משקאות בע""מ",IL,גולדסטאר בפחית,מיליליטרים,500.00,"100 מ""ל",false,0,10.70,2.14,true,1,
7290008464130,false,"בירה גולדסטאר Unfiltered, בירה לא מסוננת, מארז שישייה, בקבוק 330 מ""ל",טמפו,IL,בירה גולדסטאר6יח,ליטרים,1.98,ליטר,false,0,39.90,20.15,true,1,
7290008464383,false,"פחית סבן אפ 330 מ""ל",טמפו,IL,סבנ אפ בפחית,מיליליטרים,330.00,"100 מ""ל",false,0,6.40,1.94,true,1,
7290008464390,false,"דיאט סבנ אפ פחית 330 מ""ל",טמפו,IL,דיאט סבן אפ פחית,מיליליטרים,330.00,"100 מ""ל",false,0,6.40,1.94,true,1,
7290008464468,false,"בירה גולדסטאר, פחית 500 מ""ל","טמפו משקות בע""\מ",IL,בירה גולדסטאר,מיליליטרים,500.00,"100 מ""ל",false,0,9.20,1.84,true,1,
7290008464475,false,"בירה מכבי, פחית 500 מ""ל","טמפו משקאות בע""\מ",IL,בירה מכבי פחית,מיליליטרים,500.00,"100 מ""ל",false,0,8.00,1.60,true,1,
7290008464604,false,"בירה הייניקן פחית 500 מ""ל",טמפו משקאות בע''מ,NL,בירה היינקן פחית,מיליליטרים,500.00,"100 מ""ל",false,0,12.90,2.58,true,1,
7290008464697,false,"בירה מכבי 7.9%, בירה חזקה, מארז שישייה, בקבוק 330 מ""ל",טמפו,IL,בירה מכבי 6 יח,ליטרים,1.98,ליטר,false,0,32.90,16.62,true,1,
7290008464703,false,"שישיית בירה מכבי בקבוק 330 מ""ל",טמפו משקאות בע''מ,IL,בירה מכבי 6 בקב.,ליטרים,1.98,ליטר,false,0,32.90,16.62,true,1,
7290008464741,false,"בירה גולדסטאר, מארז שישייה, בקבוק 330 מ''ל","טמפו משקאות בע""\מ",IL,גולדסטאר 6 יח',ליטרים,1.98,ליטר,false,0,32.90,16.62,true,1,
7290008464796,false,"בירה היינקן, מארז שישייה, בקבוק 330 מ''ל",טמפו משקאות בע''מ,IL,בירה הייניקן 6יח,ליטרים,1.98,ליטר,false,0,39.90,20.15,true,1,
7290008469579,false,בשר מדומה 6 מוכשר בוני ק,לחוביץ,XX,מדומה בוני,קילוגרמים,0.00,"ק""ג",true,0,57.40,57.40,true,1,
7290008469890,false,פילה אמנון קפוא קג,.,IL,פילה אמנון קפוא,קילוגרמים,0.00,"ק""ג",true,0,42.90,42.90,true,1,
7290008470759,false,מסטיק אורביט ספירמינט מארז שמינייה,אורביט,FR,אורביט סטיקס 8יח,גרמים,104.00,100 גרם,false,0,16.10,15.48,true,1,
7290008470766,false,שמינייה אורביט סטיקס בטעם פפרמינט,ריגלי צרפת,FR,אורביט סטיקס 8יח,גרמים,104.00,100 גרם,false,0,16.10,15.48,true,1,
7290008470810,false,מסטיק פייב מנטה 4 יח,ריגלי,FR,מסטיק פייב 4 יח,גרמים,76.00,100 גרם,false,0,18.70,24.61,true,1,
7290008470827,false,מסטיק פייב אבטיח 4 יח,ריגלי,FR,מסטיק פייב 4 יח,גרמים,76.00,100 גרם,false,0,18.70,24.61,true,1,
7290008470889,false,אורביט סטיקס תות 13*8גרם,ריגלי,FR,אורביט סטיקס 8יח,גרמים,104.00,100 גרם,false,1,16.10,15.48,true,1,
7290008493390,false,גריסיני קלאסי מאיר ב,חטיפים מלוחים 2 ב-16,IL,גריסיני טבעי,גרמים,200.00,100 גרם,false,0,7.90,3.95,true,1,
7290008493406,false,גריסיני שומשום 175 גרם,מאיר את ביגל,IL,גריסיני שומשום,גרמים,175.00,100 גרם,false,0,7.90,4.51,true,1,
7290008493413,false,פירורי לחם מאיר בייגל פירורי גריסיני 200 גרם,מאיר את ביגל,IL,פירורי גריסיני,גרמים,200.00,100 גרם,false,0,7.00,3.50,true,1,
7290008493499,false,בייגלה שטוחל'ה מלח350גרם,מאיר את ביגל,IL,בייגלה שטוחל'ה,גרמים,350.00,100 גרם,false,0,7.50,2.14,true,1,
7290008493505,false,בייגלה שטוחל'ה שומשום300,מאיר את ביגל,IL,בייגלה שטוחלה,גרמים,300.00,100 גרם,false,0,7.50,2.50,true,1,
7290008493574,false,בייגלה שטוחלה פינוקים300,מאיר את ביגל,IL,שטוחלה פינוקים,גרמים,300.00,100 גרם,false,0,7.50,2.50,true,1,
7290008515221,false,עלים לסיגרים 500 גרם,יסמין,IL,עלים לסיגרים,גרמים,500.00,100 גרם,false,0,12.80,2.56,true,1,
7290008644112,false,סלט מטבוחה יום יום אחלה 125 גרם,"שטראוס גרופ בע""\מ",IL,מטבוחה יום יום,גרמים,125.00,100 גרם,false,0,5.30,4.24,true,1,
7290008670142,false,"יין רקנאטי יסמין אדום 2019 750 מ""ל",יקב רקאנטי,IL,רקנאטי יסמין,מיליליטרים,750.00,"100 מ""ל",false,0,42.50,5.67,true,1,
7290008670159,false,"יין רקנאטי יסמין לבן 750 מ""ל","יקבי רקנאטי בע""מ",IL,רקנאטי יסמין,מיליליטרים,750.00,"100 מ""ל",false,0,42.50,5.67,true,1,
7290008690164,false,ק.קולה לימון דיאט1.5ליטר,החברה המרכזית לייצור משקאות,IL,קולה דיאט לימון,ליטרים,1.50,ליטר,false,0,7.70,5.13,true,1,
7290008690713,false,נקטר חמוציות אושן ספריי פריגת 1 ליטר,מבשלות בירה בינלאומיות ב,IL,נקטר חמוציות,ליטרים,1.00,ליטר,false,0,8.90,8.90,true,1,
7290008693134,false,מעדן גבינה ויוגורט בטעם תות 5% שומן 88 ג' דניאלה,"שטראוס בריאות בע""מ",IL,דניאלה תות מוקצף,מיליליטרים,150.00,"100 מ""ל",false,0,4.30,2.87,true,1,
7290008713016,false,לחם שבעה דגנים קל פרוס אנג'ל 500 גרם,מאפיית שלמה א. אנג'\ל בע,IL,לחם שבעה דגנים קל 500גרם,גרמים,500.00,100 גרם,false,0,12.90,2.58,true,1,
7290008713498,false,לחם עינן מסורתי 750 גרם,מאפיית שלמה א. אנג'ל,IL,לחם עינן מסורתי 750 גרם,גרמים,750.00,100 גרם,false,0,15.80,2.11,true,1,
7290008713900,false,לחם שיפון עגול פרוס אנג'ל 750 גרם,מאפיית אנג'\ל אורנים מאפ,IL,לחם שיפון עגול 750 גרם,גרמים,750.00,100 גרם,false,0,12.90,1.72,true,1,
7290008713917,false,לחם שיפון כהה פרוס מאפיית אחדות 750 גרם,מאפיית שלמה א. אנג'\ל בע,IL,לחם שיפון כהה 750 גרם,גרמים,750.00,100 גרם,false,0,12.90,1.72,true,1,
7290008746038,false,בונ.לב בינוני חלב 162גרם,שטראוס,IL,בונבוניירה לב,גרמים,162.00,100 גרם,false,0,29.70,18.33,true,1,
7290008747516,false,צ'יטוס איקס עיגול 15*10ג,עלית,IL,צ'יטוס 10 יח',גרמים,150.00,100 גרם,false,0,10.40,6.93,true,1,
7290008749343,false,בפלות שחור לבן חלבי עם קרם וניל צרפתי,שטראוס,IL,ופלים שחור לבן,גרמים,400.00,100 גרם,false,0,16.20,4.05,true,1,
7290008750264,false,"מסטיק מאסט ציקלס דובדבן 28 גרם לל""ס מגדים","שטראוס גרופ בע""מ",IL,מסטיק מאסט,גרמים,28.00,100 גרם,false,0,4.60,16.43,true,1,
7290008754415,false,גומי מאסט בטעם ספירמינט עדין פליפטופ 28 ג' עלית,"שטראוס גרופ בע""מ",IL,מסטיק מאסט LL,גרמים,28.00,100 גרם,false,0,4.60,16.43,true,1,
7290008754422,false,גומי מאסט בטעם פפרמינט קלאסי פליפטופ 28 ג' עלית,"שטראוס גרופ בע""מ",IL,מסטיק LL MUST,גרמים,28.00,100 גרם,false,0,4.60,16.43,true,1,
7290008754613,false,רולדת שוקולד מצופה 350גר,שטראוס,IL,רולדת שוקולד,גרמים,350.00,100 גרם,false,0,15.70,4.49,true,1,
7290008757980,false,קרטונית ספרינג נקטר רימונים 1 ליטר,יפאורה שותפות מובגלת לשיווק,IL,נקטר רימונים,ליטרים,1.00,ליטר,false,0,5.50,5.50,true,1,
7290008801010,false,"יין קברנה סוביניון מרלו פרייוט קולקשן 750 מ""ל",אגודת הכורמים הקאופו,IL,קברנה מרלו P.C,מיליליטרים,750.00,"100 מ""ל",false,0,32.90,4.39,true,1,
7290008801157,false,"יין מרלו סלקטד כרמל כרמל 750 מ""ל",כרמל מזרחי,IL,מרלו סלקטד,מיליליטרים,750.00,"100 מ""ל",false,0,24.90,3.32,true,1,
7290008801522,false,יין קינג דויד קונקורד אדום מתוק 750 מל,אגודת הכורמים הקואופרטיב,IL,יין קונקורד,מיליליטרים,750.00,"100 מ""ל",false,0,26.20,3.49,true,1,
7290008801843,false,"יין קברנה סוביניון סלקטד כרמל 750 מ""ל","כד בני דרום בע""מ",IL,קברנה סוביניון,מיליליטרים,750.00,"100 מ""ל",false,0,24.90,3.32,true,1,
7290008803021,false,"כרמל אדום עתיק 750 מ""ל",כרמל מזרחי,IL,יין אדום עתיק,מיליליטרים,750.00,"100 מ""ל",false,0,23.10,3.08,true,1,
7290008804462,false,יין מוסקט קינוח פרייבט קולקשן יקבי כרמל,אגודת הכורמים הקואופרטיב,IL,מוסקט קינוח,מיליליטרים,500.00,"100 מ""ל",false,0,32.90,6.58,true,1,
7290008805049,false,יין רוזה חצי יבש סלקטד 2016 750 מל,"כד בני דרום בע""מ",IL,זינפנדל סמוק,מיליליטרים,750.00,"100 מ""ל",false,0,24.90,3.32,true,1,
7290008805520,false,"יין קברנה/סוביניון סלקטד כרמל 750 מ""ל","כד בני דרום בע""מ",IL,קברנה מרלו סלקטד,מיליליטרים,750.00,"100 מ""ל",false,0,24.90,3.32,true,1,
7290008805933,false,"יין רכס אדום 750 מ""ל",יקבי כרמל,IL,יין רכס אדום,מיליליטרים,750.00,"100 מ""ל",false,0,25.70,3.43,true,1,
7290008806909,false,גלידה לייט שוקו וניל1.33,שטראוס,IL,גלידה לייט שוקו וניל1.33,ליטרים,1.33,ליטר,false,0,20.90,15.71,true,1,
7290008806985,false,נישנושים גלידה שוקו וניל בציפוי שוקולד 60 יח' קרמיסימו,"גלידת שטראוס בע""\מ, רחוב",IL,נשנושי שוקווניל פרווה60י,גרמים,630.00,100 גרם,false,0,55.00,8.73,true,1,
7290008807050,false,"טבע קברנה סוביניון750מ""ל",יקבי בינימינה,IL,טבע קברנה,מיליליטרים,750.00,"100 מ""ל",false,0,24.90,3.32,true,1,
7290008858045,false,עלים לקרם שניט 400 גרם,אשבל,IL,עלים לקרם שניט,גרמים,400.00,100 גרם,false,0,23.20,5.80,true,1,
7290008909853,false,"קוקה קולה זירו בקבוק 500 מ""ל.",החברה המרכזית לייצור משקאות,IL,קוקה קולה ZERO,מיליליטרים,500.00,"100 מ""ל",false,0,7.90,1.58,true,1,
7290008909860,false,קוקה קולה זירו 1.5 ליטר,החברה המרכזית לייצור משקאות,IL,קוקה קולה ZERO,ליטרים,1.50,ליטר,false,0,7.60,5.07,true,1,
7290008909877,false,שישיית קוקה קולה זירו 1.5 ליטר,החברה המרכזית לייצור משקאות,IL,קולה זירו 1.5*6ל,ליטרים,9.00,ליטר,false,0,38.90,4.32,true,1,
7290009395037,true,כבד עוף טרי תפזורת עצמי,שונות,IL,כבד עוף טרי,קילוגרמים,0.00,"ק""ג",true,0,19.90,19.90,true,1,
7290009397697,true,מאפין שוק.צ'יפס 5י גדרון,גידרון,IL,חמישית מאפין,גרמים,200.00,100 גרם,false,0,9.00,4.50,true,1,
7290009398021,true,לחמניית ביס באגט,גידרון,IL,ביס באגט לבן,יחידה,1.00,יחידה,false,0,1.60,1.60,true,1,
7290009398038,true,ג'בטינה קוקטיל לבן,גידרון,IL,ג'בטינה קוקטיל,יחידה,1.00,יחידה,false,0,1.60,1.60,true,1,
7290009398748,true,פס גבינה מעודן+אוכמנ650ג,גידרון,IL,פס גבינה+אוכמנ,גרמים,650.00,100 גרם,false,0,36.70,5.65,true,1,
7290009398786,true,מארז פיתות אסלית 5יח100*,מאפיית אנג'ל,IL,חמישיית פיתות,גרמים,500.00,100 גרם,false,0,7.90,1.58,true,1,
7290009398816,true,פרס בורגר שוקולד 500 גרם,גידרון,IL,פרס בורגר שוקולד,יחידה,1.00,יחידה,false,0,17.90,17.90,true,1,
7290009398823,true,פרס בורגר פרג 500 גרם,גידרון,IL,פרס בורגר פרג,גרמים,500.00,100 גרם,false,0,17.90,3.58,true,1,
7290009398830,true,פיתה אסלית אפוי קפוא100ג,מאפ גדרון,IL,פיתה אסלית,גרמים,100.00,100 גרם,false,0,2.20,2.20,true,1,
7290009399165,true,לחמניה קלה,גידרון,IL,לחמניה קלה,יחידה,1.00,יחידה,false,0,3.50,3.50,true,1,
7290009399288,true,פס גבינה אפוי,גידרון,IL,פס גבינה אפוי,יחידה,1.00,יחידה,false,0,38.70,38.70,true,1,
7290009399493,true,עוג.עניבות קינמון משקל,גידרון,IL,עוגיות עניבות,קילוגרמים,0.00,"ק""ג",true,0,30.00,30.00,true,1,
7290009399776,true,לחם מקמח מלא קל 510 גרם,גידרון,IL,לחם מלא קל,גרמים,510.00,100 גרם,false,0,12.70,2.49,true,1,
7290009399806,true,עוגת קרנץ טעם שוקולד600ג,גידרון,,עוגת קרנץ 600גר,גרמים,600.00,100 גרם,false,0,17.90,2.98,true,1,
7290009401790,true,מארז פיתה כפרית 5יח100*ג,מאפיית אנג'ל,IL,פיתה כפרית 5יח,גרמים,500.00,100 גרם,false,0,9.00,1.80,true,1,
7290009402087,true,לחם קורונה 520 גרם,גידרון,IL,לחם קורונה,גרמים,520.00,100 גרם,false,0,12.70,2.44,true,1,
7290009802146,true,עוף שלם טרי ארוז עצמי,.,IL,עוף שלם טרי,קילוגרמים,0.00,"ק""ג",true,1,19.90,19.90,true,1,
7290009802214,true,כרעי עוף טרי ארוז עצמי,.,IL,כרעי עוף טרי,קילוגרמים,0.00,"ק""ג",true,1,29.90,29.90,true,1,
7290009804010,true,כנפי עוף טרי ארוז עצמי,.,IL,כנפי עוף טרי,קילוגרמים,0.00,"ק""ג",true,1,12.90,12.90,true,1,
7290009805291,true,חזה עוף טרי ארוז עצמי,.,IL,חזה עוף טרי,קילוגרמים,0.00,"ק""ג",true,1,34.90,34.90,true,1,
7290009806595,true,כבד עוף טרי ארוז עצמי,.,IL,כבד עוף טרי,קילוגרמים,0.00,"ק""ג",true,1,19.90,19.90,true,1,
7290009807646,true,שוקי עוף טרי ארוז עצמי,.,IL,שוקי עוף טרי,קילוגרמים,0.00,"ק""ג",true,1,34.90,34.90,true,1,
7290009811483,true,שניצל עוף טרי ארוז עצמי,.,IL,שניצל עוף טרי,קילוגרמים,0.00,"ק""ג",true,1,37.90,37.90,true,1,
7290009811513,true,פרגיות עוף טרי ארוז עצמי,.,IL,פרגיות עוף טרי,קילוגרמים,0.00,"ק""ג",true,1,59.90,59.90,true,1,
7290009814309,true,פילה עוף טרי ארוז עצמי,.,IL,פילה עוף טרי,קילוגרמים,0.00,"ק""ג",true,1,35.90,35.90,true,1,
7290009819212,true,גרון הודו נ.טרי א.עצמי,.,IL,גרון הודו טרי,קילוגרמים,0.00,"ק""ג",true,1,25.90,25.90,true,1,
7290009950700,true,פיתה מיני ק.מלא קלה50*5ג,מעיין תעשיות מאפה,IL,פיתה מיני קלה5יח,גרמים,250.00,100 גרם,false,0,9.80,3.92,true,1,
7290009951899,true,מאפה מלוח משקל,גידרון,IL,מאפה מלוח משקל,קילוגרמים,0.00,"ק""ג",true,0,35.00,35.00,true,1,
7290009951912,true,מאפה מתוק משקל,גידרון,IL,מאפה מתוק משקל,קילוגרמים,0.00,"ק""ג",true,0,35.00,35.00,true,1,
7290009952063,true,מים מינרליים מצוננים500מ,,,מים מינרליים500מ,מיליליטרים,500.00,"100 מ""ל",false,0,5.90,1.18,true,1,
7290009952704,true,משקה מצונן 1.5 ליטר,,,משקה מצונן 1.5 ליטר,ליטרים,1.50,ליטר,false,0,8.90,5.93,true,1,
7290009952858,true,משקה מצונן 1 ליטר,,,משקה מצונן 1 ליטר,ליטרים,1.00,ליטר,false,0,7.70,7.70,true,1,
7290009954234,true,נועם גב.צהובה9%חריץ משקל,טרה,IL,גבינת נועם 9% ריץ משקל,קילוגרמים,0.00,"ק""ג",true,0,70.00,70.00,true,1,
7290009954241,true,נועם ג.צהובה22%חריץ משקל,"טרופיקל דגיל תעשיות קוסמטיקה בע""מ",IL,גבינת נועם 22% ריץ משקל,קילוגרמים,0.00,"ק""ג",true,0,37.00,37.00,true,1,
7290009954258,true,נועם ג.צהובה28%חריץ משקל,י. מלכי מוצרים,IL,גבינת נועם 28%,קילוגרמים,0.00,"ק""ג",true,0,39.00,39.00,true,1,
7290009954357,true,גב.עמק מגורדת במשקל,,IL,גבינת עמק מגורדת,קילוגרמים,0.00,"ק""ג",true,0,41.30,41.30,true,1,
7290009954388,true,טל העמק מגורדת32% במשקל,תנובה,IL,טל העמק מגורדת,קילוגרמים,0.00,"ק""ג",true,0,57.00,57.00,true,1,
7290009954562,true,נועם 22% מגורדת במשקל,טרה,IL,נועם מגורדת 22%,קילוגרמים,0.00,"ק""ג",true,0,37.00,37.00,true,1,
7290009955217,true,"סלמי קוניאק שופרסל ק""ג",עוף טוב,IL,סלמי קוניאק,קילוגרמים,0.00,"ק""ג",true,0,58.00,58.00,true,1,
7290009955231,true,"סלמי איטלקי שופרסל ק""ג",עוף טוב,IL,סלמי איטלקי,קילוגרמים,0.00,"ק""ג",true,0,58.00,58.00,true,1,
7290009955255,true,חזה הודו דבש נתח שלם שופ,עוף טוב,IL,חזה הודו דבש נתח שלם שופ,קילוגרמים,0.00,"ק""ג",true,0,68.00,68.00,true,1,
7290009955262,true,חזה הודו ברביקיו נתח שלם,עוף טוב,IL,חזה הודו ברביקיו נתח שלם,קילוגרמים,0.00,"ק""ג",true,0,68.00,68.00,true,1,
7290009955309,true,גב.פרמז'ן27% שופרסל משקל,ז'נטי אס.פי.אי,IT,גבינת פרמז'ן,קילוגרמים,0.00,"ק""ג",true,1,99.00,99.00,true,1,
7290009955330,true,גב.מוצרלה21% שופרסל משקל,אס סי מודסט,LE,גבינה מוצרלה 21%,קילוגרמים,0.00,"ק""ג",true,1,54.00,54.00,true,1,
7290009955675,true,גב.גאודה 30% הולנד במשקל,KAAS HEIDEN UAN,NL,גבינת גאודה,קילוגרמים,0.00,"ק""ג",true,1,35.00,35.00,true,1,
7290009955705,true,כתף בקר שופרסל לקג,עוף טוב,IL,כתף בקר,קילוגרמים,0.00,"ק""ג",true,1,89.00,89.00,true,1,
7290009955712,true,גבינה צהובה הולנד28%משקל,KAAS HEIDEN UAN,NL,גבינה צהובה 28%,קילוגרמים,0.00,"ק""ג",true,1,35.00,35.00,true,1,
7290009955729,true,גבינה צהובה26%פולין משקל,MLEKOVITA,PL,גבינה צהובה 26%,קילוגרמים,0.00,"ק""ג",true,1,29.00,29.00,true,1,
7290009955743,true,גבינת צהובה28%פולין משקל,MLEKOVITA,PL,גבינת צהובה 28%,קילוגרמים,0.00,"ק""ג",true,1,29.00,29.00,true,1,
7290009955774,true,גבינת גאודה 28% במשקל,אי וואר,NL,גבינת גאודה 28%,קילוגרמים,0.00,"ק""ג",true,1,35.00,35.00,true,1,
7290010002030,false,תבלין כמון טחון תבליני מימון 100 גרם,א.ל ייצור ושיווק תבלינים,IL,כמון טחון,גרמים,100.00,100 גרם,false,0,11.30,11.30,true,1,
7290010002078,false,פלפל שחור טחון תבליני מימון 100 גרם,א.ל ייצור ושיווק תבלינים,IL,פלפל שחור טחון,גרמים,100.00,100 גרם,false,0,16.20,16.20,true,1,
7290010002092,false,תבלין פלפל שחור גרוס דק תבליני מימון 90,א.ל ייצור ושיווק תבלינים,IL,פלפל שחור גרוס,גרמים,90.00,100 גרם,false,0,16.20,18.00,true,1,
7290010002108,false,תבלין פלפל שחור גרוס גס תבליני מימון 90,א.ל ייצור ושיווק תבלינים,IL,פלפל שחור גרוס,גרמים,90.00,100 גרם,false,0,16.20,18.00,true,1,
7290010002122,false,פפריקה הונגרית מתוקה תבליני מימון 100 גרם,א.ל ייצור ושיווק תבלינים,IL,פפריקה הונגרית,גרמים,100.00,100 גרם,false,0,11.30,11.30,true,1,
7290010002382,false,תבלין אורגנו תבליני מימון 40 גרם,א.ל ייצור ושיווק תבלינים,IL,אורגנו,גרמים,40.00,100 גרם,false,0,10.20,25.50,true,1,
7290010045006,false,עוגיות חמאה פריכות 200 גרם לחמי,קונדטוריות לחמי,IL,עוגיות חמאה,גרמים,250.00,100 גרם,false,0,20.90,8.36,true,1,
7290010045051,false,עוגיות מלבן שקדים 200 גרם לחמי,קונדטוריות לחמי,IL,עוגיות שקדים,גרמים,280.00,100 גרם,false,0,20.90,7.46,true,1,
7290010045068,false,עוגיות הנסיכה 250 גרם לחמי,קונדטוריות לחמי,IL,עוגיות הנסיכה,גרמים,250.00,100 גרם,false,0,20.90,8.36,true,1,
7290010049028,false,מרמולייט תרכיז פטל דיאט 1 ליטר,מרמולייט,IL,תרכיז דיט פטל,ליטרים,1.00,ליטר,false,0,11.80,11.80,true,1,
7290010065318,false,מחית תפוח עץ ג'וניור פרינוק 190 גרם,פרוטה פודווין איי.אס,CZ,פרינוק מחית,גרמים,130.00,100 גרם,false,0,5.90,4.54,true,1,
7290010066575,false,נתחי טונה במים רביעיה *158ג' פילטונה,תעשיות פילטונה,IL,טונה במי מלח 4יח,גרמים,632.00,100 גרם,false,0,19.90,3.15,true,1,
7290010066599,false,רביעיית נתחי טונה בשמן זית פילטונה 158X4 גרם,תעשיות פילטונה,IL,טונה בשמן זית4יח,גרמים,632.00,100 גרם,false,0,32.90,5.21,true,1,
7290010116355,false,מיני פסק זמן מגדים 400גר,עלית,IL,מיני פסק זמן,גרמים,400.00,100 גרם,false,0,24.70,6.18,true,1,
7290010116898,false,שוקולד אוורירי מריר85גרם,שטראוס,IL,שוקולד אוורירי,גרמים,85.00,100 גרם,false,0,6.60,7.76,true,1,
7290010129003,false,עוגיות אוזניים 600 גרם,ק.א. ומשווק בבלעדיות על,IL,עוגיות אוזניים,גרמים,600.00,100 גרם,false,0,19.00,3.17,true,1,
7290010129010,false,עוג.כתר במילוי ריבה 600ג,ק.א. ומשווק בבלעדיות על,IL,עוגיות כתר ריבה,גרמים,600.00,100 גרם,false,0,19.00,3.17,true,1,
7290010129041,false,עוגיות בטעמים שונים600גר,"מיוצר על ידי ע.ה. בעמ, מ",IL,עוגיות ריבה,גרמים,600.00,100 גרם,false,0,19.00,3.17,true,1,
7290010129065,false,עוג.מקלות עלים צרפתי600ג,דולצ'ה ויטה,IL,עוג.מקלות עלים,גרמים,600.00,100 גרם,false,0,19.00,3.17,true,1,
7290010154005,false,סחוג תימני יוחאי ביטון 250 גרם,תבליני יוחאי ביטון,IL,סחוג תימני,גרמים,250.00,100 גרם,false,0,15.70,6.28,true,1,
7290010154029,false,אריסה מתוקה יוחאי ביטון 250 גרם,תבליני יוחאי ביטון,IL,אריסה מתוקה,גרמים,250.00,100 גרם,false,0,15.70,6.28,true,1,
7290010154265,false,פלפל צ'ומה תבליני ביטון 250 גרם,תבליני יוחאי ביטון,IL,פלפל צ'ומה,גרמים,250.00,100 גרם,false,0,15.70,6.28,true,1,
7290010154418,false,סחוג אדום תבליני ביטון 130 גרם,תבליני יוחאי ביטון,IL,סחוג אדום,גרמים,130.00,100 גרם,false,0,9.40,7.23,true,1,
7290010154425,false,סחוג ירוק תבליני ביטון 130 גרם,תבליני יוחאי ביטון,IL,סחוג ירוק,גרמים,130.00,100 גרם,false,0,9.40,7.23,true,1,
7290010163663,false,אגוזי קאשיו טבעיים 200ג,שקדיה,IL,אגוז קאשיו טבעי,גרמים,200.00,100 גרם,false,0,23.70,11.85,true,1,
7290010163700,false,שקד קלוף טבעי200ג-'שקדיה,שקדיה,IL,שקד טבעי,גרמים,200.00,100 גרם,false,0,24.70,12.35,true,1,
7290010173044,false,"יין הרי גליל מרלו 750 מ""ל",יקבי רמת הגולן,IL,מרלו הרי גליל,מיליליטרים,750.00,"100 מ""ל",false,0,32.90,4.39,true,1,
7290010237623,false,בירה נשר מאלט 1.5 ליטר,"טמפו משקאות בע""מ",IL,נשר מאלט,ליטרים,1.50,ליטר,false,0,7.90,5.27,true,1,
7290010237630,false,בירה נשר מאלט דיאט 1.5 ל,"טמפו משקאות בע""מ",IL,נשר מאלט דיאט,ליטרים,1.50,ליטר,false,0,7.90,5.27,true,1,
7290010237692,false,בירה הייניקן שישייה,פארייפאבה אגרואינדוס,IL,בירה הייניקן 6יח,ליטרים,1.50,ליטר,false,0,45.90,30.60,true,1,
7290010237784,false,בירה שנדי בתוספת משקה לימון ליים - שישייה,"טמפו משקאות בע""\מ",IL,מכבי שנדי 6 יח,ליטרים,1.98,ליטר,false,0,29.90,15.10,true,1,
7290010237890,false,"בירה הייניקן בקבוק 500 מ""ל חוזר",טמפו משקאות בע''מ,IL,בירה הייניקן,מיליליטרים,500.00,"100 מ""ל",false,0,9.90,1.98,true,1,
7290010329854,false,מיני קוקיס עוגיות בטעם חמאה ללא סוכר כרמית 600 גרם,כרמית,IL,מיני קוקיס חמאה,גרמים,700.00,100 גרם,false,0,26.90,3.84,true,1,
7290010382828,false,"קרם לחות קלילה לשיער יבש נטורל פורמולה, 400 מ""ל",אמיליה קוסמטיקס בעמ,IL,קרם לחות לשיער,מיליליטרים,400.00,"100 מ""ל",false,0,23.10,5.78,true,1,
7290010429295,false,מעדן פרי מישמש100% 250ג,יד מרדכי,IL,מעדן מישמש,גרמים,250.00,100 גרם,false,0,14.90,5.96,true,1,
7290010429301,false,מעדן תות 100%פרי 250 גרם,אף.סי תבליני בגליל ב,IL,מעדן תות,גרמים,250.00,100 גרם,false,0,14.90,5.96,true,1,
7290010429509,false,מעדן שזיף %100 פרי250גרם,יד מרדכי,IL,מעדן שזיף,גרמים,250.00,100 גרם,false,0,14.90,5.96,true,1,
7290010429554,false,"שמן זית כתית מעולה יד מרדכי 2 קלאסי, 750 מ""ל",מכוורת יד מרדכי שטראוס ב,IL,שמן זית 2 קלאסי,מיליליטרים,750.00,"100 מ""ל",false,0,39.90,5.32,true,1,
7290010472307,false,"שמיניית משקה גמדים תות בננה דיסני 108 מ""ל",מיוצר עי קונדיטוריית,IL,גמדים לשתיה 8 יח,מיליליטרים,800.00,"100 מ""ל",false,0,20.90,2.61,true,1,
7290010472390,false,מארז 8 יחידות מעדן דני בטעם שוקולד 1.5%,מיוצר עי קונדיטוריית,IL,דני שוקולד 8 יח',קילוגרמים,1.00,"ק""ג",false,0,16.30,16.30,true,1,
7290010569533,false,סולרו לייט אפרסק יח,שטראוס,IL,סולרו לייט אפרסק יח,יחידה,1.00,יחידה,false,0,10.00,10.00,true,1,
7290010582037,false,פלפלון סוויט בייט יחידה,חקלאי,IL,פלפלון סוויט,יחידה,1.00,יחידה,false,0,8.50,8.50,true,1,
7290010632640,false,מוצץ בבליסטר בינוני 3 יח,WORKS B.R,IN,מוצצי גומי,יחידה,1.00,יחידה,false,0,13.50,13.50,true,1,
7290010639632,false,תירס גמדי אויליו,,IL,תירס גמדי אויליו,גרמים,400.00,100 גרם,false,0,6.60,1.65,true,1,
7290010650019,false,אנדיב בלגי אמיתי חוות תקוע,מרינה פטריות הגליל,IL,עולש,יחידה,1.00,יחידה,false,0,12.90,12.90,true,1,
7290010650033,false,בצלצלי שאלוט תקוע אר,חוות פטריות תקוע,NL,בצלצלי שאלוט,יחידה,1.00,יחידה,false,0,15.00,15.00,true,1,
7290010822072,false,בירה סמואל אדמס בק355.מל,טמפו,US,בירה סמואל אדמס,מיליליטרים,355.00,"100 מ""ל",false,0,10.90,3.07,true,1,
7290010827787,false,מגבונ.לח.דיילי קייר72*4י,דינמיק,IL,מגבונים לחים 4יח,יחידה,1.00,יחידה,false,1,9.90,9.90,true,1,
7290010838219,false,ממתיק על בסיס צמח הסטיביה - שקיות,"קיפל טבליות וממתיקים בע""מ",IL,ממתיק מרמולייט,גרמים,100.00,100 גרם,false,0,35.00,35.00,true,1,
7290010849505,false,יין למברוסקו די לואיג'י רוסו דולצ'ה,פארייפאבה אגרואינדוס,IT,למברוסקו רוסו,מיליליטרים,750.00,"100 מ""ל",false,0,27.90,3.72,true,1,
7290010931330,false,סלט מטבוחה אחלה 500 גרם,מיוצר עי קונדיטוריית,IL,סלט מטבוחה אחלה,גרמים,500.00,100 גרם,false,0,11.90,2.38,true,1,
7290010945146,false,קוטג' 3% מועשר בסידן טרה 250 ג' מהדרין,קריות זול,IL,קוטג' 3% מועשר,גרמים,250.00,100 גרם,false,0,5.50,2.20,true,1,
7290010945306,false,חלב בקרטון 3% 2 ליטר טרה,הפריט בפיקוח,IL,חלב 3% בקרטון,ליטרים,2.00,ליטר,false,0,11.50,5.75,true,1,
7290010945450,false,גבינה לבנה 3% 250 גר מועשר בסידן וויטמין,הפריט בפיקוח,IL,גבינה לבנה3%,גרמים,250.00,100 גרם,false,0,4.60,1.84,true,1,
7290010970261,false,טעמים-חומץ תפוחי עץ,"ג.מ טעם הארץ בע""\ם",IL,חומץ תפוחי עץ,מיליליטרים,500.00,"100 מ""ל",false,0,17.60,3.52,true,1,
7290011015381,false,מיץ תפוח סחוט פריגת 2 ל',פריגת,IL,מיץ תפוח סחוט פריגת 2 ל',ליטרים,2.00,ליטר,false,0,20.90,10.45,true,1,
7290011017866,false,קוקה קולה קלאסי בפחית,החברה המרכזית לייצור משקאות,IL,קוקה קולה סליק,מיליליטרים,330.00,"100 מ""ל",false,0,6.40,1.94,true,1,
7290011017873,false,"פחיות קוקה קולה זירו 330 מ""ל",החברה המרכזית לייצור משקאות,IL,קוקה זירו,מיליליטרים,330.00,"100 מ""ל",false,0,6.40,1.94,true,1,
7290011018184,false,פיוז טי תה קר בטעם אפרסק,מבשלות בירה בינלאומי,IL,תה אפרסק,מיליליטרים,500.00,"100 מ""ל",false,0,8.20,1.64,true,1,
7290011018252,false,FUZE tea מנגו אננס 1,,IL,תה מנגו אננס,ליטרים,1.50,ליטר,false,0,7.90,5.27,true,1,
7290011018276,false,פיוזטי אקזוטי 1.5 לי,FUZE TEA,IL,תה אקזוטי,ליטרים,1.50,ליטר,false,0,7.90,5.27,true,1,
7290011018283,false,פיוז טי אפרסק 1.5 לי,,IL,פיוז תה אפרסק,ליטרים,1.50,ליטר,false,0,7.90,5.27,true,1,
7290011018306,false,פיוז טי דיאט אפרסק 1,,IL,תה אפרסק דיאט,ליטרים,1.50,ליטר,false,0,7.90,5.27,true,1,
7290011018443,false,"פנטה אורנג פחית סליק 330 מ""ל",החברה המרכזית לייצור משקאות,IL,פאנטה אורנג',מיליליטרים,330.00,"100 מ""ל",false,0,6.40,1.94,true,1,
7290011018467,false,"סליק פאנטה אקזוטיק330מ""ל",החברה המרכזית לייצור משקאות,IL,פאנטה אקזוטיק,מיליליטרים,330.00,"100 מ""ל",false,0,6.40,1.94,true,1,
7290011018580,false,פיוז טי ענבים 1.5 לי,,IL,פיוז טי ענבים,ליטרים,1.50,ליטר,false,0,7.90,5.27,true,1,
7290011018832,false,"קוקה קולה פרידגפק סליק 330 מ""ל שישייה",החברה המרכזית לייצור משקאות,IL,קוקה קולה 6פחיות,ליטרים,1.98,ליטר,false,0,19.90,10.05,true,1,
7290011018931,false,"קוקה קולה 250 מ""ל",החברה המרכזית לייצור משקאות,IL,קוקה קולה,מיליליטרים,250.00,"100 מ""ל",false,0,4.80,1.92,true,1,
7290011051136,false,שוופס סודה 1.5*4 ליטר,יפאורה שותפות מובגלת לשיווק,IL,שוופס סודה 1.5*4 ליטר,ליטרים,6.00,ליטר,false,0,11.90,1.98,true,1,
7290011051297,false,שוופס סודה לימון 1.5ליטר,יפאורה שותפות מובגלת לשיווק,IL,שוופס סודה לימון,ליטרים,1.50,ליטר,false,0,3.90,2.60,true,1,
7290011051327,false,קריסטל אשכוליות מוגז 2ל',יפאורה שותפות מובגלת לשיווק,IL,גזוז טעם אשכולית,ליטרים,2.00,ליטר,false,0,3.90,1.95,true,1,
7290011051341,false,שוופס סודה לימון 1.5*4 ל,יפאורה שותפות מובגלת לשיווק,IL,שוופס סודה לימון 1.5*4 ל,ליטרים,6.00,ליטר,false,0,11.90,1.98,true,1,
7290011051389,false,שוופס פירות יער מוגז1.5ל,יפאורה שותפות מובגלת לשיווק,IL,שוופס מוגז עדין,ליטרים,1.50,ליטר,false,0,6.90,4.60,true,1,
7290011051396,false,שוופס אפרסק מוגז 1.5ליטר,יפאורה שותפות מובגלת לשיווק,IL,שוופס אפרסק,ליטרים,1.50,ליטר,false,0,6.90,4.60,true,1,
7290011051488,false,תה ספרינג אפרסק 1.5 ליטר,יפאורה שותפות מובגלת לשיווק,IL,ספרינג תה אפרסק,ליטרים,1.50,ליטר,false,0,6.50,4.33,true,1,
7290011051495,false,תה ספרינג ירוק לימון1.5ל,יפאורה שותפות מובגלת לשיווק,IL,תה ספרינג ירוק,ליטרים,1.50,ליטר,false,0,6.50,4.33,true,1,
7290011051518,false,תה ספרינג דיאט אפרסק1.5ל,יפאורה שותפות מובגלת לשיווק,IL,תה ספרינג דיאט,ליטרים,1.50,ליטר,false,0,6.50,4.33,true,1,
7290011051655,false,שוופס ריזלינג מוגז 1.5ל',יפאורה שותפות מובגלת לשיווק,IL,שוופס ריזלינג,ליטרים,1.50,ליטר,false,0,6.90,4.60,true,1,
7290011051938,false,תפוזינה תפוח רענן 1.5 ל',יפאורה שותפות מובגלת לשיווק,IL,תפוזינה תפוח,ליטרים,1.50,ליטר,false,0,6.50,4.33,true,1,
7290011051976,false,קולה RC ללא סוכר FREE בקבוק 1.5ל',יפאורה שותפות מובגלת לשיווק,IL,R.C FREE,ליטרים,1.50,ליטר,false,0,5.50,3.67,true,1,
7290011081188,false,קסטה וניל שוקו יח,שטראוס,IL,קסטה וניל שוקו יח,יחידה,1.00,יחידה,false,0,6.00,6.00,true,1,
7290011081690,false,קרמיסימו פרווה שוקו ציפ+וניל ציפ 1.33ל,"גלידת שטראוס בע""\מ, רחוב",IL,גל.קרמיסימו צ'יפ וניל/שו,ליטרים,1.33,ליטר,false,0,20.90,15.71,true,1,
7290011115203,false,אל סבון מוצק מבושם בניחוח עדין קלאסיק - מארז רביעיה,טרופיקל דגיל תעשיות,IL,סבון נקה 4X 7,גרמים,400.00,100 גרם,false,0,15.00,3.75,true,1,
7290011115258,false,אל סבון מוצק מבושם בניחוח עדין קלאסיק - מארז רביעיה,"גליל כימיכלים בע""מ",IL,נקה 7 סבון 4 יח,גרמים,400.00,100 גרם,false,0,15.00,3.75,true,1,
7290011115289,false,אל סבון מוצק מבושם בניחוח עדין קלאסיק - מארז רביעיה,"גליל כימיכלים בע""מ",IL,סבון נקה 4X 7,מיליליטרים,400.00,"100 מ""ל",false,0,15.00,3.75,true,1,
7290011126209,false,הגן הקסום תה טעם תפוח וקינמון סיידר ויסוצקי 25 יח',תה ויסוצקי,IL,חליטת תפוח קנמון,גרמים,67.00,100 גרם,false,0,18.90,28.21,true,1,
7290011126452,false,הגן הקסום תה בטעם קמומיל ונענע ויסוצקי 25 יחידות,תה ויסוצקי,IL,חליטת קמומיל,גרמים,37.00,100 גרם,false,0,18.90,51.08,true,1,
7290011131395,false,"מוזלי בתוספת 30% פירות 1 ק""ג גרין",ויטליאה ניקולה דו,MK,מיזלי קראנץ,קילוגרמים,1.00,"ק""ג",false,0,20.90,20.90,true,1,
7290011131814,false,"מיזלי מיקס חלווה 1 ק""ג",וויטליה,MK,מיזלי מיקס חלווה,קילוגרמים,1.00,"ק""ג",false,1,20.90,20.90,true,1,
7290011133368,false,"בירה שנדי, בירה בטעם תפוח, מארז שישייה, בקבוק 330 מ''ל","טמפו משקאות בע""מ",IL,מכבי שנדי 6 יח,ליטרים,1.98,ליטר,false,0,29.90,15.10,true,1,
7290011194215,false,מעדן גבינה ויוגורט בטעם בננה 5% שומן 88 ג' דניאלה,"שטראוס בריאות בע""מ",IL,דניאלה בננה,גרמים,100.00,100 גרם,false,0,4.30,4.30,true,1,
7290011194246,false,קוטג' 5% עם סידן 250 ג' שטראוס,מיוצר עי קונדיטוריית,IL,קוטג' 5% שומן,גרמים,250.00,100 גרם,false,0,5.90,2.36,true,1,
7290011223243,false,"טואלט דאק ג'ל לאסלה בניחוח לבנדר 55 מ""ל","איטיליאן פוד, אס.פי.",IT,דאק ג'ל נוזלי,מיליליטרים,55.00,"100 מ""ל",false,0,7.90,14.36,true,1,
7290011308780,false,בייגלה טבעות שומשום300גר,יוניליוור,IL,בייגלה טבעות,גרמים,300.00,100 גרם,false,0,7.90,2.63,true,1,
7290011308858,false,נישנושים ביס שמנת בצל60ג,בייגל את בייגל מזון,IL,נישנושים ביס,גרמים,60.00,100 גרם,false,0,4.60,7.67,true,1,
7290011348267,false,קציצות עדשים כתומות 500,טבעול,IL,קציצות עדשים,יחידה,1.00,יחידה,false,0,34.70,34.70,true,1,
7290011378233,false,"חטיפי חלווה בארכה 126 גרם מארז 7 יחידות לל""ס","רושדי תעשיות מזון בע""\מ",IL,"חט.חלבה ללת""ס",גרמים,126.00,100 גרם,false,0,13.40,10.63,true,1,
7290011378769,false,חטיף חלווה וניל בארכה 126 גרם מארז 7 יחידות,"רושדי תעשיות מזון בע""\מ",IL,חטיפי חלבה 7 יח,גרמים,126.00,100 גרם,false,0,13.40,10.63,true,1,
7290011378776,false,חטיף חלווה פיסטוק בארכה 126 גרם מארז 7 יחידות,"רושדי תעשיות מזון בע""\מ",IL,חטיפי חלבה 7 יח,גרמים,126.00,100 גרם,false,0,13.40,10.63,true,1,
7290011378950,false,חט.חלבה וניל+פקאן 18*7גר,רושדי תעשיות מזון,IL,חטיפי חלבה 7 יח,גרמים,126.00,100 גרם,false,0,13.40,10.63,true,1,
7290011379018,false,פטריות טריות מיקס מרינה זוגי 250X2ג',"מרינה פטריות הגליל בע""מ",IL,פטריות מארז משפחתי יח',יחידה,1.00,יחידה,false,0,15.90,15.90,true,1,
7290011435349,false,מעדן תפוז %100 פרי250גרם,יד מרדכי,IL,מעדן תפוז,גרמים,250.00,100 גרם,false,0,14.90,5.96,true,1,
7290011438128,false,משקה חלב שוקו בקבוק 350מ,יטבתה,IL,משקה חלב שוקו,מיליליטרים,350.00,"100 מ""ל",false,0,6.30,1.80,true,1,
7290011438517,false,שוקו יטבתה בקבוק150*8גרם,יטבתה,IL,שוקו יטבתה 8 יח',קילוגרמים,1.20,"ק""ג",false,0,19.90,16.58,true,1,
7290011447250,false,מטרנה חלבי שלב 1 400ג,נסטלה,IL,מטרנה חלבי,גרמים,400.00,100 גרם,false,0,38.90,9.73,true,1,
7290011447304,false,מטרנה פרימיום חלבי שלב 3 700 גרם חיסכון,מטרנה תעשיות ש.מ,IL,מטרנה חלבי שלב 3,גרמים,700.00,100 גרם,false,0,55.90,7.99,true,1,
7290011468002,false,טחינה גולמית הנסיך500גרם,הנסיך,IL,טחינה הנסיך,גרמים,500.00,100 גרם,false,0,15.90,3.18,true,1,
7290011468026,false,טחינה נסיך שומשום מלא500,הנסיך,IL,טחינה הנסיך,גרמים,500.00,100 גרם,false,0,15.90,3.18,true,1,
7290011499051,false,גבינה פטה כבשים בגביע 20% 250 גר',MKN עבור מחלבות גד ב,IL,פטה כבשים,גרמים,250.00,100 גרם,false,0,25.80,10.32,true,1,
7290011499129,false,גבינה בולגרית מעודנת קוביות קטנות 5% גד 200 גרם,קוד יצרן DSH,IL,קוביות בולגרית,גרמים,200.00,100 גרם,false,0,21.70,10.85,true,1,
7290011499273,false,גב.ריקוטה מלוחה 5% 250ג,מחלבות גד,IL,ריקוטה מלוחה5%,גרמים,250.00,100 גרם,false,0,15.00,6.00,true,1,
7290011499303,false,גבינה בולגרית עזים 5% גד מעודנת 250 גרם,ג'נרל מילס סאן אדריא,IL,בולגרית מעודנת,גרמים,250.00,100 גרם,false,0,27.70,11.08,true,1,
7290011499327,false,גבינה בולגרית מעודנת חלב בקר 250 גר,מיוצר על ידי DSH עבו,IL,בולגרית מעודנת5%,גרמים,250.00,100 גרם,false,0,21.90,8.76,true,1,
7290011499334,false,גבינת קממבר צאן 125 גרם,מחלבות גד,IL,גבינת קממבר,גרמים,125.00,100 גרם,false,0,18.70,14.96,true,1,
7290011499341,false,גבינת קשקבל ארוז 26 אחוז 250גרם גד,הנסיך- מפעל לייצור ט,IL,גבינת קשקאבל,גרמים,250.00,100 גרם,false,0,34.60,13.84,true,1,
7290011499358,false,פטה עיזים מסורתית 20% בגביע מחלבות גד,מיוצר על ידי קוד יצר,IL,פטה עיזים20%,גרמים,200.00,100 גרם,false,0,25.70,12.85,true,1,
7290011499365,false,גבינת חלומי 24% גד 200 גרם,"מחלבות גד בע""\מ",IL,חלומי גד 24%,גרמים,200.00,100 גרם,false,0,21.40,10.70,true,1,
7290011499419,false,גבינה במרקם שמנת בטעם טבעי 5% ניו יורק,גבינות מדף,IL,גבינת שמנת גד5%,גרמים,200.00,100 גרם,false,0,11.80,5.90,true,1,
7290011499440,false,גבינת שמנת ירקות 5% 200ג,מחלבות גד,,גבינת שמנת גד 5%,גרמים,200.00,100 גרם,false,0,11.80,5.90,true,1,
7290011499525,false,גבינת לאבנה דרוזית 9% גד 500 גרם,מחלבות גד בעמ,IL,לאבנה דרוזית 9%,גרמים,500.00,100 גרם,false,0,19.80,3.96,true,1,
7290011499624,false,גבינת שמנת בטעם טבעי גד 30% 200 גרם,גבינות מדף,IL,גבינת שמנת 30%,גרמים,200.00,100 גרם,false,0,13.40,6.70,true,1,
7290011499853,false,שמנת 30% ניו יורק זיתים מחלבות גד,מחלבות גד (שיווק 199,IL,גבינת שמנת,גרמים,200.00,100 גרם,false,0,13.40,6.70,true,1,
7290011505615,false,בקבוק האכלה שלב3-,N.L.PRODUCT,CN,בקבוק האכלה,יחידה,1.00,יחידה,false,0,43.30,43.30,true,1,
7290011515683,false,מאגדת טילון אקסטרים וניל נסטלה 6 יחידות,תות תעשיות מזון (201,IL,מאגדת אקסטרים וניל 6יח,גרמים,432.00,100 גרם,false,0,37.00,8.56,true,1,
7290011518561,false,"אקטימל תות 1.51 ק""ג מארז 14 יחידות",מיוצר עי קונדיטוריית,IL,אקטימל מארז14יח',ליטרים,1.40,ליטר,false,0,32.60,23.29,true,1,
7290011570132,false,"תחליף קמח ללא גלוטן 1 קֿֿֿֿ""ג 10X",אשבל מזון פונקציונלי,IL,קמח נטול גלוטן,קילוגרמים,1.00,"ק""ג",false,0,5.50,5.50,true,1,
7290011570644,false,קמח רב תכליתי ללא גלוטן אשבל 450 גרם,אשבל מזון פונקציונלי בע\,IL,קמח לחם,גרמים,500.00,100 גרם,false,1,19.70,3.94,true,1,
7290011598211,false,"סנו - אנטי קאלק מרסס ניקוי כללי 4 ב-1 700 מ""ל",מיוצר עי קונדיטוריית,IL,סנו אנטי קאלק,מיליליטרים,700.00,"100 מ""ל",false,0,17.90,2.56,true,1,
7290011607180,false,"אבקת כביסה קולון 101 1.25 ק""ג",ריקט בנקיזר ( ניר אי,IL,אבקת כביסה קולון,קילוגרמים,1.25,"ק""ג",false,0,14.90,11.92,true,1,
7290011615314,false,תפוחונים 6 יח,,IL,תפוחונים 6 יח,גרמים,132.00,100 גרם,false,0,21.70,16.44,true,1,
7290011618025,false,בייבי ביס הוט קידס נגיסי אורז לתינוק,גואנז'ו יונג וואנט פ,CN,בייבי ביס,גרמים,50.00,100 גרם,false,0,12.90,25.80,true,1,
7290011618162,false,ביסקו.שוק.שמנת זביונה180,TAGO,PL,ביסקוויט שוקולד,גרמים,180.00,100 גרם,false,0,11.90,6.61,true,1,
7290011668570,false,בריא מהטבע גרנולה פירות יבשים 450 גרם פנינה רוזנבלום,בריא מהטבע פנינה רוזנבלום,IL,חגיגת גרנולה,גרמים,500.00,100 גרם,false,0,25.90,5.18,true,1,
7290011668587,false,בריא מהטבע גרנולה בטעם עשיר 500 גרם פנינה רוזנבלום,בריא מהטבע פנינה רוזנבלום,IL,גרנולה עשירה,גרמים,500.00,100 גרם,false,0,25.90,5.18,true,1,
7290011688103,false,פילה סול פוטית לקג,שונות,XX,פילה סול,קילוגרמים,0.00,"ק""ג",true,0,21.90,21.90,true,1,
7290011758479,false,דגנים טויסטר,,,דגנים טויסטר,גרמים,750.00,100 גרם,false,0,15.80,2.11,true,1,
7290011765095,false,קרמה מן גל גילוח אלוורה ירוק 200 מל,טרופיקל דגיל תעשיות,TR,ג'ל גילוח קרמה,מיליליטרים,200.00,"100 מ""ל",false,0,13.90,6.95,true,1,
7290011765118,false,קצף גילוח קרמה מן דליקט 200 מל,"אביאפ, איסטנבול, תור",TR,קצף גילוח קרמה,מיליליטרים,200.00,"100 מ""ל",false,0,10.00,5.00,true,1,
7290011765446,false,משחת שיניים לילדים בוב ספוג בטעם מיץ ענבים עם פלואוריד למניעת עששת,טרופיקל דגיל תעשיות קוסמ,IL,משחת שיניים,גרמים,70.00,100 גרם,false,0,7.90,11.29,true,1,
7290011800642,false,צבר מטבוחה מרוקאית 400 גרם,סלטי צבר,IL,סלט מטבוחה,גרמים,400.00,100 גרם,false,0,12.90,3.23,true,1,
7290011800703,false,פלפלים קלויים רפי כהן400,סלטי צבר,IL,סלט פלפלים,גרמים,400.00,100 גרם,false,0,12.90,3.23,true,1,
7290011800826,false,חציל בטחינה רפי כהן 400ג,סלטי צבר 2 ב 22,IL,סלט חציל בטחינה,גרמים,400.00,100 גרם,false,0,12.90,3.23,true,1,
7290011800840,false,רפי כהן סלט טחינה בלאדי צבר 400 גרם,רפי כהן / צבר,IL,סלט טחינה בלאדי,גרמים,400.00,100 גרם,false,0,12.90,3.23,true,1,
7290011830243,false,אטריות אורג. ללא גלוטן מאורז תאילנדי 250,השדה מוצרים אורגניים,CN,אטריות אורז תאי,גרמים,250.00,100 גרם,false,0,13.00,5.20,true,1,
7290011830267,false,אטריות אורגניות ללא גלוטן מאורז מלא 250,השדה מוצרים אורגניים,CN,אטריות מאורז מלא,גרמים,250.00,100 גרם,false,0,13.00,5.20,true,1,
7290011860271,false,ביסבול כדורי פירה מתפוחי אדמה תפוגן 700 גרם,"תעשיות תפוגן בע""\מ",IL,ביסבול טבעי,גרמים,700.00,100 גרם,false,0,17.80,2.54,true,1,
7290011860721,false,"פלחים-פלחי תפו""א 700 גרם",תפוגן,IL,"פלחי תפו""א",גרמים,700.00,100 גרם,false,0,14.80,2.11,true,1,
7290011870256,false,AA סוללות פוגיקום 4 יחידות,פוג'יקום,CN,רביעיית סוללות,יחידה,1.00,יחידה,false,0,16.20,16.20,true,1,
7290011870270,false,פוג'יקום סוללות מארז 12 יח' AA,פוג'יקום,CN,סוללות פוג'י,יחידה,1.00,יחידה,false,0,30.30,30.30,true,1,
7290011870737,false,סוללה פוגיקום בינוני,פוג'יקום,CN,סוללת פוג'י,יחידה,1.00,יחידה,false,0,22.10,22.10,true,1,
7290011876388,false,קציצות עוף ובקר מאמא עוף 600 גרם,תנובה גליל שותפות מו,IL,קציצות עוף ובקר,גרמים,600.00,100 גרם,false,0,34.90,5.82,true,1,
7290011876944,false,קציצות עוף והודו 400גרם,תנובה,IL,קציצות עוף,גרמים,400.00,100 גרם,false,0,12.90,3.23,true,1,
7290011877101,false,"סנומוד מטהר אוויר מאסק סנו 150 מ""ל",מיוצר עי קונדיטוריית,IL,סנומוד,מיליליטרים,150.00,"100 מ""ל",false,0,12.90,8.60,true,1,
7290011877446,false,קרם נגד גירויים לתינוק עם הנוסחה המשולשת SBC,קוסמופארם בע'\'\מ,IL,בייבי כיף קרם,מיליליטרים,100.00,"100 מ""ל",false,0,11.90,11.90,true,1,
7290011877859,false,סנו אינסטלטור חדש פותח סתימות 200ג',מיוצר עי קונדיטוריית,IL,סנו אינסטלטור,גרמים,200.00,100 גרם,false,0,14.90,7.45,true,1,
7290011947309,false,זיתים מצוננים סורי מבוקע ולימון כבוש זיתא 230 ג',זיתא – י.ט.ב תעשיות,IL,זית סורי,גרמים,230.00,100 גרם,false,0,7.50,3.26,true,1,
7290012019258,false,מחית תפוחי עץ רביעיה 4 * 113 ג' תומר,אינדיאן סאמר קו אופ אינק,US,"רסק תפו""ע",גרמים,454.00,100 גרם,false,0,11.00,2.42,true,1,
7290012022005,false,פריכיות חיטה 60 גרם,דילייט,IL,קריספיות טבעי,גרמים,60.00,100 גרם,false,0,12.90,21.50,true,1,
7290012022050,false,קריספיות מרובה דגנים 75ג,דילייט,IL,קריספיות דגנים,גרמים,75.00,100 גרם,false,0,13.90,18.53,true,1,
7290012022067,false,קריספיות קידס 30 גרם,דילייט,IL,קריספיות קידס 30 גרם,גרמים,30.00,100 גרם,false,0,10.90,36.33,true,1,
7290012086113,false,עגבניות שרי צימן קופסא 500ג',קטיף.,IL,שרי אשכולות יח,יחידה,1.00,יחידה,false,0,9.90,9.90,true,1,
7290012116551,false,אנטי קאלק נוזל לניקוי כללי סנו 2 ליטר,מיוצר עי קונדיטוריית,IL,סנו אנטי קאלק,ליטרים,2.00,ליטר,false,0,22.90,11.45,true,1,
7290012116735,false,נייר טואלט גליל כפול סנו סופט 24 גלילים,סנו מפעלי ברונוס בעמ,IL,נייר טואלט סופט,מטרים,900.00,100 מטר,false,0,39.90,4.43,true,1,
7290012117275,false,"קליר שקית מילוי לניקוי חלונות סנו 750 מ""ל",טרופיקל דגיל תעשיות,IL,סנוקליר מילוי,מיליליטרים,750.00,"100 מ""ל",false,0,6.90,0.92,true,1,
7290012117350,false,"נוזל רצפות לילך 2 ליטר ""ריצפז פרש""","סנו מפעלי ברונוס בע""\מ",IL,סנו ריצפז,ליטרים,2.00,ליטר,false,0,19.70,9.85,true,1,
7290012117831,false,מברשת אורביטול מס' 808,קוסמופארם,CN,מברשת אורביטול,יחידה,1.00,יחידה,false,0,15.80,15.80,true,1,
7290012193125,false,מרמולייט סוכרלוז ממתיק 150 טבליות,"קיפל טבליות וממתיקים בע""מ",CN,סוכרלוז,יחידה,1.00,יחידה,false,0,28.70,28.70,true,1,
7290012193286,false,פרש וואנס קייר 72*4יח,על בד,IL,פרש וואנס,יחידה,1.00,יחידה,false,0,17.90,17.90,true,1,
7290012226021,false,נקניק סלמי מעושן פראג זוגלובק 400 גרם,נקניק נהריה כשר זוגל,IL,סלמי מעושן פראג,גרמים,400.00,100 גרם,false,0,22.90,5.73,true,1,
7290012226922,false,קבנוס בטעם שום זוגלובק 135 גרם,נקניק נהריה כשר זוגל,IL,קבנוס בטעם שום,גרמים,135.00,100 גרם,false,0,12.50,9.26,true,1,
7290012226977,false,המבורגר %100 בקר 360גרם,זוגלובק,IL,המבורגר,גרמים,360.00,100 גרם,false,0,24.90,6.92,true,1,
7290012227394,false,שניצל תירס דק דק 650גרם,זוגלובק,IL,שניצל תירס דק דק,גרמים,650.00,100 גרם,false,0,30.80,4.74,true,1,
7290012227509,false,נקניקיית ע.רכיבים טבעיים,זוגלובק,IL,נקניקיית עוף,גרמים,400.00,100 גרם,false,1,18.90,4.73,true,1,
7290012227714,false,נקניקיות וינר רכיבים טבע,זוגלובק,IL,נקניקיות וינר,גרמים,500.00,100 גרם,false,1,19.90,3.98,true,1,
7290012244018,false,עוג.מוס ר.חלב+שוק.לבן1קג,"גידרון תעשיות בע""מ",IL,עוגת מוס,יחידה,1.00,יחידה,false,0,64.40,64.40,true,1,
7290012244032,false,עוגת היער השחור 850 גרם,גידרון,,עוגת יער שחור,יחידה,1.00,יחידה,false,0,64.40,64.40,true,1,
7290012244056,false,עוגת גבינה ופירורים 900ג,"גידרון תעשיות בע""מ",IL,עוגת גבינה,יחידה,1.00,יחידה,false,0,64.40,64.40,true,1,
7290012244070,false,עוגת שכבות שוקולד 920גרם,"גידרון תעשיות בע""מ",IL,עוגת שכבות,יחידה,1.00,יחידה,false,0,64.40,64.40,true,1,
7290012244124,false,פחזניות 500 גרם,גידרון,IL,פחזניות,יחידה,1.00,יחידה,false,0,31.70,31.70,true,1,
7290012244407,false,עוגת סופלה שוקולד 150X2ג,גידרון,IL,מארז עוגת סופלה,גרמים,300.00,100 גרם,false,0,20.80,6.93,true,1,
7290012244643,false,מארז פיתה תימנית5יח100*ג,מאפיית אנג'ל,IL,פיתה תימנית 5יח,גרמים,500.00,100 גרם,false,0,12.90,2.58,true,1,
7290012359392,false,סילאן טבעי 900 גרם,,IL,סילאן טבעי,גרמים,900.00,100 גרם,false,0,29.60,3.29,true,1,
7290012359491,false,רוטב רימונים לחיץ 350גרם,יניגון,IL,רוטב רימונים,גרמים,350.00,100 גרם,false,1,19.70,5.63,true,1,
7290012367700,false,קרם גוף אינטנסיב רליף Intensive relief לעור יבש ומגורה,פישר מעבדות פרמצבטיות בע,IL,קרם גוף,מיליליטרים,700.00,"100 מ""ל",false,0,32.60,4.66,true,1,
7290012404146,false,שוופס מוגז תפוחים1.5ל',יפאורה שותפות מובגלת לשיווק,IL,שוופס תפוחים,ליטרים,1.50,ליטר,false,0,7.00,4.67,true,1,
7290012404160,false,שוופס מוגז אשכולית אדומה,יפאורה שותפות מובגלת לשיווק,IL,שוופס אשכולית,ליטרים,1.50,ליטר,false,0,7.00,4.67,true,1,
7290012404863,false,ספרינג תה מנגו אפרסק1.5ל,יפאורה שותפות מובגלת לשיווק,IL,ספרינג תה מנגו,ליטרים,1.50,ליטר,false,0,6.50,4.33,true,1,
7290012413643,false,תה ירוק קמומיל ויסוצקי 25 יחידות,ויסוצקי ירוק,IL,תה ירוק קמומיל,גרמים,37.00,100 גרם,false,0,21.90,59.19,true,1,
7290012522734,false,טחון מן הצומח 400גרם,טבעול,IL,טחון מן הצומח,גרמים,400.00,100 גרם,false,0,27.10,6.78,true,1,
7290012522789,false,שניצל ברוקולי מופחת שומן,טבעול,IL,שניצל ברוקולי מופחת שומן,גרמים,630.00,100 גרם,false,0,36.00,5.71,true,1,
7290012561405,false,בצל חצי מטוגן דורות 180 גרם,עיצובים 2020 (3.8),IL,בצל חצי מטוגן,גרמים,180.00,100 גרם,false,0,11.60,6.44,true,1,
7290012696206,false,גביעי נייר,,IL,גביעי נייר,יחידה,1.00,יחידה,false,0,6.80,6.80,true,1,
7290012697081,false,סוכרזית מהטבע סטיוויה 100 טבליות,"סוכרזית בע""מ",IL,סוכרזית סטיוויה,גרמים,100.00,100 גרם,false,0,33.50,33.50,true,1,
7290012697371,false,סוכרלייט 150 טבליות,"ביסקול בע""מ",IL,סוכרלייט,גרמים,150.00,100 גרם,false,0,22.20,14.80,true,1,
7290012803215,false,וופל בלגי בטעם שוקולד ללא תוספת סוכר,בטר אנד דיפרנט,IL,וופל בלגי,גרמים,200.00,100 גרם,false,0,10.90,5.45,true,1,
7290012823381,false,מקסימה מרכך כביסה מרוכז סנסטיב בייבי סנו 1 ליטר,"סנו מפעלי ברונוס בע""\מ",IL,מרכך כביסה,ליטרים,1.00,ליטר,false,0,15.90,15.90,true,1,
7290012823800,false,תח.רחצה כיף חלב קוקוס750,קוסמופארם,IL,תחליב רחצה כיף,מיליליטרים,750.00,"100 מ""ל",false,0,10.00,1.33,true,1,
7290012823817,false,תח.רחצה כיף חלב לבנדר750,קוסמופארם,IL,תחליב רחצה כיף,מיליליטרים,750.00,"100 מ""ל",false,0,10.00,1.33,true,1,
7290012884979,false,נקניקיות מן הצומח 900 גר,תפוגן,IL,נקניקיות מן הצומ,גרמים,900.00,100 גרם,false,0,22.90,2.54,true,1,
7290012884986,false,"צ'יפס לתנור 4% שומן תפוגן 1.5 ק""ג","תעשיות תפוגן בע""\מ",IL,ציפס לתנור,קילוגרמים,1.50,"ק""ג",false,0,28.90,19.27,true,1,
7290012901355,false,דודלס ארוחת אטריות עם גבינה 206 גרם,האי נאם סי או אל.טי.,US,ארוחת מקרוני,גרמים,206.00,100 גרם,false,1,9.90,4.81,true,1,
7290012936944,false,אגוז מוסקט טחון תבליני מימון 40 גרם,א.ל ייצור ושיווק תבלינים,IL,אגוז מוסקט טחון,גרמים,40.00,100 גרם,false,0,16.20,40.50,true,1,
7290012938740,false,"משחת שיניים פרש מינט מנטה 75מ""ל סנסודיין",גלקסו סמית קליין,GB,משחת סנסודיין,מיליליטרים,75.00,"100 מ""ל",false,0,19.70,26.27,true,1,
7290012962110,false,"בגד ים ח""פ מדיום",O.T.U.SAN,TR,"בגד ים ח""פ",יחידה,1.00,יחידה,false,0,28.10,28.10,true,1,
7290013027016,false,לחם קמח מלא+100%דגנים750,מאפיית שלמה א. אנג'ל,IL,לחם קמח מלא+100%דגנים750,גרמים,750.00,100 גרם,false,0,13.80,1.84,true,1,
7290013027399,false,לחם קמח מלא קל בתוספת שיפון 750 ג' אנג'ל,מאפיית שלמה א. אנג'\ל בע,IL,לחם מלא+100%שיפון-קל750ג,גרמים,750.00,100 גרם,false,0,15.30,2.04,true,1,
7290013038005,false,ג'אמפ תפוחים 1.5 ליטר,טמפו,IL,ג'אמפ תפוחים,ליטרים,1.50,ליטר,false,0,6.80,4.53,true,1,
7290013038234,false,מים אקווה נובה 2*6 ליטר,"טמפו משקאות בע""\מ",IL,אקווה נובה 6 בקב,ליטרים,12.00,ליטר,false,0,11.30,0.94,true,1,
7290013068460,false,סרדינים בשמן צמחי 120 גר,סוסיאטה דמסה,MA,סרדינים בשמן,גרמים,120.00,100 גרם,false,0,6.90,5.75,true,1,
7290013068477,false,סרדינים בשמן זית 120 גרם,סוסיאטה דמסה,MA,סרדינים בשמן זית,גרמים,120.00,100 גרם,false,0,6.90,5.75,true,1,
7290013068484,false,סרדינים בשמן צמחי חריף 1,סוסיאטה דמסה,MA,סרדינים בשמן,גרמים,120.00,100 גרם,false,0,6.90,5.75,true,1,
7290013083685,false,תחליף חלב מטרנה אקסטרה קר שלב 3 חסכון 700 גרם,מטרנה תעשיות ש.מ,IL,מטרנה אקסטרה קר,גרמים,700.00,100 גרם,false,0,64.90,9.27,true,1,
7290013117212,false,בורקס פילו במילוי גבינה מעדנות 600 גר,מיוצר עי קונדיטוריית,IL,בורקס גבינה,גרמים,600.00,100 גרם,false,0,23.70,3.95,true,1,
7290013117229,false,"בורקס פילו במילוי תפו""א מעדנות 600 גר",מיוצר עי קונדיטוריית,IL,"בורקס תפו""א",גרמים,600.00,100 גרם,false,0,23.70,3.95,true,1,
7290013117243,false,בורקס פילו בולגרית מעדנות 600 גרם,מיוצר עי קונדיטוריית,IL,בורקס בולגרית,גרמים,600.00,100 גרם,false,0,23.70,3.95,true,1,
7290013117410,false,בצק פריך מרודד למאפים מתוקים 900 ג' מעדנות,מיוצר עי קונדיטוריית,IL,בצק פריך,גרמים,900.00,100 גרם,false,0,26.40,2.93,true,1,
7290013117427,false,בצק פריך מרודד למאפים מלוחים מעדנות 2*450 גרם,מיוצר עי קונדיטוריית,IL,בצק פריך,גרמים,900.00,100 גרם,false,0,26.40,2.93,true,1,
7290013117526,false,בצק שמרים מרודד למאפים מתוקים מעדנות 900 גרם,"מעדנות בע""\מ",IL,בצק שמרים,גרמים,900.00,100 גרם,false,0,25.70,2.86,true,1,
7290013117694,false,מאפה פילו בשר 700גרם,"מעדנות בע""מ",IL,מאפה בשר,גרמים,700.00,100 גרם,false,0,41.50,5.93,true,1,
7290013128324,false,ענב פליים ללא חרצנים,קטיף.,IL,ענב שחור פליים,קילוגרמים,0.00,"ק""ג",true,0,19.90,19.90,true,1,
7290013128362,false,ענב מיקס ללא חרצנים תפז',קטיף,IL,ענב מיקס ללא חרצ,קילוגרמים,0.00,"ק""ג",true,1,19.90,19.90,true,1,
7290013144317,false,מימונס ג'וני גלילית וופל למילוי 18 יחידות,הגביע מוצרי וופלים ב,IL,ג'וני גלילת וופל,יחידה,1.00,יחידה,false,0,17.90,17.90,true,1,
7290013267566,false,גל.קרמיסימו בומבה 1.33לי,שטראוס,IL,גל.קרמיסימו בומבה 1.33לי,ליטרים,1.30,ליטר,false,0,20.90,16.08,true,1,
7290013267665,false,סולרו מיני קלאסי - פירות טרופיים (חלבי),"מיוצר ע""\י גלידת שטראוס",IL,מאגדת מיני סולרו,גרמים,295.00,100 גרם,false,0,26.70,9.05,true,1,
7290013268440,false,אורביטול צמד מברשות שיניים בובספוג+פיגור,החברה הדרומית,CN,מברשת שיניים,יחידה,1.00,יחידה,false,1,27.70,27.70,true,1,
7290013268464,false,"קרמה קרם גוף מאסק 500 מ""ל",קוסמופארם בע'\'\מ,IL,קרם גוף קרמה,מיליליטרים,500.00,"100 מ""ל",false,0,24.90,4.98,true,1,
7290013268884,false,"נוזל רצפות מאסק 2 ליטר ""ריצפז פרש""",מיוצר עי קונדיטוריית,IL,ריצפז פרש לרצפות,ליטרים,2.00,ליטר,false,0,19.70,9.85,true,1,
7290013268891,false,אוקסיג'ן ג'ל ללא אקונומיקה עם חמצן פעיל סנו 3 ליטר,"סנו מפעלי ברונוס בע""\מ",IL,אוקסיג'ן ג'ל,ליטרים,3.00,ליטר,false,0,30.00,10.00,true,1,
7290013269003,false,מרכך כביסה סופר מרוכז בייבי לתינוקות ולעור רגיש,"סנו מפעלי ברונוס בע""\מ",IL,מקסימה מרכך,ליטרים,1.00,ליטר,false,0,17.20,17.20,true,1,
7290013269263,false,ג'ל כביסה מרוכז מקסימה בבישום קריסטל נואר,סנו מפעלי ברונוס בעמ,IL,מקסימה ג'ל,ליטרים,3.00,ליטר,false,0,26.90,8.97,true,1,
7290013269287,false,סנו - מקסימה ג'ל כביסה מרוכז מאסק 3 ליטר,"סנו מפעלי ברונוס בע""\מ",IL,ג'ל כביסה מרוכז,ליטרים,3.00,ליטר,false,0,26.90,8.97,true,1,
7290013269867,false,סנו סושי זוג מפות אירוח צבעים שונים,מיוצר עי קונדיטוריית,IL,זוג מפות שולחן,יחידה,1.00,יחידה,false,0,13.60,13.60,true,1,
7290013269911,false,"סנו K-333 קוטל חרקים ללא ריח 750מ""ל","סנו מפעלי ברונוס בע""",IL,סנו K333,מיליליטרים,750.00,"100 מ""ל",false,0,34.20,4.56,true,1,
7290013284051,false,פריניר טריו זיתים 56,פריניר ( הדס 1987) ב,IL,טריו זיתים,גרמים,560.00,100 גרם,false,0,13.20,2.36,true,1,
7290013284105,false,זיתים ירוקים טבעות 560 גר,פריניר,,טבעות זיתים,גרמים,500.00,100 גרם,false,0,10.20,2.04,true,1,
7290013284112,false,פריניר זית חרוזית יר,פריניר ( הדס 1987) ב,IL,זיתים ירוקים,גרמים,560.00,100 גרם,false,0,9.90,1.77,true,1,
7290013284136,false,מלפפונים פריניר במלח,פריניר,IL,מלפפונים במלח,גרמים,560.00,100 גרם,false,0,6.80,1.21,true,1,
7290013284143,false,מלפפונים פריניר במלח,פריניר,IL,מלפפונים במלח,גרמים,560.00,100 גרם,false,0,7.80,1.39,true,1,
7290013284150,false,מלפפונים פריניר במלח,פריניר,IL,מלפפונים במלח 13-17 560ג,גרמים,560.00,100 גרם,false,0,10.20,1.82,true,1,
7290013284167,false,מלפפונים פריניר במלח,פרי ניר,IL,מלפפונים במלח,גרמים,560.00,100 גרם,false,0,13.30,2.38,true,1,
7290013284181,false,פריניר מלפפונים בחומ,פריניר,,מלפפונים בחומץ,גרמים,560.00,100 גרם,false,0,7.80,1.39,true,1,
7290013284310,false,רוטב פסטה לילדים פריניר 240 גרם,פריניר ( הדס 1987) ב,IL,רוטב פסטה,גרמים,240.00,100 גרם,false,0,6.20,2.58,true,1,
7290013284662,false,רוטב פיצה פיתה לילדים 240 ג' פריניר,פריניר ( הדס 1987) ב,IL,רוטב פיצה פיתה 240 גרם,גרמים,240.00,100 גרם,false,0,6.20,2.58,true,1,
7290013284716,false,רוטב נפוליטנה 380 גרם,פרי ניר,IL,רוטב נפוליטנה,גרמים,380.00,100 גרם,false,1,5.00,1.32,true,1,
7290013284808,false,פרי ניר זיתים ירוקים מבוקעים 340 גרם,פרי ניר,IL,זיתים ירוקים,גרמים,560.00,100 גרם,false,1,9.80,1.75,true,1,
7290013310163,false,מדליק פחם מוצק LIGHT EASY 40 יחידות,הדקלאים אגודת שיתופי,DE,מדליק פחם מוצק,יחידה,1.00,יחידה,false,0,7.80,7.80,true,1,
7290013358387,false,"קמח מקצועי מאסטר שף 1ק""ג",שטיבל,IL,קמח מאסטר שף,קילוגרמים,1.00,"ק""ג",false,0,5.90,5.90,true,1,
7290013358462,false,"מיני קרוטונים למרק בתיבול שום, בצל ופטרוזיליה","עינת תעשיות מזון, אגשח ב",IL,מיני קרוטונים,גרמים,350.00,100 גרם,false,0,20.70,5.91,true,1,
7290013358523,false,מאסטר שף שבבי בצל מטוגן 150 גרם,קריניציה ויטמינה אס,NL,שבבי בצל מטוגן,גרמים,150.00,100 גרם,false,0,14.80,9.87,true,1,
7290013358578,false,מנה אסייאתי אטריות אורז רחבות 400 ג מ.שף,ליינג טונג רייספלוור,TH,אטריות אורז,גרמים,400.00,100 גרם,false,1,10.80,2.70,true,1,
7290013358585,false,מנה אסייאתי נודלס ביצים להקפצה 400 מ.שף,הנסיך- מפעל לייצור ט,CN,נודלס ביצים,גרמים,400.00,100 גרם,false,1,10.80,2.70,true,1,
7290013358868,false,פריכיות שום עשבי תיבול85,מנה,IL,פריכיות אורז,גרמים,85.00,100 גרם,false,0,5.80,6.82,true,1,
7290013358882,false,אייר פופס טורטייה טבעי40,דיאבטיקום,IL,חטיף אייר פופס,גרמים,40.00,100 גרם,false,0,5.50,13.75,true,1,
7290013440648,false,מאגדת שלגוני אבטיח נסטלה 5 יחידות,גלידות נסטלה )נגה גלידות,IL,מאגדת אבטיח,גרמים,540.00,100 גרם,false,0,27.20,5.04,true,1,
7290013440785,false,מאגדת קרחוני לייט לימון,נסטלה,IL,מאגדת קרחוני,גרמים,560.00,100 גרם,false,0,23.70,4.23,true,1,
7290013472328,false,מקרלים בשמן צמחי,,PT,מקרלים בשמן צמחי,גרמים,120.00,100 גרם,false,0,6.80,5.67,true,1,
7290013474063,false,בייגלה שמיניות 60 גרם,יוניליוור,IL,בייגלה שמיניות,גרמים,60.00,100 גרם,false,0,3.50,5.83,true,1,
7290013474438,false,בייגלה דקים שומשום300גרם,יוניליוור,IL,בייגלה דקים,גרמים,300.00,100 גרם,false,0,7.90,2.63,true,1,
7290013531117,false,רוטב פסטה לילדים 240 גרם יכין,"זנלכל בע""\מ",IL,רוטב פסטה,גרמים,260.00,100 גרם,false,0,5.20,2.00,true,1,
7290013540546,false,טונה אלבקור בשמן158*2ג,תעשיות פילטונה,IL,טונה אלבקור בשמן,גרמים,316.00,100 גרם,false,0,9.90,3.13,true,1,
7290013540614,false,סרדינים בשמן זית 125 גרם,תעשיות פילטונה,MA,סרדינים בשמן זית,גרמים,125.00,100 גרם,false,0,7.80,6.24,true,1,
7290013566096,false,פינוקים חטיפי גלידה כשלפ,נסטלה,IL,פינוקים חטיפי גלידה כשלפ,גרמים,570.00,100 גרם,false,0,53.40,9.37,true,1,
7290013566119,false,פינוקים-חטיפי גלידה כשלפ,נסטלה,IL,פינוקים-חטיפי גלידה כשלפ,גרמים,570.00,100 גרם,false,0,53.40,9.37,true,1,
7290013566867,false,מאגדת חמשושים,נסטלה,IL,מאגדת חמשושים,גרמים,220.00,100 גרם,false,0,27.70,12.59,true,1,
7290013584113,false,"ספרייט פחית סליק 330 מ""ל",החברה המרכזית לייצור משקאות,IL,ספרייט,מיליליטרים,330.00,"100 מ""ל",false,0,6.40,1.94,true,1,
7290013584144,false,"ספרייט בקבוק 500 מ""ל",החברה המרכזית לייצור משקאות,IL,"ספרייט 500 מ""ל",מיליליטרים,500.00,"100 מ""ל",false,0,7.90,1.58,true,1,
7290013584175,false,ספרייט 1.5 ל שישייה,החברה המרכזית לייצור משקאות,IL,ספרייט שישייה,ליטרים,9.00,ליטר,false,0,33.90,3.77,true,1,
7290013584182,false,ספרייט בקבוק 1.5 לי,החברה המרכזית לייצור משקאות,IL,ספרייט בקבוק,ליטרים,1.50,ליטר,false,0,6.90,4.60,true,1,
7290013584229,false,"בירה קרלסברג 330*3 מ""ל",מבשלות בירה בינלאומיות,IL,בירה קרלסברג 3יח,מיליליטרים,990.00,"100 מ""ל",false,1,23.00,2.32,true,1,
7290013584816,false,"משק""ל פריגת לימונענע1.5ל",מבשלות בירה בינלאומיות ב,IL,"משק""ל פריגת",ליטרים,1.50,ליטר,false,0,6.90,4.60,true,1,
7290013585233,false,"ספרייט ZERO פחית סליק 330 מ""ל",החברה המרכזית לייצור משקאות,IL,ספרייט זירו,מיליליטרים,330.00,"100 מ""ל",false,1,6.40,1.94,true,1,
7290013585240,false,ספרייט זירו 1.5 ליטר,החברה המרכזית לייצור משקאות,IL,ספרייט זירו,ליטרים,1.50,ליטר,false,1,6.90,4.60,true,1,
7290013585257,false,ספרייט זירו בבקבוק אישי,החברה המרכזית לייצור משקאות,IL,ספרייט זירו,מיליליטרים,500.00,"100 מ""ל",false,1,7.90,1.58,true,1,
7290013585271,false,ספרייט זירו מארז שישייה,החברה המרכזית לייצור משקאות,IL,ספרייט זירו 6 יח,ליטרים,9.00,ליטר,false,1,37.90,4.21,true,1,
7290013585554,false,שישיית קינלי סודה 1.,החברה המרכזית לייצור משקאות,IL,קינלי סודה 6 יח,ליטרים,9.00,ליטר,false,1,15.00,1.67,true,1,
7290013586278,false,"בירה טובורג בקב330*8 מ""ל",מבשלות בירה בינלאומיות,IL,בירה טובורג 8 בק,ליטרים,2.64,ליטר,false,1,47.90,18.14,true,1,
7290013608260,false,מיץ רימונים 100%מיץ סחוט טרי מצונן 1ליט,"גניר (1992) בע""מ",IL,מיץ רימונים,ליטרים,1.00,ליטר,false,0,17.90,17.90,true,1,
7290013608277,false,מיץ רימון תפוח 100% 1ל',גניר,IL,מיץ רימון תפוח,ליטרים,1.00,ליטר,false,0,17.90,17.90,true,1,
7290013652812,false,"נטורל קר קרם ידיים רגיל/יבש 150 מ""ל",פישר מעבדות פרמצבטיות בע,IL,קרם ידיים נטורל,מיליליטרים,150.00,"100 מ""ל",false,0,15.70,10.47,true,1,
7290013675118,false,שניצל נאגטס אפוי 500גרם,תנובה,IL,שניצל נאגטס אפוי 500גרם,גרמים,500.00,100 גרם,false,0,33.60,6.72,true,1,
7290013675163,false,שניצל קריספי מ.עוף 500ג,תנובה,IL,שניצל קריספי מ.עוף 500ג,גרמים,500.00,100 גרם,false,1,33.90,6.78,true,1,
7290013683458,false,לחם קמח מלא אפוי קפוא510,גידרון,IL,לחם קמח מלא,גרמים,510.00,100 גרם,false,0,12.80,2.51,true,1,
7290013702005,false,מים טעם פירות יער 1.5 ל,יפאורה שותפות מובגלת לשיווק,IL,מים פירות יער,ליטרים,1.50,ליטר,false,0,6.80,4.53,true,1,
7290013702029,false,שוופס מים טעם אפרסק 1.5ל,יפאורה שותפות מובגלת לשיווק,IL,שוופס מים אפרסק,ליטרים,1.50,ליטר,false,0,6.80,4.53,true,1,
7290013702043,false,שוופס מים טעם ענבים 1.5ל,יפאורה שותפות מובגלת לשיווק,IL,מים בטעם ענבים,ליטרים,1.50,ליטר,false,0,6.80,4.53,true,1,
7290013702371,false,שוופס מים בטעם תפוח 1.5ל,יפאורה שותפות מובגלת לשיווק,IL,שוופס מים תפוח,ליטרים,1.50,ליטר,false,0,6.80,4.53,true,1,
7290013702555,false,שוופס מוגז עדין אננס1.5ל,יפאורה שותפות מובגלת לשיווק,IL,שוופס מוגז עדין,ליטרים,15.00,ליטר,false,0,6.90,0.46,true,1,
7290013847119,false,טונה סטארקיסט בשמן קנולה רביעיות בישול י,סטארקיסט,IL,טונה בשמן 4 יח,גרמים,640.00,100 גרם,false,0,30.90,4.83,true,1,
7290013847157,false,טונה שמ.זית כ.מעולה110*4,סטארקיסט,IL,טונה בשמן זית4יח,גרמים,440.00,100 גרם,false,0,24.90,5.66,true,1,
7290013847607,false,סטארקיסט לסלט שמן שום160,סטארקיסט,IL,סטארקיסט לה סלט,גרמים,160.00,100 גרם,false,1,8.80,5.50,true,1,
7290013847614,false,סטארקיסט לסלט ויניגרט160,סטארקיסט,IL,סטארקיסט לה סלט,גרמים,160.00,100 גרם,false,1,8.80,5.50,true,1,
7290013847676,false,סטארקיסט לסנדביץ+בצל200ג,סטארקיסט,IL,סטארקיסט לסנדביץ,גרמים,200.00,100 גרם,false,1,9.80,4.90,true,1,
7290013848642,false,קרמה אלפא שמפו יבש 700 מ,קוסמופארם,IL,שמפו שיער קרמה,מיליליטרים,700.00,"100 מ""ל",false,0,12.90,1.84,true,1,
7290013848666,false,קרמה אלפא שמפו מתולתל700,קוסמופארם,IL,שמפו שיער קרמה,מיליליטרים,700.00,"100 מ""ל",false,0,12.90,1.84,true,1,
7290013848680,false,קרמה אלפא מרכך רגיל 700מ,קוסמופארם,IL,מרכך שיער קרמה,מיליליטרים,700.00,"100 מ""ל",false,0,12.90,1.84,true,1,
7290013848710,false,קרמה אלפא מרכך מתולתל700,קוסמופארם,IL,מרכך שיער קרמה,מיליליטרים,700.00,"100 מ""ל",false,0,12.90,1.84,true,1,
7290013848888,false,דאו.קרמה רול און קלאסי75,קוסמופארם,IL,דאודורנט קרמה,מיליליטרים,75.00,"100 מ""ל",false,0,10.00,13.33,true,1,
7290013848895,false,דאו.קרמה רול און מאסק75מ,קוסמופארם,IL,דאודורנט קרמה,מיליליטרים,75.00,"100 מ""ל",false,0,10.00,13.33,true,1,
7290013848970,false,"קרמה - דאודורנט ספריי לאישה קלאסי 150 מ""ל",מיוצר עי : אמיליה קוסמטי,IL,דאודורנט קרמה,מיליליטרים,150.00,"100 מ""ל",false,0,10.00,6.67,true,1,
7290013848987,false,"קרמה דאודורנט ספריי מאסק 150מ""ל",מיוצר עי : אמיליה קוסמטי,IL,דאודורנט קרמה,מיליליטרים,150.00,"100 מ""ל",false,0,10.00,6.67,true,1,
7290013861962,false,פיסטוק חלבי קלוי 200גרם,שקדיה,IL,פיסטוק קלוי,גרמים,200.00,100 גרם,false,0,24.70,12.35,true,1,
7290013883469,false,"אסטוניש קרם אמבט 550 מ""ל",אסטוניש -לידס,IL,אסטוניש קרם אמבט,מיליליטרים,550.00,"100 מ""ל",false,0,13.90,2.53,true,1,
7290013906762,false,פסטרמה בדבש מרכבים טבעים,טירת צבי,IL,פסטרמה בדבש,גרמים,200.00,100 גרם,false,1,19.90,9.95,true,1,
7290013906779,false,פסטר.פפריקה מרכיבים טבעי,טירת צבי,IL,פסטרמה פפריקה,גרמים,200.00,100 גרם,false,1,19.90,9.95,true,1,
7290013906786,false,נקניקיות וינר לל חומר מש,טירת צבי,IL,נקניקיות וינר,גרמים,700.00,100 גרם,false,1,26.90,3.84,true,1,
7290013906793,false,נקניקיות ע.ללא חומר משמר,טירת צבי,IL,נקניקיות עוף,גרמים,700.00,100 גרם,false,1,26.90,3.84,true,1,
7290014002173,false,תה ירוק תפוז מנדרין 25 שקיקים ויסוצקי,תה ויסוצקי,IL,תה ירוק תפוז,גרמים,37.00,100 גרם,false,0,21.90,59.19,true,1,
7290014002197,false,חליטת קמומיל ולימונית הגן הקסום ויסוצקי 25 יחידות,תה ויסוצקי,IL,חליטת קמומיל,גרמים,75.00,100 גרם,false,0,18.90,25.20,true,1,
7290014002203,false,חליטת לימונית ולואיזה הגן הקסום ויסוצקי 25 יחידות,תה ויסוצקי,IL,חליטת לימונים,גרמים,75.00,100 גרם,false,0,18.90,25.20,true,1,
7290014002982,false,תה ירוק לימונית ולואיזה ויסוצקי 25 יחידות תוספת סטיביה,ויסוצקי ירוק,IL,תה ירוק סטיביה+לימונית25,גרמים,37.00,100 גרם,false,0,21.90,59.19,true,1,
7290014017009,false,קמח אורז ל.גלוטן רי,נטו מלינדה-בשר,IL,קמח אורז לבן,גרמים,500.00,100 גרם,false,0,10.00,2.00,true,1,
7290014046504,false,פסטרמה ברביקיו דק דק140ג,מעדני יחיעם,IL,פסטרמה ברבקיו דק,גרמים,140.00,100 גרם,false,0,17.30,12.36,true,1,
7290014083424,false,אורז פרסי,,TH,אורז פרסי,קילוגרמים,1.00,"ק""ג",false,0,6.80,6.80,true,1,
7290014083479,false,גבינה פרוסה גאודה 27% שומן EURO CHEESE ויליפוד 150 גרם,ג.וילי פוד אינטרנשיו,IL,גבינת גאודה,גרמים,150.00,100 גרם,false,0,8.90,5.93,true,1,
7290014083813,false,שפרוטים מעושנים בשמן מריגה 190 גר',הנסיך- מפעל לייצור ט,LV,שפרוטים,גרמים,190.00,100 גרם,false,0,12.70,6.68,true,1,
7290014094130,false,גרעין אבטיח קלוי 200גרם,שקדיה,IL,גרעין אבטיח,גרמים,200.00,100 גרם,false,0,16.80,8.40,true,1,
7290014095922,false,דבש טהור מפרחי הדר 1,שקדיה,IL,דבש מפרחי הדר,קילוגרמים,1.00,"ק""ג",false,0,41.90,41.90,true,1,
7290014126275,false,נוזל לרצפות פרחי בר2.5ל,AMBALAJ APS,TR,מר מאסל לרצפות,ליטרים,2.50,ליטר,false,0,12.90,5.16,true,1,
7290014126428,false,מרמולייט סוכרלוז 150 יחידות,מיוצר עי קונדיטוריית,CN,טבליות סטיביה,גרמים,9.00,100 גרם,false,0,30.60,340.00,true,1,
7290014126978,false,דאק לאסלה ניחוח לבנדר,ג'ונסון,IL,דאק פאוור זוג,מיליליטרים,1500.00,"100 מ""ל",false,0,15.00,1.00,true,1,
7290014218130,false,פיצה דקה גבינה 380גרם,"מעדנות בע""\מ",IL,פיצה דקה גבינה,גרמים,380.00,100 גרם,false,10,17.90,4.71,true,1,
7290014218154,false,מעדנות פיצה דקה בתיב,"מעדנות בע""\מ",IL,פיצה דקה שום,גרמים,410.00,100 גרם,false,10,17.90,4.37,true,1,
7290014218307,false,בצק פילו קמח מלא 500גרם,תנובה,IL,בצק פילו קמח מלא,גרמים,500.00,100 גרם,false,1,26.90,5.38,true,1,
7290014256910,false,"מוסקטו מבעבע באזז 750מ""ל",יקבי כרמל,IL,מוסקטו באזז,מיליליטרים,750.00,"100 מ""ל",false,1,24.90,3.32,true,1,
7290014256989,false,מיץ ענבים תירוש 1 ליטר,.,IL,מיץ ענבים תירוש,ליטרים,1.00,ליטר,false,1,17.90,17.90,true,1,
7290014397729,false,פיסגה אקונומיקה בריח,,IL,אקונומיקה פיסגה,ליטרים,2.00,ליטר,false,0,6.90,3.45,true,1,
7290014397835,false,סנו - מט דוחה יתושים נוזלי מכשיר + מילוי 45 לילות,זובאלה,IT,סנומט סמארט,יחידה,1.00,יחידה,false,0,37.00,37.00,true,1,
7290014397958,false,"סנו - די רולאון דוחה יתושים ממקור טבעי 50 מ""ל",החברה הדרומית,IL,"סנו די דוחה יתושים 50 מ""",מיליליטרים,50.00,"100 מ""ל",false,0,24.80,49.60,true,1,
7290014397972,false,סנו די קרם,,IL,סנו די קרם,מיליליטרים,100.00,"100 מ""ל",false,0,24.80,24.80,true,1,
7290014455078,false,גבינת שמנת 5%,,IL,גבינת שמנת 5%,גרמים,200.00,100 גרם,false,0,11.80,5.90,true,1,
7290014455245,false,גבינה גרנה פדנו משולש גד 200 גר',מחלבת סוציאלה מנטובה,IT,גבינה גרנה פדנו,גרמים,200.00,100 גרם,false,1,23.90,11.95,true,1,
7290014455252,false,גבינה קשה מגורדת גרנה פדנו 29% שומן,מחלבות גד שיווק 1992,IT,גבינה גרנה פדנו,גרמים,200.00,100 גרם,false,1,11.50,5.75,true,1,
7290014455269,false,צפתית ללא תוספת מלח200ג,מחלבות גד,IL,גבינה צפתית,גרמים,200.00,100 גרם,false,1,15.40,7.70,true,1,
7290014455320,false,גבינה כדורי מוצרלה פרסקה גד 100ג',מוצרלה פרסקה 2 ב 15,IL,מוצרלה פרסקה,גרמים,100.00,100 גרם,false,1,9.90,9.90,true,1,
7290014459137,false,"תפוגן סטייק צ'יפס 1.5 ק""ג אסם","תעשיות תפוגן בע""\מ",IL,סטייק ציפס1.5קג,גרמים,1500.00,100 גרם,false,0,28.90,1.93,true,1,
7290014466128,false,"יין הר חרמון אינדיגו 750 מ""ל",מיוצר וממולא על ידי יקב,IL,הר חרמון אינדיגו,מיליליטרים,750.00,"100 מ""ל",false,0,32.90,4.39,true,1,
7290014503144,false,יין כנען לבן דלתון 750 מל,"יקב דלתון בע""\מ",IL,יין יובלים לבן,מיליליטרים,750.00,"100 מ""ל",false,0,39.90,5.32,true,1,
7290014525016,false,עשיריית חטיף סלים פרוט מרבה יוגורט תות סלים דליס 18.2 גרם,סלים פרוטס,ES,חטיפי דגנים מרבה,גרמים,182.00,100 גרם,false,0,10.00,5.49,true,1,
7290014603004,false,מאגדת מיני סולרו תות 295,שטראוס,IL,מאגדת מיני סולרו,גרמים,295.00,100 גרם,false,0,26.70,9.05,true,1,
7290014603073,false,מאגדת מיני מגנום דאבל גר,שטראוס,IL,מאגדת מיני מגנום,גרמים,310.00,100 גרם,false,0,29.90,9.65,true,1,
7290014603554,false,קרמיסימו סנדיי וניל תות,שטראוס,IL,קרמיסימו סנדיי וניל תות,ליטרים,1.33,ליטר,false,0,20.90,15.71,true,1,
7290014603639,false,ברנפלקס ללא גלוטן 375 ג' תלמה,יוניליוור,IL,ברנפלקס,גרמים,375.00,100 גרם,false,0,24.90,6.64,true,1,
7290014603646,false,שוגי ללא גלוטן 375 גרם,יוניליוור,IT,שוגי ללא גלוטן,יחידה,1.00,יחידה,false,0,27.70,27.70,true,1,
7290014603653,false,כריות נוגט ללא גלוטן375ג,יוניליוור,IL,כריות נוגט,גרמים,375.00,100 גרם,false,0,22.90,6.11,true,1,
7290014603813,false,קרמיסימו מסטיק וניל 1330,גלידות 2 ב 36,IL,גלידת קרמיסימו,ליטרים,1.33,ליטר,false,0,20.90,15.71,true,1,
7290014683631,false,עוגת פס גבינה אפויה 500,גידרון,IL,עוגת גבינה אפויה,גרמים,500.00,100 גרם,false,0,27.90,5.58,true,1,
7290014692541,false,צהובה מגורדת גולדן 500 גרם ויליפוד,ג.וילי פוד אינטרנשיו,IL,אדם מגורדת EMMA,גרמים,500.00,100 גרם,false,0,15.90,3.18,true,1,
7290014725294,false,סוכרזית סוכרלוז סטיוויה 100 שקית,"סוכרזית בע""מ",IL,סוכרזית סוכרלוז,גרמים,100.00,100 גרם,false,0,21.70,21.70,true,1,
7290014725348,false,"סוכרזית קלאסי 100 שקיות כש""לפ",סוכרזית Sucrazit,IL,סוכרזית קלאסי,גרמים,130.00,100 גרם,false,0,15.80,12.15,true,1,
7290014745650,false,חטיפי קבנוס עוף טוב130ג,עוף טוב,IL,חטיפי קבנוס,גרמים,130.00,100 גרם,false,0,12.80,9.85,true,1,
7290014746466,false,שניצל דק מופחת מלח ע.ט.,אסם,IL,שניצל דק מופח מל,גרמים,700.00,100 גרם,false,1,42.50,6.07,true,1,
7290014746565,false,שניצל ביתי עדין מופחת מל,מוצרי עוף טוב (2001) בע\,IL,שניצל מעודן,גרמים,700.00,100 גרם,false,1,46.50,6.64,true,1,
7290014747319,false,שניצל עוף LOVE ללא אנטיב,אסם,IL,שניצל עוף LOVE,גרמים,700.00,100 גרם,false,1,40.00,5.71,true,1,
7290014758100,false,מאגדת יוגורט ביו 3% שומן 8 יח' *150ג' תנובה,מיוצר עי קונדיטוריית,IL,יוגורט ביו 8 יח,קילוגרמים,1.20,"ק""ג",false,0,16.10,13.42,true,1,
7290014758117,false,מאגדת יוגורט ביו 1.5% שומן 8 יח' *150 ג' תנובה,מיוצר עי קונדיטוריית,IL,יוגורט ביו 8 יח,קילוגרמים,1.20,"ק""ג",false,0,16.10,13.42,true,1,
7290014758162,false,חלב עיזים מלא 3.6% קרטון 1 ל' תנובה,תנובה מרכז שיתופי לש,IL,חלב עיזים מלא 1ל,ליטרים,1.00,ליטר,false,0,15.40,15.40,true,1,
7290014758360,false,מעדן סויה תות1.6% 125*2ג,,IL,מעדן סויה תות1.6% 125*2ג,גרמים,250.00,100 גרם,false,0,8.90,3.56,true,1,
7290014758377,false,מע.סויה אפרסק1.6% 125*2ג,,IL,מע.סויה אפרסק1.6% 125*2ג,גרמים,250.00,100 גרם,false,0,8.90,3.56,true,1,
7290014758681,false,קוטג תנובה 1% גביע 250 גרם,מיוצר עי קונדיטוריית,IL,קוטג 1% שומן,גרמים,250.00,100 גרם,false,0,5.70,2.28,true,1,
7290014759084,false,גבינת שמנת נפוליאון 16% מופחת שומן תנובה 225 גרם,תנובה מרכז שיתופי לש,IL,גבינת נפוליאון,גרמים,225.00,100 גרם,false,0,9.90,4.40,true,1,
7290014759534,false,גבינה בולגרית למריחה טבעי 5% 200 ג' פיראוס,"תנובה, מחלבת תל יוסף",IL,בולגרית למריחה5%,גרמים,200.00,100 גרם,false,0,14.30,7.15,true,1,
7290014759909,false,פטה עיזים 5% פיראוס גביע 250 גרם,"תנובה, מחלבת טנא נוג",IL,פטה עיזים פיראוס,גרמים,250.00,100 גרם,false,0,28.10,11.24,true,1,
7290014759978,false,גבינת קצקבל גלעד 27% תנובה 200 גרם,תנובה חלב,IL,קולאז' קצ'קבל,גרמים,200.00,100 גרם,false,0,20.90,10.45,true,1,
7290014759992,false,גבינת רוקפור גליל פלח 140 ג' תנובה,"תנובה, מחלבת תל יוסף",IL,קולאז' רוקפור,גרמים,140.00,100 גרם,false,0,15.90,11.36,true,1,
7290014760127,false,"משקה סויה שוקו 200*3 מ""ל",סוי מג'יק,IL,משקה סויה 3 יח,מיליליטרים,600.00,"100 מ""ל",false,1,10.80,1.80,true,1,
7290014760141,false,משקה שקדים טרי תנובה 1 ליטר,תנובה Alternative,IL,משקה שקדים,ליטרים,1.00,ליטר,false,1,14.80,14.80,true,1,
7290014761056,false,מעדן שוקולד חלב יולו תנובה 123 גרם,מיוצר עי קונדיטוריית,IL,יולו שוקולד חלב,גרמים,123.00,100 גרם,false,0,4.50,3.66,true,1,
7290014761063,false,מעדן שוקולד מריר יולו תנובה 123 גרם,מיוצר עי קונדיטוריית,IL,יולו שוקולד מריר,גרמים,123.00,100 גרם,false,0,4.50,3.66,true,1,
7290014761070,false,מעדן שוקולד לבן יולו תנובה 123 גרם,מיוצר עי קונדיטוריית,IL,יולו שוקולד לבן,גרמים,123.00,100 גרם,false,0,4.50,3.66,true,1,
7290014761193,false,יוגורט עם פירות יער 1.5% שומן 125 ג' פרילי,תנובה מרכז שיתופי לש,IL,פרילי פירות יער,גרמים,125.00,100 גרם,false,0,3.60,2.88,true,1,
7290014761414,false,יולו מעדן שכבות שוקולד חלב ולבן 123 גר,מיוצר עי קונדיטוריית,IL,יולו שכבות שוקו.,גרמים,123.00,100 גרם,false,0,4.50,3.66,true,1,
7290014761612,false,מעדן שכבות שוקולד מריר ולבן יולו 122 גרם,מיוצר עי קונדיטוריית,IL,יולו שכבות שוקו.,גרמים,122.00,100 גרם,false,1,4.50,3.69,true,1,
7290014761766,false,משקה פרילי תות 250 גרם,תנובה,IL,משקה פרילי תות,גרמים,250.00,100 גרם,false,1,4.70,1.88,true,1,
7290014761773,false,משקה פרילי אפרסק 250 גרם,תנובה,IL,משקה פרילי אפרסק,גרמים,250.00,100 גרם,false,1,4.70,1.88,true,1,
7290014761858,false,"שטוזים וניל מוקצף 125מ""ל",תנובה,IL,שטוזים מטקצף,מיליליטרים,125.00,"100 מ""ל",false,1,2.80,2.24,true,1,
7290014761865,false,"שטוזים תות מוקצף 125מ""ל",תנובה,IL,שטוזים מטקצף,מיליליטרים,125.00,"100 מ""ל",false,1,2.80,2.24,true,1,
7290014762282,false,יופלה 0% עם אוכמניות150ג,מיוצר עי קונדיטוריית,IL,יופלה דיאט,גרמים,150.00,100 גרם,false,1,5.20,3.47,true,1,
7290014762633,false,גבינה צהובה פרוסה עמ,תנובה,IL,פרוסות עמק 28%,גרמים,200.00,100 גרם,false,1,15.80,7.90,true,1,
7290014762862,false,יופלה4% ט.סיידר תפוח150ג,תנובה,IL,יופלה בטעם סיידר,גרמים,150.00,100 גרם,false,1,5.20,3.47,true,1,
7290014762886,false,יופלה4% ט.עוגת גבינה150ג,תנובה,IL,יופלה עוגת גבינה,גרמים,150.00,100 גרם,false,1,5.20,3.47,true,1,
7290014762909,false,פתיתי מוצרלה השף הלבן 10% תוספת מתנה,"תנובה, מחלבת תל יוסף",IL,פתיתי מוצרלה200ג,גרמים,200.00,100 גרם,false,1,18.50,9.25,true,1,
7290014762930,false,בולגרית פרוס5%פיראוס200ג,תנובה,IL,בולגרית פרוסות,גרמים,200.00,100 גרם,false,1,21.20,10.60,true,1,
7290014763098,false,קרם גבינת שמנת 5% עם פלפל שום ובצל 200 ג' תנובה,תנובה,IL,גבינת קרם שמנת,גרמים,200.00,100 גרם,false,1,9.90,4.95,true,1,
7290014763296,false,תבנית אפיה יח,.,IL,תבנית אפיה,יחידה,1.00,יחידה,false,1,25.00,25.00,true,1,
7290014789814,false,רוטב ברביקיו אורגינל538ג,היינץ,US,רוטב ברביקיו,גרמים,538.00,100 גרם,false,0,19.10,3.55,true,1,
7290014789913,false,עוגיות אוראו קרם בטעם וניל מארז 176 גרם,מונדלייז,UA,עוגיות אוראו 3יח,גרמים,528.00,100 גרם,false,0,25.70,4.87,true,1,
7290014791077,false,ספרינג תה ענבים 1.5 ליטר,יפאורה שותפות מובגלת לשיווק,IL,ספרינג תה ענבים,ליטרים,1.50,ליטר,false,0,6.50,4.33,true,1,
7290014791091,false,"שוויפס לימונייד 500 מ""ל",יפאורה שותפות מובגלת לשיווק,IL,שוופס לימונייד,מיליליטרים,500.00,"100 מ""ל",false,0,5.30,1.06,true,1,
7290014791213,false,שוופס מים 0קלור.תפוח1.5ל,יפאורה שותפות מובגלת לשיווק,IL,שוופס מים תפוח,ליטרים,1.50,ליטר,false,0,6.80,4.53,true,1,
7290014791237,false,שוופס מים 0קלור.אפרסק1.5,יפאורה שותפות מובגלת לשיווק,IL,שוופס מים אפרסק,ליטרים,1.50,ליטר,false,0,6.80,4.53,true,1,
7290014791558,false,שוופס סודה נענע לי1.5*4ל,יפאורה שותפות מובגלת לשיווק,IL,שוופס סודה נענע לי1.5*4ל,ליטרים,6.00,ליטר,false,0,11.90,1.98,true,1,
7290014791787,false,פרוט ווטר אננס 1.5 ליטר,יפאורה שותפות מובגלת לשיווק,IL,פרוט ווטר אננס,ליטרים,1.50,ליטר,false,1,6.00,4.00,true,1,
7290014791794,false,פרוט ווטר תפוח 1.5 ליטר,יפאורה שותפות מובגלת לשיווק,IL,פרוט ווטר תפוח,ליטרים,1.50,ליטר,false,1,6.00,4.00,true,1,
7290014791817,false,פרוט ווטר אבטיח 1.5 ליטר,יפאורה שותפות מובגלת לשיווק,IL,פרוט ווטר אבטיח,ליטרים,1.50,ליטר,false,1,6.00,4.00,true,1,
7290014940086,false,הלחמניה להמבורגר 50*8ג,מאפיית שלמה א. אנג'ל,IL,הלחמניה להמבורגר 50*8ג,גרמים,400.00,100 גרם,false,0,12.20,3.05,true,1,
7290014940093,false,הלחמניה הקלה 54*6 גרם,מאפיית שלמה א. אנג'\ל בע,IL,הלחמניה הקלה 54*6 גרם,גרמים,324.00,100 גרם,false,0,13.40,4.14,true,1,
7290014940901,false,לחם פשוט מלא אנג'ל 750 גרם,מאפיית שלמה א. אנג'\ל בע,IL,לחם מלא,גרמים,750.00,100 גרם,false,1,12.80,1.71,true,1,
7290014962538,false,משחת שיניים ג'וניור מנטה מעודן לגילאי 6+,כצט CTS,IL,משחת שיניים,מיליליטרים,50.00,"100 מ""ל",false,0,13.80,27.60,true,1,
7290015025584,false,"רסק תפו""ע ללא סוכר100*4ג",אודנוולד,IL,רסק תפוחים,גרמים,400.00,100 גרם,false,0,13.80,3.45,true,1,
7290015025942,false,"קרם ידיים קלאסי עם שמן שקדים פנג'ל 80 מ""ל",מיוצר עי קונדיטוריית,IL,קרם ידיים פנג'ל,מיליליטרים,80.00,"100 מ""ל",false,1,9.40,11.75,true,1,
7290015039130,false,חמאה בלגית ללא מלח 200ג,רוקפור /אגרל,BE,חמאה ללא מלח,גרמים,200.00,100 גרם,false,0,8.10,4.05,true,1,
7290015039246,false,נתחי טונה בשמן צמחי רביעיה * 160 ג' וילי פוד,וילי פוד,TH,נתחי טונה בשמן,גרמים,640.00,100 גרם,false,0,19.90,3.11,true,1,
7290015039475,false,חמאה ללא מלח,,BE,חמאה ללא מלח,גרמים,100.00,100 גרם,false,0,4.20,4.20,true,1,
7290015139533,false,חופשי ופל לימון ללא ציפוי ללא גלוטן כרמית 200 גרם,"כרמית תעשיות ממתקים בע""\",IL,וופל לימון,גרמים,200.00,100 גרם,false,1,10.90,5.45,true,1,
7290015139540,false,וופל קוביות מצופה שוק150,כרמית,IL,וופל קוביות,גרמים,150.00,100 גרם,false,1,10.90,7.27,true,1,
7290015139571,false,חופשי וופל בארים בציפוי חלב,"כרמית תעשיות ממתקים בע""\",IL,ופלים מצופים 5יח,גרמים,125.00,100 גרם,false,1,11.90,9.52,true,1,
7290015139618,false,חטיף שוקולד וקורפלקס100ג,כרמית,IL,חטיף שוקולד,גרמים,100.00,100 גרם,false,1,10.90,10.90,true,1,
7290015150033,false,תה ירוק ויסוצקי 25 יחידות,תה ויסוצקי,IL,תה ירוק נענע,גרמים,38.00,100 גרם,false,0,21.90,57.63,true,1,
7290015150071,false,עוג.סנדוויץ סופר או'ז165,סירו פודס,ES,עוגיות סנדוויץ,גרמים,165.00,100 גרם,false,1,8.80,5.33,true,1,
7290015150088,false,מחית עגבניות קלה גרנד איטליה 700 גרם,שוורצקוף& הנקל דיסלד,IT,מחית עגבניות,גרמים,700.00,100 גרם,false,1,8.90,1.27,true,1,
7290015150095,false,ויסוצקידס ענבים 20 שק',ויסוצקי,IL,ויסוצקידס ענבים,גרמים,54.00,100 גרם,false,0,14.90,27.59,true,1,
7290015150583,false,תה ירוק לימון ודבש ויסוצקי 25 יחידות,ויסוצקי ירוק,IL,תה ירוק ויסוצקי,גרמים,37.00,100 גרם,false,1,21.90,59.19,true,1,
7290015150590,false,תה ירוק ג'ינג'ר חריף ויסוצקי 25 יחידות,ויסוצקי ירוק,IL,תה ירוק ויסוצקי,גרמים,37.00,100 גרם,false,1,21.90,59.19,true,1,
7290015150729,false,תה ירוק סקיני גריני ויסוצקי 25 יחידות,תה ויסוצקי,IL,תה ירוק ויסוצקי,גרמים,37.00,100 גרם,false,1,21.90,59.19,true,1,
7290015193252,false,"רוטב בסיס לבישול 640 מ""ל",ליאנג סאנג הואד לימיטד,TH,רוטב בסיס לבישול,מיליליטרים,640.00,"100 מ""ל",false,1,17.20,2.69,true,1,
7290015355834,false,מתבל עגבניות חריף 855גרם,היינץ,US,מתבל עגבניות,גרמים,855.00,100 גרם,false,1,18.90,2.21,true,1,
7290015596244,false,"אלכוג'ל טבעי 100 מ""ל",פישר מעבדות פרמצבטיות,IL,אלכוג'ל,יחידה,1.00,יחידה,false,0,10.00,10.00,true,1,
7290015597036,false,מאגדת מיני מגנום טירמיסו,שטראוס,IL,מאגדת מיני מגנום,גרמים,285.00,100 גרם,false,0,29.90,10.49,true,1,
7290015597265,false,גלידת לוטוס 1 ליטר,שטראוס,IL,גלידת לוטוס,ליטרים,1.00,ליטר,false,1,23.90,23.90,true,1,
7290015597272,false,גלידת קליק 1 ליטר,שטראוס,IL,גלידת קליק,ליטרים,1.00,ליטר,false,1,23.90,23.90,true,1,
7290015597296,false,קארט דור מרנג ושוקולד לב,שטראוס,IL,קארט דור,מיליליטרים,520.00,"100 מ""ל",false,1,19.70,3.79,true,1,
7290015597326,false,מאגדת קרחוני אייס לייט 3 טעמים 260 גר,"גלידת שטראוס בע""\מ, רחוב",IL,מאגדת אייס לייט,יחידה,1.00,יחידה,false,1,27.90,27.90,true,1,
7290015597333,false,מאגדת מיני מגנום אגוזי,שטראוס,IL,מאגדת מיני מגנום,יחידה,1.00,יחידה,false,1,29.90,29.90,true,1,
7290015597364,false,מאגדת לייט ריבת חלב 330,שטראוס,IL,מאגדת לייט,יחידה,1.00,יחידה,false,1,33.90,33.90,true,1,
7290015597432,false,גלידת קרמבו 1 ליטר,שטראוס,IL,גלידת קרמבו,ליטרים,1.00,ליטר,false,1,23.90,23.90,true,1,
7290015603805,false,איטריות 250 גרם,ינאטאי,CN,איטריות,גרמים,250.00,100 גרם,false,1,9.80,3.92,true,1,
7290015626408,false,אגוז פקאן קלוף טבעי 200ג,ששון מלוינסקי,IL,אגוז פקאן קלוף,גרמים,200.00,100 גרם,false,1,31.90,15.95,true,1,
7290015626415,false,אגוז ברזיל קלוף 200גרם,ששון מלוינסקי,IL,אגוז ברזיל קלוף,גרמים,200.00,100 גרם,false,1,21.90,10.95,true,1,
7290015626422,false,פיסטוק קלוף 130 גרם,ששון מלוינסקי,IL,פיסטוק קלוף 130ג,גרמים,130.00,100 גרם,false,1,32.90,25.31,true,1,
7290015626460,false,שקד קלוף טבעי 250גרם,ששון מלוינסקי,IL,שקד קלוף טבעי,גרמים,250.00,100 גרם,false,1,31.90,12.76,true,1,
7290015626477,false,צנובר קלוף 130גרם,ששון מלוינסקי,IL,צנובר קלוף 130ג,גרמים,130.00,100 גרם,false,1,32.90,25.31,true,1,
7290015626484,false,חמוציות מיובשות חתוכות,ששון מלוינסקי,IL,חמוציות מיובשות,גרמים,400.00,100 גרם,false,1,18.90,4.73,true,1,
7290015626491,false,צימוק בהיר 500גרם,ששון מלוינסקי,IL,צימוקים בהירים,גרמים,500.00,100 גרם,false,1,26.90,5.38,true,1,
7290015626507,false,צימוק כהה 500גרם,ששון מלוינסקי,IL,צימוקים כהים,גרמים,500.00,100 גרם,false,1,21.90,4.38,true,1,
7290015626637,false,תמר מגהול 200גרם,ששון מלוינסקי,IL,תמר מגהול 200גרם,גרמים,200.00,100 גרם,false,1,12.00,6.00,true,1,
7290015626644,false,משמש מיובש 200גרם,ששון מלוינסקי,IL,משמש מיובש,גרמים,200.00,100 גרם,false,1,16.90,8.45,true,1,
7290015626668,false,תאנים מיובשות 350גרם,ששון מלוינסקי,IL,תאנים מיובשות,גרמים,350.00,100 גרם,false,1,22.90,6.54,true,1,
7290015652070,false,קשוי קלוי בשקית ששון הקולה 150 גרם,"דין שיווק וקלייה בע""",IL,קשיו קלוי 150גרם,גרמים,150.00,100 גרם,false,1,12.90,8.60,true,1,
7290015726085,false,לחם שאור שיפון יח אפוי,מאפ גדרון,IL,לחם שיפון,יחידה,1.00,יחידה,false,12,16.90,16.90,true,1,
7290015726108,false,לחם מקמח מלא עם תמרים יח,מאפ גדרון,IL,לחם מקמח מלא,יחידה,1.00,יחידה,false,11,16.90,16.90,true,1,
7290015726115,false,לחם שאור קמח מלא אפוי670,מאפ גדרון,IL,לחם קמח מלא,יחידה,1.00,יחידה,false,11,16.90,16.90,true,1,
7290015726405,false,עוגת גבינה ניו יורק 800ג,גידרון,IL,עוגת גבינה,גרמים,800.00,100 גרם,false,1,69.90,8.74,true,1,
7290015766005,false,שרי וויטני יחידה,,IL,שרי וויטני יח,יחידה,1.00,יחידה,false,0,10.90,10.90,true,1,
7290015804080,false,רסק עגבניות 22 טל וטרי 100 ג',מילוז,IL,רסק עגבניות טל,גרמים,100.00,100 גרם,false,1,2.20,2.20,true,1,
7290015804394,false,רסק עגבניות 22% 260 ג' טל וטרי,טל וטרי,IL,רסק עגבניות טל,גרמים,260.00,100 גרם,false,1,4.40,1.69,true,1,
7290015878159,false,שמיכת פליז דיסני,חוגלה קימברלי,IL,שמיכת פליז דיסני,יחידה,1.00,יחידה,false,1,49.90,49.90,true,1,
7290015997928,false,לחם כוסמין 390גרם,מאפ גדרון,IL,לחם כוסמין,גרמים,390.00,100 גרם,false,1,18.90,4.85,true,1,
7290016006100,false,תפוזינה מלון נענע 1.5ל',יפאורה שותפות מובגלת לשיווק,IL,תפוזינה מלון,ליטרים,1.50,ליטר,false,1,6.50,4.33,true,1,
7290016006179,false,תפוזינה ליצי נענע 1.5 לי,יפאורה שותפות מובגלת לשיווק,IL,תפוזינה ליצי,ליטרים,1.50,ליטר,false,1,6.50,4.33,true,1,
7290016087000,false,זית ירוק נטולי גלעין560ג,פרי ניר,IL,זיתים ירוקים,גרמים,560.00,100 גרם,false,1,9.90,1.77,true,1,
7290016087055,false,רסק עגבניות 22% 100 גרם,פרי ניר,IL,רסק עגבניות,גרמים,100.00,100 גרם,false,1,2.00,2.00,true,1,
7290016114041,false,ניקול המגבת הבריאה 2 גלי,חוגלה קימברלי,IL,המגבת הבריאה,מטרים,34.00,מטר,false,1,10.00,0.29,true,1,
7290016171464,false,מאגדת ג'ויה טופי קרמל,נסטלה,IL,מאגדת ג'ויה,יחידה,1.00,יחידה,false,1,31.90,31.90,true,1,
7290016197488,false,מטליות מיקרופייבר למשטחים ניקול 3יח',חוגלה קימברלי,CN,מטלית למשטחים,יחידה,1.00,יחידה,false,1,16.90,16.90,true,1,
7290016246018,false,בארכה מיקס פינוקיות חלבה 10*20 גרם.,"רושדי תעשיות מזון בע""\מ",IL,חלבה בארכה מיקס,גרמים,200.00,100 גרם,false,1,12.90,6.45,true,1,
7290016276176,false,קינואה 900 גרם,וינקולוס אבריקולוס,PE,קינואה,גרמים,900.00,100 גרם,false,1,21.90,2.43,true,1,
7290019297222,false,פולי סויה אדממה 450גרם,שקדיה,IL,פולי סויה אדממה,גרמים,450.00,100 גרם,false,0,9.90,2.20,true,1,
7290100240632,false,קרקר פתית 200-300ג' 6 דגנים 250 גרם,יוניליוור ישראל מזון בע\,IL,פתית 6 דגנים,גרמים,250.00,100 גרם,false,0,18.70,7.48,true,1,
7290100243688,false,"בדין אקסטרה ורוד 960 מ""ל",יונילוור - תורכיה,TR,מרכך כביסה בדין,מיליליטרים,960.00,"100 מ""ל",false,0,15.90,1.66,true,1,
7290100244609,false,רוטב לסלט אלף האיים290מל,יוניליוור ישראל מזון בעמ,IL,רוטב אלף האיים,מיליליטרים,290.00,"100 מ""ל",false,0,10.00,3.45,true,1,
7290100244616,false,רוטב לסלט חרדל ודבש290מל,יוניליוור ישראל מזון בעמ,IL,רוטב חרדל ודבש,מיליליטרים,290.00,"100 מ""ל",false,0,10.00,3.45,true,1,
7290100245231,false,נמס בכוס מרק בטעם עוף עם אטריות ושקדי מרק-2 שקיות,יוניליוור ישראל מזון בע\,IL,נמס בכוס ט.עוף,גרמים,50.00,100 גרם,false,0,7.80,15.60,true,1,
7290100247761,false,מרק עגבניות עם אורז105גר,יוניליוור,IL,מרק עגבניות,גרמים,105.00,100 גרם,false,0,10.20,9.71,true,1,
7290100247815,false,נמס בכוס עגבנ.אקסטרה39גר,יוניליוור,IL,נמס בכוס עגבניות,גרמים,39.00,100 גרם,false,0,4.90,12.56,true,1,
7290100249352,false,מרק טעם עוף 400 גרם,יוניליוור ישראל מזון בע\,IL,מרק טעם עוף,גרמים,400.00,100 גרם,false,0,16.10,4.03,true,1,
7290100249376,false,מרק בצל 400 גרם,יוניליוור,IL,מרק בצל,גרמים,400.00,100 גרם,false,0,15.90,3.98,true,1,
7290100249383,false,מרק פטריות 400 גרם,יוניליוור,IL,מרק פטריות,גרמים,400.00,100 גרם,false,0,15.90,3.98,true,1,
7290100249390,false,מרק טעם עוף ר.טבעיים400ג,יוניליוור,IL,מרק טעם עוף,גרמים,400.00,100 גרם,false,0,19.70,4.93,true,1,
7290100249475,false,מרק נמס בכוס תירס22.5*2ג,יוניליוור,IL,נמס בכוס תירס,גרמים,45.00,100 גרם,false,0,7.80,17.33,true,1,
7290100249482,false,נמס בכוס אפונה 25*2 גרם,יוניליוור,IL,נמס בכוס אפונה,גרמים,50.00,100 גרם,false,0,7.80,15.60,true,1,
7290100249932,false,"דליפקאן בד""ץ 400 גרם",יוניליוור,IL,דליפקאן,גרמים,400.00,100 גרם,false,0,22.70,5.68,true,1,
7290100411711,false,ליסטרין טוטל קר וייט750מ,ג'ונסון,IL,מי פה ליסטרין,מיליליטרים,750.00,"100 מ""ל",false,1,45.00,6.00,true,1,
7290100613658,false,גרעין חמניה קלוי וממולח,א.ע.ש. קליית ציון,IL,גרעין חמניה קלוי,גרמים,200.00,100 גרם,false,0,7.80,3.90,true,1,
7290100659090,false,פרי חטיפים ללא גלוטן ותוספת סוכר מארז 5 תמרים וקינמון,טבעית מוצרים מן הטבע בעמ,IL,חטיף FREE תמרים,גרמים,100.00,100 גרם,false,0,19.70,19.70,true,1,
7290100680711,false,פירורית זהב אסם זהב 350ג',עינת תעשיות מזון אגו,IL,פירורית זהב אסם,גרמים,350.00,100 גרם,false,0,7.90,2.26,true,1,
7290100680889,false,קרם קרקר חיטה מלאה 300גר,אסם,IL,קרקר חיטה מלאה,גרמים,300.00,100 גרם,false,0,11.60,3.87,true,1,
7290100681138,false,מארז אפרופו חטיף תירס 3 יחידות,"אסם השקעות בע""\מ",IL,אפרופו 3יח במארז,גרמים,150.00,100 גרם,false,0,13.10,8.73,true,1,
7290100681244,false,"רוטב שום 290 מ""ל",אסם,IL,רוטב שום,מיליליטרים,290.00,"100 מ""ל",false,0,11.50,3.97,true,1,
7290100681510,false,סירופ דיאט בטעם אשכולית אדומה עסיס 1 ליטר,בית-השיטה עסיס תעשיות מז,IL,סירופ דיאט,ליטרים,1.00,ליטר,false,0,11.30,11.30,true,1,
7290100683613,false,ויטמינצ'יק מנגו אפרסק 1ל,בית-השיטה עסיס תעשיות מז,IL,סירופ ויטמינצ'יק,ליטרים,1.00,ליטר,false,0,13.80,13.80,true,1,
7290100685136,false,"אבקת מרק בטעם עוף אסם 1 ק""ג","אסם השקעות בע""\מ",IL,"מרק טעם עוף פרווה 1 ק""ג",קילוגרמים,1.00,"ק""ג",false,0,17.30,17.30,true,1,
7290100686164,false,מארז מולטיפק ביסלי ברביקיו 6 יח 35 גר יח,מיוצר עי קונדיטוריית,IL,ביסלי מארז 6 יח,גרמים,210.00,100 גרם,false,0,13.90,6.62,true,1,
7290100687109,false,במבה במילוי קרם נוגט 60ג' אסם,"אסם השקעות בע""\מ",IL,במבה נוגט,גרמים,60.00,100 גרם,false,0,5.50,9.17,true,1,
7290100689264,false,האני נאט צ'יריוס 615 גרם,ג'נרל מילס,US,הני נאט צ'יריוס,גרמים,615.00,100 גרם,false,0,27.90,4.54,true,1,
7290100689301,false,אבקת מרק בטעם עוף זך עדיף אסם 400 גרם,"אסם השקעות בע""\מ",IL,מרק בטעם עוף זך,גרמים,400.00,100 גרם,false,0,15.90,3.98,true,1,
7290100700242,false,"סוגת אורז מלא עגול 1 ק""ג","סוגת תעשיות בע""\מ",IL,אורז מלא עגול,קילוגרמים,1.00,"ק""ג",false,0,9.80,9.80,true,1,
7290100700273,false,קינואה לבנה 500 ג סו,האי נאם סי או אל.טי.,IL,קינואה סוגת,גרמים,500.00,100 גרם,false,0,22.90,4.58,true,1,
7290100700372,false,"סוגת אורז בסמטי מלא 1 ק""ג",האי נאם סי או אל.טי.,IL,אורז בסמטי מלא,קילוגרמים,1.00,"ק""ג",false,0,17.90,17.90,true,1,
7290100700396,false,"סוגת אורז יסמין קלאסי 1 ק""ג",האי נאם סי או אל.טי.,IL,אורז יסמין סוגת,קילוגרמים,1.00,"ק""ג",false,0,10.00,10.00,true,1,
7290100700433,false,מקלוני סוכר לבן 50יח5Xגר,"שוגארט בע""מ",IL,מקלוני סוכר,גרמים,250.00,100 גרם,false,0,9.90,3.96,true,1,
7290100700563,false,"סוגת אורז מיקס קלאסי 1 ק""ג",סוגת תעשיות בעמ,IL,אורז מיקס,קילוגרמים,1.00,"ק""ג",false,0,15.90,15.90,true,1,
7290100701157,false,"אורז להכנת סושי סוגת 1 ק""ג","סוגת תעשיות בע""\מ",IL,אורז להכנת סושי,קילוגרמים,1.00,"ק""ג",false,0,14.80,14.80,true,1,
7290100702383,false,קמח תופח מס' 13 סוגת,"שטיבל בע""\מ - טחנות קמח",IL,"קמח תופח 1 ק""ג",קילוגרמים,1.00,"ק""ג",false,0,8.10,8.10,true,1,
7290100702628,false,פתיתים אפויים קוסקוס סוגת 500 גרם,"אסיף תעשיות מזון בע""\מ",IL,פתיתים סוגת,גרמים,500.00,100 גרם,false,0,5.20,1.04,true,1,
7290100702680,false,פתיתים קידס חיות 400 ג,אסיף תעשיות מזון,IL,פתיתים קידס חיות,גרמים,400.00,100 גרם,false,0,5.20,1.30,true,1,
7290100850336,false,חטיף מיני פסק זמן 19,שטראוס,IL,מיני פסק זמן,גרמים,195.00,100 גרם,false,0,16.50,8.46,true,1,
7290100850343,false,מקופלת מיני שוק.חלב,שטראוס,IL,מיני מקופלת,גרמים,200.00,100 גרם,false,0,16.50,8.25,true,1,
7290100850411,false,חטיף מיני מיקס מעורב,שטראוס גרופ,IL,מיקס חטיפים,גרמים,190.00,100 גרם,false,0,16.50,8.68,true,1,
7290100850459,false,מיקס חטיפים 390 גרם,שטראוס,IL,מיקס חטיפים,גרמים,390.00,100 גרם,false,0,24.70,6.33,true,1,
7290100850466,false,חטיף מיני מיקס פסק ז,שטראוס,IL,מיקס פסק זמן,גרמים,390.00,100 גרם,false,0,24.70,6.33,true,1,
7290100850916,false,דוריטוס חמוץ חריף מעודן 70 גרם כשר לפסח,"שטראוס פריטו ליי בע""\מ )",IL,דוריטוס חמוץ ח,גרמים,70.00,100 גרם,false,0,3.90,5.57,true,1,
7290100850930,false,דוריטוס בטעם טבעי 70 גרם,"שטראוס פריטו ליי בע""\מ )",IL,חטיף דוריטוס דיפ,גרמים,70.00,100 גרם,false,0,3.90,5.57,true,1,
7290100852576,false,שוק.פרה מריר 100*3 גרם,שטראוס,IL,שוקולד מריר 3 יח,גרמים,300.00,100 גרם,false,0,17.20,5.73,true,1,
7290100853689,false,בראוניס שוקולד עשירה380ג,שטראוס,IL,בראוניס שוקולד,גרמים,380.00,100 גרם,false,0,18.50,4.87,true,1,
7290100854266,false,שוקולד מריר 60%קקאו100ג,STRAUSS-ISRAEL,IL,שוקולד מריר,גרמים,100.00,100 גרם,false,0,8.70,8.70,true,1,
7290100856253,false,ממרח שוק.ל.תוס.סוכר300ג,שטראוס,IL,ממרח שוקולד פרה,גרמים,300.00,100 גרם,false,0,18.90,6.30,true,1,
7290100858219,false,טבלת פסק זמן טראפלס110גר,שטראוס,IL,טבלת פסק זמן,גרמים,110.00,100 גרם,false,0,8.90,8.09,true,1,
7290100858226,false,טבלת פסק זמן קלאסי110גרם,שטראוס,IL,טבלת פסק זמן,גרמים,110.00,100 גרם,false,0,8.90,8.09,true,1,
7290100858592,false,אבקת קקאו עלית שקית 150 ג',הנסיך- מפעל לייצור ט,IL,קקאו עלית,גרמים,150.00,100 גרם,false,0,9.90,6.60,true,1,
7290100858653,false,מיקס חטיפים סגול 390 גרם,שטראוס,IL,מיקס חטיפים,גרמים,390.00,100 גרם,false,0,24.70,6.33,true,1,
7290100859209,false,מסטיק מאסט עלמה אוכמני28,שטראוס,IL,מסטיק מאסט,גרמים,28.00,100 גרם,false,0,4.60,16.43,true,1,
7290100921173,false,שמפו הוואי שמני הזנה700מ,טרופיקל דגיל,IL,שמפו הוואי שמני הזנה700מ,מיליליטרים,700.00,"100 מ""ל",false,0,9.90,1.41,true,1,
7290100921180,false,מרכך הוואי שמני הזנה 700,טרופיקל דגיל,IL,מרכך הוואי,מיליליטרים,700.00,"100 מ""ל",false,0,9.90,1.41,true,1,
7290100921517,false,שמפו הוואי משקם ומטפח700,טרופיקל דגיל,IL,"שמפו הוואי שיאה 700 מ""ל",מיליליטרים,700.00,"100 מ""ל",false,0,9.90,1.41,true,1,
7290100921524,false,מרכך הוואי משקם ומטפח700,טרופיקל דגיל,IL,מרכך הוואי,מיליליטרים,700.00,"100 מ""ל",false,0,9.90,1.41,true,1,
7290100921623,false,מנקה אסלה סוד 4 כדוריות נתלה אקונומיקה נתלה 50 ג',"הנקל סוד בע""\מ",HU,סבון אסלה,גרמים,50.00,100 גרם,false,0,10.20,20.40,true,1,
7290100923108,false,תח.הוואי יוגורט וניל750מ,טרופיקל דגיל,IL,תחליב רחצה הוואי,מיליליטרים,750.00,"100 מ""ל",false,0,15.80,2.11,true,1,
7290100923122,false,תח.רחצה הוואי יוגורט 750,טרופיקל דגיל,IL,תחליב רחצה הוואי,מיליליטרים,750.00,"100 מ""ל",false,0,15.80,2.11,true,1,
7290100924594,false,סוד מרכך מרוכז ורוד900מ,הנקל סוד,IL,סוד מרכך ורוד,מיליליטרים,900.00,"100 מ""ל",false,1,17.20,1.91,true,1,
7290100924693,false,סוד סבון לאסלה 4 כדוריות בניחוח אוקנומיקה 50 ג',"הנקל סוד בע""\מ",HU,סבון אסלה,גרמים,50.00,100 גרם,false,1,10.20,20.40,true,1,
7290100924709,false,סבון לאסלה כחול אקליפטוס,הנקל סוד,HU,סבון לאסלה כחול אקליפטוס,גרמים,50.00,100 גרם,false,1,10.20,20.40,true,1,
7290100925126,false,מרכך SOFT&OIL זהב 750מל,הנקל סוד,DE,מרכך סוד זהב,מיליליטרים,750.00,"100 מ""ל",false,1,17.90,2.39,true,1,
7290100925485,false,ג'ל כביסה פרסיל בייבי3ל',הנקל סוד,IL,ג'ל כביסה פרסיל בייבי3ל',ליטרים,3.00,ליטר,false,0,43.90,14.63,true,1,
7290100928639,false,סוד נוזל רצפות בניחו,,IL,נוזל לרצפות כחול 2ל,ליטרים,2.00,ליטר,false,0,19.90,9.95,true,1,
7290100928752,false,"סומט נוזל הברקה למדיח 750 מ""ל",יושלם,IL,נוזל הברקה למדיח,מיליליטרים,750.00,"100 מ""ל",false,0,19.70,2.63,true,1,
7290100928837,false,מרכך הוואי לברק קורן 700,טרופיקל דגיל,IL,מרכך הוואי,מיליליטרים,700.00,"100 מ""ל",false,0,9.90,1.41,true,1,
7290100929728,false,מרכך ארומה סגול 900מל,סוד,IL,מרכך מרוכז ארומה,מיליליטרים,900.00,"100 מ""ל",false,0,17.20,1.91,true,1,
7290100929766,false,סומט קפסולות,,DE,סומט קפסולות,יחידה,1.00,יחידה,false,0,24.90,24.90,true,1,
7290101110149,false,גלידה בלסימו וניל עם פליק 1.3 ל' פלדמן,גלידות פלדמן,IL,גל.פלדמן,ליטרים,1.30,ליטר,false,0,23.70,18.23,true,1,
7290101110163,false,גלידה בליסימו וניל עוגיות 1.3 ל' פלדמן,גלידות פלדמן,IL,גל.פלדמן,ליטרים,1.30,ליטר,false,0,23.70,18.23,true,1,
7290101110279,false,גלידת בליסימו בטעם שוקולד פאדג' פקאן,גלידות פלדמן,IL,גל.פלדמן,ליטרים,1.30,ליטר,false,0,23.70,18.23,true,1,
7290101111429,false,גל.שוק.וניל דובדבן1.3כשל,גלידות פלדמן,IL,גל.פלדמן,ליטרים,1.30,ליטר,false,0,23.70,18.23,true,1,
7290101111634,false,גל.סורבה איילנד 1.3 ליטר,גלידות פלדמן,IL,גל.פלדמן,ליטרים,1.30,ליטר,false,0,28.20,21.69,true,1,
7290101112211,false,מאגדת שייק אננס,גלידות פלדמן,IL,מאגדת שייק אננס,גרמים,480.00,100 גרם,false,0,34.90,7.27,true,1,
7290101112433,false,מאגדת מיקס חטיפים6יח',פלקו,IL,מאגדת מיקס,יחידה,1.00,יחידה,false,6,19.70,19.70,true,1,
7290101112525,false,מאגדת שלגוץ תות בננה 6יח,גלידות פלדמן,IL,מאגדת שלגוץ,יחידה,1.00,יחידה,false,7,27.70,27.70,true,1,
7290101112617,false,גל.משפ.תות לימון פרווה 1,גלידות פלדמן,IL,גל.משפ.תות לימון,מיליליטרים,1300.00,"100 מ""ל",false,1,23.70,1.82,true,1,
7290101484080,false,משקה אורז וניל 1ליטר,היין,IL,משקה אורז,ליטרים,1.00,ליטר,false,0,16.90,16.90,true,1,
7290101486688,false,חטיף דגנים עם שוקולד ללא גלוטן וסוכר פרי 5*20 גרם,טבעית מוצרים מן הטבע בעמ,IL,חטיף FREE 5 יח',גרמים,100.00,100 גרם,false,0,19.70,19.70,true,1,
7290101488248,false,"ליידי ספיד סטיק - דאודורנט רול און לאישה ורוד פרש פיושן 50 מ""ל",ליידי ספיד סטיק Lady Speed Stick,IT,ליידי ספיד סטיק,מיליליטרים,50.00,"100 מ""ל",false,0,15.00,30.00,true,1,
7290101489306,false,משקה שיבולת שועל 1 ליטר,היין,IL,משקה שיבולת שועל,ליטרים,1.00,ליטר,false,0,16.90,16.90,true,1,
7290101489313,false,רייס דרים מועשר בסידן 1ל,היין,BE,משקה רייס דרים,ליטרים,1.00,ליטר,false,0,16.90,16.90,true,1,
7290101865261,false,"פיניש נוזל הברקה למדיח 800 מ""ל",רקיט בנקיזר,PL,פיניש נוזל הברקה,מיליליטרים,800.00,"100 מ""ל",false,0,24.90,3.11,true,1,
7290101866176,false,קולון101 ג'ל כביסה3ליטר,רקיט בנקיזר,,קולון ג'ל,ליטרים,3.00,ליטר,false,0,24.90,8.30,true,1,
7290101866787,false,וניש קליה נוזל מסיר כתמים לכביסה לבנה 3 ליטר,קליה וניש Kalia Vanish,IL,וניש לכביסה לבנה,ליטרים,3.00,ליטר,false,0,29.90,9.97,true,1,
7290101868774,false,"ויט שעווה לפנים 15 מ""ל",packer co,IL,"ויט שעווה לפנים 15 מ""ל",מיליליטרים,15.00,"100 מ""ל",false,0,41.90,279.33,true,1,
7290101869702,false,"ג 'ל פיניש AIO MAX מרוכז למדיח 600מ""ל",פיניש רקיט בנקיזר,PL,פיניש ג'ל למדיח,מיליליטרים,600.00,"100 מ""ל",false,1,35.90,5.98,true,1,
7290101869771,false,א.ויק מילוי מ.אויר אוטומטי חטאים מתוקים,רקיט בנקיזר,HU,אירוויק מילוי,מיליליטרים,250.00,"100 מ""ל",false,1,34.60,13.84,true,1,
7290101869795,false,"אירוויק מילוי מבשם אויר אטומטי חלום ליל קיץ 250 מ""ל",איירוויק Air Wick,GB,אירוויק מילוי,מיליליטרים,250.00,"100 מ""ל",false,1,34.60,13.84,true,1,
7290102032334,false,אבקה להכנת משקה קפה בטעם וניל,שטראוס קפה בי.וי,IL,קפה נמס וניל,גרמים,200.00,100 גרם,false,0,26.90,13.45,true,1,
7290102060955,false,"משחת שיניים מרידול 100 מ""ל",קולגייט-פלמוליב,DE,משחת שיניים,מיליליטרים,100.00,"100 מ""ל",false,0,14.90,14.90,true,1,
7290102064380,false,מי פה מרידול הליטוזיס400,גאבה,DE,מי פה מרידול,מיליליטרים,400.00,"100 מ""ל",false,0,24.90,6.23,true,1,
7290102064403,false,משחת מרידול הליטוזיס 75מ,קולגייט-פלמוליב,DE,משחת מרידול,מיליליטרים,75.00,"100 מ""ל",false,0,14.90,19.87,true,1,
7290102300822,false,גבינה צ'דר אנגלית כתומה 200 גרם,דאולי צ'יסמייקרס,GB,צ'דר אנגלי כתום,גרמים,200.00,100 גרם,false,0,23.90,11.95,true,1,
7290102300860,false,"גבינת צ'דר אנגלית לבן, 200 גרם",דאוליי צ'יסמייקרס,GB,צ'דר אנגלית,גרמים,200.00,100 גרם,false,0,23.90,11.95,true,1,
7290102301881,false,טרטר גבינה עם שום ועשבי תיבול 150 גרם,בונגראן,FR,גבינת טרטר,גרמים,150.00,100 גרם,false,0,15.90,10.60,true,1,
7290102390427,false,יוגורט ביו עם קציפת תות 3% שומן 150 ג' מולר,מולר Muller,IL,יוגורט מולר תות,מיליליטרים,150.00,"100 מ""ל",false,0,5.20,3.47,true,1,
7290102390489,false,יוגורט ביו עם קציפת לימון 3% שומן 150 ג' מולר,מולר Muller,IL,יוגורט לימון,מיליליטרים,150.00,"100 מ""ל",false,0,5.20,3.47,true,1,
7290102391844,false,יוגורט ביו עם קציפת פירות יער3% שומן 150 ג' מולר,מולר Muller,IL,יוגורט מולר,מיליליטרים,150.00,"100 מ""ל",false,0,5.20,3.47,true,1,
7290102392094,false,חלב עיזים 3.7% בקרטון משק צוריאל 1 ליטר,מילקו תעשיות בעמ,IL,חלב עיזים קרטון,ליטרים,1.00,ליטר,false,0,16.60,16.60,true,1,
7290102392711,false,מולר יוגורט לבן טבעי,מולר,IL,יוגורט ביאנקו,גרמים,200.00,100 גרם,false,0,4.00,2.00,true,1,
7290102392728,false,יוגורט ביו ביאנקו 2.8% מולר 200 גרם,"טרה, פארק תעשיות בע""",IL,יוגורט לבן ביו,גרמים,200.00,100 גרם,false,0,4.00,2.00,true,1,
7290102393039,false,"יוגורט ביו קרמי מיקס פצפוצי שוקולד 7.6% מולר 170 מ""ל",קריות זול,IL,יוגורט מולר מיקס,גרמים,150.00,100 גרם,false,0,5.90,3.93,true,1,
7290102393152,false,חמאת עיזים 100 גרם,טרה,IL,חמאת עיזים,גרמים,100.00,100 גרם,false,0,7.00,7.00,true,1,
7290102393176,false,סימפלי פרוט יוגורט אפרסק 3% שומן 150 ג' מולר,מילקו תעשיות בעמ,IL,יוגורט אפרסק,גרמים,150.00,100 גרם,false,0,4.90,3.27,true,1,
7290102393190,false,"יוגורט סימפלי פרוט בטעם פירות יער 3% מולר 150 מ""ל",מילקו תעשיות בעמ,IL,יוגורט מולר,גרמים,150.00,100 גרם,false,0,4.90,3.27,true,1,
7290102393268,false,"גבינה לבנה 5% שומן, רכיבים טבעיים 750 גרם",הפריט בפיקוח,IL,גבינה לבנה 5%,גרמים,750.00,100 גרם,false,0,12.60,1.68,true,1,
7290102393299,false,יוגורט עיזים לשתייה 3% משק צוריאל 500 גרם,מיוצר עי קוד יצרן HG,IL,יוגורט עיזים,גרמים,500.00,100 גרם,false,0,12.70,2.54,true,1,
7290102393848,false,יוגורט עיזים 2.4% עם תות משק צוריאל 150 גרם,מחלבת משק צוריאל,IL,יוגורט עיזים,גרמים,150.00,100 גרם,false,0,6.00,4.00,true,1,
7290102393947,false,סימפלי פרוט יוגורט בטעם קיווי 3% שומן 150 ג' מולר,מילקו תעשיות בעמ,IL,יוגורט מולר קיוי,גרמים,150.00,100 גרם,false,0,4.90,3.27,true,1,
7290102394081,false,"יוגורט ביו קרמי מיקס קורנפלקס מצופה שוקולד מולר 170 מ""ל",מילקו תעשייה בעמ,IL,יוגורט מולר מיקס,גרמים,180.00,100 גרם,false,0,5.90,3.28,true,1,
7290102394258,false,גליל גבינת עיזים מה עז 9% משק צוריאל 180 גרם,מחלבת משק צוריאל,IL,מה עז9%שומן,גרמים,180.00,100 גרם,false,0,23.70,13.17,true,1,
7290102394821,false,נעם גבינה צהובה פרוסה 28% טרה 200 גרם,מילקו תעשיות בעמ,IL,גבינה צהובה דק,גרמים,200.00,100 גרם,false,0,15.60,7.80,true,1,
7290102394845,false,נעם גבינה צהובה לייט פרוסה דק דק 9% טרה 200 גרם,מילקו תעשיות בעמ,IL,גבינה צהובה דק9%,גרמים,200.00,100 גרם,false,0,16.30,8.15,true,1,
7290102395217,false,מאגדת שמיניה מולר במתיקות מעודנת 1.2% 8*150 ג',מולר Muller,IL,יוגורט מולר 8י,קילוגרמים,1.20,"ק""ג",false,0,19.20,16.00,true,1,
7290102395224,false,שמיניית יוגורט ביו ביאנקו 1.7% מולר 150 גרם,מולר Muller,IL,יוגורט ביאנקו 8י,קילוגרמים,1.20,"ק""ג",false,0,18.50,15.42,true,1,
7290102395231,false,שמיניית יוגורט ביו ביאנקו 2.8% מולר 150 גרם,מולר Muller,IL,יוגורט ביאנקו 8י,קילוגרמים,1.20,"ק""ג",false,0,18.50,15.42,true,1,
7290102395378,false,נעם גבינה צהובה פרוסה ואקום 28% טרה 360 גרם,טרה,IL,גבינה צהובה 28%,גרמים,360.00,100 גרם,false,0,19.90,5.53,true,1,
7290102395774,false,צפתית מעודנת5% 200 גרם,משק צוריאל תבור,IL,צפתית מעודנת 5%,גרמים,200.00,100 גרם,false,0,11.80,5.90,true,1,
7290102396382,false,צפתית עיזים מעודנת 200גר,משק צוריאל תבור,IL,צפתית עיזים 200ג,גרמים,200.00,100 גרם,false,0,20.70,10.35,true,1,
7290102396436,false,מעדן שוקולד מוו 1.5% טרה 125 גרם,מילקו תעשיות בעמ,IL,מעדן שוקולד,גרמים,125.00,100 גרם,false,0,2.90,2.32,true,1,
7290102396443,false,"מעדן מוו וניל 1.5% 125 גרם בד""צ",מילקו תעשיות בעמ,IL,מעדן וניל,גרמים,125.00,100 גרם,false,0,2.90,2.32,true,1,
7290102396474,false,יוג.פרופ מלון בננ.תמר150,טרה,IL,יוגורט פרופ פרי,גרמים,150.00,100 גרם,false,0,5.20,3.47,true,1,
7290102396481,false,יוג.אפרסק/פסיפלו/אננס150,טרה,IL,יוגורט פרופ פרי,גרמים,150.00,100 גרם,false,0,5.20,3.47,true,1,
7290102396580,false,מעדן מוו שוקולד ומוס שוקולד טרה 118 גרם,טרה,IL,מעדן מו שוקולד,גרמים,123.00,100 גרם,false,0,2.90,2.36,true,1,
7290102396764,false,שוקו מוו קרטון 2 ליטר,טרה,IL,שוקו מוו 2 ליטר,ליטרים,2.00,ליטר,false,0,15.80,7.90,true,1,
7290102396979,false,יוגורט סימפלי אננס0% 150,טרה,IL,יוגורט אננס,גרמים,150.00,100 גרם,false,1,4.90,3.27,true,1,
7290102397150,false,משקה יוגsip.אפרסק/פספ250,טרה,IL,משקה יוגורט מולר,מיליליטרים,250.00,"100 מ""ל",false,1,5.40,2.16,true,1,
7290102397167,false,משקה יוגsip. תות בננה250,טרה,IL,משקה יוגורט מולר,מיליליטרים,250.00,"100 מ""ל",false,1,5.40,2.16,true,1,
7290102397310,false,מעדן מיני בטעם שוקולד קצפת מוו מאגדת 8 יח' * 70 ג',מילקו תעשיות בעמ,IL,מעדן מיני מו 8יח,גרמים,560.00,100 גרם,false,1,12.50,2.23,true,1,
7290102397334,false,גבינה בולגרית גלילית 5% משק צוריאל 250 גרם,מחלבת משק צוריאל,IL,בולגרית גלילית5%,גרמים,250.00,100 גרם,false,1,21.70,8.68,true,1,
7290102397532,false,גבינה לבנה 9% 250 גרם,טרה,IL,גבינה לבנה 9%,גרמים,250.00,100 גרם,false,1,4.60,1.84,true,1,
7290103126674,false,קולגייט משחת שינים 100מל,הנסיך- מפעל לייצור ט,BR,משחת שיניים,מיליליטרים,100.00,"100 מ""ל",false,0,14.80,14.80,true,1,
7290103127459,false,ספיד סטיק24/7ג'ל אקסטרים,קולגייט-פלמוליב,US,דאו.ספיד סטיק,גרמים,85.00,100 גרם,false,0,35.00,41.18,true,1,
7290103400378,false,עוגת בראוניז שוקולד380גר,שטראוס,IL,עוגת בראוניז,גרמים,380.00,100 גרם,false,0,18.90,4.97,true,1,
7290103402815,false,אצבעות שוקולד+קרם חלב96ג,שטראוס,IL,אצבעות שוקולד,גרמים,96.00,100 גרם,false,0,8.10,8.44,true,1,
7290103402839,false,אצבעות שוקולד+עדשים96גרם,שטראוס,IL,אצבעות שוקולד,גרמים,96.00,100 גרם,false,0,8.10,8.44,true,1,
7290103403874,false,טבלת פסק זמן לבן 110 גרם,שטראוס,IL,טבלת פסק זמן,גרמים,110.00,100 גרם,false,0,8.90,8.09,true,1,
7290103403997,false,אנרג'י שייפ אגוז+שוק25*6,עלית,IL,חטיפי אנרג'י 6יח,גרמים,156.00,100 גרם,false,0,18.50,11.86,true,1,
7290103404017,false,"אנרג'י שייפ פירות ללת""ס",שטראוס,IL,חטיפי אנרג'י 6יח,גרמים,120.00,100 גרם,false,0,18.50,15.42,true,1,
7290103404024,false,"אנרג'י שייפ אגוז ללת""ס",שטראוס,IL,חטיפי אנרג'י 6יח,גרמים,120.00,100 גרם,false,0,18.50,15.42,true,1,
7290103404758,false,סלט כרוב אדום במיונז אחלה 120 גרם,מיוצר עי קונדיטוריית,IL,כרוב אדום אחלה,גרמים,120.00,100 גרם,false,0,5.40,4.50,true,1,
7290103407902,false,מארז מיני מילקי מהדרין 8,שטראוס,IL,מיני מילקי 8יח',גרמים,720.00,100 גרם,false,0,11.70,1.63,true,1,
7290103680022,false,"שיראז הר תבור 750 מ""ל",יקב תבור,IL,שיראז הר תבור,מיליליטרים,750.00,"100 מ""ל",false,0,39.90,5.32,true,1,
7290103680039,false,יין תבור סדרת הר מרל,האי נאם סי או אל.טי.,IL,מרלו הר תבור,מיליליטרים,750.00,"100 מ""ל",false,0,39.90,5.32,true,1,
7290103680046,false,"קברנה הר תבור 750 מ""ל",יקב תבור,IL,קברנה הר תבור,מיליליטרים,750.00,"100 מ""ל",false,0,39.90,5.32,true,1,
7290103680244,false,פנינים תבור רוזה מבעב750,יקב תבור,IL,יין פנינים רוזה,מיליליטרים,750.00,"100 מ""ל",false,0,39.90,5.32,true,1,
7290103680701,false,גוורצטרמינר הר תבור,יקב תבור,IL,יין גוורצטרמינר,מיליליטרים,750.00,"100 מ""ל",false,0,39.90,5.32,true,1,
7290104060403,false,גומי לעיסה ללא סוכר בטעם ענבים,שטראוס גרופ,IL,מסטיק מאסט בזוקה,גרמים,28.00,100 גרם,false,0,4.60,16.43,true,1,
7290104061219,false,רבע לשבע אצבעות אגוז120ג,"שטראוס גרופ בע""מ",IL,רבע לשבע אגוז,גרמים,120.00,100 גרם,false,0,13.50,11.25,true,1,
7290104061417,false,סלט חומוס עם טחינה אחלה 400 גרם,"שטראוס גרופ בע""\מ",IL,חומוס טחינה אחלה,גרמים,400.00,100 גרם,false,0,11.90,2.98,true,1,
7290104061424,false,סלט חומוס עם זעתר אחלה 400 גרם,מיוצר עי קונדיטוריית,IL,חומוס זעתר אחלה,גרמים,400.00,100 גרם,false,0,11.90,2.98,true,1,
7290104061431,false,סלט חומוס עם צנובר אחלה 400 גרם,"שטראוס גרופ בע""\מ",IL,חומוס צנובר אחלה,גרמים,400.00,100 גרם,false,0,11.90,2.98,true,1,
7290104061448,false,סלט חומוס עם חריף אחלה 400 גרם,מיוצר עי קונדיטוריית,IL,חומוס חריף אחלה,גרמים,400.00,100 גרם,false,0,11.90,2.98,true,1,
7290104064111,false,אנרג'י שייפ שוק.מריר 6יח,שטראוס,IL,חטיפי אנרג'י 6יח,גרמים,156.00,100 גרם,false,0,18.50,11.86,true,1,
7290104066566,false,טחינה משומשום מלא 500 ג' אחלה,מיוצר עי קונדיטוריית,IL,טחינה אחלה 500גר,גרמים,500.00,100 גרם,false,0,11.90,2.38,true,1,
7290104067198,false,ספלנדיד מריר 70%תפוז100ג,STRAUSS-ISRAEL,IL,שוקולד ספלנדיד,גרמים,100.00,100 גרם,false,0,11.90,11.90,true,1,
7290104068539,false,מאסט פליפטופ מלון ואבטיח ללא גרעינים,"שטראוס גרופ בע""מ",IL,מסטיק מאסט,גרמים,28.00,100 גרם,false,0,4.60,16.43,true,1,
7290104068546,false,גומי מאסט בטעם לימון קולה ללא סוכר 28 ג' עלית,"שטראוס גרופ בע""מ",IL,מסטיק מאסט,גרמים,28.00,100 גרם,false,0,4.60,16.43,true,1,
7290104068676,false,תפוצ'יפס קידס 45 גרם,עלית,IL,תפוצ'יפס קידס,גרמים,45.00,100 גרם,false,0,3.20,7.11,true,1,
7290104502903,false,ביסקוויט ללא גלוטן 200גר,אסם,IL,ביסקוויט,גרמים,200.00,100 גרם,false,0,13.00,6.50,true,1,
7290104508882,false,סלט חציל בלאדי במיונז400,צבר,IL,סלט חציל בלאדי,גרמים,400.00,100 גרם,false,0,12.90,3.23,true,1,
7290104508943,false,במבה חטיף בוטנים אסם 200 גרם,"אסם השקעות בע""\מ",IL,במבה חטיף בוטנים,גרמים,200.00,100 גרם,false,0,9.10,4.55,true,1,
7290104570162,false,תמרים כבושים 500גרם בית שאן,תמר העמקים בית שאן,IL,תמר כבוש500גרם,גרמים,500.00,100 גרם,false,0,17.90,3.58,true,1,
7290104721533,false,רצועות פלפלים קלויים אחלה 400 ג',מיוצר עי קונדיטוריית,IL,רצועות פלפלים,גרמים,400.00,100 גרם,false,0,11.90,2.98,true,1,
7290104726262,false,רביעייה מעדן דני שוקולד דיסני לבנים 125 גרם,מיוצר עי קונדיטוריית,IL,דני לשתיה 4 יח,גרמים,500.00,100 גרם,false,0,11.50,2.30,true,1,
7290104726712,false,מארז 8 יחידות מעדן מילקי בטעם שוקולד עם קצפת,"שטראוס גרופ בע""\מ",IL,מארז מילקי 8 יח',ליטרים,1.36,ליטר,false,0,21.20,15.59,true,1,
7290104728242,false,צ'יקו תחליף קפה 130 גרם,עלית,IL,צ'יקו תחליף קפה,גרמים,130.00,100 גרם,false,0,26.20,20.15,true,1,
7290104728310,false,"שמנת מתוקה עמידה 38% שומן ""יטבתה"" -מוצר בפיקוח",שטראוס גרופ,IL,שמנת עמידה לקצפת,גרמים,250.00,100 גרם,false,0,5.00,2.00,true,1,
7290104729539,false,אנרג'י אגוזים+שוק.חלב6יח,שטראוס,IL,חטיפי אנרג'י,גרמים,180.00,100 גרם,false,0,18.50,10.28,true,1,
7290104852176,false,נרות נשמה 24 שעות פאלאס,,IL,נר נשמה פחית,יחידה,1.00,יחידה,false,0,2.40,2.40,true,1,
7290104960253,false,"תחליב רחצה נקה 7 לבנדר סגול 750מ""ל",טרופיקל דגיל תעשיות קוסמ,IL,תחליב רחצה נרה 7,מיליליטרים,750.00,"100 מ""ל",false,0,10.00,1.33,true,1,
7290104961526,false,דאודורנט ספריי גוף טיטניום קלאסיק Titanium Classic,"אמיליה קוסמטיקס בע""מ",IL,טיטניום ספריי,מיליליטרים,150.00,"100 מ""ל",false,0,10.90,7.27,true,1,
7290104962110,false,"דאו נושם לנערות ללא אלומיניום קרליין 150 מ""ל",מיוצר עי : אמיליה קוסמטי,IL,ספריי נושם,מיליליטרים,150.00,"100 מ""ל",false,0,11.90,7.93,true,1,
7290104962127,false,דאודורנט סטיק נושם נערות ללא אלומיניום קרליין,מיוצר עי : אמיליה קוסמטי,IL,"סטיק נושם 50 מ""ל",מיליליטרים,50.00,"100 מ""ל",false,0,14.90,29.80,true,1,
7290104962134,false,דאודורנט קרליין רול און נושם לנערות ללא אלומיניום,מיוצר עי : אמיליה קוסמטי,IL,רול און נושם,מיליליטרים,75.00,"100 מ""ל",false,0,11.90,15.87,true,1,
7290104962745,false,"סקינגארד - ספריי שקוף לעור בהיר מאוד 300 מ""ל SPF30",מיוצר עי : אמיליה קוסמטי,IL,סקין גארד,מיליליטרים,300.00,"100 מ""ל",false,0,39.90,13.30,true,1,
7290104962868,false,"מסכת אמפולה לטיפול אינטנסיבי לשיער יבש, צבוע ופגום",נטורל פורמולה Natural Formula,IL,מסכת אמפולה,מיליליטרים,350.00,"100 מ""ל",false,1,40.10,11.46,true,1,
7290105004079,false,שומר בייבי ארוז יחידה,קטיף,IL,שומר בייבי,יחידה,1.00,יחידה,false,1,4.90,4.90,true,1,
7290105360809,false,שוש חטיף בוטנים80*4 גרם,עלית,IL,מארז שוש 4 יח,גרמים,320.00,100 גרם,false,0,12.80,4.00,true,1,
7290105360878,false,תפוציפס טבעי 50 גרם מארז רביעייה,"שטראוס פריטו ליי בע""\מ )",IL,תפוצ'יפס 4 יח,גרמים,200.00,100 גרם,false,0,11.70,5.85,true,1,
7290105364784,false,שוקולד ביסקוויט לבן 100ג,שטראוס,IL,שוקולד ביסקוויט,גרמים,100.00,100 גרם,false,0,6.40,6.40,true,1,
7290105366047,false,טחינה לבנה אחלה 400 גרם,מיוצר עי קונדיטוריית,IL,טחינה לבנה,גרמים,400.00,100 גרם,false,0,11.90,2.98,true,1,
7290105366054,false,טחינה עם פטרוזיליה 400גר,"שטראוס גרופ בע""\מ",IL,טחינה+פטרוזיליה,גרמים,400.00,100 גרם,false,0,11.90,2.98,true,1,
7290105366504,false,אצבעות שוקולד לבן 96 גרם,שטראוס,IL,אצבעות שוקולד,גרמים,96.00,100 גרם,false,0,8.10,8.44,true,1,
7290105366962,false,מיני משוקלדים 200 גרם,עלית,IL,מיני משוקלדים,גרמים,200.00,100 גרם,false,0,19.80,9.90,true,1,
7290105366993,false,סימפוניה גבינת שמנת פלפל שיפקה 5% שטראוס 200 גרם,"שטראוס בריאות בע""מ",IL,סימפוניה פלפל,גרמים,200.00,100 גרם,false,0,10.00,5.00,true,1,
7290105368904,false,"שמנת מתוקה להקצפה 32% שומן 250 מ""ל יוטבתה",שטראוס גרופ,IL,שמנת מתוקה32%,מיליליטרים,250.00,"100 מ""ל",false,0,5.00,2.00,true,1,
7290105368928,false,"שמנת 9% שומן 200 מ""ל יוטבתה",שטראוס גרופ,IL,שמנת 9% יטבתה,מיליליטרים,200.00,"100 מ""ל",false,0,3.20,1.60,true,1,
7290105368959,false,פונץ בננה+פקק מהדרין250מ,מחלבת יטבתה,IL,משקה פונץ' בננה,מיליליטרים,250.00,"100 מ""ל",false,0,5.40,2.16,true,1,
7290105369130,false,סימפוניה גבינת שמנת בצל ירוק 5% שטראוס 200 גרם,"שטראוס בריאות בע""\מ",IL,גבינת סימפוניה,גרמים,200.00,100 גרם,false,0,10.00,5.00,true,1,
7290105369147,false,שוק.ספלנדיד פירות יער100,שטראוס גרופ,IL,שוקולד ספלנדיד,גרמים,100.00,100 גרם,false,0,11.90,11.90,true,1,
7290105430496,false,ליידי ספיד סטיק סטיינגארד ספריי,קולגייט-פלמוליב,RU,דאו.ספיד סטיק,מיליליטרים,165.00,"100 מ""ל",false,0,15.00,9.09,true,1,
7290105439697,false,קולגייט טוטל קלין 75*2מל,קולגייט-פלמוליב,IL,משחת קולגייט,מיליליטרים,150.00,"100 מ""ל",false,1,24.90,16.60,true,1,
7290105500984,false,"ערק בוכא בוקובזה 700 מ""ל",סייבה,FR,ליקר בוכא,מיליליטרים,700.00,"100 מ""ל",false,1,139.90,19.99,true,1,
7290105690715,false,מרק נמס תירס 27*2גרם,אסם,IL,מרק נמס תירס,גרמים,54.00,100 גרם,false,0,7.30,13.52,true,1,
7290105690753,false,מרק נמס ט.עוף+שקדי 26*2ג,אסם,IL,מרק נמס טעם עוף,גרמים,52.00,100 גרם,false,0,7.30,14.04,true,1,
7290105691224,false,אסם חטיפי פריכונים טורטייה שום בצל 60 גרם,"פרח תעשיות מזון בע""מ.",IL,קריספי טורטיה,גרמים,60.00,100 גרם,false,0,8.10,13.50,true,1,
7290105691248,false,אסם חטיפי פריכונים טורטייה תירס 60 גרם,"פרח תעשיות מזון בע""מ.",IL,קריספי טורטיה,גרמים,60.00,100 גרם,false,0,8.10,13.50,true,1,
7290105691934,false,קמח שמרים אסם 1 קילו,תאי פרזידנט פוד פאבל,IL,"קמח שמרים 1 ק""ג",קילוגרמים,1.00,"ק""ג",false,0,10.80,10.80,true,1,
7290105691965,false,רוטב סויה סיני אסם 290 מ,"אסם השקעות בע""\מ",IL,ר.סויה סיני אסם,מיליליטרים,290.00,"100 מ""ל",false,0,14.10,4.86,true,1,
7290105692535,false,עוגת שוקו שוקוצ'יפס350גר,"אסם השקעות בע""\מ",IL,עוגת שוקוצ'יפס,גרמים,350.00,100 גרם,false,0,16.80,4.80,true,1,
7290105692771,false,תערובת להכנת לחמניות200ג,מיוצר עי קונדיטוריית,IL,תערובת ללחמניות,גרמים,200.00,100 גרם,false,0,11.60,5.80,true,1,
7290105693341,false,מארז עשיריית במבה אסם 25*10 גרם,"אסם השקעות בע""\מ",IL,במבה 10 יח,גרמים,250.00,100 גרם,false,0,17.60,7.04,true,1,
7290105693457,false,עוגת הבית דמקה שוקו וניל אסם 320 גרם,מיוצר עי קונדיטוריית,IL,עוגת הבית,גרמים,320.00,100 גרם,false,0,13.40,4.19,true,1,
7290105694775,false,טריקס פירות דגני תירס480,ג'נרל מילס,US,טריקס בטעם פירות,גרמים,480.00,100 גרם,false,0,28.90,6.02,true,1,
7290105694881,false,סחוג ירוק רפי כהן 150 גר,צבר,IL,סחוג ירוק,גרמים,150.00,100 גרם,false,0,11.50,7.67,true,1,
7290105694928,false,אבקת מרק בצל רכיבים טבעיים אסם 220 גרם,"אסם השקעות בע""\מ",IL,מרק בצל,גרמים,220.00,100 גרם,false,0,18.50,8.41,true,1,
7290105695024,false,פתיתים אפויים אורז עם אטריות אסם 500 גרם,"אסם השקעות בע""\מ",IL,פתיתים אפויים,גרמים,500.00,100 גרם,false,0,7.80,1.56,true,1,
7290105695321,false,עוגת הבית בראוניס פאדג' אסם 380 גרם,מיוצר עי קונדיטוריית,IL,עוגת בראוניס,גרמים,380.00,100 גרם,false,0,18.30,4.82,true,1,
7290105961525,false,שוק.ספלנדיד מריר85% 100ג,"שטראוס גרופ בע""\מ",IL,שוקולד ספלנדיד,גרמים,100.00,100 גרם,false,0,11.90,11.90,true,1,
7290105964748,false,בונ.ספלנדיד מריר%70 216ג,שטראוס,IL,בונ.ספלנדיד,גרמים,216.00,100 גרם,false,0,29.60,13.70,true,1,
7290105964755,false,בונ.ספלנדיד מיקס 216 גרם,שטראוס,IL,בונ.ספלנדיד מיקס,גרמים,216.00,100 גרם,false,0,29.60,13.70,true,1,
7290105964915,false,פופקורן טבעי 80 גרם,שטראוס,IL,פופקורן טבעי,גרמים,80.00,100 גרם,false,0,5.90,7.38,true,1,
7290105965493,false,ספלנדיד מריר+מוס שוק105ג,שטראוס,IL,ספלנדיד מריר,גרמים,105.00,100 גרם,false,1,11.90,11.33,true,1,
7290105965509,false,שוק.מריר62% +מוס גאנדויה,שטראוס,IL,שוקולד ספלנדיד,גרמים,105.00,100 גרם,false,1,11.90,11.33,true,1,
7290105965738,false,יוגורט לשתיה בטעם תות בננה267 ג' דנונה,מיוצר עי קונדיטוריית,IL,דנונה לשתיה,גרמים,267.00,100 גרם,false,0,5.30,1.99,true,1,
7290105966469,false,"חומץ בלסמי ממודנה יד מרדכי 250 מ""ל",אצטייה ג'וזפה קרמוני,IT,חומץ בלסמי,גרמים,250.00,100 גרם,false,0,16.90,6.76,true,1,
7290105968654,false,רביולי בטטה פרווה פסטה נונה 400 ג',מיוצר עי קונדיטוריית,IL,רביולי בטטה 400ג,גרמים,400.00,100 גרם,false,0,15.90,3.98,true,1,
7290106504776,false,פמפרס פרימיום מידה3 20*4,פרוקטר & גמבל,IL,רביעיית פמפרס,יחידה,1.00,יחידה,false,1,74.90,74.90,true,1,
7290106520066,false,"רבע לשבע שוקולד חלב במילוי אגוזים עלית 160 גרם בד""צ","הגביע מוצרי וופלים בע""\מ",IL,רבע לשבע 160 גרם,גרמים,160.00,100 גרם,false,0,13.50,8.44,true,1,
7290106520295,false,דנונה פרו לבן 2.9% 150גר,שטראוס,IL,דנונה פרו לבן,גרמים,150.00,100 גרם,false,1,4.90,3.27,true,1,
7290106520363,false,דנונה לשתיה תות אננס267ג,שטראוס,IL,דנונה לשתיה,גרמים,267.00,100 גרם,false,1,5.30,1.99,true,1,
7290106520417,false,JOYבר שוקולד+ופל מצופ140,שטראוס,IL,JOY בר שוקולד,גרמים,140.00,100 גרם,false,1,4.30,3.07,true,1,
7290106520424,false,JOY בר שוקו.מריר+אגוז140,שטראוס,IL,JOY בר שוקולד,גרמים,140.00,100 גרם,false,1,4.30,3.07,true,1,
7290106520462,false,מאגדת מילקי קייק 136,TSC,IT,מילקי קייק 4יח,גרמים,136.00,100 גרם,false,1,11.40,8.38,true,1,
7290106520813,false,תפוצ'יפס בטעם טבעי 50*6ג,"שטראוס פריטו ליי בע""\מ )",IL,תפוצ'יפס 6 יח,גרמים,300.00,100 גרם,false,0,16.70,5.57,true,1,
7290106522220,false,שוק.קראנצ כדורי דגנים90ג,שטראוס,IL,שוקולד קראנצ',גרמים,90.00,100 גרם,false,0,6.40,7.11,true,1,
7290106522473,false,דנונה בר בנים 173*2ג,שטראוס,IL,זוג דנונה בר,גרמים,346.00,100 גרם,false,0,9.00,2.60,true,1,
7290106523142,false,יוג.יווני טבעי7% 130*4גר,שטראוס,IL,יוגורט יווני 4יח,גרמים,520.00,100 גרם,false,0,13.50,2.60,true,1,
7290106523937,false,תפוצ'יפס טבעי 30*7 גרם,שטראוס,IL,תפוצ'יפס 7 יח,גרמים,210.00,100 גרם,false,0,14.90,7.10,true,1,
7290106525320,false,אבקת שוקולית לאפייה קופסא 500ג' עלית,הנסיך- מפעל לייצור ט,IL,שוקולית לאפיה,גרמים,500.00,100 גרם,false,0,10.00,2.00,true,1,
7290106525689,false,ספלנדיד אגוז.לוז מריר110,שטראוס,IL,ספלנדיד אגוזי לו,גרמים,110.00,100 גרם,false,0,15.80,14.36,true,1,
7290106526327,false,"שמן זית כתית מעולה650מ""ל",יד מרדכי,IL,שמן זית,מיליליטרים,650.00,"100 מ""ל",false,0,32.90,5.06,true,1,
7290106528864,false,מאסט פפרמינט ממולא25גרם,שטראוס,IL,מסטיק מאסט,גרמים,25.00,100 גרם,false,1,5.30,21.20,true,1,
7290106570153,false,תערובת להכנת לטקס כש,"אסם השקעות בע""\מ",IL,לטקס,גרמים,170.00,100 גרם,false,0,13.90,8.18,true,1,
7290106571037,false,"מאגדת גומיגם 5יח כשל""פ",גלידות נסטלה )נגה גלידות,IL,מאגדת גומיגם,גרמים,450.00,100 גרם,false,0,30.10,6.69,true,1,
7290106571709,false,"רוטב צ'ילי מתוק כשל""פ290",מיוצר עי קונדיטוריית,IL,רוטב צ'ילי,מיליליטרים,290.00,"100 מ""ל",false,0,11.60,4.00,true,1,
7290106571877,false,בייגלה שטוחים 60*6 גרם,אסם,IL,בייגלה שטוח 6 יח,גרמים,360.00,100 גרם,false,0,16.30,4.53,true,1,
7290106572027,false,אוסם - לחמית חמישה דגנים 190 גרם,"אסם השקעות בע""\מ",IL,לחמית 5 דגנים,גרמים,190.00,100 גרם,false,0,9.90,5.21,true,1,
7290106572652,false,דובונים גן חיות 40 גרם,אסם,IL,דובונים גן חיות,גרמים,40.00,100 גרם,false,0,4.90,12.25,true,1,
7290106572997,false,"קמח שמרים לפיצה ופוקצ'ה אסם 1 ק""ג","קוד יצרן TKMB, משווק",IL,קמח שמרים לפיצה,קילוגרמים,1.00,"ק""ג",false,0,10.80,10.80,true,1,
7290106573598,false,צבר חומוס לבנוני 400 גרם,סלטי צבר,IL,חומוס לבנוני צבר,גרמים,400.00,100 גרם,false,0,11.80,2.95,true,1,
7290106573628,false,צבר חומוס עם טחינה 400 גרם,סלטי צבר,IL,חומוס עם טחינה,גרמים,400.00,100 גרם,false,0,11.90,2.98,true,1,
7290106573642,false,חומוס צנובר צבר 400 גרם,סלטי צבר,IL,חומוס צנובר,גרמים,400.00,100 גרם,false,0,12.80,3.20,true,1,
7290106573703,false,חציל פיקנטי רפי כהןג400,צבר,IL,חציל פיקנטי צבר,גרמים,400.00,100 גרם,false,0,12.90,3.23,true,1,
7290106573963,false,ביסלי ברביקיו 67*3 גרם,אסם,IL,ביסלי ברבקיו 3יח,גרמים,201.00,100 גרם,false,0,12.60,6.27,true,1,
7290106574793,false,עוגת הבית בטעם שוקו-שוקוצ'יפס 350 ג' אסם,מיוצר עי קונדיטוריית,IL,עוגת הבית,גרמים,350.00,100 גרם,false,0,13.40,3.83,true,1,
7290106574977,false,בייגלה שטוחים כעכים שטוחים עם מלח,מיוצר עי קונדיטוריית,IL,בייגלה שטוחים,גרמים,300.00,100 גרם,false,0,11.90,3.97,true,1,
7290106576513,false,סלט חומוס צבר 400 גר,סלטי צבר,IL,חומוס צבר,גרמים,400.00,100 גרם,false,0,10.50,2.63,true,1,
7290106576537,false,חומוס מסעדות צבר 700 גרם,סלטי צבר,IL,חומוס מסעדה צבר,גרמים,700.00,100 גרם,false,0,8.90,1.27,true,1,
7290106576797,false,"לה קרמריה גלידת וניל איטלקי כשל""פ 1.4ל'",תות תעשיות מזון (201,IL,"לה קרמריה כשל""פ",ליטרים,1.40,ליטר,false,0,23.00,16.43,true,1,
7290106576810,false,גלידה לה קרמריה ריבת חלב 1.4 ל' נסטלה,לה קרמריה- נסטלה,IL,"לה קרמריה צמחי,",ליטרים,1.40,ליטר,false,0,23.00,16.43,true,1,
7290106576834,false,גלידה לה קרמריה פונטש בננה1.4 ל' נסטלה,תות תעשיות מזון (201,IL,"לה קרמריה כשל""פ",ליטרים,1.40,ליטר,false,0,23.00,16.43,true,1,
7290106576858,false,גלידה לה קרמריה תותים בשמנת 1.4 ל' נסטלה,גלידות נסטלה )נגה גלידות,IL,"לה קרמריה כשל""פ",ליטרים,1.40,ליטר,false,0,23.00,16.43,true,1,
7290106576896,false,לה קרמריה וניל קוק. כשלפ,נסטלה,IL,"לה קרמריה כשל""פ",ליטרים,1.40,ליטר,false,0,23.00,16.43,true,1,
7290106576919,false,לה קרמריה גלידת סורבה תות לימון 1.4ל',גלידות נסטלה )נגה גלידות,IL,"לח קרמריה כשל""פ",ליטרים,1.40,ליטר,false,0,23.00,16.43,true,1,
7290106576926,false,לה קרמריה שוקו וניל לייט,נסטלה,IL,לה קרמריה לייט,ליטרים,1.40,ליטר,false,0,23.00,16.43,true,1,
7290106576957,false,"לה קרמריה גלידת שוקו וניל פליק פרווה כשל""פ 1.4",תות תעשיות מזון (201,IL,"לה קרמריה כשל""פ",ליטרים,1.40,ליטר,false,0,23.00,16.43,true,1,
7290106576971,false,גלידה לה קרמריה שוקולד בלגי 1.4 ל' נסטלה,תות תעשיות מזון (201,IL,"לה קרמריה כשל""פ",ליטרים,1.40,ליטר,false,0,23.00,16.43,true,1,
7290106576995,false,גלידה סורבה לה קרמריה תות מנגו לייט 1.4 ל' נסטלה,גלידות נסטלה )נגה גלידות,IL,לה קרמריה לייט,ליטרים,1.40,ליטר,false,0,23.00,16.43,true,1,
7290106577039,false,גלידה לה קרמריה שוקו וניל פליק 1.4 ל' נסטלה,תות תעשיות מזון (201,IL,"לא קרמריה כשל""פ",ליטרים,1.40,ליטר,false,0,23.00,16.43,true,1,
7290106577282,false,טחינה אמיתית מרובע 400 ג' צבר,סלטי צבר,IL,טחינה צבר,גרמים,400.00,100 גרם,false,0,13.60,3.40,true,1,
7290106577480,false,חציל על האש בטחינה400גר,סלטי צבר,IL,חציל על האש צבר,גרמים,400.00,100 גרם,false,0,15.40,3.85,true,1,
7290106577503,false,חציל במיונז מרובע 400גרם,סלטי צבר,IL,חציל במיונז צבר,גרמים,400.00,100 גרם,false,0,13.20,3.30,true,1,
7290106577541,false,כרוב אדום מרובע 400 ג' צבר,סלטי צבר,IL,כרוב אדום צבר,גרמים,400.00,100 גרם,false,0,12.80,3.20,true,1,
7290106578821,false,עוגת הבית שמרים קלאסית שוקולד אסם 350 גרם,מיוצר עי קונדיטוריית,IL,עוגת שמרים,גרמים,350.00,100 גרם,false,0,18.50,5.29,true,1,
7290106579132,false,פרפקטו ספירלי טריו 450 ג,זארה,IT,ספירלי טריו,גרמים,450.00,100 גרם,false,0,8.50,1.89,true,1,
7290106579156,false,פרפקטו פארפאלה 450 גרם,זארה,IT,פרפקטו פארפאלה,גרמים,450.00,100 גרם,false,0,8.80,1.96,true,1,
7290106579316,false,גל.גויה וניל עוגיות 500,נסטלה,IL,גל.גויה וניל עוגיות 500,מיליליטרים,500.00,"100 מ""ל",false,0,21.90,4.38,true,1,
7290106579330,false,גל.גויה ריבת חלב כשלפ,נסטלה,IL,גלידה גויה,מיליליטרים,500.00,"100 מ""ל",false,0,21.90,4.38,true,1,
7290106651272,false,פרכיות אנרגי מיני טבעי25,,IL,פריכיות אנרג'י,גרמים,25.00,100 גרם,false,0,4.50,18.00,true,1,
7290106651296,false,פרכ.אנרגי סוכר קינמון25ג,,IL,פריכיות אנרג'י,גרמים,25.00,100 גרם,false,0,4.50,18.00,true,1,
7290106652491,false,בפלות לימון קראנץ 300גר,עלית,IL,בפלות קראנץ,גרמים,300.00,100 גרם,false,0,6.90,2.30,true,1,
7290106653207,false,פיתה קראנצ' זעתר 300 גרם,"שטראוס פריטו ליי בע""\מ )",IL,פיתה קראנצ',גרמים,300.00,100 גרם,false,0,10.90,3.63,true,1,
7290106654099,false,מילקי CAKE עוגות אישיות במילוי קרם חלב,בובארד איטליה אס.פי.איי,IT,מילקי קייק 8 יח',גרמים,272.00,100 גרם,false,1,20.90,7.68,true,1,
7290106654235,false,טופי בטעם בזוקה 290 גרם,עלית,IL,טופי בזוקה,גרמים,290.00,100 גרם,false,0,10.90,3.76,true,1,
7290106654921,false,תפוציפס אקסטרה טבעי 50 גרם,"שטראוס פריטו ליי בע""\מ )",IL,תפוצ'יפס אקסטרא,גרמים,50.00,100 גרם,false,0,4.40,8.80,true,1,
7290106654945,false,תפוציפס אקסטרא ברבקיו50ג,שטראוס,IL,תפוצ'יפס אקסטרא,גרמים,50.00,100 גרם,false,0,4.40,8.80,true,1,
7290106654969,false,חומוס כפרי אחלה750גרם,שטראוס,IL,חומוס כפרי אחלה,גרמים,750.00,100 גרם,false,0,13.90,1.85,true,1,
7290106656727,false,"עוגיות חיוכים שוקולד עלית 600 גרם בד""צ",אפיפית נצרת תעשיות ב,IL,חיוכים שוקולד,גרמים,600.00,100 גרם,false,0,18.70,3.12,true,1,
7290106656895,false,סימפוניה עגבנ.מיובשות200,שטראוס,IL,גבינת סימפוניה5%,גרמים,200.00,100 גרם,false,0,10.00,5.00,true,1,
7290106660915,false,"מקופלת XL מריר כשל""פ33גר",מיוצר עי קונדיטוריית,IL,חטיף מקופלת,גרמים,33.00,100 גרם,false,0,4.50,13.64,true,1,
7290106661844,false,מילקי קייק קוקוס 34 גרם,שטראוס,IL,מילקי קייק,גרמים,34.00,100 גרם,false,1,3.10,9.12,true,1,
7290106661868,false,"עוגת קוקוס+קרם כשל""פ330ג",עלית,IL,עוגת קוקוס,גרמים,330.00,100 גרם,false,0,16.80,5.09,true,1,
7290106661875,false,גב.סקי פאי לימון3% 125גר,שטראוס,IL,סקי מעדן גבינה,גרמים,125.00,100 גרם,false,1,3.70,2.96,true,1,
7290106662605,false,JOY מעדן שוקולד3.9% 130ג,שטראוס,IL,JOY מעדן שוקולד,גרמים,130.00,100 גרם,false,1,3.40,2.62,true,1,
7290106662612,false,JOY מעדן וניל 3.9% 130גר,שטראוס,IL,JOY מעדן וניל,גרמים,130.00,100 גרם,false,1,3.40,2.62,true,1,
7290106662629,false,JOYמעדן טעם וניל0% 130ג,שטראוס,IL,JOY מעדן וניל 0%,גרמים,130.00,100 גרם,false,1,3.40,2.62,true,1,
7290106662643,false,JOYמעדן שוקולד 0% 130ג,שטראוס,IL,JOY מעדן שוקולד,גרמים,130.00,100 גרם,false,1,3.40,2.62,true,1,
7290106663053,false,סימפוניה ערב בפריז5% 200,שטראוס,IL,גבינת סימפוניה,גרמים,200.00,100 גרם,false,1,10.00,5.00,true,1,
7290106663121,false,"עוגה אישית במילוי קרם חלב ""מילקי קייק"" שטראוס",בובארד איטליה אס.פי.איי,IT,מילקי קייק,גרמים,34.00,100 גרם,false,1,3.10,9.12,true,1,
7290106663398,false,סוכ.גומי מיקס חמוץ 200ג,עלית,IL,סוכריות גומי,גרמים,200.00,100 גרם,false,1,10.90,5.45,true,1,
7290106663541,false,"רוטב צ'ילי שום יד מרדכי 280 מ""ל","ב.א. מזון בע""\מ",IL,רוטב צ'ילי שום,מיליליטרים,280.00,"100 מ""ל",false,1,15.80,5.64,true,1,
7290106663558,false,"רוטב טריאקי ורימון יד מרדכי 280מ""ל",אף.סי תבליני בגליל ב,IL,רוטב טריאקי,מיליליטרים,280.00,"100 מ""ל",false,1,15.80,5.64,true,1,
7290106663565,false,עלית חלבית חלבי 300,עלית,IL,חלבית - חלבי,גרמים,300.00,100 גרם,false,1,20.50,6.83,true,1,
7290106664548,false,רוטב שמנת4+גבינות9% 250מ,שטראוס,IL,רוטב שמנת גבינות,מיליליטרים,250.00,"100 מ""ל",false,1,11.00,4.40,true,1,
7290106664562,false,רוטב שמנת עם פטריות 9% שומן 258 ג' יוטבתה,שטראוס גרופ,IL,רוטב שמנת פטריות,מיליליטרים,250.00,"100 מ""ל",false,1,11.00,4.40,true,1,
7290106665491,false,פסק זמן חלב קלאסי כשר לפסח,"שטראוס גרופ בע""\מ",IL,חטיף פסק זמן,גרמים,43.00,100 גרם,false,0,5.50,12.79,true,1,
7290106665507,false,מיקס טעמי מקופלת כשלפ175,"שטראוס גרופ בע""\מ",IL,מיקס טעמי מקופלת,גרמים,175.00,100 גרם,false,0,11.90,6.80,true,1,
7290106669314,false,סימפוניה בנגקוק 5% 200ג,שטראוס,IL,גבינת סימפוניה,גרמים,200.00,100 גרם,false,1,10.00,5.00,true,1,
7290106721999,false,מאסט אננס הדר ממולא25גרם,שטראוס,IL,מסטיק מאסט,גרמים,25.00,100 גרם,false,1,5.30,21.20,true,1,
7290106725430,false,מסטיק קוב.אננס הדרים63ג,עלית,IL,מסטיק קוביות,גרמים,63.00,100 גרם,false,1,12.80,20.32,true,1,
7290106725522,false,"רוטב שזיף רימון 280 מ""ל",בית אל מזון,IL,רוטב שזיף רימון,מיליליטרים,280.00,"100 מ""ל",false,1,15.80,5.64,true,1,
7290106725874,false,"סירופ מייפל טבעי 236 מ""ל ""יד מרדכי""",יד מרדכי,CA,סירופ מייפל,מיליליטרים,236.00,"100 מ""ל",false,1,46.90,19.87,true,1,
7290106726161,false,דנונה פרו אפרסק2.4% 150ג,"שטראוס בריאות בע""מ",IL,דנונה פרו אפרסק,גרמים,150.00,100 גרם,false,1,4.90,3.27,true,1,
7290106726178,false,יוגורט PRO עם פירות יער 2.4% 10 גרם חלבון בגביע,מיוצר עי קונדיטוריית,IL,דנונה פרו פ.יער,גרמים,150.00,100 גרם,false,1,4.90,3.27,true,1,
7290106726796,false,דנונה בר עדשים 180 גרם,"שטראוס בריאות בע""\מ",IL,דנונה בר עדשים,גרמים,180.00,100 גרם,false,1,4.50,2.50,true,1,
7290106728127,false,חלב טבעי בקבוק3.6% 1ליטר,מחלבת יטבתה,IL,חלב טבעי בקבוק,ליטרים,1.00,ליטר,false,1,7.80,7.80,true,1,
7290106728288,false,סקי עוגת גבינה+תות 125ג,שטראוס,IL,סקי מעדן גבינה,גרמים,125.00,100 גרם,false,1,3.70,2.96,true,1,
7290106729797,false,פרופיטרול גו'י 500 גרם,שטראוס,IL,פרופיטרול JOY,גרמים,500.00,100 גרם,false,1,27.90,5.58,true,1,
7290106729865,false,סימפוניה שום+פלפל5% 200ג,שטראוס,IL,גבינת סימפוניה,גרמים,200.00,100 גרם,false,1,10.00,5.00,true,1,
7290106729872,false,מילקי טופ עוגיות 143 גרם,שטראוס,IL,מילקי טופ עוגיות,גרמים,143.00,100 גרם,false,1,5.00,3.50,true,1,
7290107280099,false,שלישיית מגובנים נשטפים באסלה סופט סוד 48 יחידות,טרופיקל דגיל- תעשיות,IL,מגבוני נייר לחים,יחידה,1.00,יחידה,false,0,15.00,15.00,true,1,
7290107280167,false,תחליב רחצה קרמה וניל750מ,קוסמופארם בע'\'\מ,IL,תחליב רחצה קרמה,מיליליטרים,750.00,"100 מ""ל",false,0,15.90,2.12,true,1,
7290107280389,false,"סנו - ג'ט מרסס לניקוי בחדר האמבטיה 750 מ""ל","איי, בי, אינבוו",IL,מתז ג'ט לאמבט,מיליליטרים,750.00,"100 מ""ל",false,0,11.90,1.59,true,1,
7290107280471,false,ספארק טבליות למדיח 30 יח,סנו,IL,טבליות למדיח,יחידה,1.00,יחידה,false,0,29.70,29.70,true,1,
7290107280488,false,סבון אסלה מוצק פרחים,סנו,IL,סנובון WAVE,גרמים,45.00,100 גרם,false,0,10.20,22.67,true,1,
7290107280495,false,סבון אסלה מוצק לימון,swrzedz dramers,IL,סנובון WAVE,גרמים,45.00,100 גרם,false,0,10.20,22.67,true,1,
7290107280501,false,סנובון WAVE אורנים 45גר,סנו,PL,סנובון WAVE,גרמים,45.00,100 גרם,false,0,10.20,22.67,true,1,
7290107280679,false,ספארק טבליות למדיח 70 יח,סנו,IL,טבליות למדיח,יחידה,1.00,יחידה,false,0,39.90,39.90,true,1,
7290107280723,false,נוזל לניקוי כלים סנו ספארק Spark בניחוח לימון רענן,סנו כימיקלים,IL,נוזל לכלים לימון,מיליליטרים,700.00,"100 מ""ל",false,0,7.90,1.13,true,1,
7290107280730,false,נוזל לניקוי כלים סנו ספארק Spark בניחוח לבנדר,מיוצר עי קונדיטוריית,IL,נוזל כלים לבנדר,מיליליטרים,700.00,"100 מ""ל",false,0,7.90,1.13,true,1,
7290107280747,false,נוזל לניקוי כלים סנו ספארק Spark קלאסי,סנו כימיקלים,IL,נוזל לכלים קלאסי,מיליליטרים,700.00,"100 מ""ל",false,0,7.90,1.13,true,1,
7290107280761,false,נוזל לניקוי כלים בניחוח לימון רענן סנו ספארק Spark,מיוצר עי קונדיטוריית,IL,נוזל כלים לימון,ליטרים,1.00,ליטר,false,0,13.80,13.80,true,1,
7290107280815,false,"K301 קוטל זוחלים 300 מ""ל","סנו מפעלי ברונוס בע""מ",IL,K301 קוטל זוחלים,מיליליטרים,300.00,"100 מ""ל",false,1,11.90,3.97,true,1,
7290107280839,false,קרמה ק.גוף 500 לחות מוגברת,קוסמופארם בע'\'\מ,IL,קרם גוף קרמה,מיליליטרים,500.00,"100 מ""ל",false,1,24.90,4.98,true,1,
7290107536042,false,מארז גיפט קארד מרובע ניי,.,IL,מארז גיפטקארד,יחידה,1.00,יחידה,false,1,4.00,4.00,true,1,
7290107640206,false,פינוק מרכך למגע משי700 מ,יוניליוור,IL,מרכך פינוק,מיליליטרים,700.00,"100 מ""ל",false,0,10.00,1.43,true,1,
7290107640213,false,פינוק ת.רחצה למגע משי700,יוניליוור,IL,תחליב רחצה פינוק,מיליליטרים,700.00,"100 מ""ל",false,0,10.00,1.43,true,1,
7290107640473,false,קורנפלקס 750 גרם100+ גרם,יוניליוור,IL,קורנפלקס תלמה,גרמים,850.00,100 גרם,false,0,15.90,1.87,true,1,
7290107640527,false,מארז סיף+ ספוג הפלא,יוניליוור,IL,מארז סיף+ ספוג,יחידה,1.00,יחידה,false,0,10.00,10.00,true,1,
7290107641098,false,פינוק 2ב1 קשקשים 700 מל,יוניליוור,IL,שמפו פינוק,מיליליטרים,700.00,"100 מ""ל",false,1,10.00,1.43,true,1,
7290107641845,false,פניני נסיכות טעם דבש300ג,יוניליוור,IL,דגנים נסיכות,גרמים,300.00,100 גרם,false,1,23.50,7.83,true,1,
7290107643351,false,"חטיף כריות כשל""פ 150 גרם",יוניליוור,IL,"חטיף כריות כשל""פ",גרמים,150.00,100 גרם,false,1,19.70,13.13,true,1,
7290107860802,false,מטען לסמסונג מיקרו SIX,.,CN,מטען לסמסונג,יחידה,1.00,יחידה,false,1,49.00,49.00,true,1,
7290107870047,false,טילון אקסטרים115-120 גרם ענק נסטלה 120 גרם,תות תעשיות מזון (201,IL,טילון בראוניז מטבע ענק י,יחידה,1.00,יחידה,false,0,10.00,10.00,true,1,
7290107871532,false,מאגדת קרחוני מלון דובדבן נסטלה 10 יחידות,גלידות נסטלה )נגה גלידות,IL,מאגדת קרח מילון דובד750,גרמים,750.00,100 גרם,false,7,19.70,2.63,true,1,
7290107871761,false,לחמית ירקות קלויים 160גר,אסם,IL,לחמית ירקות,גרמים,160.00,100 גרם,false,1,11.60,7.25,true,1,
7290107871990,false,"פסטה צינורות 500 גרם ""אסם""",פסטה זארה,IT,פסטה צינורות,גרמים,500.00,100 גרם,false,0,6.20,1.24,true,1,
7290107872188,false,רוטב עגבניות לספגטי420ג,אסם,IL,רוטב עגבניות,גרמים,420.00,100 גרם,false,0,10.00,2.38,true,1,
7290107872744,false,"מאגדת מיניונים 4כשל""פ",נסטלה,IL,מאגדת מיניונים,יחידה,1.00,יחידה,false,1,29.90,29.90,true,1,
7290107873086,false,פתיתים אפויים פלוס עדשים,אסם,IL,פתיתים אפויים,גרמים,400.00,100 גרם,false,0,7.80,1.95,true,1,
7290107873185,false,מלך החומוס+פלפל חריף400ג,צבר,IL,מלך החומוס צבר,גרמים,400.00,100 גרם,false,1,13.50,3.38,true,1,
7290107873208,false,חומוס עשיר בטחינה 400גרם,צבר,IL,מלך החומוס צבר,גרמים,400.00,100 גרם,false,1,13.50,3.38,true,1,
7290107873239,false,פתי בר קרמל 500גרם,אסם,IL,פתיבר קרמל,גרמים,500.00,100 גרם,false,1,12.00,2.40,true,1,
7290107874427,false,אוסם - מיני פריכונים זעתר 25 גרם,"פרח תעשיות מזון בע""מ.",IL,פריכונים מיני,גרמים,25.00,100 גרם,false,0,4.50,18.00,true,1,
7290107874441,false,פריכונים מיני בצל מקורמל 25 גרם אסם,"פרח תעשיות מזון בע""מ.",IL,פריכונים מיני,גרמים,25.00,100 גרם,false,0,4.50,18.00,true,1,
7290107874632,false,"מאגדת שלגון אימוג'י כל""פ",נגה גלידות,IL,מאגדת אימוג'י,גרמים,260.00,100 גרם,false,4,29.60,11.38,true,1,
7290107874700,false,ביסלי נאצ'וס אקסט.צ'יז50,דוגוס,TR,ביסלי נאצ'וס,גרמים,50.00,100 גרם,false,1,3.50,7.00,true,1,
7290107875400,false,גלידה לה קרמריה פיסטוק מוקה 1.4 ל' נסטלה,גלידות נסטלה )נגה גלידות,IL,להקרמריה,ליטרים,1.40,ליטר,false,0,23.00,16.43,true,1,
7290107875912,false,מנה חמה פסטה עגבניות62ג,אסם,IL,מנה חמה,גרמים,62.00,100 גרם,false,1,7.50,12.10,true,1,
7290107876520,false,"מאגדת לייט ריבת חלב כל""פ",נסטלה,IL,מאגדת לייט,גרמים,180.00,100 גרם,false,5,26.90,14.94,true,1,
7290107876650,false,מלפפונים במלח 7-9 670גרם,בית השיטה,IL,מלפפונים במלח,גרמים,670.00,100 גרם,false,1,7.10,1.06,true,1,
7290107876803,false,זיתים חרוזית 560 גרם,בית השיטה,IL,זיתים חרוזית,גרמים,560.00,100 גרם,false,1,9.90,1.77,true,1,
7290107876841,false,זיתים ירוקים טעם שום560ג,בית השיטה,IL,זיתים טעם שום,גרמים,560.00,100 גרם,false,1,11.70,2.09,true,1,
7290107877992,false,פרפקטו ספירלי 600 גרם,פסטה זארה,IT,פרפקטו ספירלי,גרמים,600.00,100 גרם,false,1,8.50,1.42,true,1,
7290107878012,false,בייגל קרקר כפרי 180 גרם,אסם,IL,בייגל קרקר כפרי,גרמים,180.00,100 גרם,false,1,10.50,5.83,true,1,
7290107878036,false,בייגל קרקר עשבי תיבול180,אסם,IL,בייגל קרקר,גרמים,180.00,100 גרם,false,1,10.50,5.83,true,1,
7290107878456,false,מאגדת ג'ויה פיסטוק קוקוס,נסטלה,IL,מאגדת ג'ויה,יחידה,1.00,יחידה,false,1,31.90,31.90,true,1,
7290107878470,false,מאגדת ג'ויה חלבה ופיסטוק,נסטלה,IL,מאגדת ג'ויה,גרמים,220.00,100 גרם,false,1,31.90,14.50,true,1,
7290107878548,false,פתיתים דינוזאורים 500גרם,אסם,IL,פתיתים,גרמים,500.00,100 גרם,false,1,7.80,1.56,true,1,
7290107878906,false,"מרק נמס עגבניות כשל""פ40ג",אסם,IL,מרק נמס עגבניות,גרמים,40.00,100 גרם,false,1,7.30,18.25,true,1,
7290107878920,false,קוקטייל זיתים 560 גרם,בית השיטה,IL,קוקטייל זיתים,גרמים,560.00,100 גרם,false,1,11.70,2.09,true,1,
7290107879200,false,"קינוחי כוסות וניל כשל""פ",אסם,IL,קינוחי כוסות,גרמים,185.00,100 גרם,false,1,12.80,6.92,true,1,
7290107879477,false,"ג'ויה טופי בננה 500מ""ל",נסטלה,IL,ג'ויה טופי בננה,מיליליטרים,500.00,"100 מ""ל",false,6,21.70,4.34,true,1,
7290107879521,false,קרחוני לה פרוטה La Frutta תות שדה - 5 יח',גלידות נסטלה )נגה גלידות,IL,מאגדת לה פרוטה,גרמים,350.00,100 גרם,false,1,27.90,7.97,true,1,
7290107879569,false,קרחון לה פרוטה שרבט מנגו מאגדת 5יח',גלידות נסטלה )נגה גלידות,IL,מאגדת לה פרוטה,גרמים,350.00,100 גרם,false,1,27.90,7.97,true,1,
7290107879583,false,מאגדת לה פרוטה בננה תמר פקאן,נסטלה,IL,מאגדת לה פרוטה,גרמים,350.00,100 גרם,false,1,27.90,7.97,true,1,
7290107930116,false,מילקי מוס 81 גרם,שטראוס,IL,מילקי מוס,גרמים,81.00,100 גרם,false,1,3.70,4.57,true,1,
7290107930208,false,אנרגי תות אקסטרה35*6 גרם,עלית,IL,חטיפי אנרג'י 6יח,גרמים,210.00,100 גרם,false,1,18.50,8.81,true,1,
7290107930963,false,שוק.פרה חלב אוריגמי 100ג,שטראוס,IL,שוקולד פרה,גרמים,100.00,100 גרם,false,1,6.00,6.00,true,1,
7290107932080,false,חלב מועשר יוטבתה בבקבוק 3% 1 ליטר,מחלבת יטבתה,IL,חלב מועשר 3%,ליטרים,1.00,ליטר,false,1,7.80,7.80,true,1,
7290107932127,false,חלב מועשר2% בקבוק 1ליטר,יטבתה,IL,חלב מועשר 2%,ליטרים,1.00,ליטר,false,1,7.80,7.80,true,1,
7290107932134,false,חלב מועשר יוטבתה בבקבוק 1% 1 ליטר,מחלבת יטבתה,IL,חלב מועשר 1%,ליטרים,1.00,ליטר,false,1,7.80,7.80,true,1,
7290107932394,false,סוכ.גומי מיקס מסוכר200גר,עלית,IL,סוכריות גומי,גרמים,200.00,100 גרם,false,1,10.90,5.45,true,1,
7290107932400,false,סוכריות ג'לי ברכות 540 ג,מיה,IL,סוכריות ג'לי,גרמים,540.00,100 גרם,false,1,21.90,4.06,true,1,
7290107932783,false,סוכ.גוג'י ברי אסאי 80גרם,טופגאם,IL,סוכריות מאסט,גרמים,80.00,100 גרם,false,1,8.50,10.63,true,1,
7290107933315,false,חלב יטבתה בבקבוק דל לוקטוז,מחלבת יטבתה,IL,חלבדל לקטוז 2%,ליטרים,1.00,ליטר,false,1,7.80,7.80,true,1,
7290107933520,false,פלאן קרמל קינוח.השמנת500,יטבתה,IL,פלאן קרמל-קינוח,מיליליטרים,500.00,"100 מ""ל",false,1,12.90,2.58,true,1,
7290107933537,false,קרם ברולה קינוח.השמנת500,יטבתה,IL,קרם ברולה-קינוח,מיליליטרים,500.00,"100 מ""ל",false,1,12.90,2.58,true,1,
7290107933544,false,פנקוטה קינוחי השמנת500ג,יטבתה,IL,פנקוטה-קינוח,גרמים,500.00,100 גרם,false,1,12.90,2.58,true,1,
7290107933643,false,"משקה יטבתה חלב ודגנים ובננה 250מ""ל",מחלבת יטבתה,IL,משקה חלב+דגנים,מיליליטרים,250.00,"100 מ""ל",false,1,5.00,2.00,true,1,
7290107933650,false,ארוחה קטנה בבקבוק תות250,מחלבת יטבתה,IL,משקה חלב+דגנים,מיליליטרים,250.00,"100 מ""ל",false,1,5.00,2.00,true,1,
7290107934473,false,שמינייה יוגורט לבן אקטיביה 1.5% דנונה 150 גרם,"שטראוס גרופ בע""\מ",IL,אקטביה 1.5% 8 יח,ליטרים,1.20,ליטר,false,1,22.90,19.08,true,1,
7290107934497,false,דנונה אקטיביה1.5% 150*4מ,שטראוס,IL,אקטביה1.5% 4 יח,מיליליטרים,600.00,"100 מ""ל",false,1,12.60,2.10,true,1,
7290107934503,false,דנונה אקטיביה 3% 150*4מל,שטראוס,IL,אקטביה 3% 4 יח,מיליליטרים,600.00,"100 מ""ל",false,1,12.60,2.10,true,1,
7290107936262,false,דנונה בר בננה+פצפוצים173,שטראוס,IL,דנונה בר בננה,גרמים,173.00,100 גרם,false,1,4.50,2.60,true,1,
7290107936460,false,מארז 8 יח' דנכול משקה יוגורט בטעם מעודן,מיוצר עי קונדיטוריית,IL,דנכול מעודן 8 יח,גרמים,800.00,100 גרם,false,1,30.50,3.81,true,1,
7290107937054,false,טרמיסו גו'י 500 גרם,שטראוס,IL,טרמיסו JOY,גרמים,500.00,100 גרם,false,1,27.90,5.58,true,1,
7290107970570,false,ביסקוויט מצופה שוקולד240,אפיפית,IL,ביסקוויט מצופה,גרמים,240.00,100 גרם,false,1,5.00,2.08,true,1,
7290108200201,false,וניש מסיר כתמים ורוד 1350 גר,רקיט בנקיזר,IT,גולד אבקה,קילוגרמים,1.35,"ק""ג",false,1,29.90,22.15,true,1,
7290108200225,false,אבקת כביסה ורוד קליה אוקסי גולד 470 ג' וניש,רקיט בנקיזר,IT,וניש גולד אבקה,גרמים,470.00,100 גרם,false,1,15.00,3.19,true,1,
7290108200232,false,וניש מסיר כתמים ומלבין כביסה 470 גרם,רקיט בנקיזר,IT,וניש גולד אבקה,גרמים,470.00,100 גרם,false,1,15.00,3.19,true,1,
7290108350210,false,סנו סושי 30 שקיות אשפה XL חזקות במיוחד,מיוצר עי קונדיטוריית,IL,שקיות אשפה חזקות,יחידה,1.00,יחידה,false,1,24.90,24.90,true,1,
7290108350258,false,נייר טואלט סנו סופט מוגדל סנו 12 יחידות,מפעלי ברונוס בעמ,IL,נייר טואלט סופט,מטרים,662.00,100 מטר,false,1,26.90,4.06,true,1,
7290108350531,false,סנו ספארק נוזל כלים בניחוח קלאסי עם משאבה 1 ל',מיוצר עי קונדיטוריית,IL,ספארק לכלים,ליטרים,1.00,ליטר,false,1,13.80,13.80,true,1,
7290108351101,false,פוליויקס פרקט 1+2ליטר,סנו,IL,פוליויקס פרקט,ליטרים,3.00,ליטר,false,1,31.90,10.63,true,1,
7290108355017,false,"נקה 7 מרכך לילדים מיניונים 750 מ""ל",אמיליה קוסמטיקס,IL,מרכך שיער נקה 7,מיליליטרים,750.00,"100 מ""ל",false,1,14.90,1.99,true,1,
7290109351025,false,מלך החומוס חומוסטחינה 40% טחינה גולמית,סלטי צבר,IL,חומוסטחינה צבר,גרמים,400.00,100 גרם,false,1,14.90,3.73,true,1,
7290109352534,false,פירורית זהב20%+ 420 גרם,עינת תעשיות,IL,פירורית זהב,גרמים,420.00,100 גרם,false,1,7.90,1.88,true,1,
7296058000526,false,פריכיות כוסמת פרח 160 גרם,פרח תעשיות,IL,פרכיות כוסמת,גרמים,130.00,100 גרם,false,0,9.80,7.54,true,1,
7296073001928,false,"נקטר תפ""ע צלול שופרסל 1ל",שופרסל,IL,"נקטר תפו""ע צלול",ליטרים,1.00,ליטר,false,0,4.50,4.50,true,1,
7296073002543,false,שקיות אשפה,,TR,שקיות אשפה,יחידה,1.00,יחידה,false,0,19.90,19.90,true,1,
7296073002567,false,10שקיות אשפה+שרוך שופרסל,שופרסל,TR,שקיות אשפה,יחידה,1.00,יחידה,false,0,13.60,13.60,true,1,
7296073002574,false,50 שקיות אשפה ענק.שופרסל,שופרסל,HK,שקיות אשפה,יחידה,1.00,יחידה,false,0,14.80,14.80,true,1,
7296073005735,false,עוג.סנדוויץ שוק.שופרס150,"אחים פפושדו ובניהם בע""\מ",IL,עוגיות סנדוויץ,גרמים,150.00,100 גרם,false,0,4.60,3.07,true,1,
7296073005742,false,עוג.סנדוויץ וניל שופרסל,"אחים פפושדו ובניהם בע""\מ",IL,עוגיות סנדוויץ,גרמים,150.00,100 גרם,false,0,4.60,3.07,true,1,
7296073005858,false,בורגול שופרסל 500 גרם,מיה,IL,בורגול,גרמים,500.00,100 גרם,false,0,5.20,1.04,true,1,
7296073005865,false,גריסי פנינה שופרסל500גרם,מיה,IL,גריסי פנינה,גרמים,500.00,100 גרם,false,0,5.90,1.18,true,1,
7296073005896,false,חיטה שופרסל 500 גרם,מיה,IL,חיטה שופרסל,גרמים,500.00,100 גרם,false,0,5.90,1.18,true,1,
7296073005902,false,כוסמת שופרסל 500 גרם,מיה,IL,כוסמת שופרסל,גרמים,500.00,100 גרם,false,0,8.30,1.66,true,1,
7296073005919,false,עדשים ירוקות שופרסל500ג,מיה,IL,עדשים ירוקות,גרמים,500.00,100 גרם,false,0,5.50,1.10,true,1,
7296073005926,false,עדשים אדומות שופרסל500גר,מיה,IL,עדשים אדומות,גרמים,500.00,100 גרם,false,0,6.10,1.22,true,1,
7296073005957,false,שעועית לבנה שופרסל500גרם,מיה,IL,שעועית לבנה,גרמים,500.00,100 גרם,false,0,10.80,2.16,true,1,
7296073006015,false,"חומוס גדול שופרסל 1 ק""ג",מיה,IL,חומוס גדול,קילוגרמים,1.00,"ק""ג",false,0,10.80,10.80,true,1,
7296073006060,false,חומוס לבן ענק שופרסל 1קג,מיה,IL,חומוס לבן ענק,קילוגרמים,1.00,"ק""ג",false,0,13.40,13.40,true,1,
7296073006107,false,"אפונה ירוקה שופרסל 1 ק""ג",מיה,IL,אפונה ירוקה,קילוגרמים,1.00,"ק""ג",false,0,8.80,8.80,true,1,
7296073006176,false,"סוכר שופרסל 1 ק""ג","סוגת תעשיות בע""\מ",IL,סוכר לבן,קילוגרמים,1.00,"ק""ג",false,0,4.50,4.50,true,1,
7296073006374,false,חרוזי זיתים ירוק.שופר560,שופרסל,,חרוזי זיתים,גרמים,560.00,100 גרם,false,0,9.40,1.68,true,1,
7296073006497,false,גביעי גלידה שופרסל 30יח',"א.ג. גילרו בע""\מ",IL,גביעי גלידה,גרמים,115.00,100 גרם,false,0,10.30,8.96,true,1,
7296073011217,false,פסטה פנה ריגטה31שופר500ג,שופרסל,IT,פסטה פנה ריגטה,גרמים,500.00,100 גרם,false,0,4.90,0.98,true,1,
7296073011224,false,פסטה פוסילי36שופר 500גרם,שופרסל,IT,פסטה פוסילי,גרמים,500.00,100 גרם,false,0,4.90,0.98,true,1,
7296073011248,false,פסטה פרפלה מס57שופרסל500,שופרסל,IT,פסטה פרפלה,גרמים,500.00,100 גרם,false,0,4.90,0.98,true,1,
7296073016960,false,מפיות נשלפות,שופרסל,IL,מפיות נשלפות,יחידה,1.00,יחידה,false,0,3.90,3.90,true,1,
7296073020356,false,150כוס שתייה קרה בייסיק,שופרסל,IL,"כוסות ח""פ",יחידה,1.00,יחידה,false,0,8.90,8.90,true,1,
7296073020370,false,צלחות גדולות שופרסל 100,שופרסל,IL,"צלחות ח""פ גדולות",יחידה,1.00,יחידה,false,0,19.90,19.90,true,1,
7296073020394,false,"קעריות ח""פ שופרסל 50 יח'",שופרסל,IL,"קעריות ח""פ",יחידה,1.00,יחידה,false,0,13.90,13.90,true,1,
7296073020431,false,מפיות חד שכבתיות שופרסל,שופרסל,IL,מפיות חד שכבתי,יחידה,1.00,יחידה,false,0,7.90,7.90,true,1,
7296073020462,false,טחינה גולמית שופרסל 500ג,רושדי תעשיות מזון,IL,טחינה גולמית,גרמים,500.00,100 גרם,false,0,11.90,2.38,true,1,
7296073020936,false,פטריות שמפיניון חתוכ400ג,פרוצ'אמפ,NL,פטריות חתוכות,גרמים,400.00,100 גרם,false,0,4.60,1.15,true,1,
7296073021568,false,"קמח חיטה לבן בהיר 1 ק""ג",שופרסל,IL,קמח לבן,קילוגרמים,1.00,"ק""ג",false,0,3.80,3.80,true,1,
7296073021575,false,"קמח תופח שופרסל 1 ק""ג",שופרסל,IL,קמח תופח מאיליו,קילוגרמים,1.00,"ק""ג",false,0,6.70,6.70,true,1,
7296073021582,false,"סולת חיטה שופרסל 1 ק""ג",שופרסל,IL,סולת חיטה,קילוגרמים,1.00,"ק""ג",false,0,4.00,4.00,true,1,
7296073027713,false,מפיות חד שכבתי 180 יח,שופרסל,IL,מפיות חד שכבתי,יחידה,1.00,יחידה,false,0,9.90,9.90,true,1,
7296073030027,false,מפיות דו שכבתי,שופרסל,IL,מפיות דו שכבתי,יחידה,1.00,יחידה,false,0,7.90,7.90,true,1,
7296073033752,false,שמן קנולה שופרסל 1 ליטר,NV AOR,BE,שמן קנולה 1 ל',ליטרים,1.00,ליטר,false,0,7.80,7.80,true,1,
7296073036500,false,שמן קנולה שופרסל 3 ל',NV AOR,BE,שמן קנולה 3 ל',ליטרים,3.00,ליטר,false,0,22.90,7.63,true,1,
7296073048954,false,אורז לבן עגול שופרסל 1קג,מיה,IL,אורז ריזוטו,קילוגרמים,1.00,"ק""ג",false,0,8.40,8.40,true,1,
7296073048978,false,קרוטונים לסלט שופרסל400ג,"חטיפים מן הטבע בע""\מ",IL,קרוטונים לסלט,גרמים,400.00,100 גרם,false,0,16.80,4.20,true,1,
7296073053743,false,פסטה קונקיליוני39 שופרסל,שופרסל,IL,פסטה קונקיליוני,גרמים,500.00,100 גרם,false,0,4.90,0.98,true,1,
7296073053750,false,פסטה לומקה ריגטה 48 שופר,שופרסל,IT,פסטה לומקה,גרמים,500.00,100 גרם,false,0,4.90,0.98,true,1,
7296073053767,false,דפי לזניה שופרסל 500 גרם,שופרסל,IT,דפי לזניה,גרמים,500.00,100 גרם,false,0,10.00,2.00,true,1,
7296073058991,false,מוזלי שופרסל 500 גרם,בריגן קי ג'י,DE,מוזלי שופרסל,גרמים,500.00,100 גרם,false,0,15.90,3.18,true,1,
7296073059059,false,ברנפלקס שופרסל 500 גרם,בריגן קי. ג'י,DE,ברנפלקס שופרסל,גרמים,500.00,100 גרם,false,0,14.90,2.98,true,1,
7296073059097,false,25 מגבונים להסרת איפור,שופרסל,IL,מגבונים לאיפור,יחידה,1.00,יחידה,false,0,9.90,9.90,true,1,
7296073059615,false,קרוטונים לסלט שופרסל250ג,שופרסל,IL,קרוטונים לסלט,גרמים,250.00,100 גרם,false,0,10.80,4.32,true,1,
7296073059691,false,"50 צלחות גדול ח""פ שופרסל",שופרסל,IL,"צלחות ח""פ גדולות",יחידה,1.00,יחידה,false,0,11.40,11.40,true,1,
7296073059707,false,"צלחות קטנות ח""פ שופרסל 5",שופרסל,IL,"צלחות קטנות ח""פ",יחידה,1.00,יחידה,false,0,9.10,9.10,true,1,
7296073059745,false,"לפתניות ח""פ שופרסל 50 יח",שופרסל,IL,"לפתניות ח""פ",יחידה,1.00,יחידה,false,0,8.90,8.90,true,1,
7296073059868,false,טחינה מתובלת שופרסל 500ג,רושדי תעשיות מזון,IL,טחינה מתובלת,גרמים,500.00,100 גרם,false,0,16.80,3.36,true,1,
7296073062974,false,"מים מינרל.שופרסל500*6מ""ל",תבינה אס.פי.אי,IT,מים מינרלים 6יח',ליטרים,3.00,ליטר,false,0,12.70,4.23,true,1,
7296073064367,false,"בורקס תפו""א שופרסל 800 ג",שופרסל,IL,"800 בורקס תפו""א",גרמים,800.00,100 גרם,false,0,15.80,1.98,true,1,
7296073064398,false,בורקס גבינה שופרסל 800 ג,מאפ גדרון,IL,בורקס גבינה800,גרמים,800.00,100 גרם,false,0,15.80,1.98,true,1,
7296073066354,false,חטיפי חלווה שופרסל 250 ג,"אחדות בע""מ א.ת. ברקן",IL,חטיפי חלווה,גרמים,250.00,100 גרם,false,0,11.20,4.48,true,1,
7296073074434,false,פתי בר גדול שופרסל500גרם,שופרסל,IL,פתי בר שופרסל,גרמים,500.00,100 גרם,false,0,9.50,1.90,true,1,
7296073074441,false,פתי בר שוקו גדול שופר500,שופרסל,IL,פתי בר שוקו,גרמים,500.00,100 גרם,false,0,9.50,1.90,true,1,
7296073074533,false,חומץ טבעי 5% שופרסל 1 ל,שופרסל,IL,חומץ טבעי,ליטרים,1.00,ליטר,false,0,6.40,6.40,true,1,
7296073078555,false,בצק עלים מרודד מוקפא,שופרסל,IL,בצק עלים 1קג,קילוגרמים,1.00,"ק""ג",false,0,15.80,15.80,true,1,
7296073078579,false,דבש טבעי מפרחי שדה 350 ג,שופרסל,IL,דבש טבעי,גרמים,350.00,100 גרם,false,0,18.50,5.29,true,1,
7296073078586,false,דבש טבעי שופרסל צנצ500גר,שופרסל,IL,דבש טבעי שופרסל,גרמים,500.00,100 גרם,false,0,25.80,5.16,true,1,
7296073078791,false,ממחטות אף בקופסא 150*2יח,שופרסל,IL,מגבוני נייר,יחידה,1.00,יחידה,false,0,13.60,13.60,true,1,
7296073078838,false,6 כריות יפניות שופרסל,פלסטו פוליש,IL,כריות יפניות,יחידה,1.00,יחידה,false,0,9.00,9.00,true,1,
7296073078883,false,9 מטליות ניקוי כללי שופר,שופרסל,IL,מטליות ניקוי 9יח,יחידה,1.00,יחידה,false,0,8.90,8.90,true,1,
7296073078975,false,פריכיות אורז מלא שופר100,שופרסל,IL,פריכיות אורז,גרמים,100.00,100 גרם,false,0,6.80,6.80,true,1,
7296073078982,false,פריכ.אורז 5דגנים שופר100,שופרסל,IL,פריכיות אורז,גרמים,100.00,100 גרם,false,0,6.80,6.80,true,1,
7296073078999,false,פריכ.אורז שיבולת שופר100,שופרסל,IL,פריכיות אורז,גרמים,100.00,100 גרם,false,0,6.80,6.80,true,1,
7296073079002,false,פריכ.דקות אורז מלא ש100.,"פרח תעשיות מזון בע""\מ",IL,פריכיות דקות,גרמים,100.00,100 גרם,false,0,7.40,7.40,true,1,
7296073079040,false,פריכיות זעתר שופרסל 50גר,"פרח תעשיות מזון בע""\מ",IL,פריכיות אורז,גרמים,50.00,100 גרם,false,0,7.90,15.80,true,1,
7296073079057,false,פריכיות מעושן שופרסל50גר,שופרסל,IL,פריכיות שופרסל,גרמים,50.00,100 גרם,false,0,7.90,15.80,true,1,
7296073079873,false,רוטב עגבנ.מרוכז מאוד580ג,פריניר,IL,תרכיז עגבניות,גרמים,580.00,100 גרם,false,0,6.30,1.09,true,1,
7296073079880,false,רסק עגבניות 22%שופר570ג,פריניר,IL,רסק עגבניות,גרמים,570.00,100 גרם,false,0,6.10,1.07,true,1,
7296073079903,false,רוטב עגבניות 22%שופר100ג,פריניר,IL,רסק עגבניות,גרמים,100.00,100 גרם,false,0,1.90,1.90,true,1,
7296073080237,false,ופלים ט.שוקולד שופרסל1קג,שופרסל,IL,ופלים שוקולד,קילוגרמים,1.00,"ק""ג",false,0,15.80,15.80,true,1,
7296073080497,false,שעועית אפויה שופרסל 580ג,פרי גליל,IL,שעועית אפויה,גרמים,570.00,100 גרם,false,0,6.60,1.16,true,1,
7296073080510,false,חומוס שלם שופרסל 560 גרם,פרי גליל,IL,חומוס שלם,גרמים,560.00,100 גרם,false,0,6.10,1.09,true,1,
7296073080534,false,תירס מתוק שופרסל 550 גרם,פרי גליל,IL,תירס גרעינים,גרמים,550.00,100 גרם,false,0,6.30,1.15,true,1,
7296073080558,false,תירס לייט שופרסל 550 גרם,פרי גליל,IL,תירס לייט,גרמים,550.00,100 גרם,false,0,7.50,1.36,true,1,
7296073080824,false,שקיות אוכל שופרסל150*2יח,שופרסל,IL,שקיות אוכל 2 יח,יחידה,1.00,יחידה,false,0,11.50,11.50,true,1,
7296073080831,false,שקיות הקפאה שופרסל 100X2,שופרסל,HK,שקיות הקפאה,יחידה,1.00,יחידה,false,0,11.30,11.30,true,1,
7296073081449,false,פירורי לחם מוזהב שופר200,"חטיפים מן הטבע בע""\מ",IL,פירורי לחם,גרמים,200.00,100 גרם,false,0,6.30,3.15,true,1,
7296073081555,false,צמר גפן גלי שופרסל 100X2,שופרסל,IL,צמר גפן גלי,גרמים,200.00,100 גרם,false,0,12.80,6.40,true,1,
7296073081579,false,צמר גפן נתלש שופרסל100גר,שופרסל,IL,צמר גפן נתלש,גרמים,100.00,100 גרם,false,0,8.00,8.00,true,1,
7296073081661,false,מזון יבש לכלבים שופר3.קג,סנשיין מילס,US,מזון יבש לכלבים,קילוגרמים,3.00,"ק""ג",false,0,39.60,13.20,true,1,
7296073081692,false,מזון יבש לחתול שופרסל3קג,Tuffy's,US,מזון לחתולים,קילוגרמים,3.00,"ק""ג",false,0,48.50,16.17,true,1,
7296073087243,false,קונפ.דובדבנים שופרסל370ג,LTD 99 CIMA,BG,קונפ.דובדבנים,גרמים,370.00,100 גרם,false,0,12.80,3.46,true,1,
7296073087274,false,קונפ.שזיפים שופרסל 370גר,LTD 99 CIMA,BG,קונפיט.שזיפים,גרמים,370.00,100 גרם,false,0,12.80,3.46,true,1,
7296073087281,false,קונפ.תות שדה שופרסל 370ג,LTD 99 CIMA,BG,קונפיטורת תות,גרמים,370.00,100 גרם,false,0,12.80,3.46,true,1,
7296073087472,false,טונה בשמן שופרסל 160*4גר,תעשיות פילטונה,IL,טונה בשמן 4 יח,גרמים,640.00,100 גרם,false,0,19.90,3.11,true,1,
7296073090496,false,צמר פלדה שופרסל 100 גרם,פלסטו פוליש,IL,צמר פלדה,גרמים,100.00,100 גרם,false,0,6.70,6.70,true,1,
7296073091172,false,פופקורן למיקרו ט.טבעי600,שופרסל,US,פופקורן למיקרו,גרמים,600.00,100 גרם,false,0,14.80,2.47,true,1,
7296073091189,false,פופקורן למיקרו ט.חמאה600,שופרסל,IL,פופקורן למיקרו,גרמים,600.00,100 גרם,false,0,14.80,2.47,true,1,
7296073091462,false,פיסטוק קלוי וממולח 200ג,ששון,IL,פיסטוק חלבי קלוי,גרמים,200.00,100 גרם,false,0,22.90,11.45,true,1,
7296073091479,false,שקד קלוף קלוי200ג שופרסל,ששון,IL,שקד קלוף קלוי,גרמים,200.00,100 גרם,false,0,23.70,11.85,true,1,
7296073091493,false,גרעין שחור קלוי200גשופרס,ששון,IL,גרעין שחור קלוי,גרמים,200.00,100 גרם,false,0,7.80,3.90,true,1,
7296073091530,false,שזיף מיובש400גרם שופרסל,ששון,IL,שזיף מיובש,גרמים,400.00,100 גרם,false,0,23.90,5.98,true,1,
7296073091547,false,צימוק בהיר 400ג שופרסל,ששון,IL,צימוק בהיר,גרמים,400.00,100 גרם,false,0,21.90,5.48,true,1,
7296073091554,false,צימוקים כהים 400 גרם,ששון,IL,צימוק כהה,גרמים,400.00,100 גרם,false,0,18.90,4.73,true,1,
7296073091585,false,שקד קלוף טבעי200ג שופרסל,ששון,IL,שקד קלוף טבעי,גרמים,200.00,100 גרם,false,0,22.90,11.45,true,1,
7296073091622,false,אגוז ברזיל טבעי 200גשופר,ששון,IL,אגוז ברזיל טבעי,גרמים,200.00,100 גרם,false,0,20.90,10.45,true,1,
7296073091646,false,צנוברים קלופים 100גרם,ששון,CN,צנובר 100גרם,גרמים,100.00,100 גרם,false,0,25.90,25.90,true,1,
7296073091677,false,חמוציות 250גרם שופרסל,ששון,US,חמוציות 250גרם,גרמים,250.00,100 גרם,false,0,12.90,5.16,true,1,
7296073093169,false,פלפל חריף שיפקה שופר540ג,שופרסל,IL,פלפל שיפקה,גרמים,540.00,100 גרם,false,0,5.90,1.09,true,1,
7296073093213,false,אבקת שוקו שופרסל 500 גרם,שופרסל,IL,אבקת שוקו,גרמים,500.00,100 גרם,false,0,11.80,2.36,true,1,
7296073094203,false,שעוות דבש טבעית למיקרוגל,שופרסל,IL,שעווה דבש טבעית,גרמים,500.00,100 גרם,false,0,14.90,2.98,true,1,
7296073094753,false,חלווה וניל שופרסל 500 גר,"אחדות בע""מ א.ת. ברקן",IL,חלווה וניל,גרמים,500.00,100 גרם,false,0,13.40,2.68,true,1,
7296073094760,false,טונה במי מלח שופרסל160*4,תעשיות פילטונה,IL,טונה במי מלח 4יח,גרמים,640.00,100 גרם,false,0,19.90,3.11,true,1,
7296073095439,false,16 כוסות קפה+מכסה שופרסל,שופרסל,IL,כוסות קפה 16יח',יחידה,1.00,יחידה,false,0,12.90,12.90,true,1,
7296073095552,false,מסיר לק כחול שופרסל150מל,שופרסל,IL,מסיר לק כחול,מיליליטרים,150.00,"100 מ""ל",false,0,8.90,5.93,true,1,
7296073095583,false,"אצטון שופרסל 100 מ""ל","ש. שוורץ )באר שבע( בע""\מ",IL,אצטון שופרסל,מיליליטרים,100.00,"100 מ""ל",false,0,3.20,3.20,true,1,
7296073098263,false,גזר גמדי מוקפא שופרסל800,פרי גליל,IL,גזר גמדי 800גר,גרמים,800.00,100 גרם,false,0,15.90,1.99,true,1,
7296073103844,false,תפוח אדמה למיקרו,קטיף.,IL,תפוח אדמה למיקרו,יחידה,1.00,יחידה,false,0,6.00,6.00,true,1,
7296073106074,false,טליאטלה שופרסל 500 גרם,שופרסל,IT,פסטה טליאטלה,גרמים,500.00,100 גרם,false,0,5.90,1.18,true,1,
7296073107323,false,5 שקיות צליה גדולות שופר,שופרסל,,שקיות צליה,יחידה,1.00,יחידה,false,0,12.50,12.50,true,1,
7296073107392,false,גרנולה צימוק שקד תפוח400,בריגן קי ג'י,DE,גרנולה שופרסל,גרמים,400.00,100 גרם,false,0,15.90,3.98,true,1,
7296073107408,false,גרנולה שוקו.פקאן שופר400,בריגן קי ג'י,DE,גרנולה שוקולד,גרמים,400.00,100 גרם,false,0,15.90,3.98,true,1,
7296073107828,false,שמן סויה שופרסל 1 ליטר,שופרסל,,שמן סויה,ליטרים,1.00,ליטר,false,0,7.90,7.90,true,1,
7296073107989,false,גרעיני תירס שופרסל 800 ג,פרי גליל,IL,גרעיני תירס,גרמים,800.00,100 גרם,false,0,15.80,1.98,true,1,
7296073108146,false,תחתיות ארטישוק שופרסל400,פרי גליל,EG,תחתיות ארטישוק,גרמים,400.00,100 גרם,false,0,20.00,5.00,true,1,
7296073108245,false,עלי תרד בייבי שטופים200ג,פרסקו,IL,עלי תרד שטופים,גרמים,200.00,100 גרם,false,0,9.50,4.75,true,1,
7296073108252,false,עלי בייבי שטופים לאכילה,פרסקו,IL,עלי בייבי שטופים,גרמים,110.00,100 גרם,false,0,10.90,9.91,true,1,
7296073108269,false,חסה ערבית שטופה לאכילה,פרסקו,IL,חסה ערבית שטופה,גרמים,250.00,100 גרם,false,0,9.90,3.96,true,1,
7296073108313,false,סלט קולסלאו שטוף לאכילה,פרסקו,IL,סלט קולסלאו שטוף,גרמים,400.00,100 גרם,false,0,8.50,2.13,true,1,
7296073108320,false,שבבי גזר שטופים לאכילה,פרסקו,IL,שבבי גזר שטופים,גרמים,400.00,100 גרם,false,0,8.50,2.13,true,1,
7296073108344,false,לקט קלאסי שטוף לאכילה,"פרסקו חצבה 2006 בע""\מ",IL,לקט קלאסי שטוף,גרמים,350.00,100 גרם,false,0,10.90,3.11,true,1,
7296073108351,false,חסה אייסברג שטופה לאכילה,"פרסקו חצבה 2006 בע""\מ",IL,חסה אייסברג שטוף,גרמים,300.00,100 גרם,false,0,10.90,3.63,true,1,
7296073108368,false,לקט הגינה שטוף לאכילה,פרסקו,IL,לקט הגינה שטוף,גרמים,300.00,100 גרם,false,0,10.90,3.63,true,1,
7296073108375,false,כרוב לבן שטוף לאכילה400ג,"פרסקו חצבה 2006 בע""\מ",IL,כרוב לבן שטוף,גרמים,400.00,100 גרם,false,0,8.90,2.23,true,1,
7296073108474,false,תבניות עם מכסה שופרסל 4,שופרסל,IL,תבניות עם מכסה,יחידה,1.00,יחידה,false,0,8.90,8.90,true,1,
7296073108481,false,תבניות קטנות+מכסה שופרסל,שופרסל,IL,תבניות עם מכסה,יחידה,1.00,יחידה,false,0,9.10,9.10,true,1,
7296073108498,false,תבניות עגולות שופרסל 5 י,שופרסל,IL,תבניות עגולות,יחידה,1.00,יחידה,false,0,9.90,9.90,true,1,
7296073108504,false,תבניות גדולות שופרסל 5 י,שופרסל,IL,תבניות גדולות,יחידה,1.00,יחידה,false,0,9.90,9.90,true,1,
7296073108511,false,3 תבניות ענקיות שופרסל,שופרסל,IL,תבניות ענקיות,יחידה,1.00,יחידה,false,0,8.90,8.90,true,1,
7296073108610,false,קרקר ח.מלאה+שומש.שופר240,מגדנית הדר,IL,קרקר חיטה מלאה,גרמים,240.00,100 גרם,false,0,5.90,2.46,true,1,
7296073109099,false,"תירוש ענבים טבעי 750מ""ל*",הכורמים,IL,תירוש ענבים,מיליליטרים,750.00,"100 מ""ל",false,0,15.00,2.00,true,1,
7296073109105,false,תירוש ענבים טבעי 1 ליטר*,הכורמים,IL,תירוש ענבים,ליטרים,1.00,ליטר,false,0,12.00,12.00,true,1,
7296073112402,false,300צמרונים קופ.פטנט שופר,שופרסל,IL,מקלוני צמר גפן,יחידה,1.00,יחידה,false,0,11.70,11.70,true,1,
7296073112419,false,65 צמרונים לתינוק שופרסל,שופרסל,IL,צמרונים לתינוק,יחידה,1.00,יחידה,false,0,5.90,5.90,true,1,
7296073112464,false,פוסילי מקמח חיטה מלא500ג,שופרסל,IT,פוזילי שופרסל,גרמים,500.00,100 גרם,false,0,8.70,1.74,true,1,
7296073112471,false,ספגטי חיטה מלאה שופר500ג,שופרסל,IT,ספגטי שופרסל,גרמים,500.00,100 גרם,false,0,8.70,1.74,true,1,
7296073112617,false,6 ספוג.לניקוי מופלא שופר,"סדובסקי בע""\מ",IL,6 ספוג.לניקוי מופלא שופר,יחידה,1.00,יחידה,false,0,9.80,9.80,true,1,
7296073113263,false,חרדל צרפתי שופרסל 370גרם,שופרסל,FR,חרדל צרפתי,גרמים,370.00,100 גרם,false,0,7.50,2.03,true,1,
7296073115717,false,סודה לשתיה שופרסל 50 גרם,שופרסל,,סודה לשתיה,גרמים,50.00,100 גרם,false,0,2.30,4.60,true,1,
7296073115724,false,אבקת אפיה שופרסל10*10 גר,שופרסל,IL,אבקת אפיה 10יח,גרמים,100.00,100 גרם,false,0,3.10,3.10,true,1,
7296073115731,false,אבקת סוכר שופרסל 100 גרם,שופרסל,IL,אבקת סוכר,גרמים,100.00,100 גרם,false,0,2.20,2.20,true,1,
7296073115748,false,סוכר וניל שופרסל 10X10גר,שופרסל,IL,סוכר וניל 10יח,גרמים,100.00,100 גרם,false,0,3.10,3.10,true,1,
7296073115762,false,קורנפלור שופרסל 200 גרם,שופרסל,IL,קורנפלור,גרמים,200.00,100 גרם,false,0,4.00,2.00,true,1,
7296073116783,false,שומשום שופרסל 100 גרם,מיה,IL,שומשום שופרסל,גרמים,100.00,100 גרם,false,0,4.20,4.20,true,1,
7296073117605,false,30 כפפות לטקס שופרסל,שופרסל,IL,כפפות לטקס,יחידה,1.00,יחידה,false,0,13.60,13.60,true,1,
7296073117865,false,טבעות זיתים מושחר 560 גר,קבוצת יבנה מוצרי מזון,IL,טבעות זיתים,גרמים,560.00,100 גרם,false,0,8.80,1.57,true,1,
7296073118770,false,עלי בייבי שטופים לאכילה,"פרסקו חצבה 2006 בע""\מ",IL,עלי בייבי שטופים,גרמים,300.00,100 גרם,false,0,13.90,4.63,true,1,
7296073118787,false,תע'חסה אלון שטופה לאכילה,פרסקו,IL,תער' חסה אלון,גרמים,350.00,100 גרם,false,0,10.50,3.00,true,1,
7296073119456,false,תער'חסה+עלי בייבי שטופים,פרסקו,IL,תער' חסה+ע.בייבי,גרמים,350.00,100 גרם,false,0,10.50,3.00,true,1,
7296073120018,false,100 נרות חימום בלוק,שופרסל,IL,נרות חימום,יחידה,1.00,יחידה,false,0,20.40,20.40,true,1,
7296073121176,false,תמר חלאוי 400ג שופרסל,הדיקלאים,IL,תמר חלאוי400גרם,גרמים,400.00,100 גרם,false,0,13.90,3.48,true,1,
7296073121589,false,בייגלה אצבעות שומשום330ג,שופרסל,IL,בייגלה אצבעות,גרמים,330.00,100 גרם,false,0,9.80,2.97,true,1,
7296073122333,false,שקדי מרק מרכיבים טבעיים,שופרסל,IL,שקדי מרק בשקית,גרמים,400.00,100 גרם,false,0,6.90,1.73,true,1,
7296073123675,false,מיץ עגבניות בק.זכוכית 1ל,שופרסל,IL,מיץ עגבניות,ליטרים,1.00,ליטר,false,0,7.40,7.40,true,1,
7296073123729,false,"תמצית וניל שופרסל 50 מ""ל",מיה,IL,תמצית וניל,מיליליטרים,50.00,"100 מ""ל",false,0,4.40,8.80,true,1,
7296073123965,false,ניוקי שופרסל 500 גרם,שופרסל,,ניוקי,גרמים,500.00,100 גרם,false,0,5.00,1.00,true,1,
7296073123972,false,ניוקי קטנים שופרסל500גרם,שופרסל,IT,ניוקי קטנים,גרמים,500.00,100 גרם,false,0,5.00,1.00,true,1,
7296073124382,false,ספגטיני מספר 3 שופרסל500,שופרסל,IT,ספגטיני מס' 3,גרמים,500.00,100 גרם,false,0,4.90,0.98,true,1,
7296073125303,false,מלפפונים בחומץ 7-9 560גר,קבוצת יבנה מוצרי מזון,IL,מלפפונים בחומץ,גרמים,540.00,100 גרם,false,0,6.20,1.15,true,1,
7296073125327,false,מלפפונים בינוני בחומץ560,קבוצת יבנה מוצרי מזון,IL,מלפפונים בחומץ,גרמים,540.00,100 גרם,false,0,7.10,1.31,true,1,
7296073125532,false,עוגות אישיות ק.חלב350גרם,שופרסל,IT,עוגות אישיות,גרמים,350.00,100 גרם,false,0,10.00,2.86,true,1,
7296073125822,false,שמן חמניות שופרסל 1 ליטר,NV AOR,BE,שמן חמניות,ליטרים,1.00,ליטר,false,0,12.90,12.90,true,1,
7296073125907,false,מי פה ט.מנטה שופרסל500מל,שופרסל,ES,מי פה מנטה,מיליליטרים,500.00,"100 מ""ל",false,0,18.90,3.78,true,1,
7296073125952,false,"אורז יסמין שופרסל 1 ק""ג",ltd co produce Uthai,TH,אורז יסמין,קילוגרמים,1.00,"ק""ג",false,0,10.40,10.40,true,1,
7296073128229,false,שופרסל מעדן תות שדה284גר,LTD 99 CIMA,BG,מעדן תות שדה,גרמים,284.00,100 גרם,false,0,14.80,5.21,true,1,
7296073128250,false,מעדן אוכמניות כחולות284ג,LTD 99 CIMA,BG,מעדן אוכמניות,גרמים,284.00,100 גרם,false,0,14.80,5.21,true,1,
7296073129431,false,פתיתים קוסקוס שופרסל500ג,"אסיף תעשיות מזון בע""\מ",IL,פתיתים קוסקוס,גרמים,500.00,100 גרם,false,0,5.50,1.10,true,1,
7296073129455,false,פתיתים אורז שופרסל 500גר,"אסיף תעשיות מזון בע""\מ",IL,פתיתים אורז,גרמים,500.00,100 גרם,false,0,5.50,1.10,true,1,
7296073129479,false,פתיתים כוכבים שופרסל500ג,אסיף תעשיות מזון,IL,פתיתים כוכבים,גרמים,500.00,100 גרם,false,0,5.50,1.10,true,1,
7296073129516,false,נר נשמה 24 שעות שופרסל,שופרסל,IL,נר נשמה,יחידה,1.00,יחידה,false,0,2.20,2.20,true,1,
7296073129523,false,נר נשמה שבועי שופרסל,שופרסל,IL,נר נשמה שבועי,יחידה,1.00,יחידה,false,0,10.90,10.90,true,1,
7296073129530,false,נרות חימום בשקית 50 יח',שופרסל,IL,נרות חימום,יחידה,1.00,יחידה,false,0,10.30,10.30,true,1,
7296073130499,false,"מיץ לימון שופרסל 200 מ""ל",סי פרווידר,IT,מיץ לימון שופרסל,מיליליטרים,200.00,"100 מ""ל",false,0,6.00,3.00,true,1,
7296073130635,false,נקטר אקזוטי שופרסל 1ליטר,שופרסל,IL,נקטר אקזוטי,ליטרים,1.00,ליטר,false,0,4.50,4.50,true,1,
7296073132165,false,ממרח קרם קקאו+אגוזים350ג,שופרסל,IT,ממרח קרם קקאו,גרמים,350.00,100 גרם,false,0,8.90,2.54,true,1,
7296073132448,false,שמן תירס שופרסל 1 ליטר,NV AOR,BE,שמן תירס שופרסל,ליטרים,1.00,ליטר,false,0,14.80,14.80,true,1,
7296073132462,false,לבבות דקל חתוכ.שופר400.ג,אינדוסטריה אגריקולה,EC,לבבות דקל,גרמים,400.00,100 גרם,false,0,9.30,2.33,true,1,
7296073132479,false,לבבות דקל שלמים שופר400ג,אינדוסטריה אגריקולה,EC,לבבות דקל שלמים,גרמים,400.00,100 גרם,false,0,9.80,2.45,true,1,
7296073132820,false,סלק בואקום 500 גרם,שופרסל,ES,סלק בואקום 500ג,גרמים,500.00,100 גרם,false,0,9.00,1.80,true,1,
7296073132936,false,עוגת מאפין שיש שופרסל400,גידרון,IL,עוגת מאפין,גרמים,400.00,100 גרם,false,0,8.90,2.23,true,1,
7296073132950,false,עוגת מאפין וניל שופר400ג,גידרון,IL,עוגת מאפין,גרמים,400.00,100 גרם,false,0,8.90,2.23,true,1,
7296073132974,false,צלחות גדולות לבן שופרסל,שופרסל,IL,צלחות גדולות,יחידה,1.00,יחידה,false,0,23.00,23.00,true,1,
7296073132981,false,25צלחות גדולה לבן שופרסל,שופרסל,IL,צלחות בינוניות,יחידה,1.00,יחידה,false,0,14.90,14.90,true,1,
7296073133001,false,קערית מרק לבן אלגנט 25יח,שופרסל,IL,קעריות מרק,יחידה,1.00,יחידה,false,0,11.40,11.40,true,1,
7296073134459,false,קרקר סגנ.שוודי שופרסל300,שופרסל,CZ,קרקר שוודי,גרמים,300.00,100 גרם,false,0,13.60,4.53,true,1,
7296073134534,false,קפה טורקי שופרסל 100 גרם,שופרסל,IL,קפה טורקי שופרסל,גרמים,100.00,100 גרם,false,0,5.60,5.60,true,1,
7296073134541,false,קפה טורקי שופרסל 100*3גר,שופרסל,IL,קפה טורקי 3 יח',גרמים,300.00,100 גרם,false,0,15.80,5.27,true,1,
7296073134879,false,"משק""ל תפוזים שופרסל 1.5ל",שופרסל,IL,משקה קל תפוזים,ליטרים,1.50,ליטר,false,0,5.90,3.93,true,1,
7296073134886,false,"משק""ל אשכוליות שופרסל1.5",שופרסל,IL,משקה קל אשכוליות,ליטרים,1.50,ליטר,false,0,5.90,3.93,true,1,
7296073134916,false,"משק""ל ענבים שופרסל 1.5 ל",שופרסל,IL,משקה קל ענבים,ליטרים,1.50,ליטר,false,0,5.90,3.93,true,1,
7296073134930,false,שעועית ארגנטינאית 500גרם,מיה,IL,שעועית ארגנטינאי,גרמים,500.00,100 גרם,false,0,11.30,2.26,true,1,
7296073137450,false,רצועת עיסוי דו צדדית,שופרסל,CN,רצועת עיסוי,יחידה,1.00,יחידה,false,0,13.60,13.60,true,1,
7296073137511,false,כפפת חבל טבעי לרחצה,שופרסל,IL,כפפת חבל לרחצה,יחידה,1.00,יחידה,false,0,11.30,11.30,true,1,
7296073137528,false,מברשת ליפה + ידית שופרסל,שופרסל,,מברשת ליפה+ידית,יחידה,1.00,יחידה,false,0,13.60,13.60,true,1,
7296073140979,false,60מגן תחתון נורמל שופרסל,קוראטקס,IL,מגן תחתון שופרסל,יחידה,1.00,יחידה,false,0,10.00,10.00,true,1,
7296073140986,false,52מגן תחתון לארג' שופרסל,שופרסל,IL,מגן תחתון שופרסל,יחידה,1.00,יחידה,false,0,10.00,10.00,true,1,
7296073140993,false,28 תחבושות נורמל+ שופרסל,קוראטקס,DE,תחבושות שופרסל,יחידה,1.00,יחידה,false,0,9.00,9.00,true,1,
7296073141006,false,24 תחבושות סופר+ שופרסל,קוראטקס,DE,תחבושות שופרסל,יחידה,1.00,יחידה,false,0,9.00,9.00,true,1,
7296073141082,false,נרות חימום בשקית,,IL,נרות חימום בשקית,יחידה,1.00,יחידה,false,0,19.90,19.90,true,1,
7296073141143,false,שוקולד חלב שופרסל100 גרם,"שוקולד פריי בע""מ",CH,שוקולד חלב,גרמים,100.00,100 גרם,false,0,5.60,5.60,true,1,
7296073143727,false,פתיתים קוסקוס 3 צבעים500,"אסיף תעשיות מזון בע""\מ",IL,פתיתים קוסקוס,גרמים,500.00,100 גרם,false,0,6.70,1.34,true,1,
7296073146933,false,שוק.אוורירי מריר שופר100,"שוקולד פריי בע""מ",CH,שוקולד אוורירי,גרמים,100.00,100 גרם,false,0,5.80,5.80,true,1,
7296073146940,false,שוק.אוורירי חלב שופר100ג,"שוקולד פריי בע""מ",CH,שוקולד אוורירי,גרמים,100.00,100 גרם,false,0,5.80,5.80,true,1,
7296073150435,false,תערובת לעוגה,,IL,תערובת לעוגה,גרמים,560.00,100 גרם,false,0,16.00,2.86,true,1,
7296073150442,false,תערובת לכדורי שוקולד500ג,"י.כהן בע""מ",IL,תערובת לכדורים,גרמים,500.00,100 גרם,false,0,16.00,3.20,true,1,
7296073150527,false,קורנפלקס שופרסל 750 גרם,שופרסל,DK,קורנפלקס שופרסל,גרמים,750.00,100 גרם,false,0,12.40,1.65,true,1,
7296073150756,false,שוק.חלב+שברי אגוז 100*3ג,"שוקולד פריי בע""מ",CH,שוקולד אגוזים3יח,גרמים,300.00,100 גרם,false,0,15.90,5.30,true,1,
7296073151463,false,פריכיות דקות דל נתרן100ג,"פרח תעשיות מזון בע""\מ",IL,פריכיות דקות,גרמים,100.00,100 גרם,false,0,7.40,7.40,true,1,
7296073151487,false,פריכיות מיני תפוח 50 גרם,פרח תעשיות מזון,IL,פריכיות תפוח,גרמים,50.00,100 גרם,false,0,7.90,15.80,true,1,
7296073151524,false,צנימים שופרסל 320 גרם,שופרסל,IT,צנימים שופרסל,גרמים,320.00,100 גרם,false,0,9.60,3.00,true,1,
7296073151548,false,מלח בישול גס שופרסל 1 קג,מלח הארץ אילת,IL,מלח בישול שופרסל,קילוגרמים,1.00,"ק""ג",false,0,2.07,2.07,true,1,
7296073151555,false,מלח שולחן דק שופרסל 1 קג,מלח הארץ אילת,IL,מלח שולחן שופרסל,קילוגרמים,1.00,"ק""ג",false,0,2.07,2.07,true,1,
7296073152453,false,קפה טורקי ואקום שופר200ג,שופרסל,IL,קפה טורקי בואקום,גרמים,200.00,100 גרם,false,0,16.10,8.05,true,1,
7296073153290,false,מזון לחתול מיקס שופרסל3ק,Tuffy's,GB,מזון לחתולים,קילוגרמים,3.00,"ק""ג",false,0,40.00,13.33,true,1,
7296073153337,false,מקרוני בוקטיני מס14 500ג,שופרסל,IL,מקרוני בוקטיני,גרמים,500.00,100 גרם,false,0,4.90,0.98,true,1,
7296073153849,false,זוג רדידי אלומיניום 7.2X,שופרסל,IL,זוג רדידי אלומינ,מטרים,15.00,מטר,false,0,11.30,0.75,true,1,
7296073153870,false,זוג רדידי אלומיניום רחב,שופרסל,CN,זוג רדידי אלומינ,מטרים,15.00,מטר,false,0,17.20,1.15,true,1,
7296073153894,false,ניילון נצמד שופרסל 30*2מ,שופרסל,IL,זוג ניילון נצמד,מטרים,60.00,מטר,false,0,9.80,0.16,true,1,
7296073160663,false,פסטה פוסיליני מהירה500גר,שופרסל,IT,פסטה פוזילי,גרמים,500.00,100 גרם,false,0,6.70,1.34,true,1,
7296073160670,false,פסטה גנצ'טי מהיר.הכנה500,שופרסל,IT,פסטה גנצ'ט'י,גרמים,500.00,100 גרם,false,0,6.70,1.34,true,1,
7296073161509,false,שוק.חלב אגוזי לוז100*3גר,"שוקולד פריי בע""מ",CH,שוקולד אגוז 3 יח,גרמים,300.00,100 גרם,false,0,20.10,6.70,true,1,
7296073161721,false,נייר אפיה שופרסל 50 דפים,שופרסל,NO,נייר אפיה שופרסל,יחידה,1.00,יחידה,false,0,11.90,11.90,true,1,
7296073161851,false,מגבונים לחים שופרסל72X3י,שופרסל,IL,מגבונים לחים 3יח,יחידה,1.00,יחידה,false,0,12.80,12.80,true,1,
7296073161981,false,עוג.מילוי קרם שוק.שופ150,ויסנצ'י,IT,עוגיות קרם שוקו,גרמים,150.00,100 גרם,false,0,8.70,5.80,true,1,
7296073162001,false,עוג.קרם אגוז לוז שופר150,שופרסל,IT,עוגיות קרם אגוז,גרמים,150.00,100 גרם,false,0,8.70,5.80,true,1,
7296073163190,false,גרנולה אגוזים שופרסל400ג,שופרסל,,גרנולה אגוזים,גרמים,400.00,100 גרם,false,0,19.70,4.93,true,1,
7296073169246,false,רוטב עגבניות לפסטה260גרם,"זנלכל בע""\מ",IL,רוטב לפסטה,גרמים,260.00,100 גרם,false,0,4.50,1.73,true,1,
7296073169550,false,3 מטליות מיקרופייבר שופר,שופרסל,CN,מטליות מיקרופיבר,יחידה,1.00,יחידה,false,0,14.80,14.80,true,1,
7296073169802,false,שוק.חלב נוגט+שקד+שופר100,שופרסל,,שוקולד חלב נוגט,גרמים,100.00,100 גרם,false,0,9.00,9.00,true,1,
7296073169833,false,"שוק.מריר 72%ללת""ס 100 גר",שופרסל,CH,שוקולד ללא סוכר,גרמים,100.00,100 גרם,false,0,10.20,10.20,true,1,
7296073169857,false,שוק.חלב+אגוז ללא סוכר100,שופרסל,,שוקולד ללא סוכר,גרמים,100.00,100 גרם,false,0,10.20,10.20,true,1,
7296073170143,false,מטליות לניקוי כללי 50יח,שופרסל,,מטליות לחות,יחידה,1.00,יחידה,false,0,9.90,9.90,true,1,
7296073170167,false,וופל בלגי מצופה שופרס400,גילרו,IL,ופל בלגי מצופה,גרמים,400.00,100 גרם,false,0,9.90,2.48,true,1,
7296073170839,false,שוקולד לבן שוויצרי 100גר,"שוקולד פריי בע""מ",CH,שוקולד לבן,גרמים,100.00,100 גרם,false,0,5.60,5.60,true,1,
7296073170860,false,צ'יפס קלאסי שופרסל 1.5קג,"תעשיות תפוגן בע""\מ",IL,צ'יפס קלאסי,קילוגרמים,1.50,"ק""ג",false,0,26.40,17.60,true,1,
7296073170884,false,סטייק צ'יפס שופרסל 1.5קג,"תעשיות תפוגן בע""\מ",IL,סטייק צ'יפס,קילוגרמים,1.50,"ק""ג",false,0,26.40,17.60,true,1,
7296073171126,false,שוק.לבן שוויצרי 100*3 גר,"שוקולד פריי בע""מ",CH,שוקולד לבן 3 יח',גרמים,300.00,100 גרם,false,0,15.90,5.30,true,1,
7296073173045,false,דבש טבעי לחיץ שופרסל500ג,שופרסל,IL,דבש לחיץ שופרסל,גרמים,500.00,100 גרם,false,0,30.20,6.04,true,1,
7296073173199,false,אפונה ירוקה עדינה שופרסל,שופרסל,BE,אפונה עדינה,גרמים,600.00,100 גרם,false,0,17.30,2.88,true,1,
7296073173212,false,שעועית ירוקה שלמה שופרסל,ARDO,BE,שעועית ירוקה,גרמים,800.00,100 גרם,false,0,17.70,2.21,true,1,
7296073173229,false,שעועית ירוקה חתוכה שופרס,ARDO,BE,שעועית ירוקה,גרמים,800.00,100 גרם,false,0,17.10,2.14,true,1,
7296073174721,false,אטבי כביסה שופרסל 48 יח',שופרסל,,אטבי כביסה,יחידה,1.00,יחידה,false,0,20.90,20.90,true,1,
7296073179689,false,עינוגי פקאן שופרסל 400גר,שופרסל,DE,עינוגי פקאן,גרמים,400.00,100 גרם,false,0,18.70,4.68,true,1,
7296073179863,false,דבש טבעי לחיץ שופרסל250ג,שופרסל,IL,דבש לחיץ,גרמים,250.00,100 גרם,false,0,16.90,6.76,true,1,
7296073180111,false,מעדן דגים וטונה לחתול85ג,שופרסל,,מעדן לחתול,גרמים,85.00,100 גרם,false,0,5.60,6.59,true,1,
7296073180128,false,מעדן עוף וכבד לחתול 85גר,שופרסל,,מעדן לחתול,גרמים,85.00,100 גרם,false,0,5.60,6.59,true,1,
7296073180135,false,מעדן עוף לחתול שופרסל85ג,שופרסל,,מעדן לחתול,גרמים,85.00,100 גרם,false,0,5.60,6.59,true,1,
7296073180203,false,עלי רוקט שטופים 150גרם,"פרסקו חצבה 2006 בע""\מ",IL,עלי רוקט150ג',גרמים,150.00,100 גרם,false,0,10.50,7.00,true,1,
7296073180210,false,עלי תרד בייבי שטופים400ג,"פרסקו חצבה 2006 בע""\מ",IL,עלי תרד 400גרם,גרמים,400.00,100 גרם,false,0,15.00,3.75,true,1,
7296073180265,false,מגבונים נשטפ.לילדים40*3,שופרסל,,מגבונים נשטפים3*,יחידה,1.00,יחידה,false,0,11.30,11.30,true,1,
7296073180432,false,רוטב לפסטה בזיליקום 350ג,,IT,רוטב לפסטה,גרמים,350.00,100 גרם,false,0,11.80,3.37,true,1,
7296073180449,false,רוטב לפסטה,,IT,רוטב לפסטה,גרמים,350.00,100 גרם,false,0,11.80,3.37,true,1,
7296073180548,false,אגוז מלך טבעי150ג שופרסל,ששון,US,א.מלך טבעי קלוף,גרמים,150.00,100 גרם,false,0,15.90,10.60,true,1,
7296073180784,false,צפיות חד שכבתי,,,צפיות חד שכבתי,יחידה,1.00,יחידה,false,0,4.40,4.40,true,1,
7296073180852,false,חטיפי דגנים 5 יח,,,חטיפי דגנים 5 יח,גרמים,210.00,100 גרם,false,0,13.80,6.57,true,1,
7296073180869,false,חטיפי דגנים 5 יח,,,חטיפי דגנים 5 יח,גרמים,210.00,100 גרם,false,0,13.80,6.57,true,1,
7296073180944,false,מטלית רצפה,,CN,מטלית רצפה,יחידה,1.00,יחידה,false,0,9.90,9.90,true,1,
7296073187363,false,פחם דרום אמריקאי,,PY,פחם דרום אמריקאי,קילוגרמים,2.00,"ק""ג",false,0,14.90,7.45,true,1,
7296073188469,false,כפפות M,,IL,כפפות M,יחידה,1.00,יחידה,false,0,19.90,19.90,true,1,
7296073189282,false,פולי סויה בקליפה 450גרם,LTD NEWLAND,CN,פולי סויה,גרמים,450.00,100 גרם,false,0,12.90,2.87,true,1,
7296073189589,false,פקאן טבעי 200גרם שופרסל,שקרצי,US,פקאן טבעי 200גרם,גרמים,200.00,100 גרם,false,0,26.90,13.45,true,1,
7296073190783,false,מדליק פחמים,,DE,מדליק פחמים,יחידה,1.00,יחידה,false,0,7.90,7.90,true,1,
7296073191261,false,תחתיות ארטישוק שופר390גר,Raal El Conservas,ES,תחתיות ארטישוק,גרמים,390.00,100 גרם,false,0,9.80,2.51,true,1,
7296073192633,false,שעועית לבנה שופרסל 800גר,פרי גליל,IL,שעועית לבנה,גרמים,800.00,100 גרם,false,0,18.10,2.26,true,1,
7296073193791,false,ברוקולי שטוף 400גרם,פרסקו,IL,ברוקולי שטוף,גרמים,400.00,100 גרם,false,0,15.00,3.75,true,1,
7296073195207,false,טחינה אורגנית גרין 500גר,"אחדות בע""מ א.ת. ברקן",IL,טחינה אורגנית,גרמים,500.00,100 גרם,false,0,16.90,3.38,true,1,
7296073195245,false,חלווה אורגנית גרין 300גר,"אחדות בע""מ א.ת. ברקן",IL,חלווה אורגנית,גרמים,300.00,100 גרם,false,0,14.80,4.93,true,1,
7296073195252,false,פריכיות אורז מלא גרין100,"פרח תעשיות מזון בע""\מ",IL,פריכיות אורז מלא,גרמים,100.00,100 גרם,false,0,7.00,7.00,true,1,
7296073195900,false,אטריות דקות שופרסל 400ג,שיבולים בני דרום,IL,אטריות דקות,גרמים,400.00,100 גרם,false,0,5.70,1.43,true,1,
7296073195917,false,אטריות בינוניות 400 גרם,שיבולים בני דרום,IL,אטריות בינוניות,גרמים,400.00,100 גרם,false,0,5.70,1.43,true,1,
7296073197461,false,שוקולד חלב 100*3 גרם,"שוקולד פריי בע""מ",CH,שוקולד חלב 3 יח,גרמים,300.00,100 גרם,false,0,10.00,3.33,true,1,
7296073197478,false,שוקולד מריר שוויצרי100*3,"שוקולד פריי בע""מ",CH,שוקולד מריר 3 יח,גרמים,300.00,100 גרם,false,0,10.00,3.33,true,1,
7296073199014,false,נודלס דק להקפצה 400 גרם,INDUSTRY ANLIDA LONGHAI FUJIAN,CN,נודלס דק להקפצה,גרמים,400.00,100 גרם,false,0,11.50,2.88,true,1,
7296073199274,false,קמח חיטה מלאה,,IL,קמח חיטה מלאה,קילוגרמים,1.00,"ק""ג",false,0,9.80,9.80,true,1,
7296073200987,false,פטריות חתוכות 3 * 400 גר,פרוצ'אמפ,DE,פטריות חתוכות3יח,קילוגרמים,1.20,"ק""ג",false,0,10.90,9.08,true,1,
7296073201410,false,נודלס רחב להקפצה 400ג,פרוצ'אמפ,CN,נודלס רחב להקפצה,גרמים,400.00,100 גרם,false,0,11.50,2.88,true,1,
7296073201427,false,סילאן 350 גרם,,IL,סילאן 350 גרם,גרמים,350.00,100 גרם,false,0,10.20,2.91,true,1,
7296073201434,false,סילאן שופרסל,,IL,סילאן שופרסל,גרמים,900.00,100 גרם,false,0,15.80,1.76,true,1,
7296073202479,false,שוק.מריר שוויצרי 100*6ג,"שוקולד פריי בע""מ",CH,שוקולד מריר 6 יח,גרמים,600.00,100 גרם,false,0,25.20,4.20,true,1,
7296073202813,false,קרם ידיים לעור רגיל 100,אמיליה קוסמטיקס,IL,קרם ידיים שופרסל,מיליליטרים,100.00,"100 מ""ל",false,0,11.50,11.50,true,1,
7296073204640,false,בוטן אמריקאי200ג שופרסל,ששון,IL,בוטנים אמריקאים,גרמים,200.00,100 גרם,false,0,7.80,3.90,true,1,
7296073204879,false,שניצל תירס שופרסל 750גרם,תפוגן,IL,שניצל תירס,גרמים,750.00,100 גרם,false,0,21.70,2.89,true,1,
7296073204886,false,חטיפי תירס שופרסל 600גרם,תפוגן,IL,חטיפי תירס,גרמים,600.00,100 גרם,false,0,21.70,3.62,true,1,
7296073205111,false,"ניוקי תפו""א ל.ג.גרין500ג",,IT,"ניוקי תפו""א",גרמים,500.00,100 גרם,false,0,13.90,2.78,true,1,
7296073205388,false,רסק עגבניות גרין 100*4גר,פרי גליל,IL,רסק עגבניות,גרמים,400.00,100 גרם,false,0,13.80,3.45,true,1,
7296073205395,false,עגבנ.מרוסקות גרין300*2גר,פרי גליל,IL,עגבניות מרוסקות,גרמים,600.00,100 גרם,false,0,13.80,2.30,true,1,
7296073205418,false,פוסילי מלא אורג.גרין500ג,,IT,פוסילי מלא,גרמים,500.00,100 גרם,false,0,8.80,1.76,true,1,
7296073205456,false,פנה מלא אורגני,,IT,פנה מלא אורגני,גרמים,500.00,100 גרם,false,0,8.80,1.76,true,1,
7296073205487,false,ספגטי מלא אורגני גרין500,,IT,ספגטי מלא אורגני,גרמים,500.00,100 גרם,false,0,8.80,1.76,true,1,
7296073205975,false,מסיר לק,,IL,מסיר לק,מיליליטרים,100.00,"100 מ""ל",false,0,11.10,11.10,true,1,
7296073206354,false,דבש הדרים גרין 500 גרם,,IL,דבש הדרים,גרמים,500.00,100 גרם,false,0,25.70,5.14,true,1,
7296073206682,false,טונה בשמן קנולה 160*4ג,"תעשיות פילטונה בע""מ",IL,טונה בשמן 4 יח,גרמים,640.00,100 גרם,false,0,19.90,3.11,true,1,
7296073207016,false,תח.רחצה לתינוק שופרסל750,אמיליה קוסמטיקס,IL,תחליב רחצה תינוק,מיליליטרים,750.00,"100 מ""ל",false,0,9.00,1.20,true,1,
7296073207023,false,שמפו לתינוק שופרסל 750 מ,אמיליה קוסמטיקס,IL,שמפו לתינוק,מיליליטרים,750.00,"100 מ""ל",false,0,9.00,1.20,true,1,
7296073207030,false,אל סבון לתינוק שופרסל750,אמיליה קוסמטיקס,IL,אל סבון לתינוק,מיליליטרים,750.00,"100 מ""ל",false,0,9.00,1.20,true,1,
7296073207115,false,מגבונים נשטפים,,IL,מגבונים נשטפים,יחידה,1.00,יחידה,false,0,6.70,6.70,true,1,
7296073208143,false,"פחם דחוס 2 ק""ג",,PY,"פחם דחוס 2 ק""ג",קילוגרמים,2.00,"ק""ג",false,0,18.30,9.15,true,1,
7296073208624,false,סירופ סילאן לחיץ,,IL,סילאן לחיץ,גרמים,400.00,100 גרם,false,0,13.40,3.35,true,1,
7296073209829,false,פטריות חתוכות דל נתרן400,פרוצ'אמפ,NL,פטריות חתוכות,גרמים,400.00,100 גרם,false,0,6.80,1.70,true,1,
7296073209928,false,בייגלה שטוח,,IL,בייגלה שטוח,גרמים,300.00,100 גרם,false,0,8.50,2.83,true,1,
7296073209935,false,בייגלה שטוח,,IL,בייגלה שטוח,גרמים,300.00,100 גרם,false,0,8.50,2.83,true,1,
7296073211624,false,פילה אמנון קפוא קג,שופרסל,CN,פילה אמנון,קילוגרמים,0.00,"ק""ג",true,0,42.90,42.90,true,1,
7296073211679,false,קורנפלקס ל.גלוטן גרין500,נקסקוב מילס,DK,קורנפלקס,גרמים,500.00,100 גרם,false,0,17.90,3.58,true,1,
7296073211686,false,לחמניות המבורגר,,IL,לחמניות המבורגר,יחידה,1.00,יחידה,false,0,13.90,13.90,true,1,
7296073211952,false,סירופ מייפל אורג.גרין250,,CA,סירופ מייפל,מיליליטרים,250.00,"100 מ""ל",false,0,34.90,13.96,true,1,
7296073211969,false,וופל בלגי שוקולד 200 גרם,"גילרו בע""\מ",IL,וופל בלגי,גרמים,200.00,100 גרם,false,0,4.60,2.30,true,1,
7296073212096,false,מרק עוף שופרסל 400 גרם,פרי גליל,IL,מרק עוף,גרמים,400.00,100 גרם,false,0,14.80,3.70,true,1,
7296073213949,false,ג'ל כביסה מרוכז,,IL,ג'ל כביסה מרוכז,ליטרים,3.00,ליטר,false,0,24.70,8.23,true,1,
7296073214137,false,פלחי אפרסקים,,CN,פלחי אפרסקים,גרמים,820.00,100 גרם,false,0,9.00,1.10,true,1,
7296073214144,false,פלחי אפרסקים,,CN,פלחי אפרסקים,גרמים,312.00,100 גרם,false,0,5.90,1.89,true,1,
7296073215820,false,כורכום טחון,,IL,כורכום טחון,גרמים,100.00,100 גרם,false,0,8.90,8.90,true,1,
7296073215851,false,כורכום במיכל,,IL,כורכום במיכל,גרמים,100.00,100 גרם,false,0,11.30,11.30,true,1,
7296073215912,false,קנמון טחון,,IL,קנמון טחון,גרמים,100.00,100 גרם,false,0,7.30,7.30,true,1,
7296073215967,false,שוםגבישי,,IL,שוםגבישי,גרמים,100.00,100 גרם,false,0,11.00,11.00,true,1,
7296073216018,false,תערובת תיבול,,IL,תערובת תיבול,גרמים,100.00,100 גרם,false,0,8.90,8.90,true,1,
7296073216025,false,תערובת תיבול,,IL,תערובת תיבול,גרמים,100.00,100 גרם,false,0,11.30,11.30,true,1,
7296073216032,false,תערובת גריל עוף,,IL,תערובת גריל עוף,גרמים,150.00,100 גרם,false,0,12.00,8.00,true,1,
7296073216056,false,תיבול לשווארמה,,IL,תיבול לשווארמה,גרמים,100.00,100 גרם,false,0,8.90,8.90,true,1,
7296073216070,false,פטרוזיליה תבלין,,IL,פטרוזיליה תבלין,גרמים,20.00,100 גרם,false,0,7.40,37.00,true,1,
7296073216094,false,בהרט,,IL,בהרט,גרמים,100.00,100 גרם,false,0,7.80,7.80,true,1,
7296073216117,false,תערובת תיבול קאר,,IL,אבקת קרי,גרמים,100.00,100 גרם,false,0,6.40,6.40,true,1,
7296073216124,false,בזיליקום תבלין,,IL,בזיליקום תבלין,גרמים,30.00,100 גרם,false,0,5.40,18.00,true,1,
7296073216155,false,פלפל שחור,,IL,פלפל שחור,גרמים,40.00,100 גרם,false,0,11.20,28.00,true,1,
7296073216162,false,פלפל שחור,,IL,פלפל שחור,גרמים,100.00,100 גרם,false,0,13.90,13.90,true,1,
7296073216186,false,פלפל שחור,,IL,פלפל שחור,גרמים,40.00,100 גרם,false,0,10.50,26.25,true,1,
7296073216209,false,פלפל שחור,,IL,פלפל שחור,גרמים,35.00,100 גרם,false,0,10.90,31.14,true,1,
7296073216216,false,פלפל לבן,,IL,פלפל לבן,גרמים,40.00,100 גרם,false,0,12.20,30.50,true,1,
7296073216223,false,פפריקה מתוקה,,IL,פפריקה מתוקה,גרמים,80.00,100 גרם,false,0,5.50,6.88,true,1,
7296073216230,false,פפריקה מתוקה,,IL,פפריקה מתוקה,גרמים,40.00,100 גרם,false,0,7.90,19.75,true,1,
7296073216261,false,פפריקה מתוקה,,IL,פפריקה מתוקה,גרמים,80.00,100 גרם,false,0,7.10,8.88,true,1,
7296073216278,false,פפריקה מרוקאית,,IL,פפריקה מרוקאית,גרמים,90.00,100 גרם,false,0,9.10,10.11,true,1,
7296073216285,false,פפריקה מתוקה,,IL,פפריקה מתוקה,גרמים,400.00,100 גרם,false,0,25.10,6.28,true,1,
7296073216308,false,פפריקה חריפה,,IL,פפריקה חריפה,גרמים,100.00,100 גרם,false,0,12.00,12.00,true,1,
7296073216315,false,מלח לימון,,IL,מלח לימון,גרמים,100.00,100 גרם,false,0,7.60,7.60,true,1,
7296073217527,false,אטריות אורז חום רחבות226,LTD FOOD ETHICAL,IL,אטריות אורז חום,גרמים,226.00,100 גרם,false,0,12.80,5.66,true,1,
7296073218234,false,סוכר חום אורגני גרין 1 ק,,IL,סוכר חום אורגני,קילוגרמים,1.00,"ק""ג",false,0,12.80,12.80,true,1,
7296073218753,false,פתי בר שופרסל 500 גרם,BV BISCUIT PALLY,NL,פתי בר,גרמים,500.00,100 גרם,false,0,9.90,1.98,true,1,
7296073218807,false,בישקוטים,,IT,בישקוטים,גרמים,200.00,100 גרם,false,0,5.00,2.50,true,1,
7296073218876,false,פלפל אדום/מיקס,,IL,פלפל אדום/מיקס,גרמים,400.00,100 גרם,false,0,7.90,1.98,true,1,
7296073218920,false,לחם אחיד פרוס שופרסל 750,מאפיית שלמה א. אנג'\ל בע,IL,לחם אחיד פרוס,גרמים,750.00,100 גרם,false,0,6.79,0.91,true,1,
7296073219118,false,אבקת כביסה,,IL,אבקת כביסה,קילוגרמים,2.50,"ק""ג",false,0,18.90,7.56,true,1,
7296073219149,false,פירורי לחם מוזהב,,IL,פירורי לחם מוזהב,גרמים,350.00,100 גרם,false,0,7.90,2.26,true,1,
7296073219156,false,פירורי לחם לבן,,IL,פירורי לחם לבן,גרמים,350.00,100 גרם,false,0,6.70,1.91,true,1,
7296073219347,false,לחם אחיד פרוס750ג שופרסל,מאפית ברמן,IL,לחם אחיד פרוס,גרמים,750.00,100 גרם,false,0,6.79,0.91,true,1,
7296073219576,false,שקיות אשפה,,IL,שקיות אשפה,יחידה,1.00,יחידה,false,0,22.90,22.90,true,1,
7296073219606,false,כדורי דגנים,,LT,כדורי דגנים,גרמים,500.00,100 גרם,false,0,12.90,2.58,true,1,
7296073219668,false,עלי גפן ממולאים 400 גרם,LTD ESME,TR,עלי גפן ממולאים,גרמים,400.00,100 גרם,false,0,8.70,2.18,true,1,
7296073219675,false,פלפל שחור גרוס,,IL,פלפל שחור גרוס,גרמים,80.00,100 גרם,false,0,11.20,14.00,true,1,
7296073219880,false,פודינג שוקולד,,IL,פודינג שוקולד,גרמים,95.00,100 גרם,false,0,5.20,5.47,true,1,
7296073219903,false,ג'לי פטל,,IL,ג'לי פטל,גרמים,85.00,100 גרם,false,0,5.80,6.82,true,1,
7296073219910,false,ג'לי משמש,,IL,ג'לי משמש,גרמים,85.00,100 גרם,false,0,5.80,6.82,true,1,
7296073219927,false,ג'לי תות,,IL,ג'לי תות,גרמים,85.00,100 גרם,false,0,5.80,6.82,true,1,
7296073219941,false,חטיף דגנים שוקו+שוק23*6ג,back and Snack,AT,חטיף דגנים,גרמים,138.00,100 גרם,false,0,10.90,7.90,true,1,
7296073219958,false,חט.דגנים שוקו+מריר23*6ג,back and Snack,AT,חטיף דגנים,גרמים,138.00,100 גרם,false,0,10.90,7.90,true,1,
7296073219965,false,חט.דגנים שוק.חלב+בוט23*6,back and Snack,AT,חטיף בוטנים,גרמים,138.00,100 גרם,false,0,10.90,7.90,true,1,
7296073220008,false,ממתיק על בסיס סוכרלוז100,"ביסקול בע""מ",IL,ממתיק סוכרלוז,גרמים,100.00,100 גרם,false,0,17.90,17.90,true,1,
7296073220022,false,אבקת קקאו,,IL,אבקת קקאו,גרמים,150.00,100 גרם,false,0,5.90,3.93,true,1,
7296073220077,false,שוקולד חלב,,CH,שוקולד חלב,גרמים,100.00,100 גרם,false,0,5.90,5.90,true,1,
7296073220084,false,שוקולד חלב במילו,,CH,שוקולד חלב במילו,גרמים,100.00,100 גרם,false,0,5.90,5.90,true,1,
7296073220121,false,חטיפי קרח,,IL,חטיפי קרח,ליטרים,2.10,ליטר,false,0,10.90,5.19,true,1,
7296073220183,false,עוגיות שוקוצ'יפס,,DE,עוגיות שוקוצ'יפס,גרמים,225.00,100 גרם,false,0,8.90,3.96,true,1,
7296073220275,false,וופל ט.שוקולד שופרסל500ג,"מנעמים תעשיות מזון בע""\מ",IL,וופל טעם שוקולד,גרמים,500.00,100 גרם,false,0,9.90,1.98,true,1,
7296073220282,false,וופלים ט.לימון שופרסל500,"מנעמים תעשיות מזון בע""\מ",IL,וופל טעם לימון,גרמים,500.00,100 גרם,false,0,9.90,1.98,true,1,
7296073220398,false,חטיפי קרח,,IL,חטיפי קרח,מיליליטרים,800.00,"100 מ""ל",false,0,7.90,0.99,true,1,
7296073220404,false,פטל אדום קפוא שופרסל 300,d.o.o Lukowa,YU,פטל אדום,גרמים,300.00,100 גרם,false,0,16.90,5.63,true,1,
7296073220435,false,מיקס פירות יער קפוא 300,d.o.o Lukowa,YU,מיקס פירות יער,גרמים,300.00,100 גרם,false,0,16.90,5.63,true,1,
7296073220442,false,דובדבן קפוא שופרסל 300גר,d.o.o Lukowa,RS,דובדבן,גרמים,300.00,100 גרם,false,0,16.90,5.63,true,1,
7296073221319,false,מארז כפות בצבע קרם,.,IL,"כף קרם ח""פ",יחידה,1.00,יחידה,false,0,8.90,8.90,true,1,
7296073221326,false,"כפית קרם 100 יח,' 1.4גרם",.,TR,"כפית קרם ח""פ",יחידה,1.00,יחידה,false,0,6.90,6.90,true,1,
7296073221333,false,מארז מזלגות בצבע קרם,.,IL,"מזלג קרם ח""פ",יחידה,1.00,יחידה,false,0,8.90,8.90,true,1,
7296073221340,false,מארז סכינים בצבע קרם,.,IL,"סכין קרם ח""פ",יחידה,1.00,יחידה,false,0,8.90,8.90,true,1,
7296073221791,false,ופלים בטעם אגוזים 400 גר,"מנעמים תעשיות מזון בע""\מ",IL,וופל אגוזים,גרמים,400.00,100 גרם,false,0,9.90,2.48,true,1,
7296073222224,false,פסטרמה ברביקיו דק דק140ג,מעדני יחיעם,IL,פסטרמה ברביקיו,גרמים,140.00,100 גרם,false,0,10.90,7.79,true,1,
7296073222262,false,קבנוס שופרסל 100 גרם,מעדני יחיעם,IL,קבנוס,גרמים,100.00,100 גרם,false,0,7.90,7.90,true,1,
7296073222279,false,נקניקיות וינר שופרסל 1קג,מעדני יחיעם,IL,נקניקיות וינר,קילוגרמים,1.00,"ק""ג",false,0,24.20,24.20,true,1,
7296073222309,false,ג'חנון קפוא שופרסל 650 ג,אופרה,IL,ג'חנון קפוא שופר,גרמים,650.00,100 גרם,false,0,12.80,1.97,true,1,
7296073222316,false,ג'חנון אפוי שופרסל 650ג,אופרה,IL,ג'חנון אפוי שופר,גרמים,650.00,100 גרם,false,0,15.80,2.43,true,1,
7296073222323,false,מלווח קפוא שופרסל700ג,אופרה,IL,מלווח קפוא שופרס,גרמים,700.00,100 גרם,false,0,12.80,1.83,true,1,
7296073222811,false,סילאן טבעי גרין 340 גרם,,IL,סילאן טבעי,גרמים,340.00,100 גרם,false,0,17.70,5.21,true,1,
7296073223009,false,שמן זית,,IT,שמן זית,מיליליטרים,750.00,"100 מ""ל",false,0,24.90,3.32,true,1,
7296073223078,false,תה ירוק,,LK,תה ירוק,גרמים,37.00,100 גרם,false,0,15.80,42.70,true,1,
7296073223085,false,תה ירוק,,LK,תה ירוק,גרמים,37.00,100 גרם,false,0,15.80,42.70,true,1,
7296073223115,false,תה קלאסי,,LK,תה קלאסי,גרמים,150.00,100 גרם,false,0,7.90,5.27,true,1,
7296073223993,false,מזון חתולים,,FR,מזון חתולים,גרמים,400.00,100 גרם,false,0,8.00,2.00,true,1,
7296073224013,false,מזון חתולים,,FR,מזון חתולים,גרמים,400.00,100 גרם,false,0,8.00,2.00,true,1,
7296073224020,false,מזון חתולים,,FR,מזון חתולים,גרמים,400.00,100 גרם,false,0,8.00,2.00,true,1,
7296073224037,false,מזון כלבים,,FR,מזון כלבים,גרמים,400.00,100 גרם,false,0,7.90,1.98,true,1,
7296073224051,false,מזון כלבים,,FR,מזון כלבים,גרמים,400.00,100 גרם,false,0,7.90,1.98,true,1,
7296073224389,false,אורז חום ארוך מלא אורגני,,IL,אורז חום,גרמים,500.00,100 גרם,false,0,11.80,2.36,true,1,
7296073224402,false,גרגירי חומוס אורגני גרין,,IL,גרגירי חומוס,גרמים,500.00,100 גרם,false,0,11.80,2.36,true,1,
7296073224471,false,עדשים אדומות אורגני גרין,,IL,עדשים אדומות,גרמים,500.00,100 גרם,false,0,11.80,2.36,true,1,
7296073224488,false,בורגול אורגני גרין 500 ג,,IL,בורגול אורגני,גרמים,500.00,100 גרם,false,0,8.80,1.76,true,1,
7296073224525,false,שבבי שיב.שוע500גרוס גרין,,IL,שיבולת שועל,גרמים,500.00,100 גרם,false,0,11.80,2.36,true,1,
7296073224556,false,שבבי שיבולת שועל גרין500,,IL,שיבולת שועל,גרמים,500.00,100 גרם,false,0,11.80,2.36,true,1,
7296073224563,false,סלט טחינה שופרסל 400 גרם,סלטי שמיר,IL,סלט טחינה,גרמים,400.00,100 גרם,false,0,8.90,2.23,true,1,
7296073224570,false,חומוס אסלי שופרסל 400גרם,סלטי שמיר,IL,חומוס אסלי,גרמים,400.00,100 גרם,false,0,8.90,2.23,true,1,
7296073224600,false,"חומוס שופרסל 1 ק""ג",סלטי שמיר,IL,סלט חומוס,קילוגרמים,1.00,"ק""ג",false,0,10.90,10.90,true,1,
7296073224631,false,"אורז פרסי שופרסל 1 ק""ג",ltd co produce Uthai,TH,אורז פרסי,קילוגרמים,1.00,"ק""ג",false,0,6.80,6.80,true,1,
7296073224754,false,חליטת פירות יער שופרסל25,רפאלס,DE,חליטת פירות יער,גרמים,50.00,100 גרם,false,0,10.00,20.00,true,1,
7296073224761,false,חליטת נענע שופרסל 25שק,רפאלס,DE,חליטת נענע,גרמים,50.00,100 גרם,false,0,10.00,20.00,true,1,
7296073224815,false,מרכך מרוכז כחול,,IL,מרכך מרוכז כחול,ליטרים,1.00,ליטר,false,0,11.90,11.90,true,1,
7296073224822,false,מרכך מרוכז ורוד,,IL,מרכך מרוכז ורוד,ליטרים,1.00,ליטר,false,0,11.90,11.90,true,1,
7296073224846,false,מרכך מרוכז סגול,,IL,מרכך מרוכז סגול,ליטרים,1.00,ליטר,false,0,11.90,11.90,true,1,
7296073224891,false,אפונה ירוקה קפואה שופרסל,ARDO,BE,אפונה ירוקה,גרמים,800.00,100 גרם,false,0,13.90,1.74,true,1,
7296073224907,false,אפונה וגזר שופרסל 800גרם,ARDO,BE,אפונה וגזר,גרמים,800.00,100 גרם,false,0,14.80,1.85,true,1,
7296073224914,false,פלסטרים מבד,,IL,פלסטרים מבד,יחידה,1.00,יחידה,false,0,7.80,7.80,true,1,
7296073225003,false,לפתן ליצ'י,,CN,לפתן ליצ'י,גרמים,567.00,100 גרם,false,0,6.90,1.22,true,1,
7296073225072,false,לחמניות שופרסל 6יח75*גר,מאפיית שלמה א. אנג'\ל בע,IL,לחמניות 6יחידות,גרמים,450.00,100 גרם,false,0,9.90,2.20,true,1,
7296073225157,false,עוגת שמרים עם פרג 400גרם,גידרון,IL,עוגת שמרים,גרמים,400.00,100 גרם,false,0,14.80,3.70,true,1,
7296073225195,false,שמ.זית אורג.כתית גרין750,OLIVENSA,ES,שמן זית אורגני,ליטרים,0.75,ליטר,false,1,46.90,62.53,true,1,
7296073225218,false,משמש מיובש 200גרם שופרסל,SA AKCA OSMAN,IL,משמש מארז 200גרם,גרמים,200.00,100 גרם,false,0,13.90,6.95,true,1,
7296073225249,false,גרעין חמניה לא תוספת מלח,ששון,IL,גרעין חמנייה,גרמים,200.00,100 גרם,false,0,7.80,3.90,true,1,
7296073225263,false,עוגיות עם שמנת,,IT,עוגיות עם שמנת,גרמים,300.00,100 גרם,false,0,8.90,2.97,true,1,
7296073225270,false,עוגיות בציפוי,,IT,עוגיות בציפוי,גרמים,300.00,100 גרם,false,0,8.90,2.97,true,1,
7296073225287,false,עוגיות חיטה מלאה,,IT,עוגיות חיטה מלאה,גרמים,300.00,100 גרם,false,0,8.90,2.97,true,1,
7296073225461,false,פיצה מרגריטה 360גרם,SOCICO CON S.R.L AR,IT,פיצה מרגריטה,גרמים,360.00,100 גרם,false,0,15.90,4.42,true,1,
7296073225478,false,פיצה מרגריטה עם זיתים360,SOCICO CON S.R.L AR,IT,פיצה עם זיתים,גרמים,360.00,100 גרם,false,0,16.80,4.67,true,1,
7296073225492,false,רוטב עגבני.מרוכז22% 260ג,פריניר,IL,רסק עגבניות,גרמים,260.00,100 גרם,false,0,3.60,1.38,true,1,
7296073225515,false,"מכסים לכוסות קפה ח""פ 50",.,CN,מכסים לכוסות קפה,יחידה,1.00,יחידה,false,0,8.90,8.90,true,1,
7296073225522,false,כוסות אספרסו חד פעמי 50,.,CN,"כוסות אספרסו ח""פ",יחידה,1.00,יחידה,false,0,6.90,6.90,true,1,
7296073225553,false,תירס בוואקום,,TH,תירס בוואקום,גרמים,340.00,100 גרם,false,0,5.90,1.74,true,1,
7296073225560,false,"ופלים שוקולד ללת""ס200גרם","מנעמים תעשיות מזון בע""\מ",IL,וופל שוקולד ללתס,גרמים,200.00,100 גרם,false,0,7.80,3.90,true,1,
7296073225577,false,"וופל בלגי שוקו.ללת""ס200ג",גילרו,IL,וופל בלגי שוקולד,גרמים,200.00,100 גרם,false,0,8.80,4.40,true,1,
7296073225591,false,אורז בסמטי,,IN,אורז בסמטי,קילוגרמים,1.00,"ק""ג",false,0,14.80,14.80,true,1,
7296073225638,false,חטיפי קרקר,,IT,חטיפי קרקר,גרמים,150.00,100 גרם,false,0,8.80,5.87,true,1,
7296073225775,false,רצועות סלק שופרסל 400גרם,סלטי שמיר,IL,סלט סלק שופרסל,גרמים,400.00,100 גרם,false,0,8.90,2.23,true,1,
7296073226154,false,ביסקוויט שוקולד מריר125,.,DE,ביסקוויט מצופה,גרמים,125.00,100 גרם,false,0,8.80,7.04,true,1,
7296073226307,false,חיתולים שופרסל,,IL,חיתולים שופרסל,יחידה,1.00,יחידה,false,0,33.60,33.60,true,1,
7296073226314,false,חיתולים שופרסל,,IL,חיתולים שופרסל,יחידה,1.00,יחידה,false,0,33.60,33.60,true,1,
7296073226321,false,חיתולים שופרסל,,IL,חיתולים שופרסל,יחידה,1.00,יחידה,false,0,33.60,33.60,true,1,
7296073226338,false,חיתולים שופרסל,,IL,חיתולים שופרסל,יחידה,1.00,יחידה,false,0,33.60,33.60,true,1,
7296073226529,false,וופל קוביות שוקולד 250גר,בלקוני,IT,וופל קוביות,גרמים,250.00,100 גרם,false,0,11.80,4.72,true,1,
7296073226536,false,וופל קוביות קרם אגוז250ג,בלקוני,IT,וופל קוביות,גרמים,250.00,100 גרם,false,0,11.80,4.72,true,1,
7296073226550,false,דובדבנים חמוצים מגולענים,Kft Gloster,HU,דובדבנים חמוצים,גרמים,720.00,100 גרם,false,0,7.90,1.10,true,1,
7296073226680,false,חט.דגנים שוק.חלב+ביסקויט,back and Snack,AT,חטיף דגנים,גרמים,138.00,100 גרם,false,0,10.90,7.90,true,1,
7296073227069,false,משקה בטעם ענבים,,IL,משקה בטעם ענבים,ליטרים,1.50,ליטר,false,0,5.90,3.93,true,1,
7296073227083,false,משקה בטעם תפוח,,IL,משקה בטעם תפוח,ליטרים,1.50,ליטר,false,0,5.90,3.93,true,1,
7296073227090,false,משקה בטעם אפרסק,,IL,משקה בטעם אפרסק,ליטרים,1.50,ליטר,false,0,5.90,3.93,true,1,
7296073228851,false,מגבונ.ללא בישום 64*5יח,שופרסל,IL,מגבונים,יחידה,1.00,יחידה,false,0,26.50,26.50,true,1,
7296073229650,false,סירופ טעם שוקולד,,IL,סירופ טעם שוקולד,גרמים,600.00,100 גרם,false,0,8.90,1.48,true,1,
7296073229667,false,סירופ טעם מייפל,,IL,סירופ טעם מייפל,גרמים,600.00,100 גרם,false,0,8.90,1.48,true,1,
7296073229674,false,פטוצ'יני ללינגויני 500 ג,.,IT,פטוצ'יני,גרמים,500.00,100 גרם,false,1,4.90,0.98,true,1,
7296073229704,false,ג'ל רחצה פפאיה שופרסל750,"טרופיקל דגיל תעשיות קוסמטיקה בע""מ",IL,ג'ל רחצה,מיליליטרים,750.00,"100 מ""ל",false,0,8.80,1.17,true,1,
7296073229728,false,ג'ל רח. אלוורה שופרסל750,"טרופיקל דגיל תעשיות קוסמטיקה בע""מ",IL,ג'ל רחצה,מיליליטרים,750.00,"100 מ""ל",false,0,8.80,1.17,true,1,
7296073229735,false,תחליב רח.קלאסי שופרסל750,"טרופיקל דגיל תעשיות קוסמטיקה בע""מ",IL,תחליב רחצה,מיליליטרים,750.00,"100 מ""ל",false,0,8.80,1.17,true,1,
7296073229742,false,תחליב רח.מאסק שופרסל750,"טרופיקל דגיל תעשיות קוסמטיקה בע""מ",IL,תחליב רחצה,מיליליטרים,750.00,"100 מ""ל",false,0,8.80,1.17,true,1,
7296073229759,false,תחליב רח.ונילה שופרסל750,"טרופיקל דגיל תעשיות קוסמטיקה בע""מ",IL,תחליב רחצה,מיליליטרים,750.00,"100 מ""ל",false,0,8.80,1.17,true,1,
7296073229889,false,"קטשופ שופרסל 1 ק""ג",סוגל,PT,קטשופ,קילוגרמים,1.00,"ק""ג",false,0,6.90,6.90,true,1,
7296073229940,false,"אורז בסמטי בצנצנת 1 ק""ג",.,IN,אורז בסמטי,קילוגרמים,1.00,"ק""ג",false,0,10.00,10.00,true,1,
7296073230038,false,מנקה רצפות ורוד 2 ליטר,קליר כימיקלים,IL,מנקה רצפות,ליטרים,2.00,ליטר,false,0,11.90,5.95,true,1,
7296073230045,false,מנקה רצפות סגול 2 ליטר,קליר כימיקלים,IL,מנקה רצפות,ליטרים,2.00,ליטר,false,0,11.90,5.95,true,1,
7296073230076,false,מנקה רצפות שיש וקרמיקה2ל,קליר כימיקלים,IL,מנקה רצפות,ליטרים,2.00,ליטר,false,0,19.50,9.75,true,1,
7296073230113,false,לפתן פירות בסירופ קל225ג,.,CN,לפתן פירות,גרמים,225.00,100 גרם,false,0,5.20,2.31,true,1,
7296073230410,false,"כוסות קפה ח""פ",,CN,"כוסות קפה ח""פ",יחידה,1.00,יחידה,false,0,7.90,7.90,true,1,
7296073230601,false,"אורז ארוך מלא 1 ק""ג",ltd co produce Uthai,TH,אורז ארוך מלא,קילוגרמים,1.00,"ק""ג",false,0,9.10,9.10,true,1,
7296073230618,false,"אורז תאילנדי 1 ק""ג",ltd co produce Uthai,TH,אורז תאילנדי,קילוגרמים,1.00,"ק""ג",false,0,4.90,4.90,true,1,
7296073230632,false,דגני טבעות דבש 500 גרם,UAB FOODS CERERA,LT,טבעות דבש,גרמים,500.00,100 גרם,false,0,12.90,2.58,true,1,
7296073230700,false,אקונומיקה מבושמת 4 ליטר,קליר כימיקלים,IL,אקונומיקה מבושמת,ליטרים,4.00,ליטר,false,0,10.90,2.73,true,1,
7296073230724,false,אקונומיקה 4 ליטר,קליר כימיקלים,IL,אקונומיקה 4 ליטר,ליטרים,4.00,ליטר,false,0,9.80,2.45,true,1,
7296073230731,false,נוזל לניקוי כלים 750מל,קליר כימיקלים,IL,נוזל לכלים תפוח,מיליליטרים,750.00,"100 מ""ל",false,0,7.90,1.05,true,1,
7296073230755,false,מיץ ענבים תירוש 1 ליטר,יקבי ירושלים,IL,מיץ ענבים תירוש,ליטרים,1.00,ליטר,false,0,13.90,13.90,true,1,
7296073230816,false,"נוזל לניקוי כלים 750מ""ל",קליר כימיקלים,IL,נוזל לכלים לימון,מיליליטרים,750.00,"100 מ""ל",false,0,7.90,1.05,true,1,
7296073230823,false,"מסיר לק שופרסל 150 מ""ל",ש.שוורץ,IL,מסיר לק,מיליליטרים,150.00,"100 מ""ל",false,0,10.80,7.20,true,1,
7296073231240,false,חט.פריכיות שוקו חלב18*5ג,בנליין פודס,RS,חטיף פריכיות,גרמים,90.00,100 גרם,false,1,9.90,11.00,true,1,
7296073231264,false,חט.פריכיות שוקו תות18*5,בנליין פודס,RS,חטיף פריכיות,גרמים,90.00,100 גרם,false,1,9.90,11.00,true,1,
7296073231271,false,מרכ.כביסה ורוד שופרסל 4ל,גליל כימיקלים,IL,מרכך כביסה,ליטרים,4.00,ליטר,false,1,13.90,3.48,true,1,
7296073231295,false,מרכ.כביסה כחול שופרסל 4ל,גליל כימיקלים,IL,מרכך כביסה,ליטרים,4.00,ליטר,false,1,13.90,3.48,true,1,
7296073231547,false,חלב 1% בקרטון שופרסל 1ל,מחלבות רמת הגולן,IL,חלב 1% קרטון 1ל',ליטרים,1.00,ליטר,false,1,5.20,5.20,true,1,
7296073231554,false,חלב 3% בקרטון שופרסל 1ל,מחלבות רמת הגולן,IL,חלב 3% קרטון 1ל',ליטרים,1.00,ליטר,false,1,5.40,5.40,true,1,
7296073231561,false,שמנת עמידה לקצפת38% 250ג,מחלבות רמת הגולן,IL,שמנת עמידה 38%,מיליליטרים,250.00,"100 מ""ל",false,1,5.80,2.32,true,1,
7296073231707,false,"שוקו בשקית שופרסל225 מ""ל",מחלבות רמת הגולן,IL,שוקו בשקית,מיליליטרים,225.00,"100 מ""ל",false,1,2.00,0.89,true,1,
7296073232377,false,חלב1% נטול לקטוז גרין1ל,מחלבת רמת-הגולן,IL,חלב נטול לקטוז,ליטרים,1.00,ליטר,false,1,8.90,8.90,true,1,
7296073232384,false,שוקו נטול לקטוז1%גרין1ל,מחלבות רמת הגולן,IL,שוקו נטול לקטוז,ליטרים,1.00,ליטר,false,1,8.90,8.90,true,1,
7296073232391,false,"סוכר לבן שופרסל 1 ק""ג","אגרנה צוקר בע""מ",PL,סוכר לבן,קילוגרמים,1.00,"ק""ג",false,1,4.50,4.50,true,1,
7296073232438,false,משקה חלב מועשר 1% 1ליטר,מחלבות רמת הגולן,IL,משקה חלב מועשר1%,ליטרים,1.00,ליטר,false,1,6.90,6.90,true,1,
7296073232445,false,משקה חלב מועשר 3% 1 ליטר,מחלבות רמת הגולן,IL,משקה חלב מועשר3%,ליטרים,1.00,ליטר,false,1,6.90,6.90,true,1,
7296073232629,false,מרגרינה ללא מלח 200 גרם,בסלר גידה וה קימייה סאן,TR,מרגרינה ללא מלח,גרמים,200.00,100 גרם,false,1,4.00,2.00,true,1,
7296073232636,false,מרגרינה בטעם חמאה 200 גר,בסלר גידה וה קימייה סאן,TR,מרגרינה ט.חמאה,גרמים,200.00,100 גרם,false,1,4.00,2.00,true,1,
7296073232643,false,חטיפי וופל קרם אגוזים150,חברת איבר קקאו,ES,חטיפי וופל,גרמים,150.00,100 גרם,false,1,5.00,3.33,true,1,
7296073233299,false,"משק""ל תפוזים 1.5 ליטר","ס.משלב יזמות בע""מ",IL,"משק""ל תפוזים",ליטרים,1.50,ליטר,false,1,5.90,3.93,true,1,
7296073233329,false,"משק""ל אשכוליות 1.5 ליטר","ס.משלב יזמות בע""מ",IL,"משק""ל אשכוליות",ליטרים,1.50,ליטר,false,1,5.90,3.93,true,1,
7296073234661,false,חטיף בוטנים שופרסל 25 גר,חטיפי העמק,IL,חטיף בוטנים,גרמים,25.00,100 גרם,false,1,1.90,7.60,true,1,
7296073234678,false,חטיף בוטנים שופרסל 80 גר,חטיפי העמק,IL,חטיף בוטנים,גרמים,80.00,100 גרם,false,1,3.80,4.75,true,1,
7296073234692,false,חטיף חיטה בטעם גריל 70ג,מנה,IL,חטיף חיטה גריל,גרמים,70.00,100 גרם,false,1,3.70,5.29,true,1,
7296073234708,false,חטיף בטעם גריל 200 גרם,מנה,IL,חטיף בטעם גריל,גרמים,200.00,100 גרם,false,1,5.00,2.50,true,1,
7296073234715,false,חטיף חיטה בטעם בצל 70גרם,מנה,IL,חטיף חיטה בצל,גרמים,70.00,100 גרם,false,1,3.70,5.29,true,1,
7296073234722,false,חטיף בטעם בצל 200 גרם,מנה,IL,חטיף בטעם בצל,גרמים,200.00,100 גרם,false,1,5.00,2.50,true,1,
7296073234739,false,חטיף חיטה טעם ברביקיו70ג,מנה,IL,חטיף חיטה ברבקיו,גרמים,70.00,100 גרם,false,1,3.70,5.29,true,1,
7296073234753,false,חטיף תירס קלאסי 50 גרם,מנה,IL,חטיף תירס קלאסי,גרמים,50.00,100 גרם,false,1,4.70,9.40,true,1,
7296073235613,false,ממרח תמרים 450 גרם,חצר כנרת מוצרי תמר,IL,ממרח תמרים,גרמים,450.00,100 גרם,false,1,5.90,1.31,true,1,
7296073235651,false,רדיד אלומיניום כוכבים30מ,אופל אריזות,IL,רדיד אלומיניום,מטרים,30.00,מטר,false,1,12.90,0.43,true,1,
7296073235750,false,נוזל לניקוי חלונות 750מל,קליר כימיקלים,IL,נוזל לחלונות,מיליליטרים,750.00,"100 מ""ל",false,1,5.90,0.79,true,1,
7296073236122,false,"צלחת ח""פ9"" עבה במיוחד66",.,CN,צלחת חד פעמית,יחידה,1.00,יחידה,false,1,22.90,22.90,true,1,
7296073236221,false,גרעיני תירס ואקום 340ג,"צ'אנג 1959 בע""מ",TH,גרעיני תירס,גרמים,340.00,100 גרם,false,1,5.90,1.74,true,1,
7296073236269,false,"כף שקוף עבה ח""פ 100 יח",.,TR,כף שקוף עבה,יחידה,1.00,יחידה,false,1,12.90,12.90,true,1,
7296073236290,false,חט.קראנצ+'שוקולד מריר5יח,ויטליה ניקול,MK,חטיפי קראנצ' 5יח,גרמים,210.00,100 גרם,false,1,13.80,6.57,true,1,
7296073236313,false,ג'ל אקונומיקה שופרסל 4ל,קליר כימיקלים,IL,ג'ל אקונומיקה,ליטרים,4.00,ליטר,false,1,12.80,3.20,true,1,
7296073236412,false,50 דפי שעווה שופרסל,שופרסל,CN,דפי שעווה שופרסל,יחידה,1.00,יחידה,false,1,17.70,17.70,true,1,
7296073236603,false,"שמנת לבישול 15% 250 מ""ל",מחלבת רמת-הגולן,IL,שמנת לבישול 15%,מיליליטרים,250.00,"100 מ""ל",false,1,6.70,2.68,true,1,
7296073236658,false,לקט לקוסקוס שופרסל 800גר,שופרסל,IL,לקט לקוסקוס,גרמים,800.00,100 גרם,false,12,17.90,2.24,true,1,
7296073236818,false,גרנולה פירות יבשים 90גרם,ויטליה,MK,גרנולה פירות יבש,גרמים,90.00,100 גרם,false,1,6.80,7.56,true,1,
7296073236825,false,גרנולה אגוזים+צימוקים90ג,ויטליה,MK,גרנולה אגוזים,גרמים,90.00,100 גרם,false,1,6.80,7.56,true,1,
7296073236931,false,קליונז מופחת קלוריות500ג,מיטב,IL,קליונז,גרמים,500.00,100 גרם,false,1,9.80,1.96,true,1,
7296073237112,false,חט.שוקס כדורי דגנ.שוקו70,שקדיה,IL,חטיף שוקס,גרמים,70.00,100 גרם,false,1,4.90,7.00,true,1,
7296073237129,false,חטיף שוקס וופל חלב70גרם,שקדיה,IL,חטיף שוקס,גרמים,70.00,100 גרם,false,1,4.90,7.00,true,1,
7296073237136,false,חט.שוקס ביסקויט שוק.חלב,שקדיה,IL,חטיף שוקולד שוקס,גרמים,70.00,100 גרם,false,1,4.90,7.00,true,1,
7296073237143,false,חט.שוקס ביסקוויט מיקס70ג,שקדיה,IL,חטיף שוקס,גרמים,70.00,100 גרם,false,1,4.90,7.00,true,1,
7296073237167,false,חט.שוקס קורנפלקס חלב70ג,שקדיה,IL,חטיף שוקס,גרמים,70.00,100 גרם,false,1,4.90,7.00,true,1,
7296073237525,false,קוקטייל פירות בסירופ קל,CANNED QIWWEI LINYI,CN,קוקטייל פירות,גרמים,820.00,100 גרם,false,1,7.90,0.96,true,1,
7296073237631,false,שוקולד מריר פרימיום 81%,פריי )שוקולד(,CH,שוקולד מריר 81%,גרמים,100.00,100 גרם,false,1,11.90,11.90,true,1,
7296073237655,false,שוק.מריר 72% קקאו 100 גר,"שוקולד פריי בע""מ",CH,שוקולד מריר 72%,גרמים,100.00,100 גרם,false,1,11.90,11.90,true,1,
7296073237662,false,שוק72%. מריר תפוז 100גרם,פריי )שוקולד(,CH,שוקולד מריר תפוז,גרמים,100.00,100 גרם,false,1,11.90,11.90,true,1,
7296073237686,false,שוקולד חלב+אגוזי לוז100ג,פריי )שוקולד(,CH,שוקולד אגוזי לוז,גרמים,100.00,100 גרם,false,1,11.90,11.90,true,1,
7296073237747,false,חמאה הולנדית 200 גרם,SPRL MATHOT,BE,חמאה הולנדית,גרמים,200.00,100 גרם,false,1,6.60,3.30,true,1,
7296073237754,false,חמאה הולנדית 100 גרם,SPRL MATHOT,BE,חמאה הולנדית,גרמים,100.00,100 גרם,false,1,3.30,3.30,true,1,
7296073237846,false,"אורז פרסי שופרסל 1 ק""ג",THEPTHUNGATIP,TH,אורז פרסי,קילוגרמים,1.00,"ק""ג",false,1,6.80,6.80,true,1,
7296073237884,false,קפסולות קפה שופרסל שחור,רוני רג'ואן ושות,IL,קפסולות קפה,גרמים,50.00,100 גרם,false,1,15.90,31.80,true,1,
7296073238102,false,עוג.מדליון שוק.מריר 100ג,מידור,CH,עוגיות מדליון,גרמים,100.00,100 גרם,false,1,12.90,12.90,true,1,
7296073238119,false,עוגיות ג'פונז שוקו 100גר,מידור,CH,עוגיות ג'פונז,גרמים,100.00,100 גרם,false,1,12.90,12.90,true,1,
7296073238126,false,עוגיות קרם שקדים+שוקו100,מידור,CH,עוגיות קרם שקדים,גרמים,100.00,100 גרם,false,1,12.90,12.90,true,1,
7296073238133,false,עוגיות מרנג קרם קקאו100ג,מידור,CH,עוגיות מרנג,גרמים,100.00,100 גרם,false,1,12.90,12.90,true,1,
7296073239239,false,כוסות קפה פרימיום 50 יח',.,CN,"כוסות קפה ח""פ",יחידה,1.00,יחידה,false,1,6.90,6.90,true,1,
7296073239383,false,מיני פרלין שופרסל 100 גר,דוקדו,BE,מיני פרלין,גרמים,100.00,100 גרם,false,1,10.00,10.00,true,1,
7296073239628,false,תירס גמדי 400 גרם,CORN KARN,TH,תירס גמדי,גרמים,400.00,100 גרם,false,1,5.00,1.25,true,1,
7296073239949,false,שוק.חלב קרמל+מלח ים 100ג,פריי )שוקולד(,CH,שוקולד חלב קרמל,גרמים,100.00,100 גרם,false,1,11.90,11.90,true,1,
7296073239963,false,פיצה מרגריטה בצק עבה,שופרסל,IT,פיצה בצק עבה,גרמים,390.00,100 גרם,false,1,15.80,4.05,true,1,
7296073240228,false,עוגיות סנדוויץ שוקולד250,ויירה דה קסטרו,PT,עוגיות סנדוויץ,גרמים,250.00,100 גרם,false,1,7.90,3.16,true,1,
7296073241102,false,קרואסון מילוי פודינג50*6,מידי,IT,קרואסונים 6 יח,גרמים,300.00,100 גרם,false,1,10.00,3.33,true,1,
7296073241119,false,קרואסונים מילוי שוקולד6י,מידי,IT,קרואסונים 6 יח,גרמים,300.00,100 גרם,false,1,10.00,3.33,true,1,
7296073241324,false,פרוסות אננס בסירופ קל850,CANNING FRUIT KUIBURI,TH,אננס פרוסות,גרמים,850.00,100 גרם,false,1,9.60,1.13,true,1,
7296073241416,false,פתי בר בטעם שוקו 110 גרם,אפיפית,IL,פתי בר שוקו,גרמים,110.00,100 גרם,false,1,3.50,3.18,true,1,
7296073241423,false,פתי בר בטעם וניל 110 גרם,אפיפית,IL,פתי בר וניל,גרמים,110.00,100 גרם,false,1,3.50,3.18,true,1,
7296073241522,false,ממחטות אף 100*5 יח,שניב תעשיות נייר,IL,ממחטות אף 5 יח,יחידה,1.00,יחידה,false,1,10.80,10.80,true,1,
7296073241553,false,"שוקו בשקית 225*6 מ""ל",מחלבות רמת הגולן,IL,שוקו בשקית 6 יח,ליטרים,1.35,ליטר,false,1,11.90,8.81,true,1,
7296073243311,false,שמן זית כתית מעולה 1ליטר,CLEMENTE OLEARIA,ES,שמן זית,ליטרים,1.00,ליטר,false,1,33.90,33.90,true,1,
7296073243328,false,"ניוקי תפו""א עגבנ.ל.ג500ג",צ'יימה,IT,"ניוקי תפו""א",גרמים,500.00,100 גרם,false,1,13.90,2.78,true,1,
7296073243335,false,"ניוקי תפו""א תרד ל.ג500גר",צ'יימה,IT,"ניוקי תפו""א תרד",גרמים,500.00,100 גרם,false,1,13.90,2.78,true,1,
7296073243359,false,ביצים M שופרסל 12 יחידות,גליקסמן,IL,ביצים 12יחידות M,יחידה,1.00,יחידה,false,1,10.55,10.55,true,1,
7296073243366,false,ביצים L שופרסל 12 יחידות,גליקסמן,IL,ביצים 12 יחידותL,יחידה,1.00,יחידה,false,1,11.45,11.45,true,1,
7296073243663,false,קרואסון מילוי חלב+שוק300,מידי,IT,קרואסון חלב+שוקו,גרמים,300.00,100 גרם,false,1,10.00,3.33,true,1,
7296073243731,false,ריבת חלב שופרסל 400 גרם,מיה,IL,ריבת חלב שופרסל,גרמים,400.00,100 גרם,false,1,8.90,2.23,true,1,
7296073244097,false,רוגעלך בטעם שוקולד 500גר,גידרון,IL,רוגעלך שוקולד,גרמים,500.00,100 גרם,false,1,12.90,2.58,true,1,
7296073244769,false,"סוכר חום דמררה צנצ. 1ק""ג","סוגת תעשיות בע""\מ",IL,סוכר חום דמררה,קילוגרמים,1.00,"ק""ג",false,1,10.90,10.90,true,1,
7296073245995,false,וופל בטעם שוקולד 200 גרם,מנעמים,IL,וופל שוקולד,גרמים,200.00,100 גרם,false,1,4.50,2.25,true,1,
7296073247470,false,פטוצ'יני מצונן 300 גרם,מאפיי,IT,פסטה מצוננת,גרמים,300.00,100 גרם,false,1,8.90,2.97,true,1,
7296073247494,false,רביולי גבינה ותרד 300 גר,פסטה נונה,IL,רביולי גבינה תרד,גרמים,300.00,100 גרם,false,1,13.90,4.63,true,1,
7296073247500,false,רביולי גבינה 300 גרם,פסטה נונה,IL,רביולי גבינה,גרמים,300.00,100 גרם,false,1,13.90,4.63,true,1,
7296073247517,false,רביולי בטטה 300 גרם,פסטה נונה,IL,רביולי בטטה,גרמים,300.00,100 גרם,false,1,13.90,4.63,true,1,
7296073247524,false,רביולי גבינה ופטריות300ג,פסטה נונה,IL,רביולי גבינה,גרמים,300.00,100 גרם,false,1,13.90,4.63,true,1,
7501013132106,false,ג'ומקס מיץ אננס 100%,שתיה קלה 2 ב 20,IL,מיץ אננס טבעי,מיליליטרים,1000.00,"100 מ""ל",false,0,12.80,1.28,true,1,
7501013132403,false,מיץ קוקוס אננס 1 ליטר,ELORO.S.A COMERCIAIZADOR,MX,מיץ קוקוס אננס,ליטרים,1.00,ליטר,false,1,12.80,12.80,true,1,
7610023050215,false,פמיליה קראנץ' איקס תערובת דגנים פריכים בתוספת צימוקים ואגוזי לוז 500 גרם,פמיליה familia,CH,קרנצ' X דגנים,גרמים,500.00,100 גרם,false,0,26.00,5.20,true,1,
7613032045753,false,פיטנס - דגני בוקר שוקולד 375 גרם,נסטלה צרפת איטנקורט,FR,פיטנס שוקולד,גרמים,375.00,100 גרם,false,0,18.90,5.04,true,1,
7613033539107,false,מחית תפוח בננה שלב2 130ג,נסטלה,PL,מחית שלב 2 מטרנה,גרמים,130.00,100 גרם,false,0,5.90,4.54,true,1,
7613033541674,false,מחית תפוח בננה שלב3 190ג,נסטלה,PL,מחית שלב 3 מטרנה,גרמים,190.00,100 גרם,false,0,6.40,3.37,true,1,
7613033548192,false,פיטנס - דגני בוקר שוקולד מריר 375 גרם,נסטלה צרפת איטנקורט,FR,פיטנס שוקולד,גרמים,375.00,100 גרם,false,0,18.90,5.04,true,1,
7613033592843,false,"דוגלי גזע קטן 3 ק""ג",נסטלה פורינה,HU,דוגלי גזע קטן,קילוגרמים,3.00,"ק""ג",false,0,52.60,17.53,true,1,
7613034792785,false,ציריוס מולטי דגני בו,סי.פי אנגליה,GB,מולטי צ'יריוס,גרמים,565.00,100 גרם,false,0,25.90,4.58,true,1,
7613035548374,false,דגני בוקר גולדן מיניס מחיטה מלאה ותירס,נסטלה פולין דגני בוק,FR,דגני גולדן מיניס,גרמים,570.00,100 גרם,false,1,27.70,4.86,true,1,
7613035571587,false,"מאגדת קיט-קט כשל""פ",נסטלה,IL,מאגדת קיט-קט,יחידה,1.00,יחידה,false,1,29.90,29.90,true,1,
7616500553460,false,שוקולד פריי מהודר מריר תפוז 100 ג',צוקולאט פריי אייץגיץ,CH,שוקולד מריר,גרמים,100.00,100 גרם,false,0,11.40,11.40,true,1,
7617014149330,false,קפסולות קפה,,CH,קפסולות קפה,גרמים,96.00,100 גרם,false,0,25.00,26.04,true,1,
7617014149354,false,קפסולות קפה,,CH,קפסולות קפה,גרמים,96.00,100 גרם,false,0,25.00,26.04,true,1,
7617014149408,false,קפסולות קפה פר מקיאטו96ג,,CH,קפסולות קפה,גרמים,96.00,100 גרם,false,0,25.00,26.04,true,1,
7622300005870,false,קפה ג'קובס נט.קפאין200גר,מונדלייז,DE,קפה ג'יקובס נטול,גרמים,200.00,100 גרם,false,0,50.90,25.45,true,1,
7622300270506,false,מילקה גריינס - עוגיות שיבולת שועל מצופות שוקולד 168 ג',מונדלז פולסקה פרודקש,PL,עוגיות מילקה,גרמים,168.00,100 גרם,false,0,11.90,7.08,true,1,
7622300503079,false,עוגיות ביסקוויט מצופה שוקולד חלב מילקה 200 גרם,מונדלז פולסקה פרודקש,PL,ביסקוויט מצופה,גרמים,200.00,100 גרם,false,0,11.90,5.95,true,1,
7622400005190,false,שוקולד חלב נגיעות שוקולד לבן מילקה 100 ג,מנדלז דויצ'\לנד סנקס פרו,DE,שוקולד מילקה,גרמים,100.00,100 גרם,false,0,9.40,9.40,true,1,
7702018010639,false,8סכינ.פיוזן פרוגליד ידני,פרוקטר & גמבל,DE,8סכינ.פיוזן פרוגליד ידני,יחידה,1.00,יחידה,false,0,177.50,177.50,true,1,
7702018016808,false,ג'ילט ונוס ריווירה 2 סכיני גילוח חד פעמי,ג'ילט ונוס Gillette Venus,PL,סכין גילוח לנשים,יחידה,1.00,יחידה,false,0,27.40,27.40,true,1,
7702018056415,false,ג'ילט ביקיני טרימר,פרוקטר & גמבל,PL,סכין גילוח,יחידה,1.00,יחידה,false,0,29.80,29.80,true,1,
7702018320028,false,4 סכיני גילוח מאך3 טורבו,פרוקטר & גמבל,DE,סכיני גילוח מאך3,יחידה,1.00,יחידה,false,1,64.60,64.60,true,1,
7702018343805,false,רביעיית סכינים גילוח גוף,פרוקטר & גמבל,ES,רביעיית סכינים,יחידה,1.00,יחידה,false,1,59.40,59.40,true,1,
7702174073783,false,סוכריות על מקל בטעם קולה במילוי גומי לעיסה,הדקלאים אגודת שיתופי,CO,לקקן פופ קולה,גרמים,180.00,100 גרם,false,1,12.50,6.94,true,1,
7804414000860,false,יין דון חוליו קברנה סוביניון,צ'ילה לואיס פיליפה אדוארדס,CL,דון חוליו קברנה,מיליליטרים,750.00,"100 מ""ל",false,0,34.90,4.65,true,1,
7804414000877,false,יין מרלו דון חוליו ה,צ'ילה לואיס פיליפה אדוארדס,CL,דון חוליו מרלו,מיליליטרים,750.00,"100 מ""ל",false,0,34.90,4.65,true,1,
7804414000884,false,"דון חוליו שרדונה 750 מ""ל",צ'ילה לואיס פיליפה אדוארדס,CL,דון חוליו שרדו,מיליליטרים,750.00,"100 מ""ל",false,0,34.90,4.65,true,1,
8000380001958,false,ממרח אגוזים לואקר 320גרם,לואקר,IT,ממרח אגוזים,גרמים,320.00,100 גרם,false,0,16.90,5.28,true,1,
8000380004676,false,קוביות וופל סנדוויץ Sandwich עם וניל וחלב,"א. לואקר, קונפקט ג'י",AT,ופלים לואקר,גרמים,200.00,100 גרם,false,0,13.60,6.80,true,1,
8000380004966,false,וופל קוארדטיני לואקר קוביות שוקולד 250ג',קריניציה ויטמינה אס,AT,ופל קואדרטיני,גרמים,250.00,100 גרם,false,0,15.20,6.08,true,1,
8000380005598,false,מארז וופל שוקולד טורטינה Tortina שוקולד מריר,א. לואקר אס. פי. אי-אי.,IT,וופל טורטינה,גרמים,125.00,100 גרם,false,0,13.90,11.12,true,1,
8000380007219,false,וופלים בטעם אגוזים לואקר 175 גרם,ליימן מותגים,AT,ופלים לואקר,גרמים,175.00,100 גרם,false,0,10.00,5.71,true,1,
8000380007257,false,וופל גרדנה אגוזים לואקר 200 גרם,קריניציה ויטמינה אס,IT,ופלים גרדנה,גרמים,200.00,100 גרם,false,0,15.10,7.55,true,1,
8000380106028,false,טורטינה לואקר וופל שוקולד ואגוזים שישיה 125ג',קריניציה ויטמינה אס,IT,וופל טורטינה,גרמים,125.00,100 גרם,false,0,13.90,11.12,true,1,
8000380142484,false,קוביות וופל קואדרטיני Quadratini בטעם שוקולד מריר,"אינסטנטה בע""מ",AT,וופל קואדרטיני,גרמים,250.00,100 גרם,false,0,15.20,6.08,true,1,
8000380156825,false,שוקולד חלב במילוי קרם חלב וופל לואקר 87 גרם,ליימן מותגים,IT,שוקולד לואקר,גרמים,87.00,100 גרם,false,0,9.80,11.26,true,1,
8000380156856,false,שוקולד לבן במילוי קרם חלב וופל לואקר 87 גרם,ליימן מותגים,IT,שוקולד לואקר,גרמים,87.00,100 גרם,false,0,9.80,11.26,true,1,
8000380180721,false,לואקר וופל קקאו במילוי קרם חלבי 175 גר,קריניציה ויטמינה אס,AT,וופל לואקר,גרמים,175.00,100 גרם,false,1,10.00,5.71,true,1,
8000500075708,false,ביצי שוקולד הפתעה קינדר ג'וי כחול בנים שלישיה,פררו - אלבה,ZA,קינדר ג'וי כחול,גרמים,60.00,100 גרם,false,0,15.50,25.83,true,1,
8000500121436,false,מארז קינדר בואנו Kinder Bueno לבן שלוש יחידות,פררו - אלבה,PL,קינדר בואנו לבן,גרמים,117.00,100 גרם,false,0,12.90,11.03,true,1,
8000500148433,false,טיק טק דובד+פסיפלור16*4ג,פררו - אלבה,EC,4 סוכריות טיק טק,גרמים,64.00,100 גרם,false,0,12.00,18.75,true,1,
8000700000050,false,דאב סבון מוצק אורגינל רביעייה,יוניליוור גרמניה (מנ,DE,סבון דאב רביעייה,גרמים,400.00,100 גרם,false,0,17.80,4.45,true,1,
8002450204009,false,ורדי ספרקלטיני אפרסק,"איי, בי, אינבוו",IT,ורדי אפרסק,מיליליטרים,750.00,"100 מ""ל",false,0,24.90,3.32,true,1,
8003230001245,false,"ליקר לימונצ'לו 500 מ""ל",טורינו דיסטילאטי,IT,ליקר לימונצ'לו,מיליליטרים,500.00,"100 מ""ל",false,0,71.50,14.30,true,1,
8003440982594,false,מסטיק סטיקס מנטה עדינה4י,פרפטי ואן מלה,TR,מנטוס סטיקס,גרמים,76.00,100 גרם,false,1,11.40,15.00,true,1,
8003440982600,false,מנטוס סטיקס מנטה19*4גרם,פרפטי ואן מלה,TR,מנטוס סטיקס,גרמים,76.00,100 גרם,false,1,11.40,15.00,true,1,
8003440982617,false,מסטיק סטיקס מלון+לימונ4י,פרפטי ואן מלה,TR,מנטוס סטיקס,גרמים,76.00,100 גרם,false,1,11.40,15.00,true,1,
8003440982624,false,מסטיק סטיקס פטל תפוז19*4,פרפטי ואן מלה,TR,מנטוס סטיקס,גרמים,76.00,100 גרם,false,1,11.40,15.00,true,1,
8004030022010,false,ירקות גינה עם טונה ריו מרה אינסלטיסימי 160 ג',"בולטון אלימנטרי בע""\מ",IT,ירקות עם טונה,גרמים,160.00,100 גרם,false,1,14.90,9.31,true,1,
8004030044005,false,נתחי טונה בהירה בשמן זית ריו מרה 112גרם,"בולטון אלימנטרי בע""\מ",IT,טונה בשמן זית,גרמים,160.00,100 גרם,false,0,14.90,9.31,true,1,
8004030344938,false,"ריו מרה טונה בשמן זית 3X80 גרם מתכון חדש כשל""פ","בולטון אלימנטרי בע""\מ",IT,טונה ריו מרה 3יח,גרמים,240.00,100 גרם,false,0,21.90,9.13,true,1,
8005110060007,false,עגבניות מקולפות 400 גרם MUTTI,,IT,עגבניות מקולפות,גרמים,400.00,100 גרם,false,0,7.20,1.80,true,1,
8005110170300,false,עגבניות חתוכות דק Polpa - מארז שלישייה,מוטי Mutti,IT,עגבניות חתוכות דק 400*3ג,קילוגרמים,1.20,"ק""ג",false,0,18.90,15.75,true,1,
8005110171215,false,עגבניות חתוכות 690 POLPAPEZZI ג' (כחול) MUTTI,"איי, בי, אינבוו",IT,עגבניות חתוכות,גרמים,690.00,100 גרם,false,0,15.90,2.30,true,1,
8005200036561,false,נסטי מוגז בטעם אפרסק1.5ל,סן-פלגרינו,IT,נסטי מוגז אפרסק,ליטרים,1.50,ליטר,false,1,7.90,5.27,true,1,
8005200496525,false,נסטי בטעם אפרסק 1.5 ליטר,סן-פלגרינו,IT,נסטי בטעם אפרסק,ליטרים,1.50,ליטר,false,0,7.90,5.27,true,1,
8005200516520,false,נסטי דיאט טעם אפרסק 1.5ל,סן-פלגרינו,IT,נסטי דיאט אפרסק,ליטרים,1.50,ליטר,false,0,7.90,5.27,true,1,
8005200786527,false,נסטי בטעם תפוח 1.5 ליטר,סן-פלגרינו,IT,נסטי בטעם תפוח,ליטרים,1.50,ליטר,false,0,7.90,5.27,true,1,
8005200826537,false,נסטי מוגז בטעם לימון1.5ל,סן-פלגרינו,IT,נסטי מוגז לימון,ליטרים,1.50,ליטר,false,1,7.90,5.27,true,1,
8007178120310,false,חומץ בלסמי ד'מודנה Giacobazzi,פטורייה ג'יאקובאזי ס,IT,חומץ בלסמי,מיליליטרים,500.00,"100 מ""ל",false,0,16.90,3.38,true,1,
8014515330059,false,עגבניות שלמות מקולפות400,שופרסל-ייבוא,IT,עגבניות שלמות,גרמים,400.00,100 גרם,false,0,6.70,1.68,true,1,
8076800195033,false,ברילה - צ.א ספגטיני מס3 חדש 500 גרם,ברילה גי.אי.אר פרטלי ס.פ,IT,ספגטיני מס' 3,גרמים,500.00,100 גרם,false,0,8.50,1.70,true,1,
8076800195132,false,ברילה - צ.א בבטה מס13 500 גרם,ברילה גי.אי.אר פרטלי ס.פ,IT,אטריות בבטה,גרמים,500.00,100 גרם,false,0,8.50,1.70,true,1,
8076800315097,false,פסטה מקרוני בוקטיני מספר 9 ברילה 500 גרם,ברילה גי.אי.אר פרטלי ס.פ,IT,ספגטי בוקטיני,גרמים,500.00,100 גרם,false,0,8.50,1.70,true,1,
8076800315479,false,פסטה דיטלוני ריגוטוני500,ברילה,IL,פסטה מיסטה,גרמים,500.00,100 גרם,false,0,8.50,1.70,true,1,
8076802085738,false,ברילה צ.ק פנה רגטה מס' 73 500 גרם,ברילה גי.אי.אר פרטלי ס.פ,IT,פנה ריגטה ברילה,גרמים,500.00,100 גרם,false,0,8.50,1.70,true,1,
8076802085936,false,ברילה - פסטה קונצילה ריגטה 500 גרם,ברילה גי.אי.אר פרטלי ס.פ,IT,קונצ'יליה,גרמים,500.00,100 גרם,false,0,8.50,1.70,true,1,
8076802085981,false,ברילה - צ.ק פוזילי חדש 500 גרם,ברילה גי.אי.אר פרטלי ס.פ,IT,פוזילי ברילה,גרמים,500.00,100 גרם,false,0,8.50,1.70,true,1,
8076808050440,false,פסטה מקרוני מספר 44 ברילה 500 גרם,ברילה Barilla,IT,מקרוני ברילה,גרמים,500.00,100 גרם,false,0,8.50,1.70,true,1,
8076808060654,false,פסטה פרפלה מספר 65 ברילה 500 גרם,ברילה גי.אי.אר פרטלי ס.פ,IT,פסטה פרפלה ברילה,גרמים,500.00,100 גרם,false,0,8.50,1.70,true,1,
8076808070882,false,קנלוני מספר 88 ברילה 250 גרם,פאסטיפיקו ריגו אס.אר,IT,קנלוני ברילה,גרמים,250.00,100 גרם,false,0,10.00,4.00,true,1,
8076808150072,false,ברילה - צ.א ספגטוני מס7 חדש 500 גרם,ברילה גי.אי.אר פרטלי ס.פ,IT,ספגטי ברילה,גרמים,500.00,100 גרם,false,0,8.50,1.70,true,1,
8076809512268,false,פסטה גירנדולה טורסדס מספר 34 ברילה 500 גרם,ברילה גי.אי.אר פרטלי ס.פ,IT,פסטה גירנדולה,גרמים,500.00,100 גרם,false,0,8.50,1.70,true,1,
8076809513388,false,רוטב לפסטה ארביאטה ברילה 400 גרם,ברילה גי.אי.אר פרטלי ס.פ,IT,רוטב לפסטה,גרמים,400.00,100 גרם,false,0,10.00,2.50,true,1,
8076809513395,false,ברילה פומודורו רוטב עגבניות קלאסי 400 גר,ברילה גי.אי.אר פרטלי ס.פ,IT,רוטב עגבניות,גרמים,400.00,100 גרם,false,0,10.00,2.50,true,1,
8076809513654,false,בסיס רוטב עגבניות לבולונז ברילה 400 גרם,ברילה גי.אי.אר פרטלי ס.פ,IT,בסיס לרוטב,גרמים,400.00,100 גרם,false,0,10.00,2.50,true,1,
8076809513692,false,רוטב עגבניות נפולטנה בתוספת ירקות,ברילה גי.אי.אר פרטלי ס.פ,IT,רוטב לפסטה,גרמים,400.00,100 גרם,false,0,10.00,2.50,true,1,
8076809513739,false,ברילה רוטב עגבניות עם בזיליקום 400 גרם,ברילה גי.אי.אר פרטלי ס.פ,IT,רוטב בזיליקום,גרמים,400.00,100 גרם,false,0,10.00,2.50,true,1,
8076809523561,false,רוטב עגבניות עם עשבי תיבול 400 ג' ברילה,ברילה גי.אי.אר פרטלי ס.פ,IT,רוטב עגבניות,גרמים,400.00,100 גרם,false,0,10.00,2.50,true,1,
8076809523714,false,איטריות טליאטלה ברילה 500 גרם,"ש. שסטוביץ בע""\מ",IT,טליאטלה אטריות,גרמים,500.00,100 גרם,false,0,27.50,5.50,true,1,
8076809523738,false,דפי לזניה ברילה 500 גרם,ברילה גי.אי.אר פרטלי ס.פ,IT,לזניה ברילה,גרמים,500.00,100 גרם,false,0,15.00,3.00,true,1,
8076809545440,false,ספגטי 5 ברילה ללא גלוטן 400 גרם,ברילה ג'.אי.אר פרטלי,IT,אטריות ללא גלוטן,גרמים,400.00,100 גרם,false,1,11.90,2.98,true,1,
8076809545457,false,ברילה אטריות ללא גלוטן 400 ג' צינורות 400 ג',ברילה ג'.אי.אר פרטלי,IT,ברילה צינורות,גרמים,400.00,100 גרם,false,1,11.90,2.98,true,1,
8076809545464,false,ברילה פסטה ללא גלוטן צורת ספירלי 400 גר,מולינו אנדריאני אס.א,IT,ספירלי ברילה,גרמים,400.00,100 גרם,false,1,11.90,2.98,true,1,
8410076610270,false,נייטשר ואלי פופקורן שקד5,ג'נרל מילס,ES,חטיף נייטשר ואלי,גרמים,100.00,100 גרם,false,1,21.70,21.70,true,1,
8410076610287,false,חמישייה נייציר ואלי פופקורן ציפוי יוגורט,ג'נרל מילס,ES,חטיף נייטשר ואלי,גרמים,100.00,100 גרם,false,1,21.70,21.70,true,1,
8410104039134,false,"מנקה ומחדש מדיח כלים פיניש 250 מ""ל",הדקלאים אגודת שיתופי,PL,פיניש ניקוי מדיח,מיליליטרים,250.00,"100 מ""ל",false,0,17.90,7.16,true,1,
8410104133092,false,מסיר אבנית קלגון,רקיט בנקיזר,PL,"קלגון אבקה 1 ק""ג",קילוגרמים,1.00,"ק""ג",false,0,37.60,37.60,true,1,
8410179007496,false,ספגטי בורחס 500 גרם,דה מטיאס אגרו,IT,ספגטי בורחס,גרמים,500.00,100 גרם,false,0,8.80,1.76,true,1,
8410179007502,false,פסטה פנה ריגטה בורחס500ג,דה מטיאס אגרו,IT,פסטה פנה,גרמים,500.00,100 גרם,false,0,8.80,1.76,true,1,
8411640001043,false,"וודקה ליים ספיריט 275מ""ל",דסטילריאס מ.ג,ES,וודקה ליים,מיליליטרים,275.00,"100 מ""ל",false,0,14.80,5.38,true,1,
8423207206488,false,סלים דליס חטיף דגנים מצופה שוקולד חלב מרבה 6*20 גרם,אף.סי תבליני בגליל ב,ES,חטיפי דגנים מרבה,גרמים,120.00,100 גרם,false,0,10.00,8.33,true,1,
8423207206495,false,סלים דליס חטיף דגנים מצופה שוקולד מריר מרבה 6*20 גרם,אף.סי תבליני בגליל ב,ES,חטיפי דגנים מרבה,גרמים,120.00,100 גרם,false,0,10.00,8.33,true,1,
8423207208703,false,חטיפי סלים דליס שוקולד מריר מרבה 6 יחידות,ביסנצ'ורי אס.אל.יו,ES,סלים דליס 6 יח,גרמים,120.00,100 גרם,false,1,10.00,8.33,true,1,
8425206000081,false,ריבת חלב מרדל 450 גרם,כלורוקס אוקלנד,ES,ריבת חלב,גרמים,450.00,100 גרם,false,0,21.70,4.82,true,1,
8690521016882,false,"שמפו דאב דמג תרפי רגיל 400 מ""ל",יוניליוור פארם,TR,שמפו דאב,מיליליטרים,400.00,"100 מ""ל",false,0,19.30,4.83,true,1,
8690572775684,false,שמפו גליס לשיער צבוע650מ,הובי קוסמטיקס,TR,שמפו גליס,מיליליטרים,650.00,"100 מ""ל",false,1,28.70,4.42,true,1,
8690637041129,false,שמפו דאב לשיער פגום 400מ,יוניליוור סנאיי וי ט,TR,שמפו דאב,מיליליטרים,400.00,"100 מ""ל",false,0,19.30,4.83,true,1,
8690637073373,false,תה שחור ברגמוט ארל גריי ליפטון 25 יחידות,יונילוור - תורכיה,TR,תה ארל גריי 25שק,גרמים,50.00,100 גרם,false,0,9.80,19.60,true,1,
8690637538858,false,"דאו.אקס שוקולד 150 מ""ל",יוניליוור,TR,דאודורנט אקס,מיליליטרים,150.00,"100 מ""ל",false,0,14.90,9.93,true,1,
8690637543494,false,דאו.אקס ספריי 150AFRICAמ,יוניליוור,TR,דאודורנט אקס,מיליליטרים,150.00,"100 מ""ל",false,0,14.90,9.93,true,1,
8690637577512,false,דאו.אקס ספריי אקסייט150מ,יוניליוור,TR,דאודורנט אקס,מיליליטרים,150.00,"100 מ""ל",false,0,14.90,9.93,true,1,
8690637611698,false,דאו.אקס לגבר אנרכי 150 מ,יוניליוור,TR,דאודורנט אקס,מיליליטרים,150.00,"100 מ""ל",false,0,14.90,9.93,true,1,
8690637673887,false,אקס בודי ספריי גולד 150מ,יוניליוור,TR,אקס ספריי לגוף,מיליליטרים,150.00,"100 מ""ל",false,0,14.90,9.93,true,1,
8690637682551,false,בדין אקסטרה שחור960מל,יוניליוור,IL,בדין אקסטרה,מיליליטרים,960.00,"100 מ""ל",false,0,15.90,1.66,true,1,
8690770322598,false,שמרים יבשים פוליבה הנמל 125 גרם,בראבו Bravo,TR,שמרים יבשים,גרמים,125.00,100 גרם,false,0,5.30,4.24,true,1,
8690777206051,false,חציל קלוי על האש סרה ויליפוד 650 גרם,קוראהן פזלרמה וי דיס,TR,חציל קלוי,גרמים,650.00,100 גרם,false,0,15.40,2.37,true,1,
8690777221405,false,פלפל אדום קלוי סרה ויליפוד 650 גרם,קוראהן פזלרמה וי דיס,TR,פלפל אדום קלוי,גרמים,650.00,100 גרם,false,0,15.40,2.37,true,1,
8690784211802,false,גלייד אירוסול לבנדר 300מ,vaill aerosol coster,TR,גלייד מטהר אוויר,מיליליטרים,300.00,"100 מ""ל",false,0,10.80,3.60,true,1,
8690784511445,false,דאק לאסלה 5ב1ניחוח לבנדר,דאופלור S.P.I,IT,דאק לאסלה 5ב1,יחידה,1.00,יחידה,false,1,9.90,9.90,true,1,
8690784817110,false,גלייד לבנדר מילוי 269מל,קוסטר אירוסול,TR,גלייד מילוי,מיליליטרים,269.00,"100 מ""ל",false,1,15.00,5.58,true,1,
8693323030902,false,מרשמלו ממולא גלי 500 גרם,סאאדת,IL,מרשמלו ממולא גלי,גרמים,500.00,100 גרם,false,0,18.60,3.72,true,1,
8693323031909,false,מרשמלו ממולא גלי 90 גרם,סאאדת,IL,מרשמלו ממולא גלי,גרמים,90.00,100 גרם,false,0,4.60,5.11,true,1,
8693323042028,false,מרשמלו מגולגל ענק יוגטה,יוגוטה,IL,יוגטה מרשמלו,גרמים,432.00,100 גרם,false,0,21.90,5.07,true,1,
8693495006972,false,"משחה קולגייט טוטל 75 מ""ל",קולגייט-פלמוליב,CH,משחת שיניים,מיליליטרים,75.00,"100 מ""ל",false,0,19.80,26.40,true,1,
8693495041263,false,ג'ל רחצה לגבר פלמוליב500,קולגייט-פלמוליב,TR,ג'ל רחצה,מיליליטרים,500.00,"100 מ""ל",false,1,15.00,3.00,true,1,
8693495045643,false,פלמוליב ספא אפרסק500מ,קולגייט-פלמוליב,TR,סבון פלמוליב,מיליליטרים,500.00,"100 מ""ל",false,1,20.70,4.14,true,1,
8697530910743,false,סיגריות פאל מאל כחול קצר מטאליק,Unknown,TR,פאל מאל חפ.,יחידה,1.00,יחידה,false,0,29.00,29.00,false,1,
8697530910750,false,סיגריות פאל מאל כחול ארוך האוס,Unknown,TR,פאל מאל חפ.,יחידה,1.00,יחידה,false,0,29.00,29.00,false,1,
8697530910781,false,סיגריות פאל מאל אדום מטאליק,גלוברנדס,TR,פאל מאל,יחידה,1.00,יחידה,false,0,29.00,29.00,false,1,
8698720485522,false,תרסיס שמן קנולה 142 גרם,גאטה,TR,תרסיס שמן קנולה,גרמים,142.00,100 גרם,false,1,16.80,11.83,true,1,
8710428005762,false,תרכובת מזון לתינוקות על בסיס חלבון סויה איזומיל טף שלב 2,"אבוט מעבדות רפואיות בע""מ",NL,סימילאק איזומיל,גרמים,400.00,100 גרם,false,0,46.70,11.68,true,1,
8710502405204,false,עוגיות שוקולד צ'יפס עם קרם שוקולד מרבה 175 גרם,קריניציה ויטמינה אס,NL,עוגיות מרבה,גרמים,175.00,100 גרם,false,0,12.00,6.86,true,1,
8710502470028,false,עוגיות שוקולד צ'יפס ממולאות בקרם נוגט,קריניציה ויטמינה אס,NL,עוגיות שוקוצ'יפס,גרמים,160.00,100 גרם,false,0,12.00,7.50,true,1,
8711700665834,false,סבון מוצק ניחוח מלפפון תה ירוק דאב 600 גרם מארז 6 יחידות,יוניליוור גרמניה (בו,DE,סבון דאב שישייה,גרמים,600.00,100 גרם,false,0,25.70,4.28,true,1,
8712100637391,false,סאטיספי מי בו אל 457גרם,בן & ג'ריס,IL,סאטיספי מי בו אל,גרמים,457.00,100 גרם,false,6,29.90,6.54,true,1,
8712400802536,false,תרכובת מזון המשך לפעוטות על בסיס חלב שלב 3,נוטרישיה קאלק ב. ו.,NL,נוטרילון שלב3-,גרמים,800.00,100 גרם,false,0,64.90,8.11,true,1,
8712561594608,false,"דאב תחליב רחיצה להזנה עמוקה 750 מ""ל","יוניליוור גרמניה, Gmbh &",DE,תחליב רחצה דאב,מיליליטרים,750.00,"100 מ""ל",false,1,16.90,2.25,true,1,
8712561611183,false,דאב סבון נוזלי 500 תמציות מלפפונים ותה,"יוניליוור גרמניה, Gmbh &",DE,תחליב רחצה דאב,מיליליטרים,500.00,"100 מ""ל",false,1,19.60,3.92,true,1,
8712561611411,false,"תחליב רחצה בניחוח מלפפון ותה ירוק דאב 750 מ""ל","יוניליוור גרמניה, Gmbh &",DE,תחליב רחצה דאב,מיליליטרים,750.00,"100 מ""ל",false,1,16.90,2.25,true,1,
8712561626286,false,"תחליב רחצה דאב זוהר כמשי, 750 מ""ל",יוניליוור גרמניה (בו,DE,תחליב רחצה דאב,מיליליטרים,750.00,"100 מ""ל",false,1,16.90,2.25,true,1,
8712561645959,false,תחליב רחצה דאב פיסטוק500,יוניליוור,DE,תחליב רחצה דאב,מיליליטרים,500.00,"100 מ""ל",false,1,19.60,3.92,true,1,
8714599513866,false,"קפה נמס מיובש בהקפאה קרונג צנצנת ג'ייקובס 200 גרם לל""ס",אל.אל.סי גייקובס דאו,DE,קפה נמס ג'קובס,גרמים,200.00,100 גרם,false,1,34.90,17.45,true,1,
8714789177229,false,רבעיית מברשות שיניים קולגייט אקסטרה קלין 1 יחידה,הנסיך- מפעל לייצור ט,CN,4 מברשות שיניים,יחידה,1.00,יחידה,false,0,11.90,11.90,true,1,
8714789402918,false,נוזל לניקוי כללי ורצפות בניחוח פרחי בר אג'קס 1.5 ליטר,הנסיך- מפעל לייצור ט,GR,אג'קס לניקוי,ליטרים,1.50,ליטר,false,0,23.10,15.40,true,1,
8714789402932,false,נוזל לניקוי כללי ורצפות בניחוח ורדי בוקר אג'קס 1.5 ליטר,הנסיך- מפעל לייצור ט,GR,אג'קס לניקוי,ליטרים,1.50,ליטר,false,0,23.10,15.40,true,1,
8714789462912,false,פלמוליב לכלים מנטה 1 ל',קולגייט-פלמוליב,GR,פלמוליב לכלים,ליטרים,1.00,ליטר,false,0,14.60,14.60,true,1,
8714789473970,false,קולגייט טוטל אדוונס 100מ,קולגייט-פלמוליב,PL,קולגייט טוטל אדוונס 100מ,מיליליטרים,100.00,"100 מ""ל",false,0,17.90,17.90,true,1,
8714789582764,false,אג'קס ספריי לניקוי חלונות ומשטחים,קולגייט-פלמוליב,GR,מרסס לניקוי חלונות 750 מ,מיליליטרים,750.00,"100 מ""ל",false,0,17.60,2.35,true,1,
8714789740058,false,מברשת שיניים טוויסטר סופט קולגייט 2 יחידות,הנסיך- מפעל לייצור ט,CN,זוג מברשת שיניים,יחידה,1.00,יחידה,false,0,22.00,22.00,true,1,
8714789861852,false,קולגייט מקס פרש קלין100מ,קולגייט-פלמוליב,PL,משחת קולגייט,מיליליטרים,100.00,"100 מ""ל",false,1,14.90,14.90,true,1,
8714789930848,false,"משחת שיניים אופטיק וייט הלבנה מיידית קולגייט 75 מ""ל",הנסיך- מפעל לייצור ט,PL,משחת קולגייט,מיליליטרים,75.00,"100 מ""ל",false,0,24.90,33.20,true,1,
8715700419718,false,מתבל עגבניות היינץ 910 גרם,ה.י. היינץ,NL,מתבל עגבניות,גרמים,910.00,100 גרם,false,1,13.90,1.53,true,1,
8715700419732,false,מתבל עגבניות היינץ 700 גרם,ה.י. היינץ,NL,מתבל עגבניות,גרמים,700.00,100 גרם,false,0,14.90,2.13,true,1,
8717163559802,false,דאב קרם גוף לעור יבש 400,יוניליוור,DE,דאב קרם גוף,מיליליטרים,400.00,"100 מ""ל",false,0,32.60,8.15,true,1,
8718114047249,false,דאב סבון מוצק 6 יח'* 100 ג',יוניליוור גרמניה (בו,DE,סבון דאב שישייה,גרמים,600.00,100 גרם,false,0,25.70,4.28,true,1,
8718951044913,false,מרידול משחת שיניים להלבנה 75 מל,קולגייט פלמוליב,PL,משחת מרידול,מיליליטרים,75.00,"100 מ""ל",false,1,14.90,19.87,true,1,
8718951059610,false,פלמוליב שקוף לימון 750מל,קולגייט-פלמוליב,GR,פלמוליב לכלים,מיליליטרים,750.00,"100 מ""ל",false,1,11.30,1.51,true,1,
8801055706440,false,מנות אישיות קפה נמס טייסטרס צ'ויס Taster's Choice,נסטלה קוריאה - קפה,KR,קפה טסטרס צ'וייס,גרמים,36.00,100 גרם,false,0,11.60,32.22,true,1,
8801055707010,false,נסקפה קפוצינו קלאסיק 10*12.5 גרם,נסטלה קוריאה - קפה,KR,נס קפה קפוצ'ינו,גרמים,125.00,100 גרם,false,0,21.10,16.88,true,1,
8850206066032,false,"רוטב סויה שחור 700 מ""ל",יאן ואל יון,TH,רוטב סויה שחור,מיליליטרים,700.00,"100 מ""ל",false,0,11.90,1.70,true,1,
8850206112029,false,"רוטב צ'ילי חריף 700 מ""ל",יאן ואל יון,IL,רוטב צילי חריף,מיליליטרים,700.00,"100 מ""ל",false,0,11.90,1.70,true,1,
8850206220021,false,רוטב הויסטר הלטי בוי700מ,יאן ואל יון,TH,רוטב הויסטר,מיליליטרים,700.00,"100 מ""ל",false,0,11.90,1.70,true,1,
8850206222025,false,"רוטב חמוץ מתוק 700 מ""ל",אוריינטל פוד,IL,רוטב חמוץ מתוק,מיליליטרים,700.00,"100 מ""ל",false,0,15.80,2.26,true,1,
8850206224135,false,"רוטב טריאקי 250 מ""ל",יאן ואל קורפוריישן גרופ,TH,רוטב טריאקי,מיליליטרים,250.00,"100 מ""ל",false,0,14.80,5.92,true,1,
8850206701544,false,"רוטב פאד תאי 250 מ""ל",יאן ואל קורפוריישן גרופ,TH,רוטב פאד תאי,מיליליטרים,250.00,"100 מ""ל",false,0,14.80,5.92,true,1,
8850389105825,false,משקה אלוורה בטעם ענבים סאפה 1 ליטר,סאפה פובליק קומפני לימיט,TH,סאפה ענבים,ליטרים,1.00,ליטר,false,0,9.90,9.90,true,1,
8850389105849,false,סאפה משקה אלוורה מופחת קלוריות בטעם אפרסק 1 ליטר,סאפה פובליק קומפני לימיט,TH,סאפה אפרסק,ליטרים,1.00,ליטר,false,0,9.90,9.90,true,1,
8853602001607,false,סטאר-ליון דפי אורז עגולים 22 סמ 10 דפים,ליאן תאי ריס ורמיצ'לי קו,TH,דפי אורז,יחידה,1.00,יחידה,false,1,8.80,8.80,true,1,
8857101301008,false,רוטב צילי מתוק ויליפוד 700 גרם,פאן אינטר,TH,רוטב צ'ילי,מיליליטרים,700.00,"100 מ""ל",false,0,10.20,1.46,true,1,
8888021200126,false,סוללות אנרג'יזר מקס AA - מארז 4 יח',אנרג'יזר Energizer,SG,סוללות AA רביעיה,יחידה,1.00,יחידה,false,0,15.90,15.90,true,1,
8888021200164,false,סוללות 1X4 ADVANCED FORMULA AAA ריפרש,אנרג'ייזר,SG,סוללות AAA 4 יח',יחידה,1.00,יחידה,false,0,15.90,15.90,true,1,
8888111030107,false,מיץ תפוחים100%טבעי240*4מ,"פילד פרש פודס בע""מ",IN,מיץ תפוחים 4 יח,מיליליטרים,960.00,"100 מ""ל",false,1,13.50,1.41,true,1,
8901030002410,false,דאב קרם גוף מלפפונים400מ,יוניליוור,DE,קרם גוף דאב,מיליליטרים,400.00,"100 מ""ל",false,0,32.60,8.15,true,1,
8901030004384,false,ואזלין תחליב גוף לבן725מ,יוניליוור,IL,תחליב גוף ואזלין,מיליליטרים,725.00,"100 מ""ל",false,0,37.00,5.10,true,1,
8901537024014,false,DAAWAT אורז בסמטי מובחר ויליפוד 1 קג,הנסיך- מפעל לייצור ט,IN,אורז בסמטי,קילוגרמים,1.00,"ק""ג",false,0,14.90,14.90,true,1,
9044400841000,false,בובת פז Pez + שלוש יחידות סוכריות למילוי,פז Pez,HU,סוכריות פז,יחידה,1.00,יחידה,false,0,12.50,12.50,true,1,
9310072000282,false,טים טם ביסקויט שו.חלב200,ארנולטס,AU,ביסקויט טים טאם,גרמים,200.00,100 גרם,false,0,16.90,8.45,true,1,
9310088007671,false,14 תחבושות דיפנד סופר,חוגלה קימברלי,VN,תחבושות דיפנד,יחידה,1.00,יחידה,false,0,23.00,23.00,true,1,
9310088007688,false,12 תחבושות דיפנד אקסטרה,חוגלה קימברלי,VN,תחבושות דיפנד,יחידה,1.00,יחידה,false,0,23.00,23.00,true,1,
9322969000022,false,"ריל פוד פריכיות תירס עם סויה וזרעי פשתן, ללא גלוטן 150 גרם",אף.סי תבליני בגליל ב,AU,פריכיות תירס,גרמים,150.00,100 גרם,false,0,13.40,8.93,true,1,
9322969000046,false,פריכיות תירס שומשום אורגני ריל פודס 150 ג',אף.סי תבליני בגליל ב,AU,פריכיות תירס,גרמים,150.00,100 גרם,false,0,13.40,8.93,true,1,
9720188050109,false,ממרח על בסיס סויה בסגנון גבינה טופוטי 225 גרם,טופוטי ברנדס אינק.ג',IL,ממרח טופו בטעם טבעי 225ג,גרמים,225.00,100 גרם,false,0,22.70,10.09,true,1,
9720188060108,false,ממרח על בסיס סויה בסגון שמנת טופוטי 340 גרם,טופוטי ברנדס אינק.ג',IL,ממרח טופו בטעם טבעי340גר,גרמים,340.00,100 גרם,false,0,22.70,6.68,true,1,
