code,internal_code,name,manufacturer_name,manufacture_country,manufacturer_item_description,unit_qty,quantity,unit_of_measure,weighted,qty_in_package,price,unit_of_measure_price,allow_discount,status,item_id
300,false,פיתה פרינה,,,פיתה ש.י.שאשא,Unknown,0.00,Unknown,false,1,1.70,1.70,true,1,
442,false,בצל לבן,,,בצל לבן,Unknown,0.00,"ק""ג",true,0,7.90,7.90,true,1,
602,false,שניצל עוף טרי,,,בצל יבש,Unknown,0.00,"ק""ג",true,0,5.90,5.90,true,1,
619,false,פלפל אדום,,,פלפל אדום,Unknown,0.00,"ק""ג",true,0,12.90,12.90,true,1,
678,false,נתח קצבים טרי,,,ברוקולי,Unknown,0.00,Unknown,false,1,14.90,14.90,true,1,
749,false,ערמונים,,,ערמונים,Unknown,0.00,"ק""ג",true,0,19.90,19.90,true,1,
5942,false,"תפו""ע קריספי",,,"תפו""ע קריספי",Unknown,0.00,"ק""ג",true,0,21.90,21.90,true,1,
9988,false,איסוף עצמי,,,איסוף עצמי,Unknown,0.00,Unknown,false,1,15.00,15.00,true,1,
46020,false,גבינה צהובה גלבוע 22% במשקל תנובה,,,גבינה צהובה גלבוע-במ,Unknown,0.00,"ק""ג",true,0,42.58,42.58,true,1,
47485,false,"פיראוס בולגרית 24% בפח 3 ק""ג",,,בולגרית פיראוס 24%,Unknown,0.00,"ק""ג",true,0,62.00,62.00,true,1,
53219,false,גבינה חריץ טל העמק 32% במשקל,,,גבינה טל העמק 32%,Unknown,0.00,"ק""ג",true,0,67.00,67.00,true,1,
54766,false,מארז לחמניות,,,מארז גבטה,Unknown,0.00,Unknown,false,1,16.90,16.90,true,1,
56326,false,גבינה שוויצרית במשקל,,,גבינה שוויצרית במשקל,Unknown,0.00,"ק""ג",true,0,82.00,82.00,true,1,
86958,false,גבינה סלמי במשקל,,,גבינה סלמי במשקל,Unknown,0.00,"ק""ג",true,0,66.00,66.00,true,1,
304050,false,מסיכה כירורגית 1 יחידה,,,מסיכה כירורגית 1 יחי,Unknown,0.00,Unknown,false,1,0.50,0.50,true,1,
363462,false,סלמי מעושן איטלקי טירת צבי במשקל,,,סלמי מעושן איטלקי,Unknown,0.00,"ק""ג",true,0,82.00,82.00,true,1,
363486,false,נקניק תה טירת צבי במשקל,,,נקניק תה טירת צבי,Unknown,0.00,"ק""ג",true,0,60.00,60.00,true,1,
365954,false,פסטרמה הודו גחלים טירת צבי,,,פסטרמה גחלים,Unknown,0.00,"ק""ג",true,0,93.00,93.00,true,1,
369341,false,לבנה אבו גוש ירוק במשקל,,,לבנה אבו גוש ירוק במ,Unknown,0.00,"ק""ג",true,0,59.00,59.00,true,1,
554655,false,מוצרלה נקניק מעושן במשקל,,,מוצרלה נקניק מעושן,Unknown,0.00,"ק""ג",true,0,110.00,110.00,true,1,
554754,false,מוצרלה במים כדורים קטנים 18%,,,מוצרלה קטן במשקל,Unknown,0.00,"ק""ג",true,0,96.00,96.00,true,1,
554815,false,מוצרלה טבעית במשקל,,,מוצרלה טבעית במשקל,Unknown,0.00,"ק""ג",true,0,88.00,88.00,true,1,
554969,false,גבינת שמנת 30% במשקל,,,גבינת שמנת 30% טבעי,Unknown,0.00,"ק""ג",true,0,52.00,52.00,true,1,
554990,false,מוצרלה במים כדורים גדולים 18% במשקל,,,כדורי מוצרלה במשקל,Unknown,0.00,"ק""ג",true,0,102.00,102.00,true,1,
563299,false,kupecheskiy 50%,,,גבינה אנלוגי 50% במש,Unknown,0.00,"ק""ג",true,0,52.00,52.00,true,1,
663166,false,פילה הייק דרום אפריקאי,,ZA,פילה הייק קפוא,Unknown,0.00,"ק""ג",true,0,46.90,46.90,true,1,
1356234,false,מקרל מעושן בוואקום,,,מקרל מעושן בוואקום,Unknown,0.00,"ק""ג",true,0,97.00,97.00,true,1,
1356418,false,פילה הרינג במשקל,,,פילה הרינג במשקל,Unknown,0.00,"ק""ג",true,0,61.00,61.00,true,1,
1356425,false,פילה מטיאס במשקל,,,פילה מטיאס במשקל,Unknown,0.00,"ק""ג",true,0,64.00,64.00,true,1,
1356630,false,פילה הרינג כבוש במשקל,,,פילה הרינג כבוש במש,Unknown,0.00,"ק""ג",true,0,64.00,64.00,true,1,
1356951,false,סלמון פלטה פרוס,,,סלמון פלטה פרוס,Unknown,0.00,"ק""ג",true,0,231.00,231.00,true,1,
2073932,false,פסטרמה רוסט ריב עגל,,,פסטרמה רוסט ריב עגל,Unknown,0.00,"ק""ג",true,0,119.00,119.00,true,1,
2300878,false,גבינה צדר אנגלית במשקל,,,גבינה צדר אנגלית במש,Unknown,0.00,"ק""ג",true,0,125.00,125.00,true,1,
2345824,false,פרמזנו רגאנו מנות במשקל,,IT,פרמזנו רגאנו מנות במ,Unknown,0.00,"ק""ג",true,0,215.00,215.00,true,1,
2345879,false,פרמזנו רגאנו במשקל,,IT,פרמזנו רגאנו במשקל,Unknown,0.00,"ק""ג",true,0,178.00,178.00,true,1,
2400509,false,פילה עגל סקין פריים,,IL,פילה עגל סקין פריים,Unknown,0.00,"ק""ג",true,0,254.90,254.90,true,1,
2400554,false,טיבון טלה סקין פריים,,IL,טיבון טלה סקין פריים,Unknown,0.00,"ק""ג",true,0,144.90,144.90,true,1,
2408437,false,גאודה עיזים כמהין במשקל,,,גאודה עיזים כמהין במ,Unknown,0.00,"ק""ג",true,0,209.00,209.00,true,1,
2438045,false,נקניקיות באיירן,,IL,נקניקיות באיירן,Unknown,0.00,"ק""ג",true,0,46.90,46.90,true,1,
2447405,false,צוואר צלעות עגל בלי עצם,,,צוואר צלעות עגל בלי,Unknown,0.00,"ק""ג",true,0,69.90,69.90,true,1,
2511212,false,גבינה עירקית במשקל,,,גבינה עירקית במשקל,Unknown,0.00,"ק""ג",true,0,108.00,108.00,true,1,
2511229,false,בולגרית מעודנת 16% במשקל,,,בולגרית מעודנת 16% ב,Unknown,0.00,"ק""ג",true,0,44.00,44.00,true,1,
2511281,false,ברינזה צאן במשקל,,,ברינזה צאן במשקל,Unknown,0.00,"ק""ג",true,0,90.00,90.00,true,1,
2511427,false,אצבעות שוקלד וניל במשקל,,,אצבעות שוקלד וניל במ,Unknown,0.00,"ק""ג",true,0,70.00,70.00,true,1,
2616474,false,סלמון טראוט מעושן,,,סלמון טראוט מעושן,Unknown,0.00,"ק""ג",true,0,198.00,198.00,true,1,
2617495,false,גבינת צדר אנגלית עם וויסקי במשקל,,,גבינת צדר אנגלית,Unknown,0.00,"ק""ג",true,0,168.00,168.00,true,1,
2617501,false,גבינת צדר עם חמוציות במשקל,,,גבינת צדר עם חמוציות,Unknown,0.00,"ק""ג",true,0,174.00,174.00,true,1,
2812500,false,גאודה הולנדית פטריות כמהין במשקל,,,גאודה הולנדית פטריות,Unknown,0.00,"ק""ג",true,0,194.00,194.00,true,1,
2920311,false,גבינת קממבר צאן במשקל גד,,,גבינת קממבר צאן במשק,Unknown,0.00,"ק""ג",true,0,152.00,152.00,true,1,
3006120,false,טאפס שכונתי במשקל,,,טאפס שכונתי במשקל,Unknown,0.00,"ק""ג",true,0,184.00,184.00,true,1,
3345724,false,שוקיים עוף בלי עור,,,שוקיים עוף בלי עור,Unknown,0.00,"ק""ג",true,0,34.90,34.90,true,1,
3648009,false,מקרלית מעושנת בואקום,,,מקרלית בואקום במשקל,Unknown,0.00,"ק""ג",true,0,120.00,120.00,true,1,
3800001,false,כנפיים טרי לוקס,,,כנפיים טרי לוקס,Unknown,0.00,"ק""ג",true,0,21.90,21.90,true,1,
3800513,false,פילה עוף טרי,,,פילה עוף טרי,Unknown,0.00,"ק""ג",true,0,41.90,41.90,true,1,
4050191,false,נקניק סלמי הונגרי,,,נקניק סלמי הונגרי,Unknown,0.00,"ק""ג",true,0,180.00,180.00,true,1,
4050283,false,פפרוני עגל במשקל,,,פפרוני עגל במשקל,Unknown,0.00,"ק""ג",true,0,175.00,175.00,true,1,
4050382,false,סלמי ספרטק,,,סלמי ספרטק,Unknown,0.00,"ק""ג",true,0,159.00,159.00,true,1,
4050443,false,בייקון במשקל,,,בייקון במשקל,Unknown,0.00,"ק""ג",true,0,210.00,210.00,true,1,
4050559,false,מורטדלה איטלקית זיתים מזרע,,,מורטדלה איטלקית זיתי,Unknown,0.00,"ק""ג",true,0,69.00,69.00,true,1,
4050597,false,פרושוטו,,,פרושוטו,Unknown,0.00,"ק""ג",true,0,320.00,320.00,true,1,
4050801,false,לשון בקר איטלקי,,,לשון בקר איטלקי,Unknown,0.00,"ק""ג",true,0,140.00,140.00,true,1,
4050894,false,נקניק סלמי כפרי,,,נקניק סלמי כפרי,Unknown,0.00,"ק""ג",true,0,182.00,182.00,true,1,
4051006,false,קישקע ארוז קפוא מזרע,,,קישקע קפוא מזרע,Unknown,0.00,"ק""ג",true,0,46.90,46.90,true,1,
4051013,false,בלוק פטה כבד עוף,,,בלוק פטה כבד עוף,Unknown,0.00,"ק""ג",true,0,90.00,90.00,true,1,
4051082,false,קורנביף במשקל,,,קורנביף במשקל,Unknown,0.00,"ק""ג",true,0,125.00,125.00,true,1,
4051112,false,חזה הודו מעושן במשקל,,,חזה הודו מעושן במשקל,Unknown,0.00,"ק""ג",true,0,85.00,85.00,true,1,
4051143,false,חזה הודו מעושן דל שומן,,,חזה הודו מעושן דל שו,Unknown,0.00,"ק""ג",true,0,85.00,85.00,true,1,
4051174,false,סרוולט אוסטרי במשקל,,,סרוולט אוסטרי,Unknown,0.00,"ק""ג",true,0,180.00,180.00,true,1,
4051204,false,פסטרמה הודו עם אווז,,,פסטרמה הודו עם אווז,Unknown,0.00,"ק""ג",true,0,140.00,140.00,true,1,
4051464,false,נקניק סלמי מילאנו,,,נקניק סלמי מילאנו,Unknown,0.00,"ק""ג",true,0,160.00,160.00,true,1,
4051495,false,בוזנינה כפרית במשקל,,,בוזנינה כפרית במשקל,Unknown,0.00,"ק""ג",true,0,180.00,180.00,true,1,
4051563,false,נקניק סלמי צרפתי,,,נקניק סלמי צרפתי,Unknown,0.00,"ק""ג",true,0,180.00,180.00,true,1,
4051600,false,נקניק פיין סלמי,,,נקניק פיין סלמי,Unknown,0.00,"ק""ג",true,0,110.00,110.00,true,1,
4051785,false,מורטדלה איטלקית,,,מורטדלה איטלקית,Unknown,0.00,"ק""ג",true,0,75.00,75.00,true,1,
4052034,false,נקניק מוסקובסקיה -מזרע,,,נקניק מוסקובסקיה,Unknown,0.00,"ק""ג",true,0,120.00,120.00,true,1,
4052065,false,גרודינקה בייקון,,,גרודינקה בייקון,Unknown,0.00,"ק""ג",true,0,230.00,230.00,true,1,
4052072,false,סלה דומשניה,,,סלה דומשניה,Unknown,0.00,"ק""ג",true,0,110.00,110.00,true,1,
4052119,false,חטיפי קבנוס רו,,,חטיפי קבנוס רו,Unknown,0.00,"ק""ג",true,0,185.00,185.00,true,1,
4052188,false,חזה הודו מעושן בגריל במשקל,,,חזה הודו מעושן בגריל,Unknown,0.00,"ק""ג",true,0,85.00,85.00,true,1,
4052348,false,קבנוס מזרע,,,קבנוס מזרע,Unknown,0.00,"ק""ג",true,0,105.00,105.00,true,1,
4052577,false,שווארמה הודו צועני במשקל,,,שווארמה הודו צועני,Unknown,0.00,"ק""ג",true,0,130.00,130.00,true,1,
4052744,false,נקניקיות קוקטיל במשקל,,,סינטה לבן טרי,Unknown,0.00,"ק""ג",true,0,64.90,64.90,true,1,
4052751,false,נקניקיות נטורל,,,בייבי בק ריבס לבן טר,Unknown,0.00,"ק""ג",true,0,109.90,109.90,true,1,
4052966,false,נקניק תה רחב במשקל,,,נקניק תה במשקל,Unknown,0.00,"ק""ג",true,0,70.00,70.00,true,1,
4052973,false,רוסטביף ללא חומר משמר במשקל,,,רוסטביף,Unknown,0.00,"ק""ג",true,0,205.00,205.00,true,1,
4053000,false,נקניק רו סרוולט,,,נקניק רו סרוולט,Unknown,0.00,"ק""ג",true,0,175.00,175.00,true,1,
4053024,false,נקניק פפרוני,,,נקניק פפרוני,Unknown,0.00,"ק""ג",true,0,175.00,175.00,true,1,
4053215,false,פסטרמה על האש,,,פסטרמה על האש,Unknown,0.00,"ק""ג",true,0,145.00,145.00,true,1,
4053246,false,בסטרומה ארמנית דל שומןמזרע,,,"בסטרומה ארמנית ד""ש",Unknown,0.00,"ק""ג",true,0,220.00,220.00,true,1,
4053710,false,פסטרמה חזה הודו מקסיקני,,,פסטרמה חזה הודו,Unknown,0.00,"ק""ג",true,0,85.00,85.00,true,1,
4054014,false,שינקן מעושן במשקל,,,שינקן מעושן במשקל,Unknown,0.00,"ק""ג",true,0,135.00,135.00,true,1,
4054021,false,שינקן פולני פולני חצי במשקל,,,שינקן פולני במשקל,Unknown,0.00,"ק""ג",true,0,125.00,125.00,true,1,
4054397,false,פרושוטו רוסי,,,פרושוטו רוסי,Unknown,0.00,"ק""ג",true,0,225.00,225.00,true,1,
4054427,false,שוק חזירון בלי עצם,,,פסטרמה שוק חזירון,Unknown,0.00,"ק""ג",true,0,115.00,115.00,true,1,
4054953,false,סרוולט איטלקי,,,סרוולט איטלקי,Unknown,0.00,"ק""ג",true,0,120.00,120.00,true,1,
4054960,false,נקניק סבינייה,,,נקניק סבינייה,Unknown,0.00,"ק""ג",true,0,200.00,200.00,true,1,
4055233,false,נקניק פודקובה,,,נקניק פודקובה,Unknown,0.00,"ק""ג",true,0,80.00,80.00,true,1,
4055479,false,פסטרמה בקר בפלפל,,,פסטרמה בקר בפלפל,Unknown,0.00,"ק""ג",true,0,130.00,130.00,true,1,
4055608,false,פריזר איטלקי,,,פריזר איטלקי,Unknown,0.00,"ק""ג",true,0,65.00,65.00,true,1,
4055813,false,נקניק טורו מבשר בקר,,,נקניק טורו מבשר בקר,Unknown,0.00,"ק""ג",true,0,140.00,140.00,true,1,
4055943,false,לקס עגל,,,לקס עגל,Unknown,0.00,"ק""ג",true,0,230.00,230.00,true,1,
4135324,false,בולגרית פיראוס מעודנת 5% במשקל,,,בולגרית פיראוס מעודנ,Unknown,0.00,"ק""ג",true,0,52.00,52.00,true,1,
4136291,false,צפתית מעודנת פיראוס 5% למעדניה,,,גבינה צפתית מעודנת 5,Unknown,0.00,"ק""ג",true,0,65.00,65.00,true,1,
4137137,false,טוסטי בתפזורת במשקל,,,טוסטי בתפזורת במשקל,Unknown,0.00,"ק""ג",true,0,42.00,42.00,true,1,
4412043,false,אגס בוסק,,,אגס בוסק,Unknown,0.00,"ק""ג",true,0,19.90,19.90,true,1,
4412135,false,לוף,,,לוף,Unknown,0.00,"ק""ג",true,0,19.90,19.90,true,1,
4412142,false,"תפו""ע גאלה",,,תפוע גאלה,Unknown,0.00,"ק""ג",true,0,15.90,15.90,true,1,
4412166,false,אשכולית אדומה,,,אשכולית אדומה,Unknown,0.00,"ק""ג",true,0,9.90,9.90,true,1,
4412210,false,זנגביל,,,זנגביל,Unknown,0.00,"ק""ג",true,0,50.00,50.00,true,1,
4412227,false,"תפו""א אדום",,,תפוא אדום,Unknown,0.00,"ק""ג",true,0,6.90,6.90,true,1,
4412234,false,מלון שרנטל,,,מלון שרנטל,Unknown,0.00,"ק""ג",true,0,7.90,7.90,true,1,
4412272,false,שזיף שגיב מאורך,,,שזיף שגיב מאורך,Unknown,0.00,"ק""ג",true,0,24.90,24.90,true,1,
4412289,false,תפוזינה,,,תפוזינה,Unknown,0.00,"ק""ג",true,0,9.90,9.90,true,1,
4412319,false,בטטה,,,בטטה,Unknown,0.00,"ק""ג",true,0,13.90,13.90,true,1,
4412340,false,קלמנטינה,,,קלמנטינה,Unknown,0.00,"ק""ג",true,0,12.90,12.90,true,1,
4412357,false,רימון,,,רימון,Unknown,0.00,"ק""ג",true,0,12.90,12.90,true,1,
4412371,false,תמר מגהול,,,תמר מגהול,Unknown,0.00,Unknown,false,0,32.90,32.90,true,1,
4412388,false,שומר,,,שומר,Unknown,0.00,"ק""ג",true,0,9.90,9.90,true,1,
4412395,false,תפוז ברשת,,,תפוז ברשת,Unknown,0.00,"ק""ג",true,0,8.90,8.90,true,1,
4412418,false,קיווי,,,קיווי,Unknown,0.00,"ק""ג",true,0,29.90,29.90,true,1,
4412432,false,תפוזים,,,תפוזים,Unknown,0.00,"ק""ג",true,0,9.90,9.90,true,1,
4412449,false,"תפו""ע יהונתן",,,תפוע יהונתן,Unknown,0.00,"ק""ג",true,0,15.90,15.90,true,1,
4412456,false,"תפו""ע חרמון",,,תפוע חרמון,Unknown,0.00,"ק""ג",true,0,14.90,14.90,true,1,
4412463,false,"תפו""ע מוזהב",,,תפוע מוזהב,Unknown,0.00,"ק""ג",true,0,15.90,15.90,true,1,
4412470,false,"תפו""ע סמיט",,,תפוע סמיט,Unknown,0.00,"ק""ג",true,0,14.90,14.90,true,1,
4412487,false,שזיף אדום,,,שזיף אדום,Unknown,0.00,"ק""ג",true,0,23.90,23.90,true,1,
4412500,false,בצל אדום,,,בצל אדום,Unknown,0.00,"ק""ג",true,0,8.90,8.90,true,1,
4412524,false,פומלית,,,פומלית,Unknown,0.00,"ק""ג",true,0,9.90,9.90,true,1,
4412531,false,ענבים ירוקים,,,ענבים ירוקים,Unknown,0.00,"ק""ג",true,0,34.90,34.90,true,1,
4412548,false,ענבים שחורים,,,ענבים שחורים,Unknown,0.00,"ק""ג",true,0,34.90,34.90,true,1,
4412579,false,מנגו,,,מנגו,Unknown,0.00,"ק""ג",true,0,19.90,19.90,true,1,
4412586,false,לימון,,,לימון,Unknown,0.00,"ק""ג",true,0,12.90,12.90,true,1,
4412616,false,בננות,,,בננות,Unknown,0.00,"ק""ג",true,0,11.90,11.90,true,1,
4412623,false,אגסים,,,אגסים,Unknown,0.00,"ק""ג",true,0,17.90,17.90,true,1,
4412630,false,אשכוליות,,,אשכוליות,Unknown,0.00,"ק""ג",true,0,9.90,9.90,true,1,
4412647,false,אבוקדו,,,אבוקדו,Unknown,0.00,"ק""ג",true,0,22.90,22.90,true,1,
4412654,false,אפרסמון,,,אפרסמון,Unknown,0.00,"ק""ג",true,0,24.90,24.90,true,1,
4412678,false,"תפו""א לבן",,,תפוא לבן,Unknown,0.00,"ק""ג",true,0,5.90,5.90,true,1,
4412685,false,פומלה,,,פומלה,Unknown,0.00,"ק""ג",true,0,14.90,14.90,true,1,
4412708,false,קולרבי,,,קולורבי,Unknown,0.00,"ק""ג",true,0,8.90,8.90,true,1,
4412715,false,קשואים,,,קישואים,Unknown,0.00,"ק""ג",true,0,9.90,9.90,true,1,
4412722,false,פרסה,,,פרסה,Unknown,0.00,"ק""ג",true,0,19.90,19.90,true,1,
4412746,false,פלפל חריף,,,פלפל חריף,Unknown,0.00,"ק""ג",true,0,11.90,11.90,true,1,
4412760,false,פלפל ירוק,,,פלפל ירוק,Unknown,0.00,"ק""ג",true,0,12.90,12.90,true,1,
4412777,false,פלפל צהוב,,,פלפל צהוב,Unknown,0.00,"ק""ג",true,0,14.90,14.90,true,1,
4412784,false,עגבניות,,,עגבניות,Unknown,0.00,"ק""ג",true,0,11.90,11.90,true,1,
4412791,false,סלק,,,סלק,Unknown,0.00,"ק""ג",true,0,7.90,7.90,true,1,
4412807,false,מלון,,,מלון,Unknown,0.00,"ק""ג",true,0,10.90,10.90,true,1,
4412814,false,מלפפונים,,,מלפפונים,Unknown,0.00,"ק""ג",true,0,10.90,10.90,true,1,
4412838,false,כרובית,,,כרובית,Unknown,0.00,"ק""ג",true,0,13.90,13.90,true,1,
4412845,false,כרוב אדום,,,כרוב אדום,Unknown,0.00,"ק""ג",true,0,8.90,8.90,true,1,
4412852,false,כרוב לבן,,,כרוב לבן,Unknown,0.00,"ק""ג",true,0,5.90,5.90,true,1,
4412869,false,חצילים,,,חצילים,Unknown,0.00,"ק""ג",true,0,9.90,9.90,true,1,
4412876,false,דלעת,,,דלעת,Unknown,0.00,"ק""ג",true,0,8.90,8.90,true,1,
4412883,false,גזר,,,גזר,Unknown,0.00,"ק""ג",true,0,6.90,6.90,true,1,
4412906,false,אבטיח,,,אבטיח,Unknown,0.00,"ק""ג",true,0,9.90,9.90,true,1,
4412913,false,דלורית,,,דלורית,Unknown,0.00,"ק""ג",true,0,13.90,13.90,true,1,
4412920,false,מלפפון ארוז,,,מלפפון בייבי ארוז,Unknown,0.00,Unknown,false,0,14.90,14.90,true,1,
4412937,false,פטריות בתפזורת,,,פטריות בתפזורת,Unknown,0.00,"ק""ג",true,0,49.90,49.90,true,1,
4412944,false,פטריות יער יחידה,,,פטריות יער,Unknown,0.00,Unknown,false,1,12.90,12.90,true,1,
4412982,false,קישוא עגול,,,קישוא עגול,Unknown,0.00,"ק""ג",true,0,14.90,14.90,true,1,
4412999,false,קישוא זוקיני צהוב,,,קישוא זוקיני צהוב,Unknown,0.00,"ק""ג",true,0,12.90,12.90,true,1,
4429591,false,גבינה נועה בסגנון גאודה במשקל,,,גבינה עדן בסגנון,Unknown,0.00,"ק""ג",true,0,199.00,199.00,true,1,
4467180,false,שניצל עוף דק דק שירות עצמי,,,שניצל עוף דק דק,Unknown,0.00,"ק""ג",true,0,49.90,49.90,true,1,
4530044,false,אמנטל צרפתי במשקל,,,אמנטל צרפתי במשקל,Unknown,0.00,"ק""ג",true,0,120.00,120.00,true,1,
4535209,false,סטייק צוואר פרוס טרי,,,סטייק צוואר פרוס טרי,Unknown,0.00,"ק""ג",true,0,94.90,94.90,true,1,
4535490,false,סטייק צלע לבן פרוס טרי,,,סטייק צלע לבן פרוס ט,Unknown,0.00,"ק""ג",true,0,86.90,86.90,true,1,
4725600,false,גבינה צהובה סקנדינבית 31% במשקל,,,גבינה צהובה סקנדינבי,Unknown,0.00,"ק""ג",true,0,78.00,78.00,true,1,
4861285,false,טבורוג טבעי 9%,,,טבורוג טבעי 9%,Unknown,0.00,"ק""ג",true,0,42.00,42.00,true,1,
4861315,false,לבנה טבעי 5% שמן זית וזעתר,,,לבנה טבעי 5% שמן זית,Unknown,0.00,"ק""ג",true,0,50.00,50.00,true,1,
4982393,false,ברס בלו במשקל,,,ברס בלו במשקל,Unknown,0.00,"ק""ג",true,0,199.00,199.00,true,1,
5079412,false,גבינה אמנטל נעם במשקל,,,גבינה אמנטל נעם במשק,Unknown,0.00,"ק""ג",true,0,72.00,72.00,true,1,
5678400,false,ענבים ראד גלוב חרצנים,,,ענבים ראד גלוב חרצני,Unknown,0.00,"ק""ג",true,0,29.90,29.90,true,1,
5992889,false,גבינת שמנת 30% שמיר,,,גבינת שמנת 30% שמיר,קילוגרמים,0.00,"ק""ג",true,0,52.00,52.00,true,1,
5992957,false,גבינת פטה עיזים 20% במשקל,,,גבינת פטה עיזים 20%,קילוגרמים,0.00,"ק""ג",true,0,145.00,145.00,true,1,
5992964,false,פטה כבשים מסורתי במשקל,,,פטה כבשים מסורתי,Unknown,0.00,"ק""ג",true,0,145.00,145.00,true,1,
6187260,false,סינטה לבן טרי מפורק,,,סינטה לבנה מפורקת,Unknown,0.00,"ק""ג",true,0,79.90,79.90,true,1,
6189042,false,סרוולט הזהב,,,סרוולט הזהב,Unknown,0.00,"ק""ג",true,0,189.00,189.00,true,1,
6189073,false,קופה איטליאנה נתח בעישון קר,,IL,קופה איטליאנה נתח בע,Unknown,0.00,"ק""ג",true,0,270.00,270.00,true,1,
6195050,false,גבינת מאסדם במשקל,,,גבינת מאסדם במשקל,Unknown,0.00,"ק""ג",true,0,88.00,88.00,true,1,
6270047,false,צנון,,,צנון,Unknown,0.00,"ק""ג",true,0,9.90,9.90,true,1,
6519504,false,"קצוות נקניק חי ב""ש",,,קצוות נקניק חי,Unknown,0.00,"ק""ג",true,0,38.00,38.00,true,1,
6519566,false,פריזר אדום גדול,,,פריזר אדום גדול,Unknown,0.00,"ק""ג",true,0,60.00,60.00,true,1,
6520395,false,בשר עוף טרי טחון,,,בשר עוף טרי טחון,Unknown,0.00,"ק""ג",true,0,37.90,37.90,true,1,
6836496,false,ברי אגוזים במשקל,,,ברי אגוזים במשקל,Unknown,0.00,"ק""ג",true,0,165.00,165.00,true,1,
6837394,false,סלמי העמק מזרע,,,סלמי העמק,Unknown,0.00,"ק""ג",true,0,60.00,60.00,true,1,
6843371,false,ספריבס חזה לבן ללא עור טרי,,,ספריבס חזה לבן ללא ע,Unknown,0.00,"ק""ג",true,0,86.90,86.90,true,1,
6843425,false,סטייק ניו יורק,,,סטייק ניו יורק עגל,Unknown,0.00,"ק""ג",true,0,114.90,114.90,true,1,
6843944,false,עוף שלם טרי,,,עוף שלם טרי,Unknown,0.00,"ק""ג",true,0,17.90,17.90,true,1,
7236301,false,בדיקה,,,גרנה פדנו מנות,Unknown,0.00,"ק""ג",true,0,153.00,153.00,true,1,
8433426,false,פילה הייק קפוא,,,פילה הייק קפוא,Unknown,0.00,"ק""ג",true,0,55.90,55.90,true,1,
8433853,false,כתף בקר מעושן מזרע,,,כתף בקר מעושנת מזרע,Unknown,0.00,"ק""ג",true,0,135.00,135.00,true,1,
8434638,false,פרגיות עוף שווארמה טרי,,IL,פרגית קצרה/ שווארמה,Unknown,0.00,"ק""ג",true,0,62.90,62.90,true,1,
8434683,false,צדר אדום גרמני במשקל,,,צדר אדום גרמני במשקל,Unknown,0.00,"ק""ג",true,0,90.00,90.00,true,1,
8434799,false,צדר לבן גרמני במשקל,,,צדר לבן גרמני במשקל,Unknown,0.00,"ק""ג",true,0,100.00,100.00,true,1,
8437103,false,גבינת סנט מור פחם במשקל,,,גבינת סנט מור פחם במ,Unknown,0.00,"ק""ג",true,0,158.00,158.00,true,1,
8437288,false,גבינת הדר בסגנון קממבר במשקל,,,גבינת הדר בסגנון קממ,Unknown,0.00,"ק""ג",true,0,165.00,165.00,true,1,
8437462,false,גבינת ולנסי במשקל,,IL,גבינה קממבר כמהין במ,Unknown,0.00,"ק""ג",true,0,187.00,187.00,true,1,
8438445,false,גבינת סנט מור במשקל,,,גבינת סנט מור במשקל,Unknown,0.00,"ק""ג",true,0,158.00,158.00,true,1,
8438476,false,גבינת עובש לבן מחלב,,,גבינת עובש לבן מחלב,Unknown,0.00,"ק""ג",true,0,158.00,158.00,true,1,
8438544,false,גבינה ברי במשקל,,,גבינה בר בסגנון ברי,Unknown,0.00,"ק""ג",true,0,158.00,158.00,true,1,
8438568,false,גבינה בסגנון תום ונג,,,גבינה בסגנון תום ונג,Unknown,0.00,"ק""ג",true,0,170.00,170.00,true,1,
8439510,false,פסטרמה הודו בדבש מזרע,,,פסטרמה הודו בדבש,Unknown,0.00,"ק""ג",true,0,75.00,75.00,true,1,
8439527,false,פסטרמה הודו פרפר מעושן מזרע,,,פסטרמה הודו פרפר מעו,Unknown,0.00,"ק""ג",true,0,79.00,79.00,true,1,
8439541,false,פסטרמה הודו על האש,,,פסטרמה הודו על האש,Unknown,0.00,"ק""ג",true,0,75.00,75.00,true,1,
8439787,false,פסטרמה לבנה רומנית מזרע,,,פסטרמה לבנה רומנית,Unknown,0.00,"ק""ג",true,0,125.00,125.00,true,1,
8440868,false,כתף לבן מפורק נקי טרי,,,כתף לבן מפורק טרי,Unknown,0.00,"ק""ג",true,0,65.90,65.90,true,1,
8441056,false,זלץ מזרע,,,זלץ,Unknown,0.00,"ק""ג",true,0,85.00,85.00,true,1,
8441551,false,בייגלה פולני,,,סלמי בקר גרנדה,Unknown,0.00,"ק""ג",true,0,85.00,85.00,true,1,
8442398,false,אסאדו עגל טרי רצועות,,,אסאדו עגל טרי רצועות,Unknown,0.00,"ק""ג",true,0,54.90,54.90,true,1,
8442473,false,נקניק הרץ יבש מזרע,,,נקניק הרץ יבש,Unknown,0.00,"ק""ג",true,0,180.00,180.00,true,1,
8442640,false,פילה דג בסה קפוא בוואקום,,,פילה דג בסה קפוא,Unknown,0.00,"ק""ג",true,0,32.90,32.90,true,1,
8442688,false,נקניק כפרית יבש מזרע,,,נקניק כפרית יבש,Unknown,0.00,"ק""ג",true,0,170.00,170.00,true,1,
8462310,false,גבינה סנט מור צרפתית במשקל,,,גבינה סנט מור צרפתית,Unknown,0.00,"ק""ג",true,0,180.00,180.00,true,1,
8498210,false,גבינת כבשים עם פטריות כמהין במשקל,,,גבינת כבשים עם פטריו,Unknown,0.00,"ק""ג",true,0,330.00,330.00,true,1,
8498234,false,גבינת עיזים מאוריסיו שקיל,,,גבינת עיזים מאוריסיו,Unknown,0.00,"ק""ג",true,0,208.90,208.90,true,1,
8498708,false,גבינת גרוייר מחלב בקר במשקל,,CH,גבינת גרוייר מחלב בק,Unknown,0.00,"ק""ג",true,0,220.00,220.00,true,1,
8498753,false,גבינת בושה עיזים במשקל,,,גבינת בושה עיזים במש,Unknown,0.00,"ק""ג",true,0,185.00,185.00,true,1,
8498845,false,גאודה עיזים 14% במשקל,,,גאודה עיזים 14% במשק,Unknown,0.00,"ק""ג",true,0,190.00,190.00,true,1,
8498869,false,גבינת גאודה פסטו במשקל,,,גבינת גאודה פסטו במש,Unknown,0.00,"ק""ג",true,0,200.00,200.00,true,1,
8498951,false,גבינת גאודה וויסקי ומייפל,,,גבינת גאודה וויסקי ו,Unknown,0.00,"ק""ג",true,0,178.00,178.00,true,1,
8618007,false,פילה סלמון פרוס טרי סקין,,IL,פילה סלמון פרוס טרי,Unknown,0.00,"ק""ג",true,0,119.90,119.90,true,1,
8618038,false,פילה לברק טרי סקין,,IL,פילה לברק טרי,Unknown,0.00,"ק""ג",true,0,154.90,154.90,true,1,
8618052,false,פילה בורי טרי,,,פילה בורי טרי,Unknown,0.00,"ק""ג",true,0,104.90,104.90,true,1,
8713438,false,גאודה מיושנת גלגל במשקל D DAIRY,,,גאודה הולנדית מיושנת,Unknown,0.00,"ק""ג",true,0,136.00,136.00,true,1,
8713573,false,גאודה הולנדית חרדל במשקל,,,גאודה הולנדית חרדל,Unknown,0.00,"ק""ג",true,0,126.00,126.00,true,1,
8776066,false,סטייק סינטה עגל,,,סטייק סינטה עגל,Unknown,0.00,"ק""ג",true,0,114.90,114.90,true,1,
8776097,false,פרוסות עגל טרי לצלי,,,פרוסות עגל טרי לצלי,Unknown,0.00,"ק""ג",true,0,69.90,69.90,true,1,
8776127,false,אוסובוקו עגל טרי,,,אוסובוקו עגל טרי,Unknown,0.00,"ק""ג",true,0,49.90,49.90,true,1,
8776820,false,קוביות שריר לקדירה טרי,,,קוביות שריר לקדירה,Unknown,0.00,"ק""ג",true,0,59.90,59.90,true,1,
8776837,false,שייטל טרי לרוסטביף,,,שייטל טרי לרוסטביף,Unknown,0.00,"ק""ג",true,0,109.90,109.90,true,1,
8776851,false,טיבון עגל טרי,,,טיבון עגל טרי,Unknown,0.00,"ק""ג",true,0,154.90,154.90,true,1,
8776875,false,סטייק ניו יורק,,,סטייק ניו יורק,Unknown,0.00,"ק""ג",true,0,119.90,119.90,true,1,
9441017,false,עגבניות שרי,,,עגבניות שרי,Unknown,0.00,"ק""ג",true,0,29.90,29.90,true,1,
9441024,false,עגבניות תמר,,,עגבניות שרי,Unknown,0.00,"ק""ג",true,0,29.90,29.90,true,1,
11549475,false,לחמניה שמרים,,,לחמניה שמרים,גרמים,180.00,100 גרם,false,1,3.90,2.17,true,1,
40084107,false,ביצת שוקולד הפתעה קינדר,קדבורי,IT,קינדר ביצת הפתעה,Unknown,0.00,Unknown,false,1,6.90,6.90,true,1,
40111490,false,מ&מס שוקולד 45 גרם,,,מ&מס שוקולד 45 גרם,גרמים,45.00,100 גרם,false,1,5.50,12.22,true,1,
40144061,false,קנופרס חטיף וופל 25 גרם 24 יח,שטורק,DE,קנופרס חטיף וופל 25,גרמים,25.00,100 גרם,false,1,3.90,15.60,true,1,
40173351,false,"בירה מייזל חיטה אורגינל 500 מ""ל",,DE,בירה מייזל חיטה אורג,מיליליטרים,500.00,"100 מ""ל",false,1,12.90,2.58,true,1,
40341002,false,"ליקר אונדרברג 20 מ""ל",,,"ליקר אונדרברג 20 מ""ל",Unknown,0.00,Unknown,false,1,10.90,10.90,true,1,
40345512,false,-XXL סוכריות סמרטיז עדשים צבעוני 130 ג,,AT,-XXL סוכריות סמרטיז,גרמים,130.00,100 גרם,false,1,13.90,10.69,true,1,
42101666,false,איירוייבז מנטה ואקליפטוס בקופסה 25 יח HP,ריגלי,GB,איירוייבז מנטה ואקלי,Unknown,0.00,Unknown,false,1,7.90,7.90,true,1,
42138105,false,סיגריות וינסטון סופר סלימס כחול,גיי טי אינטרנשיונל,,ווינסטון סופר סלימס,Unknown,0.00,Unknown,false,1,33.00,33.00,true,1,
42138129,false,סיגריות וינסטון סופר סלימס מנטול,JTI,,ווינסטון סופר סלימס,Unknown,0.00,Unknown,false,1,33.00,33.00,true,1,
42139430,false,סיגריות כאמל שחור חפ,JTI,,כמאל שחור חפיסה,יחידה,1.00,יחידה,false,1,30.90,30.90,true,1,
42182115,false,אורביט פייב ספירמינט 12 סטיקס 29 גר,ריגלי צרפת,FR,אורביט פייב ספירמינט,Unknown,0.00,Unknown,false,1,7.50,7.50,true,1,
45358850,false,אוסובוקו טרי פרוס,,,אוסובוקו טרי,Unknown,0.00,"ק""ג",true,0,49.90,49.90,true,1,
52070082,false,פאל מאל ס.ס.ויולט חפיסה,BAT,,פאל מאל ס.ס.ויולט חפ,Unknown,0.00,Unknown,false,1,30.00,30.00,true,1,
54010628,false,לוטוס גו מקלות ביסקוויט וממרח 45 גרם,,BE,לוטוס גו מקלות ביסקו,גרמים,45.00,100 גרם,false,1,14.90,33.11,true,1,
54051140,false,מעדן סויה טעם וניל אלפרו רביעיה * 125 ג',הנסיך- מפעל לייצור ט,BE,אלפרו מעדן סויה בטעם,מיליליטרים,500.00,"100 מ""ל",false,1,19.80,3.96,true,1,
54051157,false,מעדן סויה טעם שוקו אלפרו רביעיה 125 ג',אלפרו C.V.A,BE,אלפרו מעדן סויה בטעם,גרמים,500.00,100 גרם,false,1,19.80,3.96,true,1,
59039549,false,ווג פריזון מנטול חפיסה,BAT,,ווג פריזון מנטול חפי,Unknown,0.00,Unknown,false,1,38.00,38.00,true,1,
59068907,false,סיגריות פאל מאל כחול דמי סלימס,גלוברנס,,פאל מאל כחול דמי סלי,Unknown,0.00,Unknown,false,1,26.00,26.00,true,1,
59068914,false,סיגריות פאל מאל סילבר דמי סלימס,,,פאל מאל סילבר דמי סל,Unknown,0.00,Unknown,false,1,26.00,26.00,true,1,
59455233,false,סיגריות ווג ליידי כח,BAT,,ווג סופרסלימס כחול,יחידה,1.00,יחידה,false,1,38.00,38.00,true,1,
59455240,false,ווג סופרסלימס לילך חפיסה,BAT,,ווג סופרסלימס לילך,יחידה,1.00,יחידה,false,1,38.00,38.00,true,1,
61908024,false,נתח פילה סלמון קפוא,,,נתח פילה סלמון קפוא,Unknown,0.00,"ק""ג",true,0,89.00,89.00,true,1,
72917367,false,טעמי 28 חטיף 40 גר',"שטראוס גרופ בע""מ",IL,טעמי 40 גרם,גרמים,40.00,100 גרם,false,1,4.50,11.25,true,1,
72940754,false,מילקי וניל 133 גרם,"שטראוס גרופ בע""מ",IL,מילקי וניל 130 גרם,גרמים,130.00,100 גרם,false,1,2.90,2.23,true,1,
72940761,false,מילקי שוקולד מהדרין 170 ג',מיוצר עי קונדיטוריית,IL,מילקי שוקולד 130 גרם,גרמים,130.00,100 גרם,false,1,2.90,2.23,true,1,
72940952,false,מילקי פי 2 קצפת אקסטרה 170 ג',"שטראוס גרופ בע""מ",IL,מילקי פי 2 קצפת 104,גרמים,104.00,100 גרם,false,1,4.10,3.94,true,1,
72961506,false,יוגורט עם תות 1.5% שומן 125 ג' פרילי,מיוצר עי קונדיטוריית,IL,פרילי תות 1.5% 125 ג,גרמים,125.00,100 גרם,false,1,4.50,3.60,true,1,
72961520,false,יוגורט עם אננס 1.5% שומן 125 ג' פרילי,מיוצר עי קונדיטוריית,IL,פרילי אננס 1.5% 125,גרמים,125.00,100 גרם,false,1,4.50,3.60,true,1,
72963753,false,שמנת אורגינל של פעם 27% שומן 200 ג' תנובה,תנובה מרכז שיתופי לש,IL,שמנת של פעם 27% 200,מיליליטרים,200.00,"100 מ""ל",false,1,4.40,2.20,true,1,
72964422,false,"יוגורט פרחים גביע 4.5% 200 מ""ל",מחלבת תנובה,IL,יוגורט פרחים גביע 4.,גרמים,200.00,100 גרם,false,1,3.10,1.55,true,1,
72986370,false,"גלידת בן & ג'ריס פיינטים וניל 500מ""ל",מוצרי איכות אמריקאים,IL,בן אנד גריס גלידת ונ,מיליליטרים,500.00,"100 מ""ל",false,1,25.90,5.18,true,1,
72986424,false,"גלידת בן & ג'ריס פיינטים קרם עוגיות 500מ""ל",מוצרי איכות אמריקאיי,IL,בן אנד גריס גלידת קר,מיליליטרים,500.00,"100 מ""ל",false,1,25.90,5.18,true,1,
72986448,false,"גלידת בן & ג'ריס פיינטים טופי קראנץ 500מ""ל",מוצרי איכות אמריקאיי,IL,בן אנד גריס גלידת טו,מיליליטרים,800.00,"100 מ""ל",false,1,25.90,3.24,true,1,
72986455,false,"גלידת בן & ג'ריס פיינטים ניו-יורק 500מ""ל",מוצרי איכות אמריקאיי,IL,בן אנד גריס גלידת ני,מיליליטרים,500.00,"100 מ""ל",false,1,25.90,5.18,true,1,
72986479,false,"גלידה שוקולד אגוז עם בננות בן וג'ירי 500 מ""ל",מוצרי איכות אמריקאיי,IL,בן אנד גריס גלידת צא,מיליליטרים,500.00,"100 מ""ל",false,1,25.90,5.18,true,1,
72989425,false,"גלידת בן & ג'ריס פיינטים שוקולד בראוניז 500מ""ל",מוצרי איכות אמריקאיי,IL,בן אנד גריס שוקולד ב,מיליליטרים,500.00,"100 מ""ל",false,1,25.90,5.18,true,1,
72991008,false,חטיף פסק זמן במילוי ופל מגולגל 45 גרם,"שטראוס גרופ בע""מ",IL,"פ""ז קלסיק מגדים 45 ג",גרמים,45.00,100 גרם,false,1,5.50,12.22,true,1,
72991886,false,"גלידת דולצ'ה בטעם ריבת חלב עם פאדג' בן וג'ירי 500 מ""ל",מוצרי איכות אמריקאיי,IL,בן אנד גריס 500,מיליליטרים,500.00,"100 מ""ל",false,1,25.90,5.18,true,1,
72993637,false,מעדן חלב בטעם שוקולד 125 ג' דני,מחלבת אחיהוד,IL,מעדן דני שוקולד 125,גרמים,125.00,100 גרם,false,1,3.00,2.40,true,1,
76136184,false,פאל מאל סופרסלימס כחול קופסה,BAT,,פאל מאל סופרסלימס כח,Unknown,0.00,Unknown,false,1,30.00,30.00,true,1,
78009226,false,דאב דאו סטיק אורגינל לאישה 50 גר,"זולברג, גוברנור דריי",,דאב דאו סטיק אורגינ,גרמים,50.00,100 גרם,false,1,27.90,55.80,true,1,
80001027,false,לואקר וופל טורטינה 21 גרם,"כד בני דרום בע""מ",IT,חטיף טורטינה חלב 21,גרמים,21.00,100 גרם,false,1,4.50,21.43,true,1,
80001287,false,וופל חטיף לואקר אגוז 38 גר',לואקר,AT,חטיף גרדנה 38 גרם,גרמים,38.00,100 גרם,false,1,4.70,12.37,true,1,
80001461,false,לואקר חטיף שוקולד 38 גר',"א. לואקר קונפקט בע""מ",AT,חטיף גרדנה מצופה 38,גרמים,38.00,100 גרם,false,1,4.70,12.37,true,1,
80001485,false,גרדנה קוקוס 38 גר'25X יח',קריניציה ויטמינה אס,IT,חטיף גרדנה קוקוס,גרמים,38.00,100 גרם,false,1,4.70,12.37,true,1,
80042556,false,POLPA עגבניות חתוכות דק 400 גרם MUTTI,"איי, בי, אינבוו",IT,POLPA עגבניות חתוכות,גרמים,400.00,100 גרם,false,1,7.90,1.98,true,1,
80042563,false,רסק עגבניות 700 ג' (צהוב) MUTTI,"איי, בי, אינבוו",IT,מחית עגבניות קלה 700,גרמים,700.00,100 גרם,false,1,12.90,1.84,true,1,
80043775,false,צילי טחון אורגני 50 גר קנהמלה,,,צילי טחון אורגני 50,Unknown,0.00,Unknown,false,1,16.90,16.90,true,1,
80050025,false,סוכריות טיק טק בטעם תפוז,קדבורי,ZA,סוכריות טיק טק בטעם,גרמים,16.00,100 גרם,false,1,3.50,21.88,true,1,
80050124,false,סוכריות טיק טק בטעם מנטה,קדבורי,ZA,סוכריות טיק טק בטעם,גרמים,16.00,100 גרם,false,1,3.50,21.88,true,1,
80050278,false,פררו רושר חטיף כדורים שלישיה 40ג',קדבורי,IT,חטיף פררו רושר שלישי,גרמים,37.00,100 גרם,false,1,6.50,17.57,true,1,
80052760,false,קינדר בואנו קלאסי 43 ג',קדבורי,PL,חטיף קינדר בואנו 43,גרמים,43.00,100 גרם,false,1,4.90,11.40,true,1,
80052883,false,סוכריות מנטה חזק 16 ג' טיק טק,,ZA,טיק טק בודד מנטה חזק,גרמים,16.00,100 גרם,false,1,3.50,21.88,true,1,
80083764,false,גנדולה עוגיות דגנים ש.שועל אורגני 250,תות תעשיות מזון (201,IT,גנדולה עוגיות דגנים,גרמים,250.00,100 גרם,false,1,15.90,6.36,true,1,
80136194,false,קינדר הפי היפו אגוזי לוז חמישייה 103.5 ג,קדבורי,IT,קינדר הפי היפו אגוזי,גרמים,104.00,100 גרם,false,1,13.90,13.37,true,1,
80176800,false,נוטלה ממרח שוקולד 750 גרם,פררו תעשיות איטליה ס,IT,ממרח שוקולד נוטלה 75,גרמים,750.00,100 גרם,false,1,26.90,3.59,true,1,
80177173,false,ממרח נוטלה קקאו עם א,פררו,IT,ממרח נוטלה 350 גרם,גרמים,350.00,100 גרם,false,1,15.90,4.54,true,1,
80177180,false,שוקולד קינדר קאונטרי 23.5 גרם,קדבורי,IT,שוקולד קינדר קאונטרי,גרמים,24.00,100 גרם,false,1,3.30,13.75,true,1,
80177609,false,קינדר - אצבעות שוקולד רביעייה,קדבורי,IT,קינדר 50 גרם,גרמים,50.00,100 גרם,false,1,4.90,9.80,true,1,
80177616,false,טבלת שוקולד קינדר 100 גרם,פררו,IT,טבלת שוקולד קינדר 10,גרמים,100.00,100 גרם,false,1,9.20,9.20,true,1,
80273561,false,פלפל שחור במטחנה 45 גר ארומה דה טוסקנה,DROGHERIA E ALIMENTA,,פלפל שחור במטחנה 45,גרמים,45.00,100 גרם,false,1,14.50,32.22,true,1,
80273677,false,צילי במטחנה 20 גר ארומה דה טוסקנה,DROGHERIA E ALIMENTA,,צילי במטחנה 20 גר אר,גרמים,20.00,100 גרם,false,1,14.50,72.50,true,1,
80310334,false,שוקולד קינדר בצורת סנטה קלאוס 55 גרם,,IT,שוקולד קינדר בצורת ס,גרמים,55.00,100 גרם,false,1,12.90,23.45,true,1,
80310549,false,הפי היפו חטיף קינדר שוקולד לבן 20.5ג',קדבורי,DE,קינדר הפי היפו אגוזי,גרמים,35.00,100 גרם,false,1,4.20,12.00,true,1,
80310891,false,ביצת קינדר ג'וי שוקולד 20ג',פררו,ZA,ביצת הפתעה קינדר גוי,גרמים,20.00,100 גרם,false,1,6.50,32.50,true,1,
80525264,false,Agnesi רוטב עגבניות ובזיל 400 גר,,IT,רוטב עגבניות,גרמים,400.00,100 גרם,false,0,15.60,3.90,true,1,
80525288,false,Agnesi רוטב עגבניות וזיתים 400 גר,,IT,Agnesi רוטב עגבניות,גרמים,400.00,100 גרם,false,0,15.60,3.90,true,1,
80525424,false,Agnesi רוטב עגבניות אראביאטה 400 גר,,IT,Agnesi רוטב עגבניות,גרמים,400.00,100 גרם,false,0,15.60,3.90,true,1,
80525462,false,Agnesi רוטב עגבניות נפוליטנה 400 גר,,IT,Agnesi רוטב עגבניות,גרמים,400.00,100 גרם,false,0,15.60,3.90,true,1,
80651000,false,שום צילי במטחנה 30 גרם ארומה דה טוסקנה,DROGHERIA E ALIMENTA,,שום צילי במטחנה 30 ג,גרמים,30.00,100 גרם,false,1,14.50,48.33,true,1,
80704188,false,מחית כמהין 80 גרם,,,מחית כמהין 80 גרם,Unknown,0.00,Unknown,false,1,62.90,62.90,true,1,
80718758,false,טונה בשמן זית 160 גר CALIPO,קליפו קונסרב,IT,טונה בשמן זית 160 ג,גרמים,160.00,100 גרם,false,1,27.50,17.19,true,1,
80718765,false,טונה במים בצנצנת קלי,קליפו קונסרב,IT,טונה במים 160 גר CAL,גרמים,160.00,100 גרם,false,1,27.50,17.19,true,1,
80761761,false,קינדר בואנו לבן בודד 39 גר,קדבורי,PL,קינדר בואנו לבן בודד,גרמים,39.00,100 גרם,false,1,4.90,12.56,true,1,
80768838,false,מסטיק מנטוס וויט ביג פירות ומנטה 105 ג',"אינסטנטה בע""מ",IT,מסטיק מנטוס וויט ביג,גרמים,105.00,100 גרם,false,1,18.90,18.00,true,1,
80804697,false,מסטיק מנטוס וויט ביג סוויטמינט 105 גר,"אינסטנטה בע""מ",TR,מסטיק מנטוס וויט ביג,גרמים,105.00,100 גרם,false,1,18.90,18.00,true,1,
80822141,false,קינדר עץ חג המולד 76 גרם,,,קינדר עץ חג המולד 76,גרמים,76.00,100 גרם,false,1,22.90,30.13,true,1,
80874652,false,קינדר קלפים בודד 25.6 גר',פררו,IT,וופל קינדר קארדס 25.,גרמים,26.00,100 גרם,false,1,3.90,15.00,true,1,
80936848,false,סוכריות טיק טק תות שדה 24 יח',קדבורי,ZA,סוכריות טיק טק בטעם,גרמים,16.00,100 גרם,false,1,3.50,21.88,true,1,
80974482,false,קינדר ג'וי כחול 72 יחידות,פררו,ZA,ביצה קינדר גוי כחול,גרמים,20.00,100 גרם,false,1,6.50,32.50,true,1,
87221503,false,מיונז גאודס הולנדי אמיתי 650 גר,,NL,מיונז גאודס הולנדי א,גרמים,650.00,100 גרם,false,1,24.90,3.83,true,1,
90087066,false,מיץ תפוזים 100% טבעי 1 ל' RAUCH,,AT,מיץ תפוזים ראוך 100%,מיליליטרים,1000.00,"100 מ""ל",false,1,15.40,1.54,true,1,
90087547,false,מיץ עגבניות 1 ליטר ראוך קרטונית,,,מיץ עגבניות 1 ליטר ר,מיליליטרים,1000.00,"100 מ""ל",false,1,12.50,1.25,true,1,
90087769,false,מיץ אננס 100% קרטונית ראוך,,AT,מיץ אננס 100% קרטוני,ליטרים,0.00,ליטר,false,1,15.40,15.40,true,1,
90162800,false,רד בול משקה אנרגיה ללא סוכר פקדון 30 אג,רד בול ג'י.אם.בי. אץ,AT,משקה רד בול מוגז,מיליליטרים,250.00,"100 מ""ל",false,1,7.90,3.16,true,1,
90446269,false,"משקה רד בול אבטיח מוגז פחית 250 מ""ל",ראון פרוכטסאפה,AT,משקה רד בול אבטיח מו,מיליליטרים,250.00,"100 מ""ל",false,1,7.90,3.16,true,1,
90448867,false,"משקה אנרגיה רד בול ללא פחמימות 250 מ""ל",רד בול,AT,משקה אנרגיה רד בול ל,מיליליטרים,250.00,"100 מ""ל",false,1,7.90,3.16,true,1,
90453427,false,"משקה אנרגיה רד בול פיטאיה 250 מ""ל",רד בול,,משקה אנרגיה רד בול פ,מיליליטרים,250.00,"100 מ""ל",false,1,7.90,3.16,true,1,
8112100298,false,שמן שומשום טהור לא מ,Flavor full foods in,,"שמן שומשום 185 מ""ל",מיליליטרים,185.00,"100 מ""ל",false,1,15.90,8.59,true,1,
9073102314,false,"גלידה סורבט שרונס קוקוס 473מ""ל",ק.ש.מ טופ סחר,,סורבט שרונס קוקוס 50,מיליליטרים,500.00,"100 מ""ל",false,1,25.90,5.18,true,1,
9800800056,false,נוטלה אנד גו קופסית 52ג',פררו,DE,נוטלה & גו 52 גרם,גרמים,52.00,100 גרם,false,1,5.90,11.35,true,1,
11182700916,false,קינג קול שעועית לבנה צפונית 439 גרם,,,שעועית לבנה צפונית 4,גרמים,454.00,100 גרם,false,1,12.80,2.82,true,1,
11182700923,false,קינג קול שעועית אדומה בהירה 439 גרם,קינג קול,,שעועית אדומה בהירה 4,גרמים,454.00,100 גרם,false,1,12.80,2.82,true,1,
11182700954,false,קינג קול שעועית שחורה 439 גרם,קינג קול,,קינג קול שעועית שחור,גרמים,439.00,100 גרם,false,1,12.80,2.92,true,1,
11182701388,false,קינג קול שעועית פינטו 454 גרם,,,קינג קול שעועית פינט,גרמים,454.00,100 גרם,false,1,12.80,2.82,true,1,
11210000094,false,"רוטב טבסקו אדום 60 מ""ל",מקאילהייני אייבורי,,טבסקו פלפל אדום 60 מ,מיליליטרים,90.00,"100 מ""ל",false,1,12.80,14.22,true,1,
11210002500,false,"רוטב טבסקו בפאלו 150 מ""ל","ניצן מותגי מזון בע""מ",,רוטב טבסקו בפאלו 150,מיליליטרים,150.00,"100 מ""ל",false,1,23.00,15.33,true,1,
11210006508,false,רוטב פלפל הבנרו חריף טבסקו 60 מל,,,רוטב פלפל הבנרו חריף,מיליליטרים,60.00,"100 מ""ל",false,1,17.70,29.50,true,1,
11210607040,false,טבסקו פלפל צפוטלי חריף 60 מל,,,רוטב טבסקו ציפוטלי 6,מיליליטרים,60.00,"100 מ""ל",false,1,12.80,21.33,true,1,
11210618503,false,"רוטב טבסקו על בסיס פלפל סקורפיון 60מ""ל",,,רוטב טבסקו סקורפיון,מיליליטרים,60.00,"100 מ""ל",false,1,17.70,29.50,true,1,
11210698055,false,רוטב טבסקו סרירציה 566 גרם,,,רוטב טבסקו סרירציה 5,גרמים,566.00,100 גרם,false,1,34.50,6.10,true,1,
11359645088,false,מארז ציפס ודיפ גבינת צדר 150 גרם,,,מארז ציפס ודיפ גבינת,גרמים,150.00,100 גרם,false,1,11.40,7.60,true,1,
11359645262,false,טורטילה ציפס טבעי 200 גרם,,,טורטילה ציפס טבעי 20,גרמים,200.00,100 גרם,false,1,11.00,5.50,true,1,
11359645286,false,טורטילה ציפס נאצוס גבינה 200 גרם,,,טורטילה ציפס נאצוס ג,גרמים,200.00,100 גרם,false,1,11.00,5.50,true,1,
11359650136,false,דיפ אבוקדו 190 גרם,,,דיפ אבוקדו 190 גרם,גרמים,190.00,100 גרם,false,1,11.90,6.26,true,1,
11359650143,false,דיפ סלסה חריפה 190 גרם,,,דיפ סלסה חריפה 190 ג,גרמים,190.00,100 גרם,false,1,10.90,5.74,true,1,
11359650341,false,דיפ סלסה בחריפות מעודנת 190 גרם,,,דיפ סלסה בחריפות מעו,גרמים,190.00,100 גרם,false,1,10.90,5.74,true,1,
12086511318,false,זוזף דרוהין לאפורה פינו נואר 750 מל,,,זוזף דרוהין לאפורה,Unknown,0.00,Unknown,false,1,110.90,110.90,true,1,
14100074120,false,פפרידג' פארם עוגיות מילאנו 170 גרם,פפרדג פארם,,עוגיות פפרידג פארם,גרמים,198.00,100 גרם,false,1,25.90,13.08,true,1,
14100082033,false,עוגיות פפרידג בראוניז רכות קפטיבה (אדום),פפרדג פארם,,עוגיות פפרידג פארם ק,גרמים,244.00,100 גרם,false,1,25.90,10.61,true,1,
16000185517,false,נסטלה - דגני בוקר פייבר 555 גרם,בטר אנד דיפרנט,US,פייבר וואן 555 גרם,גרמים,555.00,100 גרם,false,1,32.90,5.93,true,1,
16000548602,false,נייטשר וואלי חטיף קראנצ'י קינמון 210ג',ג'נרל מילס סאן אדריא,ES,קראנצי בטעם קנמון,גרמים,210.00,100 גרם,false,1,19.90,9.48,true,1,
17252502244,false,"סירופ פנקייק בוסקו 709 מ""ל",,,סירופ פנקייק בוסקו 7,מיליליטרים,709.00,"100 מ""ל",false,1,23.80,3.36,true,1,
18000766413,false,תערובת להכנת עוגה בטעם שוקולד,הדקלאים אגודת שיתופי,IL,תערובת לבראוניס 552,גרמים,609.00,100 גרם,false,1,19.90,3.27,true,1,
21000046867,false,מטבל סלסה בחריפות מע,,US,מטבל סלסה בחריפות מע,Unknown,1.00,Unknown,false,1,15.90,15.90,true,1,
21723339994,false,טיפרוס רוטב דגים מזר,,,רוטב דגים 300מ`ל,מיליליטרים,300.00,"100 מ""ל",false,1,11.00,3.67,true,1,
21723758887,false,רוטב דגים טיפארוס 700 מל,,,רוטב דגים טיפארוס,מיליליטרים,700.00,"100 מ""ל",false,1,14.90,2.13,true,1,
22014240623,false,רסק תפוחי עץ אורגני בצנצנת 680 גרם,MANISCHEWITZ,US,רסק תפוחי עץ אורגני,גרמים,680.00,100 גרם,false,1,18.90,2.78,true,1,
24100226429,false,סנשיין קרקר ציז איט אורגינל קטן 127 גרם,,,סנשיין קרקר ציז איט,גרמים,127.00,100 גרם,false,1,12.70,10.00,true,1,
24100577163,false,סנשיין ציז איט סנאק מיקס 127 גרם,"קלוגס בריטניה בע""ם",US,סנשיין ציז איט סנאק,גרמים,127.00,100 גרם,false,1,19.10,15.04,true,1,
25675121058,false,"חמצוצים רחבים תפו""ע 115 גר",,,חמצוצים רחב תפוח 115,גרמים,115.00,100 גרם,false,1,12.60,10.96,true,1,
25675301108,false,פשקס - חמצוצים מקלות תות 50 גרם,פאסין,,מקלות חמצוצים תות 50,גרמים,50.00,100 גרם,false,1,5.90,11.80,true,1,
25675301153,false,פשקס - חמצוצים מקלות פטל 50 גרם,יושלם,,מקלות חמצוצים פטל 50,גרמים,50.00,100 גרם,false,1,5.90,11.80,true,1,
29801025203,false,עוגיות חמאה קריספי - ב. באטרס 200 גר,,,עוגיות חמאה קריספי -,גרמים,200.00,100 גרם,false,1,21.90,10.95,true,1,
30000315989,false,קוואקר פרוטאין חמוציות ושקדים 372 גר,קוואקר אוטס קומפני,US,קוואקר פרוטאין חמוצי,גרמים,372.00,100 גרם,false,1,22.90,6.16,true,1,
30100472414,false,סנדוויץ קרקר קלאב צדר 311 גרם,,,סנדוויץ קרקר קלאב צד,גרמים,311.00,100 גרם,false,1,29.30,9.42,true,1,
30891052826,false,דפי אורז 400 גרם,,,דפי אורז 400 גרם,גרמים,400.00,100 גרם,false,1,13.90,3.48,true,1,
34000148301,false,הרשי נטיפי שוקולד מריר לאפייה 340 גר,,,הרשי נטיפי שוקולד מר,גרמים,340.00,100 גרם,false,1,20.90,6.15,true,1,
34000446001,false,ריזס מיניס שוקולד חלב חמאת בוטנים 150ג',הרשי,,חטיפי שוקולד ריזס מי,גרמים,150.00,100 גרם,false,1,10.90,7.27,true,1,
34325055483,false,פיסטוק בטעם חלפיניו 85 גרם,,,פיסטוק בטעם חלפיניו,גרמים,85.00,100 גרם,false,1,22.90,26.94,true,1,
38000138638,false,פרינגלס פיצה 158 גרם,פרינגלס מנופקצורינג,US,פרינגלס פיצה 158 גרם,גרמים,158.00,100 גרם,false,1,10.50,6.65,true,1,
38000138720,false,פרינגלס  תכלת ראנץ 158 ג',פרינגלס מניופקצ'ורינ,US,פרינגלס ראנץ 158 גרם,גרמים,158.00,100 גרם,false,1,10.50,6.65,true,1,
38000183690,false,פרינגלסמידי ברביקיו 71 גרם - חדש,,US,פרינגלס מידי ברביקיו,גרמים,71.00,100 גרם,false,1,5.90,8.31,true,1,
38000183928,false,פרינגלס חרדל ודבש 158 גרם,פרינגלס מניופקצ'ורינ,US,פרינגלס חרדל ודבש 15,גרמים,158.00,100 גרם,false,1,10.50,6.65,true,1,
38000197840,false,פרינגלס גלי בטעם חריף מתוק 137 ג',פרינגלס מניופקצ'ורינ,US,פרינגלס וייב חריף מת,גרמים,137.00,100 גרם,false,1,10.50,7.66,true,1,
38000202278,false,פרינגלס גלי בטעם אורגינל 130 ג',פרינגלס מניופקצ'ורינ,US,פרינגלס וייב אורגינל,גרמים,130.00,100 גרם,false,1,10.50,8.08,true,1,
38000232152,false,פרינגלס ברביקיו 158 גרם – חדש,פרינגלס מניופקצ'ורינ,US,פרינגלס ברביקיו 158,גרמים,158.00,100 גרם,false,1,10.50,6.65,true,1,
38000232176,false,פרינגלס שמנת ובצל 158 גרם,פרינגלס מניופקצ'ורינ,US,פרינגלס שמנת בצל 158,גרמים,158.00,100 גרם,false,1,10.50,6.65,true,1,
38000232183,false,פרינגלס אוריגינל 149 גרם,פרינגלס מניופקצ'ורינ,US,פרינגלס אוריגינל 149,גרמים,149.00,100 גרם,false,1,10.50,7.05,true,1,
38000845253,false,פרינגלס מידי שמנת בצל 71 גרם,פרינגלס מנופקצורינג,US,פרינגלס מידי שמנת בצ,גרמים,71.00,100 גרם,false,1,5.90,8.31,true,1,
38527591053,false,קואקר דגנים מרובעים שיבולת שועל וקינמון,BEVERAGES FOODS & SE,,דגני בוקר מרובעים קי,גרמים,411.00,100 גרם,false,1,18.90,4.60,true,1,
38527591060,false,קוואקר מרובעים אינסנט סוכר חום 430 ג',BEVERAGES FOODS & SE,,דגני בוקר מרובעים 4,גרמים,411.00,100 גרם,false,1,18.90,4.60,true,1,
38900779238,false,מיץ אננס דול רביעיות 4*250 מל,,,מיץ אננס דול רביעיות,מיליליטרים,1000.00,"100 מ""ל",false,1,19.90,1.99,true,1,
39000008051,false,טורטיה אורטגה ארוחת טאקו קיט,בי אנד גי,US,אורטגה טאקו ארוחת קי,גרמים,283.00,100 גרם,false,1,38.50,13.60,true,1,
39000008204,false,אורטגה תיבול לטאקו 35 גרם,,,אורטגה תיבול לטאקו 3,גרמים,35.00,100 גרם,false,1,11.50,32.86,true,1,
39000015622,false,C&T סלסה מדיום אורטגה 453 גרם,,,C&T סלסה מדיום אורטג,גרמים,453.00,100 גרם,false,1,25.90,5.72,true,1,
39000015677,false,C&T סלסה מיילד אורטגה 454 גרם,,,C&T סלסה מיילד אורטג,גרמים,454.00,100 גרם,false,1,25.90,5.70,true,1,
41224468108,false,עגבניות מיובשות שמן זית 340 גרם ROLAND,סיגס גיטה,,עגבניות מיובשות שמן,גרמים,340.00,100 גרם,false,1,23.10,6.79,true,1,
41224700260,false,צלפים מיניאטורים בחומץ 90 ג,,,צלפים מיניאטורים בחו,Unknown,0.00,Unknown,false,1,21.60,21.60,true,1,
41331124263,false,גויה שעועית לוביה שחורת עין 439 גרם,,,גויה שעועית לוביה שח,גרמים,439.00,100 גרם,false,1,12.90,2.94,true,1,
41331124669,false,גויה שעועית שחורה 439 גרם,,,גויה שעועית שחורה 43,גרמים,439.00,100 גרם,false,1,12.90,2.94,true,1,
41335000549,false,"רוטב ראנצ בטרמילק קנז 473 מ""ל",,,רוטב ראנצ בטרמילק קנ,גרמים,473.00,100 גרם,false,1,27.90,5.90,true,1,
41390010309,false,"רוטב טריאקי קיקומן 444 מ""ל",,,רוטב טריאקי קיקומן 4,מיליליטרים,444.00,"100 מ""ל",false,1,25.10,5.65,true,1,
41500013183,false,"רוטב וורצסטר 443 מ""ל FRENCHS",,,"רוטב וורצסטר 443 מ""ל",מיליליטרים,443.00,"100 מ""ל",false,1,24.90,5.62,true,1,
41500818436,false,"רד הוט רוטב באפלו לכנפיים 354 מ""ל",,,רד הוט רוטב באפלו לכ,מיליליטרים,354.00,"100 מ""ל",false,1,27.90,7.88,true,1,
41500818467,false,"פרנצ רוטב ווסטר מופחת נתרן 443 מ""ל",,US,רוטב וורצסטר דל נתרן,מיליליטרים,443.00,"100 מ""ל",false,1,24.90,5.62,true,1,
41570113066,false,בלו דיאמנד משקה שקדים אוריג'נל ללא תוספת סוכר 1 ליטר,,ZA,משקה שקדים אוריגנל,ליטרים,0.00,ליטר,false,1,20.90,20.90,true,1,
41570113080,false,בלו דיאמנד משקה שקדים בטעם וניל ללא תוספת סוכר 1 ליטר,,ZA,משקה שקדים בטעם וניל,ליטרים,0.00,ליטר,false,1,21.90,21.90,true,1,
46214372250,false,"עוגיות שטרודל פריכות תפו""ע וצימוקים",,,"עוגיות שטרודל תפו""ע",גרמים,225.00,100 גרם,false,1,10.90,4.84,true,1,
46214731552,false,עוגיות שוקולד ציפס מובחרות 225 ג',קריניציה ויטמינה אס,NL,עוגיות מרבה שוקולד צ,גרמים,225.00,100 גרם,false,1,10.90,4.84,true,1,
47800175477,false,"רייטס רוטב מסקיט מעושן מרוכז 103 מ""ל",בי אנד גי,US,רייטס רוטב מסקיט מעו,מיליליטרים,103.00,"100 מ""ל",false,1,19.90,19.32,true,1,
47997123213,false,מגיק תערובת תבול דגים 64 גר,,,מגיק תע תבול דגים 64,גרמים,64.00,100 גרם,false,1,21.60,33.75,true,1,
48327203513,false,"שמן זית כתית מעולה 750 מ""ל YBARRA",,ES,שמן זית כתית מעולה 7,מיליליטרים,750.00,"100 מ""ל",false,1,39.90,5.32,true,1,
49319110017,false,דשינומוטו YAMAKI יפני 50 גרם,,,דשינומוטו YAMAKI יפ,גרמים,50.00,100 גרם,false,1,29.30,58.60,true,1,
50000015474,false,פריסקיז מעדני הים 4*,פורינה,US,פריסקיז מעדני הים 1.,קילוגרמים,0.00,"ק""ג",false,1,35.90,35.90,true,1,
50000084500,false,"פריסקיז מנתחי ברביקיו 1.4 ק""ג",פורינה,US,פריסקיז נתחי ברביקיו,קילוגרמים,0.00,"ק""ג",false,1,35.90,35.90,true,1,
50000100347,false,"פריסקיז - מעדני החתול מועשר בחלב 1.40 ק""ג",פורינה,US,פריסקיז מעדני החתול,קילוגרמים,0.00,"ק""ג",false,1,35.90,35.90,true,1,
50000168583,false,"פריסקיז אקסטרא קראנץ 1.43 ק""ג",פורינה,US,פריסקיז אקסטרא קראנץ,Unknown,1.00,Unknown,false,1,35.90,35.90,true,1,
50000426942,false,פנסי פיסט צאנקי בשר ועוף,,,פנסי פיסט צאנקי בשר,גרמים,85.00,100 גרם,false,1,5.90,6.94,true,1,
50000429646,false,פנסי פיסט דגי אוקיינוס 85 גרם,פורינה,US,פנסי פיסט דגי אוקיינ,גרמים,85.00,100 גרם,false,1,5.90,6.94,true,1,
50000429943,false,פנסי פיסט גורמה עוף 85 גרם,פורינה,US,פנסי פיסט גורמה עוף,גרמים,85.00,100 גרם,false,1,5.90,6.94,true,1,
52100004426,false,מקלות קינמון 21 גרם,,US,מקלות קינמון 21 גר,גרמים,21.00,100 גרם,false,1,30.90,147.14,true,1,
52100006260,false,אבקת שום 88 גרם McCo,מקרומיק,US,אבקת שום 88 גר,גרמים,88.00,100 גרם,false,1,30.90,35.11,true,1,
52100006468,false,גבישי בצל 56 גר,,US,גבישי בצל 56 גר,גרמים,56.00,100 גרם,false,1,18.90,33.75,true,1,
52100006765,false,תבלין פלפל אדום 42 גר,,US,תבלין פלפל אדום 42 ג,גרמים,42.00,100 גרם,false,1,18.90,45.00,true,1,
52100029924,false,מקורמיק פלפל שחור טח,מקורמיק,US,פלפל שחור טהור 42 גר,גרמים,42.00,100 גרם,false,1,23.90,56.90,true,1,
52100040806,false,תערובת שום בצל פלפל שחור ומלח ים 120 גר,מקורמיק,US,תערובת שום בצל פלפל,גרמים,120.00,100 גרם,false,1,28.20,23.50,true,1,
52100070667,false,"תמצית אניס טהורה 29 מ""ל",,US,תמצית אניס טהורה 29,מיליליטרים,29.00,"100 מ""ל",false,1,18.90,65.17,true,1,
52100070735,false,"תמצית קוקוס 29 מ""ל",,US,"תמצית קוקוס 29 מ""ל",מיליליטרים,29.00,"100 מ""ל",false,1,18.90,65.17,true,1,
52100071138,false,אורגנו ( עלים ) 38 ג,,US,אורגנו עלים 38 גר,גרמים,38.00,100 גרם,false,1,20.90,55.00,true,1,
52100746043,false,תערובת פלפלים במטחנה 24 גר,מקורמיק,FR,תערובת תיבול פלפלים,גרמים,24.00,100 גרם,false,1,18.90,78.75,true,1,
52600751219,false,פלאף- ממרח מרשמלו בטעם וניל 213 גרם,,US,פלאף- ממרח מרשמלו בט,גרמים,213.00,100 גרם,false,1,18.90,8.87,true,1,
54881000062,false,תה שחור לימונית וקמומיל 20 שקיות אחמד,,,תה שחור לימונית וקמו,Unknown,0.00,Unknown,false,1,13.70,13.70,true,1,
54881000208,false,תה שחור לימון וגינגיר 20 שקיות אחמד,,,תה שחור לימון וגינגי,Unknown,0.00,Unknown,false,1,13.70,13.70,true,1,
54881003995,false,תה שחור פירות 20 שקיקים אחמד,,,תה שחור פירות 20 שקי,Unknown,0.00,Unknown,false,1,13.70,13.70,true,1,
54881006958,false,תה שחור קינמון 20 שקיקים אחמד,,,תה שחור קינמון 20 שק,Unknown,0.00,Unknown,false,1,13.70,13.70,true,1,
54881007511,false,תה ירוק בטעם מנטה 20 שקיקים 40 גר,,,תה ירוק בטעם מנטה 40,Unknown,0.00,Unknown,false,1,17.70,17.70,true,1,
54881008167,false,תה אינגליש ברקפסט 100 שקיות AHMAD TEA,,,תה אחמד אינגליש ברק,גרמים,200.00,100 גרם,false,1,23.00,11.50,true,1,
54881008174,false,תה אחמד ארל גריי 100 שקיקים,,,תה אחמד ארל גריי 100,גרמים,180.00,100 גרם,false,1,23.00,12.78,true,1,
54881008181,false,תה אחמד אינגליש 100 שקיקים,,,תה אחמד אינגליש 100,גרמים,200.00,100 גרם,false,1,23.00,11.50,true,1,
55369900386,false,"אפלסנקס רסק תפו""ע ללא סוכר 113 גרם שישייה",,,"רסק תפ""ע ללת""ס 113 ג",גרמים,678.00,100 גרם,false,1,26.50,3.91,true,1,
55369902557,false,אפלסנקס רביעיות רסק תפוחי עץ ממותק בסגנון ביתי עברית,ליייהי אורצ'רדס,,"רסק תפו""ע ביתי רביעי",גרמים,113.00,100 גרם,false,1,17.50,15.49,true,1,
55369902564,false,אפלסנקס רביעיות רסק תפוחי עץ ללא תוספת סוכר עברית,ליייהי אורצ'רדס,,"רסק תפו""ע ללת""ס רביע",גרמים,113.00,100 גרם,false,1,17.50,15.49,true,1,
55369903295,false,אפלסנקס צנצנת  רסק תפוחי עץ ללא תוספת סוכר 652 גרם עברית,לייהי אורצרדס,CA,"אפלסנק רסק תפו""ע ללת",גרמים,652.00,100 גרם,false,1,17.70,2.71,true,1,
70080000016,false,חרדל צהוב רגיל 297 גרם,,,חרדל צהוב רגיל 297 ג,גרמים,297.00,100 גרם,false,1,12.60,4.24,true,1,
70177077563,false,תה ארל גריי 25 שקיות טוינינגס 50 גר,אר. טווינינגס אנד קו,PL,תה ארל גריי 25 שקיות,גרמים,50.00,100 גרם,false,1,19.90,39.80,true,1,
70177077693,false,תה אנגליש ברקפסט 25 שקיות טוינינגס 50 גר,אר. טווינינגס אנד קו,PL,תה אנגליש ברקפסט 25,גרמים,50.00,100 גרם,false,1,19.90,39.80,true,1,
70177078744,false,תה אינגליש ברקפסט נטול קפאין 25 שקיקי,,PL,תה אינגליש ברקפסט נט,Unknown,0.00,Unknown,false,1,23.00,23.00,true,1,
70177078904,false,תה אנגליש ברקפסט 50 שקיות טוינינגס,,PL,תה אינגליש ברקפסט 50,גרמים,100.00,100 גרם,false,1,39.90,39.90,true,1,
70177078966,false,תה ארל גריי 50 שקיות טוינינגס,,PL,תה ארל גריי 50 שקיות,גרמים,100.00,100 גרם,false,1,39.90,39.90,true,1,
70177084738,false,טווינינגס שחור רד פרוט 50 גרם,,,טווינינגס שחור רד פר,גרמים,50.00,100 גרם,false,1,19.90,39.80,true,1,
70177084769,false,טווינינגס שחור ונילה 50 גרם,,,טווינינגס שחור ונילה,גרמים,50.00,100 גרם,false,1,19.90,39.80,true,1,
70177120948,false,טווינינגס שחור אפל & סינמון 50 גרם,,,טווינינגס שחור אפל &,גרמים,50.00,100 גרם,false,1,19.90,39.80,true,1,
70177173166,false,תה יסמין ירוק 25 שקיקים TWININGS,,PL,תה גרין יסמין 45 גרם,Unknown,0.00,Unknown,false,1,22.90,22.90,true,1,
70177177683,false,חליטה קמומיל האני 30 גרם טווינינג,,PL,חליטה קמומיל האני 30,Unknown,0.00,Unknown,false,1,19.80,19.80,true,1,
70177177744,false,חליטה פיור פפרמינט 40 גרם טווינינג,,PL,חליטה פיור פפרמינט 4,Unknown,0.00,Unknown,false,1,19.80,19.80,true,1,
71570001667,false,גלי בלי סוכריות 20 טעמים 70 גרם,ג'לי בלי קינדי,TH,גלי בלי סוכריות 20 ט,גרמים,70.00,100 גרם,false,1,14.90,21.29,true,1,
72600005846,false,הר טורטיה דיפר מתירס לבן 383 גרם,,,הר טורטיה דיפר מתירס,גרמים,383.00,100 גרם,false,1,28.00,7.31,true,1,
72600009257,false,הר טורטיה צ'יפס מתירס לבן 255 גרם,הר פודס,US,הר חטיפי טורטיה תירס,גרמים,255.00,100 גרם,false,1,24.90,9.76,true,1,
72600062306,false,הרס חטיף במבה בטעם גבינה 198 גרם,הר פודס,,הר חטיפים בטעם גבינה,גרמים,198.00,100 גרם,false,1,25.90,13.08,true,1,
72600062313,false,הר חטיף גבינה בפאלו גבינה כחולה 198 גר,הר פודס,,הר חטיף גבינה בפאלו,גרמים,198.00,100 גרם,false,1,25.90,13.08,true,1,
72600062320,false,הר חטיף גבינה בטעם פיצה 198 גרם,הר פודס,,הר חטיף גבינהה בטעם,גרמים,198.00,100 גרם,false,1,25.90,13.08,true,1,
72600062870,false,חטיף תפוח אדמה קטל דבש סרירצה 142 גרם,הר פודס,US,חטיף תפוח אדמה קטל ד,גרמים,142.00,100 גרם,false,1,25.50,17.96,true,1,
74261021333,false,רוטב סויה מיושן 1 ליטר,,,רוטב סויה מיושן 1 לי,ליטרים,0.00,ליטר,false,1,41.70,41.70,true,1,
74410470050,false,אצות קומבו 57 גרם רונגצאנג,,,אצות קומבו 57 גרם רו,גרמים,57.00,100 גרם,false,1,12.90,22.63,true,1,
74570024001,false,"גלידת שמנת תות שדה 500 מ""ל",האגן דאז,,גלידה האגן דאז תות,גרמים,417.00,100 גרם,false,1,26.90,6.45,true,1,
74570610051,false,"גלידת שמנת שוקולד בלגי 500 מ""ל",האגן דאז,,גלידה האגן דאז שוקול,גרמים,417.00,100 גרם,false,1,26.90,6.45,true,1,
74570950010,false,"גלידת שמנת עוג'גבינה+תות 473 מ""ל",האגן דאז,,האגן דאז גבינה ותות,מיליליטרים,473.00,"100 מ""ל",false,1,26.90,5.69,true,1,
74603003287,false,סאמיאנג נודלס ראמן בטעם קימצי 120 גרם,סאמיאנג פודס,KR,סאמיאנג נודלס ראמן ב,גרמים,120.00,100 גרם,false,1,12.90,10.75,true,1,
74603005892,false,סאמיאנג ראמן נודלס בקר 120 גרם,סאמיאנג פודס,KR,סאמיאנג ראמן נודלס ב,גרמים,120.00,100 גרם,false,1,12.90,10.75,true,1,
74603005922,false,סאמיאנג נודלס ראמן עם שעועית שחורה 140 ג,סאמיאנג פודס,KR,סאמיאנג נודלס ראמן ע,גרמים,140.00,100 גרם,false,1,12.90,9.21,true,1,
75810001257,false,תמרי-רוטב סויה אורגני (ללא גלוטן) 296 גר,,,תמרי-רוטב סויה אורגנ,גרמים,269.00,100 גרם,false,1,34.90,12.97,true,1,
76808009330,false,עוגיות סנדוויץ' במילוי קרם אגוזי לוז וקקאו,,,עוגיות סנדוויץ אגוזי,גרמים,200.00,100 גרם,false,1,16.70,8.35,true,1,
76808009347,false,עוגיות בטעם חמאה 180 גרם,,,עוגיות בטעם חמאה 180,גרמים,180.00,100 גרם,false,1,16.70,9.28,true,1,
76808009354,false,עוגיות קקאו שוקולד חלב ומריר 200 גרם,,,עוגיות קקאו שוקולד ח,גרמים,180.00,100 גרם,false,1,16.70,9.28,true,1,
76840001774,false,"גלידה עוגיות חלב עם חתיכות פאדג בן וג'ירי 500 מ""ל",מוצרי איכות אמריקאים,IL,גלידת עוגיות חלב וחת,מיליליטרים,500.00,"100 מ""ל",false,1,25.90,5.18,true,1,
76840002542,false,"גלידת בן & ג'ריס פיינט נטפליקס וצ'ילד 500מ""ל",מוצרי איכות אמריקאים,IL,פיינט נטפליקס & צילד,גרמים,424.00,100 גרם,false,1,25.90,6.11,true,1,
76840036745,false,"בן אנד גריס גלידת שמנת מרשמלו 428 מ""ל",,US,בן אנד גריס גלידת,מיליליטרים,428.00,"100 מ""ל",false,1,25.90,6.05,true,1,
76840100156,false,"בן אנד גריס גלידת צרי גרסיה 500 מ""ל",מוצרי איכות אמריקאיי,US,גלידת צרי גרסיה בן,גרמים,441.00,100 גרם,false,1,25.90,5.87,true,1,
76840100583,false,"גלידת וניל עם בצק עוגיות בן וג'ירי 473 מ""ל",מוצרי איכות אמריקאיי,,בן אנד גריס וניל עם,גרמים,500.00,100 גרם,false,1,25.90,5.18,true,1,
76840400218,false,"גלידה בן&ג'ריס תות שדה ועוגת גבינה 500מ""ל",מוצרי איכות אמריקאיי,,בן אנד גריס עוגת גבי,מיליליטרים,473.00,"100 מ""ל",false,1,25.90,5.48,true,1,
76864100101,false,חרדל דבש 340 גרם,,US,חרדל דבש 340 גרם,גרמים,340.00,100 גרם,false,1,18.90,5.56,true,1,
77245110610,false,סוכריות מאסט ללא סוכר בטעם מנטה 80 ג'עלית,MIESZKO S.A - MS. JO,CO,"סוכריות מאסט לל""ס מנ",Unknown,80.00,Unknown,false,1,10.90,0.14,true,1,
77975034071,false,סניידרס חטיף בייגלה ניברלס 255.2 גרם,סיינדרס,US,ביסוני בייגלה ניבלרס,גרמים,255.00,100 גרם,false,1,17.70,6.94,true,1,
77975093085,false,"בייגלה מצופה כעכים בציפוי שוקולד חלב, 141 ג סניידרס",,,בייגלה סניידרס בציפו,גרמים,141.00,100 גרם,false,1,17.90,12.70,true,1,
77975093108,false,"בייגלה מצופה כעכים בציפוי בטעם שוקולד לבן, 141 ג סניידרס",,,בייגלה סניידרס בציפו,גרמים,141.00,100 גרם,false,1,17.90,12.70,true,1,
77975094624,false,"סניידרס סנדוויץ בייגלה במילוי חמאת בוטנים , 226 ג'",סניידרס,US,סניידרס שברי בייגלה,גרמים,270.00,100 גרם,false,1,17.70,6.56,true,1,
77975095157,false,סניידרס שברי בייגלה וחלפיניו 340 גרם,סניידרס,US,שברי בייגלה סניידרס,גרמים,318.00,100 גרם,false,1,17.70,5.57,true,1,
78548293062,false,מקלות אפויים עם שומשום 250 גר גונץ,,,מקלות אפויים עם שומש,גרמים,250.00,100 גרם,false,1,19.50,7.80,true,1,
79927102111,false,פרצל בייגלה אוריגינל 284 גר,יוניק פרצל בייקרי,US,פרצל בייגלה אוריגינל,גרמים,284.00,100 גרם,false,1,20.90,7.36,true,1,
82184090442,false,וויסקי גק דניאלס 1 ליטר,,,וויסקי גק דניאלס 1 ל,מיליליטרים,1000.00,"100 מ""ל",false,1,141.90,14.19,true,1,
84380957444,false,סאנט דלפור תות שדה 284 גרם,,,סאנט דלפור תות שדה 2,גרמים,284.00,100 גרם,false,1,22.90,8.06,true,1,
84380985713,false,סאנט דלפור פטל רימונים 284 גרם,,,סאנט דלפור פטל רימונ,גרמים,284.00,100 גרם,false,1,22.90,8.06,true,1,
84380985812,false,אנט דלפור פטל שחור 284 גרם,,,אנט דלפור פטל שחור 2,גרמים,284.00,100 גרם,false,1,22.90,8.06,true,1,
85696608037,false,טופו רך ללא גלוטן 340 גר,,,טופו רך ללא גלוטן 34,מיליליטרים,340.00,"100 מ""ל",false,1,14.60,4.29,true,1,
87000006928,false,"רום קפטן מורגן בלאק 750 מ""ל",DIAGEO,,רום קפטן מורגן בלאק,מיליליטרים,750.00,"100 מ""ל",false,1,109.90,14.65,true,1,
87666052888,false,"רוטב סריראצ`ה עם למון גראס 455 מ""ל",,,רוטב סריראצ`ה עם למו,מיליליטרים,455.00,"100 מ""ל",false,1,31.50,6.92,true,1,
89041081056,false,שמן צילי 180 מל,,,"שמן צילי 180 מ""ל",מיליליטרים,185.00,"100 מ""ל",false,1,14.20,7.68,true,1,
89832910466,false,יין שיין גוורצטרמינר 750 מל,,,יין שיין גוורצטרמינר,Unknown,0.00,Unknown,false,1,46.90,46.90,true,1,
90341123452,false,"וירגיל קרים סודה 355 מ""ל",,,וירגיל קרים סודה 35,מיליליטרים,355.00,"100 מ""ל",false,1,16.90,4.76,true,1,
90341232321,false,"וירגיל דובדובן קרים סודה 355 מ""ל",,,וירגיל דובדובן קרים,מיליליטרים,355.00,"100 מ""ל",false,1,16.90,4.76,true,1,
93133112863,false,רוטב מייקי דבש שום 566 גר,,,רוטב מייקי דבש שום,גרמים,566.00,100 גרם,false,1,45.50,8.04,true,1,
142486201806,false,"חטיף חלבון שוקולד מריר ללת""ס 4*50 גרם",,,חטיף חלבון שוקולד מר,גרמים,200.00,100 גרם,false,1,49.90,24.95,true,1,
308910525744,false,אטריות אורז דקות 454 גרם,Oriental food co. lt,TH,אטריות אורז דקות 454,גרמים,454.00,100 גרם,false,1,11.90,2.62,true,1,
608614307135,false,חסה סלנובה 160 גרם,חקלאי,IL,חסה סלנובה 160 גר,גרמים,160.00,100 גרם,false,1,14.90,9.31,true,1,
608614342631,false,פרסבורגר פרג,,,פרסבורגר פרג,Unknown,0.00,Unknown,false,1,39.90,39.90,true,1,
608614342648,false,שמרים גבינה דובדבן,,,שמרים גבינה דובדבן,Unknown,0.00,Unknown,false,1,39.90,39.90,true,1,
608614342662,false,קראנץ שוקולד,,,קראנץ שוקולד,Unknown,0.00,Unknown,false,1,39.90,39.90,true,1,
608614342716,false,שטרודל תפוחים,,,שטרודל תפוחים,Unknown,0.00,Unknown,false,1,39.90,39.90,true,1,
608614342754,false,עוגיות פרימיום,,,עוגיות פרימיום,Unknown,0.00,Unknown,false,1,37.90,37.90,true,1,
608614342761,false,כדורי שוקולד,,,כדורי שוקולד,Unknown,0.00,Unknown,false,1,37.90,37.90,true,1,
608614342808,false,בגט אוטנטיק,,,בגט אוטנטיק,Unknown,0.00,Unknown,false,1,8.90,8.90,true,1,
608614342815,false,מארז לחמניות,,,מארז לחמניות,Unknown,0.00,Unknown,false,1,16.90,16.90,true,1,
608614342860,false,לחם מיוחד שמרים,,,לחם מיוחד שמרים,Unknown,0.00,Unknown,false,1,19.90,19.90,true,1,
608614342921,false,חלת שמרים,,,חלת שמרים,Unknown,0.00,Unknown,false,1,15.90,15.90,true,1,
608614342990,false,חצי עוגת שמרים,,,חצי עוגת שמרים,Unknown,0.00,Unknown,false,1,24.90,24.90,true,1,
613008742409,false,בקבוק אריזונה אפרסק 1 ליטר,"נטורלה גטרנק בע""מ",DE,אריזונה אפרסק בקבוק,מיליליטרים,1000.00,"100 מ""ל",false,1,12.80,1.28,true,1,
613008753290,false,"בקבוק אריזונה אפרסק 450 מ""ל",נובה טרייד,BG,"אריזונה אפרסק 450 מ""",מיליליטרים,450.00,"100 מ""ל",false,1,7.90,1.76,true,1,
613008753320,false,"בקבוק אריזונה ג'ינג'ר ודבש 450 מ""ל",נובה טרייד,BG,אריזונה גינסנג ודבש,מיליליטרים,450.00,"100 מ""ל",false,1,7.90,1.76,true,1,
613008753351,false,"בקבוק אריזונה רימונים 450 מ""ל",נובה טרייד,BG,אריזונה רימונים 450,מיליליטרים,450.00,"100 מ""ל",false,1,7.90,1.76,true,1,
613008753382,false,"בקבוק אריזונה אוכמניות 450 מ""ל",נובה טרייד,BG,אריזונה אוכמניות 450,מיליליטרים,450.00,"100 מ""ל",false,1,7.90,1.76,true,1,
613008755461,false,בקבוק אריזונה אוכמניות 1 ליטר,"נטורלה גטרנק בע""מ",DE,אריזונה אוכמניות בקב,מיליליטרים,1000.00,"100 מ""ל",false,1,12.80,1.28,true,1,
621683921255,false,טינקיאדה ספירל פסטה ארוז ללא גלוטן 454,,,טינקיאדה ספירל פסטה,גרמים,454.00,100 גרם,false,1,27.50,6.06,true,1,
628154383659,false,דגני בוקר פרוטי פבלס 311 ג' POST,PO קוד יצרן,PL,דגנים בטעם פירות 311,גרמים,311.00,100 גרם,false,1,24.90,8.01,true,1,
633148100617,false,רוטב חריף צילי וליים טאגין 436 גר,טגין דל בגירו,MX,רוטב חריף צילי וליים,גרמים,436.00,100 גרם,false,1,23.90,5.48,true,1,
633824913432,false,"וודקה ואן גוך אסאי 750 מ""ל",מזקקת קוימאנס טילבור,NL,וודקה ואן גוך אסאי 7,מיליליטרים,750.00,"100 מ""ל",false,1,129.90,17.32,true,1,
637793000940,false,מאקייס מרמלדת תפוז לימון וגינגיר 340 גרם,,,מאקייס מרמלדת תפוז ל,גרמים,340.00,100 גרם,false,1,25.40,7.47,true,1,
637793002500,false,מאקייס מרמלדת תפוזים דנדי 340 גר,,,מאקייס מרמלדת תפוזים,גרמים,340.00,100 גרם,false,1,25.40,7.47,true,1,
638102532817,false,חטיף זון דארק דאבל שוקולד 45 גר,"אבוט נוטרישן, מעבדות",US,חטיף זון דארק דאבל ש,גרמים,45.00,100 גרם,false,1,13.90,30.89,true,1,
638102582737,false,חטיף זון קלסיק רול קינמון 50 גר,"אבוט נוטרישן, מעבדות",US,חטיף זון קלסיק רול ק,גרמים,50.00,100 גרם,false,1,13.90,27.80,true,1,
639138513238,false,פילה הרינג מעושן 200 גר (16),רוג'ין פיש,,פילה הרינג מעושן 190,גרמים,200.00,100 גרם,false,1,12.90,6.45,true,1,
643540760043,false,מברשת שיניים מהבהבת דינו ילדים סופט,,TR,מברשת שיניים סט דיסנ,Unknown,0.00,Unknown,false,1,17.90,17.90,true,1,
644209311316,false,דנקן היינס תערובת בראוניס צ'ואי פאדג' 520 גרם,,,תערובת להכנת בראוניס,גרמים,565.00,100 גרם,false,1,25.90,4.58,true,1,
644209405923,false,דנקן היינס ציפוי וניל לעוגה 397 גרם,רוזקםבייקינג קומפני,US,דנקן היינס ציפוי וני,גרמים,397.00,100 גרם,false,1,25.10,6.32,true,1,
645173911038,false,מלפפון קורנישון מיני בצנצנת 720ג',קלמן אינדיה,,קורנישון מיני בצנצנת,גרמים,720.00,100 גרם,false,1,11.50,1.60,true,1,
649660013281,false,"היל ויו מיץ שזיפים 946 מ""ל",,,היל ויו מיץ שזיפים 9,מיליליטרים,946.00,"100 מ""ל",false,1,25.90,2.74,true,1,
649660432020,false,היל ויו שזיפים מיובשים מגולענים 567 גרם,"היל ויו בע""מ",,היל ויו שזיפים מיובש,גרמים,567.00,100 גרם,false,1,31.90,5.63,true,1,
649870165695,false,חטיף נייטיב לכלב מקל,לנגי,CN,חטיף נייטיב לכלב מקל,Unknown,1.00,Unknown,false,1,15.90,15.90,true,1,
649870165718,false,חטיף נייטיב לכלב עיג,לנגי,CN,חטיף נייטיב לכלב עיג,Unknown,1.00,Unknown,false,1,15.90,15.90,true,1,
649870165725,false,חטיף נייטיב לכלב משק,לנגי,CN,חטיף נייטיב לכלב משק,Unknown,1.00,Unknown,false,1,15.90,15.90,true,1,
655553698777,false,שרשרת דגלים יום הולד,,,שרשרת דגלים יום הולד,Unknown,0.00,Unknown,false,1,9.90,9.90,true,1,
693493010818,false,"נאצוס - חטיף טורטיה ע""ב תירס בטע 200 גר",או. קיי סניקס,DK,נאצוס חטיף טורטיה,גרמים,200.00,100 גרם,false,1,13.90,6.95,true,1,
693493095501,false,מעמול תמרים,,,מעמול תמרים,Unknown,0.00,Unknown,false,1,37.90,37.90,true,1,
693493095532,false,עוגיות אלפחורס ממולא,,,עוגיות אלפחורס ממולא,Unknown,0.00,Unknown,false,1,37.90,37.90,true,1,
693493095655,false,קוקיס שוקולד,,,קוקיס שוקולד,Unknown,0.00,Unknown,false,1,37.90,37.90,true,1,
693493095877,false,קראנץ שוקולד נוגטלה,,,קראנץ שוקולד נוגטלה,Unknown,0.00,Unknown,false,1,43.90,43.90,true,1,
693493095914,false,מארז שנק וניל,,,מארז שנק וניל,Unknown,0.00,Unknown,false,1,26.90,26.90,true,1,
707595100206,false,מלפפונים חמוצים 355 גרם,NESTOS,GR,מלפפונים חמוצים 355,גרמים,355.00,100 גרם,false,1,15.60,4.39,true,1,
711464506693,false,אלפז רוטב עגבניות משמש וכוסברה 450 גרם,,GB,אלפז רוטב עגבניות מש,גרמים,450.00,100 גרם,false,1,12.90,2.87,true,1,
722252601414,false,קליף בילדרס בר חטיף חלבון שוקולד חמאת בו,,,קליף בילדרס בר חטיף,גרמים,68.00,100 גרם,false,1,16.90,24.85,true,1,
728229123590,false,טרה צ'יפס ירקות אורגינל 110 גרם,הונדורס צ'יפס יצור א,HN,חטיף ציפס טרה אורגי,גרמים,110.00,100 גרם,false,1,15.90,14.45,true,1,
728229123613,false,"טרה צ'יפס תפו""א כחול 110 גרם",היין סלסטיאל גרופ,US,ציפס 110 גרם טרה כחו,גרמים,110.00,100 גרם,false,1,15.90,14.45,true,1,
728229123811,false,טרה צ'יפס ירקות ים-תיכוני 110 גרם,הונדורס צ'יפס יצור א,HN,ציפס 110 גרם טרה בטט,גרמים,110.00,100 גרם,false,1,15.90,14.45,true,1,
728229124764,false,חטיף ציפס בטטה עם מלח ים 110 גרם,היין פיוצ'ור נטורל פ,US,חטיף ציפס בטטה עם מל,גרמים,110.00,100 גרם,false,1,15.90,14.45,true,1,
728229130154,false,חטיף ציפס מבטטה וסלק 110 גרם,הונדורס צ'יפס יצור א,HN,חטיף ציפס מבטטה וסלק,גרמים,110.00,100 גרם,false,1,15.90,14.45,true,1,
728229130444,false,טרה צ'יפס ירקות אקזוטים פסים וכחולים,היין סלסטיאל גרופ,US,חטיף ציפס מירקות כחו,גרמים,110.00,100 גרם,false,1,15.90,14.45,true,1,
729001515336,false,טונה בהירה בשמן 140 גרם,,,טונה בהירה בשמן 140,Unknown,0.00,Unknown,false,1,6.70,6.70,true,1,
731559148515,false,משקפי קרנבל ומסיבות,,,משקפי קרנבל ומסיבות,Unknown,0.00,Unknown,false,1,9.00,9.00,true,1,
731559148775,false,כובע חג מולד,,,כובע חג מולד,Unknown,0.00,Unknown,false,1,10.00,10.00,true,1,
731559148782,false,כובע חג מולד פייטים,,,כובע חג מולד פייטים,Unknown,0.00,Unknown,false,1,16.00,16.00,true,1,
731559148799,false,כובע חג מולד,,,כובע חג מולד,Unknown,0.00,Unknown,false,1,12.00,12.00,true,1,
731559149161,false,חוט כסף נוצצים צבעוני,,,חוט כסף נוצצים צבעונ,Unknown,0.00,Unknown,false,1,10.00,10.00,true,1,
731559149185,false,חוט כסף נוצצים צבעוני,,,חוט כסף נוצצים צבעונ,Unknown,0.00,Unknown,false,1,8.00,8.00,true,1,
731559150044,false,פסלון ארנב קרמי,,,פסלון ארנב קרמי,Unknown,0.00,Unknown,false,1,49.00,49.00,true,1,
731559150075,false,פסל עציץ חגיגי,,,פסל עציץ חגיגי,Unknown,0.00,Unknown,false,1,29.00,29.00,true,1,
731559150488,false,ספל זוג ארנבים,,,ספל זוג ארנבים,Unknown,0.00,Unknown,false,1,19.00,19.00,true,1,
731559150525,false,ספל עם ציור סנטה,,,ספל עם ציור סנטה,Unknown,0.00,Unknown,false,1,25.00,25.00,true,1,
731559150570,false,סט כדורי פלסטיק 6 יחידות,,,סט כדורי פלסטיק 6 יח,Unknown,0.00,Unknown,false,1,29.00,29.00,true,1,
731559150587,false,סט כדורי פלסטיק 3 יחידות,,,סט כדורי פלסטיק 3 יח,Unknown,0.00,Unknown,false,1,19.00,19.00,true,1,
731559150600,false,סט כדורים 12 יחידות,,,סט כדורים 12 יחידות,Unknown,0.00,Unknown,false,1,30.00,30.00,true,1,
731559150617,false,סט כדורי פלסטיק 16 יחידות,,,סט כדורי פלסטיק 16 י,Unknown,0.00,Unknown,false,1,69.00,69.00,true,1,
731559150624,false,סט כדורי פלסטיק 6 יחידות כחול,,,סט כדורי פלסטיק 6 יח,Unknown,0.00,Unknown,false,1,25.00,25.00,true,1,
731559150655,false,סט כדורי פלסטיק 6 יחידות,,,סט כדורי פלסטיק 6 יח,Unknown,0.00,Unknown,false,1,30.00,30.00,true,1,
731559150662,false,סט כדורי פלסטיק 9 יחידות,,,סט כדורי פלסטיק 9 י,Unknown,0.00,Unknown,false,1,39.00,39.00,true,1,
732494000500,false,קרטורס פופקורן קרמל 227 גרם,איגל פודס ווקיגאן מפ,US,קרטורס פופקורן קרמל,גרמים,227.00,100 גרם,false,1,31.50,13.88,true,1,
732494000524,false,קרטורס פופקורן שיקגו קרמל 213 גרם,איגל פודס ווקיגאן מפ,US,קרטורס פופקורן שיקגו,גרמים,213.00,100 גרם,false,1,31.50,14.79,true,1,
753656712024,false,סינק חטיף חלבון בטעם לימון 60 גרם,,US,סינק חטיף חלבון בטעם,גרמים,60.00,100 גרם,false,1,16.90,28.17,true,1,
761720051108,false,"קארו סירופ תירס בהיר 470 מ""ל",קארו,,קארו סירופ תירס בהיר,מיליליטרים,470.00,"100 מ""ל",false,1,35.60,7.57,true,1,
761720988183,false,ארגו אבקת אפיה ללא אלומיניאום 340 גר,,,ארגו אבקת אפיה ללא א,גרמים,340.00,100 גרם,false,1,24.90,7.32,true,1,
768404001640,false,"גלידה בן&ג'ריס קפה משפחתית 500מ""ל",מוצרי איכות אמריקאיי,,בן אנד גריס בטעם קפה,מיליליטרים,500.00,"100 מ""ל",false,1,25.90,5.18,true,1,
788434108812,false,ONE חטיף חלבון שוקולד ציפס 60 גרם,,US,ONE חטיף חלבון שוקול,גרמים,60.00,100 גרם,false,1,17.90,29.83,true,1,
815216016673,false,עוגיה קלאסיק קוקיז ס,,US,עוגיה קלאסיק קוקיז ס,Unknown,1.00,Unknown,false,1,6.90,6.90,true,1,
818570007066,false,1X12X29Mווטקינס וניל טהור,"ג'יי אר ווטקינס בע""מ",US,וטקינס וניל טהור 29,מיליליטרים,29.00,"100 מ""ל",false,1,32.80,113.10,true,1,
819046001274,false,אינקה ציפס ירקות שורש טרופיים 142 גר,,,אינקה ציפס ירקות שור,גרמים,142.00,100 גרם,false,1,19.90,14.01,true,1,
839762000641,false,משקה איילנד מנגו נקטר 1 ל',"פאראגאלה,דה אג'יפשן",EG,משקה איילנד מנגו 1 ל,מיליליטרים,1000.00,"100 מ""ל",false,1,15.90,1.59,true,1,
839762000658,false,משקה נקטר איילנד גויאבה 1 ל',The Egyptian Co. for,EG,משקה איילנד גויאבה 1,מיליליטרים,1000.00,"100 מ""ל",false,1,15.90,1.59,true,1,
851621000043,false,"בירה 1664 Blanc בקבוק 330 מ""ל",,,בירה 1664 Blanc בקבו,מיליליטרים,330.00,"100 מ""ל",false,1,10.50,3.18,true,1,
851621000050,false,"שישיית בירה 1664 Blanc בקבוק 330 מ""ל",קרלסברג ספליי קומפאנ,PL,שישיית בירה 1664 Bla,מיליליטרים,1980.00,"100 מ""ל",false,1,44.90,2.27,true,1,
853152006051,false,חטיף חלבון בציפוי קוקוס 70 גרם,,US,חטיף חלבון בציפוי קו,גרמים,70.00,100 גרם,false,1,17.90,25.57,true,1,
853152100414,false,חטיף חלבון בטעם בצק עוגיות 70 גרם,פרובאר,US,חטיף חלבון בטעם בצק,גרמים,70.00,100 גרם,false,1,17.90,25.57,true,1,
855958006570,false,צורו עוף 56 גרם,,,צורו עוף 56 גרם,גרמים,15.00,100 גרם,false,1,15.90,106.00,true,1,
856591000055,false,עבאדי עוגיות מזרחיות קריספי 400 גרם,,IL,עבאדי עוגיות מזרחיות,גרמים,400.00,100 גרם,false,1,19.70,4.93,true,1,
856591000512,false,עבאדי עוגיות מזרחיות מקלות לניגוב 400 גר,מאפיית יוסף ושמחה עב,IL,עבאדי עוגיות מזרחיות,גרמים,400.00,100 גרם,false,1,19.70,4.93,true,1,
884912002372,false,דגני בוקר גרייט גריינס פוסט453 גרם,post consumer brands,US,דגני סלקט קרנברי 369,גרמים,369.00,100 גרם,false,1,26.90,7.29,true,1,
884912111715,false,דגני פוסט האני קומב 354 גר,,US,דגני פוסט האני קומב,גרמים,354.00,100 גרם,false,1,23.70,6.69,true,1,
884912126115,false,דגני סלקט גרייט גריינס 454 גרם פוסט,הנסיך- מפעל לייצור ט,US,דגני סלקט גרייט גרי,גרמים,454.00,100 גרם,false,1,26.90,5.93,true,1,
884912180629,false,דגנים שרדד וויט 464 גרם,,,דגנים שרדד וויט 464,גרמים,464.00,100 גרם,false,1,34.90,7.52,true,1,
884912342737,false,דגני בוקר פוסט וופל קריספ 326 גר',הנסיך- מפעל לייצור ט,US,דגני פוסט וואפל קריס,גרמים,326.00,100 גרם,false,1,23.70,7.27,true,1,
884912359155,false,דגני בוקר האני באנצס רוסטד 340 ג' POST,post consumer brands,US,האני באנצס רוסטד 340,גרמים,340.00,100 גרם,false,1,24.90,7.32,true,1,
884912359162,false,דגני בוקר האני באנצס שקדים 340 ג' POST,post consumer brands,US,האני באנצס עם שקדים,גרמים,340.00,100 גרם,false,1,24.90,7.32,true,1,
884912359421,false,דגני בוקר האני באנצס פקאן ומייפל 340 ג' POST,post consumer brands,US,האני באנצס רוסטד 340,גרמים,340.00,100 גרם,false,1,24.90,7.32,true,1,
884912365217,false,דגני בוקר אוראו הדור הבא 311 גר,פוסט,US,דגני בוקר אוראו הדור,גרמים,311.00,100 גרם,false,1,23.90,7.68,true,1,
884912377142,false,דגני בוקר האני באנצס וניל 340 ג' POST,,US,האני באנצס בטעם וניל,גרמים,340.00,100 גרם,false,1,24.90,7.32,true,1,
897076002010,false,"בולדוג גין 700 מ""ל",,,"בולדוג גין 700 מ""ל",מיליליטרים,700.00,"100 מ""ל",false,1,109.90,15.70,true,1,
898193001252,false,חליטת קמומיל 28 גרם בונומלי,דולפין ספא,IT,חליטת קמומיל 28 גרם,Unknown,0.00,Unknown,false,1,16.90,16.90,true,1,
2235365044954,false,פרמזאנו רגאנו איטלקי במשקל,,,פרמזאנו רגאנו איטלקי,Unknown,0.00,"ק""ג",true,0,184.00,184.00,true,1,
3014260022730,false,מב.שיניים אדוונטג 40 מדיום אורל בי זוג,,,מב.שיניים אדוונטג 40,Unknown,0.00,Unknown,false,1,29.50,29.50,true,1,
3014260289287,false,סכין גילוח גילט בלו 2 לנשים-חמישייה,פרוקטר אנד גמבל,RU,סכין גילוח גילט בלו,Unknown,0.00,Unknown,false,1,18.90,18.90,true,1,
3028130076457,false,"קוניאק VSOP קמוס 700 מ""ל",,,קוניאק VSOP קמוס 700,מיליליטרים,700.00,"100 מ""ל",false,1,209.90,29.99,true,1,
3045206360609,false,"דזיטול נוזל מחטא בגדים בכביסה, 1 ליטר",,,דזיטול נוזל מחטא בגד,יחידה,1.00,יחידה,false,1,25.90,25.90,true,1,
3046920010801,false,לינדט שוקולד אקסלנס הזלנט 100 גר,לינדט ושפרונגלי אס.א,FR,לינדט שוקולד אקסלנס,גרמים,100.00,100 גרם,false,1,16.90,16.90,true,1,
3046920010856,false,לינדט שוקולד אקסלנס לימון גינגיר 100 גר,,CH,לינדט שוקולד אקסלנס,גרמים,100.00,100 גרם,false,1,16.90,16.90,true,1,
3046920016377,false,לינדט שוקולד אקסלנס מריר 100% קקאו 50 גר,לינדט ושפרונגלי,DE,לינדט שוקולד אקסלנס,גרמים,50.00,100 גרם,false,1,16.90,33.80,true,1,
3046920027281,false,לינדט אקס קרמל סולט 100 גרם,לינדט ושפרונגלי,FR,לינדט אקס קרמל סולט,גרמים,100.00,100 גרם,false,1,16.90,16.90,true,1,
3046920028004,false,לינדט שוקולד אקסלנס מריר 70% 100 גר,לינדט ושפרונגלי,FR,לינדט שוקולד אקסלנס,גרמים,100.00,100 גרם,false,1,16.90,16.90,true,1,
3046920028363,false,לינדט אקסלנס 85% 100 גרם,לינדט ושפרונגלי,FR,לינדט אקסלנס 85% 100,גרמים,100.00,100 גרם,false,1,16.90,16.90,true,1,
3046920028721,false,לינדט אקסלנס 99% 50 גרם,לינדט ושפרונגלי,FR,לינדט אקסלנס 99%,גרמים,50.00,100 גרם,false,1,16.90,33.80,true,1,
3046920029674,false,לינדט אקס' סולט 100 גרם,לינדט ושפרונגלי,DE,לינדט אקס סולט 100 ג,גרמים,100.00,100 גרם,false,1,16.90,16.90,true,1,
3046920029681,false,לינדט שוקולד אקסלנס מילד 85% קקאו 100 גר,,DE,לינדט שוקולד אקסלנס,גרמים,100.00,100 גרם,false,1,16.90,16.90,true,1,
3046920029759,false,לינדט אקסלנס 90% 100גרם,לינדט ושפרונגלי ג'י.,DE,"לינדט אקס 90%, 100 ג",גרמים,100.00,100 גרם,false,1,16.90,16.90,true,1,
3068320055008,false,מים מינרלים אוויאן 500 מל,קריניציה ויטמינה אס,FR,מים מינרלים אוויאן 5,מיליליטרים,500.00,"100 מ""ל",false,1,7.90,1.58,true,1,
3068320063003,false,מים מינרלים אוויאן 330 מל,קריניציה ויטמינה אס,FR,מים מינרלים אוויאן,מיליליטרים,330.00,"100 מ""ל",false,1,6.50,1.97,true,1,
3068320103631,false,מים מינרלים אוויאן 330 מל זכוכית,,,מים מינרלים אוויאן,מיליליטרים,330.00,"100 מ""ל",false,1,7.90,2.39,true,1,
3073780574310,false,גבינה לה וואש קירי 24 400 גר,,,גבינה לה וואש קירי,גרמים,400.00,100 גרם,false,1,45.50,11.38,true,1,
3073781162790,false,גבינת בייבי בל אדום,מחלבות בל,FR,בייבי בל אדם 120 גר,גרמים,120.00,100 גרם,false,1,21.90,18.25,true,1,
3161911229199,false,חמאה רכה אלוויר 250 גרם,אלל אה וויר,FR,אלוויר חמאה רכה 250,גרמים,250.00,100 גרם,false,1,23.90,9.56,true,1,
3161911366429,false,חמאה רכה מלוחה אלוויר 250 גרם,ארזינא,FR,אלוויר חמאה רכה מלוח,גרמים,250.00,100 גרם,false,1,23.90,9.56,true,1,
3175460000017,false,גבינת בורסאן שום ועשבי תיבול 150 גר,השחר,FR,גבינת בורסאן שום 150,גרמים,150.00,100 גרם,false,1,24.90,16.60,true,1,
3175460000062,false,גבינת בורסאן פלפל שחור 150 גרם,השחר,FR,גבינת בורסאן פלפל שח,גרמים,150.00,100 גרם,false,1,24.90,16.60,true,1,
3175460000864,false,גבינת בורסאן טבעי 150 גר,"בל,",FR,גבינת בורסאן טבעי 15,גרמים,150.00,100 גרם,false,1,24.90,16.60,true,1,
3175460030083,false,גבינת בורסאן בצל ועירית 150 גר,השחר,FR,גבינת בורסאן בצל ועי,גרמים,150.00,100 גרם,false,1,24.90,16.60,true,1,
3178530402353,false,מיני מדליינס סאן מישל 175 גרם,סאן מישל,FR,מיני מדליינס סאן מיש,גרמים,175.00,100 גרם,false,1,12.90,7.37,true,1,
3178530407938,false,עוגיות מיני מדלן שוקולד 175 גרם,סאן מישל,FR,מיני מדליין 175 גר,גרמים,175.00,100 גרם,false,1,14.90,8.51,true,1,
3178530411478,false,ביסקוויט סאן מישל גדול 150 גר,,,ביסקוויט סאן מישל גד,גרמים,150.00,100 גרם,false,1,13.90,9.27,true,1,
3178530412703,false,דונאט עם שוקולד 180 גרם,סאן מישל,FR,דונאט עם שוקולד 180,גרמים,180.00,100 גרם,false,1,15.90,8.83,true,1,
3178530417357,false,בראוניז שוקולד לבן סאן מישל 210 גרם,סן מישל,FR,בראוניז שוקולד לבן ס,גרמים,210.00,100 גרם,false,1,19.90,9.48,true,1,
3179730011017,false,"מים מינרלים פירייה 750 מ""ל זכוכית",,,מים מינרלים פירייה 7,מיליליטרים,750.00,"100 מ""ל",false,1,12.90,1.72,true,1,
3211200008049,false,"יין לאודלה רוזה 750 מ""ל",,FR,יין לאודלה רוזה 750,מיליליטרים,750.00,"100 מ""ל",false,1,49.90,6.65,true,1,
3211200108756,false,"יין מיזון קסטל מרלו רוזה 750 מ""ל",,,יין מיזון קסטל מרלו,Unknown,0.00,Unknown,false,1,48.90,48.90,true,1,
3211201046460,false,"מיזון קסטל מרלו 750 מ""ל",,,מיזון קסטל מרלו 750,Unknown,0.00,Unknown,false,1,48.90,48.90,true,1,
3211201046521,false,מיזון קסטל סוביניון בלאן 750 מל,,,מיזון קסטל סוביניון,Unknown,0.00,Unknown,false,1,48.90,48.90,true,1,
3211203429315,false,ברון דה לסטאק בלאן בורדו 750 מל,,,ברון דה לסטאק בלאן,Unknown,0.00,Unknown,false,1,65.90,65.90,true,1,
3211203433220,false,ברון דה לסטאק בורדו 750 מל,,,ברון דה לסטאק בורדו,Unknown,0.00,Unknown,false,1,65.90,65.90,true,1,
3211203444066,false,מיזון קסטל גרנד רזרב שרדונה 750 מל,,,מיזון קסטל גרנד רזרב,Unknown,0.00,Unknown,false,1,52.90,52.90,true,1,
3211203444103,false,מיזון קסטל גרנד רזרב ק. סוביניון 750 מ,,,מיזון קסטל גרנד רזרב,Unknown,0.00,Unknown,false,1,52.90,52.90,true,1,
3211203444141,false,מיזון קסטל גרנד רזרב סירה 750 מל,,,מיזון קסטל גרנד רזרב,Unknown,0.00,Unknown,false,1,52.90,52.90,true,1,
3211203448347,false,שאטו דו לורט בורדו 750 מל,,,שאטו דו לורט בורדו,Unknown,0.00,Unknown,false,1,67.90,67.90,true,1,
3211209117902,false,"יין מיזון קסטל מוסקט לבן חצי 750 מ""ל",,,יין מיזון קסטל מוסק,Unknown,0.00,Unknown,false,1,48.90,48.90,true,1,
3211209117964,false,"מיזון קסטל קוט דה פרובנס רוזה 750 מ""ל",,,מיזון קסטל קוט דה פר,Unknown,0.00,Unknown,false,1,67.90,67.90,true,1,
3211209133544,false,"יין שאטו גואלן 750 מ""ל",,FR,יין שאטו גואלן 750 מ,מיליליטרים,750.00,"100 מ""ל",false,1,73.90,9.85,true,1,
3211209133698,false,שאטו טור פרינאק קרו ברזואה מדוק 750 מל,,,שאטו טור פרינאק,Unknown,0.00,Unknown,false,1,88.90,88.90,true,1,
3211209149897,false,יין ברון דה לסטאק רוזה בורדו 750 מל,,,יין ברון דה לסטאק רו,Unknown,0.00,Unknown,false,1,65.90,65.90,true,1,
3211209194507,false,מיזון קסטל שרדונה 750 מל,,,מיזון קסטל שרדונה 75,Unknown,0.00,Unknown,false,1,48.90,48.90,true,1,
3211209265900,false,"יין פמלי קסטל ברוט מבעבע 750 מ""ל",,,יין מיזון קסטל ברוט,Unknown,0.00,Unknown,false,1,65.90,65.90,true,1,
3211209267126,false,מיזון קסטל גוורצטרמינר 750 מל,,,מיזון קסטל גוורצטרמי,Unknown,0.00,Unknown,false,1,48.90,48.90,true,1,
3211209282167,false,"מיזון קסטל ברוט רוזה מבעבע 750 מ""ל",,,מיזון קסטל ברוט רוזה,Unknown,0.00,Unknown,false,1,65.90,65.90,true,1,
3211209968009,false,יין קמברה מרלו 1 ליטר,קמברה,,יין קמברה מרלו 1 לי,Unknown,0.00,Unknown,false,1,39.90,39.90,true,1,
3211209968832,false,"יין מיזון קסטל ויוניה 750 מ""ל",,,יין מיזון קסטל ויוני,Unknown,0.00,Unknown,false,1,48.90,48.90,true,1,
3211209973379,false,"יין לאודלה מרסאן רוסיאן 750 מ""ל",,FR,יין לאודלה מרסאן רוס,מיליליטרים,750.00,"100 מ""ל",false,1,49.90,6.65,true,1,
3211209990826,false,"יין לאודלה שרדונה 750 מ""ל",,FR,יין לאודלה שרדונה 75,מיליליטרים,750.00,"100 מ""ל",false,1,49.90,6.65,true,1,
3211209999553,false,"יין לאודלה קברנה סוביניון 750 מ""ל",,FR,יין לאודלה קברנה סוב,מיליליטרים,750.00,"100 מ""ל",false,1,49.90,6.65,true,1,
3211209999584,false,"יין לאודלה מרלו 750 מ""ל",,FR,יין לאודלה מרלו 750,מיליליטרים,750.00,"100 מ""ל",false,1,49.90,6.65,true,1,
3245990969419,false,"קוניאק הנסי 700 מ""ל V.S.O.P",,,"קוניאק הנסי 700 מ""ל",מיליליטרים,700.00,"100 מ""ל",false,1,272.90,38.99,true,1,
3245995960015,false,הנסי 700 V.S באריזת מתנה,,,הנסי 700 V.S באריזת,מיליליטרים,700.00,"100 מ""ל",false,1,157.90,22.56,true,1,
3256760106392,false,חמאה צרפתית 100 גר פלשארד,,FR,חמאה צרפתית 100 גר,גרמים,100.00,100 גרם,false,1,6.50,6.50,true,1,
3256760106408,false,פלשארד בסגנון פטה 500 גר,,,פלשארד בסגנון פטה 50,גרמים,500.00,100 גרם,false,1,13.50,2.70,true,1,
3256761201003,false,פלשארד בסגנון פטה מעודנת 500 גר קרטונית,,,פלשארד בסגנון פטה מע,גרמים,500.00,100 גרם,false,1,13.50,2.70,true,1,
3257150100204,false,"קוניאק צרפתי מיוקוב 700 מ""ל V.S",,,קוניאק צרפתי מיוקוב,מיליליטרים,700.00,"100 מ""ל",false,1,157.90,22.56,true,1,
3257150101119,false,"מארז קוניאק מיוקוב 5 כוכבים 700 מ""ל",,,מארז קוניאק מיוקוב 5,מיליליטרים,700.00,"100 מ""ל",false,1,178.90,25.56,true,1,
3271470759935,false,"סיידר אותנטיק יבש 750 מ""ל",,,סיידר אותנטיק יבש,מיליליטרים,750.00,"100 מ""ל",false,1,23.90,3.19,true,1,
3274551885561,false,פיליפ דרסלר אלזס גוורצטרמינר 750 מל,,,פיליפ גוורצטרמינר,Unknown,0.00,Unknown,false,1,73.90,73.90,true,1,
3275240312115,false,קממבר צרפתי קופסא 250 גרם,,,קממבר צרפתי קופסא 25,גרמים,250.00,100 גרם,false,1,25.90,10.36,true,1,
3275240312319,false,קממבר צרפתי נייר 240 גרם,,,קממבר צרפתי נייר 240,גרמים,240.00,100 גרם,false,1,24.90,10.38,true,1,
3276210001114,false,"יין דומיין לה פרייר סאנסר 750 מ""ל",,FR,יין דומיין לה פרייר,מיליליטרים,750.00,"100 מ""ל",false,1,109.90,14.65,true,1,
3276210810105,false,יין לה פטיט פרייר סוביניון בלאן 750 מל,,,יין לה פטיט פרייר סו,Unknown,0.00,Unknown,false,1,52.90,52.90,true,1,
3276210811102,false,יין אדום יבש פינו נואר 750 מל,,,יין לה פטיט פרייר יב,Unknown,0.00,Unknown,false,1,52.90,52.90,true,1,
3276210812109,false,יין לה פטיט פרייר פינו נואר רוזה 750 מל,,,יין לה פטיט פרייר פי,Unknown,0.00,Unknown,false,1,52.90,52.90,true,1,
3335121604934,false,חרדל דיגון 370 גרם (חלק),,,חרדל דיגון 370 גרם (,גרמים,370.00,100 גרם,false,1,11.90,3.22,true,1,
3387390525960,false,קראנץ' דגנים פריכים עם שוקולד 500 גרם,הנסיך- מפעל לייצור ט,FR,דגני בוקר קראנץ 500,גרמים,500.00,100 גרם,false,1,24.90,4.98,true,1,
3387390730852,false,דגנים מחיטה מלאה 375 ג' פיטנס,האחים פלם הגפן,FR,דגני בוקר פיטנס 375,גרמים,375.00,100 גרם,false,1,22.90,6.11,true,1,
3412290023640,false,אמנטל צרפתי ארוז 250 גר,,,אמנטל צרפתי ארוז 250,גרמים,250.00,100 גרם,false,1,29.30,11.72,true,1,
3412290055610,false,ברי צרפתי Laita 200 גרם,,FR,ברי צרפתי 200 גרם,גרמים,200.00,100 גרם,false,1,27.90,13.95,true,1,
3415581187113,false,האגן דאז קרמל בראוניס,האגן דאז,FR,האגן דאז קרמל בראוני,מיליליטרים,500.00,"100 מ""ל",false,1,26.90,5.38,true,1,
3445850070778,false,"מלח ים אטלנטי טבעי אורגני 1 ק""ג",,,מלח ים אטלנטי טבעי א,גרמים,1000.00,100 גרם,false,1,27.80,2.78,true,1,
3451271002809,false,"יין אלן זופרואה שאבלי 750 מ""ל",,,אלן זופרואה שאבלי,Unknown,0.00,Unknown,false,1,109.90,109.90,true,1,
3523230025638,false,מיני בושה עיזים טבעי 125 גר,אוריאל,FR,גבינה מיני בושה עיזי,גרמים,125.00,100 גרם,false,1,25.90,20.72,true,1,
3523230025652,false,מיני בושה עם שום ועשי תיבול 125 גר,,,גבינה מיני בושה,גרמים,125.00,100 גרם,false,1,25.90,20.72,true,1,
3523230026888,false,גב עיזים למריחה שום ועשבי תיבול פירמידה,אוריאל,FR,גב עיזים למריחה שום,גרמים,140.00,100 גרם,false,1,25.90,18.50,true,1,
3574661444710,false,סוכריות ליסטרין,,DK,סוכריות ליסטרין,גרמים,13.00,100 גרם,false,1,16.90,130.00,true,1,
3574661552576,false,קרפרי מגן תחתון רגיל טנגה לבן 56 יח חדש,הדקלאים אגודת שיתופי,IT,מגן תחתון קרפרי רגיל,Unknown,0.00,Unknown,false,1,26.50,26.50,true,1,
3600541253667,false,"גרנייה - דאודורנט ספריי לאישה אינביזיבל BWC (ורוד) 150 מ""ל",,,גרנייה דאו ספריי אינ,מיליליטרים,150.00,"100 מ""ל",false,1,16.90,11.27,true,1,
3608580077343,false,קרמל מלוח 220 גר,,,קרמל מלוח 220 גר,גרמים,220.00,100 גרם,false,1,23.90,10.86,true,1,
3608580730231,false,קונפיטורה בון ממאן תות שדה 370 גר',אף.סי תבליני בגליל ב,FR,קונפיטורה בטעם תות 3,גרמים,370.00,100 גרם,false,1,21.90,5.92,true,1,
3608580730248,false,קונפיטורה דובדובן 370 ג' בוני מאמן,,,קונפיטורה בטעם דובדב,גרמים,370.00,100 גרם,false,1,21.90,5.92,true,1,
3608580730279,false,קונפיטורת מרמלדה תפוזים 370 גרם,,,מרמלדת תפוזים 370 גר,גרמים,370.00,100 גרם,false,1,21.90,5.92,true,1,
3608580730286,false,קונפיטורה בון ממאן ארבע עונות 370 גר',אנדרוס,FR,קונפיטורה ארבע פירות,גרמים,370.00,100 גרם,false,1,21.90,5.92,true,1,
3608580730323,false,קונפיטורה בטעם פטל 370 גר BONNE MAMAN,,,קונפיטורה בטעם פטל 3,גרמים,370.00,100 גרם,false,1,21.90,5.92,true,1,
3760009241114,false,אלן גום קוט דה רון גראן וניור לבן 750 מ,,FR,אלן גום קוט דה רון ג,מיליליטרים,750.00,"100 מ""ל",false,1,67.90,9.05,true,1,
3760046790149,false,"יין סאנסר דומיין פארגט כשר לפסח 750 מ""ל",,FR,יין סאנסר דומיין פאר,Unknown,0.00,Unknown,false,1,115.90,115.90,true,1,
3770000016796,false,"יין שבלי דומיין דה שאטיון כשל""פ 750 מ""ל",דומיין דה לה,FR,יין שבלי דומיין דה ש,Unknown,0.00,Unknown,false,1,94.90,94.90,true,1,
3800023801366,false,GUSTO רולדה קקאו 175,,BG,GUSTO רולדה קקאו 175,Unknown,0.00,Unknown,false,1,8.90,8.90,true,1,
3800023801564,false,GUSTO רולדה וניל ופי,,BG,GUSTO רולדה וניל ופי,Unknown,0.00,Unknown,false,1,6.90,6.90,true,1,
3800023807047,false,GUSTO רולדה וניל ותו,,BG,GUSTO רולדה וניל ותו,Unknown,0.00,Unknown,false,1,6.90,6.90,true,1,
3800023807054,false,GUSTO רולדה וניל ודו,,BG,GUSTO רולדה וניל ודו,Unknown,0.00,Unknown,false,1,6.90,6.90,true,1,
3800061605452,false,עוגיות פרסטיז במילוי בטעם תות בר 155 גר,,,עוגיות פרסטיז במילוי,גרמים,155.00,100 גרם,false,0,9.50,6.13,true,1,
3800061605650,false,עוגיות פרסטיז מצופות בטעם תות שדה 200 גר,,,עוגיות פרסטיז מצופות,גרמים,200.00,100 גרם,false,0,9.50,4.75,true,1,
3800061605667,false,עוגיות פרסטיז מצופות בטעם פטל 200 גר,,,עוגיות פרסטיז מצופות,גרמים,200.00,100 גרם,false,0,9.50,4.75,true,1,
3800061608088,false,עוגיות פרסטיז במילוי בטעם תפוחים 155 גר,,,עוגיות פרסטיז במילוי,גרמים,155.00,100 גרם,false,0,9.50,6.13,true,1,
3800103422238,false,"משקה בטעם לימון ליים + ויטמינים 330 מ""ל",,BG,משקה בטעם לימון ליים,מיליליטרים,330.00,"100 מ""ל",false,1,8.90,2.70,true,1,
3800163830073,false,זיתים ירוקים ללא גרעינים ממולאים 720 גרם,,TR,זיתים ירוקים ממולאים,גרמים,720.00,100 גרם,false,1,16.90,2.35,true,1,
3800202840063,false,OVI&SARI מאפה ממולא,,BG,OVI&SARI מאפה ממולא,Unknown,0.00,Unknown,false,1,7.90,7.90,true,1,
3800205875208,false,צנימים אובן בקד בטעם קרם פטריות 70 גר,,,צנימים אובן בקד,גרמים,70.00,100 גרם,false,1,6.90,9.86,true,1,
3800740027155,false,שימורי ירקות ליוטניצה טודורקה 350 גרם,,,שימורי ירקות ליוטניצ,גרמים,350.00,100 גרם,false,1,14.90,4.26,true,1,
3800740030001,false,ממרח ירוקות איוור 250 גר,,BG,ממרח ירוקות איוור 25,גרמים,250.00,100 גרם,false,1,22.90,9.16,true,1,
3800740031084,false,רוטב עגבניות עם אוכמניות וצילי 330 גר,,BG,רוטב עגבניות עם אוכמ,גרמים,330.00,100 גרם,false,1,13.90,4.21,true,1,
3838945509015,false,נקטר אוכמניות שחורות 25% 1 ל FRUCTAL,,,נקטר אוכמניות שחורות,מיליליטרים,1000.00,"100 מ""ל",false,1,15.40,1.54,true,1,
3838945509060,false,מיץ תפוחים 100% 1 ליטר FRUCTAL,,,מיץ תפוחים 100% 1 לי,מיליליטרים,1000.00,"100 מ""ל",false,1,15.40,1.54,true,1,
3850104008443,false,תערובת תבלינים עם ירקות ווגטה 500 גר,,HR,תערובת תבלינים עם יר,גרמים,500.00,100 גרם,false,1,40.90,8.18,true,1,
4000161050209,false,נידרגר מרציפן מצופה שוקולד 75 גר,,,נידרגר מרציפן מצופה,גרמים,75.00,100 גרם,false,1,26.70,35.60,true,1,
4000161060116,false,נידרגר שוקולד מריר במילוי מרציפן 110 גר,,,נידרגר שוקולד מריר ב,גרמים,110.00,100 גרם,false,1,21.90,19.91,true,1,
4000161060147,false,נידרגר שוקולד חלב במילוי מרציפן 110 גר,,,נידרגר שוקולד חלב במ,גרמים,110.00,100 גרם,false,1,21.90,19.91,true,1,
4000161060161,false,נידרגר שוק.מריר וגינגיר מילוי מרציפן 110,,,נידרגר שוק.מריר וגינ,גרמים,110.00,100 גרם,false,1,21.90,19.91,true,1,
4000161060260,false,נידרגר שוק.מריר במילוי מרציפן תפוז 110 ג,,,נידרגר שוק.מריר במיל,גרמים,110.00,100 גרם,false,1,21.90,19.91,true,1,
4000161100072,false,נידריגר אצבעות מרציפן 50 גרם,,,נידריגר אצבעות מרציפ,גרמים,50.00,100 גרם,false,1,16.70,33.40,true,1,
4000161110095,false,נידריגר אצבעות מרציפן פיסטוק 50 גרם,,,נידריגר אצבעות מרציפ,גרמים,50.00,100 גרם,false,1,16.70,33.40,true,1,
4000417019004,false,שוקולד RITTER SPORT אגוזים 100 גרם,מולינו ניקולי s.p.a,DE,שוקולד RITTER SPORT,גרמים,400.00,100 גרם,false,1,11.90,2.98,true,1,
4000417211002,false,ריטר ספורט מוס קרמל ושברי שקדים 100 גרם,מולינו ניקולי s.p.a,DE,ריטר ספורט מוס קרמל,גרמים,100.00,100 גרם,false,1,9.90,9.90,true,1,
4000417212009,false,שוקולד ריטר ספורט שקדים וקליפות תפוז 100,,DE,שוקולד ריטר ספורט שק,גרמים,100.00,100 גרם,false,1,9.90,9.90,true,1,
4000417222008,false,שוקולד ריטר ספורט חלב עם אגוזים 100 גר,מולינו ניקולי s.p.a,DE,שוקולד ריטר ספורט חל,גרמים,100.00,100 גרם,false,1,9.90,9.90,true,1,
4000417224002,false,"ריטר ספורט טבלת שוקולד מריר אגוזים, 100 גרם",מולינו ניקולי s.p.a,DE,שוקולד RITTER SPORT,גרמים,100.00,100 גרם,false,1,11.90,11.90,true,1,
4000417298003,false,שוקולד ריטר ספורט קוקוס 100 גרם,מולינו ניקולי s.p.a,DE,שוקולד ריטר ספורט קו,גרמים,100.00,100 גרם,false,1,9.90,9.90,true,1,
4000417707000,false,שוקולד ריטר ספורט חלב קשיו 100 גרם,,,ריטר ספורט חלב קשיו,גרמים,100.00,100 גרם,false,1,11.90,11.90,true,1,
4000417708007,false,שוקולד ריטר ספורט מריר שקד 100 גרם,,,ריטר ספורט מריר שקד,גרמים,100.00,100 גרם,false,1,11.90,11.90,true,1,
4000504149027,false,גבינת קממבר דה לוקס 125 גרם,,,גבינת קממבר דה לוקס,גרמים,125.00,100 גרם,false,1,23.00,18.40,true,1,
4000504149324,false,גבינת רוגט גרמני 125 גרם,,DE,גבינת רוגט גרמני 125,גרמים,125.00,100 גרם,false,0,24.00,19.20,true,1,
4000504149423,false,גבינת קמבוזולה 125 גרם,,DE,גבינת קמבוזולה 125 ג,גרמים,125.00,100 גרם,false,1,23.00,18.40,true,1,
4000522009747,false,"בייגלה צ'יו מקלות תפו""א 80 גר'",טרופיקל דגיל תעשיות,HU,"מקלות תפו""א מלוחים 8",גרמים,80.00,100 גרם,false,1,5.50,6.88,true,1,
4000522060038,false,"פאני פריש-קרקר זהב מלוח ""דגים"" 100 גר",Intersnack Deutschland SE,DE,פאני פריש-קרקר זהב מ,גרמים,100.00,100 גרם,false,1,11.90,11.90,true,1,
4000522061752,false,בייגלה צ'יו מקלות מלוחים 100 גרם,,,בייגלה ציו מקלות 100,גרמים,100.00,100 גרם,false,1,5.50,5.50,true,1,
4000539280726,false,שוקולד לינדט אקסלנס מילד 70% 100 גר,לינדט ושפרונגלי,DE,שוקולד לינדט אקסלנס,גרמים,100.00,100 גרם,false,1,16.90,16.90,true,1,
4000539280740,false,שוקולד לינדט אקסלנס 78% 100 גר,,DE,שוקולד לינדט אקסלנס,גרמים,100.00,100 גרם,false,1,16.90,16.90,true,1,
4000539727009,false,לינדט טדי בר מילק 100 גרם,LINDT & SPRUNGLI GMBH,DE,לינדט-דובי שוקולד חל,גרמים,100.00,100 גרם,false,1,26.90,26.90,true,1,
4000539770708,false,לינדט-סנטה שוקולד חלב 125 גר,LINDT & SPRUNGLI GMBH,DE,לינדט-סנטה שוקולד חל,גרמים,125.00,100 גרם,false,1,26.90,21.52,true,1,
4001507161948,false,קווקר פתיתי שיבולת שועל דקה 500 גר,פורטין,DE,קווקר פתיתי שיבולת ש,גרמים,500.00,100 גרם,false,1,6.50,1.30,true,1,
4001507161955,false,קווקר פתיתי שיבולת שועל עבה 500 גר,פורטין,DE,קווקר פתיתי שיבולת ש,גרמים,500.00,100 גרם,false,1,6.50,1.30,true,1,
4001518003817,false,מקלות פריכים עם גבינת גאודה 125 ג' טורינוס,,DE,חטיף חיטה אפוי בתוספ,גרמים,125.00,100 גרם,false,1,18.60,14.88,true,1,
4001518106112,false,טורינוס מקלות פריכים עם רוזמרין 125ג',,DE,מקלות פריכים רוזמרין,גרמים,125.00,100 גרם,false,1,18.60,14.88,true,1,
4001686301524,false,הריבו גולדבירס מיני דובוני גומי 250 גרם,,DE,הריבו גולדבירס מיני,גרמים,250.00,100 גרם,false,1,17.70,7.08,true,1,
4002309009100,false,ממרח שוקולד 350 גר KIDDY DUO,,LT,ממרח שוקולד 350 גר K,גרמים,350.00,100 גרם,false,1,16.90,4.83,true,1,
4002590000022,false,סוכריות קלפני פירות יער אוכמניות 150 ג',קדבורי,DE,קלפני פירות אוכמניות,גרמים,150.00,100 גרם,false,1,15.20,10.13,true,1,
4002631025069,false,"בירה קוניגסבכר 4.6% 500 מ""ל פחית",,,בירה קוניגסבכר 4.6%,מיליליטרים,500.00,"100 מ""ל",false,1,5.90,1.18,true,1,
4002631025830,false,"בירה קוניגסבאכר חיטה 5.1% 500 מ""ל פחית",,,בירה קוניגסבאכר חיטה,מיליליטרים,500.00,"100 מ""ל",false,1,6.90,1.38,true,1,
4002720005736,false,קפה לפילטר מליטה 250 גרם PREMIUM,המאפיה של הרמן,DE,קפה פילטר מליטה 250,גרמים,250.00,100 גרם,false,1,20.90,8.36,true,1,
4003586006714,false,פאני פריש-חטיף בייגלה דבש וחרדל 120 גרם,Intersnack Deutschland SE,DE,פאני פריש-חטיף בייגל,גרמים,120.00,100 גרם,false,1,13.90,11.58,true,1,
4004591030398,false,"בירה קייזרדום חיטה 300 מ""ל בקבוק",,DK,בירה קייזרדום חיטה 3,מיליליטרים,330.00,"100 מ""ל",false,1,7.90,2.39,true,1,
4004591131316,false,"בירה קייזרדום חיטה 6*330 מ""ל בקבוק",,,בירה קייזרדום חיטה,מיליליטרים,1980.00,"100 מ""ל",false,1,37.90,1.91,true,1,
4005500310105,false,"רוטב לתיבול מאגי 202 מ""ל",,AT,MAGGI-רוטב לתיבול 20,מיליליטרים,202.00,"100 מ""ל",false,1,20.90,10.35,true,1,
4005808366392,false,שפתון כחול בליסטר לבלו,טרופיקל דגיל תעשיות,DE,שפתון לבלו כחול,Unknown,0.00,Unknown,false,1,15.90,15.90,true,1,
4005808502004,false,לבלו שפתון סופט ורוד בליסטר 5.5מל,,,שפתון לבלו ורוד 7.7,Unknown,0.00,Unknown,false,1,15.90,15.90,true,1,
4006387098667,false,קנקן בריטה style סטרטרפק,,,קנקן בריטה style סט,Unknown,0.00,Unknown,false,1,243.90,243.90,true,1,
4007745058804,false,מיונז אמיתי אורגני נ,אף.סי תבליני בגליל ב,DE,מיונז אורגני 350 גרם,גרמים,350.00,100 גרם,false,1,23.90,6.83,true,1,
4007993032533,false,מאגדת גלידה טובלרון 4 יח 400 גר,,,מאגדת גלידה טובלרון,גרמים,400.00,100 גרם,false,1,38.50,9.63,true,1,
4008400101521,false,פררו-מון שרי פרליני דובדבן ליקר 105 גר,,,פררו-מון שרי פרליני,מיליליטרים,262.00,"100 מ""ל",false,1,26.50,10.11,true,1,
4008400102528,false,פררו-מון שרי פרליני דובדבן ליקר 157 גר,,DE,פררו-מון שרי פרליני,גרמים,157.00,100 גרם,false,1,39.90,25.41,true,1,
4008400209524,false,קינדר - מארז שוקולד קריסמס 102 גרם,,IT,קינדר - מארז שוקולד,גרמים,102.00,100 גרם,false,1,22.90,22.45,true,1,
4008400230726,false,ביצת שוקולד הפתעה קינדר ענקית 100ג' בנים,פררו,BE,ביצת הפתעה קינדר מק,גרמים,100.00,100 גרם,false,1,29.30,29.30,true,1,
4008400511825,false,שוקולד קינדר בצורת סנטה קלאוס 110 גרם,,IT,שוקולד קינדר בצורת ס,גרמים,110.00,100 גרם,false,1,22.90,20.82,true,1,
4008400511924,false,שוקולד קינדר בצורת סנטה קלאוס 160 גרם,,IT,שוקולד קינדר בצורת ס,גרמים,160.00,100 גרם,false,1,31.90,19.94,true,1,
4009211007378,false,ראקסים אבקת קקאו פליפ-טופ 20% שומן 125 ג,,DE,ראקסים אבקת קקאו פלי,גרמים,125.00,100 גרם,false,1,12.90,10.32,true,1,
4009300002253,false,הרבה תיוני תה שחור 20 יח 30 גרם,,,הרבה תיוני תה שחור,גרמים,30.00,100 גרם,false,1,7.90,26.33,true,1,
4009300002307,false,הרבה תיוני תה מיקס פירות 20 יח 40 גרם,,,הרבה תיוני תה מיקס פ,גרמים,40.00,100 גרם,false,1,7.90,19.75,true,1,
4009300524588,false,תה פומפדור חליטת צמחים פירות יער 20 יח',טיקנה,DE,תה חליטת פומפדור פיר,Unknown,0.00,Unknown,false,1,18.90,18.90,true,1,
4009300525684,false,תה חליטת פומפדור לימון וגינגיר 20 יח,טיקנה,DE,תה חליטת פומפדור לימ,Unknown,0.00,Unknown,false,1,18.90,18.90,true,1,
4009300530275,false,תה חליטת פומפדור מנטה מרוקאית 20 יח,,,תה חליטת פומפדור מנט,Unknown,0.00,Unknown,false,1,18.90,18.90,true,1,
4009300595120,false,חליטת צמחים בטעם ג'ינג'ר מנגו פומפדור 45 ג',,,תה חליטת פומפדור מנג,גרמים,30.00,100 גרם,false,1,18.90,63.00,true,1,
4009309740422,false,רסק תפוחים אורגני – נטורפוד 700 גרם,,,רסק תפוחים אורגני –,גרמים,700.00,100 גרם,false,1,18.90,2.70,true,1,
4009309742426,false,רסק תפוח מנגו אורגני 700 גר נטורפוד,,,רסק תפוח מנגו אורגני,גרמים,700.00,100 גרם,false,1,19.90,2.84,true,1,
4009900379564,false,מסטיק הובה בובה באבל טייפ פירות 56 גר',מארס,GB,הובה בובה טייפ פירות,Unknown,0.00,Unknown,false,1,9.10,9.10,true,1,
4009900402965,false,מסטיק אורביט בקבוקון white פירות 64ג',ריגלי פולין,PL,מסטיק אורביט WHITE ב,Unknown,0.00,Unknown,false,1,11.90,11.90,true,1,
4009900403023,false,מסטיק אורביט בקבוקון דאבל white קלאסי 64ג',"ב.א מזון בע""מ",PL,מסטיק אורביט WHITE ב,Unknown,0.00,Unknown,false,1,11.90,11.90,true,1,
4009900420129,false,מסטיק אורביט פרופשנל פפרמינט בקבוקון 64 גר',מרס נדרלנד,PL,מסטיק אורביט פרופשיו,Unknown,0.00,Unknown,false,1,11.90,11.90,true,1,
4009900426039,false,מסטיק איירוויבז מנטה אקליפטוס בקבוקון 64,ריגלי פולין,PL,מסטיק איירוויבז מנטה,גרמים,64.00,100 גרם,false,1,11.90,18.59,true,1,
4009900455299,false,סוכריות סקטלס פירות 174ג',מארס,CZ,סקיטלס פירות 174 גרם,גרמים,174.00,100 גרם,false,1,10.90,6.26,true,1,
4009900482417,false,מסטיק אורביט פירות מנטה בקבוקון באבל מינט 45יח,ריגלי פולין,PL,מסטיק אורביט באבל מי,Unknown,0.00,Unknown,false,1,11.90,11.90,true,1,
4009900521581,false,סוכריות אורביט מינטס מנטה בבקבוקון 77 גר,ריגלי פולין,PL,סוכריות אורביט מינטס,גרמים,77.00,100 גרם,false,1,12.00,15.58,true,1,
4009900535519,false,מסטיק אורביט רפרשרס ספירמינט ללא סוכר 15.6גר',,PL,אורביט רפרשרס ספירמי,גרמים,16.00,100 גרם,false,1,4.50,28.13,true,1,
4009900535540,false,מסטיק אורביט רפרשרס פפרמינט ללא סוכר 15.6גר',,PL,אורביט רפרשרס פפרמינ,גרמים,16.00,100 גרם,false,1,4.50,28.13,true,1,
4009900535823,false,מסטיק אורביט רפרשרס באבלמינט ללא סוכר 15.6גר',,PL,אורביט רפרשרס באבלמי,גרמים,16.00,100 גרם,false,1,4.50,28.13,true,1,
4009900539685,false,"מסטיק פייב באונס בטעם מנטה בקבוקון, 61.8 גרם",ריגלי בעמ רוסיה,PL,מסטיק פייב באונס מנט,גרמים,62.00,100 גרם,false,1,12.90,20.81,true,1,
4009900539746,false,"מסטיק פייב באונס בטעם אבטיח בקבוקון, 61.8 גרם",ריגלי בעמ רוסיה,PL,מסטיק פייב באונס אבט,גרמים,62.00,100 גרם,false,1,12.90,20.81,true,1,
4011800290054,false,חטיף חלבון קורני קוקוס 50 גר,,CZ,חטיף חלבון קורני קוק,גרמים,50.00,100 גרם,false,1,8.90,17.80,true,1,
4011800290078,false,חטיף חלבון קורני עוגיות 50 גר,,CZ,חטיף חלבון קורני עוג,גרמים,50.00,100 גרם,false,1,8.90,17.80,true,1,
4011800290092,false,חטיף חלבון קורני וניל 50 גר,,CZ,חטיף חלבון קורני וני,גרמים,50.00,100 גרם,false,1,8.90,17.80,true,1,
4011800528416,false,קורני בייס סויט & סולט 6 יח 150 גר,,DE,קורני בייס סויט & סו,גרמים,150.00,100 גרם,false,1,13.90,9.27,true,1,
4011800567613,false,קורני מילק דארק וואיט 4 יח 120 גר,מיוצר עי קונדיטוריית,DE,קורני מילק דארק וואי,גרמים,120.00,100 גרם,false,1,13.90,11.58,true,1,
4011800577810,false,קורני פרי (6) נוגט 120 גרם,,,קורני פרי (6) נוגט 1,גרמים,120.00,100 גרם,false,1,13.90,11.58,true,1,
4011800617714,false,קורני ביג שוקו בננה 50 גר,מיוצר עי קונדיטוריית,DE,קורני ביג שוקו בננה,גרמים,50.00,100 גרם,false,1,5.50,11.00,true,1,
4011800628512,false,חטיף קורני שוקולד חלב 6 יח 150 גר,מיוצר עי קונדיטוריית,DE,חטיף קורני שוקולד חל,גרמים,150.00,100 גרם,false,1,13.90,9.27,true,1,
4011800630515,false,חטיף קורני שוקולד חלב ובננה 6 יח 150 גר,מיוצר עי קונדיטוריית,DE,חטיף קורני שוקולד חל,גרמים,150.00,100 גרם,false,1,13.90,9.27,true,1,
4011800633516,false,קורני בייס דרק שוקו 6 יח 138 גר,שוורטאוור וורקה,DE,קורני בייס דרק שוקו,גרמים,138.00,100 גרם,false,1,13.90,10.07,true,1,
4011800636517,false,קורני פרי שוקולד חלב 6 יח 120 גר,מיוצר עי קונדיטוריית,DE,קורני פרי שוקולד חלב,גרמים,120.00,100 גרם,false,1,13.90,11.58,true,1,
4011800637514,false,קורני פרי ואיט שוקולד לבן 6 יח 120 גר,,DE,קורני פרי ואיט שוקול,גרמים,120.00,100 גרם,false,1,13.90,11.58,true,1,
4012824402263,false,יוגי תה - אורגני בד,,,יוגי תה - אורגני בד,Unknown,0.00,Unknown,false,1,29.90,29.90,true,1,
4012824403277,false,יוגי תה מאטצה לימון אורגני 30.6 גר,,,יוגי תה מאטצה לימון,גרמים,30.00,100 גרם,false,1,29.90,99.67,true,1,
4013044100182,false,ליקרס מקריש צמחי טבעי אורגני 30,ליקרס,DE,ליקרס מקריש צמחי טבע,Unknown,0.00,Unknown,false,1,22.90,22.90,true,1,
4014086024245,false,בירה גרלסבורג חיטה מעוננת לא מסוננת 500,,,בירה גרלסבורג חיטה מ,מיליליטרים,500.00,"100 מ""ל",false,1,6.90,1.38,true,1,
4014400900217,false,בונבוניירה שוקולד מרסי 400 ג`,קריניציה ויטמינה אס,DE,בונבוניירה מרסי 400,גרמים,400.00,100 גרם,false,1,52.50,13.13,true,1,
4014400901191,false,בונבוניירה שוקולד מרסי 250 ג`,אוגוסט שטורק,DE,בונבוניירה מרסי 250,גרמים,250.00,100 גרם,false,1,29.90,11.96,true,1,
4014400903409,false,בונבוניירה טופיפי שוקולד 250 ג',קריניציה ויטמינה אס,DE,בונ. טופיפי 250 גרם,גרמים,250.00,100 גרם,false,1,31.50,12.60,true,1,
4014400904307,false,סוכריות שטרוק קליפורניה 425 גרם,קריניציה ויטמינה אס,DE,סוכריות שטרוק קליפור,גרמים,425.00,100 גרם,false,1,25.50,6.00,true,1,
4014400913910,false,וורטר אוריגינל במילוי קרם 125 גרם,תות ממתקי איכות,DE,וורטר אוריגינל במילו,גרמים,125.00,100 גרם,false,1,12.40,9.92,true,1,
4014400914269,false,מרסי שוקולד חלב עם קפה ושוקול לבן 100 גר,,,מרסי שוקולד חלב עם ק,גרמים,100.00,100 גרם,false,1,11.90,11.90,true,1,
4014400920857,false,סוכריות וורטר ללא סוכר טעם שוקול 70 גרם,קריניציה ויטמינה אס,DE,סוכריות וורטר ללא ס,Unknown,0.00,Unknown,false,1,9.90,9.90,true,1,
4014400925319,false,סוכריות וורטר פופקורן קרמל 140 גר',שטורק,DE,וורטר פופקורן קרמל 1,גרמים,140.00,100 גרם,false,1,16.90,12.07,true,1,
4014400925326,false,וורטרס אורגינל פופקורן קרמל ובייגלה 140,,,וורטרס אורגינל פופקו,גרמים,140.00,100 גרם,false,1,21.90,15.64,true,1,
4014400931327,false,ורטרס אורגינל פופקורן עם קרמל זרעי דלעת 1/12,,DE,פופקורן קרמל גרעינים,גרמים,140.00,100 גרם,false,1,16.90,12.07,true,1,
4014522180108,false,בודטה-סוכריות אורגני צמחים בטעם ג'ינגר 75ג,,DE,בודטה סוכריות אורגני,גרמים,75.00,100 גרם,false,1,11.90,15.87,true,1,
4014600202593,false,רגולדס סוכריות בפח בטעם פירות 150 גרם,,,רגולדס סוכריות בפח ב,גרמים,150.00,100 גרם,false,1,9.90,6.60,true,1,
4015000519915,false,"פה - דאודורנט ספריי לאישה פינק פרדייס 200 מ""ל",,,דאודורנט פה ספריי 20,מיליליטרים,200.00,"100 מ""ל",false,1,15.90,7.95,true,1,
4015000996204,false,"גליס שמפו אולטימט שמן אלקסייר 400 מ""ל",,,שמפו גליס אליקסיר,מיליליטרים,400.00,"100 מ""ל",false,1,19.90,4.98,true,1,
4015400564034,false,אולוויז מגן תחתון לונג+ מגה פק 58 יח',פרוקטר אנד גמבל,DE,אולדייז מגה פק לונג,Unknown,0.00,Unknown,false,1,22.90,22.90,true,1,
4015400564454,false,אולוויז מגן תחתון לארג' מגה פק 68 יח',פרוקטר אנד גמבל,DE,אולדייז מגה פק לארג,Unknown,0.00,Unknown,false,1,22.90,22.90,true,1,
4015400681670,false,תחבושות אולוויז לילה בטוח וליו פק 18 יח,פרוקטר אנד גמבל,UA,תחבושות אולוויז לילה,Unknown,0.00,Unknown,false,1,22.90,22.90,true,1,
4015400690313,false,טמפונים פרל רגולר טמפקס קומפאק 18 יח,,,טמפונים פרל רגולר טמ,Unknown,0.00,Unknown,false,1,29.50,29.50,true,1,
4015400731719,false,אולוויז תחבושות וליו פק לילה אולטרה 20יח',פרוקטר אנד גמבל,UA,תחבושות אולוויז כפול,Unknown,0.00,Unknown,false,1,22.90,22.90,true,1,
4015400755241,false,אולוויז תחבושות כפול אולטרא נורמל 28 יח',פרוקטר אנד גמבל,UA,תחבושות אולוויז וליו,Unknown,0.00,Unknown,false,1,22.90,22.90,true,1,
4015600762742,false,"שמפו קלאסי 500 מ""ל הד אנד שולדרס",פרוקטר אנד גמבל,RO,הד&שולדרס שמפו 500 מ,מיליליטרים,500.00,"100 מ""ל",false,1,24.90,4.98,true,1,
4017100210105,false,גלילי וופל בלזן וופלטן שוקו' מריר 100ג',הדקלאים אגודת שיתופי,DE,וופלטן מריר 100 גרם,גרמים,100.00,100 גרם,false,1,15.90,15.90,true,1,
4017100216800,false,וופל מיניס קלאסי בשוקולד 100 גר בלזן,,,וופל מיניס קלאסי בשו,גרמים,100.00,100 גרם,false,1,10.90,10.90,true,1,
4017100290008,false,ביסקוויט בלזן ליבניץ שוקולד חלב 125 ג',הדקלאים אגודת שיתופי,DE,ביסקוויט ליבניץ שוקו,גרמים,125.00,100 גרם,false,1,15.90,12.72,true,1,
4018344511188,false,סלמון פראי ברוטב שום לארסן 200 גרם,,,סלמון פראי ברוטב שום,גרמים,200.00,100 גרם,false,1,13.90,6.95,true,1,
4018344564634,false,פילה הרינג ברוטב פלפל ומנגו לארסן 200 גר,,,פילה הרינג ברוטב פלפ,גרמים,200.00,100 גרם,false,1,11.90,5.95,true,1,
4018344564641,false,פילה הרינג ברוטב חרדל ושמיר לארסן 200 גר,,,פילה הרינג ברוטב חרד,גרמים,200.00,100 גרם,false,1,11.90,5.95,true,1,
4018722100157,false,פוזילי כוסמין מלא אורגני 250 גרם,האחים פלם הגפן,DE,פוזילי כוסמין מלא או,גרמים,250.00,100 גרם,false,1,12.90,5.16,true,1,
4018722102632,false,ספגטי כוסמין מלא אורגני 500 גרם,,,ספגטי כוסמין מלא אור,גרמים,500.00,100 גרם,false,1,17.90,3.58,true,1,
4023800101902,false,שוקולד חלב מרציפן שלוקוורדר 100 גר,,,שוקולד חלב מרציפן של,גרמים,100.00,100 גרם,false,1,8.90,8.90,true,1,
4023800201909,false,שוקולד מריר מרציפן שלוקוורדר 100 גר,,,שוקולד מריר מרציפן ש,גרמים,100.00,100 גרם,false,1,8.90,8.90,true,1,
4023800601907,false,שוקולד חלב קרם קפה שלוקוורדר 100 גר,,,שוקולד חלב קרם קפה ש,גרמים,100.00,100 גרם,false,1,8.90,8.90,true,1,
4025700001962,false,שוקולד מילקה לבן 100 גרם,פי אר ג'יי אס סי מונ,HU,שוקולד לבן מילקה 100,גרמים,100.00,100 גרם,false,1,7.90,7.90,true,1,
4026701001081,false,מולהאוזר-קונפיטורת שזיפים 450 גר,,,מולהאוזר-קונפיטורת ש,גרמים,450.00,100 גרם,false,1,9.50,2.11,true,1,
4030300022057,false,וויקס סוכריות עם שמן ואוקליפ ללא סוכר,,,וויקס סוכריות עם שמן,גרמים,72.00,100 גרם,false,1,13.90,19.31,true,1,
4030300022088,false,וויקס סוכריות לימון ומנטה ללא סוכר,,,וויקס סוכריות לימון,גרמים,72.00,100 גרם,false,1,13.90,19.31,true,1,
4032900111308,false,ווינסטון קומפלקט סילבר חפיסה,JTI,UA,ווינסטון קומפלקט סיל,Unknown,0.00,Unknown,false,1,28.50,28.50,true,1,
4032900124254,false,ווינסטון קומפלקט ברי PP חפיסה,,,ווינסטון קומפלקט ברי,Unknown,0.00,Unknown,false,1,28.50,28.50,true,1,
4033100024146,false,סיגריות וינסטון קוד,JTI,,ווינסטון CODE חפיסה,יחידה,1.00,יחידה,false,1,30.90,30.90,true,1,
4033100024252,false,וינסטון אקווה לייט קופסה,JTI,,ווינסטון AQUA חפיסה,יחידה,1.00,יחידה,false,1,30.90,30.90,true,1,
4033100047350,false,טבק לגלגול קאמל כחול,JTI,,כאמל צהוב טבק חפיסה,יחידה,1.00,יחידה,false,1,76.90,76.90,true,1,
4033100064036,false,וינסטון כחול טבק לגלגול חפיסה,JTI,,וינסטון כחול טבק לגל,יחידה,1.00,יחידה,false,1,76.90,76.90,true,1,
4043058008778,false,טבק אמריקן ספיריט כחול פאוצ,jti,,טבק לגלגול אמריקון 3,יחידה,1.00,יחידה,false,1,81.90,81.90,true,1,
4043058010412,false,טבק אמריקן ספיריט צהוב פאוצ,jti,,טבק אמריקן ספיריט צה,יחידה,1.00,יחידה,false,1,81.90,81.90,true,1,
4044889000054,false,ויואני-שוקולד אורגני מריר 85% 100 גר,,,ויואני-שוקולד אורגני,גרמים,100.00,100 גרם,false,1,19.90,19.90,true,1,
4044889000627,false,ויואני-שוקולד חלב אורגני אקוודור 100 גר,,,ויואני-שוקולד חלב או,גרמים,100.00,100 גרם,false,1,22.90,22.90,true,1,
4044889001006,false,ויואני שוקולד אורגני מריר 71% 100 גרם,,,ויואני שוקולד אורגני,גרמים,100.00,100 גרם,false,1,19.90,19.90,true,1,
4044889003222,false,ויואני אורגני לבן עם וניל 100 גרם`,,DE,ויואני אורגני לבן עם,גרמים,80.00,100 גרם,false,1,19.90,24.88,true,1,
4044889004106,false,ויואני-שוקולד אורגני מריר 100% 100 גר,,,ויואני-שוקולד אורגני,גרמים,80.00,100 גרם,false,1,22.90,28.63,true,1,
4044889004335,false,ויואני-שוקולד אורגני מריר 62% 80 גר,,,ויואני-שוקולד אורגני,גרמים,80.00,100 גרם,false,1,22.90,28.63,true,1,
4049366003429,false,ארנסט לודוויג גוורצטרמינר 750 מל,,,ארנסט לודוויג גוורצט,Unknown,0.00,Unknown,false,1,48.90,48.90,true,1,
4052197000017,false,"בירה בנדיקטינר חיטה לא מסוננת 500 מ""ל",בנדיקטינר וויצבראו,DE,בירה בנדיקטינר חיטה,מיליליטרים,500.00,"100 מ""ל",false,1,11.90,2.38,true,1,
4052197000352,false,"בירה 330 מ""ל WHEAT BEER BENEDIKTINER",בנדקטינר,,"בירה 330 מ""ל WHEAT B",מיליליטרים,330.00,"100 מ""ל",false,1,8.90,2.70,true,1,
4052197000369,false,שישיית בירה בנדיקטינר חיטה 330 מל*6,benediktiner,DE,שישיית בירה בנדיקטינ,מיליליטרים,1980.00,"100 מ""ל",false,1,50.90,2.57,true,1,
4052197000925,false,בירה בנדקטינר דונקל כהה 500 מל,בנדיקטינר וויצבראו,DE,בירה בנדקטינר דונקל,מיליליטרים,500.00,"100 מ""ל",false,1,12.90,2.58,true,1,
4052197002806,false,"מארז בירה בנדיקטינר 4*500 מ""ל פחית",בנדקטינר,,מארז בירה בנדיקטינר,מיליליטרים,2000.00,"100 מ""ל",false,1,37.90,1.90,true,1,
4052197003254,false,"בירה בנדיקטינר לאגר אורגינל 500 מ""ל",בנדיקטינר וויצבראו,DE,בירה בנדיקטינר לאגר,מיליליטרים,500.00,"100 מ""ל",false,1,11.90,2.38,true,1,
4052197004466,false,"מארז בירה בנדיקטינר דונקל 4*500 מ""ל פחית",,,מארז בירה בנדיקטינר,מיליליטרים,2000.00,"100 מ""ל",false,1,37.90,1.90,true,1,
4056489379508,false,קונטיננטל-ביסקויט סנדוויץ עם קרם חלב 250,,,קונטיננטל-ביסקויט סנ,גרמים,250.00,100 גרם,false,1,5.90,2.36,true,1,
4056489379515,false,קונטיננטל-ביסקויט סנדוויץ עם קרם שוק 250,,,קונטיננטל-ביסקויט סנ,גרמים,250.00,100 גרם,false,1,5.90,2.36,true,1,
4061445096726,false,קפה דוידוף מגורען 100 גר RICH AROMA,,CO,קפה דווידוף ריץ ארומ,גרמים,100.00,100 גרם,false,1,23.90,23.90,true,1,
4066600601920,false,"בירה פאולנר 500 מ""ל פחית",,DE,"בירה פאולנר 500 מ""ל",מיליליטרים,500.00,"100 מ""ל",false,1,12.90,2.58,true,1,
4066600612049,false,"בירה פאולנר אורטובר פאסט 500 מ""ל בקובק",מבשלת פאולנר,DE,בירה פאולנר אורטובר,מיליליטרים,500.00,"100 מ""ל",false,1,11.90,2.38,true,1,
4066600999614,false,"בירה פאולנר חיטה 500 מ""ל בקובק",מבשלת פאולנר,DE,בירה פאולנר חיטה 500,מיליליטרים,500.00,"100 מ""ל",false,1,12.90,2.58,true,1,
4067700014849,false,ליקר ייגרמייסטר 700,מסט-יגרמייסטר,DE,"ייגרמייסטר 700 מ""ל",מיליליטרים,700.00,"100 מ""ל",false,1,89.90,12.84,true,1,
4084500088917,false,"נוזל כלים פיירי לימון 650 מ""ל",פרוקטר אנד גמבל,,נוזל כלים פיירי לימו,מיליליטרים,650.00,"100 מ""ל",false,1,10.90,1.68,true,1,
4084500149526,false,טייד נוזל כביסה 2.48 ליטר,,DE,גל כביסה טייד 2.48 ל,ליטרים,0.00,ליטר,false,1,28.20,28.20,true,1,
4101540707353,false,שטולן לחם צימוקים וקליפות הדרים מסוכ 500,,,שטולן לחם צימוקים וק,גרמים,500.00,100 גרם,false,1,28.90,5.78,true,1,
4101540710919,false,שטולן לחם בטעם מרציפן וצימוקים 500 גרם,,,שטולן לחם בטעם מרציפ,גרמים,500.00,100 גרם,false,1,28.90,5.78,true,1,
4101540775413,false,עוגת שטולן עשירה עם מרצפן 950 גר,,DE,עוגת שטולן עשירה עם,גרמים,950.00,100 גרם,false,1,52.90,5.57,true,1,
4105120623941,false,"בירה ויינשטפן בק' ח""פ 500 מ""ל","ויינשטפן, ת.ד 1155 פ",DE,בירה ויינשטפן 500 מ,מיליליטרים,330.00,"100 מ""ל",false,1,13.90,4.21,true,1,
4105120624412,false,"בירה ויינשטפן ויטוס 500 מ""ל",,IL,בירה ויינשטפן ויטוס,מיליליטרים,500.00,"100 מ""ל",false,1,13.90,2.78,true,1,
4250231139994,false,הלורן-רויאל טינס דפדפי דומדמניות 200 גרם,,,הלורן-רויאל טינס דפד,גרמים,200.00,100 גרם,false,1,18.40,9.20,true,1,
4260134390194,false,"בירה קירין איציבאן 330 מ""ל",,,בירה קירין איציבאן 3,מיליליטרים,330.00,"100 מ""ל",false,1,9.90,3.00,true,1,
4333465053769,false,יין פרנאווי-סוביניון בלאן ניו זילנד 750,,,יין פרנאווי-סוביניון,Unknown,0.00,Unknown,false,1,88.90,88.90,true,1,
4600068009883,false,"קוואס אוצקובסקי 500 מ""ל פחית",,,קוואס אוצקובסקי 500,מיליליטרים,500.00,"100 מ""ל",false,1,9.90,1.98,true,1,
4600300000739,false,קקאו זולוטוי ירליק 100 גרם,,,קקאו זולוטוי ירליק,גרמים,100.00,100 גרם,false,1,12.90,12.90,true,1,
4600300080014,false,חטיף שוקולד אליונקה עם ריבת חלב 48 גר,,,חטיף שוקולד אליונקה,גרמים,48.00,100 גרם,false,1,3.50,7.29,true,1,
4600495522221,false,קינוח סופלה וניל בשוקולד 232 גר BONJOUR,,RU,קינוח סופלה וניל בשו,גרמים,232.00,100 גרם,false,0,16.90,7.28,true,1,
4600495522320,false,קינוח סופלה תות בשוקולד 232 גר BONJOUR,,RU,קינוח סופלה תות בשוק,גרמים,232.00,100 גרם,false,0,16.90,7.28,true,1,
4600495522375,false,קינוח סופלה בטעם ליים 232 גר BONJOUR,,RU,קינוח סופלה בטעם ליי,גרמים,232.00,100 גרם,false,1,16.90,7.28,true,1,
4600495523709,false,קינוח סופלה קלאסיק בשוקולד 232 ג BONJOUR,,RU,קינוח סופלה קלאסיק ב,גרמים,232.00,100 גרם,false,0,16.90,7.28,true,1,
4600495544803,false,קינוח סופלה בטעם פטל 232 גר BONJOUR,,RU,קינוח סופלה בטעם פטל,גרמים,232.00,100 גרם,false,1,16.90,7.28,true,1,
4600528347821,false,מיונז פרוואנסל 410 גר,,,"מיונז ""פרוואנסל"" 410",גרמים,410.00,100 גרם,false,1,13.90,3.39,true,1,
4600528347838,false,"מיונז ""אוליבקווי"" 390 גרם",,,"מיונז ""אוליבקווי"" 39",גרמים,390.00,100 גרם,false,1,13.90,3.56,true,1,
4600528357981,false,"רוטב מיונז ""המבורגר""",,RU,"רוטב מיונז ""המבורגר""",גרמים,233.00,100 גרם,false,1,10.90,4.68,true,1,
4600528359060,false,רוטב מיונז בצל עם שמנת 233 גר ASTORIA,,RU,רוטב מיונז בצל עם שמ,גרמים,233.00,100 גרם,false,1,10.90,4.68,true,1,
4600625307407,false,גלידה אסקינו לנינגרדסקי 80 גר,,,גלידה אסקינו לנינגרד,גרמים,80.00,100 גרם,false,1,6.90,8.63,true,1,
4600625307568,false,גלידת פלומביר לקומבה 90 גר,,,גלידת פלומביר לקומבה,גרמים,90.00,100 גרם,false,1,6.90,7.67,true,1,
4600625314498,false,גלידה פלומביר אסקימו 80 גר,,,גלידה פלומביר אסקימו,גרמים,80.00,100 גרם,false,1,6.90,8.63,true,1,
4600659010854,false,וודקה סטולי בקבוק 70,איי. אס. לטבייאס בלז,LV,וודקה 40% סטולי 700,מיליליטרים,700.00,"100 מ""ל",false,1,59.90,8.56,true,1,
4600699502494,false,שמן חמניות מזוכך 1.8 ליטר SLOBODA,,,שמן חמניות מזוכך 1.,ליטרים,0.00,ליטר,false,1,33.90,33.90,true,1,
4600823197336,false,שוקולד DARX עם אגוזי לוז וצימוקים 100 גר,,,שוקולד DARX עם אגוזי,גרמים,100.00,100 גרם,false,1,9.50,9.50,true,1,
4600823525047,false,סוכריות בלוצקה 200 גרם,,,סוכריות בלוצקה,גרמים,200.00,100 גרם,false,1,23.90,11.95,true,1,
4600851008758,false,חרדל 195 גרם STOLICHNAEA,,,חרדל 195 גרם STOLICH,גרמים,195.00,100 גרם,false,1,7.90,4.05,true,1,
4600851010669,false,מיונז פרובונסל 450 גרם,,FI,מיונז פרובונסל 450 ג,גרמים,450.00,100 גרם,false,1,15.90,3.53,true,1,
4600851011567,false,"מיונז מוסקובסקיי פרובנסל קלאסיק 700 מ""ל",,,מיונז מוסקובסקיי פרו,מיליליטרים,700.00,"100 מ""ל",false,1,18.90,2.70,true,1,
4600851014537,false,"מיונז פרובנסל קלאסיק 67% דויפק 400 מ""ל",,RU,מיונז פרובנסל קלאסיק,מיליליטרים,400.00,"100 מ""ל",false,1,10.90,2.73,true,1,
4601513007997,false,רולדה קורובקה בטעם חלב מבושל 200 גר,,,רולדה קורובקה בטעם ח,גרמים,200.00,100 גרם,false,1,10.40,5.20,true,1,
4601513008581,false,רולדה אליונקה בטעם שוקולד חלב 200 גר,,,רולדה אליונקה בטעם ש,גרמים,200.00,100 גרם,false,1,10.50,5.25,true,1,
4601576004032,false,מיונז מצטה חוזייקי זיתים רוטב לסלט 876 ג,,,רוטב תיבול בטעם זיתי,מיליליטרים,900.00,"100 מ""ל",false,1,24.90,2.77,true,1,
4601576004094,false,מיונז מצטה חוזייקי קלאסי רוטב לסלט 466 ג,,,מיונז מצטה חוזייקי ק,מיליליטרים,480.00,"100 מ""ל",false,1,14.90,3.10,true,1,
4601576010170,false,"רוטב תיבול עם ביצי שליו מצטה חוז 480 מ""ל",,,רוטב תיבול עם ביצי ש,מיליליטרים,480.00,"100 מ""ל",false,1,14.90,3.10,true,1,
4601713003201,false,דובשניות טולסקיי פריאניק חמוציות 140 גר,,,דובשניות טולסקיי פרי,גרמים,140.00,100 גרם,false,1,7.50,5.36,true,1,
4602009299759,false,ממתקים מוקצפים לבן ורוד 420 גר פיטרסקיי,,,ממתקים מוקצפים לבן ו,גרמים,420.00,100 גרם,false,1,15.90,3.79,true,1,
4602112203612,false,ציפס בצל ושמנת חמוצה מוסקובסקי קרטופל 70,,,ציפס בצל ושמנת חמוצה,גרמים,70.00,100 גרם,false,1,8.90,12.71,true,1,
4602112203636,false,ציפס טעם גבינה מוסקובסקי קרטופל 70 גר,,,ציפס טעם גבינה מוסקו,גרמים,70.00,100 גרם,false,1,8.90,12.71,true,1,
4602112203674,false,ציפס טעם בייקון מוסקובסקי קרטופל 70 גר,,,ציפס טעם בייקון מוסק,גרמים,70.00,100 גרם,false,1,8.90,12.71,true,1,
4602112207726,false,ציפס טעם סרטן מוסקובסקי קרטופל 70 גר,,,ציפס טעם סרטן מוסקוב,גרמים,70.00,100 גרם,false,1,8.90,12.71,true,1,
4603400000043,false,"וודקה רוסקיי סטנדרט 700 מ""ל",רוסקי סטנדרט וודקה,RU,וודקה רוסקיי סטנדרט,מיליליטרים,700.00,"100 מ""ל",false,1,64.90,9.27,true,1,
4603928000976,false,"וודקה בלוגה נובל 700 מ""ל+כוס",מרינסקי ליקרו-וודאצ',RU,וודקה בלוגה נובל 700,מיליליטרים,700.00,"100 מ""ל",false,1,129.90,18.56,true,1,
4605246004322,false,חליטה תה גרינפילד ריץי קמומיל 25 שקי,,RU,חליטה תה גרינפילד רי,גרמים,38.00,100 גרם,false,1,13.20,34.74,true,1,
4605246004339,false,חליטה תה גרינפילד סאמר בוקט 25 שקי,,RU,חליטה תה גרינפילד סא,גרמים,38.00,100 גרם,false,1,13.20,34.74,true,1,
4605246004346,false,תה קינמון 1/25 גרינפילד 37.5 גר,,RU,תה קינמון 1/25 גרינ,גרמים,38.00,100 גרם,false,1,13.20,34.74,true,1,
4605246004353,false,תה גרינפילד ירוק נענע ומליסה 25 שקי 37.5 גר,,RU,תה גרינפילד ירוק נענ,גרמים,38.00,100 גרם,false,1,13.20,34.74,true,1,
4605246005251,false,תה גרינפילד שחור ספרינג מלודי 25 שקי,,RU,תה גרינפילד שחור ספר,גרמים,38.00,100 גרם,false,1,13.20,34.74,true,1,
4605246005947,false,תה טס פלזה 25 שקיקים,,,תה טס פלזה 25 שקיקים,Unknown,0.00,Unknown,false,1,12.90,12.90,true,1,
4605246006456,false,תה טס ארל גריי 25 שקיקים,,,תה טס ארל גריי 25 שק,Unknown,0.00,Unknown,false,1,12.90,12.90,true,1,
4605246007729,false,קפה קלוי שחור לפינזאן גוקיי 100 גר,,,קפה קלוי שחור לפינזא,גרמים,100.00,100 גרם,false,1,9.90,9.90,true,1,
4605246007873,false,תה ירוק טס פינה קולדה 20 שקיקים,,,תה ירוק טס פינה קולד,Unknown,0.00,Unknown,false,1,14.90,14.90,true,1,
4605246009006,false,תה גרינפילד פירמידה ארל גריי 20 שקי 40 ג,,,תה גרינפילד פירמידה,Unknown,0.00,Unknown,false,1,16.90,16.90,true,1,
4605246015397,false,חליטה גרינפילד פירות יער ברי סאנסט 25 שק,,RU,חליטה גרינפילד פירות,גרמים,50.00,100 גרם,false,1,13.20,26.40,true,1,
4605362008716,false,גרעינים שחורים 300 גר בבקיני,,,גרעינים שחורים 300 ג,גרמים,300.00,100 גרם,false,1,18.90,6.30,true,1,
4605362008730,false,גרעינים חמניות שחורים בבקיני 500 גר,,,גרעינים חמניות שחורי,גרמים,500.00,100 גרם,false,1,24.50,4.90,true,1,
4605405000356,false,רוטב טקמלי ירוק 320 גרם,,,רוטב טקמלי ירוק 320,מיליליטרים,320.00,"100 מ""ל",false,1,12.90,4.03,true,1,
4605405000363,false,רוטב טקמלי 320 גרם,,,רוטב טקמלי 320 גרם,מיליליטרים,320.00,"100 מ""ל",false,1,12.90,4.03,true,1,
4605504522711,false,וופלים קורובקה בטעם חלב מבושל 300 גר,,,וופלים קורובקה בטעם,גרמים,300.00,100 גרם,false,1,15.90,5.30,true,1,
4605516020120,false,סט ממתקי שוקולד וקרמלים 250 גר FONARIK,,RU,מבחר ממתקי 250 גרם,גרמים,250.00,100 גרם,false,0,34.90,13.96,true,1,
4605561010329,false,חתיכות פילה הרינג מעושן בשמן 500 גרם,,RU,חתיכות פילה הרינג,גרמים,500.00,100 גרם,false,1,31.50,6.30,true,1,
4605561010350,false,חתיכות פילה הרינג בשמן 200 גר,,,חתיכות פילה הרינג בש,גרמים,200.00,100 גרם,false,1,12.50,6.25,true,1,
4605561011975,false,חתיכות פילה הרינג בשמן 150 גרם,,,חתיכות פילה הרינג בש,גרמים,200.00,100 גרם,false,1,8.90,4.45,true,1,
4605561013009,false,פילה הרינג בשמן 400 גרם,,,פילה הרינג בשמן 400,גרמים,400.00,100 גרם,false,1,18.80,4.70,true,1,
4605627006600,false,מעדן פרוטיס תות שדה 290ג',,RU,פרוטיס תות שדה 290 מ,מיליליטרים,290.00,"100 מ""ל",false,1,11.90,4.10,true,1,
4605627006624,false,מעדן פרוטיס אפרסק 290ג',,,פרוטיס אפרסק 320 מל,מיליליטרים,320.00,"100 מ""ל",false,1,11.90,3.72,true,1,
4606598001359,false,תבלין לעוף מגיה ווסטוקה 15 גרם,,,תבלין לעוף מגיה ווסט,Unknown,0.00,Unknown,false,1,3.90,3.90,true,1,
4607002990238,false,שעועית אדומה דוד וניה 400 גר,,,שעועית אדומה דוד וני,גרמים,400.00,100 גרם,false,1,10.50,2.63,true,1,
4607002991235,false,אסורטי עגבניות ומלפפונים 1.8ל דאדיה וניה,,RU,אסורטי עגבניות ומלפפ,ליטרים,0.00,ליטר,false,1,29.90,29.90,true,1,
4607002991587,false,עגבניות מוחמצות 1.8 ל דאדיה וניה,,RU,עגבניות מוחמצות 1.8,ליטרים,0.00,ליטר,false,1,29.90,29.90,true,1,
4607002999309,false,שעועית לבנה אפויה דיאדיה וניה 480 גר,,RU,שעועית לבנה אפויה די,גרמים,480.00,100 גרם,false,1,12.90,2.69,true,1,
4607012350992,false,גרעיני חמניות מרטין 100 גרם,,,גרעיני חמניות מרטין,גרמים,100.00,100 גרם,false,1,8.30,8.30,true,1,
4607012351005,false,גרעיני חמניות מרטין ללא מלח 200 גרם,"נארז ע""י : א.ג. גילר",RU,גרעיני חמניות מרטין,גרמים,200.00,100 גרם,false,1,12.90,6.45,true,1,
4607012351791,false,"צנימים ""MARTIN"" בטעם גבינה 60 גר",,,"צנימים ""MARTIN"" בטע",גרמים,60.00,100 גרם,false,1,5.50,9.17,true,1,
4607012351951,false,גרעיני חמניות מרטין עם מלח 100 גרם,,,גרעיני חמניות מרטין,גרמים,100.00,100 גרם,false,1,8.30,8.30,true,1,
4607012351999,false,גרעיני חמניות מרטין עם מלח 200 גרם,"נארז ע""י : א.ג. גילר",RU,גרעיני חמניות מרטין,גרמים,200.00,100 גרם,false,1,12.90,6.45,true,1,
4607012352453,false,גרעיני חמניות מרטין פסים עם מלח 150 גר,,,גרעיני חמניות מרטין,גרמים,150.00,100 גרם,false,1,12.00,8.00,true,1,
4607014780551,false,שמן חמניות מזוכך בלגו 1 ל,,,שמן חמניות מזוכך בל,מיליליטרים,1000.00,"100 מ""ל",false,1,21.90,2.19,true,1,
4607014782111,false,שמן חמניות לא מזוכך בלגו 1 ל,,,שמן חמניות לא מזוכך,מיליליטרים,1000.00,"100 מ""ל",false,1,21.90,2.19,true,1,
4607014788014,false,שמן קנולה 1 ליטר בית יוסף,,RU,שמן קנולה 1 ליטר בית,מיליליטרים,1000.00,"100 מ""ל",false,1,12.90,1.29,true,1,
4607016240398,false,סולת 700 גרם,,,סולת 700 גרם,גרמים,700.00,100 גרם,false,1,10.90,1.56,true,1,
4607016243108,false,ש.שועל עם פטל 5*40גר,,,ש.שועל עם פטל 5*40גר,גרמים,200.00,100 גרם,false,1,14.90,7.45,true,1,
4607016243160,false,ש.שועל עם אפרסק 5*40גר,,,ש.שועל עם אפרסק 5*40,גרמים,200.00,100 גרם,false,1,14.90,7.45,true,1,
4607016243191,false,ש.שועל עם אוכמניות 5*40גר,,,ש.שועל עם אוכמניות 5,גרמים,200.00,100 גרם,false,1,14.90,7.45,true,1,
4607016243221,false,ש.שועל עם תפוח 5*40גר,,,ש.שועל עם תפוח 5*40ג,גרמים,200.00,100 גרם,false,1,14.90,7.45,true,1,
4607016245324,false,אובלקה תערובת 4 דגנים 350 גר,,,אובלקה תערובת 4 דגני,גרמים,350.00,100 גרם,false,1,7.90,2.26,true,1,
4607016245805,false,דייסת ש.שועל עם תערובת פירות יער 5*40גר,,,דייסת ש.שועל עם תערו,גרמים,200.00,100 גרם,false,1,14.90,7.45,true,1,
4607016248448,false,דייסה שיבולת שועל עם בננה ותות שדה 200 ג,,RU,דייסה שיבולת שועל עם,גרמים,200.00,100 גרם,false,1,14.90,7.45,true,1,
4607017090350,false,מים מינרלים יסנטוקי מס 17 1.5 ליטר,,RU,מים מינרלים יסנטוקי,ליטרים,0.00,ליטר,false,1,12.90,12.90,true,1,
4607017091029,false,מים מינרלים יסנטוקי מס 4 1.5 ליטר,,RU,מים מינרלים יסנטוקי,ליטרים,0.00,ליטר,false,1,12.90,12.90,true,1,
4607037431300,false,זפיר וניל 420 גרם NEVA,,,זפיר וניל 420 גרם NE,גרמים,420.00,100 גרם,false,1,19.90,4.74,true,1,
4607037437777,false,זפיר ותפוח 420 גרם NEVA,,,זפיר ותפוח 420 גרם N,גרמים,420.00,100 גרם,false,1,19.90,4.74,true,1,
4607038061018,false,שימור דג גרבושה 250 גרם,,RU,שימור דג גרבושה טבעי,גרמים,250.00,100 גרם,false,1,14.90,5.96,true,1,
4607041230852,false,צנימים עם צימוקים וסוכר 300 גר POSOLSKIE,,,צנימים עם צימוקים וס,גרמים,300.00,100 גרם,false,1,11.90,3.97,true,1,
4607041232665,false,צנימים עם צימוקים 300 גר POSOLSKIE,,RU,צנימים עם צימוקים 30,גרמים,300.00,100 גרם,false,1,11.90,3.97,true,1,
4607044600027,false,"רוטב שען קלאסיק 330 מ""ל",,,רוטב שען קלאסיק 330,מיליליטרים,330.00,"100 מ""ל",false,1,21.90,6.64,true,1,
4607051158221,false,תה ארל גריי 20 שקיקים CURTIS,,,תה ארל גריי 20 שקיקי,Unknown,0.00,Unknown,false,1,12.90,12.90,true,1,
4607051158269,false,תה 20 שקיקים 34 גר LEMON CURTIS,,,תה 20 שקיקים 34 גר L,Unknown,0.00,Unknown,false,1,12.90,12.90,true,1,
4607054451718,false,"גרעינים 230 גר ""VOLK*",,,"גרעינים 230 גר ""VOLK",גרמים,230.00,100 גרם,false,1,12.60,5.48,true,1,
4607054452470,false,גרעינים 500 גר *VOLK*,,,גרעינים 500 גר *VO,גרמים,500.00,100 גרם,false,1,12.64,2.53,true,1,
4607067934055,false,גלידת מצופה שוקולד עם שביי שקדים 80 גר,,RU,גלידת מצופה שוקולד ע,גרמים,80.00,100 גרם,false,1,6.90,8.63,true,1,
4607067935175,false,גלידת מצופה שוקולד עם שביי פיסטוק 80 גר,,RU,גלידת מצופה שוקולד ע,גרמים,80.00,100 גרם,false,1,6.90,8.63,true,1,
4607067937537,false,גלידה כוס פלומביר פילבסקי 90 גר,,,גלידה כוס פלומביר פי,גרמים,90.00,100 גרם,false,1,6.90,7.67,true,1,
4607067937551,false,גלידה כוס פלומביר פילבסקי שוקולד 90 גר,,,גלידה כוס פלומביר פי,גרמים,90.00,100 גרם,false,1,6.90,7.67,true,1,
4607067937698,false,גלידה כוס פלומביר וולגודסקי 100 גרם,,,גלידה כוס פלומביר וו,גרמים,100.00,100 גרם,false,1,6.90,6.90,true,1,
4607084419986,false,סלט כרוב לבן עם פטריות בסגנון ציכי 480,,RU,סלט כרוב לבן עם פטרי,גרמים,480.00,100 גרם,false,1,13.90,2.90,true,1,
4607117890874,false,קרמל מיצטה 250 גרם,,,קרמל מיצטה 250 גרם,גרמים,250.00,100 גרם,false,1,9.50,3.80,true,1,
4607117890973,false,סוכריות בטונציק רוט - פרונט 250 גרם,,,סוכריות בטונציק רוט,גרמים,250.00,100 גרם,false,1,17.90,7.16,true,1,
4607952850156,false,קוויאר אדום צנצנת 230 גרם,,,קוויאר אדום צנצנת 23,גרמים,230.00,100 גרם,false,1,115.00,50.00,true,1,
4610018570073,false,קוויאר בפחית 95 גר,,,קוויאר בפחית 95 גר,גרמים,95.00,100 גרם,false,1,41.90,44.11,true,1,
4610082660045,false,שוקולד מריר עם אגוזי לוז וסטוויה 90 ג,,,שוקולד מריר עם אגוזי,גרמים,90.00,100 גרם,false,1,12.90,14.33,true,1,
4610082660069,false,שוקולד מריר עם שקדים וסטוויה 90 ג,,,שוקולד מריר עם שקדים,גרמים,90.00,100 גרם,false,1,12.90,14.33,true,1,
4610082660731,false,"סוכריות טראפל שוקולד ללת""ס 150 גר",,,סוכריות טראפל שוקולד,גרמים,150.00,100 גרם,false,1,16.90,11.27,true,1,
4620015851044,false,תה ירוק כורטיס פיטיה לבנה 20 שקיקים,,,תה ירוק כורטיס פיטיה,Unknown,0.00,Unknown,false,1,12.90,12.90,true,1,
4620015851068,false,תה שחור 20 שקיקים 36 גר TRUFFLE CURTIS,,,תה שחור 20 שקיקים 36,Unknown,0.00,Unknown,false,1,12.90,12.90,true,1,
4620015851082,false,תה שחור RICHARD* EARL GREY,,RU,תה שחור RICHARD* E,גרמים,200.00,100 גרם,false,1,19.90,9.95,true,1,
4620015851778,false,תה שחור RICHARD* ENG.BREAKFAST*,,RU,תה שחור RICHARD* ENG,גרמים,200.00,100 גרם,false,1,19.90,9.95,true,1,
4620015851860,false,תה שחור ריצירד רויאל מיס גראי 20 שקיקים,,,תה שחור ריצירד רויאל,Unknown,0.00,Unknown,false,1,12.90,12.90,true,1,
4620015852973,false,תה פירות ריצירד 20 שקיקים ROYAL RED,,RU,תה פירות ריצירד 20 ש,Unknown,0.00,Unknown,false,1,12.90,12.90,true,1,
4620016960813,false,תבלין לבשר פריפרבקה 15 גר,,,תבלין לבשר פריפרבקה,Unknown,0.00,Unknown,false,1,3.90,3.90,true,1,
4620032651207,false,גלידת וניל בגביע מילוי ריבת חלב 100 גר,,RU,גלידת וניל בגביע מיל,גרמים,100.00,100 גרם,false,1,6.90,6.90,true,1,
4620032652358,false,רוזוק שוקולד במילוי משמש 80 גרם,,,רוזוק שוקולד במילוי,גרמים,80.00,100 גרם,false,1,6.90,8.63,true,1,
4640018993343,false,פיניש קוואנטום קפסולות ג'ל למדיח כלים 30 יח',רקיט בנקיזר,PL,טבליות למדיח פיניש ק,Unknown,0.00,Unknown,false,1,44.90,44.90,true,1,
4640018993350,false,פיניש קוואנטום קפסולות ג'ל למדיח כלים לימון 30 יח',רקיט בנקיזר,PL,טבליות למדיח פיניש ק,Unknown,0.00,Unknown,false,1,44.90,44.90,true,1,
4660013940463,false,שוקולד מריר 50% פובדה 250 גר,,RU,שוקולד מריר 50% פובד,גרמים,250.00,100 גרם,false,1,14.90,5.96,true,1,
4660013940494,false,שוקולד חלב אגוזים/צימוקים פובדה 250 גר,,RU,שוקולד חלב אגוזים/צי,גרמים,250.00,100 גרם,false,1,14.90,5.96,true,1,
4660013945703,false,שוקולד חלב ללא סוכר עם סטוויה 100 גר,,RU,שוקולד חלב ללא סוכר,גרמים,100.00,100 גרם,false,1,11.90,11.90,true,1,
4660013948131,false,"שוקולד מריר 57%קקאו לל""ס עם ססטוויה 100ג",,RU,שוקולד מריר 57%קקאו,גרמים,100.00,100 גרם,false,1,11.90,11.90,true,1,
4660013949480,false,סט ממתקים מתנה משושה 150 גר,,RU,סט ממתקים מתנה משושה,גרמים,150.00,100 גרם,false,1,17.90,11.93,true,1,
4680036910199,false,"בירה קראפט 450 מ""ל APA",,,"בירה קראפט 450 מ""ל A",מיליליטרים,450.00,"100 מ""ל",false,1,13.90,3.09,true,1,
4680036914395,false,"בירה קראפט IPA לא מסוננת 450 מ""ל WOLFBRE",,RU,בירה קראפט IPA לא מס,מיליליטרים,450.00,"100 מ""ל",false,1,13.90,3.09,true,1,
4680036914913,false,"בירה גיגולי ללא אלכוהול בקבוק 450 מ""ל",,RU,בירה גיגולי 0% אלכוה,מיליליטרים,450.00,"100 מ""ל",false,1,8.50,1.89,true,1,
4680036915934,false,בירה זיגולי 450 מל,,,בירה זיגולי 450 מל,מיליליטרים,450.00,"100 מ""ל",false,1,11.90,2.64,true,1,
4680036916283,false,"משקה על בסיס בירה תות ליים 450 מ""ל",,,משקה על בסיס בירה תו,מיליליטרים,450.00,"100 מ""ל",false,1,13.90,3.09,true,1,
4710068001692,false,"מאסטר קפה לאטה פחית 240מ""ל",תאיט מרקטינג אנד דיס,,מאסטר קפה לאטה 240 מ,מיליליטרים,240.00,"100 מ""ל",false,1,7.90,3.29,true,1,
4710068001715,false,"מאסטר קפה טירמיסו 240 מ""ל",יוני פרזינדנט אנטרפר,,מאסטר קפה טירמיסו 24,מיליליטרים,240.00,"100 מ""ל",false,1,7.90,3.29,true,1,
4710068001739,false,"מאסטר קפה קולומביאני 240 מ""ל",יוני פרזינדנט אנטרפר,,מאסטר קפה קולוביאני,מיליליטרים,250.00,"100 מ""ל",false,1,7.90,3.16,true,1,
4710068002798,false,"מאסטר קפה ונילה פחית 240מ""ל",מאיטה פוד אינדוסטריא,,מאסטר קפה וניל 240 מ,מיליליטרים,240.00,"100 מ""ל",false,1,7.90,3.29,true,1,
4710068002811,false,"מאסטר קפה וונילה 240 מ""ל",,,מאסטר קפה וונילה 24,מיליליטרים,240.00,"100 מ""ל",false,1,8.20,3.42,true,1,
4710068003313,false,"מאסטר קפה אמריקאנו פחית 240מ""ל",מאיטה פוד אינדוסטריא,TW,מאסטר קפה אמריקנו 24,מיליליטרים,240.00,"100 מ""ל",false,1,7.90,3.29,true,1,
4710964104916,false,שמן שומשום טהור 370 מל,,,שמן שומשום טהור 370,מיליליטרים,370.00,"100 מ""ל",false,1,26.10,7.05,true,1,
4740098098379,false,"קוקטייל מרגריטה אה לה קוק 330 מ""ל",אה לי קוק,EE,קוקטייל מרגריטה אה ל,מיליליטרים,330.00,"100 מ""ל",false,1,12.90,3.91,true,1,
4740098098393,false,"קוקטייל און דה ביץ אה לה קוק 330 מ""ל",,,קוקטייל און דה ביץ,מיליליטרים,330.00,"100 מ""ל",false,1,12.90,3.91,true,1,
4750001814743,false,בונבוניירה ורדים אדומים 470 גר LAIMA,,,בונבוניירה ורדים אדו,גרמים,470.00,100 גרם,false,1,43.90,9.34,true,1,
4750001818734,false,אסורטי קריסמס SLADGE לאימה 470 גרם,,,אסורטי קריסמס SLADGE,גרמים,470.00,100 גרם,false,1,42.90,9.13,true,1,
4750001948127,false,אסורטי שוקולד מריר 215 גרם LAIMA,,,אסורטי שוקולד מריר 2,גרמים,215.00,100 גרם,false,1,26.90,12.51,true,1,
4750001950984,false,שוקולד מריר דובדבנים ושקדים 100 גר לאימה,,,שוקולד מריר דובדבנים,גרמים,100.00,100 גרם,false,1,10.90,10.90,true,1,
4750001953657,false,שוקולד חלב עם אגוזי לוז שלמים 200 גLAIMA,,,שוקולד חלב עם אגוזי,גרמים,200.00,100 גרם,false,1,19.90,9.95,true,1,
4750001955545,false,LAIMA עוגות וופל בלוצקה 350 גר 18 יח,,LV,LAIMA עוגות וופל בלו,גרמים,350.00,100 גרם,false,1,23.90,6.83,true,1,
4750010492826,false,שפרוטים מעושנים ריגה בצנצנת 250 גר,,LV,שפרוטים מעושנים ריגה,גרמים,250.00,100 גרם,false,1,16.40,6.56,true,1,
4750012000036,false,דיווה קוסמופוליטן שיכר מלון 750 מל,,,דיווה קוסמופוליטן שי,Unknown,0.00,Unknown,false,1,24.90,24.90,true,1,
4750012000173,false,דיווה קוסמופוליטן פסיפלורה 750 מל,Amberbev Internation,LV,דיווה קוסמופוליטן פס,Unknown,0.00,Unknown,false,1,24.90,24.90,true,1,
4750012013036,false,דיווה קוסמופוליטן תות מנטה 750 מל,,,דיווה קוסמופוליטן,Unknown,0.00,Unknown,false,1,24.90,24.90,true,1,
4750012025855,false,דיווה קוסמופוליטן-שיכר תפוח 750 מל,Amberbev Internation,LV,דיווה קוסמופוליטן,Unknown,0.00,Unknown,false,1,24.90,24.90,true,1,
4750012026852,false,דיווה קוסמופוליטן שיכר פרי יער 750 מל,,,דיווה קוסמופוליטן,Unknown,0.00,Unknown,false,1,24.90,24.90,true,1,
4750021011139,false,דיווה קוסמופוליטן פינה קולדה 750 מל,,,דיווה קוסמופוליטן פי,Unknown,0.00,Unknown,false,1,24.90,24.90,true,1,
4750021221361,false,"וודקה 700 מ""ל RIGA BLACK",,,"וודקה 700 מ""ל RIGA B",מיליליטרים,700.00,"100 מ""ל",false,1,52.90,7.56,true,1,
4750022741295,false,מחית תפוחי עץ עם אפרסק שמנת 500 ג SPILVA,,LV,מחית תפוחי עץ עם אפר,גרמים,500.00,100 גרם,false,1,16.90,3.38,true,1,
4750024001908,false,טוגני תפוחי אדמה בטעם שמיר 130 גר TAFFEL,,LV,טוגני תפוחי אדמה בטע,גרמים,130.00,100 גרם,false,1,16.90,13.00,true,1,
4750024002004,false,טוגני תפוחי אדמה בטעם חזרת 130 גר,,,ADAZU טוגני תפוחי אד,גרמים,130.00,100 גרם,false,1,16.90,13.00,true,1,
4750024002172,false,"טוגני תפ""א שישליק ובצל מטוגן 130ג TAFFEL",,LV,"טוגני תפ""א שישליק וב",גרמים,130.00,100 גרם,false,1,16.90,13.00,true,1,
4750024002189,false,"טוגני תפ""א שמנת חמוצה ובצל 130 גר TAFFEL",,LV,"טוגני תפ""א שמנת חמוצ",גרמים,130.00,100 גרם,false,1,16.90,13.00,true,1,
4750024002196,false,"טוגני תפ""א בטעם גבינה שמנת 130 גר TAFFEL",,LV,"טוגני תפ""א בטעם גבינ",גרמים,130.00,100 גרם,false,1,16.90,13.00,true,1,
4750050341405,false,חטיף שוקלד טעם וניל,,,חטיף שוקלד טעם וניל,גרמים,60.00,100 גרם,false,1,5.50,9.17,true,1,
4750050341498,false,חטיף גבינה אגוז KARUMS 45 גר,,,חטיף גבינה אגוז 45 ג,גרמים,45.00,100 גרם,false,1,5.50,12.22,true,1,
4750108005259,false,"HAPPY NEW YEAR משקה מוגז ללא אלכוהול 750 מ""ל",,LV,HAPPY NEW YEAR משקה,Unknown,0.00,Unknown,false,1,22.90,22.90,true,1,
4750108005310,false,"SNOW QUEEN משקה מוגז ללא אלכוהול 750 מ""ל",,LV,SNOW QUEEN משקה מוגז,Unknown,0.00,Unknown,false,1,22.90,22.90,true,1,
4750163986661,false,צנימים שיפון עם שום 180 גר MARIO,,,צנימים שיפון עם שום,גרמים,180.00,100 גרם,false,1,16.90,9.39,true,1,
4750239003735,false,"משקה בטעם מאלט ""קוואס"" לבן 1.5 ליטר",,,"משקה בטעם מאלט ""קווא",ליטרים,0.00,ליטר,false,1,16.90,16.90,true,1,
4750817032003,false,סלט סלומון עם ירקות בטעם אסיאתי 240 גר,,LV,סלט סלומון עם ירקות,גרמים,240.00,100 גרם,false,1,7.90,3.29,true,1,
4750817032010,false,סלט סלומון עם ירקות בטעם מקסיקני 240 גר,,LV,סלט סלומון עם ירקות,גרמים,240.00,100 גרם,false,1,7.90,3.29,true,1,
4750817111067,false,BEST OF RIGAפילה סלמון במיץ טבעי 240 גר,,,BEST OF RIGAפילה סלמ,גרמים,240.00,100 גרם,false,1,8.50,3.54,true,1,
4750817132505,false,פילה קלמרי במיץ טבעי עם שמיר 240 גר,,LV,פילה קלמרי במיץ טבעי,גרמים,240.00,100 גרם,false,1,15.40,6.42,true,1,
4750817133120,false,סרדינה בשמן 240 גר BEST OF RIGA,,LV,סרדינה בשמן 240 גר B,גרמים,240.00,100 גרם,false,1,8.50,3.54,true,1,
4750817136619,false,קילקה ברוטב עגבניות 240 גר BEST OF RIGA,,LV,קילקה ברוטב עגבניות,גרמים,240.00,100 גרם,false,1,5.90,2.46,true,1,
4751003924003,false,סלט טונה עם ירקות איטלקי 185 ג' לארסן,,,סלט טונה וירקות איטל,גרמים,185.00,100 גרם,false,1,13.90,7.51,true,1,
4751005703569,false,שפרוטים מעושנים בשמן 250 גר AMBERFISH,,LV,שפרוטים מעושנים בשמן,גרמים,250.00,100 גרם,false,1,17.90,7.16,true,1,
4751007732833,false,פילה סלמון ברוטב עגבניות 170 גרם,,,פילה סלמון ברוטב עגב,גרמים,170.00,100 גרם,false,1,11.90,7.00,true,1,
4751007732840,false,פילה סלמון ברוטב מתובל 170 גרם,,,פילה סלמון ברוטב מתו,גרמים,170.00,100 גרם,false,1,11.90,7.00,true,1,
4751007732970,false,סלט איטלקי עם סלומון 170 גרם,,,סלט איטלקי עם סלומון,גרמים,170.00,100 גרם,false,1,11.90,7.00,true,1,
4751007738101,false,סלט סלמון עם ירקות איטלקי 220 ג' לארסן,,,סלט סלמון וירקות איט,גרמים,220.00,100 גרם,false,1,12.90,5.86,true,1,
4751007738163,false,צדפות מעושנות ברוטב שום 120 גר SEA FOOD,,LV,צדפות מעושנות ברוטב,גרמים,120.00,100 גרם,false,1,13.90,11.58,true,1,
4751007738385,false,קילקה ברוטב עגבניות 240 גר KARAVELA,,,קילקה ברוטב עגבניות,גרמים,240.00,100 גרם,false,1,4.50,1.88,true,1,
4751007739917,false,נתחי דג סלמון במיץ טבעי תומר 185 גרם,,,נתחי דג סלמון במיץ ט,גרמים,185.00,100 גרם,false,1,10.90,5.89,true,1,
4751007739924,false,נתחי דג סלמון ברוטב עגבניות תומר 185 גרם,,,נתחי דג סלמון ברוטב,גרמים,185.00,100 גרם,false,1,10.90,5.89,true,1,
4751017402832,false,שימורי מולים מעושנים בשמן 120 גר BANGA,,LV,שימורי מולים מעושנים,גרמים,120.00,100 גרם,false,1,17.90,14.92,true,1,
4751017402856,false,מולים מעושנים בשמן עם צילי 120 גר BANGA,,LV,מולים מעושנים בשמן ע,גרמים,120.00,100 גרם,false,1,17.90,14.92,true,1,
4751027950026,false,"שוקולד מריר לל""ס שקדים תפוזים 100 גר RED",,LV,"שוקולד מריר לל""ס שקד",גרמים,100.00,100 גרם,false,1,11.90,11.90,true,1,
4751029290472,false,שימורי ממרח סלמון 240 גרם VILNIS,,LT,שימורי ממרח סלמון 24,גרמים,240.00,100 גרם,false,1,7.13,2.97,true,1,
4760013403637,false,וופלים בטעם לימון 200 גר SLADOK,,,וופלים בטעם לימון 20,גרמים,200.00,100 גרם,false,1,5.90,2.95,true,1,
4760013403644,false,וופלים בטעם חלב 200 גר SLADOK,,,וופלים בטעם חלב 200,גרמים,200.00,100 גרם,false,1,5.90,2.95,true,1,
4760013409585,false,וופלים בטעם קקאו ואגוזי לוז 400 גר,,,וופלים בטעם קקאו ואג,גרמים,400.00,100 גרם,false,1,11.90,2.98,true,1,
4760062100846,false,תה שחור 250 גר BUKET,אזרסטאן קאנד,AZ,תה שחור 250 גר BUKET,גרמים,250.00,100 גרם,false,1,32.50,13.00,true,1,
4760062101775,false,תה שחור אזרציי 250 גר,,AZ,תה שחור אזרציי 250 ג,גרמים,250.00,100 גרם,false,1,32.50,13.00,true,1,
4760065709145,false,מלפפונים בחומץ 670 גר,אזרסאן,AZ,מלפפונים בחומץ 670 ג,גרמים,670.00,100 גרם,false,1,14.90,2.22,true,1,
4760068002397,false,ממרח חצילים קלויים 315 גר,אזרסאן,AZ,ממרח חצילים קלויים 3,גרמים,315.00,100 גרם,false,1,14.90,4.73,true,1,
4760127700639,false,עוגת רולדה במילוי קרם בטעם חלב 150,,,עוגת רולדה במילוי קר,גרמים,150.00,100 גרם,false,1,5.90,3.93,true,1,
4760127703197,false,מאפינס בטעם שוקולד 210 גר DARENKA,,,מאפינס בטעם שוקולד 2,גרמים,210.00,100 גרם,false,1,9.90,4.71,true,1,
4760127704347,false,מיני עוגות רולדה בטעם שוקולד 500 גר,,,מיני עוגות רולדה בטע,גרמים,500.00,100 גרם,false,1,19.90,3.98,true,1,
4770237049313,false,גלידה אסקימו פלומביר עם שקדים 63 גר,,,גלידה אסקימו פלומביר,גרמים,63.00,100 גרם,false,1,7.20,11.43,true,1,
4770237051804,false,חטיף גבינה וניל 45 גר,,,חטיף גבינה וניל 45 ג,גרמים,4500.00,100 גרם,false,1,4.50,0.10,true,1,
4770237051811,false,חטיף גבינה עם ריבת חלב 45 גר,,,חטיף גבינה עם ריבת ח,גרמים,4500.00,100 גרם,false,1,4.50,0.10,true,1,
4770237051828,false,חטיף גבינה תות שדה 45 גר,,,חטיף גבינה תות שדה 4,גרמים,4500.00,100 גרם,false,1,4.50,0.10,true,1,
4770237051842,false,חטיף גבינה בטעם שוקולד 45 גר,,,חטיף גבינה בטעם שוקו,גרמים,4500.00,100 גרם,false,1,4.50,0.10,true,1,
4770237055055,false,שמנת 30% 200 גר,,,30% 200 גר SMETANKA,גרמים,200.00,100 גרם,false,1,11.90,5.95,true,1,
4770265045264,false,דייסת שיבולת שועל 200 גר,,,דייסת שיבולת שועל,גרמים,200.00,100 גרם,false,1,8.30,4.15,true,1,
4770265046452,false,גבינה מותכת 28% סבליה 185 גר,,LT,גבינה מותכת 28% סבלי,גרמים,185.00,100 גרם,false,1,20.90,11.30,true,1,
4770265219535,false,גבינה אנגולי מעושנת 150 גר גורמן,,,גבינה אנגולי מעושנת,גרמים,150.00,100 גרם,false,1,12.90,8.60,true,1,
4770337046427,false,פרוסות גבינה 27% שומן 150 גרם MASSDAM,,,פרוסות גבינה 27% שומ,גרמים,150.00,100 גרם,false,1,20.10,13.40,true,1,
4770337047431,false,תחליף גבינה 150 גר SVALIA,,,גבינה אנלוגי 150 גר,גרמים,150.00,100 גרם,false,1,12.90,8.60,true,1,
4770337047455,false,תחליף גבינה רוסיסקי 150 גר,,,גבינה אנלוגי רוסיסקי,גרמים,150.00,100 גרם,false,1,12.90,8.60,true,1,
4770337048131,false,תחליף גבינה רוסייסקי 240 גר,,LT,גבינה אנלוגי רוסייסק,גרמים,240.00,100 גרם,false,1,18.90,7.88,true,1,
4770477230052,false,"KRIEK בירה דובדבן 500 מ""ל",,LV,KRIEK בירה דובדבן 50,מיליליטרים,500.00,"100 מ""ל",false,1,11.70,2.34,true,1,
4770583213727,false,מיונז פרובנסל 450 גרם,,,מיונז פרובנסל 450 גר,גרמים,450.00,100 גרם,false,1,14.20,3.16,true,1,
4770583213949,false,מיונז פרובנסל זיתים 450 גרם,,,מיונז פרובנסל זיתים,גרמים,450.00,100 גרם,false,1,14.20,3.16,true,1,
4770583214052,false,מיונז פרובנסל 900 גרם,,,מיונז פרובנסל 900 גר,גרמים,900.00,100 גרם,false,1,25.90,2.88,true,1,
4770583219194,false,כרוב כבוש עם חמוציות 900 גרם,,,כרוב כבוש עם חמוציות,גרמים,900.00,100 גרם,false,1,17.90,1.99,true,1,
4771033178160,false,בגט חצי אפוי עם שום חמאה 175 גרם,,,בגט חצי אפוי עם שום,גרמים,175.00,100 גרם,false,1,9.50,5.43,true,1,
4779020987689,false,כבד שיבוט 240 גר BEST OF RIGA,,,כבד שיבוט 240 גר BES,גרמים,240.00,100 גרם,false,1,21.90,9.13,true,1,
4779027471150,false,חטיף גבינה לבנה בטעם פלומביר 43 גרם,,,חטיף גבינה לבנה בטעם,גרמים,43.00,100 גרם,false,1,5.50,12.79,true,1,
4779027471167,false,חטיף גבינה לבנה בטעם קרם ברולה 43 גרם,,,חטיף גבינה לבנה בטעם,גרמים,43.00,100 גרם,false,1,5.50,12.79,true,1,
4779027471181,false,חטיף גבינה במילוי דובדבנים בציפוי קקאו,,,חטיף גבינה במילוי דו,גרמים,43.00,100 גרם,false,1,5.50,12.79,true,1,
4779036871415,false,גלידת שמנת בטעם וניל בציפוי שוקולד חלב,,,גלידת שמנת בטעם וניל,גרמים,80.00,100 גרם,false,1,9.90,12.38,true,1,
4779036941149,false,עוגיות בצורת פטריות 150 גר,,,עוגיות בצורת פטריות,גרמים,150.00,100 גרם,false,1,11.80,7.87,true,1,
4779039730276,false,מרק עגבניות מוקרם אורגני 400 גרם,גרביאי,LT,מרק עגבניות מוקרם,גרמים,400.00,100 גרם,false,1,17.90,4.48,true,1,
4780030690063,false,AGROMIRתערובת עגבניות שרי ומלפפונים 720,,,AGROMIRתערובת עגבניו,גרמים,720.00,100 גרם,false,1,15.90,2.21,true,1,
4780030690292,false,AGROMIRמלפפונים בחומץ עם שום ושמיר 720מ,,,AGROMIRמלפפונים בחומ,גרמים,750.00,100 גרם,false,1,14.90,1.99,true,1,
4791045002642,false,תה עלים ירוק עם יסמין 100 גרם,,,תה עלים ירוק עם יסמי,גרמים,100.00,100 גרם,false,1,15.80,15.80,true,1,
4792032060454,false,"גרין קוקו - מי קוקוס אורגניים 330 מ""ל",,,גרין קוקו - מי קוקוס,מיליליטרים,330.00,"100 מ""ל",false,1,10.50,3.18,true,1,
4792252007222,false,תה שחור עם חמוציות 2 גר*100 שקיקים,,,תה שחור עם חמוציות 2,גרמים,200.00,100 גרם,false,1,42.90,21.45,true,1,
4792252935495,false,תה פרוט ימפ.אסורטי שק 60*1.8 בסילור,,LK,תה פרוט ימפ.אסורטי ש,גרמים,108.00,100 גרם,false,1,38.90,36.02,true,1,
4793000637012,false,קינמון ציילון אורגני טחון 70 גרם,אינטרנשיונל קומודטי,DE,קינמון ציילון אורגני,גרמים,70.00,100 גרם,false,1,18.90,27.00,true,1,
4796019790020,false,"שמן קוקוס אורגני 500 מ""ל גרין קוקו",גרין קוקו,LK,שמן קוקוס אורגני 500,מיליליטרים,500.00,"100 מ""ל",false,1,36.50,7.30,true,1,
4800011637969,false,נרות סמל השנה,,,נרות סמל השנה,Unknown,0.00,Unknown,false,1,15.90,15.90,true,1,
4800937547960,false,עיליון מעוצב לעץ MIX,,,עיליון מעוצב לעץ MIX,Unknown,0.00,Unknown,false,1,25.90,25.90,true,1,
4810065013121,false,חלב מרוכז ממותק דוי פק רוגציוב 280 גרם,,BY,חלב מרוכז ממותק דוי,גרמים,280.00,100 גרם,false,1,15.90,5.68,true,1,
4810168000011,false,פילה הרינג מלוח 250 גר,,,פילה הרינג מלוח 250,גרמים,250.00,100 גרם,false,1,15.60,6.24,true,1,
4810168000103,false,פילה הרינג מטיאס 250גר,,BY,פילה הרינג מלוח מעוש,גרמים,250.00,100 גרם,false,1,15.60,6.24,true,1,
4810168000998,false,חתיכות פילה הרינג מלוח מצונן בצל 260 גר,,,חתיכות פילה הרינג,גרמים,260.00,100 גרם,false,1,19.80,7.62,true,1,
4810168001056,false,חתיכות פילה הרינג מלוח מצונן 260 גר,,,חתיכות פילה הרינג,גרמים,260.00,100 גרם,false,1,19.80,7.62,true,1,
4810168004132,false,ביצי דג טרוטונית אטלנטי מומלח מצונן 180,,,ביצי דג טרוטונית אטל,גרמים,180.00,100 גרם,false,1,18.80,10.44,true,1,
4810168004149,false,ביצי דג טרוטונית אטלנטי מעושן מצונן 180,,,ביצי דג טרוטונית אטל,גרמים,180.00,100 גרם,false,1,18.80,10.44,true,1,
4810168004156,false,ביצי דג טרוטונית אטלנטי סלמון מעושן 180ג,,,ביצי דג טרוטונית אטל,גרמים,180.00,100 גרם,false,1,18.80,10.44,true,1,
4810168016104,false,ביצי דג טרוטונית אטלנטי חסילונים 180 גר,,,ביצי דג טרוטונית אטל,גרמים,180.00,100 גרם,false,1,18.80,10.44,true,1,
4810168018795,false,חתיכות פילה הרינג מלוח 200 גר,,,חתיכות פילה הרינג מל,גרמים,200.00,100 גרם,false,1,15.60,7.80,true,1,
4810168019051,false,פילה הרינג מלוח עם תבלין 200 גר,,BY,פילה הרינג מלוח עם ת,גרמים,200.00,100 גרם,false,1,15.60,7.80,true,1,
4810168020309,false,אצות ים מוחמצות 150 גר,,,אצות ים מוחמצות 150,גרמים,150.00,100 גרם,false,1,7.70,5.13,true,1,
4810168020330,false,אצות ים מוחמצות פטריות 150 גר,,,אצות ים מוחמצות,גרמים,150.00,100 גרם,false,1,7.70,5.13,true,1,
4810168020361,false,אצות ים מוחמצות עם חצילים 150 גר,,,אצות ים מוחמצות עם ח,גרמים,150.00,100 גרם,false,1,7.70,5.13,true,1,
4810168020392,false,אצות ים מוחמצות גזר 150 גר,,,אצות ים מוחמצות גזר,גרמים,150.00,100 גרם,false,1,7.70,5.13,true,1,
4810168023478,false,סלט אצות ים צוקה 150 גרם,,,סלט אצות ים צוקה 150,גרמים,150.00,100 גרם,false,1,14.90,9.93,true,1,
4810168024260,false,ביצי דג שיבוט מומלח מצונן 130 גר,,,ביצי דג שיבוט מומלח,גרמים,130.00,100 גרם,false,1,17.70,13.62,true,1,
4810168024512,false,חתיכות פילה הרינג מלוח מצונן תבלין 260גר,,,חתיכות פילה הרינג,גרמים,260.00,100 גרם,false,1,19.80,7.62,true,1,
4810168025793,false,ביצי דג זהבנון מומלח מצונן 130 גר,,,ביצי דג זהבנון מומלח,גרמים,130.00,100 גרם,false,1,17.70,13.62,true,1,
4810168031794,false,ביצי דג הרינג אטלנטי מומלח מצונן 110 גר,,,ביצי דג הרינג אטלנטי,גרמים,110.00,100 גרם,false,1,17.70,16.09,true,1,
4810168035808,false,ממרח עם קריל ברוטב שמנת ושום 150 גר,,BY,ממרח עם קריל ברוטב ש,גרמים,150.00,100 גרם,false,1,15.60,10.40,true,1,
4810168037888,false,גלידה פלומביר אסקימו אגוזים יוקי 65 גר,,BY,גלידה פלומביר אסקימו,גרמים,65.00,100 גרם,false,1,7.20,11.08,true,1,
4810168038267,false,גלידה שמנת בטעם וניל צימוקים 65 גר,,,גלידה שמנת בטעם וניל,גרמים,65.00,100 גרם,false,1,7.20,11.08,true,1,
4810168038991,false,גלידה פלומביר בגביע בטעם שוקולד 75 גר,,,גלידה פלומביר בגביע,גרמים,75.00,100 גרם,false,1,7.20,9.60,true,1,
4810168039004,false,גלידה פלומביר משפחתי 400 גר,,,גלידה פלומביר משפחתי,גרמים,400.00,100 גרם,false,1,26.90,6.73,true,1,
4810168045432,false,גלידה טרופל אסקימו 65 גר,,,גלידה טרופל אסקימו 6,גרמים,65.00,100 גרם,false,1,7.20,11.08,true,1,
4810168055905,false,פילה דג הרינג סקנדינבי מומלח בשמן מצונן,,,פילה דג הרינג סקנדינ,גרמים,1200.00,100 גרם,false,1,43.90,3.66,true,1,
4810168058548,false,חתיכות פילה דג הרינג סקנדינבי מלוח בשמן,,,חתיכות פילה דג הרינג,גרמים,1200.00,100 גרם,false,1,41.90,3.49,true,1,
4810168058876,false,ביצי דג טרוטונית Moiva עם אבוקדו וסלמון,,,ביצי דג טרוטונית Moi,גרמים,180.00,100 גרם,false,1,16.90,9.39,true,1,
4810168058975,false,חתיכות פילה דג הרינג סקנדינבי מלוח מצונן,,,חתיכות פילה דג הרינג,גרמים,260.00,100 גרם,false,1,19.80,7.62,true,1,
4810168058982,false,חתיכות פילה דג הרינג סקנדינבי מלוח בשמן,,RU,חתיכות פילה דג הרינג,גרמים,400.00,100 גרם,false,1,31.50,7.88,true,1,
4810168058999,false,פילה הרינג סקנדינבי מלוח 250 גרם,,,פילה הרינג סקנדינבי,גרמים,250.00,100 גרם,false,1,15.60,6.24,true,1,
4810168061142,false,בסגנון קוויאר אדום כדורי דג סלמון ופורל,,,בסגנון קוויאר אדום כ,גרמים,230.00,100 גרם,false,1,14.90,6.48,true,1,
4810168061159,false,בסגנון קוויאר שחור כדורי דג סלמון ופורל,,,בסגנון קוויאר שחור כ,גרמים,230.00,100 גרם,false,1,14.90,6.48,true,1,
4810268041914,false,טבורוג 5% סבושקין קלאסי 200 גרם,,BY,טבורוג 5% סבושקין קל,גרמים,200.00,100 גרם,false,1,14.50,7.25,true,1,
4810278003612,false,חליטת צמחים 20 שקיקים HERBS,,BY,חליטת צמחים 20 שקיק,גרמים,20.00,100 גרם,false,1,11.00,55.00,true,1,
4812493000919,false,חטיף גבינה לבנה בטעם קקאו 40 גרם,,BY,חטיף גבינה לבנה בטעם,גרמים,40.00,100 גרם,false,1,2.90,7.25,true,1,
4812493000940,false,חטיף גבינה לבנה וניל מצופה קקאו 40 גרם,,BY,חטיף גבינה לבנה וניל,גרמים,40.00,100 גרם,false,1,2.90,7.25,true,1,
4820015165206,false,גלידה פלומביר בכוס 70 גר,,LT,גלידה פלומביר בכוס 7,גרמים,70.00,100 גרם,false,1,7.20,10.29,true,1,
4820023520707,false,חזרת עם סלק 200 גר דיליסו,,,חזרת עם סלק 200 גר ד,גרמים,200.00,100 גרם,false,1,6.90,3.45,true,1,
4820030561380,false,ממרח קישואים קייץ 500 גרם דרי באבושקה,,,ממרח קישואים קייץ 50,גרמים,500.00,100 גרם,false,1,12.90,2.58,true,1,
4820030561410,false,שעועית ברוטב עגבניות 540 גרם באבושקינה,,,שעועית ברוטב עגבניות,גרמים,540.00,100 גרם,false,1,13.90,2.57,true,1,
4820039294524,false,שדור תבלין לדגים עם לימון 30 גרם,,UA,תבלין לדגים עם לימון,גרמים,15.00,100 גרם,false,1,10.90,72.67,true,1,
4820056380354,false,עולש נמס גאלקה פלוס 100 גר,,,עולש נמס גאלקה פלוס,גרמים,100.00,100 גרם,false,1,8.90,8.90,true,1,
4820077081148,false,"שמן חמניות מזוכך גרנה 850 מ""ל",,,שמן חמניות מזוכך גרנ,מיליליטרים,850.00,"100 מ""ל",false,1,12.90,1.52,true,1,
4820103341543,false,חלב מרוכז מבושל 370 גרם פחית,,,חלב מרוכז מבושל 370,גרמים,370.00,100 גרם,false,1,12.90,3.49,true,1,
4820103341574,false,חלב מרוכז 370 גרם,,,חלב מרוכז 370 גרם,גרמים,370.00,100 גרם,false,1,12.90,3.49,true,1,
4820120600548,false,מעדן דובדבנים ללא גלעינים 45% פרי 700 גר,,UA,מעדן דובדבנים ללא גל,גרמים,700.00,100 גרם,false,1,19.90,2.84,true,1,
4820136406127,false,דובשניות עם דבש קייבחלאב 420 גר,,,דובשניות עם דבש קייב,גרמים,420.00,100 גרם,false,1,8.90,2.12,true,1,
4820154722162,false,גלידה לנינגרד 70 גר,,,גלידה לנינגרד 70 גר,גרמים,70.00,100 גרם,false,1,7.20,10.29,true,1,
4820154722445,false,גלידה אסקימוס וניל 750 גר,,,גלידה אסקימוס וניל 7,גרמים,750.00,100 גרם,false,1,33.90,4.52,true,1,
4820154722469,false,גלידה אסקימוס כוס וניל 80 גר,,,גלידה אסקימוס כוס ונ,גרמים,80.00,100 גרם,false,1,7.20,9.00,true,1,
4820154723275,false,גלידה אסקימוס אסקימו 80 גר,,,גלידה אסקימוס אסקימו,גרמים,9000.00,100 גרם,false,1,7.20,0.08,true,1,
4820154725187,false,גלידה אסקימוס אסקימו שוקו 80 גר,,,גלידה אסקימוס אסקימו,גרמים,8000.00,100 גרם,false,1,7.20,0.09,true,1,
4820154727938,false,גלידה אסקימו מלון ליים 85 גר,,,גלידה אסקימו מלון לי,גרמים,85.00,100 גרם,false,1,7.20,8.47,true,1,
4820165641360,false,סושקה מליוטקה פירמניה 300 גר,,,סושקה מליוטקה פירמני,גרמים,300.00,100 גרם,false,1,9.40,3.13,true,1,
4820165641384,false,סושקה מליוטקה וניל פלורה 300 גר,,,סושקה מליוטקה וניל פ,גרמים,300.00,100 גרם,false,1,9.40,3.13,true,1,
4820165641391,false,סושקה וניל פלורה 300 גר,,,סושקה וניל פלורה 300,גרמים,300.00,100 גרם,false,1,9.40,3.13,true,1,
4820171991664,false,ורניק לסקה תפוח אדמה 900 גר,,,ורניק לסקה תפוח אדמה,גרמים,900.00,100 גרם,false,1,25.90,2.88,true,1,
4820171993279,false,"קרפלך תפו""א ופטריות 900 גר",,,"קרפלך תפו""א ופטריות",גרמים,900.00,100 גרם,false,1,25.90,2.88,true,1,
4820185230179,false,גלידה לקומקה עם קקאו 100 גר,,,גלידה לקומקה עם קקאו,גרמים,100.00,100 גרם,false,1,5.90,5.90,true,1,
4820185230186,false,גלידה לקומקה 100 גר,,,גלידה לקומקה 100 גר,גרמים,100.00,100 גרם,false,1,5.90,5.90,true,1,
4820185230230,false,גלידה משפחתית לאסקה וניל 1 קג,,,גלידה משפחתית לאסקה,גרמים,1000.00,100 גרם,false,1,36.90,3.69,true,1,
4820185230988,false,גלידה בריקט מקימוס 90 גרם,,UA,גלידה בריקט מקימוס 9,גרמים,90.00,100 גרם,false,1,5.90,6.56,true,1,
4820185231978,false,גלידה פלומביר בלרוסקי 600 גר,,,גלידה פלומביר בלרוסק,גרמים,600.00,100 גרם,false,1,32.90,5.48,true,1,
4820185235013,false,גלידה וניל מילוי תות שדה אסקימו 80 גר,,UA,גלידה וניל מילוי תות,גרמים,80.00,100 גרם,false,1,5.90,7.38,true,1,
4820185236188,false,עוגית סנדביץ בריקט פלומביר 70 גרם,,,עוגית סנדביץ בריקט פ,גרמים,70.00,100 גרם,false,1,5.90,8.43,true,1,
4820193551945,false,גלידה כוס פלומביר פילבסקי 90 גר,,,גלידה כוס פלומביר פי,גרמים,90.00,100 גרם,false,1,5.90,6.56,true,1,
4820193551990,false,כוס וליקן משמש דובדבן 70 גר,,,כוס וליקן משמש דובדב,גרמים,70.00,100 גרם,false,1,5.90,8.43,true,1,
4820199870019,false,סושקה וניל בקק 300 גר,,,סושקה וניל בקק 300 ג,גרמים,300.00,100 גרם,false,1,8.50,2.83,true,1,
4820227211654,false,דובשניות עם מילוי חלב קייבחלאב 360 גר,,UA,דובשניות עם מילוי חל,גרמים,360.00,100 גרם,false,1,8.90,2.47,true,1,
4820227211777,false,דובשניות עם לימון קייבחלאב 360 גר,,,דובשניות עם לימון קי,גרמים,360.00,100 גרם,false,1,8.90,2.47,true,1,
4823006800964,false,שימורי עגבניות כבושות עדין 920 גר NEZEN,,UA,שימורי עגבניות כבושו,גרמים,920.00,100 גרם,false,1,22.90,2.49,true,1,
4823006801862,false,איקרה קישואים נזין 450 גרם,,,איקרה קישואים נזין 4,גרמים,450.00,100 גרם,false,1,16.90,3.76,true,1,
4823006802050,false,שימורי עגבניות ומלפפונים בתחמיץ920 NEZEN,,UA,שימורי עגבניות ומלפפ,גרמים,920.00,100 גרם,false,1,22.90,2.49,true,1,
4823063113717,false,נקטר תפוחי עץ וענבים 1.93 ליטר סדוצוק,,,נקטר תפוחי עץ וענבי,ליטרים,0.00,ליטר,false,1,22.90,22.90,true,1,
4823070203265,false,גלידה פלומביר סובייטי 70 גר,,,גלידה פלומביר,גרמים,70.00,100 גרם,false,1,5.90,8.43,true,1,
4823070203296,false,גלידה פלומביר בלרוסי 90 גר,,,גלידה פלומביר בלרוסי,גרמים,90.00,100 גרם,false,1,5.90,6.56,true,1,
4823070203395,false,גלידה אפריקנית 80 גר,,,גלידה אפריקנית 80 גר,גרמים,80.00,100 גרם,false,1,5.90,7.38,true,1,
4823077602863,false,סוכריות דבורה משוגעת 200 גרם שקית,,UA,"רושן סוכריות גלי ""קר",גרמים,200.00,100 גרם,false,1,6.90,3.45,true,1,
4823077604379,false,"סוכריות ראצקי 1 ק""ג רושן",,,"סוכריות ראצקי 1 ק""ג",גרמים,1000.00,100 גרם,false,1,24.90,2.49,true,1,
4823077604591,false,"סוכריות טיפת חלב 1 ק""ג רושן",,UA,סוכריות רושן ממולאות,קילוגרמים,0.00,"ק""ג",false,1,29.90,29.90,true,1,
4823077605376,false,"סוכריות רושן ממולאות בטעם חלב קפה 1 ק""ג",,UA,סוכריות רושן ממולאות,קילוגרמים,0.00,"ק""ג",false,1,29.90,29.90,true,1,
4823077608513,false,סוכריות קורובקה 205 גרם רושן,,,סוכריות קורובקה 205,גרמים,205.00,100 גרם,false,1,6.90,3.37,true,1,
4823077611049,false,CUNDY NUT סוכריות קרמל נוגט ובוטנים 1 ק,,UA,CUNDY NUT סוכריות קר,גרמים,1000.00,100 גרם,false,1,36.90,3.69,true,1,
4823077613203,false,שוקולד רושן מריר + פונדוק שלם 90 גר רושן,,,שוקולד רושן מריר + פ,גרמים,90.00,100 גרם,false,1,7.90,8.78,true,1,
4823077613630,false,באטונציק קרם ברולה 43 גר רושן,,,באטונציק קרם ברולה 4,גרמים,43.00,100 גרם,false,1,3.90,9.07,true,1,
4823077614699,false,ביסקוויט וניל 185 גר רושן,,,ביסקוויט וניל 185 גר,גרמים,185.00,100 גרם,false,1,3.90,2.11,true,1,
4823077614804,false,שוקולד חלב נוגט וניל 90 גרם רושן,,,שוקולד חלב נוגט וניל,גרמים,90.00,100 גרם,false,1,4.90,5.44,true,1,
4823077617041,false,באטונציק קרמל 40 גר רושן,,,באטונציק קרמל 40 גר,גרמים,40.00,100 גרם,false,1,3.10,7.75,true,1,
4823077618161,false,וופל רול קונאפטו חלב רושן 140 גר,,,וופל רול קונאפטו חלב,גרמים,140.00,100 גרם,false,1,6.90,4.93,true,1,
4823077621154,false,באטונציק 43 גר רושן,,,באטונציק 43 גר רושן,גרמים,43.00,100 גרם,false,1,3.90,9.07,true,1,
4823077621635,false,וופל רושן בטעם חלב 72 גר,,,וופל רושן בטעם חלב 7,גרמים,72.00,100 גרם,false,1,3.90,5.42,true,1,
4823077621642,false,וופל רושן בטעם שוקולד 72 גר,,,וופל רושן בטעם שוקול,גרמים,72.00,100 גרם,false,1,3.90,5.42,true,1,
4823077621659,false,וופל רושן בטעם אגוז 72 גר,,,וופל רושן בטעם אגוז,גרמים,72.00,100 גרם,false,1,3.90,5.42,true,1,
4823077624223,false,גילי בוני פרוט 200 גר SUMMER MIX,,,גילי בוני פרוט 200 ג,גרמים,200.00,100 גרם,false,1,6.90,3.45,true,1,
4823077624247,false,גילי בוני פרוט 200 גר CITRUS MIX,,,גילי בוני פרוט 200 ג,גרמים,200.00,100 גרם,false,1,6.90,3.45,true,1,
4823077624261,false,גילי בוני פרוט 200 גר BERRY MIX,,,גילי בוני פרוט 200 ג,גרמים,200.00,100 גרם,false,1,6.90,3.45,true,1,
4823077624896,false,קרמל רושן טיפת חלב 500 גר,,UA,קרמל רושן טיפת חלב 5,גרמים,500.00,100 גרם,false,1,14.90,2.98,true,1,
4823077625145,false,בונבוניירה רושן דובדבן בליקר דובדבן 155,,UA,בונבוניירה רושן דובד,גרמים,155.00,100 גרם,false,1,14.90,9.61,true,1,
4823077625589,false,וופל וואפרס חלב רושן 216 גר,,UA,וופל וואפרס חלב רושן,גרמים,216.00,100 גרם,false,1,6.90,3.19,true,1,
4823077625602,false,וופל וואפרס שוקולד רושן 216 גר,,UA,וופל וואפרס שוקולד ר,גרמים,216.00,100 גרם,false,1,6.90,3.19,true,1,
4823077625626,false,וופל וואפרס אגוז רושן 216 גר,,UA,וופל וואפרס אגוז רוש,גרמים,216.00,100 גרם,false,1,6.90,3.19,true,1,
4823077626203,false,שוקולד אורירי מריר 80 גר רושן,,UA,שוקולד אורירי מריר 8,גרמים,80.00,100 גרם,false,1,6.90,8.63,true,1,
4823077626227,false,שוקולד אורירי חלב 80 גר רושן,,UA,שוקולד אורירי חלב 80,גרמים,80.00,100 גרם,false,1,6.90,8.63,true,1,
4823077626241,false,שוקולד אורירי לבן קרמל 80 גר רושן,,UA,שוקולד אורירי לבן קר,גרמים,80.00,100 גרם,false,1,6.90,8.63,true,1,
4823077626364,false,שוקולד אורירי לבן 80 גר רושן,,UA,שוקולד אורירי לבן 80,גרמים,80.00,100 גרם,false,1,6.90,8.63,true,1,
4823077630743,false,סוכריות מקל רושן קוקטייל 920 גרם,,,סוכריות מקל רושן קו,גרמים,920.00,100 גרם,false,1,25.90,2.82,true,1,
4823077631467,false,קרקר עם מלח ים רושן 168 גר,,,קרקר עם מלח ים רושן,גרמים,168.00,100 גרם,false,1,4.90,2.92,true,1,
4823077631474,false,קרקר קלאסי רושן 168 גר,,,קרקר קלאסי רושן 168,גרמים,168.00,100 גרם,false,1,4.90,2.92,true,1,
4823077631863,false,וופל רול קונאפטו וניל 140 גר,,UA,וופל רול קונאפטו וני,גרמים,140.00,100 גרם,false,1,6.90,4.93,true,1,
4823077632112,false,וופל בטעם קקאו חלב רושן 216 גר,,,וופל בטעם קקאו חלב ר,גרמים,216.00,100 גרם,false,1,6.90,3.19,true,1,
4823077632259,false,באטונציק קרם עם בוטנים 38 גר,,,באטונציק קרם עם בוטנ,גרמים,38.00,100 גרם,false,1,3.90,10.26,true,1,
4823077632495,false,"פרלינים ""מונבלאן"" שוקולד+אגוז שלם 1 קג",,UA,"פרלינים ""מונבלאן"" שו",גרמים,1000.00,100 גרם,false,1,69.90,6.99,true,1,
4823077632570,false,שוקולד רושן מריר 85 גר BRUT,,UA,שוקולד רושן מריר 85,גרמים,85.00,100 גרם,false,1,6.90,8.12,true,1,
4823077632587,false,שוקולד רושן חלב עם שקד שלם 90 גר LACMI,,,שוקולד רושן חלב עם ש,גרמים,90.00,100 גרם,false,1,7.90,8.78,true,1,
4823077633034,false,"גליליות וופל רושן ""קונאפטו"" קקאו 140 ג",,,"גליליות וופל רושן ""ק",גרמים,140.00,100 גרם,false,1,6.90,4.93,true,1,
4823077633317,false,עוגיות שוקולד עם חתיכות שוקולד 150 גר,,,עוגיות שוקולד עם חתי,גרמים,150.00,100 גרם,false,1,6.90,4.60,true,1,
4823077633324,false,עוגיות רושן עם חתיכות שוקולד 150 גר,,,עוגיות שוקוציפס עם,גרמים,150.00,100 גרם,false,1,6.90,4.60,true,1,
4823077634222,false,עוגיות תפוז 135 גר LOVITA,,,עוגיות תפוז 135 גר L,גרמים,135.00,100 גרם,false,1,6.90,5.11,true,1,
4823077634277,false,עוגיות תות שדה 135 גר LOVITA,,,עוגיות תות שדה 135 ג,גרמים,135.00,100 גרם,false,1,6.90,5.11,true,1,
4823077634741,false,עוגיות עם מילוי תות שדה 168 גר LOVITA,,,עוגיות עם מילוי תות,גרמים,168.00,100 גרם,false,1,6.90,4.11,true,1,
4823077635489,false,חטיף וופל רושן קרם קקאו 350 גר,,,חטיף וופל רושן קרם ק,גרמים,350.00,100 גרם,false,1,18.90,5.40,true,1,
4823077635533,false,חטיף וופל רושן קרם חלב 350 גר,,,חטיף וופל רושן קרם ח,גרמים,350.00,100 גרם,false,1,18.90,5.40,true,1,
4823077636059,false,עוגיות קקאו דובדבן 420 גר LOVITA,,UA,עוגיות קקאו דובדבן,גרמים,420.00,100 גרם,false,1,18.90,4.50,true,1,
4823077636073,false,עוגיות תות שדה 420 גר LOVITA,,,עוגיות תות שדה 420 ג,גרמים,420.00,100 גרם,false,1,18.90,4.50,true,1,
4823077636110,false,עוגיות תפוז 420 גר LOVITA,,,עוגיות תפוז 420 גר L,גרמים,420.00,100 גרם,false,1,18.90,4.50,true,1,
4823077636172,false,וופל רושן בטעם לימון 216 גר,,UA,וופל רושן בטעם לימון,גרמים,216.00,100 גרם,false,1,6.20,2.87,true,1,
4823077636554,false,סוכריות ממולאות קרם בטעם חלב 378ג ROSHEN,,,סוכריות ממולאות קרם,גרמים,378.00,100 גרם,false,1,11.90,3.15,true,1,
4823077636578,false,סוכריות טופי כוס חלב 325 גר ROSHEN,,,סוכריות טופי כוס חלב,גרמים,325.00,100 גרם,false,1,11.90,3.66,true,1,
4823077636585,false,סוכריות טופי מינקי בינקי 325 גר ROSHEN,,,סוכריות טופי מינקי ב,גרמים,325.00,100 גרם,false,1,11.90,3.66,true,1,
4823077636592,false,סוכריות גלי קרייזי פצולקה 378 גר ROSHEN,,,סוכריות גלי קרייזי פ,גרמים,378.00,100 גרם,false,1,11.90,3.15,true,1,
4823097809785,false,"גלידה וניל 1 ק""ג",,UA,"גלידה וניל 1 ק""ג",גרמים,1000.00,100 גרם,false,1,40.00,4.00,true,1,
4823097809921,false,גלידת שמנת בטעם שוקולד 500 גרם,,,גלידת שמנת בטעם שוקו,גרמים,500.00,100 גרם,false,1,24.90,4.98,true,1,
4823105400393,false,אגיקה בסגנון גרוזיני 310 גרם,,,אגיקה בסגנון גרוזיני,גרמים,310.00,100 גרם,false,1,15.90,5.13,true,1,
4823105400447,false,אגיקה בסגנון קווקזי חריפה 220 גרם,,,אגיקה בסגנון קווקזי,גרמים,220.00,100 גרם,false,1,10.90,4.95,true,1,
4823105400539,false,מרינדה ורס לעוף 140 גר,"טי.או בי. ""ויז'י פרודקשן""",UA,מרינדה ורס לעוף 140,גרמים,140.00,100 גרם,false,1,7.90,5.64,true,1,
4823105400799,false,אפונה במי מלח 200 גרם,,,אפונה במי מלח 200 גר,גרמים,200.00,100 גרם,false,1,8.90,4.45,true,1,
4823105402052,false,שעועית ברוטב עגבניות 500 גרם,"טי.או בי. ""ויז'י פרודקשן""",,שעועית ברוטב עגבניות,גרמים,500.00,100 גרם,false,1,14.90,2.98,true,1,
4823105402618,false,חרדל בסגנון רוסי חריף 190 גרם,,,חרדל בסגנון רוסי חרי,גרמים,190.00,100 גרם,false,1,7.90,4.16,true,1,
4823105402878,false,חזרת לבנה חריפה 190 גרם,,,חזרת לבנה חריפה 190,גרמים,190.00,100 גרם,false,1,8.90,4.68,true,1,
4823105403622,false,עלי דפנה 7 גרם וורס,"טי.או בי. ""ויז'י פרודקשן""",,עלי דפנה 7 גרם וורס,גרמים,7.00,100 גרם,false,1,3.90,55.71,true,1,
4840008001205,false,מיני סושקה עם פרג 500 גרם FRANZELUTA,,,מיני סושקה עם פרג 50,גרמים,500.00,100 גרם,false,1,10.90,2.18,true,1,
4840008018319,false,דובשניות עם שזיף 400 גרם פרנצלוטה,,,דובשניות עם שזיף 400,גרמים,400.00,100 גרם,false,1,9.90,2.48,true,1,
4840008018333,false,דובשניות טעם דבש 400 גרם פרנצלוטה,,,דובשניות טעם דבש 400,גרמים,400.00,100 גרם,false,1,9.80,2.45,true,1,
4840022004169,false,נקטר תפוח אגסים 1 ליטר VITA NATURALIS,,,נקטר תפוח אגסים 1 לי,מיליליטרים,1000.00,"100 מ""ל",false,1,12.80,1.28,true,1,
4840022005319,false,מיץ דובדבן חמוץ מתוק 1 ליטר VITA,,,מיץ דובדבן חמוץ מתוק,מיליליטרים,1000.00,"100 מ""ל",false,1,13.50,1.35,true,1,
4840022005760,false,נקטר תות בננה 1 ליטר VITA,,MD,נקטר תות בננה 1 ליטר,מיליליטרים,1000.00,"100 מ""ל",false,1,13.50,1.35,true,1,
4840022006200,false,נקטר אננס 1 ליטר VITA,,MD,נקטר אננס 1 ליטר VIT,מיליליטרים,1000.00,"100 מ""ל",false,1,13.50,1.35,true,1,
4850011110818,false,קונפיטורת דובדבנים 400 גר TAMARA,,,קונפיטורת דובדבנים 4,גרמים,400.00,100 גרם,false,1,21.90,5.48,true,1,
4850016340135,false,מרק דגים חדקן 530 גרם ROYALLY,,,מרק דגים חדקן 530 גר,גרמים,530.00,100 גרם,false,1,19.90,3.75,true,1,
4850017003138,false,משקה פירות מבושלים פטל שחור 1ל ARTFOOD,,,משקה פירות מבושלים פ,מיליליטרים,1000.00,"100 מ""ל",false,1,17.90,1.79,true,1,
4850017003145,false,משקה פירות מבושלים שזיפי בר 1 ל,,,משקה פירות מבושלים ש,מיליליטרים,1000.00,"100 מ""ל",false,1,17.90,1.79,true,1,
4850017006870,false,מיץ עגבניות 1 ליטר AMARE,,,מיץ עגבניות 1 ליטר,מיליליטרים,1000.00,"100 מ""ל",false,1,19.90,1.99,true,1,
4850022432046,false,דרזיה שוקולד מריר דובי 150 גר JOYCO,,,דרזיה שוקולד מריר דו,גרמים,150.00,100 גרם,false,1,11.50,7.67,true,1,
4860019001346,false,בורז'ומי מים מינרליים טבעיים 500מ'ל חדש,אי די אס בורגומי,,מים מינרלים בורגומי,מיליליטרים,500.00,"100 מ""ל",false,1,8.20,1.64,true,1,
4860019001414,false,"בקבוק מים בוז'ורמי 750 מ""ל",אי.די.אס בורג'יומי,,"מים בורגומי 750 מ""ל",מיליליטרים,750.00,"100 מ""ל",false,1,9.20,1.23,true,1,
4860103350183,false,משקה גזוז דיושס (אגס) 1 ליטר,גרוזינסקי פיבנייה,GE,משקה גזוז דיושס (אגס,מיליליטרים,1000.00,"100 מ""ל",false,1,10.90,1.09,true,1,
4860108700617,false,רוטב עגבניות (חריף) סציבלי 540 גרם,,,רוטב עגבניות (חריף),גרמים,540.00,100 גרם,false,1,8.36,1.55,true,1,
4865602000027,false,"מים מינרלים מוגזים ""נבגלבי"" 1 ליטר PET",,,מים מינרלים מוגזים,מיליליטרים,1000.00,"100 מ""ל",false,1,8.90,0.89,true,1,
4891130001199,false,רוטב צדפות 450 גרם,,,רוטב צדפות 450 גרם,גרמים,450.00,100 גרם,false,1,18.80,4.18,true,1,
4903001904192,false,"רוטב סויה יאמסה פרימיום 500 מ""ל",הדקלאים אגודת שיתופי,JP,רוטב סויה יאמסה 500,מיליליטרים,500.00,"100 מ""ל",false,1,18.80,3.76,true,1,
4903001925784,false,"רוטב סויה יאמאסה פרמיום דל מלח 500 מ""ל",הדקלאים אגודת שיתופי,JP,רוטב סויה יאמאסה פרמ,מיליליטרים,500.00,"100 מ""ל",false,1,18.80,3.76,true,1,
4905846117478,false,"צויה ליקר אומה מיושן 1 שנים 720 מ""ל",,DE,צויה ליקר אומה מיושן,מיליליטרים,720.00,"100 מ""ל",false,1,94.90,13.18,true,1,
4934418001310,false,"בירה היטאצינו אורז אדום 330 מ""ל",,,בירה היטאצינו אורז א,מיליליטרים,330.00,"100 מ""ל",false,1,18.90,5.73,true,1,
4934418001624,false,בירה היטאצינו ואיט אייל חיטה בלגית 330 מ,,,בירה היטאצינו ואיט א,מיליליטרים,330.00,"100 מ""ל",false,1,18.90,5.73,true,1,
4934418891799,false,"בירה היטאצינו דאידאי אייל 330 מ""ל",,,בירה היטאצינו דאידאי,מיליליטרים,330.00,"100 מ""ל",false,1,20.90,6.33,true,1,
4978094999219,false,מחית סויה לבנה שירו מיסו 500 גרם,,,מחית סויה לבנה שירו,גרמים,500.00,100 גרם,false,1,21.50,4.30,true,1,
4987176037053,false,מברשת שיניים אורל בי *4 CAVITY DEFENS,,,מברשת שיניים אורל בי,יחידה,1.00,יחידה,false,1,14.90,14.90,true,1,
5000111047364,false,היינץ רוטב ברביקיו דבש HP,,NL,רוטב ברביקיו דבש 465,גרמים,465.00,100 גרם,false,1,18.90,4.06,true,1,
5000111047371,false,היינץ רוטב ברביקיו קלאסי HP,,,רוטב ברביקיו קלאסי 4,גרמים,465.00,100 גרם,false,1,18.90,4.06,true,1,
5000127163195,false,דגני ספיישל קיי 500 גרם,,,דגני ספיישל קיי 500,גרמים,500.00,100 גרם,false,1,27.20,5.44,true,1,
5000157026071,false,שעועית ברוטב עגבניות היינץ 400 גרם,,GB,שעועית ברוטב עגבניות,גרמים,400.00,100 גרם,false,1,9.90,2.48,true,1,
5000157076021,false,היינץ צנצנת ממרח לסנדוויץ 300 גרם,,GB,היינץ צנצנת ממרח לסנ,גרמים,300.00,100 גרם,false,1,19.90,6.63,true,1,
5000157143365,false,מתבל בטעם מיונז וקטשופ היינץ 425 ג',,PL,מתבל בטעם מיונז וקטש,מיליליטרים,425.00,"100 מ""ל",false,1,15.90,3.74,true,1,
5000159304245,false,מ&מס קריספי 36 גרם,,,מ&מס קריספי 36 גרם,גרמים,36.00,100 גרם,false,1,5.50,15.28,true,1,
5000159376655,false,סוכריות סקיטליס פירות 38 גר',ריגלי ממתקים,GB,סקיטלס פירות 38 גרם,גרמים,38.00,100 גרם,false,1,3.60,9.47,true,1,
5000159376792,false,סוכריות סקיטליס חמוץ 38 גר',ריגלי ממתקים,,סקיטלס חמוץ 38 גרם,גרמים,38.00,100 גרם,false,1,3.60,9.47,true,1,
5000159382694,false,מארס עשירייה 450 גרם,,NL,מארס עשירייה 450 גרם,גרמים,450.00,100 גרם,false,1,27.90,6.20,true,1,
5000159382731,false,סניקרס 10*50 גרם,,,סניקרס 10*50 גרם,גרמים,500.00,100 גרם,false,1,27.90,5.58,true,1,
5000159397292,false,מאגדת גלידה מארס 6 י,פלדמן,FR,מאגדת מארס 6 יח,Unknown,0.00,Unknown,false,1,33.50,33.50,true,1,
5000159407236,false,חטיף שוקולד מרס 51 ג',מרס הולנד בי.וי.,NL,חטיף מארס 51 גרם,גרמים,51.00,100 גרם,false,1,4.60,9.02,true,1,
5000159461122,false,חטיף שוקולד סניקרס 50 ג',"נארז ע""י : א.ג. גילר",NL,חטיף סניקרס 50 גרם,גרמים,50.00,100 גרם,false,1,4.60,9.20,true,1,
5000159471510,false,אם אנד אם בוטנים 220 גרם,,FR,אם אנד אם בוטנים 220,גרמים,220.00,100 גרם,false,1,17.60,8.00,true,1,
5000159471794,false,אם אנד אם שוקולד 220 גרם,,BE,אם אנד אם שוקולד 220,גרמים,220.00,100 גרם,false,1,17.60,8.00,true,1,
5000159472029,false,אם אנד אם קריספי 213 גרם,,FR,אם אנד אם קריספי 213,גרמים,213.00,100 גרם,false,1,20.90,9.81,true,1,
5000159473026,false,טוויקס מיניס 227 גרם,,NL,טוויקס מיניס 227 גרם,גרמים,227.00,100 גרם,false,1,16.90,7.44,true,1,
5000159473279,false,באונטי מיניס 227 גרם,,NL,באונטי מיניס 227 גרם,גרמים,227.00,100 גרם,false,1,16.90,7.44,true,1,
5000159473927,false,סניקרס מיניס 227 גרם,,NL,סניקרס מיניס 227 גרם,גרמים,227.00,100 גרם,false,1,16.90,7.44,true,1,
5000159474573,false,מארס מיניס 227 גרם,,NL,מארס מיניס 227 גרם,גרמים,227.00,100 גרם,false,1,16.90,7.44,true,1,
5000159484695,false,מאגדת גלידה טוויקס 6,פלדמן,FR,מאגדת טוויקס 6 יח,Unknown,0.00,Unknown,false,1,29.90,29.90,true,1,
5000159503617,false,מלטיזרס 68 גרם,,,מלטיזרס 68 גרם,גרמים,68.00,100 גרם,false,1,10.90,16.03,true,1,
5000159515443,false,מאגדת גלידה סניקרס על מקל רביעייה 240 גר,,FR,מאגדת גלידה סניקרס ע,גרמים,240.00,100 גרם,false,1,36.90,15.38,true,1,
5000204197051,false,"מכשיר חשמלי +נוזל מילוי אקליפטוס 45 לילות רייד 36 מ""ל",,,רייד מכשיר + מילוי א,Unknown,0.00,Unknown,false,1,34.90,34.90,true,1,
5000213000359,false,בירה גינס בקבוק 330 מל,,,בירה גינס בקבוק 330,מיליליטרים,330.00,"100 מ""ל",false,1,15.90,4.82,true,1,
5000213014905,false,בירה גינס 440 מל פחית,"תשלובת גינס,",IE,"בירה גינס 440 מ""ל פח",מיליליטרים,440.00,"100 מ""ל",false,1,16.90,3.84,true,1,
5000267117560,false,"וויסקי גוני ווקר גולד לייבל רזרב 750 מ""ל",,,מארז גוני ווקר גולד,מיליליטרים,750.00,"100 מ""ל",false,1,189.90,25.32,true,1,
5000299609347,false,"וויסקי גלנליווט פאונדרס רזרב 700 מ""ל",טמפו,GB,וויסקי גלנליווט פאונ,מיליליטרים,700.00,"100 מ""ל",false,1,169.90,24.27,true,1,
5000329002193,false,"גין ביפאיטר 700 מ""ל",ג'יימס בורו,,"גין ביפאיטר 700 מ""ל",מיליליטרים,700.00,"100 מ""ל",false,1,99.90,14.27,true,1,
5000394077225,false,סוללות דורסל בייסיק V9,,,סוללות דורסל בייסיק,Unknown,0.00,Unknown,false,1,27.90,27.90,true,1,
5000394137486,false,רביעיות סוללות אופטימום AA דורסל,,BE,מארז *4 סוללות דורסל,Unknown,0.00,Unknown,false,1,23.00,23.00,true,1,
5000394137516,false,רביעיות סוללות אופטימום AAA דורסל,,BE,מארז *4 סוללות דורסל,Unknown,0.00,Unknown,false,1,21.90,21.90,true,1,
5000394140820,false,שישיות סוללות AA פלוס פאוור דורסל,,BE,סוללות דורסל פלוס פא,יחידה,1.00,יחידה,false,1,16.90,16.90,true,1,
5000394141209,false,שישיות סוללות AAA פלוס פאוור דורסל,,BE,סוללות דורסל פלוס פא,יחידה,1.00,יחידה,false,1,16.90,16.90,true,1,
5000394203921,false,זוג סוללות ליתיום 2032 דורסל,,CN,סוללות דורסל ליתיום,Unknown,0.00,Unknown,false,1,19.80,19.80,true,1,
5000396037531,false,מקוויטיס ביסקוויט מצופה שוקולד חלב 200 ג',,,מקוויטיס ביסקוויט מצ,גרמים,200.00,100 גרם,false,1,13.20,6.60,true,1,
5000396037944,false,מקוויטיס ביסקוייט קלאסי 250 גרם,,,מקוויטיס ביסקוויט 25,גרמים,250.00,100 גרם,false,1,12.00,4.80,true,1,
5010026515919,false,מוזלי קריספי נאטי 650 גרם,,GB,מורנפלייק נאטי 650 ג,גרמים,650.00,100 גרם,false,1,27.20,4.18,true,1,
5010035068352,false,פוקס-עוגיות שוקולד ציפס משוקולד חלב 180,,,פוקס-עוגיות שוקולד צ,גרמים,180.00,100 גרם,false,1,12.50,6.94,true,1,
5010038454831,false,בירה בלו מון 330 מל בקבוק,"איי, בי, אינבוו",,בירה בלו מון 330 מל,מיליליטרים,330.00,"100 מ""ל",false,1,13.90,4.21,true,1,
5010265002836,false,רייויטה פת פריכה אורגינל שיפון 250 גרם,,,רייויטה פת פריכה אור,גרמים,250.00,100 גרם,false,1,13.90,5.56,true,1,
5010265002911,false,רייויטה פת פריכה מקמח שיפון מלא 250 גרם,,,רייויטה פת פריכה מקמ,גרמים,250.00,100 גרם,false,1,13.90,5.56,true,1,
5010314048907,false,"וויסקי מקאלן פיין אוק 12 שנה 700 מ""ל",מקאלן דיסטילרי,GB,וויסקי מקלן פיין אוק,מיליליטרים,700.00,"100 מ""ל",false,1,279.90,39.99,true,1,
5010327000176,false,"וויסקי גלנפידיך מולט 12 שנה 700 מ""ל",,,וויסקי גלנפידיך מולט,מיליליטרים,700.00,"100 מ""ל",false,1,157.90,22.56,true,1,
5010327399614,false,"גלנפידיך 12 אמריקן אווק כשר 700 מ""ל",וויליאם גרנטס ובניו,GB,גלנפידיך 12 אמריקן א,מיליליטרים,700.00,"100 מ""ל",false,1,189.90,27.13,true,1,
5010677551281,false,"בקרדי בריזר לימון 275 מ""ל","בקרדי בע""מ",BE,בקרדי בריזר לימון,מיליליטרים,275.00,"100 מ""ל",false,1,16.80,6.11,true,1,
5010677551397,false,"בקרדי בריזר לימון ליים 275 מ""ל","ברקדי בע""מ",BE,בקרדי בריזר לימון לי,מיליליטרים,275.00,"100 מ""ל",false,1,16.80,6.11,true,1,
5010677552387,false,"בקרדי בריזר אננס 275 מ""ל",בקרדי בעמ,BE,בקרדי בריזר אננס 275,מיליליטרים,275.00,"100 מ""ל",false,1,16.80,6.11,true,1,
5010677554398,false,"בקרדי בריזר אבטיח 275 מ""ל",בקרדי בעמ,BE,בקרדי בריזר אבטיח,מיליליטרים,275.00,"100 מ""ל",false,1,16.80,6.11,true,1,
5010994582368,false,צעצוע כולל,,,צעצוע כולל,Unknown,0.00,Unknown,false,1,16.90,16.90,true,1,
5010994775988,false,צעצוע מותג מקורי,,,צעצוע מותג מקורי,Unknown,0.00,Unknown,false,1,19.90,19.90,true,1,
5011007003005,false,"וויסקי ג'יימסון אירי מזוקק 700 מ""ל",אייריש דיסטילרז,IE,וויסקי אירי גיימסון,גרמים,800.00,100 גרם,false,1,94.90,11.86,true,1,
5011013500703,false,"ליקר שרידנס 500 מ""ל",,,"ליקר שרידנס 500 מ""ל",מיליליטרים,500.00,"100 מ""ל",false,1,84.90,16.98,true,1,
5011013934546,false,"בייליס קרמל מלוח 700 מ""ל",,IE,בייליס קרמל מלוח 700,מיליליטרים,700.00,"100 מ""ל",false,1,125.90,17.99,true,1,
5011348008479,false,"בירה קינג גובלין 500 מ""ל",,,בירה קינג גובלין 500,מיליליטרים,500.00,"100 מ""ל",false,1,18.90,3.78,true,1,
5011348015194,false,"בירה הובגובלין גולד 500 מ""ל",הובגובלין,AT,בירה הובגובלין גולד,מיליליטרים,500.00,"100 מ""ל",false,1,18.90,3.78,true,1,
5011348017099,false,"בירה הובגובלין גולד פחית 500 מ""ל",,GB,בירה הובגובלין גולד,מיליליטרים,500.00,"100 מ""ל",false,1,17.90,3.58,true,1,
5011348019772,false,"בירה הובגובלין אי.פי.איי 500 מ""ל",וויצ'וד,GB,בירה הובגובלין אי.פי,מיליליטרים,500.00,"100 מ""ל",false,1,18.90,3.78,true,1,
5011417547885,false,"אירוויק מקלות ריחניים בניחוח כביסה באוויר 30 מ""ל",,,מקלות ריחניים בניחוח,Unknown,0.00,Unknown,false,1,19.90,19.90,true,1,
5011885003500,false,בירה פולרס לונדון פרייד 330 מל,,,בירה פולרס לונדון פר,מיליליטרים,330.00,"100 מ""ל",false,1,15.90,4.82,true,1,
5013387206403,false,פרואט ביסקויט דיגסטיב ללא גלוטן 160 גרם,,GB,פרואט ביסקויט דיגסטי,גרמים,160.00,100 גרם,false,1,19.90,12.44,true,1,
5014201701623,false,ווסטונס אינגליש וינטג סיידר 750 מל,,,ווסטונס אינגליש וינט,מיליליטרים,750.00,"100 מ""ל",false,1,28.90,3.85,true,1,
5014271350424,false,מעדן סאנט דלפור ארבע פירות 284 גר,המאפיה של הרמן,FR,מעדן סאנט דלפור ארבע,גרמים,284.00,100 גרם,false,1,22.90,8.06,true,1,
5014271360423,false,סן דלפו מעדן תפוז ללא סוכר 284 ג',המאפיה של הרמן,FR,מעדן סאנט דלפור תפוז,גרמים,284.00,100 גרם,false,1,22.90,8.06,true,1,
5014271795980,false,מעדן סאנט דלפור אוכמניות וחמוציות 284 גר,סנדלפור,FR,מעדן סאנט דלפור אוכמ,גרמים,284.00,100 גרם,false,1,22.90,8.06,true,1,
5014379009972,false,בירה לאגר באדוויזר פחית 500 מל,"איי, בי, אינבוו",GB,בירה לאגר באדוויזר פ,מיליליטרים,500.00,"100 מ""ל",false,1,9.50,1.90,true,1,
5015821149826,false,רוטב קארי טיקה 300 גרם,,GB,רוטב קארי טיקה 300 ג,גרמים,300.00,100 גרם,false,1,18.90,6.30,true,1,
5017375033873,false,מיליונס סוכריות לעיסה תפוח 100 גרם,,,מיליונס סוכריות לעיס,גרמים,100.00,100 גרם,false,1,9.90,9.90,true,1,
5017375433888,false,מיליונס סוכריות לעיסה תות 85 גרם,,,מיליונס סוכריות לעיס,גרמים,85.00,100 גרם,false,1,9.90,11.65,true,1,
5023625004487,false,"בירה הובגובלין 500 מ""ל",וויצ'וד,GB,בירה הובגובלין 500 מ,מיליליטרים,500.00,"100 מ""ל",false,1,18.90,3.78,true,1,
5024546356600,false,"וויסקי 700 מ""ל GRAND MACNISH SCOTCH",,,"וויסקי 700 מ""ל GRAND",מיליליטרים,700.00,"100 מ""ל",false,1,94.90,13.56,true,1,
5024546366609,false,"וויסקי 700 מ""ל LAUDERS SCOTCH",מקדוף אינטרנשנל דיסט,,"וויסקי 700 מ""ל LAUDE",מיליליטרים,700.00,"100 מ""ל",false,1,89.90,12.84,true,1,
5024546366630,false,וויסקי לאודרס 1 ליטר SCOTCH,,,וויסקי לאודרס 1 ליטר,מיליליטרים,1000.00,"100 מ""ל",false,1,115.90,11.59,true,1,
5029053002408,false,נייר טואולט קליניקס לבן 9 גלילים,קימברלי קלארק ישראל,IL,נ.טואלט קלינקס לבן 9,מטרים,275.00,מטר,false,1,36.90,0.13,true,1,
5029053002439,false,קלינקס - נייר טואולט קליניקס צהוב 9 גלילים,חוגלה קימברלי,GB,נ.טואלט קלינקס צהוב,מטרים,275.00,מטר,false,1,36.90,0.13,true,1,
5029053039725,false,ממחטות נייר קלינקס נטורל פרש קופסה 72 דף,,,ממחטות נייר קלינקס נ,Unknown,0.00,Unknown,false,1,12.90,12.90,true,1,
5029053510828,false,קוטקס - תחבושות אולטרה סופר + כנפיים 22 יח',קימברלי קלארק,GB,תחבושת קוטקס סופר +,Unknown,0.00,Unknown,false,1,25.90,25.90,true,1,
5029053523446,false,קוטקס - תחבושות אולטרה נייט + כנפיים 20 יח',קימברלי קלארק,GB,תחבושת קוטקס נייט,Unknown,0.00,Unknown,false,1,25.90,25.90,true,1,
5029053578309,false,קופסת ממחטות אולטרה סופט 48 דף קלינקס,קימברלי,IL,קלינקס אולטרה סופט ק,יחידה,1.00,יחידה,false,1,7.50,7.50,true,1,
5029054220085,false,האגיס - מגבוני האגיס אקסטרה קר לא מבושם 56 יח' * 4,קימברלי,IL,מגבוני האגיס רך נולד,Unknown,0.00,Unknown,false,1,33.80,33.80,true,1,
5030544902992,false,גבינת צדר אנגלי 190 גר,,,גבינת צדר אנגלי 190,גרמים,190.00,100 גרם,false,1,35.50,18.68,true,1,
5030544903012,false,גבינת צדר מיושן 190 גר,,,גבינת צדר מיושן 190,גרמים,190.00,100 גרם,false,1,35.50,18.68,true,1,
5030544903654,false,גבינת צדר עם בצל מקורמל Farmers Cheese 190 גרם,,,גבינת צדר עם בצל מקו,גרמים,190.00,100 גרם,false,1,27.20,14.32,true,1,
5035766044673,false,"סיידר תפוחים סטרונגבאו בודד 330 מ""ל",סטאסן ס.א,BE,סיידר תפוחים סטרונגב,מיליליטרים,330.00,"100 מ""ל",false,1,8.50,2.58,true,1,
5035766060253,false,"בירה מרפיס פחית 500 מ""ל",הייניקן,,"מרפיס פחית 500 מ""ל",מיליליטרים,500.00,"100 מ""ל",false,1,14.90,2.98,true,1,
5038483574386,false,קונדום דורקס פיורלייט 3,רקיט בנקיזר הלת'קר,TH,קונדומים דקים במיוחד,Unknown,0.00,Unknown,false,1,19.90,19.90,true,1,
5038483574416,false,קונדום דורקס אקסטרא סייף 3,רקיט בנקיזר הלת'קר,TH,קונדומים שקופים עבים,Unknown,0.00,Unknown,false,1,19.90,19.90,true,1,
5051225005726,false,גבינת צדר 360 גרם,,,גבינת צדר 360 גרם,גרמים,360.00,100 גרם,false,1,38.90,10.81,true,1,
5053827110679,false,"קלוגס ""פרוט לופס"" דגני בוקר 375 גרם",,,"קלוגס ""פרוט לופס"" דג",גרמים,375.00,100 גרם,false,1,21.90,5.84,true,1,
5053827213998,false,דגני בוקר קלוגס ספיישל קיי 375 גר,,GB,דגני בוקר קלוגס ספיי,גרמים,375.00,100 גרם,false,1,31.50,8.40,true,1,
5053827215862,false,קלוגס קוקו פופס שוקו 500ג',,,קוקו פופס 500 גרם,גרמים,500.00,100 גרם,false,1,21.90,4.38,true,1,
5056357900925,false,סניקרס חטיף חלבון חמאת בוטנים 57 גרם,מרס נדרלנד,US,סניקרס חטיף חלבון חמ,גרמים,57.00,100 גרם,false,1,17.90,31.40,true,1,
5056357901427,false,אם אנד אם חטיף חלבון שוקולד 51 גרם,מארס,GB,אם אנד אם חטיף חלבון,גרמים,51.00,100 גרם,false,1,17.90,35.10,true,1,
5056357906323,false,אם אנד אם קריספי חלבון 52 גרם,,,אם אנד אם קריספי חלב,גרמים,52.00,100 גרם,false,1,17.90,34.42,true,1,
5060108450089,false,גינגר אייל פרימיום ב,פיבר טרי,,"גינגר אייל 200 מ""ל",מיליליטרים,200.00,"100 מ""ל",false,1,9.90,4.95,true,1,
5060250343765,false,ריסס עוגיות קקאו במילוי חמאת בוטנים 96 ג,,,עוגיות ריסז ראונדס ב,גרמים,96.00,100 גרם,false,1,11.90,12.40,true,1,
5060255492185,false,חול חתולים ירוק 6 לריחני,,,אברקלין 6ל (ירוק ),ליטרים,0.01,ליטר,false,1,69.90,6990.00,true,1,
5060283762205,false,ציפס עדשים סריראצה וצילי 85 גרם,,GB,ציפס עדשים סריראצה ו,גרמים,85.00,100 גרם,false,1,15.90,18.71,true,1,
5060309490143,false,דיאבלו סוכריות ללא סוכר לימון 75 גרם,,GB,דיאבלו סוכריות ללא ס,גרמים,75.00,100 גרם,false,1,10.90,14.53,true,1,
5060319120078,false,תה איבנינג אורגני 40 גרם הייר ליבינג,,,תה איבנינג אורגני 40,Unknown,0.00,Unknown,false,1,18.90,18.90,true,1,
5060319129286,false,תה לבן אורגני 35 גרם הייר ליבינג,,,תה לבן אורגני 35 גרם,Unknown,0.00,Unknown,false,1,18.90,18.90,true,1,
5060326870850,false,"חטיף חומוס, בטטה, אפונה בטעם מלוח85 ג",,GB,"חטיף חומוס, בטטה, אפ",גרמים,85.00,100 גרם,false,1,10.40,12.24,true,1,
5060402908248,false,סניקרס חטיף חלבון 55 גרם,מרס נדרלנד,US,סניקרס חטיף חלבון 55,גרמים,55.00,100 גרם,false,1,17.90,32.55,true,1,
5060462260539,false,אצבעות וופל קרם אגוזים שוקולד 45 גרם,,ES,אצבעות וופל קרם אגוז,גרמים,45.00,100 גרם,false,1,16.90,37.56,true,1,
5060462261475,false,חטיף קאפס קרם בוטנים ציפוי שוקולד 34 גרם,,ES,חטיף קאפס קרם בוטנים,גרמים,34.00,100 גרם,false,1,16.90,49.71,true,1,
5060465390059,false,"בירה סקיני לאגר 330 מ""ל פחית",,GB,בירה סקיני לאגר 330,מיליליטרים,330.00,"100 מ""ל",false,1,9.90,3.00,true,1,
5060465390172,false,"IPA פחית בירה סקיני ללא גלוטן 330 מ""ל",,GB,IPA פחית בירה סקיני,מיליליטרים,330.00,"100 מ""ל",false,1,11.90,3.61,true,1,
5060517886486,false,"מונסטר משקה אנרגיה קלאסי 500 מ""ל",Monster energy סרביה,RU,מונסטר אנרגי פח 500,מיליליטרים,500.00,"100 מ""ל",false,1,7.90,1.58,true,1,
5060671000063,false,מיקסרים מיוון בטעם אשכולית ורודה 200 מל,,,מיקסרים מיוון בטעם,מיליליטרים,200.00,"100 מ""ל",false,1,9.50,4.75,true,1,
5060671000124,false,מיקסרים החדש מיוון בטעם טוניק לימון 200,,,מיקסרים החדש מיוון ב,מיליליטרים,200.00,"100 מ""ל",false,1,9.50,4.75,true,1,
5060751218173,false,"משקה אנרגיה מונסטר Pipline punch פח 500 מ""ל",Monster energy סרביה,IE,מונסטר פייפליין פאנצ,מיליליטרים,500.00,"100 מ""ל",false,1,7.50,1.50,true,1,
5060751219033,false,"משקה אנרגיה מונסטר ULTRA PARADISE פח 500 מ""ל",Monster energy סרביה,IE,מונסטר אולטרה פרדייס,מיליליטרים,500.00,"100 מ""ל",false,1,7.50,1.50,true,1,
5060805990703,false,חברים-עוגיות רייצל עוגיות רד וולוט 150ג,,,חברים-עוגיות רייצל ע,גרמים,150.00,100 גרם,false,1,22.90,15.27,true,1,
5060805990710,false,חברים-עוגיות צ’נדלר קרמל מלוח 150 גר,,,חברים-עוגיות צ’נדלר,גרמים,150.00,100 גרם,false,1,22.90,15.27,true,1,
5060805990727,false,חברים-עוגיות פיביז עם שוקולד ציפס 150 גר,,,חברים-עוגיות פיביז ע,גרמים,150.00,100 גרם,false,1,22.90,15.27,true,1,
5060805990741,false,חברים-עוגיות מוניקה שוקולד ציפס 150 גר,,,חברים-עוגיות מוניקה,גרמים,150.00,100 גרם,false,1,22.90,15.27,true,1,
5200106871084,false,יוגורט יווני 150 גר,,GR,יוגורט יווני 150 גר,גרמים,150.00,100 גרם,false,1,6.90,4.60,true,1,
5200106871121,false,יוגורט יווני 1ק''ג,,GR,"יוגורט יווני 1 ק""ג",קילוגרמים,0.00,"ק""ג",false,1,33.50,33.50,true,1,
5200106871251,false,יוגורט יווני 350 גר,,GR,יוגורט יווני 350 גר,גרמים,350.00,100 גרם,false,1,12.00,3.43,true,1,
5200132560082,false,"יין דומיין סבאניס, מאלגוזיה 750 מ""ל",,GR,"יין דומיין סבאניס, מ",Unknown,0.00,Unknown,false,1,74.90,74.90,true,1,
5200132560143,false,"יין דומיין סבאניס, פייר ווינד אדום 750",,GR,"יין דומיין סבאניס, פ",Unknown,0.00,Unknown,false,1,39.90,39.90,true,1,
5200132560150,false,"יין דומיין סבאניס, פייר ווינד רוזה 750",,GR,"יין דומיין סבאניס, פ",Unknown,0.00,Unknown,false,1,39.90,39.90,true,1,
5200133120476,false,גלילות וופלים ממולאים קרם אגוזים וקקאו 400 ג',יוניליוור גרמניה Gm,GR,גליליות וופלים ממולא,גרמים,400.00,100 גרם,false,1,18.90,4.73,true,1,
5200133120483,false,גליליות וופלים ממולא קרם וניל 400 גר,יוניליוור גרמניה Gm,GR,גליליות וופלים ממולא,גרמים,400.00,100 גרם,false,1,18.90,4.73,true,1,
5201004020338,false,קפריס וופל רול ממולא קרם אגוזי לוז 400 ג',פפדופולוס,GR,גליליות וופל קפריס ר,גרמים,400.00,100 גרם,false,1,20.90,5.23,true,1,
5201004021328,false,קפריס וופל רול ממולא קרם אגוזי לוז 115 ג',אי. ג'יי פאפאדופולוס,GR,גליליות קפריס רולס ק,גרמים,115.00,100 גרם,false,1,10.30,8.96,true,1,
5201043004412,false,זיתי קלמטה שחורים 200 גר,,,זיתי קלמטה שחורים 37,מיליליטרים,370.00,"100 מ""ל",false,1,15.90,4.30,true,1,
5201306800812,false,זית קלמטה 465 גר דולפין,,GR,זית קלמטה 465 גר דול,גרמים,465.00,100 גרם,false,1,28.90,6.22,true,1,
5201306803400,false,זיתים מושחרים דלפי סופר ממוט 820 גרם,,GR,זיתים מושחרים 465 גר,גרמים,465.00,100 גרם,false,1,28.50,6.13,true,1,
5201340003088,false,טונה מעושנת וקינואה 160 ג' TRATA,,GR,טונה מעושנת וקינואה,גרמים,160.00,100 גרם,false,1,16.90,10.56,true,1,
5201340026704,false,טונה מעושנת פיקנטי 160 ג' TRATA,,GR,טונה מעושנת פיקנטי 1,גרמים,160.00,100 גרם,false,1,16.90,10.56,true,1,
5202175001515,false,נאצ`וס בטעם מלוח 225 גר,,,נאצ`וס בטעם מלוח 225,גרמים,225.00,100 גרם,false,1,12.50,5.56,true,1,
5202175002581,false,"טורטיה 20 ס""מ 5 יח 200 גר",,,"טורטיה 20 ס""מ 5 יח 2",גרמים,200.00,100 גרם,false,1,9.90,4.95,true,1,
5202302000022,false,זיתים שחורים טבעיים 275 גרם,לילייה פודס,GR,זיתים שחורים טבעיים,גרמים,275.00,100 גרם,false,1,16.90,6.15,true,1,
5202390015618,false,גבינה צהובה טבעונית אורגינל ויאו לייף 200 ג',אריביה אס.אי. 57022,GR,צהובה טבעונית בטעם א,גרמים,200.00,100 גרם,false,1,24.90,12.45,true,1,
5202390019319,false,מוצרלה טבעונית מגוררת ויולייף 200ג',,,מוצרלה טבעונית לפיצה,גרמים,200.00,100 גרם,false,1,24.90,12.45,true,1,
5208049001452,false,גולדן וירגיניה ירוק 30 גר+נייר PP,BAT,,גולדן וירגיניה ירוק,יחידה,1.00,יחידה,false,1,69.90,69.90,true,1,
5208049001483,false,גולדן וירגיניה לבן 30 גר+נייר PP יחידה,,,גולדן וירגיניה לבן 3,יחידה,1.00,יחידה,false,1,69.90,69.90,true,1,
5208049001513,false,גולדן וירגיניה צהוב30 גר+נייר לגלגול יח,,,גולדן וירגיניה צהוב3,יחידה,1.00,יחידה,false,1,69.90,69.90,true,1,
5208049006624,false,פאל מאל אקסטרה סילבר קופסה,BAT,DE,פאל מאל אקסטרה סילבר,יחידה,1.00,יחידה,false,1,27.90,27.90,true,1,
5214000101062,false,שמן זית יווני כתית מעולה 1 ליטר Oleum,Oleum,,שמן זית יווני כתית מ,מיליליטרים,1000.00,"100 מ""ל",false,1,65.90,6.59,true,1,
5214000101369,false,"שמן זית יווני כתית מעולה 750 מ""ל Oleum",Oleum,,שמן זית יווני כתית מ,מיליליטרים,750.00,"100 מ""ל",false,1,54.90,7.32,true,1,
5391523057936,false,סימילאק גולד שלב 2 700 גרם,אבוט לבורטיז,IE,סימילאק גולד שלב 2,גרמים,700.00,100 גרם,false,1,71.90,10.27,true,1,
5400141240320,false,עגבניות מיובשות בשמן זית וצלפים 280 גרם,,NL,עגבניות מיובשות בשמן,גרמים,280.00,100 גרם,false,1,19.90,7.11,true,1,
5400265020709,false,בונ קופידו שוקולד סטיקס מריר תפ 125 גרם,,,בונ קופידו שוקולד סט,גרמים,125.00,100 גרם,false,1,21.60,17.28,true,1,
5400265021553,false,המלט מארז 12 סוכריות סבא 170 גר,,,המלט מארז 12 סוכריות,גרמים,170.00,100 גרם,false,1,16.90,9.94,true,1,
5400265022819,false,המלט- שוקוליס דפדפי אגוז קריספי 125 גר,,,המלט- שוקוליס דפדפי,גרמים,125.00,100 גרם,false,1,18.40,14.72,true,1,
5400265023649,false,המלט-פרלינים בלגים סלקשן 500 גר,,,המלט-פרלינים בלגים ס,גרמים,500.00,100 גרם,false,1,99.90,19.98,true,1,
5400265024349,false,המלט מאפה מבצק עלים מסוכר 250 גר,,,המלט מאפה מבצק עלים,גרמים,250.00,100 גרם,false,1,14.50,5.80,true,1,
5400265030654,false,המלט- סוכריית מקל סבא אדום ולבן 144 גר,,,המלט- סוכריית מקל סב,גרמים,144.00,100 גרם,false,1,16.90,11.74,true,1,
5400265037035,false,המלט בובת סנטה 55 גרם,,,המלט בובת סנטה 55 גר,גרמים,55.00,100 גרם,false,1,12.50,22.73,true,1,
5400265037998,false,המלט - בובת סנטה 125 גר,,,המלט - בובת סנטה 125,גרמים,125.00,100 גרם,false,1,18.90,15.12,true,1,
5400265040882,false,המלט-פרלינים בלגים דלוקס שחור 175 ג,,,המלט-פרלינים בלגים ד,גרמים,175.00,100 גרם,false,1,38.90,22.23,true,1,
5400265041025,false,המלט-טרופל בלגי רובי 150 גר,,,המלט-טרופל בלגי רובי,גרמים,150.00,100 גרם,false,1,29.90,19.93,true,1,
5400265041360,false,"המלט-עוגיות מקרון תות,פיסטוק ושוק 75 גר",,,המלט-עוגיות מקרון תו,גרמים,75.00,100 גרם,false,1,24.90,33.20,true,1,
5410041435702,false,טוק קרקר קלאסי 100ג',,HU,טוק קרקרים 100 גרם,גרמים,100.00,100 גרם,false,1,7.70,7.70,true,1,
5410091750909,false,פרסיל קפסולות גל לכביסה 14 יח UNIVERSAL,,,פרסיל קפסולות גל לכב,יחידה,1.00,יחידה,false,1,18.90,18.90,true,1,
5410126006087,false,ביסקוויט לוטוס קרמל 700 גרם,כלורוקס אוקלנד,BE,ביסקוויט לוטוס קרמל,גרמים,700.00,100 גרם,false,1,29.90,4.27,true,1,
5410126006360,false,לוטוס עוגיות סנדוויץ' במילוי לוטוס 150 גר',לוטוס ביקרי בלגיה נ.,BE,לוטוס עוגיות במילוי,גרמים,150.00,100 גרם,false,1,9.90,6.60,true,1,
5410126116953,false,ממרח עוגיות לוטוס קרמל 400 גר,לוטוס בייקרי בלגיה נ,BE,ממרח עוגיות לוטוס קר,גרמים,400.00,100 גרם,false,1,25.90,6.48,true,1,
5410126297003,false,מארז גלידת לוטוס שוקולד לבן על מקל 284 ג,,BE,מארז גלידת לוטוס שוק,גרמים,284.00,100 גרם,false,1,43.90,15.46,true,1,
5410126666038,false,עוגיות לוטוס 18*2 279 גרם,,BE,עוגיות לוטוס 279 גרם,גרמים,279.00,100 גרם,false,1,14.60,5.23,true,1,
5410126716016,false,"ביסקוויט בטעם קרמל לוטוס בד""צ 250 ג'",לוטוס ביקרי בלגיה,BE,ביסקויט קרמל לוטוס 2,גרמים,250.00,100 גרם,false,1,12.90,5.16,true,1,
5410228144755,false,"בירה סטלה ארטואה שישייה בקבוק 330 מ""ל",,,שישיית סטלה ארטואה,מיליליטרים,1980.00,"100 מ""ל",false,1,34.90,1.76,true,1,
5410358459347,false,הריבו מרשמלו ברביקיו 175 גרם,,BE,הריבו מרשמלו ברביקיו,גרמים,175.00,100 גרם,false,1,8.30,4.74,true,1,
5410481080036,false,קרלייר-נוגט תות שדה 100 גר,,BE,קרלייר נוגט תות שדה,גרמים,100.00,100 גרם,false,1,16.40,16.40,true,1,
5410481080050,false,קרלייר-נוגט קפה 100 גר,,BE,קרלייר-נוגט קפה 100,גרמים,100.00,100 גרם,false,1,16.40,16.40,true,1,
5410481080180,false,קרלייר-נוגט תות פיסטוק וקקאו 100 גר,,BE,קרלייר-נוגט תות פיסט,גרמים,100.00,100 גרם,false,1,16.40,16.40,true,1,
5410769100081,false,"בירה לה שוף 330 מ""ל בקבוק","איי, בי, אינבוו",BE,"בירה לה שוף 330 מ""ל",מיליליטרים,330.00,"100 מ""ל",false,1,16.90,5.12,true,1,
5410769800097,false,"בירה לה צרי שוף 8% 330 מ""ל בקבוק",פארייפאבה אגרואינדוס,BE,בירה לה צרי שוף 8%,מיליליטרים,330.00,"100 מ""ל",false,1,15.90,4.82,true,1,
5410976271017,false,גיליאן - אופוס פרלין בלגי 180 גרם,,,גיליאן - אופוס פרלין,גרמים,180.00,100 גרם,false,1,41.90,23.28,true,1,
5410976826019,false,שוקולד מריר 72% 100 גר גיליאן,,BE,שוקולד מריר 72% 100,גרמים,100.00,100 גרם,false,1,16.90,16.90,true,1,
5411081003654,false,"בירה קסטיל רוז 330 מ""ל",יושלם,,בירה קסטיל רוז 330 מ,מיליליטרים,330.00,"100 מ""ל",false,1,12.90,3.91,true,1,
5411081003661,false,"בירה קסטיל רוז 750 מ""ל",,,בירה קסטיל רוז 750 מ,מיליליטרים,750.00,"100 מ""ל",false,1,38.90,5.19,true,1,
5411081008420,false,"בירה בירה שושנע קסטיל 330 מ""ל",,,בירה בירה שושנע קסטי,מיליליטרים,330.00,"100 מ""ל",false,1,12.90,3.91,true,1,
5411188080268,false,אלפרו סויה אורגני אלפרו 1 ליטר,הנסיך- מפעל לייצור ט,BE,אלפרו סויה אורגני א,מיליליטרים,1000.00,"100 מ""ל",false,0,17.50,1.75,true,1,
5411188094159,false,אלפרו מעדן סויה בטעם שוקו בלגי 125 גר*4,הנסיך- מפעל לייצור ט,BE,אלפרו מעדן סויה בטעם,גרמים,500.00,100 גרם,false,1,19.80,3.96,true,1,
5411188094173,false,רביעיה מעדן סויה טעם קרמל 125 ג' אלפרו,,BE,אלפרו מעדן סויה בטעם,מיליליטרים,500.00,"100 מ""ל",false,1,19.80,3.96,true,1,
5411188112709,false,"משקה קוקוס אלפרו 1 ליטר משקה שקדים לל""ס",הנסיך- מפעל לייצור ט,BE,אלפרו משקה שקדים ללא,מיליליטרים,1000.00,"100 מ""ל",false,1,15.90,1.59,true,1,
5411188115366,false,משקה קוקוס אלפרו 1 ליטר משקה שיבולת שועל 1 ליטר,הנסיך- מפעל לייצור ט,BE,אלפרו משקה שיבולת שו,מיליליטרים,1000.00,"100 מ""ל",false,1,15.90,1.59,true,1,
5411188115434,false,משקה אלפרו בריסטה סויה 1 ליטר,,BE,אלפרו משקה בריסטה סו,מיליליטרים,1000.00,"100 מ""ל",false,1,16.90,1.69,true,1,
5411188115472,false,אלפרו משקה סויה 1 ליטר,הנסיך- מפעל לייצור ט,BE,אלפרו משקה סויה 1 לי,מיליליטרים,1000.00,"100 מ""ל",false,1,14.90,1.49,true,1,
5411188118732,false,אלפרו חלב משקה קוקוס שקדים 1 ל',הנסיך- מפעל לייצור ט,BE,אלפרו משקה קוקוס שקד,מיליליטרים,1000.00,"100 מ""ל",false,1,15.90,1.59,true,1,
5411188120742,false,משקה קוקוס אלפרו 1 ליטר שקדים וניל 1 ל',הנסיך- מפעל לייצור ט,BE,אלפרו משקה שקדים בטע,מיליליטרים,1000.00,"100 מ""ל",false,1,15.90,1.59,true,1,
5411188121923,false,"אלפרו משקה סויה סידן מארז 250X3מ""ל",הנסיך- מפעל לייצור ט,BE,שלישיות אלפרו סויה ב,מיליליטרים,750.00,"100 מ""ל",false,1,15.90,2.12,true,1,
5411188121978,false,"משקה סויה בטעם שוקולד 3 * 250 מ""ל אלפרו",אלפרו C.V.A,IL,שלישיות אלפרו סויה ש,מיליליטרים,750.00,"100 מ""ל",false,1,15.90,2.12,true,1,
5411188122586,false,"אלפרו משקה שקדים 250 מ""ל",,BE,אלפרו משקה שקדים 250,מיליליטרים,250.00,"100 מ""ל",false,1,6.90,2.76,true,1,
5411188124689,false,משקה שיבולת שועל ללא סוכר 1ל' אלפרו,,,אלפרו משקה שיבולת שו,מיליליטרים,1000.00,"100 מ""ל",false,1,15.90,1.59,true,1,
5411188124726,false,אלפרו משקה שיבולת שועל שקדים 1 ליטר,הדקלאים אגודת שיתופי,BE,אלפרו משקה שיבולת שו,מיליליטרים,1000.00,"100 מ""ל",false,1,15.90,1.59,true,1,
5411188126195,false,אלפרו משקה שקדים אורגני 1 ליטר,,BE,אלפרו משקה שקדים,מיליליטרים,1000.00,"100 מ""ל",false,1,15.90,1.59,true,1,
5411188129899,false,משקה אלפרו בריסטה שקדים 1 ליטר,הנסיך- מפעל לייצור ט,BE,אלפרו בריסטה משקה שק,מיליליטרים,1000.00,"100 מ""ל",false,1,16.90,1.69,true,1,
5411188300328,false,אלפרו סויה בטעם שוקו 1 ליטר,הנסיך- מפעל לייצור ט,BE,אלפרו סויה בטעם שוקו,מיליליטרים,1000.00,"100 מ""ל",false,1,17.50,1.75,true,1,
5411223100579,false,"בירה לינדמנס אפל תפוח 250 מ""ל",,,בירה לינדמנס אפל תפו,מיליליטרים,250.00,"100 מ""ל",false,1,15.90,6.36,true,1,
5411642563047,false,גופרה בלגית וופל עם סוכר מ.שוקולד 300 גר,,BE,גופרה בלגית וופל עם,גרמים,300.00,100 גרם,false,1,12.90,4.30,true,1,
5411676100874,false,"בירת ברבר בלונד 330 מ""ל",,,בירת ברבר בלונד 330,מיליליטרים,330.00,"100 מ""ל",false,1,16.90,5.12,true,1,
5411676100928,false,"בירת ברבר רוז 330 מ""ל",,BE,"בירת ברבר רוז 330 מ""",מיליליטרים,330.00,"100 מ""ל",false,1,16.90,5.12,true,1,
5411681014005,false,בירה דובל בקבוק 330,פארייפאבה אגרואינדוס,IL,"בירה דובל 330 מ""ל",מיליליטרים,330.00,"100 מ""ל",false,1,16.90,5.12,true,1,
5411681038070,false,בירה מרדסו טריפל 750 מל,,,בירה מרדסו טריפל 750,מיליליטרים,750.00,"100 מ""ל",false,1,31.90,4.25,true,1,
5411686700118,false,"בירה לינדמנס פרוטס 250 מ""ל",לפימנס,BE,בירה לינדמנס פרוטס 2,מיליליטרים,250.00,"100 מ""ל",false,1,15.90,6.36,true,1,
5412514555559,false,עלי טורטילס 320 גרם,,,עלי טורטילס 320 גרם,גרמים,320.00,100 גרם,false,1,26.10,8.16,true,1,
5412514931117,false,עלי טורטילס מתירס פוקולוקו 320 גר,,,עלי טורטילס מתירס פו,גרמים,320.00,100 גרם,false,1,28.80,9.00,true,1,
5412514999933,false,פוקו לוקו -סלסה חריפה 325 גרם,,,פוקו לוקו -סלסה חריפ,מיליליטרים,325.00,"100 מ""ל",false,1,30.90,9.51,true,1,
5413121350018,false,בונבוניירה BCG לבבות 200 גר,,,בונבוניירה BCG לבב,גרמים,200.00,100 גרם,false,1,27.90,13.95,true,1,
5413121355082,false,שוקולד בלגי מריר משובח 72 פרסטיז 100 גרם,,,שוקולד בלגי מריר משו,גרמים,100.00,100 גרם,false,1,14.50,14.50,true,1,
5413121359035,false,בלגיאן טראפלס בלגי קקאו אורגינל 200 גרם,,,בלגיאן טראפלס בלגי ק,גרמים,200.00,100 גרם,false,1,18.60,9.30,true,1,
5413121359769,false,לבבות וצדפי שוקולד 195ג' בלגיאן,,,בלגיאן - צדפי שוקולד,גרמים,195.00,100 גרם,false,1,16.90,8.67,true,1,
5413121359981,false,"בלגיאן שוקולד ללת""ס חלב אגוזים 100 גר",,,"בלגיאן שוקולד ללת""ס",גרמים,100.00,100 גרם,false,1,22.90,22.90,true,1,
5413149655522,false,"אבקת כביסה שושן צחור 1.25 ק""ג אריאל",פרוקטר אנד גמבל,,אריאל שושן צחור 1.25,קילוגרמים,0.00,"ק""ג",false,1,23.90,23.90,true,1,
5414145035622,false,וויסקי בורבון קנטקי גק 1 ליטר,,,וויסקי בורבון קנטקי,מיליליטרים,1000.00,"100 מ""ל",false,1,130.90,13.09,true,1,
5420066370001,false,טראפל בלגי קרמל 150 גרם,,,טראפל בלגי קרמל 150,גרמים,150.00,100 גרם,false,1,11.90,7.93,true,1,
5420066370025,false,טראפל שוקולד בלגי קפ,,,טראפל בלגי קפה 150 ג,גרמים,150.00,100 גרם,false,1,11.90,7.93,true,1,
5420066370049,false,טראפל בלגי תפוז 150 גרם,,,טראפל בלגי תפוז 150,גרמים,150.00,100 גרם,false,1,11.90,7.93,true,1,
5425025281862,false,מגיק וופל בלגי קפוא במילוי דובדבן 320 גר,,BE,מגיק וופל בלגי קפוא,גרמים,320.00,100 גרם,false,1,29.90,9.34,true,1,
5600787049046,false,"משקה אורגני ע""ב קמבוצה ותה ירוק 400 מ",,PT,"משקה אורגני ע""ב קמבו",מיליליטרים,400.00,"100 מ""ל",false,1,21.90,5.48,true,1,
5600787049213,false,"משקה אורגני ע""ב קמבוצה ותה ירוק עם 400",,PT,"משקה אורגני ע""ב קמבו",מיליליטרים,400.00,"100 מ""ל",false,1,21.90,5.48,true,1,
5601007001615,false,"יין פורט פריירה רובי 750 מ""ל",,,יין פורט פריירה רובי,Unknown,0.00,Unknown,false,1,67.90,67.90,true,1,
5601008200444,false,עוגיות טבעת מצופה שוק. חלב 150 גר גודיס,הנסיך- מפעל לייצור ט,PT,עוגיות טבעת מצופה שו,גרמים,150.00,100 גרם,false,1,11.40,7.60,true,1,
5601008200468,false,עוגיות מרבה גודיס טבעת מצופה שוקו' לבן 150ג',קריניציה ויטמינה אס,PT,עוגיות טבעת מצופה שו,גרמים,150.00,100 גרם,false,1,11.40,7.60,true,1,
5601010211070,false,סרדין במים 125 גר רמירז,רמירז קונסרב,PT,סרדין במים 125 גר ר,גרמים,125.00,100 גרם,false,1,11.90,9.52,true,1,
5601012045505,false,"יין גאזלה 750 מ""ל",,,"יין גאזלה 750 מ""ל",Unknown,0.00,Unknown,false,1,40.90,40.90,true,1,
5601045300022,false,משקה גוארנה אנטרטיקה פחית 355 מל,סומול וקומפל אס.איי,PT,משקה גוארנה אנטרטיק,מיליליטרים,356.00,"100 מ""ל",false,1,6.90,1.94,true,1,
5601055005375,false,פינטרולס - עדשי שוקולד בגליל שלישיה 22 גרם,פינטרולס,PT,שלישייה עדשי שוקולד,גרמים,66.00,100 גרם,false,1,9.90,15.00,true,1,
5601055319854,false,מאגדת עדשי שוקולד פינטרולס 10*15 גרם,פינטרולס,PT,מאגדת עדשי שוקולד פי,גרמים,150.00,100 גרם,false,1,19.90,13.27,true,1,
5601078005017,false,"יין גראו וסקו אדום 750 מ""ל",,,יין גראו וסקו אדום 7,Unknown,0.00,Unknown,false,1,40.90,40.90,true,1,
5601217129420,false,וולייט דפים לשמירה על צבע הבגד 20 יח,,,וולייט דפים לשמירה ע,Unknown,0.00,Unknown,false,1,23.90,23.90,true,1,
5601996023780,false,"יין פורטה 6 רוזה 750 מ""ל",,PT,יין פורטה 6 רוזה 750,Unknown,0.00,Unknown,false,1,49.90,49.90,true,1,
5601996355485,false,"יין פורטה 6 לבן 750 מ""ל",,PT,יין פורטה 6 לבן 750,Unknown,0.00,Unknown,false,1,49.90,49.90,true,1,
5601996547897,false,"יין פורטה 6 אדום 750 מ""ל",,PT,יין פורטה 6 אדום 750,Unknown,0.00,Unknown,false,1,49.90,49.90,true,1,
5604912415058,false,סרדינים בשמן חמניה חריף פורטוס 125 גרם,,PT,סרדינים בשמן חמניה ח,גרמים,125.00,100 גרם,false,1,7.50,6.00,true,1,
5604912425057,false,מקרלים בשמן חמניה חריף פורטוס 125 גרם,קונסרבס פורטוגל נורט,PT,מקרלים בשמן חמניה חר,גרמים,125.00,100 גרם,false,1,7.50,6.00,true,1,
5701215042391,false,גבינת קממברט 125גר',,,קממבר 125 גרם,גרמים,125.00,100 גרם,false,1,18.90,15.12,true,1,
5701215042407,false,גבינת ברי אורנהולט 125ג',,,ברי 125 גרם,גרמים,125.00,100 גרם,false,1,22.90,18.32,true,1,
5703985072240,false,גבינת דנאבלו 100ג',,,דנאבלו 100 גר,גרמים,100.00,100 גרם,false,1,14.20,14.20,true,1,
5705550300963,false,ביצי דג שיבוט 200 גרם יורו פוד,,,ביצי דג שיבוט 200 גר,גרמים,200.00,100 גרם,false,1,12.90,6.45,true,1,
5708776001232,false,"סירופ מייפל אורגני 250 מ""ל Manna",,DK,סירופ מייפל אורגני 2,מיליליטרים,250.00,"100 מ""ל",false,1,31.50,12.60,true,1,
5709120175852,false,גבינת ברי צרפתי 500ג',,FR,ברי צרפתי 500 גרם,גרמים,500.00,100 גרם,false,1,51.90,10.38,true,1,
5711953106583,false,גבינת שמנת בטעם טבעי 200 ג' ארלה,ארלה פודס אמבה,DK,גבינת שמנת טבעי ארלה,גרמים,200.00,100 גרם,false,1,17.90,8.95,true,1,
5711953145339,false,"משקה סטארבקס פרפוצינו מוקה 250 מ""ל",,DK,משקה סטארבקס פרפוצינ,מיליליטרים,250.00,"100 מ""ל",false,1,15.90,6.36,true,1,
5740900403215,false,ממרח מחמאת לורפק עם מלח 250 ג',,DK,ממרח לורפק עם מלח 25,גרמים,250.00,100 גרם,false,1,17.90,7.16,true,1,
5740900403239,false,ממרח מחמאת לורפק ללא מלח 250 ג',,DK,ממרח לורפק ללא מלח 2,גרמים,250.00,100 גרם,false,1,17.90,7.16,true,1,
5774540984452,false,אנטון ברג-מרציפן דובדבן ברום 220 גר,,,אנטון ברג-מרציפן דוב,גרמים,220.00,100 גרם,false,1,43.90,19.95,true,1,
5774540989853,false,אנטון ברג-מרציפן פטל בליקר תפוז 220 גר,,,אנטון ברג-מרציפן פטל,גרמים,220.00,100 גרם,false,1,43.90,19.95,true,1,
5900020012814,false,דגנים נסקוויק מלחמת הכוכבים 500 גרם,מיוצר עי קונדיטוריית,PL,דגנים נסקוויק 500 גר,גרמים,375.00,100 גרם,false,1,28.90,7.71,true,1,
5900020015174,false,פיטנס - חטיף דגנים שוקולד 23.50 גרם * 6,מיוצר עי קונדיטוריית,PL,פיטנס חטיף דגנים שוק,גרמים,141.00,100 גרם,false,1,18.90,13.40,true,1,
5900020018908,false,פיטנס - חטיף דגנים עוגיות שוקולד 23.50 גרם * 6,מיוצר עי קונדיטוריית,PL,פיטנס חטיף דגנים קרם,גרמים,141.00,100 גרם,false,1,18.90,13.40,true,1,
5900020020710,false,נסטלה - קראנץ' שוקו וניל חטיף דגנים 25 גרם * 6,,,חטיפי דגנים קראנץ בר,גרמים,150.00,100 גרם,false,1,17.90,11.93,true,1,
5900020024770,false,פיטנס - דליס חטיף דגנים שוקולד אגוז 22.50 גרם * 6,סי. פי. פולין,PL,פיטנס בר דליס שוקולד,גרמים,135.00,100 גרם,false,1,18.90,14.00,true,1,
5900020024817,false,פיטנס - דליס חטיף דגנים שוקולד לבן 22.50 גרם * 6,,,פיטנס בר דליס שוקולד,גרמים,135.00,100 גרם,false,1,18.90,14.00,true,1,
5900020025647,false,פיטנס - דליס חטיף דגנים שוקולד חלב 22.50 גרם * 6,מיוצר עי קונדיטוריית,PL,פיטנס בר דליס שוקולד,גרמים,135.00,100 גרם,false,1,18.90,14.00,true,1,
5900020026552,false,האני נאט ציריוס מלחמת הכוכבים 625 גרם,הנסיך- מפעל לייצור ט,FR,האני נאט ציריוס מלחמ,גרמים,625.00,100 גרם,false,1,27.90,4.46,true,1,
5900020031877,false,צ'יריוס האני חטיף דגנים מארז 22X6 גרם,סי. פי. פולין,PL,מארז חטיף דגנים צריו,גרמים,132.00,100 גרם,false,1,17.90,13.56,true,1,
5900020034021,false,פיטנס בר דליס שוקולד בננה 8*23.5 גרם,מיוצר עי קונדיטוריית,PL,פיטנס בר דליס שוקולד,גרמים,188.00,100 גרם,false,1,18.90,10.05,true,1,
5900020036407,false,דגני בוקר שוקולד וקרמל ליון 480 גרם,,FR,דגני בוקר שוקולד וקר,גרמים,480.00,100 גרם,false,1,26.90,5.60,true,1,
5900020039590,false,פיטנס חטיף דגנים קלאסי פרווה 8 6*23.5 ג,,PL,פיטנס חטיף דגנים קלא,גרמים,141.00,100 גרם,false,1,18.90,13.40,true,1,
5900020039620,false,פיטנס חטיף דגנים שקדים ודבש פרווה 8 6*23 ג,,PL,פיטנס חטיף דגנים שקד,גרמים,140.00,100 גרם,false,1,18.90,13.50,true,1,
5900020041142,false,קורנפלקס פיטנס 500 ג' אסם,סי.פי פולין,PL,פיטנס קורנפלקס 500 ג,גרמים,500.00,100 גרם,false,1,17.90,3.58,true,1,
5900020041371,false,מארז חטיף פיטנס שוקולד מריר 23.5X6 גרם,,,פיטנס חטיף שוקולד מר,גרמים,141.00,100 גרם,false,1,18.90,13.40,true,1,
5900238584349,false,לשנות חתול 100 גרם,,PL,ברון שוקולד לשונות ח,גרמים,100.00,100 גרם,false,1,9.90,9.90,true,1,
5900820014230,false,גבינה מתכת נורווסקי סלמון 150ג' -מלקפול,,,גבינה נורווסקי סלמון,גרמים,150.00,100 גרם,false,1,15.90,10.60,true,1,
5900951291593,false,אם אנד אם קרמל מלוח 70 גרם,,,אם אנד אם קרמל מלוח,גרמים,175.00,100 גרם,false,1,10.90,6.23,true,1,
5901008990100,false,פרוסות מלפפון ופלפל 850 גר POLAN,,PL,פרוסות מלפפון ופלפל,גרמים,850.00,100 גרם,false,1,14.90,1.75,true,1,
5901008990162,false,סלט כרוב עם סלק 900 גרם Polan,,PL,סלט כרוב עם סלק 900,גרמים,900.00,100 גרם,false,1,13.90,1.54,true,1,
5901008990179,false,פרוסות קישוא בחומץ 830 גרם Polan,,PL,פרוסות קישוא בחומץ,גרמים,830.00,100 גרם,false,1,11.90,1.43,true,1,
5901008990322,false,שימורי פטיסונים מוחמצים 860 גר POLAN,,,שימורי פטיסונים מוחמ,גרמים,860.00,100 גרם,false,1,22.90,2.66,true,1,
5901008990339,false,פרוסות מלפפונים מוחמצים 660 גר POLAN,,,פרוסות מלפפונים מוחמ,גרמים,660.00,100 גרם,false,1,16.30,2.47,true,1,
5901008990407,false,שימורי מלפפונים מוחמצים 860 גר POLAN,,,שימורי מלפפונים מוחמ,גרמים,860.00,100 גרם,false,1,20.90,2.43,true,1,
5901008990421,false,שימורי עגבניות שרי כבושות 880 גר POLAN,,PL,שימורי עגבניות שרי כ,גרמים,880.00,100 גרם,false,1,20.90,2.38,true,1,
5901008990445,false,ריבועי פלפל אדום 680 גר POLAN,,,ריבועי פלפל אדום 680,גרמים,680.00,100 גרם,false,1,17.90,2.63,true,1,
5901008990452,false,כרוב כבוש 900 גר POLAN,,,כרוב כבוש 900 גר POL,גרמים,900.00,100 גרם,false,1,17.90,1.99,true,1,
5901008990599,false,מלפפונים קורנישונים מוחמצים 860 גר POLAN,,,מלפפונים קורנישונים,גרמים,860.00,100 גרם,false,1,22.90,2.66,true,1,
5901046990315,false,חזרת אדומה 180 גר POLAN,,,חזרת אדומה 180 גר PO,גרמים,180.00,100 גרם,false,1,10.90,6.06,true,1,
5901330075063,false,חטיף חלבון בטעם אגוזי לוז 60 גרם,,PL,חטיף חלבון בטעם אגוז,גרמים,60.00,100 גרם,false,1,17.90,29.83,true,1,
5901414200411,false,ביסקוויט מיניס ממולא שוקולד היט 130 גר,בלזן,PL,ביסקוויט מיניס ממולא,גרמים,130.00,100 גרם,false,1,9.40,7.23,true,1,
5901669485649,false,ברון שוקולד מריר 80% 100 גרם,,PL,ברון שוקולד מריר 80%,גרמים,100.00,100 גרם,false,1,9.90,9.90,true,1,
5901669485663,false,שוקולד דק מריר תפוז 70% 100 גרם,,PL,ברון שוקולד מריר תפו,גרמים,100.00,100 גרם,false,1,9.90,9.90,true,1,
5902198160403,false,"משקה אנרגיה XL TEN פחית לל""ס 250מ""ל","טמפו משקאות בע""מ",IL,XL TEN משקה אנרגיה,מיליליטרים,250.00,"100 מ""ל",false,1,4.90,1.96,true,1,
5902510274153,false,ממרח סלמון קלאסי 100 גר,,PL,ממרח סלמון קלאסי 100,גרמים,100.00,100 גרם,false,1,5.50,5.50,true,1,
5902510274160,false,ממרח סלמון עם שמיר 100 גר,,PL,ממרח סלמון עם שמיר 1,גרמים,100.00,100 גרם,false,1,5.50,5.50,true,1,
5902581689344,false,ברון שוקולד מריר 70% עם קפה 100 גרם,,PL,ברון שוקולד מריר 70%,גרמים,100.00,100 גרם,false,1,9.90,9.90,true,1,
5902768879025,false,כבד דג שיבוט במיץ טבעי 230 גר ROYAL FISH,,LT,כבד דג שיבוט במיץ טב,גרמים,230.00,100 גרם,false,1,16.90,7.35,true,1,
5902808786672,false,"טורטילאב-דפי טורטייה 20 ס""מ 320 גרם",יושלם,PL,טורטילאב-דפי טורטייה,גרמים,320.00,100 גרם,false,1,11.50,3.59,true,1,
5904358560023,false,ברון ש. מריר עם חתיכות פטל 126 גרם,,PL,ברון שוקולד מריר עם,גרמים,126.00,100 גרם,false,1,13.90,11.03,true,1,
5904358560122,false,ברון שוקולד מריר בתוספת מלח ים 100 גרם,,PL,ברון שוקולד מריר בתו,גרמים,100.00,100 גרם,false,1,9.90,9.90,true,1,
5904358560160,false,ברון לשונות חתול מריר 100 גרם,,PL,ברון לשונות חתול מרי,גרמים,100.00,100 גרם,false,1,9.90,9.90,true,1,
5904603190302,false,סלט כרוב כבוש 850 גר *DWOREK*,,,סלט כרוב כבוש 850,גרמים,850.00,100 גרם,false,1,11.90,1.40,true,1,
5906485301012,false,"משקה אנרגיה XL פחית 250 מ""ל","טמפו משקאות בע""מ",IL,משקה אנרגיה XL פחית,מיליליטרים,250.00,"100 מ""ל",false,1,4.90,1.96,true,1,
5907443601991,false,ברון סוויט אובסשן 250 גרם,,PL,ברון סוויט אובסשן 25,גרמים,250.00,100 גרם,false,1,19.90,7.96,true,1,
5907443604275,false,ברון אצבעות ש.מריר מרציפן ופיסטוק 200 גר,,PL,ברון אצבעות ש.מריר מ,גרמים,100.00,100 גרם,false,1,13.90,13.90,true,1,
5941000025615,false,"חטיפי תפ""א בטעם גבינה של לייס 140 גר",,RO,"חטיפי תפ""א בטעם גבינ",גרמים,140.00,100 גרם,false,1,18.90,13.50,true,1,
5941021001179,false,היידי סנטה עומד 70 ג,,,היידי סנטה עומד 70 ג,גרמים,70.00,100 גרם,false,1,14.90,21.29,true,1,
5941021003531,false,היידי קריסמס שלג 20ג,,,היידי קריסמס שלג 20ג,גרמים,20.00,100 גרם,false,1,4.90,24.50,true,1,
5941021003647,false,היידי איש שלג 150ג,היידי שוקולד,,היידי איש שלג 150ג,גרמים,150.00,100 גרם,false,1,29.90,19.93,true,1,
5941021004309,false,"שוקולד היידי גראנדור פלורנטין, 100 ג'",,,היידי פלורנטין 100 ג,גרמים,100.00,100 גרם,false,1,11.00,11.00,true,1,
5941021005122,false,טבלת שוקולד חמוציות היידי גראנדור 80 ג',,,היידי חמוציות 80ג,גרמים,80.00,100 גרם,false,1,11.40,14.25,true,1,
5941021005139,false,טבלת שוקולד חלב שקד היידי גראנדור 100 ג',,,טבלת היידי גראנדור ח,גרמים,100.00,100 גרם,false,1,11.00,11.00,true,1,
5941021007492,false,היידי רודולף אייל 70ג,,,היידי רודולף אייל 70,גרמים,70.00,100 גרם,false,1,14.90,21.29,true,1,
5941021008673,false,טבלת שוקולד לבן שקד פיסטוק היידי גראנדור 100 ג',היידי שוקולד,,טבלת היידי גראנדור ל,גרמים,100.00,100 גרם,false,1,11.00,11.00,true,1,
5941021015596,false,טבלת שוקולד בטעם מריר אוכמניות היידי גראנדור 80 ג',,PL,טבלת היידי שוקולד מר,גרמים,80.00,100 גרם,false,1,9.90,12.38,true,1,
5941021019341,false,היידי קריסמס פינגווין 20ג,,,היידי קריסמס פינגווי,גרמים,20.00,100 גרם,false,1,4.90,24.50,true,1,
5941021019358,false,מארז היידי קריסמס סנטה 190 גר,,RO,מארז היידי קריסמס סנ,גרמים,190.00,100 גרם,false,1,29.90,15.74,true,1,
5941021022303,false,טבלת שוקולד היידי מריר עם דובדבן 80 גר,,RO,טבלת שוקולד היידי מר,גרמים,80.00,100 גרם,false,1,9.90,12.38,true,1,
5941021024215,false,טבלת שוקולד היידי מילקברי אוכמניות חלב80,,RO,טבלת שוקולד היידי מי,גרמים,80.00,100 גרם,false,1,11.00,13.75,true,1,
5941021024222,false,טבלת שוקולד היידי מילקברי חמוציות חלב80ג,,RO,טבלת שוקולד היידי מי,גרמים,80.00,100 גרם,false,1,11.00,13.75,true,1,
5941021111564,false,היידי קריסמס מגף 20ג,,,היידי קריסמס מגף 20ג,גרמים,20.00,100 גרם,false,1,4.90,24.50,true,1,
5941634002686,false,"אטריות פוסילי ע""ב תירס אורגני 400 גרם",,RO,"אטריות פוסילי ע""ב תי",גרמים,400.00,100 גרם,false,1,15.90,3.98,true,1,
5941634002877,false,אטריות ספגטי תירס וקינואה אורגני 400 גר,,RO,אטריות ספגטי תירס וק,גרמים,400.00,100 גרם,false,1,15.90,3.98,true,1,
5941868202876,false,חטיף תירס בצל ושמנת,,RO,חטיף תירס בצל ושמנת,Unknown,1.00,Unknown,false,1,8.90,8.90,true,1,
5941868204023,false,חטיף תירס מלוח 85 גר,,RO,חטיף תירס מלוח 85 גר,Unknown,1.00,Unknown,false,1,8.90,8.90,true,1,
5941868204917,false,חטיף תירס גבינה טבעו,,RO,חטיף תירס גבינה טבעו,Unknown,1.00,Unknown,false,1,7.90,7.90,true,1,
5941868204924,false,חטיף תירס בצל טבעות,,RO,חטיף תירס בצל טבעות,Unknown,1.00,Unknown,false,1,7.90,7.90,true,1,
5941868204931,false,חטיף תירס פיצה טבעות,,RO,חטיף תירס פיצה טבעות,Unknown,1.00,Unknown,false,1,7.90,7.90,true,1,
5941868206089,false,חטיף תירס עם אבקת חל,,RO,חטיף תירס עם אבקת חל,Unknown,1.00,Unknown,false,1,8.90,8.90,true,1,
5941868206102,false,חטיף תירס קקאו וחלב,,RO,חטיף תירס קקאו וחלב,Unknown,1.00,Unknown,false,1,8.90,8.90,true,1,
5941974201510,false,"בירה דמבורגר גולד 500 מ""ל",,RO,בירה דמבורגר גולד 50,מיליליטרים,500.00,"100 מ""ל",false,1,5.90,1.18,true,1,
5998710131877,false,בונבונטי חטיף דובדבן בשוקולד 36 גרם,,HU,בונבונטי חטיף דובדבן,גרמים,36.00,100 גרם,false,1,4.40,12.22,true,1,
5998711388928,false,טוק קרקרים עם גבינה 100 גרם,,HU,טוק קרקרים עם גבינה,גרמים,100.00,100 גרם,false,1,7.70,7.70,true,1,
5998749108550,false,ויסקאס חטיף עוף וגבינה 60 ג',,,ויסקס טמפציקן 60 גר,גרמים,60.00,100 גרם,false,1,13.90,23.17,true,1,
5998749108574,false,ויסקאס חטיף בקר 60 ג',,,ויסקס טמפביף 60 גר,גרמים,60.00,100 גרם,false,1,13.90,23.17,true,1,
5998749109113,false,פדיגרי דנטאסטיקס כלב לארג 270 גרם (7 יח') BP40S,מארס,US,פדיגרי דנטה לארג 270,גרמים,270.00,100 גרם,false,1,19.90,7.37,true,1,
6001030003126,false,רוטב ולינגטונס ווסטר 250 גר,,,רוטב ולינגטונס ווסטר,גרמים,250.00,100 גרם,false,1,18.90,7.56,true,1,
6001108028044,false,סאוונה סיידר תפוחים אלכוהולי 330 מל,,,סאוונה סיידר תפוחים,מיליליטרים,330.00,"100 מ""ל",false,1,10.90,3.30,true,1,
6001108045171,false,"שישיה סיידר סוואנה 6% אלכוהול 330 מ""ל",,ZA,שישיה סיידר סוואנה,מיליליטרים,1980.00,"100 מ""ל",false,1,52.90,2.67,true,1,
6001108093769,false,ליקר אמרולה בטעם וניל 700 מל,,ZA,ליקר אמרולה בטעם וני,מיליליטרים,700.00,"100 מ""ל",false,1,93.90,13.41,true,1,
6003105002676,false,"רוטב יווני לסלט 300 מ""ל אינה פארמנס",,,רוטב יווני לסלט 300,מיליליטרים,300.00,"100 מ""ל",false,1,24.90,8.30,true,1,
6006507005023,false,קיגון לואיזיאנה 100 גרם CAPE HERBS,,,קיגון לואיזיאנה 100,גרמים,100.00,100 גרם,false,1,25.40,25.40,true,1,
6008165003984,false,סיגריות פאל מאל כחול סטרים פילט בודד,אמריקן גרדן,,פאל מאל כחול סטרים פ,יחידה,1.00,יחידה,false,1,30.00,30.00,true,1,
6008165274629,false,פאל מאל כחול ארוך סטרים פילטר חפיסה,יושלם,,פאל מאל כחול ארוך סט,Unknown,0.00,Unknown,false,1,30.00,30.00,true,1,
6009522307554,false,"רוטב וורצרטר 250 מ""ל",,ZA,"רוטב וורצרטר 250 מ""ל",מיליליטרים,250.00,"100 מ""ל",false,1,24.90,9.96,true,1,
6009813410406,false,"SPUR רוטב ברביקיו 500 מ""ל",,,SPUR רוטב ברביקיו 50,מיליליטרים,500.00,"100 מ""ל",false,1,21.90,4.38,true,1,
6111094000198,false,קוסקוס דארי דק 350 גרם,,,קוסקוס דארי דק 350 ג,גרמים,360.00,100 גרם,false,1,7.30,2.03,true,1,
6111094000242,false,תומר קוסקוס דארי דק 500גר,דרי קוספט,MA,קוסקוס דארי דק 0.5 ק,גרמים,500.00,100 גרם,false,1,9.90,1.98,true,1,
6253017300012,false,טחינה קראוון המקורית,אחדות ביחר לטחינה ח,IL,טחינה יונה כחולה 500,גרמים,500.00,100 גרם,false,1,18.60,3.72,true,1,
6411401072666,false,פייזר שוקולדים עם ליקר 150 גרם,,FI,פייזר שוקולדים עם לי,גרמים,150.00,100 גרם,false,1,27.90,18.60,true,1,
6411401072758,false,פייזר שוקולד ליקר בטעם וודקה 150 גרם,,FI,פייזר שוקולד ליקר בט,גרמים,150.00,100 גרם,false,1,27.90,18.60,true,1,
6430016342049,false,חמאה טאוסנד לייק 475 גר,,,חמאה טאוסנד לייק 475,גרמים,475.00,100 גרם,false,1,35.50,7.47,true,1,
6910191800287,false,אצות נורי לסושי מזרח,ננטונג היידה אקווטוק,CN,אצות נורי בלו 10 דפי,Unknown,0.00,Unknown,false,1,13.90,13.90,true,1,
6912977000140,false,אטריות שעועית דקות 250 גרם,Yantai Yinsida Longk,CN,אטריות שעועית דקות 2,גרמים,250.00,100 גרם,false,1,9.90,3.96,true,1,
6920510504420,false,צעצוע ספיידרמן עם ממתק סוויט בוקס,,,צעצוע ספיידרמן עם ממ,גרמים,10.00,100 גרם,false,1,13.50,135.00,true,1,
6921052701001,false,אצות וואקמה 40 גרם ר,Qingdao Sun-growing,CN,אצות ווקאמה 40 גרם,גרמים,40.00,100 גרם,false,1,10.50,26.25,true,1,
6922202121052,false,סט מיני כדורים,,,סט מיני כדורים,Unknown,0.00,Unknown,false,1,15.00,15.00,true,1,
6922276100083,false,מחית וואסבי - חזרת 43 גרם דליאן,Qingdao Sun-growing,CN,מחית וואסבי - חזרת 4,גרמים,43.00,100 גרם,false,1,10.50,24.42,true,1,
6933960500089,false,קנפיו 100 גרם-רצועות דלעת לסושי,,,קנפיו 100 גרם-רצועות,גרמים,100.00,100 גרם,false,1,13.50,13.50,true,1,
6934731200078,false,אטריות טריות דקות 200 גרם,,CN,אטריות טריות דקות 20,גרמים,200.00,100 גרם,false,1,8.30,4.15,true,1,
6934731210138,false,אטריות טריות עבות 200 גרם,,CN,אטריות טריות עבות 20,גרמים,200.00,100 גרם,false,1,8.30,4.15,true,1,
6936745600462,false,רוטב מירין לתיבול מז,Qingdao Sun-growing,CN,מירין דאניינג,מיליליטרים,500.00,"100 מ""ל",false,1,23.90,4.78,true,1,
6936745600783,false,חומץ אורז מיצוקאן 500 מל,Qingdao Sun-growing,CN,חומץ אורז מיצוקאן 50,מיליליטרים,500.00,"100 מ""ל",false,1,17.90,3.58,true,1,
6944027000428,false,תה סיני 250 גר,,,תה סיני 250 גר,גרמים,250.00,100 גרם,false,1,13.70,5.48,true,1,
6957763801525,false,סאיירה בשמן צמחי 425 גרם,,UA,סאיירה בשמן צמחי 425,גרמים,425.00,100 גרם,false,1,13.90,3.27,true,1,
6957763801532,false,סאיירה בתוספת שמן צמחי 425 גרם,,UA,סאיירה בתוספת שמן צמ,גרמים,425.00,100 גרם,false,1,13.90,3.27,true,1,
6974640730167,false,פטריות שיטאקי 100 גרם,,,פטריות שיטאקי 100 גר,גרמים,100.00,100 גרם,false,1,15.90,15.90,true,1,
7290000000157,false,ג ינג יר,,,גינגיר,Unknown,0.00,"ק""ג",true,0,39.90,39.90,true,1,
7290000000374,false,"פטריות שמפיניון בד""ץ (רביבים)",,IL,פטריות,Unknown,0.00,Unknown,false,1,12.90,12.90,true,1,
7290000000603,false,בצל ירוק,,,בצל ירוק,Unknown,0.00,Unknown,false,1,5.90,5.90,true,1,
7290000000617,false,שורש -פטרוזילה,,,שורש -פטרוזילה,Unknown,0.00,Unknown,false,1,5.90,5.90,true,1,
7290000000632,false,שום,,,שום ברשת,Unknown,0.00,Unknown,false,1,12.90,12.90,true,1,
7290000000636,false,תירס ארוז,,,תירס ארוז,Unknown,0.00,"ק""ג",true,0,14.90,14.90,true,1,
7290000000641,false,אננס טרי,,,אננס טרי,Unknown,0.00,Unknown,false,1,34.90,34.90,true,1,
7290000000664,false,תות שדה,,,תות שדה,Unknown,0.00,Unknown,false,0,16.90,16.90,true,1,
7290000000669,false,חסה עגולה,,,חסה עגולה,Unknown,0.00,Unknown,false,1,7.90,7.90,true,1,
7290000000695,false,אספרגוס,,,אספרגוס,Unknown,0.00,Unknown,false,1,29.90,29.90,true,1,
7290000000733,false,"תפו""א למיקרו",,,תפוא למיקרו,Unknown,0.00,Unknown,false,1,9.90,9.90,true,1,
7290000000751,false,שום ברשת,,,שום ברשת,Unknown,0.00,Unknown,false,1,12.90,12.90,true,1,
7290000001104,false,פטריות חורש מיני ארוז 200 ג',,,פטריות פרטובלה,Unknown,0.00,Unknown,false,1,11.90,11.90,true,1,
7290000036144,false,קורנפלור גלעם 200 גרם,קרלו,IL,קורנפלור גלעם 200 גר,גרמים,200.00,100 גרם,false,1,6.00,3.00,true,1,
7290000036151,false,קורנפלור 500 גרם,,,קורנפלור 500 גרם,גרמים,500.00,100 גרם,false,1,10.10,2.02,true,1,
7290000040042,false,יוגורט תות %3 גביע 150 ג' יופלה,תנובה בעמ,IL,יופלה תות 3% 150 גרם,גרמים,150.00,100 גרם,false,1,5.70,3.80,true,1,
7290000040066,false,יוגורט דובדבן 3% שומן 150 ג' יופלה,תנובה בעמ,IL,יופלה דובדבן 3% 150,גרמים,150.00,100 גרם,false,1,5.70,3.80,true,1,
7290000040080,false,יוגורט אפרסק 3% שומן 150 ג' יופלה,תנובה בעמ,IL,יופלה אפרסק 3% 150 ג,גרמים,150.00,100 גרם,false,1,5.70,3.80,true,1,
7290000040301,false,"גבינת קולאז קממבר עין גדי 24%, 125 ג'",תנובה,IL,קולאז קממבר עין גדי,גרמים,125.00,100 גרם,false,1,23.90,19.12,true,1,
7290000040974,false,חלב טרי דל לקטוז 1ל' תנובה,"תנובה, מחלבת רחובות",IL,חלב טרי דל לקטוז 1 ל,מיליליטרים,1000.00,"100 מ""ל",false,1,7.20,0.72,true,1,
7290000041858,false,"שמנת חמוצה 15% יטבתה 200 מ""ל מהדרין",שטראוס גרופ,IL,שמנת חמוצה 15% 200 מ,מיליליטרים,200.00,"100 מ""ל",false,1,2.90,1.45,true,1,
7290000042435,false,חלב דל שומן בקרטון+פקק 1 ליטר 1%,תנובה מרכז שיתופי לש,IL,חלב דל שומן בקרטון,מיליליטרים,1000.00,"100 מ""ל",false,1,5.86,0.59,true,1,
7290000042503,false,"חלב עמיד קרטון 3% 1 ליטר בד""צ תנובה",תנובה מרכז שיתופי לש,IL,חלב עמיד 3% 1 ליטר,מיליליטרים,1000.00,"100 מ""ל",false,1,7.90,0.79,true,1,
7290000042640,false,"חלב תנובה עמיד 3% קרטון 250 מ""ל",תנובה מרכז שיתופי לש,IL,"חלב עמיד 3% 250 מ""ל",מיליליטרים,250.00,"100 מ""ל",false,1,3.20,1.28,true,1,
7290000042855,false,יוטבתה שוקו שקית 225מל,שטראוס גרופ,IL,"שוקו שקית 225 מ""ל",מיליליטרים,225.00,"100 מ""ל",false,1,2.70,1.20,true,1,
7290000043012,false,"שוקו עמיד 2% בקרטון 250 מ""ל תנובה",תנובה,IL,"שוקו עמיד 250 מ""ל",מיליליטרים,250.00,"100 מ""ל",false,1,5.90,2.36,true,1,
7290000043814,false,"שמנת מתוקה להקצפה 38% 250 מ""ל תנובה",תנובה מרכז שיתופי לש,IL,שמנת עמידה להקצפה 38,גרמים,250.00,100 גרם,false,1,6.47,2.59,true,1,
7290000043890,false,רוויון קרטון 1 ליטר %1.5,תנובה מרכז שיתופי לש,IL,רויון 1.5% 1 ליטר,מיליליטרים,1000.00,"100 מ""ל",false,1,12.60,1.26,true,1,
7290000043944,false,כד יוגורט תנובה 4% שומן 1.5 ליטר,מיוצר עי קונדיטוריית,IL,יוגורט 4% 1.5 ליטר,ליטרים,0.00,ליטר,false,1,18.90,18.90,true,1,
7290000044712,false,יוגורט עם תות 1.5% שומן 500 ג' פרילי,מיוצר עי קונדיטוריית,IL,פרילי תות 500 גרם,גרמים,500.00,100 גרם,false,1,12.90,2.58,true,1,
7290000044880,false,באדי יוגורט תות 3% שומן 500 ג' תנובה,מיוצר עי קונדיטוריית,IL,"באדי תות 3% 500 מ""ל",גרמים,500.00,100 גרם,false,1,10.90,2.18,true,1,
7290000045580,false,"גבינת מותכת נעמה חורש 25%, 240 ג'",תנובה מרכז שיתופי לש,IL,גבינה מותכת חורש 240,גרמים,240.00,100 גרם,false,1,20.90,8.71,true,1,
7290000045917,false,קולאז עיזים פרומעז גליל 200 גרם,תנובה,IL,קולאז עיזים פרומעז ג,גרמים,200.00,100 גרם,false,1,28.90,14.45,true,1,
7290000046327,false,"גבינת גלבוע פרוס 22%, 200 ג' תנובה",תנובה מרכז שיתופי לש,IL,גבינת גלבוע פרוס 200,גרמים,200.00,100 גרם,false,1,14.90,7.45,true,1,
7290000047546,false,כנען גבינה לבנה 5% 500 גרם ללא מלח,תנובה,IL,גבינת כנען 5% 500 גר,גרמים,500.00,100 גרם,false,1,26.90,5.38,true,1,
7290000047942,false,גבינה לבנה 5% 250 גר בדצ,,,גבינה לבנה 5% 250 גר,גרמים,250.00,100 גרם,false,1,4.98,1.99,true,1,
7290000048185,false,גבינה לבנה 5% שומן 250 ג' תנובה,מיוצר עי קונדיטוריית,IL,גבינה לבנה 5% 250 גר,גרמים,250.00,100 גרם,false,1,4.98,1.99,true,1,
7290000048192,false,גבינה לבנה 9% שומן 250 ג' תנובה,מחלבת אלון תבור,IL,גבינה למריחה 9% 250,גרמים,250.00,100 גרם,false,1,4.98,1.99,true,1,
7290000048307,false,גבינת קוטג 5% עם זיתים 250ירוקים גרם,מיוצר עי קונדיטוריית,IL,גבינת קוטג 5%,גרמים,250.00,100 גרם,false,1,6.20,2.48,true,1,
7290000048413,false,גבינה חמד %16 שקית 250 ג' פיראוס,תנובה מרכז שיתופי לש,IL,גבינה חמד פיראוס 250,גרמים,250.00,100 גרם,false,1,21.90,8.76,true,1,
7290000048437,false,גבינה צפתית 5% 200 ג' פיראוס,פארייפאבה אגרואינדוס,IL,צפתית פיראוס 5% 200,גרמים,200.00,100 גרם,false,1,16.50,8.25,true,1,
7290000050447,false,יוגורט תות 500 ג' יופלה,מיוצר עי קונדיטוריית,IL,יופלה תות 3% 500גר,גרמים,500.00,100 גרם,false,1,15.10,3.02,true,1,
7290000050454,false,יוגורט אפרסק 500 ג' יופלה,מיוצר עי קונדיטוריית,IL,יופלה אפרסק 3% 500 ג,גרמים,500.00,100 גרם,false,1,15.10,3.02,true,1,
7290000051352,false,חלב מלא בטעם של פעם 3.4% תנובה קרטון 1 ל',תנובה מרכז שיתופי לש,IL,חלב של פעם 3.5% 1 ל,מיליליטרים,1000.00,"100 מ""ל",false,1,8.50,0.85,true,1,
7290000051376,false,יופלה דיאט אננס ספורטיבי 0% 150גר,תנובה בעמ,IL,יופלה דיאט אננס ספור,גרמים,150.00,100 גרם,false,1,5.70,3.80,true,1,
7290000051710,false,לאבנה 9% עם שמן זית וזעתר 263 ג' פיראוס,"תנובה, מחלבת אלון תב",IL,פיראוס לאבנה עם שמן,גרמים,260.00,100 גרם,false,1,15.50,5.96,true,1,
7290000052311,false,עמק פרוס בקופסא 200 גר 15% שומן,תנובה,IL,עמק פרוס בקופסא 200,גרמים,200.00,100 גרם,false,1,17.90,8.95,true,1,
7290000052649,false,גבינת לאבנה 5% שומן 500 ג' פיראוס,פ.פ.ח. שאביט,IL,פיראוס לאבנה גביע 50,גרמים,500.00,100 גרם,false,1,24.00,4.80,true,1,
7290000052717,false,קוטג' 5%עם שום שמיר 250 ג' תנובה,מיוצר עי קונדיטוריית,IL,קוטג 5% עם שום שמיר,גרמים,250.00,100 גרם,false,1,6.70,2.68,true,1,
7290000055015,false,גבינת פיראוס פטה כבשים 5% 250 ג' פיראוס,תנובה מחלבת טנא נוגה,IL,פיראוס פטה כבשים 5%,גרמים,250.00,100 גרם,false,1,30.90,12.36,true,1,
7290000055329,false,משקה יוגורט יופלה בטעם תות-מלון 250 גר,תנובה בעמ,IL,משקה יוגורט יופלה בט,גרמים,250.00,100 גרם,false,1,6.50,2.60,true,1,
7290000055336,false,משקה יוגורט יופלה בטעם בננה אפרסק 250 גר,תנובה בעמ,IL,משקה יוגורט יופלה בט,גרמים,250.00,100 גרם,false,1,6.50,2.60,true,1,
7290000055343,false,משקה יוגורט יופלה בטעם טרופי 250 גר,תנובה בעמ,IL,משקה יוגורט יופלה בט,גרמים,250.00,100 גרם,false,1,6.50,2.60,true,1,
7290000055350,false,גבינה צהובה חריץ עמק 28% במשקל,תנובה מרכז שיתופי לש,,גבינה צהובה עמק 28%,Unknown,0.00,"ק""ג",true,0,44.79,44.79,true,1,
7290000056081,false,מאגדת פרילי טבע 6 יח' * 200 ג',מיוצר עי קונדיטוריית,IL,מאגדת פרילי טבע 25%,גרמים,200.00,100 גרם,false,1,27.50,13.75,true,1,
7290000056845,false,חלב טרי 3% הומוגני קרטון 1.5 ל' תנובה,פארייפאבה אגרואינדוס,IL,חלב קרטון 3% תנובה,ליטרים,0.00,ליטר,false,1,9.34,9.34,true,1,
7290000056951,false,שמנת לבישול 15% 500 מל עמיד השף הלבן,תנובה,IL,שמנת 15% באריזה עם פ,מיליליטרים,500.00,"100 מ""ל",false,1,19.50,3.90,true,1,
7290000057088,false,עמק פרוס דק דק 200 גרם 28%,פ.פ.ח. שאביט,IL,עמק דק 200 גרם,גרמים,200.00,100 גרם,false,1,17.90,8.95,true,1,
7290000057118,false,עמק סמי מעדנייה כשרות מהדרין,תנובה מרכז שיתופי לש,IL,גבינה סמי 28% 400 גר,גרמים,400.00,100 גרם,false,1,23.90,5.98,true,1,
7290000057132,false,יוגורט תנובה טבעי 1.5% גביע 200 גרם,מחלבת אלון תבור,IL,יוגורט 1.5% 200 גרם,גרמים,200.00,100 גרם,false,1,3.30,1.65,true,1,
7290000057149,false,יוגורט תנובה טבעי 3% גביע 200 גרם,מיוצר עי קונדיטוריית,IL,יוגורט תנובה 3% 200,גרמים,200.00,100 גרם,false,1,3.30,1.65,true,1,
7290000057552,false,יופלה דיאט עוגת גבינה ותות 0% גביע 150ג',תנובה בעמ,IL,דיאט יופלה ע.גבינה,גרמים,150.00,100 גרם,false,1,5.70,3.80,true,1,
7290000058030,false,"יופלה שטוזים משקה יוגורט תות 8 יח' * 100 מ""ל",מיוצר עי קונדיטוריית,IL,משקה יופלה שטוזים,מיליליטרים,800.00,"100 מ""ל",false,1,22.90,2.86,true,1,
7290000058047,false,"שמנת להקצפה 38% שומן 500 מ""ל תנובה",תנובה,IL,שמנת 38% עם פקק 500,מיליליטרים,500.00,"100 מ""ל",false,1,12.94,2.59,true,1,
7290000058580,false,קוקילידה וניל ועוגיות שוקולד נסטלה 83ג',נגה גלידות (גלידות נ,IL,קוקילידה וניל,Unknown,0.00,Unknown,false,1,10.00,10.00,true,1,
7290000060071,false,אוסם - חטיפי פריכונים מאורז מלא קלוי 80גר,"מיוצר ע""י PT, משווק",IL,פריכונים טבעי 80 גר,גרמים,80.00,100 גרם,false,1,8.20,10.25,true,1,
7290000060088,false,בייגלה מקלות מלוחים 400 ג' אסם,מיוצר עי קונדיטוריית,IL,בייגלה מקלות מלוחים,גרמים,400.00,100 גרם,false,1,11.90,2.98,true,1,
7290000060163,false,אטריות דקות 400 ג' אסם,"אסם השקעות בע""מ",IL,אטריות דקות 400 גרם,גרמים,400.00,100 גרם,false,1,7.90,1.98,true,1,
7290000060200,false,אוסם - פתיתים אפויים קוסקוס 500 גרם,"אסם השקעות בע""מ",IL,פתיתים אפויים קוסקוס,גרמים,500.00,100 גרם,false,1,7.90,1.58,true,1,
7290000060217,false,פסטה מקרוני 7 500 ג' אסם,פסטה זארה,IT,פסטה מקרוני מס 7 500,גרמים,500.00,100 גרם,false,1,6.50,1.30,true,1,
7290000060248,false,פסטה אסם פתיתים תלתלים 500 גר',פסטה זארה,IL,פסטה תלתלים (61) 500,גרמים,500.00,100 גרם,false,1,6.50,1.30,true,1,
7290000060316,false,פסטה פרפקטו ספגטי 500ג' אסם,פסטה זארה,IT,פסטה ספגטי פרפקטו 50,גרמים,500.00,100 גרם,false,1,8.30,1.66,true,1,
7290000060330,false,פסטה ספירלי פרפקטו 500 ג' אסם,פסטה זארה,IL,פסטה פרפקטו ספירלי 5,גרמים,500.00,100 גרם,false,1,8.30,1.66,true,1,
7290000060385,false,פודינג וניל אינסטנט מארז רביעיה * 80 ג',,,פודינג אינסטנט טעם ו,גרמים,320.00,100 גרם,false,1,25.40,7.94,true,1,
7290000060408,false,פתיתים אפויים טבעות 500 ג' אסם,"אסם השקעות בע""מ",IL,פתיתים אפויים טבעות,גרמים,500.00,100 גרם,false,1,7.90,1.58,true,1,
7290000060415,false,פסטה פרפקטו לזאניה אסם 500ג',פסטה לנסי,IL,פרפקטו לזניה 500 גרם,גרמים,500.00,100 גרם,false,1,16.90,3.38,true,1,
7290000060576,false,פתיתים אפויים כוכבים 500 ג' אסם,"אסם השקעות בע""מ",IL,פתיתים אפויים כוכבים,גרמים,500.00,100 גרם,false,1,7.90,1.58,true,1,
7290000060781,false,פסטה מסולסלים (57) 500 גרם,פסטה זארה,IT,פסטה מסולסלים (57) 5,גרמים,500.00,100 גרם,false,1,6.50,1.30,true,1,
7290000060811,false,טילון אקסטרים ענק מטבע שוקולד 120 ג',תות תעשיות מזון (201,IL,אקסטרים מטבע ענק 120,גרמים,120.00,100 גרם,false,1,11.00,9.17,true,1,
7290000060828,false,פסטה קרניים בינוניות (55) 500 גרם,פסטה זארה,IT,פסטה קרניים בינוניות,גרמים,500.00,100 גרם,false,1,6.50,1.30,true,1,
7290000060842,false,פסטה צדפים גדולים (56) 500 גרם,פסטה זארה,IT,פסטה צדפים גדולים (5,גרמים,500.00,100 גרם,false,1,6.50,1.30,true,1,
7290000060880,false,פסטה מס' 8 ספגטי אסם 500ג',פסטה זארה,IT,ספגטי (3) 500 גרם,גרמים,500.00,100 גרם,false,1,6.50,1.30,true,1,
7290000060903,false,אוסם - פתיתים אפויים אורז 500 גרם,"אסם השקעות בע""מ",IL,פתיתים אפויים אורז 5,גרמים,500.00,100 גרם,false,1,7.90,1.58,true,1,
7290000060958,false,אטריות בינוניות 400 ג' אסם,"אסם השקעות בע""מ",IL,אטריות בינוניות 400,גרמים,400.00,100 גרם,false,1,7.90,1.98,true,1,
7290000060965,false,אטריות רחבות 400 ג' אסם,"אסם השקעות בע""מ",IL,אטריות רחבות 400 גר,גרמים,400.00,100 גרם,false,1,7.90,1.98,true,1,
7290000061061,false,אסם קרקר בצל 250גרם,"אסם השקעות בע""מ",IL,קרקר בצל 250 גרם,גרמים,250.00,100 גרם,false,1,11.90,4.76,true,1,
7290000061108,false,"רוטב טריאקי 290 מ""ל-בקבוק","אסם השקעות בע""מ",IL,"רוטב טריאקי 290 מ""ל-",מיליליטרים,290.00,"100 מ""ל",false,1,13.90,4.79,true,1,
7290000061214,false,פתיתים אפויים קוסקוס עם בצל אסם 500 גר',"אסם השקעות בע""מ",IL,פתיתים קוסקוס עם בצל,גרמים,500.00,100 גרם,false,1,7.90,1.58,true,1,
7290000061764,false,נסקפה רד מאג טעם חדש 200ג',נסטלה ספרד,ES,נס קפה רד מאג 200 גר,גרמים,200.00,100 גרם,false,1,23.90,11.95,true,1,
7290000062242,false,"דובונים חטיף תפו""א שמנת מצל 40 גרם","אסם השקעות בע""מ",IL,"דובונים חטיף תפו""א ש",גרמים,40.00,100 גרם,false,1,4.90,12.25,true,1,
7290000063102,false,קמח עוגה אסם תופח מאליו 350ג',"אסם השקעות בע""מ",IL,קמח עוגה תופח מאליו,גרמים,350.00,100 גרם,false,1,5.90,1.69,true,1,
7290000063140,false,שקדי מרק רכיבים טבעיים בשקית 400 ג' אסם,"אסם השקעות בע""מ",IL,שקדי מרק 400 גרם -שק,גרמים,400.00,100 גרם,false,1,10.00,2.50,true,1,
7290000063157,false,"קמח עוגה תופח מאליו 1 ק""ג","אסם השקעות בע""מ",IL,קמח עוגה תופח מאליו,גרמים,1000.00,100 גרם,false,1,10.30,1.03,true,1,
7290000064758,false,קוסקוס בינוני אמיתי אסם 350 ג',"מיוצר ע""י קוד יצרן K",IL,קוסקוס אמיתי בשקית 3,גרמים,350.00,100 גרם,false,1,8.90,2.54,true,1,
7290000065090,false,מיני קרוטונים למרק ולסלט 400 ג' אסם,עינת תעשיות,IL,מיני קרוטונים למרק ו,גרמים,400.00,100 גרם,false,1,26.50,6.63,true,1,
7290000065328,false,חלה מתוקה שאשא,,,חלה מתוקה שאשא,Unknown,0.00,Unknown,false,1,17.90,17.90,true,1,
7290000065557,false,אוסם - מנה חמה קוסקוס עם ירקות 84 גרם,"אסם תעשיות מזון בע""מ",IL,מנה חמה קוסקוס עם יר,גרמים,62.00,100 גרם,false,1,8.80,14.19,true,1,
7290000065977,false,חטיפי פריכונים תירס שומשום 80 ג' אוסם,"מיוצר ע""י פרח, משווק",IL,אסם חטיפי פריכונים ת,גרמים,80.00,100 גרם,false,1,8.20,10.25,true,1,
7290000066141,false,ביסלי בטעם גריל 70 גרם,"אסם השקעות בע""מ",IL,ביסלי בטעם גריל 70 ג,גרמים,70.00,100 גרם,false,1,4.50,6.43,true,1,
7290000066172,false,ביסלי בטעם פיצה 70 גרם,"אסם השקעות בע""מ",IL,ביסלי בטעם פיצה 70 ג,גרמים,70.00,100 גרם,false,1,4.50,6.43,true,1,
7290000066196,false,ביסלי גדול בטעם גריל 200 ג' אסם,מיוצר עי קונדיטוריית,IL,ביסלי בטעם גריל 200,גרמים,200.00,100 גרם,false,1,7.90,3.95,true,1,
7290000066264,false,אוסם - חטיף דובונים 40 גרם,"אסם השקעות בע""מ",IL,"דובונים חטיף תפו""א 4",גרמים,40.00,100 גרם,false,1,4.90,12.25,true,1,
7290000066295,false,אסם במבה תות מחומרים טבעיים 30גר,מיוצר עי קונדיטוריית,IL,במבה תות מחומרים טבע,גרמים,30.00,100 גרם,false,1,3.40,11.33,true,1,
7290000066318,false,במבה קלאסי 80 גרם,"אסם השקעות בע""מ",IL,במבה 80 גרם,גרמים,80.00,100 גרם,false,1,4.90,6.13,true,1,
7290000066349,false,אפרופו גדול אסם 100ג',מיוצר עי קונדיטוריית,IL,חטיף אפרופו 100 גרם,גרמים,100.00,100 גרם,false,1,9.90,9.90,true,1,
7290000066431,false,פופקו חטיף תירס בטעם חמאה ודבש 80 גרם,מיוצר עי קונדיטוריית,IL,פופקו חטיף תירס בטעם,גרמים,80.00,100 גרם,false,1,5.50,6.88,true,1,
7290000067407,false,פרורית מתובלת בשקית 200 גרם,עינת תעשיות,IL,פרורית מתובלת בשקית,גרמים,200.00,100 גרם,false,1,7.50,3.75,true,1,
7290000067544,false,פירורית זהב 200 ג' אוסם,עינת תעשיות,IL,פירורית זהב 200 גרם,גרמים,200.00,100 גרם,false,1,7.50,3.75,true,1,
7290000067599,false,אוסם - מנה חמה ספגטי רוטב בולנז 65 גרם,"אסם השקעות בע""מ",IL,מנה חמה ספגטי בולונז,גרמים,65.00,100 גרם,false,1,8.80,13.54,true,1,
7290000068138,false,פודינג אינסטנט וניל 80 ג' אסם,מיוצר עי קונדיטוריית,IL,פודינג אינסטנט בטעם,גרמים,80.00,100 גרם,false,1,5.90,7.38,true,1,
7290000068190,false,ג'לי תות שדה צבע טבעי 85 ג',מיוצר עי קונדיטוריית,IL,גלי בזק בטעם תות שדה,גרמים,85.00,100 גרם,false,1,8.30,9.76,true,1,
7290000068701,false,שקדי מרק רכיבים טבעיים 400 גרם-מיכל,"אסם השקעות בע""מ",IL,שקדי מרק רכיבים טבעי,גרמים,400.00,100 גרם,false,1,17.90,4.48,true,1,
7290000068770,false,במבה יום הולדת 80 גרם,"אסם השקעות בע""מ",IL,במבה יום הולדת 80 גר,גרמים,80.00,100 גרם,false,1,4.90,6.13,true,1,
7290000068787,false,במבה יום הולדת 25 גרם,מיוצר עי קונדיטוריית,IL,במבה יום הולדת 25 גר,גרמים,25.00,100 גרם,false,1,2.50,10.00,true,1,
7290000069258,false,פסטה פרפקטו פנה ריגאטה 500ג' אסם,פסטה זארה,IT,פסטה פרפקטו פנה ריגט,גרמים,500.00,100 גרם,false,1,8.30,1.66,true,1,
7290000069364,false,פריכונים עגולים אורז דל נתרן אסם 140 גרם,"מיוצר ע""י PT, משווק",IL,פריכונים מאורז מלא ל,גרמים,140.00,100 גרם,false,1,8.90,6.36,true,1,
7290000069739,false,אוסם - חטיפי קרקר שומשום 300 גרם,מיוצר עי קונדיטוריית,IL,חטיפי קרקר שומשום 30,גרמים,300.00,100 גרם,false,1,14.60,4.87,true,1,
7290000070322,false,אבקת מרק פטריות רכיבים טבעיים אוסם 400 ג',"אסם השקעות בע""מ",IL,אבקת מרק פטריות 400,גרמים,400.00,100 גרם,false,1,28.90,7.23,true,1,
7290000072067,false,במבה במילוי קרם חלבה 60ג' אסם,מיוצר עי קונדיטוריית,IL,במבה במילוי חלווה 60,גרמים,60.00,100 גרם,false,1,4.90,8.17,true,1,
7290000072623,false,קטשופ אסם בקבוק לחיץ 750 גרם,"אסם השקעות בע""מ",IL,קטשופ אסם בקבוק לחיץ,גרמים,750.00,100 גרם,false,1,11.90,1.59,true,1,
7290000072630,false,קטשופ אסם חריף 750 גרם-בקבוק,"אסם השקעות בע""מ",IL,קטשופ אסם חריף 750 ג,גרמים,750.00,100 גרם,false,1,13.90,1.85,true,1,
7290000072753,false,קפה טייסטר צ'ויס קפה מגורען 200ג',לוטה נסטלה קוריאה,IL,נסקפה טייסטרס צויס,גרמים,200.00,100 גרם,false,1,32.90,16.45,true,1,
7290000072760,false,נסקפה טייסטרס צויס 100 גר אוריגנל,,,נסקפה טייסטרס צויס,גרמים,100.00,100 גרם,false,1,28.20,28.20,true,1,
7290000072777,false,קפה טייסטר צ'ויס מגור' נ.קפאין 200ג',לוטה נסטלה קוריאה,IL,נסקפה טייסטרס צויס,גרמים,200.00,100 גרם,false,1,39.90,19.95,true,1,
7290000072784,false,קפה טייסטר צויס נטול קופאין 100 גר',לוטה נסטלה קוריאה,,נסקפה טייסטרס צויס,גרמים,100.00,100 גרם,false,1,31.50,31.50,true,1,
7290000073125,false,אוסם - מנה חמה פסטה עם עגבניות 62 גרם,"אסם השקעות בע""מ",IL,מנה חמה פסטה עם עגבנ,גרמים,62.00,100 גרם,false,1,8.80,14.19,true,1,
7290000073750,false,מנה חמה נודלס אטר+ירקות טעם עוף 70 גרם,,,מנה חמה נודלס אטר+יר,גרמים,70.00,100 גרם,false,1,6.90,9.86,true,1,
7290000074153,false,ביסקוויט פתיבר שוקו,מיוצר עי קונדיטוריית,IL,פתי בר שוקו 500 גרם,גרמים,500.00,100 גרם,false,1,14.90,2.98,true,1,
7290000074184,false,אוסם - פתי בר בינוני 500 גרם,"אסם השקעות בע""מ",IL,פתי בר וניל 500 גרם,גרמים,500.00,100 גרם,false,1,12.00,2.40,true,1,
7290000074245,false,אוסם - קרם קרקר אסם 250 גרם,"אסם השקעות בע""מ",IL,קרם קרקר 250 גרם,גרמים,250.00,100 גרם,false,1,11.60,4.64,true,1,
7290000074276,false,קרקר פיקנטי טבעון 250 ג' אסם,"אסם השקעות בע""מ",IL,קרקר קלאסי 250 גרם א,גרמים,250.00,100 גרם,false,1,11.90,4.76,true,1,
7290000074375,false,אוסם - קרקר זהב 150 גרם,"אסם השקעות בע""מ",IL,קרקר זהב 150 גרם,גרמים,150.00,100 גרם,false,1,8.50,5.67,true,1,
7290000074481,false,לחמית אגוזים אסם 160 ג',"אסם השקעות בע""מ",IL,לחמית כפרית 190 גרם,גרמים,160.00,100 גרם,false,1,11.90,7.44,true,1,
7290000075204,false,אוסם - לחמית חיטה מלאה 250 גרם,"אסם השקעות בע""מ",IL,לחמית חיטה מלאה 250,גרמים,250.00,100 גרם,false,1,11.00,4.40,true,1,
7290000076133,false,בייגלה שמיניות קטנות 400 גרם אסם,"אסם השקעות בע""מ",IL,בייגלה שמיניות קטנות,גרמים,400.00,100 גרם,false,1,11.90,2.98,true,1,
7290000076645,false,אוסם - טוסטעים חיטה מלאה 100 גרם,ון דר מולן האלום,IL,טוסטעים חיטה מלאה 10,גרמים,100.00,100 גרם,false,1,11.90,11.90,true,1,
7290000077017,false,עוגיות קרמוגית וקרם שוקולד אסם 200 גרם,מיוצר עי קונדיטוריית,IL,עוגיות קרמוגית במילו,גרמים,200.00,100 גרם,false,1,12.90,6.45,true,1,
7290000077253,false,אוסם - לחמית כפרית עם דגנים מלאים 190 גרם,"אסם השקעות בע""מ",IL,לחמית כפרית 190 גרם,גרמים,190.00,100 גרם,false,1,11.90,6.26,true,1,
7290000078212,false,קרוטונים מתובלים 250 ג' אסם,עינת תעשיות,IL,קרוטונים מתובלים 250,גרמים,250.00,100 גרם,false,1,15.90,6.36,true,1,
7290000079233,false,קרם קרקר דיאטטי דל נתרן 250 גרם,,IL,קרם קרקר דיאטטי דל נ,גרמים,250.00,100 גרם,false,1,13.50,5.40,true,1,
7290000080765,false,טוסטעים פת קלויה עם שומשום 100 ג' אוסם,ון דר מולן האלום,NL,טוסטעים פת קלויה שומ,גרמים,100.00,100 גרם,false,1,11.90,11.90,true,1,
7290000085180,false,גטניו פתי בר וניל 470 גרם,"אחים גטניו בע""מ",,פתי בר וניל 470 גר,גרמים,470.00,100 גרם,false,1,11.00,2.34,true,1,
7290000100135,false,פירות קפואים סנפרוסט דובדבן 300 גר,סנפרוסט בעמ,IL,פירות קפואים דובדבן,גרמים,300.00,100 גרם,false,1,20.90,6.97,true,1,
7290000101927,false,אוכמניות כחולות מוקפאות סנפרוסט 300 גרם,"איי, בי, אינבוו",IL,אוכמניות כחולות מוקפ,גרמים,300.00,100 גרם,false,1,19.90,6.63,true,1,
7290000101934,false,מיקס פירות יער מוקפאות 300 ג' סנפרוסט,"סנפרוסט בע""מ",IL,מיקס פירות יער מוקפא,גרמים,300.00,100 גרם,false,1,19.90,6.63,true,1,
7290000101958,false,מנגו חתוך מוקפא סנפרוסט 300ג',"סנפרוסט בע""מ",IL,מנגו מוקפא סנפרוסט,גרמים,300.00,100 גרם,false,1,19.90,6.63,true,1,
7290000103457,false,מיני כרובית סנפרוסט 600 גר,"סנפרוסט בע""מ",IL,מיני כרובית סנפרוסט,גרמים,600.00,100 גרם,false,1,18.90,3.15,true,1,
7290000103730,false,לקט להקפצה עם פסטה פוזילי סנפרוסט 800 גרם,"איי, בי, אינבוו",IL,לקט להקפצה עם פסטה פ,גרמים,800.00,100 גרם,false,1,27.20,3.40,true,1,
7290000103839,false,מרק כתום קפוא 570 ג' סנפרוסט,"סנפרוסט בע""מ",IL,מרק כתום 572 גרם,גרמים,572.00,100 גרם,false,1,19.90,3.48,true,1,
7290000103860,false,מרק עדשים קפוא 570 ג' סנפרוסט,"איי, בי, אינבוו",IL,מרק עדשים 572 גרם,גרמים,572.00,100 גרם,false,1,19.90,3.48,true,1,
7290000104072,false,עדשים ירוקות מבושלות מוקפאות 800 ג' סנפרוסט,"איי, בי, אינבוו",IL,עדשים ירוקים מבושלים,גרמים,800.00,100 גרם,false,1,23.50,2.94,true,1,
7290000104201,false,אפונה עדינה 600 גר סנפרוסט,"איי, בי, אינבוו",IL,אפונה עדינה 600 גר,גרמים,600.00,100 גרם,false,1,19.90,3.32,true,1,
7290000104225,false,בצל קצוץ 600 גרם סנפרוסט,"סנפרוסט בע""מ",IL,בצל קצוץ 600 גרם,גרמים,600.00,100 גרם,false,1,20.50,3.42,true,1,
7290000104676,false,אפונה קפואה סנפרוסט 800 גרם,"איי, בי, אינבוו",IL,אפונת גינה 800 גרם,גרמים,800.00,100 גרם,false,1,19.90,2.49,true,1,
7290000104683,false,שעועית ירוקה שלמה 800 גר סנפרוסט,"סנפרוסט בע""מ",IL,שעועית ירוקה שלמה,גרמים,800.00,100 גרם,false,1,22.90,2.86,true,1,
7290000104690,false,תירס גרעינים 800 גרם סנפרוסט,"איי, בי, אינבוו",IL,תירס גרעינים 800 גרם,גרמים,800.00,100 גרם,false,1,19.90,2.49,true,1,
7290000104720,false,שעועית ירוקה חתוכה 800גר סנפרוסט,"סנפרוסט בע""מ",IL,שעועית ירוקה חתוכה 8,גרמים,800.00,100 גרם,false,1,20.90,2.61,true,1,
7290000104768,false,תרד עלים סנפרוסט 800 ג ',"איי, בי, אינבוו",IL,תרד עלים 800גר סנפרו,גרמים,800.00,100 גרם,false,1,29.30,3.66,true,1,
7290000104799,false,שעועית לבנה מבושלת סנפרוסט 800גר,"איי, בי, אינבוו",IL,שעועית לבנה 800 גרם,גרמים,800.00,100 גרם,false,1,21.70,2.71,true,1,
7290000106526,false,חגיגה ירוקה להקפצה סנפרוסט 800 גר,"איי, בי, אינבוו",IL,חגיגה ירוקה להקפצה ס,גרמים,800.00,100 גרם,false,1,25.90,3.24,true,1,
7290000107189,false,תחתיות ארטישוק 400 גרם סנפרוסט,"איי, בי, אינבוו",IL,תחתיות ארטישוק 400 ג,גרמים,400.00,100 גרם,false,1,22.90,5.73,true,1,
7290000107615,false,מנה אסייטית צבעונית ועשירה סנפרוסט 800גר,"איי, בי, אינבוו",IL,מנה אסייטית צבעונית,גרמים,800.00,100 גרם,false,1,25.90,3.24,true,1,
7290000110844,false,"כיפלי גריל בד""צ תלמה 70 ג'",יוניליור ישראל מזון,IL,"כפלי גריל בד""צ 70 גר",גרמים,70.00,100 גרם,false,1,6.90,9.86,true,1,
7290000110851,false,"כיפלי בצל בד""צ תלמה 70 ג'",אתר שפע - Food,IL,"כפלי בצל בד""צ 70 גרם",גרמים,70.00,100 גרם,false,1,6.90,9.86,true,1,
7290000111000,false,שתיה קרה בודד,,,שתיה קרה בודד,Unknown,0.00,Unknown,false,1,1.00,1.00,true,1,
7290000111063,false,מיונז אמיתי תלמה 250 ג',יוניליוור ישראל מזון,IL,מיונז תלמה 250 גרם,גרמים,250.00,100 גרם,false,1,7.90,3.16,true,1,
7290000111117,false,מרכך כביסה לבן 4 ל' בדין,יוניליור ישראל טיפוח,IL,בדין לבן 4 ליטר -לבן,ליטרים,0.00,ליטר,false,1,21.90,21.90,true,1,
7290000111186,false,מיונז תלמה 500 גרם-צנצנת,יוניליוור ישראל מזון,IL,מיונז תלמה 500 גרם-צ,גרמים,500.00,100 גרם,false,1,10.40,2.08,true,1,
7290000111360,false,חרדל תלמה 250 גרם-צנצנת,יוניליוור ישראל מזו,IL,חרדל תלמה 250 גרם-צנ,גרמים,250.00,100 גרם,false,1,7.50,3.00,true,1,
7290000112220,false,בארכה טחינה 100% שומשום 500 גרם,רושדי תעשיות מזון בע,IL,טחינה 500 גר בארכה,גרמים,500.00,100 גרם,false,1,15.90,3.18,true,1,
7290000112497,false,מרק עשיר עוף אטריות קנור 75 גרם - שקיות,יוניליוור ישראל מזון,IL,מרק עשיר עוף אטריות,גרמים,75.00,100 גרם,false,1,13.90,18.53,true,1,
7290000112503,false,מרק עשיר ירקות קנור 69 גרם - שקיות,יוניליוור ישראל מזון,IL,מרק עשיר ירקות קנור,גרמים,69.00,100 גרם,false,1,13.90,20.14,true,1,
7290000112619,false,מרק עוף לתיבול והעשרה קנור 400 ג',יוניליוור ישראל מזון,IL,אבקת מרק עוף קנור,גרמים,400.00,100 גרם,false,1,22.90,5.73,true,1,
7290000116921,false,רוטב צ'ילי מתוק 370ג'12x קנור,יוניליוור ישראל מזון,IL,רוטב קנור צילי מתוק,מיליליטרים,300.00,"100 מ""ל",false,1,12.50,4.17,true,1,
7290000116945,false,קנור סויה קלאסי בדצ 350ג PAL,יוניליוור ישראל מזון,IL,רוטב קנור סויה 300 מ,מיליליטרים,300.00,"100 מ""ל",false,1,14.90,4.97,true,1,
7290000117171,false,מרק טעם עוף דל קלוריות 48 גרם-קופסא,יוניליוור ישראל מזון,IL,מרק טעם עוף דל קלורי,גרמים,48.00,100 גרם,false,1,9.10,18.96,true,1,
7290000117720,false,קנור - נמס בכוס זוג פטריות 21.50 גרם * 2,יוניליוור ישראל מזון,IL,מרק נמס בכוס פטריות,גרמים,43.00,100 גרם,false,1,7.90,18.37,true,1,
7290000118277,false,כופתאות מצה להכנת מהירה 65 ג' קנור,יוניליוור ישראל מזון,IL,קניידלך 130 גרם-קופ,גרמים,130.00,100 גרם,false,1,12.00,9.23,true,1,
7290000120836,false,הלמנס מיונז אמיתי 394גר ADR,קונפקו אינק' די.בי.א,CA,מיונז הלמנס 394 גרם,גרמים,433.00,100 גרם,false,1,12.80,2.96,true,1,
7290000120874,false,מיונז דל קלוריות 424 ג' הלמנס,"שד' קילבורן 2816, שי",US,מיונז הלמנס לייט 424,גרמים,476.00,100 גרם,false,1,12.80,2.69,true,1,
7290000121079,false,גבינה מון בלאן 9% שום שמיר 120ג',,,גבינת מון בלאן שמיר,גרמים,120.00,100 גרם,false,1,13.90,11.58,true,1,
7290000121147,false,גבינה מון בלאן לייט 7% פיקנטי 120ג',"שלושת האופים בע""מ",IL,גבינת מון בלאן פיקנ,גרמים,121.00,100 גרם,false,1,13.90,11.49,true,1,
7290000125251,false,בדין שמפו לכביסה עדינה 2 ליטר,"זוהר דליה, קיבוץ דלי",IL,בדין שמפו לכביסה עדי,ליטרים,0.00,ליטר,false,1,31.50,31.50,true,1,
7290000135052,false,"XL TEN משקה אנרגיה מנגו ללא סוכר 250 מ""ל","טמפו משקאות בע""מ",IL,XL TEN משקה אנרגיה מ,מיליליטרים,250.00,"100 מ""ל",false,1,4.90,1.96,true,1,
7290000135342,false,"מי סודה טמפו בקבוק 500 מ""ל",,,"מי סודה 500 מ""ל בקבו",מיליליטרים,500.00,"100 מ""ל",false,1,2.90,0.58,true,1,
7290000136295,false,"סירופ JUICER פטל 330 מ""ל סיידר",,,סירופ בטעם פטל 330 מ,מיליליטרים,330.00,"100 מ""ל",false,1,15.20,4.61,true,1,
7290000136646,false,משקה מאלט תריסר 1.5 ל' נשר,טמפו,IL,נשר מאלט 1.5 ליטר,ליטרים,0.00,ליטר,false,1,9.90,9.90,true,1,
7290000136653,false,משקה מאלט דיאט תריסר 1.5 ל' נשר,טמפו,IL,דיאט נשר מאלט 1.5 לי,ליטרים,0.00,ליטר,false,1,9.90,9.90,true,1,
7290000136677,false,פפסי קולה פיקדון 1.5 ליטר,טמפו,IL,פפסי קולה 1.5 ליטר,ליטרים,0.00,ליטר,false,1,8.90,8.90,true,1,
7290000136684,false,פפסי מקס פיקדון 1.5 ליטר,טמפו,IL,פפסי מקס 1.5 ליטר,ליטרים,0.00,ליטר,false,1,8.10,8.10,true,1,
7290000136707,false,מירינדה בקבוק 1.5 לי,טמפו,IL,מירינדה 1.5 ליטר,ליטרים,0.00,ליטר,false,1,8.90,8.90,true,1,
7290000136868,false,מארז מים שישיה *1.5ל' סאן בנדטו,טמפו,IL,שישיית מים סאן בנדטו,ליטרים,0.01,ליטר,false,1,19.90,1990.00,true,1,
7290000136875,false,מארז מים מינרלים מוגז 6* 1.5 ל' סאן בנדטו,טמפו,IL,שישיית סאן בנדטו מוג,ליטרים,0.01,ליטר,false,1,19.90,1990.00,true,1,
7290000136936,false,סבן אפ דיאט בקבוק 1.,טמפו,IL,סבן אפ דיאט 1.5 ליטר,ליטרים,0.00,ליטר,false,1,8.30,8.30,true,1,
7290000137513,false,גלידונית גלידה וניל בציפוי שוקולד 60 יח' קרמיסימו,"גלידת שטראוס בע""מ, ר",IL,גלידונית 60 יחידות,גרמים,700.00,100 גרם,false,1,49.90,7.13,true,1,
7290000137643,false,מאגדת שלגוני טעמקור 8 יח' שטראוס,"גלידת שטראוס בע""מ, ר",IL,שמיניית טעמקור,גרמים,400.00,100 גרם,false,1,44.50,11.13,true,1,
7290000143200,false,"הוואי - מרכך לשיער יבש 700 מ""ל",שוורצקוף& הנקל דיסלד,IL,מרכך הוואי לשיער יבש,מיליליטרים,700.00,"100 מ""ל",false,1,12.90,1.84,true,1,
7290000143217,false,"הוואי - שמפו לשיער יבש 700 מ""ל",שוורצקוף& הנקל דיסלד,IL,שמפו הוואי לשיער יבש,מיליליטרים,700.00,"100 מ""ל",false,1,12.90,1.84,true,1,
7290000143255,false,"שמפו הוואי לשיער רגיל 700 מ""ל",שוורצקוף& הנקל דיסלד,IL,שמפו הוואי רגיל 700,מיליליטרים,700.00,"100 מ""ל",false,1,12.90,1.84,true,1,
7290000143286,false,"מרכך הוואי לשיער רגיל 700 מ""ל",שוורצקוף& הנקל דיסלד,IL,מרכך הוואי רגיל 700,מיליליטרים,700.00,"100 מ""ל",false,1,12.90,1.84,true,1,
7290000144160,false,"שמן זית כתית מעולה מודגש""עץ-הזית"" 750 מ""ל","מרקאולאו, ספרד.אבסה,",IT,שמן זית כתית מעולה ב,מיליליטרים,750.00,"100 מ""ל",false,1,32.90,4.39,true,1,
7290000144467,false,שמן חמניות מועשר בנוגדי חמצון 1 ל' עץ הזית,"נארז ע""י : א.ג. גילר",GR,שמן עץ הזית חמניות 1,מיליליטרים,1000.00,"100 מ""ל",false,1,16.90,1.69,true,1,
7290000144474,false,שמן עץ הזית קנולה 1 ליטר בריאות מהטבע,סקנולה,EE,שמן עץ הזית קנולה 1,מיליליטרים,1000.00,"100 מ""ל",false,1,16.90,1.69,true,1,
7290000146928,false,"טום וגרי משחת שיניים בטעם ענבים 50 מ""ל",שוורצקוף& הנקל דיסלד,IL,משחת שיניים ענבים טו,Unknown,0.00,Unknown,false,1,10.50,10.50,true,1,
7290000146997,false,"טום וג'רי - משחת שיניים מסטיק 50 מ""ל",שוורצקוף& הנקל דיסלד,IL,משחת שיניים מסטיק טו,Unknown,0.00,Unknown,false,1,10.50,10.50,true,1,
7290000148618,false,קשיו מטוגן שקית קליית גת 200 גרם,"ג'י אנד ג'י בע""מ",IL,קשיו מטוגן שקית קליי,גרמים,200.00,100 גרם,false,1,24.50,12.25,true,1,
7290000148939,false,שקדים קלויים קלית גת 200 ג',"ג'י אנד ג'י בע""מ",IL,שקד קלוי שקית 200 ג,גרמים,200.00,100 גרם,false,1,22.90,11.45,true,1,
7290000149615,false,נקה 7 סבון מוצק לתינוק רביעיה * 100 ג',גליל כימיקלים בעממשו,IL,נקה 7 סבון לתינוק רב,גרמים,400.00,100 גרם,false,1,14.50,3.63,true,1,
7290000161631,false,ח.קליק אין אאוט במילוי נוגט,יוניליוור ישראל מזון,IL,קליק IN במילוי נוגט,גרמים,38.00,100 גרם,false,1,5.90,15.53,true,1,
7290000161648,false,ח.קליק אין אאוט במילוי ק.חלב,יוניליוור ישראל מזון,IL,קליק IN במילוי קרם,גרמים,38.00,100 גרם,false,1,5.90,15.53,true,1,
7290000168173,false,ברנפלקס קרנצים 375 ג' תלמה,יוניליור ישראל מזון,IL,ברנפלקס קרנצים 375 ג,גרמים,375.00,100 גרם,false,1,24.90,6.64,true,1,
7290000169538,false,"נמס בכוס עגבניות וקרוטונים מרק כשרות בד""ץ 62 ג' קנור",יוניליוור ישראל מזון,IL,מרק נמס בכוס עגבניות,גרמים,56.00,100 גרם,false,1,7.90,14.11,true,1,
7290000169798,false,"עוגי מופחת סוכר 20% פצפוצי שוקו' 500ג' בד""צ",יוניליוור שפע ישראל,IL,עוגי 20% פחות סוכר 5,גרמים,500.00,100 גרם,false,1,26.50,5.30,true,1,
7290000170053,false,שוקולד פרה חלב 100 גרם,"תופינית בע""מ",IL,שוקולד פרה חלב 100 ג,גרמים,100.00,100 גרם,false,1,6.00,6.00,true,1,
7290000174723,false,שוקולית אבקה להכנת משקה שוקו 500 גרם,הנסיך- מפעל לייצור ט,IL,שוקולית 500 גרם,גרמים,500.00,100 גרם,false,1,13.90,2.78,true,1,
7290000176062,false,קפה עלית טורקי 100 גרם,שטראוס קפה בי.וי.,IL,קפה עלית טורקי 100 ג,גרמים,100.00,100 גרם,false,1,9.50,9.50,true,1,
7290000176079,false,קפה עלית טורקי עם הל 100 גרם,הנסיך- מפעל לייצור ט,IL,קפה עלית טורקי עם הל,גרמים,100.00,100 גרם,false,1,9.90,9.90,true,1,
7290000176413,false,קפה נמס עלית 50 גרם,הנסיך- מפעל לייצור ט,IL,קפה נמס עלית 50 גרם,גרמים,50.00,100 גרם,false,1,13.90,27.80,true,1,
7290000176420,false,קפה נמס אבקתי 200ג עלית,שטראוס קפה בי.וי,IL,קפה נמס עלית 200 גרם,גרמים,200.00,100 גרם,false,1,21.90,10.95,true,1,
7290000178707,false,תפוציפס מלוח 50 גרם,"שטראוס פריטו ליי בע""",IL,תפוציפס טבעי 50 גרם,גרמים,50.00,100 גרם,false,1,4.30,8.60,true,1,
7290000178721,false,תפוציפס מלוח 200 גרם,"שטראוס פריטו ליי בע""",IL,תפוציפס טבעי 200 גרם,גרמים,200.00,100 גרם,false,1,10.90,5.45,true,1,
7290000185224,false,סילאן בקבוק לחיץ תמר כנרת 650 גר,,IL,סילאן בקבוק לחיץ תמר,גרמים,650.00,100 גרם,false,1,16.90,2.60,true,1,
7290000185330,false,סילאן טבעי תמר כנרת 900 גר,,,סילאן טבעי תמר כנרת,גרמים,900.00,100 גרם,false,1,24.90,2.77,true,1,
7290000187860,false,מגבוני טואלט לחים לילי דיספנסר 40יח',עלבד משואות יצחק בעמ,IL,נייר טואלט לח לילי פ,Unknown,0.00,Unknown,false,1,9.50,9.50,true,1,
7290000187938,false,לילי - נייר טואולט נייר טואלט פסטל 32 יח',חוגלה קימברלי,,לילי פסטל 32 גלילים,מטרים,588.00,מטר,false,1,41.90,0.07,true,1,
7290000187952,false,נייר טואלט טריו לילי פרימיום 32גליל,חוגלה קימברלי,,לילי טריו ורוד 32 גל,מטרים,537.28,מטר,false,1,42.90,0.08,true,1,
7290000188591,false,קוטקס - מגן תחתון סילק יאנג 60 יח',קימברלי קלארק,CN,מ. תחתון קוטקס סילק,Unknown,0.00,Unknown,false,1,25.50,25.50,true,1,
7290000189550,false,זוג אשפתון ניקול ענק מתכלה 10 יח,אשפלסט,IL,XXL ניקול שקיות אשפה,Unknown,0.00,Unknown,false,1,28.50,28.50,true,1,
7290000189734,false,מטליות לחות לפרקט 10יח' ניקול,עלבד משואות יצחק בעמ,IL,מטליות לחות לפרקטים,Unknown,0.00,Unknown,false,1,17.90,17.90,true,1,
7290000189871,false,ניקול שקיות אשפה L עם שרוך 55 יח',אשפלסט,IL,אשפתון מתכלה ניקול 5,Unknown,0.00,Unknown,false,1,23.90,23.90,true,1,
7290000190198,false,מטלית ניקול לניקוי חדרי שירותים ואמבט,עלבד משואות יצחק בעמ,IL,מטלית ניקול לניקוי ח,Unknown,0.00,Unknown,false,1,14.90,14.90,true,1,
7290000190853,false,לילי פיור נייר טואלט דו שכבתי 30 גלילים,,,לילי פיור נייר טואלט,מטרים,588.00,מטר,false,1,43.90,0.07,true,1,
7290000191966,false,מגבוני טואלט לח סנסטיב לילי 40יח',עלבד משואות יצחק בעמ,IL,נייר טואלט לח לילי נ,Unknown,0.00,Unknown,false,1,9.50,9.50,true,1,
7290000192581,false,מגבת נייר גליל כפול ניקול 12=6 גליל,,IL,נייר מגבת ניקול 6=12,מטרים,129.72,מטר,false,1,24.00,0.19,true,1,
7290000194837,false,ניקול - שקיות מזון + ידיות קשירה אקסטרה לארג' 200 יח',סין,CN,שקיות מזון גדולות עם,Unknown,0.00,Unknown,false,1,18.80,18.80,true,1,
7290000195216,false,נייר אפייה בשקית ניקול 50 יח',אופל,,נייר אפייה ניקול,Unknown,0.00,Unknown,false,1,11.90,11.90,true,1,
7290000195537,false,האגיס - מגבוני האגיס דיילי קר לא מבושם 64 יח' * 4,ווטנפס בעמ,IL,מגבוני האגיס רביעיה,Unknown,0.00,Unknown,false,1,23.90,23.90,true,1,
7290000195773,false,האגיס - מגבוני האגיס סנסטיב קר לא מבושם 64 יח' * 4,חוגלה קימברלי,,מגבוני האגיס קמומיל,Unknown,0.00,Unknown,false,1,23.90,23.90,true,1,
7290000196763,false,ניקול שקיות לאשפה השקית החזקה 40 יח',אשפלסט,IL,השקית החזקה ניקול 40,Unknown,0.00,Unknown,false,1,28.50,28.50,true,1,
7290000197012,false,ניקול שקיות ניילון ריצרץ לאחסון 15יח',סין,CN,שקיות ריצרץ לטריות 1,Unknown,0.00,Unknown,false,1,18.90,18.90,true,1,
7290000197081,false,ניילון נצמד אריזת חיסכון ניקול 150 מ',אופל,IL,ניילון נצמד ניקול עם,מטרים,150.00,מטר,false,1,38.90,0.26,true,1,
7290000197326,false,רדיד אלומניום ניקול זוגי 30X7.5מ',אופל,IL,רדיד אלומיניום ניקול,מטרים,15.00,מטר,false,1,12.90,0.86,true,1,
7290000197753,false,ניילון נצמד אנטי בטקריאלי ניקול 30X2מ',GTC,,זוג ניילון נצמד ניקו,מטרים,60.00,מטר,false,1,13.90,0.23,true,1,
7290000197876,false,ניקול תבנית אלומיניום 4 יח' 2 מכסים,סין,CN,מגשית חד פעמית ניקול,Unknown,0.00,Unknown,false,1,11.90,11.90,true,1,
7290000197999,false,רדיד אלומיניום עבה ניקול זוגי 30X7.5מ',אופל,IL,זוג רדיד ניקול עבה,מטרים,15.00,מטר,false,1,18.80,1.25,true,1,
7290000201979,false,האגיס מגבונים לחים מהדורה לא מבושם 4*56,,,מגבוני האגיס מארז די,Unknown,0.00,Unknown,false,1,23.90,23.90,true,1,
7290000204215,false,ניקול כריות יפניות 6 יח',פלסטופוליש,IL,כרית ניקול שישייה,Unknown,0.00,Unknown,false,1,12.90,12.90,true,1,
7290000204512,false,מטליות לחות לרצפה בניחוח לימון 10 יח' ניקול,עלבד משואות יצחק בעמ,IL,מטליות לחות לרצפה בר,Unknown,0.00,Unknown,false,1,14.90,14.90,true,1,
7290000207063,false,רוטב עגבניות פריכוז 28% 260 ג' יכין,היינץ צפון אמריקה מק,IL,פריכוז 240 גר,גרמים,240.00,100 גרם,false,1,5.40,2.25,true,1,
7290000208022,false,עגבניות מרוסקות פריכוז 800 ג' יכין,"זנלכל בע""מ",IL,עגבניות 2.5 A מרוסק,גרמים,850.00,100 גרם,false,1,10.90,1.28,true,1,
7290000208077,false,אפונת גינה רגילה 550 גרם יכין,"זנלכל בע""מ",IL,אפונת גינה רגילה 550,גרמים,550.00,100 גרם,false,1,8.90,1.62,true,1,
7290000208091,false,אפונה קטנה עדינה יכין 550 גרם,"זנלכל בע""מ",IL,אפונה קטנה עדינה יכי,גרמים,550.00,100 גרם,false,1,10.90,1.98,true,1,
7290000208145,false,גרעיני תירס מתוק לייט 550 גרם יכין,"זנלכל בע""מ",IL,תירס לייט יכין 550 ג,גרמים,550.00,100 גרם,false,1,10.90,1.98,true,1,
7290000208176,false,"תפוח אדמה יכין A2 פ""מ בית יוסף","זנלכל בע""מ",IL,תפוחי אדמה מקולפים,גרמים,550.00,100 גרם,false,1,10.90,1.98,true,1,
7290000208213,false,שעועית לבנה אפויה A2 ברוטב עגבניות יכין 560ג',היינץ צפון אמריקה מק,IL,שעועית יכין אפויה 58,גרמים,580.00,100 גרם,false,1,9.90,1.71,true,1,
7290000208251,false,שעועית ירוקה יכין A2 בית יוסף,"זנלכל בע""מ",IL,שעועית ירוקה יכין 56,גרמים,560.00,100 גרם,false,1,10.90,1.95,true,1,
7290000208312,false,גרעיני תירס מתוק בואקום יכין 400 גר',"זנלכל בע""מ",IL,תירס מתוק יכין 400 ג,גרמים,400.00,100 גרם,false,1,7.90,1.98,true,1,
7290000208329,false,גרעיני תירס מתוק 550 גרם יכין,"זנלכל בע""מ",IL,תירס גרעינים 550 גר,גרמים,550.00,100 גרם,false,1,8.90,1.62,true,1,
7290000208336,false,רסק יכין 240גר 22% יכין בית יוסף,"זנלכל בע""מ",IL,רוטב עגבניות יכין 24,גרמים,240.00,100 גרם,false,1,4.90,2.04,true,1,
7290000208350,false,עגבניות מרוסקות בצל 850 גר יכין A 2.5,,IL,עגבניות מרוסקות בצל,גרמים,800.00,100 גרם,false,1,10.90,1.36,true,1,
7290000208367,false,עגבניות מרוסקות בתוספת בזיליקום 800 ג' יכין,,,עגבניות מרוסקות בזיל,גרמים,800.00,100 גרם,false,1,10.90,1.36,true,1,
7290000208428,false,חומוס יכין שלם 550 גר A/2,"זנלכל בע""מ",IL,חומוס יכין שלם 550 ג,גרמים,550.00,100 גרם,false,1,8.90,1.62,true,1,
7290000208459,false,"לקט ירקות יכין פ""ק A2 בית יוסף","זנלכל בע""מ",IL,לקט תפוחי אדמה A2 יכ,גרמים,550.00,100 גרם,false,1,10.90,1.98,true,1,
7290000208480,false,גרעיני תירס מתוק בטעם חמאה 550 גרם יכין,,,תירס בטעם חמאה יכין,גרמים,550.00,100 גרם,false,1,10.90,1.98,true,1,
7290000208534,false,גרעיני תירס מתוק לילדים 550 גרם יכין,"זנלכל בע""מ",IL,תירס קיד יכין 550 גר,גרמים,550.00,100 גרם,false,1,10.90,1.98,true,1,
7290000208855,false,רוטב לפסטה קלאסי 240 גרם יכין,"זנלכל בע""מ",IL,רוטב לפסטה 260 גרם י,מיליליטרים,260.00,"100 מ""ל",false,1,6.90,2.65,true,1,
7290000208930,false,עגבניות מרוסקות בתוספת שום 240 גרם יכין,"זנלכל בע""מ",IL,עגבניות +שום 260 גרם,גרמים,260.00,100 גרם,false,1,6.90,2.65,true,1,
7290000208947,false,עגבניות מרוסקות 260 גרם יכין,היינץ צפון אמריקה מק,IL,עגבניות מרוסקות 260,גרמים,260.00,100 גרם,false,1,6.90,2.65,true,1,
7290000208978,false,פריכוז 100 גרם יכין בית יוסף,היינץ צפון אמריקה מק,IL,רסק עגבניות פריכוז 1,גרמים,100.00,100 גרם,false,1,3.40,3.40,true,1,
7290000209012,false,חומץ הדרים 5% יכין 1,"זנלכל בע""מ",IL,חומץ הדרים 1 ליטר,מיליליטרים,1000.00,"100 מ""ל",false,1,6.90,0.69,true,1,
7290000209371,false,שלישיית תירס יכין 165 גר OZ 6,היינץ צפון אמריקה מק,IL,שלישיית תירס יכין 16,גרמים,165.00,100 גרם,false,1,15.90,9.64,true,1,
7290000209708,false,עגבניות מרוסקות בזיליקום 240 גרם יכין,היינץ צפון אמריקה מק,IL,עגבניות +בזיליקום 26,גרמים,260.00,100 גרם,false,1,6.90,2.65,true,1,
7290000209906,false,עגבניות מרוסקות בתוספת בצל 240 גרם יכין,,,עגבניות מרוסקות עם ב,גרמים,260.00,100 גרם,false,1,6.90,2.65,true,1,
7290000209913,false,עגבניות חתוכות לקוביות 240 גרם יכין,"זנלכל בע""מ",IL,עגבניות קוביות 260 ג,גרמים,260.00,100 גרם,false,1,6.90,2.65,true,1,
7290000209944,false,רוטב לעגבניות בסיס לשקשוקה 240 ג' יכין,"זנלכל בע""מ",IL,רוטב עגבניות לשקשוק,גרמים,260.00,100 גרם,false,1,6.90,2.65,true,1,
7290000209951,false,רוטב עגבניות לפיצה 260 גרם יכין,"זנלכל בע""מ",IL,רוטב עגבניות לפיצה,גרמים,260.00,100 גרם,false,1,6.90,2.65,true,1,
7290000210469,false,עגבניות שלמות יכין A2.5 בית יוסף,,,עגבניות 2.5 A שלמות,גרמים,850.00,100 גרם,false,1,9.90,1.16,true,1,
7290000210896,false,רוטב לפסטה בולונז 240 גרם יכין,"זנלכל בע""מ",IL,רוטב בולונז 260 גרם,מיליליטרים,260.00,"100 מ""ל",false,1,6.90,2.65,true,1,
7290000211169,false,"אורז תאילנדי אחד אחד סוגת 1 ק""ג",האי נאם סי או אל.טי.,IL,"אורז תאילנדי 1 ק""ג",קילוגרמים,0.00,"ק""ג",false,1,8.30,8.30,true,1,
7290000211312,false,"אורז מלא ארוך סוגת 1 ק""ג",האי נאם סי או אל.טי.,IL,"אורז מלא 1 ק""ג",גרמים,1000.00,100 גרם,false,1,10.90,1.09,true,1,
7290000211374,false,"קמח מלא סוגת 1 ק""ג",תחנות קמח דגן 2006 ב,IL,"קמח מלא 1 ק""ג סוגת",גרמים,1000.00,100 גרם,false,1,7.90,0.79,true,1,
7290000211442,false,"אורז פרסי קלאסי סוגת 1 ק""ג",האי נאם סי או אל.טי.,IL,"אורז פרסי 1 ק""ג סוג",גרמים,1000.00,100 גרם,false,1,10.90,1.09,true,1,
7290000211503,false,סוכר לבן ארוז בשקית,"סוגת תעשיות בע""מ",IL,"סוכר לבן 1 ק""ג",קילוגרמים,0.00,"ק""ג",false,1,4.50,4.50,true,1,
7290000211626,false,"אורז חיש 1 ק""ג סוגת",סוגת,IL,"אורז חיש 1 ק""ג",גרמים,1000.00,100 גרם,false,1,12.50,1.25,true,1,
7290000211985,false,"אורז ריזוטו עגול סוגת 1 ק""ג","סוגת תעשיות בע""מ",IL,אורז עגול 1 קג,גרמים,1000.00,100 גרם,false,1,9.90,0.99,true,1,
7290000238029,false,"בצק עלים צרפתי מרודד מעדנות 1ק""ג",מיוצר עי קונדיטוריית,IL,"בצק עלים מרודד 1 ק""ג",גרמים,1000.00,100 גרם,false,1,24.90,2.49,true,1,
7290000238036,false,מלווח עגול מעדנות 700 ג',מיוצר עי קונדיטוריית,IL,מלאווח מעדנות 700 גר,גרמים,700.00,100 גרם,false,1,18.90,2.70,true,1,
7290000238173,false,מעדנות בורקס גבינה 800גר,מיוצר עי קונדיטוריית,IL,בורקס גבינה מעדנות,גרמים,800.00,100 גרם,false,1,22.70,2.84,true,1,
7290000238180,false,בורקס תפוחי אדמה מעדנות 800ג',מיוצר עי קונדיטוריית,IL,"בורקס תפו""א 800 גרם",גרמים,800.00,100 גרם,false,1,21.70,2.71,true,1,
7290000245287,false,"אבקת כביסה פרסיל קולור שקית 1.250 ק""ג","הנקל סוד בע""מ",IL,אב.כביסה פרסיל קולור,קילוגרמים,0.00,"ק""ג",false,1,20.30,20.30,true,1,
7290000262239,false,נייר טואלט מולט 48 גליל,,,נ. טואלט מולט 48 לב,מטרים,883.00,מטר,false,1,48.50,0.05,true,1,
7290000267012,false,שקד מולבן שלם 100 גרם,,IL,שקד מולבן שלם 100 גר,גרמים,100.00,100 גרם,false,1,13.80,13.80,true,1,
7290000267029,false,שקד מולבן חצוי 100 גרם,,IL,שקד מולבן חצוי 100 ג,גרמים,100.00,100 גרם,false,1,13.80,13.80,true,1,
7290000267043,false,שקד מולבן פרוס 100 גרם,,IL,שקד מולבן פרוס 100 ג,גרמים,100.00,100 גרם,false,1,13.80,13.80,true,1,
7290000267050,false,שקד מולבן טחון 100 גרם,,IL,שקד מולבן טחון 100 ג,גרמים,100.00,100 גרם,false,1,13.80,13.80,true,1,
7290000267500,false,קליפות הדר מצופות בשוקולד 200 גרם,,,קליפות הדר מצופות בש,גרמים,200.00,100 גרם,false,1,14.20,7.10,true,1,
7290000267548,false,אגוזי מלך גרוסים 100 ג',,IL,אגוז גרוס 100 גרם,גרמים,100.00,100 גרם,false,1,12.90,12.90,true,1,
7290000272696,false,עסיס מיץ לימון טבעי משומר 1 ל' אסם,בית-השיטה עסיס תעשיו,IL,מיץ לימון עסיס משומר,מיליליטרים,1000.00,"100 מ""ל",false,1,12.90,1.29,true,1,
7290000272726,false,חומץ טבעי 5% עסיס 1 ל' אסם,,,חומץ טבעי עסיס 5% -1,מיליליטרים,1000.00,"100 מ""ל",false,1,7.30,0.73,true,1,
7290000300900,false,שניצל תירס 750 גרם טבעול,טבעול,IL,שניצל תירס 750 גרם,גרמים,750.00,100 גרם,false,1,27.90,3.72,true,1,
7290000303604,false,חומוס גרגירים A2 פרי גליל 550ג',פרי הגליל בעמ,IL,חומוס שלם A2 פרי גלי,גרמים,550.00,100 גרם,false,1,7.90,1.44,true,1,
7290000307015,false,אפונת גינה גדול 550 גר A2 פרי גליל,פרי הגליל בעמ,IL,אפונת גינה גדול 550,גרמים,550.00,100 גרם,false,1,7.90,1.44,true,1,
7290000307046,false,אפונת גינה וגזר 550 גר A2 פרי גליל,פרי הגליל בעמ,IL,אפונת גינה וגזר 550,גרמים,550.00,100 גרם,false,1,7.90,1.44,true,1,
7290000307237,false,גרעיני תירס מתוק 550 ג' פרי הגליל,פרי הגליל בעמ,IL,תירס מתוק 550 גר A2,גרמים,550.00,100 גרם,false,1,7.90,1.44,true,1,
7290000313160,false,עוגיות חברים זהבה ו-3 הדובים שוקו' אסם 250 גר',היינץ צפון אמריקה מק,IL,עוגיות חברים זהבה 3,גרמים,250.00,100 גרם,false,1,10.00,4.00,true,1,
7290000313184,false,עוגיות חברים גן חיות וניל אסם 250 גר',הגביע מוצרי וופלים ב,IL,עוגיות חברים ביסקויט,גרמים,250.00,100 גרם,false,1,10.00,4.00,true,1,
7290000313290,false,אסם נודלס נודלס אטריות מסולסלות 200ג',תאי פרזידנט פוד בנגק,TH,נודלס אטריות מסולסלו,גרמים,200.00,100 גרם,false,1,11.90,5.95,true,1,
7290000313528,false,חלת שמרים,,,חלה בית מאפה שמרים,Unknown,0.00,Unknown,false,1,15.90,15.90,true,1,
7290000315126,false,קנור ציר עוף משחתי 3,יוניליוור ישראל מזון,IL,ציר עוף 300 גרם קנור,גרמים,300.00,100 גרם,false,1,27.80,9.27,true,1,
7290000315133,false,קנור ציר בקר משחתי 3,יוניליוור ישראל מזון,IL,ציר בקר 300 גרם קנור,גרמים,300.00,100 גרם,false,1,27.80,9.27,true,1,
7290000334684,false,טבעות בצל 700 גרם תפוגן,"תעשיות תפוגן בע""מ",IL,טבעות בצל 700 גרם תפ,גרמים,700.00,100 גרם,false,1,20.40,2.91,true,1,
7290000336282,false,"פריגת סיידר צלול 330 מ""ל בקבוק",טמפו משקאות בעמ,IL,פריגת סיידר צלול 3,מיליליטרים,330.00,"100 מ""ל",false,1,8.90,2.70,true,1,
7290000339191,false,אבקת הלבנה רן 350 גר,זהר דליה,IL,רן הלבנה 350 גרם,גרמים,350.00,100 גרם,false,1,27.90,7.97,true,1,
7290000341071,false,בדין - מרכך כביסה בייבי לבן 2 ליטר,יוניליוור ישראל טיפו,IL,בדין בייבי 2 ליטר,ליטרים,0.00,ליטר,false,1,16.90,16.90,true,1,
7290000345055,false,תה ויסוצקי ארל גריי 100 ג',מולינו ניקולי s.p.a,IL,תה ארל גריי 100 גרם,גרמים,100.00,100 גרם,false,1,18.80,18.80,true,1,
7290000345116,false,תה ויסוצקי ירוק 125 גרם,תה ויסוצקי,IL,תה ויסוצקי ירוק 125,גרמים,125.00,100 גרם,false,1,14.90,11.92,true,1,
7290000345208,false,תה ויסוצקי קלאסיק מעודן 25X1.0יח',HIQ FOOD PRODUCTS,IL,תה ויסוצקי 25 שקיקים,Unknown,0.00,Unknown,false,1,8.50,8.50,true,1,
7290000345260,false,תה ויסוצקי 25 שקיקים 1.5 גרם,מולינו ניקולי s.p.a,IL,תה ויסוצקי 25 שקיקים,Unknown,0.00,Unknown,false,1,8.80,8.80,true,1,
7290000345284,false,תה ויסוצקי קלאסיק טעם עשיר 100/1.5יח',מולינו ניקולי s.p.a,IL,תה קלאסיק 100 שקיקים,גרמים,150.00,100 גרם,false,1,17.90,11.93,true,1,
7290000345291,false,תה ארל גריי 25 שקיקים ויסוצקי,ויסוצקי,IL,תה ארל גריי 25 שקיקי,Unknown,0.00,Unknown,false,1,18.90,18.90,true,1,
7290000346021,false,חליטת קמומיל בבונג גן קסום 50 שקיקים,בית ויסוצקי,IL,חליטת קמומיל בבונג ג,Unknown,0.00,Unknown,false,1,36.90,36.90,true,1,
7290000346120,false,חליטת קסם הקינמון 25 שקיקים גן קסום,HIQ FOOD PRODUCTS,IL,חליטת קסם הקינמון 25,Unknown,0.00,Unknown,false,1,19.90,19.90,true,1,
7290000346137,false,חליטת הילולי פירות 25 שקיקים גן קסום,HIQ FOOD PRODUCTS,IL,חליטת הילולי פירות,Unknown,0.00,Unknown,false,1,19.90,19.90,true,1,
7290000346144,false,חליטת עינוגי התפוח 25 שקיקים גן קסום,HIQ FOOD PRODUCTS,IL,חליטת עינוגי התפוח,Unknown,0.00,Unknown,false,1,19.90,19.90,true,1,
7290000346168,false,תה ויסוצקי חליטת שומר הגן הקסום 25יח',HIQ FOOD PRODUCTS,IL,חליטת שומר 25 שקיקים,Unknown,0.00,Unknown,false,1,19.90,19.90,true,1,
7290000346199,false,חליטת פירות היער 25 שקיקים גן קסום,HIQ FOOD PRODUCTS,IL,חליטת פירות היער 25,Unknown,0.00,Unknown,false,1,19.90,19.90,true,1,
7290000346205,false,חליטת קמומיל 25 שקיקים הגן קסום,HIQ FOOD PRODUCTS,IL,חליטת קמומיל 25 שקיק,Unknown,0.00,Unknown,false,1,19.90,19.90,true,1,
7290000346212,false,תה בטעם מנטה 25 שקיקים גן קסום,HIQ FOOD PRODUCTS,IL,תה בטעם מנטה 25 שקיק,Unknown,0.00,Unknown,false,1,19.90,19.90,true,1,
7290000347752,false,תה ירוק לימונית ולואיזה 25 שקיקים *1.5 ג'' ויסוצקי,HIQ FOOD PRODUCTS,IL,תה ירוק לימונית לואי,Unknown,0.00,Unknown,false,1,26.90,26.90,true,1,
7290000355412,false,עגבניות מרוסקות A2.5 ושום טל וטרי 800 גר',,IL,טל עגבניות מרוסקות+ש,גרמים,800.00,100 גרם,false,1,7.50,0.94,true,1,
7290000355757,false,עגבניות מרוסקות טל וטרי 800 גרם,,IL,עגבניות מרוסקות 800,גרמים,800.00,100 גרם,false,1,7.50,0.94,true,1,
7290000363233,false,קבנוס מובחר 100 גרםטירת צבי,,,קבנוס מובחר 100 גרם,גרמים,100.00,100 גרם,false,1,15.50,15.50,true,1,
7290000364261,false,דקניקים סלסולי כתף בקר 120 ג' טירת צבי,הנסיך- מפעל לייצור ט,IL,סלסולי כתף בקר 120גר,גרמים,120.00,100 גרם,false,1,17.90,14.92,true,1,
7290000364278,false,דקניקים סילסולי סלמי איטלקי 120 ג' טירת צבי,הנסיך- מפעל לייצור ט,IL,סלסולי סלמי איטלקי,גרמים,120.00,100 גרם,false,1,17.90,14.92,true,1,
7290000364285,false,דקניקים סלסולי פסטרמה הודו 120 ג' טירת צבי,הנסיך- מפעל לייצור ט,IL,סלסולי פסטרמה הודו,גרמים,120.00,100 גרם,false,1,17.90,14.92,true,1,
7290000364292,false,דקניקים סלסולי פסטרמה הודו על גחלים 120 ג' טירת צבי,הנסיך- מפעל לייצור ט,IL,סלסולי גחלים 120גר,גרמים,120.00,100 גרם,false,1,17.90,14.92,true,1,
7290000364803,false,נקניקיות קרנץ אמריקאי טירת צבי 500 ג',הנסיך- מפעל לייצור ט,IL,נקניקיות קרנץ אמריקא,גרמים,500.00,100 גרם,false,1,32.10,6.42,true,1,
7290000364810,false,נקניקיות עגל 500 גרםטירת צבי,הנסיך- מפעל לייצור ט,IL,נקניקיות עגל 500 גרם,גרמים,500.00,100 גרם,false,1,31.10,6.22,true,1,
7290000364858,false,"נקניקיות עוף טרי 1 ק""ג טירת צבי",הנסיך- מפעל לייצור ט,IL,טירת צבי נקניקיות עו,קילוגרמים,0.00,"ק""ג",false,1,25.90,25.90,true,1,
7290000364872,false,נקניקיות עוף 400 גרםטירת צבי,טיב טירת צבי 2000,IL,נקניקיות עוף 400 גרם,גרמים,400.00,100 גרם,false,1,14.90,3.73,true,1,
7290000364957,false,נקניקיות מיני מיני עוף 700 גרםטירת צבי,הנסיך- מפעל לייצור ט,IL,נקניקיות מיני מיני ע,גרמים,700.00,100 גרם,false,1,28.90,4.13,true,1,
7290000365398,false,חזה הודו בדבשטירת צבי,טירת צבי,,חזה הודו בדבש,Unknown,0.00,"ק""ג",true,0,93.00,93.00,true,1,
7290000367590,false,צמד כפרי סלמי+פסטרמה 800 גרם טירת צבי,טיב טירת צבי 2000,IL,צמד כפרי טירת צבי,גרמים,800.00,100 גרם,false,1,29.90,3.74,true,1,
7290000369365,false,בולגרית למריחה עם חציל 200 גר,"ניצן מותגי מזון בע""מ",,בולגרית למריחה עם חצ,גרמים,200.00,100 גרם,false,1,15.90,7.95,true,1,
7290000369617,false,כדורי מעדן גבינה בשמן 225 ג' ניצן,"ניצן מותגי מזון בע""מ",,כדורי פטה מתובלים 15,גרמים,150.00,100 גרם,false,1,20.90,13.93,true,1,
7290000369709,false,ניצן חמאה ט.שונים 10,"ניצן מותגי מזון בע""מ",,חמאה מתובלת 100 גר,גרמים,100.00,100 גרם,false,1,15.90,15.90,true,1,
7290000377209,false,בוטנים מטוגנים קליית,"ג'י אנד ג'י בע""מ",IL,בוטן מטוגן 200 גרם,גרמים,200.00,100 גרם,false,1,8.90,4.45,true,1,
7290000377452,false,גרעיני אבטיח קלית גת 200 ג',הדקלאים אגודת שיתופי,IL,גרעיני אבטיח שקית 20,גרמים,200.00,100 גרם,false,1,14.90,7.45,true,1,
7290000377612,false,"מיץ סחוט תפוזים פריגת 400 מ""ל",גת גבעת חיים,IL,פריגת סחוט תפוז 400,מיליליטרים,400.00,"100 מ""ל",false,1,10.90,2.73,true,1,
7290000390536,false,לבבות חסה,,,לבבות חסה,Unknown,0.00,Unknown,false,1,11.90,11.90,true,1,
7290000408316,false,יוגורט דנונה דל לקטוז 200 גרם,מיוצר עי קונדיטוריית,IL,דנונה דל לקטוז,גרמים,200.00,100 גרם,false,1,3.70,1.85,true,1,
7290000408354,false,יוגורט עם אורז מצופה שוקולד קקאו 175 ג' דנונה,"שטראוס בריאות בע""מ",IL,דנונה בר פצפוצים 173,גרמים,173.00,100 גרם,false,1,4.80,2.77,true,1,
7290000416045,false,ממרח שוקולד השחר דלי,השחר העולה,IL,"ממרח השחר 1 ק""ג",גרמים,1000.00,100 גרם,false,1,28.20,2.82,true,1,
7290000419107,false,לנדוור כחול המקורי טחון טורקי 24*100ג,קפה לנדוור בע''מ,IL,קפה לנדור כחול 100 ג,גרמים,100.00,100 גרם,false,1,8.90,8.90,true,1,
7290000419220,false,מארז קפה לנדוור לבוקר 3 יח 100 גרם,,,מארז קפה לנדוור לבוק,גרמים,300.00,100 גרם,false,1,25.10,8.37,true,1,
7290000419374,false,מארז קפה טחון המקורי 3 יח 100 גרם,,,מארז קפה טחון המקורי,גרמים,300.00,100 גרם,false,1,25.50,8.50,true,1,
7290000419893,false,קפה לנדוור לבוקר טחון טורקי 100 ג,מולינו ניקולי s.p.a,IL,קפה לנדוור לבוקר טחו,גרמים,100.00,100 גרם,false,1,8.90,8.90,true,1,
7290000430102,false,"שקיות קרח 2 ק""ג ""מר אייס""",אייס קיוב,,"קוביות קרח 2 ק""ג",קילוגרמים,0.00,"ק""ג",false,1,10.90,10.90,true,1,
7290000432663,false,נרות שבת מס 10 180 ג,,,נרות חימום 10 קוד,Unknown,0.00,Unknown,false,1,6.20,6.20,true,1,
7290000453385,false,שמרים יבשים פארא אינסטנט 500 גרם עלית,,,שמרים יבשים פארא אינ,גרמים,500.00,100 גרם,false,1,15.50,3.10,true,1,
7290000453408,false,בצק פיצה דק מצונן ומוכן לאפיה 415 גר,"פאקא תעשיות בע""מ",GR,בצק פיצה דק מצונן,גרמים,415.00,100 גרם,false,1,16.90,4.07,true,1,
7290000453798,false,שמרית שמרים יבשים אקטיביים 500 גר',"גי' בי' רכיבים בע""מ",,שמרים יבשים אקטיבים,גרמים,500.00,100 גרם,false,1,17.90,3.58,true,1,
7290000461625,false,בייגלה שמיניות מלח בייגל בייגל 400 ג',בייגל את בייגל מזון,IL,בייגלה שמיניות מלוח,גרמים,400.00,100 גרם,false,1,13.90,3.48,true,1,
7290000461700,false,בייגל גדול גדול 400 גרם,בייגל את בייגל מזון,IL,בייגל גדול גדול 400,גרמים,400.00,100 גרם,false,1,16.90,4.23,true,1,
7290000461793,false,בייגלה ארוך ארוך סידרה ירוקה 150 ג',בייגל את בייגל מזון,IL,מקלות ארוך 150 גרם,גרמים,150.00,100 גרם,false,1,9.10,6.07,true,1,
7290000469638,false,ספריי מריטו לגיהוץ קל 500 מל,בולטון מניטובה,IL,ספריי מריטו לגיהוץ ק,מיליליטרים,500.00,"100 מ""ל",false,1,25.90,5.18,true,1,
7290000474090,false,חלב הומוגני 1% קרטון טרה 1ל',מילקו תעשיות בעמ,IL,חלב 1% בקרטון 1 ליטר,מיליליטרים,1000.00,"100 מ""ל",false,1,5.86,0.59,true,1,
7290000474502,false,גבינה לבנה 5% 250ג' טרה מהדרין,טרה,IL,גבינה לבנה 5%,גרמים,250.00,100 גרם,false,1,4.98,1.99,true,1,
7290000474540,false,גבינה טוב טעם 3% טרה 250ג' מהדרין,טרה,IL,טוב טעם 250 גרם,גרמים,250.00,100 גרם,false,1,12.90,5.16,true,1,
7290000480107,false,קוואקר שיבולת שועל פחית 500 גר,וולקרס סנקס לימיטד,,קוואקר שיבולת שועל פ,גרמים,500.00,100 גרם,false,1,14.90,2.98,true,1,
7290000483139,false,מרציפן גולמי המרשלג 100 גרם,"המרשלג פרלינס בע""מ",IL,מרציפן גולמי המרשלג,גרמים,100.00,100 גרם,false,1,10.90,10.90,true,1,
7290000483887,false,מרציפן המרשלג ללא תוספת סוכר 75 גרם,,,מרציפן המרשלג ללא תו,גרמים,75.00,100 גרם,false,1,18.00,24.00,true,1,
7290000484549,false,"כהל 96% לשתיה 750 מ""ל",,IL,"כהל 96% לשתיה 750 מ""",מיליליטרים,750.00,"100 מ""ל",false,1,146.90,19.59,true,1,
7290000484747,false,עלית הארק 40% בקבוק,יקבי הגליל יוסף,,"ערק עלית 40% 700 מ""ל",מיליליטרים,700.00,"100 מ""ל",false,1,59.90,8.56,true,1,
7290000497044,false,לחם ברמן אקטיב 750 גר,יוליניבר,IL,לחם ברמן אקטיב 750 ג,גרמים,750.00,100 גרם,false,1,16.50,2.20,true,1,
7290000497112,false,לחם ברמן אחיד פרוס 750ג',יוליניבר,IL,אחיד פרוס ברמן,גרמים,750.00,100 גרם,false,1,7.11,0.95,true,1,
7290000497358,false,חלה מתוקה ארוזה חלומית 500 גר',מאפיות ברמן,IL,חלומית ארוזה ברמן 50,גרמים,500.00,100 גרם,false,1,15.90,3.18,true,1,
7290000498034,false,E-FREEלחם מקמח כוסמין מלא 750 גר',מאפיות ברמן,IL,לחם מקמח כוסמין מלא,גרמים,750.00,100 גרם,false,1,17.50,2.33,true,1,
7290000504025,false,סוכרזית פטריה 300 טבליות,אף.סי תבליני בגליל ב,IL,סוכרזית פטריה 300 טב,גרמים,300.00,100 גרם,false,1,11.50,3.83,true,1,
7290000504209,false,"סוכרזית דיאט טיפ נוזלי 220 מ""ל",אף.סי תבליני בגליל ב,IL,דיאט טיפ-ממתיק נוזלי,מיליליטרים,220.00,"100 מ""ל",false,1,26.50,12.05,true,1,
7290000518169,false,ממתיק מתוק וקל בקבוק,פתח תקווה,IL,מתוק וקל 1000 טבליות,Unknown,0.00,Unknown,false,1,11.40,11.40,true,1,
7290000518237,false,סוכרה דיאט אבקת 100 גרם,מתוק וקל בעמ,IL,סוכרה דיאט אבקת 100,גרמים,100.00,100 גרם,false,1,30.10,30.10,true,1,
7290000523125,false,מלח הארץ הים האדום 250 ג' עדין,חברת מלח הארץ אילת ב,IL,מלח הארץ ים יבש 250,גרמים,250.00,100 גרם,false,1,6.70,2.68,true,1,
7290000523224,false,מלח הארץ הים האדום 500 ג' עדין,חברת מלח הארץ אילת ב,IL,מלח הארץ ים יבש 500,גרמים,500.00,100 גרם,false,1,8.90,1.78,true,1,
7290000523514,false,מלח ים יבש מופחת נתרן 250 גר,חברת מלח הארץ אילת ב,IL,מלח ים יבש מופחת נתר,גרמים,250.00,100 גרם,false,1,12.90,5.16,true,1,
7290000523521,false,מלח ים מועשר ביוד 250 ג' מלח הארץ,חברת מלח הארץ אילת ב,IL,מלח הארץ מועשר ביוד,גרמים,250.00,100 גרם,false,1,7.50,3.00,true,1,
7290000525969,false,פרימור סחוט תפוזים טבעי 1ל',גניר,IL,מיץ תפוזים סחוט 1 ל,מיליליטרים,1000.00,"100 מ""ל",false,1,17.20,1.72,true,1,
7290000540269,false,"שיפודים 4 מ""מ 25 ס""מ 75 יח",,CN,"שיפודים 4 מ""מ 25 ס""מ",יחידה,1.00,יחידה,false,1,5.50,5.50,true,1,
7290000542546,false,בגט צרפתי קלאסי,,,בגט אוטנטיק,Unknown,0.00,Unknown,false,1,8.90,8.90,true,1,
7290000554402,false,מלבי מעדן חלב גד 170,"מיוצר ע""י קוד יצרן E",IL,מעדן מלבי 160 גר,גרמים,160.00,100 גרם,false,1,6.20,3.88,true,1,
7290000554457,false,גבינה צפתית מיני 5% גד 350ג',"מחלבות גד בע""מ",IL,צפתית מיני 5% 350 גר,גרמים,350.00,100 גרם,false,1,23.90,6.83,true,1,
7290000554471,false,גבינת מוצרלה 22% נקניק 180ג' גד,"מחלבות גד בע""מ",IL,מוצרלה 180 גרם,גרמים,180.00,100 גרם,false,1,18.90,10.50,true,1,
7290000554532,false,גבינה צפתית מעודנת במלח ים 5% 200 ג' גד,הנסיך- מפעל לייצור ט,IL,צפתית מעודנת 5% במלח,גרמים,200.00,100 גרם,false,1,15.90,7.95,true,1,
7290000554600,false,גבינת מוצרלה מגורדת 22% 300ג' גד,מחלבות גד בעמ,IL,מוצרלה מגורדת 300 גר,גרמים,300.00,100 גרם,false,1,25.50,8.50,true,1,
7290000554624,false,ירח מתוק מעדן גד 150ג',"מיוצר ע""י קוד יצרן E",IL,מעדן ירח מתוק 150 גר,גרמים,150.00,100 גרם,false,1,6.10,4.07,true,1,
7290000554686,false,לאבנה בשמן זית וזעתר 5% שומן 250 ג' גד,מחלבות גד בעמ,IL,לבנה בשמן זית וזעתר,גרמים,250.00,100 גרם,false,1,16.90,6.76,true,1,
7290000554822,false,גבינת ריקוטה טבעי 5% שומן 250 ג' גד,מחלבות גד בעמ,IL,ריקוטה 250 גרם,גרמים,250.00,100 גרם,false,1,15.90,6.36,true,1,
7290000554839,false,שמנת מתוקה קשה בסגנון איטלקי 40% שומן 250 ג' גד,מחלבות גד בעמ,IL,גבינת מסקרפונה 250 ג,גרמים,250.00,100 גרם,false,1,21.90,8.76,true,1,
7290000555501,false,פיקדון 30 אגורות,,,פיקדון 30 אגורות,Unknown,0.00,Unknown,false,1,0.30,0.30,true,1,
7290000571232,false,גבינת גאודה טבעית פרוס 30% המחלווה 150ג',גבינות משק אחים מאיר,IL,גבינת גאודה טבעי פרו,גרמים,200.00,100 גרם,false,1,23.90,11.95,true,1,
7290000571300,false,גבינה גאודה פרוס מעושנת המחלבה 150ג',גבינות משק אחים מאיר,IL,גבינת גאודה מעושנת,גרמים,200.00,100 גרם,false,1,23.90,11.95,true,1,
7290000571386,false,יוגורמה יוגורט כבשים 850 גר,גבינות משק אחים מאיר,IL,יוגורמה יוגורט כבשים,גרמים,850.00,100 גרם,false,1,27.90,3.28,true,1,
7290000571393,false,יוגורמה יוגורט כבשים 140 גר,גבינות משק אחים מאיר,IL,יוגורמה יוגורט כבשים,גרמים,140.00,100 גרם,false,1,6.50,4.64,true,1,
7290000571812,false,פרמזן מגורד המחלבה 200 גר,גבינות משק אחים מאיר,IL,פרמזן מגורד המחלבה 2,גרמים,200.00,100 גרם,false,1,24.50,12.25,true,1,
7290000571881,false,"משקה יוגורט מחלב עיזים 3.6% 500 מ""ל",גבינות משק אחים מאיר,IL,משקה יוגורט מחלב עיז,מיליליטרים,500.00,"100 מ""ל",false,1,12.90,2.58,true,1,
7290000572208,false,חלבה חטיף וניל אחווה 100ג',שוורצקוף& הנקל דיסלד,IL,חלבה 100 גרם אחוה,גרמים,100.00,100 גרם,false,1,3.20,3.20,true,1,
7290000652177,false,נתחי פילה נסיכת הנילוס קפוא,,,נתחי פילה נסיכת הניל,Unknown,0.00,"ק""ג",true,0,74.90,74.90,true,1,
7290000652542,false,פילה אמנון קפוא 5-7,,CN,פילה אמנון קפוא,Unknown,0.00,"ק""ג",true,0,36.90,36.90,true,1,
7290000662817,false,תנובה סלמון מעושן 100 גרם,,צ'ילה (TDE),סלמון מעושן 100 גרם,גרמים,100.00,100 גרם,false,0,25.90,25.90,true,1,
7290000684345,false,שלישיית פילטר בריטה,שלישיית פילטר בריטה,,שלישיית פילטר בריטה,Unknown,0.00,Unknown,false,1,129.00,129.00,true,1,
7290000688077,false,"מי עדן 0.500 מ""ל פקק רגיל",מופק ממקור בזלתי עדן,IL,"מי עדן 500 מ""ל",מיליליטרים,500.00,"100 מ""ל",false,1,1.90,0.38,true,1,
7290000692227,false,נוזל כלים פלמוליב צילינדר קלאסי 1 ליטר,יבואן ומשווק: ש. שסט,GR,פלמוליב צילינדר 1 לי,מיליליטרים,1000.00,"100 מ""ל",false,1,16.90,1.69,true,1,
7290000742540,false,לחם מיוחד בריאות של שמרים,,,לחם מיוחד בריאות,Unknown,0.00,Unknown,false,1,21.90,21.90,true,1,
7290000789538,false,קרנץ שמרים,,,קרנץ שמרים,Unknown,0.00,Unknown,false,1,43.90,43.90,true,1,
7290000841557,false,סטרילי טבע 500 מל,,,סטרילי טבע 500 מל,מיליליטרים,500.00,"100 מ""ל",false,1,16.90,3.38,true,1,
7290000982113,false,עגבניית טעם,חקלאי,IL,עגבניית טעם,Unknown,0.00,"ק""ג",true,0,19.90,19.90,true,1,
7290000993461,false,שרי צהוב לבבות ארוז,חקלאי,IL,שרי צהוב,Unknown,0.00,Unknown,false,1,12.90,12.90,true,1,
7290000995410,false,נבטים סינים 280ג',חקלאי,IL,נבטים סינים,Unknown,0.00,Unknown,false,1,11.90,11.90,true,1,
7290001045169,false,פרימור סחוט תפוחי עץ צלול 1 ל',גניר,IL,מיץ תפוחים צלול 1 ל,מיליליטרים,1000.00,"100 מ""ל",false,1,17.20,1.72,true,1,
7290001045633,false,"פרימור משקה לימונים ונענע 400מ""ל",גניר,IL,לימונענע 400 מ פרימו,מיליליטרים,400.00,"100 מ""ל",false,1,11.90,2.98,true,1,
7290001045657,false,"פרימור סחוט תפוחים צלול 400 מ""ל",גניר,IL,"תפוחים צלול 400 מ""ל",מיליליטרים,400.00,"100 מ""ל",false,1,11.90,2.98,true,1,
7290001045688,false,"תפוזים סחוט 400 מ""ל פרימור",גניר,IL,"תפוזים סחוט 400 מ""ל",מיליליטרים,400.00,"100 מ""ל",false,1,11.90,2.98,true,1,
7290001111500,false,לחם מחמצת בטעמים 700 גרם,,,לחם מחמצת בטעמים 700,גרמים,700.00,100 גרם,false,1,18.50,2.64,true,1,
7290001201589,false,ביצים אריזון 12 גדול,,,ביצים אריזון 12 גדול,Unknown,0.00,Unknown,false,1,12.05,12.05,true,1,
7290001201596,false,ביצים אריזון 12 בינוני,,,ביצים אריזון 12 בינו,Unknown,0.00,Unknown,false,1,11.15,11.15,true,1,
7290001201824,false,תבנית ביצים 12 יח' לארג' אורגני,,,ביצים אורגניות 12 יח,Unknown,0.00,Unknown,false,1,23.90,23.90,true,1,
7290001201862,false,ביצי חופש לארג' 12 יחידות,,,ביצי חופש 12 יח L,Unknown,0.00,Unknown,false,1,21.90,21.90,true,1,
7290001201893,false,ביצים אומגה M 12 יח,,,ביצים אומגה M 12 יח,יחידה,1.00,יחידה,false,1,21.90,21.90,true,1,
7290001216040,false,טחינה 500 גרם טחינת אל-ארז,דולפין ספא,IL,טחינה 500 גרם טחינת,גרמים,500.00,100 גרם,false,1,18.90,3.78,true,1,
7290001216057,false,"טחינה גולמית אל ארז 1 ק""ג",דולפין ספא,IL,"טחינה 1 ק""ג טחינת אל",גרמים,500.00,100 גרם,false,1,34.90,6.98,true,1,
7290001216231,false,טחינה גולמית שומשום מלא אל ארז 500ג',דולפין ספא,IL,טחינה מלאה 500 גרם ט,גרמים,500.00,100 גרם,false,1,19.90,3.98,true,1,
7290001230331,false,סיגריות כאמל בוקס חפ,JTI,,כאמל בוקס חפיסה,Unknown,0.00,Unknown,false,1,30.90,30.90,true,1,
7290001230739,false,כאמל קופסא בודדת כחו,JTI,,כאמל כחול חפיסה,Unknown,0.00,Unknown,false,1,30.90,30.90,true,1,
7290001231233,false,סיגריות וינסטון בוקס,JTI,,ווינסטון בוקס חפיסה,Unknown,0.00,Unknown,false,1,33.00,33.00,true,1,
7290001231932,false,ווינסטון כחול בוקס חפיסה,JTI,,ווינסטון כחול בוקס ח,Unknown,0.00,Unknown,false,1,33.00,33.00,true,1,
7290001245712,false,אקונומיקה 4 ליטר טאצ,,,אקונומיקה 4 ליטר טאצ,Unknown,0.00,Unknown,false,1,10.90,10.90,true,1,
7290001245729,false,ג'ל כביסה ירוקה טאצ 3 ליטר סלקט,,,גל כביסה ירוק 3 ליטר,Unknown,0.00,Unknown,false,1,21.90,21.90,true,1,
7290001245736,false,ג'ל כביסה כחול טאצ' 3 ליטר סלקט,,,גל כביסה כחול 3 ליטר,Unknown,0.00,Unknown,false,1,21.90,21.90,true,1,
7290001246054,false,פותח סתימות 1 ליטר טאצ,סאסאטק,IL,פותח סתימות 1 ליטר ט,Unknown,0.00,Unknown,false,1,15.90,15.90,true,1,
7290001246122,false,"תרסיס ניקוי כללי+אקונומיקה 750 מ""ל טאצ",סאסאטק,IL,תרסיס ניקוי כללי+אקו,Unknown,0.00,Unknown,false,1,11.90,11.90,true,1,
7290001246757,false,נוזל רצפות מלון בוטיק טאצ' 2 ליטר,,,נוזל רצפות מלון בוטי,Unknown,0.00,Unknown,false,1,19.90,19.90,true,1,
7290001247099,false,קרטונית נקטר ספרינג מנגו 1 ליטר,"יפאורה תבורי בע""מ",IL,קרטונית נקטר ספרינג,מיליליטרים,1000.00,"100 מ""ל",false,1,7.60,0.76,true,1,
7290001247105,false,קרטונית נקטר ספרינג אפרסק 1 ליטר,"יפאורה תבורי בע""מ",IL,קרטונית נקטר ספרינג,מיליליטרים,1000.00,"100 מ""ל",false,1,7.60,0.76,true,1,
7290001247129,false,נקטר ספרינג תפוזים קרטונית 1 ל',"יפאורה תבורי בע""מ",IL,קרטונית נקטר ספרינג,מיליליטרים,1000.00,"100 מ""ל",false,1,7.60,0.76,true,1,
7290001247143,false,נקטר ספרינג תפוחים קרטונית 1 ל',"יפאורה תבורי בע""מ",IL,קרטונית נקטר ספרינג,מיליליטרים,1000.00,"100 מ""ל",false,1,7.60,0.76,true,1,
7290001274934,false,מאגדת גלידל פרי למון ליים 8 יח,פלדמן,IL,מאגדת גלידל פרי למון,מיליליטרים,640.00,"100 מ""ל",false,1,27.90,4.36,true,1,
7290001274941,false,מאגדת גלידל פרי פטל 8 יח דיאט,פלדמן,IL,מאגדת גלידל פרי פטל,גרמים,640.00,100 גרם,false,1,27.90,4.36,true,1,
7290001356166,false,סלמון מעושן 100 גרם,ישראגל,,סלמון מעושן 100 גרם,גרמים,100.00,100 גרם,false,1,25.00,25.00,true,1,
7290001356173,false,סלמון פרוס 200 גרם,ישראגל,,סלמון פרוס 200 גרם,גרמים,200.00,100 גרם,false,1,47.00,23.50,true,1,
7290001361009,false,עוגת טורט קייבסקי,האי נאם סי או אל.טי.,IL,טורט קייבסקי,גרמים,700.00,100 גרם,false,1,84.90,12.13,true,1,
7290001361023,false,עוגה מולטית 400 גר,,,עוגה מולטית 400 גר,גרמים,400.00,100 גרם,false,1,49.90,12.48,true,1,
7290001361047,false,אקלרים ריבת חלב (400 ג' ),,,אקלרים ריבת חלב 400,גרמים,400.00,100 גרם,false,1,47.90,11.98,true,1,
7290001361054,false,אקלרים פטיסייר (600 ג'),אף.סי תבליני בגליל ב,IL,אקלרים וניל 600 גרם,גרמים,600.00,100 גרם,false,1,45.90,7.65,true,1,
7290001361078,false,לילות קייב 900 ג',,,לילות קייב,גרמים,900.00,100 גרם,false,1,114.90,12.77,true,1,
7290001361085,false,עוגת נפוליאון 600 גר,אף.סי תבליני בגליל ב,IL,עוגת נפוליאון,גרמים,600.00,100 גרם,false,1,47.90,7.98,true,1,
7290001361160,false,עוגה מיסטיקה אננס 750 גר,,,עוגה מיסטיקה אננס 75,גרמים,750.00,100 גרם,false,1,91.90,12.25,true,1,
7290001361177,false,פס דובדבנים 650 ג',יושלם,,עוגת דובדבנים,גרמים,650.00,100 גרם,false,1,52.90,8.14,true,1,
7290001361269,false,פס קייבסקי ללא קמח 3,נטלי פלוס בעמ,IL,טורט פס קייב 350 גרם,גרמים,350.00,100 גרם,false,1,52.90,15.11,true,1,
7290001361344,false,עוגת מוזה פס 400 גר,"נטלי פלוס בע""מ",IL,עוגת מוזה פס 400 גר,גרמים,400.00,100 גרם,false,1,52.90,13.23,true,1,
7290001361436,false,פס שמנת סמנטיק 550 גרם,נטלי פלוס בעמ,IL,פס שמנת סמנטיק 550 ג,גרמים,550.00,100 גרם,false,1,49.90,9.07,true,1,
7290001361450,false,עוגת מותק - ריבת חלב 650 ג',,,עוגת ריבת חלב,גרמים,600.00,100 גרם,false,1,74.90,12.48,true,1,
7290001361894,false,פס טראפלס שוקולד 450 ג',,,פס טראפלס 500 גר,גרמים,500.00,100 גרם,false,1,41.90,8.38,true,1,
7290001407547,false,טחינה גולמית משומשום מלא פי 6 בארכה 500ג',רושדי תעשיות מזון בע,IL,טחינה משומשום מלא פי,גרמים,500.00,100 גרם,false,1,17.90,3.58,true,1,
7290001468753,false,קמח תפוחי אדמה 500 ג' נאמן,תבליני ביטון,IL,קמח תפוא 500 גרם,גרמים,500.00,100 גרם,false,1,7.90,1.58,true,1,
7290001482186,false,אננס חתוך בסירופ קל וילי פוד 565 גר,הנסיך- מפעל לייצור ט,TH,אננס חתוך בסירופ קל,גרמים,565.00,100 גרם,false,1,7.90,1.40,true,1,
7290001485019,false,גבינת שמנת 5% טעם טבעי 200 ג' טרה,טרה,IL,גבינה שמנת טבעי 5% 2,גרמים,200.00,100 גרם,false,1,13.90,6.95,true,1,
7290001491010,false,תה ירוק יסמין 25 שקיקים 1.5 גרם,HIQ FOOD PRODUCTS,IL,תה ירוק יסמין 25 שקי,Unknown,0.00,Unknown,false,1,26.90,26.90,true,1,
7290001491812,false,תה ויסוצקי ירוק פירות יער ופסיפלורה 25יח',,,תה ירוק פירות יער ופ,Unknown,0.00,Unknown,false,1,26.90,26.90,true,1,
7290001581049,false,שיפודי פרגיות קפוא מזרע,,,שיפודי פרגיות קפואים,Unknown,0.00,"ק""ג",true,0,65.90,65.90,true,1,
7290001581094,false,כנפיים עוף ללא נוצות טרי,,,כנפיים עוף ללא נוצות,Unknown,0.00,"ק""ג",true,0,18.90,18.90,true,1,
7290001581797,false,בשר עגל טחון קפוא,,IL,בשר עגל טחון קפוא,גרמים,600.00,100 גרם,false,1,34.90,5.82,true,1,
7290001588352,false,אבוקדו אורגני ארוז ש,,,אבוקדו אורגני,Unknown,0.00,"ק""ג",true,0,38.90,38.90,true,1,
7290001588383,false,בטטה אורגני ארוז שקי,,,בטטה אורגנית שדות,Unknown,0.00,"ק""ג",true,0,15.90,15.90,true,1,
7290001588406,false,בצל יבש צהוב אורגני,,,בצל יבש אורי אורגני,קילוגרמים,0.00,"ק""ג",true,0,18.90,18.90,true,1,
7290001588437,false,מלפפון אורגני ארוז ש,,,מלפפון אורגני שדות,Unknown,0.00,"ק""ג",true,0,14.90,14.90,true,1,
7290001588444,false,עגבניה אורגני ארוז ש,,,עגבניה אורגנית שדות,Unknown,0.00,"ק""ג",true,0,14.90,14.90,true,1,
7290001588475,false,פלפל אדום אורגני ארו,,,פלפל אדום אורגני שדו,Unknown,0.00,"ק""ג",true,0,16.90,16.90,true,1,
7290001588550,false,תפוח אדמה אורגני,,,תפוח אדמה אורגני,Unknown,0.00,"ק""ג",true,0,8.90,8.90,true,1,
7290001588567,false,תפוח עץ אורגני ארוז,,,תפוח עץ אורגני אדום,Unknown,0.00,"ק""ג",true,0,29.90,29.90,true,1,
7290001588604,false,לימון אורגני ארוז שק,שדות בר,IL,לימון אורגני שדות,Unknown,0.00,"ק""ג",true,0,19.90,19.90,true,1,
7290001588703,false,גזר ארוז מגשית אורגני,,,גזר ארוז מגשית אורגנ,Unknown,0.00,"ק""ג",true,0,14.90,14.90,true,1,
7290001594155,false,קוקה קולה בקבוק 500,החברה המרכזית לייצור,IL,"קוקה קולה 500 מ""ל",מיליליטרים,500.00,"100 מ""ל",false,1,8.50,1.70,true,1,
7290001594544,false,"בירה שחורה מאלטי בקבוק 330מ""ל",,,טובורג מאלט בקבוק 33,מיליליטרים,330.00,"100 מ""ל",false,1,6.50,1.97,true,1,
7290001594858,false,"טובורג רד שישייה בקבוק 330 מ""ל",קרלסברג ישראל,,טובורג רד שישייה בקב,מיליליטרים,1980.00,"100 מ""ל",false,1,39.90,2.02,true,1,
7290001780800,false,שלגון קראנץ ליבת נוגט שוקולד,נגה גלידות,,קראנץ ליבת נוגט,Unknown,0.00,Unknown,false,1,10.90,10.90,true,1,
7290001817377,false,צ'יטוס חטיף איקס עיגול פיצה 60 גרם,"שטראוס פריטו ליי בע""",IL,ציטוס איקס עיגול 60,Unknown,0.00,Unknown,false,1,4.50,4.50,true,1,
7290001817728,false,צ'יטוס חטיף כאפה קטשופ 55 גרם,"שטראוס פריטו ליי בע""",IL,ציטוס כאפה עידן הקרח,גרמים,55.00,100 גרם,false,1,4.50,8.18,true,1,
7290001865453,false,פמלי לקשרי 1ליטר לבנדר ארומטי+משאבה,מיוצר עי קונדיטוריית,TR,פמילי סבון נוזלי 1 ל,מיליליטרים,1000.00,"100 מ""ל",false,1,15.90,1.59,true,1,
7290001881095,false,עגבניות שרי 1 קג,,,עגבניות שרי 1 קג,קילוגרמים,0.00,"ק""ג",false,1,30.90,30.90,true,1,
7290001881873,false,"מאמא מרי כרוב עם חמוציות 1 ק""ג",,,כרוב עם חמוציות 1 קג,קילוגרמים,0.00,"ק""ג",false,1,23.00,23.00,true,1,
7290001990148,false,"סוכר גולדן קלאסי צנצנת 1ק""ג סוגת",האי נאם סי או אל.טי.,IL,סוכר גולדן קלאסי צנצ,גרמים,1000.00,100 גרם,false,1,13.90,1.39,true,1,
7290001990278,false,"שעועית לבנה סוגת 1 ק""ג",סוגת,,"שעועית לבנה 1 ק""ג",גרמים,1000.00,100 גרם,false,1,23.00,2.30,true,1,
7290001990377,false,שעועית בובס 500 ג' סוגת,,,שעועית בובס 500 גרם,גרמים,500.00,100 גרם,false,1,13.50,2.70,true,1,
7290001990421,false,"פופקורן גרעינים סוגת 1 ק""ג",,,"פופקורן 1 ק""ג",גרמים,1000.00,100 גרם,false,1,11.40,1.14,true,1,
7290002014201,false,סלט מיקי חומוס 200 גרם,,,חומוס 200 גרם,גרמים,200.00,100 גרם,false,1,7.90,3.95,true,1,
7290002014218,false,סלט מיקי טחינה 200 גרם,,,טחינה 200 גרם,גרמים,200.00,100 גרם,false,1,7.90,3.95,true,1,
7290002014225,false,סלט מיקי חציל במיונז 200 גרם,,,חציל במיונז 200 גרם,גרמים,200.00,100 גרם,false,1,7.90,3.95,true,1,
7290002014232,false,סלט מיקי טורקי 200 גרם,,,סלט טורקי 200 גרם,גרמים,200.00,100 גרם,false,1,7.90,3.95,true,1,
7290002014799,false,סלט מיקי מטבוחה 200 גרם,,,מטבוחה 200 גרם,גרמים,200.00,100 גרם,false,1,7.90,3.95,true,1,
7290002037569,false,שישיית לחמניות באניס,,,שישיית לחמניות באניס,גרמים,450.00,100 גרם,false,1,14.90,3.31,true,1,
7290002037637,false,חליות מתוקות מארז 4יח',סטאר סנקס,IL,מארז 4 חליות מתוקות,גרמים,360.00,100 גרם,false,1,14.50,4.03,true,1,
7290002043065,false,פריכיות אורז חום מלא בציפוי שוקולד מריר בלגי 70 ג',נוהלס,BG,פריכוני אורז חום מלא,גרמים,70.00,100 גרם,false,0,9.50,13.57,true,1,
7290002043218,false,ציפס אורז חום מלא מלח אקסטרא 60 ג',נוהלס,BG,ציפס אורז חום מלא מל,Unknown,0.00,Unknown,false,0,7.50,7.50,true,1,
7290002043829,false,פריכיות מלח הימלאיה אריזת חיסכון 200 גרם,,BG,פריכיות מלח הימלאיה,גרמים,200.00,100 גרם,false,0,16.90,8.45,true,1,
7290002057185,false,טבעות זיתים ירוקים 560 ג' יבנה,קדבורי,IL,טבעות זיתים ירוקים,גרמים,540.00,100 גרם,false,1,10.90,2.02,true,1,
7290002057352,false,מלפפון במלח 7-9 560 ג' יבנה,אף.סי תבליני בגליל ב,IL,מלפפון מלח יבנה 7-9,גרמים,540.00,100 גרם,false,1,7.90,1.46,true,1,
7290002057468,false,מלפפון חומץ ‏12‏-‏10‏ 560 ג' יבנה,קדבורי,IL,מלפפון בחומץ יבנה 10,גרמים,540.00,100 גרם,false,1,8.90,1.65,true,1,
7290002057475,false,מלפפונים בחומץ 13-17 קטן A2 יבנה 540ג',קדבורי,IL,מלפפון בחומץ יבנה 13,גרמים,540.00,100 גרם,false,1,10.50,1.94,true,1,
7290002057628,false,טבעות זיתים מושחר יבנה 540 גרם,קדבורי,IL,טבעות זיתים מושחר יב,גרמים,540.00,100 גרם,false,1,10.90,2.02,true,1,
7290002073628,false,גאודה אגוזים הולנדי במשקל,,,גאודה אגוזים הולנדי,Unknown,0.00,"ק""ג",true,0,147.00,147.00,true,1,
7290002073635,false,גאודה פסטו הולנדי במשקל,,,גאודה פסטו הולנדי במ,Unknown,0.00,"ק""ג",true,0,139.00,139.00,true,1,
7290002073680,false,גבינה קברה ביין ספרדי עיזים במשקל,,,גבינה קברה ביין ספרד,Unknown,0.00,"ק""ג",true,0,231.00,231.00,true,1,
7290002073864,false,תום כבשים דותן במשקל,,,תום כבשים דותן במשקל,Unknown,0.00,"ק""ג",true,0,196.00,196.00,true,1,
7290002075271,false,ריקולה בשקית צמחים 70 גרם,,,סוכריות צמחים ריקולה,גרמים,70.00,100 גרם,false,1,11.90,17.00,true,1,
7290002107385,false,גבינת מה עיזים בגליל צוריאל 180 ג',משק צוריאל,IL,עז מה גבינת עיזים,גרמים,180.00,100 גרם,false,1,25.90,14.39,true,1,
7290002107491,false,גבינת עזים למריחה טבעי 5% צוריאל 250 ג',משק צוריאל,IL,גבינת עיזים למריחה 5,גרמים,250.00,100 גרם,false,1,17.50,7.00,true,1,
7290002107965,false,טבורוג גבינה לאפייה 5% צוריאל 500 ג',משק צוריאל,IL,צוריאל גבינה טבורוג,גרמים,500.00,100 גרם,false,1,26.90,5.38,true,1,
7290002130567,false,דבש טהור מפרחי בר 350 ג' יד מרדכי,מכוורת יד מרדכי שטרא,IL,דבש טהור יד מרדכי 35,גרמים,350.00,100 גרם,false,1,20.90,5.97,true,1,
7290002130574,false,דבש טהור מפרחי בר בזכוכית 500 ג' יד מרדכי,מכוורת יד מרדכי שטרא,IL,דבש טהור יד מרדכי500,גרמים,500.00,100 גרם,false,1,28.60,5.72,true,1,
7290002133032,false,קשקבל טחון שומרון 30,מחלבת שומרון,IL,פתיתי קשקבל 300 גרם,גרמים,300.00,100 גרם,false,1,32.50,10.83,true,1,
7290002133247,false,לבנה עם שמן זית וזעתר 250 גר,מחלבת שומרון,IL,לבנה עם שמן זית וזעת,גרמים,250.00,100 גרם,false,1,15.90,6.36,true,1,
7290002133520,false,"יוגורט של פעם 400 מ""ל",מחלבת שומרון,IL,"יוגורט של פעם 400 מ""",מיליליטרים,400.00,"100 מ""ל",false,1,11.90,2.98,true,1,
7290002133940,false,יוגורט של פעם כבשים 180 גר,מחלבת שומרון,IL,יוגורט של פעם כבשים,גרמים,180.00,100 גרם,false,1,7.50,4.17,true,1,
7290002190141,false,ריבת חלב בצנצנת 450 גרם,קרלו,IL,ריבת חלב בצנצנת 450,גרמים,450.00,100 גרם,false,1,14.90,3.31,true,1,
7290002196969,false,מזון מלכות 37000,,,מזון מלכות 37000,גרמים,450.00,100 גרם,false,1,94.90,21.09,true,1,
7290002204220,false,אוכמניות,,,אוכמניות,Unknown,0.00,Unknown,false,1,19.90,19.90,true,1,
7290002208488,false,מנצגו כבשים משק דותן 200 גרם,,,מנצגו כבשים משק דותן,גרמים,200.00,100 גרם,false,1,42.90,21.45,true,1,
7290002208532,false,צדר כבשים משק דותן 200 גרם,,,צדר כבשים משק דותן 2,גרמים,200.00,100 גרם,false,1,42.90,21.45,true,1,
7290002253006,false,שום כתוש בצנצנת 200 גר דורות,דורות,IL,שום כתוש בצנצנת 200,גרמים,200.00,100 גרם,false,1,17.90,8.95,true,1,
7290002253167,false,מגשית פטרוזיליה דורות 70 גר,דורות,IL,מגשית פטרוזיליה דורו,גרמים,70.00,100 גרם,false,1,13.20,18.86,true,1,
7290002320463,false,מעדן תות שדה 100% פרי ל.ת.סוכר בית יצחק 284ג',בית יצחק,,"מעדן תות שדה ללת""ס 1",גרמים,284.00,100 גרם,false,1,18.90,6.65,true,1,
7290002331094,false,"נביעות+ מים טעם ענבים 755מ""ל",נביעות טבע הגליל בעמ,IL,"נביעות בודד 755 מ""ל",מיליליטרים,755.00,"100 מ""ל",false,1,5.90,0.78,true,1,
7290002331421,false,"מים אישי נביעות מארז שישייה* 755 מ""ל",נביעות,,"שישיית נביעות 755 מ""",מיליליטרים,4530.00,"100 מ""ל",false,1,17.90,0.40,true,1,
7290002331490,false,מים מינרלים נביעות 1 ליטר,נביעות טבע הגליל בעמ,IL,מים נביעות 1 ליטר,מיליליטרים,1000.00,"100 מ""ל",false,1,2.90,0.29,true,1,
7290002353249,false,דיג'ונז רוטב תיבול,מיוצר עי קונדיטוריית,FR,ממרח דיגונז 345 גרם,גרמים,345.00,100 גרם,false,1,26.60,7.71,true,1,
7290002353836,false,סרדינים רוברט בשמן זית 115 גרם,קונסרבס פורטוגל נורט,PT,סרדינים רוברט בשמן,גרמים,120.00,100 גרם,false,1,8.90,7.42,true,1,
7290002360124,false,פומפדור חליטת צמחים ורד הבר והיביסקו חדש,טיקנה,DE,תה פומפדור ורד בר+הי,Unknown,0.00,Unknown,false,1,18.90,18.90,true,1,
7290002360155,false,חליטת תה פרחי שומר פומפדור 20 שקיקים,טיקנה,DE,תה חליטת פומפדור שומ,Unknown,0.00,Unknown,false,1,18.90,18.90,true,1,
7290002360285,false,תה פומפדור חליטת צמחים קמומיל 20 שק,טיקנה,DE,תה חליטת קמומיל 20 י,Unknown,0.00,Unknown,false,1,18.90,18.90,true,1,
7290002371526,false,סלסולי פסטרמה שום וצילי 120 גר טירת צבי,הנסיך- מפעל לייצור ט,IL,סלסולי פסטרמה שום,גרמים,120.00,100 גרם,false,1,17.90,14.92,true,1,
7290002371533,false,דקניקים סלסולי פסטרמה בדבש 120 ג' טירת צבי,הנסיך- מפעל לייצור ט,IL,סלסולי פסטרמה ודבש 1,גרמים,120.00,100 גרם,false,1,17.90,14.92,true,1,
7290002371540,false,דקניקים קורנדביף 120 ג' טירת צבי,הנסיך- מפעל לייצור ט,IL,קורנביף 120 גר,גרמים,120.00,100 גרם,false,1,17.90,14.92,true,1,
7290002371571,false,פסטרמה פרגיות לבאגט במשקלטירת צבי,טירת צבי,,פסטרמה פרגיות לבאגט,Unknown,0.00,"ק""ג",true,0,93.00,93.00,true,1,
7290002371854,false,"נקניקיות עוף מתובלות 1 ק""ג טירת צבי",הנסיך- מפעל לייצור ט,IL,נקניקיות חריפות 1 קג,קילוגרמים,0.00,"ק""ג",false,1,31.50,31.50,true,1,
7290002371939,false,סרוולד בסגנון צרפתי דליקטיב 120 גרם,הנסיך- מפעל לייצור ט,IL,סרוולט צרפתי 120 גר,גרמים,120.00,100 גרם,false,1,34.90,29.08,true,1,
7290002374268,false,שמן חמניות מילומור 1 ליטר,,,שמן חמניות 1 ליטר,מיליליטרים,1000.00,"100 מ""ל",false,1,13.50,1.35,true,1,
7290002374312,false,"שמן קנולה מילומור 1 ל' עד""ח","נארז ע""י : א.ג. גילר",IL,שמן קנולה 1 ליטר,מיליליטרים,1000.00,"100 מ""ל",false,1,12.90,1.29,true,1,
7290002400455,false,פילה מדומה סקין פריים,,IL,פילה מדומה סקין פריי,Unknown,0.00,"ק""ג",true,0,69.90,69.90,true,1,
7290002400998,false,כדורי בשר לבישול קפוא 500 גרם,,,כדורי בשר לבישול,גרמים,500.00,100 גרם,false,1,32.90,6.58,true,1,
7290002408376,false,גבינה פטה צאן יווני 200 גר,,,גבינה פטה צאן יווני,גרמים,200.00,100 גרם,false,0,25.90,12.95,true,1,
7290002421153,false,גבינת חלומי תרשיחא 180 גרם,מחלבת גדות,,גבינת חלומי תרשיחא 1,גרמים,180.00,100 גרם,false,1,24.90,13.83,true,1,
7290002421177,false,גבינת תום היידי בת ההרים 170 גרם,מחלבת גדות,,גבינת תום היידי,גרמים,170.00,100 גרם,false,1,34.20,20.12,true,1,
7290002460084,false,"סולת 1 ק""ג מן",,,סולת 1 קג,גרמים,1000.00,100 גרם,false,1,5.10,0.51,true,1,
7290002477556,false,כבד עוף טרי,,,כבד עוף טרי,Unknown,0.00,"ק""ג",true,0,22.90,22.90,true,1,
7290002485025,false,חומוס מסעדות 500 גרם,"סלטי שמיר 2006 בע""מ",,חומוס מסעדות 500גר,גרמים,500.00,100 גרם,false,1,16.70,3.34,true,1,
7290002485049,false,חומוס מסבחה 500 גרם,"סלטי שמיר 2006 בע""מ",,חומוס מסבחה 500גר,גרמים,500.00,100 גרם,false,1,16.70,3.34,true,1,
7290002485063,false,חומוס אבו גוש 500 גר,"סלטי שמיר 2006 בע""מ",,חומוס אבו גוש 500גר,גרמים,500.00,100 גרם,false,1,16.70,3.34,true,1,
7290002511410,false,משקה רזינקה 2 ליטר,,,משקה רזינקה 2 ליטר,ליטרים,0.00,ליטר,false,1,23.90,23.90,true,1,
7290002511762,false,ברי פקאן במשקל,,IL,ברי פקאן במשקל,Unknown,0.00,"ק""ג",true,0,130.00,130.00,true,1,
7290002551003,false,טונה בשמן בודד 160 ג' סטארקיסט,סטארקיסט,,טונה סטארקיסט בשמן,גרמים,160.00,100 גרם,false,1,7.80,4.88,true,1,
7290002551010,false,טונה סטארקיסט במים 160 גרם,"סטארקיסט פודור בע""מ",TR,טונה סטארקיסט במים,גרמים,160.00,100 גרם,false,1,7.80,4.88,true,1,
7290002603689,false,"מקלות בורקס פילו XL תפו""א שגב 450 גר",,,מקלות בורקס פילו XL,גרמים,450.00,100 גרם,false,1,23.90,5.31,true,1,
7290002617013,false,מונטניולו גרמני במשקל,,,מונטניולו גרמני במשק,Unknown,0.00,"ק""ג",true,0,177.00,177.00,true,1,
7290002617709,false,"שרימפס מקולף גמבו 1 ק""ג קפוא 16/20",,,שרימפס מקולף גמבו 1,קילוגרמים,0.00,"ק""ג",false,1,143.50,143.50,true,1,
7290002617723,false,"שרימפס מקולף 1 ק""ג גדול קפוא 26/30",,,שרימפס מקולף גדול,קילוגרמים,0.00,"ק""ג",false,1,111.50,111.50,true,1,
7290002661115,false,"לחם הולנדי 1.2 ק""ג",,,לחם הולנדי 1 קג,גרמים,1200.00,100 גרם,false,1,18.50,1.54,true,1,
7290002661153,false,"לחם דני קל 1 ק""ג",,,"לחם דני קל 1 ק""ג",גרמים,1000.00,100 גרם,false,1,16.90,1.69,true,1,
7290002661856,false,מיני קרוטונים מתובלים למרק ולסלט 350 גרם,,GB,מיני קרוטונים מתובלי,גרמים,350.00,100 גרם,false,1,18.50,5.29,true,1,
7290002661962,false,פריך קינואה 150 גרם,,HU,פריך קינואה 150 גרם,גרמים,150.00,100 גרם,false,1,7.50,5.00,true,1,
7290002661979,false,פריך פישתן 150 גרם,,HU,פריך פישתן 150 גרם,גרמים,150.00,100 גרם,false,1,7.50,5.00,true,1,
7290002661986,false,פריך תירס 150 גרם,,HU,פריך תירס 150 גרם,גרמים,150.00,100 גרם,false,1,7.50,5.00,true,1,
7290002692393,false,שמן קנולה מועשר1 ליטר-עץ הזית,,IL,שמן קנולה עץ הזית 1,מיליליטרים,1000.00,"100 מ""ל",false,1,16.90,1.69,true,1,
7290002692478,false,"שמן זית כתית מעולה 750מ""ל מעודן עץ הזית","מרקאולאו, ספרד.אבסה,",IT,שמן זית כתית מעולה ב,מיליליטרים,750.00,"100 מ""ל",false,1,34.90,4.65,true,1,
7290002692768,false,"תרסיס קנולה מופחת קלוריות 200 מ""ל עץ הזית",קומפניה,IT,תרסיס שמן קנולה מזוכ,מיליליטרים,200.00,"100 מ""ל",false,1,16.70,8.35,true,1,
7290002692775,false,"שמן תרסיס טעם חמאה 200 מ""ל לל""תוספת גז ""עץ הזית""",,IL,תרסיס קנולה בטעם חמא,מיליליטרים,200.00,"100 מ""ל",false,1,16.70,8.35,true,1,
7290002697114,false,10 פיתות עבודת יד,,,10 פיתות עבודת יד,גרמים,500.00,100 גרם,false,1,17.90,3.58,true,1,
7290002697176,false,פיתה תימנית 5 יחידות עבודת יד,,,פיתה תימנית 5 יחידות,גרמים,500.00,100 גרם,false,1,8.90,1.78,true,1,
7290002715504,false,מרק עוף מגיק בכוס 70 גרם,טאט הוי פוד בעמ,SG,מרק עוף מגיק בכוס 70,גרמים,70.00,100 גרם,false,1,5.50,7.86,true,1,
7290002715511,false,מרק בשר מגיק בכוס 70 גרם,טאט הוי פוד בעמ,SG,מרק בשר מגיק בכוס 70,גרמים,70.00,100 גרם,false,1,5.50,7.86,true,1,
7290002715528,false,מרק ירקות מגיק בכוס 70 גרם,טאט הוי פוד בעמ,SG,מרק ירקות מגיק בכוס,גרמים,70.00,100 גרם,false,1,5.50,7.86,true,1,
7290002715580,false,מרק סיני מגיק בכוס 70 גרם,טאט הוי פוד בעמ,SG,מרק סיני מגיק בכוס 7,גרמים,70.00,100 גרם,false,1,5.50,7.86,true,1,
7290002730675,false,"קולגייט משחת שיניים אדומה משפחתי 100 מ""ל",קולגייט פלמוליב,PL,משחת שיניים קולגייט,Unknown,0.00,Unknown,false,1,10.90,10.90,true,1,
7290002750963,false,באגט רוסטיק פילסברי,פילסברי,,רוסטיק שיפון,Unknown,0.00,Unknown,false,1,8.90,8.90,true,1,
7290002752349,false,סוכריות מנטוס מנטה 40יח' בגליל 38ג',פרפטי ואן מלה,NL,מנטוס מנטה גליל 37 ג,גרמים,37.00,100 גרם,false,1,3.60,9.73,true,1,
7290002753223,false,רביעייה סוכריות תפוז 4*16 ג' טיק טק,פררו,ZA,טיק טק תפוז רביעייה,גרמים,64.00,100 גרם,false,1,11.90,18.59,true,1,
7290002771104,false,קפה אלנח'לה עם הל 500 ג',מולינו ניקולי s.p.a,IL,קפה 500 גר עם הל,גרמים,500.00,100 גרם,false,1,34.90,6.98,true,1,
7290002771111,false,קפה עם הל 250 ג' אלנח'לה,מולינו ניקולי s.p.a,IL,קפה עם הל 250 גרם,גרמים,250.00,100 גרם,false,1,18.90,7.56,true,1,
7290002771128,false,קפה אלנח'לה בלי הל 250 ג',מולינו ניקולי s.p.a,IL,קפה בלי הל 250 גרם,גרמים,250.00,100 גרם,false,1,18.90,7.56,true,1,
7290002771326,false,קפסולות קפה אלנחלה קלוי טחון עם הל 10 יח,קפה אל נחלה,IL,קפסולות קפה אלנחלה ק,Unknown,0.00,Unknown,false,1,18.90,18.90,true,1,
7290002793311,false,שירות והחלפה מילוי גז 60 סודהסטרים,סודה סטרים,,שירות והחלפה מילוי ג,Unknown,0.00,Unknown,false,1,59.90,59.90,true,1,
7290002805151,false,סיף פנטסטיק לרצפות בניחוח סחלבים 4ל',יוניליוור ישראל טיפו,IL,שמפו פנטסטיק רצפות 4,ליטרים,0.00,ליטר,false,1,27.00,27.00,true,1,
7290002814016,false,"מסיר שומנים קר מתז סנט מוריץ 750מ""ל",קומפלקס כימיקלים,IL,מסיר שומנים,מיליליטרים,750.00,"100 מ""ל",false,1,17.70,2.36,true,1,
7290002814603,false,"סנט מוריץ - מרסס מסיר שומנים קר מבושם לימון 750 מ""ל",,,מסיר שומנים,מיליליטרים,750.00,"100 מ""ל",false,1,13.60,1.81,true,1,
7290002824183,false,גבינה לבנה 5% שומן 500 ג' שטראוס,מיוצר עי קונדיטוריית,IL,סקי משפחתי 5% 500 גר,גרמים,500.00,100 גרם,false,1,9.96,1.99,true,1,
7290002824466,false,יוגורט דנונה ביו 0% 200 גרם,"שטראוס בריאות בע""מ",IL,יוגורט דנונה ביו 0%,מיליליטרים,200.00,"100 מ""ל",false,1,3.70,1.85,true,1,
7290002824640,false,גבינה שטראוס 5% 250 ג',מיוצר עי קונדיטוריית,IL,גבינת סקי 5% 250 גרם,גרמים,250.00,100 גרם,false,1,4.98,1.99,true,1,
7290002825722,false,סלט כרוב אדום אחלה,מיוצר עי קונדיטוריית,IL,כרוב אדום 500 גר,גרמים,500.00,100 גרם,false,1,17.70,3.54,true,1,
7290002842163,false,טונה יולה 185 גרם,,,טונה יולה 185 גרם,גרמים,185.00,100 גרם,false,1,13.90,7.51,true,1,
7290002842293,false,סרדין מינרבה חריף 120 גרם,,,סרדין מינרבה חריף 12,גרמים,120.00,100 גרם,false,1,9.80,8.17,true,1,
7290002842309,false,סרדין מינרבה בשמן 120 גרם,,,סרדין מינרבה בשמן 12,גרמים,120.00,100 גרם,false,1,9.80,8.17,true,1,
7290002859178,false,שפונדרה ללא עצם טרי,,,שפונדרה ללא עצם טרי,Unknown,0.00,"ק""ג",true,0,69.90,69.90,true,1,
7290002868996,false,קוטג' 5% מועשר טרה 250ג' מהדרין,טרה,IL,קוטג 5% מועשר 250 גר,גרמים,250.00,100 גרם,false,1,6.50,2.60,true,1,
7290002879237,false,חטיף ציפס תירס ברביק,דדוש דניאל,,סומבררו ברבקיו 200 ג,מיליליטרים,200.00,"100 מ""ל",false,1,18.90,9.45,true,1,
7290002879282,false,ציפס חטיף תירס טבעי סומבררו 200 גרם,פוקולוקו,,סומבררו-תירס טבעי 20,גרמים,200.00,100 גרם,false,1,18.90,9.45,true,1,
7290002879459,false,וילי פרוסות סלק כבוש בחומץ 710 ג,,,וילי פרוסות סלק כבוש,גרמים,710.00,100 גרם,false,1,21.00,2.96,true,1,
7290002881018,false,מעדן תות שדה 100% 284 גרם,,,מעדן תות שדה 100% 28,גרמים,284.00,100 גרם,false,1,15.90,5.60,true,1,
7290002881056,false,סן מורנו מעדן משמש 2,,,מעדן משמש 100% 284 ג,גרמים,284.00,100 גרם,false,1,15.90,5.60,true,1,
7290002881216,false,רסק תפוחי עץ דיאט 708 גרם צנצנת,,,רסק תפוחי עץ דיאט 7,גרמים,708.00,100 גרם,false,1,12.80,1.81,true,1,
7290002881230,false,אננס חתוך תומר 825 גרם,,IL,אננס חתוך תומר 850 ג,גרמים,825.00,100 גרם,false,1,12.90,1.56,true,1,
7290002881247,false,אננס שלם פרוסות תומר,,IL,אננס שלם תומר 850 גר,גרמים,850.00,100 גרם,false,1,12.90,1.52,true,1,
7290002881261,false,"ליצ'י שלם 565 גרם ""תומר""",זהנגזהו אנגבה,IL,ליציס שלם 565 גרם,גרמים,565.00,100 גרם,false,1,12.90,2.28,true,1,
7290002881506,false,חמאת בוטנים תומר 510 ג',,,חמאת בוטנים 500 גרם,גרמים,500.00,100 גרם,false,1,17.70,3.54,true,1,
7290002881513,false,חמאת בוטנים עם שברי בוטנים 510 ג' תומר,,,חמאת בוטנים עם שברי,גרמים,500.00,100 גרם,false,1,17.70,3.54,true,1,
7290002881551,false,עלי גפן בשמן זית ממולא 400ג תומר,אסמא קונסרב,IL,עלי גפן ממולאים 400,גרמים,400.00,100 גרם,false,1,11.00,2.75,true,1,
7290002881865,false,פטריות שמפיניון חתוכות 400 ג' תומר,Prochamp B.V,,פטריות חתוכות 400 גר,גרמים,400.00,100 גרם,false,1,5.90,1.48,true,1,
7290002881940,false,סרדינים מרוקאי בשמן חמניות 125ג' תומר,,,סרדין מרוקאי בשמן 12,גרמים,125.00,100 גרם,false,1,6.90,5.52,true,1,
7290002881957,false,סרדינים מרוקאי חריף בשמן חמניות 125ג' תומר,,,סרדין מרוקאי חריף 12,גרמים,125.00,100 גרם,false,1,6.90,5.52,true,1,
7290002900436,false,פסטרמה איטלקיתטירת צבי,טירת צבי,IL,פסטרמה איטלקית,גרמים,0.00,"ק""ג",true,0,93.00,93.00,true,1,
7290002921233,false,"קרבונה ניקוי יבש לכתמים שומניים 200 מ""ל",מנדלז סי.אר. פרודקשן,ES,קרבונה ספריי לכתמים,מיליליטרים,200.00,"100 מ""ל",false,1,29.10,14.55,true,1,
7290002921240,false,"שמפוזר מסיר כתים משטיחים קרבונה, 650 מ""ל",יוליניבר,MX,שמפוזר קרבונה אדום,מיליליטרים,650.00,"100 מ""ל",false,1,34.90,5.37,true,1,
7290002966012,false,קוויאר שחור מאצות ים 100גר,,,קוויאר שחור מאצות ים,גרמים,100.00,100 גרם,false,1,13.90,13.90,true,1,
7290002966784,false,סלט איקרא ורודה 200 גרם,,IL,סלט איקרא ורודה 200,גרמים,200.00,100 גרם,false,1,13.90,6.95,true,1,
7290002966791,false,סלט איקרא לבנה 200 גרם,,IL,סלט איקרא לבנה 200 ג,גרמים,200.00,100 גרם,false,1,13.90,6.95,true,1,
7290002971009,false,"קמח חיטה לבן בהיר שטיבל 1 ק""ג",,,"קמח לבן שטיבל 1 ק""ג",גרמים,1000.00,100 גרם,false,1,4.80,0.48,true,1,
7290002971016,false,"שטיבל סולת חיטה 1 ק""ג",,,"סולת שטיבל 1 ק""ג",גרמים,1000.00,100 גרם,false,1,5.10,0.51,true,1,
7290002971993,false,"קמח כוסמין מס 14 ללא ניפוי 1 ק""ג",,IL,קמח כוסמין מס 14 ללא,גרמים,1000.00,100 גרם,false,1,15.90,1.59,true,1,
7290002972006,false,"קמח שטיבל 405 ללא ניפוי 1 ק""ג",,,קמח שטיבל 405 ללא ני,גרמים,1000.00,100 גרם,false,1,9.50,0.95,true,1,
7290002972365,false,קמח תופח שטיבל 13 ללא צורך בניפוי 1 קג,מיוצר עי קונדיטוריית,IL,קמח שטיבל 13 ללא ניפ,גרמים,1000.00,100 גרם,false,1,9.50,0.95,true,1,
7290002972426,false,"קמח חיטה 80% ללא ניפוי שטיבל 1ק""ג",,,קמח שטיבל 80% ללא ני,גרמים,1000.00,100 גרם,false,1,9.50,0.95,true,1,
7290002973669,false,"קמח שטיבל ללחם 2 ללא ניפוי 1 ק""ג",,,קמח שטיבל ללחם 2 ללא,גרמים,1000.00,100 גרם,false,1,9.50,0.95,true,1,
7290002973676,false,"קמח שטיבל לחלה 18 ללא ניפוי 1 ק""ג",,,קמח שטיבל לחלה 18 לל,גרמים,1000.00,100 גרם,false,1,9.50,0.95,true,1,
7290002986652,false,גטניו פתי בר שוקו 470 גרם,"אחים גטניו בע""מ",,פתי בר שוקו,גרמים,470.00,100 גרם,false,1,11.00,2.34,true,1,
7290003009312,false,בוטן קלוי קלית גת 200 ג',הדקלאים אגודת שיתופי,IL,בוטן קלוי שקית 200 ג,גרמים,200.00,100 גרם,false,1,8.90,4.45,true,1,
7290003009329,false,בוטן אמריקאי קלית גת 200 ג',הדקלאים אגודת שיתופי,IL,בוטן אמריקאי שקית 20,גרמים,200.00,100 גרם,false,1,7.90,3.95,true,1,
7290003009336,false,קבוקים מצופים קליית,הדקלאים אגודת שיתופי,IL,קבוקים שקית 200 ג,גרמים,200.00,100 גרם,false,1,7.90,3.95,true,1,
7290003009596,false,"סירופ דיאט אשכוליות פריגת 750 מ""ל",גת,IL,סירופ דיאט אשכוליות,מיליליטרים,750.00,"100 מ""ל",false,1,23.90,3.19,true,1,
7290003009640,false,מיץ סחוט תפוזים 1 ל' פריגת,גת,IL,סחוט טרי תפוז 1 ליטר,מיליליטרים,1000.00,"100 מ""ל",false,1,17.20,1.72,true,1,
7290003015641,false,סנו ריצפז פרש 2 ליטר יסמין,סנו,IL,סנו ריצפז פרש 2 ליטר,ליטרים,0.00,ליטר,false,1,21.90,21.90,true,1,
7290003024001,false,גבינה ברי צרפתי במשקל,,,גבינה ברי צרפתי,Unknown,0.00,"ק""ג",true,0,189.00,189.00,true,1,
7290003024520,false,גבינת פרובולונה דולצה איטלקי במשקל,,,גבינת פרובולונה,Unknown,0.00,"ק""ג",true,0,204.00,204.00,true,1,
7290003029181,false,משקה יטבתה שוקו' בקבוק 1ל מהדרין,מחלבת יטבתה,IL,שוקו בקבוק יטבתה,מיליליטרים,1000.00,"100 מ""ל",false,1,12.50,1.25,true,1,
7290003029372,false,משקה חלב בננה בקבוק 1ל' יוטבתה,מחלבת יטבתה,IL,משקה חלב בננה 1 ליטר,מיליליטרים,1000.00,"100 מ""ל",false,1,12.50,1.25,true,1,
7290003029433,false,"משקה יטבתה שוקו פקק 250 מ""ל מהדרין",מחלבת יטבתה,IL,שוקו פקק יטבתה 250 מ,מיליליטרים,250.00,"100 מ""ל",false,1,5.70,2.28,true,1,
7290003029815,false,חלב יוטבתה מועשר 3% בכד 2ל',מחלבת יטבתה,IL,חלב יטבתה 3% מועשר 2,ליטרים,0.00,ליטר,false,1,15.90,15.90,true,1,
7290003054060,false,אבקת חרדל קולמנס אנגלי 113 גרם,,,אבקת חרדל קולמנס אנג,גרמים,113.00,100 גרם,false,1,27.90,24.69,true,1,
7290003054213,false,מסטמכר לחם שיפון כפרי 500ג,מסטמכר,DE,לחם שיפון כפרי 500 ג,גרמים,500.00,100 גרם,false,1,15.90,3.18,true,1,
7290003054220,false,מסטמכר לחם שיפון פומפרניקל 500ג,מסטמאכר ג'.אמ.בי.הי,DE,לחם שיפון פומפרניקל,גרמים,500.00,100 גרם,false,1,15.90,3.18,true,1,
7290003054657,false,חרדל דיז'ון אקסטרא פורטה 370 ג,כלורוקס אוקלנד,FR,חרדל דיזיון 370 גר,גרמים,370.00,100 גרם,false,1,12.90,3.49,true,1,
7290003072606,false,מיני נקניקיות עוף טירת צבי 350 גר,הנסיך- מפעל לייצור ט,IL,מיני נקניקיות עוף טי,גרמים,350.00,100 גרם,false,1,14.90,4.26,true,1,
7290003072804,false,פסטרמה של פעם טירת צבי 200 ג',,IL,פסטרמה של פעם 200 גר,גרמים,200.00,100 גרם,false,1,21.90,10.95,true,1,
7290003072835,false,נקניקיות קנאקוורסט דליקטיב,,IL,נקניקיות קנאקוורסט 3,גרמים,320.00,100 גרם,false,1,27.90,8.72,true,1,
7290003072972,false,קבנוס בתיבול מעושן טירת צבי 120 גרם,טירת צבי,IL,קבנוס בתיבול מעושן ט,גרמים,120.00,100 גרם,false,1,12.90,10.75,true,1,
7290003094400,false,קוויאר פחיות 140 גר,,,קוויאר פחיות 140 גר,Unknown,0.00,Unknown,false,1,43.90,43.90,true,1,
7290003126712,false,"משק צוריאל יוגורט עיזים 3% ביו 140מ""ל",משק צוריאל,IL,משק צוריאל יוגורט עי,גרמים,140.00,100 גרם,false,1,7.50,5.36,true,1,
7290003126958,false,טופו גבינה גוש בואקום צוריאל 300 ג',א.י.ן תעשיות מזון בע,IL,טופו גולמי 300גר,גרמים,300.00,100 גרם,false,1,14.90,4.97,true,1,
7290003143146,false,ממרח תמרים קליית גת 450 גרם,הדקלאים אגודת שיתופי,IL,ממרח תמרים קליית גת,גרמים,450.00,100 גרם,false,1,7.00,1.56,true,1,
7290003145782,false,צנוברים קלופים 100 ג,הדקלאים אגודת שיתופי,IL,צנובר טבעי 100 גרם,גרמים,100.00,100 גרם,false,1,29.90,29.90,true,1,
7290003145959,false,פקאן טבעי 150 גרם קליית גת,קוד יצרן JG,IL,פקאן טבעי 150 גרם קל,גרמים,150.00,100 גרם,false,1,25.10,16.73,true,1,
7290003208579,false,וודקה גריי גוס 1 ליטר,,,וודקה גריי גוס 1 ליט,מיליליטרים,1000.00,"100 מ""ל",false,1,149.90,14.99,true,1,
7290003208586,false,"וורמוט מרטיני לבן 750 מ""ל",מרטיני ורוסי,IT,וורמוט מרטיני לבן 75,Unknown,0.00,Unknown,false,1,49.90,49.90,true,1,
7290003208593,false,"וורמוט מרטיני לבן יבש 750 מ""ל",,,וורמוט מרטיני לבן יב,Unknown,0.00,Unknown,false,1,49.90,49.90,true,1,
7290003208609,false,"וורמוט מרטיני אדום מתוק 750 מ""ל",מרטיני ורוסי,IT,וורמוט מרטיני אדום מ,Unknown,0.00,Unknown,false,1,49.90,49.90,true,1,
7290003220595,false,"ווק אורז לסושי 1 ק""ג WOK","מיה תעשיות מזון בע""מ",,אורז לסושי 1 ק`ג,גרמים,1000.00,100 גרם,false,1,13.90,1.39,true,1,
7290003220977,false,עוגיות חצי ירח מצופה 175 נאפה מעדני מלך,אפיפית,IL,מעדני המלך חצי ירח מ,גרמים,175.00,100 גרם,false,1,8.50,4.86,true,1,
7290003224128,false,"כיסונים תפו""א 800 ג' מאמא מרי",מאמא מרי,,"כיסונים תפו""א 800 גר",גרמים,800.00,100 גרם,false,1,21.90,2.74,true,1,
7290003224470,false,כיסונים בשר - קייבסקי 1 קג,מאמא מרי,IL,כיסונים בשר - קייבסק,גרמים,1000.00,100 גרם,false,1,31.90,3.19,true,1,
7290003224487,false,"כיסונים בשר 1 ק""ג מאמא מרי",,,כיסונים בשר מאמא מרי,גרמים,1000.00,100 גרם,false,1,31.90,3.19,true,1,
7290003229109,false,פסטרמה בפפריקה 400 גרםטירת צבי,הנסיך- מפעל לייצור ט,IL,פסטרמה בפפריקה 400 ג,גרמים,400.00,100 גרם,false,1,27.90,6.98,true,1,
7290003229116,false,פסטרמה בדבש 400 גרםטירת צבי,הנסיך- מפעל לייצור ט,IL,פסטרמה בדבש 400 גרם,גרמים,400.00,100 גרם,false,1,27.90,6.98,true,1,
7290003229147,false,נקניק סלמי איטלקי טירת צבי 300 ג',הנסיך- מפעל לייצור ט,IL,סלמי איטלקי 300 גרם,גרמים,300.00,100 גרם,false,1,28.90,9.63,true,1,
7290003229154,false,סלמי קוניאק מובחר טירת צבי 300 ג',הנסיך- מפעל לייצור ט,IL,סלמי קוניאק 300 גרם,גרמים,300.00,100 גרם,false,1,28.90,9.63,true,1,
7290003229192,false,כתף בקר מעושן טירת צבי 400 ג' צבי,טיב טירת צבי 2000,IL,כתף בקר מעושן 400 גר,גרמים,400.00,100 גרם,false,1,31.90,7.98,true,1,
7290003229208,false,פסטרמה ספרדית 2% טירת צבי 360 ג',,,פסטרמה ספרדית 360 גר,גרמים,360.00,100 גרם,false,1,33.50,9.31,true,1,
7290003229222,false,סלמי תה משובח 300 גרטירת צבי,הנסיך- מפעל לייצור ט,IL,סלמי תה משובח 300 גר,גרמים,300.00,100 גרם,false,1,22.90,7.63,true,1,
7290003321155,false,יוגורט בר עם פקאן מצופה שוקולד 183 ג' דנונה,"שטראוס בריאות בע""מ",IL,דנונה בר פקאן 183 גר,גרמים,183.00,100 גרם,false,1,4.80,2.62,true,1,
7290003400500,false,חטיף הרשי ריזס נאטרייגיס 47 גרם,הרשי,,חטיף הרשי ריזס,גרמים,47.00,100 גרם,false,1,5.90,12.55,true,1,
7290003402809,false,חטיף הרשי ריזס שוקולד לבן 39 גר,,US,חטיף הרשי ריזס שוקול,גרמים,39.00,100 גרם,false,1,3.90,10.00,true,1,
7290003414406,false,הרשי ריזס נטיפי אפייה בוטנים 283 גר',,,ריזס נטיפי לאפייה 28,גרמים,283.00,100 גרם,false,1,19.80,7.00,true,1,
7290003427154,false,"שמן זית כתית מעולה מעודן זיתא 750 מ""ל",זיתא – י.ט.ב תעשיות,IL,שמן זית כתית מעולה מ,מיליליטרים,750.00,"100 מ""ל",false,1,35.90,4.79,true,1,
7290003434664,false,ביס בר דגנים מלאים בשוקולד 120 גרם,הום מייד,IL,ביס בר דגנים מלאים ב,גרמים,120.00,100 גרם,false,1,14.90,12.42,true,1,
7290003438006,false,ממרח אולביה פסטו וצנובר איטלקי 190ג',מיוצר עי קונדיטוריית,IL,ממרח פסטו איטלקי,גרמים,180.00,100 גרם,false,1,14.50,8.06,true,1,
7290003438013,false,ממרח זיתים ירוקים אוליביה 190 גרם,,IL,ממרח זיתים ירוקים,גרמים,190.00,100 גרם,false,1,14.50,7.63,true,1,
7290003438020,false,ממרח עגבניות מיובשות אוליביה 190 גר,מיוצר עי קונדיטוריית,IL,ממרח עגבניות מיובשות,גרמים,190.00,100 גרם,false,1,14.50,7.63,true,1,
7290003438853,false,אוליביה ממרח אריסה חריפה 185 גר ',,,אריסה חריפה אוליביה,גרמים,180.00,100 גרם,false,1,14.50,8.06,true,1,
7290003450602,false,חרדל הינץ אמיתי לחיץ 255 ג',היינץ צפון אמריקה -,US,ממרח חרדל צהוב היינץ,גרמים,255.00,100 גרם,false,1,11.90,4.67,true,1,
7290003457991,false,טילון קורנטו וניל עם וופל ואגוזי לוז מסוכרים,"גלידת שטראוס בע""מ, ר",IL,קורנטו קלאסיק וניל 6,גרמים,360.00,100 גרם,false,1,34.90,9.69,true,1,
7290003464883,false,אגוז טרי,,,אגוז עגל טרי,Unknown,0.00,"ק""ג",true,0,69.90,69.90,true,1,
7290003578290,false,מקלוני אורז וילי פוד 300ג',פוגיאן לונגהאי אנליד,CN,מקלוני אורז 300 גרם,גרמים,1000.00,100 גרם,false,1,6.50,0.65,true,1,
7290003578313,false,דובדבנים חמוצים ללא חרצנים 680ג',דל מונטה היילס אס.אי,HU,דובדבנים ללא חרצנים,גרמים,680.00,100 גרם,false,1,11.60,1.71,true,1,
7290003610112,false,צוואר בלי עצם טרי,,,צוואר בלי עצם טרי,Unknown,0.00,"ק""ג",true,0,59.90,59.90,true,1,
7290003610129,false,בשר טחון טרי לקבב/המבורגר,,,בשר טחון טרי,Unknown,0.00,"ק""ג",true,0,39.90,39.90,true,1,
7290003643004,false,"אורז בסמטי קלאסי 1 ק""ג סוגת",האי נאם סי או אל.טי.,IL,"אורז בסמטי 1 ק""ג",גרמים,1000.00,100 גרם,false,1,14.90,1.49,true,1,
7290003643134,false,סוגת סוכר וניל 10 יח,גוד פוד פרודקטס S.p,IL,סוכר וניל 10*10 גרם,גרמים,100.00,100 גרם,false,1,2.90,2.90,true,1,
7290003643158,false,קורנפלור 200 ג' סוגת,המאפיה של הרמן,IL,קורנפלור 200 גרם,גרמים,200.00,100 גרם,false,1,3.90,1.95,true,1,
7290003643165,false,קורנפלור 500 ג' סוגת,,,קורנפלור 500 גרם,גרמים,500.00,100 גרם,false,1,6.70,1.34,true,1,
7290003643387,false,"סוכר לבן בצנצנת 1 ק""ג סוגת",האי נאם סי או אל.טי.,IL,"סוכר לבן בצנצנת 1 ק""",גרמים,1000.00,100 גרם,false,1,8.90,0.89,true,1,
7290003643646,false,"סוכר דמררה קלאסי בצנצנת סוגת 1 ק""ג",האי נאם סי או אל.טי.,IL,סוכר חום דמררה צנצנת,גרמים,1000.00,100 גרם,false,1,14.20,1.42,true,1,
7290003643684,false,אפונה יבשה סוגת 500 גר',האי נאם סי או אל.טי.,IL,אפונה 500 גרם,גרמים,500.00,100 גרם,false,1,6.80,1.36,true,1,
7290003643738,false,חיטה סוגת 500 גרם,האי נאם סי או אל.טי.,IL,חיטה 500 גרם,גרמים,500.00,100 גרם,false,1,5.50,1.10,true,1,
7290003643752,false,עדשים ירוקים יבש סוגת 500 גר',האי נאם סי או אל.טי.,IL,עדשים ירוקים 500 גרם,גרמים,500.00,100 גרם,false,1,8.50,1.70,true,1,
7290003643769,false,עדשים אדומים יבש סוגת 500 גר',"סוגת תעשיות בע""מ",IL,עדשים אדומים 500 גרם,גרמים,500.00,100 גרם,false,1,8.90,1.78,true,1,
7290003643776,false,"פופקורן גרעינים סוגת 500 ג' כשל""פ",האי נאם סי או אל.טי.,IL,פופקורן 500 גרם,גרמים,500.00,100 גרם,false,1,6.50,1.30,true,1,
7290003643783,false,קוקוס סוגת 100 גרם,האי נאם סי או אל.טי.,IL,קוקוס 100 גרם,גרמים,100.00,100 גרם,false,1,4.70,4.70,true,1,
7290003643806,false,שעועית לבנה יבשה סוגת 500 ג',האי נאם סי או אל.טי.,IL,שעועית לבנה 500 גרם,גרמים,500.00,100 גרם,false,1,11.90,2.38,true,1,
7290003726011,false,טופו רך כפרי בריא 30,,,טופו רך כפרי בריא 30,גרמים,300.00,100 גרם,false,1,15.40,5.13,true,1,
7290003726110,false,טופו אורגני (רגיל) ב,,,טופו אורגני (רגיל) ב,גרמים,300.00,100 גרם,false,1,13.90,4.63,true,1,
7290003726141,false,טופו משק גאיה 300גרם,ג'נרל מילס סאן אדריא,IL,טופו טבעי 300 גר,גרמים,320.00,100 גרם,false,1,12.90,4.03,true,1,
7290003726615,false,טופו ויילר 300 גרם.,הדקלאים אגודת שיתופי,IL,טופו וילר 300 גר,גרמים,300.00,100 גרם,false,1,12.90,4.30,true,1,
7290003779086,false,סלרי ראש,,,סלרי ראש,Unknown,0.00,Unknown,false,1,5.90,5.90,true,1,
7290003779093,false,סלרי עלים,,,סלרי עלים,Unknown,0.00,Unknown,false,1,5.90,5.90,true,1,
7290003804368,false,"תיבולית בזיליקום בד""ץ 72 ג' קנור",יוניליוור ישראל מזון,IL,תיבולית בזיליקום קנו,גרמים,72.00,100 גרם,false,1,12.30,17.08,true,1,
7290003804382,false,"תיבולית פטריות בד""ץ 72 ג' קנור",יוניליוור ישראל מזון,IL,תיבולית פטריות קנור,גרמים,72.00,100 גרם,false,1,12.30,17.08,true,1,
7290003805587,false,"פתית חיטה מלאה בד""צ 250 גרם-קופסא",יוניליוור ישראל מזון,IL,"פתית חיטה מלאה בד""צ",גרמים,250.00,100 גרם,false,1,18.50,7.40,true,1,
7290003807178,false,"רוטב קנור סויה בסגנון סיני 300 מ""ל",,IL,רוטב קנור סויה בסגנו,מיליליטרים,300.00,"100 מ""ל",false,1,12.50,4.17,true,1,
7290003864478,false,סרדינים בשמן צמחי ויליפוד 110ג' פתח קל,גולדן פרייז קאנינג א,TH,סרדינים בשמן צמחי 11,גרמים,110.00,100 גרם,false,1,5.50,5.00,true,1,
7290003864485,false,סרדינים ברוטב עגבנ יות ויליפוד 110ג' פתח קל,גולדן פרייז קאנינג א,TH,סרדינים ברוטב עגבניו,גרמים,110.00,100 גרם,false,1,5.50,5.00,true,1,
7290003864492,false,סרדינים בשמן צמחי חריף פתח קל ויליפוד 110ג',גולדן פרייז קאנינג א,TH,סרדינים בשמן צמחי חר,גרמים,110.00,100 גרם,false,1,5.50,5.00,true,1,
7290003976768,false,"מרסס מסיר כתמים אוקסי פאואר 750 מ""ל טאצ'",,,מרסס מסיר כתמים אוקס,Unknown,0.00,Unknown,false,1,15.90,15.90,true,1,
7290004011338,false,"קצפת מתוקה מכונה 250 מ""ל ריץ'",האי נאם סי או אל.טי.,IT,ריץ קצפת במיכל 250 ג,גרמים,250.00,100 גרם,false,1,12.90,5.16,true,1,
7290004011345,false,"קצפת ריצ` פרווה במיכל 250 מ""ל",האי נאם סי או אל.טי.,IT,ריץ קצפת במיכל 250 ג,גרמים,250.00,100 גרם,false,1,12.90,5.16,true,1,
7290004011796,false,קבבונים בקר קפוא אל גאוצ''ו 400ג',"טיבון ויל אחזקות בע""",IL,קבבונים אל גאוצו 400,גרמים,400.00,100 גרם,false,1,27.90,6.98,true,1,
7290004011802,false,צוריסוס אל גאוצו 400 גר,טיבון ויל אחזקות בעמ,IL,צוריסוס אל גאוצו 400,גרמים,400.00,100 גרם,false,1,27.90,6.98,true,1,
7290004011819,false,המבורגר ריב אל גאוצ'ו 360גרם,האי נאם סי או אל.טי.,IL,המבורגר ריב אנט 360,גרמים,360.00,100 גרם,false,1,24.90,6.92,true,1,
7290004011826,false,מיני המבורגר ריב אנטריקוט,טיבון ויל אחזקות בעמ,IL,מיני המבורגר ריב אנט,גרמים,360.00,100 גרם,false,1,27.90,7.75,true,1,
7290004023041,false,לחם שיפון מחמצת 750 גרם,,,לחם שיפון מחמצת 750,גרמים,750.00,100 גרם,false,1,14.90,1.99,true,1,
7290004030445,false,פריניב סחוט טבעי תפוזים 1ליטר,פריניב בעמ,IL,מיץ תפוזים 1 ליטר,מיליליטרים,1000.00,"100 מ""ל",false,1,16.50,1.65,true,1,
7290004030810,false,שייק 100% בננה פסיפלורה תפוז מופחת סוכר1,,,שייק 100% בננה פסיפל,מיליליטרים,1000.00,"100 מ""ל",false,1,23.90,2.39,true,1,
7290004030834,false,פריניב מיץ רימונים סחוט 1 ל',פריניב בעמ,IL,סחוט טרי רימונים 1ל,מיליליטרים,1000.00,"100 מ""ל",false,1,30.90,3.09,true,1,
7290004033736,false,"עננים לחם לבן בסגנון בריוש עם פרוסות עבות, 500 גרם",מאפית ברמן,IL,לחם עננים בסגנון ברי,גרמים,750.00,100 גרם,false,1,16.90,2.25,true,1,
7290004050788,false,בייקון 170 גר,,,בייקון 170 גר,גרמים,170.00,100 גרם,false,1,52.00,30.59,true,1,
7290004050856,false,סלמי מילאנו פרוס 170 גר,,,סלמי מילאנו פרוס 170,גרמים,170.00,100 גרם,false,1,35.00,20.59,true,1,
7290004050863,false,סלמי הרץ 170 גר,,,סלמי הרץ 170 גר,גרמים,170.00,100 גרם,false,1,35.00,20.59,true,1,
7290004050870,false,שינקן פולני פרוס 200 גר,,,שינקן פולני פרוס 200,גרמים,200.00,100 גרם,false,1,35.00,17.50,true,1,
7290004050887,false,פרושוטו 120 גר,,,פרושוטו 120 גר,גרמים,120.00,100 גרם,false,1,41.90,34.92,true,1,
7290004050948,false,סלמי כפרית פרוס 170 גר,,,סלמי כפרית פרוס 170,גרמים,170.00,100 גרם,false,1,36.00,21.18,true,1,
7290004050955,false,פטה כבד עוף 170 גר,,,פטה כבד עוף 170 גר,גרמים,170.00,100 גרם,false,1,17.90,10.53,true,1,
7290004050986,false,רו בייקון 170 גר,,,רו בייקון 170 גר,גרמים,170.00,100 גרם,false,1,59.90,35.24,true,1,
7290004051044,false,סלמי הונגרי פרוס 170גר,,,סלמי הונגרי פרוס 170,גרמים,170.00,100 גרם,false,1,36.50,21.47,true,1,
7290004051068,false,שינקן מעושן פרוס 200 גר,,,שינקן מעושן פרוס 200,גרמים,200.00,100 גרם,false,1,33.50,16.75,true,1,
7290004051136,false,סלמי צרפתי פרוס 170 גר,,,סלמי צרפתי פרוס,גרמים,170.00,100 גרם,false,1,36.50,21.47,true,1,
7290004051150,false,סלמי רו סרוולט 170 גר,,,סלמי רו סרוולט 170 ג,גרמים,170.00,100 גרם,false,1,36.50,21.47,true,1,
7290004051167,false,ברזאולה 120 גר,,,ברזאולה 120 גר,גרמים,120.00,100 גרם,false,1,49.90,41.58,true,1,
7290004051334,false,פפרוני עגל 170 גר,,,פפרוני עגל 170 גר,גרמים,170.00,100 גרם,false,1,32.90,19.35,true,1,
7290004051365,false,קרפצו 120 גר,,,קרפצו 120 גר,גרמים,120.00,100 גרם,false,1,36.90,30.75,true,1,
7290004051419,false,ממרח כבד מיני 220 גר,,,ממרח כבד מיני 220 גר,גרמים,220.00,100 גרם,false,1,19.90,9.05,true,1,
7290004051792,false,נקניקיות קוקטייל 900 גר,,,נקניקיות קוקטייל 900,גרמים,900.00,100 גרם,false,1,55.90,6.21,true,1,
7290004052041,false,קבנוס קלאסי 210 גר,,,קבנוס קלאסי 210 גר,גרמים,210.00,100 גרם,false,1,31.50,15.00,true,1,
7290004052225,false,חזה הודו מעושן בגריל 200 גר,,,חזה הודו מעושן בגריל,גרמים,200.00,100 גרם,false,1,22.90,11.45,true,1,
7290004052256,false,חזה הודו מעושן פרוס 200 גר,,,חזה הודו מעושן 200 ג,גרמים,200.00,100 גרם,false,1,22.90,11.45,true,1,
7290004052690,false,נקניקיות פרגית 600 גר,,,נקניקיות פרגית 600 ג,גרמים,600.00,100 גרם,false,1,23.90,3.98,true,1,
7290004052836,false,שמאלץ שומן אווז 200 גר,,,שמאלץ שומן אווז 200,גרמים,200.00,100 גרם,false,1,29.90,14.95,true,1,
7290004053192,false,נקניקיות עגל 600 גר,,,נקניקיות עגל 600 גר,גרמים,600.00,100 גרם,false,1,30.90,5.15,true,1,
7290004053291,false,קרפלך עגל בטעם ביתי 600 גר,,,קרפלך עגל בטעם ביתי,גרמים,600.00,100 גרם,false,1,23.00,3.83,true,1,
7290004053888,false,רוסטביף 200 גר,,,רוסטביף 200 גר,גרמים,200.00,100 גרם,false,1,51.90,25.95,true,1,
7290004054236,false,גיוזה עוף 320 גר,,,גיוזה עוף 320 גר,גרמים,320.00,100 גרם,false,1,36.90,11.53,true,1,
7290004054243,false,גיוזה ירקות 320 גר,,,גיוזה ירקות 320 גר,גרמים,320.00,100 גרם,false,1,36.90,11.53,true,1,
7290004054267,false,נקניקיות פרנקפורטר 900 גר,,,נקניקיות פרנקפורטר,גרמים,900.00,100 גרם,false,1,56.90,6.32,true,1,
7290004054649,false,מיני מוסקובסקיה 300 גרם,,,מיני מוסקובסקיה 300,גרמים,300.00,100 גרם,false,1,39.90,13.30,true,1,
7290004054809,false,כתף בקר מעושנת 200 גר,,,כתף בקר מעושנת 200 ג,גרמים,200.00,100 גרם,false,1,31.90,15.95,true,1,
7290004054885,false,נקניקיות איטלקיות עם גבינה 400 גר,,,נקניקיות איטלקיות עם,גרמים,400.00,100 גרם,false,1,29.90,7.48,true,1,
7290004055271,false,פניני קבנוס 150 גר,,,פניני קבנוס 150 גר,גרמים,150.00,100 גרם,false,1,34.90,23.27,true,1,
7290004055745,false,נקניקיות סליווצניה 600 גר,,,נקניקיות סליווצניה,גרמים,600.00,100 גרם,false,1,34.50,5.75,true,1,
7290004063016,false,מלח שולחן מעולה דק 1,האי נאם סי או אל.טי.,IL,"מלח דק 1 ק""ג",גרמים,1000.00,100 גרם,false,1,2.07,0.21,true,1,
7290004063115,false,"מלח מטבח עבה להמלחת בשר ובישול 1 ק""ג 1ק""ג",האי נאם סי או אל.טי.,IL,"מלח מטבח גס 1 ק""ג",גרמים,1000.00,100 גרם,false,1,2.07,0.21,true,1,
7290004064198,false,מטחנת מלח ספייסי- אקסטרא תבלינים 115 ג',,,מטחנת מלח תבלינים,גרמים,115.00,100 גרם,false,1,18.90,16.43,true,1,
7290004064228,false,מלח במטחנה אקסטרא תבלינים שום ופלפל 125 גר',,,מטחנת מלח תבלינים,גרמים,115.00,100 גרם,false,1,18.90,16.43,true,1,
7290004064303,false,מלח אטלנטי בצנצנת מלח הארץ 800 גרם,,IL,מלח אטלנטי בצנצנת מל,גרמים,800.00,100 גרם,false,1,24.50,3.06,true,1,
7290004068011,false,יוגורט כבשים 5% בדלי,"מיוצר ע""י קוד יצרן M",IL,יוגורט כבשים 600 גר,גרמים,600.00,100 גרם,false,1,19.90,3.32,true,1,
7290004068028,false,"ציזיקי יוגורט לשתיה גד 500 מ""ל",מיוצר על ידי קוד יצר,IL,ציזקי 3.5% 500 מל,גרמים,500.00,100 גרם,false,1,11.50,2.30,true,1,
7290004068035,false,"איירן יוגורט לשתייה 3% גד 500 מ""ל","מיוצר ע""י קוד יצרן M",IL,"יוגורט איירן 500 מ""ל",מיליליטרים,500.00,"100 מ""ל",false,1,8.90,1.78,true,1,
7290004068172,false,יוגורט עזים בדלי 5% שומן 600 ג' גד,קוד יצרן MKN,IL,יוגורט עיזים דלי 600,גרמים,600.00,100 גרם,false,1,19.90,3.32,true,1,
7290004078690,false,"אגקס נוזל לניקוי אסלות מרענן 750 מ""ל",הנסיך- מפעל לייצור ט,FR,אגקס שירותים רענן זו,מיליליטרים,750.00,"100 מ""ל",false,1,17.90,2.39,true,1,
7290004119133,false,כד יוגורט תנובה 6.5% שומן 1.5 ליטר,מיוצר עי קונדיטוריית,IL,יוגורט 7% 1.5 ליטר,ליטרים,0.00,ליטר,false,1,21.50,21.50,true,1,
7290004119225,false,יוגורט אננס 3% שומן 150 ג' יופלה,תנובה בעמ,IL,יופלה אננס 3% 150 גר,גרמים,150.00,100 גרם,false,1,5.70,3.80,true,1,
7290004119928,false,קרלו מעדן וניל רביעיות גביע 125 1.5%,מחלבת אלון תבור,IL,קרלו וניל 125 גרם,גרמים,125.00,100 גרם,false,1,3.50,2.80,true,1,
7290004119973,false,קרלו מעדן שוקו רביעיה גביע 125 1.5%,מחלבת אלון תבור,IL,קרלו שוקו 125 גרם,גרמים,125.00,100 גרם,false,1,3.50,2.80,true,1,
7290004120108,false,יופלה דיאט יוגורט דובדבן %0 גביע 150ג',תנובה בעמ,IL,דיאט יופלה דובדבן 15,גרמים,150.00,100 גרם,false,1,5.70,3.80,true,1,
7290004120566,false,גבינה בולגרית פיראוס 24% 250 גרם,תנובה,IL,גבינה בולגרית פיראוס,גרמים,250.00,100 גרם,false,1,25.90,10.36,true,1,
7290004120573,false,גבינה בולגרית פיראוס 16% 250 גרם,תנובה,IL,גבינה בולגרית פיראוס,גרמים,250.00,100 גרם,false,1,25.90,10.36,true,1,
7290004120634,false,גבינה פיראוס בולגרית 5% 250 גרם,פ.פ.ח. שאביט,IL,גבינה פיראוס בולגרית,גרמים,250.00,100 גרם,false,1,25.90,10.36,true,1,
7290004120832,false,חלב תנובה טרי 3% מהדרין כד 2 ל',תנובה,IL,כד חלב 2 ליטר 3%,ליטרים,0.00,ליטר,false,1,12.46,12.46,true,1,
7290004121488,false,יופלה דיאט אפרסק 0% גביע 150 ג',תנובה בעמ,IL,דיאט יופלה אפרסק 150,מיליליטרים,150.00,"100 מ""ל",false,1,5.70,3.80,true,1,
7290004121754,false,יוגורט עוגת גבינה ותות 3% שומן 150 ג' יופלה,תנובה בעמ,IL,יופלה עוגת גבינה,גרמים,150.00,100 גרם,false,1,5.70,3.80,true,1,
7290004121839,false,גבינת פטה כבשים 20% 250 ג' פיראוס,תנובה,IL,גבינה פטה פיראוס 250,גרמים,250.00,100 גרם,false,1,30.90,12.36,true,1,
7290004121853,false,גבינה בולגרית פיראוס 5% קוביות 200 גרם,תנובה,IL,גבינה בולגרית פיראוס,גרמים,200.00,100 גרם,false,1,25.90,12.95,true,1,
7290004122119,false,פתיתי פרמזן לפסטה %23 100 ג' השף הלבן,פ.פ.ח. שאביט,IL,פתיתי פרמזן לפסטה הש,גרמים,220.00,100 גרם,false,1,14.90,6.77,true,1,
7290004122195,false,"גבינת גוש חלב פרוס 28%, כשרות מהדרין, 200 ג'",תנובה,IL,גבינה צהובה גוש חלב,גרמים,200.00,100 גרם,false,1,15.90,7.95,true,1,
7290004122270,false,גבינה צהובה פרוס בקופסא %28 200 ג' עמק,תנובה מרכז שיתופי לש,IL,גבינה עמק פרוס בקופס,גרמים,200.00,100 גרם,false,1,17.90,8.95,true,1,
7290004122348,false,גבינת עמק לייט פרוס בקופסא 200 גרם,תנובה,IL,גבינת עמק לייט פרוס,גרמים,200.00,100 גרם,false,1,17.90,8.95,true,1,
7290004122676,false,גבינת חמד לייט 5% פיראוס 250 ג',"תנובה,מחלבת טנא נוגה",IL,חמד לייט 5% גביע 250,גרמים,250.00,100 גרם,false,1,21.90,8.76,true,1,
7290004122683,false,חטיף גבינת אצבעות 28% 172 ג' עמק,פ.פ.ח. שאביט,IL,אצבעות עמק 172 גר,גרמים,172.00,100 גרם,false,1,17.90,10.41,true,1,
7290004125370,false,"שמנת חמוצה מופחתת שומן 9% 200 מ""ל",תנובה מרכז שיתופי לש,IL,שמנת חמוצה מופחתת,מיליליטרים,200.00,"100 מ""ל",false,1,3.90,1.95,true,1,
7290004125400,false,"שלי אשל 4.5% תנובה 200מ""ל מהדרין",פארייפאבה אגרואינדוס,IL,"שלי אשל 200 מ""ל",מיליליטרים,200.00,"100 מ""ל",false,1,1.69,0.85,true,1,
7290004125417,false,"שלי גיל 3% תנובה 200מ""ל מהדרין",תנובה מרכז שיתופי לש,IL,"שלי גיל 200 מ""ל",מיליליטרים,200.00,"100 מ""ל",false,1,1.50,0.75,true,1,
7290004125455,false,"שמנת אורגינל15% תנובה 200 מ""ל",תנובה מרכז שיתופי לש,IL,שמנת חמוצה 15% 200 מ,גרמים,200.00,100 גרם,false,1,2.40,1.20,true,1,
7290004125462,false,"שמנת אורגינל 15% מהדרין 500 מ""ל",תנובה,IL,שמנת חמוצה 15% 500 מ,מיליליטרים,500.00,"100 מ""ל",false,1,6.00,1.20,true,1,
7290004125509,false,"שמנת 15% חצי מנה 100 מ""ל תנובה",תנובה,IL,"שמנת חמוצה 100 מ""ל",מיליליטרים,100.00,"100 מ""ל",false,1,1.80,1.80,true,1,
7290004125578,false,משקה סויה מעושר בסידן תנובה 1ל',סוי מג'יק,IL,משקה סויה מועשר 1 לי,מיליליטרים,1000.00,"100 מ""ל",false,1,11.90,1.19,true,1,
7290004125585,false,משקה סויה וניל על הבוקר 1 ל',תנובה מרכז שיתופי לש,IL,משקה סויה על הבוקר 1,מיליליטרים,1000.00,"100 מ""ל",false,1,13.50,1.35,true,1,
7290004125721,false,"שמנת לבישול 15% שומן 250 מ""ל תנובה",תנובה מרכז שיתופי לש,IL,שמנת לבישול 15% השף,גרמים,250.00,100 גרם,false,1,8.90,3.56,true,1,
7290004125738,false,שמנת מתוקה להקצפה32% 250מל עמיד השף הלבן,תנובה מרכז שיתופי לש,IL,שמנת מתוקה להקצפה 32,גרמים,250.00,100 גרם,false,1,7.20,2.88,true,1,
7290004125776,false,גבינה צהובה עמק 28% 400 גרם בקופסא,תנובה,IL,עמק פרוס בקופסה 400ג,גרמים,400.00,100 גרם,false,1,31.90,7.98,true,1,
7290004126674,false,פרוסות גבינה חצי קשה 9% שומן 200 ג' עמק,תנובה,IL,טל העמק לייט 200 גרם,גרמים,200.00,100 גרם,false,1,19.90,9.95,true,1,
7290004126759,false,יופלה דיאט פירות יער %0 גביע 150 ג',תנובה בעמ,IL,דיאט יופלה פירות יער,גרמים,150.00,100 גרם,false,1,5.70,3.80,true,1,
7290004126872,false,"שוקו תנובה בבקבוק 250 מ""ל תנובה",תנובה,IL,שוקו שוק בקבוק 250 מ,גרמים,250.00,100 גרם,false,1,6.70,2.68,true,1,
7290004127077,false,קוטג' 3% שומן 250 ג' תנובה,מיוצר עי קונדיטוריית,IL,קוטג 3% 250 גרם,גרמים,250.00,100 גרם,false,1,5.70,2.28,true,1,
7290004127329,false,קוטג' 5% תנובה 250ג' מהדרין,מיוצר עי קונדיטוריית,IL,גבינת קוטג 5% 250 גר,גרמים,250.00,100 גרם,false,1,5.70,2.28,true,1,
7290004127336,false,קוטג' 9% תנובה 250 ג' הדרין,מיוצר עי קונדיטוריית,IL,גבינת קוטג 9% 250 גר,גרמים,250.00,100 גרם,false,1,5.70,2.28,true,1,
7290004127800,false,גבינה לבנה 5% שומן 500 ג' תנובה,מיוצר עי קונדיטוריית,IL,גבינה לבנה למריחה 5%,גרמים,500.00,100 גרם,false,1,9.96,1.99,true,1,
7290004127817,false,גבינה לבנה 9% שומן 500 ג' תנובה,מיוצר עי קונדיטוריית,IL,גבינה למריחה 9% 500,גרמים,500.00,100 גרם,false,1,9.96,1.99,true,1,
7290004127862,false,גבינה לבנה 5% שומן 750 ג' תנובה,מחלבת אלון תבור,IL,גבינה למריחה 5% 750,גרמים,750.00,100 גרם,false,1,14.94,1.99,true,1,
7290004127916,false,גבינה לבנה 0.5% שומן 500 ג' תנובה,מחלבת אלון תבור,IL,גבינה למריחה 0.5%,גרמים,500.00,100 גרם,false,1,9.96,1.99,true,1,
7290004128333,false,לאבנה על בסיס יוגורט %9 שומן 500 ג' פיראוס,תנובה,IL,גבינה לאבנה 9% 500 ג,גרמים,500.00,100 גרם,false,1,23.50,4.70,true,1,
7290004128340,false,קרם גבינת שמנת %5 בטעם טבעי 200 ג' תנובה,תנובה,IL,גבינת שמנת בטעם טבעי,גרמים,200.00,100 גרם,false,1,14.90,7.45,true,1,
7290004128364,false,קרם גבינת שמנת 5% עם זיתים ירוקים 200 ג' תנובה,"תנובה, מחלבת תל יוסף",IL,גבינת שמנת עם זיתים,גרמים,200.00,100 גרם,false,1,14.90,7.45,true,1,
7290004129101,false,גבינת שמנת 25% בטעם טבעי 225 ג' נפוליאון,מחלבת אלון תבור,IL,נפוליאון טבעי 225 גר,גרמים,225.00,100 גרם,false,1,15.20,6.76,true,1,
7290004129118,false,גבינת שמנת 24% עם זיתים ירוקים 225 ג' נפוליאון,מחלבת אלון תבור,IL,נפוליאון זיתים 225 ג,גרמים,225.00,100 גרם,false,1,15.20,6.76,true,1,
7290004129156,false,גבינת שמנת25% עם שום שמיר 225 ג' נפוליאון,מחלבת אלון תבור,IL,נפוליאון שום שמיר 22,גרמים,225.00,100 גרם,false,1,15.20,6.76,true,1,
7290004129545,false,גבינה לבנה 3% שומן 250 ג' תנובה,מחלבת אלון תבור,IL,גבינת תנובה 3% 250 ג,גרמים,250.00,100 גרם,false,1,4.98,1.99,true,1,
7290004129736,false,יוגורט במתיקות מעודנת 1.5% שומן 200 ג' יופלה,תנובה מרכז שיתופי לש,IL,יופלה לבן 1.5% 200 ג,מיליליטרים,200.00,"100 מ""ל",false,1,4.70,2.35,true,1,
7290004129767,false,יופלה מאגדת לבן 3% 8 יח' *150 ג',מחלבת אלון תבור,IL,שמיניית יופלה לבן,ליטרים,0.00,ליטר,false,1,19.90,19.90,true,1,
7290004130794,false,משקה סויה טבעי במתיקות מופחתת 1 ליטר,סוי מג'יק,IL,משקה סויה טבעי מתיקו,מיליליטרים,1000.00,"100 מ""ל",false,1,13.50,1.35,true,1,
7290004131074,false,חלב תנובה 3% 1 ליטר קרטון מהדרין,תנובה מרכז שיתופי לש,IL,חלב קרטון+פקק 3% תנו,מיליליטרים,1000.00,"100 מ""ל",false,1,6.23,0.62,true,1,
7290004131432,false,יוגורט ביו 3% שומן 200 ג' יופלה,מיוצר עי קונדיטוריית,IL,יופלה לבן 3% 200 גר,גרמים,200.00,100 גרם,false,1,4.80,2.40,true,1,
7290004131456,false,יוגורט ביו 1.5% שומן 200 ג' יופלה,מיוצר עי קונדיטוריית,IL,יופלה לבן 1.5% 200 ג,מיליליטרים,200.00,"100 מ""ל",false,1,4.80,2.40,true,1,
7290004131814,false,גבינה צפתית 5% מעודנת 200 ג' פיראוס,פארייפאבה אגרואינדוס,IL,פיראוס צפתית מעודנת,גרמים,200.00,100 גרם,false,1,16.50,8.25,true,1,
7290004132552,false,משקה סויה לייט בטעם טבעי טרי 1 ליטר,תנובה מרכז שיתופי לש,IL,דיאט סויה טבעי 1 ליט,מיליליטרים,1000.00,"100 מ""ל",false,1,13.50,1.35,true,1,
7290004132712,false,חטיף אצבעות גבינת מוצרלה 20% 172 ג' עמק,פ.פ.ח. שאביט,IL,אצבעות מוצרלה 172 גר,גרמים,172.00,100 גרם,false,1,17.90,10.41,true,1,
7290004133511,false,יופלה מאגדת לבן 1.5% מעודן 8 יח' * 150 ג',מיוצר עי קונדיטוריית,IL,יופלה לבן שמינייה,ליטרים,0.00,ליטר,false,1,22.50,22.50,true,1,
7290004134945,false,יוגורט מוקה 3% שומן 150 ג' יופלה,תנובה בעמ,IL,יופלה מוקה 3% 150גר,גרמים,150.00,100 גרם,false,1,5.70,3.80,true,1,
7290004135225,false,מעדן תנובה דיאט שוקולדה 0% 150 גרם,תנובה מרכז שיתופי לש,IL,מעדן שוקולד דיאט 0%,מיליליטרים,150.00,"100 מ""ל",false,1,4.80,3.20,true,1,
7290004135614,false,גבינה בולגרית מעודנת 5% 250 ג' פיראוס,תנובה,IL,פיראוס בולגרית מעודנ,גרמים,250.00,100 גרם,false,1,25.90,10.36,true,1,
7290004136857,false,גלי בטעם פטל 125 גרם,תנובה מרכז שיתופי לש,IL,גלי פטל 125גר,גרמים,125.00,100 גרם,false,1,2.90,2.32,true,1,
7290004136864,false,ג'לי תנובה אננס עם חתיכות אננס 125 ג',סוי מג'יק,IL,גלי אננס עם חתיכות א,גרמים,125.00,100 גרם,false,1,3.10,2.48,true,1,
7290004136871,false,ג'לי תנובה אפרסק עם חתיכות אפרסק 125 ג',סוי מג'יק,IL,גלי אפרסק עם חתיכות,גרמים,150.00,100 גרם,false,1,3.10,2.07,true,1,
7290004137021,false,"שמנת לבישול 10% עמיד השף הלבן 250 מ""ל",תנובה מרכז שיתופי לש,IL,שמנת לבישול 10%-השף,גרמים,250.00,100 גרם,false,1,8.90,3.56,true,1,
7290004137311,false,גבינה צהובה לייט 9% שומן 400 ג' עמק,תנובה,IL,עמק לייט פרוס 9% 400,גרמים,400.00,100 גרם,false,1,33.90,8.48,true,1,
7290004137809,false,פיראוס לאבנה 5% גביע 250 גרם,"תנובה, מחלבת אלון תב",IL,פיראוס לאבנה 5% 250,גרמים,250.00,100 גרם,false,1,15.50,6.20,true,1,
7290004150112,false,חומוס מזרחי פיקנטי פרימיום 300 גרם,,IL,חומוס מזרחי פיקנטי פ,גרמים,300.00,100 גרם,false,1,16.90,5.63,true,1,
7290004150129,false,טחינה פיקנטי פרימיום 300 גרם,,IL,טחינה פיקנטי פרימיום,גרמים,300.00,100 גרם,false,1,16.90,5.63,true,1,
7290004150136,false,חציל על האש פיקנטי פרימיום 300 גרם,,IL,חציל על האש פיקנטי פ,גרמים,300.00,100 גרם,false,1,16.90,5.63,true,1,
7290004150143,false,חציל במיונז פיקנטי פרימיום 300 גרם,,IL,חציל במיונז פיקנטי פ,גרמים,300.00,100 גרם,false,1,16.90,5.63,true,1,
7290004150198,false,סלק מגורד פיקנטי פרימיום 300 גרם,,IL,סלק מגורד פיקנטי פרי,גרמים,300.00,100 גרם,false,1,16.90,5.63,true,1,
7290004150204,false,מטבוחה 300 גרם פיקנטי פרימיום,,IL,מטבוחה 300 גרם פיקנ,גרמים,300.00,100 גרם,false,1,16.90,5.63,true,1,
7290004150211,false,תורכי איסטנבול 300 גרם פיקנטי פרימיום,,IL,תורכי איסטנבול 300 ג,גרמים,300.00,100 גרם,false,1,16.90,5.63,true,1,
7290004150235,false,חומוס עם חריף 300 גרם פיקנטי פרימיום,,IL,חומוס עם חריף 300 גר,גרמים,300.00,100 גרם,false,1,16.90,5.63,true,1,
7290004165017,false,"רסק תפוח עץ לל""תס יכין 560 גרם",,IL,"רסק תפוח עץ לל""תס יכ",גרמים,560.00,100 גרם,false,1,8.90,1.59,true,1,
7290004199241,false,נרות חימום חסידים 50יח',,,נרות חימום חסידים 50,Unknown,0.00,Unknown,false,1,11.50,11.50,true,1,
7290004199791,false,כפפות M לטקס עם איבוק עדין 100 יח- SAFE TOUCH,,,כפפות לטקס 100 יח M,Unknown,0.00,Unknown,false,1,24.50,24.50,true,1,
7290004219826,false,מלבין קפה הולנדי קומפלטה 400ג',פריזלנד פודס קיוויט,NL,מלבין קפה הולנדי 400,גרמים,400.00,100 גרם,false,1,23.80,5.95,true,1,
7290004339173,false,המבורגר קינואה טבע דלי 400 גר,,,המבורגר קינואה טבע ד,גרמים,400.00,100 גרם,false,1,25.90,6.48,true,1,
7290004339425,false,שווארמה מהצומח טבע דלי 350 גר,טבע דלי בעמ,IL,שווארמה מהצומח טבע ד,גרמים,350.00,100 גרם,false,1,25.90,7.40,true,1,
7290004339784,false,המבורגר על הגריל טבע דלי 400 גר,טבע דלי,IL,המבורגר על הגריל טבע,גרמים,400.00,100 גרם,false,1,25.90,6.48,true,1,
7290004339975,false,קובה בורגול במילוי סטיין אמרנט 400 גר,טבע דלי,IL,קובה בורגול במילוי,גרמים,400.00,100 גרם,false,1,31.90,7.98,true,1,
7290004492274,false,בייגלה טבעות מלוחות 400 ג',אתר בייגל - Food,IL,גל-גל 400 גרם,גרמים,400.00,100 גרם,false,1,13.90,3.48,true,1,
7290004494063,false,יין דלתון פטיט סירה 750 מל,,,יין דלתון פטיט סירה,Unknown,0.00,Unknown,false,1,64.60,64.60,true,1,
7290004494148,false,יין דלתון מרלו 750 מל,"איי, בי, אינבוו",IL,"מרלו דלתון 750 מ""ל",Unknown,0.00,Unknown,false,1,64.90,64.90,true,1,
7290004494179,false,יין דלתון שרדונה 750 מל,"איי, בי, אינבוו",IL,יין דלתון שרדונה 750,Unknown,0.00,Unknown,false,1,64.60,64.60,true,1,
7290004494919,false,יין כנען קברנה שיראז 750 מל דלתון,כצט,IL,יין כנען קברנה שיראז,מיליליטרים,750.00,"100 מ""ל",false,1,44.90,5.99,true,1,
7290004502690,false,וודקה פינלנדיה 1 ליטר,,,וודקה פינלנדיה 1 ל,מיליליטרים,1000.00,"100 מ""ל",false,1,99.90,9.99,true,1,
7290004584528,false,יוגורט דנונה ביו טבעי 1.7% 200 גרם,מיוצר עי קונדיטוריית,IL,יוגורט דנונה ביו טבע,גרמים,200.00,100 גרם,false,1,3.70,1.85,true,1,
7290004603175,false,מלח ים גס 500 ג' מלח הארץ,מולינו ניקולי s.p.a,IL,מלח ים האדום גס 500,גרמים,500.00,100 גרם,false,1,9.50,1.90,true,1,
7290004685089,false,לחם הארץ לחם חמניות 500 גר',יוליניבר,IL,לחם חמניות 500 גרם,גרמים,500.00,100 גרם,false,1,17.90,3.58,true,1,
7290004685126,false,לחם 5 דגנים לחם הארץ,יוליניבר,IL,לחם 5 דגנים 750 גרם,גרמים,750.00,100 גרם,false,1,17.90,2.39,true,1,
7290004685157,false,לחם שיפון 100% 750 גר',יוליניבר,IL,לחם שיפון 100%,גרמים,750.00,100 גרם,false,1,17.90,2.39,true,1,
7290004685195,false,לחם 10 דגנים לחם האר,יוליניבר,IL,לחם 10 דגנים,גרמים,750.00,100 גרם,false,1,17.90,2.39,true,1,
7290004685430,false,לחם כוסמין 100% 500 גר',יוליניבר,IL,לחם כוסמין 100% 500,גרמים,500.00,100 גרם,false,1,17.90,3.58,true,1,
7290004685447,false,שישיית לחמניות כוסמין,מאפיות ברמן,IL,שישיית לחמניות כוסמי,Unknown,0.00,Unknown,false,1,16.50,16.50,true,1,
7290004685478,false,פיתות כוסמין 100% כוסמין 550 גרם,מאפית ברמן,IL,פיתות כוסמין 100% כו,גרמים,550.00,100 גרם,false,1,17.90,3.25,true,1,
7290004731076,false,אל סבון אלוורה כיף 1 ל',טרופיקל דגיל תעשיות,IL,אלסבון כיף 1 ליטר,ליטרים,0.00,ליטר,false,1,16.00,16.00,true,1,
7290004731564,false,"סנו - מקסימה מרסס למייבש כביסה פריחה כחולה 750 מ""ל",סנו,IL,מבשם ומרכך כביסה למי,מיליליטרים,750.00,"100 מ""ל",false,1,19.90,2.65,true,1,
7290004768911,false,אונט ריב מובחר טרי,,,אונט ריב מובחר טרי,Unknown,0.00,"ק""ג",true,0,69.90,69.90,true,1,
7290004872021,false,קרחון רמזור 80ג' נסטלה,המאפיה של הרמן,IL,קרחון קול רמזור,Unknown,0.00,Unknown,false,1,3.50,3.50,true,1,
7290005008184,false,"פלמוליב - תחליב רחצה נטורלס שקדים 500 מ""ל",הנסיך- מפעל לייצור ט,TR,פלמוליב נטורלס סבון,מיליליטרים,500.00,"100 מ""ל",false,1,21.90,4.38,true,1,
7290005020162,false,"וויסקי בלנטייניס 700 מ""ל",פרנו,IL,וויסקי בלנטיינס 700,מיליליטרים,700.00,"100 מ""ל",false,1,84.90,12.13,true,1,
7290005020346,false,בקרדי קרטה בלנקה סופ,תאגיד בקרדי,US,"רום בקרדי לבן 750 מ""",מיליליטרים,750.00,"100 מ""ל",false,1,115.90,15.45,true,1,
7290005079290,false,גבינה צהובה נעם 15%,,,גבינה צהובה נעם 15%,Unknown,0.00,"ק""ג",true,0,78.90,78.90,true,1,
7290005084355,false,"סנסודיין - משחת שיניים דואל קר זהב 75 מ""ל",DE MICLEN,IL,משחת שיניים סנסודיי,גרמים,75.00,100 גרם,false,1,22.90,30.53,true,1,
7290005095344,false,נר נשמה שבועי,,CN,נר נשמה שבועי,Unknown,0.00,Unknown,false,1,14.50,14.50,true,1,
7290005095351,false,קופסאות סמרט 3 יח,,IL,קופסאות סמרט 3 יח,Unknown,0.00,Unknown,false,1,12.90,12.90,true,1,
7290005095375,false,כוסות לשתייה קרה 100 יח,,TR,כוסות לשתייה קרה 100,Unknown,0.00,Unknown,false,1,8.90,8.90,true,1,
7290005095573,false,מצת קליפר,,,מצת קליפר,Unknown,0.00,Unknown,false,1,7.20,7.20,true,1,
7290005095641,false,חטיף תפוחה מצוקה 230 גר שלוה,,,חטיף תפוחה מצוקה 230,גרמים,230.00,100 גרם,false,1,9.90,4.30,true,1,
7290005095658,false,תפיחוני תירס מתוקים 150 גר שלוה,,,תפיחוני תירס מתוקים,גרמים,150.00,100 גרם,false,1,9.90,6.60,true,1,
7290005095702,false,חיטה תפוחה בדבש 200 גר שלוה,,,חיטה תפוחה בדבש 200,גרמים,200.00,100 גרם,false,1,9.90,4.95,true,1,
7290005197758,false,עוגיות חיוכים שוקו שוקו 150ג',אפיפית נצרת (1971) ב,IL,חיוכים שוקו 150 גרם,גרמים,150.00,100 גרם,false,1,7.20,4.80,true,1,
7290005200786,false,תפוצ'יפס שמנת ובצל 50 גרם,"שטראוס פריטו ליי בע""",IL,תפוציפס שמנת ובצל 50,גרמים,50.00,100 גרם,false,1,4.30,8.60,true,1,
7290005201882,false,קפה טורקי עלית 200 גרם,הנסיך- מפעל לייצור ט,IL,קפה טורקי עלית 200 ג,גרמים,200.00,100 גרם,false,1,17.90,8.95,true,1,
7290005287206,false,טונה סטארקיסט בשמן רביעיות 4*160 גר,"סטארקיסט פודור בע""מ",,טונה סטארקיסט בשמן ר,גרמים,640.00,100 גרם,false,1,25.90,4.05,true,1,
7290005287251,false,טונה סטארקיסט במים רביעיות 4*160 גר,"איטיליאן פוד, אס.פי.",,טונה סטארקיסט במים ר,גרמים,640.00,100 גרם,false,1,25.90,4.05,true,1,
7290005287510,false,טונה בשמן עם בפלפל חריף 160 ג' סטארקיסט,תאי יוניון גרופ,TH,טונה בשמן עם פלפל חר,גרמים,160.00,100 גרם,false,1,9.40,5.88,true,1,
7290005287527,false,טונה סטארקיסט בשמן עם לימון 160 גר,תאי יוניון גרופ,TH,טונה בשמן עם לימון 1,גרמים,160.00,100 גרם,false,1,9.40,5.88,true,1,
7290005287534,false,טונה בשמן עישון טבעי 160 ג' סטארקיסט,תאי יוניון גרופ,TH,טונה בשמן עישון טבעי,גרמים,160.00,100 גרם,false,1,9.40,5.88,true,1,
7290005326523,false,ממרח פסטו פטרוזיליה ונענע אוליביה 180 גר,,,ממרח פסטו פטרוזיליה,גרמים,180.00,100 גרם,false,1,14.50,8.06,true,1,
7290005326585,false,ממרח אוליביה פסטו בזיליקום 180 ג',"אוליביה גורמה בע""מ",IL,פסטו בזיליקום אוליבי,גרמים,180.00,100 גרם,false,1,16.40,9.11,true,1,
7290005423253,false,"סנו - מקסימה מרסס למייבש כביסה אולטרה פרש 750 מ""ל","סנו מפעלי ברונוס בע""",IL,סנו מקסימה למייבש 75,מיליליטרים,750.00,"100 מ""ל",false,1,19.90,2.65,true,1,
7290005424755,false,מטליות ריצפז פלוס לחות לניקוי רצפות דוחה תיקנים 10 יח' סנו,סנו מפעלי ברונוס בעמ,IL,מטלית דוחה תיקנים,Unknown,0.00,Unknown,false,1,17.90,17.90,true,1,
7290005425110,false,"סנו מתז לחיטוי משטיחים 750 מ""ל","סנו מפעלי ברונוס בע""",IL,מרסס לחיטוי משטחים 9,מיליליטרים,750.00,"100 מ""ל",false,1,14.90,1.99,true,1,
7290005425127,false,"חיטוי משטחים 99.9% מתז לשומנים ואבנית 750 מ""ל","סנו מפעלי ברונוס בע""",IL,מרסס מנקה שומנים 99.,מיליליטרים,750.00,"100 מ""ל",false,1,14.90,1.99,true,1,
7290005431883,false,עדן מלבי חלבי 165 גר,לחמנו,IL,מלבי חלבי 165 גר,גרמים,165.00,100 גרם,false,1,8.20,4.97,true,1,
7290005431968,false,מלבי שמנת 150 גרם,תנובה,IL,מלבי שמנת 150 גרם,גרמים,150.00,100 גרם,false,1,8.70,5.80,true,1,
7290005555100,false,פיקדון רביעייה,,,פיקדון רביעייה,Unknown,0.00,Unknown,false,1,1.20,1.20,true,1,
7290005555101,false,פיקדון שישייה,,,פיקדון שישייה,Unknown,0.00,Unknown,false,1,1.80,1.80,true,1,
7290005559907,false,פיצה משפחתית גבינה מעדנות 500 גר,מיוצר עי קונדיטוריית,IL,פיצה משפחתית גבינה,גרמים,500.00,100 גרם,false,1,24.90,4.98,true,1,
7290005559914,false,פיצה משפחתית זיתים מעדנות 550 גר,מיוצר עי קונדיטוריית,IL,פיצה משפחתית זיתים מ,גרמים,550.00,100 גרם,false,1,25.90,4.71,true,1,
7290005559990,false,בצק פילאס תורכי מעדנות 600 גר,מיוצר עי קונדיטוריית,IL,בצק פילאס תורכי מעדנ,גרמים,600.00,100 גרם,false,1,25.90,4.32,true,1,
7290005571022,false,צלי כתף טרי,,,צלי כתף טרי,Unknown,0.00,"ק""ג",true,0,89.90,89.90,true,1,
7290005571039,false,פילה עגל מדומה טרי,,,פילה מדומה טרי,Unknown,0.00,"ק""ג",true,0,69.90,69.90,true,1,
7290005571046,false,כתף בקר מרכזי טרי,,,כתף בקר מרכזי טרי,Unknown,0.00,"ק""ג",true,0,69.90,69.90,true,1,
7290005571060,false,אוסובוקו בקר טרי,,,אוסובוקו בקר טרי,Unknown,0.00,"ק""ג",true,0,49.90,49.90,true,1,
7290005571169,false,צך טרי שלם,,,צך טרי,Unknown,0.00,"ק""ג",true,0,69.90,69.90,true,1,
7290005571183,false,שייטל בקר שלם,,,שייטל שלם,Unknown,0.00,"ק""ג",true,0,89.90,89.90,true,1,
7290005571596,false,סינטה פילה עגלה קוד קניה,,,סינטה עגל טרי,Unknown,0.00,"ק""ג",true,0,99.90,99.90,true,1,
7290005571909,false,אנטריקוט עגל טרי ללא עצם,,,אנטריקוט עגל טרי,Unknown,0.00,"ק""ג",true,0,169.90,169.90,true,1,
7290005591761,false,דבש טהור מפרחי בר בלחיץ 400 ג' יד מרדכי,מכוורת יד מרדכי שטרא,IL,דבש טהור לחיץ פרחי ב,גרמים,400.00,100 גרם,false,1,24.90,6.23,true,1,
7290005610509,false,צנונית בייבי ארוז,חקלאי,IL,צנונית,Unknown,0.00,Unknown,false,1,7.90,7.90,true,1,
7290005678585,false,סקרלוטה ללא חרצנים,,,סקרלוטה ללא חרצנים,Unknown,0.00,"ק""ג",true,0,39.90,39.90,true,1,
7290005680052,false,או-בה טמפון קלאסי סופר פלוס 32יח',גונסון אנד גונסון,GR,אובה סופר פלוס 32,Unknown,0.00,Unknown,false,1,24.90,24.90,true,1,
7290005811128,false,בייגלה מקמח כוסמין עם שומשום 300 גרם,"אם החיטה בע""מ",IL,בייגלה מקמח כוסמין ע,גרמים,300.00,100 גרם,false,1,16.90,5.63,true,1,
7290005838002,false,מעדן גבינה ויוגורט בטעם וניל 88 ג' דניאלה,"שטראוס בריאות בע""מ",IL,דניאלה וניל 100 גרם,גרמים,88.00,100 גרם,false,1,4.30,4.89,true,1,
7290005838613,false,גבינת וניל שטראוס 125 ג',"שטראוס בריאות בע""מ",IL,סקי וניל 125 גרם,גרמים,125.00,100 גרם,false,1,4.00,3.20,true,1,
7290005839078,false,"דנונה יוגורט ביו 3% לבן מארז 150X8מ""ל",מיוצר עי קונדיטוריית,IL,מולטיפק יוגורט דנונה,ליטרים,0.00,ליטר,false,1,17.90,17.90,true,1,
7290005839108,false,גבינה לבנה סימפוניה עם תוספות 200 ג'+זיתים 5%,"שטראוס בריאות בע""מ",IL,סימפוניה 5% עם זיתים,גרמים,200.00,100 גרם,false,1,12.90,6.45,true,1,
7290005839313,false,"מילקי טופ שוקולד מגולגל 170 מ""ל",מיוצר עי קונדיטוריית,IL,מילקי טופ מגולגלת 13,גרמים,130.00,100 גרם,false,1,5.30,4.08,true,1,
7290005896620,false,מים מוגז ' סאן בנדטו ' יחידה,אקווה מינרלה סאן בנד,IT,מים סאן בנדטו 1.5 ל,ליטרים,0.00,ליטר,false,1,3.60,3.60,true,1,
7290005896637,false,מים סן בנדטו בודד 1.5 ליטר-,אקווה מינרלה סאן בנד,IT,מים סאן בנדיטו 1.5 ל,ליטרים,0.00,ליטר,false,1,4.00,4.00,true,1,
7290005992018,false,יוגורט עיזים 3% שומן 500 ג' גד,"מיוצר ע""י קוד יצרן M",IL,יוגורט עיזים 500 מל,גרמים,500.00,100 גרם,false,1,13.90,2.78,true,1,
7290005992575,false,גבינה בולגרית למריחה 5% גד 250ג',מחלבות גד בעמ,IL,בולגרית למריחה 250 ג,גרמים,250.00,100 גרם,false,1,20.50,8.20,true,1,
7290005992735,false,גבינה לבנה טבעית 250 גר,הנסיך- מפעל לייצור ט,IL,גבינה לבנה טבעית 250,גרמים,250.00,100 גרם,false,1,13.50,5.40,true,1,
7290006189028,false,מיני פריזר עגל 480 גרם,,IL,מיני פריזר עגל 480 ג,גרמים,480.00,100 גרם,false,1,22.90,4.77,true,1,
7290006189358,false,סטייק אנטריקוט מוצר בשר מעובד מופשר,,,אנטריקוט מעובד מופשר,Unknown,0.00,"ק""ג",true,0,99.90,99.90,true,1,
7290006194015,false,גבינת גורגונזולה פיקנטית במשקל,,,גבינת גורגונזולה פיק,Unknown,0.00,"ק""ג",true,0,200.00,200.00,true,1,
7290006199027,false,מאגדת גלידל וניל מצופה סורבה תות שדה [8],פלקו בעמ,IL,מאגדת גלידל וניל\פטל,גרמים,600.00,100 גרם,false,1,33.50,5.58,true,1,
7290006199218,false,מאגדת גלידל אייס מוקה 8 יח דיאט,פלדמן,IL,מאגדת גלידל אייס מוק,גרמים,400.00,100 גרם,false,1,33.50,8.38,true,1,
7290006200006,false,ולנסי מנות במשקל,,,ולנסי מנות במשקל,Unknown,0.00,"ק""ג",true,0,157.00,157.00,true,1,
7290006200013,false,ברי פסטוק מנות במשקל,,,ברי פסטוק מנות במשקל,Unknown,0.00,"ק""ג",true,0,155.00,155.00,true,1,
7290006229427,false,שישיית מים מינרלים סאן בנדטו 500 מל,טמפו,,שישיית מים מינרלים ס,ליטרים,0.02,ליטר,false,1,13.90,695.00,true,1,
7290006241535,false,"פריגת קפוא מנגו 280מ""ל",היינץ צפון אמריקה מק,IL,פריז מנגו 340 גרם,ליטרים,0.00,ליטר,false,1,16.90,16.90,true,1,
7290006241689,false,פריז לימון קפוא 340 גרם,היינץ צפון אמריקה מק,IL,פריז לימון קפוא 340,גרמים,340.00,100 גרם,false,1,16.90,4.97,true,1,
7290006251107,false,תה ויסוצקי צ'אי מסאלה 25 יח',מולינו ניקולי s.p.a,IL,תה צאי מסאלה 25 שקיק,Unknown,0.00,Unknown,false,1,19.90,19.90,true,1,
7290006251268,false,תה ירוק תפוח וקינמון 25 שקיקים 1.5 גר,,IL,תה ירוק תפוח וקינמון,Unknown,0.00,Unknown,false,1,26.90,26.90,true,1,
7290006251374,false,תה ירוק לימונית וגינגר 25 שקיקים ויסוצקי,ויסוצקי,IL,תה ירוק לימונית וגינ,Unknown,0.00,Unknown,false,1,26.90,26.90,true,1,
7290006265500,false,פטריות שמפיניון ארוז מרינה,"מרינה פטריות הגליל בע""מ",IL,פטריות שמפיניון ארוז,Unknown,0.00,Unknown,false,1,12.90,12.90,true,1,
7290006271174,false,ג'חנון לאפיה בתנור מעדנות 700 ג',מיוצר עי קונדיטוריית,IL,גחנון בצק מעדנות,גרמים,700.00,100 גרם,false,1,21.90,3.13,true,1,
7290006271648,false,"מיני בורקס תפו""א מוזל מעדנות","מעדנות בע""מ",IL,"מיני בורקס תפו""א 800",גרמים,650.00,100 גרם,false,1,29.90,4.60,true,1,
7290006271655,false,מיני בורקס גבינה מוזל מעדנות,מיוצר עי קונדיטוריית,IL,מיני בורקס גבינה,גרמים,800.00,100 גרם,false,1,32.50,4.06,true,1,
7290006272072,false,חטיפי פיצה בשקית מעדנות 650ג',"מעדנות בע""מ",IL,חטיפי פיצה גבינה,גרמים,650.00,100 גרם,false,1,36.90,5.68,true,1,
7290006306296,false,רביולי נונה במילוי גבינה לילדים 400 גרם,פסטנונה רמת דלטון מר,IL,רביולי גבינה לילדים,גרמים,400.00,100 גרם,false,1,27.90,6.98,true,1,
7290006306302,false,רביולי במילוי גבינות פרמזן ריקוטה 400 ג' פסטה נונה,פסטה נונה,IL,רביולי גבינה ופרמזן,גרמים,400.00,100 גרם,false,1,27.90,6.98,true,1,
7290006306326,false,רביולי במילוי פטריות וגבינת פרמזן פסטה נונה 400 ג',דורום תעשיות מזון ופ,IL,רביולי פטריות 400 גר,גרמים,400.00,100 גרם,false,1,27.90,6.98,true,1,
7290006306333,false,רביולי במילוי תרד וגבינת ריקוטה פסטה נונה 400 ג',דורום תעשיות מזון ופ,IL,רביולי תרד 400 גר,גרמים,400.00,100 גרם,false,1,27.90,6.98,true,1,
7290006306357,false,רביולי במילוי גבינת עיזים 400 ג' פסטה נונה,דורום תעשיות מזון ופ,IL,רביולי גבינת עיזים 4,גרמים,400.00,100 גרם,false,1,24.90,6.23,true,1,
7290006342065,false,בוטנים קלויים 200 ג ששון הקולה,,,בוטן קלויים 200 גרם,גרמים,200.00,100 גרם,false,1,7.90,3.95,true,1,
7290006342072,false,גרעין לבן 200 גרם ששון הקולה,דין שיווק,IL,גרעין לבן 200 גרם,גרמים,200.00,100 גרם,false,1,9.90,4.95,true,1,
7290006342447,false,גרעין אבטיח 200 גרם ששון הקולה,,,גרעין אבטיח 200 גרם,גרמים,200.00,100 גרם,false,1,15.90,7.95,true,1,
7290006342515,false,מנצס 200 גרם ששון הקולה,יושלם,,מנצס 200 גרם ששון הק,גרמים,200.00,100 גרם,false,1,6.90,3.45,true,1,
7290006342553,false,קבוקים 200 גרם ששון וקולה,יושלם,,קבוקים 200 גרם ששון,גרמים,200.00,100 גרם,false,1,5.90,2.95,true,1,
7290006355065,false,קשקבליו איטלקי במשקל,,,קשקבליו איטלקי במשקל,Unknown,0.00,"ק""ג",true,0,204.00,204.00,true,1,
7290006355119,false,קשקבליו איטלקי מעושן במשקל,,,קשקבליו איטלקי מעושן,Unknown,0.00,"ק""ג",true,0,204.00,204.00,true,1,
7290006374653,false,דבש לייט מופחת קלוריות יד מרדכי 350 ג',,,דבש לייט 350 גר,גרמים,350.00,100 גרם,false,1,36.90,10.54,true,1,
7290006374738,false,קונפיטורת יד מרדכי תות 340 גרם,אף.סי תבליני בגליל ב,IL,קונפיטורת יד מרדכי ת,גרמים,340.00,100 גרם,false,1,15.90,4.68,true,1,
7290006449023,false,עירית,,,עירית,Unknown,0.00,Unknown,false,1,5.90,5.90,true,1,
7290006449047,false,רוזמרין,,,רוזמרין,Unknown,0.00,Unknown,false,1,5.90,5.90,true,1,
7290006459510,false,נרות חנוכה רגיל 44 יח,,CN,נרות חנוכה רגיל 44 י,Unknown,0.00,Unknown,false,1,3.90,3.90,true,1,
7290006459527,false,נרות חנוכה לוקס לא נוטפים 45 יח,,CN,נרות חנוכה לוקס לא נ,Unknown,0.00,Unknown,false,1,7.50,7.50,true,1,
7290006459947,false,"פחמים גריל פרימיום שקד 2 ק""ג",,דרום אמריקה,פחמים גריל פרימיום ש,קילוגרמים,0.00,"ק""ג",false,1,21.90,21.90,true,1,
7290006459961,false,קרקר אובלטים קלאסי עם קימל 282 גר,,,קרקר אובלטים קלאסי ע,גרמים,282.00,100 גרם,false,1,11.90,4.22,true,1,
7290006459978,false,קרקר אובלטים קלאסי עם שומשום 282 גר,,,קרקר אובלטים קלאסי ע,גרמים,282.00,100 גרם,false,1,11.90,4.22,true,1,
7290006464630,false,כף טרי,,,כף טרי,Unknown,0.00,"ק""ג",true,0,69.90,69.90,true,1,
7290006492432,false,גבינת מוצרלה בייבי 18% 300 ג' גד,מחלבות גד בעמ,IL,מוצרלה בייבי 150 גרם,גרמים,170.00,100 גרם,false,1,15.30,9.00,true,1,
7290006492616,false,גבינה בולגרית פרוסות 5% 250 ג' גד,DSH עבור מחלבות גד ב,IL,בולגרית בפרוסות 5% 2,גרמים,250.00,100 גרם,false,1,28.30,11.32,true,1,
7290006492630,false,גבינת גליל עזים 22% 180 ג' גד,מחלבות גד בעמ,IL,גליל גבינת עיזים 180,גרמים,180.00,100 גרם,false,1,26.90,14.94,true,1,
7290006492647,false,גד מטבעות גבינת עיזים 22% 150 ג',"מיוצר ע""י קוד יצרן t",IL,מטבעות גבינת עיזים 1,גרמים,150.00,100 גרם,false,1,28.90,19.27,true,1,
7290006492685,false,לאבנה עזים 5% שומן 250 ג' גד,מחלבות גד בעמ,IL,לבנה עיזים 3% 250 גר,גרמים,250.00,100 גרם,false,1,19.90,7.96,true,1,
7290006492852,false,גבינת עיזים למריחה 5% שומן 250 ג' גד,מחלבות גד,IL,גבינה לבנה עיזים 250,גרמים,250.00,100 גרם,false,1,18.20,7.28,true,1,
7290006492913,false,ציזיקי לבנה למריחה בתוספת שום שמיר,מחלבות גד בעמ,IL,לבנה ציזיקי 250 גרם,גרמים,250.00,100 גרם,false,1,15.50,6.20,true,1,
7290006520500,false,שוקיים עוף טרי,,,שוקיים עוף טרי,Unknown,0.00,"ק""ג",true,0,29.90,29.90,true,1,
7290006559029,false,כדורי מוצרלה בופלו במשקל,,,כדורי מוצרלה בופלו,Unknown,0.00,"ק""ג",true,0,170.00,170.00,true,1,
7290006567048,false,קוסקוס ישראלי מפתול אסם 350ג',"מיוצר ע""י קוד יצרן K",IL,פתיתי קוסקוס ישראלי,גרמים,350.00,100 גרם,false,1,10.50,3.00,true,1,
7290006652027,false,מארז במבה יום הולדת 15X20 גרם,מיוצר עי קונדיטוריית,IL,במבה מולטי פק 15 יחי,גרמים,300.00,100 גרם,false,1,27.20,9.07,true,1,
7290006653765,false,פסטה פרפקטו פטוציני 500ג' אסם,פסטה זארה,IL,פטוציני פרפקטו 500 ג,גרמים,500.00,100 גרם,false,1,8.30,1.66,true,1,
7290006653819,false,פתיתי קוסקוס דק 350 גרם,"מיוצר ע""י קוד יצרן K",IL,פתיתי קוסקוס דק 350,גרמים,350.00,100 גרם,false,1,10.50,3.00,true,1,
7290006660411,false,בוטני מגבונים טבעיים ואקולוגיים,,,בוטני מגבונים טבעיים,Unknown,0.00,Unknown,false,1,9.90,9.90,true,1,
7290006660602,false,מי קוקוס אורגני גרין קוקו קרטונית 1 ליטר,בן טרה ג'וינט סטוק,PH,מי קוקוס אורגני גרין,מיליליטרים,1000.00,"100 מ""ל",false,1,20.90,2.09,true,1,
7290006664655,false,"אקטימל לבן טבעי מארז 100X8 מ""ל",מיוצר עי קונדיטוריית,IL,אקטימל טבעי שמינייה,מיליליטרים,800.00,"100 מ""ל",false,1,22.70,2.84,true,1,
7290006681553,false,מארז קרמבו וניל שטראוס 8 יח',"גלידת שטראוס בע""מ",IL,שטראוס קרמבו וניל 8,Unknown,0.00,Unknown,false,1,17.90,17.90,true,1,
7290006704832,false,אוכמניות טריות יחידה,,,אוכמניות טריות יחידה,Unknown,0.00,Unknown,false,1,19.90,19.90,true,1,
7290006705334,false,מקלות סורימי 200 גרם,,,מקלות סורימי 200 גרם,גרמים,200.00,100 גרם,false,1,5.10,2.55,true,1,
7290006705594,false,נתחי סורימי 200 גרם,,,נתחי סורימי 200 גרם,גרמים,200.00,100 גרם,false,1,5.20,2.60,true,1,
7290006719058,false,חלה רגילה,,,חלה רגילה,גרמים,500.00,100 גרם,false,1,5.17,1.03,true,1,
7290006724472,false,טחינה אורגנית 500 גרם ליב,אחדות,IL,טחינה אורגנית 500 גר,גרמים,500.00,100 גרם,false,1,19.90,3.98,true,1,
7290006724762,false,ממרח זיתי קלמטה 185 גרם,,IL,ממרח זיתי קלמטה 185,גרמים,185.00,100 גרם,false,1,25.10,13.57,true,1,
7290006724786,false,ממרח פלפלים קלויים 185 גרם,,IL,ממרח פלפלים קלויים 1,גרמים,185.00,100 גרם,false,1,25.10,13.57,true,1,
7290006724809,false,ממרח ארטישוק 185 גרם,,IL,ממרח ארטישוק 185 גרם,גרמים,185.00,100 גרם,false,1,25.10,13.57,true,1,
7290006764072,false,"בירה גולדסטאר בק חוזר 500 מ""ל","טמפו משקאות בע""מ",IL,"בירה גולדסטאר 500 מ""",מיליליטרים,500.00,"100 מ""ל",false,1,7.70,1.54,true,1,
7290006764485,false,"בירה נשר מאלט שחורה מארז 330X6מ""ל",טמפו,,שישיית נשר מאלט בקבו,מיליליטרים,1980.00,"100 מ""ל",false,1,31.90,1.61,true,1,
7290006765000,false,טורטיות חיטה מלאה 8יח 540 ג',אלקטי קוראבייכיסיגיד,TR,טורטיה מקמח מלא 540,גרמים,540.00,100 גרם,false,1,11.40,2.11,true,1,
7290006765895,false,בוטן בקליפה 200 גרם שושן הקולה,דין שיווק,IL,בוטן בקליפה 200 גרם,גרמים,200.00,100 גרם,false,1,8.90,4.45,true,1,
7290006822192,false,מיץ חמוציות דיאט אושן ספריי 1 ליטר,מבשלות בירה בינלאומי,IL,נקטר פריגת דיאט חמוצ,מיליליטרים,1000.00,"100 מ""ל",false,1,13.50,1.35,true,1,
7290006833822,false,נקניקיות עוף 600 גר מזרע,,,נקניקיות עוף 600 גר,גרמים,600.00,100 גרם,false,1,23.90,3.98,true,1,
7290006834539,false,גבינת קומבוזולה גרמנית במשקל,,,גבינת קומבוזולה,Unknown,0.00,"ק""ג",true,0,199.00,199.00,true,1,
7290006834553,false,גבינת רוגט גרמני במשקל,,,גבינת רוגט גרמני,Unknown,0.00,"ק""ג",true,0,225.00,225.00,true,1,
7290006835321,false,קבנוס עגל 250 גר,,,קבנוס עגל 250 גר,גרמים,250.00,100 גרם,false,1,23.90,9.56,true,1,
7290006855244,false,ברבריא חטיף אגוזים שקדים וצימוקים 30*4,,,ברבריא חטיף אגוזים ש,גרמים,120.00,100 גרם,false,1,19.80,16.50,true,1,
7290006899255,false,תה סרמוני א.גריי 20 שקיות,סרמוני תה בעמ,,תה סרמוני א.גריי 20,Unknown,0.00,Unknown,false,1,19.90,19.90,true,1,
7290006899316,false,תה סרמוני סנצה יפני 20 שקיות,,,תה סרמוני סנצה יפני,Unknown,0.00,Unknown,false,1,19.90,19.90,true,1,
7290006899354,false,תה סרמוני קמומיל 20 שק`,,,תה סרמוני קמומיל 20,Unknown,0.00,Unknown,false,1,19.90,19.90,true,1,
7290006960023,false,כרוב כבוש 750 גר,,,כרוב כבוש 750 גר,גרמים,750.00,100 גרם,false,1,23.00,3.07,true,1,
7290006960337,false,מיקס פטריות יח 400 גרם,,IL,מיקס פטריות יח 400 ג,גרמים,600.00,100 גרם,false,12,33.50,5.58,true,1,
7290006960399,false,פטריות שמפיניון 400 גרם,,,פטריות שמפיניונים יח,גרמים,600.00,100 גרם,false,12,33.50,5.58,true,1,
7290006960429,false,"מאמא מרי כרוב בולגרי 1 ק""ג",,,כרוב בולגרי 1 קג,קילוגרמים,0.00,"ק""ג",false,1,21.90,21.90,true,1,
7290006983152,false,קרוטונים מתובלים למרק 400 ג' אסם,עינת תעשיות,IL,קרוטונים מתובלים למר,גרמים,400.00,100 גרם,false,1,21.90,5.48,true,1,
7290006983176,false,אוסם - לחמית שיפון 250 גרם,"אסם השקעות בע""מ",IL,לחמית שיפון 230 גרם,גרמים,230.00,100 גרם,false,1,11.00,4.78,true,1,
7290006983763,false,עוגת הבית שוקולד 400 ג' אסם,מיוצר עי קונדיטוריית,IL,עוגת שוקולד 400 גרם,גרמים,400.00,100 גרם,false,1,13.40,3.35,true,1,
7290006983770,false,עוגת הבית שיש 400 ג' אסם,מיוצר עי קונדיטוריית,IL,עוגת שיש 400 גרם,גרמים,400.00,100 גרם,false,1,13.40,3.35,true,1,
7290006983787,false,עוגת הבית שוקוציפס 400 ג' אסם,מיוצר עי קונדיטוריית,IL,עוגת שוקוציפס 400 גר,גרמים,400.00,100 גרם,false,1,13.40,3.35,true,1,
7290006983794,false,עוגת הבית תפוז 400 ג' אסם,מיוצר עי קונדיטוריית,IL,עוגת תפוז 400 גרם,גרמים,400.00,100 גרם,false,1,13.40,3.35,true,1,
7290008101356,false,קריספ פאנקו זהוב 300 גרם,,IL,קריספ פנקו זהוב 300,גרמים,300.00,100 גרם,false,0,10.90,3.63,true,1,
7290008175210,false,גבינת פרמזן מגורדת 90ג' ויליפוד,זנטי אס.איי.,IT,פרמזן מגורדת 90 גר,Unknown,0.00,Unknown,false,1,17.90,17.90,true,1,
7290008175814,false,וילי פוד פטריות שמפניון חתיכות 400 גר`,"אוקצ'מפ אס, איי אויי",PL,וילי פוד פטריות שמפנ,גרמים,400.00,100 גרם,false,1,4.90,1.23,true,1,
7290008310017,false,אמפנדס בשר חייקה700,חייקה,IL,אמפנדאס בשר 700 גרם,גרמים,700.00,100 גרם,false,1,40.90,5.84,true,1,
7290008310086,false,בצק אמפנדאס 700 גרם,חייקה,IL,בצק אמפנדאס 700 גרם,גרמים,700.00,100 גרם,false,1,29.90,4.27,true,1,
7290008310406,false,אמפנדס פטריות 700 גרם,,IL,אמפנדאס פטריות 700 ג,גרמים,700.00,100 גרם,false,1,40.90,5.84,true,1,
7290008329286,false,כפיות לבנות 100,,TR,כפיות לבנות 100,Unknown,0.00,Unknown,false,1,8.90,8.90,true,1,
7290008329309,false,מזלגות פרמיום שקוף/קרם/לבן/זהב דנטס אר 50 יח,,TR,מזלגות פרמיום שקוף/ק,Unknown,1.00,Unknown,false,1,9.50,9.50,true,1,
7290008329316,false,כפות פרימיום שקוף/קרם/לבן/זהב דנטס 50 יח,,TR,כפות פרימיום שקוף/קר,Unknown,1.00,Unknown,false,1,9.50,9.50,true,1,
7290008333115,false,אבקת ג'לטין טהור נטו 28 ג',ג'ליק פיניור,,גלטין 28 גר,גרמים,28.00,100 גרם,false,1,11.90,42.50,true,1,
7290008343466,false,בצק פילו 500 גרם שלושת האופים,כלורוקס אוקלנד,IL,בצק פילו 500 גר,גרמים,500.00,100 גרם,false,1,25.90,5.18,true,1,
7290008343602,false,"קובה בשר 1 ק""ג שלושת האופים",,,"קובה בשר 1 ק""ג",Unknown,0.00,Unknown,false,1,23.90,23.90,true,1,
7290008403832,false,אולד רוטרדם בקר במשקל,הנרי ויליך,NL,אולד רוטרדם בקר במשק,Unknown,0.00,"ק""ג",true,0,165.00,165.00,true,1,
7290008403900,false,גבינת גאודה עגבניות וזיתים במשקל,מיוצר עי קונדיטוריית,NL,גבינת גאודה עגבניות,Unknown,0.00,"ק""ג",true,0,135.00,135.00,true,1,
7290008403931,false,גבינת גאודה כמון במשקל,מיוצר עי קונדיטוריית,NL,גבינת גאודה כמון,Unknown,0.00,"ק""ג",true,0,150.00,150.00,true,1,
7290008409049,false,מאמא עוףמיני שניצלים בציפוי שומשום 500 ג,תנובה גליל שותפות מו,IL,מאמא עוף מיני שניצלי,גרמים,500.00,100 גרם,false,1,31.90,6.38,true,1,
7290008409216,false,שניצל דק פריך מאמא עוף 700 ג',תנובה גליל,IL,שניצל דק דק פריך 700,גרמים,700.00,100 גרם,false,1,42.90,6.13,true,1,
7290008409315,false,מיני מיני דק שניצלונים בציפוי פריך מאמא עוף 500 ג',תנובה גליל,IL,מאמא עוף מיני שניצלי,גרמים,500.00,100 גרם,false,1,31.90,6.38,true,1,
7290008409551,false,שניצל עוף אמיתי בציפוי מעודן 700 ג' מאמא עוף,תנובה גליל שותפות מו,IL,שניצל עוף אמיתי בציפ,גרמים,700.00,100 גרם,false,1,44.50,6.36,true,1,
7290008425124,false,יוגורט לאסי 500 מל,,,יוגורט לאסי 500 מל,מיליליטרים,500.00,"100 מ""ל",false,1,19.90,3.98,true,1,
7290008425186,false,זיתים סורי 400 גרם,,,זיתים סורי 400 גרם,גרמים,400.00,100 גרם,false,1,22.90,5.73,true,1,
7290008425339,false,"נקטר שזיף 330 מ""ל",,,"נקטר שזיף 330 מ""ל",מיליליטרים,330.00,"100 מ""ל",false,1,13.20,4.00,true,1,
7290008425513,false,מיץ תפוחים טבעי אורגני 1 ליטר,,,מיץ תפוחים טבעי אורג,מיליליטרים,1000.00,"100 מ""ל",false,1,29.90,2.99,true,1,
7290008437011,false,שריר טרי,,,שריר בקר טרי,Unknown,0.00,"ק""ג",true,0,49.90,49.90,true,1,
7290008437127,false,רגל עגל חלב קפוא מזרע,,,רגל עגל קפוא מזרע,Unknown,0.00,"ק""ג",true,0,36.90,36.90,true,1,
7290008437646,false,שקית גופיה טיב טעם,,,שקית גופיה,Unknown,0.00,Unknown,false,1,0.10,0.10,true,1,
7290008439411,false,בלוק פטה אווז במשקל,,,בלוק פטה אווז במשקל,Unknown,0.00,"ק""ג",true,0,75.00,75.00,true,1,
7290008462204,false,חרדל דיזיון מקורי 380 גרם,יוניליבר צרפת,FR,חרדל דיזון מקורי 380,גרמים,380.00,100 גרם,false,1,18.90,4.97,true,1,
7290008464024,false,"בירה גולדסטאר לא מסוננת 500 מ""ל פחית","טמפו משקאות בע""מ",IL,בירה גולדסטאר לא מסו,מיליליטרים,500.00,"100 מ""ל",false,1,10.90,2.18,true,1,
7290008464130,false,"שישיית בירה גולדסטאר 330 מ""ל UNFILTERED",טמפו,IL,שישיית בירה גולדסטאר,מיליליטרים,1980.00,"100 מ""ל",false,1,36.90,1.86,true,1,
7290008464222,false,"בירה מכבי 7.9% פחית 500 מ""ל","טמפו משקאות בע""מ",IL,בירה מכבי 7.9% פחית,מיליליטרים,500.00,"100 מ""ל",false,1,8.90,1.78,true,1,
7290008464406,false,פפסי מקס פחית להחזרה,"טמפו משקאות בע""מ",IL,"פחית פפסי מקס 330 מ""",מיליליטרים,330.00,"100 מ""ל",false,1,4.30,1.30,true,1,
7290008464468,false,"בירה גולדסטאר פחית 500 מ""ל","טמפו משקות בע""מ",IL,"גולדסטאר פחית 500 מ""",מיליליטרים,500.00,"100 מ""ל",false,1,9.30,1.86,true,1,
7290008464475,false,"בירה מכבי פחית 500 מ""ל","טמפו משקאות בע""מ",IL,בירה מכבי פחית 500 מ,מיליליטרים,500.00,"100 מ""ל",false,1,9.90,1.98,true,1,
7290008464505,false,מים מינרלים סן בנדטו,אקווה מינרלה סאן בנד,IT,"מים סאן בנדטו 500 מ""",מיליליטרים,500.00,"100 מ""ל",false,1,2.90,0.58,true,1,
7290008464604,false,"בירה היינקן פחית 500מ""ל",טמפו משקאות בע''מ,NL,"היינקן פחית 500 מ""ל",מיליליטרים,500.00,"100 מ""ל",false,1,10.90,2.18,true,1,
7290008464611,false,"סודה טמפו בקבוק זכוכית 275 מ""ל",טמפו משקאות בעמ,IL,מי סודה 275 מל,מיליליטרים,275.00,"100 מ""ל",false,1,3.20,1.16,true,1,
7290008464635,false,"מי טוניק בקבוק 275 מ""ל",טמפו משקאות בעמ,IL,"סודה טוניק 275 מ""ל",מיליליטרים,275.00,"100 מ""ל",false,1,6.20,2.25,true,1,
7290008464673,false,"בירה גולדסטאר SLOWBREW פחית 10%, 500 מ""ל","טמפו משקאות בע""מ",IL,בירה גולדסטאר SLOW B,מיליליטרים,500.00,"100 מ""ל",false,1,10.90,2.18,true,1,
7290008464697,false,"שישיית בירה מכבי 7.9% 330 מ""ל",טמפו,IL,שישיית בירה מכבי 7.9,מיליליטרים,1980.00,"100 מ""ל",false,1,38.90,1.96,true,1,
7290008464703,false,"שישיית בקבוקי מכבי 330 מ""ל",טמפו,,שישיית בקבוקי מכבי 3,מיליליטרים,1980.00,"100 מ""ל",false,1,37.90,1.91,true,1,
7290008464741,false,"שישייית בירה גולדסטאר כהה 330X6 מ""ל",טמפו,IL,שישיית בקבוקי גולדסט,מיליליטרים,1980.00,"100 מ""ל",false,1,29.90,1.51,true,1,
7290008464796,false,"בירה היינקין ח""פ בקבוק 330X6מ""ל",טמפו,,שישיית הייניקן בקבוק,מיליליטרים,1980.00,"100 מ""ל",false,1,36.90,1.86,true,1,
7290008498296,false,גאודה עיזים תאנים אגוזים שקיל,,,גאודה עיזים תאנים אג,Unknown,0.00,"ק""ג",true,0,199.00,199.00,true,1,
7290008644235,false,עלי בייבי 120 גר' שטראוס,שטראוס בריאות ירקות,IL,עלי בייבי אחלה טבע,גרמים,120.00,100 גרם,false,1,12.90,10.75,true,1,
7290008644945,false,סלט המושבה שטופים שט,שטראוס בריאות ירקות,IL,סלט המושבה אחלה טבע,גרמים,450.00,100 גרם,false,1,11.90,2.64,true,1,
7290008645935,false,חומוס לניגוב אחלה 750 ג',"שטראוס גרופ בע""מ",IL,חומוס אחלה 750 גרם,גרמים,750.00,100 גרם,false,1,11.90,1.59,true,1,
7290008670005,false,רקנאטי גליל עליון שרדונה 750 מל,,,רקנאטי גליל עליון ש,Unknown,0.00,Unknown,false,1,67.90,67.90,true,1,
7290008670135,false,רקנאטי גליל עליון סוביניון בלאן 750 מל,רקנאטי,,רקנאטי גליל עליון סו,Unknown,0.00,Unknown,false,1,67.90,67.90,true,1,
7290008670142,false,"יין רקנאטי יסמין אדום 2019 750 מ""ל",רקנאטי,IL,רקנאטי יסמין אדום 75,Unknown,0.00,Unknown,false,1,39.90,39.90,true,1,
7290008670159,false,רקנאטי יסמין לבן 750 מל,"יקבי רקנאטי בע""מ",IL,רקנאטי יסמין לבן 201,Unknown,0.00,Unknown,false,1,39.90,39.90,true,1,
7290008670913,false,רקנאטי גליל עליון קברנה סובניון 750 מל,,,רקנאטי גליל עליון קב,Unknown,0.00,Unknown,false,1,67.90,67.90,true,1,
7290008670920,false,יין רקנאטי גליל עליון מרלו 750 מל,,,יין רקנאטי גליל עלי,Unknown,0.00,Unknown,false,1,67.90,67.90,true,1,
7290008690713,false,פריגת אושן ספריי חמוציות 1ל',מבשלות בירה בינלאומי,IL,נקטר אושן ספריי 1 ל,מיליליטרים,1000.00,"100 מ""ל",false,1,13.50,1.35,true,1,
7290008693134,false,מעדן גבינה ויוגורט בטעם תות 5% שומן 88 ג' דניאלה,"שטראוס בריאות בע""מ",IL,דניאלה תות 88 גרם,גרמים,88.00,100 גרם,false,1,4.30,4.89,true,1,
7290008745239,false,תפוציפס אקסטרא טבעי 50 גרם,"שטראוס פריטו ליי בע""",IL,תפוציפס אקסטרא טבעי,גרמים,50.00,100 גרם,false,1,4.30,8.60,true,1,
7290008747547,false,תפוציפס קראנץ טבעי 200 גרם,"שטראוס פריטו ליי בע""",IL,תפוציפס קראנץ טבעי 2,גרמים,200.00,100 גרם,false,1,10.90,5.45,true,1,
7290008752244,false,תפוצ'יפס אקסטרא גריל 50 גרם,"שטראוס פריטו ליי בע""",IL,תפוציפס קראנצי גריל,גרמים,50.00,100 גרם,false,1,4.30,8.60,true,1,
7290008753364,false,דוריטוס גריל עלית 55 ג',שטראוס פריטו ליי בע,IL,דוריטוס גריל 55 גר,גרמים,55.00,100 גרם,false,1,4.30,7.82,true,1,
7290008753371,false,דוריטוס נאצו מקסיקני 55 גר,שטראוס,IL,דוריטוס נאצו 55 גר,גרמים,55.00,100 גרם,false,1,4.30,7.82,true,1,
7290008754415,false,גומי מאסט בטעם ספירמינט עדין פליפטופ 28 ג' עלית,"שטראוס גרופ בע""מ",IL,מסטיק מאסט מגדים ספי,Unknown,0.00,Unknown,false,1,4.90,4.90,true,1,
7290008757010,false,"שוופס ביטר למון 250 מ""ל זכוכית",יפאורה תבורי בעמ,IL,שוופס ביטר לימון 250,מיליליטרים,250.00,"100 מ""ל",false,1,6.90,2.76,true,1,
7290008775816,false,ערגליות שוקו חדש12*300גרם 2020,מיוצר עי קונדיטוריית,IL,ערגליות שוקו 300 גרם,גרמים,300.00,100 גרם,false,1,12.90,4.30,true,1,
7290008775823,false,ערגליות תות חדש12*300גרם 2020,מיוצר עי קונדיטוריית,IL,ערגליות תות 300 גרם,גרמים,300.00,100 גרם,false,1,12.90,4.30,true,1,
7290008776028,false,המבורגר קלאסי קפוא,,,המבורגר קלאסי קפוא,גרמים,300.00,100 גרם,false,0,31.50,10.50,true,1,
7290008776103,false,קוביות לגולש עגל טרי,,,קוביות לגולש עגל טרי,Unknown,0.00,"ק""ג",true,0,69.90,69.90,true,1,
7290008806985,false,נישנושים גלידה שוקו וניל בציפוי שוקולד 60 יח' קרמיסימו,שטראוס גלידות,IL,פינוקי גלידה שוקו,גרמים,630.00,100 גרם,false,1,49.90,7.92,true,1,
7290008828581,false,חסה פקצוי,,,חסה פקצוי,Unknown,0.00,Unknown,false,1,11.90,11.90,true,1,
7290008846219,false,שמן זית כתית מעולה 750 מל,האי נאם סי או אל.טי.,IL,שמן זית כתית מעולה 7,מיליליטרים,750.00,"100 מ""ל",false,1,43.90,5.85,true,1,
7290008849661,false,ממרח אוליביה עגבניות מיובשות פיקנטי 180 גר',טרופיקל דגיל תעשיות,IL,ממרח עגבניות מיובשות,גרמים,180.00,100 גרם,false,1,16.40,9.11,true,1,
7290008849739,false,רוטב סויה אמיתי אוליביה 310 גרם,,,רוטב סויה אמיתי,גרמים,310.00,100 גרם,false,1,14.90,4.81,true,1,
7290008909853,false,"קולה זירו 500 מ""ל בקבוק",החברה המרכזית לייצור,IL,"קוקה קולה 500 מ""ל Z",מיליליטרים,500.00,"100 מ""ל",false,1,8.50,1.70,true,1,
7290008975780,false,"בונזו גזע קטן 3 ק""ג",united pet food,FR,בונזו גזע קטן 3 קג,קילוגרמים,0.00,"ק""ג",false,1,49.90,49.90,true,1,
7290010002023,false,כורכום הודי טחון 100 גרם,א.ל ייצור ושיווק תבל,IL,כורכום הודי טחון 100,גרמים,100.00,100 גרם,false,1,12.90,12.90,true,1,
7290010002030,false,כמון טחון 100גרם יורדן,א.ל ייצור ושיווק תבל,IL,כמון 100 גרם,גרמים,100.00,100 גרם,false,1,12.90,12.90,true,1,
7290010002047,false,תבליני מימון מלח לימון,א.ל ייצור ושיווק תבל,IL,מלח לימון 200 גרם,גרמים,200.00,100 גרם,false,1,12.90,6.45,true,1,
7290010002061,false,פלפל לבן טחון 100 גרם,,,פלפל לבן טחון 120 גר,גרמים,100.00,100 גרם,false,1,19.90,19.90,true,1,
7290010002092,false,פלפל שחור גרוס דק 90 ג',,,פלפל שחור גס דק 90 ג,גרמים,90.00,100 גרם,false,1,16.90,18.78,true,1,
7290010002108,false,פלפל שחור גרוס גס 90 גרם,א.ל ייצור ושיווק תבל,IL,פלפל שחור גרוס גס 90,גרמים,90.00,100 גרם,false,1,16.90,18.78,true,1,
7290010002122,false,פפריקה הונגרית מתוקה 100 גרם,א.ל ייצור ושיווק תבל,IL,פפריקה הונגרית מתוקה,גרמים,100.00,100 גרם,false,1,12.90,12.90,true,1,
7290010002139,false,פפריקה הונגרית חריפה 100 גרם,,,פפריקה הונגרית חריפה,גרמים,100.00,100 גרם,false,1,12.90,12.90,true,1,
7290010002146,false,פפריקה מרוקאית מתוקה 100 גרם,א.ל ייצור ושיווק תבל,IL,פפריקה מרוקאית מתוקה,גרמים,100.00,100 גרם,false,1,12.90,12.90,true,1,
7290010002153,false,פפריקה מרוקאית חריפה 100 גרם,א.ל ייצור ושיווק תבל,IL,פפריקה מרוקאית חריפה,גרמים,100.00,100 גרם,false,1,12.90,12.90,true,1,
7290010002191,false,תבליני מימון מקלות קינמון,TLV צ'יף,IL,מקלות קינמון 50 גרם,גרמים,50.00,100 גרם,false,1,12.90,25.80,true,1,
7290010002207,false,מימון קינמון טחון במ,א.ל ייצור ושיווק תבל,IL,קינמון טחון 100 גרם,גרמים,100.00,100 גרם,false,1,10.50,10.50,true,1,
7290010002214,false,צילי מקסיקני גרוס 70 גרם,TLV צ'יף,IL,צילי מקסיקני גרוס 70,Unknown,0.00,Unknown,false,1,12.90,12.90,true,1,
7290010002290,false,תערובת לשווארמה טורקית 100 גרם,א.ל ייצור ושיווק תבל,IL,תערובת לשווארמה טורק,גרמים,100.00,100 גרם,false,1,12.90,12.90,true,1,
7290010002306,false,תערובת לקציצות 100 גרם,א.ל ייצור ושיווק תבל,IL,תערובת לקציצות 100 ג,גרמים,100.00,100 גרם,false,1,12.90,12.90,true,1,
7290010002320,false,תבלין גריל עוף 100 גרם,א.ל ייצור ושיווק תבל,IL,תבלין גריל עוף 130 ג,גרמים,100.00,100 גרם,false,1,12.90,12.90,true,1,
7290010002368,false,תערובת חווג למרק 100 גרם,א.ל ייצור ושיווק תבל,IL,תערובת חווג למרק 100,גרמים,100.00,100 גרם,false,1,12.90,12.90,true,1,
7290010002375,false,מימון קארי 100 גרם,א.ל ייצור ושיווק תבל,IL,מדרס קארי 100 גרם,גרמים,100.00,100 גרם,false,1,12.90,12.90,true,1,
7290010002405,false,טימין הררי 40 גרם,,IL,טימין הררי 40 גרם,Unknown,0.00,Unknown,false,1,10.50,10.50,true,1,
7290010002429,false,תבליני מימון עלי דפנה,א.ל ייצור ושיווק תבל,IL,עלי דפנה 20 גרם,Unknown,0.00,Unknown,false,1,10.50,10.50,true,1,
7290010002436,false,מימון פטרוזיליה במיכ,,,פטרוזיליה 25 גרם,Unknown,0.25,Unknown,false,1,10.50,42.00,true,1,
7290010002443,false,מימון רוזמרין במיכל,א.ל ייצור ושיווק תבל,IL,רוזמרין 40 גרם,Unknown,0.00,Unknown,false,1,10.50,10.50,true,1,
7290010002450,false,תבלין שמיר,א.ל ייצור ושיווק תבל,IL,שמיר 25 גרם,Unknown,0.00,Unknown,false,1,10.50,10.50,true,1,
7290010002498,false,מימון שום גבישי 120,א.ל ייצור ושיווק תבל,IL,שום גבישי 120 גרם,גרמים,120.00,100 גרם,false,1,16.40,13.67,true,1,
7290010002597,false,מימון כוסברה ירוקה ב,,,כוסברה ירוקה 30 גרם,גרמים,30.00,100 גרם,false,1,10.50,35.00,true,1,
7290010002726,false,מימון תיבול לפרגיות,א.ל ייצור ושיווק תבל,IL,תבלין לפרגיות 100 גר,גרמים,100.00,100 גרם,false,1,12.90,12.90,true,1,
7290010003754,false,מימון כמון טחון שקית,TLV צ'יף,IL,כמון טחון 50 גרם,Unknown,0.00,Unknown,false,1,6.90,6.90,true,1,
7290010023141,false,תה לימונענע הגן הקסום 25 שיקיקים,HIQ FOOD PRODUCTS,IL,לימונענע 25 שקיקים,Unknown,0.00,Unknown,false,1,19.90,19.90,true,1,
7290010116980,false,אבקת שוקולית שקית עלית 850 ג',הנסיך- מפעל לייצור ט,IL,שוקולית 850 גרם,גרמים,850.00,100 גרם,false,1,20.50,2.41,true,1,
7290010117970,false,בוטנים אמריקאים סבבה קלוי 50 ג עלית,"שטראוס פריטו ליי בע""",IL,סבבה בוטנים אמריקאים,Unknown,0.00,Unknown,false,1,3.30,3.30,true,1,
7290010154005,false,סחוג תימני ביטון 250 ג',תבליני ביטון יוחאי,IL,סחוג תימני 250 גרם,גרמים,250.00,100 גרם,false,1,15.90,6.36,true,1,
7290010154036,false,עמבה 250 ג' ביטון,תבליני ביטון יוחאי,IL,עמבה 250 גר,גרמים,250.00,100 גרם,false,1,15.90,6.36,true,1,
7290010154241,false,סלט חזרת ריף ביטון 250 ג',תבליני ביטון יוחאי,IL,סלט חזרת 250 גר,גרמים,250.00,100 גרם,false,1,15.90,6.36,true,1,
7290010154678,false,אריסה מרוקאית ביטון 250 ג' ביטון,תבליני ביטון יוחאי,IL,אריסה מרוקאית 250 גר,גרמים,250.00,100 גרם,false,1,15.90,6.36,true,1,
7290010154685,false,סלט שום כתוש 250 ג' ביטון,תבליני ביטון יוחאי,IL,סלט שום כתוש 250 גר,גרמים,250.00,100 גרם,false,1,15.90,6.36,true,1,
7290010154692,false,סחוג אדום ביטון 250ג',,,סחוג אדום 250 גר,גרמים,250.00,100 גרם,false,1,15.90,6.36,true,1,
7290010163069,false,צנובר 100 גרם ששון הקולה,אף.סי תבליני בגליל ב,IL,צנובר 100 גרם ששון ו,גרמים,100.00,100 גרם,false,1,29.90,29.90,true,1,
7290010237562,false,"מרינדה בקבוק 500 מ""ל","טמפו משקאות בע""מ",IL,"מירנדה 500 מ""ל בקבוק",מיליליטרים,500.00,"100 מ""ל",false,1,4.90,0.98,true,1,
7290010237685,false,בירה הייניקן 330מל צואר ארוך,טמפו משקאות בע''מ,IL,"בירה הייניקן 330 מ""ל",מיליליטרים,330.00,"100 מ""ל",false,1,10.90,3.30,true,1,
7290010237890,false,"בירה הייניקן בקבוק 500 מ""ל חוזר",טמפו משקאות בע''מ,IL,"בירה היינקן 500 מ""ל",מיליליטרים,500.00,"100 מ""ל",false,1,9.90,1.98,true,1,
7290010259359,false,אטריות נודלס ביצים להקפצה ו.פוד 200 ג',פוג'יאן לונגהאי אנלי,CN,אטריות להקפצה רחבות,גרמים,200.00,100 גרם,false,0,4.90,2.45,true,1,
7290010259977,false,שמן קנולה וילי פוד 1 ליטר,יושלם,PL,שמן קנולה וילי פוד 1,מיליליטרים,1000.00,"100 מ""ל",false,1,11.90,1.19,true,1,
7290010259991,false,צנימים וילי פוד 250 גרם,,IL,צנימים וילי פוד 250,גרמים,250.00,100 גרם,false,1,9.30,3.72,true,1,
7290010300075,false,שמרים נמסים בקופסא 33 גרם,,,שמרים נמסים בקופסא 3,גרמים,33.00,100 גרם,false,1,7.20,21.82,true,1,
7290010300310,false,מנגל אלומיניום +רשת,,,מנגל אלומיניום +רשת,Unknown,0.00,Unknown,false,1,33.80,33.80,true,1,
7290010300358,false,נייר אפיה 10 יח,,,נייר אפיה 10 יח,Unknown,0.00,Unknown,false,1,3.50,3.50,true,1,
7290010300518,false,נאמן שבולת שועל שקית 500ג,,,קווקר 500 גרם שקית,גרמים,500.00,100 גרם,false,1,9.90,1.98,true,1,
7290010328093,false,ממרח חלווה אחווה 400 ג' מהדרין,אחדות בית חרושת לטחי,IL,ממרח חלבה 400 גרם,גרמים,400.00,100 גרם,false,1,13.90,3.48,true,1,
7290010328246,false,טחינה גולמית שומשום מלא אחווה 500 ג',,IL,אחווה טחינה משומשום,גרמים,500.00,100 גרם,false,1,14.90,2.98,true,1,
7290010328253,false,אחווה טחינה משומשום טבעי 500 גר,"אחדות ביח""ר בעמ",IL,אחווה טחינה משומשום,גרמים,500.00,100 גרם,false,1,14.90,2.98,true,1,
7290010367009,false,שמנת גביע 500 גר,,,שמנת גביע 500 גר,גרמים,500.00,100 גרם,false,1,14.90,2.98,true,1,
7290010429554,false,"שמן זית כתית מעולה יד מרדכי 2 קלאסי, 750 מ""ל",מכוורת יד מרדכי שטרא,IL,שמן זית כתית מעולה 2,מיליליטרים,750.00,"100 מ""ל",false,1,37.90,5.05,true,1,
7290010471669,false,יוגורט בר תות קורנפלקס מצופה שוקולד 175 ג' דנונה,"שטראוס בריאות בע""מ",IL,דנונה בר תות קורנפלק,גרמים,175.00,100 גרם,false,1,4.80,2.74,true,1,
7290010513703,false,צ'ופסטיקס צפצפה - 20 יחידות,,,צופסטיקס 20 יח חד פע,Unknown,0.00,Unknown,false,1,7.90,7.90,true,1,
7290010546336,false,מנדל גרנולה בסילאן ללא תוספת סוכר 400 גר,,,מנדל גרנולה בסילאן ל,גרמים,400.00,100 גרם,false,1,20.90,5.23,true,1,
7290010561490,false,לחמניות 4 יח קפוא ללא גלוטן 370 גר,,,לחמניות 4 יח קפוא לל,גרמים,360.00,100 גרם,false,1,19.90,5.53,true,1,
7290010561643,false,"ברילי פירורי לחם לל""ג 250 גרם",אשבל מזון פונקציונלי,IL,"ברילי פירורי לחם לל""",גרמים,250.00,100 גרם,false,1,17.90,7.16,true,1,
7290010582037,false,פלפל ננסי טינקרבל,חקלאי,IL,חטיף פלפלון,Unknown,0.00,Unknown,false,1,9.90,9.90,true,1,
7290010609734,false,"משקה להקפאה בטעם פירות 8*800 מ""ל אייס לי",הדיל,IL,אייס לי 4 טעמים 8*10,מיליליטרים,800.00,"100 מ""ל",false,1,6.90,0.86,true,1,
7290010613519,false,דלי מטליות לניקוי וחיטוי בניחוח מלון בוטיק טאצ' 400 מט',,,דלי מטליות לניקוי בנ,Unknown,0.00,Unknown,false,1,25.90,25.90,true,1,
7290010627004,false,טחינה גולמית מסורתית ירושלים 500 ג',"בראשית ירושלים בע""מ",IL,טחינה ירושלים 500 גר,גרמים,500.00,100 גרם,false,1,16.90,3.38,true,1,
7290010650019,false,עולש אנדיב בלגי חוות,קרלו,IL,אנדי בלגי,Unknown,0.00,Unknown,false,1,13.90,13.90,true,1,
7290010650033,false,בצלצלי שאלוט ארוז לי,תות ממתקי איכות,IL,בצלצלי שאלוט,Unknown,0.00,Unknown,false,1,9.90,9.90,true,1,
7290010650101,false,עגבניות מיובשות 100,יוליניבר,TR,עגבניות מיובשות,Unknown,0.00,Unknown,false,1,9.90,9.90,true,1,
7290010650118,false,עגבניות לחות,,,עגבניות לחות,גרמים,100.00,100 גרם,false,1,9.90,9.90,true,1,
7290010657704,false,פילה מקרל בשמן זית 125 ג קזבלנקה,קזבלנקה,,פילה מקרל בשמן זית 1,גרמים,125.00,100 גרם,false,1,13.90,11.12,true,1,
7290010701445,false,נקניק כבד פרגה 400 גרם,,IL,נקניק כבד פרגה 450 ג,גרמים,450.00,100 גרם,false,1,24.90,5.53,true,1,
7290010701599,false,טושטונקה לבן 340 גרם,,,טושונקה לבן 340 גרם,גרמים,340.00,100 גרם,false,1,21.90,6.44,true,1,
7290010701605,false,טושונקה בקר 340 גרם,,,טושונקה בקר 340 גרם,גרמים,340.00,100 גרם,false,1,21.90,6.44,true,1,
7290010701636,false,ממרח כבד עוף נקניק 200 גרם,,,ממרח כבד עוף נקניק 2,גרמים,200.00,100 גרם,false,1,12.90,6.45,true,1,
7290010701698,false,רולדה עוף במשקל,,,רולדה עוף במשקל,Unknown,0.00,"ק""ג",true,0,67.00,67.00,true,1,
7290010766734,false,רוטב פיצה אוליביה אסם 430 ג',,,רוטב פיצה אוליביה,גרמים,415.00,100 גרם,false,1,14.90,3.59,true,1,
7290010766949,false,ממרח תחתיות ארטישוק 180ג' אוליביה,,,ממרח ארטישוק אוליביה,גרמים,190.00,100 גרם,false,1,14.50,7.63,true,1,
7290010777006,false,מארז לחמניות כוסמין 360 גרם,,IL,מארז לחמניות כוסמים,גרמים,360.00,100 גרם,false,1,16.90,4.69,true,1,
7290010777051,false,מארז לחמניות המבורגר 5 יח,,,מארז לחמניות המבורגר,Unknown,0.00,Unknown,false,1,15.90,15.90,true,1,
7290010777068,false,מארז לחמניות מתוקות/קלועות 5 יח,,,מארז לחמניות מתוקות/,Unknown,0.00,Unknown,false,1,15.90,15.90,true,1,
7290010777136,false,לחמנייה שמיניה 5 יח,,,לחמניה קלועה 5 יח,Unknown,0.00,Unknown,false,1,15.50,15.50,true,1,
7290010777150,false,פיתה חיטה מלאה בריבוע 8יח' שקית 800 גר',מגוון שיווק והפצת מא,,פיתה בריבוע חיטה מלא,Unknown,0.00,Unknown,false,1,17.90,17.90,true,1,
7290010777297,false,פיתה אקספרס מארז 12יח',מגוון שיווק והפצת מא,,פיתה ביס לבן,גרמים,500.00,100 גרם,false,1,17.90,3.58,true,1,
7290010777358,false,מארז שמיניית פיתות 100% כוסמין מלא,מגוון שיווק והפצת מא,,מארז שמיניית פיתות 1,גרמים,400.00,100 גרם,false,1,17.90,4.48,true,1,
7290010777488,false,מארז פיתות 100% מחמצת קמח מלא 500 גרם,מאפיית ביכורים מזון,IL,מארז פיתות 100% מחמצ,גרמים,500.00,100 גרם,false,1,18.90,3.78,true,1,
7290010777525,false,פיתות 100% כוסמין דק 99 קל 6 יח,מאפיית ביכורים מזון,IL,מארז פיתות כוסמין 6,Unknown,0.00,Unknown,false,1,19.90,19.90,true,1,
7290010838424,false,"טואלט דאק נוזל ירוק זוג * 750 מ""ל","איטיליאן פוד, אס.פי.",NL,טואלט דאק נוזל אסלה,ליטרים,0.00,ליטר,false,1,28.90,28.90,true,1,
7290010883370,false,כפפות אלוורה סנו סושי גדול בינוני,האי נאם סי או אל.טי.,CN,כפפות אלוורה סנו סוש,Unknown,0.00,Unknown,false,1,12.20,12.20,true,1,
7290010945146,false,קוטג' 3% מועשר בסידן טרה 250 ג' מהדרין,טרה,IL,קוטג 3% מועשר 250 גר,גרמים,250.00,100 גרם,false,1,6.50,2.60,true,1,
7290010945450,false,גבינה לבנה 3% 250 גר מועשר בסידן וויטמין,טרה,,גבינה לבנה 3% 250 גר,גרמים,250.00,100 גרם,false,1,4.98,1.99,true,1,
7290010945481,false,גבינה לבנה 5% שומן 500 ג' טרה,טרה,,גבינה לבנה 5% 500 גר,גרמים,500.00,100 גרם,false,1,9.96,1.99,true,1,
7290010970063,false,שמן שומשום כבישה קרה 500 מיל,,,שמן שומשום כבישה קרה,מיליליטרים,500.00,"100 מ""ל",false,1,49.90,9.98,true,1,
7290010970070,false,שמן זית כתית מעולה פיקואל טעמים 750 מל,,,שמן זית כתית מעולה פ,מיליליטרים,750.00,"100 מ""ל",false,1,48.90,6.52,true,1,
7290010970100,false,שמן שומשום כבישה קרה 250 מיל טעמים,,,שמן שומשום כבישה קרה,מיליליטרים,250.00,"100 מ""ל",false,1,32.50,13.00,true,1,
7290010970186,false,דבש פרחי בר טעמים 1 קג,,,דבש פרחי בר טעמים 1,קילוגרמים,0.00,"ק""ג",false,1,54.90,54.90,true,1,
7290010970452,false,טחינה גולמית מעודנת 380 גרם,,,טחינה גולמית מעודנת,גרמים,380.00,100 גרם,false,1,15.90,4.18,true,1,
7290010970582,false,רוטב סויה 350 מל,,,רוטב סויה 350 מל,מיליליטרים,350.00,"100 מ""ל",false,1,13.70,3.91,true,1,
7290010970599,false,חומץ אורז 350 מל,,,חומץ אורז 350 מל,מיליליטרים,350.00,"100 מ""ל",false,1,13.70,3.91,true,1,
7290010970742,false,ממרח פסטו פלפלים אמיתי 180 גרם,,,ממרח פסטו פלפלים אמי,גרמים,180.00,100 גרם,false,1,14.90,8.28,true,1,
7290010970773,false,סילאן תמרים 100% טבעי בקבוק לחיץ 350 גרם,,,סילאן תמרים 100% טבע,גרמים,350.00,100 גרם,false,1,14.50,4.14,true,1,
7290011015862,false,"פריגת סירופ דיאט לימונענע 750 מ""ל",גת,IL,סירופ דיאט לימונענע,מיליליטרים,750.00,"100 מ""ל",false,1,23.90,3.19,true,1,
7290011017866,false,"קוקה קולה פחית 330 מ""ל",החברה המרכזית לייצור,IL,"פחית סליק ק""ק 330 מ""",מיליליטרים,330.00,"100 מ""ל",false,1,5.40,1.64,true,1,
7290011017873,false,"קוקה קולה זירו פחית 330 מ""ל",החברה המרכזית לייצור,IL,פחית סליק זירו 330 מ,מיליליטרים,330.00,"100 מ""ל",false,1,5.40,1.64,true,1,
7290011017880,false,"קוקה קולה דיאט פחית 330 מ""ל",החברה המרכזית לייצור,IL,"פחית סליק ד. ק""ק 330",מיליליטרים,330.00,"100 מ""ל",false,1,5.40,1.64,true,1,
7290011018443,false,"פנטה אורנג פחית סליק 330 מ""ל",החברה המרכזית לייצור,IL,סליק פאנטה אורנג 330,מיליליטרים,330.00,"100 מ""ל",false,1,5.40,1.64,true,1,
7290011018832,false,"קוקה קולה פרידגפק סליק 330 מ""ל שישייה",החברה המרכזית לייצור,IL,קוקה קולה פרידגפק,ליטרים,0.00,ליטר,false,1,24.90,24.90,true,1,
7290011018924,false,"מארז פחיות דיאט קוקה קולה שישייה 330 מ""ל",החברה המרכזית לייצור,IL,ק.קולה דיאט פרידגפק,ליטרים,0.00,ליטר,false,1,24.90,24.90,true,1,
7290011064020,false,בולגרית למריחה בטעמים 200 גר,גבינות ניצן,,בולגרית למריחה בטעמי,גרמים,200.00,100 גרם,false,1,16.70,8.35,true,1,
7290011064075,false,מעדן לאבנה ניצן אבו גוש 200 ג',גבינות ניצן,,לבנה עם תוספות 200 ג,גרמים,200.00,100 גרם,false,1,16.70,8.35,true,1,
7290011064099,false,טאפס שכונתי פלפלוני ניצן 125 ג',"ניצן מותגי מזון בע""מ",,טאפס שכונתי 125 גר,גרמים,125.00,100 גרם,false,1,22.90,18.32,true,1,
7290011065423,false,מלח ים מטחנה 130 גרם,,,מלח ים מטחנה 130 גרם,גרמים,130.00,100 גרם,false,1,19.90,15.31,true,1,
7290011065430,false,צילי מטחנה 50 גרם,,,צילי מטחנה 50 גרם,גרמים,50.00,100 גרם,false,1,19.90,39.80,true,1,
7290011131395,false,"מיזלי קראנץ 30% פירות 1 ק""ג",ויטליאה ניקולה דו,MK,מיזלי קראנץ 30% פירו,גרמים,1000.00,100 גרם,false,1,27.90,2.79,true,1,
7290011133634,false,"פפסי מקס פחית צרה מארז שישייה 330 מ""ל","טמפו משקאות בע""מ",IL,שישייה פחיות פפסי מק,ליטרים,0.00,ליטר,false,1,19.90,19.90,true,1,
7290011142148,false,שישיית לחמניות אצבע מאפיית דואט,,,מארז שישית לחמניות,גרמים,450.00,100 גרם,false,1,12.90,2.87,true,1,
7290011142193,false,לחמניות קלועות מתוקות עם צימוקים 400 גרם,,,4 לחמניות מתוקות,Unknown,0.00,Unknown,false,1,12.90,12.90,true,1,
7290011142445,false,לחם כוסמין 620 גרם מאפיית דואט,,,לחם כוסמין 600 גר,גרמים,600.00,100 גרם,false,1,16.90,2.82,true,1,
7290011148898,false,גבעולי ברוקולי משקל 400 גר,חקלאי,IL,גבעולי ברוקולי 400 ג,קילוגרמים,0.00,"ק""ג",false,1,14.90,14.90,true,1,
7290011148911,false,פלפלים מתוקים טינקרב,חקלאי,IL,פלפל טינקרבל,Unknown,0.00,Unknown,false,1,14.90,14.90,true,1,
7290011148935,false,מלפפון מיני ארוז,חקלאי,IL,מלפפון בייבי,Unknown,0.00,Unknown,false,1,14.90,14.90,true,1,
7290011194246,false,קוטג' 5% שומן 250 ג' שטראוס,מיוצר עי קונדיטוריית,IL,קוטג 5% 250 גר,גרמים,250.00,100 גרם,false,1,5.90,2.36,true,1,
7290011223038,false,עלים לקרמשניט - בונומי 300גרם,בונומי ס.פ.א,IT,עלים לקרמשניט 300 גר,גרמים,143.00,100 גרם,false,1,17.90,12.52,true,1,
7290011223205,false,ריבת חלב ארגנטינאית 454 גרם,אשבל מזון פונקציונלי,IL,ריבת חלב ארגנטינאית,גרמים,454.00,100 גרם,false,1,17.90,3.94,true,1,
7290011235024,false,רוזמרין ארוז,חקלאי,IL,רוזמרין,Unknown,0.00,Unknown,false,1,5.90,5.90,true,1,
7290011235031,false,בזיליקום,,,רוקולה,Unknown,0.00,Unknown,false,1,5.90,5.90,true,1,
7290011235055,false,בזיליקום,יושלם,IL,בזיליקום,Unknown,0.00,Unknown,false,1,5.90,5.90,true,1,
7290011235062,false,עירית,חקלאי,IL,עירית,Unknown,0.00,Unknown,false,1,5.90,5.90,true,1,
7290011235079,false,קורנית (טימין),חקלאי,IL,קורנית,Unknown,0.00,Unknown,false,1,5.90,5.90,true,1,
7290011235093,false,טרגון,,,טרגון,Unknown,0.00,Unknown,false,1,5.90,5.90,true,1,
7290011235109,false,מרווה,,,מרווה,Unknown,0.00,Unknown,false,1,5.90,5.90,true,1,
7290011249755,false,רולים גלילי ופל במילוי קרם אגוזים 100 ג' עלמה,"גילרו בע""מ",,רולים אגוזים 100 גר,גרמים,100.00,100 גרם,false,1,4.50,4.50,true,1,
7290011312381,false,פטריות חורש למנגל 320 ג',"מרינה פטריות הגליל בע""מ",IL,סטייק פורטבלה,Unknown,0.00,Unknown,false,1,17.90,17.90,true,1,
7290011378233,false,"מאגדת ללת""ס חטיף חלבה וניל 126 גר",רושדי תעשיות מזון בע,IL,"מאגדת ללת""ס חטיף חלב",גרמים,126.00,100 גרם,false,1,13.90,11.03,true,1,
7290011438142,false,"משקה יטבתה אייס קפה בבקבוק אישי 350 מ""ל",שטראוס גרופ,IL,משקה חלב בטעם קפה,מיליליטרים,350.00,"100 מ""ל",false,1,7.30,2.09,true,1,
7290011447281,false,מטרנה פרימיום חלבי שלב 2 700 גרם חיסכון,מטרנה תעשיות ש.מ,IL,מטרנה פרימיום חלבי ש,גרמים,700.00,100 גרם,false,1,54.90,7.84,true,1,
7290011473082,false,אורז בסמטי מלא אורגני 500 גר,תבואות,IN,אורז בסמטי מלא אורגנ,גרמים,500.00,100 גרם,false,1,12.90,2.58,true,1,
7290011473181,false,עדשים שחורים אורגני 500 גרם תבאות,תבואות,CA,עדשים שחורים אורגני,גרמים,500.00,100 גרם,false,1,15.90,3.18,true,1,
7290011473341,false,שעועית אדומה 500 גרם תבואות,,,שעועית אדומה 500 גרם,גרמים,500.00,100 גרם,false,1,14.90,2.98,true,1,
7290011473365,false,דוחן מקולף אורגני,תבואות,US,דוחן אורגני 500 גרם,גרמים,500.00,100 גרם,false,1,12.90,2.58,true,1,
7290011473389,false,קמח כוסמין לבן אורגני 500 גרם,תבואות מוצרי מזון או,IT,קמח כוסמין לבן אורגנ,גרמים,500.00,100 גרם,false,1,14.90,2.98,true,1,
7290011473426,false,גרגרי שיפון אורגני 500 גרם תבואות,,,גרגרי שיפון אורגני 5,גרמים,500.00,100 גרם,false,1,10.90,2.18,true,1,
7290011473495,false,שמרי בירה-פתיתים טבעי 200 גר,,,שמרי בירה-פתיתים טבע,גרמים,200.00,100 גרם,false,1,24.90,12.45,true,1,
7290011473570,false,קמח חומוס טבעי 500 גרם תבואות,תבואות מוצרי מזון או,IL,קמח חומוס טבעי 500 ג,גרמים,500.00,100 גרם,false,1,12.90,2.58,true,1,
7290011473648,false,"סוכר דמררה אורגני 1 ק""ג",תבואות,BR,סוכר דמררה אורגני 1,גרמים,1000.00,100 גרם,false,1,13.90,1.39,true,1,
7290011473891,false,עדשים צהובים אורגני 500 גרם,תבואות,TR,עדשים צהובים אורגני,גרמים,500.00,100 גרם,false,1,12.90,2.58,true,1,
7290011473983,false,קדרה אורגנית 500 גר,,,קדרה אורגנית 500 גר,גרמים,500.00,100 גרם,false,1,17.90,3.58,true,1,
7290011474454,false,שעועית MIX אורגני 500 גרם תבואות,תבואות,IL,שעועית MIX אורגני 50,גרמים,500.00,100 גרם,false,1,16.90,3.38,true,1,
7290011498801,false,מרציפן פרימיום 65% 200 גרם,"אלמנדוס בע""מ",IL,מרציפן פרימיום 65% 2,גרמים,200.00,100 גרם,false,1,34.70,17.35,true,1,
7290011499051,false,גבינה פטה כבשים בגביע 20% 250 גר',MKN עבור מחלבות גד ב,IL,פטה כבשים מסורתית 2,גרמים,250.00,100 גרם,false,1,28.90,11.56,true,1,
7290011499105,false,גבינה בולגרית מלוחה 5% 250 ג' גד,ג'נרל מילס סאן אדריא,IL,בולגרית 5% 250גר,גרמים,250.00,100 גרם,false,1,24.90,9.96,true,1,
7290011499112,false,גבינה בולגרית 16% 250 ג' גד,"מיוצר ע""י dsh",IL,בולגרית 16% 250גר,גרמים,250.00,100 גרם,false,1,24.90,9.96,true,1,
7290011499129,false,"גבינה בולגרית קוביות קטנות מעודנת 5% 200 ג""ר",קוד יצרן DSH,IL,קוביות בולגרית מעודנ,גרמים,200.00,100 גרם,false,1,24.90,12.45,true,1,
7290011499303,false,גבינת עיזים בולגרית מעודנת 5% 250 גר',ג'נרל מילס סאן אדריא,IL,גבינה בולגרית מעודנת,גרמים,250.00,100 גרם,false,1,33.50,13.40,true,1,
7290011499327,false,גבינה בולגרית מעודנת חלב בקר 250 גר,מיוצר על ידי DSH עבו,IL,גבינה בולגרית מעודנת,גרמים,250.00,100 גרם,false,1,24.90,9.96,true,1,
7290011499341,false,גד גבינת קשקבל 26% 200 ג',הנסיך- מפעל לייצור ט,IL,קשקאבל ארוז 200 גר,גרמים,200.00,100 גרם,false,1,29.90,14.95,true,1,
7290011499358,false,גבינה פטה עיזים 200 גר',מיוצר על ידי קוד יצר,IL,גבינת פטה עיזים 200,גרמים,200.00,100 גרם,false,1,31.90,15.95,true,1,
7290011499365,false,גבינה חלומי נענע גד,"מחלבות גד בע""מ",IL,גבינת חלומי 200 גר,גרמים,200.00,100 גרם,false,1,24.90,12.45,true,1,
7290011499419,false,גבינה במרקם שמנת 5% שומן 200 ג' גד,מחלבות גד,IL,גבינה במרקם שמנת 5%,גרמים,200.00,100 גרם,false,1,12.90,6.45,true,1,
7290011499525,false,גד לאבנה דרוזית 9% 500 ג',מחלבות גד בעמ,IL,לאבנה 500גר 9%,גרמים,500.00,100 גרם,false,1,21.90,4.38,true,1,
7290011499624,false,גבינת שמנת טבעי 30% שומן 200 ג' גד,מחלבות גד,IL,גבינת שמנת 30% טבעי,גרמים,200.00,100 גרם,false,1,13.40,6.70,true,1,
7290011499846,false,גבינת ריקוטה פרסקה 9% 300 ג' גד,מחלבות גד בעמ,IL,ריקוטה פרסקה 9% 300,גרמים,150.00,100 גרם,false,1,19.90,13.27,true,1,
7290011499853,false,גד גבינת שמנת 30% זיתים 200גר,מחלבות גד (שיווק 199,IL,גבינת שמנת זיתים 30%,גרמים,200.00,100 גרם,false,1,13.40,6.70,true,1,
7290011501617,false,חמוציות ברכז תפוחים ללא תוספת סוכר 250 גרם,אף.סי תבליני בגליל ב,IL,חמוציות תפוחים ללא ס,גרמים,250.00,100 גרם,false,1,19.90,7.96,true,1,
7290011502850,false,דלישס מיזלי עם פירות 500גר,"דין שיווק וקליה בע""מ",,מיזלי פירות 500 גר,גרמים,500.00,100 גרם,false,1,16.50,3.30,true,1,
7290011515911,false,שלגון לייט ריבת חלב מאגדת 6 יח',גלידות נסטלה (נגה גל,IL,מאגדת לייט ריבת חלב,Unknown,0.00,Unknown,false,1,32.90,32.90,true,1,
7290011587123,false,קרם קוקוס תומר 400 מ,,IL,קרם קוקוס 400 גר,גרמים,400.00,100 גרם,false,1,9.90,2.48,true,1,
7290011587307,false,תחתיות ארטישוק 400 גר',,IL,ארטישוק תחתיות,גרמים,400.00,100 גרם,false,1,13.10,3.28,true,1,
7290011587451,false,גרנולה בתוספת פירות ואגוזים,,IL,גרנולה פירות 600 גר,גרמים,600.00,100 גרם,false,1,17.30,2.88,true,1,
7290011587468,false,מוזלי קראנצ'י +אגוז 600 גר' 10X,,,מוזלי קראנצ 600 גר,מיליליטרים,600.00,"100 מ""ל",false,1,17.30,2.88,true,1,
7290011587598,false,שימורי אנשובי בפח 45 ג' תומר,אינוורסיונס פריסקו,IL,פילה אנשובי 45 גרם,גרמים,45.00,100 גרם,false,1,7.90,17.56,true,1,
7290011587833,false,עגבניות חצויות מיובשות בשמן 340 גר' 12X,יושלם,,עגבניות מיובשות בשמן,גרמים,340.00,100 גרם,false,1,17.70,5.21,true,1,
7290011587857,false,עגבניות מיובשות מתובלות במגשית,יושלם,IL,עגבניות מיובשות מתוב,גרמים,250.00,100 גרם,false,1,13.70,5.48,true,1,
7290011587956,false,רוטב צ'ילי מתוק 700 ג' תומר,,,רוטב צילי מתוק 700 מ,מיליליטרים,700.00,"100 מ""ל",false,1,13.90,1.99,true,1,
7290011695651,false,צנימים עגולים 300 גרם נאמן,S.P.A ניולט,IL,צנימים עגולים 300 גר,גרמים,300.00,100 גרם,false,1,12.90,4.30,true,1,
7290011695972,false,טוסטים מלבנים בטעמים 100 גרם,,,טוסטים מלבנים בטעמים,גרמים,100.00,100 גרם,false,1,8.80,8.80,true,1,
7290011728007,false,נאצוס תירס טבעי טרז פזוס 180 גרם,,IL,נאצוס תירס טבעי טרז,גרמים,180.00,100 גרם,false,1,20.80,11.56,true,1,
7290011876388,false,מאמא עוף קציצות עוף ובקר 600 גרם,תנובה גליל שותפות מו,IL,מאמא עוף קציצות עוף,גרמים,600.00,100 גרם,false,1,40.90,6.82,true,1,
7290011923273,false,טופו אורגני 300 גרם ליב,א.י.ן תעשיות מזון בע,IL,טופו אורגני 300 גרם,גרמים,300.00,100 גרם,false,1,13.90,4.63,true,1,
7290011923303,false,טופו טבעי ליב 300 גר,א.י.ן תעשיות מזון בע,IL,טופו טבעי ליב 300 גר,גרמים,300.00,100 גרם,false,1,11.90,3.97,true,1,
7290011947309,false,זיתים מצוננים סורי מבוקע ולימון כבוש זיתא 230 ג',זיתא – י.ט.ב תעשיות,IL,זית סורי מבוקע עם לי,גרמים,220.00,100 גרם,false,1,14.90,6.77,true,1,
7290011947743,false,זיתים זיתא מיקס זית ירוק וזית קלמטה 215 גרם,ויסוצקי,IL,מיקס זיתים זיתא 215,גרמים,215.00,100 גרם,false,1,14.90,6.93,true,1,
7290011947781,false,מיקס זית ירוק וזית קלמטה ללא גלעין עם שמן זית 190 ג',זיתא,IL,מיקס זית ירוק/קלמטה,גרמים,190.00,100 גרם,false,0,14.90,7.84,true,1,
7290011947798,false,זית קלמטה ללא גלעין עם שמן זית כתית 190 ג',זיתא,IL,זית קלמטה ללא גלעין,גרמים,190.00,100 גרם,false,0,14.90,7.84,true,1,
7290011947873,false,זית קלמטה בפח זיתא 440גר,זיתא,GR,זית קלמטה בפח 440 גר,גרמים,440.00,100 גרם,false,1,21.90,4.98,true,1,
7290012019272,false,"רסק תפוֿֿֿֿ""ע+קינמון פלסטיק 4יח'12X",,IL,"רסק תפו""ע קינמון 4 י",גרמים,113.00,100 גרם,false,1,13.90,12.30,true,1,
7290012022005,false,פריכיות חיטה 60 גרם,,,פריכיות חיטה 70 גרם,גרמים,70.00,100 גרם,false,1,12.90,18.43,true,1,
7290012022050,false,פריכיות חיטה מלאה 100 גרם,,,פריכיות חיטה מלאה,גרמים,100.00,100 גרם,false,1,13.90,13.90,true,1,
7290012022067,false,קריספיות קידס,,IL,קריספיות קידס 30 גרם,גרמים,30.00,100 גרם,false,1,10.90,36.33,true,1,
7290012040474,false,טבק מרלבורו רד PP חפיסה,,,טבק מרלבורו רד PP חפ,יחידה,1.00,יחידה,false,1,74.90,74.90,true,1,
7290012040511,false,טבק נקסט פיין PP חפיסה,,,טבק נקסט פיין PP חפי,יחידה,1.00,יחידה,false,1,76.50,76.50,true,1,
7290012052323,false,"גרנולה מוזלי מיקס לא קלוי 1 ק""ג",רפאלס,IL,גרנולה מוזלי מיקס לא,גרמים,1000.00,100 גרם,false,1,30.90,3.09,true,1,
7290012052354,false,גרנולה רפאל-שוקולד ואגוזי לוז 350 גר,רפאלס,IL,גרנולה רפאל-שוקולד ו,גרמים,350.00,100 גרם,false,1,17.90,5.11,true,1,
7290012052361,false,רפאל-מוזלי שקדים פ.יער 350 גר,רפאלס,IL,רפאל-מוזלי שקדים פ.י,גרמים,350.00,100 גרם,false,1,17.90,5.11,true,1,
7290012116612,false,אורביטול מברשת שיניים מארז 4 יח',ג'נרל מילס סאן אדריא,CN,אורביטול מברשת שיניי,Unknown,0.00,Unknown,false,1,14.50,14.50,true,1,
7290012159275,false,מיונז אמיתי 430 גרם LINA,,,מיונז אמיתי 430 גרם,גרמים,430.00,100 גרם,false,1,11.00,2.56,true,1,
7290012159794,false,רגינקה דן 1 ל,,,רגינקה דן 1 ל,מיליליטרים,1000.00,"100 מ""ל",false,1,18.40,1.84,true,1,
7290012191053,false,גפרורים ארוכים לגרילים,,,גפרור מטבח ארוך,Unknown,0.00,Unknown,false,1,7.90,7.90,true,1,
7290012191084,false,המנגליסט גפרורים עשי,,IN,גפרור מטבח רגיל,Unknown,0.00,Unknown,false,1,3.90,3.90,true,1,
7290012208362,false,פריכיות כוסמת עם טף בהיר 135 גרם,,,פריכיות כוסמת עם טף,גרמים,135.00,100 גרם,false,1,11.90,8.81,true,1,
7290012208775,false,זרעי ציה 700 גרם,,IL,זרעי ציה 700 גרם,גרמים,700.00,100 גרם,false,1,32.90,4.70,true,1,
7290012208904,false,פתיתי שמרי בירה מיובשים 200 גרם,,FR,פתיתי שמרי בירה מיוב,גרמים,200.00,100 גרם,false,1,19.90,9.95,true,1,
7290012228261,false,נקנקיות קנקרס הודו ועוף ריינהולד'ס זוגלובק 300 ג',זוגלובק,IL,נקניקיות הודו קנקרס,גרמים,300.00,100 גרם,false,1,22.90,7.63,true,1,
7290012245176,false,גולד ציפס קריספי 700 גרם,אגריסטו,BE,גולד ציפס קריספי 700,גרמים,700.00,100 גרם,false,1,16.90,2.41,true,1,
7290012245183,false,ציפס קריספי קלאסי 700 גרם,אגריסטו,BE,ציפס קריספי קלאסי 70,גרמים,700.00,100 גרם,false,1,22.90,3.27,true,1,
7290012245244,false,"ציפס קלאסייק 2.5 ק""ג גולדן",,IL,גולד ציפס קלאסי 2.5,גרמים,2500.00,100 גרם,false,1,35.90,1.44,true,1,
7290012245275,false,"גולד ציפס בטטה קריספי 1 ק""ג",אגריסטו,BE,גולד ציפס בטטה קריספ,גרמים,1000.00,100 גרם,false,1,31.90,3.19,true,1,
7290012245329,false,"גולד ציפס קלאסי 1.5 ק""ג",יוליניבר,IL,גולד ציפס קלאסי 1.5,גרמים,1500.00,100 גרם,false,1,22.90,1.53,true,1,
7290012245336,false,"גולדן סטייק צ'יפס 1.5 ק""ג",אגריסטו,IL,גולד סטייק ציפס 1.5,גרמים,1500.00,100 גרם,false,1,22.90,1.53,true,1,
7290012251047,false,קבנוס כפרי 250 גרם מזרע,,,קבנוס כפרי 250 גרם,גרמים,250.00,100 גרם,false,1,18.90,7.56,true,1,
7290012251108,false,סלמי טורו 170 גרם,,,סלמי טורו 170 גרם,גרמים,170.00,100 גרם,false,1,32.50,19.12,true,1,
7290012251146,false,מיני קופצקי סרוולט 280 גרם,,,מיני קופצקי סרוולט,גרמים,280.00,100 גרם,false,1,33.50,11.96,true,1,
7290012251153,false,ביצי דג אלתית קוויאר במשקל,,,ביצי דג אלתית קוויאר,Unknown,0.00,"ק""ג",true,0,525.00,525.00,true,1,
7290012251160,false,מיני קרמליובסקי סרוולט 350 גר,,,מיני קרמליובסקי,גרמים,350.00,100 גרם,false,1,37.90,10.83,true,1,
7290012251276,false,תיק בד טיב טעם,,,תיק רב פעמי ממוחזר,Unknown,0.00,Unknown,false,1,5.90,5.90,true,1,
7290012251313,false,גיוזה בטטה 320 גר קפוא מזרע,,,גיוזה בטטה 320 גר,גרמים,320.00,100 גרם,false,1,36.90,11.53,true,1,
7290012251368,false,דים סאם אורז בקר 360 גר קפוא,,,דים סאם אורז בקר 360,גרמים,360.00,100 גרם,false,1,44.90,12.47,true,1,
7290012251382,false,פריזר ביצת הזהב 500 גר מזרע,,,פריזר ביצת הזהב 500,גרמים,500.00,100 גרם,false,1,47.90,9.58,true,1,
7290012251429,false,קרפלך בשר לבן מזרע 600 גר,,,קרפלך בשר לבן מזרע,גרמים,600.00,100 גרם,false,1,27.20,4.53,true,1,
7290012251474,false,שרימפס 26/30 מקולף 500 ג' קפוא,,,שרימפס מקולף 500 גר,גרמים,500.00,100 גרם,false,1,51.50,10.30,true,1,
7290012251481,false,שרימפס מקולף 500 גר קפוא L,,,שרימפס מקולף 500 גר,גרמים,500.00,100 גרם,false,1,52.50,10.50,true,1,
7290012251498,false,שרימפס מקולף 500 גר קפוא M,,,שרימפס מקולף 500 גר,גרמים,500.00,100 גרם,false,1,52.50,10.50,true,1,
7290012251528,false,נקניקיות בוואריה עם גבינה 700 גר מזרע,,,נקניקיות בוואריה,גרמים,700.00,100 גרם,false,1,67.90,9.70,true,1,
7290012251535,false,שרימפס מבושל 750 גר קפוא,,,שרימפס מבושל קפוא,גרמים,750.00,100 גרם,false,1,61.90,8.25,true,1,
7290012251542,false,"שרימפס לא מקולף גדול 1 ק""ג קפוא 26/30",,,שרימפס לא מקולף גדול,קילוגרמים,0.00,"ק""ג",false,1,110.50,110.50,true,1,
7290012251726,false,מזרע קרפלך הודו מתכון סבתא 600 גר,,,מזרע קרפלך הודו 600ג,גרמים,600.00,100 גרם,false,1,33.50,5.58,true,1,
7290012251757,false,קרפלך תפוחי אדמה 600 גר,,,קרפלך תפוחי אדמה 600,גרמים,600.00,100 גרם,false,1,23.00,3.83,true,1,
7290012251979,false,ממרח חמאה במליחות מעודנת Farmers cheese,,IL,ממרח חמאה במליחות מע,גרמים,150.00,100 גרם,false,1,12.90,8.60,true,1,
7290012252891,false,נקניקיות אוסטריות מצוננות 600 גרם,,IL,נקניקיות אוסטריות מצ,גרמים,600.00,100 גרם,false,1,32.90,5.48,true,1,
7290012252914,false,נקניקיות בלקניות מצוננות 600 גרם,,IL,נקניקיות בלקניות מצו,גרמים,600.00,100 גרם,false,1,25.90,4.32,true,1,
7290012306204,false,"אורז עגול בוכרי לאוש פלוב 1 ק""ג",,,אורז עגול בוכרי לאוש,גרמים,1000.00,100 גרם,false,1,19.90,1.99,true,1,
7290012306501,false,פריכיות כוסמת 150 גרם,,,פריכיות כוסמת 150 גר,גרמים,150.00,100 גרם,false,1,12.90,8.60,true,1,
7290012309311,false,ערמונים קלופים שלמים 100 גר,"דין שיווק וקליה בע""מ",CN,ערמונים קלופים שלמים,גרמים,100.00,100 גרם,false,1,5.90,5.90,true,1,
7290012404177,false,"שוופס Fruits תפוח זכוכית 330 מ""ל",יפאורה תבורי בעמ,IL,שוופס FRUITS תפוחים,מיליליטרים,330.00,"100 מ""ל",false,1,6.20,1.88,true,1,
7290012404955,false,ספרינג קולקשן נקטר חמוציות 1.25 ל',"יפאורה תבורי בע""מ",IL,ספרינג Collection,ליטרים,0.00,ליטר,false,1,13.40,13.40,true,1,
7290012404993,false,ספרינג נקטר חמוציות דיאט קולקשיין 1.25ל,"יפאורה תבורי בע""מ",IL,ספרינג Collection די,ליטרים,0.00,ליטר,false,1,13.40,13.40,true,1,
7290012475856,false,"צהובה בזיליקום ע""ב אורז טבעוני 150 גרם",פריסקולאט ס.ר.ל. קוסטנזה,IT,"צהובה בזיליקום ע""ב א",גרמים,150.00,100 גרם,false,1,29.90,19.93,true,1,
7290012522581,false,שניצל תירס טבעול ללא גלוטן 664 גר,טבעול,IL,שניצל תירס טבעול ללא,גרמים,664.00,100 גרם,false,1,38.50,5.80,true,1,
7290012525049,false,קרחון אבטיח 108 גר,,IL,קרחון אבטיח 108 גר,גרמים,108.00,100 גרם,false,1,6.90,6.39,true,1,
7290012525452,false,טילון אקסטרים נוק אאוט שוקו וניל 70ג',גלידות נסטלה (נגה גל,IL,אקסטרים שוקו וניל,Unknown,0.00,Unknown,false,1,10.00,10.00,true,1,
7290012547263,false,מעדן דבש לייט 350 גרם,,,מעדן דבש לייט 350 גר,גרמים,350.00,100 גרם,false,1,29.90,8.54,true,1,
7290012588570,false,ווטר בוקס - מי מעיין טבעיים 1.ליטר,בוריסטליג' בוטלינג ק,IE,ווטר בוקס - מי מעיין,מיליליטרים,1000.00,"100 מ""ל",false,1,5.90,0.59,true,1,
7290012642678,false,אננס בכוסות פלסטיק 4*113 ג' תומר,,,אננס בכוסות פלס. רבי,גרמים,113.00,100 גרם,false,1,13.90,12.30,true,1,
7290012642685,false,אפרסק פירות בכוסות פלסטיק 4*113ג' תומר,,,אפרסק בכוסות פלס. רב,גרמים,113.00,100 גרם,false,1,13.90,12.30,true,1,
7290012642869,false,פלפלונים אדום בחומץ חריץ 530 גר,,,פלפלונים אדום בחומץ,גרמים,530.00,100 גרם,false,1,17.40,3.28,true,1,
7290012645112,false,"יוגורט עיזים בדלי חלב הארץ 750מ""ל",מחלבות סוסיא,IL,יוגורט עיזים בדלי 75,מיליליטרים,750.00,"100 מ""ל",false,1,21.90,2.92,true,1,
7290012803055,false,סוכרלוז מרמולייט- 100שקיות אישיות,תות ממתקי איכות,IL,סוכרלוז מרמולייט-,גרמים,100.00,100 גרם,false,1,39.90,39.90,true,1,
7290012823374,false,מגבוני אנטי קאלק 50יח',מיוצר עי קונדיטוריית,IL,מגבונים אנטי קאלק,Unknown,0.00,Unknown,false,1,16.00,16.00,true,1,
7290012823558,false,סנו סושי מטליות לחות לריצפה ענק 10 יח,סנו מפעלי ברונוס בעמ,IL,סנו סושי מטליות לחות,Unknown,0.00,Unknown,false,1,12.20,12.20,true,1,
7290012823947,false,"סנו - מרכך כביסה מרוכז פרפיום קריסטל נואר 750 מ""ל",מיוצר עי קונדיטוריית,IL,מרכך כביסה מקסימה פר,מיליליטרים,750.00,"100 מ""ל",false,1,18.90,2.52,true,1,
7290012864001,false,נביטי חמניה 170ג',חקלאי,IL,נבטי חמניה,Unknown,0.00,Unknown,false,1,14.90,14.90,true,1,
7290012884986,false,צ'יפס לתנור קפוא תפוגן 1.5קר:ג,"תעשיות תפוגן בע""מ",IL,ציפס לתנור עד 4% שומ,קילוגרמים,0.00,"ק""ג",false,1,29.90,29.90,true,1,
7290012901959,false,פסטה דודלס מסולסלים עם גבינה156 גרם,,US,אטריות עם גבינה מסול,גרמים,156.00,100 גרם,false,1,13.50,8.65,true,1,
7290012921025,false,"בירה מלכה בהירה 330 מ""ל",בירה מלכה בעמ,IL,בירה מלכה בהירה 330,מיליליטרים,330.00,"100 מ""ל",false,1,16.90,5.12,true,1,
7290012921032,false,"בירה מלכה אדמונית 330 מ""ל",בירה מלכה בעמ,IL,בירה מלכה אדמונית 33,מיליליטרים,330.00,"100 מ""ל",false,1,16.90,5.12,true,1,
7290012921056,false,מלכה בוטיק בירה חיטה,מבשלת בירה ישראלית,IL,בירה מלכה חיטה 330 מ,מיליליטרים,330.00,"100 מ""ל",false,1,16.90,5.12,true,1,
7290012936838,false,הל טחון 35 גרם,,,הל טחון 35 גרם,Unknown,0.00,Unknown,false,1,19.90,19.90,true,1,
7290012936906,false,תבלינים ציפורן שלם בצנצנות 25 גרם,,,תבלינים ציפורן שלם ב,Unknown,0.00,Unknown,false,1,15.90,15.90,true,1,
7290012936913,false,תבלינים סומק בצנצנת 40 גרם,,,תבלינים סומק בצנצנת,Unknown,0.00,Unknown,false,1,12.90,12.90,true,1,
7290012936937,false,תבלינים בהרט בצנצנת 40 גרם,א.ל ייצור ושיווק תבל,IL,תבלינים בהרט בצנצנת,Unknown,0.00,Unknown,false,1,12.90,12.90,true,1,
7290012936944,false,תבלינים אגוז מוסקט טחון 40 גרם,,,תבלינים אגוז מוסקט ט,Unknown,0.00,Unknown,false,1,16.40,16.40,true,1,
7290012962417,false,כפפות איזי טאצ ניטריל ל.אבקה כחול 100M,,ID,כפפות איזי טאצ ניטרי,Unknown,0.00,Unknown,false,1,29.90,29.90,true,1,
7290012983160,false,סילאן בקבוק לחיץ 400 גרם,"חצר כנרת מוצרי תמר אגש""ח",IL,סילאן בקבוק לחיץ תמר,גרמים,400.00,100 גרם,false,1,12.90,3.23,true,1,
7290013083999,false,חול יורוקיטי קריסטלי 3.8 ל',קינדאו,CN,קריסטל יורוקיטי 3.8,Unknown,0.00,Unknown,false,1,24.90,24.90,true,1,
7290013117526,false,בצק שמרים למאפים מתוקים מעדנות 900 ג',"מעדנות בע""מ",IL,בצק שמרים למאפים,גרמים,900.00,100 גרם,false,1,27.20,3.02,true,1,
7290013144171,false,תערובת עוגת שוקולד מימונס 560 ג',מיוצר עי קונדיטוריית,IL,תערובת עוגת שוקולד 5,גרמים,560.00,100 גרם,false,1,19.90,3.55,true,1,
7290013144218,false,תערובת עוגת וניל מימונס 560 ג',מיוצר עי קונדיטוריית,IL,תערובת עוגת וניל 560,גרמים,560.00,100 גרם,false,1,19.90,3.55,true,1,
7290013144232,false,פודינג בטעם וניל מימונס 80 ג',מיוצר עי קונדיטוריית,IL,פודינג וניל 85 גר,גרמים,85.00,100 גרם,false,1,6.60,7.76,true,1,
7290013144263,false,מלבי מיימונס 100גרם,א.ל ייצור תבלינים בע,IL,תערובת מלבי 100 גר,גרמים,100.00,100 גרם,false,1,11.90,11.90,true,1,
7290013144287,false,ג'לי בטעם תות מימונס 85 ג',א.ל ייצור ושיווק תבל,IL,גלי תות 85 גר,גרמים,85.00,100 גרם,false,1,7.50,8.82,true,1,
7290013144393,false,"תמצית בטעם וניל מימונס 50 מ""ל",מיוצר עי קונדיטוריית,IL,"תמצית וניל 50 מ""ל",מיליליטרים,50.00,"100 מ""ל",false,1,5.50,11.00,true,1,
7290013144409,false,"תמצית בטעם רום מימונס 50 מ""ל",מיוצר עי קונדיטוריית,IL,"תמצית רום 50 מ""ל",מיליליטרים,50.00,"100 מ""ל",false,1,5.50,11.00,true,1,
7290013144416,false,"תמצית בטעם שקדים מימונס 50 מ""ל",מיוצר עי קונדיטוריית,IL,"תמצית שקדים 50 מ""ל",מיליליטרים,50.00,"100 מ""ל",false,1,5.50,11.00,true,1,
7290013144515,false,צבע מאכל צהוב מימונס 50 ג',מיוצר עי קונדיטוריית,IL,"צבע מאכל צהוב 50 מ""ל",מיליליטרים,50.00,"100 מ""ל",false,1,5.30,10.60,true,1,
7290013144522,false,צבע מאכל ירוק מימונס 50 ג',מיוצר עי קונדיטוריית,IL,"צבע מאכל ירוק 50 מ""ל",מיליליטרים,50.00,"100 מ""ל",false,1,5.30,10.60,true,1,
7290013144560,false,צבע מאכל כחול מימונס 50 ג',מיוצר עי קונדיטוריית,IL,"צבע מאכל כחול 50 מ""ל",מיליליטרים,50.00,"100 מ""ל",false,1,5.30,10.60,true,1,
7290013144614,false,"סירופ מייפל אמיתי 100% מימונס 236 מ""ל",הנסיך- מפעל לייצור ט,DK,סירופ מייפל אמיתי,מיליליטרים,236.00,"100 מ""ל",false,1,42.90,18.18,true,1,
7290013144768,false,סירופ בטעם שוקולד מימונס 500ג',,,סירופ בטעם שוקולד 50,גרמים,500.00,100 גרם,false,1,15.90,3.18,true,1,
7290013144911,false,מימונס מיקס שוקולד צ'יפס מריר וחלב 250 גרם,,IL,מיקס שוקולד ציפס מרי,גרמים,250.00,100 גרם,false,1,15.90,6.36,true,1,
7290013145031,false,אגוזי לוז מסוכרים מימונס 100 ג',מיוצר עי קונדיטוריית,IL,אגוזי לוז מסוכרים 10,גרמים,100.00,100 גרם,false,1,16.90,16.90,true,1,
7290013145109,false,שקד מולבן טחון מימונס 100 ג',,,שקד מולבן טחון 100 ג,גרמים,100.00,100 גרם,false,1,16.90,16.90,true,1,
7290013145116,false,שקד מולבן מקלות מימונס 100 ג',,,שקד מולבן מקלות 100,גרמים,100.00,100 גרם,false,1,16.90,16.90,true,1,
7290013145130,false,מימונס שקד מולבן חצו,,,שקד מולבן חצוי 100 ג,גרמים,100.00,100 גרם,false,1,16.90,16.90,true,1,
7290013145178,false,קוקוס טחון לבן מימונס 100 ג',,IL,קוקוס טחון לבן 100 ג,גרמים,100.00,100 גרם,false,1,5.90,5.90,true,1,
7290013145192,false,שומשום מימונס 100 ג',,,שומשום 100 גר,גרמים,100.00,100 גרם,false,1,5.90,5.90,true,1,
7290013145215,false,שומשום מימונס 400 ג',מיוצר עי קונדיטוריית,IL,שומשום 400 גר,גרמים,400.00,100 גרם,false,1,17.90,4.48,true,1,
7290013145390,false,שוקולד ציפס מימונס 250 ג',אינטרגטה תעשיות מזון,IL,שוקולד ציפס 250 גר,גרמים,250.00,100 גרם,false,1,11.30,4.52,true,1,
7290013145406,false,שוקולד ציפס לבן מימונס 250 ג',אינטרגטה תעשיות מזון,IL,שוקולד ציפס לבן 250,גרמים,250.00,100 גרם,false,1,10.90,4.36,true,1,
7290013145444,false,שוקולד מריר מעולה ציפס 66% מימונס 250 ג',המאפיה של הרמן,IL,שוקולד ציפס 66% 250,גרמים,250.00,100 גרם,false,1,17.90,7.16,true,1,
7290013145529,false,סוכריות צבעוניות לקישוט מימונס 90 ג',א.ל ייצור ושיווק תבל,IL,סוכריות צבעוניות לקי,גרמים,90.00,100 גרם,false,1,7.10,7.89,true,1,
7290013145567,false,מיני מיני עדשים מימונס 90 ג',מיוצר עי קונדיטוריית,IL,מיני מיני עדשים 90 ג,גרמים,90.00,100 גרם,false,1,14.00,15.56,true,1,
7290013145628,false,סוכריות צבעוניות לקישוט מימונס 200 ג',א.ל ייצור ושיווק תבל,IL,סוכריות צבעוניות 200,גרמים,200.00,100 גרם,false,1,10.50,5.25,true,1,
7290013145826,false,פודניג בטעם וניל לבן במיוחד מימונס 80 ג',א.ל ייצור ושיווק תבל,IL,פודינג בטעם וניל לבן,גרמים,80.00,100 גרם,false,1,6.60,8.25,true,1,
7290013145840,false,סוכר וניל מימונס 10* 10 ג',מיוצר עי קונדיטוריית,IL,סוכר וניל 10 יח בצלו,Unknown,0.00,Unknown,false,1,2.70,2.70,true,1,
7290013145857,false,מימונס אבקת אפיה 10* 10ג',י. כהן בעמ,IL,אבקת אפיה 10 יח בצלו,Unknown,0.00,Unknown,false,1,2.70,2.70,true,1,
7290013145864,false,ג'לטין טהור מימונס 28 ג',א.ל ייצור ושיווק תבל,IL,גלטין טהור אבקה 28 ג,גרמים,28.00,100 גרם,false,1,12.90,46.07,true,1,
7290013145871,false,שמרים יבשים סטיק מימונס 5*11 ג',ANGEL YEAST CO.LIMIT,IL,שמרים יבשים 11 גר*5,גרמים,55.00,100 גרם,false,1,11.40,20.73,true,1,
7290013145901,false,סודה לשתיה מימונס 100 ג',,,סודה לשתיה 100 גר,גרמים,100.00,100 גרם,false,1,2.00,2.00,true,1,
7290013145949,false,אבקת סוכר אריזת פטנט 250 גר,מיוצר עי קונדיטוריית,IL,אבקת סוכר אריזת פטנט,גרמים,250.00,100 גרם,false,1,18.90,7.56,true,1,
7290013145956,false,שמרים יבשים בוואקום מימונס 500 ג',הנסיך- מפעל לייצור ט,CN,שמרים יבשים בואקום 5,גרמים,500.00,100 גרם,false,1,15.90,3.18,true,1,
7290013145963,false,שמרים יבשים בוואקום מימונוס 125 ג',,,שמרים יבשים בואקום 1,גרמים,125.00,100 גרם,false,1,6.60,5.28,true,1,
7290013145970,false,קורנפלור מימונס בשקית 200 ג',א.ל ייצור ושיווק תבל,IL,קורנפלור 200 גרם,גרמים,200.00,100 גרם,false,1,4.20,2.10,true,1,
7290013146304,false,קורנפלור מימונס 500 ג',,,קורנפלור 500 גרם,גרמים,500.00,100 גרם,false,1,6.50,1.30,true,1,
7290013146656,false,כוכבים תכלת ירוק לבן לקישוט 60 גרם,"מימונס אפיה בע""מ",IL,כוכבים תכלת ירוק לבן,גרמים,60.00,100 גרם,false,1,12.90,21.50,true,1,
7290013146663,false,סוכריות קונפטי לקישוט מימונס 55 ג',"מימונס אפיה בע""מ",IL,אטריות צבעוניות לקיש,גרמים,55.00,100 גרם,false,1,12.90,23.45,true,1,
7290013146670,false,סוכריות לב סגול ורוד לבן לקישוט 60 גרם,"מימונס אפיה בע""מ",IL,סוכריות לב סגול ורוד,גרמים,60.00,100 גרם,false,1,12.90,21.50,true,1,
7290013146762,false,מימונס קצפת 24% 200 גרם,,IL,מימונס קצפת 24% 200,גרמים,200.00,100 גרם,false,1,6.90,3.45,true,1,
7290013153395,false,פריגת סחוט טרי רימונים 1ליטר,,,פריגת סחוט רימונים 1,מיליליטרים,1000.00,"100 מ""ל",false,1,27.90,2.79,true,1,
7290013153593,false,מיץ תפוזים מתקתק 1 ליטר,"גת גבעת חיים,",IL,מיץ תפוזים מתקתק 1 ל,מיליליטרים,1000.00,"100 מ""ל",false,1,17.90,1.79,true,1,
7290013176004,false,יוגורט עיזים 500 טבע,,,יוגורט עיזים 500 טבע,מיליליטרים,500.00,"100 מ""ל",false,1,17.60,3.52,true,1,
7290013176035,false,יוגורט עיזים תמר בנ,,,יוגורט עיזים תמר בנ,מיליליטרים,500.00,"100 מ""ל",false,1,17.60,3.52,true,1,
7290013176080,false,ארבלה אנאבל זיתים,,,ארבלה אנאבל זיתים 19,גרמים,190.00,100 גרם,false,1,21.90,11.53,true,1,
7290013187215,false,מנות פילה סלמון נורבגי 800 גר,,NO,פילה סלמון נורבגי,גרמים,800.00,100 גרם,false,1,79.90,9.99,true,1,
7290013187765,false,ברוקולי טבעפרוסט 800 גר,,,ברוקולי טבעפרוסט 800,גרמים,800.00,100 גרם,false,1,19.90,2.49,true,1,
7290013187789,false,אפונה ירוקה טבעפרוסט 800 גר,,,אפונה ירוקה טבעפרוסט,גרמים,800.00,100 גרם,false,1,16.70,2.09,true,1,
7290013187796,false,שעועית ירוקה שלמה טבעפרוסט 800 גר,,,שעועית ירוקה שלמה טב,גרמים,800.00,100 גרם,false,1,16.90,2.11,true,1,
7290013187819,false,שעועית ירוקה חתוכה טבעפרוסט 800 גר,,,שעועית ירוקה חתוכה ט,גרמים,800.00,100 גרם,false,1,16.90,2.11,true,1,
7290013187826,false,כרוב ניצנים טבעפרוסט 800 גר,,,כרוב ניצנים טבעפרוסט,גרמים,800.00,100 גרם,false,1,16.90,2.11,true,1,
7290013187833,false,כרובית טבעפרוסט 800 גר,,,כרובית טבעפרוסט 800,גרמים,800.00,100 גרם,false,1,16.90,2.11,true,1,
7290013187840,false,גזר גמדי טבעפרוסט 800 גר,,,גזר גמדי טבעפרוסט 80,גרמים,800.00,100 גרם,false,1,16.90,2.11,true,1,
7290013187857,false,תרד טבעפרוסט 800 גר,,,תרד טבעפרוסט 800 גר,גרמים,800.00,100 גרם,false,1,16.90,2.11,true,1,
7290013187871,false,סרוולט אוסטרי 170 גר,,,סרוולט אוסטרי 170 גר,גרמים,170.00,100 גרם,false,1,35.90,21.12,true,1,
7290013187888,false,רוסקי סרוולט 170 גר,,,רוסקי סרוולט 170 גר,גרמים,170.00,100 גרם,false,1,35.90,21.12,true,1,
7290013187949,false,סרוולט איטלקי 170 גר,,,סרוולט איטלקי 170 גר,גרמים,170.00,100 גרם,false,1,24.90,14.65,true,1,
7290013215017,false,פטריות שמפניון זוגות,מרינה,IL,פיטריות דואט,Unknown,0.00,Unknown,false,1,19.90,19.90,true,1,
7290013267665,false,מאגדת מיני סולרו פירות טרופי 6 יח' 354 ג',"מיוצר ע""י גלידת שטרא",IL,מאגדת סולרו פירות,גרמים,354.00,100 גרם,false,1,29.90,8.45,true,1,
7290013268938,false,סנובון שלישייה גל סופר קצף מאסק,,,סנובון שלישייה גל סו,Unknown,0.00,Unknown,false,1,13.90,13.90,true,1,
7290013269690,false,"סנו - ג'ל אסלה סנובון לימון 55 מ""ל",Nicolas polandמשווק,PL,סנובון גל לאסלה בניח,Unknown,0.00,Unknown,false,1,9.90,9.90,true,1,
7290013269706,false,"סנובון ג'ל לאסלה אוקיאנוס נתלה 55מ""ל",סנו,PL,סנובון גל לאסלה בניח,Unknown,0.00,Unknown,false,1,9.90,9.90,true,1,
7290013276124,false,"בירה נגב אמבר אייל 330 מ""ל","איי, בי, אינבוו",IL,בירה נגב אמבר אייל 3,מיליליטרים,330.00,"100 מ""ל",false,1,16.90,5.12,true,1,
7290013310408,false,כפפות ניטריל XL כחולות ללא אבקה 80 יח' EASY TOUCH,,,כפפות ניטרל XL כחולו,יחידה,1.00,יחידה,false,1,27.90,27.90,true,1,
7290013329370,false,קמח קוקוס אורגני כרם - 500 גר,,,קמח קוקוס אורגני כרם,גרמים,500.00,100 גרם,false,1,25.90,5.18,true,1,
7290013329455,false,גרעיני דלעת מקולף 250 גר,,,גרעיני דלעת מקולף 25,גרמים,250.00,100 גרם,false,1,19.60,7.84,true,1,
7290013329509,false,שקד טבעי 200 גר,,,שקד טבעי 200 גר,גרמים,200.00,100 גרם,false,1,26.60,13.30,true,1,
7290013329547,false,צימוק לבן קטן 330 גר,,,צימוק לבן קטן 330 גר,גרמים,330.00,100 גרם,false,1,20.70,6.27,true,1,
7290013329554,false,שקד מולבן פרוס 200 גר,,,שקד מולבן פרוס 200 ג,גרמים,200.00,100 גרם,false,1,27.70,13.85,true,1,
7290013329615,false,צימוק חום 330 גר,,,צימוק חום 330 גר,גרמים,330.00,100 גרם,false,1,15.00,4.55,true,1,
7290013329646,false,שמן קוקוס 350 מל - כרם,,,"שמן קוקוס 350 מ""ל",גרמים,350.00,100 גרם,false,1,25.50,7.29,true,1,
7290013329660,false,פיסטוק קלוף לא קלוי כרם 200 גרם,,,פיסטוק קלוף לא קלוי,גרמים,200.00,100 גרם,false,1,39.90,19.95,true,1,
7290013329677,false,צנובר כרם 200 גרם,,,צנובר כרם 200 גרם,גרמים,200.00,100 גרם,false,1,35.50,17.75,true,1,
7290013329806,false,אננס מיובש 200 גרם,,,אננס מיובש 200 גרם,גרמים,200.00,100 גרם,false,1,23.10,11.55,true,1,
7290013358530,false,מאסטר שף אסייאתי רוטב צ'ילי מתוק 700 מל,קריניציה ויטמינה אס,TH,רוטב צילי מתוק מנה א,מיליליטרים,700.00,"100 מ""ל",false,1,13.90,1.99,true,1,
7290013358806,false,מנה מאגדת פריכיות עם מלח 264 גרם,מנה,IL,מנה מאגדת פריכיות עם,גרמים,264.00,100 גרם,false,1,14.20,5.38,true,1,
7290013366108,false,אספרגוס,חקלאי,IL,אספרגוס,Unknown,0.00,Unknown,false,1,34.90,34.90,true,1,
7290013366634,false,עלי חסה סלנובה,כרמל יבולים,IL,חסה ראשים 200 גר,גרמים,200.00,100 גרם,false,1,11.90,5.95,true,1,
7290013381996,false,סרדינים בשמן זית 125 גרם,,,סרדינים בשמן זית 125,גרמים,125.00,100 גרם,false,1,6.70,5.36,true,1,
7290013389176,false,"חומץ בלסמי ממודנה מובחר 500 מ""ל",,,חומץ בלסמי ממודנה מו,מיליליטרים,500.00,"100 מ""ל",false,1,31.90,6.38,true,1,
7290013389374,false,קמח תירס פולנטה תומר 500ג',,,קמח תירס דק פולנטה 5,גרמים,500.00,100 גרם,false,1,8.00,1.60,true,1,
7290013433091,false,גרנולה שוקולד ודגנים 300 גרם,,IL,גרנולה דגנים ושוקולד,גרמים,300.00,100 גרם,false,1,18.90,6.30,true,1,
7290013433114,false,חמאת קוקוס טבעית 300 גרם,,IL,חמאת קוקוס טבעית 300,גרמים,300.00,100 גרם,false,1,31.90,10.63,true,1,
7290013433244,false,גרנולה עשירה בחלבון 300 ג,,IL,גרנולה עשירה בחלבון,גרמים,300.00,100 גרם,false,1,19.90,6.63,true,1,
7290013433367,false,"קרם קוקוס 20-22% אורגני 330 מ""ל",,VN,קרם קוקוס 20-22% אור,מיליליטרים,330.00,"100 מ""ל",false,1,13.90,4.21,true,1,
7290013442062,false,יוגורט עדין קטיפתי 6,מוטק'ה החולב,,יוגורט 600 גר,גרמים,600.00,100 גרם,false,1,21.90,3.65,true,1,
7290013442246,false,לאבנה 9% מוטקה החו,מוטק'ה החולב,IL,לבנה 250 גר,גרמים,250.00,100 גרם,false,1,18.90,7.56,true,1,
7290013442277,false,גבינה פטה 26% 250 גר,מוטק'ה החולב,IL,גבינת פטה 250 גר,גרמים,250.00,100 גרם,false,1,34.90,13.96,true,1,
7290013442284,false,גבינה ברי 22% 140 גר,מוטק'ה החולב,IL,גבינת ברי 140 גר,גרמים,140.00,100 גרם,false,1,27.90,19.93,true,1,
7290013442291,false,גבינה קממבר 22 % 140,מוטק'ה החולב,IL,קממבר רגיל 140 גר,גרמים,140.00,100 גרם,false,1,27.90,19.93,true,1,
7290013442307,false,גבינה קממבר פקאן 23%,מוטק'ה החולב,IL,קממבר פקאן 140 גר,גרמים,140.00,100 גרם,false,1,27.90,19.93,true,1,
7290013442314,false,גבינת סנט מור 150 גר,מוטק'ה החולב,IL,גבינת סנט מור 150 גר,גרמים,150.00,100 גרם,false,1,30.90,20.60,true,1,
7290013451927,false,פריכיות כוסמת ללא מלח 175 גרם,זן - בר,IL,פריכיות כוסמת טבעי 1,גרמים,175.00,100 גרם,false,1,11.90,6.80,true,1,
7290013472199,false,ערמונים קלופים וקלויים 105 גרם,בייג'גג פוינונג,CN,ערמונים קלופים וקלוי,גרמים,105.00,100 גרם,false,1,7.90,7.52,true,1,
7290013492005,false,אמא אדמה תפוח אדמה למיקרו 700 גר',מרינה,IL,תפוחוני אדמה למיקרו,גרמים,700.00,100 גרם,false,1,9.90,1.41,true,1,
7290013493019,false,בירה בזלת פילזנר 330 מל,מברשת הגולן א.ח.ר 20,IL,בירה בזלת פילזנר 330,מיליליטרים,330.00,"100 מ""ל",false,1,13.90,4.21,true,1,
7290013493033,false,בירה בזלת חיטה 330 מל,מברשת הגולן א.ח.ר 20,IL,בירה בזלת חיטה 330 מ,מיליליטרים,330.00,"100 מ""ל",false,1,16.90,5.12,true,1,
7290013493064,false,בירה בזלת אייל ענברי 750 מל,יושלם,IL,בירה בזלת אייל ענברי,מיליליטרים,750.00,"100 מ""ל",false,1,32.90,4.39,true,1,
7290013493071,false,בירה בזלת אייל ענברי 330 מל,מברשת הגולן א.ח.ר 20,IL,בירה בזלת אייל ענברי,מיליליטרים,330.00,"100 מ""ל",false,1,16.90,5.12,true,1,
7290013531117,false,רוטב פסטה לילדים 240 גרם יכין,"זנלכל בע""מ",IL,רוטב לפסטה קידס 260,מיליליטרים,260.00,"100 מ""ל",false,1,6.90,2.65,true,1,
7290013531377,false,תורמוס A2 יכין בית יוסף,היינץ צפון אמריקה מק,IL,תורמוס יכין 560 גרם,גרמים,560.00,100 גרם,false,1,10.90,1.95,true,1,
7290013531490,false,פול מתובל יכין 560 גרם,,,פול מתובל יכין 560 ג,גרמים,560.00,100 גרם,false,1,10.90,1.95,true,1,
7290013542144,false,כוסות קרטון 4OZ אר50 יח',,CN,כוס נייר 4OZ לאספרס,Unknown,1.00,Unknown,false,1,6.90,6.90,true,1,
7290013542403,false,כוסות ניר 2.5oz אר 50 יח' דנטס,,CN,כוס ניר 2.5oz אספרס,Unknown,1.00,Unknown,false,1,5.90,5.90,true,1,
7290013542427,false,שיפוד במבוק מובחר 10,,CN,שיפוד במבוק מובחר 10,Unknown,1.00,Unknown,false,1,2.90,2.90,true,1,
7290013542441,false,שיפוד רחב במבוק,,CN,שיפוד רחב במבוק,Unknown,0.00,Unknown,false,1,5.90,5.90,true,1,
7290013542526,false,כוס נייר 8BOZ אר 50 יח',,CN,כוס נייר 50 יח לשתיה,Unknown,0.00,Unknown,false,1,10.90,10.90,true,1,
7290013542564,false,תבניות אלומיניום 729,,CN,תבניות אלומיניום 729,Unknown,1.00,Unknown,false,1,9.50,9.50,true,1,
7290013585233,false,"ספרייט ZERO פחית סליק 330 מ""ל",קוקה קולה,IL,ספרייט ZERO פחית סלי,מיליליטרים,330.00,"100 מ""ל",false,1,5.40,1.64,true,1,
7290013585257,false,"ספרייט ZERO בקבוק 500 מ""ל",החברה המרכזית לייצור,IL,ספרייט ZERO בקבוק 50,מיליליטרים,500.00,"100 מ""ל",false,1,8.50,1.70,true,1,
7290013585967,false,מארז ספרייט זירו 6 * 330 פח Fridge- pack,,,מארז ספרייט זירו 6 *,ליטרים,0.00,ליטר,false,1,24.90,24.90,true,1,
7290013608260,false,פרימור מיץ רימונים 100% סחוט טרי 1ל',גניר,IL,מיץ רימונים 100% סחו,מיליליטרים,1000.00,"100 מ""ל",false,1,26.90,2.69,true,1,
7290013645104,false,פיתותללא גלוטן 500 גרם,מוצרי הכט,IL,פיתותללא גלוטן 500 ג,גרמים,500.00,100 גרם,false,1,18.90,3.78,true,1,
7290013675545,false,שניצל כלי תחבורה מאמא עוף 700 ג',,,שניצל כלי תחבורה 700,גרמים,700.00,100 גרם,false,1,37.90,5.41,true,1,
7290013713001,false,"בירה גמס אמבר איל 330 מ""ל","אביר הבר בע""מ",IL,בירה גמס אמבר איל,מיליליטרים,330.00,"100 מ""ל",false,1,13.90,4.21,true,1,
7290013713025,false,"בירה ג'מס פילס בקבוק 330 מ""ל","אביר הבר בע""מ",IL,"בירה פילס 330 מ""ל ג",מיליליטרים,330.00,"100 מ""ל",false,1,13.90,4.21,true,1,
7290013720313,false,סורימי שרימפס 200 גר,,,סורימי שרימפס 200 גר,גרמים,200.00,100 גרם,false,1,10.40,5.20,true,1,
7290013720498,false,פיין שרימפס מבושל 750 גר M,,,פיין שרימפס מבושל,גרמים,750.00,100 גרם,false,1,63.90,8.52,true,1,
7290013720924,false,ממרח פטה אווז 140 גר,,,ממרח פטה אווז 140 גר,גרמים,140.00,100 גרם,false,1,14.90,10.64,true,1,
7290013764003,false,שיכר לימונדה קלאסית 330 מל,,,שיכר לימונדה קלאסית,מיליליטרים,330.00,"100 מ""ל",false,1,14.90,4.52,true,1,
7290013764027,false,סיידר תפוחים יבש 330 מל,,,סיידר תפוחים יבש 330,מיליליטרים,330.00,"100 מ""ל",false,1,14.90,4.52,true,1,
7290013764041,false,סיידר תפוחים מתוק 330 מל,,,סיידר תפוחים מתוק 33,מיליליטרים,330.00,"100 מ""ל",false,1,14.90,4.52,true,1,
7290013764140,false,שיכר לימונדה חמוציות 330 מל,,,שיכר לימונדה חמוציות,מיליליטרים,330.00,"100 מ""ל",false,1,14.90,4.52,true,1,
7290013771216,false,פטאקי 16% 250 גר,מיוצר עי קונדיטוריית,IL,פטאקי 16% 250 גר,גרמים,250.00,100 גרם,false,1,15.90,6.36,true,1,
7290013787392,false,רביולי גבינות קלאסי פסטה ריקו 330 גרם,יוניליוור גרמניה Gm,IL,רביולי גבינות 330 גר,גרמים,330.00,100 גרם,false,1,29.90,9.06,true,1,
7290013816894,false,שוקולד מריר אורגני קמינו ורדה הולי 100 ג,,IL,שוקולד מריר אורגני ק,גרמים,100.00,100 גרם,false,1,21.90,21.90,true,1,
7290013847393,false,נתחי טונה לייט 4% שומן עם עשבי תיבול 140 ג' סטארקיסט,,,ס.ק לייט טונה 4% שומ,גרמים,140.00,100 גרם,false,1,8.90,6.36,true,1,
7290013847454,false,טונה סטארקיסט שמן קנולה רביעיות 4*160 גר,,,טונה סטארקיסט שמן קנ,גרמים,640.00,100 גרם,false,1,25.90,4.05,true,1,
7290013847812,false,טונה ילופין בשמן זית כתית מעולה 140 גרם,,,טונה ילופין בשמן זית,גרמים,140.00,100 גרם,false,1,11.40,8.14,true,1,
7290013847867,false,מארז זוג טונה בשמן סויה 140 ג' סטארקיסט,טונה ויטנאם קו. אל.ט,IL,טונה סטארקיסט בשמן ס,גרמים,280.00,100 גרם,false,1,13.90,4.96,true,1,
7290013848345,false,מארז מטליות לחות לחיטוי שלישיה 3 * 50 יח' סנו,סנו מפעלי ברונוס בעמ,IL,שלישיית מטליות לחות,Unknown,0.00,Unknown,false,1,21.90,21.90,true,1,
7290013848420,false,דאודורנט גל קרמה מן אנטיפרספירנט 70 מל,גוד פוד פרודקטס S.p,IL,דאודורנט גל קרמה מן,מיליליטרים,70.00,"100 מ""ל",false,1,16.90,24.14,true,1,
7290013861429,false,המתוקים של ששון שומשום 250 גרם,קריניציה ויטמינה אס,IL,המתוקים של ששון שומש,גרמים,250.00,100 גרם,false,1,14.00,5.60,true,1,
7290013861443,false,המתוקים של ששון בוטנים 250 גרם,קריניציה ויטמינה אס,IL,המתוקים של ששון בוטנ,גרמים,250.00,100 גרם,false,1,14.00,5.60,true,1,
7290013903044,false,רסק תפוחי עץ אורגני 452 גרם,,,רסק תפוחי עץ אורגני,גרמים,452.00,100 גרם,false,1,17.90,3.96,true,1,
7290013903259,false,תות שדה אורגני מוקפא 300 גר,פריגו,RS,תות שדה אורגני מוקפא,גרמים,300.00,100 גרם,false,1,26.50,8.83,true,1,
7290013903273,false,אדממה אורגני קפוא 400 גר,זהג'יאנג קינגסור פוד,CN,אדממה אורגני קפוא 40,גרמים,400.00,100 גרם,false,1,13.20,3.30,true,1,
7290013903310,false,טופו אורגני 2 יח 500 גר,,IL,טופו אורגני 2 יח 500,גרמים,500.00,100 גרם,false,1,20.90,4.18,true,1,
7290013903327,false,טופו טבעי 2 יח 500 גר,אין תעשיות,IL,טופו טבעי 2 יח 500 ג,גרמים,500.00,100 גרם,false,1,18.80,3.76,true,1,
7290013903389,false,שעועית ירוקה קפואה אורגני 500 גרם,קינגסור,CN,שעועית ירוקה קפואה א,גרמים,500.00,100 גרם,false,1,15.90,3.18,true,1,
7290013903396,false,גרעיני תירס מתוקים קפואים אורגני 500 גרם,קינגסור,CN,גרעיני תירס מתוקים ק,גרמים,500.00,100 גרם,false,1,15.90,3.18,true,1,
7290013903594,false,רסק תפוחים טבעי 670 גרם ליב,טעמי הגליל בעמ,IL,רסק תפוחים טבעי 670,גרמים,670.00,100 גרם,false,1,13.50,2.01,true,1,
7290013906052,false,נקניקיות פרגיות טירת צבי 300 גר',הנסיך- מפעל לייצור ט,IL,נקניקיות פרגיות,גרמים,300.00,100 גרם,false,1,14.90,4.97,true,1,
7290013906205,false,פסטרמה עם שום וצילי טירת צבי 400 ג',הנסיך- מפעל לייצור ט,IL,פסטרמה שום וצילי,גרמים,400.00,100 גרם,false,1,27.90,6.98,true,1,
7290013906212,false,"נקנקיות וינר טירת 1 ק""ג טירת צבי",הנסיך- מפעל לייצור ט,IL,טירת צבי נקניקיות וי,קילוגרמים,0.00,"ק""ג",false,1,25.90,25.90,true,1,
7290013906441,false,קבנוס טירת צבי 120 גר,הנסיך- מפעל לייצור ט,IL,קבנוס טירת צבי 120 ג,גרמים,120.00,100 גרם,false,1,11.90,9.92,true,1,
7290013906458,false,קבנוס בטעם פיקנטי טירת צבי 120 גר,הנסיך- מפעל לייצור ט,IL,קבנוס בטעם פיקנטי טי,גרמים,120.00,100 גרם,false,1,12.90,10.75,true,1,
7290013906489,false,חטיפי מיני קבנוס 120 ג' טירת צבי,הנסיך- מפעל לייצור ט,IL,חטיפי קבנוס טירת צבי,גרמים,120.00,100 גרם,false,1,12.90,10.75,true,1,
7290013906496,false,פסטרמה עגל בסגנון רומני טירת צבי 120 גר,הנסיך- מפעל לייצור ט,IL,פסטרמה עגל בסגנון רו,גרמים,120.00,100 גרם,false,1,19.90,16.58,true,1,
7290013906519,false,פרושוטו בקר דליקטיב 100 גרם,הנסיך- מפעל לייצור ט,IL,פרושוטו בקר טירת צבי,גרמים,100.00,100 גרם,false,1,34.90,34.90,true,1,
7290013906687,false,פסט' צמד כפרית ברביקיו ודבש 300X2ג' טירת צבי,הנסיך- מפעל לייצור ט,IL,צמד כפרית ברבקיו,גרמים,600.00,100 גרם,false,1,35.90,5.98,true,1,
7290013906694,false,נקניקיות שקית קילו וחצי טירת צבי,הנסיך- מפעל לייצור ט,IL,נקניקיות עוף טירת צב,גרמים,1500.00,100 גרם,false,1,32.90,2.19,true,1,
7290014002128,false,תה ירוק לימונית ומנטה 25 שקיקים ויסוצקי,HIQ FOOD PRODUCTS,IL,תה ירוק לימונית מנטה,Unknown,0.00,Unknown,false,1,26.90,26.90,true,1,
7290014002135,false,תה ויסוצקי ירוק מיקס 5 טעמים 25 יח',HIQ FOOD PRODUCTS,IL,תה ירוק ויסוצקי מיקס,Unknown,0.00,Unknown,false,1,26.90,26.90,true,1,
7290014002197,false,חליטת קמומיל ולימונית 25 שק הגן הקסום,,,חליטת קמומיל ולימוני,Unknown,0.00,Unknown,false,1,19.90,19.90,true,1,
7290014002203,false,תה ויסוצקי חליטת לימונית ולואיזה 20יח',HIQ FOOD PRODUCTS,IL,חליטת קמומיל ולואיזה,Unknown,0.00,Unknown,false,1,19.90,19.90,true,1,
7290014002944,false,גן קסום חליטת פירות וצמחים חמדת שקד 25 שקיקים,HIQ FOOD PRODUCTS,IL,גן קסום חליטת םירות,Unknown,0.00,Unknown,false,1,19.90,19.90,true,1,
7290014056008,false,"בירה שפירא פייל אייל 330 מ""ל",שפירא,IL,בירה שפירא פייל אייל,מיליליטרים,330.00,"100 מ""ל",false,1,16.90,5.12,true,1,
7290014056015,false,"בירה שפירא סטאוט 330 מ""ל",,IL,בירה שפירא סטאוט 330,מיליליטרים,330.00,"100 מ""ל",false,1,16.90,5.12,true,1,
7290014056039,false,"בירה שפירא חיטה 330 מ""ל",שפירא,IL,בירה שפירא חיטה 330,מיליליטרים,330.00,"100 מ""ל",false,1,16.90,5.12,true,1,
7290014056046,false,"בירה שפירא לאגר 330 מ""ל",שפירא,IL,בירה שפירא לאגר 330,מיליליטרים,330.00,"100 מ""ל",false,1,16.90,5.12,true,1,
7290014056053,false,"בירה שפירא אי פי אי 330 מ""ל",שפירא,IL,בירה שפירא אי פי אי,מיליליטרים,330.00,"100 מ""ל",false,1,16.90,5.12,true,1,
7290014066359,false,לנדוור-קפסולות אספרסו בלנסד(06) - 10יח'12X יח,האחים פלם הגפן,IL,לנדוור קפסולות אספרס,Unknown,0.00,Unknown,false,1,17.90,17.90,true,1,
7290014066373,false,לנדוור-קפסולות אספרסו קלאסיק(09) - 10יח'12X יח,לנדוור,IL,לנדוור קפסולות אספרס,Unknown,0.00,Unknown,false,1,17.90,17.90,true,1,
7290014066380,false,לנדוור-קפסולות אספרסו סופרימו(10) - 10יח'12X יח,לנדוור,IL,לנדוור קפסולות אספרס,Unknown,0.00,Unknown,false,1,17.90,17.90,true,1,
7290014066526,false,לנדוור-קפסולות אספרסו תערובת הבית(11) - 10יח'12X יח,לנדוור,IL,לנדוור קפסולות אספרס,Unknown,0.00,Unknown,false,1,17.90,17.90,true,1,
7290014066533,false,לנדוור-קפסולות אספרסו קלייה כפולה(12) - 10יח'12X יח,לנדוור,IL,לנדוור קפסולות אספרס,Unknown,0.00,Unknown,false,1,17.90,17.90,true,1,
7290014079014,false,לבבות קיסר בנספק,"מרינה פטריות הגליל בע""מ",IL,לבבות קיסר,Unknown,0.00,Unknown,false,1,11.90,11.90,true,1,
7290014079236,false,פטריות פורטובלה מיני סלסלה,חקלאי,IL,פטריות פורטבלו,Unknown,0.00,Unknown,false,1,11.90,11.90,true,1,
7290014083479,false,גבינה צהובה פרוסה גאודה 150 גר',ג.וילי פוד אינטרנשיו,IL,גבינה גאודה 27% 150,גרמים,150.00,100 גרם,false,1,12.90,8.60,true,1,
7290014094338,false,דלעת מקולפת 250 קופסא,"דין שיווק וקליה בע""מ",,דלעת מקולפת 250 גר,גרמים,250.00,100 גרם,false,1,25.50,10.20,true,1,
7290014094352,false,אגוזי מלך בקופסא 200 ג',"דין שיווק וקליה בע""מ",,אגוזי מלך 200 גר,גרמים,200.00,100 גרם,false,1,16.90,8.45,true,1,
7290014094369,false,שקד טבעי 200 גר קופסא ששון הקולה,"דין שיווק וקליה בע""מ",,שקד טבעי 200 גר קופ,גרמים,200.00,100 גרם,false,1,23.90,11.95,true,1,
7290014094383,false,משמש מיובש בקופסא 33,"דין שיווק וקליה בע""מ",,משמש 330 גר,גרמים,330.00,100 גרם,false,1,28.90,8.76,true,1,
7290014094390,false,חמוציות מסוכרות בקופ,"דין שיווק וקליה בע""מ",,חמוציות 330 גר,גרמים,250.00,100 גרם,false,1,17.10,6.84,true,1,
7290014094611,false,שקד מולבן פרוס 200 גר,,,שקד מולבן פרוס 200 ג,גרמים,200.00,100 גרם,false,1,31.90,15.95,true,1,
7290014094628,false,פקאן טבעי 200 ג' בקופסא,חקלאי,,פקאן טבעי 200 גר,גרמים,200.00,100 גרם,false,1,32.50,16.25,true,1,
7290014094642,false,קשיו טבעי גדול 250 גר,"דין שיווק וקליה בע""מ",,קשיו טבעי גדול 250 ג,גרמים,250.00,100 גרם,false,1,30.90,12.36,true,1,
7290014094796,false,משמש מיובש 300 גרם ששון הקולה,"דין שיווק וקליה בע""מ",,משמש מיובש 300 גרם ש,גרמים,300.00,100 גרם,false,1,21.90,7.30,true,1,
7290014094826,false,שזיפים מיובשים ללא גלעין 300 ששון הקולה,"דין שיווק וקליה בע""מ",,שזיפים מיובשים ללא ג,גרמים,300.00,100 גרם,false,1,18.60,6.20,true,1,
7290014094833,false,צימוק בהיר 300 גרם ששון הקולה,"דין שיווק וקליה בע""מ",,צימוק בהיר 300 גרם ש,גרמים,300.00,100 גרם,false,1,15.30,5.10,true,1,
7290014094840,false,צימוק כהה 300 גרם ששון הקולה,"דין שיווק וקליה בע""מ",,צימוק כהה 300 גרם שש,גרמים,300.00,100 גרם,false,1,12.90,4.30,true,1,
7290014094864,false,פיסטוק קלוי 170 גר עם קליפה ששון הקולה,דין שיווק,IL,פיסטוק קלוי 170 גר,גרמים,170.00,100 גרם,false,1,19.90,11.71,true,1,
7290014094895,false,אגוזים מלך קלופים 150 גרם ששון הקולה,,,אגוזים מלך קלופים 15,גרמים,150.00,100 גרם,false,1,13.90,9.27,true,1,
7290014094901,false,פקאן טבעי 150 גרם ששון הקולה,דין שיווק,IL,פקאן טבעי 150 גרם שש,גרמים,150.00,100 גרם,false,1,24.50,16.33,true,1,
7290014095861,false,שיבולת שועל דקה 500 גרם קוואקר,"דין שיווק וקליה בע""מ",,שיבולת שועל דקה 500,גרמים,500.00,100 גרם,false,1,7.90,1.58,true,1,
7290014095946,false,משוקלדים פקאן בשוקולד מריר 140 גרם,,,משוקלדים פקאן מריר 1,גרמים,140.00,100 גרם,false,1,12.90,9.21,true,1,
7290014095960,false,שיבולת שועל עבה 500 גרם קוואקר,"דין שיווק וקליה בע""מ",,שיבולת שועל עבה 500,גרמים,500.00,100 גרם,false,1,7.90,1.58,true,1,
7290014218932,false,חטיפי פיצה בתוספת זיתים 710 ג' מעדנות,מיוצר עי קונדיטוריית,IL,חטיפי פיצה זיתים,גרמים,710.00,100 גרם,false,1,37.90,5.34,true,1,
7290014318151,false,ממרח ארטישוק 212,,,ממרח ארטישוק 212,מיליליטרים,212.00,"100 מ""ל",false,1,20.70,9.76,true,1,
7290014318243,false,פולנטה איטלקית עדינה בווקום 1 קג,,,פולנטה איטלקית עדינה,קילוגרמים,0.00,"ק""ג",false,1,15.00,15.00,true,1,
7290014318311,false,עגבניות פולפה שלישיות 400*3,,,עגבניות פולפה,קילוגרמים,0.00,"ק""ג",false,1,19.80,19.80,true,1,
7290014397279,false,סנו סושי שקיות מזון XL 300 יח,הורביץ סחר,CN,סנו סושי שקיות מזון,Unknown,0.00,Unknown,false,1,14.90,14.90,true,1,
7290014435704,false,סלמון מעושן 100גר' שמיר,"סלטי שמיר 2006 בע""מ",,סלמון מעושן 100 גר,גרמים,100.00,100 גרם,false,1,25.90,25.90,true,1,
7290014435810,false,הרינג כבוש ובצל במרינת חמוץ מתוק שמיר 180 ג',"סלטי שמיר 2006 בע""מ",IL,הרינג כבוש עם בצל חמ,גרמים,220.00,100 גרם,false,1,21.90,9.95,true,1,
7290014435841,false,פילה מטיאס הולנדי בשמן שמיר 180ג',,IL,פילה מטיאס הולנדי בש,גרמים,200.00,100 גרם,false,1,23.00,11.50,true,1,
7290014435889,false,סלט מטיאס עם מיונז 180 גר',"סלטי שמיר 2006 בע""מ",,סלט מטיאס עם מיונז 2,גרמים,200.00,100 גרם,false,1,21.90,10.95,true,1,
7290014440333,false,"יין מדבר רוזה סדרה 22 750 מ""ל",,IL,יין מדבר קברנה סובינ,מיליליטרים,750.00,"100 מ""ל",false,1,52.90,7.05,true,1,
7290014440463,false,"יין מדבר שרדונה סדרה 22 750 מ""ל",,IL,יין מדבר שרדונה סדר,מיליליטרים,750.00,"100 מ""ל",false,1,52.90,7.05,true,1,
7290014440470,false,"יין מדבר סוביניון בלאן סדרה 22 750 מ""ל",,IL,יין מדבר סוביניון בל,מיליליטרים,750.00,"100 מ""ל",false,1,52.90,7.05,true,1,
7290014440487,false,"יקב מדבר סדרה 22 סוביניון 750 מ""ל",,IL,יקב מדבר סדרה 22 סוב,מיליליטרים,750.00,"100 מ""ל",false,1,52.90,7.05,true,1,
7290014440494,false,"יין מדבר רוזה סדרה 22 750 מ""ל",,IL,יין מדבר רוזה סדרה,מיליליטרים,750.00,"100 מ""ל",false,1,52.90,7.05,true,1,
7290014440548,false,"יקב מדבר סדרה 22 קברנה פרנק 750 מ""ל",,IL,יקב מדבר סדרה 22 קבר,מיליליטרים,750.00,"100 מ""ל",false,1,52.90,7.05,true,1,
7290014455245,false,גבינה גרנה פדנו משולש גד 200 גר',מחלבת סוציאלה מנטובה,IT,גרנה פדנו משולש 200,גרמים,200.00,100 גרם,false,1,30.50,15.25,true,1,
7290014455252,false,גבינת גרנה פדנו מגורד 100 ג' גד,מחלבות גד,IT,גבינה גרנה פדנו,גרמים,100.00,100 גרם,false,1,13.90,13.90,true,1,
7290014455320,false,גבינה כדורי מוצרלה פרסקה גד 100ג',מחלבות גד בעמ,IL,כדור מוצרלה פרסקה 10,גרמים,100.00,100 גרם,false,1,10.20,10.20,true,1,
7290014455467,false,ירח מתוק מעדן חלב 2% ושיבולת שועל גד 150ג',מחלבות גד,IL,מעדן שיבולת שועל וחל,גרמים,150.00,100 גרם,false,1,6.20,4.13,true,1,
7290014455610,false,יוגורט עיזים תות 125 גר,מיוצר על ידי קוד יצר,IL,יוגורט עיזים תות 125,גרמים,125.00,100 גרם,false,1,6.90,5.52,true,1,
7290014455627,false,יוגורט עיזים דובדבן אמרנה 125 גר,מיוצר עי קוד יצרן MK,IL,יוגורט עיזים דובדבן,גרמים,125.00,100 גרם,false,1,6.90,5.52,true,1,
7290014459205,false,"צ'יפס טוגן סטייק תפוגן 1.8 ק""ג",,,סטייק ציפס תפוגן 1.8,קילוגרמים,0.00,"ק""ג",false,1,21.90,21.90,true,1,
7290014459373,false,"צ'יפס קראנצ'י לתנור קפוא תפוגן 1.5ק""ג",,IL,תפוגן ציפס קראנצי לת,קילוגרמים,0.00,"ק""ג",false,1,31.50,31.50,true,1,
7290014459632,false,"צ'יפס טוגן תפוגן 1.5 ק""ג",תפוגן,IL,ציפס טוגן תפוגן 1.5,קילוגרמים,0.00,"ק""ג",false,1,23.00,23.00,true,1,
7290014466609,false,יין מרלו גמלא 2020 750 מל,יקב רמת הגולן,IL,יין מרלו גמלא 2020 7,Unknown,0.00,Unknown,false,1,62.90,62.90,true,1,
7290014471412,false,"מוזלי בוטנים אגוז ושקד 1 ק""ג ירוק שקדיה",,,מוזלי בוטנים אגוז וש,גרמים,1000.00,100 גרם,false,1,22.90,2.29,true,1,
7290014471443,false,"גרנולה צימוקים אגוז שקד 1 ק""ג כתום שקדיה",,,גרנולה צימוקים אגוז,גרמים,1000.00,100 גרם,false,1,22.90,2.29,true,1,
7290014472136,false,גרעין שחור קלוי ששון הקולה 150 ג',דין שיווק,IL,גרעין שחור קלוי 150,גרמים,150.00,100 גרם,false,1,5.30,3.53,true,1,
7290014472228,false,תאנים בקופסא 330 גר,"דין שיווק וקליה בע""מ",,תאנים 330 גר,גרמים,330.00,100 גרם,false,1,25.20,7.64,true,1,
7290014472235,false,פקאן סיני מסוכר בקופ,שקרצי,,פקאן סיני מסוכר 200,גרמים,200.00,100 גרם,false,1,30.90,15.45,true,1,
7290014472488,false,שקד קלוי ענק 250 גרם פרימיום ששון הקולה,דין שיווק,IL,שקד קלוי ענק 250 גרם,גרמים,250.00,100 גרם,false,1,24.90,9.96,true,1,
7290014472495,false,קשיו קלוי ענק 250 גר פרימיום ששון הקולה,דין שיווק,IL,קשיו קלוי ענק 250 גר,גרמים,250.00,100 גרם,false,1,22.90,9.16,true,1,
7290014472501,false,פיסטוק קלוי ענק 250 ג פרימיום ששון הקולה,דין שיווק,IL,פיסטוק קלוי ענק 250,גרמים,250.00,100 גרם,false,1,24.90,9.96,true,1,
7290014472518,false,בוטן קלוי ענק 250 גר פרימיום ששון הקולה,דין שיווק,IL,בוטן קלוי ענק 250 גר,גרמים,250.00,100 גרם,false,1,12.90,5.16,true,1,
7290014472525,false,תערובת מובחרת 250 גר פרימיום ששון הקולה,דין שיווק,IL,תערובת מובחרת 250 גר,גרמים,250.00,100 גרם,false,1,24.90,9.96,true,1,
7290014472990,false,ממרח 100% שקדים שקדיה 300 ג',,,ממרח 100% שקדים 300,גרמים,300.00,100 גרם,false,1,41.90,13.97,true,1,
7290014503137,false,"יין כנען אדום דלתון 750 מ""ל","איי, בי, אינבוו",IL,יין כנען אדום דלתון,Unknown,0.00,Unknown,false,1,44.90,44.90,true,1,
7290014503144,false,יין כנען לבן דלתון 750 מל,"איי, בי, אינבוו",IL,יין כנען לבן דלתון 7,Unknown,0.00,Unknown,false,1,44.90,44.90,true,1,
7290014503830,false,"יין שרדונה אסטייט דלתון 750 מ""ל",יקב דלתון מרום גליל,,יין שרדונה אסטייט דל,Unknown,0.00,Unknown,false,1,64.60,64.60,true,1,
7290014525306,false,חטיף מרבה סלים דליס קריספי אוכמניות 125,"ש. שסטוביץ בע""מ",NL,חטיף מרבה סלים דליס,גרמים,125.00,100 גרם,false,1,12.90,10.32,true,1,
7290014525313,false,חטיף מרבה סלים דליס קריספי שוקולד 125 ג,הלמה הלום בי. וי,NL,חטיף מרבה סלים דליס,גרמים,125.00,100 גרם,false,1,12.90,10.32,true,1,
7290014525665,false,מרבה על חלל עוגיות קקאו וסוכריות שוק חלב 140 יח',"מרבה בע""מ",NL,עוגיות קקאו וסוכריות,גרמים,140.00,100 גרם,false,1,11.90,8.50,true,1,
7290014525672,false,מרבה על חלל עוגיות עם סוכריות שוקולד 140 יח',"מרבה בע""מ",NL,עוגיות סוכריות ש.חלב,גרמים,140.00,100 גרם,false,1,11.90,8.50,true,1,
7290014594081,false,פחמים 2 קילו דרום אמריקאי,,,פחמים 2 קילו דרום אמ,Unknown,0.00,Unknown,false,1,22.90,22.90,true,1,
7290014628090,false,"גרנאולה תמר אגוזי מלך ללת""ס 300 גרם",,,גרנאולה תמר אגוזי מל,גרמים,300.00,100 גרם,false,1,36.90,12.30,true,1,
7290014628106,false,"גרנאולה קקאו לוז ותותי עץ ללת""ס 300 גרם",,,גרנאולה קקאו לוז ותו,גרמים,300.00,100 גרם,false,1,36.90,12.30,true,1,
7290014648081,false,סכיני גילוח חד פעמי לה בלה עשירייה,,,סכיני גילוח חד פעמי,Unknown,0.00,Unknown,false,1,11.50,11.50,true,1,
7290014648364,false,פלסטרים פארמה איד 40 יח,,,פלסטרים PHARMA AID ב,יחידה,1.00,יחידה,false,1,8.50,8.50,true,1,
7290014673137,false,תערובת עשבי תיבול לפיצה 100 גרם,א.ל ייצור ושיווק תבל,IL,תערובת עשבי תיבול לפ,גרמים,100.00,100 גרם,false,1,11.90,11.90,true,1,
7290014673618,false,תבלינים זנגביל בצנצנת 30 גרם,,,תבלינים זנגביל בצנצנ,Unknown,0.00,Unknown,false,1,12.90,12.90,true,1,
7290014692305,false,גבינת קממבר 125ג' CASTELLO ויליפוד,הנסיך- מפעל לייצור ט,DK,גבינת קממבר 125 גר,גרמים,125.00,100 גרם,false,1,21.90,17.52,true,1,
7290014692541,false,גבינת מגורדת 500ג' GOLDEN,ג.וילי פוד אינטרנשיו,IL,צהובה מגורדת גולדן 5,גרמים,500.00,100 גרם,false,1,24.90,4.98,true,1,
7290014749245,false,ספיישל רצועות שניצל שומשום עוף טוב 600 גרם,מוצרי עוף טוב (2001),IL,צונגו רצועות שניצל ש,גרמים,600.00,100 גרם,false,1,39.90,6.65,true,1,
7290014749764,false,שניצל עוף ביתי עדין עוף טוב 700 גרם,מוצרי עוף טוב (2001),IL,עוף טוב שניצל עוף בי,גרמים,700.00,100 גרם,false,1,47.90,6.84,true,1,
7290014758100,false,מאגדת יוגורט ביו 3% שומן 8 יח' *150ג' תנובה,מיוצר עי קונדיטוריית,IL,שמיניית מאגדת BIO,גרמים,150.00,100 גרם,false,1,17.20,11.47,true,1,
7290014758117,false,מאגדת יוגורט ביו 1.5% שומן 8 יח' *150 ג' תנובה,מיוצר עי קונדיטוריית,IL,שמיניית יוגורט ביו,קילוגרמים,0.00,"ק""ג",false,1,18.10,18.10,true,1,
7290014758162,false,חלב עיזים מלא 3.6% קרטון 1 ל' תנובה,תנובה מרכז שיתופי לש,IL,חלב עיזים מלא 3.6% ש,מיליליטרים,1000.00,"100 מ""ל",false,1,18.50,1.85,true,1,
7290014758681,false,קוטג' תנובה 1% גביע 250 ג',מיוצר עי קונדיטוריית,IL,קוטג תנובה 1% 250 גר,גרמים,250.00,100 גרם,false,1,5.70,2.28,true,1,
7290014759084,false,גבינת שמנת 16% בטעם טבעי 225 ג' נפוליאון,הרדוף חלב,IL,נפוליאון מופחת שומן,גרמים,225.00,100 גרם,false,1,15.20,6.76,true,1,
7290014759534,false,גבינה בולגרית למריחה טבעי 5% 200 ג' פיראוס,"תנובה, מחלבת תל יוסף",IL,פיראוס בולגרית למריח,גרמים,200.00,100 גרם,false,1,18.20,9.10,true,1,
7290014759909,false,פטה עיזים 5% פיראוס גביע 250 גרם,"תנובה, מחלבת טנא נוג",IL,גבינה פטה עזים פיראו,גרמים,250.00,100 גרם,false,1,31.50,12.60,true,1,
7290014759985,false,"גבינת פרמזן גבע 23% פלח, 200 ג'",תנובה,IL,קולאז פרמזן גבע פלח,גרמים,200.00,100 גרם,false,1,29.90,14.95,true,1,
7290014759992,false,גבינת רוקפור גליל פלח 140 ג' תנובה,"תנובה, מחלבת תל יוסף",IL,קולאז רוקפור גליל פל,גרמים,140.00,100 גרם,false,1,22.90,16.36,true,1,
7290014760134,false,מעדן סויה ביו בטעם ו,פ.פ.ח. שאביט,IL,מעדן סויה וניל,גרמים,125.00,100 גרם,false,1,4.90,3.92,true,1,
7290014760141,false,משקה שקדים טרי 1 ל' תנובה,,IL,משקה שקדים טרי 1 ליט,מיליליטרים,1000.00,"100 מ""ל",false,1,14.80,1.48,true,1,
7290014760448,false,מאגדת גלבוע 22% 400 גר,מחלבת בית יצחק,IL,גלבוע פרוס 22% 400 ג,גרמים,400.00,100 גרם,false,1,27.90,6.98,true,1,
7290014760912,false,פרוסות גבינה 28% שומן 400 ג' גוש חלב,,IL,מאגדת גוש חלב 28%,גרמים,400.00,100 גרם,false,1,29.50,7.38,true,1,
7290014761056,false,מעדן שוקולד חלב מעולה 123 ג' יולו,מיוצר עי קונדיטוריית,IL,יולו שוקולד חלב,גרמים,123.00,100 גרם,false,1,5.20,4.23,true,1,
7290014761063,false,מעדן שוקולד מריר מעולה 123 ג' יולו,מיוצר עי קונדיטוריית,IL,יולו שוקולד מריר,גרמים,123.00,100 גרם,false,1,5.20,4.23,true,1,
7290014761070,false,מעדן שוקולד לבן מעולה 123 ג' יולו,מיוצר עי קונדיטוריית,IL,YOLO שוקולד לבן מעול,גרמים,123.00,100 גרם,false,1,5.20,4.23,true,1,
7290014761414,false,יולו מעדן שכבות שוקולד חלב ולבן 123 גר,מיוצר עי קונדיטוריית,IL,יולו מעדן שכבות,גרמים,123.00,100 גרם,false,1,5.20,4.23,true,1,
7290014761612,false,YOLO מעדן שכבות שוקולד מריר ולבן מעולה,מיוצר עי קונדיטוריית,IL,YOLO מעדן שכבות שוקו,גרמים,123.00,100 גרם,false,1,5.20,4.23,true,1,
7290014762756,false,גבינת שמנת 16% עם בצל 225 ג' נפוליאון,הרדוף חלב,IL,נפוליאון 16%בטעם בצל,גרמים,225.00,100 גרם,false,1,15.20,6.76,true,1,
7290014762800,false,מעדן סויה שוקולד גביע 125 ג',תות תעשיות מזון (201,IL,מעדן סויה שוקולד 125,גרמים,125.00,100 גרם,false,1,4.90,3.92,true,1,
7290014762831,false,גבינת שמנת חלפיניו 24% שומן 225 ג' נפוליאון,הרדוף חלב,IL,גבינת שמנת נפוליאו 2,גרמים,225.00,100 גרם,false,1,15.20,6.76,true,1,
7290014762909,false,פתיתי מוצרלה 20% שומן 200 ג' השף הלבן,"תנובה, מחלבת תל יוסף",IL,פתיתי מוצרלה השף הלב,גרמים,220.00,100 גרם,false,1,19.90,9.05,true,1,
7290014763098,false,קרם גבינת שמנת 5% עם פלפל שום ובצל 200 ג' תנובה,תנובה,IL,קרם גבינה שמנת 5% טו,גרמים,200.00,100 גרם,false,1,14.90,7.45,true,1,
7290014763272,false,"יוגורט סויה לשתיה תות ובננה 250 מ""ל",תות תעשיות מזון (201,IL,משקה סויה ביו תות בנ,מיליליטרים,250.00,"100 מ""ל",false,1,6.50,2.60,true,1,
7290014789913,false,עוגיות אוראו עם מילוי קרם וניל 3 * 176 ג',,IL,מארז עוגיות אוראו עם,גרמים,528.00,100 גרם,false,1,25.10,4.75,true,1,
7290014791572,false,"שוויפס מוגז בטעם ענבים 330 מ""ל",יפאורה תבורי בעמ,IL,שוופס מוגז ענבים 330,מיליליטרים,330.00,"100 מ""ל",false,1,6.20,1.88,true,1,
7290014791664,false,שישיה מי עדן אישי פקק רגיל 500 מל,מופק ממקור בזלתי עדן,IL,שישיה מי עדן אישי פק,ליטרים,0.00,ליטר,false,1,11.90,11.90,true,1,
7290014803237,false,ערמונים קלופים וקלויים 100 גרם,,,ערמונים קלופים וקלוי,גרמים,100.00,100 גרם,false,1,8.00,8.00,true,1,
7290014803565,false,צנימים עגולים עם חיטה מלאה 300 גרם,,,צנימים עגולים עם חיט,גרמים,300.00,100 גרם,false,1,12.90,4.30,true,1,
7290014855458,false,מגבוני בייביסיטר פרפורמנס ללא בישום מארז 72X4יח',די פי אל,,בייביסיטר מגבונים פר,Unknown,0.00,Unknown,false,1,17.90,17.90,true,1,
7290014860063,false,מקלוני אורז ללא גלוטן 454 גר,,,מקלוני אורז ללא גלוט,גרמים,454.00,100 גרם,false,1,10.40,2.29,true,1,
7290014860070,false,"מקלות אורז ללא גלוטן 5 מ""מ 454 גרם",Oriental food co. lt,TH,מקלות אורז ללא גלוטן,גרמים,454.00,100 גרם,false,1,11.90,2.62,true,1,
7290014860094,false,"מקלות אורז ללא גלוטן 3 מ""מ 454 גרם",,,מקלות אורז ללא גלוטן,גרמים,454.00,100 גרם,false,1,11.90,2.62,true,1,
7290014860155,false,"מחצלת במבו שטוחה 24*24 ס""מ",,,מחצלת במבו שטוחה 24*,Unknown,0.00,Unknown,false,1,9.90,9.90,true,1,
7290014901575,false,אל סבון ארומטי סטייל תה מרווה כחול 500,,,אל סבון ארומטי סטייל,מיליליטרים,500.00,"100 מ""ל",false,1,10.00,2.00,true,1,
7290014905719,false,הפי לימונית למדיח כלים - מנטרל ריחות רעים,יוליניבר,IT,הפי לימונית למדיח,Unknown,0.00,Unknown,false,1,14.90,14.90,true,1,
7290014905733,false,"הפי פרפקט לניקוי שמשות 750 מ""ל",יוליניבר,IL,הפי נקה חלונות פרפקט,מיליליטרים,750.00,"100 מ""ל",false,1,11.50,1.53,true,1,
7290014947047,false,פריכיות כוסמת עם מלח 175 גרם,זן בר המכללה לטבעונו,IL,פריכיות כוסמת עם מלח,גרמים,175.00,100 גרם,false,1,11.90,6.80,true,1,
7290014948020,false,סאן-מלח הימלאיה 950 גרם עבה (בשקית),,,סאן-מלח הימלאיה 950,גרמים,950.00,100 גרם,false,1,21.90,2.31,true,1,
7290015009119,false,עלי טורטייה מקמח תירס 360 גרם,לווליה,,עלי טורטייה מקמח תיר,גרמים,360.00,100 גרם,false,1,16.50,4.58,true,1,
7290015009126,false,עלי טורטייה מקמח מלא 420 גר 25 סמ,לווליה,,עלי טורטייה מקמח מלא,גרמים,420.00,100 גרם,false,1,16.50,3.93,true,1,
7290015009249,false,רוטב סלסה חריף אדום 454 גר,לינדסטרי פודס,US,רוטב סלסה חריף אדום,גרמים,454.00,100 גרם,false,1,20.90,4.60,true,1,
7290015009300,false,עלי טורטייה מקמח תירס 360 גרם,,,עלי טורטייה מקמח תיר,גרמים,360.00,100 גרם,false,1,16.70,4.64,true,1,
7290015009324,false,נאצוס סבוריטו ברביקי,אוקי סנקס,DK,נאצ`וס ברביקיו 200 ג,גרמים,200.00,100 גרם,false,1,13.90,6.95,true,1,
7290015009379,false,"מיץ לימון משומר 946 מ""ל",,ES,מיץ לימון משומר 946,מיליליטרים,946.00,"100 מ""ל",false,1,19.90,2.10,true,1,
7290015009393,false,זיתים שחורים מגולענים מזן קלמטה 430 גרם,אידיאל ס.א,GR,זיתים שחורים מגולעני,גרמים,430.00,100 גרם,false,1,19.90,4.63,true,1,
7290015009409,false,זיתים שחורים מזן טאסוס במלח 250 גרם,אדיאל ס.א,GR,זיתים שחורים מזן טאס,גרמים,250.00,100 גרם,false,1,19.90,7.96,true,1,
7290015009591,false,"רוטב אקסטרא חריף פלפל סקורפיון 148 מ""ל",קאמוק,CR,רוטב אקסטרא חריף פלפ,מיליליטרים,148.00,"100 מ""ל",false,1,19.90,13.45,true,1,
7290015009614,false,"רוטב אקסטרא חריף פלפל סקוטש בונט 148 מ""ל",קאמוק,CR,רוטב אקסטרא חריף פלפ,מיליליטרים,148.00,"100 מ""ל",false,1,19.90,13.45,true,1,
7290015129220,false,איטריות קונגאק ללא גלוטן 270 גרם skinny,אף.סי תבליני בגליל ב,CN,איטריות קונגאק ללא ג,גרמים,270.00,100 גרם,false,1,11.90,4.41,true,1,
7290015129268,false,סקיני פסטה פנה שיבולת שועל 200 גרם,,CN,סקיני פסטה פנה שיבול,גרמים,200.00,100 גרם,false,1,11.90,5.95,true,1,
7290015129749,false,סקיני פסטה שיבולת שועל נודלס 270 גרם,סצ'ואן סנטאיואן,CN,סקיני פסטה שיבולת שו,גרמים,270.00,100 גרם,false,1,11.90,4.41,true,1,
7290015150088,false,מחית עגבניות גראנד איטליה 700 גרם,שוורצקוף& הנקל דיסלד,IT,מחית עגבניות גראנד א,גרמים,700.00,100 גרם,false,1,12.90,1.84,true,1,
7290015155021,false,פרמיו חטיף דנטלי לכלב ננסי 110גרם,,,פרמיו חטיף דנטלי לכל,גרמים,110.00,100 גרם,false,1,9.90,9.00,true,1,
7290015155250,false,פרמיו כריות סלמון לחתול 60ג,,,פרמיו כריות סלמון לח,גרמים,60.00,100 גרם,false,1,14.90,24.83,true,1,
7290015155267,false,פרמיו כריות קטניפ לחתול 60ג,,,פרמיו כריות קטניפ לח,גרמים,60.00,100 גרם,false,1,14.90,24.83,true,1,
7290015155410,false,פרמיו חטיף כריות דנטל עם עוף 60ג',,,פרמיו כריות דנטל 60,Unknown,0.00,Unknown,false,1,14.90,14.90,true,1,
7290015155823,false,מחית תפוח חטיפטף פרינוק 120 גר,פרוטה פודיווין איי.א,CZ,מחית תפוח חטיפטף פרי,גרמים,120.00,100 גרם,false,1,6.90,5.75,true,1,
7290015156202,false,פרמיו דנטל קוקי 500,,,פרמיו דנטל קוקי 500,Unknown,0.00,Unknown,false,1,24.90,24.90,true,1,
7290015156455,false,עוגיות פרמיו 500 גרם,,,עוגיות פרמיו 500 גרם,גרמים,500.00,100 גרם,false,1,19.90,3.98,true,1,
7290015156769,false,מחית פרינוק פאוץ' תפוח ואוכמניות 120 גרם,,CZ,מחית פרינוק פאוץ תפו,גרמים,120.00,100 גרם,false,1,6.90,5.75,true,1,
7290015161350,false,אבקת מרק ירקות אורגני 200 גרם,,DE,אבקת מרק ירקות אורגנ,גרמים,200.00,100 גרם,false,1,23.90,11.95,true,1,
7290015161541,false,קוואקר דק ללא גלוטן 400 גרם נוטרה זן,"ב.א מזון בע""מ",FI,קוואקר דק ללא גלוטן,גרמים,400.00,100 גרם,false,1,23.90,5.98,true,1,
7290015161565,false,"גרנולה ש""ש 28% פירות לל""ג נוטרה זן 300 ג",,IL,"גרנולה ש""ש 28% פירות",גרמים,300.00,100 גרם,false,1,25.50,8.50,true,1,
7290015161589,false,"פת פריכה אורגנית לל""ג ירקות גינה 100 גר",אקסטרודו בצ'יצה,CZ,"פת פריכה אורגנית לל""",גרמים,100.00,100 גרם,false,1,14.90,14.90,true,1,
7290015161763,false,אבקת מרק ירקות אורגני ללא שמרים 200 גרם,,DE,אבקת מרק ירקות אורגנ,גרמים,200.00,100 גרם,false,1,23.90,11.95,true,1,
7290015161862,false,פת פריכה אורגנית ללא גלוטן - ערמונים 100,אקסטרודו בצ'יצה,CZ,פת פריכה אורגנית ללא,גרמים,100.00,100 גרם,false,1,14.90,14.90,true,1,
7290015161879,false,"פת פריכה אורגנית PRO לל""ג עדשים 100 גרם",,CZ,פת פריכה אורגנית PRO,גרמים,100.00,100 גרם,false,1,16.90,16.90,true,1,
7290015161886,false,"פת פריכה אורג. PRO לל""ג חומוס אפונה 100",,CZ,פת פריכה אורג. PRO ל,גרמים,100.00,100 גרם,false,1,16.90,16.90,true,1,
7290015161923,false,"קרם קוקוס 22% אורגני ללא גלוטן 400 מ""ל","אינסטנטה בע""מ",LK,קרם קוקוס 22% אורגני,מיליליטרים,400.00,"100 מ""ל",false,1,14.90,3.73,true,1,
7290015164818,false,רוטב קארי צהובה 400 גרם SUREE כשר,,,רוטב קארי צהובה 400,מיליליטרים,400.00,"100 מ""ל",false,1,21.90,5.48,true,1,
7290015164832,false,מחית קארי ירוק 400 גרם SUREE כשר,,,מחית קארי ירוק 400 ג,מיליליטרים,400.00,"100 מ""ל",false,1,21.90,5.48,true,1,
7290015164856,false,רוטב קארי אדומה 400 גרם SUREE כשר,,,רוטב קארי אדומה 400,מיליליטרים,400.00,"100 מ""ל",false,1,21.90,5.48,true,1,
7290015178174,false,ממרח אוליביה - פסטו בטעם פרמז'ן 180 גרם,יוניליוור גרמניה Gm,IL,פסטו בטעם פרמזן אולי,גרמים,180.00,100 גרם,false,1,16.40,9.11,true,1,
7290015178181,false,ממרח אוליביה - ארטישוק ברוזמרין 180 גרם,יוניליוור גרמניה Gm,IL,ארטישוק ברוזמרין אול,גרמים,180.00,100 גרם,false,1,16.40,9.11,true,1,
7290015193139,false,רוטב WOK צילי מתוק ל,KRS SPICY FOOD CO.LT,,"צ`ילי מתוק ללת""ס",מיליליטרים,300.00,"100 מ""ל",false,1,11.40,3.80,true,1,
7290015282000,false,איקרא אדומה SEVEN SEAS 200 גרם,,IL,איקרה אדומה 200 גרם,גרמים,200.00,100 גרם,false,0,16.70,8.35,true,1,
7290015282581,false,חומוס שמיר אבו גוש עם חריף 200 גר',"סלטי שמיר 2006 בע""מ",IL,חומוס אבו גוש עם חרי,גרמים,200.00,100 גרם,false,1,11.60,5.80,true,1,
7290015282598,false,חומוס שמיר מסעדות 200 גר',"סלטי שמיר 2006 בע""מ",IL,חומוס מסעדות 200 גר,גרמים,200.00,100 גרם,false,1,11.60,5.80,true,1,
7290015282604,false,טחינה שמיר מיוחדת גורמה 200ג',"סלטי שמיר 2006 בע""מ",IL,טחינה מיוחדת 200 גר,גרמים,200.00,100 גרם,false,1,11.60,5.80,true,1,
7290015282611,false,סלט ביצים שמיר 200 גר',"סלטי שמיר 2006 בע""מ",IL,סלט ביצים 200 גר,גרמים,200.00,100 גרם,false,1,19.80,9.90,true,1,
7290015282628,false,חציל שמיר בטעם כבד 200 גר',"סלטי שמיר 2006 בע""מ",IL,חציל בטעם כבד 200 גר,גרמים,200.00,100 גרם,false,1,13.90,6.95,true,1,
7290015282635,false,חומוס שמיר מסבחה 200 גר',"סלטי שמיר 2006 בע""מ",IL,חומוס מסבחה 200 גר,גרמים,200.00,100 גרם,false,1,11.60,5.80,true,1,
7290015282642,false,חומוס שמיר אבו גוש 200 גר',"סלטי שמיר 2006 בע""מ",IL,חומוס אבו גוש 200 גר,גרמים,200.00,100 גרם,false,1,11.60,5.80,true,1,
7290015282666,false,סלט טונה עם ירקות 200 גר,"סלטי שמיר 2006 בע""מ",IL,סלט טונה עם ירקות 20,גרמים,200.00,100 גרם,false,1,19.80,9.90,true,1,
7290015282673,false,חציל שמיר במיונז ביתי 200 גורמה גר',"סלטי שמיר 2006 בע""מ",IL,חציל במיונז ביתי 200,גרמים,200.00,100 גרם,false,1,11.60,5.80,true,1,
7290015282680,false,קישוא בטעם כבד שמיר 200 גר',"סלטי שמיר 2006 בע""מ",IL,קישוא בטעם כבד 200 ג,גרמים,200.00,100 גרם,false,1,13.90,6.95,true,1,
7290015282727,false,גזר מרוקאי ברוטב פיקנטי אסלי שמיר 200 ג',"סלטי שמיר 2006 בע""מ",IL,גזר מרוקאי פיקנטי 20,גרמים,200.00,100 גרם,false,1,13.90,6.95,true,1,
7290015282734,false,מטבוחה שמיר ביתית גורמה 200 ג ',"סלטי שמיר 2006 בע""מ",IL,מטבוחה ביתית 200 גר,גרמים,200.00,100 גרם,false,1,13.90,6.95,true,1,
7290015282741,false,חציל תאילנדי אסלי שמיר 200 ג',"סלטי שמיר 2006 בע""מ",IL,חציל תאילנדי 200 גר,גרמים,200.00,100 גרם,false,1,13.90,6.95,true,1,
7290015282796,false,"סלט תפו""א שמיר במיונז 200ג'","סלטי שמיר 2006 בע""מ",IL,תפוח אדמה 200 גר,גרמים,200.00,100 גרם,false,1,13.90,6.95,true,1,
7290015335607,false,מעד ביו טבעי 150 גר,טרופיקל דגיל תעשיות,IL,מעד ביו טבעי 150 גר,גרמים,150.00,100 גרם,false,1,7.90,5.27,true,1,
7290015354899,false,חרדל דיז'ון מעודן 350 גרם,,FR,חרדל דיזון מעודן 350,גרמים,350.00,100 גרם,false,1,15.60,4.46,true,1,
7290015395021,false,גרגירי גוגי 180 גרם בקופסא,,,גרגירי גוגי 180 גרם,גרמים,180.00,100 גרם,false,1,27.20,15.11,true,1,
7290015395939,false,חטיף אורז בטעם מתוק מלוח 120 גרם,דין שיווק,IL,חטיף אורז בטעם מתוק,גרמים,150.00,100 גרם,false,1,16.90,11.27,true,1,
7290015417136,false,עגבנית שרי אורגנית ארוז,,,עגבנית שרי אורגנית,גרמים,400.00,100 גרם,false,1,14.90,3.73,true,1,
7290015417167,false,פלפל ביס אורגני,,,פלפל ביס אורגני,גרמים,200.00,100 גרם,false,1,11.90,5.95,true,1,
7290015417242,false,מלפפון מיני אורגני ארוז,,,מלפפון מיני אורגני א,גרמים,350.00,100 גרם,false,1,12.90,3.69,true,1,
7290015417365,false,זנגויל ארוז אורגני,,,גינגר אורגני,קילוגרמים,0.00,"ק""ג",false,1,16.90,16.90,true,1,
7290015437585,false,מוזלי קראנצ'י צימוק שוקולד ובננה 600ג',,,מוזלי קראנצ צימוק וש,קילוגרמים,0.60,"ק""ג",false,1,17.30,28.83,true,1,
7290015470094,false,טוסו שוקולד מריר תפוז ללא סוכר 100 גר,,,טוסו שוקולד מריר תפו,גרמים,100.00,100 גרם,false,1,14.20,14.20,true,1,
7290015528351,false,צלחת פלסטיק 10 גדולה לבנה מודפס כסף אר 20 דנטס,,CN,צלחת פלסטיק 10גדולה,Unknown,1.00,Unknown,false,1,29.30,29.30,true,1,
7290015528825,false,צלחת 7 מתכלה אר 25 יח' דנטס,,IN,צלחת קטנה 7 מתכלה מ,Unknown,1.00,Unknown,false,1,11.00,11.00,true,1,
7290015597210,false,מאגדת קורנטו פרווה 6 יח טבעוני 378 גר,"גלידת שטראוס בע""מ, ר",IL,מאגדת קורנטו פרווה 6,Unknown,0.00,Unknown,false,1,34.90,34.90,true,1,
7290015603188,false,אטריות ביצים מזרח ומ,,,אטריות ביצים 454 גרם,גרמים,454.00,100 גרם,false,1,11.90,2.62,true,1,
7290015603195,false,איטריות בתוספת תרד 454 גרם,,,איטריות בתוספת תרד 4,גרמים,454.00,100 גרם,false,1,11.90,2.62,true,1,
7290015603522,false,נוזל אגוזי קוקוס 5-7% 400 מל,ASIATIC AGRO INDUSTR,TH,נוזל אגוזי קוקוס 5-7,מיליליטרים,400.00,"100 מ""ל",false,1,7.90,1.98,true,1,
7290015603546,false,שימורי קרם קוקוס 17-19% 400 מל ASIATIC,,,שימורי קרם קוקוס 17-,מיליליטרים,400.00,"100 מ""ל",false,1,10.90,2.73,true,1,
7290015603560,false,"שימורי קרם קוקוס 20-22% 400 מ""ל",ASIATIC AGRO INDUSTR,TH,שימורי קרם קוקוס 20-,מיליליטרים,400.00,"100 מ""ל",false,1,10.90,2.73,true,1,
7290015603591,false,גינגר כבוש וורוד 160 גרם,Laiwu Taifeng Foods,CN,גינגר כבוש וורוד 160,גרמים,160.00,100 גרם,false,1,8.90,5.56,true,1,
7290015603898,false,חטיף אפונה בוואסבי 100 גר מזרח ומערב,"סוז'ו יואי פודס., לט",CN,חטיף אפונה בוואסבי 1,גרמים,10000.00,100 גרם,false,1,10.90,0.11,true,1,
7290015634120,false,יין עמק האלה אוורד לבן 2015 750 מל,עמק האלה,IL,יין עמק האלה אוורד ל,Unknown,0.00,Unknown,false,1,46.90,46.90,true,1,
7290015634137,false,"יין עמק האלה סוביניון בלאן 2015 750 מ""ל",עמק האלה,IL,יין עמק האלה סוביניו,Unknown,0.00,Unknown,false,1,87.90,87.90,true,1,
7290015634151,false,"עמק האלה קברנה סוביניון 2012 750 מ""ל",עמק האלה,IL,יין עמק האלה קברנה א,Unknown,0.00,Unknown,false,1,87.90,87.90,true,1,
7290015634168,false,יין עמק האלה מרלו 2013 750 מל,,,יין עמק האלה מרלו אס,Unknown,0.00,Unknown,false,1,87.90,87.90,true,1,
7290015634175,false,עמק האלה אוור רד ק.סוביניון 2015 750 מל,,,עמק האלה אוור רד קבר,Unknown,0.00,Unknown,false,1,46.90,46.90,true,1,
7290015634588,false,"יין עמק האלה אדום 750 מ""ל",,IL,יין עמק האלה אדום 75,Unknown,0.00,Unknown,false,1,67.90,67.90,true,1,
7290015634595,false,"יין עמק האלה לבן 750 מ""ל",,IL,יין עמק האלה לבן 750,Unknown,0.00,Unknown,false,1,67.90,67.90,true,1,
7290015652070,false,קשיו קלוי 150 גרם ששון הקולה,דין שיווק,IL,קשיו קלוי 150 גרם שש,גרמים,150.00,100 גרם,false,1,13.90,9.27,true,1,
7290015652087,false,תערובת פיצוחים 150 גרם ששון הקולה,דין שיווק,IL,תערובת פיצוחים 150 ג,גרמים,150.00,100 גרם,false,1,13.90,9.27,true,1,
7290015652124,false,"רוטב סריראציה חריף מאוד 450 מ""ל אהרוני",,,רוטב סריראצה חריף מא,גרמים,450.00,100 גרם,false,1,19.10,4.24,true,1,
7290015652254,false,גרעיני חמניה קלויים 400 גרם ששון הקלה,,,גרעיני חמניה קלויים,גרמים,400.00,100 גרם,false,1,10.00,2.50,true,1,
7290015652261,false,בוטנים קלויים 300 גרם ששון הקולה,,,בוטנים קלויים 300 גר,גרמים,300.00,100 גרם,false,1,10.00,3.33,true,1,
7290015652278,false,תערובת פיצוחים 250 גרם ששון הקולה,,,תערובת פיצוחים 250 ג,גרמים,250.00,100 גרם,false,1,20.00,8.00,true,1,
7290015652285,false,אגוזים קלופים 250 גרם ששון הקולה,,,אגוזים קלופים 250 גר,גרמים,250.00,100 גרם,false,1,20.00,8.00,true,1,
7290015652292,false,קבוקים עם שומשום 400 גרם ששון הקלה,,,קבוקים עם שומשום 400,גרמים,400.00,100 גרם,false,1,10.00,2.50,true,1,
7290015652308,false,מנצס 300 גרם ששון הקולה,,,מנצס 300 גרם ששון הק,גרמים,300.00,100 גרם,false,1,10.00,3.33,true,1,
7290015652315,false,חמוציות מסוכרות 300 גרם ששון הקולה,,,חמוציות מסוכרות 300,גרמים,300.00,100 גרם,false,1,10.00,3.33,true,1,
7290015652322,false,בוטנים אמריקאיים מצופים 400 גר ששון הקלה,,,בוטנים אמריקאיים מצו,גרמים,400.00,100 גרם,false,1,10.00,2.50,true,1,
7290015652384,false,"קמח תירס הכנה מהירה ללא גלוטן 1 ק""ג",,,קמח תירס הכנה מהירה,גרמים,1000.00,100 גרם,false,1,14.50,1.45,true,1,
7290015652391,false,"קמח תירס הכנה מהירה ללא גלוטן 1 ק""ג",,,קמח תירס הכנה מהירה,גרמים,1000.00,100 גרם,false,1,14.50,1.45,true,1,
7290015652407,false,פיסטוק קלוי 250 גר דין שיווק,,,פיסטוק קלוי 250 גר ד,גרמים,250.00,100 גרם,false,1,20.00,8.00,true,1,
7290015652551,false,אהרוני זעתר ושומשום בלד 150 גר,,,אהרוני זעתר ושומשום,גרמים,150.00,100 גרם,false,1,16.90,11.27,true,1,
7290015670111,false,עוגיות שקד פרוס עם א,מרסי,IL,עוגיות שקד פרוס עם א,Unknown,0.00,Unknown,false,1,36.50,36.50,true,1,
7290015670227,false,מטבעות ופירות יער -,מרסי,IL,מטבעות פירות יער,Unknown,0.00,Unknown,false,1,36.50,36.50,true,1,
7290015670418,false,"אלפחורס כשל""פ 250גרם",מרסי,IL,עוגיות אלפחורס,Unknown,0.00,Unknown,false,1,35.90,35.90,true,1,
7290015670425,false,מטבעות פרחי ריבה,מרסי,IL,מטבעות פרחי ריבה,Unknown,0.00,Unknown,false,1,35.90,35.90,true,1,
7290015670456,false,רולדה תמרים ואגוזים,מרסי,IL,רולדת תמרים,Unknown,0.00,Unknown,false,1,35.90,35.90,true,1,
7290015670463,false,עוגיות שוקולד ציפס,מרסי,IL,עוגיות שוקולד ציפס,Unknown,0.00,Unknown,false,1,35.90,35.90,true,1,
7290015670494,false,עוגיות לימון שקד פרו,מרסי,IL,עוגיות לימון שקד פרו,Unknown,0.00,Unknown,false,1,35.90,35.90,true,1,
7290015670531,false,רולדה ריבה ואגוזים 250 גרם,,IL,רולדה ריבה ואגוזים 2,Unknown,250.00,Unknown,false,1,35.90,0.14,true,1,
7290015670548,false,רולדה פרג 250 גרם,,IL,רולדה פרג 250 גרם,Unknown,250.00,Unknown,false,1,35.90,0.14,true,1,
7290015670616,false,עוגיות ביסקוטים פירו,מרסי,IL,ביסקוטים פירות יבשים,Unknown,0.00,Unknown,false,1,35.90,35.90,true,1,
7290015670630,false,עוגיות מרוקאיות בנגי,מרסי,IL,עוגיות מרוקאיות בנגי,Unknown,0.00,Unknown,false,1,35.90,35.90,true,1,
7290015670654,false,שוקולדים 240,מרסי,IL,שוקולדים,Unknown,0.00,Unknown,false,1,35.90,35.90,true,1,
7290015670708,false,כעכי שומשום 300,מרסי,IL,כעכי שומשום,Unknown,0.00,Unknown,false,1,35.90,35.90,true,1,
7290015670753,false,מקלות פרמזן 240,מרסי,IL,מקלות פרמזן,Unknown,0.00,Unknown,false,1,35.90,35.90,true,1,
7290015673181,false,בורגר מהצומח עם ברוקולי קליפורניה 400 גר,טבע דלי,IL,בורגר מהצומח עם ברוק,גרמים,400.00,100 גרם,false,1,25.90,6.48,true,1,
7290015673570,false,קריספי טופו מוכנים לאכילה 350 גר,טבע דלי,IL,קריספי טופו מוכנים ל,גרמים,350.00,100 גרם,false,1,27.90,7.97,true,1,
7290015790000,false,רימון קלוף מארגז כ-,חקלאי,IL,גרעיני רימון,קילוגרמים,0.00,"ק""ג",false,1,17.90,17.90,true,1,
7290015790017,false,פלחי פומלה קלופים,חקלאי,IL,פלחי פומלה 250 גר,קילוגרמים,0.00,"ק""ג",false,1,17.90,17.90,true,1,
7290015856737,false,סנקסו חטיף אפונה אפוי עם פלפל 50 גרם,אפיפית נצרת (1971) ב,IL,סנקסו חטיף אפונה אפו,גרמים,50.00,100 גרם,false,1,6.90,13.80,true,1,
7290015858106,false,ממרח פסטו ביתי 180 ג' עללחם,"מדשא תעשיות מזון בע""",IL,מצונן פסטו ביתי 180,גרמים,180.00,100 גרם,false,1,22.90,12.72,true,1,
7290015858113,false,ממרח עגבניות מיובשות עללחם 180 גרם,"מדשא תעשיות מזון בע""",IL,מצונן ממרח עגבניות,גרמים,180.00,100 גרם,false,1,20.90,11.61,true,1,
7290015858175,false,ממרח פלפלים קלויים עללחם 180 גרם,זאביק יצור ושיווק מז,,ממרח פלפלים קלויים 1,גרמים,180.00,100 גרם,false,1,22.90,12.72,true,1,
7290015858212,false,ממרח לימון כבוש עללחם 180 גרם,,,ממרח לימון כבוש 180,גרמים,180.00,100 גרם,false,1,22.90,12.72,true,1,
7290015858441,false,עללחם ממרח איולי פלפלים 295 גרם,,IL,איולי פלפלים עללחם 2,גרמים,295.00,100 גרם,false,1,17.90,6.07,true,1,
7290015968096,false,מקל עץ ברזילאי מחוזק 1.5 מטר הוסטס,,,מקל עץ ברזילאי מחוזק,Unknown,0.00,Unknown,false,1,7.90,7.90,true,1,
7290015968119,false,משטח מיקרופייבר דו צדדי לייבוש כלים,,,משטח מיקרופייבר דו צ,Unknown,0.00,Unknown,false,1,9.90,9.90,true,1,
7290015968133,false,אטב פרמיום כחול/לבן הוסטס 48 יח,,,אטב פרמיום כחול/לבן,Unknown,0.00,Unknown,false,1,15.90,15.90,true,1,
7290015979559,false,חסה ערבית,,,חסה ערבית,Unknown,0.00,Unknown,false,1,7.90,7.90,true,1,
7290015979665,false,חסה עגולה,חקלאי,IL,חסה עגולה,Unknown,0.00,Unknown,false,1,7.90,7.90,true,1,
7290015996983,false,סוכרזית סוכרלוז 0 קלוריות 130 גר,ביסקול בעn,IL,סוכרזית סוכרלוז 0 קל,גרמים,136.00,100 גרם,false,1,36.90,27.13,true,1,
7290016006292,false,נקטר מנגו בננה מלון קרטונית 1 ל' ספרינג,,,קרטונית נקטר ספרינג,מיליליטרים,1000.00,"100 מ""ל",false,1,7.60,0.76,true,1,
7290016006346,false,שישיית שרינק 500 מל שוופס סודה,יפאורה תבורי בעמ,IL,שישיית שוופס סודה 50,מיליליטרים,1500.00,"100 מ""ל",false,1,17.30,1.15,true,1,
7290016028034,false,קינוחי גלידה אר' 12 יח',,CN,קינוחי גלידה 12 יח,Unknown,1.00,Unknown,false,1,18.50,18.50,true,1,
7290016028447,false,נר נשמה 24 שעות,,CN,נר נשמה 24 שעות,Unknown,1.00,Unknown,false,1,2.20,2.20,true,1,
7290016028560,false,נר 48 שעות בכוס זכוכ,,CN,נר 48 שעות בכוס זכוכ,Unknown,1.00,Unknown,false,1,4.50,4.50,true,1,
7290016028577,false,נר שבועי בכוס זכוכית,,CN,נר שבועי בכוס זכוכית,Unknown,1.00,Unknown,false,1,11.90,11.90,true,1,
7290016080551,false,מתבל עגבניות אורגני 580 גרם היינץ,,,מתבל עגבניות אורגני,גרמים,580.00,100 גרם,false,1,18.80,3.24,true,1,
7290016150117,false,סלק מקולף בוואקום 50,חקלאי,IL,סלק בואקום 500 גר,Unknown,0.00,Unknown,false,1,7.90,7.90,true,1,
7290016150391,false,סלק ואקום 500 גרם,חקלאי,IL,סלק ואקום 500 גרם,Unknown,0.00,Unknown,false,1,7.90,7.90,true,1,
7290016197877,false,ניקול שקיות לפחי מטבח קטנים 60 יח' M,,,שקית לפחי אשפה קטנים,Unknown,0.00,Unknown,false,1,27.20,27.20,true,1,
7290016217735,false,חציל על האש סלטי שמי,"סלטי שמיר 2006 בע""מ",IL,חציל על אש 200 גר,גרמים,200.00,100 גרם,false,1,11.60,5.80,true,1,
7290016217742,false,חציל על אש בטחינה 200 גר,"סלטי שמיר 2006 בע""מ",IL,חציל על אש בטחינה 20,גרמים,200.00,100 גרם,false,1,11.60,5.80,true,1,
7290016217759,false,חצילים בסגנון מרוקאי,"סלטי שמיר 2006 בע""מ",IL,חציל מרוקאי 200 גר,גרמים,200.00,100 גרם,false,1,13.90,6.95,true,1,
7290016245424,false,קרקר פשתן זעתר 150 גרם,,,קרקר פשתן זעתר 150 ג,גרמים,150.00,100 גרם,false,1,27.90,18.60,true,1,
7290016246018,false,בארכה מיקס פינוקיות חלבה 10*20 גרם.,רושדי תעשיות מזון בע,IL,בארכה מיקס פינוקיות,גרמים,200.00,100 גרם,false,1,15.50,7.75,true,1,
7290016246025,false,"בארכה ללת""ס פנוקיות חלבה 200 גר",רושדי תעשיות מזון בע,IL,בארכה פנוקיות חלבה ל,גרמים,200.00,100 גרם,false,1,15.50,7.75,true,1,
7290016246445,false,טחינה גולמית מעודנת שמשום מלא בארכה 310ג',,,בארכה טחינה מעודנת ש,גרמים,310.00,100 גרם,false,1,13.90,4.48,true,1,
7290016246452,false,טחינה גולמית מעודנת לימון שום בארכה 310ג',,,בארכה טחינה מעודנת ל,גרמים,310.00,100 גרם,false,1,13.90,4.48,true,1,
7290016246773,false,טחינה גולמית מתובלת מעודנת בארכה 310 גר',רושדי תעשיות מזון בע,IL,בארכה טחינה גולמית מ,גרמים,310.00,100 גרם,false,1,15.50,5.00,true,1,
7290016270877,false,פלפל ביס טינקלברג,חקלאי,IL,פלפלון ארוז,Unknown,0.00,Unknown,false,1,14.90,14.90,true,1,
7290016276169,false,טחינה אהרוני משומשום טבעי 500 גרם,,,טחינה אהרוני משומשו,גרמים,500.00,100 גרם,false,1,17.70,3.54,true,1,
7290016277562,false,אגוזים קלופים ששון הקולה 300 גרם,,IL,אגוזים קלופים ששון ה,גרמים,300.00,100 גרם,false,1,24.00,8.00,true,1,
7290016277630,false,צנובר 150 גרם ששון - קופסא,,,צנובר 150 גרם ששון -,גרמים,150.00,100 גרם,false,1,31.90,21.27,true,1,
7290016277647,false,בננה מסוכרת 250 גרם ששון- קופסא,דין שיווק,IL,בננה מסוכרת 250 גרם,גרמים,250.00,100 גרם,false,1,13.50,5.40,true,1,
7290016321678,false,מגבונים פרש וואנס נטורל קר רביעייה,עלבד משואות יצחק,IL,מגבונים פרש וואנס נט,Unknown,0.00,Unknown,false,1,17.90,17.90,true,1,
7290016334616,false,בצל ירוק ארוז,,,בצל ירוק,Unknown,0.00,Unknown,false,1,5.90,5.90,true,1,
7290016372458,false,תה הגן הקסום לימונית ולואיזה 50 שקיקים,,,חליטת לימונית לואיזה,Unknown,0.00,Unknown,false,1,36.90,36.90,true,1,
7290016381443,false,סילאן לחיץ טבעי כרם 350 גר,,,סילאן לחיץ טבעי כרם,גרמים,350.00,100 גרם,false,1,15.90,4.54,true,1,
7290016381962,false,משקה אורז שקדים אורגני כרם 1 ליטר,,,משקה אורז שקדים אור,מיליליטרים,1000.00,"100 מ""ל",false,1,11.90,1.19,true,1,
7290016505023,false,שוקולד פנדה קרם נוגט טבעוני 100 גרם,"מדשא תעשיות מזון בע""",IL,שוקולד פנדה קרם נוגט,גרמים,100.00,100 גרם,false,1,20.90,20.90,true,1,
7290016513028,false,אננס קפוא 250 גר,,,אננס קפוא 250 גר,גרמים,250.00,100 גרם,false,1,15.60,6.24,true,1,
7290016513042,false,מיקס פירות גן קפוא 250 גר,,,אובליפיחה 250 גר,גרמים,250.00,100 גרם,false,1,16.90,6.76,true,1,
7290016513240,false,אוכמניות כחולות 250 גר,,,אוכמניות כחולות 250,גרמים,250.00,100 גרם,false,1,17.70,7.08,true,1,
7290016513257,false,פטל שחור 250 גר,,,פטל שחור 250 גר,גרמים,250.00,100 גרם,false,1,16.90,6.76,true,1,
7290016513264,false,חמוציות בר 250 גר,,,חמוציות בר 250 גר,גרמים,250.00,100 גרם,false,1,18.80,7.52,true,1,
7290016513271,false,חמוציות 250 גר,,,חמוציות 250 גר,גרמים,250.00,100 גרם,false,1,11.90,4.76,true,1,
7290016513288,false,פטל אדום 250 גר,,,פטל אדום 250 גר,גרמים,250.00,100 גרם,false,1,22.90,9.16,true,1,
7290016513301,false,דומדומית שחורה 250 גר,,,דומדומית שחורה 250 ג,גרמים,250.00,100 גרם,false,1,12.50,5.00,true,1,
7290016513332,false,מיקס פירות 250 גר,,,מיקס פירות 250 גר,גרמים,250.00,100 גרם,false,1,12.50,5.00,true,1,
7290016523188,false,"סטימר לאידוי עץ ""10",,,"סטימר לאידוי עץ ""10",Unknown,0.00,Unknown,false,1,42.90,42.90,true,1,
7290016580174,false,צלחת 9 גדולה צבעוני,,TR,צלחת 9 גדולה צבעוני,Unknown,1.00,Unknown,false,1,55.50,55.50,true,1,
7290016580211,false,נר 72 שעות בכוס זכוכ,,CN,נר 72 שעות בכוס זכוכ,Unknown,1.00,Unknown,false,1,6.90,6.90,true,1,
7290016580327,false,מפיות שולחן מהודרות,,CN,מפיות שולחן מהודרות,Unknown,1.00,Unknown,false,1,4.90,4.90,true,1,
7290016584011,false,חטיפוני גזר 350 גרם גיזרונים,"מרינה פטריות הגליל בע""מ",IL,חטיפוני גזר 350 גרם,גרמים,350.00,100 גרם,false,1,10.90,3.11,true,1,
7290016607772,false,"יין רוזה גליל דלתון 750 מ""ל","איי, בי, אינבוו",IL,יין רוזה גליל דלתון,Unknown,0.00,Unknown,false,1,64.60,64.60,true,1,
7290016646085,false,טחינה אתיופית טבעונית היילה 380 גרם,,אתיופיה,טחינה אתיופית טבעוני,גרמים,380.00,100 גרם,false,1,20.90,5.50,true,1,
7290016663297,false,עוגיות גרעינים חמוציות שוקולד 200 גרם,מורנינג פוד,IL,עוגיות גרעינים חמוצי,גרמים,200.00,100 גרם,false,1,20.90,10.45,true,1,
7290016663426,false,עוגיות שומשום שוקו ציפס 200 גרם,מורנינג פוד,IL,עוגיות שומשום שוקולד,גרמים,200.00,100 גרם,false,1,20.90,10.45,true,1,
7290016682083,false,"פריניב נקטר תות בננה 400 מ""ל",פריניב,,מיץ תות בננה פריניב,מיליליטרים,400.00,"100 מ""ל",false,1,10.90,2.73,true,1,
7290016682243,false,פריניב אשכולית אדומה סחוט 100% 1 ליטר,פריניב,IL,מיץ אשכולית אדומה 1,מיליליטרים,1000.00,"100 מ""ל",false,1,19.90,1.99,true,1,
7290016682359,false,מיץ תפוזים שמוטי פרי ניב 2 ליטר-,פריניב,IL,מיץ תפוז שמוטי 100%,ליטרים,0.00,ליטר,false,1,27.90,27.90,true,1,
7290016867152,false,פיתות קלות כוסמין 5 יחידות 330 גר,,,פיתות קלות כוסמין 5,גרמים,330.00,100 גרם,false,1,14.90,4.52,true,1,
7290016945034,false,עגבניה מגי,,,עגבניה מגי,Unknown,0.00,"ק""ג",true,0,19.90,19.90,true,1,
7290016995008,false,פופקורן אורגני 500 גרם,,,פופקורן אורגני 500 ג,גרמים,500.00,100 גרם,false,1,11.90,2.38,true,1,
7290016995053,false,קמח טפיוקה 500 גרם,,,קמח טפיוקה 500 גרם,גרמים,500.00,100 גרם,false,1,9.90,1.98,true,1,
7290016995992,false,סודה לשתייה ללא אלומיניום 700 גרם,תבואות,IL,סודה לשתייה ללא אלומ,גרמים,700.00,100 גרם,false,1,21.90,3.13,true,1,
7290017000893,false,"יין קסטל לה וי לבן 2021 750 מ""ל",,,יין קסטל לה וי לבן 2,Unknown,0.00,Unknown,false,1,89.90,89.90,true,1,
7290017058092,false,שיבולת שועל שלמה 600 גר גוד מורנינג,,,שיבולת שועל שלמה 600,גרמים,600.00,100 גרם,false,1,8.30,1.38,true,1,
7290017058139,false,רסק תפוח עץ עם תות שדה 452 גר,,,רסק תפוח עץ עם תות ש,גרמים,452.00,100 גרם,false,1,13.90,3.08,true,1,
7290017058795,false,תירס גמדי שלם במי מלח בצנצנת 340 גרם,,,תירס גמדי שלם במי מל,גרמים,340.00,100 גרם,false,1,8.90,2.62,true,1,
7290017062754,false,"נ.כלים 36% לימון טאצ' +משאבה 750 מ""ל",,,נוזל כלים לימון 36%,Unknown,0.00,Unknown,false,1,10.90,10.90,true,1,
7290017065007,false,פרוסות גבינה מוצרלה חצי קשה 22% שומן 200 ג' גד,מחלבות גד בעמ,IL,פרוסות מוצרלה גד 200,גרמים,200.00,100 גרם,false,1,21.90,10.95,true,1,
7290017065137,false,גבינת ריקוטה למריחה 5% טבעית 200ג' גד,האי נאם סי או אל.טי.,IL,ריקוטה למריחה 5% טבע,גרמים,200.00,100 גרם,false,1,11.90,5.95,true,1,
7290017065144,false,גבינת ריקוטה למריחה 5% בזיליקום 200ג' גד,האי נאם סי או אל.טי.,IL,ריקוטה למריחה 5% בזי,גרמים,200.00,100 גרם,false,1,11.50,5.75,true,1,
7290017065168,false,גבינה כחולה גד 100 ג',St Clemens,DK,גבינה כחולה 100 גר,גרמים,100.00,100 גרם,false,1,18.90,18.90,true,1,
7290017065175,false,גבינה מנציגו פרוסה 150ג',הנסיך- מפעל לייצור ט,ES,גבינה מנצגו פרוסה 15,גרמים,150.00,100 גרם,false,1,25.50,17.00,true,1,
7290017065212,false,גבינת קרם מסקרפונה מחלבות גד 250 גר,מיוצר עי קוד יצרן ED,IL,קרם מסקרפונה 250 גר,גרמים,250.00,100 גרם,false,1,22.90,9.16,true,1,
7290017065236,false,גבינה בולגרית מעודנת 24% גד 250 ג',הנסיך- מפעל לייצור ט,IL,גבינה בולגרית מעודנת,גרמים,250.00,100 גרם,false,1,24.90,9.96,true,1,
7290017065311,false,פרוסות גבינה מוצרלה מעושנת 200 ג',מחלבות גד בעמ,IL,פרוסות מוצרלה מעושנת,גרמים,200.00,100 גרם,false,1,22.50,11.25,true,1,
7290017065380,false,גרנד פנדו שבבים 100 ג',מחלבת גד,IT,שבבי גרנה פדנו 100 ג,גרמים,100.00,100 גרם,false,1,15.90,15.90,true,1,
7290017065434,false,גבינה גאודה פרוסה הולנדית 200 גר',מחלבות גד בעמ,NL,פרוסות גאודה בקר 200,גרמים,200.00,100 גרם,false,1,23.90,11.95,true,1,
7290017065441,false,גבינה גאודה עיזים פרוסה הולנדית 200 גר',מחלבות גד,NL,פרוסות גאודה עיזים 2,גרמים,200.00,100 גרם,false,1,35.90,17.95,true,1,
7290017065526,false,גבינה קוואטרו פורמאג'י 300 גר',מחלבות גד בעמ,IL,גבינה קוואטרו פורמאג,גרמים,300.00,100 גרם,false,1,30.90,10.30,true,1,
7290017065588,false,יוגורט יווני 10% שומן 600 ג' גד,"מיוצר ע""י קוד יצרן M",IL,יוגורט יווני 10% 600,גרמים,600.00,100 גרם,false,1,17.90,2.98,true,1,
7290017065618,false,גבינת פקורינו פרוס גד 150 ג',הנסיך- מפעל לייצור ט,ES,פקורינו פרוס 150 גר,גרמים,150.00,100 גרם,false,1,22.90,15.27,true,1,
7290017065649,false,קרם פטיסייר מחלבות ג,מיוצר עי קוד יצרן ED,IL,קרם פטיסייר 250 גר,גרמים,250.00,100 גרם,false,1,20.90,8.36,true,1,
7290017065663,false,פטה עיזים מעודנת 16% 250 גרם,ג'נרל מילס סאן אדריא,IL,פטה עיזים מעודנת 16%,גרמים,250.00,100 גרם,false,1,33.90,13.56,true,1,
7290017065731,false,גבינת שמנת עם כמהין 30% ניו יורק 200 ג',פ.פ.ח. שאביט,IL,גבינת שמנת עם כמהין,גרמים,200.00,100 גרם,false,1,13.90,6.95,true,1,
7290017065786,false,גבינת צ'דר אנגלית גד 210 ג',מחלבות גד,IL,צדר 210 גרם,גרמים,210.00,100 גרם,false,1,24.50,11.67,true,1,
7290017100418,false,כפפות לטקס עם אבקה 100 יח מידה L,,,L כפפות פנדה לטקס פר,יחידה,1.00,יחידה,false,1,43.90,43.90,true,1,
7290017105062,false,גרגירי חומוס שלם יכין הקטניה הטובה 200 ג,היינץ צפון אמריקה מק,IL,גרגירי חומוס שלם יכי,גרמים,200.00,100 גרם,false,1,4.90,2.45,true,1,
7290017105079,false,שעועית ברוטב עגבניות 200 גרם יכין,היינץ צפון אמריקה מק,IL,שימורי יכין שעועית א,גרמים,200.00,100 גרם,false,1,4.90,2.45,true,1,
7290017105086,false,שימורי יכין שעועית צילי 200 גר,"זנלכל בע""מ",IL,שימורי יכין שעועית צ,גרמים,200.00,100 גרם,false,1,4.90,2.45,true,1,
7290017105116,false,שימורי יכין תורמוס 200 גר,"זנלכל בע""מ",IL,שימורי יכין תורמוס 2,גרמים,200.00,100 גרם,false,1,4.90,2.45,true,1,
7290017105123,false,שימורי פול יכין הקטניה הטובה 200 גר,היינץ צפון אמריקה מק,IL,שימורי פול יכין הקטנ,גרמים,200.00,100 גרם,false,1,4.90,2.45,true,1,
7290017105550,false,רביעיית רסק עגבניות 100% יכין 4X100 גרם,היינץ צפון אמריקה מק,IL,מאגדת רסק 100% עגבני,גרמים,400.00,100 גרם,false,1,12.90,3.23,true,1,
7290017105895,false,גרגירי חומוס מסעדות יכין 550 גרם,זנלכל,IL,גרגירי חומוס מסעדות,Unknown,550.00,Unknown,false,1,10.90,0.02,true,1,
7290017121093,false,אריסה חריפה עללחם 250 גרם,"מדשא תעשיות מזון בע""",IL,מצונן אריסה חריפה,גרמים,250.00,100 גרם,false,1,18.60,7.44,true,1,
7290017140308,false,קמח שקדים שי של הטבע,,IL,קמח שקדים 250 גר,גרמים,250.00,100 גרם,false,1,25.90,10.36,true,1,
7290017141053,false,בירה אש ניפה 330 מל,,,בירה אש ניפה 330 מל,מיליליטרים,330.00,"100 מ""ל",false,1,14.90,4.52,true,1,
7290017141114,false,בירה אש בלונדינית 330 מל,,IL,בירה אש בלונדינית 33,מיליליטרים,330.00,"100 מ""ל",false,1,14.90,4.52,true,1,
7290017142005,false,"שמן קוקוס אורגני עץ הזית צנצנת 320מ""ל",,,שמן קוקוס אורגני כתי,מיליליטרים,320.00,"100 מ""ל",false,1,29.90,9.34,true,1,
7290017142111,false,פתיתי טונה בשמן זית טו גו עץ הזית 85 גרם,,TH,פתיתי טונה בשמן זית,גרמים,85.00,100 גרם,false,1,11.40,13.41,true,1,
7290017142128,false,"שמן זית כתית מעולה קלאסי עץ הזית 750 מ""ל",,IL,שמן זית כתית מעולה ק,מיליליטרים,750.00,"100 מ""ל",false,1,34.90,4.65,true,1,
7290017142159,false,מארז נתחי טונה בהירה בשמן זית 3*80 ג' עץ הזית,הנסיך- מפעל לייצור ט,TH,שלישיה טונה בשמן זית,גרמים,240.00,100 גרם,false,1,24.90,10.38,true,1,
7290017142166,false,פילה טונה פרוס עם שמן זית עץ הזית 120 גר,יוניקורד ח.צ בעמ,TH,פילה טונה פרוס עם שמ,גרמים,120.00,100 גרם,false,1,15.90,13.25,true,1,
7290017142180,false,פילה טונה בשמן זית בטעם לימון עם פלפל שחור 120 ג',,,פילה טונה פרוס בשמן,גרמים,120.00,100 גרם,false,1,15.90,13.25,true,1,
7290017142203,false,פילה טונה בשמן זית בטעם מעושן עץ המוצר 120 ג',,,פילה טונה פרוס בשמן,גרמים,120.00,100 גרם,false,1,15.90,13.25,true,1,
7290017142340,false,שמן זרעי ענבים 1 ליטר עץ הזית,עץ השדה,TH,שמן זרעי ענבים 1 ליט,מיליליטרים,1000.00,"100 מ""ל",false,1,31.90,3.19,true,1,
7290017142388,false,שמן חמניות פלוס אומגה 3 - 1 ליטר,,IL,שמן חמניות פלוס אומג,ליטרים,0.00,ליטר,false,1,14.90,14.90,true,1,
7290017142456,false,מארז נתחי טונה בהירה בשמן זית 2 * 160 ג' עץ הזית,,TH,נתחי טונה בשמן זית 1,גרמים,320.00,100 גרם,false,1,30.50,9.53,true,1,
7290017197012,false,אל סבון la belle תות ורוד 1 ל,,,אל סבון la belle תות,מיליליטרים,1000.00,"100 מ""ל",false,1,12.50,1.25,true,1,
7290017266060,false,וופל קראנצ`מילוי קרם בטעם שוקולד 175 גר,עלמה,,וופל קראנצ,גרמים,175.00,100 גרם,false,1,7.90,4.51,true,1,
7290017386959,false,"נוזל קוקוס אורגני 17-19% שומן 400 מ""ל",,VN,נוזל קוקוס אורגני 17,מיליליטרים,400.00,"100 מ""ל",false,1,11.90,2.98,true,1,
7290017389011,false,מנגו מיובש ללא סוכר 160 גרם קופסא,שקדיה,IL,מנגו מיובש ללא סוכר,גרמים,160.00,100 גרם,false,1,24.50,15.31,true,1,
7290017477244,false,שקד מולבן טחון 180 גרם,,IL,שקד מולבן טחון 180 ג,גרמים,180.00,100 גרם,false,1,20.90,11.61,true,1,
7290017477299,false,געלה 200 גרם,,IL,געלה 200 גרם,גרמים,200.00,100 גרם,false,1,11.40,5.70,true,1,
7290017477374,false,מטבעות שוקולד חלב לאפיה 300 גרם,,IL,מטבעות שוקולד חלב,גרמים,300.00,100 גרם,false,1,16.70,5.57,true,1,
7290017477398,false,שוקולד ציפס מריר 45% לאפיה 300 גרם,,IL,שוקולד ציפס מריר 45%,גרמים,300.00,100 גרם,false,1,16.70,5.57,true,1,
7290017513393,false,תה ירוק ספירולינה וצמחים ירוקים 25 שקי,ויסוצקי,IL,תה ירוק ספירולינה וצ,גרמים,38.00,100 גרם,false,1,26.90,70.79,true,1,
7290017513409,false,תה ירוק SUPER GREEN 87 גרםבטעם אוכמניות ואסאי,HIQ FOOD PRODUCTS,IL,תה ירוק טעם אוכמניות,גרמים,38.00,100 גרם,false,1,26.90,70.79,true,1,
7290017513775,false,פליפז בייגלה מצופה שוקולד חלב 140 גרם,שוורצקוף& הנקל דיסלד,TR,בייגלה פליפז מצופה ב,גרמים,140.00,100 גרם,false,1,9.50,6.79,true,1,
7290017513782,false,פליפז בייגלה מצופה שוקולד מריר 140 גרם,שוורצקוף& הנקל דיסלד,TR,בייגלה פליפז מצופה ב,גרמים,140.00,100 גרם,false,1,9.50,6.79,true,1,
7290017513850,false,תה ירוק נענע 25 שקיקים בתוספת ויטמינים Cּּ+D,ויסוצקי,IL,תה ירוק נענע + ויטמי,גרמים,38.00,100 גרם,false,1,26.90,70.79,true,1,
7290017516004,false,חטיף פנגיאה דובדבן אוכמניות,,,חטיף פנגיאה דובדבן א,Unknown,0.00,Unknown,false,1,8.50,8.50,true,1,
7290017516059,false,חטיף פנגיאה קינואה ופירות יער,,,חטיף פנגיאה קינואה ו,Unknown,0.00,Unknown,false,1,8.50,8.50,true,1,
7290017516080,false,חטיף פנגיאה משמש קוקוס,,,חטיף פנגיאה משמש קוק,Unknown,0.00,Unknown,false,1,8.50,8.50,true,1,
7290017516295,false,חטיף חלבון פרוטאין אגוז לוז שוקולד 50 גר,,,חטיף חלבון פרוטאין א,גרמים,50.00,100 גרם,false,1,11.50,23.00,true,1,
7290017516318,false,חטיף חלבון פרוטאין שוקולד 50 גר,,,חטיף חלבון פרוטאין ש,גרמים,50.00,100 גרם,false,1,11.50,23.00,true,1,
7290017516332,false,חטיף חלבון פרוטאין חמאת בוטנים 50 גר,,,חטיף חלבון פרוטאין ח,גרמים,50.00,100 גרם,false,1,11.50,23.00,true,1,
7290017516431,false,חטיפ בריאות שוקולד +פנגיאה שוקולד קוקוס,ש.ר רגע בטבע,IL,פנגיאה שוקולד קוקוס,גרמים,300.00,100 גרם,false,1,35.90,11.97,true,1,
7290017516615,false,"חטיף ספירולינה, תפוז קקאו וקוקס 40 גרם",,IL,"חטיף ספירולינה, תפוז",גרמים,40.00,100 גרם,false,1,10.50,26.25,true,1,
7290017599236,false,סוכרזית סטיוויה 200 טבליות,סנו מפעלי ברונוס.,IL,סוכרזית סטיוויה 200,Unknown,0.00,Unknown,false,1,27.90,27.90,true,1,
7290017617107,false,סטארקיסט מיקס טוגו טונה עם 4 דגנים 185 גרם,"איטיליאן פוד, אס.פי.",TR,סטארקיסט מיקס טו גו,גרמים,185.00,100 גרם,false,1,13.90,7.51,true,1,
7290017617411,false,מיקס סלמון עם אורז מלא וירקות 160 ג' סטארקיסט,גראאל אס איי,PL,טונה סטארקיסט סלמון,גרמים,160.00,100 גרם,false,1,16.90,10.56,true,1,
7290017712239,false,פרמיו פטה עוף לכלב 150ג',סאטורן,DE,פרמיו שימורי מזון מל,Unknown,0.00,Unknown,false,1,5.90,5.90,true,1,
7290017712277,false,פרמיו פטה כבש לכלב 150ג',סאטורן,DE,פרמיו שימורי מזון מל,Unknown,0.00,Unknown,false,1,5.90,5.90,true,1,
7290017712413,false,חטיף פרמיו רול סלמון,,,חטיף פרמיו רול סלמון,Unknown,0.00,Unknown,false,1,16.90,16.90,true,1,
7290017712666,false,הוריזן בקר לכלב ננסי,סאטורן,DE,הוריזן בקר לכלב ננסי,Unknown,1.00,Unknown,false,1,4.90,4.90,true,1,
7290017712758,false,פרמיו סלמון 100ג',,,פרמיו סלמון 100 ג,Unknown,0.00,Unknown,false,1,4.90,4.90,true,1,
7290017712772,false,פרמיו בקר וכבד 100ג',,,פרמיו בקר וכבד 100 ג,Unknown,0.00,Unknown,false,1,4.90,4.90,true,1,
7290017791142,false,קרקר כוסמין מלא שקית,פת במלח,IL,קרקר כוסמין מלא שקית,גרמים,225.00,100 גרם,false,1,27.90,12.40,true,1,
7290017791203,false,קרקר כוסמין מלא סלק שקית,פת במלח,IL,קרקר כוסמין מלא סלק,גרמים,225.00,100 גרם,false,1,27.90,12.40,true,1,
7290017870670,false,ליפתנית 5 מתכלה עץ ד,HINDUSTAN ARECA PROD,IN,ליפתנית 5 מתכלה מעץ,Unknown,1.00,Unknown,false,1,9.90,9.90,true,1,
7290017870700,false,צלחת 7 מרובעת מתכלה מעץ דקל 10 יח',HINDUSTAN ARECA PROD,IN,צלחת 7 קטנה מרובעת,Unknown,1.00,Unknown,false,1,12.90,12.90,true,1,
7290017870748,false,"צלחת 9"" מתכלה מעץ דקל 10 יח' דנטס",HINDUSTAN ARECA PROD,IN,צלחת 9 גדולה עגולה,Unknown,1.00,Unknown,false,1,12.90,12.90,true,1,
7290017871363,false,פמילי יהלום- פמלי סבון ידיים מועשר בשמן מקדמיה לניקוי וטיפוח עור הידיים,המאפיה של הרמן,TR,סבון ידיים פמלי יהלו,מיליליטרים,500.00,"100 מ""ל",false,1,11.90,2.38,true,1,
7290017873176,false,"סבון ידיים מועשר בשמן אבוקדו 500 מ""ל יהלום",,TR,פמילי ת. רחצה בשמן א,Unknown,0.00,Unknown,false,1,10.90,10.90,true,1,
7290017888026,false,"משקה אננס תפוח גזר פרות & ווג 350 מ""ל",יפאורה תבורי בעמ,IL,פרוט & וג אננס תפוח,מיליליטרים,350.00,"100 מ""ל",false,1,8.50,2.43,true,1,
7290017888644,false,"משקה אננס בננה כורכום פרות & ווג 350 מ""ל","יפאורה תבורי בע""מ",IL,פרוט & וג בננה מלון,מיליליטרים,350.00,"100 מ""ל",false,1,8.50,2.43,true,1,
7290017894126,false,פוזילי טריקולור דגש 400 גרם,אנדריאני,IL,פוזילי טריקולור דגש,גרמים,400.00,100 גרם,false,1,11.90,2.98,true,1,
7290017894140,false,נייר טואלט אקולוגי,,,נייר טואלט אקולוגי,Unknown,0.00,Unknown,false,1,46.90,46.90,true,1,
7290017894171,false,"קרם קוקוס אורגני גרין קוקו 250 מ""ל",גרין קוקו,LK,קרם קוקוס אורגני גרי,מיליליטרים,250.00,"100 מ""ל",false,1,10.90,4.36,true,1,
7290017894256,false,"פריכיות מאורז מלא לל""ג דגש 230 גרם",דגש,IL,פריכיות מאורז מלא לל,גרמים,230.00,100 גרם,false,1,14.90,6.48,true,1,
7290017907215,false,קמח תמי למאפי שמרים ללא גלוטן 500 גרם,פוראטוס ישראל,IL,קמח תמי למאפי שמרים,גרמים,500.00,100 גרם,false,1,18.90,3.78,true,1,
7290017924502,false,חמאת פיסטוק כרם 200 גרם,,IL,חמאת פיסטוק כרם 200,גרמים,200.00,100 גרם,false,1,38.90,19.45,true,1,
7290017924816,false,קינואה לבנה מלאה אורגני 500 גרם,,IL,קינואה לבנה מלאה אור,גרמים,500.00,100 גרם,false,1,15.90,3.18,true,1,
7290017924854,false,קוואקר עבה אורגני 400 גרם,,IL,קוואקר עבה אורגני 40,גרמים,400.00,100 גרם,false,1,8.90,2.23,true,1,
7290017928043,false,מאיר בייגל גריסיני קראנץ' מלח 175 ג',,IL,גריסיני קראנץ מלח 17,גרמים,175.00,100 גרם,false,1,12.90,7.37,true,1,
7290017928227,false,מאיר בייגלה שטוחלה פינוקים 300 ג',,IL,בייגלה שטוחלה פינוקי,גרמים,300.00,100 גרם,false,1,12.90,4.30,true,1,
7290017928432,false,מאיר בייגל גריסיני קראנץ' פרג 175 ג',,IL,גריסיני קראנץ פרג 17,גרמים,175.00,100 גרם,false,1,12.90,7.37,true,1,
7290017928609,false,בייגלה טבעות עם שומשום 300גרם- .חדש,,IL,בייגלה טבעות שומשום,גרמים,300.00,100 גרם,false,1,12.90,4.30,true,1,
7290017928616,false,מאיר בייגלה שטוחלה שומשום 300 ג',,IL,בייגלה שטוחלה שומשום,גרמים,300.00,100 גרם,false,1,12.90,4.30,true,1,
7290017928807,false,בייגלה אצבעות עם שומשום 300גרם - חדש,,IL,בייגלה מקלות שומשום,גרמים,300.00,100 גרם,false,1,12.90,4.30,true,1,
7290017938264,false,"חומוס בתוספת רוטב פיקנטי, 200 גרם",,,חומוס עם חריף 200 גר,גרמים,200.00,100 גרם,false,1,7.90,3.95,true,1,
7290017946542,false,סוד - מרכך כביסה מרוכז ורוד 1.80 ליטר,,,סוד מרכך מרוכז ורוד,ליטרים,0.00,ליטר,false,1,23.90,23.90,true,1,
7290018043561,false,"פראוד מי חלבון בטעם אפרסק 500 מ""ל",,NL,פראוד מי חלבון בטעם,מיליליטרים,500.00,"100 מ""ל",false,1,16.90,3.38,true,1,
7290018045497,false,בון בון דגנים במילוי קרם שוקולד 480 גרם,,DE,דגניםבמילוי קרם שוקו,מטרים,0.00,מטר,false,1,25.50,25.50,true,1,
7290018045695,false,דגנים במילוי קרם קרמל מלוח 480 ג' BON & BON,,DE,דגניםבמילוי קרם קרמל,מטרים,0.00,מטר,false,1,25.50,25.50,true,1,
7290018071267,false,כפפות פלסטיק שחורות איזי טאצ L 100 יח,Z.P.T.P.Co.Ltd,CN,כפפות פלסטיק שחורות,יחידה,1.00,יחידה,false,1,11.00,11.00,true,1,
7290018131336,false,נסטלה שלגון ליון 66 גרם,שוורצקוף& הנקל דיסלד,PL,שלגון ליון 71 גרם,גרמים,71.00,100 גרם,false,1,10.60,14.93,true,1,
7290018131978,false,טילון נסטלה אוראו 68.5 גרם,פרונרי פולין,PL,טילון אוראו 70 גרם,גרמים,70.00,100 גרם,false,1,10.90,15.57,true,1,
7290018132340,false,מטרנה גולד בדץ שלב1 700גר,,,מטרנה גולד שלב 1 700,גרמים,700.00,100 גרם,false,1,74.90,10.70,true,1,
7290018198148,false,"תפוגן קריספי צ'יפס קלאסי 1.25 ק""ג",,IL,תפוגן קריספי ציפס קל,גרמים,1250.00,100 גרם,false,1,27.90,2.23,true,1,
7290018249055,false,ממתיק סוויטאנגו 100 שקיות 300 גר,,,ממתיק סוויטאנגו 100,גרמים,300.00,100 גרם,false,1,34.90,11.63,true,1,
7290018249727,false,אבקת ממתיק סוכר סוויטאנגו 400 גר,,,אבקת ממתיק סוכר סווי,גרמים,400.00,100 גרם,false,1,39.90,9.98,true,1,
7290018294369,false,"תירוש כרמל 700 מ""ל",,IL,"תירוש אדום 700 מ""ל",מיליליטרים,700.00,"100 מ""ל",false,1,15.90,2.27,true,1,
7290018338261,false,אבקת כוסברה אורגני 90 גרם,,IN,אבקת כוסברה אורגני 9,גרמים,90.00,100 גרם,false,1,15.90,17.67,true,1,
7290018338278,false,אבקת קארי אורגני 90 גרם,,IN,אבקת קארי אורגני 90,גרמים,90.00,100 גרם,false,1,15.90,17.67,true,1,
7290018338377,false,פלפל קאיין אורגני 90 גרם,,IN,פלפל קאיין אורגני 90,גרמים,90.00,100 גרם,false,1,15.90,17.67,true,1,
7290018338964,false,מחית תפוח אורגני 100 גרם,,IT,מחית תפוח אורגני 10,גרמים,100.00,100 גרם,false,1,4.90,4.90,true,1,
7290018359495,false,תירס מהשדה בלי תוספת סוכר יכין 550 גרם,היינץ צפון אמריקה מק,IL,תירס מהשדה ללא תוספת,גרמים,550.00,100 גרם,false,1,10.90,1.98,true,1,
7290018359587,false,חומוס הקטניה הטובה יכין מארז 3*200 גר,,IL,חומוס הקטניה הטובה י,גרמים,600.00,100 גרם,false,1,13.90,2.32,true,1,
7290018359686,false,חומוס ענק יכין 550 גרם,היינץ צפון אמריקה מק,IL,חומוס ענק יכין 550 ג,גרמים,550.00,100 גרם,false,1,10.90,1.98,true,1,
7290018359716,false,רוטב עגבניות פיצה טוסקנה 240 גרם יכין,"זנלכל בע""מ",IL,רוטב עגבניות פיצה ט,גרמים,240.00,100 גרם,false,1,6.90,2.88,true,1,
7290018359860,false,רסק עגבניות ליקופן טבעי יכין 200 גר*2,,,רסק עגבניות ליקופן ט,גרמים,400.00,100 גרם,false,1,14.90,3.73,true,1,
7290018359884,false,פולפה ליקופן טבעית יכין 400 גר*2,,,פולפה ליקופן טבעית י,גרמים,800.00,100 גרם,false,1,16.90,2.11,true,1,
7290018359945,false,חאריפה רוטב פיקנטי מפלפלים וירקות 400גר,יכין,IL,רוטב פיקנטי חאריפה י,גרמים,400.00,100 גרם,false,1,12.90,3.23,true,1,
7290018359952,false,רוטב עגבניות לפסטה יכין 400 גרם,יכין,IL,רוטב עגבניות לפסטה י,גרמים,400.00,100 גרם,false,1,12.90,3.23,true,1,
7290018380383,false,שיבולת שועל אינסטנט 510 גרם,,US,שיבולת שועל אינסטנט,גרמים,510.00,100 גרם,false,1,11.90,2.33,true,1,
7290018380406,false,עוגיות בטעם חמאה בפח 114 גרם,,,עוגיות בטעם חמאה 114,גרמים,114.00,100 גרם,false,1,7.90,6.93,true,1,
7290018380826,false,רגא'מה תבשיל הודי שעועית אדומה 300 גרם,,,תבשיל הודי שעועית אד,גרמים,300.00,100 גרם,false,1,12.90,4.30,true,1,
7290018394038,false,פיטריות שיטאקי מיובשות חוות תקוע,חקלאי,IL,פיטריות שיטאקי מיובש,Unknown,0.00,Unknown,false,1,10.90,10.90,true,1,
7290018440070,false,תרכיז עגבניות בשפורפרת 28BX בלה איטליה 200 ג',בלה איטליה,IT,תרכיז עגבניות בשפורפ,גרמים,200.00,100 גרם,false,1,9.90,4.95,true,1,
7290018440230,false,צ'אי ורדים 25 שק' ויסוצקי,ויסוצקי,IL,צאי ורדים 25 שקיקים,גרמים,50.00,100 גרם,false,1,22.90,45.80,true,1,
7290018440254,false,צ'אי קרמל מלוח 25 שק' ויסוצקי,ויסוצקי,IL,צאי קרמל מלוח 25 שק,גרמים,50.00,100 גרם,false,1,22.90,45.80,true,1,
7290018440391,false,תה ירוק מאטה נענע גוארנה 25 שק' ויסוצקי,ויסוצקי,IL,תה ירוק מאטה נענע גו,גרמים,400.00,100 גרם,false,1,26.90,6.73,true,1,
7290018440438,false,טונה קאלוו איזי פליפ בשמן 65 גר*3,קאלוו,ES,טונה קאלוו איזי פליפ,גרמים,195.00,100 גרם,false,1,26.90,13.79,true,1,
7290018440445,false,טונה קאלוו בשמן זית 160 גר,,,טונה קאלוו בשמן זית,גרמים,160.00,100 גרם,false,1,17.90,11.19,true,1,
7290018440483,false,פליפז בייגלה מצופה בקרמל מלוח ושוקולד 140 גרם,שוורצקוף& הנקל דיסלד,TR,140 בייגלה מצופה בק,גרמים,140.00,100 גרם,false,1,9.50,6.79,true,1,
7290018441626,false,גלידת פיינטים מנטה עוגיות 430 ג' בן וג'ירי,מוצרי איכות אמריקאיי,IL,בן אנד גריס גלידת מנ,מיליליטרים,500.00,"100 מ""ל",false,1,25.90,5.18,true,1,
7290018468302,false,נקניקיה טבעונית בסגנון מרגז טירת צבי 400 ג,,IL,נקניקיה טבעונית בסגנ,גרמים,400.00,100 גרם,false,1,42.90,10.73,true,1,
7290018468401,false,פסטרמה צמחונית בטעם גריל 100 גר טירת צבי,טיב טירת צבי 2000,IL,פסטרמה צמחונית בטעם,גרמים,100.00,100 גרם,false,1,20.90,20.90,true,1,
7290018468418,false,פסטרמה צמחונית בטעם מפולפל 100 ג טירת צב,טיב טירת צבי 2000,IL,פסטרמה צמחונית בטעם,גרמים,100.00,100 גרם,false,1,20.90,20.90,true,1,
7290018468432,false,נקניק טבעוני בטעם מעושן 100 גרם טירת צבי,טיב טירת צבי 2000,IL,נקניק טבעוני בטעם מע,גרמים,100.00,100 גרם,false,1,20.90,20.90,true,1,
7290018471111,false,"שוויפס מוחיטו ליים נענע 330 מ""ל",יפאורה שותפות מובגלת,IL,שוופס ליים מוחיטו 33,מיליליטרים,330.00,"100 מ""ל",false,1,6.20,1.88,true,1,
7290018471135,false,"ספרינג שייק בננה תמר תפוז זכוכית 330 מ""ל","יפאורה תבורי בע""מ",IL,ספרינג שייק בננה תמר,מיליליטרים,330.00,"100 מ""ל",false,1,8.90,2.70,true,1,
7290018471180,false,משקה פרוט& ווג' אננס תפוח גזר 1 ליטר,יפאורה תבורי בעמ,IL,פרוט & ווג אננס תפוח,מיליליטרים,1000.00,"100 מ""ל",false,1,15.90,1.59,true,1,
7290018471210,false,קרטונית נקטר ספרינג תפוח סברס 1 ליטר,,,קרטונית נקטר ספרינג,מיליליטרים,1000.00,"100 מ""ל",false,1,7.60,0.76,true,1,
7290018471395,false,משקה פרוט& ווג' תפוח רימון ג'ינג'ר 1 ליטר,יפאורה תבורי בעמ,IL,פרוט & ווג תפוח רימו,מיליליטרים,1000.00,"100 מ""ל",false,1,15.90,1.59,true,1,
7290018471401,false,משקה פרוט& ווג' אננס בננה כורכום 1 ליטר,יפאורה תבורי בעמ,IL,פרוט & ווג אננס בננה,מיליליטרים,1000.00,"100 מ""ל",false,1,15.90,1.59,true,1,
7290018471470,false,תפוזינה נקטר תפוז פסיפלורה קרטונית 1 ליטר,"יפאורה תבורי בע""מ",IL,תפוזינה תפוז פסיפלור,מיליליטרים,1000.00,"100 מ""ל",false,1,8.00,0.80,true,1,
7290018471494,false,נקטר תפוז גזר קרטונית תפוזינה 1 ל',"יפאורה תבורי בע""מ",IL,תפוזינה תפוז גזר 1 ל,מיליליטרים,1000.00,"100 מ""ל",false,1,8.00,0.80,true,1,
7290018471906,false,שוופס מוגז פירות לימונדה ורודה 1.5 ליטר פיקדון,"יפאורה תבורי בע""מ",IL,שוופס מוגז לימונדה ו,ליטרים,0.00,ליטר,false,1,9.30,9.30,true,1,
7290018471913,false,שוופס מוגז פירות תפוחים 1.5 ליטר-,"יפאורה תבורי בע""מ",IL,שוופס מוגז תפוחים 1.,ליטרים,0.00,ליטר,false,1,9.30,9.30,true,1,
7290018471944,false,שוופס מוגז פירות לימונייד 1.5 ליטר פיקדון,"יפאורה תבורי בע""מ",IL,שוופס מוגז לימונייד,ליטרים,0.00,ליטר,false,1,9.30,9.30,true,1,
7290018471951,false,שוופס מוגז פירות אשכולית אדומה 1.5 ליטר פיקדון,"יפאורה תבורי בע""מ",IL,שוופס מוגז אשכולית א,ליטרים,0.00,ליטר,false,1,9.30,9.30,true,1,
7290018516058,false,פרמיו דליקט טונה ושר,,,פרמיו דליקט טונה ושר,Unknown,1.00,Unknown,false,1,9.90,9.90,true,1,
7290018516065,false,פרמיו דליקט טונה וסלמון 56גר',סאטורן,DE,פרמיו דליקט טונה וסל,Unknown,1.00,Unknown,false,1,9.90,9.90,true,1,
7290018516072,false,פרמיו דליקט טונה וצד,,,פרמיו דליקט טונה וצד,Unknown,1.00,Unknown,false,1,9.90,9.90,true,1,
7290018516089,false,פרמיו דליקט טונה דג,,,פרמיו דליקט טונה דג,Unknown,1.00,Unknown,false,1,9.90,9.90,true,1,
7290018516256,false,פרמיו גור עוף 150 ג,סאטורן,FR,פרמיו גור עוף 150 ג,Unknown,1.00,Unknown,false,1,5.90,5.90,true,1,
7290018516348,false,פאוץ סלט פירות ושבולת שועל 120 ג' פרינוק,,CZ,פאוץ פרינוק סלט פירו,גרמים,120.00,100 גרם,false,1,6.90,5.75,true,1,
7290018542187,false,צלחת 7.5 אבן שיש שחו,,CN,צלחת 7.5 אבן שיש שחו,Unknown,1.00,Unknown,false,1,23.90,23.90,true,1,
7290018542224,false,ליפתנית אבן שיש שחור,,CN,ליפתנית אבן שיש שחור,Unknown,0.00,Unknown,false,1,14.50,14.50,true,1,
7290018542262,false,מרקיה פרמיום לבנה ע,,CN,מרקיה פרמיום לבנה ע,Unknown,0.00,Unknown,false,1,20.90,20.90,true,1,
7290018542279,false,ליפתנית פרמיום לבנה,,CN,ליפתנית פרמיום לבנה,Unknown,0.00,Unknown,false,1,14.50,14.50,true,1,
7290018542286,false,צלחת 7.5 פרמיום לבנ,,CN,צלחת 7.5 פרמיום לבנ,Unknown,1.00,Unknown,false,1,23.90,23.90,true,1,
7290018542309,false,צלחת 10 פרמיום לבנה,,CN,צלחת 10 פרמיום לבנה,Unknown,0.00,Unknown,false,1,41.90,41.90,true,1,
7290018542958,false,"צלחת מתכלה 7.5"" סדרת שמש אר 20 יח' דנטס",,CN,צלחת מתכלה 7.5 סדרת,Unknown,1.00,Unknown,false,1,11.90,11.90,true,1,
7290018593004,false,פטה שקדים טבעי פלנטי,פלנטי,IL,פטה שקדים טבעי 200 ג,גרמים,200.00,100 גרם,false,1,33.50,16.75,true,1,
7290018593011,false,פטה שקדים עשבי תיבול 200 גרם,פלנטי,IL,פטה שקדים עשבי תיבול,גרמים,200.00,100 גרם,false,1,33.50,16.75,true,1,
7290018593059,false,אגוזנו בסגנון פיקנטי 100 גרם,,,אגוזנו בסגנון פיקנטי,גרמים,100.00,100 גרם,false,1,23.90,23.90,true,1,
7290018593066,false,אגוזנו בסגנון פרמזן 100 גרם,,,אגוזנו עשבי תיבול,גרמים,100.00,100 גרם,false,1,23.90,23.90,true,1,
7290018593325,false,לאבנה שקדים טבעוני פלנטי 220 גרם,פלנטי,IL,לאבנה שקדים טבעוני פ,גרמים,220.00,100 גרם,false,1,21.90,9.95,true,1,
7290018652053,false,"יסקולידה אקסטרה גלידה בטעמי וניל ושוקולד, 90 גרם",נגה גלידות,IL,ביסקולידה אקסטרה שוק,גרמים,90.00,100 גרם,false,1,5.90,6.56,true,1,
7290018677018,false,לחם מחמצת כוסמין מלא אורגני 375 גרם,,CZ,לחם מחמצת כוסמין מלא,גרמים,375.00,100 גרם,false,1,18.90,5.04,true,1,
7290018677056,false,קוואקר דק אורגני 500 גרם,,DK,קוואקר דק אורגני 500,גרמים,500.00,100 גרם,false,1,11.90,2.38,true,1,
7290018677070,false,"קרם קוקוס אורגני 330 מ""ל",בראנץ' אוף בן טרה אי,LK,קרם קוקוס אורגני 330,מיליליטרים,330.00,"100 מ""ל",false,1,14.20,4.30,true,1,
7290018681640,false,"אורז בסמטי ארוך אורגני כרם 1 ק""ג",,IN,אורז בסמטי ארוך אורג,גרמים,1000.00,100 גרם,false,1,22.90,2.29,true,1,
7290018703229,false,חטיף חלבון שוקולד אגוזים פראוד 60 גרם,,,חטיף חלבון שוקולד אג,גרמים,60.00,100 גרם,false,1,13.90,23.17,true,1,
7290018703243,false,חטיף חלבון קרמל קראנצ פראוד 60 גרם,,,חטיף חלבון קרמל קראנ,גרמים,60.00,100 גרם,false,1,13.90,23.17,true,1,
7290018708125,false,בארכה חלבה מסולסלת וניל 250 גרם,בארכה,IL,בארכה חלבה מסולסלת ו,גרמים,250.00,100 גרם,false,1,16.90,6.76,true,1,
7290018757116,false,קמח שקדים עתיד ירוק 250 גרם,,IL,קמח שקדים עתיד ירוק,גרמים,250.00,100 גרם,false,1,26.50,10.60,true,1,
7290018757178,false,קמח כוסמת אורגני עתיד ירוק 400 גרם,,IL,קמח כוסמת אורגני עתי,גרמים,400.00,100 גרם,false,1,10.90,2.73,true,1,
7290018757291,false,זרעי ציה לבנה 230 גרם,,IL,זרעי ציה לבנה 230 גר,גרמים,230.00,100 גרם,false,1,18.90,8.22,true,1,
7290018757635,false,פירורי לחם ללא גלוטן 200 גרם עתיד ירוק,,IL,פירורי לחם ללא גלוטן,גרמים,200.00,100 גרם,false,1,15.90,7.95,true,1,
7290018893296,false,עוגיות חמאה מצופות שוקולד ציוקטה 100 גר,,BE,עוגיות חמאה מצופות ש,גרמים,100.00,100 גרם,false,1,11.90,11.90,true,1,
7290018893845,false,פתי בר צוקטה ביסקוויט בטעם חמאה 400 גר,,ES,פתי בר צוקטה ביסקווי,גרמים,400.00,100 גרם,false,1,9.90,2.48,true,1,
7290018925065,false,מיץ פרימור תפוזים סחוט 2 ליטר-,גניר,IL,מיץ תפוזים סחוט 2 ל,מיליליטרים,2000.00,"100 מ""ל",false,1,28.90,1.45,true,1,
7290018925072,false,משקה קל לימונים ונענע 2 ל פרימור,גניר,IL,משקה קל לימונים ונענ,ליטרים,2.00,ליטר,false,1,28.90,14.45,true,1,
7290018925089,false,"מיץ פרימור תפו""ע צלול סחוט 2 ליטר-",גניר,IL,מיץ תפוחים צלול מרכז,מיליליטרים,2000.00,"100 מ""ל",false,1,28.90,1.45,true,1,
7290018949023,false,"גרופר משקה קל מוגז אורגני לימוננ 330 מ""ל",,IL,גרופר משקה קל מוגז א,מיליליטרים,330.00,"100 מ""ל",false,1,9.50,2.88,true,1,
7290018972113,false,תומר ברוקולי מצופה 500 גרם,,IL,ברוקולי מצופה תומר 5,גרמים,500.00,100 גרם,false,1,33.50,6.70,true,1,
7290018989081,false,חומוס הבית להכנת חומוס טרי יכין 400 גר,זנלכל,IL,חומוס הבית להכנת חומ,גרמים,410.00,100 גרם,false,1,8.50,2.07,true,1,
7290019056041,false,שוופס מוגז פירות לימונייד ללא סוכר 1.5 ליטר פיקדון,יפאורה תבורי,IL,שוופס מוגז ללא סוכר,ליטרים,0.00,ליטר,false,1,8.80,8.80,true,1,
7290019056058,false,שוופס מוגז עדין תפוח ליים 1.5 ליטר פיקדון,"יפאורה תבורי בע""מ",IL,שוופס מוגז עדין תפוח,ליטרים,0.00,ליטר,false,1,9.90,9.90,true,1,
7290019056065,false,שוופס מוגז עדין פירות יער 1.5 ליטר פיקדון,"יפאורה תבורי בע""מ",IL,שוופס מוגז עדין פירו,ליטרים,0.00,ליטר,false,1,9.90,9.90,true,1,
7290019056072,false,שוופס מוגז עדין אננס 1.5 ליטר פיקדון,יפאורה תבורי בעמ,IL,שוופס מוגז עדין אננס,ליטרים,0.00,ליטר,false,1,9.90,9.90,true,1,
7290019056096,false,שוופס מוגז עדין אפרסק 1.5 ליטר פיקדון,"יפאורה תבורי בע""מ",IL,שוופס מוגז עדין אפרס,ליטרים,0.00,ליטר,false,1,9.90,9.90,true,1,
7290019056164,false,שוופס סודה 1.5 ליטר רביעייה פיקדון,"יפאורה תבורי בע""מ",IL,רביעיית שוופס סודה 1,ליטרים,0.00,ליטר,false,1,13.10,13.10,true,1,
7290019056171,false,שוופס סודה לימון 1.5 ליטר רביעייה פיקדון,"יפאורה תבורי בע""מ",IL,רביעיית שוופס סודה ל,ליטרים,0.00,ליטר,false,1,13.10,13.10,true,1,
7290019056188,false,שוופס סודה נענע ליים 1.5 ליטר רביעייה פיקדון,"יפאורה תבורי בע""מ",IL,רביעיית שוופס סודה נ,ליטרים,0.00,ליטר,false,1,13.10,13.10,true,1,
7290019056201,false,שוופס סודה פירות יער 1.5 ליטר רביעייה פיקדון,"יפאורה תבורי בע""מ",IL,שוופס סודה פירות יער,ליטרים,0.00,ליטר,false,1,13.10,13.10,true,1,
7290019056256,false,שוופס מים בטעמים תפוחים 1.5 ליטר פיקדון,יפאורה תבורי בעמ,IL,שוופס WATER תפוח 1.5,ליטרים,0.00,ליטר,false,1,9.90,9.90,true,1,
7290019056263,false,שוופס מים בטעמים אפרסק 1.5 ליטר פיקדון,יפאורה תבורי בעמ,IL,שוופס WATER אפרסק 1.,ליטרים,0.00,ליטר,false,1,9.90,9.90,true,1,
7290019056270,false,שוופס מים בטעמים פירות יער 1.5 ליטר פיקדון,"יפאורה תבורי בע""מ",IL,שוופס WATER פירות יע,ליטרים,0.00,ליטר,false,1,9.90,9.90,true,1,
7290019056294,false,שוופס ג'ינג'ר אייל 1.5 ליטר פיקדון,"יפאורה תבורי בע""מ",IL,שוופס גינגר 1.5 ליטר,ליטרים,0.00,ליטר,false,1,12.70,12.70,true,1,
7290019056300,false,משקה בטעם ביטר לימון 1.5 ל' שוויפס,"יפאורה תבורי בע""מ",IL,שוופס ביטר 1.5 ליטר,ליטרים,0.00,ליטר,false,1,12.70,12.70,true,1,
7290019056317,false,שוופס ראשן 1.5 ליטר פיקדון,"יפאורה תבורי בע""מ",IL,משקה שוופס ראשן 1.5,ליטרים,0.00,ליטר,false,1,12.70,12.70,true,1,
7290019056324,false,שוופס טוניק 1.5 ליטר פיקדון,"יפאורה תבורי בע""מ",IL,שוופס טוניק 1.5 ליטר,ליטרים,0.00,ליטר,false,1,12.70,12.70,true,1,
7290019056331,false,שוופס טוניק ללא סוכר 1.5 ליטר פיקדון,יפאורה תבורי בעמ,IL,שוופס טוניק ללא סוכר,ליטרים,0.00,ליטר,false,1,12.70,12.70,true,1,
7290019056539,false,פרוט ווטר אפרסק 1.5 ליטר פיקדון,"יפאורה תבורי בע""מ",IL,FRUIT WATER אפרסק 1.,ליטרים,0.00,ליטר,false,1,9.90,9.90,true,1,
7290019056553,false,שישית מים מינרליים 2ל' עין גדי,עין גדי מים מינרליים,IL,שישיית מים עין גדי 2,ליטרים,0.01,ליטר,false,1,13.80,1380.00,true,1,
7290019056584,false,ספרינג תפוזים 1.5 ליטר פיקדון,"יפאורה תבורי בע""מ",IL,ספרינג תפוז 1.5 ליטר,ליטרים,0.00,ליטר,false,1,9.50,9.50,true,1,
7290019056621,false,ספרינג פירות טרופיים 1.5 ליטר פיקדון,"יפאורה תבורי בע""מ",IL,ספרינג 1.5 ליטר פירו,ליטרים,0.00,ליטר,false,1,9.50,9.50,true,1,
7290019056645,false,ספרחנג אגס תפוח סברס 1.5 ליטר פיקדון,"יפאורה תבורי בע""מ",IL,ספרינג 1.5 ליטר אגסי,ליטרים,0.00,ליטר,false,1,9.50,9.50,true,1,
7290019056652,false,ספרינג אננס בננה 1.5 ליטר פיקדון,"יפאורה תבורי בע""מ",IL,ספרינג אננס בננה 1.5,ליטרים,0.00,ליטר,false,1,9.50,9.50,true,1,
7290019056669,false,ספרינג תפוחים גיאט 1.5 ליטר פיקדון,"יפאורה תבורי בע""מ",IL,ספרינג תפוחים לייט 1,ליטרים,0.00,ליטר,false,1,9.30,9.30,true,1,
7290019056676,false,מיץ דיאט בטעם אשכוליות ואננס 1.5ל' ספרינג,"יפאורה תבורי בע""מ",IL,ספרינג אשכוליות אננס,ליטרים,0.00,ליטר,false,1,9.30,9.30,true,1,
7290019056881,false,מי סודה שוויפס 1.5ל',"כד בני דרום בע""מ",IL,שוופס סודה 1.5 ליטר,ליטרים,0.00,ליטר,false,1,4.00,4.00,true,1,
7290019056942,false,מים עין גדי בקבוק 2,יפאורה,IL,מי עין גדי 2 ל,ליטרים,0.00,ליטר,false,1,3.00,3.00,true,1,
7290019056966,false,מי עדן בקבוק פיקדון 1.5 ליטר,יפאורה,IL,מי עדן 1.5 ליטר,ליטרים,0.00,ליטר,false,1,5.20,5.20,true,1,
7290019056973,false,שישיית מי עדן 1.5 ליטר משפחתי,מופק ממקור בזלתי עדן,IL,שישיית מי עדן 1.5 לי,ליטרים,0.01,ליטר,false,1,14.90,1490.00,true,1,
7290019137016,false,תה ירוק למון גראס וגינגר אורגני 37.5 גרם,,LK,תה ירוק למון גראס וג,גרמים,38.00,100 גרם,false,1,14.90,39.21,true,1,
7290019153078,false,"שוופס ביטר למון לייט, 1.5 ליטר פקדון",,IL,שוופס ביטר למון לייט,ליטרים,0.00,ליטר,false,1,12.70,12.70,true,1,
7290019232162,false,"חליטת ""לילה טוב"" קמומיל מליסה 25 שקיקים ויסוצקי",ויסוצקי,IL,תה ויסוצקי חליטת ליל,יחידה,1.00,יחידה,false,1,26.90,26.90,true,1,
7290019232193,false,תה ירוק לימונית ג'ינג'ר STAY WELL שקיקים 25 ויסוצקי,ויסוצקי,IL,תה ויסוצקי ירוק לימו,יחידה,1.00,יחידה,false,1,26.90,26.90,true,1,
7290019232803,false,הולגריין ביסקוייט עם קרם חלב ושוקולד חלב 300 גרם,"אולקר ביסקווי סנאי,",TR,ביסקוויט הולגריין קר,גרמים,300.00,100 גרם,false,1,12.90,4.30,true,1,
7290019232834,false,בייגלה מצופה קרם עוגיות ושוקולד 140 ג' פליפז,אולקר מקבוצת פלאדיס,TR,בייגלה פליפז מצופה ק,גרמים,140.00,100 גרם,false,1,9.50,6.79,true,1,
7290019233022,false,רוטב עגבניות עם קוביות ושמן זית 420ג זיתא,זיתא,IT,רוטב שקשוקה חצילים ז,גרמים,420.00,100 גרם,false,1,14.90,3.55,true,1,
7290019233039,false,רוטב עגבניות עם קוביות פלפלים ושמן זית 420ג' ויסוצקי,זיתא,IT,רוטב שקשוקה קלאסית ז,גרמים,420.00,100 גרם,false,1,14.90,3.55,true,1,
7290019297239,false,צימוק חום 250 גרם ששון הקולה,"דין שיווק וקליה בע""מ",,צימוק חום 330 גר,גרמים,330.00,100 גרם,false,1,15.40,4.67,true,1,
7290019297246,false,שזיפים מיובשים 250 גרם ששון הקולה,,,שזיפים 330 גר,גרמים,330.00,100 גרם,false,1,24.00,7.27,true,1,
7290019297536,false,חמאת בוטנים עם שברי בוטנים 510 גרם,,,חמאת בוטנים עם שברי,גרמים,510.00,100 גרם,false,1,16.40,3.22,true,1,
7290019297543,false,חמאת בוטנים שקדיה 51,,,חמאת בוטנים 510 גרם,גרמים,510.00,100 גרם,false,1,16.40,3.22,true,1,
7290019297550,false,בוטנים מטוגנים בקופסא 185 גרם,קריניציה ויטמינה אס,IL,בוטנים מטוגנים בקוספ,גרמים,185.00,100 גרם,false,1,10.90,5.89,true,1,
7290019297635,false,שקד קלויים 150 גרם ששון הקולה,דין שיווק,IL,שקד קלויים 150 גרם ש,גרמים,150.00,100 גרם,false,1,17.90,11.93,true,1,
7290019297642,false,גרעין שחור קלוי ללא מלח ששון הקולה 150 ג',דין שיווק,IL,גרעין שחור קלוי ללא,גרמים,150.00,100 גרם,false,1,5.30,3.53,true,1,
7290022005074,false,רוטב עגבניות שרי קלאסי 400 גרם,גוסטיבוס,IT,רוטב עגבניות שרי קלא,גרמים,400.00,100 גרם,false,1,14.90,3.73,true,1,
7290022005562,false,קריספ פירורי לחם שום 300 גרם,,IL,קריספ שום 300 גרם,גרמים,300.00,100 גרם,false,0,8.90,2.97,true,1,
7290067642005,false,"בירה גולדסטאר 10% 330 מ""ל SLOW BREW",טמפו,IL,בירה גולדסטאר 10% 33,מיליליטרים,1980.00,"100 מ""ל",false,1,8.50,0.43,true,1,
7290069701151,false,פריזר דוקטורסקיה אוריגינל מזרע,,,פריזר דוקטורסקיה,Unknown,0.00,"ק""ג",true,0,80.00,80.00,true,1,
7290089617074,false,פטריות מסליאטה מוחמצות 680 ג,,CN,פטריות מסליאטה מוחמ,גרמים,680.00,100 גרם,false,1,17.60,2.59,true,1,
7290089617142,false,פטריות אופיאטה מוחמצפוסולסקי דבור 680 ג,,CN,פטריות אופיאטה מוחמ,גרמים,680.00,100 גרם,false,1,17.60,2.59,true,1,
7290089617210,false,פטריות אסורטי מוחמצים 680 ג,,CN,פטריות אסורטי מוחמצ,גרמים,680.00,100 גרם,false,1,17.60,2.59,true,1,
7290100240632,false,קרקר פתית 200-300ג' 6 דגנים 250 גרם,יוניליוור ישראל מזון,IL,"פתית 6 דגנים בד""צ 25",גרמים,250.00,100 גרם,false,1,18.50,7.40,true,1,
7290100243084,false,מיונז אמיתי הלמנס 789 ג',,,מיונז הלמנס 789 גרם,מיליליטרים,400.00,"100 מ""ל",false,1,30.90,7.73,true,1,
7290100243671,false,מרכך כביסה מרכך כביסה בדין אקסטרה 1 ל',יוניליוור סנאיי וי ט,TR,בדין אקסטרא כחול 960,מיליליטרים,960.00,"100 מ""ל",false,1,17.90,1.86,true,1,
7290100245231,false,מרק נמס בכוס ועוד ט.עוף שקדי מרק - קנור,יוניליוור ישראל מזון,IL,מרק נמס בכוס ועוד ט.,גרמים,50.00,100 גרם,false,1,7.90,15.80,true,1,
7290100321775,false,חזה עוף טרי,,,חזה עוף טרי,Unknown,0.00,"ק""ג",true,0,35.90,35.90,true,1,
7290100323038,false,כרעיים עוף טרי,,,כרעיים עוף טרי,Unknown,0.00,"ק""ג",true,0,24.90,24.90,true,1,
7290100570562,false,אבזרי מטבח,,,אבזרי מטבח,יחידה,1.00,יחידה,false,1,45.90,45.90,true,1,
7290100572146,false,כ.סט מקפיאון,,,אבזרי מטבח,Unknown,0.00,Unknown,false,1,24.90,24.90,true,1,
7290100572368,false,אביזרי מטבח,,,אבזרי מטבח,Unknown,0.00,Unknown,false,1,19.90,19.90,true,1,
7290100573396,false,אביזרי מטבח,,,אביזרי מטבח,Unknown,0.00,Unknown,false,1,9.90,9.90,true,1,
7290100573716,false,אביזרי מטבח,,,אביזרי מטבח,Unknown,0.00,Unknown,false,1,14.90,14.90,true,1,
7290100575055,false,אבזרי מטבח,,,אבזרי מטבח,Unknown,0.00,Unknown,false,1,29.90,29.90,true,1,
7290100575086,false,אביזרי מטבח ב-6.99,,,אבזרי מטבח,Unknown,0.00,Unknown,false,1,6.90,6.90,true,1,
7290100653463,false,"פלמוליב - ארומה ג'ל רחצה מסאז' 500 מ""ל",קולגייט פלמוליב,TR,סבון נוזלי פלמוליב ס,מיליליטרים,500.00,"100 מ""ל",false,1,21.90,4.38,true,1,
7290100680650,false,מנה חמה נודלס-אטריות ירקות טעם תאילנדי אסם 76 ג',THAI PRESIDENT FOODS,TH,מנה חמה נודלס טעם יר,גרמים,70.00,100 גרם,false,1,6.90,9.86,true,1,
7290100680667,false,אוסם - מנה חמה נודלס בטעם סצ'ואן 76 גרם,THAI PRESIDENT FOODS,TH,מנה חמה נודלס טעם סי,גרמים,76.00,100 גרם,false,1,6.90,9.08,true,1,
7290100680711,false,פירורית זהב אסם זהב 350ג',עינת תעשיות,IL,פירורית זהב 350 גרם,גרמים,350.00,100 גרם,false,1,9.50,2.71,true,1,
7290100680728,false,פירורית רגילה 350 ג' אוסם,מיוצר עי קונדיטוריית,IL,פירורית 350 גרם,גרמים,350.00,100 גרם,false,1,8.90,2.54,true,1,
7290100681138,false,אפרופו מארז שלישיה * 50ג' אסם,"אסם השקעות בע""מ",IL,מארז אפרופו 3*50 גרם,גרמים,150.00,100 גרם,false,0,13.90,9.27,true,1,
7290100683880,false,תבשילים משפחתיים פירה 260 גרם,"אסם השקעות בע""מ",IL,תבשילים משפחתיים פיר,גרמים,260.00,100 גרם,false,1,20.30,7.81,true,1,
7290100684764,false,במבה יום הולדת על סרט אסם 25 ג',"אסם השקעות בע""מ",IL,במבה על סרט 25 גרם,גרמים,25.00,100 גרם,false,1,2.50,10.00,true,1,
7290100685068,false,פודינג וניל עם פצפוצי שוקולד 110 ג' אסם,,,פודינג+וניל עם פצפוצ,גרמים,110.00,100 גרם,false,1,7.90,7.18,true,1,
7290100685334,false,מרק עוף אמיתי מרכיבים טבעיים 400 גרם,"אסם השקעות בע""מ",IL,מרק עוף אמיתי מרכיבי,גרמים,400.00,100 גרם,false,1,25.50,6.38,true,1,
7290100685341,false,מרק תיבול טעם עוף זך רכיבים טיבעיים 400,"אסם השקעות בע""מ",IL,מרק תיבול טעם עוף זך,גרמים,400.00,100 גרם,false,1,18.90,4.73,true,1,
7290100689301,false,אבקת מרק עוף זך עדיף אסם 400 גר',"אסם השקעות בע""מ",IL,מרק טעם עוף זך עדיף,גרמים,400.00,100 גרם,false,1,18.80,4.70,true,1,
7290100700068,false,שעועית צבעונית 500 ג' סוגת,,,שעועית צבעונית 500 ג,גרמים,500.00,100 גרם,false,1,7.90,1.58,true,1,
7290100700075,false,פירורי לחם מוזהבים 200 ג' סוגת,"סוגת תעשיות בע""מ",IL,פירורי לחם מוזהבים 2,גרמים,200.00,100 גרם,false,1,4.40,2.20,true,1,
7290100700242,false,"אורז מלא עגול סוגת 1 ק""ג","סוגת תעשיות בע""מ",IL,"אורז מלא עגול 1 ק""ג",גרמים,1000.00,100 גרם,false,1,11.90,1.19,true,1,
7290100700273,false,קינואה סוגת 500 גרם,האי נאם סי או אל.טי.,IL,קינואה 500 גרם,גרמים,500.00,100 גרם,false,1,14.90,2.98,true,1,
7290100700327,false,"גריסי פנינה סוגת 1 ק""ג",,,"גריסי פניניה 1 ק""ג",גרמים,1000.00,100 גרם,false,1,10.50,1.05,true,1,
7290100700334,false,קינואה לבנה סוגת 1,"סוגת תעשיות בע""מ",IL,"קינואה סוגת 1 ק""ג",קילוגרמים,0.00,"ק""ג",false,1,21.90,21.90,true,1,
7290100700365,false,"שעועית אדומה 1 ק""ג סוגת",,,"שעועית אדומה 1 ק""ג",גרמים,1000.00,100 גרם,false,1,21.90,2.19,true,1,
7290100700372,false,"אורז בסמטי מלא סוגת 1 ק""ג",האי נאם סי או אל.טי.,IL,"אורז בסמטי מלא 1 ק""ג",גרמים,1000.00,100 גרם,false,1,13.90,1.39,true,1,
7290100700563,false,אורז מיקס קלאסי 1 ק',,IL,"אורז מיקס 1 ק""ג",גרמים,1000.00,100 גרם,false,1,15.90,1.59,true,1,
7290100700587,false,"בורגול ""סוגת"" 500 גרם",האי נאם סי או אל.טי.,IL,בורגול 500 גרם,גרמים,500.00,100 גרם,false,1,5.50,1.10,true,1,
7290100701126,false,שעועית מש 500 ג' סוגת,סוגת,IL,שעועית מש 500 גר,גרמים,500.00,100 גרם,false,1,13.50,2.70,true,1,
7290100701140,false,אורז ריזוטו ארבוריו 1 קג,"סוגת תעשיות בע""מ",IL,אורז ריזוטו ארבוריו,גרמים,1000.00,100 גרם,false,1,15.90,1.59,true,1,
7290100701300,false,קינואה אדומה 500 גר סוגת,,,קינואה אדומה 500 גר,גרמים,500.00,100 גרם,false,1,14.90,2.98,true,1,
7290100701331,false,"קמח רב תכליתי 1 ק""ג סוגת","שטיבל בע""מ - טחנות ק",IL,"קמח רב תכליתי 1 ק""ג",גרמים,1000.00,100 גרם,false,1,7.90,0.79,true,1,
7290100701577,false,קמח לחם מועשר בויטמי,שטיבל,IL,"קמח לחם 1 ק""ג סוגת",גרמים,1000.00,100 גרם,false,1,7.90,0.79,true,1,
7290100701874,false,"קמח כוסמין 1 ק""ג סוגת",טחנות קמח שטיבל באר,IL,"קמח כוסמין 1 ק""ג סוג",גרמים,1000.00,100 גרם,false,1,15.90,1.59,true,1,
7290100701898,false,"קמח פסטה 1 ק""ג סוגת",,,"קמח פסטה 1 ק""ג סוגת",גרמים,1000.00,100 גרם,false,1,15.90,1.59,true,1,
7290100701966,false,אפונה צהובה 500 ג' סוגת,,,אפונה צהובה 500 גרם,גרמים,500.00,100 גרם,false,1,6.50,1.30,true,1,
7290100702383,false,"קמח תופח סוגת 1 ק""ג",,IL,"קמח תופח 1 ק""ג סוגת",גרמים,1000.00,100 גרם,false,1,7.90,0.79,true,1,
7290100702741,false,"סוכר חום בהיר בצנצנת 1 ק""ג סוגת",,,"סוכר חום בהיר 1 ק""ג",גרמים,1000.00,100 גרם,false,1,14.60,1.46,true,1,
7290100702987,false,פתיתי שיבולת שועל דק סוגת 500ג',סוגת תעשיות,,שיבולת שועל 500 גרם,גרמים,500.00,100 גרם,false,1,6.80,1.36,true,1,
7290100702994,false,סוכר דמררה קלאסי בשקית 500 גר סוגת,"סוגת תעשיות בע""מ",IL,סוכר דמררה קלאסי בשק,גרמים,500.00,100 גרם,false,1,6.90,1.38,true,1,
7290100703847,false,קוביות סוכר לבן סוגת 500 גרם,,,קוביות סוכר לבן סוגת,גרמים,500.00,100 גרם,false,1,11.90,2.38,true,1,
7290100703854,false,קוביות סוכר לבן דמררה 500 ג' סוגת,,,קוביות סוכר דמררה סו,גרמים,500.00,100 גרם,false,1,11.90,2.38,true,1,
7290100703861,false,"תערובת קמח קסם לחלה סוגת 1 ק""ג",סוגת,IL,תערובת קמח קסם לחלה,גרמים,1000.00,100 גרם,false,1,8.90,0.89,true,1,
7290100703908,false,"סוכר דמררה סוגת 1 ק""ג",,,"סוכר דמררה 1 ק""ג",גרמים,1000.00,100 גרם,false,1,12.90,1.29,true,1,
7290100703915,false,מארז פופקורן למיקרוגל בטעם חמאה 5+1 במתנה,,IL,מארז פופקורן למיקרוג,גרמים,540.00,100 גרם,false,1,12.00,2.22,true,1,
7290100703922,false,מארז פופקורן למיקרוגל בטעם טבעי 5+1במתנה,,IL,מארז פופקורן למיקרוג,גרמים,540.00,100 גרם,false,1,12.00,2.22,true,1,
7290100704516,false,חומוס מיני סוגת 500ג',,,חומוס מיני 500 גרם,גרמים,500.00,100 גרם,false,1,6.90,1.38,true,1,
7290100850909,false,דוריטוס נאצו מקסיקני 70 גרם,שטראוס פריטו ליי בע,IL,דוריטוס נאצו מקסיקני,גרמים,70.00,100 גרם,false,1,4.50,6.43,true,1,
7290100850916,false,דוריטוס חמוץ חריף 70 גרם,"שטראוס פריטו ליי בע""",IL,דוריטוס חמוץ חריף 70,גרמים,70.00,100 גרם,false,1,4.50,6.43,true,1,
7290100850923,false,דוריטוס גריל 70 גרם,שטראוס פריטו ליי בע,IL,דוריטוס גריל 70 גרם,גרמים,70.00,100 גרם,false,1,4.50,6.43,true,1,
7290100858592,false,אבקת קקאו עלית שקית 150 ג',הנסיך- מפעל לייצור ט,IL,קקאו 150 גרם,גרמים,150.00,100 גרם,false,1,10.90,7.27,true,1,
7290100858608,false,אבקת קקאו עלית שקית 500 ג',שטראוס גרופ,,קקאו 500 גרם,גרמים,500.00,100 גרם,false,1,28.20,5.64,true,1,
7290100921401,false,"הוואי - שמפו קרטין מחזק 700 מ""ל",טרופיקל דגיל,,שמפו הוואי קרטין מחז,מיליליטרים,700.00,"100 מ""ל",false,1,12.90,1.84,true,1,
7290100921616,false,סוד סבון לאסלה 4 כדוריות בניחוח אורנים 50 ג',הנקל,,סבון אסלה סוד אורנים,גרמים,50.00,100 גרם,false,1,10.90,21.80,true,1,
7290100922569,false,"ולוטה קרם רב שימושי מארז שלישייה*100 מ""ל",,IL,קרם רב שימושי ולוטה,גרמים,240.00,100 גרם,false,1,19.90,8.29,true,1,
7290100924693,false,סבון סוד 4 כדוריות מוצק כחול אקטיבי-אקנומיקה 50ג',,,סוד סבון מוצק כחול א,גרמים,50.00,100 גרם,false,1,11.10,22.20,true,1,
7290100925676,false,קולור קאצ'ר 20 דפים לכביסה,,,קולור קאצר 20 דפים,Unknown,0.00,Unknown,false,1,28.90,28.90,true,1,
7290101112921,false,מאגדת גלידל פרי פירות טרופים 679 גר,,IL,מאגדת גלידל פרי,גרמים,640.00,100 גרם,false,1,27.90,4.36,true,1,
7290101457800,false,12 נרות גמבו צהוב +,,CN,12 נרות גמבו צהוב +,Unknown,1.00,Unknown,false,12,4.50,4.50,true,1,
7290101500131,false,מיקס חסה נספק,חקלאי,IL,מיקס חסה,Unknown,0.00,Unknown,false,1,11.90,11.90,true,1,
7290101500193,false,מיקס חסה - נספק 200,חקלאי,IL,חסה רומית,Unknown,0.00,Unknown,false,1,11.90,11.90,true,1,
7290101500506,false,פטרוזיליה ארוזה,,,פטרוזיליה ארוזה,Unknown,0.00,Unknown,false,1,4.90,4.90,true,1,
7290101500513,false,שמיר ארוז,,,שמיר ארוז,Unknown,0.00,Unknown,false,1,4.90,4.90,true,1,
7290101500520,false,כוסברה ארוזה,,,כוסברה ארוזה,Unknown,0.00,Unknown,false,1,4.90,4.90,true,1,
7290101500537,false,נענע ארוזה,,,נענע ארוזה,Unknown,0.00,Unknown,false,1,4.90,4.90,true,1,
7290101500551,false,סלרי אמריקאי ארוז,חקלאי,IL,סלרי אמריקאי ארוז,Unknown,0.00,Unknown,false,1,7.90,7.90,true,1,
7290101500568,false,שורש סלרי ארוז,חקלאי,IL,סלרי ראש ארוז,Unknown,0.00,Unknown,false,1,5.90,5.90,true,1,
7290101500926,false,תרד ארוז רכות,יושלם,IL,תרד ארוז רכות,Unknown,0.00,Unknown,false,1,12.90,12.90,true,1,
7290101501176,false,פלפל פינקרבל,מ.ע יזמות,IL,פלפל טינקרבל,Unknown,0.00,Unknown,false,1,12.90,12.90,true,1,
7290101501237,false,עגבניות מגי,,,עגבניות מגי,Unknown,0.00,"ק""ג",true,0,19.90,19.90,true,1,
7290101501305,false,מלפפון מיני בייבי אורגני ארוז,חקלאי,IL,מלפפוני טעם,Unknown,0.00,Unknown,false,1,14.90,14.90,true,1,
7290101501589,false,גינגר יחידה 200 גרם,יוליניבר,IL,גינגר טבעי,Unknown,0.00,Unknown,false,1,11.90,11.90,true,1,
7290101551300,false,סילאן טבעי טהור לחיץ יד מרדכי 380 גר,"פוליבה בע""מ",IL,סילאן טבעי לחיץ יד מ,גרמים,700.00,100 גרם,false,1,15.50,2.21,true,1,
7290101551539,false,דנונה פרו 20 ג' חלבון בטעם אפרסק 200 ג',,IL,דנונה פרו 20 גרם חלב,גרמים,200.00,100 גרם,false,1,6.10,3.05,true,1,
7290101551577,false,קוואקר שיבות שועל פחית מארז 2*500 גר',,GB,מ. קוואקר שבולת שועל,גרמים,1000.00,100 גרם,false,1,28.90,2.89,true,1,
7290101551584,false,תפוצ'יפס קידס מארז 10 יח' * 20 ג',"שטראוס פריטו ליי בע""",IL,מארז טפוציפס קידס 10,גרמים,200.00,100 גרם,false,1,16.90,8.45,true,1,
7290101812999,false,כדור תבלינים,,IL,מיני פיין סלמי 350 ג,גרמים,350.00,100 גרם,false,1,34.90,9.97,true,1,
7290101869702,false,"ג 'ל פיניש AIO MAX מרוכז למדיח 600מ""ל",,IL,"גל AIO פיניש 600 מ""",מיליליטרים,600.00,"100 מ""ל",false,1,37.50,6.25,true,1,
7290101952121,false,מקסי מיץ,,IL,פטרוצן עם שומן כבש,גרמים,500.00,100 גרם,false,1,29.90,5.98,true,1,
7290101952176,false,קבנוס ציידים 200 גרם,,,קבנוס ציידים 200 גרם,גרמים,200.00,100 גרם,false,1,26.90,13.45,true,1,
7290101952527,false,לקט בסגנון אסייתי טבעפרוסט 800 גר,,,לקט בסגנון אסייתי טב,גרמים,800.00,100 גרם,false,1,19.80,2.48,true,1,
7290101952558,false,גרעיני תירס קפואים טבעפרוסט 800 גרם,,,גרעיני תירס קפואים,גרמים,800.00,100 גרם,false,1,17.10,2.14,true,1,
7290101952565,false,מחבת מלבני 21X33,,IL,מיני פריזר ילדים,גרמים,400.00,100 גרם,false,1,37.90,9.48,true,1,
7290101952657,false,פטרוצן אמיתי קפוא 700 גרם,,IL,פטרוצן אמיתי קפוא,גרמים,700.00,100 גרם,false,1,56.90,8.13,true,1,
7290101980919,false,מארז שלישיית ביצי שוקולד ממותגים,זאיני,,מארז שלישיית ביצי שו,Unknown,0.00,Unknown,false,1,15.90,15.90,true,1,
7290101982470,false,ממתק רולר 30 מל' בטעמים,יושלם,,ממתק רולר בטעמים,Unknown,0.00,Unknown,false,1,7.20,7.20,true,1,
7290102002801,false,שלישית ביצי שוקולד - לשבור את הקרח,זאיני,,שלישית ביצי שוקולד -,Unknown,0.00,Unknown,false,1,16.90,16.90,true,1,
7290102006441,false,זר יום הולדת לראש עם פרחים-לבן,H.PARTY,CN,זר יום הולדת לראש עם,Unknown,0.00,Unknown,false,24,9.90,9.90,true,1,
7290102030330,false,תפוציפס קראנצ מקסיקני 200 גרם,"שטראוס פריטו ליי בע""",IL,תפוציפס קראנצ מקסיקנ,גרמים,200.00,100 גרם,false,1,10.90,5.45,true,1,
7290102031276,false,"אקטימל תות בננה 8 יח' * 100 מ""ל דנונה",מיוצר עי קונדיטוריית,IL,אקטימל תות בננה,גרמים,850.00,100 גרם,false,1,22.70,2.67,true,1,
7290102032334,false,קפה נמס בטעם וניל 200 ג' עלית,,,קפה נמס וניל 200 גר,גרמים,200.00,100 גרם,false,1,26.90,13.45,true,1,
7290102300822,false,גבינה צ'דר אנגלית כתומה 200 ג',דאולי צ'יסמייקרס,,צדר אנגלית כתומה 200,גרמים,200.00,100 גרם,false,1,25.90,12.95,true,1,
7290102301881,false,גבינת טרטר עשבי תיבול 150 גר,,,גבינת טרטר עשבי תיבו,גרמים,150.00,100 גרם,false,1,25.90,17.27,true,1,
7290102302246,false,גבינת גאודה הולנדית 200 גרם,מיוצר עי קונדיטוריית,NL,גבינת גאודה הולנדית,גרמים,200.00,100 גרם,false,0,24.90,12.45,true,1,
7290102302253,false,גבינת גאודה עיזים 2,מיוצר עי קונדיטוריית,NL,גבינת עיזים 200 גרם,גרמים,200.00,100 גרם,false,1,36.90,18.45,true,1,
7290102302826,false,פילה דג סרדין בשמן זית 120 גרם,,PT,פילה דג סרדין בשמן ז,גרמים,120.00,100 גרם,false,1,14.90,12.42,true,1,
7290102302840,false,"גאודה עיזים פרוסה 150 גרם ""נני """,מיוצר עי קונדיטוריית,NL,גבינת עיזים 150 גרם,גרמים,150.00,100 גרם,false,1,27.90,18.60,true,1,
7290102302864,false,גבינת גאודה פסטו ירוק 200 גרם,הנרי ויליך,NL,גבינת גאודה פסטו ירו,גרמים,200.00,100 גרם,false,1,36.90,18.45,true,1,
7290102303977,false,גוש טונה בשמן זית רוברט 140 גרם,Ramirez,PT,גוש טונה בשמן זית רו,גרמים,140.00,100 גרם,false,1,12.90,9.21,true,1,
7290102390427,false,יוגורט ביו עם קציפת תות 3% שומן 150 ג' מולר,טרה,,יוגורט מולר פרופ בטע,גרמים,150.00,100 גרם,false,1,5.60,3.73,true,1,
7290102390465,false,יוגורט ביו עם קציפת אפרסק ופסיפלורה 3% שומן 150 ג' מולר,טרה,,פרופ אפרסק פסיפלורה,מיליליטרים,150.00,"100 מ""ל",false,1,5.60,3.73,true,1,
7290102390489,false,יוגורט ביו עם קציפת לימון 3% שומן 150 ג' מולר,טרה,,פרופ לימון מולר 150,מיליליטרים,150.00,"100 מ""ל",false,1,5.60,3.73,true,1,
7290102391301,false,"יוגורט ביו 1.7%טבעי מולר 150מ""ל",,,יוגורט מולר טבעי 1.7,מיליליטרים,150.00,"100 מ""ל",false,1,2.80,1.87,true,1,
7290102391325,false,"יוגורט ביו 2.8% טבעי מולר 150מ""ל",טרה,,יוגורט מולר טבעי 2.8,מיליליטרים,150.00,"100 מ""ל",false,1,3.60,2.40,true,1,
7290102391844,false,יוגורט ביו עם קציפת פירות יער3% שומן 150 ג' מולר,טרה,,פרופ מולר פירות יער,גרמים,150.00,100 גרם,false,1,5.60,3.73,true,1,
7290102392094,false,חלב עיזים 4.1% צוריאל 1 ל' קרטון,מילקו תעשיות בעמ,IL,חלב עיזים בקרטון 1ל,מיליליטרים,1000.00,"100 מ""ל",false,1,18.50,1.85,true,1,
7290102392254,false,חלב 1% בקרטון 2 ל' טרה,מילקו תעשיות בעמ,IL,חלב 2 ל 1%,ליטרים,0.00,ליטר,false,1,11.72,11.72,true,1,
7290102393060,false,מיקס יוגורט גליליות וופל קרם אגוזים 170 ג' מולר,טרה,IL,מולר מיקס יוגורט קרמ,גרמים,150.00,100 גרם,false,1,6.50,4.33,true,1,
7290102393169,false,סימפלי פרוט יוגורט תות 3% שומן 150 ג' מולר,טרה,IL,SIMPLY FRUIT מולר בט,מיליליטרים,150.00,"100 מ""ל",false,1,5.60,3.73,true,1,
7290102393176,false,סימפלי פרוט יוגורט אפרסק 3% שומן 150 ג' מולר,מילקו תעשיות בעמ,IL,SIMPLY FRUIT מולר בט,מיליליטרים,150.00,"100 מ""ל",false,1,5.60,3.73,true,1,
7290102393190,false,סימפלי פרוט פירות היער 3% שומן 150 ג' מולר,מילקו תעשיות בעמ,IL,SIMPLY FRUIT מולר בט,מיליליטרים,150.00,"100 מ""ל",false,1,5.60,3.73,true,1,
7290102393268,false,גבינה לבנה 5% שומן 750 ג' טרה,,,גבינה לבנה 5% 750 גר,גרמים,750.00,100 גרם,false,1,14.94,1.99,true,1,
7290102393299,false,יוגורט עיזים לשתייה 3% שומן 500 ג' צוריאל,מיוצר עי קוד יצרן HG,IL,יוגורט עיזים לשתיה 5,גרמים,500.00,100 גרם,false,1,15.90,3.18,true,1,
7290102393855,false,"משק צוריאל יוגורט עיזים אפרסק 3% 140 מ""ל",מחלבת משק צוריאל,,משק צוריאל יוגורט עי,מיליליטרים,140.00,"100 מ""ל",false,1,7.50,5.36,true,1,
7290102393947,false,סימפלי פרוט יוגורט בטעם קיווי 3% שומן 150 ג' מולר,מילקו תעשיות בעמ,IL,SIMPLY FRUIT מולר בט,מיליליטרים,150.00,"100 מ""ל",false,1,5.60,3.73,true,1,
7290102394081,false,מיקס יוגורט קורנפקלס מצופה שוקולד 170 ג' מולר,מילקו תעשייה בעמ,IL,מולר מיקס עם קורנפלק,גרמים,150.00,100 גרם,false,1,6.50,4.33,true,1,
7290102394258,false,עז מה 9% מופחתת שומן צוריאל 180 גר,משק צוריאל,IL,עז מה 9% מופחתת שומן,גרמים,180.00,100 גרם,false,0,25.90,14.39,true,1,
7290102394463,false,נעם גבינה צהובה וואקום 28% 500 גרם,טרה,IL,נעם גבינה צהובה וואק,גרמים,500.00,100 גרם,false,1,30.90,6.18,true,1,
7290102394821,false,"נעם גבינה צהובה דק דק פ""ח 28% 200 גר",מילקו תעשיות בעמ,IL,נעם גבינה צהובה דק ד,גרמים,200.00,100 גרם,false,1,18.90,9.45,true,1,
7290102394845,false,גבינה צהובה דק דקה 9% 200 ג' נעם,מילקו תעשיות בעמ,IL,נעם גבינה צהובה דק ד,גרמים,200.00,100 גרם,false,1,18.90,9.45,true,1,
7290102395101,false,ממרח גבינה ושוקולד שוקי 200 גר,מילקו תעשיות בעמ,IL,ממרח גבינה ושוקולד ש,גרמים,200.00,100 גרם,false,1,12.90,6.45,true,1,
7290102395224,false,יוגורט מולר ביאנקו 1.7% מארז 150X8ג',טרה,,מאגדת שמיניה מולר,גרמים,1200.00,100 גרם,false,1,19.90,1.66,true,1,
7290102395231,false,מולר נטורל 2.8% ביאנקו מאגדת 8 יח' * 150 ג',טרה,,מאגדת שמיניה מולר,גרמים,1200.00,100 גרם,false,1,19.90,1.66,true,1,
7290102395408,false,נעם גבינה צהובה 28% במשקל,,,נעם גבינה צהובה 28%,Unknown,0.00,"ק""ג",true,0,44.79,44.79,true,1,
7290102395415,false,נעם גבינה צהובה 9% במשקל,,,נעם גבינה צהובה 9% ב,Unknown,0.00,"ק""ג",true,0,92.00,92.00,true,1,
7290102395422,false,נעם גבינה צהובה 22% במשקל,,,נעם גבינה צהובה 22%,Unknown,0.00,"ק""ג",true,0,42.58,42.58,true,1,
7290102395446,false,מעדן חלב בטעם וניל עם קצפת 123 ג' טרה,טרה,IL,מעדן מו וניל 123 גר,גרמים,123.00,100 גרם,false,1,3.50,2.85,true,1,
7290102395477,false,מעדן חלב בטעם שוקולד עם קצפת 123 ג' טרה,טרה,IL,מעדן מו שוקולד 123,גרמים,123.00,100 גרם,false,1,3.50,2.85,true,1,
7290102396436,false,מעדן שוקולד 1.5% שומן 125 ג' טרה,,,מעדן מו שוקולד 123 ג,גרמים,123.00,100 גרם,false,1,3.40,2.76,true,1,
7290102396443,false,מעדן וניל 1.5% שומן 125 ג' טרה,,,מעדן מו וניל 123 גר,גרמים,123.00,100 גרם,false,1,3.40,2.76,true,1,
7290102396580,false,מעדן שוקולד ומוס שוקולד 123 ג' טרה,טרה,IL,מעדן מו שוקולד ומוס,גרמים,123.00,100 גרם,false,1,3.50,2.85,true,1,
7290102396597,false,מעדן מוו וניל ומוס שוקולד 123 גר,,,מעדן מוו וניל ומוס ש,גרמים,123.00,100 גרם,false,1,3.50,2.85,true,1,
7290102396665,false,פרוסות גבינה 15% שומן 200 ג' נעם,מילקו תעשיות בעמ,IL,גבינה צהובה נעם דק ד,גרמים,200.00,100 גרם,false,1,18.90,9.45,true,1,
7290102396672,false,זבינה צהובה נעם דק דק 9% 360 גר,,,זבינה צהובה נעם דק ד,גרמים,360.00,100 גרם,false,1,29.90,8.31,true,1,
7290102396719,false,מולר סימפלי פרוט תות 0% 150 ג',טרה,IL,מולר SIMPLY FRUIT תו,גרמים,150.00,100 גרם,false,1,5.60,3.73,true,1,
7290102397204,false,פרוסות גבינה 22% שומן 200 ג' נעם,מילקו תעשיות בעמ,IL,גבינה צהובה נעם דק ד,גרמים,200.00,100 גרם,false,1,18.90,9.45,true,1,
7290102397464,false,יוגורט ביו בתוספת גרעינים אגוזים וחמוציות 170 ג' מולר,טרה,IL,מולר נטורל+ פקאן גרע,גרמים,170.00,100 גרם,false,1,6.50,3.82,true,1,
7290102397600,false,מיקס יוגורט בתוספת שקדים ובוטנים מקורמלים 170 ג' מולר,מילקו תעשייה בעמ,IL,מולר מיקס שקדים ובוט,גרמים,170.00,100 גרם,false,1,6.50,3.82,true,1,
7290102397617,false,מיקס מולר יוגורט און טופ קליק חטיף חום לבן 170ג',טרה,IL,מולר מיקס קליק 170 ג,גרמים,170.00,100 גרם,false,1,6.50,3.82,true,1,
7290102397730,false,פרוסות גבינה אמנטל חצי קשה 30% שומן 200 ג' נעם,טרה,IL,גבינת אמנטל נעם 200,גרמים,200.00,100 גרם,false,1,19.90,9.95,true,1,
7290102397747,false,מוצרלה נעם רכיבים טבעיים 200 גרם,טרה,IL,מוצרלה נעם רכיבים,גרמים,200.00,100 גרם,false,1,20.90,10.45,true,1,
7290102398065,false,חלב 3% וסטהיים בקרטון 2 ל' טרה,טרה,IL,חלב 3% מהדרין 2 ליטר,ליטרים,0.00,ליטר,false,1,12.46,12.46,true,1,
7290102398331,false,חלב מעושר 2% דל לקטוז טרה 1ל',טרה,IL,חלב מועשר דל לקטוז 1,מיליליטרים,1000.00,"100 מ""ל",false,1,8.90,0.89,true,1,
7290102398560,false,שוקו מעושר בבקבוק 1ל' טרה,מילקו תעשיות בעמ,IL,שוקו מועשר טרה 1 ליט,מיליליטרים,1000.00,"100 מ""ל",false,1,13.90,1.39,true,1,
7290102398577,false,"שוקו מועשר בבקבוק פקק 250 מ""ל טרה",מילקו תעשיות בעמ,IL,שוקו מועשר טרה 250 מ,מיליליטרים,250.00,"100 מ""ל",false,1,6.20,2.48,true,1,
7290102398614,false,משקה חלב בטעם בננה 1ל' טרה,מילקו תעשיות בעמ,IL,משקה חלב בננה טרה 1,מיליליטרים,1000.00,"100 מ""ל",false,1,13.90,1.39,true,1,
7290102398782,false,משקה סויה קלאסי משק צוריאל 1 ליטר,ואל סויה,IT,משקה סויה קלאסי משק,ליטרים,0.00,ליטר,false,1,12.90,12.90,true,1,
7290102398836,false,משקה שקדים קלאסי משק צוריאל 1 ליטר,,IT,משקה שקדים קלאסי משק,ליטרים,0.00,ליטר,false,1,15.20,15.20,true,1,
7290102399048,false,פרוסות גבינת קשקבל נעם 200 ג' טרה,טרה,IL,קשקבל נעם 200 גר,גרמים,200.00,100 גרם,false,1,26.90,13.45,true,1,
7290102399635,false,"מולר פרופ יוגורט ביו עם קציפת קוקוס ואננס 150 מ""ל",טרה,IL,מולר פרופ קוקוס,מיליליטרים,150.00,"100 מ""ל",false,1,5.60,3.73,true,1,
7290102399796,false,מעדן יוגורט לבן מועשר בחלבון 200 ג' מולר אקטיב,טרה,IL,מולר אקטיב יוגורט חל,גרמים,200.00,100 גרם,false,1,6.90,3.45,true,1,
7290102399802,false,יוגורט עם תות מולר אקטיב מועשר בחלבון 200 גר',טרה,IL,מולר אקטיב יוגורט חל,גרמים,200.00,100 גרם,false,1,6.90,3.45,true,1,
7290102399819,false,יוגורט עם פירות יער מולר אקטיב מועשר בחלבון 200 גר',טרה,IL,מולר אקטיב יוגורט,גרמים,200.00,100 גרם,false,1,6.90,3.45,true,1,
7290102399857,false,מולר אקטיב יוגורט חלבון תות 0% שומן 200 ג',,IL,מולר אקטיב לייט יוגו,גרמים,200.00,100 גרם,false,1,6.90,3.45,true,1,
7290102611836,false,להבונים בשקית 50 יח,,CN,להבונים בשקית 50 יח,Unknown,1.00,Unknown,false,1,12.50,12.50,true,1,
7290103400231,false,"גזר 400 גר בד""צ ירקות שטראוס",תות תעשיות מזון (201,IL,גזר 400 גר,גרמים,400.00,100 גרם,false,1,10.90,2.73,true,1,
7290103401429,false,קפה קצב ברזילאי אוריגינס 200 גר,הנסיך- מפעל לייצור ט,IL,קפה קצב ברזילאי אורי,גרמים,200.00,100 גרם,false,1,28.90,14.45,true,1,
7290103408206,false,עלי חסה בקופסא 250 גרם ירקות שטראוס,שטראוס בריאות ירקות,IL,עלי חסה שטופים בקופס,גרמים,250.00,100 גרם,false,1,11.90,4.76,true,1,
7290103700195,false,שאפו רדיד אלומיניום צר 30*7.5 2יח',"שניב תעשיות נייר בע""",,טאצ רדיד אלומיניום ק,Unknown,0.00,Unknown,false,12,10.90,10.90,true,1,
7290103700324,false,שאפו זוג שקיות אוכל מתכלות בקרטון 300יח',,,טאצ שקיות אוכל בקרטו,Unknown,0.00,Unknown,false,1,15.90,15.90,true,1,
7290103700393,false,טאצ' כריות יפניות עבות עם תעלות 4 יח',"שניב תעשיות נייר בע""",IL,כריות קרצוף טאצ 4 יח,Unknown,0.00,Unknown,false,1,8.90,8.90,true,1,
7290103701130,false,מטליות מיקרופייבר לניקוי כללי טאצ 7 יח,,,מטליות מיקרופייבר לנ,Unknown,0.00,Unknown,false,1,15.90,15.90,true,1,
7290103702212,false,טאצ' ממחטות כיס עשירייה,"שניב תעשיות נייר בע""",,טאצ ממחטות כיס רגיל,Unknown,0.00,Unknown,false,1,6.50,6.50,true,1,
7290103703226,false,טאצ מטליות לחות לניקוי כללי,,,טאצ מטליות לחות לניק,Unknown,0.00,Unknown,false,1,9.90,9.90,true,1,
7290103703370,false,טאצ מגבוני טואלט לחים מארז שלישייה,,,טאצ מגבוני טואלט לחי,Unknown,0.00,Unknown,false,1,15.90,15.90,true,1,
7290103703899,false,מפיות טאצ' 80 יח' צבעים כהים חד שכבתי,,IL,מפיות טאצ 80 יחידות,Unknown,0.00,Unknown,false,30,6.90,6.90,true,1,
7290103703998,false,טאצ' מגבונים לחים לחיטוי 99.9% אנטיבקטריאלים 50 יח',עלבד,IL,טאצ מגבונים אנטיבקטר,Unknown,0.00,Unknown,false,1,11.90,11.90,true,1,
7290103704155,false,מגבת נייר למטבח טאצ' 6יח',"שניב תעשיות נייר בע""",IL,מגבות טאצ 6 מהדורת 2,Unknown,0.00,Unknown,false,22,10.90,10.90,true,1,
7290103704162,false,נייר טואלט טאצ' פרימיום 32 גלילים,"שניב תעשיות נייר בע""",IL,טואלט טאצ 32 מהדורת,Unknown,0.00,Unknown,false,18,29.90,29.90,true,1,
7290103704568,false,טואלט טאצ 40 מהדורת 2021,,,טואלט טאצ 40 מהדורת,Unknown,0.00,Unknown,false,18,35.90,35.90,true,1,
7290103704759,false,טואלט טאצ 16 כפול פרח סגול,,,טואלט טאצ 16 כפול פר,Unknown,0.00,Unknown,false,1,31.50,31.50,true,1,
7290103746001,false,ממחטות אף טאצ' מארז 100X5יח',"שניב תעשיות נייר בע""",IL,ממחטות חמישיה טאצ,Unknown,0.00,Unknown,false,10,14.90,14.90,true,1,
7290104061417,false,חומוס טחינה אחלה 400 ג',"שטראוס גרופ בע""מ",IL,חומוס טחינה 400 גר,גרמים,400.00,100 גרם,false,1,13.50,3.38,true,1,
7290104065934,false,עלי רוקט 150 גרם שטראוס,שטראוס בריאות ירקות,IL,עלי רוקט 150גר,גרמים,150.00,100 גרם,false,1,10.90,7.27,true,1,
7290104068539,false,גומי מאסט בטעם מלון ואבטיח 28 ג' עלית,"שטראוס גרופ בע""מ",IL,מסטיק MUST LL פליפט,Unknown,0.00,Unknown,false,1,4.90,4.90,true,1,
7290104615214,false,צמחים,,,צמחים,Unknown,0.00,Unknown,false,1,25.00,25.00,true,1,
7290104615238,false,צמחים,,,צמחים,Unknown,0.00,Unknown,false,1,30.00,30.00,true,1,
7290104615252,false,צמחים,,,צמחים,Unknown,0.00,Unknown,false,1,40.00,40.00,true,1,
7290104615276,false,צמחים,,,צמחים,Unknown,0.00,Unknown,false,1,65.00,65.00,true,1,
7290104615290,false,עציצים,,,עציצים,Unknown,0.00,Unknown,false,1,140.00,140.00,true,1,
7290104615306,false,עציצים,,,עציצים,Unknown,0.00,Unknown,false,1,160.00,160.00,true,1,
7290104615344,false,צמחים,,,צמחים,Unknown,0.00,Unknown,false,1,50.00,50.00,true,1,
7290104615412,false,צמחים,,,צמחים,Unknown,0.00,Unknown,false,1,13.00,13.00,true,1,
7290104615436,false,צמחים,,,צמחים,Unknown,0.00,Unknown,false,1,15.00,15.00,true,1,
7290104615498,false,צמחים,,,צמחים,Unknown,0.00,Unknown,false,1,21.00,21.00,true,1,
7290104615641,false,חבילת פרחים,,,חבילת פרחים,Unknown,0.00,Unknown,false,1,34.00,34.00,true,1,
7290104615948,false,צמחים,,,צמחים,Unknown,0.00,Unknown,false,1,55.00,55.00,true,1,
7290104615955,false,עציצים,,,עציצים,Unknown,0.00,Unknown,false,1,60.00,60.00,true,1,
7290104618215,false,צמחים,,,צמחים,Unknown,0.00,Unknown,false,1,65.00,65.00,true,1,
7290104618222,false,צמחים,,,צמחים,Unknown,0.00,Unknown,false,1,70.00,70.00,true,1,
7290104618239,false,צמחים,,,צמחים,Unknown,0.00,Unknown,false,1,75.00,75.00,true,1,
7290104618253,false,צמחים,,,צמחים,Unknown,0.00,Unknown,false,1,85.00,85.00,true,1,
7290104618291,false,צמחים,,,צמחים,Unknown,0.00,Unknown,false,1,105.00,105.00,true,1,
7290104618338,false,צמחים,,,צמחים,Unknown,0.00,Unknown,false,1,125.00,125.00,true,1,
7290104618451,false,עציצים,,,עציצים,Unknown,0.00,Unknown,false,1,80.00,80.00,true,1,
7290104721762,false,מארז קפה טורקי עלית 3*85 גר,,IL,מארז קפה טורקי עלית,גרמים,255.00,100 גרם,false,1,24.90,9.76,true,1,
7290104721953,false,לקט מסולסלים 350 גר ירקות שטראוס,שטראוס בריאות ירקות,IL,לקט מסולסלים 350 גר,גרמים,350.00,100 גרם,false,1,13.90,3.97,true,1,
7290104722530,false,תפוצ'יפס שמנת בצל 200 גרם,"שטראוס פריטו ליי בע""",IL,תפוציפס שמנת בצל 200,גרמים,200.00,100 גרם,false,1,10.90,5.45,true,1,
7290104728310,false,"שמנת עמידה לקצפת 38% שומן 250 מ""ל יוטבתה",מחלבת יטבתה,IL,שמנת עמידה לקצפת 38%,מיליליטרים,250.00,"100 מ""ל",false,1,6.47,2.59,true,1,
7290104729003,false,"יד מרדכי - שמן זית כתית מעולה 2 קלאסי 750 מ""ל",מכוורת יד מרדכי שטרא,IL,שמן זית כתית מעולה י,מיליליטרים,750.00,"100 מ""ל",false,1,34.90,4.65,true,1,
7290104852176,false,נר נשמה בפחית 26 שעות,,,נר נשמה בפחית 26 שעו,Unknown,0.00,Unknown,false,1,2.00,2.00,true,1,
7290104962660,false,"קרליין - נושם דאודורנט ספריי לאישה ללא אלומיניום 200 מ""ל",,,דאודורנט קרליין ספרי,מיליליטרים,200.00,"100 מ""ל",false,1,15.50,7.75,true,1,
7290105360250,false,קפסולות 09 עשיר וארומטי למכונת נספרסו עלית 10יח',הנסיך- מפעל לייצור ט,IL,קפסולות מקיאטו למכונ,גרמים,50.00,100 גרם,false,1,18.90,37.80,true,1,
7290105360755,false,"שמן זית 3 חזק 750 מ""ל יד מרדכי",מכוורת יד מרדכי שטרא,IL,"שמן זית 3 חזק 750 מ""",מיליליטרים,750.00,"100 מ""ל",false,1,37.90,5.05,true,1,
7290105360762,false,"שמן זית 1 עדין 750 מ""ל יד מרדכי",מכוורת יד מרדכי שטרא,IL,שמן זית 1 עדין 750 מ,מיליליטרים,750.00,"100 מ""ל",false,1,37.90,5.05,true,1,
7290105360878,false,מארז תפוציפס טבעי 50 גרם * 4,"שטראוס פריטו ליי בע""",IL,מארז תפוציפס טבעי 50,גרמים,200.00,100 גרם,false,1,13.50,6.75,true,1,
7290105362339,false,"שמנת לבישול 15% 250 מ""ל יטבתה מהדרין",מחלבת יטבתה,IL,שמנת לבישול 15% מהדר,מיליליטרים,250.00,"100 מ""ל",false,1,9.90,3.96,true,1,
7290105363602,false,כיף כף - מקלות קלאסי 40 גרם,"איי, בי, אינבוו",TR,כיף כף מקלות קלאסי 4,Unknown,0.00,Unknown,false,1,5.50,5.50,true,1,
7290105364289,false,כיף כף - מקלות פצפוצים 40 גרם,"איי, בי, אינבוו",TR,כיף כף מקלות פצפוצים,Unknown,0.00,Unknown,false,1,5.50,5.50,true,1,
7290105364302,false,"עלית חטיף שוקולד כיף כף מקלות אגוזים, 40 גרם","איי, בי, אינבוו",TR,כיף כף מקלות אגוזים,גרמים,42.00,100 גרם,false,1,5.50,13.10,true,1,
7290105369130,false,גבינת סימפוניה עם בצל ירוק 200 גרם,"שטראוס בריאות בע""מ",IL,סימפוניה בצל ירוק 3%,גרמים,200.00,100 גרם,false,1,12.90,6.45,true,1,
7290105430458,false,"פלמוליב - תחליב רחצה נטורלס שקדים 750 מ""ל",הנסיך- מפעל לייצור ט,TR,פלמוליב תחליב רחצה ש,מיליליטרים,750.00,"100 מ""ל",false,1,21.90,2.92,true,1,
7290105431868,false,"פלמוליב ספא קוקוס גרגרים נוזלי 500 מ""ל",הנסיך- מפעל לייצור ט,TR,פלמוליב ספא קוקוס,מיליליטרים,500.00,"100 מ""ל",false,1,21.90,4.38,true,1,
7290105436382,false,חטיף מארז פרי אנרגיה תמרים עם קשיו 125,טבעית מוצרים מן הטבע,IL,חטיף מארז פרי אנרגיה,גרמים,125.00,100 גרם,false,1,19.90,15.92,true,1,
7290105438546,false,קוקי נייר אפייה פרימיום 40 יח',,,נייר אפי פרימיום קוק,Unknown,0.00,Unknown,false,1,12.10,12.10,true,1,
7290105439581,false,מנה מאסטר שף חרדל דיזיון צרפתי 370 גר,סאם קווינור,FR,מנה מאסטר שף חרדל די,גרמים,370.00,100 גרם,false,1,12.90,3.49,true,1,
7290105473950,false,יורוקיטי קופסה 5 קג,ביופט,IL,יורוקיטי קופסה 5 קג,קילוגרמים,0.01,"ק""ג",false,1,34.90,3490.00,true,1,
7290105474179,false,מארז מען לה קט פטה מולטיפק 100 גר 4 יח,la normadise sa,FR,מארז מען לה קט פטה מ,גרמים,400.00,100 גרם,false,1,16.90,4.23,true,1,
7290105500151,false,וודקה פינלנדיה בקבוק,"אלטיה קורפ, הלסינקי,",FI,וודקה פינלנדיה 700 מ,מיליליטרים,700.00,"100 מ""ל",false,1,59.90,8.56,true,1,
7290105691224,false,פריכונים חטיפי טורטיה שום בצל 60 ג' אוסם,"מיוצר ע""י PT, משווק",IL,חטיפי פריכונים טורטי,גרמים,60.00,100 גרם,false,1,8.50,14.17,true,1,
7290105691712,false,עוגיות הפסקת קפה חיטה מלאה אסם 230 גר',היינץ צפון אמריקה מק,IL,עוגיות הפסקת קפה חיט,גרמים,200.00,100 גרם,false,1,12.90,6.45,true,1,
7290105693341,false,במבה מארז 10 יח' * 25 ג' אסם,"אסם השקעות בע""מ",IL,מארז במבה 25 גרם 10,גרמים,250.00,100 גרם,false,1,17.90,7.16,true,1,
7290105695024,false,פתיתים אפויים אורז עם אטריות 500 ג' אסם,"אסם השקעות בע""מ",IL,פתיתים אפויים אורז ע,גרמים,500.00,100 גרם,false,1,7.90,1.58,true,1,
7290105695321,false,עוגת שוקולד בראוניז פאדג' 380 ג',מיוצר עי קונדיטוריית,IL,עוגת בראוניס פרג 380,גרמים,380.00,100 גרם,false,1,18.90,4.97,true,1,
7290105963864,false,חזרת אחלה 220 גרם,"שטראוס גרופ בע""מ",IL,חזרת אחלה 220 גר,גרמים,220.00,100 גרם,false,1,13.90,6.32,true,1,
7290105966469,false,"חומץ בלסמי יד מרדכי 250מ""ל",אצטייה ג'וזפה קרמוני,IT,חומץ בלסמי יד מרדכי,מיליליטרים,250.00,"100 מ""ל",false,1,16.90,6.76,true,1,
7290105999054,false,ג'ו - קפסולות קרים אלומיניום תערובת אולטרא,,IL,קפה קרים תערובת אולט,גרמים,55.00,100 גרם,false,1,16.90,30.73,true,1,
7290105999290,false,קפה קרים תערובת קרמל קפסולות 10*5.5 גרם,,IL,קפה קרים תערובת קרמל,גרמים,55.00,100 גרם,false,1,16.90,30.73,true,1,
7290105999306,false,ג'ו - קפסולות קרים אלומיניום תערובת ג'ו,,IL,קפה קרים תערובת גו ק,גרמים,55.00,100 גרם,false,1,16.90,30.73,true,1,
7290105999535,false,"פחית קפה קר גו 250 מ""ל",,IL,פחית קפה קר גו 250 מ,מיליליטרים,250.00,"100 מ""ל",false,1,6.90,2.76,true,1,
7290106520066,false,רבע לשבע וופל שוקולד 120 גרם,הגביע מוצרי וופלים ב,IL,אצבעות וופל רבע לשבע,גרמים,160.00,100 גרם,false,1,12.90,8.06,true,1,
7290106524439,false,תפוצ'יפס טבעי פופס 60גר',"שטראוס פריטו ליי בע""",IL,תפוציפס פופס 60 גרם,גרמים,60.00,100 גרם,false,1,4.30,7.17,true,1,
7290106525399,false,קפסולות 06 ברזיל למכונות נספרסו עלית 10יח',הנסיך- מפעל לייצור ט,IL,קפסולות ברזיל 06 למכ,גרמים,50.00,100 גרם,false,1,18.90,37.80,true,1,
7290106526822,false,פריכיות אורז עם תחתית שוקולד חלב 80 ג' אנרגי,"טחנת האבן תעשיות בע""",IL,פריכיות אנרגי תחתית,גרמים,80.00,100 גרם,false,1,8.90,11.13,true,1,
7290106528567,false,חטיף דוריטוס גריל 185 גרם,הנסיך- מפעל לייצור ט,IL,חטיף דוריטוס גריל 18,גרמים,185.00,100 גרם,false,1,8.40,4.54,true,1,
7290106528949,false,לקט ערוגות 450 גרם ש,שטראוס בריאות ירקות,IL,לקט ערוגות,Unknown,0.00,Unknown,false,1,12.90,12.90,true,1,
7290106571792,false,קרחון ענבים ויטמנציק נסטלה,גלידות נסטלה (נגה גל,IL,ויטמינציק ענבים 80 ג,גרמים,80.00,100 גרם,false,1,2.80,3.50,true,1,
7290106573314,false,אוסם - קריספי טאפאס כפרי 150 גרם,מיוצר עי קונדיטוריית,IL,קריספי טאפאס פיזורים,גרמים,150.00,100 גרם,false,1,16.50,11.00,true,1,
7290106573598,false,חומוס צבר לבנוני 400 ג',סלטי צבר,IL,חומוס לבנוני 400 גרם,גרמים,400.00,100 גרם,false,1,15.50,3.88,true,1,
7290106574953,false,בייגלה אסם שטוחים שומשום 300 גר,מיוצר עי קונדיטוריית,IL,בייגלה שטוחים שומשום,גרמים,300.00,100 גרם,false,1,11.90,3.97,true,1,
7290106574977,false,בייגלה שטוחים עם מלח 300 ג' אסם,מיוצר עי קונדיטוריית,IL,בייגלה שטוחים עם מלח,גרמים,300.00,100 גרם,false,1,11.90,3.97,true,1,
7290106575257,false,עוגת הבית סופלה בטעם שוקולד 340 ג' אסם,מיוצר עי קונדיטוריית,IL,עוגת סופלה בטעם שוקו,גרמים,340.00,100 גרם,false,1,13.40,3.94,true,1,
7290106576513,false,סלט חומוס צבר 400 גר,סלטי צבר,IL,חומוס חלק 400 גרם,גרמים,400.00,100 גרם,false,1,11.50,2.88,true,1,
7290106577541,false,כרוב אדום מרובע 400 ג' צבר,סלטי צבר,IL,סלט כרוב אדום 400 גר,גרמים,400.00,100 גרם,false,1,14.50,3.63,true,1,
7290106578692,false,אוסם - במבה ביסלי מיקס 80 גרם,פרו מן יו פתרונות אר,IL,ביסלי במבה גריל מיקס,גרמים,80.00,100 גרם,false,1,4.90,6.13,true,1,
7290106578821,false,הבית עוגת שמרים קלאסית בטעם שוקולד 350גר,מיוצר עי קונדיטוריית,IL,עוגת הבית שמרים שוקו,גרמים,350.00,100 גרם,false,1,18.90,5.40,true,1,
7290106653689,false,לקט לסלט בסגנון אסייתי,תות תעשיות מזון (201,IL,לקט לסלט אסייתי 350,גרמים,350.00,100 גרם,false,1,12.90,3.69,true,1,
7290106658479,false,וופל טורטית שוקלד מגדים 40ג',"שטראוס גרופ בע""מ",IL,טורטית מגדים 40 גרם,גרמים,40.00,100 גרם,false,1,4.50,11.25,true,1,
7290106663121,false,עוגה אישית מילקי 34 גר CAKE,בובארד איטליה אס.פי.,IT,עוגה אישית מילקי 34,גרמים,34.00,100 גרם,false,1,3.30,9.71,true,1,
7290106663503,false,קונפיטורה תות לייט יד מרדכי 250 ג',אף.סי תבליני בגליל ב,IL,קונפיטורת לייט תות 2,גרמים,230.00,100 גרם,false,1,15.90,6.91,true,1,
7290106666788,false,עלית - סוכריות נוסטלגיה דבש ממולאות 80 גרם,פלזנסקי,PL,סוכריות נוסטלגיה דבש,גרמים,80.00,100 גרם,false,1,7.50,9.38,true,1,
7290106667266,false,חטיף דוריטוס חמוץ חריף 185 גרם,הנסיך- מפעל לייצור ט,IL,חטיף דוריטוס חמוץ חר,גרמים,185.00,100 גרם,false,1,8.40,4.54,true,1,
7290106668577,false,"מיץ לימון טבעי יד מרדכי 250 מ""ל",האי נאם סי או אל.טי.,IT,"מיץ לימון 250 מ""ל יד",מיליליטרים,250.00,"100 מ""ל",false,1,9.50,3.80,true,1,
7290106669857,false,קפסולות 06 אספרסו בטעם וניל עלית 10יח',הנסיך- מפעל לייצור ט,IL,קפסולות אספרסו בטעם,גרמים,50.00,100 גרם,false,1,18.90,37.80,true,1,
7290106721920,false,צנצנת מסטיק מאסט בטעם ספירמינט עדין 66 ג' עלית,"שטראוס גרופ בע""מ.",IL,צנצנת מסטיקים ספירמי,Unknown,0.00,Unknown,false,1,11.50,11.50,true,1,
7290106723689,false,עלי תרד בייבי שטראוס 200 גרם,שטראוס בריאות ירקות,IL,תרד בייבי 200 גר,גרמים,200.00,100 גרם,false,1,12.90,6.45,true,1,
7290106725874,false,"סירופ מייפל טהור יד מרדכי 236 מ""ל",,IL,סירופ מייפל טבעי 236,מיליליטרים,236.00,"100 מ""ל",false,1,52.50,22.25,true,1,
7290106727984,false,כיף כף פצפוצים ושוקולד 135 ג',שולן צ'יקולטה גידה ס,TR,כיף כף גביע פצפצים 1,גרמים,135.00,100 גרם,false,1,11.90,8.81,true,1,
7290107280709,false,"סנו ספארק נוזל הברקה למדיח 700 מ""ל","סנו מפעלי ברונוס בע""",IL,נוזל הברקה למדיח סנו,מיליליטרים,900.00,"100 מ""ל",false,1,16.90,1.88,true,1,
7290107645584,false,אבקת מרק עוף אמיתי רכיבים טיבעיים קנור 400ג',יוניליוור ישראל מזון,IL,מרק עוף אמיתי רכיבים,גרמים,400.00,100 גרם,false,1,25.90,6.48,true,1,
7290107645591,false,אבקת מרק טעם עוף רכביים טבעיים קנור 400ג',יוניליוור ישראל מזון,IL,מרק טעם עוף קנור רכי,גרמים,400.00,100 גרם,false,1,20.90,5.23,true,1,
7290107646062,false,אבקת מרק בצל רכיבים טבעיים קנור 400 ג',יוניליוור ישראל מזון,IL,קנור מרק בצל רכיבים,גרמים,400.00,100 גרם,false,1,27.20,6.80,true,1,
7290107646154,false,חטיף דגנים קוקומן פצפוצים טעם שוקו שישיה* 21 ג',יוניליוור ישראל מזון,IL,מאגדת קוקומן פצפוצים,גרמים,126.00,100 גרם,false,1,14.90,11.83,true,1,
7290107646383,false,מט.לחות לניקוי רצפות בניחוח לימון סיף 10,עלבד משואות יצחק בעמ,IL,מט.לחות לניקוי רצפות,Unknown,0.00,Unknown,false,1,16.90,16.90,true,1,
7290107646826,false,מאגדת פתיתי תירס שוקולד 6 יחידות 156 גרם,יוניליוור ישראל מזון,IL,מאגדת פתיתי תירס שוק,גרמים,156.00,100 גרם,false,1,14.90,9.55,true,1,
7290107646833,false,חטיף שוגי שוקולד לבן וחלב מארז 6 יח' * 23 ג',יוניליוור ישראל מזון,IL,מאגדת פצפוצי שוקולד,גרמים,138.00,100 גרם,false,1,14.90,10.80,true,1,
7290107646895,false,רוטב עגבניות לפסטה נפוליטנה 415 ג' קנור,קונסורזיו קאסאלאסקו,IT,קנור רוטב נפוליטנה 4,גרמים,415.00,100 גרם,false,1,13.90,3.35,true,1,
7290107646918,false,רוטב עגבניות ופלפלים לשקשוקה 415 ג' קנור,קונסורזיו קאסאלאסקו,IT,קנור רוטב שקשוקה 415,גרמים,415.00,100 גרם,false,1,13.90,3.35,true,1,
7290107646963,false,ממרח ספייסי מיו תלמה 250 גרם,,,ממרח ספייסי מיו תלמה,גרמים,250.00,100 גרם,false,1,9.90,3.96,true,1,
7290107647359,false,דומסטוס סבון אסלה 5 הפועלות בניחות אוקיינוס 3 יח' * 55 ג',יוניליוור פולין,PL,ס.לאסלה דומסטוס בניח,מיליליטרים,165.00,"100 מ""ל",false,1,24.20,14.67,true,1,
7290107647816,false,"דגני ברנפלקס ללא תוספת סוכר 500 גרם בד""צ",יוניליוור ישראל מזון,IL,דגני ברנפלקס ללא תוס,גרמים,500.00,100 גרם,false,1,25.90,5.18,true,1,
7290107647854,false,"שוגי מופחת סוכר תלמה 500 ג' בד""צ",יוניליוור ישראל מזון,IL,שוגי 20% פחות סוכר 5,גרמים,500.00,100 גרם,false,1,26.50,5.30,true,1,
7290107648943,false,ברנפלקס קרנצים מייפל 375 ג' תלמה,יוניליוור שפע ישראל,IL,דגנים בטעם מייפל ללת,גרמים,375.00,100 גרם,false,1,24.90,6.64,true,1,
7290107648974,false,קנור רוטב עם בזיליקום לפסטה 415 גרם,,,קנור רוטב עם בזיליקו,גרמים,415.00,100 גרם,false,1,13.90,3.35,true,1,
7290107648981,false,רוטב עגבניות קלאסי פומודורו 415 ג' קנור,מיוצר עי קונסורזייו,IT,קנור רוטב פומודורו 4,גרמים,415.00,100 גרם,false,1,13.90,3.35,true,1,
7290107649094,false,בייגלה מקלות ארוכים שומשום ב.בייגל 150 גר',,,ביג ביג מקלות ארוכים,גרמים,150.00,100 גרם,false,1,7.50,5.00,true,1,
7290107649100,false,בייגלה טבעות שומשום 300 גר',בייגל את בייגל מזון,IL,בייגלה טבעות 300 גרם,גרמים,300.00,100 גרם,false,1,13.90,4.63,true,1,
7290107649605,false,קליק שוקולד חלב עם קורנפלקס ופצפוצים,מיוצר עי קונדיטוריית,IL,קליק שוקולד חלב עם ק,גרמים,85.00,100 גרם,false,1,7.90,9.29,true,1,
7290107870047,false,"טילון אקסטרים מטבע ענק בראוניז, 115 ג'",תות תעשיות מזון (201,IL,אקסטרים טילון בראוני,גרמים,115.00,100 גרם,false,1,11.00,9.57,true,1,
7290107871990,false,פסטה צינורות 500 גר אסם,פסטה זארה,IT,פסטה צינורות 500 גר,גרמים,500.00,100 גרם,false,1,6.50,1.30,true,1,
7290107874427,false,אוסם - מיני פריכונים זעתר 25 גרם,,IL,פריכונים מיני זעתר 2,גרמים,25.00,100 גרם,false,1,4.90,19.60,true,1,
7290107874441,false,פריכונים מיני בצל מקורמל 25 גרם אסם,"מיוצר ע""י PT, משווק",IL,פריכונים מיני בצל מק,גרמים,25.00,100 גרם,false,1,4.90,19.60,true,1,
7290107875820,false,קרוטונים אפויים בתיבול ביתי אוסם 180 ג',עינת תעשיות,IL,קרוטונים אפויים בתיב,גרמים,180.00,100 גרם,false,1,14.50,8.06,true,1,
7290107879699,false,שלגון לה פרוטה מנגו נסטלה 70ג',המאפיה של הרמן,IL,גלידה לה פרוטה מנגו,Unknown,0.00,Unknown,false,1,6.90,6.90,true,1,
7290107932080,false,חלב מועשר יוטבתה בבקבוק 3% 1 ליטר,מחלבת יטבתה,IL,חלב מועשר יוטבתה בבק,מיליליטרים,1000.00,"100 מ""ל",false,1,7.90,0.79,true,1,
7290107932134,false,חלב מועשר יוטבתה בבקבוק 1% 1 ליטר,מחלבת יטבתה,IL,חלב מועשר יוטבתה בבק,מיליליטרים,1000.00,"100 מ""ל",false,1,7.90,0.79,true,1,
7290107933155,false,הירק של מוטקה סלנובה,שטראוס בריאות ירקות,IL,לקט סלנובה 200 גר,גרמים,200.00,100 גרם,false,1,13.90,6.95,true,1,
7290107936309,false,דנונה יוגורט 7% יווני לבן 130 ג',"שטראוס בריאות בע""מ",IL,דנונה יווני לבן 5.8%,גרמים,120.00,100 גרם,false,1,3.50,2.92,true,1,
7290107936958,false,עד חצות ביסקוויט אצבעות שוקולד 125 גרם,הדקלאים אגודת שיתופי,FR,אצבעות עד חצות עם ש,גרמים,125.00,100 גרם,false,1,12.90,10.32,true,1,
7290107936965,false,עיגולים עד חצות עם שוקולד חלב 225 גר,ביסקווטרי עוגיות סנט,FR,עיגולים עד חצות עם,גרמים,225.00,100 גרם,false,1,14.80,6.58,true,1,
7290107937627,false,צנצנת מסטיק מאסט קוביות ספירמינט 58 ג' עלית,אסקום קונפקשיין,DE,צנצנת קוביות ספירמינ,Unknown,0.00,Unknown,false,1,11.50,11.50,true,1,
7290107937634,false,צנצנית מסטיק מאסט קוביות פפירמינט 58 ג' עלית,אסקום קונפקשיין,DE,צנצנת קוביות פפירמינ,Unknown,0.00,Unknown,false,1,11.50,11.50,true,1,
7290107937641,false,מסטיק בצנצנת קוביות בזוקה 58 ג',אסקום קונפקשיין,DE,צנצנת קוביות בזוקה 5,Unknown,0.00,Unknown,false,1,11.50,11.50,true,1,
7290107938396,false,"אקטימל משקה פרוביוטי תות 100X8 מ""ל",מיוצר עי קונדיטוריית,IL,שמיניית אקטימל תות 8,גרמים,864.00,100 גרם,false,1,22.70,2.63,true,1,
7290107941273,false,חומוס מבושל שטראוס 4,הורקסה לס לגונס דה ס,IL,חומוס מבושל,גרמים,475.00,100 גרם,false,1,11.90,2.51,true,1,
7290107943369,false,קוואקר שיבולת שועל ללא גלוטן 511 גר,היידי שוקולד בירונטי,US,קוואקר שיבולת שועל ל,גרמים,511.00,100 גרם,false,1,19.90,3.89,true,1,
7290107944472,false,סימפוניה שום שמיר 5% 200 ג' שטראוס,"שטראוס בריאות בע""מ",IL,סימפוניה שום שמיר 5%,גרמים,200.00,100 גרם,false,1,12.90,6.45,true,1,
7290107945165,false,קונפיטורת יד מרדכי משמש 340 גר,אף.סי תבליני בגליל ב,IL,קונפיטורת יד מרדכי,גרמים,340.00,100 גרם,false,1,15.90,4.68,true,1,
7290107951111,false,בפלות לימון ארוך עלית 200ג',"א.ג. גילרו בע""מ",IL,בפלות לימון 200 גרם,גרמים,200.00,100 גרם,false,1,6.20,3.10,true,1,
7290107951715,false,צנצנת מסטיק מאסט קוביות בטעם ענבים 58 ג' עלית,אסקום קונפקשיין,IL,מאסט צנצנת קוביות ענ,Unknown,0.00,Unknown,false,1,11.50,11.50,true,1,
7290107953559,false,קפה טורקי עלית לדרך שקיות 24X7ג',הנסיך- מפעל לייצור ט,IL,מארז טורקי לדרך 168,גרמים,168.00,100 גרם,false,1,19.90,11.85,true,1,
7290107954709,false,קונפיטורת פירות יער 340 גר יד מרדכי,,,קונפיטורת פירות יער,גרמים,340.00,100 גרם,false,1,15.90,4.68,true,1,
7290107954976,false,"משקה יטבתה חלבון פרו קפה 350מ""ל",מחלבת יטבתה,DE,משקה פרו קפה יטבתה 3,מיליליטרים,350.00,"100 מ""ל",false,1,7.20,2.06,true,1,
7290107956642,false,"תרסיס שמן זית יד מרדכי 150 מ""ל",פארייפאבה אגרואינדוס,ES,תרסיס שמן זית יד מרד,מיליליטרים,150.00,"100 מ""ל",false,1,19.90,13.27,true,1,
7290107956901,false,קפסולות בטעם אגוזים למכונות נספרסו 50 גר,,,קפסולות בטעם אגוזים,גרמים,50.00,100 גרם,false,1,18.90,37.80,true,1,
7290107957069,false,"צנצנת עלמה בטעם אוכמניות לל""ס 66 גרם","שטראוס גרופ בע""מ",IL,צנצנת עלמה בטעם אוכמ,Unknown,0.00,Unknown,false,1,11.50,11.50,true,1,
7290107957229,false,שוקולד צ'יפס מריר מעולה לאפיה עלית 250 ג',"פוליבה בע""מ",IL,נטיפי שוקולד ציפס מר,גרמים,130.00,100 גרם,false,1,13.90,10.69,true,1,
7290107973038,false,"פלמוליב סבון ידיים אקווריום 300 מ""ל",הנסיך- מפעל לייצור ט,IT,פלמוליב סבון ידיים א,מיליליטרים,300.00,"100 מ""ל",false,1,12.90,4.30,true,1,
7290107973311,false,קולגייט מברשת שיניים 360 פחם זהב זוג,הנסיך- מפעל לייצור ט,,קולגייט מברשת שיניים,Unknown,0.00,Unknown,false,1,38.50,38.50,true,1,
7290107973861,false,מאסטר שף - עגבניות קצוצות דק שלישיה 400 גרם * 3,קונסרזיו קאסאלאסקו ד,IT,מנה עגבניות קצוצות ד,קילוגרמים,0.00,"ק""ג",false,1,18.80,18.80,true,1,
7290107974073,false,מנה עלי טורטיה קמח לבן מ.שף 20 סמ 320 גר,הנסיך- מפעל לייצור ט,DE,מנה עלי טורטיה קמח ל,גרמים,320.00,100 גרם,false,1,11.90,3.72,true,1,
7290107974080,false,מנה עלי טורטיה קמח לבן מ.שף 25 סמ 840 גר,הדקלאים אגודת שיתופי,DE,מנה עלי טורטיה קמח ל,גרמים,840.00,100 גרם,false,1,18.90,2.25,true,1,
7290107974806,false,"מאסטר שף - אורז בסמטי 1 ק""ג",,,"מנה אורז בסמטי 1 ק""ג",גרמים,1000.00,100 גרם,false,1,14.90,1.49,true,1,
7290107976848,false,רביעיית פלמוליב סבון מוצק קמומיל,,,סבון מוצק פלמוליב קמ,Unknown,0.00,Unknown,false,1,22.50,22.50,true,1,
7290107978330,false,מאסטר שף איטריות דקות 400 גרם,הדקלאים אגודת שיתופי,PL,מאסטר שף איטריות דקו,גרמים,400.00,100 גרם,false,1,6.90,1.73,true,1,
7290107978453,false,קראנצו'ס גריל 55 גרם,,,קראנצוס גריל 55 גרם,גרמים,55.00,100 גרם,false,1,3.90,7.09,true,1,
7290108076226,false,תותח קונפטי גנרי כוכ,,,תותח קונפטי גנרי כוכ,Unknown,0.00,Unknown,false,1,9.90,9.90,true,1,
7290108076561,false,בקבוק שתייה עם פיה נסגרת ורוד 600 מל,,,בקבוק שתייה עם פיה נ,Unknown,0.00,Unknown,false,1,19.90,19.90,true,1,
7290108076844,false,בוקט 8 סוכריות על מקל הנוקמים 64 גר,,CN,בוקט 8 סוכריות על מק,Unknown,0.00,Unknown,false,1,9.90,9.90,true,1,
7290108350203,false,סנו סושי כריות קרצוף ללכלוך 6 יח',UFO,US,סקוטש ברייט+ספוג 6 י,Unknown,0.00,Unknown,false,1,12.90,12.90,true,1,
7290108351156,false,סנו - ג'ט לניקוי כללי ורצפות בתוספת חומץ 1.5 ליטר,"סנו מפעלי ברונוס בע""",IL,נוזל לנ.כללי ורצפות+,ליטרים,0.00,ליטר,false,1,13.90,13.90,true,1,
7290108351576,false,"אוקסיג'ן אבקה להסרת כתמים 1.5 ק""ג סנו",,IL,אבקה סנו אוקסיגן 1.5,קילוגרמים,0.00,"ק""ג",false,1,26.90,26.90,true,1,
7290108351781,false,"ג'ט פלוס סנו לניקוי אסלות בניחוח הדרים 750 מ""ל","סנו מפעלי ברונוס בע""",IL,נוזל ניקוי אסלות סנו,מיליליטרים,750.00,"100 מ""ל",false,1,15.00,2.00,true,1,
7290108352153,false,גל ניקוי אסלות סנובון לוטוס וסחלב 750 מל,מיוצר עי קונדיטוריית,IL,סנובון מוצק בניחוח ל,מיליליטרים,0.00,"100 מ""ל",false,1,12.90,12.90,true,1,
7290108352276,false,מטליות לחיטוי ולניקוי רצפות 99.9% 10 יח' סנו,"סנו מפעלי ברונס בע""מ",IL,מטליות לחות לריצפה ר,Unknown,0.00,Unknown,false,1,18.90,18.90,true,1,
7290108352290,false,שלישיית מטליות לחיטוי ולניקוי לחדר האמבטיה,מיוצר עי קונדיטוריית,IL,מטליות לחות לאמבטיה,Unknown,0.00,Unknown,false,1,27.50,27.50,true,1,
7290108352825,false,ספוג הפלא נירוסטה סנו סושי 3יח',s.k.a.t ltdסנו מפעלי,CN,ספוג הפלא נירוסטה סנ,Unknown,0.00,Unknown,false,1,13.50,13.50,true,1,
7290108356861,false,מגבוני בייבי כיף ללא בישום מארז חמישייה,,,מגבונים בייבי כיף חמ,Unknown,0.00,Unknown,false,1,22.90,22.90,true,1,
7290108357271,false,"ג'ל לניקוי אסלות עם כח אסלות 750 מ""ל סנו",סנו,IL,סנובון מוצק בניחוח כ,מיליליטרים,0.00,"100 מ""ל",false,1,12.90,12.90,true,1,
7290108357295,false,"סנו - אוקסיג'ן פאוור מרסס להסרת כתמים 750 מ""ל",סנו,IL,סנו אוקסיגן מסיר כתמ,מיליליטרים,750.00,"100 מ""ל",false,1,20.90,2.79,true,1,
7290108357301,false,"סנו - K300 קוטל חרקים תיקנים ונמלים 300 מ""ל","סנו מפעלי ברונוס בע""",IL,"K-300 סנו 300 מ""ל",מיליליטרים,300.00,"100 מ""ל",false,1,14.90,4.97,true,1,
7290108357882,false,"כיף - מרכך לחות מוגברת עם אפרסק וחמאת מורומורו 700 מ""ל",קוסמופארם,IL,מרכך כיף לחות מוגברת,מיליליטרים,700.00,"100 מ""ל",false,1,14.30,2.04,true,1,
7290108501360,false,גבינת צ'דר בשלה MATURED ORANGE,,,גבינת צדר בשלה 200 ג,גרמים,200.00,100 גרם,false,1,21.90,10.95,true,1,
7290108501407,false,גבינת צדר מיושנת 200 גרם,וויקה פארמס אל.טי.די,GB,גבינת צדר מיושנת 200,גרמים,200.00,100 גרם,false,1,21.90,10.95,true,1,
7290108501988,false,חטיף שקדים וחמוציות הפי נוטס מארז 35X4ג',פודס,GR,הפי נוטס חטיף שקדים,גרמים,140.00,100 גרם,false,1,13.90,9.93,true,1,
7290108502329,false,רביעית טונה בשמן זית וילי פוד 4*160 גר,,TH,רביעית טונה בשמן זית,גרמים,640.00,100 גרם,false,1,28.90,4.52,true,1,
7290108502763,false,גבינת קממבר 200 גרם,,FR,גבינה קממבר 200 גר,גרמים,200.00,100 גרם,false,1,21.90,10.95,true,1,
7290108502862,false,מלפפון כבושים במלח 18-25 קטנים מאוד 600 ג',,,מלפפונים כבושים במלח,גרמים,600.00,100 גרם,false,1,10.90,1.82,true,1,
7290108503067,false,פרמז'נו משולש 150 גרם,,,פרמזנו משולש 150 גרם,גרמים,150.00,100 גרם,false,1,17.70,11.80,true,1,
7290108505153,false,יוגורט בטעם טבעי 2% שומן 150 ג',,GR,יוגורט בטעם טבעי,גרמים,150.00,100 גרם,false,1,6.60,4.40,true,1,
7290108505160,false,יוגורט עם אגסים 4% שומן 150 גרם,,GR,יוגורט עם אגסים 4% ש,גרמים,150.00,100 גרם,false,1,6.60,4.40,true,1,
7290108505207,false,יוגורט ען אוכמניות 0% שומן 150 גרם,דלתא,GR,יוגורט עם אוכמניות,גרמים,150.00,100 גרם,false,1,6.60,4.40,true,1,
7290108505733,false,צמות - גבינה חצי קשה 25% שומן 200 ג',,TR,גבינה צמות חצי קשה,גרמים,200.00,100 גרם,false,0,16.90,8.45,true,1,
7290108505740,false,גבינת קשקבל חצי קשה25% שומן 200גר,,TR,גבינת קשקבל חצי קשה,גרמים,200.00,100 גרם,false,0,16.90,8.45,true,1,
7290108506532,false,גליליות וופל במילוי קרם בטעם אגוזי לוז 400ג' ויליפוד,,GR,גלילי וופל וקרם אגוז,גרמים,400.00,100 גרם,false,1,17.90,4.48,true,1,
7290108506815,false,גליליות וופל במילוי קרם קרמל מלוח 400ג' ויליפוד,,GR,גלילי וופל וקרם קרמל,גרמים,400.00,100 גרם,false,1,17.90,4.48,true,1,
7290108507065,false,גבינת פרמג'יאנו רג'יאנו מגורדת 100 גרם,זנאתי,IT,גבינת פרמגיאנו רגיאנ,גרמים,100.00,100 גרם,false,1,17.60,17.60,true,1,
7290108507072,false,שבבי גבינת גרנה פדנו 100 גרם,זנאתי,IT,שבבי גבינת גרנה פדנו,גרמים,100.00,100 גרם,false,1,12.00,12.00,true,1,
7290108507645,false,ביסקוויט פריך בשוקולד מריר 100 גרם,,TR,ביסקויט פריך בשוקולד,גרמים,100.00,100 גרם,false,1,6.90,6.90,true,1,
7290108508765,false,קונכיות פתיתים 400 גרם,,TR,קונכיות פתיתים 400גר,גרמים,400.00,100 גרם,false,1,6.90,1.73,true,1,
7290108509090,false,גבינה מותכת משולשים 14% שומן יורו 200 ג',,,גבינה מותכת משולשים,גרמים,200.00,100 גרם,false,1,18.20,9.10,true,1,
7290108509113,false,גבינה בולגרית מעודנת 18% שומן יורו 250 ג',,TR,גבינה בולגרית מעודנת,גרמים,250.00,100 גרם,false,1,12.90,5.16,true,1,
7290108509205,false,ויליפוד חטיף אורז אפוי לתינוקות טבעי 50 גרם,,TH,חטיף אורז אפוי טבעי,גרמים,50.00,100 גרם,false,1,12.90,25.80,true,1,
7290108509212,false,ויליפוד חטיף אורז אפוי לתינוקות ירקות 50 גרם,,TH,חטיף אורז אפוי טעם י,גרמים,50.00,100 גרם,false,1,12.90,25.80,true,1,
7290108509229,false,ויליפוד חטיף אורז אפוי לתינוקות בננה 50 גרם,,TH,חטיף אורז אפוי טעם ב,גרמים,50.00,100 גרם,false,1,12.90,25.80,true,1,
7290108509700,false,"אורז פרסי DAAWAT 1 ק""ג",אל טי פוד,IN,"אורז פרסי 1 ק""ג DAAW",גרמים,1000.00,100 גרם,false,1,11.40,1.14,true,1,
7290108509755,false,גבינה חלומי 250 גרם 23% שומן,,קפריסין,גבינה חלומי 250 גרם,גרמים,250.00,100 גרם,false,1,24.90,9.96,true,1,
7290108509793,false,גליליות וופל במילוי קרם שוקולד מריר 400 גרם,,GR,גלילי וופל במילוי שו,גרמים,400.00,100 גרם,false,1,17.90,4.48,true,1,
7290108509922,false,מנת השף איטריות להכנה מהירה בטעם עוף 85 גרם,,TH,אטריות להכנה מהירה ב,גרמים,85.00,100 גרם,false,1,3.90,4.59,true,1,
7290109351025,false,חומוס צבר מלך חומוס טחינה חלק 400ג',סלטי צבר,IL,מלך חומוס חומוסטחינה,גרמים,400.00,100 גרם,false,1,17.60,4.40,true,1,
7290109353494,false,פסטה פרפקטו פארפאלה 500ג' אסם,פסטה זארה,IT,פרפקטו פארפאלה 500,גרמים,500.00,100 גרם,false,1,8.30,1.66,true,1,
7290109354972,false,אוסם - פתי בר וניל חלבי ללא גלוטן 200 גרם,מיוצר עי קונדיטוריית,IL,פתי בר ללא גלוטן קלא,גרמים,200.00,100 גרם,false,1,12.00,6.00,true,1,
7290109358765,false,דגני בוקר קראנץ' רולס נוגט 450 גרם,"אסם השקעות בע""מ",IL,קראנץ רולס 450 גרם,גרמים,450.00,100 גרם,false,1,27.90,6.20,true,1,
7290109580036,false,"שניצל תירס 1.25 ק""ג זוגלובק",,,"שניצל תירס 1.25 ק""ג",גרמים,1250.00,100 גרם,false,1,39.90,3.19,true,1,
7290109580241,false,נאגטס מן הצומח זוגלובק 500 גרם,זוגלובק,IL,נאגטס מן הצומח זוגלו,גרמים,500.00,100 גרם,false,1,29.90,5.98,true,1,
7290109580449,false,סלמי בטעם כמהין פרימיום 180 ג' זוגלובק,זוגלובק,IL,סלמי בטעם כמהין 180,גרמים,160.00,100 גרם,false,1,23.90,14.94,true,1,
7290109640198,false,מגורדת לפיצה ואפיה 20% שומן משומשו 200 ג,,IL,מגורדת לפיצה ואפיה 2,גרמים,200.00,100 גרם,false,1,22.90,11.45,true,1,
7290109640785,false,מאפה פילאס בסגנון פיצה טבעוני 600 גרם,סנו מפעלי ברונוס.,IL,מאפה פילאס בסגנון פי,גרמים,600.00,100 גרם,false,1,27.90,4.65,true,1,
7290109920146,false,"דורגול מסיר אבנית מקומקומים 750 מ""ל",דורינג,,דורגול מסיר אבנית 75,מיליליטרים,750.00,"100 מ""ל",false,1,23.90,3.19,true,1,
7290109920603,false,"אסטוניש קרם לניקוי המטבח 500 מ""ל",,IL,קרם ניקוי אסטוניש למ,מיליליטרים,500.00,"100 מ""ל",false,1,19.90,3.98,true,1,
7290109920917,false,"הפי גל לאסלות עם כלור 750 מ""ל",,,הפי גל לאסלות עם כלו,מיליליטרים,750.00,"100 מ""ל",false,1,10.90,1.45,true,1,
7290109921334,false,אידאל דפי כביסה 15 יח' יעקבי,מרקה,ES,דפי כביסה אידיאל 15,Unknown,0.00,Unknown,false,1,19.90,19.90,true,1,
7290109923147,false,אסטוניש מהדורה פרימיום פלא של אקונומיקה,,IL,אסטוניש מהדורה פרימי,Unknown,1.00,Unknown,false,1,14.90,14.90,true,1,
7290110059545,false,בקבוק נירוסטה ספידרמ,,,בקבוק נירוסטה ספידרמ,Unknown,0.00,Unknown,false,1,29.90,29.90,true,1,
7290110110703,false,מארז ספרייט שישייה פחיות FRIDGE PACK,,,מארז ספרייט חדש 6*33,ליטרים,0.00,ליטר,false,1,24.90,24.90,true,1,
7290110111557,false,"משקה ספורט איזוטוני בטעם פירות 500 מ""ל פאוורייד",Caslino al Piano pla,IT,פאוור אייד מאונטן בל,מיליליטרים,500.00,"100 מ""ל",false,1,12.90,2.58,true,1,
7290110111564,false,"משקה ספורט איזוטוני בטעם הדרים ליין 500 מ""ל פאוורייד",Caslino al Piano pla,IT,פאוורייד משקה ספורט,מיליליטרים,500.00,"100 מ""ל",false,1,12.90,2.58,true,1,
7290110113261,false,נקטר אושן ספריי 19 קלוריות חמוציות 1 ליטר,,IL,נקטר אושן ספריי חמוצ,מיליליטרים,1000.00,"100 מ""ל",false,1,13.50,1.35,true,1,
7290110113490,false,"פיוז תה אפרסק 19 קל' 500 מ""ל FUZE T",מבשלות בירה בינלאומי,IL,תה פיוז אפרסק 19 קל,מיליליטרים,500.00,"100 מ""ל",false,1,8.80,1.76,true,1,
7290110114787,false,נביעות+תפוח 1.5 ליטר פיקדון,נביעות טבע הגליל בעמ,IL,מים נביעות בטעם תפו,ליטרים,0.00,ליטר,false,1,10.40,10.40,true,1,
7290110114794,false,נביעות+אפרסק 1.5 ליטר פיקדון,"נביעות טבע הגליל בע""",IL,מים נביעות 1.5 ליטר,ליטרים,0.00,ליטר,false,1,10.40,10.40,true,1,
7290110114800,false,נביעות פלוס בטעם ענבים 1.5 ליטר-,"נביעות טבע הגליל בע""",IL,מים נביעות בטעם ענבי,ליטרים,0.00,ליטר,false,1,10.40,10.40,true,1,
7290110114855,false,"נביעות מים מינרליים, שישיה 6 * 1.5 ליטר פקדון",נביעות טבע הגליל בעמ,IL,שישיית מים נביעות,ליטרים,0.01,ליטר,false,1,13.70,1370.00,true,1,
7290110114879,false,שישייה נביעות PET מ,,IL,שישייה נביעות PET מ,ליטרים,0.01,ליטר,false,1,16.90,1690.00,true,1,
7290110114909,false,מיץ סחוט תפוח צלול 2 ל' פריגת,היינץ צפון אמריקה מק,IL,פריגת טרי תפוח צלול,ליטרים,0.00,ליטר,false,1,29.30,29.30,true,1,
7290110114954,false,מיץ תפוזים מתקתקים 100% 2 ל' פריגת,,,מיץ תפוזים מתקתק 100,ליטרים,0.00,ליטר,false,1,26.90,26.90,true,1,
7290110114961,false,מיץ בטעם תפוזים 1.5ל' פריגת,מבשלות בירה בינלאומי,IL,פריגת תפוזים 1.5 ליט,ליטרים,0.00,ליטר,false,1,9.90,9.90,true,1,
7290110114985,false,פריגת אשכולית 1.5 ליטר פיקדון,מבשלות בירה בינלאומי,IL,פריגת אשכוליות 1.5 ל,ליטרים,0.00,ליטר,false,1,9.90,9.90,true,1,
7290110114992,false,פריגת light אשכולית 1.5 ליטר פיקדון,מבשלות בירה בינלאומי,IL,פריגת דיאט אשכוליות,ליטרים,0.00,ליטר,false,1,9.90,9.90,true,1,
7290110115005,false,פריגת ענבים 1.5 ליטר פיקדון,מבשלות בירה בינלאומי,IL,פריגת ענבים 1.5 ליטר,ליטרים,0.00,ליטר,false,1,9.90,9.90,true,1,
7290110115012,false,מיץ ענבים בניחוח מרלו 1.5 ל' פריגת,,IL,פריגת ענבים מרלו 1.5,ליטרים,0.00,ליטר,false,1,9.90,9.90,true,1,
7290110115036,false,פריגת מנגו 1.5 ליטר פיקדון,מבשלות בירה בינלאומי,IL,פריגת מנגו 1.5 ליטר,ליטרים,0.00,ליטר,false,1,9.90,9.90,true,1,
7290110115043,false,פריגת לימונענע 1.5 ליטר פיקדון,מבשלות בירה בינלאומי,IL,פריגת לימונענע 1.5 ל,ליטרים,0.00,ליטר,false,1,9.90,9.90,true,1,
7290110115050,false,פריגת מיקס תות בננה 1.5 ליטר פיקדון,מבשלות בירה בינלאומי,IL,פריגת מיקס תות בננה,ליטרים,0.00,ליטר,false,1,9.90,9.90,true,1,
7290110115074,false,פריגת תפוח דובדבן 1.5 ליטר פיקדון,מבשלות בירה בינלאומי,IL,פריגת תפוח דובדבן 1.,ליטרים,0.00,ליטר,false,1,9.90,9.90,true,1,
7290110115203,false,קוקה קולה 1.5 ליטר פיקדון,,IL,קוקה קולה 1.5 ליטר,ליטרים,0.00,ליטר,false,1,9.20,9.20,true,1,
7290110115210,false,דיאט קוקה קולה 1.5 ליטר פיקדון,,IL,קוקה קולה דיאט 1.5 ל,ליטרים,0.00,ליטר,false,1,8.90,8.90,true,1,
7290110115227,false,קוקה קולה זירו 1.5 ליטר -,,IL,קוקה קולה 1.5 ליטר,ליטרים,0.00,ליטר,false,1,9.50,9.50,true,1,
7290110115234,false,קוקה קולה זירו נטול 1.5 ליטר -,החברה המרכזית לייצור,IL,קולה ZERO נטול 1.5 ל,ליטרים,0.00,ליטר,false,1,9.50,9.50,true,1,
7290110115272,false,ZERO ספרייט 1.5 ליטר פיקדון,,IL,ספרייט ZERO בקבוק 1.,ליטרים,0.00,ליטר,false,1,8.90,8.90,true,1,
7290110115302,false,פאנטה ZERO אורנג' 1.5 ליטר פיקדון,החברה המרכזית לייצור,IL,פאנטה ZERO אורנג 1.5,ליטרים,0.00,ליטר,false,1,10.00,10.00,true,1,
7290110115364,false,קוקה קולה שישיות 1.5 ליטר פיקדון,החברה המרכזית לייצור,IL,קוקה קולה שישייה 1.5,ליטרים,0.01,ליטר,false,1,52.90,5290.00,true,1,
7290110115371,false,דיאט קוקה קולה שישיות 1.5 ליטר פיקדון,החברה המרכזית לייצור,IL,קוקה קולה דיאט שישיי,ליטרים,0.01,ליטר,false,1,49.90,4990.00,true,1,
7290110115395,false,ZERO ספרייט שישיות 1.5 ליטר פיקדון,החברה המרכזית לייצור,IL,ספרייט ZERO שישייה 1,ליטרים,0.01,ליטר,false,1,48.90,4890.00,true,1,
7290110115401,false,קינלי סודה שישיה 1.5 ליטר פיקדון,החברה המרכזית לייצור,IL,קינלי סודה שישייה 1,ליטרים,0.01,ליטר,false,1,16.70,1670.00,true,1,
7290110115418,false,מארז שישייה קוקה קולה זירו 1.5 ל',החברה המרכזית לייצור,IL,קוקה קולה דיאט ZERO,ליטרים,0.01,ליטר,false,1,49.90,4990.00,true,1,
7290110115425,false,FUZE TEA גרין לימונענע -נענע 1.5 ליטר פיקדון,מבשלות בירה בינלאומי,IL,תה פיוז לימון-נענע 1,ליטרים,0.00,ליטר,false,1,9.90,9.90,true,1,
7290110115449,false,אייס תה בטעם מנגו אננס 1.5ל' FUZE TEA,מבשלות בירה בינלאומי,IL,תה פיוז מנגו 1.5 ליט,ליטרים,0.00,ליטר,false,1,9.90,9.90,true,1,
7290110115456,false,תה בטעם אפרסק 19 קלוריות 1.5 ל' FUZE TEA,מבשלות בירה בינלאומי,IL,תה פיוז אפרסק 90 קל,ליטרים,0.00,ליטר,false,1,9.90,9.90,true,1,
7290110115463,false,אייס תה בטעם אפרסק 1.5ל' FUZE TEA,מבשלות בירה בינלאומי,IL,תה פיוז אפרסק 1.5 לי,ליטרים,0.00,ליטר,false,1,9.90,9.90,true,1,
7290110115494,false,אייס תה בטעם ענבים 1.5ל' FUZE TEA,מבשלות בירה בינלאומי,IL,תה פיוז ענבים 1.5 לי,ליטרים,0.00,ליטר,false,1,9.90,9.90,true,1,
7290110115623,false,אייס תה בטעם אפרסק 1.5ל' FUZE TEA,מבשלות בירה בינלאומי,IL,פיוז טי זירו אפרסק 1,ליטרים,0.00,ליטר,false,1,9.90,9.90,true,1,
7290110115777,false,מים נביעות בקבוק 1.5,נביעות,,נביעות 1.5 ליטר,ליטרים,0.00,ליטר,false,1,3.90,3.90,true,1,
7290110115821,false,"ספרייט לימון, 1.5 ליטר פקדון",כלורוקס אוקלנד,IL,ספרייט לימון- ליים 1,ליטרים,0.00,ליטר,false,1,9.00,9.00,true,1,
7290110115838,false,ספרייט לימון- ליים 1.5 ליטר,"אינסטנטה בע""מ",IL,ספרייט זירו לימון- ל,ליטרים,0.00,ליטר,false,1,8.90,8.90,true,1,
7290110115845,false,קוקה קולה 1.5 ליטר פיקדון,"אינסטנטה בע""מ",IL,קוקה קולה 1.5 ליטר,ליטרים,0.00,ליטר,false,1,9.20,9.20,true,1,
7290110115852,false,דיאט קוקה קולה 1.5 ליטר -,תות תעשיות מזון (201,IL,קוקה קולה דיאט 1.5 ל,ליטרים,0.00,ליטר,false,1,9.20,9.20,true,1,
7290110115869,false,קוקה קולה זירו 1.5 ליטר פיקדון,תות תעשיות מזון (201,IL,קוקה קולה 1.5 ליטר,ליטרים,0.00,ליטר,false,1,9.50,9.50,true,1,
7290110115876,false,קינלי סודה 1.5ליטר-,"אינסטנטה בע""מ",IL,קינלי סודה 1.5 ליטר,ליטרים,0.00,ליטר,false,1,3.30,3.30,true,1,
7290110116156,false,נביעות+רכיבי פרי מנגו-פסיפלורה 1.5 ליטר-,,,נביעות+ רכיבי פרי מנ,ליטרים,0.00,ליטר,false,1,8.50,8.50,true,1,
7290110116323,false,שישיית קוקה קולה זירו 1.5 ליטר חג שמח-,,IL,קוקה-קולה זירו שישיי,ליטרים,0.01,ליטר,false,1,45.90,4590.00,true,1,
7290110116392,false,סירופ בטעם תפוזים 750 מל פריגת,פריגת,IL,סירופ בטעם תפוזים 7,מיליליטרים,750.00,"100 מ""ל",false,1,24.90,3.32,true,1,
7290110116484,false,מיץ סחוט תות בננה 1 ל' פריגת,גת,IL,פריגת מיקס תות בננה,מיליליטרים,1000.00,"100 מ""ל",false,1,19.90,1.99,true,1,
7290110116507,false,מיץ מיקס אננה בננה אגס 1 ל' פריגת,גת,IL,פריגת מיקס אננס בננה,מיליליטרים,1000.00,"100 מ""ל",false,1,19.90,1.99,true,1,
7290110116514,false,"פריגת מיקס תות בננה 400 מ""ל",גת,IL,פריגת מיקס תות בננה,מיליליטרים,400.00,"100 מ""ל",false,1,10.90,2.73,true,1,
7290110116521,false,"פריגת מיקס אפרסק משמש 400 מ""ל",גת,IL,פריגת מיקס אפרסק משמ,מיליליטרים,400.00,"100 מ""ל",false,1,10.90,2.73,true,1,
7290110320850,false,פתיתים גבינה 28% שומן 200 ג' עמק,תנובה מרכז שיתופי לש,IL,פתיתי עמק 200 גר,גרמים,200.00,100 גרם,false,1,16.50,8.25,true,1,
7290110320867,false,פתיתים גבינה 28% שומן 500 ג' עמק,"תנובה, מחלבת תל יוסף",IL,פתיתי עמק למאפים 28%,גרמים,500.00,100 גרם,false,1,42.90,8.58,true,1,
7290110320935,false,גבינת מוצרלה תנובה 150ג' פרוסות,תנובה מחלבת תל יוסף,IL,פרוסות מוצרלה 150 גר,גרמים,150.00,100 גרם,false,1,19.50,13.00,true,1,
7290110321031,false,מעדן חלב GO יוגורט מועשר בחלבון טבעי 200 ג' יופלה,"תנובה, מחלבת אלון תב",IL,יופלה 200 מל GO,מיליליטרים,200.00,"100 מ""ל",false,1,6.80,3.40,true,1,
7290110321277,false,קוטג' בקטנה % 5 100 ג' תנובה,פארייפאבה אגרואינדוס,IL,קוטג בקטנה 5% 100 גר,גרמים,100.00,100 גרם,false,1,2.80,2.80,true,1,
7290110321284,false,קוטג' בקטנה 9% 100 ג' תנובה,פארייפאבה אגרואינדוס,IL,קוטג בקטנה 9% 100 גר,גרמים,100.00,100 גרם,false,1,2.80,2.80,true,1,
7290110321604,false,קוביות בולגרית מעודנת 5% 200 גר,תנובה,IL,קוביות בולגרית 5% מע,גרמים,200.00,100 גרם,false,1,24.90,12.45,true,1,
7290110321680,false,יופלה GO טעם תות 200 גרם,מיוצר עי קונדיטוריית,IL,יופלה גו תות חלבון,מיליליטרים,200.00,"100 מ""ל",false,1,6.80,3.40,true,1,
7290110321697,false,יופלה גו בטעם אפרסק,מיוצר עי קונדיטוריית,IL,יופלה אפרסק GO,מיליליטרים,200.00,"100 מ""ל",false,1,6.80,3.40,true,1,
7290110321703,false,יופלה GO פירות יער 200 מל,מיוצר עי קונדיטוריית,IL,יופלה GO פירות יער 2,מיליליטרים,200.00,"100 מ""ל",false,1,6.80,3.40,true,1,
7290110322014,false,טופו טבעי ALTERNATIVE 300 גרם,שוורצקוף& הנקל דיסלד,IL,טופו טבעי 300 גר,גרמים,300.00,100 גרם,false,1,13.90,4.63,true,1,
7290110322038,false,טופו פיקנטי ALTERNATIVE 300 גרם,סוי מג'ק,IL,טופו פיקנטי 300 גר,גרמים,300.00,100 גרם,false,1,13.90,4.63,true,1,
7290110322946,false,יופלה טיוב יוגורט במרקם חלק בטעם תות בננה כשרות רבנות 348 ג',,,יופלה טיוב במרקם חלק,גרמים,348.00,100 גרם,false,1,15.90,4.57,true,1,
7290110323301,false,טל העמק בסגנון אמנטל 32% שומן 200 גרם,תנובה,IL,גבינה טל העמק 32% 20,גרמים,200.00,100 גרם,false,1,21.90,10.95,true,1,
7290110323585,false,יופלה יוגורט עם דובדבן מופחת קלוריות 200 ג' GO,,IL,יוגורט עם דובדבן מופ,מיליליטרים,200.00,"100 מ""ל",false,1,6.80,3.40,true,1,
7290110323592,false,יופלה יוגורט עם אפרסק מופחת קלוריות 200 ג' GO,,IL,יוגורט עם אפרסק מופח,מיליליטרים,200.00,"100 מ""ל",false,1,6.80,3.40,true,1,
7290110323714,false,משקה קוקוס שקדים 1 ל' ALTERNATIVE,מיוצר עי קונדיטוריית,IL,משקה קוקוס שקדים 1 ל,מיליליטרים,1000.00,"100 מ""ל",false,1,14.80,1.48,true,1,
7290110324070,false,גבינת חלומי מחלב בקר 22%שומן 200גר,"תנובה בע""מ",IL,חלומי מחלב בקר 22%,גרמים,200.00,100 גרם,false,1,22.90,11.45,true,1,
7290110324353,false,יופלה אננס לייט 200 מל GO,"תנובה בע""מ",IL,יופלה גו אננס לייט,מיליליטרים,200.00,"100 מ""ל",false,1,6.80,3.40,true,1,
7290110324551,false,יופלה טיוב יוגורט במרקם חלק בטעם תות 348 ג',,IL,יופלה טיוב במרקם חלק,גרמים,348.00,100 גרם,false,1,15.90,4.57,true,1,
7290110324711,false,"ממרח סויה בסגנון גבינה טעם טבעי בד""צ",מיוצר עי קונדיטוריית,IL,ממרח סויה טבעי 9% 25,גרמים,250.00,100 גרם,false,1,11.50,4.60,true,1,
7290110324728,false,"ממרח סויה בסגנון גבינה שום שמיר בד""צ",מיוצר עי קונדיטוריית,IL,ממרח סויה שום שמיר 9,גרמים,250.00,100 גרם,false,1,11.50,4.60,true,1,
7290110324841,false,מעדן שקדים עם שוקולד מריר 125 גרם,מיוצר עי קונדיטוריית,IL,מעדן שקדים עם שוקולד,גרמים,125.00,100 גרם,false,1,4.70,3.76,true,1,
7290110324858,false,מעדן שקדים בטעם אגוזי לוז 125 גרם,תנובה בעמ,IL,מעדן שקדים בטעם אגוז,גרמים,125.00,100 גרם,false,1,4.70,3.76,true,1,
7290110324872,false,גלבוע גבינה פרוסה 5%,תנובה,IL,גלבוע 5% 200 גרם,גרמים,200.00,100 גרם,false,1,19.90,9.95,true,1,
7290110324926,false,משקה סויה ללא תוספת סוכר 1 ליטר,"תנובה בע""מ",IL,משקה סויה ללא תוספת,מיליליטרים,1000.00,"100 מ""ל",false,1,13.50,1.35,true,1,
7290110325114,false,משקה יוגורט גו לייט תות בננה 250 מל,מיוצר עי קונדיטוריית,IL,משקה יוגורט גו לייט,מיליליטרים,250.00,"100 מ""ל",false,1,7.20,2.88,true,1,
7290110325305,false,מעדן סויה גו 20 גרם חלבון במתיקות מעודנת,מיוצר עי קונדיטוריית,IL,מעדן סויה גו 200 גרם,גרמים,200.00,100 גרם,false,1,6.50,3.25,true,1,
7290110325312,false,מעדן סויה גו 20 גרם חלבון בטעם תות,"תנובה בע""מ",IL,מעדן סויה גו 20 גר ח,גרמים,200.00,100 גרם,false,1,6.50,3.25,true,1,
7290110325510,false,יופלה טיוב יוגורט במרקם חלק בטעם וניל - 348 ג',"תנובה בע""מ",IL,יופלה טיוב יוגורט,גרמים,348.00,100 גרם,false,1,15.90,4.57,true,1,
7290110325619,false,אלטרנטיב משקה שיבולת שועל 1 ליטר,מיוצר עי קונדיטוריית,IL,משקה שיבולת שועל 1 ל,ליטרים,0.00,ליטר,false,1,15.50,15.50,true,1,
7290110325701,false,פיראוס צזיקי יווני 9% שומן על בסיס יוגורט,גוד פוד פרודקטס S.p,IL,גבינת פיראוס יווני 9,גרמים,250.00,100 גרם,false,1,14.90,5.96,true,1,
7290110325879,false,פתיתי גאודה 200 ג' תנובה,תנובה,IL,פתיתי גאודה 200 גרם,גרמים,200.00,100 גרם,false,1,21.90,10.95,true,1,
7290110325893,false,תנובה GO אייס קפה 340 מל' 27 גרם חלבון,מיוצר עי קונדיטוריית,IL,"אייס קפה GO 340 מ""ל",גרמים,340.00,100 גרם,false,1,9.50,2.79,true,1,
7290110326173,false,YOLO NUTS מעדן שוקולד בתוספת עוגיות 120 גרם,תנובה,IL,יולו שוקולד לבן קרם,גרמים,120.00,100 גרם,false,1,5.90,4.92,true,1,
7290110326180,false,יולו שוקולד חלב קרם נוגט ועוגיות 120 גר,תנובה,IL,יולו שוקולד חלב קרם,גרמים,120.00,100 גרם,false,1,5.90,4.92,true,1,
7290110326210,false,יופלה און טופ פצפוצים 157 גרם,מיוצר עי קונדיטוריית,IL,יופלה און טופ פצפוצי,גרמים,157.00,100 גרם,false,1,6.20,3.95,true,1,
7290110326227,false,יוגורט און טופ קורנפלקס 157 ג' יופלה,מיוצר עי קונדיטוריית,IL,יופלה און טופ קורנפל,גרמים,157.00,100 גרם,false,1,6.20,3.95,true,1,
7290110326234,false,יוגורט און טופ כוכבים 157 ג' יופלה,מיוצר עי קונדיטוריית,IL,יופלה און טופ כוכבים,גרמים,157.00,100 גרם,false,1,6.20,3.95,true,1,
7290110326241,false,ייופלה און טופ גרנולה 157 גרם,מיוצר עי קונדיטוריית,IL,יופלה און טופ גרנולה,גרמים,157.00,100 גרם,false,1,6.20,3.95,true,1,
7290110326906,false,חלב טרי נטול לקטוז 3% 1 ליטר,מיוצר עי קונדיטוריית,IL,חלב טרי נטול לקטוז 3,מיליליטרים,1000.00,"100 מ""ל",false,1,8.30,0.83,true,1,
7290110327033,false,משקה סויה תנובה גו מועשר בחלבון מתיקות מופחתת,מיוצר עי קונדיטוריית,IL,משקה סויה גו מועשר מ,מיליליטרים,1000.00,"100 מ""ל",false,1,14.80,1.48,true,1,
7290110327125,false,גבינה פטה 21% מחלב צאן 200 גרם,תנובה בעמ,IL,גבינה פטה 21% מחלב צ,גרמים,200.00,100 גרם,false,1,26.90,13.45,true,1,
7290110327279,false,נפוליאון טוסקנה 24% שומן גביע 225 גרם,"תנובה בע""מ",IL,נפוליאון טוסקנה 225,גרמים,225.00,100 גרם,false,1,14.90,6.62,true,1,
7290110327514,false,משקה שיבולת שועל בטעם אגוזי לוז 1 ל' alternative,תנובה,IL,משקה שיבולת שועל בטע,מיליליטרים,1000.00,"100 מ""ל",false,1,15.50,1.55,true,1,
7290110327545,false,מעדן און טופ תות פצפוצים מצופים שוקולד 157ג' יופלה,מיוצר עי קונדיטוריית,IL,יופלה און טופ תות עם,גרמים,157.00,100 גרם,false,1,5.30,3.38,true,1,
7290110327637,false,יוגורט דיאט יופלה קיווי 0% שומן 150 ג' יופלה,תנובה בעמ,IL,יופלה דיאט בטעם קיוו,גרמים,150.00,100 גרם,false,1,5.40,3.60,true,1,
7290110328436,false,פלח גאודה בטעם מעודן עיזים 29% קולקשין,"תנובה בע""מ",IL,פלח גאודה בטעם מעודן,גרמים,150.00,100 גרם,false,0,23.50,15.67,true,1,
7290110328504,false,מיקס מוצרלה סקנדינבית וגאודה 300 ג' השף הלבן,מיוצר עי קונדיטוריית,IL,טריו מיקס- מוצרלה סק,גרמים,300.00,100 גרם,false,1,32.90,10.97,true,1,
7290110328627,false,יוגורט סמיך 0% בננה קרמל יופלה 200 ג' GO,מיוצר עי קונדיטוריית,IL,יוגורט גו סמיך בננה,מיליליטרים,200.00,"100 מ""ל",false,1,6.80,3.40,true,1,
7290110328764,false,יוגורט סמיך 0% תות יופלה 200 ג' GO,מיוצר עי קונדיטוריית,IL,יוגורט גו סמיך תות,מיליליטרים,200.00,"100 מ""ל",false,1,6.80,3.40,true,1,
7290110328771,false,יוגורט סמיך 0% פירות יער יופלה 200 ג' GO,מיוצר עי קונדיטוריית,IL,יוגורט גו סמיך פירות,מיליליטרים,200.00,"100 מ""ל",false,1,6.80,3.40,true,1,
7290110328788,false,יוגורט סמיך 0% אפרסק יופלה 200 ג' GO,תנובה בעמ,IL,יוגורט גו סמיך אפרסק,מיליליטרים,200.00,"100 מ""ל",false,1,6.80,3.40,true,1,
7290110329136,false,מעדן חלב מעושר בחלבון בטעם שוקולד 120 ג' GO,"תנובה בע""מ",IL,מעדן חלב go בטעם שוק,גרמים,120.00,100 גרם,false,1,5.70,4.75,true,1,
7290110329143,false,מעדן חלב מעושר בחלבון בטעם וניל גביע 120 ג' GO,"תנובה בע""מ",IL,מעדן חלב go בטעם וני,גרמים,120.00,100 גרם,false,1,5.70,4.75,true,1,
7290110329266,false,יוגורט תנובה מחלב עיזים מלא תנובה 140 ג',תנובה,IL,יוגורט תנובה מחלב עי,גרמים,150.00,100 גרם,false,1,7.20,4.80,true,1,
7290110329303,false,פרוסות בטעם צהובה קלאסית אלטרנטיב 200 גר,תנובה,IL,פרוסות בטעם צהובה קל,גרמים,200.00,100 גרם,false,1,26.50,13.25,true,1,
7290110329426,false,טופו טבעי ALTERNATIVE 250 גרם עם קרם קוקוס,תנובה,IL,טופו טבעי 250 גרם עם,ליטרים,0.31,ליטר,false,1,14.90,48.06,true,1,
7290110329433,false,טופו טבעי ALTERNATIVE 250 גרם עם רוטב סצ'ואן,תנובה,IL,טופו טבעי 250 גרם עם,ליטרים,0.31,ליטר,false,1,14.90,48.06,true,1,
7290110329686,false,"משקה חלב גו בטעם עוגיות 340 מ""ל",מיוצר עי קונדיטוריית,IL,משקה חלב גו בטעם עוג,מיליליטרים,340.00,"100 מ""ל",false,1,9.50,2.79,true,1,
7290110329709,false,יוגורט תנובה טבעי 0% גביע 200 גרם,מיוצר עי קונדיטוריית,IL,יוגורט תנובה 0% 200,גרמים,200.00,100 גרם,false,1,3.30,1.65,true,1,
7290110329716,false,משקה קפה קר בטעם קפוצ'ינו 230 ג' תנובה,"תנובה בע""מ",IL,משקה קפה קר בטעם קפו,מיליליטרים,230.00,"100 מ""ל",false,1,7.90,3.43,true,1,
7290110329730,false,"משקה חלב עם שוקולד וקפה בסגנון לאטה 2.7%  230 מ""ל תנובה","תנובה בע""מ",IL,משקה חלב עם שוקולד ו,מיליליטרים,230.00,"100 מ""ל",false,1,7.90,3.43,true,1,
7290110329792,false,יוגורט סויה BIO Alternative אפרסק 150 ג' תנובה,מיוצר עי קונדיטוריית,IL,סויה BIO אפרסק גביע,גרמים,150.00,100 גרם,false,1,5.50,3.67,true,1,
7290110329808,false,יוגורט סויה BIO Alternative תות 150 ג' תנובה,מיוצר עי קונדיטוריית,IL,סויה BIO תות גביע 15,גרמים,150.00,100 גרם,false,1,5.50,3.67,true,1,
7290110329815,false,סויה BIO מתיקות מעודנת גביע 150 גרם Alternativ,מיוצר עי קונדיטוריית,IL,מעדן סויה ביו מתיקות,גרמים,150.00,100 גרם,false,1,5.50,3.67,true,1,
7290110329822,false,יוגורט סויה BIO Alternative פירות יער 150 ג' תנובה,מיוצר עי קונדיטוריית,IL,מעדן סויה ביו פירות,גרמים,150.00,100 גרם,false,1,5.50,3.67,true,1,
7290110329846,false,יוגורט סויה BIO Alternative בטעם טבעי 150 ג' תנובה,"תנובה בע""מ",IL,סויה BIO טבעי גביע A,גרמים,150.00,100 גרם,false,1,5.50,3.67,true,1,
7290110550370,false,פריכיות משולשות קינואה ופלפל 65 גרם,,,משולשות קינואה ופלפל,גרמים,65.00,100 גרם,false,1,12.80,19.69,true,1,
7290110552220,false,יוגורט פרו בטעם תות ללא סוכר 200 ג' דנונה,"שטראוס בריאות בע""מ",IL,דנונה פרו תות 20 ג ח,גרמים,200.00,100 גרם,false,1,6.10,3.05,true,1,
7290110552237,false,יוגורט פרו בטעם אפרסק מנגו ללא סוכר 200 ג' דנונה,"שטראוס בריאות בע""מ",IL,דנונה פרו אפרסק מנגו,גרמים,200.00,100 גרם,false,1,6.10,3.05,true,1,
7290110553029,false,פריכיות חלבון קייל חומוס ומלח 60 ג' שטראוס,"פרח תעשיו מזון בע""מ",IL,פריכיות חלבון קייל ח,גרמים,60.00,100 גרם,false,1,12.80,21.33,true,1,
7290110553036,false,פריכיות חלבון בטטה סגולה ואפונה 60 ג' שטראוס,"פרח תעשיו מזון בע""מ",IL,פריכת חלבון בטטה סגו,גרמים,60.00,100 גרם,false,1,12.80,21.33,true,1,
7290110553098,false,מאגדת חטיפים אנרג'י מיקס צימוקים אגוזים 100X4 גרם,,,אנרגי מיקס צימוקים א,גרמים,100.00,100 גרם,false,1,19.90,19.90,true,1,
7290110553173,false,אנרג'י - פריכיות בטעם קרמל 40 גרם,סאנורייס בלגיום,IL,אנרגי פריכיות בטעם ק,גרמים,40.00,100 גרם,false,1,7.90,19.75,true,1,
7290110554422,false,פומודורו רוטב עגבניות ופלפלים לשקשוקה 350 גרם,,IT,רוטב עגבניות ופלפלים,גרמים,350.00,100 גרם,false,1,13.90,3.97,true,1,
7290110555306,false,רבע לשבע טבעוני סינמון באן 25ג' עלית,הגביע מוצרי וופלים ב,IL,רבע לשבע טבעוני סינמ,גרמים,125.00,100 גרם,false,1,12.90,10.32,true,1,
7290110555603,false,אבקת שוקולוטה ספלנדיד 360 גרם עלית,"ג'אלוסיס י. בע""מ",GR,שוקולוטה ספלנדיד 360,גרמים,360.00,100 גרם,false,1,25.90,7.19,true,1,
7290110556242,false,עלית - שוקולד מריר פרווה בדץ 100 גרם,"שטראוס גרופ בע""מ.",FR,שוקולד מריר פרווה ח,גרמים,100.00,100 גרם,false,1,6.00,6.00,true,1,
7290110557102,false,מעדן חלב עם שוקולד מועשר בחלבון 150 ג' שטראוס,מיוצר עי קונדיטוריית,IL,מעדן חלב עם שוקולד,גרמים,150.00,100 גרם,false,1,5.50,3.67,true,1,
7290110557133,false,מעדן הגולן וניל 125 ג' שטראוס,מיוצר עי קונדיטוריית,IL,מעדן הגולן וניל 125,גרמים,125.00,100 גרם,false,1,3.20,2.56,true,1,
7290110557645,false,מאגדת חטיפים אנרג'י מיקס צימוקים חמוציות 100X4 גרם,,,אנרגי מיקס צימוקים ח,גרמים,100.00,100 גרם,false,1,19.90,19.90,true,1,
7290110558215,false,"דנונה קראנצ`פיסטוק עם פיצפוץ לבן קראנצי פיסטוק, 173 גרם","שטראוס בריאות בע""מ",IL,דנונה בר קראנץ פיסטו,גרמים,180.00,100 גרם,false,1,4.80,2.67,true,1,
7290110558253,false,"דנונה ריפרש בננה אננס וצ`יה, 250 גרם","שטראוס בריאות בע""מ",IL,דנונה ריפרש בננה אננ,מיליליטרים,250.00,"100 מ""ל",false,1,6.50,2.60,true,1,
7290110558284,false,יוגורט ביו מולטי 200 ג' דנונה,"שטראוס בריאות בע""מ",IL,דנונה ביו מולטי 200,גרמים,200.00,100 גרם,false,1,4.80,2.40,true,1,
7290110558314,false,"פרו 20 יוגורט בטעם פיסטוק 0%, 200 ג דנונה","שטראוס בריאות בע""מ",IL,דנונה פרו פיסטוק 20,גרמים,200.00,100 גרם,false,1,5.90,2.95,true,1,
7290110559007,false,"שועועית חומה טעם הטבע קופסה, 380 גרם",,,שעועית חומה 380 גר ש,גרמים,380.00,100 גרם,false,1,7.50,1.97,true,1,
7290110560300,false,פריכיות משולשות אנרגי פלפל שחור 30 גר,שטראוס,IL,פריכיות משולשות אנרג,גרמים,30.00,100 גרם,false,1,5.90,19.67,true,1,
7290110560317,false,פריכיות משולשות מלח ים 30 ג' הטעימות,"פרח תעשיו מזון בע""מ",IL,פריכיות משולשות אנרג,גרמים,30.00,100 גרם,false,1,5.90,19.67,true,1,
7290110560324,false,פריכיות משולשות אפונה ירוקה 30 ג' הטעימות,"פרח תעשיו מזון בע""מ",IL,פריכיות משולשות אנרג,גרמים,30.00,100 גרם,false,1,5.90,19.67,true,1,
7290110561352,false,דנונה יוגורט ביו פרוביוטי 3% דל לקטוז 150ג',"שטראוס בריאות בע""מ",IL,דנונה דל לקטוז,גרמים,200.00,100 גרם,false,1,3.70,1.85,true,1,
7290110563448,false,"משקה קפה קר בסגנון מעודן 230 מ""ל 1.6% יוטבתה",האי נאם סי או אל.טי.,AT,משקה קפה קר 1.6% מעו,מיליליטרים,230.00,"100 מ""ל",false,1,8.90,3.87,true,1,
7290110563462,false,חלב בבקבוק נטול לקטוז 2% יטבתה 1 ל',מחלבת יטבתה,IL,חלב נטול לקטוז 2% בב,ליטרים,0.00,ליטר,false,1,9.20,9.20,true,1,
7290110564360,false,חומוס אחלה הסידרה המובחר 40% טחינה 400 גר',מיוצר עי קונדיטוריית,IL,חומוס עשיר ב-40% טחי,גרמים,400.00,100 גרם,false,1,14.90,3.73,true,1,
7290110564742,false,"משקה קפה קר בסגנון חזק 230 מ""ל 1.2% יוטבתה",האי נאם סי או אל.טי.,AT,משקה קפה קר 1.2% חזק,מיליליטרים,230.00,"100 מ""ל",false,1,8.90,3.87,true,1,
7290110565527,false,דנונה פרו 1.5% יוגורט 20ג' חלבון 200ג',"שטראוס בריאות בע""מ",IL,דנונה פרו 20 גרם חלב,גרמים,200.00,100 גרם,false,1,6.10,3.05,true,1,
7290110566975,false,דנונה פרו יוגורט 0% תות עשיר בחלבון 200ג',"שטראוס בריאות בע""מ",IL,דנונה פרו תות 20 גרם,גרמים,200.00,100 גרם,false,1,6.10,3.05,true,1,
7290110568238,false,"קצפת צמחית 21% שומן 250 מ""ל יוטבתה",מחלבת יטבתה,IL,קצפת צמחית 21% 250 ג,גרמים,250.00,100 גרם,false,1,8.90,3.56,true,1,
7290110568276,false,"משקה פרו וניל 350 מ""ל יוטבתה",מילקוורק,IL,משקה פרו וניל יטבתה,מיליליטרים,350.00,"100 מ""ל",false,1,7.20,2.06,true,1,
7290110568511,false,קונפיטורה פירות יער במתיקות מעודנת 265 ג' יד מרדכי,בייר,FR,קונפיטורת פירות יער,גרמים,265.00,100 גרם,false,1,15.90,6.00,true,1,
7290110568559,false,דוריטוס עלית מארז חמוץ חריף 10 יח' *25 ג',שטראוס פריטוליי,IL,מארז דוריטוס חמוץ חר,גרמים,250.00,100 גרם,false,1,15.90,6.36,true,1,
7290110568627,false,עלית - פסק זמן רול שוקולד חלב עם קרם אגוזים 26 גרם,,TR,פסק זמן רול שוקולד ח,גרמים,28.00,100 גרם,false,1,4.90,17.50,true,1,
7290110570125,false,"משקה קפה קר בטעם אייריש קרים230 מ""ל יוטבתה",אנסטל מילק kg,AT,משקה קפה קר 1.6% בטע,מיליליטרים,230.00,"100 מ""ל",false,1,8.90,3.87,true,1,
7290110571184,false,עדשים חומות 380 גר שטראוס טעם הטבע,,,עדשים חומות 380 גר ש,גרמים,380.00,100 גרם,false,1,7.50,1.97,true,1,
7290110571382,false,מעדן חלב בטעם וניל מעושר בחלבון 150 ג' שטראוס,"שטראוס בריאות בע""מ",IL,מעדן חלב בטעם וניל מ,גרמים,150.00,100 גרם,false,1,5.50,3.67,true,1,
7290110571412,false,עלית - מיני פינוקיות בגביע פאדג' 180 גרם,הגביע מוצרי ופלים בע,IL,מיני פינוקיות בגביע,גרמים,180.00,100 גרם,false,1,12.90,7.17,true,1,
7290110572129,false,כיף כף מקלות שוקולד לבן 40 ג' עלית,,,כיף כף מקלות שוקולד,Unknown,0.00,Unknown,false,1,5.50,5.50,true,1,
7290110572884,false,"קפסולות קפה מספר 20 למכונת אספרס אספרסו, 50 גרם",שטראוס קפה בי.וי.,IL,קפסולות 20 למכונות N,גרמים,50.00,100 גרם,false,1,18.90,37.80,true,1,
7290110572969,false,כיף כף פצפצים עקרם לבן 40ג' עלית,שולן צ'יקולטה גידה ס,TR,כיף כף פצפצים קרם לב,גרמים,40.00,100 גרם,false,1,6.30,15.75,true,1,
7290110572976,false,כיף כף פצפצים קרם לבן 135 ג עלית,שולן צ'יקולטה גידה ס,TR,כיף כף פצפצים קרם לב,גרמים,135.00,100 גרם,false,1,11.90,8.81,true,1,
7290110574413,false,עלית - פופקורן בטעם טעמי 70 גרם,סראנו בעבור שטראוס,קפריסין,פופקורן בטעם טעמי 70,גרמים,70.00,100 גרם,false,1,8.50,12.14,true,1,
7290110574420,false,עלית - פופקורן בטעם פסק זמן 70 גרם,סראנו בעבור שטראוס,קפריסין,פופקורן בטעם פסק זמן,גרמים,70.00,100 גרם,false,1,8.50,12.14,true,1,
7290110576387,false,מאגדת שלישיית שוקולד אגוז חלב 300 ג' עלית,שטראוס,FR,מארז שלישיית אגוז חל,גרמים,300.00,100 גרם,false,1,27.90,9.30,true,1,
7290110577230,false,משקה חלב פיסטוק 1ליטר יטבתה בקבוק,מחלבת יטבתה,IL,משקה חלב בטעם פיסטוק,מיליליטרים,1000.00,"100 מ""ל",false,1,12.50,1.25,true,1,
7290110577711,false,"משקה שייק חלבון מי גבינה עם אפרסק ומנגו350מ""ל יטבתה",מחלבת יטבתה,IL,שייק חלבון מי גבינה,מיליליטרים,350.00,"100 מ""ל",false,1,8.50,2.43,true,1,
7290110577728,false,"משקה שייק חלבון מי גבינה עם פירות יער 350מ""ל יטבתה",מחלבת יטבתה,IL,שייק חלבון מי גבינה,מיליליטרים,350.00,"100 מ""ל",false,1,8.50,2.43,true,1,
7290111098703,false,מארז מסכות פנים 50 יח,,CN,מארז מסכות פנים 50 י,יחידה,1.00,יחידה,false,1,10.90,10.90,true,1,
7290111340178,false,מטליות לחות ניקול לניקוי כללי בניחוח מרכך כביסה 50 יח',,,מטל.לחות לניקוי כללי,Unknown,0.00,Unknown,false,1,15.60,15.60,true,1,
7290111340185,false,מטליות לחות ניקול לניקוי רצפות בניחוח מרכך 10 יח',,,מטליות לחות לנ.רצפה,Unknown,0.00,Unknown,false,1,14.90,14.90,true,1,
7290111341373,false,נייר טואלט לילי פסטל 30 גלילים,קימברלי,IL,לילי נייר פסטל 30 גל,מטרים,588.00,מטר,false,1,35.90,0.06,true,1,
7290111341984,false,לילי - מגבוני נייר טואלט לח פיור רביעייה,קימברלי,IL,נייר טואלט לילי לח מ,Unknown,0.00,Unknown,false,1,24.00,24.00,true,1,
7290111342042,false,כריות יפניות ניקול לניקוי אנטיבקטריאלי 4,סנו,IL,כריות יפניות ניקול ל,Unknown,0.00,Unknown,false,1,12.90,12.90,true,1,
7290111342059,false,מט.לחות ניקול לחיט משטחים אנטיבקטריאלי50,סנו,IL,מט.לחות ניקול לחיט מ,Unknown,0.00,Unknown,false,1,15.90,15.90,true,1,
7290111342523,false,מפיות אירוח לשימוש יומיומי ניקול 100 יח,,IL,מפיות ניקול חד שכבתי,יחידה,1.00,יחידה,false,1,9.40,9.40,true,1,
7290111344138,false,"מטליות ניקול רב""ש אנטיבקטריאליות 6 יח",עלבד,IL,"מטליות ניקול רב""ש אנ",יחידה,1.00,יחידה,false,1,15.90,15.90,true,1,
7290111344206,false,האגיס נטורל קר מגבונים לחים בבישום עדין רביעייה,קימברלי,IL,מגבוני האגיס רביעייה,Unknown,0.00,Unknown,false,1,23.90,23.90,true,1,
7290111345821,false,נייר טואלט לילי לבן גמבו 16 גל=32 גל,קימברלי,IL,נייר טואלט לילי לבן,מטרים,588.80,מטר,false,1,36.90,0.06,true,1,
7290111346125,false,מארז שלישייה מגבוני דיילי קר ללא בישום *56 יח' האגיס,קימברלי,IL,מגבוני האגיס שלישייה,Unknown,0.00,Unknown,false,1,22.90,22.90,true,1,
7290111346132,false,מארז שלישייה מגבוני סנסטיב קר ללא בישום *56 יח' האגיס,עלבד,IL,מגבוני האגיס שלישייה,Unknown,0.00,Unknown,false,1,22.90,22.90,true,1,
7290111346293,false,מגבות ניקול שישייה מהדורה חגיגית,חוגלה,IL,מגבות ניקול שישייה מ,Unknown,0.00,Unknown,false,1,12.90,12.90,true,1,
7290111350092,false,מארז מיקס חטיפי מיני לואקר בסט 200 גר,,,מארז מיקס חטיפי מיני,גרמים,200.00,100 גרם,false,1,26.70,13.35,true,1,
7290111352140,false,חמוציות מיובשות ברכז תפוחים קליית גת 150,,IL,חמוציות מיובשות ברכז,גרמים,150.00,100 גרם,false,1,17.90,11.93,true,1,
7290111354335,false,מיני מרשמלו יוגטה בטעם וניל 30 גר,,IL,מיני מרשמלו יוגטה בט,גרמים,30.00,100 גרם,false,1,2.50,8.33,true,1,
7290111564277,false,פריכיות פיטנס שלושה דגנים דקות 120 גר,PT,IL,פריכיות פיטנס שלושה,גרמים,120.00,100 גרם,false,1,11.90,9.92,true,1,
7290111564291,false,פריכיות דקות משלושה דגנים וקינואה,PT,IL,פריכיות פיטנס דקות ע,גרמים,120.00,100 גרם,false,1,11.90,9.92,true,1,
7290111564727,false,עוגיות אסם קרמוגית וקרם אגוזים אסם 200ג',מיוצר עי קונדיטוריית,IL,אסם קרמוגית במילוי ק,גרמים,200.00,100 גרם,false,1,12.90,6.45,true,1,
7290111565502,false,ארטיק אוראו וניל ועוגיות סנדוויץ נסטלה 80 ג',ג'נרל מילס סאן אדריא,IT,גלידה סנדוויץ אוראו,גרמים,80.00,100 גרם,false,1,10.00,12.50,true,1,
7290111566226,false,טבעול שניצל ברוקולי 667 גר',טבעול,IL,שניצל ברוקולי טבעול,גרמים,667.00,100 גרם,false,1,38.50,5.77,true,1,
7290111566240,false,שניצל דק מן הצומח בטעם צ'ילי חריף 700 גרם,טבעול ישראל,IL,שניצל דק בטעם צילי,גרמים,564.00,100 גרם,false,1,38.50,6.83,true,1,
7290111566332,false,טבעול נקניקיות וינר צמחוניות 680 גר',טבעול,IL,נקניקיות וינר צמחוני,גרמים,680.00,100 גרם,false,1,38.50,5.66,true,1,
7290111566547,false,טבעול חזה בגריל צמחוני 99 קלוריות 560ג',טבעול ישראל,IL,חזה בגריל צמחוני טבע,גרמים,560.00,100 גרם,false,1,34.90,6.23,true,1,
7290111566585,false,טבעול שניצל צמחוני 99 קלוריות 650 גר',טבעול ישראל,IL,שניצל צמחוני 99 קלור,גרמים,650.00,100 גרם,false,1,38.50,5.92,true,1,
7290111566752,false,טבעול שניצל תירס 99 קלוריות 693 גר',טבעול ישראל,IL,שניצל תירס 99 קלוריו,גרמים,693.00,100 גרם,false,1,34.90,5.04,true,1,
7290111872969,false,נרות ג'מבו כוכבים - פי ג'יי,,CN,נרות גמבו כוכבים כו,Unknown,1.00,Unknown,false,12,6.90,6.90,true,1,
7290111930799,false,קראנצ'וס טעם בצל 55גר,,,קראנצוס בצל 55 גרם,גרמים,55.00,100 גרם,false,1,3.90,7.09,true,1,
7290111930850,false,קראנצ'וס טעם פיצה 55גר',,,קראנצוס פיצה 55 גרם,גרמים,55.00,100 גרם,false,1,3.90,7.09,true,1,
7290111930898,false,חטיף פוף כוכבים גריל אמריקאי 40 גרם,מנה,IL,חטיף פוף כוכבים גריל,גרמים,40.00,100 גרם,false,1,4.60,11.50,true,1,
7290111930904,false,חטיף פוף כוכבים בצל 40 גרם,מנה,IL,חטיף פוף כוכבים בצל,גרמים,40.00,100 גרם,false,1,4.60,11.50,true,1,
7290111930911,false,חטיף פוף לבבות קלאסי 40 גרם,מנה,IL,חטיף פוף לבבות קלאסי,גרמים,40.00,100 גרם,false,1,4.60,11.50,true,1,
7290111930928,false,חטיף פוף לבבות גריל 40 גרם,מנה,IL,חטיף פוף לבבות גריל,גרמים,40.00,100 גרם,false,1,4.60,11.50,true,1,
7290111930935,false,חטיף פוף טבעות קלאסי 40 גרם,מנה,IL,חטיף פוף טבעות קלאסי,גרמים,40.00,100 גרם,false,1,4.60,11.50,true,1,
7290111933554,false,עגבניות קוביות שלישיה * 400 ג' מאסטר שף,,IT,מנה עגבניות קוביות ש,קילוגרמים,0.00,"ק""ג",false,1,18.80,18.80,true,1,
7290111937248,false,פרי מארז חטיפי 5יח תמרים קשיו ונגיעת לוז 125ג',הדקלאים אגודת שיתופי,IL,פרי מארז חטיף תמרים,גרמים,125.00,100 גרם,false,1,19.90,15.92,true,1,
7290111937255,false,פרי מארז חטיפי 5יח תמרים בוטנים ואגוזי לוז 125ג',,IL,פרי מארז חטיף תמרים,גרמים,125.00,100 גרם,false,1,19.90,15.92,true,1,
7290112000842,false,דטול מגבונים לניקוי כללי בניחות לימון 60 יח',,PL,מגבונים דטול לניקוי,Unknown,0.00,Unknown,false,1,18.00,18.00,true,1,
7290112001436,false,פיניש מנקה ומחדש למדיח בניחוח לימון,,PL,מנקה מדיח פיניש לימו,מיליליטרים,250.00,"100 מ""ל",false,1,19.90,7.96,true,1,
7290112002112,false,ג'ל קולון ורוד בניחוח ורדים 2.5 ליטר,רקיט בנקיזר,IL,גל כביסה קולון מרוכז,ליטרים,0.00,ליטר,false,1,29.90,29.90,true,1,
7290112003843,false,"קלגון גל אנטי בקטריאלי 750 מ""ל",,IT,קלגון גל אנטי,מיליליטרים,750.00,"100 מ""ל",false,1,31.90,4.25,true,1,
7290112003980,false,וניש מסיר כתמים לכביסה לבנה 1350 גרם,,IT,וניש מסיר כתמים לכבי,גרמים,1350.00,100 גרם,false,1,38.50,2.85,true,1,
7290112190116,false,וופל הולנדי במילוי קרמל 224 גרם,,,וופל הולנדי במילוי ק,גרמים,224.00,100 גרם,false,1,11.40,5.09,true,1,
7290112192585,false,מברשת שיניים פרודונטקס הגנה מלאה סופט,,DE,מברשת שיניים פרודונט,Unknown,0.00,Unknown,false,1,29.90,29.90,true,1,
7290112197139,false,"סטייל - סבון ידיים אדום 500 מ""ל חדש",,IL,סטייל אל סבון תה אדו,יחידה,1.00,יחידה,false,1,9.90,9.90,true,1,
7290112330352,false,יוגורט פרו 20 ג' וניל 0% שומן 200 ג' דנונה,"שטראוס בריאות בע""מ",IL,דנונה פרו וניל 20 גר,גרמים,200.00,100 גרם,false,1,6.10,3.05,true,1,
7290112330390,false,יוגורט פרו פירות יער 0% שומן 200 ג' דנונה,"שטראוס בריאות בע""מ",IL,דנונה פרו פירות יער,גרמים,200.00,100 גרם,false,1,6.10,3.05,true,1,
7290112332691,false,פינוקיות עוגיות קרם פסק זמן אגוזים 200 גרם,הגביע מוצרי ופלים בע,IL,עוגיית קרם פסק זמן א,גרמים,200.00,100 גרם,false,1,12.90,6.45,true,1,
7290112335043,false,כשלפ מרשמלו בזוקה ווסטהיים 150 ג',תות תעשיות מזון (201,IL,מרשמלו בזוקה עלית 15,גרמים,150.00,100 גרם,false,1,7.90,5.27,true,1,
7290112335500,false,פריכיות הטעימות חלבון אנרגי 135 גר,קדבורי,IL,פריכיות הטעימות חלבו,גרמים,135.00,100 גרם,false,1,12.90,9.56,true,1,
7290112336644,false,סוכריות מאסט ללא סוכר לימון 80 ג' עלית,פלזנסקי,PL,"סוכריות מאסט לל""ס לי",גרמים,80.00,100 גרם,false,1,10.90,13.63,true,1,
7290112336712,false,דנונה פרו 21 גרם חלבון 0% 200 גר,"שטראוס בריאות בע""מ",IL,דנונה פרו 21 גרם חלב,גרמים,200.00,100 גרם,false,1,6.10,3.05,true,1,
7290112337481,false,סוכריות מאסט ללא סוכר קפצ''ינו 80 ג' עלית,פלזנסקי,PL,"סוכריות מאסט לל""ס קפ",גרמים,80.00,100 גרם,false,1,10.90,13.63,true,1,
7290112339171,false,מילקי מוס עם שוקולד וקצפת,מיוצר עי קונדיטוריית,IL,מילקי מוס 133 גרם,גרמים,133.00,100 גרם,false,1,3.70,2.78,true,1,
7290112339867,false,גמדים סקוויז בודד תות 100 ג',,IL,גמדים סקוויז תות 100,גרמים,100.00,100 גרם,false,1,6.50,6.50,true,1,
7290112339874,false,גמדים סקוויז בודד תות בננה 100ג' שטראוס,,IL,גמדים סקוויז תות,גרמים,100.00,100 גרם,false,1,6.50,6.50,true,1,
7290112340252,false,צנצנת מסטיק מאסט בטעם אבטיח מלון 66 ג' עלית,"שטראוס גרופ בע""מ",IL,צנצנת מאסט בטעם אבטי,גרמים,66.00,100 גרם,false,1,11.50,17.42,true,1,
7290112341679,false,דנונה אקטיביה 3% שומן 200 גרם,מיוצר עי קונדיטוריית,IL,יוגורט אקטיביה 3% 2,גרמים,200.00,100 גרם,false,1,4.10,2.05,true,1,
7290112342102,false,סימפוניה 5% בצל מקורמל 200 ג' שטראוס,"שטראוס בריאות בע""מ",IL,סימפוניה בצל מקורמל,גרמים,200.00,100 גרם,false,1,12.90,6.45,true,1,
7290112342508,false,דוריטוס ציזי טוויסט 70 גר,שטראוס,IL,דוריטוס קול ראנצ 70,גרמים,70.00,100 גרם,false,1,4.50,6.43,true,1,
7290112342515,false,דוריטוס צ'יזי טוויסט 55 גרם,,IL,דוריטוס קול ראנצ 55,גרמים,55.00,100 גרם,false,1,4.30,7.82,true,1,
7290112343260,false,יטבתה רוטב שמנת עם פטריות 9% 250 גר,,IL,יטבתה רוטב שמנת עם פ,גרמים,260.00,100 גרם,false,1,11.30,4.35,true,1,
7290112343499,false,ציטוס 55 גרם 48 יחידות puffs,"שטראוס פריטו ליי בע""",IL,ציטוס 55 גרם 48 יחיד,גרמים,55.00,100 גרם,false,1,4.50,8.18,true,1,
7290112343512,false,ציטוס 160 גרם 9 יחידות puffs,"שטראוס פריטו ליי בע""",IL,ציטוס 160 גרם 9 יחי,גרמים,160.00,100 גרם,false,1,8.40,5.25,true,1,
7290112344786,false,קפה פלטינום קלאסיק 200 ג' עלית,שטראוס קפה בי.וי.,IL,קפה פלטינום קלאסיק 2,גרמים,200.00,100 גרם,false,1,28.90,14.45,true,1,
7290112346827,false,אקטימל פטל ויטמין C שמינייה,שטראוס,IL,אקטימל ויטמין c פטל,מיליליטרים,800.00,"100 מ""ל",false,1,22.70,2.84,true,1,
7290112347008,false,גמדים ארוחת בוקר תות סקוויז 100 ג',מיוצר עי קונדיטוריית,IL,גמדים סקוויז תות בננ,גרמים,100.00,100 גרם,false,1,6.20,6.20,true,1,
7290112348142,false,שעועית לבנה מבושלת טעם הטבע 380 ג',,IT,שעועית לבנה טעם הטבע,גרמים,380.00,100 גרם,false,1,7.50,1.97,true,1,
7290112348616,false,עלית - קפה נמס אגוזי לוז 100 גרם,,IL,קפה נמס עלית אגוזי ל,גרמים,100.00,100 גרם,false,1,16.50,16.50,true,1,
7290112348999,false,פריכיות טעימות תירס דקות 135 גרם,פרח,IL,פריכיות טעימות תירס,גרמים,135.00,100 גרם,false,1,12.90,9.56,true,1,
7290112349606,false,מעדן גבינה ויוגורט תות בננה 88 ג' דניאלה,"שטראוס בריאות בע""מ",IL,דניאלה תות בננה 88 ג,גרמים,88.00,100 גרם,false,1,4.30,4.89,true,1,
7290112349736,false,בזיליקום רוטב עגבניות לפסטה 350 ג' יד מרדכי,אמיליאנה קונסרב סוסי,IT,רוטב עגבניות לפסטה ב,גרמים,350.00,100 גרם,false,1,13.90,3.97,true,1,
7290112349743,false,ארביאטה רוטב עגבניות פיקנטי לפסטה 350 ג' יד מרדכי,,IT,רוטב עגבניות לפסטה פ,גרמים,350.00,100 גרם,false,1,13.90,3.97,true,1,
7290112349750,false,רוטב עגבניות לפסטה פיצה 350 ג' יד מרדכי,יד מרדכי,IT,רוטב עגבניות לפיצה י,גרמים,350.00,100 גרם,false,1,13.90,3.97,true,1,
7290112349897,false,מסטיק מאסט קוביות מנטה ללא גלוטן 86 גר,רוג'ר אנד רוג'ר,DE,מסטיק מאסט קוביות מנ,גרמים,86.00,100 גרם,false,1,16.70,19.42,true,1,
7290112350275,false,קפסולות לונגו למכונות נספרסו 55 גר,,IL,קפסולות לונגו למכונו,גרמים,55.00,100 גרם,false,1,18.90,34.36,true,1,
7290112350312,false,קפסולות 15 קפה יותר למכונות נספרסו עלית 10יח',הנסיך- מפעל לייצור ט,IL,קפסולות 15 למכונות נ,גרמים,50.00,100 גרם,false,1,18.90,37.80,true,1,
7290112350589,false,ציקו אבקה להכנת משקה ציקוריה 65 גר,פרח,IL,ציקו אבקה להכנת משקה,גרמים,65.00,100 גרם,false,1,13.90,21.38,true,1,
7290112351067,false,סילאן טבעי לחיץ יד מרדכי 630 גרם,,IL,סילאן טבעי לחיץ יד מ,גרמים,630.00,100 גרם,false,1,31.50,5.00,true,1,
7290112351104,false,שוקולד פרה ממולא פיצפוצי אורז 100 ג' עלית,שטראוס,IL,שוקולד פרה חלב פיצפו,גרמים,100.00,100 גרם,false,1,6.50,6.50,true,1,
7290112351470,false,שלישיית סוכריות רימון תות 45 גר FRESH,,,שלישיית סוכריות רימו,גרמים,45.00,100 גרם,false,1,9.90,22.00,true,1,
7290112354235,false,ברקטה פיצה דלישס 280 גרם,סקרלינפיצה אס. אר. א,IT,ברקטה פיצה דלישס 280,קילוגרמים,0.28,"ק""ג",false,1,27.90,99.64,true,1,
7290112354242,false,קונוס פיצה דלישס 280 גרם,,IT,קונוס פיצה דלישס 280,קילוגרמים,0.28,"ק""ג",false,1,27.90,99.64,true,1,
7290112354945,false,"תפוצ'יפס WAVY ט טבעי, 50 ג'",שטראוס פריטו ליי בע”,IL,תפוציפס טבעי 50 גר W,גרמים,50.00,100 גרם,false,1,4.30,8.60,true,1,
7290112354952,false,תפוצ'יפס WAVY פפריקה 50 גרם,שטראוס פריטו ליי בע”,IL,תפוציפס פפריקה 50 גר,גרמים,50.00,100 גרם,false,1,4.30,8.60,true,1,
7290112354969,false,"תפוציפס WAVY טבעי , 200 גרם",שטראוס פריטו ליי בע”,IL,תפוציפס טבעי 200 גר,גרמים,200.00,100 גרם,false,1,10.90,5.45,true,1,
7290112355027,false,דנונה פרו 20 גרם חלבון קרמל מלוח 200 גרם,"שטראוס בריאות בע""מ",IL,דנונה פרו 20 גרם חלב,גרמים,200.00,100 גרם,false,1,6.10,3.05,true,1,
7290112355102,false,גמדים סקוויז 100 גרם פאוץ סלט פירות 100 גרם,"שטראוס בריאות בע""מ",IL,גמדים פאוץ סלט פירות,גרמים,100.00,100 גרם,false,1,6.50,6.50,true,1,
7290112355867,false,מילקי קצפת טופ פיצפוץ 86 גרם,"שטראוס גרופ בע""מ",IL,מילקי קצפת טופ פיצפו,גרמים,86.00,100 גרם,false,1,4.50,5.23,true,1,
7290112357045,false,עגבניות איטלקיות מרוסקות ט.הטבע קופסה 390 גר',קונסרברס,IT,עגבניות איטלקיות מרו,גרמים,390.00,100 גרם,false,1,7.50,1.92,true,1,
7290112357083,false,אפונת גינה טעם הטבע קופסה 380 גר,,IT,אפונת גינה טעם הטבע,גרמים,380.00,100 גרם,false,1,7.50,1.97,true,1,
7290112357106,false,שעועית אדומה מבושלת טעם הטבע 380 ג',,IT,שעועית אדומה טעם הטב,גרמים,380.00,100 גרם,false,1,7.50,1.97,true,1,
7290112357892,false,סוכריות FRESH מנטה שלישיה 3*15 גר',,,שלישיית סוכריות מנטה,גרמים,45.00,100 גרם,false,1,9.90,22.00,true,1,
7290112358004,false,חטיף פסק זמן קראנץ 32 גרם,שולן צ'יקולטה גידה ס,TR,פסק זמן קראנץ 32 גר,גרמים,45.00,100 גרם,false,1,5.50,12.22,true,1,
7290112358127,false,דנונה פרו 20 ג חלבון עם מגנזיום 200 גרם,מיוצר עי קונדיטוריית,IL,דנונה פרו 20 ג חלבון,גרמים,200.00,100 גרם,false,1,6.90,3.45,true,1,
7290112358219,false,יד מרדכי רוטב צ'ילי מתוק 300 גרם,אף.סי תבליני בגליל ב,IL,רוטב צילי מתוק יד מר,גרמים,300.00,100 גרם,false,1,14.90,4.97,true,1,
7290112358431,false,ביסקוויט עד חצות דאבל 200 גרם,הדקלאים אגודת שיתופי,IL,ביסקוויט עד חצות דאב,גרמים,180.00,100 גרם,false,1,14.80,8.22,true,1,
7290112490032,false,"נמס בכוס תירס קנור בד""ץ, זוגי 22.5X2 גרם,",,IL,מרק קנור נמס בכוס תי,גרמים,45.00,100 גרם,false,1,7.90,17.56,true,1,
7290112490216,false,נמס בכוס טעם עוף קרוטונים ר.טבעי קנור 24X2ג',,IL,מרק קנור נמס בכוס עו,גרמים,48.00,100 גרם,false,1,7.90,16.46,true,1,
7290112490230,false,קנור מרק נמס בכוס אפונה רכיבים טבעיים,,IL,מרק נמס בכוס אפונה 5,גרמים,50.00,100 גרם,false,1,7.90,15.80,true,1,
7290112490582,false,חרדל דיזון צרפתי 350 ג' הלמנס,,FR,הלמנס חרדל דיזון 350,גרמים,350.00,100 גרם,false,1,16.90,4.83,true,1,
7290112490650,false,קונפיטורה תות שדה 340 גרם-צנצנת,קונפיטורות לה-ארדניי,FR,קונפיטורה תות שדה 34,גרמים,340.00,100 גרם,false,1,18.60,5.47,true,1,
7290112490667,false,קונפיטורה משמש 340 גרם-צנצנת,,FR,קונפיטורה משמש 340 ג,גרמים,340.00,100 גרם,false,1,17.90,5.26,true,1,
7290112490674,false,קונפיטורה דובדבן 340 גרם-צנצנת,,BE,קונפיטורה דובדבן 340,גרמים,340.00,100 גרם,false,1,17.90,5.26,true,1,
7290112490728,false,מרק עשיר ירקות עם בורגול רכיבים טבעיים 95 ג' קנור,יוניליוור ישראל מזון,IL,מרק עשיר ירקות עם בו,גרמים,72.00,100 גרם,false,1,14.90,20.69,true,1,
7290112490735,false,מרק עשיר עגבניות פסטה ר.טבעי קנור 105ג',,IL,מרק עגבניות עם פסטה,גרמים,105.00,100 גרם,false,1,14.90,14.19,true,1,
7290112490742,false,מרק עשיר פטריות עם גריסים רכיבים טבעיים 104 ג' קנור,,IL,מרק פטריות עם גריסים,גרמים,104.00,100 גרם,false,1,14.90,14.33,true,1,
7290112490759,false,מרק עשיר עוף עם אטריות רכיבים טבעיים 74 ג' קנור,,IL,מרק עוף עם אטריות,גרמים,74.00,100 גרם,false,1,14.90,20.14,true,1,
7290112491701,false,ברנפלקס אקסטרה פרוטאין 375 גרם,יוניליוור ישראל מזון,IL,ברנפלקס אקסטרה פרוטא,גרמים,375.00,100 גרם,false,1,24.90,6.64,true,1,
7290112491794,false,בייגלה דקים דקים בטעם שמנת בצל 300 גרם,,,בייגלה דקים דקים בטע,גרמים,400.00,100 גרם,false,1,13.90,3.48,true,1,
7290112492449,false,"פינוק - שמפו לשיער רגיל 700 מ""ל",יוניליוור ישראל טיפו,IL,שמפו פינוק לשיער רגי,מיליליטרים,700.00,"100 מ""ל",false,1,12.90,1.84,true,1,
7290112492456,false,"שמפו פינוק לשיער יבש/פגום 700 מ""ל",יוניליוור ישראל טיפו,IL,שמפו פינוק לשיער יבש,מיליליטרים,700.00,"100 מ""ל",false,1,12.90,1.84,true,1,
7290112492463,false,"שמפו ומרכך פינוק 2 ב1 לשיער רגיל 700 מ""ל",יוניליוור ישראל טיפו,IL,שמפו ומרכך פינוק 2 ב,מיליליטרים,700.00,"100 מ""ל",false,1,12.90,1.84,true,1,
7290112492487,false,"שמפו שמן מרוקאי 700 מ""ל פינוק",יוניליוור ישראל טיפו,IL,שמפו פינוק שמן מרוקא,מיליליטרים,700.00,"100 מ""ל",false,1,12.90,1.84,true,1,
7290112492500,false,"פינוק - שמפו שמן קוקוס 700 מ""ל","יוניליור ישראל, טיפו",IL,שמפו פינוק שמן קוקוס,מיליליטרים,700.00,"100 מ""ל",false,1,12.90,1.84,true,1,
7290112492531,false,"פינוק מרכך לשיער רגיל 700 מ""ל",,IL,מרכך פינוק לשיער רגי,מיליליטרים,700.00,"100 מ""ל",false,1,12.90,1.84,true,1,
7290112492548,false,"מרכך פינוק עם שמן חוחובה 700 מ""ל",,IL,מרכך פינוק לשיער יבש,מיליליטרים,700.00,"100 מ""ל",false,1,12.90,1.84,true,1,
7290112492609,false,"תחליב רחצה פינוק 700 מ""ל לבנדר ווניל",,IL,תחליב רחצה פינוק לבנ,מיליליטרים,700.00,"100 מ""ל",false,1,15.90,2.27,true,1,
7290112492630,false,"שמפו וג'ל רחצה וסבון פנים לגבר 700 מ""ל פינוק",,IL,שמפו פינוק 3 ב-1 לגב,מיליליטרים,700.00,"100 מ""ל",false,1,12.90,1.84,true,1,
7290112492715,false,"פינוק - לילדים שמפו אל דמע לסירוק קל 700 מ""ל",,IL,שמפו פינוק לילדים לל,מיליליטרים,700.00,"100 מ""ל",false,1,14.90,2.13,true,1,
7290112492753,false,"אל סבון לרחצה פינוק לילדים 700 מ""ל",,IL,אל סבון פינוק לילדים,מיליליטרים,700.00,"100 מ""ל",false,1,14.90,2.13,true,1,
7290112492982,false,אבקת מרק פטריות רכיבים טבעיים קנור 400ג',יוניליוור ישראל מזון,IL,קנור מרק פטריות רכיב,גרמים,400.00,100 גרם,false,1,26.90,6.73,true,1,
7290112492999,false,מרק טעם עוף 400 גרם צנצנת קנור,יוניליוור ישראל מזון,IL,מרק טעם עוף 400 גרם,גרמים,400.00,100 גרם,false,1,16.90,4.23,true,1,
7290112493088,false,נמס בכוס עדשים מרק רכיבים טבעיים קנור 54 ג',,IL,מרק קנור נמס בכוס עד,גרמים,54.00,100 גרם,false,1,7.90,14.63,true,1,
7290112493095,false,נמס בכוס מרק עגבניות חריף רכיבים טבעיים קנור 48 ג',,IL,מרק קנור נמס בכוס עג,גרמים,48.00,100 גרם,false,1,7.90,16.46,true,1,
7290112493316,false,מרק אפונה רכיבים טבעיים 117 ג' קנור,,IL,מרק היום אפונה 117 ג,גרמים,117.00,100 גרם,false,1,14.90,12.74,true,1,
7290112494153,false,תיבולית ניחוח צלי קנור 72 גרם,יוניליוור ישראל מזון,IL,תיבולית ניחוח צלי קנ,גרמים,72.00,100 גרם,false,1,12.30,17.08,true,1,
7290112494221,false,קליק - ביסקויט תפזורת 65 גרם,יוניליוור ישראל מזון,IL,קליק ביסקוויט 65 גרם,גרמים,65.00,100 גרם,false,1,6.90,10.62,true,1,
7290112494238,false,קליק - כדורים חלב תפזורת 65 גרם,יוניליוור ישראל מזון,IL,קליק כדורי חלב 65 גר,גרמים,65.00,100 גרם,false,1,6.90,10.62,true,1,
7290112494276,false,קליק כריות תפזורת 65 גר,יוניליוור ישראל מזון,IL,קליק כריות 65 גר,גרמים,65.00,100 גרם,false,1,6.90,10.62,true,1,
7290112494313,false,קליק - קורנפלקס תפזורת 65 גרם,יוניליוור ישראל מזון,IL,קליק קורנפלקס 65 גרם,גרמים,65.00,100 גרם,false,1,6.90,10.62,true,1,
7290112494344,false,קורנפלקס כספי אלופים תלמה850 גר',יוניליוור שפע ישראל,IL,קורנפלקס של אלופים כ,גרמים,850.00,100 גרם,false,1,18.90,2.22,true,1,
7290112494382,false,פירה בטעם ביתי 260 גרם-קופסא,יוניליוור ישראל מזון,IL,פירה בטעם ביתי 260 ג,גרמים,260.00,100 גרם,false,1,13.90,5.35,true,1,
7290112494795,false,"ג'ל לכביסה לבנה וצבעונית בניחוח בדין כחול 2.5 ק""ג","זוהר דליה, קיבוץ דלי",IL,גל כביסה בדין בניחוח,קילוגרמים,0.00,"ק""ג",false,1,38.50,38.50,true,1,
7290112494818,false,"ג'ל לכביסה לבנה וצבעונית בייבי 2.5 ק""ג",היינץ צפון אמריקה מק,IL,גל כביסה בדין בייבי,קילוגרמים,0.00,"ק""ג",false,1,38.50,38.50,true,1,
7290112495006,false,כריות נוגט 686 גרם - קופסא,יוניליוור שפע ישראל,IL,כריות נוגט 686 גרם -,גרמים,686.00,100 גרם,false,1,27.90,4.07,true,1,
7290112495020,false,כריות צוקולדה 686 גרם קופסא,יוניליוור שפע ישראל,IL,כריות צוקולדה 686 ג,גרמים,686.00,100 גרם,false,1,28.90,4.21,true,1,
7290112495037,false,דגני בוקר בטעם שוקולד כדורים 375 ג' קוקומן,יוניליוור שפע ישראל,IL,קוקומן כדורים פחות ס,גרמים,375.00,100 גרם,false,1,21.90,5.84,true,1,
7290112495105,false,נשנושים בטעם שמנת ובצל 260ג',בייגל את בייגל מזון,IL,נשנושים תפוא בצל 260,גרמים,260.00,100 גרם,false,1,13.90,5.35,true,1,
7290112495112,false,נשנושים זעתר ב.בייגל 260ג',בייגל את בייגל מזון,IL,נשנושים זעתר 260 גרם,גרמים,260.00,100 גרם,false,1,13.90,5.35,true,1,
7290112495167,false,נישנושים קרקר משולשי שומשום 300 גרם,בייגל את בייגל מזון,IL,נישנושים משולש שומשו,גרמים,300.00,100 גרם,false,1,10.00,3.33,true,1,
7290112495174,false,נשנושים קוקטייל שומשום 300ג' ב.בייגל,בייגל את בייגל מזון,IL,קרקרים קוקטייל שומשו,גרמים,300.00,100 גרם,false,1,14.90,4.97,true,1,
7290112495228,false,"קורנפלקס דבש תלמה 448 ג' בד""צ",יוניליוור שפע ישראל,IL,קורנפלקס דבש 448 גרם,גרמים,448.00,100 גרם,false,1,20.90,4.67,true,1,
7290112495280,false,ריבועי ברנפלקס קינמון 400 גרם,,IL,ריבועי ברנפלקס קינמו,גרמים,400.00,100 גרם,false,1,24.90,6.23,true,1,
7290112495433,false,דגני דליפקאן תוספת אגוזי פקאן ושקדים 400 גר,יוניליור שפע ישראל ב,IL,דליפקאן 400 גרם,גרמים,400.00,100 גרם,false,1,23.90,5.98,true,1,
7290112495488,false,קורנפלקס פתיתי תירס קלויים ללא גלוטן 500,"מולינו ניקולי S.p.A,",IT,קורנפלקס פתיתי תירס,גרמים,500.00,100 גרם,false,1,23.90,4.78,true,1,
7290112495662,false,קרקר חיטה מלאה ופשתן בייגל בייגל 300 גרם,"מיוצר ע""י קוד יצרן A",IL,קרקר חיטה מלאה עם פש,גרמים,300.00,100 גרם,false,1,12.50,4.17,true,1,
7290112495686,false,קרקר שומשום בייגל בייגל 220 גרם,,IL,קרקר שומשום 220 גרם,גרמים,220.00,100 גרם,false,1,11.90,5.41,true,1,
7290112495785,false,רוטב לסלט שום הלמנס 300ג,יוניליוור ישראל מזון,IL,הלמנס רוטב שום 300 ג,גרמים,300.00,100 גרם,false,1,15.40,5.13,true,1,
7290112495808,false,"רטבי הלמנס לסלט 300 מ""ל חרדל ודבש",יוניליוור ישראל מזון,IL,הלמנס לסלט חרדל ודבש,מיליליטרים,305.00,"100 מ""ל",false,1,15.40,5.05,true,1,
7290112495938,false,קרקר 6 דגנים בייגל בייגל 250 גרם,"מיוצר ע""י קוד יצרן A",IL,קרקר 6 דגנים 250 גרם,גרמים,250.00,100 גרם,false,1,11.90,4.76,true,1,
7290112495976,false,פריכיות אורז מצופות שוקולד חלב 35 גרם,גוד פוד פרודקטס Sp.z,PL,פריכיות אורז מצופות,גרמים,35.00,100 גרם,false,1,6.50,18.57,true,1,
7290112495983,false,פרכיות פתיתבציפוי שוקולד חלב ושבבי קרמל מלוח 39 גר',גוד פוד פרודקטס Sp.z,PL,פריכיות אורז שוקולד,גרמים,35.00,100 גרם,false,1,6.50,18.57,true,1,
7290112496027,false,סירופ שוקולד 580 גרם-בקבוק,יוניליוור ישראל מזון,IL,סירופ שוקולד 580 גר,גרמים,580.00,100 גרם,false,1,18.90,3.26,true,1,
7290112496034,false,סירופ מייפל אפיכל 580 גרם,יוניליוור ישראל מזון,IL,סירופ מייפל 580 גרם-,גרמים,580.00,100 גרם,false,1,18.90,3.26,true,1,
7290112496287,false,פתית - צ'יפס בטטה בטעם טבעי 21 גרם,JLM גלובל פודס37 דרך,GB,פתית ציפס בטטה בטעם,גרמים,21.00,100 גרם,false,1,5.90,28.10,true,1,
7290112496447,false,נמס בכוס אקסטרה טעם עוף עם המון אטריות 27ג',יוניליוור ישראל מזון,IL,נמס בכוס אקסטרה טעם,גרמים,27.00,100 גרם,false,1,4.90,18.15,true,1,
7290112496461,false,מרק נמס בכוס אקסטרה ירקות ואיטריות קנור,יוניליוור ישראל מזון,IL,מרק נמס בכוס אקסטרה,גרמים,32.00,100 גרם,false,1,4.90,15.31,true,1,
7290112497031,false,קנור רוטב עגבניות לקציצות 415 גרם,,IT,קנור רוטב עגבניות לק,גרמים,415.00,100 גרם,false,1,13.90,3.35,true,1,
7290112497123,false,אבקת סחלב קנור 112 גרם,יוניליוור ישראל מזון,IL,סחלב 112 גרם-קופסא,גרמים,112.00,100 גרם,false,1,16.90,15.09,true,1,
7290112497499,false,טבלה שוקולד לבן ועוגיות קליק 85 ג',,IL,קליק שוקולד לבן ועוג,גרמים,85.00,100 גרם,false,1,7.90,9.29,true,1,
7290112497864,false,מרק עוף רכיבים טבעיים 33% פחות נתרו 400ג',,IL,מרק עוף אמיתי פחות נ,גרמים,400.00,100 גרם,false,1,25.90,6.48,true,1,
7290112497994,false,גרנולה פרוטאין בתוספת חלבון ואגוזים תלמה 300 ג',,,גרנולה פרוטאין בתוספ,גרמים,300.00,100 גרם,false,1,20.90,6.97,true,1,
7290112498267,false,"אל סבון ידיים נוזלי קלאסי פינוק 950 מ""ל",קוסטר אירוסול ולף סנ,IL,סבון ידיים בניחוח פי,מיליליטרים,950.00,"100 מ""ל",false,1,12.90,1.36,true,1,
7290112498274,false,"אל סבון לידיים לבנדר ווניל פינוק 950 מ""ל",יוניליוור ישראל טיפו,IL,סבון ידיים בניחוח לב,מיליליטרים,950.00,"100 מ""ל",false,1,12.90,1.36,true,1,
7290112498748,false,מאגדת מיני סולרו ותות 350ג',"מיוצר ע""י גלידת שטרא",IL,מיני סולרו תות 320 ג,גרמים,320.00,100 גרם,false,1,29.90,9.34,true,1,
7290112498915,false,מאגדת מיני מגנום שקדים מובחרים 250 ג',"מיוצר ע""י גלידת שטרא",IL,מאגדת מיני מגנום שקד,גרמים,250.00,100 גרם,false,1,29.90,11.96,true,1,
7290112499097,false,מאגדת מיני מגנום מריר INTENSE DARK,"מיוצר ע""י גלידת שטרא",IL,מאגדת מיני מגנום מרי,גרמים,310.00,100 גרם,false,1,29.90,9.65,true,1,
7290112499127,false,שלגון גלידה שוקולד לבן ותות 77 גרם,"מיוצר ע""י גלידת שטרא",IL,שלגון גלידה שוקולד ל,גרמים,77.00,100 גרם,false,1,11.90,15.45,true,1,
7290112499462,false,"פינוק - תחליב רחצה שמן קוקוס 700 מ""ל",יוניליוור ישראל טיפו,IL,תחליב רחצה פינוק שמן,מיליליטרים,700.00,"100 מ""ל",false,1,15.90,2.27,true,1,
7290112499776,false,מאגדת גלידת גודיז שלגון אישי  240 ג',"גלידת שטראוס בע""מ, ר",IL,גודיז 3 שוקולדים,גרמים,240.00,100 גרם,false,1,29.90,12.46,true,1,
7290112499844,false,מאגדת מיני מגנום דואט שוקולד עם נוגט 5 יח' שטראוס,"מיוצר ע""י גלידת שטרא",IL,מאגדת מיני מגנום דאב,גרמים,310.00,100 גרם,false,1,29.90,9.65,true,1,
7290112499929,false,מגנום שוקולד אימפלס פסח 120מל,"מיוצר ע""י גלידת שטרא",IL,מגנום שוקולד אימפאלס,גרמים,85.00,100 גרם,false,1,11.90,14.00,true,1,
7290112499943,false,מיני מאגדת מיני מגנום טעמים שונים וניל+שוקו,"מיוצר ע""י גלידת שטרא",IL,מיני מגנום וניל+שוקו,גרמים,270.00,100 גרם,false,1,29.90,11.07,true,1,
7290112960115,false,אסם שקדי מרק 30% קמח חיטה מלא 12*350גרם,,IL,שקדי מרק 30% קמח חי,גרמים,350.00,100 גרם,false,1,10.00,2.86,true,1,
7290112961372,false,פיטנס חטיפי פריכיות דקות קינמון 60 גרם,"פרח תעשיות מזון בע""מ",IL,פיטנס חטיפי פריכיות,גרמים,60.00,100 גרם,false,1,9.90,16.50,true,1,
7290112961464,false,פיטנס חטיפי פריכיות דקות מתובלות 60 גרם,"פרח תעשיות מזון בע""מ",IL,פיטנס חטיפי פריכיות,גרמים,60.00,100 גרם,false,1,9.90,16.50,true,1,
7290112963918,false,פיטנס חטיפי קרקר דק רוזמרין 140 גרם,אסם,IL,פיטנס קרקר דק רוזמרי,גרמים,140.00,100 גרם,false,1,13.90,9.93,true,1,
7290112964052,false,פרפקטו פסטה וזוביוטו 12*500גרם,ניולט פוד ס.פ.א,IT,פסטה מוביוטו פרפקטו,גרמים,500.00,100 גרם,false,1,13.90,2.78,true,1,
7290112964564,false,"רוטב אלף האיים לייט לסלט 290 מ""ל אסם",אסם,IL,רוטב אלף האיים לייט,מיליליטרים,295.00,"100 מ""ל",false,1,15.00,5.08,true,1,
7290112964724,false,טבעול המבורגר טבעוני 580 גרם,מיוצר עי קונדיטוריית,IL,טבעול המבורגר טבעוני,גרמים,580.00,100 גרם,false,1,38.50,6.64,true,1,
7290112965585,false,פרפקטו פסטה קסרצה 500 גרם,,IL,פרפקטו פסטה קסרצה 50,גרמים,500.00,100 גרם,false,1,8.30,1.66,true,1,
7290112965684,false,פיטנס - חטיף מולטיגריין עשבי תיבול 25 גרם,מיוצר עי קונדיטוריית,IL,פיטנס חטיף מולטיגריי,גרמים,25.00,100 גרם,false,1,5.50,22.00,true,1,
7290112965745,false,אוסם - ביסלי פריסטייל בצל מעושן 60 גרם,"אסם השקעות בע""מ",IL,ביסלי פריסטייל בצל מ,גרמים,60.00,100 גרם,false,1,4.90,8.17,true,1,
7290112965806,false,אוסם - ביסלי פריסטייל חמוץ חריף 60 גרם,אסם,IL,ביסלי פריסטייל חמוץ,גרמים,60.00,100 גרם,false,1,4.90,8.17,true,1,
7290112965868,false,קרם קרקר במליחות מעודנת 250 גרם אסם,,IL,קרם קרקר במליחות מעו,גרמים,250.00,100 גרם,false,1,11.40,4.56,true,1,
7290112966445,false,במבה מתוקה אריזה גדולה 100 ג' אסם,"אסם השקעות בע""מ",IL,במבה מתוקה אריזה גדו,גרמים,100.00,100 גרם,false,1,8.30,8.30,true,1,
7290112967114,false,פיטנס חטיפי פריכיות קטניות ופלפל 60 גרם,"פרח תעשיות מזון בע""מ",IL,פיטנס חטיפי פריכיות,גרמים,60.00,100 גרם,false,1,9.90,16.50,true,1,
7290112967381,false,חטיפי פריכיות פיטנס קטניות ומלח ים 60 גר',"פרח תעשיות מזון בע""מ",IL,פיטנס חטיפי פריכיות,גרמים,60.00,100 גרם,false,1,9.90,16.50,true,1,
7290112968449,false,סלט טחינה כרוב אדום 250 גרם,שוורצקוף& הנקל דיסלד,IL,סלט טחינה כרוב אדום,גרמים,250.00,100 גרם,false,1,12.50,5.00,true,1,
7290112968807,false,פיטנס - קרקר דק סלק 140 גרם,מפעל אסם יקנעם,IL,פיטנס קרקר דק סלק 14,גרמים,140.00,100 גרם,false,1,13.90,9.93,true,1,
7290112968821,false,פיטנס - קרקר דק בטטה 140 גרם,מפעל אסם יקנעם,IL,פיטנס קרקר דק בטטה 1,גרמים,140.00,100 גרם,false,1,13.90,9.93,true,1,
7290113192157,false,אגוזי ברזיל קלופים 150 גרם,,IL,אגוזי ברזיל קלופים 1,גרמים,150.00,100 גרם,false,1,18.80,12.53,true,1,
7290113192164,false,אגוזי קשיו קלופים ששון הקולה 150 ג',,IL,אגוזי קשיו קלופים 15,גרמים,150.00,100 גרם,false,1,17.90,11.93,true,1,
7290113192171,false,מיקס אגוזים שקדים וחמוציות 150 גרם,דין שיווק,IL,מיקס אגוזים שקדים וח,גרמים,150.00,100 גרם,false,1,17.90,11.93,true,1,
7290113192201,false,תערובת להכנת סחלב 500 גרם,,IL,תערובת להכנת סחלב 50,גרמים,500.00,100 גרם,false,1,16.90,3.38,true,1,
7290113192300,false,זיתים מושחרים חרוזית 275 גרם בית השיטה,,IL,זיתים מושחרים חרוזית,גרמים,275.00,100 גרם,false,1,12.90,4.69,true,1,
7290113192331,false,בית השיטה זית ירוק גדול א2 12*340ג חדש,,IL,זית ירוק גדול A2 בית,גרמים,340.00,100 גרם,false,1,12.90,3.79,true,1,
7290113192348,false,בית השיטה זית ירוק ט.שום 17-19 א2 340גר',,IL,זית ירוק 17-19 2A ב,גרמים,340.00,100 גרם,false,1,12.90,3.79,true,1,
7290113192355,false,חרוזית זיתים ירוקים ללא גלעין 275 ג' בית השיטה,,IL,זית חרוזית ירוק A2 ב,גרמים,275.00,100 גרם,false,1,10.90,3.96,true,1,
7290113192379,false,בית השיטה זיתים ירוקים מבוקעים א2 340גר',,IL,זיתים ירוקים מבוקעים,גרמים,340.00,100 גרם,false,1,12.60,3.71,true,1,
7290113192386,false,זיתים סורי מבוקע A2 בית השיטה 340ג',,IL,זית סורי מבוקע A2 בי,גרמים,666.00,100 גרם,false,1,13.90,2.09,true,1,
7290113192393,false,קוקטייל זיתים A2 בית השיטה 336 גרם,,IL,קוקטייל זיתים A2 בית,גרמים,336.00,100 גרם,false,1,13.90,4.14,true,1,
7290113192478,false,מלפפונים במלח 10-12 בית השטה 320 גרם,,IL,מלפפונים במלח 10-12,גרמים,320.00,100 גרם,false,1,8.90,2.78,true,1,
7290113192485,false,בית השיטה מלפ.חומץ ר.טבע.א2 12-10 290גר',,IL,מלפפונים בחומץ 10-12,גרמים,320.00,100 גרם,false,1,8.90,2.78,true,1,
7290113192492,false,ב.הש.מלפ.חומץ ר.טבע.א2 17-13 12*290ג חדש,,IL,מלפפון בחומץ 17-13 ב,גרמים,290.00,100 גרם,false,1,12.40,4.28,true,1,
7290113192508,false,מלפפון במלח 17-13 בית השיטה 320 גרם,,IL,מלפפון במלח 17-13 בי,גרמים,320.00,100 גרם,false,1,12.40,3.88,true,1,
7290113192515,false,מלפפון במלח 18-25 320 גרם בית השיטה,,IL,מלפפון במלח 18-25 32,גרמים,320.00,100 גרם,false,1,13.90,4.34,true,1,
7290113192522,false,מלפפון בחומץ א2 25-18 290ג' בית השיטה,,IL,מלפפון בחומץ 18-25 2,גרמים,290.00,100 גרם,false,1,13.90,4.79,true,1,
7290113192539,false,מלפפון במלח 7-9 בית השיטה 320 גר,,IL,מלפפון במלח 7-9 בית,גרמים,320.00,100 גרם,false,1,7.90,2.47,true,1,
7290113192546,false,ב.הש.מלפ.בחומץ ר.טבע.א2 7-9 12*290ג חדש,,IL,מלפפון בחומץ 7-9 בי,גרמים,290.00,100 גרם,false,1,7.90,2.72,true,1,
7290113192553,false,מלפפונים במלח באלדי 13-17 בית השיטה 320ג,,IL,מלפפונים במלח באלדי,גרמים,320.00,100 גרם,false,1,11.90,3.72,true,1,
7290113192577,false,כרוב כבוש A2 בית השיטה 430 גרם,,IL,כרוב כבוש A2 בית השי,גרמים,430.00,100 גרם,false,1,9.50,2.21,true,1,
7290113193000,false,פלפל שיפקונית 230 גרם בית השיטה,שוורצקוף& הנקל דיסלד,IL,פלפל שיפקונית 230 גר,גרמים,230.00,100 גרם,false,1,13.90,6.04,true,1,
7290113193017,false,קוקטייל זיתים 275 גרם בית השיטה,,IL,קוקטייל זיתים 275 גר,גרמים,275.00,100 גרם,false,1,15.90,5.78,true,1,
7290113193321,false,"שמן זית כתית מעולה בית השיטה 750 מ""ל",,IL,בית השיטה שמן זית כת,מיליליטרים,750.00,"100 מ""ל",false,1,34.90,4.65,true,1,
7290113193369,false,בית השיטה תרסיס שמן קנולה מזוכך 150 מל,,IL,בית השיטה תרסיס שמן,מיליליטרים,150.00,"100 מ""ל",false,1,14.90,9.93,true,1,
7290113193888,false,חצילים מוחמצים 320 גרם בית השיטה,שוורצקוף& הנקל דיסלד,IL,חצילים מוחמצים 320 ג,גרמים,320.00,100 גרם,false,1,13.90,4.34,true,1,
7290113195042,false,מלפפון חמוץ במלח כבישה ביתית בית השיטה 750 גר',שוורצקוף& הנקל דיסלד,IL,מלפפפון מלח כבישה בי,גרמים,750.00,100 גרם,false,1,33.50,4.47,true,1,
7290113195196,false,"רסק תפוחי עץ ללת""ס 710 גרם",,PL,"רסק תפוחי עץ ללת""ס 7",גרמים,710.00,100 גרם,false,1,12.50,1.76,true,1,
7290113195967,false,שיבולת שועל פחית 500 גרם,,,שיבולת שועל פחית 500,גרמים,500.00,100 גרם,false,1,9.90,1.98,true,1,
7290113196414,false,"אורז בסמטי 1 ק""ג כחול מטאלי שקדיה",,IN,אורז בסמטי שקדיה 1 ק,גרמים,1000.00,100 גרם,false,1,13.20,1.32,true,1,
7290113300255,false,פאוצ' להקט פורל ג'לי 85 גר',יו פי אף,FR,פאוצ נתחוני לה קט עם,Unknown,0.00,Unknown,false,1,4.90,4.90,true,1,
7290113302273,false,חטיף עוף קלציום כתום בונזו 80 ג',שינייה פט פוד,CN,חטיף בונזו עצם קלציו,Unknown,0.00,Unknown,false,1,12.90,12.90,true,1,
7290113302327,false,חטיף עוף טבעות כחול בונזו 80 ג',,,חטיף בונזו טבעות עוף,Unknown,0.00,Unknown,false,1,12.90,12.90,true,1,
7290113660977,false,מפת שולחן ויסקוזה אמ,,IL,מפת שולחן ויסקוזה אמ,Unknown,0.00,Unknown,false,1,6.90,6.90,true,1,
7290114154116,false,"מרכך ללא מלחים בוטני 500 מ""ל",,IL,מרכך ללא מלחים בוטני,מיליליטרים,500.00,"100 מ""ל",false,1,31.90,6.38,true,1,
7290114310215,false,"שמנת מתוקה 38% שומן 250 מ""ל טרה",מילקו תעשיות בעמ,IL,שמנת מתוקה 38% 250 מ,גרמים,250.00,100 גרם,false,1,6.47,2.59,true,1,
7290114310222,false,חלב טרה מועשר בסידן וויטמין 3% 1.5ל',מילקו תעשיות בעמ,IL,חלב מועשר בסידן וויט,מיליליטרים,1500.00,"100 מ""ל",false,1,13.90,0.93,true,1,
7290114310239,false,חלב טרה נטול לקטוז מועשר בוויטמין D 2% 1.5 ל',מילקו תעשיות בעמ,IL,חלב נטול לקטוז מועשר,מיליליטרים,1500.00,"100 מ""ל",false,1,13.90,0.93,true,1,
7290114310383,false,Muller Froop מולר יוגורט מוקצף בטעם וניל 90 גרם,מילקו,IL,מולר יוגורט מוקצף בט,גרמים,97.00,100 גרם,false,1,4.60,4.74,true,1,
7290114310390,false,מולר קציפת יוגורט בטעם בננה לוטי 97 גרם,מילקו,IL,מולר WIP- יוגורט מוק,גרמים,97.00,100 גרם,false,1,4.60,4.74,true,1,
7290114310406,false,מולר פרופ יוגורט מוקצף בטעם תות 97 גרם,מילקו,IL,מולר WIP- יוגורט מוק,גרמים,97.00,100 גרם,false,1,4.60,4.74,true,1,
7290114310536,false,יוגורט לייט מעושר בחלבון בטעם וניל מולר 200 ג',,IL,מולר אקטיב לייט,גרמים,200.00,100 גרם,false,1,6.90,3.45,true,1,
7290114310611,false,"משקה חלב בננה בבקבוק פקק ספורט טרה 250 מ""ל",,IL,משקה חלב בננה טרה 25,מיליליטרים,250.00,"100 מ""ל",false,1,6.20,2.48,true,1,
7290114311014,false,"משקה חלב אייס קפוצינו יטבתה 250 מ""ל פקק",,,משקה חלב אייס קפוצינ,גרמים,200.00,100 גרם,false,1,6.20,3.10,true,1,
7290114311038,false,"שמנת מתוקה 32% 250 מ""ל בבקבוק טרה",,,שמנת מתוקה 32% 250 מ,מיליליטרים,250.00,"100 מ""ל",false,1,7.20,2.88,true,1,
7290114311069,false,מעדן יוגורט בטעם טבעי חלבון 200 ג' מולר אקטיב,טרה,IL,מולר אקטיב 25 ג חלבו,גרמים,150.00,100 גרם,false,1,6.90,4.60,true,1,
7290114311076,false,"חמאת מולר צהובה עם שום, 200 גרם",טרה,IL,מולר חמאה צהובה עם ש,גרמים,200.00,100 גרם,false,1,13.90,6.95,true,1,
7290114311298,false,יוגורט מולר פרופ בטעם תות בננה מלון 150,,IL,יוגורט מולר פרופ בטע,גרמים,150.00,100 גרם,false,1,5.40,3.60,true,1,
7290114311304,false,יוגורט קציפת מנגו פסיפלורה בננה 150 ג' מולר,,IL,יוגורט מולר פרופ בטע,גרמים,150.00,100 גרם,false,1,5.40,3.60,true,1,
7290114311328,false,חלב דל לקטוז מועשר בויטמין D 2% 1 ליטר,מילקו תעשיות בעמ,IL,חלב דל לקטוז מועשר ב,מיליליטרים,1000.00,"100 מ""ל",false,1,8.90,0.89,true,1,
7290114311359,false,יוגורט עם קציפת מנגו 3% שומן פרופ 150 ג' מולר,,IL,יוגורט מולר פרופ בטע,גרמים,150.00,100 גרם,false,1,5.40,3.60,true,1,
7290114311434,false,מולר אקטיב יוגורט בטעם קרמל מלוח 200 גרם,טרה,IL,מולר אקטיב יוגורט בט,גרמים,200.00,100 גרם,false,1,6.50,3.25,true,1,
7290114311441,false,"מולר אקטיב בטעם עוגיות חמאה 0% שומן, 200 גרם",טרה,IL,מולר אקטיב יוגורט בט,גרמים,200.00,100 גרם,false,1,6.50,3.25,true,1,
7290114311458,false,"חלב מועשר 3% וויטמין קרטון, 1 ל טרה",טרה,IL,חלב בקרטון מועשר ויט,מיליליטרים,1000.00,"100 מ""ל",false,1,8.90,0.89,true,1,
7290114311502,false,"משקה חלב בקבוק בטעם סחלב, 1 ליטר",מילקו תעשיות בעמ,IL,משקה חלב בטעם סחלב ט,מיליליטרים,1000.00,"100 מ""ל",false,1,13.90,1.39,true,1,
7290114600927,false,עלי טורטיה חיטה מלאה מאסטר שף 320 גרם,,,מנה עלי טורטיה חיט מ,גרמים,320.00,100 גרם,false,1,11.90,3.72,true,1,
7290114603591,false,PLAY חטיף פוף בטעם קטשופ 40 גרם,,,PLAY חטיף פוף בטעם ק,גרמים,40.00,100 גרם,false,1,4.60,11.50,true,1,
7290114603607,false,PLAY חטיף פוף בטעם חמוץ חריף 40 גרם,,,PLAY חטיף פוף בטעם ח,גרמים,40.00,100 גרם,false,1,4.60,11.50,true,1,
7290114604895,false,ממרח ספייסי לחיץ מאסטר שף 446 גרם,Remia,NL,ממרח ספייסי לחיץ מאס,גרמים,446.00,100 גרם,false,1,13.90,3.12,true,1,
7290114606554,false,מיונז לייט לחיץ מאסטר שף 470 גרם,Remia,NL,מיונז לייט לחיץ מאסט,גרמים,470.00,100 גרם,false,1,13.90,2.96,true,1,
7290114606578,false,שקדי מרק מאסטר שף 400 גרם,,IL,שקדי מרק מאסטר שף 40,גרמים,400.00,100 גרם,false,1,10.00,2.50,true,1,
7290114608671,false,סילאן לחיץ מאסטר שף 470 גרם,,AE,סילאן לחיץ מאסטר שף,גרמים,470.00,100 גרם,false,1,16.70,3.55,true,1,
7290114651561,false,באנר אותיות יום הולד,,CN,באנר אותיות יום הולד,Unknown,1.00,Unknown,false,12,9.90,9.90,true,1,
7290114656245,false,כרזת HBD שחור כוכבי,,CN,כרזת HBD שחור כוכבי,Unknown,1.00,Unknown,false,5,4.90,4.90,true,1,
7290114659949,false,מסכה לפנים חד-פעמי 50 יחי,,,מסכה לפנים חד פעמי 5,יחידה,1.00,יחידה,false,1,10.90,10.90,true,1,
7290115071504,false,מטבעות שוקולד ברשת סמי הכבאי 31 גר,,NL,מטבעות שוקולד ברשת ס,גרמים,31.00,100 גרם,false,1,4.90,15.81,true,1,
7290115072884,false,סביבון אור עם סוכריות 5 גרם - כוח פי גיי,,CN,סביבון אור כוח פי גי,גרמים,5.00,100 גרם,false,1,8.90,178.00,true,1,
7290115073683,false,מסכה לפנים חד פעמי מארז 10 יח צבעוניות,,,מסכה לפנים חד פעמי מ,יחידה,1.00,יחידה,false,1,4.90,4.90,true,1,
7290115075199,false,מטבעות שוקולד ברשת ליגת הצגק 31 גר,,NL,מטבעות שוקולד ברשת ל,גרמים,31.00,100 גרם,false,1,4.90,15.81,true,1,
7290115075205,false,מטבעות שוקולד ברשת לוני טונס 31 גר,,NL,מטבעות שוקולד ברשת ל,גרמים,31.00,100 גרם,false,1,4.90,15.81,true,1,
7290115079340,false,שקית 10 פסטל מקרון,,CN,שקית 10 פסטל מקרון,Unknown,1.00,Unknown,false,20,5.50,5.50,true,1,
7290115180268,false,יחידות טבק לחימום צהוב PP,פיליפ מוריס,IL,יחידות טבק לחימום צה,Unknown,0.00,Unknown,false,1,26.50,26.50,true,1,
7290115180275,false,יחידות טבק לחימום טורקיז PP,פיליפ מוריס,IL,יחידות טבק לחימום טו,Unknown,0.00,Unknown,false,1,26.50,26.50,true,1,
7290115180282,false,יחידות טבק לחימום ברונז PP,פיליפ מוריס,IL,יחידות טבק לחימום בר,Unknown,0.00,Unknown,false,1,26.50,26.50,true,1,
7290115180299,false,יחידות טבק לחימום סיינה PP,פיליפ מוריס,IL,יחידות טבק לחימום סי,Unknown,0.00,Unknown,false,1,26.50,26.50,true,1,
7290115180688,false,יחידות טבק לחימום סגול PP,,,יחידות טבק לחימום סג,Unknown,0.00,Unknown,false,1,26.50,26.50,true,1,
7290115181531,false,EHC1 HEETS TEAK SELECTION S50 PRI חפיסה,פיליפ מוריס,RO,היטס טיק TEAK SELECT,Unknown,0.00,Unknown,false,1,26.50,26.50,true,1,
7290115190014,false,סיגריות מרלבורו רד קצר בוקס,פיליפ מוריס,,מרלבורו רד קצר בוקס,Unknown,0.00,Unknown,false,1,35.90,35.90,true,1,
7290115190052,false,סיגריות מרלבורו מדיום פלייבור מיקס,פיליפ מוריס,,מרלבורו פלייבור מיקס,Unknown,0.00,Unknown,false,1,35.90,35.90,true,1,
7290115190076,false,סיגריות מרלבורו גולד ארוך 100 בוקס,פיליפ מוריס,,מרלבורו גולד 100 חפי,Unknown,0.00,Unknown,false,1,35.90,35.90,true,1,
7290115190090,false,סיגריות מרלבורו גולד קצר בוקס,פיליפ מוריס,,מרלבורו גולד קצר,Unknown,0.00,Unknown,false,1,35.90,35.90,true,1,
7290115190137,false,מלבורו פיין טאצ 7.1 חפיסה,פיליפ מוריס,,מלבורו פיין טאצ 7.1,יחידה,1.00,יחידה,false,1,31.90,31.90,true,1,
7290115190144,false,מרלבורו גולד טאצ' פאקט,פיליפ מוריס,,מרלבורו טאץ PP קרטוש,יחידה,1.00,יחידה,false,1,290.00,290.00,true,1,
7290115190151,false,מלבורו גולד טאצ 7.1 חפיסה,פיליפ מוריס,,מלבורו גולד טאצ 7.1,יחידה,1.00,יחידה,false,1,31.90,31.90,true,1,
7290115190175,false,פרלמנט סופר סלימס קופסא,פיליפ מוריס,,פרלמנט סופר סלימס חפ,Unknown,0.00,Unknown,false,1,41.00,41.00,true,1,
7290115190199,false,סיגריות פרלמנט (חפיס,פיליפ מוריס,,פרלמנט ארוך RCB חפיס,Unknown,0.00,Unknown,false,1,41.00,41.00,true,1,
7290115190212,false,פרלמנט ארוך בלו RCB קופסא,פיליפ מוריס,,פרלמנט ארוך בלו RCB,Unknown,0.00,Unknown,false,1,41.00,41.00,true,1,
7290115190236,false,סיגריות פרלמנט קצר בלו,פיליפ מוריס,,פרלמנט קצר בלו חפיסה,Unknown,0.00,Unknown,false,1,41.00,41.00,true,1,
7290115190250,false,סיגריות פרלמנט נייטP,פיליפ מוריס,,פרלמנט נייט PP חפיסה,Unknown,0.00,Unknown,false,1,41.00,41.00,true,1,
7290115190274,false,סיגריות פרלמנט סילבר,פיליפ מוריס,,פרלמנט סילבר חפיסה,Unknown,0.00,Unknown,false,1,41.00,41.00,true,1,
7290115190335,false,ל.מ.בלו לייבל ארוך בוקס חפיסה,פיליפ מוריס,,ל.מ.בלו לייבל ארוך ב,Unknown,0.00,Unknown,false,1,31.90,31.90,true,1,
7290115190359,false,L&M בלו לייבל קצר-חפיסה,פיליפ מוריס,,L&M בלו לייבל קצר-חפ,Unknown,0.00,Unknown,false,1,31.90,31.90,true,1,
7290115190373,false,סיגריות ל.מ. קפסולהP,פיליפ מוריס,,ל.מ.פורוורד חפיסה,Unknown,0.00,Unknown,false,1,31.90,31.90,true,1,
7290115190397,false,סיגריות LM רד לייבל קצר,פיליפ מוריס,,ל.מ רדPP חפיסה,Unknown,0.00,Unknown,false,1,31.90,31.90,true,1,
7290115190410,false,ל.מ. סילבר לייבל חפיסה,פיליפ מוריס,,ל.מ. סילבר לייבל חפי,Unknown,0.00,Unknown,false,1,31.90,31.90,true,1,
7290115190434,false,סיגריות LM לייט וייב סלימס,פיליפ מוריס,IL,ל.מ וייב PP חפיסה,Unknown,0.00,Unknown,false,1,31.90,31.90,true,1,
7290115190458,false,סיגריות נקסט אדג בוד,פיליפ מוריס,,נקסט ארג חפיסה,Unknown,0.00,Unknown,false,1,24.90,24.90,true,1,
7290115190472,false,סיגריות נקסט פיין אדג',פיליפ מוריס,,נקסט פיין ארג חפיסה,Unknown,0.00,Unknown,false,1,24.90,24.90,true,1,
7290115190519,false,סיגריות נקסט פיין חפ,פיליפ מוריס,,נקסט חפיסה,Unknown,0.00,Unknown,false,1,29.90,29.90,true,1,
7290115190557,false,סיגריות נקסט כחול קצר,פיליפ מוריס,,נקסט ריסס חפיסה,Unknown,0.00,Unknown,false,1,25.90,25.90,true,1,
7290115190571,false,סיגריות נקסט לילךPP,פיליפ מוריס,,נקסט לילך PP חפיסה,Unknown,0.00,Unknown,false,1,29.90,29.90,true,1,
7290115190595,false,סיגריות נקסט אוריגינ,פיליפ מוריס,,נקסט FF חפיסה,Unknown,0.00,Unknown,false,1,29.90,29.90,true,1,
7290115190939,false,אל.אם קפסולות קליק חפיסה,פיליפ מוריס,,ל.מ קליק קפסולה חפיס,Unknown,0.00,Unknown,false,1,24.90,24.90,true,1,
7290115200676,false,עוגיות קרמוגית קרמל מלוח 200 גר',היינץ צפון אמריקה מק,IL,קרמוגית קרמל מלוח 20,גרמים,200.00,100 גרם,false,1,12.90,6.45,true,1,
7290115201680,false,ביסלי ברביקיו 70 גרם,"אסם השקעות בע""מ",IL,ביסלי ברביקיו 70 גרם,גרמים,70.00,100 גרם,false,1,4.50,6.43,true,1,
7290115201703,false,ביסלי בטעם ברביקיו 200 ג' אסם,מיוצר עי קונדיטוריית,IL,ביסלי ברביקיו 200 גר,גרמים,200.00,100 גרם,false,1,7.90,3.95,true,1,
7290115201727,false,ביסלי בטעם בצל 200 ג' אסם,מיוצר עי קונדיטוריית,IL,ביסלי בצל 200 גרם,גרמים,200.00,100 גרם,false,1,7.90,3.95,true,1,
7290115202786,false,מנה חמה פאוצ נדלס.אטר.טעם בקר 70 גרם,,,מנה חמה פאוצ נדלס.אט,גרמים,70.00,100 גרם,false,1,5.80,8.29,true,1,
7290115202816,false,מנה חמה פאוצ נדלס.אטר.טעם עוף 70 גרם,,,מנה חמה פאוצ נדלס.אט,גרמים,70.00,100 גרם,false,1,5.80,8.29,true,1,
7290115202939,false,מנה חמה רייס נודלס עוף פטריות 50 ג' אסם,מיוצר עי קונדיטוריית,TH,מנה חמה רייס נודלס ע,גרמים,50.00,100 גרם,false,1,9.90,19.80,true,1,
7290115203134,false,פופקו פופקורן במבה 80 ג' אסם,"אסם השקעות בע""מ",IL,פופקו פופקורן במבה 8,גרמים,80.00,100 גרם,false,1,5.50,6.88,true,1,
7290115203172,false,במבה אסם 80 גרם PRO,"אסם השקעות בע""מ",IL,במבה פרו 80 גרם,גרמים,80.00,100 גרם,false,1,4.90,6.13,true,1,
7290115203295,false,פרפקטו פסטה ריציאולי מהדורה 12*500גרם,ניולט פוד ס.פ.א,IT,פרפקטו פסטה ריציאולי,גרמים,500.00,100 גרם,false,1,13.90,2.78,true,1,
7290115203486,false,אסם פירורית בטעם ביסלי גריל 200 גרם,קיבוץ עינת,IL,אסם פירורית בטעם ביס,גרמים,200.00,100 גרם,false,1,7.50,3.75,true,1,
7290115203806,false,"רוטב בסיס לבישול אסם 290 מ""ל","אסם השקעות בע""מ",IL,"אסם רוטב בסיס 290 מ""",מיליליטרים,290.00,"100 מ""ל",false,1,16.90,5.83,true,1,
7290115204018,false,מנה חמה איטלקי פסטה בסגנון אלפרדו 60 ג' אסם,אסם,IL,מנה חמה איטלקי פסטה,גרמים,60.00,100 גרם,false,1,8.80,14.67,true,1,
7290115205176,false,פיטנס - קרקר דק כפרי פיטנס 140 גרם,אסם יקנעם,IL,פיטנס קרקר כפרי 140,גרמים,140.00,100 גרם,false,1,13.90,9.93,true,1,
7290115205312,false,פיטנס - קרקר דק זיתי קלמטה 140 גרם,"אסם השקעות בע""מ",IL,פיטנס קרקר זיתים 140,גרמים,140.00,100 גרם,false,1,13.90,9.93,true,1,
7290115205527,false,חטיף פיטנס מולטיגריין עם עדשים 25 גרם,פיטנס,IL,פיטנס חטיף מולטגריין,גרמים,25.00,100 גרם,false,1,5.50,22.00,true,1,
7290115205541,false,חטיף פיטנס מולטיגריין עם חומוס 25 גרם,"אסם השקעות בע""מ",IL,פיטנס חטיף מולטיגריי,גרמים,25.00,100 גרם,false,1,5.50,22.00,true,1,
7290115205695,false,אסם בונזור בצק מצונן לפיצה 460 גרם,נסטלה סוויס (שוויץ),IL,אסם בונזור בצק מצונן,גרמים,0.00,100 גרם,false,1,18.80,18.80,true,1,
7290115207361,false,אסם פתי בר פיסטוק 500 גרם,אסם השקעות,IL,אסם פתי בר פיסטוק 50,גרמים,500.00,100 גרם,false,1,12.00,2.40,true,1,
7290115207507,false,צבר סלט טורקי 360 גרם,ג'נרל מילס סאן אדריא,IL,צבר סלט טורקי 360 גר,גרמים,360.00,100 גרם,false,1,19.30,5.36,true,1,
7290115207941,false,ויטמינצ'יק תרכיז אננס 1 ליטר,בית-השיטה עסיס תעשיו,IL,סירופ ויטמינציק אננס,מיליליטרים,1000.00,"100 מ""ל",false,1,23.90,2.39,true,1,
7290115207965,false,ויטמינצ'יק תרכיז מנגו אפרסק 1 ליטר,בית-השיטה עסיס תעשיו,IL,סירופ ויטמינציק מנגו,מיליליטרים,1000.00,"100 מ""ל",false,1,23.90,2.39,true,1,
7290115207989,false,ויטמינצ'יק תרכיז לימון 1 ליטר,בית-השיטה עסיס תעשיו,IL,סירופ ויטמינציק לימו,מיליליטרים,1000.00,"100 מ""ל",false,1,23.90,2.39,true,1,
7290115208009,false,ויטמינצ'יק תרכיז ענבים 1 ליטר,בית-השיטה עסיס תעשיו,IL,סירופ ויטמינציק ענבי,מיליליטרים,1000.00,"100 מ""ל",false,1,23.90,2.39,true,1,
7290115208023,false,סירופ ויטמינציק ענבים 2 ליטר,,,סירופ ויטמינציק ענבי,ליטרים,0.00,ליטר,false,1,49.50,49.50,true,1,
7290115208320,false,אפרופו בטעם ביסלי בצל 50ג' אסם,"אסם השקעות בע""מ",IL,אפרופו בטעם ביסלי בצ,גרמים,50.00,100 גרם,false,1,5.90,11.80,true,1,
7290115208344,false,אסם בייגלה כפיות שמנת בצל 300 גרם,,,אסם בייגלה כפיות שמנ,גרמים,300.00,100 גרם,false,1,11.90,3.97,true,1,
7290115208597,false,אסם קרמוגית מיניס קרמל מלוח 200 גרם,"אסם השקעות בע""מ",IL,אסם קרמוגית מיניס קר,גרמים,200.00,100 גרם,false,1,12.90,6.45,true,1,
7290115208849,false,מנה חמה פירה עם בטטה 51ג' אסם,אסם,IL,מנה חמה פירה עם בטטה,גרמים,51.00,100 גרם,false,1,8.80,17.25,true,1,
7290115209174,false,במבה אורירית קלאסי 60 גר',אסם השקעות בעמ,IL,במבה אוורירית 80 גרם,גרמים,80.00,100 גרם,false,1,3.80,4.75,true,1,
7290115209198,false,במבה אורירית 80 ג' אסם,אסם השקעות בעמ,IL,במבה אורירית 80 גרם,גרמים,80.00,100 גרם,false,1,4.90,6.13,true,1,
7290115209235,false,פתי בר קפה 500 גרם אסם,אסם,IL,אסם פתי בר קפה 500 ג,גרמים,500.00,100 גרם,false,1,14.90,2.98,true,1,
7290115209358,false,במבה במילוי בראוניז 60ג' אסם,"אסם השקעות בע""מ",IL,במבה במילוי בראוניז,גרמים,60.00,100 גרם,false,1,4.90,8.17,true,1,
7290115209372,false,במבה במילוי בראוניז 150ג' אסם,"אסם השקעות בע""מ",IL,במבה במילוי בראוניז,גרמים,150.00,100 גרם,false,1,10.90,7.27,true,1,
7290115250503,false,קרקר כוסמין שום ועשבי תיבול שקית 225 גרם,פת במלח,IL,קרקר כוסמין שום ועשב,גרמים,225.00,100 גרם,false,1,27.90,12.40,true,1,
7290115250527,false,קרקר חומוס 225 גרם,,IL,קרקר חומוס 225 גרם,גרמים,225.00,100 גרם,false,1,27.90,12.40,true,1,
7290115259193,false,טופי פירות יער בעבודת יד 100 גרם,,IL,טופי פירות יער בעבוד,גרמים,100.00,100 גרם,false,1,23.00,23.00,true,1,
7290115670707,false,אנרג'י גרנולה שוקולד ואגוזים 400 גרם,אמקו ספול אס. אר.או,CZ,גרנולה שוקולד ואגוזי,גרמים,400.00,100 גרם,false,1,17.70,4.43,true,1,
7290115671339,false,מיני פינוקיות בראוניז בייגל בוטן עלית 180 ג' עלית,הגביע מוצרי ופלים בע,IL,מיני פינוקיות בראוני,גרמים,180.00,100 גרם,false,1,12.90,7.17,true,1,
7290115671346,false,מיני פינוקיות טופי קרמל מלוח 180 ג' עלית,הגביע מוצרי ופלים בע,IL,מיני פינוקיות טופי ק,גרמים,180.00,100 גרם,false,1,12.90,7.17,true,1,
7290115675696,false,קוואקר אגוזים 375 גר 6 יח Cruesli,וויטפול,IL,קוואקר אגוזים 375 ג,גרמים,375.00,100 גרם,false,1,18.90,5.04,true,1,
7290115675702,false,קוואקר פירות 375 גר 6 יח Cruesli,וויטפול,IL,קוואקר פירות 375 גר,גרמים,375.00,100 גרם,false,1,18.90,5.04,true,1,
7290115675986,false,מעדן דנונה בר עם אגוזים מקורמלים 173 גרם,"שטראוס בריאות בע""מ",IL,דנונה בר אגוזים מקור,גרמים,180.00,100 גרם,false,1,4.80,2.67,true,1,
7290115676037,false,דנונה ריפרש תות דומדמניות 250 גרם,מיוצר עי קונדיטוריית,IL,דנונה ריפרש תות דומד,מיליליטרים,250.00,"100 מ""ל",false,1,6.90,2.76,true,1,
7290115676341,false,אריזות דבש אישיות טו גו 18 * 162 ג' יד מרדכי,,,דבש טהור בסשאטים 18,גרמים,162.00,100 גרם,false,1,25.90,15.99,true,1,
7290115677171,false,מארז קלאסיק וספל שחור פסח 2021 200 גרם,הנסיך- מפעל לייצור ט,IL,מארז קלאסיק וספל שחו,גרמים,200.00,100 גרם,false,1,28.90,14.45,true,1,
7290115678376,false,מעדן הגולן שוקולד 125 גרם,מיוצר עי קונדיטוריית,IL,מעדן הגולן שוקולד,גרמים,125.00,100 גרם,false,1,3.20,2.56,true,1,
7290115678970,false,מארז סוכריות FRESH בטעם בזוקה עלית 3*15 ג',,CO,שלישיית סוכריות בזוק,גרמים,45.00,100 גרם,false,1,9.90,22.00,true,1,
7290115679960,false,ציטוס פופקורן בטעם טבעי 60 ג 24 יח,"שטראוס פריטו ליי בע""",IL,ציטוס פופקורן בטעם ט,גרמים,60.00,100 גרם,false,1,4.50,7.50,true,1,
7290116240022,false,שקית 10 מקרון תכלת,,CN,שקית 10 מקרון תכלת,Unknown,1.00,Unknown,false,20,5.50,5.50,true,1,
7290116244075,false,סמי הכבאי אצבעות שוקולד חלב 84 גרם,,NL,סמי הכבאי אצבעות שוק,יחידה,1.00,יחידה,false,1,8.90,8.90,true,1,
7290116244105,false,חד קרן אצבעות שוקולד חלב 28 גרם,,NL,חד קרן אצבעות שוקולד,Unknown,0.00,Unknown,false,1,3.90,3.90,true,1,
7290116244884,false,סוכריות קישוט סמי הכ,,CN,סוכריות קישוט סמי הכ,Unknown,1.00,Unknown,false,1,28.90,28.90,true,1,
7290116244976,false,סוכריות קישוט זהב שח,,CN,סוכריות קישוט זהב שח,Unknown,1.00,Unknown,false,1,10.90,10.90,true,1,
7290116530185,false,דגני בוקר דלישקד קרמל מלוח 400 ג' תלמה,יוניליוור שפע ישראל,IL,דלישקד קרמל מלוח 400,גרמים,400.00,100 גרם,false,1,24.90,6.23,true,1,
7290116530871,false,מיקס נשנושים 240 ג' בייגל בייגל,,IL,נשנושים חטיף מיקס 24,גרמים,240.00,100 גרם,false,1,13.90,5.79,true,1,
7290116530888,false,ג'ל לכביסה לבנה וצבעונית פינוק כחול בדין 2.5 ל',"זוהר דליה, קיבוץ דלי",IL,גל לכביסה בדין,קילוגרמים,0.00,"ק""ג",false,1,38.50,38.50,true,1,
7290116531038,false,"שוקולד מריר 60% ורד הגליל 100 גרם כשל""פ",יוניליוור ישראל מזון,IL,ורד הגליל שוקולד מרי,גרמים,100.00,100 גרם,false,1,5.90,5.90,true,1,
7290116531083,false,"דגני ברנפלקס דבש ושקדים ללת""ס 400 גרם",יוניליוור שפע ישראל,IL,דגני ברנפלקס דבש ושק,גרמים,400.00,100 גרם,false,1,25.90,6.48,true,1,
7290116531496,false,דגני בוקר קינמונים 375 ג' תלמה,נאוג'אזיס נווזיס UAB,IL,קינמונים 375 גרם,גרמים,375.00,100 גרם,false,1,21.90,5.84,true,1,
7290116531557,false,"פריכיות פתית תירס עם מלח 150 גרם כשל""פ",,PL,מאגדת פתית פריכיות ת,גרמים,150.00,100 גרם,false,1,13.90,9.27,true,1,
7290116531564,false,מאגדת פתית פריכיות תירס דקות עם קינואה ובזיליקום 150 ג',,PL,מאגדת פתית פריכיות ק,גרמים,150.00,100 גרם,false,1,13.90,9.27,true,1,
7290116531571,false,מגבונים סיף לניקוי בניחוח לימון 50 יח',,,מט.לחות לניקוי כללי,Unknown,0.00,Unknown,false,1,11.90,11.90,true,1,
7290116531588,false,מגבונים סיף לניקוי בניחוח מרכך כביסה 50 יח',,IL,מט.לחות סיף לנ.כללי,Unknown,0.00,Unknown,false,1,11.90,11.90,true,1,
7290116531779,false,בדין - דפים למייבש כביסה כחול 40 יחידות,,US,בדין נייר מרכך למיי,Unknown,0.00,Unknown,false,1,21.90,21.90,true,1,
7290116531793,false,הלמנס רוטב לסלט קיסר 295 גרם,יוניליוור ישראל מזון,IL,הלמנס רוטב לסלט קיסר,גרמים,295.00,100 גרם,false,1,15.40,5.22,true,1,
7290116531908,false,"קנור רוטב מרינדה לעל האש 340 מ""ל",,IL,רוטב קנור מרינדה לגר,מיליליטרים,340.00,"100 מ""ל",false,1,12.50,3.68,true,1,
7290116532011,false,קליק חטיף שוקולד נוגט וחלב 35 גרם,אזור התעשייה רמת גבר,IL,קליק חטיף שוקולד נוג,גרמים,35.00,100 גרם,false,1,5.90,16.86,true,1,
7290116532219,false,קורנפלקס בטעם תות 448 גרם,,IL,קורנפלקס בטעם תות 44,גרמים,448.00,100 גרם,false,1,20.90,4.67,true,1,
7290116532240,false,קליק טבלת שוקולד חלב פצפוצים דגנים ועוגיות 85 גרם,,IL,XL קליק שוקולד חלב ע,גרמים,85.00,100 גרם,false,1,7.90,9.29,true,1,
7290116532394,false,"אל סבון ידיים נוזלי חמאת קקאו 950 מ""ל פינוק",,IL,סבון ידיים בתוספת חמ,מיליליטרים,950.00,"100 מ""ל",false,1,12.90,1.36,true,1,
7290116532738,false,רוטב לסלט הלמנס איטלקי בז' ואורגנו 305 ג,,IL,הלמנס רוטב איטלקי 29,גרמים,295.00,100 גרם,false,1,15.40,5.22,true,1,
7290116532769,false,תלמה גרנולה פרוטאין תפוח וקינמון 300 גרם,,,גרנולה פרוטאין ת.חלב,גרמים,300.00,100 גרם,false,1,20.90,6.97,true,1,
7290116532899,false,נישנושים איירביס פלאפל 155 גרם,,IL,נשנושים איירביס פלאפ,גרמים,155.00,100 גרם,false,1,13.90,8.97,true,1,
7290116532905,false,נישנושים איירביס ברביקיו 155 גרם,,IL,נשנושים איירביס ברבי,גרמים,155.00,100 גרם,false,1,13.90,8.97,true,1,
7290116533094,false,"פינוק - שמפו בניחוח ורדים לבנים 700 מ""ל",,IL,שמפו פינוק ורדים לבנ,מיליליטרים,700.00,"100 מ""ל",false,1,12.90,1.84,true,1,
7290116533216,false,"קנור מרק תיבול ירקות 235 מ""ל",,IL,מרק ירקות קנור 235 ג,גרמים,235.00,100 גרם,false,1,19.90,8.47,true,1,
7290116914848,false,ממתק צעצוע מאוורר ספ,,CN,ממתק צעצוע מאוורר ספ,Unknown,1.00,Unknown,false,1,16.90,16.90,true,1,
7290116930435,false,יוגורט סמיך 0% דובדבן יופלה 200 ג' GO,"תנובה בע""מ",IL,יוגורט גו סמיך דובדב,מיליליטרים,200.00,"100 מ""ל",false,1,6.80,3.40,true,1,
7290116930459,false,"יופלה שייק מנגו בננה אננס וקוקוס 230 מ""ל",תנובה בעמ,IL,יופלה שייק מנגו בננה,מיליליטרים,230.00,"100 מ""ל",false,1,8.90,3.87,true,1,
7290116930466,false,"משקה SHAKE בננה מנגן פסיפלורה והל 230 מ""ל יופלה",תנובה בעמ,IL,יופלה שייק מנגו בננה,מיליליטרים,230.00,"100 מ""ל",false,1,8.90,3.87,true,1,
7290116930480,false,"משקה SHAKE בננה קיווי תפוח 230 מ""ל יופלה",תנובה בעמ,IL,יופלה שייק בננה קיוו,מיליליטרים,230.00,"100 מ""ל",false,1,8.90,3.87,true,1,
7290116930558,false,"משקה תה קר עם חלב בטעם צאי קרמל 230 מ""ל",תנובה בעמ,IL,משקה תה קר עם חלב בט,מיליליטרים,230.00,"100 מ""ל",false,1,7.90,3.43,true,1,
7290116930626,false,ארוחה בקטנה ציזיקי עם קרקרים 150ג' תנובה,תנובה,IL,ארוחה בקטנה ציזיקי ע,גרמים,150.00,100 גרם,false,1,8.50,5.67,true,1,
7290116930657,false,משקה חלב גו בטעם בננה תמר עם ש. שועל 340,"תנובה בע""מ",IL,משקה חלב גו בטעם בננ,מיליליטרים,340.00,"100 מ""ל",false,1,9.50,2.79,true,1,
7290116930701,false,מעדן חלב גו בטעם קרמל מלוח 12 גרם חלבון,תנובה בעמ,IL,מעדן חלב go בטעם קרמ,גרמים,120.00,100 גרם,false,1,5.40,4.50,true,1,
7290116930718,false,מעדן תנובה דיאט בטעם שוקולד וקרמל מלוח 0% 150ג' תנובה,"תנובה בע""מ",IL,מעדן תנובה דיאט שוקו,מיליליטרים,150.00,"100 מ""ל",false,1,4.80,3.20,true,1,
7290116930725,false,סויה BIO קוקוס גביע Alternative 150 גרם,תנובה בעמ,IL,סויה BIO קוקוס גביע,גרמים,150.00,100 גרם,false,1,5.10,3.40,true,1,
7290116930954,false,יוגורט טעם פאי תפוחים 3% 150 ג' יופלה,"תנובה בע""מ",IL,יופלה בטעם פאי תפוחי,גרמים,150.00,100 גרם,false,1,5.70,3.80,true,1,
7290116931081,false,גביע מעדן סויה בטעם טופי קרמל 125 גרם,תנובה בעמ,IL,מעדן סויה בטעם טופי,גרמים,125.00,100 גרם,false,1,4.70,3.76,true,1,
7290117260050,false,קונפיטורה חבושים 380 ג' ויליפוד,,TR,קונפיטורה חבושים 380,גרמים,380.00,100 גרם,false,1,9.90,2.61,true,1,
7290117260227,false,קפה טורקי אמיתי מטורקיה 100 גרם,,,קפה טורקי אמיתי מטור,גרמים,100.00,100 גרם,false,1,5.90,5.90,true,1,
7290117260494,false,"ניוקי תפו""א מצונן 3 צבעים 500 גרם ויליפוד",,,ניוקי תפוח אדמה 3 צב,גרמים,500.00,100 גרם,false,1,15.90,3.18,true,1,
7290117260500,false,"מיני ניוקי תפו""א מצונן 500 גרם ויליפוד",,,מיני ניוקי תפוח אדמה,גרמים,500.00,100 גרם,false,1,15.90,3.18,true,1,
7290117260975,false,זיתי קלמטה מגולענים במי מלח וילי פוד350,,TR,זיתי קלמטה מגולענים,גרמים,350.00,100 גרם,false,1,9.90,2.83,true,1,
7290117261002,false,זיתי קלמטה במי מלח וילי פוד 350 גר,,TR,זיתי קלמטה במי מלח ו,גרמים,350.00,100 גרם,false,1,9.90,2.83,true,1,
7290117261019,false,זיתים ירוקים ממולאים עם פלפלים 300 גרם ויליפוד,,TR,זיתים ירוק ממולאים מ,גרמים,300.00,100 גרם,false,1,9.90,3.30,true,1,
7290117261521,false,סלמון אטלנטי בשמן קנולה וילי פוד 120 גר,,LV,סלמון אטלנטי בשמן קנ,גרמים,120.00,100 גרם,false,1,14.90,12.42,true,1,
7290117261590,false,סרדינים בריסלינג מעושנים בשמן זית 129 גרם,,LV,סרדינים בריסלינג מעו,גרמים,185.00,100 גרם,false,1,14.90,8.05,true,1,
7290117261927,false,גבינת פקורינו מחלב כבשים צאנק 150 גרם,,ES,גבינת פקורינו מחלב כ,גרמים,150.00,100 גרם,false,0,19.90,13.27,true,1,
7290117262030,false,וופל במילוי בטעם שוקולד-תפוזים 200 גר' ויליפוד,,GR,וופל שוקולד תפוזים ו,גרמים,200.00,100 גרם,false,1,12.90,6.45,true,1,
7290117262047,false,וופל במילוי בטעם בננה ושוקולד 200 גר' ויליפוד,,GR,וופל בננה ושוקולד וי,גרמים,200.00,100 גרם,false,1,12.90,6.45,true,1,
7290117380192,false,חטיף פוף קראנץ בטעם גריל 60 גרם,מנה,IL,חטיף פוף קראנץ בטעם,גרמים,60.00,100 גרם,false,1,4.60,7.67,true,1,
7290117380871,false,עוגות אישיות בטעם אוכמניות 120 ג' סלים דליס פייבר,הלמה הלום,NL,סלים דליס פייבר עוגי,גרמים,120.00,100 גרם,false,1,12.90,10.75,true,1,
7290117900949,false,בוטנים מצופים אמריקאים 250 גרם,,IL,בוטנים מצופים אמריקא,גרמים,250.00,100 גרם,false,1,10.90,4.36,true,1,
7290117900956,false,תערובת פיצוחים קלויים 180 גרם,,IL,תערובת פיצוחים קלויי,גרמים,180.00,100 גרם,false,1,15.90,8.83,true,1,
7290117900963,false,בוטנים קלויים 270 גרם,,IL,בוטנים קלויים 270 גר,גרמים,270.00,100 גרם,false,1,10.90,4.04,true,1,
7290117900970,false,שקדים קלויים 180 גרם,,IL,שקדים קלויים 180 גרם,גרמים,180.00,100 גרם,false,1,16.90,9.39,true,1,
7290117900994,false,פקאן סיני מסוכר 140 גרם,,IL,פקאן סיני מסוכר 140,גרמים,140.00,100 גרם,false,1,15.90,11.36,true,1,
7290117901007,false,פיסטוקים קלויים 130 גרם,,IL,פיסטוקים קלויים 130,גרמים,130.00,100 גרם,false,1,15.90,12.23,true,1,
7290117901014,false,קשיו קלוי 160 גרם,,IL,קשיו קלוי 160 גרם,גרמים,160.00,100 גרם,false,1,15.90,9.94,true,1,
7290117901021,false,קבוקים בוטנים מצופים עם שומשום 220 גרם,,IL,קבוקים בוטנים מצופים,גרמים,220.00,100 גרם,false,1,10.90,4.95,true,1,
7290117901045,false,בוטן רביולי 200 גרם,,IL,בוטן רביולי 200 גרם,גרמים,200.00,100 גרם,false,1,15.90,7.95,true,1,
7290117901052,false,שקדים קלופים 180 גרם,,IL,שקדים קלופים 180 גרם,גרמים,180.00,100 גרם,false,1,15.90,8.83,true,1,
7290117901175,false,שקדים קלופים 250 גרם ששון הקולה,,,שקדים קלופים 250 גרם,גרמים,250.00,100 גרם,false,1,20.00,8.00,true,1,
7290117901182,false,בוטן קליפה קלוי 350 גרם ששון הקלה,,,בוטן קליפה קלוי 350,גרמים,350.00,100 גרם,false,1,10.00,2.86,true,1,
7290118420378,false,אסם פתי בר פינוקים תותים ושמנת 220 גרם,דר גררד,IL,אסם פתי בר פינוקים ת,גרמים,220.00,100 גרם,false,1,11.90,5.41,true,1,
7290118420477,false,אסם בייגלה שטוחים בטעם ביסלי בצל 300 גר,אסם,IL,אסם בייגלה שטוחים בט,גרמים,300.00,100 גרם,false,1,11.90,3.97,true,1,
7290118420514,false,אסם אינסטנט פודינג נוגט 75 גרם,"אסם השקעות בע""מ",IL,אסם אינסטנט פודינג נ,גרמים,75.00,100 גרם,false,1,5.90,7.87,true,1,
7296150000028,false,עלי גפן ממולאים באורז 425 גר,אקמאר,TR,עלי גפן ממולאים באור,גרמים,425.00,100 גרם,false,1,14.90,3.51,true,1,
7297488097995,false,גרנולה דבש דגש 250 גרם,תות תעשיות מזון (201,IL,גרנולה דבש דגש 250 ג,גרמים,250.00,100 גרם,false,1,17.90,7.16,true,1,
7297488098015,false,גרנולה קרנצ שוקו דגש 250 גרם,תות תעשיות מזון (201,IL,גרנולה קרנצ שוקו דגש,גרמים,250.00,100 גרם,false,1,17.90,7.16,true,1,
7297488098152,false,דגש קמח חומוס ללא גל,אף.סי תבליני בגליל ב,IL,קמח חומוס 500 גרם,גרמים,500.00,100 גרם,false,1,17.90,3.58,true,1,
7297488098305,false,קמח שקדים דגש 250 גרם,תות תעשיות מזון (201,IL,קמח שקדים דגש 250 גר,גרמים,250.00,100 גרם,false,1,27.90,11.16,true,1,
7297488099760,false,עוגיות בטעם חלבה 250 גרם,,,עוגיות בטעם חלבה 250,גרמים,250.00,100 גרם,false,1,29.90,11.96,true,1,
7297488099821,false,גרנולה ללא תוספת סוכר 250 גרם,תות תעשיות מזון (201,IL,גרנולה ללא תוספת סוכ,גרמים,250.00,100 גרם,false,1,16.90,6.76,true,1,
7297488199781,false,קניידלך דגש 140 גרם,,,קניידלך דגש 140 גרם,גרמים,140.00,100 גרם,false,1,20.90,14.93,true,1,
7312220016277,false,אנאס עוגיות דקות בטעם שקדים 150 גר,Annas Pepparkakor,SE,אנאס עוגיות דקות בטע,גרמים,150.00,100 גרם,false,1,12.90,8.60,true,1,
7390100678258,false,פונפון מסיבות,,,פונפון מסיבות,Unknown,0.00,Unknown,false,1,13.90,13.90,true,1,
7394376123337,false,"משקה שיבולת שועל אורגני אוטלי , 1 ל'",טרנסומס פוד איי.בי,SE,משקה ש.שועל אורגני 1,מיליליטרים,1000.00,"100 מ""ל",false,1,14.90,1.49,true,1,
7394376615825,false,"אוטלי משקה שיבולת שועל בתוספת סידן וויטמינים , 1 ל'",,SE,משקה ש.שועל מועשר בס,מיליליטרים,1000.00,"100 מ""ל",false,1,14.90,1.49,true,1,
7394376615832,false,"אוטלי משקה שיבולת שועל בטעם שוקולד, 1 ל'",,SE,משקה ש.שועל בטעם שוק,מיליליטרים,1000.00,"100 מ""ל",false,1,16.90,1.69,true,1,
7394376616778,false,"אוטלי משקה שיבולת שועל להקצפה בריסטה , 1 ל'",,SE,משקה ש.שועל להקצפה ב,מיליליטרים,1000.00,"100 מ""ל",false,1,16.90,1.69,true,1,
7394376620294,false,משקה ש.שועל בטעם וניל 1 ליטר,איי אם פי אס איי תעש,NL,משקה ש.שועל בטעם וני,מיליליטרים,1000.00,"100 מ""ל",false,1,16.90,1.69,true,1,
7500162900000,false,"בירה סול 330 מ""ל בקבוק",היינקן,NL,"בירה סול 330 מ""ל בק",מיליליטרים,330.00,"100 מ""ל",false,1,7.50,2.27,true,1,
7501013101355,false,"נקטר אפרסק ג'ומקס 473 מ""ל",חומקס קומר קומרסאליז,MX,גומקס נקטר אפרסק 473,מיליליטרים,473.00,"100 מ""ל",false,1,9.90,2.09,true,1,
7501013122039,false,ג'ומקס נקטר מנגו קרטונית 1 ליטר,חומקס קומר קומרסאליז,MX,גומקס נקטר מנגו,מיליליטרים,1000.00,"100 מ""ל",false,1,11.70,1.17,true,1,
7501013122053,false,ג'ומקס נקטר אפרסק 1 ליטר קרטונית,חומקס קומר קומרסאליז,MX,גומקס נקטר אפרסק קרט,מיליליטרים,1000.00,"100 מ""ל",false,1,11.70,1.17,true,1,
7501013122190,false,ג'ומקס משקה תפוחים קרטונית 1 ליטר,חומקס קומר קומרסאליז,MX,גומקס משקה תפוחים קר,מיליליטרים,1000.00,"100 מ""ל",false,1,11.70,1.17,true,1,
7501013122992,false,ג'ומקס משקה קוקוס אננס קרטונית 1 ליטר,חומקס קומר קומרסאליז,MX,גומקס משקה קוקוס אננ,מיליליטרים,1000.00,"100 מ""ל",false,1,11.70,1.17,true,1,
7501049936945,false,"בירה סול שישייה בקבוק 330 מ""ל",היינקן,NL,בירה סול שישייה בקב,מיליליטרים,1980.00,"100 מ""ל",false,1,39.90,2.02,true,1,
7501064191466,false,"שישיית בירה קורונה 355 מ""ל בקבוק",,,שישיית בירה קורונה 3,מיליליטרים,2130.00,"100 מ""ל",false,1,34.90,1.64,true,1,
7509546666846,false,"קולגייט טוטאל משחת שיניים פחם 75 מ""ל",CP UK,MX,קולגייט טוטאל משחת,מיליליטרים,75.00,"100 מ""ל",false,1,23.00,30.67,true,1,
7610008059097,false,טבלת שוקולד רגוסה בלונד עם שקדים 100 גר,,CH,טבלת שוקולד רגוסה בל,גרמים,100.00,100 גרם,false,1,18.90,18.90,true,1,
7610008622000,false,טבלת קמיל בלוך מוס מריר 100 גר,,,טבלת קמיל בלוך מוס מ,גרמים,100.00,100 גרם,false,1,18.90,18.90,true,1,
7610113011652,false,"בקרדי בריזר תפוח 275 מ""ל",בקרדי בעמ,BE,בקרדי בריזר תפוח 275,מיליליטרים,275.00,"100 מ""ל",false,1,16.80,6.11,true,1,
7610243004463,false,"דורגול - מרסס להסרת אבנית במקלחון 600 מ""ל",דורינג,,דורגול מרסס 600 מל,מיליליטרים,600.00,"100 מ""ל",false,1,27.50,4.58,true,1,
7610400010481,false,לינדט אקסלנס מילק 100 גר,,,לינדט אקסלנס מילק,גרמים,100.00,100 גרם,false,1,16.90,16.90,true,1,
7610400014632,false,לינדט שוקולד לבן 100 גרם,,,לינדט שוקולד לבן 100,גרמים,100.00,100 גרם,false,1,16.90,16.90,true,1,
7610400068369,false,לינדט שוקולד אגוזים 100 גרם,לינדט ושפרונגלי,,לינדט שוקולד אגוזים,גרמים,100.00,100 גרם,false,1,16.90,16.90,true,1,
7610400068505,false,בונבוניירה לינדור מילק 200 גרם,לינדט ושפרונגלי,,בונבוניירה לינדור מי,גרמים,200.00,100 גרם,false,1,34.90,17.45,true,1,
7610400068529,false,בונבוניירה לינדור אבורטד 200 גרם,לינדט ושפרונגלי,,בונבוניירה לינדור אב,גרמים,200.00,100 גרם,false,1,34.90,17.45,true,1,
7610400070577,false,לינדט אקסלנס צילי 100 גרם,,,לינדט אקסלנס צילי 1,גרמים,100.00,100 גרם,false,1,16.90,16.90,true,1,
7610400074155,false,לינדט שוקולד 60% 100 גרם,"לינדט ושפרונגלי, CH-",,לינדט שוקולד 60% 100,גרמים,100.00,100 גרם,false,1,16.90,16.90,true,1,
7610400075770,false,לינדט לה גרנד מריר אגוז 150 גר,לינדט ושפרונגלי,CH,לינדט לה גרנד מריר א,גרמים,150.00,100 גרם,false,1,24.90,16.60,true,1,
7610400075787,false,לינדט לה גרנד חלב אגוזים 150 גר,"לינדט ושפרונגלי, קיל",CH,לינדט לה גרנד חלב אג,גרמים,150.00,100 גרם,false,1,24.90,16.60,true,1,
7610400075794,false,לינדט לה גרנד לבן שקד 150 גר,לינדט ושפרונגלי,CH,לינדט לה גרנד לבן שק,גרמים,150.00,100 גרם,false,1,24.90,16.60,true,1,
7610400086202,false,לינדט לה גרנד בלו אנד קרנ 150 גר,,,לינדט לה גרנד בלו אנ,גרמים,150.00,100 גרם,false,1,24.90,16.60,true,1,
7610400091060,false,לינדט שוקולד אקסלנס אורנגי 100 גרם,לינדט ושפרונגלי,,לינדט שוקולד אקסלנס,גרמים,100.00,100 גרם,false,1,16.90,16.90,true,1,
7610563108377,false,אמנטל שוויצרי פרוס 150 גר,,,אמנטל שוויצרי פרוס,גרמים,150.00,100 גרם,false,1,40.90,27.27,true,1,
7610563208374,false,גרוייר שוויצרי פרוס 150 גר,,,גרוייר שוויצרי פרוס,גרמים,150.00,100 גרם,false,1,42.90,28.60,true,1,
7610700001417,false,"ריקולה ס.קשות לל""ס בטעם לימון דבש 75 גר",,CH,"ריקולה ס.קשות לל""ס ב",Unknown,75.00,Unknown,false,1,13.90,0.19,true,1,
7610700002681,false,ריקולה סוכריות ללא סוכר בטעם צמחים 50 גר',,CH,סוכריות ריקולה ללא ס,גרמים,50.00,100 גרם,false,1,13.90,27.80,true,1,
7610700010778,false,סוכריות ריקולה ללא סוכר פטל חמוציות 50 ג,,,סוכריות ריקולה ללא ס,גרמים,50.00,100 גרם,false,1,13.90,27.80,true,1,
7610700013083,false,סוכריות ריקולה ללא סוכר מרעננת 50 גר,,,סוכריות ריקולה ללא ס,גרמים,50.00,100 גרם,false,1,13.90,27.80,true,1,
7610700600863,false,סוכריות צמחים בפחית ריקולה 100 גרם,,CH,סוכריות צמחים בפחית,גרמים,100.00,100 גרם,false,1,19.90,19.90,true,1,
7610700607046,false,סוכריות ריקולה לימון 50 גרם[צהוב],,,סוכריות ריקולה דיאט,גרמים,50.00,100 גרם,false,1,13.90,27.80,true,1,
7610700607077,false,סוכריות ריקולה תפוז 50 גרם[כתום],,,סוכריות ריקולה דיאט,גרמים,50.00,100 גרם,false,1,13.90,27.80,true,1,
7613030979647,false,דגני בוקר טריקס פירות עולם היורה 480 ג',ג'נרל מילס סאן אדריא,IL,דגנים טריקס פירות עו,גרמים,480.00,100 גרם,false,1,28.90,6.02,true,1,
7613032045753,false,פיטנס - דגני בוקר שוקולד 375 גרם,הנסיך- מפעל לייצור ט,FR,פיטנס שוקולד 375 ג,גרמים,375.00,100 גרם,false,1,22.90,6.11,true,1,
7613033548192,false,פיטנס - דגני בוקר שוקולד מריר 375 גרם,הנסיך- מפעל לייצור ט,FR,דגני בוקר פיטנס שוקו,גרמים,375.00,100 גרם,false,1,22.90,6.11,true,1,
7613035027022,false,פורינה ONE כלב מיני,,,פורינה ONE כלב מיני,Unknown,0.00,Unknown,false,1,34.90,34.90,true,1,
7613035548374,false,גולדן מיניס מלחמת הכוכבים 570 גרם,סי. פי. צרפת,FR,גולדן מיניס מלחמת הכ,גרמים,570.00,100 גרם,false,1,28.90,5.07,true,1,
7613035618794,false,"פורינה ONE חתול בוגר עוף 3 ק""ג",פורינה,US,פורינה ONE חתול בוגר,Unknown,0.00,Unknown,false,1,119.00,119.00,true,1,
7613035635845,false,פיטנס גרנולה שוקולד 14*300 גרם,שוורצקוף& הנקל דיסלד,LT,פיטנס גרנולה שוקולד,גרמים,300.00,100 גרם,false,1,17.90,5.97,true,1,
7613035807778,false,פרפקטו רוטב עגבניות לבולונז 400 ג' אסם,נסטלה ספרד,ES,פרפקטו רוטב עגבניות,גרמים,400.00,100 גרם,false,1,11.90,2.98,true,1,
7613035809109,false,פרפקטו רוטב עגבניות ובזיליקום 400 ג'אסם,נסטלה ספרד,ES,פרפקטו רוטב עגבניות,גרמים,400.00,100 גרם,false,1,11.90,2.98,true,1,
7613035809123,false,פרפקטו רוטב עגבניות עם פלפלים 400 ג' אסם,נסטלה ספרד,ES,פרפקטו רוטב עגבניות,גרמים,400.00,100 גרם,false,1,11.90,2.98,true,1,
7613035809857,false,פרפקטו רוטב עגבניות לפסטה ולבישול 400 ג' אסם,נסטלה ספרד,ES,פרפקטו רוטב עגבניות,גרמים,400.00,100 גרם,false,1,11.90,2.98,true,1,
7613036105576,false,"דוגלי בוגר עוף 3 ק""ג",פורינה,HU,דוגלי בוגר עוף 3 קג,קילוגרמים,0.00,"ק""ג",false,1,49.90,49.90,true,1,
7613036280327,false,פרייה אנד גוס אפרסק דובדבן 250 מל פחיות,נסטלה ווטרס ספלאי,FR,פרייה אנד גוס אפרסק,מיליליטרים,250.00,"100 מ""ל",false,1,6.50,2.60,true,1,
7613036286008,false,"פרייה אנד גוס אננס מנגו 250 מ""ל פחיות",נסטלה ווטרס ספלאי,FR,פרייה אנד גוס אננס מ,מיליליטרים,250.00,"100 מ""ל",false,1,6.50,2.60,true,1,
7613036314114,false,קפה נס קפה גולד 200 גר',,IL,נס קפה גולד 200 גרם,גרמים,200.00,100 גרם,false,1,52.50,26.25,true,1,
7613036387798,false,פיטנס דגנים מלאים ואורז פתיתים ויוגורט 350ג',סי. פי. צרפת,FR,דגני פיטנס יוגורט 35,גרמים,350.00,100 גרם,false,1,22.90,6.54,true,1,
7613036576734,false,קרטיב חמשושים חדש נסטלה 60 גר,פרונרי איבריה ס.ל,ES,חמשושים 60 גר,גרמים,60.00,100 גרם,false,1,10.00,16.67,true,1,
7613036737623,false,דגני בוקר קראנץ מקס,,FR,קראנץ מקס 410 גרם,גרמים,410.00,100 גרם,false,1,27.90,6.80,true,1,
7613036976657,false,פריסקיז - פאוץ ברוטב הודו 85 גרם,נסטלה פורינה,HU,פאוץ פריסקיז הודו 85,Unknown,1.00,Unknown,false,1,5.90,5.90,true,1,
7613036976671,false,פריסקיז פאוצ' עוף ברוטב 26*85גרם,יו פי אף,FR,פאוץ פריסקיז עוף 85,Unknown,0.00,Unknown,false,1,5.90,5.90,true,1,
7613036976695,false,פריסקיז - פאוץ בקר ברוטב 85 גרם,נסטלה פורינה הונגריה,HU,פאוץ פריסקיז בקר 85,Unknown,0.00,Unknown,false,1,5.90,5.90,true,1,
7613036976718,false,פריסקיז פאוצ' ברווז ברוטב 26*85גרם,יו פי אף,FR,פאוץ פריסקיז ברווז 8,Unknown,0.00,Unknown,false,1,5.90,5.90,true,1,
7613037204797,false,סטארבקס - פולי קפה בלונד אספרסו 450 גרם,,PT,סטארבקס פולי קפה בלו,גרמים,450.00,100 גרם,false,1,55.50,12.33,true,1,
7613037204889,false,סטארבקס - פולי קפה אספרסו 450 גרם,,PT,סטארבקס פולי קפה אספ,גרמים,450.00,100 גרם,false,1,55.50,12.33,true,1,
7613037276091,false,נסטלה מיקס מיני אריזות דגני בוקר 200 גרם,SPI SAS,FR,נסטלה מיקס מיני אריז,גרמים,200.00,100 גרם,false,1,24.50,12.25,true,1,
7613037686906,false,פיטנס - דגני בוקר שקדים ודבש 355 גרם,הנסיך- מפעל לייצור ט,FR,דגני בוקר פיטנס שקדי,גרמים,375.00,100 גרם,false,1,22.90,6.11,true,1,
7613038257716,false,קיט קט צאנקי וופל ש. לבן רביעייה 4*40 גר,,AT,קיט קט צאנקי וופל ש.,גרמים,160.00,100 גרם,false,1,11.90,7.44,true,1,
7613038268262,false,האני נאט ציריוס מופחת סוכר 410 גרם,סי. פי. צרפת,FR,האני נאט ציריוס מופח,גרמים,410.00,100 גרם,false,1,21.90,5.34,true,1,
7613038451954,false,דגני בוקר שוקולד מופחת סוכר 410 ג' קראנץ',סי. פי. צרפת,FR,קראנץ שוקולד מופחת ס,גרמים,410.00,100 גרם,false,1,27.20,6.63,true,1,
7613039547922,false,גרבר מחית תפוח בננה אגס פאוץ' 90 גר',,ES,מחית גרבר תפוח בננה,גרמים,90.00,100 גרם,false,1,6.90,7.67,true,1,
7613039770450,false,טבעול סנסשיונל בורגר 226 גרם,ג'נרל מילס סאן אדריא,IL,טבעול סנסשיונל בורגר,גרמים,226.00,100 גרם,false,1,37.90,16.77,true,1,
7613039771174,false,טבעול סנסשיונל מינס טחון צמחוני 400 גרם,ג'נרל מילס סאן אדריא,IL,טבעול טחון צמחוני,גרמים,400.00,100 גרם,false,1,36.90,9.23,true,1,
7613287008497,false,סטארבקס - פולי קפה פייק פלייס 450 גרם,,PT,סטארבקס פולי קפה פיי,גרמים,450.00,100 גרם,false,1,55.50,12.33,true,1,
7613287228338,false,ראונטריז סוכריות גלי פירות 143 גרם,,GB,ראונטריז סוכריות גלי,גרמים,143.00,100 גרם,false,1,10.90,7.62,true,1,
7613287228703,false,ראונטריז סוכריות גלי תות ודומדמנית 143,,GB,ראונטריז סוכריות גלי,גרמים,143.00,100 גרם,false,1,10.90,7.62,true,1,
7613287302373,false,קפסולות סטארבקס איטלאן סטייל רוסט 57*10גר',,CH,קפסולות סטארבקס איטל,גרמים,55.00,100 גרם,false,1,22.90,41.64,true,1,
7613287325808,false,אוסם - דיפ אנד ספרד מטבל איולי שום 295 גרם,נסטלה פולין,PL,רוטב איולי שום לחיץ,גרמים,295.00,100 גרם,false,1,16.90,5.73,true,1,
7613287325822,false,אוסם - דיפ אנד ספרד מטבל מיקס 295 גרם,אסם,PL,רוטב מיקס לחיץ 295 ג,גרמים,295.00,100 גרם,false,1,16.90,5.73,true,1,
7613287394323,false,אסם מולטי צ'יריוס 14*600 גרם 2021,CPU,GB,מולטי ציריוס 600 גרם,גרמים,600.00,100 גרם,false,1,25.90,4.32,true,1,
7613287457486,false,אפטר אייט מוחיטו ומנטה 200 גר,,,אפטר אייט מוחיטו ומנ,גרמים,200.00,100 גרם,false,1,16.90,8.45,true,1,
7613287476678,false,דגני בוקר סינימיניס צ'ורוס נסטלה 360 ג',נסטלה אוונקה,PT,סינימיניס צורוס 360,גרמים,360.00,100 גרם,false,1,29.90,8.31,true,1,
7622010001858,false,אוראו ממולאות קרם וניל באטמן 176 גרם,פי אר ג'יי אס אי מנד,UA,אוראו ממולאות קרם ונ,גרמים,176.00,100 גרם,false,1,9.90,5.63,true,1,
7622200009084,false,מילקה טבלאות שוקולד ממולא בסקויט 300 גר,,,מילקה שוקולד חלב ובס,גרמים,300.00,100 גרם,false,1,20.80,6.93,true,1,
7622201137052,false,אוראו מיני קוקיס - עוגיות שוקולד צ'יפס ותחתית מצופה שוקולד חלב,מונדלז אספנה גלטאס פ,ES,מילקה מיני קוקיז 110,גרמים,110.00,100 גרם,false,1,8.90,8.09,true,1,
7622201401900,false,עוגיות מילקה סנסיישן אוראו 156 גרם,מונדלז פולסקה פרודקש,PL,עוגיות מילקה סנסיישן,גרמים,156.00,100 גרם,false,1,12.90,8.27,true,1,
7622201413965,false,מילקה וופר קוביות 150 גרם,,BE,מילקה וופר קוביות 15,גרמים,150.00,100 גרם,false,1,24.90,16.60,true,1,
7622201492878,false,מילקה שוקו לופס 132 גרם,,CZ,מילקה שוקו לופס 132,גרמים,132.00,100 גרם,false,1,15.90,12.05,true,1,
7622201801809,false,מילקה- שוק' חלב עם אגוזים 100 גר' חדש,מנדלז דויצ'לנד סנקס,DE,שוקולד אגוז מילקה 10,גרמים,100.00,100 גרם,false,1,7.90,7.90,true,1,
7622201802363,false,שוקולד מילקה טבלה חלב צימוקים ואגוזים 100ג',מנדלז דויצ'לנד סנקס,DE,שוקולד מילקה צימוק,גרמים,100.00,100 גרם,false,1,7.90,7.90,true,1,
7622201802394,false,שוקולד מילקה חלב מסרונים 100 גרם,מנדלז דויצ'לנד סנקס,DE,שוקולד מילקה חלב 100,גרמים,100.00,100 גרם,false,1,7.90,7.90,true,1,
7622201813390,false,עוגיות מילקה וואפל במילוי קרם קקאו 150 ג,מונדליז סי.אר. ביסקו,,עוגיות מילקה וואפל ב,גרמים,150.00,100 גרם,false,1,12.90,8.60,true,1,
7622201819170,false,שוקולד מילקה דרק שקדים 85 גרם,מונדלז דויטשלנד סנאק,DE,מילקה דרק שקדים 85,גרמים,85.00,100 גרם,false,1,8.50,10.00,true,1,
7622201819552,false,שוקולד מילקה דרק 85 גרם,מונדלז דויטשלנד סנאק,DE,מילקה דרק 85 גרם,גרמים,85.00,100 גרם,false,1,8.50,10.00,true,1,
7622210078131,false,מילקה שוקולד חלב במילוי קרם שמנת 100 ג',מנדלז דויצ'לנד סנקס,DE,שוקולד חלב עם דאיים,גרמים,100.00,100 גרם,false,1,7.90,7.90,true,1,
7622210137234,false,עוגיות אוראו עם דאבל קרים וניל 170 גר,,,עוגיות אוראו עם דאבל,גרמים,170.00,100 גרם,false,1,12.50,7.35,true,1,
7622210163899,false,שוקולד חלב עם עדשים מילקה 100 גר,מונדלז דויצ'לנד סנקס,DE,שוקולד חלב עם עדשים,גרמים,100.00,100 גרם,false,1,7.90,7.90,true,1,
7622210176219,false,"חטיפי תפ""א שמנת חמוצה ובצל ליוקס 133 גר",,UA,"חטיפי תפ""א שמנת חמוצ",גרמים,133.00,100 גרם,false,1,15.90,11.95,true,1,
7622210176226,false,"חטיפי תפ""א פטריות עם שמנת ליוקס 133 גר",,UA,"חטיפי תפ""א פטריות עם",גרמים,133.00,100 גרם,false,1,15.90,11.95,true,1,
7622210275516,false,מילקה שוקולד ביסקוויטים 300 גרם,,DE,מילקה שוקולד ביסקווי,גרמים,300.00,100 גרם,false,1,20.80,6.93,true,1,
7622210285485,false,שוקולד קדבורי קראנצי רוקס 110 גרם,,GB,קדבורי קראנצי רוקס 1,גרמים,110.00,100 גרם,false,1,14.90,13.55,true,1,
7622210286918,false,שוקולד קדבורי קרמל ניבלס 120 גרם,,GB,שוקולד קדבורי קרמל נ,גרמים,120.00,100 גרם,false,1,14.90,12.42,true,1,
7622210287021,false,שוקולד קדבורי וויספה בייטס 110 גרם,,GB,קדבורי וויספה בייטס,גרמים,110.00,100 גרם,false,1,14.90,13.55,true,1,
7622210295149,false,שוקולד קדבורי טווירל בייטס 109 גרם,,GB,קדבורי טווירל בייטס,גרמים,109.00,100 גרם,false,1,14.90,13.67,true,1,
7622210384362,false,מילקה שוקולד אוראו 300 גרם,,DE,מילקה שוקולד אוראו 3,גרמים,300.00,100 גרם,false,1,20.80,6.93,true,1,
7622210421968,false,לו ביסקוויט פטיט אקולייה 150 גר,,,לו ביסקוויט פטיט אקו,גרמים,150.00,100 גרם,false,1,21.90,14.60,true,1,
7622210453327,false,עוגיות מילקה סנסיישן 156 גרם,מנדלז פולסקה פרודקשן,PL,מילקה סנסיישן 156 גר,גרמים,100.00,100 גרם,false,1,12.90,12.90,true,1,
7622210635105,false,"עוגיות אוראו תות, 154 גרם",מונדלז אספנה גאלטס פ,UA,אוראו תות 154 גרם,גרמים,154.00,100 גרם,false,1,8.90,5.78,true,1,
7622210637994,false,"אוראו ביס קראנצי אורגינל, 110 גרם",מונדלז אספניה ג'לאטס,ES,אוראו ביס קראנצי אור,גרמים,110.00,100 גרם,false,1,8.90,8.09,true,1,
7622210638021,false,אוראו ביס קראנ'צי בציפוי שוקולד 110 גרם,מונדלז אספניה ג'לאטס,ES,אוראו ביס קראנצי ציפ,גרמים,110.00,100 גרם,false,1,8.90,8.09,true,1,
7622210654816,false,שוקולד קדבורי פאדג בייטס 120 גרם,,GB,קדבורי פאדג בייטס 12,גרמים,120.00,100 גרם,false,1,14.90,12.42,true,1,
7622210664150,false,"עוגיות אוראו וניל, 396 גרם",מונדלייז,CZ,עוגיות אוראו וניל 39,גרמים,396.00,100 גרם,false,1,17.90,4.52,true,1,
7622210690852,false,מילקה טריוולד 280 גרם,,,מילקה טריוולד 280 גר,גרמים,280.00,100 גרם,false,1,20.80,7.43,true,1,
7622210700070,false,קדבורי קרלי וורלי 110 גרם,,GB,קדבורי קרלי וורלי 11,גרמים,110.00,100 גרם,false,1,14.90,13.55,true,1,
7622210748737,false,עוגיות אוראו טחונות 300 גר,,,עוגיות אוראו טחונות,גרמים,300.00,100 גרם,false,1,13.90,4.63,true,1,
7622210810915,false,שוקולד קדבורי אוראו בייטס 110 גרם,,GB,שוקולד קדבורי אוראו,גרמים,110.00,100 גרם,false,1,12.90,11.73,true,1,
7622210826053,false,שוקולד מילקה אוראו סנדוויץ 92 גר',גיאורי קאקסז קייאףטי,HU,שוקולד מילקה אוראו ס,גרמים,92.00,100 גרם,false,1,7.90,8.59,true,1,
7622210835338,false,עוגיות אוראו בראוניז 176 ג',מנדלז אספנה גאלטס פר,ES,אוראו בראוניז 176 גר,גרמים,176.00,100 גרם,false,1,9.90,5.63,true,1,
7622300270506,false,מילקה גריינס - עוגיות שיבולת שועל מצופות שוקולד 168 ג',מונדלז פולסקה פרודקש,PL,עוגיות ש.שועל מצופות,גרמים,168.00,100 גרם,false,1,12.90,7.68,true,1,
7622300489434,false,"עוגיות אוראו פאדג' בציפוי שוקולד חלב, 246 גרם",מנדלז אספנה גאלטס פר,ES,אוראו פאדג שוקולד חל,גרמים,246.00,100 גרם,false,1,19.90,8.09,true,1,
7622300495046,false,שוקולד מילקה אקסטרה קקאו 100 גרם,מנדלז דויצ'לנד סנקס,DE,שוקולד מילקה אקסטרה,גרמים,100.00,100 גרם,false,1,7.90,7.90,true,1,
7622300503079,false,מילקה מוו - ביסקוויט מצופה שוקולד חלב 200 ג',מונדלז פולסקה פרודקש,PL,ביסקוויט מצופה שוקול,גרמים,200.00,100 גרם,false,1,12.90,6.45,true,1,
7622300617820,false,שוקלד מילקה טבלת חלב אוראו 100ג',מנדלז דויצ'לנד סנקס,DE,שוקולד מילקה אוראו 1,גרמים,100.00,100 גרם,false,1,7.90,7.90,true,1,
7622300756413,false,גבינת פילדלפיה 20% שומן עם תבלינים 175 ג',מונדלז דויצ'לנד פרוד,DE,גבינת פילדלפיה 20%,גרמים,175.00,100 גרם,false,1,17.90,10.23,true,1,
7622400005190,false,שוקולד חלב נגיעות שוקולד לבן מילקה 100 ג,מנדלז דויצ'לנד סנקס,DE,שוקולד חלב נגיעות שו,גרמים,100.00,100 גרם,false,1,7.90,7.90,true,1,
7622400424335,false,מוצרט טבלת שוקולד ומרציפן 100 גרם,,AT,מוצרט טבלת שוקולד ומ,גרמים,100.00,100 גרם,false,1,17.90,17.90,true,1,
7630014200019,false,גרוייר שוויצרי במשקל,,,גרוייר שוויצרי במשקל,Unknown,0.00,"ק""ג",true,0,219.00,219.00,true,1,
7630477891592,false,סטארבקס - קפסולות האוס בלנד 57 גרם * 10,נסטלה נספרסו,CH,סטארבקס קפסולות האוס,גרמים,57.00,100 גרם,false,1,22.90,40.18,true,1,
7630477891615,false,סטארבקס - קפסולות סומטרה 55 גרם * 10,,,סטארבקס קפסולות סומט,גרמים,55.00,100 גרם,false,1,22.90,41.64,true,1,
7630477891639,false,סטארבקס - קפסולות ורונה 55 גרם * 10,נסטלה נספרסו,CH,סטארבקס קפסולות ורונ,גרמים,55.00,100 גרם,false,1,22.90,41.64,true,1,
7630477891653,false,סטארבקס - קפסולות אספרסו נטול 57 גרם * 10,,,סטארבקס קפסולות אספר,גרמים,57.00,100 גרם,false,1,22.90,40.18,true,1,
7630477891677,false,סטארבקס - קפסולות פייק פלייס 53 גרם * 10,,,סטארבקס קפסולות פייק,גרמים,53.00,100 גרם,false,1,22.90,43.21,true,1,
7630477891691,false,סטארבקס - קפסולות קולומביה 57 גרם * 10,,,סטארבקס קפסולות קולו,גרמים,57.00,100 גרם,false,1,22.90,40.18,true,1,
7630477891714,false,סטארבקס - קפסולות אספרסו 57 גרם * 10,נסטלה נספרסו,CH,סטארבקס קפסולות אספר,גרמים,57.00,100 גרם,false,1,22.90,40.18,true,1,
7630477891738,false,סטארבקס - קפסולות אספרסו בלונד 53 גרם * 10,נסטלה נספרסו,CH,סטארבקס קפסולות אספר,גרמים,53.00,100 גרם,false,1,22.90,43.21,true,1,
7702018404643,false,"גל גילוח גילט סירייס מועשר בלחות 200 מ""ל",,,גל גילוח גילט סירייס,מיליליטרים,200.00,"100 מ""ל",false,1,15.90,7.95,true,1,
7702024074625,false,פיטנס - חטיפי קרקר חיטה מלאה 234 גרם,קומסטיבלס לה רוזה אס,CO,חטיפי קרקר חיטה מלאה,גרמים,234.00,100 גרם,false,1,13.90,5.94,true,1,
7702024258322,false,חטיפי קרקר עם חיטה מלאה צ'יה ופשתן 234 ג' פיטנס,יוליניבר,CO,פיטנס חטיפי קרקר ציה,גרמים,234.00,100 גרם,false,1,13.90,5.94,true,1,
7790240020052,false,יין אדום טרפיצה סירה סדרת OAK CASK,,,יין אדום טרפיצה סירה,Unknown,0.00,Unknown,false,1,61.90,61.90,true,1,
7790240072785,false,יין אדום טרפיצה קברנה סובניון OAK CASK,,,יין אדום טרפיצה קברנ,Unknown,0.00,Unknown,false,1,61.90,61.90,true,1,
7790240090192,false,יין טרפיצה ברוקל קברנה סובניון 750 מל,,,יין טרפיצה ברוקל קבר,Unknown,0.00,Unknown,false,1,76.90,76.90,true,1,
7790240092240,false,יין טרפיצה ברוקל קברנה פרנק 750 מל,,,יין טרפיצה ברוקל קבר,Unknown,0.00,Unknown,false,1,72.90,72.90,true,1,
7790240094442,false,"יין טרפיצה פיור מלבק 750 מ""ל",,AR,יין טרפיצה פיור מלבק,מיליליטרים,750.00,"100 מ""ל",false,1,60.90,8.12,true,1,
7790240096675,false,"יין פיור סוביניון בלאן750 מ""ל",,AR,יין פיור סוביניון בל,מיליליטרים,750.00,"100 מ""ל",false,1,60.90,8.12,true,1,
7790240096866,false,"יין פיור מלבק שחור 750 מ""ל",,AR,יין פיור מלבק שחור 7,מיליליטרים,750.00,"100 מ""ל",false,1,60.90,8.12,true,1,
7790240097375,false,"יין פיור רוזה 750 מ""ל",,AR,"יין פיור רוזה 750 מ""",מיליליטרים,750.00,"100 מ""ל",false,1,60.90,8.12,true,1,
7790240097474,false,"יין פיור שרדונה 750 מ""ל",,AR,יין פיור שרדונה 750,מיליליטרים,750.00,"100 מ""ל",false,1,60.90,8.12,true,1,
7790387110234,false,טאראגווי-תה גרבה מאטה עם מקל 500 גר,,,טאראגווי-תה גרבה מאט,גרמים,500.00,100 גרם,false,1,27.90,5.58,true,1,
7790762050124,false,סנטה אנה לה מסקוטה מלבק 750 מל,,,סנטה אנה לה מסקוטה,Unknown,0.00,Unknown,false,1,73.90,73.90,true,1,
7790762050902,false,סנטה אנה אונאנימה 750 מל,,,יין סנטה אנה,Unknown,0.00,Unknown,false,1,101.90,101.90,true,1,
7791875005353,false,ריבת חלב הוואנה דוצה דה לצה 450 גרם,,IL,ריבת חלב הוואנה דולצ,גרמים,450.00,100 גרם,false,1,21.90,4.87,true,1,
7792860006218,false,1X48X24G בייבי דול רביעיה,גוד פוד פרודקטס S.p,AR,לקקן בייבי דול 24 גר,גרמים,24.00,100 גרם,false,1,2.10,8.75,true,1,
7798304600042,false,אוכמניות ארוז,מרינה,IL,אוכמניות,Unknown,0.00,Unknown,false,1,19.90,19.90,true,1,
8000037002246,false,"ואל דוקה, פרוסקו רוזה 750 מ""ל",,,"ואל דוקה, פרוסקו רוז",מיליליטרים,750.00,"100 מ""ל",false,1,54.90,7.32,true,1,
8000040001106,false,"קאמפרי ביטר אפרטיף 700 מ""ל",קמפרי,,"קמפרי 700 מ""ל",מיליליטרים,700.00,"100 מ""ל",false,1,84.90,12.13,true,1,
8000070012783,false,קפה לוואצה קלוי וטחון חוזק 5 אורו 250 גר,קפה לוואצה,IT,קפה לוואצה קלוי וטחו,גרמים,250.00,100 גרם,false,1,39.90,15.96,true,1,
8000070027398,false,קרמה קלאסיקו פולי קפה 500 גר לוואזה,,,פולי קפה לוואצה קרמה,גרמים,500.00,100 גרם,false,1,78.90,15.78,true,1,
8000070038868,false,קפה לוואצה קלוי וטחון חוזק 8 קלאסיקו 250 גר,,IT,לוואצה חוזק 8 קרמה ג,גרמים,250.00,100 גרם,false,1,35.90,14.36,true,1,
8000113003402,false,"קמח תירס בוואקום 1 ק""ג","כד בני דרום בע""מ",IT,"קמח תירס בואקום 1 ק""",גרמים,1000.00,100 גרם,false,1,16.90,1.69,true,1,
8000139000102,false,גרופלו פסטה מפאלדה 500 גרם,,IT,גרופלו פסטה מפאלדה 5,גרמים,500.00,100 גרם,false,1,16.90,3.38,true,1,
8000139000942,false,פסטה גרפולו לומצינה 500 גרם,,,פסטה גרפולו לומקינה,גרמים,500.00,100 גרם,false,1,14.20,2.84,true,1,
8000139001253,false,פסטה גרפולו פוזילי לונגי 500 גרם,,,פסטה גרפולו פוזילי,גרמים,500.00,100 גרם,false,1,15.40,3.08,true,1,
8000139002021,false,פסטה גרפולו קלמרטה 500 גרם,,,פסטה גרפולו קלמרטה 5,גרמים,500.00,100 גרם,false,1,15.40,3.08,true,1,
8000139910173,false,פסטה גרפולו אורזו 500 גרם,,,פסטה גרפולו אורזו 50,גרמים,500.00,100 גרם,false,1,14.20,2.84,true,1,
8000139910197,false,פסטה גרפולו ריגטוני 500 גרם,,,פסטה גרפולו ריגטוני,גרמים,500.00,100 גרם,false,1,14.20,2.84,true,1,
8000139910203,false,פסטה גרפולו קוצי סארדי 500 גרם,,,פסטה גרפולו קוצי סאר,גרמים,500.00,100 גרם,false,1,14.20,2.84,true,1,
8000139910227,false,פסטה גרפולו פוזילי 500 גרם,,,פסטה גרפולו פוזילי 5,גרמים,500.00,100 גרם,false,1,14.20,2.84,true,1,
8000139910234,false,פסטה גרפולו פנה ריגטה 500 גר,,,פסטה גרפולו פנה ריגט,גרמים,500.00,100 גרם,false,1,14.20,2.84,true,1,
8000139910241,false,פסטה פארפאלה גרפולו 500 גרם,,,פסטה פארפאלה גרפולו,גרמים,500.00,100 גרם,false,1,14.20,2.84,true,1,
8000139910265,false,פסטה ראדיאטורי גרפולו 500 גר,,,פסטה ראדיאטורי גרפול,גרמים,500.00,100 גרם,false,1,14.20,2.84,true,1,
8000139910272,false,פסטה גרפולו פפרדלה נידו 500 גר,,,פסטה גרפולו פפרדלה נ,גרמים,500.00,100 גרם,false,1,15.40,3.08,true,1,
8000139910357,false,פסטה לומאקוני גרפולו 500 גרם,,,פסטה לומאקוני גארופא,גרמים,500.00,100 גרם,false,1,15.40,3.08,true,1,
8000139910371,false,פסטה גרפולו פרימוורה 500 גרם,,,פסטה גרפולו פרימוורה,גרמים,500.00,100 גרם,false,1,15.40,3.08,true,1,
8000139910432,false,פסטה גרפולו פטוציה 500 גרם,,,פסטה גרפולו פטוציה 5,גרמים,500.00,100 גרם,false,1,14.20,2.84,true,1,
8000139910753,false,פסטה קאזארסה גרפולו 500 גר,,,פסטה גרפולו קסרצה,גרמים,500.00,100 גרם,false,1,14.20,2.84,true,1,
8000139910852,false,לזניה גרפולו 500 גרם,,,לזניה גרפולו 500 גרם,גרמים,500.00,100 גרם,false,1,18.60,3.72,true,1,
8000139920875,false,ניוקי תפוח אדמה גרפולו 500 גרם,,,ניוקי תפוח אדמה גרפו,גרמים,500.00,100 גרם,false,1,15.40,3.08,true,1,
8000215204219,false,משקה אורז - אורגני 1 ליטר,בטר אנד דיפרנט,IT,משקה אורז - אורגני 1,מיליליטרים,1000.00,"100 מ""ל",false,1,15.90,1.59,true,1,
8000215204240,false,משקה שקדים ואורז - אורגני 1 ליטר,בטר אנד דיפרנט,IT,משקה שקדים ואורז - א,מיליליטרים,1000.00,"100 מ""ל",false,1,15.90,1.59,true,1,
8000215204264,false,ויטריז - משקה אורז אישי אישי 200 גר,בטר אנד דיפרנט,IT,ויטריז - משקה אורז א,מיליליטרים,200.00,"100 מ""ל",false,1,5.50,2.75,true,1,
8000215204271,false,ויטריז - משקה שקדים ואורז אישי 200 גר,"נטורפוד בע""מ",IT,ויטריז - משקה שקדים,מיליליטרים,200.00,"100 מ""ל",false,1,4.90,2.45,true,1,
8000215204363,false,משקה קוקוס ויטריז 1 ליטר,אלינור,IT,משקה קוקוס ויטריז 1,מיליליטרים,1000.00,"100 מ""ל",false,1,15.90,1.59,true,1,
8000215204370,false,ויטריז לבישול תחל. שמנת צמחי אורגני 200,ויטריז,IT,ויטריז לבישול תחל.,מיליליטרים,200.00,"100 מ""ל",false,1,6.90,3.45,true,1,
8000215204387,false,"רוטב בשמל צמחי אורגני ויטריז 500 מ""ל",,,רוטב בשמל צמחי אורגנ,מיליליטרים,500.00,"100 מ""ל",false,1,13.90,2.78,true,1,
8000215204677,false,משקה ש.שועל בריסטה אורגני 1 ליטר ויטריז,בטר אנד דיפרנט,IT,משקה ש.שועל בריסטה א,מיליליטרים,1000.00,"100 מ""ל",false,1,15.90,1.59,true,1,
8000215204714,false,משקה שיבולת שועל אורגני 1 ליטר PRIMAVENA,בטר אנד דיפרנט,IT,משקה שיבולת שועל אור,מיליליטרים,1000.00,"100 מ""ל",false,1,15.90,1.59,true,1,
8000215204745,false,משקה ש.שועל וניל אורגני 1 ליטר PRIMAVENA,אלינור,IT,משקה ש.שועל וניל אור,מיליליטרים,1000.00,"100 מ""ל",false,1,14.90,1.49,true,1,
8000253000729,false,תערובת ריזוטו פטריות פורציני 250 גרם,מרבוטו,IT,תערובת ריזוטו פטריות,גרמים,250.00,100 גרם,false,1,24.90,9.96,true,1,
8000253001177,false,תערובת ריזוטו קאצו פפה 250 גרם,מרבוטו,IT,תערובת ריזוטו קאצו פ,גרמים,250.00,100 גרם,false,1,24.90,9.96,true,1,
8000320010088,false,"רוטב עגבניות במרקם גס 680 מ""ל MUTTI",,IT,פסאטה במרקם גס 680 מ,מיליליטרים,680.00,"100 מ""ל",false,1,14.60,2.15,true,1,
8000380001446,false,לואקיני וופל פריך בשוקולד חלב 100 גר,"כד בני דרום בע""מ",IT,לואקיני וופל פריך בש,גרמים,100.00,100 גרם,false,1,17.70,17.70,true,1,
8000380003723,false,גרנד פטיסרי עוגיות וופל אגוזים 100ג',קריניציה ויטמינה אס,IT,עוגיות גרנד פטיסרי 1,גרמים,100.00,100 גרם,false,1,13.40,13.40,true,1,
8000380003761,false,וופל גרנדה פטיסרי קוקוס שוקולד 100ג',קריניציה ויטמינה אס,IT,עוגיות גרנד פטיסרי 1,גרמים,100.00,100 גרם,false,1,13.40,13.40,true,1,
8000380004676,false,וופל לואקר קוביות וניל 200ג',"א. לואקר, קונפקט ג'י",AT,וופל וניל 200 גרם,גרמים,200.00,100 גרם,false,1,14.90,7.45,true,1,
8000380004942,false,וופל לואקר קוארדטיני קוביות ווניל 250ג',א. לואקר,AT,קואדרטיני וניל 250 ג,גרמים,250.00,100 גרם,false,1,15.20,6.08,true,1,
8000380007264,false,וופל לואקר קקאו 175 גרם,קריניציה ויטמינה אס,AT,וופל לואקר קקאו 175,גרמים,175.00,100 גרם,false,1,12.90,7.37,true,1,
8000380106028,false,טורטינה לואקר וופל שוקולד ואגוזים שישיה 125ג',קריניציה ויטמינה אס,IT,טורטינה אורגינל 1/6,גרמים,125.00,100 גרם,false,1,18.90,15.12,true,1,
8000380142484,false,וופל קוארדטיני לואקר קוביות שוקו' מריר 250ג'',"אינסטנטה בע""מ",AT,קואדרטיני שוקולד מרי,גרמים,250.00,100 גרם,false,1,15.20,6.08,true,1,
8000380148035,false,וופל לואקר גרנד פטיסרי מריר ואגוזים 150ג',קריניציה ויטמינה אס,IT,עוגיות גרנד פטיסרי 1,גרמים,100.00,100 גרם,false,1,13.40,13.40,true,1,
8000380153534,false,מארז שוקולד טורטינה לואקר 125 גרם לבן,,,טורטינה לבן 1/6 125,גרמים,125.00,100 גרם,false,1,18.90,15.12,true,1,
8000380157440,false,שוקולד חלב ממולא קרם אגוזי לוז 85 גר,"אינסטנטה בע""מ",IT,שוקולד חלב ממולא קרם,גרמים,85.00,100 גרם,false,1,8.90,10.47,true,1,
8000380180721,false,לואקר וופל קקאו במילוי קרם חלבי 175 גר,קריניציה ויטמינה אס,AT,לואקר וופל קקאו במיל,גרמים,175.00,100 גרם,false,1,12.90,7.37,true,1,
8000380180745,false,לואקר קוביות וופל קקאו עם קרם חלבי 250 ג,"א. לואקר, קונפקט ג'י",AT,לואקר קוביות וופל קק,גרמים,250.00,100 גרם,false,1,15.20,6.08,true,1,
8000380187119,false,עוגיות במילוי קרם אגוזי לוז לואקר 100 גר,לואקר,AT,עוגיות במילוי קרם אג,גרמים,100.00,100 גרם,false,1,15.90,15.90,true,1,
8000380192151,false,טורטינה טריפל שוקולד מריר 125 גר לואקר,,IT,טורטינה טריפל שוקולד,גרמים,125.00,100 גרם,false,1,18.90,15.12,true,1,
8000380192199,false,וופל לואקר דאבל שוקולד 175 גרם,לואקר,AT,וופל לואקר דאבל שוקו,גרמים,175.00,100 גרם,false,1,12.90,7.37,true,1,
8000380205400,false,וופל לואקר קואדרטיני חמאת בוטנים 250 גר,א. לואקר,AT,וופל לואקר קואדרטיני,גרמים,250.00,100 גרם,false,1,15.20,6.08,true,1,
8000380207183,false,שוקולד לואקר טורטינה חמאת בוטנים 126 גר,,IT,שוקולד לואקר טורטינה,גרמים,126.00,100 גרם,false,1,18.90,15.00,true,1,
8000500023624,false,שוקולד הפי היפו חטיף קינדר מארז 20.5X5ג',קדבורי,DE,קינדר הפי היפו חמישי,גרמים,104.00,100 גרם,false,1,13.90,13.37,true,1,
8000500023976,false,בונבוניירה רפאלו 150 גרם,פררו,PL,בונבוניירה רפאלו 150,גרמים,150.00,100 גרם,false,1,18.90,12.60,true,1,
8000500026731,false,שוקולד ביצי הפתעה קינדר שלישייה,קדבורי,IT,שלישיית ביצי הפתעה ק,גרמים,60.00,100 גרם,false,1,16.00,26.67,true,1,
8000500028124,false,"קינדר ג'וי, שלישיה 3 * 20 גרם",,ZA,ביצת הפתעה קינדר גוי,גרמים,60.00,100 גרם,false,1,15.90,26.50,true,1,
8000500029350,false,קינדר בואנו חטיף מארז שלישייה 129ג',פררו,IT,שלישייה קינדר בואנו,גרמים,129.00,100 גרם,false,1,11.90,9.22,true,1,
8000500037874,false,בונבוניירה פררו רושה 200 גרם,פררו,IT,בונבוניירה פררו רושה,גרמים,200.00,100 גרם,false,1,25.90,12.95,true,1,
8000500071083,false,שוקולד אצבעות קינדר חלב 200 ג',קדבורי,IT,קינדר שוקולד מארז 20,גרמים,200.00,100 גרם,false,1,14.50,7.25,true,1,
8000500121436,false,קינדר בואנו לבן חטיף מארז שלישייה 129ג',פררו,IT,שלישייה קינדר בואנו,גרמים,129.00,100 גרם,false,1,11.90,9.22,true,1,
8000500247150,false,פררו רושה קולקשיין קוקוס מילוי קרם ושקד שלם 172ג',,,פררו קוליקשיין 172 ג,גרמים,172.00,100 גרם,false,1,27.90,16.22,true,1,
8000500247167,false,פררו רושה קולקשיין 269ג',פררו,DE,פררו קולקשיין 269 גר,גרמים,269.00,100 גרם,false,1,55.50,20.63,true,1,
8000500249352,false,קינדר בואנו מיני מיקס שקית 205 ג',קדבורי,PL,קינדר בואנו מיני מיק,גרמים,205.00,100 גרם,false,1,19.90,9.71,true,1,
8000500256213,false,קינדר שוקולד מיני 120 גרם,קדבורי,IT,קינדר שוקולד מיני 12,גרמים,120.00,100 גרם,false,1,12.50,10.42,true,1,
8000500266564,false,ביצי קינדר ענקיות- קריסמס (בנים) 220 גרם,,IT,ביצי קינדר ענקיות- ק,גרמים,220.00,100 גרם,false,1,64.90,29.50,true,1,
8000500269169,false,קינדר קארדס חמישייה 128 גרם,פררו,IT,וופל קינדר קארדס 128,גרמים,128.00,100 גרם,false,1,14.90,11.64,true,1,
8000500283158,false,עוגת קינד במילוי קרם חלב 270 גרם,,,עוגת קינד במילוי קרם,גרמים,270.00,100 גרם,false,1,29.90,11.07,true,1,
8000500283219,false,עוגת קינדר קקאו במילוי קרם שוקולד 290 גר,,,עוגת קינדר קקאו במיל,גרמים,290.00,100 גרם,false,1,29.90,10.31,true,1,
8000500283240,false,עוגת קינדר במילוי קרם שוקולד 290 גרם,,,פררו-קינדר עוגת ספוג,גרמים,290.00,100 גרם,false,1,29.90,10.31,true,1,
8000500353738,false,רביעיה סוכריות בטעם מנטה חזק 4 * 16 ג' טחק טק,,ZA,טיק טק רביעיה מנטה ח,גרמים,64.00,100 גרם,false,1,12.90,20.16,true,1,
8000500372524,false,קינדר סנטה קלאוס ש. מריר חלב 110 גר,,,קינדר סנטה קלאוס ש.,גרמים,110.00,100 גרם,false,1,22.90,20.82,true,1,
8000500386941,false,"ממרח קקאו עם אגוזי לוז, 900 גרם",קדבורי,IT,ממרח נוטלה 900 גר,גרמים,900.00,100 גרם,false,1,29.90,3.32,true,1,
8000500392027,false,קינדר מיני ביצים אגוזי לוז 85 גרם,,,קינדר מיני ביצים אגו,גרמים,85.00,100 גרם,false,1,18.90,22.24,true,1,
8000500392041,false,קינדר מיני ביצים שוקולד חלב 85 גרם,,,קינדר מיני ביצים שוק,גרמים,85.00,100 גרם,false,1,18.90,22.24,true,1,
8000570048022,false,"וורמוט מרטיני פיירו 750 מ""ל",,,וורמוט מרטיני פיירו,Unknown,0.00,Unknown,false,1,49.90,49.90,true,1,
8000570283607,false,"יין מבעבע מרטיני אסטי 750 מ""ל",אלטיקקורפ,IT,יין מבעבע מרטיני אסט,מיליליטרים,750.00,"100 מ""ל",false,1,76.90,10.25,true,1,
8000895003355,false,עוגיות קנטוציני שקדים 175 גרם SAPORI,,,עוגיות קנטוציני שקדי,גרמים,175.00,100 גרם,false,1,13.50,7.71,true,1,
8000895003379,false,עוגיות רכות עם שקדים 175 גרם SAPORI,,,עוגיות רכות עם שקדים,גרמים,175.00,100 גרם,false,1,18.40,10.51,true,1,
8001090184375,false,"נוזל כלים פיירי 900 מ""ל ירוק אורגינל",,GB,נוזל כלים פיירי אורי,מיליליטרים,900.00,"100 מ""ל",false,1,13.90,1.54,true,1,
8001090184412,false,"פיירי נוזל לניקוי כלים לימון שקוף, 900 מ""ל",,GB,נוזל כלים פיירי לימו,מיליליטרים,900.00,"100 מ""ל",false,1,13.90,1.54,true,1,
8001090364104,false,"משחת שיניים אורל בי G&E אורגינל 75 מ""ל",,,G&E משחת שיניים אורל,יחידה,1.00,יחידה,false,1,19.90,19.90,true,1,
8001090458353,false,נוזל כלים אנטי בקטריאלי פיירי 515 מל,,,נוזל כלים אנטי בקטרי,מיליליטרים,515.00,"100 מ""ל",false,1,12.50,2.43,true,1,
8001090493637,false,"הד אנד שולדרס שמפו אולטרא טוטאל קר 450 מ""ל",,,שמפו לגבר אולטרא טוט,מיליליטרים,450.00,"100 מ""ל",false,1,27.50,6.11,true,1,
8001090721099,false,קפסולות לכביסה אריאל פודש 27 יח,פרוקטר אנד גמבל,FR,קפסולות לכביסה אריאל,Unknown,0.00,Unknown,false,1,36.90,36.90,true,1,
8001090721129,false,קפסולות לכביסה אריאל פודש קולור 27 יח,פרוקטר אנד גמבל,FR,קפסולות לכביסה אריאל,Unknown,0.00,Unknown,false,1,36.90,36.90,true,1,
8001090802385,false,קפסולות גל לכביסה טייד בניחוח לנור 26 יח,,FR,קפסולות גל לכביסה טי,Unknown,0.00,Unknown,false,1,34.90,34.90,true,1,
8001090832450,false,"שמפו פנטן הנוסחה הקלאסית 660 מ""ל",,,שמפו פנטן הנוסחה הקל,מיליליטרים,660.00,"100 מ""ל",false,1,22.90,3.47,true,1,
8001090832535,false,"שמפו פנטן שמן מרוקאי משקם 660 מ""ל",,,שמפו פנטן שמן מרוקאי,מיליליטרים,660.00,"100 מ""ל",false,1,22.90,3.47,true,1,
8001090832610,false,"שמפו פנטן למגע רך כמשי 660 מ""ל",,,שמפו פנטן למגע רך כמ,מיליליטרים,660.00,"100 מ""ל",false,1,22.90,3.47,true,1,
8001090832818,false,"קונדישנר פנטן הנוסחה הקלאסית 660 מ""ל",,,קונדישנר פנטן הנוסחה,מיליליטרים,660.00,"100 מ""ל",false,1,22.90,3.47,true,1,
8001090833167,false,גל כביסה אריאל בניחוח הרים 2.365 ליטר,פרוקטור אנד גמבל,FR,גל כביסה אריאל בניחו,ליטרים,0.00,ליטר,false,1,36.90,36.90,true,1,
8001090833228,false,אריאל ג'ל כביסה קולור 2.365 ליטר,,FR,גל כביסה אריאל קולור,ליטרים,0.00,ליטר,false,1,36.90,36.90,true,1,
8001090899224,false,תחבושות אולוויז פלטינום לונג 20 יח',,DE,תחבושות אולוויז פלטי,Unknown,0.00,Unknown,false,1,27.20,27.20,true,1,
8001100050546,false,עוגת פנטונה עם צימוקים וקליפות תפו 500 ג,,,עוגת פנטונה עם צימוק,גרמים,500.00,100 גרם,false,1,37.90,7.58,true,1,
8001100051055,false,עוגת פנטונה עם צימוקים בציפוי אגוזי 750ג,,,עוגת פנטונה עם צימוק,גרמים,750.00,100 גרם,false,1,49.90,6.65,true,1,
8001100058979,false,עוגת פנטונה בציפוי סוכר 750 גרם,,IT,עוגת פנדורו בחושה קל,גרמים,750.00,100 גרם,false,1,54.90,7.32,true,1,
8001100059198,false,עוגת פנטונה בלוקו 100 גרם,,,עוגת פנטונה בלוקו,Unknown,0.00,Unknown,false,1,16.90,16.90,true,1,
8001100063690,false,פנדורו במילוי קרם טירמיסו 800 גר Balocco,,IT,פנדורו במילוי קרם טי,גרמים,800.00,100 גרם,false,1,54.90,6.86,true,1,
8001100064802,false,עוגת סאן סירו 500 גרם,,IT,עוגת סאן סירו 500 גר,גרמים,500.00,100 גרם,false,1,29.90,5.98,true,1,
8001100067667,false,עוגת פנדורו בון נאטלה 700 גרם,,IT,עוגת פנדורו בון נאטל,גרמים,700.00,100 גרם,false,1,43.90,6.27,true,1,
8001160001786,false,"משקה אנרגיה גטורייד ספורט כחול 500מ""ל",סאן בנדטו אס פי איי,IT,גטורייד ספורט כחול 5,מיליליטרים,500.00,"100 מ""ל",false,1,12.90,2.58,true,1,
8001160001892,false,"משקה אנרגיה גטורייד ספורט תפוז אדום 500מ""ל",פפסיקו בוואדג' איטלי,IT,גטורייד ספורט תפוז א,מיליליטרים,500.00,"100 מ""ל",false,1,12.90,2.58,true,1,
8001200023808,false,פסטה אליציה צבעוני 500 גר Agnesi,,,פסטה אליציה צבעוני 5,גרמים,500.00,100 גרם,false,1,8.80,1.76,true,1,
8001200025505,false,פסטה פוזילי מס.78 500 גר Agnesi,,,פסטה פוזילי מס.78 50,גרמים,500.00,100 גרם,false,1,8.80,1.76,true,1,
8001200039014,false,פסטה פנה חיטה מלאה 500 גר Agnesi,,,פסטה פנה חיטה מלאה 5,גרמים,500.00,100 גרם,false,1,14.20,2.84,true,1,
8001200045039,false,פסטה ספגטי מס.3 500 גר Agnesi,,IT,פסטה ספגטי מס.3 500,גרמים,500.00,100 גרם,false,1,8.80,1.76,true,1,
8001200045176,false,פסטה בוקטיני 500 גר Agnesi,,IT,פסטה בוקטיני 500 גר,גרמים,500.00,100 גרם,false,1,8.80,1.76,true,1,
8001200045190,false,פסטה אליציה מס.56 500 גר Agnesi,,,פסטה אליציה מס.56 50,גרמים,500.00,100 גרם,false,1,8.80,1.76,true,1,
8001200045299,false,פסטה פנה ריגטה 500 גר Agnesi,,IT,פסטה פנה ריגטה 500 ג,גרמים,500.00,100 גרם,false,1,8.80,1.76,true,1,
8001200045350,false,פסטה ניוקי 500 גר Agnesi,,IT,פסטה ניוקי 500 גר Ag,גרמים,500.00,100 גרם,false,1,8.80,1.76,true,1,
8001200045374,false,פסטה צילנטני מסולסל 500 גר Agnesi,,,פסטה צילנטני מסולסל,גרמים,500.00,100 גרם,false,1,8.80,1.76,true,1,
8001200045473,false,פסטה ריגטוני 500 גר Agnesi,,,פסטה ריגטוני 500 גר,גרמים,500.00,100 גרם,false,1,8.80,1.76,true,1,
8001200045831,false,פסטה פארפלה מס.61 500 גר Agnesi,,IT,פסטה פארפלה מס.61 50,גרמים,500.00,100 גרם,false,1,8.80,1.76,true,1,
8001200045916,false,פסטה טליאטלה ביצים 250 גר Agnesi,,,פסטה טליאטלה ביצים 2,גרמים,250.00,100 גרם,false,1,14.20,5.68,true,1,
8001200045978,false,פסטה פפרדלה ביצים 250 גר Agnesi,,,פסטה פפרדלה ביצים 25,גרמים,250.00,100 גרם,false,1,14.20,5.68,true,1,
8001200045992,false,פסטה ביצים ותרד 250 גר Agnesi,,,פסטה ביצים ותרד 250,גרמים,250.00,100 גרם,false,1,14.20,5.68,true,1,
8001200320853,false,פסטה קנלוני 250 גר Agnesi,,,פסטה קנלוני 250 גר A,גרמים,250.00,100 גרם,false,1,12.90,5.16,true,1,
8001291020014,false,ריקאסולי קיאנטי קלאסיקו ברוליו 750 מל,,,ריקאסולי קיאנטי קלאס,Unknown,0.00,Unknown,false,1,100.90,100.90,true,1,
8001291057515,false,ברון קיאנטי דל ברון ריקאסולי 750 מל,,,ברון קיאנטי דל ברון,Unknown,0.00,Unknown,false,1,52.90,52.90,true,1,
8001387077106,false,קונטיזקה קאנטלופי פרימיטיבו סאלנטו 750 מ,,IT,קונטיזקה קאנטלופי פר,מיליליטרים,750.00,"100 מ""ל",false,1,60.90,8.12,true,1,
8001387287109,false,קונטיזקה קוואטרו קונטי פרימיטיבו 750 מל,,IT,קונטיזקה קוואטרו קונ,מיליליטרים,750.00,"100 מ""ל",false,1,45.90,6.12,true,1,
8001420006360,false,אורז ריזוטו פרונטו כמהין 175 גרם,,,אורז ריזוטו פרונטו כ,גרמים,175.00,100 גרם,false,1,19.30,11.03,true,1,
8001440134487,false,עגבניות שרי מקולפות 400 גר CIRIO,,IT,עגבניות שרי מקולפות,גרמים,400.00,100 גרם,false,1,10.90,2.73,true,1,
8001505001105,false,ממרח אגוזי לוז אורגני 270 גרם NICCIOLATA,,,ממרח אגוזי לוז,גרמים,270.00,100 גרם,false,1,25.50,9.44,true,1,
8001505001785,false,ממרח אגוזי לוז לבן אורגני 270 גרם,אף.סי תבליני בגליל ב,IT,ממרח אגוזי לוז לבן א,גרמים,270.00,100 גרם,false,1,25.50,9.44,true,1,
8001620011935,false,"שישיית סאן בנדטו מוגז עדין 500 מ""ל",אקווה מינרלה סאן בנד,IT,שישיית סאן בנדטו מוג,מיליליטרים,1500.00,"100 מ""ל",false,1,13.90,0.93,true,1,
8001620015636,false,"סן בנדטו מיקס פירות 400 מ""ל",אקווה מינרלה סאן בנד,IT,סן בנדטו מיקס פירות,מיליליטרים,400.00,"100 מ""ל",false,1,7.90,1.98,true,1,
8001620018408,false,"משקה פירות בטעם מנגו תפוח 400 מ""ל פרוטה",אקווה מינרלה סאן בנד,IT,סן בנדטו מנגו תפוח 4,מיליליטרים,400.00,"100 מ""ל",false,1,7.90,1.98,true,1,
8001637404195,false,גורגונזולה דולצה 150 גרם,,,גורגונזולה דולצה 150,גרמים,150.00,100 גרם,false,1,43.90,29.27,true,1,
8001637410813,false,גורגונזולה פיקנט מנות 150ג',,,גורגונזולה פיקנטה 15,גרמים,150.00,100 גרם,false,1,32.50,21.67,true,1,
8001780499307,false,דובדבני אמרנה 230 גרם,FABRRI,IT,דובדבני אמרנה 230 גר,גרמים,230.00,100 גרם,false,1,26.90,11.70,true,1,
8001841625188,false,"נוזל כלים פיירי פלטינום לימון 515 מ""ל",פרוקטר אנד גמבל,GB,נוזל כלים פיירי פלטי,מיליליטרים,515.00,"100 מ""ל",false,1,12.50,2.43,true,1,
8001841625362,false,"נוזל כלים בניחוח לימון פלטינום 780 מ""ל פיירי",,GB,נוזל כלים פיירי פלטי,מיליליטרים,780.00,"100 מ""ל",false,1,13.90,1.78,true,1,
8001841665290,false,פנטן שמפו נוסחה קלאסית לשיער רגיל 400 מל,,,פנטן שמפו נוסחה קלאס,יחידה,1.00,יחידה,false,1,14.90,14.90,true,1,
8001841669465,false,אריאל קפסולות לכביסה ג'ל 24 יח' בניחוח לנור,פרוקטר אנד גמבל,FR,קפסולות לכביסה אריאל,Unknown,0.00,Unknown,false,1,36.90,36.90,true,1,
8001841893990,false,פיירי טבליות למדיח פלטינום פלוס 30 יח',,,טבליות למדיח פלטינום,יחידה,1.00,יחידה,false,1,43.90,43.90,true,1,
8001841958460,false,פיירי טבליות למדיח 48 יחידות,פרוקטר אנד גמבל,BE,טבליות למדיח פיירי 4,יחידה,1.00,יחידה,false,1,43.90,43.90,true,1,
8001906996925,false,"יין פאבולינו פינו נואר 750 מ""ל",,IT,יין פאבולינו פינו נו,מיליליטרים,750.00,"100 מ""ל",false,1,44.90,5.99,true,1,
8002200145682,false,קפה קימבו אינטנסו קפסולות 10 יח,,,קפה קימבו אינטנסו קפ,Unknown,0.00,Unknown,false,1,19.80,19.80,true,1,
8002213011301,false,"קמח לפסטה סוג ""00"" 1 ק""ג",,,"קמח לפסטה סוג ""00"" 1",גרמים,1000.00,100 גרם,false,1,16.90,1.69,true,1,
8002270015649,false,משקה סאן פלגרינו 250 מל,סן פלגרינו ס.פ.א לוק,IT,משקה סאן פלגרינו 1/2,מיליליטרים,250.00,"100 מ""ל",false,1,8.20,3.28,true,1,
8002270015656,false,מים מינרלים סן פלגרי,סן פלגרינו ס.פ.א לוק,IT,סאן פלגרינו 750 מל,מיליליטרים,750.00,"100 מ""ל",false,1,11.90,1.59,true,1,
8002270166587,false,שישייה סאן פלגרינו פלסט 1 ליטר,,,שישייה סאן פלגרינו פ,ליטרים,0.01,ליטר,false,1,52.90,5290.00,true,1,
8002270166594,false,"שישיית סאן פלגרינו 250 מ""ל",,,שישיית סאן פלגרינו 2,מיליליטרים,1500.00,"100 מ""ל",false,1,33.90,2.26,true,1,
8002270206832,false,"סן פלגרינו תפוז 200 מ""ל ARANCIATA",,,סן פלגרינו תפוז 200,מיליליטרים,200.00,"100 מ""ל",false,1,8.20,4.10,true,1,
8002270226823,false,"LIMONATA סן פלגרינו לימון 200 מ""ל",,,LIMONATA סן פלגרינו,מיליליטרים,200.00,"100 מ""ל",false,1,8.20,4.10,true,1,
8002270236792,false,שישיית סאן פלגרינו לימון 500 גר,,,שישיית סאן פלגרינו ל,מיליליטרים,3000.00,"100 מ""ל",false,1,32.90,1.10,true,1,
8002270256790,false,שישיית סאן פלגרינו בטעם תפוז ופטל 500 ג,,,שישיית סאן פלגרינו ב,מיליליטרים,3000.00,"100 מ""ל",false,1,32.90,1.10,true,1,
8002270866524,false,סאן פלנגרינו מים מינ,San Pellegrino Terme,IT,סאן פלגרינו 1 ליטר,מיליליטרים,1000.00,"100 מ""ל",false,1,9.90,0.99,true,1,
8002305008370,false,"רוקה דלה מאציה מנדוס פרימיטיבו 750 מ""ל",,,רוקה דלה מאציה מנדוס,Unknown,0.00,Unknown,false,1,83.90,83.90,true,1,
8002305009346,false,רוקה דלה מאציה קיאנטי ורנאולו 750 מל,,,רוקה דלה מאציה,Unknown,0.00,Unknown,false,1,56.90,56.90,true,1,
8002371000469,false,אנטונלי קרואסון דובדבן 300 גרם,,,אנטונלי קרואסון דובד,גרמים,300.00,100 גרם,false,1,16.50,5.50,true,1,
8002670504279,false,גרנורולו בורגר טבעוני 220 גרם,,IT,גרנורולו בורגר טבעונ,גרמים,220.00,100 גרם,false,1,31.50,14.32,true,1,
8003207997960,false,"פאבולינו קיאנטי רזרב 750 מ""ל",,IT,פאבולינו קיאנטי רזרב,מיליליטרים,750.00,"100 מ""ל",false,1,54.90,7.32,true,1,
8003294931557,false,פילה מקרל 150 גר,,,פילה מקרל 150 גר,גרמים,150.00,100 גרם,false,1,33.90,22.60,true,1,
8003410212676,false,תערובת פולי קפה אספרסו קאסה עוצמה 10 500,,IT,תערובת פולי קפה אספר,גרמים,500.00,100 גרם,false,1,78.90,15.78,true,1,
8003410249306,false,שרוול תערובת קפה קלאסיקו עוצמה 10,,IT,שרוול תערובת קפה סגפ,גרמים,10.00,100 גרם,false,1,21.90,219.00,true,1,
8003410249313,false,שרוול תערובת קפה אינטנסו עוצמה 12,,IT,שרוול תערובת קפה סגפ,גרמים,11.00,100 גרם,false,1,21.90,199.09,true,1,
8003410249344,false,"סגפרדו, קפסולות קפה, פרו, עוצמה 9",,,"סגפרדו, קפסולות קפה,",גרמים,10.00,100 גרם,false,1,21.90,219.00,true,1,
8003410249351,false,"סגפרדו, קפסולות קפה, ברזיל, עוצמה 8",,,"סגפרדו, קפסולות קפה,",גרמים,10.00,100 גרם,false,1,21.90,219.00,true,1,
8003410446477,false,שרוול תערובת קפה ריסטרטו עוצמה 11,,IT,שרוול תערובת קפה סגפ,גרמים,12.00,100 גרם,false,1,21.90,182.50,true,1,
8003410446484,false,שרוול תערובת קפה ערביקה עוצמה 9,,IT,שרוול תערובת קפה סגפ,גרמים,13.00,100 גרם,false,1,21.90,168.46,true,1,
8003440992395,false,צופה צופ חמוץ גומי 150 גרם,,ES,צופה צופ חמוץ גומי 1,גרמים,150.00,100 גרם,false,1,12.00,8.00,true,1,
8003490037206,false,מאפה בצורת מקלות מלח 250 גר,,IT,רוברטו-מקלות גריסיני,גרמים,250.00,100 גרם,false,1,26.90,10.76,true,1,
8003490038708,false,רוברטו-מקלות גריסיני רוזמרין 250 גר,,IT,רוברטו-מקלות גריסיני,גרמים,250.00,100 גרם,false,1,26.90,10.76,true,1,
8003490042804,false,רוברטו-מקלות גריסיני שמן זית 250 גר,,,רוברטו-מקלות גריסיני,גרמים,250.00,100 גרם,false,1,19.90,7.96,true,1,
8003490043009,false,רוברטו-מקלות מיני גריסיני רוזמרין 150 גר,,,רוברטו-מקלות מיני גר,גרמים,150.00,100 גרם,false,1,13.90,9.27,true,1,
8003490043207,false,רוברטו-מקלות מיני גריסיני שומשום 150 גר,,,רוברטו-מקלות מיני גר,גרמים,150.00,100 גרם,false,1,13.90,9.27,true,1,
8003490044808,false,רוברטו-ברוסקטה שמן זית 100 גר,,,רוברטו-ברוסקטה שמן ז,גרמים,100.00,100 גרם,false,1,12.90,12.90,true,1,
8003490044815,false,רוברטו-ברוסקטה רוזמרין 100 גר,,,רוברטו-ברוסקטה רוזמר,גרמים,100.00,100 גרם,false,1,12.90,12.90,true,1,
8003490044822,false,רוברטו-ברוסקטה פסטו 100 גר,,,רוברטו-ברוסקטה פסטו,גרמים,100.00,100 גרם,false,1,12.90,12.90,true,1,
8003490044839,false,רוברטו-ברוסקטה עגבניות בזיליקום 100 גר,,,רוברטו-ברוסקטה עגבני,גרמים,100.00,100 גרם,false,1,12.90,12.90,true,1,
8003490044990,false,רוברטו-מקלות גריסיני שומשום 250,,IT,רוברטו-מקלות גריסיני,גרמים,250.00,100 גרם,false,1,26.90,10.76,true,1,
8003490047038,false,רוברטו-קרוטונים לסלט ולמרק 125 גר,,,רוברטו-קרוטונים לסלט,גרמים,125.00,100 גרם,false,1,19.90,15.92,true,1,
8003866012196,false,פחית קפה טחון 100% ארביקה 250 גרם DIEMME,,,פחית קפה טחון 100% א,גרמים,250.00,100 גרם,false,1,36.50,14.60,true,1,
8004030044005,false,נתחי טונה בשמן זית ריו מרה 160 ג',"בולטון אלימנטרי בע""מ",IT,טונה בשמן זית ריו מר,גרמים,160.00,100 גרם,false,1,18.70,11.69,true,1,
8004030102033,false,טונה בשמן עם לימון ופלפל ריו מרה שלישיה *80 ג',בולטון אלימנטרי,IT,טונה ריו מרה בשמן עם,גרמים,240.00,100 גרם,false,1,28.90,12.04,true,1,
8004030177000,false,טונה בשמן זית וצ'ילי ריו מרה מארז 80X3 גר',,IT,טונה בשמן זית עם ציל,גרמים,240.00,100 גרם,false,1,28.90,12.04,true,1,
8004030344938,false,טונה בשמן זית ריו מרה שלישיה * 80 ג',"בולטון אלימנטרי בע""מ",IT,שלישיית טונה ריו מרה,גרמים,240.00,100 גרם,false,1,28.90,12.04,true,1,
8004030860001,false,ירקות עם קוקוס וטונה ריו מרה אינסלטיסימי 160 ג',"בולטון אלימנטרי בע""מ",IT,ריו מרה אינסלטיסימי,גרמים,160.00,100 גרם,false,1,16.90,10.56,true,1,
8004275054418,false,שמן זרעי ענבים 1 ליטר קוריצלי,,,שמן זרעי ענבים 1 ליט,מיליליטרים,1000.00,"100 מ""ל",false,1,43.90,4.39,true,1,
8004275058775,false,שמן זית כתית מעולה 500 מל CIRIO,,,שמן זית כתית מעולה 5,מיליליטרים,500.00,"100 מ""ל",false,1,28.20,5.64,true,1,
8004275058942,false,"שמן זית כתית מעולה 750 מ""ל CIRIO",,,שמן זית כתית מעולה 7,מיליליטרים,750.00,"100 מ""ל",false,1,39.90,5.32,true,1,
8004275079442,false,שמן זית כתית מעולה לא מסונן 1 ליטר CIRIO,,,שמן זית כתית מעולה,מיליליטרים,1000.00,"100 מ""ל",false,1,59.90,5.99,true,1,
8004309015217,false,בורטה איטלקית 125 גרם,,IT,בורטה איטלקית 125 גר,גרמים,125.00,100 גרם,false,1,25.50,20.40,true,1,
8004735092820,false,שלישיית ביצי שוקולד(חלב נוכרי) - ווינקס,,IT,שלישיית ביצי שוקולד(,Unknown,1.00,Unknown,false,1,11.90,11.90,true,1,
8004800005519,false,וופל רול גלילי במילוי קרם אגוזי לוז- 125 ג' לאגו,לגו גרופ ס.פ.א.,IT,גלילי ופל לאגו מיני,גרמים,125.00,100 גרם,false,1,11.90,9.52,true,1,
8005085715445,false,קריספו- דובדבן מריר מצופה שוקו מריר 130,,,קריספו- דובדבן מריר,גרמים,130.00,100 גרם,false,1,18.40,14.15,true,1,
8005085719382,false,קריספו-לימון מסוכר מצופה שוקולד 130 גרם,,IT,קריספו-לימון מסוכר מ,גרמים,130.00,100 גרם,false,1,13.90,10.69,true,1,
8005085719405,false,קריספו-תפוז מסוכר מצופה שוקולד 130 גרם,,IT,קריספו-תפוז מסוכר מצ,גרמים,130.00,100 גרם,false,1,13.90,10.69,true,1,
8005110002243,false,רכז עגבניות Doppio Concentr בשפופרת 185 ג' MUTTI,"איי, בי, אינבוו",IT,רכז עגבניות DOPPIO ב,גרמים,185.00,100 גרם,false,1,8.90,4.81,true,1,
8005110170300,false,שלישיית עגבניות מרוסקות 400 גר MUTTI,Mutti,IT,POLPA עגבניות חתוכות,גרמים,400.00,100 גרם,false,1,18.90,4.73,true,1,
8005110550508,false,עגבניות שרי 400 גרם MUTTI,,,עגבניות שרי 400 גרם,מיליליטרים,400.00,"100 מ""ל",false,1,9.90,2.48,true,1,
8005110551253,false,מוטי רוטב לפיצה 400 גרם,"איי, בי, אינבוו",IT,רוטב פיצה 400 גרם,גרמים,400.00,100 גרם,false,1,9.90,2.48,true,1,
8005180150219,false,PAGANI רביולי גבינה 250 גרם,,IT,PAGANI רביולי גבינה,גרמים,250.00,100 גרם,false,1,19.90,7.96,true,1,
8005180150233,false,PAGANI טורטליני גבינה ועגבניות 200 גרם,,IT,PAGANI טורטליני גבינ,גרמים,200.00,100 גרם,false,1,19.90,9.95,true,1,
8005180150295,false,PAGANI טורטליני פטריות פורציני 250 גרם,,IT,PAGANI טורטליני פטרי,גרמים,250.00,100 גרם,false,1,19.90,7.96,true,1,
8005180152640,false,PAGANI רביולי גבינה וכמהין 250 גרם,,IT,PAGANI רביולי גבינה,גרמים,250.00,100 גרם,false,1,19.90,7.96,true,1,
8005180152657,false,PAGANI טורטליני ריקוטה ותרד 200 גרם,,IT,PAGANI טורטליני ריקו,גרמים,200.00,100 גרם,false,1,19.90,9.95,true,1,
8005200256587,false,משקה תה בטעם אפרסק 1.5ל' NESTEA,מפעל סאנפלגרינו S.P.,IT,נסטי בטעם אפרסק 1.5,ליטרים,0.00,ליטר,false,1,9.00,9.00,true,1,
8005200316588,false,משקה תה דיאט בטעם אפרסק 1.5ל' NESTEA,מפעל סאנפלגרינו s.p.,IT,נסטי דיאט בטעם אפרסק,ליטרים,0.00,ליטר,false,1,9.00,9.00,true,1,
8005200486526,false,"נסטי בטעם אפרסק 500 מ""ל",מפעל סאנפלגרינו S.p.,IT,נסטי בטעם אפרסק 500,מיליליטרים,500.00,"100 מ""ל",false,1,6.50,1.30,true,1,
8005390020517,false,סרטורי ואלפוליצלה קל. מונטגרדלה 750 מל,,,סרטורי ואלפוליצלה קל,Unknown,0.00,Unknown,false,1,87.90,87.90,true,1,
8005390036020,false,סרטורי סואבה קלאסיקו וינייטי סלה,,,סרטורי סואבה קלאסיקו,Unknown,0.00,Unknown,false,1,53.90,53.90,true,1,
8005390046579,false,"סרטורי, פינו גריגיו רוזה, לאב סטורי 750מ",,,סרטורי פינו גריגיו,Unknown,0.00,Unknown,false,1,52.90,52.90,true,1,
8005390095317,false,יין סרטורי קוסטוזה 750 מל,,,יין סרטורי קוסטוזה 7,Unknown,0.00,Unknown,false,1,52.90,52.90,true,1,
8005390095331,false,יין סרטורי ואלפוליצלה קלאסיקו 750 מל,,,יין סרטורי ואלפוליצל,Unknown,0.00,Unknown,false,1,76.90,76.90,true,1,
8005390936153,false,"סרטורי פינו גריגיו ארכולה 750 מ""ל",,,סרטורי פינו גריגיו,Unknown,0.00,Unknown,false,1,52.90,52.90,true,1,
8005469951452,false,ממרח אנשובי עם שמן חמניות,בנדטו סקלייה סרל,IT,ממרח אנשובי איטלקי 6,גרמים,60.00,100 גרם,false,1,16.20,27.00,true,1,
8005803010371,false,גריסיני רוזמרין AMOR DI PANE,"אינסטנטה בע""מ",IT,גריסיני רוזמרין 125,גרמים,125.00,100 גרם,false,1,9.90,7.92,true,1,
8005803010586,false,גריסיני בטעם פיצה 125 ג',"הוסטה איטליה, ס.ר.ל.",IT,גריסיני פיצה 125 גר,גרמים,125.00,100 גרם,false,1,9.90,7.92,true,1,
8005829230333,false,בוטגה פרוסקו גולד 750 מל,,,בוטגה פרוסקו גולד 75,Unknown,0.00,Unknown,false,1,130.90,130.90,true,1,
8006227000399,false,מנצאטו-לחם פרוס לבן 400 גרם,,IT,מנצאטו-לחם פרוס לבן,גרמים,400.00,100 גרם,false,1,15.90,3.98,true,1,
8006227000405,false,סמנצאטו-לחם פרוס חיטה מלאה 400 גרם,,IT,סמנצאטו-לחם פרוס חיט,גרמים,400.00,100 גרם,false,1,15.90,3.98,true,1,
8006227000429,false,סמנצאטו לחם מחמצת פרוס 8 דגנים 400 גר,,,סמנצאטו לחם מחמצת פר,גרמים,400.00,100 גרם,false,1,15.90,3.98,true,1,
8006227001372,false,סמנצאטו לחם לבן שמן זית ללא קשה 400 גר,רו. מאר ס.ר.ל,IT,סמנצאטו לחם לבן שמן,גרמים,400.00,100 גרם,false,1,19.90,4.98,true,1,
8006227001389,false,סמנצאטו לחם מלא שמן זית ללא קשה 400 גר,רו. מאר ס.ר.ל,IT,סמנצאטו לחם מלא שמן,גרמים,400.00,100 גרם,false,1,19.90,4.98,true,1,
8006290803521,false,"מים פררלה 750 מ""ל",,,"מים פררלה 750 מ""ל",מיליליטרים,750.00,"100 מ""ל",false,1,9.90,1.32,true,1,
8006540221341,false,אולוויז מגן תחתון וליופק לארג' 48 יחידות,,DE,מגן תחתון אולוויז לא,Unknown,0.00,Unknown,false,1,16.90,16.90,true,1,
8006540222089,false,פמפרס מגבונים היגיינים לתינוקות וילדים TO GO 40 יח',,ES,מגבונים היגיינים לתי,יחידה,1.00,יחידה,false,1,7.90,7.90,true,1,
8006540425930,false,אריאל קפסולות לכביסה ג'ל 24 יח' לכתמים קשים,פרוקטר & גמבל,FR,קפסולות לכביסה אריאל,Unknown,0.00,Unknown,false,1,36.90,36.90,true,1,
8006540592496,false,תחבושות אולוויז אולטרא כפול לילה 20 יח,פרוקטר,DE,תחבושות אולוויז אולט,Unknown,0.00,Unknown,false,1,17.90,17.90,true,1,
8006663001042,false,גראנה פאדנה 200 ג' VIRGILIO,,IT,גרנה פדנו איטלקי,גרמים,200.00,100 גרם,false,1,28.20,14.10,true,1,
8006663001073,false,פרמזנו רגאנו איטלקי 200 גרם,,IT,פרמזנו רגאנו איטלקי,גרמים,200.00,100 גרם,false,1,35.90,17.95,true,1,
8006922010464,false,מעדן קפוא בטעם שמנת וקפה 500 גרם,,IT,מעדן קפוא בטעם שמנת,גרמים,500.00,100 גרם,false,1,35.90,7.18,true,1,
8006922084410,false,גלידה משפחתית בטעם שמנת עם פיסטוקים סיווירו מאריה 2 ל',,,מעדן קפוא בטעם פיסטו,גרמים,1000.00,100 גרם,false,1,55.50,5.55,true,1,
8006922085073,false,"מעדן קפוא בטעם עוגיות ושקדים 1 ק""ג",,IT,מעדן קפוא בטעם עוגיו,גרמים,1000.00,100 גרם,false,1,55.50,5.55,true,1,
8006922085325,false,גלידה משפחתית בטעם שמנת עם סירופ קרמל סיווירו מאריה 2 ל',,,מעדן קפוא בטעם קרמל,גרמים,1000.00,100 גרם,false,1,55.50,5.55,true,1,
8007178120310,false,"חומץ בלסמי ג'קובזי 500 מ""ל",פטורייה ג'יאקובאזי ס,IT,חומץ בלסמי גקובזי 50,מיליליטרים,500.00,"100 מ""ל",false,1,22.90,4.58,true,1,
8007270501017,false,"שמן זית קוסטה דאורו 750 מ""ל",,IT,שמן זית קוסטה דאורו,מיליליטרים,750.00,"100 מ""ל",false,1,49.50,6.60,true,1,
8007537005203,false,טורטיליה ציפס עגול 450 גר,,,טורטיליה ציפס עגול,גרמים,450.00,100 גרם,false,1,27.20,6.04,true,1,
8007537005937,false,פרימיום ציפס פלפל שחור ומלח ים 300 גרם,,IT,פרימיום ציפס פלפל שח,גרמים,300.00,100 גרם,false,1,27.20,9.07,true,1,
8008164002580,false,"גלידה משפחתית גלטי ריבת חלב 1 ק""ג",,,גלידה משפחתית גלטי ר,גרמים,1000.00,100 גרם,false,1,32.90,3.29,true,1,
8008440249425,false,בירה אסהי יבשה מאד 330 מל בקבוק,פרונרי,IT,בירה אסהי 330 מל בק,מיליליטרים,330.00,"100 מ""ל",false,1,12.90,3.91,true,1,
8008440522016,false,"שישיית בירה פרוני 6*330 מ""ל",פרונרי,IT,שישיית בירה פרוני 6*,מיליליטרים,1980.00,"100 מ""ל",false,1,40.90,2.07,true,1,
8008620009276,false,קריץ-קרקר מלוח 500 גרם,,IT,קריץ קרקר מלוח 500 ג,גרמים,500.00,100 גרם,false,1,18.50,3.70,true,1,
8008620009290,false,קריץ-קרקר חיטה מלאה 500 ג',,IT,קריץ קרקר חיטה מלאה,גרמים,500.00,100 גרם,false,1,18.50,3.70,true,1,
8008620050544,false,ביו קרקר שומשום ורוזמרין 250 גרם,,IT,קריץ קרקר אורגני שומ,גרמים,250.00,100 גרם,false,1,17.90,7.16,true,1,
8008696029048,false,נוטרי פרי-לחם פרוס ק.מלא ללא גלוטן 300 ג,,IT,נוטרי פרי-לחם פרוס ק,גרמים,300.00,100 גרם,false,1,24.90,8.30,true,1,
8008698002025,false,בסיס לפיצה ללא גלוטן 300 גרם,,,בסיס לפיצה ללא גלוטן,גרמים,300.00,100 גרם,false,1,38.90,12.97,true,1,
8008698002599,false,לחם הבית פרוס ללא גל,דר שר,DE,SCHAR לחם הבית 240 ג,גרמים,240.00,100 גרם,false,1,24.00,10.00,true,1,
8008698003961,false,SCHAR שוקו סטיק ללא גלוטן 150 גרם,,DE,SCHAR שוקו סטיק ללא,גרמים,150.00,100 גרם,false,1,23.90,15.93,true,1,
8008698004807,false,תערובת קמחים לאפיית לחם ל.גלוטן 1020קג,דר שר,AT,תערובת קמחים לאפיית,גרמים,1000.00,100 גרם,false,1,32.90,3.29,true,1,
8008698010259,false,"SCHAR גבטה לל""ג 200 גרם",,,"SCHAR גבטה לל""ג 200",גרמים,200.00,100 גרם,false,1,23.90,11.95,true,1,
8008698012857,false,ביסקויטים פתי בר שר 165 גרם,דר שר,IT,ביסקויטים פתי בר שר,גרמים,165.00,100 גרם,false,1,21.50,13.03,true,1,
8008698024065,false,לחם ללא גלוטן פאן בלנקו 250 גר,schar,IT,לחם ללא גלוטן פאן בל,גרמים,250.00,100 גרם,false,1,20.80,8.32,true,1,
8008698024188,false,לחם ללא גלוטן פאן רוסטיקו 250 גר,,DE,לחם ללא גלוטן פאן רו,גרמים,250.00,100 גרם,false,1,20.80,8.32,true,1,
8008698029503,false,"חטיף כדורי דגנים שוקולד לל""ג 37 גרם",,IT,חטיף כדורי דגנים שוק,גרמים,37.00,100 גרם,false,1,9.90,26.76,true,1,
8008698031032,false,"חטיף קרוויס בטעם ברביקיו לל""ג 170 גרם",,FR,חטיף קרוויס בטעם ברב,גרמים,170.00,100 גרם,false,1,20.90,12.29,true,1,
8008825005363,false,עגבניות מרוסקות 3*400 גר Rodolfi,,,עגבניות מרוסקות 3*4,קילוגרמים,0.00,"ק""ג",false,1,18.80,18.80,true,1,
8008825012538,false,מחית עגבניות 690 גרם Rodolfi,,,מחית עגבניות 690 גרם,גרמים,690.00,100 גרם,false,1,12.90,1.87,true,1,
8008825012545,false,מחית עגבניות/זרעים 690 גרם Rodolfi,,,מחית עגבניות/זרעים 6,גרמים,690.00,100 גרם,false,1,13.50,1.96,true,1,
8009470009010,false,סימבה שימורים לכלבים בשר 415 ג',,,סימבה לכלב בקר 415,גרמים,400.00,100 גרם,false,1,4.00,1.00,true,1,
8009470009164,false,סימבה שימורים לכלבים כבש 415 ג',,,סימבה לכלב כבש 415,גרמים,400.00,100 גרם,false,1,4.00,1.00,true,1,
8009915001340,false,פסטה אליקה ללא גלוטן 250 גרם,,,פסטה אליקה ללא גלוטן,גרמים,250.00,100 גרם,false,1,15.90,6.36,true,1,
8013399145315,false,סוכריות סטיביה דיטרול תות 70 גרם,,,סוכריות סטיביה דיטרו,Unknown,0.00,Unknown,false,1,14.00,14.00,true,1,
8015997000133,false,מאריני-קנטוצ'יני עוגיות עם שקדים 200 גר',,IT,מאריני-קנטוציני עוגי,גרמים,200.00,100 גרם,false,1,15.60,7.80,true,1,
8015997000911,false,מאריני בישקוטים 200 גרם,,,מאריני בישקוטים 200,ליטרים,0.00,ליטר,false,1,8.00,8.00,true,1,
8017070766530,false,קרקרים בתיבול רוזמרין 150 גרם,,,קרקרים בתיבול רוזמרי,גרמים,150.00,100 גרם,false,1,11.90,7.93,true,1,
8017070766554,false,קרקר סקיני קלאסי 150 גרם,,,קרקרים קלאסיים 150 ג,גרמים,150.00,100 גרם,false,1,11.90,7.93,true,1,
8017070766615,false,קרקרים בתוספת זרעי ציה 150 גרם,,,קרקרים בתוספת זרעי צ,גרמים,150.00,100 גרם,false,1,11.90,7.93,true,1,
8017938005184,false,"חומץ תפוחים אורגני 750 מ""ל",,,חומץ תפוחים אורגני 7,מיליליטרים,750.00,"100 מ""ל",false,1,18.90,2.52,true,1,
8019428000105,false,משקה שיבולת שועל אורגני 1 ליטר,,,משקה שיבולת שועל אור,מיליליטרים,1000.00,"100 מ""ל",false,1,14.90,1.49,true,1,
8019428004066,false,"משקה אורז שקדים אורגני 250 מ""ל",,,משקה אורז שקדים אורג,מיליליטרים,250.00,"100 מ""ל",false,1,5.50,2.20,true,1,
8019428005001,false,שמנת אורגנית לבישול על בסיס ש.שועל 240 מ,,,שמנת אורגנית לבישול,מיליליטרים,240.00,"100 מ""ל",false,1,11.90,4.96,true,1,
8019428007111,false,משקה שקדים אורגני 1 ליטר,,,משקה שקדים אורגני 1,מיליליטרים,1000.00,"100 מ""ל",false,1,22.90,2.29,true,1,
8019428007135,false,משקה סויה אורגני בטעם וניל 1 ליטר,,,משקה סויה אורגני בטע,מיליליטרים,1000.00,"100 מ""ל",false,1,12.90,1.29,true,1,
8023678161363,false,משקה שבולת שועל אורגני 1 ליטר ISOLA,פרח,IT,משקה שבולת שועל אורג,מיליליטרים,1000.00,"100 מ""ל",false,1,12.90,1.29,true,1,
8023678161387,false,משקה סויה אורגני 1 ליטר ISOLA,,,משקה סויה אורגני 1 ל,מיליליטרים,1000.00,"100 מ""ל",false,1,10.90,1.09,true,1,
8024985000079,false,מחית תפוח משמש 100% פרי 200 ג נטורה נובה,נטורה נובה,IT,מחית תפוח משמש 100%,גרמים,200.00,100 גרם,false,1,10.90,5.45,true,1,
8024985000086,false,מחית תפוח בננה 100% פרי 200 ג נטורה נובה,"נטורפוד בע""מ",IT,מחית תפוח בננה 100%,גרמים,200.00,100 גרם,false,1,10.90,5.45,true,1,
8024985002783,false,סמוזי נטורה נובה גזר ודלעת 100 גרם,,,סמוזי נטורה נובה גזר,גרמים,100.00,100 גרם,false,1,6.50,6.50,true,1,
8024985002912,false,סמוזי אגס בטטה 100 גר נטורה נובה,נטורה נובה,IT,סמוזי אגס בטטה 100 ג,גרמים,100.00,100 גרם,false,1,6.50,6.50,true,1,
8024985002943,false,סמוזי נטורה נובה תפוח אננס קוקוס 100 גרם,נטורה נובה,IT,סמוזי נטורה נובה תפו,גרמים,100.00,100 גרם,false,1,6.50,6.50,true,1,
8024985002950,false,סמוזי שזיף אורגני 100 גרם,נטורה נובה,IT,סמוזי שזיף אורגני 10,גרמים,100.00,100 גרם,false,1,6.50,6.50,true,1,
8024985002967,false,סמוזי נטורה נובה בננה תרד 100 גרם,נטורה נובה,IT,סמוזי נטורה נובה בננ,גרמים,100.00,100 גרם,false,1,6.50,6.50,true,1,
8024985003988,false,סמוזי תפוח בננה 100 גר נטורה נובה,נטורה נובה,IT,סמוזי תפוח בננה 100,גרמים,100.00,100 גרם,false,1,6.50,6.50,true,1,
8024985004299,false,סמוזי מעורב תפוח/פירות רביעיה 400 גר,,,סמוזי מעורב תפוח/פיר,גרמים,400.00,100 גרם,false,1,24.50,6.13,true,1,
8024985004695,false,סמוזי בננה רביעיה 400 גר נטורה נובה,נטורה נובה,IT,סמוזי בננה רביעיה 40,גרמים,400.00,100 גרם,false,1,24.50,6.13,true,1,
8024985005234,false,סמוזי נטורה נובה סמוצי תפוח מנגו 100 גרם,נטורה נובה,IT,מחית נטורה נובה סמוצ,גרמים,100.00,100 גרם,false,1,6.50,6.50,true,1,
8024985005296,false,סמוזי אגס בננה תפוח וקינואה אורגני,,,סמוזי אגס בננה תפוח,גרמים,120.00,100 גרם,false,1,8.50,7.08,true,1,
8024985005302,false,סמוזי תפוח רימון פטל אוכמניות אורגני,,,סמוזי תפוח רימון פטל,גרמים,120.00,100 גרם,false,1,8.50,7.08,true,1,
8024985006309,false,סמוזי מנגו רביעיה 400 גר נטורה נובה,נטורה נובה,IT,סמוזי מנגו רביעיה 40,גרמים,400.00,100 גרם,false,1,24.50,6.13,true,1,
8024985008037,false,סמוזי נטורה נובה סמוצי תפוח 100 גרם,"נטורפוד בע""מ",IT,מחית נטורה נובה סמוצ,גרמים,100.00,100 גרם,false,1,6.50,6.50,true,1,
8024985008044,false,סמוזי נטורה נובה סמוצי אגס 100 גרם,"נטורפוד בע""מ",IT,מחית נטורה נובה סמוצ,גרמים,100.00,100 גרם,false,1,6.50,6.50,true,1,
8024985008051,false,סמוזי נטורה נובה סמוצי פירות אדומים 100,"נטורפוד בע""מ",IT,מחית נטורה נובה סמוצ,גרמים,100.00,100 גרם,false,1,6.50,6.50,true,1,
8024985011204,false,סמוזי תפוח תות בננה 100 גר נטורה נובה,נטורה נובה,IL,סמוזי תפוח תות בננה,גרמים,100.00,100 גרם,false,1,6.50,6.50,true,1,
8030316001011,false,מונטאלבאנו פינו גריגיו 750 מל אורגני,,,מונטאלבאנו פינו,מיליליטרים,750.00,"100 מ""ל",false,1,70.90,9.45,true,1,
8032523530452,false,ממרח פיסטוק 200 גרם,,,ממרח פיסטוק 200 גרם,גרמים,200.00,100 גרם,false,1,37.90,18.95,true,1,
8032685196770,false,עגבניות אורגניות מקולפות 400 גרם SOLANIA,סולניה,IT,עגבניות אורגניות מקו,גרמים,400.00,100 גרם,false,1,7.90,1.98,true,1,
8032685196800,false,עגבניות אורגניות מרוסקות 720 גרם SOLANIA,פתח תקווה,IT,עגבניות אורגניות מרו,גרמים,720.00,100 גרם,false,1,14.90,2.07,true,1,
8032804430976,false,"ריגטוני שיבולת שועל לל""ג פליסיה 340 גרם",מולינו אנדריאני,IT,ריגטוני שיבולת שועל,גרמים,340.00,100 גרם,false,1,18.90,5.56,true,1,
8032804432000,false,פנה פליסיה כוסמת אורגני 340 גר,,,פנה פליסיה כוסמת אור,גרמים,340.00,100 גרם,false,1,16.90,4.97,true,1,
8032804435636,false,פוזילי 4 דגנים אורגני 340 גרם פליסיה,,,פוזילי 4 דגנים אורגנ,גרמים,340.00,100 גרם,false,1,14.90,4.38,true,1,
8032880800410,false,פיק-ניק מקלות פריכים עם ממרח שוקולד 50 ג,,,פיק-ניק מקלות פריכים,גרמים,50.00,100 גרם,false,1,5.90,11.80,true,1,
8033020445973,false,"PIVETTI קמח 00 לכל מטרה 1 ק""ג",PIVETTI,IT,PIVETTI קמח 00 לכל מ,גרמים,1000.00,100 גרם,false,1,8.30,0.83,true,1,
8034023208503,false,TERREעגבניות מיובשות בשמן חמניות 280 גר,,,TERREעגבניות מיובשות,גרמים,280.00,100 גרם,false,1,18.60,6.64,true,1,
8034023209104,false,רבעי ארטישוק 280 גרם TERRE,,,רבעי ארטישוק 280 גרם,גרמים,280.00,100 גרם,false,1,20.90,7.46,true,1,
8034023209166,false,ארטישוק שלם 530 גר TERRE,,,ארטישוק שלם 530 גר T,גרמים,530.00,100 גרם,false,1,30.50,5.75,true,1,
8034023209173,false,רבעי ארטישוק 290 גרם TERRE,,,רבעי ארטישוק 290 גרם,גרמים,290.00,100 גרם,false,1,20.90,7.21,true,1,
8034023209180,false,ארטישוק בגריל 290 גרם TERRE,,,ארטישוק בגריל 290 גר,גרמים,290.00,100 גרם,false,1,18.60,6.41,true,1,
8034023209197,false,TERREעגבניות מיובשות בשמן חמניות 280 גר,,,TERREעגבניות מיובשות,גרמים,280.00,100 גרם,false,1,18.60,6.64,true,1,
8076800195033,false,ברילה - צ.א ספגטיני מס3 חדש 500 גרם,ברילה גי.אי.אר פרטלי,IT,ספגטי ברילה מס 3 ברי,גרמים,500.00,100 גרם,false,1,7.90,1.58,true,1,
8076800195057,false,ברילה - צ.א ספגטי מס5 חדש 500 גרם,ברילה גי.אי.אר פרטלי,IT,ספגטי ברילה מס 5 ברי,גרמים,500.00,100 גרם,false,1,7.90,1.58,true,1,
8076800195132,false,ברילה - צ.א בבטה מס13 500 גרם,ברילה גי.אי.אר פרטלי,IT,פסטה ברילה מס 13,גרמים,500.00,100 גרם,false,1,7.90,1.58,true,1,
8076800315097,false,ברילה - צ.א בוקטיני מס9 500 גרם,ברילה גי.אי.אר פרטלי,IT,ספגטי ברילה בוקטיני,גרמים,500.00,100 גרם,false,1,7.90,1.58,true,1,
8076802085738,false,ברילה - צ.ק פנה רגטה חדש 500 גרם,ברילה גי.אי.אר פרטלי,IT,פסטה ברילה פנה רגטה,גרמים,500.00,100 גרם,false,1,7.90,1.58,true,1,
8076802085837,false,ברילה - צ.ק טורטליוני מס83 500 גרם,הנסיך- מפעל לייצור ט,IT,פסטה ברילה טורטליוני,גרמים,500.00,100 גרם,false,1,7.90,1.58,true,1,
8076802085936,false,ברילה - פסטה קונצילה ריגטה 500 גרם,ברילה גי.אי.אר פרטלי,IT,ברילה קונציליאה ריגא,גרמים,500.00,100 גרם,false,1,7.90,1.58,true,1,
8076802085981,false,ברילה - צ.ק פוזילי חדש 500 גרם,ברילה גי.אי.אר פרטלי,IT,פסטה ברילה פוזילי מס,גרמים,500.00,100 גרם,false,1,7.90,1.58,true,1,
8076808060654,false,ברילה - צ.ק פרפלה חדש 500 גרם,ברילה גי.אי.אר פרטלי,IT,ברילה פרפלה מס 65,גרמים,500.00,100 גרם,false,1,7.90,1.58,true,1,
8076808150072,false,ברילה - צ.א ספגטוני מס7 חדש 500 גרם,ברילה גי.אי.אר פרטלי,IT,ספגטי ברילה מס 7 ברי,גרמים,500.00,100 גרם,false,1,7.90,1.58,true,1,
8076809501415,false,ברילה קנלוני/פנה 500 ג' מצה פנה טרקולור 500 גרם,,,פנה טריקולור 78 500,גרמים,500.00,100 גרם,false,1,17.10,3.42,true,1,
8076809512268,false,ברילה - צ.ק גירנדולה חדש 500 גרם,ברילה גי.אי.אר פרטלי,IT,ברילה גירנדולה מס 34,גרמים,500.00,100 גרם,false,1,7.90,1.58,true,1,
8076809513395,false,רוטב פסטה ברילה פורמודרו 400ג',ברילה גי.אי.אר פרטלי,IT,רוטב פומודורו 400 גר,גרמים,400.00,100 גרם,false,1,16.90,4.23,true,1,
8076809513654,false,בסיס רוטב עגבניות לבולונז 400 גרם ברילה,ברילה גי.אי.אר פרטלי,IT,בסיס רוטב עגבניות לב,גרמים,400.00,100 גרם,false,1,16.90,4.23,true,1,
8076809513692,false,רוטב עגבניות נפולטנה בתוספת ירקות,ברילה גי.אי.אר פרטלי,IT,רוטב נפוליטנה 400 גר,גרמים,400.00,100 גרם,false,1,16.90,4.23,true,1,
8076809519977,false,ברילה אורקייטה 500 גר,,,ברילה אורקייטה 500 ג,גרמים,500.00,100 גרם,false,1,15.90,3.18,true,1,
8076809529419,false,ספגטי מחיטה מלאה מס' 5 500 ג' ברילה,ברילה גי. אי. אר פרט,IT,ספגטי חיטה מלאה 500,גרמים,500.00,100 גרם,false,1,15.50,3.10,true,1,
8076809529433,false,ברילה פנטה רגטה מחיטה מלאה 500ג',"ש. שסטוביץ בע""מ",IT,פנטה רגטה חיטה מלאה,גרמים,500.00,100 גרם,false,1,15.50,3.10,true,1,
8076809545457,false,ברילה אטריות ללא גלוטן 400 ג' צינורות 400 ג',"ש. שסטוביץ בע""מ",IT,ברילה פסטה ללא גלוטן,גרמים,400.00,100 גרם,false,1,15.90,3.98,true,1,
8076809547956,false,ברילה - צ.ק קיפרי 500 גרם,ברילה סורג,IT,ברילה קיפרי 500 גר,גרמים,500.00,100 גרם,false,1,7.90,1.58,true,1,
8121300207004,false,טרוביה - סטיביה ממתיק בצנצנת 270 גרם,,US,טרוביה סטיביה ממתיק,גרמים,270.00,100 גרם,false,1,38.50,14.26,true,1,
8410013381010,false,יין מבעבע קודורניו קלאסיקו ברוט 750 מל,,,יין מבעבע קודורניו ק,Unknown,0.00,Unknown,false,1,48.90,48.90,true,1,
8410013381089,false,יין קווה קודורניו קלסיקו יבש 200מל*3,,,יין קווה קודורניו קל,Unknown,0.00,Unknown,false,1,67.10,67.10,true,1,
8410013991042,false,יין קאווה באך יבש 750 מל,,,יין קאווה באך יבש 75,Unknown,0.00,Unknown,false,1,44.90,44.90,true,1,
8410031934892,false,סוכריות צופה צופ מלודי רביעייה 60 גרם,,RU,סוכריות צופה צופ מלו,גרמים,60.00,100 גרם,false,1,10.90,18.17,true,1,
8410031966237,false,צ'ופה צ'ופס - סוכריות לולי על מקל 114 גרם,,ES,צופה צופ חמוץ סוכריו,גרמים,114.00,100 גרם,false,1,10.90,9.56,true,1,
8410076610386,false,נייטשר ואלי פרוטאין בוטנים עם ציפוי בטעם קרמל מלוח 160 ג',סריילטו ספיין פודס,ES,חטיף נייטשר ואלי פרו,גרמים,210.00,100 גרם,false,1,26.90,12.81,true,1,
8410076621009,false,חטיף פייבר 1 קרמל מלוח 30% פחות סוכר 120 גר',"גלאטס סירו בע""מ",ES,חטיף פייבר 1 בטעם קר,גרמים,120.00,100 גרם,false,1,17.90,14.92,true,1,
8410104039134,false,"פיניש מנקה ומחדש מדיח 250מ""ל",הדקלאים אגודת שיתופי,PL,מנקה ומחדש פיניש 250,מיליליטרים,250.00,"100 מ""ל",false,1,19.90,7.96,true,1,
8410104437268,false,פיניש דאו ציטרופרש מנטה,,,פיניש סטופ לריח,Unknown,0.00,Unknown,false,1,23.90,23.90,true,1,
8410128783587,false,ויוה סוי שיבולת שועל קרטונית 1 ליטר,,ES,ויוה סוי שיבולת שועל,מיליליטרים,1000.00,"100 מ""ל",false,1,13.90,1.39,true,1,
8410300207665,false,קוביות גלינה בלנקה טעם עוף 80 גר,,,קוביות גלינה בלנקה ט,Unknown,0.00,Unknown,false,1,14.90,14.90,true,1,
8410342007049,false,"טוראס-שוקולד מריר 85% ללת""ס 75 גרם",,,טוראס-שוקולד מריר 85,גרמים,75.00,100 גרם,false,1,10.90,14.53,true,1,
8410376010701,false,"ביסקוויט ללת""ס גולון גלטה מריה 400 גר",תות תעשיות מזון (201,ES,ביסקוויט גולון,גרמים,400.00,100 גרם,false,1,18.90,4.73,true,1,
8410376013191,false,קרקר פיק קוקטייל בצילינדר 350 גר גולון,,,קרקר פיק קוקטייל 350,גרמים,350.00,100 גרם,false,1,16.90,4.83,true,1,
8410376027273,false,עוגיות מצופות שוקולד לבן גולון טווינס252,,ES,עוגיות מצופות שוקולד,גרמים,252.00,100 גרם,false,1,13.90,5.52,true,1,
8410376029079,false,גולון רונדיטוס ביסקויט ללא סוכר 186 ג',,,רונדיטוס ביסקוויט,גרמים,186.00,100 גרם,false,1,17.90,9.62,true,1,
8410376033267,false,גולון ביסקוויט דגנים ללא סוכר 410 ג',,,"גולון ללת""ס ביסקויט",גרמים,410.00,100 גרם,false,1,22.90,5.59,true,1,
8410376035407,false,"בישקוטים גולון, 200 ג'",,,גולון בישקוטים 200ג,גרמים,200.00,100 גרם,false,1,7.90,3.95,true,1,
8410376042481,false,גולון ביסקוויט קרם יוגורט ללתס 220 גרם,גלטס גולון,,גולון ביסקוויט קרם י,גרמים,220.00,100 גרם,false,1,15.90,7.23,true,1,
8410376047509,false,"גולון ביסקויט ללת""ס 400 גרם",גלטס גולון,,"גולון ביסקויט ללת""ס",גרמים,400.00,100 גרם,false,1,17.90,4.48,true,1,
8410376051933,false,גולון קרקר פיק צדר 250ג,,ES,גולון קרקר פיק צדר 2,גרמים,250.00,100 גרם,false,1,9.90,3.96,true,1,
8410376059380,false,גולון וופל וניל ללא תוספת סוכר 180 גרם,,ES,גולון וופל וניל ללא,גרמים,180.00,100 גרם,false,1,17.90,9.94,true,1,
8410406211054,false,מרקז דה קסרס ריוחה רזרב 750 מל,,,מרקז דה קסרס ריוחה,Unknown,0.00,Unknown,false,1,124.90,124.90,true,1,
8410406311006,false,מרקז דה קסרס ריוחה קריאנזה 750 מל,,,מרקז דה קסרס ריוחה,Unknown,0.00,Unknown,false,1,73.90,73.90,true,1,
8410406321005,false,מרקז דה קסרס ריוחה קריאנזה 375 מל,,,מרקז דה קסרס ריוחה,Unknown,0.00,Unknown,false,1,47.90,47.90,true,1,
8410406611007,false,מרקס דה קסרס רוזה ריוחה 750 מל,,,מרקס דה קסרס רוזה רי,Unknown,0.00,Unknown,false,1,64.90,64.90,true,1,
8410525116681,false,פיני גומי צפרדעים 90 גרם,,ES,פיני גומי צפרדעים 90,Unknown,1.00,Unknown,false,1,7.50,7.50,true,1,
8410525116704,false,פיני גומי נשיקות 90 גרם,,ES,פיני גומי נשיקות 90,Unknown,1.00,Unknown,false,1,7.50,7.50,true,1,
8410525116711,false,פיני גומי נחשים חמוץ 90 גרם,,ES,פיני גומי נחשים חמוץ,גרמים,90.00,100 גרם,false,1,7.50,8.33,true,1,
8410525116728,false,פיני גומי דובונים 90 גרם,,ES,פיני גומי דובונים 90,Unknown,0.00,Unknown,false,1,7.50,7.50,true,1,
8410525116742,false,פיני גומי פטל 90 גרם,,ES,פיני גומי פטל 90 גרם,גרמים,90.00,100 גרם,false,1,7.50,8.33,true,1,
8410525116759,false,פיני גומי בננה 90 גרם,,ES,פיני גומי בננה 90 גר,גרמים,90.00,100 גרם,false,1,7.50,8.33,true,1,
8410525116766,false,פיני גומי קולה 90 גרם,,ES,פיני גומי קולה 90 גר,Unknown,1.00,Unknown,false,1,7.50,7.50,true,1,
8410525116803,false,פיני גומי תנינים 90 גרם,,ES,פיני גומי תנינים 90,Unknown,0.00,Unknown,false,1,7.50,7.50,true,1,
8410525116834,false,פיני גומי כרישים 90 גרם,,ES,פיני גומי כרישים 90,Unknown,1.00,Unknown,false,1,7.50,7.50,true,1,
8410525119019,false,פיני גומי תותים 90 גרם,,ES,פיני גומי תותים 90 ג,גרמים,90.00,100 גרם,false,1,7.50,8.33,true,1,
8410525121500,false,פיני שטיחים מסוכרים 90 גרם,,ES,פיני שטיחים מסוכרים,Unknown,1.00,Unknown,false,1,7.50,7.50,true,1,
8410525125959,false,פיני גומי דובונים מסוכרים 90 גרם,,ES,פיני גומי דובונים מס,Unknown,1.00,Unknown,false,1,7.50,7.50,true,1,
8410525143397,false,פיני מסטיק פירות 90 גרם,,ES,פיני מסטיק פירות 90,Unknown,0.00,Unknown,false,1,7.50,7.50,true,1,
8410525144264,false,פיני מיני טיובס 90 גרם,,ES,פיני מיני טיובס 90 ג,גרמים,90.00,100 גרם,false,1,7.50,8.33,true,1,
8410525160554,false,פיני צורות שונות מיקס 90 גרם,,ES,פיני צורות שונות מיק,גרמים,90.00,100 גרם,false,1,7.50,8.33,true,1,
8410525178085,false,פיני גומי אבטיח מסוכר 90 גרם,,ES,פיני גומי אבטיח מסוכ,Unknown,1.00,Unknown,false,1,7.50,7.50,true,1,
8410525180651,false,פיני בריקס גומי חמוץ מסוכר 90 גרם,,ES,פיני בריקס גומי חמוץ,Unknown,0.00,Unknown,false,1,7.50,7.50,true,1,
8410525182846,false,פיני בריקס גומי במילוי מתוק 90 גרם,,ES,פיני בריקס גומי במיל,Unknown,1.00,Unknown,false,1,7.50,7.50,true,1,
8410525183775,false,פיני גומי פארטי מיקס 90 גרם,,ES,פיני גומי פארטי מיקס,Unknown,1.00,Unknown,false,1,7.50,7.50,true,1,
8410525205194,false,פיני גומי מוקצף בטעם תות ושמנת 75 גרם,,ES,פיני גומי מוקצף בטעם,Unknown,1.00,Unknown,false,1,7.50,7.50,true,1,
8410525206146,false,פיני ליקריץ תות חמוץ 90 גר,,ES,פיני ליקריץ תות חמוץ,גרמים,90.00,100 גרם,false,1,7.50,8.33,true,1,
8410525220548,false,פיני גומי חמוץ תמנון 90 גרם,,ES,פיני גומי חמוץ תמנון,Unknown,1.00,Unknown,false,1,7.50,7.50,true,1,
8410525220579,false,פיני דלי גלי 80 גרם,,ES,פיני דלי גלי 80 גרם,גרמים,80.00,100 גרם,false,1,7.50,9.38,true,1,
8410525228339,false,פיני פיזי אריזונה 75 גרם,,ES,פיני פיזי אריזונה 75,גרמים,75.00,100 גרם,false,1,7.50,10.00,true,1,
8410525228353,false,פיני פיזי קארייב שטיחים צבעוניים 75 גרם,,ES,פיני פיזי קארייב שטי,גרמים,75.00,100 גרם,false,1,7.50,10.00,true,1,
8410525234293,false,פיני גומי פירות 90 גרם,,ES,פיני גומי פירות 90 ג,Unknown,1.00,Unknown,false,1,7.50,7.50,true,1,
8410525236754,false,פיני ליקריץ תות ממולא 85 גרם,,ES,פיני ליקריץ תות ממול,Unknown,1.00,Unknown,false,1,7.50,7.50,true,1,
8410655000416,false,"בירה סאן מיגל 330 מ""ל",,,"בירה סאן מיגל 330 מ""",מיליליטרים,330.00,"100 מ""ל",false,1,10.90,3.30,true,1,
8410655002458,false,"בירה סאן מיגל ללא גלוטן 330 מ""ל",,,בירה סאן מיגל ללא גל,מיליליטרים,330.00,"100 מ""ל",false,1,13.90,4.21,true,1,
8410655006555,false,"בירה סאן מיגל פרסקה 330 מ""ל מארז שישייה",,,בירה סאן מיגל פרסקה,מיליליטרים,1980.00,"100 מ""ל",false,1,35.90,1.81,true,1,
8410679030062,false,טבלת שוקולד חלב שקד ללא סוכר טראפה 75ג',,ES,טבלת טראפה ל.ס. חלב,גרמים,75.00,100 גרם,false,1,8.90,11.87,true,1,
8410743700303,false,יין קווה קסטילו פרלדה חצי יבש 750 מל,PERGALE,ES,יין קווה קסטילו פרלד,Unknown,0.00,Unknown,false,1,53.90,53.90,true,1,
8410793001764,false,"רביעיית בירה אסטרייה דאם 330 מ""ל בקבוק",,,רביעיית בירה אסטרייה,מיליליטרים,1320.00,"100 מ""ל",false,1,39.90,3.02,true,1,
8411320105108,false,פילה אנשובי בשמן זית 95 גר ORTIZ צנצנת,אורטיז,ES,פילה אנשובי בשמן זית,גרמים,95.00,100 גרם,false,1,54.50,57.37,true,1,
8411320234006,false,נתחי טונה לבנה בשמן זית (פחית) 112 ג ORTIZ,אורטיז,ES,נתחי טונה לבנה בשמן,גרמים,112.00,100 גרם,false,1,23.10,20.63,true,1,
8412497473540,false,קערה עם קש-ספיידרמן,,,קערה עם קש-ספיידרמן,Unknown,0.00,Unknown,false,1,8.90,8.90,true,1,
8412497565122,false,צלחת פולי מיני מאוס,,,צלחת פולי מיני מאוס,Unknown,0.00,Unknown,false,1,10.90,10.90,true,1,
8413165070825,false,אוגרטה ריוחה קוסצה 2012 750 מל,,,אוגרטה ריוחה קוסצה,Unknown,0.00,Unknown,false,1,48.90,48.90,true,1,
8413376022965,false,גבינת עיזים רכה 29% שומן 110 גרם,,ES,גבינת עיזים רכה 29%,גרמים,110.00,100 גרם,false,1,18.60,16.91,true,1,
8413664511218,false,פאפאס ארגנטה מקלות ציפס 250 גרם,,ES,פאפאס ארגנטה מקלות צ,גרמים,250.00,100 גרם,false,1,26.90,10.76,true,1,
8413664611611,false,פאפאס ארגנטה ציפס דליקטס 180 גרם,,ES,פאפאס ארגנטה ציפס דל,גרמים,180.00,100 גרם,false,1,24.90,13.83,true,1,
8413664811851,false,פאפאס ארגנטה ציפס עם שמן זית 160 גרם,,ES,פאפאס ארגנטה ציפס עם,גרמים,160.00,100 גרם,false,1,24.90,15.56,true,1,
8413664811905,false,פאפאס ארגנטה ציפס ש.זית קינואה מלח 150 ג,,ES,פאפאס ארגנטה ציפס ש.,גרמים,150.00,100 גרם,false,1,24.90,16.60,true,1,
8420071025702,false,קברה יין במשקל,,,קברה יין במשקל,Unknown,0.00,"ק""ג",true,0,179.00,179.00,true,1,
8423207207362,false,חטיף דגנים סלים דליס שוקולד לבן 120 גר,ביסנצ'ורי אס.אל.יו,ES,חטיף דגנים סלים דליס,גרמים,120.00,100 גרם,false,1,12.90,10.75,true,1,
8423207208680,false,מרבה חטיפי סלים דליס לילדים שוקולד חלב,ביסנצ'ורי אס.אל.יו,ES,סלים דליס לילדים עם,גרמים,120.00,100 גרם,false,1,12.90,10.75,true,1,
8423207208697,false,מרבה סלים דליס לילדים עם שוקולד לבן חדש,ביסנצ'ורי אס.אל.יו,ES,סלים דליס לילדים עם,גרמים,120.00,100 גרם,false,1,12.90,10.75,true,1,
8423207208703,false,מרבה חטיפי סלים דליס לילדים שוקולד מריר,ביסנצ'ורי אס.אל.יו,ES,סלים דליס מהדורה עם,גרמים,120.00,100 גרם,false,1,12.90,10.75,true,1,
8423207210287,false,מרבה סלים דליס שוקולד לבן בטעם יוגורט 120 ג',,,סלים דליס שוקולד לבן,גרמים,120.00,100 גרם,false,1,12.90,10.75,true,1,
8423207210928,false,"סלים דליס טופינג אגוזי לוז, 90 גרם",ביסנצ'ורי אס.אל.יו,ES,סלים דליס טופינג אגו,גרמים,90.00,100 גרם,false,1,12.90,14.33,true,1,
8423207210966,false,סלים דליס טופינג קוקוס ולימון 90 גרם,אף.סי תבליני בגליל ב,ES,סלים דליס טופינג קוק,גרמים,90.00,100 גרם,false,1,12.90,14.33,true,1,
8423207210980,false,סלים דליס טופינג קליפת תפוז 90 גרם,,ES,סלים דליס טופינג קלי,גרמים,90.00,100 גרם,false,1,12.90,14.33,true,1,
8423371000202,false,בוטנים מלוחים 150 גרם,,ES,בוטנים מלוחים 150 גר,גרמים,150.00,100 גרם,false,1,13.20,8.80,true,1,
8423371000462,false,קוקטייל מיקס סאליסול 50 גרם,SALTS OK,ES,קוקטייל מיקס סאליסול,גרמים,50.00,100 גרם,false,1,6.00,12.00,true,1,
8423371002312,false,בוטנים צילי סאליסול 150 גרם,סאליסול,ES,בוטנים צילי סאליסול,גרמים,150.00,100 גרם,false,1,13.20,8.80,true,1,
8423371002756,false,תירס ענק ברבקיו 65 גרם,,ES,תירס ענק ברבקיו 65 ג,גרמים,65.00,100 גרם,false,1,13.20,20.31,true,1,
8423371007089,false,בוטנים מלוחים בדבש 150 גרם,,ES,בוטנים מלוחים בדבש 1,גרמים,150.00,100 גרם,false,1,13.20,8.80,true,1,
8423371007492,false,גרעיני חמניה סאליסול 140 גרם,,ES,גרעיני חמניה סאליסול,גרמים,140.00,100 גרם,false,1,13.20,9.43,true,1,
8423453905692,false,"בירה ווילדר לאגר 500 מ""ל פחית",,ES,בירה ווילדר לאגר 500,מיליליטרים,500.00,"100 מ""ל",false,1,7.90,1.58,true,1,
8423453905739,false,"שישיית בירה ווילדר לאגר 330 מ""ל בקבוק",פונט סאלם וולנסיה ספ,ES,שישיית בירה ווילדר ל,מיליליטרים,1980.00,"100 מ""ל",false,1,33.90,1.71,true,1,
8431438000089,false,גבינה איבריקו גוורדמור ספרדי במשקל,,,גבינה גוורדמור ספרדי,Unknown,0.00,"ק""ג",true,0,220.00,220.00,true,1,
8437013158732,false,מנצגו עם שום במשקל,,,מנצגו עם שום במשקל,Unknown,0.00,"ק""ג",true,0,209.00,209.00,true,1,
8445290427120,false,פיטנס שוקולד מריר ובננה 330ג אסם,,,פיטנס שוקולד מריר וב,גרמים,375.00,100 גרם,false,1,22.90,6.11,true,1,
8593868000050,false,"בירה סטארופרמן לאגר פח 5% 500 מ""ל",,CZ,בירה סטארופרמן פחית,מיליליטרים,500.00,"100 מ""ל",false,1,11.90,2.38,true,1,
8593868000302,false,"בירה סטארופרמן לאגר בקבוק 5% 500 מ""ל",,CZ,בירה סטארופרמן פרימי,מיליליטרים,500.00,"100 מ""ל",false,1,12.90,2.58,true,1,
8594014864922,false,אקסלנט חטיף חלבון חמאת בוטנים 85 גרם,,CZ,אקסלנט חטיף חלבון חמ,גרמים,85.00,100 גרם,false,1,18.90,22.24,true,1,
8594014868869,false,"קוויז חטיף חלבון פיסטוק שקדים לל""ס 65 גר",,CZ,קוויז חטיף חלבון פיס,גרמים,65.00,100 גרם,false,1,17.90,27.54,true,1,
8594014868876,false,"קוויז חטיף חלבון בננה קרמל לל""ס 65 גר",,CZ,קוויז חטיף חלבון בננ,גרמים,65.00,100 גרם,false,1,17.90,27.54,true,1,
8594073170842,false,חטיף חלבון וניל אננס שוקו אקסלנט 85 גרם,,CZ,חטיף חלבון וניל אננס,גרמים,85.00,100 גרם,false,1,18.90,22.24,true,1,
8594073170859,false,חטיף חלבון שוקולד ואגוזים אקסלנט 85 גרם,,CZ,חטיף חלבון שוקולד וא,גרמים,85.00,100 גרם,false,1,18.90,22.24,true,1,
8594073172006,false,קוויז חטיף חלבון שוקולד שקדים 60 גרם,,CZ,קוויז חטיף חלבון שוק,גרמים,60.00,100 גרם,false,1,17.90,29.83,true,1,
8594073172013,false,קוויז חטיף חלבון קרמל מלוח 60 גרם,,CZ,קוויז חטיף חלבון קרמ,גרמים,60.00,100 גרם,false,1,17.90,29.83,true,1,
8594073174406,false,חטיף חלבון דומדמניות אקסלנט 85 גרם,,CZ,חטיף חלבון דומדמניות,גרמים,85.00,100 גרם,false,1,18.90,22.24,true,1,
8594073177360,false,חטיף חלבון דלוקס ל.גלוטן עוגת שוקו 60 גר,,,חטיף חלבון דלוקס ל.ג,גרמים,60.00,100 גרם,false,1,14.90,24.83,true,1,
8594403707649,false,"בירה באדוויזר דארק לאגר 500 מ""ל פחית",,,בירה באדוויזר דארק ל,מיליליטרים,500.00,"100 מ""ל",false,1,8.90,1.78,true,1,
8594403707977,false,"בירה באדוויזר לאגר פחית 500 מ""ל",,,בירה באדוויזר לאגר פ,מיליליטרים,500.00,"100 מ""ל",false,1,9.90,1.98,true,1,
8594404110110,false,בירה פילסנר אוראקוול 500 מל,Plznsky,IT,בירה פילסנר אוראקוול,מיליליטרים,500.00,"100 מ""ל",false,1,13.90,2.78,true,1,
8594404115115,false,בירה פילזנר אורקוול פחית 500 מל,פילזן,CZ,בירה פילזנר אורקוול,מיליליטרים,500.00,"100 מ""ל",false,1,11.90,2.38,true,1,
8606018615827,false,גלידת וניל עם שברי עוגיות אוראו 480 ג',נסטלה,IL,פיינט אוראו 480 גרם,גרמים,480.00,100 גרם,false,1,20.90,4.35,true,1,
8606018615841,false,גלידת וניל עם ליבת שוקולד חלב 480 ג' מילקה,נסטלה,IL,פיינט מילקה וניל ליב,גרמים,480.00,100 גרם,false,1,20.90,4.35,true,1,
8606109023609,false,"פרוויטה מיץ תפוחי עץ ודובדבנים 750 מ""ל",,IL,פרוויטה מיץ תפוחי עץ,מיליליטרים,750.00,"100 מ""ל",false,1,14.90,1.99,true,1,
8606109023715,false,פרוויטה מיץ תפוחי עץ ואפרסקים 750 מל,,RS,פרוויטה מיץ תפוחי עץ,מיליליטרים,750.00,"100 מ""ל",false,1,14.90,1.99,true,1,
8682780956801,false,"טנדור-דפי טורטייה 25 ס""מ 390 גרם",,PL,טנדור-דפי טורטייה 25,גרמים,390.00,100 גרם,false,1,11.90,3.05,true,1,
8682780956818,false,"טנדור -דפי טורטייה חיטה מלאה 25 ס""מ 650",,TR,טנדור -דפי טורטייה ח,גרמים,650.00,100 גרם,false,1,16.90,2.60,true,1,
8683130008355,false,מיונז עם שום הלמנס לחיץ 400 גרם,יוניליוור ישראל שיוו,TR,מיונז עם שום הלמנס ל,גרמים,400.00,100 גרם,false,1,16.90,4.23,true,1,
8683130008935,false,ממרח קטשיונז לחיץ 425 גם,יוניליוור ישראל שיוו,TR,ממרח קטשיונז לחיץ 42,גרמים,425.00,100 גרם,false,1,16.90,3.98,true,1,
8683130025574,false,"מרכך כביסה אקסטרה לבנדר 960 מ""ל בדין",,TR,בדין אקסטרא לבנדר 96,מיליליטרים,960.00,"100 מ""ל",false,1,17.90,1.86,true,1,
8683130025581,false,"בדין - מרכך כביסה אקסטרא ענבר 960 מ""ל",,TR,בדין אקסטרא gbcr 960,מיליליטרים,960.00,"100 מ""ל",false,1,17.90,1.86,true,1,
8690526019185,false,אי טי אי - וופל במילוי קרם שוקולד חלב 142 גרם,מולינו ניקולי s.p.a,TR,וופל במילוי קרם שוקו,יחידה,1.00,יחידה,false,1,8.50,8.50,true,1,
8690637073373,false,תה ארל גריי בטעם ברגמוט ליפטון 25 שקיקים,,TR,תה ארל גריי - 25 סרו,Unknown,0.00,Unknown,false,1,10.50,10.50,true,1,
8690637073434,false,תה ליפטון ארל גריי 100 שקיקים,,,תה ארל גריי 100 שקיק,גרמים,200.00,100 גרם,false,1,31.50,15.75,true,1,
8690637503856,false,ממרח הלמנס לחיץ מופחת שומן 355 גרם,,TR,ממרח הלמנס לחיץ מופח,גרמים,355.00,100 גרם,false,1,17.70,4.99,true,1,
8690637555084,false,מרכך כביסה בדין אקסטרא פריחת תפוז 960 מל,יוניליוור סנאיי וי ט,TR,מרכך כביסה בדין אקסט,מיליליטרים,960.00,"100 מ""ל",false,1,17.90,1.86,true,1,
8690637688195,false,ליפטון תה ירוק מעטפות קלאסי 30 ג',,TR,תה ירוק CLEAN GREEN,Unknown,0.00,Unknown,false,1,21.90,21.90,true,1,
8690637704291,false,דאב שמפו לשיקום יומיומי,יוניליוור טורקיה. אז,TR,"דאב שמפו משקם 600 מ""",מיליליטרים,600.00,"100 מ""ל",false,1,20.90,3.48,true,1,
8690637704413,false,"מרכך דאב יום יומי 600 מ""ל",יוניליוור טורקיה. אז,TR,"דאב מרכך משקם 600 מ""",מיליליטרים,600.00,"100 מ""ל",false,1,20.90,3.48,true,1,
8690637799594,false,ליפטון תה ירוק נענע בסגנון מרוקאי 20 שק,בסן בסין סנאיי וי טי,TR,ליפטון תה ירוק נענע,Unknown,0.00,Unknown,false,1,21.90,21.90,true,1,
8690637835643,false,תה ירוק לואיז הולימונית 20 שק ליפטון,יוניליוור,TR,תה ירוק לואיז הולימו,Unknown,0.00,Unknown,false,1,21.90,21.90,true,1,
8690637858734,false,גל לנ.כללי סיף אקונומיקה בנ.לימון 750 מל,יונילוור טורקיה,TR,גל לנ.כללי סיף אקונו,מיליליטרים,750.00,"100 מ""ל",false,1,16.90,2.25,true,1,
8690637858758,false,גל לנ.כללי סיף אקונומיקה בנ.אורנים 750 מ,,IL,גל לנ.כללי סיף אקונו,מיליליטרים,750.00,"100 מ""ל",false,1,16.90,2.25,true,1,
8690637871108,false,הלמנ'ס ממרח חרדל 250 גרם,,,ממרח חרדל הלמנס 250,גרמים,250.00,100 גרם,false,1,15.90,6.36,true,1,
8690637871245,false,ממרח הלמנס מיונז אמיתי לחיץ 385ג',,TR,מיונז אמיתי הלמנס לח,גרמים,395.00,100 גרם,false,1,16.90,4.28,true,1,
8690637890666,false,מאגדת מגנום מיני דאבל פיסטוק 6 יח' שטראוס,יוניליוור סנאיי וי ט,TR,מאגדת מיני מגנום דאב,גרמים,282.00,100 גרם,false,1,31.90,11.31,true,1,
8690637946301,false,"בדין - מרכך כביסה אקסטרא בייביי כחול 960 מ""ל",יוניליוור סנאיי וי ט,TR,מרכך כביסה בדין אקסט,מיליליטרים,960.00,"100 מ""ל",false,1,17.90,1.86,true,1,
8690637976995,false,"בדין - מרכך כביסה אקסטרא ורוד סחלבים פראי 960 מ""ל",יוניליוור סנאיי וי ט,TR,מרכך כביסה בדין אקסט,מיליליטרים,960.00,"100 מ""ל",false,1,17.90,1.86,true,1,
8690637989612,false,מאגדת מיני מגנום דולצה גולד 6 יח 246 גרם,יונילוור סנאיי וי טי,TR,מאגדת מיני מגנום דול,גרמים,282.00,100 גרם,false,1,31.90,11.31,true,1,
8690766156374,false,שוקולד גודייבה מריר 72% מוצרי קקאו 90 גר,"אולקר מקבוצת פלאדיס,",TR,שוקולד מריר 72% גודי,גרמים,90.00,100 גרם,false,1,15.90,17.67,true,1,
8690766156404,false,שוקולד מריר גודייבה בטעם תפוז אדום 90 גר,גודייבה,TR,שוקולד מריר גודייבה,גרמים,90.00,100 גרם,false,1,15.90,17.67,true,1,
8690766156411,false,שוקולד מריר מעולה בטעם פלפל ורוד עם חתיכות תות מסוכר 90ג',"אולקר מקבוצת פלאדיס,",TR,שוקולד מריר גודייבה,גרמים,90.00,100 גרם,false,1,15.90,17.67,true,1,
8690784616775,false,סבון מוצק לאסלה דאק אקווה בלו 4 ב-1 80 ג,,RS,סבון מוצק לאסלה דאק,גרמים,80.00,100 גרם,false,1,10.90,13.63,true,1,
8690792027792,false,ריבת תות 45% פרי 700 גר GULSAN,,TR,ריבת תות 45% פרי 700,גרמים,700.00,100 גרם,false,1,19.90,2.84,true,1,
8693495037853,false,קולגייט מברשת סלים ספוט זוג,הנסיך- מפעל לייצור ט,CN,קולגייט מברשת סלים ס,Unknown,0.00,Unknown,false,1,35.50,35.50,true,1,
8694686405857,false,מיטו מזון לחתול 1 קג,,TR,מיטו מזון לחתול 1 קג,Unknown,0.00,Unknown,false,1,21.90,21.90,true,1,
8697410091647,false,עוגיות גינגר וקינמון 300 גרם,בומפי גידה,TR,עוגיות גינגר וקינמון,גרמים,300.00,100 גרם,false,1,23.90,7.97,true,1,
8697410092064,false,נשיקות באוויר מרנג שוקולד קרמל 113 גרם,בומפי גידה,TR,נשיקות באוויר מרנג ש,גרמים,113.00,100 גרם,false,1,16.90,14.96,true,1,
8697410093412,false,נשיקות באוויר מרנג וניל 40 גרם,בומפי גידה,TR,נשיקות באוויר מרנג ו,גרמים,40.00,100 גרם,false,1,10.90,27.25,true,1,
8697418280128,false,עלי טורטייה 20 סמ 540 גרם LAVALIA,רמירז,,"עלי טורטייה 20 ס""מ 5",גרמים,540.00,100 גרם,false,1,24.50,4.54,true,1,
8697418280180,false,עלי טורטייה 360 גר LAVALIA,פרינסס,,עלי טורטייה 360 גר L,גרמים,360.00,100 גרם,false,1,19.30,5.36,true,1,
8697418280333,false,שערות קדאיף מיובשות 500 גרם,פרנסס און וה,TR,שערות קדאיף מיובשות,גרמים,500.00,100 גרם,false,1,23.90,4.78,true,1,
8697419747323,false,גליז מיני דרופס 180 גרם,,,גליז מיני דרופס 180,גרמים,180.00,100 גרם,false,1,9.90,5.50,true,1,
8697419747378,false,גליז גומי כוכבים מצופה 180 גרם,,,גליז גומי כוכבים מצו,גרמים,180.00,100 גרם,false,1,9.90,5.50,true,1,
8697419747385,false,גליז גומי כובעים מצופה 180 גרם,,,גליז גומי כובעים מצו,גרמים,180.00,100 גרם,false,1,9.90,5.50,true,1,
8697431460378,false,קונפיטורה70% שזיף 450 ג' FRUPPA,,,קונפיטורה 70% שזיפים,גרמים,450.00,100 גרם,false,1,18.60,4.13,true,1,
8697431921701,false,קונפיטורה תות שדה 70% פרי פרופה 454 גר',,,קונפיטורה 70% תות שד,גרמים,450.00,100 גרם,false,1,18.60,4.13,true,1,
8697431921718,false,קונפיטורה דובדבן חמוץ 70% פרי פרופה 454 גר',,,קונפיטורה 70% דובדבן,גרמים,454.00,100 גרם,false,1,18.60,4.10,true,1,
8697431925143,false,קונפיטורה 70% פירות יער 450 ג' FRUPPA,,,קונפיטורה 70% פירות,גרמים,450.00,100 גרם,false,1,18.60,4.13,true,1,
8697530910743,false,סיגריות פאל מאל כחול קצר מטאליק,BAT,,פאל מאל כחול קצר האו,Unknown,0.00,Unknown,false,1,30.00,30.00,true,1,
8697530910750,false,סיגריות פאל מאל כחול ארוך האוס,BAT,,פאל מאל כחול ארוך הא,Unknown,0.00,Unknown,false,1,30.00,30.00,true,1,
8697530910781,false,סיגריות פאל מאל אדום מטאליק,BAT,,פאל מאל אדום האוס חפ,Unknown,0.00,Unknown,false,1,30.00,30.00,true,1,
8710243961533,false,אולד אמסטרדם חטיף בשקית 90 גרם,,NL,אולד אמסטרדם חטיף בש,גרמים,90.00,100 גרם,false,1,21.90,24.33,true,1,
8710448569879,false,מיונז הולנדי לחיץ 750 גרם,,,מיונז הולנדי לחיץ 75,גרמים,750.00,100 גרם,false,1,28.90,3.85,true,1,
8710448588764,false,רוטב לסלט שום ועשבי תיבול רמייה 500 גר,,NL,רוטב לסלט שום ועשבי,גרמים,500.00,100 גרם,false,1,14.90,2.98,true,1,
8710448632696,false,"רוטב אלף האיים 500 מ""ל רמייה",,NL,רוטב אלף האיים 500 מ,מיליליטרים,500.00,"100 מ""ל",false,1,14.90,2.98,true,1,
8710448634669,false,"GG רוטב אנדלוס 650 מ""ל",,NL,GG רוטב אנדלוס 650 מ,מיליליטרים,650.00,"100 מ""ל",false,1,23.90,3.68,true,1,
8710502064814,false,עוגיות מרבה שוקולד ציפס במרקם רך 175 גר,בנקטבקריי מרבה בי.וי,NL,עוגיות מרבה שוקולד צ,גרמים,175.00,100 גרם,false,1,10.90,6.23,true,1,
8710502139017,false,עוגיות מרבה טריפל שוקולד שוקוצ'יפס 180ג',בנקטבקריי מרבה בי.וי,NL,עוגיות שוקולד מצופות,גרמים,180.00,100 גרם,false,1,10.90,6.06,true,1,
8710502194801,false,מרבה עוגיות שוקולד ציפס פירות יער 175 גר,בנקטבקריי מרבה בי.וי,NL,מרבה עוגיות שוקולד צ,גרמים,175.00,100 גרם,false,1,10.90,6.23,true,1,
8710502231018,false,מרבה מיני עוגיות שוקולד צ'יפס 175 גרם,"מרבה בע""מ",NL,עוגיות מרבה שוקולד צ,גרמים,175.00,100 גרם,false,1,11.90,6.80,true,1,
8710502279010,false,מרבה עוגיות שוקולד צ'יפס מצופות שוקולד 175 ג',"מרבה בע""מ",NL,עוגיות מרבה שוקולד צ,גרמים,175.00,100 גרם,false,1,10.90,6.23,true,1,
8710502405204,false,מרבה עוגיות שוקוציפס ממולא קרם שוקולד 175ג',קריניציה ויטמינה אס,NL,עוגיות שוק.ציפס ממול,גרמים,175.00,100 גרם,false,1,10.90,6.23,true,1,
8710502470028,false,עוגיות מרבה נוגטלי שוקוצ'יפס 160ג',קריניציה ויטמינה אס,NL,עוגיות מרבה נוגטלי 1,גרמים,160.00,100 גרם,false,1,10.90,6.81,true,1,
8710502470035,false,מרבה פטיסרי עוגיות נוגטלי אגוזים 200 גרם,מרבה,NL,מרבה פטיסרי עוגיות נ,גרמים,200.00,100 גרם,false,1,11.50,5.75,true,1,
8710679158385,false,"ציפס פריטס קלאסי 2.5 ק""ג",,,"ציפס קלאסי 2.5 ק""ג",קילוגרמים,0.00,"ק""ג",false,1,44.90,44.90,true,1,
8710739494897,false,תחנת רוח וופל טוסט 12 יח במארז 250 גר,,,תחנת רוח וופל טוסט 1,גרמים,250.00,100 גרם,false,1,13.90,5.56,true,1,
8710812011102,false,ריבת תות שדה ביתית 450 גרם,,,ריבת תות שדה ביתית 4,גרמים,450.00,100 גרם,false,1,13.70,3.04,true,1,
8710812011126,false,ריבת דובדבנים ביתית 450 גרם,,,ריבת דובדבנים ביתית,גרמים,450.00,100 גרם,false,1,13.70,3.04,true,1,
8710847995729,false,"רקסונה - דאודורנט ספריי לאישה דייזי פאוור 150 מ""ל",,GB,דאו רקסונה ספריי דיי,מיליליטרים,150.00,"100 מ""ל",false,1,21.90,14.60,true,1,
8711000371176,false,קפסולות קפה אספרסו קלאסיקו 10*52 ג' ג'ייקובס,קריניציה ויטמינה אס,FR,קפסולות קפה אספרסו ק,גרמים,52.00,100 גרם,false,1,17.90,34.42,true,1,
8711000472040,false,קפסולות קפה אספרסו סלקשיין גייקובס 52 גר,,FR,קפסולות קפה אספרסו ס,גרמים,52.00,100 גרם,false,1,17.90,34.42,true,1,
8711200426034,false,חמאת בוטנים קראנצי 350 גר Calve,יוניקורן פיקלס,NL,חמאת בוטנים קראנצי 3,גרמים,350.00,100 גרם,false,1,24.30,6.94,true,1,
8711200443789,false,"חרדל גרגרים בבקבוק לחיץ 235 מ""ל",,,חרדל גרגרים בבקבוק ל,מיליליטרים,235.00,"100 מ""ל",false,1,16.90,7.19,true,1,
8711200443802,false,"חרדל דיזון בבקבוק לחיץ 235 מ""ל",,,חרדל דיזון בבקבוק לח,מיליליטרים,235.00,"100 מ""ל",false,1,16.90,7.19,true,1,
8711281013345,false,חרדל הולנדי מקורי גרגירים 335 גרם,מוסטאד מולן דה האוסמ,,חרדל הולנדי מקורי גר,גרמים,335.00,100 גרם,false,1,15.90,4.75,true,1,
8711327475663,false,פיינט וניל שוקולד לבן 260 ג' מגנום,"מפעל גלידות בווספרם,",HU,מגנום וניל שוקולד,גרמים,302.00,100 גרם,false,1,25.50,8.44,true,1,
8712000050146,false,"בירה היינקן 0% אלכוהול בקבוק 330 מ""ל","מבשלת היינקן, ריטבלד",NL,בירה היינקן 0.0% אלכ,מיליליטרים,330.00,"100 מ""ל",false,1,6.50,1.97,true,1,
8712000051099,false,"שישיית בירה היינקן 0.0% אלכוהול 330 מ""ל",פארייפאבה אגרואינדוס,NL,שישיית בירה היינקן 0,מיליליטרים,1980.00,"100 מ""ל",false,1,34.60,1.75,true,1,
8712092034673,false,גבינה מותכת מעושנת 23% במשקל,,,גבינה מותכת מעושנת 2,Unknown,0.00,"ק""ג",true,0,105.00,105.00,true,1,
8712100739231,false,תה בשקיות פירמיד,,,תה בשקיות פירמיד,גרמים,125.00,100 גרם,false,1,19.90,15.92,true,1,
8712561594240,false,"דאב - תחליב רחצה להזנה עמוקה 500 מ""ל","יוניליוור גרמניה, Gm",DE,דאב תחליב רחצה להזנה,מיליליטרים,500.00,"100 מ""ל",false,1,19.90,3.98,true,1,
8712561594608,false,"דאב תחליב רחיצה להזנה עמוקה 750 מ""ל","יוניליוור גרמניה, Gm",DE,תחליב רחצה דאב להזנה,מיליליטרים,750.00,"100 מ""ל",false,1,22.90,3.05,true,1,
8712561611183,false,"דאב - תחליב רחצה תה ירוק ומלפפון 500 מ""ל","יוניליוור גרמניה, Gm",DE,דאב תחליב רחצה תה יר,מיליליטרים,500.00,"100 מ""ל",false,1,19.90,3.98,true,1,
8712561611411,false,"תחליב רחצה דאב תה ירוק ומלפפון 750 מ""ל","יוניליוור גרמניה, Gm",DE,תחליב רחצה דאב תה יר,מיליליטרים,750.00,"100 מ""ל",false,1,22.90,3.05,true,1,
8712561626286,false,"תחליב רחצה דאב זוהר כמשי 750 מ""ל",,,תחליב רחצה דאב זוהר,מיליליטרים,750.00,"100 מ""ל",false,1,22.90,3.05,true,1,
8713323093483,false,ורוד-גאודה הולנדי פרוס 150 גרם,,NL,ורוד-גאודה הולנדי,גרמים,150.00,100 גרם,false,1,16.40,10.93,true,1,
8713600288182,false,לוק או לוק ציפס 115 גרם,,NL,לוק או לוק ציפס 115,Unknown,115.00,Unknown,false,1,19.90,0.17,true,1,
8713800119972,false,רד בנד גומי פאן מיקס 200 גרם,,NL,רד בנד גומי פאן מיקס,גרמים,200.00,100 גרם,false,1,10.90,5.45,true,1,
8713800139710,false,גלי בינס פקטורי פירות 90 גרם,קלואטה,IE,גלי בינס פקטורי פירו,גרמים,90.00,100 גרם,false,1,11.90,13.22,true,1,
8714599412220,false,גייקובס וולווט קפה נמס מיובש 95 גרם,,RU,גייקובס וולווט קפה נ,גרמים,95.00,100 גרם,false,1,17.70,18.63,true,1,
8714599412336,false,קפה נמס בריסטה אמריקנו קלוי וטחון 160 ג' ג'ייקובס,ג'ייקובס דאו אגברטס,RU,גיקובס בריסטה אמריקנ,גרמים,160.00,100 גרם,false,1,29.50,18.44,true,1,
8714599513781,false,קפה נמס גולד מיובש בהקפאה 200 ג' ג'ייקובס,אל.אל. סי ג''יקובס ד,RU,גיקובס גולד מיובש בה,גרמים,200.00,100 גרם,false,1,29.90,14.95,true,1,
8714599513835,false,קפה ג'יקובס נטול קופאין מיובש בהקפאה 200 ג',,,קפה גיקובס קרונונג נ,גרמים,200.00,100 גרם,false,1,38.90,19.45,true,1,
8714599513866,false,"ג'ייקובס קרוננג מיובש בהקפאה כשל""פ 200 ג'",אל.אל.סי גייקובס דאו,DE,גיקובס קרונונג מיובש,גרמים,200.00,100 גרם,false,1,29.50,14.75,true,1,
8715675121029,false,דרוסטה שוקולד מריר (אדום) 85 גרם,דרוסטה,NL,דרוסטה שוקולד מריר (,גרמים,85.00,100 גרם,false,1,8.90,10.47,true,1,
8715675121036,false,דרוסטה שוקולד חלב מריר (ורוד) 85 גרם,דרוסטה,NL,דרוסטה שוקולד חלב,גרמים,85.00,100 גרם,false,1,8.90,10.47,true,1,
8715675121050,false,דרוסטה ש.מריר אקסטרה קקאו (סגול) 80 גרם,,NL,דרוסטה ש.מריר אקסטרה,גרמים,80.00,100 גרם,false,1,8.90,11.13,true,1,
8715675121074,false,דרוסטה שוקולד חלב תפוז (כתום) 85 גרם,,NL,דרוסטה שוקולד חלב תפ,גרמים,85.00,100 גרם,false,1,8.90,10.47,true,1,
8715675121081,false,דרוסטה שוקולד מריר מנטה (ירוק) 85 גרם,דרוסטה,NL,דרוסטה שוקולד מריר מ,גרמים,85.00,100 גרם,false,1,8.90,10.47,true,1,
8715675121098,false,דרוסטה שוקולד חלב קרמל ומלח ים 85 גר,דרוסטה,NL,דרוסטה שוקולד חלב קר,גרמים,85.00,100 גרם,false,1,8.90,10.47,true,1,
8715675125607,false,דרוסטה מארז 6 טעמים 500 גרם,,NL,דרוסטה מארז 6 טעמים,גרמים,500.00,100 גרם,false,1,59.90,11.98,true,1,
8715700110141,false,מיונז קרמי היינץ צנצנת 460ג',ה.י.היינץ הולדינג בי,NL,מיונז בצנצנת היינץ 4,גרמים,460.00,100 גרם,false,1,12.90,2.80,true,1,
8715700110158,false,מיונז לייט בצנצנת היינץ 490 גרם,ה.י.היינץ הולדינג בי,NL,מיונז לייט בצנצנת הי,גרמים,490.00,100 גרם,false,1,12.90,2.63,true,1,
8715700115641,false,ממרח מיונז לחיץ לייט במרקם קרמי 420 ג' היינץ,,NL,ממרח קרמי לחיץ לייט,גרמים,420.00,100 גרם,false,1,15.90,3.79,true,1,
8715700115849,false,"מתבל עגבניות 1.35 ק""ג",,,"מתבל עגבניות 1.35 ק""",קילוגרמים,0.00,"ק""ג",false,1,24.30,24.30,true,1,
8715700117805,false,"קטשופ היינץ מתבל עגבניות ללא תוספת סוכר ומלח 425 מ""ל",ה.י היינץ הולדינג בי,NL,"מתבל עגבניות ללת""ס ו",מיליליטרים,425.00,"100 מ""ל",false,1,11.90,2.80,true,1,
8715700120874,false,"היינץ קטשופ בתוספת שום, 460 גרם",,NL,קטשופ שום היינץ 460,גרמים,460.00,100 גרם,false,1,11.40,2.48,true,1,
8715700416021,false,ממרח סנדויץ מלפפונים 300 גרם,,NL,ממרח סנדויץ מלפפונים,גרמים,300.00,100 גרם,false,1,18.40,6.13,true,1,
8715700419732,false,מתבל עגבניות היינץ 7,ה.י. היינץ,NL,מתבל היינץ 700 גרם,גרמים,700.00,100 גרם,false,1,13.90,1.99,true,1,
8715700423906,false,קטשופ מתובל עגבניות 50% פחות סוכר 555ג' היינץ,היינץ צפון אמריקה מק,NL,מתבל עגבניות מופחת נ,גרמים,555.00,100 גרם,false,1,11.90,2.14,true,1,
8716605000742,false,גבינה מעושנת 200 גרם,,,גבינה מעושנת 200 גרם,גרמים,200.00,100 גרם,false,1,27.20,13.60,true,1,
8716605000995,false,גבינה מסדאם הולנדית במשקל,,,גבינה מסדאם הולנדית,Unknown,0.00,"ק""ג",true,0,90.00,90.00,true,1,
8716605001022,false,גבינת דניש בלו 100 גר,,,גבינת דניש בלו 100 ג,גרמים,100.00,100 גרם,false,1,15.20,15.20,true,1,
8716695413873,false,רסק תפוח עץ 720 גרם,,,רסק תפוח עץ 720 גרם,גרמים,720.00,100 גרם,false,1,13.20,1.83,true,1,
8716695882877,false,"רסק תפוח עץ ללת""ס 360 גרם",,,"רסק תפוח עץ ללת""ס 36",גרמים,360.00,100 גרם,false,1,8.00,2.22,true,1,
8717163607305,false,סבון מוצק גרגירים 4 *100 ג' דאב,יוניליוור גרמניה Gm,DE,סבון לעיסוי עדין רבי,גרמים,400.00,100 גרם,false,1,13.90,3.48,true,1,
8717163628812,false,מסכה טרזמה ללא סולפטים להחלקה ולצביעה300,,PL,מסכה טרזמה ללא סולפט,מיליליטרים,300.00,"100 מ""ל",false,1,37.90,12.63,true,1,
8717163647202,false,"דאו אקס ספריי גוף לגבר אנרכי 150 מ""ל",,GB,דאו אקס ספריי גוף לג,מיליליטרים,150.00,"100 מ""ל",false,1,21.90,14.60,true,1,
8717163647264,false,"דאו אקס ספרי גוף לגבר אייס ציל 150 מ""ל",,GB,דאו אקס ספרי גוף לגב,מיליליטרים,150.00,"100 מ""ל",false,1,21.90,14.60,true,1,
8717163648667,false,"גל רחצה אקס לגבר אייס ציל 400 מ""ל",,GB,גל רחצה אקס לגבר איי,מיליליטרים,400.00,"100 מ""ל",false,1,16.90,4.23,true,1,
8717163947692,false,"אקס ג'ל רחצה לגבר פרש ברגמוט ופינק פפר 400 מ""ל","יוניליוור גרמניה, רח",GB,גל רחצה אקס פינק פפר,מיליליטרים,400.00,"100 מ""ל",false,1,16.90,4.23,true,1,
8717399035231,false,סוכריות בטעם פירות 150 גרם,,NL,סוכריות בטעם פירות,גרמים,150.00,100 גרם,false,1,12.90,8.60,true,1,
8717399036290,false,סוכריות בטעם לימון 150 גרם,,NL,סוכריות בטעם לימון 1,גרמים,150.00,100 גרם,false,1,12.90,8.60,true,1,
8717677334094,false,טוני שוקולונלי שוקולד חלב 180 גרם,,NL,טוני שוקולונלי שוקול,מיליליטרים,180.00,"100 מ""ל",false,1,21.90,12.17,true,1,
8717677334117,false,טוני שוקולונלי שוקולד מריר 70% 180 גרם,,NL,טוני שוקולונלי שוקול,מיליליטרים,180.00,"100 מ""ל",false,1,21.90,12.17,true,1,
8717677334667,false,טוני שוקולונלי שוקולד חלב קרמל מלח 180 ג,,NL,טוני שוקולונלי שוקול,מיליליטרים,180.00,"100 מ""ל",false,1,21.90,12.17,true,1,
8717677337828,false,טוני שוקולונלי ש.לבן פטל וסוכריות 180 גר,,NL,טוני שוקולונלי ש.לבן,מיליליטרים,180.00,"100 מ""ל",false,1,21.90,12.17,true,1,
8717677338610,false,טוני שוקולונלי שוקולד בייגלה טופ 180 ג,,NL,טוני שוקולונלי שוקול,מיליליטרים,180.00,"100 מ""ל",false,1,21.90,12.17,true,1,
8718114734484,false,מיונז מיילי 320 גרם,,,מיונז מייל 320 גרם,גרמים,320.00,100 גרם,false,1,17.70,5.53,true,1,
8718114781662,false,"רוטב סויה קטצאפ מניס 250 מ""ל",,,רוטב סויה קטצאפ מניס,מיליליטרים,250.00,"100 מ""ל",false,1,21.50,8.60,true,1,
8718421271627,false,"מיונז אמיתי אורגני 370 מ""ל",,NL,מיונז אמיתי אורגני 3,מיליליטרים,370.00,"100 מ""ל",false,1,16.90,4.57,true,1,
8718700495515,false,גבינת צ'דר פרוס 150ג',,NL,צדר פרוס 150 גרם,גרמים,150.00,100 גרם,false,0,8.80,5.87,true,1,
8718700495522,false,גבינת גאודה פרוס 150ג',,NL,גאודה פרוס 150 גרם,גרמים,150.00,100 גרם,false,0,8.80,5.87,true,1,
8718951030206,false,"קולגייט סנסיטיב מולטי פרוטקשן משחת שיניים 75 מ""ל",קולגייט-פלמוליב,PL,מש.שיניים קולגייט,מיליליטרים,75.00,"100 מ""ל",false,1,21.90,29.20,true,1,
8718951166561,false,"משחת שיניים קולגייט מקס פרש כחול 125 מ""ל",הנסיך- מפעל לייצור ט,PL,קולגייט משחה מקס פרש,מיליליטרים,125.00,"100 מ""ל",false,1,19.90,15.92,true,1,
8718951236790,false,"קולגייט טוטאל משחת שיניים קלין מינט לפה בריא 100 מ""ל",Colgate (Euro)-Palmo,PL,מש.שיניים קולגייט טו,מיליליטרים,100.00,"100 מ""ל",false,1,20.90,20.90,true,1,
8718951240742,false,"קולגייט טוטאל משחת שיניים פסים מרעננים 100 מ""ל",Colgate (Euro)-Palmo,PL,מש.שיניים קולגייט טו,מיליליטרים,100.00,"100 מ""ל",false,1,20.90,20.90,true,1,
8718951382718,false,"פלמוליב ג'ל רחצה חימר התחדשות 750 מ""ל",CP UK,TR,גל רחצה פלמוליב חימר,מיליליטרים,750.00,"100 מ""ל",false,1,21.90,2.92,true,1,
8718951385290,false,אגקס ניקוי כללי עוצמת ה7 כחול 2 ליטר,קולגייט פלמוליב,GR,אגקס ניקוי כללי עוצמ,ליטרים,0.00,ליטר,false,1,27.90,27.90,true,1,
8718951509627,false,"משחת שיניים אופטיק וויט לאוהבי קפה 75 מ""ל קולגייט",,PL,קולגייט אופטיק וויט,מיליליטרים,75.00,"100 מ""ל",false,1,29.90,39.87,true,1,
8719200998001,false,מרגרינה לאפיה ובישול בלי מלח 200 ג' בלו בנד,מיוצר עי קונדיטוריית,IL,בלובנד בלי מלח 200 ג,גרמים,200.00,100 גרם,false,1,5.10,2.55,true,1,
8719200998018,false,מחמאה מרגרינה בטעם חמאה 200 ג' בלו בנד,פארייפאבה אגרואינדוס,IL,מחמאה מרגרינה,גרמים,200.00,100 גרם,false,1,5.50,2.75,true,1,
8719200998049,false,מזולה בטעם טבעי 250 גרם,פארייפאבה אגרואינדוס,IL,מזולה בטעם טבעי 250,גרמים,250.00,100 גרם,false,1,10.50,4.20,true,1,
8719325897227,false,ציקולה עץ קריסמס פרליני א.לוז 150 גרם,,,ציקולה עץ קריסמס פרל,גרמים,150.00,100 גרם,false,1,18.90,12.60,true,1,
8719831325481,false,מחבת מיקס+קיט קט פאן לב 75 גר,,,מחבת מיקס+קיט קט פאן,גרמים,75.00,100 גרם,false,1,49.90,66.53,true,1,
8719956496707,false,טוני שוקולונלי שוק. חלב ושבבי אגוזי 180ג,,,טוני שוקולונלי שוק.,מיליליטרים,180.00,"100 מ""ל",false,1,21.90,12.17,true,1,
8719956496721,false,טוני שוקולונלי שוקולד חלב וופל 180 גר,,,טוני שוקולונלי שוקול,מיליליטרים,180.00,"100 מ""ל",false,1,21.90,12.17,true,1,
8720100012445,false,וופל טוסט בלגי 6 יח 250 גרם בקרסלנד,דה בנקט גרופ,,וופל טוסט בלגי 6 יח,גרמים,250.00,100 גרם,false,1,14.50,5.80,true,1,
8720181045912,false,"אקס דאודורנט ספריי גוף אפריקה 150 מ""ל",,,דאו אקס ספריי גוף אפ,מיליליטרים,150.00,"100 מ""ל",false,1,21.90,14.60,true,1,
8720181123955,false,"אקס - ג'ל רחצה ריצארג קריד 400 מ""ל",,DE,גל רחצה אקס רי צארג,מיליליטרים,400.00,"100 מ""ל",false,1,16.90,4.23,true,1,
8720182286604,false,"רוטב ברביקיו דבש לחיץ קאלווה 250 מ""ל",,NL,רוטב ברביקיו דבש לחי,מיליליטרים,250.00,"100 מ""ל",false,1,16.90,6.76,true,1,
8801043031011,false,נונגשים ראמאן-נודלס שין חריף בכוס 68 ג,,KR,נונגשים ראמאן-נודלס,גרמים,68.00,100 גרם,false,1,12.90,18.97,true,1,
8801043053167,false,נונגשים ראמאן-נודלס שין חריף מאוד 120 גר,,,נונגשים ראמאן-נודלס,גרמים,120.00,100 גרם,false,1,11.90,9.92,true,1,
8801055707966,false,קפה טייסטר צו'יס נס קפה בריסטה 180ג',לוטה נסטלה קוריאה,,נסקפה טייסטרס צויס ב,גרמים,180.00,100 גרם,false,1,32.90,18.28,true,1,
8801055708772,false,מארז טייסטרס צ'ויס 200 גרם+50 גר' מתנה,לוטה נסטלה קוריאה,IL,טייסטר צויס מארז 200,גרמים,250.00,100 גרם,false,1,32.90,13.16,true,1,
8801055709427,false,נסקפה טייסטרס צויס אלטה ריקה 100 גר,לוטה נסטלה קוריאה,KR,נסקפה טייסטרס צויס א,גרמים,100.00,100 גרם,false,1,25.10,25.10,true,1,
8801055709434,false,נסקפה טייסטרס צויס קולומביה 100 גר,לוטה נסטלה קוריאה,KR,נסקפה טייסטרס צויס ק,גרמים,100.00,100 גרם,false,1,25.10,25.10,true,1,
8801055709458,false,נסטלה - נסקפה קפוצינו קרמל 17 גרם * 10,,KR,נסקפה קפוצינו קרמל,גרמים,170.00,100 גרם,false,1,22.60,13.29,true,1,
8801055709472,false,נסטלה - נסקפה קפוצ'ינו קלאסי 12.50 גרם * 10,לוטה נסטלה קוריאה,DE,נסקפה קפוצינו קלאסי,גרמים,125.00,100 גרם,false,1,22.60,18.08,true,1,
8801085020301,false,אטריות נאמה אודון 200 גרם,,,אטריות נאמה אודון 20,גרמים,200.00,100 גרם,false,1,11.40,5.70,true,1,
8850161160851,false,"מי קוקוס קוקו מקס 350 מ""ל",טויו סייקאן קו.אל.טי,TH,מי קוקוס קוקו מקס 35,מיליליטרים,350.00,"100 מ""ל",false,1,9.20,2.63,true,1,
8850161161247,false,מי קוקוס קוקו מקס 1 ליטר,,TH,מי קוקוס קוקו מקס 1,מיליליטרים,1000.00,"100 מ""ל",false,1,17.90,1.79,true,1,
8850180040028,false,קמח טמפורה להכנת בלי,,,טמפורה 500 גרם GOGI,גרמים,500.00,100 גרם,false,1,12.50,2.50,true,1,
8850206250592,false,רוטב צ`ילי סיראצ`ה 540 גרם,יאן וואל יון קו.לטד,TH,רוטב צ`ילי סיראצ`ה 5,גרמים,540.00,100 גרם,false,1,20.90,3.87,true,1,
8850206280049,false,רוטב צילי חריף מיו 250 גרם,,TH,רוטב צילי חריף מיו 2,גרמים,250.00,100 גרם,false,1,17.70,7.08,true,1,
8850367992164,false,קרם קוקוס 250 מל 20-22% ללא חומר משמר,,,"קרם קוקוס 250 מ""ל 20",גרמים,250.00,100 גרם,false,1,8.80,3.52,true,1,
8850367992171,false,קרם קוקוס 1 ליטר 20-22% ללא חומר משמר,,,קרם קוקוס 1 ליטר,מיליליטרים,1000.00,"100 מ""ל",false,1,25.90,2.59,true,1,
8850367992898,false,"רוטב לסלט עם למון גראס ל.גלוטן 285 מ""ל",,,רוטב לסלט עם למון גר,מיליליטרים,285.00,"100 מ""ל",false,1,13.90,4.88,true,1,
8850367994427,false,נוזל קוקוס מרוכז וממותק 330 גרם,,,נוזל קוקוס מרוכז וממ,גרמים,330.00,100 גרם,false,1,13.90,4.21,true,1,
8850389103111,false,"משקה קל סאפה בטעם ענבים 300 מ""ל",סאפה פובליק קומפני ל,TH,משקה קל סאפה בטעם ענ,מיליליטרים,300.00,"100 מ""ל",false,1,9.90,3.30,true,1,
8850389103128,false,"משקה קל סאפה בטעם תפוח 300 מ""ל",סאפה פובליק קומפני ל,TH,משקה קל סאפה בטעם תפ,מיליליטרים,300.00,"100 מ""ל",false,1,9.90,3.30,true,1,
8850389103159,false,"משקה ליצ'י עם חתיכות גלי קוקוס 320 מ""ל מוגו מוגו",סאפה פובליק קומפני ל,TH,מוגו מוגו ליצי עם חת,מיליליטרים,320.00,"100 מ""ל",false,1,8.80,2.75,true,1,
8850389104637,false,"משקה קל סאפה אלוורה אפרסק 300 מ""ל",סאפה פובליק קומפני ל,TH,משקה קל סאפה אלוורה,מיליליטרים,300.00,"100 מ""ל",false,1,9.90,3.30,true,1,
8850389105825,false,סאפה אלוורה ענבים 1 ליטר,סאפה פובליק קומפני ל,TH,סאפה אלוורה ענבים 1,מיליליטרים,1000.00,"100 מ""ל",false,1,15.20,1.52,true,1,
8850389105849,false,סאפה אלוורה אפרסק 1 ליטר,סאפה פובליק קומפני ל,TH,סאפה אלוורה אפרסק 1,מיליליטרים,1000.00,"100 מ""ל",false,1,15.20,1.52,true,1,
8850389111352,false,"משקה מלון עם חתיכות גלי קוקוס 320 מ""ל מוגו מוגו",סאפה פובליק קומפני ל,TH,מוגו מוגו מלון עם חת,מיליליטרים,320.00,"100 מ""ל",false,1,8.80,2.75,true,1,
8850999008110,false,"סודה 325 מ""ל LEO",,,"סודה 325 מ""ל LEO",מיליליטרים,325.00,"100 מ""ל",false,1,4.80,1.48,true,1,
8852511010076,false,"מיונז יפני 520 מ""ל KEWPIE",,,"מיונז יפני 520 מ""ל K",מיליליטרים,520.00,"100 מ""ל",false,1,72.50,13.94,true,1,
8852633020403,false,פניני טפיוקה מזרח ומ,Super J Internationa,TH,טפיוקה גרגרים 500 גר,גרמים,500.00,100 גרם,false,1,12.90,2.58,true,1,
8853662004020,false,"רוטב צילי מתוק 725 מ""ל EXOTIC",,,רוטב צילי מתוק 725 מ,מיליליטרים,725.00,"100 מ""ל",false,1,16.70,2.30,true,1,
8854404000829,false,מחית קארי מסמאן 70 גר' B.E,,TH,מחית קארי מסמאן 70 ג,גרמים,70.00,100 גרם,false,1,14.20,20.29,true,1,
8854404005220,false,רוטב קארי אדום 300 גרם,,TH,רוטב קארי אדום 300 ג,גרמים,300.00,100 גרם,false,1,24.90,8.30,true,1,
8854661001843,false,שרימפס בייבי 500 גרם קפוא,,,שרימפס בייבי 500 גרם,גרמים,500.00,100 גרם,false,1,36.90,7.38,true,1,
8854661002079,false,טבעות קלמרי 500 גר,,VN,קלמרי טבעות 500 גר,גרמים,500.00,100 גרם,false,1,35.90,7.18,true,1,
8854661003212,false,בשר מולים מבושלים 500 גר,,,בשר מולים מבושלים 50,גרמים,500.00,100 גרם,false,1,27.20,5.44,true,1,
8854661003786,false,שרימפס מבושל עם ראש 500 גר,,,שרימפס מבושל עם ראש,גרמים,510.00,100 גרם,false,1,35.90,7.04,true,1,
8854661007012,false,"שרימפס מבושל מקולף 1 ק""ג קפוא",,,שרימפס מבושל מקולף,קילוגרמים,0.00,"ק""ג",false,1,88.50,88.50,true,1,
8854661009726,false,שרימפס טמפורה 300 גר,,,שרימפס טמפורה 300 גר,גרמים,300.00,100 גרם,false,1,36.90,12.30,true,1,
8858271002887,false,"רוטב טרייאקי 250 מ""ל מקסצאפ",Yan Wal Yun Corpora,TH,"רוטב טרייאקי 250 מ""ל",מיליליטרים,250.00,"100 מ""ל",false,1,13.90,5.56,true,1,
8858271003068,false,"רוטב סויה מתוקה כהה 250 מ""ל מקסצאפ",,,רוטב סויה מתוק כהה,מיליליטרים,250.00,"100 מ""ל",false,1,13.90,5.56,true,1,
8858271003921,false,"רוטב קארי אדום 250 מ""ל מקסצאפ",יאן וואל יאן,,רוטב קארי אדום 250 מ,מיליליטרים,250.00,"100 מ""ל",false,1,13.90,5.56,true,1,
8858271003945,false,"רוטב קארי צהוב 250 מ""ל מקסצאפ",,,רוטב קארי צהוב 250 מ,מיליליטרים,250.00,"100 מ""ל",false,1,13.90,5.56,true,1,
8858271004799,false,"רוטב צילי מתוק אל פורפסיס 700 מ""ל",Yan Wal Yun Corpora,TH,רוטב צילי מתוק אל פו,מיליליטרים,700.00,"100 מ""ל",false,1,13.90,1.99,true,1,
8858271005451,false,רוטב סויה פורמולה 1 - 250 מל מקסצאפ,Yan Wal Yun Corpora,TH,רוטב סויה פורמולה 1,מיליליטרים,250.00,"100 מ""ל",false,1,15.40,6.16,true,1,
8858271005772,false,"רוטב סויה ללא גלוטן 300 מ""ל",,,רוטב סויה ללא גלוטן,מיליליטרים,300.00,"100 מ""ל",false,1,18.80,6.27,true,1,
8886303210504,false,"קארה קרם קוקונט 24% 500 מ""ל",,,קארה קרם קוקונט 24%,מיליליטרים,500.00,"100 מ""ל",false,1,16.70,3.34,true,1,
8888021200164,false,סוללות 1X4 ADVANCED FORMULA AAA ריפרש,,,AAA סוללת אנרגיזר,Unknown,0.00,Unknown,false,1,29.20,29.20,true,1,
8888021200720,false,סוללות אנרג'יזר MAX AAA שמינייה,יצרן: אנרג'ייזר סינג,SG,סוללות אנרגייזר שמי,Unknown,0.00,Unknown,false,1,30.90,30.90,true,1,
8906059700408,false,תבשיל הודי דאל מקאני עם שעועית 300 גרם,טייסטל פיין פוד,IN,תבשיל הודי דאל מקאני,גרמים,300.00,100 גרם,false,1,19.90,6.63,true,1,
8935083158008,false,קוקטייל פירות ים 500 גר,,,קוקטייל פירות ים 500,גרמים,500.00,100 גרם,false,1,33.50,6.70,true,1,
8935083158022,false,ראשי קלמרי 500 גרם קפוא,,,ראשי קלמרי 500 גרם,גרמים,500.00,100 גרם,false,1,34.90,6.98,true,1,
8936018435256,false,דג צנינון מלוח מיובש 100 גר IMERATOR,,VN,דג צנינון מלוח מיובש,גרמים,100.00,100 גרם,false,1,15.40,15.40,true,1,
8936018435263,false,דג צנינון מלוח מיובש 100 גר TARANOCHKA,,VN,דג צנינון מלוח מיובש,גרמים,100.00,100 גרם,false,1,15.40,15.40,true,1,
8936071204318,false,"אורז דביק 1 ק""ג",,VN,"אורז דביק 1 ק""ג",גרמים,1000.00,100 גרם,false,1,17.90,1.79,true,1,
8960360022680,false,"תמצית טבעית בטעם ורדים 29 מ""ל",,,תמצית טבעית בטעם ורד,Unknown,0.00,Unknown,false,1,39.90,39.90,true,1,
8997206332016,false,סוכר קוקוס אורגני 454 גרם אינדונזיה,,,סוכר קוקוס אורגני 45,גרמים,454.00,100 גרם,false,1,21.90,4.82,true,1,
9000101372878,false,דיסקס לכביסה לבנה וצבעונית 22 יח' פרסיל,הנקל סוד,HU,דיסקס פרסיל לכביסה ל,Unknown,0.00,Unknown,false,1,37.90,37.90,true,1,
9000101515596,false,קפסולות ג'ל מרוכזות לכביסה צבעונית 56 יח' פרסיל,,RS,קפסולות פאוור קאפס פ,Unknown,0.00,Unknown,false,1,71.50,71.50,true,1,
9000101537550,false,פרסיל קאפסולות לכביסה לבנה וצבעונית 52 יח',הנקל סוד,HU,קפסולות פאוור קאפס פ,Unknown,0.00,Unknown,false,1,71.50,71.50,true,1,
9000101537581,false,פרסיל קאפסולות לכביסה צבעונית 52 יחידו,הנקל סוד,HU,קפסולות פאוור קאפס פ,Unknown,0.00,Unknown,false,1,71.50,71.50,true,1,
9001148803103,false,שיני שום קלופות,חקלאי,IL,שום קלוף,Unknown,0.00,Unknown,false,1,17.90,17.90,true,1,
9001414041758,false,פלפל ומלח ים מתחנה 65 גר KOTANYI,,RU,פלפל ומלח ים מתחנה 6,גרמים,65.00,100 גרם,false,1,15.90,24.46,true,1,
9002859011061,false,מקלות אפויים עם מלח ים 250 גר גונץ,,,מקלות אפויים עם מלח,גרמים,250.00,100 גרם,false,1,19.50,7.80,true,1,
9002859036583,false,לשונות חתול שוקולד חלב 100ג,,,לשנות חתול חלב 100 ג,גרמים,100.00,100 גרם,false,1,13.50,13.50,true,1,
9002859041242,false,גונץ שימורי חומוס 800 גרם,,IT,גונץ שימורי חומוס 80,גרמים,800.00,100 גרם,false,1,15.90,1.99,true,1,
9002859042386,false,גונץ שעועית לבנה 800 גרם,,IT,גונץ שעועית לבנה 800,גרמים,800.00,100 גרם,false,1,15.90,1.99,true,1,
9002859042799,false,גונץ - מוצרט כדורים בשקית 300 גר,,,גונץ - מוצרט כדורים,גרמים,300.00,100 גרם,false,1,34.90,11.63,true,1,
9002859046346,false,עגבניות מיובשות בשמן 280 גר פיאצלי,,,עגבניות מיובשות בשמן,גרמים,280.00,100 גרם,false,1,21.90,7.82,true,1,
9002859047510,false,מרשמלו ורוד לבן 200 גר גונץ,,NL,גונץ-מרשמלו ורוד לבן,גרמים,200.00,100 גרם,false,1,10.90,5.45,true,1,
9002859050206,false,טורטילה ציפס עם גבינה 200 גר גנוץ,,AT,טורטילה ציפס בטעם גב,גרמים,200.00,100 גרם,false,1,14.60,7.30,true,1,
9002859050381,false,מיקס סנטה גדול בשקית 100 גר גונץ,,,מיקס סנטה גדול בשקית,גרמים,100.00,100 גרם,false,1,10.90,10.90,true,1,
9002859050671,false,לבבות שוקולד ברשת 100 גרם גונץ,לייקה,IT,לבבות שוקולד ברשת 10,גרמים,100.00,100 גרם,false,1,12.50,12.50,true,1,
9002859050725,false,תפזורת סנטה ברשת 100 גר גונץ,,,תפזורת סנטה ברשת 10,גרמים,100.00,100 גרם,false,1,10.90,10.90,true,1,
9002859050749,false,גונץ-כדורי שוקולד קריסמיס רשת 100 גר,,,גונץ-כדורי שוקולד קר,גרמים,100.00,100 גרם,false,1,10.90,10.90,true,1,
9002859050763,false,חיפושיות שוקולד ברשת 100 גרם גונץ,,,חיפושיות שוקולד ברשת,גרמים,100.00,100 גרם,false,1,12.50,12.50,true,1,
9002859050848,false,מטבעות זהב וכסף ברשת 100 גרם גונץ,,,מטבעות זהב וכסף ברשת,גרמים,100.00,100 גרם,false,1,12.50,12.50,true,1,
9002859054099,false,מוצרט-שוקולד ממולא 300ג',,,מוצרט משושה 300 גרם,גרמים,300.00,100 גרם,false,1,34.90,11.63,true,1,
9002859056963,false,אנשי שלג משוקולד ברשת 100 גר גונץ,,,אנשי שלג משוקולד ברש,גרמים,100.00,100 גרם,false,1,10.90,10.90,true,1,
9002859064982,false,חמישיית שוקולדים קריסמס 75 גר גונץ,,,חמישיית שוקולדים קרי,גרמים,75.00,100 גרם,false,1,8.90,11.87,true,1,
9002859070921,false,גונץ בוטנים קלוים עם מלח 150 גרם,,,גונץ בוטנים קלוים עם,גרמים,150.00,100 גרם,false,1,10.90,7.27,true,1,
9002859071911,false,שוקולד חלב סנטה 4100 גר גונץ,,,שוקולד חלב סנטה 100,גרמים,100.00,100 גרם,false,1,10.90,10.90,true,1,
9002859073199,false,גונץ-וופל קרם אגוז מצופה קקאו 200 גר,,,גונץ-וופל קרם אגוז מ,גרמים,200.00,100 גרם,false,1,12.90,6.45,true,1,
9002859073298,false,כדורגל שוקולד ברשת 100 גרם גונץ,,,כדורגל שוקולד ברשת 1,גרמים,100.00,100 גרם,false,1,12.50,12.50,true,1,
9002859075674,false,גונץ - אפרוחי שוקולד ברשת 100 גרם,,,גונץ - אפרוחי שוקולד,גרמים,100.00,100 גרם,false,1,12.50,12.50,true,1,
9002859081590,false,שוקולד סנטה על המקל שישייה 90 גר גונץ,,,שוקולד סנטה על המקל,גרמים,540.00,100 גרם,false,1,10.90,2.02,true,1,
9002859083327,false,גונץ-ארנבי שוקולד חלב ברשת ק.חלב 100 גר,,,גונץ-ארנבי שוקולד חל,גרמים,100.00,100 גרם,false,1,12.50,12.50,true,1,
9002859087189,false,גונץ גומי פירות יער 400 גר,,,גונץ גומי פירות יער,גרמים,400.00,100 גרם,false,1,22.90,5.73,true,1,
9002859097997,false,בובת סנטה עם פרליני שוקולד 60 גרם,,,בובת סנטה עם פרליני,גרמים,60.00,100 גרם,false,1,43.90,73.17,true,1,
9002859104015,false,"גינה-אייס קפה קפוצינו 230 מ""ל",,,גינה-אייס קפה קפוצינ,מיליליטרים,230.00,"100 מ""ל",false,1,9.90,4.30,true,1,
9002859107054,false,גונץ-אצבעות שוקולד פרחים 200 גרם,,AT,גונץ-אצבעות שוקולד פ,גרמים,200.00,100 גרם,false,1,18.90,9.45,true,1,
9002859109959,false,גונץ-וופל פריך מצופה שוקולד 171 גר,,,גונץ-וופל פריך מצופה,גרמים,171.00,100 גרם,false,1,14.90,8.71,true,1,
9002859111976,false,גונץ חטיף בוטנים אורגני 80 גרם,,AT,גונץ חטיף בוטנים אור,גרמים,80.00,100 גרם,false,1,12.90,16.13,true,1,
9002859113758,false,גונץ סנטה פרליני ש.חלב ק.חלב 100 גר,,,גונץ סנטה פרליני ש.ח,גרמים,100.00,100 גרם,false,1,16.90,16.90,true,1,
9002859117701,false,גונץ-מרמלדה פירות 250 גר,,,גונץ-מרמלדה פירות 25,גרמים,250.00,100 גרם,false,1,11.90,4.76,true,1,
9002975393812,false,סוכריות גילי הריבו האפי צירי 70 גרם,,AT,סוכריות גילי הריבו ה,גרמים,70.00,100 גרם,false,1,7.90,11.29,true,1,
9002975393836,false,סוכריות גילי הריבו האפי קולה 70 גרם,"האריבו , ג'י.אם.בי.א",AT,סוכריות גילי הריבו ה,גרמים,70.00,100 גרם,false,1,7.90,11.29,true,1,
9005835312718,false,"קלרו פירמידה מלח למדיח כלים 1 ק""ג CLARO",קלרו,AT,מלח למדיח כלים קלרו,קילוגרמים,0.00,"ק""ג",false,1,17.90,17.90,true,1,
9005835312732,false,"קלרו נוזל הברקה למדיח כלים 500 מ""ל CLARO",קלרו,AT,נוזל הברקה למדיח כלי,מיליליטרים,500.00,"100 מ""ל",false,1,16.50,3.30,true,1,
9008700146982,false,מיץ מולטיויטמין פרי אדומים 100% 1 ל ראוך,,,מיץ מולטיויטמין פרי,מיליליטרים,1000.00,"100 מ""ל",false,1,15.40,1.54,true,1,
9013100003490,false,"מוצארט שוקולד תות 500 מ""ל",,,מוצארט שוקולד תות 50,מיליליטרים,500.00,"100 מ""ל",false,1,94.90,18.98,true,1,
9013100011563,false,"ליקר מוצרט בטעם קפה 500 מ""ל",,,ליקר מוצרט בטעם קפה,מיליליטרים,500.00,"100 מ""ל",false,1,94.90,18.98,true,1,
9044400826861,false,סוכריות פז בטעם בננה אגס אסיאתי 68 גר,,,סוכריות פז בטעם בננה,גרמים,68.00,100 גרם,false,1,9.90,14.56,true,1,
9044400851672,false,סוכריות פז סוגים שונים + 3 מילויים,פז,HU,סוכריות 3+1 PEZ,Unknown,0.00,Unknown,false,1,11.90,11.90,true,1,
9120025834723,false,חטיף אוראו מצונן 120 גרם,בובארד איטליה אס.פי.,IT,חטיף אוראו מצונן 120,גרמים,120.00,100 גרם,false,1,15.50,12.92,true,1,
9120025839957,false,חטיף מילקה מצונן 128 גרם,,,חטיף מילקה מצונן 128,גרמים,128.00,100 גרם,false,1,15.50,12.11,true,1,
9120097310545,false,חטיף מיני מיניונים מצונן 102.5 ג' CHOCO BITE,,,חטיף מיני מניונים מצ,גרמים,103.00,100 גרם,false,1,15.50,15.05,true,1,
9120097310583,false,חטיף שוקו בננה מיניונים מצונן 108 גרם,בובארד איטליה אס.פי.,IT,חטיף שוקו בננה מיניו,גרמים,108.00,100 גרם,false,1,15.50,14.35,true,1,
9310072028743,false,טים טם אורגינל 200 גרם,"ארנוטס ביסקוויטס בע""",AU,טים טם אורגינל 200 ג,גרמים,200.00,100 גרם,false,1,21.70,10.85,true,1,
9310072028750,false,טים טם מצופה שוקולד,"ארנוטס ביסקוויטס בע""",AU,טים טם דאבל 200 גרם,גרמים,200.00,100 גרם,false,1,21.70,10.85,true,1,
9421902401176,false,"מול על חצי צדף ניו זילנד 1 ק""ג",,,מול על חצי צדף ניו ז,קילוגרמים,0.00,"ק""ג",false,1,59.90,59.90,true,1,
9556771006921,false,"קפוצינו ""אונו מומנטו"" 20יח*25.5 גר",,,"קפוצינו ""אונו מומנטו",גרמים,510.00,100 גרם,false,1,29.90,5.86,true,1,
9785386048860,false,כובע חג המולד,,,כובע חג המולד,Unknown,0.00,Unknown,false,1,9.90,9.90,true,1,
9785386048914,false,סט כדורים לעץ,,,סט כדורים לעץ,Unknown,0.00,Unknown,false,1,15.90,15.90,true,1,
9785386048921,false,כדור שלג זכוכית,,,כדור שלג זכוכית,Unknown,0.00,Unknown,false,1,19.90,19.90,true,1,
9785912505980,false,פסלון מואר,,,פסלון מואר,Unknown,0.00,Unknown,false,1,11.90,11.90,true,1,
9785957316824,false,קישוט לעץ,,,קישוט לעץ,Unknown,0.00,Unknown,false,1,10.10,10.10,true,1,
9871184221359,false,גאודה הולנדית 30% במשקל,,,גאודה הולנדית 30%,Unknown,0.00,"ק""ג",true,0,90.00,90.00,true,1,
9871184221365,false,גאודה הולנדית עם רוטב חריף סמבל במשקל,,,גאודה הולנדית,Unknown,0.00,"ק""ג",true,0,125.00,125.00,true,1,
9871184221367,false,גאודה עיזים הולנדית במשקל,,,גאודה עיזים הולנדית,Unknown,0.00,"ק""ג",true,0,133.00,133.00,true,1,
