code,internal_code,name,manufacturer_name,manufacture_country,manufacturer_item_description,unit_qty,quantity,unit_of_measure,weighted,qty_in_package,price,unit_of_measure_price,allow_discount,status,item_id
32147230,false,"מיץ לימון משומר 200מ""ל(לימונית אקסטרא)",ג'נרל מילס סאן אדריא,CH,"מיץ לימון משומר 200מ""ל",מיליליטרים,200.00,"100 מ""ל",false,,6.40,0.0320,true,1,1046908
40084107,false,ביצת שוקולד הפתעה קינדר,פרדי קונדטוריה אס פי,IT,ביצת קינדר הפתעה,גרמים,20.00,100 גרם,false,,4.90,0.2450,true,1,1167217
40099132,false,מסטיק הובה בובה Hubba Bubba בטעם תות,הובה בובה Hubba Bubba,DE,הובה בובה טעם תות 35,גרמים,35.00,100 גרם,false,,3.00,0.0857,true,1,1012297
40099606,false,אורביט-מסטיק סטיק ירוק,ריגלי צרפת,FR,מסטיק אורביט ירוק 20,גרמים,30.00,100 גרם,false,,1.90,0.0633,true,1,1012300
40111216,false,באונטי חטיף קוקוס ושוקולד 57ג',"נארז ע""י : א.ג. גילר",NL,חטיף באונטי שוקולד ק,גרמים,57.00,100 גרם,false,,3.90,0.0684,true,1,1024101
42061939,false,"בירה בקס בקבוק 500 מ""ל בקבוק","איי, בי, אינבוו",DE,בקס בק' 500 מל,מיליליטרים,500.00,"100 מ""ל",false,,7.90,0.0158,true,1,4131314
42101666,false,איירוייבז מנטה ואקליפטוס בקופסה 25 יח HP,ריגלי,GB,מסטיק איירוייבוז אקל,גרמים,35.00,100 גרם,false,,5.70,0.1629,true,1,1578859
42123866,false,מסטיק הובה בובה צ'אנק פירות קלאסי 35ג',הובה בובה Hubba Bubba,,הובה בובה בטעם פירות,גרמים,35.00,100 גרם,false,,3.00,0.0857,true,1,1012307
42154662,false,אורביט באריזת מעטפה ספירמינט מסטיק,ריגלי צרפת,FR,מסטיק אורביט מעטפה ס,גרמים,27.00,100 גרם,false,,5.50,0.2037,true,1,1012311
42182115,false,אורביט פייב ספירמינט 12 סטיקס 29 גר,ריגלי צרפת,FR,מסטיק 5 ספירמנט ירוק,גרמים,31.00,גרם,false,,6.50,0.2097,true,1,1012324
42188889,false,אורביט פייב אבטיח 12 סטיקס 29 גר,ריגלי צרפת,FR,מסטיק 5 אבטיח,גרמים,31.00,100 גרם,false,,6.50,0.2097,true,1,1012325
42299363,false,"ניוואה - דאודורנט רול און לגבר פרש פאוור 50 מ""ל",ביירסדורף,DE,דאו רול און פרש לגבר,100 מל,50.00,100 מל,false,,12.90,0.2580,true,1,2191182
42306788,false,איירוייבז אוכמניות ומנטה בקופסה 25 יח HP,ריגלי,GB,מסטיק אורביט מסטיק א,גרמים,35.00,100 גרם,false,,5.70,0.1629,true,1,1578864
50398904,false,"קרם חמצן 6% אינדולה 60 מ""ל",גדעון קוסמטיקס,IL,אינדולה חמצן 6%,100 מל,60.00,100 מל,false,,3.90,0.0650,true,1,1016418
50398911,false,חמצן %9 60 מ''ל אינדולה,הנקל סוד,IL,אינדולה קרם חמצן 9%,מיליליטרים,60.00,"מ""ל",false,,3.90,0.0650,true,1,1016419
54051140,false,מעדן סויה טעם וניל אלפרו רביעיה * 125 ג',הנסיך- מפעל לייצור ט,BE,מעדן סויה בטעם וניל,גרמים,500.00,100 גרם,false,,15.90,0.0318,true,1,1017598
54051157,false,מעדן סויה טעם שוקו אלפרו רביעיה 125 ג',קריות זול,BE,מעדן סויה בטעם שוקו,גרמים,500.00,100 גרם,false,,15.90,0.0318,true,1,1017599
72940754,false,"מילקי מעדן וניל עם קצפת שטראוס 133 מ""ל","שטראוס גרופ בע""מ",IL,מילקי מעדן וניל עם ק,מיליליטרים,133.00,"100 מ""ל",false,,2.70,0.0203,true,1,1033059
72940761,false,"מילקי מעדן שוקולד עם קצפת שטראוס 133 מ""ל",מיוצר עי קונדיטוריית,IL,מילקי מעדן שוקולד עם,מיליליטרים,133.00,"100 מ""ל",false,,2.70,0.0203,true,1,1033060
72940952,false,מעדן מילקי בטעם שוקולד עם אקסטרה קצפת,"שטראוס גרופ בע""מ",IL,מילקי מעדן פי 2 קצפת,מיליליטרים,107.00,"100 מ""ל",false,,3.50,0.0327,true,1,1033061
72940976,false,סלט כרוב אדום אחלה 250 גרם,מיוצר עי קונדיטוריית,IL,סלט כרוב אדום אחלה 2,גרמים,250.00,100 גרם,false,,7.40,0.0296,true,1,1033062
72940983,false,סלט חומוס 250 גר אחל,אחלה - שטראוס,IL,חומוס אחלה 250 גרם,גרמים,250.00,100 גרם,false,,6.90,0.0276,true,1,1033063
72941041,false,מעדן מילקי מיני בטעם שוקולד עם קצפת,"שטראוס גרופ בע""מ",IL,מילקי מעדן מיני שוקו,מטרים,70.00,100 מ'ל,false,,2.00,0.0286,true,1,1033064
72945308,false,קוביות שמרים לאפיה שמרית 2*25 ג',"פאקא תעשיות בע""מ",IL,שמרים טריים לאפיה שמ,גרמים,50.00,100 גרם,false,,3.30,0.0660,true,1,1033065
72961209,false,**תנובה שמנת חמוצה 15% 200מל,תנובה מרכז שיתופי לש,IL,שמנית 15% 200מל בדצ,מיליליטרים,200.00,"100 מ""ל",false,,2.40,0.0120,true,1,1015776
72961223,false,"גילה גדול 200 מ""ל",תנובה מרכז שיתופי לש,IL,גיל 3% 200מל בדצ,מיליליטרים,200.00,"100 מ""ל",false,,1.50,0.0075,true,1,1015778
72961506,false,יוגורט עם תות 1.5% שומן 125 ג' פרילי,מיוצר עי קונדיטוריית,IL,פרילי תות גביע 125 ג,מיליליטרים,125.00,"100 מ""ל",false,,3.30,0.0264,true,1,1015779
72961520,false,"פרילי יוגורט עם אננס 1.5% תנובה 125 מ""ל",מיוצר עי קונדיטוריית,IL,פרילי יוגורט עם אננס,מיליליטרים,125.00,"100 מ""ל",false,,3.30,0.0264,true,1,1015781
72961544,false,"באדי יוגורט בטעם תות שדה 3% תנובה 125 מ""ל",מחלבת אלון תבור,IL,באדי יוגורט בטעם תות,מיליליטרים,125.00,"100 מ""ל",false,,2.90,0.0232,true,1,1015782
72964132,false,פרילי טבע עם גרנולה 1.5% 200מל,מיוצר עי קונדיטוריית,IL,פרילי עם גרנולה 1.5%,מיליליטרים,200.00,"100 מ""ל",false,,4.70,0.0235,true,1,1015790
72964422,false,תנובה יוגורט פרחים 4.5% 200מל,מחלבת תנובה,IL,יוגורט לבן 4.5% תנוב,מיליליטרים,200.00,"100 מ""ל",false,,2.60,0.0130,true,1,1015791
72986233,false,באדי מעדן וניל גביע 125גרם 2% בדצ,מחלבת אלון תבור,IL,"באדי וניל בד""צ 125מל",מיליליטרים,125.00,"100 מ""ל",false,,2.90,0.0232,true,1,1015792
72986240,false,באדי מעדן שוקו גביע 125גרם 2% בדצ,מחלבת אלון תבור,IL,"באדי שוקו בד""צ 125מל",מיליליטרים,125.00,"100 מ""ל",false,,2.80,0.0224,true,1,1015793
72986370,false,"גלידת בן & ג'ריס פיינטים וניל 500מ""ל",מוצרי איכות אמריקאים,IL,גלידה בן &ג'ריס וני,מיליליטרים,500.00,"100 מ""ל",false,,18.90,0.0378,true,1,1028149
72986424,false,"גלידת בן & ג'ריס פיינטים קרם עוגיות 500מ""ל",מוצרי איכות אמריקאיי,IL,גלידה בן&ג'ריס קרם ע,מיליליטרים,500.00,"100 מ""ל",false,,18.90,0.0378,true,1,1028150
72986448,false,"גלידת בן & ג'ריס פיינטים טופי קראנץ 500מ""ל",מוצרי איכות אמריקאיי,IL,גלידה בן &ג'ריס טופ,מיליליטרים,500.00,"100 מ""ל",false,,18.90,0.0378,true,1,1028151
72986455,false,"גלידה בן& ג'ריס ניו יורק סופר פאדג' צ'אנק 500 מ""ל",מוצרי איכות אמריקאיי,IL,גלידה בן& ג'ריס ניו,מיליליטרים,500.00,"100 מ""ל",false,,18.90,0.0378,true,1,1028152
72986479,false,"גלידה שוקולד אגוז עם בננות בן וג'ירי 500 מ""ל",מוצרי איכות אמריקאיי,IL,גלידה בן& ג'ריס צ'א,מיליליטרים,500.00,"100 מ""ל",false,,18.90,0.0378,true,1,1028153
72989425,false,"גלידת בן & ג'ריס פיינטים שוקולד בראוניז 500מ""ל",מוצרי איכות אמריקאיי,IL,גלידה בן & ג'ריס שוק,מיליליטרים,500.00,"100 מ""ל",false,,18.90,0.0378,true,1,1028154
72991886,false,"גלידת דולצ'ה בטעם ריבת חלב עם פאדג' בן וג'ירי 500 מ""ל",מוצרי איכות אמריקאיי,IL,גלידה בן&ג'ריס דולצ,מיליליטרים,500.00,"100 מ""ל",false,,18.90,0.0378,true,1,1028155
72993637,false,מעדן חלב בטעם שוקולד 125 ג' דני,מחלבת אחיהוד,IL,דני בטעם שוקולד 1.5%,מיליליטרים,125.00,"100 מ""ל",false,,2.50,0.0200,true,1,1033075
72994061,false,חטיף פסק זמן GOOD גלילית לבן 40 גרם,שולן צ'יקולטה גידה ס,IL,Good2 פסק זמן 36 גרם,גרמים,36.00,100 גרם,false,,4.10,0.1139,true,1,1018594
80042556,false,POLPA עגבניות חתוכות דק 400 גרם MUTTI,"איי, בי, אינבוו",IT,שימורי עגבניות חתוכו,גרמים,400.00,100 גרם,false,,5.90,0.0148,true,1,6744455
80042563,false,רסק עגבניות 700 ג' (צהוב) MUTTI,"איי, בי, אינבוו",IT,מחית עגבניות קלה 700,גרמים,700.00,100 גרם,false,,11.90,0.0170,true,1,6705530
80050025,false,סוכריות טיק טק בטעם תפוז,קריות זול,ZA,טיק טק תפוז 16 גרם,גרמים,16.00,100 גרם,false,,2.90,0.1812,true,1,1028707
80050124,false,סוכריות טיק טק בטעם מנטה,קריות זול,ZA,טיק טק מנטה 16 גרם,גרמים,16.00,100 גרם,false,,2.90,0.1812,true,1,1028708
80052760,false,קינדר בואנו Kinder Bueno עם חלב ואגוזי לוז,קריות זול,PL,שוקולד קינדר בואנו 4,גרמים,43.00,100 גרם,false,,3.40,0.0791,true,1,1028718
80052883,false,סוכריות מנטה חזק 16 ג' טיק טק,פררו,ZA,טיק טק מנטה חזק 16 ג,גרמים,16.00,100 גרם,false,,2.90,0.1812,true,1,6747950
80083696,false,גנדולה עוגיות דגנים ופירות אורגני 250,,IT,עוגיות אורגניות עם פ,גרמים,250.00,100 גרם,false,,14.50,0.0580,true,1,6739296
80136194,false,חטיפי הפי היפו Happy Hippo במילוי קרם חלבי ואגוזי לוז,קינדר Kinder,DE,הפי היפו אגוז 5*20ג,גרמים,100.00,100 גרם,false,,11.50,0.1150,true,1,4035545
80176800,false,נוטלה ממרח שוקולד 750 גרם,פררו תעשיות איטליה ס,IT,ממרח נוטלה 750 גרם,גרמים,750.00,100 גרם,false,,24.70,0.0329,true,1,1028721
80177173,false,ממרח אגוזי לוז עם קקאו,נוטלה Nutella,IT,ממרח נוטלה 350 גרם,גרמים,350.00,100 גרם,false,,12.90,0.0369,true,1,1028723
80177609,false,אצבעות שוקולד קינדר Kinder ארבע יחידות,קריות זול,IT,אצבעות קינדר שוקולד,גרמים,50.00,100 גרם,false,,3.40,0.0680,true,1,1028727
80177616,false,אצבעות שוקולד קינדר Kinder שמונה יחידות,קריות זול,IT,אצבעות קינדר שוקולד,גרמים,100.00,100 גרם,false,,6.80,0.0680,true,1,1028728
80310167,false,קינדר שוקולד מקסי 126 גר,קינדר,,קינדר שוקולד מקסי 12,גרמים,126.00,100 גרם,false,,9.50,0.0754,true,1,6311453
80310891,false,ג'וי ביצת הפתעה קינדר 20 גרם,קריות זול,ZA,ג'וי ביצת הפתעה קינד,גרמים,20.00,100 גרם,false,,4.90,0.2450,true,1,1028731
80761761,false,קינדר בואנו לבן בודד 39 גרם,ליימן שליסל,PL,קינדר בואנו לבן בודד,גרמים,43.00,100 גרם,false,,3.40,0.0791,true,1,1028738
80768838,false,מסטיק מנטוס וויט ביג פירות ומנטה 105 ג',פרפטי ואן מלה,TR,מסטיק מנטוס וויט ביג,גרמים,105.00,100 גרם,false,,16.90,0.1610,true,1,2279963
80773429,false,מנטוס בקבוק מעוגל - מסטיק ללא סוכר בטעם תות 60 גרם,פרפטי ואן מלה הולנד,NL,מסטיק מנטוס פיור פרש,גרמים,60.00,100 גרם,false,,8.80,0.1467,true,1,4369661
80773443,false,מנטוס בקבוק מעוגל - מסטיק ללא סוכר בטעם מנטה 60 גרם,פרפטי ואן מלה הולנד,NL,מסטיק מנטוס מעוגל 60,גרמים,60.00,100 גרם,false,,8.80,0.1467,true,1,3189898
80776307,false,מסטיק מנטוס ביג בבקבוק מעוגל טעם פירות מנטה 90 ג',פרפטי ואן מלה הולנד,NL,מסטיק מנטוס ביג מעוג,גרמים,90.00,100 גרם,false,,16.90,0.1878,true,1,3189899
80780595,false,מסטיק מנטוס ביג בבקבוק מעוגל טעם מנטה-עדינה 90 ג',פרפטי ואן מלה הולנד,TR,מסטיק מנטוס ביג מעוג,גרמים,90.00,100 גרם,false,,16.90,0.1878,true,1,3189900
80790990,false,מסטיק מנטוס בבקבוק מעוגל בטעם פירות -מנטה 60 ג',פרפטי ואן מלה הולנד,NL,מסטיק מנטוס מעוגל 60,גרמים,60.00,100 גרם,false,,8.80,0.1467,true,1,3189901
80794233,false,מסטיק מנטוס ביג בבקבוק מעוגל טעם מנטה 90 ג',פרפטי ואן מלה הולנד,NL,מסטיק מנטוס ביג מעוג,גרמים,90.00,100 גרם,false,,16.90,0.1878,true,1,3189902
80804697,false,מסטיק וויט White בטעם מנטה מתוקה ללא סוכר,פרפטי ואן מלה,TR,מסטיק מנטוס וויט ביג,גרמים,105.00,100 גרם,false,,16.90,0.1610,true,1,2279965
80831402,false,סוכריות מנטוס מנטה עדינה 30 יח' ללא סוכר CLEAN BREATH,פרפטי ואן מלה,NL,מנטוס סוכריות מנטה ע,יח',1.00,יח',false,,6.90,6.9000,true,1,6701002
80832560,false,סוכריות מנטוס פירות יער 21 ג' ללא סוכר CLEAN BREATH,פרפטי ואן מלה,TR,סוכריות מנטוס ללא סו,יחידה,1.00,יחידה,false,,6.90,6.9000,true,1,6883397
80843184,false,מנטוס מסטיק פיור פרש בטעם ענבים 60גר,פרפטי ואן מלה הולנד,NL,מסטיק מנטוס פיור פרש,גרמים,60.00,100 גרם,false,,8.80,0.1467,true,1,6792343
80854753,false,סוכריות מנטוס מנטה 30 יח' ללא סוכר CLEAN BREATH,פרפטי ואן מלה,TR,מנטוס סוכריות מנטה ל,יח',1.00,יח',false,,6.90,6.9000,true,1,6701003
80862260,false,מסטיק מנטוס פיור וויט מנטה מתוקה 150 גר,פרפטי ואן מלה ברדה,TR,גומי לעיסה פיור וויט,גרמים,177.00,100 גרם,false,,17.70,0.1000,true,1,6849966
80864295,false,סוכריות פיור וויט טעם מנטה עדינה 60 ג' מנטוס,פרפטי ואן מלה הולנד,TR,מסטיק מנטוס פיור ווי,גרמים,78.00,100 גרם,false,,8.80,0.1128,true,1,6807282
80896081,false,מנטוס בקבוק מעוגל - מסטיק ללא סוכר בטעם אבטיח 60 גרם,פרפטי ואן מלה הולנד,NL,מסטיק מנטוס פיור פרש,גרמים,90.00,100 גרם,false,,8.80,0.0978,true,1,4369662
80913467,false,מנטוס בקבוק מעוגל - מסטיק ללא סוכר בטעם מנטה,פרפטי ואן מלה הולנד,NL,מסטיק מנטוס מעוגל 60,גרמים,60.00,100 גרם,false,,8.80,0.1467,true,1,3189903
80926481,false,מסטיק מנטוס פיור פרש בבקבוק בינוני בטעם אבטיח 90ג',פרפטי ואן מלה הולנד,TR,מסטיק מנטוס ביג אבטי,גרמים,90.00,100 גרם,false,,16.90,0.1878,true,1,5462866
80936848,false,סוכריות טיק טק תות שדה 24 יח',ליימן-שליסל,ZA,טיק טק בודד תות שדה,גרמים,16.00,100 גרם,false,,2.90,0.1812,true,1,1058600
80945468,false,סוכריות פיור וויט טעם מנטה מתוקה 60 ג' מנטוס,פרפטי ואן מלה הולנד,TR,מסטיק מנטוס פיור ווי,גרמים,78.00,100 גרם,false,,8.80,0.1128,true,1,6807283
80948698,false,מסטיק מנטוס פיור פרש טרופי בבקבוק 60ג',פרפטי ואן מלה הולנד,TR,מסטיק מנטוס פיור פרש,גרמים,60.00,100 גרם,false,,8.80,0.1467,true,1,5085002
80957706,false,מסטיק מנטוס פיור וויט מנטה 150 גר,פרפטי ואן מלה ברדה,TR,גומי לעיסה פיור וויט,גרמים,177.00,100 גרם,false,,17.70,0.1000,true,1,6849968
80974215,false,מסטיק מנטוס פיור פרש בבקבוק ביג בטעם תות 90ג',פרפטי ואן מלה הולנד,NL,מסטיק מנטוס ביג תות,יח',1.00,יח',false,,16.90,16.9000,true,1,5462867
80979128,false,מנטוס מסטיק בקבוק מעוגל בטעם דובדבן,פרפטי ואן מלה הולנד,TR,מסטיק מנטוס פיור פרש,גרמים,60.00,100 גרם,false,,8.80,0.1467,true,1,6792344
80982470,false,מסטיק מנטוס פיור פרוסט בטעם מנטה חזק 60 גר',פרפטי ואן מלה ברדה,NL,מנטוס מסטיק פיור פרו,גרמים,60.00,100 גרם,false,,8.80,0.1467,true,1,6783862
80986348,false,סוכריות פיור וויט טעם מנטה 60 ג' מנטוס,פרפטי ואן מלה הולנד,TR,מסטיק מנטוס פיור ווי,גרמים,78.00,100 גרם,false,,8.80,0.1128,true,1,6807284
80995128,false,מנטוס - מסטיק בטעם הדרים בתוספת ויטמינים 60 גרם,פרפטי ואן מלה הולנד,TR,מנטוס מסטיק הדרים 60,יחידה,0.00,יחידה,false,,8.80,0.0000,true,1,6912382
87108538,false,סוכריות בטעם תות מנטוס 37.5 גרם,הדקלאים אגודת שיתופי,NL,סוכריות בטעם תות מנט,גרמים,37.50,100 גרם,false,,2.80,0.0747,true,1,1028755
87108651,false,סוכריות בטעם מנטה מנטוס 4*37.5 גרם,הדקלאים אגודת שיתופי,NL,סוכריות בטעם מנטה מנ,גרמים,150.00,100 גרם,false,,10.90,0.0727,true,1,1028756
87108712,false,סוכריות בטעם פירות מנטוס 4*37.5 גרם,פרפטי ואן מלה ברדה,NL,סוכריות בטעם פירות מ,גרמים,150.00,100 גרם,false,,10.90,0.0727,true,1,1028757
87311396,false,מנטוס ריינבאוו סוכריות לעיסה בטעמי פירות,פרפטי ואן מלה,NL,מנטוס ריינבואו בודד,גרמים,37.50,100 גרם,false,,2.80,0.0747,true,1,1028767
87354041,false,סוכריות מנטוס גליל בטעם דובדבן,פרפטי ואן מלה,NL,סוכריות מנטוס לעיסה,יח',1.00,יח',false,,2.90,2.9000,true,1,6783863
90087547,false,מיץ עגבניות 1 ליטר ראוך קרטונית,Rauch fruchtsafte gm,HU,מיץ עגבניות 1 ל,ליטרים,1.00,ליטר,false,,11.10,11.1000,true,1,1016910
90162602,false,רד בול משקה אנרגיה פקדון 30 אג,רד בול ג'י.אם.בי. אץ,IL,משקה אנרגיה רד בול 2,מיליליטרים,250.00,"100 מ""ל",false,,5.90,0.0236,true,1,5823405
90446269,false,"משקה רד בול אבטיח מוגז פחית 250 מ""ל",ראון פרוכטסאפה,AT,משקה אנרגיה רד בול א,מיליליטרים,250.00,"100 מ""ל",false,,5.90,0.0236,true,1,6779072
90448867,false,"משקה אנרגיה רד בול ללא פחמימות 250 מ""ל",רד בול,AT,משקה אנרגיה רד בול 2,מיליליטרים,250.00,"100 מ""ל",false,,5.90,0.0236,true,1,6880038
96137130,false,"דאודורנט דאב רול און אגס ואלוורה 150 מ""ל",יוניליוור פיליפינים,GB,דאב דאודורנט רול-און,מטרים,50.00,100 מ'ל,false,,14.90,0.2980,true,1,5395194
8112100298,false,שמן שומשום טהור 185 מ'ל (כ),Flavor full foods in,TW,שמן שומשום טהור 185,מיליליטרים,185.00,"100 מ""ל",false,,14.50,0.0784,true,1,1032823
9800800056,false,חטיף שוקולד עם מקלות לחם אנד גו,נוטלה Nutella,DE,נוטלה אנד גו 52 ג,יח',1.00,יח',false,,4.90,4.9000,true,1,1238211
10900678148,false,דיאמונד רדיד אלומיניום נון סטיק,דיימונד,CN,דיימונד רדיד אלומניו,יח',1.00,יח',false,,14.90,14.9000,true,1,6814208
11210000094,false,"רוטב ""טבסקו"" על בסיס פלפל אדום 60 מ""ל",מקאילהייני אייבורי,US,רוטב חריף טבסקו 60 מ,מטרים,60.00,100 מ'ל,false,,9.80,0.1633,true,1,1026229
11210006508,false,רוטב פלפל הבנרו חריף טבסקו 60 מל,מקאילהייני Mc.Ilhenn,US,טבסקו אקסרא חריף הבנ,מטרים,60.00,100 מ'ל,false,,14.90,0.2483,true,1,1026230
11210007253,false,"רוטב ""טבסקו"" על בסיס פלפל אדום ושום 60 מ""ל",מקאילהייני אייבורי,US,רוטב שום ופלפל טבסקו,מטרים,60.00,100 מ'ל,false,,9.80,0.1633,true,1,1026231
11210009387,false,"רוטב פלפל ירוק טבסקו 60 מ""ל",מקאילהייני אייבורי,US,רוטב פלפל ירוק טבסקו,מטרים,60.00,100 מ'ל,false,,9.80,0.1633,true,1,1026232
11210607040,false,טבסקו פלפל צפוטלי חריף 60 מל,מקאילהייני Mc.Ilhenn,US,טבסקו מעושן צ'יפוטלי,מטרים,60.00,100 מ'ל,false,,9.90,0.1650,true,1,1026233
11210618503,false,"רוטב טבסקו על בסיס פלפל סקורפיון 60מ""ל",מק. אילהיני קו,,טבסקו פלפל חריף סקור,יח',1.00,יח',false,,14.90,14.9000,true,1,6706579
11210698055,false,רוטב טבסקו סרירציה 566 גרם,מקאילהייני קו,US,טבסקו סוריצ'ה חריף 5,גרמים,566.00,100 גרם,false,,24.50,0.0433,true,1,4038519
13300002865,false,פילסברי ציפוי פאן פטי שוקולד 442 גר,פילסברי (ג'נל מילס),US,פילסברי ציפוי פאן פט,גרמים,442.00,100 גרם,false,,14.90,0.0337,true,1,6803558
13300760406,false,פילסברי ציפוי שוקולד,פילסברי (ג'נל מילס),US,פילסברי ציפוי שוקולד,גרמים,453.00,100 גרם,false,,14.90,0.0329,true,1,6803561
16000281684,false,חטיפי גרנולה קראנצ'י עם פקאן נייצ'ר ואלי 5*42 גרם,ליימן מותגים,US,חטיפי גרנולה קראנצ'י,גרמים,210.00,100 גרם,false,,14.90,0.0710,true,1,1028775
16000423534,false,חטיפי גרנולה קראנצ'י עם שיבולת שועל ושוקולד מריר נייצ'ר ואלי 5*42 גרם,ג'נרל מילס סאן אדריא,ES,חטיפי גרנולה קראנצ'י,גרמים,210.00,100 גרם,false,,14.90,0.0710,true,1,1028777
16000548404,false,חטיפי גרנולה קראנצ'י עם שיבולת שועל ודבש נייצ'ר ואלי 5*42 גרם,ג'נרל מילס סאן אדריא,ES,חטיפי גרנולה קראנצ'י,גרמים,210.00,100 גרם,false,,14.90,0.0710,true,1,1028784
16000548503,false,חטיפי גרנולה קראנצ'י עם מייפל וסוכר חום נייצ'ר ואלי 5*42 גרם,ג'נרל מילס סאן אדריא,ES,חטיפי גרנולה קראנצ'י,גרמים,210.00,100 גרם,false,,14.90,0.0710,true,1,1028786
16000548602,false,חטיפי גרנולה קראנצ'י קינמון נייצ'ר ואלי 5*24 גרם,ג'נרל מילס סאן אדריא,ES,חטיפי גרנולה קראנצ'י,גרמים,210.00,100 גרם,false,,14.90,0.0710,true,1,1028788
16000548909,false,חטיפי גרנולה קראנצ'י במגוון טעמים נייצ'ר ואלי 5*42 גרם,ג'נרל מילס סאן אדריא,ES,חטיפי גרנולה קראנצ'י,גרמים,210.00,100 גרם,false,,14.90,0.0710,true,1,1028790
16229909819,false,קרם קוקוס 1 ליטר AROY-D,תאי וורלד,,קרם קוקוס 1 ליטר,ליטרים,1.00,ליטר,false,,24.90,24.9000,true,1,1182092
16229924263,false,קרם קוקוס 100% ארוי,ויט ורלד קומפני,,קרם קוקוס 250 מל,מיליליטרים,250.00,"100 מ""ל",false,,9.80,0.0392,true,1,4186635
18000701223,false,"פילסברי, עוגה בטעם שוקולד, תערובת להכנת עוגה בטעם שוקולד. 500 גרם",הדקלאים אגודת שיתופי,IL,תערובת להכנת עוגת שו,גרמים,500.00,100 גרם,false,,15.90,0.0318,true,1,1028792
18000703494,false,"פילסברי, עוגה בטעם וניל, תערובת להכנת עוגה בטעם וניל. 500 גרם.",הדקלאים אגודת שיתופי,IL,תערובת להכנת עוגת ונ,גרמים,500.00,100 גרם,false,,15.90,0.0318,true,1,1028793
18000703517,false,"פילסברי, עוגה בטעם שוקולד וניל, תערובת להכנת עוגה בטעם וניל. 550 גרם.",הדקלאים אגודת שיתופי,IL,תערובת להכנת עוגת שי,גרמים,550.00,100 גרם,false,,15.90,0.0289,true,1,1028794
18000766413,false,"פילסברי, עוגה בטעם שוקולד, תערובת להכנת עוגה בטעם שוקולד. 550 גרם.",הדקלאים אגודת שיתופי,IL,תערובת לעוגת בראוניס,גרמים,550.00,100 גרם,false,,15.90,0.0289,true,1,1028795
21200513152,false,"שלישיית ספוגי קרצוף עדינים ""סקוטש ברייט""",M3,CA,סקוטש ברייט ספוג קרצ,יח',1.00,יח',false,,12.90,12.9000,true,1,1027207
21231828256,false,אוכמניות כחולות קפואות 500ג רמילוי,,,אוכמניות כחולות קפוא,גרמים,500.00,100 גרם,false,,14.90,0.0298,true,1,6742695
21231828263,false,מיקס פירות טרופיים מוקפא 500ג רמילוי,,,מיקס פירות טרופיים מ,גרמים,500.00,100 גרם,false,,14.90,0.0298,true,1,6742715
21231828294,false,חתיכות אננס מוקפא 500ג רמילוי,,,חתיכות אננס מוקפא 50,גרמים,500.00,100 גרם,false,,14.90,0.0298,true,1,6742716
21231829215,false,תות שדה מוקפא 500ג רמילוי,,,תות שדה מוקפא 500ג ר,גרמים,500.00,100 גרם,false,,14.90,0.0298,true,1,6743715
22200956932,false,דאודורנט ספיד סטיק גל 24/7 כחול 85 גר,הנסיך- מפעל לייצור ט,US,דאודורנט 24/7 ג'ל כח,גרמים,51.00,100 גרם,false,,16.90,0.3314,true,1,1017604
22200956949,false,דאודורנט ג'ל כתום לגבר ספיד סטיק 85 גרם,קולגייט פלמוליב,BY,דאודורנט ג'ל כתום לג,גרמים,51.00,100 גרם,false,,16.90,0.3314,true,1,1017605
24291245131,false,כבל אודיו לאוקס,ארטוס,,כבל AUX,יח',1.00,יח',false,,14.90,14.9000,true,1,1048661
25675120006,false,חמצוצים 4 צבעים טעמים טבעי 100 גרם,חמצוצים,NL,מקלות חמוצים 4 טעמים ללא,גרמים,100.00,100 גרם,false,,8.90,0.0890,true,1,1035587
25675120037,false,מקלות חמצוצים תות 100 גרם,פשקס קנדי,NL,פשקז חמצוצים תות 100,יח',1.00,יח',false,,8.90,8.9000,true,1,1035589
25675120044,false,פשקז חמצוצים בטעם תפוח 100 גרם,פשקז Paskesz,NL,מקלות חמוצים תפוח עץ 100,גרמים,100.00,100 גרם,false,,8.90,0.0890,true,1,1035590
25675120068,false,פשקז חמצוצים בטעם קולה 100 גרם,פשקז Paskesz,NL,מקלות חמוצים קולה 100 גר',גרמים,100.00,100 גרם,false,,8.90,0.0890,true,1,1035591
25675121027,false,חמצוצים רחב צבעוני רחב בטעמים 115 גרם,פאסין,NL,מקלות חמוצים 4 טעמים ללא,גרמים,115.00,100 גרם,false,,10.90,0.0948,true,1,1274683
25675121034,false,חמצוצים רחבים תות 115 גר,חמצוצים,NL,חמצוצים רחב תות 115 גר',גרמים,115.00,100 גרם,false,,10.90,0.0948,true,1,1035599
25675121041,false,סאוור בלטס Sour Belts בטעם אוכמניות,פשקז Paskesz,NL,חמצוצים רחב פטל 115 גר',גרמים,115.00,100 גרם,false,,10.90,0.0948,true,1,1035600
25675121058,false,"חמצוצים רחבים תפו""ע 115 גר",חמצוצים,NL,"חמצוצים רחב תפו""ע 115 גר'",גרמים,115.00,100 גרם,false,,10.90,0.0948,true,1,1035601
25675301092,false,פשקז חמצוצים מקלות צבעוני מיקס 50 גר,פאסין,NL,מקלות חמוצים 4 טעמים ללא,גרמים,40.00,100 גרם,false,,4.90,0.1225,true,1,1035629
25675301108,false,מקלות חמוצים חמצוצים תות 50 גרם,פאסין,NL,מקלות חמוצים תות 50 גר',גרמים,50.00,100 גרם,false,,4.90,0.0980,true,1,1035630
25675301153,false,סאוור סטיקס Sour Sticks בטעם אוכמניות,פשקז Paskesz,NL,מקלות חמוצים פטל 50 גר',גרמים,50.00,100 גרם,false,,4.90,0.0980,true,1,1035631
25675301177,false,פשקס - חמצוצים מקלות דובדבן 50 גרם,פאסין,NL,חמצוצים דובדבן חמוץ 50 גר,גרמים,50.00,100 גרם,false,,4.90,0.0980,true,1,1086513
25675301184,false,חמצוצים מקלות חמוצים קולה 50 גרם,פשקז Paskesz,NL,מקלות חמוצים קולה 50 גר',גרמים,50.00,100 גרם,false,,4.90,0.0980,true,1,1035632
25675301207,false,מקלות חמוצים חמצוצים תפוח עץ 50 גרם,פשקז Paskesz,NL,מקלות חמוצים תפוח עץ 50 ג,גרמים,50.00,100 גרם,false,,4.90,0.0980,true,1,1035633
25700005674,false,שקיות אחסון סליידר גדולות- 15 יח' זיפלוק,,US,זיפלוק שקיות אחסון ס,יח',1.00,יח',false,,15.80,15.8000,true,1,6745100
25700005681,false,שקיות אחסון סליידר בינוניות -20 יח' זיפלוק,אס.סי גונוסון,US,זיפלוק שקיות אחסון ס,יח',1.00,יח',false,,15.80,15.8000,true,1,6745101
25700005698,false,שקיות אחסון בינוניות- 24 יח' זיפלוק,אס.סי.גונסון ובניו,US,זיפלוק שקיות אחסון ב,יח',1.00,יח',false,,12.90,12.9000,true,1,6745102
30000315989,false,קוואקר פרוטאין חמוציות ושקדים 372 גר,קוואקר אוטס קומפני,US,קוואקר פרוטאין חמוצי,גרמים,372.00,100 גרם,false,,20.90,0.0562,true,1,6052935
31200001597,false,חמוציות אושן ספריי קליית גת בשקית 170 גרם,אושן ספריי,US,חמוציות אושן ספריי 1,גרמים,170.00,100 גרם,false,,10.90,0.0641,true,1,1028800
31290140190,false,שוקולד עם נגיעות מלח ים שוקולד גודייבה פינגרס,גודייבה GODIVA,TR,שוקולד מריר עם נגיעו,יח',1.00,יח',false,,14.90,14.9000,true,1,6712911
33200147701,false,פרש&סופט דפים למייבש בניחוח טרופי 100 יח,פרש אנד סופט Frash'n soft,US,פרש&סופט 100 ורוד למייבש,יח',100.00,יח',false,,23.90,0.2390,true,1,1013484
33617000026,false,קרקר ואזה 203-275 גרם מקמח מלא 260,כלורוקס אוקלנד,SE,וואזה מקמח מלא 260גר,גרמים,260.00,100 גרם,false,,12.90,0.0496,true,1,1013486
33617322616,false,קרקר ואזה 203-275 גרם מקמח שיפון,כלורוקס אוקלנד,SE,קרקר שיפון ואזה 270,גרמים,270.00,100 גרם,false,,12.90,0.0478,true,1,1013487
33617340610,false,קרקר ואזה 203-275 גרם מקמח שיפון 275,כלורוקס אוקלנד,SE,פת פריכה קמח שיפון 2,גרמים,275.00,100 גרם,false,,12.90,0.0469,true,1,1013488
34000148301,false,הרשי נטיפי שוקולד מריר לאפייה 340 גר,ליימן מותגים,,*מבצע* הרשי נטיפי שו,גרמים,340.00,100 גרם,false,,16.90,0.0497,true,1,3253640
34000196173,false,הרשי טבלה XL בטעם שוקולד לבן עם שברי עוגיות 113 גרם,ליימן מותגים,US,הרשיז קוקיס אנד קרים,גרמים,113.00,100 גרם,false,,7.50,0.0664,true,1,1215642
34000442652,false,ריזס טבלה בטעם שוקולד ממולאת קרם בוטנים 120 גרם,ליימן מותגים,US,הרשיז ריזס אקסטרא לא,גרמים,120.00,100 גרם,false,,7.50,0.0625,true,1,1215643
34000470563,false,מארז שוקולד ריסז מיניס 215 גרם,ליימן מותגים,US,ריסז מיניס פאוץ 215,100 קרטון,215.00,100 קרטון,false,,18.90,0.0879,true,1,5951043
34000544028,false,סוכריות ארוכות בטעם תות טוויזלרס Twizzlers,ליימן מותגים,US,טוויזלרס ממתק תות 19,גרמים,198.00,100 גרם,false,,6.90,0.0348,true,1,1026240
34000544431,false,ממתקי הרשיז טוויזלרס טעם דובדבן 172 גרם,ליימן מותגים,US,טוויזלרס ממתק טעם דו,גרמים,172.00,100 גרם,false,,6.90,0.0401,true,1,1026242
35000458476,false,קולגייט מברשת שיניים ילדים מארז רביעייה,קולגייט פלמוליב,VN,קולגייט מברשת ילדים,יח',1.00,יח',false,,17.90,17.9000,true,1,6102718
37600207188,false,חמאת בוטנים סקיפי קלאסי 462 גרם,חברת המזון אלגוד,US,חמאת בוטנים סקיפי קלאסי 4,גרמים,462.00,100 גרם,false,,17.90,0.0387,true,1,1097661
37600207256,false,חמאת בוטנים סקיפי עם שברי בוטנים 462 גרם,חברת המזון אלגוד,US,חמאת בוטנים סקיפי עם שברי,גרמים,462.00,100 גרם,false,,17.90,0.0387,true,1,1097662
37600207287,false,סקיפי חמאת בוטנים בטעם דבש 462 גרם,חברת המזון אלגוד.,US,חמאת בוטנים סקיפי עם דבש,גרמים,462.00,100 גרם,false,,17.90,0.0387,true,1,1097663
37600297943,false,מטבל סלסה חריף- צ'י צ'י 439 גר,hormel foods,US,מטבל סלסה חריף- צ'י,מטרים,439.00,100 מ'ל,false,,18.90,0.0431,true,1,6920948
37600297967,false,מטבל סלסה בחריפות עדינה ציי צי 439 גר,hormel foods,US,מטבל סלסה בחריפות עד,מטרים,439.00,100 מ'ל,false,,18.90,0.0431,true,1,6920949
38000138638,false,חטיף צ'יפס פרינגלס פיצה 158 גרם,פרינגלס מנופקצורינג,US,חטיף צ'יפס פרינגלס פ,גרמים,158.00,100 גרם,false,,8.90,0.0563,true,1,2619697
38000138720,false,חטיף צ'יפס פרינגלס ראנץ 158 גרם,פרינגלס מניופקצ'ורינ,US,חטיף צ'יפס פרינגלס ר,גרמים,158.00,100 גרם,false,,8.90,0.0563,true,1,5078013
38000183928,false,פרינגלס חרדל ודבש 158 גרם,פרינגלס מניופקצ'ורינ,US,פרינגלס חרדל ודבש 15,גרמים,158.00,100 גרם,false,,8.90,0.0563,true,1,6743346
38000197840,false,פרינגלס גלי בטעם חריף מתוק 137 ג',פרינגלס מניופקצ'ורינ,US,פרינגלס ברביקיו 137,גרמים,137.00,100 גרם,false,,7.90,0.0577,true,1,6743347
38000232152,false,פרינגלס חטיפי תפוח אדמה בטעם ברביקיו 158 גרם,פרינגלס מניופקצ'ורינ,US,פרינגלס ביג ברביקיו,גרמים,158.00,100 גרם,false,,7.90,0.0500,true,1,6687012
38000232169,false,פרינגלס מידי אורגינל 71 גרם,פרינגלס מניופקצ'ורינ,US,פרינגלס מידי אורגינל,גרמים,67.00,100 גרם,false,,4.90,0.0731,true,1,6687013
38000232176,false,פרינגלס ביג שמנת בצל 158 גרם,פרינגלס מניופקצ'ורינ,US,פרינגלס ביג שמנת בצל,גרמים,158.00,100 גרם,false,,8.90,0.0563,true,1,6687014
38000232183,false,פרינגלס ביג אורגינל 149 גרם,פרינגלס מניופקצ'ורינ,US,פרינגלס ביג אורגינל,גרמים,149.00,100 גרם,false,,7.90,0.0530,true,1,6687015
38000845253,false,חטיף צ'יפס פרינגלס מידי שמנת בצל 71 גרם,פרינגלס מנופקצ'ורינג,US,חטיף צ'יפס פרינגלס מ,גרמים,71.00,100 גרם,false,,4.90,0.0690,true,1,1510327
38527591053,false,קואקר דגנים מרובעים שיבולת שועל וקינמון,BEVERAGES FOODS & SE,US,דגני בוקר מרובעים קי,גרמים,411.00,100 גרם,false,,18.90,0.0460,true,1,1026755
38527591060,false,דגני קוואקר מרובעים Quaker Squares עם סוכר חום,BEVERAGES FOODS & SE,US,דגני בוקר מרובעים קו,גרמים,411.00,100 גרם,false,,18.90,0.0460,true,1,1026756
40000512943,false,סוכריות אם אנד אמס M&M שוקולד חלב,M&M אם אנד אם,US,אם אנד אם שוקולד 303,גרמים,303.00,100 גרם,false,,19.90,0.0657,true,1,4787471
40000513568,false,סוכריות אם אנד אמס M&M שוקולד חלב,M&M אם אנד אם,US,אם אנד אם שוקולד 156,גרמים,155.00,100 גרם,false,,9.90,0.0639,true,1,3306531
40000514480,false,M&M אריזה קטנה's שוקולד אריזה קטנה 48 גרם,M&M אם אנד אם,US,אם אנד אם שוקו 48 גר,גרמים,48.00,100 גרם,false,,4.70,0.0979,true,1,2174065
40000514510,false,M&M אריזה קטנה's בוטנים אריזה קטנה 49 גרם,M&M אם אנד אם,US,אמ אנד אם חטיף בוטני,גרמים,49.00,100 גרם,false,,4.70,0.0959,true,1,1940879
41143299081,false,שזיפים מגולענים סאן מייד 198 ג',,US,שזיפים מגולענים 198,גרמים,198.00,100 גרם,false,,16.90,0.0854,true,1,6740664
41390001079,false,"רוטב סויה קיקומן מופחת נתרן 444 מ""ל",קיקומן פודז אינק,US,רוטב סויה קיקומן מופ,מיליליטרים,444.00,"100 מ""ל",false,,19.80,0.0446,true,1,1129129
41390001451,false,רוטב סויה קיקומן 1.2 קילו,קיקומן פודז אינק,US,רוטב סויה קיקומן 1.2 ליטר,מטרים,1200.00,100 מ'ל,false,,29.90,0.0249,true,1,1028241
41390010309,false,"רוטב טריאקי קיקומן 444 מ""ל",קיקומן פודז אינק,US,"רוטב טריאקי 444 מ""ל",מיליליטרים,444.00,"100 מ""ל",false,,19.80,0.0446,true,1,1129130
41500013183,false,רוטב סויה וורצסטר פרנצס גדול,,US,רוטב סויה וורצסטר פר,מטרים,443.00,100 מ'ל,false,,22.90,0.0517,true,1,6870992
41500745107,false,"אמריקן גורנן רד הוט 354 מ""ל כנפיים",,US,רוטב רד הוט באפלו לכ,גרמים,354.00,100 גרם,false,,22.90,0.0647,true,1,6916675
41500770734,false,רוטב רד הוט צ'ילי ליים פרנקס 354 מל,,,רוטב רד הוט צ'ילי ל,גרמים,354.00,100 גרם,false,,22.90,0.0647,true,1,6916676
41500805023,false,"רוטב פלפל רד האט 354 מ""ל",רקיט בנקיזר,,רוטב פלפל רד האט 354,מטרים,354.00,100 מ'ל,false,,22.90,0.0647,true,1,6916677
41844000016,false,חמאה צרפתית פרמיום 2,קוופרטיב ליאטיאר דה,FR,חמאה צרפתית פרימיום,גרמים,250.00,100 גרם,false,,22.90,0.0916,true,1,1038807
41844002003,false,גבינת עיזים למריחה 1,קוופרטיב ליאטיאר דה,FR,גבינת עיזים למריחה 1,גרמים,125.00,100 גרם,false,,25.90,0.2072,true,1,1038810
42400108153,false,דגני בוקר צבעוניים בטעם פירות טוטי פרוטיס,פוסט ארצות הברית,US,דגנים ממותקים טעם פי,גרמים,350.00,100 גרם,false,,19.90,0.0569,true,1,6757386
44600008899,false,"ספריי לניקוי חלונות ומשטחים כלורקס 946 מ""ל",,,ספריי לניקוי חלונות,מיליליטרים,946.00,"100 מ""ל",false,,19.50,0.0206,true,1,6732016
46214372250,false,"עוגיות שטרודל פריכות תפו""ע וצימוקים",מרבה Merba,NL,עוגיות שטרודל תפוח ע,גרמים,200.00,100 גרם,false,,9.80,0.0490,true,1,1017614
46214382259,false,עוגיות בראוניס שוקולד 225 ג',בנקטבקריי מרבה בי.וי,NL,עוגיות בראוניס מרבה,גרמים,200.00,100 גרם,false,,9.80,0.0490,true,1,1017615
46214731552,false,עוגיות שוקולד ציפס מובחרות 225 ג',קריניציה ויטמינה אס,NL,עוגיות שוקולד צ'יפס,גרמים,225.00,100 גרם,false,,9.80,0.0436,true,1,1017616
48256214758,false,מסיר כתמים קשים לכביסה לבנה וצבעונית,יעקבי- אסטוניש Astonish,GB,אסטוניש אבקת הפלא לה,לקג,1.00,לקג,false,,19.90,19.9000,true,1,1026442
50000015474,false,מזון חתולים יבש מעדני הים 3.15 פאונד,פריסקיז,US,"פריסקיז דגים 1.42 ק""",קילוגרמים,1.40,"ק""ג",false,,34.90,24.9286,true,1,1020055
50000040803,false,פנסי פיסט גריל עוף,השוואת מחירונים,,פנסי פיסט גריל עוף,100 יח',85.00,100 יח',false,,5.70,0.0671,true,1,6505236
50000100347,false,"פריסקיז - מעדני החתול מועשר בחלב 1.40 ק""ג",נסטלה פורינה USA מק,US,פריסקיז מעדני החתול,קילוגרמים,1.40,"ק""ג",false,,34.90,24.9286,true,1,1020061
50000168583,false,"פריסקיז אקסטרא קראנץ 1.47 ק""ג",פריסקיז,US,פריסקיז אקסטרא קראנץ,קילוגרמים,1.40,"ק""ג",false,,34.90,24.9286,true,1,6784697
50000292592,false,פנסי פיסט לחתול סלמון וסול ברוטב עשיר 85ג',נסטלה פורינה USA סט,US,פנסי פיסט סלמון ברוט,גרמים,85.00,100 גרם,false,,5.70,0.0671,true,1,1401401
50000429042,false,מזון חתולים כבד מעודן ועוף פנסי פיסט 85 גרם,נסטלה פורינה USA ג',US,מזון חתולים כבד מעוד,גרמים,85.00,100 גרם,false,,5.60,0.0659,true,1,1020070
50000429448,false,פנסי פיסט מוס סלומון 85 גרם,נסטלה פורינה USA סט,US,פנסי פיסט מוס סלמון,גרמים,85.00,100 גרם,false,,5.70,0.0671,true,1,1020071
50000434640,false,מזון חתולים לח נתחי עוף פנסי פיסט 85 גרם,נסטלה פורינה USA סט,US,מזון חתולים לח נתחי,גרמים,85.00,100 גרם,false,,5.60,0.0659,true,1,1020074
50000503896,false,פנסי פיסט גרילד סלמון,פורינה,US,פנסי פיסט גרילד סלמו,יח',1.00,יח',false,,5.70,5.7000,true,1,6414893
51500000793,false,קונפיטורת אוכמניות 340 גרם,,,קונפיטורת אוכמניות 3,גרמים,340.00,100 גרם,false,,14.90,0.0438,true,1,6800383
51500000816,false,קונפיטורת דובדבנים 340 גר,,,קונפיטורת דובדבנים 3,גרמים,340.00,100 גרם,false,,14.90,0.0438,true,1,6800384
51500000953,false,קונפיטורת תות 340 גרם,,,קונפיטורת תות 340 גר,גרמים,340.00,100 גרם,false,,14.90,0.0438,true,1,6800385
51500017005,false,סמארקס חמאת בוטנים 454 גר,סמאקרס,US,סמארקס חמאת בוטנים 4,גרמים,454.00,100 גרם,false,,17.90,0.0394,true,1,6867663
51500255162,false,"חמאת בוטנים לל""ג JIF אריזת 454ג'",ג'י.אס.קיי קונסיומר,US,גיפ חמאת בוטנים חלקה,גרמים,454.00,100 גרם,false,,17.90,0.0394,true,1,3868389
52100004389,false,קנמון טחון מקורמיק 6,מקורמיק,US,קינמון טחון,יח',1.00,יח',false,,19.90,19.9000,true,1,6125556
52100005966,false,שבבי שום מקורמיק 85,מקרומיק,US,גבישי שום,יח',1.00,יח',false,,27.90,27.9000,true,1,6125504
52100006260,false,אבקת שום מקורמיק 88.,מקרומיק,US,אבקת שום,יח',1.00,יח',false,,27.90,27.9000,true,1,6125505
52100040806,false,תערובת שום בצל פלפל שחור ומלח ים 120 גר,מקורמיק,US,תערובת תיבול שום בצל,יח',1.00,יח',false,,24.90,24.9000,true,1,6125511
52100070827,false,"תמצית רום מקורמיק 29 מ""ל",מקרומיק תבלינים,US,תמצית רום מקורמיק 29,מטרים,29.00,100 מ'ל,false,,9.90,0.3414,true,1,1024127
52100070865,false,"תמצית וניל טהור מקורמיק 29 מ""ל",מקרומיק תבלינים,US,תמצית וניל טהור מקור,מטרים,28.00,100 מ'ל,false,,29.90,1.0679,true,1,1024128
52100070995,false,תמצית וניל מקורמיק 2,מקורמיק,US,תמצית טעם וניל,יח',1.00,יח',false,,10.90,10.9000,true,1,6125514
55369902564,false,אפלסנקס רביעיות רסק תפוחי עץ ללא תוספת סוכר עברית,ליייהי אורצ'רדס,CA,מחית תפוחי עץ ללא תו,גרמים,452.00,100 גרם,false,,13.30,0.0294,true,1,1026263
56594009998,false,ניוואה סבון מוצק מטפח קרם קר רביעייה,אלפא,DE,ניוואה סבון מוצק מטפ,גרמים,400.00,100 גרם,false,,14.90,0.0373,true,1,6866053
58449860013,false,דגני אמאזון 325גר ללא גלוטן,נאטשר פאת פוד,,דגני אמאזון 325גר לל,גרמים,325.00,100 גרם,false,,23.90,0.0735,true,1,6714199
58449860020,false,"דגני גורילה מאנצ'י לל""ג 284 גרם",נאטשר פאת פוד,,דגני גורילה מאנצ'י ל,גרמים,284.00,100 גרם,false,,23.90,0.0842,true,1,6714200
58449860037,false,פצפוצי אורז מלא בטעם שוקולד קואלה קריספ,מולינו ניקולי s.p.a,US,דגני קואלה קריספי 32,גרמים,325.00,100 גרם,false,,20.90,0.0643,true,1,6714201
64144090013,false,פאם תרסיס על בסיס שמן קנולה בטעם חמאה,קונאגרה פודס,US,תרסיס שמן קנולה בטעם,מיליליטרים,148.00,"100 מ""ל",false,,16.90,0.1142,true,1,1028809
64144090020,false,"ספריי שמן PAM בטעם שמן זית 141 מ""ל",קונאגרה פודס,US,תרסיס שמן זית פאם 14,מיליליטרים,141.00,"100 מ""ל",false,,16.90,0.1199,true,1,1028810
64144090051,false,"ספריי שמן PAM קנולה אורגינל 148 מ""ל",קונאגרה פודס,US,תרסיס שמן פאם קנולה,מיליליטרים,148.00,"100 מ""ל",false,,16.90,0.1142,true,1,1144704
73490129919,false,ביסקוויט ביס קסטה הדר 250 גרם,אפיפית נצרת,IL,ביסקוויט ביס קסטה הד,גרמים,250.00,100 גרם,false,,4.90,0.0196,true,1,1033012
73490130410,false,מיץ ענבים קדם קונקורד לייט 1.89 ל',,,מיץ ענבים קונקורד לי,יח',1.00,יח',false,,27.90,27.9000,true,1,6489889
73490151934,false,"מיץ ענבים גאולה קונקורד 650 מ""ל",Kedem,US,מיץ ענבים גאולה 650,מיליליטרים,650.00,"100 מ""ל",false,,12.90,0.0198,true,1,1286468
73490153419,false,מיץ ענבים קדם גאולה קונקורד 1.89 ליטר,קדם,US,מיץ ענבים גאולה 1.89,ליטרים,1.89,ליטר,false,,26.90,14.2328,true,1,1015149
76840001774,false,"גלידה עוגיות חלב עם חתיכות פאדג בן וג'ירי 500 מ""ל",מוצרי איכות אמריקאים,IL,גלידה בן &ג'ריס בצק,מיליליטרים,500.00,"100 מ""ל",false,,18.90,0.0378,true,1,6696424
76840002542,false,"גלידת בן & ג'ריס פיינט נטפליקס וצ'ילד 500מ""ל",מוצרי איכות אמריקאים,IL,גלידה בן & גירס נטפל,מיליליטרים,500.00,"100 מ""ל",false,,17.90,0.0358,true,1,6709664
76840100156,false,"בן אנד גריס גלידת צרי גרסיה 500 מ""ל",מוצרי איכות אמריקאיי,IL,גלידה בן & ג'ריס צ'ר,מיליליטרים,500.00,"100 מ""ל",false,,18.90,0.0378,true,1,1144612
76840100583,false,"גלידת וניל עם בצק עוגיות בן וג'ירי 473 מ""ל",מוצרי איכות אמריקאיי,IL,גלידה בן & ג'ריס בצק,מיליליטרים,500.00,"100 מ""ל",false,,18.90,0.0378,true,1,1028165
76840400218,false,"גלידה בן&ג'ריס תות שדה ועוגת גבינה 500מ""ל",מוצרי איכות אמריקאיי,IL,גלידה בן &ג'ריס עוגת,100 מל,500.00,100 מל,false,,18.90,0.0378,true,1,1053591
77245110610,false,סוכריות מאסט ללא סוכר בטעם מנטה 80 ג'עלית,MIESZKO S.A - MS. JO,PL,סוכריות מנטה ללא תוס,גרמים,80.00,100 גרם,false,,6.90,0.0863,true,1,1018603
77343001117,false,נר שבת 72 רגיל,,,נרות שבת 72/8,יח',1.00,יח',false,,26.90,26.9000,true,1,6828514
77975036976,false,מטבל עגבניות בחריפות עדינה סניידרס 439 ג',סניידרס Snyder's,US,מטבל עגבניות בחריפות,גרמים,439.00,100 גרם,false,,16.90,0.0385,true,1,1394822
77975094624,false,"סניידרס סנדוויץ בייגלה במילוי חמאת בוטנים , 226 ג'",סניידרס Snyder's,US,סניידרס שברי בייגלה,יח',1.00,יח',false,,14.90,14.9000,true,1,6731374
77975094631,false,סנדביץ בייגלה במילוי קרם בטעם צ'דר 226 גרם סניידרס,סניידרס Snyder's,US,בייגלה סנדוויץ גבינה,גרמים,266.00,100 גרם,false,,14.90,0.0560,true,1,6731375
77975094761,false,סניידרס חטיפים על בסיס קמח חיטה בטעם גבינת צ'דר,סניידרס Snyder's,US,שברי בייגל בטעם גבינ,גרמים,340.00,100 גרם,false,,14.90,0.0438,true,1,6775416
77975094778,false,שברי בייגלה סניידרס בטעם דבש חרדל 340 גר,סניידרס Snyder's,US,שברי בייגל חרדל ודבש,גרמים,340.00,100 גרם,false,,14.90,0.0438,true,1,6784018
77975095133,false,שברי בייגלה בטעם פיקנטי 318 ג' סניידרס,סניידרס Snyder's,US,סניידרס שברי בייגלה,גרמים,319.00,100 גרם,false,,14.90,0.0467,true,1,6913711
77975095157,false,סניידרס שברי בייגלה וחלפיניו 340 גרם,סניידרס Snyder's,US,סניידרס שברי בייגלה,גרמים,318.00,100 גרם,false,,14.90,0.0469,true,1,6852436
78300098379,false,פלייטקס טמפונים רגולר סימפלי גנטל גלייד 20י,פלייטקס מניפקטורינג,US,פליטקס טמפונים רגולר,יח',20.00,יח',false,,24.10,1.2050,true,1,5665101
78652673064,false,סט 3 קופסאות ריבועיות עם מכסה טורקיז,,,סט 3 קופסאות ריבועיו,יח',1.00,יח',false,,8.90,8.9000,true,1,6868475
78652693062,false,סט 3 קופסאות ריבועיות עם מכסה אדום,,,סט 3 קופסאות ריבועיו,יח',1.00,יח',false,,8.90,8.9000,true,1,6877439
85696608037,false,טופו רך ללא גלוטן 340ג' (כ) Morinaga,Morinaga NUTRITIONAL,,טופו רך ללא גלוטן 34,גרמים,349.00,100 גרם,false,,12.70,0.0364,true,1,1116900
85696608044,false,טופו ללא גלוטן 349ג' (כ) Morinaga,Morinaga nutritional,US,טופו ללא גלוטן 349ג',גרמים,349.00,100 גרם,false,,12.70,0.0364,true,1,1116901
89041081056,false,שמן סויה בתיבול צילי,Flavor full foods in,TW,שמן צ'ילי 185 מ'ל (כ,מיליליטרים,185.00,"100 מ""ל",false,,10.90,0.0589,true,1,1032835
89397344300,false,דיניקולה רוטב פסטה עגבניות ובזיל 737 גרם,ג'יאובני פוד אינק,US,דניקולה רוטב בזיליקו,גרמים,737.00,100 גרם,false,,16.90,0.0229,true,1,1013538
89397344362,false,רוטב דיניקולה פסטה בטעם מרינדה 737 גרם,ג'יאובני פוד אינק,US,דניקולה רוטב לפסטה מ,גרמים,737.00,100 גרם,false,,16.60,0.0225,true,1,1026289
138600010928,false,ספר בנימין נתניהו סיפור חיי,,,ספר בנימין נתניהו סי,יחידה,0.00,יחידה,false,,89.90,0.0000,true,1,6919492
305213079004,false,"תחליב גוף להזנה עמוקה צהוב וזלין 600 מ""ל",וזלין Vaseline,US,וזלין תחליב גוף להזנ,מיליליטרים,618.00,"100 מ""ל",false,,19.90,0.0322,true,1,3995798
308910525744,false,אטריות אורז דקות 454 גרם ורמיצ'לי (כ),ליאן תאי רייס,TH,אטריות אורז דקות 454,גרמים,454.00,100 גרם,false,,10.50,0.0231,true,1,1032836
446000088998,false,"ספריי לניקוי חלונות ומשטחים כלורקס 946 מ""ל",,,ספריי לניקוי חלונות,100 מל,946.00,100 מל,false,,19.50,0.0206,true,1,6907740
608614331475,false,כרובית ארוזה ביכורי,חקלאי,IL,כרובית ארוזה,יח',1.00,יח',false,,7.90,7.9000,true,1,5717182
613008742348,false,בקבוק אריזונה ג'נסינג ודבש 1 ליטר,נובה טרייד אל טי די,DE,אריזונה ג'ינסנג ודבש,יח',1.00,יח',false,,10.50,10.5000,true,1,6723407
613008742409,false,בקבוק אריזונה אפרסק 1 ליטר,נובה טרייד אל טי די,DE,אריזונה אפרסק בק' 1ל,יח',1.00,יח',false,,10.50,10.5000,true,1,6723408
613008755461,false,בקבוק אריזונה אוכמניות 1 ליטר,נובה טרייד אל טי די,DE,אריזונה אוכמניות בק',יח',1.00,יח',false,,10.50,10.5000,true,1,6723409
628154383659,false,דגני בוקר פרוטי פבלס 311 ג' POST,פוסט ארצות הברית,US,סדרת ילדים פרוטי פבל,גרמים,411.00,100 גרם,false,,19.90,0.0484,true,1,6850818
638102201010,false,חטיף על בסיס חלבון סויה שוקולד וחמאת בוטנים,"אבוט נוטרישן, מעבדות",US,חטיף ZOON שוקולד חמא,יח',1.00,יח',false,,12.90,12.9000,true,1,6665271
638102203090,false,חטיף על בסיס חלבון סויה פאדג' גרהם,"אבוט נוטרישן, מעבדות",US,חטיף ZOON פאדג שוקול,יח',1.00,יח',false,,13.90,13.9000,true,1,6665272
638102532817,false,חטיף על בסיס חלבון סויה עם שוקולד מריר,"אבוט נוטרישן, מעבדות",US,חטיף זון דאבל דארק ש,יח',1.00,יח',false,,13.90,13.9000,true,1,6711858
638102532848,false,חטיף זון דארק שוקולד שקד 45 גר,סיטי ספורט,,חטיף ZONE שוקולד שקד,יח',1.00,יח',false,,12.90,12.9000,true,1,6665343
639138513238,false,פילה הרינג מעושן צ'צ'יק 190 גרם,רוג'ין פיש,,פילה הרינג מעושן צ'צ,גרמים,190.00,100 גרם,false,,12.30,0.0647,true,1,1026296
649870161505,false,סיגר בפאלו ברווז(5יח,נאן טונג,CN,סיגר בפאלו ברווז(5יח,יח',1.00,יח',false,,13.90,13.9000,true,1,6414944
649870162182,false,סיגר בופלו מצופה ברווז,נאן טונג,CN,סיגר בופלו מצופה ברו,יח',1.00,יח',false,,19.90,19.9000,true,1,6414959
649870162809,false,דונאט בופלו מצופה,,,דונאט בופלו מצופה,יח',1.00,יח',false,,14.90,14.9000,true,1,6414960
649870165695,false,חטיף נייטיב לכלב מקל,לנגי,CN,חטיף נייטיב לכלב,יח',1.00,יח',false,,14.90,14.9000,true,1,6781373
649870165718,false,חטיף נייטיב לכלב עיג,לנגי,CN,חטיף נייטיב לכלב,יח',1.00,יח',false,,14.90,14.9000,true,1,6781406
649870165725,false,חטיף נייטיב לכלב משק,,,חטיף נייטיב לכלב,יח',1.00,יח',false,,14.90,14.9000,true,1,6781407
649870165732,false,חטיף נייטיב לכלב קוב,לנגי,CN,חטיף נייטיב לכלב,יח',1.00,יח',false,,14.90,14.9000,true,1,6781408
649870166098,false,נייטיב עוף ברוטב חתול 85 גר,נייטיב,TH,נייטיב עוף ברוטב חתו,גרמים,85.00,100 גרם,false,,4.90,0.0576,true,1,6796285
649870166111,false,נייטיב כבש ברוטבלחתול 85 גר,נייטיב,TH,נייטיב כבש ברוטבלחתו,גרמים,85.00,100 גרם,false,,4.90,0.0576,true,1,6796287
649870166135,false,נייטיב טונה ברוטב לחתול 85 גר,נייטיב,TH,נייטיב טונה ברוטב לח,גרמים,85.00,100 גרם,false,,4.90,0.0576,true,1,6796289
649870166180,false,נייטיב פטה סלמון לחתול 85 גר,נייטיב,TH,נייטיב פטה סלמון לחת,גרמים,85.00,100 גרם,false,,4.90,0.0576,true,1,6796294
651080161510,false,פלקרס פולסר לשיניים צפופות-מנטה 35 יחידו,מיוצר עי קונדיטוריית,CN,"פלאקרס ""פלוסר ""חוט ד",35 יח',1.00,35 יח',false,,9.90,9.9000,true,1,3663460
651080647519,false,"פלאקרס ""פלוסר ""חוט דנטלי ירוק -מנטה","פלקרס רנור ארה""ב",US,"פלאקרס ""פלוסר ""חוט ד",36 יח',1.00,36 יח',false,,9.90,9.9000,true,1,3471582
681131129855,false,"שלוס בירה בלגית 5% פחית 500 מ""ל",מבשלת מרטנס,BE,שלוס קרון בירה 5% פח,מיליליטרים,500.00,"100 מ""ל",false,,5.90,0.0118,true,1,1044337
693493010818,false,"נאצוס - חטיף טורטיה ע""ב תירס בטע 200 גר",או. קיי סניקס,DK,חטיף טורטיה תירס טעם,יח',1.00,יח',false,,9.90,9.9000,true,1,6779088
693493034456,false,סרדין מרוקאי בשמן זי,אטלנטיק הום סרדינס א,MA,סרדין בשמן זית 125גר,גרמים,125.00,100 גרם,false,,5.70,0.0456,true,1,6718577
693493034470,false,מקרל פילה בשמן חמניות 125 גר,U.P.A,MA,מקרל פילה בשמן חמניו,גרמים,125.00,100 גרם,false,,5.90,0.0472,true,1,6731550
693493034487,false,פילה סרדין בשמן זית 125גר,יוניון דה פחריס אפרי,MA,פילה סרדין בשמן זית,גרמים,125.00,100 גרם,false,,6.50,0.0520,true,1,6718598
693493034500,false,פילה אנשובי בשמן חמניות 50 גר,פאטינה פוד,MA,פילה אנשובי בשמן חמנ,גרמים,50.00,100 גרם,false,,5.90,0.1180,true,1,6718599
693493034517,false,פילה אנשובי בשמן חמניות וצלפים 50 גר,פאטינה פוד,MA,פילה אנשובי בשמן חמנ,גרמים,50.00,100 גרם,false,,5.90,0.1180,true,1,6718600
693493102742,false,צמח/חצי צל,,,צמח/חצי צל,יח',1.00,יח',false,,29.00,29.0000,true,1,6718303
693493102766,false,פרח גוזמניה בכלי מהודר,,,פרח גוזמניה בכלי מהו,יח',1.00,יח',false,,49.00,49.0000,true,1,6718305
693493102797,false,צמח/חצי צל,,,צמח/חצי צל,יח',1.00,יח',false,,79.00,79.0000,true,1,6718308
693493140461,false,"קפה טורקי טחון וואקום 1 ק""ג רמילוי",,,קפה טורקי טחון וואקו,יח',1.00,יח',false,,39.90,39.9000,true,1,6776815
693493151405,false,קפה טורקי רביעייה 400 ג רמי לוי,,,קפה טורקי רביעייה 40,גרמים,400.00,100 גרם,false,,16.90,0.0422,true,1,6795968
693493182607,false,קפסולות קולומביה פרמיום רמי לוי,,,קפסולות קולומביה פרמ,יח',1.00,יח',false,,7.80,7.8000,true,1,6857152
693493182614,false,קפסולות טרדיציונה פרמיום רמי לוי,,,קפסולות טרדיציונה פר,יח',1.00,יח',false,,7.80,7.8000,true,1,6857153
693493182621,false,קפסולות אורו פרמיום רמי לוי,,,קפסולות אורו פרמיום,יח',1.00,יח',false,,7.80,7.8000,true,1,6857154
693493182638,false,קפסולות ויוצ'ה פרמיום רמי לוי,,,קפסולות ויוצ'ה פרמיו,יח',1.00,יח',false,,7.80,7.8000,true,1,6857155
693493182645,false,קפסולות ברזיל פרמיום רמי לוי,,,קפסולות ברזיל פרמיום,יח',1.00,יח',false,,7.80,7.8000,true,1,6857156
693493195614,false,סחלב פלנופסיס,,,סחלב פלנופסיס,יח',1.00,יח',false,,59.90,59.9000,true,1,6910276
705988719264,false,פאזל 1000 MASTERPIEC,,,פאזל 1000 MASTERPIEC,יחידה,0.00,יחידה,false,,29.90,0.0000,true,1,6913879
705988719400,false,פאזל 1000 MASTERPIECE - חיים פרועים,,,פאזל 1000 MASTERPIEC,יחידה,0.00,יחידה,false,,29.90,0.0000,true,1,6913880
705988720420,false,פאזל 1000 MASTERPIECE - רגע של שלווה,,,פאזל 1000 MASTERPIEC,יחידה,0.00,יחידה,false,,29.90,0.0000,true,1,6913883
705988720789,false,פאזל 1000 MASTERPIECE - רגע של קפה,,,פאזל 1000 MASTERPIEC,יחידה,0.00,יחידה,false,,29.90,0.0000,true,1,6913885
728229123590,false,טרה אורגינל חטיף על בסיס ירקות שורש בטעם טבעי 110 גרם,הונדורס צ'יפס יצור א,HN,טרה מירקות אקזוטיים 110ג[,גרמים,110.00,100 גרם,false,,14.80,0.1345,true,1,1046931
728229123613,false,טרה חטיף על בסיס תפוח אדמה כחול בטעם טבעי 110 גרם,היין סלסטיאל גרופ,US,טרה מתפוח אדמה כחול 110ג',גרמים,110.00,100 גרם,false,,14.80,0.1345,true,1,1046932
728229123811,false,טרה חטיף על בסיס ירקות שורש בתיבול ים תיכוני 110 גרם,הונדורס צ'יפס יצור א,HN,טרה מירקות אקזוטיים בנוסח,גרמים,110.00,100 גרם,false,,14.90,0.1355,true,1,1046934
728229124764,false,טרה חטיף על בסיס בטטה עם מלח ים 110 גרם,היין פיוצ'ור נטורל פ,US,טרה בטטה עם מלח ים 1,גרמים,110.00,100 גרם,false,,14.80,0.1345,true,1,5442585
728229124771,false,טרה חטיף על בסיס בטטה בטעם ברביקיו 110 גרם,היין פיוצ'ור נטורל פ,IN,טרה מבטטה וסלק - 110ג'[3],גרמים,110.00,100 גרם,false,,14.80,0.1345,true,1,1295800
728229130154,false,טרה חטיף על בסיס בטטה וסלק בטעם טבעי 110 גרם,הונדורס צ'יפס יצור א,HN,טרה מבטטה וסלק - 110ג'[3],גרמים,110.00,100 גרם,false,,14.80,0.1345,true,1,1046935
753182231761,false,"משקה אנרגיה BLU ללא תוספת סוכר 250 מ""ל",אקווה ויט,PL,בלו סיקס ללא סוכר 25,מיליליטרים,250.00,"100 מ""ל",false,,4.20,0.0168,true,1,1037239
768404001640,false,"גלידה בן&ג'ריס קפה משפחתית 500מ""ל",מוצרי איכות אמריקאיי,IL,גלידה בן &ג'ריס קפה,מיליליטרים,500.00,"100 מ""ל",false,,18.90,0.0378,true,1,1028178
769904000997,false,דגש שקדי מרק ללא גלו,משובח תעשיות מזון,IL,שקדי מרק 200 גרם דגש,גרמים,200.00,100 גרם,false,,13.80,0.0690,true,1,1213447
833949000264,false,"סירופ מייפל אמיתי 100% אורגני 250 מ""ל",דיקסר קוויבק,CA,סירופ מייפל אמיתי 25,מיליליטרים,250.00,"100 מ""ל",false,,24.90,0.0996,true,1,6470952
835811005322,false,"פחם דרום אמריקאי הנמל 2 ק""ג",הנמל,IT,"פחם 2ק""ג הנמל",קילוגרמים,2.00,"ק""ג",false,,14.90,7.4500,true,1,1026924
835811009238,false,שיפודים ענק שטוח מבמבוק 25 יח`,הנמל,,שיפודים גדולים,יח',1.00,יח',false,,6.10,6.1000,true,1,1026960
839066008251,false,חמאה נורמנדי מכבי 125 גרם,מאיטרס לאיטרס,FR,חמאה נורמנדי מכבי 12,גרמים,125.00,100 גרם,false,,11.90,0.0952,true,1,1038811
839762000641,false,משקה איילנד מנגו נקטר 1 ל',"פאראגאלה,דה אג'יפשן",EG,נקטר מנגו איילנד 1 ל,ליטרים,1.00,ליטר,false,,11.50,11.5000,true,1,1012459
839762000658,false,איילנד גויאבה המשקה של חופי סיני 1 ליטר,The Egyptian Co. for,EG,נקטר גויאבה איילנד 1,מטרים,1.00,100 מ'ל,false,,11.50,11.5000,true,1,1012460
841058006633,false,"אדג' ג'יל גילוח מועשר בשיבולת שועל 198 מ""ל",אדג' ג'ל,US,אדג' ג'ל גילוח מועשר,גרמים,198.00,100 גרם,false,,14.90,0.0753,true,1,6737432
850002039009,false,עלי סיגר מרוקאים 170,,,עלי סיגר מרוקאים 170,גרמים,170.00,100 גרם,false,,10.90,0.0641,true,1,5650102
850004207789,false,בשר מיטבולס 290 ג' ביונד מיט,תאי פרזידנט פוד פאבל,US,מיטבולס ביונד מיט 29,גרמים,290.00,100 גרם,false,,31.80,0.1097,true,1,6819277
850014985141,false,חטיף ג'ק דלישס 154 גר,שינייה פט פוד,CN,חטיף ג'ק דלישס 154 ג,גרמים,154.00,100 גרם,false,,14.90,0.0968,true,1,6880098
851621000050,false,בירה חיטה בטעם הדרים 1664 בלאנק - שישייה,קרלסברג ספליי קומפאנ,PL,שישיית 1664 בלאנק בק,יח',1.00,יח',false,,39.90,39.9000,true,1,6706597
852629004774,false,רביעיית נקניקיות ביונד מיט 400 גרם,תאי פרזידנט פוד פאבל,US,נקניקיות ביונד מיט 4,גרמים,400.00,100 גרם,false,,32.80,0.0820,true,1,6819278
856591000055,false,עוגיות מזרחיות קריספי שרוף במיוחד,עבאדי,IL,עוגיות מזרחיות עבאדי,גרמים,400.00,100 גרם,false,,16.90,0.0422,true,1,1553381
856591000062,false,עוגיות מזרחיות עם מלח עבאדי 400 גרם,מאפיית יוסף ושמחה עב,IL,עוגיות מזרחיות עם מל,גרמים,400.00,100 גרם,false,,16.90,0.0422,true,1,1027749
856591000109,false,עוגיות מזרחיות פריך במיוחד עבאדי 400 גרם,מאפיית יוסף ושמחה עב,IL,עוגיות מזרחיות פריך,גרמים,400.00,100 גרם,false,,16.90,0.0422,true,1,1027750
856591000512,false,עוגיות מזרחיות מקלונים עם שומשום עבאדי 400 גרם,מאפיית יוסף ושמחה עב,IL,עוגיות מזרחיות מקלונ,גרמים,400.00,100 גרם,false,,16.90,0.0422,true,1,1027751
856591000918,false,מארז שמיניית חטיף טבעי עבאדי,עבאדי,IL,מארז חטיף טבעי 8*40ג,יח',1.00,יח',false,,16.90,16.9000,true,1,6768785
856591000949,false,"מאפה חיטה מלוח ""קטנטנים"" עבאדי 350 גרם",עבאדי,IL,עוגיות קטנטנים של עב,גרמים,350.00,100 גרם,false,,16.90,0.0483,true,1,6796658
856591000970,false,מאפה חיטה עבאדי מקלונים בטעם חריף 400 גר,עבאדי,IL,מאפה חיטה מקלונים טע,גרמים,400.00,100 גרם,false,,16.90,0.0422,true,1,6847093
859547004084,false,ספוג ניקוי SCRUB DADDY LEMON FRESH,,US,סקראב דאדי לימון,יחידה,1.00,יחידה,false,,17.70,17.7000,true,1,6885467
859547004466,false,קירצוף וספוג ניקוי SCRUB DADDY,סקארקיסט,US,סקראב דדי למון,יחידה,1.00,יחידה,false,,17.70,17.7000,true,1,6877349
884912102102,false,דגני בוקר פוסט סלקט אוכמניות 382 גר,הנסיך- מפעל לייצור ט,US,סלקט אוכמניות פוסט 3,גרמים,382.00,100 גרם,false,,22.90,0.0599,true,1,2799657
884912129512,false,דגני בוקר קוקו פבלס פלינסטון 311 גר,פוסט לקיוויל,US,קוקו פלינסטונס טעם ק,גרמים,311.00,100 גרם,false,,19.90,0.0640,true,1,1075875
884912359155,false,האני באנצ' דגני בוקר עם דבש פוסט 411 גרם,פוסט ארצות הברית,US,האני באנצ' דגני בוקר,גרמים,411.00,100 גרם,false,,21.80,0.0530,true,1,6850793
884912359162,false,האני באנצ' דגני בוקר עם שקדים פוסט 411 גרם,פוסט ארצות הברית,US,האני באנצ' דגני בוקר,גרמים,411.00,100 גרם,false,,21.80,0.0530,true,1,6850794
884912359421,false,דגני בוקר האני באנצס פקאן ומייפל 340 ג' POST,פוסט ארצות הברית,US,האני באנצס פקאן מייפ,גרמים,411.00,100 גרם,false,,21.80,0.0530,true,1,6850795
884912359483,false,דגני בוקר האני באנצס תות 312 ג' POST,פוסט ארצות הברית,US,פוסט האני באנצס תות,גרמים,368.00,100 גרם,false,,21.80,0.0592,true,1,6850796
884912365200,false,דגני בוקר אוראו שחור ולבן 311 גרם,פוסט ארצות הברית,US,דגני בוקר אוראו 311,גרמים,311.00,100 גרם,false,,19.90,0.0640,true,1,6899897
893594002051,false,"חטיף פופקורן צ`יפס בטעם גבינת צ`דר, 28ג Medora snacks",PepsiCo inc. Frito lay Division,US,פופקורנס גבינת צ'דר,יחידה,0.00,יחידה,false,,6.90,0.0000,true,1,6904129
893594002068,false,"חטיף פופקורן צ`יפס עם מלח ים,28 ג HANTRONIX",PepsiCo inc. Frito lay Division,US,פופקורנס מלח ים 28 י,יחידה,0.00,יחידה,false,,6.90,0.0000,true,1,6904130
1230000068314,false,בשר טחון מהצומח ביונד מיט 300 גרם,זנברגן וורלד פינסט מ,NL,בשר טחון ביונד מיט 3,גרמים,300.00,100 גרם,false,,29.80,0.0993,true,1,6819280
1230000116022,false,ביונד בורגר Beyond Burger - מארז זוג,ביונד מיט קליפורניה,US,המבורגר ביונד מיט 2*,גרמים,226.00,100 גרם,false,,27.90,0.1235,true,1,6867021
3014260240226,false,"ג'ילט קצף גילוח לעור רגיש, 200 מ""ל",מולינו ניקולי s.p.a,GB,קצף גילוח ג'ילט לעור,מיליליטרים,200.00,"100 מ""ל",false,,13.90,0.0695,true,1,1036029
3045206312257,false,דזיטול מגבונים לכל משטח מחטא ומשמיד,יעקבי - דזיטול Desytol,ES,דזיטול מגבונים לכל מ,100 יח',1.00,100 יח',false,,9.90,9.9000,true,1,1026451
3045206360609,false,"דזיטול נוזל מחטא בגדים בכביסה, 1 ליטר",רלוי,ES,דזיטול נוזל מחטא בגד,מטרים,1000.00,100 מ'ל,false,,22.90,0.0229,true,1,6844504
3046920016377,false,לינדט שוקולד אקסלנס מריר 100% קקאו 50 גר,לינדט ושפרונגלי,DE,לינדט אקסלנס 100% 50,יח',1.00,יח',false,,14.90,14.9000,true,1,6723344
3046920027281,false,שוקולד מריר אקסלנס במילוי קרמל ומלח ים,לינדט ושפרונגלי,FR,לינדט אקסלנס קרמל מל,גרמים,100.00,100 גרם,false,,14.90,0.1490,true,1,1178328
3046920028004,false,לינדט שוקולד אקסלנס מריר 70% 100 גר,לינדט ושפרונגלי,FR,לינדט אקסלנס 70% מוצ,גרמים,100.00,100 גרם,false,,14.90,0.1490,true,1,1024139
3046920028363,false,לינדט אקסלנס 85% מוצקי קקאו 100 גרם,לינדט ושפרונגלי,FR,לינדט אקסלנס 85% מוצ,גרמים,100.00,100 גרם,false,,14.90,0.1490,true,1,1024140
3046920028721,false,שוקולד מריר אקסלנס 99%,לינדט ושפרונגלי,FR,לינדט אקסלנס 99% 50,גרמים,50.00,100 גרם,false,,14.90,0.2980,true,1,2471125
3046920028752,false,שוקולד לינדט אקסלנס מינט 100 גרם,לינדט ושפרונגלי,FR,לינדט אקסלנס מנטה 10,גרמים,100.00,100 גרם,false,,14.90,0.1490,true,1,1024142
3046920029674,false,שוקולד לינדט אקסלנס סולט 100 גרם,לינדט ושפרונגלי,DE,לינדט אקסלנס שבבי מל,גרמים,100.00,100 גרם,false,,14.90,0.1490,true,1,1024143
3046920029681,false,לינדט שוקולד אקסלנס מילד 85% קקאו 100 גר,לינדט,DE,לינדט מריר85% 100ג,גרמים,100.00,100 גרם,false,,14.90,0.1490,true,1,6723345
3046920029759,false,לינדט אקסלנס 90% מוצקי קקאו 100 גרם,לינדט ושפרונגלי ג'י.,DE,לינדט אקסלנס 90% מוצ,גרמים,100.00,100 גרם,false,,14.90,0.1490,true,1,1178329
3059943015104,false,"אירוויק מבשם אויר נטול גז בניחוח פריסיה ויסמין 345 מ""ל",איירוויק Air Wick,PL,AIRWICK F&JASMINE 12X345M,מיליליטרים,345.00,"100 מ""ל",false,,12.90,0.0374,true,1,1036816
3059943015128,false,מבשם אוויר נטול גז אקווה מיסט בניחוח לבנדר פראי ואוויר הרים,הדקלאים אגודת שיתופי,PL,AIRWICK W.LAVENDER 12X345,מיליליטרים,345.00,"100 מ""ל",false,,12.90,0.0374,true,1,1036817
3059943016569,false,"אירוייק ספריי בניחוח פריסיה ויסמין 240 מ""ל",איירוויק Air Wick,GB,ARW Aerosol Fres&Jasm 12x,מיליליטרים,240.00,"100 מ""ל",false,,9.90,0.0413,true,1,1036821
3059944022415,false,רצועות שעווה מוכנות לשימוש מועשרת בתמציות ובניחוח ורדים,רקיט בנקיזר צרפת,FR,Veet CWS blossom missoni,יח',10.00,יח',false,,19.90,1.9900,true,1,1036832
3069900201327,false,זיתים שחורים בשקית וואקום 400 גר,קרטייר סאדה,MA,זיתים שחורים בשקית ו,גרמים,400.00,100 גרם,false,,10.90,0.0273,true,1,3240100
3073781161663,false,גבינה מותכת 18.5% שומן לה וואש קירי,לה וואש קירי La Vache qui rit,FR,גבינה לואשקירי 128 ג,גרמים,128.00,100 גרם,false,,11.90,0.0930,true,1,6787822
3073781161687,false,גבינה לה ושקרי 256 גרם כשר,פרומאג'רי בל דום סאם,FR,גבינה לואשקירי 256 ג,גרמים,256.00,100 גרם,false,,22.70,0.0887,true,1,6787823
3073781162790,false,גבינה מותכת בייבי בל 120 גרם,מחלבות בל,FR,גבינה מותכת בייבי בל,גרמים,120.00,100 גרם,false,,20.70,0.1725,true,1,6857695
3141360054405,false,פיניש מפיץ ריח למדיח בניחוח לימון וליים,הדקלאים אגודת שיתופי,HU,"FINSH,IT,DEO LEMON*20 MON",יח',1.00,יח',false,,14.90,14.9000,true,1,2456474
3161911229199,false,חמאה צרפתית רכה למריחה אל & ויר 250 גרם,אלל אה וויר,FR,חמאה צרפתית רכה למרי,גרמים,250.00,100 גרם,false,,21.90,0.0876,true,1,1024829
3161911366429,false,חמאה צרפתית מלוחה רכה למריחה אלוויר 250 גר',ארזינא,FR,חמאה צרפתית מלוחה רכ,גרמים,250.00,100 גרם,false,,21.90,0.0876,true,1,1024831
3178530402353,false,מיני מדליינס סאן מישל 175 גרם,סאן מישל,FR,עוגות מדליין 175 גרם,גרמים,175.00,100 גרם,false,,10.70,0.0611,true,1,4622696
3178530407938,false,"עוגות מיני מדליין עם שוקולד צ'יפס, 175 גרם",סאן מישל,FR,מיני עוגיות מדליין 1,גרמים,175.00,100 גרם,false,,11.50,0.0657,true,1,4622699
3178530409673,false,"עוגיות פלמיה קרמל, 100 גרם",סן מישל,FR,עוגיות פלמיה קרמל,גרמים,150.00,100 גרם,false,,14.80,0.0987,true,1,6737884
3178530411478,false,ביסקוויטים גאלט עם חמאה ומלח ים,סן מישל St Michel,FR,גלאט חמאה 150 גר,גרמים,150.00,100 גרם,false,,11.50,0.0767,true,1,4622612
3178530412703,false,"דונאט עם שוקולד, 180 גרם",סן מישל St Michel,FR,דונאט שיש,גרמים,180.00,100 גרם,false,,14.70,0.0817,true,1,6737885
3178530417357,false,בראוניז שוקולד לבן סאן מישל 210 גרם,סן מישל,FR,בראוניז שוקולד לבן,יח',1.00,יח',false,,16.40,16.4000,true,1,6766064
3178530417418,false,דונאט עם שוקולד ציפס 180 גרם,סן מישל St Michel,FR,דונאט שוקולד ציפס,גרמים,180.00,100 גרם,false,,14.70,0.0817,true,1,6737886
3179732348913,false,פרייה מים מינרליים טבעיים מבעבעים 1 ליטר פלסטיק,נסטלה ווטרס ספלאי,FR,פרייה מים מינרלים פל,ליטרים,1.00,ליטר,false,,8.90,8.9000,true,1,1287348
3227134010201,false,גבינה מגורדת אמנטל 28% מכבי 200 גרם,פרומגרי ליס דהור אוב,FR,גבינה מגורדת אמנטל 2,גרמים,200.00,100 גרם,false,,31.90,0.1595,true,1,1038815
3254550033217,false,סנט מור גבינת ברי איסיני 220 גרם,אף.סי תבליני בגליל ב,FR,סנט מור גבינת ברי אי,גרמים,220.00,100 גרם,false,,28.90,0.1314,true,1,4622577
3254550033279,false,גבינת קממבר 250 גרם סנט מר,איסיני סנט מור,FR,גבינת קממבר 250 גרם,גרמים,250.00,100 גרם,false,,28.90,0.1156,true,1,4622578
3267031070663,false,גבינת קממבר גרנד תרו,פרומגרי גילו,FR,גבינת קממבר גרנד תרו,גרמים,250.00,100 גרם,false,,34.90,0.1396,true,1,1066879
3267031070670,false,גבינת קממבר פן נורמנ,פרומגרי גילו,FR,גבינת קממבר פן נורמנ,גרמים,250.00,100 גרם,false,,34.90,0.1396,true,1,1066880
3267031330217,false,גבינה בשלה עם עובש ל,מיאטר לייטיאר,FR,גבינה בשלה עם עובש ל,גרמים,150.00,100 גרם,false,,22.90,0.1527,true,1,2619600
3267031330514,false,גבינה בשלה עם עובש ל,מיאטר לייטיאר,FR,גבינה בשלה עם עובש ל,גרמים,150.00,100 גרם,false,,22.90,0.1527,true,1,3965636
3277599395061,false,גבינת קממבר בלו 250ג,לסקור,,גבינת קממבר בלו 250ג,גרמים,250.00,100 גרם,false,,38.90,0.1556,true,1,1099706
3290015253062,false,פחמים רמי לוי,,,פחמים רמי לוי,יח',1.00,יח',false,,10.90,10.9000,true,1,6837225
3387390320244,false,פיטנס דגני בוקר מחיטה מלאה עם פירות נסטלה 375 גרם,נסטלה צרפת איטנקורט,FR,פיטנס דגני בוקר מחיט,גרמים,375.00,100 גרם,false,,19.90,0.0531,true,1,1020084
3387390525960,false,קראנץ' דגני בוקר עם שוקולד חלב נסטלה 500 גרם,הנסיך- מפעל לייצור ט,FR,קראנץ' דגני בוקר עם,גרמים,500.00,100 גרם,false,,19.90,0.0398,true,1,1020085
3387390730852,false,פיטנס דגנים מחיטה מלאה ואורז נסטלה 375 גרם,נסטלה צרפת איטנקורט,FR,פיטנס דגנים מחיטה מל,גרמים,375.00,100 גרם,false,,19.90,0.0531,true,1,1020086
3523230025638,false,"גבינת עיזים בושה טבעי, 125 גרם",אוריאל,FR,גבינת עיזים בושה טבע,גרמים,125.00,100 גרם,false,,24.90,0.1992,true,1,4622542
3523230025652,false,"גבינת מיני בושה עם שום ועשי תיבול ועשבי, 125 גרם",אוריאל,FR,גבינת עיזים בושה שום,גרמים,125.00,100 גרם,false,,23.90,0.1912,true,1,4622580
3523230026826,false,"גבינת עיזים למריחה פירמידה, 140 גרם",אוריאל,FR,עיזים פירמידה 140 גר,גרמים,140.00,100 גרם,false,,21.90,0.1564,true,1,2972386
3523230026888,false,"גבינת עיזים שום ועשבי תיבול למריחה פירמידה, 140 גרם",סואניון SOIGNON,FR,עיזים פירמידה שום וע,גרמים,140.00,100 גרם,false,,21.90,0.1564,true,1,2972387
3523230045827,false,סנט מור חלב עיזים 160 גר,אוריאל,FR,גבינת סנט מור 160 גר,גרמים,160.00,100 גרם,false,,27.50,0.1719,true,1,6784003
3563490014898,false,ריין דיז'ון חרדל דיז'ון 265 גרם,ריין דיז'ון reine dijon,FR,חרדל דיז'ון לחיץ 265 גר',גרמים,265.00,100 גרם,false,,9.90,0.0374,true,1,1153035
3574660089547,false,טמפונים נורמל קלאסי אובה 32 יחידות,ג'ונסון אנד ג'ונסון,GR,טמפונים נורמל קלאסי,יח',32.00,יח',false,,19.90,0.6219,true,1,1017650
3574660115154,false,או-בה טמפונים קלאסי סופר 32יח',ג'ונסון אנד ג'ונסון,GR,טמפונים סופר אובה 32,יח',32.00,יח',false,,19.90,0.6219,true,1,1017654
3574660333466,false,טמפונים מיני פרו קומפורט אובה 32 יחידות,הנסיך- מפעל לייצור ט,DE,טמפונים מיני פרו קומ,יח',32.00,יח',false,,24.90,0.7781,true,1,1017681
3574660389128,false,ליסטרין שטיפת פה קול מינט טעם מעודן 500,General,,ליסטרין קולמינט 500מ,מיליליטרים,500.00,"100 מ""ל",false,,14.90,0.0298,true,1,6658652
3574660389142,false,"ליסטרין מי פה ירוק פרש בורסט 500 מ""ל",,,ליסטרין פרש 500מל,מיליליטרים,500.00,"100 מ""ל",false,,14.90,0.0298,true,1,6658653
3574661352275,false,ליסטירין מי פה פירות יער 250 מל,גונסון אנד גונסון,IT,ליסטרין קידס ברי 250,מיליליטרים,250.00,"100 מ""ל",false,,12.90,0.0516,true,1,6732346
3574661487328,false,קרפרי מגני תחתון אורגינל פלוס 56 יח',הדקלאים אגודת שיתופי,IT,קרפרי מגן תחתון רגיל,יח',56.00,יח',false,,15.90,0.2839,true,1,6489702
3574661487335,false,קרפרי מגן תחתון מקסי לונג ריח'ני 40 יח',קרפרי Carefree,IT,מגן תחתון קרפרי 40 י,יח',1.00,יח',false,,15.90,15.9000,true,1,6418901
3574661487618,false,קרפרי מגן תחתון מקסי לארג'' מבושם 48 יח'',ג'ויה מעבדות לקוסמטי,IT,קרפרי מגן תחתון מקסי,יח',1.00,יח',false,,15.90,15.9000,true,1,6583327
3574661487625,false,מגני תחתון פלוס לארג' בניחוח עדין L,הדקלאים אגודת שיתופי,IT,מגן תחתון קרפרי מקסי,יח',1.00,יח',false,,15.90,15.9000,true,1,6504548
3574661500355,false,קרפרי מגן תחתון מקסי לונג רגיל 40 יח',ג'ויה מעבדות לקוסמטי,IT,מגן תחתון קרפרי 40 י,יח',1.00,יח',false,,15.90,15.9000,true,1,6418902
3574661537276,false,"ליסטרין טוטל 600 מ""ל",,,"ליסטרין טוטל 600 מ""ל",מיליליטרים,600.00,"100 מ""ל",false,,17.90,0.0298,true,1,6769699
3574661552576,false,קרפרי מגן תחתון רגיל טנגה לבן 56 יח חדש,הדקלאים אגודת שיתופי,GR,קרפרימגן תחתון טנגה,יח',1.00,יח',false,,15.90,15.9000,true,1,6704554
3574661552804,false,קרפרי מגן תחתון אלוורה 56 יח',הדקלאים אגודת שיתופי,IT,קרפרי מגן תחתון אלוו,יח',1.00,יח',false,,15.90,15.9000,true,1,6704555
3574661552811,false,קרפרי מגן תחתון כותנה נטול ריח 56 יח,הדקלאים אגודת שיתופי,GR,קרפרי כותון אוורירי,יח',1.00,יח',false,,15.90,15.9000,true,1,6704556
3574661554877,false,קרפרי מגן תחתון כותנה מבושם 56 יח,הנסיך- מפעל לייצור ט,GR,קרפרי כותון מבושם 56,יח',1.00,יח',false,,15.90,15.9000,true,1,6704557
3574661561226,false,"ליסטרין אדוונס 600 מ""ל",,,ליסטרין אדוונס 600 מ,מיליליטרים,600.00,"100 מ""ל",false,,17.90,0.0298,true,1,6769700
3574669907682,false,גונסון בייבי טלק 500 גרם חדש,גונסון אנד גונסון,IT,גונסון בייבי טלק 500,גרמים,500.00,100 גרם,false,,29.90,0.0598,true,1,5910488
3574669907972,false,"גונסון בייבי שמפו טיפות של ברק 750 מ""ל",ג'ונסונס Johnson's,IT,גונסונס שמפו 750 מל,מיליליטרים,750.00,"100 מ""ל",false,,23.90,0.0319,true,1,5910423
3574669908481,false,ג'ונסון בייבי אל סבון אמבט 750 מל חדש,ג'ונסונס Johnson's,IT,גונסון בייבי אלסבון,מיליליטרים,750.00,"100 מ""ל",false,,19.90,0.0265,true,1,5910426
3574669908948,false,גונסונס בייבי אל סבון לרחצה עדינה 750 מל,גונסון אנד גונסון,IT,גונסון בייבי אלסבון,מיליליטרים,750.00,"100 מ""ל",false,,19.90,0.0265,true,1,5910429
3597246004321,false,"שוקו שישייה 120 מ""ל",,,"שוקו שישייה 120 מ""ל",מיליליטרים,120.00,"100 מ""ל",false,,18.90,0.1575,true,1,1202919
3600010018278,false,גרנייה - פיור מי פנים,גרנייה,,גרנייה פיור מי פנים,יח',1.00,יח',false,,29.90,29.9000,true,1,5670991
3600521094341,false,קסטינג 200 שחור מעודן,לוריאל,,קסטינג 200 שחור מעוד,יח',1.00,יח',false,,34.90,34.9000,true,1,1011433
3600521094389,false,קאסטינג קרם גלוס 400,לוריאל,,קסטינג 400 חום כהה,מיליליטרים,400.00,"100 מ""ל",false,,34.90,0.0872,true,1,1011437
3600522150497,false,צבע לשיער קסטינג קרם,לוריאל,,קסטינג 100 שחור עמוק,יח',1.00,יח',false,,34.90,34.9000,true,1,1011564
3600522344032,false,לוריאל - אלביב מסכה טוטאל ריפר 300,לוריאל,,אלביב מסכת טוטל ריפר,מיליליטרים,300.00,"100 מ""ל",false,,24.90,0.0830,true,1,1011586
3600522344070,false,לוריאל - אלביב מסכה קולור פרוטקט 300,"לוריאל ישראל בע""מ",FR,אלביב מסכה קולור פרו,מיליליטרים,300.00,"100 מ""ל",false,,24.90,0.0830,true,1,1011587
3600522550129,false,קרם אנטי-אייג'ינג יום אייג' ספשיאליסט +45,לוריאל Loreal,DE,לוריאל אייג' ספשיאלי,מיליליטרים,50.00,"מ""ל",false,,49.90,0.9980,true,1,2010311
3600522550204,false,קרם אנטי-אייג'ינג יום אייג' ספשיאליסט +55,לוריאל Loreal,DE,לוריאל אייג' ספשיאלי,מיליליטרים,50.00,"100 מ""ל",false,,49.90,0.9980,true,1,2010313
3600522632436,false,קרם אנטי-אייג'ינג לילה אייג' ספשיאליסט +55,לוריאל Loreal,DE,לוריאל אייג' ספשיאלי,מיליליטרים,50.00,"100 מ""ל",false,,49.90,0.9980,true,1,2010314
3600522832089,false,אקסלנס קרם 7.7 בלונד דבש מהגוני,לוריאל,BE,אקסלנס קרם 7.7 בלונד,יח',1.00,יח',false,,38.90,38.9000,true,1,6605316
3600523193141,false,תרסיס לכיסוי שורשי השיער Magic Retouch שחור,לוריאל Loreal,BE,ספריי צבע לשיער מג'י,מיליליטרים,200.00,"מ""ל",false,,34.90,0.1745,true,1,2399249
3600523193158,false,תרסיס לכיסוי שורשי השיער Magic Retouch חום,לוריאל Loreal,BE,ספריי צבע לשיער מג'י,מיליליטרים,200.00,"מ""ל",false,,34.90,0.1745,true,1,2399250
3600523337712,false,לוריאל - מג'יק ריטאצ' 6 חום מהגוני,לוריאל,BE,מג'יק ריטאצ' חום מהג,יח',1.00,יח',false,,34.90,34.9000,true,1,4787462
3600523605972,false,מסכת הזנה רב שימושית מכילה שמן קוקוס,לוריאל - אלביב Elvive,DE,אלביב מסכה קוקוס 300,מיליליטרים,300.00,"100 מ""ל",false,,24.90,0.0830,true,1,4314776
3600523642489,false,מסכת הזנה אינטנסיבית 6 שמנים לשיער יבש,לוריאל - אלביב Elvive,DE,אלביב מסכת שמנים 300,מיליליטרים,300.00,"100 מ""ל",false,,24.90,0.0830,true,1,5874851
3600523651870,false,שמפו לחיזוק סיב השערה לכל סוגי השיער,לוריאל - אלביב Elvive,TR,אלביב שמפו פול רזיסט,מיליליטרים,550.00,"100 מ""ל",false,,14.90,0.0271,true,1,4791605
3600523651900,false,מרכך לחיזוק סיב השערה לכל סוגי השיער,לוריאל - אלביב Elvive,TR,אלביב מרכך פול רזיסט,מיליליטרים,550.00,"100 מ""ל",false,,14.90,0.0271,true,1,4791606
3600523652242,false,"לוריאל - אלביב שמפו קולור פרוטקט 550 מ""ל",לוריאל - אלביב Elvive,TR,אלביב שמפו קולור פרו,מיליליטרים,550.00,"100 מ""ל",false,,14.90,0.0271,true,1,4791661
3600523652259,false,"לוריאל - אלביב מרכך קולור פרוטקט 550 מ""ל",לוריאל,TR,אלביב מרכך קולור פרו,מיליליטרים,550.00,"100 מ""ל",false,,14.90,0.0271,true,1,4791685
3600523652280,false,"לוריאל אלביב שמפו מועשר ב 6 שמנים, 550 מ""ל",לוריאל - אלביב Elvive,TR,אלביב שמפו 6 שמנים 5,מיליליטרים,550.00,"100 מ""ל",false,,14.90,0.0271,true,1,4791607
3600523716524,false,לוריאל - דרמו רויטליפט קלאסי קרם אדום עברית,לוריאל,DE,דרמו רויטליפט קלאסי,יח',1.00,יח',false,,59.90,59.9000,true,1,6680672
3600523755806,false,"לוריאל - אלביב שמפו קוקוס 550 מ""ל",לוריאל,TR,אלביב שמפו קוקוס 550,יח',1.00,יח',false,,14.90,14.9000,true,1,6515852
3600523756322,false,"לוריאל - אלביב מרכך קוקוס 550 מ""ל",לוריאל,TR,אלביב מרכך קוקוס 550,יח',1.00,יח',false,,14.90,14.9000,true,1,6515853
3600523782567,false,"לוריאל - אלביב שמפו דרים לונג 500 מ""ל",לוריאל - אלביב Elvive,FR,אלביב שמפו דרים לונג,מיליליטרים,500.00,"100 מ""ל",false,,14.90,0.0298,true,1,6087637
3600523782581,false,מרכך מתיר קשרים לשיער ארוך ופגום Dream Long,לוריאל - אלביב Elvive,FR,אלביב מרכך דרים לונג,מיליליטרים,500.00,"100 מ""ל",false,,14.90,0.0298,true,1,6087639
3600523816699,false,לוריאל - דרמו פעולה משולשת פרש ג'ל עברית,לוריאל Loreal,,דרמו פעולה משולשת פר,יח',1.00,יח',false,,44.90,44.9000,true,1,6854853
3600523823604,false,לוריאל - דרמו היאלורון אקספרט לילה,,,לוריאל קרם אנטי אייג,יח',1.00,יח',false,,49.90,49.9000,true,1,6745806
3600523823611,false,לוריאל - היאלורון אקספרט יום SPF20,,,לוריאל קרם אנטי אייג,יח',1.00,יח',false,,49.90,49.9000,true,1,6745807
3600523953677,false,לוריאל - דרמו רויטליפט קלאסי יום SPF30 עברית,לוריאל,,רויטליפט קרם יום SPF,100 מל,50.00,100 מל,false,,59.90,1.1980,true,1,6774483
3600523991556,false,לוריאל הידרה גינייס גל לחות לעור מעורב,לוריאל,DE,לוריאל דרמו הידרה גי,מטרים,70.00,100 מ'ל,false,,49.90,0.7129,true,1,6842412
3600524051334,false,אלביב מרכך חומצה היאלורונית 400 מל,לוריאל,FR,אלביב מרכך היאלרונית,מטרים,400.00,100 מ'ל,false,,14.90,0.0373,true,1,6885874
3600541029323,false,גרנייה אסנשיאל מסיר איפור 2 ב- 1,SOPROCOS סופרוקוס,FR,גרנייה אסנשיאל מסיר,מיליליטרים,200.00,"100 מ""ל",false,,19.90,0.0995,true,1,1011689
3600541253667,false,"גרנייה - דאודורנט ספריי לאישה אינביזיבל BWC (ורוד) 150 מ""ל","לוריאל ישראל בע""מ",FR,דאו ספריי אינביזיבל,מיליליטרים,150.00,"100 מ""ל",false,,11.90,0.0793,true,1,1011727
3600541402270,false,"גרנייה - דאודורנט ספריי לאישה אינביזיבל BWC (ירוק) 150 מ""ל","לוריאל ישראל בע""מ",FR,דאו ספריי אינביזיבל,מיליליטרים,150.00,"100 מ""ל",false,,11.90,0.0793,true,1,1072485
3600541740006,false,"גרנייה - דאודורנט ספריי לאישה אקשן קונטרול 72 שעות 150 מ""ל","לוריאל ישראל בע""מ",FR,דאו ספריי אקשן קונטר,מיליליטרים,150.00,"100 מ""ל",false,,11.90,0.0793,true,1,1408424
3600541928169,false,"גרנייה פיור פחם ג'ל ניקוי 150 מ""ל",לוריאל,PL,גרנייה פיור פחם ג'ל,מיליליטרים,150.00,"100 מ""ל",false,,29.90,0.1993,true,1,1760120
3600541928275,false,מי פנים מיסלריים דו-פאזיים מסיר איפור עמיד במים,גרנייה Garnier,PL,גרנייה מים מיסלריים,מיליליטרים,400.00,"100 מ""ל",false,,29.90,0.0747,true,1,2257243
3600541937475,false,גרניה פיור גרגרים מסיכה לעור מעורב עד שמן,לוריאל,PL,גרנייה פיור נקוי 3ב1,מיליליטרים,150.00,"100 מ""ל",false,,29.90,0.1993,true,1,1760121
3600541940574,false,"גרנייה מים מיסלרים 700 מ""ל",לוריאל,PL,גרנייה מים מיסלרים 7,יח',1.00,יח',false,,39.90,39.9000,true,1,3729952
3600541952720,false,ג'ל גרגירים עם פחם פעיל לטיפול בראשים שחורים,גרנייה Garnier,PL,גרנייה פיור פחם ג'ל,גרמים,150.00,100 גרם,false,,29.90,0.1993,true,1,1760122
3600542216623,false,"גרנייה - דאודורנט רול און לאישה אקשן קונטרול רול 96 שעות 50 מ""ל",סופרוקוס,PL,דאודורנט רול גרנייה,מטרים,50.00,100 מ'ל,false,,11.90,0.2380,true,1,6680330
3600542216647,false,"גרנייה - דאודורנט ספריי לאישה 96 שעות אקשן קונטר 150 מ""ל",General,FR,גרנייה דאו ספריי 96,מטרים,50.00,100 מ'ל,false,,11.90,0.2380,true,1,6680331
3600542232036,false,גרניה סקין נט אלו גל אלוורה ללחות 50 מל,לוריאל,DE,גרנייה אלו ג'לי 50 מ,יח',1.00,יח',false,,39.90,39.9000,true,1,6087660
3600542245418,false,גרנייה - אוליה מיני קיט 4 חום כהה,לוריאל,PL,אוליה מיני קיט 4 חום,יח',1.00,יח',false,,29.90,29.9000,true,1,6714160
3600542245449,false,גרנייה - אוליה מיני קיט 5 חום טבעי,לוריאל,PL,אוליה מיני קיט 5 חום,יח',1.00,יח',false,,29.90,29.9000,true,1,6714189
3600542245487,false,גרנייה - אוליה מיני קיט 6 חום בהיר,לוריאל,PL,אוליה מיני קיט 6 חום,יח',1.00,יח',false,,29.90,29.9000,true,1,6714190
3600542245500,false,גרנייה - אוליה מיני קיט 6.3 חום זהוב בהיר,לוריאל,PL,אוליה מיני קיט 6.3 ח,יח',1.00,יח',false,,29.90,29.9000,true,1,6714163
3600542310444,false,"גרנייה - דאודורנט ספריי לאישה מגנזיום 150 מ""ל",לוריאל,PL,גרנייה דאו ספריי מגנ,יח',1.00,יח',false,,7.90,7.9000,true,1,6740689
3600542365710,false,גרנייה - פיור ג'ל ניקוי,General,,גרנייה פיור ג'ל ניקו,יח',1.00,יח',false,,29.90,29.9000,true,1,6740690
3600542365796,false,גרניה בוטניקל גל ניקוי ענבים 200 מל,לוריאל,PL,גרנייה ג'ל ניקוי ענב,מיליליטרים,200.00,"100 מ""ל",false,,19.90,0.0995,true,1,6742252
3600542366151,false,גרנייה - קרם לחות בוטניקלס ורדים,לוריאל,DE,קרם לחות ורדים גרניי,מיליליטרים,200.00,"100 מ""ל",false,,29.90,0.1495,true,1,6757529
3600542367936,false,גרניה סקין נט מי פנים אלוורה 200 מל,לוריאל,DE,גרנייה אלו מי פנים א,יח',1.00,יח',false,,24.90,24.9000,true,1,6768806
3600542375801,false,גרניה פיור אקטיב 3ב1 פחם 150 מל,לוריאל,FR,גרנייה פיור אקטיב 3,מיליליטרים,150.00,"100 מ""ל",false,,29.90,0.1993,true,1,6764785
3600542385091,false,"גרנייה - דאודורנט רול און לאישה אקשן קונטרול 72 שעות 50 מ""ל",קוסמופול,PL,גרנייה דאו. רול אקשן,יח',1.00,יח',false,,11.90,11.9000,true,1,6757585
3600542385220,false,"גרנייה - דאודורנט רול און לאישה פרוטקשן 6 פלורל (סגול) 50 מ""ל",גרנייה Garnier,FR,גרנייה דאו. רול פרוט,יח',1.00,יח',false,,11.90,11.9000,true,1,6757565
3600542385251,false,"גרנייה - דאודורנט רול און לאישה פרוטקשן 6 כותנה (ורוד) 50 מ""ל",גרנייה Garnier,FR,גרנייה דאו. רול פרוט,יח',1.00,יח',false,,11.90,11.9000,true,1,6757566
3600542385268,false,"גרנייה - דאודורנט רול און לאישה אינביזיבל BWC (ורוד) 50 מ""ל",קוסמופול,PL,גרנייה דאו. רול אינב,יח',1.00,יח',false,,11.90,11.9000,true,1,6757567
3600542385275,false,"גרנייה - דאודורנט רול און לאישה פיור אקטיב 50 מ""ל",גרנייה Garnier,FR,גרנייה דאו. רול און,יח',1.00,יח',false,,11.90,11.9000,true,1,6757586
3600542397926,false,"גרנייה - דאודורנט ספריי לאישה פרוטקשן 6 כותנה (ורוד) 150 מ""ל",סופרוקוס,FR,דאו ספריי פרוטקשן6 כ,מיליליטרים,150.00,"100 מ""ל",false,,11.90,0.0793,true,1,6774487
3600542398206,false,גרניה סקין נט תרחיץ אלוורה 200 מל,לוריאל,DE,גרנייה אלו ג'ל ניקוי,יח',1.00,יח',false,,21.90,21.9000,true,1,6768807
3600542421638,false,"גרנייה - פרוקטיס היירפוד שמפו מקדמיה 350 מ""ל",אינטרביוטי קוסמטיק ב,IL,גרנייה פרוקטיס היפור,יח',1.00,יח',false,,14.90,14.9000,true,1,6789384
3600542421645,false,"גרנייה - פרוקטיס היירפוד מרכך מקדמיה 350 מ""ל",אינטרביוטי קוסמטיק ב,IL,גרנייה פרוקטיס היפור,יח',1.00,יח',false,,14.90,14.9000,true,1,6789385
3600542421669,false,"גרנייה - פרוקטיס היירפוד מרכך פפאיה 350 מ""ל",אינטרביוטי קוסמטיק ב,IL,גרנייה פרוקטיס היפור,יח',1.00,יח',false,,14.90,14.9000,true,1,6789386
3600542421683,false,"גרנייה - פרוקטיס היירפוד שמפו בננה 350 מ""ל",לוריאל,IL,גרנייה פרוקטיס היפור,יח',1.00,יח',false,,14.90,14.9000,true,1,6789388
3600542421706,false,"גרנייה - פרוקטיס היירפוד שמפו פפאיה 350 מ""ל",אינטרביוטי קוסמטיק ב,IL,גרנייה פרוקטיס היפור,יח',1.00,יח',false,,14.90,14.9000,true,1,6789389
3600542431828,false,גרנייה - קולור נטורלס 1 שחור טבעי חדש,גרנייה Garnier,PL,קולור נטורלס גוון 1,יח',1.00,יח',false,,19.90,19.9000,true,1,6833636
3600542431842,false,גרנייה - קולור נטורלס 4 חום כהה טבעי חדש,גרנייה Garnier,PL,קולור נטורלס גוון 4,יח',1.00,יח',false,,19.90,19.9000,true,1,6833638
3600542431859,false,גרנייה - קולור נטורלס 5 חום טבעי חדש,גרנייה Garnier,PL,קולור נטורלס גוון 5,יח',1.00,יח',false,,19.90,19.9000,true,1,6833639
3600542431866,false,גרנייה קולור נטורלס צבע לשיער חום בהיר 6,גרנייה Garnier,PL,לוריאל קולור נטורלס,מיליליטרים,50.00,"100 מ""ל",false,,19.90,0.3980,true,1,6833640
3600542431880,false,גרנייה - קולור נטורלס 8 בלונד בהיר חדש,גרנייה Garnier,PL,קולור נטורלס 8 בלונד,גרמים,112.00,100 גרם,false,,19.90,0.1777,true,1,6833674
3600542431958,false,גרנייה - קולור נטורלס 7.3 בלונד זהוב חדש,קוסמופול,PL,קולור נטורלס גוון 7.,יח',1.00,יח',false,,19.90,19.9000,true,1,6833643
3600542431972,false,צבע לשיער קולור נטורלס - 111 בלונד אולטרה בהיר אפור,גרנייה Garnier,PL,קולור נטורלס בלונד א,גרמים,112.00,100 גרם,false,,19.90,0.1777,true,1,6833681
3600542431989,false,גרנייה - קולור נטורלס 6.34 חום שוקולד חדש,גרנייה Garnier,PL,קולור נטורלס גוון 6.,יח',1.00,יח',false,,19.90,19.9000,true,1,6833644
3600542431996,false,גרנייה - קולור נטורלס 5.15 חום שוקולד עשיר חדש,קוסמופול,PL,קולור נטורלס גוון 5.,יח',1.00,יח',false,,19.90,19.9000,true,1,6833682
3600542432054,false,גרנייה - קולור נטורלס 9.1 בלונד בהיר מאוד א חדש,קוסמופול,PL,קולור נטורלס 9.1 בלו,גרמים,112.00,100 גרם,false,,19.90,0.1777,true,1,6833685
3600542432092,false,גרנייה - קולור נטורלס 5.12 חום שלג חדש,קוסמופול,PL,קולור נטורלס גוון 5.,יח',1.00,יח',false,,19.90,19.9000,true,1,6833650
3600542433266,false,גרנייה - סרום לפנים ויטמין C סקין אקטיב,לוריאל,DE,גרנייה סרום ויטמין C,יח',1.00,יח',false,,49.90,49.9000,true,1,6859825
3600542456579,false,גרניה מיסלר ויטמין סי 400 מל,לוריאל,DE,גרנייה מיסלר ויטמין,יח',1.00,יח',false,,29.90,29.9000,true,1,6854861
3600542456586,false,גרניה מי מיסלר עם מי ורדים 400 מל,לוריאל,PL,גרנייה מיסלר ורדים,מיליליטרים,400.00,"100 מ""ל",false,,29.90,0.0747,true,1,6913738
3600542456593,false,גרנייה פיור אקטיב מי פנים 200 מל,General,,גרנייה פיור אקטיב מי,מטרים,200.00,100 מ'ל,false,,27.90,0.1395,true,1,6871016
3607340717635,false,אדידס גל רחצה לגבר אייס דייב 400 מל,קוטי ס.פ,ES,אדידס אייס דייב ג'ל,מיליליטרים,400.00,"100 מ""ל",false,,9.90,0.0248,true,1,4341564
3607343817547,false,"אדידס - דאודורנט ספריי לגבר קליימקול 150 מ""ל",קולפ,PT,דאו' אדידס ספריי לגב,מיליליטרים,150.00,"100 מ""ל",false,,12.90,0.0860,true,1,6726642
3607345264912,false,"אדידס בודי ספריי לגבר אייס דייב, ללא אלומיניום, 150 מל",אגריפק אס איי לגרדה,ES,פיוז'ן-ספריי גוף אייס דיי,מיליליטרים,150.00,"100 מ""ל",false,,14.90,0.0993,true,1,1046981
3607346736289,false,אדידס תיק רחצה נייבי,,,אדידס תיק רחצה נייבי,יח',1.00,יח',false,,9.90,9.9000,true,1,6805332
3607347320449,false,"אדידס - ג'ל רחצה ספורט אנרג'י 400 מ""ל",קוטי ס.פ,ES,אדידס ספורט אנרג'י ג,מיליליטרים,400.00,"100 מ""ל",false,,9.90,0.0248,true,1,4341565
3608580075646,false,קונפיטורה בטעם שזיפים 370 גר BONNE MAMAN,בון מאמא,FR,קינפיטורה שזיפים 370,גרמים,370.00,100 גרם,false,,19.70,0.0532,true,1,6787812
3608580730248,false,קונפיטורה דובדובן 370 ג' בוני מאמן,בון ממן,FR,קונפיטורות בן ממן 37,גרמים,370.00,100 גרם,false,,19.70,0.0532,true,1,1236827
3608580730255,false,קונפיטורה בטעם משמש 370 גר BONNE MAMAN,בון ממן,FR,קונפיטורות בן ממן 37,גרמים,370.00,100 גרם,false,,19.70,0.0532,true,1,1236828
3608580730279,false,מרמלדת תפוזים 370 גר BONNE MAMAN,,,בון מן מרמלדת תפוזים,גרמים,370.00,100 גרם,false,,19.70,0.0532,true,1,6745166
3614221653715,false,"אדידס קליימקול ג'ל רחצה, 400 מ""ל",קוטי ס.פ,ES,אדידס קליימקול ג'ל ר,מיליליטרים,400.00,"100 מ""ל",false,,9.90,0.0248,true,1,4341566
3614224051235,false,אדידס דאודורנט ספריי גברים אדיפוואר 200מל,אדידס Adidas,PT,דאו' אדידס ספריי לגב,מיליליטרים,200.00,"100 מ""ל",false,,14.90,0.0745,true,1,5892391
3616303057916,false,"אדידס 8 בודי ספריי 150מ""ל",,,אדידס 8 בודי ספריי 1,מיליליטרים,150.00,"100 מ""ל",false,,14.90,0.0993,true,1,6918446
3616303057978,false,"אדידס 8 דאו ספריי לגבר150מ""ל",,,אדידס 8 דאו ספריי לג,מיליליטרים,150.00,"100 מ""ל",false,,12.90,0.0860,true,1,6918447
3616303303037,false,"אדידס 8 ג'ל רחצה 400מ""ל",,,אדידס 8 ג'ל רחצה 400,מיליליטרים,400.00,"100 מ""ל",false,,14.90,0.0373,true,1,6918448
3661163970448,false,"אדידס דאודורנט ספריי מקס פרש לגברים 200 מ""ל",מיוצר עי קונדיטוריית,PT,דאו' ספריי לגבר A3קול דרי,מיליליטרים,200.00,"100 מ""ל",false,,14.90,0.0745,true,1,1047004
3661163990545,false,"אדידס דאודורנט ספריי לגברים אקשיין 200 מ""ל",מיוצר עי קונדיטוריית,PT,דאו' ספריי לגבר קליי,מיליליטרים,200.00,"100 מ""ל",false,,14.90,0.0745,true,1,1047006
3661163991146,false,"אדידס - דאודורנט ספריי לאישה קול אנד קר פרש 150 מ""ל",מיוצר עי קונדיטוריית,PT,דאו' ספריי אשה קול אנד קר,מיליליטרים,150.00,"100 מ""ל",false,,14.90,0.0993,true,1,1047008
3661163991580,false,"אדידס - דאודורנט ספריי לאישה קול אנד קר 6 ב-1 150 מ""ל",מיוצר עי קונדיטוריית,PT,דאו' ספריי אישה קול אנד ק,מיליליטרים,150.00,"100 מ""ל",false,,14.90,0.0993,true,1,1047010
3665468301723,false,אירוויק באז מבשם ומנטרל ריחות בניחוח לילות לבנים 237 מ'ל,רקיט בנקיזר,PL,איירוויק נטול גז 237,מטרים,237.00,100 מ'ל,false,,14.90,0.0629,true,1,6897934
3700604201175,false,אריסה טונסאית פיקנטי,מונה פוד,,פלפל צ'ומה 190 גר,גרמים,190.00,100 גרם,false,,9.90,0.0521,true,1,6817474
3760030144583,false,סורמי מקלות 250 ג,,,סורמי מקלות 250 ג,גרמים,250.00,100 גרם,false,,21.90,0.0876,true,1,2329256
3760125946719,false,רוזה כשר אור דה לה קסטינל,ג'נרל מילס סאן אדריא,FR,רוזה כשר אור דה לה ק,מיליליטרים,750.00,"100 מ""ל",false,,59.90,0.0799,true,1,6761312
3838824127163,false,צבע לשיער פאלטה בלונד כסוף 1-10,שוורצקופף והנקל,DE,"צבעי שיער ""פלטה""",יח',1.00,יח',false,,19.90,19.9000,true,1,1016430
3838824127200,false,פלטה סמי קיט 5-68 ערמונים בינוני,שוורצקופף והנקל,DE,"צבעי שיער ""פלטה""",יח',1.00,יח',false,,19.90,19.9000,true,1,1016431
3838824127224,false,פלטה סמי קיט חום בינוני 4-0 צבע שיער,שוורצקופף והנקל,DE,"צבעי שיער ""פלטה""",יח',1.00,יח',false,,19.90,19.9000,true,1,1016432
3838824127262,false,פלטה סמי קיט בלונד כהה 6-0 צבע שיער,שוורצקופף והנקל,DE,"צבעי שיער ""פלטה""",יח',1.00,יח',false,,19.90,19.9000,true,1,1016434
3838824127286,false,צבע לשיער פלטה - 7-0 בלונד בינוני,שוורצקופף והנקל,DE,"צבעי שיער ""פלטה""",יח',1.00,יח',false,,19.90,19.9000,true,1,1016435
3838824127309,false,פלטה סמי קיט בלונד בהיר 8-0 צבע שיער,שוורצקופף והנקל,DE,"צבעי שיער ""פלטה""",יח',1.00,יח',false,,19.90,19.9000,true,1,1016436
3838824127644,false,צבע לשיער פלטה - 4-89 חציל זוהר,שוורצקופף והנקל,DE,"צבעי שיער ""פלטה""",יח',1.00,יח',false,,19.90,19.9000,true,1,1016443
3838824193915,false,צבע לשיער פאלטה סמי קיט שחור 0-1,שוורצקופף והנקל,DE,צבע שיער פאלטה סמי ק,יח',1.00,יח',false,,19.90,19.9000,true,1,1016459
3838824240275,false,פלטה סמי קיט 8-0 בלונד בהיר,שוורצקופף והנקל,DE,"צבעי שיער ""פלטה""",יח',1.00,יח',false,,19.90,19.9000,true,1,1069372
3838824371191,false,גליס מרכך ספריי לאיזון והזנת הקרקרפת 200,הנקל סוד,TR,גליס ספריי להזנת הקר,מיליליטרים,200.00,"100 מ""ל",false,,24.90,0.1245,true,1,6771801
3838824380902,false,צבעי שיער בלונד סופר בהיר 10-0 סמי קיט פאלטה,שוורצקופף והנקל,DE,פלאטה סמי קיט 10-0 ב,מטרים,110.00,100 מ'ל,false,,19.90,0.1809,true,1,6793704
3838824380940,false,צבעי שיער בלונד בהיר אפרפר 8-1 סמי קיט פאלט,שוורצקופף והנקל,DE,פלאטה סמי קיט 8-1 בל,מטרים,110.00,100 מ'ל,false,,19.90,0.1809,true,1,6793705
3838824380988,false,צבעי שיער בלונד כסוף אפרפר 12-21 סמי קיט פאלטה,שוורצקופף והנקל,DE,פלאטה סמי קיט 12-21,מטרים,110.00,100 מ'ל,false,,19.90,0.1809,true,1,6793706
4000415004408,false,שוגטן שוקולד קקאו מריר אגוזים 100 גר,לודוויג שוקולד,DE,שוגטן שוקולד קקאו מר,גרמים,100.00,100 גרם,false,,5.50,0.0550,true,1,6850164
4000415039707,false,שוגטן בלאק אנד וויט 100 גר,לודוויג שוקולד,DE,שוגטן בלאק אנד וויט,גרמים,100.00,100 גרם,false,,5.50,0.0550,true,1,6862084
4000415730109,false,שוגטן שוקולד מריר אגוזים 100 גר,לודוויג שוקולד,DE,שוגטן שוקולד מריר אג,גרמים,100.00,100 גרם,false,,5.50,0.0550,true,1,6850166
4000415749606,false,שוקולד שוגטן יום הול,לודוויג שוקולד,DE,שוגטן יום הולדת 100,גרמים,100.00,100 גרם,false,,5.50,0.0550,true,1,6862087
4000417019004,false,שוקולד חלב אגוזי לוז שלמים ריטר ספורט 100 גרם,ריטר ספורט Ritter sport,DE,שוקולד חלב אגוזי לוז,גרמים,100.00,100 גרם,false,,9.90,0.0990,true,1,1028818
4000417023001,false,ריטר ספורט שוקולד חלב מעולה עם שקדים שלמים,ריטר ספורט Ritter sport,DE,שוקולד שקדים שלמים ר,גרמים,100.00,100 גרם,false,,9.90,0.0990,true,1,1028820
4000417025005,false,שוקולד מריר במילוי מרציפן ריטר ספורט 100 גרם,ריטר ספורט Ritter sport,DE,שוקולד מריר במילוי מ,גרמים,100.00,100 גרם,false,,7.90,0.0790,true,1,1028821
4000417026002,false,שוקולד ריטר ספורט פרלין 100 גרם חלב נוכרי,ריטר ספורט Ritter sport,DE,שוקולד ריטר ספורט פר,גרמים,100.00,100 גרם,false,,7.90,0.0790,true,1,1028822
4000417101211,false,גלילי וופל עם קרם אגוזי לוז בציפוי שוקולד חלב,אמיצ'לי Amicelli,AT,גלילי וופל בציפוי שו,גרמים,150.00,100 גרם,false,,17.70,0.1180,true,1,6817556
4000417101310,false,אימצ'לי-גלילי וופל עם קרם קקאו 150 גרם,Unknown,,אמיצ'לי קרם קקאו 150,גרמים,150.00,100 גרם,false,,17.70,0.1180,true,1,6920950
4000417211002,false,שוקולד חלב מעולה ממולא קרם קרמל מוקצף ושברי שקדים מומלחים,ריטר ספורט Ritter sport,DE,שוקולד ריטר מוס קרמל,גרמים,100.00,100 גרם,false,,7.90,0.0790,true,1,2090939
4000417212009,false,ריטר ספורט שוקולד מריר מעולה עם שקדים קצוצים וקליפות תפוז מסוכרות,ריטר ספורט Ritter sport,DE,שוקולד ריטר מריר תפו,גרמים,100.00,100 גרם,false,,7.90,0.0790,true,1,5710099
4000417222008,false,שוקולד ריטר ספורט חלב+שברי אגוזים 100 גרם חלב נוכרי,ריטר ספורט Ritter sport,DE,ריטר ספורט חלב ושברי,גרמים,100.00,100 גרם,false,,7.90,0.0790,true,1,1692397
4000417224002,false,"ריטר ספורט טבלת שוקולד מריר אגוזים, 100 גרם",ריטר ספורט Ritter sport,DE,שוקולד ריטר ספורט מר,גרמים,100.00,100 גרם,false,,9.90,0.0990,true,1,1028824
4000417294005,false,שוקולד ריטר מוס קקאו 100 גרם חלב נוכרי,ריטר ספורט Ritter sport,DE,שוקולד ריטר ספורט 10,גרמים,100.00,100 גרם,false,,7.90,0.0790,true,1,1028831
4000417626417,false,שוקולד חלב חמוציות ממותקות ושברי אגוזי לוז,ריטר,,שוקולד חלב חמוציות מ,גרמים,100.00,100 גרם,false,,7.90,0.0790,true,1,6905348
4000417707000,false,שוקולד חלב מעולה עם שברי קשיו קלוי ומומלח,ריטר ספורט Ritter sport,DE,ריטר ספורט קשיו,יח',1.00,יח',false,,9.90,9.9000,true,1,6771845
4000417708007,false,"שוקולד ריטר ספורט מריר שקד, 100 גרם",ריטר ספורט Ritter sport,DE,ריטר ספורט מריר שקד,יח',1.00,יח',false,,9.90,9.9000,true,1,6771846
4000522061752,false,בייגלה צ'יו מקלות מלוחים 100 גרם,צ'יו Chio,HU,בייגלה צ'יו מקלות,גרמים,100.00,100 גרם,false,,3.90,0.0390,true,1,1096428
4000539280726,false,שוקולד לינדט אקסלנס מילד 70% 100 גר,לינדט ושפרונגלי,DE,לינדט אקסלנס 70% 100,גרמים,100.00,100 גרם,false,,14.90,0.1490,true,1,6883307
4000539280740,false,לינדט אקסלנס 78% מוצקי קקאו 100 גרם,לינדט,FR,לינדט אקסלנס 78% מוצ,גרמים,100.00,100 גרם,false,,14.90,0.1490,true,1,6889071
4000607850004,false,שוגטן שוקולד חלב 100 גר,לודוויג שוקולד,,שוגטן שוקולד חלב 100,גרמים,100.00,100 גרם,false,,5.50,0.0550,true,1,6850169
4000607851001,false,שוגטן שוקולד אגוזים 100 גרם,לודוויג שוקולד,DE,שוגטן שוקולד אגוזים,גרמים,100.00,100 גרם,false,,5.50,0.0550,true,1,6850194
4000607852008,false,שוגטן שוקולד מריר 100ג,לודוויג שוקולד,DE,שוגטן שוקולד מריר 10,גרמים,100.00,100 גרם,false,,5.50,0.0550,true,1,6850195
4000607854705,false,שוגטן שוקולד תות 100גר,לודוויג שוקולד,DE,שוגטן שוקולד תות 100,גרמים,100.00,100 גרם,false,,5.50,0.0550,true,1,6850170
4000799136894,false,קפה נמס אורגני מ.בהקפה 100 גר מאנט האגן,מאונט האגן,DE,קפה נמס אורגני מיובש,גרמים,100.00,100 גרם,false,,31.90,0.3190,true,1,3943106
4001432773230,false,יין בלו נאן בלו וויי,יקב רמת הגולן,DE,בלו ווין מוסקטו 1לי,100 קילו,1000.00,100 קילו,false,,49.90,0.0499,true,1,6650981
4001518106112,false,טורינוס מקלות פריכים עם רוזמרין 125 גרם,גריסון,DE,מקלות פריכים עם רוזמ,גרמים,125.00,100 גרם,false,,14.70,0.1176,true,1,6772095
4002103289449,false,בירה ארדינגר ללא אלכוהול 330 מל,ארדינגר,DE,בירה ארדינגר ללא אלכ,יח',1.00,יח',false,,6.90,6.9000,true,1,6123261
4002448019480,false,"סיליט באנג מסיר שומנים רב שימושי 750 מ""ל",סיליט באנג Cillit Bang,PL,"CILLT,IL,DEGR 12X750 VETT",מיליליטרים,750.00,"100 מ""ל",false,,12.50,0.0167,true,1,1036838
4002575016253,false,מרציפן מצופה שוקולד זנטיס 100 גרם,הדקלאים אגודת שיתופי,DE,מרציפן מצופה שוקולד,גרמים,100.00,100 גרם,false,,8.70,0.0870,true,1,1028834
4002590000022,false,סוכריות קלפני פירות יער אוכמניות 150 ג',ליימן מותגים,DE,סוכריות בטעם פירות י,גרמים,150.00,100 גרם,false,,8.90,0.0593,true,1,1028838
4002590000039,false,סוכריות בטעם פירות הדר קלפני 150 גרם,ליימן מותגים,,סוכריות בטעם פירות ה,גרמים,150.00,100 גרם,false,,8.90,0.0593,true,1,1028839
4002590703541,false,קלפני סוכריות קשות בטעם תות,ליימן מותגים,DE,סוכריות קלפני 150 ג,גרמים,150.00,100 גרם,false,,8.90,0.0593,true,1,1170693
4002720005736,false,מליטה קפה לפילטר פרימיום 250 גרם,המאפיה של הרמן,DE,מליטה קפה PREMIUMלפילטר 2,גרמים,250.00,100 גרם,false,,15.90,0.0636,true,1,1047016
4004666042004,false,משמיד עובש עם מרסס מלרוד Mellerud,יעקובי,DE,משמיד עובש מלרוד 500,מיליליטרים,500.00,"100 מ""ל",false,,29.90,0.0598,true,1,1026456
4004666111656,false,"ג'ל פעיל להשמדת עובש 250 מ""ל מרלוד",מלרוד,DE,מלרוד ג'ל פעיל לעובש,מטרים,250.00,100 מ'ל,false,,28.90,0.1156,true,1,6844505
4004715020755,false,קישוטי עוגה פרינס אנד פרינסס 75 ג',היינץ צפון אמריקה מק,DE,קישוטי עוגה,גרמים,100.00,100 גרם,false,,12.50,0.1250,true,1,1028849
4005808366392,false,שפתון ליובש כחול קלאסי לבלו 48 גרם,טרופיקל דגיל תעשיות,DE,שפתון ליובש כחול קלא,גרמים,48.00,100 גרם,false,,9.90,0.2063,true,1,2221178
4005808406029,false,"ניוואה - תחליב רחצה סופט 750 מ""ל",ביירסדורף,DE,קרם רחצה סופט ניוואה,מיליליטרים,750.00,"100 מ""ל",false,,12.90,0.0172,true,1,5589420
4005808502004,false,לבלו שפתון סופט ורוד בליסטר 5.5מל,ביירסדורף,DE,שפתון ליובש ורוד ורד,גרמים,100.00,100 גרם,false,,9.90,0.0990,true,1,1025726
4005808515554,false,ניוואה סופט קרם רב שימושי מרקם עדין 300מ,ניואה,,ניוואה סופט קרם רב ש,מטרים,300.00,100 מ'ל,false,,34.90,0.1163,true,1,6876268
4005808670611,false,"קרם לחות פנים לעור עדין-יבש ניוואה 50 מ""ל",ביירסדורף,,קרם לחות פנים לעור ע,100 מל,50.00,100 מל,false,,39.90,0.7980,true,1,1056740
4005808698103,false,ניוואה תחליב גוף סמוד לעור יבש 500 מל,בטר אנד דיפרנט,DE,ניוואה תחליב גוף סמו,מיליליטרים,500.00,"100 מ""ל",false,,19.90,0.0398,true,1,6783866
4005808702107,false,ניוואה תחליב גוף לעור יבש מאד 500 מל,בטר אנד דיפרנט,DE,ניוואה תחליב גוף משא,מיליליטרים,500.00,"100 מ""ל",false,,19.90,0.0398,true,1,6783867
4005808811700,false,"ניוואה ג'ל לניקוי מאזן לעור, 150 מ""ל",ניואה,,ניוואה גל ניקוי מאזן,מיליליטרים,150.00,"100 מ""ל",false,,27.90,0.1860,true,1,1937304
4005808828838,false,"ניוואה - דאודורנט ספריי לגבר קול קיק 150 מ""ל",ניוואה Nivea,DE,דאודורנט ספריי אקווה,מיליליטרים,150.00,"100 מ""ל",false,,14.90,0.0993,true,1,1025744
4005808837359,false,"ניוואה - דאודורנט רול און לאישה פרל אנד ביוטי 50 מ""ל",ביירסדורף AG,DE,דאודורנט רול און ניו,מיליליטרים,50.00,"מ""ל",false,,12.90,0.2580,true,1,1025749
4005808890576,false,"קרם ידיים סופט ניוואה 75 מ""ל",ניוואה Nivea,DE,קרם ידיים סופט ניווא,מטרים,75.00,100 מ'ל,false,,12.90,0.1720,true,1,1025756
4005900036445,false,"ניוואה - דאודורנט רול און לאישה בלק&וויט פיור 50 מ""ל",ביירסדורף,DE,ניוואה דאו אינויסיבל,100 מל,50.00,100 מל,false,,12.90,0.2580,true,1,1104834
4005900036476,false,"ניוואה - דאודורנט רול און לאישה בלק אנד וויט קליר 50 מ""ל",טרופיקל דגיל תעשיות,DE,דאודורט רולאון ניווא,גרמים,40.00,100 גרם,false,,12.90,0.3225,true,1,1025765
4005900036483,false,"ניוואה - דאודורנט ספריי לגבר שקוף בלק וווי 150 מ""ל",בטר אנד דיפרנט,DE,דאודורנט ניוואה ספרי,מיליליטרים,150.00,"100 מ""ל",false,,14.90,0.0993,true,1,1025766
4005900036506,false,"ניוואה - דאודורנט רול און לגבר שקוף בלק 50 מ""ל",טרופיקל דגיל תעשיות,DE,דאודורנט רולאון ניוו,100 מל,40.00,100 מל,false,,12.90,0.3225,true,1,1025767
4005900037909,false,"ניוואה - דאודורנט ספריי לאישה אינויזיבל פיור 150 מ""ל",ניוואה,DE,ניוואה דאודורנט אינו,מיליליטרים,150.00,"100 מ""ל",false,,14.90,0.0993,true,1,1104835
4005900092427,false,"ניוואה קרם לילה אנטי אייג' 35+ 50 מ""ל",ניואה,,קרם לילה אנטי אייג',מיליליטרים,50.00,"מ""ל",false,,39.90,0.7980,true,1,6125762
4005900513069,false,"ניוואה - דאודורנט רול און לגבר דיפ 50 מ""ל",ביירסדורף,DE,דאודורנט רול און לגב,מטרים,50.00,100 מ'ל,false,,12.90,0.2580,true,1,5277745
4005900555915,false,"ניוואה - תחליב רחצה קוקוס וחוחובה 750 מ""ל",ביירסדורף AG,DE,ניוואה תחליב רחצה קו,מיליליטרים,750.00,"100 מ""ל",false,,12.90,0.0172,true,1,6761286
4005900639554,false,"ניוואה - דאודורנט רול און לאישה פרש נטורל לאישה ללא אלומיניום 50 מ""ל",ביירסדורף AG,DE,ניוואה דאודורנט רול-,מטרים,50.00,100 מ'ל,false,,12.90,0.2580,true,1,6863153
4005900730299,false,"ניוואה דאו רול און לאשה בלק אנד וויט אימפקט 50 מ""ל",ביירסדורף,DE,ניוואה רולאון לאישה,מטרים,50.00,100 מ'ל,false,,12.90,0.2580,true,1,6893966
4005900730336,false,"ניוואה דאו רול און לגבר בלק אנד וויט אימפקט 50 מ""ל",ביירסדורף,DE,ניוואה רולאון לגבר ב,מטרים,50.00,100 מ'ל,false,,12.90,0.2580,true,1,6893968
4005900816016,false,"ניוואה - דאודורנט ספריי לאישה פרש טבעי לאישה 150 מ""ל",טרופיקל דגיל תעשיות,DE,דאודורנט ספריי פרש ל,מיליליטרים,150.00,"100 מ""ל",false,,14.90,0.0993,true,1,1025773
4005900823489,false,ניוואה היידרה סקין אפקט קרם לחות במרקם ג'ל ללילה,ניואה,PL,היידרה סקין אפקט מרק,יח',1.00,יח',false,,59.90,59.9000,true,1,6799674
4005900826749,false,ניוואה היידרה סקין אפקט קרם לחות במרקם ג'ל ליום,אלפא,PL,היידרה סקין אפקט מרק,יח',1.00,יח',false,,59.90,59.9000,true,1,6799676
4005900828088,false,"ניוואה - דאודורנט רול און לגבר פרש 50 מ""ל",טרופיקל דגיל תעשיות,DE,דאודורנט רול און לגב,100 מל,50.00,100 מל,false,,12.90,0.2580,true,1,1025782
4005900833723,false,"ניוואה - פאוור פרש ג'ל רחצה לגבר 500 מ""ל",ניואה,,ג'ל רחצה ניוואה לגבר,מיליליטרים,500.00,"100 מ""ל",false,,14.90,0.0298,true,1,6802299
4005900841148,false,"ניוואה מן ג'ל גילוח קול קיק פרש 200 מ""ל",ניואה,DE,ג'ל גילוח קול קיק פר,מטרים,200.00,100 מ'ל,false,,14.90,0.0745,true,1,6799515
4005900845733,false,"דאודורנט ספריי קול קיק פרש לגבר ניוואה מן 150 מ""ל",ביירסדורף,DE,דאו ספריי לגבר קול ק,מטרים,150.00,100 מ'ל,false,,14.90,0.0993,true,1,6797616
4005900874931,false,"דאודורנט ספריי דיפ ביט לגבר 150 מ""ל ניוויה",ביירסדורף,DE,ניוואה מן ספריי דיפ,מטרים,150.00,100 מ'ל,false,,14.90,0.0993,true,1,6866054
4005900978967,false,לבלו - וניל שפתון לחות מטפח מהדורת נסיכות דיסני,ביירסדורף,DE,לבלו וניל שפתון לחות,גרמים,5.00,100 גרם,false,,9.90,1.9800,true,1,6915486
4006387085407,false,שלישיית פילטר מקסטרא סודהסטרים,בריטה Brita,,שלישיית פילטר,100 יח',1.00,100 יח',false,,98.90,98.9000,true,1,4777695
4006387098667,false,קנקן בריטה סטייל סטרטרפק,בריטה,,קנקן בריטה סטייל סטר,100 יח',4.00,100 יח',false,,149.00,37.2500,true,1,4777696
4007745058828,false,חרדל צרפתי גרגרים אורגני 200 גרם,נטורפוד,,חרדל גרגרים אורגני 1,גרמים,145.00,100 גרם,false,,13.70,0.0945,true,1,6234598
4008102002867,false,גרגירים להכנת תה לימון מילפורד 400 גרם,ליימן מותגים,DE,גרגירים להכנת תה לימ,גרמים,400.00,100 גרם,false,,14.40,0.0360,true,1,1028850
4008287051032,false,בירה קרומבאכר פילס 0.50 ליטר פחית,מנדלז סי.אר. פרודקשן,DE,קרומבאכר פחית בקבוק,מיליליטרים,500.00,"100 מ""ל",false,,9.90,0.0198,true,1,6775176
4008287058161,false,בירה קרומבאכר פילס 4.8% שישיה 6 * 330 מל,מנדלז סי.אר. פרודקשן,DE,קרומבכר בירה בהירה 6,ליטרים,1.80,ליטר,false,,36.90,20.5000,true,1,6775157
4008287762020,false,בירה קרומבאכר חיטה 0.50 ליטר בקבוק,קרומבכר בראורי,DE,קרומבאכר וואיזן בקבו,מיליליטרים,500.00,"100 מ""ל",false,,9.90,0.0198,true,1,6775158
4008287905786,false,בירה קרומבאכר חיטה 5.3% פחית 500 מל,מנדלז סי.אר. פרודקשן,DE,קרומבאכר פחית בקבוק,100 מל,500.00,100 מל,false,,9.90,0.0198,true,1,6775177
4008402101772,false,"קיווי אקספרס ספוג הברקה חום 6מ""ל",Jonson ג'ונסון,ID,קיווי אקספרס ספוג הברקה ח,100 מל,6.00,100 מל,false,,13.90,2.3167,true,1,1047029
4009300522935,false,תה ירוק לימונית ולואיזה פומפדור 20 יחידות,"איטיליאן פוד, אס.פי.",DE,תה ירוק לימונית ולוא,גרמים,30.00,100 גרם,false,,16.90,0.5633,true,1,1017719
4009300522966,false,תה ירוק עם נענע פומפדור 20 יחידות,"איטיליאן פוד, אס.פי.",DE,תה ירוק עם נענע פומפ,גרמים,36.00,100 גרם,false,,16.90,0.4694,true,1,1017720
4009300524588,false,תה פומפדור חליטת צמחים פירות יער 20 יח',פומפדור Pompadour,DE,חליטת פירות יער פומפ,גרמים,60.00,100 גרם,false,,11.90,0.1983,true,1,1017724
4009300524625,false,תה צ'אי מסאלה פומפדור 20 יחידות,פומפדור Pompadour,DE,תה צ'אי מסאלה פומפדו,גרמים,40.00,100 גרם,false,,11.90,0.2975,true,1,1017725
4009300525011,false,פומפידור תה ירוק עם תפוז וג'ינגר 25 שקיקים,"איטיליאן פוד, אס.פי.",DE,פומפדור תה ירוק תפוז,גרמים,35.00,100 גרם,false,,16.90,0.4829,true,1,1017727
4009300525684,false,תה חליטת פומפדור לימון וגינגיר 20 יח,פומפדור Pompadour,DE,חליטת ג'ינגר לימון פ,גרמים,35.00,100 גרם,false,,11.90,0.3400,true,1,1017730
4009300526438,false,פומפדור תה ירוק קלאסי 30 גרם,"איטיליאן פוד, אס.פי.",DE,פומפדור תה ירוק 20 י,20 יח',1.00,20 יח',false,,16.90,16.9000,true,1,1115426
4009300527909,false,חליטת צמחים ג'ינג'ר כורכום ללא קפאין,פומפדור Pompadour,DE,חליטת ג'ינגר כורכום,גרמים,30.00,100 גרם,false,,11.90,0.3967,true,1,4038341
4009300528821,false,תה ירוק ג'ינג'ר קינמון פומפדור 30 ג',פומפדור Pompadour,DE,פומפדור תה ירוק ג'ינ,יח',1.00,יח',false,,16.90,16.9000,true,1,6019196
4009300528845,false,"פומפדור תה ירוק עם לימונית דבש 30 מ""ל",פומפדור Pompadour,DE,פומפדור תה ירוק לימו,יח',1.00,יח',false,,16.90,16.9000,true,1,6019197
4009300529514,false,תה חליטת פומפדור פירות אוכמניות 20 יח,TEEKANNE- POMPADOU,DE,חליטת פירות אוכמניות,גרמים,45.00,100 גרם,false,,14.90,0.3311,true,1,6865463
4009300529538,false,תה חליטת פומפדור פירות לימון 20 יח,TEEKANNE- POMPADOU,DE,פומפדור חליטת פירות,גרמים,50.00,100 גרם,false,,14.90,0.2980,true,1,6865464
4009300529576,false,תה חליטת פומפדור פירות רימונים 20 יח,TEEKANNE- POMPADOU,DE,פומפדור חליטה פירות,גרמים,45.00,100 גרם,false,,11.90,0.2644,true,1,6804929
4009300529651,false,"חליטת צמחים אורגניצת עם ג'ינג'ר, לימון וכורכום",פומפדור Pompadour,DE,תה פומפדור ג'ינג'ר ל,יח',1.00,יח',false,,17.90,17.9000,true,1,6771046
4009300530107,false,חליטה קרה בטעמי תות שדה ותפוז פומפדור 45 ג',,,פומפדור חליטה קרה בט,גרמים,45.00,100 גרם,false,,13.90,0.3089,true,1,6782938
4009300530121,false,חליטה קרה בטעמי אפרסק ופסיפלורה פומפדור 45 ג',פומפדור,DE,פומפדור חליטה קרה בט,גרמים,45.00,100 גרם,false,,13.90,0.3089,true,1,6782939
4009300530145,false,חליטה קרה בטעמי מוחיטו ופירות יער פומפדור 45 ג',,,פומפדור חליטה קרה בט,גרמים,45.00,100 גרם,false,,13.90,0.3089,true,1,6782940
4009300530183,false,תה חליטת פומפדור תפוז ספרדי 20 יח,TEEKANNE- POMPADOU,DE,פומפדור-חליטת תפוז ס,גרמים,44.00,100 גרם,false,,11.90,0.2705,true,1,6919648
4009300530206,false,תה חליטת פומפדור תפוח טורקי 20 יח,TEEKANNE- POMPADOU,DE,פומפדור-חליטת תפוח ט,גרמים,50.00,100 גרם,false,,11.90,0.2380,true,1,6919649
4009300530275,false,תה חליטת פומפדור מנטה מרוקאית 20 יח,TEEKANNE- POMPADOU,DE,פומפדור-חליטת מנטה מ,גרמים,36.00,100 גרם,false,,11.90,0.3306,true,1,6919650
4009300595120,false,חליטת צמחים בטעם ג'ינג'ר מנגו פומפדור 45 ג',TEEKANNE- POMPADOU,DE,פומפדור חליטת צמחים,יח',1.00,יח',false,,11.90,11.9000,true,1,6725305
4009900013581,false,מסטיק אורביט ספרמינט סטיקס משפחתי-חמישיות,אורביט Orbit,DE,מארז חמישיית אורביט,גרמים,13.00,5 גרם,false,,9.90,0.7615,true,1,1012343
4009900379564,false,מסטיק הובה בובה Hubba Bubba טייפ בטעם פירות,מרס ריגלי קונפקשונרי,,הובה בובה עגול פירות,גרמים,56.00,100 גרם,false,,6.60,0.1179,true,1,1012364
4009900385824,false,מסטיק אורביט פפרמינט סטיקס משפחתי-חמישיות,אורביט Orbit,DE,מארז חמישיית אורביט,גרמים,13.00,5 גרם,false,,9.90,0.7615,true,1,1012371
4009900402965,false,אורביט וויט בטעם פירות בקבוקון 46מלבניות,ריגלי פולין,PL,מסטיק אורביט בקבוקון,גרמים,46.00,100 גרם,false,,9.40,0.2043,true,1,1012375
4009900403023,false,אורביט וויט בטעם מנטה בקבוקון 46 מלבניות,"ב.א מזון בע""מ",PL,מסטיק אורביט בקבוקון,גרמים,46.00,100 גרם,false,,9.40,0.2043,true,1,1012376
4009900406918,false,מסטיק הובה בובה טייפ טריפל מיקס 56ג',מרס ריגלי קונפקשונרי,,הובה בובה עגול טריפל,גרמים,56.00,100 גרם,false,,6.60,0.1179,true,1,1012378
4009900420129,false,מסטיק אורביט פרופשנל פפרמינט בקבוקון 64 גר',מרס נדרלנד,PL,מסטיק אורביט בקבוקון,גרמים,64.00,100 גרם,false,,9.40,0.1469,true,1,5665062
4009900426121,false,מסטיק אורביט איירוויז בקבוקון אוכמניות 64ג',איירוויבס Airwaves,PL,מסטיק איירוויבז בקבו,גרמים,64.00,גרם,false,,9.70,0.1516,true,1,2492597
4009900455299,false,"סוכרית ג'לי אדומה 174 גרם ""סקיטלס""",ריגלי ממתקים,CZ,סוכריות סקיטלס פירות,גרמים,174.00,100 גרם,false,,7.90,0.0454,true,1,1111313
4009900465304,false,סוכריות סקיטלס פירות חמוצים 174 גרם,ריגלי ממתקים,CZ,סוכריות סקיטלס חמוצי,גרמים,174.00,100 גרם,false,,7.90,0.0454,true,1,1111314
4009900479998,false,אורביט וויט אוכמניות בקבוקון 46 מלבניות,ריגלי פולין,PL,מסטיק אורביט בקבוקון,גרמים,1.40,100 גרם,false,,9.40,6.7143,true,1,1113007
4009900482417,false,מסטיק אורביט פירות מנטה בקבוקון באבל מינט 45יח,ריגלי פולין,PL,מסטיק אורביט בקבוקון,גרמים,46.00,100 גרם,false,,9.40,0.2043,true,1,1012419
4009900483803,false,מסטיק איירובס מנטה אקליפטוס בקבוקון 60יח',איירוויבס Airwaves,GB,אורביט בקבוקון 60יח,יח',1.00,יח',false,,12.90,12.9000,true,1,5857615
4009900484060,false,מסטיק אורביט פרופשיונל בטעם מנטה ללא סוכר,אורביט Orbit,GB,אורביט בקבוקון 60יח,יח',1.00,יח',false,,12.90,12.9000,true,1,1012421
4009900484091,false,מסטיק אורביט פרופשיונל בטעם מנטה ללא סוכר,אורביט Orbit,GB,אורביט בקבוקון 60יח,גרמים,84.00,גרם,false,,12.90,0.1536,true,1,1012422
4009900484305,false,מסטיק אורביט פרופשיונל סוויטמינט ביגי לבן 60יח',אורביט Orbit,GB,אורביט בקבוקון 60יח,יח',1.00,יח',false,,12.90,12.9000,true,1,1012423
4009900487283,false,אורביט ילדים קלאסי סט' משפחתי-חמישיות,אורביט Orbit,,מארז חמישיית אורביט,גרמים,13.00,5 גרם,false,,9.90,0.7615,true,1,1012424
4009900491044,false,מסטיק איירובס אוכמניות בקבוקון 60יח',איירוויבס Airwaves,GB,אירוויבז בקבוקון 60י,יח',1.00,יח',false,,12.90,12.9000,true,1,5857618
4009900496247,false,"מסטיק אורביט לל""ס מלבניות בקבוק בבלימנט 60 יח",אורביט Orbit,GB,אורביט בקבוק בטעם בב,יח',1.00,יח',false,,12.90,12.9000,true,1,3249609
4009900500166,false,סוכריות פירות אדום סקיטלס בקבוקון 125ג',ריגלי ממתקים,CZ,סקיטלס פירות בקבוקון,גרמים,125.00,100 גרם,false,,7.90,0.0632,true,1,2702125
4009900509770,false,אורביט באריזת בקבוק בטעם תות 60 יח',אורביט Orbit,GB,אורביט בקבוקון 60 יח,גרמים,84.00,100 גרם,false,,12.90,0.1536,true,1,1510118
4009900514996,false,מסטיק אורביט בקבוקון תות 64ג',חברת ריגלי בעמ,PL,מסטיק אורביט בקבוקון,גרמים,46.00,100 גרם,false,,9.40,0.2043,true,1,2314672
4009900521581,false,סוכריות אורביט מינטס מנטה בבקבוקון 77 גר,ריגלי פולין,PL,אורביט סוכריות מנטה,גרמים,77.00,גרם,false,,8.90,0.1156,true,1,3766220
4009900521611,false,סוכריות אורביט מינטס דובדבן מנטה בבקבוקון,מרס נדרלנד,PL,אורביט סוכריות דובדב,גרמים,77.00,גרם,false,,8.90,0.1156,true,1,3766221
4009900531122,false,"מסטיק בטעם מנטה ספירמינט, 64 ג' פרופשיונל אורפיט",מרס נדרלנד,PL,מסטיק אורביט בקבוקון,גרמים,64.00,100 גרם,false,,9.40,0.1469,true,1,5665063
4009900531573,false,סוכריות סקיטלס סמודיס בטעמי יוגורט ופירות,סקיטלס Skittles,CZ,סוכריות סקיטלס סמודי,גרמים,174.00,100 גרם,false,,7.90,0.0454,true,1,5857620
4009900532327,false,סוכריות סקיטלס סמודיס בטעמי יוגורט ופירות,סקיטלס Skittles,CZ,סקיטלס סוכריות סמודי,גרמים,38.00,100 גרם,false,,2.90,0.0763,true,1,5857621
4009900534611,false,מסטיק איירוויבז בקבוקון בטעם מלון ומנטה,ריגלי,PL,מסטיק איירוויבז בקבו,גרמים,64.00,גרם,false,,9.40,0.1469,true,1,6692515
4009900534918,false,סקיטלס גאיינט פירות 141 גרם,ריגלי,CZ,סקיטלס ג'איינט פירות,גרמים,141.00,100 גרם,false,,7.90,0.0560,true,1,6772098
4009900535519,false,מסטיק אורביט רפרשרס ספירמינט ללא סוכר 15.6גר',אורביט,PL,מסטיק אורביט רפרשרס,יח',1.00,יח',false,,3.70,3.7000,true,1,6761318
4009900535540,false,מסטיק אורביט רפרשרס פפרמינט ללא סוכר 15.6גר',אורביט,PL,מסטיק אורביט רפרשרס,יח',1.00,יח',false,,3.70,3.7000,true,1,6761319
4009900535823,false,מסטיק אורביט רפרשרס באבלמינט ללא סוכר 15.6גר',אורביט,PL,מסטיק אורביט רפרשרס,יח',1.00,יח',false,,3.70,3.7000,true,1,6761320
4009900536257,false,מסטיק אורביט רפרשרס ספירמינט בקבוקון ללא סוכר 67 גר',מרס ריגלי קונפקשונרי,PL,מסטיק אורביט רפרשרס,יח',1.00,יח',false,,11.90,11.9000,true,1,6761321
4009900536288,false,מסטיק אורביט רפרשרס פפרמינט בקבוקון ללא סוכר 67 גר',מרס ריגלי קונפקשונרי,PL,מסטיק אורביט רפרשרס,יח',1.00,יח',false,,11.90,11.9000,true,1,6761322
4009900536486,false,מסטיק אורביט רפרשרס באבלמינט בקבוקון ללא סוכר 67 גר',מרס ריגלי קונפקשונרי,PL,מסטיק אורביט רפרשרס,יח',1.00,יח',false,,11.90,11.9000,true,1,6761323
4009900539340,false,סקיטלס גאיינט פירות חמוצים 141 גרם,מרס ריגלי קונפקשונרי,CZ,סקיטלס ג'איינט סאוור,גרמים,141.00,100 גרם,false,,7.90,0.0560,true,1,6814840
4009900539401,false,מסטיק פייב באונס בטעם מנטה HP,Unknown,PL,מסטיק פייב טעם מנטה,יח',1.00,יח',false,,3.70,3.7000,true,1,6839953
4009900539432,false,מסטיק פייב באונס בטעם אבטיח HP,Unknown,PL,מסטיק פייב אבטיח,יח',1.00,יח',false,,3.70,3.7000,true,1,6839954
4009900539685,false,"מסטיק פייב באונס בטעם מנטה בקבוקון, 61.8 גרם",ריגלי בעמ רוסיה,PL,מסטיק בקבוקון פייב מ,יח',1.00,יח',false,,11.90,11.9000,true,1,6839955
4009900539746,false,"מסטיק פייב באונס בטעם אבטיח בקבוקון, 61.8 גרם",ריגלי בעמ רוסיה,PL,מסטיק בקבוקון פייב ב,יח',1.00,יח',false,,11.90,11.9000,true,1,6839956
4009900540551,false,מסטיק אורביט רפרשרס טרופיקל בקבוקון ללא סוכר,מרס פולין,PL,מסטיק אורביט רפרשס ט,יח',1.00,יח',false,,11.90,11.9000,true,1,6821895
4011800528416,false,קורני חטיף דגנים עם בוטנים מתוק-מלוח*6,קורני Corny,DE,קורני בייס סוויט אנד,גרמים,150.00,100 גרם,false,,10.90,0.0727,true,1,6624780
4011800567613,false,קורני סנדוויץ שחור לבן 4 יחידות,מיוצר עי קונדיטוריית,DE,קורני סנדוויץ שחור ולבן ע,גרמים,120.00,100 גרם,false,,10.90,0.0908,true,1,1088040
4011800577810,false,קורני פרי (6) נוגט 120 גרם,Schwartauer,DE,קורני פרי נוגט 6*20,גרמים,120.00,100 גרם,false,,10.90,0.0908,true,1,6814821
4011800628512,false,חטיף קורני שוקולד חלב 6 יח 150 גר,מיוצר עי קונדיטוריית,DE,קורני עם שוקולד חלב - 1X6,גרמים,150.00,100 גרם,false,,10.90,0.0727,true,1,1074701
4011800629519,false,"מארז חטיפי דגנים אגוזים ""קורני""",קורני Corny,DE,קורני עם אגוזים 1X6,גרמים,150.00,100 גרם,false,,10.90,0.0727,true,1,1071891
4011800630515,false,חטיף קורני שוקולד חלב ובננה 6 יח 150 גר,מיוצר עי קונדיטוריית,DE,קורני עם שוקולד חלב ובננה,גרמים,150.00,100 גרם,false,,10.90,0.0727,true,1,1071892
4011800632519,false,"מארז חטיפי שוקולד חלב וקוקוס ""קורני""",מיוצר עי קונדיטוריית,DE,קורני עם שוקולד חלב וקוקו,גרמים,150.00,100 גרם,false,,10.90,0.0727,true,1,1071893
4011800633516,false,קורני שוקולד מריר מעולה 58% קקאו 6*1,שוורטאוור וורקה,DE,קורני עם שוקולד מריר מעול,גרמים,138.00,100 גרם,false,,10.90,0.0790,true,1,1065745
4011800636517,false,קורני פרי שוקולד חלב מעולה ללא סוכר 6*1,מיוצר עי קונדיטוריית,DE,"קורני ""פרי ""עם שוקולד חלב",גרמים,120.00,100 גרם,false,,10.90,0.0908,true,1,1065747
4014400900217,false,בונבונריית מרסי מבחר ממתקי שוקולד 400 גרם,קריניציה ויטמינה אס,DE,בונבוניירה מרסי 400,גרמים,400.00,100 גרם,false,,39.90,0.0997,true,1,1028864
4014400901191,false,בונבונריית מרסי מבחר ממתקי שוקולד 250 גרם,ליימן מותגים,DE,בונבוניירה שוקולד מר,גרמים,250.00,100 גרם,false,,24.90,0.0996,true,1,1028866
4014400901412,false,בונבונריית מרסי מבחר ממתקי שוקולד מריר 250 גרם,תות ממתקי איכות,DE,בונבוניירה שוקולד מר,גרמים,250.00,100 גרם,false,,24.90,0.0996,true,1,1028868
4014400904277,false,סוכריות בטעם מנטה אייס פרש סטורק 425 גרם,תות ממתקי איכות,DE,סוכריות בטעם מנטה אי,גרמים,425.00,100 גרם,false,,14.90,0.0351,true,1,1028870
4014400904307,false,סוכריות בטעם פירות קליפורניה סטורק 425 גרם,קריניציה ויטמינה אס,DE,סוכריות בטעם פירות ק,גרמים,425.00,100 גרם,false,,14.90,0.0351,true,1,1028871
4014400904376,false,סוכריות טופי בטעם שוקולד סטורק 325 גרם,קריניציה ויטמינה אס,DE,סוכריות טופי בטעם שו,גרמים,325.00,100 גרם,false,,14.90,0.0458,true,1,1028874
4014400904390,false,סוכריות טופי ממולא חלב סטורק 325 גרם,קריניציה ויטמינה אס,DE,סוכריות טופי ממולא ח,גרמים,325.00,100 גרם,false,,14.90,0.0458,true,1,1028875
4014400910063,false,סוכריות חמאה וורטרס אורגינל 135 גרם,וורטר'ס אורגינל,DE,סוכריות חמאה וורטרס,גרמים,135.00,100 גרם,false,,8.00,0.0593,true,1,1028884
4014400913910,false,וורטרס אורגינל סוכריות חמאה ממולאות קרם קרמל בשקית,תות ממתקי איכות,DE,סוכריות וורטרס אורגי,גרמים,125.00,100 גרם,false,,8.00,0.0640,true,1,1104745
4014400914696,false,וורטרס אורגינל סוכריות ללא סוכר 80 גרם,ליימן מותגים,DE,סוכריות וורטר ללא תו,גרמים,80.00,100 גרם,false,,7.90,0.0988,true,1,1028892
4014400914924,false,סוכריות וורטר אורגינל ללא סוכר קפה 80 ג',קריניציה ויטמינה אס,DE,סוכריות וורטר קפה לל,גרמים,80.00,100 גרם,false,,7.90,0.0988,true,1,1028893
4014400920857,false,סוכריות וורטר Werther's בטעם שוקולד ללא סוכר,קריניציה ויטמינה אס,DE,סוכריות וורטר ללא תו,גרמים,70.00,100 גרם,false,,7.90,0.1129,true,1,1170694
4014400923711,false,בונבוניירה שוקולד אגוזים טופיפי 125 גרם,ליימן מותגים,DE,בונבוניירה שוקולד אג,גרמים,125.00,100 גרם,false,,11.90,0.0952,true,1,2602062
4014400925319,false,וורטרס אורגינל פופקורן קרמל 140 גרם,וורטרס Werther's,DE,וורטר פופקורן קרמל,גרמים,140.00,100 גרם,false,,14.90,0.1064,true,1,6745810
4014400929010,false,וופל מיני קנופרס 200 גר 10 גר*20 יחידות,אוגוסט שטורק,DE,חטיף וופל מיני קנופר,גרמים,200.00,100 גרם,false,,19.90,0.0995,true,1,6830172
4014400931327,false,ורטרס אורגינל פופקורן עם קרמל זרעי דלעת 1/12,וורטרס Werther's,DE,וורטרס אורגינל חטיף,גרמים,160.00,100 גרם,false,,14.90,0.0931,true,1,6846063
4015000995122,false,"דאודורנט פה ספריי כח המשיכה 200 מ""ל",שוורצקופף והנקל,DE,דאו פה ספריי 200מל,מיליליטרים,200.00,"100 מ""ל",false,,9.90,0.0495,true,1,1070542
4015000997430,false,פה דאודורנט ספריי אינויזיבל פאוור 200 מל,שוורצקופף והנקל,DE,דאו פה ספורט ספריי,מיליליטרים,200.00,"100 מ""ל",false,,9.90,0.0495,true,1,1016603
4015100190786,false,גליס מסכת סרום לשיקום עמוק עם קרטין,שוורצקופף והנקל,SK,מסיכה גליס 300 מל,מיליליטרים,300.00,"100 מ""ל",false,,24.90,0.0830,true,1,3817015
4015100190793,false,גליס מסכה לשיער יבש ופגום במיוחד Ultimate Repair,שוורצקופף והנקל,SK,מסיכה גליס 300 מל,מיליליטרים,300.00,"100 מ""ל",false,,24.90,0.0830,true,1,3816938
4015100204087,false,סאיוס ספריי לשיער סלון פלאקס 250מל,הנקל סוד,DE,סאיוס ספריי לשיער סל,מיליליטרים,250.00,"100 מ""ל",false,,29.90,0.1196,true,1,5288208
4015100709964,false,צבע לשער פאלטה דלוקס בלונד אולטרה טיטניום,הנקל סוד,DE,פלאטה דלוקס צבע קבוע,יחידה,0.00,יחידה,false,,29.90,0.0000,true,1,6914858
4015400564034,false,אולוויז מגן תחתון מגה פק לונג פלוס 58 יח',פרוקטר אנד גמבל,DE,אולוויז מגן תחתון לו,יח',58.00,יח',false,,16.90,0.2914,true,1,1036188
4015400564454,false,מגני תחתון אולוויז לארג' עם ניחוח מגה פק,פרוקטר אנד גמבל,DE,אולוויז מגן תחתון לא,יח',68.00,יח',false,,16.90,0.2485,true,1,1036192
4015400598329,false,תחבושות היגייניות אולטרה - מארז רביעייה,פרוקטר אנד גמבל,DE,אולוויז קוואטרו נורמ,יח',56.00,יח',false,,29.90,0.5339,true,1,1036198
4015400598381,false,תחבושות היגייניות אולטרה לונג - מארז קוואטרו 48 יח',פרוקטר אנד גמבל,DE,אולוויז קוואטרו לונג,יח',48.00,יח',false,,29.90,0.6229,true,1,1036199
4015400598411,false,תחבושות היגייניות יום ולילה Day & Night - מארז 40 יח',פרוקטר אנד גמבל,DE,אולוויז קוואטרו לילה,יח',40.00,יח',false,,29.90,0.7475,true,1,1036200
4015400681670,false,תחבושות אולוויז לילה בטוח וליו פק 18 יח,פרוקטר אנד גמבל,HU,אולוויז תחבושות לילה,יח',18.00,יח',false,,16.90,0.9389,true,1,1251180
4015400695677,false,פמפרס בייבי דריי מידה 4+ 80 יח,פרוקטר & גמבל,TR,פמפרס בייבי דריי מיד,יח',1.00,יח',false,,64.90,64.9000,true,1,6838671
4015400695691,false,פמפרס בייבי דריי מידה 5 74 יח,פרוקטר & גמבל,TR,פמפרס בייבי דריי מיד,יח',1.00,יח',false,,64.90,64.9000,true,1,6838672
4015400731719,false,תחבושות היגייניות אולוויז יום ולילה Day & Night,פרוקטר אנד גמבל,DE,אולוויז תחבושות וליו,יח',20.00,יח',false,,16.90,0.8450,true,1,1740148
4015400746812,false,מגני תחתון אולוויז נורמל עם ניחוח מגה פק,פרוקטר אנד גמבל,DE,אולוויז מגן תחתון נו,יח',80.00,יח',false,,16.90,0.2112,true,1,1986207
4015400755241,false,תחבושות היגייניות אולוויז אולטרה נורמל - 28 יח',פרוקטר אנד גמבל,DE,אולוויז תחבושות נורמ,יח',28.00,יח',false,,16.90,0.6036,true,1,1740149
4015400755487,false,תחבושות היגייניות אולוויז אולטרה לונג - 24 יח',פרוקטר אנד גמבל,DE,אולוויז תחבושות סגול,יח',24.00,יח',false,,16.90,0.7042,true,1,1740151
4015400824701,false,טמפונים עם מוליך רגולר טמפקס 30 יחידות,פרוקטר אנד גמבל,HU,טמפונים עם מוליך רגו,יח',30.00,יח',false,,24.90,0.8300,true,1,1036205
4015600762742,false,שמפו יומיומי למניעת קשקשים הנוסחה הקלאסית,פרוקטר אנד גמבל,RO,שמפו אנד שולדרס קלאס,מיליליטרים,500.00,"100 מ""ל",false,,17.90,0.0358,true,1,1036229
4015600762780,false,שמפו וקונדישינר יומיומי למניעת קשקשים הנוסחה הקלאסית 2in1,פרוקטר אנד גמבל,RO,שמפו אנד שולדרס 2ב1,מיליליטרים,500.00,"100 מ""ל",false,,17.90,0.0358,true,1,1036230
4015600762902,false,"שמפו האד אנד שולדרס מנטול 500 מ""ל",פרוקטר אנד גמבל,RO,שמפו האד אנד שולדרס,מיליליטרים,500.00,"100 מ""ל",false,,17.90,0.0358,true,1,1036233
4015600762940,false,שמפו יומיומי למניעת קשקשים בניחוח תפוח,פרוקטר אנד גמבל,RO,שמפו האד אנד שולדרס,מיליליטרים,500.00,"100 מ""ל",false,,17.90,0.0358,true,1,1036234
4015600763022,false,שמפו יומיומי למניעת קשקשים לשיער יבש/פגום לשיער רך כמשי,פרוקטר אנד גמבל,RO,שמפו האד אנד שולדרס,מיליליטרים,500.00,"100 מ""ל",false,,17.90,0.0358,true,1,1036236
4015600766900,false,"שמפו ומרכ ך נגד קשקשים 500 מ""ל הד אנד שולדרס",פרוקטר אנד גמבל,RO,שמפו הד אנד שולדרס 2,מיליליטרים,500.00,"100 מ""ל",false,,17.90,0.0358,true,1,1081711
4015600810849,false,גילט דאו קליר גל 70 מל פאוור ראש,פרוקטר אנד גמבל,CZ,דאודורנט ג'ילט קליר,מטרים,75.00,100 מ'ל,false,,14.90,0.1987,true,1,1110652
4017100160110,false,בלזן גלילי וופל במילוי קרם בטעם שוקולד 75 גר',בלזן פולסקה,DE,וופל קרמי שוקולד 75,גרמים,75.00,100 גרם,false,,7.90,0.1053,true,1,6680159
4017100160417,false,בלזן גלילי וופל במילוי קרם בטעם וניל 75 גר',בלזן פולסקה,DE,וופלקרמי וניל 75 גר,גרמים,75.00,100 גרם,false,,6.90,0.0920,true,1,6680160
4017100198151,false,בלזן היט ביסקוויט עם מלית קרם בטעם וניל (41%) 220 גרם,הדקלאים אגודת שיתופי,PL,עוגיות היט 220 ג,גרמים,220.00,100 גרם,false,,7.90,0.0359,true,1,1178689
4017100210105,false,גלילי וופל בלזן וופלטן שוקו' מריר 100ג',הדקלאים אגודת שיתופי,DE,וופלטן מריר 100גר,גרמים,100.00,100 גרם,false,,10.50,0.1050,true,1,1180433
4017100219900,false,בלזן וופלטן וופל מגולגל מצופה שוקולד חלב 100 גרם,הדקלאים אגודת שיתופי,DE,גליליות וופל חלב וופ,גרמים,100.00,100 גרם,false,,10.90,0.1090,true,1,1028904
4017100290008,false,בלזן בסקויט חמאה מצופה שוקולד חלב 125 גרם,הדקלאים אגודת שיתופי,DE,ביסקוויט מצופה שוקול,גרמים,125.00,100 גרם,false,,10.90,0.0872,true,1,1028908
4017100291005,false,בלזן לייבניז בסקויט חמאה מצופה שוקולד מריר 125 גרם,הדקלאים אגודת שיתופי,DE,ביסקוויט מצופה שוקול,גרמים,125.00,100 גרם,false,,10.90,0.0872,true,1,1028909
4017100364112,false,בלזן היט בסקוויט סנדביץ עם מלית קרם בטעם שוקולד קקאו (41%) 220 גרם,הדקלאים אגודת שיתופי,PL,עוגיות היט 220 ג,גרמים,220.00,100 גרם,false,,7.90,0.0359,true,1,1164663
4017100366239,false,עוגיות ביסקוויט סנדוויץ ממולא קרם בטעם שוקולד,ליימן שליסל,PL,ליבניץ אנד קרים 190,גרמים,190.00,100 גרם,false,,7.90,0.0416,true,1,6265688
4018344564610,false,פילה הרינג ברוטב עגבניות לארסן 200 גרם,,LV,לרסן פילה הרינג ברוט,גרמים,200.00,100 גרם,false,,9.50,0.0475,true,1,6876259
4018344564641,false,פילה הרינג ברוטב חרדל ושמיר לארסן 200 גר,,LV,לרסן פילה הרינג ברוט,גרמים,200.00,100 גרם,false,,9.50,0.0475,true,1,6876260
4018344564689,false,פילה הרינג ברוטב איטלקי לארסן 200 גר,ס.י.א קרבלה,LV,לרסן פילה הרינג ברוט,גרמים,200.00,100 גרם,false,,9.50,0.0475,true,1,6876261
4018722102656,false,ספגטי כוסמין אורגני 500 גרם,אלב גולד,DE,ספגטי כוסמין אורגניו,גרמים,500.00,100 גרם,false,,15.90,0.0318,true,1,4696587
4018722303459,false,אלב גולד - מקרוני כוסמין אורגני,אלב גולד,DE,מקרוני כוסמין אורגני,גרמים,250.00,100 גרם,false,,11.30,0.0452,true,1,4696588
4018722343141,false,אלב גולד פנה כוסמין אורגני,אלב גולד,DE,אלב גולד פנה כוסמין,גרמים,500.00,100 גרם,false,,19.90,0.0398,true,1,6819609
4022025001905,false,יין בלו ווין מבעבע זהב כשר 750 מל,היי סישל סוהן טראבן,DE,בלו מבעבע זהב כשר,מיליליטרים,750.00,"100 מ""ל",false,,49.90,0.0665,true,1,5671270
4022025001929,false,"בלו ווין מבעבע כחול כשר 750 מ""ל",היי סישל סוהן טראבן,DE,בלו כחול מבעבע כשר,מיליליטרים,750.00,"100 מ""ל",false,,49.90,0.0665,true,1,5671272
4022025002100,false,"בלו ווין מבעבע רוזה כשר 750 מ""ל",היי סישל סוהן טראבן,DE,בלו מבעבע רוזה כשר,מיליליטרים,750.00,"100 מ""ל",false,,49.90,0.0665,true,1,6319938
4022025261002,false,בלו ווין גוורצטרמינר,לנגוט טראבן,DE,"בלו וויין 750 מ""ל",מיליליטרים,750.00,"100 מ""ל",false,,44.90,0.0599,true,1,3214406
4022025290408,false,יין בלו ווין פינק רוזה כשר 750 מל,יקב רמת הגולן,IL,בלו ווין רוזה כשר,מיליליטרים,750.00,"100 מ""ל",false,,44.90,0.0599,true,1,5671276
4023800012109,false,מרציפן שלוקוורד מצופ,,DE,מרציפן מצופה 100 גר,גרמים,100.00,100 גרם,false,,7.50,0.0750,true,1,1294283
4023800122105,false,מרציפן לא מצופה 82 גרם,,DE,מרציפן לא מצופה 82 ג,גרמים,82.00,100 גרם,false,,7.50,0.0915,true,1,2862658
4045787068221,false,"צבע לשיער אינדולה פרוטאין שחור 1 60 מ""ל",שוורצקופף והנקל,DE,פרוטאין קולור 1 שחור,מטרים,60.00,100 מ'ל,false,,15.90,0.2650,true,1,1016605
4045787068238,false,צבע לשיער פרוטאין קולור- 10 בלונד בהיר מאוד,שוורצקופף והנקל,DE,פרוטאין קולור 10 בלו,מטרים,60.00,100 מ'ל,false,,15.90,0.2650,true,1,1016606
4045787068252,false,צבע לשיער פרוטאין קולור- 1000.1 אקסטרה בלונד אפרפר,שוורצקופף והנקל,DE,פרוטאין קולור 1000.1,מטרים,60.00,100 מ'ל,false,,15.90,0.2650,true,1,1016608
4045787068283,false,"אינדולה - פרוטאין צבע 1-1 שחור כחול 60 מ""ל",אינדולה Indola,DE,פרוטאין קולור 1.1 שח,מטרים,60.00,100 מ'ל,false,,15.90,0.2650,true,1,1016610
4045787068306,false,"אינדולה - פרוטאין צבע 4 חום כהה 60 מ""ל",שוורצקופף והנקל,DE,פרוטאין קולור מס4,מטרים,100.00,100 מ'ל,false,,15.90,0.1590,true,1,1016612
4045787068320,false,"אינדולה - פרוטאין צבע 5 חום 60 מ""ל",שוורצקופף והנקל,DE,פרוטאין קולור חום מס,יח',1.00,יח',false,,15.90,15.9000,true,1,1016614
4045787068337,false,"אינדולה - פרוטאין 5-35 חום שקד 60 מ""ל",אינדולה Indola,DE,פרוטאין קולור 5.35 א,מטרים,60.00,100 מ'ל,false,,15.90,0.2650,true,1,1016615
4045787068344,false,"אינדולה - פרוטאין צבע 5-4 ערמונים 60 מ""ל",אינדולה Indola,DE,פרוטאין קולור 5.4 ער,מטרים,60.00,100 מ'ל,false,,15.90,0.2650,true,1,1016616
4045787068368,false,"אינדולה - פרוטאין צבע 5-66 שזיף 60 מ""ל",אינדולה Indola,DE,פרוטאין קולור 5.66 ש,מטרים,60.00,100 מ'ל,false,,15.90,0.2650,true,1,1016618
4045787068375,false,"אינדולה - פרוטאין צבע 6 בלונד כהה 60 מ""ל",שוורצקופף והנקל,DE,פרוטאין קולור 6 בלונ,מטרים,60.00,100 מ'ל,false,,15.90,0.2650,true,1,1016619
4045787068412,false,"אינדולה - פרוטאין צבע 6-37 שוקולד 60 מ""ל",אינדולה Indola,DE,פרוטאין קולור 6.37 ש,מטרים,60.00,100 מ'ל,false,,15.90,0.2650,true,1,1016622
4045787068467,false,"אינדולה - פרוטאין צבע 7 בלונד בינוני 60 מ""ל",שוורצקופף והנקל,DE,פרוטאין קולור 7 בלונ,מטרים,60.00,100 מ'ל,false,,15.90,0.2650,true,1,1016627
4045787068542,false,"אינדולה - פרוטאין צבע 8 בלונד בהיר 60 מ""ל",שוורצקופף והנקל,DE,פרוטאין קולור 8 בלונ,מטרים,60.00,100 מ'ל,false,,15.90,0.2650,true,1,1016635
4053700292455,false,ויט רצועות שעווה מוכנות להסרת שיער לעור רגיל 12 יחידות,רקיט בנקיזר צרפת,FR,Veet CWS Regular Skin Mis,יח',12.00,יח',false,,19.90,1.6583,true,1,1036842
4056800943739,false,קרם חמצן וולוקסון Welloxon 6%,פרוקטר אנד גמבל,FR,קרם חמצן וולוקסון 6%,יח',1.00,יח',false,,3.90,3.9000,true,1,1036312
4056800943791,false,קרם חמצן וולוקסון Welloxon 9%,פרוקטר אנד גמבל,FR,קרם חמצן וולוקסון 9%,100 מל,60.00,100 מל,false,,3.90,0.0650,true,1,1036313
4061445096702,false,קפה דוידוף מגורען 100 גר FINE AROMA,צ'יבו מנופקצ'ורינג,CO,דוידוף פיין ארומה 10,גרמים,100.00,100 גרם,false,,22.90,0.2290,true,1,6904075
4061445096726,false,קפה דוידוף מגורען 100 גר RICH AROMA,צ'יבו מנופקצ'ורינג,CO,דוידוף ריץ ארומה 100,גרמים,100.00,100 גרם,false,,22.90,0.2290,true,1,6904076
4066600999614,false,"בירה פאולנר, בירת חיטה מעוננת, בקבוק 500 מ""ל",מבשלת פאולנר,DE,פאולנר 500 מל,מיליליטרים,500.00,"100 מ""ל",false,,10.90,0.0218,true,1,2701681
4067700014849,false,ליקר ייגרמייסטר כשר,פארייפאבה אגרואינדוס,DE,"יגרמייסטר 70 ס""ל כשר",מיליליטרים,750.00,"100 מ""ל",false,,84.90,0.1132,true,1,2159819
4072700001188,false,"בירה פרנסיסקאנר כהה בקבוק 500 מ""ל",פרנסיסקאנר Franziskaner,DE,פרנזיסקאנר בירה כהה,מיליליטרים,500.00,"100 מ""ל",false,,9.90,0.0198,true,1,4131375
4072700001775,false,בירה פרנסיסקאנר בהירה מעוננת בפחית,פרנסיסקאנר Franziskaner,DE,פרנזיסקאנר בירה פחית,מיליליטרים,500.00,"100 מ""ל",false,,8.90,0.0178,true,1,4261103
4072700003649,false,"פרנזיסקאנר בירה מעוננת 500 מ""ל","איי, בי, אינבוו",DE,פרנזיסקאנר בירה מעונ,מיליליטרים,500.00,"100 מ""ל",false,,9.90,0.0198,true,1,2702177
4084500065536,false,פנטן קרם לחות מוגברת לעיצוב שיער 300 מל,פרוקטר אנד גמבל,DE,קרם לשיער פנטן לחות,מיליליטרים,300.00,"100 מ""ל",false,,14.90,0.0497,true,1,1055770
4084500065598,false,"קרם לחות פנטן לתלתלים מושלמים 300 מ""ל",פרוקטר אנד גמבל,DE,קרם לחות פנטן לתלתלי,מיליליטרים,300.00,"100 מ""ל",false,,14.90,0.0497,true,1,1055771
4084500088917,false,"פיירי נוזל כלים לימון 650 מ""ל",פרוקטר אנד גמבל,US,נוזל כלים פיירי לימו,מיליליטרים,650.00,"100 מ""ל",false,,10.90,0.0168,true,1,1226073
4084500149526,false,טייד גל כביסה 2.48 ליטר אלפים רענן,פרוקטר אנד גמבל,FR,נוזל כביסה טייד 2.48,ליטרים,2.48,ליטר,false,,24.90,10.0403,true,1,1084438
4084500853553,false,פיירי נוזל כלים קלאסי אורגינל 650 מל,פרוקטר אנד גמבל,US,נוזל כלים פיירי אורי,מיליליטרים,650.00,"100 מ""ל",false,,10.90,0.0168,true,1,1226074
4084500853836,false,"פיירי נוזל כלים ורדים ומשי 515 מ""ל",פרוקטר אנד גמבל,GB,נוזל כלים פיירי ורדי,מיליליטרים,515.00,"100 מ""ל",false,,8.90,0.0173,true,1,1226077
4084500853898,false,"פיירי נוזל כלים אלוורה ומלפפונים 515 מ""ל",פרוקטר אנד גמבל,GB,נוזל כלים פיירי אלוו,מיליליטרים,515.00,"100 מ""ל",false,,8.90,0.0173,true,1,1226078
4100130937163,false,בירה בקס שישייה 6*275 מל,"איי, בי, אינבוו",DE,"בירה בקס 6* 275 מ""ל",מיליליטרים,275.00,"100 מ""ל",false,,24.90,0.0905,true,1,2702178
4105120623941,false,"בירה ויינשטפן בק' ח""פ 500 מ""ל",קרלסברג יבוא יצוא,DE,ויינשטפן 500 מל,מיליליטרים,500.00,"100 מ""ל",false,,11.20,0.0224,true,1,3397794
4260334140605,false,שוקולד ג'נדויה טבעוני עם אגוזי לוז שלמים 150 גרם ללא גלוטן,האי נאם סי או אל.טי.,IT,שוקולד טבעוני ואגוזי,גרמים,150.00,100 גרם,false,,19.50,0.1300,true,1,6734122
4444777700323,false,מסנן כיור אמריקאי סיליקון,דגש,,מסנן כיור אמריקאי סי,יח',1.00,יח',false,,14.90,14.9000,true,1,1039692
4567646853118,false,קישוט דיקורטיבי לעוגת יום הולדת,,,קישוט דיקורטיבי לעוג,יח',1.00,יח',false,,4.90,4.9000,true,1,6816675
4600659010854,false,*מבצע* סטולי פרימיום,איי. אס. לטבייאס בלז,LV,"סטוליצ'ניה פרימיום 70 ס""ל",מיליליטרים,700.00,"100 מ""ל",false,,59.90,0.0856,true,1,1029813
4604248000349,false,רוטב בטעם מיונז פרובנסל 380 גרם,אסן פרודקשן,,רוטב לסלט מחייב פרוב,גרמים,380.00,100 גרם,false,,11.90,0.0313,true,1,6793795
4604248003517,false,חרדל רוסקיה 140 גרם,אסן פרודקשן,,חרדל 140ג,גרמים,140.00,100 גרם,false,,5.50,0.0393,true,1,6793770
4607012351005,false,גרעיני חמניות מרטין ללא מלח 200 גרם,"נארז ע""י : א.ג. גילר",RU,גרעיני חמניות קלויים,גרמים,215.00,100 גרם,false,,12.90,0.0600,true,1,6704503
4607012351999,false,גרעיני חמניות מרטין עם מלח 200 גרם,"נארז ע""י : א.ג. גילר",RU,גרעיני חמניות קלויים,גרמים,215.00,100 גרם,false,,12.90,0.0600,true,1,6704504
4607012352453,false,גרעיני חמניות מרטין פסים עם מלח 150 גר,מרטין,RU,גרעיני חמניות קלויים,גרמים,166.00,100 גרם,false,,9.90,0.0596,true,1,6704505
4640018993343,false,פיניש קוואנטום קפסולות ג'ל למדיח כלים 30 יח',רקיט בנקיזר,PL,פיניש קואנטום 30קפ ש,יח',1.00,יח',false,,34.90,34.9000,true,1,6703156
4640018993350,false,פיניש קוואנטום קפסולות ג'ל למדיח כלים לימון 30 יח',רקיט בנקיזר,PL,פיניש קואנטום 30קפ ש,יח',1.00,יח',false,,39.80,39.8000,true,1,6703157
4640018993398,false,פיניש קוואנטום 60 יח' קפסולות ג'ל למדיח כלים,רקיט בנקיזר,PL,פיניש קואנטום 60יח ש,יח',1.00,יח',false,,58.90,58.9000,true,1,6699940
4710068001715,false,"מאסטר קפה טירמיסו 240 מ""ל",יוני פרזינדנט אנטרפר,TW,מאסטר קפה טירמיסו 24,מיליליטרים,240.00,"100 מ""ל",false,,5.90,0.0246,true,1,2329466
4710068002798,false,מאסטר קפה וונילה פחית 240 מל,מאיטה פוד אינדוסטריא,TW,מאסטר קפה וונילה פחי,יח',1.00,יח',false,,5.90,5.9000,true,1,6160337
4710964104916,false,"שמן שומשום טהור 370 מ""ל (כ)",פלייבור פול פודס טיי,CN,שמן שומשום טהור 370,מיליליטרים,370.00,"100 מ""ל",false,,19.90,0.0538,true,1,1107712
4710964170799,false,שומשום שחור קלוי 91 גרם,פלייבור פול פודס טיי,TH,שומשום שחור קלוי 91,גרמים,91.00,100 גרם,false,,16.40,0.1802,true,1,1032846
4740098098331,false,"קוקטייל בלו לגון אה לה קוק 330 מ""ל",אה לי קוק,EE,קוקטייל בלו לגון אה,מטרים,330.00,100 מ'ל,false,,9.90,0.0300,true,1,6873165
4740098098355,false,"קוקטייל מוחיטו אה לה קוק 330 מ""ל",אה לי קוק,EE,קוקטייל מוחיטו,מיליליטרים,620.00,"100 מ""ל",false,,9.90,0.0160,true,1,6855598
4740098098379,false,"קוקטייל מרגריטה אה לה קוק 330 מ""ל",אה לי קוק,EE,קוקטייל מרגריטה,מיליליטרים,620.00,"100 מ""ל",false,,9.90,0.0160,true,1,6855599
4740098098393,false,"קוקטייל און דה ביץ אה לה קוק 330 מ""ל",אה לי קוק,EE,קוקטייל סאן און דה ב,מיליליטרים,620.00,"100 מ""ל",false,,9.90,0.0160,true,1,6855664
4750142003426,false,"בירה פילסנר פחית 500 מ""ל אקסטרה",צ'סו אלוס,RU,בירה פילסנר פחית 500,מטרים,500.00,100 מ'ל,false,,6.80,0.0136,true,1,6830205
4750142005000,false,"בירה כהה בוהמיין צסו 568 מ""ל","""cesu alus""",,בירה צ'סו כהה,מיליליטרים,568.00,"100 מ""ל",false,,8.50,0.0150,true,1,6870993
4750142016518,false,בירה צסו לא מסוננת 5.4% 568 מל,צ'סו אלוס,LV,בירה צ'סו לא מסונן,מיליליטרים,500.00,"100 מ""ל",false,,8.50,0.0170,true,1,6704509
4750142021505,false,"בירה PILSENER בהירה 4.7% פחית 500 מ""ל",צ'סו אלוס,LV,בירה פילזנר צ'סו,מיליליטרים,500.00,"100 מ""ל",false,,6.80,0.0136,true,1,6704510
4750616000258,false,שפרוטים גדולים מעושנים בשמן צמחי,בריויאס וילניוס,LV,דגי שפרוטים גדולים מ,גרמים,215.00,100 גרם,false,,7.90,0.0367,true,1,6704511
4750616000593,false,דגי שפרוטים גדולים מעושנים,בריויאס וילניוס,LV,דגי שפרוטים גדולים מ,גרמים,215.00,100 גרם,false,,7.90,0.0367,true,1,6704512
4750616001194,false,שפרוטים מעושנים ריגה 240 גרם פ.ק,בריויאס וילניוס,LV,דגי שפרוטים גדולים מ,גרמים,215.00,100 גרם,false,,7.90,0.0367,true,1,6704513
4750616006564,false,סרדינים על הגריל בשמן זית 190 גר,,LV,סרדינים על הגריל בשמ,יח',1.00,יח',false,,10.90,10.9000,true,1,6789418
4750616006571,false,סרדינים על הגריל בשמן זית עם צילי 190 ג,,LV,סרדינים על הגריל בשמ,גרמים,190.00,100 גרם,false,,10.90,0.0574,true,1,6863277
4751007738095,false,סלט סלמון עם ירקות מקסיקני 220 ג' לארסן,ס.י.א קרבלה,LV,לרסן סלט סלמון מקסיק,גרמים,220.00,100 גרם,false,,11.50,0.0523,true,1,6876262
4751007738101,false,סלט סלמון עם ירקות איטלקי 220 ג' לארסן,ס.י.א קרבלה,LV,לרסן סלט סלמון איטלק,גרמים,220.00,100 גרם,false,,11.50,0.0523,true,1,6876263
4751007739917,false,נתחי דג סלמון במיץ טבעי תומר 185 גרם,,,סלמון במיץ טבעי 185,גרמים,185.00,100 גרם,false,,7.90,0.0427,true,1,6876264
4770577201204,false,"סלק מבושל בוואקום 1 ק""ג",,,סלק מבושל בוואקום 1,קילוגרמים,1.00,"ק""ג",false,,9.90,9.9000,true,1,5320641
4796019790013,false,"שמן קוקוס אורגני 300 מ""ל",כפרי בריא,,שמן קוקוס אורגני 300,מיליליטרים,300.00,"100 מ""ל",false,,19.90,0.0663,true,1,3943067
4796019790020,false,"שמן קוקוס אורגני 500 מ""ל גרין קוקו",גרין קוקו,LK,שמן קוקוס אורגני 500,מיליליטרים,500.00,"100 מ""ל",false,,27.80,0.0556,true,1,4696589
4796019790037,false,גרין קוקו - שמן קוקוס אורגני 1 ליטר,כפרי בריא,,שמן קוקוס אורגני 1 ל,ליטרים,1.00,ליטר,false,,49.90,49.9000,true,1,3943068
4800888150080,false,"דאב - דאודורנט רול און לאישה פרש טאצ' מלפפונים 50 מ""ל",יוניליוור פיליפינים,PH,דאב רולאון דאודורנט,מטרים,50.00,100 מ'ל,false,,14.90,0.2980,true,1,1022114
4800888190529,false,דאב דאו סטיק טאלק סופט לאשה 50 גר,יוניליוור,PH,דאב סטיק טאלק סופט 5,גרמים,50.00,100 גרם,false,,14.90,0.2980,true,1,1301181
4800888209368,false,רקסונה - דאודורנט סטיק לגבר אקסטרא קול 50 גרם,רקסונה Rexona,PH,רקסונה דאודורנט סטיק,יח',1.00,יח',false,,9.90,9.9000,true,1,6711204
4800888209405,false,רקסונה - דאודורנט סטיק לגבר קובלט דריי 50 גרם,רקסונה Rexona,PH,רקסונה סטיק לגבר קוב,מטרים,50.00,100 מ'ל,false,,9.90,0.1980,true,1,6703434
4800888219510,false,דאב - דאודורנט סטיק לאישה פרש מלפפונים 50 גרם,יוניליוור פיליפינים,PH,דאב סטיק מלפפון ותה,גרמים,50.00,100 גרם,false,,14.90,0.2980,true,1,6793667
4800888219527,false,דאב - דאודורנט סטיק לאישה ללא סימן אינביזיבל 50 גרם,יוניליוור,PH,דאב דאו סטיק אינוויז,יח',1.00,יח',false,,14.90,14.9000,true,1,6817743
4800888219534,false,דאב - דאודורנט סטיק לאישה אנטי פרספירמט 50 גרם,יוניליוור פיליפינים,PH,דאב סטיק נשים אורגינ,גרמים,50.00,100 גרם,false,,14.90,0.2980,true,1,6788414
4800888219541,false,רקסונה - דאודורנט סטיק לאישה פאוודר דרי 50 גרם,General,PH,רקסונה סטיק פאודר 50,גרמים,50.00,100 גרם,false,,9.90,0.1980,true,1,6802317
4820034925546,false,"בירה לאגר צאזז לייט בקבוק 500 מ""ל -בודד",,IL,בירה לאגר צאזז לייט,מטרים,500.00,100 מ'ל,false,,3.90,0.0078,true,1,6851252
4820229031311,false,"וודקה חורטיצה פלטינום 700 מ""ל",אוקראיניאן דיסטריביו,UA,חורטיצה פלטינום 700,מיליליטרים,700.00,"100 מ""ל",false,,54.90,0.0784,true,1,6744711
4891228430030,false,סכיני גילוח שיק אקזקטה 2 לעור רגיש ירוק 5 יח',אנרג'יזר Energizer,CN,סכיני גילוח שיק נשים,יח',5.00,יח',false,,9.90,1.9800,true,1,1250398
4891228430047,false,שיק אקזקטה 2 רגיש סכיני גילוח לגבר,אנרג'יזר Energizer,CN,שיק אקזקטה 2 רגיש סכ,יח',10.00,יח',false,,23.90,2.3900,true,1,1017743
4891228430054,false,סכיני גילוח לנשים שיק אקזקטה 2 5 יח,שיק,CN,סכיני גילוח שיק נשים,יח',5.00,יח',false,,9.90,1.9800,true,1,1250399
4891228430061,false,סכיני גילוח שיק אקזקטה 2 לנשים ורוד 10 יח',הנסיך- מפעל לייצור ט,CN,סכיני גילוח לנשים עם,יח',10.00,יח',false,,23.90,2.3900,true,1,1017744
4891228430085,false,סכין גילוח שיק אקסטרים 3 כחול 4 יחידות,אנרג'יזר Energizer,CN,סכין גילוח שיק אקסטר,יח',4.00,יח',false,,14.90,3.7250,true,1,1017745
4891228430092,false,שיק אקסטרים 3 קומפורט +לנשים 4 יחידות,אנרג'יזר Energizer,CN,סכיני גילוח לנשים שי,יח',4.00,יח',false,,14.90,3.7250,true,1,1017746
4895060592307,false,פלורידה בקבוק חלב מנצ'סטר,Unknown,,סוכריות בקבוק חלב,יח',1.00,יח',false,,5.90,5.9000,true,1,4294530
4903001904192,false,"רוטב סויה יאמסה פרימיום 500 מ""ל",הדקלאים אגודת שיתופי,JP,רוטב סויה יאמסה 500,מיליליטרים,500.00,"100 מ""ל",false,,17.50,0.0350,true,1,1028918
4903001904208,false,רוטב סויה פרימיום יאמסה 1 ליטר,הדקלאים אגודת שיתופי,JP,רוטב סויה פרימיום יא,ליטרים,1.00,ליטר,false,,31.90,31.9000,true,1,1028919
4903001925784,false,"רוטב סויה יאמאסה פרמיום דל מלח 500 מ""ל",הדקלאים אגודת שיתופי,JP,רוטב סויה יאמאסה פרי,מיליליטרים,500.00,"100 מ""ל",false,,17.50,0.0350,true,1,1120017
4903001930993,false,"רוטב טריאקי יאמאסה 500 מ""ל",ליימן מותגים,JP,רוטב טריאקי יאמאסה,מיליליטרים,500.00,"100 מ""ל",false,,17.50,0.0350,true,1,1293695
4978094999219,false,מחית סויה לבנה שירו מיסו 500 גרם,מזרח ומערב,CN,מחית סויה לבנה-שירו,גרמים,500.00,100 גרם,false,,13.90,0.0278,true,1,1032871
5000054353300,false,פריסקיז פטה סלמון 156 ג,פורינה,US,פריסקיז פטה סלמון 15,יח',1.00,יח',false,,6.90,6.9000,true,1,6881747
5000054355700,false,פריסקיז פטה הודו 156 ג,פורינה,US,פריסקיז פטה הודו 1,יח',1.00,יח',false,,6.90,6.9000,true,1,6881748
5000054359500,false,פריסקיז פטה כבד עוף 156 ג,פורינה,US,פריסקיז פטה כבד עוף,יח',1.00,יח',false,,6.90,6.9000,true,1,6881750
5000111047371,false,רוטב ברביקיו קלאסי 465 גרם,היינץ,,רוטב ברביקיו קלאסי 4,גרמים,465.00,100 גרם,false,,15.90,0.0342,true,1,3576586
5000127163195,false,דגני בוקר קלוגס ספיישל קיי 500גרם,חברת קלוגס בריטניה,GB,דגני בוקר קלוגס ספיי,גרמים,500.00,100 גרם,false,,24.90,0.0498,true,1,1017756
5000157143365,false,מתבל בטעם מיונז וקטשופ היינץ 425 ג',היינץ Heinz,PL,רוטב טעם מיונז וקטשו,מיליליטרים,425.00,"100 מ""ל",false,,14.90,0.0351,true,1,6680702
5000159020312,false,מלטיזרס אריזה קטנה 37 גרם,מלטיזרס Maltesers,NL,מלטיזרס חטיף 37 גרם,גרמים,37.00,100 גרם,false,,4.90,0.1324,true,1,1024170
5000159376655,false,סוכריות SKITTLES פירות קטן 38 גרם אדום,ריגלי ממתקים,NL,סקיטלס סוכריות פירות,גרמים,38.00,100 גרם,false,,2.90,0.0763,true,1,1012439
5000159376792,false,סוכריות סקיטלס Skittles פירות חמוצים,ריגלי ממתקים,NL,סקיטלס סוכריות חמוץ,גרמים,38.00,100 גרם,false,,2.90,0.0763,true,1,1012440
5000159409179,false,מארז חטיפי מיני סניקרס Snickers,סניקרס Snickers,NL,שקית מיני גדולה סניק,גרמים,403.00,100 גרם,false,,19.90,0.0494,true,1,1070545
5000159452977,false,מיקס שקית מיניס 400 גרם מרס-באונטי-טוויק,מרס הולנד בי.וי.,NL,שקית מיני גדולה מרס,גרמים,400.00,100 גרם,false,,19.90,0.0497,true,1,1070547
5000159461122,false,חטיף שוקולד סניקרס מקס קרמל 50 ג',"נארז ע""י : א.ג. גילר",NL,חטיף סניקרס שוקולד ו,גרמים,50.00,100 גרם,false,,3.90,0.0780,true,1,1024185
5000159500845,false,סלבריישן מארז מתנה 196 גרם,מיילי,NL,סלבריישן 196 גר,גרמים,196.00,100 גרם,false,,21.90,0.1117,true,1,6899903
5000159536400,false,טוויקס סטיקס 99 קלוריות 10 יחידות,מרס,IL,טוויקס סטיקס 200 גר,גרמים,200.00,100 גרם,false,,13.90,0.0695,true,1,6789442
5000159538640,false,באונטי מארז חטיף 57 גרם חמישייה,באונטי,NL,מאגדת באונטי חמישייה,יח',1.00,יח',false,,9.90,9.9000,true,1,6784048
5000168199245,false,שוקולד חלב מעולה בתוספת קרמל מלוח פיור גודייבה 90 ג',"אולקר מקבוצת פלאדיס,",TR,גודייבה שוקולד חלב ק,יח',1.00,יח',false,,14.90,14.9000,true,1,5527551
5000189974579,false,מארז מיני חטיפי קיט קט Kit Kat,ליימן מותגים,DE,קיט קט מיני 200ג,גרמים,200.00,100 גרם,false,,9.90,0.0495,true,1,4186557
5000204048711,false,קיווי ספריי להגנת נעלי ספורט 200 מל,ג'ונסון אנד ג'ונסון,NL,קיווי להגנת נעלי ספו,מטרים,200.00,100 מ'ל,false,,15.90,0.0795,true,1,6807573
5000204114867,false,"גלייד אורסול בניחוח וניל 300 מ""ל",coster aerosol vail,TR,גלייד ארוסול בניחוח,מיליליטרים,300.00,"100 מ""ל",false,,7.90,0.0263,true,1,6591516
5000204114898,false,גלייד ארוסול מבשם אוויר ניחוח מרכך כביסה,אס.סי גונוסון,NL,גלייד ארוסול בניחוח,מיליליטרים,300.00,"100 מ""ל",false,,7.90,0.0263,true,1,6591517
5000204114959,false,"גלייד ארוסול בניחוח פריחה בלבן 300 מ""ל","אס.סי ג'ונסון,מידרכט",NL,גלייד ארוסול בניחוח,מיליליטרים,300.00,"100 מ""ל",false,,7.90,0.0263,true,1,6591519
5000204115048,false,גלייד ארוסול מבשם אוויר בניחוח לבנדר,"אס.סי ג'ונסון,מידרכט",NL,גלייד ארוסול בניחוח,מיליליטרים,300.00,"100 מ""ל",false,,7.90,0.0263,true,1,6591521
5000204133509,false,שקיות אחסון גדולות- 19 יח' זיפלוק,אס.סי.גונסון ובניו,US,זיפלוק שקיות אחסון ג,יח',1.00,יח',false,,12.90,12.9000,true,1,6745103
5000204153842,false,מטהר אוויר גלייד מילוי אוטומטי וניל,המאפיה של הרמן,TR,גלייד מילוי אוטומטי,מיליליטרים,269.00,"100 מ""ל",false,,13.90,0.0517,true,1,6726720
5000204153903,false,מטהר אוויר גלייד מילוי אוטומטי מרכך כביסה,קוסטר אירוסול ואלף ס,TR,גלייד מילוי אוטומטי מרכך,מיליליטרים,269.00,"100 מ""ל",false,,13.90,0.0517,true,1,6726988
5000204156218,false,"מארז גלייד אוטומטי לבנדר וניל 269 מ""ל",יצרן אירוסול: קוסטור,TR,גלייד מארז אוטומטי ל,מיליליטרים,635.00,"100 מ""ל",false,,44.90,0.0707,true,1,6726723
5000204167610,false,"גלייד אירוסול פסטיבל קינמון 300 מ""ל",coster aerosol vail,,גלייד אירוסול פסטיבל,מטרים,300.00,100 מ'ל,false,,7.90,0.0263,true,1,6813687
5000204167856,false,"גלייד מילוי אוטומטי פסטיבל קינמון 269 מ""",coster aerosol vail,TR,גלייד מילוי אוטומטי,מטרים,269.00,100 מ'ל,false,,13.90,0.0517,true,1,6813721
5000204220933,false,"קוטל מעופפים אירוסול אקליפטוס 300 מ""ל רייד",SC Jonson,NL,רייד ארוסול קוטל מעו,מטרים,300.00,100 מ'ל,false,,15.90,0.0530,true,1,6836599
5000204226256,false,"גלייד ארוסול מסיבת פטל 300 מ""ל",coster aerosol vail,TR,גלייד אירוסול מסיבת,מטרים,300.00,100 מ'ל,false,,7.90,0.0263,true,1,6813688
5000204243000,false,"נוזל לאסלה אפרסק על חלל 750 מ""ל דאק",טואלט דאק (ג'ונסון),NL,דאק נוזל אפרסק 750 מ,יח',1.00,יח',false,,8.90,8.9000,true,1,6836601
5000204243031,false,"נוזל לאסלה ירח פורח 750 מ""ל דאק",טואלט דאק (ג'ונסון),NL,דאק נוזל ירח פורח 75,יח',1.00,יח',false,,8.90,8.9000,true,1,6836602
5000204254617,false,סבון מוצק לאסלה ירח פורח 38.6 ג' דאק,דאופלור אס.פי.אי כונ,IT,דאק סבון מוצק לאסלה,יח',1.00,יח',false,,8.90,8.9000,true,1,6836604
5000204657883,false,קיווי משחת נעליים בקופסא חום 50 מל,ג' אל ראיה בוגור ג'א,ID,קיווי קופסא חום (קטן) 50מ,100 מל,50.00,100 מל,false,,5.80,0.1160,true,1,1047093
5000204657913,false,קיווי משחת נעליים בקופסא שחור 50 מל,ג' אל ראיה בוגור,ID,קיווי קופסא שחור(קטן) 50מ,100 מל,50.00,100 מל,false,,5.80,0.1160,true,1,1047094
5000204658064,false,"קיווי אקספרס ספוג הברקה שחור 7מ""ל",המאפיה של הרמן,ID,קיווי אקספרס ספוג הברקה ש,100 מל,6.00,100 מל,false,,13.90,2.3167,true,1,1047095
5000204658125,false,"קיווי נוזל נעליים קראון חום 75 מ""ל",אס' סי' ג'ונסון במה,ID,קיווי קראון נוזלי מבריק ח,100 מל,75.00,100 מל,false,,14.90,0.1987,true,1,1047096
5000204658187,false,"קיווי נוזל נעליים קראון שחור 75 מ""ל",אס' סי' ג'ונסון במה,ID,קיווי קראון נוזלי מבריק ש,100 מל,75.00,100 מל,false,,14.20,0.1893,true,1,1047097
5000204661392,false,"קיווי אקסטרא לארג' שחור(גדול) 100מ""ל",המאפיה של הרמן,ID,קיווי אקסטרא לארג' שחור(ג,100 מל,100.00,100 מל,false,,9.90,0.0990,true,1,1047101
5000394002272,false,דורסל סימפלי שמניות AA,,,דורסל סימפלי שמניות,יח',8.00,יח',false,,17.90,2.2375,true,1,4880286
5000394002463,false,דורסל סימפלי שמניות AAA,,,דורסל סימפלי שמניות,יח',8.00,יח',false,,17.90,2.2375,true,1,4880287
5000396037531,false,מקוויטיס ביסקוויט מצופה שוקולד חלב 200 גרם,ברנדס סרטרה נשיונל,GB,מקוויטיס ביסקוויט מצ,גרמים,200.00,100 גרם,false,,10.90,0.0545,true,1,3634684
5000396037548,false,מקוויטיס ביסקוויט מצופה שוקולד מריר 200 גרם,ברנדס סרטרה נשיונל,GB,מקוויטיס ביסקוויט מצ,גרמים,200.00,100 גרם,false,,10.90,0.0545,true,1,3634685
5000396037944,false,מקוויטיס ביסקוויט אורגינל 250 גרם,ברנדס סרטרה נשיונל,GB,מקוויטיס ביסקוויט קל,גרמים,250.00,100 גרם,false,,9.90,0.0396,true,1,3634660
5010026515919,false,מורנפלייק מוזלי נאטי 650 גרם,מורנפלייק Mornflake,GB,מוזלי קריספי נאטי 65,גרמים,650.00,100 גרם,false,,23.90,0.0368,true,1,6775727
5010026515933,false,מורנפלייק מוזלי פירות ואגוזים 750 גרם,מורנינג פוד,GB,מוזלי קריספי פירות ו,גרמים,750.00,100 גרם,false,,23.90,0.0319,true,1,6775728
5010026519368,false,מורנפלייק שיבולת שועל בשקית 500 גר,,,מורנפלייק שיבולת שוע,גרמים,500.00,100 גרם,false,,7.90,0.0158,true,1,6748593
5010029000252,false,וויטביקס תערובת דגנים מחיטה מלאה 430 גרם,וויטביקס,GB,וויטביקס תערובת דגני,גרמים,430.00,100 גרם,false,,22.90,0.0533,true,1,4017449
5010029219241,false,דגני בוקר וויטביקס מיני שוקולציפס 450 גר,וויטביקס Weetabix,,דגני בוקר וויטביקס מ,גרמים,450.00,100 גרם,false,,22.90,0.0509,true,1,4427382
5010038454831,false,"בקבוק בירה בלומון 330 מ""ל",בלו מון ברווינז קומפ,IL,בקבוק בירה בלומון 33,מיליליטרים,355.00,"100 מ""ל",false,,12.90,0.0363,true,1,6510053
5010067322453,false,תחליף אבקת סוכר טרוביה 280 גר,טרוביה Truvia,US,טרוביה תחליף אבקת סו,גרמים,280.00,100 גרם,false,,34.90,0.1246,true,1,6858425
5010123703585,false,ליסטרין שטיפת פה קולמינט 500 מל,גונסון אנד גונסון,IT,ליסטרין קולמינט 500מ,מיליליטרים,500.00,"100 מ""ל",false,,14.90,0.0298,true,1,5405947
5010182996799,false,ג'ל אסלה מנטרל ריחות בניחוח פרחי בר ורודים,דאופלור אס.פי.אי איט,IT,דאק ג'ל אסלה פרחי בר ורוד,מטרים,55.00,100 מ'ל,false,,9.90,0.1800,true,1,1047115
5010182997253,false,רייד תרסיס קוטל ג'וקים/תיקנים 300 מל,אס.סי.ג'ונסון מידרכט,NL,"RAIDקוטל ג'וקים 300מ""ל",מיליליטרים,300.00,"100 מ""ל",false,,13.90,0.0463,true,1,1047117
5010182997338,false,דאק ג'ל לניקוי אסלות בניחוח רענן 55 מל,"איטיליאן פוד, אס.פי.",IT,ט.ד ג'ל אסלה ניחוח רענן י,100 מל,55.00,100 מל,false,,9.90,0.1800,true,1,1047118
5010182997680,false,"רייד ארוסול קוטל נמלים - 300 מ""ל",אס.סי.ג'ונסון מידרכט,NL,"RAIDקוטל נמלים 300מ""ל",מיליליטרים,300.00,"100 מ""ל",false,,13.90,0.0463,true,1,1047122
5010182997918,false,דאק ג'ל לניקוי אסלות בניחוח ים 55 מל,"איטיליאן פוד, אס.פי.",IT,ט.ד ג'ל אסלה ניחוח ים כחו,גרמים,55.00,100 גרם,false,,9.90,0.1800,true,1,1047124
5010182998847,false,דאק נוזל לניקוי אסלות בניחוח ים 750 מל,מיוצר עי קונדיטוריית,NL,"טואלט דאק נוזל כחול 750מ""",מיליליטרים,750.00,"100 מ""ל",false,,8.90,0.0119,true,1,1047125
5010182998861,false,דאק נוזל לניקוי אסלות בניחוח רענן 750 מל,מיוצר עי קונדיטוריית,NL,"טואלט דאק נוזל ירוק 750מ""",מיליליטרים,750.00,"100 מ""ל",false,,8.90,0.0119,true,1,1047126
5010327000046,false,וויסקי גרנט'ס סקוטי,"איי, בי, אינבוו",,"גרנט'ס וויסקי 70 ס""ל",מיליליטרים,700.00,"100 מ""ל",false,,74.90,0.1070,true,1,1029817
5010677551281,false,"בקרדי בריזר לימון 275 מ""ל בקבוק",בקרדי בריזר Bacardi Breezer,BE,בקרדי בריזר לימון 275 בקב,מיליליטרים,275.00,"100 מ""ל",false,,12.90,0.0469,true,1,1017166
5010677551397,false,"בקרדי בריזר לימון ליים 275 מ""ל",בקרדי בריזר Bacardi Breezer,BE,בקרדי בריזר לימון לי,מיליליטרים,275.00,"100 מ""ל",false,,12.90,0.0469,true,1,1171367
5010677552387,false,"בקרדי בריזר אננס 275 מ""ל בקבוק",בקרדי בריזר Bacardi Breezer,BE,בקרדי בריזר אננס 275 בקבו,מיליליטרים,275.00,"100 מ""ל",false,,12.90,0.0469,true,1,1017167
5010677554398,false,"בקרדי בריזר אבטיח 275 מ""ל בקבוק",בקרדי בריזר Bacardi Breezer,BE,בקרדי בריזר אבטיח 275 בקב,מיליליטרים,275.00,"100 מ""ל",false,,12.90,0.0469,true,1,1017168
5010677850100,false,וודקה גריי גוס בקבוק,בקרדי מרטיני,FR,"גרייגוס 700 מ""ל",יח',1.00,יח',false,,104.90,104.9000,true,1,5986558
5011157630281,false,אורז לבן ארוך בסמטי טילדה Tilda,אלסקה/ טילדה,GB,אורז טילדה 1 קג,גרמים,1000.00,100 גרם,false,,19.90,0.0199,true,1,1030985
5011166059745,false,ויסקי פוגס סינגל מאל,,,וויסקי אירי סינגל מא,מטרים,700.00,100 מ'ל,false,,99.90,0.1427,true,1,6793749
5011408028034,false,"ספריי לשיער חזק מאוד לוריאל 400 מ""ל",לוריאל Loreal,,ספריי לשיער חזק מאוד,מיליליטרים,400.00,"100 מ""ל",false,,29.60,0.0740,true,1,1011766
5013931015802,false,מארז 3יח ספוגי החלפה עדין דיש מטיק,,,מארז 3יח ספוגי החלפה,יח',1.00,יח',false,,19.90,19.9000,true,1,6836576
5014271300429,false,"מעדן בטעם משמש לל""ס סאן דלפור 284 גרם",סנדלפור St.dalfour,FR,"מעדן בטעם משמש לל""ס",גרמים,284.00,100 גרם,false,,19.80,0.0697,true,1,1024844
5014271310428,false,מעדן דובדבנים שחורים ללא תוספת סוכר 284 גרם,המאפיה של הרמן,FR,מעדן בטעם דובדבנים ש,גרמים,284.00,100 גרם,false,,19.80,0.0697,true,1,1024845
5014271330426,false,מעדן אוכמניות כחולות ללא תוספת סוכר 284 גרם,סנדלפור St.dalfour,FR,מעדן אוכמניות כחולות,גרמים,284.00,100 גרם,false,,19.80,0.0697,true,1,1024846
5014271350424,false,מעדן ארבעה פירות ללא תוספת סוכר 284 גרם,המאפיה של הרמן,FR,מעדן בטעם ארבע פירות,גרמים,284.00,100 גרם,false,,19.80,0.0697,true,1,1024847
5014271360423,false,"מעדן תפוזים לל""ס סאן דלפור 284 גרם",המאפיה של הרמן,FR,"מעדן תפוזים לל""ס סאן",גרמים,284.00,100 גרם,false,,19.80,0.0697,true,1,1024848
5014271370422,false,מעדן אפרסקים ללא תוספת סוכר 284 גרם,סנדלפור St.dalfour,FR,"מעדן אפרסק לל""ס סאן",גרמים,284.00,100 גרם,false,,19.80,0.0697,true,1,1024849
5014271400426,false,"מעדן בטעם תות שדה לל""ס סאן דלפור 284 גרם",המאפיה של הרמן,FR,מעדן בטעם תות שדה לל,גרמים,284.00,100 גרם,false,,19.80,0.0697,true,1,1024852
5014271560427,false,מעדן תפוז וג'ינג'ר ללא סוכר סאן דלפור 284 גר,סנדלפור St.dalfour,FR,מעדן תפוז וג'ינג'ר ל,גרמים,284.00,100 גרם,false,,19.80,0.0697,true,1,1024853
5014271795980,false,מעדן חמוציות ואוכמניות ללא תוספת סוכר 284 גרם,סנדלפור St.dalfour,FR,מעדן חמוציות ואוכמני,גרמים,284.00,100 גרם,false,,19.80,0.0697,true,1,1024857
5026489484006,false,חטיף עדשים עגבניות ובזיליקום 40,לקסמי אנד סונס סי/אי,GB,חטיף עדשים עגבניות ו,גרמים,40.00,100 גרם,false,,7.90,0.1975,true,1,6803579
5026489500478,false,חטיף קינואה פפריקה 30 גר,cofresh snack foods,GB,חטיף קינואה פפריקה 3,גרמים,30.00,100 גרם,false,,7.90,0.2633,true,1,6803581
5028763007277,false,חוט דנטלי,,,חוט דנטלי,יח',1.00,יח',false,,14.90,14.9000,true,1,1171989
5028763010789,false,מברשת שיניים חשמלית מבוגרים,,,מברשת שיניים חשמלית,יחידה,0.00,יחידה,false,,24.90,0.0000,true,1,6883912
5029053039725,false,ממחטות נייר קלינקס נטורל פרש קופסה 72 דף,קימברלי קלארק,IL,טישו קלינקס נטורל פר,יח',1.00,יח',false,,9.90,9.9000,true,1,6812970
5029053510811,false,תחבושות נורמל פלוס עם כנפיים קוטקס 28 יחידות,קימברלי קלארק,CZ,תחבושות נורמל פלוס ע,יח',28.00,יח',false,,15.90,0.5679,true,1,1029494
5029053510828,false,תחבושות סופר פלוס עם כנפיים קוטקס 22יחידות,קימברלי קלארק,CZ,תחבושות סופר פלוס עם,יח',22.00,יח',false,,15.90,0.7227,true,1,1029495
5029053523446,false,קוטקס - תחבושות אולטרה נייט + כנפיים 20 יח',קימברלי קלארק,CZ,תחבושות ללילה עם כנפ,יח',20.00,יח',false,,15.90,0.7950,true,1,1029498
5029053527598,false,תחתוני ספיגה בנים לתופעת הרטבת לילה 8-15 האגיס,KC צ'כיה,CZ,תחתוני ספיגה בנים לת,יח',9.00,יח',false,,35.90,3.9889,true,1,1029501
5029053534602,false,קוטקס טמפוני סופר ללא מוליך 32 יח,קוטקס,CZ,טמפונים סופר קוטקס 3,יח',32.00,יח',false,,22.90,0.7156,true,1,1029508
5029053535210,false,קוטקס טמפונים עם מוליך מיני,קוטקס,CZ,טמפון עם מוליך מיני,יח',16.00,יח',false,,19.90,1.2437,true,1,1029509
5029053574110,false,האגיס פול אפס תח.גמילה יום בנים 20 יחידו,חוגלה,IL,פול אפס בנים יום 20,יח',1.00,יח',false,,42.90,42.9000,true,1,6768735
5029054220085,false,האגיס - מגבוני האגיס אקסטרה קר לא מבושם 56 יח' * 4,קימברלי,IL,מגבוני האגיס רך הנול,יח',56.00,יח',false,,24.90,0.4446,true,1,5277567
5035766060253,false,"בירה מרפיס, בירת סטאוט, פחית 500 מ""ל",מרפיס Murphys,IE,מרפיס 500 פחית 24 יח',מיליליטרים,500.00,"100 מ""ל",false,,12.90,0.0258,true,1,1017172
5050083559761,false,דגני בוקר קלוגס קוקו פופס שוקוס 500 גרם,קלוגס מניופקטורינג א,DE,קלוגס קוקו פופס שוקוס 500,גרמים,500.00,100 גרם,false,,14.90,0.0298,true,1,1028287
5053827193368,false,דגני בוקר קלוגס ברנפלקס 500 גרם,קלוגס Kellogg's,,דגני בוקר קלוגס ברנפ,גרמים,500.00,100 גרם,false,,21.90,0.0438,true,1,5510087
5059001003713,false,איירוויק - מקלות ריחניים בניחוח תאנה ופירות יער,רקיט בנקיזר,HU,ארוויק מקלות תאנה פ.,מטרים,30.00,100 מ'ל,false,,14.80,0.4933,true,1,6910517
5060045590213,false,"וויסקי גים בים תפוח 700 מ""ל",בים סנטורי,,ג'ים בים תפוח כשר,יח',1.00,יח',false,,79.90,79.9000,true,1,6791547
5060250343765,false,ריסס עוגיות קקאו במילוי חמאת בוטנים 96 ג,הרשיז,US,עוגיות ריזס ראונדס 9,גרמים,96.00,100 גרם,false,,9.90,0.1031,true,1,6866052
5060517886486,false,"מונסטר משקה אנרגיה קלאסי 500 מ""ל",מונסטר אנרג'י Monster Energy,RU,משקה אנרגיה קלאסי מו,מיליליטרים,500.00,"100 מ""ל",false,,6.50,0.0130,true,1,6674614
5060517886516,false,מונסטר אנרגי משקה אנרגיה אבסולוטלי זירו,מונסטר אנרג'י Monster Energy,RS,משקה אנרגיה זירו מונ,מיליליטרים,500.00,"100 מ""ל",false,,6.50,0.0130,true,1,6674615
5060639128051,false,"משקה אנרגיה מונסטר אולטרה פחית 500 מ""ל",מונסטר אנרג'י לימטד,RS,משקה אנרגיה אולטרה מ,מיליליטרים,500.00,"100 מ""ל",false,,6.50,0.0130,true,1,6728908
5060639129102,false,"משקה אנרגיה מונסטר אנרג'י מנגו 500 מ""ל",מונסטר אנרג'י Monster Energy,RS,משקה אנרגיה קלאסי מו,מיליליטרים,500.00,"100 מ""ל",false,,6.50,0.0130,true,1,6764173
5060751218173,false,"משקה אנרגיה מונסטר Pipline punch פח 500 מ""ל",מונסטר אנרג'י לימטד,RS,משקה אנרגיה קלאסי מו,מיליליטרים,500.00,"100 מ""ל",false,,6.50,0.0130,true,1,6861139
5060751219033,false,מונסטר אנרגי משקה אנרגיה אולטרה פרדייז,מונסטר אנרג'י לימטד,IE,משקה אנרגיה קלאסי מו,מיליליטרים,500.00,"100 מ""ל",false,,6.50,0.0130,true,1,6861140
5099864006377,false,תחליף חלב מהדרין שלב 1 סימילאק אדוונס 90,אבוט מעבדות רפואיות,ES,SIMILAC LAMEHADRIN - 1 90,גרמים,900.00,100 גרם,false,,69.80,0.0776,true,1,1027247
5099864006384,false,סימילאק למהדרין שלב 2 אריזת חיסכון 900 ג.,אבוט מעבדות רפואיות,ES,SIMILAC LAMEHADRIN - 2 90,גרמים,900.00,100 גרם,false,,69.80,0.0776,true,1,1027248
5099864006391,false,סימילאק למהדרין שלב 3 אריזת חיסכון 900 ג,אבוט מעבדות רפואיות,ES,SIMILAC LAMEHADRIN - 3 90,גרמים,900.00,100 גרם,false,,69.80,0.0776,true,1,1027249
5099873017623,false,"וויסקי גק דניאלס טנסי אפל 700 מ""ל",ג'ק דניאלס Jack Daniel's,BE,ג'ק דניאלס טנסי אפל,יח',1.00,יח',false,,99.90,99.9000,true,1,6772030
5200133120476,false,גלילות וופלים ממולאים קרם אגוזים וקקאו 400 ג',יוניליוור גרמניה Gm,GR,גליליות וופלים גולדן,גרמים,400.00,100 גרם,false,,17.90,0.0447,true,1,4696656
5201004020338,false,קפריס רולס קלאסיק 400 גרם,פפדופולוס,GR,קפריס רול קלאסי 400,גרמים,400.00,100 גרם,false,,19.70,0.0492,true,1,1990854
5201143734141,false,סאיוס אולאו אינטנס 4-60 חום זהוב,הנקל סוד,DE,צבע שיער סאיוס אולאו,יח',1.00,יח',false,,27.90,27.9000,true,1,6723343
5201178801054,false,"קרם רב שימושי ניוואה 250 מ""ל",טרופיקל דגיל תעשיות,DE,קרם רב שימושי ניוואה,מיליליטרים,250.00,"100 מ""ל",false,,19.90,0.0796,true,1,1025796
5201184012635,false,"צלחת 23 ס""מ",שמחה זה אנחנו,,"צלחת 23 ס""מ",יח',1.00,יח',false,,9.00,9.0000,true,1,1030659
5201184066508,false,נר מספר ממותג,פאלאס,,נר מספר ממותג,יח',1.00,יח',false,,2.50,2.5000,true,1,1030671
5201246002215,false,בירה פילס היילס Pils Hellas,הלניק בריויריס אוף א,GR,בירה פילס הילאס 500,מיליליטרים,500.00,"100 מ""ל",false,,5.50,0.0110,true,1,6703988
5201261201532,false,"מארז הייניקן פחית 500 מ""ל*4 יח'",טמפו,,"היינקן הולנד 500 מ""ל",ליטרים,2.00,ליטר,false,,36.90,18.4500,true,1,6797297
5201347400545,false,רצועות שעווה מוכנות לשימוש לפנים ולאזורים רגישים,רקיט בנקיזר צרפת,FR,Veet Blossom face Missoni,יח',20.00,יח',false,,19.90,0.9950,true,1,1036894
5201583750411,false,זירו-סוכריות ללא סוכר בטעם לימון עם סטיב,איתן,GR,זירו סוכריות ללא סוכ,יח',1.00,יח',false,,6.50,6.5000,true,1,6799719
5201583752217,false,סוכריות ללא סוכר בטעם מנטה במילוי שוקולד,איתן,GR,זירו סוכריות ללא סוכ,יח',1.00,יח',false,,6.50,6.5000,true,1,6799721
5201583752415,false,סוכריות ללא סוכר בטעם תפוז במילוי שוקולד,איתן,GR,זירו סוכריות ללא סוכ,יח',1.00,יח',false,,6.50,6.5000,true,1,6799722
5201940010110,false,זיתים שחורים קלמטה וילי פוד 250 גרם,סיוארס אס.איי,GR,זיתים שחורים קלמטה ו,גרמים,250.00,100 גרם,false,,14.90,0.0596,true,1,1027405
5202175001515,false,נאצ'וס בטעם מלוח 225 גרם,אל סבור מקסיקן פוד,TW,נאצוס בטעם מלוח 225,גרמים,225.00,100 גרם,false,,10.50,0.0467,true,1,3932053
5202175001546,false,נאצוס בטעם ברביקיו 225 גר,אל סבור מקסיקן פוד,TW,נאצוס בטעם ברביקיו 2,גרמים,100.00,100 גרם,false,,9.90,0.0990,true,1,3932055
5202175002451,false,טורטייה- מאפה על בסי,אל סבור מקסיקן פוד,TW,"טורטיה 25 ס""מ (4 יח'",יח',4.00,יח',false,,8.90,2.2250,true,1,1054393
5202287008020,false,צלחות חד פעמיות גדולות,לפיד,,צלחות חד פעמיות גדול,יח',50.00,יח',false,,11.90,0.2380,true,1,1035225
5202287008075,false,צלחות קטנות לבן 50 יח רגיל גורי,,,צלחות קטנות לבן 50 י,יח',1.00,יח',false,,8.90,8.9000,true,1,2461370
5202300043007,false,צבע לשיער קולסטון - 7/7 חום שטני,פרוקטר אנד גמבל,DE,צבע לשיער קולסטון 7/,יח',1.00,יח',false,,15.90,15.9000,true,1,1036426
5202300043069,false,צבע לשיער קולסטון - 2/8 שחור כחול,פרוקטר אנד גמבל,DE,צבע לשיער קולסטון 2/,יח',1.00,יח',false,,15.90,15.9000,true,1,1036431
5202300043144,false,צבע לשיער קולסטון - 9/0 בלונד בהיר מאוד,פרוקטר אנד גמבל,DE,צבע לשיער קולסטון 9/,יח',1.00,יח',false,,15.90,15.9000,true,1,1036432
5202300043168,false,צבע לשיער קולסטון - 7/0 בלונד בינוני,פרוקטר אנד גמבל,DE,צבע לשיער קולסטון 7/,יח',1.00,יח',false,,15.90,15.9000,true,1,1036434
5202300043175,false,צבע לשיער קולסטון - 6/0 בלונד כהה,פרוקטר אנד גמבל,DE,צבע לשיער קולסטון 6/,יח',1.00,יח',false,,15.90,15.9000,true,1,1036435
5202300043212,false,צבע לשיער קולסטון - 2/0 שחור,פרוקטר אנד גמבל,DE,צבע לשיער קולסטון 2/,יח',1.00,יח',false,,15.90,15.9000,true,1,1036439
5202300043267,false,צבע לשיער קולסטון - 9/1 בלונד אפרפר בהיר מאוד,פרוקטר אנד גמבל,DE,צבע לשיער קולסטון 9/,יח',1.00,יח',false,,15.90,15.9000,true,1,1036441
5202300043281,false,צבע לשיער קולסטון - 7/1 בלונד אפרפר בינוני,פרוקטר אנד גמבל,DE,צבע לשיער קולסטון 7/,יח',1.00,יח',false,,15.90,15.9000,true,1,1036443
5202300043601,false,צבע לשיער קולסטון - 7/45 אדום לוהט,פרוקטר אנד גמבל,DE,צבע לשיער קולסטון 7/,יח',1.00,יח',false,,15.90,15.9000,true,1,1036451
5202390014192,false,גבינה צהובה טבעונית זיתים ויאו לייף 200 ג',פרוטרופיק סיה.,GR,צהובה טבעונית עם זית,גרמים,200.00,100 גרם,false,,21.90,0.1095,true,1,4550060
5202390014239,false,גבינה צהובה טבעונית עשבי תיבול ויאו לייף 200 ג',פרוטרופיק סיה.,GR,צהובה טבעונית+עשבי ת,גרמים,200.00,100 גרם,false,,21.90,0.1095,true,1,4550062
5202390015618,false,גבינה צהובה טבעונית אורגינל ויאו לייף 200 ג',אריביה אס.אי. 57022,GR,צהובה טבעוני אורגינא,גרמים,200.00,100 גרם,false,,21.90,0.1095,true,1,3941560
5202390015885,false,ויולייפ צד'ר פרוסות 200 גר 200 גר,ביוט איילנד פודס בעמ,GR,ויולייפ צד'ר פרוסות,גרמים,200.00,100 גרם,false,,21.90,0.1095,true,1,6870013
5202390021121,false,קרמי אוריגינל טבעוני ויולייף 150 גר,ביוט איילנד פודס בעמ,GR,קרמי אורגינל טבעוני,גרמים,150.00,100 גרם,false,,18.80,0.1253,true,1,5678085
5202390022319,false,ויולייפ צד'ר מגורדת 150 גר,ביוט איילנד פודס בעמ,GR,ויולייפ צד'ר מגורדת,גרמים,150.00,100 גרם,false,,21.90,0.1460,true,1,6870014
5292982024463,false,הכדור הרשמי – MONDIAL,,,הכדור הרשמי – MONDIA,יח',1.00,יח',false,,39.90,39.9000,true,1,6928846
5292982024821,false,הכדור הרשמי – MONDIAL,,,הכדור הרשמי – MONDIA,יח',1.00,יח',false,,39.90,39.9000,true,1,6928847
5292982028652,false,הכדור הרשמי – MONDIAL,,,הכדור הרשמי – MONDIA,יח',1.00,יח',false,,39.90,39.9000,true,1,6928849
5391523057929,false,סימילאק גולד שלב 1 תרכובת מזון על בסיס חלב,אבוט מעבדות רפואיות,IE,סימילאק גולד שלב 1 7,גרמים,700.00,100 גרם,false,,69.80,0.0997,true,1,4755245
5391523057936,false,סימילאק גולד שלב 2 תרכובת מזון על בסיס חלב,אבוט מעבדות רפואיות,IE,סימילאק גולד שלב 2 7,גרמים,700.00,100 גרם,false,,69.80,0.0997,true,1,4755246
5391523057943,false,סימילאק גולד שלב 3 תרכובת מזון על בסיס חלב,אבוט מעבדות רפואיות,IE,סימילאק גולד שלב 3 7,גרמים,700.00,100 גרם,false,,69.80,0.0997,true,1,4755247
5391523058063,false,סימילאק אדבנס פלוס 1 תרכובת מזון על בסיס חלב,טרופיקל דגיל תעשיות,IE,סימילאק אדוונס פלוס,גרמים,700.00,100 גרם,false,,64.80,0.0926,true,1,5121997
5391523058070,false,סימילאק אדבנס פלוס 3 תרכובת מזון על בסיס חלב,טרופיקל דגיל תעשיות,IE,סימילאק אדוונס פלוס,גרמים,700.00,100 גרם,false,,64.80,0.0926,true,1,5121998
5391523058087,false,סימילאק אדבנס פלוס 2 תרכובת מזון על בסיס חלב,טרופיקל דגיל תעשיות,IE,סימילאק אדוונס פלוס,גרמים,700.00,100 גרם,false,,64.80,0.0926,true,1,5121999
5410091678005,false,"סאיוס - ספריי לשיער ליצירת נפח 400 מ""ל",שוורצקוף,SI,סאיוס ספריי ווליום ל,מיליליטרים,400.00,"100 מ""ל",false,,27.90,0.0697,true,1,1016650
5410091708955,false,"סאיוס - ספריי לשיער קרטין 400 מ""ל",שוורצקופף והנקל,DE,סאיוס ספריי שיין אנד,מיליליטרים,400.00,"100 מ""ל",false,,27.90,0.0697,true,1,1098156
5410103161518,false,קרם יום עם פעולה משולשת לעור רגיל ומעורב,"לוריאל ישראל בע""מ",DE,דרמו פעולה משולשת רג,מטרים,50.00,100 מ'ל,false,,44.90,0.8980,true,1,1011800
5410103161617,false,קרם יום עם פעולה משולשת Triple active לעור יבש ועדין,"לוריאל ישראל בע""מ",DE,דרמו פעולה משולשת יב,מטרים,50.00,100 מ'ל,false,,44.90,0.8980,true,1,1011801
5410126006087,false,עוגיות לוטוס ארוזות בתפזורת 700 גרם,לוטוס ביקרי נ.וי.,BE,עוגיות לוטוס 700 גרם,גרמים,700.00,100 גרם,false,,19.90,0.0284,true,1,1028302
5410126006360,false,לוטוס עוגיות סנדוויץ' במילוי לוטוס 150 גר',לוטוס ביקרי בלגיה נ.,BE,לוטוס עוגיות סנדויץ,גרמים,150.00,100 גרם,false,,8.90,0.0593,true,1,6809707
5410126106183,false,עוגיות לוטוס 50 יחידות ארוזות בנפרד 312 גרם,כלורוקס אוקלנד,BE,"ביסקויט קרמל 312 גרם בד""צ",גרמים,312.00,100 גרם,false,,16.80,0.0538,true,1,1028304
5410126116953,false,ממרח לוטוס ביסקויט קרמל 400 גרם,לוטוס בייקרי בלגיה נ,BE,ממרח עוגיות לוטוס קרמל,גרמים,400.00,100 גרם,false,,19.90,0.0497,true,1,1028306
5410126666038,false,לוטוס עוגיות קרמל 279 גרם,לוטוס ביקרי נ.וי,BE,עוגיות לוטוס 279 גר,גרמים,279.00,100 גרם,false,,9.90,0.0355,true,1,5277749
5410126716016,false,"עוגיות לוטוס ביסקויט קרמל בד""צ 250 גרם",לוטוס ביקרי בלגיה,BE,ביסקויט בטעם קרמל לוטוס 2,גרמים,250.00,100 גרם,false,,10.90,0.0436,true,1,1028307
5410126726947,false,ממרח לוטוס ביסקויט קרמל קראנץ' 380 גרם,לוטוס בייקרי בלגיה נ,BE,ממרח עוגיות לוטוס קראנץ',גרמים,380.00,100 גרם,false,,19.90,0.0524,true,1,1089334
5410173210055,false,רומבוטס קפה קלוי וטחון לפילטר 10 יח' 70 גרם,קופי רומבוטס,BE,רומבוסט קפה טחון וקל,גרמים,70.00,100 גרם,false,,14.90,0.2129,true,1,1028925
5410228144755,false,"בירה סטלה ארטואה שישייה בקבוק 330 מ""ל",קרלסברג יבוא יצוא,IL,בירה סטלה שישייה 33,ליטרים,1.98,ליטר,false,,24.90,12.5758,true,1,1013218
5410228267515,false,"שישיית בירה לאגר באדוויזר 6*330 מ""ל",באדווייזר Budweiser,GB,בירה בדוויזר שישייה,יח',1.00,יח',false,,29.90,29.9000,true,1,6382612
5410291021991,false,צ`וקטה ממרח אגוזי לוז עם קקאו 700 גר`,צ'וקטה Chocketa,BE,צוקטה ממרח אגוזי לוז,גרמים,700.00,100 גרם,false,,19.80,0.0283,true,1,1736364
5410291022011,false,ממרח אגוזי לוז עם קקאוי 350 ג' צ'וקטה,צ'וקטה Chocketa,BE,צוקטה ממרח אגוזי לוז,גרמים,350.00,100 גרם,false,,11.80,0.0337,true,1,1736365
5410291022738,false,צ'וקטה ממרח חלב ואגוזי לוז עם קקאוי 350ג',צ'וקטה Chocketa,BE,ממרח אגוזים צוקטה 35,גרמים,350.00,100 גרם,false,,11.80,0.0337,true,1,2561069
5410291022752,false,ממרח אגוזי לוז עם קקאו 350 גרם ווסטהיים,צ'וקטה Chocketa,BE,צוקטה ממרח אגוזי לוז,גרמים,385.00,100 גרם,false,,11.80,0.0306,true,1,2497081
5410291022776,false,צוקטה ממרח אגוזי לוז וקקאו 700 גר,צ'וקטה Chocketa,BE,צוקטה ממרח אגוזי לוז,גרמים,700.00,100 גרם,false,,19.80,0.0283,true,1,2497082
5410316983693,false,"סמירנוף אייס בקבוק 275 מ""ל",סמירנוף אייס Smirnoff ice,IT,"אייס סמירנוף 275 מ""ל",מיליליטרים,275.00,"100 מ""ל",false,,11.70,0.0425,true,1,1013222
5410769100081,false,"בירה לה שוף קטן 330 מ""ל בקבוק","איי, בי, אינבוו",BE,בירה לה שוף קטן 330,מיליליטרים,330.00,"100 מ""ל",false,,13.90,0.0421,true,1,3922142
5410769200088,false,"בירה מק שוף קטן 330 מ""ל בקבוק",פארייפאבה אגרואינדוס,BE,בירה מק שוף קטן 330,מיליליטרים,330.00,"100 מ""ל",false,,13.90,0.0421,true,1,3922143
5410769800097,false,"בירה לה צרי שוף 8% 330 מ""ל בקבוק",פארייפאבה אגרואינדוס,BE,בירה צ'רי שוף 8% 330,מיליליטרים,330.00,"100 מ""ל",false,,13.90,0.0421,true,1,3922144
5411188081852,false,אלפרו משקה סויה בטעם וניל 1 ל',הנסיך- מפעל לייצור ט,BE,אלפרו משקה סויה וניל,ליטרים,1.00,ליטר,false,,11.90,11.9000,true,1,1083147
5411188094159,false,"אלפרו מעדן סויה בטעם שוקולד מריר 4*125 מ""ל",הנסיך- מפעל לייצור ט,BE,אלפרו מעדן סויה בטעם,מיליליטרים,500.00,"100 מ""ל",false,,15.90,0.0318,true,1,1017776
5411188094173,false,רביעיה מעדן סויה טעם קרמל 125 ג' אלפרו,אלפרו,BE,אלפרו מעדן סויה בטעם,גרמים,100.00,100 גרם,false,,16.90,0.1690,true,1,3001468
5411188110835,false,אלפרו חלב סויה שקדים וניל 1ל',הנסיך- מפעל לייצור ט,BE,אלפרו משקה שקדים 1 ל,ליטרים,1.00,ליטר,false,,12.90,12.9000,true,1,1017783
5411188112709,false,"משקה קוקוס אלפרו 1 ליטר משקה שקדים לל""ס",הנסיך- מפעל לייצור ט,BE,משקה שקדים אלפרו ללת,ליטרים,1.00,ליטר,false,,12.90,12.9000,true,1,1128947
5411188115366,false,משקה קוקוס אלפרו 1 ליטר משקה שיבולת שועל 1 ליטר,הנסיך- מפעל לייצור ט,BE,אלפרו משקה שיבולת שו,ליטרים,1.00,ליטר,false,,12.90,12.9000,true,1,1082691
5411188115434,false,משקה אלפרו בריסטה סויה 1 ליטר,אלפרו Alpro,BE,אלפרו בריסטה סויה 1,ליטרים,1.00,ליטר,false,,13.90,13.9000,true,1,6841921
5411188115472,false,אלפרו משקה סויה 1 ליטר,הנסיך- מפעל לייצור ט,BE,אלפרו חלב סויה 1 לי,יח',1.00,יח',false,,11.90,11.9000,true,1,6732496
5411188120742,false,משקה קוקוס אלפרו 1 ליטר שקדים וניל 1 ל',הנסיך- מפעל לייצור ט,BE,אלפרו משקה שקדים בטע,ליטרים,1.00,ליטר,false,,12.90,12.9000,true,1,1272375
5411188120957,false,"אלפרו תערובת לבישול על בסיס קוקוס 250 מ""ל",אלפרו Alpro,BE,אלפרו קוקוס לבישול 2,מטרים,250.00,100 מ'ל,false,,9.80,0.0392,true,1,6839773
5411188121923,false,"משקה סויה מועשר סידן אלפרו 3*250 מ""ל",הנסיך- מפעל לייצור ט,BE,משקה סויה מועשר סידן,מיליליטרים,750.00,"100 מ""ל",false,,14.80,0.0197,true,1,4347105
5411188121978,false,"משקה סויה בטעם שוקולד 3 * 250 מ""ל אלפרו",אלפרו C.V.A,BE,משקה סויה מועשר סידן,מיליליטרים,750.00,"100 מ""ל",false,,14.90,0.0199,true,1,4158365
5411188127697,false,אלפרו משקה בריסטה שיבולת שועל 1 ליטר,הנסיך- מפעל לייצור ט,BE,אלפרו בריסטה שיבולת,ליטרים,1.00,ליטר,false,,10.90,10.9000,true,1,6732497
5411188134985,false,אלפרו 3.5% NOT M*LK שיבולת שועל 1 ליטר בית יוסף,הנסיך- מפעל לייצור ט,BE,אלפרו 3.5% שיבולת שו,גרמים,1000.00,100 גרם,false,,13.90,0.0139,true,1,6796730
5411188135005,false,אלפרו 1.8% NOT M*LK שיבולת שועל 1 ליטר בית יוסף,הנסיך- מפעל לייצור ט,BE,אלפרו 1.8% שיבולת שו,גרמים,1000.00,100 גרם,false,,13.90,0.0139,true,1,6796731
5411188300328,false,אלפרו סויה שוקו 1 ליטר * 8 יחי,הנסיך- מפעל לייצור ט,BE,אלפרו משקה סויה שוקו,ליטרים,1.00,ליטר,false,,11.90,11.9000,true,1,1017786
5411188513483,false,"אלפרו סויה לבישול 14% שומן 250 מ""ל",אלפרו C.V.A,BE,אלפרו סויה לבישול 14,מטרים,250.00,100 מ'ל,false,,7.90,0.0316,true,1,6830126
5411188543398,false,אלפרו משקה סויה ללא סוכר 1 ליטר,הנסיך- מפעל לייצור ט,BE,אלפרו חלב סויה ללא ס,יח',1.00,יח',false,,11.90,11.9000,true,1,6732499
5411681014005,false,בירה דובל 330 מל פקד,פארייפאבה אגרואינדוס,IL,דובל בירה 8.5% 330 מ,מיליליטרים,330.00,"100 מ""ל",false,,12.90,0.0391,true,1,1288717
5411681038001,false,מרדסו בירה חזקה 10% 330מל,"איי, בי, אינבוו",BE,מרדסו בירה חזקה 10%,מיליליטרים,330.00,"100 מ""ל",false,,12.90,0.0391,true,1,1288718
5412533001617,false,נוזל לניקוי כלים אלוורה ולימון 1 ליטר,השחר,BE,נוזל ניקוי לכלי אלוו,ליטרים,1.00,ליטר,false,,15.90,15.9000,true,1,1026318
5412865030668,false,פשקז - דקיקי שוקולד מנטה 200 גרם,,,דקיקי מנטה 200 גרם,גרמים,200.00,100 גרם,false,,15.80,0.0790,true,1,3471563
5413216990242,false,בונבוניירה צדפים ממולאים בקרם אגוזים,נאטראג'קאלי,BE,צ'וקטה צדפי שוקולד 2,גרמים,250.00,100 גרם,false,,14.90,0.0596,true,1,1294145
5413548280189,false,קינדר שוקובון 16 יחידות,קינדר,BE,קינדר שוקובון 125 גר,גרמים,125.00,100 גרם,false,,11.90,0.0952,true,1,1028931
5449000131805,false,"קוקה קולה זירו פחית 330 מ""ל",קוקה קולה,,"קולה זירו פחית 330מ""",מטרים,4950.00,100 מ'ל,false,,39.90,0.0081,true,1,6883240
5557778881232,false,"סיר סטואז פרימיום 30 ס""מ אינדוקציה",,,סיר סטואז פרימיום 30,יח',1.00,יח',false,,99.90,99.9000,true,1,6804988
5566774568870,false,"סיר מיני שף 14 ס""מ",,,"סיר מיני שף 14 ס""מ",יח',1.00,יח',false,,29.90,29.9000,true,1,3734451
5566774568894,false,מכסה פלא אוניברסלי,,,מכסה פלא אוניברסלי,יח',1.00,יח',false,,29.90,29.9000,true,1,3576769
5566774569099,false,כותש שום אגרונומי,,,כותש שום אגרונומי,יח',1.00,יח',false,,19.90,19.9000,true,1,4725007
5566774569129,false,מברשת סיליקון איכותית,,,מברשת סיליקון איכותי,יח',1.00,יח',false,,9.90,9.9000,true,1,4725010
5566774569198,false,קולפן פטנט 3 מצבים,,,קולפן פטנט 3 מצבים,יח',1.00,יח',false,,19.90,19.9000,true,1,4725017
5566774569693,false,סכין שף סנטוקו איכות,,,סכין סנטוקו,יח',1.00,יח',false,,19.90,19.9000,true,1,5811274
5566774570026,false,צידנית מתקפלת איכותית רמי לוי,,,צידנית מתקפלת איכותי,יח',1.00,יח',false,,19.90,19.9000,true,1,6146090
5566774570385,false,מסננת איכותית 7.5 איכותית,,,מסננת איכותית 7.5 אי,יח',1.00,יח',false,,12.90,12.9000,true,1,6607664
5566774570439,false,פורס ביצה משובח,,,פורס ביצה משובח,יח',1.00,יח',false,,14.90,14.9000,true,1,6607669
5566774570569,false,"סיר יציקה משובח 26 ס""מ",,,סיר יציקה משובח 26 ס,יח',1.00,יח',false,,69.90,69.9000,true,1,6683567
5566774570590,false,סט 2 משטחי במבוק 20*15 + 30.5*22.5,,,סט 2 משטחי במבוק,יח',1.00,יח',false,,29.90,29.9000,true,1,6682646
5566774570682,false,מחבת לפנקייק משובחת,,,מחבת לפנקייק +מקל,יח',1.00,יח',false,,39.90,39.9000,true,1,6682648
5566774570699,false,סיר לפסטה,,,סיר לפסטה,יח',1.00,יח',false,,49.90,49.9000,true,1,6682649
5566774570729,false,מחבת עם תרווד,,,מחבת עם תרווד,יח',1.00,יח',false,,29.90,29.9000,true,1,6682651
5566774570781,false,רבעיית מברשות שיניים סיבי פחם רמי לוי,,,רבעיית מברשות שיניים,יח',1.00,יח',false,,9.90,9.9000,true,1,6730822
5566774570798,false,רבעיית מברשות שיניים סיבי זהב ופחם רמי לוי,,,רבעיית מברשות שיניים,יח',1.00,יח',false,,9.90,9.9000,true,1,6730823
5566774570804,false,רבעיית מברשות שיניים ניקוי מלא ועמוק שקוף רמי לוי,,,רבעיית מברשות שיניים,יח',1.00,יח',false,,9.90,9.9000,true,1,6730824
5566774570811,false,רבעיית מברשות שיניים ניקוי מלא ועמוק לבן רמי לוי,,,רבעיית מברשות שיניים,יח',1.00,יח',false,,9.90,9.9000,true,1,6730825
5566774570828,false,זוג מברשות שיניים סיבי זהב ופחם רמי לוי,,,זוג מברשות שיניים סי,יח',1.00,יח',false,,9.90,9.9000,true,1,6730826
5566774570835,false,רצועת רחצה עם ידית רמילוי,,,רצועת רחצה עם ידית ר,יח',1.00,יח',false,,9.90,9.9000,true,1,6717097
5566774570842,false,ספוג רחצה עדין רמילוי,,,ספוג רחצה עדין רמילו,יח',1.00,יח',false,,4.90,4.9000,true,1,6717098
5566774570859,false,רצועת רחצה עדינה רמילוי,,,רצועת רחצה עדינה רמי,יח',1.00,יח',false,,7.90,7.9000,true,1,6717123
5566774570873,false,רפפת רחצה רמילוי,,,רפפת רחצה רמילוי,יח',1.00,יח',false,,7.90,7.9000,true,1,6717100
5566774570880,false,מברשת רחצה רמילוי,,,מברשת רחצה רמילוי,יח',1.00,יח',false,,14.90,14.9000,true,1,6717101
5566774570903,false,כדורי ספוג עדינים שלישייה רמילוי,,,כדורי ספוג עדינים של,יח',1.00,יח',false,,8.90,8.9000,true,1,6717103
5566774570910,false,ספוג רחצה דו צדדי זוג רמילוי,,,ספוג רחצה דו צדדי זו,יח',1.00,יח',false,,8.90,8.9000,true,1,6717104
5566774571122,false,סכין רב שימושית משובחת,,,סכין רב שימושית משוב,יח',1.00,יח',false,,9.90,9.9000,true,1,6715944
5566774572457,false,יעה מוט מתקפל איטלקי,,,יעה מוט מתקפל איטלקי,יח',1.00,יח',false,,14.90,14.9000,true,1,6750793
5566774572464,false,עגלת שוק רמי לוי,,,עגלת שוק רמי לוי,יח',1.00,יח',false,,39.90,39.9000,true,1,6750794
5566774572488,false,זוג מברשות שיניים רמי לוי,,,זוג מברשות שיניים רמ,יח',1.00,יח',false,,9.90,9.9000,true,1,6754382
5566774572631,false,שלישייה 60A E27 12W,,,שלישייה 60A E27 12W,יח',1.00,יח',false,,19.90,19.9000,true,1,6814288
5566774572648,false,שלישייה 60A E27 12W,,,שלישייה 60A E27 12W,יח',1.00,יח',false,,19.90,19.9000,true,1,6814289
5566774573720,false,צנצנת זכוכית עם מכסה 1200 ML,,,צנצנת זכוכית עם מכסה,יח',1.00,יח',false,,14.90,14.9000,true,1,6812092
5566774573775,false,כבל מאריך 1.5*3 עד 6 מטר,,,כבל מאריך 1.5*3 עד 6,יח',1.00,יח',false,,39.90,39.9000,true,1,6804484
5566774573782,false,מפצל חשמל 1ל 2 בליסטר,,,מפצל חשמל 1ל 2 בליסט,יח',1.00,יח',false,,7.90,7.9000,true,1,6804485
5566774574079,false,שטיח כניסה משובח,,,שטיח כניסה משובח,יח',1.00,יח',false,,14.90,14.9000,true,1,6812537
5566774574086,false,חנוכיית מעוז ענקית,,,חנוכיית מעוז ענקית,יח',1.00,יח',false,,149.00,149.0000,true,1,6816720
5566774574116,false,אלמוגית משולשת ואקום,,,אלמוגית משולשת ואקום,יח',1.00,יח',false,,14.90,14.9000,true,1,6816306
5566774574185,false,מנעול הפלא,,,מנעול הפלא,יח',1.00,יח',false,,29.90,29.9000,true,1,6826679
5566774574192,false,שעון שבת איכותי,,,שעון שבת איכותי,יח',1.00,יח',false,,19.90,19.9000,true,1,6815544
5566774574291,false,סיר לפסטה,,,סיר לפסטה,יח',1.00,יח',false,,49.90,49.9000,true,1,6891254
5566774574321,false,סט קופסאות פרימיום,,,סט קופסאות פרימיום,יח',1.00,יח',false,,59.90,59.9000,true,1,6846064
5600286004072,false,תפוחונים מתקתק אורגני 40 גרם,נטורפוד,PT,תפוחונים אורגניים מת,יח',1.00,יח',false,,6.90,6.9000,true,1,6718515
5600395034748,false,מקרלים בשמן זית אורגני 120 גר,,,מקרלים בשמן זית אורג,גרמים,150.00,100 גרם,false,,8.70,0.0580,true,1,6762269
5601008200444,false,עוגיות גודיס טבעות מצופות שוקולד חלב מרבה 150 גרם,הנסיך- מפעל לייצור ט,PT,עוגיות גודיס טבעות מ,גרמים,150.00,100 גרם,false,,5.80,0.0387,true,1,1017791
5601008200451,false,עוגיות גודיס טבעות מצופות שוקולד מריר מרבה 150 גרם,מרבה Merba,PT,עוגיות גודיס טבעות מ,גרמים,150.00,100 גרם,false,,5.80,0.0387,true,1,1017792
5601008200468,false,עוגיות גודיס טבעות מצופות שוקולד לבו מרבה 150 גרם,קריניציה ויטמינה אס,PT,עוגיות גודיס טבעות מ,גרמים,150.00,100 גרם,false,,5.80,0.0387,true,1,1017793
5601036205534,false,צבע לשיער אקסלנס קרם - 1 שחור,לוריאל Loreal,BE,אקסלנס קרם 1 שחור,יח',1.00,יח',false,,34.90,34.9000,true,1,1011806
5601036205589,false,צבע לשיער אקסלנס קרם - 5 חום טבעי,לוריאל Loreal,BE,אקסלנס קרם 5 חום טבע,יח',1.00,יח',false,,34.90,34.9000,true,1,1011811
5601036205725,false,לוריאל - אקסלנס קרם 10 בלונד מאוד מאוד בהיר,לוריאל Loreal,BE,אקסלנס קרם 10 בלונד,יח',1.00,יח',false,,34.90,34.9000,true,1,1011821
5601055005375,false,פינטרולס - עדשי שוקולד בגליל שלישיה 22 גרם,פינטרולס,PT,פינטרולס עדשי שוקול,יח',1.00,יח',false,,7.90,7.9000,true,1,6740193
5601055319854,false,מאגדת עדשי שוקולד פינטרולס 10*15 גרם,פינטרולס,PT,פינטרולס עדשי שוקול,גרמים,170.00,100 גרם,false,,17.90,0.1053,true,1,6740170
5601217129420,false,וולייט דפים למניעת העברת צבע 20 יחידות,רקיט בנקיזר,IT,וולייט דפים 20 יח,יח',20.00,יח',false,,19.90,0.9950,true,1,3668080
5701932026964,false,"הוטפופ גרעיני תירס להכנת פופקורן במיקרוגל בטעם טבעי, בתוספת מלח, 600 גרם",ליימן מותגים,US,פופקורן למיקרוגל בתו,גרמים,600.00,100 גרם,false,,14.80,0.0247,true,1,1028932
5701932026971,false,הוטפופ גרעיני תירס להכנת פופקורן במיקרוגל בטעם חמאה 600 גרם,ליימן מותגים,US,פופקורן למיקרוגל בטע,גרמים,600.00,100 גרם,false,,14.80,0.0247,true,1,1028933
5701932026995,false,"הוטפופ גרעיני תירס להכנת פופקורן במיקרוגל בטעם טבעי מופחת שומן, 510 גרם",קריניציה ויטמינה אס,US,פופקורן למיקרוגל ליי,גרמים,510.00,100 גרם,false,,14.80,0.0290,true,1,1028934
5705550300963,false,ביצי דג שיבוט 200 גרם יורו פוד,אמנדה סיפודס,DK,ביצי דג שיבוט 200 גר,גרמים,200.00,100 גרם,false,,10.90,0.0545,true,1,6762270
5706516031358,false,פופקורן להכנה במיקרוגל בטעם טבעי מופחת שומן 5 שקיות,ליימן מותגים,US,פופקורן למיקרוגל מופ,גרמים,160.00,100 גרם,false,,14.80,0.0925,true,1,1028935
5706516110039,false,פופקורן למיקרוגל מופחת מלח הוטפופ 540 גרם,ליימן מותגים,US,פופקורן למיקרוגל מופ,גרמים,540.00,100 גרם,false,,14.80,0.0274,true,1,6716242
5711953106583,false,גבינת שמנת בטעם טבעי 200 גרם ארלה,ארלה פודס אמבה,DK,ארלה גבינת שמנת טבעי,גרמים,200.00,100 גרם,false,,13.80,0.0690,true,1,6371920
5711953106590,false,גבינת שמנת ארלה שמנת שום 200 גרם,ארלה פודס אמבה,DK,ארלה גבינת שמנת ושום,גרמים,200.00,100 גרם,false,,13.80,0.0690,true,1,6371921
5711953106606,false,גבינת שמנת עם תבלינים ועשבי תיבול 23.5%,ארלה פודס אמבה,DK,ארלה גבינת שמנת עשבי,גרמים,200.00,100 גרם,false,,13.80,0.0690,true,1,6371922
5711953148347,false,"גבינת שמנת טבעי ארלה, 300 גרם",ארלה,DK,גבינת שמנת ארלה 300ג,גרמים,300.00,100 גרם,false,,19.50,0.0650,true,1,6927905
5740900403215,false,ממרח מחמאת לורפק עם מלח 250 ג',לורפאק Lurpak,DK,ממרח לורפק עם מלח 25,גרמים,250.00,100 גרם,false,,16.90,0.0676,true,1,5417561
5740900403222,false,ממרח לורפק חמאה עם מלח מופחת שומן 250 ג,לורפאק Lurpak,DK,ממרח לורפק 250 גר,גרמים,250.00,100 גרם,false,,16.90,0.0676,true,1,5417562
5740900403239,false,ממרח לורפק ללא תוספת מלח 250 גר,לורפאק Lurpak,DK,ממרח לורפק ללא תוספת,גרמים,250.00,100 גרם,false,,16.90,0.0676,true,1,5417563
5740900403246,false,ממרח לורפק ללא תוספת מלח 500 גר,לורפאק Lurpak,DK,ממרח לורפק ללא תוספת,גרמים,500.00,100 גרם,false,,27.90,0.0558,true,1,5417564
5740900403253,false,ממרח מחמאת לורפק עם מלח 500 ג',לורפאק Lurpak,DK,ממרח לורפק עם מלח 50,גרמים,500.00,100 גרם,false,,27.90,0.0558,true,1,5417565
5740900403260,false,ממרח מחמאת לורפק ללא מלח 27% פחות שומן,ארלה פודס אמבה,DK,ממרח לורפק ללא תוספת,גרמים,250.00,100 גרם,false,,16.90,0.0676,true,1,5417566
5765220190379,false,בלוני אותיות יום הולדת שמח,,,בלוני אותיות יום הול,יח',1.00,יח',false,,24.90,24.9000,true,1,6816676
5765220190386,false,ערכת בלונים זהב יום הולדת שמח,,,בלוני אותיות יום הול,יח',1.00,יח',false,,24.90,24.9000,true,1,6816677
5765220190393,false,בלוני מספרים מ 9-0 מידה 16 אינץ,,,בלוני מספרים מ0-9 מי,יח',1.00,יח',false,,4.90,4.9000,true,1,6816678
5765220190409,false,נרות מספרים יום הולדת צבעוני,,,נרות מספרים יום הולד,יח',1.00,יח',false,,2.90,2.9000,true,1,6816679
5765220190416,false,נרות מספרים מקושט,,,נרות מספרים מקושט,יח',1.00,יח',false,,6.90,6.9000,true,1,6816680
5765220190454,false,מארז 12 נרות צבעוניים יום הולדת,,,מארז 12 נרות צבעוניי,יח',1.00,יח',false,,2.90,2.9000,true,1,6816684
5900017062419,false,"ניוואה - תחליב רחצה ורדים ושמן שקדים 750 מ""ל",ביירסדורף,DE,ניוואה תחליב רחצה ור,מיליליטרים,750.00,"100 מ""ל",false,,12.90,0.0172,true,1,6783983
5900020012814,false,דגנים תפוחים בטעם שוקולד נסקוויק נסטלה 500 גרם,מיוצר עי קונדיטוריית,PL,דגנים תפוחים בטעם שו,גרמים,500.00,100 גרם,false,,25.60,0.0512,true,1,1020090
5900020015174,false,פיטנס חטיפי אנרגיה דגנים בטעם שוקולד נסטלה 6*23.5 גרם,מיוצר עי קונדיטוריית,PL,פיטנס חטיפי אנרגיה ד,גרמים,141.00,100 גרם,false,,14.90,0.1057,true,1,1020091
5900020018908,false,פיטנס חטיפי אנרגיה דגנים בטעם קרם עוגיות נסטלה 6*23.5 גרם,מיוצר עי קונדיטוריית,PL,פיטנס חטיפי אנרגיה ד,גרמים,141.00,100 גרם,false,,14.90,0.1057,true,1,1020100
5900020020710,false,מארז חטיף דגנים קראנץ' בטעם שוקו וניל נסטלה,נסטלה פולין ברים,PL,מארז קראנץ בר שוקו ו,גרמים,150.00,100 גרם,false,,14.90,0.0993,true,1,1020101
5900020020741,false,חטיפי דגנים נסקוויק בר שוקו שוקו 6*25 גר,נסטלה פולין ברים,PL,נסקוויק בר דגנים שוק,גרמים,150.00,100 גרם,false,,14.90,0.0993,true,1,1020102
5900020022325,false,חטיף סיני מיניס Cini Minis בטעם קינמון - 6 במארז,נסטלה פולין דגני בוק,PL,חטיף בר סיני מיניס 6,גרמים,150.00,100 גרם,false,,14.90,0.0993,true,1,1105265
5900020024770,false,פיטנס - דליס חטיף דגנים שוקולד אגוז 22.50 גרם * 6,נסטלה פולין ברים,PL,פיטנס בר דליס שוקלד,גרמים,135.00,100 גרם,false,,14.90,0.1104,true,1,1210010
5900020024817,false,פיטנס דליס Fitness Delice חטיף דגנים עם שוקולד לבן,נסטלה פולין ברים,PL,פיטנס בר דליס שוקולד,גרמים,135.00,100 גרם,false,,14.90,0.1104,true,1,1191329
5900020025647,false,פיטנס דליס Fitness Delice חטיף דגנים עם שוקולד חלב,מיוצר עי קונדיטוריית,PL,פיטנס בר דליס שוקולד,גרמים,135.00,100 גרם,false,,15.80,0.1170,true,1,1191331
5900020026552,false,דגני בוקר האני נאט צ'יריוס בטעם דבש ושקדים,נסטלה צרפת איטנקורט,FR,האני נאט ציריוס 625,גרמים,625.00,100 גרם,false,,23.90,0.0382,true,1,1610881
5900020029669,false,פיטנס - חטיף דגנים פירות יער 23.50 גרם * 6,נסטלה פולין דגני בוק,PL,מארז חטיף פיטנס מארו,גרמים,141.00,100 גרם,false,,14.90,0.1057,true,1,3645599
5900020031877,false,נסטלה האני ציריוס חטיף דגני בוקר שישייה,נסטלה פולין דגני בוק,PL,צ'יריוס האני חטיף דג,גרמים,132.00,100 גרם,false,,14.90,0.1129,true,1,5008461
5900020033314,false,חטיף דגני בוקר Lion בטעם קרמל ושוקולד על קרם חלב,נסטלה פולין דגני בוק,PL,ליון חטיף דגנים מאגד,יח',1.00,יח',false,,14.90,14.9000,true,1,5482233
5900020034021,false,חטיף דגנים פיטנס שוקולד בננה 141 גרם,מיוצר עי קונדיטוריית,IL,חטיף דגנים פיטנס שוק,גרמים,141.00,100 גרם,false,,14.90,0.1057,true,1,5980106
5900020034991,false,דגני בוקר צדפים בטעם שוקולד 450 ג' קראנץ',סי. פי. פולין,IL,קראנץ צדפים טעם שוקו,גרמים,450.00,100 גרם,false,,21.90,0.0487,true,1,6577140
5900020036407,false,דגני בוקר ליון Lion בטעם שוקולד וקרמל,נסטלה פולין דגני בוק,US,ליון דגני בוקר שוקול,גרמים,480.00,100 גרם,false,,23.90,0.0498,true,1,6680434
5900020037916,false,דגני בוקר שיבולת שועל צ'ריוס 375ג',ג'נרל מילס סאן אדריא,FR,צריוס שיבולת שועל,גרמים,340.00,100 גרם,false,,14.90,0.0438,true,1,6767225
5900020039590,false,פיטנס חטיף דגנים קלאסי פרווה 8 6*23.5 ג,נסטלה פולין דגני בוק,PL,פיטנס חטיף דגנים קלא,גרמים,141.00,100 גרם,false,,14.90,0.1057,true,1,6814310
5900020039620,false,פיטנס חטיף דגנים שקדים ודבש פרווה 8 6*23 ג,נסטלה פולין ברים,PL,פיטנס חטיף דגנים שקד,גרמים,141.00,100 גרם,false,,14.90,0.1057,true,1,6814311
5900020041142,false,קורנפלקס פיטנס 500 ג' אסם,סי.פי.פולין,PL,פיטנס קורנפלקס 500 ג,גרמים,500.00,100 גרם,false,,12.90,0.0258,true,1,6920913
5900352001821,false,שוקולד חלב ממולא ג'לי לימון Mella,יעד ממתקים,,גלרטקה שוקולד לימון,גרמים,190.00,100 גרם,false,,7.90,0.0416,true,1,1031205
5900352002576,false,שוקולד חלב ממולא ג'לי אוכמניות Mella,יעד ממתקים,,גלרטקה אוכמניות 190,גרמים,190.00,100 גרם,false,,7.90,0.0416,true,1,1031206
5900352002866,false,חטיף שוקולד אליבי מק,אליבי מקס Alibi Max,,חטיפי אליבי שלישיות,גרמים,147.00,100 גרם,false,,2.50,0.0170,true,1,1031207
5900352012605,false,טייגר חטיף אליבי קוקוס 49 גרם,אליבי מקס Alibi Max,,טייגר חטיף אליבי קוק,גרמים,49.00,100 גרם,false,,2.50,0.0510,true,1,6858077
5900617035882,false,חטיף חלבון נוטרישיין בטעם שוקולד,גרנייה,PL,חטיף פרוטאין 33 שוקו,יח',1.00,יח',false,,9.90,9.9000,true,1,6820243
5900617035905,false,חטיף חלבון נוטרישיין בטעם קרמל מלוח,גרנייה,PL,חטיף פרוטאין 33 קרמל,יח',1.00,יח',false,,9.90,9.9000,true,1,6820244
5900617035929,false,חטיף חלבון נוטרישיין בטעם וניל תות יער,גרנייה,PL,חטיף פרוטאין 33 וניל,יח',1.00,יח',false,,9.90,9.9000,true,1,6820245
5900627063233,false,פיניש ALL IN ONE MAX טבליות 50 יחידות,רקיט בנקיזר,IL,"FINSH,IL,AIO48tabs-Morgan",יח',50.00,יח',false,,34.90,0.6980,true,1,1764734
5900627066715,false,טבליות למדיח פיניש הכל ב-1 100 יח,רקיט בנקיזר,PL,פיניש 100 טבליות,100 יח',100.00,100 יח',false,,58.90,0.5890,true,1,2610515
5900951284571,false,אוכל לכלבים פדיגרי ב,פדיגרי,US,פדיגרי בקר 400 גר,יח',1.00,יח',false,,9.90,9.9000,true,1,6766202
5901414200411,false,בלזן היט מיני ביסקוויט סנדוויץ' עם מילוי קרם בטעם שוקולד 130 גרם,ליימן שליסל,PL,עוגיות סנדוויץ' בטעם,גרמים,130.00,100 גרם,false,,5.90,0.0454,true,1,1028936
5901669486196,false,ברון שוקולד חלב בוטנים וצימוקים 300ג,,,ברון שוקולד חלב בוטנ,גרמים,300.00,100 גרם,false,,10.90,0.0363,true,1,6847950
5901669486257,false,ברון שוקולד מריר בוטנים וצימוקים 300ג,,,ברון שוקולד מריר בוט,גרמים,300.00,100 גרם,false,,10.90,0.0363,true,1,6847951
5901677007611,false,שוקולד חלב 300 גר ברון,,,שוקולד חלב 300 גר בר,יח',1.00,יח',false,,10.90,10.9000,true,1,6846544
5901888020508,false,חטיף דגנים עם קינואה בטעם צ'ילי 70 ג FREEYU,דנשר,PL,חטיף דגנים עם קינואה,גרמים,70.00,100 גרם,false,,12.70,0.1814,true,1,6885907
5901888020546,false,חטיף דגנים עם קינואה ומלח ים 70ג FREEYU,דנשר,PL,חטיף דגנים עם קינואה,גרמים,70.00,100 גרם,false,,12.70,0.1814,true,1,6885908
5901888020560,false,חטיף דגנים עם קינואה בטעם עשבי תיבול 70ג FREEYU,דנשר,PL,חטיף דגנים עם קינואה,גרמים,70.00,100 גרם,false,,12.70,0.1814,true,1,6885909
5902198160403,false,XL משקה אנרגיה מוגז ללא סוכר עד 10 קלוריות לפחית 250 מל,"טמפו משקאות בע""מ",IL,TEN XL פחית 250 מל,מיליליטרים,250.00,"100 מ""ל",false,,3.80,0.0152,true,1,3001020
5904941750312,false,"משקה אנרגיה BLU מוחיטו בודד 250 מ""ל",אקו - ביט,PL,משקה אנרגייה בלו מוח,מיליליטרים,250.00,"100 מ""ל",false,,4.20,0.0168,true,1,1037243
5904941751302,false,"משקה אנרגיה בלו 250 מ""ל- בודד",אקו - ביט,PL,משקה אנרגיה בלו 250,מיליליטרים,250.00,"100 מ""ל",false,,4.20,0.0168,true,1,1037244
5904941751371,false,"בלו אקזוטי (מלון תפוח) 250 מ""ל בודד",Unknown,,משקה בלו אקזוטיק 250,מיליליטרים,250.00,"100 מ""ל",false,,4.20,0.0168,true,1,3562546
5904941751524,false,"משקה אנרגיה BLU DAY אבטיח בודד 250 מ""ל",אקו - ביט,PL,משקה אנרגייה בלו אבט,מיליליטרים,250.00,"100 מ""ל",false,,4.20,0.0168,true,1,1037248
5904941751715,false,"משקה אנרגיה בלו קרנברי 250 מ""ל -בודד",אקו - ביט,PL,משקה אנרגיה חמוציות,מיליליטרים,250.00,"100 מ""ל",false,,4.20,0.0168,true,1,1037250
5904941751913,false,משקה אנרגיה בלו פסיפלורה 250 מל,בלו,,משקה בלו פסיפולרה 25,מיליליטרים,250.00,"100 מ""ל",false,,4.20,0.0168,true,1,1037255
5904941751920,false,בלו משקה אנרגיה דיי חצי מכמות הקלו250 מל,אקו - ביט,PL,משקה אנרגייה בלו דיי,מיליליטרים,250.00,"100 מ""ל",false,,4.20,0.0168,true,1,1037256
5904941751975,false,"בלו משקה אנרגיה דיי ענבים 250 מ""ל",אקוביט,PL,בלו משקה אנרגיה דיי,מטרים,250.00,100 מ'ל,false,,4.20,0.0168,true,1,6815939
5906485301012,false,"משקה אנרגיה XL פחית 250 מ""ל","טמפו משקאות בע""מ",IL,"XL 250 מ""ל פחית 24 יח'",מיליליטרים,250.00,"100 מ""ל",false,,3.80,0.0152,true,1,1017173
5941021001247,false,טבלת שוקולד בטעם קפה היידי גראנדור 80 ג',היידי שוקולד בירונטי,RO,טבלת היידי גראנדור ק,יח',1.00,יח',false,,9.50,9.5000,true,1,5894622
5941021001674,false,טבלת שוקולד היידי גראנדור 80% 80 ג',היידי שוקולד בירונטי,,היידי שוקולד 85% 80,יח',1.00,יח',false,,9.50,9.5000,true,1,5476799
5941021002190,false,טבלת שוקולד לבן אגוז היידי גראנדור 100 ג',היידי שוקולד בירונטי,,היידי גראנדור לבן אג,גרמים,100.00,100 גרם,false,,9.50,0.0950,true,1,6800262
5941021007577,false,טבלת שוקולד פיסטוק היידי גראנדור 80 ג',היידי שוקולד בירונטי,RO,היידי שוקולד חלב פיס,יח',1.00,יח',false,,9.50,9.5000,true,1,5476801
5941021011147,false,טבלת שוקולד פלורנטין מריר היידי גראנדור 100 ג',היידי שוקולד בירונטי,RO,טבלת היידי גראנדור פ,גרמים,100.00,100 גרם,false,,9.50,0.0950,true,1,5894781
5941021014483,false,טבלת היידי גראנדור פלורנטין לבן 100 גר,,RO,טבלת היידי גראנדור פ,גרמים,100.00,100 גרם,false,,9.50,0.0950,true,1,6870385
5941021016401,false,טבלת שוקולד מריר שקד היידי גראנדור 100 ג',היידי שוקולד בירונטי,PL,היידי גראנדור מריר ש,גרמים,100.00,100 גרם,false,,9.50,0.0950,true,1,6800263
5941021022303,false,טבלת שוקולד היידי מריר עם דובדבן 80 גר,,RO,טבלת היידי מריר עם ד,גרמים,80.00,100 גרם,false,,9.50,0.1188,true,1,6870386
5948559002753,false,5 מטליות ניקוי בעלות ספיגה מקסימלית,3m,IT,מטליות ניקוי ספיגה מ,יח',1.00,יח',false,,15.90,15.9000,true,1,6510095
5949152110838,false,"איירוויק מבשם אוויר ומנטרל ריחות - גשמים סגולים 237 מ""ל",רקיט בנקיזר,PL,איירוויק נטול גז 237,מטרים,237.00,100 מ'ל,false,,14.90,0.0629,true,1,6897936
5997321701806,false,אבקה למניעת אבנית במכונת כביסה 2 ב-1,רקיט בנקיזר פולין,PL,קלגון אבקה למניעת אב,לקג,1.00,לקג,false,,29.90,29.9000,true,1,3343959
5997321770307,false,ויט רצועות שעווה מוכנות לעור רגיש 12 יחידות,רקיט בנקיזר צרפת,FR,ויט רצועות שעווה מוכ,יח',12.00,יח',false,,19.90,1.6583,true,1,3902450
5998623526739,false,"יין הונגרי גוורצטרמינר 750 מ""ל כשר",דנוביאנה,HU,סי גראס גוורצטרמינר,מיליליטרים,750.00,"100 מ""ל",false,,29.90,0.0399,true,1,5921201
5998749108574,false,חטיף בקר לחתולים 60 גרם וויסקס,ויסקס Whiskas,PL,חטיף בקר לחתולים 60,יח',1.00,יח',false,,8.90,8.9000,true,1,1024208
5999887183225,false,סבון אסלה שלישייה,,,סבון אסלה שלישייה,יח',3.00,יח',false,,9.90,3.3000,true,1,3804457
6001067017523,false,קולגייט מברשת שיניים ילדים ספידרמן-ברבי 5+,יבואן ומשווק: ש. שסט,CN,קולגייט מברשת ילדים,יח',1.00,יח',false,,9.90,9.9000,true,1,1017796
6001067017530,false,קולגייט מברשת שיניים לילדים ספיידרמן,יבואן ומשווק: ש. שסט,CN,מברשת קולגייט ילדים,יח',1.00,יח',false,,9.90,9.9000,true,1,1017797
6111049000150,false,סרדין בשמן צמחי ולימון 125גר,אטלנטיק הום סרדינס א,MA,סרדין בשמן צמחי ולימ,גרמים,125.00,100 גרם,false,,4.90,0.0392,true,1,3240103
6111094000273,false,דארי קוסקוס שעורה 500 גרם,,,דארי קוסקוס שעורה 50,גרמים,500.00,100 גרם,false,,8.70,0.0174,true,1,6818762
6111119000011,false,"קוסקוס מרוקאי פרידה 1 ק""ג",אטלס קוסקוס,MA,קוסקוס מרוקאי פרידה,קילוגרמים,1.00,"לק""ג",false,,12.80,12.8000,true,1,3240105
6112017106867,false,מארז 6 כוסיות בלי רגל,,,מארז 6 כוסיות בלי רג,יחידה,0.00,יחידה,false,,9.90,0.0000,true,1,6890585
6191546003823,false,אריסה טוניסאית 190 גר,מונה פוד,,אריסה טוניסאית 190 ג,גרמים,190.00,100 גרם,false,,9.90,0.0521,true,1,6817475
6224009175062,false,תחתיות ארטישוק 3-7 1קג,O.K FRUIT,EG,תחתיות ארטישוק 3-7 1,גרמים,1000.00,100 גרם,false,,17.90,0.0179,true,1,6750173
6224009175147,false,"במיה קפואה 1 ק""ג",O.K FRUIT,EG,במיה 1קג,גרמים,1000.00,100 גרם,false,,11.90,0.0119,true,1,6750175
6281001510390,false,מברשת שיניים לילדים אקסטרא סופט לגילאי 0-2,קולגייט Colgate,CN,מברשת שיניים ילדים ל,יח',1.00,יח',false,,9.90,9.9000,true,1,1017803
6315280325588,false,טוסטר 4 פרוסות ענק BT-2558 BENATON,,,טוסטר 4 פרוסות ענק B,יח',1.00,יח',false,,149.90,149.9000,true,1,6850369
6807452794426,false,שיני שום קלופות 170,,,שיני שום קלוף,יח',1.00,יח',false,,8.90,8.9000,true,1,6745891
6902019042023,false,מטוסי קלקר להרכה 12י,,,מטוסי קלקר להרכה 12י,יח',1.00,יח',false,,9.90,9.9000,true,1,6816689
6902019042061,false,מארז בלונים 50 יח קרביץ,,,בלונים 50 יח,יח',1.00,יח',false,,10.70,10.7000,true,1,6329468
6908235694404,false,אוזניות מיקרופון אוניברסליות,ארטוס,,אוזניות מיקרופון,יח',1.00,יח',false,,19.90,19.9000,true,1,1048677
6908235694954,false,מטען רכב לאייפון 5,ארטוס,,מטען רכב לאייפון 5,יח',1.00,יח',false,,24.90,24.9000,true,1,1048699
6910191800287,false,אצות נורי בלו 10 דף (ננגטונג),ננטונג היידה אקווטוק,CN,אצות נורי בלו 10 דף,גרמים,25.00,גרם,false,,10.80,0.4320,true,1,1032876
6912977000140,false,אטריות שעועית 250 גר' ( Yantai)ללא גלוטן(כ),יאנטאי ינסידה לנוגקא,CN,אטריות שעועית 250 גר,גרמים,250.00,100 גרם,false,,8.70,0.0348,true,1,1066820
6920354822223,false,משחת שיניים נטורל גינגר קוקוס קולגייט 90 ג',קולגייט פלמוליב,PL,קולגייט נטורל משחת ש,מטרים,71.00,100 מ'ל,false,,29.90,0.4211,true,1,6792837
6921052701001,false,אצות וואקמה 40 גרם (רונגצ'אנג)(כ),ננטונג הידה אקוטיק פ,TH,אצות וואקמה 40 גרם (,גרמים,40.00,100 גרם,false,,8.50,0.2125,true,1,1032877
6921817800239,false,מאג יהלום,,,מאג יהלום,יח',1.00,יח',false,,3.90,3.9000,true,1,6781051
6922276100083,false,מחית וואסבי -חזרת 43 גרם (דליאן),דליאן ג'ינדה קונדימנ,CN,מחית וואסבי -חזרת 43,גרמים,43.00,100 גרם,false,,8.70,0.2023,true,1,1032878
6923450656310,false,"תותח קונפטי 40 ס""מ בשקית",,,תותח קונפטי 30סמ בשק,יח',1.00,יח',false,,8.90,8.9000,true,1,6816691
6934731200078,false,אטריות טריות דקות 200 גרם,יאנטאי ינסידה לנוגקא,CN,אטריות טריות דקות 20,גרמים,200.00,100 גרם,false,,6.90,0.0345,true,1,5904187
6934731210138,false,אטריות טריות עבות 200 גרם,יאנטאי ינסידה לנוגקא,CN,אטריות טריות עבות 20,גרמים,200.00,100 גרם,false,,6.90,0.0345,true,1,5904188
6934931264658,false,קופסא לתבנית אלומיניום,,,קופסת אחסון מלבנית,יחידה,0.00,יחידה,false,,12.90,0.0000,true,1,6868445
6934931264726,false,קופסת אחסון אניגליש קייק,,,קופסת אחסון אניגליש,יחידה,0.00,יחידה,false,,8.90,0.0000,true,1,6868446
6934931405464,false,פולי קפה קלויים 500 גר רמילוי,,,פולי קפה קלויים 500,יח',1.00,יח',false,,29.90,29.9000,true,1,6776467
6934931514296,false,קפה טורקי קלוי טחון עם הל 100 גר,,,קפה טורקי קלוי טחון,גרמים,100.00,100 גרם,false,,4.90,0.0490,true,1,6797406
6934931979156,false,קפה טורקי קלוי טחון 200ג מונדיאל,,,קפה טורקי קלוי טחון,גרמים,200.00,100 גרם,false,,6.90,0.0345,true,1,6913265
6936745600462,false,רוטב מירין לתיבול מז,דאנינג יוה פודס קו,CN,"מירין 500 מ""ל (דאניי",מיליליטרים,500.00,"100 מ""ל",false,,17.80,0.0356,true,1,1032900
6936745600783,false,"חומץ אורז 500 מ""ל (דאניינג)",דאנינג יוה פודס קו,CN,"חומץ אורז 500 מ""ל (ד",מיליליטרים,500.00,"100 מ""ל",false,,14.80,0.0296,true,1,1032901
6941156100166,false,מחית סויה אדומה - אקא מיסו 500 גר '(דליאן),מזרח ומערב,CN,מחית סויה אדומה - אק,גרמים,500.00,100 גרם,false,,13.90,0.0278,true,1,1032903
6941168412417,false,GOOD PHARM - אטבי כביסה צבעוניים 50 יח',,,אטבים 50 יחידות,מיליליטרים,500.00,"100 מ""ל",false,,14.90,0.0298,true,1,6507625
6951097101139,false,"כוס מאג קליר ניו בלינק 300 מ""ל",,,כוס מאג קליר ניו בלי,יח',1.00,יח',false,,4.90,4.9000,true,1,6875467
6970011910237,false,מצת איכותי חדש,,,מצת פרימיום,יח',1.00,יח',false,,8.90,8.9000,true,1,6797653
6970766341072,false,מאג רוזה,,,מאג רוזה,יח',1.00,יח',false,,4.90,4.9000,true,1,6912714
6974640730167,false,פטריות שיטאקה 100 גר (כ) (Zhejiang),ZHEJIANG FOREST INDU,CN,פטריות שיטאקה 100 גר,גרמים,100.00,100 גרם,false,,12.90,0.1290,true,1,6873164
6992021040506,false,בלונים מהודרים 10 יחידות,,,בלונים מהודרים 10 יח,יח',1.00,יח',false,,6.90,6.9000,true,1,6816699
7038516140357,false,ג'ורדן מברשת טוטאל קלין סופט רביעייה,מיוצר במלזיה עבור ג',NO,ג'ורדן מברשת טוטאל קלין ס,יח',1.00,יח',false,,14.90,14.9000,true,1,1047143
7038516140418,false,מברשת שיניים גורדן טוטל קלין מדיום 4 י,ג'ורדן Jordan,MY,ג'ורדן מברשת טוטאל קלין מ,יח',1.00,יח',false,,11.90,11.9000,true,1,1047144
7046110064016,false,ג'ורדן מארז זוג מברשת שיניים לילדים מגיל 3-5,ג'ורדן,MY,ג'ורדן מברשת לילדים,יח',2.00,יח',false,,14.90,7.4500,true,1,1284750
7046110064535,false,מארז זוג מברשת שיניים ג'ורדן ילדים 0-2,ג'ורדן Jordan,MY,ג'ורדן מברשת לילדים,יח',2.00,יח',false,,14.90,7.4500,true,1,1284752
7046110075036,false,ג'ורדן מב' שיניים אולטימייט יו *רביעיה *סופט,דנטלון,MY,ג'ורדן מב' שיניים או,4 יח',1.00,4 יח',false,,14.90,14.9000,true,1,4200018
7262626014158,false,בובה רותי מנגנת +אורות בשקית,,,בובה רותי מנגנת +אור,יח',1.00,יח',false,,29.90,29.9000,true,1,2757419
7262626111222,false,בובה דובי,,,דובי,יח',1.00,יח',false,,19.90,19.9000,true,1,6747111
7271730901261,false,ווקי מאק ארוחת אטריות עם גבינה 156 גרם,ניו וורלד פסטה קומפנ,US,מקרוני עם גבינה 156,גרמים,156.00,100 גרם,false,,10.90,0.0699,true,1,1026319
7290000000100,false,אבוקדו האס,,,עגבניה,קילוגרמים,1.00,"ק""ג",true,,4.90,4.9000,true,1,1031842
7290000000101,false,חבילת פיתות קטן 10 י,ביכורי השקמה,,מלפפון,קילוגרמים,1.00,"ק""ג",true,,3.90,3.9000,true,1,1031843
7290000000102,false,מי קוקוס אמפאווה+מוט,ביכורי השקמה,,גזר ארוז,קילוגרמים,1.00,"ק""ג",true,,2.90,2.9000,true,1,1031844
7290000000103,false,חלה רגילה,ביכורי השקמה,,פלפל כהה,קילוגרמים,1.00,"ק""ג",true,,6.90,6.9000,true,1,1031845
7290000000104,false,מאפינס-אוראו/נוטלה,ביכורי השקמה,,פלפל אדום,קילוגרמים,1.00,"ק""ג",true,,7.90,7.9000,true,1,1031846
7290000000105,false,חב' עירית טריה,ביכורי השקמה,,פלפל בהיר,קילוגרמים,1.00,"ק""ג",true,,6.90,6.9000,true,1,1031847
7290000000106,false,אנונה,ביכורי השקמה,,חציל,קילוגרמים,1.00,"ק""ג",true,,4.90,4.9000,true,1,1031848
7290000000107,false,קישוא ירוק,ביכורי השקמה,,קישוא ירוק,קילוגרמים,1.00,"ק""ג",true,,5.90,5.9000,true,1,1031849
7290000000108,false,קישואים זוקיני,ביכורי השקמה,,בצל יבש,קילוגרמים,1.00,"ק""ג",true,,2.90,2.9000,true,1,1031850
7290000000109,false,כרוב לבן,ביכורי השקמה,,כרוב לבן,קילוגרמים,1.00,"ק""ג",true,,2.90,2.9000,true,1,1031851
7290000000110,false,כרוב אדום,ביכורי השקמה,,כרוב אדום,קילוגרמים,1.00,"ק""ג",true,,3.90,3.9000,true,1,1031852
7290000000111,false,תפוח אדמה לבן ארוז,ביכורי השקמה,,תפוח אדמה לבן ארוז,קילוגרמים,1.00,"ק""ג",true,,3.90,3.9000,true,1,1031853
7290000000112,false,ברוקומיני,ביכורי השקמה,,צנונית,יח',1.00,יח',false,,4.90,4.9000,true,1,1031854
7290000000113,false,שום טרי עלים,ביכורי השקמה,,אגס,קילוגרמים,1.00,"ק""ג",true,,7.90,7.9000,true,1,1031855
7290000000114,false,תפוח עץ סטרקינג (אדו,ביכורי השקמה,,תפוח עץ סטרקינג (אדו,קילוגרמים,1.00,"ק""ג",true,,9.90,9.9000,true,1,1031856
7290000000115,false,תפוח עץ מוזהב,ביכורי השקמה,,תפוח עץ מוזהב,קילוגרמים,1.00,"ק""ג",true,,7.90,7.9000,true,1,1031857
7290000000116,false,תפוח עץ ירוק גרנד סמ,ביכורי השקמה,,תפוח עץ ירוק גרנד סמ,קילוגרמים,1.00,"ק""ג",true,,9.90,9.9000,true,1,1031858
7290000000117,false,עגבניות שרי תמר,ביכורי השקמה,,לימון,קילוגרמים,1.00,"ק""ג",true,,5.90,5.9000,true,1,1031859
7290000000120,false,קיווי,ביכורי השקמה,,קיווי,קילוגרמים,1.00,"ק""ג",true,,14.90,14.9000,true,1,1031862
7290000000121,false,קלמנטינה,ביכורי השקמה,,קלמנטינה,קילוגרמים,1.00,"ק""ג",true,,4.90,4.9000,true,1,1031863
7290000000122,false,תפוח עץ פינק בראשית,ביכורי השקמה,,תפוז,קילוגרמים,1.00,"ק""ג",true,,4.90,4.9000,true,1,1031864
7290000000123,false,חסה רגילה,ביכורי השקמה,,חסה רגילה,יח',1.00,יח',false,,6.90,6.9000,true,1,1031865
7290000000125,false,פטרוזיליה (בתפזורת),ביכורי השקמה,,פטרוזיליה (בתפזורת),יח',1.00,יח',false,,3.50,3.5000,true,1,1034922
7290000000126,false,כוסברה (בתפזורת),ביכורי השקמה,,כוסברה (בתפזורת),יח',1.00,יח',false,,3.50,3.5000,true,1,1034923
7290000000127,false,"קמח אחיד שטיבל 25 ק""",אדמה,,סלרי אמריקאי אדמה,יח',1.00,יח',false,,4.90,4.9000,true,1,1034924
7290000000128,false,קמח לבן בהיר שטיבל 3,ביכורי השקמה,,נענע (בתפזורת),יח',1.00,יח',false,,3.90,3.9000,true,1,1034925
7290000000129,false,אפונת שלג/סינית 200,אדמה,,שמיר (בתפזורת),יח',1.00,יח',false,,3.30,3.3000,true,1,1034926
7290000000131,false,חבילת שמיר טרי,ביכורי השקמה,,בצל ירוק,יח',1.00,יח',false,,3.90,3.9000,true,1,1034927
7290000000132,false,תפוחי אדמה לבן תפזור,ביכורי השקמה,,פלפל חריף,קילוגרמים,1.00,"ק""ג",true,,7.90,7.9000,true,1,1031867
7290000000133,false,חסה סלנובה,ביכורי השקמה,,שום יבש,יח',1.00,יח',false,,4.90,4.9000,true,1,1031868
7290000000134,false,פטריות יער,ביכורי השקמה,,בננה,קילוגרמים,1.00,"ק""ג",true,,4.90,4.9000,true,1,1031869
7290000000135,false,אפרסמון קרמבו,ביכורי השקמה,,אבוקדו,קילוגרמים,1.00,"ק""ג",true,,8.90,8.9000,true,1,1031870
7290000000136,false,אשכולית צהובה,ביכורי השקמה,,אשכולית צהובה,קילוגרמים,1.00,"ק""ג",true,,4.90,4.9000,true,1,1031871
7290000000137,false,פומלה,ביכורי השקמה,,פומלה,קילוגרמים,1.00,"ק""ג",true,,4.90,4.9000,true,1,1031872
7290000000138,false,גויאבה,ביכורי השקמה,,בטטה,קילוגרמים,1.00,"ק""ג",true,,6.90,6.9000,true,1,1031873
7290000000139,false,שומר,ביכורי השקמה,,שומר,קילוגרמים,1.00,"ק""ג",true,,5.90,5.9000,true,1,1031874
7290000000140,false,ענבים גדולים,ביכורי השקמה,,מלון,קילוגרמים,1.00,"ק""ג",true,,3.90,3.9000,true,1,1031875
7290000000141,false,דלורית,ביכורי השקמה,,דלורית,קילוגרמים,1.00,"ק""ג",true,,4.90,4.9000,true,1,1031876
7290000000142,false,אשכולית אדומה,ביכורי השקמה,,אשכולית אדומה,קילוגרמים,1.00,"ק""ג",true,,4.90,4.9000,true,1,1031877
7290000000143,false,תפוח אדמה כסביה,ביכורי השקמה,,תפוח אדמה כסביה,קילוגרמים,1.00,"ק""ג",true,,9.90,9.9000,true,1,1031878
7290000000144,false,שעועית הילדה,ביכורי השקמה,,אפרסמון,קילוגרמים,1.00,"ק""ג",true,,12.90,12.9000,true,1,1031879
7290000000148,false,תפוח ענה,,,תירס טרי,קילוגרמים,1.00,"ק""ג",true,,5.90,5.9000,true,1,1031881
7290000000149,false,תפוח עץ חרמון,ביכורי השקמה,,תפוח עץ חרמון,קילוגרמים,1.00,"ק""ג",true,,9.90,9.9000,true,1,1031882
7290000000151,false,סלק אדום,ביכורי השקמה,,סלק אדום,קילוגרמים,1.00,"ק""ג",true,,2.90,2.9000,true,1,1031884
7290000000153,false,זוג עוגיות אלפחורס,ביכורי השקמה,,מארז אבוקדו ברשת,קילוגרמים,1.00,"ק""ג",true,,8.90,8.9000,true,1,1031886
7290000000154,false,תות שדה,ביכורי השקמה,,תות שדה,גרמים,500.00,100 גרם,false,,14.90,0.0298,true,1,1031887
7290000000155,false,פטריות חורש במשקל,ביכורי השקמה,,רימון אדום,קילוגרמים,1.00,"ק""ג",true,,8.90,8.9000,true,1,1031888
7290000000158,false,צנון שחור/לבן,ביכורי השקמה,,קוקוס,יח',1.00,יח',false,,4.90,4.9000,true,1,1031891
7290000000161,false,חציל בלאדי,ביכורי השקמה,,צנון,קילוגרמים,1.00,"ק""ג",true,,4.90,4.9000,true,1,1031893
7290000000162,false,עגבניות שרי אדומות,ביכורי השקמה,,עגבניות שרי אדומות,קילוגרמים,1.00,"ק""ג",true,,9.90,9.9000,true,1,1031894
7290000000163,false,פוטוס בקערה 20,ביכורי השקמה,,ברוקולי,יח',1.00,יח',false,,8.90,8.9000,true,1,1031895
7290000000164,false,קלתיאה עציץ 12,ביכורי השקמה,,לפת,קילוגרמים,1.00,"ק""ג",true,,5.90,5.9000,true,1,1031896
7290000000166,false,דלעת,ביכורי השקמה,,דלעת,קילוגרמים,1.00,"ק""ג",true,,8.90,8.9000,true,1,1031897
7290000000167,false,שרי מנומר/צהוב,ביכורי השקמה,,קולורבי,קילוגרמים,1.00,"ק""ג",true,,5.90,5.9000,true,1,1031898
7290000000168,false,פלפל צהוב,ביכורי השקמה,,פלפל צהוב,קילוגרמים,1.00,"ק""ג",true,,4.90,4.9000,true,1,1031899
7290000000174,false,פלפל כתום,אדמה,,סלרי ראש,יח',1.00,יח',false,,3.49,3.4900,true,1,1034931
7290000000176,false,שעועית ירוקה,ביכורי השקמה,,שעועית ירוקה,קילוגרמים,1.00,"ק""ג",true,,14.90,14.9000,true,1,1031903
7290000000179,false,פול,ביכורי השקמה,,פול,קילוגרמים,1.00,"ק""ג",true,,5.90,5.9000,true,1,1031905
7290000000183,false,פטאיה,ביכורי השקמה,,אפרסק,קילוגרמים,1.00,"ק""ג",true,,5.90,5.9000,true,1,1031909
7290000000185,false,מלפפונים קטנטנים לה,ביכורי השקמה,,ענבים ירוקים,קילוגרמים,1.00,"ק""ג",true,,24.90,24.9000,true,1,1031911
7290000000186,false,תפוח עץ יונתן,ביכורי השקמה,,תפוח עץ יונתן,קילוגרמים,1.00,"ק""ג",true,,9.90,9.9000,true,1,1031912
7290000000191,false,ענבים אדומים,ביכורי השקמה,,ענבים אדומים,קילוגרמים,1.00,"ק""ג",true,,14.90,14.9000,true,1,1031917
7290000000199,false,פומלית,ביכורי השקמה,,פומלית,קילוגרמים,1.00,"ק""ג",true,,4.90,4.9000,true,1,1031924
7290000000201,false,אנונה,ביכורי השקמה,,אנונה,קילוגרמים,1.00,"ק""ג",true,,19.90,19.9000,true,1,1031925
7290000000202,false,תבנית אובלית עבה,ישרקו שיווק מותגי מז,,פפאיה,קילוגרמים,1.00,"ק""ג",true,,14.90,14.9000,true,1,1031926
7290000000209,false,ענבים אדום תפזורת,,,ענבים אדום תפזורת,קילוגרמים,1.00,"ק""ג",true,,9.90,9.9000,true,1,1031932
7290000000217,false,סלמי פפרוני,ישרקו שיווק מותגי מז,,אספרגוס,יח',1.00,יח',false,,24.90,24.9000,true,1,1031940
7290000000219,false,תפוח עץ גאלה,ישרקו שיווק מותגי מז,,תפוח עץ גאלה,קילוגרמים,1.00,"ק""ג",true,,8.90,8.9000,true,1,1031942
7290000000221,false,נקניק קרוביאנקה,ישרקו שיווק מותגי מז,,תאנים,קילוגרמים,1.00,"ק""ג",true,,19.90,19.9000,true,1,1031943
7290000000223,false,פסיפלורה,ביכורי השקמה,,במיה,קילוגרמים,1.00,"ק""ג",true,,24.90,24.9000,true,1,1031944
7290000000225,false,ג'ינג'ר תפזורת,חוות פטריות תקוע,,ג'ינג'ר תפזורת,קילוגרמים,1.00,"ק""ג",true,,23.90,23.9000,true,1,1048516
7290000000230,false,רוסקי סרוולט,ישרקו שיווק מותגי מז,,תפוז ברשת,קילוגרמים,1.00,"ק""ג",true,,2.90,2.9000,true,1,1031946
7290000000231,false,סרוולט מוסקובסקי,ישרקו שיווק מותגי מז,,עגבניה תמר,קילוגרמים,1.00,"ק""ג",true,,2.90,2.9000,true,1,1031947
7290000000232,false,לימון סיני,ביכורי השקמה,,לימון סיני,קילוגרמים,1.00,"ק""ג",true,,11.90,11.9000,true,1,1031948
7290000000237,false,פלפל מתוק שושוקה,ביכורי השקמה,,פלפל מתוק שושוקה,קילוגרמים,1.00,"ק""ג",true,,6.90,6.9000,true,1,1031951
7290000000244,false,חצילים בלדי,ביכורי השקמה,,חצילים בלדי,קילוגרמים,1.00,"ק""ג",true,,7.90,7.9000,true,1,1031952
7290000000249,false,פטריות כללי (לבן),ישרקו שיווק מותגי מז,,גזר בתפוזרת,קילוגרמים,1.00,"ק""ג",true,,4.90,4.9000,true,1,1031953
7290000000254,false,חסה עגולה,ביכורי השקמה,,חסה עגולה,יח',1.00,יח',false,,7.90,7.9000,true,1,1031956
7290000000260,false,אפרסמון קרמבו,,,אפרסמון קרמבו,קילוגרמים,1.00,"ק""ג",true,,19.90,19.9000,true,1,3764414
7290000000264,false,לימון ברשת,ביכורי השקמה,,לימון ברשת,קילוגרמים,1.00,"ק""ג",true,,5.90,5.9000,true,1,1031957
7290000000265,false,דליקטסנייה,ישרקו שיווק מותגי מז,,אגס תפוח,קילוגרמים,1.00,"ק""ג",true,,9.90,9.9000,true,1,1031958
7290000000267,false,סלק לבן/כתום,ישרקו שיווק מותגי מז,,סלק לבן/כתום,קילוגרמים,1.00,"ק""ג",true,,4.90,4.9000,true,1,2835194
7290000000289,false,לשון זליבנוי טילצי,ישרקו שיווק מותגי מז,,בצל אדום,קילוגרמים,1.00,"ק""ג",true,,3.90,3.9000,true,1,1031960
7290000000290,false,תפוזינה,ביכורי השקמה,,תפוזינה,קילוגרמים,1.00,"ק""ג",true,,3.40,3.4000,true,1,1031961
7290000000293,false,דלורית חתוכה ארוזה,ביכורי השקמה,,דלורית חתוכה ארוזה,קילוגרמים,1.00,"ק""ג",true,,3.90,3.9000,true,1,2751954
7290000000295,false,תפוח עץ אנה,ביכורי השקמה,,תפוח עץ אנה,קילוגרמים,1.00,"ק""ג",true,,6.90,6.9000,true,1,1031962
7290000000296,false,פלפל צ'ילי אדום חריף,,,פלפל צ'ילי אדום חריף,קילוגרמים,1.00,"ק""ג",true,,11.90,11.9000,true,1,5342037
7290000000300,false,תפוח אדמה אדום ארוז,ביכורי השקמה,,תפוח אדמה אדום ארוז,קילוגרמים,1.00,"ק""ג",true,,3.90,3.9000,true,1,1031964
7290000000302,false,6יח בקבוק ריק חוזר 5,ביכורי השקמה,,פלפלונים בדץ,קילוגרמים,1.00,"ק""ג",true,,7.90,7.9000,true,1,1538197
7290000000306,false,תפוח אדמה אדום במשקל,ביכורי השקמה,,תפוח אדמה אדום במשקל,קילוגרמים,1.00,"ק""ג",true,,5.90,5.9000,true,1,1031965
7290000000307,false,קישואים זוקיני ירוק,ביכורי השקמה,,פלפל כתום,קילוגרמים,1.00,"ק""ג",true,,8.90,8.9000,true,1,1031966
7290000000333,false,פקדון בקבוק 30 אגורו,ביכורי השקמה,,פטריות במשקל,קילוגרמים,1.00,"ק""ג",true,,31.90,31.9000,true,1,1031971
7290000000355,false,כרוב לבן חרוט,,,כרוב לבן חרוט,קילוגרמים,1.00,"ק""ג",true,,4.90,4.9000,true,1,2355672
7290000000399,false,"תפו""ע גלה ארוז ברשת","ולדמן ביח""ר לנקניק ו",,"תפו""ע גלה ארוז ברשת",קילוגרמים,1.00,"ק""ג",true,,3.90,3.9000,true,1,1031973
7290000000400,false,דמי משלוח אור עקיבא,ביכורי השקמה,,"תפו""א למיקרו",קילוגרמים,0.70,"ק""ג",false,,3.00,4.2857,true,1,1031974
7290000000401,false,תמרים מגהול כחול 5 ק,"ולדמן ביח""ר לנקניק ו",,"תפו""א לאפיה",קילוגרמים,1.00,"ק""ג",true,,4.90,4.9000,true,1,1031975
7290000000404,false,וטצינה רוסקיה,"ולדמן ביח""ר לנקניק ו",,"אגס כוס""יה",קילוגרמים,1.00,"ק""ג",true,,11.90,11.9000,true,1,1082038
7290000000408,false,נקניק מילאנו מעושן,"ולדמן ביח""ר לנקניק ו",,מלון גולדן,קילוגרמים,1.00,"ק""ג",true,,4.90,4.9000,true,1,1670393
7290000000411,false,שום יבש יבוא רמי לוי,אראל תוצרת חקלאית בע,IL,שום יבש יבוא רמי לוי,יח',1.00,יח',false,,4.90,4.9000,true,1,3199298
7290000000420,false,קישואים זוקיני,"ולדמן ביח""ר לנקניק ו",,קישואים זוקיני,קילוגרמים,1.00,"ק""ג",true,,8.90,8.9000,true,1,1031977
7290000000422,false,תפוח אדמה לבן במשקל,"ולדמן ביח""ר לנקניק ו",,תפוח אדמה לבן במשקל,קילוגרמים,1.00,"ק""ג",true,,4.70,4.7000,true,1,1031978
7290000000453,false,בוט מורטדלה מעושן,"ולדמן ביח""ר לנקניק ו",,תפוח עץ לוליפופ,קילוגרמים,1.00,"ק""ג",true,,14.90,14.9000,true,1,5665010
7290000000455,false,אשכולית ברשת,"ולדמן ביח""ר לנקניק ו",,אשכולית ברשת,קילוגרמים,1.00,"ק""ג",true,,2.90,2.9000,true,1,1031980
7290000000469,false,נקניק בייגלה,"ולדמן ביח""ר לנקניק ו",,בזילקום,יח',1.00,יח',false,,3.99,3.9900,true,1,1076078
7290000000502,false,"תמרים מג""הול שחור 5ק",מעדני מניה תעשיות בש,,אננס שקיל,קילוגרמים,1.00,"ק""ג",true,,29.90,29.9000,true,1,6779311
7290000000612,false,"תפו""א ירושלמי",קרלברג ייצור ושיווק,IL,שום טרי,קילוגרמים,1.00,"ק""ג",true,,15.90,15.9000,true,1,1031982
7290000000649,false,אגס (בשקית),ביכורי השקמה,,אגס (בשקית),קילוגרמים,1.00,"ק""ג",true,,6.90,6.9000,true,1,1031983
7290000000797,false,תפוח עץ פינק,ביכורי השקמה,IL,תפוח עץ פינק,קילוגרמים,1.00,"ק""ג",true,,14.90,14.9000,true,1,1031991
7290000000804,false,פלפל אדום ברשת,ביכורי השקמה,,פלפל אדום ברשת,קילוגרמים,1.00,"ק""ג",true,,3.90,3.9000,true,1,2547524
7290000000805,false,פלפל כתום ברשת,קרלברג ייצור ושיווק,,פלפל כתום ברשת,קילוגרמים,1.00,"ק""ג",true,,6.70,6.7000,true,1,2547525
7290000000848,false,תירס מתוק ארוז,ביכורי השקמה,,תירס טרי,קילוגרמים,1.00,"ק""ג",true,,5.90,5.9000,true,1,6572327
7290000000978,false,חסה מהדרין קטיף טרי,ביכורי השקמה,IL,חסה מהדרין קטיף טרי,יח',1.00,יח',false,,4.90,4.9000,true,1,1032084
7290000000985,false,פטרוזיליה מהדרין קטיף טרי,ברכת קטיף,IL,פטרוזיליה מהדרין קטי,יח',1.00,יח',false,,4.90,4.9000,true,1,1099178
7290000001014,false,מלפפון,ביכורי השקמה,,מלפפון,קילוגרמים,1.00,"ק""ג",true,,1.86,1.8600,true,1,2597210
7290000001021,false,סלמי מניה,מעדני מניה תעשיות בש,,גזר ארוז,קילוגרמים,1.00,"ק""ג",true,,1.96,1.9600,true,1,2597211
7290000001038,false,פיין סלמי,מעדני מניה תעשיות בש,,פלפל כהה,קילוגרמים,1.00,"ק""ג",true,,4.87,4.8700,true,1,2597212
7290000001045,false,סלמי אגוזים אורחוביה,מעדני מניה תעשיות בש,,פלפל אדום,קילוגרמים,1.00,"ק""ג",true,,10.80,10.8000,true,1,2597213
7290000001052,false,פילה לברק מארז 6 יח,מעדני ויטו שיווק ויי,,פלפל בהיר,קילוגרמים,1.00,"ק""ג",true,,6.50,6.5000,true,1,2597214
7290000001069,false,חציל,ביכורי השקמה,,חציל,קילוגרמים,1.00,"ק""ג",true,,3.83,3.8300,true,1,2597215
7290000001076,false,רוסטביף מעודן,קרלברג ייצור ושיווק,,קישוא ירוק,קילוגרמים,1.00,"ק""ג",true,,6.00,6.0000,true,1,2597216
7290000001083,false,בצל יבש,ביכורי השקמה,,בצל יבש,קילוגרמים,1.00,"ק""ג",true,,3.89,3.8900,true,1,2597217
7290000001090,false,כרוב לבן,ביכורי השקמה,,כרוב לבן,קילוגרמים,1.00,"ק""ג",true,,1.67,1.6700,true,1,2597218
7290000001092,false,כרובית,,,כרובית,יח',1.00,יח',false,,10.00,10.0000,true,1,6841925
7290000001101,false,מלפפון,ביכורי השקמה,,מלפפון,קילוגרמים,1.00,"ק""ג",true,,3.86,3.8600,true,1,1174148
7290000001104,false,פטריות חורש מיני ארוז 200 ג',"מרינה פטריות הגליל בע""מ",IL,פטריות פורטבולה ארוז,יח',1.00,יח',false,,8.90,8.9000,true,1,1099179
7290000001108,false,בצל יבש,ביכורי השקמה,,בצל יבש,קילוגרמים,1.00,"ק""ג",true,,5.00,5.0000,true,1,1174166
7290000001117,false,עציץ אנטוריום אדום ס,ביכורי השקמה,,לימון,קילוגרמים,1.00,"ק""ג",true,,5.00,5.0000,true,1,1174167
7290000001120,false,צנונית,ביכורי השקמה,,צנונית,יח',1.00,יח',false,,4.90,4.9000,true,1,2597237
7290000001222,false,גרבי ספורט שלישי,Unknown,,גרבי ספורט שלישי,יח',1.00,יח',false,,9.90,9.9000,true,1,1031073
7290000001593,false,נענע מהדרין קטיף טרי,רביבים,,נענע מהדרין קטיף טרי,יח',1.00,יח',false,,4.90,4.9000,true,1,1099385
7290000001616,false,כוסברה מהדרין קטיף טרי,ברכת קטיף,IL,כוסברה מהדרין קטיף ט,יח',1.00,יח',false,,4.90,4.9000,true,1,1099755
7290000002013,false,תפוח עץ בשקית,ביכורי השקמה,,תפוח עץ בשקית,קילוגרמים,1.00,"ק""ג",true,,3.90,3.9000,true,1,1031999
7290000005998,false,שקיות ידני,,,שקיות ידני,יח',1.00,יח',false,,0.10,0.1000,true,1,2191284
7290000005999,false,שקית גופיה בודד,,,שקיות מכונה,יח',1.00,יח',false,,0.10,0.1000,true,1,2011015
7290000006322,false,מי עדן 1 לי,מי עדן,,מי עדן 1 לי,יח',1.00,יח',false,,2.90,2.9000,true,1,1894792
7290000011006,false,כרוב אדום,ביכורי השקמה,,כרוב אדום,קילוגרמים,1.00,"ק""ג",true,,1.85,1.8500,true,1,2597219
7290000012346,false,עגבניה,,,עגבניה,קילוגרמים,1.00,"ק""ג",true,,3.90,3.9000,true,1,2597344
7290000023007,false,"ברנדי שטוק 84 37 % 750 מ""ל","יקבי ברקן בע""ם",IL,"ברנדי שטוק 84 37 % 750 מ""",מיליליטרים,750.00,"100 מ""ל",false,,64.90,0.0865,true,1,1017181
7290000023083,false,ערק אשקלון בקבוק 700,"יקבי ברקן בע""מ",IL,"ערק אשקלון 700 מ""ל",מיליליטרים,700.00,"100 מ""ל",false,,49.90,0.0713,true,1,1082441
7290000023427,false,"ליקר שטוק אמרטו 750 מ""ל","יקבי ברקן בע""מ",IL,"ליקר שטוק אמרטו 750 מ""ל 1",מיליליטרים,750.00,"100 מ""ל",false,,39.90,0.0532,true,1,1017187
7290000023809,false,"יין קלאסיק קברנה סובניון 750 מ""ל ברקן",יקבי ברקן שיווק והפצ,IL,קלאסיק קברנה סוביניון,מיליליטרים,750.00,"100 מ""ל",false,,31.80,0.0424,true,1,1017199
7290000023816,false,"יין ברקן קלאסיק אמרלד ריזלינג 750מ""ל",יקבי ברקן שיווק והפצ,IL,קלאסיק אמרלד ריזלינג,מיליליטרים,750.00,"100 מ""ל",false,,31.80,0.0424,true,1,1017200
7290000023823,false,"ברקן , קלאסיק סוביניון בלאן 750 מל",יקבי ברקן שיווק והפצ,IL,קלאסיק סוביניון בלאן,מיליליטרים,750.00,"100 מ""ל",false,,31.80,0.0424,true,1,1017201
7290000023830,false,יין קלאסיק שיראז רוזה 750 מל,טמפו ברקן 5%,IL,קלאסיק רוזה,מיליליטרים,750.00,"100 מ""ל",false,,31.80,0.0424,true,1,1017202
7290000023847,false,"ברקן ,קלאסיק שרדונה, 750 מל",יקבי ברקן שיווק והפצ,IL,קלאסיק שרדונה,מיליליטרים,750.00,"100 מ""ל",false,,31.80,0.0424,true,1,1017203
7290000023977,false,"יין ברקן קלאסיק מרלו 750 מ""ל",יקבי ברקן שיווק והפצ,IL,קלאסיק מרלו,מיליליטרים,750.00,"100 מ""ל",false,,31.80,0.0424,true,1,1017206
7290000024202,false,"יין ברקן רזרב קברנה סובניון 750 מ""ל",ברקן שיווק והפצה בעמ,IL,רזרב קברנה סוביניון 750 מ,מיליליטרים,750.00,"100 מ""ל",false,,38.90,0.0519,true,1,1017209
7290000024264,false,"יין ברקן רזרב מרלו 750 מ""ל",כרמי צבי - אחים סגל,IL,"רזרב מרלו 750 מ""ל 2010",מיליליטרים,750.00,"100 מ""ל",false,,38.90,0.0519,true,1,1017214
7290000024455,false,יין מתוק לקידוש גליה,טמפו,IL,"גליה מתוק 187 מ""ל",מיליליטרים,187.00,"100 מ""ל",false,,4.90,0.0262,true,1,1017218
7290000024523,false,"תירוש של סגל ,מיץ ענבים , 1 ליטר",כרמי צבי - האחים סגל,IL,פרי הגפן תירוש 1 ליטר,ליטרים,1.00,ליטר,false,,12.80,12.8000,true,1,1150016
7290000024530,false,יין אדום מתוק לקידוש של סגל ^^^,כרמי צבי - אחים סגל,IL,יין אדום קידוש 750 מ,מיליליטרים,750.00,"100 מ""ל",false,,12.90,0.0172,true,1,2398937
7290000034256,false,ביסקוויט תירוש חצי מצופה הדר 175ג',אפיפית נצרת תעשיות ב,IL,עוגיות תירוש הדר 175,גרמים,175.00,100 גרם,false,,5.80,0.0331,true,1,1033017
7290000040042,false,יופלה יוגורט תות %3 גביע 150 גרם,תנובה חלב,IL,יופלה יוגורט תות %3,מיליליטרים,150.00,"100 מ""ל",false,,4.80,0.0320,true,1,1015795
7290000040066,false,יופלה יוגורט דובדבן %3 גביע 150 גרם,תנובה מרכז שיתופי לש,IL,יופלה יוגורט דובדבן,מיליליטרים,150.00,"100 מ""ל",false,,4.70,0.0313,true,1,1015797
7290000040080,false,יופלה יוגורט אפרסק %3 גביע 150 גרם,תנובה חלב,IL,יופלה יוגורט אפרסק %,מיליליטרים,150.00,"100 מ""ל",false,,4.80,0.0320,true,1,1015798
7290000040301,false,תנובה עין גדי קממבר מחלב בקר 24% שומן,תנובה מרכז שיתופי לש,IL,קממבר עין גדי חפיסה,גרמים,125.00,100 גרם,false,,16.90,0.1352,true,1,1015800
7290000040318,false,גבינת ברי 24% קולאז עדי תנובה 125 ג',תנובה מרכז שיתופי לש,IL,ברי עדי חפיסה 24% 12,גרמים,125.00,100 גרם,false,,17.90,0.1432,true,1,1015801
7290000040462,false,טוסטי גבינה בסגנון אמריקאי אדם 23% תנובה 200 גרם,תנובה מרכז שיתופי לש,IL,טוסטי גבינה בסגנון א,גרמים,200.00,100 גרם,false,,16.90,0.0845,true,1,1015803
7290000040974,false,חלב תנובה דל לקטוז 2% שומן 1 ליטר,תנובה מרכז שיתופי לש,IL,חלב טרי דל לקטוז 1 ל,מיליליטרים,1000.00,"100 מ""ל",false,,6.80,0.0068,true,1,1015804
7290000041407,false,"גיל לבן 3% תנובה 125 מ""ל בד""צ",תנובה מרכז שיתופי לש,IL,גילה 125 מל,מיליליטרים,125.00,"100 מ""ל",false,,0.90,0.0072,true,1,1015805
7290000041858,false,"שמנת חמוצה 15% יטבתה 200 מ""ל מהדרין",שטראוס גרופ,IL,שמנת חמוצה 15% 200 מ,מיליליטרים,200.00,"100 מ""ל",false,,2.40,0.0120,true,1,1033078
7290000041865,false,"לבן 4.5% שומן מהדרין ""יטבתה""",שטראוס גרופ,IL,"לבן 4.5% 200 מ""ל",מיליליטרים,200.00,"100 מ""ל",false,,2.00,0.0100,true,1,1033079
7290000041872,false,"לבן 3% יטבתה 200מ""ל מהדרין",שטראוס גרופ,IL,"לבן 3% 200 מ""ל",מיליליטרים,200.00,"100 מ""ל",false,,2.00,0.0100,true,1,1033080
7290000042015,false,חלב טרי 3% תנובה שקית 1ל' מהדרין,תנובה מרכז שיתופי לש,IL,חלב תנובה טרי שקית 3,ליטרים,1.00,ליטר,false,,5.30,5.3000,true,1,1015809
7290000042435,false,תנובה חלב טרי 1% שומן - מוצר בפיקוח,תנובה מרכז שיתופי לש,IL,חלב תנובה טרי קרט+ פ,מיליליטרים,1000.00,"100 מ""ל",false,,5.80,0.0058,true,1,1015816
7290000042640,false,"חלב תנובה עמיד 3% קרטון 250 מ""ל",תנובה מרכז שיתופי לש,IL,חלב עמיד 3% תנובה 25,מיליליטרים,250.00,"100 מ""ל",false,,2.50,0.0100,true,1,1015824
7290000042855,false,"שוקו בשקית 250 מ""ל ""יטבתה""",שטראוס גרופ,IL,שוקו בשקית יטבתה 225,מיליליטרים,225.00,"100 מ""ל",false,,2.50,0.0111,true,1,1033083
7290000043012,false,"שוקו עמיד 2% בקרטון 250 מ""ל תנובה",תנובה מרכז שיתופי לש,IL,שוקו עמיד 2% תנובה 2,מיליליטרים,250.00,"100 מ""ל",false,,4.40,0.0176,true,1,1015827
7290000043111,false,תנובה חמאה 200 גרם - מוצר בפיקוח,"תנובה, מחלבת תל יוסף",IL,חמאה תנובה 200 גרם,גרמים,200.00,100 גרם,false,,7.70,0.0385,true,1,1015828
7290000043814,false,השף הלבן שמנת להקצפה 38% שומן 250 מל - מוצר בפיקוח,תנובה מרכז שיתופי לש,IL,השף הלבן שמנת עמידה,מיליליטרים,250.00,"100 מ""ל",false,,6.40,0.0256,true,1,1015831
7290000043890,false,תנובה רויון לבן מחלב מפסוטר 1.5%,תנובה מרכז שיתופי לש,IL,רוויון קרטון 1 ליטר,ליטרים,1.50,ליטר,false,,10.90,7.2667,true,1,1015833
7290000043944,false,כד יוגורט תנובה 4% שומן 1.5 ליטר,מיוצר עי קונדיטוריית,IL,יוגורט תנובה כד 1.5,ליטרים,1.50,ליטר,false,,15.90,10.6000,true,1,1015834
7290000044712,false,יוגורט עם תות 1.5% שומן 500 ג' פרילי,מיוצר עי קונדיטוריית,IL,פרילי תות גביע 500 ג,מיליליטרים,500.00,"100 מ""ל",false,,9.90,0.0198,true,1,1015839
7290000044880,false,באדי יוגורט תות 3% שומן 500 ג' תנובה,מיוצר עי קונדיטוריית,IL,באדי יוגורט תות גביע,מיליליטרים,500.00,"100 מ""ל",false,,8.80,0.0176,true,1,1015841
7290000045399,false,גבינה מותכת ניר 26% 200 גרם,תנובה מרכז שיתופי לש,IL,ניר גבינה מותכת 200ג,גרמים,200.00,100 גרם,false,,13.20,0.0660,true,1,1015842
7290000045580,false,"גבינת מותכת נעמה חורש 25%, 240 ג'",תנובה מרכז שיתופי לש,IL,נעמה חורש משולשים 24,גרמים,240.00,100 גרם,false,,16.90,0.0704,true,1,1015844
7290000045771,false,יוגורט תנובה כד 3 ליטר 4%,תנובה מרכז שיתופי לש,IL,יוגורט תנובה כד 3 לי,ליטרים,3.00,ליטר,false,,28.90,9.6333,true,1,1015845
7290000045917,false,תנובה פרומעז גבינה מותכת מחלב עיזים 23% שומן,תנובה חלב,IL,פרומעז גבינת עזים גל,גרמים,200.00,100 גרם,false,,24.90,0.1245,true,1,1015847
7290000046006,false,גבינה צהובה עמק בלוק,תנובה מרכז שיתופי לש,IL,גבינת עמק 28% במשקל,קילוגרמים,1.00,"ק""ג",true,,44.70,44.7000,true,1,1015729
7290000046020,false,גלבוע גבינה שמנה במש,תנובה מרכז שיתופי לש,IL,גלבוע 22% במשקל,קילוגרמים,1.00,"ק""ג",true,,42.50,42.5000,true,1,1015730
7290000046327,false,גלבוע גבינה צהובה פרוסה 22% תנובה 200 גרם,תנובה מרכז שיתופי לש,IL,גלבוע גבינה צהובה פר,גרמים,200.00,100 גרם,false,,12.60,0.0630,true,1,1015850
7290000046549,false,מוצרלה חריץ תנובה במ,תנובה מרכז שיתופי לש,IL,מוצרלה חריץ במשקל 20,קילוגרמים,1.00,"ק""ג",true,,75.00,75.0000,true,1,1015736
7290000046563,false,קולאז פרמזן חריץ במש,תנובה מרכז שיתופי לש,IL,קולאז פרמזן חריץ %23,קילוגרמים,1.00,"ק""ג",true,,109.00,109.0000,true,1,1015738
7290000047027,false,קולאז קצקבל גלעד במש,תנובה מרכז שיתופי לש,IL,גבינת גלעד 27% משקל,קילוגרמים,1.00,"ק""ג",true,,119.00,119.0000,true,1,1015742
7290000047034,false,קולאז רוקפור גליל במ,תנובה מרכז שיתופי לש,IL,גבינה צאן קולאז' רוק,קילוגרמים,1.00,"ק""ג",true,,120.00,120.0000,true,1,1015743
7290000047546,false,השף הלבן כנען גבינה לבנה דלת נתרן 5% תנובה 500 גרם,תנובה מרכז שיתופי לש,IL,השף הלבן כנען גבינה,גרמים,500.00,100 גרם,false,,22.90,0.0458,true,1,1015854
7290000047942,false,**תנובה גבינה לבנה מהדרין 9% 250ג,תנובה מרכז שיתופי לש,IL,גבינה לבנה 9% 250 גר,גרמים,250.00,100 גרם,false,,4.70,0.0188,true,1,1015858
7290000048185,false,גבינה לבנה 5% 250 גרם - מוצר בפיקוח,מיוצר עי קונדיטוריית,IL,גבינה לבנה 5% 250 גר,גרמים,250.00,100 גרם,false,,4.90,0.0196,true,1,1015859
7290000048192,false,גבינה לבנה 9% שומן 250 ג' תנובה,מחלבת אלון תבור,IL,גבינה לבנה 9% 250 גר,גרמים,250.00,100 גרם,false,,4.70,0.0188,true,1,1015860
7290000048307,false,גבינת קוטג' עם זיתים 5% תנובה 250 גרם,מיוצר עי קונדיטוריית,IL,גבינת קוטג' עם זיתים,גרמים,250.00,100 גרם,false,,5.70,0.0228,true,1,1015861
7290000048413,false,פיראוס חמד גבינה מלוחה 16% שומן,תנובה מרכז שיתופי לש,IL,פיראוס חמד שקית 250,גרמים,250.00,100 גרם,false,,17.50,0.0700,true,1,1015862
7290000048437,false,גבינה צפתית 5% 200 ג' פיראוס,פארייפאבה אגרואינדוס,IL,פיראוס צפתית גביע 20,גרמים,200.00,100 גרם,false,,13.90,0.0695,true,1,1015863
7290000049458,false,גבינת פטה עיזים 16% גביע פיראוס 250 ג',תנובה מרכז שיתופי לש,IL,פיראוס פטה עזים 16%,גרמים,250.00,100 גרם,false,,26.90,0.1076,true,1,1015866
7290000050447,false,"יוגורט ביו בטעם תות YYY יופלה 500 מ""ל",מיוצר עי קונדיטוריית,IL,יוגורט ביו בטעם תות,מיליליטרים,500.00,"100 מ""ל",false,,12.60,0.0252,true,1,1015872
7290000050454,false,"יוגורט אפרסק 3% YYY יופלה 500 מ""ל",מיוצר עי קונדיטוריית,IL,יוגורט אפרסק 3% YYY,מיליליטרים,500.00,"100 מ""ל",false,,12.60,0.0252,true,1,1015873
7290000051002,false,עגבניה,,,עגבניה,קילוגרמים,1.00,"ק""ג",true,,3.90,3.9000,true,1,1032005
7290000051307,false,"מארז הפסקת אוכל עם דגני עוגי ומשקה חלב עמיד בטעם וניל 150 מ""ל",תנובה מרכז שיתופי לש,IL,הפסקת אוכל דגני עוגי,מיליליטרים,150.00,"100 מ""ל",false,,8.90,0.0593,true,1,1015884
7290000051352,false,חלב מלא בטעם של פעם 3.4% תנובה קרטון 1 ל',תנובה מרכז שיתופי לש,IL,חלב של פעם 3.8% תנוב,ליטרים,1.00,ליטר,false,,7.40,7.4000,true,1,1015885
7290000051376,false,יופלה דיאט אננס ספורטיבי 0% 150גר,תנובה מרכז שיתופי לש,IL,יופלה דיאט אננס גביע,מיליליטרים,150.00,"100 מ""ל",false,,4.70,0.0313,true,1,1015886
7290000052311,false,עמק פרוס בקופסא 200 גר 15% שומן,תנובה מרכז שיתופי לש,IL,עמק לייט פרוס 200 גר,גרמים,200.00,100 גרם,false,,14.90,0.0745,true,1,1015902
7290000052649,false,גבינת לאבנה 5% שומן 500 ג' פיראוס,תנובה מרכז שיתופי לש,IL,פיראוס לאבנה 5% גביע,גרמים,500.00,100 גרם,false,,18.90,0.0378,true,1,1015909
7290000052717,false,גבינת קוטג' שום שמיר 5% תנובה 250 גרם,מיוצר עי קונדיטוריית,IL,גבינת קוטג' שום שמיר,גרמים,250.00,100 גרם,false,,5.70,0.0228,true,1,1015912
7290000052946,false,"יופלה לבן מעודן מאגדת שמינייה בד""צ",תנובה מרכז שיתופי לש,IL,"יופלה בד""צ 1.5% מעוד",ליטרים,1.20,ליטר,false,,19.90,16.5833,true,1,1015916
7290000053219,false,גבינה טל העמק שמנה ק,תנובה מרכז שיתופי לש,IL,חריץ טל עמק 32%,קילוגרמים,1.00,"ק""ג",true,,55.00,55.0000,true,1,2139304
7290000053981,false,מאגדת יופלה 4*תות 150ג 4*אפרסק 150ג בדצ,תנובה מרכז שיתופי לש,IL,מאגדת יופלה 4*תות 15,קילוגרמים,1.20,"ק""ג",false,,25.90,21.5833,true,1,1015933
7290000055015,false,פיראוס גבינת פטה כבשים 5% תנובה 250 גרם,תנובה מרכז שיתופי לש,IL,פיראוס גבינת פטה כבש,גרמים,250.00,100 גרם,false,,24.90,0.0996,true,1,1015966
7290000055329,false,"משקה בוקר יוגורט 1.5% בטעם תות מלון יופלה 250 מ""ל",תנובה מרכז שיתופי לש,IL,משקה בוקר יוגורט 1.5,מיליליטרים,250.00,"100 מ""ל",false,,4.90,0.0196,true,1,1015977
7290000055336,false,משקה יוגורט יופלה בטעם בננה אפרסק 250 גר,תנובה מרכז שיתופי לש,IL,משקה יוגורט 1.5% בננ,מיליליטרים,250.00,"100 מ""ל",false,,4.90,0.0196,true,1,1015978
7290000055343,false,משקה יוגורט יופלה פירות טרופיים 250 גרם,תנובה מרכז שיתופי לש,IL,משקה בוקר יוגורט טרו,מיליליטרים,250.00,"100 מ""ל",false,,4.90,0.0196,true,1,1015979
7290000055350,false,גבינה צהובה חריץ עמק 28% במשקל,תנובה מרכז שיתופי לש,IL,גבינת עמק 28% במשקל,קילוגרמים,1.00,"ק""ג",true,,44.70,44.7000,true,1,1237175
7290000055756,false,גבינה לבנה 5% תנובה מארז 850X2ג' בדץ,תנובה מרכז שיתופי לש,IL,מאגדת גבינה 5% 2*850,גרמים,850.00,100 גרם,false,,31.90,0.0375,true,1,1015987
7290000055893,false,חמאה משמנת מפוסטרת 200גרם 82% כ.מהדרין - מוצר בפיקוח,תנובה מרכז שיתופי לש,IL,חמאה 200ג מהדרין,גרמים,200.00,100 גרם,false,,7.60,0.0380,true,1,1015990
7290000056081,false,מאגדת פרילי טבע 6 יח' * 200 ג',מיוצר עי קונדיטוריית,IL,מאגדת פרילי טבע תנוב,ליטרים,1.20,ליטר,false,,21.90,18.2500,true,1,1015995
7290000056753,false,עמק קלאסית 28% שומן 200 גרם פרוס בדצ בקופסא,תנובה,IL,עמק 28% 200גר בדצ,גרמים,200.00,100 גרם,false,,15.90,0.0795,true,1,1016013
7290000056845,false,תנובה חלב טרי 3% שומן 1.5 ליטר - מוצר בפיקוח,פארייפאבה אגרואינדוס,IL,חלב טרי 1.5 ליטר 3%,ליטרים,1.50,ליטר,false,,9.30,6.2000,true,1,1016018
7290000056883,false,יופלה מאגדת פרי 3% 8 יח' * 150 ג',תנובה מרכז שיתופי לש,IL,מאג 8*150ג יופלה פרי,קילוגרמים,1.20,"ק""ג",false,,27.90,23.2500,true,1,1016020
7290000056906,false,מאגדת לבן טבעי 1.5% שומן 8 יח' * 150 ג' יופלה,מחלבת אלון תבור,IL,מאג 8*150ג יופלה לבן,ליטרים,1.20,ליטר,false,,16.90,14.0833,true,1,1016022
7290000056951,false,"תנובה, השף הלבן, שמנת לבישול 15% שומן 500 מל",תנובה מרכז שיתופי לש,IL,שף לבן שמנת לבישול +,מיליליטרים,500.00,"100 מ""ל",false,,15.90,0.0318,true,1,1016025
7290000057088,false,עמק גבינה צהובה פרוסה דק דק 28% תנובה 200 גרם,תנובה מרכז שיתופי לש,IL,עמק גבינה צהובה פרוס,גרמים,200.00,100 גרם,false,,14.90,0.0745,true,1,1016030
7290000057118,false,עמק סמי מעדנייה כשרות מהדרין,תנובה מרכז שיתופי לש,IL,עמק פרוס סמי מעדנייה,גרמים,400.00,100 גרם,false,,19.90,0.0497,true,1,1016032
7290000057132,false,יוגורט תנובה טבעי 1.5% גביע 200 גרם,מחלבת אלון תבור,IL,יוגורט תנובה טבעי 1.,מיליליטרים,200.00,"100 מ""ל",false,,3.00,0.0150,true,1,1016033
7290000057149,false,יוגורט תנובה טבעי 3% גביע 200 גרם,מיוצר עי קונדיטוריית,IL,יוגורט תנובה טבעי 3%,גרמים,200.00,100 גרם,false,,3.00,0.0150,true,1,1016034
7290000057552,false,יופלה דיאט עוגת גבינה ותות 0% גביע 150ג',תנובה חלב,IL,יופלה דיאט עוגת גבינ,מיליליטרים,150.00,"100 מ""ל",false,,4.80,0.0320,true,1,1016053
7290000058030,false,"יופלה שטוזים משקה יוגורט תות 8 יח' * 100 מ""ל",מיוצר עי קונדיטוריית,IL,יופלה משקה יוגורט תו,100 מל,100.00,100 מל,false,,19.90,0.1990,true,1,1016071
7290000058047,false,**שף לבן שמנת מתוקה מהדרין 38% פקק 500מ,תנובה מרכז שיתופי לש,IL,שמנת 38% 500מל עם פק,מיליליטרים,500.00,"100 מ""ל",false,,12.80,0.0256,true,1,1016072
7290000058979,false,גיל בטעם תות 3% שומן 125 ג' תנובה,תנובה מרכז שיתופי לש,IL,גיל בטעם תות,גרמים,125.00,100 גרם,false,,1.30,0.0104,true,1,1016093
7290000060071,false,אוסם - חטיפי פריכונים מאורז מלא קלוי 80גר,"מיוצר ע""י PT, משווק",IL,חטיפי פריכונים בטעם,יח',1.00,יח',false,,7.50,7.5000,true,1,1020113
7290000060088,false,בייגלה מקלות מלוחים אסם 400 גרם,מיוצר עי קונדיטוריית,IL,בייגלה מקלות מלוחים,גרמים,400.00,100 גרם,false,,8.90,0.0223,true,1,1020114
7290000060200,false,פסטה אסם פתיתים אפויים קוסקוס 500גר,"אסם תעשיות בע""מ",IL,פתיתים אפויים קוסקוס,גרמים,500.00,100 גרם,false,,4.90,0.0098,true,1,1020118
7290000060248,false,פסטה אסם פתיתים תלתלים 500 גר',קריות זול,IT,פסטה תלתלים אסם 500,גרמים,500.00,100 גרם,false,,4.90,0.0098,true,1,1020120
7290000060385,false,פודינג וניל אינסטנט מארז רביעיה * 80 ג',"אסם תעשיות בע""מ",IL,מארז אינסטנט פודינג,גרמים,320.00,100 גרם,false,,17.20,0.0537,true,1,1020126
7290000060408,false,פסטה אסם פתיתים אפויים טבעות 500 גר,"אסם תעשיות בע""מ",IL,פתיתים אפויים טבעות,גרמים,500.00,100 גרם,false,,4.90,0.0098,true,1,1020128
7290000060415,false,"פסטה פרפקטו לאזניה 500 ג' ""אסם""",אסם פרפקטו,IT,פרפקטו לזניה אסם 500,גרמים,500.00,100 גרם,false,,9.90,0.0198,true,1,1020129
7290000060576,false,פתיתים אפויים כוכבים אסם 500 גרם,"אסם תעשיות בע""מ",IL,פתיתים אפויים כוכבים,גרמים,500.00,100 גרם,false,,4.90,0.0098,true,1,1020138
7290000060781,false,פסטה אסם פתיתים מסולסלים 500גר,קריות זול,IT,פסטה מסולסלים אסם 50,גרמים,500.00,100 גרם,false,,4.90,0.0098,true,1,1020141
7290000060828,false,פסטה קרניים בינוניות אסם 500 גרם,קריות זול,IT,פסטה קרניים בינוניות,גרמים,500.00,100 גרם,false,,4.90,0.0098,true,1,1020142
7290000060842,false,פסטה אסם פתיתים צדפים גדולים 500גר,קריות זול,IT,פסטה צדפים גדולים אס,גרמים,500.00,100 גרם,false,,4.90,0.0098,true,1,1020143
7290000060880,false,פסטה מס' 8 ספגטי אסם 500ג',קריות זול,IT,ספגטי מספר 8 אסם 500,גרמים,500.00,100 גרם,false,,4.90,0.0098,true,1,1020146
7290000060903,false,פסטה אסם פתיתים אפויים אורז 500גר,"אסם תעשיות בע""מ",IL,פתיתים אפויים אורז א,גרמים,500.00,100 גרם,false,,4.90,0.0098,true,1,1020147
7290000060958,false,פסטה אסם אטריות בינוניות 400 גרם,"אסם תעשיות בע""מ",IL,אטריות בינוניות אסם,גרמים,400.00,100 גרם,false,,4.90,0.0123,true,1,1020149
7290000060965,false,פסטה אסם אטריות רחבות 400גר,"אסם תעשיות בע""מ",IL,אטריות רחבות אסם 400,גרמים,400.00,100 גרם,false,,4.90,0.0123,true,1,1020150
7290000061061,false,קרקר חיטה עם בצל אסם,"אסם תעשיות בע""מ",IL,קרקר בצל אסם 250 גרם,גרמים,250.00,100 גרם,false,,9.90,0.0396,true,1,1020152
7290000061108,false,"רוטב טריאקי 290 מ""ל-בקבוק","אסם תעשיות בע""מ",IL,רוטב טריאקי אסם 290,מיליליטרים,290.00,"100 מ""ל",false,,8.90,0.0307,true,1,1020154
7290000061214,false,פתיתים אפויים קוסקוס עם בצל אסם 500 גרם,"אסם תעשיות בע""מ",IL,פתיתים אפויים קוסקוס,גרמים,500.00,100 גרם,false,,4.90,0.0098,true,1,1020155
7290000061450,false,פתיתים אפויים קוסקוס 3 צבעים אסם 500 גרם,"אסם תעשיות בע""מ",IL,פתיתים אפויים קוסקוס,גרמים,500.00,100 גרם,false,,4.90,0.0098,true,1,1020158
7290000061764,false,קפה נמס מגורען רד מאג 200 גרם,נסטלה ספרד קפה,ES,קפה נמס מגורען רד מא,גרמים,200.00,100 גרם,false,,18.90,0.0945,true,1,1020159
7290000062129,false,"אינסטנט פודינג בטעם וניל אסם 1 ק""ג","אסם תעשיות בע""מ",IL,אינסטנט פודינג בטעם,גרמים,1000.00,100 גרם,false,,19.90,0.0199,true,1,1020164
7290000062952,false,אוסם - מיני קרוטונים למרק ולסלט 250 גרם,עינת תעשיות מזון אגו,IL,מיני קרוטונים למרק ו,גרמים,250.00,100 גרם,false,,13.90,0.0556,true,1,1020169
7290000063102,false,אסם קמח עוגה תופח מאליו 350 גרם,"אסם תעשיות בע""מ",IL,קמח תופח אסם 350 גרם,גרמים,350.00,100 גרם,false,,4.90,0.0140,true,1,1020172
7290000063140,false,שקדי מרק רכיבים טבעיים בשקית 400 ג' אסם,"אסם תעשיות בע""מ",IL,שקדי מרק בשקית אסם 4,גרמים,400.00,100 גרם,false,,9.90,0.0248,true,1,1020174
7290000063157,false,אסם קמח עוגה תופח מאליו 1 קג,"אסם תעשיות בע""מ",IL,"קמח תופח אסם 1 ק""ג",קילו,1.00,קילו,false,,7.90,7.9000,true,1,1020175
7290000064758,false,קוסקוס בינוני אמיתי אסם 350 ג',"מיוצר ע""י קוד יצרן K",IL,קוסקוס בינוני אסם 35,גרמים,350.00,100 גרם,false,,7.50,0.0214,true,1,1020196
7290000065090,false,מיני קרוטונים מתובלים למרק ולסלט אסם 400 גרם,עינת תעשיות מזון אגו,IL,מיני קרוטונים מתובלי,גרמים,400.00,100 גרם,false,,20.90,0.0522,true,1,1020198
7290000065335,false,אוסם - מנה חמה פירה עם ירקות 55 גרם,"אסם תעשיות בע""מ",IL,מנה חמה פירה עם ירקו,גרמים,55.00,100 גרם,false,,4.90,0.0891,true,1,1020200
7290000065540,false,אוסם - מנה חמה פסטה מוקרמת בטעם עוף 55 גרם,"אסם תעשיות בע""מ",IL,מנה חמה פסטה מוקרמת,גרמים,55.00,100 גרם,false,,4.90,0.0891,true,1,1020201
7290000065557,false,אוסם - מנה חמה קוסקוס עם ירקות 84 גרם,"אסם תעשיות מזון בע""מ",IL,מנה חמה קוסקוס עם יר,גרמים,84.00,100 גרם,false,,4.90,0.0583,true,1,1020202
7290000065977,false,אסם חטיפי פריכונים תירס שומשום 80 גרם,"מיוצר ע""י פרח, משווק",IL,פריכיות תירס שומשום,גרמים,80.00,100 גרם,false,,7.50,0.0938,true,1,1020211
7290000066141,false,ביסלי חטיף בטעם גריל אסם 70 גרם,"אסם תעשיות בע""מ",IL,ביסלי חטיף בטעם גריל,גרמים,70.00,100 גרם,false,,3.90,0.0557,true,1,1020215
7290000066172,false,ביסלי חטיף בטעם פיצה אסם 70 גרם,"אסם תעשיות בע""מ",IL,ביסלי חטיף בטעם פיצה,גרמים,70.00,100 גרם,false,,3.90,0.0557,true,1,1020218
7290000066189,false,ביסלי חטיף בטעם פלאפל אסם 200 גרם,"אסם תעשיות בע""מ",IL,ביסלי חטיף בטעם פלאפ,גרמים,200.00,100 גרם,false,,6.50,0.0325,true,1,1020219
7290000066196,false,ביסלי חטיף בטעם גריל אסם 200 גרם,מיוצר עי קונדיטוריית,IL,ביסלי חטיף בטעם גריל,גרמים,200.00,100 גרם,false,,6.50,0.0325,true,1,1020220
7290000066226,false,ביסלי חטיף בטעם פיצה אסם 200 גרם,מיוצר עי קונדיטוריית,IL,ביסלי חטיף בטעם פיצה,גרמים,200.00,100 גרם,false,,6.50,0.0325,true,1,1020223
7290000066264,false,דובונים חטיף תפוחי אדמה אסם 40 גרם,"אסם תעשיות בע""מ",IL,דובונים חטיף תפוחי א,גרמים,40.00,100 גרם,false,,3.90,0.0975,true,1,1020224
7290000066295,false,במבה מתוקה מחומרים טבעיים 30 גרם,מיוצר עי קונדיטוריית,IL,במבה מתוקה בטעם תות,גרמים,30.00,100 גרם,false,,2.50,0.0833,true,1,1020225
7290000066318,false,במבה חטיף בוטנים אסם 80 גרם,"אסם תעשיות בע""מ",IL,במבה חטיף בוטנים אסם,גרמים,80.00,100 גרם,false,,3.90,0.0487,true,1,1020227
7290000066332,false,אפרופו חטיף תירס אסם 50 גרם,מיוצר עי קונדיטוריית,IL,אפרופו חטיף תירס אסם,גרמים,50.00,100 גרם,false,,3.90,0.0780,true,1,1020228
7290000066349,false,אפרופו חטיף תירס אסם 100 גרם,מיוצר עי קונדיטוריית,IL,אפרופו חטיף תירס אסם,גרמים,100.00,100 גרם,false,,7.90,0.0790,true,1,1020229
7290000066431,false,פופקו חטיף פופקורן בטעם חמאה ודבש אסם 80 גרם,מיוצר עי קונדיטוריית,IL,פופקו חטיף פופקורן ב,גרמים,80.00,100 גרם,false,,4.50,0.0563,true,1,1020231
7290000067599,false,מנה חמה ספגטי ברוטב בולונז אסם 65 גרם,"אסם תעשיות בע""מ",IL,מנה חמה ספגטי ברוטב,גרמים,65.00,100 גרם,false,,4.90,0.0754,true,1,1020251
7290000067735,false,פרפקטו ניוקי בצקיות תפוחי אדמה 500 ג' אסם,גרנדי פסטי,IT,פרפקטו ניוקי אסם 500,גרמים,500.00,100 גרם,false,,10.90,0.0218,true,1,1020255
7290000068138,false,אינסטנט פודינג בטעם וניל אסם 80 גרם,מיוצר עי קונדיטוריית,IL,אינסטנט פודינג בטעם,גרמים,80.00,100 גרם,false,,4.90,0.0613,true,1,1020260
7290000068190,false,אסם ג'לי תות שדה צבעים טבעיים 90 גרם,מיוצר עי קונדיטוריית,IL,אבקה להכנת ג'לי בטעם,גרמים,90.00,100 גרם,false,,5.90,0.0656,true,1,1020264
7290000068237,false,אבקה להכנת ג'לי בטעם פטל אסם 85 גרם,מיוצר עי קונדיטוריית,IL,אבקה להכנת ג'לי בטעם,גרמים,85.00,100 גרם,false,,5.90,0.0694,true,1,1020266
7290000068251,false,אבקה להכנת ג'לי בטעם אננס אסם 85 גרם,מיוצר עי קונדיטוריית,IL,אבקה להכנת ג'לי בטעם,גרמים,85.00,100 גרם,false,,5.90,0.0694,true,1,1020268
7290000068343,false,אוסם - פירכונים מאורז מלא 140 גרם,"מיוצר ע""י PT, משווק",IL,פריכיות מאורז מלא אס,גרמים,140.00,100 גרם,false,,6.90,0.0493,true,1,1020275
7290000068701,false,אסם שקדי מרק רכיבים טבע.מיכל 400 גרם,"אסם תעשיות בע""מ",IL,שקדי מרק במיכל אסם 4,גרמים,400.00,100 גרם,false,,15.90,0.0398,true,1,1020278
7290000068770,false,במבה יום הולדת חטיף בוטנים אסם 80 גרם,"אסם תעשיות בע""מ",IL,במבה יום הולדת חטיף,גרמים,80.00,100 גרם,false,,3.90,0.0487,true,1,1020281
7290000068787,false,במבה יום הולדת חטיף בוטנים אסם 25 גרם,מיוצר עי קונדיטוריית,IL,במבה יום הולדת חטיף,גרמים,25.00,100 גרם,false,,1.90,0.0760,true,1,1020282
7290000069364,false,פריכונים מאורז מלא ללא תוספת סוכר אסם 140 גרם,"מיוצר ע""י PT, משווק",IL,פריכונים מאורז מלא ל,גרמים,140.00,100 גרם,false,,6.90,0.0493,true,1,1020297
7290000070308,false,אבקת מרק עוף אמיתי בשרי אסם 400 גרם,"אסם תעשיות בע""מ",IL,אבקת מרק עוף אמיתי ב,גרמים,400.00,100 גרם,false,,14.90,0.0373,true,1,1020314
7290000070322,false,אבקת מרק פטריות רכיבים טבעיים אסם 400 גרם,"אסם תעשיות בע""מ",IL,אבקת מרק פטריות רכיב,גרמים,400.00,100 גרם,false,,19.90,0.0497,true,1,1020316
7290000070353,false,אבקת מרק בצל רכיבים טבעיים אסם 400 גרם,"אסם תעשיות בע""מ",IL,אבקת מרק בצל רכיבים,גרמים,400.00,100 גרם,false,,19.90,0.0497,true,1,1020317
7290000070919,false,בייגלה אסם רשתות עם מלח 400 ג',מיוצר עי קונדיטוריית,IL,בייגלה אסם רשתות מלח,גרמים,400.00,100 גרם,false,,11.90,0.0298,true,1,1020329
7290000072067,false,במבה חטיף בוטנים במילוי קרם חלבה 60 גרם,מיוצר עי קונדיטוריית,IL,במבה חטיף בוטנים במי,גרמים,60.00,100 גרם,false,,4.30,0.0717,true,1,1020337
7290000072623,false,קטשופ אסם בקבוק לחיץ 750 גרם,"אסם תעשיות בע""מ",IL,קטשופ אסם 750 גרם,גרמים,750.00,100 גרם,false,,9.90,0.0132,true,1,1020344
7290000072753,false,קפה נמס מגורען טסטרס צ'ויס 200 גרם-,נסטלה קוריאה - קפה,IL,קפה נמס מגורען טסטרס,גרמים,200.00,100 גרם,false,,29.90,0.1495,true,1,1020350
7290000072777,false,קפה נמס מגורען נטול קפאין טסטרס צ'ויס 200 גרם,נסטלה קוריאה - קפה,IL,קפה נמס מגורען נטול,גרמים,200.00,100 גרם,false,,35.90,0.1795,true,1,1020352
7290000072968,false,דגנים סיני מיניס מלחמת הכוכבים 500 גרם,נסטלה פולין דגני בוק,PL,סיני מיניס דגנים 500,גרמים,500.00,100 גרם,false,,23.90,0.0478,true,1,1020358
7290000073125,false,מנה חמה פסטה ברוטב עגבניות אסם 62 גרם,"אסם תעשיות בע""מ",IL,מנה חמה פסטה ברוטב ע,גרמים,62.00,100 גרם,false,,4.90,0.0790,true,1,1020359
7290000073415,false,אוסם - מנה חמה פסטה ברוטב פיצה 61 גרם,"אסם תעשיות בע""מ",IL,מנה חמה פסטה ברוטב פ,גרמים,61.00,100 גרם,false,,4.90,0.0803,true,1,1020364
7290000073699,false,סלט חומוס סלטי צבר 1,סלטי צבר,IL,חומוס צבר 150 גרם,גרמים,150.00,100 גרם,false,,4.50,0.0300,true,1,1020365
7290000073750,false,מנה חמה נודלס אטר+ירקות טעם עוף 70 גרם,טאי רזידנט,TH,מנה חמה נודלס בטעם ע,גרמים,70.00,100 גרם,false,,4.90,0.0700,true,1,1020366
7290000073767,false,מנה חמה נודלס אטר.+ירקות טעם בקר 70 גרם,טאי רזידנט,TH,מנה חמה נודלס בטעם ב,גרמים,70.00,100 גרם,false,,4.90,0.0700,true,1,1020367
7290000073774,false,מנה חמה נודלס אטר+ירקות טעם צילי 70 גרם,טאי רזידנט,TH,מנה חמה נודלס בטעם פ,גרמים,70.00,100 גרם,false,,4.90,0.0700,true,1,1020368
7290000074153,false,ביסקוויט פתי בר שוקולד אסם 500 גרם,מיוצר עי קונדיטוריית,IL,ביסקוויט פתי בר שוקו,גרמים,500.00,100 גרם,false,,8.90,0.0178,true,1,1020375
7290000074184,false,ביסקוויט פתי בר אסם 500 גרם,"אסם תעשיות בע""מ",IL,ביסקוויט פתי בר אסם,גרמים,500.00,100 גרם,false,,8.90,0.0178,true,1,1020377
7290000074245,false,אוסם - קרם קרקר אסם 250 גרם,"אסם תעשיות בע""מ",IL,קרם קרקר אסם 250 גרם,גרמים,250.00,100 גרם,false,,7.80,0.0312,true,1,1020378
7290000074252,false,קרקר שומשום אסם 250 גרם,"אסם תעשיות בע""מ",IL,קרקר שומשום אסם 250,גרמים,250.00,100 גרם,false,,7.90,0.0316,true,1,1020379
7290000074276,false,קרקר פיקנטי טבעון 250 ג' אסם,"אסם תעשיות בע""מ",IL,קרקר פיקנטי אסם 250,גרמים,250.00,100 גרם,false,,9.90,0.0396,true,1,1020380
7290000074375,false,אוסם - קרקר זהב 150 גרם,"אסם תעשיות בע""מ",IL,קרקר זהב אסם 150 גרם,גרמים,150.00,100 גרם,false,,6.50,0.0433,true,1,1020385
7290000074481,false,לחמית אגוזים אסם 160 גרם,"אסם תעשיות בע""מ",IL,לחמית אגוזים אסם 160,גרמים,160.00,100 גרם,false,,8.90,0.0556,true,1,1020387
7290000074696,false,"קרם קרקר 1 ק""ג אוסם","אסם השקעות בע""מ",IL,"קרם קרקר אסם 1 ק""ג",גרמים,1000.00,100 גרם,false,,22.90,0.0229,true,1,1020390
7290000074764,false,קרקר זהב אסם 900 גרם,אסם תעשיות,IL,קרקר זהב אסם 900 גרם,גרמים,900.00,100 גרם,false,,26.90,0.0299,true,1,1020394
7290000075204,false,אוסם - לחמית חיטה מלאה 250 גרם,"אסם תעשיות בע""מ",IL,לחמית חיטה מלאה אסם,גרמים,250.00,100 גרם,false,,7.90,0.0316,true,1,1020403
7290000075693,false,עוגת הבית שמרים בריוש שוקולד אסם 360 גרם,מיוצר עי קונדיטוריית,IL,עוגת הבית שמרים בריו,גרמים,360.00,100 גרם,false,,14.90,0.0414,true,1,1020408
7290000076133,false,בייגלה שמיניות עם מלח אסם 400 גרם,"אסם תעשיות בע""מ",IL,בייגלה שמיניות עם מל,גרמים,400.00,100 גרם,false,,8.90,0.0223,true,1,1020411
7290000076645,false,טוסטעים פת קלויה חיטה מלאה אסם 100 גרם,ון דר מולן האלום,NL,טוסטעים פת קלויה חיט,גרמים,100.00,100 גרם,false,,9.90,0.0990,true,1,1020421
7290000077253,false,אוסם - לחמית כפרית עם דגנים מלאים 190 גרם,"אסם תעשיות בע""מ",IL,לחמית כפרית עם דגנים,גרמים,190.00,100 גרם,false,,8.90,0.0468,true,1,1020431
7290000078212,false,קרוטונים מתובלים למרק אסם 250 גרם,עינת תעשיות מזון אגו,IL,קרוטונים מתובלים למר,גרמים,250.00,100 גרם,false,,13.90,0.0556,true,1,1020441
7290000078762,false,אוסם - חטיפי פריכונים מאורז מלא בטעם דבש 80גר,סנורייס בלגיום אן. ו,BE,חטיפי פריכונים מאורז,גרמים,80.00,100 גרם,false,,6.90,0.0863,true,1,1020447
7290000079233,false,קרם קרקר דיאטטי דל נתרן 250 גרם,"אסם תעשיות בע""מ",IL,קרם קרקר דל נתרן אסם,גרמים,250.00,100 גרם,false,,9.90,0.0396,true,1,1020450
7290000080765,false,טוסטעים פת קלויה עם שומשום אסם 100 גרם,ון דר מולן האלום,NL,טוסטעים פת קלויה עם,גרמים,100.00,100 גרם,false,,9.90,0.0990,true,1,1020461
7290000081663,false,בייגלה טבעות שומשום אסם 300 גרם,מיוצר עי קונדיטוריית,IL,בייגלה טבעות שומשום,גרמים,300.00,100 גרם,false,,8.90,0.0297,true,1,1020463
7290000098756,false,עמלה כספומן,,,עמלה כספומן,יח',1.00,יח',false,,5.90,5.9000,true,1,5728855
7290000100128,false,פירות קפואים תות סנפרוסט 300 ג',"סנפרוסט בע""מ",IL,פירות קפואים תות,גרמים,300.00,100 גרם,false,,12.90,0.0430,true,1,4914893
7290000100135,false,פירות קפואים סנפרוסט דובדבן 300 גר,"סנפרוסט בע""מ",IL,פירות קפואים דובדבן,גרמים,300.00,100 גרם,false,,12.90,0.0430,true,1,4914894
7290000100302,false,פול ירוק קלוף סנפרוסט 600 גרם,"סנפרוסט בע""מ",IL,פול ירוק קלוף סנפרוס,גרמים,600.00,100 גרם,false,,22.90,0.0382,true,1,5755083
7290000101132,false,לקט קטניות לחמין סנפרוסט 800 גר,"סנפרוסט בע""מ",IL,לקט קטניות לחמיןיח ס,גרמים,800.00,100 גרם,false,,21.90,0.0274,true,1,1916177
7290000101927,false,אוכמניות כחולות מוקפאות סנפרוסט 300 גרם,"איי, בי, אינבוו",IL,אוכמניות כחולות מוקפ,גרמים,300.00,100 גרם,false,,12.90,0.0430,true,1,3001207
7290000101934,false,מיקס פירות יער מוקפאות 300 ג' סנפרוסט,"איי, בי, אינבוו",IL,מיקס פירות יער מוקפא,גרמים,300.00,100 גרם,false,,12.90,0.0430,true,1,3001208
7290000101941,false,אננס חתוך מוקפא סנפרוסט 300ג',"איי, בי, אינבוו",IL,אננס מוקפא 300 גר,גרמים,300.00,100 גרם,false,,12.90,0.0430,true,1,3001209
7290000101958,false,מנגו חתוך מוקפא סנפרוסט 300ג',"איי, בי, אינבוו",IL,מנגו מוקפא 300 גר,גרמים,300.00,100 גרם,false,,12.90,0.0430,true,1,3001210
7290000103433,false,"לקט ירקות לתנור 800 גרם ""סנפרוסט""","איי, בי, אינבוו",IL,לקט ירקות לתנור 800,גרמים,800.00,100 גרם,false,,21.90,0.0274,true,1,1685338
7290000103815,false,לקט להקפצה סגנון תאילנדי סנפרוסט 800 גרם,"סנפרוסט בע""מ",IL,לקט להקפצה בסגנון תאילנדי,גרמים,800.00,100 גרם,false,,22.90,0.0286,true,1,1015357
7290000103846,false,מרק אפונה עשיר בירקות סנפרוסט 570 גרם,"סנפרוסט בע""מ",IL,מרק אפונה 12 יח 570 גר,גרמים,570.00,100 גרם,false,,16.90,0.0296,true,1,1015360
7290000103860,false,מרק עדשים עשיר בירקות סנפרוסט 570 גרם,"איי, בי, אינבוו",IL,מרק עדשים 12 יח 570 גר,גרמים,570.00,100 גרם,false,,16.90,0.0296,true,1,1015362
7290000103877,false,מרק שעועית עשיר בירקות סנפרוסט 640 גרם,"סנפרוסט בע""מ",IL,מרק שעועית 12 יח 640 גר,גרמים,640.00,100 גרם,false,,16.90,0.0264,true,1,1015363
7290000104072,false,עדשים ירוקות מבושלות מוקפאות 800 ג' סנפרוסט,"איי, בי, אינבוו",IL,עדשים מוקפאים 14 יח 800 ג,גרמים,800.00,100 גרם,false,,18.70,0.0234,true,1,1015371
7290000104188,false,שעועית אדומה מבושלת סנפרוסט 800 גרם,"סנפרוסט בע""מ",IL,שעועית אדומה מוקפאת 14 יח,גרמים,800.00,100 גרם,false,,17.90,0.0224,true,1,1015373
7290000104201,false,אפונה עדינה סנפרוסט 600 גרם,"איי, בי, אינבוו",IL,אפונה עדינה 12 יח 600 ג,גרמים,600.00,100 גרם,false,,16.90,0.0282,true,1,1015374
7290000104218,false,סנפרוסט במיה 600 גרם,"איי, בי, אינבוו",IL,במיה 14 יח 600 ג,גרמים,600.00,100 גרם,false,,15.80,0.0263,true,1,1015375
7290000104676,false,אפונה קפואה סנפרוסט 800 גרם,"איי, בי, אינבוו",IL,אפונה גינה 20 יח 800 ג,גרמים,800.00,100 גרם,false,,14.90,0.0186,true,1,1015378
7290000104683,false,שעועית ירוקה שלמה סנפרוסט 800 גרם,"סנפרוסט בע""מ",IL,שעועית ירוקה שלמה 16 יח 8,גרמים,800.00,100 גרם,false,,19.90,0.0249,true,1,1015379
7290000104690,false,תירס גרעינים 800 גרם סנפרוסט,"איי, בי, אינבוו",IL,גרעיני תירס 20 יח 800 ג,גרמים,800.00,100 גרם,false,,17.80,0.0223,true,1,1015380
7290000104706,false,גזר גמדי סנפרוסט 800 גרם,"סנפרוסט בע""מ",IL,גזר גמדי 16 יח 800 ג,גרמים,800.00,100 גרם,false,,16.90,0.0211,true,1,1015381
7290000104713,false,פול ירוק סנפרוסט 800 גרם,"איי, בי, אינבוו",IL,פול ירוק 20 יח 800 ג,גרמים,800.00,100 גרם,false,,20.90,0.0261,true,1,1015382
7290000104720,false,שעועית ירוקה חתוכה סנפרוסט 800 גרם,"סנפרוסט בע""מ",IL,שעועית ירוקה חתוכה 16 יח,גרמים,800.00,100 גרם,false,,16.90,0.0211,true,1,1015383
7290000104744,false,כרובית סנפרוסט 800 גרם,"סנפרוסט בע""מ",IL,כרובית 12 יח 800 ג,גרמים,800.00,100 גרם,false,,23.90,0.0299,true,1,1015385
7290000104751,false,"כרוב ניצנים 800 גרם ""סנפרוסט""","איי, בי, אינבוו",IL,כרוב ניצנים 16 יח 800 ג,גרמים,800.00,100 גרם,false,,16.90,0.0211,true,1,1015386
7290000104768,false,תרד עלים סנפרוסט 800 ג ',"איי, בי, אינבוו",IL,עלי תרד 14 יח 800 ג,גרמים,800.00,100 גרם,false,,19.90,0.0249,true,1,1015387
7290000104799,false,שעועית לבנה מבושלת סנפרוסט 800 גרם,"איי, בי, אינבוו",IL,שעועית לבנה 16 יח 800 גר,גרמים,800.00,100 גרם,false,,14.90,0.0186,true,1,1015389
7290000104805,false,גרגירי חומוס מבושלים סנפרוסט 800 גרם,"איי, בי, אינבוו",IL,גרגירי חומוס 14 יח 800 גר,גרמים,800.00,100 גרם,false,,18.90,0.0236,true,1,1015390
7290000104829,false,"קלחוני תירס סנפרוסט 1 ק""ג","איי, בי, אינבוו",IL,קלחוני תירס 16 יח 1 קג,גרמים,1000.00,100 גרם,false,,19.70,0.0197,true,1,1015392
7290000104836,false,שעועית עדינה שלמה 600 גר סנפרוסט,"סנפרוסט בע""מ",IL,שעועית עדינה שלמה 12 יח,גרמים,600.00,100 גרם,false,,19.90,0.0332,true,1,1015393
7290000104881,false,לקט אפונה וגזר סנפרוסט 800 גרם,"איי, בי, אינבוו",IL,לקט אפונה וגזר 13 יח 800,גרמים,800.00,100 גרם,false,,14.90,0.0186,true,1,1015396
7290000104911,false,לקט נורמנדי סנפרוסט 800 גרם,"איי, בי, אינבוו",IL,לקט נורמנדי 12 יח 800 ג,גרמים,800.00,100 גרם,false,,16.90,0.0211,true,1,1015399
7290000106526,false,חגיגה ירוקה להקפצה סנפרוסט 800 גר,"איי, בי, אינבוו",IL,לקט להקפצה חגיגה ירו,גרמים,800.00,100 גרם,false,,22.90,0.0286,true,1,6089976
7290000107165,false,חטיף פולי סויה סנפרוסט 400 גרם,"איי, בי, אינבוו",IL,סויה אדממה 20 יח 400 גרם,גרמים,400.00,100 גרם,false,,13.90,0.0348,true,1,1015404
7290000107189,false,תחתיות ארטישוק סנפרוסט 400 גרם,"איי, בי, אינבוו",IL,תחתיות ארטישוק 12 יח 400,גרמים,400.00,100 גרם,false,,19.90,0.0497,true,1,1015405
7290000107295,false,תפרחות ברוקולי סנפרוסט 800 גרם,"איי, בי, אינבוו",IL,תפרחות ברוקולי 12 יח 800,גרמים,800.00,100 גרם,false,,24.90,0.0311,true,1,1015410
7290000111117,false,בדין מרכך כביסה לבן 4 ליטר,יוניליור ישראל טיפוח,IL,בדין מרכך כביסה לבן,ליטרים,4.00,ליטר,false,,19.90,4.9750,true,1,1022132
7290000111119,false,תפוח אדמה לבן ארוז,ביכורי השקמה,,תפוח אדמה לבן ארוז,קילוגרמים,1.00,"ק""ג",true,,2.30,2.3000,true,1,2597238
7290000111122,false,בצל שלוט,,,בצל שלוט,יח',1.00,יח',false,,9.90,9.9000,true,1,4126461
7290000111384,false,חרדל אמיתי בצנצנת 550 ג' תלמה,יוניליוור ישראל מזו,IL,חרדל תלמה 550 גרם,גרמים,550.00,100 גרם,false,,7.50,0.0136,true,1,1022138
7290000112220,false,טחינה גולמית שומשום טהור בארכה 500 גרם,רושדי תעשיות מזון בע,IL,טחינה גולמית שומשום,גרמים,500.00,100 גרם,false,,13.90,0.0278,true,1,1027756
7290000112237,false,"טחינה גולמית שומשום טהור בארכה 1 ק""ג",רושדי תעשיות מזון בע,IL,טחינה גולמית שומשום,יח',1.00,יח',false,,19.90,19.9000,true,1,1027757
7290000112497,false,מרק עשיר עוף אטריות קנור 75 גרם - שקיות,יוניליוור ישראל מזון,IL,קנור מרק עשיר עוף עם,גרמים,75.00,100 גרם,false,,11.90,0.1587,true,1,1022142
7290000112619,false,מרק עוף לתיבול והעשרה קנור 400 ג',יוניליוור ישראל מזון,IL,מרק 400 עוף אמיתי,גרמים,400.00,100 גרם,false,,14.90,0.0373,true,1,1022145
7290000114187,false,פנטסטיק נוזל לניקוי כללי אורנים 4 ליטר,סיף פנטסטיק Cif Fantastic,IL,פנטסטיק נוזל לניקוי,ליטרים,4.00,ליטר,false,,17.90,4.4750,true,1,1022158
7290000116204,false,"אבקת מרק דגש בטעם עוף 1ק""ג קנור",יוניליוור ישראל מזון,IL,מרק דגש מופחת נתרן ק,גרמים,1000.00,100 גרם,false,,13.70,0.0137,true,1,1022166
7290000116884,false,רוטב ברביקיו 340 גרם קנור,יוניליוור ישראל מזון,IL,רוטב ברביקיו קנור 34,מיליליטרים,340.00,"100 מ""ל",false,,9.90,0.0291,true,1,1022168
7290000117720,false,קנור - נמס בכוס זוג פטריות 21.50 גרם * 2,יוניליוור ישראל מזון,IL,"נמס בכוס פטריות בד""ץ",יח',1.00,יח',false,,6.50,6.5000,true,1,1022179
7290000118277,false,כופתאות מצה להכנת מהירה 65 ג' קנור,יוניליוור ישראל מזון,IL,אבקה להכנת קניידלך ק,גרמים,260.00,100 גרם,false,,8.90,0.0342,true,1,1022185
7290000118352,false,לטקס תפוחי אדמה קנור 2*85 גרם,יוניליוור ישראל מזון,IL,לטקס תפוחי אדמה קנור,גרמים,170.00,100 גרם,false,,13.90,0.0818,true,1,1022187
7290000120836,false,"מיונז אמיתי 394 גרם ""הלמנס""",קונפקו אינק' די.בי.א,CA,מיונז הלמנס 394 גרם,גרמים,394.00,100 גרם,false,,10.90,0.0277,true,1,1022193
7290000120874,false,מיונז הלמנס לייט מופחת קלוריות 424ג,"יונילוור ארה""ב - HPC",US,מיונז הלמנס לייט 424,גרמים,424.00,100 גרם,false,,10.90,0.0257,true,1,1022194
7290000121017,false,שומרון גבינה מותכת 7% 120 גרם,שלושת האופים,IL,שומרון גבינה מותכת 7,גרמים,120.00,100 גרם,false,,8.90,0.0742,true,1,1024863
7290000121031,false,החתול המחייך גבינה מותכת 14% מון בלאן 120 גרם,שלושת האופים,IL,החתול המחייך גבינה מ,גרמים,120.00,100 גרם,false,,8.90,0.0742,true,1,1024864
7290000121079,false,גבינה מותכת למריחה עם שום שמיר 9% מון בלאן 120 גרם,שלושת האופים,IL,גבינה מותכת למריחה ע,גרמים,120.00,100 גרם,false,,8.90,0.0742,true,1,1024866
7290000121109,false,גבינה מותכת לייט עם זיתים 7% מון בלאן 120 גרם,האי נאם סי או אל.טי.,IL,גבינה מותכת לייט עם,גרמים,120.00,100 גרם,false,,8.90,0.0742,true,1,1024868
7290000121147,false,גבינה מותכת לייט בטעם פיקנטי 7% מון בלאן 120 גרם,"שלושת האופים בע""מ",IL,גבינה מותכת לייט בטע,גרמים,120.00,100 גרם,false,,8.90,0.0742,true,1,1024869
7290000121154,false,גבינה מותכת לייט עם סלמון 7% מון בלאן 120 גרם,האי נאם סי או אל.טי.,IL,גבינה מותכת לייט עם,גרמים,120.00,100 גרם,false,,8.90,0.0742,true,1,1024870
7290000122830,false,"רוטב מקסיקני סצ'ואן קנור 300 מ""ל",מיוצר עי קונדיטוריית,IL,רוטב מקסיקני סצ'ואן,מיליליטרים,300.00,"100 מ""ל",false,,9.90,0.0330,true,1,1022206
7290000123363,false,צמקאו לאכילה ציפוי ואפייה 500 גרם,אתר צפת ממרחים וצימא,IL,צימקאו שוקולד 500 גר,גרמים,500.00,100 גרם,false,,10.50,0.0210,true,1,1022211
7290000125251,false,בדין שמפו לכביסה עדינה 2 ליטר,"זוהר דליה, קיבוץ דלי",IL,בדין שמפו לכביסה עדי,ליטרים,2.00,ליטר,false,,22.90,11.4500,true,1,1022217
7290000129457,false,אבקת רוטב פטריות קנור 28 ג' שקית,יוניליוור ישראל מזון,IL,רוטב פטריות קנור 28,גרמים,28.00,100 גרם,false,,3.90,0.1393,true,1,1022235
7290000129785,false,בדין מרכך כביסה 4 ליטר ירוק,אתר ליוור - HPC,IL,בדין מרכך כביסה 4 לי,ליטרים,4.00,ליטר,false,,19.90,4.9750,true,1,1022239
7290000131009,false,דפי בצק פילו דקיקים שחף 500 גרם,מאפית אריאל,,דפי בצק פילו דקיקים,גרמים,500.00,100 גרם,false,,14.50,0.0290,true,1,1033910
7290000131023,false,"בצק עלים מרודד שחף 1 ק""ג",שחף,,בצק עלים מרודד שחף 1,גרמים,1000.00,100 גרם,false,,11.80,0.0118,true,1,1033911
7290000131122,false,"בצק עלים צרפתי שחף 1.5 ק""ג",יושלם,,בצק עלים צרפתי שחף 1,קילוגרמים,1.50,"ק""ג",false,,16.90,11.2667,true,1,1033912
7290000133645,false,משחת שיניים בטעם מנטה אורביטול 3*145 גרם,טרופיקל דגיל קוסמטיק,IL,משחת שיניים בטעם מנט,גרמים,435.00,100 גרם,false,,16.50,0.0379,true,1,1023158
7290000133904,false,"סנו דואופרש פסיפלורה ותפוז 300 מ""ל",קריות זול,IL,דואופרש פסיפלורה ותפ,מיליליטרים,300.00,"100 מ""ל",false,,9.90,0.0330,true,1,1023164
7290000135045,false,"XL TEN משקה אנרגיה פתוח ללא סוכר 250 מ""ל","טמפו משקאות בע""מ",IL,"XL פחית 250 מ""ל",מיליליטרים,250.00,"100 מ""ל",false,,3.80,0.0152,true,1,6077182
7290000135052,false,"XL TEN משקה אנרגיה מנגו ללא סוכר 250 מ""ל","טמפו משקאות בע""מ",IL,"XL פחית 250 מ""ל",מיליליטרים,250.00,"100 מ""ל",false,,3.80,0.0152,true,1,5897821
7290000135113,false,"משקה אנרגיה XL פחית ten נענע ליים 250 מ""ל",טמפו 7.5%,IL,"משקה אנרגיה לל""ס נענ",מיליליטרים,250.00,"100 מ""ל",false,,3.80,0.0152,true,1,6599596
7290000135168,false,"פפסי מקס ליים פחית צרה מארז שישייה 330 מ""ל",אלפא S.A,AL,פפסי מקס ליים שישיה,ליטרים,1.98,ליטר,false,,16.90,8.5354,true,1,6723448
7290000135311,false,פפסי מקס ליים 1.5 ליטר בודד,"טמפו משקאות בע""מ",IL,פפסי מקס ליים 1.5 ל,ליטרים,1.50,ליטר,false,,6.90,4.6000,true,1,6712225
7290000135342,false,"מי סודה טמפו בקבוק 500 מ""ל",Unknown,IL,"טמפו סודה 500 מ""ל",מיליליטרים,500.00,"100 מ""ל",false,,2.90,0.0058,true,1,6788344
7290000135465,false,"מי סודה 500 מ""ל - מארז 12 בקבוקים",טמפו 7.5%,IL,טמפו סודה 12* 500 מל,ליטרים,6.00,ליטר,false,,24.90,4.1500,true,1,6785246
7290000135595,false,פפסי מקס בטעם דובדבן 1.5 ליטר,"איי, בי, אינבוו",IL,פפסי מקס דובדבן 1.5,ליטרים,1.50,ליטר,false,,6.90,4.6000,true,1,6784002
7290000135625,false,"מארז בירה גולדסטאר פחיות 4* 500 מ""ל",טמפו,IL,גולדסטאר פחיות 4*330,ליטרים,1320.00,ליטר,false,,28.90,0.0219,true,1,6787800
7290000135632,false,"רביעיית פחיות גולדסטאר לא מסונן 500 מ""ל",טמפו,IL,רביעיית פחיות גולדסט,יח',1.00,יח',false,,28.90,28.9000,true,1,6787801
7290000135663,false,"פפסי מקס דובדבן פחית צרה מארז שישייה 330 מ""ל",אלפא S.A,IL,פפסי מקס דובדבן שישי,ליטור,1.50,ליטור,false,,16.90,11.2667,true,1,6888314
7290000136141,false,משקה בטעם קולה 1.5ל' פפסי,פפסי Pepsi,IL,פפסי 1.5 ליטר,ליטרים,1.50,ליטר,false,,7.40,4.9333,true,1,6814591
7290000136158,false,פפסי מקס משקה מוגז דל קלוריות בטעם קולה,פפסי Pepsi,IL,פפסי מקס 1.5 ליטר,ליטרים,1.50,ליטר,false,,6.90,4.6000,true,1,6814592
7290000136165,false,טמפו מירינדה 1.5 ליטר,מירינדה Mirinda,IL,מירינדה 1.5 ליטר,ליטרים,1.50,ליטר,false,,6.90,4.6000,true,1,6814593
7290000136172,false,סבן אפ בקבוק 1.5 ליט,סבן אפ 7up,IL,סבן אפ 1.5 ליטר,ליטרים,1.50,ליטר,false,,6.90,4.6000,true,1,6814594
7290000136189,false,דיאט סבן אפ 1.5 ליטר FREE,סבן אפ 7up,IL,דיאט סבן אפ 1.5 ליטר,ליטרים,1.50,ליטר,false,,6.90,4.6000,true,1,6814595
7290000136257,false,פאנק טוניק גזוז בטעם פירות,טמפו 7.5%,IL,פאנק טוניק 1.5,ליטרים,1.50,ליטר,false,,8.20,5.4667,true,1,6814540
7290000136264,false,מי טוניק גזוז 1.5 ל' טמפו,טמפו 7.5%,IL,מי טוניק 1.5 ליטר,ליטרים,1.50,ליטר,false,,7.20,4.8000,true,1,6814541
7290000136431,false,משקה בטעם אפרסק צלול תריסר 1.5 ל' ג'אמפ,טמפו 7.5%,IL,ג'אמפ אפרסק 1.5 ליטר,ליטרים,1.50,ליטר,false,,7.50,5.0000,true,1,6814542
7290000136455,false,משקה בטעם אשכוליות תריסר 1.5 ל' ג'אמפ,טמפו 7.5%,IL,ג'אמפ אשכוליות 1.5 ל,ליטרים,1.50,ליטר,false,,7.50,5.0000,true,1,6814543
7290000136516,false,משקה בטעם מנגו פסיפלורה תריסר 1.5 ל' ג'אמפ,טמפו 7.5%,IL,ג'אמפ מנגו פסיפלורה,ליטרים,1.50,ליטר,false,,7.50,5.0000,true,1,6814545
7290000136523,false,משקה בטעם ענבים תריסר 1.5 ל' ג'אמפ,טמפו 7.5%,IL,ג'אמפ ענבים 1.5 ליטר,ליטרים,1.50,ליטר,false,,7.50,5.0000,true,1,6814546
7290000136561,false,משקה בטעם תות בננה תריסר 1.5 ל' ג'אמפ,טמפו 7.5%,IL,ג'אמפ תות בננה 1.5 ל,ליטרים,1.50,ליטר,false,,7.50,5.0000,true,1,6814547
7290000136585,false,משקה בטעם תפוזים תריסר 1.5 ל' ג'אמפ,טמפו 7.5%,IL,ג'אמפ תפוזים 1.5 ליט,ליטרים,1.50,ליטר,false,,7.50,5.0000,true,1,6814548
7290000136608,false,משקה בטעם תפוח צלול תריסר 1.5 ל' ג'אמפ,טמפו 7.5%,IL,ג'אמפ תפוח צלול 1.5,ליטרים,1.50,ליטר,false,,7.50,5.0000,true,1,6814549
7290000136646,false,בירה נשר מאלט ללא אלכוהול 1.5 ליטר,טמפו 7.5%,IL,בירה שחורה נשר מאלט,ליטרים,1.90,ליטר,false,,8.80,4.6316,true,1,6814515
7290000136653,false,דיאט נשר מאלט ללא אלכוהול 1.5 ליטר,טמפו 7.5%,IL,בירה שחורה דיאט נשר,ליטרים,1.50,ליטר,false,,8.90,5.9333,true,1,6814516
7290000136660,false,סודה טמפו ליטר וחצי,טמפו,IL,סודה 1.5 ליטר,ליטרים,1.50,ליטר,false,,3.20,2.1333,true,1,6814858
7290000136691,false,מארז שישייה סבן אפ 1.5 ל',סבן אפ 7up,IL,סבן אפ 1.5לי שישייה,מטרים,1500.00,100 מ'ל,false,,37.90,0.0253,true,1,6814859
7290000136752,false,סבן אפ דיאט מארז שישייה 1.5 ל' FREE,"טמפו משקאות בע""מ",IL,דיאט סבן אפ 1.5 ליטר,ליטרים,9.00,ליטר,false,,35.90,3.9889,true,1,6814599
7290000136769,false,מארז שישיה בטעם קולה 1.5 ל' פפסי,פפסי Pepsi,IL,פפסי 1.5 ליטר שישייה,ליטרים,9.00,ליטר,false,,35.80,3.9778,true,1,6814600
7290000136776,false,שישיית פפסי מקס דל קלוריות 1.5 ליטר,פפסי Pepsi,IL,פפסי מקס 1.5 ליטר שי,ליטרים,9.00,ליטר,false,,35.90,3.9889,true,1,6814601
7290000136783,false,מארז שישייה מרינדה 1.5 ל',מירינדה Mirinda,IL,מירנדה 1.5 ליטר שישי,ליטרים,9.00,ליטר,false,,37.30,4.1444,true,1,6814602
7290000136790,false,מארז סודה שישייה 1.5 ל' טמפו,טמפו 7.5%,IL,טמפו סודה 6* 1.5 ליט,מטרים,9000.00,100 מ'ל,false,,15.90,0.0018,true,1,6814550
7290000136806,false,מארז סודה רביעייה לימון ליים 1.5 ל' טמפו,טמפו 7.5%,IL,סודה לימון ליים 1.5,ליטרים,6.00,ליטר,false,,10.90,1.8167,true,1,6814570
7290000136813,false,סודה בטעם אננס מארז רביעייה 1.5 ל' טמפו,טמפו 7.5%,IL,סודה אננס 1.5לי רביע,ליטרים,6.00,ליטר,false,,10.90,1.8167,true,1,6814860
7290000136820,false,סודה בטעם פירות יער מארז ריבעיה * 1.5 ל' טמפו,טמפו 7.5%,IL,סודה פירות יער 1.5לי,ליטרים,6.00,ליטר,false,,10.90,1.8167,true,1,6814603
7290000136837,false,גזוז בנגיעות טעם אפרסק - מארז רביעייה,טמפו 7.5%,IL,רביעייה סודה טעם אפר,ליטרים,1.50,ליטר,false,,10.90,7.2667,true,1,6814604
7290000136844,false,מארז מים מזוככים אקווה נובה שישיית 2 ליטר,אקווה נובה Aqua Nova,IL,מים אקווה נובה 2 ליט,ליטרים,12.00,ליטר,false,,10.70,0.8917,true,1,6814517
7290000137513,false,גלידונית גלידה וניל בציפוי שוקולד 60 יח' קרמיסימו,"גלידת שטראוס בע""מ, ר",IL,גלידונית קרמיסימו ונ,גרמים,630.00,100 גרם,false,,39.80,0.0632,true,1,1031463
7290000137643,false,שלגוני טעמקור בטעם שוקו וניל שטראוס 8*50 גרם,"גלידת שטראוס בע""מ, ר",IL,שלגוני טעמקור בטעם ש,יח',1.00,יח',false,,31.90,31.9000,true,1,1031464
7290000139104,false,שלווה חיטה תפוחה מתוקה אשבול 230 גרם,"אשב""ל בע""מ",IL,שלווה חיטה תפוחה מתו,גרמים,230.00,100 גרם,false,,7.90,0.0343,true,1,1011014
7290000139111,false,שלווה חיטה תפוחה מתוקה אשבול 90 גרם,אשבול,,שלווה חיטה תפוחה מתו,גרמים,90.00,100 גרם,false,,3.40,0.0378,true,1,1011015
7290000139128,false,שלווה חטיף דגן תפוח מתוק אשבול 60 גרם,אשבול,,שלווה חטיף דגן תפוח,גרמים,60.00,100 גרם,false,,3.40,0.0567,true,1,1011016
7290000139227,false,דגן תירס תפוח מתוק 150 גרם,אשבל מזון פונקציונלי,IL,אשבול דגן לבן 150גר,גרמים,150.00,100 גרם,false,,7.90,0.0527,true,1,1011020
7290000139258,false,שלווה דבש וסוכר חום אשבול 200 גרם,אשבל מזון פונקציונלי,IL,שלווה דבש וסוכר חום,גרמים,250.00,100 גרם,false,,8.70,0.0348,true,1,1011022
7290000139609,false,פצפוצי אורז אשבול 375 גרם,,IL,אשבול פצפוצי אורז 37,גרמים,375.00,100 גרם,false,,10.90,0.0291,true,1,1011036
7290000139623,false,פיצפוצי אורז לייט 450 גרם,,,פצפוצי אורז אשבול,גרמים,60.00,100 גרם,false,,10.90,0.1817,true,1,1011038
7290000144160,false,"שמן זית כתית מעולה ארומתי עץ הזית 750 מ""ל","מרקאולאו, ספרד.אבסה,",IL,שמן זית כתית מעולה א,מיליליטרים,750.00,"100 מ""ל",false,,32.90,0.0439,true,1,1025410
7290000144467,false,שמן חמניות מועשר בנוגדי חמצון 1 ל' עץ הזית,"נארז ע""י : א.ג. גילר",GR,שמן בריאות חמניות עץ,ליטרים,1.00,ליטר,false,,13.90,13.9000,true,1,1025413
7290000144474,false,שמן עץ הזית קנולה 1 ליטר בריאות מהטבע,שמן תעשיות,EE,שמן בריאות קנולה עץ,ליטרים,1.00,ליטר,false,,14.80,14.8000,true,1,1025414
7290000146928,false,"משחת שיניים לילדים בטעם ענבים טום וג'רי 50 מ""ל",טרופיקל דגיל קוסמטיק,IL,משחת שיניים לילדים ב,גרמים,50.00,100 גרם,false,,7.90,0.1580,true,1,1016686
7290000146997,false,משחת שיניים לילדים מסטיק טום וג'רי 50 מל,טרופיקל דגיל קוסמטיק,IL,משחת שיניים לילדים מ,יח',1.00,יח',false,,7.90,7.9000,true,1,1016689
7290000149615,false,נקה 7 סבון מוצק לתינוק רביעיה * 100 ג',גליל כימיקלים בעממשו,IL,סבון מוצק לתינוק נקה,גרמים,400.00,100 גרם,false,,10.90,0.0273,true,1,1045607
7290000149844,false,סבון רב שימושי סינטבון 230 גרם,סינטבון,IL,סבון רב שימושי סינטב,גרמים,230.00,100 גרם,false,,6.90,0.0300,true,1,1023167
7290000149943,false,"טקסטיל אבקת כביסה ביד נקה 1 ק""ג",קריות זול,IL,טקסטיל אבקת כביסה בי,ליטרים,1.00,ליטר,false,,12.90,12.9000,true,1,1023171
7290000150956,false,עוף טוב מקלוני קבנוס 160 גרם,מוצרי עוף טוב (2001),IL,מקלוני קבנוס עוף טוב,גרמים,160.00,100 גרם,false,,9.90,0.0619,true,1,1020473
7290000151885,false,נקניק הודו יחידה עוף טוב 700ג',עוף טוב,IL,נקניק הודו יחידה 700,גרמים,700.00,100 גרם,false,,14.90,0.0213,true,1,1020487
7290000152943,false,מארז פסטרמה כפרית וסלמי כפרי עוף טוב 2*350 גרם,מולינו ניקולי s.p.a,IL,מארז פסטרמה כפרית וס,גרמים,700.00,100 גרם,false,,18.90,0.0270,true,1,1020493
7290000153469,false,קציצות עוף קלאסיות 100% רכיבים טבעיים,מוצרי עוף טוב (2001),IL,קציצות עוף קלאסיות 1,גרמים,600.00,100 גרם,false,,28.90,0.0482,true,1,1020500
7290000158105,false,שניצל עוף מיני דינוזאור ללא אנטיביוטיקה מ100% ר.טבעי,מוצרי עוף טוב (2001),IL,שניצל עוף מיני דינוז,גרמים,700.00,100 גרם,false,,24.90,0.0356,true,1,1020532
7290000168173,false,"ברנפלקס קרנצ'ים תלמה בד""ץ 375 גרם",יוניליור ישראל מזון,IL,ברנפלקס קרנצ'ים תלמה,גרמים,375.00,100 גרם,false,,19.90,0.0531,true,1,1022403
7290000169538,false,"נמס בכוס עגבניות וקרוטונים מרק כשרות בד""ץ 62 ג' קנור",יוניליוור ישראל מזון,IL,"נמס בכוס עגבניות בד""",גרמים,31.00,100 גרם,false,,6.50,0.2097,true,1,1022439
7290000169798,false,"עוגי מופחת סוכר 20% פצפוצי שוקו' 500ג' בד""צ",יוניליוור שפע ישראל,IL,עוגי מופחת 20%סוכר 5,גרמים,500.00,100 גרם,false,,18.90,0.0378,true,1,1022445
7290000174723,false,שוקולית אבקה להכנת משקה שוקו 500 גרם,הנסיך- מפעל לייצור ט,IL,שוקולית 500 גרם,גרמים,500.00,100 גרם,false,,11.90,0.0238,true,1,1018620
7290000176079,false,קפה עלית טורקי עם הל 100 גרם,הנסיך- מפעל לייצור ט,IL,קפה טורקי עם הל 100,גרמים,100.00,100 גרם,false,,8.90,0.0890,true,1,1018625
7290000176116,false,"קפה טורקי עלית וואקום 1 ק""ג",הנסיך- מפעל לייצור ט,IL,קפה טורקי - ואקום 1,לקג,1.00,לקג,false,,74.90,74.9000,true,1,1018628
7290000176147,false,קפה לפילטר קלוי וטחון מוקה מספר 1 עלית 500 גרם,ELITE CAFE SP. ZO.O,PL,קפה לפילטר קלוי וטחו,גרמים,500.00,100 גרם,false,,47.90,0.0958,true,1,1018629
7290000176413,false,קפה נמס אבקתי 50 ג' עלית,הנסיך- מפעל לייצור ט,IL,קפה נמס 50 גרם,גרמים,50.00,100 גרם,false,,8.90,0.1780,true,1,1018631
7290000176420,false,קפה נמס אבקתי 200ג עלית,שטראוס קפה בי.וי,IL,קפה נמס 200 גרם,גרמים,200.00,100 גרם,false,,18.90,0.0945,true,1,1018632
7290000176468,false,קפה נמס נטול קפאין 50 ג' קפה האג,"איי, בי, אינבוו",IL,קפה נמס האג נטול קפא,גרמים,50.00,100 גרם,false,,10.90,0.2180,true,1,1018633
7290000176475,false,האג קפה נמס נטול קפאין עלית 200 גרם,שטראוס גרופ,IL,האג קפה נמס נטול קפא,גרמים,200.00,100 גרם,false,,33.80,0.1690,true,1,1018634
7290000178707,false,תפוצ'יפס בטעם טבעי 50 גרם,"שטראוס פריטו ליי בע""",IL,תפוצ'יפס בטעם טבעי 5,גרמים,50.00,100 גרם,false,,3.50,0.0700,true,1,1026759
7290000178721,false,תפוצ'יפס בטעם טבעי 200 גרם,"שטראוס פריטו ליי בע""",IL,תפוצ'יפס בטעם טבעי 2,גרמים,200.00,100 גרם,false,,9.90,0.0495,true,1,1026761
7290000185330,false,סילאן טבעי תמר כנרת 900 גר,טעמי הגליל,IL,סילאן טבעי 900גר כנר,גרמים,900.00,100 גרם,false,,23.90,0.0266,true,1,6732106
7290000185590,false,סילאן טבעי בבקבוק לחיץ 650 גרם,חצר כינרת מוצרי תמר,IL,סילאן טבעי בבקבוק לח,גרמים,635.00,100 גרם,false,,19.90,0.0313,true,1,6770801
7290000186030,false,מגבוני האגיס תחליב דיספנסר רביעייה,חוגלה,IL,מגבוניה האגיס רבעייה,יח',1.00,יח',false,,24.90,24.9000,true,1,1165468
7290000188553,false,קוטקס - מגן תחתון סילק נורמל 60 יח',קימברלי קלארק,CN,מגן תחתון נורמל קוטק,יח',60.00,יח',false,,15.90,0.2650,true,1,1029557
7290000188591,false,קוטקס - מגן תחתון סילק יאנג 60 יח',קימברלי קלארק,CN,מגן תחתון יאנג קוטקס,יח',60.00,יח',false,,15.90,0.2650,true,1,1029559
7290000189116,false,תבניות עגולות עבות במיוחד 5 יחידות ניקול,ניקול,CN,תבניות עגולות עבות ב,יח',5.00,יח',false,,9.90,1.9800,true,1,1162943
7290000189482,false,תבניות אפיה מרובעות מקרטון ניקול 4 יחידות,"דוקארט בעמ, קיבוץ כפ",IL,תבניות אפיה מרובעות,יח',4.00,יח',false,,9.90,2.4750,true,1,1029579
7290000189499,false,תבניות אפיה עגולות מקרטון ניקול 3 יחידות,"דוקארט בעמ, קיבוץ כפ",IL,תבניות אפיה עגולות מ,יח',3.00,יח',false,,9.90,3.3000,true,1,1029580
7290000189505,false,ניקול תבנית אפייה מקרטון אינגליש קייק ניקול 5 יחידות,"דוקארט בעמ, קיבוץ כפ",IL,ניקול תבנית אפייה מק,יח',5.00,יח',false,,9.90,1.9800,true,1,1029581
7290000189550,false,שקיות אשפה מתכלות עם שרוך 78*90 ניקול 20 יחידות,קריות זול,IL,שקיות אשפה מתכלות עם,יח',20.00,יח',false,,21.80,1.0900,true,1,1029585
7290000189598,false,מטליות לחות חד פעמיות לניקוי כללי 50 יח' ניקול,עלבד משואות יצחק בעמ,IL,מטליות לחות לניקוי כ,יח',50.00,יח',false,,9.90,0.1980,true,1,1029588
7290000189659,false,מטליות לחות לרצפה ניקול 10 יח'-מרכז,עלבד משואות יצחק בעמ,IL,מטליות לחות לרצפה ני,יח',10.00,יח',false,,9.90,0.9900,true,1,1029590
7290000189680,false,ניקול זוג מטליות לחות לרצפה,חוגלה קימברלי,IL,זוג מטליות לחות לרצפ,מיליליטרים,700.00,"100 מ""ל",false,,19.90,0.0284,true,1,1069331
7290000189734,false,מטליות לחות לניקוי פרקט ניקול 10 יחידות,עלבד משואות יצחק בעמ,IL,מטליות לחות לניקוי פ,יח',10.00,יח',false,,10.90,1.0900,true,1,1029594
7290000190198,false,מטליות לניקוי וחיטוי חדרי שירותים ואמבטיה,עלבד משואות יצחק בעמ,IL,מטליות לניקוי וחיטוי,יח',50.00,יח',false,,9.90,0.1980,true,1,1056192
7290000191225,false,האגיס חיתולים ליטל בייביס שלב 2 44 יחידו,קימברלי קלארק שיווק,IL,האגיס ליטל שלב 2 44,יח',46.00,יח',false,,28.90,0.6283,true,1,1069121
7290000191645,false,"חיתולים האגיס ליטל בייביס ניו בורן שלב 1 עד 4 ק""ג",קימברלי קלארק ארהב,US,חיתולים האגיס ליטל ב,יח',36.00,יח',false,,29.90,0.8306,true,1,1029629
7290000193014,false,פדיות אינטרלוד מגיני יום לילי 50יח',חוגלה קימברלי,CZ,מגן תחתון לילי 50 יח,יח',50.00,יח',false,,9.90,0.1980,true,1,1029636
7290000193076,false,"שלישיית מטליות לריצפה ""ניקול""",עופרטקס,IL,שלישיית מטליות רצפה,יח',3.00,יח',false,,9.90,3.3000,true,1,1056180
7290000193083,false,נובה-לי תחבושות היגייניות לילי 28 יחידות,חוגלה קימברלי,CZ,נובה-לי תחבושות היגי,יח',28.00,יח',false,,8.90,0.3179,true,1,1029637
7290000193205,false,תחבושות לילה עם כנפיים לילי 20 יחידות,לילי נטורל,BE,תחבושות לילה עם כנפי,יח',20.00,יח',false,,15.90,0.7950,true,1,1029640
7290000193472,false,מגן תחתון נטורל נורמל לילי 60 יחידות,חוגלה קימברלי,IL,מגן תחתון נטורל נורמ,יח',60.00,יח',false,,14.90,0.2483,true,1,1029642
7290000193540,false,מגן תחתון ארוך נטורל לילי 52 יחידות,חוגלה קימברלי,IL,מגן תחתון ארוך נטורל,יח',52.00,יח',false,,14.90,0.2865,true,1,1029643
7290000193618,false,לילי אינטימייט מגן תחתון נורמל 24 יח',קריות זול,,מגן תחתון לייט נטורל,יח',62.00,יח',false,,14.90,0.2403,true,1,1029644
7290000193649,false,תחבושות עם כנפיים נורמל פלוס לילי 24 יחידות,קריות זול,IL,תחבושות עם כנפיים נו,יח',24.00,יח',false,,15.90,0.6625,true,1,1029645
7290000193656,false,תחבושות עם כנפיים סופר פלוס לילי 24 יחידות,קריות זול,IL,תחבושות עם כנפיים סו,יח',24.00,יח',false,,15.90,0.6625,true,1,1029646
7290000194288,false,משטח החתלה האגיס 10 יחידות,האגיס,BE,משטח החתלה האגיס 10,יח',10.00,יח',false,,19.90,1.9900,true,1,1029661
7290000195216,false,נייר אפייה בשקית ניקול 50 יחידות,ניקול,IL,נייר אפייה בשקית ניק,יח',50.00,יח',false,,9.30,0.1860,true,1,1069338
7290000196039,false,"מפות שולחן איריס ח""פ ניקול 2 יח'",קריות זול,IL,מפת שולחן 110*180 ני,יח',2.00,יח',false,,9.90,4.9500,true,1,1029672
7290000197012,false,שקיות ריצ'רץ' אחסון למזון ניקול 15 יחידות,קריות זול,CN,שקיות ריצ'רץ' אחסון,יח',15.00,יח',false,,12.90,0.8600,true,1,1029681
7290000197029,false,שקיות ריצ'רץ' רב תכליתיות ניקול 12 יחידות,קריות זול,IL,שקיות ריצ'רץ' רב תכל,יח',12.00,יח',false,,12.90,1.0750,true,1,1029682
7290000197340,false,"רדיד אלומניום ארוך 45 ס""מ רוחב ניקול 7.5 מטר",קריות זול,IL,רדיד אלומניום ארוך 4,אורך,7.50,אורך,false,,14.90,1.9867,true,1,1029686
7290000197425,false,האגיס פרידום דריי שלב 3 54 יחידות,קימברלי קלארק ישראל,IL,האגיס פרידום דריי של,יח',52.00,יח',false,,41.90,0.8058,true,1,1138453
7290000197456,false,האגיס פרידום דריי שלב 4 44 יחידות,קימברלי קלארק ישראל,IL,האגיס פרידום דריי של,יח',44.00,יח',false,,41.90,0.9523,true,1,1138454
7290000197463,false,האגיס פרידום דריי שלב 4 + 40 יחידות,קימברלי קלארק ישראל,IL,האגיס פרידום דריי של,יח',40.00,יח',false,,41.90,1.0475,true,1,1138455
7290000197470,false,שקיות רב שימושיות מתכלות ניקול 250 יחידות,"אשפלסט תעשיות בע""מ",IL,שקיות רב שימושיות מת,יח',250.00,יח',false,,14.40,0.0576,true,1,1029688
7290000197548,false,האגיס פרידום דריי שלב 5 38 יחידות,קימברלי קלארק ישראל,IL,האגיס פרידום דריי של,יח',36.00,יח',false,,41.90,1.1639,true,1,1138456
7290000197678,false,האגיס פרידום דריי שלב 6 34 יחידות,קימברלי קלארק ישראל,IL,האגיס פרידום דריי של,יח',30.00,יח',false,,41.90,1.3967,true,1,1138457
7290000197883,false,תבניות אלומיניום גדולות ניקול 5 יחידות,ארץ ייצור: סין,CN,תבניות אלומיניום גדו,יח',5.00,יח',false,,8.90,1.7800,true,1,1029696
7290000197951,false,תבניות אלומיניום ענקיות ניקול 3 יחידות,פאלאס,IL,תבניות אלומיניום ענק,יח',3.00,יח',false,,8.90,2.9667,true,1,1029697
7290000197982,false,"רדיד אלומיניום עבה 45 ס""מ רוחב ניקול 2 יח' 7.5 מטר",ניקול,IL,רדיד אלומיניום עבה 4,אורך,7.50,אורך,false,,19.90,2.6533,true,1,1029698
7290000199313,false,תחבושות עם כנפיים נורמל פלוס קוטקס 30 יחידות,קוטקס,IL,תחבושות עם כנפיים נו,יח',30.00,יח',false,,15.90,0.5300,true,1,1029702
7290000201818,false,טיטולים פרימיום שלב 2 52 יחידות,חוגלה קימברלי,IL,טיטולים פרימיום שלב,יח',52.00,יח',false,,29.90,0.5750,true,1,1165079
7290000201832,false,טיטולים פרימיום שלב 3 50 יחידות,חוגלה קימברלי,IL,טיטולים פרימיום שלב,יח',50.00,יח',false,,29.90,0.5980,true,1,1165080
7290000204086,false,ניקול כרית קרצוף מארז שלישייה,חוגלה קימברלי,US,סקוטש קרצוף ניקול 3,יח',3.00,יח',false,,9.90,3.3000,true,1,1029741
7290000204147,false,כריות יפניות עבות ניקול 4 יחידות,פלסטו פוליש (ברקן),IL,כריות יפניות עבות ני,יח',4.00,יח',false,,9.90,2.4750,true,1,1029742
7290000204215,false,כריות יפניות ניקול 6 יחידות,פלסטו פוליש (ברקן),IL,כריות יפניות ניקול 6,יח',6.00,יח',false,,9.90,1.6500,true,1,1029743
7290000204253,false,מטליות רב שימושיות לניקיון ניקול 9 יחידות,נועם אורים-קיבוץ אור,IL,מטליות רב שימושיות ל,יח',9.00,יח',false,,9.90,1.1000,true,1,1029745
7290000204512,false,מטליות לחות לרצפה בניחוח לימון 10 יח' ניקול,עלבד משואות יצחק בעמ,IL,מטליות לחות לרצפה בר,יח',10.00,יח',false,,9.90,0.9900,true,1,2610328
7290000204611,false,ספוגית הקסם ניקול 6 יחידות,קריות זול,US,ספוגית הקסם ניקול 6,יח',6.00,יח',false,,9.90,1.6500,true,1,1029748
7290000205526,false,פיסגה נוזל ריחני לשטיפת רצפות סנו 2 ליטר,"סנו מפעלי ברונוס בע""",IL,פיסגה נוזל ריחני לשט,ליטרים,2.00,ליטר,false,,9.90,4.9500,true,1,1023176
7290000205915,false,חיתולי האגיס אקסטרה קייר מידה 4 40יח,חוגלה קימברלי,IL,האגיס אקסטרה קייר מי,יח',40.00,יח',false,,46.80,1.1700,true,1,1229462
7290000207063,false,רסק עגבניות פריכוז 28% 240 גרם יכין,היינץ צפון אמריקה מק,IL,רוטב עגב' פריכוז 240,גרמים,260.00,100 גרם,false,,3.80,0.0146,true,1,1029275
7290000207162,false,רוטב עגבניות מרכיב טבעי 100 ג' יכין,"זנלכל בע""מ",IL,רוטב עגבניות 22BX יכ,גרמים,100.00,100 גרם,false,,2.20,0.0220,true,1,1029278
7290000207438,false,עגבניות 2.5 A קוביות 850 גרם יכין,"זנלכל בע""מ",IL,עגבניות קוביות יכין,גרמים,800.00,100 גרם,false,,9.90,0.0124,true,1,1029279
7290000208022,false,עגבניות 2.5 A מרוסקות 850 גרם יכין,"זנלכל בע""מ",IL,עגבניות מרוסקות יכין,גרמים,800.00,100 גרם,false,,9.90,0.0124,true,1,1029283
7290000208077,false,אפונת גינה רגילה 550 גרם יכין,"זנלכל בע""מ",IL,אפונת גינה יכין 550,גרמים,335.00,100 גרם,false,,7.90,0.0236,true,1,1029285
7290000208114,false,"אפונה וגזר יכין A2 פ""ק בית יוסף","זנלכל בע""מ",IL,אפונת גינה וגזר יכין,גרמים,335.00,100 גרם,false,,6.90,0.0206,true,1,1029288
7290000208138,false,סירופ דיאט בטעם ענבים יכין 1 ליטר,"זנלכל בע""מ",IL,סירופ דיאט בטעם ענבי,ליטרים,1.00,ליטר,false,,16.70,16.7000,true,1,1029290
7290000208145,false,גרעיני תירס מתוק לייט 550 גרם יכין,"זנלכל בע""מ",IL,תירס מתוק לייט יכין,גרמים,335.00,100 גרם,false,,9.90,0.0296,true,1,1029291
7290000208213,false,שעועית לבנה אפויה A2 ברוטב עגבניות יכין 560ג',היינץ צפון אמריקה מק,IL,שעועית לבנה ברוטב עג,גרמים,355.00,100 גרם,false,,6.90,0.0194,true,1,1029294
7290000208220,false,"שעועית צ'לי יכין פ""ק A2 בית יוסף",היינץ צפון אמריקה מק,IL,שעועית צ'ילי יכין 58,גרמים,355.00,100 גרם,false,,9.50,0.0268,true,1,1029295
7290000208312,false,גרעיני תירס מתוק בואקום יכין 400 גר',"זנלכל בע""מ",IL,תירס מתוק יכין 400 ג,גרמים,246.00,100 גרם,false,,6.50,0.0264,true,1,1029300
7290000208329,false,גרעיני תירס מתוק 550 גרם יכין,"זנלכל בע""מ",IL,תירס מתוק יכין 550 ג,גרמים,335.00,100 גרם,false,,6.90,0.0206,true,1,1029301
7290000208336,false,רסק יכין 240גר 22% יכין בית יוסף,"זנלכל בע""מ",IL,רוטב עגבניות 22BX יכ,גרמים,240.00,100 גרם,false,,3.90,0.0162,true,1,1029302
7290000208343,false,עגבניות מרוסקות שום יכין A2.5 בית יוסף,היינץ צפון אמריקה מק,IL,עגבניות מרוסקות שום,גרמים,800.00,100 גרם,false,,9.90,0.0124,true,1,1029303
7290000208350,false,עגבניות מרוסקות בצל 850 גר יכין A 2.5,זנלכל,IL,עגבניות מרוסקות בצל,גרמים,800.00,100 גרם,false,,9.90,0.0124,true,1,1029304
7290000208404,false,A2 פול מצרי 550 גרם יכין,"זנלכל בע""מ",IL,פול יכין 580 גרם,גרמים,350.00,100 גרם,false,,7.90,0.0226,true,1,1029306
7290000208428,false,גרגרי חומוס שלם 550 גרם יכין,"זנלכל בע""מ",IL,חומוס יכין 550גרם,גרמים,290.00,100 גרם,false,,6.90,0.0238,true,1,1029307
7290000208459,false,"לקט אפונה, תפוחי אדמה וגזר יכין 550 גרם","זנלכל בע""מ",IL,לקט אפונה תפוחי אדמ,גרמים,335.00,100 גרם,false,,9.90,0.0296,true,1,1029309
7290000208855,false,רוטב לפסטה קלאסי 240 גרם יכין,"זנלכל בע""מ",IL,רוטב פסטה קלאסי יכין,גרמים,240.00,100 גרם,false,,5.50,0.0229,true,1,1029314
7290000208893,false,גרעיני תירס מתוק לייט 400 גרם יכין,היינץ צפון אמריקה מק,IL,תירס מתוק לייט יכין,גרמים,246.00,100 גרם,false,,6.50,0.0264,true,1,1029315
7290000208947,false,עגבניות מרוסקות 260 גרם יכין,היינץ צפון אמריקה מק,IL,עגבניות מרוסקות 240,גרמים,240.00,100 גרם,false,,5.50,0.0229,true,1,1029318
7290000208978,false,פריכוז 100 גרם יכין בית יוסף,היינץ צפון אמריקה מק,IL,ר.עגב' פריכוז 100 יכ,גרמים,100.00,100 גרם,false,,2.90,0.0290,true,1,1029319
7290000209012,false,חומץ 1ליטר יכין הדרים,"זנלכל בע""מ",IL,חומץ 5% יכין 1 ליטר,ליטרים,1.00,ליטר,false,,5.90,5.9000,true,1,1029321
7290000209043,false,מיץ לימון לתיבול יכין 1 ליטר,היינץ צפון אמריקה מק,IL,מיץ לימון לתיבול יכי,100 יח',1000.00,100 יח',false,,5.90,0.0059,true,1,1029323
7290000209173,false,חומצה אצטית למזון 5% יכין 1 ליטר,זנלכל,IL,חומצה אצטית למזון 5%,100 מל,1000.00,100 מל,false,,4.50,0.0045,true,1,1029325
7290000209371,false,תירס מתוק יכין 200 גרם מארז 3 יח',היינץ צפון אמריקה מק,IL,תירס מתוק יכין 200 ג,גרמים,495.00,100 גרם,false,,14.90,0.0301,true,1,1157481
7290000209388,false,תירס מתוק לייט יכין 200 גרם מארז 3 יח',קסקמט,IL,תירס מתוק לייט יכין,גרמים,369.00,100 גרם,false,,14.90,0.0404,true,1,1157482
7290000209517,false,סירופ דיאט בטעם לימון יכין 1 ליטר,היינץ צפון אמריקה מק,IL,סירופ דיאט בטעם לימו,ליטרים,1.00,ליטר,false,,16.70,16.7000,true,1,1029335
7290000209524,false,סירופ דיאט בטעם פטל יכין 1 ליטר,זנלכל,IL,סירופ דיאט בטעם פטל,ליטרים,1.00,ליטר,false,,16.70,16.7000,true,1,1029336
7290000209531,false,סירופ דיאט בטעם אשכוליות יכין 1 ליטר,זנלכל,IL,סירופ דיאט בטעם אשכו,ליטרים,1.00,ליטר,false,,16.70,16.7000,true,1,1029337
7290000209555,false,סירופ דיאט בטעם תפוחים יכין 1 ליטר,זנלכל,IL,סירופ דיאט בטעם תפוח,ליטרים,1.00,ליטר,false,,16.70,16.7000,true,1,1029338
7290000209708,false,עגבניות מרוסקות עם בזיליקום יכין 240 גרם,היינץ צפון אמריקה מק,IL,עגבניות מרוסקות עם ב,גרמים,240.00,100 גרם,false,,5.50,0.0229,true,1,1029342
7290000209722,false,רסק עגבניות 28% פריכוז 580 גרם יכין,"זנלכל בע""מ",IL,פריכוז יכין 580 ג' A,גרמים,580.00,100 גרם,false,,9.90,0.0171,true,1,1029344
7290000209944,false,רוטב לעגבניות בסיס לשקשוקה 240 ג' יכין,"זנלכל בע""מ",IL,רוטב לשקשוקה יכין 24,גרמים,240.00,100 גרם,false,,5.50,0.0229,true,1,1029347
7290000209951,false,רוטב עגבניות לפיצה 260 גרם יכין,"זנלכל בע""מ",IL,רוטב פיצה יכין 240 ג,מיליליטרים,240.00,"100 מ""ל",false,,5.50,0.0229,true,1,1029348
7290000209968,false,רוטב עגבניות ללזניה יכין 240 גרם,"זנלכל בע""מ",IL,רוטב לזניה 240 יכין,גרמים,240.00,100 גרם,false,,5.50,0.0229,true,1,1029349
7290000210469,false,עגבניות שלמות יכין A2.5 בית יוסף,זנלכל,IL,עגבניות שלמות יכין 8,גרמים,800.00,100 גרם,false,,9.90,0.0124,true,1,1029356
7290000210896,false,רוטב לפסטה בולונז 240 גרם יכין,"זנלכל בע""מ",IL,רוטב פסטה בולונז יכי,גרמים,240.00,100 גרם,false,,5.50,0.0229,true,1,1029365
7290000211169,false,"אורז תאילנדי אחד אחד סוגת 1 ק""ג",האי נאם סי או אל.טי.,IL,"אורז תאילנדי 1 ק""ג",גרמים,1000.00,100 גרם,false,,6.80,0.0068,true,1,1022869
7290000211312,false,סוגת אורז מלא פרסי אחד אחד 1 קג,האי נאם סי או אל.טי.,IL,"אורז מלא 1 ק""ג",גרמים,1000.00,100 גרם,false,,7.90,0.0079,true,1,1022870
7290000211374,false,"קמח מלא סוגת 1 ק""ג",טחנת קמח דגן-שטיבל,IL,"קמח מלא 1 ק""ג",גרמים,1000.00,100 גרם,false,,6.90,0.0069,true,1,1022871
7290000211442,false,"סוגת אורז פרסי קלאסי שקית 1 ק""ג",האי נאם סי או אל.טי.,IL,"אורז פרסי סוגת 1 ק""ג",גרמים,1000.00,100 גרם,false,,10.80,0.0108,true,1,1022873
7290000211626,false,"סוגת אורז חיש 1 ק""ג",סוגת תעשיות בעמ,IL,"אורש חיש 1 ק""ג",גרמים,1000.00,100 גרם,false,,7.90,0.0079,true,1,1022875
7290000211985,false,"סוגת אורז עגול ריזוטו 1 ק""ג","סוגת תעשיות בע""מ",IL,"אורז עגול 1 ק""ג",גרמים,1000.00,100 גרם,false,,7.90,0.0079,true,1,1022877
7290000226514,false,עוגת דובוש ריבת חלב 400 גר',קפולסקי שיווק וקמעונ,IL,עוגת דובוש ריבת חלב,גרמים,450.00,100 גרם,false,,38.90,0.0864,true,1,1047602
7290000226545,false,קפולסקי עוגת טורט היער השחור,קפולסקי שיווק וקמעונ,IL,עוגת טורט היער השחור,יח',1.00,יח',false,,63.90,63.9000,true,1,1047604
7290000226552,false,קפולסקי עוגת טורט ריבת חלב+ קוקוס קפוא,קפולסקי שיווק וקמעונ,IL,עוגת טורט ריבת חלב ע,גרמים,1000.00,100 גרם,false,,63.90,0.0639,true,1,1047605
7290000226569,false,קפולסקי עוגת טורט קצפת שוקולד,קפולסקי שיווק וקמעונ,IL,עוגת טורט קצפת שוקול,קילוגרמים,1.00,"לק""ג",false,,63.90,63.9000,true,1,1285781
7290000226576,false,קפולסקי עוגת טורט מצופה שוקולד,קפולסקי שיווק וקמעונ,IL,עוגת טורט קצפת שוקול,יח',1.00,יח',false,,63.90,63.9000,true,1,1047606
7290000226613,false,עוגות דובוש מצופה שוקולד 400 גר',קפולסקי שיווק וקמעונ,IL,עוגת דובוש מצופה בטע,גרמים,450.00,100 גרם,false,,38.90,0.0864,true,1,1047608
7290000238029,false,"בצק עלים צרפתי מרודד מעדנות 1 ק""ג",מיוצר עי קונדיטוריית,IL,"בצק עלים מרודד 1 ק""ג מעדנ",גרמים,1000.00,100 גרם,false,,15.90,0.0159,true,1,1015413
7290000238036,false,מלווח עגול מעדנות 700 ג',מיוצר עי קונדיטוריית,IL,מלאווח 700גר מעדנות,גרמים,700.00,100 גרם,false,,12.90,0.0184,true,1,1015414
7290000238173,false,בורקס גבינה מעדנות 800 גרם,מיוצר עי קונדיטוריית,IL,בורקס גבינה מעדנות 800גר,גרמים,800.00,100 גרם,false,,14.90,0.0186,true,1,1015415
7290000238180,false,בורקס תפוחי אדמה מעדנות 800 גרם,מיוצר עי קונדיטוריית,IL,"בורקס תפו""א 800 גרם מעדנו",גרמים,800.00,100 גרם,false,,14.90,0.0186,true,1,1015416
7290000244051,false,"סבון נוזלי הוואי מ.טרופי - שלישיה * 500 מ""ל",קריות זול,IL,הוואי סבון נוזלי אדו,ליטרים,1.50,ליטר,false,,14.90,9.9333,true,1,1016693
7290000244143,false,"הוואי - קרם לאחר גילוח 120 מ""ל",טרופיקל דגיל קוסמטיק,IL,קרם לאחר גילוח הוואי,מיליליטרים,120.00,"100 מ""ל",false,,16.90,0.1408,true,1,1016698
7290000244761,false,קרם ידיים וולוטה 80 גרם,טרופיקל דגיל קוסמטיק,IL,קרם ידים ולווטה 100,מטרים,100.00,100 מ'ל,false,,8.90,0.0890,true,1,1016708
7290000245072,false,סוד מרכך כביסה בייבי סנסטיב 4 ליטר,"הנקל סוד בע""מ",IL,סוד מרכך כביסה תינוק 4 לי,ליטרים,4.00,ליטר,false,,17.90,4.4750,true,1,1049728
7290000245157,false,סוד סופט מרכך כביסה סנסיישן 4 ליטר,"הנקל סוד בע""מ",IL,סוד מרכך כביסה סנסיישן 4,ליטרים,4.00,ליטר,false,,17.90,4.4750,true,1,1049730
7290000245782,false,סוד סופט מרכך כביסה ורוד 4 ליטר,"הנקל סוד בע""מ",IL,סוד מרכך כביסה ורוד 4 ליט,ליטרים,4.00,ליטר,false,,17.90,4.4750,true,1,1049746
7290000245799,false,סוד סופט מרכך כביסה כחול 4 ליטר,"הנקל סוד בע""מ",IL,סוד מרכך כביסה כחול 4 ליט,ליטרים,4.00,ליטר,false,,17.90,4.4750,true,1,1049747
7290000253220,false,שוקולד צ'יפס חום אופנהיימר 260 גר',אופנהיימר,IL,שוקולד צ'יפס חום 260,גרמים,260.00,100 גרם,false,,10.90,0.0419,true,1,1049621
7290000253251,false,שוקולד צ'יפס לבן אופנהיימר 250 גרם,אופנהיימר,IL,שוקולד צ'יפס לבן 250,גרמים,250.00,100 גרם,false,,9.90,0.0396,true,1,1049623
7290000253374,false,מיני שוקולד צ'יפס - נטיפי שוקולד מריר,אופנהיימר,IL,מיני שוקולד ציפס 250,גרמים,250.00,100 גרם,false,,14.90,0.0596,true,1,6789529
7290000253381,false,שוקולד ציפס 500 ג-אופינהיימר,,,שוקולד ציפס 500 ג-או,גרמים,500.00,100 גרם,false,,14.60,0.0292,true,1,6764555
7290000253459,false,נטיפי ציפס בטעם קרמל 250 גר' אופנהיימר,אופנהיימר,IL,שוקולד ציפס קרמל 250,גרמים,250.00,100 גרם,false,,10.90,0.0436,true,1,6729142
7290000262413,false,חיתולי האגיס אקסטרה קייר מידה 5 34יח,חוגלה קימברלי,IL,האגיס אקסטרה קייר מי,יח',34.00,יח',false,,46.80,1.3765,true,1,1229463
7290000263359,false,האגיס - פיור נטורל שלב 1 ניו בורן 40 יח',קימברלי קלארק שיווק,IL,האגיס ליטל בייביס מי,יח',40.00,יח',false,,28.90,0.7225,true,1,1029766
7290000272443,false,סירופ דיאט בטעם תפוזים עסיס 1 ליטר,בית-השיטה עסיס תעשיו,IL,סירופ דיאט בטעם תפוז,ליטרים,1.00,ליטר,false,,17.90,17.9000,true,1,1020557
7290000272467,false,עסיס פטל דיאט סירופ 1 ליטר,בית-השיטה עסיס תעשיו,IL,סירופ דיאט פטל עסיס,ליטרים,1.00,ליטר,false,,17.90,17.9000,true,1,1020558
7290000272696,false,עסיס מיץ לימון טבעי משומר 1 ל' אסם,בית-השיטה עסיס תעשיו,IL,עסיס מיץ לימון משומר,100 מל,1000.00,100 מל,false,,7.90,0.0079,true,1,1020559
7290000272726,false,חומץ רכיבים רכיבים טבעיים 5% עסיס 1 ליטר,בית השיטה עסיס תעשיו,IL,חומץ רכיבים רכיבים ט,100 מל,1000.00,100 מל,false,,5.90,0.0059,true,1,1020560
7290000286228,false,"שישיית כריות יפניות ""סנו סושי""",סנו מפעלי ברונו בעמ,IL,כריות יפניות סנו סוש,יח',6.00,יח',false,,9.90,1.6500,true,1,1023177
7290000286297,false,"אנטי קאלק מסיר אבנית מקומקום סנו 700 מ""ל",סנו מפעלי ברונוס בעמ,IL,אנטי קאלק מסיר אבנית,מיליליטרים,700.00,"100 מ""ל",false,,9.90,0.0141,true,1,1023178
7290000286549,false,מטליות לניקוי כללי סנו סושי 9 יחידות,נועם אורים תעשיות בע,IL,מטליות לניקוי כללי ס,יח',9.00,יח',false,,9.90,1.1000,true,1,1023185
7290000286631,false,"סנו אבקה לניקוי ומירוק בריח לימון 600 מ""ל",קריות זול,IL,אבקה לניקוי ומירוק ב,מיליליטרים,600.00,"100 מ""ל",false,,6.90,0.0115,true,1,1023188
7290000286891,false,"נוזל ריצפה מגן קריסטל 1 ליטר ""סנו""","סנו מפעלי ברונוס בע""",IL,נוזל לרצפה מגן קריסט,ליטרים,1.00,ליטר,false,,25.90,25.9000,true,1,1023192
7290000286921,false,"מסיר כתמים רסס כבס ""סנוקל""",סנו מפעלי ברונוס בעמ,IL,סנו קל רסס וכבס 750,מיליליטרים,750.00,"100 מ""ל",false,,10.90,0.0145,true,1,1023195
7290000286945,false,"נוזל+אקדח לניקוי רהיט ""סנו""","סנו מפעלי ברונוס בע""",IL,תרסיס רהיט סנו 500 מ,מיליליטרים,500.00,"100 מ""ל",false,,25.90,0.0518,true,1,1023196
7290000287102,false,"ספריי שמפו לניקוי שטיחים סנו 600 מ""ל",מיוצר עי קונדיטוריית,IL,ספריי שמפו לניקוי שט,מיליליטרים,600.00,"100 מ""ל",false,,19.70,0.0328,true,1,1023199
7290000287195,false,"סנו רהיט ספריי עשיר בווקס להברקה 305 מ""ל",מיוצר עי קונדיטוריית,IL,סנו רהיט תרסיס לניקו,מיליליטרים,300.00,"100 מ""ל",false,,13.70,0.0457,true,1,1023200
7290000287492,false,"סנובון נוזל לניקוי אסלות בריח לימון סנו 750 מ""ל","איי, בי, אינבוו",IL,סנובון נוזל לניקוי א,מיליליטרים,750.00,"100 מ""ל",false,,8.90,0.0119,true,1,1023207
7290000287607,false,"אקוה בלו סבון לניאגרה סנו 150 מ""ל",קריות זול,IL,אקוה בלו סבון לניאגר,מיליליטרים,150.00,"100 מ""ל",false,,19.90,0.1327,true,1,1023209
7290000287659,false,שקית רב פעמית ורודה,,,שקית רב פעמית ורודה,יח',1.00,יח',false,,2.90,2.9000,true,1,1034314
7290000288017,false,אקונומיקה בריח לימון סנו ז'אוול 1 ליטר,"סנו מפעלי ברונוס בע""",IL,אקונומיקה בריח לימון,ליטרים,1.00,ליטר,false,,7.90,7.9000,true,1,1023218
7290000288024,false,סנו - ז'אוול אקונומיקה בריח לימון 4 ליטר,"סנו מפעלי ברונוס בע""",IL,אקונומיקה בריח לימון,ליטרים,4.00,ליטר,false,,16.90,4.2250,true,1,1023219
7290000288048,false,סנו זאוול מרסס מונבלאן 1 ליטר,"סנו מפעלי ברונוס בע""",IL,מרסס גאוול לבנדר 1 ל,ליטרים,1.00,ליטר,false,,16.90,16.9000,true,1,1023221
7290000288086,false,אבקת ניקוי עם אקונומיקה בריח לימון סנו ז'אוול 600 ג',מיוצר עי קונדיטוריית,IL,אבקת ניקוי עם אקונומ,גרמים,600.00,100 גרם,false,,9.90,0.0165,true,1,1023223
7290000288253,false,"סנו K-400 חרקים וזבובים 630מ""ל",מיוצר עי קונדיטוריית,IL,קוטל מעופפים K-400 ס,מיליליטרים,630.00,"100 מ""ל",false,,23.90,0.0379,true,1,1023226
7290000288352,false,"סנו K-300 חרקים ונמלים 630מ""ל","סנו מפעלי ברונוס בע""",IL,קוטל חרקים K300 סנו,מיליליטרים,630.00,"100 מ""ל",false,,19.90,0.0316,true,1,1023230
7290000288413,false,סנו-די דוחה יתושים כדורי סנו 50 גרם,גוד פוד פרודקטס S.p,IL,סנו-די דוחה יתושים כ,גרמים,50.00,100 גרם,false,,19.90,0.3980,true,1,1023233
7290000288642,false,מקסימה מרכך כביסה סנסיטיב בייבי סנו 4 ליטר,"סנו מפעלי ברונוס בע""",IL,מקסימה מרכך כביסה סנ,ליטרים,4.00,ליטר,false,,21.90,5.4750,true,1,1023241
7290000288840,false,סנו - מים מזוקקים 2 ליטר,החברה הדרומית,IL,מים מזוקקים סנו 2 לי,ליטרים,2.00,ליטר,false,,12.90,6.4500,true,1,1023242
7290000289069,false,סנו - ז'אוול מרסס קצף ניקוי בתוספת אקונומיקה בריח לימון 1 ליטר,"סנו מפעלי ברונוס בע""",IL,קצף לניקוי כללי בריח,ליטרים,1.00,ליטר,false,,16.90,16.9000,true,1,1023246
7290000289380,false,"סנו - ז'אוול לניקוי אסלות לימון 750 מ""ל",סנו JAVEL,IL,ג'ל לניקוי אסלה ז'או,מיליליטרים,750.00,"100 מ""ל",false,,10.80,0.0144,true,1,1023253
7290000289472,false,סנו סושי שקיות אשפה - 50 יחידות,מיוצר עי קונדיטוריית,IL,סנו סושי שקיות אשפה,יח',50.00,יח',false,,16.90,0.3380,true,1,1023255
7290000289595,false,"אורביטול משחת שיניים לילדים בטעם תות שדה 145 מ""ל",טרופיקל דגיל תעשיות,IL,משחת שיניים לילדים ב,מיליליטרים,145.00,"100 מ""ל",false,,6.90,0.0476,true,1,1023258
7290000289748,false,"מסיר שומנים לתנורים פורטה פלוס סנו 750 מ""ל","סנו מפעלי ברונוס בע""",IL,מסיר שומנים לתנורים,מיליליטרים,750.00,"100 מ""ל",false,,12.80,0.0171,true,1,1023261
7290000291857,false,פוליויקס נוזל רצפות בניחוח גולדן סאנרייז סנו 2 ליטר,סנו פוליויקס,IL,פוליויקס נוזל רצפות,ליטרים,2.00,ליטר,false,,19.90,9.9500,true,1,1023269
7290000291963,false,אקונומיקה סמיכה בריח לימון סנו ז'אוול 1 ליטר,סנו JAVEL,IL,אקונומיקה סמיכה בריח,ליטרים,1.00,ליטר,false,,7.90,7.9000,true,1,1023273
7290000292137,false,"נוזל לניקוי וטיפול מוצרי עור סנו 500 מ""ל",מיוצר עי קונדיטוריית,IL,נוזל לניקוי וטיפול מ,מיליליטרים,500.00,"100 מ""ל",false,,29.90,0.0598,true,1,1023274
7290000292311,false,פוליויקס נוזל רצפות בניחוח סחלבים סנו 2 ליטר,"סנו מפעלי ברונוס בע""",IL,פוליויקס נוזל רצפות,ליטרים,2.00,ליטר,false,,19.90,9.9500,true,1,1023276
7290000292533,false,סנו גל לניקוי כללי על בסיס שמן אורנים 1ל,החברה הדרומית,IL,ג'ל לניקוי כללי סנו,ליטרים,1.00,ליטר,false,,16.90,16.9000,true,1,1023280
7290000292564,false,"סנו 2000-K דוחה חרקים ללא ריח 750 מ""ל",מיוצר עי קונדיטוריית,IL,קוטל חרקים K2000 ללא,מיליליטרים,750.00,"100 מ""ל",false,,28.90,0.0385,true,1,1023283
7290000292694,false,מגן קריסטל לרצפות סנו 2 ליטר,סנו,IL,מגן קריסטל לרצפות סנ,ליטרים,2.00,ליטר,false,,39.90,19.9500,true,1,1023288
7290000292915,false,"תרסיס לניקוי כללי רסס ונגב סנו 750 מ""ל","סנו מפעלי ברונוס בע""",IL,תרסיס לניקוי כללי רס,מיליליטרים,750.00,"100 מ""ל",false,,10.90,0.0145,true,1,1023289
7290000293073,false,מקסימה מרכך כביסה ביו לבן סנו 4 ליטר,"סנו מפעלי ברונוס בע""",IL,מקסימה מרכך כביסה בי,ליטרים,4.00,ליטר,false,,21.50,5.3750,true,1,1023292
7290000293516,false,"מתקן סופג לחות ומונע עובש ""סנופרש""","סנו מפעלי ברונוס בע""",IL,סופג לחות סנו,מיליליטרים,340.00,"100 מ""ל",false,,25.90,0.0762,true,1,1023294
7290000293561,false,"תרסיס להסרת כתמי עובש עם אקונומיקה סנו 750 מ""ל","סנו מפעלי ברונוס בע""",IL,תרסיס להסרת כתמי עוב,מיליליטרים,750.00,"100 מ""ל",false,,14.90,0.0199,true,1,1023296
7290000293820,false,"קרמה מן שמפו וג'ל גל רחצה אקטיב בלוק 700מ""ל",גוד פוד פרודקטס S.p,IL,שמפו וג'ל רחצה קרמה,מיליליטרים,700.00,"100 מ""ל",false,,14.90,0.0213,true,1,4984924
7290000293943,false,"מרסס לבן מסיר אבנית 1 ליטר אנטי קאלק ""סנו""",מיוצר עי קונדיטוריית,IL,אנטיקאלק תרסיס להסרת,ליטרים,1.00,ליטר,false,,16.70,16.7000,true,1,1023299
7290000294391,false,נוזל לניקוי כללי בניחוח סחלבים סנו ג'ט 4 ליטר,סנו,IL,נוזל לניקוי כללי בני,ליטרים,4.00,ליטר,false,,17.90,4.4750,true,1,1023300
7290000294773,false,אקונומיקה בריח לבנדר סנו ז'אוול 4 ליטר,"סנו מפעלי ברונוס בע""",IL,אקונומיקה בריח לבנדר,ליטרים,4.00,ליטר,false,,16.90,4.2250,true,1,1023305
7290000294780,false,אקונומיקה סמיכה בריח לימון סנו ז'אוול 4 ליטר,"סנו מפעלי ברונוס בע""",IL,אקונומיקה סמיכה בריח,ליטרים,4.00,ליטר,false,,16.90,4.2250,true,1,1023306
7290000295299,false,סנו סושי כריות הפלא רב תכלתיות רביעייה,סנו מפעלי ברונו בעמ,IL,כריות יפניות סנו סוש,יח',4.00,יח',false,,9.70,2.4250,true,1,1023309
7290000295367,false,"מקסימה אבקת כביסה אפקט ז'אוול סנו 2.5 ק""ג",סנו מקסימה,IL,מקסימה אבקת כביסה אפ,קילוגרמים,2.50,"ק""ג",false,,22.90,9.1600,true,1,1023312
7290000295404,false,סנו סושי שקיות אשפה כחולות 54*65 - 60 יחידות,מיוצר עי קונדיטוריית,IL,סנו סושי שקיות אשפה,יח',60.00,יח',false,,19.90,0.3317,true,1,1023313
7290000295503,false,סנו סושי שקיות אוכל מתכלות זוג *150 יח',"אשפלסט תעשיות בע""מ",CN,סנו סושי זוג שקיות א,יח',300.00,יח',false,,13.70,0.0457,true,1,1023315
7290000295541,false,רב מגבת ג'מבו סנו סושי 75 יחידות,מיוצר עי קונדיטוריית,IL,רב מגבת ג'מבו סנו סו,יח',75.00,יח',false,,16.90,0.2253,true,1,1023316
7290000295558,false,"רדיד אלומיניום רוחב 30 ס""מ סנו סושי 2 יח' 7.5 מטר",מולינו ניקולי s.p.a,TR,רדיד אלומיניום רוחב,יח',1.00,יח',false,,9.90,9.9000,true,1,1023317
7290000295565,false,"רדיד אלומיניום רוחב 45 ס""מ סנו 2 יח' 7.5 מטר",בורסה פזרי,TR,רדיד אלומיניום רוחב,אורך,7.50,אורך,false,,14.90,1.9867,true,1,1023318
7290000295589,false,טלק בייבי כיף לתינוק,מייצר :אשבל בע''מ .,IL,טלק בייבי כיף 200 גר,גרמים,200.00,100 גרם,false,,14.90,0.0745,true,1,1023320
7290000295824,false,"רדיד אלומיניום 30 ס""מ רוחב סנו סושי 100 מטר",מולינו ניקולי s.p.a,IL,"רדיד אלומיניום 30 ס""",יח',1.00,יח',false,,47.90,47.9000,true,1,1023324
7290000300900,false,שניצל תירס מרכיבים טבעיים טבעול 750 גרם,עיצובים 2020 (4.8),IL,שניצל תירס מרכיבים ט,גרמים,750.00,100 גרם,false,,24.90,0.0332,true,1,1020570
7290000305882,false,אס הרינג עם ירקות ברוטב עגבניות 120 גרם,"סטארקיסט פודור בע""מ",IL,קוליאס 120גרם,גרמים,120.00,100 גרם,false,,4.90,0.0408,true,1,1028338
7290000311067,false,מן-וופלים קוביות מינימן לא מצופה 200גר,מן,IL,מן וופל מיני מן שוקו,גרמים,200.00,100 גרם,false,,6.70,0.0335,true,1,5910636
7290000311203,false,"וופלים בטעם שוקולד ""מן"" 200 גרם",תות ממתקי איכות,IL,מן וופלים שוקולד 200,גרמים,200.00,100 גרם,false,,4.30,0.0215,true,1,1026097
7290000311210,false,"וופלים בטעם לימון ""מן"" 200 גרם","רוקחמן בע""מ",IL,מן וופל לימון 200 גר,גרמים,200.00,100 גרם,false,,4.30,0.0215,true,1,1026098
7290000311227,false,"וופלים במילוי קרם קפה ""מן"" 200 גרם","רוקחמן בע""מ",IL,מן וופלים קפה 200 גר,גרמים,200.00,100 גרם,false,,4.30,0.0215,true,1,1026099
7290000311234,false,מן וופלים וניל 200 גרם,"רוקחמן בע""מ",IL,מן וופלים וניל 200 ג,גרמים,200.00,100 גרם,false,,4.30,0.0215,true,1,1026100
7290000311258,false,מן וופל מצופה שוקולד 250 גרם,"רוקחמן בע""מ",IL,מן וופל מצופה 250 גר,גרמים,250.00,100 גרם,false,,6.50,0.0260,true,1,1026101
7290000311272,false,מן-וופלים במילוי חלווה 180 ג,"רוקחמן בע""מ",IL,מן וופל חלבה 180ג,גרמים,180.00,100 גרם,false,,4.30,0.0239,true,1,1026102
7290000311357,false,מן וופלים בטעם אגוזים 10*28 גר-נ.ל.פ,"רוקחמן בע""מ",IL,מן וופלים בטעם אגוזי,גרמים,280.00,100 גרם,false,,9.90,0.0354,true,1,1026106
7290000311364,false,מן וופלים שוקולד טייק 1 מן 10*21 גרם,מן עוגיות,,מן וופלים שוקולד טיי,גרמים,210.00,100 גרם,false,,6.70,0.0319,true,1,1026107
7290000311425,false,מאגדת מן וופל מצופה כחול -עשירה 24*10,תות ממתקי איכות,IL,מן וופלים מצופים 10*,גרמים,220.00,100 גרם,false,,6.80,0.0309,true,1,1026108
7290000311432,false,עוגיות גרנולה קינמון ללא תוספת סוכר 200ג,"רוקחמן בע""מ",IL,מן עוגיות גרנולה וקי,גרמים,200.00,100 גרם,false,,8.70,0.0435,true,1,6797597
7290000311463,false,מן עוגיות חיטה מלאה חמאה ללא סוכר 200 גרם,"רוקחמן בע""מ",IL,מן עוגיות חיטה מלאה,גרמים,250.00,100 גרם,false,,8.70,0.0348,true,1,6783861
7290000311470,false,וופל מיני ללא סוכרבטעם שוקולד 200 גר',"רוקחמן בע""מ",IL,מן וופל מיני שוקולד,גרמים,200.00,100 גרם,false,,8.70,0.0435,true,1,6871018
7290000311500,false,מן וופלים בטעם שוקולד 500 ג-נ.ל.פ,"רוקחמן בע""מ",IL,מן וופלים בטעם שוקול,גרמים,500.00,100 גרם,false,,8.70,0.0174,true,1,1026109
7290000311708,false,מן עוגיות מחיטה מלאה 300 גרם*נ.ל.פ,תות ממתקי איכות,IL,מן עוגיות מחיטה מלאה,גרמים,300.00,100 גרם,false,,6.40,0.0213,true,1,1026115
7290000311845,false,מן עוגיות חיטה מלאה ללא תוספת סוכר 200 ג,"רוקחמן בע""מ",IL,מן עוגיות חיטה מלאה,גרמים,200.00,100 גרם,false,,8.70,0.0435,true,1,1260829
7290000311869,false,מן-וופלים בטעם שוק ללא תוספת סוכר 180ג,תות ממתקי איכות,IL,מן וופלים שוקולד ללא,גרמים,180.00,100 גרם,false,,7.70,0.0428,true,1,1251610
7290000311876,false,מן-וופלים בטעם וניל ללא תוספת סוכר 180ג,"רוקחמן בע""מ",IL,מן וופלים וניל ללא ת,גרמים,180.00,100 גרם,false,,7.70,0.0428,true,1,1251611
7290000311883,false,מן עוגיות גרנולה ללא תוספת סוכר 200 גר,תות ממתקי איכות,IL,מן עוגיות גרנולה ללא,גרמים,200.00,100 גרם,false,,8.70,0.0435,true,1,1260830
7290000313160,false,זהבה ושלושת הדובים עוגיות בטעם שוקולד אסם 350 גרם,היינץ צפון אמריקה מק,IL,זהבה ושלושת הדובים ע,גרמים,350.00,100 גרם,false,,7.90,0.0226,true,1,1020579
7290000313184,false,עוגיות חברים גן חיות וניל אסם 250 גר',הגביע מוצרי וופלים ב,IL,גן חיות עוגיות בטעם,גרמים,250.00,100 גרם,false,,7.90,0.0316,true,1,1020580
7290000313290,false,אסם נודלס נודלס איטריות מסולסלות 200גר,תאי פרזידנט פוד בנגק,TH,נודלס אטריות מסולסלו,גרמים,200.00,100 גרם,false,,8.90,0.0445,true,1,1020582
7290000315126,false,קנור ציר עוף משחתי 300 ג,יוניליוור ישראל מזון,IL,ציר עוף קנור 300 גרם,גרמים,300.00,100 גרם,false,,24.70,0.0823,true,1,1022446
7290000318127,false,"נקניקיות ביס 380 גרם ""יחיעם""",מעדני יחיעם 1993,IL,נקניקיות ביס יחיעם 3,גרמים,380.00,100 גרם,false,,10.90,0.0287,true,1,1030533
7290000318677,false,נקניק סלמי סרוולט יחיעם 150 גרם,מעדני יחיעם 1993,IL,נקניק סלמי סרוולט יח,גרמים,150.00,100 גרם,false,,22.90,0.1527,true,1,1030547
7290000318943,false,פסטרמה של פעם מעושן 1.5% יחיעם 200 גרם,תאי פרזידנט פוד פאבל,IL,פסטרמה של פעם מעושן,גרמים,200.00,100 גרם,false,,21.90,0.1095,true,1,1030555
7290000319063,false,כתף בקר מעושן מפולפל 150 גר,מעדני יחיעם,IL,כתף בקר מעושן מפולפל,גרמים,150.00,100 גרם,false,,22.90,0.1527,true,1,4880405
7290000319124,false,סרוולד מאפ 250 ג' יחיעם,מעדני יחיעם 1993,IL,סלמי סרוולט 250 גרם,גרמים,250.00,100 גרם,false,,33.90,0.1356,true,1,1030559
7290000319131,false,נקניקיות עוף יחיעם 400 גרם,מעדני יחיעם 1993,IL,נקניקיות עוף יחיעם 4,גרמים,400.00,100 גרם,false,,10.90,0.0273,true,1,1030560
7290000319292,false,"נקנקיות וינר פלוס יחיעם 10 /ק""ג",מעדני יחיעם,IL,נקנקיות וינר פלוס יח,100 קילו,1.00,100 קילו,false,,19.70,19.7000,true,1,3471670
7290000319520,false,נקניק סלמי צרפתי יחיעם 100 גרם,מעדני יחיעם 1993,IL,נקניק סלמי צרפתי יחי,גרמים,100.00,100 גרם,false,,18.90,0.1890,true,1,1030571
7290000319803,false,קבנוס קלאסי יחיעם 125 גרם,תאי פרזידנט פוד פאבל,IL,קבנוס קלאסי יחיעם 12,גרמים,125.00,100 גרם,false,,12.90,0.1032,true,1,1176928
7290000319834,false,קבנוס פפרוני קלאסי 125 גרם,תאי פרזידנט פוד פאבל,IL,קבנוס פפרוני קלאסי 1,גרמים,125.00,100 גרם,false,,12.90,0.1032,true,1,1176929
7290000334684,false,תפוגן טבעות בצל 700 גרם,"תעשיות תפוגן בע""מ",IL,טבעות בצל תפוגן 700,יח',1.00,יח',false,,16.90,16.9000,true,1,1020592
7290000334745,false,"אמריקאן צ'יפס תפוגן 1.5 ק""ג","תעשיות תפוגן בע""מ",IL,תפוגן אמריקן צ'יפס 1,קילוגרמים,1.50,"לק""ג",false,,24.90,16.6000,true,1,1020594
7290000339191,false,אבקת הלבנה רן ללא כל,זוהר דליה - 3P Local,IL,אבקת הלבנה רן 350 גר,גרמים,350.00,100 גרם,false,,17.90,0.0511,true,1,1022459
7290000341071,false,בדין - מרכך כביסה בייבי לבן 2 ליטר,יוניליוור ישראל טיפו,IL,בדין מרכך כביסה לבן,ליטרים,2.00,ליטר,false,,14.90,7.4500,true,1,1022465
7290000341224,false,אקונומיקה בניחוח לימון לובן קלין 4 ליטר,קלין,,אקונומיקה בניחוח לימ,מטרים,4000.00,100 מ'ל,false,,12.90,0.0032,true,1,1031237
7290000342832,false,בדין מרכך כביסה 4 ליטר צהוב,אתר ליוור - HPC,IL,בדין מרכך כביסה 4 לי,ליטרים,4.00,ליטר,false,,19.90,4.9750,true,1,1022466
7290000342856,false,בדין מרכך כביסה כחול 4 ליטר,יוניליור ישראל טיפוח,IL,בדין מרכך כביסה כחול,ליטרים,4.00,ליטר,false,,19.90,4.9750,true,1,1022467
7290000345048,false,תה ויסוצקי 74 125 גרם,תה ויסוצקי,IL,תה ויסוצקי 74 125 גר,גרמים,125.00,100 גרם,false,,12.80,0.1024,true,1,1027762
7290000345055,false,תה עלים ארל גריי ויסוצקי 100 גרם,מולינו ניקולי s.p.a,IL,תה עלים ארל גריי ויס,גרמים,100.00,100 גרם,false,,12.90,0.1290,true,1,1027763
7290000345116,false,תה ויסוצקי ירוק 125 גרם,תה ויסוצקי,IL,תה ירוק תפזורת 125 ג,גרמים,125.00,100 גרם,false,,13.90,0.1112,true,1,1027764
7290000345208,false,תה ויסוצקי קלאסיק מעודן 25X1.0יח',תה ויסוצקי,IL,תה מעודן ויסוצקי 25,גרמים,25.00,100 גרם,false,,6.40,0.2560,true,1,1027766
7290000345215,false,תה ויסוצקי קלאסיק 100/1 כחול מעודן,מולינו ניקולי s.p.a,IL,תה מעודן ויסוצקי 100,גרמים,100.00,100 גרם,false,,15.90,0.1590,true,1,1027767
7290000345260,false,תה קלאסיק מעטפות ויסוצקי 25 יחידות,מולינו ניקולי s.p.a,IL,תה קלאסיק מעטפות ויס,גרמים,37.50,100 גרם,false,,6.90,0.1840,true,1,1027768
7290000345277,false,תה קלאסיק מעטפות ויסוצקי 50 יחידות,מולינו ניקולי s.p.a,IL,תה קלאסיק מעטפות ויס,גרמים,75.00,100 גרם,false,,11.90,0.1587,true,1,1027769
7290000345291,false,תה ארל גריי ויסוצקי 25 יחידות,תה ויסוצקי,IL,תה ארל גריי ויסוצקי,גרמים,37.50,100 גרם,false,,14.90,0.3973,true,1,1027771
7290000345307,false,תה ארל גריי ויסוצקי 50 יחידות,מולינו ניקולי s.p.a,IL,תה ארל גריי ויסוצקי,גרמים,75.00,100 גרם,false,,24.90,0.3320,true,1,1027772
7290000345536,false,תה נענע ויסוצקי 25 יחידות,מולינו ניקולי s.p.a,IL,תה נענע ויסוצקי 25 י,גרמים,37.50,100 גרם,false,,16.50,0.4400,true,1,1027774
7290000346021,false,הגן הקסום תה קמומיל ויסוצקי 50 יחידות,בית ויסוצקי,IL,הגן הקסום תה קמומיל,גרמים,75.00,100 גרם,false,,27.30,0.3640,true,1,1027779
7290000346120,false,הגן הקסום תה קינמון ויסוצקי 25 יחידות,תה ויסוצקי,IL,הגן הקסום תה קינמון,גרמים,62.50,100 גרם,false,,16.90,0.2704,true,1,1027780
7290000346137,false,הגן הקסום תה הילולי פירות ויסוצקי 25 יחידות,תה ויסוצקי,IL,הגן הקסום תה הילולי,גרמים,62.50,100 גרם,false,,16.90,0.2704,true,1,1027781
7290000346144,false,הגן הקסום תה עינוגי התפוח ויסוצקי 25 יחידות,תה ויסוצקי,IL,הגן הקסום תה עינוגי,גרמים,75.00,100 גרם,false,,16.90,0.2253,true,1,1027782
7290000346168,false,הגן הקסום חליטת שומר ויסוצקי 25 יחידות,תה ויסוצקי,IL,הגן הקסום חליטת שומר,גרמים,37.50,100 גרם,false,,16.90,0.4507,true,1,1027784
7290000346199,false,הגן הקסום פירות היער ויסוצקי 25 יחידות,תה ויסוצקי,IL,הגן הקסום פירות היער,גרמים,67.50,100 גרם,false,,16.90,0.2504,true,1,1027785
7290000346205,false,הגן הקסום תה קמומיל ויסוצקי 25 יחידות,תה ויסוצקי,IL,הגן הקסום תה קמומיל,100 יח,25.00,100 יח,false,,16.90,0.6760,true,1,1027786
7290000346212,false,הגן הקסום תה מנטה ויסוצקי 25 יחידות,תה ויסוצקי,IL,הגן הקסום תה מנטה וי,גרמים,50.00,100 גרם,false,,16.90,0.3380,true,1,1027787
7290000346229,false,הגן הקסום תה ורד הבר והיביסקוס ויסוצקי 25 יחידות,תה ויסוצקי,IL,הגן הקסום תה ורד הבר,גרמים,75.00,100 גרם,false,,16.90,0.2253,true,1,1027788
7290000347738,false,תה ירוק נענע ויסוצקי 25 יחידות,תה ויסוצקי,IL,תה ירוק נענע ויסוצקי,גרמים,37.50,100 גרם,false,,22.90,0.6107,true,1,1027796
7290000347752,false,תה ירוק לימונית ולואיזה 25 שקיקים *1.5 ג'' ויסוצקי,תה ויסוצקי,IL,תה ירוק לימונית ולוא,גרמים,37.50,100 גרם,false,,22.90,0.6107,true,1,1027797
7290000363363,false,קבנוס נקניק מעושן יבש 160 גרם,הנסיך- מפעל לייצור ט,IL,קבנוס טירת צבי 160 ג,גרמים,160.00,100 גרם,false,,12.90,0.0806,true,1,1015426
7290000364261,false,"דקניקים, סלסולי פסטרמה כתף בקר מעושנת 120 גרם",הנסיך- מפעל לייצור ט,IL,נקניק סלסולי כתף בקר,גרמים,120.00,100 גרם,false,,13.90,0.1158,true,1,1015430
7290000364278,false,דקניקים סילסולי סלמי איטלקי 120 ג' טירת צבי,הנסיך- מפעל לייצור ט,IL,נקניק סלסולי סלמי אי,גרמים,120.00,100 גרם,false,,13.90,0.1158,true,1,1015431
7290000364285,false,דקניקים סלסולי פסטרמה הודו טירת צבי 120 גרם,הנסיך- מפעל לייצור ט,IL,דקניקים סלסולי פסטרמ,גרמים,120.00,100 גרם,false,,13.90,0.1158,true,1,1015432
7290000364292,false,דקניקים סלסולי פסטרמה הודו על גחלים 1% טירת צבי 120 גרם,הנסיך- מפעל לייצור ט,IL,דקניקים סלסולי פסטרמ,גרמים,120.00,100 גרם,false,,13.90,0.1158,true,1,1015433
7290000364803,false,נקניקיות בקר אמריקאיות טירת צבי 500 גרם,הנסיך- מפעל לייצור ט,IL,נקניקיות בקר אמריקאי,גרמים,500.00,100 גרם,false,,26.90,0.0538,true,1,1015435
7290000364858,false,"נקניקיות עוף טרי טירת צבי 1 ק""ג",הנסיך- מפעל לייצור ט,IL,נקניקיות עוף טרי טיר,גרמים,1000.00,100 גרם,false,,22.90,0.0229,true,1,1015437
7290000364872,false,נקניקיות עוף טירת צבי 400 גרם,טיב טירת צבי 2000,IL,נקניקיות עוף טירת צב,גרמים,400.00,100 גרם,false,,10.90,0.0273,true,1,1015438
7290000364957,false,נקניקיות עוף מיני מיני טירת צבי 700 גרם,הנסיך- מפעל לייצור ט,IL,נקניקיות עוף מיני מי,גרמים,700.00,100 גרם,false,,24.90,0.0356,true,1,1015439
7290000367590,false,פסטרמה כפרית וסלמי פריזר כפרי טירת צבי 2*400 גרם,טיב טירת צבי 2000,IL,פסטרמה כפרית וסלמי פ,גרמים,800.00,100 גרם,false,,24.90,0.0311,true,1,1015451
7290000369037,false,קוביות בולגרית מתובלות 200 גר,גבינות אמיר ניצן בעמ,IL,סלט קוביות בולגרית 2,גרמים,200.00,100 גרם,false,,12.90,0.0645,true,1,5410606
7290000369341,false,לאבנה אבו גוש ניצן מ,גבינות אמיר ניצן בעמ,IL,לאבנה אבו גוש,קילוגרמים,1.00,"ק""ג",true,,45.00,45.0000,true,1,6696363
7290000369365,false,מעדן גבינה בולגרית עם חציל 9% ניצן 200 גרם,גבינות אמיר ניצן בעמ,IL,מעדן גבינה בולגרית ע,גרמים,200.00,100 גרם,false,,13.10,0.0655,true,1,1026071
7290000369617,false,מעדן כדורי פטה בשמן מתובל ניצן 230 גרם,גבינות אמיר ניצן בעמ,IL,מעדן כדורי פטה בשמן,גרמים,230.00,100 גרם,false,,16.90,0.0735,true,1,1026072
7290000369709,false,חמאה עירונית בתוספת ריחן ושום טרי גבינות ניצן 100 גרם,גבינות אמיר ניצן בעמ,IL,חמאה עירונית בתוספת,גרמים,100.00,100 גרם,false,,12.10,0.1210,true,1,1026073
7290000379258,false,"חלה מתוקה קונדטוריה ארוזה ""אנג'ל""",מאפיית שלמה א. אנג'ל,IL,חלה ארוזה קונדיטוריה,גרמים,500.00,100 גרם,false,,12.90,0.0258,true,1,1017515
7290000379531,false,מונדלך קטן אנג'ל,אנג'ל,,מונדלך קטן אנג'ל,יח',1.00,יח',false,,2.90,2.9000,true,1,1017486
7290000379609,false,לחמניה ארוכה שומשום,אנג'ל,,לחמניה ארוכה שומשום,יח',1.00,יח',false,,2.90,2.9000,true,1,1017490
7290000379623,false,לחם אחיד אנג'ל 750 ג,מאפיית אנג'ל,,לחם אחיד אנג'ל 750 ג,גרמים,750.00,100 גרם,false,,3.90,0.0052,true,1,1017492
7290000379951,false,"סולת 1 ק""ג אנג'ל",אנג'ל,,"סולת 1ק""ג",100 לקג,1.00,100 לקג,false,,5.50,5.5000,true,1,1017525
7290000408316,false,יוגורט דנונה דל לקטוז 200 גרם,מיוצר עי קונדיטוריית,IL,יוגורט דנונה ביו לבן,מיליליטרים,200.00,"100 מ""ל",false,,3.40,0.0170,true,1,1033085
7290000408354,false,יוגורט עם אורז מצופה שוקולד קקאו 175 ג' דנונה,"שטראוס בריאות בע""מ",IL,יוגורט דנונה ביו עם,מיליליטרים,175.00,"100 מ""ל",false,,4.30,0.0246,true,1,1033086
7290000412139,false,נוזל רצפות בניחוח אורנים ריצפז 3 ליטר,סנו ריצפז,IL,נוזל רצפות בניחוח או,ליטרים,3.00,ליטר,false,,11.70,3.9000,true,1,1023327
7290000412764,false,"פזטוקס קוטל חרקים סנו 630 מ""ל",קריות זול,,פזטוקס קוטל חרקים סנ,מיליליטרים,630.00,"100 מ""ל",false,,18.90,0.0300,true,1,1023330
7290000416021,false,ממרח בטעם שוקולד השחר חלבי 500,השחר העולה,IL,ממרח בטעם שוקולד השח,גרמים,500.00,100 גרם,false,,13.80,0.0276,true,1,1027045
7290000416045,false,"ממרח בטעם שוקולד השחר 1 ק""ג",השחר העולה תעשייות מ,IL,ממרח בטעם שוקולד השח,יח',1.00,יח',false,,23.90,23.9000,true,1,1027046
7290000416076,false,צימקאו שוקולד לבישול ואפיה 400 גרם,השחר העולה תעשייות מ,IL,השחר צימקאו 400 גר',גרמים,400.00,100 גרם,false,,10.90,0.0273,true,1,1027047
7290000416618,false,"ממרח שוקולד השחר פרווה בד""צ 400 גר'",השחר העולה תעשייות מ,IL,השחר ממרח שוקולד פרו,גרמים,400.00,100 גרם,false,,11.40,0.0285,true,1,1027057
7290000416632,false,"ממרח בטעם שוקולד פרווה השחר 1 ק""ג",השחר העולה תעשית ממת,IL,ממרח בטעם שוקולד פרו,100 לקג,1.00,100 לקג,false,,22.90,22.9000,true,1,1027058
7290000416809,false,ממרח חצי חצי נוגט אגוזים וקרם חלב השחר 350ג',השחר העולה תעשייות מ,IL,השחר ממרח חצי חצי 35,גרמים,350.00,גרם,false,,10.90,0.0311,true,1,6800258
7290000419107,false,לנדוור כחול המקורי טחון טורקי 100גרם,קפה לנדוור בע''מ,IL,קפה טורקי קלוי וטחון,גרמים,100.00,100 גרם,false,,7.90,0.0790,true,1,1020597
7290000419114,false,קפה שחור לנדוור 200 גרם,קפה לנדוור,IL,קפה שחור לנדוור 200,גרמים,200.00,100 גרם,false,,13.90,0.0695,true,1,1020598
7290000419893,false,קפה שחור טחון לבוקר לנדוור 100 גרם,מולינו ניקולי s.p.a,IL,קפה שחור טחון לבוקר,גרמים,100.00,100 גרם,false,,7.90,0.0790,true,1,1020601
7290000419909,false,לנדוור לבוקר קפה טחון שחור טורקי 100 גרם,מולינו ניקולי s.p.a,IL,קפה שחור חזק לנדוור,גרמים,100.00,100 גרם,false,,7.90,0.0790,true,1,1020602
7290000420325,false,"פופסטאר פופקורן למקירוגל בטעם טבעי 5 שקיות,500 גרם",קריות זול,US,פופסטאר טבעי 5יח',גרמים,500.00,100 גרם,false,,11.90,0.0238,true,1,1047154
7290000420332,false,פופסטאר פופקורן למיקרוגל בטעם חמאה 5 יחידות 500 גרם,קריות זול,US,פופסטאר חמאה 5יח',גרמים,500.00,100 גרם,false,,11.90,0.0238,true,1,1047155
7290000420417,false,גלילונית שקיות אשפה 50*70 - 60 יח',"איטיליאן פוד, אס.פי.",IL,גלילונית 52X65עם שרוך - 6,יח',60.00,יח',false,,17.90,0.2983,true,1,1047156
7290000430102,false,"שקיות קרח 2 ק""ג ""מר אייס""","אייס (קיובס) בע""מ -",IL,שקית קרח 2קג,קילוגרמים,2.00,"ק""ג",false,,8.40,4.2000,true,1,1034123
7290000435015,false,סוכריות לקישוט צבעונ,,,סוכריות לקישוט צבעונ,יח',1.00,יח',false,,4.80,4.8000,true,1,6704930
7290000435251,false,סוכריות מיני משמחים עלה 500ג',,IL,עדשים כפתורים 500ג,גרמים,500.00,100 גרם,false,,14.90,0.0298,true,1,1290618
7290000442044,false,פמינה תחליב רחצה אינטימי חמוציות 220 מל,פמינה,IL,פמינה שטיפה אינטימית,מיליליטרים,220.00,"100 מ""ל",false,,23.90,0.1086,true,1,1035648
7290000442310,false,טפטפים בייביסקין משחה לטוסיק מבושם 100,"רצט שקיים בע""מ",IL,בייביסקין משחה לתינו,גרמים,100.00,100 גרם,false,,10.90,0.1090,true,1,1035655
7290000442587,false,"קרם רב שימושי תוספת 33% גינקו 220 מ""ל.",כ.צ.ט,IL,קרם רב שימושי תוספת,מיליליטרים,220.00,"100 מ""ל",false,,21.90,0.0995,true,1,1035656
7290000442594,false,"גינקו סאי - קרם ידיים 100 מ""ל",כצט,IL,"גינקו קרם ידיים 100 מ""ל",גרמים,100.00,100 גרם,false,,5.90,0.0590,true,1,1035657
7290000450209,false,פוסידון טונה בהירה בשמן 77 גרם,"מיוצר עי וליגר בעמ,",IL,פוסידון טונה בהירה ב,גרמים,77.00,100 גרם,false,,5.00,0.0649,true,1,1024875
7290000450308,false,פוסידון טונה בהירה במי מלח 77 גרם,ויליגר בעמ עבור נטו,IL,פוסידון טונה בהירה ב,גרמים,77.00,100 גרם,false,,5.00,0.0649,true,1,1024876
7290000453019,false,שמרים טריים לאפייה שקית שמרית 50 ג',"פאקא תעשיות בע""מ",IL,שמרים טריים שמרית 50,גרמים,50.00,100 גרם,false,,3.90,0.0780,true,1,1033087
7290000453125,false,שמרית שמרים טריים לאפיה +משפר אפיה 100ג,"פאקא תעשיות בע""מ",IL,שמרית + משפר אפייה 1,גרמים,100.00,100 גרם,false,,6.90,0.0690,true,1,1033088
7290000453200,false,בלילה להכנת פנקייק עם רכיבים ביתיים,"פאקא תעשיות בע""מ",DE,שמרית בלילה מצוננת ל,גרמים,750.00,100 גרם,false,,21.80,0.0291,true,1,6796710
7290000453323,false,קמח תמי עמילן חיטה ללא גלוטן 500 גרם,תמי,IL,קמח תמי עמילן חיטה ל,גרמים,500.00,100 גרם,false,,18.90,0.0378,true,1,6854887
7290000453330,false,תמי תערובת עוגת וניל ללא גלוטן 500גר,,IL,תמי תערובת עוגת וניל,גרמים,500.00,100 גרם,false,,18.90,0.0378,true,1,6870911
7290000453385,false,שמרים יבשים פארא אינסטנט 500 גרם עלית,פאקא תעשיות בעמ,IL,פאקא שמרים יבשים 500,גרמים,500.00,100 גרם,false,,11.90,0.0238,true,1,1279368
7290000453408,false,"בצק פיצה דק, מצונן ומוכן לאפייה - שמרית","פאקא תעשיות בע""מ",FR,בצק פיצה דק מצונן ו,גרמים,415.00,100 גרם,false,,15.80,0.0381,true,1,6265810
7290000453415,false,בצק עלים מצונן ומוכן לאפייה - שמרית,"פאקא תעשיות בע""מ",FR,בצק עלים מצונן ומוכן,גרמים,300.00,100 גרם,false,,14.80,0.0493,true,1,6265811
7290000453422,false,בצק פילו מצונן ומוכן לאפייה שמרית,"פאקא תעשיות בע""מ",FR,בצק פילו מוכן לאפייה,גרמים,300.00,100 גרם,false,,14.80,0.0493,true,1,6688159
7290000453446,false,פיצה קראסט בצק שמרים מצונן להכנת פיצה ופוקצ'ה,"פאקא תעשיות בע""מ",IL,פיצה קראסט שמרית,גרמים,500.00,100 גרם,false,,19.90,0.0398,true,1,6809782
7290000453484,false,בצק קדאיף לאפייה שמרית 350 גרם,"פאקא תעשיות בע""מ",GR,בצק קדאיף,גרמים,350.00,100 גרם,false,,12.90,0.0369,true,1,6850426
7290000453781,false,שמרים יבשים שמרית 125 גרם,"פאקא תעשיות בע""מ",PT,שמרים יבשים 125גר שמ,גרמים,125.00,100 גרם,false,,5.90,0.0472,true,1,5422659
7290000453798,false,שמרית שמרים יבשים אקטיביים 500 גר',"גי' בי' רכיבים בע""מ",IL,שמרים אקטיביים 500 ג,גרמים,500.00,100 גרם,false,,12.90,0.0258,true,1,1394814
7290000453866,false,נטורינה קוקוס לאפייה שמרית 200ג',גרונבאנג- גרונדנסק א,IL,נטורינה קוקוס שמרית,גרמים,200.00,100 גרם,false,,6.50,0.0325,true,1,3791837
7290000453880,false,מרגרינה ללא מלח לאפיה ובישול שמרית 200גר,"פאקא תעשיות בע""מ",IL,"מרגרינה לל""ת מלח לאפ",גרמים,200.00,100 גרם,false,,4.60,0.0230,true,1,1510366
7290000453897,false,מרגרינה בטעם חמאה שימרית 200 ג',גרונבאנג- גרונדנסק א,IL,מרגרינה בטעם חמאה 20,גרמים,200.00,100 גרם,false,,4.60,0.0230,true,1,1510367
7290000461625,false,בייגלה שמיניות מלח בייגל בייגל 400 ג',בייגל את בייגל מזון,IL,בייגלה שמיניות מלוחו,גרמים,400.00,100 גרם,false,,8.90,0.0223,true,1,1022472
7290000461656,false,בייגלה אחד אחד 400 ג' מקלות,בייגל את בייגל מזון,IL,בייגלה מקלות 400 גרם,גרמים,400.00,100 גרם,false,,8.90,0.0223,true,1,1022474
7290000461793,false,בייגלה ארוך ארוך סידרה ירוקה 200גר,בייגל את בייגל מזון,IL,בייגלה ארוך ארוך 150,גרמים,150.00,100 גרם,false,,5.90,0.0393,true,1,1022478
7290000462141,false,סחוג אדום תימני מקורי חריף מאוד זהבי 150 גרם,קריניסה ויטמין אס אי,IL,סחוג אדום תימני מקור,גרמים,150.00,100 גרם,false,,6.90,0.0460,true,1,1033092
7290000462172,false,סחוג ירוק חריף מאוד מ.ירוק 150 גרם,קריניסה ויטמין אס אי,IL,סחוג ירוק תימני חריף,גרמים,150.00,100 גרם,false,,6.90,0.0460,true,1,1033093
7290000467153,false,מלך החומוס סמיר הגדול 400 גרם צבר,סלטי צבר,IL,מלך החומוס סמיר הגדו,גרמים,400.00,100 גרם,false,,13.90,0.0348,true,1,1077593
7290000467320,false,מלך החומוס אבו מרוואן 400 גרם,לחמנו,IL,מלך החומוס אבו מרווא,גרמים,400.00,100 גרם,false,,13.90,0.0348,true,1,1077594
7290000469638,false,ספריי מריטו לגיהוץ קל 500 מל,בולטון מניטובה,IT,מריטו ספריי גיהוץ,מיליליטרים,500.00,"100 מ""ל",false,,19.90,0.0398,true,1,1017811
7290000474090,false,"חלב בקרטון 1%- 1 ליטר בד""צ - מוצר בפיקוח",מילקו תעשיות בעמ,IL,חלב 1% טרה 1 ליטר,ליטרים,1.00,ליטר,false,,5.80,5.8000,true,1,1012586
7290000474373,false,"שמנת חמוצה 15% שומן 200 מ""ל טרה",קריות זול,IL,שמנת חמוצה 15% טרה 2,מיליליטרים,200.00,"100 מ""ל",false,,2.40,0.0120,true,1,1012591
7290000474502,false,גבינה לבנה טרה 5% מרכיבים טבעיים,קריות זול,IL,גבינה לבנה 5% טרה 25,גרמים,250.00,100 גרם,false,,4.70,0.0188,true,1,1012594
7290000474540,false,טוב טעם גבינה לבנה 3% טרה 250 גרם,קריות זול,IL,טוב טעם גבינה לבנה 3,גרמים,250.00,100 גרם,false,,10.20,0.0408,true,1,1012595
7290000474830,false,נעם גבינה צהובה מגורדת 28% טרה 500 גרם,מילקו תעשיות בעמ,IL,נעם גבינה צהובה מגור,גרמים,500.00,100 גרם,false,,29.90,0.0598,true,1,1012597
7290000480107,false,קוואקר שיבולת שועל פחית 500 גרם,וולקרס סנקס לימיטד,GB,קוואקר שיבולת שועל פ,גרמים,500.00,100 גרם,false,,11.90,0.0238,true,1,1026763
7290000480442,false,קוואקר שיבולת שועל בשקית 500 גרם,פריטו ליי FRITO-LAY,IL,קוואקר שיבולת שועל ש,גרמים,500.00,100 גרם,false,,11.90,0.0238,true,1,1026764
7290000482019,false,שקיות לצליה קוקי 10 יחידות,"ש. שסטוביץ בע""מ",IL,שקיות לצליה קוקי 10,יח',10.00,יח',false,,9.90,0.9900,true,1,1017812
7290000482033,false,שקיות לצליה בתנור ובמיקרוגל קוקי 5 יחידות,הנסיך- מפעל לייצור ט,IL,שקיות לצליה בתנור וב,יח',5.00,יח',false,,10.90,2.1800,true,1,1017814
7290000484747,false,עראק עלית 700 מל 40% כהל,יקב הגליל שווק בעמ,IL,ארק עלית 700 מל,מיליליטרים,700.00,"100 מ""ל",false,,49.90,0.0713,true,1,6757388
7290000490397,false,קרמבו מנבו וניל 20 י,הגלידות של פלדמן,IL,מנבו וניל 20 יח,גרמים,480.00,100 גרם,false,,32.90,0.0685,true,1,5473805
7290000490601,false,"שמיניית גלידל וניל ""פלדמן""",הגלידות של פלדמן,IL,"גלידל וניל לל""ס 8יח",גרמים,400.00,100 גרם,false,,28.90,0.0722,true,1,5381489
7290000490625,false,שלגונים ציפוי שוקו מאגדת שמינייה 560 ג',"פלקו בע""מ",IL,מאגדת שלגונים ציפוי,גרמים,560.00,100 גרם,false,,19.80,0.0354,true,1,5381490
7290000490762,false,"שמיניית גלידל שוקו ""פלדמן""",הגלידות של פלדמן,IL,"גלידל שוקו לל""ס 8יח",גרמים,400.00,100 גרם,false,,28.90,0.0722,true,1,5381492
7290000493176,false,אסם אבקת רוטב צלי לבשר 22 ג',"אסם תעשיות בע""מ",IL,רוטב צלי לבשר אסם 22,גרמים,22.00,100 גרם,false,,3.60,0.1636,true,1,1020631
7290000493183,false,אבקת רוטב פטריות לבשר-30 גרם,"אסם תעשיות בע""מ",IL,אבקת רוטב פטריות אסם,גרמים,30.00,100 גרם,false,,3.50,0.1167,true,1,1020632
7290000497044,false,"לחם אקטיב 750 גרם ""ברמן""",מאפית י את א ברמן בע,IL,ברמן לחם אקטיב 500גר,גרמים,750.00,100 גרם,false,,15.50,0.0207,true,1,5405774
7290000497112,false,"לחם כהה פרוס וארוז ""ברמן""-מוצר בפיקוח",מאפית י את א ברמן בע,IL,לחם אחיד פרוס ברמן,גרמים,750.00,100 גרם,false,,6.50,0.0087,true,1,5405711
7290000497273,false,לחמניות ברמן אקטיב 6יח 450גר,מאפית י את א ברמן בע,IL,לחמניות ברמן אקטיב 6,גרמים,450.00,100 גרם,false,,13.80,0.0307,true,1,5405822
7290000497426,false,לחם ברמן לענין פלוס 500 גרם,מאפית י את א ברמן בע,IL,לחם ברמן לענין פלוס,גרמים,500.00,100 גרם,false,,13.90,0.0278,true,1,5405775
7290000497532,false,"לחם מקמח מלא""לעניין"" 750 גר'",מאפית י את א ברמן בע,IL,לחם ברמן לענין 750 ג,גרמים,750.00,100 גרם,false,,12.90,0.0172,true,1,5405777
7290000497570,false,לחם דגנים פלוס ברמן 500 גרם,מאפית י את א ברמן בע,IL,לחם דגנים פלוס 500 ג,גרמים,500.00,100 גרם,false,,13.90,0.0278,true,1,5405778
7290000498003,false,לחם מקמח חיטה מלא 750 גר,מאפית י את א ברמן בע,IL,לחם מקמח מלא 750 גר,גרמים,750.00,100 גרם,false,,14.90,0.0199,true,1,5405779
7290000498034,false,לחם אי פרי קמח כוסמין מלא 750 גר',מאפית י את א ברמן בע,IL,לחם כוסמין מלא 750 ג,גרמים,750.00,100 גרם,false,,14.90,0.0199,true,1,6374416
7290000498058,false,חלה כוסמין חלומית כוסמין חלה מתוקה 500 ג,מאפית י את א ברמן בע,IL,חלומית כוסמין מלא,יח',1.00,יח',false,,15.70,15.7000,true,1,6858222
7290000498256,false,עשיריית לחמניות ברמן,מאפית י את א ברמן בע,IL,לחמניות 10יח בשקית,גרמים,750.00,100 גרם,false,,12.70,0.0169,true,1,5405824
7290000504049,false,ממתיק סוכרזית 1200 טבליות,אף.סי תבליני בגליל ב,IL,ממתיק סוכרזית 1200 ט,יח',1200.00,יח',false,,17.90,0.0149,true,1,1018650
7290000504209,false,"סוכרזית דיאט טיפ נוזלי 220 מ""ל",אף.סי תבליני בגליל ב,IL,ממתיק טיפות סוכרזית,מיליליטרים,220.00,"100 מ""ל",false,,14.80,0.0673,true,1,1018651
7290000504261,false,סוויט דיאט כמו סוכר ממתיק אבקתי 65ג',סוכרזית Sucrazit,IL,ממתיק אבקתי כמו סוכר,גרמים,65.00,100 גרם,false,,24.90,0.3831,true,1,1018652
7290000504278,false,סוכרזית - קלאסי פטנט 700 טבליות,אף.סי תבליני בגליל ב,IL,ממתיק סוכרזית 700 טב,גרמים,574.00,100 גרם,false,,13.90,0.0242,true,1,1018653
7290000518114,false,מתוק וקל אבקה 200 גרם,קריות זול,,מתוק וקל אבקה 200 גר,גרמים,200.00,100 גרם,false,,6.90,0.0345,true,1,1046893
7290000518121,false,ממתיק מתוק וקל 50 יחידות,קריות זול,IL,ממתיק מתוק וקל 50 יח,גרמים,50.00,100 גרם,false,,4.90,0.0980,true,1,1046894
7290000518152,false,ממתיק זהב מתוק וקל 50 שקיות,קריות זול,IL,ממתיק זהב מתוק וקל 5,גרמים,25.00,100 גרם,false,,5.90,0.2360,true,1,1046895
7290000518169,false,ממתיק מתוק וקל 1000 טבליות,קריות זול,IL,ממתיק מתוק וקל 1000,יח',1.00,יח',false,,6.60,6.6000,true,1,1046896
7290000518176,false,ממתיק מתוק וקל 250 שקיות,מתוק וקל בעמ,IL,ממתיק מתוק וקל 250 ש,גרמים,250.00,100 גרם,false,,16.90,0.0676,true,1,1046897
7290000518220,false,ממתיק סוכרה דיאט 100 יחידות,פתח תקווה,IL,ממתיק סוכרה דיאט 100,יח',1.00,יח',false,,23.90,23.9000,true,1,3134432
7290000518251,false,ממתיק זהב מתוק וקל 100 יחידות,קריות זול,IL,ממתיק זהב מתוק וקל 1,גרמים,100.00,100 גרם,false,,10.90,0.1090,true,1,1046898
7290000521008,false,"של סגל אדום יבש , 750 מ""ל",כרמי צבי - אחים סגל,IL,"סגל אדום יבש 750 מ""ל 2013",מיליליטרים,750.00,"100 מ""ל",false,,21.40,0.0285,true,1,1017256
7290000521015,false,"יין סגל לבן יבש 750מ""ל","מיוצר ע""י כרמי צבי-",IL,"סגל לבן יבש 750 מ""ל",מיליליטרים,750.00,"100 מ""ל",false,,21.40,0.0285,true,1,1017257
7290000521022,false,"של סגל, יין לבן חצי יבש 750 מ""ל","מיוצר ע""י כרמי צבי-",IL,"סגל לבן חצי יבש 750 מ""ל",מיליליטרים,750.00,"100 מ""ל",false,,21.40,0.0285,true,1,1017258
7290000521404,false,"יין מרום גליל קברנה סוביניון סינגל 750 מ""ל",כרמי צבי אחים סגל בע,IL,מרום גליל קברנה סוביניון,מיליליטרים,750.00,"100 מ""ל",false,,29.90,0.0399,true,1,1017268
7290000521411,false,יין מרום גליל סינגל מרלו 750 מל,כרמי צבי אחים סגל בע,IL,מרום גליל מרלו סינגל 750,מיליליטרים,750.00,"100 מ""ל",false,,29.90,0.0399,true,1,1017269
7290000523125,false,מלח הארץ הים האדום 250 ג' עדין,חברת מלח הארץ אילת ב,IL,מלח ים יבש מלח הארץ,גרמים,250.00,100 גרם,false,,5.40,0.0216,true,1,1027799
7290000523224,false,מלח הארץ הים האדום 500 ג' עדין,חברת מלח הארץ אילת ב,IL,מלח ים יבש מלח הארץ,גרמים,500.00,100 גרם,false,,7.90,0.0158,true,1,1027800
7290000523514,false,מלח ים יבש מופחת נתרן מלח הארץ 250 גרם,חברת מלח הארץ אילת ב,IL,מלח ים יבש מופחת נתר,גרמים,250.00,100 גרם,false,,9.90,0.0396,true,1,1027801
7290000523521,false,מלח ים מועשר ביוד מלח הארץ 250 גרם,חברת מלח הארץ אילת ב,IL,מלח ים מועשר ביוד מל,גרמים,250.00,100 גרם,false,,5.90,0.0236,true,1,1027802
7290000523804,false,"מלח עדין צנצנת 1 ק""ג מלח הארץ",חברת מלח הארץ אילת ב,IL,מלח עדין מלח הארץ 1,גרמים,1000.00,100 גרם,false,,6.90,0.0069,true,1,1027803
7290000523811,false,"צנצנת מלח גס 1 ק""ג מלח הארץ",חברת מלח הארץ אילת ב,IL,"מלח גס מלח הארץ 1 ק""",גרמים,1000.00,100 גרם,false,,6.90,0.0069,true,1,1027804
7290000525969,false,מיץ תפוזים סחוט רכיבים טבעיים פרימור 1 ליטר,"גניר (1992) בע""מ",IL,מיץ תפוזים סחוט רכיב,ליטרים,1.00,ליטר,false,,15.80,15.8000,true,1,1033094
7290000530086,false,נקניק סלמי מעושן זוגלובק 600 גרם,נקניק נהריה כשר זוגל,IL,נקניק סלמי מעושן זוג,גרמים,600.00,100 גרם,false,,24.90,0.0415,true,1,1027986
7290000530109,false,קבנוס זוגי בואקום זוגלובק 180ג',נקניק נהריה כשר זוגל,IL,קבנוס זוגלובק 2*180,גרמים,360.00,100 גרם,false,,24.90,0.0692,true,1,1027987
7290000530116,false,נקניק סלמי מעושן בשן 470 ג' זוגלובק,נקניק נהריה כשר זוגל,IL,נקניק סלמי בשן זוגלו,גרמים,470.00,100 גרם,false,,24.90,0.0530,true,1,1027988
7290000530291,false,נקניק מבשר הודו קטן זוגלובק 750 גרם,נקניק נהריה כשר זוגל,IL,נקניק מבשר הודו קטן,גרמים,750.00,100 גרם,false,,18.90,0.0252,true,1,1027990
7290000530468,false,"נקניקיות וינר זוגלובק 1 ק""ג",זוגלובק,IL,נקניקיות וינר זוגלוב,גרמים,1000.00,100 גרם,false,,23.90,0.0239,true,1,1027992
7290000530598,false,נקניקיות עוף וינר זוגלובק 500 גרם,נקניק נהריה כשר זוגל,IL,נקניקיות עוף וינר זו,גרמים,500.00,100 גרם,false,,11.90,0.0238,true,1,1027993
7290000530703,false,פסטרמה חרמון כפרית ונקניק תה מעושן זוגלובק 2*400 גרם,נקניק נהריה כשר זוגל,IL,פסטרמה חרמון כפרית ו,גרמים,800.00,100 גרם,false,,25.90,0.0324,true,1,1027995
7290000531977,false,בורקס גבינה זוגלובק 800 גרם,נקניק נהריה כשר זוגל,IL,בורקס גבינה זוגלובק,גרמים,800.00,100 גרם,false,,13.90,0.0174,true,1,1028003
7290000533353,false,"בצק עלים מרודד זוגלובק 1 ק""ג",מאפיית אריאל וגידרון,IL,בצק עלים מרודד זוגלו,גרמים,1000.00,100 גרם,false,,13.90,0.0139,true,1,1028009
7290000536316,false,"שניצל מן הצומח זוגלובק 1 ק""ג",נקניק נהריה כשר זוגל,IL,שניצל מן הצומח זוגלו,גרמים,1000.00,100 גרם,false,,23.90,0.0239,true,1,1028015
7290000536743,false,"שניצל קריספי סטיקס תירס ""זוגלובק""",נקניק נהריה כשר זוגל,IL,אצבעות שניצל טבע 500,גרמים,500.00,100 גרם,false,,11.90,0.0238,true,1,1124383
7290000537566,false,נקניקיות עוף טרי 400 ג' זוגלובק,נקניק נהריה כשר זוגל,IL,נקניקיות עוף זוגלובק,גרמים,400.00,100 גרם,false,,9.90,0.0248,true,1,1028021
7290000537603,false,"נקניקיות עוף זוגלובק 1 ק""ג",זוגלובק,IL,נקניקיות עוף זוגלובק,גרמים,1000.00,100 גרם,false,,23.90,0.0239,true,1,1028022
7290000538709,false,נקניק סלמי תה מעושן זוגלובק 200 גרם,זוגלובק,IL,נקניק סלמי תה מעושן,גרמים,200.00,100 גרם,false,,14.90,0.0745,true,1,1028029
7290000542041,false,לחמניה כהה ארוך אנג',מאפית אורנים,,לחמניה כהה ארוך אנג',יח',1.00,יח',false,,3.30,3.3000,true,1,1017498
7290000552118,false,נקניקיות מרגז טיבון ויל 400 גרם,טיבון ויל אחזקות בעמ,IL,נקניקיות מרגז טיבון,גרמים,400.00,100 גרם,false,,20.50,0.0513,true,1,1024877
7290000552194,false,קישקע טיבון ויל 500 גרם,טיבון ויל אחזקות בעמ,IL,קישקע טיבון ויל 500,גרמים,500.00,100 גרם,false,,12.90,0.0258,true,1,1024879
7290000552569,false,סטייקבורגר בקר טיבון ויל 400 גרם,"טיבון ויל אחזקות בע""",IL,סטייקבורגר בקר טיבון,גרמים,400.00,100 גרם,false,,17.90,0.0447,true,1,1024880
7290000552927,false,עוף טחון טיבון ויל 500 גרם,"טיבון ויל אחזקות בע""",IL,עוף טחון טיבון ויל 5,גרמים,500.00,100 גרם,false,,12.90,0.0258,true,1,1024882
7290000552934,false,בשר הודו טחון טיבון ויל 500 גרם,קריות זול,IL,בשר הודו טחון טיבון,גרמים,500.00,100 גרם,false,,12.90,0.0258,true,1,1024883
7290000552989,false,בשר טחון טיבון ויל 500 גרם,"טיבון ויל אחזקות בע""",IL,בשר טחון טיבון ויל 5,גרמים,500.00,100 גרם,false,,26.90,0.0538,true,1,1024884
7290000554143,false,גבינה לבנה 5% טבעי ק,מחלבות גד,IL,גבינה לבנה 5% במשקל,קילוגרמים,1.00,"ק""ג",true,,25.00,25.0000,true,1,1021507
7290000554402,false,מעדן חלב מלבי גד 160 גרם,"מיוצר ע""י קוד יצרן E",IL,מעדן חלב מלבי גד 160,מיליליטרים,160.00,"100 מ""ל",false,,5.50,0.0344,true,1,1021592
7290000554457,false,גבינה צפתית 5% 350 גרם - רבנות,"מחלבות גד בע""מ",IL,גבינה צפתית 5% גד 35,גרמים,350.00,100 גרם,false,,19.90,0.0569,true,1,1021593
7290000554471,false,נקניק מוצרלה 22 אחוז 180גרם גד מהדרין,"מחלבות גד בע""מ",IL,גבינת מוצרלה 22% גד,גרמים,180.00,100 גרם,false,,15.90,0.0883,true,1,1021594
7290000554532,false,גבינה צפתית מעודנת במלח ים 5% 200 ג' גד,הנסיך- מפעל לייצור ט,IL,גבינה צפתית מעודנת 5,גרמים,200.00,100 גרם,false,,13.90,0.0695,true,1,1021595
7290000554600,false,מוצרלה מגורדת 22 אחוז 300גרם גד מהדרין,מחלבות גד בעמ,IL,גבינת מוצרלה מגורדת,גרמים,300.00,100 גרם,false,,20.90,0.0697,true,1,1021596
7290000554624,false,ירח מתוק מעדן חלב עם אורז 3% גד 150 גרם,"מיוצר ע""י קוד יצרן E",IL,ירח מתוק מעדן חלב עם,מיליליטרים,150.00,"100 מ""ל",false,,4.90,0.0327,true,1,1021597
7290000554686,false,גבינת לאבנה בתוספת שמן זית וזעתר 5% גד 250 גרם,מחלבות גד בעמ,IL,גבינת לאבנה בתוספת ש,גרמים,250.00,100 גרם,false,,13.80,0.0552,true,1,1021598
7290000554754,false,גבינה מוצרלה כדורקטן,מחלבות גד,IL,מוצרלה במים כדורים ק,קילוגרמים,1.00,"ק""ג",true,,89.00,89.0000,true,1,1021511
7290000554822,false,ריקוטה גבינה לבנה בסגנון איטלקי 5% גד 250 גרם,מחלבות גד בעמ,IL,ריקוטה גבינה לבנה בס,גרמים,250.00,100 גרם,false,,12.90,0.0516,true,1,1021600
7290000554839,false,מסקרפונה שמנת מתוקה קשה בסגנון איטלקי 40% גד 250 גרם,מחלבות גד בעמ,IL,מסקרפונה שמנת מתוקה,גרמים,250.00,100 גרם,false,,19.30,0.0772,true,1,1021601
7290000560533,false,אדג' ג'ל ירוק לעור רגיל 198גרם,אס.סי ג'ונסון ובניו,US,אדג' ג'ל ירוק לעור רגיל 1,גרמים,198.00,100 גרם,false,,14.90,0.0753,true,1,1047162
7290000560540,false,אדג' ג'ל כתום לעור רגיש 198גרם,המאפיה של הרמן,US,אדג' ג'ל כתום לעור רגיש 1,גרמים,198.00,100 גרם,false,,14.90,0.0753,true,1,1047163
7290000560557,false,אדג' ג'ל סגול כהה לעור יבש 198ג',אס.סי ג'ונסון ובניו,US,אדג' ג'ל סגול כהה לעור יב,גרמים,198.00,100 גרם,false,,14.90,0.0753,true,1,1047164
7290000571386,false,המחלבה יוגורמה יוגורט מחלב כבשים 5% 850 גרם,גבינות משק אחים מאיר,IL,יוגורט כבשים 850 גרם,מיליליטרים,850.00,"100 מ""ל",false,,19.90,0.0234,true,1,1016103
7290000572055,false,אחוה חלוה ללא סוכר עם סיבים ואגוזים 400 גרם,אחדות ביחר לטחינה חל,IL,אחוה חלוה ללא סוכר ע,גרמים,400.00,100 גרם,false,,13.90,0.0348,true,1,1029877
7290000644783,false,"סלמון מנות קפוא ""תנובה""",דגי תנובה,NO,נתחי פילה סלמון תנוב,קילוגרמים,1.00,"ק""ג",true,,79.80,79.8000,true,1,1015294
7290000646299,false,פילה נסיכת הנילוס קפוא,,ZA,פילה נסיכת הנילוס 10,קילוגרמים,1.00,"ק""ג",true,,39.90,39.9000,true,1,6710207
7290000652177,false,נתחי פילה נסיכת הנילוס קפוא,דגי תנובה,IL,נתחי פילה נסיכת 100%,קילוגרמים,1.00,"ק""ג",true,,54.90,54.9000,true,1,6710208
7290000654546,false,פילה אמנון קפוא 100% דג,תנובה,IL,פילה אמנון 7-9,קילוגרמים,1.00,"ק""ג",true,,29.80,29.8000,true,1,6892856
7290000658926,false,"פילה מרלוזה קפוא 100% ""תנובה""",דגי תנובה,AR,דג מרלוזה קפוא,קילוגרמים,1.00,"ק""ג",true,,29.80,29.8000,true,1,4186554
7290000659312,false,דגי תנובה פילה סלומון קפוא בוואקום,דגי תנובה,IL,פילה סלמון פרימיום ת,קילוגרמים,1.00,"ק""ג",true,,69.80,69.8000,true,1,1015300
7290000662213,false,"נתח פילה סלמון ""תנובה""",הרמס,NO,נתח פילה סלמון,קילוגרמים,1.00,"ק""ג",true,,79.80,79.8000,true,1,6710211
7290000663036,false,פילה אמנון קפוא ללא עור 100% דג תנובה,דגי תנובה,IL,פילה אמנון ללא עור,קילוגרמים,1.00,"ק""ג",true,,29.80,29.8000,true,1,6892857
7290000663135,false,קוביות סלמון 100% דג קפוא 300 גרם,commercial mares de,CL,קוביות סלומון קפוא 1,גרמים,380.00,100 גרם,false,,29.80,0.0784,true,1,6892858
7290000663166,false,דג פילה הייק דרום אפריקאי,דגי תנובה,,פילה הייק דרום אפריק,קילוגרמים,1.00,"ק""ג",true,,39.80,39.8000,true,1,6892882
7290000684345,false,שלישיית פילטר בריטה קלאסיק,שלישיית פילטר בריטה,,פילטר קלאסי בריטה 3,יח',3.00,יח',false,,88.90,29.6333,true,1,1027124
7290000688084,false,מים מינרליים פקק ספו,מופק ממקור בזלתי עדן,IL,מי עדן ספורט 0.5,מיליליטרים,500.00,"100 מ""ל",false,,2.50,0.0050,true,1,1021680
7290000688374,false,"מי עדן בייבי 250 מ""ל מארז שישייה","מי עדן בע""מ",IL,מים מינרלים מי עדן 6,ליטרים,1.98,ליטר,false,,13.80,6.9697,true,1,1021688
7290000688381,false,שישיית מי עדן פקק ספורט 0.5 ליטר,"מי עדן בע""מ",IL,מים מינרלים מי עדן 6,ליטרים,3.00,ליטר,false,,12.80,4.2667,true,1,1021689
7290000688466,false,מים מינרלים פקק ספור,מופק ממקור בזלתי עדן,IL,מים מינרלים פקק ספור,מיליליטרים,750.00,"100 מ""ל",false,,2.50,0.0033,true,1,1021690
7290000688503,false,"מים מינרלים פקק ספורט מי עדן 6*750 מ""ל","מי עדן בע""מ",IL,מים מינרלים פקק ספור,מיליליטרים,750.00,"100 מ""ל",false,,13.90,0.0185,true,1,1021691
7290000692135,false,ספיד סטיק דאו בסיסי ירוק א.פ פרש פאוור,קולגייט פלמוליב,TR,ספיד סטיק בסיסי ירוק,גרמים,60.00,100 גרם,false,,16.90,0.2817,true,1,1017816
7290000692203,false,נוזל לניקוי כללי ורצפות בניחוח לימון אג'קס 2 ליטר,הנסיך- מפעל לייצור ט,GR,נוזל לניקוי כללי ורצ,ליטרים,2.00,ליטר,false,,19.90,9.9500,true,1,1017817
7290000692210,false,נוזל לניקוי כללי ורצפות בניחוח לבנדר אג'קס 2 ליטר,הנסיך- מפעל לייצור ט,GR,נוזל לניקוי כללי ורצ,ליטרים,2.00,ליטר,false,,19.90,9.9500,true,1,1017818
7290000692227,false,נוזל כלים פלמוליב צילינדר קלאסי 1 ליטר,יבואן ומשווק: ש. שסט,GR,נוזל לניקוי כלים קלא,ליטרים,1.00,ליטר,false,,13.90,13.9000,true,1,1017819
7290000692456,false,אג'קס חלונות זוג 750*2 מל ספריי ורפיל,הנסיך- מפעל לייצור ט,GR,תרסיס לניקוי חלונות,מיליליטרים,750.00,"100 מ""ל",false,,23.90,0.0319,true,1,1017822
7290000778622,false,שקית רב פעמית ורודה,,,שקית רב פעמית ורודה,יח',1.00,יח',false,,2.90,2.9000,true,1,5677829
7290000799800,false,פקדון 12 יח,,,פקדון 12 יח,יח',1.00,יח',false,,3.60,3.6000,true,1,1090731
7290000799801,false,פיקדון בודד 0.3 ₪,,,פיקדון בודד 0.3 ₪,יח',1.00,יח',false,,0.30,0.3000,true,1,1011051
7290000799802,false,"פיקדון שישיה 1.8 ש""ח",,,"פיקדון שישיה 1.8 ש""ח",יח',1.00,יח',false,,1.80,1.8000,true,1,1011049
7290000799814,false,פיקדון 15 יח,,,פיקדון 15 יח,יחידה,0.00,יחידה,false,,4.50,0.0000,true,1,6882768
7290000803067,false,"משחת שיניים לילדים גילאים 6-2 אלמקס 75 מ""ל",הנסיך- מפעל לייצור ט,PL,משחת שיניים לילדים ג,מיליליטרים,75.00,"100 מ""ל",false,,15.90,0.2120,true,1,1017826
7290000803180,false,"מרידול-שטיפת פה דנטלית 400 מ""ל",קולגייט פלמוליב,CH,"מי פה מרידול 400 מ""ל",מיליליטרים,400.00,"100 מ""ל",false,,29.90,0.0747,true,1,1017827
7290000804484,false,אלמקס שטיפת פה דנטלית למניעת עששת 400מל,קריות זול,CH,מי פה להגנה מפני עשש,מיליליטרים,400.00,"100 מ""ל",false,,24.90,0.0622,true,1,1017829
7290000805900,false,"מזון חתולים לה קט עוף 2.85 ק""ג","ביופט בע""מ",IL,לה קט עוף 2.85קג,קילוגרמים,2.85,"ק""ג",false,,57.90,20.3158,true,1,1028365
7290000805924,false,"מזון חתולים לה קט דגים 2.85 ק""ג","ביופט בע""מ",IL,לה קט דגים 2.85קג,קילוגרמים,2.85,"ק""ג",false,,57.90,20.3158,true,1,1028367
7290000841557,false,סטרילי לחיטוי ושטיפה פירות וירקות,,,סטרילי לחיטוי ושטיפה,מיליליטרים,700.00,"100 מ""ל",false,,11.90,0.0170,true,1,1039232
7290000888347,false,"מי עדן 500 מ""ל",,,"מי עדן 500 מ""ל",מטרים,500.00,100 מ'ל,false,,1.50,0.0030,true,1,6902719
7290000888888,false,פריט כללי,,,פריט כללי,יח',1.00,יח',false,,2.00,2.0000,true,1,1028201
7290000961804,false,תבלין עמבה,ברכת קטיף,IL,דלעת ארוזה,קילוגרמים,1.00,"ק""ג",true,,8.90,8.9000,true,1,1150855
7290000995410,false,נבטים סיניים נבטי הע,נסטלה פורינה USA קר,IL,נבטים סיניים,יח',1.00,יח',false,,5.90,5.9000,true,1,1032095
7290000998251,false,תות שדה 250 גרם,Unknown,,תות שדה 250 גר,גרמים,250.00,100 גרם,false,,14.90,0.0596,true,1,6523976
7290001001493,false,סטייק פרגית קפוא ארו,עוף ירושלים מהדרין,,סטייק פרגית קפוא ארו,קילוגרמים,1.00,"ק""ג",true,,51.90,51.9000,true,1,1164548
7290001003589,false,פרגיות קפוא ארוז ביס,,,פרגיות קפוא ארוז ביס,קילוגרמים,1.00,"ק""ג",true,,79.90,79.9000,true,1,5671028
7290001003886,false,כרעיים עוף קפוא כשרות ביסטריצקי,עוף ירושלים מהדרין,,כרעיים עוף קפוא ארוז,קילוגרמים,1.00,"ק""ג",true,,36.90,36.9000,true,1,1135701
7290001003916,false,חזה עוף קפוא כשרות ביסטריצקי,עוף ירושלים מהדרין,,חזה עוף קפוא ארוז בי,קילוגרמים,1.00,"ק""ג",true,,36.90,36.9000,true,1,1135702
7290001003923,false,כנפיים עוף ארוז קפוא ביסטריצקי,עוף ירושלים מהדרין,,כנפיים עוף קפוא ארוז,קילוגרמים,1.00,"ק""ג",true,,18.50,18.5000,true,1,1135703
7290001003947,false,ירכיים עוף קפוא ארוז ביסטריצקי,עוף ירושלים מהדרין,,ירכיים עוף קפוא ארוז,קילוגרמים,1.00,"ק""ג",true,,34.90,34.9000,true,1,1135705
7290001003954,false,שניצל עוף קפוא כשרות ביסטריצקי,עוף ירושלים מהדרין,,שניצל עוף קפוא ארוז,קילוגרמים,1.00,"ק""ג",true,,37.90,37.9000,true,1,1135706
7290001004036,false,צ'אך טרי,,,צ'אך טרי,קילוגרמים,1.00,"ק""ג",true,,79.90,79.9000,true,1,6831977
7290001004289,false,סטייק ע.ע טרי,,,סטייק ע.ע טרי,קילוגרמים,1.00,"ק""ג",true,,119.90,119.9000,true,1,6831947
7290001004388,false,אוסובקו ע.ע טרי,,,אוסובקו ע.ע טרי,קילוגרמים,1.00,"ק""ג",true,,59.90,59.9000,true,1,6831949
7290001004531,false,חזה ע.ע חלק טרי,,,חזה ע.ע חלק טרי,קילוגרמים,1.00,"ק""ג",true,,59.90,59.9000,true,1,6831982
7290001004630,false,שייטל טרי,,,שייטל טרי,קילוגרמים,1.00,"ק""ג",true,,99.90,99.9000,true,1,6831983
7290001004685,false,שפיץ צ'אך טרי,,,שפיץ צ'אך טרי,קילוגרמים,1.00,"ק""ג",true,,119.90,119.9000,true,1,6831984
7290001004845,false,טחון טרי מוכשר,,,טחון טרי מוכשר,קילוגרמים,1.00,"ק""ג",true,,29.90,29.9000,true,1,6831899
7290001004944,false,אסאדו ע.ע מכושר טרי,,,אסאדו ע.ע מכושר טרי,קילוגרמים,1.00,"ק""ג",true,,54.90,54.9000,true,1,6831986
7290001004999,false,אוסובקו ע.ע מוכשר,,,אוסובקו ע.ע מוכשר,קילוגרמים,1.00,"ק""ג",true,,54.90,54.9000,true,1,6831987
7290001009123,false,לחם כוסמין מלא 100%,,,לחם כוסמין מלא 100%,גרמים,600.00,100 גרם,false,,14.90,0.0248,true,1,5829775
7290001016152,false,פיסטוק חלבי,,,פיסטוק חלבי,קילוגרמים,1.00,"ק""ג",true,,69.00,69.0000,true,1,1086394
7290001016695,false,צימוקים כהים,,,צימוקים כהים,קילוגרמים,1.00,"ק""ג",true,,19.90,19.9000,true,1,6764906
7290001022054,false,גבינה צ'דר מגורדת רמ,,,גבינה צ'דר מגורדת רמ,קילוגרמים,1.00,"ק""ג",true,,59.00,59.0000,true,1,6864499
7290001022177,false,רמי לוי-חלבה עם קקאו,,,חלבה עם קקאו שקיל,קילוגרמים,1.00,"ק""ג",true,,34.00,34.0000,true,1,6915715
7290001121054,false,צמד חמד נקניק 700 ג' יחיעם,תאי פרזידנט פוד פאבל,IL,צמד חמד יחיעם,גרמים,700.00,100 גרם,false,,25.90,0.0370,true,1,1030585
7290001121238,false,נקניק קורנדביף 4% יחיעם 180 גרם,מעדני יחיעם 1993,IL,נקניק קורנדביף 4% יח,גרמים,180.00,100 גרם,false,,22.90,0.1272,true,1,1030588
7290001121672,false,פסטרמה מעודנת בפפריקה 300 ג' יחיעם,מעדני יחיעם 1993,IL,פסטרמה מעודנת בפפריק,גרמים,300.00,100 גרם,false,,19.90,0.0663,true,1,1030589
7290001121849,false,פסטרמה הודו רכיבים טבעים 250 ג' יחיעם,מעדני יחיעם 1993,IL,פסטרמה ברביקיו 250 ג,גרמים,250.00,100 גרם,false,,24.40,0.0976,true,1,1030599
7290001121931,false,קבנוס מקסיקני דק דק יחיעם 125 גרם,מעדני יחיעם 1993,,קבנוס מקסיקני דק דק,גרמים,125.00,100 גרם,false,,12.90,0.1032,true,1,1030606
7290001123775,false,שווארמה אמיתית פרגיות טיבון ויל 500 גרם,"טיבול ויל אחזקות בע""",IL,שווארמה אמיתית פרגיו,גרמים,500.00,100 גרם,false,,19.90,0.0398,true,1,1024891
7290001123782,false,שווארמה אמיתית הודו טיבון ויל 500 גרם,קריות זול,IL,שווארמה אמיתית הודו,גרמים,500.00,100 גרם,false,,19.90,0.0398,true,1,1024892
7290001124536,false,ארוחת נודלס תירס מג'יק 70 גרם,טאט הוי פוד בעמ,SG,ארוחת נודלס תירס מג',גרמים,70.00,100 גרם,false,,4.90,0.0700,true,1,1024893
7290001124611,false,שומן כבש טיבון ויל 200 גרם,טיבון ויל,IL,שומן כבש טיבון ויל 2,גרמים,200.00,100 גרם,false,,14.90,0.0745,true,1,1024894
7290001136287,false,"שמפו לשיער רגיל בבושם פרחים נקה 7 750 מ""ל","אמיליה קוסמטיקס בע""מ",IL,שמפו לשיער רגיל בבוש,מיליליטרים,750.00,"100 מ""ל",false,,9.90,0.0132,true,1,1045609
7290001136294,false,"שמפו לשיער יבש בבישום פרחים נקה 7 750 מ""ל","אמיליה קוסמטיקס בע""מ",IL,שמפו לשיער יבש בבישו,מיליליטרים,750.00,"100 מ""ל",false,,9.90,0.0132,true,1,1045610
7290001136300,false,"נקה 7 שמפו ומרכך לסירוק קל 750 מ""ל",אמיליה קוסמטיקס בעמ,IL,שמפו + מרכך של נקה 7,מיליליטרים,750.00,"100 מ""ל",false,,9.90,0.0132,true,1,1045611
7290001136683,false,"מרכך לשיער רגיל בבושם פרחים נקה 7 750 מ""ל","אמיליה קוסמטיקס בע""מ",IL,מרכך לשיער רגיל בבוש,מיליליטרים,750.00,"100 מ""ל",false,,9.90,0.0132,true,1,1045614
7290001187883,false,תפוח אדמה אפוי,,,תפוח אדמה אפוי,קילוגרמים,1.00,"ק""ג",true,,3.00,3.0000,true,1,1089219
7290001216101,false,"טחינה מלא ""אל ארז"" 1 ק""ג",טחינה אל ארז,IL,"טחינה 1 ק""ג מלאה",גרמים,1000.00,100 גרם,false,,29.90,0.0299,true,1,6882477
7290001216231,false,טחינה גולמית שומשום מלא אל ארז 500 גרם,דולפין ספא,IL,טחינה אלארז שומשום מ,גרמים,500.00,100 גרם,false,,16.80,0.0336,true,1,1085266
7290001245385,false,מרכך מרוכז פרפל 1לי רמילוי,,,מרכך מרוכז פרפל 1לי,ליטרים,1.00,ליטר,false,,10.90,10.9000,true,1,5662608
7290001245392,false,מרכך מרוכז אוריינטל 1לי רמילוי,,,מרכך מרוכז אוריינטל,ליטרים,1.00,ליטר,false,,10.90,10.9000,true,1,5662609
7290001245408,false,מרכך מרוכז אלגנט 1לי רמילוי,,,מרכך מרוכז אלגנט 1לי,ליטרים,1.00,ליטר,false,,10.90,10.9000,true,1,5662610
7290001245453,false,ג'ל כביסה ורוד 5לי רמילוי,,,ג'ל כביסה ורוד 5לי ר,ליטרים,5.00,ליטר,false,,29.90,5.9800,true,1,5799412
7290001245477,false,ג'ל כביסה כחול 5לי רמילוי,,,ג'ל כביסה כחול 5לי ר,ליטרים,5.00,ליטר,false,,29.90,5.9800,true,1,5799445
7290001245651,false,נוזל רצפות מאסק 4 ליט רמילוי,,,נוזל רצפות מאסק 4 לי,יח',1.00,יח',false,,11.90,11.9000,true,1,6169095
7290001246009,false,ג'ל לכביסה אדום 3לי רמילוי,,,ג'ל לכביסה אדום 3לי,יח',1.00,יח',false,,20.90,20.9000,true,1,6034922
7290001246016,false,ג'ל לכביסה ירוק 3לי רמילוי,,,ג'ל לכביסה ירוק 3לי,יח',1.00,יח',false,,20.90,20.9000,true,1,6034923
7290001246023,false,ג'ל לכביסה כחול 3לי רמילוי,,,ג'ל לכביסה כחול 3לי,יח',1.00,יח',false,,20.90,20.9000,true,1,6288302
7290001246658,false,מבשם נטול גז בלוסום 350מל רמילוי,,,מבשם נטול גז בלוסום,מיליליטרים,350.00,"100 מ""ל",false,,7.90,0.0226,true,1,6541073
7290001246672,false,מבשם נטול גז פרש 350מל רמילוי,,,מבשם נטול גז פרש 350,מיליליטרים,350.00,"100 מ""ל",false,,7.90,0.0226,true,1,6541075
7290001246689,false,מבשם נטול גז לבנדר 350מל רמילוי,,,מבשם נטול גז לבנדר 3,מיליליטרים,350.00,"100 מ""ל",false,,7.90,0.0226,true,1,6541076
7290001246771,false,מטהר אויר לוונדר 300מל רמילוי,,,מטהר אויר לוונדר 300,מיליליטרים,300.00,"100 מ""ל",false,,4.90,0.0163,true,1,6541077
7290001246788,false,מטהר אויר לימון 300מל רמילוי,,,מטהר אויר לימון 300מ,מיליליטרים,300.00,"100 מ""ל",false,,4.90,0.0163,true,1,6541078
7290001246795,false,מטהר אוויר פריחה 300מל רמילוי,,,מטהר אוויר פריחה 300,מיליליטרים,300.00,"100 מ""ל",false,,4.90,0.0163,true,1,6541079
7290001247099,false,קרטונית נקטר ספרינג מנגו 1 ליטר,"יפאורה תבורי בע""מ",IL,נקטר מנגו ספרינג 1 ל,ליטרים,1.00,ליטר,false,,6.50,6.5000,true,1,1021701
7290001247112,false,קרטונית נקטר ספרינג לימונענע 1 ליטר,"יפאורה תבורי בע""מ",IL,נקטר לימונים ספרינג,ליטרים,1.00,ליטר,false,,6.50,6.5000,true,1,1021703
7290001247129,false,נקטר ספרינג תפוזים קרטונית 1 ל',"יפאורה תבורי בע""מ",IL,נקטר תפוזים ספרינג 1,ליטרים,1.00,ליטר,false,,6.50,6.5000,true,1,1021704
7290001247143,false,קרטונית נקטר ספרינג תפוחים 1 ליטר,"יפאורה תבורי בע""מ",IL,נקטר תפוחים ספרינג 1,ליטרים,1.00,ליטר,false,,6.50,6.5000,true,1,1021705
7290001258040,false,מארז רוקפור משק יעקו,משק יעקבס,IL,משולש רוקפור,קילוגרמים,1.00,"ק""ג",true,,92.00,92.0000,true,1,5964077
7290001258101,false,גבינת גאודה טבעית במ,מחלבת משק יעקובס,IL,גאודה במשקל 28%,קילוגרמים,1.00,"ק""ג",true,,89.00,89.0000,true,1,1046695
7290001258118,false,קממבר טבעי יעקבס לקג,גבינות משק יעקבס,IL,*מבצע* קממברט,קילוגרמים,1.00,"ק""ג",true,,85.00,85.0000,true,1,1046696
7290001258170,false,רוקפוא משק יעקבס לקג,גבינות משק יעקבס,,רוקפור,קילוגרמים,1.00,"ק""ג",true,,92.00,92.0000,true,1,1046699
7290001258200,false,*מבצע* גבינת שמנת 25,גבינות יעקבס,IL,*מבצע* גבינת שמנת 25,קילוגרמים,1.00,"ק""ג",true,,31.00,31.0000,true,1,1065332
7290001258224,false,לבנה בקר יעקבס במשקל,גבינות יעקבס,IL,לאבנה בקר שקיל,קילוגרמים,1.00,"ק""ג",true,,29.00,29.0000,true,1,1046700
7290001258255,false,מארז גבינה גאודה במשקל,משק יעקבס,IL,משולש גאודה,קילוגרמים,1.00,"ק""ג",true,,92.00,92.0000,true,1,5964078
7290001258262,false,גבינת גאודה תיבול במ,משק יעקבס,IL,משולש גאודה תיבול,קילוגרמים,1.00,"ק""ג",true,,92.00,92.0000,true,1,5964079
7290001258323,false,משולש גאודה כמון קימ,משק יעקבס,,משולש גאודה כמון קימ,קילוגרמים,1.00,"ק""ג",true,,92.00,92.0000,true,1,5964080
7290001258385,false,גבינת מוצרלה כדורים,משק יעקבס,,מוצרלה במים,קילוגרמים,1.00,"ק""ג",true,,75.00,75.0000,true,1,1065333
7290001258415,false,גבינת רוקפור משק יעקבס 180 גרם,גבינות משק יעקבס,IL,גבינת רוקפור משק יעק,גרמים,180.00,100 גרם,false,,24.70,0.1372,true,1,1046712
7290001258422,false,קשקבל יעקבס מעדניה,משק יעקבס,IL,קשקבל יעקבס במשקל,קילוגרמים,1.00,"ק""ג",true,,110.00,110.0000,true,1,1046704
7290001258446,false,"יעקבס יוגורט כבשים 5% 850 מ""ל",גבינות משק יעקבס,IL,יעקבס יוגורט כבשים 5,מיליליטרים,850.00,"100 מ""ל",false,,19.50,0.0229,true,1,1046713
7290001258453,false,קממברט אגוזים בקר יע,גבינות משק יעקבס,,קממברט אגוזים,קילוגרמים,1.00,"ק""ג",true,,92.00,92.0000,true,1,1046705
7290001258514,false,*מבצע* ריקוטה 5% במש,גבינות יעקבס,IL,*מבצע* ריקוטה 5% במש,קילוגרמים,1.00,"ק""ג",true,,31.00,31.0000,true,1,1283077
7290001258552,false,גבינה לאבנה בקר 250 גרם,בטר אנד דיפרנט,IL,לבנה בקר 250 גר,גרמים,250.00,100 גרם,false,,9.50,0.0380,true,1,1046715
7290001258576,false,גבינת גאודה יעקבס 200 גרם,גבינות משק יעקבס,IL,גבינת גאודה יעקבס 20,גרמים,200.00,100 גרם,false,,19.70,0.0985,true,1,1046716
7290001258583,false,מארז מנצגו משק יעקוב,פ.פ.ח. שאביט,IL,מארז מנצ'גו,קילוגרמים,1.00,"ק""ג",true,,125.00,125.0000,true,1,5964082
7290001258590,false,גבינת אורי מנצגו במש,משק יעקבס,IL,מנצ'גו כבשים,קילוגרמים,1.00,"ק""ג",true,,122.00,122.0000,true,1,1046707
7290001258620,false,גבינת מנצ'גו משק יעקבס 180 גרם,גבינות יעקבס,IL,גבינת מנצ'גו משק יעק,גרמים,180.00,100 גרם,false,,23.90,0.1328,true,1,1046717
7290001258668,false,גבינת עז מה 5% יעקבס 250 גרם,גבינות משק יעקבס,IL,גבינת עז מה 5% יעקבס,גרמים,250.00,100 גרם,false,,14.90,0.0596,true,1,1046718
7290001258682,false,"יוגורט עיזים באריזה 500 מ""ל",גבינות משק יעקבס,IL,יעקבס יוגורט עיזים 3,מיליליטרים,500.00,"100 מ""ל",false,,12.90,0.0258,true,1,1046719
7290001258729,false,יעקבס לאבנה עיזים 250ג,גבינות משק יעקבס,IL,יעקבס לאבנה עיזים 25,גרמים,250.00,100 גרם,false,,13.90,0.0556,true,1,1046720
7290001258774,false,גבינת מוצרלה בייבי 150גרם,גבינות משק יעקבס,IL,בייבי מוצרלה 140גר,מיליליטרים,140.00,"100 מ""ל",false,,12.90,0.0921,true,1,4734593
7290001258804,false,גבינת קשקבל משק יעקבס 180 גרם,גבינות משק יעקבס,IL,גבינת קשקבל משק יעקב,גרמים,180.00,100 גרם,false,,21.70,0.1206,true,1,1046726
7290001258811,false,גבינת מוצרלה בייבי ב,גבינות יעקבס,,כדורי מוצרלה,קילוגרמים,1.00,"ק""ג",true,,79.00,79.0000,true,1,1283078
7290001258941,false,*מבצע* גבינת שמנת זי,משק יעקבס,,*מבצע* גבינת שמנת זי,קילוגרמים,1.00,"ק""ג",true,,31.00,31.0000,true,1,1065322
7290001258958,false,גבינת ומוצרלה מגורדת,גבינות משק יעקבס,IL,מוצרלה מגורדת 200 גר,גרמים,200.00,100 גרם,false,,22.50,0.1125,true,1,1063088
7290001258972,false,גבינת חלומי בואקום 2,גבינות משק יעקבס,IL,חלומי 200 גרם,גרמים,200.00,100 גרם,false,,17.90,0.0895,true,1,1063089
7290001258989,false,גבינת קממברט בקרבייב,גבינות יעקבס,IL,קממברט בקר בייבי,קילוגרמים,1.00,"ק""ג",true,,92.00,92.0000,true,1,1273010
7290001258996,false,מעדניה - שמנת שום שמ,משק יעקבס,,*מבצע* גבינת שמנת שו,קילוגרמים,1.00,"ק""ג",true,,31.00,31.0000,true,1,1065323
7290001274422,false,שלגונים ציפוי בננה מאגדת שמינייה 560 ג',"פלקו בע""מ",IL,מאגדת שלגונים ציפוי,10 יח',1.00,10 יח',false,,19.80,19.8000,true,1,5381493
7290001274576,false,גלידל וניל תות 0% שומן ללא סוכר,גלידות פלדמן,IL,גלידל וניל תות 0% שו,ליטרים,1.00,ליטר,false,,19.90,19.9000,true,1,5381290
7290001274583,false,גלידל שוקו פקאן 0% שומן ללא סוכר,גלידות פלדמן,IL,גלידל שוקו פקאן 0% ש,מיליליטרים,900.00,"100 מ""ל",false,,19.90,0.0221,true,1,5381291
7290001274934,false,"שמיניית גלידל פרי לימון ""פלדמן""",הגלידות של פלדמן,IL,גלידל דיאט למון ליים,גרמים,640.00,100 גרם,false,,20.90,0.0327,true,1,5381494
7290001274941,false,"שמיניית גלידל פרי פטל ""פלדמן""",הגלידות של פלדמן,IL,גלידל פרי בטעם פטל 8,גרמים,640.00,100 גרם,false,,20.90,0.0327,true,1,5381495
7290001275139,false,קצח,,,קצח,קילוגרמים,1.00,"ק""ג",true,,56.00,56.0000,true,1,1113802
7290001305058,false,"פלמוליב - נטורלס תחליב רחצה חלב ודבש 500 מ""ל",הנסיך- מפעל לייצור ט,TR,סבון נוזלי בניחוח חל,מיליליטרים,500.00,"100 מ""ל",false,,15.90,0.0318,true,1,1017832
7290001305188,false,"נוזל לניקוי כלים בריח לימון פלמוליב 750 מ""ל",יבואן ומשווק: ש. שסט,GR,נוזל לניקוי כלים ברי,מיליליטרים,750.00,"100 מ""ל",false,,11.90,0.0159,true,1,1017833
7290001327180,false,שטראוס קרמיסימו וניל ציפ 1.33 ליטר,"גלידת שטראוס בע""מ, ר",IL,שטראוס קרמיסימו וניל,ליטרים,1.33,ליטר,false,,17.90,13.4586,true,1,1031468
7290001327791,false,גלידת קרמיסימו וניל עוגיות חלבי,"גלידת שטראוס בע""מ, ר",IL,שטראוס קרמיסימו עוגי,ליטרים,1.33,ליטר,false,,17.90,13.4586,true,1,1031472
7290001343845,false,"גרנולה פירות 1 ק""ג - 845 - ורוד שקדיה",הנסיך- מפעל לייצור ט,IL,"גרנולה פירות 1 ק""ג ש",קג,1.00,קג,false,,21.90,21.9000,true,1,1014979
7290001355404,false,טחון עוף טרי כשר,תנובה,,טחון עוף טרי כשר,קילוגרמים,1.00,"ק""ג",true,,34.90,34.9000,true,1,1144965
7290001407592,false,"בארכה טחינה גולמית פי 6 סידן 6*1 ק""ג",,IL,בארכה טחינה גולמית פ,גרמים,800.00,100 גרם,false,,19.90,0.0249,true,1,6787849
7290001407769,false,טחינה גולמית שומשום מלא בארכה 500 גרם,רושדי תעשיות מזון בע,IL,טחינה גולמית שומשום,גרמים,500.00,100 גרם,false,,12.90,0.0258,true,1,1027812
7290001407813,false,חלבה שאמית פיסטוק בקטנה בארכה 350ג',רושדי תעשיות מזון בע,IL,חלבה שאמית עם פיסטוק,גרמים,350.00,100 גרם,false,,14.90,0.0426,true,1,1027813
7290001407837,false,חלבה שאמית עם פולי קקאו בארכה 350 גרם,רושדי תעשיות מזון בע,IL,חלבה שאמית עם פולי ק,גרמים,350.00,100 גרם,false,,14.90,0.0426,true,1,1027815
7290001407844,false,חלבה קלאסית בטעם וניל בארכה 350 גרם,רושדי תעשיות מזון בע,IL,חלבה קלאסית בטעם וני,גרמים,350.00,100 גרם,false,,13.90,0.0397,true,1,1027816
7290001407936,false,בארכה-טחינה גולמית מעודנת בקבוק לחיץ 310 ג',רושדי תעשיות מזון בע,IL,בארכה טחינה מעודנת 3,גרמים,310.00,100 גרם,false,,10.50,0.0339,true,1,1521273
7290001415641,false,קוראסון ביס שקדים חל,,,קוראסון ביס שקדים חל,קילוגרמים,1.00,"ק""ג",true,,47.00,47.0000,true,1,4500578
7290001427019,false,קשת מיץ תפוזים טבעי 500 מל,קשת מיצים,IL,קשת מיץ תפוזים טבעי,100 מל,500.00,100 מל,false,,15.50,0.0310,true,1,6796977
7290001461105,false,לחם מחמצת לבן (ברקוד,פילסברי,,לחם מחמצת לבן,יח',1.00,יח',false,,16.90,16.9000,true,1,1012924
7290001461860,false,עשריית פיתות פילסברי,פילסברי,,עשריית פיתות פילסברי,יח',1.00,יח',false,,13.50,13.5000,true,1,1058660
7290001461884,false,קוקטייל בולגרית חלבי,,,קוקטייל בולגרית חלבי,קילוגרמים,1.00,"ק""ג",true,,47.00,47.0000,true,1,3542871
7290001482049,false,בולגריה בקוביות עם ש,,,הבולגריה בקוביות + ש,קילוגרמים,1.00,"ק""ג",true,,65.00,65.0000,true,1,1027371
7290001482094,false,גבינה פרמז'נו משולשים ויליפוד 200ג',זנטי אס. אי לאלין,IT,פרמז'נו וילי פוד 200,גרמים,200.00,100 גרם,false,,17.90,0.0895,true,1,1027426
7290001482186,false,אננס חתוך בסירופ קל וילי פוד 565 גר,הנסיך- מפעל לייצור ט,TH,אננס חתוך ויליפוד 56,גרמים,565.00,100 גרם,false,,5.90,0.0104,true,1,5501663
7290001482506,false,וילי פוד חומץ בלסמי בדץ 500מל,וילי פוד,IT,חומץ בלסמי וילי פוד,מיליליטרים,500.00,"100 מ""ל",false,,14.90,0.0298,true,1,1027430
7290001485019,false,גבינת שמנת 5% טעם טבעי 200 ג' טרה,קריות זול,IL,גבינת קרם שמנת 5% טר,גרמים,200.00,100 גרם,false,,10.90,0.0545,true,1,1012607
7290001491010,false,תה ירוק יסמין ויסוצקי 25 יחידות,תה ויסוצקי,IL,תה ירוק יסמין ויסוצק,גרמים,37.50,100 גרם,false,,22.90,0.6107,true,1,1027817
7290001491096,false,תה ירוק בתוספת לימונית ולואיזה 50 שקיקים ויסוצקי,תה ויסוצקי,IL,תה ירוק לימונית ולוא,גרמים,75.00,100 גרם,false,,39.90,0.5320,true,1,1027818
7290001507018,false,וופל גלילית אורגנית 100 גרם השדה,,,גלילית אורגני 100 גר,גרמים,100.00,100 גרם,false,,14.40,0.1440,true,1,6715000
7290001515310,false,שש כריות קרצוף יפניות סקוטש ברייט,3m,,סקוטש ברייט שש כריות,יח',1.00,יח',false,,9.90,9.9000,true,1,4441070
7290001515631,false,שלושה ספוגי קרצוף קשיחים ארוכים אדומים,שיוך למחסן 17,ES,שלושה ספוגי קרצוף קש,יח',1.00,יח',false,,7.90,7.9000,true,1,6510056
7290001567555,false,פסטרמה מעודנת עם דבש 300 ג' יחיעם,מעדני יחיעם,IL,פסטרמה מעודנת עם דבש,גרמים,300.00,100 גרם,false,,19.90,0.0663,true,1,2533454
7290001567708,false,נקנקיות וינר 400 ג' יחיעם,מעדני יחיעם,IL,נקנקיות עוף 400 גרם,גרמים,400.00,100 גרם,false,,10.90,0.0273,true,1,1425250
7290001567760,false,פסטרמה של פעם 300 ג' יחיעם,מעדני יחיעם,IL,פסטרמה של פעם 300 גר,גרמים,300.00,100 גרם,false,,24.40,0.0813,true,1,1625499
7290001567814,false,סלמי מעושן בסגנון איטלקי 300 ג' יחיעם,מעדני יחיעם,IL,סלמי מעושן בסגנון אי,גרמים,300.00,100 גרם,false,,19.90,0.0663,true,1,1625463
7290001567906,false,פסטרמה מעודנת יחיעם 200 ג',מעדני יחיעם,IL,פסטרמה מעודנת 200 ג,גרמים,200.00,100 גרם,false,,12.70,0.0635,true,1,1226275
7290001567920,false,סלמי תה יחיעם 200 גר,מעדני יחיעם,IL,סלמי תה 200 גר,גרמים,200.00,100 גרם,false,,12.70,0.0635,true,1,1214133
7290001567937,false,"סלמי איטלקי מפולפל 200 גרם ""יחיעם""",מעדני יחיעם,IL,איטלקי מפולפל 200 ג,גרמים,200.00,100 גרם,false,,12.70,0.0635,true,1,1226277
7290001591673,false,"קניידלך מקמח תפו""א שלושת האופים 500 גרם",שלושת האופים,IL,קניידלך מקמח תפוא 50,גרמים,500.00,100 גרם,false,,19.90,0.0398,true,1,6833583
7290001591680,false,קניידלך מקמח מצה שלושת האופים 500 גרם,שלושת האופים,IL,קניידלך מקמח מצה 500,גרמים,500.00,100 גרם,false,,19.90,0.0398,true,1,6833584
7290001591710,false,המבורגר אנגוס 600 ג' טיבון ויל,טיבון ויל,IL,המבורגר אנגוס 600 גר,גרמים,600.00,100 גרם,false,,22.90,0.0382,true,1,6821327
7290001591727,false,קבב על מקל 500 ג' טיבון ויל,טיבון ויל,IL,קבב על מקל 500 גר,גרמים,500.00,100 גרם,false,,22.90,0.0458,true,1,6821328
7290001591734,false,מרגז נקניקיה בסגנון מרוקאי 500 ג' טיבון ויל,טיבון ויל,IL,מרגז נקניקייה סגנון,גרמים,500.00,100 גרם,false,,22.90,0.0458,true,1,6821329
7290001591741,false,קבבוני טלה 500 ג' טיבון ויל,טיבון ויל,IL,קבבוני טלה 500 גר,גרמים,500.00,100 גרם,false,,22.90,0.0458,true,1,6821330
7290001591758,false,קבב מזרחי אנגוס 500 ג' טיבון ויל,טיבון ויל,IL,קבב מזרחי ביתי אנגוס,גרמים,600.00,100 גרם,false,,22.90,0.0382,true,1,6847389
7290001591949,false,שיפודי פרגיות 100% טיבון ויל 500 גרם,טיבון ויל,IL,שיפודי פרגיות 100%,גרמים,500.00,100 גרם,false,,48.90,0.0978,true,1,6847390
7290001594230,false,קינלי סודה בבקבוק זכוכית,החברה המרכזית לייצור,IL,קינלי סודה קלאסי 250,מיליליטרים,250.00,"100 מ""ל",false,,2.90,0.0116,true,1,1013244
7290001594568,false,"קרלסברג פחית 500 מ""ל פקדון",מבשלות בירה בינלאומי,RO,בירה בפחית קרלסברג 5,מיליליטרים,500.00,"100 מ""ל",false,,8.90,0.0178,true,1,1013251
7290001594575,false,"בירה טובורג בפחית 500 מ""ל",מבשלות בירה בינלאומי,IL,בירה טובורג בפחית 50,מיליליטרים,500.00,"100 מ""ל",false,,8.90,0.0178,true,1,1013206
7290001594810,false,"שישיית בירה מאלט בבקבוק 330X6 מ""ל",קרלסברג ישראל,,בירה שחורה מאלטי 6*3,ליטרים,1.98,ליטר,false,,19.90,10.0505,true,1,1013256
7290001594858,false,"טובורג רד שישייה בקבוק 330 מ""ל",קרלסברג ישראל,IL,טובורג רד מארז שישיי,מיליליטרים,1980.00,"100 מ""ל",false,,39.90,0.0202,true,1,1013257
7290001594865,false,"קרלסברג בירה בקבוק 6* 330 מ""ל",קרלסברג ישראל,IL,בירה קרלסברג 6*330 מ,ליטרים,1.98,ליטר,false,,39.90,20.1515,true,1,1013258
7290001598085,false,לחם משפחתי עם דגנים מקמח מלא,מאפיית יוסף ברון,IL,לחם משפחתי עם דגנים,גרמים,400.00,100 גרם,false,,14.90,0.0373,true,1,6723350
7290001598276,false,"לחם 7 דגנים קל מקמח חיטה מלא ללא שמרים 1.1 ק""ג הברון",מאפיית יוסף ברון,IL,לחם 7 דגנים קל 1.1קג,קילוגרמים,1.10,"ק""ג",false,,14.90,13.5455,true,1,6723351
7290001598429,false,פרנה מרוקאית חמשת 4,מאפיית יוסף ברון בעמ,IL,פרנה מרוקאית,יח',1.00,יח',false,,10.90,10.9000,true,1,6686045
7290001598528,false,לחם כוסמין 100% 450ג' הברון,מאפיית יוסף ברון בעמ,,לחם כוסמין 39קל לפרו,יח',1.00,יח',false,,14.90,14.9000,true,1,6723321
7290001598573,false,לחמניות כוסמין 5 יח 99 קלוריות,מאפיית יוסף ברון בעמ,,לחמניות כוסמין 5 יח,גרמים,384.00,100 גרם,false,,12.90,0.0336,true,1,2992041
7290001598580,false,פיתות כוסמין 6יח 99 קלוריות,מאפיית יוסף ברון בעמ,,פיתות כוסמין 6יח 99,גרמים,384.00,100 גרם,false,,14.90,0.0388,true,1,3017463
7290001598597,false,פיתה כוסמין 99 קלוריות,,,פיתה כוסמין 99 קלורי,גרמים,300.00,100 גרם,false,,14.90,0.0497,true,1,6830175
7290001598764,false,פיתות ביס כוסמין מלא 10יח רמילוי,,,פיתות ביס כוסמין מלא,גרמים,480.00,100 גרם,false,,14.90,0.0310,true,1,6881866
7290001598771,false,פיתה כוסמין 99 קל' 8יח רמילוי,,,פיתה כוסמין 99 קל' 8,גרמים,360.00,100 גרם,false,,14.90,0.0414,true,1,6879732
7290001598788,false,פיתות כוסמין מלא 8יח רמילוי,,,פיתות כוסמין מלא 8יח,גרמים,480.00,100 גרם,false,,14.90,0.0310,true,1,6879734
7290001627242,false,ג'ל לניקוי לימון אסלות 750,,,ג'ל לניקוי לימון אסל,מיליליטרים,750.00,"100 מ""ל",false,,6.20,0.0083,true,1,4720782
7290001670224,false,מלית פרג פוליבה 400 גרם,"פוליבה בע""מ",IL,מלית פרג פוליבה 400,גרמים,400.00,100 גרם,false,,9.90,0.0248,true,1,1026963
7290001670514,false,מלית אוכמניות - 400 גרם פוליבה,"פוליבה בע""מ",IL,מלית אוכמניות 400 גר,גרמים,400.00,100 גרם,false,,9.90,0.0248,true,1,1026967
7290001670651,false,מנגל חד פעמי קטן הנמל,יבוא ושיווק: הנמל אר,IL,מנגל חד פעמי קטן הנמ,יח',1.00,יח',false,,12.90,12.9000,true,1,1026969
7290001670859,false,מלית דובדבנים פוליבה 400 ג',קריות זול,IL,מלית דובדבנים 400 גר,גרמים,400.00,100 גרם,false,,9.90,0.0248,true,1,1026972
7290001710111,false,נקניקיות מרגז ארוז 500 גר,לאטי עזרא גלם ודגים,IL,נקניקיות מרגז ארוז 5,גרמים,500.00,100 גרם,false,,19.80,0.0396,true,1,2751577
7290001710128,false,נקניקיות צוריסוס ארוז 500 גר,מעדני הטלה,,נקניקיות צוריסוס ארו,גרמים,500.00,100 גרם,false,,19.80,0.0396,true,1,3513169
7290001710159,false,גולש עגל קפוא ארוז מ,לאטי עזרא גלם ודגים,,*מבצע* גולש עגל מוכש,קילוגרמים,1.00,"ק""ג",true,,35.90,35.9000,true,1,2199603
7290001713167,false,סנט מוריץ - מרסס קצף ניקוי 1 ליטר סניטרי אפור,"קומפלקס כימיקלים בע""",IL,סנט מוריץ קצף ניקוי,מיליליטרים,750.00,"100 מ""ל",false,,9.90,0.0132,true,1,6411674
7290001713242,false,עלמה שקיות אשפה 25 יחידות 75*90 עם ידית,אסיר פלסט,TR,שקיות אשפה עם ידיות,יח',1.00,יח',false,,9.90,9.9000,true,1,6909014
7290001713372,false,"תרסיס לניקוי מוצרי עור 400 מ""ל",קומפלקס כימיקלים,IL,נוזל לניקוי עור 400,יח',1.00,יח',false,,14.90,14.9000,true,1,1031416
7290001713815,false,PURE מרכך כביסה בניחוח מלון מפנק 1 ליטר,"קומפלקס כימיקלים בע""",TR,מרכך כביסה בית מלון,מטרים,1000.00,100 מ'ל,false,,9.90,0.0099,true,1,6813989
7290001789711,false,סט 3 קופסאות מלבניות,,,סט 3 קופסאות עם מכסה,יח',1.00,יח',false,,8.90,8.9000,true,1,6903096
7290001789735,false,סט 3 קופסאות מלבניות,,,סט 3 קופסאות עם מכסה,יח',1.00,יח',false,,8.90,8.9000,true,1,6903097
7290001789742,false,סט 3 קופסאות ריבועיות עם מכסה אדום,,,סט 3 קופסאות ריבועיו,יח',1.00,יח',false,,8.90,8.9000,true,1,6903176
7290001791349,false,פיסגה אקונומיקה ריחנית סנו 4 ליטר,"סנו מפעלי ברונוס בע""",IL,פיסגה אקונומיקה ריחנ,ליטרים,4.00,ליטר,false,,9.90,2.4750,true,1,1023339
7290001791356,false,"פרש מבשם אויר אוטומטי בניחוח לבנדר סנו 250 מ""ל",החברה הדרומית,IL,פרש מבשם אויר אוטומט,מיליליטרים,250.00,"100 מ""ל",false,,12.90,0.0516,true,1,1023340
7290001813454,false,חיוכים עוגיות שוקו עלית 900 גרם,אפיפית נצרת תעשיות ב,IL,חיוכים עוגיות שוקו ע,גרמים,900.00,100 גרם,false,,18.90,0.0210,true,1,5144923
7290001813478,false,חיוכים עוגיות בטעם וניל עלית 900 גרם,אפיפית נצרת תעשיות ב,IL,חיוכים עוגיות בטעם ו,גרמים,900.00,100 גרם,false,,18.90,0.0210,true,1,5144924
7290001817728,false,צ'יטוס אפוי כאפה בטעם קטשופ 55 גרם,"שטראוס פריטו ליי בע""",IL,צ'יטוס אפוי כאפה בטע,גרמים,55.00,100 גרם,false,,3.10,0.0564,true,1,1026767
7290001835364,false,פרמיו חטיפי ברווז מובחרים,,CN,פרמיו חטיפי ברווז מו,יח',1.00,יח',false,,16.50,16.5000,true,1,6415136
7290001835388,false,פרמיו חטיף סטריפס לכלב 85גר,סאטורן,DE,פרמיו חטיף סטריפס לכ,גרמים,85.00,100 גרם,false,,9.90,0.1165,true,1,1082850
7290001865439,false,פמילי אל סבון נוזלי בניחוח וניל 1 ליטר,אף.סי תבליני בגליל ב,IL,פמלי אל סבון ליטר ונילה [,ליטרים,1.00,ליטר,false,,10.80,10.8000,true,1,1047187
7290001865453,false,פמילי לקשרי 1 ליטר לבנדר ארומטי+משאבה,מיוצר עי קונדיטוריית,IL,פמלי אל סבון ליטר לבנדר [,ליטרים,1.00,ליטר,false,,10.80,10.8000,true,1,1047188
7290001873441,false,המבורגר black angus 320 גרם,טיבון ויל אחזקות בעמ,IL,המבורגר,גרמים,320.00,100 גרם,false,,24.90,0.0778,true,1,6688151
7290001873472,false,קבב בלאק אנגוס 320גר,טיבון ויל אחזקות בעמ,IL,קבב,גרמים,320.00,100 גרם,false,,24.90,0.0778,true,1,6688153
7290001873489,false,קרפצ'יו בלאק אנגוס 1,טיבון ויל אחזקות בעמ,IL,קרפציו,גרמים,120.00,100 גרם,false,,14.90,0.1242,true,1,6688154
7290001915011,false,שווארמה פרגית מתובלת 500 גר,לאטי עזרא,IL,שווארמה פרגית מתובלת,גרמים,500.00,100 גרם,false,,37.90,0.0758,true,1,6894929
7290001973233,false,"קמיל בלו מגבונים לחים סנסיטיב ד""ר פישר 120 יחידות","ד""ר פישר Dr fischer",IL,ק.ב סנסטיב מגבונים 120 יח,יח',120.00,יח',false,,10.90,0.0908,true,1,1044657
7290001973332,false,"קמיל בלו מגבונים לפנים סנסיטיב ד""ר פישר 60 יחידות","ד""ר פישר Dr fischer",IL,- ק.ב.ס מגבונים לפנים 60,יח',60.00,יח',false,,9.10,0.1517,true,1,1044659
7290001990148,false,"סוכר גולדן קלאסי בצנצנת 1 ק""ג סוגת",האי נאם סי או אל.טי.,IL,סוכר גולדן קלסי צנצנת1 קג,יח',1.00,יח',false,,10.90,10.9000,true,1,1022881
7290001990261,false,"סוגת חומוס 1 ק""ג","סוגת תעשיות בע""מ",IL,"חומוס 1 ק""ג",גרמים,1000.00,100 גרם,false,,14.80,0.0148,true,1,1022882
7290001990278,false,"שעועית לבנה סוגת 1 ק""ג","סוגת תעשיות בע""מ",IL,"שעועית לבנה 1 ק""ג",גרמים,1000.00,100 גרם,false,,18.90,0.0189,true,1,1022883
7290001990377,false,שעועית בובס 500 גרם סוגת,סוגת תעשיות בעמ,IL,שעועית בובס 500 גר,גרמים,500.00,100 גרם,false,,10.90,0.0218,true,1,1022885
7290001990391,false,אפונה יבשה 1קג סוגת,"סוגת תעשיות בע""מ",IL,"אפונה 1 ק""ג",גרמים,1000.00,100 גרם,false,,9.40,0.0094,true,1,1022887
7290001990407,false,"עדשים ירוקים 1 ק""ג סוגת","סוגת תעשיות בע""מ",IL,"עדשים ירוקים 1 ק""ג",גרמים,1000.00,100 גרם,false,,13.80,0.0138,true,1,1022888
7290001990414,false,"עדשים אדומים יבש סוגת 1 ק""ג","סוגת תעשיות בע""מ",IL,"עדשים אדומים 1 ק""ג",גרמים,1000.00,100 גרם,false,,13.80,0.0138,true,1,1022889
7290002000143,false,"חדש -פנג'ל ק.ידיים קלאסיק 80מ""ל",מיוצר עי קונדיטוריית,IL,חדש -פנג'ל ק.ידיים קלאסיק,גרמים,100.00,100 גרם,false,,7.90,0.0790,true,1,1047197
7290002003168,false,קרם ידיים מארז שלישית פנג'ל 3X80-גרם,אינטרקוסמא 1985 במ,IL,מארז שלישית פנג'ל קלאסיק,מיליליטרים,240.00,"100 מ""ל",false,,13.90,0.0579,true,1,1047209
7290002007234,false,אבקת סוכר הנמל 100 גרם,"מיוצר וארוז ע""י: ר.ס",IL,אבקת סוכר הנמל 100 ג,גרמים,100.00,100 גרם,false,,1.60,0.0160,true,1,1164434
7290002008040,false,שיפודי במבוק הנמל 100 יחידות,הנמל אריזות ושיווק ב,IL,שיפודי במבוק הנמל 10,יח',100.00,יח',false,,2.50,0.0250,true,1,1026989
7290002008149,false,מדליק פחם מוצק הנמל אריזת 40יח',מ.א.יצור ויבוא מטליו,IL,מדליק פחם מוצק מנגל,יח',40.00,יח',false,,5.80,0.1450,true,1,1026993
7290002008347,false,קורנפלור 500 גרם הנמל,קריות זול,,קורנפלור 500 גרם הנמ,גרמים,500.00,100 גרם,false,,6.50,0.0130,true,1,1132418
7290002008651,false,קמח תפוחי אדמה הנמל 500 גרם,ר.ס. חברה ליבוא וייצ,IL,קמח תפוחי אדמה הנמל,גרמים,500.00,100 גרם,false,,4.90,0.0098,true,1,1027007
7290002014201,false,חומוס 200 גרם מעדני מיקי,מעדני מיקי,,חומוס 200 גרם,100 יח,200.00,100 יח,false,,7.90,0.0395,true,1,6920777
7290002019114,false,רוטב עגבניות מרוכז מאד 28-30BX פריניר,פריניר,,רוטב עגבניות מרוכז מ,גרמים,580.00,100 גרם,false,,6.90,0.0119,true,1,1024904
7290002019183,false,פריניר עגב שלמות במיץA2.5,נטו מלינדה,,פריניר עגב שלמות במי,גרמים,800.00,100 גרם,false,,6.80,0.0085,true,1,5372704
7290002019763,false,עגבניות מרוסקות 800 גרם פריניר,פריניר,,פריניר עגב מרוסקות A,גרמים,800.00,100 גרם,false,,6.70,0.0084,true,1,4834661
7290002019787,false,רוטב עגבניות מרוכז מאוד 260 גרם פריניר,פריניר ( הדס 1987) ב,IL,פריניר רוטב עגבניות,גרמים,260.00,100 גרם,false,,3.60,0.0138,true,1,1024907
7290002019794,false,רוטב עגבניות מרוכז מאוד 100 גרם פריניר,פריניר ( הדס 1987) ב,IL,פריניר רוטב עגבניות,גרמים,100.00,100 גרם,false,,1.90,0.0190,true,1,1024908
7290002022923,false,סוכריות על מקל בטעם תות כרמית 50 יחידות,כרמית תעשיות ממתקים,IL,סוכריות על מקל בטעם,גרמים,500.00,100 גרם,false,,12.90,0.0258,true,1,1017838
7290002026341,false,צ'יפס אריסטו רגיל שקיות רשת,האי נאם סי או אל.טי.,CA,ציפס בטטה פלאנק 500,גרמים,500.00,100 גרם,false,,14.90,0.0298,true,1,1157342
7290002026365,false,טבעות בצל אריסטו קראנץ 500 ג',היידי שוקולד בירונטי,IL,טבעות בצל 500גר,גרמים,500.00,100 גרם,false,,8.70,0.0174,true,1,1157344
7290002026402,false,בראנץ אנד קראנץ בלינצס גבינה 350 גרם,מוצרי איכות אמריקאיי,IL,בלינצ'ס גבינה בראנץ,גרמים,350.00,100 גרם,false,,10.90,0.0311,true,1,1028183
7290002026440,false,פרצלס בייגלה בראנץ אנד קראנץ 280 ג',מוצרי איכות אמריקאיי,IL,פרצלס בראנץ קפוא 280,גרמים,280.00,100 גרם,false,,10.90,0.0389,true,1,1028187
7290002026587,false,וופל בלגי פרווה בראנץ אנד קראנץ 8 יח',בראנץ' אנד קראנץ Brunch& Crunch,IL,ופל בלגי בראנץ קפוא,גרמים,280.00,100 גרם,false,,10.90,0.0389,true,1,6698185
7290002026884,false,"מאגדת גלידת בן& ג'ריס צאנקי מיקס 400 מ""ל",,,מאגדת גלידת בן& ג'רי,100 מל,400.00,100 מל,false,,24.90,0.0622,true,1,3667897
7290002026891,false,"מאגדת גלידת בן& ג'ריס קוקי מיקס 400מ""ל",בן & ג'ריס,IL,מאגדת גלידת בן& ג'רי,100 מל,400.00,100 מל,false,,24.90,0.0622,true,1,3667898
7290002037040,false,חלה קלה וודש 500 גרם,מאפית י את א ברמן בע,IL,חלה פלוס ודש 500 גרם,גרמים,500.00,100 גרם,false,,13.80,0.0276,true,1,5405869
7290002037125,false,חלה פרוסה וודש 500 גרם,מאפית י את א ברמן בע,IL,חלה פרוסה וודש 500 ג,גרמים,500.00,100 גרם,false,,8.90,0.0178,true,1,5405870
7290002037163,false,**לחם אחיד פרוס וודש 750 גרם,מאפית י.את א. ברמן ב,IL,לחם אחיד פרוס ודש בר,גרמים,750.00,100 גרם,false,,6.90,0.0092,true,1,5405718
7290002037309,false,שמיניית לחמניות המבורגר,מאפית י את א ברמן בע,IL,לחמניות המבורגר 8יח,גרמים,400.00,100 גרם,false,,11.90,0.0298,true,1,5405825
7290002037637,false,חליות מתוקות מארז 4יח',מאפית י את א ברמן בע,IL,חליות מתוקות 4יח,יח',4.00,יח',false,,10.90,2.7250,true,1,5405827
7290002040019,false,קוסקוס רגיל הנמל 350 גרם,"קוסקוס מזון בע""מ",IL,קוסקוס רגיל הנמל 350,גרמים,350.00,100 גרם,false,,5.30,0.0151,true,1,1027015
7290002040064,false,קוסקוס דק הנמל 350 גרם,טרופיקל דגיל תעשיות,IL,קוסקוס דק הנמל 350 ג,גרמים,350.00,100 גרם,false,,5.30,0.0151,true,1,1027017
7290002040071,false,קוסקוס עבה הנמל 350 גרם,"קוסקוס מזון בע""מ",IL,קוסקוס עבה הנמל 350,גרמים,350.00,100 גרם,false,,5.30,0.0151,true,1,1027018
7290002040088,false,קוסקוס מלא הנמל 350 גרם,"קוסקוס מזון בע""מ",IL,קוסקוס מלא הנמל 350,גרמים,350.00,100 גרם,false,,6.30,0.0180,true,1,1027019
7290002043065,false,פריכיות אורז חום מלא בציפוי שוקולד מריר בלגי 70 ג',נוהלס,BG,אקסטרה פריכוני אורז,יח',1.00,יח',false,,8.90,8.9000,true,1,6733458
7290002043072,false,אקסטרה פריכוני אורז בציפוי שוקולד חלב בלגי 70 גר,נוהלס,BG,אקסטרה פריכוני אורז,יח',1.00,יח',false,,8.90,8.9000,true,1,6733459
7290002043096,false,אקסטרה פריכוני אורז בציפוי שוקולד לבן בלגי,נוהלס,BG,אקסטרה פריכוני אורז,יח',1.00,יח',false,,8.90,8.9000,true,1,6733460
7290002043102,false,פריכיות 7 זרעי על אריזת חיסכון 200 גרם,מימונס אפיה,BG,אקסטרה פריכוני 7 זרע,גרמים,200.00,100 גרם,false,,15.90,0.0795,true,1,6733461
7290002043188,false,ציפס אורז חום מלא צי'לי חריף אקסטרא 60 ג',מימונס אפיה,BG,אקסטרה ציפס אורז חום,יח',1.00,יח',false,,6.90,6.9000,true,1,6751072
7290002043225,false,ציפס אורז חום מלא פפריקה אקסטרא 60 ג',מימונס אפיה,BG,אקסטרה ציפס פפריקה 6,גרמים,60.00,100 גרם,false,,6.90,0.1150,true,1,6733464
7290002043331,false,ציפס אורז חום מלא כוסמת אקסטרא 60 ג',,BG,אקסטרה ציפס כוסמת 60,יח',1.00,יח',false,,7.90,7.9000,true,1,6733469
7290002043348,false,ציפס אורז חום מלא צי'ה וקינואה אקסטרא 60 ג',JS. A.F.P Co,BG,אקסטרה ציפס צ'יה וקי,גרמים,60.00,100 גרם,false,,7.90,0.1317,true,1,6733470
7290002043379,false,אקסטרה ציפס פרוטאין עדשים שחורות 60 גר,,BG,אקסטרה ציפס פרוטאין,גרמים,60.00,100 גרם,false,,7.90,0.1317,true,1,6733473
7290002043782,false,ציפס אורז חום מלא טקסס ברביקיו אקסטרא 60 ג',מימונס אפיה,BG,אקסטרה ציפס טקסס ברב,יח',1.00,יח',false,,6.90,6.9000,true,1,6733476
7290002043850,false,חטיף אורז אקסטרה בציפוי שוקולד מריר 90 גרם,,,חטיף אורז אקסטרה בצי,גרמים,90.00,100 גרם,false,,12.50,0.1389,true,1,6885877
7290002043867,false,חטיף אורז אקסטרה בציפוי שוקולד לבן 90 גרם,,,חטיף אורז אקסטרה בצי,גרמים,90.00,100 גרם,false,,12.50,0.1389,true,1,6885878
7290002043874,false,חטיף אורז אקסטרה קרמל בציפוי שוקולד לבן,,,חטיף אורז אקסטרה קרמ,גרמים,90.00,100 גרם,false,,12.50,0.1389,true,1,6885879
7290002043881,false,חטיף אורז אקסטרה טעם תפוז ציפוי שוקולד,,,חטיף אורז אקסטרה טעם,גרמים,90.00,100 גרם,false,,12.50,0.1389,true,1,6885880
7290002053088,false,אטריות ביצים דקיקות מספר 8 אוריינט 200 גרם,פ.פ.ח טאביט,PL,אטריות ביצים מס' 8 - 200,גרמים,200.00,100 גרם,false,,7.90,0.0395,true,1,1013622
7290002053095,false,אטריות ביצים דקות מספר 10 אוריינט 200 גרם,פ.פ.ח טאביט,PL,אטריות ביצים מס' 10 - 200,גרמים,200.00,100 גרם,false,,7.90,0.0395,true,1,1013623
7290002053101,false,אטריות ביצים בינוניות מספר 12 אוריינט 200 גרם,פ.פ.ח טאביט,PL,אטריות ביצים מס' 12 - 200,גרמים,200.00,100 גרם,false,,7.90,0.0395,true,1,1013624
7290002053118,false,אטריות ביצים עבות מספר 14 אוריינט 200 גרם,האי נאם סי או אל.טי.,PL,אטריות ביצים מס' 14 - 200,גרמים,200.00,100 גרם,false,,7.90,0.0395,true,1,1013625
7290002053354,false,אטריות נודלס סיני להקפצה אוריינט 300 גרם,טאביט ספ.ז.או.או,PL,נודלס סיני 300 גר',גרמים,300.00,100 גרם,false,,13.90,0.0463,true,1,1013626
7290002053538,false,נודלס תאילנדי אורינטל 400 גר + 25% תוספת,פ.פ.ח. טאביה ספ זאו.או,PL,נודלס תיאלנדי 500 גר,גרמים,500.00,100 גרם,false,,13.90,0.0278,true,1,6353633
7290002057031,false,זית יבנה מבוקע פיקנטיבשמן זית 340 גרם,קבוצת יבנה,IL,זית יבנה מבוקע פיקנט,גרמים,340.00,100 גרם,false,,8.90,0.0262,true,1,1023059
7290002057048,false,זית סורי מתובל בשמן קבוצת יבנה 560 גרם,קבוצת יבנה,IL,זית יבנה סורי מבוקע,גרמים,340.00,100 גרם,false,,10.50,0.0309,true,1,1023060
7290002057086,false,זית מנזלינו גדול יבנה 780 גרם,קבוצת יבנה,,זית מנזלינו גדול יבנ,גרמים,780.00,100 גרם,false,,17.90,0.0229,true,1,1023064
7290002057093,false,זית ירוק גדול מנזלינו יבנה 340 גרם,קבוצת יבנה,IL,זית ירוק גדול מנזלינ,גרמים,340.00,100 גרם,false,,7.90,0.0232,true,1,1023065
7290002057109,false,זיתים יבנה ירוקים גדולים מאוד שום מנזלינ,קבוצת יבנה,IL,זיתים יבנה ירוקים גד,גרמים,340.00,100 גרם,false,,8.90,0.0262,true,1,1023066
7290002057123,false,זיתים ירוקים מנזנילו קבוצת יבנה 560 גרם,קבוצת יבנה,IL,זית חרוזית ירוק יבנה,גרמים,275.00,100 גרם,false,,9.50,0.0345,true,1,1023068
7290002057130,false,"זיתים חרוזית ירוק יבנה 1.25ק""ג",קבוצת יבנה,IL,חרוזית ‏43‏ או יבנה,גרמים,650.00,100 גרם,false,,19.90,0.0306,true,1,1023069
7290002057161,false,זיתים מרינט גדול מאד A2 יבנה 540ג',קבוצת יבנה,IL,זית מרינדבחומץ יין י,גרמים,340.00,100 גרם,false,,8.90,0.0262,true,1,1023072
7290002057178,false,זיתים שחורים גדולים מנזלינו קבוצת יבנה 3,קבוצת יבנה,IL,זיתים שחורים גדולים,גרמים,340.00,100 גרם,false,,8.70,0.0256,true,1,1023073
7290002057185,false,טבעות זיתים ירוקים קבוצת יבנה 560 גרם,קבוצת יבנה,IL,טבעות זית ירוק 275 ג,גרמים,275.00,100 גרם,false,,9.20,0.0335,true,1,1023074
7290002057215,false,"מלפפון במלח 10-12 A2 יבנה 600ג' בד""ץ",קבוצת יבנה,,"מלפפון במלח בד""צ 320",גרמים,320.00,100 גרם,false,,7.50,0.0234,true,1,1023075
7290002057321,false,"מלפפון במלח ‏25‏-‏21‏ יבנה 1.3 ק""ג",קבוצת יבנה,IL,מלפפון במלח 21-25 יב,גרמים,725.00,100 גרם,false,,15.90,0.0219,true,1,1023085
7290002057352,false,מלפפון יבנה במלח גדולים 7-9 320 גרם,קבוצת יבנה מוצרי מזו,IL,מלפפון יבנה במלח גדו,גרמים,320.00,100 גרם,false,,6.50,0.0203,true,1,1023087
7290002057369,false,מלפפונים במלח בינוני קבוצת יבנה 560 גרם,קבוצת יבנה,IL,מלפפון יבנה במלח בינ,גרמים,320.00,100 גרם,false,,7.50,0.0234,true,1,1023088
7290002057376,false,מלפפון יבנה במלח קטנים 13-17 320 גרם,קבוצת יבנה,IL,מלפפון יבנה במלח קטנ,גרמים,320.00,100 גרם,false,,9.90,0.0309,true,1,1023089
7290002057437,false,שיפקונית קבוצת יבנה,קבוצת יבנה,IL,שיפקונית יבנה,גרמים,650.00,100 גרם,false,,9.90,0.0152,true,1,6751613
7290002057451,false,מלפפון בחומץ ‏9‏-‏7‏ %‏20‏ 560 ג' יבנה,אף.סי תבליני בגליל ב,IL,מלפפון יבנה בחומץ גד,גרמים,290.00,100 גרם,false,,6.50,0.0224,true,1,1023095
7290002057468,false,מלפפונים בחומץ בינוני קבוצת יבנה 560 גרם,קבוצת יבנה,IL,מלפפון יבנה בחומץ בי,גרמים,290.00,100 גרם,false,,7.50,0.0259,true,1,1023096
7290002057475,false,מלפפונים בחומץ קטן קבוצת יבנה 560 גרם,קבוצת יבנה,IL,מלפפון יבנה בחומץ קט,גרמים,290.00,100 גרם,false,,9.90,0.0341,true,1,1023097
7290002057482,false,מלפפון יבנה בחומץ קטנים מאוד 18-25 290 ג,קבוצת יבנה,IL,מלפפון יבנה בחומץ קט,גרמים,290.00,100 גרם,false,,12.90,0.0445,true,1,1023098
7290002057604,false,פלפל חריף שיפקה קבוצת יבנה 225 גרם.,קבוצת יבנה,IL,פלפל חריף שיפקה קבוצ,גרמים,225.00,100 גרם,false,,5.50,0.0244,true,1,1023102
7290002057628,false,טבעות זיתים מושחר יבנה 540 גרם,קבוצת יבנה,IL,זית טבעות מושחרים 2,גרמים,275.00,100 גרם,false,,8.90,0.0324,true,1,1023104
7290002057703,false,חצילים במלח קבוצת יבנה 320 גרם,קבוצת יבנה,IL,חצילים במלח קבוצת יב,גרמים,320.00,100 גרם,false,,6.50,0.0203,true,1,1023109
7290002057734,false,זיתים חרוזית שחור A2 יבנה 540ג',קבוצת יבנה,IL,זית חרוזית שחור יבנה,גרמים,275.00,100 גרם,false,,8.90,0.0324,true,1,1023111
7290002065555,false,"לחמניות שישיה בשקית ""אנג'ל""",מאפיית שלמה א. אנג'ל,IL,לחמניות אנג'ל 6 יחיד,גרמים,450.00,100 גרם,false,,10.90,0.0242,true,1,1017539
7290002065616,false,לחם שיפון גרעינים פרוס אחדות 750 גרם,מאפיית שלמה א. אנג'ל,IL,לחם שיפון גרעינים פר,גרמים,750.00,100 גרם,false,,12.50,0.0167,true,1,1033006
7290002077268,false,מיני קציצות דג לבישול 500 גרם קהילות,האי נאם סי או אל.טי.,IL,מיני קציצות דגים 500,גרמים,500.00,100 גרם,false,,18.90,0.0378,true,1,1024909
7290002079033,false,לחם דגנים לייט פרוס 500 גרם,מאפיית דוידוביץ ובני,IL,לחם דגנים לייט פרוס,גרמים,500.00,100 גרם,false,,9.80,0.0196,true,1,6800215
7290002079316,false,חלה פרוסה רגילה 500,מאפית דוידוביץ ובניו,IL,חלה פרוסה 500 גר,גרמים,500.00,100 גרם,false,,8.80,0.0176,true,1,5417212
7290002079477,false,לחם אחיד פרוס דוידוב,מאפיית דוידוביץ ובני,IL,לחם אחיד פרוס 750גר,גרמים,750.00,100 גרם,false,,5.70,0.0076,true,1,5417213
7290002079613,false,דוידוביץ חלה קלועה מתוקה ארוזה 500 גרם,מאפיית דוידוביץ ובני,,דוידוביץ חלה קלועה מ,גרמים,500.00,100 גרם,false,,10.30,0.0206,true,1,6801495
7290002079927,false,לחם דגנים מלא דוידוב,מאפיית דוידוביץ ובני,IL,לחם דגנים מלא 750 גר,גרמים,750.00,100 גרם,false,,9.80,0.0131,true,1,6800217
7290002079996,false,לחם אחיד קל פרוס 750 גרם,מאפיית דוידוביץ ובני,IL,לחם אחיד קל פרוס 750,גרמים,750.00,100 גרם,false,,9.80,0.0131,true,1,5417214
7290002105329,false,אצבעות אנטריקוט מחפו,עוף ירושלים,,אצבעות אנטריקוט מחפו,קילוגרמים,1.00,"ק""ג",true,,81.90,81.9000,true,1,2528377
7290002105503,false,בורגר מזרחי קפוא גלאט 500ג' מחפוד,עוף ירושלים,IL,המבורגר בקר 500 גר מ,גרמים,500.00,100 גרם,false,,18.90,0.0378,true,1,1032721
7290002105510,false,קבב מזרחי מתובל וקפוא גלאט הדר בשר 500ג',עוף ירושלים,,קבב מזרחי 500-מחפוד,גרמים,500.00,100 גרם,false,,18.90,0.0378,true,1,1032722
7290002105527,false,גולש עגל 800 גר' מחפוד קפוא,עוף ירושלים,,גולש בקר 800 גרם מחפ,גרמים,800.00,100 גרם,false,,42.90,0.0536,true,1,1032723
7290002105541,false,סטייק אנטריקוט מעובד קפוא ה.הבשר 800ג',עוף ירושלים,,סטייק אנטריקוט 800 ג,גרמים,800.00,100 גרם,false,,42.90,0.0536,true,1,1032725
7290002105565,false,טחון הודו 500 גרם מחפוד מהדרין,עוף ירושלים,IL,הודו טחון עוף ירושלי,גרמים,500.00,100 גרם,false,,12.90,0.0258,true,1,1032727
7290002105572,false,צלי כתף מעובד קפוא מ,עוף ירושלים,IL,צלי כתף מעובד קפוא מ,קילוגרמים,1.00,"ק""ג",true,,43.90,43.9000,true,1,1032618
7290002105671,false,טחון עוף 500 גר' קפוא מחפוד,עוף ירושלים,IL,עוף טחון 500 גר מחפו,גרמים,500.00,100 גרם,false,,12.90,0.0258,true,1,1032728
7290002105749,false,"טחון בקר 100% קפוא 1 ק""ג גאלט מחפוד",עוף ירושלים,IL,"בשר טחון 1 ק""ג מחפוד",100 קילו,1.00,100 קילו,false,,44.90,44.9000,true,1,1032731
7290002105756,false,"בקר טחון 1 ק""ג מחפוד קפוא",עוף ירושלים,IL,"טחון בקר מחפוד 1ק""ג",גרמים,1000.00,100 גרם,false,,39.90,0.0399,true,1,1032619
7290002105770,false,"קבב כבש קציצות ביתי בוואקום מחפוד 1 ק""ג",עוף ירושלים,IL,קציצות קבב כבש ביתי,קילוגרמים,1.00,"ק""ג",false,,49.90,49.9000,true,1,1032621
7290002105831,false,שניצל עגל קפוא בוואקום מחפוד,,,שניצל עגל בוואקום קפ,קילוגרמים,1.00,"ק""ג",true,,51.90,51.9000,true,1,3499108
7290002107071,false,צוריאל פטה עיזים מעודנת גביע 16% 200ג,מחלבת משק צוריאל,IL,בולגרית עיזים מעודנת,גרמים,200.00,100 גרם,false,,22.50,0.1125,true,1,1012620
7290002107118,false,בולגרית קלאסית 16%,,,בולגרית קלאסית 16%,קילוגרמים,1.00,"ק""ג",true,,44.00,44.0000,true,1,5680917
7290002107385,false,גליל גבינת עיזים מה עז משק צוריאל 180 גרם,מחלבת משק צוריאל,IL,גליל גבינת עיזים מה,גרמים,180.00,100 גרם,false,,19.90,0.1106,true,1,1012622
7290002107491,false,גבינה לבנה מחלב עיזים למריחה 5% משק צוריאל 250 גרם,מחלבת משק צוריאל,IL,גבינה לבנה מחלב עיזי,גרמים,250.00,100 גרם,false,,13.80,0.0552,true,1,1012624
7290002107743,false,משק צוריאל צפתית מעו,מחלבת משק צוריאל,IL,צפתית מעודנת 5% שקיל,קילוגרמים,1.00,"ק""ג",true,,36.00,36.0000,true,1,3824979
7290002107798,false,גבינה בולגרית מעודנת 5% משק צוריאל 250 גרם,מחלבת משק צוריאל,IL,גבינה בולגרית מעודנת,גרמים,250.00,100 גרם,false,,19.70,0.0788,true,1,1012625
7290002109488,false,קבב 100% אמיתי טיבון ויל 440 גרם,טיבון ויל,IL,קבב 100% אמיתי טיבון,גרמים,440.00,100 גרם,false,,19.90,0.0452,true,1,1024926
7290002128137,false,נרות שבת מנורה 8/72,מנורה,IL,נרות שבת 8/72 מנורה,יח',1.00,יח',false,,31.90,31.9000,true,1,1049823
7290002128403,false,נרות שולחן אורה 4 יחידות,קריות זול,IL,נרות שבת אורה מספר 4,יח',1.00,יח',false,,2.90,2.9000,true,1,1049831
7290002128434,false,נרות שבת אורה 10 יחידות,קריות זול,IL,נרות שבת אורה מספר 1,יח',1.00,יח',false,,2.90,2.9000,true,1,1049834
7290002128458,false,נרות שבת אורה מספר 1,מנורה,,נרות שבת אורה מספר 1,יח',1.00,יח',false,,2.90,2.9000,true,1,1049836
7290002128472,false,נרות 72 (4 שעות) רמילוי,,,נרות 72 (4 שעות) רמי,יח',1.00,יח',false,,19.90,19.9000,true,1,6742273
7290002128519,false,נרות 63 (6 שעות) רמילוי,,,נרות 63 (6 שעות) רמי,יח',1.00,יח',false,,19.90,19.9000,true,1,6742274
7290002128816,false,נרות חימום שקית 50יח רמילוי,,,נרות חימום שקית 50יח,יח',1.00,יח',false,,8.90,8.9000,true,1,6736455
7290002128823,false,נרות חימום 100 בשקית רמילוי,,,נרות חימום 100 בשקית,יח',1.00,יח',false,,17.80,17.8000,true,1,6742253
7290002129455,false,פיצה איטלקית גדולה 450 גר,,IT,פיצה איטלקית גדולה 4,גרמים,450.00,100 גרם,false,,19.90,0.0442,true,1,3734341
7290002129462,false,פיצה איטלקית דקה שלושת האופים מארז זוג 640 ג',,,זוג פיצה איטלקית דקה,יח',1.00,יח',false,,19.90,19.9000,true,1,2903031
7290002129479,false,פיצה איטלקית דקה 320 ג' שלושת האופים,האי נאם סי או אל.טי.,IT,פיצה איטלקית דקה שלו,יח',1.00,יח',false,,13.90,13.9000,true,1,2903032
7290002129486,false,פיצה איטלקית דקה זיתים 340 ג' שלושת האופים,האי נאם סי או אל.טי.,IT,פיצה איטלקית דקה שלו,גרמים,340.00,100 גרם,false,,13.90,0.0409,true,1,3352673
7290002130567,false,דבש טהור מפרחי בר בזכוכית 350 גרם,מכוורת יד מרדכי שטרא,IL,דבש טהור 350 גרם,גרמים,350.00,100 גרם,false,,16.90,0.0483,true,1,1018670
7290002130574,false,דבש טהור מפרחי בר בזכוכית 500 ג' יד מרדכי,מכוורת יד מרדכי שטרא,IL,דבש טהור 500 גרם,גרמים,500.00,100 גרם,false,,24.70,0.0494,true,1,1018671
7290002130581,false,"דבש טהור מפרחי בר בזכוכית 1 ק""ג",שטראוס גרופ,IL,"דבש יד מרדכי 1 ק""ג",100 לקג,1.00,100 לקג,false,,42.90,42.9000,true,1,1018672
7290002132011,false,עוגיות מזרחיות מלוחות עבאדי 400 גרם,מאפיית יוסף ושמחה עב,IL,עוגיות מזרחיות מלוחו,גרמים,400.00,100 גרם,false,,16.90,0.0422,true,1,1027821
7290002133162,false,גבינה בולגרית 5% גבינות השומרון 250 גרם,מחלבת השומרון,IL,גבינה בולגרית 5% גבי,גרמים,250.00,100 גרם,false,,16.90,0.0676,true,1,1011064
7290002133247,false,לאבנה עם שמן זית וזעתר 5% גבינות השומרון 250 גרם,מחלבת השומרון,IL,לאבנה עם שמן זית וזע,גרמים,250.00,100 גרם,false,,12.90,0.0516,true,1,1011065
7290002133506,false,יוגורט של פעם חלב עיזים 4% גבינות השומרון 400 גרם,מחלבת השומרון,IL,יוגורט של פעם חלב עי,מיליליטרים,400.00,"100 מ""ל",false,,9.90,0.0248,true,1,1011066
7290002133520,false,יוגורט של פעם 3% גבינות השומרון 400 גרם,מחלבת השומרון,IL,יוגורט של פעם 3% גבי,מיליליטרים,400.00,"100 מ""ל",false,,9.90,0.0248,true,1,1011068
7290002133537,false,יוגורט של פעם חלב עיזים 4% גבינות השומרון 180 גרם,מחלבת השומרון,IL,יוגורט של פעם חלב עי,מיליליטרים,180.00,"100 מ""ל",false,,5.90,0.0328,true,1,1011069
7290002133551,false,גבינת לאבנה עם שמן זית וזעתר 5% השומרון 500 גרם,מחלבת השומרון,IL,גבינת לאבנה עם שמן ז,גרמים,500.00,100 גרם,false,,14.90,0.0298,true,1,1011071
7290002133575,false,יוגורט של פעם חלב כבשים 5% גבינות השומרון 400 גרם,מחלבת השומרון,,יוגורט של פעם חלב כב,מיליליטרים,400.00,"100 מ""ל",false,,12.10,0.0302,true,1,1011072
7290002133612,false,"יוגורט יווני אותנטי 8% גבינות השומרון 180 מ""ל",מחלבת השומרון,IL,יוגורט יווני אותנטי,מיליליטרים,180.00,"100 מ""ל",false,,4.50,0.0250,true,1,1011073
7290002133643,false,גבינת פטה צאן 22% גבינות השומרון 200 גרם,מחלבת השומרון,IL,גבינת פטה צאן 22% גב,גרמים,200.00,100 גרם,false,,19.90,0.0995,true,1,1011076
7290002133858,false,גבינה בולגרית צאן 18% גבינות השומרון 250 גרם,מחלבת השומרון,IL,גבינה בולגרית צאן 18,גרמים,250.00,100 גרם,false,,16.90,0.0676,true,1,1011081
7290002133889,false,גבינה בולגרית מעודנת 5% 250 גרם,מחלבת השומרון,IL,גבינה בולגרית מעודנת,גרמים,250.00,100 גרם,false,,18.90,0.0756,true,1,1011082
7290002133940,false,יוגורט של פעם כבשים 4% גבינות השומרון 180 גרם,מחלבת השומרון,IL,יוגורט של פעם כבשים,גרמים,180.00,100 גרם,false,,5.50,0.0306,true,1,1011085
7290002157953,false,מארז נתחי טונה בהירה בשמן קנולה - 4 יחידות,דיאמנט פוד פרודקט,IL,טונה ויליגר 392 גרם,גרמים,392.00,100 גרם,false,,18.90,0.0482,true,1,2731927
7290002157960,false,טונה ויליגר 392 גרם במים רביעייה,ויליגר,IL,טונה ויליגר 392 גרם,גרמים,392.00,100 גרם,false,,18.90,0.0482,true,1,2731928
7290002225386,false,גרונות הודו ארוז קפוא מחפוד,עוף ירושלים מהדרין,,גרונות הודו מחפוד,קילוגרמים,1.00,"ק""ג",true,,43.90,43.9000,true,1,1072672
7290002225942,false,חזה הודו נקבה טרי אר,עוף ירושלים מהדרין,,חזה הודו נקבה טרי אר,קילוגרמים,1.00,"ק""ג",true,,34.90,34.9000,true,1,1122404
7290002232995,false,ציפוי לשניצל פז 500 גרם דגש,פ.פ.ח. שאביט,IL,ציפוי לשניצל פז 500,גרמים,500.00,100 גרם,false,,26.80,0.0536,true,1,1213639
7290002253006,false,שום כתוש בצנצנת 200 גר דורות,עיצובים 2020 (3.8),IL,דורות שום כתוש טרי 2,גרמים,200.00,100 גרם,false,,15.90,0.0795,true,1,1020643
7290002253150,false,קוביות בזיליקום קצוץ דורות 70 גרם,עיצובים 2020 (3.8),IL,קוביות בזיליקום קצוץ,גרמים,70.00,100 גרם,false,,9.50,0.1357,true,1,1020648
7290002253167,false,פטרוזיליה קצוצה דורות 70 גרם,עיצובים 2020 (3.8),IL,פטרוזיליה קצוצה דורו,גרמים,70.00,100 גרם,false,,9.50,0.1357,true,1,1020649
7290002253181,false,קוביות כוסברה קצוצה דורות 70 גרם,עיצובים 2020 (3.8),IL,קוביות כוסברה קצוצה,גרמים,70.00,100 גרם,false,,9.50,0.1357,true,1,1020651
7290002253198,false,ג'ינג'ר טרי כתוש במגשית 70 ג' דורות,עיצובים 2020 (3.8),IL,דורות ג'ינג'ר טרי כת,גרמים,70.00,100 גרם,false,,9.50,0.1357,true,1,1020652
7290002253259,false,דורות רוטב עגבניות בזיליקום 160 גרם,עיצובים 2020 (3.8),IL,דורות רוטב עגבניות ב,גרמים,160.00,100 גרם,false,,11.90,0.0744,true,1,1166091
7290002253310,false,דורות שום צילי חריף קוביות תערובת 80 גר,עיצובים 2020 (3.8),IL,דורות שום צילי חריף,יח',1.00,יח',false,,12.90,12.9000,true,1,6013258
7290002253495,false,דורות תבל לטחינה ביתית תערובת קוביות 70 גרם,עיצובים 2020 (3.8),IL,דורות תיבול לטחינה ב,יח',1.00,יח',false,,10.40,10.4000,true,1,6013259
7290002259640,false,דיימונד רדיד אלומיניום צר 30 ס''מ 7.5 מ'-,ריינולדס מוצרי צריכה,US,רדיד אלומיניום צר רוחב 30,אורך,7.62,אורך,false,,11.90,1.5617,true,1,1035667
7290002259664,false,רדיד אלומיניום דיימונד גדול 60X0.60מ',ריינולדס מוצרי צריכה,US,רדיד אלומיניום צר רוחב 30,אורך,60.00,אורך,false,,54.90,0.9150,true,1,1035669
7290002263562,false,מיץ לימון 200מל 99.9% סחוט,,,מיץ לימון 200מל 99.9,מיליליטרים,200.00,"100 מ""ל",false,,6.70,0.0335,true,1,6690446
7290002277248,false,גבינה מון בלאן זעתר 120 גר,שלושת האופים,IL,מון בלאן זעתר,גרמים,120.00,100 גרם,false,,8.90,0.0742,true,1,1510291
7290002281429,false,סטייק טונה אדומה דלי,בון צון פישארי,VN,סטייק דג טונה אדומה,קילוגרמים,1.00,"ק""ג",true,,54.90,54.9000,true,1,5662484
7290002281436,false,סטייק דג טונה בהירה קפוא ללא עור,בין דין פישרי ויאטנם,IL,סטייק דג טונה בהירה,קילוגרמים,1.00,"ק""ג",true,,44.90,44.9000,true,1,5821208
7290002281498,false,גבינה צהובה מגורדת על בסיס חלב 500 ג' ריץ,האי נאם סי או אל.טי.,PL,ריץ' מגורדת 500 ג,גרמים,500.00,100 גרם,false,,17.90,0.0358,true,1,6237631
7290002298038,false,צלעות בקר טרי מחפוד,,,צלעות בקר טרי מחפוד,קילוגרמים,1.00,"ק""ג",true,,69.90,69.9000,true,1,1598608
7290002298281,false,אסאדו עם עצם מחפוד,,,אסאדו עם עצם מחפוד,קילוגרמים,1.00,"ק""ג",true,,69.90,69.9000,true,1,6929006
7290002298571,false,אוסובוקו עם עצם פרוס,,,אוסובוקו עם עצם פרוס,קילוגרמים,1.00,"ק""ג",true,,66.90,66.9000,true,1,3773767
7290002331018,false,"נביעות מים עם פקק ספורט 500מ""ל",נביעות טבע הגליל בעמ,IL,מים מינרלים נביעות 5,מיליליטרים,500.00,"100 מ""ל",false,,3.00,0.0060,true,1,1013263
7290002331025,false,"מים מינרלים נביעות ספורט 500 מ""ל פקדון",נביעות טבע הגליל בעמ,IL,מים מינרלים נביעות ס,מיליליטרים,500.00,"100 מ""ל",false,,3.30,0.0066,true,1,1013264
7290002331360,false,"נביעות מים מינרליים טו גו מארז 500X6מ""ל",קריות זול,IL,מים מינרלים נביעות 6,ליטרים,3.00,ליטר,false,,14.70,4.9000,true,1,1013275
7290002331421,false,"מים אישי נביעות מארז שישייה* 755 מ""ל",קריות זול,IL,מים מינרלים נביעות 6,ליטרים,4.53,ליטר,false,,16.90,3.7307,true,1,1013276
7290002331490,false,מים מינרליים נביעות 1 ליטר,נביעות טבע הגליל בעמ,IL,מים מינרליים נביעות,ליטרים,1.00,ליטר,false,,2.90,2.9000,true,1,1069962
7290002333104,false,בורגול אורגני 500 גרם - הרדוף,אול אורגני,IL,הרדוף בורגול אורגנית,גרמים,500.00,100 גרם,false,,7.90,0.0158,true,1,1013649
7290002333463,false,שעועית מש אורגני הרדוף 500 גרם,אול אורגני,IL,שעועית מש אורגני הרד,גרמים,500.00,100 גרם,false,,14.50,0.0290,true,1,1013653
7290002333500,false,עדשים אדומות אורגני 500 גרם - הרדוף,אול אורגני,IL,עדשים אדומות אורגני 500 ג,גרמים,500.00,100 גרם,false,,11.90,0.0238,true,1,1013654
7290002333999,false,גרעיני חמניות קלופים אורגני הרדוף 300 גרם,אול אורגני,IL,גרעיני חמניות קלופים,גרמים,300.00,100 גרם,false,,10.90,0.0363,true,1,1013666
7290002341420,false,שריר הזרוע8 סופר ביף,,,שריר צרכני בקר קפוא,קילוגרמים,1.00,"ק""ג",true,,36.90,36.9000,true,1,1882250
7290002345022,false,אנטריקוט דק דק אל גאצ'ו 250ג' מינוט,"טיבון ויל אחזקות בע""",IL,אנטריקוט דקדק 250 גר,גרמים,250.00,100 גרם,false,,15.90,0.0636,true,1,6280885
7290002345060,false,גבינת מאסדם הולנדי ב,ונדסטאר,NL,מאסדם הולנדי,קילוגרמים,1.00,"ק""ג",true,,75.00,75.0000,true,1,4639285
7290002345077,false,שניצל בקר מינוט אל גאוצ'ו קפוא 250 גר,טיבון ויל,IL,שניצל בקר דקדק קפוא,גרמים,250.00,100 גרם,false,,14.90,0.0596,true,1,4755099
7290002345121,false,אסאדו דקדק אל גאוצ'ו 250 גרם,טיבון ויל - נטו,IL,אסאדו דקדק 250 גר,גרמים,250.00,100 גרם,false,,24.90,0.0996,true,1,6764479
7290002345152,false,לימון כבוש 250 גרם רמי לוי,,,לימון כבוש 250 גרם ר,גרמים,250.00,100 גרם,false,,12.90,0.0516,true,1,4204297
7290002345169,false,סחוג ירוק 250גר רמי לוי,,,סחוג ירוק 250גר רמי,גרמים,250.00,100 גרם,false,,12.90,0.0516,true,1,4126772
7290002345176,false,סחוג אדום 250 גר רמי לוי,,,סחוג אדום 250 גר רמי,גרמים,250.00,100 גרם,false,,12.90,0.0516,true,1,4011408
7290002345183,false,אריסה מתוקה 250 גר רמי לוי,,,אריסה מתוקה 250 גר ר,גרמים,250.00,100 גרם,false,,12.90,0.0516,true,1,4011409
7290002345190,false,אריסה חריפה 250 גר רמי לוי,,,אריסה חריפה 250 גר ר,גרמים,250.00,100 גרם,false,,12.90,0.0516,true,1,4011428
7290002345206,false,שום כתוש 250 גר רמי לוי,,,שום כתוש 250 גר רמי,גרמים,250.00,100 גרם,false,,12.90,0.0516,true,1,4011429
7290002345213,false,פלפל צומה 250 גרם רמי לוי,,,פלפל צומה 250 גרם רמ,גרמים,250.00,100 גרם,false,,12.90,0.0516,true,1,4204562
7290002345220,false,עמבה 250 גר רמי לוי,,,עמבה 250 גר רמי לוי,גרמים,250.00,100 גרם,false,,12.90,0.0516,true,1,4011430
7290002345275,false,פילה דג סלמון מעושן 100 גר,,,פילה דג סלמון מעושן,גרמים,100.00,100 גרם,false,,17.90,0.1790,true,1,4282052
7290002345435,false,פילה דג מרלוזה ארגנטינאי,לואוס סולימנו,AR,פילה מרלוזה ארגנטינא,קילוגרמים,1.00,"ק""ג",true,,26.90,26.9000,true,1,4602959
7290002349044,false,ספוג הקסם שלישייה-רמ,,,ספוג הקסם WOW רמילוי,יח',1.00,יח',false,,8.90,8.9000,true,1,6680415
7290002349204,false,ספוג רצועות לגב,,,ספוג רצועות לגב,יח',1.00,יח',false,,11.90,11.9000,true,1,6794687
7290002349211,false,כרית יפנית 4 יח רמי לוי,,,כרית יפנית 4 יח רמי,יח',1.00,יח',false,,8.30,8.3000,true,1,6733649
7290002349228,false,ספוג פלא עם שכבה ירוקה רמי לוי,,,ספוג פלא עם שכבה ירו,יח',1.00,יח',false,,8.30,8.3000,true,1,6729609
7290002349235,false,זוג מטליות אנטיבקטריאלי רמילוי,,,זוג מטליות אנטיבקטרי,יח',1.00,יח',false,,6.90,6.9000,true,1,6738200
7290002349297,false,מטליות מיקרופייבר 5 יחידות,,,מטליות מיקרופייבר 5,יח',1.00,יח',false,,4.90,4.9000,true,1,6775306
7290002349327,false,מטלית מיקרופייבר אידאלית לרצפה,,,מטלית מיקרופייבר איד,יח',1.00,יח',false,,9.80,9.8000,true,1,6798928
7290002349334,false,מטלית פרימיום לניקוי כללי,,,מטלית פרימיום לניקוי,יח',1.00,יח',false,,11.90,11.9000,true,1,6805181
7290002349549,false,GOOD PHARM - מטליות מיקרופייבר עם ספוג,,,מטליות מיקרופייבר לנ,יח',1.00,יח',false,,14.90,14.9000,true,1,6819455
7290002349587,false,כרית קרצוף נירוסטה רמילוי,,,כרית קרצוף נירוסטה ר,יח',1.00,יח',false,,7.90,7.9000,true,1,6836899
7290002349907,false,מטלית רצפה מיקרופייבר,,,מטלית רצפה מיקרופייב,יח',1.00,יח',false,,8.90,8.9000,true,1,6880595
7290002353836,false,סרדינים רוברט בשמן זית 115 גרם,קונסרבס פורטוגל נורט,PT,סרדינים בשמן זית רוב,גרמים,125.00,100 גרם,false,,7.90,0.0632,true,1,1024952
7290002360124,false,חליטת צמחים ורד הבר והיביסקוס פומפדור 20 יחידות,TEEKANNE- POMPADOU,DE,חליטת צמחים ורד הבר,גרמים,30.00,100 גרם,false,,11.90,0.3967,true,1,1017844
7290002360155,false,חליטת תה פרחי שומר פומפדור 20 שקיקים,TEEKANNE- POMPADOU,DE,חליטת שומר פומפדור 2,גרמים,40.00,100 גרם,false,,11.90,0.2975,true,1,1017845
7290002360278,false,חליטת תה מנטה פומפדור 20 שקיקים,"איטיליאן פוד, אס.פי.",DE,חליטת מנטה פומפדור 2,גרמים,45.00,100 גרם,false,,11.90,0.2644,true,1,1017848
7290002360285,false,תה פומפדור חליטת צמחים קמומיל 20 שק,TEEKANNE- POMPADOU,DE,חליטת קמומיל פומפדור,גרמים,30.00,100 גרם,false,,11.90,0.3967,true,1,1017849
7290002370017,false,גבינת גאודה בזיליקום,רובין הולנד,NL,גאודה בזיליקום שום 3,קילוגרמים,1.00,"ק""ג",true,,99.00,99.0000,true,1,2737295
7290002370475,false,גבינת דנהבלו בשלה עם,קסרייס,ES,*מבצע* גבינה דנבלו,קילוגרמים,1.00,"ק""ג",true,,55.00,55.0000,true,1,6705692
7290002370512,false,גבינת פרמז'ן שקיל שמ,,,גבינת פרמז'ן קשה 27%,קילוגרמים,1.00,"ק""ג",true,,97.00,97.0000,true,1,6736263
7290002370598,false,גבינת גאודה בגלגל הו,,,גבינת גאודה בגלגל הו,קילוגרמים,1.00,"ק""ג",true,,67.00,67.0000,true,1,6760971
7290002370604,false,גבינת עיזים חלב ישרא,,,גבינת עיזים חצי קשה,קילוגרמים,1.00,"ק""ג",true,,98.00,98.0000,true,1,6760972
7290002370611,false,גבינת עיזים רכה שקיל,,,גבינת עיזים רכה שקיל,קילוגרמים,1.00,"ק""ג",true,,98.00,98.0000,true,1,6760973
7290002370628,false,רמי לוי - גבינת קשקב,,,גבינת חצי קשה קשקבל,קילוגרמים,1.00,"ק""ג",true,,69.00,69.0000,true,1,6760974
7290002370642,false,גבינת ברי צרפתית שקי,,,גבינת ברי צרפתית שקי,קילוגרמים,1.00,"ק""ג",true,,89.00,89.0000,true,1,6761890
7290002370802,false,גבינת עיזים בלוק רמי,,,גבינת עיזים בלוק רמי,קילוגרמים,1.00,"ק""ג",true,,100.00,100.0000,true,1,6824573
7290002370864,false,גבינת מנצ'גו גלגל רמ,,,גבינת מנצ'גו גלגל רמ,קילוגרמים,1.00,"ק""ג",true,,100.00,100.0000,true,1,6824578
7290002370895,false,גבינת קממבר רמילוי מ,,,גבינת קממבר רמילוי מ,קילוגרמים,1.00,"ק""ג",true,,100.00,100.0000,true,1,6824580
7290002370925,false,גבינת גאודה ועשבי תי,רובין הולנד,NL,*מבצע* גבינת גאודה ו,קילוגרמים,1.00,"ק""ג",true,,80.00,80.0000,true,1,6835149
7290002370994,false,גבינת גאודה עם פטריות כמהין שקיל,רובין הולנד,NL,*מבצע* גבינת גאודה פ,קילוגרמים,1.00,"ק""ג",true,,110.00,110.0000,true,1,6838146
7290002371526,false,"דקניקים, סלסולי פסטרמה שום וצי'לי פיקנטי 120 גרם",הנסיך- מפעל לייצור ט,IL,סלסולי פסטרמה שום וצ,גרמים,120.00,100 גרם,false,,14.90,0.1242,true,1,1015488
7290002371533,false,דקניקים סלסולי פסטרמה בדבש 120 ג' טירת צבי,הנסיך- מפעל לייצור ט,IL,סלסולי פסטרמה דבש,גרמים,120.00,100 גרם,false,,13.90,0.1158,true,1,1015489
7290002371540,false,דקניקים קורנדביף 120 ג' טירת צבי,הנסיך- מפעל לייצור ט,IL,קורנדביף 120 גר,גרמים,120.00,100 גרם,false,,13.90,0.1158,true,1,1015490
7290002371854,false,"נקניקיות עוף מתובלות 1 ק""ג טירת צבי",הנסיך- מפעל לייצור ט,IL,נקניקיות עוף חריפות,100 לקג,1.00,100 לקג,false,,22.90,22.9000,true,1,1015492
7290002371939,false,סרוולד בסגנון צרפתי דליקטיב 120 גרם,הנסיך- מפעל לייצור ט,IL,סרוולד צרפתי מ.ק. 12,גרמים,120.00,100 גרם,false,,23.90,0.1992,true,1,1015493
7290002374640,false,שמן קנולה פלוס אומגה 3 1 ליטר עץ הזית,שמן תעשיות,IL,שמן קנולה פלוס אומגה,ליטרים,1.00,ליטר,false,,16.50,16.5000,true,1,1125071
7290002395409,false,גבינה צהובה 28% נועם,החברה המרכזית,,ג. צהובה 28% נעם,קילוגרמים,1.00,"ק""ג",true,,44.70,44.7000,true,1,1012574
7290002395416,false,גבינה צהובה נעם 9%,החברה המרכזית,,ג. צהובה 9% נעם,קילוגרמים,1.00,"ק""ג",true,,71.00,71.0000,true,1,1012575
7290002395423,false,גבינה צהובה 22% נועם,החברה המרכזית,,ג.צהובה 22% נעם,קילוגרמים,1.00,"ק""ג",true,,42.50,42.5000,true,1,1012576
7290002402855,false,נקניקיות קוקטיל מחפוד 400 גר',עוף ירושלים מהדרין,,נקניקיות קוקטייל 400,גרמים,400.00,100 גרם,false,,9.90,0.0248,true,1,1032737
7290002402978,false,צוואר כבש לתנור ארוז קפוא מחפוד,,,צוואר כבש לתנור קפוא,קילוגרמים,1.00,"ק""ג",true,,71.90,71.9000,true,1,5835625
7290002404576,false,"יין מוריה לייט 750 מ""ל",יקבי ארזה,,"מוריה לייט 750 מ""ל",מיליליטרים,750.00,"100 מ""ל",false,,16.20,0.0216,true,1,1037301
7290002404583,false,"היוצר בראשית קברנה 750 מ""ל ^^^",יקבי ארזה,IL,"קברנה 750 מנ""ל",מיליליטרים,750.00,"100 מ""ל",false,,34.90,0.0465,true,1,1252939
7290002404590,false,"יין מרלו הראשית 750 מ""ל היוצר",יקבי ארזה,IL,היוצר בראשית מרלו,מיליליטרים,750.00,"100 מ""ל",false,,34.90,0.0465,true,1,1252940
7290002404613,false,"יין וירטואוז קברנה 750 מ""ל היוצר",יקבי ארזה,IL,היוצר וירטואוזו קברנ,מיליליטרים,750.00,"100 מ""ל",false,,44.90,0.0599,true,1,1252942
7290002404620,false,"יין היוצר וירטואוזו מרלו 750 מ""ל",יקבי ארזה,IL,היוצר וירטואוזו מרלו,מיליליטרים,750.00,"100 מ""ל",false,,44.90,0.0599,true,1,1252943
7290002404712,false,"יין היוצר סוביניון בלאן 750 מ""ל",יקבי ארזה,,היוצר בראשית סוביניו,מיליליטרים,750.00,"100 מ""ל",false,,36.90,0.0492,true,1,1285417
7290002404828,false,מיץ ענבים תירוש יקב ארזה 1 ליטר,יקבי ארזה,IL,מיץ ענבים תירוש יקב,ליטרים,1.00,ליטר,false,,15.90,15.9000,true,1,1037303
7290002404958,false,גנוסר יין אדום מתוק יקב ארזה 1 ליטר,יקבי ארזה,IL,גנוסר יין אדום מתוק,ליטרים,1.00,ליטר,false,,14.90,14.9000,true,1,1037309
7290002404965,false,"מוריה יין אדום מתוק יקב ארזה 750 מ""ל",יקבי ארזה,,מוריה יין אדום מתוק,מיליליטרים,750.00,"100 מ""ל",false,,16.20,0.0216,true,1,1037310
7290002410072,false,"חמסי בצק עלים 1 ק""ג",מעדני הטלה,IL,"חמסי בצק עלים 1 ק""ג",גרמים,1000.00,100 גרם,false,,15.90,0.0159,true,1,3513172
7290002420927,false,נקניקיות קראנץ 1קג ר,,,נקניקיות קראנץ 1קג ר,100 קילו,1.00,100 קילו,false,,26.90,26.9000,true,1,3730325
7290002420934,false,נקניקיות עוף 400 גרם,,,נקניקיות עוף 400 גר,גרמים,400.00,100 גרם,false,,10.90,0.0273,true,1,3730326
7290002439981,false,קלאסיקו קבב בקר אל גאוצ'ו,"טיבון ויל אחזקות בע""",IL,קלאסיקו קבב בקר אל ג,גרמים,400.00,100 גרם,false,,23.90,0.0597,true,1,1199225
7290002439998,false,קלאסיקו קבב בקר וכבש,טיבון ויל - נטו,IL,קלאסיקו קבב בקר כבש,גרמים,400.00,100 גרם,false,,23.90,0.0597,true,1,1199226
7290002448853,false,פרמיו חטיף לבבות לכלב,פרמיו Premio,,חטיף לבבות לכלב 100ג,יח',1.00,יח',false,,14.90,14.9000,true,1,6528789
7290002453383,false,מרגז טלה קצביית פרימ,קצביית פרימיום,IL,מרגז טלה 500 גר,גרמים,500.00,100 גרם,false,,24.90,0.0498,true,1,6797088
7290002453512,false,קבב קציצות ישראלי 80,זהר בשר,,קבב ביתי 800גר,גרמים,800.00,100 גרם,false,,29.90,0.0374,true,1,1014120
7290002453529,false,המבורגר אנטריקוט 400 ג',קצביית פרימיום,IL,אנטריקוט בורגר 400גר,גרמים,400.00,100 גרם,false,,21.80,0.0545,true,1,6797035
7290002453697,false,קבב אנטריקוט קצבים עם שומן כבש 400 גרם,קצביית פרימיום,IL,קבב אנטריקוט קצבים ע,גרמים,400.00,100 גרם,false,,21.80,0.0545,true,1,6797036
7290002453802,false,קבב אסלי בוואקום קפו,קצביית פרימיום,IL,קבב אסא וואקום,קילוגרמים,1.00,"ק""ג",true,,29.90,29.9000,true,1,1014121
7290002487364,false,שלושת האופים ב. פילו גבינה זיתים 700 גר לנדא,שלושת האופים שגמור,IL,בורקס פילו גבינה זית,גרמים,700.00,100 גרם,false,,17.90,0.0256,true,1,1024953
7290002488057,false,"תמר מגהול פרימיום 2 ק""",,,תמר מגהול פרימיום 2,יח',1.00,יח',false,,44.90,44.9000,true,1,6705615
7290002507024,false,"אסאדו טרי נברסקה ע""",,,"אסאדו טרי נברסקה ע""",קילוגרמים,1.00,"ק""ג",true,,69.90,69.9000,true,1,6926458
7290002507109,false,צלי כתף 5 טרי נברסקה,,,צלי כתף 5 טרי נברסקה,קילוגרמים,1.00,"ק""ג",true,,94.90,94.9000,true,1,6766504
7290002507116,false,פילה מדומה טרי נברסק,,,פילה מדומה 6 טרי נבר,קילוגרמים,1.00,"ק""ג",true,,89.90,89.9000,true,1,6766505
7290002507277,false,קציצות דג דלידג 700 גרם,אף.סי תבליני בגליל ב,IL,קציצות דג דלידג 700,גרמים,700.00,100 גרם,false,,24.90,0.0356,true,1,3658871
7290002507383,false,גבינה בולגרית 5% במש,גבינות בכר,IL,בולגרית 5% שקיל,קילוגרמים,1.00,"ק""ג",true,,74.00,74.0000,true,1,3048244
7290002507451,false,קציצות דג סלמון דלידג 750 גר',דלידג,IL,קציצות דג סלמון 750,גרמים,750.00,100 גרם,false,,24.90,0.0332,true,1,3301986
7290002507536,false,"כתף עגל חלב ע""ע",,,"כתף עגל חלב ע""ע",קילוגרמים,1.00,"ק""ג",true,,59.90,59.9000,true,1,6685728
7290002507550,false,"חזה עגל חלב ע""ע",,,"חזה עגל חלב ע""ע",קילוגרמים,1.00,"ק""ג",true,,49.90,49.9000,true,1,6685730
7290002507604,false,פיצת השף מאיטליה 320 גר',האי נאם סי או אל.טי.,IT,פיצת השף שגב 320 ג,גרמים,320.00,100 גרם,false,,15.80,0.0494,true,1,3189880
7290002511137,false,מעדניה - פטה עיזים,מחלבת המושבה,IL,פטה עיזים 18%,קילוגרמים,1.00,"ק""ג",true,,99.00,99.0000,true,1,1253843
7290002511212,false,גבינה עירקית מושבה,מחלבת המושבה,IL,צפתית עירקית 25%,קילוגרמים,1.00,"ק""ג",true,,65.00,65.0000,true,1,1253844
7290002511243,false,מעדניה-בולגרית מסורת,"מחלבת המושבה בע""מ",IL,בולגרית מסורתית 16%,קילוגרמים,1.00,"ק""ג",true,,43.00,43.0000,true,1,1253820
7290002511250,false,שמנת 30% שום שמיר המ,"מחלבת המושבה בע""מ",IL,שמנת שום שמיר 30%,קילוגרמים,1.00,"ק""ג",true,,38.00,38.0000,true,1,1253821
7290002511267,false,שמנת 30% פיקנטי המוש,"מחלבת המושבה בע""מ",IL,שמנת בטעם פסטו,קילוגרמים,1.00,"ק""ג",true,,38.00,38.0000,true,1,1253822
7290002511274,false,שמנת 30% זיתים המושב,"מחלבת המושבה בע""מ",IL,שמנת זיתים 30%,קילוגרמים,1.00,"ק""ג",true,,38.00,38.0000,true,1,1253823
7290002511281,false,המושבה גבינת ברינזה,"מחלבת המושבה בע""מ",IL,ברינזה צאן 16%,קילוגרמים,1.00,"ק""ג",true,,67.00,67.0000,true,1,1253845
7290002511311,false,גבינת פיקורינו כבשים,,,גבינת פיקורינו כבשים,קילוגרמים,1.00,"ק""ג",true,,120.00,120.0000,true,1,5489403
7290002511335,false,גבינת תום כבשים מעדנ,מחלבת המושבה,IL,גבינת תום כבשים מעדנ,קילוגרמים,1.00,"ק""ג",true,,120.00,120.0000,true,1,5489405
7290002511397,false,גבינת ברי בקר במשקל,,,ברי בקר המושבה,קילוגרמים,1.00,"ק""ג",true,,79.00,79.0000,true,1,3897752
7290002511403,false,משקה קפיר המושבה 2 ל,מחלבת המושבה,,משקה קפיר 2 ליטר,ליטרים,2.00,ליטר,false,,19.90,9.9500,true,1,1428289
7290002511427,false,אצבעות שוקולד וניל מ,"מחלבת המושבה בע""מ",IL,אצבעות שוקולד וניל,קילוגרמים,1.00,"ק""ג",true,,54.00,54.0000,true,1,1253846
7290002511670,false,גבינת צ'דר המושבה מע,,,גבינת צ'דר המושבה מע,קילוגרמים,1.00,"ק""ג",true,,87.00,87.0000,true,1,3417174
7290002511762,false,ברי פקאן במשקל,,IL,ברי פקאן,קילוגרמים,1.00,"ק""ג",true,,79.00,79.0000,true,1,6686118
7290002512004,false,מלוואח צנעני 900 גרם,צנעני מוצרי בצק,IL,מלווח צנעני 900 ג,גרמים,900.00,100 גרם,false,,19.90,0.0221,true,1,1047610
7290002512011,false,צנעני גחנון 900 גרם,צנעני מוצרי בצק,IL,גחנון צנעני 900 ג,גרמים,900.00,100 גרם,false,,19.90,0.0221,true,1,1047611
7290002512066,false,גחנון אפוי צנעני 600 גרם,YOAL,IL,ג'חנון אפוי 650גר צנ,גרמים,650.00,100 גרם,false,,19.90,0.0306,true,1,6773058
7290002512264,false,צנעני גחנון מופחת שומן רווי 700 גר',צנעני,IL,גחנון מופחת שומן 700,גרמים,700.00,100 גרם,false,,17.90,0.0256,true,1,2610334
7290002515333,false,"ד""ר פישר - קמיל בלו סנסיטיב אל סבון עדין לתינוק 500 מ""ל","ד""ר פישר Dr fischer",IL,קמיל בלו סנסיטיב אל סבון,מיליליטרים,500.00,"100 מ""ל",false,,17.90,0.0358,true,1,1044663
7290002515364,false,"קמיל בלו אל סבון לתינוק קלאסיק ד""ר פישר 500 מ""ל",פישר מעבדות פרמצבטיו,IL,קמיל בלו קלאסיק 500 משאבה,מיליליטרים,500.00,"100 מ""ל",false,,15.90,0.0318,true,1,1044664
7290002515371,false,"קמיל בלו אל סבון לתינוקות ד""ר פישר 1 ליטר",הדקלאים אגודת שיתופי,IL,קמיל בלו קלאסיק ליטר,ליטרים,1.00,ליטר,false,,25.50,25.5000,true,1,1044665
7290002519258,false,עצמות בקר,,,עצמות בקר,קילוגרמים,1.00,"ק""ג",true,,29.90,29.9000,true,1,6767417
7290002519560,false,אוסובוקו מחפוד,,,אוסובוקו מחפוד,קילוגרמים,1.00,"ק""ג",true,,64.90,64.9000,true,1,6632729
7290002543046,false,קלוגס פרוסטיס דגנים וסוכר 750ג',קלוג מנייופרטורינג א,ES,קלוגס פרוסטיס 750 ג',גרמים,750.00,100 גרם,false,,14.90,0.0199,true,1,1017856
7290002543237,false,דגני בוקר קלוגס קורנפלקס 750 גרם,קלוגס קומפני אוף גרי,DE,קלוגס קורנפלקס 750 ג',גרמים,750.00,100 גרם,false,,13.90,0.0185,true,1,1028392
7290002552260,false,"קרחון טעם משמש לל""ס ריאו מארז 90X8ג'","גלידות ריאו ביח""ר לג",IL,מאגדת-שמיניות קרחוני,יח',1.00,יח',false,,14.50,14.5000,true,1,1033663
7290002552499,false,מאגדת שלגוני שרבט פרווה תות מנגו 8 יח' ריאו,"גלידות ריאו ביח""ר לג",IL,מאגדת שמיניות שלגוני,יח',1.00,יח',false,,14.50,14.5000,true,1,1033668
7290002596448,false,חזה בקר כבוש קורנדבי,מעדני הטלה,IL,חזה בקר כבוש קורנדבי,קילוגרמים,1.00,"ק""ג",true,,35.90,35.9000,true,1,1906385
7290002596455,false,מעדני הטלה המבורגר 2,,,"המבורגר שקית 2 ק""ג",גרמים,2000.00,100 גרם,false,,54.90,0.0274,true,1,3513176
7290002596523,false,סטייק אנטריקוט משובח,לאטי עזרא גלם ודגים,IL,סטייק אנטריקוט משובח,קילוגרמים,1.00,"ק""ג",true,,78.90,78.9000,true,1,3513166
7290002603030,false,סטייק עם עצם טרי נבר,,,"סטייק נברסקה ע""ע טר",קילוגרמים,1.00,"ק""ג",true,,140.00,140.0000,true,1,6760464
7290002603252,false,חזה בקר טרי נברסקה,,,חזה בקר טרי נברסקה,קילוגרמים,1.00,"ק""ג",true,,78.90,78.9000,true,1,6766508
7290002603474,false,פיצה רוטב פטריות בטעם כמהין שגב 200 גר,סוילה אס.אר.אל,IT,פיצת השף מאיטליה שגב,גרמים,220.00,100 גרם,false,,12.90,0.0586,true,1,4186336
7290002603535,false,בסגנון פטה רמי לוי,,,בסגנון פטה רמי לוי,קילוגרמים,1.00,"ק""ג",true,,30.00,30.0000,true,1,5390370
7290002603764,false,כיסוני תפוא 600 גר רמי לוי,,,כיסוני תפוא 600 גר ר,גרמים,600.00,100 גרם,false,,9.90,0.0165,true,1,4011514
7290002603771,false,פלמני כיסוני בשר 600 גר רמי לוי,,,פלמני כיסוני בשר 600,גרמים,600.00,100 גרם,false,,9.90,0.0165,true,1,4011515
7290002603788,false,קובה חמוסטה 600 גר רמי לוי,,,קובה חמוסטה 600 גר ר,גרמים,600.00,100 גרם,false,,9.90,0.0165,true,1,4011516
7290002603801,false,קובה למרק 600 גר רמי לוי,,,קובה למרק 600 גר רמי,גרמים,600.00,100 גרם,false,,9.90,0.0165,true,1,4011517
7290002603863,false,אמפנדס בשר 600 גר רמי לוי,,,אמפנדס בשר 600 גר רמ,גרמים,600.00,100 גרם,false,,9.90,0.0165,true,1,4011523
7290002603887,false,קובה מטוגן 600 גר רמי לוי,,,קובה מטוגן 600 גר רמ,גרמים,600.00,100 גרם,false,,9.90,0.0165,true,1,4011525
7290002603900,false,פלאפל 500 גר רמי לוי,,,פלאפל 500 גר רמי לוי,גרמים,600.00,100 גרם,false,,9.90,0.0165,true,1,4011491
7290002603917,false,מאפה עלים למילוי 500 גר רמי לוי,,,מאפה עלים למילוי 500,גרמים,500.00,100 גרם,false,,9.90,0.0198,true,1,4011492
7290002603931,false,מאפה פסטל בשר 600 גר רמי לוי,,,מאפה פסטל בשר 600 גר,גרמים,600.00,100 גרם,false,,9.90,0.0165,true,1,4011494
7290002603948,false,"מאפה פסטל תפו""א 600 גר רמי לוי",,,"מאפה פסטל תפו""א 600",גרמים,600.00,100 גרם,false,,9.90,0.0165,true,1,4011495
7290002603955,false,מאפה סיגר בשר 600 גר רמי לוי,,,מאפה סיגר בשר 600 גר,גרמים,600.00,100 גרם,false,,9.90,0.0165,true,1,4011470
7290002603962,false,"מאפה סיגר תפו""א 600 גר רמי לוי",,,"מאפה סיגר תפו""א 600",גרמים,600.00,100 גרם,false,,9.90,0.0165,true,1,4011471
7290002603979,false,פיצה איטלקית 320גר רמי לוי,,,פיצה איטלקית 320גר ר,גרמים,350.00,100 גרם,false,,11.90,0.0340,true,1,4011526
7290002603986,false,פיצה מרגריטה זוג 640 גרם רמי לוי,,,פיצה מרגריטה זוג 640,גרמים,640.00,100 גרם,false,,20.90,0.0327,true,1,4153142
7290002603993,false,פיצה מרגריטה זיתים 340 גר רמי לוי,,,פיצה מרגריטה זיתים 3,גרמים,350.00,100 גרם,false,,12.90,0.0369,true,1,4011546
7290002608370,false,לחמניית בגט (רבע בגט,,,רבע באגט,יח',1.00,יח',false,,1.80,1.8000,true,1,2928461
7290002608417,false,חצי בגט,,,חצי בגט,יח',1.00,יח',false,,3.20,3.2000,true,1,2928425
7290002608493,false,רוגלים שוקולד חלבה ח,,,רוגלים שוקולד חלבה ח,קילוגרמים,1.00,"ק""ג",true,,47.00,47.0000,true,1,6294355
7290002608509,false,לחם מחמצת זיתי קלמנט,,,לחם מחמצת זיתי קלמטה,גרמים,530.00,100 גרם,false,,16.90,0.0319,true,1,4446329
7290002608578,false,מקל פילו קרם פטיסייר,,,מקל פילו קרם פטיסייר,קילוגרמים,1.00,"ק""ג",true,,47.00,47.0000,true,1,4734512
7290002608608,false,מארז 10 לחמניות,,,מארז 10 לחמניות,יח',1.00,יח',false,,13.00,13.0000,true,1,6794476
7290002608769,false,לחם מחמצת טוסקני דגנ,פילסברי,,לחם מחמצת טוסקני דגנ,יח',1.00,יח',false,,16.90,16.9000,true,1,4446333
7290002608899,false,עוגיות מנגלך טעם שוק,פילסברי,IL,מארז מינגלך שוקולד,יח',1.00,יח',false,,19.90,19.9000,true,1,6837596
7290002610175,false,כרעיים עוף קפוא ארוז חתם סופר,,,כרעיים עוף ארוז קפוא,קילוגרמים,1.00,"ק""ג",true,,25.90,25.9000,true,1,3922567
7290002610182,false,חזה עוף קפוא ארוז חתם סופר,,,חזה עוף ארוז קפוא חת,קילוגרמים,1.00,"ק""ג",true,,28.90,28.9000,true,1,3922568
7290002610199,false,כנפיים עוף קפוא ארוז חתם סופר,,,כנפיים עוף ארוז קפוא,קילוגרמים,1.00,"ק""ג",true,,8.90,8.9000,true,1,3922569
7290002610205,false,שוקיים עוף קפוא ארוז חתם סופר,,,שוקיים עוף ארוז קפוא,קילוגרמים,1.00,"ק""ג",true,,26.90,26.9000,true,1,3922570
7290002610212,false,ירכיים עוף קפוא ארוז חתם סופר,,,ירכיים עוף ארוז קפוא,קילוגרמים,1.00,"ק""ג",true,,27.90,27.9000,true,1,3922571
7290002610229,false,פרגיות עוף קפוא ארוז חתם סופר,,,פרגיות עוף ארוז קפוא,קילוגרמים,1.00,"ק""ג",true,,61.90,61.9000,true,1,3922601
7290002610236,false,שניצל עוף פרוס ארוז קפוא חתם סופר,,,שניצל עוף פרוס ארוז,קילוגרמים,1.00,"ק""ג",true,,29.90,29.9000,true,1,3922602
7290002610243,false,סטייק פרגיות עוף ארו,,,סטייק פרגיות עוף ארו,קילוגרמים,1.00,"ק""ג",true,,51.90,51.9000,true,1,3922603
7290002610250,false,כבד עוף ארוז קפוא חת,,,כבד עוף ארוז קפוא חת,קילוגרמים,1.00,"ק""ג",true,,17.90,17.9000,true,1,3922604
7290002610267,false,לבבות עוף קפוא ארוז חתם סופר,,,לבבות עוף ארוז קפוא,קילוגרמים,1.00,"ק""ג",true,,25.90,25.9000,true,1,3922605
7290002610717,false,כרעיים עוף טרי ארוז,,,כרעיים עוף טרי ארוז,קילוגרמים,1.00,"ק""ג",true,,24.90,24.9000,true,1,5595021
7290002610748,false,שוקיים עוף טרי ארוז,,,שוקיים עוף טרי ארוז,קילוגרמים,1.00,"ק""ג",true,,27.90,27.9000,true,1,5595024
7290002610830,false,שיפודי פרגית קפוא במ,טיבון ויל,IL,שיפודי פרגיות ארוז,קילוגרמים,1.00,"ק""ג",true,,61.90,61.9000,true,1,5742692
7290002618485,false,שניצל דג שומשום 700 ג,קניה חכמה,,שניצל דג שומשום 700,גרמים,700.00,100 גרם,false,,29.90,0.0427,true,1,1183792
7290002623007,false,גבינת אמנטל 28%,פרומגרי ליס דהור אוב,FR,גבינה אמנטל 29%,קילוגרמים,1.00,"ק""ג",true,,159.00,159.0000,true,1,1038788
7290002623250,false,ארצנו אמנטל מעדנייה,פרומגרי ליס דהור אוב,FR,ארצנו אמנטל מעדנייה,קילוגרמים,1.00,"ק""ג",true,,159.00,159.0000,true,1,1038791
7290002623311,false,גבינת ברי 25%,פרומגרי גילו,FR,ברי מעדנייה,קילוגרמים,1.00,"ק""ג",true,,149.00,149.0000,true,1,1038796
7290002623373,false,גבינת עזים ארצינו,קוופרטיב ליאטיאר דה,FR,גבינת עזים ארצינו,קילוגרמים,1.00,"ק""ג",true,,189.00,189.0000,true,1,1038802
7290002623427,false,ג.כחולה עדינה 33%,לקאוי,FR,גבינת בלו עדין,קילוגרמים,1.00,"ק""ג",true,,149.00,149.0000,true,1,1116943
7290002623441,false,גבינת בלו,,,גבינת בלו,קילוגרמים,1.00,"ק""ג",true,,149.00,149.0000,true,1,1116944
7290002627098,false,פיצה ביס 350 גרם שלושת האופים,שלושת האופים,IL,פיצה ביס 350ג שלושת,גרמים,350.00,100 גרם,false,,14.90,0.0426,true,1,6813378
7290002627128,false,פיצה איטלקית פסטו 325 ג,,,פיצה איטלקית פסטו 32,גרמים,325.00,100 גרם,false,,13.90,0.0428,true,1,6610468
7290002627135,false,פיצה איטלקית ד.גבינה 340 ג,,,פיצה איטלקית ד.גבינה,גרמים,340.00,100 גרם,false,,11.90,0.0350,true,1,6610469
7290002627975,false,פיצה עבה,,,פיצה עבה,גרמים,425.00,100 גרם,false,,14.90,0.0351,true,1,6723564
7290002651116,false,גחנון חמסי ארוז 1 קג,מעדני הטלה,IL,"ג'חנון חמסי 1 ק""ג",גרמים,1000.00,100 גרם,false,,15.90,0.0159,true,1,1024089
7290002651123,false,מלאווח חמסי ארוז 1 ק,חמסי,IL,"מלוואח חמסי 1 ק""ג",גרמים,1000.00,100 גרם,false,,15.90,0.0159,true,1,1024090
7290002651253,false,חמסי גחנון אפוי 6 יח,מעדני הטלה,IL,גחנון אפוי 600 גרם,גרמים,600.00,100 גרם,false,,15.80,0.0263,true,1,6894955
7290002661153,false,"לחם דני קל ברמן 1 ק""",מאפית י את א ברמן בע,IL,לחם דני קל 1 קג,גרמים,1.00,100 גרם,false,,15.90,15.9000,true,1,5405801
7290002661214,false,ברמן לחם גליל קל מהדרין 750 גרם,מאפית י את א ברמן בע,IL,לחם גלילי קל 750 גר,גרמים,750.00,100 גרם,false,,11.90,0.0159,true,1,5405803
7290002661283,false,פריכיות כוסמין כשלפ 100גר,,,פריכיות כוסמין כשלפ,גרמים,100.00,100 גרם,false,,6.90,0.0690,true,1,6774396
7290002674221,false,"אקווה פרש משחת שינים משאבה מנטה 100 מ""ל",גלקסו סמית קליין,GB,"אקוה פרש משאבה 100 מ""ל",גרמים,100.00,100 גרם,false,,11.80,0.1180,true,1,1035671
7290002679035,false,נתחי חזה הודו טרי,,,נתחי חזה הודו טרי,קילוגרמים,1.00,"ק""ג",true,,27.90,27.9000,true,1,5506424
7290002679059,false,שוק הודו מפורק טרי,,,שוק הודו מפורק טרי,קילוגרמים,1.00,"ק""ג",true,,43.90,43.9000,true,1,5506426
7290002679066,false,שווארמה הודו נקבה טר,,,שווארמה הודו נקבה טר,קילוגרמים,1.00,"ק""ג",true,,59.90,59.9000,true,1,5506427
7290002679073,false,כנף הודו טרי,,,כנף הודו טרי,קילוגרמים,1.00,"ק""ג",true,,18.90,18.9000,true,1,5506428
7290002679080,false,גרון הודו טרי,,,גרון הודו טרי,קילוגרמים,1.00,"ק""ג",true,,24.90,24.9000,true,1,5506429
7290002679097,false,חזה חצוי הודו טרי,,,חזה חצוי הודו טרי,קילוגרמים,1.00,"ק""ג",true,,29.90,29.9000,true,1,5506430
7290002679714,false,בשר אדום הודו טרי מח,,,בשר אדום הודו טרי מח,קילוגרמים,1.00,"ק""ג",true,,49.90,49.9000,true,1,5617358
7290002679738,false,שווארמה הודו נקבה מח,,,שווארמה הודו נקבה מח,קילוגרמים,1.00,"ק""ג",true,,59.90,59.9000,true,1,5617360
7290002680314,false,עוף טרי,,,עוף טרי,קילוגרמים,1.00,"ק""ג",true,,18.90,18.9000,true,1,5506338
7290002680321,false,כרעיים עוף טרי,,,כרעיים עוף טרי,קילוגרמים,1.00,"ק""ג",true,,24.90,24.9000,true,1,5506339
7290002680338,false,שוקיים עוף טרי,,,שוקיים עוף טרי,קילוגרמים,1.00,"ק""ג",true,,27.90,27.9000,true,1,5506340
7290002680345,false,ירכיים עוף טרי,,,ירכיים עוף טרי,קילוגרמים,1.00,"ק""ג",true,,24.90,24.9000,true,1,5506341
7290002680352,false,שניצל עוף טרי,,,שניצל עוף טרי,קילוגרמים,1.00,"ק""ג",true,,36.90,36.9000,true,1,5506342
7290002680369,false,חזה שלם טרי,,,חזה שלם טרי,קילוגרמים,1.00,"ק""ג",true,,34.90,34.9000,true,1,5506343
7290002680376,false,פילה עוף טרי,,,פילה עוף טרי,קילוגרמים,1.00,"ק""ג",true,,34.90,34.9000,true,1,5506344
7290002680383,false,לב עוף טרי,,,לב עוף טרי,קילוגרמים,1.00,"ק""ג",true,,27.90,27.9000,true,1,5506345
7290002680406,false,כנפיים עוף טרי,הוד חפר,,כנפיים עוף טרי,קילוגרמים,1.00,"ק""ג",true,,9.90,9.9000,true,1,5506507
7290002680413,false,כבד עוף טרי לצלייה ב,,,כבד עוף טרי לצלייה ב,קילוגרמים,1.00,"ק""ג",true,,22.90,22.9000,true,1,5506346
7290002680604,false,שניצל דק דק רמי לוי,,,שניצל דק דק רמי לוי,קילוגרמים,1.00,"ק""ג",true,,39.90,39.9000,true,1,5506453
7290002681021,false,כרעיים מפורק עוף טרי,,,כרעיים מפורק עוף טרי,קילוגרמים,1.00,"ק""ג",true,,49.90,49.9000,true,1,5506348
7290002681120,false,סטייק פרגית פרמיום,,,סטייק פרגית פרמיום,קילוגרמים,1.00,"ק""ג",true,,59.90,59.9000,true,1,5506455
7290002681137,false,שניצל דק דק פרימיום,,,שניצל דק דק פרימיום,קילוגרמים,1.00,"ק""ג",true,,39.90,39.9000,true,1,5506456
7290002681472,false,טחול עוף טרי,,,טחול עוף טרי,קילוגרמים,1.00,"ק""ג",true,,54.90,54.9000,true,1,5506351
7290002681526,false,עוף שלם טרי מחפוד,,,עוף שלם טרי מחפוד,קילוגרמים,1.00,"ק""ג",true,,23.90,23.9000,true,1,5617367
7290002681533,false,חזה טרי מחפוד,,,חזה טרי מחפוד,קילוגרמים,1.00,"ק""ג",true,,29.90,29.9000,true,1,5617368
7290002681540,false,כרעיים טרי מחפוד,,,כרעיים טרי מחפוד,קילוגרמים,1.00,"ק""ג",true,,29.90,29.9000,true,1,5617369
7290002681557,false,ירכיים טרי מחפוד,,,ירכיים טרי מחפוד,קילוגרמים,1.00,"ק""ג",true,,29.90,29.9000,true,1,5617370
7290002681564,false,שוקיים עוף טרי מחפוד,,,שוקיים עוף טרי מחפוד,קילוגרמים,1.00,"ק""ג",true,,33.90,33.9000,true,1,5617371
7290002681571,false,שווארמה עוף טרי מחפו,,,שווארמה עוף טרי מחפו,קילוגרמים,1.00,"ק""ג",true,,69.90,69.9000,true,1,5617372
7290002681595,false,כבד עוף טרי מחפוד,,,כבד עוף טרי מחפוד,קילוגרמים,1.00,"ק""ג",true,,29.90,29.9000,true,1,5617374
7290002681601,false,כנפיים טרי מחפוד,,,כנפיים טרי מחפוד,קילוגרמים,1.00,"ק""ג",true,,12.90,12.9000,true,1,5617392
7290002681625,false,שניצל עוף טרי מחפוד,,,שניצל עוף טרי מחפוד,קילוגרמים,1.00,"ק""ג",true,,34.90,34.9000,true,1,5617394
7290002683711,false,פילה עוף מובחר פרימי,,,פילה עוף מובחר פרימי,קילוגרמים,1.00,"ק""ג",true,,34.90,34.9000,true,1,6733520
7290002683728,false,חזה עוף פרימיום,,,חזה עוף פרימיום,קילוגרמים,1.00,"ק""ג",true,,35.90,35.9000,true,1,6733521
7290002683735,false,כרעיים פרימיום,,,כרעיים פרימיום,קילוגרמים,1.00,"ק""ג",true,,29.90,29.9000,true,1,6733522
7290002683742,false,שוקיים פרימיום,,,שוקיים פרימיום,קילוגרמים,1.00,"ק""ג",true,,29.90,29.9000,true,1,6733523
7290002683759,false,כנפיים פרימיום,,,כנפיים פרימיום,קילוגרמים,1.00,"ק""ג",true,,15.00,15.0000,true,1,6733524
7290002692393,false,שמן קנולה מזוכך מועשר עץ הזית 1 ליטר,שמן תעשיות,IL,שמן קנולה מזוכך מועש,ליטרים,1.00,ליטר,false,,14.80,14.8000,true,1,1025429
7290002692478,false,"שמן זית כתית מעולה קלאסי מעודן 750 מ""ל עץ הזית","מרקאולאו, ספרד.אבסה,",IT,שמן זית כתית מעולה מ,מיליליטרים,750.00,"100 מ""ל",false,,32.80,0.0437,true,1,1025432
7290002692775,false,"תרסיס שמן קנולה בטעם חמאה 200 מ""ל עץ הזית",עץ הזית,IL,תרסיס שמן חמאה עץ הז,מיליליטרים,200.00,"100 מ""ל",false,,15.70,0.0785,true,1,5614454
7290002692782,false,"תרסיס שמן זית עץ הזית כתית ללא גז 148מ""ל",י.ב טכנולוגיות אריזה,IL,תרסיס שמן זית עץ הזי,מיליליטרים,148.00,"100 מ""ל",false,,15.70,0.1061,true,1,1025438
7290002710004,false,ביצים אורגניות מן הטבע 12 יחידות,ביצים מן הטבע,,ביצים אורגניות מן הט,יח',1.00,יח',false,,21.90,21.9000,true,1,1031406
7290002710110,false,מן הטבע ביצי חופש 12יח.,ביצים מן הטבע,,ביצי חופש 12 יח מן ה,יח',1.00,יח',false,,16.90,16.9000,true,1,1190778
7290002715504,false,ארוחת נודלס בטעם עוף מג'יק 70 גרם,טאט הוי פוד בעמ,SG,ארוחת נודלס בטעם עוף,גרמים,70.00,100 גרם,false,,4.50,0.0643,true,1,1024970
7290002715511,false,ארוחת נודלס בטעם בשר מג'יק 70 גרם,טאט הוי פוד בעמ,SG,ארוחת נודלס בטעם בשר,גרמים,70.00,100 גרם,false,,4.50,0.0643,true,1,1024971
7290002715528,false,ארוחת נודלס בטעם ירקות מג'יק 70 גרם,טאט הוי פוד בעמ,SG,ארוחת נודלס בטעם ירק,גרמים,70.00,100 גרם,false,,4.50,0.0643,true,1,1024972
7290002715580,false,ארוחת נודלס בטעם סיני חריף מג'יק 70 גרם,טאט הוי פוד בעמ,SG,ארוחת נודלס בטעם סינ,גרמים,70.00,100 גרם,false,,4.50,0.0643,true,1,1024974
7290002730262,false,"נוזל לניקוי כלים קלאסי פלמוליב 750 מ""ל",יבואן ומשווק: ש. שסט,GR,נוזל לניקוי כלים קלא,מיליליטרים,750.00,"100 מ""ל",false,,11.90,0.0159,true,1,1017861
7290002730521,false,צימרוני אוזניים בלונס בקופסא 200 יח',קריות זול,GR,צמרוני אוזניים בלונס,יח',200.00,יח',false,,5.90,0.0295,true,1,1017865
7290002730675,false,"קולגייט משחת שיניים אדומה משפחתי 100 מ""ל",קולגייט פלמוליב,PL,משחת שיניים קולגייט,מיליליטרים,100.00,"100 מ""ל",false,,10.90,0.1090,true,1,1017868
7290002730811,false,"משחת שיניים ג'ל פסים מרעננים קולגייט 100 מ""ל",הנסיך- מפעל לייצור ט,PL,משחת שיניים ג'ל פסים,100 מל,100.00,100 מל,false,,11.90,0.1190,true,1,1017869
7290002730903,false,פלמוליב סבון מוצק ורדים רביעייה * 125 ג',הנסיך- מפעל לייצור ט,TR,סבון מוצק ורדים פלמו,גרמים,500.00,100 גרם,false,,16.90,0.0338,true,1,1017871
7290002730941,false,צמר גפן פרוס בלונס 100 גרם,הנסיך- מפעל לייצור ט,GR,צמר גפן פרוס בלונס 1,גרמים,100.00,100 גרם,false,,5.90,0.0590,true,1,1017874
7290002730958,false,סבון מוצק בניחוח זיתים ואלוורה פלמוליב 4*100 גרם,הנסיך- מפעל לייצור ט,TR,סבון מוצק בניחוח זית,גרמים,400.00,100 גרם,false,,16.90,0.0422,true,1,1017875
7290002735007,false,"בצק עלים מרודד ינון 1 ק""ג",קפוא-זן,,בצק עלים מרודד ינון,גרמים,1000.00,100 גרם,false,,13.90,0.0139,true,1,1012525
7290002735021,false,ינון גחנון ארוז 750גר,ג'נרל מילס סאן אדריא,IL,ג'חנון ינון 750 גרם,גרמים,750.00,100 גרם,false,,12.90,0.0172,true,1,1012527
7290002735274,false,ג'חנון אפוי ינון 600 גרם,ג'נרל מילס סאן אדריא,IL,ג'חנון אפוי ינון 600,גרמים,600.00,100 גרם,false,,16.50,0.0275,true,1,1012532
7290002735816,false,גחנון רמי לוי 750 גרם,ינון,IL,גחנון רמי לוי 750 גר,גרמים,750.00,100 גרם,false,,11.90,0.0159,true,1,1251182
7290002735823,false,מלווח רמי לוי 700 גרם,ינון,IL,מלווח רמי לוי 700 גר,גרמים,700.00,100 גרם,false,,11.90,0.0170,true,1,1251183
7290002735847,false,בורקס גבינה רמי לוי 800 גרם,ינון,IL,בורקס גבינה רמי לוי,גרמים,800.00,100 גרם,false,,12.90,0.0161,true,1,1251185
7290002735854,false,גחנון אפוי רמי לוי 600 גרם,ינון,IL,גחנון אפוי רמי לוי 6,גרמים,600.00,100 גרם,false,,11.90,0.0198,true,1,1251186
7290002735953,false,בצק פריך מלוח 900ג רמילוי,,,בצק פריך מלוח 900ג ר,גרמים,900.00,100 גרם,false,,19.80,0.0220,true,1,6705395
7290002735960,false,פילאס טורקי 600ג רמילוי,,,פילאס טורקי 600ג רמי,מיליליטרים,600.00,"100 מ""ל",false,,14.90,0.0248,true,1,6702677
7290002748281,false,שוקיים עוף ארוז קפוא,עוף ירושלים,,שוקיים עוף ארוז קפוא,קילוגרמים,1.00,"ק""ג",true,,26.90,26.9000,true,1,1032644
7290002748298,false,ירכיים עוף קפוא אורות אליהו,עוף ירושלים,,ירכיים עוף ארוז קפוא,קילוגרמים,1.00,"ק""ג",true,,27.90,27.9000,true,1,1032645
7290002748328,false,כבד עוף ארוז קפוא שק,עוף ירושלים,,כבד עוף ארוז קפוא שק,קילוגרמים,1.00,"ק""ג",true,,17.90,17.9000,true,1,1032646
7290002750154,false,שישיית לחמניות יאמיס,פילסברי,IL,מארז6 לחמניית יאמי,יח',1.00,יח',false,,12.90,12.9000,true,1,2928463
7290002750284,false,מאפה פילו גבינה חלבי,פילסברי,,מאפה פילו גבינה חלבי,קילוגרמים,1.00,"ק""ג",true,,47.00,47.0000,true,1,6294356
7290002750338,false,לחם רוסטיק עגבניות מ,פילסברי,,לחם עגבניות מיובשות,יח',1.00,יח',false,,16.90,16.9000,true,1,2417001
7290002750383,false,לחם מחמצת טוסקני כפר,פילסברי,,לחם מחמצת טוסקני כפר,יח',1.00,יח',false,,16.90,16.9000,true,1,6797349
7290002750406,false,סופגניה עם ריבה פילסברי 95 גרם,פילסברי,,סופגנייה פילסברי,יח',1.00,יח',false,,3.90,3.9000,true,1,5422710
7290002750710,false,סופגניה מיני א.ק עם ריבה,פילסברי,,סופגנייה מיני פילסבר,יח',1.00,יח',false,,2.90,2.9000,true,1,5422560
7290002750727,false,שבלול פילו תרד פילסב,פילסברי,,פילו תרד,קילוגרמים,1.00,"ק""ג",true,,47.00,47.0000,true,1,2811185
7290002750963,false,באגט רוסטיק פילסברי,פילסברי,,באגט רוסטיק,יח',1.00,יח',false,,7.90,7.9000,true,1,1013086
7290002750987,false,חלה פילסברי קלועה מתוקה 550ג',פילסברי,,חלה רגילה קלועה פילס,יח',1.00,יח',false,,12.40,12.4000,true,1,2811157
7290002752332,false,"סוכריות מנטוס פירות בגליל, 37.5 גרם",הדקלאים אגודת שיתופי,NL,סוכריות בטעם פירות מ,גרמים,37.50,100 גרם,false,,2.90,0.0773,true,1,1028949
7290002752349,false,סוכריות מנטוס מנטה 40יח' בגליל 38ג',פרפטי ואן מלה,NL,סוכריות מנטה מנטוס 3,גרמים,37.50,100 גרם,false,,2.90,0.0773,true,1,1028950
7290002752493,false,רביעיה סוכריות מנטה 4* 16 ג' טיק טק,קריות זול,EC,טיק טק מנטה רביעייה,גרמים,64.00,100 גרם,false,,9.90,0.1547,true,1,1028951
7290002753223,false,רביעייה סוכריות תפוז 4*16 ג' טיק טק,קריות זול,EC,טיק טק תפוז רביעייה,גרמים,64.00,100 גרם,false,,9.90,0.1547,true,1,1028952
7290002753995,false,סוכריות עדשים לקישוט עוגה וורנר 6*25 גרם,היינץ צפון אמריקה מק,DE,סוכריות עדשים לקישוט,גרמים,150.00,100 גרם,false,,15.90,0.1060,true,1,1028954
7290002757511,false,דלידג קציצות דג לבישול 750 גר קהילות,האי נאם סי או אל.טי.,IL,קציצות דג לבישול דלי,גרמים,750.00,100 גרם,false,,24.90,0.0332,true,1,1024983
7290002757665,false,קבב מזרחי טיבון ויל 400 ג',טיבון ויל,IL,קבב מזרחי 400 גרם,גרמים,400.00,100 גרם,false,,9.90,0.0248,true,1,1024986
7290002757672,false,המבורגר מזרחי טיבון ויל 400ג',טיבון ויל,IL,המבורגר 400 גרם,גרמים,400.00,100 גרם,false,,9.90,0.0248,true,1,1024987
7290002768043,false,"תיאדנט מי-פה ענק פלאוריד 150 מ""ל",טרופיקל דגיל תעשיות,IL,"מי פה תיאדנט 150 מ""ל",מיליליטרים,150.00,"100 מ""ל",false,,14.70,0.0980,true,1,1045669
7290002768074,false,אל סבון נוזלי רגיל דרמפון 1 ליטר,"אמיליה קוסמטיקס בע""מ",IL,אל סבון נוזלי רגיל ד,ליטרים,1.00,ליטר,false,,17.80,17.8000,true,1,1045670
7290002768159,false,"קצף אמבט בת אורן קרליין 500 מ""ל",פארק תעשיות עמק חפרמ,IL,קצף אמבט בת אורן קרל,מיליליטרים,500.00,"100 מ""ל",false,,17.90,0.0358,true,1,1045671
7290002771104,false,קפה עם הל אל נחלה 500 גרם,מולינו ניקולי s.p.a,IL,קפה עם הל אל נחלה 50,גרמים,500.00,100 גרם,false,,29.90,0.0598,true,1,1036719
7290002771111,false,קפה עם הל אל נחלה 250 גרם,מולינו ניקולי s.p.a,IL,קפה עם הל אל נחלה 25,גרמים,250.00,100 גרם,false,,15.90,0.0636,true,1,1036720
7290002771128,false,קפה אלנח'לה בלי הל 250 ג',מולינו ניקולי s.p.a,IL,קפה אל נחלה 250 גרם,גרמים,250.00,100 גרם,false,,15.90,0.0636,true,1,1036721
7290002773214,false,דניס נקי טרי,,,דניס נקי טרי,קילוגרמים,1.00,"ק""ג",true,,64.90,64.9000,true,1,6467958
7290002773887,false,ברמונדי נקי טרי,,,ברמונדי נקי טרי,קילוגרמים,1.00,"ק""ג",true,,49.90,49.9000,true,1,6467960
7290002773924,false,לברק נקי טרי,,,לברק נקי טרי,קילוגרמים,1.00,"ק""ג",true,,69.90,69.9000,true,1,6467964
7290002773986,false,בס נקי טרי,,,בס נקי טרי,קילוגרמים,1.00,"ק""ג",true,,39.90,39.9000,true,1,6467966
7290002781691,false,ממרח שוקולד 400 גר מיטב בדץ,מיטב,IL,ממרח שוקולד 400 גרם,גרמים,400.00,100 גרם,false,,3.90,0.0097,true,1,1025388
7290002782759,false,"פנינה קרם גוף רוזנבלום 400 מ""ל",פנינה רוזנבלום,IL,קרם גוף מס' 2 פנינה,מיליליטרים,340.00,"100 מ""ל",false,,19.90,0.0585,true,1,1031643
7290002793304,false,מיכל בלון גז +מילוי באריזה 60 סודהסטרים,סודה סטרים,IL,מיכל גז באריזה,יח',1.00,יח',false,,107.90,107.9000,true,1,1027142
7290002793311,false,שירות והחלפה מילוי גז 60 סודהסטרים,סודה סטרים,IL,מילוי גז למיכל סודה,יח',1.00,יח',false,,48.90,48.9000,true,1,1027125
7290002800361,false,המבורגר מסעדות בואקו,מעדני הטלה,IL,המבורגר ואקום 500 גר,גרמים,500.00,100 גרם,false,,22.90,0.0458,true,1,3513177
7290002814054,false,סנט מוריץ מתז אנטרטיק מתז 1 ליטר,"קומפלקס כימיקלים בע""",IL,אנטרטיק במתז 1 ליטר,יח',1.00,יח',false,,9.90,9.9000,true,1,5843828
7290002814078,false,סנט מוריץ נוזל לניקוי אמבט אנטרטיק 1ל',"קומפלקס כימיקלים בע""",IL,מבריק ומחטא אנטרטיק,ליטרים,1.00,ליטר,false,,4.90,4.9000,true,1,1031427
7290002814290,false,BLANCO קצף אקונומיקה מרוכז 1 ליטר בניחוח לימון,קומפלקס כימיקלים,IL,קצף מרוכז אקונומיקה,יח',1.00,יח',false,,9.90,9.9000,true,1,6709591
7290002814351,false,"מילוי מכשיר אוויר 250 מ""ל fashion sweetie סנט מוריץ",סורה קוסמטיקס,TR,מטהר אוויר למכשיר או,מטרים,250.00,100 מ'ל,false,,9.90,0.0396,true,1,6873365
7290002814368,false,"סנט מוריץ - מרסס מסיר שומנים קר 800 מ""ל",,,מסיר שומנים קר מתז 8,מיליליטרים,800.00,"100 מ""ל",false,,13.90,0.0174,true,1,6741948
7290002814498,false,"סנט מוריץ - מרסס חומץ לניקוי כללי 750 מ""ל",קומפלקס כימיקלים,TR,נוזל לניקוי כללי תוס,מיליליטרים,750.00,"100 מ""ל",false,,7.90,0.0105,true,1,6741949
7290002814528,false,נוזל לניקוי האסלה סנט מוריץ 1 ליטר,"קומפלקס כימיקלים בע""",IL,סנט מוריץ מס' 1 לאסל,ליטרים,1.00,ליטר,false,,4.90,4.9000,true,1,1031432
7290002814597,false,סנט מוריץ טורנדו נוזל לפתיחת סתימות 1 לי,קומפלקס כימיקלים,IL,סנט מוריץ טורנדו נוז,מטרים,1000.00,100 מ'ל,false,,14.90,0.0149,true,1,2483556
7290002814610,false,סנט מוריץ מסיר שומנים מבושם שחור 1 ליטר,,,סנט מוריץ מסיר שומני,יח',1.00,יח',false,,12.90,12.9000,true,1,6717159
7290002814665,false,סנט מוריץ - מרסס מסיר עובש 1 ליטר,קומפלקס כימיקלים,IL,מסיר עובש 1לי-סנט מו,יח',1.00,יח',false,,9.90,9.9000,true,1,6783649
7290002814689,false,"נוזל כלים סנט מוריץ בניחוח לימון מארז 750X3מ""ל",סנט מוריץ,IL,נוזל לכלים שלישייה 7,מיליליטרים,750.00,"100 מ""ל",false,,16.50,0.0220,true,1,1031435
7290002814788,false,עלמה כיסוי ניילון עם גומי 33 יח',,,כיסוי ניילון עם גומי,יחידה,0.00,יחידה,false,,7.90,0.0000,true,1,1031437
7290002814870,false,"סנט מוריץ - מרסס מסיר שומנים קר מבושם לוונדר\פרחים 750 מ""ל",קומפלקס כימיקלים,IL,מסיר שומנים קר מבושם,מיליליטרים,750.00,"100 מ""ל",false,,12.90,0.0172,true,1,5779032
7290002814887,false,מטליות רצפה לניקוי ובישום סנטמוריץ,,IL,מטליות רצפה לניקוי ו,יח',1.00,יח',false,,8.90,8.9000,true,1,6593881
7290002814931,false,סנט מוריץ שמפו רצפות בניחוח פרחים 4 ליטר - מרכז,"קומפלקס כימיקלים בע""",IL,סנט מוריץ רצפות בניח,ליטרים,4.00,ליטר,false,,9.90,2.4750,true,1,1031438
7290002823025,false,אמנון נקי טרי,,,אמנון נקי טרי,קילוגרמים,1.00,"ק""ג",true,,28.90,28.9000,true,1,6467967
7290002824183,false,"גבינה לבנה סקי 500 גרם 5% ""שטראוס"" -מוצר בפיקוח",מיוצר עי קונדיטוריית,IL,גבינה לבנה סקי 5% שו,גרמים,500.00,100 גרם,false,,9.20,0.0184,true,1,1033104
7290002824466,false,יוגורט דנונה ביו לבן 0% שומן 200 גרם,"שטראוס בריאות בע""מ",IL,יוגורט דנונה ביו לבן,מיליליטרים,200.00,"100 מ""ל",false,,3.40,0.0170,true,1,1033105
7290002824640,false,"גבינת סקי 250 גרם 5% ""שטראוס"" -מוצר בפיקוח",מיוצר עי קונדיטוריית,IL,גבינה לבנה סקי 5% שו,גרמים,250.00,100 גרם,false,,4.70,0.0188,true,1,1033107
7290002825722,false,סלט כרוב אדום אחלה 500 גרם,מיוצר עי קונדיטוריית,IL,סלט כרוב אדום אחלה 5,גרמים,500.00,100 גרם,false,,12.90,0.0258,true,1,1033111
7290002827306,false,נקניקיות עוף ירושלים מחפוד 400 ג',עוף ירושלים,,נקניקיות עוף 400ג מח,גרמים,400.00,100 גרם,false,,9.90,0.0248,true,1,1032747
7290002827320,false,נקניקיות מרגז קפוא גלאט הדר הבשר 400ג',עוף ירושלים,,נקניקיות מרגז 400 גר,גרמים,400.00,100 גרם,false,,19.90,0.0497,true,1,1032748
7290002827337,false,נקניקיות עוף פיקנטי חריף 400 מחפוד,עוף ירושלים,,נקניקיות עוף פיקנטי,גרמים,400.00,100 גרם,false,,9.90,0.0248,true,1,1032749
7290002827740,false,כתף כבש פרוס ארוז קפוא מחפוד,,,כתף כבש פרוס מחפוד,קילוגרמים,1.00,"ק""ג",true,,119.90,119.9000,true,1,1847066
7290002827818,false,עוף ירושלים נגיסי עוף 500 גר מחפוד.,עוף ירושלים,,נגיסי עוף 600 גרם מח,גרמים,600.00,100 גרם,false,,22.90,0.0382,true,1,1032752
7290002830948,false,גבינת עיזים מותכת 30% מון בלאן 120 גרם,סלס קרית מלאכי ישראל,IL,גבינת עיזים מותכת 30,גרמים,120.00,100 גרם,false,,8.90,0.0742,true,1,1025016
7290002842002,false,פתיתי שיבולת שועל קוואקר אנגלי מורנפלייק,מורנינג פוד,GB,פתיתי שיבולת שועל קו,גרמים,500.00,100 גרם,false,,9.90,0.0198,true,1,1028196
7290002862000,false,הררית אריסה טוניסאית,,,אריסה 250 גביע הררית,גרמים,250.00,100 גרם,false,,9.90,0.0396,true,1,1044572
7290002862017,false,שום כתוש 250 הררית,,,שום כתוש 250 הררית,גרמים,250.00,100 גרם,false,,12.90,0.0516,true,1,1044573
7290002862031,false,אריסה 250מתובלת הררית,,,אריסה 250מתובלת הררי,גרמים,250.00,100 גרם,false,,9.90,0.0396,true,1,1044574
7290002862093,false,חזרת 250 גרם,,,חזרת 250 גרם,גרמים,250.00,100 גרם,false,,9.90,0.0396,true,1,1044577
7290002862123,false,סחוג ירוק 150 גר הררית,,,סחוג ירוק 150 גר הרר,גרמים,250.00,100 גרם,false,,9.90,0.0396,true,1,1044578
7290002862406,false,סחוג תימני 250 גרם,,,סחוג תימני 250ג,גרמים,250.00,100 גרם,false,,11.90,0.0476,true,1,1044584
7290002862482,false,פירורי לחם לשניצל בטעם קלאסי 500 גרם,הררית הגליל,,פירורי לחם לשניצל בט,מיליליטרים,500.00,"100 מ""ל",false,,7.90,0.0158,true,1,1044585
7290002868996,false,"קוטג' 5% שומן, רכיבים טבעיים, 250 גרם",קריות זול,IL,גבינת קוטג' מועשר 5%,גרמים,250.00,100 גרם,false,,5.30,0.0212,true,1,1012631
7290002871248,false,בירה טובורג רד בבקבוק חוזר,מבשלות בירה בינלאומי,IL,"טובורג רד 500 מ""ל",מיליליטרים,500.00,"100 מ""ל",false,,7.50,0.0150,true,1,1055394
7290002871361,false,"קרלסברג בירה בק.חוזר 500 מ""ל",מבשלות בירה בינלאומי,IL,קרלסברג בירה בק.חוזר,מיליליטרים,500.00,"100 מ""ל",false,,7.50,0.0150,true,1,1055395
7290002881216,false,רסק תפוחי עץ דיאט 708 גרם צנצנת,Geurts conservenfabr,,רסק תפוחי עץ לא ממות,גרמים,708.00,100 גרם,false,,9.90,0.0140,true,1,1016974
7290002900566,false,פסטרמה ברביקיו דל שומן טירת צבי 360 ג',הנסיך- מפעל לייצור ט,IL,פסטרמה ברביקיו 1.5%,גרמים,360.00,100 גרם,false,,25.90,0.0719,true,1,1015504
7290002904694,false,"טיטניום דאודורנט ספריי לגברים 150 מ""ל","אמיליה קוסמטיקס בע""מ",IL,דאו ספריי טיטניום 18,מיליליטרים,180.00,"100 מ""ל",false,,14.90,0.0828,true,1,1045672
7290002921165,false,"הזלין ספריי לניקוי מוצרי עור 400 מ""ל",קריות זול,DE,חלב לניקוי רהיטי עור,מיליליטרים,400.00,"100 מ""ל",false,,32.90,0.0822,true,1,1026462
7290002921226,false,"חלב לניקוי רהיטי עור יעקבי 250 מ""ל",יעקובי,CH,חלב לניקוי רהיטי עור,מיליליטרים,250.00,"100 מ""ל",false,,24.90,0.0996,true,1,1026463
7290002921240,false,"קרבונה שמפוזר לניקוי שטיחים וריפוד יעקבי 650 מ""ל",קרבונה Carbona,MX,קרבונה שמפוזר לניקוי,מיליליטרים,650.00,"100 מ""ל",false,,24.80,0.0382,true,1,1026465
7290002921516,false,סופג לחות טורבול,יעקובי,,סופג לחות טורבול,מיליליטרים,340.00,"100 מ""ל",false,,38.90,0.1144,true,1,1026467
7290002925729,false,"גם וגם משחת שיניים כחול ומי פה בטעם פפרמינט 120 מ""ל","אמיליה קוסמטיקס בע""מ",IL,משחת שיניים ומי פה ב,מיליליטרים,120.00,"100 מ""ל",false,,14.90,0.1242,true,1,1045673
7290002925798,false,"גם וגם משחת שיניים ירוק מי פה לייט 120 מ""ל",אמיליה קוסמטיקס,IL,משחת שיניים ומי פה ג,מיליליטרים,120.00,"100 מ""ל",false,,14.90,0.1242,true,1,1045674
7290002927044,false,צלי כתף מס' 5 קפוא,זהר בשר,,צלי כתף מועבד,קילוגרמים,1.00,"ק""ג",true,,34.90,34.9000,true,1,1014124
7290002927051,false,פילה מדומה מס' 6 קפו,זהר בשר,,פילה מדומה מס' 6,קילוגרמים,1.00,"ק""ג",true,,34.90,34.9000,true,1,1014125
7290002927105,false,צלי עגל ברשת קפוא,זהר בשר,,צלי עגל ברשת,קילוגרמים,1.00,"ק""ג",true,,34.90,34.9000,true,1,1014128
7290002927198,false,טחון בקר קפוא 500 גר,זהר בשר,,טחון בקר 500 ג,גרמים,500.00,100 גרם,false,,11.90,0.0238,true,1,1014144
7290002927358,false,סטיק אנטריקוט 800גר,זהר בשר,,סטייק בקר 800 ג,גרמים,800.00,100 גרם,false,,33.90,0.0424,true,1,1014145
7290002927389,false,טחון עוף קפוא 500 גר,זהר בשר,,טחון עוף 500 ג,גרמים,500.00,100 גרם,false,,9.90,0.0198,true,1,1014146
7290002927464,false,גולש עגל קפוא,זהר בשר,,גולש עגל,קילוגרמים,1.00,"ק""ג",true,,29.90,29.9000,true,1,1014134
7290002927471,false,צלי עגל חצוי קפוא,זהר בשר,,צלי עגל,קילוגרמים,1.00,"ק""ג",true,,36.90,36.9000,true,1,1014135
7290002927631,false,טחון הודו קפוא 500 ג,זהר בשר,,טחון הודו 500 ג,גרמים,500.00,100 גרם,false,,9.90,0.0198,true,1,1014148
7290002927655,false,שניצל עגל קפוא זהר ב,זהר בשר,,שניצל עגל קפוא זהר ב,קילוגרמים,1.00,"ק""ג",true,,36.90,36.9000,true,1,1014138
7290002929642,false,טונה ויליגר 392 גרם בשמן רביעייה,דיאמנט פוד פרודקט קו,TH,טונה ויליגר 392 גרם,גרמים,392.00,100 גרם,false,,18.90,0.0482,true,1,1089399
7290002929734,false,"גפילטעפיש קציצות מדגי קרפיון וכסיף 560 גר' העד""ח",נטו מלינדה,IL,גפילטע פיש 310 ג,גרמים,310.00,100 גרם,false,,12.90,0.0416,true,1,1096181
7290002954040,false,שמן תירס שוקחה 1 ליט,לסיור,FR,שמן תירס 1 ליטר,ליטרים,1.00,ליטר,false,,14.70,14.7000,true,1,6762272
7290002987963,false,"סלט חומוס אחלה 1 ק""ג",מיוצר עי קונדיטוריית,IL,"סלט חומוס אחלה 1 ק""ג",יח',1.00,יח',false,,13.90,13.9000,true,1,1033112
7290002996323,false,שריר הזרוע בקר קפוא,נטו מלינדה,,שריר הזרוע בקר קפוא,קילוגרמים,1.00,"ק""ג",true,,36.90,36.9000,true,1,1032670
7290003006021,false,קוביות מעדן פטה מעדנ,גבינות אמיר ניצן בעמ,IL,קוביות מעדן פטה מעדנ,קילוגרמים,1.00,"ק""ג",true,,68.00,68.0000,true,1,6696364
7290003006120,false,ממלואים גורמת מעדניי,גבינות אמיר ניצן בעמ,IL,ממלואים גורמת מעדניי,קילוגרמים,1.00,"ק""ג",true,,149.00,149.0000,true,1,6696365
7290003009596,false,"סירופ דיאט אשכוליות פריגת 750 מ""ל",סירופ - גבעת חיים,IL,סירופ דיאט אשכוליות,מיליליטרים,750.00,"100 מ""ל",false,,19.90,0.0265,true,1,1013314
7290003009640,false,מיץ תפוזים סחוט רכיבים טבעיים פריגת 1 ליטר,פריגת מצוננים,IL,מיץ תפוזים סחוט רכיב,ליטרים,1.00,ליטר,false,,15.90,15.9000,true,1,1012632
7290003013128,false,פתיל צף מתומן כ-50 יחידות שלהבת,שלהבת,,פתיל צף מתומן כ-50 י,יח',50.00,יח',false,,3.50,0.0700,true,1,1037842
7290003015627,false,"נוזל רצפות אפרסק 2 ליטר ""ריצפז פרש""","סנו מפעלי ברונוס בע""",IL,ריצפז פרש 2 לי,ליטרים,2.00,ליטר,false,,16.90,8.4500,true,1,1023375
7290003015634,false,"נוזל רצפות פסיפלורה 2 ליטר ""ריצפז פרש""",קריות זול,IL,ריצפז פרש 2 לי,ליטרים,2.00,ליטר,false,,16.90,8.4500,true,1,1023376
7290003026029,false,"ד""ר פישר - קמיל בלו סנסיטיב שמפו אלדמע 500 מ""ל","ד""ר פישר Dr fischer",IL,קמיל בלו סנסיטיב אל דמע 5,מיליליטרים,500.00,"100 מ""ל",false,,17.90,0.0358,true,1,1044669
7290003026036,false,"ד""ר פישר - קמיל בלו סנסיטיב אל סבון עדין לתינוק 1 ליטר","ד""ר פישר Dr fischer",IL,קמיל בלו סנסיטיב אל סבון,ליטרים,1.00,ליטר,false,,32.80,32.8000,true,1,1044670
7290003026227,false,"קמיל בלו שמפו לתינוק סנסיטיב אל דמע ד""ר פישר 1 ליטר","ד""ר פישר Dr fischer",IL,קמיל בלו סנסיטיב אל דמע ל,ליטרים,1.00,ליטר,false,,32.80,32.8000,true,1,1044672
7290003026319,false,"קמיל בלו משחת החתלה לתינוק ד""ר פישר 120 גרם","ד""ר פישר Dr fischer",IL,קמיל בלו סנסיטיב משחה לתי,גרמים,120.00,100 גרם,false,,18.90,0.1575,true,1,1044674
7290003029181,false,משקה יטבתה שוקו' בקבוק 1ל מהדרין,שטראוס גרופ,IL,שוקו יטבתה 1 ליטר,100 מל,1000.00,100 מל,false,,11.50,0.0115,true,1,1033117
7290003029372,false,משקה חלב בטעם בננה יטבתה 1 ליטר,שטראוס גרופ,IL,משקה חלב בטעם בננה י,מיליליטרים,1000.00,"100 מ""ל",false,,11.50,0.0115,true,1,1033119
7290003029389,false,"משקה חלב בננה פקק ספורט 250 מ""ל יוטבתה",שטראוס גרופ,IL,משקה חלב בננה פקק ספ,מיליליטרים,250.00,"100 מ""ל",false,,5.20,0.0208,true,1,1033120
7290003029433,false,"משקה יטבתה שוקו פקק 250 מ""ל מהדרין",שטראוס גרופ,IL,שוקו פקק ספורט יטבתה,מיליליטרים,250.00,"100 מ""ל",false,,5.20,0.0208,true,1,1033122
7290003029532,false,משקה מוקה יטבתה 1 ליטר מהדרין,שטראוס גרופ,IL,מוקה יטבתה 1 ליטר,100 מל,1000.00,100 מל,false,,11.50,0.0115,true,1,1033124
7290003029617,false,יטבתה שמנת מנה אישית 15% 125מל,שטראוס גרופ,IL,שמנת חמוצה 15% 100 מ,מטרים,100.00,100 מ'ל,false,,1.90,0.0190,true,1,1033125
7290003029792,false,"משקה יטבתה שוקו שקיות מהדרין מארז 225X8מ""ל",שטראוס גרופ,IL,שוקו בשקית יטבתה 8 י,יח',8.00,יח',false,,18.90,2.3625,true,1,1033126
7290003029815,false,חלב יוטבתה מועשר 3% בכד 2ל',שטראוס גרופ,IL,חלב מועשר 2 ל 3% מהד,ליטרים,2.00,ליטר,false,,13.90,6.9500,true,1,1033127
7290003029907,false,אייס קפה יטבתה 1 ליטר מהדרין,שטראוס גרופ,IL,אייס קפה יטבתה 1 ליט,ליטרים,1.00,ליטר,false,,11.50,11.5000,true,1,1033130
7290003031733,false,טירת צבי פסטרמה על גחלים קופ. מחפוד 400ג,טירת צבי,IL,פסטרמה על גחלים 2% ט,גרמים,400.00,100 גרם,false,,24.90,0.0622,true,1,1015506
7290003031740,false,טירתצבי פסטרמה בדבש קופ. מחפוד 400ג,טירת- צבי,IL,פסטרמה הודו בדבש 3%,גרמים,400.00,100 גרם,false,,24.90,0.0622,true,1,1015507
7290003031788,false,צמד כפרי סלמי+פסטרמה טירת צבי 400X2ג' מחפוד,טירת- צבי,IL,צמד כפרי מחפוד800גר,גרמים,800.00,100 גרם,false,,24.90,0.0311,true,1,1015511
7290003054657,false,חרדל ריין דיז'ון אקסטרא פורטה 370 גרם,מרום את קונפינו,FR,חרדל דיג'ון אקסטרא פורטה,גרמים,370.00,100 גרם,false,,9.90,0.0268,true,1,1028403
7290003060030,false,"קמח חיטה מלא רמילוי 1 ק""ג",טחנות ישראליות,IL,קמח חיטה מלא רמילוי,יח',1.00,יח',false,,4.90,4.9000,true,1,1080245
7290003060085,false,קמח ללחם וחלות מועשר 1 קג,טחנות ישראליות,IL,קמח ללחם וחלות מועשר,יח',1.00,יח',false,,4.90,4.9000,true,1,1080246
7290003060337,false,קמח כוסמין לבן מנופה,,,קמח כוסמין לבן מנופה,קילוגרמים,1.00,"ק""ג",false,,13.90,13.9000,true,1,6756966
7290003060351,false,קמח מלא מנופה 80% 1קג,,,קמח מלא מנופה 80% 1ק,יח',1.00,יח',false,,5.90,5.9000,true,1,4217144
7290003060382,false,קמח חיטה לאפיית עוגות ועוגיות מנופה,,,קמח חיטה לאפיית עוגו,יח',1.00,יח',false,,7.50,7.5000,true,1,6726844
7290003060443,false,קמח דורום לפסטה מנופה,,,קמח דורום לפסטה מנופ,יח',1.00,יח',false,,12.90,12.9000,true,1,6726845
7290003060528,false,קמח פיצה פוקצ'ה מנופה 1קג רמילוי,,,קמח פיצה פוקצ'ה מנופ,יח',1.00,יח',false,,7.50,7.5000,true,1,6727573
7290003060535,false,"קמח חיטה לבן בהיר מנופה 1 ק""ג רמילוי",,,קמח חיטה לבן בהיר מנ,יח',1.00,יח',false,,6.50,6.5000,true,1,6680675
7290003060542,false,קמח מנופה ללחם וחלות 1 קג -רמי לוי,,,קמח מנופה ללחם וחלות,יח',1.00,יח',false,,7.50,7.5000,true,1,6684521
7290003060559,false,קמח תופח מנופה 1קג רמילוי,,,קמח תופח מנופה 1קג ר,גרמים,1000.00,100 גרם,false,,6.50,0.0065,true,1,6680676
7290003060573,false,קמח כוסמין מלא מנופה 1קג רמילוי,,,קמח כוסמין מלא מנופה,יח',1.00,יח',false,,12.90,12.9000,true,1,6680678
7290003060580,false,קמח חיטה מלא מנופה 1קג רמילוי,,,קמח חיטה מלא מנופה 1,יח',1.00,יח',false,,6.50,6.5000,true,1,6680679
7290003069590,false,פילה סול ארוז קפוא 1,דאליאן גואופו אקאטיק,CN,"פילה סול דלידג 1 ק""ג",גרמים,1000.00,100 גרם,false,,29.90,0.0299,true,1,6800672
7290003072521,false,פסטרמה כתף בקר מעושנת 300 גר',טירת צבי,IL,פסטרמה כתף בקר מעושן,גרמים,300.00,100 גרם,false,,24.90,0.0830,true,1,5823517
7290003072804,false,פסטרמה של פעם טירת צ,טירת- צבי,IL,פסטרמה של פעם 200 גר,גרמים,200.00,100 גרם,false,,19.90,0.0995,true,1,6311413
7290003072859,false,רוסטביף כתף בקר צלוי,הנסיך- מפעל לייצור ט,IL,רוסטביף 120 גר,גרמים,120.00,100 גרם,false,,23.90,0.1992,true,1,6599623
7290003121083,false,ארוחת נודלס בטעם בשר מג'יק 85 גרם,טאט הוי פוד בעמ,SG,ארוחת נודלס בטעם בשר,גרמים,85.00,100 גרם,false,,2.50,0.0294,true,1,1025041
7290003121090,false,ארוחת נודלס בטעם ירקות מג'יק 85 גרם,זנטי אס. אי לאלין,SG,ארוחת נודלס בטעם ירק,גרמים,85.00,100 גרם,false,,2.50,0.0294,true,1,1025042
7290003121106,false,ארוחת נודלס בטעם עוף מג'יק 85 גרם,"טאט פוד הוי בע""מ",SG,ארוחת נודלס בטעם עוף,גרמים,85.00,100 גרם,false,,2.50,0.0294,true,1,1025043
7290003126712,false,יוגורט עיזים מחלב מלא 3.7% משק צוריאל 150 גרם,מחלבת משק צוריאל,IL,יוגורט עיזים מחלב מל,מיליליטרים,150.00,"100 מ""ל",false,,5.80,0.0387,true,1,1012639
7290003126958,false,טופו גבינה גוש בואקום צוריאל 300 ג',א.י.ן תעשיות מזון בע,IL,גבינת טופו משק צוריא,גרמים,300.00,100 גרם,false,,11.90,0.0397,true,1,1012642
7290003130399,false,מברשת שיניים לילדים שלב 2 אקווה פרש.,גלקסו סמית קליין,IN,אקוה פרש מברשת חיות שלב 2,יח',1.00,יח',false,,7.90,7.9000,true,1,1035680
7290003131006,false,בונדוק טיבעי במשקל,אוליבלס SA,,בונדק טבעי,קילוגרמים,1.00,"ק""ג",true,,77.00,77.0000,true,1,1531495
7290003131020,false,פפריקה מעושנת,,,פפריקה מעושנת,קילוגרמים,1.00,"ק""ג",true,,50.00,50.0000,true,1,3503811
7290003131068,false,רביולי,,,רביולי,קילוגרמים,1.00,"ק""ג",true,,65.00,65.0000,true,1,5417479
7290003131075,false,קוואקר בשקילה,אוליבלס SA,,קוואקר משקל,קילוגרמים,1.00,"ק""ג",true,,7.00,7.0000,true,1,1522456
7290003131150,false,שעועית משקל,,,שעועית משקל,קילוגרמים,1.00,"ק""ג",true,,10.00,10.0000,true,1,1531435
7290003131181,false,מלח לימון בשקילה,אוליבלס SA,,מלח לימון במשקל,קילוגרמים,1.00,"ק""ג",true,,25.00,25.0000,true,1,1522458
7290003131204,false,פול ענק משקל,,,פול ענק משקל,קילוגרמים,1.00,"ק""ג",true,,15.00,15.0000,true,1,1522459
7290003131228,false,פישתן בשקילה,אוליבלס SA,,פישתן משקל,קילוגרמים,1.00,"ק""ג",true,,16.00,16.0000,true,1,1531436
7290003131235,false,פלפל לבן שלם,,,פלפל לבן שלם,קילוגרמים,1.00,"ק""ג",true,,100.00,100.0000,true,1,5413268
7290003131242,false,קוקוס טחון,,,קוקוס טחון,קילוגרמים,1.00,"ק""ג",true,,32.00,32.0000,true,1,3959721
7290003131266,false,גרעין שחור קלוי,אוליבלס SA,,גרעין שחור קלוי,קילוגרמים,1.00,"ק""ג",true,,28.00,28.0000,true,1,1522461
7290003131280,false,קייגין,,,קייגין,קילוגרמים,1.00,"ק""ג",true,,74.00,74.0000,true,1,5413270
7290003131297,false,בננה צ'יפס,אוליבלס SA,,בננה צ'יפס,קילוגרמים,1.00,"ק""ג",true,,32.00,32.0000,true,1,1521313
7290003131310,false,בוטנים טיבעי במשקל,אוליבלס SA,,בוטנים משקל,קילוגרמים,1.00,"ק""ג",true,,23.00,23.0000,true,1,1531496
7290003131341,false,אלמונדוס,אוליבלס SA,,אלמנדוס,קילוגרמים,1.00,"ק""ג",true,,54.00,54.0000,true,1,1522463
7290003131419,false,מקדמיה,,,מקדמיה,קילוגרמים,1.00,"ק""ג",true,,149.00,149.0000,true,1,5417388
7290003131426,false,תבלין ירושלמי,,,תבלין ירושלמי,קילוגרמים,1.00,"ק""ג",true,,74.00,74.0000,true,1,5417423
7290003131464,false,רוזמרין,,,רוזמרין,קילוגרמים,1.00,"ק""ג",true,,100.00,100.0000,true,1,5417426
7290003131563,false,פקאן קלוי/מסוכר,,,פקאן קלוי/מסוכר,קילוגרמים,1.00,"ק""ג",true,,118.00,118.0000,true,1,5417435
7290003131570,false,תירס קלוי,,,תירס קלוי,קילוגרמים,1.00,"ק""ג",true,,47.00,47.0000,true,1,5417436
7290003131587,false,סויה קריספי,,,סויה קריספי,קילוגרמים,1.00,"ק""ג",true,,47.00,47.0000,true,1,5417454
7290003131624,false,בוטן מטוגן,,,בוטן מטוגן,קילוגרמים,1.00,"ק""ג",true,,65.00,65.0000,true,1,5417457
7290003131631,false,חומוס קלוי,,,חומוס קלוי,קילוגרמים,1.00,"ק""ג",true,,50.00,50.0000,true,1,5417458
7290003131662,false,שקד טחון,,,שקד טחון,קילוגרמים,1.00,"ק""ג",true,,100.00,100.0000,true,1,5417480
7290003131686,false,צימוק אוזבקי,,,צימוק אוזבקי,קילוגרמים,1.00,"ק""ג",true,,99.00,99.0000,true,1,5417482
7290003131778,false,טימין עלים,,,טימין עלים,קילוגרמים,1.00,"ק""ג",true,,100.00,100.0000,true,1,5417490
7290003131785,false,לימונית,,,לימונית,קילוגרמים,1.00,"ק""ג",true,,100.00,100.0000,true,1,5417491
7290003131792,false,ינסון שלם,,,ינסון שלם,קילוגרמים,1.00,"ק""ג",true,,100.00,100.0000,true,1,5417492
7290003131822,false,בזיליקום עלים,,,בזיליקום עלים,קילוגרמים,1.00,"ק""ג",true,,100.00,100.0000,true,1,5417495
7290003131846,false,בונדוק קלוי,,,בונדוק קלוי,קילוגרמים,1.00,"ק""ג",true,,90.00,90.0000,true,1,5417496
7290003131853,false,פפריקה חריפה,,,פפריקה חריפה,קילוגרמים,1.00,"ק""ג",true,,40.00,40.0000,true,1,5417535
7290003133123,false,לחם זהב עגול אוקראיני 750 ג',מאפיית דוידוביץ ובני,IL,לחם זהב עגול אוקריאי,גרמים,750.00,100 גרם,false,,9.80,0.0131,true,1,5417236
7290003140237,false,קליית גת סילאן לחיץ 360 גרם,ליימן מותגים,IL,סילאן לחיץ 360גר,גרמים,360.00,100 גרם,false,,9.90,0.0275,true,1,1151831
7290003141159,false,יוגטה מרשמלו ממתק מוקצף בטעמי תות שדה ווניל 180 גרם,מוטקה החולב,IL,יוגטה מרשמלו 180 גרם,גרמים,180.00,100 גרם,false,,6.80,0.0378,true,1,1028979
7290003142477,false,ערמונים קלופים וקלויים 100 גרם,הדקלאים אגודת שיתופי,IL,ערמונים קלויים 100 ג,גרמים,100.00,100 גרם,false,,5.90,0.0590,true,1,1029001
7290003143139,false,סילאן תמרים קלית גת 900 ג',"טעמי הגליל בע""מ",IL,סילאן קליית גת 900 ג,גרמים,900.00,100 גרם,false,,12.80,0.0142,true,1,1029013
7290003143146,false,ממרח תמרים קליית גת 450 גרם,הדקלאים אגודת שיתופי,IL,ממרח תמרים קליית 450,גרמים,450.00,100 גרם,false,,4.90,0.0109,true,1,1029014
7290003143276,false,יוגטה מרשמלו ממתק מוקצף בטעם תות שדה 180 גרם,תות ממתקי איכות,IL,יוגוטה מרשמלו רול 18,גרמים,180.00,100 גרם,false,,6.80,0.0378,true,1,1029019
7290003143337,false,סילאן טבעי קליית גת 350 גרם בקבוק לחיץ,ליימן מותגים,IL,סילאן רכיבים טבעיים,גרמים,350.00,100 גרם,false,,14.90,0.0426,true,1,1144705
7290003144419,false,סילאן טבעי קליית גת 710 גרם,ליימן מותגים,IL,סילאן רכיבים טבעיים,גרמים,710.00,100 גרם,false,,19.90,0.0280,true,1,1241248
7290003145782,false,צנובר רכיבים טבעיים קליית גת 100 גרם,הדקלאים אגודת שיתופי,IL,צנובר רכיבים טבעיים,גרמים,100.00,100 גרם,false,,21.90,0.2190,true,1,1029023
7290003155965,false,זיתים במשקל,,,זיתים במשקל,קילוגרמים,1.00,"ק""ג",true,,59.00,59.0000,true,1,1043785
7290003163939,false,מעדני הטלה נקניקיות,מעדני הטלה,IL,נקניקיות גריל 1.5 קג,קילוגרמים,1.50,"ק""ג",false,,24.90,16.6000,true,1,3513178
7290003185719,false,קבב רומני טיבון ויל 500 גרם,טיבון ויל אחזקות בעמ,IL,קבב רומני טיבון ויל,גרמים,500.00,100 גרם,false,,19.90,0.0398,true,1,1025044
7290003185726,false,קבב מזרחי טיבון ויל 500 גרם,טיבון ויל אחזקות בעמ,IL,קבב מזרחי טיבון ויל,גרמים,500.00,100 גרם,false,,17.90,0.0358,true,1,1025045
7290003187843,false,עגל טחון טיבון ויל 500 גרם,מולינו ניקולי s.p.a,IL,עגל טחון טיבון ויל 5,גרמים,500.00,100 גרם,false,,29.90,0.0598,true,1,1025047
7290003189045,false,הצהובה הטובה הולנדית,צי תעשיות מזון יבנה,IL,הצהובה הטובה הולנדית,קילוגרמים,1.00,"ק""ג",true,,34.00,34.0000,true,1,1015164
7290003189076,false,פיצרלה הצהובה הטובה מגורדת 22% כפיר 500 גרם,צי תעשיות מזון יבנה,IL,פיצרלה הצהובה הטובה,גרמים,500.00,100 גרם,false,,18.50,0.0370,true,1,1015180
7290003189137,false,"גבינה שוורצית 1 ק""ג כפיר",צי תעשיות מזון יבנה,IL,הצהובה הטובה שוויצרי,גרמים,1000.00,100 גרם,false,,29.90,0.0299,true,1,1015181
7290003189144,false,"גבינה הולנדית 22% שומן 1 ק""ג כפיר",צי תעשיות מזון יבנה,IL,הצהובה הטובה בסגנון,גרמים,1000.00,100 גרם,false,,28.90,0.0289,true,1,1015182
7290003189151,false,צ'דר בסיגנון גבינה 1,,,"הצהובה הטובה צדר 1ק""",קילוגרמים,1.00,"לק""ג",false,,29.90,29.9000,true,1,1015183
7290003189199,false,צהובה טובה חריפה במש,צי תעשיות מזון יבנה,IL,הצהובה הטובה חריפה מ,קילוגרמים,1.00,"ק""ג",true,,32.00,32.0000,true,1,1015166
7290003189267,false,הצהובה הטובה לייט קלאסית 5% כפיר 200 גרם,צי תעשיות מזון יבנה,IL,הצהובה הטובה לייט קל,גרמים,200.00,100 גרם,false,,12.90,0.0645,true,1,1015188
7290003189274,false,מעושנת בסיגנון גבינה,צי תעשיות מזון יבנה,IL,הצהובה הטובה מעושנת,קילוגרמים,1.00,"ק""ג",true,,39.00,39.0000,true,1,1015168
7290003189557,false,הצהובה הטובה לייט מעושנת 5% כפיר 200 גרם,כפיר,,הצהובה הטובה לייט מע,גרמים,200.00,100 גרם,false,,12.90,0.0645,true,1,1015193
7290003192014,false,פקאן טיבעי במשקל,אוליבלס SA,,פקאן משקל,קילוגרמים,1.00,"ק""ג",true,,89.00,89.0000,true,1,1531497
7290003192021,false,אפונה קלוי במשקל,אוליבלס SA,,אפונה קלוי,קילוגרמים,1.00,"ק""ג",true,,39.00,39.0000,true,1,3503706
7290003192052,false,פלפל 4 עונות משקל,,,פלפל 4 עונות משקל,קילוגרמים,1.00,"ק""ג",true,,159.00,159.0000,true,1,1522464
7290003192137,false,ציפורן משקל,אוליבלס SA,,ציפורן משקל,קילוגרמים,1.00,"ק""ג",true,,100.00,100.0000,true,1,1522465
7290003192199,false,סודה לשתיה משקל,,,סודה לשתיה משקל,קילוגרמים,1.00,"ק""ג",true,,25.00,25.0000,true,1,1522466
7290003192298,false,בוטן גריל,,,בוטן גריל,קילוגרמים,1.00,"ק""ג",true,,50.00,50.0000,true,1,3503863
7290003192311,false,עלי דפנהבמשקל,אוליבלס SA,,עלי דפנהבמשקל,קילוגרמים,1.00,"ק""ג",true,,100.00,100.0000,true,1,1522467
7290003192335,false,אגוז מוסקט טחון משקל,אוליבלס SA,,אגוז מוסקט טחון משקל,קילוגרמים,1.00,"ק""ג",true,,90.00,90.0000,true,1,1522468
7290003192373,false,שום פרוס,,,שום פרוס,קילוגרמים,1.00,"ק""ג",true,,89.00,89.0000,true,1,3503833
7290003192472,false,חרדל גרגירים,,,חרדל גרגירים,קילוגרמים,1.00,"ק""ג",true,,50.00,50.0000,true,1,3503835
7290003192502,false,חמוצים,,,חמוצים,קילוגרמים,1.00,"ק""ג",true,,47.00,47.0000,true,1,1531498
7290003192519,false,זנגויל מיובש במשקל מ,אוליבלס SA,,זנגויל מיובש,קילוגרמים,1.00,"ק""ג",true,,39.00,39.0000,true,1,1521315
7290003192526,false,אגוז מלך משקל,,,אגוז מלך משקל,קילוגרמים,1.00,"ק""ג",true,,59.00,59.0000,true,1,1531499
7290003192533,false,פיסטוק טיבעי במשקל,אוליבלס SA,IL,פיסטוק טיבעי משקל,קילוגרמים,1.00,"ק""ג",true,,65.00,65.0000,true,1,1531500
7290003192557,false,חומוס ענק משקל,,,חומוס ענק משקל,קילוגרמים,1.00,"ק""ג",true,,15.00,15.0000,true,1,1522469
7290003192588,false,פלפל שחור שלם משקל,אוליבלס SA,,פלפל שחור שלם משקל,קילוגרמים,1.00,"ק""ג",true,,70.00,70.0000,true,1,1522470
7290003192595,false,ראס אל חנות משקל,,,ראס אל חנות משקל,קילוגרמים,1.00,"ק""ג",true,,99.00,99.0000,true,1,1522471
7290003192618,false,צנובר במשקל,אוליבלס SA,,צנובר משקל,קילוגרמים,1.00,"ק""ג",true,,194.00,194.0000,true,1,1531502
7290003192656,false,חמוציות ברכז,אוליבלס SA,,חמוציות ברכז,קילוגרמים,1.00,"ק""ג",true,,69.00,69.0000,true,1,1521378
7290003192670,false,מש ירוק משקל,,,מש ירוק משקל,קילוגרמים,1.00,"ק""ג",true,,10.00,10.0000,true,1,1531438
7290003208128,false,קאווה גודופרדו לבן ח,סלור,ES,קאווה גודופרדו ברוט,יח',1.00,יח',false,,29.90,29.9000,true,1,1030946
7290003208586,false,"וורמוט מרטיני לבן 750 מ""ל",מרטיני ורוסי,IT,מרטיני ביאנקו 750 מל,מיליליטרים,750.00,"100 מ""ל",false,,44.90,0.0599,true,1,1030952
7290003211128,false,בוטנים מסוכרים,אוליבלס SA,,בוטנים מסוכר,קילוגרמים,1.00,"ק""ג",true,,30.00,30.0000,true,1,1522472
7290003211135,false,תירס פופקורן בשקילה,אוליבלס SA,,תירס פופקורן משקל,קילוגרמים,1.00,"ק""ג",true,,10.00,10.0000,true,1,1531439
7290003211159,false,עדשים בשקילה,אוליבלס SA,,עדשים משקל,קילוגרמים,1.00,"ק""ג",true,,10.00,10.0000,true,1,1531440
7290003211197,false,שומשום בשקילה,אוליבלס SA,,שומשום משקל,קילוגרמים,1.00,"ק""ג",true,,33.00,33.0000,true,1,1531443
7290003211203,false,תאינים מיובש,אוליבלס SA,,תאנים מיובש,קילוגרמים,1.00,"ק""ג",true,,47.00,47.0000,true,1,1521379
7290003211227,false,משמש מיובש,אוליבלס SA,,משמש מיובש,קילוגרמים,1.00,"ק""ג",true,,53.00,53.0000,true,1,1521316
7290003211234,false,פפריקה בשקילה,אוליבלס SA,,פפריקה מתוקה,קילוגרמים,1.00,"ק""ג",true,,35.00,35.0000,true,1,1522474
7290003211241,false,שום גבישי משקל,אוליבלס SA,,שום גבישי משקל,קילוגרמים,1.00,"ק""ג",true,,50.00,50.0000,true,1,1522475
7290003211258,false,קינמון טחון/שלם בשקי,אוליבלס SA,,קינמון טחון/שלם במשק,קילוגרמים,1.00,"ק""ג",true,,45.00,45.0000,true,1,1522476
7290003211302,false,גרעין לבן קלוי,אוליבלס SA,,גרעין לבן קלוי,קילוגרמים,1.00,"ק""ג",true,,39.00,39.0000,true,1,1522477
7290003211319,false,קבוקים מסוכר,אוליבלס SA,,קבוקים מסוכר,קילוגרמים,1.00,"ק""ג",true,,30.00,30.0000,true,1,1522478
7290003211357,false,צימוק לבן/חום,אוליבלס SA,,צימוק חום,קילוגרמים,1.00,"ק""ג",true,,19.00,19.0000,true,1,1521380
7290003211388,false,סוכריות במשקל,אוליבלס SA,,סוכריות,קילוגרמים,1.00,"ק""ג",true,,35.00,35.0000,true,1,1531505
7290003211395,false,פרג,,,פרג,קילוגרמים,1.00,"ק""ג",true,,39.00,39.0000,true,1,3503836
7290003211418,false,צימוק ענק זמבו,אוליבלס SA,,צימוק ענק גמבו,קילוגרמים,1.00,"ק""ג",true,,43.00,43.0000,true,1,1521381
7290003211449,false,כוזברה עלים משקל,,,כוזברה עלים משקל,קילוגרמים,1.00,"ק""ג",true,,73.00,73.0000,true,1,1522479
7290003211579,false,הל משקל,,,הל משקל,קילוגרמים,1.00,"ק""ג",true,,200.00,200.0000,true,1,1522480
7290003211739,false,אננס מסוכר,אוליבלס SA,,אננס מסוכר,קילוגרמים,1.00,"ק""ג",true,,24.00,24.0000,true,1,1521317
7290003211760,false,תבלין לשוורמה משקל,,,תבלין לשוורמה משקל,קילוגרמים,1.00,"ק""ג",true,,70.00,70.0000,true,1,1522481
7290003211777,false,גריל עוף משקל,אוליבלס SA,,גריל עוף משקל,קילוגרמים,1.00,"ק""ג",true,,58.00,58.0000,true,1,1522482
7290003211807,false,תבלין לדג משקל,,,תבלין לדג משקל,קילוגרמים,1.00,"ק""ג",true,,74.00,74.0000,true,1,1522483
7290003211852,false,תבלין לסטייק משקל,אוליבלס SA,,תבלין לסטייק משקל,קילוגרמים,1.00,"ק""ג",true,,74.00,74.0000,true,1,1522484
7290003211876,false,בצל מטוגן משקל,אוליבלס SA,,בצל מטוגן משקל,קילוגרמים,1.00,"ק""ג",true,,49.00,49.0000,true,1,1522485
7290003211913,false,אפונה ואסבי,,,אפונה ואסבי,קילוגרמים,1.00,"ק""ג",true,,70.00,70.0000,true,1,3503867
7290003211920,false,קינואה לבנה,,,קינואה לבנה,קילוגרמים,1.00,"ק""ג",true,,14.00,14.0000,true,1,3503868
7290003211968,false,סומק משקל,אוליבלס SA,,סומק משקל,קילוגרמים,1.00,"ק""ג",true,,55.00,55.0000,true,1,1522486
7290003211975,false,קשיו קלוי,אוליבלס SA,,קשיו קלוי,קילוגרמים,1.00,"ק""ג",true,,69.90,69.9000,true,1,1522487
7290003211982,false,מנציס,אוליבלס SA,,מנצ'ס,קילוגרמים,1.00,"ק""ג",true,,47.00,47.0000,true,1,1522488
7290003211999,false,פקאן סיני,אוליבלס SA,,פקאן סיני,קילוגרמים,1.00,"ק""ג",true,,89.00,89.0000,true,1,1522489
7290003213016,false,חטיף אורז חריף,אוליבלס SA,,חטיף אורז חריף,קילוגרמים,1.00,"ק""ג",true,,64.00,64.0000,true,1,1522490
7290003213030,false,גרעין אבטיח קלוי,אוליבלס SA,,גרעין אבטיח קלוי,קילוגרמים,1.00,"ק""ג",true,,55.00,55.0000,true,1,1522491
7290003213061,false,קצח משקל,אוליבלס SA,,קצח משקל,קילוגרמים,1.00,"ק""ג",true,,64.00,64.0000,true,1,1522492
7290003213085,false,אפונה משקל,,,אפונה משקל,קילוגרמים,1.00,"ק""ג",true,,9.00,9.0000,true,1,1522493
7290003213108,false,פול קליפה קלוי מטוגן,אוליבלס SA,,פול מטוגן,קילוגרמים,1.00,"ק""ג",true,,55.00,55.0000,true,1,1522494
7290003213160,false,כורכום בשקילה,אוליבלס SA,,כורכום במשקל,קילוגרמים,1.00,"ק""ג",true,,59.00,59.0000,true,1,1522495
7290003213177,false,פילדלפיה משקל,אוליבלס SA,,פילדלפיה משקל,קילוגרמים,1.00,"ק""ג",true,,114.00,114.0000,true,1,1522496
7290003213191,false,גרוס מתוק/חריף משקל,אוליבלס SA,,גרוס מתוק/חריף משקל,קילוגרמים,1.00,"ק""ג",true,,50.00,50.0000,true,1,1522497
7290003213214,false,זעתר טחון משקל,אוליבלס SA,,זעתר טחון משקל,קילוגרמים,1.00,"ק""ג",true,,89.00,89.0000,true,1,1522498
7290003213221,false,קארי בשקילה,אוליבלס SA,,קארי משקל,קילוגרמים,1.00,"ק""ג",true,,73.00,73.0000,true,1,1522499
7290003213306,false,כמון בשקילה,אוליבלס SA,,כמון במשקל,קילוגרמים,1.00,"ק""ג",true,,59.00,59.0000,true,1,1522501
7290003213313,false,בהרט משקל,,,בהרט משקל,קילוגרמים,1.00,"ק""ג",true,,99.00,99.0000,true,1,1522502
7290003213320,false,קימל טחון משקל,אוליבלס SA,,קימל טחון משקל,קילוגרמים,1.00,"ק""ג",true,,60.00,60.0000,true,1,1522503
7290003213337,false,חוויג' מרק משקל,אוליבלס SA,,חוויג' מרק משקל,קילוגרמים,1.00,"ק""ג",true,,89.00,89.0000,true,1,1522504
7290003213344,false,חמוציות,אוליבלס SA,,חמוציות,קילוגרמים,1.00,"ק""ג",true,,25.00,25.0000,true,1,1521382
7290003213375,false,שקד טבעי במשקל,אוליבלס SA,,שקד משקל,קילוגרמים,1.00,"ק""ג",true,,69.00,69.0000,true,1,1531507
7290003213399,false,אגוז ברזיל משקל,אוליבלס SA,,אגוז ברזיל משקל,קילוגרמים,1.00,"ק""ג",true,,88.00,88.0000,true,1,1531509
7290003213436,false,תבלין לקבב משקל,,,תבלין לקבב משקל,קילוגרמים,1.00,"ק""ג",true,,74.00,74.0000,true,1,1522506
7290003213450,false,תמר מגהול במשקל,אוליבלס SA,IL,תמר מג'הול,קילוגרמים,1.00,"ק""ג",true,,49.00,49.0000,true,1,1521320
7290003213498,false,תפוח עץ מיובש,,,תפוח עץ מיובש,קילוגרמים,1.00,"ק""ג",true,,44.00,44.0000,true,1,1521383
7290003213504,false,תבלין לקציצות משקל,,,תבלין לקציצות משקל,קילוגרמים,1.00,"ק""ג",true,,74.00,74.0000,true,1,1522507
7290003213573,false,משמש אוזבקי,,,משמש אוזבקי,קילוגרמים,1.00,"ק""ג",true,,53.00,53.0000,true,1,4381023
7290003213597,false,סוכריות,,,סוכריות,קילוגרמים,1.00,"ק""ג",true,,30.00,30.0000,true,1,1531510
7290003213603,false,טוסקנה משקל,אוליבלס SA,,טוסקנה משקל,קילוגרמים,1.00,"ק""ג",true,,59.00,59.0000,true,1,1522508
7290003213634,false,זנגויל טחון משקל,,,זנגויל טחון משקל,קילוגרמים,1.00,"ק""ג",true,,69.00,69.0000,true,1,1522509
7290003213665,false,פלפל סודני משקל,,,פלפל סודני משקל,קילוגרמים,1.00,"ק""ג",true,,74.00,74.0000,true,1,1522511
7290003213672,false,פלפל חריף/מתוק משקל,אוליבלס SA,IL,פלפל חריף/מתוק משקל,קילוגרמים,1.00,"ק""ג",true,,69.00,69.0000,true,1,1522512
7290003213696,false,בוטנים קלוים,אוליבלס SA,,בוטנים קלוי,קילוגרמים,1.00,"ק""ג",true,,25.00,25.0000,true,1,1522513
7290003213702,false,קשיו טיבעי במשקל,אוליבלס SA,,קשיו משקל,קילוגרמים,1.00,"ק""ג",true,,85.00,85.0000,true,1,1531511
7290003213733,false,מיקסים לאורז משקל,אוליבלס SA,,מיקסים לאורז משקל,קילוגרמים,1.00,"ק""ג",true,,100.00,100.0000,true,1,1522514
7290003213740,false,שקד קלוי,אוליבלס SA,,שקד קלוי,קילוגרמים,1.00,"ק""ג",true,,79.00,79.0000,true,1,1522515
7290003213757,false,קשיו מסוכר,אוליבלס SA,,קשיו מסוכר,קילוגרמים,1.00,"ק""ג",true,,85.00,85.0000,true,1,1522516
7290003213771,false,פלפל שחור/גרוס במשקל,אוליבלס SA,,פלפל שחור/גרוס במשקל,קילוגרמים,1.00,"ק""ג",true,,80.00,80.0000,true,1,1522517
7290003213788,false,פלפל לבן במשקל,,,פלפל לבן במשקל,קילוגרמים,1.00,"ק""ג",true,,100.00,100.0000,true,1,1522518
7290003213795,false,פלפל אנגלי משקל,אוליבלס SA,,פלפל אנגלי משקל,קילוגרמים,1.00,"ק""ג",true,,100.00,100.0000,true,1,1522519
7290003213825,false,פיסטוק קלוי במשקל,אוליבלס SA,,פיסטוק קלוי,קילוגרמים,1.00,"ק""ג",true,,69.00,69.0000,true,1,1522520
7290003213832,false,שקדים מולבנים משקל,אוליבלס SA,,שקדים מולבנים משקל,קילוגרמים,1.00,"ק""ג",true,,78.00,78.0000,true,1,1531512
7290003213856,false,"תפו""א בגריל",,,"תפו""א בגריל",קילוגרמים,1.00,"ק""ג",true,,74.00,74.0000,true,1,3503812
7290003213863,false,מנגו מיובש,,,מנגו מיובש,קילוגרמים,1.00,"ק""ג",true,,38.00,38.0000,true,1,1521321
7290003213887,false,חמוצים משקל,אוליבלס SA,,חמוצים,קילוגרמים,1.00,"ק""ג",true,,29.00,29.0000,true,1,1531513
7290003213900,false,פטרוזיליה עלים משקל,אוליבלס SA,,פטרוזיליה עלים משקל,קילוגרמים,1.00,"ק""ג",true,,100.00,100.0000,true,1,1522521
7290003222070,false,פיתות מאפיית המכבים,מאפיית המכבים,IL,פיתה מכבים 13 יח,יח',13.00,יח',false,,9.90,0.7615,true,1,2199526
7290003222780,false,פיתות מקמח מלא מאפיית המכבים 5 יחידות,מאפיית המכבים,IL,פיתות מקמח מלא מאפיי,גרמים,5.00,100 גרם,false,,4.90,0.9800,true,1,1012495
7290003222797,false,פיתות כוסמין המכבים,מאפיית המכבים,IL,פיתה קמח כוסמין 10 י,גרמים,10.00,100 גרם,false,,12.90,1.2900,true,1,3000848
7290003229109,false,פסטרמה הודו בפפריקה טירת צבי 400 גרם,הנסיך- מפעל לייצור ט,IL,פסטרמה הודו בפפריקה,גרמים,400.00,100 גרם,false,,25.90,0.0647,true,1,1015515
7290003229116,false,פסטרמה הודו בדבש 3% טירת צבי 400 גרם,הנסיך- מפעל לייצור ט,IL,פסטרמה הודו בדבש 3%,גרמים,400.00,100 גרם,false,,25.90,0.0647,true,1,1015516
7290003229123,false,פסטרמה הודו על גחלים 2% טירת צבי 400 גרם,הנסיך- מפעל לייצור ט,IL,פסטרמה הודו על גחלים,גרמים,400.00,100 גרם,false,,25.90,0.0647,true,1,1015517
7290003229147,false,נקניק סלמי איטלקי מעושן טירת צבי 300 גרם,הנסיך- מפעל לייצור ט,IL,נקניק סלמי איטלקי מע,גרמים,300.00,100 גרם,false,,24.90,0.0830,true,1,1015518
7290003229192,false,נקניק כתף בקר מעושן 2% טירת צבי 400 גרם,טיב טירת צבי 2000,IL,נקניק כתף בקר מעושן,גרמים,400.00,100 גרם,false,,25.90,0.0647,true,1,1015522
7290003229208,false,פסטרמה ספרדית 2% טירת צבי 360 גרם,טירת- צבי,IL,פסטרמה ספרדית 2% טיר,גרמים,360.00,100 גרם,false,,24.90,0.0692,true,1,1015523
7290003258291,false,"דאודורנט ספריי לנשים 150 מ""ל פנינה רוזנבלום",פנינה רוזנבלום,IL,דאודורנט ספריי לנשים,מיליליטרים,150.00,"100 מ""ל",false,,15.90,0.1060,true,1,1031649
7290003310555,false,"מאגדת טילון קרם עוגיות 4*100 מ""ל בן וג'ירי",מוצרי איכות אמריקאיי,IL,מאגדת טילונים קרם עו,גרמים,400.00,100 גרם,false,,24.90,0.0622,true,1,3667899
7290003318827,false,מארז וופל 640 גר רמי לוי,,,מארז וופל 640 גר רמי,גרמים,640.00,100 גרם,false,,12.90,0.0202,true,1,4222533
7290003321155,false,יוגורט בר עם פקאן מצופה שוקולד 183 ג' דנונה,"שטראוס בריאות בע""מ",IL,יוגורט דנונה ביו עם,מיליליטרים,183.00,"100 מ""ל",false,,4.30,0.0235,true,1,1033131
7290003332007,false,קפה נחלה סובחי 250גר,סובחי נחלה ובניו,,קפה נחלה 250 ג,גרמים,250.00,100 גרם,false,,13.90,0.0556,true,1,2551768
7290003332014,false,קפה נחלה אדום עם הל,קפה נחלה,IL,קפה נחלה 500 ג,גרמים,500.00,100 גרם,false,,26.90,0.0538,true,1,2551769
7290003332045,false,קפה נחלה אדום ללא הל 250ג',קפה אל נחלה,,קפה נחלה 250 ג בלי ה,גרמים,250.00,100 גרם,false,,13.90,0.0556,true,1,2551793
7290003387205,false,ספיד סטיק - דאודורנט סטיק לגבר רגולר,הנסיך- מפעל לייצור ט,US,דאודורנט ספיד סטיק ר,גרמים,63.00,100 גרם,false,,16.90,0.2683,true,1,1017876
7290003387410,false,בלונס פדים להסרת איפור שלישייה,SEPTONA S.A.,GR,פדים להסרת איפור בלו,יח',80.00,יח',false,,16.90,0.2112,true,1,1017878
7290003397136,false,בדית קטן 18 יח',,,בדית 18 יחידות,יח',1.00,יח',false,,5.50,5.5000,true,1,1037218
7290003401369,false,"קרם לחות לשיער חוחובה נטורל פורמולה 40 מ""ל",מיוצר עי אמיליה קוסמ,IL,קרם לחות לשיער חוחוב,מיליליטרים,400.00,"100 מ""ל",false,,19.90,0.0497,true,1,1045675
7290003401376,false,"קרם לחות ועיצוב לשיער אלוורה נטורל 400 מ""ל",מיוצר עי אמיליה קוסמ,IL,קרם לחות קלאסיק ירוק,מיליליטרים,400.00,"100 מ""ל",false,,19.90,0.0497,true,1,1045676
7290003401420,false,"קרם לחות לשיער סיליקון כתום נטורל 400 מ""ל",מיוצר עי אמיליה קוסמ,IL,קרם לחות לשיער נטורל,מיליליטרים,400.00,"100 מ""ל",false,,19.90,0.0497,true,1,1045677
7290003401635,false,נטורל פורמולה לחות מעצבת לפתיחת תלתלים,מיוצר עי אמיליה קוסמ,IL,נטורל פורמולה לחות מ,מיליליטרים,400.00,"100 מ""ל",false,,20.70,0.0517,true,1,1045678
7290003401642,false,"קרם לחות לתלתלים טבעיים נטורל פורמולה 400 מ""ל",מיוצר עי אמיליה קוסמ,IL,קרם לחות לתלתלים טבע,מיליליטרים,400.00,"100 מ""ל",false,,20.70,0.0517,true,1,1045679
7290003411528,false,מלית קינמון פוליבה 450 גרם,"פוליבה בע""מ",IL,מלית קינמון פוליבה 4,גרמים,450.00,100 גרם,false,,9.90,0.0220,true,1,1027029
7290003414406,false,הרשי ריזס נטיפי אפייה בוטנים 283 גר',ליימן מותגים,,*מבצע* ריזס נטיפים ל,גרמים,283.00,100 גרם,false,,11.90,0.0420,true,1,1170740
7290003423909,false,חטיף הרשי קוקיס קרם לבן 43 גרם,ליימן מותגים,US,חטיף שוקולד לבן עם ש,יח',1.00,יח',false,,3.90,3.9000,true,1,1077957
7290003427154,false,"שמן זית כתית מעולה טעם מעודן זיתא 750 מ""ל",זיתא – י.ט.ב תעשיות,IL,שמן זית כתית מעולה ט,מיליליטרים,750.00,"100 מ""ל",false,,32.90,0.0439,true,1,1027824
7290003438006,false,ממרח אולביה פסטו וצנובר איטלקי 190ג',מיוצר עי קונדיטוריית,IL,ממרח פסטו איטלקי,גרמים,190.00,100 גרם,false,,12.90,0.0679,true,1,1013694
7290003438013,false,ממרח זיתים ירוקים אוליביה 190 גרם,קריות זול,IL,ממרח זיתים ירוקים,גרמים,190.00,100 גרם,false,,12.90,0.0679,true,1,1013695
7290003438020,false,ממרח עגבניות מיובשות אוליביה 190 גרם,מיוצר עי קונדיטוריית,IL,ממרח עגבניות מיובשות,גרמים,190.00,100 גרם,false,,12.90,0.0679,true,1,1013696
7290003438709,false,ממרח אולביה זיתים שחורים וירוקים 190 ג',גוד פוד פרודקטס S.p,IL,ממרח זיתים שחורים,גרמים,190.00,100 גרם,false,,12.90,0.0679,true,1,1013706
7290003438853,false,אוליביה ממרח אריסה חריפה 185 גר ',אוליביה,IL,אריסה חריפה 185גר,גרמים,185.00,100 גרם,false,,12.90,0.0697,true,1,1172285
7290003438990,false,עיטורי עגבניות מיובשות וזיתים אוליביה 280 ג',אוליביה גורמה בעמ,IL,עיטורי עגבניות,גרמים,280.00,100 גרם,false,,15.90,0.0568,true,1,1013711
7290003444009,false,חטיף הרשי ריזס שוקולד חלב 42 גר,ליימן מותגים,US,שוקולד חלב במילוי חמ,יח',1.00,יח',false,,3.90,3.9000,true,1,1077958
7290003450602,false,חרדל אמיתי צהוב בקבוק לחיץ 255 גר,היינץ צפון אמריקה מקבוצת ה.י.היינץ,US,חרדל לחיץ 255 גרם,גרמים,255.00,100 גרם,false,,7.50,0.0294,true,1,1028411
7290003457991,false,טילון קורנטו וניל עם וופל ואגוזי לוז מסוכרים,"גלידת שטראוס בע""מ, ר",IL,טילון קורנטו קלאסיקו,גרמים,300.00,100 גרם,false,,25.90,0.0863,true,1,1031488
7290003521074,false,"ד""ר פישר - סרקל מרכך שיער לילדים 1 ליטר",הדקלאים אגודת שיתופי,IL,סרקל מעצב ליטר,ליטרים,1.00,ליטר,false,,28.90,28.9000,true,1,1044677
7290003521081,false,"סרקל שמפו אל דמע לילדים ד""ר פישר 1 ליטר","ד""ר פישר Dr fischer",IL,סרקל שמפו ליטר,ליטרים,1.00,ליטר,false,,28.90,28.9000,true,1,1044678
7290003521166,false,"ד""ר פישר - סרקל קרם רוזמרין לילדים 325 מ""ל","ד""ר פישר Dr fischer",IL,"סרקל קרם רוזמרין 325מ""ל",מיליליטרים,325.00,"100 מ""ל",false,,22.90,0.0705,true,1,1044679
7290003521197,false,"ד""ר פישר - סרקל תרסיס מתיר קשרים 340 מ""ל",פישר מעבדות פרמצבטיו,IL,"סרקל מתיר קשרים 340מ""ל",מיליליטרים,325.00,"100 מ""ל",false,,22.90,0.0705,true,1,1044681
7290003521203,false,"סרקל שמפו לשיער לילדים אל דמע ד""ר פישר 2 ליטר","ד""ר פישר Dr fischer",IL,סרקל שמפו 2 ליטר,ליטרים,2.00,ליטר,false,,39.90,19.9500,true,1,1044682
7290003521210,false,"סרקל מרכך לשיער לילדים ד""ר פישר 2 ליטר",פישר מעבדות פרמצבטיו,IL,סרקל מעצב 2 ליטר,ליטרים,2.00,ליטר,false,,39.90,19.9500,true,1,1044683
7290003521340,false,"קמיל בלו אל סבון קלאסיק ד""ר פישר 2 ליטר",פישר מעבדות פרמצבטיו,IL,קמיל בלו קלאסיק 2 ליטר,ליטרים,2.00,ליטר,false,,33.90,16.9500,true,1,1044684
7290003521395,false,"קמיל בלו אל סבון לתינוק ד""ר פישר 2 ליטר",פישר מעבדות פרמצבטיו,IL,קמיל בלו סנסיטיב אל סבון,ליטרים,2.00,ליטר,false,,34.90,17.4500,true,1,1044686
7290003521463,false,"קמיל בלו שמפו לשיער אל דמע ד""ר פישר 2 ליטר",פישר מעבדות פרמצבטיו,IL,ק.ב סנסטיב אל דמע 2 ליטר,ליטרים,2.00,ליטר,false,,34.90,17.4500,true,1,1044689
7290003525898,false,סלט טונה שלישיה * 180 ג' וילגיר,נטו מלינדה,,סלט טונה 160 גרם,גרמים,160.00,100 גרם,false,,14.90,0.0931,true,1,1025058
7290003550753,false,טונה פוסידון בשמן רביעיה *108 ג',"מיוצר עי וליגר בעמ,",IL,טונה פוסידון בשמן 4*,גרמים,308.00,100 גרם,false,,19.90,0.0646,true,1,1025077
7290003569021,false,כרובית ארוזה יח' רמי לוי,,,כרובית ארוזה יח' רמי,יח',1.00,יח',false,,7.90,7.9000,true,1,2431509
7290003578672,false,ויליפוד שמן חמניות 1 ליטר{בית יוסף},וילי פוד,TR,ויליפוד שמן חמניות 1,ליטרים,1.00,ליטר,false,,8.90,8.9000,true,1,6816268
7290003643004,false,"סוגת אורז בסמטי קלאסי 1 ק""ג",האי נאם סי או אל.טי.,IL,סוגת אורז בסמטי קלאס,גרמים,1000.00,100 גרם,false,,12.90,0.0129,true,1,1022892
7290003643325,false,קוסקוס בינוני 350 גרם סוגת,"אסיף תעשיות מזון בע""",IL,קוסקוס בינוני 350 גרם,גרמים,350.00,100 גרם,false,,4.90,0.0140,true,1,1022902
7290003643387,false,"סוכר לבן בצנצנת 1 ק""ג סוגת",האי נאם סי או אל.טי.,IL,סוכר לבן בצנצנת 1 קג,גרמים,1000.00,100 גרם,false,,7.90,0.0079,true,1,1022905
7290003643646,false,"סוכר דמררה קלאסי בצנצנת סוגת 1 ק""ג",האי נאם סי או אל.טי.,IL,סוכר חום דמררה צנצנת 1 קג,יח',1.00,יח',false,,12.90,12.9000,true,1,1022906
7290003643684,false,אפונה יבשה סוגת 500 גר',האי נאם סי או אל.טי.,IL,אפונה 500 גר,גרמים,500.00,100 גרם,false,,5.90,0.0118,true,1,1022907
7290003643707,false,סוגת גריסים 500 גרם,"סוגת תעשיות בע""מ",IL,גריסים 500 גר,גרמים,500.00,100 גרם,false,,4.50,0.0090,true,1,1022908
7290003643714,false,חומוס גרגירים 500 גרם סוגת,האי נאם סי או אל.טי.,IL,חומוס 500 גר,גרמים,500.00,100 גרם,false,,7.80,0.0156,true,1,1022909
7290003643745,false,סוגת כוסמת 500 גרם,האי נאם סי או אל.טי.,IL,כוסמת 500 גר,גרמים,500.00,100 גרם,false,,6.90,0.0138,true,1,1022911
7290003643752,false,עדשים ירוקים יבש סוגת 500 גר',האי נאם סי או אל.טי.,IL,עדשים ירוקים 500 גר,גרמים,500.00,100 גרם,false,,6.90,0.0138,true,1,1022912
7290003643769,false,עדשים אדומים יבש סוגת 500 גר',"סוגת תעשיות בע""מ",IL,עדשים אדומים 500 גר,גרמים,500.00,100 גרם,false,,6.90,0.0138,true,1,1022913
7290003643776,false,"פופקורן גרעינים סוגת 500 ג' כשל""פ",האי נאם סי או אל.טי.,IL,פופקורן 500 גר,גרמים,500.00,100 גרם,false,,5.50,0.0110,true,1,1022914
7290003643806,false,שעועית לבנה יבשה סוגת 500 ג',האי נאם סי או אל.טי.,IL,שעועית לבנה 500 גר,גרמים,500.00,100 גרם,false,,10.90,0.0218,true,1,1022916
7290003643813,false,שעועית אדומה יבשה סוגת 500 גר',האי נאם סי או אל.טי.,IL,שעועית אדומה 500 גר,גרמים,500.00,100 גרם,false,,10.90,0.0218,true,1,1022917
7290003648849,false,מקרל בשמן שמיר 750 ג,סלטי שמיר 2006 בעמ,IL,מקרל בשמן 550 גר,גרמים,550.00,100 גרם,false,,39.90,0.0725,true,1,6818487
7290003680184,false,מסחטה פלסטיק רגילה,,,מסחטת מיץ,יח',1.00,יח',false,,7.90,7.9000,true,1,1851396
7290003680283,false,תבנית אחסון הרמטית,,,תבנית אחסון הרמטית,יח',1.00,יח',false,,9.90,9.9000,true,1,1832455
7290003680412,false,נפנף,,,נפנף,יח',1.00,יח',false,,3.50,3.5000,true,1,6783256
7290003719259,false,"ליבו לחם טבעי אקסקלוסיבי 1 ק""ג",מאפית י את א ברמן בע,IL,לחם ליבו אקסלוסיבי 1,100 לקג,1.00,100 לקג,false,,15.80,15.8000,true,1,5405876
7290003726141,false,טופו אמיתי כפרי בריא 300 גרם,ג'נרל מילס סאן אדריא,IL,טופו אמיתי כפרי בריא,גרמים,300.00,100 גרם,false,,9.90,0.0330,true,1,1021606
7290003726615,false,"טופו ויילר 300 גרם ""שטראוס""",הדקלאים אגודת שיתופי,IL,טופו ויילר 300 גר,יח',1.00,יח',false,,10.90,10.9000,true,1,6000953
7290003726622,false,טופו פיקנטי 300 ג' משק ויילר,משק וואיילר,IL,טופו פיקנטי 300 גר,גרמים,300.00,100 גרם,false,,10.90,0.0363,true,1,6835810
7290003726776,false,שניצל טופו טעם עוף 420 גר,משק ויילר,IL,שניצל טופו טעם עוף 4,גרמים,420.00,100 גרם,false,,26.90,0.0640,true,1,6870073
7290003726783,false,שניצל טופו עם תירס 420 גר,משק ויילר,IL,שניצל טופו עם תירס 4,גרמים,420.00,100 גרם,false,,26.90,0.0640,true,1,6870074
7290003726790,false,שניצל טופו טעם פיקנטי 420 גר,משק ויילר,IL,שניצל טופו טעם פיקנט,גרמים,420.00,100 גרם,false,,26.90,0.0640,true,1,6870075
7290003726868,false,טופו חומוס בתוספת עגבניות מיובשות 300 ג' משק ויילר,משק וואיילר,IL,טופו חומוס בתוספת עג,גרמים,300.00,100 גרם,false,,12.90,0.0430,true,1,6830148
7290003726875,false,טופו חומוס בתוספת פסטו וילר 300 גרם,משק וואיילר,IL,טופו חומוס בתוספת פס,גרמים,300.00,100 גרם,false,,12.90,0.0430,true,1,6830149
7290003781065,false,מלפפונים בחומץ קטנים מאוד וילי פוד 370 גרם,וילי פוד,VN,מלפפונים בחומץ קטנים,גרמים,370.00,100 גרם,false,,9.90,0.0268,true,1,1027451
7290003781652,false,צלפים במי מלח וילי פוד 230 גרם,קריות זול,TR,צלפים במי מלח וילי פ,גרמים,230.00,100 גרם,false,,8.90,0.0387,true,1,1027453
7290003804252,false,תיבולית נוסח הודי קנור 72 גרם,יוניליוור ישראל מזון,IL,תיבולית הודי קנור 72,גרמים,72.00,100 גרם,false,,7.40,0.1028,true,1,1022502
7290003804320,false,תיבולית שום ופטרוזיליה קנור 72 גרם,יוניליוור ישראל מזון,IL,תיבולית שום ופטרוזיל,גרמים,80.00,100 גרם,false,,7.40,0.0925,true,1,1022503
7290003804368,false,"תיבולית בזיליקום בד""ץ 72 ג' קנור",יוניליוור ישראל מזון,IL,תיבולית בזיליקום קנו,גרמים,72.00,100 גרם,false,,7.40,0.1028,true,1,1022506
7290003805501,false,"פתית שוודי חסכוני בד""צ 300 גרם",יוניליוור ישראל מזון,IL,פתית שוודי תלמה 300,גרמים,300.00,100 גרם,false,,14.90,0.0497,true,1,1022517
7290003805587,false,"פתית חיטה מלאה בד""צ 250 גרם-קופסא",יוניליוור ישראל מזון,IL,פתית חיטה מלאה תלמה,גרמים,250.00,100 גרם,false,,14.90,0.0596,true,1,1022524
7290003807178,false,"רוטב קנור סויה בסגנון סיני 300 מ""ל",אתר חיפה 778 - Food,IL,רוטב סויה בסגנון סינ,מיליליטרים,300.00,"100 מ""ל",false,,9.90,0.0330,true,1,1022533
7290003864478,false,סרדינים בשמן צמחי ויליפוד 110ג' פתח קל,גולדן פרייז קאנינג א,TH,סרדין בשמן צמחי 110ג,גרמים,85.00,100 גרם,false,,4.90,0.0576,true,1,1027456
7290003864485,false,סרדינים ברוטב עגבנ יות ויליפוד 110ג' פתח קל,גולדן פרייז קאנינג א,TH,סרדין ברוטב עגבניות,גרמים,85.00,100 גרם,false,,4.90,0.0576,true,1,1027457
7290003864492,false,סרדינים בשמן צמחי חריף פתח קל ויליפוד 110ג',גולדן פרייז קאנינג א,TH,סרדין בשמן צמחי חריף,גרמים,85.00,100 גרם,false,,4.90,0.0576,true,1,1027458
7290003882922,false,עלי גפן ממולאים באורז וילי פוד 360 גרם,הזה פלאקספו פוד קו ב,CN,עלי גפן ממולאים באור,גרמים,360.00,100 גרם,false,,8.50,0.0236,true,1,1027463
7290003976348,false,"נוזל חיטוי רב תכליתי גרין קר 750 מ""ל",,,נוזל חיטוי רב תכליתי,מיליליטרים,750.00,"100 מ""ל",false,,12.90,0.0172,true,1,6692540
7290003976751,false,מילוי למטהר אויר אוטמטי 250 מל,,,מילוי למטהר אויר אוט,יח',1.00,יח',false,,8.90,8.9000,true,1,6728616
7290003976799,false,ג'ל מסיר כתמים 3 ליטר,,,ג'ל מסיר כתמים 3 ליט,יח',1.00,יח',false,,23.90,23.9000,true,1,6722250
7290003989096,false,סלט חצילים פיקנטי אחלה 500 גרם,מיוצר עי קונדיטוריית,IL,סלט חצילים פיקנטי אח,גרמים,500.00,100 גרם,false,,14.90,0.0298,true,1,1033133
7290003989539,false,לורנצו רביולי במילוי גבינה,מיוצר עי קונדיטוריית,IL,פסטה רביולי גבינה 40,גרמים,400.00,100 גרם,false,,19.80,0.0495,true,1,1033134
7290003989553,false,פסטה טורטליני גבינה ופטריות 400 גרם,מיוצר עי קונדיטוריית,IL,פסטה טורטליני גבינה,גרמים,400.00,100 גרם,false,,19.80,0.0495,true,1,1033135
7290003996018,false,חסה ערבית (שקית ) חסלט,נסטלה קוריאה - קפה,IL,חסה ערבית (שקית ) חס,יח',1.00,יח',false,,7.80,7.8000,true,1,1034970
7290003996186,false,בזיליקום(שקית ) חסלט,נסטלה קוריאה - קפה,IL,בזיליקום(שקית ) חסלט,יח',1.00,יח',false,,7.80,7.8000,true,1,1034982
7290003996209,false,פטריות שמפיניון חסלט הרב אפרתי,נסטלה קוריאה - קפה,IL,פטריות שמפניון חסלט,יח',1.00,יח',false,,9.90,9.9000,true,1,6748696
7290003996575,false,סלק אדום מבושל בואקום חסלט,,,סלק וואקום שקית 500,גרמים,500.00,100 גרם,false,,6.90,0.0138,true,1,6813902
7290003996742,false,עלי תרד במגשית אפרתי חסלט,סוגת תעשיות בעמ,IL,עלי תרד מגשית חסלט,גרמים,200.00,100 גרם,false,,12.80,0.0640,true,1,1034995
7290004011284,false,ריצ בסיס להכנת קצפת 25% 212מל,ריצ' פרודקטס קורפריי,US,בסיס להכנת קצפת ריצ',מיליליטרים,212.00,"100 מ""ל",false,,6.90,0.0325,true,1,1025086
7290004011338,false,"ספריי קצפת מתוקה מוכנה ריץ' 250 מ""ל",האי נאם סי או אל.טי.,IT,ספריי קצפת מתוקה מוכ,מיליליטרים,250.00,"100 מ""ל",false,,8.90,0.0356,true,1,1025088
7290004011345,false,"ספריי קצפת מתוקה מוכנה פרווה ריץ' 238 מ""ל",האי נאם סי או אל.טי.,IT,ספריי קצפת מתוקה מוכ,מיליליטרים,238.00,"100 מ""ל",false,,8.90,0.0374,true,1,1025089
7290004011796,false,קבבונים בקר קפוא אל גאוצ''ו 400ג',"טיבון ויל אחזקות בע""",IL,קבבונים אל גאוצ'ו 40,גרמים,45.00,100 גרם,false,,22.90,0.5089,true,1,1025096
7290004011802,false,נקניקיות צ'וריסוס אל גאוצ'ו 400 גר',טיבון ויל אחזקות בעמ,IL,צ'וריסוס אל גאוצ'ו 4,גרמים,400.00,100 גרם,false,,23.90,0.0597,true,1,1025097
7290004011819,false,המבורגר ריב אנטריקוט אל גאוצ'ו 360 גרם,האי נאם סי או אל.טי.,IL,המבורגר ריב אנטריקוט,גרמים,360.00,100 גרם,false,,21.90,0.0608,true,1,1025098
7290004011826,false,מיני המבורגר ריב אנטריקוט,טיבון ויל אחזקות בעמ,IL,מיני המבורגר ריב 320,גרמים,320.00,100 גרם,false,,21.90,0.0684,true,1,1025099
7290004014407,false,סוכריות M&M בוטנים 46 ג',מרס נדרלנד,US,אמ אנד אם חטיף 46 גר,גרמים,46.00,100 גרם,false,,4.90,0.1065,true,1,1275284
7290004022309,false,אמ&אמס אריזה בינונית,מרס,US,אם אנד אם חמאת בוטני,גרמים,80.00,100 גרם,false,,5.90,0.0738,true,1,2342003
7290004030018,false,"פריניב מיץ לימון סחוט פרי לתיבול 500 מ""ל",הנסיך- מפעל לייצור ט,IL,מיץ לימון סחוט רכיבי,מיליליטרים,500.00,"100 מ""ל",false,,6.40,0.0128,true,1,1044104
7290004030216,false,משקה בטעם חמוציות 1 ליטר פריניב,פריניב בעמ,IL,*מבצע* נקטר חמוציות,100 מל,1000.00,100 מל,false,,8.90,0.0089,true,1,1044109
7290004030223,false,מיץ תפוחים סחוט רכיבים טבעיים 100% פרי ניב 1 ליטר,פריניב בעמ,IL,מיץ תפוחים סחוט רכיב,ליטרים,1.00,ליטר,false,,16.90,16.9000,true,1,1044110
7290004030377,false,מיץ לימון לתיבול רמי לוי 500 מל,,,מיץ לימון לתיבול רמי,מיליליטרים,500.00,"100 מ""ל",false,,5.50,0.0110,true,1,6759581
7290004030445,false,מיץ תפוזים סחוט רכיבים טבעיים 1 ליטר פרי ניב,הנסיך- מפעל לייצור ט,IL,מיץ תפוזים סחוט רכיב,ליטרים,1.00,ליטר,false,,13.90,13.9000,true,1,1044121
7290004030544,false,משקה בטעם לימונדה לואיזה ולימון 1 ליטר פריניב,פריניב בעמ,IL,משקה קל לימונענע 1,ליטרים,1.00,ליטר,false,,12.90,12.9000,true,1,1044122
7290004030612,false,"מיץ תפוח, קיווי אגס ללא תוספת סוכר 1 ליטר פרי ניב",הנסיך- מפעל לייצור ט,IL,מיץ תפוח קיווי אגס,ליטרים,1.00,ליטר,false,,13.90,13.9000,true,1,1078322
7290004030834,false,מיץ רימונים סחוט 100% רכיבים טבעיים פרי ניב 1 ליטר,פריניב בעמ,IL,מיץ רימונים סחוט 100,ליטרים,1.00,100 ליטר,false,,19.90,19.9000,true,1,1044135
7290004033705,false,הבורגריה – 6 לחמניות המבורגר בשקית,מאפית י את א ברמן בע,IL,לחמניות המבורגר ביג,יח',1.00,יח',false,,12.90,12.9000,true,1,6789394
7290004033712,false,לחם עננים מקמח מלא עם פרוסות עבות,מאפית י את א ברמן בע,IL,לחם עננים מקמח מלא 7,גרמים,750.00,100 גרם,false,,14.90,0.0199,true,1,6789395
7290004033729,false,לחם עננים מקמח כוסמין עם פרוסות עבות,מאפית י את א ברמן בע,IL,לחם עננים כוסמין 750,גרמים,750.00,100 גרם,false,,15.90,0.0212,true,1,6789396
7290004033736,false,"עננים לחם לבן בסגנון בריוש עם פרוסות עבות, 500 גרם",מאפית י את א ברמן בע,IL,לחם עננים סגנון בריו,גרמים,500.00,100 גרם,false,,13.90,0.0278,true,1,6824572
7290004033750,false,לחמניות עננים סגנון בריוש,מאפית י את א ברמן בע,IL,לחמניות עננים סגנון,100 יח',125.00,100 יח',false,,13.90,0.1112,true,1,6920834
7290004034610,false,המבורגר ריב אנטריקוט 360ג רמילוי,,,המבורגר ריב אנטריקוט,גרמים,360.00,100 גרם,false,,26.90,0.0747,true,1,5008102
7290004034627,false,קבב 400גר קפוא מחפוד רמילוי,,,קבב 400גר קפוא מחפוד,גרמים,360.00,100 גרם,false,,26.90,0.0747,true,1,5008103
7290004034641,false,קציצות מתובלות לאש 4,,,קציצות מתובלות לאש 4,גרמים,360.00,100 גרם,false,,26.90,0.0747,true,1,5008105
7290004034658,false,סטייק אנטריקוט קפוא,,,סטייק אנטריקוט קפוא,קילוגרמים,1.00,"ק""ג",true,,129.90,129.9000,true,1,5008101
7290004043108,false,אמ&אמס אריזה בינונית,מרס,US,אם אנד אם שוקולד 89,גרמים,89.00,100 גרם,false,,5.90,0.0663,true,1,2341981
7290004043205,false,אמ&אמס אריזה בינונית,מרס,US,אם אנד אם בוטנים 93,גרמים,93.00,100 גרם,false,,5.90,0.0634,true,1,2426433
7290004061449,false,טופ שף שניצל אמרקאי 700 גר,ויטה,,טופ שף שניצל אמרקאי,גרמים,700.00,100 גרם,false,,11.50,0.0164,true,1,6702255
7290004061487,false,טבעות עוף 700 גר,פרסקו,,טבעות עוף 700,גרמים,700.00,100 גרם,false,,11.50,0.0164,true,1,6702256
7290004064082,false,מטחנה מלח ים טבעי 250 גרם מלח הארץ,חברת מלח הארץ אילת ב,IL,מטחנה מלח ים 250 גר,גרמים,250.00,100 גרם,false,,12.90,0.0516,true,1,1490936
7290004064099,false,מטחנה מלח מהרי ההימלאיה 250 ג מלח הארץ,חברת מלח הארץ אילת ב,IL,מטחנה מלח מהרי האימל,גרמים,250.00,100 גרם,false,,15.90,0.0636,true,1,1490937
7290004064174,false,"תבלין מלח ההימלאיה דק בצנצנת 1 ק""ג","מלח הארץ אילת בע""מ",IL,מלח הימלאיה דק צנצנת,100 קילו,1.00,100 קילו,false,,14.90,14.9000,true,1,3634635
7290004064181,false,"תבלין מלח ההימלאיה גס בצנצנת 1 ק""ג",חברת מלח הארץ אילת ב,IL,מלח הימלאיה גס צנצנת,100 קילו,1.00,100 קילו,false,,14.90,14.9000,true,1,3634636
7290004064228,false,מלח במטחנה אקסטרא תבלינים שום ופלפל 125 גר',"מלח הארץ אילת בע""מ",IL,מטחנת מלח אקסטרא שום,גרמים,125.00,100 גרם,false,,15.90,0.1272,true,1,5232005
7290004064297,false,"מלח מועשר ביוד בצנצנת מלח הארץ 1 ק""ג","מלח הארץ אילת בע""מ",IL,מלח מועשר ביוד צנצנת,גרמים,1000.00,100 גרם,false,,8.90,0.0089,true,1,6019003
7290004064303,false,מלח אטלנטי בצנצנת מלח הארץ 800 גרם,"מלח הארץ אילת בע""מ",IL,מלח אטלנטי צנצנת 800,גרמים,800.00,100 גרם,false,,17.90,0.0224,true,1,6019004
7290004064327,false,מלח פלוס פפרקיה מלחייה 175 גר',מלח הארץ אילת,IL,מלח פלוס פפריקה מלחי,גרמים,175.00,100 גרם,false,,9.90,0.0566,true,1,6793059
7290004064334,false,מלח פלוס שום מלחייה 175 ג' מלח הארץ,מלח הארץ אילת,IL,מלח פלוס שום מלחייה,גרמים,175.00,100 גרם,false,,9.90,0.0566,true,1,6793060
7290004064358,false,"מלח דק זורם בקלות מלח הארץ קרטון 1 ק""ג","מלח הארץ אילת בע""מ",IL,מלח דק קרטון 1קג,גרמים,1000.00,100 גרם,false,,4.90,0.0049,true,1,6593655
7290004064389,false,מלח הימלאיה דק מלחייה 250 גרם,"מלח הארץ אילת בע""מ",IL,מלח הימלאיה דק מלחיי,גרמים,250.00,100 גרם,false,,9.90,0.0396,true,1,6764478
7290004064457,false,"מלח שולחן בשקית 1 ק""ג רמי לוי",,,"מלח שולחן בשקית 1 ק""",קג,1.00,קג,false,,1.50,1.5000,true,1,6870885
7290004064464,false,"מלח גס בשקית 1 ק""ג רמי לוי",,,"מלח גס בשקית 1 ק""ג ר",קילוגרמים,1.00,"ק""ג",false,,1.50,1.5000,true,1,6916044
7290004068011,false,יוגורט כבשים בדלי 5% שומן 600 ג' גד,"מיוצר ע""י קוד יצרן M",IL,יוגורט כבשים מחלבות,מיליליטרים,600.00,"100 מ""ל",false,,16.90,0.0282,true,1,1021607
7290004068028,false,"יוגורט צזיקי לשתיה 3.5% 500 מ""ל רובין",מיוצר על ידי קוד יצר,IL,משקה ציזיקי גד 500 מ,מיליליטרים,500.00,"100 מ""ל",false,,7.90,0.0158,true,1,1021608
7290004068035,false,"איירן יוגורט לשתייה 3% גד 500 מ""ל","מיוצר ע""י קוד יצרן M",IL,איירן 500מל,מיליליטרים,500.00,"100 מ""ל",false,,7.90,0.0158,true,1,1021609
7290004068172,false,"יוגורט עיזים בדלי 5% 600 מ""ל רובין",קוד יצרן MKN,IL,יוגורט עזים דלי 600ג,גרמים,600.00,100 גרם,false,,16.90,0.0282,true,1,1021611
7290004075231,false,סטייק דק דק פרמיום 300 גר' מחפוד.,,,סטייק אנטריקוט פרמיו,יח',1.00,יח',false,,29.90,29.9000,true,1,5972308
7290004075293,false,פיקניה דק דק פרימיום,,,פיקניה דק דק מחפוד,גרמים,300.00,100 גרם,false,,30.90,0.1030,true,1,6887858
7290004075576,false,קבב רומני פרמיום מח,,,קבב רומני פרמיום מח,קילוגרמים,1.00,"ק""ג",true,,51.90,51.9000,true,1,6773233
7290004075583,false,ניורק בורגר פרמיום מ,,,ניורק בורגר פרמיום מ,קילוגרמים,1.00,"ק""ג",true,,51.90,51.9000,true,1,6773234
7290004075613,false,שווארמה עוף להקפצה מ,,,שווארמה עוף להקפצה מ,קילוגרמים,1.00,"ק""ג",true,,59.90,59.9000,true,1,6758700
7290004078270,false,נוזל לניקוי כלים בריח לימון פלמוליב 1 ליטר,יבואן ומשווק: ש. שסט,GR,נוזל לניקוי כלים ברי,ליטרים,1.00,ליטר,false,,13.90,13.9000,true,1,1017915
7290004078690,false,"אגקס נוזל לניקוי אסלות מרענן 750 מ""ל",הנסיך- מפעל לייצור ט,GR,אג'קס נוזל לניקוי אס,מיליליטרים,750.00,"100 מ""ל",false,,14.90,0.0199,true,1,1017918
7290004078942,false,ליידי ספיד סטיק - דאודורנט ג'ל לאישה 65 גרם,קולגייט פלמוליב,US,דאודורנט ג'ל פרש ליי,גרמים,63.00,100 גרם,false,,14.90,0.2365,true,1,1017919
7290004104306,false,טרמומטר לחדר עץ,איתן,,טרמומטר לחדר עץ,יח',1.00,יח',false,,11.90,11.9000,true,1,1130112
7290004119133,false,כד יוגורט תנובה 6.5% שומן 1.5 ליטר,מיוצר עי קונדיטוריית,IL,יוגורט תנובה 6.5% כד,ליטרים,1.50,ליטר,false,,15.90,10.6000,true,1,1016124
7290004119225,false,יופלה יוגורט אננס %3 גביע 150 גרם,תנובה מרכז שיתופי לש,IL,יופלה יוגורט אננס %3,מיליליטרים,150.00,"100 מ""ל",false,,4.70,0.0313,true,1,1016125
7290004119928,false,קרלו מעדן וניל רביעיות גביע 125 1.5%,מחלבת אלון תבור,IL,קרלו מעדן וניל גביע,מיליליטרים,125.00,"100 מ""ל",false,,2.80,0.0224,true,1,1016128
7290004119973,false,קרלו מעדן שוקו רביעיה גביע 125 1.5%,תנובה מרכז שיתופי לש,IL,קרלו מעדן שוקולד 2%,מיליליטרים,125.00,"100 מ""ל",false,,2.80,0.0224,true,1,1016129
7290004120061,false,קרלו שוניל מעדן 125 גרם,תנובה מרכז שיתופי לש,IL,קרלו שוניל 1.5% 125,מיליליטרים,125.00,"100 מ""ל",false,,2.90,0.0232,true,1,1016130
7290004120108,false,יופלה דיאט יוגורט דובדבן %0 גביע 150גרם,תנובה מרכז שיתופי לש,IL,יופלה דיאט יוגורט דו,מיליליטרים,150.00,"100 מ""ל",false,,4.70,0.0313,true,1,1016131
7290004120566,false,פיראוס 24% גבינה בולגרית 250 גרם,תנובה חלב,IL,פיראוס בולגרית גביע,גרמים,250.00,100 גרם,false,,19.90,0.0796,true,1,1016135
7290004120573,false,פיראוס 16% גבינה בולגרית 250 גרם,תנובה מרכז שיתופי לש,IL,פיראוס בולגרית גביע,גרמים,250.00,100 גרם,false,,19.90,0.0796,true,1,1016136
7290004120634,false,גבינה פיראוס בולגרית 5% 250 גרם,תנובה מרכז שיתופי לש,IL,פיראוס בולגרית גביע,גרמים,250.00,100 גרם,false,,19.90,0.0796,true,1,1016137
7290004120832,false,"חלב 2 ליטר 3% כד ""תנובה""- מוצר בפיקוח",תנובה מרכז שיתופי לש,IL,חלב תנובה טרי %3 כד,ליטרים,2.00,ליטר,false,,12.40,6.2000,true,1,1016139
7290004121488,false,יופלה דיאט אפרסק 0% גביע 150 גרם,תנובה מרכז שיתופי לש,IL,יופלה דיאט אפרסק 0%,מיליליטרים,150.00,"100 מ""ל",false,,4.70,0.0313,true,1,1016140
7290004121525,false,יופלה מאגדת פרי 4 תות 4 אפרסק 3% 8 יח'*150 ג',תנובה מרכז שיתופי לש,IL,מאגדת שמיניה יופלה פ,ליטרים,1.20,ליטר,false,,27.90,23.2500,true,1,1016141
7290004121754,false,יוגורט עוגת גבינה ותות 3% שומן 150 ג' יופלה,תנובה חלב,IL,יופלה יוגורט עוגת גב,מיליליטרים,150.00,"100 מ""ל",false,,4.80,0.0320,true,1,1016143
7290004121839,false,גבינת פטה כבשים 20% 250 ג' פיראוס,תנובה מרכז שיתופי לש,IL,פיראוס פטה כבשים 20%,גרמים,250.00,100 גרם,false,,24.90,0.0996,true,1,1016145
7290004121853,false,גבינה בולגרית פיראוס 5% קוביות 200 גרם,תנובה מרכז שיתופי לש,IL,פיראוס קוביות בולגרי,גרמים,200.00,100 גרם,false,,19.90,0.0995,true,1,1016146
7290004122119,false,פתיתי פרמזן 23% לפסטה השף הלבן 100 גרם,פ.פ.ח. שאביט,IL,פתיתי פרמזן לפסטה 10,גרמים,100.00,100 גרם,false,,10.90,0.1090,true,1,1016150
7290004122195,false,"גבינת גוש חלב פרוס 28%, כשרות מהדרין, 200 ג'",תנובה חלב,IL,גוש חלב פרוס 200 %28,גרמים,200.00,100 גרם,false,,12.90,0.0645,true,1,1016151
7290004122270,false,עמק קלאסית פרוסות גבינה חצי קשה 28% 200 גרם,תנובה מרכז שיתופי לש,IL,עמק פרוס בקופסא 200,גרמים,200.00,100 גרם,false,,15.80,0.0790,true,1,1016152
7290004122348,false,גבינת עמק לייט פרוס בקופסא 200 גרם,תנובה מרכז שיתופי לש,IL,עמק לייט פרוס 200 גר,גרמים,200.00,100 גרם,false,,16.60,0.0830,true,1,1016154
7290004122607,false,עמק לייט חריץ 9% תנו,תנובה מרכז שיתופי לש,,עמק לייט 9%- חריץ,קילוגרמים,1.00,"ק""ג",true,,70.00,70.0000,true,1,1015770
7290004122676,false,גבינת חמד לייט 5% פיראוס 250 ג',"תנובה,מחלבת טנא נוגה",IL,פיראוס חמד לייט 5% 2,גרמים,250.00,100 גרם,false,,17.50,0.0700,true,1,1016158
7290004122683,false,עמק חטיף אצבעות גבינה חצי קשה 28% שומן,תנובה מרכז שיתופי לש,IL,אצבעות 28% חטיף גבינ,גרמים,172.00,100 גרם,false,,15.90,0.0924,true,1,1016159
7290004124205,false,יופלה דיאט יוגורט תות %0 גביע 150 גרם,תנובה מרכז שיתופי לש,IL,יופלה דיאט יוגורט תו,מיליליטרים,150.00,"100 מ""ל",false,,4.70,0.0313,true,1,1016169
7290004124847,false,"קצפת צמחית השף הלבן 500 מ""ל תנובה",תנובה מרכז שיתופי לש,IL,קצפת צמחית השף הלבן,מיליליטרים,500.00,"100 מ""ל",false,,13.90,0.0278,true,1,1016170
7290004125370,false,"שמנת חמוצה 9 % מופחתת שומן 200 מ""ל",תנובה מרכז שיתופי לש,IL,שמנת אורגינל 9% 200מ,מיליליטרים,200.00,"100 מ""ל",false,,3.50,0.0175,true,1,1016172
7290004125400,false,"אשל שלי מהדרין 200 מ""ל 4.5% ""תנובה""- מוצר בפיקוח",פארייפאבה אגרואינדוס,IL,אשל 4.5% 200מל מהדרי,מיליליטרים,200.00,"100 מ""ל",false,,1.60,0.0080,true,1,1016173
7290004125417,false,"גיל 3% שלי 200 מ""ל ""תנובה"" -מוצר בפיקוח",תנובה מרכז שיתופי לש,IL,גיל 3% 200מל מהדרין,מיליליטרים,200.00,"100 מ""ל",false,,1.50,0.0075,true,1,1016174
7290004125455,false,"שמנת חמוצה 200 מ""ל 15% ""תנובה"" -מוצר בפיקוח",תנובה מרכז שיתופי לש,IL,שמנת אורגינל 15% 200,מיליליטרים,200.00,"100 מ""ל",false,,2.40,0.0120,true,1,1016175
7290004125462,false,"שמנת אורגינל 15% מהדרין 500 מ""ל",תנובה מרכז שיתופי לש,IL,שמנת אורגינל 15% 500,מיליליטרים,500.00,"100 מ""ל",false,,5.90,0.0118,true,1,1016176
7290004125509,false,"שמנת 15% חצי מנה 100 מ""ל תנובה",תנובה מרכז שיתופי לש,IL,שמנת חמוצה 15% תנובה,מטרים,100.00,100 מ'ל,false,,1.60,0.0160,true,1,1016177
7290004125578,false,משקה סויה מעושר בסידן תנובה 1ל',תנובה מרכז שיתופי לש,IL,משקה סויה מועשר 1 לי,ליטרים,1.00,ליטר,false,,9.90,9.9000,true,1,1016178
7290004125585,false,משקה סויה וניל תנובה E אלטרנטיב,תנובה מרכז שיתופי לש,IL,משקה סויה וניל על הב,ליטרים,1.00,ליטר,false,,9.90,9.9000,true,1,1016179
7290004125721,false,"השף הלבן שמנת עמידה לבישול 15% תנובה 250 מ""ל",תנובה מרכז שיתופי לש,IL,השף הלבן שמנת עמידה,מיליליטרים,250.00,"100 מ""ל",false,,7.90,0.0316,true,1,1016181
7290004125738,false,שמנת מתוקה להקצפה32% 250מל עמיד השף הלבן,תנובה מרכז שיתופי לש,IL,השף הלבן שמנת להקצפה,מיליליטרים,250.00,"100 מ""ל",false,,5.90,0.0236,true,1,1016182
7290004125776,false,גבינה צהובה עמק 28% 400 גרם בקופסא,תנובה חלב,IL,עמק פרוס 28% 400 גרם,גרמים,400.00,100 גרם,false,,27.80,0.0695,true,1,1016183
7290004126674,false,טל העמק פרוסות גבינה חצי קשה לייט %9 200 גרם בקופסא,תנובה מרכז שיתופי לש,IL,טל העמק לייט %9 200,גרמים,200.00,100 גרם,false,,17.90,0.0895,true,1,1016185
7290004126759,false,יופלה דיאט פירות יער %0 גביע 150 גרם,תנובה חלב,IL,יופלה דיאט פירות יער,מיליליטרים,150.00,"100 מ""ל",false,,4.80,0.0320,true,1,1016186
7290004126872,false,משקאות חלב תנובה שוקו בקבוק 250מל,תנובה חלב,IL,"שוקו תנובה 250 מ""ל",מיליליטרים,250.00,"100 מ""ל",false,,5.30,0.0212,true,1,1016187
7290004127077,false,קוטג תנובה 3% גביע 250 גרם מהדרין,מיוצר עי קונדיטוריית,IL,קוטג תנובה 3% גביע 2,גרמים,250.00,100 גרם,false,,5.40,0.0216,true,1,1016188
7290004127329,false,קוטג תנובה גביע 250 גרם %5 ו.מהדרין,מיוצר עי קונדיטוריית,IL,קוטג תנובה גביע 250,גרמים,250.00,100 גרם,false,,5.50,0.0220,true,1,1016189
7290004127336,false,קוטג תנובה גביע 250 גרם %9 ו.מהדרין,מיוצר עי קונדיטוריית,IL,קוטג תנובה גביע 250,גרמים,250.00,100 גרם,false,,5.40,0.0216,true,1,1016190
7290004127800,false,"גבינה לבנה 500 גרם 5% ""תנובה"" -מוצר בפיקוח",מיוצר עי קונדיטוריית,IL,גבינה לבנה 5% 500 גר,גרמים,500.00,100 גרם,false,,9.70,0.0194,true,1,1016193
7290004127817,false,גבינה לבנה 9% שומן 500 ג' תנובה,מיוצר עי קונדיטוריית,IL,גבינה לבנה 9% 500 גר,גרמים,500.00,100 גרם,false,,8.90,0.0178,true,1,1016194
7290004127862,false,"גבינה לבנה 750 גרם 5% ""תנובה"" - מוצר בפיקוח",תנובה מרכז שיתופי לש,IL,גבינה לבנה 5% 750 גר,גרמים,750.00,100 גרם,false,,14.50,0.0193,true,1,1016195
7290004127916,false,גבינה לבנה 0.5% שומן 500 ג' תנובה,תנובה מרכז שיתופי לש,IL,גבינה לבנה 1/2% תנוב,גרמים,500.00,100 גרם,false,,8.90,0.0178,true,1,1016197
7290004128333,false,לאבנה על בסיס יוגורט %9 שומן 500 ג' פיראוס,תנובה חלב,IL,פיראוס גבינת לאבנה 9,גרמים,500.00,100 גרם,false,,18.90,0.0378,true,1,1016204
7290004128340,false,קרם גבינת שמנת %5 בטעם טבעי 200 ג' תנובה,תנובה חלב,IL,קרם גבינת שמנת %5 בט,גרמים,200.00,100 גרם,false,,10.90,0.0545,true,1,1016205
7290004128364,false,קרם גבינת שמנת 5% עם זיתים ירוקים 200 ג' תנובה,"תנובה, מחלבת תל יוסף",IL,גבינת שמנת בטעם זיתי,גרמים,200.00,100 גרם,false,,10.90,0.0545,true,1,1016206
7290004129101,false,גבינת שמנת 25% בטעם טבעי 225 ג' נפוליאון,תנובה מרכז שיתופי לש,IL,נפוליאון טבעי גביע 2,גרמים,225.00,100 גרם,false,,12.90,0.0573,true,1,1016209
7290004129156,false,גבינת שמנת25% עם שום שמיר 225 ג' נפוליאון,תנובה מרכז שיתופי לש,IL,נפוליאון שום שמיר גב,גרמים,225.00,100 גרם,false,,12.90,0.0573,true,1,1016211
7290004129767,false,"3% 'יופלה לבן מארז שמינייה 1.2 ק""ג",מחלבת אלון תבור,IL,יופלה לבן 3% מאגדת 8,קילוגרמים,1.20,"ק""ג",false,,16.90,14.0833,true,1,1016218
7290004130695,false,משקאות חלב תנובה אייס קפה בבקבוק 1ל,תנובה מרכז שיתופי לש,IL,אייס קפה תנובה 1 ליט,ליטרים,1.00,ליטר,false,,12.50,12.5000,true,1,1016221
7290004130794,false,משקה סויה טבעי במתיקות מופחתת 1 ליטר,תנובה מרכז שיתופי לש,IL,משקה סויה טבעי במתיק,ליטרים,1.00,ליטר,false,,9.90,9.9000,true,1,1016222
7290004130916,false,יוגורט 3% פירות יער בשמנת 150 ג' יופלה,תנובה מרכז שיתופי לש,IL,יופלה פירות יער בשמנ,מיליליטרים,150.00,"100 מ""ל",false,,4.70,0.0313,true,1,1016224
7290004131074,false,"חלב 1 ליטר 3% קרטון ""תנובה""- מוצר בפיקוח",תנובה מרכז שיתופי לש,IL,חלב תנובה טרי1ל קרטו,ליטרים,1.00,ליטר,false,,6.20,6.2000,true,1,1016226
7290004131432,false,יוגורט ביו 3% שומן 200 ג' יופלה,מיוצר עי קונדיטוריית,IL,יופלה לבן 3% גביע 20,מיליליטרים,200.00,"100 מ""ל",false,,3.70,0.0185,true,1,1016231
7290004131456,false,יוגורט ביו 1.5% שומן 200 ג' יופלה,מיוצר עי קונדיטוריית,IL,יופלה לבן 1.5% גביע,מיליליטרים,200.00,"100 מ""ל",false,,3.70,0.0185,true,1,1016232
7290004131531,false,משקאות חלב תנובה שוקו בקבוק 1ל,תנובה מרכז שיתופי לש,IL,שוקו תנובה בקבוק 1 ל,ליטרים,1.00,ליטר,false,,11.90,11.9000,true,1,1016236
7290004131814,false,גבינה צפתית 5% מעודנת 200 ג' פיראוס,פארייפאבה אגרואינדוס,IL,פיראוס צפתית 5% מעוד,גרמים,200.00,100 גרם,false,,13.90,0.0695,true,1,1016241
7290004131845,false,גבינת לאבנה 9% שומן 750 ג' פיראוס,תנובה מרכז שיתופי לש,IL,פיראוס לאבנה 9% גביע,גרמים,750.00,100 גרם,false,,20.90,0.0279,true,1,1016242
7290004132552,false,משקה סויה לייט בטעם טבעי טרי 1 ליטר,תנובה מרכז שיתופי לש,IL,משקה סויה לייט בטעם,ליטרים,1.00,ליטר,false,,9.90,9.9000,true,1,1016248
7290004132606,false,"קרלו מעדן חלב בטעם וניל 2% תנובה 8*100 מ""ל",תנובה מרכז שיתופי לש,IL,קרלו מעדן חלב בטעם ו,מיליליטרים,800.00,"100 מ""ל",false,,13.20,0.0165,true,1,1016249
7290004132712,false,חטיף אצבעות גבינת מוצרלה 20% 172 ג' עמק,תנובה מרכז שיתופי לש,IL,חטיף אצבעות גבינת מו,גרמים,172.00,100 גרם,false,,15.90,0.0924,true,1,1016251
7290004132903,false,גבינה לבנה 3% מהדרין תנובה 250 גרם,תנובה מרכז שיתופי לש,IL,גבינה לבנה 3% מהדרין,גרמים,250.00,100 גרם,false,,4.70,0.0188,true,1,1016254
7290004133511,false,יופלה מאגדת לבן 1.5% מעודן 8 יח' * 150 ג',מיוצר עי קונדיטוריית,IL,יופלה מאגדת שמיניה ל,ליטרים,1.20,ליטר,false,,19.90,16.5833,true,1,1016260
7290004135058,false,מאגדת קרלו מיני 8*100 גרם שוקולד מהדרין,תנובה מרכז שיתופי לש,IL,מאגדת קרלו מיני שוקו,מיליליטרים,800.00,"100 מ""ל",false,,13.20,0.0165,true,1,1016269
7290004135225,false,מעדן חלב דל קלוריות בטעם שוקולד 0.2שומ,תנובה מרכז שיתופי לש,IL,מעדן חלב דל קלוריות,מיליליטרים,150.00,"100 מ""ל",false,,3.80,0.0253,true,1,1016273
7290004135614,false,גבינה בולגרית מעודנת 5% 250 ג' פיראוס,תנובה חלב,IL,פיראוס בולגרית מעודנ,גרמים,250.00,100 גרם,false,,18.90,0.0756,true,1,1016278
7290004136598,false,מארז הפסקת אוכל עם קורנפלקס ומשקה חלב עמיד בטעם וניל,פארייפאבה אגרואינדוס,IL,מארז הפסקת אוכל חלב,מיליליטרים,150.00,"100 מ""ל",false,,8.90,0.0593,true,1,1016294
7290004136857,false,ג'לי תנובה פטל 125 גרם,תנובה מרכז שיתופי לש,IL,ג'לי תנובה פטל,מיליליטרים,125.00,"100 מ""ל",false,,2.20,0.0176,true,1,1016296
7290004136864,false,מעדן ג'לי בטעם אננס עם חתיכות תנובה 125 גרם,תנובה חלב,IL,מעדן ג'לי בטעם אננס,מיליליטרים,125.00,"100 מ""ל",false,,2.60,0.0208,true,1,1016297
7290004136871,false,מעדן ג'לי בטעם אפרסק עם חתיכות תנובה 125 גרם,תנובה מרכז שיתופי לש,IL,מעדן ג'לי בטעם אפרסק,מיליליטרים,125.00,"100 מ""ל",false,,2.50,0.0200,true,1,1016298
7290004137021,false,"שמנת לבישול 10% עמיד השף הלבן 250 מ""ל",תנובה מרכז שיתופי לש,IL,שמנת עמידה לבישול 10,מיליליטרים,250.00,"100 מ""ל",false,,7.90,0.0316,true,1,1016300
7290004137311,false,עמק לייט משפחתית 9% 400ג-ועדת מהדרין,תנובה חלב,IL,עמק לייט פרוס 400 גר,גרמים,400.00,100 גרם,false,,29.90,0.0747,true,1,1016302
7290004137809,false,פיראוס לאבנה 5% גביע 250 גרם,"תנובה, מחלבת אלון תב",IL,פיראוס לאבנה 5% גביע,גרמים,250.00,100 גרם,false,,11.90,0.0476,true,1,1016303
7290004165000,false,רסק תפוחי עץ בתוספת סוכר יכין 560גר,זנלכל,IL,רסק תפוחי עץ בתוספת,גרמים,560.00,100 גרם,false,,7.90,0.0141,true,1,1029398
7290004165017,false,"רסק תפו""ע 600 גרם טבעי ללא סוכר יכין",זנלכל,IL,"רסק תפו""ע 600 גרם טב",גרמים,560.00,100 גרם,false,,7.90,0.0141,true,1,1029399
7290004194178,false,עוף קפוא מס' 1 בשקית מחפוד,עוף ירושלים,,עוף קפוא מחפוד,קילוגרמים,1.00,"ק""ג",true,,24.90,24.9000,true,1,1032689
7290004194208,false,כרעיים עוף חלק רב מחפוד קפוא,עוף ירושלים,IL,כרעיים עוף מחפוד,קילוגרמים,1.00,"ק""ג",true,,32.90,32.9000,true,1,1032692
7290004194239,false,מחפוד-חזה עוף קפוא מהדרין,עוף ירושלים,IL,חזה עוף מחפוד,קילוגרמים,1.00,"ק""ג",true,,32.90,32.9000,true,1,1032693
7290004194253,false,כנפיים עוף קפוא ארוז חלק מחפוד.,עוף ירושלים,IL,כנפיים עוף מחפוד,קילוגרמים,1.00,"ק""ג",true,,13.90,13.9000,true,1,1032694
7290004194260,false,מחפוד-שוקיים עוף קפוא מהדרין,עוף ירושלים,,שוקיים עוף מחפוד,קילוגרמים,1.00,"ק""ג",true,,29.90,29.9000,true,1,1032695
7290004194307,false,כבד עוף קפוא ארוז מחפוד,עוף ירושלים,IL,כבד עוף קפוא מחפוד,קילוגרמים,1.00,"ק""ג",true,,29.90,29.9000,true,1,1032698
7290004194314,false,עוף ירושלים לבבות עוף קפוא ארוז חלק,עוף ירושלים מהדרין,,לבבות עוף מחפוד,קילוגרמים,1.00,"ק""ג",true,,34.90,34.9000,true,1,1135414
7290004194345,false,שניצל עוף קפוא פרוס מחפוד,עוף ירושלים,IL,שניצל עוף פרוס מחפוד,קילוגרמים,1.00,"ק""ג",true,,34.90,34.9000,true,1,1032699
7290004194543,false,כרעיים עוף טרי מחפוד ארוז,עוף ירושלים מהדרין ב,IL,כרעיים עוף טרי מחפוד,קילוגרמים,1.00,"ק""ג",true,,29.90,29.9000,true,1,1021946
7290004194567,false,ירכיים עוף טרי מחפוד,עוף ירושלים מהדרין,,ירכיים עוף טרי מחפוד,קילוגרמים,1.00,"ק""ג",true,,29.90,29.9000,true,1,1065905
7290004194635,false,שניצל מחפוד טרי ארוז,עוף ירושלים מהדרין ב,IL,שניצל עוף טרי ארוז מ,קילוגרמים,1.00,"ק""ג",true,,34.90,34.9000,true,1,1021949
7290004225278,false,סגנון דנאבלו שקיל,נטו מלינדה סיימן,,סגנון דנאבלו שקיל,קילוגרמים,1.00,"ק""ג",true,,59.00,59.0000,true,1,2619775
7290004225285,false,גבינה בסגנון דנאבלו 100 ג',האי נאם סי או אל.טי.,DK,סגנון דנאבלו 100 גר,גרמים,100.00,100 גרם,false,,12.10,0.1210,true,1,1025106
7290004227975,false,צלעות טלה טרי,,,צלעות טלה טרי,קילוגרמים,1.00,"ק""ג",true,,149.00,149.0000,true,1,6685605
7290004227982,false,שוק/כתף טלה טרי גספר,סניידרס,,כתף טלה טרי,קילוגרמים,1.00,"ק""ג",true,,99.90,99.9000,true,1,6692551
7290004227999,false,צוואר טלה טרי,,,צוואר טלה טרי,קילוגרמים,1.00,"ק""ג",true,,69.90,69.9000,true,1,6685606
7290004228804,false,עלי לסיגר מרוקאי לפסטיליה 450 גרם,שלושת האופים,IL,עלי סיגר 500 גרם,גרמים,500.00,100 גרם,false,,11.90,0.0238,true,1,6688016
7290004230081,false,קציצות עוף ברוטב עגבניות שגב 800 גרם,טיבון ויל,IL,קציצות עוף ברוטב עגב,גרמים,800.00,100 גרם,false,,24.90,0.0311,true,1,1025116
7290004230104,false,קציצות בקר ברוטב עגבניות שגב,טיבון וייל החזקות,IL,קציצות בקר ברוטב עגב,גרמים,800.00,100 גרם,false,,24.90,0.0311,true,1,1160533
7290004255558,false,נרות שבת אורה מספר 2,מנורה,IL,נרות שבת אורה מספר 2,יח',1.00,יח',false,,2.90,2.9000,true,1,1049849
7290004256180,false,גבינת גאודה הולנדית,וויסר קאשנדל בי.וי נ,NL,*מבצע* גאודה משקל,קילוגרמים,1.00,"ק""ג",true,,75.00,75.0000,true,1,5976768
7290004256197,false,גאודה עיזים הולנדית,וויסר קאשנדל בי.וי נ,NL,גאודה עיזים הולנדית,קילוגרמים,1.00,"ק""ג",true,,110.00,110.0000,true,1,6616464
7290004256753,false,עלי לסיגר מרוקאי לפסטיליה 450 גרם,סטאר סנקס,IL,עלי סיגר מרוקאים,יח',1.00,יח',false,,11.90,11.9000,true,1,6022039
7290004258528,false,גפרורים קטן רמי לוי 10יח,מנורה,,גפרורים קטן רמי לוי,יח',10.00,יח',false,,2.60,0.2600,true,1,1894578
7290004258535,false,גפרורים ארוכים רמי לוי,מנורה,,גפרורים ארוכים רמי ל,יח',1.00,יח',false,,4.90,4.9000,true,1,1894579
7290004258573,false,נר נשמה בפחית רמי לוי,,,נר נשמה בפחית רמי לו,יח',1.00,יח',false,,1.60,1.6000,true,1,1704520
7290004258603,false,נר נשמה שבועי בפלסטיק רמי לוי,,,נר נשמה שבועי בפלסטי,יח',1.00,יח',false,,9.90,9.9000,true,1,1704521
7290004261115,false,אצבעות דג שומשום 700,קניה חכמה,,אצבעות דג שומשום 700,גרמים,700.00,100 גרם,false,,29.90,0.0427,true,1,1183794
7290004323882,false,טחון הודו אדום 500 גרם,טיבון ויל,IL,הודו אדום טחון 500 ג,גרמים,500.00,100 גרם,false,,14.90,0.0298,true,1,1025142
7290004324605,false,גבינה מותכת למריחה בטעם רוקפור 7% מון בלאן 120 ג',האי נאם סי או אל.טי.,IL,גבינה מותכת למריחה ב,גרמים,120.00,100 גרם,false,,8.90,0.0742,true,1,1025146
7290004324858,false,קבב כבש טיבון ויל 500 גרם,"טיבון ויל אחזקות בע""",IL,קבב כבש טיבון ויל 50,גרמים,500.00,100 גרם,false,,17.90,0.0358,true,1,1025147
7290004339401,false,המבורגר אורז עדשים 400גרם טבע דלי,טבע דלי,IL,המבורגר אורז עדשים 4,גרמים,400.00,100 גרם,false,,24.50,0.0613,true,1,1047718
7290004339692,false,סייטן קפוא ביתי 500 גרם טבע דלי,טבע דלי,IL,סייטן קפוא ביתי 500ג,גרמים,500.00,100 גרם,false,,16.50,0.0330,true,1,3941630
7290004339784,false,המבורגר ניו יורק על האש 400 גרם טבע דלי,טבע דלי,IL,המבורגר מהצומח על הא,גרמים,400.00,100 גרם,false,,24.90,0.0622,true,1,3941654
7290004339944,false,סיגרים בימלוי סייטןאמרנט 400 גר,,IL,סיגרים במילוי 400ג ס,גרמים,400.00,100 גרם,false,,27.90,0.0697,true,1,5310897
7290004460167,false,מחית אבוקדו קפוא 10/1,,,מחית אבוקדו קפוא 10/,יח',1.00,יח',false,,24.90,24.9000,true,1,6058788
7290004492274,false,"בייגלה גל גל 400 גרם ""בייגל בייגל""",אתר בייגל - Food,IL,בייגלה טבעות מלוח 40,גרמים,400.00,100 גרם,false,,9.90,0.0248,true,1,1022549
7290004492762,false,נשנושים תירס ב.בייגל 325 ג',אתר בייגל - Food,IL,נשנושים תירס 325 גרם,גרמים,325.00,100 גרם,false,,11.90,0.0366,true,1,1022554
7290004494131,false,יין דלתון קברנה סוביניון גליל,"איי, בי, אינבוו",IL,גליל קברנה סוביניון,מיליליטרים,750.00,"100 מ""ל",false,,54.90,0.0732,true,1,1685455
7290004494148,false,יין אדום מרלו גליל י,"איי, בי, אינבוו",IL,גליל מרלו (דלתון),מיליליטרים,750.00,"100 מ""ל",false,,54.90,0.0732,true,1,1685456
7290004494919,false,יין כנען קברנה שיראז 750 מל דלתון,"יקב דלתון בע""מ",IL,כנען קברנה-שיראז (דל,מיליליטרים,750.00,"100 מ""ל",false,,37.50,0.0500,true,1,1098655
7290004503215,false,ארבע בשורה,,,ארבע בשורה,יח',1.00,יח',false,,29.90,29.9000,true,1,6763595
7290004503222,false,משחק צוללות,,,משחק צוללות,יח',1.00,יח',false,,29.90,29.9000,true,1,6763827
7290004503239,false,בול פגיעה,,,בול פגיעה,יח',1.00,יח',false,,29.90,29.9000,true,1,6763828
7290004503253,false,עולם האותיות,,,עולם האותיות,יח',1.00,יח',false,,29.90,29.9000,true,1,6763596
7290004503277,false,רולטה,,,רולטה,יח',1.00,יח',false,,29.90,29.9000,true,1,6763598
7290004503567,false,גשרים ונחשים,,,גשרים ונחשים,יח',1.00,יח',false,,29.90,29.9000,true,1,6763601
7290004536336,false,רפיל ספירה דוחה יתושים 45 לילות,זובלה,IT,רפיל נוזל להרחקת יתושים ל,יח',1.00,יח',false,,12.90,12.9000,true,1,1035687
7290004575007,false,טילון וניל וופך ושברי אגוז ריאו מארז 70X5ג',"גלידות ריאו ביח""ר לג",IL,גלידת טילון ריאו 5 י,יח',1.00,יח',false,,14.50,14.5000,true,1,1033673
7290004575069,false,גלידה מיניס חטיפים וניל ציפוי שוקו' ופצפוצי נ.חיטה ריאו מארז 32יח',"גלידות ריאו ביח""ר לג",IL,מיניס שוקולידה 32 יח,גרמים,700.00,100 גרם,false,,29.90,0.0427,true,1,1033675
7290004575229,false,גלידת סנקור ריאו מארז חמישייה,"גלידות ריאו ביח""ר לג",IL,סנקור גלידת קסטה ריא,גרמים,500.00,100 גרם,false,,18.90,0.0378,true,1,1764499
7290004575335,false,ארטיק מגיק מיני וניל ציפוי שוקו' ופצפוצי נ.חיטה ריאו מארז 45X8ג'באריזה,"גלידות ריאו ביח""ר לג",IL,מיני מג'יק שלגונים ב,יח',1.00,יח',false,,16.90,16.9000,true,1,1033684
7290004575397,false,גלידה בטעמי מוקה וניל פיסטוק 1.8 ל' ריאו,"גלידות ריאו ביח""ר לג",IL,גלידה שוקולד תות וני,ליטרים,1.80,ליטר,false,,14.90,8.2778,true,1,1033687
7290004575403,false,טריו גלידת פרווה בטעמים 1.8 ליטר ריאו,"גלידות ריאו ביח""ר לג",IL,טריו גלידה בטעם שוקו,ליטרים,1.80,ליטר,false,,14.90,8.2778,true,1,1033688
7290004575632,false,קרמבו ריאו בטעם וניל 16יח',"גלידות ריאו ביח""ר לג",IL,קרמבו ריאו וניל 16 י,יח',1.00,יח',false,,21.70,21.7000,true,1,1033695
7290004584351,false,גבינה לבנה סימפוניה עם תוספות 200 ג' חמישית 200,"שטראוס בריאות בע""מ",IL,סימפוניה גבינה במרקם,גרמים,200.00,100 גרם,false,,10.40,0.0520,true,1,1033140
7290004584528,false,יוגורט דנונה ביו לבן 1.7% שומן 200 גרם,מיוצר עי קונדיטוריית,IL,יוגורט דנונה ביו לבן,מיליליטרים,200.00,"100 מ""ל",false,,3.40,0.0170,true,1,1033141
7290004585907,false,דני ועדן וניל 1.5% 125ג' שטראוס,מיוצר עי קונדיטוריית,IL,1.5% דני בטעם וניל 1,מיליליטרים,125.00,"100 מ""ל",false,,2.50,0.0200,true,1,1033144
7290004603175,false,מלח הארץ מלחייה גס 500 גרם,תעשיות מלח לישראל,IL,מלח הים האדום גס 500,גרמים,500.00,100 גרם,false,,7.90,0.0158,true,1,1058626
7290004652401,false,ג'חנון ללא מרגרינה שגב 650 גר' לנדא,שף שגב,IL,ג'חנון ללא מרגרינה 6,גרמים,650.00,100 גרם,false,,18.90,0.0291,true,1,6813379
7290004652418,false,מיני ג'חנון ללא מרגרינה שגב 650 גר' לנדא,,IL,מיני ג'חנון ללא מרגר,גרמים,650.00,100 גרם,false,,18.90,0.0291,true,1,6813380
7290004652890,false,מנצ'גו כבשים שקיל,,,מנצ'גו כבשים שקיל,קילוגרמים,1.00,"ק""ג",true,,110.00,110.0000,true,1,6847211
7290004658847,false,"תירוש כרמל מיץ ענבים אדום, 187 מ""ל",יקבי כרמל,IL,תירוש 187 מל,מיליליטרים,187.00,"100 מ""ל",false,,5.90,0.0316,true,1,5719646
7290004658953,false,יין סוביניון בלאן פרייבט קולקשן יקבי כרמל,"כד בני דרום בע""מ",IL,יין סוביניון בלאן פר,מיליליטרים,750.00,"100 מ""ל",false,,39.90,0.0532,true,1,1031153
7290004658960,false,יין אמרלד ריזלינג פרייבט קולקשן יקבי כרמל,אגודת הכורמים הקואופ,IL,יין אמרלד ריזלינג פר,מיליליטרים,750.00,"100 מ""ל",false,,39.90,0.0532,true,1,1031154
7290004685010,false,לחם 100% שיפון פלוס לחם הארץ 500 גר',מאפית י את א ברמן בע,IL,לחם הארץ שיפון פלוס,גרמים,500.00,100 גרם,false,,15.50,0.0310,true,1,5405834
7290004685089,false,לחם הארץ לחם חמניות 500 גר',מאפית י את א ברמן בע,IL,לחם הארץ לחם חמניות,גרמים,500.00,100 גרם,false,,15.50,0.0310,true,1,5405837
7290004685126,false,לחם פומפרניקל לחם הארץ 750 גרם,מאפית י את א ברמן בע,IL,לחם הארץ 5 דגנים 750,גרמים,750.00,100 גרם,false,,15.50,0.0207,true,1,5405838
7290004685157,false,לחם שיפון 100% 750 גרם לחם הארץ,מאפית י את א ברמן בע,IL,לחם שיפון 100% הארץ,גרמים,750.00,100 גרם,false,,15.50,0.0207,true,1,5405841
7290004685225,false,לחם שיפון פומפרניקל מקמח שיפון,מאפית י את א ברמן בע,IL,לחם הארץ שיפון פומפר,גרמים,750.00,100 גרם,false,,15.50,0.0207,true,1,5405844
7290004685430,false,לחם הארץ כוסמין 100% 500 גרם,מאפית י את א ברמן בע,IL,לחם הארץ כוסמין 100%,גרמים,500.00,100 גרם,false,,15.50,0.0310,true,1,5405849
7290004685447,false,לחמניות כוסמין 6 בשקית 450 גרם,מאפית י את א ברמן בע,IL,לחמניות כוסמין 6יח,יח',1.00,יח',false,,13.80,13.8000,true,1,6374417
7290004685454,false,לחם שיבולת שועל 500 גר'.,מאפית י את א ברמן בע,IL,לחם שיבולת שועל 100%,יח',1.00,יח',false,,15.90,15.9000,true,1,6691557
7290004685485,false,פריכיות כוסמת ושיבולת שועל 90 גר,,,פריכיות כוסמת ושיבול,יח',1.00,יח',false,,6.90,6.9000,true,1,6858223
7290004725600,false,גבינת חריץ סקנדינבית,תנובה חלב,IL,גבינת חריץ סקנדינבית,קילוגרמים,1.00,"ק""ג",true,,75.00,75.0000,true,1,1764496
7290004731519,false,"מקסימה מרכך ומבשם כביסה למייבש סנסיטיב סנו 750 מ""ל",סנו מקסימה,IL,מקסימה מרכך ומבשם כב,מיליליטרים,750.00,"100 מ""ל",false,,16.30,0.0217,true,1,1023401
7290004731564,false,"סנו - מקסימה מרסס למייבש כביסה פריחה כחולה 750 מ""ל",סנו מקסימה,IL,מקסימה למייבש בלו בל,מיליליטרים,750.00,"100 מ""ל",false,,16.30,0.0217,true,1,3339699
7290004731670,false,"מטהר אויר בניחוח לבנדר ופצ'ולי סנו 300 מ""ל","סנו מפעלי ברונוס בע""",IL,מטהר אויר בניחוח לבנ,מיליליטרים,300.00,"100 מ""ל",false,,9.90,0.0330,true,1,1023406
7290004731687,false,"מטהר אויר בניחוח וניל ולמון גראס סנו 300 מ""ל",קריות זול,IL,מטהר אויר בניחוח וני,מיליליטרים,300.00,"100 מ""ל",false,,9.90,0.0330,true,1,1023407
7290004731984,false,משחת שיניים אורביטול להלבנה 145 גר,החברה הדרומית,IL,אורביטול משחת שיניים,גרמים,145.00,100 גרם,false,,10.90,0.0752,true,1,6723553
7290004737719,false,אספרגוס שלם מקולף ולבן וילי פוד 205 גרם,קריות זול,CN,אספרגוס שלם מקולף ול,גרמים,205.00,100 גרם,false,,8.90,0.0434,true,1,1027472
7290004751005,false,סופגניה מיני רגיל,מאפיית אריאל,,סופגניה מיני רגיל,יח',1.00,יח',false,,3.90,3.9000,true,1,2314653
7290004825546,false,סכומון מגירה גדול,ד.ג.ש,,סכומון מגירה,יח',1.00,יח',false,,10.00,10.0000,true,1,1100670
7290004861025,false,גבינה בולגרית המושבה,"מחלבת המושבה בע""מ",IL,בולגרית 5% מסורתית,קילוגרמים,1.00,"ק""ג",true,,43.00,43.0000,true,1,1253848
7290004861063,false,גבינת קש המושבה במשק,"מחלבת המושבה בע""מ",IL,צפתית קאש 9% המושבה,קילוגרמים,1.00,"ק""ג",true,,41.00,41.0000,true,1,1253873
7290004861070,false,גבינה צפתית קשה המוש,מחלבת המושבה,IL,גבינה צפתית קשה המוש,קילוגרמים,1.00,"ק""ג",true,,69.00,69.0000,true,1,1253874
7290004861261,false,גבינת טבורוג צימוקים,מחלבת המושבה,IL,גבינת טבורוג צימוקים,קילוגרמים,1.00,"ק""ג",true,,34.00,34.0000,true,1,1253849
7290004861278,false,שמנת 30% טבעי המושבה,"מחלבת המושבה בע""מ",IL,גבינה שמנת 30%,קילוגרמים,1.00,"ק""ג",true,,38.00,38.0000,true,1,1253850
7290004861285,false,גבינה טבורוג המושבה,"מחלבת המושבה בע""מ",IL,גבינת טבורוג א.ח.נ,קילוגרמים,1.00,"ק""ג",true,,33.00,33.0000,true,1,1253851
7290004861315,false,מעדניה-גבינה לאבנה ט,"מחלבת המושבה בע""מ",IL,גבינה לאבנה טבעי /זע,קילוגרמים,1.00,"ק""ג",true,,39.00,39.0000,true,1,1024055
7290004861360,false,צפתית קצח מושבה,מחלבת המושבה,IL,צפתית בטעמים 5%,קילוגרמים,1.00,"ק""ג",true,,43.00,43.0000,true,1,1253852
7290004861384,false,גבינת אורדה/ריקוטה,מחלבת המושבה,IL,גבינת אורדה/ריקוטה,קילוגרמים,1.00,"ק""ג",true,,39.00,39.0000,true,1,1253853
7290004861421,false,גבינה חלומי מושבה,"מחלבת המושבה בע""מ",IL,גבינת חלומי 30%,קילוגרמים,1.00,"ק""ג",true,,75.00,75.0000,true,1,1253875
7290004861445,false,כדורי לבנה בשמן המוש,,,כדורי לאבנה בשמן זית,קילוגרמים,1.00,"ק""ג",true,,98.00,98.0000,true,1,2695061
7290004861520,false,גבינת שמנת 5% מושבה,"מחלבת המושבה בע""מ",IL,קרם שמנת בטעמים 5%,קילוגרמים,1.00,"ק""ג",true,,29.00,29.0000,true,1,1253825
7290004914219,false,בקבוק ריח עם מקלות עץ,סאנרייז,,מפיץ ריח לרכב,מיליליטרים,250.00,"100 מ""ל",false,,13.90,0.0556,true,1,1040158
7290004914691,false,מפיץ יוקרתי,,,מפיץ יוקרתי,יח',1.00,יח',false,,14.90,14.9000,true,1,5680743
7290004914912,false,מפיץ סטייל יוקרתי,,,מפיץ סטייל יוקרתי,יח',1.00,יח',false,,14.90,14.9000,true,1,6140298
7290004934064,false,טחון בקר 100% 1קג,,,טחון בקר 100% 1קג,יח',1.00,יח',false,,35.90,35.9000,true,1,1287194
7290004944032,false,חומוס שמיר אסלי 400 גר,"סלטי שמיר 2006 בע""מ",IL,חומוס אסלי 400 גר,יחידה,400.00,יחידה,false,,9.80,0.0245,true,1,6870934
7290004944049,false,טחינה אסלי שמיר 400 ג',"סלטי שמיר 2006 בע""מ",IL,טחינה אסלי 400 גרם,גרמים,400.00,100 גרם,false,,9.80,0.0245,true,1,6870935
7290004944056,false,חציל במיונז אסלי שמיר 400 ג',"סלטי שמיר 2006 בע""מ",IL,חציל במיונז אסלי 40,גרמים,400.00,100 גרם,false,,9.80,0.0245,true,1,6870936
7290004969318,false,נתח קצבים פולין מחפ,,,נתח קצבים פולין מחפ,קילוגרמים,1.00,"ק""ג",true,,149.90,149.9000,true,1,6929032
7290004969509,false,אסאדו בקר פרוס ארוז,,,אסאדו בקר פרוס ארוז,קילוגרמים,1.00,"ק""ג",true,,81.90,81.9000,true,1,5414267
7290005008184,false,"סבון נוזלי בניחוח חלב שקדים פלמוליב 500 מ""ל",הנסיך- מפעל לייצור ט,TR,סבון נוזלי בניחוח חל,מיליליטרים,500.00,"100 מ""ל",false,,15.90,0.0318,true,1,1017924
7290005008191,false,"סבון נוזלי ארומה בניחוח לבנדר פטצ'ולי וילנג ילנג פלמוליב 500 מ""ל",הנסיך- מפעל לייצור ט,TR,סבון נוזלי ארומה בני,מיליליטרים,500.00,"100 מ""ל",false,,15.90,0.0318,true,1,1017925
7290005020346,false,בקרדי קרטה בלנקה סופ,תאגיד בקרדי,US,"רום בקרדי לבן 700 מ""",מיליליטרים,700.00,"100 מ""ל",false,,102.90,0.1470,true,1,4331549
7290005033049,false,שקיות אוכל והקפאה 25*35,,,שקיות אוכל והקפאה 25,יח',1.00,יח',false,,10.90,10.9000,true,1,1034141
7290005033087,false,שקיות אשפה עם ידית 50*70 משי,משי,,שקיות אשפה עם ידית 5,יח',1.00,יח',false,,20.60,20.6000,true,1,1034142
7290005033100,false,שקיות אשפה ביג חזקות ללא תלישה,משי,,שקיות אשפה ביג חזקות,יח',1.00,יח',false,,24.90,24.9000,true,1,1034143
7290005033117,false,מפות שולחן עבות 8-6 יח,משי,,מפות שולחן עבות 8-6,יח',1.00,יח',false,,7.90,7.9000,true,1,1034144
7290005033162,false,מפות עבות במיוחד 6-8 יח,משי,,מפות עבות במיוחד 6-8,יח',6.00,יח',false,,13.00,2.1667,true,1,1034147
7290005033209,false,שקיות אשפה קרם עם ידית 40יח 90*75,,,שקיות אשפה קרם עם יד,יח',40.00,יח',false,,22.90,0.5725,true,1,3063109
7290005033582,false,שקיות אשפה אפור ידית 90*75 משי 25 יח,משי,,שקיות אשפה אפור ידית,יח',25.00,יח',false,,21.90,0.8760,true,1,1034150
7290005033599,false,שקיות אשפה קומפקט 90*75 משי 40 יח,משי,,שקיות אשפה קומפקט 90,יח',40.00,יח',false,,19.80,0.4950,true,1,1034151
7290005041198,false,מעדני הטלה קבב ביתי,לאטי עזרא גלם ודגים,IL,קבב ביתי 1קג,גרמים,1000.00,100 גרם,false,,44.90,0.0449,true,1,2007167
7290005079290,false,צהובה נעם 15% מהדרין,טרה,IL,גבינה צהובה 15% נעם,קילוגרמים,1.00,"ק""ג",true,,64.00,64.0000,true,1,1209146
7290005079344,false,מוצרלה נועם רכיבים ט,מחלבת משק צוריאל,IL,מוצרלה נעם שקיל,קילוגרמים,1.00,"ק""ג",true,,74.00,74.0000,true,1,4069020
7290005079412,false,נעם אמנטל מעדניה,טרה,IL,אמנטל נעם חריץ,קילוגרמים,1.00,"ק""ג",true,,55.00,55.0000,true,1,3154854
7290005084355,false,סנסודין משחת שיניים דואל קר פלואוריד 75,גלקסו סמית קליין,GB,"סנסודיין דואלקר 75 מ""ל",גרמים,75.00,100 גרם,false,,21.90,0.2920,true,1,1035691
7290005084737,false,טפטפים - בייביסקין קרם החתלה ללא בושם 100 גרם,כ.צ.ט,IL,בייביסקין משחה לתינו,גרמים,100.00,100 גרם,false,,10.90,0.1090,true,1,1035696
7290005113222,false,זיתים קוקטייל וגמבה יבנה 350ג',קבוצת יבנה,IL,זית יבנה מיקס 340 גר,גרמים,340.00,100 גרם,false,,9.80,0.0288,true,1,1023123
7290005168475,false,"מיץ ענבים אדום 100% ""מובחר"" 1 ליטר",יקבי ציון,IL,תירוש אדום מובחר 100,יח,1.00,יח,false,,16.90,16.9000,true,1,6856782
7290005174513,false,סלט חצילים במיונז אחלה 500 גרם,מיוצר עי קונדיטוריית,IL,סלט חצילים במיונז אח,גרמים,500.00,100 גרם,false,,14.90,0.0298,true,1,1033147
7290005174551,false,סלט חומוס עם צנוברים 125 ג' אחלה,מיוצר עי קונדיטוריית,IL,חומוס אחלה 125 גרם,גרמים,125.00,100 גרם,false,,4.70,0.0376,true,1,1033148
7290005174575,false,טחינה אחלה יום יום משובחת 125ג',מיוצר עי קונדיטוריית,IL,סלט טחינה אחלה 125 ג,גרמים,125.00,100 גרם,false,,4.70,0.0376,true,1,1033150
7290005175428,false,"קמח תירס לל""ג ריבארה 500 ג'",קריות זול,AR,קמח תירס וילי פוד 50,גרמים,500.00,100 גרם,false,,5.90,0.0118,true,1,1027475
7290005175589,false,"קמח תירס ללא גלוטן וילי פוד 1 ק""ג",קריות זול,AR,קמח תירס ללא גלוטן ו,100 קג,1.00,100 קג,false,,9.90,9.9000,true,1,1027476
7290005197758,false,עוגיות חיוכים שוקו שוקו 150 גרם,אפיפית נצרת תעשיות ב,IL,עוגיות חיוכים שוקו ש,גרמים,150.00,100 גרם,false,,4.90,0.0327,true,1,1018692
7290005199578,false,"קפה פלאטינום עלית נטול 200ג' כש""לפ",שטראוס גרופ,IL,קפה נטול קפאין 200 ג,גרמים,200.00,100 גרם,false,,29.90,0.1495,true,1,1018699
7290005199738,false,גומי מאסט בטעם פפרמינט ריח פה נעים פליפטופ 28 ג' עלית,"שטראוס גרופ בע""מ",IL,מסטיק MUST בטעם מנטה,גרמים,28.00,100 גרם,false,,4.00,0.1429,true,1,1018701
7290005200786,false,תפוצ'יפס בטעם שמנת בצל עלית 50 גרם,"שטראוס פריטו ליי בע""",IL,תפוצ'יפס בטעם שמנת ב,גרמים,50.00,100 גרם,false,,3.50,0.0700,true,1,1026772
7290005201455,false,קפה נמס מגורען עלית 200 גרם,"אינסטנטה בע""מ",PL,קפה נמס מגורען עלית,גרמים,200.00,100 גרם,false,,21.90,0.1095,true,1,1018707
7290005287206,false,טונה סטארקיסט רביעיות בשמן 492 גרם,"סטארקיסט פודור בע""מ",IL,טונה ס.ק בשמן 160גר 'רביע,גרמים,492.00,100 גרם,false,,24.90,0.0506,true,1,5760682
7290005287251,false,טונה סטארקיסט במים רביעיות 4*160 גר,"סטארקיסט פודור בע""מ",IL,טונה ס.ק במים 160גר 'רביע,גרמים,448.00,100 גרם,false,,24.90,0.0556,true,1,1028443
7290005287534,false,טונה סטארקיסט בשמן מעושן בית יוסף 112 גר,תאי יוניון גרופ,IL,ס.ק בשמן עישון טבעי פ.ק 1,גרמים,112.00,100 גרם,false,,6.90,0.0616,true,1,1028450
7290005287657,false,"ממרח טונה סטארקיסט בד""צ 160 גרם","סטארקיסט פודור בע""מ",IL,ס.ק. ממרח טונה 160 גר' -,גרמים,160.00,100 גרם,false,,5.90,0.0369,true,1,1028458
7290005296246,false,"פותח סתימות דריין אאוט 946 מ""ל יעקבי",יוליניבר,US,פותח סתימות בצנרת ני,מיליליטרים,946.00,"100 מ""ל",false,,24.90,0.0263,true,1,1026475
7290005296260,false,"אסטוניש ספריי רסס ונגב לניקוי כללי יעקבי 750 מ""ל",יעקובי אסטוניש,GB,אסטוניש ספריי רסס ונ,מיליליטרים,750.00,"100 מ""ל",false,,11.90,0.0159,true,1,1026476
7290005326387,false,עגבניות מיובשות בשמן זית אוליביה 270 גרם,קריות זול,IL,עגבניות מיובשות בשמש,גרמים,270.00,100 גרם,false,,15.90,0.0589,true,1,1013741
7290005326523,false,ממרח פסטו פטרוזיליה ונענע אוליביה 180 גר,אוליביה,IL,אוליביה פסטו פטרוזיל,גרמים,185.00,100 גרם,false,,12.90,0.0697,true,1,1172287
7290005326585,false,ממרח אוליביה פסטו בזיליקום 180 ג',"אוליביה גורמה בע""מ",IL,פסטו בזליקום 180 ג,גרמים,180.00,100 גרם,false,,11.90,0.0661,true,1,6552611
7290005384899,false,פטינה ים תיכונית בסג,וילי פוד,NL,*מבצע* פטינה 20% שומ,קילוגרמים,1.00,"ק""ג",true,,19.00,19.0000,true,1,1027378
7290005423055,false,סנו פורטה פלוס מתז בניחות לימון 1 ל',"סנו מפעלי ברונוס בע""",IL,סנו פורטה פלוס לימון,יח',1.00,יח',false,,16.90,16.9000,true,1,5767434
7290005423253,false,"סנו - מקסימה מרסס למייבש כביסה אולטרה פרש 750 מ""ל","סנו מפעלי ברונוס בע""",IL,מקסימה מרכך ומבשם למ,מיליליטרים,750.00,"100 מ""ל",false,,16.30,0.0217,true,1,1023413
7290005423482,false,"קרם לניקוי כיריים קרמיים סנו 300 מ""ל",מיוצר עי קונדיטוריית,IL,קרם לניקוי כיריים קר,מיליליטרים,300.00,"100 מ""ל",false,,14.90,0.0497,true,1,1023422
7290005423499,false,"תרסיס לניקוי משטחי נירוסטה סנו 500 מ""ל",מיוצר עי קונדיטוריית,IL,תרסיס לניקוי משטחי נ,מיליליטרים,500.00,"100 מ""ל",false,,18.90,0.0378,true,1,1023423
7290005423543,false,אורביטול - משחת שיניים להלבנה 145 גרם,טרופיקל דגיל קוסמטיק,IL,משחת שיניים מלבינה א,מיליליטרים,145.00,"100 מ""ל",false,,7.90,0.0545,true,1,1023425
7290005423635,false,ריצפז נוזל רצפות דוחה תיקנים סנו 2 ליטר,מיוצר עי קונדיטוריית,IL,ריצפז נוזל רצפות דוח,ליטרים,2.00,ליטר,false,,19.90,9.9500,true,1,1023428
7290005423734,false,מקסימה מרכך כביסה אולטרא פרש כחול סנו 4 ליטר,"סנו מפעלי ברונוס בע""",IL,מקסימה מרכך כביסה או,ליטרים,4.00,ליטר,false,,21.50,5.3750,true,1,1023429
7290005423833,false,פוליויקס נוזל לניקוי פרקט סנו 2 ליטר,"סנו מפעלי ברונוס בע""",IL,פוליויקס נוזל לניקוי,ליטרים,2.00,ליטר,false,,19.90,9.9500,true,1,1023430
7290005423871,false,משחת שיניים עם פלואוריד אורביטול 3*145 גרם,טרופיקל דגיל קוסמטיק,IL,משחת שיניים עם פלואו,גרמים,435.00,100 גרם,false,,16.50,0.0379,true,1,1023431
7290005423918,false,סנו - מקסימה מרכך כביסה היפואלרגני אלוורה 4 ליטר,קריות זול,IL,מקסימה מרכך כביסה בי,ליטרים,4.00,ליטר,false,,21.50,5.3750,true,1,1023433
7290005424021,false,"סנופרש הום מנטרל ריחות רעים 350 מ""ל",סנו fresh,IL,ריפרש מנטרל ריחות פר,מיליליטרים,1.00,"100 מ""ל",false,,14.90,14.9000,true,1,6875161
7290005424113,false,סנו סושי מטליות רצפה 4 יח',סנו סושי,IL,סנו סושי מטליות רצפה,יח',1.00,יח',false,,12.90,12.9000,true,1,1023437
7290005424700,false,לסדרה פורטה פלוס מצטרף מתז באריזת xl 1 ליטר,סנו,IL,פורטה פלוס - קצף ברי,ליטרים,1.00,ליטר,false,,16.90,16.9000,true,1,5008123
7290005424755,false,מטליות ריצפז פלוס לחות לניקוי רצפות דוחה תיקנים 10 יח' סנו,סנו מפעלי ברונוס בעמ,IL,סנו ריצפז פלוס מטליו,יח',1.00,יח',false,,13.90,13.9000,true,1,5084999
7290005424762,false,ריצפז פלוס ווקס נוזל להברקת רצפות דוחה תיקנים סנו 2 ליטר,"סנו מפעלי ברונוס בע""",IL,ריצפז פלוס ווקס נוזל,ליטרים,2.00,ליטר,false,,25.90,12.9500,true,1,1023447
7290005424809,false,כריות קרצוף ענקיות לניקוי כללי סנו סושי 3 יחידות,קריות זול,IL,כריות קרצוף ענקיות ל,יח',1.00,יח',false,,9.50,9.5000,true,1,1023450
7290005425073,false,"מטהר אויר בניחוח יסמין ועץ סאנדלווד סנו 300 מ""ל","סנו מפעלי ברונוס בע""",IL,מטהר אויר בניחוח יסמ,מיליליטרים,300.00,"100 מ""ל",false,,9.90,0.0330,true,1,1023457
7290005425127,false,"חיטוי משטחים 99.9% מתז לשומנים ואבנית 750 מ""ל","סנו מפעלי ברונוס בע""",IL,סנו מחטא ומשמיד חייד,מיליליטרים,750.00,"100 מ""ל",false,,11.90,0.0159,true,1,5776549
7290005425196,false,"מקסימה אבקת כביסה סנסיטיב סנו 2.5 ק""ג",מיוצר עי קונדיטוריית,IL,מקסימה אבקת כביסה סנ,קילוגרמים,2.50,"ק""ג",false,,22.90,9.1600,true,1,1023461
7290005425585,false,מטליות לחות לניקוי רהיטים סנו 20 יחידות,טרופיקל דגיל,IL,מטליות לחות לניקוי ר,יח',20.00,יח',false,,16.90,0.8450,true,1,1023467
7290005425646,false,קליר נוזל לניקוי חלונות רב תכליתי סנו 1 ליטר,"סנו מפעלי ברונוס בע""",IL,קליר נוזל לניקוי חלו,ליטרים,1.00,ליטר,false,,9.90,9.9000,true,1,1023469
7290005425714,false,"שמפו שטיחים סנו פלוס 600 מ""ל","איי, בי, אינבוו",IL,שמפו שטיחים סנו פלוס,מיליליטרים,600.00,"100 מ""ל",false,,25.90,0.0432,true,1,1023473
7290005426384,false,"סנומוד מבשם אויר מיס מיליון סטטוס סנו 150 מ""ל",סנומוד,IL,סנומוד מבשם אויר מיס,מיליליטרים,150.00,"100 מ""ל",false,,9.90,0.0660,true,1,1023494
7290005426575,false,"קרמה לחות לשיער יבש ללא שטיפה 400 מ""ל",טרופיקל דגיל תעשיות,IL,קרם לחות לשיער יבש ק,מיליליטרים,400.00,"100 מ""ל",false,,16.90,0.0422,true,1,1023498
7290005426803,false,מקסימה מרכך כביסה פצ'ולי לבנדר סגול סנו 4 ליטר,סנו מקסימה,IL,מקסימה מרכך כביסה פצ,ליטרים,4.00,ליטר,false,,21.50,5.3750,true,1,1023503
7290005426865,false,אורביטול - משחת שיניים לילדים בטעם מסטיק 70 גרם,טרופיקל דגיל,IL,משחת שיניים לילדים ב,גרמים,50.00,100 גרם,false,,7.90,0.1580,true,1,1023505
7290005426964,false,סנובון סבון לאסלה בניחוח אפרסק סנו 3 יחידות,סנו סנובון,IL,סנובון סבון לאסלה בנ,גרמים,165.00,100 גרם,false,,14.90,0.0903,true,1,1023508
7290005427633,false,"כיף גל לשיער לשיער חזק במיוחד 1 ק""ג",קוסמופארם,IL,חוחובה ג'ל לעיצוב הש,100 לקג,1.00,100 לקג,false,,19.90,19.9000,true,1,1023531
7290005427749,false,אל סבון נוזלי בניחוח אצות ים עם לחות כיף 2 ליטר,טרופיקל דגיל תעשיות,IL,אל סבון נוזלי בניחוח,ליטרים,2.00,ליטר,false,,18.90,9.4500,true,1,1023534
7290005427756,false,אל סבון נוזלי אלוורה כיף 2 ליטר,קוסמופארם,IL,אל סבון נוזלי אלוורה,ליטרים,2.00,ליטר,false,,18.90,9.4500,true,1,1023535
7290005427763,false,אל סבון נוזלי בניחוח גינסינג כיף 2 ליטר,קוסמופארם,IL,אל סבון נוזלי בניחוח,ליטרים,2.00,ליטר,false,,18.90,9.4500,true,1,1023536
7290005427787,false,"קרמה - קרם לחות לשיער מתולתל 400 מ""ל",טרופיקל דגיל תעשיות,IL,קרם לחות לשיער מתולת,מיליליטרים,400.00,"100 מ""ל",false,,16.90,0.0422,true,1,1023538
7290005427848,false,מטליות ניקוי רב שימושיות בגליל סנו סושי 40 יחידות,קריות זול,IL,מטליות ניקוי רב שימו,100 יח',1.00,100 יח',false,,18.90,18.9000,true,1,1023541
7290005427978,false,"תחליב רחצה לפנים קרמה 180 מ""ל",גוד פוד פרודקטס S.p,IL,תחליב רחצה לפנים קרמ,מיליליטרים,180.00,"100 מ""ל",false,,12.90,0.0717,true,1,1023546
7290005427985,false,"קרמה תחליב רחצה לפנים בתוספת גרגירי פילינג 180 מ""ל",גוד פוד פרודקטס S.p,IL,תחליב פילינג לפנים ב,מיליליטרים,180.00,"100 מ""ל",false,,12.90,0.0717,true,1,1023547
7290005428845,false,מפיות סנו סופט 33*33 100 יחידות,"חי מוצרי נייר בע""מ",IL,מפיות סנו סופט 33*33,100 יח',1.00,100 יח',false,,7.90,7.9000,true,1,1023558
7290005428852,false,ממחטות טישו צבעוניים סנו סופט 5 יח' *100דף,ישרפייפר,IL,סופט ממחטות אף צבעונ,100 יח',650.00,100 יח',false,,12.90,0.0198,true,1,1023559
7290005429019,false,פיסגה נוזל לרצפות מבושם סנו 4 ליטר,סנו פיסגה,IL,פיסגה נוזל לרצפות מב,ליטרים,4.00,ליטר,false,,19.90,4.9750,true,1,1023567
7290005430602,false,"סנו אוקסיג'ן ספריי להסרת כתמים עם חמצן פעיל 750 מ""ל","סנו מפעלי ברונוס בע""",IL,סנו אוקסיג'ן ספריי ל,מיליליטרים,750.00,"100 מ""ל",false,,17.70,0.0236,true,1,1023574
7290005430671,false,פוליויקס נוזל לניקוי קרמיקה סנו 2 ליטר,סנו מפעלי ברונו בעמ,IL,פוליויקס נוזל לניקוי,ליטרים,2.00,ליטר,false,,19.90,9.9500,true,1,1023580
7290005430862,false,מים מזוקקים סנו 4 ליטר,סנו,,מים מזוקקים סנו 4 לי,ליטרים,4.00,ליטר,false,,19.90,4.9750,true,1,1023584
7290005430961,false,מקסימה שמפו נוזל לכביסה עדינה ביד סנו 1 ליטר,יושלם,,מקסימה שמפו נוזל לכב,ליטרים,1.00,ליטר,false,,15.90,15.9000,true,1,1023585
7290005431159,false,עדן קינוחים תותים בקצפת לייט,עדן קינוחים,IL,מעדן תותים בקצפת ליי,גרמים,80.00,100 גרם,false,,5.90,0.0738,true,1,6808809
7290005431883,false,עדן קינוחים מלבי חלבי,עדן קינוחים Eden,IL,מלבי חלבי,יח',1.00,יח',false,,5.90,5.9000,true,1,6605336
7290005431906,false,מעדן קדאיף עדן קינוח,עדן קינוחים Eden,IL,קדאיף,יח',1.00,יח',false,,5.90,5.9000,true,1,6605338
7290005431913,false,עדן קינוחים עוגת גבינה פירורים,עדן קינוחים Eden,IL,עוגת גבינה פירורים,יח',1.00,יח',false,,5.90,5.9000,true,1,6605339
7290005431920,false,עדן קינוחים עוגת גבינה פירורים לייט,עדן קינוחים Eden,IL,עוגת גבינה פירורים ל,יח',1.00,יח',false,,5.90,5.9000,true,1,6605340
7290005431937,false,עדן קינוחים טירמיסו,עדן קינוחים Eden,IL,טרמיסו,יח',1.00,יח',false,,5.90,5.9000,true,1,6605341
7290005431968,false,עדן קינוחים מלבי שמנת,עדן קינוחים Eden,IL,מלבי שמנת 150 גר,גרמים,150.00,100 גרם,false,,6.90,0.0460,true,1,6714645
7290005437212,false,טעמן שמן זית כ.מעולה ספרדי בדץ 750מל.,טעמן,IL,שמן זית כתית מעולה 7,מיליליטרים,750.00,"100 מ""ל",false,,27.90,0.0372,true,1,1019460
7290005437502,false,פיטריות שמפיניון חתוך טעמן 400 גר',פרוצאמפ,IL,פטריות חתוכות טעמן 2,גרמים,230.00,100 גרם,false,,4.90,0.0213,true,1,6415475
7290005437755,false,"פסטה צינורות 500 ג' בד""ץ טעמן",מוטלו,TR,טעמן פסטה צינורות 50,גרמים,500.00,100 גרם,false,,3.90,0.0078,true,1,1019470
7290005437762,false,"פסטה ספירלה 500 ג' בד""ץ טעמן",מוטלו,TR,טעמן פסטה ספירלה 500,גרמים,500.00,100 גרם,false,,3.90,0.0078,true,1,1019471
7290005437809,false,חתיכות אננס חתבמיץ טבעי 825 גרם טעמן,פ.ת גרייט פנאפל,ID,טעמן אננס חתוך במיץ,גרמים,490.00,100 גרם,false,,10.90,0.0222,true,1,6824050
7290005437861,false,טעמן קוקטייל פירות 825גרם,פ.ת גרייט פנאפל,ID,טעמן קוקטייל פירות 8,גרמים,825.00,100 גרם,false,,11.70,0.0142,true,1,1019476
7290005437939,false,פסטה ספגטיני 500 גר' טעמן,,,ספגטיני טעמן 500גר,קילוגרמים,500.00,"100 ק""ג",false,,3.90,0.0078,true,1,1019479
7290005437946,false,טעמן פסטה ספגטי 500 גרם,טעמן,,טעמן פסטה ספגטי 500,גרמים,500.00,100 גרם,false,,3.90,0.0078,true,1,1019480
7290005477669,false,אל סבון נוזלי מועשר בלחות דרמפון 1 ליטר,"אמיליה קוסמטיקס בע""מ",IL,אל סבון נוזלי מועשר,ליטרים,1.00,ליטר,false,,17.80,17.8000,true,1,1045692
7290005489082,false,תרכיז תפוחים/תפוזים פרי קטיף,,IL,רכז תפוחים 1.2 לי,ליטרים,1.20,ליטר,false,,31.90,26.5833,true,1,1026164
7290005500688,false,"פנינה רוזנבלום מסיכה לשיקום ורודה , 1 ק""ג",פנינה רוזנבלום,IL,"מסיכה לשיער 1 ק""ג פנ",100 לקג,1.00,100 לקג,false,,26.80,26.8000,true,1,1031659
7290005500916,false,"קרם ידיים מטפח 100 מ""ל פנינה רוזנבלום",פנינה רוזנבלום,,קרם ידיים מטפח 100 מ,מטרים,100.00,100 מ'ל,false,,9.90,0.0990,true,1,1031664
7290005500978,false,מסיר לק ריחני פנינה רוזנבלום 220 מ''ל,פנינה רוזנבלום,,מסיר לק ריחני פנינה,מיליליטרים,220.00,"100 מ""ל",false,,9.90,0.0450,true,1,1031667
7290005505003,false,בננה צ'יפס,,,בננה צ'יפס,קילוגרמים,1.00,"ק""ג",true,,20.00,20.0000,true,1,4405418
7290005505027,false,רביולי,,,רביולי,קילוגרמים,1.00,"ק""ג",true,,80.00,80.0000,true,1,4405438
7290005505072,false,שקד מסוכר קלוי,,,שקד מסוכר קלוי,קילוגרמים,1.00,"ק""ג",true,,75.00,75.0000,true,1,4405441
7290005505102,false,קוקוס טבעי,,,קוקוס טבעי,קילוגרמים,1.00,"ק""ג",true,,80.00,80.0000,true,1,4416004
7290005505133,false,חמניה מקולף,,,חמניה מקולף,קילוגרמים,1.00,"ק""ג",true,,38.00,38.0000,true,1,4405463
7290005505140,false,שזיף עם גלעין,,,שזיף עם גלעין,קילוגרמים,1.00,"ק""ג",true,,44.00,44.0000,true,1,4405464
7290005505188,false,פפאיה מסוכר,,,פפאיה מסוכר,קילוגרמים,1.00,"ק""ג",true,,28.00,28.0000,true,1,4405523
7290005505355,false,אפונה קלוי,,,אפונה קלוי,קילוגרמים,1.00,"ק""ג",true,,49.00,49.0000,true,1,4405600
7290005505362,false,לימון פרסי,,,לימון פרסי,קילוגרמים,1.00,"ק""ג",true,,100.00,100.0000,true,1,4405601
7290005505393,false,דלעת מקולפת,אוליבלס SA,,דלעת מקולף,קילוגרמים,1.00,"ק""ג",true,,54.00,54.0000,true,1,4411240
7290005505409,false,גרעין אבטיח קלוי,,,גרעין אבטיח קלוי,קילוגרמים,1.00,"ק""ג",true,,39.00,39.0000,true,1,4411241
7290005505461,false,חילבה טחון/שלם,,,חילבה טחון/שלם,קילוגרמים,1.00,"ק""ג",true,,39.00,39.0000,true,1,4411281
7290005505485,false,שומשום משקל,,,שומשום משקל,קילוגרמים,1.00,"ק""ג",true,,35.00,35.0000,true,1,4411283
7290005505515,false,פיסטוק מקולף,,,פיסטוק מקולף,קילוגרמים,1.00,"ק""ג",true,,115.00,115.0000,true,1,4465829
7290005505522,false,בוטנים משקל,,,בוטנים משקל,קילוגרמים,1.00,"ק""ג",true,,25.00,25.0000,true,1,4411320
7290005505546,false,אגוזי לוז קלוי,,,אגוזי לוז קלוי,קילוגרמים,1.00,"ק""ג",true,,87.00,87.0000,true,1,4411322
7290005505577,false,ציה,,,ציה,קילוגרמים,1.00,"ק""ג",true,,35.00,35.0000,true,1,4465832
7290005505638,false,שומר שלם,,,שומר שלם,קילוגרמים,1.00,"ק""ג",true,,49.00,49.0000,true,1,4465876
7290005505645,false,אורגנו,,,אורגנו,קילוגרמים,1.00,"ק""ג",true,,79.00,79.0000,true,1,4465877
7290005505676,false,מייאסי,,,מייאסי,קילוגרמים,1.00,"ק""ג",true,,47.00,47.0000,true,1,4648390
7290005505706,false,תבלין לפרגיות,,,תבלין לפרגיות,קילוגרמים,1.00,"ק""ג",true,,74.00,74.0000,true,1,6823697
7290005505768,false,גולדן בארי,,,גולדן בארי,קילוגרמים,1.00,"ק""ג",true,,99.00,99.0000,true,1,6823698
7290005505782,false,תבלין לפיצה,,,תבלין לפיצה,קילוגרמים,1.00,"ק""ג",true,,60.00,60.0000,true,1,6823699
7290005505997,false,צימוק בהיר קטן,,,צימוק בהיר קטן,קילוגרמים,1.00,"ק""ג",true,,36.00,36.0000,true,1,6759635
7290005509445,false,עוגיות מיני קוקיס בטעם חמאה כרמית 600 גרם,כרמית תעשיות ממתקים,IL,עוגיות מיני קוקיס בט,גרמים,600.00,100 גרם,false,,15.90,0.0265,true,1,1017937
7290005559709,false,בורקס פיצה מעדנות 700 גרם,מיוצר עי קונדיטוריית,IL,בורקס פיצה 700גר מעדנות,גרמים,700.00,100 גרם,false,,24.90,0.0356,true,1,1015536
7290005559907,false,פיצה משפחתית גבינה מעדנות 500 גר,מיוצר עי קונדיטוריית,IL,פיצה משפחתית גבינה מעדנות,גרמים,500.00,100 גרם,false,,16.90,0.0338,true,1,1015539
7290005559914,false,פיצה משפחתית זיתים מעדנות 550 גרם,מיוצר עי קונדיטוריית,IL,פיצה משפחתית זיתים מעדנות,גרמים,550.00,100 גרם,false,,16.90,0.0307,true,1,1015540
7290005559990,false,בצק פילאס תורכי מעדנות 600 גרם,מיוצר עי קונדיטוריית,IL,בצק פילאס תורכי 600גר מעד,גרמים,600.00,100 גרם,false,,19.90,0.0332,true,1,1015546
7290005587825,false,לוריאל - דרמו מסיר איפור דו פאזי 125 עברית,KARLSRUHE GERMANY,DE,מסיר איפור עדין לורי,מיליליטרים,150.00,"100 מ""ל",false,,24.90,0.1660,true,1,1011836
7290005591761,false,דבש טהור מפרחי בר בלחיץ 400 ג' יד מרדכי,מכוורת יד מרדכי שטרא,IL,דבש טהור לחיץ 400 גר,גרמים,400.00,100 גרם,false,,19.90,0.0497,true,1,1018710
7290005609039,false,פילה נסיכת הנילוס טר,,,פילה נסיכת הנילוס טר,קילוגרמים,1.00,"ק""ג",true,,69.90,69.9000,true,1,6467893
7290005609336,false,פילה סלמון שלם טרי,,,פילה סלמון שלם טרי,קילוגרמים,1.00,"ק""ג",true,,89.90,89.9000,true,1,6467894
7290005609343,false,קרפיון נקי טרי,,,קרפיון נקי טרי,קילוגרמים,1.00,"ק""ג",true,,28.90,28.9000,true,1,6467970
7290005609510,false,בורי נקי טרי,,,בורי נקי טרי,קילוגרמים,1.00,"ק""ג",true,,33.90,33.9000,true,1,6467972
7290005651069,false,"מזון חתולים לה קט מיקס 2.85 ק""ג","ביופט בע""מ",IL,לה קט מיקס 2.85 קג,קילוגרמים,2.85,"ק""ג",false,,57.90,20.3158,true,1,1028473
7290005651366,false,"מזון לכלבים בונזו מזון כלבים כבד 3 ק""ג","ביופט בע""מ",IL,בונזו כבד 3 קג' - אירוז ח,קילוגרמים,3.00,"ק""ג",false,,48.90,16.3000,true,1,1028474
7290005678387,false,ענבים אוטום רויאל,,,ענבים אוטום רויאל,קילוגרמים,1.00,"ק""ג",true,,14.90,14.9000,true,1,6803100
7290005678585,false,סקרלוטה ללא חרצנים,ביכורי השקמה,,ענבים שחורים,קילוגרמים,1.00,"ק""ג",true,,14.90,14.9000,true,1,1190874
7290005680052,false,טמפונים סופר פלוס אובה 32 יחידות,גונסון אנד גונסון,GR,טמפונים סופר פלוס או,יח',32.00,יח',false,,19.90,0.6219,true,1,1017942
7290005684418,false,לחם כוסמין אורגני 700 גר,מאפיה מרחבית קרית שמונה,IL,לחם כוסמין מלא 700 ג,גרמים,700.00,100 גרם,false,,14.90,0.0213,true,1,1191931
7290005684579,false,לחם מחמצת כוסמין 700 ג',מאפית ברמן,IL,לחם מחמצת כוסמין,גרמים,700.00,100 גרם,false,,14.90,0.0213,true,1,6711859
7290005719158,false,בייגל סימיט טורקי 15,פילסברי,IL,בייגל סימיט 150 גרם,יח',1.00,יח',false,,3.90,3.9000,true,1,6678155
7290005719189,false,לחם מחמצת שיפון אגוז,,,לחם מחמצת שיפון אגוז,יח',1.00,יח',false,,16.90,16.9000,true,1,6041482
7290005719462,false,עוגיות מנגלך טעם קינ,פילסברי,IL,מארז מינגלך קינמון,יח',1.00,יח',false,,19.90,19.9000,true,1,6837597
7290005719554,false,בורקס מים גבינה,,,בורקס מים גבינה,קילוגרמים,1.00,"ק""ג",true,,70.00,70.0000,true,1,6794949
7290005838002,false,מעדן גבינה ויוגורט בטעם וניל 88 ג' דניאלה,"שטראוס בריאות בע""מ",IL,דניאלה בטעם וניל 150,מיליליטרים,150.00,"100 מ""ל",false,,3.90,0.0260,true,1,1033152
7290005838613,false,"סקי וניל בודד 125 גרם ""שטראוס""","שטראוס בריאות בע""מ",IL,גבינת סקי בטעם וניל,גרמים,125.00,100 גרם,false,,3.70,0.0296,true,1,1033154
7290005839078,false,"יוגורט דנונה ביו לבן 3% שומן 8*150 מ""ל",מיוצר עי קונדיטוריית,IL,יוגורט דנונה ביו לבן,ליטרים,1.20,ליטר,false,,15.80,13.1667,true,1,1033156
7290005839108,false,גבינה לבנה סימפוניה עם תוספות 200 ג'+זיתים 5%,"שטראוס בריאות בע""מ",IL,סימפוניה ג.שמנת זיתי,גרמים,200.00,100 גרם,false,,10.40,0.0520,true,1,1033157
7290005839313,false,"מילקי טופ מגולגלת שטראוס 170 מ""ל",מיוצר עי קונדיטוריית,IL,מילקי טופ מגולגלת שט,מיליליטרים,170.00,"100 מ""ל",false,,4.50,0.0265,true,1,1033158
7290005896453,false,"בירה מכבי 7.9%, בירה חזקה, בקבוק חוזר 500 מ''ל",פארייפאבה אגרואינדוס,IL,גולדסטאר חוזר 500 בקבוק 2,מיליליטרים,500.00,"100 מ""ל",false,,6.90,0.0138,true,1,2298252
7290005902048,false,"רב-מג, מטאטא גומי מסדרת רב-מגב",דגש,,מטאטא גומי,יח',1.00,יח',false,,59.90,59.9000,true,1,1040176
7290005902055,false,מגב גומי `רב מגבת,דגש,,רב מגב- מגב הפלא,יח',1.00,יח',false,,59.90,59.9000,true,1,1040177
7290005938603,false,טפנד זיתים שחורים 220 ג,פרסקו חצבה,IL,טפנד זיתים שחורים 22,גרמים,220.00,100 גרם,false,,17.90,0.0814,true,1,1025155
7290005966033,false,"יין הר חרמון לבן 750 מ""ל",יקבי רמת הגולן,IL,"הר חרמון לבן 750 מ""ל",מיליליטרים,750.00,"100 מ""ל",false,,29.90,0.0399,true,1,1047563
7290005981500,false,מייבש כלים איכותי,דגש,,מייבש כלים איכותי,יח',1.00,יח',false,,20.00,20.0000,true,1,1040186
7290005981845,false,מיכל לחמוצים,ד.ג.ש,,מיכל לחמוצים,יח',1.00,יח',false,,13.00,13.0000,true,1,1040188
7290005992018,false,"יוגורט עיזים לשתיה 3% מחלבות גד 500 מ""ל","מיוצר ע""י קוד יצרן M",IL,יוגורט עיזים לשתיה 3,מיליליטרים,500.00,"100 מ""ל",false,,12.20,0.0244,true,1,1021614
7290005992575,false,גבינה בולגרית למריחה 5% גד 250 גרם,מחלבות גד בעמ,IL,גבינה בולגרית למריחה,גרמים,250.00,100 גרם,false,,15.90,0.0636,true,1,1021617
7290005992735,false,לאבנה טבעית 5% 250 גר' - רבנות,הנסיך- מפעל לייצור ט,IL,גבינת לאבנה 5% גד 25,גרמים,250.00,100 גרם,false,,11.90,0.0476,true,1,1021620
7290005996009,false,סלמי גלילי מעושן 400 ג' יחיעם,יחיעם,,סלמי גלילי מעושן 400,גרמים,400.00,100 גרם,false,,22.90,0.0572,true,1,5961244
7290005996825,false,נקניקיות בקר בסגנון אמריקאי 280 גרם,מעדני יחיעם 1993,IL,נקניקיות 100% בקר בס,יח',1.00,יח',false,,20.90,20.9000,true,1,6784045
7290006129345,false,אנטריקוט דק דק חלק 3,,,אנטריקוט דק דק,יח',1.00,יח',false,,33.90,33.9000,true,1,5892414
7290006133519,false,סינטה דק דק חלק 300,,,סינטה דק דק חלק 300,גרמים,300.00,100 גרם,false,,33.90,0.1130,true,1,6224951
7290006153104,false,בשר 5 קפוא חלק,,,בשר 5 קפוא חלק,קילוגרמים,1.00,"ק""ג",true,,69.90,69.9000,true,1,6787006
7290006153432,false,כתף מרכזי קפוא,,,כתף מרכזי קפוא,קילוגרמים,1.00,"ק""ג",true,,37.90,37.9000,true,1,6751938
7290006161758,false,פילה מדומה קפוא,,,פילה מדומה קפוא,קילוגרמים,1.00,"ק""ג",true,,37.90,37.9000,true,1,6692071
7290006185501,false,"פנינה רוזנבלום -אל סבון נוזלי ורוד,1 ליטר",פנינה רוזנבלום,IL,אל סבון נוזלי ורוד 1,ליטרים,1.00,ליטר,false,,8.90,8.9000,true,1,1031671
7290006185518,false,"פנינה רוזנבלום -אל סבון נוזלי כחול,1 ליטר",פנינה רוזנבלום,IL,אל סבון נוזלי כחול 1,ליטרים,1.00,ליטר,false,,8.90,8.9000,true,1,1031672
7290006199218,false,"שמיניית גלידל אייס מוקה ""פלדמן""",הגלידות של פלדמן,IL,"גלידל קפוצינו לל""ס 8",גרמים,400.00,100 גרם,false,,28.90,0.0722,true,1,5381497
7290006199942,false,"שמיניית גלידל פרי דובדבן ""פלדמן""",הגלידות של פלדמן,IL,"גלידל פרי דובדבן לל""",גרמים,640.00,100 גרם,false,,20.90,0.0327,true,1,5381498
7290006229427,false,סן בנדטו - מים מינרלים - מארז שישיית 500 מל,קריות זול,IT,"סן בנדטו 500 מ""ל שישייה",ליטרים,3.00,ליטר,false,,11.90,3.9667,true,1,1017283
7290006241511,false,"משקה לימונענע מרוכז קפוא פריגת 280 מ""ל",היינץ צפון אמריקה מק,IL,משקה לימונענע מרוכז,מיליליטרים,280.00,"100 מ""ל",false,,9.90,0.0354,true,1,1012645
7290006241689,false,"משקה לימונים מרוכז קפוא פריגת 280 מ""ל",היינץ צפון אמריקה מק,IL,משקה לימונים מרוכז ק,מיליליטרים,280.00,"100 מ""ל",false,,9.90,0.0354,true,1,1012647
7290006243577,false,בורקס תפוח אדמה שחף 800 גרם,שחף,,בורקס תפוח אדמה שחף,גרמים,800.00,100 גרם,false,,11.90,0.0149,true,1,1033913
7290006243713,false,בורקס גבינה שחף 800 גרם,שחף,,בורקס גבינה שחף 800,גרמים,800.00,100 גרם,false,,11.90,0.0149,true,1,1033914
7290006243737,false,שחף גחנון 800 גרם,שחף,,שחף ג'חנון 800גר,גרמים,800.00,100 גרם,false,,11.90,0.0149,true,1,1033915
7290006251107,false,תה צ'אי מסאלה ויסוצקי 25 יחידות,מולינו ניקולי s.p.a,IL,תה צ'אי מסאלה ויסוצק,גרמים,50.00,100 גרם,false,,17.50,0.3500,true,1,1027833
7290006251268,false,תה ירוק בטעם תפוח וקינמון ויסוצקי 25 יחידות,תה ויסוצקי,IL,תה ירוק בטעם תפוח וק,גרמים,37.50,100 גרם,false,,22.90,0.6107,true,1,1027834
7290006251275,false,תה ירוק סיני קלאסי ויסוצקי 25 יחידות,תה ויסוצקי,IL,תה ירוק סיני קלאסי ו,גרמים,37.50,100 גרם,false,,22.90,0.6107,true,1,1027835
7290006251282,false,הגן הקסום תה חמוציות ויסוצקי 25 יחידות,תה ויסוצקי,IL,הגן הקסום תה חמוציות,יח',25.00,יח',false,,16.90,0.6760,true,1,5504130
7290006251343,false,הגן הקסום תה פסיפלורה ומנגו ויסוצקי 25 יחידות,תה ויסוצקי,IL,הגן הקסום תה פסיפלור,יח',25.00,יח',false,,16.90,0.6760,true,1,5537922
7290006251374,false,תה ירוק לימונית וג'ינג'ר ויסוצקי 25 יחידות,תה ויסוצקי,IL,תה ירוק לימונית וג'י,יח',1.00,יח',false,,22.90,22.9000,true,1,1027838
7290006251589,false,תה ירוק עם עלי נענע 50 שקיקים ויסוצקי,בית ויסוצקי,IL,תה ירוק נענע ויסוצקי,גרמים,75.00,100 גרם,false,,39.90,0.5320,true,1,1027839
7290006256089,false,"יין אדום קברנה סוביניון גאטו נגרו 750 מ""ל",יקבי הר מרון,AR,יין אדום קברנה סובינ,מטרים,750.00,100 מ'ל,false,,35.90,0.0479,true,1,1025464
7290006256102,false,"יין אדום מרלו גאטו נגרו 750 מ""ל",יקבי הר מרון,AR,יין אדום מרלו גאטו נ,מטרים,750.00,100 מ'ל,false,,38.90,0.0519,true,1,1025465
7290006256775,false,"גאטו נגרו מלבק 750 מ""ל",,,גאטו נגרו מלבק 750 מ,מטרים,750.00,100 מ'ל,false,,38.90,0.0519,true,1,6795358
7290006265500,false,פטריות שמפיניון ארוז מרינה,"מרינה פטריות הגליל בע""מ",IL,שמפניון ארוז מרינה,יח',1.00,יח',false,,8.90,8.9000,true,1,1032142
7290006271174,false,ג'חנון לאפיה בתנור מעדנות 700 גרם,מיוצר עי קונדיטוריית,IL,גחנון בצק 700גר מעדנות,גרמים,700.00,100 גרם,false,,16.90,0.0241,true,1,1015547
7290006271181,false,ג'חנון אפוי מעדנות 750 גרם,מיוצר עי קונדיטוריית,IL,גחנון אפוי 750גר מעדנות,גרמים,750.00,100 גרם,false,,21.90,0.0292,true,1,1015548
7290006271648,false,מיני בורקס תפוחי אדמה מעדנות 800 גרם,"מעדנות בע""מ",IL,"מיני בורקס תפו""א 800 גרם",גרמים,800.00,100 גרם,false,,19.90,0.0249,true,1,1015552
7290006271655,false,מיני בורקס גבינה מעדנות 800 גרם,מיוצר עי קונדיטוריית,IL,מיני בורקס גבינה 800 גרם,גרמים,800.00,100 גרם,false,,19.90,0.0249,true,1,1015553
7290006272072,false,חטיפי פיצה בשקית מעדנות 650ג',"מעדנות בע""מ",IL,חטיפי פיצה מעדנות 65,גרמים,650.00,100 גרם,false,,27.90,0.0429,true,1,1015558
7290006272430,false,בצק עלים חמאה מעדנות 600 גרם,מיוצר עי קונדיטוריית,IL,בצק עלים חמאה 600גר,גרמים,600.00,100 גרם,false,,27.90,0.0465,true,1,1015559
7290006322104,false,לחם ריחיים קל פרוס 500גר,מאפיית דוידוביץ ובני,IL,לחם ריחיים קל פרוס 5,גרמים,500.00,100 גרם,false,,7.90,0.0158,true,1,5417239
7290006342645,false,טורטיה גדולה 840 גר' 12 יח,אלקטי קוראבייכיסיגיד,TR,טורטיות 12 יח 840 גר,גרמים,840.00,100 גרם,false,,14.90,0.0177,true,1,1014986
7290006374738,false,קונפיטורת יד מרדכי תות 340 גרם,אף.סי תבליני בגליל ב,IL,קונפיטורת תות 340 גר,גרמים,340.00,100 גרם,false,,10.90,0.0321,true,1,1018717
7290006376046,false,סוכר דמררה ארומתי בש,בשקביץ,IL,"סוכר דמררה שקית 1 ק""",יח',1.00,יח',false,,8.70,8.7000,true,1,1017445
7290006376053,false,"סוכר חום כהה בשקית 1 ק""ג",יושלם,,"סוכר חום 1 ק""ג פרימי",קילוגרמים,1.00,"לק""ג",false,,12.50,12.5000,true,1,6754364
7290006376329,false,ציפוי לשניצל בטעם קלאסי 350 גרם,,,ציפוי לשניצל בטעם קל,גרמים,350.00,100 גרם,false,,10.90,0.0311,true,1,1017454
7290006376336,false,ציפוי לשניצל בטעם מקסיקני 350 גרם,,,ציפוי לשניצל בטעם מק,גרמים,350.00,100 גרם,false,,10.90,0.0311,true,1,1017455
7290006376343,false,ציפוי לשניצל בטעם ים תיכוני 350ג' שקית,,,ציפוי לשניצל בטעם ים,גרמים,350.00,100 גרם,false,,10.90,0.0311,true,1,1017456
7290006376718,false,גלטין לעוגה פרימיום 24 יח,,,ג'לטין דגים קרטונית,גרמים,24.00,100 גרם,false,,8.90,0.3708,true,1,6748511
7290006409041,false,רמי מספרים,,,רמי מספרים,יח',1.00,יח',false,,29.90,29.9000,true,1,6763603
7290006409416,false,רמי מילים,,,רמי מילים,יח',1.00,יח',false,,29.90,29.9000,true,1,6763604
7290006429506,false,חצאי אפרסקים 820 גרם טעמן,טעמן,IL,טעמן חצאי אפרסק 470,גרמים,470.00,100 גרם,false,,9.70,0.0206,true,1,1019484
7290006439512,false,פול גדול 750גרם (בד'ץ),בני ג'ורג' שוקחה חיפ,,פול גדול 750גרם (בד',גרמים,750.00,100 גרם,false,,12.70,0.0169,true,1,6783873
7290006448040,false,גבינת שמנת שום שמיר נפוליאון 25% שומן 800 ג',תנובה,IL,נפוליאון גבינת שמנת,קילוגרמים,1.00,"ק""ג",true,,39.00,39.0000,true,1,6796709
7290006492432,false,גבינת מוצרלה בייבי 18% גד 150 גרם,מחלבות גד בעמ,IL,גבינת מוצרלה בייבי 1,גרמים,150.00,100 גרם,false,,12.90,0.0860,true,1,1021624
7290006492616,false,גבינה בולגרית מעודנת פרוסות 5% גד 250 גרם,DSH עבור מחלבות גד ב,IL,גבינה בולגרית מעודנת,גרמים,250.00,100 גרם,false,,25.20,0.1008,true,1,1021626
7290006492630,false,גבינת פרומעז עיזים 22% גד 180 גרם,מחלבות גד בעמ,IL,גבינת פרומעז עיזים 2,גרמים,180.00,100 גרם,false,,17.90,0.0994,true,1,1021627
7290006492647,false,מטבעות גבינה עזים 22 אחוז 150גרם גד,"מיוצר ע""י קוד יצרן t",IL,גבינת עיזים מטבעות 2,גרמים,150.00,100 גרם,false,,22.40,0.1493,true,1,1021628
7290006492685,false,גבינת לאבנה עיזים 5% גד 250 גרם,מחלבות גד בעמ,IL,גבינת לאבנה עיזים 5%,גרמים,250.00,100 גרם,false,,15.90,0.0636,true,1,1021629
7290006492852,false,גבינת עיזים למריחה 5% שומן 250 ג' גד,קריות זול,IL,גבינת עיזים 5% גד 25,גרמים,250.00,100 גרם,false,,15.90,0.0636,true,1,1021631
7290006492913,false,גבינת לאבנה ציזיקי 5% מחלבות גד 250 גרם,מחלבות גד בעמ,IL,גבינת לאבנה ציזיקי 5,גרמים,250.00,100 גרם,false,,11.90,0.0476,true,1,1021632
7290006494917,false,טוסו וופל קלאסי במילוי שוקולד 200 גרם,"איטיליאן פוד, אס.פי.",IL,טוסו ופל קלאסי בטעם שוקול,גרמים,180.00,100 גרם,false,,7.90,0.0439,true,1,1047257
7290006494924,false,טוסו וופל קלאסי במילוי קרם לימון 200 גרם,"גילרו בע""מ",IL,טוסו ופל קלאסי בטעם,גרמים,180.00,100 גרם,false,,7.90,0.0439,true,1,1047258
7290006496225,false,"מי ורדים 750 מ""ל משקד",משקד,IL,"מי ורדים 750 מ""ל משק",מיליליטרים,750.00,"100 מ""ל",false,,11.90,0.0159,true,1,1026374
7290006511157,false,"פטריות שלמות ויליפוד 400 גרם בד""ץ",אוקצ'מפס אס.איי אויי,PL,פטריות שמפיניון שלמו,גרמים,230.00,100 גרם,false,,7.70,0.0335,true,1,1027485
7290006511706,false,גבינת גאודה עם כמון,רובין הולנד,NL,*מבצע* גבינת גאודה ע,קילוגרמים,1.00,"ק""ג",true,,80.00,80.0000,true,1,6835150
7290006511904,false,גבינת אדם כדורים במשקל,ברגלנדמיל,AT,*מבצע* גבינת אדם כדו,קילוגרמים,1.00,"ק""ג",true,,55.00,55.0000,true,1,1027385
7290006582355,false,סילאן דבש תמרים כשר,"דין שיווק וקליה בע""מ",IL,סילאן שקדיה 900 גרם,גרמים,900.00,100 גרם,false,,9.90,0.0110,true,1,1014988
7290006618078,false,אסטוניש מרסס לניקוי המטבח 750 מל,יעקובי אסטוניש,GB,אסטוניש מרסס לניקוי,מיליליטרים,750.00,"100 מ""ל",false,,11.90,0.0159,true,1,1026489
7290006618146,false,"הפי מדליק פחמים נוזלי יעקבי 500 מ""ל",תות תעשיות מזון (201,NL,הפי מדליק פחמים נוזל,מיליליטרים,500.00,"100 מ""ל",false,,13.90,0.0278,true,1,1026493
7290006652027,false,במבה חטיף בוטנים אסם 20*15 גרם,מיוצר עי קונדיטוריית,IL,במבה חטיף בוטנים אסם,גרמים,300.00,100 גרם,false,,23.90,0.0797,true,1,1020692
7290006653819,false,פתיתי קוסקוס דק 350 גרם,"מיוצר ע""י קוד יצרן K",IL,קוסקוס דק אסם 350 גר,גרמים,350.00,100 גרם,false,,7.50,0.0214,true,1,1020698
7290006660596,false,קמח עדשים אדומות ללא גלוטן 500 גרם,אף.סי תבליני בגליל ב,IL,קמח עדשים אדומות,גרמים,500.00,100 גרם,false,,17.80,0.0356,true,1,5406012
7290006660602,false,מי קוקוס אורגני גרין קוקו קרטונית 1 ליטר,תות תעשיות מזון (201,PH,מי קוקוס אורגני 1 לי,מטרים,1000.00,100 מ'ל,false,,18.50,0.0185,true,1,6234624
7290006664051,false,"אקטימל לבן מארז 100X14 מ""ל",מיוצר עי קונדיטוריית,IL,יוגורט אקטימל 14*100,ליטרים,1.40,ליטר,false,,28.90,20.6429,true,1,1033175
7290006664402,false,גבינה לבנה סקי 5% שומן 750 גרם,מיוצר עי קונדיטוריית,IL,גבינה לבנה סקי 5% שו,גרמים,750.00,100 גרם,false,,12.90,0.0172,true,1,1033180
7290006664532,false,יוגורט עם תות 3% שומן 150 ג' דנונה,מיוצר עי קונדיטוריית,IL,יוגורט דנונה תות 3%,מיליליטרים,150.00,"100 מ""ל",false,,3.50,0.0233,true,1,1033182
7290006664655,false,"אקטימל לבן טבעי מארז 100X8 מ""ל",מיוצר עי קונדיטוריית,IL,יוגורט אקטימל 8*100,מיליליטרים,800.00,"100 מ""ל",false,,19.90,0.0249,true,1,1033185
7290006664693,false,יוגורט עם אפרסק 3% שומן 150 ג' דנונה,מיוצר עי קונדיטוריית,IL,יוגורט דנונה אפרסק 3,מיליליטרים,150.00,"100 מ""ל",false,,3.50,0.0233,true,1,1033186
7290006664990,false,"יוגורט דנונה ביו לבן 1.7% שומן 8*150 מ""ל",מיוצר עי קונדיטוריית,IL,יוגורט דנונה ביו לבן,ליטרים,1.20,ליטר,false,,15.80,13.1667,true,1,1033190
7290006681003,false,גלידה תות לימון סורבה 1.33 ל' קרמיסימו,"גלידת שטראוס בע""מ, ר",IL,קרמיסימו תות לימון ס,ליטרים,1.33,ליטר,false,,17.90,13.4586,true,1,1031505
7290006681553,false,קרמבו בטעם וניל שטראוס 8 יחידות,"גלידת שטראוס בע""מ",IL,קרמבו בטעם וניל שטרא,יח',1.00,יח',false,,12.90,12.9000,true,1,1031511
7290006681560,false,קרמבו בטעם מוקה שטראוס 8 יחידות,"גלידת שטראוס בע""מ",IL,קרמבו בטעם מוקה שטרא,יח',1.00,יח',false,,12.90,12.9000,true,1,1031512
7290006681577,false,מאגדת קרחון אסקימו לימון דובדובן 10 יח' שטראוס,"מיוצר ע""י גלידת שטרא",IL,אסקימו קרחונים בטעם,יח',1.00,יח',false,,14.80,14.8000,true,1,1031513
7290006684004,false,ביצים גדולות 30יח L,ביצי הגליל,,ביצים גדולות 30יח L,יח',30.00,יח',false,,30.00,1.0000,true,1,1049547
7290006684264,false,ביצים 30יח ענקיות XL,ביצי הגליל,,ביצים 30יח ענקיות XL,יח',30.00,יח',false,,32.50,1.0833,true,1,1049549
7290006696717,false,יקבי אפרת תירוש מוסקט לבן 1 ליטר,יקב טפרברג 1870 בעמ,IL,מיץ ענבים לבן 1 לי,ליטרים,1.00,ליטר,false,,12.90,12.9000,true,1,1026712
7290006704658,false,ברוקולי ארוז יח,יריב חג'בי,IL,ברוקולי ארוז,יח',1.00,יח',false,,8.90,8.9000,true,1,1192231
7290006712981,false,"משחת שיניים לילדים בגילאי +6 קולגייט 50 מ""ל",הנסיך- מפעל לייצור ט,PL,משחת שיניים לילדים ב,גרמים,50.00,100 גרם,false,,11.90,0.2380,true,1,1017947
7290006714381,false,טחון עוף 500 גר,מעדני הטלה והעגל,,טחון עוף 500גר,גרמים,500.00,100 גרם,false,,12.90,0.0258,true,1,3513182
7290006714398,false,טחון הודו 500 גר,לאטי עזרא,,טחון הודו 500גר,גרמים,500.00,100 גרם,false,,12.90,0.0258,true,1,3513183
7290006737151,false,סוכריות עדשים 80 גר',,,סוכריות עדשים 80 ג,גרמים,80.00,100 גרם,false,,3.80,0.0475,true,1,2483674
7290006737854,false,מרשמלו צבעוני 150 גר',,,מרשמלו צבעוני 180 גר,גרמים,180.00,100 גרם,false,,4.70,0.0261,true,1,4602995
7290006739124,false,בצק עלים פילאס 500ג' זוגלובק,זוגלובק,IL,בצק פילאס 500גר זוגל,גרמים,500.00,100 גרם,false,,11.90,0.0238,true,1,1072379
7290006739131,false,בצק גולמי פילו זוגלובק 500ג',מאפיית אריאל,IL,בצק פילו 500גר זוגלו,גרמים,500.00,100 גרם,false,,11.90,0.0238,true,1,1072380
7290006739292,false,נקניק פסטרמה פרגיות ציפוי תירס,נקניק נהריה כשר זוגל,IL,פסטרמה תבור 2% זוגלו,גרמים,330.00,100 גרם,false,,25.90,0.0785,true,1,1028059
7290006739346,false,נקניקיות פרגיות טרי 400 גרם זוגלובק,נקניק נהריה כשר זוגל,IL,נקניקיות פרגיות זוגל,גרמים,400.00,100 גרם,false,,13.90,0.0348,true,1,1028060
7290006739407,false,שניצל תירס לייט זוגלובק 600 גרם,נקניק נהריה כשר זוגל,IL,שניצל תירס לייט זוגל,גרמים,600.00,100 גרם,false,,21.90,0.0365,true,1,1028062
7290006739414,false,נקניק סלמי קוניאק זוגלובק 300 גרם,נקניק נהריה כשר זוגל,IL,נקניק סלמי קוניאק זו,גרמים,300.00,100 גרם,false,,24.90,0.0830,true,1,1028063
7290006739445,false,שניצל תירס קלאסי 750 ג' זוגלובק,נקניק נהריה כשר זוגל,IL,שניצל תירס קלאסי 750,גרמים,750.00,100 גרם,false,,21.90,0.0292,true,1,1028065
7290006739544,false,נקניק כתף בקר 3% 300 גרם,זוגלובק,IL,נקניק כתף בקר 3% 300,גרמים,300.00,100 גרם,false,,25.90,0.0863,true,1,1028066
7290006741363,false,בורקס תפוחי אדמה זוגלובק 800 גרם,מאפיית אריאל וגידרון,IL,בורקס תפוחי אדמה זוג,גרמים,800.00,100 גרם,false,,13.90,0.0174,true,1,1028085
7290006742278,false,פסטרמה הודו צלויה על לבנים 330 ג' זוגלובק,נקניק נהריה כשר זוגל,IL,פסטרמה צלויה על לבני,גרמים,330.00,100 גרם,false,,25.90,0.0785,true,1,1028096
7290006742292,false,פסטרמה הודו בדבש 330 ג' זוגלובק,נקניק נהריה כשר זוגל,IL,פסטרמה בדבש 2% זוגלו,גרמים,330.00,100 גרם,false,,25.90,0.0785,true,1,1028097
7290006742315,false,פסטרמה חזה הודו ברביקיו 2% זוגלובק 330 גרם,נקניק נהריה כשר זוגל,IL,פסטרמה חזה הודו ברבי,גרמים,330.00,100 גרם,false,,25.90,0.0785,true,1,1028099
7290006753915,false,מיני מרגז חריפות 500גר,,IL,מיני מרגז חריפות 500,גרמים,500.00,100 גרם,false,,28.90,0.0578,true,1,6829753
7290006753922,false,נקניקיות מיני צ'וריס,,,מיני צוריסוס 500 גרם,גרמים,500.00,100 גרם,false,,28.90,0.0578,true,1,6829754
7290006753939,false,קבב ג'מבו מזרחי פרימ,,,קבב גמבו מזרחי 600גר,גרמים,600.00,100 גרם,false,,37.90,0.0632,true,1,6829755
7290006753953,false,המבורגר אנטריקוט 500 גרם,,,המבורגר אנטריקוט 500,גרמים,500.00,100 גרם,false,,37.90,0.0758,true,1,6829757
7290006753977,false,מעדני הטלה הקבב של ע,,,הקבב של עזרא 600 גרם,גרמים,600.00,100 גרם,false,,37.90,0.0632,true,1,6829758
7290006764072,false,"גולדסטאר בירה בק חוזר 500 מ""ל","טמפו משקאות בע""מ",IL,גולדסטאר חוזר 500 בקבוק 2,מיליליטרים,500.00,"100 מ""ל",false,,6.90,0.0138,true,1,1017286
7290006764096,false,"בירה איגל 500 מ""ל 3.8% בקבוק חוזר","טמפו משקאות בע""מ",IL,גולדסטאר חוזר 500 בקבוק 2,מיליליטרים,500.00,"100 מ""ל",false,,5.80,0.0116,true,1,2523374
7290006764157,false,"בירה גולדסטאר Unfiltered, בירה לא מסוננת, בקבוק חוזר 500 מ""ל",פארייפאבה אגרואינדוס,IL,בירה גולדסטאר לא מסו,מיליליטרים,500.00,"100 מ""ל",false,,8.80,0.0176,true,1,5647394
7290006764485,false,"בירה שחורה נשר מאלט שישייה ח""פ 330*6 מ''ל",קריות זול,IL,"נשר מאלט ח""פ 330 בקבוק מש",ליטרים,1.98,ליטר,false,,26.90,13.5859,true,1,1017288
7290006765000,false,טורטיות חיטה מלאה 8יח 540 ג',אלקטי קוראבייכיסיגיד,TR,טורטיה 12 יח קמח מלא,גרמים,540.00,100 גרם,false,,9.90,0.0183,true,1,5054698
7290006775078,false,אחווה עוגה בטעם דבש 400גר,אחדות ביחר לטחינה חל,IL,עוגת דבש 400 גרם אחו,גרמים,400.00,100 גרם,false,,5.90,0.0148,true,1,1029900
7290006784018,false,"מילוי מכשיר אוויר 250 מ""ל fashion blablabla סנט מוריץ",סורה קוסמטיקס,TR,מטהר אויר למכשיר אוט,מטרים,1.00,100 מ'ל,false,,9.90,9.9000,true,1,6873366
7290006784308,false,"PURE מבשם אוויר ניחוח חופשה בפרובנס 400 מ""ל",קומפלקס כימיקלים,TR,מבשם אוויר בניחוח חו,מטרים,400.00,100 מ'ל,false,,7.90,0.0198,true,1,6813384
7290006784339,false,"תרסיס לניקוי רהיט סנט מוריץ 300 מ""ל",קומפלקס כימיקלים,IL,תרסיס לניקוי רהיט סנ,מיליליטרים,300.00,"100 מ""ל",false,,9.90,0.0330,true,1,1031441
7290006784346,false,"תרסיס לניקוי שטיחים סנט מוריץ 630 מ""ל",קומפלקס כימיקלים,IL,תרסיס לניקוי שטיחים,מיליליטרים,630.00,"100 מ""ל",false,,15.90,0.0252,true,1,1031442
7290006784469,false,"PURE מבשם אוויר ניחוח חופשה במיקונוס 400 מ""ל",קומפלקס כימיקלים,TR,מבשם אוויר בניחוח חו,מטרים,400.00,100 מ'ל,false,,7.90,0.0198,true,1,6813388
7290006784483,false,"PURE מבשם אוויר ניחוח חופשה בסנט מוריץ 400 מ""ל",קומפלקס כימיקלים,TR,מבשם אוויר בניחוח חו,מטרים,400.00,100 מ'ל,false,,7.90,0.0198,true,1,6813389
7290006784650,false,מסיר אבנית מתז 750 מל רמי לוי,,,מסיר אבנית מתז 750 מ,מיליליטרים,750.00,"100 מ""ל",false,,8.30,0.0111,true,1,1890344
7290006784674,false,נוזל כלים רמי לוי ור,,,נוזל כלים רמי לוי ור,מיליליטרים,750.00,"100 מ""ל",false,,5.90,0.0079,true,1,2077078
7290006784698,false,נוזל כלים רמי לוי הי,,,נוזל כלים רמי לוי הי,מיליליטרים,750.00,"100 מ""ל",false,,5.90,0.0079,true,1,2077080
7290006784728,false,נוזל כלים ירוק למון ליים 750 מל רמי לוי,,,נוזל כלים ירוק למון,מיליליטרים,750.00,"100 מ""ל",false,,5.90,0.0079,true,1,2788984
7290006784735,false,נוזל כלים פרחי אביב 750 מל רמילוי,,,נוזל כלים פרחי אביב,מיליליטרים,750.00,"100 מ""ל",false,,5.90,0.0079,true,1,2788985
7290006784766,false,נוזל חלונות 1ליטר רמי לוי,,,נוזל חלונות 1ליטר רמ,ליטרים,1.00,ליטר,false,,4.90,4.9000,true,1,2229940
7290006784810,false,נוזל כלים לימון 1.6 רמילוי,,,נוזל כלים לימון 1.6,ליטרים,1.60,ליטר,false,,9.90,6.1875,true,1,4126386
7290006784834,false,נוזל כלים פרחים 1.6 רמילוי,,,נוזל כלים פרחים 1.6,ליטרים,1.60,ליטר,false,,9.90,6.1875,true,1,4126406
7290006784865,false,סנט מוריץ לניקוי משטחי מטבחים מרוכז ועוצמתי 1ל',קומפלקס כימיקלים,IL,סנט מוריץ מרסס מטבחי,100 מל,1000.00,100 מל,false,,9.90,0.0099,true,1,5582212
7290006784995,false,תרסיס אקונומיקה בריח לבנדר 1לי,,,תרסיס אקונומיקה בריח,יח',1.00,יח',false,,9.90,9.9000,true,1,6338168
7290006788399,false,"קרליין דאודורנט רול און נושם טורקיז 75 מ""ל",אמיליה קוסמטיקס,IL,דאודורנט קרליין רול,גרמים,75.00,100 גרם,false,,10.90,0.1453,true,1,1045717
7290006788405,false,"קרליין - נושם אקטיב דאודורנט רול און לאישה ברודו 75 מ""ל","אמיליה קוסמטיקס בע""מ",IL,דאודורנט קרליין רול,גרמים,75.00,100 גרם,false,,10.90,0.1453,true,1,1045718
7290006788412,false,"קרליין - נושם אקווה דאודורנט רול און לאישה כחול 75 מ""ל",אמיליה קוסמטיקס,IL,דאודורנט קרליין רול,גרמים,50.00,100 גרם,false,,10.90,0.2180,true,1,1045719
7290006788436,false,"קרליין - נושם פיור דאודורנט רול און לאישה ורוד 75 מ""ל",משווק: קוסמופארם בעמ,IL,דאודורנט קרליין רול,גרמים,75.00,100 גרם,false,,10.90,0.1453,true,1,1045721
7290006788443,false,"קרליין - נושם אוקסיג'ן דאודורנט רול און לאישה סגול 75 מ""ל","אמיליה קוסמטיקס בע""מ",IL,דאודורנט קרליין רול,גרמים,75.00,100 גרם,false,,10.90,0.1453,true,1,1045722
7290006788467,false,"קרליין - נושם אקטיב דאודורנט ספריי לאישה בורדו 200 מ""ל","אמיליה קוסמטיקס בע""מ",IL,דאודורנט קרליין ספרי,מיליליטרים,200.00,"100 מ""ל",false,,10.90,0.0545,true,1,1045724
7290006788474,false,"קרליין - נושם אקווה דאודורנט ספריי לאישה כחול 200 מ""ל",אמיליה קוסמטיקס,IL,דאודורנט קרליין ספרי,גרמים,75.00,100 גרם,false,,10.90,0.1453,true,1,1045725
7290006788481,false,"קרליין - נושם סאן רייס דאודורנט ספריי לאישה כתום 200 מ""ל","אמיליה קוסמטיקס בע""מ",IL,דאודורנט קרליין ספרי,מיליליטרים,200.00,"100 מ""ל",false,,10.90,0.0545,true,1,1045726
7290006788498,false,"קרליין - נושם פיור דאודורנט ספריי לאישה ורוד 200 מ""ל","אמיליה קוסמטיקס בע""מ",IL,דאודורנט קרליין ספרי,מיליליטרים,200.00,"100 מ""ל",false,,10.90,0.0545,true,1,1045727
7290006788504,false,"קרליין - נושם אוקסיג'ן דאודורנט ספריי לאישה סגול 200 מ""ל",מיוצר עי : אמיליה קו,IL,דאודורנט קרליין ספרי,מיליליטרים,200.00,"100 מ""ל",false,,10.90,0.0545,true,1,1045728
7290006788559,false,"טיטניום ICE דאודורנט תרסיס ספריי 180 מ""ל",טיטניום,,דאו ספריי טיטניום 18,מיליליטרים,180.00,"100 מ""ל",false,,14.90,0.0828,true,1,1045729
7290006789617,false,"קרם לחות לתלתול טבעי לשיער גלי עד מתולתל 10 קרליין 400 מ""ל",מיוצר עי : אמיליה קו,IL,קרם לחות לתלתול טבעי,מיליליטרים,400.00,"100 מ""ל",false,,16.90,0.0422,true,1,1045745
7290006789631,false,"קרליין קרם לחות לשיער רגיל 400 מ""ל","אמיליה קוסמטיקס בע""מ",IL,קרם לחות 10 לשיער רג,מיליליטרים,400.00,"100 מ""ל",false,,16.90,0.0422,true,1,1045747
7290006789648,false,"קרם לחות לשיער יבש 10 קרליין 400 מ""ל","אמיליה קוסמטיקס בע""מ",IL,קרם לחות לשיער יבש 1,מיליליטרים,400.00,"100 מ""ל",false,,16.90,0.0422,true,1,1045748
7290006789655,false,"קרם לחות לסירוק קל לשיער מתולתל ומקורזל 10 קרליין 400 מ""ל","אמיליה קוסמטיקס בע""מ",IL,קרם לחות לסירוק קל ל,מיליליטרים,400.00,"100 מ""ל",false,,16.90,0.0422,true,1,1045749
7290006804051,false,בורקס גבינה פילסברי,פילסברי,,בורקס גבינה פילסברי,קילוגרמים,1.00,"ק""ג",true,,42.00,42.0000,true,1,1012954
7290006804068,false,"מאפיה - בורקס תפו""א",פילסברי,,בורקס תפוח אדמה,קילוגרמים,1.00,"ק""ג",true,,42.00,42.0000,true,1,1012955
7290006804082,false,קרואסון ביס שוקולד פ,פילסברי,,קרואסון ביס שוקולד פ,קילוגרמים,1.00,"ק""ג",true,,42.00,42.0000,true,1,1012957
7290006804099,false,גביניות פילסברי חלבי,פילסברי,,גביניות פילסברי חלבי,קילוגרמים,1.00,"ק""ג",true,,42.00,42.0000,true,1,1012958
7290006804136,false,קרואסון פילסברי פרוו,פילסברי,,קרואסון פילסברי פרוו,קילוגרמים,1.00,"ק""ג",true,,42.00,42.0000,true,1,1012960
7290006804143,false,רוגלעך פילסברי,פילסברי,,רוגלעך פילסברי,קילוגרמים,1.00,"ק""ג",true,,42.00,42.0000,true,1,1012961
7290006804174,false,קינמון פילסברי,פילסברי,,קינמון פילסברי,קילוגרמים,1.00,"ק""ג",true,,42.00,42.0000,true,1,1012962
7290006804198,false,קרם שניט פילסברי פרו,פילסברי,,קרם שניט פילסברי פרו,קילוגרמים,1.00,"ק""ג",true,,42.00,42.0000,true,1,1012963
7290006804457,false,בורקס תורכי פיצה-חלב,פילסברי,,בורקס תורכי פיצה חלב,קילוגרמים,1.00,"ק""ג",true,,42.00,42.0000,true,1,1012968
7290006805355,false,"פילסברי, כדורים בטעם שוקולד, תערובת להכנת כדורים בטעם שוקולד. 500 גרם.",הדקלאים אגודת שיתופי,IL,תערובת להכנת כדורי ש,גרמים,500.00,100 גרם,false,,15.90,0.0318,true,1,1029037
7290006805362,false,חצי באגט מאפית,פילסברי,,חצי באגט מאפית,יח',1.00,יח',false,,3.20,3.2000,true,1,5420139
7290006805850,false,פילסברי פנקייק תערובת להכנת חביתיות,הדקלאים אגודת שיתופי,IL,תערובת להכנת פנקייק,גרמים,500.00,100 גרם,false,,15.90,0.0318,true,1,1029038
7290006805881,false,בייגל ירושלמי וינואז,פילסברי,,חלת בגט,יח',1.00,יח',false,,7.90,7.9000,true,1,2928464
7290006806499,false,לחמנייה דגנים וגרעינ,,,לחמניה עם קמח מלא,יח',1.00,יח',false,,3.90,3.9000,true,1,2811189
7290006806963,false,חלה מתוקה קלועה אפויה-קפואה,פילסברי,,חלה מתוקה קלועה אפוי,יח',1.00,יח',false,,12.40,12.4000,true,1,2811190
7290006822192,false,נקטר דיאט חמוציות אושן ספריי פריגת 1 ליטר,מבשלות בירה בינלאומי,IL,נקטר דיאט חמוציות או,ליטרים,1.00,ליטר,false,,11.00,11.0000,true,1,1013352
7290006855183,false,ברבריא חטיף תמרים שומשום אגוז מלך 30*4,טבעית מוצרים מן הטבע,IL,חטיף בר תמרים אגוזי,גרמים,120.00,100 גרם,false,,14.90,0.1242,true,1,1098825
7290006855190,false,חטיף תמרים ואגוזי מלך עם בננה ללא תוספת סוכר,טבעית מוצרים מן הטבע,,ברבריא תמר אגוז מלך,גרמים,120.00,100 גרם,false,,14.90,0.1242,true,1,6801515
7290006855206,false,חטיף בר שזיפים קוקוס ואוכמניות מארז 120 גרם,טבעית מוצרים מן הטבע,IL,חטיף בר שזיפים קוקוס,גרמים,120.00,100 גרם,false,,14.90,0.1242,true,1,1098826
7290006855244,false,ברבריא חטיף אגוזים שקדים וצימוקים 30*4,טבעית מוצרים מן הטבע,IL,חטיף בר אגוזים שקדים,גרמים,120.00,100 גרם,false,,14.90,0.1242,true,1,6801516
7290006855251,false,חטיף קשיו חמוציות וסילאן ברבריא 4*30 ג',טבעית מוצרים מן הטבע,IL,חטיף בר קשיו אגוזי מ,גרמים,120.00,100 גרם,false,,14.90,0.1242,true,1,1098828
7290006866363,false,מיץ סחוט אשכולית אדומה פרימור 1 ליטר,"גניר (1992) בע""מ",IL,מיץ סחוט אשכולית אדו,ליטרים,1.00,ליטר,false,,15.80,15.8000,true,1,1033191
7290006866967,false,פרימור נקטר חמוציות 1ליטר,סטאר סנקס,IL,נקטר חמוציות 1ליטר בבקבוק,ליטרים,1.00,ליטר,false,,8.80,8.8000,true,1,1012163
7290006920638,false,גבינת שמנת זיתים 500 גרם,גבינות הכפר בעמ,IL,גבינת שמנת זיתים 500,גרמים,500.00,100 גרם,false,,18.70,0.0374,true,1,1164511
7290006920737,false,גבינת שמנת טבעי 500 גרם,גבינות הכפר בעמ,IL,גבינת שמנת 500 גרם,גרמים,500.00,100 גרם,false,,18.70,0.0374,true,1,1164512
7290006920744,false,גבינת שמנת שום שמיר 500 גרם,גבינות הכפר בעמ,IL,גבינת שמנת שום שמיר,גרמים,500.00,100 גרם,false,,18.70,0.0374,true,1,1164513
7290006920829,false,"תחליפי גבינ""צ צ'דר פרוס 350 גר'",צי תעשיות מזון יבנה,IL,צ'דר פרוס 350גר,גרמים,350.00,100 גרם,false,,13.90,0.0397,true,1,1015203
7290006920843,false,"תחליפי גבינ""צ מוצרלה פרוס 350 גר'",צי תעשיות מזון יבנה,IL,מוצרלה פרוס 350 גר,גרמים,350.00,100 גרם,false,,13.90,0.0397,true,1,1015205
7290006920911,false,הולנדית פרוס 350ג' כפיר,צי תעשיות מזון יבנה,IL,הולנדי פרוס 350גר,גרמים,350.00,100 גרם,false,,13.90,0.0397,true,1,1015207
7290006920935,false,פיקנטית פרוס 350ג' כפיר,,,חריפה פרוס 350גר,גרמים,350.00,100 גרם,false,,13.90,0.0397,true,1,1015209
7290006920942,false,צהובה טובה פרוס כפיר,צי תעשיות מזון יבנה,IL,צהובה טובה 350 גר,גרמים,350.00,100 גרם,false,,13.90,0.0397,true,1,1015210
7290006983206,false,תערובת להכנת פלפל קלי קלות 180 גרם,"אסם תעשיות בע""מ",IL,תערובת להכנת פלאפל א,גרמים,180.00,100 גרם,false,,9.50,0.0528,true,1,1020714
7290006983527,false,עוגת הבית תפוחי עץ עם פירורים 400 ג' אסם,מיוצר עי קונדיטוריית,IL,עוגת הבית תפוחי עץ ו,גרמים,400.00,100 גרם,false,,14.90,0.0373,true,1,1020717
7290006983763,false,עוגת הבית שוקולד 400 גרם אסם.,מיוצר עי קונדיטוריית,IL,עוגת הבית שוקולד אסם,גרמים,400.00,100 גרם,false,,10.90,0.0273,true,1,1020718
7290006983770,false,עוגת הבית שיש אסם 400 גרם,מיוצר עי קונדיטוריית,IL,עוגת הבית שיש אסם 40,גרמים,400.00,100 גרם,false,,10.90,0.0273,true,1,1020719
7290006983787,false,עוגת הבית שוקולד צ'יפס אסם 400 גרם,מיוצר עי קונדיטוריית,IL,עוגת הבית שוקולד צ'י,גרמים,400.00,100 גרם,false,,10.90,0.0273,true,1,1020720
7290006983794,false,עוגת הבית בטעם תפוז אסם 400 גרם,מיוצר עי קונדיטוריית,IL,עוגת הבית בטעם תפוז,גרמים,400.00,100 גרם,false,,10.90,0.0273,true,1,1020721
7290006992161,false,מטרנה - דייסת קורנפלור פרוביוטי 200 גרם,מולינו ניקולי s.p.a,IL,מטרנה דייסת קורנפלור,גרמים,200.00,100 גרם,false,,12.90,0.0645,true,1,1020725
7290006992185,false,"מטרנה - דייסת אורז פרוביוטי כשל""פ 200 גרם",מולינו ניקולי s.p.a,IL,מטרנה דייסת אורז 200,גרמים,200.00,100 גרם,false,,12.90,0.0645,true,1,1020727
7290006992192,false,מטרנה דייסלה סולת 200 גרם,קריות זול,IL,מטרנה דייסת סולת 200,גרמים,200.00,100 גרם,false,,12.90,0.0645,true,1,1020728
7290006992208,false,מטרנה דייסת 8 דגנים מעורבים 200 גרם,מטרנה תעשיות ש.מ,IL,מטרנה דייסת 8 דגנים,גרמים,200.00,100 גרם,false,,12.90,0.0645,true,1,1020729
7290006992390,false,"מטרנה - דייסת וניל פרוביוטי כשל""פ 200 גרם",מולינו ניקולי s.p.a,IL,מטרנה דייסת וניל 200,גרמים,200.00,100 גרם,false,,12.90,0.0645,true,1,1020731
7290008000239,false,"שטיפה אינטימית מועשר בלחות פמינה 220 מ""ל",פמינה,IL,שטיפה אינטימית מועשר,מיליליטרים,220.00,"100 מ""ל",false,,23.90,0.1086,true,1,1035704
7290008000246,false,"פמינה - שטיפה אינטימית מועשר באלוורה 220 מ""ל",פמינה,IL,שטיפה אינטימית אלוור,מיליליטרים,220.00,"100 מ""ל",false,,23.90,0.1086,true,1,1035705
7290008000796,false,"סופרמן משחת שיניים לילדים בטעם פירות כצט 50 מ""ל",כצט נוביס,IL,משחת שיניים סופרמן,מטרים,50.00,100 מ'ל,false,,10.90,0.2180,true,1,1035716
7290008000826,false,"משחת שיניים לילדים בטעם פירות לגילאים 2-6 כצט 50 מ""ל",כצט נוביס,IL,"משחת שיניים ברבי 50 מ""ל",יח',1.00,יח',false,,10.90,10.9000,true,1,1035719
7290008101356,false,קריספ פירורי פנקו זהוב 300גר,א.ל ייצור ושיווק תבל,IL,קריספ פירורי פנקו זה,גרמים,300.00,100 גרם,false,,9.50,0.0317,true,1,6861296
7290008101660,false,תבלין לפיצה רמילוי,,,תבלין לפיצה רמילוי,יח',1.00,יח',false,,5.90,5.9000,true,1,5578338
7290008101691,false,צ'ילי גרוס 80ג רמילוי,,,צ'ילי גרוס 80ג רמילו,גרמים,80.00,100 גרם,false,,8.60,0.1075,true,1,5578341
7290008101721,false,תבלין על האש 100ג רמילוי,,,תבלין על האש 100ג רמ,גרמים,100.00,100 גרם,false,,8.60,0.0860,true,1,5578344
7290008101738,false,תערובת חווג' למרק 100ג רמילוי,,,תערובת חווג' למרק 10,גרמים,100.00,100 גרם,false,,8.60,0.0860,true,1,5578345
7290008101776,false,קארי 100ג רמילוי,,,קארי 100ג רמילוי,גרמים,100.00,100 גרם,false,,8.60,0.0860,true,1,5578348
7290008101783,false,זעתר ושומשום שקית 80ג רמילוי,,,זעתר ושומשום שקית 80,גרמים,80.00,100 גרם,false,,4.90,0.0613,true,1,5578284
7290008101790,false,אורגנו שקית רמילוי,,,אורגנו שקית רמילוי,יח',1.00,יח',false,,4.90,4.9000,true,1,5882871
7290008101806,false,שום גבישי בשקית רמילוי,,,שום גבישי בשקית רמיל,יח',1.00,יח',false,,4.90,4.9000,true,1,5578285
7290008101813,false,פפריקה חריפה שקית 80גר רמילוי,,,פפריקה חריפה שקית 80,גרמים,80.00,100 גרם,false,,4.90,0.0613,true,1,5578286
7290008102087,false,סירופ מייפל 700מל רמי לוי,,,סירופ מייפל 700מל רמ,מטרים,700.00,100 מ'ל,false,,9.90,0.0141,true,1,6767440
7290008102094,false,סירופ שוקולד 700מל רמי לוי,,,סירופ שוקולד 700מל ר,מטרים,700.00,100 מ'ל,false,,9.90,0.0141,true,1,6767441
7290008102896,false,אבקת אפייה עשירייה רמילוי,,,אבקת אפייה עשירייה ר,יח',1.00,יח',false,,1.60,1.6000,true,1,6680410
7290008102902,false,סוכר וניל עשירייה רמילוי,,,סוכר וניל עשירייה רמ,יח',1.00,יח',false,,1.90,1.9000,true,1,6680387
7290008102919,false,אבקת סוכר 100 גר רמילוי,,,אבקת סוכר 100 גר רמי,יח',1.00,יח',false,,1.80,1.8000,true,1,6680388
7290008102957,false,שומשום 500גר רמילוי,,,שומשום 500גר רמילוי,גרמים,500.00,100 גרם,false,,12.90,0.0258,true,1,6680413
7290008104050,false,"שטיפת אינטימית לקטופיל פמינה 220 מ""ל",כצט נוביס סעמ,IL,שטיפת אינטימית לקטופ,מיליליטרים,220.00,"100 מ""ל",false,,21.90,0.0995,true,1,1035729
7290008154222,false,שניצלונים עוף טוב 700 גרם,מוצרי עוף טוב (2001),IL,שניצלונים בציפוי מעו,גרמים,700.00,100 גרם,false,,13.90,0.0199,true,1,1020736
7290008175173,false,חמאה מפינלנד ללא מלח 200 גרם ויליפוד,ואליו אל.טי.די,FI,חמאה מפינלנד 200 ג ל,יח',1.00,יח',false,,11.90,11.9000,true,1,1027491
7290008175760,false,מנצגו חלב כבשים מעדניה שקיל,אלפסטור,ES,גבינת מנצ'גו מחלב כב,קילוגרמים,1.00,"ק""ג",true,,89.00,89.0000,true,1,1117748
7290008175777,false,גבינת איברקו חלב ישר,יושלם,ES,גבינת איבריקו שקיל,קילוגרמים,1.00,"ק""ג",true,,79.00,79.0000,true,1,1117749
7290008175814,false,וילי פוד פטריות שמפיניון חתוך בדץ 400ג,"אוקצ'מפ אס, איי אויי",PL,פטריות חתוכות וילי פ,גרמים,230.00,100 גרם,false,,4.80,0.0209,true,1,1045001
7290008190909,false,עוגיות מיני קוקיס שוקולד צ'יפס כרמית 600 גרם,כרמית תעשיות ממתקים,IL,עוגיות מיני קוקיס שו,גרמים,600.00,100 גרם,false,,15.90,0.0265,true,1,1017968
7290008202022,false,צלעות טרי,,,צלעות טרי,קילוגרמים,1.00,"ק""ג",true,,59.90,59.9000,true,1,6632771
7290008202039,false,חזה בקר טרי,,,חזה בקר טרי,קילוגרמים,1.00,"ק""ג",true,,54.90,54.9000,true,1,6632772
7290008202046,false,כתף טרי,,,כתף טרי,קילוגרמים,1.00,"ק""ג",true,,64.90,64.9000,true,1,6632773
7290008202053,false,צלי כתף טרי,,,צלי כתף טרי,קילוגרמים,1.00,"ק""ג",true,,98.90,98.9000,true,1,6632774
7290008202060,false,פילה מדומה טרי,,,פילה מדומה טרי,קילוגרמים,1.00,"ק""ג",true,,79.90,79.9000,true,1,6632775
7290008202077,false,שריר טרי,,,שריר טרי,קילוגרמים,1.00,"ק""ג",true,,64.90,64.9000,true,1,6632776
7290008202084,false,אסאדו ללא עצם טרי,,,אסאדו ללא עצם טרי,קילוגרמים,1.00,"ק""ג",true,,59.90,59.9000,true,1,6632777
7290008202091,false,צוואר טרי,,,צוואר טרי,קילוגרמים,1.00,"ק""ג",true,,54.90,54.9000,true,1,6632778
7290008202121,false,סינטה טרי,,,סינטה טרי,קילוגרמים,1.00,"ק""ג",true,,119.90,119.9000,true,1,6632780
7290008202138,false,פילה עגל טרי,,,פילה עגל טרי,קילוגרמים,1.00,"ק""ג",true,,189.90,189.9000,true,1,6632781
7290008202213,false,פילה אמנון קפוא עם ע,,,פילה אמנון קפוא עם ע,קילוגרמים,1.00,"ק""ג",true,,24.90,24.9000,true,1,6700703
7290008202367,false,נתחי פילה סלמון קפוא,,,נתחי פילה סלמון קפוא,קילוגרמים,1.00,"ק""ג",true,,69.90,69.9000,true,1,6757185
7290008202602,false,רצועות להקפצה פרימיו,,,רצועות להקפצה פרימיו,קילוגרמים,1.00,"ק""ג",true,,79.90,79.9000,true,1,6735642
7290008202695,false,עצמות בקר,,,עצמות בקר,קילוגרמים,1.00,"ק""ג",true,,19.90,19.9000,true,1,6682971
7290008202732,false,דנוור סטייק אנטריקוט,,,דנוור סטייק אנטריקוט,קילוגרמים,1.00,"ק""ג",true,,99.90,99.9000,true,1,6735650
7290008202848,false,גולש פרמיום,,,גולש פרמיום,קילוגרמים,1.00,"ק""ג",true,,79.90,79.9000,true,1,6707875
7290008202862,false,שניצל עגל פרמיום,,,שניצל עגל פרמיום,קילוגרמים,1.00,"ק""ג",true,,79.90,79.9000,true,1,6707877
7290008202923,false,פילה סלמון קפוא עם ע,,,פילה סלמון קפוא עם ע,קילוגרמים,1.00,"ק""ג",true,,64.90,64.9000,true,1,6756948
7290008202930,false,מנות פילה סלמון טרי,,,מנות פילה סלמון טרי,קילוגרמים,1.00,"ק""ג",true,,99.90,99.9000,true,1,6726065
7290008259521,false,בוטני חטיף בוטנים 80ג רמילוי,,,בוטני חטיף בוטנים 80,יח',1.00,יח',false,,2.90,2.9000,true,1,6599603
7290008259538,false,בוטני חטיף בוטנים 25*10 רמי לוי,,,בוטני חטיף בוטנים 25,גרמים,250.00,100 גרם,false,,8.90,0.0356,true,1,6599604
7290008263597,false,קוואקר אורגני הרדוף 500 גרם,אול אורגני,GB,קוואקר 500 גר',גרמים,500.00,100 גרם,false,,10.90,0.0218,true,1,1013781
7290008263634,false,"ברנפלקס ללת""ס אורגני הרדוף 375 גרם",הרדוף,,"ברנפלקס ללת""ס אורגני",גרמים,375.00,100 גרם,false,,18.50,0.0493,true,1,1013783
7290008263641,false,קוואקר עדין אורגני 500 גרם - הרדוף,אול אורגני,IL,'קוואקר עדין אורגני,גרמים,500.00,100 גרם,false,,10.90,0.0218,true,1,1013784
7290008263764,false,פסטה פוזילי טריקולור אורגנית 500 גר,פסטיפיסוי פליצ'טי,IT,פסטה טריקולור אורגני,גרמים,500.00,100 גרם,false,,13.70,0.0274,true,1,1054674
7290008322294,false,נתח סינטה מיוחד לתנור חלק,,,*מבצע* נתח סינטה מיו,קילוגרמים,1.00,"ק""ג",true,,49.90,49.9000,true,1,6902693
7290008322317,false,אנטריקוט לתנור קפוא,,,*מבצע* אנטריקוט לתנו,קילוגרמים,1.00,"ק""ג",true,,59.90,59.9000,true,1,6815565
7290008330107,false,בדין מרכך כביסה סגול 4 ליטר,יוניליור ישראל טיפוח,IL,בדין מרכך כביסה סגול,ליטרים,4.00,ליטר,false,,19.90,4.9750,true,1,1022576
7290008333115,false,אבקת ג'לטין טהור נטו 28 גרם,ג'ליק פיניור,IL,אבקת גלטין טהור נטו,יח',1.00,יח',false,,9.50,9.5000,true,1,1025159
7290008344272,false,המבורגר 100% טיבון ויל 400 גרם,טיבון ויל אחזקות בעמ,IL,המבורגר 100% טיבון ו,גרמים,400.00,100 גרם,false,,17.90,0.0447,true,1,1025195
7290008347211,false,אצבעות דג מצופות דלידג 700 גרם,אף.סי תבליני בגליל ב,IL,אצבעות דג מצופות דלי,גרמים,700.00,100 גרם,false,,19.90,0.0284,true,1,1025213
7290008350150,false,בצק פילו מצונן מרודד שף שגב,,,בצק פילו מצונן מרודד,יחידה,0.00,יחידה,false,,14.90,0.0000,true,1,6901447
7290008350174,false,בצק עלים מצונן מרודד שף שגב,,,בצק עלים מצונן מרודד,יחידה,0.00,יחידה,false,,14.90,0.0000,true,1,6901449
7290008409049,false,מיני שניצלונים בציפוי שומשום מאמא עוף 500 גרם,תנובה גליל שותפות מו,IL,מיני שניצלונים בציפו,גרמים,500.00,100 גרם,false,,24.90,0.0498,true,1,1015582
7290008409100,false,אצבעות שניצל בציפוי שומשום מאמא עוף 700 גרם,תנובה גליל שותפות מו,IL,אצבעות שניצל בציפוי,גרמים,700.00,100 גרם,false,,29.90,0.0427,true,1,1015585
7290008409124,false,מאמא עוף קפוא שניצל ג'ונגל פריך 700 גרם,תנובה גליל שותפות מו,IL,שניצל גונג'ל מאמא עו,גרמים,700.00,100 גרם,false,,29.90,0.0427,true,1,1015587
7290008409216,false,מאמא עוף קפוא שניצל דק פריך 700 גרם,תנובה גליל,IL,שניצל דק דק פריך מאמ,גרמים,700.00,100 גרם,false,,39.90,0.0570,true,1,1015589
7290008409315,false,מיני מיני דק שניצלונים בציפוי פריך מאמא עוף 500 ג',תנובה גליל,IL,מיני שניצלונים בציפו,גרמים,500.00,100 גרם,false,,24.90,0.0498,true,1,1015595
7290008409407,false,מאמא עוף שניצל דק ציפס 700 גרם,תנובה גליל שותפות מו,IL,מאמא עוף שניצל דק צי,גרמים,700.00,100 גרם,false,,39.90,0.0570,true,1,1015600
7290008409551,false,שניצל עוף אמיתי בציפוי מעודן 700 ג' מאמא עוף,תנובה גליל שותפות מו,IL,שניצל עוף בציפוי מעו,גרמים,700.00,100 גרם,false,,29.90,0.0427,true,1,1015607
7290008415071,false,צבר חומוס עם טחינה עגול 150 גרם,לחמנו,IL,סלט חומוס עם טחינה צ,גרמים,150.00,100 גרם,false,,4.90,0.0327,true,1,1020746
7290008415514,false,צבר חומוס עם חריף עגול 150 גרם,לחמנו,IL,סלט חומוס חריף צבר 1,גרמים,150.00,100 גרם,false,,4.90,0.0327,true,1,1020749
7290008427500,false,משחת כלים בריח לימון 3.5 קג,,,משחת כלים בריח לימון,יח',1.00,יח',false,,22.90,22.9000,true,1,6734294
7290008443616,false,"מרכך לשיער יבש אדום 750 מ""ל נקה 7","אמיליה קוסמטיקס בע""מ",IL,מרכך לשיער יבש נקה 7,מיליליטרים,750.00,"100 מ""ל",false,,9.90,0.0132,true,1,1045776
7290008443630,false,"שמפו לשיער מתולתל נקה 7 750 מ""ל","אמיליה קוסמטיקס בע""מ",IL,שמפו לשיער מתולתל נק,מיליליטרים,750.00,"100 מ""ל",false,,9.90,0.0132,true,1,1045778
7290008443647,false,"מרכך לשיער מתולתל סגול, 750 מ""ל נקה 7","אמיליה קוסמטיקס בע""מ",IL,מרכך לשיער מתולתל נק,מיליליטרים,750.00,"100 מ""ל",false,,9.90,0.0132,true,1,1045779
7290008461221,false,סרדינים רוברט בשמן חמניות 115 גרם,"רמירז, מטוסינוס",PT,סרדינים בשמן חמניות,גרמים,84.00,100 גרם,false,,6.90,0.0821,true,1,1025217
7290008461238,false,"סרדינים בשמן חמניות ופלפל חריף רוברט 84 גרם, 115 גרם",קונסוורס,PT,סרדינים בשמן חמניות,גרמים,115.00,100 גרם,false,,6.90,0.0600,true,1,1025218
7290008462204,false,חרדל דיז'ון מקורי נטו מאי 380 גרם,יוניליבר צרפת,FR,חרדל דיז'ון מקורי נט,גרמים,380.00,100 גרם,false,,14.90,0.0392,true,1,1025220
7290008464024,false,"בירה גולדסטאר Unfiltered, בירה לא מסוננת, פחית 500 מ""ל","טמפו משקאות בע""מ",IL,גולדסטאר לא מסונן פחית 50,מיליליטרים,500.00,"100 מ""ל",false,,7.90,0.0158,true,1,1068186
7290008464109,false,"בירה גולדסטאר Unfiltered, בירה לא מסוננת, בקבוק 330 מ""ל","טמפו משקאות בע""מ",IL,"גולדסטאר 330 מ""ל",מיליליטרים,330.00,"100 מ""ל",false,,7.90,0.0239,true,1,1074861
7290008464130,false,"בירה גולדסטאר Unfiltered, בירה לא מסוננת, מארז שישייה, בקבוק 330 מ""ל",טמפו,IL,"גולדסטאר לא מסונן ח""פ 330",ליטרים,1.98,ליטר,false,,31.90,16.1111,true,1,1017297
7290008464222,false,"בירה מכבי 7.9%, בירה חזקה, פחית 500 מ""ל","טמפו משקאות בע""מ",IL,מכבי 7.9 פחית 500מל,מיליליטרים,500.00,"100 מ""ל",false,,7.50,0.0150,true,1,1183259
7290008464345,false,"בירה גולדסטאר, בקבוק 330 מ''ל",פארייפאבה אגרואינדוס,IL,"גולדסטאר בק 330 מ""ל",מיליליטרים,330.00,"100 מ""ל",false,,5.90,0.0179,true,1,1017144
7290008464468,false,"בירה גולדסטאר, פחית 500 מ""ל",פארייפאבה אגרואינדוס,IL,גולדסטאר 500 פחית 24 יח',מיליליטרים,500.00,"100 מ""ל",false,,7.90,0.0158,true,1,1017300
7290008464475,false,"בירה מכבי, פחית 500 מ""ל","טמפו משקאות בע""מ",IL,מכבי 500 פחית 24 יח',מיליליטרים,500.00,"100 מ""ל",false,,6.90,0.0138,true,1,1017301
7290008464505,false,סאן בנדטו בקבוק פלסטיק 500מל,פארייפאבה אגרואינדוס,IT,"מים סאן בנדטו 500 מ""",מיליליטרים,500.00,"100 מ""ל",false,,3.20,0.0064,true,1,1017147
7290008464604,false,"בירה היינקן, פחית 500 מ""ל",טמפו משקאות בע''מ,NL,היינקן הולנד 500 פחית 24,מיליליטרים,500.00,"100 מ""ל",false,,11.80,0.0236,true,1,1017302
7290008464673,false,"בירה גולדסטאר SLOWBREW פחית 10%, 500 מ""ל","טמפו משקאות בע""מ",IL,בירה גולדסטאר פחית 5,מיליליטרים,500.00,"100 מ""ל",false,,7.90,0.0158,true,1,5680872
7290008464697,false,"בירה מכבי 7.9%, בירה חזקה, מארז שישייה, בקבוק 330 מ""ל",טמפו,IL,"מכבי חזקה 7.9% ח""פ 330 בק",ליטרים,1.98,ליטר,false,,29.90,15.1010,true,1,1119895
7290008464703,false,"מארז שישה בקבוקי מכבי 330 מ""ל",בירה מכבי,IL,"מכבי ח""פ 330 בקבוק שישייה",מיליליטרים,330.00,"100 מ""ל",false,,29.90,0.0906,true,1,1017303
7290008464734,false,"בירה גולדסטאר SLOW BREW מארז 330X6מ""ל",טמפו משקאות בע''מ,IL,גולדסטאר SLOWBREW שי,מיליליטרים,330.00,"100 מ""ל",false,,34.90,0.1058,true,1,2272062
7290008464741,false,"בירה גולדסטאר, מארז שישייה, בקבוק 330 מ''ל",קריות זול,IL,"גולדסטאר ח""פ 330 בקבוק שי",מיליליטרים,330.00,"100 מ""ל",false,,32.90,0.0997,true,1,1017306
7290008464796,false,"בירה היינקן, מארז שישייה, בקבוק 330 מ''ל",קריות זול,IL,היינקן cities 330 בקבוק ח,ליטרים,1.98,ליטר,false,,29.90,15.1010,true,1,1017309
7290008470759,false,מסטיק אורביט ספירמינט מארז שמינייה,אורביט,FR,מסטיק סטיקס בטעם מנט,גרמים,40.00,100 גרם,false,,13.90,0.3475,true,1,1012453
7290008472661,false,פילה מדומה בקר קפוא,,,פילה מדומה בקר קפוא,קילוגרמים,1.00,"ק""ג",true,,44.90,44.9000,true,1,6846999
7290008472821,false,גבינה צהובה 28%.,,,גבינה צהובה 28%.,קילוגרמים,1.00,"ק""ג",true,,31.00,31.0000,true,1,6888514
7290008472920,false,גבינה צהובה 28%,,,גבינה צהובה 28%,קילוגרמים,1.00,"ק""ג",true,,31.00,31.0000,true,1,6881912
7290008472968,false,זנב בקר קפוא,,,זנב בקר קפוא,קילוגרמים,1.00,"ק""ג",true,,69.90,69.9000,true,1,6904896
7290008493413,false,פירורי לחם מאיר בייגל פירורי גריסיני 200 גרם,מאיר בייגל,IL,פירורים גריסיני 200גרם,גרמים,200.00,100 גרם,false,,5.90,0.0295,true,1,1028498
7290008493703,false,בייגלה שמיניות עם מלח 300גרם שקוף,מאיר בייגל,IL,שמיניות מלח באריזה שקופה,גרמים,300.00,100 גרם,false,,4.90,0.0163,true,1,1171284
7290008493710,false,פירורי לחם מאיר בייגל פרורי גריסני זהב 200 גרם,מאיר בייגל,IL,פרורי גריסני זהב 200 גרם,גרמים,200.00,100 גרם,false,,5.90,0.0295,true,1,1153036
7290008496629,false,שניצל אמנון בציפוי פרורי לחם רמילוי,,,שניצל אמנון בציפוי פ,גרמים,400.00,100 גרם,false,,22.90,0.0572,true,1,6841833
7290008496698,false,נתחי דג אלסקה ובציפוי פרורי לחם רמי לוי,,,נתחי דג אלסקה ובציפו,גרמים,400.00,100 גרם,false,,19.90,0.0497,true,1,6841835
7290008496896,false,אצבעות אמנון עם דגנים במרינדה לימון רמילוי,,,אצבעות אמנון עם דגני,גרמים,400.00,100 גרם,false,,22.90,0.0572,true,1,6841837
7290008500005,false,תערובת לעוגה שוקולד ללא גלוטן 415 ג' פילסברי,פילסברי,IL,פילסברי בראוניז ללא,גרמים,415.00,100 גרם,false,,17.90,0.0431,true,1,6801757
7290008504003,false,נתחים לתבשיל קידרה פ,,,נתחים לתבשיל קידרה פ,קילוגרמים,1.00,"ק""ג",true,,79.90,79.9000,true,1,6735998
7290008504041,false,רבע בגט 10 יח,,,רבע בגט 10 יח,יח',1.00,יח',false,,16.90,16.9000,true,1,6738258
7290008504102,false,לחמניות ביס מיני פתי,,,לחמניות ביס מיני פתי,יח',1.00,יח',false,,10.00,10.0000,true,1,6738264
7290008504447,false,דונאטס חלבי,,,דונאטס חלבי,יח',1.00,יח',false,,7.90,7.9000,true,1,6744127
7290008504881,false,מינוט סטייק פרמיום,,,מינוט סטייק פרמיום,קילוגרמים,1.00,"ק""ג",true,,99.90,99.9000,true,1,6762018
7290008504898,false,פילה אמנון קפוא עם ע,,,פילה אמנון קפוא עם ע,קילוגרמים,1.00,"ק""ג",true,,24.90,24.9000,true,1,6779206
7290008505497,false,דונאטס חלבי,,,דונאטס חלבי,יח',1.00,יח',false,,7.90,7.9000,true,1,6563706
7290008507158,false,נקניקיות מרגז פרמיום ארוז 700 גר,א.ג.ש מלכה,IL,נקניקיות מרגז פרמיום,גרמים,700.00,100 גרם,false,,35.90,0.0513,true,1,6765381
7290008618069,false,פילה ברמונדי טרי ארו,,,פילה ברמונדי ארוז טר,קילוגרמים,1.00,"ק""ג",true,,99.00,99.0000,true,1,6769606
7290008644235,false,עלי בייבי שטראוס 120 גרם,שטראוס בריאות ירקות,IL,עלי בייבי שטראוס 120,גרמים,120.00,100 גרם,false,,9.90,0.0825,true,1,1033194
7290008644945,false,לקט לסלט המושבה שטראוס 450 גרם,שטראוס בריאות ירקות,IL,לקט לסלט המושבה שטרא,גרמים,450.00,100 גרם,false,,10.90,0.0242,true,1,1033200
7290008645935,false,חומוס לניגוב אחלה 750 ג',"שטראוס גרופ בע""מ",IL,חומוס אחלה 750 גרם,גרמים,750.00,100 גרם,false,,9.90,0.0132,true,1,1033206
7290008670012,false,"יין אדום קברנה סוביניון רקנאטי 750 מ""ל",תות ממתקי איכות,IL,יין אדום קברנה סובינ,מיליליטרים,750.00,"100 מ""ל",false,,49.90,0.0665,true,1,1025470
7290008670029,false,"יין אדום מרלו רקנאטי 750 מ""ל",תות ממתקי איכות,IL,יין אדום מרלו רקנאטי,מיליליטרים,750.00,"100 מ""ל",false,,49.90,0.0665,true,1,1025471
7290008670159,false,"יין רקנאטי יסמין לבן 750 מ""ל","יקבי רקנאטי בע""מ",IL,יין לבן יסמין רקנאטי,מיליליטרים,750.00,"100 מ""ל",false,,31.90,0.0425,true,1,1025473
7290008670210,false,"יין אדום שירז רקנאטי אחים שקד 750 מ""ל",תות ממתקי איכות,IL,יין אדום שירז רקנאטי,מיליליטרים,750.00,"100 מ""ל",false,,53.50,0.0713,true,1,1025474
7290008690713,false,נקטר חמוציות אושן ספריי פריגת 1 ליטר,מבשלות בירה בינלאומי,IL,נקטר חמוציות אושן ספ,ליטרים,1.00,ליטר,false,,11.50,11.5000,true,1,1013369
7290008693134,false,מעדן גבינה ויוגורט בטעם תות 5% שומן 88 ג' דניאלה,"שטראוס בריאות בע""מ",IL,דניאלה בטעם תות 150,מיליליטרים,150.00,"100 מ""ל",false,,3.90,0.0260,true,1,1033207
7290008713900,false,לחם שיפון עגול פרוס אנג'ל 750 גרם,מאפיית אנג'ל אורנים,IL,לחם שיפון עגול פרוס,גרמים,750.00,100 גרם,false,,12.50,0.0167,true,1,1017576
7290008713917,false,לחם שיפון כהה פרוס מאפיית אחדות 750 גרם,מאפית אורנים,IL,לחם שיפון כהה פרוס מ,גרמים,750.00,100 גרם,false,,12.50,0.0167,true,1,1017577
7290008719049,false,אוסובוקו עם עצם כשר,,,*מבצע* אוסובוקו עם ע,קילוגרמים,1.00,"ק""ג",true,,39.90,39.9000,true,1,6922372
7290008745239,false,תפוצ'יפס קראנצ' בטעם טבעי עלית 50 גרם,"שטראוס פריטו ליי בע""",IL,תפוצ'יפס קראנצ' בטעם,גרמים,50.00,100 גרם,false,,3.50,0.0700,true,1,1026775
7290008747547,false,תפוצ'יפס קראנץ' בטעם טבעי עלית 200 גרם,"שטראוס פריטו ליי בע""",IL,תפוצ'יפס קראנץ' בטעם,גרמים,200.00,100 גרם,false,,9.90,0.0495,true,1,1026777
7290008750264,false,מסטיק מאסט LL פליפ.דובדבן מגדים 28 גר,"שטראוס גרופ בע""מ",IL,מסטיק MUST בטעם דובד,גרמים,28.00,100 גרם,false,,4.00,0.1429,true,1,1018732
7290008752244,false,תפוצ'יפס קראנץ' בטעם גריל עלית 50 גרם,"שטראוס פריטו ליי בע""",IL,תפוצ'יפס קראנץ' בטעם,גרמים,50.00,100 גרם,false,,3.50,0.0700,true,1,1026779
7290008753111,false,תפוצ'יפס קראנץ' בטעם מקסיקני עלית 50 גרם,"שטראוס פריטו ליי בע""",IL,תפוצ'יפס קראנץ' בטעם,גרמים,50.00,100 גרם,false,,3.50,0.0700,true,1,1026781
7290008754415,false,גומי מאסט בטעם ספירמינט עדין פליפטופ 28 ג' עלית,"שטראוס גרופ בע""מ",IL,מסטיק MUST ללא סוכר,גרמים,28.00,100 גרם,false,,4.00,0.1429,true,1,1018743
7290008757980,false,קרטונית ספרינג נקטר רימונים 1 ליטר,"יפאורה תבורי בע""מ",IL,נקטר רימונים ספרינג,ליטרים,1.00,ליטר,false,,6.50,6.5000,true,1,1021743
7290008775816,false,ערגליות עוגיות במילוי שוקו אסם 300 גרם,מיוצר עי קונדיטוריית,IL,ערגליות עוגיות במילו,גרמים,300.00,100 גרם,false,,7.90,0.0263,true,1,1020758
7290008775823,false,ערגליות במילוי תות אסם 300 גרם,מיוצר עי קונדיטוריית,IL,ערגליות במילוי תות א,גרמים,300.00,100 גרם,false,,7.90,0.0263,true,1,1020759
7290008801010,false,"יין קברנה סוביניון מרלו פרייוט קולקשן 750 מ""ל",אגודת הכורמים הקאופו,IL,ין קברנה /מרלו פרייב,מיליליטרים,750.00,"100 מ""ל",false,,39.90,0.0532,true,1,1031155
7290008801089,false,"קברנה סוביניון אדום יבש 375 מ""ל",יקבי כרמל,IL,קברנה סובניון P.C,גרמים,375.00,100 גרם,false,,16.90,0.0451,true,1,5719647
7290008801157,false,מרלו סלקטד כרמל מזרחי 750 מל,כרמל מזרחי,IL,יין מרלו סלקטד יקבי,מיליליטרים,750.00,"100 מ""ל",false,,28.80,0.0384,true,1,1031157
7290008801461,false,"יין הנצחון לקידוש, 750 מ""ל",יקבי כרמל Carmel Winery,,יין הנצחון יקבי כרמל,מיליליטרים,750.00,"100 מ""ל",false,,18.90,0.0252,true,1,1031159
7290008801522,false,יין קינג דויד קונקורד אדום מתוק 750 מל,אגודת הכורמים הקואופ,IL,יין קונקורד קינג דיו,מיליליטרים,750.00,"100 מ""ל",false,,18.80,0.0251,true,1,1031161
7290008801539,false,יין כרמל 120 קינג דיוויד יקבי כרמל,אגודת הכורמים הקואופ,IL,יין כרמל 120 קינג די,מיליליטרים,750.00,"100 מ""ל",false,,18.80,0.0251,true,1,1031162
7290008801546,false,יין מוסקט מתוק קינג דיוויד יקבי כרמל,אגודת הכורמים הקואופ,IL,יין מוסקט מתוק קינג,מיליליטרים,750.00,"100 מ""ל",false,,18.80,0.0251,true,1,1031163
7290008801843,false,קברנה סוביניון אדום יבש 750 מל סלקטד,"כד בני דרום בע""מ",IL,יין קברנה סוביניון ס,מיליליטרים,750.00,"100 מ""ל",false,,28.80,0.0384,true,1,1031164
7290008801850,false,סלקטד אמרלד ריזלינג לבן חצי יבש 750 מל,אגודת הכורמים הקואופ,IL,יין אמרלד ריזלינג סל,מיליליטרים,750.00,"100 מ""ל",false,,28.80,0.0384,true,1,1031165
7290008802291,false,יין מרלו פרייבט קולקשן יקבי כרמל,אגודת הכורמים הקואופ,IL,יין מרלו פרייבט קולק,מיליליטרים,750.00,"100 מ""ל",false,,39.90,0.0532,true,1,1031166
7290008802512,false,"יין וינו אדום ""כרמל מזרחי""","כד בני דרום בע""מ",IL,יין וינו אדום יקבי כ,מיליליטרים,750.00,"100 מ""ל",false,,18.90,0.0252,true,1,1031167
7290008802529,false,"יין לבן חצי יבש וינו 750 מ""ל",כרמל מזרחי,IL,יין וינו לבן יקבי כר,מיליליטרים,750.00,"100 מ""ל",false,,18.90,0.0252,true,1,1031168
7290008802895,false,יין קברנה סוביניון פרייבט קולקשן יקבי כרמל,אגודת הכורמים הקאופו,IL,יין קברנה סוביניון פ,מיליליטרים,750.00,"100 מ""ל",false,,39.90,0.0532,true,1,1031169
7290008804189,false,יין קברנה סוביניון גליל עליון סדרה אזורית יקבי כרמל,אגודת הכורמים הקואופ,IL,יין קברנה סוביניון ג,מיליליטרים,750.00,"100 מ""ל",false,,54.80,0.0731,true,1,1031173
7290008804332,false,שיראז אדום יבש פריווט קולקשיין 750מל,אגודת הכורמים הקואופ,IL,יין שיראז פרייבט קול,מיליליטרים,750.00,"100 מ""ל",false,,39.90,0.0532,true,1,1031175
7290008804462,false,יין מוסקט קינוח פרייבט קולקשן יקבי כרמל,אגודת הכורמים הקואופ,IL,יין מוסקט קינוח פריי,מיליליטרים,500.00,"100 מ""ל",false,,39.90,0.0798,true,1,1031178
7290008805049,false,סלקטד זינפנדל כרמל מזרחי 750 מל,"כד בני דרום בע""מ",IL,יין רוזה סלקטד יקבי,מיליליטרים,750.00,"100 מ""ל",false,,28.80,0.0384,true,1,1031183
7290008805384,false,סלקטד מוסקטו לבן מבעבע 750 מל 2016,אגודת הכורמים הקואופ,IL,יין מוסקטו סלקטד יקב,מיליליטרים,750.00,"100 מ""ל",false,,28.80,0.0384,true,1,1031184
7290008805520,false,יין קברנה /מרלו סלקטד יקבי כרמל,"כד בני דרום בע""מ",IL,יין קברנה /מרלו סלקט,מיליליטרים,750.00,"100 מ""ל",false,,28.80,0.0384,true,1,1031185
7290008805964,false,יין קברנה שיראז גליל עליון סדרה אזורית יקבי כרמל,אגודת הכורמים הקואופ,IL,יין קברנה שיראז גליל,מיליליטרים,750.00,"100 מ""ל",false,,54.80,0.0731,true,1,1031187
7290008806961,false,גלידה שוקולד שבבי שוקולד פרה 1.33 ל' קרמיסימו,"גלידת שטראוס בע""מ, ר",IL,קרמיסימו שוקולד שבבי,ליטרים,1.33,ליטר,false,,17.90,13.4586,true,1,1031523
7290008806985,false,נישנושים גלידה שוקו וניל בציפוי שוקולד 60 יח' קרמיסימו,"גלידת שטראוס בע""מ",IL,נשנושים שטראוס קרמיס,גרמים,630.00,100 גרם,false,,39.80,0.0632,true,1,1031524
7290008815468,false,"שקית ואקום דגש 55*85 ס""מ",דגש,,שקית ואקום דגש 55*85,יח',1.00,יח',false,,14.90,14.9000,true,1,1040206
7290008836265,false,"נינוה יין לבן מוסקט אלכסנדרוני יקבי אפרת 750 מ""ל",יקב טפרברג 1870 בעמ,IL,נינוה יין לבן מוסקט,מיליליטרים,750.00,"100 מ""ל",false,,24.90,0.0332,true,1,1026720
7290008836272,false,"יין אדום נינוה מוסקט המבורג יקבי אפרת 750 מ""ל",יקב טפרברג 1870 בעמ,IL,יין אדום נינוה מוסקט,מיליליטרים,750.00,"100 מ""ל",false,,24.90,0.0332,true,1,1026721
7290008836401,false,יין אדום מתוק ישן נושן אפרת 1 ליטר,יקב טפרברג 1870 בעמ,IL,יין אדום מתוק ישן נו,ליטרים,1.00,ליטר,false,,16.90,16.9000,true,1,1026724
7290008836425,false,יין קל אפרת 1 ליטר,יקב טפרברג 1870 בעמ,IL,יין קל אפרת 1 ליטר,ליטרים,1.00,ליטר,false,,16.90,16.9000,true,1,1026726
7290008836494,false,יקבי אפרת תירוש טבעי אדום 1 ליטר,יקב טפרברג 1870 בעמ,IL,מיץ ענבים רכיבים טבע,ליטרים,1.00,ליטר,false,,12.90,12.9000,true,1,1026728
7290008837866,false,שירת הלל 100% מיץ ענבים טבעי 1ל,יקבי ארזה,IL,מיץ הלל 1לי 100%,יח',1.00,יח',false,,16.90,16.9000,true,1,1037350
7290008846219,false,"שמן זית כתית מעולה חלוצה 750 מ""ל",האי נאם סי או אל.טי.,IL,שמן זית כתית מעולה ח,מיליליטרים,750.00,"100 מ""ל",false,,39.90,0.0532,true,1,1025222
7290008849470,false,פלפל צ'ומה חריף אוליביה 185 גרם,אוליביה גורמה בעמ,IL,פלפל צומה 185 גר',גרמים,185.00,100 גרם,false,,12.90,0.0697,true,1,1013802
7290008849586,false,רוטב לעוף ריבת בצל אוליביה 310 גרם,קריות זול,IL,רוטב לעוף ריבת בצל,גרמים,310.00,100 גרם,false,,12.80,0.0413,true,1,1013807
7290008849609,false,רוטב לעוף שום דבש אוליביה 330 גרם,אוליביה גורמה (1996),IL,רוטב לעוף שום דבש,מיליליטרים,330.00,"100 מ""ל",false,,12.80,0.0388,true,1,1013808
7290008849753,false,רוטב טריאקי אוליביה 300 גרם,מיוצר עי קונדיטוריית,IL,רוטב טריאקי,מיליליטרים,290.00,"100 מ""ל",false,,12.80,0.0441,true,1,1013812
7290008866002,false,קממבר בקר אגוזים ביי,גבינות יעקבס,IL,קממבר בייבי אגוזים,קילוגרמים,1.00,"ק""ג",true,,120.00,120.0000,true,1,6783976
7290008866019,false,ברי עיזים בייבי יעקו,גבינות יעקבס,IL,ברי עיזים בייבי,קילוגרמים,1.00,"ק""ג",true,,139.00,139.0000,true,1,6813718
7290008866033,false,גאודה עיזים יעקובס ל,גבינות יעקבס,IL,גאודה עיזים מארז,קילוגרמים,1.00,"ק""ג",true,,139.00,139.0000,true,1,6813719
7290008866149,false,מארז ברי כמהין בייבי במשקל,גבינות יעקבס,IL,גבינת ברי עיזים וכמה,קילוגרמים,1.00,"ק""ג",true,,147.00,147.0000,true,1,6835266
7290008899055,false,אוזניים מתוקות פילסב,פילסברי,,אוזניים מתוקות פילסב,קילוגרמים,1.00,"ק""ג",true,,29.00,29.0000,true,1,1013021
7290008899345,false,לחמניית שמינייה קלוע,פילסברי,,לחמניה שמינייה קלועה,יח',1.00,יח',false,,3.90,3.9000,true,1,2811191
7290008899406,false,לחמנייה עגולה לבנה,,,לחמניית המבורגר,יח',1.00,יח',false,,2.40,2.4000,true,1,2811192
7290008899505,false,בגט לבן פילסברי 250,פילסברי,,באגט,גרמים,250.00,100 גרם,false,,4.80,0.0192,true,1,1013089
7290008899512,false,באגט כפרי פילסברי,פילסברי,,בגט פילסברי,יח',1.00,יח',false,,4.80,4.8000,true,1,1013041
7290008899628,false,"בורקס תורכי תפו""א",פילסברי,,"בורקס תורכי תפו""א",קילוגרמים,1.00,"ק""ג",true,,42.00,42.0000,true,1,6294358
7290008899727,false,עוגיות קוקיס חלבי,פילסברי,,עוגיות קוקיס חלבי,קילוגרמים,1.00,"ק""ג",true,,47.00,47.0000,true,1,1013052
7290008945172,false,גלילונית שקיות אשפה 52*65 40 יח',"אשפלסט תעשיות בע""מ",IL,גלילונית לפח מטבח 40יח',יח',40.00,יח',false,,12.90,0.3225,true,1,1047274
7290008945202,false,גלילונית ש.אשפה ענק 50 90X75יח' 2020,"קילט ניהול פרוייקטים בע""מ",IL,גלילונית לאשפה משרדית 50י,יח',50.00,יח',false,,12.70,0.2540,true,1,1047275
7290008961127,false,טושיונקה בקר רוסית 400 גרם,גוד פוד ג'.א'.ג'י. ב,,טושונקה תבשיל בשר בק,גרמים,470.00,100 גרם,false,,21.90,0.0466,true,1,6704482
7290008975551,false,תחליף חלב מהדרין שלב 3 מטרנה 700 גרם,מולינו ניקולי s.p.a,IL,תחליף חלב מהדרין שלב,גרמים,700.00,100 גרם,false,,47.90,0.0684,true,1,1020771
7290008975780,false,"מזון לכלבים בונזו מזון כלבים גזע קטן 3 ק""ג","ביופט בע""מ",IL,"בונזו גזע קטן 3+1 ק""ג",קילוגרמים,3.00,"ק""ג",false,,48.90,16.3000,true,1,1028510
7290010002009,false,תערובת לציפוי מאפים מלוחים 130 גרם,תבליני מימון,,זנגביל הודי תבליני מ,גרמים,130.00,100 גרם,false,,11.50,0.0885,true,1,6798115
7290010002016,false,תבלין כוסברה טחון 100 גרם,א.ל ייצור ושיווק תבל,IL,כוסברה טחונה 100 גרם,גרמים,100.00,100 גרם,false,,9.50,0.0950,true,1,1011966
7290010002023,false,תבלין כורכום תבליני מימון 100 גרם,א.ל ייצור ושיווק תבל,IL,כורכום הודי טחון 100 גרם,גרמים,100.00,100 גרם,false,,11.50,0.1150,true,1,1011967
7290010002030,false,תבלין כמון טחון תבליני מימון 100 גרם,א.ל ייצור ושיווק תבל,IL,כמון 100 גרם,גרמים,100.00,100 גרם,false,,11.50,0.1150,true,1,1011968
7290010002061,false,תבלין פלפל לבן טחון מימון 100 גרם.,א.ל ייצור ושיווק תבל,IL,פלפל לבן טחון 100 גרם,גרמים,100.00,100 גרם,false,,16.90,0.1690,true,1,1011971
7290010002078,false,תבלין פלפל שחור טחון 100 גרם,א.ל ייצור ושיווק תבל,IL,פלפל שחור טחון 100 גרם,גרמים,100.00,100 גרם,false,,14.50,0.1450,true,1,1011972
7290010002108,false,תבלין פלפל שחור גרוס גס תבליני מימון 90,א.ל ייצור ושיווק תבל,IL,פלפל שחור גרוס גס 90 גרם,גרמים,90.00,100 גרם,false,,14.50,0.1611,true,1,1011975
7290010002122,false,תבלין פפריקה מתוקה הונגרית מימון 100 גרם,א.ל ייצור ושיווק תבל,IL,פפריקה הונגרית מתוקה 100,גרמים,100.00,100 גרם,false,,11.50,0.1150,true,1,1011977
7290010002139,false,תבלין פפריקה הונגרית חריפה 100 גרם,א.ל ייצור ושיווק תבל,IL,פפריקה הונגרית חריפה 100,גרמים,100.00,100 גרם,false,,11.50,0.1150,true,1,1011978
7290010002146,false,תבלין פפריקה מרוקאית מתוקה מימון 100 גרם,א.ל ייצור ושיווק תבל,IL,פפריקה מרוקאית מתוקה 100,גרמים,100.00,100 גרם,false,,11.50,0.1150,true,1,1011979
7290010002153,false,תבלין פפריקה מרוקאית חריפה מימון 100 גרם,א.ל ייצור ושיווק תבל,IL,פפריקה מרוקאית חריפה 100,גרמים,100.00,100 גרם,false,,11.50,0.1150,true,1,1011980
7290010002191,false,תבלין מקלות קינמון תבליני מימון 50 גרם,א.ל ייצור ושיווק תבל,IL,מקלות קינמון 50 גרם,גרמים,50.00,100 גרם,false,,11.50,0.2300,true,1,1011983
7290010002207,false,תבלין קינמון טחון תבליני מימון 100 גרם,א.ל ייצור ושיווק תבל,IL,קינמון טחון 100 גרם,גרמים,100.00,100 גרם,false,,9.50,0.0950,true,1,1011984
7290010002283,false,תבלין על האש תבליני מימון 100 גרם,א.ל ייצור ושיווק תבל,IL,תיבול על האש 100 גרם,גרמים,100.00,100 גרם,false,,11.50,0.1150,true,1,1011988
7290010002290,false,תבלין לשווארמה טורקית מימון 100 גרם,א.ל ייצור ושיווק תבל,IL,תיבול לשווארמה 100 גרם,גרמים,100.00,100 גרם,false,,11.50,0.1150,true,1,1011989
7290010002306,false,תבלין תיבול לקציצות 100 גרם,א.ל ייצור ושיווק תבל,IL,תיבול לקציצות 100 גרם,גרמים,100.00,100 גרם,false,,11.50,0.1150,true,1,1011990
7290010002313,false,תבלין ראס אל חנות תבליני מימון 100 גרם,א.ל ייצור ושיווק תבל,IL,ראס אל חנות 100 גרם,גרמים,100.00,100 גרם,false,,11.50,0.1150,true,1,1011991
7290010002320,false,תבלין לגריל עוף תבליני מימון 100 גרם,א.ל ייצור ושיווק תבל,IL,תיבול לגריל עוף 100 גרם,גרמים,100.00,100 גרם,false,,11.50,0.1150,true,1,1011992
7290010002337,false,תבלין לסטייק תבליני מימון 100 גרם,א.ל ייצור ושיווק תבל,IL,תיבול לסטייק 100 גרם,גרמים,110.00,100 גרם,false,,11.50,0.1045,true,1,1011993
7290010002351,false,תבלין מימון זעתר ושומשום 100 גרם,א.ל ייצור ושיווק תבל,IL,זעתר ושומשום 100 גרם,גרמים,100.00,100 גרם,false,,11.50,0.1150,true,1,1011995
7290010002368,false,תבלין חוויאג' למרק 100 גרם,א.ל ייצור ושיווק תבל,IL,תערובת חוויג' למרק 100 גר,גרמים,100.00,100 גרם,false,,11.50,0.1150,true,1,1011996
7290010002375,false,תערובת קארי במיכל תב,א.ל ייצור ושיווק תבל,IL,קארי 100 גרם,גרמים,100.00,100 גרם,false,,11.50,0.1150,true,1,1011997
7290010002382,false,תבלין אורגנו תבליני מימון 40 גרם,א.ל ייצור ושיווק תבל,IL,אורגנו 40 גרם,גרמים,40.00,100 גרם,false,,9.50,0.2375,true,1,1011998
7290010002405,false,תבלין טימין הררי תבליני מימון 40 גרם,א.ל ייצור ושיווק תבל,IL,טימין הררי 40 גרם,גרמים,40.00,100 גרם,false,,9.50,0.2375,true,1,1012000
7290010002412,false,פפריקה מרוקאית מתוקה 100ג רמילוי,,,פפריקה מרוקאית מתוקה,גרמים,120.00,100 גרם,false,,7.90,0.0658,true,1,6693509
7290010002436,false,תבלין פטרוזיליה תבליני מימון 25 גרם,א.ל ייצור ושיווק תבל,IL,פטרוזיליה 25 גרם,גרמים,25.00,100 גרם,false,,9.50,0.3800,true,1,1012002
7290010002443,false,תבלין רוזמרין תבליני מימון 40 גרם,א.ל ייצור ושיווק תבל,IL,רוזמרין 40 גרם,גרמים,40.00,100 גרם,false,,9.50,0.2375,true,1,1012003
7290010002450,false,תבלין שמיר מיכל 30,א.ל ייצור ושיווק תבל,IL,שמיר 25 גרם,גרמים,30.00,100 גרם,false,,9.50,0.3167,true,1,1012004
7290010002467,false,פפריקה מתוקה 100גר רמילוי,,,פפריקה מתוקה 100גר ר,גרמים,100.00,100 גרם,false,,7.90,0.0790,true,1,6693510
7290010002481,false,תבלין שום טחון תבליני מימון 100 גרם,א.ל ייצור ושיווק תבל,IL,שום טחון 100 גרם,גרמים,100.00,100 גרם,false,,14.50,0.1450,true,1,1012005
7290010002498,false,תבלין שום גבישי תבליני מימון 120 גרם,א.ל ייצור ושיווק תבל,IL,שום גבישי 120 גרם,גרמים,120.00,100 גרם,false,,14.50,0.1208,true,1,1012006
7290010002535,false,פלפל שחור טחון 100גר רמילוי,,,פלפל שחור טחון 100גר,100 יח',35.00,100 יח',false,,11.90,0.3400,true,1,6694140
7290010002566,false,קינמון טחון 100ג רמי,,,קינמון טחון 100ג רמי,גרמים,100.00,100 גרם,false,,7.90,0.0790,true,1,6693513
7290010002597,false,תבלין כוסברה ירוקה מימון 20 גרם,א.ל ייצור ושיווק תבל,IL,כוסברה ירוקה 30 גרם,גרמים,20.00,100 גרם,false,,9.50,0.4750,true,1,1012008
7290010002658,false,תבלין פלפל יבש מתוק 150 גרם,א.ל ייצור ושיווק תבל,IL,פלפל יבש מתוק 150 גרם,גרמים,150.00,100 גרם,false,,12.90,0.0860,true,1,1012009
7290010002696,false,אקסטרה ציפס אורז חום מלא שמנת בצל 60 גרם,,BG,אקסטרה ציפס אורז חום,גרמים,60.00,100 גרם,false,,6.90,0.1150,true,1,6807276
7290010002726,false,תבלין לפרגיות תבליני מימון 100 גרם.,א.ל ייצור ושיווק תבל,IL,תיבול לפרגיות 100 גרם,גרמים,100.00,100 גרם,false,,11.50,0.1150,true,1,1012011
7290010002986,false,פרימיום חריפה אש 100 גר,א.ל ייצור ושיווק תבל,IL,פרימיום חריפה אש 100,יח',1.00,יח',false,,16.90,16.9000,true,1,6774449
7290010003051,false,תבלין פפריקה מתוקה הונגרית 400 גרם,א.ל ייצור ושיווק תבל,IL,פפריקה הונגרית מתוקה 400,גרמים,400.00,100 גרם,false,,23.90,0.0597,true,1,1012030
7290010003075,false,תבלין פפריקה מרוקאית מתוקה מיכל 400 גרם,א.ל ייצור ושיווק תבל,IL,פפריקה מרוקאית מתוקה 400,גרמים,400.00,100 גרם,false,,23.90,0.0597,true,1,1012032
7290010003686,false,תבלין בשקית עלי דפנה 20 גרם.,א.ל ייצור ושיווק תבל,IL,עלי דפנה שקית 20 גרם - חד,גרמים,20.00,100 גרם,false,,5.90,0.2950,true,1,1012043
7290010003693,false,תבלין בשקית פפריקה מתוקה 80 גר-חדש,א.ל ייצור ושיווק תבל,IL,פריקה מתוקה שקית 80 גרם -,גרמים,80.00,100 גרם,false,,5.90,0.0738,true,1,1012044
7290010003709,false,תבלין בשקית פלפל שחור טחון 50 גר-חדש,א.ל ייצור ושיווק תבל,IL,פלפל שחור טחון שקית 50 גר,גרמים,50.00,100 גרם,false,,7.70,0.1540,true,1,1012045
7290010003754,false,תבלין בשקית כמון טחון 50 גרם,א.ל ייצור ושיווק תבל,IL,כמון טחון שקית 50 גרם - ח,גרמים,50.00,100 גרם,false,,5.90,0.1180,true,1,1012046
7290010003761,false,תבלין בשקית כורכום טחון 80 גרם,א.ל ייצור ושיווק תבל,IL,כורכום טחון שקית 80 גרם -,גרמים,80.00,100 גרם,false,,5.90,0.0738,true,1,1012047
7290010003778,false,תבלין בשקית גריל עוף 80 גרם.,א.ל ייצור ושיווק תבל,IL,תיבול לגריל עוף שקית 80 ג,גרמים,80.00,100 גרם,false,,5.90,0.0738,true,1,1012048
7290010003792,false,תבלין בשקית מלח לימון 100 גרם,א.ל ייצור ושיווק תבל,IL,מלח לימון שקית 100 גרם -,גרמים,100.00,100 גרם,false,,5.90,0.0590,true,1,1012050
7290010003808,false,תבלין בשקית זעתר ושומשום 80 גרם,א.ל ייצור ושיווק תבל,IL,זעתר ושומשום שקית 80גרם -,גרמים,80.00,100 גרם,false,,5.90,0.0738,true,1,1012051
7290010003822,false,תבלין בשקית פפריקה חריפה מימון 80 גרם,א.ל ייצור ושיווק תבל,IL,פפריקה חריפה שקית 80 גרם,גרמים,80.00,100 גרם,false,,5.90,0.0738,true,1,1012053
7290010003839,false,תבלין בשקית קינמון טחון 80גר-חדש,א.ל ייצור ושיווק תבל,IL,קינמון טחון שקית 80 גרם -,גרמים,80.00,100 גרם,false,,5.90,0.0738,true,1,1012054
7290010003990,false,תבלין פטרוזיליה בשקית 20גר,א.ל ייצור ושיווק תבל,IL,פטרוזיליה שקית 20 גרם - ח,גרמים,20.00,100 גרם,false,,5.90,0.2950,true,1,1012070
7290010004348,false,פפריקה מתוקה תבליני,א.ל ייצור ושיווק תבל,IL,פפריקה מתוקה 250 גרם,גרמים,250.00,100 גרם,false,,19.90,0.0796,true,1,1012091
7290010004737,false,עלים לקרמשניט 300גר רמילוי,,,עלים לקרמשניט 300גר,גרמים,300.00,100 גרם,false,,13.90,0.0463,true,1,4607746
7290010004744,false,סודה לשתייה 100גר רמילוי,שיוך למחסן 17,,סודה לשתייה 100גר רמ,גרמים,100.00,100 גרם,false,,1.60,0.0160,true,1,4617717
7290010023141,false,הגן הקסום לימונענע ויסוצקי 25 יחידות,תה ויסוצקי,IL,הגן הקסום לימונענע ו,יח',25.00,יח',false,,16.90,0.6760,true,1,1027848
7290010023622,false,תה קלאסי עם נגיעות נענע ויסוצקי 100 יחידות,תה ויסוצקי,IL,תה קלאסי עם נגיעות נ,יח',100.00,יח',false,,17.70,0.1770,true,1,1027850
7290010023943,false,חליטה מצמח הרויבוש Red tea בטעם קינמון ווניל,מולינו ניקולי s.p.a,IL,תה אדום קינמון וניל,יח',50.00,יח',false,,24.50,0.4900,true,1,1027855
7290010051076,false,לבבות קיסר א.אדמה,אדמה,,לבבות קיסר א.אדמה,יח',1.00,יח',false,,8.90,8.9000,true,1,1124851
7290010051144,false,תרד עלים א.אדמה,אדמה,,תרד עלים א.אדמה,יח',1.00,יח',false,,7.90,7.9000,true,1,1034949
7290010051199,false,שורש פטרוזיליה א.אדמה,אדמה,,שורש פטרוזיליה א.אדמ,יח',1.00,יח',false,,5.50,5.5000,true,1,1034953
7290010051205,false,סלרי אמריקאי א.אדמה,אדמה,,סלרי אמריקאי א.אדמה,יח',1.00,יח',false,,5.90,5.9000,true,1,1034954
7290010051212,false,ראש סלרי א.אדמה,אדמה,,ראש סלרי א.אדמה,יח',1.00,יח',false,,5.90,5.9000,true,1,1034955
7290010051267,false,לוף בשקית א.אדמה,אדמה,,לוף בשקית א.אדמה,יח',1.00,יח',false,,6.00,6.0000,true,1,1250695
7290010051298,false,מנגולד עלי סלק א.אדמה,אדמה,,מנגולד עלי סלק א.אדמ,יח',1.00,יח',false,,5.90,5.9000,true,1,1034959
7290010051335,false,בצל ירוק א.אדמה,אדמה,,בצל ירוק א.אדמה,יח',1.00,יח',false,,5.90,5.9000,true,1,1034960
7290010060597,false,סרקל שמפו לילדים 1.2,פישר תעשיות,IL,סרקל שמפו 1250 גרם,יח',1.00,יח',false,,32.90,32.9000,true,1,6786479
7290010060603,false,סרקל מרכך 1.25 25% חינם,"ד""ר פישר",IL,סרקל מעצב 1250 גרם,יחידה,1.25,יחידה,false,,32.90,26.3200,true,1,6918550
7290010065271,false,פרינוק - מחית תפוחי עץ 130 גרם,פרינוק,CZ,"מחית תפו""ע 130 גר'",גרמים,130.00,100 גרם,false,,4.80,0.0369,true,1,1013833
7290010065295,false,פרינוק - מחית תפוחי עץ ובננה 130 גרם,פרינוק,CZ,"מחית תפו""ע בננה 130 גר'",גרמים,130.00,100 גרם,false,,4.80,0.0369,true,1,1013835
7290010065301,false,פרינוק - מחית סלט פירות 130 גרם,פרינוק,CZ,מחית סלט פירות 130 גר',גרמים,130.00,100 גרם,false,,4.80,0.0369,true,1,1013836
7290010065318,false,פרינוק - ג'וניור תפוחי עץ 190 גרם,פרוטה פודווין איי.אס,CZ,"מחית ג'וניור תפו""ע 190 גר",גרמים,190.00,100 גרם,false,,5.90,0.0311,true,1,1170546
7290010065332,false,פרינוק - ג'וניור פתוחי עץ ובננה 190 גרם,פרוטה פודווין איי.אס,CZ,"מחית ג'וניור תפו""ע בננה 1",גרמים,190.00,100 גרם,false,,5.90,0.0311,true,1,1170547
7290010065349,false,פרינוק גרבר גוניור סלט פירות 190 גר',פרוטה פודווין איי.אס,CZ,מחית ג'וניור סלט פירות 19,גרמים,190.00,100 גרם,false,,5.90,0.0311,true,1,1170548
7290010065721,false,פרינוק - מחית לפתן פירות 130 גרם,פרינוק,CZ,מחית לפתן פירות 130 גר',גרמים,130.00,100 גרם,false,,4.80,0.0369,true,1,1013862
7290010065745,false,ג`וניור פרינוק מחית לפתן פירות 190ג',פרוטה פודווין איי.אס,CZ,מחית ג'וניור לפתן פירות 1,גרמים,190.00,100 גרם,false,,5.90,0.0311,true,1,1170549
7290010116980,false,אבקת שוקולית שקית עלית 850 ג',הנסיך- מפעל לייצור ט,IL,שוקולית 850 גרם,גרמים,850.00,100 גרם,false,,14.90,0.0175,true,1,1018759
7290010117864,false,דוריטוס חטיף תירס בטעם חריף אש עלית 70 גרם,שטראוס פריטו ליי (מל,IL,דוריטוס חטיף תירס בט,גרמים,70.00,100 גרם,false,,3.20,0.0457,true,1,1026789
7290010118328,false,תפוצ'יפס בטעם טבעי עלית מארז 6*40 גרם,שטראוס פריטו ליי (מל,IL,תפוצ'יפס בטעם טבעי ע,גרמים,240.00,100 גרם,false,,11.90,0.0496,true,1,1026793
7290010119240,false,מארז תפוצ'יפס בטעם טבעי 12 יחידות,שטראוס פריטו ליי (מל,IL,תפוצ'יפס בטעם טבעי ע,גרמים,216.00,100 גרם,false,,14.90,0.0690,true,1,1026794
7290010129003,false,עוגיות אוזניים 600 גרם,קריניציה ויטמינה אס,IL,עוגיות אוזניים 600גר,גרמים,600.00,100 גרם,false,,19.90,0.0332,true,1,1012885
7290010129287,false,עוגיות שיבולת שועל-ג,השוואת מחירונים,IL,עוגיות גרנולה 600 גר,גרמים,600.00,100 גרם,false,,19.90,0.0332,true,1,1012892
7290010129348,false,עוגיות שוקולד 600 גרם,השוואת מחירונים,IL,עוגיות שוקולד 600 גר,גרמים,600.00,100 גרם,false,,19.90,0.0332,true,1,1012896
7290010129553,false,עוגיות רולדה תמרים 600 גרם,שיבולים א.ד.ל,IL,עוגיות רולדה תמרים 6,יח',1.00,יח',false,,19.90,19.9000,true,1,6156571
7290010129959,false,עוגיות שמרים 400 גרם דולצה ויטה,שיבולים א.ד.ל,IL,עוגיות רוגלך שוקולד,גרמים,400.00,100 גרם,false,,8.90,0.0223,true,1,2010066
7290010154005,false,סחוג תימני ירוק 250 ביטון,תבליני יוחאי ביטון,IL,סחוג תימני 250 ביטון,גרמים,250.00,100 גרם,false,,12.90,0.0516,true,1,1025223
7290010154012,false,לימון בלאדי כבוש תבליני ביטון 250 גרם,תבליני יוחאי ביטון,IL,לימון בלאדי כבוש תבל,גרמים,250.00,100 גרם,false,,12.90,0.0516,true,1,1025224
7290010154029,false,אריסה מתוקה ביטון 250 ג',תבליני יוחאי ביטון,IL,250 אריסה מתוקה ביטו,גרמים,250.00,100 גרם,false,,12.90,0.0516,true,1,1025225
7290010154036,false,עמבה תבליני ביטון 250 גרם,תבליני יוחאי ביטון,IL,עמבה תבליני ביטון 25,גרמים,250.00,100 גרם,false,,12.90,0.0516,true,1,1025226
7290010154241,false,סלט חזרת ריף ביטון 250 ג',תבליני יוחאי ביטון,IL,סלט חזרת 250 ג,גרמים,250.00,100 גרם,false,,12.90,0.0516,true,1,1025227
7290010154265,false,פלפל צ'ומה תבליני ביטון 250 גרם,תבליני יוחאי ביטון,IL,פלפל צ'ומה תבליני בי,גרמים,250.00,100 גרם,false,,12.90,0.0516,true,1,1025228
7290010154418,false,סחוג אדום תבליני ביטון 130 גרם,תבליני יוחאי ביטון,IL,סחוג אדום תבליני ביט,גרמים,130.00,100 גרם,false,,7.90,0.0608,true,1,1025231
7290010154425,false,סחוג ירוק תבליני ביטון 130 גרם,תבליני יוחאי ביטון,IL,סחוג ירוק תבליני ביט,גרמים,130.00,100 גרם,false,,7.90,0.0608,true,1,1025232
7290010154678,false,אריסה מרוקאית תבליני ביטון 250 גרם,תבליני יוחאי ביטון,IL,אריסה מרוקאית תבליני,גרמים,250.00,100 גרם,false,,12.90,0.0516,true,1,4670800
7290010154685,false,סלט שום כתוש 250 ג' ביטון יוחאי,תבליני יוחאי ביטון,IL,סלט שום כתוש 250 ג,גרמים,250.00,100 גרם,false,,12.90,0.0516,true,1,4670801
7290010173037,false,"יין הרי גליל רוזה, 750 מ""ל י יקב הרי גליל",יקבי רמת הגולן,,"רוזה הרי גליל 750 מ""",מיליליטרים,750.00,"100 מ""ל",false,,33.20,0.0443,true,1,1047572
7290010173174,false,"יין אלון 2019 750 מ""ל הרי גליל",יקבי רמת הגולן,IL,הרי גליל אלון 750מל,מיליליטרים,750.00,"100 מ""ל",false,,49.90,0.0665,true,1,6650982
7290010175840,false,לבבות דקל שלמים במי מלח,אינאקספו,UY,לבבות דקל טעים,גרמים,220.00,100 גרם,false,,11.40,0.0518,true,1,1019500
7290010175857,false,פרוסות לבבות דקל 400 ג' טעמן,אינאקספו,IL,פרוסות לבבות דקל,גרמים,220.00,100 גרם,false,,10.50,0.0477,true,1,1019501
7290010195268,false,פופקורן פופסטאר חמישייה מופחת שומן טבעי,פופ סטאר,US,פופסטאר מופחת שומן טבעי 5,גרמים,425.00,100 גרם,false,,11.90,0.0280,true,1,1047297
7290010234004,false,"שטיפה אינטימית 200 מ""ל פנינה רוזנבלום",פנינה רוזנבלום,,שטיפה אינטימית 200 מ,מיליליטרים,200.00,"100 מ""ל",false,,16.90,0.0845,true,1,1031675
7290010237531,false,פפסי קולה פלסטיק 500מל,סנו מפעלי ברונוס.,IL,פפסי 500 בקבוק 24 יח',מיליליטרים,500.00,"100 מ""ל",false,,3.80,0.0076,true,1,1017314
7290010237548,false,"פפסי מקס דל קלוריות 500 מ""ל בקבוק",טמפו משקאות בעמ,IL,פפסי מקס 500 בקבוק 24 יח',מיליליטרים,500.00,"100 מ""ל",false,,3.80,0.0076,true,1,1017315
7290010237562,false,משקה פפסי מרינדה קוו,"טמפו משקאות בע""מ",IL,מירינדה 500 בקבוק 24 יח',מיליליטרים,500.00,"100 מ""ל",false,,3.80,0.0076,true,1,1017316
7290010237784,false,בירה שנדי בתוספת משקה לימון ליים - שישייה,מכבי שנדי,IL,שנדי לימון ליים 330 בקבוק,ליטרים,1.98,ליטר,false,,27.90,14.0909,true,1,1017327
7290010237890,false,"בירה הייניקן בקבוק 500 מ""ל חוזר",טמפו משקאות בע''מ,IL,היינקן חוזר 500 בקבוק 20,מיליליטרים,500.00,"100 מ""ל",false,,8.90,0.0178,true,1,1051144
7290010259823,false,מנת השף נודלס בטעם עוף וילי פוד 70 גרם,נמצ'או(תאילנד) בעמ,TH,מנת השף נודלס בטעם ע,גרמים,70.00,100 גרם,false,,4.80,0.0686,true,1,1027510
7290010259830,false,מנת השף נודלס בסגנון סיני פיקנטי וילי פוד 70 גרם,נמצ'או(תאילנד) בעמ,TH,מנת השף נודלס בסגנון,גרמים,70.00,100 גרם,false,,4.80,0.0686,true,1,1027511
7290010259847,false,מנת השף נודלס בטעם תירס וילי פוד 70 גרם,קריות זול,TH,מנת השף נודלס בטעם ת,גרמים,70.00,100 גרם,false,,4.80,0.0686,true,1,1027512
7290010259854,false,מרק עם נודלס טעם פטריות מנת השף 70 גר,נמצ'או(תאילנד) בעמ,TH,מנת השף נודלס בטעם פ,גרמים,70.00,100 גרם,false,,4.80,0.0686,true,1,1027513
7290010259861,false,מנת השף נודלס בטעם ירקות וילי פוד 70 גרם,קריות זול,TH,מנת השף נודלס בטעם י,גרמים,70.00,100 גרם,false,,4.80,0.0686,true,1,1027514
7290010259991,false,צנימים מיוחדים בטעם טבעי 250 ג',קריות זול,PT,צנימים 250 גרם,גרמים,250.00,100 גרם,false,,6.90,0.0276,true,1,1027519
7290010382811,false,"לחות קלילה לשיער מתולתל נטורל פורמולה, 400 מ""ל",נטורל,,נטורל פורמולה לחות ק,מיליליטרים,300.00,"100 מ""ל",false,,19.90,0.0663,true,1,1045802
7290010382842,false,"קרם נטורל פורמולה קרם לחות קלילה לשיער רגיל, 400 מ""ל קלילה רגיל",אמיליה קוסמטיקס,IL,נטורל פורמולה לחות ק,מיליליטרים,300.00,"100 מ""ל",false,,19.90,0.0663,true,1,1045805
7290010429554,false,"שמן זית כתית מעולה יד מרדכי 2 קלאסי, 750 מ""ל",מכוורת יד מרדכי שטרא,IL,שמן זית יד מרדכי מס,מיליליטרים,750.00,"100 מ""ל",false,,32.90,0.0439,true,1,1018768
7290010471669,false,יוגורט תות עם קורנפלקס מצופה שוקולד ללא גלוטן 3.9%,"שטראוס בריאות בע""מ",IL,יוגורט דנונה תות ביו,מיליליטרים,175.00,"100 מ""ל",false,,4.30,0.0246,true,1,1033210
7290010472307,false,מארז 8 יחידות משקה גמדים בטעם תות בננה,מיוצר עי קונדיטוריית,IL,משקה גמדים תות בננה,מיליליטרים,800.00,"100 מ""ל",false,,19.90,0.0249,true,1,1033214
7290010472390,false,מארז 8 יחידות מעדן דני בטעם שוקולד 1.5%,מיוצר עי קונדיטוריית,IL,דני בטעם שוקולד שמינ,מיליליטרים,1000.00,"100 מ""ל",false,,14.90,0.0149,true,1,1033216
7290010513703,false,מזרח ומערב צ'ופסטיקס צפצפה,גולין פנגזו,CN,צ'ופסטיקס צפצפה - 20,100 יח',20.00,100 יח',false,,6.40,0.3200,true,1,1032905
7290010513727,false,פנקו פרורי לחם 200 גרם (קינגדאו),קינגדאו גוניון פודס,CN,פנקו פרורי לחם 200 ג,גרמים,200.00,100 גרם,false,,7.90,0.0395,true,1,1032906
7290010546053,false,מנדל גרנולה בריאות קלויה ללא סוכר 400 גר,מנדל טי אמ סחר,IL,גרנולה צנצנת ללא תוס,גרמים,400.00,100 גרם,false,,19.90,0.0497,true,1,2139531
7290010546558,false,גרנולה חלבה תמרים מנדל 400 גר,מנדל טי אמ סחר,IL,גרנולה חלבה תמרים 40,גרמים,400.00,100 גרם,false,,19.90,0.0497,true,1,3893017
7290010548514,false,קוביות עשבי תיבול לבישול איטלקי דורות 70 גרם,עיצובים 2020 (3.8),IL,קוביות עשבי תיבול לב,גרמים,70.00,100 גרם,false,,9.90,0.1414,true,1,1020777
7290010627004,false,טחינה גולמית מסורתית ירושלים 500 ג',"בראשית ירושלים בע""מ",IL,טחינה ירושלים 500 גר,גרמים,500.00,100 גרם,false,,14.90,0.0298,true,1,1093517
7290010627844,false,טחינה גולמית שומשום מלא ירושלים 500גרם,"בראשית ירושלים בע""מ",IL,טחינה ירושלים מלא 50,גרמים,500.00,100 גרם,false,,14.90,0.0298,true,1,1670464
7290010650002,false,פטריות יער תקוע ארוז,ביכורי שדה דרום 2002,IL,פטריות יער חוות תקוע,יח',1.00,יח',false,,19.90,19.9000,true,1,1048526
7290010650019,false,אנדיב בלגי אמיתי חוות תקוע,מרינה פטריות הגליל,IL,אנדיב בלגי אמיתי חוו,גרמים,150.00,100 גרם,false,,11.90,0.0793,true,1,1048527
7290010650033,false,בצלצלי שאלוט תקוע אר,חוות פטריות תקוע,IL,בצלצלי שלוט,יח',1.00,יח',false,,10.90,10.9000,true,1,1048529
7290010650040,false,פטריות שיטאקי חוות תקוע,ביכורי שדה דרום 2002,IL,פטריות שיטאקי חוות ת,יח',1.00,יח',false,,8.90,8.9000,true,1,1048530
7290010650064,false,פטריות יער מיובשות חוות תקוע 25 גרם,חוות תקוע,IL,פטריות יער מיובשות ח,גרמים,25.00,100 גרם,false,,19.90,0.7960,true,1,1048532
7290010650101,false,עגבניות מיובשות חוות תקוע 100 גרם,חוות פטריות תקוע,IL,עגבניות מיובשות חוות,גרמים,100.00,100 גרם,false,,9.90,0.0990,true,1,1048536
7290010650194,false,זנגוויל תאילנדי תקוע,"פסח בא בע""מ",IL,זנגוויל ארוז 250ג,גרמים,250.00,100 גרם,false,,7.90,0.0316,true,1,1048538
7290010650231,false,פטריות מאיטקי מיובשו,חוות פטריות תקוע,IL,פטריות מאי טאקי,גרמים,25.00,100 גרם,false,,11.90,0.4760,true,1,1048540
7290010650255,false,לקט פטריות למרק חוות תקוע 25 גרם,תקוע,IL,לקט פטריות למרק חוות,גרמים,25.00,100 גרם,false,,19.90,0.7960,true,1,1048541
7290010650279,false,לקט פטריות לפסטה 25 גרם,חקלאי,IL,לקט פטריות לפסטה 25,גרמים,25.00,100 גרם,false,,12.90,0.5160,true,1,1048543
7290010650286,false,בייבי ברוקולי חוות תקוע,,,בייבי ברוקולי חוות ת,יח',1.00,יח',false,,9.90,9.9000,true,1,1293156
7290010650293,false,בצלצלי שאלוט מקולף ת,תקוע,,בצלצלי שאלוט,גרמים,250.00,100 גרם,false,,10.90,0.0436,true,1,1048544
7290010650354,false,שורש כורכום טרי חוות תקוע 120 גרם,פסטה לנסי,IL,שורש כורכום טרי חוות,יח',1.00,יח',false,,9.90,9.9000,true,1,1048545
7290010650408,false,בצלצלי פנינה תקוע יח,פסטה לנסי,IL,בצלי פנינה,יח',1.00,יח',false,,19.90,19.9000,true,1,1048546
7290010650415,false,עגבניות מיובשות 200 גרם תקוע,ירק הגליל,IL,עגבניות מיובשות 200,גרמים,200.00,100 גרם,false,,10.90,0.0545,true,1,1048547
7290010650576,false,פטריות שנוקי טרי ארו,"פנטה אמפאק בע""מ",IL,שיטאקי שינוקי טריות,יח',1.00,יח',false,,9.90,9.9000,true,1,1048548
7290010650590,false,ריזוטו פטריות מיובשות,חוות פטריות תקוע,IL,ריזוטו פטריות מיובשו,גרמים,275.00,100 גרם,false,,19.90,0.0724,true,1,1080440
7290010650767,false,אנדיב אדום 220 גרם,פמילי,IL,אנדיב אדום,יח',1.00,יח',false,,13.90,13.9000,true,1,1287815
7290010650798,false,תבשיל בורגול ופטריות,קרלו,IL,לקט בורגול ופטריות,יח',1.00,יח',false,,11.90,11.9000,true,1,5453396
7290010650828,false,פטריות שימג'י חוות תקוע 150 גרם,עינת תעשיות מזון אגו,IL,פטריות שימג'י חוות ת,גרמים,150.00,100 גרם,false,,9.90,0.0660,true,1,5387702
7290010650989,false,תירס לבן מתוק תקוע,,,תירס לבן 600גרם,יח',1.00,יח',false,,15.90,15.9000,true,1,6736190
7290010650996,false,"פטריות שי מג'י חומות, 150 גרם חוות תקוע",שנגחאי פינק פוד קומפ,IL,פטריות שימג'י חוות ת,גרמים,150.00,100 גרם,false,,9.90,0.0660,true,1,6787375
7290010672851,false,מאפין חמישיות שוקו-שוקו,פילסברי,,מאפין חמישיות שוקו ש,יח',5.00,יח',false,,11.90,2.3800,true,1,4500637
7290010672868,false,מאפין חמישיות שוקו וניל,פילסברי,,מאפין חמישיות שוקו ו,גרמים,80.00,5 גרם,false,,11.90,0.1488,true,1,4500638
7290010711543,false,כף אשפה + גומי SHINY,שייני Shiny,IT,כף אשפה עם גומי,יח',1.00,יח',false,,5.00,5.0000,true,1,1033733
7290010718627,false,אל סבון נוזלי ירוק 1 ליטר פנינה רוזנבלום,פנינה רוזנבלום,IL,אל סבון נוזלי ירוק 1,ליטרים,1.00,ליטר,false,,8.90,8.9000,true,1,1031688
7290010718634,false,"פנינה רוזנבלום -אל סבון נוזלי לבן,1 ליטר",פנינה רוזנבלום,IL,סבון נוזלי לבן 1 ליט,ליטרים,1.00,ליטר,false,,8.90,8.9000,true,1,1031689
7290010719013,false,"שמן זית כתית מעולה משק אחיה 750 מ""ל",ארץ זית שמן מובחר -,IL,שמן זית כתית מעולה מ,מיליליטרים,750.00,"100 מ""ל",false,,38.70,0.0516,true,1,1018518
7290010748853,false,"ד""ר פישר - אפקטיב קר קרם ידיים סנסיטיב 150 מ""ל","ד""ר פישר Dr fischer",IL,אפקטיב קר קרם ידיים סנסיט,מיליליטרים,150.00,"100 מ""ל",false,,11.90,0.0793,true,1,1044782
7290010748860,false,"ד""ר פישר - אפקטיב קר קרם ידיים אינטנסיב 150 מ""ל",פישר מעבדות פרמצבטיו,IL,אפקטיב קר קרם ידיים אינטנ,מיליליטרים,150.00,"100 מ""ל",false,,11.90,0.0793,true,1,1044783
7290010748884,false,קרם גוף אינטנסיב Intensive לעור יבש במיוחד,פישר מעבדות פרמצבטיו,IL,אפקטיב קר קרם גוף אינטנסי,מיליליטרים,700.00,"100 מ""ל",false,,29.70,0.0424,true,1,1044785
7290010748891,false,קרם גוף מולטי ויטמין Multi vitamin לעור רגיל- יבש,פישר מעבדות פרמצבטיו,IL,אפקטיב קר קרם גוף מולטי ו,מיליליטרים,700.00,"100 מ""ל",false,,29.70,0.0424,true,1,1044786
7290010757893,false,"בורקס תפו""א ללא גלוטן פרווה - מוקפא",מאפיית ישראל חיפה,IL,אריאל ללא גלוטן- בור,גרמים,500.00,100 גרם,false,,19.90,0.0398,true,1,6823377
7290010757909,false,אריאל ללא גלוטן- בורקס גבינה 500 גר,מאפיית ישראל חיפה,IL,אריאל ללא גלוטן- בור,גרמים,500.00,100 גרם,false,,19.90,0.0398,true,1,6823378
7290010757916,false,אריאל ללא גלוטן- בורקס פיצה 500 גר,מאפיית ישראל חיפה,IL,אריאל ללא גלוטן- בור,גרמים,500.00,100 גרם,false,,19.90,0.0398,true,1,6823379
7290010757923,false,אריאל ללא גלוטן- ריבועי בצק עלים 450 גר,מאפיית ישראל חיפה,IL,אריאל ללא גלוטן- ריב,גרמים,450.00,100 גרם,false,,17.90,0.0398,true,1,6823380
7290010757930,false,מלאווח ללא גלוטן פרווה - מוקפא,מאפיית ישראל חיפה,IL,אריאל ללא גלוטן- מלא,גרמים,500.00,100 גרם,false,,19.90,0.0398,true,1,6823381
7290010757947,false,אריאל ללא גלוטן- בורקס פטריות 500 גר,מאפיית ישראל חיפה,IL,אריאל ללא גלוטן- בור,גרמים,500.00,100 גרם,false,,19.90,0.0398,true,1,6823382
7290010757954,false,אריאל ללא גלוטן- זיווה גבינה 500 גר,מאפיית ישראל חיפה,IL,אריאל ללא גלוטן- זיו,גרמים,500.00,100 גרם,false,,19.90,0.0398,true,1,6823383
7290010757961,false,אריאל ללא גלוטן- ג'חנון 500 גר,מאפיית ישראל חיפה,IL,אריאל ללא גלוטן- ג'ח,גרמים,500.00,100 גרם,false,,19.90,0.0398,true,1,6823384
7290010760688,false,בצק פילאס שחף מגולגל,מאפית אריאל,,בצק פילאס 600 גר,גרמים,600.00,100 גרם,false,,14.90,0.0248,true,1,1033941
7290010766185,false,רוטב לפסטה עגבניות ובזיליקום אוליביה 420 גרם,אוליביה,IL,רוטב לפסטה עג.בזיליקום,גרמים,420.00,100 גרם,false,,12.80,0.0305,true,1,1013887
7290010766307,false,רוטב לפסטה בולונז אוליביה 420 ג' אסם,אוליביה,IL,רוטב לפסטה בולונז,גרמים,420.00,100 גרם,false,,12.80,0.0305,true,1,1013889
7290010766697,false,רוטב שקשוקה אוליביה 415 גרם,קריות זול,IL,רוטב שקשוקה,גרמים,415.00,100 גרם,false,,12.80,0.0308,true,1,1013890
7290010766949,false,ממרח תחתיות ארטישוק 180ג' אוליביה,אוליביה,IL,ממרח ארטישוק,גרמים,180.00,100 גרם,false,,12.90,0.0717,true,1,1013895
7290010766956,false,ממרח פלפלים מתוקים אדומים אוליביה 180 גרם,אוליביה,IL,ממרח פלפלים קלויים,גרמים,180.00,100 גרם,false,,12.90,0.0717,true,1,1013896
7290010770762,false,מברשת שיניים קלין אנד פלקס אקווה פרש,גלקסו סמית קליין,DE,אקוה פרש מברשת פלקס,יח',1.00,יח',false,,4.90,4.9000,true,1,1035764
7290010770809,false,אקווה פרש 125 מל' עד,גלקסוסמיתקליין,SK,"אקוה פרש 125 מ""ל עדין שלי",מיליליטרים,375.00,"100 מ""ל",false,,20.00,0.0533,true,1,1035765
7290010770816,false,אקווה פרש 125 מל' מנ,גלקסוסמיתקליין,SK,"אקוה פרש מנטה 125 מ""ל שלי",מיליליטרים,375.00,"100 מ""ל",false,,19.90,0.0531,true,1,1035766
7290010775040,false,"רוטב חמוץ מתוק 750 מ""ל",פוד לי,,רוטב חמוץ מתוק 700 מ,מיליליטרים,700.00,"100 מ""ל",false,,13.80,0.0197,true,1,1085130
7290010775057,false,"רוטב סויה פודלי 700 מ""ל",פוד לי,,רוטב סויה 700 גר,גרמים,700.00,100 גרם,false,,13.80,0.0197,true,1,1031123
7290010775071,false,"רוטב צ'ילי חריף 700 מ""ל",פודלי,,רוטב צ'ילי חריף אייז,מיליליטרים,700.00,"100 מ""ל",false,,10.90,0.0156,true,1,1031125
7290010775088,false,רוטב פיצה 700 גרם,פוד לי,,רוטב פיצה 700 גרם,גרמים,700.00,100 גרם,false,,13.80,0.0197,true,1,1031126
7290010775101,false,רוטב בולונז 700 גרם,פוד לי,,רוטב בולונז 700 גרם,גרמים,700.00,100 גרם,false,,13.80,0.0197,true,1,1031128
7290010775125,false,רוטב טריאקי 720גרם,פודלי,,רוטב טיראקי 750 ג,גרמים,750.00,100 גרם,false,,15.90,0.0212,true,1,1031130
7290010775132,false,"רוטב צ'ילי ברביקיו 700 מ""ל",פוד לי,,"רוטב ברבקיו 700 מ""ל",מיליליטרים,700.00,"100 מ""ל",false,,13.80,0.0197,true,1,1086318
7290010775293,false,רוטב שקשוקה פודלי,,,רוטב שקשוקה 700 גרם,גרמים,700.00,100 גרם,false,,13.80,0.0197,true,1,2972427
7290010777006,false,מארז לחמניות כוסמין 360 גרם,,IL,לחמניות כוסמין 6יח,גרמים,360.00,100 גרם,false,,14.90,0.0414,true,1,6819941
7290010777099,false,פיתה עבודת יד אקספרס מארז 8 יח',מגוון שיווק והפצת מא,IL,פיתה עבודת יד 8 יח.,גרמים,800.00,100 גרם,false,,11.30,0.0141,true,1,1455998
7290010777150,false,פיתה חיטה מלאה בריבוע 8יח' שקית 800 גר',מגוון שיווק והפצת מא,IL,מארז פיתות חיטה מלאה,גרמים,100.00,8 גרם,false,,13.80,0.1380,true,1,1045593
7290010777297,false,מארז פיתות ביס עבודת יד,מגוון שיווק והפצת מא,IL,מארז פיתות ביס עבודת,קילוגרמים,1.00,"100 ק""ג",false,,12.90,12.9000,true,1,1045599
7290010777358,false,מארז שמיניית פיתות 100% כוסמין מלא,מגוון שיווק והפצת מא,IL,פיתה קמח כוסמין מלא,יח',1.00,יח',false,,15.90,15.9000,true,1,1296586
7290010777488,false,מארז פיתות 100% מחמצת קמח מלא 500 גרם,מאפיית ביכורים מזון,IL,פיתה מחמצת 100% קמח,גרמים,500.00,100 גרם,false,,15.90,0.0318,true,1,6854884
7290010777525,false,פיתות 100% כוסמין דק 99 קל 6 יח,מאפיית ביכורים מזון,IL,פיתות כוסמין 6 יח,גרמים,360.00,100 גרם,false,,15.90,0.0442,true,1,6819943
7290010814244,false,שלשות שוקולד מריר 85 גרם*3 בלמינט *18 בקרטון,כרמית תעשיות ממתקים,IL,שוקולד מריר שלשייה 2,גרמים,255.00,100 גרם,false,,9.80,0.0384,true,1,1017989
7290010814251,false,שלשות שוקולד חלב 85 גר*3 בלמינט*18 בקרט בדצ,כרמית תעשיות ממתקים,IL,שוקולד חלב שלישיה אג,גרמים,255.00,100 גרם,false,,9.80,0.0384,true,1,1017990
7290010814695,false,שוקולד מריר פרווה ללא תוספת סוכר כרמית 85 גרם,כרמית תעשיות ממתקים,IL,שוקולד מריר פרווה לל,גרמים,85.00,100 גרם,false,,4.90,0.0576,true,1,1017997
7290010814701,false,שוקולד חלב ללא תוספת סוכר וסטהיים,כרמית תעשיות ממתקים,IL,"שוקולד חלב אגו ללת""ס",גרמים,85.00,100 גרם,false,,4.90,0.0576,true,1,1017998
7290010815005,false,סנסי קרם ידיים אובלפיחה טיפולי 100מ'ל (,,,סנסי קרם ידיים אובלפ,יח',1.00,יח',false,,14.90,14.9000,true,1,1827482
7290010815340,false,סנסי קרם רגליים אובלפיחה 100מ'ל,,,סנסי קרם רגליים אובל,יח',1.00,יח',false,,14.90,14.9000,true,1,1827485
7290010838219,false,ממתיק על בסיס צמח הסטיביה - שקיות,תות ממתקי איכות,IL,מר' סטיביה 100שקיות,גרמים,100.00,100 גרם,false,,26.90,0.2690,true,1,1047305
7290010838424,false,דאק נוזל לניקוי אסלות זוג בניחוח רענן 2*750 מל,"איטיליאן פוד, אס.פי.",NL,טואלט דאק * 750זוג *ירוק,מיליליטרים,750.00,"100 מ""ל",false,,16.90,0.0225,true,1,1047306
7290010838431,false,דאק נוזל לניקוי אסלות זוג בניחוח ים 2*750 מל,מיוצר עי קונדיטוריית,NL,טואלט דאק * 750זוג *כחול,מיליליטרים,750.00,"100 מ""ל",false,,16.90,0.0225,true,1,1047307
7290010839865,false,רוטב רכז רימונים ויליפוד 320 ג',ניו ג'רסי סטאר סנקס,TR,רוטב רימונים וילי פו,גרמים,320.00,100 גרם,false,,10.20,0.0319,true,1,1027530
7290010883042,false,סנובון עם אפקט הקצף הפעיל בריח רענן,סנו סנובון,IL,סנובון נוזלי ניחוח ר,מיליליטרים,750.00,"100 מ""ל",false,,8.90,0.0119,true,1,1023591
7290010903344,false,אצבעות שניצל רמי לוי 1 קג,,,אצבעות שניצל רמי לוי,יח',1.00,יח',false,,34.90,34.9000,true,1,6746978
7290010931330,false,סלט מטבוחה אחלה 500 גרם,מיוצר עי קונדיטוריית,IL,סלט מטבוחה אחלה 500,גרמים,500.00,100 גרם,false,,13.80,0.0276,true,1,1033220
7290010945146,false,קוטג' 3% מועשר בסידן טרה 250 ג' מהדרין,קריות זול,IL,גבינת קוטג' 3% טרה 2,גרמים,250.00,100 גרם,false,,5.30,0.0212,true,1,1012667
7290010945306,false,"חלב קרטון 3% 2 ליטר בד""צ",קריות זול,IL,חלב 3% טרה 2 ליטר,ליטרים,2.00,ליטר,false,,12.30,6.1500,true,1,1012668
7290010945450,false,גבינה לבנה 3% 250 גר מועשר בסידן וויטמין,קריות זול,IL,גבינה לבנה 3% טרה 25,גרמים,250.00,100 גרם,false,,4.70,0.0188,true,1,1012671
7290010945481,false,גבינה לבנה טרה 5% מרכיבים טבעיים,קריות זול,IL,גבינה לבנה 5% טרה 50,גרמים,500.00,100 גרם,false,,9.50,0.0190,true,1,1012672
7290010984879,false,שום כתוש בצנצנת 200ג רמילוי,,,שום כתוש בצנצנת 200ג,גרמים,200.00,100 גרם,false,,11.90,0.0595,true,1,4452196
7290010984886,false,בזיליקום מגשית 70ג רמילוי,,,בזיליקום מגשית 70ג ר,גרמים,70.00,100 גרם,false,,7.90,0.1129,true,1,4452197
7290010984893,false,פטרוזיליה מגשית 70ג רמילוי,,,פטרוזיליה מגשית 70ג,גרמים,70.00,100 גרם,false,,7.90,0.1129,true,1,4452198
7290010984909,false,כוסברה מגשית 70ג רמילוי,,,כוסברה מגשית 70ג רמי,גרמים,70.00,100 גרם,false,,7.90,0.1129,true,1,4452199
7290010984923,false,שום כתוש מגשית 80ג רמילוי,,,שום כתוש מגשית 80ג ר,גרמים,80.00,100 גרם,false,,7.90,0.0988,true,1,4452201
7290011015862,false,"פריגת סירופ דיאט לימונענע 750 מ""ל",סירופ - גבעת חיים,IL,סירופ דיאט לימונענע,מיליליטרים,750.00,"100 מ""ל",false,,19.90,0.0265,true,1,1013399
7290011015985,false,"סירופ בטעם דיאט אננס 750 מ""ל פריגת",סירופ - גבעת חיים,IL,סירופ דיאט אננס פריג,מיליליטרים,750.00,"100 מ""ל",false,,19.90,0.0265,true,1,1013405
7290011017880,false,דיאט קוקה קולה פחית סליק 330מל,החברה המרכזית לייצור,IL,"דיאט קולה 330 מ""ל",מיליליטרים,330.00,"100 מ""ל",false,,3.90,0.0118,true,1,1013435
7290011018443,false,"פנטה אורנג פחית סליק 330 מ""ל",החברה המרכזית לייצור,IL,"פאנטה אורנג 330 מ""ל",מיליליטרים,330.00,"100 מ""ל",false,,3.90,0.0118,true,1,1179329
7290011018849,false,בקבוק בירה חוזר ריק,,,בקבוק בירה חוזר ריק,יח',1.00,יח',false,,1.20,1.2000,true,1,1013464
7290011018924,false,"מארז פחיות דיאט קוקה קולה שישייה 330 מ""ל",החברה המרכזית לייצור,IL,מארז דיאט קולה 330 מ,ליטרים,1.98,ליטר,false,,21.90,11.0606,true,1,1082440
7290011026066,false,"ד""ר פישר - סרקל שמפו + מרכך לילדים 1 ליטר","ד""ר פישר Dr fischer",IL,סרקל שמפו + מעצב ליטר,ליטרים,1.00,ליטר,false,,28.90,28.9000,true,1,1044788
7290011026523,false,שמפו לתינוק לפני השינה Senstive עם לבנדר וקמומיל,"ד""ר פישר Dr fischer",IL,קמיל בלו סנסיטיב אל דמע ל,מיליליטרים,500.00,"100 מ""ל",false,,17.90,0.0358,true,1,1044791
7290011064020,false,בולגרית למריחה בטעמים 200 גר,גבינות אמיר ניצן בעמ,IL,ניצן בולגרית למריחה,גרמים,200.00,100 גרם,false,,13.10,0.0655,true,1,1026075
7290011064075,false,מעדן לבנה מסבחה -אבו גוש 200 גרם,גבינות אמיר ניצן בעמ,IL,ניצן אבו גוש מעדן לא,גרמים,200.00,100 גרם,false,,13.10,0.0655,true,1,1026076
7290011064099,false,טאפס פלפלוני שרי ממולאים במעדן גבינה,גבינות אמיר ניצן בעמ,IL,טאפס שכונתי 125 גר,יח',1.00,יח',false,,16.90,16.9000,true,1,1026078
7290011065072,false,"תמצית בטעם וניל 50 מ""ל",,,תמצית בטעם וניל 50 מ,100 מל,50.00,100 מל,false,,3.70,0.0740,true,1,2912323
7290011065089,false,"תמצית בטעם רום 50 מ""ל",,,"תמצית בטעם רום 50 מ""",100 מל,50.00,100 מל,false,,3.70,0.0740,true,1,2912324
7290011065133,false,"תמצית בטעם ורדים 50 מ""ל",,,תמצית בטעם ורדים 50,100 מל,50.00,100 מל,false,,6.50,0.1300,true,1,2912326
7290011065157,false,"צבע מאכל כחול 50 מ""ל",,,"צבע מאכל כחול 50 מ""ל",100 מל,50.00,100 מל,false,,3.40,0.0680,true,1,2912328
7290011065164,false,צבע מאכל צהוב 50 גר,,,צבע מאכל צהוב 50 גר,100 מל,50.00,100 מל,false,,3.40,0.0680,true,1,2912329
7290011065171,false,צבע מאכל אדום 50 גר,,,צבע מאכל אדום 50 גר,גרמים,50.00,100 גרם,false,,3.40,0.0680,true,1,2912330
7290011065188,false,שוקולד ציפס 48% רמילוי,,,שוקולד ציפס 48% רמיל,גרמים,250.00,100 גרם,false,,11.50,0.0460,true,1,4607747
7290011065201,false,תערובת לפנקייק 400גר רמילוי,,,תערובת לפנקייק 400גר,גרמים,400.00,100 גרם,false,,12.90,0.0323,true,1,4607748
7290011065225,false,סוכריות צבעוניות לקי,,,סוכריות צבעוניות לקי,גרמים,200.00,100 גרם,false,,7.90,0.0395,true,1,2912331
7290011065324,false,פפריקה מתוקה 80ג שקית רמילוי,,,פפריקה מתוקה 80ג שקי,גרמים,80.00,100 גרם,false,,4.90,0.0613,true,1,3859218
7290011065331,false,כמון טחון 50 שקית רמילוי,,,כמון טחון 50 שקית רמ,גרמים,50.00,100 גרם,false,,4.90,0.0980,true,1,3859219
7290011065348,false,כורכום טחון 80 שקית רמילוי,,,כורכום טחון 80 שקית,גרמים,80.00,100 גרם,false,,4.90,0.0613,true,1,3859220
7290011065362,false,מלח לימון 100גר שקית רמילוי,,,מלח לימון 100גר שקית,גרמים,100.00,100 גרם,false,,4.90,0.0490,true,1,3859221
7290011065386,false,פלפל שחור טחון 50גר שקית רמילוי,,,פלפל שחור טחון 50גר,גרמים,50.00,100 גרם,false,,6.90,0.1380,true,1,3859222
7290011065423,false,תבלין מלח ים מטחנה 90 גר,א.ל ייצור ושיווק תבל,,תבלין מלח ים מטחנה 9,גרמים,90.00,100 גרם,false,,17.70,0.1967,true,1,2907348
7290011065539,false,שמרים יבשים בוואקום 500ג רמילוי,,,שמרים יבשים בוואקום,גרמים,500.00,100 גרם,false,,11.90,0.0238,true,1,3275302
7290011065546,false,שמרים יבשים בוואקום 125ג רמילוי,,,שמרים יבשים בוואקום,גרמים,125.00,100 גרם,false,,3.90,0.0312,true,1,3275303
7290011065799,false,סירופ מייפל אמיתי 236מל רמילוי,,,סירופ מייפל אמיתי 23,מיליליטרים,236.00,"100 מ""ל",false,,27.90,0.1182,true,1,3729931
7290011081492,false,גלידה בטעם שלושה שוקולדים 1.33ל' קרמיסימו,"גלידת שטראוס בע""מ, ר",IL,קרמיסימו שלושה שוקול,ליטרים,1.33,ליטר,false,,17.90,13.4586,true,1,1031539
7290011081690,false,קרמיסימו פרווה שוקו ציפ+וניל ציפ 1.33ל,"גלידת שטראוס בע""מ, ר",IL,קרמיסימו פרווה שוקו,ליטרים,1.33,ליטר,false,,17.90,13.4586,true,1,1031542
7290011097011,false,מרכך ומבשם כביסה ורוד מלטף קלין 4 ליטר,קלין,,מרכך ומבשם כביסה ורו,ליטרים,4.00,ליטר,false,,16.90,4.2250,true,1,1031243
7290011097431,false,"תרסיס לניקוי כללי קלין 750 מ""ל",קלין,,תרסיס לניקוי כללי קל,מטרים,750.00,100 מ'ל,false,,11.90,0.0159,true,1,1031256
7290011113926,false,דאודורנט ספריי טיטניום בלאק Titanium Black,משווק: וסמופארם בעממ,IL,דאו ספריי טיטניום 18,מיליליטרים,180.00,"100 מ""ל",false,,14.90,0.0828,true,1,1045813
7290011115159,false,סבון מוצק מועשר בקרם לחות ניחוח פרחים נקה 7 4*100 גרם,גליל כימיכלים,IL,סבון מוצק מועשר בקרם,גרמים,400.00,100 גרם,false,,10.90,0.0273,true,1,1045822
7290011115203,false,אל סבון מוצק מבושם בניחוח עדין קלאסיק - מארז רביעיה,טרופיקל דגיל תעשיות,IL,סבון מוצק מועשר ורוד,גרמים,400.00,100 גרם,false,,10.90,0.0273,true,1,1045825
7290011115241,false,אל סבון ארומטי מוצק ורוד ורד ויסמין - מארז רביעיה,"גליל כימיכלים בע""מ",IL,סבון מוצק מועשר בניח,גרמים,400.00,100 גרם,false,,10.90,0.0273,true,1,1045826
7290011115258,false,אל סבון מוצק מבושם בניחוח עדין קלאסיק - מארז רביעיה,"גליל כימיכלים בע""מ",IL,סבון מוצק מועשר ירוק,גרמים,400.00,100 גרם,false,,10.90,0.0273,true,1,1045827
7290011115265,false,מארז סבון מוצק ארומה אל סבון מועשר בשמנים ארומטיים,"גליל כימיכלים בע""מ",IL,סבון מוצק מועשר בניח,גרמים,400.00,100 גרם,false,,10.90,0.0273,true,1,1045828
7290011115272,false,אל סבון מוצק מועשר בקרם לחות צמחים - מארז רביעיה,קוסמופארם בע''מ,IL,סבון מוצק מועשר בקרם,גרמים,400.00,100 גרם,false,,10.90,0.0273,true,1,1045829
7290011115289,false,אל סבון מוצק מבושם בניחוח עדין קלאסיק - מארז רביעיה,"גליל כימיכלים בע""מ",IL,סבון מוצק מועשר סגול,גרמים,400.00,100 גרם,false,,10.90,0.0273,true,1,1045830
7290011115296,false,אל סבון מוצק מועשר בקרם לחות לבנדר - מארז רביעיה,נקה 7,,סבון מוצק מועשר בקרם,גרמים,400.00,100 גרם,false,,10.90,0.0273,true,1,1045831
7290011115401,false,אל סבון ארומטי מוצק צהוב קמומיל - רביעייה,נקה 7,IL,סבון מוצק ארומה לבן,גרמים,400.00,100 גרם,false,,10.90,0.0273,true,1,1045839
7290011126209,false,הגן הקסום תה טעם תפוח וקינמון סיידר ויסוצקי 25 יח',תה ויסוצקי,IL,הגן הקסום תה טעם תפו,יח',25.00,יח',false,,16.90,0.6760,true,1,1027862
7290011126452,false,הגן הקסום תה בטעם קמומיל ונענע ויסוצקי 25 יחידות,תה ויסוצקי,IL,הגן הקסום תה בטעם קמ,יח',25.00,יח',false,,16.90,0.6760,true,1,1027870
7290011126469,false,הגן הקסום תה בטעם קמומיל ודבש ויסוצקי 25 יחידות,תה ויסוצקי,IL,הגן הקסום תה בטעם קמ,יח',25.00,יח',false,,16.90,0.6760,true,1,1027871
7290011126957,false,תה ירוק ויסוצקי ארל גריי 25 שקיקים,ויסוצקי ירוק,IL,תה ירוק ארל גריי ויס,יח',25.00,יח',false,,22.90,0.9160,true,1,1027880
7290011131050,false,גרנולה בתוספת פקאן 1 קילו גרין,ויטליאה ניקולה דו,MK,גרנולה בתוספת פקאן 1,גרמים,1000.00,100 גרם,false,,24.90,0.0249,true,1,1024223
7290011131654,false,מוזלי קראנצ'י ביג מיקס עם פירות ואגוזים,ויטליה ניקולא דו,MK,"מוזלי ביג מיקס 1 ק""ג",100 קג,1.00,100 קג,false,,24.90,24.9000,true,1,1124304
7290011132552,false,רביעיית בירה פאולנר 330 מל בקבוק,פאולנר Paulaner,DE,פאולנר 330 בקבוק רביעייה,מיליליטרים,330.00,"100 מ""ל",false,,39.90,0.1209,true,1,1017346
7290011132583,false,"מארז פפסי מקס 500 מ""ל*6 יח' בקבוק","טמפו משקאות בע""מ",IL,שישיית פפסי מקס 500,ליטרים,3.00,ליטר,false,,16.90,5.6333,true,1,1017347
7290011133368,false,בירה שנדי בתוספת משקה תפוח - שישייה,מכבי שנדי,IL,שנדי תפוח 330 בקבוק שישיי,ליטרים,1.98,ליטר,false,,27.90,14.0909,true,1,1017357
7290011133450,false,פקדון בקבוק חוזר 500,,,בקבוק חוזר 500מל פקד,יח',1.00,יח',false,,1.20,1.2000,true,1,1017360
7290011148591,false,שיני שום שלוף 500 גר,עטרה,IL,כרובית ארוזה ירקט,יח',1.00,יח',false,,9.90,9.9000,true,1,6807095
7290011148621,false,דאבל ברוקולי,,,דאבל ברוקולי,יח',1.00,יח',false,,16.90,16.9000,true,1,4222269
7290011148805,false,שעועית טריה עד 500 ג,ביכורי השקמה,IL,שעועית טרייה ירקט,גרמים,635.00,100 גרם,false,,13.90,0.0219,true,1,2452425
7290011154028,false,תרכיז סיידר תפוחים טהור טעמי הגליל 1.2 ליטר,טעמי הגליל,IL,תרכיז סיידר תפוחים ט,ליטרים,1.20,ליטר,false,,39.90,33.2500,true,1,1026066
7290011154141,false,סילאן לחיץ 360 גרם רמי לוי,,,סילאן לחיץ 360 גרם ר,גרמים,360.00,100 גרם,false,,8.90,0.0247,true,1,4117157
7290011154158,false,סילאן לחיץ טבעי 350 ג רמי לוי,,,סילאן לחיץ טבעי 350,גרמים,350.00,100 גרם,false,,11.90,0.0340,true,1,4117158
7290011154165,false,סילאן 900 גרם רמי לוי,,,סילאן 900 גרם רמי לו,גרמים,900.00,100 גרם,false,,9.90,0.0110,true,1,4117159
7290011154172,false,סילאן טבעי 900 ג רמי לוי,,,סילאן טבעי 900 ג רמי,גרמים,900.00,100 גרם,false,,19.90,0.0221,true,1,4117160
7290011154189,false,ממרח תמרים 450 ג רמי לוי,,,ממרח תמרים 450 ג רמי,גרמים,450.00,100 גרם,false,,4.80,0.0107,true,1,4117161
7290011154196,false,תמרים ללא חרצנים 500 גרם רמי לוי,,,תמרים ללא חרצנים 500,גרמים,500.00,100 גרם,false,,10.90,0.0218,true,1,4117162
7290011154899,false,"תרכיז ענבים ותפוחים 500 מ""ל טעמי הגליל",טעמי הגליל,IL,תרכיז תפוחים וענבים,מטרים,500.00,100 מ'ל,false,,26.90,0.0538,true,1,6821918
7290011164164,false,מארז לקקני סודה 40 יחידות 360 גרם,גואנגדונג צאואן פוד,CN,מארז לקקני סודה 40 י,גרמים,360.00,100 גרם,false,,15.90,0.0442,true,1,1019524
7290011164546,false,סוכריות טופי ממולא בטעם חמוץ 120 יחידות 600 גרם,פאסין אס אי,BR,סוכריות טופי ממולא ב,גרמים,600.00,100 גרם,false,,14.90,0.0248,true,1,1019527
7290011164553,false,סוכריות טופי ממולא בטעם פירות 175 יחידות 700 גרם,טעמן,,סוכריות טופי ממולא ב,גרמים,700.00,100 גרם,false,,14.90,0.0213,true,1,1019528
7290011194215,false,מעדן גבינה ויוגורט בטעם בננה 5% שומן 88 ג' דניאלה,"שטראוס בריאות בע""מ",IL,דניאלה בטעם בננה 150,מיליליטרים,150.00,"100 מ""ל",false,,3.90,0.0260,true,1,1033222
7290011194246,false,קוטג' 5% עם סידן 250 ג' שטראוס,מיוצר עי קונדיטוריית,IL,קוטג' 5% שומן 250 גר,גרמים,250.00,100 גרם,false,,5.80,0.0232,true,1,1033223
7290011223038,false,בונומי עלים לקרמשניט שכבות אפויות מבצק עלים 300 גרם,בונומי ס.פ.א,IT,עלים לקרמשניט - בונומי 30,גרמים,300.00,100 גרם,false,,14.80,0.0493,true,1,1047317
7290011223045,false,בונומי בישקוטים 200 גרם,בונומי ס.פ.א,IT,בישקוטים בונומי 200גרם,גרמים,200.00,100 גרם,false,,5.90,0.0295,true,1,1047318
7290011223229,false,"טואלט דאק ג'ל לאסלה טיפות טל רעננות 55 מ""ל","איטיליאן פוד, אס.פי.",IT,ט.ד ג'ל אסלה טיפות טל רענ,מטרים,55.00,100 מ'ל,false,,9.90,0.1800,true,1,1047327
7290011223243,false,"טואלט דאק ג'ל לאסלה בניחוח לבנדר 55 מ""ל","איטיליאן פוד, אס.פי.",IT,ט.ד ג'ל אסלה ניחוח לבנדר,מטרים,55.00,100 מ'ל,false,,9.90,0.1800,true,1,1047329
7290011239336,false,מחרום חלבה ללא סוכר,"בני ריאד מחרום בע""מ",IL,חלבה 400גר ללא סוכר,גרמים,400.00,100 גרם,false,,19.90,0.0497,true,1,6789410
7290011239404,false,עמוס חטיפים שונים אר,"בני ריאד מחרום בע""מ",IL,חטיפים שונים ארוזים3,גרמים,300.00,100 גרם,false,,14.90,0.0497,true,1,1371651
7290011240318,false,"שאטו דה לה מר קברנה סובניון 750 מ""ל.",יקבי ציון,IL,שאטו דה למר קברנה סו,מיליליטרים,750.00,"100 מ""ל",false,,17.90,0.0239,true,1,1283619
7290011240608,false,"יין שאטו דה לה מאר -לבן 750 מ""ל",יקבי ציון,IL,יין שאטו דה למר 750,מיליליטרים,750.00,"100 מ""ל",false,,17.90,0.0239,true,1,1283620
7290011240837,false,"יין שאטו דה לה מאר -מרלו 750 מ""ל",יקבי ציון,IL,יין שאטו דה למר מרלו,מיליליטרים,750.00,"100 מ""ל",false,,17.90,0.0239,true,1,1283621
7290011240905,false,"יין מוסקטו לב מבעבען 750 מ""ל",יקבי ציון,IL,מוסקטו לבן מבעבע,מיליליטרים,750.00,"100 מ""ל",false,,24.90,0.0332,true,1,1283623
7290011276485,false,חסה עגולה רמי לוי,,,חסה עגולה רמי לוי,יח',1.00,יח',false,,5.90,5.9000,true,1,2324299
7290011332983,false,מגבונים לניקוי אף מגבונאף קמיל בלו- מארז שלישייה,"ד""ר פישר Dr fischer",IL,קמיל בלו מגבונאף שלישייה,יח',30.00,יח',false,,24.90,0.8300,true,1,1044812
7290011378028,false,חלבה קלאסית וניל ללא תוספת סוכר בארכה 350 גרם,רושדי תעשיות מזון בע,IL,חלבה קלאסית וניל ללא,גרמים,350.00,100 גרם,false,,13.90,0.0397,true,1,1027882
7290011378233,false,בארכה מאגדת חטיפי חלווה וניל ל.סוכר 120גר,רושדי תעשיות מזון בע,IL,מאגדת חטיפי חלבה באר,גרמים,126.00,100 גרם,false,,10.90,0.0865,true,1,1027883
7290011378769,false,בארכה - חטיף בקטנה חלבה וניל 20 גרם * 6,רושדי תעשיות מזון בע,IL,מאגדת חטיפי חלבה באר,גרמים,126.00,100 גרם,false,,10.90,0.0865,true,1,1027889
7290011378776,false,חלבה חטיף פיסטוק בארכה בקטנה מארז 126ג',רושדי תעשיות מזון בע,IL,מאגדת חטיפי חלבה באר,גרמים,126.00,100 גרם,false,,10.90,0.0865,true,1,1027890
7290011379018,false,מארז משפחתי שמפיניון 500 ג' מרינה,מרינה פטריות הגליל,IL,צמד פטריות מרינה,יח',1.00,יח',false,,15.90,15.9000,true,1,1032174
7290011392055,false,אקווה פרש מב.פלקס שלישיות בבליסטר,גלקסוסמיתקליין,DE,אקוה פרש מברשת פלקס שלישי,יח',1.00,יח',false,,9.90,9.9000,true,1,1035770
7290011424367,false,זרעים אורגניים-בצל,,,זרעים בצל,יח',1.00,יח',false,,5.90,5.9000,true,1,6761981
7290011424398,false,זרעים היביסקוס אדום,,,זרעים היביסקוס אדום,יח',1.00,יח',false,,5.90,5.9000,true,1,6237457
7290011424633,false,זרעים אורגניים-פלפל,,,זרעים פלפל חריף,יח',1.00,יח',false,,5.90,5.9000,true,1,6237503
7290011424749,false,זרעים אורגניים-גזר,,,זרעים גזר,יח',1.00,יח',false,,5.90,5.9000,true,1,6237513
7290011424756,false,זרעים אורגניים-סלק,,,זרעים סלק אדום,יח',1.00,יח',false,,5.90,5.9000,true,1,6237514
7290011424770,false,זרעים אורגניים-כובע,,,זרעים כובע נזיר,יח',1.00,יח',false,,5.90,5.9000,true,1,6237516
7290011424787,false,זרעים אורגניים-אפונה,,,זרעים אפונה ריחנית,יח',1.00,יח',false,,5.90,5.9000,true,1,6237517
7290011438142,false,"משקה יטבתה אייס קפה בבקבוק אישי 350 מ""ל",שטראוס גרופ,IL,אייס קפה יטבתה 350 מ,מיליליטרים,350.00,"100 מ""ל",false,,6.20,0.0177,true,1,1033231
7290011447014,false,מטרנה דייסת סלט פירות 200 גרם,קריות זול,IL,מטרנה דייסת סלט פירו,גרמים,200.00,100 גרם,false,,12.90,0.0645,true,1,1020803
7290011447267,false,מטרנה פרימיום חלבי שלב 1 700 גרם חיסכון,מטרנה תעשיות ש.מ,IL,תחליף חלב חלבי שלב 1,גרמים,700.00,100 גרם,false,,47.90,0.0684,true,1,1020812
7290011447281,false,מטרנה פרימיום חלבי שלב 2 700 גרם חיסכון,מטרנה תעשיות ש.מ,IL,תחליף חלב חלבי שלב 2,גרמים,700.00,100 גרם,false,,47.90,0.0684,true,1,1020814
7290011447304,false,מטרנה פרימיום חלבי שלב 3 700 גרם חיסכון,מטרנה תעשיות ש.מ,IL,תחליף חלב חלבי שלב 3,גרמים,700.00,100 גרם,false,,47.90,0.0684,true,1,1020816
7290011447359,false,תרכובת מזון המשך לפעוטות מהדרין שלב 1,מולינו ניקולי s.p.a,IL,תחליף חלב מהדרין שלב,גרמים,700.00,100 גרם,false,,47.90,0.0684,true,1,1020819
7290011447373,false,תרכובת מזון המשך לפעוטות מהדרין שלב 2,מטרנה תעשיות ש.מ,IL,תחליף חלב מהדרין שלב,גרמים,700.00,100 גרם,false,,47.90,0.0684,true,1,1020821
7290011447908,false,"מזון לחתולים מלא טעם עוף וכבד סופר קט 3 ק""ג",קריות זול,IL,מזון לחתולים מלא טעם,100 לקג,3.00,100 לקג,false,,39.90,13.3000,true,1,1028535
7290011473006,false,קינואה אורגני לבנה 500 גרם,ארוז ע' תבואות,BO,קינואה אורגני לבנה 5,גרמים,500.00,100 גרם,false,,16.90,0.0338,true,1,2139588
7290011473181,false,עדשים שחורים אורגני 500 גרם תבאות,ארוז ע' תבואות,CA,עדשים שחורים אורגני,גרמים,500.00,100 גרם,false,,14.90,0.0298,true,1,2139597
7290011473211,false,"עדשים אדומים אורגני 500 גרם ""תבואות""",אורז ע'י,CN,עדשים אדומים אורגני,גרמים,500.00,100 גרם,false,,12.40,0.0248,true,1,2139600
7290011473297,false,גריסי פנינה אורגנים 500 גרם,אורז ע'י,IT,גריסי פנינה אורגנים,גרמים,500.00,100 גרם,false,,9.90,0.0198,true,1,2139605
7290011473655,false,סוכר קנים אורגני 1 קילו,ארוז ע' תבואות,BR,סוכר קנים אורגני 1 ק,יח',1.00,יח',false,,10.90,10.9000,true,1,2139617
7290011473723,false,הימליה דק שקית 1 קילו תבואות,,,מלח הימליה דק שקית 1,גרמים,1000.00,100 גרם,false,,16.90,0.0169,true,1,2139461
7290011473952,false,קוואקר מהיר הכנה טבעי 400 גר,ארוז ע' תבואות,GB,קוואקר מהיר הכנה טבע,גרמים,400.00,100 גרם,false,,5.90,0.0148,true,1,6725580
7290011474256,false,מלח הימליה גס שקית 1 קילו תבואות,תבואות,,מלח הימליה גס שקית 1,גרמים,1000.00,100 גרם,false,,16.90,0.0169,true,1,2139464
7290011474386,false,קוואקר דק אורגני 500 גרם,תבואות,,קוואקר דק אורגני 500,גרמים,500.00,100 גרם,false,,12.90,0.0258,true,1,2139465
7290011474447,false,קוואקר עבה טבעי 500 גרם תבאות,תבואות,,קוואקר עבה טבעי 400,גרמים,400.00,100 גרם,false,,5.90,0.0148,true,1,6725550
7290011480516,false,שמיר טרי מהדרין ארוז,TBD,,שמיר מהדרין,יח',1.00,יח',false,,4.90,4.9000,true,1,1025609
7290011480523,false,נענע מהדרין ב.שדה,,,נענע כשר,יח',1.00,יח',false,,4.90,4.9000,true,1,1025610
7290011480547,false,בצל ירוק מהדרין יבולי הכפר,TBD,,בצל ירוק מהדרין יבול,יח',1.00,יח',false,,5.90,5.9000,true,1,1025612
7290011486693,false,מרשמלו ורוד לבן וסטהיים 30ג'48X בקרטון,כרמית,,כרמית מרשמלו 30 גרם,גרמים,30.00,100 גרם,false,,1.80,0.0600,true,1,1018026
7290011499051,false,פטה כבשים מסורתית 20% בגביע 250 גרם - רובין,MKN עבור מחלבות גד ב,IL,גבינת פטה כבשים 20%,גרמים,250.00,100 גרם,false,,23.90,0.0956,true,1,1021633
7290011499105,false,בולגרית מסורתית 5% 250 גרם -רבנות,ג'נרל מילס סאן אדריא,IL,גבינה בולגרית 5% גד,גרמים,250.00,100 גרם,false,,21.90,0.0876,true,1,1021634
7290011499112,false,בולגרית מסורתית 16% 250 גרם - רבנות,"מיוצר ע""י dsh",IL,גד בולגרית 16% 250 ג,גרמים,250.00,100 גרם,false,,21.90,0.0876,true,1,1021635
7290011499129,false,גבינה בולגרית מעודנת קוביות קטנות 5% גד 200 גרם,קוד יצרן DSH,IL,גבינה בולגרית מעודנת,גרמים,200.00,100 גרם,false,,19.90,0.0995,true,1,1021636
7290011499303,false,פטה עיזים מעודנת 5% בגביע 250 גרם - רבנות,ג'נרל מילס סאן אדריא,IL,פטה עיזים מעודנת 5%,גרמים,250.00,100 גרם,false,,29.90,0.1196,true,1,1021642
7290011499327,false,גבינה בולגרית מעודנת 5% 250 גרם - רבנות,מיוצר על ידי DSH עבו,IL,גבינה בולגרית מעודנת,גרמים,250.00,100 גרם,false,,21.90,0.0876,true,1,1021644
7290011499358,false,גבינת פטה עיזים 20% גד 200 גרם,מיוצר על ידי קוד יצר,IL,גבינת פטה עיזים 20%,גרמים,200.00,100 גרם,false,,24.90,0.1245,true,1,1021647
7290011499365,false,גד חלומי 24% 200 גרם רובין,"מחלבות גד בע""מ",IL,גד חלומי 200 גר,גרמים,200.00,100 גרם,false,,18.90,0.0945,true,1,1021648
7290011499419,false,גבינה במרקם שמנת בטעם טבעי 5% ניו יורק,מחלבות גד,IL,גבינת שמנת ניו יורק,גרמים,200.00,100 גרם,false,,11.40,0.0570,true,1,4563657
7290011499525,false,גבינת לאבנה דרוזית 9% גד 500 גרם,מחלבות גד בעמ,IL,גבינת לאבנה דרוזית 9,גרמים,500.00,100 גרם,false,,18.90,0.0378,true,1,1021656
7290011499624,false,שמנת 30% ניו יורק טבעי 200 גרם רבנות,מחלבות גד,IL,גבינת שמנת בטעם טבעי,גרמים,200.00,100 גרם,false,,12.90,0.0645,true,1,1021658
7290011499846,false,גבינת ריקוטה פרסקה 9% גד 300 גרם,מחלבות גד בעמ,IL,גבינת ריקוטה פרסקה 9,גרמים,300.00,100 גרם,false,,16.90,0.0563,true,1,1021675
7290011499853,false,גבינת שמנת זיתים 30אחוז 200גרם גד,מחלבות גד (שיווק 199,IL,גבינת שמנת עם זיתים,גרמים,200.00,100 גרם,false,,12.90,0.0645,true,1,1021676
7290011518561,false,"אקטימל תות משפחתי מארז 14X100מ""ל",מיוצר עי קונדיטוריית,IL,יוגורט אקטימל תות 14,ליטרים,1.40,ליטר,false,,28.90,20.6429,true,1,1033240
7290011522605,false,"גלייז מעצב שיער לתלתלים 400 מ""ל",ג'נרל מילס סאן אדריא,IL,קרם לחות לשיער סטייל,מיליליטרים,400.00,"100 מ""ל",false,,27.90,0.0697,true,1,1035788
7290011525729,false,שמפו לתינוק קמיל בלו סנסטיב לפני השינה עם לבנדר וקמומיל,"ד""ר פישר Dr fischer",IL,קמיל בלו סנסיטיב שמפו לפנ,ליטרים,1.00,ליטר,false,,32.80,32.8000,true,1,1044820
7290011570644,false,קמח כרגיל נטול גלוטן ללחם 500 גרם,אשבל מזון פונקציונאל,IL,קמח כרגיל ללחם 500 ג,גרמים,450.00,100 גרם,false,,15.70,0.0349,true,1,1169956
7290011575250,false,מבריק וצובע נעליים הפי,יעקבי - הפי Hepi,ES,מבריק וצובע נעליים ה,יח',1.00,יח',false,,9.90,9.9000,true,1,1026515
7290011587307,false,תחתיות ארטישוק 400 גר',Egyptian spanish co,EG,ארטישוק תחתיות 400 ג,גרמים,400.00,100 גרם,false,,9.80,0.0245,true,1,1017011
7290011587581,false,פילה אנשובי צנצנת תו,קומפניה אמריקנה,PE,אנשובי צנצנת 100 גר,יח',1.00,יח',false,,10.80,10.8000,true,1,1091321
7290011587598,false,שימורי אנשובי בפח 45 ג' תומר,אינוורסיונס פריסקו,IL,אנשובי בפח 26 גר -תו,יח',1.00,יח',false,,5.50,5.5000,true,1,1091322
7290011593087,false,"שמן זית כתית מעולה 750 מ""ל סבא חביב",סאן אויל עיבוד ושיוו,IL,סבא חביב שמן זית כתי,מטרים,750.00,100 מ'ל,false,,29.70,0.0396,true,1,6839752
7290011593117,false,זית סורי ירוק מבוקע 800 ג' סבא חביב,שמן זית סבא חביב,IL,סבא חביב זית סורי מב,גרמים,800.00,100 גרם,false,,19.90,0.0249,true,1,6866047
7290011598211,false,"סנו - אנטי קאלק מרסס ניקוי כללי 4 ב-1 700 מ""ל",מיוצר עי קונדיטוריית,IL,אנטי קאלק תרסיס לניק,מיליליטרים,700.00,"100 מ""ל",false,,17.70,0.0253,true,1,1023618
7290011598365,false,מטליות מקרופייבר מקצועיות 4 יח' סנו סושי,סנו סושי,IL,סנו סושי מטליות מקרו,יח',4.00,יח',false,,13.90,3.4750,true,1,1023622
7290011598402,false,מקסימה מרכך כביסה ארומתרפי מאסק סנו 4 ליטר,סנו מקסימה,IL,מקסימה מרכך כביסה אר,ליטרים,4.00,ליטר,false,,21.50,5.3750,true,1,1023624
7290011607197,false,"קולון 101 אבקת כביסה 5 ק""ג",רקיט בנקיזר,IL,COLON 101 3x5KG new promo,קילוגרמים,5.00,"ק""ג",false,,38.90,7.7800,true,1,1036952
7290011615260,false,"טורטייה 20 ס""מ קוטר וילי פוד 540 גר",מוטלוקל גידה סאנאי ט,TR,טורטיות 540 גרם,גרמים,540.00,100 גרם,false,,8.70,0.0161,true,1,1027537
7290011615277,false,"עלי טורטיוה קמח חיטה 25ס""מ 12יח' ויליפוד 840 ג'",מוטלוקל גידה סאנאי ט,TR,טורטיות וילי פוד 840,גרמים,840.00,100 גרם,false,,13.90,0.0165,true,1,1027538
7290011615406,false,בולגרית בקוביות בשמן ותבלינים הבולגריה 325 ג' קוליוס,"קוליוס אס. איי, גריק",GR,וילי פוד בולגריה ק.ב,גרמים,325.00,100 גרם,false,,12.90,0.0397,true,1,1027543
7290011618025,false,בייבי ביס הוט קידס נגיסי אורז לתינוק,גואנז'ו יונג וואנט פ,CN,נגיסי אורז לתינוקות בטעם,גרמים,50.00,100 גרם,false,,13.50,0.2700,true,1,1047349
7290011618124,false,נגיסי אורז לתינוקות בטעם ירקות,גואנז'ו יונג וואנט פ,CN,נגיסי אורז לתינוקות בטעם,גרמים,50.00,100 גרם,false,,13.50,0.2700,true,1,1047353
7290011618131,false,"בייבי ביס חטיף אורז כשל""פ בטעם גזר",גואנז'ו יונג וואנט פ,CN,נגיסי אורז לתינוקות בטעם,גרמים,50.00,100 גרם,false,,13.50,0.2700,true,1,1047354
7290011622305,false,כתמטמינים חטיף לתינוקות אצבעות בוטנים ותירס - רביעיה,הארט Heart,IL,מארז 4 כתמטמינים 4*20 גר',גרמים,20.00,100 גרם,false,,11.90,0.5950,true,1,1013922
7290011622428,false,כתמטמינים-חטיף בריאות לתינוקות וילדים 45 ג',מיוצר עבור גולדן האר,IL,כתמטמינים 45 גר,גרמים,100.00,100 גרם,false,,5.80,0.0580,true,1,1013927
7290011622442,false,טבעונים - חטיף טבעות דגנים מלאים בטעם טבעי 45 גרם,הארט Heart,IL,טבעונים טבעות דגנים מלאים,גרמים,45.00,100 גרם,false,,5.80,0.1289,true,1,1013928
7290011622664,false,כתמטמינים - חטיף אצבעות טחינה אורז ותירס 45 גרם,אלס נוטרישן,IL,כתמטמינים טחינה,גרמים,45.00,100 גרם,false,,5.90,0.1311,true,1,3138523
7290011622770,false,אצבעונים - פלוס בטעם וניל 130 גרם,,IL,אצבעונים פלוס,גרמים,130.00,100 גרם,false,,19.90,0.1531,true,1,6711449
7290011668136,false,מסיכה לשיער מחליקה 1 ליטר פנינה רוזנבלום,פנינה רוזנבלום PR,IL,מסיכה לשיער מחליקה 1,100 מל,1000.00,100 מל,false,,26.80,0.0268,true,1,1031698
7290011668419,false,"שמפו אובלפיחה לשיער רגיל 750 מ""ל פנינה רוזנבלום",פנינה רוזנבלום,IL,שמפו אובלפיחה לשיער,מיליליטרים,750.00,"100 מ""ל",false,,8.90,0.0119,true,1,1031710
7290011668433,false,"שמפו לשיער צבוע שיאה 750 מ""ל פנינה רוזנבלום",פנינה רוזנבלום,IL,שמפו לשיער צבוע שיאה,מיליליטרים,750.00,"100 מ""ל",false,,8.90,0.0119,true,1,1031712
7290011668440,false,מרכך שיאה שיער צבוע פנינה רוזנבלום 750 מל,פנינה רוזנבלום,IL,מרכך שיאה שיער צבוע,מיליליטרים,750.00,"100 מ""ל",false,,8.90,0.0119,true,1,1027939
7290011668570,false,בריא מהטבע גרנולה פירות יבשים 450 גרם פנינה רוזנבלום,בריא מהטבע פנינה רוזנבלום,IL,בריא מהטבע גרנולה פי,גרמים,450.00,100 גרם,false,,24.90,0.0553,true,1,1031718
7290011668587,false,בריא מהטבע גרנולה בטעם עשיר 500 גרם פנינה רוזנבלום,בריא מהטבע פנינה רוזנבלום,IL,בריא מהטבע גרנולה בט,גרמים,500.00,100 גרם,false,,24.90,0.0498,true,1,1031719
7290011668594,false,בריא מהטבע תוספת בריאה לסלט 550 גרם פנינה רוזנבלום,בריא מהטבע פנינה רוזנבלום,IL,בריא מהטבע תוספת ברי,גרמים,550.00,100 גרם,false,,36.90,0.0671,true,1,1031720
7290011732189,false,צמיד 48 יח שקית משפחתית מהדרין,גואנגדונג צאואן פוד,CN,מארז סוכריות צמיד 48,יח',48.00,יח',false,,15.90,0.3313,true,1,1019577
7290011743833,false,"משחת שיניים פרונאמל סנסודיין 75 מ""ל",גלקסו סמית קליין,GB,"סנסודיין פרונמל 75 מ""ל",גרמים,75.00,100 גרם,false,,23.90,0.3187,true,1,1035800
7290011744885,false,"אקווה פרש משחת שיניים ילדים לשיני חלב 50 מ""ל",גלקסו סמית קליין,SK,א.פרש משחת ילדים לשיני חל,100 מל,50.00,100 מל,false,,13.60,0.2720,true,1,1035802
7290011765446,false,משחת שיניים לילדים בוב ספוג בטעם מיץ ענבים עם פלואוריד למניעת עששת,טרופיקל דגיל קוסמטיק,IL,משחת שיניים לילדים ב,גרמים,50.00,100 גרם,false,,7.50,0.1500,true,1,1023660
7290011765620,false,"נוזל כלים סנו גרין פאוור אקולוגי 750 מ""ל",סנו,IL,נוזל כלים סנו גרין פ,יח',1.00,יח',false,,9.90,9.9000,true,1,6702257
7290011778354,false,ביצים חופשיות 20 יחידות,ביצים מן הטבע,,ביצים חופשיות מן הטב,יח',20.00,יח',false,,29.90,1.4950,true,1,6752721
7290011800840,false,רפי כהן סלט טחינה בלאדי צבר 400 גרם,רפי כהן / צבר,IL,רפי כהן סלט טחינה בל,גרמים,400.00,100 גרם,false,,14.90,0.0373,true,1,1020832
7290011830168,false,פירורי לחם אורגני ק.כוסמין שקית 200 גרם,השדה מוצרים טבעיים ו,,פירורי לחם אורגני ק.,גרמים,200.00,100 גרם,false,,12.90,0.0645,true,1,6715035
7290011830182,false,פסטה כוסמין אורגנית פוזילי 500גר,השדה מוצרים אורגניים,IT,פסטה כוסמין אורגנית,גרמים,400.00,100 גרם,false,,19.90,0.0497,true,1,6715036
7290011830236,false,בייגלה מקמח כוסמין +מלח 200 גרם השדה,השדה מוצרים אורגניים,,בייגלה כוסמין אורגני,גרמים,200.00,100 גרם,false,,15.80,0.0790,true,1,6715037
7290011830250,false,נודלס אורגני ללא גלוטן 100% כווסמת 250 גרם,השדה מוצרים טבעיים ו,CN,נודלס אורגני ללא גלו,גרמים,250.00,100 גרם,false,,17.70,0.0708,true,1,1085962
7290011830564,false,ביסקוויט פתי בר כוסמין אורגני,השדה מוצרים אורגניים,IL,פתי בר אורגני כוסמין,גרמים,200.00,100 גרם,false,,12.40,0.0620,true,1,6714996
7290011860271,false,ביסבול כדורי פירה מתפוחי אדמה תפוגן 700 גרם,"תעשיות תפוגן בע""מ",IL,ביסבול כדורי פירה מת,גרמים,700.00,100 גרם,false,,11.90,0.0170,true,1,1020834
7290011877088,false,"רדיד אלומיניום רוחב 30 ס""מ, 18 מיקרון - מארז זוג",בורסה פאזרי,TR,רדיד אלומיניום קצר 3,יח',1.00,יח',false,,14.90,14.9000,true,1,1023666
7290011877095,false,"רדיד אלומיניום רוחב 45 ס""מ סנו סושי 2*7.5 מטר",בורסה פאזרי,TR,רדיד אלומיניום רוחב,אורך,7.50,אורך,false,,19.90,2.6533,true,1,1023667
7290011877842,false,שקיות ואקום לאחסון XXXL+L סנו סושי 2 יחידות,סנו סושי,,שקיות ואקום לאחסון X,יח',2.00,יח',false,,24.90,12.4500,true,1,1023682
7290011877859,false,סנו אינסטלטור חדש פותח סתימות 200ג',מיוצר עי קונדיטוריית,IL,אינסטלטור פותח סתימו,מיליליטרים,200.00,"100 מ""ל",false,,9.90,0.0495,true,1,1023683
7290011877866,false,"מקסימה אבקת כביסה בניחוח מאסק סנו 6 ק""ג","איי, בי, אינבוו",IL,מקסימה אבקת כביסה בנ,קילוגרמים,6.00,"ק""ג",false,,44.90,7.4833,true,1,1023684
7290011920210,false,"תרסיס אקונומיקה קלין 750 מ""ל",קלין,,תרסיס אקונומיקה קלין,מטרים,750.00,100 מ'ל,false,,9.90,0.0132,true,1,1031278
7290011920371,false,קלין נוזל לרצפות דוחה חרקים 2 ליטר,קלין,,קלין נוזל לרצפות דוח,ליטרים,2.00,ליטר,false,,13.90,6.9500,true,1,1031283
7290011920715,false,"תרסיס מסיר כל אבן קלין 750 מ""ל",קלין,,תרסיס מסיר כל אבן קל,מטרים,750.00,100 מ'ל,false,,9.90,0.0132,true,1,1031286
7290011920920,false,קלין מנקה הכל מגבונים לניקוי כללי קלין 50,קלין,,קלין מנקה הכל מגבוני,יחי,50.00,יחי,false,,4.90,0.0980,true,1,1031295
7290011923068,false,הצהובה הקלאסית פרוס תחליף שומן צמחי 200גר,,GR,הצהובה הקלאסית פרוס,גרמים,200.00,100 גרם,false,,18.90,0.0945,true,1,6814824
7290011923112,false,גבינת גוש בסגנון פטה יוונית טבעוני 200 ג,,GR,פטה גוש תחליף שומן צ,גרמים,200.00,100 גרם,false,,18.90,0.0945,true,1,6814827
7290011923273,false,טופו אורגני 300 גרם ליב,א.י.ן תעשיות מזון בע,IL,טופו אורגני 300גרם ל,גרמים,300.00,100 גרם,false,,11.90,0.0397,true,1,1047772
7290011931162,false,סוכרלייט ממתיק נוזלי על בסיס סוכרלוז,אף.סי תבליני בגליל ב,IL,סוכרלייט ממתיק נוזלי,מיליליטרים,220.00,"100 מ""ל",false,,22.90,0.1041,true,1,1018782
7290011947309,false,זיתים מצוננים סורי מבוקע ולימון כבוש זיתא 230 ג',זיתא – י.ט.ב תעשיות,IL,זיתים סורים מבוקעים,גרמים,230.00,100 גרם,false,,13.50,0.0587,true,1,1027899
7290011947316,false,זיתא זיתי קלמטה בשמן זית כתית מעולה 215ג,זיתא - י.ט.ב תעשיות,IL,זיתים קלמטה 215 גר מ,גרמים,215.00,100 גרם,false,,13.50,0.0628,true,1,1170364
7290011947781,false,מיקס זית ירוק וזית קלמטה ללא גלעין עם שמן זית כתית מעולה,זיתא - י.ט.ב תעשיות,IL,מיקס זיתים ירוקים קל,גרמים,190.00,100 גרם,false,,13.90,0.0732,true,1,6752766
7290011947798,false,זית קלמטה ללא גלעין עם שמן זית כתית מעולה,זיתא - י.ט.ב תעשיות,IL,זיתים קלמטה ללא גלעי,גרמים,190.00,100 גרם,false,,13.90,0.0732,true,1,6752767
7290011947903,false,מיקס זיתים יווני זיתא 215 ג',זיתא - י.ט.ב תעשיות,IL,מיקס זיתים יווני 215,יח',1.00,יח',false,,13.50,13.5000,true,1,6773744
7290011971694,false,ספגטי טריקולור מסמולינת דורום אורגני 500,פסטיפיסוי פליצ'טי,IT,ספגטי טריקולור אורגנ,גרמים,500.00,100 גרם,false,,13.70,0.0274,true,1,6715172
7290011977627,false,סרדינים בשמן צמחי טעים 125 גרם,טעמן,MA,סרדינים בשמן צמחי טע,גרמים,125.00,100 גרם,false,,3.90,0.0312,true,1,1019626
7290011977634,false,סרדינים בשמן צמחי עם פלפל חריף טעים 90 גרם,טעמן,IL,סרדינים בשמן צמחי עם,גרמים,125.00,100 גרם,false,,3.90,0.0312,true,1,1019627
7290011977641,false,סרדינים בלימון 125 גרם - רובין טעים,טעמן,IL,סרדינים בשמן ולימון,גרמים,125.00,100 גרם,false,,3.90,0.0312,true,1,1019628
7290011977665,false,סרדינים ברוטב עגבניות טעים 125 גרם,טעמן,MA,סרדינים ברוטב עגבניו,גרמים,125.00,100 גרם,false,,3.90,0.0312,true,1,1019630
7290012001994,false,חרדל דיז'ון גרעינים 350 ג' ריין דיזון,ריין דיז'ון reine dijon,FR,חרדל דיגון גרעינים 350 גר,גרמים,350.00,100 גרם,false,,9.90,0.0283,true,1,1028546
7290012019036,false,שיני שום בצנצנת תומר 330ג',Qingdao canned foods,,שום כבוש בחומ ץ330 ג,גרמים,330.00,100 גרם,false,,9.90,0.0300,true,1,1017025
7290012019043,false,שום צעיר כבוש בחומץ בצנצנת 330 גרם,Qingdao canned foods,,שום צעיר כבוש 330 גר,גרמים,330.00,100 גרם,false,,9.90,0.0300,true,1,1017026
7290012022203,false,פריכיות קליליות חיטה,דילייט 2005,IL,קליליות מרובה דגנים,יח',1.00,יח',false,,13.50,13.5000,true,1,1045077
7290012022227,false,קליליות חיטה טעם טבעי,דילייט 2005,IL,קליליות רגיל 60 ג,יח',1.00,יח',false,,11.50,11.5000,true,1,1045079
7290012022272,false,פריכיות קליליות קידס,דילייט 2005,IL,קליליות ילדים 30 ג,יח',1.00,יח',false,,9.90,9.9000,true,1,1191535
7290012025822,false,שמיר סלק אסלי 400 גרם,"סלטי שמיר 2006 בע""מ",IL,שמיר סלק אסלי 400 גר,גרמים,400.00,100 גרם,false,,9.80,0.0245,true,1,6870937
7290012025839,false,מטבוחה שמיר אסלי 400 גרם,"סלטי שמיר 2006 בע""מ",IL,שמיר מטבוחה אסלי 400,יחידה,400.00,יחידה,false,,9.80,0.0245,true,1,6870964
7290012046193,false,ספוגי קרצוף קשיחים ירוקים קצרים 9יח,M3,ES,ספוגי קרצוף קשיחים י,יח',1.00,יח',false,,13.90,13.9000,true,1,6845417
7290012052170,false,גרנולה עם אגוזים ופירות יבשים במתיקות מעודנת,רפאלס,IL,גרנולה אגוזים ופירות,גרמים,350.00,100 גרם,false,,15.50,0.0443,true,1,1049570
7290012052309,false,גרנולה בננה צימוקים ושקדים מרכיבים טבעיים 1 ק''ג,רפאלס,IL,גרנולה בננה צימוקים,גרמים,1000.00,100 גרם,false,,21.90,0.0219,true,1,1049577
7290012052330,false,גרנולה תענוג חלבה ותמרים 1 ק''ג,רפאלס,IL,גרנולה תענוג חלבה ות,יח',1.00,יח',false,,21.90,21.9000,true,1,1049580
7290012052347,false,גרנולה תענוג - ללא תוספת סוכר צימוקים ושקדים,רפאלס,IL,תענוג ללא תוספת סוכר,גרמים,1000.00,100 גרם,false,,21.90,0.0219,true,1,1049581
7290012052361,false,גרנולה מוזלי בטעם מרכיבים טבעיים 350 גרם,רפאלס,IL,גרנולה מוזלי בטעם מר,גרמים,350.00,100 גרם,false,,13.90,0.0397,true,1,1049583
7290012052460,false,צ'וקולומומו - מיקס זרעים לסלט - אורגינל,רפאלס,IL,צ'וקולומומו אורגינל,גרמים,250.00,100 גרם,false,,14.90,0.0596,true,1,1049586
7290012052477,false,צ'וקולומומו - מיקס זרעים לסלט - עשבי תיבול,רפאלס,IL,צ'וקולומומו עשבי תיב,גרמים,250.00,100 גרם,false,,14.90,0.0596,true,1,1049587
7290012071003,false,"ד""ר פישר - קמיל בלו משחה לתינוק 200 גרם",פישר מעבדות פרמצבטיו,IL,קמיל בלו משחה לתינוק 200,גרמים,200.00,100 גרם,false,,17.90,0.0895,true,1,1136869
7290012116032,false,כיף פיות מרכך לסירוק קל 750 מל,טרופיקל דגיל תעשיות,IL,מרכך לשיער פיות כיף,מיליליטרים,750.00,"100 מ""ל",false,,10.90,0.0145,true,1,1023697
7290012116063,false,"כיף אל סבון פיות בתמציות קמומיל 750 מ""ל",טרופיקל דגיל תעשיות,IL,אל סבון פיות בתמציות,מיליליטרים,750.00,"100 מ""ל",false,,10.90,0.0145,true,1,1023698
7290012116070,false,"אל סבון נוזלי פיות בתמציות אלוורה כיף 750 מ""ל",החברה הדרומית,IL,אל סבון נוזלי פיות ב,מיליליטרים,750.00,"100 מ""ל",false,,10.90,0.0145,true,1,1023699
7290012116360,false,פוליויקס נוזל לניקוי רצפות גרניט פורצלן סנו 2 ליטר,"מפעלי סנו ברונוס בע""",IL,פוליויקס נוזל לניקוי,ליטרים,2.00,ליטר,false,,14.90,7.4500,true,1,1023708
7290012116537,false,"מקסימה אבקת כביסה בניחוח מאסק סנו 2.5 ק""ג",טרופיקל דגיל תעשיות,IL,מקסימה אבקת כביסה בנ,קילוגרמים,2.50,"ק""ג",false,,22.90,9.1600,true,1,1023715
7290012116551,false,אנטי קאלק נוזל לניקוי כללי סנו 2 ליטר,מיוצר עי קונדיטוריית,IL,אנטי קאלק נוזל לניקו,ליטרים,2.00,ליטר,false,,17.90,8.9500,true,1,1023716
7290012116674,false,"דאודורנט גל קול 75 מ""ל קרמה מן",קוסמופארם,IL,cool קרמה מן דאודורנ,מטרים,75.00,100 מ'ל,false,,13.90,0.1853,true,1,1023726
7290012116681,false,דאודורנט ג'ל אנטיפרספירנט אקטיב בלוק Calm,קוסמופארם בעמ,IL,calm קרמה מן דאודורנ,מטרים,75.00,100 מ'ל,false,,13.90,0.1853,true,1,1023727
7290012117091,false,אבקת -כביסה סנו מקסימה סנסיטיב 6 קג,סנו מקסימה,IL,מקסימה אבקת כביסה סנ,קילוגרמים,6.00,"ק""ג",false,,44.90,7.4833,true,1,1023750
7290012117275,false,"קליר שקית מילוי לניקוי חלונות סנו 750 מ""ל",טרופיקל דגיל תעשיות,IL,קליר שקית מילוי לניק,מיליליטרים,750.00,"100 מ""ל",false,,5.70,0.0076,true,1,1023752
7290012117411,false,"שמפו וג'ל רחצה רויבוס 700 מ""ל ""קרמה""",החברה הדרומית,IL,ג'ל רחצה לגבר במבוק,מיליליטרים,700.00,"100 מ""ל",false,,14.90,0.0213,true,1,1023759
7290012117428,false,"ג'ל רחצה ושמפו מעיינות מנטה קרמה מן 700 מ""ל",טרופיקל דגיל תעשיות,IL,ג'ל רחצה ושמפו מעיינ,מיליליטרים,700.00,"100 מ""ל",false,,14.90,0.0213,true,1,1023760
7290012117435,false,"קרמה - שמפו וג'ל רחצה 2 ב-1 אלוורה 700 מ""ל",טרופיקל דגיל תעשיות,IL,ג'ל רחצה קרמה מן 700,מיליליטרים,700.00,"100 מ""ל",false,,14.90,0.0213,true,1,1023761
7290012117466,false,"תחליב רחצה לפנים תה ירוק קרמה 180 מ""ל",קוסמופארם,IL,תחליב רחצה לפנים תה,מיליליטרים,180.00,"100 מ""ל",false,,13.90,0.0772,true,1,1023762
7290012117534,false,סנו - מקסימה מרכך כביסה מרוכז קול 1 ליטר,"סנו מפעלי ברונוס בע""",IL,מקסימה מרכך כביסה מר,ליטרים,1.00,ליטר,false,,17.50,17.5000,true,1,1023767
7290012117541,false,מקסימה מרכך כביסה מרוכז צהוב סנו 1 ליטר,החברה הדרומית,IL,מקסימה מרכך כביסה מר,ליטרים,1.00,ליטר,false,,17.50,17.5000,true,1,1023768
7290012117558,false,מקסימה מרכך כביסה מרוכז ורוד בניחוח מאסק סנו 1 ליטר,"סנו מפעלי ברונוס בע""",IL,מקסימה מרכך כביסה מר,ליטרים,1.00,ליטר,false,,17.50,17.5000,true,1,1023769
7290012117732,false,מקסימה מרכך כביסה ארומתרפי קול סנו 4 ליטר,"סנו מפעלי ברונוס בע""",IL,מקסימה מרכך כביסה אר,ליטרים,4.00,ליטר,false,,21.50,5.3750,true,1,1023785
7290012117916,false,אינסטלטור נוזל לפתיחת סתימות סנו 1 ליטר,"סנו מפעלי ברונוס בע""",IL,אינסטלטור נוזל לפתיח,ליטרים,1.00,ליטר,false,,26.70,26.7000,true,1,1023793
7290012191008,false,מצת למטבח,,,מצת למטבח,יח',1.00,יח',false,,9.90,9.9000,true,1,6924092
7290012191015,false,מצת למטבח,,,מצת למטבח,יח',1.00,יח',false,,8.90,8.9000,true,1,6924093
7290012193163,false,סבון נוזלי פמלי לקשרי פריחת הדובדבן 1 ל,אף.סי תבליני בגליל ב,IL,פמלי אל סבון ליטר פרחי בר,ליטרים,1.00,ליטר,false,,10.80,10.8000,true,1,1047376
7290012226021,false,נקניק סלמי מעושן פראג זוגלובק 400 גרם,נקניק נהריה כשר זוגל,IL,נקניק סלמי מעושן פרא,גרמים,400.00,100 גרם,false,,14.90,0.0373,true,1,1028106
7290012226120,false,"קבנוס 135 גרם ""זוגלובק""",נקניק נהריה כשר זוגל,IL,קבנוס זוגלובק 135 גר,גרמים,135.00,100 גרם,false,,9.90,0.0733,true,1,1028109
7290012226922,false,קבנוס בטעם שום זוגלובק 135 גרם,נקניק נהריה כשר זוגל,IL,קבנוס בטעם שום זוגלו,גרמים,135.00,100 גרם,false,,9.90,0.0733,true,1,1028116
7290012226939,false,קבנוס עם צ'ילי חריף זוגלובק 135 גרם,נקניק נהריה כשר זוגל,IL,קבנוס עם צ'ילי חריף,גרמים,135.00,100 גרם,false,,9.90,0.0733,true,1,1028117
7290012226991,false,"נקניקיות עוף באריזת ג''מבו 1.5 ק""ג זוגלובק",נקניק נהריה כשר זוגל,IL,נקניקיות באריזה ג'מב,קילוגרמים,1.50,"ק""ג",false,,26.70,17.8000,true,1,1028122
7290012227172,false,חרמן הודו בדבש וברביקיו זוג במארז 600 ג' זוגלובק,נקניק נהריה כשר זוגל,IL,מארז פסטרמה 600 ג,גרמים,600.00,100 גרם,false,,25.90,0.0432,true,1,1028130
7290012227325,false,סלמי דק דק מעושן איטלקי 120 ג' זוגלובק,זוגלובק,IL,סלמי מעושן דק דק 120,גרמים,120.00,100 גרם,false,,12.90,0.1075,true,1,4246700
7290012227592,false,פסט' חרמון כפרי וסלמי תה זוגי זוגלובק 300X2ג' מחפוד,זוגלובק,IL,זוג חרמון כפרית ותה,גרמים,700.00,100 גרם,false,,25.90,0.0370,true,1,1120088
7290012227608,false,מארז חרמון 300 גר' +חרמון ברבקיו 300ג' זוגלובק,זוגלובק,IL,זוג חרמון כפרית וברב,גרמים,600.00,100 גרם,false,,25.90,0.0432,true,1,1120089
7290012227615,false,נקניקיות עוף זוגלובק 800 ג' מחפוד,זוגלובק,IL,נקניקיות עוף 800 גר,גרמים,800.00,100 גרם,false,,23.90,0.0299,true,1,1120090
7290012227622,false,פסטרמה חרמון כפרית דבש 400גר מחפוד זוגלובק,זוגלובק,IL,חרמון כפרית דבש 400ג,גרמים,400.00,100 גרם,false,,18.90,0.0472,true,1,1120091
7290012227738,false,זוגלובק סלמי תה מעושן מחפוד 370 גרם,זוגלובק,IL,סלמי תה מעושן מחפוד,גרמים,370.00,100 גרם,false,,19.90,0.0538,true,1,1254595
7290012227769,false,פסטרמה ברביקיו מחפוד זוגלובק 400ג',זוגלובק,IL,פסטרמה ברביקיו 400ג,גרמים,400.00,100 גרם,false,,18.90,0.0472,true,1,1153432
7290012227776,false,פסטרמה הודו מחפוד 400ג זוגלובק,זוגלובק,IL,פסטרמה הודו 400ג מחפ,גרמים,400.00,100 גרם,false,,18.90,0.0472,true,1,1153433
7290012227783,false,נקניק תה מעושן מחפוד זוגלובק 400ג',זוגלובק,IL,תה מעושן 400ג מחפוד,גרמים,400.00,100 גרם,false,,17.90,0.0447,true,1,1153434
7290012227912,false,קבנוס עודן 135 ג' זוגלובק,זוגלובק,IL,קבנוס מעודן 135 ג,גרמים,135.00,100 גרם,false,,9.90,0.0733,true,1,1596303
7290012227974,false,פסטרמה הודו בדבש טהור דק דק דק,זוגלובק,IL,פסטרמה בדבש 120 גר,גרמים,120.00,100 גרם,false,,12.90,0.1075,true,1,4246701
7290012227981,false,פסטרמה דק דק ברביקיו 120 ג' זוגלובק,זוגלובק,IL,פסטרמה ברביקיו 120 ג,גרמים,120.00,100 גרם,false,,12.90,0.1075,true,1,4246702
7290012227998,false,פסטרמה דק דק חזה בקר 120 ג' זוגלובק,זוגלובק,IL,חזה בקר 120 גר,גרמים,120.00,100 גרם,false,,12.90,0.1075,true,1,4246703
7290012228001,false,"נקניקיות עוף רמי לוי 1 ק""ג",,,נקניקיות עוף רמי לוי,גרמים,1000.00,100 גרם,false,,19.90,0.0199,true,1,1882162
7290012228018,false,נקניקיות עוף 400רמי לוי גרם,,,נקניקיות עוף 400רמי,גרמים,400.00,100 גרם,false,,8.90,0.0223,true,1,1882163
7290012228025,false,מארז פסטרמה הודו +סלמי תה רמי לוי 800 גרם,,,מארז פסטרמה הודו +סל,גרמים,800.00,100 גרם,false,,19.90,0.0249,true,1,1882164
7290012228087,false,כתף בקר רמי לוי 300 גרם,,,כתף בקר רמי לוי 300,גרמים,300.00,100 גרם,false,,24.90,0.0830,true,1,1882169
7290012228124,false,קבנוס סטיקס עם נגיעות מלח ים סדרת ריינהולד'ס,זוגלובק,IL,קבנוס סטיקס 50 גר,גרמים,50.00,100 גרם,false,,8.90,0.1780,true,1,3922181
7290012228278,false,נקנקיות בוקוורסט עוף ובקר ריינהולד'ס 310 ג' זוגלובק,זוגלובק,IL,נקניקיות בוקוורסט הו,גרמים,310.00,100 גרם,false,,19.90,0.0642,true,1,2912350
7290012228285,false,פסטרמה הודו ברביקיו 300ג רמילוי,,,פסטרמה הודו ברביקיו,גרמים,300.00,100 גרם,false,,21.90,0.0730,true,1,2848856
7290012228292,false,פסטרמה על צלייה 300ג רמילוי,,,פסטרמה על צלייה 300ג,גרמים,300.00,100 גרם,false,,21.90,0.0730,true,1,2848857
7290012228315,false,פסטרמה הודו ודבש 300ג רמילוי,,,פסטרמה הודו ודבש 300,גרמים,300.00,100 גרם,false,,21.90,0.0730,true,1,2848859
7290012228407,false,"נקניקיות ג'מבו מחפוד 1.5 ק""ג",זוגלובק,IL,נקניקיות ג'מבו מחפוד,קילוגרמים,1.50,"ק""ג",false,,32.90,21.9333,true,1,6544089
7290012228421,false,פסטרמה בדבש 120ג דק דק רמילוי,,,פסטרמה בדבש 120ג דק,גרמים,120.00,100 גרם,false,,9.90,0.0825,true,1,3897714
7290012228438,false,חזה בקר 120ג דק דק רמילוי,,,חזה בקר 120ג דק דק ר,גרמים,120.00,100 גרם,false,,9.90,0.0825,true,1,3897715
7290012228445,false,קבנוס רמי לוי 135 גר,,,קבנוס 135ג רמילוי,גרמים,135.00,100 גרם,false,,7.90,0.0585,true,1,4094448
7290012228766,false,קבנוס מחפוד זוגלובק 120גרם,זוגלובק,IL,קבנוס מחפוד זוגלובק,גרמים,120.00,100 גרם,false,,9.90,0.0825,true,1,6720295
7290012228780,false,נקנקיות גמבו 1.5 קג,,,נקנקיות גמבו 1.5 קג,יח',1.00,יח',false,,29.90,29.9000,true,1,6725996
7290012245190,false,ציפס זיג זג למיקרולג רמי לוי,,,ציפס זיג זג למיקרולג,גרמים,140.00,100 גרם,false,,4.50,0.0321,true,1,6840957
7290012245275,false,"גולד ציפס בטטה קריספי 1 ק""ג",אגריסטו,BE,גולד ציפס בטטה קריספ,יח',1.00,יח',false,,24.90,24.9000,true,1,6752739
7290012295836,false,חסה לליק,,,חסה,יח',1.00,יח',false,,9.90,9.9000,true,1,6791226
7290012309939,false,חלבה מסולסלת דין שיווק 500 ג',אף.סי תבליני בגליל ב,IL,חלבה מסולסלת 500 ג,גרמים,500.00,100 גרם,false,,13.90,0.0278,true,1,1015031
7290012313141,false,מלפפון פרוס במלח A2 ק.יבנה 540ג',אף.סי תבליני בגליל ב,IL,מלפפון פרוסות במלח 3,גרמים,320.00,100 גרם,false,,6.50,0.0203,true,1,1023147
7290012313400,false,זיתים סורי מבוקעים 215 ג' יבנה,קבוצת יבנה,IL,זית סורי מבוקע 300,גרמים,300.00,100 גרם,false,,12.90,0.0430,true,1,6866079
7290012313424,false,זיתים קלמטה שלם 215 ג' יבנה,קבוצת יבנה,IL,זית קלמטה שלם 300 גר,גרמים,300.00,100 גרם,false,,12.90,0.0430,true,1,6866044
7290012313431,false,זיתים מרוקאיים יבשים 215 ג' יבנה,קבוצת יבנה,IL,זית מרוקאי 300 גר י,גרמים,300.00,100 גרם,false,,12.90,0.0430,true,1,6866081
7290012313448,false,זית מעדנייה מתובל 300 גר יבנה,קבוצת יבנה,IL,זית מעדנייה מתובל 30,גרמים,300.00,100 גרם,false,,12.90,0.0430,true,1,6866045
7290012335020,false,סוכריות סודה שעון מארז משפחתי 375 גר',גואנגדונג צאואן פוד,CN,סוכריות סודה שעון מש,גרמים,490.00,100 גרם,false,,15.90,0.0324,true,1,1019645
7290012352010,false,קרם לחות מזינה עם שמן ארגן מרוקאי לשיער יבש מאוד ופגום,נטורל פורמולה Natural Formula,IL,קרם לחות לשיער יבש ע,מיליליטרים,400.00,"100 מ""ל",false,,20.90,0.0522,true,1,1045860
7290012352034,false,"נטורל - קרם לחות עם שמן אגוז מקדמיה לשיער מתולתל 400 מ""ל",נטורל פורמולה Natural Formula,IL,קרם לחות עם שמן אגוז,מיליליטרים,400.00,"100 מ""ל",false,,20.90,0.0522,true,1,1045862
7290012367700,false,קרם גוף אינטנסיב רליף Intensive relief לעור יבש ומגורה,"ד""ר פישר Dr fischer",IL,אפקטיב קר קרם גוף שיבולת,מיליליטרים,700.00,"100 מ""ל",false,,29.70,0.0424,true,1,1044851
7290012367717,false,קרם ידיים וציפורניים Intensive relief לעור יבש ומגורה,פישר מעבדות פרמצבטיו,IL,אפקטיב קר קרם ידיים שיבול,מיליליטרים,150.00,"100 מ""ל",false,,11.90,0.0793,true,1,1044852
7290012367823,false,"ד""ר פישר - אמול לתינוק שמן רחצה טיפולי לעור יבש במיוחד 200 מ""ל","ד""ר פישר Dr fischer",,אמול שמן אמבט פורטה,מיליליטרים,200.00,"100 מ""ל",false,,34.90,0.1745,true,1,4643140
7290012404955,false,נקטר חמוציות ספרינג קולקשן 1.25 ליטר,"יפאורה תבורי בע""מ",IL,נקטר חמוציות ספרינג,ליטרים,1.25,ליטר,false,,12.00,9.6000,true,1,1021772
7290012404993,false,נקטר דיאט חמוציות ספרינג קולקשן 1.25 ליטר,"יפאורה תבורי בע""מ",IL,נקטר דיאט חמוציות ספ,ליטרים,1.25,ליטר,false,,11.50,9.2000,true,1,1021775
7290012413643,false,תה ירוק קמומיל 25 שקיקים ויסוצקי,ויסוצקי ירוק,IL,תה ירוק קמומיל,יח',1.00,יח',false,,22.90,22.9000,true,1,1027907
7290012483608,false,וילי פוד אורז בסמטי 5 קג,הנסיך- מפעל לייצור ט,IN,וילי פוד אורז בסמטי,קילוגרמים,5.00,"ק""ג",false,,49.90,9.9800,true,1,1027581
7290012522581,false,טבעול שניצל תירס ללא גלוטן טבעול 664 גרם,עיצובים 2020 (4.8),IL,שניצל תירס ללא גלוטן,גרמים,664.00,100 גרם,false,,19.90,0.0300,true,1,1020857
7290012557576,false,מסטיק ציקלט צנצנת 250 גר',,,צנצנת ציקלט 250 גר,גרמים,250.00,100 גרם,false,,12.90,0.0516,true,1,3623741
7290012557972,false,עוגיות נמסות במילוי קרם אגוזים 150 גר',,,עוגיות נמסות במילוי,גרמים,150.00,100 גרם,false,,5.70,0.0380,true,1,1509842
7290012576591,false,"יין רזרב גוורצטרמינר 750 מ""ל שביעית",יקבי ברקן שיווק והפצ,IL,"גוורצטרמינר רזרב 750 מ""ל",מיליליטרים,750.00,"100 מ""ל",false,,38.90,0.0519,true,1,1098223
7290012576607,false,"יין פרימייר אדום קברנה סובניון ומלבק 750 מ""ל","ברקן שיווק והפצה בע""",IL,פרמייר קברנה סוביניון אדו,מיליליטרים,750.00,"100 מ""ל",false,,25.80,0.0344,true,1,1057113
7290012576614,false,יין Premieur לבן חצי יבש אמרלד ריזלינג קולומברד,יקבי ברקן שיווק והפצ,IL,פרמייר אמרלד ריזלינג לבן,מיליליטרים,750.00,"100 מ""ל",false,,17.90,0.0239,true,1,1057114
7290012588242,false,"מים מינרלים מיי וואטר כדורגל מארז 500X6מ""ל",נרה קריטיס אס איי בא,GR,מים מינרליים שישייה,מיליליטרים,500.00,"100 מ""ל",false,,10.90,0.0218,true,1,4218087
7290012642678,false,אננס בכוסות פלסטיק 4*113 ג' תומר,תומר,,אננס רביעיות תומר,גרמים,452.00,100 גרם,false,,10.90,0.0241,true,1,1017039
7290012642685,false,אפרסק פירות בכוסות פלסטיק 4*113ג' תומר,תומר,,אפרסק פירות בכוסות פ,גרמים,452.00,100 גרם,false,,10.90,0.0241,true,1,1017040
7290012645020,false,"יוגורט עיזים טבעי 500 גרם ""חלב הארץ""",חלב הארץ,IL,יוגורט עיזים טבעי 50,מטרים,500.00,100 מ'ל,false,,11.50,0.0230,true,1,2310425
7290012645112,false,"יוגורט עיזים בדלי 750 גרם ""חלב הארץ""",מחלבות סוסיא,IL,יוגורט עיזים 750ג דל,מיליליטרים,750.00,"100 מ""ל",false,,17.90,0.0239,true,1,3048062
7290012645129,false,"יוגורט כבשים בדלי 750 גרם ""חלב הארץ""",מחלבות סוסיא,IL,יוגורט כבשים 750ג דל,גרמים,750.00,100 גרם,false,,17.90,0.0239,true,1,3048063
7290012645174,false,גבינת עיזים 5% חלב הארץ 200 גרם,חלב הארץ,IL,גבינת עיזים 5% 200 ג,גרמים,200.00,100 גרם,false,,12.90,0.0645,true,1,6850427
7290012645181,false,לאבנה עיזים 5% חלב הארץ 200 גרם,חלב הארץ,IL,לאבנה עיזים 5% 200 ג,גרמים,200.00,100 גרם,false,,12.90,0.0645,true,1,6850428
7290012697241,false,"סוכרזית מצמח הסטיוויה נוזל 220 מ""ל",אף.סי תבליני בגליל ב,IL,סוכרזית מהטבע סטיווי,מיליליטרים,220.00,"100 מ""ל",false,,27.90,0.1268,true,1,1018793
7290012803055,false,סוכרלוז מרמולייט- 100שקיות אישיות,תות ממתקי איכות,IL,מר' סוכרלוז 100שקיות,גרמים,100.00,100 גרם,false,,19.80,0.1980,true,1,1047392
7290012803215,false,וופל בלגי בטעם שוקולד ללא תוספת סוכר,בטר אנד דיפרנט,IL,טוסו ופל בלגי בטעם שוקולד,גרמים,200.00,100 גרם,false,,9.20,0.0460,true,1,1047400
7290012803222,false,טוסו ופל בסגנון בלגי בטעם לימון ללא תוספת סוכר 200 גרם,בטר אנד דיפרנט,IL,טוסו ופל בלגי בטעם לימון,גרמים,200.00,100 גרם,false,,9.20,0.0460,true,1,1047401
7290012803314,false,ממתיק על בסיס סוכרלוז - טבליות,מיוצר עי קונדיטוריית,IL,מר' סוכרלוז 300טבליות,יח',1.00,יח',false,,38.90,38.9000,true,1,1047403
7290012803321,false,מרמולייט סוכרלוז 200 שקיות אישיות,מרמולייט,IL,מר' סוכרלוז 200שקיות,גרמים,200.00,100 גרם,false,,39.70,0.1985,true,1,1047404
7290012803451,false,טוסו שוקולד מריר 62% מוצקי קקאו ללא תוספת סוכר 100 גרם,טוסו tusso,TR,טוסו שוקולד מריר מעולה 10,גרמים,100.00,100 גרם,false,,8.90,0.0890,true,1,1047408
7290012803765,false,טוסו שוקולד מריר ללא תוספת סוכר 100 גרם,אלטינמארקה גידה סאן,TR,טוסו שוקולד מריר 100גרם,גרמים,100.00,100 גרם,false,,8.90,0.0890,true,1,1047424
7290012803772,false,טוסו שוקולד חלב ללא תוספת סוכר 100 גרם,אלטינמארקה גידה סאן,TR,טוסו שוקולד חלב 100גרם,גרמים,100.00,100 גרם,false,,8.90,0.0890,true,1,1047425
7290012803789,false,טוסו שוקולד מריר עם אגוזים ללא תוספת סוכר 100 גרם,האי נאם סי או אל.טי.,TR,טוסו שוקולד מריר עם אגוזי,גרמים,100.00,100 גרם,false,,8.90,0.0890,true,1,1047426
7290012803796,false,טוסו שוקולד חלב עם אגוזים ללא תוספת סוכר 100 גר',אלטינמארקה גידה סאן,TR,טוסו שוקולד חלב עם אגוזים,גרמים,100.00,100 גרם,false,,8.90,0.0890,true,1,1047427
7290012823237,false,"תחליב רחצה קרמה בריזת ים 700 מ""ל",החברה הדרומית,IL,תחליב רחצה קרמה 700,מיליליטרים,700.00,"100 מ""ל",false,,16.90,0.0241,true,1,6730098
7290012823343,false,70מש.שיניים אורביטול לילדים סוכריות גלי,החברה הדרומית,IL,אורביטול לילדים ג'לי,גרמים,50.00,100 גרם,false,,7.50,0.1500,true,1,6707572
7290012823374,false,אנטי קאלק מטליות לחות לניקוי כללי סנו 50 יחידות,מיוצר עי קונדיטוריית,IL,אנטי קאלק מטליות לחו,יח',50.00,יח',false,,9.90,0.1980,true,1,1023816
7290012823381,false,מקסימה מרכך כביסה מרוכז סנסטיב בייבי סנו 1 ליטר,"סנו מפעלי ברונוס בע""",IL,מקסימה מרכך כביסה מר,ליטרים,1.00,ליטר,false,,17.50,17.5000,true,1,1023817
7290012823404,false,מטהר אוויר פרש אוטומטיק יסמין וסנדלווד,סנו פרש Fresh,,סנו פרש אוטומטיק יסמ,מיליליטרים,250.00,"100 מ""ל",false,,12.90,0.0516,true,1,1023818
7290012823541,false,ריצפז פרש מטליות לחות לרצפה בניחוח לבנדר 10 יחידות,"סנו מפעלי ברונוס בע""",IL,ריצפז פרש מטליות לחו,יח',10.00,יח',false,,10.90,1.0900,true,1,1023820
7290012823558,false,סנו סושי מטליות לחות לריצפה ענק 10 יח,סנו מפעלי ברונוס בעמ,IL,מטליות לחות לרצפה סנ,יח',10.00,יח',false,,9.90,0.9900,true,1,1023821
7290012823565,false,פוליויקס מטליות ענק לחות לפרקט סנו 10 יחידות,דינאמיק תעשיות,IL,פוליויקס מטליות ענק,יח',10.00,יח',false,,14.90,1.4900,true,1,1023822
7290012823589,false,ריצפז פרש בניחוח לימון מרענן,סנו פרש Fresh,IL,ריצפז פרש 2 לי,ליטרים,2.00,ליטר,false,,16.90,8.4500,true,1,1023824
7290012823794,false,כיף אלסבון 2ליטר יסמין לבנדר,קוסמופארם,IL,כיף אל סבון 2 ליטר,ליטרים,2.00,ליטר,false,,18.90,9.4500,true,1,1023842
7290012864001,false,נביטי חמניה 170ג',קרונוס,IL,נבטי חמניה,יח',1.00,יח',false,,7.90,7.9000,true,1,1032184
7290012864025,false,מיקס אלפלפא חמניה,קרלסברג יבוא יצוא,IL,אלפלפא,יח',1.00,יח',false,,5.90,5.9000,true,1,1032185
7290012868115,false,"מהודר קמח כוסמין מלא 1 ק""ג",מהודר,,מהודר קמח כוסמין מלא,קג,1.00,קג,false,,17.90,17.9000,true,1,1033891
7290012868122,false,"מהודר קמח לבן מנופה 1 ק""ג",מהודר,,מהודר קמח לבן מנופה,קילו,1.00,קילו,false,,5.90,5.9000,true,1,1033892
7290012868689,false,קמח כוסמין לבן - מהו,,,קמח כוסמין לבן,יח',1.00,יח',false,,19.90,19.9000,true,1,6744270
7290012868719,false,קמח כוסמין 70%,,,קמח כוסמין 70%,יח',1.00,יח',false,,18.90,18.9000,true,1,6872719
7290012901355,false,דודלס ארוחת אטריות עם גבינה 206 גרם,האי נאם סי או אל.טי.,US,מקרוני עם גבינה 206,גרמים,206.00,100 גרם,false,,10.90,0.0529,true,1,1126935
7290012901959,false,ארוחת אטריות עם גבינה מסולסלים 156 גרם,,US,מקרוני אנד ג'ייזס מס,גרמים,156.00,100 גרם,false,,10.90,0.0699,true,1,6912381
7290012921025,false,"בקבוק בירה מלכה בהירה 330 מ""ל","בירה מלכה בע""מ",IL,בירה מלכה בהירה,מיליליטרים,330.00,"100 מ""ל",false,,12.90,0.0391,true,1,1069976
7290012921032,false,"בקבוק בירה מלכה אדמונית 330 מ""ל","איי, בי, אינבוו",IL,בירה מלכה אדמונית,מיליליטרים,330.00,"100 מ""ל",false,,12.90,0.0391,true,1,1069977
7290012921056,false,"בקבוק בירה מלכה חיטה 330 מ""ל",מבשלת בירה ישראלית,IL,בירה מלכה חיטה,מיליליטרים,330.00,"100 מ""ל",false,,12.90,0.0391,true,1,1069978
7290012929779,false,פסטה ספירלה מקמח מלא טעמן 500 ג',מוטלו,TR,טעמן פסטה פוזילי חיט,גרמים,500.00,100 גרם,false,,3.90,0.0078,true,1,1019733
7290012936838,false,תבלין הל טחון תבליני מימון 35 גרם,א.ל ייצור ושיווק תבל,IL,הל טחון35 גרם,גרמים,35.00,100 גרם,false,,14.90,0.4257,true,1,1012109
7290012936890,false,תבלינים קצח בצנצנות זכוכית 50 גרם,א.ל ייצור ושיווק תבל,IL,קצח 50 גרם,גרמים,50.00,100 גרם,false,,11.50,0.2300,true,1,1012115
7290012936937,false,תבלינים בהרט בצנצנת 40 גרם,א.ל ייצור ושיווק תבל,IL,בהרט 40 גרם,גרמים,50.00,100 גרם,false,,11.50,0.2300,true,1,1012119
7290012936944,false,אגוז מוסקט טחון 40 גרם תבליני מימון,א.ל ייצור ושיווק תבל,IL,אגוז מוסקט טחון 40 גרם -,גרמים,40.00,100 גרם,false,,14.50,0.3625,true,1,1012120
7290012938405,false,"רדיד אלומיניום עבה במיוחד לבישול,אפייה והקפאה.",ריינולדס,US,רדיד אלומיניום רחב רוחב 4,אורך,7.60,אורך,false,,16.90,2.2237,true,1,1035843
7290012938580,false,"סנסודיין משחת שיניים להלבנה עדינה 75 מ""ל",גלקסוסמית'קליין קונס,GB,סנסודיין הלבנה עדינה 75 מ,מטרים,75.00,100 מ'ל,false,,21.90,0.2920,true,1,1035846
7290012938597,false,"סנסודיין משחת שיניים רפיד רליף 75 מ""ל","סמיתקליין ביצ'ם בע""מ",SK,סנסודיין רפיד רליף 75 מ'',מטרים,75.00,100 מ'ל,false,,23.90,0.3187,true,1,1035847
7290012938740,false,"משחת שיניים פרש מינט מנטה 75מ""ל סנסודיין",גלקסו סמית קליין,GB,"סנסודיין פרש מינט 75 מ""ל",מטרים,75.00,100 מ'ל,false,,21.90,0.2920,true,1,1035851
7290012938924,false,אקוהפרש מי פה ללא אלכוהול 500 מל,מולינו ניקולי s.p.a,GB,"א.פרש מי פה 500 מ""ל",מיליליטרים,500.00,"100 מ""ל",false,,19.70,0.0394,true,1,1035858
7290012969140,false,רדיד עובי משופר30 זוג,,,רדיד אלומניום 7.5 זו,יח',1.00,יח',false,,9.90,9.9000,true,1,6862061
7290012982262,false,בשר שריר חלק מס'8,,,בשר שריר חלק מס'8,קילוגרמים,1.00,"ק""ג",true,,36.90,36.9000,true,1,6848067
7290012982279,false,בשר 8 קפוא חלק,,,בשר 8 קפוא חלק,קילוגרמים,1.00,"ק""ג",true,,37.90,37.9000,true,1,6887270
7290012983153,false,סילאן טבעי בקבוק לחיץ תמר כנרת 400 גר,מנדלז סי.אר. פרודקשן,IL,סילאן כנרת 400 גר לח,גרמים,400.00,100 גרם,false,,16.80,0.0420,true,1,1013192
7290012983276,false,סילאן תמרים כנרת 900 ג',תמר כנרת,,סילאן כנרת 900 גרם,גרמים,900.00,100 גרם,false,,12.80,0.0142,true,1,1187812
7290012996672,false,סבון אסלה + בושם ל24 שעות ביום הפי,יוליניבר,IT,סבון אסלה מבושם יעקב,יח',2.00,יח',false,,7.90,3.9500,true,1,1026536
7290013027399,false,לחם קמח מלא קל בתוספת שיפון 750 ג' אנג'ל,מאפיית שלמה א. אנג'ל,IL,לחם קל פרוס 100% קמח,גרמים,750.00,100 גרם,false,,12.90,0.0172,true,1,1017586
7290013083661,false,"מטרנה אקסטרה קר שלב 1 חסכון 700 גרם תמ""ל",מטרנה תעשיות ש.מ,IL,תחליף חלב אקסטרה קר,גרמים,700.00,100 גרם,false,,58.90,0.0841,true,1,1020879
7290013083678,false,תחליף חלב אקסטרה קר שלב 2 מטרנה 700 גרם,מולינו ניקולי s.p.a,IL,תחליף חלב אקסטרה קר,גרמים,700.00,100 גרם,false,,58.90,0.0841,true,1,1020880
7290013083685,false,תחליף חלב אקסטרה קר שלב 3 מטרנה 700 גרם,מטרנה תעשיות ש.מ,IL,תחליף חלב אקסטרה קר,גרמים,700.00,100 גרם,false,,58.90,0.0841,true,1,1020881
7290013117212,false,בורקס פילו במילוי גבינה מעדנות 600 גר,מיוצר עי קונדיטוריית,IL,בורקס פילו במילוי גבינה מ,גרמים,600.00,100 גרם,false,,18.90,0.0315,true,1,1015662
7290013117229,false,"בורקס פילו במילוי תפו""א מעדנות 600 גר",מיוצר עי קונדיטוריית,IL,"בורקס פילו במילוי תפו""א מ",גרמים,600.00,100 גרם,false,,18.90,0.0315,true,1,1015663
7290013117236,false,בורקס פילו פיצה מעדנות 600 גרם,מיוצר עי קונדיטוריית,IL,בורקס פילו פיצה 600 גר,גרמים,600.00,100 גרם,false,,18.90,0.0315,true,1,1015664
7290013117243,false,בורקס פילו בולגרית מעדנות 600 גרם,מיוצר עי קונדיטוריית,IL,בורקס פילו בולגרית 600 גר,גרמים,600.00,100 גרם,false,,18.90,0.0315,true,1,1015665
7290013117410,false,בצק פריך מרודד למאפים מתוקים 900 ג' מעדנות,מיוצר עי קונדיטוריית,IL,בצק פריך מתוק 900 גר מעדנ,גרמים,900.00,100 גרם,false,,19.90,0.0221,true,1,1015668
7290013117427,false,בצק פריך מרודד למאפים מלוחים מעדנות 2*450 גרם,מיוצר עי קונדיטוריית,IL,בצק פריך מלוח 900 גר מעדנ,גרמים,900.00,100 גרם,false,,19.90,0.0221,true,1,1015669
7290013117526,false,בצק שמרים מרודד למאפים מתוקים מעדנות 900 גרם,"מעדנות בע""מ",IL,בצק שמרים למאפים מתוקים 9,גרמים,900.00,100 גרם,false,,19.90,0.0221,true,1,1015674
7290013121103,false,רביעיית שליש בגט ללא גלוטן 400 גר,אביב קונדיטוריה מעול,IL,שליש באגט 4 יחידות ל,יח',1.00,יח',false,,17.70,17.7000,true,1,1026653
7290013121127,false,לחמניות מיני ללא גלוטן 420 גר קפוא,אביב קונדיטוריה מעול,IL,לחמניות מיני 420 גרם,גרמים,420.00,100 גרם,false,,17.70,0.0421,true,1,1026655
7290013121134,false,בייגל ללא גלוטן 430 גר קפוא,אביב קונדיטוריה מעול,IL,בייגל אמריקאי 430 גר,גרמים,430.00,100 גרם,false,,19.70,0.0458,true,1,1026656
7290013121158,false,רביעיית לחמניות סנדביץ 460 גרם ללא גלוטן,אביב קונדיטוריה מעול,IL,רביעיית לחמניות סנדב,גרמים,460.00,100 גרם,false,,17.70,0.0385,true,1,1059582
7290013121165,false,שישיית לחמניות ללא גלוטן 460 גר קפוא,אביב קונדיטוריה מעול,IL,לחמניות נקניקיה 6 יח,100 יח,460.00,100 יח,false,,17.70,0.0385,true,1,1206697
7290013121189,false,רביעיית שליש לחמניות כפריות,,,רביעיית שליש לחמניות,יחידה,0.00,יחידה,false,,22.90,0.0000,true,1,6899362
7290013121394,false,גרינלייט לחם צרפתי גרעיני 500ג,,IL,גרינלייט לחם צרפתי ג,גרמים,500.00,100 גרם,false,,18.90,0.0378,true,1,6819724
7290013121684,false,כדורי שוקולד 400 גרם ללא גלוטן,אביב קונדיטוריה מעול,IL,כדורי שוקולד 400 גרם,גרמים,400.00,100 גרם,false,,25.70,0.0642,true,1,1026678
7290013121691,false,שלישיית לאפות ללא גלוטן 240 גר,"גרין לייט פוד בע""מ",IL,לאפות ללא גלוטן 3* 8,גרמים,240.00,100 גרם,false,,17.70,0.0737,true,1,6819726
7290013121769,false,רביעיית שליש באגט ללא תוספת סוכר וללא גלוטן,אביב קונדיטוריה מעול,IL,באגט שליש ללא תוספת,גרמים,400.00,100 גרם,false,,17.70,0.0442,true,1,1206700
7290013121776,false,לחם כפרי ללא תוספת סוכר וללא גלוטן,אביב קונדיטוריה מעול,IL,"לחם כפרי ללת""ס ולל""ג",גרמים,700.00,100 גרם,false,,18.90,0.0270,true,1,1026683
7290013144157,false,סחלב מימונס אינסטנט,מיוצר עי קונדיטוריית,IL,סחלב 130 גרם,גרמים,130.00,100 גרם,false,,9.90,0.0762,true,1,1039042
7290013144171,false,"תערובת עוגת שוקולד 560 גרם ""מיימונס""",מיוצר עי קונדיטוריית,IL,תערובת עוגת שוקולד,גרמים,560.00,100 גרם,false,,16.90,0.0302,true,1,1039044
7290013144188,false,מימונס תערובת להכנת בראוניז 600 גרם,א.ל ייצור ושיווק תבל,IL,תערובת בראוניס,גרמים,600.00,100 גרם,false,,16.90,0.0282,true,1,1039045
7290013144195,false,מיימונס תערובת כדורי שוקולד 500 גרם.,מיוצר עי קונדיטוריית,IL,תערובת כדורי שוקולד,גרמים,500.00,100 גרם,false,,16.90,0.0338,true,1,1039046
7290013144218,false,מיימונס תערובת עוגת וניל 560 גרם.,מיוצר עי קונדיטוריית,IL,תערובת עוגת וניל,גרמים,560.00,100 גרם,false,,16.90,0.0302,true,1,1039048
7290013144232,false,מיימונס פודינג בטעם וניל 80 גרם,מיוצר עי קונדיטוריית,IL,פודינג וניל 85 גרם,גרמים,80.00,100 גרם,false,,4.90,0.0613,true,1,1039050
7290013144263,false,תערובת להכנת מלבי 11,א.ל ייצור תבלינים בע,IL,מלבי,גרמים,100.00,100 גרם,false,,9.90,0.0990,true,1,1039053
7290013144270,false,תערובת להכנת קרם פטיסייר מיימונס 100 גרם,מיוצר עי קונדיטוריית,IL,קרם פטיסייר 100 גרם,גרמים,100.00,100 גרם,false,,9.90,0.0990,true,1,1039054
7290013144317,false,מימונס ג'וני גלילית וופל למילוי 18 יחידות,הגביע מוצרי וופלים ב,IL,ג'וני - גלילית וופל למילו,יח',18.00,יח',false,,21.90,1.2167,true,1,1039058
7290013144409,false,"תמצית בטעם רום מימונס 50 מ""ל",מיוצר עי קונדיטוריית,IL,תמצית בטעם רום 50 גרם,גרמים,50.00,100 גרם,false,,4.50,0.0900,true,1,1039066
7290013144416,false,"תמצית בטעם שקדים מימונס 50 מ""ל",מיוצר עי קונדיטוריית,IL,תמצית שקדים 50 גרם,גרמים,50.00,100 גרם,false,,4.50,0.0900,true,1,1039067
7290013144447,false,"תמצית בטעם תפוז מימונס 50 מ""ל",מימונס אפייה,IL,תמצית בטעם תפוז,מטרים,50.00,100 מ'ל,false,,9.90,0.1980,true,1,1039070
7290013144508,false,"תמצית בטעם ורדים מיימונס 50 מ""ל",מיוצר עי קונדיטוריית,IL,תמצית בטעם ורדים,מטרים,50.00,100 מ'ל,false,,8.90,0.1780,true,1,1039076
7290013144522,false,מימונס צבע מאכל ירוק 50 גרם,מיוצר עי קונדיטוריית,IL,צבע מאכל ירוק 50 גרם,גרמים,50.00,100 גרם,false,,3.90,0.0780,true,1,1039078
7290013144539,false,מימונס צבע מאכל אדום 50 גרם,מיוצר עי קונדיטוריית,IL,צבע מאכל אדום 50 גרם,גרמים,50.00,100 גרם,false,,4.30,0.0860,true,1,1039079
7290013144560,false,מיימונס צבע מאכל כחול 50 גרם,מיוצר עי קונדיטוריית,IL,צבע מאכל כחול 50 גרם,גרמים,50.00,100 גרם,false,,3.90,0.0780,true,1,1039082
7290013144614,false,"מיימונס סירופ מייפל אמיתי 100% מקנדה 236 מ""ל",הנסיך- מפעל לייצור ט,CA,סירופ מייפל אמיתי 100% מק,מיליליטרים,236.00,"100 מ""ל",false,,29.90,0.1267,true,1,1039086
7290013144751,false,מימונס סירופ בטעם מייפל 500 מל,מימונס אפייה,IL,סירופ בטעם מייפל 500 גרם,גרמים,500.00,100 גרם,false,,13.90,0.0278,true,1,1097033
7290013144768,false,סירופ בטעם שוקולד מימונס 500ג',מימונס אפייה,IL,סירופ בטעם שוקולד 500 גרם,גרמים,500.00,100 גרם,false,,13.90,0.0278,true,1,1097034
7290013144805,false,אבקת אייס קפה דיאט 320 גרם מימונס,מימונס אפייה,IL,אייס קפה לייט 300 ג,גרמים,300.00,100 גרם,false,,19.90,0.0663,true,1,6876222
7290013144812,false,אבקת אייס קפה וניל 320 גרם מימונס,מימונס אפייה,IL,אייס בטעם וניל 300 ג,גרמים,300.00,100 גרם,false,,17.90,0.0597,true,1,6876223
7290013144911,false,מימונס מיקס שוקולד צ'יפס מריר וחלב 250 גרם,מימונס אפייה,IL,מיקס שוקולד ציפס מרי,יח',1.00,יח',false,,14.90,14.9000,true,1,6858224
7290013144980,false,תרסיס שמן קנולה מימונס 170 גרם,מולינו ניקולי s.p.a,FI,מימונס תרסיס שמן קנו,גרמים,170.00,100 גרם,false,,15.90,0.0935,true,1,1222752
7290013145017,false,אגוז מלך קלוף מיימונס 100 גרם,מימונס אפייה,IL,אגוז מלך קלוף,גרמים,100.00,100 גרם,false,,12.10,0.1210,true,1,1039099
7290013145031,false,אגוזי לוז מסוכרים מיימונס 100 גרם,מיוצר עי קונדיטוריית,IL,ברס- אגוזי לוז מסוכרים 10,גרמים,100.00,100 גרם,false,,11.90,0.1190,true,1,1039101
7290013145048,false,מיימונס צנוברים 100 גרם,מימונס,IL,צנוברים,גרמים,100.00,100 גרם,false,,26.90,0.2690,true,1,1039102
7290013145062,false,"סירופ מייפל אמיתי 100% מימונס 187 מ""ל",מימונס אפייה,,סירופ מייפל אמיתי 10,מיליליטרים,187.00,"100 מ""ל",false,,19.90,0.1064,true,1,2829838
7290013145109,false,מיימונס שקד מולבן טחון 100 גרם,מימונס אפייה,IL,שקד מולבן טחון,גרמים,100.00,100 גרם,false,,12.90,0.1290,true,1,1039107
7290013145116,false,מיימונס שקד מולבן מקלות 100 גרם.,מימונס אפייה,IL,שקד מולבן מקלות,גרמים,100.00,100 גרם,false,,12.90,0.1290,true,1,1039108
7290013145123,false,מיימונס שקד מולבן פרוס 100 גרם,מימונס אפייה,IL,שקד מולבן פרוס,גרמים,100.00,100 גרם,false,,12.90,0.1290,true,1,1039109
7290013145178,false,קוקוס טחון לבן מיימונס 100 גרם,מימונס אפייה,IL,קוקוס טחון לבן,גרמים,100.00,100 גרם,false,,4.50,0.0450,true,1,1039114
7290013145192,false,שומשום מיימונס 100 גרם,מימונס אפייה,IL,שומשום,גרמים,100.00,100 גרם,false,,4.60,0.0460,true,1,1039116
7290013145215,false,שומשום מימונס 400 גרם,מיוצר עי קונדיטוריית,IL,שומשום 400 גרם,גרמים,400.00,100 גרם,false,,13.90,0.0348,true,1,1039118
7290013145277,false,עלים לקרמשניט 300 גר מימונס,מימונס אפייה,IL,עלים לקרמשניט 300 גר,גרמים,300.00,100 גרם,false,,15.90,0.0530,true,1,3189982
7290013145406,false,שוקולד צ'יפס לבן מיימונס 250 גרם,אינטרגטה תעשיות מזון,IL,שוקולד צ'יפס לבן,גרמים,250.00,100 גרם,false,,9.90,0.0396,true,1,1039133
7290013145437,false,שוקולד מריר מעולה ציפס מימונס 250 ג',הנסיך- מפעל לייצור ט,IL,שוקולד צ'יפס 48%,גרמים,250.00,100 גרם,false,,12.90,0.0516,true,1,1039136
7290013145444,false,שוקולד מריר מעולה ציפס 66% מימונס 250 ג',המאפיה של הרמן,IL,שוקולד צ'יפס 66%,גרמים,250.00,100 גרם,false,,14.90,0.0596,true,1,1077061
7290013145451,false,אבקת קקאו מימונס 150 ג',מיוצר עי קונדיטוריית,IL,"קקאו דל שומן 10-12% , 15",גרמים,150.00,100 גרם,false,,8.90,0.0593,true,1,1164480
7290013145536,false,סוכריות לקישוט בטעם שוקולד מיימונס 85 גרם,מימונס אפייה,IL,סוכריות בטעם שוקולד לקישו,גרמים,85.00,100 גרם,false,,5.50,0.0647,true,1,1039140
7290013145567,false,מיימונס מיני מיני עדשים 90 גרם.,מיוצר עי קונדיטוריית,IL,מיני מיני עדשים 90 גרם,גרמים,90.00,100 גרם,false,,10.50,0.1167,true,1,1039143
7290013145574,false,מיימונס ערכה לקישוט 100 גרם,א.ל ייצור ושיווק תבל,IL,ערכה לקישוט (מזרה עיגולים,גרמים,100.00,100 גרם,false,,10.80,0.1080,true,1,1039144
7290013145628,false,מימונס סוכריות צבעוניות לקישוט 200 גרם,א.ל ייצור ושיווק תבל,IL,סוכריות צבעוניות לקישוט 2,גרמים,200.00,100 גרם,false,,8.90,0.0445,true,1,1069951
7290013145642,false,"תמצית וניל טהור 30 מ""ל",,,תמצית וניל טהור 30 מ,מטרים,30.00,100 מ'ל,false,,28.90,0.9633,true,1,6826819
7290013145710,false,מיימונס דובדבנים מסוכרים 100 גרם,מיוצר עי קונדיטוריית,IL,דובדבנים מסוכרים,גרמים,100.00,100 גרם,false,,9.60,0.0960,true,1,1039148
7290013145833,false,פודינג שוקולד אמיתי מימונס 95 ג',א.ל ייצור ושיווק תבל,IL,פודינג שוקולד בלגי 95 גרם,גרמים,95.00,100 גרם,false,,4.90,0.0516,true,1,1164516
7290013145840,false,סוכר וניל מיימונס 10 יחידות,מיוצר עי קונדיטוריית,IL,סוכר וניל 10 יח' בצלופן,גרמים,116.00,100 גרם,false,,2.20,0.0190,true,1,1039156
7290013145857,false,אבקת אפיה מיימונס 10 יחידות,מימונס אפייה,IL,אבקת אפיה 10 יח' בצלופן,גרמים,10.00,100 גרם,false,,2.20,0.2200,true,1,1039157
7290013145901,false,סודה לשתיה מיימונס 100 גרם,מימונס אפייה,IL,סודה לשתיה,גרמים,50.00,100 גרם,false,,1.90,0.0380,true,1,1039162
7290013145956,false,שמרים יבשים בוואקום מיימונס 500 גרם,הנסיך- מפעל לייצור ט,CN,שמרים יבשים בואקום 500 גר,גרמים,500.00,100 גרם,false,,12.90,0.0258,true,1,1039167
7290013145963,false,שמרים יבשים בוואקום מיימונס 125 גרם,מימונס אפייה,CN,שמרים יבשים בואקום 125 גר,גרמים,125.00,100 גרם,false,,5.50,0.0440,true,1,1039168
7290013145970,false,קורנפלור מימונס בשקית 200 ג',א.ל ייצור ושיווק תבל,IL,קורנפלור בשקית 200 גרם,גרמים,200.00,100 גרם,false,,3.90,0.0195,true,1,1112940
7290013146014,false,מלית אוכמניות 70% פרי מיימונס 400 גרם,אינטרגטה,IL,מלית אוכמניות 70% פרי,גרמים,400.00,100 גרם,false,,15.90,0.0398,true,1,1039170
7290013146083,false,מיימונס מלית חלבה 400 גרם,אינטרגטה תעשיות מזון,IL,מלית חלבה,גרמים,400.00,100 גרם,false,,15.90,0.0398,true,1,1039175
7290013146199,false,מלית קרם נוגט 350 גרם מימונס,הנסיך- מפעל לייצור ט,IL,קרם נוגט,גרמים,350.00,100 גרם,false,,12.90,0.0369,true,1,1085294
7290013146267,false,"פודינג בטעם וניל שקית מימונס 1 ק""ג",,,פודינג בטעם וניל שקי,גרמים,1000.00,100 גרם,false,,20.90,0.0209,true,1,6774456
7290013146274,false,מארז תחתיות מרנג 8 יחידות 100 גרם,סטולורגן - פארק תעשי,IL,תחתיות מרנג,יח',1.00,יח',false,,19.90,19.9000,true,1,6549562
7290013146304,false,קורנפלור 500 גרם מימונס.,מימונס אפייה,IL,קורנפלור 500 גר.,גרמים,500.00,100 גרם,false,,6.50,0.0130,true,1,3189983
7290013146403,false,סירופ בטעם קרמל מלוח מימונס 500 גרם,מימונס אפייה,IL,סירופ קרמל מלוח,יח',1.00,יח',false,,16.90,16.9000,true,1,6183416
7290013146427,false,מיני מרנג בצבע לבן מימונס 60 ג',"מימונס אפיה בע""מ",IL,מיני מרנג צבע לבן 60,יח',1.00,יח',false,,14.90,14.9000,true,1,6706618
7290013146489,false,קונוסים מבצק עלים מימונס 120 ג',מימונס אפייה,IT,קונוסים מבצק עלים 12,יח',1.00,יח',false,,14.90,14.9000,true,1,6774457
7290013146663,false,סוכריות קונפטי לקישוט מימונס 55 ג',"מימונס אפיה בע""מ",IL,אטריות צבעוניות לקיש,יח',1.00,יח',false,,10.90,10.9000,true,1,6690441
7290013146670,false,סוכריות לב סגול ורוד לבן לקישוט 60 גרם,"מימונס אפיה בע""מ",IL,סוכריות לב בצבעים לק,יח',1.00,יח',false,,10.90,10.9000,true,1,6690442
7290013146724,false,אבקת אייס קפה 350 גרם מימונס,מימונס אפייה,IL,אייס קפה להכנה ביתית,גרמים,350.00,100 גרם,false,,17.90,0.0511,true,1,6798141
7290013146755,false,מימונס קצפת מעולה 24% 500מל,,IL,מימונס קצפת מעולה 24,מיליליטרים,500.00,"100 מ""ל",false,,13.90,0.0278,true,1,6775732
7290013146762,false,מימונס קצפת מעולה 24% מעודנת 200מל,,IL,מימונס קצפת מעולה 24,מיליליטרים,200.00,"100 מ""ל",false,,6.90,0.0345,true,1,6775733
7290013146816,false,אבקת סוכר מימונס 500 ג',א.ל ייצור ושיווק תבל,IL,אבקת סוכר שקית 500 ג,גרמים,500.00,100 גרם,false,,6.90,0.0138,true,1,5874661
7290013146854,false,קוקוס לבן טחון מימונס 400 ג',מימונס אפייה,IL,קוקוס לבן 400 גרם,גרמים,400.00,100 גרם,false,,14.90,0.0373,true,1,1039184
7290013153395,false,פריגת סחוט טרי רימונים 1ליטר,פריגת מצוננים,IL,פריגת סחוט רימונים 1,ליטרים,1.00,ליטר,false,,21.90,21.9000,true,1,1191739
7290013153418,false,פריגת סחוט לימונענע 1 ליטר,פריגת מצוננים,IL,סחוט לימונענע 1 ליטר,ליטרים,1.00,ליטר,false,,15.90,15.9000,true,1,1231192
7290013153593,false,מיץ תפוזים מתקתק 1 ליטר,"גת גבעת חיים,",IL,מיץ תפוזים 100% 1לי,ליטרים,1.00,ליטר,false,,10.90,10.9000,true,1,3154650
7290013215017,false,פטריות זוגות חוות השמפניון,אראל תוצרת חקלאית בע,IL,פטריות זוגות חוות הש,גרמים,500.00,100 גרם,false,,15.90,0.0318,true,1,1032195
7290013261014,false,גבינה קשה 22% סן פולין מכבי 200 גרם,ארצינו,,גבינה קשה 22% סן פול,גרמים,200.00,100 גרם,false,,31.90,0.1595,true,1,1038824
7290013261038,false,*מבצע* גבינת קממבר ל,פרומגרי גילו,FR,גבינת קממבר מכבי 20%,גרמים,250.00,100 גרם,false,,34.90,0.1396,true,1,1066881
7290013261052,false,גבינת גרויר 250 גרם,פרומגרי ליס דהור אוב,FR,גבינת גרויר 28%,גרמים,250.00,100 גרם,false,,42.90,0.1716,true,1,6787810
7290013267665,false,מאגדת מיני סולרו פירות טרופי 6 יח' 354 ג',"מיוצר ע""י גלידת שטרא",IL,מאגדת שלגוני מיני סו,גרמים,354.00,100 גרם,false,,19.50,0.0551,true,1,1031612
7290013268020,false,מקסימה מרכך כביסה מרוכז בניחוח אולטרא פרש סנו 1 ליטר,"סנו מפעלי ברונוס בע""",IL,מקסימה מרכך כביסה מר,ליטרים,1.00,ליטר,false,,17.50,17.5000,true,1,1023853
7290013268037,false,מקסימה מרכך כביסה מרוכז בניחוח לבנדר פצ'ולי סנו 1 ליטר,"איי, בי, אינבוו",IL,מקסימה מרכך כביסה מר,ליטרים,1.00,ליטר,false,,17.50,17.5000,true,1,1023854
7290013268242,false,תרכיז ריחני לניקוי רצפות בריח מלון מפנק ריצפז פרש,"סנו מפעלו ברונוס בע""",IL,ריצפז פרש הום 2 לי,ליטרים,2.00,ליטר,false,,19.80,9.9000,true,1,6563512
7290013268372,false,פוליויקס נוזל לניקוי פרקט סנו 2 ליטר,סנו פוליויקס,IL,פוליויקס נוזל לניקוי,ליטרים,2.00,ליטר,false,,19.90,9.9500,true,1,6708655
7290013268884,false,"נוזל רצפות מאסק 2 ליטר ""ריצפז פרש""",מיוצר עי קונדיטוריית,IL,ריצפז פרש 2 ליטר בני,ליטרים,2.00,ליטר,false,,16.90,8.4500,true,1,1023901
7290013268891,false,אוקסיג'ן ג'ל ללא אקונומיקה עם חמצן פעיל סנו 3 ליטר,"סנו מפעלי ברונוס בע""",IL,אוקסיג'ן ג'ל ללא אקו,ליטרים,3.00,ליטר,false,,28.90,9.6333,true,1,1023902
7290013268907,false,ג'ל כביסה ביו בטמפרטורות נמוכות,"סנו מפעלי ברונוס בע""",IL,מקסימה ג'ל כביסה ביו,ליטרים,3.00,ליטר,false,,28.90,9.6333,true,1,1023903
7290013268914,false,סנו מקסימה ג'ל כביסה סמארט 3 ל',סנו מקסימה,IL,סנו ג'ל מקסימה חכמה,ליטרים,3.00,ליטר,false,,29.90,9.9667,true,1,3645694
7290013268983,false,מרכך כביסה סופר מרוכז בבישום עוצמתי סנו מקסימה 1 ל',"סנו מפעלי ברונוס בע""",IL,מקסימה מרכך כביסה מר,מטרים,1000.00,100 מ'ל,false,,17.50,0.0175,true,1,6789645
7290013268990,false,סנו - מקסימה מרכך כביסה מרוכז ביו 1 ליטר,"סנו מפעלי ברונוס בע""",IL,מרכך כביסה מרוכז לבן,ליטרים,1.00,ליטר,false,,17.50,17.5000,true,1,1023907
7290013269003,false,מרכך כביסה סופר מרוכז בייבי לתינוקות ולעור רגיש,"סנו מפעלי ברונוס בע""",IL,מקסימה מרכך כביסה מר,ליטרים,1.00,ליטר,false,,17.50,17.5000,true,1,1023908
7290013269157,false,"מרכך ומבשם מקסימה למייבש לבנדר 750 מ""ל סנו",סנו מקסימה,,סנו מקסימה לבנדר מרכ,מיליליטרים,750.00,"100 מ""ל",false,,16.30,0.0217,true,1,1023917
7290013269263,false,ג'ל כביסה מרוכז מקסימה בבישום קריסטל נואר,סנו מפעלי ברונוס בעמ,IL,מקסימה ג'ל כביסה קרי,ליטרים,3.00,ליטר,false,,28.90,9.6333,true,1,1023922
7290013269287,false,סנו - מקסימה ג'ל כביסה מרוכז מאסק 3 ליטר,"סנו מפעלי ברונוס בע""",IL,מקסימה ג'ל כביסה מאס,ליטרים,3.00,ליטר,false,,28.90,9.6333,true,1,1023924
7290013269300,false,ניילון נצמד + לשימוש במיקרוגל,"מיוצר בהונג קונג, סי",CN,ניילון נצמד 150 מ סנ,יח',150.00,יח',false,,20.90,0.1393,true,1,1023926
7290013269348,false,K3 תחנת פיתיון קוטל תיקנים (ג'וקים) בבית ובחצר,טרופיקל דגיל תעשיות,IL,סנו K3 תחנת פיתיון ל,יח',1.00,יח',false,,39.90,39.9000,true,1,6180256
7290013269621,false,ריצפז פרש לניקוי רצפות בניחוח מלון בוטיק,מיוצר עי קונדיטוריית,IL,ריצפז פרש הום 2 לי,ליטרים,2.00,ליטר,false,,19.80,9.9000,true,1,5405385
7290013269638,false,ספוג הפלא אקסטרה Extra- מארז 6 יח',החברה הדרומית,IL,סנו סושי ספוג הפלא א,יח',6.00,יח',false,,9.70,1.6167,true,1,1057971
7290013269645,false,ריצפז פרש מטליות לחות לריצפה בניחוח מאסק 10 יחידות,סנו מפעלי ברונוס בעמ,IL,ריצפז פרש מטליות לחו,יח',10.00,יח',false,,10.90,1.0900,true,1,1023936
7290013269652,false,פוליויקס נוזל לניקוי רצפות גרניט פורצלן סנו 2 ליטר,סנו פוליויקס,IL,פוליויקס נוזל לניקוי,ליטרים,2.00,ליטר,false,,14.90,7.4500,true,1,1023937
7290013269850,false,סנו - סושי נייר אפיה אקולוגי 50 יח',מולינו ניקולי s.p.a,IL,נייר אפיה אקולוגי סנ,יח',50.00,יח',false,,13.90,0.2780,true,1,1023945
7290013269867,false,סנו סושי זוג מפות אירוח צבעים שונים,מיוצר עי קונדיטוריית,IL,סנו סושי זוג מפות אי,יח',2.00,יח',false,,9.90,4.9500,true,1,1023946
7290013269911,false,"סנו K-333 קוטל חרקים ללא ריח 750מ""ל","סנו מפעלי ברונוס בע""",IL,סנו K333 נוזלי,מיליליטרים,750.00,"100 מ""ל",false,,26.90,0.0359,true,1,1023949
7290013276124,false,"בקבוק בירה נגב אמבר אייל 330 מ""ל","איי, בי, אינבוו",IL,בקבוק בירה נגב אמבר,מיליליטרים,330.00,"100 מ""ל",false,,12.90,0.0391,true,1,5757629
7290013276131,false,"בקבוק בירה נגב פורטר אלון 330 מ""ל",,,בקבוק בירה נגב פורטר,מיליליטרים,330.00,"100 מ""ל",false,,12.90,0.0391,true,1,5748886
7290013284112,false,פריניר זית חרוזית יר,פריניר ( הדס 1987) ב,IL,זיתים חרוזית ירוק 56,גרמים,560.00,100 גרם,false,,6.90,0.0123,true,1,1025245
7290013284136,false,מלפפונים פריניר במלח,פריניר,,מלפפון במלח 7-9 560,גרמים,560.00,100 גרם,false,,5.30,0.0095,true,1,1025247
7290013284143,false,מלפפונים פריניר במלח,פריניר,,מלפפון במלח 10-12 32,גרמים,320.00,100 גרם,false,,6.40,0.0200,true,1,1025248
7290013284150,false,מלפפונים פריניר במלח,פריניר,,מלפפון במלח 13-17 32,גרמים,320.00,100 גרם,false,,6.40,0.0200,true,1,1025249
7290013284167,false,מלפפונים פריניר במלח,פרי ניר,,מלפפון במלח 18-25 56,גרמים,560.00,100 גרם,false,,8.90,0.0159,true,1,1025250
7290013284174,false,פריניר מלפפונים בחומ,פריניר,,מלפפון בחומץ 7-9 560,גרמים,560.00,100 גרם,false,,5.30,0.0095,true,1,1025251
7290013284181,false,פריניר מלפפונים בחומ,פריניר,,מלפפון בחומץ 10-12 2,גרמים,290.00,100 גרם,false,,6.40,0.0221,true,1,1025252
7290013284198,false,מלפפונים פריניר בחומ,פריניר ( הדס 1987) ב,IL,מלפפון בחומץ 13-17 2,גרמים,290.00,100 גרם,false,,6.40,0.0221,true,1,1025253
7290013284303,false,פריניר זית ירוק גדול 560גר,,,פריניר זית ירוק גדול,גרמים,560.00,100 גרם,false,,6.70,0.0120,true,1,3977389
7290013284310,false,רוטב פסטה לילדים 240 גרם פריניר,פריניר ( הדס 1987) ב,IL,רוטב פסטה לילדים 240,גרמים,240.00,100 גרם,false,,4.90,0.0204,true,1,1025259
7290013284662,false,רוטב פיצה פיתה לילדים 240 ג' פריניר,פריניר ( הדס 1987) ב,IL,רוטב פיצה פיתה 240 ג,גרמים,240.00,100 גרם,false,,4.90,0.0204,true,1,1121217
7290013284808,false,פרי ניר זיתים ירוקים מבוקעים 340 גרם,,,פרי ניר זיתים ירוקים,גרמים,340.00,100 גרם,false,,7.90,0.0232,true,1,3977468
7290013302236,false,פסטה פרפלה ג'מבו טעמן 500 גר',מוטלו,IL,טעמן פסטה פרפלה גמבו,גרמים,500.00,100 גרם,false,,3.90,0.0078,true,1,1019783
7290013302243,false,טעמן פסטה מסולסלת 500 גרם,מוטלו,TR,טעמן פסטה מסולסלת 50,גרמים,500.00,100 גרם,false,,3.90,0.0078,true,1,1019784
7290013302656,false,פילה סרדין בשמו זית ופלפל חריף 125 גרם,טעים,,פילה סרדין בשמן זית,גרמים,125.00,100 גרם,false,,7.80,0.0624,true,1,1019819
7290013302663,false,"פילה סרדין בשמן זית ""טעים"".",,,פילה סרדין בשמן זית,גרמים,125.00,100 גרם,false,,7.80,0.0624,true,1,1019820
7290013358004,false,גריזלי גריל 70 ג רמי לוי,,,גריזלי גריל 70 ג רמי,יח',1.00,יח',false,,2.50,2.5000,true,1,6684149
7290013358011,false,גריזלי ברבקיו 70 ג רמי לוי,,,גריזלי ברבקיו 70 ג ר,יח',1.00,יח',false,,2.50,2.5000,true,1,6684150
7290013358059,false,גריזלי פלאפל 70 גרם רמי לוי,,,גריזלי פלאפל 70 גרם,יח',1.00,יח',false,,2.50,2.5000,true,1,6684152
7290013358066,false,גריזלי פיצה 70 גרם רמי לוי,,,גריזלי פיצה 70 גרם ר,יח',1.00,יח',false,,2.50,2.5000,true,1,6684153
7290013358356,false,מאסטר שף פירורי לחם מוזהבים 320 גרם,מנה י.א בעמ,IL,מאסטר שף פירורי לחם,גרמים,320.00,100 גרם,false,,6.90,0.0216,true,1,1018042
7290013358363,false,מאסטר שף פרורי לחם פנקו עבים בסגנון יפני 300 גר,קריניציה ויטמינה אס,IL,מאסטר שף פרורי לחם פ,גרמים,300.00,100 גרם,false,,9.80,0.0327,true,1,1018043
7290013358431,false,מאסטר שף קרוטונים לסלט עגבניות ובזיליקום,עינת תעשיות מזון אגו,IL,מאסטר שף קרוטונים לס,גרמים,200.00,100 גרם,false,,11.80,0.0590,true,1,1018047
7290013358448,false,"קרוטונים לסלט אקסטרה ארוכים בתיבול שום, בצל ופטרוזיליה",עינת תעשיות מזון אגו,IL,מאסטר שף קרוטונים לס,גרמים,200.00,100 גרם,false,,11.80,0.0590,true,1,1018048
7290013358486,false,מאסטר שף פירורים מוזהבים ללא צורך בביצה 300 ג,"מיוצר ע""י מנה י.א בע",IL,מאסטר שף פרורי לחם מ,גרמים,300.00,100 גרם,false,,4.90,0.0163,true,1,1090039
7290013358523,false,מאסטר שף שבבי בצל מטוגן 150 גרם,קריניציה ויטמינה אס,NL,מאסטר שף שבבי בצל מט,גרמים,150.00,100 גרם,false,,13.80,0.0920,true,1,1082745
7290013358806,false,מנה מאגדת פריכיות עם מלח 264 גרם מנה,מנה Mana,IL,מנה מאגדת פריכיות עם,גרמים,264.00,100 גרם,false,,10.90,0.0413,true,1,1018055
7290013430083,false,"בירה אלכסנדר בלונד בקבוק 330 מ""ל",מנדלז סי.אר. פרודקשן,IL,אלכסנדר בלונד בירה 3,מיליליטרים,330.00,"100 מ""ל",false,,12.90,0.0391,true,1,6769321
7290013430090,false,בירה אלכסנדר אמברה AMBREE בירה ישראלית,מנדלז סי.אר. פרודקשן,IL,אלכסנדר אמברה בירה 3,מיליליטרים,330.00,"100 מ""ל",false,,12.90,0.0391,true,1,6769322
7290013453624,false,עוגיות שוקולדצ'יפס מקמח אורז וקמח שקדים מלא,דני וגלית,,עוגיות קמח שקדים שוק,גרמים,230.00,100 גרם,false,,25.50,0.1109,true,1,6708894
7290013453631,false,דני וגלית עוגיות חמאת בוטנים שוקולדצ'יפס מפצפוצי אורז מלא 230 גרם,האי נאם סי או אל.טי.,IL,עוגיות חמאת בוטנים ש,גרמים,230.00,100 גרם,false,,25.50,0.1109,true,1,6708895
7290013472892,false,בולגריה קוביות במי מלח - מרכיבי חלב ושומן צמחי,"קוליוס אס.איי, גריק",GR,הבולגריה בולגרית 22%,גרמים,200.00,100 גרם,false,,9.90,0.0495,true,1,1045006
7290013520142,false,לחמניה קלה ביס 8 יחידות,מאפיית אגמי,,לחמניה קלה ביס 8 יחי,גרמים,400.00,100 גרם,false,,13.70,0.0342,true,1,1118595
7290013520463,false,לחם בריאות ושובע כוס,מאפיית אגמי,,לחם כוסמין 100% 600,גרמים,600.00,100 גרם,false,,15.70,0.0262,true,1,1493579
7290013520500,false,לחמניה ביס כוסמין מלא 8יח,מאפיית אגמי,IL,לחמניה ביס כוסמין מל,גרמים,400.00,100 גרם,false,,15.70,0.0392,true,1,3494406
7290013521101,false,פסטה כוסמין אורגנית תרד 350 גרם,השדה מוצרים אורגניים,HU,פסטה כוסמין אורגנית,גרמים,350.00,100 גרם,false,,19.90,0.0569,true,1,6715040
7290013521385,false,רסק תפוחים אורגני 700 גרם,השדה מוצרים אורגניים,NL,רסק תפוחים אורגני 70,יח',1.00,יח',false,,18.70,18.7000,true,1,6715049
7290013521415,false,אבקת מרק אורגנית בטעם עוף 200 גרם,השדה מוצרים אורגניים,NL,אבקת מרק בטעם עוף או,יח',1.00,יח',false,,23.70,23.7000,true,1,1086053
7290013521965,false,עוגיות אורגניות מקמח כוסמין מלא 180 גרם,השדה מוצרים טבעיים ו,IL,עוגיות חצי ירח מקמח,גרמים,180.00,100 גרם,false,,15.70,0.0872,true,1,6714999
7290013531117,false,רוטב פסטה לילדים 240 גרם יכין,"זנלכל בע""מ",IL,רוטב פסטה לילדים 240,גרמים,240.00,100 גרם,false,,5.50,0.0229,true,1,1029428
7290013531346,false,סירופ דיאט בטעם לימונענע יכין 1 ליטר,זנלכל,IL,סירופ דיאט בטעם לימו,ליטרים,1.00,ליטר,false,,16.70,16.7000,true,1,1029432
7290013531377,false,תורמוס A2 יכין בית יוסף,היינץ צפון אמריקה מק,IL,תורמוס יכין 560 גרם,גרמים,265.00,100 גרם,false,,8.50,0.0321,true,1,1029435
7290013531582,false,מארז זיתים ירוקים מגולענים יכין 200 גרם,קרלו,IL,זיתים ירוקים מגולעני,גרמים,255.00,100 גרם,false,,11.90,0.0467,true,1,2642334
7290013531759,false,שעועית לבנה במים יכין 550 גרם,"זנלכל בע""מ",IL,שעועית לבנה במים יכי,גרמים,330.00,100 גרם,false,,8.90,0.0270,true,1,1157483
7290013539892,false,אל סבון נוזלי משאבה תה ירוק סטייל 1 ל',סטייל Style,TR,סבון ידיים תה ירוק 1 ל' מ,ליטרים,1.00,ליטר,false,,11.90,11.9000,true,1,1035883
7290013539915,false,אל סבון נוזלי משאבה תה לבן סטייל 1 ל,סטייל Style,TR,סבון ידיים תה לבן 1 ל' מש,ליטרים,1.00,ליטר,false,,11.90,11.9000,true,1,1035885
7290013584328,false,פקדון בקבוק בירה ריק,,,בקבוק בירה חוזר ריק,יח',1.00,יח',false,,1.20,1.2000,true,1,1072488
7290013585233,false,"ספרייט זירו פחית סליק 330 מ""ל",גוד פוד פרודקטס S.p,IL,ספרייט זירו פחית 330,מיליליטרים,330.00,"100 מ""ל",false,,3.50,0.0106,true,1,1173839
7290013585387,false,קוקה קולה זירו בקבוק,פארייפאבה אגרואינדוס,IL,קולה זירו 1ליטר בודד,ליטרים,1.00,ליטר,false,,6.50,6.5000,true,1,1166390
7290013585394,false,קוקה קולה 1ליטר בודד,פארייפאבה אגרואינדוס,IL,קוקה קולה 1ליטר בודד,ליטרים,1.00,ליטר,false,,6.90,6.9000,true,1,1166391
7290013608260,false,פרימור מיץ רימונים 100% סחוט טרי 1ל',"גניר (1992) בע""מ",IL,מיץ רימונים סחוט פרי,ליטרים,1.00,ליטר,false,,20.90,20.9000,true,1,1090610
7290013608482,false,פרימור נקטר מנגו 1ליטר,דיפלומט,IL,פרימור נקטר מנגו 1לי,ליטרים,1.00,ליטר,false,,7.80,7.8000,true,1,2514432
7290013608550,false,פרימור נקטר תפוזים 1ליטר,סטאר סנקס,IL,פרימור נקטר תפוזים 1,ליטרים,1.00,ליטר,false,,7.80,7.8000,true,1,2514433
7290013608635,false,פרימור משקה לימונים עם נענע 1ליטר,סטאר סנקס,IL,פרימור משקה לימונים,ליטרים,1.00,ליטר,false,,7.80,7.8000,true,1,2752203
7290013608673,false,פרימור נקטר תפוחי עץ 1ליטר,סטאר סנקס,IL,פרימור נקטר תפוחי עץ,ליטרים,1.00,ליטר,false,,7.80,7.8000,true,1,2514435
7290013608680,false,פרימור מיץ עגבניות 1ליטר,סטאר סנקס,IL,פרימור מיץ עגבניות 1,ליטרים,1.00,ליטר,false,,5.90,5.9000,true,1,2514436
7290013625212,false,פילה מקרל בשמן צמחי 125 גרם טעים,,,פילה מקרל בשמן צמחי,גרמים,125.00,100 גרם,false,,6.90,0.0552,true,1,1019856
7290013625229,false,פילה מקרל בשמן צמחי ופ. חריף 125 גרם טעי,טעמן,IL,פילה מקרל ופלפל חריף,גרמים,125.00,100 גרם,false,,6.90,0.0552,true,1,1019857
7290013625410,false,פלחי אפרסק צ'ויס בסירופ 820גרם,,IL,פלחי אפרסק צ'ויס בסי,גרמים,820.00,100 גרם,false,,12.90,0.0157,true,1,1019871
7290013625458,false,"פטריות טעמן 8 שלם פ.קל בד""ץ",פרוצאמפ,NL,פטריות שלמות 400 גרם,גרמים,400.00,100 גרם,false,,7.90,0.0198,true,1,6847727
7290013645371,false,עוגיות שוקולד ציפס ללא גלוטן 200,"מוצרי הכט בע""מ",IL,עוגיות שוקולד ציפס 2,גרמים,200.00,100 גרם,false,,16.90,0.0845,true,1,1304559
7290013652843,false,נטורל קר שמפו לשיער רגיל- ורדים וחלב רימונים,"ד""ר פישר Dr fischer",IL,נטורל קר שמפו לשיער רגיל,מיליליטרים,700.00,"100 מ""ל",false,,18.90,0.0270,true,1,1044958
7290013652874,false,נטורל קר מרכך לשיער רגיל- ורדים וחלב רימונים,"ד""ר פישר Dr fischer",IL,נטורל קר מרכך לשיער רגיל,מיליליטרים,700.00,"100 מ""ל",false,,18.90,0.0270,true,1,1044961
7290013652935,false,נטורל קר שמפו לשיער רגיל- יסמין ופרחי מגנוליה,"ד""ר פישר Dr fischer",IL,נטורל קר שמפו לשיער רגיל,מיליליטרים,700.00,"100 מ""ל",false,,18.90,0.0270,true,1,1044967
7290013675545,false,שניצל כלי תחבורה מאמא עוף 700 ג',תנובה גליל,IL,שניצל כלי תחבורה 700,גרמים,700.00,100 גרם,false,,29.90,0.0427,true,1,4611690
7290013713049,false,"בירה גמס 8.8 איל בלגי מחוזקת 330 מ""ל","אביר הבר בע""מ",IL,בירה ג'מס בלגית 8.80,מטרים,330.00,100 מ'ל,false,,12.90,0.0391,true,1,6848564
7290013771131,false,שומרון לאבנה עיזים 5,מיוצר עי קונדיטוריית,IL,לאבנה עיזים 5% 250 ג,גרמים,250.00,100 גרם,false,,14.90,0.0596,true,1,2528074
7290013771216,false,פטאקי 16% גבינות השומרון,מיוצר עי קונדיטוריית,IL,פטאקי 16% גבינות השו,גרמים,250.00,100 גרם,false,,13.90,0.0556,true,1,1011088
7290013771384,false,יוגורט יווני השומרון,מיוצר עי קונדיטוריית,IL,יוגורט יווני 400 גר,גרמים,400.00,100 גרם,false,,10.90,0.0273,true,1,2528075
7290013771391,false,גבינה צפתית מעודנת 5,מחלבת השומרון,IL,צפתית מעודנת 5% 200,גרמים,200.00,100 גרם,false,,13.90,0.0695,true,1,2528076
7290013771414,false,לאבנה 5% שמן זית וזע,,,לאבנה 5% שמן זית וזע,גרמים,250.00,100 גרם,false,,9.90,0.0396,true,1,4563810
7290013771421,false,צפתית מעודנת עם קצח,,,צפתית מעודנת עם קצח,גרמים,200.00,100 גרם,false,,10.90,0.0545,true,1,4563811
7290013771438,false,צפתית מעודנת 5% 200גר רמילוי,,,צפתית מעודנת 5% 200ג,גרמים,200.00,100 גרם,false,,10.90,0.0545,true,1,4563812
7290013771445,false,ריקוטה 5% 250גר רמילוי,,,ריקוטה 5% 250גר רמיל,גרמים,250.00,100 גרם,false,,10.90,0.0436,true,1,4563792
7290013771452,false,לאבנה 5% שמן זית וזע,,,לאבנה 5% שמן זית וזע,גרמים,500.00,100 גרם,false,,15.90,0.0318,true,1,4563813
7290013771469,false,בולגרית קלאסית 5% 250גר רמילוי,,,בולגרית קלאסית 5% 25,גרמים,250.00,100 גרם,false,,14.90,0.0596,true,1,4563814
7290013771476,false,פטאקי 16% סגנון יווני 250גר רמילוי,,,פטאקי 16% סגנון יוונ,גרמים,250.00,100 גרם,false,,13.90,0.0556,true,1,4563815
7290013771483,false,בולגרית מעודנת 5% 250גר רמילוי,,,בולגרית מעודנת 5% 25,גרמים,250.00,100 גרם,false,,15.90,0.0636,true,1,4563816
7290013771490,false,גבינת שמנת טבעי 25% 200גר רמילוי,,,גבינת שמנת טבעי 25%,גרמים,200.00,100 גרם,false,,9.90,0.0495,true,1,4563817
7290013771506,false,גבינת שמנת שום שמיר 25% 200גר רמילוי,,,גבינת שמנת שום שמיר,גרמים,200.00,100 גרם,false,,9.90,0.0495,true,1,4563818
7290013787132,false,רוטב שמנת בטטה 220מל רמילוי,,,רוטב שמנת בטטה 220מל,מיליליטרים,220.00,"100 מ""ל",false,,13.90,0.0632,true,1,6000818
7290013787149,false,רוטב שמנת בזיליקום 2,,,רוטב שמנת בזיליקום 2,מיליליטרים,220.00,"100 מ""ל",false,,13.90,0.0632,true,1,6000819
7290013787378,false,רביולי ארטישוק ריקוטה 400ג רמילוי,,,רביולי ארטישוק ריקוט,גרמים,400.00,100 גרם,false,,21.90,0.0547,true,1,6000797
7290013787385,false,רביולי סלק ריקוטה 400ג רמילוי,,,רביולי סלק ריקוטה 40,גרמים,400.00,100 גרם,false,,21.90,0.0547,true,1,6000798
7290013787392,false,רביולי גבינות קלאסי 330 גרם ריקו בית יוסף,יוניליוור גרמניה Gm,IL,רביולי גבינות קלאסי,גרמים,330.00,100 גרם,false,,21.80,0.0661,true,1,6752764
7290013787422,false,רביולי פלין פטריות - כמהין 330 גרם ריקו בית יוסף,פסטה ריקו,IL,רביולי פטריות כמהין,גרמים,330.00,100 גרם,false,,22.80,0.0691,true,1,6752765
7290013787736,false,רביולי במילוי גבינה 400 רמילוי,,,רביולי במילוי גבינה,גרמים,400.00,100 גרם,false,,21.90,0.0547,true,1,4700213
7290013787743,false,רביולי במילוי בטטה 400 רמילוי,,,רביולי במילוי בטטה 4,גרמים,400.00,100 גרם,false,,21.90,0.0547,true,1,4700214
7290013787750,false,רביולי בטטה ומסקרפונה 400 רמילוי,,,רביולי בטטה ומסקרפונ,גרמים,400.00,100 גרם,false,,21.90,0.0547,true,1,4700215
7290013787767,false,רביולי ריקוטה ותרד 400 רמילוי,,,רביולי ריקוטה ותרד 4,גרמים,400.00,100 גרם,false,,21.90,0.0547,true,1,4700216
7290013787804,false,רמי לוי רוטב רוזה 22,,,רוטב רוזה 220ג רמילו,גרמים,220.00,100 גרם,false,,13.90,0.0632,true,1,4755161
7290013787811,false,רוטב פטריות 220ג רמילוי,,,רוטב פטריות 220ג רמי,גרמים,220.00,100 גרם,false,,13.90,0.0632,true,1,4755162
7290013787828,false,רוטב אלפרדו 220ג רמילוי,,,רוטב אלפרדו 220ג רמי,גרמים,220.00,100 גרם,false,,13.90,0.0632,true,1,4755163
7290013809063,false,קלין שלישיית סבון אס,,,קלין שלישיית סבון אס,יחידה,0.00,יחידה,false,,7.90,0.0000,true,1,1031305
7290013809070,false,קלין שקיות אשפה ירוק,קלין,,קלין שקיות אשפה ירוק,יחידה,0.00,יחידה,false,,5.90,0.0000,true,1,1031306
7290013809414,false,קרם לניקוי כללי קלין,קלין,,קרם לניקוי כללי קלין,גרמים,775.00,100 גרם,false,,4.90,0.0063,true,1,1031313
7290013847119,false,טונה סטארקיסט בשמן קנולה רביעיות בישול י,סטארקיסט,IL,"טונה SK בשמן קנולה 160 ב""",גרמים,640.00,100 גרם,false,,24.90,0.0389,true,1,1028573
7290013847386,false,סטארקיסט נתחי טונה בהירה במים ושמן קנולה בטעם טבעי 140 גרם,סטארקיסט Starkist,IL,טונה סטרקיסט לייט 98,גרמים,98.00,100 גרם,false,,6.90,0.0704,true,1,4341556
7290013847393,false,סטארקיסט לייט נתחי טונה בהירה במים ושמן קנולה עם עשבי תיבול 140 גרם,"סטארקיסט פודור בע""מ",IL,טונה סטרקיסט לייט 4%,גרמים,98.00,100 גרם,false,,6.90,0.0704,true,1,4341557
7290013847409,false,סטארקיסט לייט נתחי טונה בהירה במים ושמן קנולה עם לימון ופלפל חריף 140 גרם,סטארקיסט Starkist,IL,טונה סטרקיסט לייט 4%,גרמים,98.00,100 גרם,false,,6.90,0.0704,true,1,4341558
7290013847645,false,סטארקיסט טונה בשמן זית 80 גר' שלישיות,סטארקיסט Starkist,TR,טונה סטארקיסט שלישיי,גרמים,80.00,100 גרם,false,,16.90,0.2112,true,1,5129473
7290013847980,false,"טונה סטארקיסט שפע 425גר בד""ץ**מבצע**",תאי יוניון,TH,טונה סטארקיסט שפע 42,גרמים,425.00,100 גרם,false,,15.90,0.0374,true,1,6114658
7290013848055,false,קרמה מן קרם גוף בניחוח גברי 400 מ' ל,החברה הדרומית,IL,קרמה מן קרם גוף 400,מיליליטרים,400.00,"100 מ""ל",false,,19.90,0.0497,true,1,2072566
7290013848345,false,מארז מטליות לחיטוי וניקוי יסודי אנטיבקטריאלי 99.9%,סנו מפעלי ברונוס בעמ,IL,סנו מטליות לחיטוי ול,יח',1.00,יח',false,,19.90,19.9000,true,1,5766815
7290013848383,false,קרמה מן גל רחצה אקטיב בלוק 700 מל לגבר,טרופיקל דגיל תעשיות,IL,ג'ל רחצה קרמה מן אקט,מיליליטרים,700.00,"100 מ""ל",false,,14.90,0.0213,true,1,1023967
7290013848611,false,רדיד אלומיניום עבה וחזק 61 מטר,סנו סושי,IL,רדידי אלומניום סנו ס,יח',1.00,יח',false,,39.90,39.9000,true,1,1023978
7290013848734,false,מכשיר אוטומטי לבישום אוויר בתוספת מילוי SOFT BALANCE,סנו פרש Fresh,,מכשיר אוטומטי לבישום,יח',1.00,יח',false,,44.90,44.9000,true,1,3825082
7290013883148,false,הפי ג'ל סופג ריחות במקרר,יעקבי - הפי Hepi,IT,הפי ג'ל סופג ריחות ב,יח',1.00,יח',false,,9.90,9.9000,true,1,1026543
7290013906212,false,"נקנקיות וינר טירת 1 ק""ג טירת צבי",הנסיך- מפעל לייצור ט,IL,נקניקיות וינר טירת צ,גרמים,1000.00,100 גרם,false,,22.90,0.0229,true,1,1015701
7290013906250,false,סלמי הודו טירת צבי 200 גרם מהדרין,,IL,סלמי הודו מהדרין 200,גרמים,200.00,100 גרם,false,,9.90,0.0495,true,1,6905028
7290013906267,false,טירת צבי כפרית מהדרין קהילות 200 גרם,,IL,כפרית מהדרין 200 גרם,גרמים,200.00,100 גרם,false,,9.90,0.0495,true,1,6905029
7290013906441,false,קבנוס טירת צבי 120 גר,הנסיך- מפעל לייצור ט,IL,קבנוס 120 ג,גרמים,120.00,100 גרם,false,,9.90,0.0825,true,1,1015710
7290013906458,false,קבנוס בטעם פיקנטי טירת צבי 120 גר,הנסיך- מפעל לייצור ט,IL,קבנוס 120 ג,גרמים,120.00,100 גרם,false,,9.90,0.0825,true,1,1015711
7290013906687,false,פסט' צמד כפרית ברביקיו ודבש 300X2ג' טירת צבי,הנסיך- מפעל לייצור ט,IL,צמד כפרי ברביקיו ודב,גרמים,600.00,100 גרם,false,,24.90,0.0415,true,1,1193424
7290013906694,false,נקניקיות שקית קילו וחצי טירת צבי,הנסיך- מפעל לייצור ט,IL,"נקניקיות עוף 1.5 ק""ג",גרמים,1500.00,100 גרם,false,,29.90,0.0199,true,1,6834352
7290013906700,false,"נקניקיות הודו טירת צבי כשרות הרב מחפוד 1.5 ק""ג",טירת צבי,IL,נקניקיות הודו מחפוד,גרמים,1500.00,100 גרם,false,,29.90,0.0199,true,1,6834353
7290013994042,false,זירעי פשתן אורגניים 300גר,אול אורגני,IL,זירעי פשתן אורגניים,גרמים,300.00,100 גרם,false,,6.90,0.0230,true,1,1090908
7290013994073,false,פוזילי אורגני 400 גר מקמח כוסמין מלא,הרדוף,,הרדוף פוסילי קמח כוס,גרמים,400.00,100 גרם,false,,19.70,0.0492,true,1,6830438
7290013994912,false,"קמח כוסמין 70% אורגני הרדוף 1 ק""ג",עץ השדה,IL,קמח כווסמין 70% אורג,גרמים,1000.00,100 גרם,false,,17.90,0.0179,true,1,6715173
7290014002135,false,תה ויסוצקי ירוק מיקס 5 טעמים 25 יח',תה ויסוצקי,IL,תה ירוק מיקס,25 יח',1.00,25 יח',false,,22.90,22.9000,true,1,1027918
7290014002197,false,חליטת קמומיל ולימונית ויסוצקי 25 יחידות,תה ויסוצקי,IL,חליטת קמומיל ולימוני,יח',25.00,יח',false,,16.90,0.6760,true,1,1027920
7290014002203,false,חליטת לימונית ולואיזה ויסוצקי 25 יחידות,תה ויסוצקי,IL,חליטת לימונית ולואיז,יח',25.00,יח',false,,16.90,0.6760,true,1,1027921
7290014002579,false,ויסוצקי תה ירוק וניל 37.5 גר,ויסוצקי ירוק,IL,תה ירוק וניל 25 יחיד,יח',25.00,יח',false,,22.90,0.9160,true,1,1027923
7290014002944,false,גן קסום חליטת פירות וצמחים חמדת שקד 25 שקיקים,תה ויסוצקי,IL,הגן הקסום חמדת השקד,יח',25.00,יח',false,,16.90,0.6760,true,1,1108732
7290014002982,false,תה ירוק לימונית לואיזה בתוספת עלי סטיביה 25 שקיקים,ויסוצקי ירוק,IL,תה ירוק לימונית סטיב,יח',1.00,יח',false,,22.90,22.9000,true,1,1070657
7290014046016,false,פסטרמה של פעם דל שומן 2% רכיבים טבעיים,מעדני יחיעם,IL,פסטרמה של פעם 100% ר,גרמים,250.00,100 גרם,false,,24.40,0.0976,true,1,1068299
7290014046030,false,"מוס כבד עוף 140 גרם ""יחיעם""",מעדני יחיעם 1993,IL,יחיעם מוס כבד עוף 14,גרמים,140.00,100 גרם,false,,14.90,0.1064,true,1,1425162
7290014046047,false,צמד פסטרמות 600 ג' יחיעם,מעדני יחיעם 1993,IL,צמד פסטרמות 600 גרם,גרמים,600.00,100 גרם,false,,25.90,0.0432,true,1,1084515
7290014046436,false,נשנושי קבנוס 125 ג' יחיעם,מעדני יחיעם 1993,IL,נשנושי קבנוס 125 ג,גרמים,125.00,100 גרם,false,,12.90,0.1032,true,1,1030621
7290014046474,false,"נקניקיות עוף 1.5 ק""ג יחיעם",מעדני יחיעם,IL,"נקניקיות עוף 1.5 ק""ג",קילוגרמים,1.50,"ק""ג",false,,25.90,17.2667,true,1,2333599
7290014046580,false,"פסטרמה מעודנת על האש 300 גרם ""יחיעם""",מעדני יחיעם 1993,IL,פסטרמה מעודנת גחלים,גרמים,300.00,100 גרם,false,,19.90,0.0663,true,1,1122464
7290014046757,false,סלמי תה מעדני יחיעם,מעדני יחיעם,IL,סלמי תה 300 גר,גרמים,300.00,100 גרם,false,,19.90,0.0663,true,1,1625464
7290014046764,false,פפרוני מהמעדנייה 200 גרם,מעדני יחיעם,IL,סלמי פפרוני 200 גרם,גרמים,200.00,100 גרם,false,,13.90,0.0695,true,1,3222839
7290014059078,false,"אקווה פרש מי פה אקסטרים 500 מ""ל",גלקסו סמית קליין,GB,א.פרש מי פה אקסטרים 500 מ,מיליליטרים,500.00,"100 מ""ל",false,,14.90,0.0298,true,1,1035892
7290014059085,false,"משחת שיניים סנסודיין 75 מ""ל פרימיום לשיקום והגנה","סמית קליין ביצ'ם בע""",GB,סנסודיין משחה לשיקום והגנ,100 מל,75.00,100 מל,false,,23.90,0.3187,true,1,1035893
7290014059436,false,"משחת שיניים סנסודיין 75 מ""ל פרימיום לשיקום והגנה מלבינה 75 מ""ל","סמית קליין ביצ'ם בע""",GB,סנסודיין משחה לשיקום והגנ,100 מל,75.00,100 מל,false,,23.90,0.3187,true,1,1035903
7290014059443,false,סנסודין משחה דואל קר 75 מל שלישיה,סנסודיין,GB,"סנסודיין דואלקר 75 מ""ל של",מיליליטרים,225.00,"100 מ""ל",false,,39.90,0.1773,true,1,1035904
7290014066113,false,לנדוור קפה המקורי מארז זוג 2*100 גרם,,,לנדוור קפה המקורי מא,יח',1.00,יח',false,,9.90,9.9000,true,1,6726586
7290014066359,false,לנדוור-קפסולות אספרסו בלנסד(06) - 10יח'12X יח,האחים פלם הגפן,IL,לנדוור קפסולות אספרס,יח',1.00,יח',false,,14.90,14.9000,true,1,6702795
7290014066441,false,לנדוור-קפסולות אספרסו נטול קפאין(07) - 10יח'12X יח,קפה לנדוור,IL,לנדוור קפסולות אספרס,יח',1.00,יח',false,,14.90,14.9000,true,1,6702798
7290014066533,false,לנדוור-קפסולות אספרסו קלייה כפולה(12) - 10יח'12X יח,קפה לנדוור,IL,לנדוור קפסולות אספרס,יח',1.00,יח',false,,14.90,14.9000,true,1,6702800
7290014079540,false,שום קלוף 1 קילו מרינה,"מרינה פטריות הגליל בע""מ",IL,שום קלוף 1 קילו מרי,גרמים,1000.00,100 גרם,false,,34.90,0.0349,true,1,6698063
7290014089129,false,רקפת בעציץ,,,רקפת בעציץ,יח',1.00,יח',false,,19.90,19.9000,true,1,5910733
7290014089136,false,קורנית בעציץ,,,קורנית בעציץ,יח',1.00,יח',false,,8.90,8.9000,true,1,5910734
7290014089143,false,בזיליקום בעציץ,,,בזיליקום בעציץ,יח',1.00,יח',false,,8.90,8.9000,true,1,5910735
7290014094260,false,שיני שום קלוף קמעונאי,"מרינה פטריות הגליל בע""מ",IL,שום קלוף מרינה,גרמים,170.00,100 גרם,false,,9.90,0.0582,true,1,1192370
7290014126343,false,בונומי בישקוטים וניל-קקאו 200 גרם,דנשר,IT,בישקוטים בונומי וניל-קקאו,גרמים,200.00,100 גרם,false,,5.70,0.0285,true,1,1069708
7290014204003,false,"שמפו לשיער צבוע 750 מ""ל פנינה רוזנבלום",פנינה רוזנבלום,IL,שמפו לשיער צבוע 750,מיליליטרים,750.00,"100 מ""ל",false,,8.90,0.0119,true,1,1031746
7290014204010,false,"מרכך לשיער צבוע 750 מ""ל פנינה רוזנבלום",פנינה רוזנבלום,IL,מרכך לשיער צבוע 750,מיליליטרים,750.00,"100 מ""ל",false,,8.90,0.0119,true,1,1031747
7290014204027,false,"שמפו לשיער חפיפה יומיומית 750 מ""ל פנינה רוזנבלום",פנינה רוזנבלום,IL,שמפו לשיער חפיפה יומ,מיליליטרים,750.00,"100 מ""ל",false,,8.90,0.0119,true,1,1031748
7290014204034,false,"מרכך יומי 750 מ""ל פנינה רוזנבלום",פנינה רוזנבלום,IL,"מרכך יומי 750 מ""ל פנ",מיליליטרים,750.00,"100 מ""ל",false,,8.90,0.0119,true,1,1031749
7290014204560,false,"פנינהרוזנבלום- סבון נוזלי לידיים שלישיה,3*500 מ""ל",פנינה רוזנבלום,IL,סבון נוזלי שלישיה 50,מיליליטרים,500.00,"100 מ""ל",false,,9.90,0.0198,true,1,1031798
7290014204638,false,"מרכך קרטין לאחר החלקה 750 מ""ל פנינה רוזנבלום",פנינה רוזנבלום PR,IL,מרכך קרטין לאחר החלק,מיליליטרים,750.00,"100 מ""ל",false,,24.90,0.0332,true,1,1183781
7290014204645,false,"שמפו קרטין לאחר החלקה 750 מ""ל פנינה רוזנבלום",פנינה רוזנבלום PR,IL,שמפו קרטין לאחר החלק,מיליליטרים,750.00,"100 מ""ל",false,,24.90,0.0332,true,1,1183782
7290014204683,false,"פנינה רוזנבלום- סבון נוזלי משאבה סגול,1 ליטר",פנינה רוזנבלום,IL,סבון משאבה סגול 1 לי,ליטרים,1.00,ליטר,false,,8.90,8.9000,true,1,1115313
7290014204690,false,"פנינה רוזנבלום- סבון נוזלי משאבה ורוד,1 ליטר",פנינה רוזנבלום,IL,סבון משאבה ורוד 1 לי,ליטרים,1.00,ליטר,false,,8.90,8.9000,true,1,1115314
7290014204706,false,סבון משאבה קורל 1 ליטר פנינה רוזנבלום,פנינה רוזנבלום,IL,סבון משאבה קורל 1 לי,ליטרים,1.00,ליטר,false,,8.90,8.9000,true,1,1115315
7290014218932,false,חטיפי פיצה בתוספת זיתים 710 ג' מעדנות,מיוצר עי קונדיטוריית,IL,חטיפי פיצה בתוספת זי,גרמים,710.00,100 גרם,false,,27.90,0.0393,true,1,5904052
7290014226012,false,פנטס בעציץ,,,פנטס בעציץ,יח',1.00,יח',false,,8.90,8.9000,true,1,6803790
7290014226029,false,נענע בעציץ,,,נענע בעציץ,יח',1.00,יח',false,,7.90,7.9000,true,1,6769604
7290014256620,false,יין אדום מתוק מבעבע Buzz קריניאנו,יקבי כרמל Carmel Winery,IL,יין קריניאנו באזז יק,מיליליטרים,750.00,"100 מ""ל",false,,26.90,0.0359,true,1,1135411
7290014256637,false,"יין מבעבע מוסקטו באזז יקבי כרמל 750 מ""ל",יקבי כרמל Carmel Winery,IL,יין מוסקטו באזז יקבי,מיליליטרים,750.00,"100 מ""ל",false,,26.90,0.0359,true,1,1135412
7290014258716,false,תרכובת מזון צמחי על בסיס חלבון סויה מגיל לידה,מטרנה תעשיות ש.מ,IL,מטרנה צמחית מגיל ליד,גרמים,700.00,100 גרם,false,,47.90,0.0684,true,1,1139390
7290014258723,false,תרכובת מזון צמחי לתינוקות מגיל 0 עד גיל שנה,מטרנה,IL,מטרנה צמחית מגיל 0 ע,גרמים,700.00,100 גרם,false,,64.90,0.0927,true,1,1139391
7290014258730,false,תרכובת מזון צמחי לתינוקות מגיל 12 חודשים ואילך,מטרנה,IL,מטרנה צמחית מגיל שנה,גרמים,700.00,100 גרם,false,,59.90,0.0856,true,1,1139392
7290014258877,false,מטרנה מהדרין ספיישל 700 ג'!,מטרנה,IL,מטרנה מהדרין ספיישל,גרמים,700.00,100 גרם,false,,68.90,0.0984,true,1,1596284
7290014321212,false,קרקר פשתן ושום 125 גרם less & more,"ל.ב. סחר ושיווק בע""מ",IL,קרקר פשתן ושום 125 ג,גרמים,125.00,100 גרם,false,,22.90,0.1832,true,1,6899906
7290014397286,false,מקסימה מרכך כביסה מרוכז חלב ודבש סנו 1 ליטר,סנו מקסימה,IL,מקסימה מרכך כביסה מר,ליטרים,1.00,ליטר,false,,17.50,17.5000,true,1,1024007
7290014397453,false,סנו אוקסיגן גל מסיר כתמים כביסה לבנה 3 ל,סנו אוקסיג'ן,IL,סנו אוקסיגן 3 ליטר,ליטרים,3.00,ליטר,false,,28.90,9.6333,true,1,1024010
7290014397491,false,"מבשם אויר סנו פרש הום בניחוח וניל קוקוס 350 מ""ל",סנו פרש Fresh,IL,מבשם אויר סנו פרש הו,מיליליטרים,350.00,"100 מ""ל",false,,9.90,0.0283,true,1,1024011
7290014397507,false,מבשם אויר סנו פרש הום בניחוח מאסק מעודן 350 מ''ל,מיוצר עי קונדיטוריית,IL,מבשם אויר סנו פרש הו,מיליליטרים,350.00,"100 מ""ל",false,,9.90,0.0283,true,1,1024012
7290014397521,false,"מבשם אויר סנו פרש הום בניחוח לבנדר 350 מ""ל",סנו פרש Fresh,IL,מבשם אויר סנו פרש הו,מיליליטרים,350.00,"100 מ""ל",false,,9.90,0.0283,true,1,1024014
7290014397538,false,"מבשם אויר סנו פרש הום בניחוח אביב 350 מ""ל",סנו מפעלי ברונוס בעמ,IL,מבשם אויר סנו פרש הו,מיליליטרים,350.00,"100 מ""ל",false,,9.90,0.0283,true,1,1024015
7290014397675,false,סנו מקסימה מרכך כביסה חלב ודבש 4 ליטר,סנו מקסימה,IL,מקסימה מרכך כביסה חל,ליטרים,4.00,ליטר,false,,21.50,5.3750,true,1,1024023
7290014397705,false,נוזל רצפות פוליווקס פרקט מרענן סנו 2ל',סנו פוליויקס,IL,פוליויקס נוזל לניקוי,ליטרים,2.00,ליטר,false,,19.90,9.9500,true,1,1024026
7290014397767,false,סנו ריצפז פרש הום 2 ליטר בניחוח כותנה-מרכז,"סנו מפעלי ברונוס בע""",IL,ריצפז פרש הום 2לי,ליטרים,2.00,ליטר,false,,19.80,9.9000,true,1,1024029
7290014397774,false,רצפז פרש הום טבע רענן 2 ל',סנו פרש Fresh,IL,רייצפז פרש הום 2 לי,ליטרים,2.00,ליטר,false,,19.80,9.9000,true,1,1024030
7290014397781,false,סנו ריצפז פרש הום 2 ליטר בניחוח סבון,סנו פרש Fresh,IL,ריצפז פרש הום 2לי,ליטרים,2.00,ליטר,false,,19.80,9.9000,true,1,1024031
7290014426061,false,משחת שיניים הלו קיטי בטעם ענבים לגיל 2-6,כצט נוביס,IL,משחת שיניים הלו קיטי,מיליליטרים,50.00,"מ""ל",false,,10.90,0.2180,true,1,1035920
7290014455245,false,גבינת גרנה פדנו משולש 29% 200 גרם בית יוסף,מחלבת סוציאלה מנטובה,IT,גרנה פדנו משולש 200,גרמים,200.00,100 גרם,false,,22.80,0.1140,true,1,1230751
7290014455252,false,גבינה קשה מגורדת גרנה פדנו 29% שומן,מחלבות גד שיווק 1992,IT,גרנה פדנו מגורד 100,גרמים,100.00,100 גרם,false,,10.90,0.1090,true,1,1230752
7290014455320,false,גבינה כדורי מוצרלה פרסקה גד 100ג',מוצרלה פרסקה 2 ב 15,IL,כדורי מוצרלה טרי בשק,גרמים,100.00,100 גרם,false,,8.50,0.0850,true,1,1167043
7290014455467,false,ירח מתוק מעדן חלב 2% ושיבולת שועל גד 150ג',מחלבות גד,IL,מעדן שיבולת שועל 150,מיליליטרים,150.00,"100 מ""ל",false,,5.40,0.0360,true,1,1257702
7290014459472,false,"צ'יפס קפוא תפוגן 2 ק""ג כשל""פ","תעשיות תפוגן בע""מ",IL,תפוגן ציפס קלאסי 2 ק,קילוגרמים,2.00,"ק""ג",false,,24.90,12.4500,true,1,2293387
7290014471412,false,"מוזלי בוטנים אגוזים ושקדים 1 ק""ג - 412 ירוק שקדיה","דין שיווק וקלייה בע""",IL,מוזלי בוטנים אגוזים,קילו,1.00,קילו,false,,21.90,21.9000,true,1,1015083
7290014471429,false,"מוזלי עם פירות 1 ק""ג - 429 סגול שקדיה","דין שיווק וקלייה בע""",IL,"מוזלי פירות 1 ק""ג שק",קג,1.00,קג,false,,21.90,21.9000,true,1,1015084
7290014471436,false,"מיזלי צימוקים תפוח קינמון וגרעיני חמניה שקדיה 1ק""ג","דין שיווק וקלייה בע""",IL,מוזלי צימוקים תפוח ק,קג,1.00,קג,false,,21.90,21.9000,true,1,1015085
7290014471443,false,"גרנולה צימוקים אגוזים ושקדים1 ק""ג חדש - 443 כתום שקדיה (כתום)","דין שיווק וקלייה בע""",IL,גרנולה עם צימוקים אג,קילו,1.00,קילו,false,,21.90,21.9000,true,1,1015086
7290014472433,false,קונפיטורה תות שדה 70% פרי 450 גרם,"דין שיווק וקליה בע""מ",IL,קונפיטורה תות שדה 70,גרמים,450.00,100 גרם,false,,10.90,0.0242,true,1,6899736
7290014472440,false,קונפיטורה תפוז 70% פרי 450 גרם,"דין שיווק וקליה בע""מ",IL,קונפיטורה תפוז 70% פ,גרמים,450.00,100 גרם,false,,10.90,0.0242,true,1,6899737
7290014472464,false,קונפיטורה משמש 70% פרי 450 גרם,"דין שיווק וקליה בע""מ",IL,קונפיטורה משמש 70% פ,גרמים,450.00,100 גרם,false,,10.90,0.0242,true,1,6899705
7290014472990,false,ממרח 100% שקדים שקדיה 300 ג',דין שיווק,IL,שקדיה ממרח שקדים 300,גרמים,300.00,100 גרם,false,,27.90,0.0930,true,1,4880251
7290014501829,false,גליל קברנה סוביניון 750מ,הרי גליל,IL,גליל קברנה סוביניון,מטרים,750.00,100 מ'ל,false,,64.90,0.0865,true,1,6835213
7290014501942,false,"מרלו גליל 750 מ""ל",הרי גליל,IL,"גליל מרלו 750 מ""ל",מטרים,750.00,100 מ'ל,false,,64.90,0.0865,true,1,6857022
7290014503137,false,"יין כנען אדום דלתון 750 מ""ל","איי, בי, אינבוו",IL,יובלים אדום (דלתון) - רשת,מיליליטרים,750.00,"100 מ""ל",false,,37.50,0.0500,true,1,1061018
7290014503144,false,יין כנען לבן דלתון 750 מל,"איי, בי, אינבוו",IL,יובלים לבן (דלתון) - רשת,מיליליטרים,750.00,"100 מ""ל",false,,37.50,0.0500,true,1,1061019
7290014525177,false,חטיף סלים פרוט Slim fruit בטעם יוגורט ופירות יער,סלים דליס Slim Delis,ES,מרבה סלים פרוט יוגור,גרמים,182.00,100 גרם,false,,10.80,0.0593,true,1,1018070
7290014525290,false,חטיף מרבה סלים דליס קריספי תות 125 גר,סלים דליס Slim Delis,NL,מרבה סלים דליס קריספ,גרמים,125.00,100 גרם,false,,10.80,0.0864,true,1,1394767
7290014525306,false,חטיף מרבה סלים דליס קריספי אוכמניות 125,סלים דליס Slim Delis,NL,מרבה סלים דליס קריספ,גרמים,125.00,100 גרם,false,,10.80,0.0864,true,1,1394768
7290014525313,false,חטיף מרבה סלים דליס קריספי שוקולד 125 ג,סלים דליס Slim Delis,NL,מרבה סלים דליס קריספ,גרמים,125.00,100 גרם,false,,10.80,0.0864,true,1,1394769
7290014525665,false,מרבה על חלל עוגיות קקאו וסוכריות שוק חלב 140 יח',"מרבה בע""מ",NL,עוגיות קקאו וסוכריות,גרמים,140.00,100 גרם,false,,9.80,0.0700,true,1,6787410
7290014525672,false,מרבה על חלל עוגיות עם סוכריות שוקולד 140 יח',"מרבה בע""מ",NL,מרבה עוגיות עם סוכרי,גרמים,140.00,100 גרם,false,,9.80,0.0700,true,1,6787411
7290014547353,false,סנסודין זוג מברשות שיניים דואלקר ירוק+יר,סנסודיין,CN,זוג מברשת סנסודיין ד,יח',1.00,יח',false,,19.90,19.9000,true,1,3540754
7290014555174,false,מטפית לכיבוי אש 600,,,תרסיס קצף כיבוי,יח',1.00,יח',false,,37.90,37.9000,true,1,1046873
7290014673007,false,תערובת עשבי תיבול בסגנון ים תיכוני 40גר,א.ל ייצור ושיווק תבל,IL,תערובת עשבי תיבול בס,גרמים,40.00,100 גרם,false,,11.50,0.2875,true,1,6798116
7290014673021,false,תבלין פלפל שחור שלם 100 גרם,א.ל ייצור ושיווק תבל,IL,פלפל שחור שלם 100 גרם,גרמים,100.00,100 גרם,false,,14.50,0.1450,true,1,1157337
7290014673106,false,פפריקה אדומה גרוסה בשמן 400 גרם,א.ל ייצור ושיווק תבל,IL,פפריקה אדומה גרוסה ב,גרמים,400.00,100 גרם,false,,22.70,0.0567,true,1,6798119
7290014673359,false,תבלין מלח לימון 400 גרם,א.ל ייצור ושיווק תבל,IL,מלח לימון 400 גרם,גרמים,400.00,100 גרם,false,,21.90,0.0547,true,1,1012125
7290014673366,false,תבלין כורכום טחון 250 גרם,א.ל ייצור ושיווק תבל,IL,כורכום טחון 250 גרם,גרמים,250.00,100 גרם,false,,21.90,0.0876,true,1,1012126
7290014673373,false,תבלין פפריקה הונגרית חריפה 250 גרם,א.ל ייצור ושיווק תבל,IL,פפריקה הונגרית חריפה 250,גרמים,250.00,100 גרם,false,,21.90,0.0876,true,1,1012127
7290014673380,false,תבלין כמון טחון 250 גרם,א.ל ייצור ושיווק תבל,IL,כמון טחון 250 גרם,גרמים,250.00,100 גרם,false,,21.90,0.0876,true,1,1012128
7290014673397,false,תיבול לגריל עוף 250 גרם,א.ל ייצור ושיווק תבל,IL,תיבול לגריל עוף 250 גרם,גרמים,250.00,100 גרם,false,,21.90,0.0876,true,1,1012129
7290014673403,false,תבלין פלפל שחור טחון 250 גרם.,א.ל ייצור ושיווק תבל,IL,פלפל שחור טחון 250 גרם,גרמים,250.00,100 גרם,false,,27.90,0.1116,true,1,1012130
7290014673410,false,תבלין פלפל שחור גרוס דק 250 גרם.,א.ל ייצור ושיווק תבל,IL,פלפל שחור גרוס דק 250 גרם,גרמים,250.00,100 גרם,false,,27.90,0.1116,true,1,1012131
7290014673434,false,תבלין בשקית פלפל שחור גרוס דק 80 ג,א.ל ייצור ושיווק תבל,,תבלין בשקית פלפל שחו,גרמים,80.00,100 גרם,false,,8.90,0.1113,true,1,4662847
7290014673618,false,תבלינים זנגביל בצנצנת 30 גרם,א.ל ייצור ושיווק תבל,IL,זנגביל 30 גרם חדש,יח',1.00,יח',false,,11.50,11.5000,true,1,1078383
7290014674004,false,קריספ פירורי לחם עם שומשום ומלח ים 300גר,א.ל ייצור ושיווק תבל,IL,קריספ פירורי לחם עם,גרמים,300.00,100 גרם,false,,7.50,0.0250,true,1,6861297
7290014692299,false,גבינת ברי 125 ג' קסטיאלו ויליפוד,יורו צ'יז Euro Cheese,DK,גבינת ברי 125גר יורו,גרמים,125.00,100 גרם,false,,14.90,0.1192,true,1,1051790
7290014692305,false,גבינת קממבר 125ג' CASTELLO ויליפוד,הנסיך- מפעל לייצור ט,DK,גבינת קממבר 125גר יו,גרמים,125.00,100 גרם,false,,14.90,0.1192,true,1,1051791
7290014692817,false,גבינת מוצרלה מגורדת 200 ג' EURO CHEESE ויליפוד,הנסיך- מפעל לייצור ט,IL,גבינת מוצרלה מגורדת,גרמים,200.00,100 גרם,false,,10.90,0.0545,true,1,1051793
7290014704121,false,קקאו בשקית רמי לוי 150 גרם,רמי לוי,BE,קקאו בשקית רמי לוי 1,גרמים,150.00,100 גרם,false,,4.90,0.0327,true,1,1196683
7290014704145,false,קפה נמס רמי לוי 200 גרם,רמי לוי,BE,קפה נמס רמי לוי 200,גרמים,200.00,100 גרם,false,,14.90,0.0745,true,1,1196685
7290014704244,false,שוקלטה אבקה להכנת שוקו רמי לוי 850 גרם,,,שוקלטה אבקה להכנת שו,גרמים,850.00,100 גרם,false,,13.90,0.0164,true,1,1855229
7290014704565,false,קפה טורקי קלוי טחון 125גר רמילוי,,,קפה טורקי קלוי טחון,גרמים,125.00,100 גרם,false,,7.90,0.0632,true,1,6848278
7290014712539,false,"יוגורט בקבוק בטעם תות שדה 500 מ""ל הכפר",מחלבת בת הרים,IL,יוגורט תות שדה 500 מ,מיליליטרים,500.00,"100 מ""ל",false,,15.90,0.0318,true,1,6718520
7290014748651,false,דג טוב פילה אמנון מצופה נתח שלם 360 גרם,מוצרי עוף טוב (2001),IL,דג טוב פילה אמנון מצ,גרמים,360.00,100 גרם,false,,31.90,0.0886,true,1,5247389
7290014749078,false,מקלוני קבנוס עוף טוב 200 גרם,עיצובים 2020 (4.9),IL,קבנוס 200 גר,גרמים,200.00,100 גרם,false,,15.90,0.0795,true,1,6280905
7290014749245,false,ספיישל רצועות שניצל שומשום עוף טוב 600 גרם,מוצרי עוף טוב (2001),IL,עוף טוב רצועות שניצל,גרמים,600.00,100 גרם,false,,29.80,0.0497,true,1,6555891
7290014749764,false,עוף טוב שניצל עוף ביתי עדין כזה 700 גרם,מוצרי עוף טוב (2001),IL,שניצל עוףטוב ביתי עד,גרמים,700.00,100 גרם,false,,29.90,0.0427,true,1,6705416
7290014749849,false,שניצל דק ענק קריספי שומשום עוף טוב 720 גר',מולינו ניקולי s.p.a,IL,עוף טוב שניצל דק ענק,גרמים,720.00,100 גרם,false,,27.90,0.0387,true,1,6783764
7290014749863,false,עוף טוב שניצל דק ענק קריספי צ'יפס 720 גרם,מוצרי עוף טוב (2001),IL,עוף טוב שניצל דק ענק,גרמים,720.00,100 גרם,false,,27.90,0.0387,true,1,6783765
7290014749887,false,עוף טוב שניצל דקענק קריספ קלאסי 720 גרם,מולינו ניקולי s.p.a,IL,עוף טוב שניצל עוף דק,גרמים,720.00,100 גרם,false,,29.90,0.0415,true,1,6786165
7290014758100,false,מאגדת יוגורט ביו 3% שומן 8 יח' *150ג' תנובה,מיוצר עי קונדיטוריית,IL,מאגדת יוגורט ביו 3%,קילוגרמים,1.20,"ק""ג",false,,15.90,13.2500,true,1,1016358
7290014758117,false,מאגדת יוגורט ביו 1.5% שומן 8 יח' *150 ג' תנובה,מיוצר עי קונדיטוריית,IL,מאגדת יוגורט ביו 1.5,קילוגרמים,1.20,"ק""ג",false,,15.90,13.2500,true,1,1016359
7290014758162,false,חלב עיזים מלא 3.6% קרטון 1 ל' תנובה,תנובה מרכז שיתופי לש,IL,חלב עיזים מלא 3.7% ת,ליטרים,1.00,ליטר,false,,13.90,13.9000,true,1,1016362
7290014758681,false,קוטג תנובה 1% גביע 250 גרם,מיוצר עי קונדיטוריית,IL,קוטג תנובה 1% גביע 2,גרמים,250.00,100 גרם,false,,5.40,0.0216,true,1,1016379
7290014759084,false,גבינת שמנת 16% בטעם טבעי 225 ג' נפוליאון,תנובה מרכז שיתופי לש,IL,נפוליאון 16% גביע 22,גרמים,225.00,100 גרם,false,,12.90,0.0573,true,1,1016386
7290014759534,false,גבינה בולגרית למריחה טבעי 5% 200 ג' פיראוס,"תנובה, מחלבת תל יוסף",IL,בולגרית למריחה תנובה,גרמים,200.00,100 גרם,false,,12.90,0.0645,true,1,1016391
7290014759909,false,פטה עיזים 5% פיראוס גביע 250 גרם,"תנובה, מחלבת טנא נוג",IL,פטה 5% 250גר,גרמים,250.00,100 גרם,false,,26.90,0.1076,true,1,1064042
7290014759978,false,"גבינת קצקבל פלח גלעד 27%, 200 ג'",תנובה חלב,IL,קצקבל גלעד 27% פלח 2,גרמים,200.00,100 גרם,false,,24.90,0.1245,true,1,1016399
7290014759985,false,"גבינת פרמזן גבע 23% פלח, 200 ג'",תנובה חלב,IL,פלח פרמזן גבע 23% 20,גרמים,200.00,100 גרם,false,,23.90,0.1195,true,1,1016400
7290014759992,false,גבינת רוקפור גליל פלח 140 ג' תנובה,"תנובה, מחלבת תל יוסף",IL,רוקפור 140 גרם תנובה,גרמים,140.00,100 גרם,false,,18.50,0.1321,true,1,1016401
7290014760134,false,מעדן סויה בטעם וניל אלטרנטיב,תנובה Alternative,IL,מעדן סויה בטעם וניל,גרמים,125.00,100 גרם,false,,3.90,0.0312,true,1,1087325
7290014760141,false,משקה שקדים תנובה E אלטרנטיב,תנובה Alternative,IL,משקה שקדים טרי 1 ליט,ליטרים,1.00,ליטר,false,,11.60,11.6000,true,1,1179590
7290014760448,false,גבינה צהובה גלבוע 400 גרם 22% שומן תנובה,מחלבת בית יצחק,IL,גלבוע 22% 400 גרם,גרמים,400.00,100 גרם,false,,22.90,0.0572,true,1,1083770
7290014760912,false,פרוסות גבינה 28% שומן 400 ג' גוש חלב,תנובה מרכז שיתופי לש,IL,גוש חלב כשרות מהדרין,גרמים,400.00,100 גרם,false,,24.90,0.0622,true,1,1083771
7290014761018,false,גיל בטעם וניל תנובה,תנובה מרכז שיתופי לש,IL,גיל בטעם וניל,גרמים,125.00,100 גרם,false,,1.30,0.0104,true,1,1091150
7290014761056,false,מעדן שוקולד חלב מעולה 123 ג' יולו,מיוצר עי קונדיטוריית,IL,YOLO מעדן שוקולד חלב,גרמים,122.00,100 גרם,false,,4.30,0.0352,true,1,1136648
7290014761063,false,מעדן שוקולד מריר מעולה 123 ג' יולו,מיוצר עי קונדיטוריית,IL,YOLO מעדן שוקולד מרי,גרמים,122.00,100 גרם,false,,4.30,0.0352,true,1,1136649
7290014761070,false,מעדן שוקולד לבן מעולה 123 ג' יולו,מיוצר עי קונדיטוריית,IL,YOLO מעדן שוקולד לבן,גרמים,122.00,100 גרם,false,,4.30,0.0352,true,1,1136650
7290014761193,false,יוגורט עם פירות יער 1.5% שומן 125 ג' פרילי,תנובה מרכז שיתופי לש,IL,פרילי פירות יער 125ג,גרמים,125.00,100 גרם,false,,3.30,0.0264,true,1,1147262
7290014761414,false,יולו מעדן שכבות שוקולד חלב ולבן 123 גר,מיוצר עי קונדיטוריית,IL,YOLO מעדן שכבות שוקו,גרמים,122.00,100 גרם,false,,4.30,0.0352,true,1,1136653
7290014761438,false,פיראוס בולגרית קלאסית 24% סמי מעדניה 400,תנובה מרכז שיתופי לש,IL,סמי בולגרית 24% קלאס,גרמים,400.00,100 גרם,false,,25.80,0.0645,true,1,1130360
7290014761612,false,YOLO מעדן שכבות שוקולד מריר ולבן מעולה,מיוצר עי קונדיטוריית,IL,YOLO מעדן שכבות שוקו,גרמים,122.00,100 גרם,false,,4.30,0.0352,true,1,1162232
7290014762756,false,נפוליאון גבינת שמנת עם בצל 16% שומן,תנובה חלב,IL,נפוליאון 16% בצל.,גרמים,225.00,100 גרם,false,,12.90,0.0573,true,1,1266703
7290014762800,false,מעדן סויה שוקולד גביע 125 גרם אלטרנטיב,תנובה מרכז שיתופי לש,IL,מעדן סויה שוקולד גבי,גרמים,125.00,100 גרם,false,,3.70,0.0296,true,1,3461382
7290014762909,false,"פתיתי גבנ""צ מוצרלה 200 גרם ""השף הלבן""","תנובה, מחלבת תל יוסף",IL,פתיתי מוצרלה 200 גר,גרמים,200.00,100 גרם,false,,15.90,0.0795,true,1,1416519
7290014762947,false,לאבנה גלילית 11% שומן 750 ג' פיראוס,תנובה,IL,לאבנה גלילית פיראוס,גרמים,750.00,100 גרם,false,,23.70,0.0316,true,1,1332647
7290014763098,false,קרם גבינת שמנת 5% עם פלפל שום ובצל 200 ג' תנובה,תנובה,IL,קרם גבינת שמנת 5% טו,גרמים,200.00,100 גרם,false,,10.90,0.0545,true,1,1416522
7290014763272,false,יוגורט סויה BIO לשתיה תות ובננה אלטרנטיב,תות תעשיות מזון (201,IL,משקה סויה ביו עם תות,מיליליטרים,250.00,"100 מ""ל",false,,4.90,0.0196,true,1,1565621
7290014763395,false,גבינה צהובה עמק פרוס 28% 600 גרם מהדרין,תנובה מרכז שיתופי לש,IL,עמק סמי מהדרין 600 ג,גרמים,600.00,100 גרם,false,,29.90,0.0498,true,1,2298198
7290014763418,false,"כד יוגרט תנובה 4% שומן 1.5 ליטר, מהדרין",תנובה מרכז שיתופי לש,IL,יוגורט כד תנובה 4% 1,ליטרים,1.50,ליטר,false,,16.50,11.0000,true,1,1815558
7290014789913,false,עוגיות אוראו קרם בטעם וניל מארז 176 גרם,מונדלייז,ES,שלישיית עוגיות אוראו קרם,גרמים,528.00,100 גרם,false,,21.90,0.0415,true,1,1028580
7290014821569,false,כבל סנכרון אלומניום אייפון 6 2 מטר,ארטוס,,כבל סנכרון אייפון 6,יח',1.00,יח',false,,29.90,29.9000,true,1,6668669
7290014855434,false,מגבונים בייביסיטר פרפורמנס מבושם רביעיה,בייביסיטר Babysitter,IL,בייביסיטר פרפורמנס מ,יח',4.00,יח',false,,14.90,3.7250,true,1,2726230
7290014855458,false,מגבוני בייביסיטר פרפורמנס ללא בישום מארז 72X4יח',בייביסיטר Babysitter,IL,בייביסיטר פרפורמנס מ,יח',72.00,יח',false,,14.90,0.2069,true,1,2726231
7290014855854,false,מגבונים לחים מועשרים בקמומיל,בייבי בייסיק,,מגבונים בייבי בייסיק,יח',1.00,יח',false,,10.90,10.9000,true,1,3124797
7290014860070,false,"מקלוני אורז ללא גלוטן 5 מ""מ 454גר' (אור)",ניינטי נודל קו,TH,מקלוני אורז ללא גלוט,גרמים,454.00,100 גרם,false,,9.90,0.0218,true,1,1032907
7290014860094,false,"מקלוני אורז ללא גלוטן 3מ""מ 454גר' (אור)",ניינטי נודל קו,TH,מקלוני אורז ללא גלוט,גרמים,454.00,100 גרם,false,,9.90,0.0218,true,1,1032909
7290014860155,false,מחצלת במבו שטוחה 24X24 ס'מ,גולין פנגזו,CN,מחצלת במבו שטוחה 24X,יח',1.00,יח',false,,7.70,7.7000,true,1,1032910
7290014860247,false,שבבי אורז מרובעים ללא גלוטן 227 גרם (Oriental),ליאן תאי רייס,TH,שבבי אורז מרובעים לל,גרמים,227.00,100 גרם,false,,8.50,0.0374,true,1,1052325
7290014860988,false,"שימורי קרם קוקוס 17% 400 מ""ל (TCC) כשר",Theppadungporn cocon,,שימורי קרם קוקוס 17%,מיליליטרים,400.00,"100 מ""ל",false,,9.90,0.0248,true,1,1066821
7290014890145,false,גבינת שמנת בטעם טבעי 25%,גבינות משק יעקבס,IL,שמנת 225 גרם,גרמים,225.00,100 גרם,false,,9.90,0.0440,true,1,3659083
7290014890152,false,גבינת שמנת עם זיתים ירוקים 25%,גבינות משק יעקבס,IL,שמנת זיתים 225 גרם,גרמים,225.00,100 גרם,false,,9.90,0.0440,true,1,3829709
7290014890169,false,גבינת שמנת שום שמיר 25%,גבינות משק יעקבס,IL,שמנת שום שמיר 225 גר,גרמים,225.00,100 גרם,false,,9.90,0.0440,true,1,3936838
7290014890176,false,גבינת ריקוטה בסגנון,מחלבת משק יעקובס,IL,ריקוטה 250 גר,יח',1.00,יח',false,,9.90,9.9000,true,1,5964091
7290014890206,false,קרם פרש 250גרם יעקוב,מחלבת משק יעקובס,IL,קרם פרש 250 גר,יח',1.00,יח',false,,14.90,14.9000,true,1,5964093
7290014890237,false,גבינת קממברט יעקבס 125 גרם,גבינות משק יעקבס,IL,גבינת קממבר בייבי 12,גרמים,125.00,100 גרם,false,,14.70,0.1176,true,1,2648475
7290014890572,false,"יוגורט עיזים משק יעקבס 850 מ""ל",גבינות יעקבס,IL,יוגורט עיזים 850 גר,גרמים,850.00,100 גרם,false,,20.50,0.0241,true,1,6839950
7290014890589,false,"יוגורט יווני משק יעקבס 850 מ""ל",גבינות יעקבס,IL,יוגורט יוני 850 גר,גרמים,850.00,100 גרם,false,,19.50,0.0229,true,1,6839951
7290014890602,false,קממבר בקר אגוזים משק יעקבס 125 גרם,גבינות יעקבס,IL,קממבר בקר אגוזים ביי,גרמים,125.00,100 גרם,false,,16.90,0.1352,true,1,6839984
7290014890619,false,ברי עיזים כמהין משק יעקבס 125 גרם,גבינות משק יעקבס,IL,ברי עיזים כמהין בייב,גרמים,150.00,100 גרם,false,,23.90,0.1593,true,1,6839952
7290014901247,false,"שמפו קרטין לאחר החלקה ועיצוב בחום סטייל 750 מ""ל",א.ל. ארמן ייצור תמרו,IL,750 שמפו קרטין,מיליליטרים,750.00,"100 מ""ל",false,,24.90,0.0332,true,1,1054682
7290014901254,false,"מרכך קרטין לאחר החלקה ועיצוב בחום סטייל 750 מ""ל",א.ל ארמן ייצור תמרוק,IL,750 מרכך קרטין,מיליליטרים,750.00,"100 מ""ל",false,,24.90,0.0332,true,1,1054683
7290014901261,false,"מסכה קרטין לאחר החלקה ועיצוב בחום סטייל 500 מ""ל",א.ל ארמן ייצור תמרוק,IL,500 מסכה קרטין,מיליליטרים,500.00,"100 מ""ל",false,,27.90,0.0558,true,1,1054684
7290014901308,false,משחת שיניים לשיניים רגישות Complete protection,"סמית קליין ביצ'ם בע""",GB,"סנסודיין הגנה מלאה 75 מ""ל",מטרים,75.00,100 מ'ל,false,,23.90,0.3187,true,1,1072489
7290014901315,false,סנסודיין משחה הגנה מלאה אקסטרה פרש 75 מל,"סמית קליין ביצ'ם בע""",GB,סנסודיין הגנה מלאה פרש 75,100 מל,75.00,100 מל,false,,23.90,0.3187,true,1,1069324
7290014905160,false,"הפי מטהר אוויר פניני ריח בניחוחות, 130 גרם",יוליניבר,IT,מפיץ ריח פניני ריח י,גרמים,130.00,100 גרם,false,,10.90,0.0838,true,1,1026563
7290014905207,false,"הג'ל הכחול לניקוי האסלה יעקבי 750 מ""ל",איי פי אס,TR,הג'ל הכחול לניקוי הא,מיליליטרים,750.00,"100 מ""ל",false,,7.90,0.0105,true,1,1026565
7290014905689,false,"נוזל כלים הפי מרוכז 24% תפוח 750 מ""ל",יעקובי הפי,IL,"הפי לכלים 24% 750 מ""",מיליליטרים,750.00,"100 מ""ל",false,,7.90,0.0105,true,1,1125646
7290014905719,false,הפי לימונית למדיח כלים - מנטרל ריחות רעים,יעקבי - הפי Hepi,IT,הפי לימונית למדיח יע,יח',1.00,יח',false,,8.90,8.9000,true,1,1125648
7290014905733,false,"הפי פרפקט לניקוי שמשות 750 מ""ל",יעקובי הפי,TR,חלונות הפי יעקבי 750,מיליליטרים,750.00,"100 מ""ל",false,,6.80,0.0091,true,1,1124323
7290014918009,false,דלי איכותי,,,דלי איכותי,יח',1.00,יח',false,,11.90,11.9000,true,1,1040432
7290014940901,false,לחם פשוט מלא 750 ג' אנג'ל,מאפית אנגל,IL,לחם פשוט מלא 750 אנג,גרמים,750.00,100 גרם,false,,13.90,0.0185,true,1,1157341
7290014962521,false,"טפטפים משחת שיניים לילדים מגיל 2-6 50 מ""ל",כצט CTS,IL,משחת שיניים טפטפים לגילאי,מטרים,50.00,100 מ'ל,false,,10.90,0.2180,true,1,1088715
7290014962538,false,משחת שיניים ג'וניור מנטה מעודן לגילאי 6+,כצט CTS,IL,משחת שיניים טפטפים ג'וניו,מטרים,50.00,100 מ'ל,false,,10.90,0.2180,true,1,1098054
7290014996007,false,ביצים גדולות לארג 12,ביצי הגליל,,ביצים גדולות לארג 12,יח',12.00,יח',false,,12.00,1.0000,true,1,1049550
7290015009027,false,"חומץ בלסמי 500 מ""ל ""daniel""",ר. צ'צ'יק,ES,חומץ בלסמי כשר,מיליליטרים,500.00,"100 מ""ל",false,,17.90,0.0358,true,1,1292742
7290015009041,false,"חומץ תפוחים 500 מ""ל ""daniel""",מנדלז סי.אר. פרודקשן,ES,חומץ תפוחים 500מל,מיליליטרים,500.00,"100 מ""ל",false,,13.60,0.0272,true,1,6622385
7290015009287,false,חומץ בלסמי לבן דניאל,,,חומץ בלסמי לבן 500מל,מיליליטרים,500.00,"100 מ""ל",false,,17.90,0.0358,true,1,6622386
7290015014168,false,בייבי מיקס רמי לוי,,,בייבי מיקס רמי לוי,גרמים,150.00,100 גרם,false,,8.90,0.0593,true,1,3922311
7290015014182,false,לבבות קיסר בנספק רמי לוי,,,לבבות קיסר בנספק רמי,יח',1.00,יח',false,,8.90,8.9000,true,1,3922386
7290015014274,false,צנוניות רמי לוי 500ג,,,צנוניות רמי לוי 500ג,גרמים,500.00,100 גרם,false,,4.90,0.0098,true,1,1252638
7290015014427,false,אורגנו רמי לוי,,,אורגנו רמי לוי,יח',1.00,יח',false,,3.90,3.9000,true,1,3922388
7290015014458,false,מרווה רמי לוי,,,מרווה רמי לוי,יח',1.00,יח',false,,3.90,3.9000,true,1,3922389
7290015014465,false,רוזמרין רמילוי,,,רוזמרין רמילוי,יח',1.00,יח',false,,3.90,3.9000,true,1,3922390
7290015014472,false,קורנית(בוסתן),,,טימין רמי לוי,יח',1.00,יח',false,,3.90,3.9000,true,1,4961433
7290015014922,false,עגבניות שרי צהוב,,,עגבניות שרי צהוב,יח',1.00,יח',false,,9.90,9.9000,true,1,5589438
7290015037204,false,כרוב לבן קצוץ 400 ג' א. הראץ,,,כרוב לבן 400 גרם חסל,גרמים,400.00,100 גרם,false,,11.80,0.0295,true,1,1108814
7290015037211,false,כרוב אדום קצוץ 400 ג' א. הראץ,חסלט,,כרוב אדום 400 גרם חס,גרמים,400.00,100 גרם,false,,11.80,0.0295,true,1,1108815
7290015037228,false,סלט קולסלו 400 גר אוצר הארץ,חסלט,,סלט קולסלו 400 גרם ח,גרמים,400.00,100 גרם,false,,11.80,0.0295,true,1,1108816
7290015037235,false,חסה אייסברג קצוצה 300 גרם חסלט,חסלט,,חסה אייסברג קצוצה 30,גרמים,300.00,100 גרם,false,,12.80,0.0427,true,1,1108854
7290015037242,false,לקט ים תיכוני 350 גרם-א.הארץ,,,לקט ים תיכוני 350 גר,גרמים,350.00,100 גרם,false,,12.80,0.0366,true,1,1108855
7290015037273,false,פטרוזיליה אוצר הארץ - מהדרין,נסטלה שוויץ - רורשאך,IL,פטרוזיליה (שקית ) חס,יח',1.00,יח',false,,6.30,6.3000,true,1,1108817
7290015037280,false,כוסברה אוצר הארץ - מהדרין,ס.ר.ל פוסטל,IL,כוסברה (שקית) חסלט,יח',1.00,יח',false,,6.30,6.3000,true,1,1108818
7290015037297,false,שמיר אוצר הארץ - מהדרין,סאאדת,IL,שמיר (שקית ) חסלט,יח',1.00,יח',false,,6.30,6.3000,true,1,1108819
7290015037396,false,נענע אוצר הארץ - מהדרין,סאלט,IL,נענע (שקית )חסלט,יח',1.00,יח',false,,6.30,6.3000,true,1,1108820
7290015037419,false,סלרי אוצר הארץ חסלט,עבאדי,IL,סלרי (שקית ) חסלט,יח',1.00,יח',false,,7.30,7.3000,true,1,1108822
7290015037426,false,‏עלי סלק שקית - אוצר הארץ,סאן רייז,IL,עלי סלק (שקית) חסלט,יח',1.00,יח',false,,7.30,7.3000,true,1,1108823
7290015037433,false,חסה ערבית (שקית ) חסלט,נסטלה קוריאה - קפה,IL,חסה ערבית (שקית ) חס,יח',1.00,יח',false,,7.30,7.3000,true,1,1108824
7290015037440,false,"כרוב לבן שלם 1 ק""ג -א. הארץ",סאסאטק,IL,כרוב לבן שלם חסלט,קילוגרמים,1.00,"ק""ג",true,,14.50,14.5000,true,1,1108825
7290015037457,false,"כרוב אדום שלם 1 ק""ג -א. הארץ",,,כרוב אדום שלם חסלט,קילוגרמים,1.00,"ק""ג",true,,15.50,15.5000,true,1,1108826
7290015037549,false,חסה ערבית בדץ (שקית,יעל ירק עלים,IL,חסה ערבית בדץ (שקית,יח',1.00,יח',false,,7.80,7.8000,true,1,1146581
7290015037655,false,כרובית קפואה 600 גר' אוצר הארץ,י.ש. ירקות עליים,IL,כרובית מהדרין חסלט 6,גרמים,600.00,100 גרם,false,,29.90,0.0498,true,1,6835313
7290015037662,false,ברוקולי קפוא 600 גר' אוצר הארץ,י.ש. ירקות עליים,IL,ברוקולי מהדרין חסלט,גרמים,600.00,100 גרם,false,,29.90,0.0498,true,1,6838188
7290015037693,false,לבבות חסה במגשית חסלט,נסטלה שוויץ - רורשאך,IL,לבבות חסה במגשית חסל,יח',1.00,יח',false,,12.90,12.9000,true,1,6808790
7290015039055,false,"רוטב צ'ילי חריף תאילנדי וילי פוד 700 מ""ל",הנסיך- מפעל לייצור ט,TH,רוטב צ'ילי חריף תאיל,מיליליטרים,700.00,"100 מ""ל",false,,9.50,0.0136,true,1,1058043
7290015039246,false,נתחי טונה בשמן צמחי רביעיה * 160 ג' וילי פוד,וילי פוד,TH,טונה בשמן רביעייה 16,גרמים,640.00,100 גרם,false,,19.70,0.0308,true,1,1108476
7290015039253,false,וילי פוד עלי גפן במי מלח 620 גר,קוראהן פזלרמה וי דיס,TR,עלי גפן במלח וילי פו,גרמים,620.00,100 גרם,false,,8.90,0.0144,true,1,1083647
7290015039338,false,נתחי טונה במי מלח רביעיה * 160 ג' וילי פוד,וילי פוד,IL,טונה רביעייה במים 16,גרמים,640.00,100 גרם,false,,19.70,0.0308,true,1,1108477
7290015057110,false,מקלות חמוצים בטעם תות שדה 18ג,אלבן מזון תעשיות ומס,TR,מקלות חמוצים תות 18,גרמים,18.00,100 גרם,false,,1.50,0.0833,true,1,1056809
7290015057127,false,מקלות חמוצים קולה 20 גרם טעמן,אלבן מזון תעשיות ומס,TR,מקלות חמוצים קולה 18,יח',1.00,יח',false,,1.50,1.5000,true,1,1056810
7290015129121,false,סקיני פסטה נודלס 270 גרם,הוויזאי וואנגייה פוד,CN,סקיני פסטה נודלס 270,גרמים,270.00,100 גרם,false,,9.90,0.0367,true,1,1213589
7290015129220,false,איטריות קונגאק ללא גלוטן 270 גרם skinny,אף.סי תבליני בגליל ב,CN,סקיני פסטה קוסקוס 27,גרמים,270.00,100 גרם,false,,9.90,0.0367,true,1,1213592
7290015129251,false,איטריות קונגאק ללא גלוטן 270 גרם skinny,אף.סי תבליני בגליל ב,CN,סקיני פסטה פטוצ'יני,גרמים,270.00,100 גרם,false,,9.90,0.0367,true,1,1213594
7290015129749,false,סקיני פסטה שיבולת שועל נודלס 270 גרם,הוויזאי וואנגייה,CN,סקיני פסטה שיבולת שו,גרמים,270.00,100 גרם,false,,9.90,0.0367,true,1,6234626
7290015129756,false,סקיני פסטה שיבולת שועל פטוצ'יני 270 גרם,הוויזאי וואנגייה,CN,סקיני פסטה שיבולת שו,גרמים,270.00,100 גרם,false,,9.90,0.0367,true,1,5121994
7290015139250,false,"כרמית שוקולד מריר עם פצפוצי אורז לל""ס",כרמית תעשיות ממתקים,IL,כרמית אגו שוקולד ופי,גרמים,85.00,100 גרם,false,,4.90,0.0576,true,1,1189816
7290015139267,false,שוקולד מריר עם שקדים ללא תוספת סוכר וסטהיים,כרמית תעשיות ממתקים,IL,כרמית אגו שוקולד ושק,גרמים,85.00,100 גרם,false,,4.90,0.0576,true,1,1189817
7290015139526,false,וופל בציפוי ומילוי שוקו ללא גלוטן,כרמית תעשיות ממתקים,IL,חופשי וופל בציפוי שו,גרמים,125.00,100 גרם,false,,6.90,0.0552,true,1,1251583
7290015139533,false,וופל לימון ללא ציפוי 200 ג' -חופשי-ללא גלוטן,כרמית תעשיות ממתקים,IL,חופשי וופל לימון 200,גרמים,200.00,100 גרם,false,,9.90,0.0495,true,1,1251584
7290015139557,false,חופשי ופל שוקו ללא ציפוי 200 גר,כרמית תעשיות ממתקים,IL,אגו וופל שוקולד 200,גרמים,125.00,100 גרם,false,,6.90,0.0552,true,1,1251586
7290015150088,false,מחית עגבניות גראנד איטליה 700 גרם,שוורצקוף& הנקל דיסלד,IT,מחית עגבניות 700גר,גרמים,700.00,100 גרם,false,,12.30,0.0176,true,1,1170368
7290015150118,false,עגבניות חתוכות דק בלה איטליה 3*400 ג',אמיליאנה קונסרב ס.פ.,IL,עגבניות חתוכות דק 21,גרמים,648.00,100 גרם,false,,16.90,0.0261,true,1,1170369
7290015150361,false,תה ירוק נענע סטיביה 25 שקיקים ויסוצקי,ויסוצקי ירוק,IL,תה ירוק נענע סטיביה,יח',1.00,יח',false,,22.90,22.9000,true,1,1169444
7290015150903,false,תה ירוק גן קסום קינמון ודבש 25 שק*1.5 גר,ויסוצקי ירוק,IL,תה ירוק קינמון ודבש,יח',25.00,יח',false,,22.90,0.9160,true,1,1625987
7290015155021,false,פרמיו חטיף דנטלי לכלב ננסי 110גרם,רונדו,DE,פרמיו חטיף דנטלי לכל,גרמים,15.71,100 גרם,false,,9.90,0.6302,true,1,1082855
7290015155250,false,פרמיו כריות סלמון לחתול 60ג,פרמיו Premio,AT,פרמיו חטיף כריות סלמ,100 קילו,60.00,100 קילו,false,,9.90,0.1650,true,1,4730012
7290015155823,false,מחית תפוחי עץ חטיפטף ללא תוספת סוכר,פרוטה פודיווין איי.א,CZ,פרינוק פאוץ' תפוח 12,גרמים,120.00,100 גרם,false,,5.90,0.0492,true,1,3284763
7290015155830,false,מחית תפוחי עץ ובננה חטיפטף ללא תוספת סוכר,פרוטה פודווין איי.אס,CZ,פרינוק פאוץ' תפוח בנ,גרמים,120.00,100 גרם,false,,5.90,0.0492,true,1,3284764
7290015155847,false,מחית סלט פירות חטיפטף ללא תוספת סוכר,פרוטה פודיווין איי.א,CZ,פרינוק פאוץ' סלט פיר,גרמים,120.00,100 גרם,false,,5.90,0.0492,true,1,3284765
7290015155878,false,חטיף אורז אפוי לתינוקות טבעי חטיפטף 28גר,,TH,חטיפטף טבעי 28 גר,גרמים,28.00,100 גרם,false,,8.90,0.3179,true,1,3576611
7290015155885,false,חטיפטף - חטיף אורז אפוי בטעם אוכמניות 28 גרם,,,חטיפטף בטעם אוכמניות,גרמים,28.00,100 גרם,false,,7.90,0.2821,true,1,3576722
7290015155892,false,חטיף אורז אפוי לתינוקות בננה חטיפטף 28גר,,TH,חטיפטף בטעם בננה 28,גרמים,28.00,100 גרם,false,,7.90,0.2821,true,1,3576723
7290015156769,false,מחית פרינוק פאוץ' תפוח ואוכמניות 120 גרם,פרוטה פודווין איי.אס,CZ,פרינוק פאוץ' תפוח וא,גרמים,120.00,100 גרם,false,,5.90,0.0492,true,1,5288153
7290015156776,false,מחית פירות טרופיים חטיפטף ללא תוספת סוכר,פרוטה פודווין איי.אס,CZ,פרינוק פאוץ' פירות ט,גרמים,120.00,100 גרם,false,,5.90,0.0492,true,1,4948552
7290015156790,false,מחית לפתן פירות חטיפטף ללא תוספת סוכר,פרוטה פודווין איי.אס,CZ,פרינוק פאוץ' לפתן פי,גרמים,120.00,100 גרם,false,,5.90,0.0492,true,1,4948553
7290015156813,false,מחית פרינוק פאוץ' פירות מעורבים 120 גרם,פרוטה פודווין איי.אס,CZ,פרינוק פאוץ' פירות מ,גרמים,120.00,100 גרם,false,,5.90,0.0492,true,1,4948554
7290015161121,false,פסטה ספגטי כוסמין 100% מלא אורגני 500 גר',,IT,פסטה ספגטי כוסמין מל,גרמים,500.00,100 גרם,false,,16.90,0.0338,true,1,6793821
7290015161145,false,קוואקר כוסמין מלא עבה 400 גרם נוטרה זן,נוטרה זן NutraZen,DK,קוואקר כוסמין 400 גר,גרמים,400.00,100 גרם,false,,19.90,0.0497,true,1,6785364
7290015161541,false,קוואקר שיבולת שועל אינסטנט ללא גלוטן - 400 גרם,נוטרה זן NutraZen,DK,קוואקר דק ל.גלוטן 40,גרמים,400.00,100 גרם,false,,17.90,0.0447,true,1,6876270
7290015161558,false,קמח שיבולת שועל מלאה אורגני ללא גלוטן,נוטרה זן NutraZen,DK,קמח שיבולת שועל ללא,גרמים,500.00,100 גרם,false,,17.90,0.0358,true,1,6870078
7290015161930,false,"פסטPRO קסרצ'ה פתיתים אורגניים, ללא גלוטן",נוטרה זן NutraZen,IT,פסטה פרוטאין עדשים צ,גרמים,250.00,100 גרם,false,,14.90,0.0596,true,1,6716086
7290015161978,false,פסטPRO עדשים אדומות חומוס ופשתן GF אורגנית 250 ג,נוטרה זן NutraZen,IT,פסטה פרוטאין עדשים א,גרמים,250.00,100 גרם,false,,14.90,0.0596,true,1,6715624
7290015161992,false,"פסטPRO קסרצ'ה פתיתים אורגניים, ללא גלוטן",נוטרה זן NutraZen,IT,פסטה פרוטאין עדשים א,גרמים,250.00,100 גרם,false,,16.80,0.0672,true,1,6715626
7290015164856,false,רוטב קארי אדומה 400 גרם SUREE כשר,טאפאדונגפורן קוקינט,TH,מחית קארי אדומה 400ג,גרמים,400.00,100 גרם,false,,18.70,0.0467,true,1,1104216
7290015178266,false,רוטב פלפלת אוליביה 270 גר,אוליביה,IL,רוטב פלפלת שחורה 270,גרמים,270.00,100 גרם,false,,13.90,0.0515,true,1,6882004
7290015178273,false,רוטב מרינדה לעוף בגריל אוליביה 270 גר,אוליביה,IL,רוטב מרינדה לעוף גרי,גרמים,320.00,100 גרם,false,,13.90,0.0434,true,1,6882005
7290015181181,false,מברשת שירותים ליפסקי,,,מברשת לאסלה ראטן,יח',1.00,יח',false,,24.90,24.9000,true,1,6753995
7290015251464,false,נוזל לחיטוי פירות וירקות רמילוי 1 לי,,,נוזל לחיטוי פירות וי,100 מל,1.00,100 מל,false,,10.90,10.9000,true,1,3892955
7290015264204,false,טחינה שומשום מלא 500ג ממלכת החלבה,,,טחינה שומשום מלא 500,גרמים,500.00,100 גרם,false,,19.90,0.0398,true,1,6797596
7290015325769,false,ג'ל רחצה מועשר נקטר פרחים 750 רמילוי,,,ג'ל רחצה מועשר נקטר,מיליליטרים,750.00,"100 מ""ל",false,,7.90,0.0105,true,1,2924775
7290015325776,false,ג'ל רחצה מועשר פירות אקזוטי 750 רמילוי,,,ג'ל רחצה מועשר פירות,מיליליטרים,750.00,"100 מ""ל",false,,7.90,0.0105,true,1,2924794
7290015325790,false,ג'ל רחצה מועשר חוחובה 750 רמילוי,,,ג'ל רחצה מועשר חוחוב,מיליליטרים,750.00,"100 מ""ל",false,,7.90,0.0105,true,1,2924776
7290015325806,false,תחליב רחצה בניחוח קקטוס 750מל רמילוי,,,תחליב רחצה בניחוח קק,מיליליטרים,750.00,"100 מ""ל",false,,7.90,0.0105,true,1,2924813
7290015325813,false,תחליב רחצה 750מל רמילוי,,,תחליב רחצה 750מל רמי,מיליליטרים,750.00,"100 מ""ל",false,,7.90,0.0105,true,1,2924814
7290015325820,false,תחליב רחצה קוקוס 750מל רמילוי,,,תחליב רחצה קוקוס 750,מיליליטרים,750.00,"100 מ""ל",false,,7.90,0.0105,true,1,2924815
7290015325837,false,תחליב רחצה פרש 750מל רמילוי,,,תחליב רחצה פרש 750מל,מיליליטרים,750.00,"100 מ""ל",false,,7.90,0.0105,true,1,2924816
7290015328050,false,אשפתון 50יח 78*90 עם,,,אשפתון 50יח 78*90 עם,יח',1.00,יח',false,,25.90,25.9000,true,1,5736472
7290015328715,false,האשפתון 65*52 50 יח',,,האשפתון 65*52,יח',1.00,יח',false,,10.90,10.9000,true,1,5058221
7290015328722,false,האשפתון 90*78 2 גליל,,,האשפתון 78*90,20 יח',1.00,20 יח',false,,10.90,10.9000,true,1,5058222
7290015328739,false,האשפתון 75*65 2 גליל,,,האשפתון 65*75,יח',1.00,יח',false,,10.90,10.9000,true,1,5058223
7290015328791,false,נרות חנוכה צבעוניים,,,נרות חנוכה,יח',1.00,יח',false,,2.90,2.9000,true,1,5476981
7290015328807,false,נרות חנוכה לוקס לירו,,,נרות חנוכה לוקס,יח',1.00,יח',false,,5.90,5.9000,true,1,5477016
7290015339483,false,ערמונים קלופים וקלויים טעמן 100ג',טאנגשאלן היואן פוד,CN,ערמונים 100גר,גרמים,100.00,100 גרם,false,,4.90,0.0490,true,1,1153286
7290015348072,false,"למברוסקו אדום 750 מ""ל ""אמיליאנו""",טמפו ברקן 5%,IL,למברוסקו אמיליאנו אדום 75,מיליליטרים,750.00,"100 מ""ל",false,,24.90,0.0332,true,1,1158272
7290015348096,false,"למברוסקו אמיליאנו רוזה 750 מ""ל",טמפו,IL,למברוסקו אמיליאנו רוזה 75,מיליליטרים,750.00,"100 מ""ל",false,,24.90,0.0332,true,1,1158273
7290015350150,false,"יין אדום חצי יבש סגל 750 מ""ל",כרמי צבי - אחים סגל,IL,סגל אדום חצי יבש 750,מיליליטרים,750.00,"100 מ""ל",false,,21.40,0.0285,true,1,6706578
7290015354899,false,חרדל דיז'ון מעודן 350 גרם,ריין דיז'ון reine dijon,FR,חרדל דיז'ון מעודן 35,גרמים,350.00,100 גרם,false,,11.90,0.0340,true,1,5078017
7290015366342,false,ספירה - מילוי נוזלי להרחקת יתושים 2 יח',זובלה,IT,רפיל נוזל להרחקת יתושים ל,יח',2.00,יח',false,,19.90,9.9500,true,1,1153294
7290015366564,false,סנסודיין משחה הלבנה עדינה 75 מל שלישיה,סנסודיין,GB,"סנסודיין דואלקר 75 מ""ל של",מיליליטרים,225.00,"100 מ""ל",false,,45.00,0.2000,true,1,1181530
7290015366663,false,"משחת שיניים מנטה עדין אקווה פרש 100 מ""ל",גלקסוסמיתקליין,SK,"אקוה פרש מנטה 100 מ""ל",מיליליטרים,100.00,"100 מ""ל",false,,5.90,0.0590,true,1,1288755
7290015366670,false,משחת שיניים הגנה משולשת מנטה מרענן,גלקסוסמיתקליין,SK,"אקוה פרש מנטה 100 מ""ל",מיליליטרים,100.00,"100 מ""ל",false,,5.90,0.0590,true,1,1288756
7290015437431,false,רכז רימונים 100% טבעי 420 גר,AROMA PRODUCT ITD,GE,רכז רימונים 100% טבע,גרמים,420.00,100 גרם,false,,18.90,0.0450,true,1,6665368
7290015470094,false,טוסו שוקולד מריר תפוז ללא סוכר 100גרם,ALTINMARKA,TR,טוסו שוקולד מריר תפו,גרמים,100.00,100 גרם,false,,8.90,0.0890,true,1,1793747
7290015568289,false,כוס טרמית TO GO,,,כוס טרמית TO GO,יח',1.00,יח',false,,14.90,14.9000,true,1,1224448
7290015597210,false,מאגדת טילון קורנטו פרווה טבעוני-וויגן פרנדלי,"גלידת שטראוס בע""מ, ר",IL,טילון קורנטו פרווה ט,גרמים,300.00,100 גרם,false,,25.90,0.0863,true,1,4495448
7290015597326,false,מאגדת קרחוני אייס לייט 3 טעמים 260 גר,"גלידת שטראוס בע""מ, ר",IL,מאגדת אייס לייט,גרמים,710.00,100 גרם,false,,19.80,0.0279,true,1,1241290
7290015599023,false,פרוסות צהובה טבעונית בטעם קלאסי,וגה מוצרים טבעוניים VEGA,GR,צהובה טבעונית בטעם ק,גרמים,200.00,100 גרם,false,,23.70,0.1185,true,1,6714231
7290015599047,false,בלוק צהובה טבעונית לגירוד על פיצה 200 גרם ללא גלוטן,וגה מוצרים טבעוניים VEGA,GR,בלוק צהובה טבעונית ל,גרמים,200.00,100 גרם,false,,16.90,0.0845,true,1,6714232
7290015599054,false,פרוסות צהובה טבעונית בטעם גבינת צ'דר,וגה מוצרים טבעוניים VEGA,GR,גבינה צהובה טבעונית,גרמים,200.00,100 גרם,false,,23.70,0.1185,true,1,6714233
7290015599061,false,פרוסות צהובה טבעונית בטעם מוצרלה,וגה מוצרים טבעוניים VEGA,GR,צהובה טבעונית בטעם מ,גרמים,200.00,100 גרם,false,,23.70,0.1185,true,1,6714234
7290015599078,false,פרוסות צהובה טבעונית בתוספת עשבי תיבול,וגה מוצרים טבעוניים VEGA,,צהובה טבעונית ע.תיבו,גרמים,200.00,100 גרם,false,,23.70,0.1185,true,1,6714235
7290015599191,false,גבינת שמנת טבעונית בסגנון קלאסי 170 גרם,ביוטי איילנד פודס בע,,גבינת שמנת טבעונית 1,גרמים,170.00,100 גרם,false,,17.80,0.1047,true,1,6714236
7290015599306,false,גבינת שמנת טבעונית עם עירית 170 גרם,ביוטי איילנד פודס בע,,גבינת שמנת טבעונית ע,גרמים,170.00,100 גרם,false,,17.80,0.1047,true,1,6714237
7290015599504,false,ממרח בטעם חמאה אורגני 225 גרם,גוד פוד פרודקטס S.p,DK,ממרח טעם חמאה אורגני,גרמים,225.00,100 גרם,false,,17.80,0.0791,true,1,6714238
7290015603188,false,אטריות ביצים 454ג' (כ) (fu),פוגקן לונגהי אנלידה,CN,אטריות ביצים 454ג' (,גרמים,454.00,100 גרם,false,,9.90,0.0218,true,1,1227487
7290015603195,false,איטריות בתוספת תרד 454 גרם,פוגקן לונגהי אנלידה,CN,אטריות עם תרד 454ג',גרמים,454.00,100 גרם,false,,9.90,0.0218,true,1,1175582
7290015603201,false,אטריות מחיטה מלאה 454ג' (כ) (fu),xiamen zhongshi impo,CN,אטריות מחיטה מלאה 45,גרמים,454.00,100 גרם,false,,10.40,0.0229,true,1,1196524
7290015603218,false,איטריות בתוספת עגבניות 454 גרם,פוגקן לונגהי אנלידה,CN,אטריות עם עגבניה 454,גרמים,454.00,100 גרם,false,,9.90,0.0218,true,1,1920627
7290015603225,false,איטריות בתוספת גזר 454 גרם,פוגקן לונגהי אנלידה,CN,אטריות עם גזר 454ג',גרמים,454.00,100 גרם,false,,10.40,0.0229,true,1,1920628
7290015603232,false,איטריות בתוספת דלעת 454 גרם,פוגקן לונגהי אנלידה,CN,אטריות עם דלעת 454ג',גרמים,454.00,100 גרם,false,,10.90,0.0240,true,1,1920629
7290015603522,false,"נוזל אגוזי קוקוס 5-7% 400 מ""ל",אסי אטיק גרו אינדוסט,TH,נוזל אגוזי קוקוס 5-7,מיליליטרים,400.00,"100 מ""ל",false,,5.80,0.0145,true,1,1220698
7290015603546,false,"שימורי קרם קוקוס 17-19% 400 מ""ל (ASIATIC)(כ)",אסיאטיק אגרו אינדסטר,TH,שימורי קרם קוקוס 400,מיליליטרים,400.00,"100 מ""ל",false,,8.50,0.0213,true,1,5410608
7290015603560,false,"שימורי קרם קוקוס 20-22% 400 מ""ל (ASIATIC)(כ)",אסי אטיק גרו אינדוסט,TH,שימורי קרם קוקוס 20-,מיליליטרים,400.00,"100 מ""ל",false,,9.60,0.0240,true,1,1220699
7290015603584,false,ג'ינגר לבן כבוש ללא מונוסודיום 160 גרם (כ),לאיווי איפנג פודס קו,CN,ג'ינגר לבן כבוש ללא,גרמים,160.00,100 גרם,false,,7.70,0.0481,true,1,1266377
7290015603591,false,גינגר כבוש וורוד 160 גרם,ננטונג הידה אקוטיק פ,CN,גינגר ורוד 160 גרם,גרמים,160.00,100 גרם,false,,6.90,0.0431,true,1,3726182
7290015644297,false,אנג'ל הלחמניה המלאה 6יח 450 ג',מאפיית שלמה א. אנג'ל,IL,לחמניות פשוט מלא 6 י,גרמים,75.00,100 גרם,false,,10.90,0.1453,true,1,2825354
7290015673013,false,טחון לצלייה צמחוני 500ג,טבע דלי בעמ,IL,טחון לצלייה צמחוני 5,גרמים,500.00,100 גרם,false,,23.90,0.0478,true,1,5310899
7290015673181,false,המבורגר קליפורניה קלאסי עם ברוקולי טבע,טבע דלי,IL,המבורגר עם ברוקולי ט,גרמים,400.00,100 גרם,false,,24.90,0.0622,true,1,3941659
7290015673204,false,קבב מהצומח עם פטרוזיליה 400 גר,טבע דלי בעמ,IL,קבב בולגרי עם פטרוזי,גרמים,400.00,100 גרם,false,,24.90,0.0622,true,1,3941661
7290015681070,false,אובלטים שומשום רמי לוי 300 גרם,רמי לוי,IL,אובלטים שומשום רמי ל,גרמים,300.00,100 גרם,false,,9.90,0.0330,true,1,1196469
7290015681087,false,אובלטים קימל רמי לוי 300 גרם,רמי לוי,IL,אובלטים קימל רמי לוי,גרמים,300.00,100 גרם,false,,9.90,0.0330,true,1,1196470
7290015681100,false,שניצלונים בציפוי שומשום רמי לוי 600 גרם,רמי לוי,IL,שניצלונים בציפוי שומ,גרמים,600.00,100 גרם,false,,23.90,0.0398,true,1,1207699
7290015681117,false,חטיפי עוף רמי לוי 60,רמי לוי,IL,חטיפי עוף רמי לוי 60,גרמים,600.00,100 גרם,false,,23.90,0.0398,true,1,1207700
7290015681131,false,שניצלוני גן חיות רמי לוי 600 גרם,רמי לוי,IL,שניצלוני גן חיות רמי,גרמים,600.00,100 גרם,false,,23.90,0.0398,true,1,1207701
7290015681148,false,נגיסי תירס רמי לוי 750 גרם,רמי לוי,IL,נגיסי תירס רמי לוי 7,גרמים,750.00,100 גרם,false,,19.90,0.0265,true,1,1196605
7290015681155,false,כוכבי תירס רמי לוי 600 גרם,רמי לוי,IL,כוכבי תירס רמי לוי 6,גרמים,600.00,100 גרם,false,,16.90,0.0282,true,1,1196622
7290015681162,false,שניצל תירס רמי לוי 750 גרם,רמי לוי,IL,שניצל תירס רמי לוי 7,גרמים,750.00,100 גרם,false,,19.90,0.0265,true,1,1196623
7290015681179,false,שניצל צמחי רמי לוי 750 גרם,רמי לוי,IL,שניצל צמחי רמי לוי 7,גרמים,750.00,100 גרם,false,,19.90,0.0265,true,1,1196624
7290015681186,false,שניצל עוף אמיתי עם שומשום רמי לוי 700 גרם,רמי לוי,IL,שניצל עוף אמיתי עם ש,גרמים,700.00,100 גרם,false,,27.90,0.0399,true,1,1196625
7290015681209,false,רצועות הודו רמי לוי 650 גרם,רמי לוי,IL,רצועות הודו רמי לוי,גרמים,650.00,100 גרם,false,,29.90,0.0460,true,1,1196627
7290015681254,false,זיתים מרוקאי 600 ג ר,רמי לוי,IL,זיתים מרוקאי 600 ג ר,גרמים,600.00,100 גרם,false,,21.90,0.0365,true,1,1196788
7290015681261,false,זיתים סורי 600 גרם ר,רמי לוי,IL,זיתים סורי 600 גרם ר,גרמים,600.00,100 גרם,false,,14.90,0.0248,true,1,1196789
7290015681278,false,זיתים סנטה גדול 600 ג רמי לוי,רמי לוי,IL,זיתים סנטה גדול 600,גרמים,600.00,100 גרם,false,,14.90,0.0248,true,1,1196790
7290015681285,false,זיתים קלמטה 600 ג רמי לוי,משק משפחת ג'השאן,IL,זיתים קלמטה 600 ג רמ,גרמים,600.00,100 גרם,false,,19.90,0.0332,true,1,1196791
7290015681476,false,קפסולות קפה אספרסו רמי לוי,אספרסו,IT,קפסולות קפה אספרסו ר,10 יח',1.00,10 יח',false,,7.80,7.8000,true,1,1732823
7290015681735,false,מיזלי צימוקים תפוח רמי לוי 400 גרם,דין שיווק,,מיזלי צימוקים תפוח ר,גרמים,400.00,100 גרם,false,,10.40,0.0260,true,1,1195845
7290015681759,false,מיזלי פירות רמי לוי,רמי לוי,,מיזלי פירות רמי לוי,גרמים,400.00,100 גרם,false,,10.40,0.0260,true,1,1195846
7290015681773,false,קינואה רמי לוי 400 גרם,דין שיווק,,קינואה רמי לוי 400 ג,גרמים,400.00,100 גרם,false,,9.90,0.0248,true,1,1193454
7290015681780,false,גרנולה פירות רמי לוי 400 גרם,רמי לוי,,גרנולה פירות רמי לוי,גרמים,400.00,100 גרם,false,,10.40,0.0260,true,1,1195848
7290015681810,false,גרנולה פירות רמי לוי 800 גרם,רמי לוי,,גרנולה פירות רמי לוי,גרמים,800.00,100 גרם,false,,17.90,0.0224,true,1,1195802
7290015681872,false,חטיפי גרנולה צימוקים ותמרים רמי לוי,ויטלה ניקולא דו,MK,חטיפי גרנולה צימוקים,גרמים,175.00,100 גרם,false,,8.90,0.0509,true,1,1195851
7290015733120,false,מטרנה גולד שלב 1 תרכובת מזון על בסיס חלבי,מטרנה,IL,מטרנה גולד שלב 1 700,גרמים,700.00,100 גרם,false,,67.50,0.0964,true,1,4880397
7290015733205,false,תרכובת מזון לתינוקות חלבי שלב 1 אקסטרה קר מהדרין,מטרנה,IL,מטרנה אקסטרה קר מהדר,גרמים,700.00,100 גרם,false,,56.90,0.0813,true,1,5008462
7290015733229,false,תרכובת מזון לתינוקות חלבי שלב 2 אקסטרה קר מהדרין,מטרנה,IL,מטרנה אקסטרה קר מהדר,גרמים,700.00,100 גרם,false,,56.90,0.0813,true,1,5008463
7290015733243,false,מטרנה אקסטרה קייר מהדרין שלב 3 700 גרם,מטרנה,IL,מטרנה אקסטרה קר מהדר,גרמים,700.00,100 גרם,false,,56.90,0.0813,true,1,5008464
7290015733427,false,מטרנה דייסת גם וגם וניל פרו12*300ג 2019,מולינו ניקולי s.p.a,IL,מטרנה דייסת גם וגם ו,יח',1.00,יח',false,,17.90,17.9000,true,1,6696281
7290015733441,false,מטרנה דייסת גם וגם דגנים פרו 300 גר',מטרנה תעשיות ש.מ,IL,מטרנה דייסת גם וגם ד,גרמים,300.00,100 גרם,false,,17.90,0.0597,true,1,6696282
7290015733977,false,תרכובת מזון קומפורט על בסיס חלבי דל לקטוז,מטרנה,IL,מטרנה קומפורט 700 גר,גרמים,700.00,100 גרם,false,,59.90,0.0856,true,1,6773979
7290015781008,false,יין אדום יבש מרלו וי,יקב טפרברג 1870 בעמ,IL,מרלו ויז'יון 750 מ'',מיליליטרים,750.00,"100 מ""ל",false,,38.90,0.0519,true,1,1178330
7290015781015,false,"יין ויז'ן מלבק 750 מ""ל",יקב טפרברג 1870 בעמ,IL,מלבק ויז'יון 750 מ'',מיליליטרים,750.00,"100 מ""ל",false,,38.90,0.0519,true,1,1178331
7290015781046,false,"יין לבן חצי יבש ויזון 750 מ""ל",יקב טפרברג 1870 בעמ,IL,יין לבן חצי יבש ויזו,מיליליטרים,750.00,"100 מ""ל",false,,38.90,0.0519,true,1,1185269
7290015781091,false,"יין ויז'ן קברנה סובניון 750 מ""ל",יקב טפרברג 1870 בעמ,IL,קברנה סובניון ויז'יו,מיליליטרים,750.00,"100 מ""ל",false,,38.90,0.0519,true,1,1178333
7290015781107,false,"סנגובזה אימפרשיאון 750 מ""ל",יקב טפרברג 1870 בעמ,IL,סנגובזה אימפרשן 750,מיליליטרים,750.00,"100 מ""ל",false,,39.90,0.0532,true,1,1178334
7290015781114,false,"יין אימפרשן מרלו 750 מ""ל",יקב טפרברג 1870 בעמ,IL,מרלו אימפרשן 750 מ'',מיליליטרים,750.00,"100 מ""ל",false,,39.90,0.0532,true,1,1178335
7290015781121,false,"קברנה סוביניון אימפרשיאון 750 מ""ל-מרכז",יקב טפרברג 1870 בעמ,IL,קברנה סובניון אימפרש,מיליליטרים,750.00,"100 מ""ל",false,,39.90,0.0532,true,1,1178336
7290015781138,false,"שרדונה אימפרשיאון 750 מ""ל",יקב טפרברג 1870,IL,שרדונה אימפרשן,מיליליטרים,750.00,"100 מ""ל",false,,39.90,0.0532,true,1,1178337
7290015781145,false,ריזלינג בציר מאוחר אימפרשן 500 מ''ל,יקב טפרברג 1870,IL,ריזלינג בציר מאוחר א,מיליליטרים,500.00,"100 מ""ל",false,,39.90,0.0798,true,1,1178338
7290015781169,false,"יין קברנה סוביניון - חצי יבש אימפרשן 750מ""ל",יקב טפרברג 1870 בעמ,IL,אדום חצי יבש אימפרשן,מיליליטרים,750.00,"100 מ""ל",false,,39.90,0.0532,true,1,1178340
7290015781282,false,"יין גוורצטמינר אימפרשן 750מ""ל",יקב טפרברג 1870,IL,גוורצטרמינר אימפרשן,מיליליטרים,750.00,"100 מ""ל",false,,39.90,0.0532,true,1,1178343
7290015781299,false,יין שיראז אדום טפמבר,יקב טפרברג 1870 בעמ,IL,שיראז ויז'יון 750 מ',מיליליטרים,750.00,"100 מ""ל",false,,38.90,0.0519,true,1,1178344
7290015781305,false,"יין אימפרשן סירה 750 מ""ל",יקב טפרברג 1870 בעמ,IL,סירה אימפרשן 750 מ'',מיליליטרים,750.00,"100 מ""ל",false,,39.90,0.0532,true,1,1178345
7290015804899,false,תירס 800 ג,,,תירס 800 ג,גרמים,800.00,100 גרם,false,,8.70,0.0109,true,1,2125473
7290015804905,false,אפונה 800 ג רמילוי,,,אפונה 800 ג רמילוי,גרמים,800.00,100 גרם,false,,8.70,0.0109,true,1,2125533
7290015804912,false,אפונה וגזר 800 ג רמי לוי,,,אפונה וגזר 800 ג רמי,גרמים,800.00,100 גרם,false,,8.70,0.0109,true,1,2125534
7290015804929,false,שעועית ירוקה חתוכה 800 ג רמילוי,,,שעועית ירוקה חתוכה 8,גרמים,800.00,100 גרם,false,,8.70,0.0109,true,1,2125535
7290015804936,false,שעועית צהובה חתוכה 800 גר רמילוי,,,שעועית צהובה חתוכה 8,גרמים,800.00,100 גרם,false,,8.70,0.0109,true,1,2125536
7290015804943,false,שעועית ירוקה שלמה 800 גר רמילוי,,,שעועית ירוקה שלמה 80,גרמים,800.00,100 גרם,false,,9.20,0.0115,true,1,2125537
7290015804950,false,פול ירוק 800 גר רמילוי,,,פול ירוק 800 גר רמיל,גרמים,800.00,100 גרם,false,,10.90,0.0136,true,1,2125538
7290015804967,false,ברוקולי מוקפא 800 גר רמילוי,,,ברוקולי מוקפא 800 גר,גרמים,800.00,100 גרם,false,,16.90,0.0211,true,1,2125539
7290015804981,false,תחתיות ארטישוק מוקפאות 400 גר רמילוי,,,תחתיות ארטישוק מוקפא,גרמים,400.00,100 גרם,false,,8.90,0.0223,true,1,2125541
7290015804998,false,במיה מוקפאות 600 גר רמילוי,,,במיה מוקפאות 600 גר,גרמים,600.00,100 גרם,false,,8.30,0.0138,true,1,2125542
7290015834100,false,"ג'ין לוקסרדו דובדבנים חמוצים- איטליה 700 מ""ל",רמי לוי,,ג'ין לוקסרדו דובדבני,גרמים,350.00,100 גרם,false,,9.30,0.0266,true,1,1241141
7290015834162,false,"קמח לבן רמי לוי 1 ק""ג",רמי לוי,IL,"קמח לבן רמי לוי 1 ק""",יח',1.00,יח',false,,3.90,3.9000,true,1,1196309
7290015834186,false,"קמח תופח רמי לוי 1 ק""ג",רמי לוי,IL,קמח תופח רמי לוי 1 ק,יח',1.00,יח',false,,4.90,4.9000,true,1,1196310
7290015834193,false,"סולת חיטה רמי לוי 1 ק""ג",רמי לוי,IL,סולת חיטה רמי לוי 1,קילוגרמים,1.00,"ק""ג",false,,3.90,3.9000,true,1,1196311
7290015834247,false,קוסקוס בינוני רמי לוי 350 גרם,רמי לוי,IL,קוסקוס בינוני רמי לו,גרמים,350.00,100 גרם,false,,4.50,0.0129,true,1,1196753
7290015834254,false,קוסקוס עבה רמי לוי 350 גרם,רמי לוי,IL,קוסקוס עבה רמי לוי 3,גרמים,350.00,100 גרם,false,,4.50,0.0129,true,1,1196754
7290015834285,false,פתיתים אורז רמי לוי 500 גרם,רמי לוי,IL,פתיתים אורז רמי לוי,גרמים,500.00,100 גרם,false,,4.50,0.0090,true,1,1196755
7290015834292,false,פתיתים קוסקוס רמי לוי 500 גרם,רמי לוי,IL,פתיתים קוסקוס רמי לו,גרמים,500.00,100 גרם,false,,4.50,0.0090,true,1,1196756
7290015834315,false,"דבש טהור רמי לוי 1 ק""ג",עמק חפר,RO,דבש טהור רמי לוי 1 ק,יח',1.00,יח',false,,34.90,34.9000,true,1,1196826
7290015834339,false,דבש בצנצנת רמי לוי 350 גרם,דבש עמק חפר,RO,דבש בצנצנת רמי לוי 3,גרמים,350.00,100 גרם,false,,15.90,0.0454,true,1,1196827
7290015834445,false,"ציפס סטיק רמי לוי 2 ק""ג",קפוא-זן,BE,ציפס סטיק רמי לוי 2,קילוגרמים,2.00,"ק""ג",false,,22.90,11.4500,true,1,1196634
7290015834469,false,פרוסות דקל רמי לוי 220 גרם,טעמן,,פרוסות דקל רמי לוי 2,גרמים,220.00,100 גרם,false,,7.90,0.0359,true,1,1241144
7290015834476,false,"דבש טהור רמי לוי 1 ק""ג",רמי לוי,RO,דבש טהור רמי לוי 1 ק,100 קג,1.00,100 קג,false,,34.90,34.9000,true,1,6869900
7290015834483,false,דבש לחיץ רמי לוי 250 גרם,רמי לוי,IL,דבש לחיץ רמי לוי 250,גרמים,250.00,100 גרם,false,,12.90,0.0516,true,1,1195282
7290015834940,false,מלפפון במלח 18-25 רמי לוי 320 גרם,רמי לוי,IL,מלפפון במלח 18-25 רמ,גרמים,320.00,100 גרם,false,,10.90,0.0341,true,1,1196833
7290015834988,false,פרורי לחם לבנים רמי לוי 200 גרם,רמי לוי,ES,פרורי לחם לבנים רמי,גרמים,200.00,100 גרם,false,,3.50,0.0175,true,1,1221870
7290015835039,false,כריות יפניות עבות רמי לוי 6 יח,רמי לוי,,כריות יפניות עבות רמ,100 יח',6.00,100 יח',false,,7.50,1.2500,true,1,1196875
7290015835046,false,כריות יפניות רמי לוי 9 יח,,,כריות יפניות רמי לוי,100 יח',9.00,100 יח',false,,8.60,0.9556,true,1,1274639
7290015835053,false,כריות קרצוף ארוכות רמי לוי,רמי לוי,,כריות קרצוף ארוכות ר,100 יח',1.00,100 יח',false,,7.50,7.5000,true,1,1196876
7290015835060,false,כריות קרצוף רמי לוי 10 יח,רמי לוי,,כריות קרצוף רמי לוי,100 יח',10.00,100 יח',false,,5.10,0.5100,true,1,1196877
7290015835077,false,ברזלית צילינדר רמי לוי 4 יח רמי לוי,פלסטו פוליש,IL,ברזלית צילינדר רמי ל,100 יח',4.00,100 יח',false,,7.90,1.9750,true,1,1196878
7290015835091,false,כריות יפניות רמי לוי 4 יח,רמי לוי,,כריות יפניות רמי לוי,100 יח',4.00,100 יח',false,,7.50,1.8750,true,1,1196880
7290015835107,false,צמר פלדה רמי לוי 350 גרם,רמי לוי,,צמר פלדה רמי לוי 350,גרמים,350.00,100 גרם,false,,8.90,0.0254,true,1,1196881
7290015835114,false,צמר פלדה רמי לוי 100 גרם,רמי לוי,,צמר פלדה רמי לוי 100,גרמים,100.00,100 גרם,false,,2.90,0.0290,true,1,1196882
7290015835121,false,מטליות רמי לוי 9 יח,רמי לוי,,מטליות רמי לוי 9 יח,יח',9.00,יח',false,,7.90,0.8778,true,1,1196883
7290015835411,false,גרנולה אגוזים רמי לוי 400 גרם,רמי לוי,,גרנולה אגוזים רמי לו,גרמים,400.00,100 גרם,false,,10.40,0.0260,true,1,1195852
7290015835428,false,מוזלי פירות רמי לוי 800 גרם,דין שיווק,,מוזלי פירות רמי לוי,גרמים,800.00,100 גרם,false,,14.90,0.0186,true,1,1195853
7290015835435,false,מוזלי אגוזים רמי לוי 400 גרם,רמי לוי,,מוזלי אגוזים רמי לוי,גרמים,400.00,100 גרם,false,,10.40,0.0260,true,1,1195854
7290015835466,false,פרורי לחם גריל 200גר רמי לוי,רמי לוי,ES,פרורי לחם גריל 200גר,גרמים,200.00,100 גרם,false,,3.50,0.0175,true,1,1223176
7290015835510,false,קנלוני רמי לוי 250 גרם,פסטיפיציו,IT,קנלוני רמי לוי 250 ג,גרמים,250.00,100 גרם,false,,7.90,0.0316,true,1,1196758
7290015835527,false,לזניה רמי לוי 500 גרם,פסטיפיציו,IT,לזניה רמי לוי 500 גר,גרמים,500.00,100 גרם,false,,11.90,0.0238,true,1,1532149
7290015835572,false,פרורי לחם שומשום 200גר רמי לוי,רמי לוי,ES,פרורי לחם שומשום 200,גרמים,200.00,100 גרם,false,,3.50,0.0175,true,1,1196478
7290015835633,false,"וופל טעם שוקולד רמי לוי 1 ק""ג",,,וופל טעם שוקולד רמי,קילוגרמים,1.00,"ק""ג",false,,16.90,16.9000,true,1,1270506
7290015835640,false,וופל טעם שוקולד רמי לוי 300 גרם,מנעמים,IL,וופל טעם שוקולד רמי,גרמים,300.00,100 גרם,false,,4.50,0.0150,true,1,1270507
7290015835756,false,שיבולת שועל דק רמי לוי 500 גרם,רמי לוי,,שיבולת שועל דק רמי ל,גרמים,500.00,100 גרם,false,,4.50,0.0090,true,1,1193455
7290015835763,false,שיבולת שועל עבה רמי לוי 500 גרם,רמי לוי,,שיבולת שועל עבה רמי,גרמים,500.00,100 גרם,false,,4.50,0.0090,true,1,1193456
7290015835817,false,אטריות דקיקות 400 גרם רמי לוי,רמי לוי,,אטריות דקיקות 400 גר,גרמים,400.00,100 גרם,false,,4.50,0.0113,true,1,1196351
7290015835824,false,אטריות דקות 400 גרם רמי לוי,רמי לוי,,אטריות דקות 400 גרם,גרמים,400.00,100 גרם,false,,4.50,0.0113,true,1,1196352
7290015835930,false,מגבות נייר רמי לוי 8 יח,רמי לוי,,מגבות נייר רמי לוי 8,יח',1.00,יח',false,,13.50,13.5000,true,1,1190480
7290015835947,false,נייר טואלט רמי לוי 40 יח,רמי לוי,,נייר טואלט רמי לוי 4,יח',1.00,יח',false,,35.90,35.9000,true,1,1190481
7290015835954,false,מפיות נייר רמי לוי 100 יח,רמי לוי,,מפיות נייר רמי לוי 1,יח',1.00,יח',false,,4.90,4.9000,true,1,1190482
7290015835961,false,נייר טואלט חתוך 800 יח רמי לוי,,,נייר טואלט חתוך 800,יח',800.00,יח',false,,17.90,0.0224,true,1,4680243
7290015835978,false,ממחטות מארז חמישייה רמי לוי,רמי לוי,,ממחטות מארז חמישייה,יח',1.00,יח',false,,11.80,11.8000,true,1,1190483
7290015855228,false,אספרגוס א.אדמה,אדמה,,אספרגוס א.אדמה,גרמים,230.00,100 גרם,false,,27.90,0.1213,true,1,1250696
7290015856331,false,קרם קרקר חיטה מלאה 2,,,קרם קרקר חיטה מלאה 2,גרמים,250.00,100 גרם,false,,6.90,0.0276,true,1,5059479
7290015856348,false,קרם קרקר חיטה מלאה ו,,,קרם קרקר חיטה מלאה ו,גרמים,250.00,100 גרם,false,,6.90,0.0276,true,1,5059480
7290015856355,false,קרקר 110 גרם רמי לוי,,,קרקר 110 גרם רמי לוי,גרמים,110.00,100 גרם,false,,2.30,0.0209,true,1,5025195
7290015856362,false,קרקר 110 גרם רמי לוי,,,קרקר 110 גרם רמי לוי,גרמים,110.00,100 גרם,false,,2.30,0.0209,true,1,5025196
7290015856393,false,חטיפי קרקר מלח ים 350ג רמילוי,,,חטיפי קרקר מלח ים 35,גרמים,350.00,100 גרם,false,,6.90,0.0197,true,1,5199620
7290015856416,false,חטיפי קרקר בצל 350ג רמילוי,,,חטיפי קרקר בצל 350ג,גרמים,350.00,100 גרם,false,,6.90,0.0197,true,1,5199622
7290015856423,false,קרקר עם בצל 110ג רמילוי,,,קרקר עם בצל 110ג רמי,גרמים,110.00,100 גרם,false,,2.30,0.0209,true,1,5199623
7290015856430,false,דגדגים 200גר רמי לוי,,,דגדגים 200גר רמי לוי,גרמים,200.00,100 גרם,false,,4.50,0.0225,true,1,5310860
7290015856720,false,סנקסו חטיף אפונה אפוי עם זעתר 50 גרם,תות תעשיות מזון (201,IL,חטיף אפונה אפוי עם ז,גרמים,50.00,100 גרם,false,,5.70,0.1140,true,1,6689138
7290015856973,false,פתי בר ללא סוכר 150 גר הדר וניל,,,"ביסקוויט וניל ללת""ס",גרמים,150.00,100 גרם,false,,5.80,0.0387,true,1,6857745
7290015858106,false,"ממרח פסטו ביתי 180 גרם ""עללחם""",מדשא תעשיות מזון בעמ,IL,עללחם פסטו ביתי 180ג,גרמים,180.00,100 גרם,false,,15.90,0.0883,true,1,6074313
7290015858113,false,"ממרח עגבניות מיובשות 180 גרם ""טריטרי""",מדשא תעשיות מזון בעמ,IL,עללחם ממרח עגבניות מ,גרמים,180.00,100 גרם,false,,15.90,0.0883,true,1,6074314
7290015858144,false,ממרח ארטישוק עללחם 180 גרם,מדשא תעשיות מזון בעמ,IL,עללחם ממרח ארטישוק 1,גרמים,180.00,100 גרם,false,,15.90,0.0883,true,1,6074315
7290015858175,false,ממרח פלפלים קלויים עללחם 180 גרם,מדשא תעשיות מזון בעמ,IL,עללחם ממרח פלפלים קל,גרמים,180.00,100 גרם,false,,15.90,0.0883,true,1,6074316
7290015858229,false,"טפנד זיתי קלמטה 180 גרם ""עללחם""",מדשא תעשיות מזון בעמ,IL,עללחם טפנד זיתי קלמט,גרמים,180.00,100 גרם,false,,15.90,0.0883,true,1,6074318
7290015858328,false,עללחם ממרח איולי פסטו 295 גרם,מדשא תעשיות מזון בעמ,IL,איולי פסטו עללחם 295,גרמים,295.00,100 גרם,false,,12.90,0.0437,true,1,6920008
7290015858427,false,שלישיית ממרחים שמאפשרת לגוון עללחם 240 גרם,מדשא תעשיות מזון,IL,מארז עללחם,גרמים,240.00,100 גרם,false,,19.90,0.0829,true,1,6877763
7290015858441,false,עללחם ממרח איולי פלפלים 295 גרם,מדשא תעשיות מזון בעמ,IL,איולי פלפלים עללחם 2,גרמים,295.00,100 גרם,false,,12.90,0.0437,true,1,6920009
7290015858687,false,עללחם ממרח איולי שום 295 גרם,מדשא תעשיות מזון בעמ,IL,איולי שום עללחם 295,גרמים,295.00,100 גרם,false,,12.90,0.0437,true,1,6920010
7290015858694,false,עללחם ממרח איולי שום לימון 295 גרם,מדשא תעשיות מזון בעמ,IL,איולי שום לימון עללח,גרמים,295.00,100 גרם,false,,12.90,0.0437,true,1,6920011
7290015865722,false,קונפיטורת תות שדה לייט 400 גרם,ענבי ציון,IL,קונפיטורת תות שדה לי,גרמים,400.00,100 גרם,false,,19.70,0.0492,true,1,6830208
7290015865746,false,קונפיטורת פירות יער לייט 400 ג,ענבי ציון,IL,קונפיטורת פירות יער,גרמים,400.00,100 גרם,false,,19.70,0.0492,true,1,6830210
7290015872096,false,חומוס שמיר אסלי 700 גר',"סלטי שמיר 2006 בע""מ",IL,חומוס אסלי 700גר,גרמים,700.00,100 גרם,false,,9.90,0.0141,true,1,6919705
7290015888301,false,שמן חמניות שוקחה 3 ל,אל אל סי פרייקלוטניא,FR,שמן חמניות 3 ליטר X,ליטרים,3.00,ליטר,false,,36.50,12.1667,true,1,6762278
7290015899093,false,תרסיס ניקוי נירוסטה 500 מל,,,תרסיס ניקוי נירוסטה,מיליליטרים,500.00,"100 מ""ל",false,,12.90,0.0258,true,1,3873331
7290015899109,false,תרסיס מבריק רהיטים רמילוי 300 מל,,,תרסיס מבריק רהיטים ר,מיליליטרים,300.00,"100 מ""ל",false,,8.90,0.0297,true,1,3959859
7290015899215,false,אקונומיקה ללא בישום רמי לוי 4 ליטר,רמי לוי,IL,אקונומיקה ללא בישום,ליטרים,4.00,ליטר,false,,8.90,2.2250,true,1,1193547
7290015899222,false,אקונומיקה מבושמת סמיכה רמי לוי 4 ליטר,רמי לוי,IL,אקונומיקה מבושמת סמי,ליטרים,4.00,ליטר,false,,9.90,2.4750,true,1,1193548
7290015899239,false,אקונומיקה מבושמת רמי לוי 4 ליטר,רמי לוי,IL,אקונומיקה מבושמת רמי,ליטרים,4.00,ליטר,false,,9.90,2.4750,true,1,1193549
7290015899246,false,מרכך צהוב רמי לוי 4 ליטר,רמי לוי,IL,מרכך צהוב רמי לוי 4,ליטרים,4.00,ליטר,false,,15.90,3.9750,true,1,1193550
7290015899253,false,מרכך כביסה ורוד רמי לוי 4 ליטר,רמי לוי,IL,מרכך כביסה ורוד רמי,ליטרים,4.00,ליטר,false,,15.90,3.9750,true,1,1193551
7290015899260,false,מרכך כביסה לבן רמי לוי 4 ליטר,רמי לוי,IL,מרכך כביסה לבן רמי ל,ליטרים,4.00,ליטר,false,,15.90,3.9750,true,1,1193552
7290015899277,false,מרכך כביסה כחול רמי לוי 4 ליטר,רמי לוי,IL,מרכך כביסה כחול רמי,ליטרים,4.00,ליטר,false,,15.90,3.9750,true,1,1193553
7290015899291,false,מרכך מרוכז צהוב רמי לוי 1 ליטר,רמי לוי,IL,מרכך מרוכז צהוב רמי,ליטרים,1.00,ליטר,false,,9.50,9.5000,true,1,1193555
7290015899307,false,מרכך מרוכז ורוד רמי לוי 1 ליטר,רמי לוי,IL,מרכך מרוכז ורוד רמי,ליטרים,1.00,ליטר,false,,9.50,9.5000,true,1,1193556
7290015899314,false,מרכך מרוכז לבן רמי לוי 1 ליטר,רמי לוי,IL,מרכך מרוכז לבן רמי ל,ליטרים,1.00,ליטר,false,,9.50,9.5000,true,1,1193557
7290015899321,false,מרכך מרוכז כחול רמי לוי 1 ליטר,רמי לוי,IL,מרכך מרוכז כחול רמי,ליטרים,1.00,ליטר,false,,9.50,9.5000,true,1,1193558
7290015899338,false,"מבשם כביסה לבן רמי לוי 500 מ""ל",רמי לוי,IL,מבשם כביסה לבן רמי ל,מיליליטרים,500.00,"100 מ""ל",false,,10.90,0.0218,true,1,1193559
7290015899345,false,"מבשם כביסה ורוד רמי לוי 500 מ""ל",רמי לוי,IL,מבשם כביסה ורוד רמי,מיליליטרים,500.00,"100 מ""ל",false,,10.90,0.0218,true,1,1193560
7290015899406,false,נוזל רצפות כחול רמי לוי 4 ליטר,רמי לוי,IL,נוזל רצפות כחול רמי,ליטרים,4.00,ליטר,false,,11.90,2.9750,true,1,1193562
7290015899413,false,נוזל רצפות ורוד רמי לוי 4 ליטר,רמי לוי,IL,נוזל רצפות ורוד רמי,ליטרים,4.00,ליטר,false,,11.90,2.9750,true,1,1193563
7290015899420,false,נוזל רצפות סגול רמי לוי 4 ליטר,רמי לוי,IL,נוזל רצפות סגול רמי,ליטרים,4.00,ליטר,false,,11.90,2.9750,true,1,1193564
7290015899437,false,נוזל רצפות ירוק רמי לוי 4 ליטר,רמי לוי,IL,נוזל רצפות ירוק רמי,ליטרים,4.00,ליטר,false,,11.90,2.9750,true,1,1193565
7290015899475,false,מילוי למטהר אויר אוטמטי 250 מל,,,מילוי למטהר אויר אוט,יח',1.00,יח',false,,8.90,8.9000,true,1,6728617
7290015899482,false,מילוי למטהר אויר אוטמטי 250 מל,,,מילוי למטהר אויר אוט,יח',1.00,יח',false,,8.90,8.9000,true,1,6728618
7290015899499,false,מילוי למטהר אויר אוטמטי 250 מל,,,מילוי למטהר אויר אוט,יח',1.00,יח',false,,8.90,8.9000,true,1,6728619
7290015951227,false,"יין גמלא השמורה סירה 2021 750 מ""ל",יקבי רמת הגולן,IL,גמלא סירה 2017 750מל,מיליליטרים,750.00,"100 מ""ל",false,,61.90,0.0825,true,1,6751422
7290015951869,false,יקבי רמת הגולן הר חר,מיוצר וממולא על ידי,IL,הר חרמון רוזה,מיליליטרים,750.00,"100 מ""ל",false,,29.90,0.0399,true,1,4666916
7290015994064,false,"בורגול רמי לוי 1 ק""ג",רמי לוי,IL,"בורגול רמי לוי 1 ק""ג",גרמים,1000.00,100 גרם,false,,6.30,0.0063,true,1,1196688
7290015994071,false,"גרישה רמי לוי 1 ק""ג",רמי לוי,IL,"גרישה רמי לוי 1 ק""ג",גרמים,1000.00,100 גרם,false,,6.90,0.0069,true,1,1196689
7290015994088,false,"גריסי פנינה רמי לוי 1 ק""ג",רמי לוי,IL,גריסי פנינה רמי לוי,100 קג,1.00,100 קג,false,,6.30,6.3000,true,1,1196690
7290015994095,false,"חומוס גדול רמי לוי 1 ק""ג",סוגת,IL,חומוס גדול רמי לוי 1,גרמים,1000.00,100 גרם,false,,12.90,0.0129,true,1,1196691
7290015994118,false,"חיטה רמי לוי 1 ק""ג",רמי לוי,IL,"חיטה רמי לוי 1 ק""ג",גרמים,1000.00,100 גרם,false,,5.90,0.0059,true,1,1196693
7290015994125,false,"כוסמת רמי לוי 1 ק""ג",רמי לוי,IL,"כוסמת רמי לוי 1 ק""ג",גרמים,1000.00,100 גרם,false,,9.90,0.0099,true,1,1196694
7290015994132,false,"עדשים אדומות רמי לוי 1 ק""ג",רמי לוי,IL,עדשים אדומות רמי לוי,גרמים,1000.00,100 גרם,false,,11.90,0.0119,true,1,1196695
7290015994149,false,"פופקורן רמי לוי 1 ק""ג",רמי לוי,IL,"פופקורן רמי לוי 1 ק""",גרמים,1000.00,100 גרם,false,,9.20,0.0092,true,1,1196696
7290015994156,false,"שעועית לבנה רמי לוי 1 ק""ג",רמי לוי,IL,שעועית לבנה רמי לוי,גרמים,1000.00,100 גרם,false,,12.90,0.0129,true,1,1196697
7290015994163,false,"שעועית אדומה רמי לוי 1 ק""ג",רמי לוי,IL,שעועית אדומה רמי לוי,גרמים,1000.00,100 גרם,false,,13.90,0.0139,true,1,1196698
7290015994705,false,קינמוני 500 גר רמילו,,,קינמוני 500 גר רמילו,גרמים,500.00,100 גרם,false,,9.90,0.0198,true,1,3526205
7290015994729,false,כדורוני 500 גר רמילו,,,כדורוני 500 גר רמילו,גרמים,500.00,100 גרם,false,,9.90,0.0198,true,1,3526207
7290015994774,false,"חומוס לבן ענק רמי לוי 1 ק""ג",רמי לוי,IL,חומוס לבן ענק רמי לו,100 קילו,1.00,100 קילו,false,,17.90,17.9000,true,1,1252743
7290015994781,false,"עדשים ירוקות רמי לוי 1 ק""ג",רמי לוי,IL,עדשים ירוקות רמי לוי,גרמים,1000.00,100 גרם,false,,11.90,0.0119,true,1,1252744
7290015994811,false,"מסיר שומנים מרסס רמי לוי 750מ""ל",קומפלקס,IL,מסיר שומנים מרסס רמי,מיליליטרים,750.00,"100 מ""ל",false,,9.90,0.0132,true,1,1231141
7290015994835,false,רהיט ספריי 750 רמי לוי,קומפלקס,IL,רהיט ספריי 750 רמי ל,מיליליטרים,750.00,"100 מ""ל",false,,13.00,0.0173,true,1,1231143
7290016006292,false,נקטר מנגו בננה מלון קרטונית 1 ל' ספרינג,"יפאורה תבורי בע""מ",IL,נקטר ספרינג 1 ליטר מ,ליטרים,1.00,ליטר,false,,6.50,6.5000,true,1,1419391
7290016006339,false,מים מינרלים - מארז רביעייה,מופק ממקור בזלתי עדן,IL,מי עדן רביעייה 1 לי,ליטרים,4.00,ליטר,false,,9.90,2.4750,true,1,1505580
7290016006346,false,שישיית שרינק 500 מל שוופס סודה,יפאורה תבורי בעמ,IL,שוופס סודה שישייה 50,ליטרים,3.00,ליטר,false,,13.90,4.6333,true,1,1312211
7290016035025,false,לחם פשתן 450 גרם (טרי) דל פחמימות,מאפיית ביכורים,IL,לחם פשתן 450 גר,גרמים,450.00,100 גרם,false,,24.70,0.0549,true,1,5767030
7290016077759,false,היינץ רוטב ברביקיו קלאסי 480 גרם,היינץ Heinz,NL,רוטב בקביקיו קלאסי ה,גרמים,480.00,100 גרם,false,,16.90,0.0352,true,1,3873097
7290016083453,false,מארז 6 סופגניות,,,מארז 6 סופגניות,יח',1.00,יח',false,,14.90,14.9000,true,1,6781310
7290016087123,false,רוטב עגבניות מתובל לפסטה 240 ג' פריניר,פריניר,IL,פריניר רוטב פסטה קלא,גרמים,240.00,100 גרם,false,,4.90,0.0204,true,1,3366254
7290016087147,false,רוטב עגבניות לפיצה מרגריטה 240 ג' פריניר,פריניר,IL,פריניר רוטב פיצה מרג,גרמים,240.00,100 גרם,false,,4.90,0.0204,true,1,3366255
7290016087192,false,עגבניות מרוסקות מרוכזות 230 גרם פריניר,פריניר ( הדס 1987) ב,IL,פריניר מרוסקות 230 ג,גרמים,230.00,100 גרם,false,,4.90,0.0213,true,1,3645856
7290016087208,false,עגבניות מרוסקות מרוכזות ובזיליקום 230 גרם פריניר,פריניר,,פריניר מרוסקות בזיל,גרמים,230.00,100 גרם,false,,4.90,0.0213,true,1,3645857
7290016087215,false,עגבניות מרוסקות מרוכזות ושום 230 גרם פריניר,פריניר ( הדס 1987) ב,IL,פריניר מרוסקות שום 2,גרמים,230.00,100 גרם,false,,4.90,0.0213,true,1,3645858
7290016087222,false,רוטב עגבניות מרוכז לשקשוקה פריניר 230 גרם,פריניר ( הדס 1987) ב,IL,פריניר רוטב עגבניות,גרמים,230.00,100 גרם,false,,4.90,0.0213,true,1,3645859
7290016087475,false,עגבניות מרוסקות דק 400 גר,,,עגבניות מרוסקות דק 4,גרמים,400.00,100 גרם,false,,3.50,0.0088,true,1,6763916
7290016087499,false,פריניר עגבניות חתוכות דק שלישיה 3 * 400 גרם,פריניר,,עגב' חתוך דק מארז 3*,גרמים,720.00,100 גרם,false,,11.80,0.0164,true,1,5372759
7290016087550,false,מלפפונים במלח קטנים מאוד 8-12,"פריניר(הדס 1987) בע""",IL,מלפפונים במלח קטנים,גרמים,200.00,100 גרם,false,,4.90,0.0245,true,1,6836528
7290016087574,false,זיתים ירוקים נטולי ג,,,זיתים ירוקים נטולי ג,גרמים,390.00,100 גרם,false,,5.90,0.0151,true,1,6762579
7290016094695,false,אלכוג'ל לשמירה על הייגיינת הידיים 70% אלכוהול,פישר מעבדות פרמצבטיו,IL,אלכוג'ל 500 מל,מיליליטרים,500.00,"100 מ""ל",false,,19.90,0.0398,true,1,6271185
7290016104271,false,ריבת חלב פוליבה 340 גר,,,ריבת חלב 340 גרם,גרמים,340.00,100 גרם,false,,12.70,0.0374,true,1,1375595
7290016104417,false,ריבת טעם תות פוליבה 850 ג',,,ריבת תות 850 גר,גרמים,850.00,100 גרם,false,,12.90,0.0152,true,1,2156128
7290016106411,false,פרוסות מנגו 425 גרם בסירופ קל,לונגהי גואנגפה פוד ב,,פרוסות מנגו בסירופ 4,גרמים,425.00,100 גרם,false,,6.90,0.0162,true,1,3311619
7290016106671,false,נתחי טונה בהירה בשמן צמחי,פילטונה,IL,טונה 140ג בשמן רמי ל,גרמים,140.00,100 גרם,false,,4.90,0.0350,true,1,1628565
7290016106855,false,תירס גמדי טעמן 410 ג,מולטיפל פודס סי או,TH,תירס גמדי 410ג כשלפ,גרמים,410.00,100 גרם,false,,7.50,0.0183,true,1,6690143
7290016117363,false,ברזלית צילינדר 5יח רמילוי,,,ברזלית צילינדר 5יח ר,יח',1.00,יח',false,,8.90,8.9000,true,1,6580150
7290016117370,false,נקי לשבת WOW רמילוי,,,נקי לשבת WOW רמילוי,יח',1.00,יח',false,,6.90,6.9000,true,1,6680416
7290016117493,false,סקוטצ ספוג 10 יחידות,,,סקוטצ ספוג 10 יחידות,יח',1.00,יח',false,,6.90,6.9000,true,1,6841926
7290016132106,false,כיסא פלסטיק איכותי,,,כיסא פלסטיק איכותי,יח',1.00,יח',false,,19.90,19.9000,true,1,3562467
7290016132205,false,סלסלה קולבו 109 שקוף,,,סלסלה קולבו 109 שקוף,יח',1.00,יח',false,,8.90,8.9000,true,1,6891305
7290016132366,false,סלסלה קולבו 110 שקוף,,,סלסלה קולבו 110 שקוף,יח',1.00,יח',false,,9.90,9.9000,true,1,6891306
7290016132595,false,סלסלה A4 שקוף,,,סלסלה A4 שקוף,יח',1.00,יח',false,,14.90,14.9000,true,1,6896735
7290016135541,false,פסטה ביצים 3 צבעים פוזילי 400 גר אוריינט,פ.פ.ח טאביט,PL,אטריות ביצים 3 צבעים,גרמים,400.00,100 גרם,false,,13.90,0.0348,true,1,1832070
7290016135718,false,כוס אימון לתינוק 150מל+ ידית רמילוי,,,כוס אימון לתינוק 150,יח',1.00,יח',false,,14.90,14.9000,true,1,3119684
7290016136142,false,תערובת להכנת פנקייק ללא גלוטן 400 גר,"אשבל -מזון פונקציונלי בע""מ",IL,תערובת להכנת פנקייק,גרמים,400.00,100 גרם,false,,18.60,0.0465,true,1,1304569
7290016136227,false,סבון ידיים תה ירוק 2 ליטר,,,סבון ידיים תה ירוק 2,יח',1.00,יח',false,,15.90,15.9000,true,1,1785645
7290016136234,false,סבון ידיים תה אדום 2 ליטר,,,סבון ידיים תה אדום 2,יח',1.00,יח',false,,15.90,15.9000,true,1,1785646
7290016136722,false,פתיתים פנה ללא גלוטן 340 גרם גי פרי,אורגרן הלס אנד ניצר,AU,פסטה פנה ללא גלוטן 3,גרמים,340.00,100 גרם,false,,7.90,0.0232,true,1,2346459
7290016136739,false,GFREE פתיתי פוזילי על בסיס קמח תירס וקמח,מאלינו אנדנני,IT,פסטה פוזילי ללא גלוט,גרמים,340.00,100 גרם,false,,7.90,0.0232,true,1,2346412
7290016136746,false,איטריות מקלונים ללא גלוטן 340 גר גי פרי,אורגרן הלס אנד ניצר,IT,ספגטי ללא גלוטן 340,גרמים,340.00,100 גרם,false,,7.90,0.0232,true,1,2346460
7290016144000,false,"קמח חיטה מלאה נפלאות 80% 1 ק""ג","קמח מלכים בע""מ",IL,קמח חיטה מלאה 80% 1ק,יח',1.00,יח',false,,9.70,9.7000,true,1,6092967
7290016144017,false,"קמח מלא נפלאות 100% ללא ניפוי 1 ק""ג",קמח מלכים,IL,קמח חיטה מלאה 100%,יח',1.00,יח',false,,9.70,9.7000,true,1,6092968
7290016144031,false,"נפלאות קמח חיטה לבן מנופה 1 ק""ג",קמח מלכים,IL,קמח חיטה לבן מנופה,יח',1.00,יח',false,,6.90,6.9000,true,1,6092970
7290016144062,false,"קמח שיפון מלא נפלאות, 1 ק""ג",קמח מלכים,IL,קמח שיפון מלא 1קג,גרמים,1000.00,100 גרם,false,,8.90,0.0089,true,1,6883234
7290016144086,false,נפלאות קמח חלה מנופה 1 ק”ג,קמח מלכים,IL,נפלאות קמח חלה מנופה,גרמים,1000.00,100 גרם,false,,6.90,0.0069,true,1,6883236
7290016144093,false,נפלאות קמח לחם לבן מנופה 1 ק”ג,קמח מלכים,IL,נפלאות קמח לחם לבן מ,גרמים,1000.00,100 גרם,false,,6.90,0.0069,true,1,6883237
7290016144109,false,קמח פיצה מנופה נפלאות 1קג,קמח מלכים,IL,קמח פיצה מנופה נפלאו,גרמים,1000.00,100 גרם,false,,14.90,0.0149,true,1,6883238
7290016144116,false,"קמח תופח נפלאות, 1 ק""ג",קמח מלכים,IL,קמח תופח נפלאות 1קג,גרמים,1000.00,100 גרם,false,,8.90,0.0089,true,1,6883239
7290016162233,false,עוגיות ממולאות פרימיום סוגים שונים 200 גר',,,עוגיות דיזרט פרמיום,גרמים,240.00,100 גרם,false,,19.90,0.0829,true,1,1285894
7290016162264,false,עוגת גבינה רנססנס 450 גר',קפולסקי שיווק וקמעונ,IL,עוגת גבינה רנסנס 450,גרמים,450.00,100 גרם,false,,35.90,0.0798,true,1,1286202
7290016188585,false,GIACOBAZZI למברוסקו רוזה חצי יבש יקבי כרמל,יקב גאקובזי,IT,למברוסקו רוזה יקבי כ,מיליליטרים,750.00,"100 מ""ל",false,,23.80,0.0317,true,1,1251743
7290016188592,false,"יין למברוסקו אדום חצי יבש 750 מ""ל!","כד בני דרום בע""מ",IT,למברוסקו אדום יקבי כ,מיליליטרים,750.00,"100 מ""ל",false,,23.80,0.0317,true,1,1251744
7290016188608,false,GIACOBAZZI למברוסקו לבן חצי יבש יקבי כרמל,יקב גאקובזי,IT,למברוסקו לבן יקבי כר,מיליליטרים,750.00,"100 מ""ל",false,,23.80,0.0317,true,1,1251745
7290016197488,false,מטליות מיקרופייבר למשטחים ניקול 3יח',סטון טכנולגי,CN,מטלית קסם לשיש שלישי,יח',3.00,יח',false,,9.90,3.3000,true,1,1288062
7290016197495,false,ניקול זוג מטליות הקסם מיקרופייבר לרצפה,חוגלה קימברלי,CN,מטלית קסם לרצפה זוג,יח',2.00,יח',false,,15.60,7.8000,true,1,1288063
7290016197839,false,ניקול השקית החזקה 20 יח' XL,"אשפלסט תעשיות בע""מ",IL,השקית החזקה XL ניקול,2 יח',10.00,2 יח',false,,19.90,1.9900,true,1,1288064
7290016197877,false,ניקול שקיות לפחי מטבח קטנים 60 יח' M,"אשפלסט תעשיות בע""מ",IL,שקית לפחי מטבח קטנים,יח',1.00,יח',false,,19.90,19.9000,true,1,1288065
7290016233384,false,גפילטע פיש 7 קציצות 540 גרם תומר,דג טעים ירושלים,IL,גפילטא פיש 7 קציצות,גרמים,550.00,100 גרם,false,,14.50,0.0264,true,1,6800240
7290016233995,false,שימורי אנשובי עם שמן זית 45 ג' תומר,Inversiones prisco s,IL,אנשובי פח עם שמן זית,גרמים,45.00,100 גרם,false,,5.50,0.1222,true,1,5316519
7290016234008,false,אנשובי צנצנת בשמן זית תןמר 100 גר,קומפניה אמריקנה,IL,אנשובי צנצנת שמןזית,גרמים,100.00,100 גרם,false,,10.80,0.1080,true,1,5316520
7290016245615,false,לחם שיפון 100% עם אג,מאפיית טעמי הכפר 201,,לחם שיפון 100% 600 ג,גרמים,600.00,100 גרם,false,,19.90,0.0332,true,1,6905258
7290016245769,false,לחם כוסמין מחמצת בתו,,,לחם כוסמין 600 גר,גרמים,600.00,100 גרם,false,,17.90,0.0298,true,1,6905261
7290016246025,false,בארכה מיקס פינוקיות חלווה ללא סוכר 10*20ג,רושדי תעשיות מזון בע,IL,בארכה מיקס פינוקיות,גרמים,200.00,100 גרם,false,,11.90,0.0595,true,1,1290503
7290016246209,false,"חטיף חלבה וניל 100 גרם ""בארכה""",בארכה,,בארכה חטיף חלבה וניל,גרמים,100.00,100 גרם,false,,3.80,0.0380,true,1,2610412
7290016246452,false,בארכה טחינה גולמית מעודנת שום לימון 310 גרם,רושדי תעשיות מזון בע,IL,טחינה עם לימון ושום,גרמים,310.00,100 גרם,false,,10.90,0.0352,true,1,5426486
7290016255324,false,פותח סתימות 1לי רמי לוי,,,פותח סתימות 1לי רמי,100 קילו,100.00,100 קילו,false,,12.90,0.1290,true,1,4190988
7290016255737,false,מרכך כביסה סגול רמילוי 4 ליט,,,מרכך כביסה סגול רמיל,ליטרים,4.00,ליטר,false,,15.90,3.9750,true,1,3791817
7290016255744,false,מרכך כביסה ירוק רמילוי 4 ליט,,,מרכך כביסה ירוק רמיל,ליטרים,4.00,ליטר,false,,15.90,3.9750,true,1,3791818
7290016270709,false,עגבניות שרי אשכולות,ביכורי השקמה,IL,עגבניות שרי 460 ג,גרמים,460.00,100 גרם,false,,6.90,0.0150,true,1,2319310
7290016272017,false,זיתים ירוקים מנזלינו גדול 340 גר,,,זיתים ירוקים מנזלינו,גרמים,340.00,100 גרם,false,,7.50,0.0221,true,1,2186093
7290016272031,false,חרוזית ירוק ללא גלעין 275 גר רמי לוי,,,חרוזית ירוק ללא גלעי,גרמים,275.00,100 גרם,false,,7.90,0.0287,true,1,2186095
7290016272048,false,טבעות זיתים ירוקים 275 גר רמי לוי,,,טבעות זיתים ירוקים 2,גרמים,275.00,100 גרם,false,,7.90,0.0287,true,1,2186096
7290016272055,false,טבעות מושחר 275 גר,,,טבעות מושחר 275 גר,גרמים,275.00,100 גרם,false,,7.50,0.0273,true,1,2186097
7290016272062,false,חרוזית שחור 275 גרם רמי לוי,,,חרוזית שחור 275 גרם,גרמים,275.00,100 גרם,false,,7.50,0.0273,true,1,2186098
7290016272079,false,מבוקע פיקנטי 340 גר,,,מבוקע פיקנטי 340 גר,גרמים,340.00,100 גרם,false,,7.50,0.0221,true,1,2186099
7290016272147,false,ביסקויט חצי מצופה רמי לוי,הדר,IL,ביסקויט חצי מצופה רמ,גרמים,175.00,100 גרם,false,,5.50,0.0314,true,1,1625558
7290016272154,false,ביסקויט מתוק גן חיות רמי לוי 200 גרם,הדר,IL,ביסקויט מתוק גן חיות,גרמים,200.00,100 גרם,false,,3.50,0.0175,true,1,1625559
7290016272161,false,קרם קרקר רמי לוי 250 גרם,הדר,IL,קרם קרקר רמי לוי 250,גרמים,250.00,100 גרם,false,,6.90,0.0276,true,1,1625560
7290016272178,false,עוגיות שוקוצ'יפס רמי לוי 150 גרם,,,עוגיות שוקוצ'יפס רמי,גרמים,150.00,100 גרם,false,,5.50,0.0367,true,1,1496291
7290016272444,false,"מסיר כתמים רמי לוי 750 מ""ל",קומפלקס,IL,מסיר כתמים רמי לוי 7,מיליליטרים,750.00,"100 מ""ל",false,,9.90,0.0132,true,1,1740152
7290016272482,false,גביעי גלידה רמי לוי 30 יח,גילרו,IL,גביעי גלידה רמי לוי,גרמים,115.00,100 גרם,false,,6.50,0.0565,true,1,1471188
7290016272499,false,וופלים בלגי רמי לוי 200 גרם,גילרו,IL,וופלים בלגי רמי לוי,גרמים,200.00,100 גרם,false,,2.90,0.0145,true,1,1471222
7290016272505,false,וופלים בלגי לימון רמי לוי 200 גרם,גילרו,IL,וופלים בלגי לימון רמ,גרמים,200.00,100 גרם,false,,2.90,0.0145,true,1,1471223
7290016272758,false,סט מברשת מסרק לתינוק,,,סט מברשת מסרק לתינוק,יח',1.00,יח',false,,11.90,11.9000,true,1,2159942
7290016272796,false,נייר טואלט רמי לוי 30 יח,,,נייר טואלט רמי לוי 3,יח',30.00,יח',false,,26.90,0.8967,true,1,1581364
7290016272802,false,מגבות נייר רמי לוי 6,,,מגבות רמי לוי 6 יח,יח',6.00,יח',false,,9.90,1.6500,true,1,1581365
7290016272819,false,צמר גפן רמי לוי 100,,,צמר גפן 100 גר,גרמים,100.00,100 גרם,false,,5.10,0.0510,true,1,1827203
7290016272833,false,פדים קוסמטיים 80 יח,,,פדים קוסמטיים 80 יח,יח',80.00,יח',false,,5.90,0.0738,true,1,1827205
7290016272840,false,רצועות שעווה 50 יח,,,רצועות שעווה 50 יח,יח',50.00,יח',false,,12.50,0.2500,true,1,1827206
7290016272925,false,שקדי מרק רמי לוי 400 גרם,רמי לוי,IL,שקדי מרק רמי לוי 400,גרמים,400.00,100 גרם,false,,6.90,0.0173,true,1,1954766
7290016272949,false,בקבוק לתינוק מארז שלישייה,,,בקבוק לתינוק מארז של,יח',1.00,יח',false,,16.90,16.9000,true,1,2077120
7290016273007,false,דקדקים שטוח מלח 200ג רמילוי,,,דקדקים שטוח מלח 200ג,גרמים,200.00,100 גרם,false,,6.50,0.0325,true,1,3348066
7290016273014,false,דקדקים שטוח שומשום 200ג רמילוי,,,דקדקים שטוח שומשום 2,גרמים,200.00,100 גרם,false,,6.50,0.0325,true,1,3348067
7290016273182,false,ציפס אמריקאי רמי לוי,,,ציפס אמריקאי רמי לוי,קילוגרמים,1.50,"ק""ג",false,,18.90,12.6000,true,1,3825005
7290016273397,false,קרוטונים אפויים לסלט 400 גר רמילוי,,,קרוטונים אפויים לסלט,גרמים,400.00,100 גרם,false,,10.90,0.0273,true,1,3623821
7290016273533,false,פריכיות דקות אורז מלא וקצח 100גר רמילוי,,,פריכיות דקות אורז מל,גרמים,100.00,100 גרם,false,,6.50,0.0650,true,1,3526210
7290016273588,false,פלפל קלוי 400 גרם רמי לוי,,,פלפל קלוי 400 גרם רמ,גרמים,400.00,100 גרם,false,,9.90,0.0248,true,1,3746395
7290016273601,false,דבש לחיץ 500 גר רמי לוי,,,דבש לחיץ 500 גר רמי,גרמים,500.00,100 גרם,false,,23.90,0.0478,true,1,3397311
7290016273670,false,מלפפון חמוץ ביתי 900גר רמילוי,,,מלפפון חמוץ ביתי 900,גרמים,900.00,100 גרם,false,,18.90,0.0210,true,1,4038477
7290016273687,false,מלפפון חמוץ ביתי 310גר רמילוי,,,מלפפון חמוץ ביתי 310,גרמים,310.00,100 גרם,false,,7.90,0.0255,true,1,4038478
7290016273694,false,נר נשמה זכוכית 48 שעות,,,נר נשמה זכוכית 48 שע,יח',1.00,יח',false,,3.90,3.9000,true,1,3571613
7290016273700,false,נר נשמה זכוכית 72 שעות,,,נר נשמה זכוכית 72 שע,יח',1.00,יח',false,,4.70,4.7000,true,1,3571614
7290016277760,false,חטיפי דגנים בציפוי ש,,,חטיפי דגנים בציפוי ש,גרמים,150.00,100 גרם,false,,8.90,0.0593,true,1,2907457
7290016277890,false,מעדן פרי תות רמי לוי 284 גר,,,מעדן פרי תות רמי לוי,גרמים,284.00,100 גרם,false,,8.90,0.0313,true,1,2125379
7290016277913,false,מעדן פרי דובדבן רמי לוי 284 גר,,,מעדן פרי דובדבן רמי,גרמים,284.00,100 גרם,false,,8.90,0.0313,true,1,2125381
7290016277937,false,מעדן פרי משמש רמי לוי 284 גר,,,מעדן פרי משמש רמי לו,גרמים,284.00,100 גרם,false,,8.90,0.0313,true,1,2125383
7290016277944,false,מעדן פרי שזיף רמי לוי 284 גר,,,מעדן פרי שזיף רמי לו,גרמים,284.00,100 גרם,false,,8.90,0.0313,true,1,2125384
7290016277951,false,מעדן פרי פירות רמי לוי 284 גר,,,מעדן פרי פירות רמי ל,גרמים,284.00,100 גרם,false,,8.90,0.0313,true,1,2125385
7290016302042,false,מארז רביעיית סנדוויץ,,,מארז 4לחמניות פרנה,יח',1.00,יח',false,,11.90,11.9000,true,1,6802398
7290016302059,false,מארז לחמניות פרנה ביס 10 יח',פרנה בייקרי,,מארז 10 לחמניות ביס,גרמים,350.00,100 גרם,false,,11.90,0.0340,true,1,6802399
7290016304404,false,לחם קוביות 100% כוסמין 600 גרם,מאפיית דוידוביץ ובני,IL,לחם כוסמין 100% 600,גרמים,600.00,100 גרם,false,,12.80,0.0213,true,1,6800219
7290016319200,false,טוסו עוגיות סנדוויץ' אוראו במילוי קרם וניל *זוג* 300 גרם,אפיפית,IL,מארז עוגיות אוראו,יח',1.00,יח',false,,16.90,16.9000,true,1,6710821
7290016319309,false,סבון נוזלי מאסק קלאסי+משאבה פמלי 1 ל,הנסיך- מפעל לייצור ט,IL,פמלי פרלי 1ליטר מאסק,ליטרים,1.00,ליטר,false,,10.80,10.8000,true,1,1793750
7290016320343,false,"דאק נוזל ג'ל לניקוי מתקדם בניחות לבנדר זוג * 750 מ""ל",טואלט דאק (ג'ונסון),NL,דאק ג'ל נוזל * 750זו,מיליליטרים,750.00,"100 מ""ל",false,,16.90,0.0225,true,1,3873103
7290016321319,false,סבון נוזלי בניחוח אשכליות אדומה 1 ל' פמלי,אינטרקוסמא,TR,פמלי אל סבון אשכולית,מטרים,1000.00,100 מ'ל,false,,9.90,0.0099,true,1,6819945
7290016321326,false,סבון נוזלי בניחוח מנדרינה ולואיזה + משאבה 1 ל' פמלי,אינטרקוסמא,TR,פמלי אל סבון מנדרין,מטרים,1000.00,100 מ'ל,false,,9.90,0.0099,true,1,6819946
7290016321548,false,רצועות שעווה לגוף מגע הדבש קמומיל 12+3יח,ש.שוורץ,ES,מגע המשי רצועות שעוו,יח',16.00,יח',false,,19.90,1.2437,true,1,6711852
7290016321661,false,פרש וואנס SENSITIVE מגבונים ללא בישום רביעייה 72 יחידות,עלבד משואות יצחק,IL,פרש וואנס רביעיה סנס,יח',4.00,יח',false,,15.80,3.9500,true,1,6096142
7290016321678,false,מגבונים לחים בניחוח מרענן עם תמציות קמומיל ואלוורה,עלבד משואות יצחק,IL,פרש וואנס רביעיה נטו,יח',4.00,יח',false,,15.80,3.9500,true,1,6096143
7290016321777,false,מגע הדבש רצועות שעווה לפנים אלוורה 20 יח,שוורצקוף& הנקל דיסלד,IL,מגע הדבש רצועות שעוו,יח',1.00,יח',false,,19.90,19.9000,true,1,6715617
7290016321883,false,פרשוואנס נייר טואלט מתכלה לילדים -מארז שלישייה,עלבד משואות יצחק בעמ,IL,פרש וואנס נייר טואלט,יח',1.00,יח',false,,12.90,12.9000,true,1,6374643
7290016321890,false,פרשוואנס נייר טואלט מתכלה למבוגרים -מארז שלישייה,עלבד משואות יצחק בעמ,IL,פרש וואנס מתכלת 1/3,יח',1.00,יח',false,,12.90,12.9000,true,1,6374644
7290016329261,false,סרקל מתיר קשרים ספריי רציףף 300 מ'ל,"ד""ר פישר Dr fischer",IL,סרקל מתיר קשרים ספרי,מיליליטרים,300.00,"100 מ""ל",false,,29.90,0.0997,true,1,1673831
7290016329278,false,קמיל בלו מגבונים מילוי 64 יח רביעייה,"ד""ר פישר Dr fischer",IL,מגבוני קמיל בלו 75 יח' מי,יח',4.00,יח',false,,19.90,4.9750,true,1,2230029
7290016329308,false,"ד""ר פישר - סרקל קרם רוזמרין לשיער מתולתל 325 מ""ל",פישר תעשיות,IL,סרקל קרם רוזמרין לשי,מיליליטרים,325.00,"100 מ""ל",false,,24.90,0.0766,true,1,2487775
7290016329315,false,סרקל ספריי מתיר קשרים לילדים לשיער מתולתל,"ד""ר פישר Dr fischer",IL,סרקל ספריי מתיר קשרי,מיליליטרים,300.00,"100 מ""ל",false,,29.90,0.0997,true,1,2412312
7290016334036,false,עירית רמי לוי,,,עירית רמי לוי,יח',1.00,יח',false,,3.90,3.9000,true,1,3922391
7290016334050,false,סלרי חתוך,,,סלרי חתוך,יח',1.00,יח',false,,5.90,5.9000,true,1,1252639
7290016334173,false,פלפל טינקרבל ארוז,,,פלפלונים רמי לוי,יח',1.00,יח',false,,8.90,8.9000,true,1,2276382
7290016334180,false,מלפפון בייבי רמי לוי,,,מלפפון בייבי רמי לוי,יח',1.00,יח',false,,8.90,8.9000,true,1,2276383
7290016334296,false,ברוקולי ארוז מגשית,,,ברוקולי רמי לוי,יח',1.00,יח',false,,8.90,8.9000,true,1,2276384
7290016334388,false,פלפל צ'ילי רמי לוי,,,פלפל צ'ילי רמי לוי,יח',1.00,יח',false,,5.90,5.9000,true,1,4163321
7290016334395,false,שיבה רמי לוי,,,שיבה רמי לוי,יח',1.00,יח',false,,4.90,4.9000,true,1,2082908
7290016334456,false,בזיליקום רמי לוי,,,בזיליקום רמי לוי,יח',1.00,יח',false,,3.90,3.9000,true,1,3922393
7290016334487,false,פלפל אדום יבש 200ג,ביכורי השקמה,,פלפל אדום יבש 200ג,יח',1.00,יח',false,,8.90,8.9000,true,1,2416983
7290016334500,false,לבבות חסה זוגות בשקי,,,זוג לבבות חסה,יח',1.00,יח',false,,8.90,8.9000,true,1,2932634
7290016334654,false,תרד ניו זילנדי רמי לוי,,,תרד ניו זילנדי רמי ל,גרמים,200.00,100 גרם,false,,12.90,0.0645,true,1,5183719
7290016334814,false,חסה סלנובה רמי לוי,,,חסה סלנובה רמי לוי,יח',1.00,יח',false,,9.90,9.9000,true,1,5410449
7290016334883,false,עגבניות שרי תמר,,,עגבניות שרי תמר,יח',1.00,יח',false,,8.90,8.9000,true,1,5589439
7290016334890,false,עגבניות שרי ליקופן,,,עגבניות שרי ליקופן,יח',1.00,יח',false,,9.90,9.9000,true,1,5589440
7290016334906,false,עגבניות שרי מיקס,,,עגבניות שרי מיקס,יח',1.00,יח',false,,10.90,10.9000,true,1,5589441
7290016372342,false,עגבניות חתוך קוביות גראנד איטליה מארז 400X3ג',גרנד איטליה Grand Italia,IT,עגבניות חתוכות לקובי,גרמים,620.00,100 גרם,false,,16.90,0.0273,true,1,3562738
7290016372373,false,רסק עגבניות ללא תוספת סוכר ומלח - מארז זוג,גרנד איטליה Grand Italia,IT,רוטב עגבניות 280 גר,גרמים,280.00,100 גרם,false,,6.80,0.0243,true,1,3562740
7290016372458,false,חליטת צמחים לימונית ולואיזה הגן הקסום,תה ויסוצקי,IL,הגן הקסום לימונית ול,יח',50.00,יח',false,,27.30,0.5460,true,1,3562661
7290016372489,false,חליטת פירות וצמחים ג'ינג'ר ולימון - אפקט הג'ינג'ר,תה ויסוצקי,IL,חליטת ג'ינגר ולימון,יח',25.00,יח',false,,16.90,0.6760,true,1,3562743
7290016372496,false,חליטת פירות וצמחים בטעם ג'ינג'ר ודבש -אפקט הג'ינג'ר,תה ויסוצקי,IL,חליטת ג'ינגר ודבש 2,יחידו,25.00,יחידו,false,,16.90,0.6760,true,1,3562662
7290016373035,false,ליצ'י שלם מקולף 567 גרם בסירופ קל,,,ליצ'י שלם מקולף 567,גרמים,567.00,100 גרם,false,,10.70,0.0189,true,1,6842205
7290016373639,false,פסים חמוצים בטעם תפוח 275 גרם,אלוון גידה סאן,TR,פסים חמוצים תפוח 180,גרמים,180.00,100 גרם,false,,7.90,0.0439,true,1,4222307
7290016373646,false,פסים חמוצים פטל 275 גרם,אלוון גידה סאן,TR,פסים חמוצים פטל 180,גרמים,180.00,100 גרם,false,,7.90,0.0439,true,1,4222330
7290016373653,false,מקלות חמוצים בטעם תות 180 ג',אלוון גידה סאן,TR,פסים חמוצים תות 180,גרמים,180.00,100 גרם,false,,7.90,0.0439,true,1,4222331
7290016373691,false,מקלות חמוצים תפוח 20 גרם טעמן,אלבן מזון תעשיות ומס,TR,מקלות חמוצים תפוח 18,יח',1.00,יח',false,,1.50,1.5000,true,1,4222332
7290016373707,false,מקלות חמוצים אפרסק 20 גרם טעמן,אלבן מזון תעשיות ומס,TR,מקלות חמוצים אפרסק 1,יח',1.00,יח',false,,1.50,1.5000,true,1,4222333
7290016373721,false,מקלות חמוצים תות וניל 275 גרם,אלוון גידה סאן,TR,פסים חמוצים תות וניל,גרמים,180.00,100 גרם,false,,7.90,0.0439,true,1,4222334
7290016373738,false,מקלות חמוצים תותי פרוטי 180 גרם,אלוון גידה סאן,TR,מקלות חמוצים 180 גר,גרמים,180.00,100 גרם,false,,7.90,0.0439,true,1,4222308
7290016373776,false,טופי ממולא בטעם פירות טרופיים 500 גרם,,,טופי ממולא טעם פירות,גרמים,250.00,100 גרם,false,,15.90,0.0636,true,1,6682455
7290016373783,false,טופי אטומיק ממולא בטעם פירות חמוצים 500 גרם,,,טופי ממולא טעם פירות,גרמים,250.00,100 גרם,false,,15.90,0.0636,true,1,6682456
7290016373790,false,גוגלס טופי ממולא תות 500 גרם,,,טופי ממולא בטעם תות,גרמים,240.00,100 גרם,false,,15.90,0.0663,true,1,6682457
7290016408119,false,טרליני כעכים בטעם קלאסי 225 גר' - בדץ,אפוליה פוד,IT,טרליני כעכים 225 גר,גרמים,225.00,100 גרם,false,,6.50,0.0289,true,1,1685462
7290016408133,false,טרליני כעכים בטעם בצל וזיתים 225 גר' - בדץ,אפוליה פוד,IT,טרליני כעכים 225 גר,גרמים,225.00,100 גרם,false,,6.50,0.0289,true,1,1685464
7290016408140,false,טרליני כעכים בטעם רוטב פיצה 225 גר'!,אפוליה פוד,IT,טרליני כעכים 225 גר,גרמים,225.00,100 גרם,false,,6.50,0.0289,true,1,1685465
7290016408294,false,"מרשמלו ורוד לבן וסטהיים 150 ג', 26 בקרטון",מנדלז סי.אר. פרודקשן,IL,מרשמלו ורוד לבן 150,גרמים,150.00,100 גרם,false,,4.50,0.0300,true,1,2314580
7290016408393,false,חטיף קרקר עם שומשום פניני 130 ג',דוויטה ג'יי.אס.סי,,חטיף קרקר ושומשום 13,גרמים,130.00,100 גרם,false,,5.90,0.0454,true,1,2007331
7290016408423,false,חטיף קרקר עם זיתים שחורים ושום 130 גר,תות תעשיות מזון (201,LT,חטיף קרקר עם זיתים ש,גרמים,130.00,100 גרם,false,,5.90,0.0454,true,1,2007334
7290016408430,false,חטיף קרקר ותערובת תבלינים 130 גר,דנוויטה ג'יי. אס. סי,LT,חטיף קרקר ותערובת תב,גרמים,130.00,100 גרם,false,,5.90,0.0454,true,1,2007335
7290016408447,false,חטיף קרקר עגבניות ובזיליקום 130 גר,דנוויטה ג'יי. אס. סי,LT,חטיף קרקר עגבניות וב,גרמים,130.00,100 גרם,false,,5.90,0.0454,true,1,2007336
7290016408980,false,"מטבעות שוקולד חלב 36 ג' כשל""פ בד""ץ!",כרמית תעשיות מזון,IL,מטבעות שוקולד חלב 36,יח',1.00,יח',false,,2.90,2.9000,true,1,5381449
7290016416961,false,עוגת מוס גבינה תות שדה 400 גר,קפולסקי שיווק וקמעונ,IL,עוגת מוס גבינה תות ש,גרמים,400.00,100 גרם,false,,35.90,0.0897,true,1,2159695
7290016416992,false,עוגת דובוש ביסקוויטים 400 גר,קפולסקי שיווק וקמעונ,IL,עוגת דובוש ביסקוויטי,גרמים,400.00,100 גרם,false,,38.90,0.0972,true,1,2159698
7290016437591,false,קוטקס - תחתונים סופגים לנשים לאחר לידה מדיום 8 יח',חוגלה,KR,תחתונים סופגים לנשים,יח',8.00,יח',false,,32.90,4.1125,true,1,4204398
7290016475067,false,מארז 4 לאפות במלאכת יד,מאפיית המכבים,IL,לאפות 4 יח,יח',4.00,יח',false,,10.90,2.7250,true,1,1832069
7290016496208,false,פתיל צף מוכן עגול [30],,,פתיל צף מוכן,יח',1.00,יח',false,,4.90,4.9000,true,1,2298126
7290016496345,false,פתיל צף מוכן עגול קטן 100 יח,,,פתיל צף מוכן עגול קט,יח',1.00,יח',false,,9.90,9.9000,true,1,6546474
7290016505009,false,שוקולד פנדה קרם בוטנים טבעוני 100 גרם,"מדשא תעשיות מזון בע""",IL,פנדה קרם בוטנים 100ג,גרמים,100.00,100 גרם,false,,17.90,0.1790,true,1,6912435
7290016505023,false,שוקולד פנדה קרם נוגט טבעוני 100 גרם,"מדשא תעשיות מזון בע""",IL,פנדה קרם נוגט 100 גר,גרמים,100.00,100 גרם,false,,17.90,0.1790,true,1,6912436
7290016505030,false,שוקולד פנדה אגוזי לוז טבעוני 100 גרם,,,פנדה אגוזי לוז 100 ג,גרמים,100.00,100 גרם,false,,17.90,0.1790,true,1,6912408
7290016505047,false,שוקולד קרמל ומלח גס 100 גרם - פנדה,"מדשא תעשיות מזון בע""",IL,פנדה פנדה קרמלח 100ג,גרמים,100.00,100 גרם,false,,17.90,0.1790,true,1,6912437
7290016509342,false,סוד מארז טריו כדוריות לאסלה כחול אקטיבי אקונומיקה,הנקל סוד,RS,סוד מארז טריו כדוריו,3 יח',1.00,3 יח',false,,14.80,14.8000,true,1,3352865
7290016509786,false,פרסיל גל לכביסה לבנה וצבעונית-ירוק 2.5 ל,פרסיל Persil,IL,פרסיל ג'ל 2.5 ליטר י,ליטרים,2.50,ליטר,false,,34.50,13.8000,true,1,4944168
7290016509809,false,ג'ל מרוכז לכביסה קולור 2.5 ל' פרסיל,פרסיל Persil,IL,פרסיל ג'ל 2.5 ליטר ק,ליטרים,2.50,ליטר,false,,34.50,13.8000,true,1,4944170
7290016509823,false,ג'ל לכביסה לבנה וצבעונית בניחוח רענן,פרסיל Persil,IL,פרסיל ג'ל 2.5 ליטר ב,ליטרים,2.50,ליטר,false,,34.50,13.8000,true,1,4944172
7290016509830,false,ג'ל כביסה לבגדי תינוקות ובעלי עור רגיש Sensitive,פרסיל Persil,IL,פרסיל ג'ל 2.5 ליטר ב,ליטרים,2.50,ליטר,false,,34.50,13.8000,true,1,4944173
7290016509847,false,פרסיל ג'ל לכביסה כהה בלאק 2.5 ליטר,פרסיל Persil,IL,פרסיל ג'ל לכביסה כהה,ליטרים,2.50,ליטר,false,,34.50,13.8000,true,1,5405600
7290016523447,false,אטריות ביצים 300 ג' (כ) (fu),פוג'יאן לונגהי אנליד,CN,אטריות ביצים 300 ג',גרמים,300.00,100 גרם,false,,7.70,0.0257,true,1,3430388
7290016523454,false,אטריות עם תרד 300 ג' (כ) (fu),,,אטריות עם תרד 300 ג',גרמים,300.00,100 גרם,false,,7.70,0.0257,true,1,3439279
7290016542509,false,"טוסקניה שיכר תפוחים מוגז 750 מ""ל",,,טוסקנה מבעבעת יבש 10,מיליליטרים,750.00,"100 מ""ל",false,,11.90,0.0159,true,1,2862496
7290016542516,false,"טוסקניה שיכר תפוחים מוגז חצי יבש 750 מ""ל",,,טוסקניה מבעבע חצי יב,מיליליטרים,750.00,"100 מ""ל",false,,11.90,0.0159,true,1,2862497
7290016564006,false,מבריק הפלא ספוג להסרת כתמים ושומנים 3 יח,,,מבריקל הפלא ספוגית,יח',1.00,יח',false,,9.90,9.9000,true,1,6283003
7290016564266,false,כיסוי הפלא 30 יח מבריקל,מבריקל,IL,כיסוי הפלא,יח',1.00,יח',false,,9.90,9.9000,true,1,6283005
7290016584004,false,חטיפוני גזר 130 גרם,"מרינה פטריות הגליל בע""מ",IL,חטיפוני גזר 130 גרם,גרמים,130.00,100 גרם,false,,5.90,0.0454,true,1,1851392
7290016584011,false,חטיפוני גזר 350 גרם גיזרונים,"מרינה פטריות הגליל בע""מ",IL,חטיפוני גזר 350 גרם,גרמים,350.00,100 גרם,false,,11.90,0.0340,true,1,1851393
7290016584219,false,שעועית שלמה ירוקה וטריה 400 גרם,מרינה,IL,שעועית ירוקה שלמה טר,גרמים,600.00,100 גרם,false,,14.90,0.0248,true,1,6744524
7290016601008,false,נוזל שמשות 4 לי,,,נוזל שמשות 4 לי,ליטרים,4.00,ליטר,false,,9.90,2.4750,true,1,1815499
7290016601015,false,מים מזוקקים 4 לי,סאסאטק,,מים מזוקקים 4 לי,ליטרים,4.00,ליטר,false,,9.90,2.4750,true,1,1815500
7290016601114,false,דאו ספריי בריז 150 מל רמי לוי,,,דאו ספריי בריז 150 מ,מיליליטרים,150.00,"100 מ""ל",false,,7.90,0.0527,true,1,4529009
7290016601121,false,דאו ספריי ויקטוריי 150 מל רמי לוי,,,דאו ספריי ויקטוריי 1,מיליליטרים,150.00,"100 מ""ל",false,,7.90,0.0527,true,1,4529010
7290016601145,false,דאו ספריי ספורט 150 מל רמי לוי,,,דאו ספריי ספורט 150,מיליליטרים,150.00,"100 מ""ל",false,,7.90,0.0527,true,1,4529031
7290016601466,false,נוזל רצפות רמי לוי 2 ליטר,,,נוזל רצפות רמי לוי 2,ליטרים,2.00,ליטר,false,,7.90,3.9500,true,1,2077116
7290016601473,false,נוזל רצפות רמי לוי 2 ליטר,,,נוזל רצפות רמי לוי 2,ליטרים,2.00,ליטר,false,,7.90,3.9500,true,1,2077117
7290016601480,false,נוזל רצפות רמי לוי 2 ליטר,,,נוזל רצפות רמי לוי 2,ליטרים,2.00,ליטר,false,,7.90,3.9500,true,1,2077118
7290016601497,false,נוזל רצפות רמי לוי 2 ליטר,,,נוזל רצפות רמי לוי 2,ליטרים,2.00,ליטר,false,,7.90,3.9500,true,1,2077119
7290016609004,false,גזר גמדי 800 גר רמילוי,,,גזר גמדי 800 גר רמיל,גרמים,800.00,100 גרם,false,,8.20,0.0102,true,1,2125543
7290016609011,false,שעועית לבנה 800 גרם רמי לוי,,,שעועית לבנה 800 גרם,גרמים,800.00,100 גרם,false,,9.90,0.0124,true,1,2125544
7290016609028,false,גרגירי חומוס 800 גרם רמי לוי,,,גרגירי חומוס 800 גרם,גרמים,800.00,100 גרם,false,,9.90,0.0124,true,1,2125545
7290016609035,false,לקט למרק 800 גר רמילוי,,,לקט למרק 800 גר רמיל,גרמים,800.00,100 גרם,false,,10.90,0.0136,true,1,2125546
7290016609042,false,אפונה עדינה 600 גר רמי לוי,,,אפונה עדינה 600 גר ר,גרמים,600.00,100 גרם,false,,10.90,0.0182,true,1,2125547
7290016609059,false,שעועית עדינה 600 גר רמילוי,,,שעועית עדינה 600 גר,גרמים,600.00,100 גרם,false,,10.90,0.0182,true,1,2125548
7290016609066,false,פולי סויה 600 גר רמילוי,,,פולי סויה 600 גר רמי,גרמים,600.00,100 גרם,false,,9.90,0.0165,true,1,2125549
7290016609073,false,לקט לקוסקוס 800 גר רמילוי,,,לקט לקוסקוס 800 גר ר,גרמים,800.00,100 גרם,false,,11.90,0.0149,true,1,2125550
7290016609080,false,לקט ישראלי 800 גר' רמילוי,,,לקט ישראלי 800 גר' ר,גרמים,800.00,100 גרם,false,,9.90,0.0124,true,1,2125551
7290016609097,false,לקט כפרי 2 קג רמילוי,,,לקט כפרי 2 קג רמילוי,קילוגרמים,2.00,"ק""ג",false,,20.90,10.4500,true,1,2125552
7290016609134,false,אפונה 335 גר רמי לוי,,,אפונה 335 גר רמי לוי,גרמים,335.00,100 גרם,false,,5.90,0.0176,true,1,2125553
7290016609141,false,אפונה וגזר רמי לוי 5,,,אפונה וגזר 330 גר,גרמים,330.00,100 גרם,false,,5.90,0.0179,true,1,2125554
7290016609158,false,חומוס גרגירים 290 גר רמי לוי,,,חומוס גרגירים 290 גר,גרמים,290.00,100 גרם,false,,5.90,0.0203,true,1,2125555
7290016609165,false,פול מצרי 340 גר,,,פול מצרי 340 גר,גרמים,340.00,100 גרם,false,,5.90,0.0174,true,1,2125556
7290016609172,false,שעועית לבנה ברוטב עגבניות 335 גר,,,שעועית לבנה ברוטב עג,גרמים,335.00,100 גרם,false,,5.90,0.0176,true,1,2125557
7290016609189,false,גרעיני תירס 335 גר רמי לוי,,,גרעיני תירס 335 גר ר,גרמים,335.00,100 גרם,false,,5.90,0.0176,true,1,2125558
7290016609196,false,גרעיני תירס לייט 335 גר רמי לוי,,,גרעיני תירס לייט 335,גרמים,335.00,100 גרם,false,,6.50,0.0194,true,1,2125559
7290016609257,false,עגבניות מרוסקות 250 גר רמילוי,,,עגבניות מרוסקות 250,גרמים,250.00,100 גרם,false,,2.90,0.0116,true,1,2125563
7290016609264,false,עגבניות מרוסקות ושום 250 גר רמילוי,,,עגבניות מרוסקות ושום,גרמים,250.00,100 גרם,false,,2.90,0.0116,true,1,2125564
7290016609271,false,עגבניות מרוסקות בזיליקום 250 גר רמילוי,,,עגבניות מרוסקות בזיל,גרמים,250.00,100 גרם,false,,2.90,0.0116,true,1,2125565
7290016609318,false,עגבניות מרוסקות 800ג רמילוי,,,עגבניות מרוסקות 800ג,גרמים,800.00,100 גרם,false,,5.90,0.0074,true,1,3134339
7290016609349,false,עגבניות מרוסקות+בזיליקום 800ג רמילוי,,,עגבניות מרוסקות+בזיל,גרמים,800.00,100 גרם,false,,5.90,0.0074,true,1,3134394
7290016609585,false,"גרעיני תירס לל""ס 285 ג רמי לוי",,,"גרעיני תירס לל""ס 285",גרמים,285.00,100 גרם,false,,4.50,0.0158,true,1,4098851
7290016621341,false,אל סבון היגייני לניקוי יסודי קמיל Clean & Moisture,"ד""ר פישר Dr fischer",IL,קמיל אל סבון 1 ליטר,100 מל,1000.00,100 מל,false,,15.80,0.0158,true,1,2907258
7290016621358,false,"ד""ר פישר - קמיל אל סבון ניקיון והזנה ורוד 1 ליטר","ד""ר פישר Dr fischer",IL,קמיל אל סבון 1 ליטר,100 מל,1000.00,100 מל,false,,15.80,0.0158,true,1,2907259
7290016682182,false,פריניב שייק תמר בננה מופחת סוכר 1 ליטר,פריניב בעמ,IL,שייק תמר בננה 1 ליטר,ליטרים,1.00,ליטר,false,,14.50,14.5000,true,1,2702021
7290016682199,false,פריניב שייק תות בננה מופחת סוכר 1 ליטר,פריניב בעמ,IL,שייק תות בננה 1 ליטר,ליטרים,1.00,ליטר,false,,14.50,14.5000,true,1,2702022
7290016682243,false,פריניב מיץ אשכולית אדומה סחוט 1 ליטר,פריניב,IL,מיץ אשכולית אדומה 1ל,ליטרים,1.00,ליטר,false,,14.50,14.5000,true,1,5259730
7290016682250,false,מיץ תפוז גזר פרי ניב 1 ליטר,פרי ניב,IL,מיץ תפוגזר 1ליטר,מטרים,1000.00,100 מ'ל,false,,15.90,0.0159,true,1,6899898
7290016682328,false,מיץ תפוזים 100% עשוי מרכז 2 ל' פריניב,פריניב,IL,*מבצע* מיץ תפוזים מר,ליטרים,2.00,ליטר,false,,15.90,7.9500,true,1,6814457
7290016682335,false,מיץ תפוזים פרי ניב 2 ליטר -,פרי ניב,IL,מיץ תפוזים סחוט 2לי,ליטרים,2.00,ליטר,false,,24.90,12.4500,true,1,6814458
7290016682342,false,מיץ תפוזים וולנסיה פרי ניב 2 ליטר-,פרי ניב,IL,מיץ תפוזים ולנסיה 2ל,ליטרים,2.00,ליטר,false,,26.60,13.3000,true,1,6814459
7290016682359,false,מיץ תפוזים שמוטי פרי ניב 2 ליטר-,פרי ניב,IL,מיץ תפוזים שמוטי 2לי,ליטרים,2.00,ליטר,false,,26.60,13.3000,true,1,6814460
7290016682366,false,מיץ תפוח צלול פרי ניב 2 ליטר-,פריניב,IL,מיץ תפוח צלול 2לי,ליטרים,2.00,ליטר,false,,18.60,9.3000,true,1,6814461
7290016682380,false,מיץ טבעי לימונדה ולואיזה פרי ניב 2 ליטר-,פרי ניב,IL,מיץ לימונדה לואיזה 2,ליטרים,2.00,ליטר,false,,18.60,9.3000,true,1,6814463
7290016682397,false,מיץ חמוציות פרי ניב 2 ליטר-,פרי ניב,IL,מיץ חמוציות 2לי,ליטרים,2.00,ליטר,false,,18.60,9.3000,true,1,6814464
7290016693041,false,"יין אמירים רזרב קברנה 750 מ""ל!.",יקבי ארזה,IL,אמירים רזרב קברנה 75,מיליליטרים,750.00,"100 מ""ל",false,,17.90,0.0239,true,1,2958601
7290016693058,false,"יין אמירים רזרב מרלו 750 מ""ל!.",יקבי ארזה,IL,אמירים רזרב מרלו 750,מיליליטרים,750.00,"100 מ""ל",false,,17.90,0.0239,true,1,2958602
7290016693065,false,"יין אמירים רזרב רוזה 750 מ""ל.!",יקבי ארזה,IL,אמירים רזרב רוזה 750,מיליליטרים,750.00,"100 מ""ל",false,,17.90,0.0239,true,1,2958603
7290016693072,false,"יין אמירים רזרב ריזלינג 750 מ""ל!",יקבי ארזה,IL,אמירים רזרב ריזלינג,מיליליטרים,750.00,"100 מ""ל",false,,17.90,0.0239,true,1,2958604
7290016693140,false,"יין וירטואוז שרדונה 750 מ""ל היוצר",,,היוצר וירטואוזו שרדו,יח',1.00,יח',false,,44.90,44.9000,true,1,3057334
7290016693287,false,"היוצר וירטואוזו גוורץ 750 מ""ל",יקבי ארזה,IL,גוורצטרמינר היוצר,מיליליטרים,750.00,"100 מ""ל",false,,44.90,0.0599,true,1,3932219
7290016693546,false,"סדרת עונות קברנה 750 מ""ל",יקבי ארזה,IL,יין עונות קברנה 750,מיליליטרים,750.00,"100 מ""ל",false,,28.90,0.0385,true,1,5755190
7290016693553,false,"סדרת עונות מרלו 750 מ""ל",יקבי ארזה,IL,יין עונות מרלו 750 מ,מיליליטרים,750.00,"100 מ""ל",false,,28.90,0.0385,true,1,5755191
7290016693560,false,"סדרת עונות קברנה מרלו 750 מ""ל",,,יין עונות קברנה מרלו,מיליליטרים,750.00,"100 מ""ל",false,,28.90,0.0385,true,1,5755192
7290016693799,false,"יין מוסקטו היוצר רוזה 750 מ""ל",,,מוסקטו רוזה,מיליליטרים,750.00,"100 מ""ל",false,,34.90,0.0465,true,1,6697512
7290016693898,false,"יין פטי ורדו בראשית היוצר 750 מ""ל",יקבי ארזה,IL,יין פטי ורדו בראשית,מיליליטרים,750.00,"100 מ""ל",false,,34.90,0.0465,true,1,6733491
7290016693959,false,"היוצר בראשית קברנה סוביניון 750 מ""ל",,,בראשית קברנה סובניון,מיליליטרים,750.00,"100 מ""ל",false,,34.90,0.0465,true,1,6792351
7290016717044,false,יין מנגו באזז יקבי כרמל,כרמל מזרחי,IL,יין מנגו באזז יקבי כ,מיליליטרים,750.00,"100 מ""ל",false,,26.90,0.0359,true,1,5722459
7290016717051,false,משקה Buzz מוגז בטעם רימון מבוסס יין אדום מתוק,יקבי כרמל Carmel Winery,IL,יין רימון באזז יקבי,מיליליטרים,750.00,"100 מ""ל",false,,26.90,0.0359,true,1,6234526
7290016717099,false,"יין כרמל סלקטד אדום חצי יבש, 750 מ""ל",יקבי כרמל Carmel Winery,IL,יין אדום חצי יבש סלק,מיליליטרים,750.00,"100 מ""ל",false,,28.80,0.0384,true,1,2328972
7290016717235,false,יין קונקורד אדום ממותק קינג דיוויד - בקבוק אישי,יקבי כרמל Carmel Winery,IL,קונקורד קינג דויד 18,מיליליטרים,187.00,"100 מ""ל",false,,5.90,0.0316,true,1,5719648
7290016717754,false,"יין ישן נושן יקבי כרמל 750 מ""ל ^^^",אגודת הכורמים הקואופ,IL,יין ישן נושן יקבי כר,מיליליטרים,750.00,"100 מ""ל",false,,18.90,0.0252,true,1,4426647
7290016717976,false,"יין BUZZ ספארקלינג אפרסק 750 מ""ל",כרמל מזרחי,IL,ספארקלינג באזז אפרסק,מיליליטרים,750.00,"100 מ""ל",false,,26.90,0.0359,true,1,6705492
7290016732672,false,מברשת שיניים הגנה מלאה סנסודיין,גלקסוס סמית קליין,CN,מברשת סנסודיין הגנה,יח',1.00,יח',false,,24.90,24.9000,true,1,3540758
7290016733006,false,אציטון רמי לוי 100 מל,,,אציטון רמי לוי 100 מ,גרמים,100.00,100 גרם,false,,4.30,0.0430,true,1,2077121
7290016733020,false,ממחטות כיס רמי לוי 1,,,ממחטות כיס רמילוי,יח',1.00,יח',false,,5.90,5.9000,true,1,2551767
7290016733044,false,מטליות ריצפה מיקרופייבר שלישייה רמי לוי,,,מטליות ריצפה מיקרופי,יח',3.00,יח',false,,15.90,5.3000,true,1,1796558
7290016733051,false,מטליות ניקוי כללי מיקרופייבר עשירייה רמי לוי,,,מטליות ניקוי כללי מי,יח',10.00,יח',false,,14.90,1.4900,true,1,1796559
7290016733198,false,קרקר דק מחיטה מלאה 2,,,קרקר דק מחיטה מלאה 2,גרמים,240.00,100 גרם,false,,6.90,0.0288,true,1,2523138
7290016733204,false,קרקר דק כפרי 240 גר,,,קרקר דק כפרי 240 גר,גרמים,240.00,100 גרם,false,,6.90,0.0288,true,1,2523139
7290016733211,false,קרקר דק משיפון 240 גר,,,קרקר דק משיפון 240 ג,גרמים,240.00,100 גרם,false,,6.90,0.0288,true,1,2523140
7290016733259,false,סלק מבושל בוואקום 500ג,,,סלק מבושל בוואקום 50,גרמים,500.00,100 גרם,false,,5.90,0.0118,true,1,2394082
7290016733266,false,פיתות 5 יח רמי לוי,,,פיתות 5 יח רמי לוי,יח',1.00,יח',false,,3.50,3.5000,true,1,2199440
7290016733433,false,פטריות שלמות 230 גרם,,,פטריות שלמות 230 גרם,גרמים,230.00,100 גרם,false,,6.90,0.0300,true,1,2341698
7290016733471,false,"משמש חצאים ""רמי לוי",,,משמש חצאים 470 גר,גרמים,470.00,100 גרם,false,,8.30,0.0177,true,1,2257087
7290016733501,false,פתיתים חישוקים 500 גר רמילוי,,,פתיתים חישוקים 500 ג,גרמים,500.00,100 גרם,false,,4.50,0.0090,true,1,2614934
7290016733518,false,פתיתים עם בצל 400 ג,,,פתיתים עם בצל 400 ג,גרמים,400.00,100 גרם,false,,4.50,0.0113,true,1,2763306
7290016733525,false,פתיתים 3 צבעים 500 גר רמילוי,,,פתיתים 3 צבעים 500 ג,גרמים,500.00,100 גרם,false,,4.50,0.0090,true,1,2614935
7290016733716,false,וופלים שוקולד 500 ג רמי לוי,,,וופלים שוקולד 500 ג,גרמים,500.00,100 גרם,false,,8.90,0.0178,true,1,2355933
7290016733730,false,וופלים לימון 500ג רמי לוי,,,וופלים לימון 500ג רמ,גרמים,500.00,100 גרם,false,,8.90,0.0178,true,1,2355935
7290016733754,false,חומץ 5% 1 ליטר רמי ל,,,חומץ 5% 1לי רמי לוי,יח',1.00,יח',false,,4.90,4.9000,true,1,2620043
7290016733761,false,רוטב לימון משומר 1 לי רמי לוי,,,רוטב לימון משומר 1 ל,ליטרים,1.00,ליטר,false,,4.90,4.9000,true,1,2620044
7290016733815,false,מטליות רב שימושיות לבן 700ג,,,מטליות רב שימושיות ל,גרמים,700.00,100 גרם,false,,18.50,0.0264,true,1,2329568
7290016733822,false,חטיפי קרח רמי לוי 70 ח,,,חטיפי קרח רמי לוי 70,ליטרים,2.03,ליטר,false,,11.20,5.5172,true,1,2642916
7290016733860,false,וופלים לימון 300 ג רמי לוי,,,וופלים לימון 300 ג ר,גרמים,300.00,100 גרם,false,,4.50,0.0150,true,1,2355936
7290016733891,false,טבעות בצל רמי לוי 60,קפוא-זן,IL,טבעות בצל 600 גרם,גרמים,600.00,100 גרם,false,,14.90,0.0248,true,1,2497335
7290016784039,false,טחינה פרימיום משומשום אתיופי 500 גרם,,,טחינה פרימיום משומשו,גרמים,500.00,100 גרם,false,,11.90,0.0238,true,1,6803978
7290016865080,false,שניצל דק בציפוי שומשום 700 ג,,,שניצל דק בציפוי שומש,גרמים,700.00,100 גרם,false,,27.90,0.0399,true,1,2916809
7290016865103,false,שניצל דק בציפוי ציפס 700 ג,,,שניצל דק בציפוי ציפס,גרמים,700.00,100 גרם,false,,27.90,0.0399,true,1,2916811
7290016865141,false,שניצל צמחי דק 700 גרם רמי לוי,,,שניצל צמחי דק 700 גר,גרמים,700.00,100 גרם,false,,19.90,0.0284,true,1,3796332
7290016865240,false,וופלים בטעם שוקולד רמי לוי 200 גרם,,,וופלים בטעם שוקולד ר,גרמים,200.00,100 גרם,false,,2.90,0.0145,true,1,2592052
7290016865523,false,לחם מקמח מלא 750ג רמילוי,,,לחם מקמח מלא 750ג רמ,גרמים,750.00,100 גרם,false,,9.90,0.0132,true,1,3043288
7290016865530,false,לחם שיפון קל 750ג רמילוי,,,לחם שיפון קל 750ג רמ,גרמים,750.00,100 גרם,false,,10.90,0.0145,true,1,3043289
7290016865561,false,10 לחמניות מקמח מלא 750ג רמילוי,,,10 לחמניות מקמח מלא,גרמים,750.00,100 גרם,false,,10.90,0.0145,true,1,3043328
7290016865608,false,כדוריות סבון אסלה -ניחוח ים בריזה,,,כדוריות סבון אסלה -נ,יח',1.00,יח',false,,9.90,9.9000,true,1,3385134
7290016865615,false,כדוריות סבון אסלה -ניחוח היביסקוס,,,כדוריות סבון אסלה -נ,יח',1.00,יח',false,,9.90,9.9000,true,1,3385135
7290016865646,false,כדוריות סבון אסלה שלישייה,,,כדוריות סבון אסלה של,יח',3.00,יח',false,,9.90,3.3000,true,1,3385138
7290016865769,false,שעועית לבנה 500ג רמילוי,,,שעועית לבנה 500ג רמי,גרמים,500.00,100 גרם,false,,6.90,0.0138,true,1,3407459
7290016865783,false,אפונה יבשה 500ג רמילוי,,,אפונה יבשה 500ג רמיל,גרמים,500.00,100 גרם,false,,3.90,0.0078,true,1,3407461
7290016865790,false,פופקורן 500ג רמילוי,,,פופקורן 500ג רמילוי,גרמים,500.00,100 גרם,false,,4.90,0.0098,true,1,3407462
7290016865806,false,חומוס גדול 500ג רמי לוי,,,חומוס גדול 500ג רמי,גרמים,500.00,100 גרם,false,,5.80,0.0116,true,1,3416884
7290016865813,false,חומוס ענק 500ג רמי לוי,,,חומוס ענק 500ג רמי ל,גרמים,500.00,100 גרם,false,,8.90,0.0178,true,1,3416885
7290016865820,false,עדשים אדומות 500ג רמי לוי,,,עדשים אדומות 500ג רמ,גרמים,500.00,100 גרם,false,,5.90,0.0118,true,1,3416886
7290016865837,false,עדשים ירוקות 500ג רמי לוי,,,עדשים ירוקות 500ג רמ,גרמים,500.00,100 גרם,false,,5.90,0.0118,true,1,3416887
7290016865844,false,כוסמת 500ג רמי לוי,,,כוסמת 500ג רמי לוי,גרמים,500.00,100 גרם,false,,6.90,0.0138,true,1,3416888
7290016865875,false,בורגול 500ג רמי לוי,,,בורגול 500ג רמי לוי,גרמים,500.00,100 גרם,false,,3.90,0.0078,true,1,3416891
7290016865882,false,גרישה 500ג רמי לוי,,,גרישה 500ג רמי לוי,גרמים,500.00,100 גרם,false,,3.90,0.0078,true,1,3416892
7290016865943,false,אטריות ביצים פטוציני אוריינט 400 גרם,פ.פ.ח טאביט,PL,אטריות ביצים פטוצ'ינ,גרמים,400.00,100 גרם,false,,13.90,0.0348,true,1,3284766
7290016866643,false,פרודונטקס מ.שיניים אקסטרה פרש 75 מל,פרודונטקס Parodontax,SK,פרודונטקס פרש 75 מל,100 מל,75.00,100 מל,false,,30.90,0.4120,true,1,4730017
7290016866650,false,"פרודונטקס - משחת שיניים אוריג'ינל 75 מ""ל",פרודונטקס Parodontax,SK,פרודונטקס אורג'ינל 7,100 מל,75.00,100 מל,false,,30.90,0.4120,true,1,4730018
7290016866667,false,"פרודונטקס - משחת שיניים ללא פלאוריד 75 מ""ל",פרודונטקס Parodontax,SK,פרודונטקס פלאוריד 75,100 מל,75.00,100 מל,false,,30.90,0.4120,true,1,4984959
7290016866674,false,"פרודונטקס - משחת שיניים מלבינה 75 מ""ל",פרודונטקס Parodontax,SK,פרודונטקס מלבינה 75,100 מל,75.00,100 מל,false,,30.90,0.4120,true,1,4730019
7290016866704,false,"סטייל שמפו לאחר החלקה מועשר בויטמין אי, 750 מ""ל",סטייל Style,IL,סטייל שמפו קרטין 750,מיליליטרים,750.00,"100 מ""ל",false,,24.90,0.0332,true,1,3902341
7290016866711,false,"סטייל מרכך לשיער קרטין פלוס לאחר החלקה, 750 מ""ל",סטייל Style,IL,סטייל מרכך קרטין 750,גרמים,750.00,100 גרם,false,,24.90,0.0332,true,1,3902342
7290016866735,false,סטייל קרם לחות קרטין E 400 מל לשיקום שיע,א.ל. ארמן,IL,סטייל קרם לחות קרטין,גרמים,750.00,100 גרם,false,,27.90,0.0372,true,1,3902344
7290016867008,false,לחם מחמצת כוסמין 750 גרם,המאפה של דר מרק,IL,לחם מחמצת כוסמין 750,גרמים,750.00,100 גרם,false,,16.90,0.0225,true,1,6414623
7290016867039,false,פיתות קלות כוסמין בתוספת מחמצת 6 יח',המאפה של דר מרק בריא,IL,פיתות קלות כוסמין בת,גרמים,303.00,100 גרם,false,,14.90,0.0492,true,1,6789865
7290016867046,false,פיתות קלות כוסמין במתיקות מעודנת 6 יח',המאפה של דר מרק בריא,IL,פיתות קלות כוסמין במ,גרמים,303.00,100 גרם,false,,14.90,0.0492,true,1,6789866
7290016867053,false,לחם קל כוסמין בתוספת מחמצת 450 גרם,המאפה של דר מרק בריא,IL,לחם קל כוסמין בתוספת,יח',1.00,יח',false,,18.90,18.9000,true,1,6789867
7290016867114,false,לחם כוסמין קל מלא 500 גר',המאפה של דר מרק בריא,IL,לחם קל כוסמין מלא,יח',1.00,יח',false,,17.90,17.9000,true,1,6741674
7290016867152,false,פיתות קלות כוסמין 5 יחידות 330 גר,המאפה של דר מרק בריא,IL,פיתות קלות מקמח כוסמ,גרמים,330.00,100 גרם,false,,13.50,0.0409,true,1,6414628
7290016867176,false,לחמניות קלות כוסמין שומשום במתיקות מעודנת 6,המאפה של דר מרק,IL,לחמניות קלות כוסמין,יח',1.00,יח',false,,13.90,13.9000,true,1,6510058
7290016867237,false,לחם קל כוסמין במתיקות מעודנת 400 גר',המאפה של דר מרק בריא,IL,לחם קל כוסמין במתיקו,גרמים,400.00,100 גרם,false,,18.90,0.0472,true,1,6688092
7290016882421,false,קונפיטורה אפרסק 70% פרי 450ג,דין שיווק,IL,קונפיטורה אפרסק 70%,100 יח,450.00,100 יח,false,,10.90,0.0242,true,1,6902770
7290016898705,false,שקיות אוכל מנייר 50 יחידות,,,שקיות אוכל מנייר 50,יחידה,0.00,יחידה,false,,6.90,0.0000,true,1,6927528
7290016912494,false,"ד""ר פישר - אפקטיב קר תרחיץ פנים לכל סוגי העור 180 מ""ל","ד""ר פישר Dr fischer",IL,אפקטיב קר תרחיץ פנים,מיליליטרים,180.00,"100 מ""ל",false,,17.90,0.0994,true,1,3624458
7290016967074,false,לחם חיטה מלאה עם גרעינים ודגנים,מאפיית שלמה א. אנג'ל,IL,לחם חיטה מלאה 750 ג,גרמים,750.00,100 גרם,false,,15.90,0.0212,true,1,2547579
7290016967456,false,לחם צרפתי מחמצת 100% כוסמין 600 ג' אנג'ל,מאפיית שלמה א.אנג'ל,IL,לחם צרפתי כוסמין 100,גרמים,600.00,100 גרם,false,,16.90,0.0282,true,1,3366252
7290017023212,false,"שוויפס מוגז פירות תפוח מארז רביעייה* 330 מ""ל",יפאורה תבורי,IL,שוופס רביעייה מוגז פ,ליטרים,1.32,ליטר,false,,11.90,9.0152,true,1,4351950
7290017023229,false,רביעיית פחיות שוופס מוגז פירות תות ליים 330 מל.,יפאורה תבורי,IL,שוופס רביעייה מוגז פ,ליטרים,1.32,ליטר,false,,11.90,9.0152,true,1,4351951
7290017023236,false,רביעיית פחיות שוופס מוגז פירות ענבים 330 מל.,יפאורה תבורי,IL,שוופס רביעייה מוגז פ,ליטרים,1.32,ליטר,false,,11.90,9.0152,true,1,4351952
7290017023663,false,"שוופס מיץ פירות לימונייד פחית מארז 330X4מ""ל",יפאורה תבורי,IL,שוופס רביעייה מוגז פ,ליטרים,1.32,ליטר,false,,11.90,9.0152,true,1,5129512
7290017023809,false,"רביעיית ספרינג אגס סברס תפוח 250 מ""ל",יפאורה תבורי,IL,ספרינג אגס סברס תפוח,מטרים,1000.00,100 מ'ל,false,,11.20,0.0112,true,1,6396466
7290017023816,false,"ספרינג  פירות טרופיים 250 מ""ל רביעייה",יפאורה תבורי,IL,ספרינג פירות טרופיים,מטרים,1000.00,100 מ'ל,false,,11.20,0.0112,true,1,6396467
7290017023823,false,"רביעיית ספרינג תות בננה 250 מ""ל",יפאורה תבורי,IL,ספרינג תות בננה 4*25,מטרים,1000.00,100 מ'ל,false,,11.20,0.0112,true,1,6396468
7290017023854,false,מי סודה בקבוקים אישיים - מארז 4 יח',יפאורה תבורי בעמ,IL,שוופס סודה רביעייה 2,ליטרים,1.00,ליטר,false,,9.90,9.9000,true,1,5680993
7290017023861,false,סודה בטעם לימון בקבוקים אישיים - מארז 4 יח',יפאורה תבורי בעמ,IL,שוופס סודה רביעייה 2,ליטרים,1.00,ליטר,false,,9.90,9.9000,true,1,5680994
7290017023878,false,סודה בטעם נענע ליים בקבוקים אישיים - מארז 4 יח',יפאורה תבורי בעמ,IL,שוופס סודה רביעייה 2,ליטרים,1.00,ליטר,false,,9.90,9.9000,true,1,5680995
7290017031477,false,"סנסודיין משחת שיניים רפיד רליף להלבנה 75 מ""ל","סמיתקליין ביצ'ם בע""מ",GB,משחת סנסודיין רפיד ר,יח',1.00,יח',false,,23.90,23.9000,true,1,5910383
7290017031514,false,סטייל קרם לחות עם גלייז 400 מל,גורי,IL,קרם לחות לשיער סטייל,מיליליטרים,400.00,"100 מ""ל",false,,27.90,0.0697,true,1,4980988
7290017031705,false,"סנסודיין - משחת שיניים קלין&פרש 75 מ""ל",גלקסוס סמית קליין,SK,סנסודיין קלין פרש 75,מטרים,75.00,100 מ'ל,false,,21.90,0.2920,true,1,5458692
7290017031811,false,פרודונטקס מברשת שיניים אקסטרא סופט א.זוג,גלקסוסמיתקליין,CN,זוג מברשות שיניים פר,יח',1.00,יח',false,,19.90,19.9000,true,1,6004934
7290017031859,false,"פרודונטקס - משחת שיניים אולטרא קלין 75 מ""ל",סמיתקליין ביצ'ם בעמ,SK,פרודונטקס אולטרא קלי,מטרים,75.00,100 מ'ל,false,,30.90,0.4120,true,1,5458693
7290017058573,false,תומר פרוסות פלפל חלפיניו בחומץ 340 גרם,אינדיה אגרו אקספורט,IN,פרוסות פלפל חלפיניו,גרמים,340.00,100 גרם,false,,6.50,0.0191,true,1,6774495
7290017062204,false,מרכך כביסה מרוכז 1לי רמילוי,,,מרכך כביסה מרוכז 1לי,ליטרים,1.00,ליטר,false,,9.50,9.5000,true,1,5078056
7290017062211,false,מרכך כביסה מרוכז 1לי רמילוי ירוק,,,מרכך כביסה מרוכז 1לי,ליטרים,1.00,ליטר,false,,9.50,9.5000,true,1,5078057
7290017065007,false,פרוסות גבינה מוצרלה חצי קשה 22% שומן 200 ג' גד,מחלבות גד בעמ,IL,מוצרלה פרוסה גד 150,גרמים,150.00,100 גרם,false,,16.90,0.1127,true,1,2954160
7290017065137,false,ריקוטה למריחה 5% טבעית 200 גרם - רובין,האי נאם סי או אל.טי.,IL,ריקוטה למריחה 5% טבע,יח',1.00,יח',false,,8.90,8.9000,true,1,3970748
7290017065144,false,גבינת ריקוטה למריחה 5% בזיליקום 200ג' גד,האי נאם סי או אל.טי.,IL,ריקוטה למריחה 5% בזי,יח',1.00,יח',false,,8.90,8.9000,true,1,3970749
7290017065168,false,גבינה כחולה denish blue cheese 100 גרם,מחלבות גד,DK,גבינה כחולה גד 100 ג,גרמים,100.00,100 גרם,false,,14.90,0.1490,true,1,4563659
7290017065212,false,גבינת קרם מסקרפונה מחלבות גד 250 גר,מיוצר עי קוד יצרן ED,IL,קרם מסקרפונה 38% שומ,יח',1.00,יח',false,,15.90,15.9000,true,1,6041275
7290017065236,false,גבינה בולגרית מעודנת 24% גד 250 גרם,הנסיך- מפעל לייצור ט,IL,גבינה בולגרית מעודנת,גרמים,250.00,100 גרם,false,,21.90,0.0876,true,1,4696525
7290017065311,false,פרוסות גבינה מוצרלה מעושנת 200 ג',מחלבות גד בעמ,IL,פרוסות מוצרלה מעושנת,גרמים,200.00,100 גרם,false,,16.90,0.0845,true,1,4563664
7290017065380,false,"גרנה פדנו שבבים ""גד"" 100 גרם",מחלבות גד,IT,גבינת גרנה פדנו שבבי,גרמים,100.00,100 גרם,false,,13.90,0.1390,true,1,5980119
7290017065441,false,פרוסות גבינת גאודה עיזים 30%,מחלבות גד,NL,פרוסות גאודה עיזים.,גרמים,200.00,100 גרם,false,,27.90,0.1395,true,1,5980123
7290017065526,false,קוואטרו פורמאג'י 4 גבינות מגוררות 26%,מחלבות גד בעמ,IL,קואטרו פורמאג'י,גרמים,300.00,100 גרם,false,,25.90,0.0863,true,1,5980128
7290017065588,false,יוגורט יווני 10% שומן 600 ג' גד,"מיוצר ע""י קוד יצרן M",IL,יוגורט יווני 10%,גרמים,600.00,100 גרם,false,,14.80,0.0247,true,1,6696419
7290017065618,false,גבינת פקורינו פרוס גד 150 ג',הנסיך- מפעל לייצור ט,ES,פקורינו פרוס 150 גר,גרמים,150.00,100 גרם,false,,18.90,0.1260,true,1,6696420
7290017065649,false,קרם פטיסייר מחלבות ג,מיוצר עי קוד יצרן ED,IL,קרם פטיסייר,גרמים,250.00,100 גרם,false,,15.90,0.0636,true,1,6696422
7290017065663,false,גבינת פטה עיזים מעודנת 16% גד 200 גרם,ג'נרל מילס סאן אדריא,IL,גבינת פטה עיזים מעוד,גרמים,200.00,100 גרם,false,,28.90,0.1445,true,1,6732344
7290017065731,false,גבינת שמנת 30% ניו יורק +כמהין 200 גרם רבנות,פ.פ.ח. שאביט,IL,גבינת שמנת עם כמהין,גרמים,200.00,100 גרם,false,,12.90,0.0645,true,1,6772084
7290017065762,false,גבינה יוונית מאנורי 30% שומן 100 ג' גד,מחלבות גד,IL,מאנורי גבינה סגנון י,גרמים,100.00,100 גרם,false,,9.50,0.0950,true,1,6833614
7290017065786,false,"גבינת צ`דר מחלבות גד , 210 גרם",מחלבות גד,IL,צ'דר 210 גר,גרמים,210.00,100 גרם,false,,17.90,0.0852,true,1,6807565
7290017065861,false,רוטב פקורינו ופלפל שחור קאצ'יו אה פפה 200 ג' גד,מחלבות גד,IL,קאצ'יו אה פפה 200 גר,גרמים,200.00,100 גרם,false,,13.60,0.0680,true,1,6857720
7290017065878,false,מק אנד צ'יז רוטב לפסטה 200 גרם גד,מחלבות גד,IL,מק אנד צ'יז 200 גר,גרמים,200.00,100 גרם,false,,13.60,0.0680,true,1,6857747
7290017065960,false,רוטב פורצ'יני מחלבות גד 200 גרם,מחלבות גד,IL,רוטב פורצ'יני 200 גר,גרמים,200.00,100 גרם,false,,14.70,0.0735,true,1,6928084
7290017079127,false,פתיתים קוסקוס 500ג רמילוי,,,פתיתים קוסקוס 500ג ר,גרמים,500.00,100 גרם,false,,3.90,0.0078,true,1,5407869
7290017079134,false,פתיתים אורז 500ג רמילוי,,,פתיתים אורז 500ג רמי,גרמים,500.00,100 גרם,false,,3.90,0.0078,true,1,5407870
7290017079189,false,אננס חתיכות דקות במיץ אננס 825 גר',פ.ת גרייט פנאפל,ID,טעמן אננס חתוך במיץ,גרמים,825.00,100 גרם,false,,8.90,0.0108,true,1,5547283
7290017079691,false,שוקולד חלב עם אגוזים 270 גר',מילאנו ספולקה זד,PL,שוקולד חלב עם אגוזים,גרמים,270.00,100 גרם,false,,9.90,0.0367,true,1,6806276
7290017079790,false,מחית פירות מעורבים בפאוץ פריטוב קידס,טעמן,,מחית פירות מעורבים ב,יח',1.00,יח',false,,3.90,3.9000,true,1,6771201
7290017079950,false,"סרדינים לימון בד""ץ טעמן 125 גר'",,,סרדינים בדצ לימון טע,יח',1.00,יח',false,,6.90,6.9000,true,1,6847922
7290017079967,false,"סרדינים בשמן צימחי בד""ץ טעמן 125 גר'",,,סרדינים בדצ בשמן קנו,יח',1.00,יח',false,,6.90,6.9000,true,1,6847923
7290017079974,false,"סרדינים פלפל חריף בד""ץ טעמן 125 גר'",,,סרדינים בדצ פלפל חרי,יח',1.00,יח',false,,6.90,6.9000,true,1,6847924
7290017088051,false,בייביסיטר - חיתולי סטנדרט מידה 3 - 52 יח',בייביסיטר Babysitter,IL,בייביסיטר משופר מידה,יח',1.00,יח',false,,32.90,32.9000,true,1,4617775
7290017088068,false,בייביסיטר - חיתולי סטנדרט מידה 4 - 42 יח',בייביסיטר Babysitter,IL,בייביסיטר משופר מידה,יח',1.00,יח',false,,32.90,32.9000,true,1,4617776
7290017088075,false,בייביסיטר - חיתולי סטנדרט מידה 4+ - 40 יח',בייביסיטר Babysitter,IL,בייביסיטר משופר מידה,יח',1.00,יח',false,,32.90,32.9000,true,1,4617777
7290017088099,false,בייביסיטר - חיתולי סטנדרט מידה 6 - 30 יח',בייביסיטר Babysitter,IL,בייביסיטר משופר מידה,יח',1.00,יח',false,,32.90,32.9000,true,1,4617779
7290017088327,false,מגבונים אקסטרא סופט 64יח ללא בישום רביעי,ניאופארם,IL,מגבונים בייביסיטר לת,יח',4.00,יח',false,,14.90,3.7250,true,1,6720472
7290017088464,false,תחבושות סופגנית מקסי לונג טופ פד 20 יח',D.P.L,IT,טופ פד סופגנית מקסי,יח',1.00,יח',false,,15.90,15.9000,true,1,6733488
7290017088495,false,תחבושות טופ פד אקסטרה 20 יח',D.P.L,IT,טופ פד אקסטרה 20 יח,יח',1.00,יח',false,,8.90,8.9000,true,1,6733489
7290017088501,false,תחבושות טופ פד אקסטרה לונג 20 יח',D.P.L,IT,טופ פד אקסטרה לונג 2,יח',1.00,יח',false,,8.90,8.9000,true,1,6733490
7290017088693,false,קוויק מגבונים לניקוי וחיטוי רצפות בניחוח לוונדר 10 יחי',די.פי.אל,IL,קוויק מטליות ניקוי ר,יח',1.00,יח',false,,8.90,8.9000,true,1,6692707
7290017088822,false,BREEZE תחבושות לבריחת שתן אקסטרה (10 יח'),ניאופארם,IT,תחבושות בריז אקסטרה,יח',1.00,יח',false,,14.90,14.9000,true,1,6784007
7290017088846,false,BREEZE תחבושות לבריחת שתן מקסי (8 יח'),ניאופארם,IT,תחבושות בריז מקסי 8,יח',1.00,יח',false,,14.90,14.9000,true,1,6784009
7290017088969,false,חיתולי בייביסיטר ניו בורן מידה 1 42 יח',ניאופארם,PL,חיתולי בייביסיטר ביי,יח',1.00,יח',false,,25.90,25.9000,true,1,6813709
7290017088983,false,חיתולי בייביסיטר ניו בורן מידה 2 38 יחי',ניאופארם,PL,חיתולי בייביסיטר ביי,יח',1.00,יח',false,,25.90,25.9000,true,1,6813710
7290017094199,false,סלט קוביות חציל ברוטב 200 גר',"סלטי שמיר 2006 בע""מ",IL,מעדן חצילים 200 גר ש,גרמים,200.00,100 גרם,false,,9.90,0.0495,true,1,6771835
7290017094847,false,סלט תפוחי אדמה אסלי שמיר 400 ג',"סלטי שמיר 2006 בע""מ",IL,שמיר אסלי סלט תפוא 4,גרמים,400.00,100 גרם,false,,9.80,0.0245,true,1,6870938
7290017094861,false,חומוס עם רוטב מסבחה אסלי שמיר 400 ג',"סלטי שמיר 2006 בע""מ",IL,שמיר אסלי סלט חומוס,גרמים,400.00,100 גרם,false,,9.80,0.0245,true,1,6870939
7290017105062,false,גרגירי חומוס שלם יכין הקטניה הטובה 200 ג,היינץ צפון אמריקה מק,IL,חומוס יכין הקטניה הט,גרמים,105.00,100 גרם,false,,3.90,0.0371,true,1,3825217
7290017105079,false,שעועית לבנה ברוטב עגבניות יכין הקטניה הט,היינץ צפון אמריקה מק,IL,שעועית לבנה ברוטב עג,גרמים,105.00,100 גרם,false,,3.90,0.0371,true,1,3825275
7290017105086,false,שימורי יכין שעועית צילי 200 גר,"זנלכל בע""מ",IL,שעועית צ'ילי יכין הק,גרמים,105.00,100 גרם,false,,3.90,0.0371,true,1,3825276
7290017105116,false,שימורי יכין תורמוס 200 גר,"זנלכל בע""מ",IL,תורמוס יכין הקטניה ה,גרמים,105.00,100 גרם,false,,3.90,0.0371,true,1,3825279
7290017105369,false,סירופ דיאט בטעם תה אפרסק יכין 1ליטר,זנלכל,IL,סירופ דיאט בטעם תה א,יח',1.00,יח',false,,16.70,16.7000,true,1,6089954
7290017105468,false,מארז שלישייה אפונה קטנה יכין 3*200 גר,קשקמט קונסרב הונגריה,IL,אפונה קטנה יכין 200,גרמים,360.00,100 גרם,false,,14.90,0.0414,true,1,6563416
7290017105550,false,רביעיית רסק עגבניות 100% יכין 4X100 גרם,היינץ צפון אמריקה מק,IL,רוטב 100% עגבניה רב,גרמים,400.00,100 גרם,false,,11.90,0.0298,true,1,6682573
7290017105895,false,גרגרי חומוס להכנת חומוס משובח יכין 560 ג,זנלכל,IL,גרגרי חומוס להכנת חו,יח',1.00,יח',false,,9.90,9.9000,true,1,6726140
7290017121048,false,"פלפל צ'ומה 250 גרם ""עללחם""",מדשא תעשיות מזון בעמ,IL,עללחם פלפל צ'ומה 250,גרמים,250.00,100 גרם,false,,12.90,0.0516,true,1,6074319
7290017121093,false,"אריסה חריפה 250 גרם ""עללחם""",מדשא תעשיות מזון בעמ,IL,עללחם אריסה חריפה 25,גרמים,250.00,100 גרם,false,,12.90,0.0516,true,1,6074320
7290017129501,false,אגו מיקס כדורי תירס מצופים שוקולד לבן 55 גר,כרמית,IL,אגו מיקס כדורי תירס,גרמים,55.00,100 גרם,false,,3.90,0.0709,true,1,4069041
7290017129518,false,אגו מיקס כדורי תירס מצופים שוקו.חלב ולבן 55 גר',כרמית,IL,אגו מיקס כדורי תירס,גרמים,55.00,גרם,false,,3.90,0.0709,true,1,4069042
7290017129532,false,לקקן תות10 יח' 90 גר' כרמית!,שוגבי,,לקקן תות 90 גר,גרמים,990.00,100 גרם,false,,4.90,0.0049,true,1,5458652
7290017129549,false,לקקן גלידה 10 יח' 90 גר' כרמית!,,,לקקן גלידה 90 גר,100 יח',90.00,100 יח',false,,4.90,0.0544,true,1,5458653
7290017129617,false,לקקן קולה לימונדה 50 יח' כרמית!,שוגבי,,לקקן קולה לימונדה 45,יח',1.00,יח',false,,12.90,12.9000,true,1,4952875
7290017129754,false,"שוקולד מריר מעולה 70% מוצקי קקאו 100 גר בד""ץ",כרמית תעשיות ממתקים,IL,שוקולד 70% קלאסי כשל,גרמים,100.00,100 גרם,false,,7.90,0.0790,true,1,4952879
7290017129761,false,"שוקולד פרימיום 70% בטעם תפוז בד""ץ 100 גר'",כרמית תעשיות ממתקים,IL,שוקולד פרימיום 70% ת,גרמים,100.00,גרם,false,,7.90,0.0790,true,1,4952880
7290017129778,false,"שוקולד פרימיום 70% בטעם קפה בד""ץ 100 גר'",כרמית תעשיות ממתקים,IL,שוקולד פרימיום 70% ק,גרמים,100.00,גרם,false,,7.90,0.0790,true,1,4952881
7290017129822,false,מטבעות שוקולד מריר 36 גרם כרמית,כרמית,IL,מטבעות שוקולד מריר 3,גרמים,36.00,גרם,false,,2.90,0.0806,true,1,5381451
7290017129839,false,"שוקולד פרימיום 70% בטעם פטל בד""ץ 100 גר'.",כרמית תעשיות ממתקים,IL,שוקולד פרימיום 70% פ,גרמים,100.00,גרם,false,,7.90,0.0790,true,1,4952882
7290017129877,false,מיקס לקקנים שטוחים פירות 40*7.5 גר' * 24 בקר',דורקן סקרלמה סאן. וי,TR,מיקס לקקנים שטוחים 4,גרמים,300.00,100 גרם,false,,9.90,0.0330,true,1,5277752
7290017129884,false,חמישיות שוקולד מריר 44% 85 גר*5*12 בקרטון,כרמית,IL,חמישיית שוקלד מריר 6,גרמים,425.00,100 גרם,false,,14.90,0.0351,true,1,5091727
7290017129983,false,אגו שוקו צ'יפס לבן 250גרם 16Xשקיות,"כד בני דרום בע""מ",IL,אגו שוקו צ'יפס לבן 2,גרמים,250.00,100 גרם,false,,8.90,0.0356,true,1,5612293
7290017142005,false,"שמן קוקוס אורגני כתית 320 מ""ל עץ הזית",אקספלונקה,LK,שמן קוקוס אורגני כתי,מיליליטרים,320.00,"100 מ""ל",false,,23.90,0.0747,true,1,3150205
7290017142012,false,שמן קוקוס אורגני כתית 500 מל עץ הזית,עץ הזית,,שמן קוקוס אורגני כתי,מיליליטרים,500.00,"100 מ""ל",false,,39.80,0.0796,true,1,3150206
7290017142128,false,"שמן זית כתית מעולה קלאסי עץ הזית 750 מ""ל",שמן תעשיות,IL,שמן זית כתית מעולה ק,מיליליטרים,750.00,"100 מ""ל",false,,32.80,0.0437,true,1,4135957
7290017142159,false,מארז נתחי טונה בהירה בשמן זית 3*80 ג' עץ הזית,הנסיך- מפעל לייצור ט,TH,עץ הזית נתחי טונה בה,גרמים,168.00,100 גרם,false,,23.90,0.1423,true,1,4791378
7290017142180,false,פילה טונה בשמן זית בטעם לימון עם פלפל שחור 120 ג',"יוניקורד ח.צ בע""מ",TH,עץ הזית פילה טונה פר,יח',1.00,יח',false,,14.90,14.9000,true,1,5857641
7290017142203,false,פילה טונה בשמן זית בטעם מעושן עץ המוצר 120 ג',"יוניקורד ח.צ בע""מ",TH,עץ הזית פילה טונה פר,יח',1.00,יח',false,,14.90,14.9000,true,1,5857642
7290017142289,false,"תרסיס שמן חמניות לל""ת גז עץ הזית 200מ""ל",שמן תעשיות,IL,תרסיס שמן חמניות עץ,מיליליטרים,200.00,"100 מ""ל",false,,15.70,0.0785,true,1,5614455
7290017142340,false,שמן זרעי ענבים מזוכך 1 לי עץ הזית,עץ השדה,TH,שמן זרעי ענבים מזוכך,מטרים,1000.00,100 מ'ל,false,,24.90,0.0249,true,1,6577141
7290017142364,false,"שמן דלעת לא מזוכך עץ הזית 250 מ""ל",עץ השדה,SI,שמן זרעי דלעת לא מזו,מיליליטרים,250.00,"100 מ""ל",false,,29.90,0.1196,true,1,6577143
7290017142371,false,שמן שומשום לא מזוכך 250 מל,גאה די. או. או.,SI,שמן שומשום לא מזוכך,מיליליטרים,250.00,"100 מ""ל",false,,29.90,0.1196,true,1,6577144
7290017142388,false,שמן חמניות אומגה 3 פלוס 1 ליטר עץ הזית,שמן תעשיות,IL,שמן חמניות פלוס 1 לי,יח',1.00,יח',false,,14.90,14.9000,true,1,6156699
7290017142395,false,עץ הזית ארוחה טונה עם פסטה בשמן זית,עץ הזית,TH,עץ הזית ארוחה טונה ע,גרמים,160.00,100 גרם,false,,13.90,0.0869,true,1,6577145
7290017142418,false,טונה עם אורז ועדשים בשמן זית 160 גר,יוניקורד ח.צ בעמ,TH,עץ הזית ארוחה טונה ע,גרמים,160.00,100 גרם,false,,13.90,0.0869,true,1,6577146
7290017142456,false,מארז נתחי טונה בהירה בשמן זית 2 * 160 ג' עץ הזית,עץ הזית,TH,עץ הזית זוג נתחי טונ,גרמים,320.00,100 גרם,false,,27.80,0.0869,true,1,6577147
7290017142487,false,"טונה עם בורגול וגרגירי חומוס to go ""עץ הזית""",עץ הזית,TH,עץ הזית ארוחהבורגול,גרמים,160.00,100 גרם,false,,13.90,0.0869,true,1,6783860
7290017189123,false,צ'ורוס ספרדי 500גרם רמי לוי,,,צ'ורוס ספרדי 500גרם,גרמים,500.00,100 גרם,false,,14.90,0.0298,true,1,4452205
7290017189192,false,"אדממה פולי סויה 1 ק""ג",משק ויילר,CN,"פולי סויה 1 ק""ג",יח',1.00,יח',false,,14.90,14.9000,true,1,5320659
7290017189260,false,מיני פנקייק הולנדי 500ג רמילוי,,,מיני פנקייק הולנדי 5,גרמים,500.00,100 גרם,false,,22.90,0.0458,true,1,5951220
7290017189277,false,קרפ הולנדי אפוי 600ג רמי לוי,,,קרפ הולנדי אפוי 600ג,גרמים,600.00,100 גרם,false,,20.90,0.0348,true,1,5951221
7290017197067,false,מגבונים בייבי בישום עדין 100 יח רמי לוי,,,מגבונים בייבי בישום,100 יח',100.00,100 יח',false,,5.60,0.0560,true,1,3897771
7290017197142,false,שמפו נועה נגד קשקשים 750 מל רמי לוי,,,שמפו נועה נגד קשקשים,מיליליטרים,750.00,"100 מ""ל",false,,7.90,0.0105,true,1,4035679
7290017197159,false,שמפו ומרכך 2 ב1 נועה נגד קשקשים 750 מל רמי לוי,,,שמפו ומרכך 2 ב1 נועה,מיליליטרים,750.00,"100 מ""ל",false,,7.90,0.0105,true,1,4035680
7290017197296,false,שמפו נועה לילדים 750 מל רמי לוי,,,שמפו נועה לילדים 750,מיליליטרים,750.00,"100 מ""ל",false,,8.50,0.0113,true,1,4035681
7290017197302,false,שמפו ומרכך לילדים 2 ב-1 נועה 750 מל רמי לוי,,,שמפו ומרכך לילדים 2,מיליליטרים,750.00,"100 מ""ל",false,,8.50,0.0113,true,1,4035622
7290017197319,false,מרכך לילדים נועה 750 מל רמי לוי,,,מרכך לילדים נועה 750,מיליליטרים,750.00,"100 מ""ל",false,,8.50,0.0113,true,1,4035641
7290017197388,false,מגבונים הפי דייז מבושם 72*6 רמי לוי,,,מגבונים הפי דייז מבו,יח',72.00,יח',false,,19.90,0.2764,true,1,3897774
7290017197395,false,מגבונים הפי דייז ללא בישום 72*6 רמי לוי,,,מגבונים הפי דייז ללא,יח',72.00,יח',false,,19.90,0.2764,true,1,3897775
7290017197425,false,מגבונים בייבי מבושם 4*72 רמי לוי,,,מגבונים בייבי מבושם,יח',4.00,יח',false,,14.90,3.7250,true,1,3897776
7290017197432,false,מגבונים בייבי ללא בישום 4*72 רמי לוי,,,מגבונים בייבי ללא בי,יח',4.00,יח',false,,14.90,3.7250,true,1,3897777
7290017197449,false,מגבונים בייבי לעור רגיש 4*72 רמי לוי,,,מגבונים בייבי לעור ר,יח',4.00,יח',false,,14.90,3.7250,true,1,3897778
7290017197500,false,שמפו נועה לשיער יבש 750 מל רמי לוי,,,שמפו נועה לשיער יבש,מיליליטרים,750.00,"100 מ""ל",false,,7.90,0.0105,true,1,4035704
7290017197517,false,שמפו נועה לשיער רגיל 750 מל רמי לוי,,,שמפו נועה לשיער רגיל,מיליליטרים,750.00,"100 מ""ל",false,,7.90,0.0105,true,1,4035705
7290017197524,false,שמפו נועה לשיער רגיל מרוקאי 750 מל רמי לוי,,,שמפו נועה לשיער רגיל,מיליליטרים,750.00,"100 מ""ל",false,,7.90,0.0105,true,1,4035706
7290017197531,false,מרכך נועה לשיער יבש 750 מל רמי לוי,,,מרכך נועה לשיער יבש,מיליליטרים,750.00,"100 מ""ל",false,,7.90,0.0105,true,1,4035682
7290017197548,false,מרכך נועה מרוקאי לשיער רגיל 750 מל רמי לוי,,,מרכך נועה מרוקאי לשי,מיליליטרים,750.00,"100 מ""ל",false,,7.90,0.0105,true,1,4035683
7290017197555,false,מרכך נועה לשיער רגיל 750 מל רמי לוי,,,מרכך נועה לשיער רגיל,מיליליטרים,750.00,"100 מ""ל",false,,7.90,0.0105,true,1,4035684
7290017197616,false,אל סבון בניחוח פירות 1 ליטר,,,אל סבון בניחוח פירות,ליטרים,1.00,ליטר,false,,7.90,7.9000,true,1,4035707
7290017197630,false,אל סבון בניחוח ים 1 ליטר,,,אל סבון בניחוח ים 1,ליטרים,1.00,ליטר,false,,7.90,7.9000,true,1,4035709
7290017197647,false,אל סבון בניחוח מאסק 1 ליטר,,,אל סבון בניחוח מאסק,ליטרים,1.00,ליטר,false,,7.90,7.9000,true,1,4035710
7290017197654,false,מטליות לחות לניקוי ר,,,מגבוני רצפה -רמי לוי,יח',1.00,יח',false,,8.90,8.9000,true,1,4035729
7290017197678,false,מגבוני ניקיון שלישייה -רמי לוי,,,מגבוני ניקיון שלישיי,יח',3.00,יח',false,,14.90,4.9667,true,1,4035730
7290017197685,false,שלישייה מגבוני טואלט לחים,,,שלישייה מגבוני טואלט,יח',3.00,יח',false,,9.90,3.3000,true,1,4639001
7290017197838,false,שמפו וגל רחצה לגבר נועה,,,שמפו וגל רחצה לגבר נ,מיליליטרים,750.00,"100 מ""ל",false,,8.50,0.0113,true,1,5458579
7290017197944,false,סבון קצף לידיים אלוורה,,,סבון קצף לידיים אלוו,מיליליטרים,500.00,"100 מ""ל",false,,6.90,0.0138,true,1,6451275
7290017197951,false,סבון קצף לידיים 500מל רמילוי,,,סבון קצף לידיים 500מ,מיליליטרים,500.00,"100 מ""ל",false,,6.90,0.0138,true,1,6451276
7290017197968,false,סבון קצף לילדים אשכולית 500מל רמילוי,,,סבון קצף לילדים אשכו,מיליליטרים,500.00,"100 מ""ל",false,,6.90,0.0138,true,1,6686884
7290017197975,false,סבון קצף לילדים ענבים 500מל רמילוי,,,סבון קצף לילדים ענבי,מיליליטרים,500.00,"100 מ""ל",false,,6.90,0.0138,true,1,6686885
7290017239378,false,מארז פיצה משפחתית מרגריטה 3 * 400 ג' כל טוב,,,מארז 3 יח פיצה 1.2 ק,קילוגרמים,1.20,"ק""ג",false,,34.90,29.0833,true,1,6426878
7290017239804,false,נתחי פילה דג בקלה בציפוי,,,נתחי פילה דג בקלה בצ,גרמים,400.00,100 גרם,false,,14.90,0.0373,true,1,6794495
7290017252063,false,שמן תירס 1 ליטר,,,שמן תירס 1 ליטר,ליטרים,1.00,ליטר,false,,10.90,10.9000,true,1,3725864
7290017266602,false,וופל קראנץ טעם שוקולד 150ג רמילוי,,,וופל קראנץ טעם שוקול,גרמים,150.00,100 גרם,false,,2.90,0.0193,true,1,6709519
7290017266619,false,וופל קראנץ טעם אגוז 150ג רמילוי,,,וופל קראנץ טעם אגוז,גרמים,150.00,100 גרם,false,,2.90,0.0193,true,1,6709520
7290017266633,false,וופל רול טעם שוקולד 100ג רמילוי,,,וופל רול טעם שוקולד,יח',1.00,יח',false,,2.90,2.9000,true,1,6709496
7290017266640,false,וופל רול טעם אגוז 100ג רמילוי,,,וופל רול טעם אגוז 10,יח',1.00,יח',false,,2.90,2.9000,true,1,6709497
7290017266756,false,גביעי גלידה ללא סוכר רמילוי,,,גביעי גלידה ללא סוכר,יח',1.00,יח',false,,4.90,4.9000,true,1,6773426
7290017289151,false,יין אמרלד ריזלינג-ממלכת יהודה,יקב טפרברג,IL,אמרלד ריזלינג סדרת מ,יח',1.00,יח',false,,24.90,24.9000,true,1,5595345
7290017289168,false,"יין ישראלי אדום יבש 750 מ""ל",יקב טפרברג 1870 בעמ,IL,אדום יבש סדרת ישראלי,מיליליטרים,750.00,"100 מ""ל",false,,19.50,0.0260,true,1,5595346
7290017289175,false,"יין ישראלי פטיט סירה 750 מ""ל",יקב טפרברג 1870 בעמ,IL,פטיט סירה סדרת ישראל,מיליליטרים,750.00,"100 מ""ל",false,,19.50,0.0260,true,1,5595347
7290017289182,false,לבן חצי יבש סדרת ישראלי,יקב טפרברג 1870 בעמ,IL,לבן חצי יבש סדרת ישר,מיליליטרים,750.00,"100 מ""ל",false,,19.50,0.0260,true,1,5595348
7290017289595,false,"יין אינספייר בלנד אדום יבש 150 שנה 750 מ""ל",יקב טפרברג 1870 בעמ,IL,אינספייר בלנד אדום 7,מיליליטרים,750.00,"100 מ""ל",false,,64.90,0.0865,true,1,6707428
7290017289908,false,"יין למברוסקו אלגרו אדום 750 מ""ל",יקב טפרברג 1870 בעמ,IL,אלגרו למברוסקו אדום,מטרים,750.00,100 מ'ל,false,,34.90,0.0465,true,1,6830211
7290017296142,false,בריא מהטבע גרנולה שוקולד חלבה 400 גר,אפקט טבעי,IL,בריא מהטבע גרנולה שו,גרמים,400.00,100 גרם,false,,24.90,0.0622,true,1,6704479
7290017297309,false,עדשים ירוקות מבושלות רמי לוי,,,עדשים ירוקות מבושלות,יח',1.00,יח',false,,13.90,13.9000,true,1,6772610
7290017297316,false,שעועית אדומה מבושלת מוקפאת רמי לוי,,,שעועית אדומה מבושלת,יח',1.00,יח',false,,13.90,13.9000,true,1,6772633
7290017297347,false,רוטב עגבניות מרוכז 28 580 גרם רמי לוי,,,רוטב עגבניות מרוכז 2,גרמים,580.00,100 גרם,false,,5.90,0.0102,true,1,6828193
7290017297354,false,רוטב עגבניות מרוכז 100גר רמילוי,,,רוטב עגבניות מרוכז 1,גרמים,100.00,100 גרם,false,,1.40,0.0140,true,1,6799225
7290017297361,false,רוטב עגבניות 240 גר רמילוי,,,רוטב עגבניות 240 גר,גרמים,240.00,100 גרם,false,,2.90,0.0121,true,1,6799551
7290017297385,false,קלחי תירס 1 קג רמי לוי,,,קלחי תירס 1 קג רמי ל,קילוגרמים,1.00,"100 לק""ג",false,,11.90,11.9000,true,1,6819008
7290017304885,false,לחם שיפון מחיטה מלאה ללא תוספת סוכר 750 ג' אנג'ל,מאפית אנגל,IL,לחם שיפון וחיטה מלאה,גרמים,750.00,100 גרם,false,,16.90,0.0225,true,1,6212772
7290017325453,false,משקה שקדים אורגני 1 ליטר הרדוף – ללא תוספת סוכר ללא גלוטן,ליקואטס,ES,משקה שקדים אורגני 1ל,ליטרים,1.00,ליטר,false,,14.90,14.9000,true,1,6830440
7290017325477,false,רסק עגבניות 100 גר אורגני - הרדוף,פריניר (הדס 1987) בע,IL,רסק עגבניות אורגני 1,גרמים,100.00,100 גרם,false,,3.40,0.0340,true,1,6757501
7290017325613,false,משקה שיבולת שועל אורגני 1 ליטר הרדוף,סוי מג'יק,ES,משקה שיבולת שועל אור,ליטרים,1.00,100 ליטר,false,,12.70,12.7000,true,1,6757504
7290017325620,false,משקה אורז בתוספת שקדים אורגנים 1 ליטר הר,ליקואטס,ES,משקה אורז תוספת שקדי,ליטרים,1.00,100 ליטר,false,,12.70,12.7000,true,1,6757505
7290017325705,false,"קמח שיבולת שועל לל""ג אורגני 500 גרם",טחנת קמח דגן לישראל,IL,קמח שיבולת שועל אורג,גרמים,500.00,100 גרם,false,,16.90,0.0338,true,1,6830441
7290017325743,false,"קמח עדשים אדומות לל""ג אורגני 500 גרם",טחנת קמח דגן לישראל,IL,קמח עדשים אדומות אור,גרמים,500.00,100 גרם,false,,16.90,0.0338,true,1,6830418
7290017325750,false,"קמח חומוס לל""ג אורגני 500 גרם",טחנת קמח דגן לישראל,IL,קמח חומוס אורגני 500,גרמים,500.00,100 גרם,false,,17.90,0.0358,true,1,6830444
7290017325774,false,ספגטי מחיטת כוסמין אמר אורגני 400 גרם הרדוף,פסטיפיסוי פליצ'טי,IT,ספגטי מחיטת כוסמין מ,גרמים,400.00,100 גרם,false,,19.70,0.0492,true,1,6830445
7290017325804,false,קוואקר עדין אורגני 500 גרם הרדוף ללא גלוטן,אול אורגני,IL,קוואקר עדין אורגני 5,גרמים,500.00,100 גרם,false,,17.70,0.0354,true,1,6830361
7290017325910,false,"קורנפלקס ללת""ס אורגני הרדוף 375 גר",לאמרי,IT,קורנפלקס אורגני ללא,גרמים,375.00,100 גרם,false,,18.90,0.0504,true,1,6905353
7290017374987,false,מטליות רב שימושיות צהוב רמי לוי,,,מטליות רב שימושיות צ,יח',1.00,יח',false,,19.50,19.5000,true,1,5263868
7290017389967,false,ערמונים קלופים 100 גר קליית השקמה,,,ערמונים קלופים 100 ג,גרמים,100.00,100 גרם,false,,4.90,0.0490,true,1,4282003
7290017390383,false,גרנולה צימוקים אגוזים שקדים 1 קג,,,גרנולה צימוקים אגוזי,גרמים,1000.00,100 גרם,false,,19.90,0.0199,true,1,4281874
7290017390420,false,"מיזלי צימוקים ותפ""ע 1 קג",,,"מיזלי צימוקים ותפ""ע",גרמים,1000.00,100 גרם,false,,19.90,0.0199,true,1,4281896
7290017390482,false,מטבעות שוקולד חלב לאפיה 300 גר,,,מטבעות שוקולד חלב לא,גרמים,300.00,100 גרם,false,,10.90,0.0363,true,1,4281920
7290017390499,false,מטבעות שוקולד לבן לאפיה 300 גר,,,מטבעות שוקולד לבן לא,גרמים,300.00,100 גרם,false,,10.90,0.0363,true,1,4281921
7290017390505,false,מטבעות שוקולד ציפס מריר לאפיה 300 גר,,,מטבעות שוקולד ציפס מ,גרמים,300.00,100 גרם,false,,9.90,0.0330,true,1,4281922
7290017390536,false,סוכריות גומי תות שדה 300 גר,,,סוכריות גומי תות שדה,גרמים,300.00,100 גרם,false,,9.90,0.0330,true,1,4281925
7290017390543,false,סוכריות גומי מסוכרות,,,סוכריות גומי טעם בננ,גרמים,300.00,100 גרם,false,,9.90,0.0330,true,1,4281926
7290017390574,false,סוכריות גומי טעם אבטיח 300 גר,,,סוכריות גומי טעם אבט,גרמים,300.00,100 גרם,false,,9.90,0.0330,true,1,4281947
7290017390598,false,סוכריות גומי צורת לב 300 גר,,,סוכריות גומי צורת לב,גרמים,300.00,100 גרם,false,,9.90,0.0330,true,1,4281967
7290017390611,false,שקד בציפוי שוקולד מריר 250 גר,,,שקד בציפוי שוקולד מר,גרמים,250.00,100 גרם,false,,15.90,0.0636,true,1,4281969
7290017390628,false,שקד בציפוי שוקולד חלב 250 גר,,,שקד בציפוי שוקולד חל,גרמים,250.00,100 גרם,false,,15.90,0.0636,true,1,4281970
7290017390673,false,צימוק בציפוי שוקולד חלב 250 גר,,,צימוק בציפוי שוקולד,גרמים,250.00,100 גרם,false,,15.90,0.0636,true,1,4281975
7290017390727,false,אגוז פקאן שוקולד מרי,,,אגוז פקאן שוקולד מרי,גרמים,250.00,100 גרם,false,,15.90,0.0636,true,1,4281980
7290017390741,false,סוכריות מנטול ירוק 2,,,סוכריות מנטול ירוק 2,גרמים,220.00,100 גרם,false,,9.90,0.0450,true,1,4281982
7290017390772,false,סוכריות מטלוס חמאה 2,,,סוכריות מטלוס חמאה 2,גרמים,220.00,100 גרם,false,,9.90,0.0450,true,1,4282004
7290017406381,false,פירורי לחם מתובלים ג,,,פירורי לחם מתובלים ג,מיליליטרים,500.00,"100 מ""ל",false,,7.90,0.0158,true,1,5754995
7290017406398,false,פירורי לחם מתובלים ש,,,פירורי לחם מתובלים ש,מיליליטרים,500.00,"100 מ""ל",false,,7.90,0.0158,true,1,5757559
7290017406435,false,אורז בסמטי חום טאג' מאהל רמילוי,,,אורז בסמטי חום טאג',יח',1.00,יח',false,,9.90,9.9000,true,1,6767190
7290017406596,false,שיבולת שועל להכנה מהירה 500ג רמילוי,,,שיבולת שועל להכנה מה,גרמים,500.00,100 גרם,false,,9.90,0.0198,true,1,6742503
7290017406619,false,פירורי לחם לבנים 1קג רמילוי,,,פירורי לחם לבנים 1קג,גרמים,1000.00,100 גרם,false,,9.90,0.0099,true,1,6725501
7290017406626,false,פירורי לחם מוזהבים 1קג רמילוי,,,פירורי לחם מוזהבים 1,גרמים,1000.00,100 גרם,false,,9.90,0.0099,true,1,6725502
7290017406688,false,טורטיה בסיס להכנת פיצה רמי לוי,,,טורטיה בסיס להכנת פי,גרמים,320.00,100 גרם,false,,9.90,0.0309,true,1,6818488
7290017406695,false,מיני טורטיה מקמח חיטה וסובין רמי לוי,,,מיני טורטיה מקמח חיט,גרמים,250.00,100 גרם,false,,7.90,0.0316,true,1,6818489
7290017406701,false,טורטיה עם קמח תירס רמי לוי,,,טורטיה עם קמח תירס ר,גרמים,360.00,100 גרם,false,,8.90,0.0247,true,1,6818490
7290017406817,false,טורטיה קמח חיטה רמי לוי,,,טורטיה קמח חיטה רמי,גרמים,360.00,100 גרם,false,,8.90,0.0247,true,1,6818492
7290017406824,false,טורטיה קמח חיטה וסובין רמי לוי,,,טורטיה קמח חיטה וסוב,גרמים,360.00,100 גרם,false,,8.90,0.0247,true,1,6818493
7290017406848,false,פתי בר וניל 300גר רמילוי,,,פתי בר וניל 300גר רמ,גרמים,300.00,100 גרם,false,,4.50,0.0150,true,1,6836920
7290017440248,false,סרקל מרכך לילדים לשיער מתולתל 1 ליטר,"ד""ר פישר Dr fischer",IL,סרקל מתולתל מרכך 1 ל,ליטרים,5.00,ליטר,false,,28.90,5.7800,true,1,5405538
7290017440286,false,"ד""ר פישר - קידס מרכך ויטמינים 750 מ""ל","ד""ר פישר Dr fischer",IL,"מרכך קידס 750 מ""ל",מיליליטרים,750.00,"100 מ""ל",false,,16.90,0.0225,true,1,6113982
7290017440309,false,"ד""ר פישר - קידס שמפו ויטמינים 750 מ""ל","ד""ר פישר Dr fischer",IL,שמפו קידס 750 מל,מיליליטרים,750.00,"100 מ""ל",false,,16.90,0.0225,true,1,6113955
7290017457574,false,כדוריות סבון נתלה לאסלה בניחוח פרחים - 3 יח',הנקל סוד,RS,סוד כדוריות לאסלה פר,גרמים,204.00,100 גרם,false,,16.90,0.0828,true,1,5910348
7290017457611,false,גל כביסה סוד טוטאל ירוק 2.5 ליטר,הנקל סוד,IL,סוד ג'ל כביסה טוטל ו,ליטרים,2.50,ליטר,false,,24.90,9.9600,true,1,6705391
7290017457871,false,סוד ג'ל כביסה ירוק טוטאל 4 ליטר,הנקל סוד,IL,סוד ג'ל כביסה טוטל ו,ליטרים,4.00,ליטר,false,,34.50,8.6250,true,1,6705393
7290017487090,false,שיבה בנספק שדות בעמק,חקלאי,IL,שיבה שדות בעמק,גרמים,40.00,100 גרם,false,,5.90,0.1475,true,1,6805701
7290017487137,false,אורגנו בנספק שדות בע,חקלאי,IL,אורגנו שדות בעמק,יח',1.00,יח',false,,5.90,5.9000,true,1,5601305
7290017487175,false,רוזמרין בנספק שדות ב,חקלאי,IL,רוזמרין שדות בעמק,יח',1.00,יח',false,,5.90,5.9000,true,1,5713570
7290017487205,false,מרווה בנספק שדות בעמ,חקלאי,IL,מרווה שדות בעמק,גרמים,40.00,100 גרם,false,,5.90,0.1475,true,1,5601308
7290017487229,false,קורנית בנספק שדות בע,חקלאי,IL,קורנית שדות בעמק,גרמים,40.00,100 גרם,false,,5.90,0.1475,true,1,5601310
7290017487403,false,בזיליקום שדות בעמק,חקלאי,IL,בזיליקום שדות בעמק,גרמים,100.00,100 גרם,false,,8.90,0.0890,true,1,6742042
7290017487410,false,רוקולה 100 גרם שדות בעמק,חקלאי,IL,רוקולה 100 גרם שדות,גרמים,40.00,100 גרם,false,,10.90,0.2725,true,1,6737592
7290017487427,false,עלי קייל דינוזאור שד,,,עלי קייל שדות בעמק,יח',1.00,יח',false,,12.90,12.9000,true,1,6737593
7290017487441,false,בצל ירוק בשקית יחידה,חקלאי,IL,בצל ירוק שדות בעמק,יח',1.00,יח',false,,6.90,6.9000,true,1,6737594
7290017487458,false,פזיל/מנגולד בשקית שד,חקלאי,IL,מנגולד שדות בעמק,יח',1.00,יח',false,,6.90,6.9000,true,1,6737595
7290017487489,false,תרד ניו-זילנדי בנספק,חקלאי,IL,תרד ניו זילנד שדות ב,יח',1.00,יח',false,,11.90,11.9000,true,1,6737596
7290017487526,false,עלי חסה רומית שדות בעמק,חקלאי,IL,עלי חסה רומית שדות ב,יח',1.00,יח',false,,9.90,9.9000,true,1,6737597
7290017487557,false,בזיליקום בנספק שדות,חקלאי,IL,בזיליקום שדות בעמק,גרמים,40.00,100 גרם,false,,5.90,0.1475,true,1,6737598
7290017487595,false,נענע בשקית שדות בעמק,חקלאי,IL,נענע שדות בעמק,יח',1.00,יח',false,,4.90,4.9000,true,1,6737599
7290017487601,false,פטרוזיליה בשקית שדות,חקלאי,IL,פטרוזליה שדות בעמק,יח',1.00,יח',false,,4.90,4.9000,true,1,6737600
7290017487618,false,כוסברה בשקית שדות בע,חקלאי,IL,כוסברה שדות בעמק,יח',1.00,יח',false,,4.90,4.9000,true,1,6737601
7290017487625,false,שמיר בשקית שדות בעמק,חקלאי,IL,שמיר שדות בעמק,יח',1.00,יח',false,,4.90,4.9000,true,1,6740382
7290017487823,false,סלרי עלים בשקית שדות,חקלאי,IL,סלרי עלים שדות בעמק,יח',1.00,יח',false,,6.90,6.9000,true,1,6737603
7290017487830,false,סלרי ראש בשקית שדות,,,סלרי ראש שדות בעמק,יח',1.00,יח',false,,6.90,6.9000,true,1,6737604
7290017513409,false,תה ירוק SUPER GREEN 87 גרםבטעם אוכמניות ואסאי,תה ויסוצקי,IL,תה ירוק סופר פרפל 25,גרמים,37.50,100 גרם,false,,22.90,0.6107,true,1,6247163
7290017513485,false,מחית עגבניות רוסטיקה בלה איטליה 680 ג',היצרן: ס.פ. פודנצנו,IT,מחית עגבניות 680 ג,גרמים,680.00,100 גרם,false,,12.30,0.0181,true,1,6468024
7290017513775,false,פליפז-בייגלה מצופה שוקולד חלב 140 גרם,שוורצקוף& הנקל דיסלד,TR,בייגלה מצופה בשוקולד,גרמים,140.00,100 גרם,false,,7.90,0.0564,true,1,6593657
7290017513782,false,פליפז-בייגלה מצופה שוקולד מריר 140 גרם,שוורצקוף& הנקל דיסלד,TR,בייגלה מצופה בשוקולד,גרמים,140.00,100 גרם,false,,7.90,0.0564,true,1,6593658
7290017513850,false,תה ירוק נענע 25 שקיקים בתוספת ויטמינים Cּּ+D,ויסוצקי ירוק,IL,תה ירוק נענע +ויטמינ,גרמים,37.50,100 גרם,false,,22.90,0.6107,true,1,6729144
7290017513867,false,תה ירוק לימונית לואיזה 25 שקיקים בתוספת ויטמין Cּּ+D,תה ויסוצקי,IL,תה ירוק לימונית ולוא,גרמים,37.50,100 גרם,false,,22.90,0.6107,true,1,6729145
7290017582030,false,GOOD PHARM - פינצטה אלכסונית,,,פינצטה אלכסונית GOOD,יח',1.00,יח',false,,10.00,10.0000,true,1,6857996
7290017582061,false,GOOD PHARM - מספרים לעור,,,מספריים לעור GOOD,יח',1.00,יח',false,,10.00,10.0000,true,1,6857999
7290017582092,false,GOOD PHARM - צבת לציפורניים,,,צבת לציפורניים GOOD,יח',1.00,יח',false,,10.00,10.0000,true,1,6858002
7290017582108,false,GOOD PHARM - צבת לעור,,,צבת לעור GOOD,יח',1.00,יח',false,,10.00,10.0000,true,1,6858003
7290017582177,false,"GOOD PHARM - פצירות חד פעמיות 18 ס""מ",,,פצירות חד פעמיות 18,יח',1.00,יח',false,,10.00,10.0000,true,1,6858006
7290017582184,false,GOOD PHARM - פצירת יהלום מקצועית,,,פצירת יהלום מקצועית,יח',1.00,יח',false,,10.00,10.0000,true,1,6858007
7290017589633,false,"רזרב גולד אדישיין קברנה סוביניון 750 מ""ל",יקבי ברקן Barkan,IL,רזרב גולד קברנה סובי,מיליליטרים,750.00,"100 מ""ל",false,,34.90,0.0465,true,1,5774390
7290017595023,false,כוסיות לנרונים עם סיליקון,,,כוסיות לנרונים,יח',1.00,יח',false,,2.90,2.9000,true,1,5684346
7290017595047,false,זוג כוסיות קריסטל מע,,,זוג כוסיות קריסטל,יח',1.00,יח',false,,13.90,13.9000,true,1,5653354
7290017595054,false,זוג כוסיות שבת +גומי,,,זוג כוסיות עם גומי,יח',1.00,יח',false,,4.90,4.9000,true,1,6744327
7290017595061,false,זוג כוסיות שלהבת מעג,,,זוג כוסיות לנרות,יח',1.00,יח',false,,4.90,4.9000,true,1,5653355
7290017599229,false,ממתיק סוכרלוז 200 טבליות סוכרזית,"סוכרזית בע""מ",IL,סוכריות סוכרלוז 200,יח',1.00,יח',false,,19.90,19.9000,true,1,6826514
7290017599236,false,סוכריות סטיוויה 200 טבליות,סנו מפעלי ברונוס.,IL,סוכריות סטיוויה 200,יח',1.00,יח',false,,21.90,21.9000,true,1,6826515
7290017599250,false,סוכרזית קלאסי 120 שקיות,ביסקול בעמ,IL,סוכרזית קלאסי 120 שק,גרמים,100.00,100 גרם,false,,15.90,0.1590,true,1,6880451
7290017599267,false,סוכרלוז 120 שקיות ממתיק שולחני,סוכרזית Sucrazit,IL,סוכרזית סוכרלוז 120,גרמים,120.00,100 גרם,false,,24.90,0.2075,true,1,6880452
7290017599274,false,סוכרזית סטיוויה 120 שקיות,ביסקול בעמ,IL,סוכרזית סטיוויה 120,יחידה,0.00,יחידה,false,,29.90,0.0000,true,1,6887788
7290017616827,false,שעועית ירוקה עדינה 800 ג רמילוי,,,שעועית ירוקה עדינה 8,גרמים,800.00,100 גרם,false,,7.20,0.0090,true,1,6776064
7290017617053,false,טונה סטארקיסט טו גו,סטארקיסט,TH,טונה סטארקיסט טו גו,יח',1.00,יח',false,,9.80,9.8000,true,1,6704030
7290017617091,false,סטארקיסט מיקס טוגו טונה עם פתיתים 185 גרם,דרדנל אוננטאס גידה,TR,סטארקיסט מיקס טוגו 1,גרמים,185.00,100 גרם,false,,12.90,0.0697,true,1,6768463
7290017617138,false,טונה בשמן קנולה דל נתרן סטארקיסט 4*160 ג',"סטארקיסט פודור בע""מ",TH,טונה סטארקיסט בשמן ד,גרמים,640.00,100 גרם,false,,24.90,0.0389,true,1,6743349
7290017617428,false,מיקס סלמון עם פסטה ברוטב עגבניות 160 ג' סטארקיסט,סטארקיסט,PL,סטארקיסט מיקס סלמון,גרמים,160.00,100 גרם,false,,14.90,0.0931,true,1,6862317
7290017637587,false,קרם לתלתלים מיקי בוגנים 200 מל,מיקי בוגנים,IL,קרם לתלתלים מיקי בוג,מטרים,200.00,100 מ'ל,false,,23.90,0.1195,true,1,6874283
7290017637617,false,מסיכת הזנה לשיער מיקי בוגנים 250 מל,מיקי בוגנים,IL,מסיכת הזנה לשיער מיק,מטרים,250.00,100 מ'ל,false,,26.90,0.1076,true,1,6874286
7290017637624,false,מרכך יומיומי יסמין קסום 500 מל בוגנים,מיקי בוגנים,IL,שמפו לשיער יסמין מיק,מטרים,500.00,100 מ'ל,false,,23.90,0.0478,true,1,6874287
7290017637655,false,שמפו קרטין ללא מלח מיקי בוגנים 500 מל,מיקי בוגנים,IL,שמפו קרטין ללא מלח מ,מטרים,500.00,100 מ'ל,false,,23.90,0.0478,true,1,6874362
7290017637761,false,מרכך לשיער ללא מלחים 500מל מיקי בוגנים,General,IL,מרכך לשיער ללא מלחים,מטרים,500.00,100 מ'ל,false,,24.90,0.0498,true,1,6893167
7290017641102,false,שוקולד פרימיום 70% ללא סוכר בטעם תפוז 100 גרם,כרמית תעשיות ממתקים,IL,שוקולד פרימיום 70% ל,יח',1.00,יח',false,,7.50,7.5000,true,1,5696948
7290017641119,false,שוקולד פרימיום 85% כשלפ בדצ 100גר,כרמית תעשיות ממתקים,IL,שוקולד פרימיום 85% כ,גרמים,100.00,100 גרם,false,,7.90,0.0790,true,1,6685918
7290017641188,false,קרקר עם שיפון מלא וסלק 130 גר,דנוויטה ג'יי. אס. סי,LT,קרקר עם שיפון מלא וס,גרמים,130.00,100 גרם,false,,5.90,0.0454,true,1,5806072
7290017641201,false,קרקר עם שיפון מלא וקייל 130 גר,דנוויטה ג'יי. אס. סי,LT,קרקר עם שיפון מלא וק,גרמים,130.00,100 גרם,false,,5.70,0.0438,true,1,5806074
7290017641379,false,חמישיות שוקולד חלב בדצ 85 ג*5 בלמינט*12 בקרט בדצ,כרמית,IL,חמישיית שוקלד חלב,גרמים,425.00,100 גרם,false,,14.90,0.0351,true,1,6311422
7290017641720,false,שוקולד מריר שברי אגוז כשלפ בדצ 100 גר,כרמית תעשיות ממתקים,IL,שוקולד מריר שברי אגו,גרמים,100.00,100 גרם,false,,7.90,0.0790,true,1,6685925
7290017641737,false,"שוקולד 70% שברי אגוז 100 גר' כשל""פ. בד""ץ",כרמית תעשיות ממתקים,IL,שוקולד 70% שברי אגוז,גרמים,100.00,100 גרם,false,,7.90,0.0790,true,1,6685926
7290017641751,false,מרשמלו ורוד לבן 180ג רמילוי,,,מרשמלו ורוד לבן 180ג,גרמים,180.00,100 גרם,false,,4.90,0.0272,true,1,6692645
7290017641768,false,מרשמלו מסובב ורוד לבן 180ג רמילוי,,,מרשמלו מסובב ורוד לב,גרמים,180.00,100 גרם,false,,4.90,0.0272,true,1,6692646
7290017641775,false,מרשמלו צבעוני 180ג רמילוי,,,מרשמלו צבעוני 180ג ר,גרמים,180.00,100 גרם,false,,4.90,0.0272,true,1,6692647
7290017641997,false,"שוקולד פרימיום 70% לל""ס שברי אגוז לוז 100 גר' וסטהיים",כרמית,IL,שוקולד מריר מעולה 70,יח',1.00,יח',false,,7.50,7.5000,true,1,6725498
7290017647708,false,"רמת הגולן גמלא גוורצטרמינר, 750 מ""ל י יקב רמת הגולן",יקבי רמת הגולן,IL,גמלא גוורצטרמינר 750,מטרים,750.00,100 מ'ל,false,,64.90,0.0865,true,1,6818944
7290017647722,false,"רמת הגולן גמלא בלאנקו, 750 מ""ל י יקב רמת הגולן",יקבי רמת הגולן,IL,גמלא בלאנקו לבן יבש,מטרים,750.00,100 מ'ל,false,,64.90,0.0865,true,1,6818945
7290017677804,false,"רוטב סויה קיקומן ללא חומרים משמרים 444 מ""ל",קיקומן פודז אינק,US,"רוטב סויה 444 מ""ל קי",מיליליטרים,444.00,"100 מ""ל",false,,19.80,0.0446,true,1,6087580
7290017677811,false,"רוטב סויה קיקומן ללא חומרים משמרים 296 מ""ל",קיקומן פודז אינק,NL,"רוטב סויה 296 מ""ל קי",מיליליטרים,296.00,"100 מ""ל",false,,12.90,0.0436,true,1,6087581
7290017682099,false,מקל מטאטא טיטניוום,,,מקל מטאטא טיטניוום,יח',1.00,יח',false,,5.90,5.9000,true,1,6751282
7290017688374,false,עוגיות טעם שוקולד 20,,,עוגיות טעם שוקולד 20,גרמים,200.00,100 גרם,false,,13.90,0.0695,true,1,6329564
7290017712680,false,הוריזן עוף לכלב ננסי 100 גר,הורייזן Horizon,,הוריזן עוף לכלב ננסי,יח',1.00,יח',false,,4.90,4.9000,true,1,6766244
7290017712741,false,פרמיו כבש 100 ג',,,פרמיו כבש 100 ג',יח',1.00,יח',false,,4.90,4.9000,true,1,6759740
7290017712796,false,פרמיו סטריליז דג קוד 100 ג',פרמיו Premio,,פרמיו סטריליז דג קוד,יח',1.00,יח',false,,4.90,4.9000,true,1,6759814
7290017715346,false,זית שחור טאסוס 400 גרם,מסנוי גידה רעהס,TR,זית שחור טאסוס 400גר,גרמים,400.00,100 גרם,false,,14.90,0.0373,true,1,6219595
7290017752709,false,אטריות אורז דקות 454ג רמילוי,,,אטריות אורז דקות 454,גרמים,454.00,100 גרם,false,,10.50,0.0231,true,1,6062899
7290017752716,false,אטריות אורז רחבות 454ג רמילוי,,,אטריות אורז רחבות 45,גרמים,454.00,100 גרם,false,,10.50,0.0231,true,1,6062900
7290017812069,false,יין אמרלד ריזלינג שרדונה אקסלנס Excellence,יקבי כרמל Carmel Winery,IL,יין ריזלינג-שרדונה א,מיליליטרים,750.00,"100 מ""ל",false,,21.80,0.0291,true,1,5476637
7290017812083,false,מיץ תירוש אדום רמי לוי 1 לי,,,מיץ תירוש אדום רמי ל,ליטרים,1.00,ליטר,false,,12.90,12.9000,true,1,5728863
7290017812090,false,מיץ תירוש לבן רמי לוי 1 לי,,,מיץ תירוש לבן רמי לו,ליטרים,1.00,ליטר,false,,12.90,12.9000,true,1,5728864
7290017812571,false,"מיץ ענבים תירוש 1 ליטר ""יקבי כרמל""",יקבי כרמל Carmel Winery,IL,מיץ ענבים אדום 100%,ליטרים,1.00,ליטר,false,,19.90,19.9000,true,1,6687154
7290017812588,false,יין תירוש לבן 100%ה טבעי 1 ליטר,יקבי כרמל Carmel Winery,IL,מיץ ענבים לבן 100% ט,ליטרים,1.00,ליטר,false,,19.90,19.9000,true,1,6683091
7290017812618,false,מיץ ענבים תירוש רוזה 1 ליטר.,כרמל מזרחי,IL,תירוש טבעי רוזה 100%,ליטרים,1.00,ליטר,false,,19.90,19.9000,true,1,6704405
7290017812663,false,"כרמל תירוש לבן מבעבע 750 מ""ל",מנדלז סי.אר. פרודקשן,IL,תירוש מבעבע לבן 750,מיליליטרים,750.00,"100 מ""ל",false,,19.90,0.0265,true,1,6764711
7290017812830,false,יין רוזה פרייבט קולקשיין 750מל יקבי כרמל,"כד בני דרום בע""מ",IL,יין רוזה פרייבט קולק,מיליליטרים,750.00,"100 מ""ל",false,,39.90,0.0532,true,1,6752740
7290017812861,false,יין וינו לבן יקבי כרמל,כרמל מזרחי,IL,יין וינו לבן יקבי כר,מיליליטרים,750.00,"100 מ""ל",false,,18.90,0.0252,true,1,6752742
7290017812885,false,יין קברנה סוביניון בלאן גוורצטרמינר,אגודת הכורמים א.ת אל,IL,P.C סוביניון גוורצטר,מיליליטרים,750.00,"100 מ""ל",false,,38.90,0.0519,true,1,6785282
7290017812977,false,"יין מבעבע באזז אננס יקבי כרמל 750 מ""",כרמל מזרחי,IL,באזז אננס 750מל,מיליליטרים,750.00,"100 מ""ל",false,,26.90,0.0359,true,1,6785283
7290017816005,false,בייגלה כוסמין שמיניות שומשום 300 גר,יוליניבר,IL,בייגלה כוסמין שמיניו,יח',1.00,יח',false,,15.90,15.9000,true,1,5910414
7290017816012,false,קרם קרקר כוסמין מקור הכוסמין 250 גר,,IL,קרם קרקר כוסמין,יח',1.00,יח',false,,14.90,14.9000,true,1,5910415
7290017816111,false,פתי בר מקמח כוסמין 220 גרם,אפיפית הדר,IL,פתי בר כוסמין 220 גר,גרמים,220.00,100 גרם,false,,11.90,0.0541,true,1,6709663
7290017816128,false,קרקר מקור הכוסמין 22,,,קרקר כוסמין 200 גר,גרמים,200.00,100 גרם,false,,14.90,0.0745,true,1,6740189
7290017864259,false,בזיליקום 100ג רמי לוי,,,בזיליקום 100ג רמי לו,גרמים,100.00,גרם,false,,8.90,0.0890,true,1,6706971
7290017864341,false,תפוא למיקרו רמי לוי,,,תפוא למיקרו רמי לוי,גרמים,700.00,100 גרם,false,,5.90,0.0084,true,1,6698742
7290017864358,false,נענע ארוז רמי לוי,,,נענע ארוז רמי לוי,יח',1.00,יח',false,,3.90,3.9000,true,1,6739002
7290017864365,false,פטרוזליה ארוז רמי לוי,,,פטרוזליה ארוז רמי לו,יח',1.00,יח',false,,3.90,3.9000,true,1,6739003
7290017864372,false,שמיר ארוז רמי לוי,,,שמיר ארוז רמי לוי,יח',1.00,יח',false,,3.90,3.9000,true,1,6739004
7290017864389,false,כוסברה ארוז רמי לוי,,,כוסברה ארוז רמי לוי,יח',1.00,יח',false,,3.90,3.9000,true,1,6739005
7290017864396,false,סלרי ארוז רמי לוי,,,סלרי ארוז רמי לוי,יח',1.00,יח',false,,5.90,5.9000,true,1,6739023
7290017864402,false,עלי מנגולד ארוז רמי לוי,,,עלי מנגולד ארוז רמי,יח',1.00,יח',false,,5.90,5.9000,true,1,6739024
7290017864419,false,שורש פטרוזיליה ארוז,,,שורש ארוז רמי לוי,יח',1.00,יח',false,,5.90,5.9000,true,1,6739025
7290017864426,false,בצל ירוק ארוז רמי לוי,,,בצל ירוק ארוז רמי לו,יח',1.00,יח',false,,5.90,5.9000,true,1,6739026
7290017864433,false,כרוב סיני ארוז,,,כרוב סיני ארוז,יח',1.00,יח',false,,6.90,6.9000,true,1,6613089
7290017864457,false,סלרי ראש רמי לוי,,,סלרי ראש רמי לוי,יח',1.00,יח',false,,5.90,5.9000,true,1,6739027
7290017864464,false,לוף פרסה ארוז רמי לוי,,,לוף פרסה ארוז רמי לו,יח',1.00,יח',false,,7.90,7.9000,true,1,6691856
7290017864471,false,עלי בייבי 250ג רמי לוי,,,עלי בייבי 250ג רמי ל,גרמים,250.00,100 גרם,false,,13.90,0.0556,true,1,6678052
7290017864549,false,עלי רוקולה 250ג רמי לוי,,,עלי רוקולה 250ג רמי,גרמים,250.00,100 גרם,false,,13.90,0.0556,true,1,6700631
7290017864556,false,בייבי תרד 250ג רמי לוי,,,בייבי תרד 250ג רמי ל,גרמים,250.00,100 גרם,false,,13.90,0.0556,true,1,6700632
7290017871370,false,פמילי יהלום- סבון ידיים מועשר בשמן אבוקדו לניקוי וטיפוח עור הידיים,המאפיה של הרמן,TR,סבון ידיים מועשר 500,מיליליטרים,500.00,"100 מ""ל",false,,9.50,0.0190,true,1,6696156
7290017871431,false,טוסו חטיף תמרים אגוזי לוז וחמוציות ללא גלוטן וללא תוספת סוכר,תות תעשיות מזון,IL,חטיף תמרים אגוזי לוז,גרמים,140.00,100 גרם,false,,14.70,0.1050,true,1,6414481
7290017871448,false,טוסו חטיף תמרים וקשיו ללא גלוטן וללא תוספת סוכר,תות תעשיות מזון,IL,חטיף תמרים וקשיו,גרמים,140.00,100 גרם,false,,14.70,0.1050,true,1,6414482
7290017871554,false,טוסו חטיף תמרים ושברי קקאו ללא גלוטן וללא תוספת סוכר,תות תעשיות מזון,IL,חטיף תמרים ושברי קקא,גרמים,140.00,100 גרם,false,,14.70,0.1050,true,1,6414509
7290017871707,false,חטיף פיצפוצי אורז וקוקוס מצופה שוקולד מריר ללא תוספת סוכר,הגביע מוצרי ופלים,IL,חטיף פצפוצי אורז וקו,גרמים,105.00,100 גרם,false,,14.70,0.1400,true,1,6414485
7290017871950,false,פרשוואנס נייר טואלט לח מתכלה בניחוח לוונדר מארז שלישייה,פרש-וואנס,IL,פרש וואנס נייר טואלט,יח',1.00,יח',false,,12.90,12.9000,true,1,6757449
7290017872056,false,פמלי אל סבון 3*1 הסדרה הלבנה-מעורב 500 גרם*3,אברנסל קוסמטיקס,TR,פמלי אל סבון סדרה לב,מיליליטרים,500.00,"100 מ""ל",false,,14.90,0.0298,true,1,6711855
7290017872193,false,טוסו עוגיות שקדים וקינמון ללא סוכר 200 גרם,היינץ צפון אמריקה מק,IL,טוסו עוגיות שקדים וק,גרמים,200.00,100 גרם,false,,14.90,0.0745,true,1,6703963
7290017872209,false,שעווה מועשרת למיקרוג,,,מגע המשי הדבש שעווה,גרמים,500.00,100 גרם,false,,19.50,0.0390,true,1,6707633
7290017872391,false,טוסו עוגיות לוז במאר,רוקחמן,,טוסו עוגיות לוז במאר,גרמים,150.00,100 גרם,false,,13.90,0.0927,true,1,6726141
7290017872650,false,"פמלי יהלום-סבון ידיים 500מ""ל עם שמן לבנדר",המאפיה של הרמן,TR,סבון ידיים מועשר 500,מיליליטרים,500.00,"100 מ""ל",false,,9.50,0.0190,true,1,6725429
7290017872667,false,"סבון ידיים פמלי יהלום שמן קמומיל 500 מ""ל",המאפיה של הרמן,TR,פמלי סבון ידיים יהלו,מיליליטרים,500.00,"100 מ""ל",false,,8.90,0.0178,true,1,6724630
7290017872940,false,מגע הדבש רצועות שעווה לפנים 20+5 מגבוני,ש.שוורץ,,מגע הדבש רצועות שעוו,יח',1.00,יח',false,,28.90,28.9000,true,1,6792348
7290017873008,false,גלילונית הקפאה זוג 275 יחידות,"אשפלסט תעשיות בע""מ",IL,גלילונית הקפאה זוג 2,יח',1.00,יח',false,,11.90,11.9000,true,1,6807577
7290017873039,false,מארז זוג שקיות לסנדוויץ גלילונית 2*160 יח',"קינג באג בע""מ",TH,גלילונית שקיות לסנדו,יח',1.00,יח',false,,9.90,9.9000,true,1,6807578
7290017873183,false,"סבון ידיים בניחות אשכולית אדומה 500 מ""ל יהלום",,TR,פמילי סבון ידיים בני,מטרים,500.00,100 מ'ל,false,,9.90,0.0198,true,1,6819949
7290017873367,false,"קרם ידיים ויטליטי לכל סוגי העור 100 מ""ל פנג'ל",דנלוג,IL,קרם ידיים פנג'ל 100,מטרים,100.00,100 מ'ל,false,,11.90,0.1190,true,1,6912494
7290017888026,false,"משקה אננס תפוח גזר פרות & ווג 350 מ""ל",פרוט אנד וג' Fruit & Veg,IL,פרוט אנד ג'י אננס תפ,מיליליטרים,350.00,"100 מ""ל",false,,6.90,0.0197,true,1,6396470
7290017888033,false,"משקה בננה מלון נענע פרות &ווג 350 מ""ל",פרוט אנד וג' Fruit & Veg,IL,פרוט אנד ג'י בננה מל,מיליליטרים,350.00,"100 מ""ל",false,,6.90,0.0197,true,1,6396471
7290017888095,false,"רביעיית פחיות שוופס מוגז עדין פירות יער 330 מ""ל.",יפאורה תבורי,IL,שוופס רביעייה מוגז ע,ליטרים,1.32,ליטר,false,,11.40,8.6364,true,1,6001031
7290017888101,false,"שוויפס מוגז עדין אפרסק מארז רביעייה* 330 מ""ל",יפאורה תבורי,IL,שוופס רביעייה מוגז ע,ליטרים,1.32,ליטר,false,,11.40,8.6364,true,1,6001032
7290017888644,false,"משקה אננס בננה כורכום פרות & ווג 350 מ""ל",פרוט אנד וג' Fruit & Veg,IL,פרוט אנד ג'י אננס בנ,מיליליטרים,350.00,"100 מ""ל",false,,6.90,0.0197,true,1,6697378
7290017888729,false,שוופס סודה בקבוק 1 ל',"יפאורה תבורי בע""מ",IL,סודה 1 לי,יח',1.00,יח',false,,3.90,3.9000,true,1,6707327
7290017888972,false,בקבוק מי עדן פקק ספורט 1 ליטר,מופק ממקור בזלתי עדן,IL,מי עדן 1לי פקק ספורט,יח',1.00,יח',false,,3.50,3.5000,true,1,6714943
7290017894119,false,פוזילי אורז תירס דגש 400 גרם,אנדריאני,IT,פוזילי אורז תירס 400,גרמים,400.00,100 גרם,false,,9.90,0.0248,true,1,6739300
7290017907208,false,תערובת קמח רב תכליתי לנמנעים מגלוטן,מנדלז סי.אר. פרודקשן,IL,קמח תמי רב תכליתי לל,גרמים,500.00,100 גרם,false,,18.90,0.0378,true,1,6776582
7290017907222,false,תערובת קמח תופח לנמנעים מגלוטן,פוראטוס ישראל,IL,קמח תמי תופח ללא גלו,גרמים,500.00,100 גרם,false,,18.90,0.0378,true,1,6776584
7290017907260,false,תערובת להכנת כדורי פלאפל לנמנעים מגלוטן,פוראטוס ישראל,IL,תמי פלאפל ללא גלוטן,גרמים,300.00,100 גרם,false,,15.90,0.0530,true,1,6776588
7290017917283,false,"מגבוני קמיל בלו ד""ר פישר ללא בישום רביעי",פישר תעשיות,IL,רביעיית מגבוני קמיל,יח',1.00,יח',false,,19.90,19.9000,true,1,6541003
7290017917382,false,אל סבון היגייני לניקוי יסודי ולהרגע העור clean & calm,"ד""ר פישר Dr fischer",IL,אל סבון קמיל בלו 1לי,יח',1.00,יח',false,,15.80,15.8000,true,1,6156723
7290017925363,false,בירה נגב פאטה מורגנה 330מל,בירה מלכה,IL,בירה נגב פאטה מורגנה,מטרים,330.00,100 מ'ל,false,,12.90,0.0391,true,1,6923600
7290017928036,false,מאיר בייגל מקלות גריסיני שומשום 175 גרם,מאיר את בייגל,IL,מאיר בייגל מקלות גרי,גרמים,175.00,100 גרם,false,,11.90,0.0680,true,1,6558382
7290017928043,false,מאיר בייגל גריסיני קראנץ' מלח 175 ג',מאיר את בייגל,IL,מאיר בייגל גריסיני ק,גרמים,175.00,100 גרם,false,,11.90,0.0680,true,1,6558383
7290017928081,false,מקלות כעכים עם מלח רמילוי,,,מקלות כעכים עם מלח ר,גרמים,200.00,100 גרם,false,,5.90,0.0295,true,1,6766113
7290017928098,false,מאיר בייגל שטוחלה מלח 330 גר',מאיר את בייגל,IL,מאיר בייגל שטוח מלח,גרמים,330.00,100 גרם,false,,11.90,0.0361,true,1,6807579
7290017928210,false,מאיר בייגל בייגלה גדול שומשום 300 גר',מאיר את בייגל,IL,מאיר בייגל בייגלה גד,גרמים,250.00,100 גרם,false,,11.90,0.0476,true,1,6558385
7290017928289,false,שמיניות כעכים עם מלח רמילוי,,,שמיניות כעכים עם מלח,גרמים,200.00,100 גרם,false,,5.90,0.0295,true,1,6766114
7290017928432,false,מאיר בייגל מקלות גריסיני קראנץ פרג 175גר,מאיר את בייגל,IL,מאיר בייגל גריסיני ק,גרמים,175.00,100 גרם,false,,11.90,0.0680,true,1,6558391
7290017928463,false,מאיר בייגל -סמאש-שבורים בטעם דבש חרדל ובצל 300 גרם,מאיר בייגל,BG,סמאש שברי בייגלה טעם,גרמים,300.00,100 גרם,false,,9.90,0.0330,true,1,6757451
7290017928487,false,כעכים גדולים עם מלח רמילוי,,,כעכים גדולים עם מלח,גרמים,200.00,100 גרם,false,,5.90,0.0295,true,1,6766115
7290017928616,false,מאיר בייגל שטוחהלה שומשום 300 גר',מאיר את בייגל,IL,מאיר בייגל שטוחלה שו,גרמים,330.00,100 גרם,false,,10.90,0.0330,true,1,6558394
7290017928630,false,"גריסיני קראנץ' פינוקים שומשום, קצח, שום ובצל",מאיר את בייגל,IL,מאיר בייגל גריסיני ק,גרמים,175.00,100 גרם,false,,11.90,0.0680,true,1,6558395
7290017928661,false,מאיר בייגל -סמאש-שבורים בטעם צ'דר 300 גרם,מאיר בייגל,BG,סמאש שברי בייגלה טעם,גרמים,300.00,100 גרם,false,,9.90,0.0330,true,1,6757452
7290017928807,false,בייגלה אצבעות עם שומשום 300גרם - חדש,מאיר את בייגל,IL,מאיר בייגל אצבעות שו,גרמים,300.00,100 גרם,false,,10.90,0.0363,true,1,6558397
7290017928821,false,מאיר בייגל מקלות גריסיני קלאסי 200 גרם,מאיר את בייגל,IL,מאיר בייגל מקלות גרי,גרמים,200.00,100 גרם,false,,11.90,0.0595,true,1,6558399
7290017932316,false,רוטב עגבניות לפסטה עם שמן זית 680 גר' דיניקולה,ג'יאובני פוד,US,רוטב עגבניות לפסטה ו,גרמים,680.00,100 גרם,false,,16.60,0.0244,true,1,6849910
7290017941073,false,סוכר לבן פולסקי 1קג,,,סוכר לבן פולסקי 1קג,יח',1.00,יח',false,,3.90,3.9000,true,1,6690392
7290017946368,false,סוד סבון 4 כדוריות לאסלה אוקיינוס 3*50 ג,הנקל סוד,RS,סוד כדוריות לאסלה או,יח',1.00,יח',false,,16.90,16.9000,true,1,6731400
7290017947105,false,לחם בסגנון אמריקה 500 גרם,מאפיית שלמה א. אנג'ל,IL,לחם סגנון אמריקה,גרמים,500.00,100 גרם,false,,14.90,0.0298,true,1,6686108
7290017947464,false,מארז 8 פיתות מקמח כוסמין מלא 400ג',"איטיליאן פוד, אס.פי.",IL,אנגל פיתות כוסמין 8י,גרמים,400.00,100 גרם,false,,15.90,0.0398,true,1,6836506
7290017947495,false,לחמניות כוסמין 450 ג' אנג'ל,"איטיליאן פוד, אס.פי.",IL,לחמניות כוסמין 6 יח,גרמים,450.00,100 גרם,false,,14.90,0.0331,true,1,6740825
7290017947891,false,לחם כוסמין וחיטה מלאה 750 ג' אנג'ל,מאפיית שלמה א. אנג'ל,IL,לחם כוסמין וחיטה מלא,גרמים,750.00,100 גרם,false,,16.90,0.0225,true,1,6686109
7290017947921,false,לחמניות המבורגר בסגנון אמריקאי מארז 6 יח',מאפיית שלמה א. אנג'ל,IL,שישיית לחמניות המבור,גרמים,450.00,100 גרם,false,,14.90,0.0331,true,1,6698240
7290017947938,false,מיני לחמניות המבורגר בסגנון אמריקה 400 ג' אנג'ל,מאפיית שלמה א. אנג'ל,IL,לחמניות המבורגר 8יח,יח',1.00,יח',false,,14.90,14.9000,true,1,6749065
7290017978215,false,קרמבו ריאו בטעם מוקה 16יח',"גלידות ריאו ביח""ר לג",IL,קרמבו ריאו מוקה 16 י,יח',1.00,יח',false,,21.70,21.7000,true,1,6737811
7290017978833,false,"ריאו גלידונית חלבית ""שוקולידה"" 32יח","גלידות ריאו ביח""ר לג",IL,שוקולידה,יח',1.00,יח',false,,29.90,29.9000,true,1,6784020
7290018023013,false,זית סורי שבור 215 גרם סבא חביב,,,סבא חביב זית סורי מב,גרמים,215.00,100 גרם,false,,9.70,0.0451,true,1,6839802
7290018023037,false,זיתים מתובלים צ'ימישום 215 גרם סבא חביב,,,סבא חביב זיתים צ'ימי,גרמים,215.00,100 גרם,false,,9.70,0.0451,true,1,6839804
7290018023051,false,זיתים מתובלים על האש 215 ג' סבא חביב,,,סבא חביב זית על האש,גרמים,215.00,100 גרם,false,,10.70,0.0498,true,1,6839806
7290018043844,false,חטיף חלבון בוטנים קרמל קראנץ 60 ג' פראוד,פראוד PROUD,NL,פראוד חטיף חלבון קרמ,יח',1.00,יח',false,,12.90,12.9000,true,1,6839987
7290018045497,false,בון בון דגנים במילוי קרם שוקולד 480 גרם,monday,DE,דגנים במילוי קרם שוק,גרמים,480.00,100 גרם,false,,22.80,0.0475,true,1,6825923
7290018045695,false,דגנים במילוי קרם קרמל מלוח 480 ג' BON & BON,monday,DE,דגנים במילוי קרם קרמ,גרמים,480.00,100 גרם,false,,22.80,0.0475,true,1,6825924
7290018045893,false,בון בון דגנים במילוי קרם נוגט 480 גרם,monday,DE,דגנים במילוי קרם נוג,גרמים,480.00,100 גרם,false,,22.80,0.0475,true,1,6825925
7290018091029,false,מקלות פילו תפוחי אדמה מעדנות 450 ג',תנובה מעדנות,IL,"מקלות פילו תפו""א 450",גרמים,450.00,100 גרם,false,,14.90,0.0331,true,1,6723924
7290018091074,false,בצק עוגיות שוקולד ציפס מעדנות 300 גרם,תנובה מעדנות,IL,בצק עוגיות טריפל שוק,גרמים,300.00,100 גרם,false,,14.90,0.0497,true,1,6894917
7290018091272,false,בצק עוגיות קקאו טריפל שוקולד ציפס מעדנו,תנובה מעדנות,IL,בצק עוגיות קקאו טריפ,גרמים,300.00,100 גרם,false,,14.90,0.0497,true,1,6894918
7290018098011,false,קוביות אננס קפוא 300 גר' רובין,,,קוביות אננס קפוא 350,גרמים,350.00,100 גרם,false,,14.90,0.0426,true,1,6800971
7290018098028,false,קוביות מנגו קפוא 300 גר' רובין,,,קוביות מנגו קפוא 350,גרמים,350.00,100 גרם,false,,14.90,0.0426,true,1,6800972
7290018098080,false,פיצה משפחתית מרגריטה 500 גר,,,פיצה משפחתית מרגריטה,גרמים,500.00,100 גרם,false,,9.90,0.0198,true,1,6805056
7290018098325,false,דובדבן קפוא 350 גר' רובין,,,דןבדבן מגולען 300 גר,גרמים,300.00,100 גרם,false,,14.90,0.0497,true,1,6886423
7290018098417,false,מיקס קפוא פירות יער 300 גרם הרב רובין,,,מיקס פירות יער קפוא,גרמים,400.00,100 גרם,false,,14.90,0.0373,true,1,6800975
7290018098455,false,תות שדה קפוא 300 גרם הרב רובין,,,תות שדה קפוא 400 גרם,גרמים,400.00,100 גרם,false,,14.90,0.0373,true,1,6800976
7290018098486,false,פיצה טבעונית משפחתית מרגריטה 350 גרם MILK FREE,נטורל קייקס,IL,פיצה משפחתית מרגריטה,גרמים,350.00,100 גרם,false,,21.90,0.0626,true,1,6853392
7290018098509,false,מרק שעועית 500גר,,,מרק שעועית 500גר,גרמים,500.00,100 גרם,false,,9.90,0.0198,true,1,6922978
7290018098516,false,מרק אפונה 500 גר,,,מרק אפונה 500 גר,גרמים,500.00,100 גרם,false,,9.90,0.0198,true,1,6922979
7290018098585,false,קציצות טבעוניות ביף,כל טוב,IL,קציצות 300ג מן הטבע,גרמים,300.00,100 גרם,false,,21.90,0.0730,true,1,6867552
7290018098592,false,שווארמה טבעוניות ביף,כל טוב,IL,שווארמה 300ג מן הטבע,גרמים,300.00,100 גרם,false,,21.90,0.0730,true,1,6853395
7290018098615,false,מרק מיניסטרונה 500 גר,,,מרק מיניסטרונה 500 ג,גרמים,500.00,100 גרם,false,,9.90,0.0198,true,1,6922980
7290018098622,false,מרק ירקות 500 גר,,,מרק ירקות 500 גר,גרמים,500.00,100 גרם,false,,9.90,0.0198,true,1,6922981
7290018098837,false,פיצה ביס 70 ג,,,פיצה ביס 70 ג,יח',1.00,יח',false,,2.90,2.9000,true,1,6300753
7290018127452,false,"ביסקוויט פתי בר לל""ג 200 גרם",רום גת,IL,"פתי בר לל""ג טעם קלאס",יח',1.00,יח',false,,11.90,11.9000,true,1,6715081
7290018127469,false,"ביסקוויט פתי בר בטעם שוקולד לל""ג 200 גרם",רום גת,IL,"פתי בר לל""ג טעם קוקו",גרמים,200.00,100 גרם,false,,11.90,0.0595,true,1,6715082
7290018132340,false,מטרנה גולד בדץ שלב 1 700 גרם,מטרנה,IL,"מטרנה גולד בד""צ שלב",גרמים,700.00,100 גרם,false,,67.50,0.0964,true,1,6877533
7290018132388,false,מטרנה גולד בדץ שלב 2 700 גרם,מטרנה,IL,"מטרנה גולד בד""צ שלב",גרמים,700.00,100 גרם,false,,67.50,0.0964,true,1,6877534
7290018132425,false,מטרנה גולד בדץ שלב 3 700 גרם,מטרנה,IL,"מטרנה גולד בד""צ שלב",גרמים,700.00,100 גרם,false,,67.50,0.0964,true,1,6877535
7290018165027,false,"יין רזרב גולד רוזה 750 מ""ל ברקן",יקבי ברקן שיווק והפצ,IL,רזרב גולד רוזה 750 מ,מיליליטרים,750.00,"100 מ""ל",false,,34.90,0.0465,true,1,6683189
7290018165447,false,"יין רזרב GOLD EDITION מרלו 750 מ""ל",יקבי ברקן שיווק והפצ,IL,רזרב גולד מרלו 750 מ,מיליליטרים,750.00,"100 מ""ל",false,,34.90,0.0465,true,1,6754032
7290018192658,false,מארז זוג פטריות פורטובלה ושמפיניון מרינה,"מרינה פטריות הגליל בע""מ",IL,צמד פטריות איטלקי מר,יח',1.00,יח',false,,15.90,15.9000,true,1,6726266
7290018194058,false,"ערק ג'בלנא 16% בטעם פסיפלורה 700 מ""ל-בודד",,,עארק בטעם פסיפלורה 7,מטרים,700.00,100 מ'ל,false,,39.90,0.0570,true,1,6801760
7290018195048,false,"חתיכות אננס בסירופ קל טעמן, 850 גרם",פ.ת גרייט פנאפל,TH,טעמן אננס חתוך בסירו,גרמים,850.00,100 גרם,false,,10.90,0.0128,true,1,6847728
7290018195321,false,מארז שוקולד זהב מריר 100 גרם*5 יח',אלבה שוקולד,,חמישיית שוקולד זהב מ,גרמים,500.00,100 גרם,false,,24.90,0.0498,true,1,6848023
7290018195352,false,רמי לוי - נתחי טובה בהירה בשמן צמחי רביעייה,,,נתחי טונה בהירה בשמן,גרמים,158.00,100 גרם,false,,19.90,0.1259,true,1,6816971
7290018195376,false,נתחי טונה בהירה במי מלח רמילוי,,,נתחי טונה בהירה במי,גרמים,158.00,100 גרם,false,,19.90,0.1259,true,1,6851997
7290018195970,false,קקאו 500גר רמילוי,,,קקאו 500גר רמילוי,גרמים,500.00,100 גרם,false,,12.90,0.0258,true,1,6774408
7290018198056,false,תפוגן קוביות תפוחי אדמה 9*1.5קג,עיצובים 2020 (4.5),,תפוגן קוביות תפוא 1.,קילוגרמים,1.50,"ק""ג",false,,24.90,16.6000,true,1,6696512
7290018198148,false,"תפוגן קריספי צ'יפס קלאסי 1.25 ק""ג",עיצובים 2020 (4.5),IL,תפוגן קריספי ציפס קל,קילוגרמים,1.25,"ק""ג",false,,19.90,15.9200,true,1,6783858
7290018198209,false,תפוגן צ'יפס בטטה קראנץ 500 גרם,"תעשיות תפוגן בע""מ",IL,תפוגן ציפס בטטה קראנ,גרמים,500.00,100 גרם,false,,15.90,0.0318,true,1,6753645
7290018198254,false,"תפוגן קריספי צ'יפס פוטטוס 1.25 ק""ג",עיצובים 2020 (4.5),IL,תפוגן קריספי ציפס פו,קילוגרמים,1.25,"ק""ג",false,,19.90,15.9200,true,1,6783859
7290018237281,false,עוף טוב נקניק סלמי ירדן 550 גר',עוף טוב,IL,עוף טוב נקניק סלמי י,גרמים,550.00,100 גרם,false,,21.90,0.0398,true,1,6780585
7290018237373,false,עוף טוב פסטרמה צרובה על הגריל נתח שלם 8*300 גרם,"עוף טוב (שאן) בע""מ",IL,עוף טוב פסטרמה צרובה,גרמים,300.00,100 גרם,false,,26.80,0.0893,true,1,6790456
7290018237397,false,עוף טוב פסטרמה מקורמלת נתח שלם 8*300 גרם,מולינו ניקולי s.p.a,IL,עוף טוב פסטרמה מקורמ,גרמים,300.00,100 גרם,false,,26.80,0.0893,true,1,6790457
7290018237410,false,עוף טוב פסטרמה במעשנה נתח שלם 8*300 גרם,מולינו ניקולי s.p.a,IL,עוף טוב פסטרמה במעשנ,גרמים,300.00,100 גרם,false,,26.80,0.0893,true,1,6790458
7290018237489,false,עוף טוב דק דק פסטרמה ברביקיו 220 גר',"עוף טוב (שאן) בע""מ",IL,פסטרמה ברביקיו דק-דק,גרמים,220.00,100 גרם,false,,19.90,0.0905,true,1,6819345
7290018237496,false,עוף טוב דק דק פסטרמה דבש 220 גר',"עוף טוב (שאן) בע""מ",IL,פסטרמה בדבש דקדק 220,גרמים,220.00,100 גרם,false,,19.90,0.0905,true,1,6819346
7290018237502,false,עוף טוב כתף בקר דק-דק 200 גרם,"עוף טוב (שאן) בע""מ",IL,עוף טוב כתף בקר דק-ד,גרמים,200.00,100 גרם,false,,19.90,0.0995,true,1,6819347
7290018237731,false,עוף טוב זוג פסטרמה ברביקיו ומעושנת 600 גרם,עוף טוב,IL,עוף טוב זוג פסטרמה ב,גרמים,600.00,100 גרם,false,,24.90,0.0415,true,1,6822525
7290018237922,false,עוף טוב שניצלונים ציפוי צ'יפס 700 גרם,עיצובים 2020 (4.9),IL,שניצלונים בציפוי ציפ,גרמים,700.00,100 גרם,false,,13.90,0.0199,true,1,6858164
7290018237939,false,שניצלונים ציפוי שומשום עוף טוב 700 גרם,עיצובים 2020 (4.9),IL,שניצלונים בציפוי שומ,גרמים,700.00,100 גרם,false,,13.90,0.0199,true,1,6858165
7290018237960,false,עוף טוב כתף בקר עסיסי 265 גר',עיצובים 2020 (4.9),IL,כתף בקר עסיסי 265 ג,גרמים,265.00,גרם,false,,24.90,0.0940,true,1,6872590
7290018237984,false,עוף טוב סלמי פפרוני פיקנטי מפולפל 320גרם,עיצובים 2020 (4.9),IL,פפרוני מפולפל 320 גר,גרמים,320.00,גרם,false,,24.90,0.0778,true,1,6872591
7290018249055,false,ממתיק סוויטאנגו 100 שקיות 300 גר,,,ממתיק סוויטנגו 2,גרמים,300.00,100 גרם,false,,32.90,0.1097,true,1,6714167
7290018249086,false,סוויטאנגו ממרח בטעם חלווה פיסטוקחום,,,סוויטאנגו ממרח בטעם,גרמים,350.00,100 גרם,false,,32.90,0.0940,true,1,6913606
7290018249123,false,אינסטנט פודינג סוויטאנגו בטעם וניל,מתבל תעשיות מזון,IL,פודינג וניל סוויטנגו,יח',1.00,יח',false,,11.90,11.9000,true,1,6737433
7290018249154,false,ממרח קקאו עם אגוזי לוז 350 גר,"אחדות ביח""ר לטחינה ח",,ממרח קקאו עם אגוזי ל,גרמים,400.00,100 גרם,false,,32.90,0.0822,true,1,6870353
7290018249260,false,סוויטאנגו ממתיק חום,,,סוויטאנגו ממתיק חום,גרמים,450.00,100 גרם,false,,39.90,0.0887,true,1,6913607
7290018249291,false,ממתיק סוכר וניל סוויטאנגו 100 ג',,,סוויטאנגו סוכר וניל,גרמים,100.00,100 גרם,false,,14.90,0.1490,true,1,6793790
7290018249352,false,אינסטנט פודינג קרמל סוויטאנגו 55 גר,,,אינסטנט פודינג טעם ק,גרמים,55.00,100 גרם,false,,11.90,0.2164,true,1,6870387
7290018249727,false,תחליף אבקת סוכר 400 גרם- סוויטנגו,,,תחליף אבקת סוכר 400,גרמים,400.00,100 גרם,false,,38.90,0.0972,true,1,6870354
7290018249802,false,ממתיק סוויטאנגו צנצנת 280 גרם,סוויטאנגו Sweetango,IL,ממתיק סוויטנגו,גרמים,280.00,100 גרם,false,,26.90,0.0961,true,1,6714168
7290018249994,false,סוויטאנגו תחליף סוכר ממתיק 700 גר',מתבל תעשיות מזון,IL,ממתיק סוויטנגו 700 ג,גרמים,700.00,100 גרם,false,,56.70,0.0810,true,1,6694202
7290018282007,false,שמפו+ג'ל רחצה+סבון לגבר 750 מל,,,שמפו+ג'ל רחצה+סבון ל,גרמים,750.00,100 גרם,false,,8.50,0.0113,true,1,6709593
7290018282021,false,נועה שמפו לסירוק קל לילדים 750מל,,,נועה שמפו לסירוק קל,מיליליטרים,750.00,"100 מ""ל",false,,8.90,0.0119,true,1,6826485
7290018282205,false,רביעיית מגבונים 72 יחידות,,,רביעיית מגבונים 72 י,יח',1.00,יח',false,,10.90,10.9000,true,1,6723785
7290018282212,false,רביעיית מגבונים 72 יחידות,,,רביעיית מגבונים 72 י,יח',1.00,יח',false,,10.90,10.9000,true,1,6723786
7290018282410,false,נועה מרכך לסירוק קל לילדים 750מל,,,נועה מרכך לסירוק קל,מיליליטרים,750.00,"100 מ""ל",false,,8.90,0.0119,true,1,6826486
7290018282632,false,תחליב רחצה נועה לילדים 750 מל רמי לוי,,,תחליב רחצה נועה לילד,מיליליטרים,750.00,"100 מ""ל",false,,8.50,0.0113,true,1,6726145
7290018282939,false,מגבונים לחים ויסקוזה 4יח רמילוי,,,מגבונים לחים ויסקוזה,יח',1.00,יח',false,,16.90,16.9000,true,1,6772632
7290018294192,false,"יין בלנד היינן אדום יבש 750 מ""ל p.c",כרמל מזרחי,IL,פרייבט קולקשין בלנד,מטרים,700.00,100 מ'ל,false,,39.90,0.0570,true,1,6817033
7290018294208,false,"סלקטד אדום יין ישראלי, 750 מ""ל","כד בני דרום בע""מ",IL,סלקטד אדום ישראלי 75,מיליליטרים,750.00,"100 מ""ל",false,,29.90,0.0399,true,1,6793061
7290018294369,false,"מיץ ענבים תירוש כרמל 700 מ""ל",יקבי כרמל Carmel Winery,,מיץ ענבים תירוש כרמל,מיליליטרים,700.00,"100 מ""ל",false,,13.90,0.0199,true,1,6882478
7290018294901,false,"יין מונלייט אדום יבש 750 מ""ל כרמל",יקבי כרמל Carmel Winery,IL,יין מונלייט אדום יבש,מטרים,750.00,100 מ'ל,false,,33.90,0.0452,true,1,6876805
7290018294918,false,מונלייט מוסקטו רוזה מתוק מבעבע 750מל,יקבי כרמל Carmel Winery,IL,יין מונלייט מוסקטו ו,מטרים,750.00,100 מ'ל,false,,33.90,0.0452,true,1,6876806
7290018296042,false,לחם טוסט אמריקה אגמי,מאפיית אגמי,IL,לחם טוסט אמריקה 500,גרמים,500.00,100 גרם,false,,12.90,0.0258,true,1,6803553
7290018296226,false,לחמניות לילדים 8 באריזה רמילוי,,,לחמניות לילדים 8 באר,יח',1.00,יח',false,,9.90,9.9000,true,1,6733347
7290018296257,false,לחם בריאות ושובע שיבולת שועל 550 גר,מאפיית אגמי,IL,לחם בריאות ושובע שיב,גרמים,550.00,100 גרם,false,,15.70,0.0285,true,1,6803554
7290018296424,false,לחם מרובע רמי לוי,,,לחם מרובע רמי לוי,יח',1.00,יח',false,,13.90,13.9000,true,1,6733348
7290018296448,false,לחם בריוש 500 גרם,מאפיית אגמי,IL,לחם בריוש,גרמים,500.00,100 גרם,false,,13.80,0.0276,true,1,6830232
7290018296455,false,לחם דגנים קל מרובע חלי ממן 750גר,מאפיית אגמי,IL,לחם דגנים קל מרובע ח,גרמים,750.00,100 גרם,false,,16.90,0.0225,true,1,6803555
7290018296608,false,לחם בריאות ושובע 9 דגנים קל,מאפיית אגמי,IL,לחם בריאות ושובע 9 ד,גרמים,600.00,100 גרם,false,,13.70,0.0228,true,1,6680117
7290018296615,false,פיתה ביס כוסמין מלא 10יח,"מאפיית אגמי בע""מ",IL,פיתה ביס כוסמין מלא,גרמים,450.00,100 גרם,false,,15.70,0.0349,true,1,6680118
7290018296622,false,לחם חיטה מלאה רמי לוי,,,לחם חיטה מלאה רמי לו,יח',1.00,יח',false,,13.90,13.9000,true,1,6733349
7290018296653,false,לחם אחיד פלוס כוסמין מרובע 700גר,מאפיית אגמי,IL,לחם אחיד פלוס כוסמין,גרמים,700.00,100 גרם,false,,16.90,0.0241,true,1,6803556
7290018296806,false,לחם בריאות ושובע מועשר בסיבים,מאפיית אגמי,IL,לחם בריאות ושובע מוע,גרמים,600.00,100 גרם,false,,13.70,0.0228,true,1,6680119
7290018296813,false,פיתה ביס קלה 10 יח 4,"מאפיית אגמי בע""מ",,פיתה קלה ביס 10 יח,גרמים,450.00,100 גרם,false,,13.70,0.0304,true,1,6680120
7290018296820,false,לחמניות המבורגר אריזה 6יח,,,לחמניות המבורגר אריז,יח',1.00,יח',false,,11.90,11.9000,true,1,6733350
7290018333006,false,"שוקולד פרימיום 70% לל""ס שברי שקדים 100 גר'",,IL,אגו שוקולד מריר מעול,גרמים,100.00,100 גרם,false,,7.50,0.0750,true,1,6725476
7290018333082,false,אגו מיקס קורנפלקס מצופה ש.חלב 55 גר' 24 בקר' בדצ,כרמית,IL,אגו מיקס קורנפלקס שו,גרמים,55.00,100 גרם,false,,3.90,0.0709,true,1,6905350
7290018333105,false,מצמוץ קפוא 100*8 רמילוי,,,מצמוץ קפוא 100*8 רמי,יח',1.00,יח',false,,4.60,4.6000,true,1,6771384
7290018333242,false,אריזת טופי אצבעות מיקס פירות 24-40ג',,,טופי אצבעות מיקס פיר,יח',1.00,יח',false,,1.40,1.4000,true,1,6740213
7290018333570,false,גלילי וופל במילוי קרם שוקולד לבן,,,גלילי וופל במילוי קר,גרמים,160.00,100 גרם,false,,7.90,0.0494,true,1,6757590
7290018333648,false,מיצמוץ טרופית קש 18,,,מיצמוץ טרופית קש 18,ליטרים,3.60,ליטר,false,,19.90,5.5278,true,1,6756967
7290018333655,false,מיצמוץ טרופית פקק 20 יחידות 200 מל,,,מיצמוץ טרופית פקק 20,ליטרים,3.60,ליטר,false,,26.90,7.4722,true,1,6756968
7290018333945,false,חטיף אגוזים רפאלס שקד ווניל בדצ 150 גר *12יח,כרמית תעשיות ממתקים,IL,חטיף אגוזים רפאלס שק,גרמים,150.00,100 גרם,false,,14.90,0.0993,true,1,6783971
7290018333952,false,חטיף אגוזים רפאלס וחמוציות בדצ 150 גר *12יח,כרמית תעשיות ממתקים,IL,חטיף אגוזים רפאלס וח,גרמים,150.00,100 גרם,false,,14.90,0.0993,true,1,6783972
7290018333969,false,חטיף גרנולה רפאלס שקדים וטחינה בדצ 150 גר *12יח,כרמית תעשיות ממתקים,IL,חטיף גרנולה רפאלס שק,גרמים,150.00,100 גרם,false,,14.90,0.0993,true,1,6783973
7290018338223,false,צילי אדום גרוס אורגני 75 גרם,,IN,צ'ילי חריף גרוס אורג,גרמים,75.00,100 גרם,false,,12.90,0.1720,true,1,6798266
7290018343296,false,דר פישר אלכוגל H לידיים 100 מל,מדי פישר,IL,אלכוג'ל,יח',1.00,יח',false,,9.90,9.9000,true,1,6693639
7290018359129,false,עגבניות פולפה מקולפות יכין 690 גרם - זכוכית,אמיליאנה קונסרב,IT,עגבניות פולפה מקולפו,גרמים,690.00,100 גרם,false,,8.90,0.0129,true,1,6787104
7290018359495,false,תירס מהשדה בלי תוספת סוכר יכין 550 גרם,היינץ צפון אמריקה מק,IL,תירס מהשדה בלי תוספת,גרמים,550.00,100 גרם,false,,8.90,0.0162,true,1,6744321
7290018359518,false,תירס מהשדה בלי תוספת סוכר יכין מארז 200X3 גר',היינץ צפון אמריקה מק,IL,תירס מהשדה מארז 3יח,גרמים,600.00,100 גרם,false,,14.90,0.0248,true,1,6744322
7290018359556,false,תירס מהשדה בלי תוספת סוכר יכין 400 גרם,היינץ צפון אמריקה מק,IL,תירס מהשדה בלי תוספת,גרמים,400.00,100 גרם,false,,6.50,0.0163,true,1,6744323
7290018359570,false,שעועית צילי הקטניה יכין מארז 3* 200 גר,זנלכל,,שעועית צ'ילי יכין 3*,גרמים,600.00,100 גרם,false,,13.90,0.0232,true,1,6764839
7290018359587,false,חומוס הקטניה הטובה יכין מארז 3*200 גר,זנלכל,IL,חומוס קטניה טובה יכי,יח',1.00,יח',false,,13.90,13.9000,true,1,6764840
7290018359662,false,קוביות סלק יכין מארז 3*200 גר,זנלכל,IL,קוביות סלק יכין 3*20,גרמים,600.00,100 גרם,false,,14.90,0.0248,true,1,6764841
7290018359686,false,יכין חומוס גדול 550 גר A2,היינץ צפון אמריקה מק,IL,יכין חומוס גדול 550,גרמים,550.00,100 גרם,false,,8.90,0.0162,true,1,6789392
7290018359716,false,רוטב עגבניות פיצה טוסקנה 240 גרם יכין,"זנלכל בע""מ",IL,רוטב לפיצה טוסקנה יכ,גרמים,240.00,100 גרם,false,,5.50,0.0229,true,1,6772089
7290018359853,false,עדשים שחורות יכין 400 גרם,"זנלכל בע""מ",IL,יכין עדשים שחורות 40,גרמים,400.00,100 גרם,false,,6.80,0.0170,true,1,6789393
7290018359860,false,רסק עגבניות ליקופן טבעי יכין 200 גר*2,זנלכל,IL,יכין רסק עגבנ.ליקופן,גרמים,200.00,100 גרם,false,,12.70,0.0635,true,1,6830200
7290018359877,false,רסק עגבניות טבעי מארז שלישייה,יכין,IL,יכין רסק עגבניות טבע,גרמים,600.00,100 גרם,false,,12.70,0.0212,true,1,6830201
7290018359884,false,פולפה ליקופן טבעית יכין 400 גר*2,זנלכל,IL,יכין פולפה ליקופן טב,גרמים,400.00,100 גרם,false,,16.50,0.0413,true,1,6830202
7290018359938,false,"רוטב עגבניות לשקשוקה יכין, 400 גרם",זנלכל,IL,רוטב עגבניות לשקשוקה,מטרים,400.00,100 מ'ל,false,,11.50,0.0288,true,1,6870789
7290018359945,false,יכין חאריפה רוטב פיקנטי מפלפלים וירקות 400גר,זנלכל,IL,יכין חאריפה רוטב פיק,מטרים,400.00,100 מ'ל,false,,11.50,0.0288,true,1,6870790
7290018359969,false,רוטב עגבניות לפיצה יכין 400 גרם,זנלכל,IL,יכין רוטב עגבניות לפ,מטרים,400.00,100 מ'ל,false,,11.50,0.0288,true,1,6870792
7290018367162,false,דפי אורז 22 סמ 400ג רמילוי,,,דפי אורז 22 סמ 400ג,גרמים,400.00,100 גרם,false,,9.90,0.0248,true,1,6750713
7290018367261,false,רוטב טריאקי 700מל רמילוי,,,רוטב טריאקי 700מל רמ,מיליליטרים,700.00,"100 מ""ל",false,,19.90,0.0284,true,1,6750714
7290018367278,false,רוטב צ'ילי חריף 700מל רמילוי,,,רוטב צ'ילי חריף 700מ,מיליליטרים,700.00,"100 מ""ל",false,,14.90,0.0213,true,1,6750735
7290018367285,false,רוטב צ'ילי מתוק 700מ,,,רוטב צ'ילי מתוק 700מ,מיליליטרים,700.00,"100 מ""ל",false,,11.90,0.0170,true,1,6750736
7290018367292,false,רוטב סויה להקפצה 700מל רמילוי,,,רוטב סויה להקפצה 700,מיליליטרים,700.00,"100 מ""ל",false,,12.90,0.0184,true,1,6750715
7290018371091,false,בייגלה אורגני מקמח כוסמין ללא מלח 200 גר,השדה מוצרים טבעיים ו,IL,בייגלה אורגני מקמח כ,גרמים,200.00,100 גרם,false,,15.90,0.0795,true,1,6830390
7290018371299,false,אובלטים אורגניים מקמח חומוס 100 גרם,השדה מוצרים טבעיים ו,IL,אובלטים אורגנים מקמח,גרמים,100.00,100 גרם,false,,12.70,0.1270,true,1,6757509
7290018371305,false,אובלטים מקמח עדשים אדומות אורגני 100 גרם,השדה מוצרים טבעיים ו,IL,אובלטים אורגנים מקמח,גרמים,100.00,100 גרם,false,,12.70,0.1270,true,1,6757510
7290018394021,false,ח.תקוע פטריות מלך היער,חוות פטריות תקוע,IL,פטריות מלך היער,גרמים,160.00,100 גרם,false,,9.90,0.0619,true,1,6786200
7290018394038,false,פטריות שיטאקה מיובשות חוות תקוע 25 גרם,חקלאי,IL,פטריות שיטאקה מיובשו,גרמים,25.00,100 גרם,false,,9.90,0.3960,true,1,6750420
7290018394069,false,ביציי שליו חוות תקוע,,,ביציי שליו חוות תקוע,יח',1.00,יח',false,,14.90,14.9000,true,1,6784242
7290018394083,false,שופ פנינה חוות תקוע 200 גרם,חקלאי,IL,שום פנינה טרי,יח',1.00,יח',false,,11.90,11.9000,true,1,6808770
7290018394113,false,דואט פטריות שי-מג'י חוות תקוע,,IL,דואט פטריות שי-מג'י,יח',1.00,יח',false,,12.90,12.9000,true,1,6835355
7290018394144,false,בצלצלי איזי שאלוט חוות תקוע,,,בצלצלי איזי שאלוט חו,גרמים,350.00,100 גרם,false,,8.90,0.0254,true,1,6866853
7290018394151,false,מיקס פטריות אקזוטי חוות תקוע,"פנטה אמפאק בע""מ",IL,מיקס פטריות אקזוטי ח,גרמים,400.00,100 גרם,false,,19.90,0.0497,true,1,6866854
7290018394199,false,שום קלוף חוות תקוע 200ג,,,שום קלוף חוות תקוע 2,יחידה,200.00,יחידה,false,,8.90,0.0445,true,1,6925076
7290018440193,false,פליפז בייגלה בציפוי קרם בטעם חמאת בוטנים 140 גרם,שוורצקוף& הנקל דיסלד,TR,בייגלה בציפוי קרם חמ,גרמים,140.00,100 גרם,false,,7.90,0.0564,true,1,6757750
7290018440209,false,פליפז בייגלה בציפוי פאדג' לבן 140 גרם,שוורצקוף& הנקל דיסלד,TR,בייגלה בציפוי פאדג',גרמים,140.00,100 גרם,false,,7.90,0.0564,true,1,6757751
7290018440223,false,תה צ'אי מאסלה סדרת חווית צ'אי,תה ויסוצקי,IL,תה צ'אי מסאלה ויסוצק,יח',1.00,יח',false,,18.90,18.9000,true,1,6809474
7290018440230,false,תה צ'אי ורדים סדרת חווית צ'אי,תה ויסוצקי,IL,תה צ'אי ורדים ויסוצק,יח',1.00,יח',false,,18.90,18.9000,true,1,6809475
7290018440247,false,תה צ'אי שקדים סדרת חווית צ'אי,תה ויסוצקי,IL,תה צ'אי שקדים ויסוצק,יח',1.00,יח',false,,18.90,18.9000,true,1,6809476
7290018440254,false,תה צ'אי קרמל מלוח סדרת חווית צ'אי,תה ויסוצקי,IL,תה צ'אי קרמל מלוח וי,יח',1.00,יח',false,,18.90,18.9000,true,1,6809477
7290018440384,false,תה ירוק מאטה לימון נענע ויסוצקי 25 יחידות,תה ויסוצקי,IL,תה ירוק מאטה לימון נ,גרמים,37.50,100 גרם,false,,22.90,0.6107,true,1,6809478
7290018440438,false,טונה קאלוו איזי פליפ בשמן 65 גר*3,קאלבו קונסרבס ס.ל.ו,ES,טונה בשמן זית פתיחה,גרמים,195.00,100 גרם,false,,25.80,0.1323,true,1,6884717
7290018440445,false,טונה קאלוו בשמן זית 160 גר,קאלבו קונסרבס ס.ל.ו,ES,טונה בשמן זית 160 ג,גרמים,160.00,100 גרם,false,,16.80,0.1050,true,1,6884718
7290018440476,false,פליפז בייגלה מצופה בקרם עוגת גבינה ותותים 140 גרם,אולקר מקבוצת פלאדיס,TR,בייגלה מצופה קרם עוג,גרמים,140.00,100 גרם,false,,7.90,0.0564,true,1,6796659
7290018440483,false,פליפז בייגלה מצופה בקרמל מלוח ושוקולד 140 גרם,שוורצקוף& הנקל דיסלד,TR,בייגלה מצופה קרמל מל,גרמים,140.00,100 גרם,false,,7.90,0.0564,true,1,6796660
7290018440490,false,סלט טונה קאלוו עם קוסקוס 150 גר,קאלבו קונסרבס ס.ל.ו,ES,סלט טונה עם קוסקוס 1,גרמים,150.00,100 גרם,false,,14.80,0.0987,true,1,6884720
7290018440513,false,סלט קליפורנייה קאלוו עם טונה 150 גר,קאלבו קונסרבס ס.ל.ו,ES,סלט טונה קליפורניה +,גרמים,150.00,100 גרם,false,,14.80,0.0987,true,1,6884722
7290018440629,false,תה ויסוצקי טעם עשיר,ויסוצקי,IL,תה שחור קלאסי 120 שק,יח',1.00,יח',false,,19.90,19.9000,true,1,6796661
7290018443040,false,נבטים סיניים (בוסתן,בוסתן עשבי תיבול,IL,נבטים סיניים,יח',1.00,יח',false,,5.90,5.9000,true,1,6753242
7290018443064,false,נבטי אלפלפא (בוסתן),,,נבטי אלפלפא,יח',1.00,יח',false,,5.90,5.9000,true,1,6753244
7290018443728,false,באק צ'וי זוג רמי לוי,,,באק צ'וי זוג רמי לוי,יח',1.00,יח',false,,11.90,11.9000,true,1,6812905
7290018443736,false,בייבי מיקס רמי לוי 150 גרם,,,בייבי מיקס רמי לוי 1,יח',1.00,יח',false,,9.90,9.9000,true,1,6812906
7290018443743,false,חמציץ רמי לוי פראש,,,חמציץ רמי לוי,יח',1.00,יח',false,,9.90,9.9000,true,1,6812907
7290018443750,false,חסה משי רמי לוי פראש,,,חסה משי רמי לוי,יח',1.00,יח',false,,9.90,9.9000,true,1,6812908
7290018443781,false,רוקט 150 גרם רמי לוי,,,רוקט 150 גרם רמי לוי,יח',1.00,יח',false,,9.90,9.9000,true,1,6812911
7290018443828,false,צמד חסה אייסברג,,,צמד חסה אייסברג,יח',1.00,יח',false,,9.90,9.9000,true,1,6818986
7290018443835,false,שרי סוכריות פרמיום תקומה,,,שרי סוכריות פרמיום ת,יחידה,0.00,יחידה,false,,11.90,0.0000,true,1,6871260
7290018443873,false,ברוקובית,,,ברוקובית,יח',1.00,יח',false,,16.90,16.9000,true,1,6842362
7290018468326,false,נקניקיה טבעונית בסגנון אמריקאי טירת צבי 400 גרם,טירת צבי,IL,נקניקיה צמחית סגנון,גרמים,400.00,100 גרם,false,,34.90,0.0872,true,1,6864862
7290018468401,false,פסטרמה צמחונית בטעם גריל 100 גר טירת צבי,טיב טירת צבי 2000,IL,פסטרמה צמחונית טעם ג,גרמים,120.00,100 גרם,false,,14.90,0.1242,true,1,6907327
7290018468418,false,פסטרמה צמחונית בטעם מפולפל 100 ג טירת צב,טיב טירת צבי 2000,IL,פסטה צמחונית טעם מפו,גרמים,120.00,100 גרם,false,,14.90,0.1242,true,1,6907328
7290018468425,false,נקניק טבעוני בטעם פקנטי 100 גרם טירת צבי,טיב טירת צבי 2000,IL,נקניק טבעוני טעם פיק,גרמים,100.00,100 גרם,false,,14.90,0.1490,true,1,6907329
7290018468432,false,נקניק טבעוני בטעם מעושן 100 גרם טירת צבי,טיב טירת צבי 2000,IL,נקניק טבעוני טעם מעו,גרמים,100.00,100 גרם,false,,14.90,0.1490,true,1,6907330
7290018471029,false,"סודה בטעם לימון - מארז 6 בקבוקים 500 מ""ל",יפאורה תבורי בעמ,IL,שוופס סודה שישייה 50,ליטרים,3.00,ליטר,false,,13.90,4.6333,true,1,6747268
7290018471036,false,"שוופס סודה לימון 500 מ""ל","יפאורה תבורי בע""מ",IL,שוופס סודה לימון 500,מטרים,500.00,100 מ'ל,false,,2.10,0.0042,true,1,6923032
7290018471180,false,משקה פרוט& ווג' אננס תפוח גזר 1 ליטר,מיוצר עי קונדיטוריית,IL,פרוט&ווג אננס תפוח ג,מטרים,1000.00,100 מ'ל,false,,11.90,0.0119,true,1,6773980
7290018471197,false,משקה פרוט& ווג' תפוח בננה מלון 1 ליטר,פרוט אנד וג' Fruit & Veg,IL,פרוט&ווג תפוח בננה מ,מטרים,1000.00,100 מ'ל,false,,11.90,0.0119,true,1,6773981
7290018471395,false,משקה פרוט& ווג' תפוח רימון ג'ינג'ר 1 ליטר,פרוט אנד וג' Fruit & Veg,IL,פרוט&ווג תפוח סלק רי,מטרים,1000.00,100 מ'ל,false,,11.90,0.0119,true,1,6773982
7290018471401,false,משקה פרוט& ווג' אננס בננה כורכום 1 ליטר,מיוצר עי קונדיטוריית,IL,פרוט&ווג אננס בננה כ,מטרים,1000.00,100 מ'ל,false,,11.90,0.0119,true,1,6773983
7290018471456,false,קרטונית ספרינג שייק אננס מנגו פסיפלורה 1 ליטר,"יפאורה תבורי בע""מ",IL,ספרינג שייק אננס מנג,ליטרים,1.00,ליטר,false,,11.60,11.6000,true,1,6790745
7290018471463,false,תפוזינה נקטר תפוז מנגו קרטונית 1 ליטר,"יפאורה תבורי בע""מ",IL,תפוזינה נקטר תפוז מנ,ליטרים,1.00,ליטר,false,,6.50,6.5000,true,1,6779040
7290018471470,false,תפוזינה נקטר תפוז פסיפלורה קרטונית 1 ליטר,"יפאורה תבורי בע""מ",IL,תפוזינה נקטר תפוז פס,ליטרים,1.00,ליטר,false,,6.50,6.5000,true,1,6779041
7290018471487,false,תפוזינה נקטר תפוז אננס קרטונית 1 ליטר,"יפאורה תבורי בע""מ",IL,תפוזינה נקטר תפוז אנ,ליטרים,1.00,ליטר,false,,6.50,6.5000,true,1,6779042
7290018471494,false,תפוזינה משקה תפוז גזר קרטונית 1 ליטר,"יפאורה תבורי בע""מ",IL,תפוזינה נקטר תפוז גז,ליטרים,1.00,ליטר,false,,6.50,6.5000,true,1,6779043
7290018471548,false,"רביעיית ספרינג ענבים 250 מ""ל",יפאורה תבורי,IL,ספרינג ענבים 4*250 מ,מטרים,1000.00,100 מ'ל,false,,11.20,0.0112,true,1,6772485
7290018471906,false,שוופס מוגז פירות לימונדה ורודה 1.5 ליטר פיקדון,"יפאורה תבורי בע""מ",IL,משקה מוגז לימונדה ור,ליטרים,1.50,ליטר,false,,8.20,5.4667,true,1,6812730
7290018471913,false,משקה מוגז פירות תפוחים שוופס 1.5 ליטר,"יפאורה תבורי בע""מ",IL,משקה מוגז פירות תפוח,ליטרים,1.50,ליטר,false,,8.20,5.4667,true,1,6812731
7290018471920,false,שוופס מוגז פירות ענבים 1.5 ליטר פיקדון,"יפאורה תבורי בע""מ",IL,משקה מוגז פירות ענבי,ליטרים,1.50,ליטר,false,,8.20,5.4667,true,1,6812732
7290018471937,false,שוופס מוגז פירות תות ליים 1.5 ליטר פיקדון,"יפאורה תבורי בע""מ",IL,משקה מוגז פירות תות,ליטרים,1.50,ליטר,false,,8.20,5.4667,true,1,6812733
7290018471944,false,שוופס מוגז פירות לימונייד 1.5 ליטר פיקדון,"יפאורה תבורי בע""מ",IL,משקה מוגז פירות לימו,ליטרים,1.50,ליטר,false,,8.20,5.4667,true,1,6812734
7290018471951,false,שוופס מוגז פירות אשכולית אדומה 1.5 ליטר פיקדון,"יפאורה תבורי בע""מ",IL,משקה מוגז פירות אשכו,ליטרים,1.50,ליטר,false,,8.20,5.4667,true,1,6812735
7290018493069,false,ד.פישר אפקטיב קר קרם ידיים שמן כותנה,מדי פישר,IL,אפקטיב קר קרם ידיים,מטרים,100.00,100 מ'ל,false,,14.90,0.1490,true,1,6767359
7290018493144,false,"ד""ר פישר אל סבון נוזלי לידיים קמיל ש ארגן 1 ל'",פישר תעשיות,IL,קמיל אל סבון 1 ליטר,100 מל,1000.00,100 מל,false,,15.80,0.0158,true,1,6741968
7290018493700,false,"סבון ידיים ויטמינים לילדים כחול 500 מ""ל ד""ר פישר",מדי פישר,IL,קידס אל סבון ויטמיני,מטרים,500.00,100 מ'ל,false,,12.80,0.0256,true,1,6805030
7290018493717,false,"סבון ידיים ויטמינים לילדים ורוד מסטיק 500 מ""ל ד""ר פישק",מדי פישר,IL,קידס אל סבון ויטמיני,מטרים,500.00,100 מ'ל,false,,12.80,0.0256,true,1,6805031
7290018493724,false,קידס אל סבון ויטמינים ליידים- ירוק מלון,מדי פישר,IL,קידס אל סבון ויטמיני,מטרים,500.00,100 מ'ל,false,,12.80,0.0256,true,1,6805032
7290018493977,false,אל סבון קמיל בלו בתמצית שיבולת שועל 1 ל,מדי פישר,IL,קמיל אל סבון לניקוי,100 מל,1000.00,100 מל,false,,15.80,0.0158,true,1,6780553
7290018500231,false,"לחם וויקאנד אנג`ל, 750 גרם",מאפיית אנג'ל,IL,לחם וויקנט,יח',1.00,יח',false,,15.90,15.9000,true,1,6853935
7290018500361,false,"לחם שחור פרוס 900 גרם ""אנג'ל"" -מוצר בפיקוח",מאפיית שלמה א. אנג'ל,IL,לחם אחיד פרוס אנג'ל,גרמים,900.00,100 גרם,false,,8.30,0.0092,true,1,6877209
7290018500385,false,"חלה רגילה 650 גרם ""אנגל""-מוצר בפיקוח",מאפיית שלמה א. אנגל,IL,חלה רגילה אנג'ל,גרמים,650.00,100 גרם,false,,5.10,0.0078,true,1,6877210
7290018500392,false,"חלה רגילה 650 גרם ""אנגל""-מוצר בפיקוח",מאפיית שלמה א. אנגל,IL,חלה קלועה אנג'ל,גרמים,650.00,100 גרם,false,,5.10,0.0078,true,1,6877211
7290018500408,false,לחם אחיד פרוס 900 ג רמי לוי,,,לחם אחיד פרוס 900 ג,גרמים,900.00,100 גרם,false,,7.10,0.0079,true,1,6877214
7290018516324,false,פאוץ תפוח ושבולת שועל 120 ג' פירונק,פרוטה פודווין איי.אס,CZ,פרינוק פאוץ' תפוח ש.,גרמים,120.00,100 גרם,false,,5.90,0.0492,true,1,6783237
7290018516331,false,פאוץ תפוח בננה שבולת שועל 120 ג' פירונק,פרוטה פודווין איי.אס,CZ,מחית פרינוק פאוצ תפו,גרמים,120.00,100 גרם,false,,5.90,0.0492,true,1,6791155
7290018516348,false,מחית פרינוק פאוץ' שיבולת שועל סלט פירות 120 גרם,פרוטה פודווין איי.אס,CZ,מחית פרינוק פאוצ סלט,גרמים,120.00,100 גרם,false,,5.90,0.0492,true,1,6791156
7290018516355,false,מחיט תפוח עץ ושבולות שועל 190 ג' פרינוק גוניור,פרוטה פודווין איי.אס,CZ,"גוניור תפו""ע שיבולת",גרמים,190.00,100 גרם,false,,5.90,0.0311,true,1,6822483
7290018516362,false,מחיט תפוח עץ בננה ושבולות שועל 190 ג' פרינוק גוניור,פרוטה פודווין איי.אס,CZ,"גוניור תפו""ע בננה שי",גרמים,190.00,100 גרם,false,,5.90,0.0311,true,1,6822484
7290018516379,false,מחיט סלט פירות ושבולות שועל 190 ג' פרינוק גוניור,פרוטה פודווין איי.אס,CZ,גוניור סלט פירות שיב,גרמים,190.00,100 גרם,false,,5.90,0.0311,true,1,6819006
7290018516393,false,פרמיו סופרים מיקס לחתול,פרמיו Premio,DE,פרמיו מיקס 3קג,יח',1.00,יח',false,,59.90,59.9000,true,1,6814086
7290018516447,false,פסטה מקרוני עם גבינה,,,פסטה מקרוני עם גבינה,גרמים,262.00,100 גרם,false,,11.90,0.0454,true,1,6870940
7290018516942,false,"פרמיו סופרים עופות לכלב בוגר 3 ק""ג",פרמיו Premio,,פרמיו סופרים מועשר ב,יחידה,0.00,יחידה,false,,49.90,0.0000,true,1,6905767
7290018516959,false,"פרמיו סופרים עופות לכלב מגזע ננסי 3 ק""ג",פרמיו Premio,,פרמיו סופרים מועשר ב,יחידה,0.00,יחידה,false,,49.90,0.0000,true,1,6905768
7290018516966,false,פרמיו סופרים עופות לכלב בוגר,פרמיו Premio,,פרמיו סופרים עם בקר,יחידה,0.00,יחידה,false,,49.90,0.0000,true,1,6905769
7290018540329,false,שקית פיתה פיתה בלדי 800 ג' אנג'ל,מאפיית שלמה א. אנג'ל,IL,פיתה אנגל 8 יח,גרמים,800.00,100 גרם,false,,10.90,0.0136,true,1,6779777
7290018540459,false,מארז 6 לחמניות המבורגר כוסמין 300 גרם,מאפיית שלמה א.אנג'ל,IL,לחמניות המבורגר כוסמ,גרמים,300.00,100 גרם,false,,15.90,0.0530,true,1,6790726
7290018540817,false,לחם מחמצת כוסמין ארטיזנל 500 גרם,מאפיית אורנים,IL,לחם מחמצת ארטיזנל כו,גרמים,500.00,100 גרם,false,,18.90,0.0378,true,1,6814333
7290018540831,false,לחם מחמצת חיטה מלאה וגרעינים 500 ג' ארטיזנל,מאפיית אורנים,IL,לחם מחמצת ארטיזנל חי,גרמים,500.00,100 גרם,false,,17.90,0.0358,true,1,6814335
7290018546000,false,פסטה פנה 500גר רמילוי,,,פסטה פנה 500גר רמילו,גרמים,500.00,100 גרם,false,,3.50,0.0070,true,1,6826522
7290018546109,false,פסטה בוקטיני 400גר רמילוי,,,פסטה בוקטיני 400גר ר,גרמים,400.00,100 גרם,false,,3.50,0.0088,true,1,6826531
7290018546260,false,פירורי לחם מוזהבים 800 גרם,,,פירורי לחם מוזהבים 8,גרמים,800.00,100 גרם,false,,11.90,0.0149,true,1,5410643
7290018554005,false,מלפפון במלח 7-9 רמי,,,מלפפון במלח 7-9 רמי,גרמים,670.00,100 גרם,false,,4.90,0.0073,true,1,6729611
7290018554012,false,מלפםונים בחומץ 7-9 ר,,,מלפםונים בחומץ 7-9 ר,גרמים,670.00,100 גרם,false,,4.90,0.0073,true,1,6729612
7290018554029,false,מלפפונים במלח 10-12 רמילוי,,,מלפפונים במלח 10-12,גרמים,540.00,100 גרם,false,,5.90,0.0109,true,1,6729613
7290018554036,false,מלפפונים בחומץ 10-12,,,מלפפונים בחומץ 10-12,גרמים,540.00,100 גרם,false,,5.90,0.0109,true,1,6729614
7290018554043,false,מלפפונים במלח 13-17 רמילוי,,,מלפפונים במלח 13-17,גרמים,540.00,100 גרם,false,,6.90,0.0128,true,1,6729615
7290018554050,false,מלפפונים בחומץ 13-17,,,מלפפונים בחומץ 13-17,גרמים,540.00,100 גרם,false,,6.90,0.0128,true,1,6729616
7290018554067,false,מלפפונים במלח 18-25,,,מלפפונים במלח 18-25,גרמים,670.00,100 גרם,false,,8.90,0.0133,true,1,6729617
7290018554074,false,מלפםונים בחומץ 18-25,,,מלפםונים בחומץ 18-25,גרמים,670.00,100 גרם,false,,8.90,0.0133,true,1,6729618
7290018563267,false,"בקבוק תרכיז תפוחים 100% ללת""ס 1 ליטר פרי קטיף",,,רכז טעם תפוחים ללא ס,ליטרים,1.00,ליטר,false,,32.90,32.9000,true,1,6803666
7290018563274,false,בקבוק תרכיז תפוחים 1 ליטר פרי קטיף,,,רכז טעם תפוחים 1ליטר,ליטרים,1.00,ליטר,false,,26.90,26.9000,true,1,6803667
7290018564004,false,גזר גמדי רמילוי 800 גר,,,גזר גמדי רמילוי 800,גרמים,800.00,100 גרם,false,,8.20,0.0102,true,1,6778297
7290018564011,false,אפונת גינה רמילוי 800 גר,,,אפונת גינה רמילוי 80,גרמים,800.00,100 גרם,false,,8.70,0.0109,true,1,6779089
7290018564028,false,אפונה עדינה 600ג רמילוי,,,אפונה עדינה 600ג רמי,גרמים,600.00,100 גרם,false,,10.90,0.0182,true,1,6777206
7290018564059,false,שעועית ירוקה שלמה עדינה 600ג רמילוי,,,שעועית ירוקה שלמה עד,גרמים,600.00,100 גרם,false,,10.90,0.0182,true,1,6777208
7290018564066,false,אפונה וגזר רמילוי 800 גר,,,אפונה וגזר רמילוי 80,גרמים,800.00,100 גרם,false,,8.70,0.0109,true,1,6778298
7290018564073,false,במיה קפוא 600ג רמילוי,,,במיה קפוא 600ג רמילו,גרמים,600.00,100 גרם,false,,7.90,0.0132,true,1,6773852
7290018564080,false,לקט ירקות רמילוי 800 גר,,,לקט ירקות רמילוי 800,גרמים,800.00,100 גרם,false,,9.90,0.0124,true,1,6778299
7290018564103,false,פולי סויה 600גר,,,פולי סויה 600גר,גרמים,600.00,100 גרם,false,,11.90,0.0198,true,1,6796089
7290018564110,false,ארטישוק קפוא 400ג רמילוי,,,ארטישוק קפוא 400ג רמ,גרמים,400.00,100 גרם,false,,8.90,0.0223,true,1,6773853
7290018564127,false,לקט לקוסקוס רמילוי 800 גר,,,לקט לקוסקוס רמילוי 8,גרמים,800.00,100 גרם,false,,9.90,0.0124,true,1,6778300
7290018564141,false,גרגירי חומוס מבושלים 800גר רמי לוי,,,גרגירי חומוס מבושלים,גרמים,800.00,100 גרם,false,,9.90,0.0124,true,1,6772794
7290018564158,false,שעועית לבנה מבושלים 800גר רמי לוי,,,שעועית לבנה מבושלים,גרמים,800.00,100 גרם,false,,9.90,0.0124,true,1,6772795
7290018564165,false,כרובית 800גר רמי לוי,,,כרובית 800גר רמי לוי,גרמים,800.00,100 גרם,false,,9.90,0.0124,true,1,6772796
7290018564172,false,ברוקולי 800גר רמי לוי,,,ברוקולי 800גר רמי לו,גרמים,800.00,100 גרם,false,,12.90,0.0161,true,1,6772797
7290018564189,false,פולי סויה קלופים 600גר,,,פולי סויה קלופים 600,גרמים,600.00,100 גרם,false,,12.90,0.0215,true,1,6796090
7290018564202,false,לקט ירקות למרק רמילוי 800 גר,,,לקט ירקות למרק רמילו,גרמים,800.00,100 גרם,false,,9.90,0.0124,true,1,6778301
7290018564554,false,מלפפונים חמוצים ביתיים כבושים 500 גרם,,,מלפפונים חמוצים ביתי,גרמים,500.00,100 גרם,false,,22.90,0.0458,true,1,6781969
7290018564561,false,ירקות חמוצים בסגנון טורשי,,,ירקות חמוצים בסגנון,גרמים,500.00,100 גרם,false,,22.90,0.0458,true,1,6781970
7290018564585,false,ירקות חמוצים בטעם חמוץ מתוק 500 גרם,,,ירקות חמוצים בטעם חמ,גרמים,500.00,100 גרם,false,,22.90,0.0458,true,1,6782058
7290018566008,false,אגוזי מלך קלופים 250גר נספקים,,,אגוזי מלך קלופים 250,גרמים,250.00,100 גרם,false,,18.90,0.0756,true,1,6853473
7290018566015,false,תאנה מיובשת 300 גר נספקים,,,תאנה מיובשת 300 גר נ,גרמים,300.00,100 גרם,false,,17.90,0.0597,true,1,6878045
7290018566022,false,שקד טבעי 280 גר נספקים,,,שקד טבעי 280 גר נספק,גרמים,280.00,100 גרם,false,,21.90,0.0782,true,1,6856676
7290018566046,false,שקד מולבן אמריקאי שלם 200ג נספקים,,,שקד מולבן אמריקאי של,גרמים,200.00,100 גרם,false,,16.90,0.0845,true,1,6866470
7290018566053,false,שקד מולבן מקלות 200ג נספקים,,,שקד מולבן מקלות 200ג,גרמים,200.00,100 גרם,false,,16.90,0.0845,true,1,6868498
7290018566060,false,שקד מולבן חצוי 200ג נספקים,,,שקד מולבן חצוי 200ג,גרמים,200.00,100 גרם,false,,16.90,0.0845,true,1,6868499
7290018566077,false,אגוז קשיו קלוף 250גר נספקים,,,אגוז קשיו קלוף 250גר,גרמים,250.00,100 גרם,false,,19.90,0.0796,true,1,6866471
7290018566084,false,משמש 300 גר נספקים,,,משמש 300 גר נספקים,גרמים,300.00,100 גרם,false,,19.90,0.0663,true,1,6875583
7290018566091,false,צימוק בהיר 300 גר נספקים,,,צימוק בהיר 300 גר נס,גרמים,300.00,100 גרם,false,,17.90,0.0597,true,1,6875584
7290018566121,false,חמוציות מסוכרות 300ג נספקים,,,חמוציות מסוכרות 300ג,גרמים,300.00,100 גרם,false,,14.90,0.0497,true,1,6887047
7290018566152,false,פיסטוק 150 גר נספקים,,,פיסטוק 150 גר נספקים,גרמים,150.00,100 גרם,false,,26.90,0.1793,true,1,6887048
7290018566169,false,פקאן קלוי 150גר בשקית,,,פקאן קלוי 150גר בשקי,גרמים,150.00,100 גרם,false,,16.90,0.1127,true,1,6898033
7290018566176,false,קשיו קלוי 200גר בשקית,,,קשיו קלוי 200גר בשקי,גרמים,200.00,100 גרם,false,,14.80,0.0740,true,1,6884558
7290018566183,false,שקד קלוי 200 גר בשקית,,,שקד קלוי 200 גר בשק,גרמים,200.00,100 גרם,false,,14.90,0.0745,true,1,6899023
7290018566190,false,בוטנים קלויים 200 גר בשקית,,,בוטנים קלויים 200 גר,גרמים,200.00,100 גרם,false,,6.90,0.0345,true,1,6898034
7290018566206,false,אגוז מלך קלופים 150 גר בשקית,,,אגוז מלך קלופים 150,גרמים,150.00,100 גרם,false,,9.90,0.0660,true,1,6900397
7290018566213,false,אגוז מלך גרוס 200 גר נספקים,,,אגוז מלך גרוס 200 ג,גרמים,200.00,100 גרם,false,,17.90,0.0895,true,1,6887023
7290018566220,false,אגוז ברזיל 200גר נספקים,,,אגוז ברזיל 200גר נספ,גרמים,200.00,100 גרם,false,,29.90,0.1495,true,1,6881700
7290018566237,false,גרעיני חמנייה קלויים במלח 130ג בשקית,,,גרעיני חמנייה קלויים,גרמים,130.00,100 גרם,false,,4.90,0.0377,true,1,6897341
7290018566244,false,גרעיני חמנייה מופחת מלח בשקית,,,גרעיני חמנייה מופחת,גרמים,130.00,100 גרם,false,,4.90,0.0377,true,1,6899653
7290018566251,false,גרעיני דלעת קלוי 150ג בשקית,,,גרעיני דלעת קלוי 150,גרמים,150.00,100 גרם,false,,7.90,0.0527,true,1,6899024
7290018566268,false,צנובר 150 גר נספקים,,,צנובר 150 גר נספקים,גרמים,150.00,100 גרם,false,,29.90,0.1993,true,1,6879757
7290018566275,false,פקאן טבעי 150גר בשקית,,,פקאן טבעי 150גר בשקי,גרמים,150.00,100 גרם,false,,19.90,0.1327,true,1,6884559
7290018566282,false,פיסטוק קלוי 150 גר בשקית,,,פיסטוק קלוי 150 גר ב,גרמים,150.00,100 גרם,false,,19.90,0.1327,true,1,6884648
7290018566299,false,פיצוחים מיקס קלוי 150 גר בשקית,,,פיצוחים מיקס קלוי 15,גרמים,150.00,100 גרם,false,,17.90,0.1193,true,1,6902236
7290018566305,false,גרעיני דלעת קלוף 200גר נספקים,,,גרעיני דלעת קלוף 200,גרמים,200.00,100 גרם,false,,9.90,0.0495,true,1,6882207
7290018566312,false,שקד טבעי 200 גר בשקית,,,שקד טבעי 200 גר בשקי,גרמים,200.00,100 גרם,false,,14.90,0.0745,true,1,6911540
7290018566336,false,גרעיני חמניה קלוף 200גר נספקים,,,גרעיני חמניה קלוף 20,גרמים,200.00,100 גרם,false,,6.90,0.0345,true,1,6882208
7290018566343,false,גרעיני אבטיח קלויי במלח בשקית,,,גרעיני אבטיח קלויי ב,יחידה,0.00,יחידה,false,,14.90,0.0000,true,1,6900169
7290018566350,false,גרעיני אבטיח קלויים במחבת בשקית,,,גרעיני אבטיח קלויים,יחידה,0.00,יחידה,false,,14.90,0.0000,true,1,6900170
7290018566367,false,שזיף מיובש 300 גר נספקים,,,שזיף מיובש 300 גר נס,גרמים,300.00,100 גרם,false,,17.90,0.0597,true,1,6875585
7290018566374,false,צימוק אוזבקי 300 גר נספקים,,,צימוק אוזבקי 300 גר,גרמים,300.00,100 גרם,false,,15.90,0.0530,true,1,6887024
7290018566404,false,פסטה ספגטיני,,,פסטה ספגטיני,יחידה,0.00,יחידה,false,,3.50,0.0000,true,1,6900628
7290018566411,false,פסטה ספגטי,,,פסטה ספגטי,יחידה,0.00,יחידה,false,,3.50,0.0000,true,1,6900629
7290018566466,false,פריכיות אורז טעם צילי 100ג שקית,,,פריכיות אורז טעם ציל,גרמים,100.00,100 גרם,false,,7.90,0.0790,true,1,6905829
7290018566473,false,אפונה קלויה 150 גר בשקית,,,אפונה קלויה 150 גר,גרמים,150.00,100 גרם,false,,7.90,0.0527,true,1,6905830
7290018566480,false,פקאן מסוכר 150 גר בשקית,,,פקאן מסוכר 150 גר בש,גרמים,150.00,100 גרם,false,,14.90,0.0993,true,1,6900398
7290018566497,false,צימוק כהה 300 גר נספקים,,,צימוק כהה 300 גר נספ,גרמים,300.00,100 גרם,false,,12.90,0.0430,true,1,6879758
7290018566503,false,אננס מיובש 160גר נספקים,,,אננס מיובש 160גר נספ,גרמים,160.00,100 גרם,false,,16.90,0.1056,true,1,6881425
7290018566510,false,שקד מולבן גרוס 200 גר נספקים,,,שקד מולבן גרוס 200 ג,גרמים,200.00,100 גרם,false,,16.90,0.0845,true,1,6868500
7290018566527,false,תירס קלוי 150 גר בשקית,,,תירס קלוי 150 גר בש,גרמים,150.00,100 גרם,false,,7.90,0.0527,true,1,6905831
7290018566534,false,רביולי גריל 150 גר בשקית,,,רביולי גריל 150 גר ב,גרמים,150.00,100 גרם,false,,9.90,0.0660,true,1,6905832
7290018566558,false,מנצס 150 גר בשקית,,,מנצס 150 גר בשקית,גרמים,150.00,100 גרם,false,,7.90,0.0527,true,1,6906359
7290018566565,false,קבוקים 150 גר בשקית,,,קבוקים 150 גר בשקית,גרמים,150.00,100 גרם,false,,4.90,0.0327,true,1,6905833
7290018566572,false,בוטנים אמריקאיים מצופים 200ג שקית,,,בוטנים אמריקאיים מצו,גרמים,200.00,100 גרם,false,,6.90,0.0345,true,1,6906360
7290018566589,false,שקד מולבן טחון 200 גר נספקים,,,שקד מולבן טחון 200 ג,גרמים,200.00,100 גרם,false,,16.90,0.0845,true,1,6868501
7290018566596,false,קוקוס מיובש 160גר נספקים,,,קוקוס מיובש 160גר נס,גרמים,160.00,100 גרם,false,,13.90,0.0869,true,1,6881426
7290018566619,false,פסטה פנה,,,פסטה פנה,יחידה,0.00,יחידה,false,,3.50,0.0000,true,1,6900631
7290018566633,false,פסטה פוזילי,,,פסטה פוזילי,יחידה,0.00,יחידה,false,,3.50,0.0000,true,1,6900633
7290018566640,false,פסטה פרפלה,,,פסטה פרפלה,יחידה,0.00,יחידה,false,,3.50,0.0000,true,1,6900634
7290018566657,false,פסטה צדפים,,,פסטה צדפים,יחידה,0.00,יחידה,false,,3.50,0.0000,true,1,6900635
7290018566664,false,פסטה קונכיות,,,פסטה קונכיות,יחידה,0.00,יחידה,false,,3.50,0.0000,true,1,6900636
7290018566671,false,פסטה בוקטיני,,,פסטה בוקטיני,יחידה,0.00,יחידה,false,,3.50,0.0000,true,1,6900637
7290018566688,false,פסטה מסולסלת,,,פסטה מסולסלת,יחידה,0.00,יחידה,false,,3.50,0.0000,true,1,6900638
7290018566718,false,"שמן זית ספרד 750 מ""ל רמילוי",,,"שמן זית ספרד 750 מ""ל",מטרים,750.00,100 מ'ל,false,,13.90,0.0185,true,1,6907122
7290018566732,false,מיקס פיצוחים 450 גר,,,מיקס פיצוחים 450 גר,גרמים,450.00,100 גרם,false,,39.90,0.0887,true,1,6914307
7290018566831,false,מיץ לימון משומר 200 מל,,,מיץ לימון משומר 200,יח',1.00,יח',false,,5.90,5.9000,true,1,6787934
7290018566848,false,מיץ לימון משומר 1000 מל,,,מיץ לימון משומר 1000,יח',1.00,יח',false,,7.90,7.9000,true,1,6787935
7290018566862,false,קטשופ 720מל רמי לוי,,,קטשופ 720מל רמי לוי,גרמים,720.00,100 גרם,false,,6.90,0.0096,true,1,6827819
7290018566879,false,תה ירוק קלאסי 25 יח רמי לוי,,,תה ירוק קלאסי 25 יח,יח',1.00,יח',false,,6.80,6.8000,true,1,6827793
7290018566886,false,תה ירוק לימונית ולואיזה 25 יח רמי לוי,,,תה ירוק לימונית ולוא,יח',1.00,יח',false,,6.80,6.8000,true,1,6827794
7290018566893,false,תה קמומיל 25 יח רמי לוי,,,תה קמומיל 25 יח רמי,יח',1.00,יח',false,,6.80,6.8000,true,1,6827795
7290018566909,false,תה ירוק נענע 25 יח רמי לוי,,,תה ירוק נענע 25 יח ר,יח',1.00,יח',false,,6.80,6.8000,true,1,6827796
7290018566916,false,ארל גרי 25 יח רמי לוי,,,ארל גרי 25 יח רמי לו,יח',1.00,יח',false,,6.80,6.8000,true,1,6827797
7290018566923,false,תה שחור 100שק רמי לוי,,,תה שחור 100שק רמי לו,יח',1.00,יח',false,,9.90,9.9000,true,1,6827798
7290018566930,false,שמן זית ספרד 750מל רמילוי,,,שמן זית ספרד 750מל ר,מטרים,750.00,100 מ'ל,false,,17.90,0.0239,true,1,6847565
7290018571514,false,סוכריות ויטמין די לילדים 175 גרם מיה פלוס,מיה תעשיות מזון בעמ,IL,סוכריות ויטמין די 17,גרמים,175.00,100 גרם,false,,39.90,0.2280,true,1,6916483
7290018571521,false,סוכריות מולטי ויטמין עם אבץ לילדים בטעם ענבים,מיה תעשיות מזון בעמ,IL,סוכריות מולטי ויטמין,גרמים,175.00,100 גרם,false,,39.90,0.2280,true,1,6916484
7290018571637,false,סוכריות ג'לי מולטי ויטמין עם מינרליים MEN ENERGY,מיה תעשיות מזון בעמ,IL,סוכריות מולטי ויטמין,גרמים,220.00,100 גרם,false,,39.90,0.1814,true,1,6916515
7290018626313,false,שמן קנולה מזוכך 1לי רמילוי,,,שמן קנולה מזוכך 1לי,יח',1.00,יח',false,,8.90,8.9000,true,1,6771138
7290018677124,false,גרנולה קראנצ'י חמוציות ודובדבנים ללא גלוטן וללא תוספת סוכר נוטרה זן-300 גרם,נוטרה זון,CZ,גרנולה קראנצי חמוציו,גרמים,300.00,100 גרם,false,,22.90,0.0763,true,1,6793822
7290018677131,false,גרנולה קראנצ'י אגוזים ושקדים ללא גלוטן וללא תוספת סוכר נוטרה זן-300 גרם,נוטרה זון,CZ,גרנולה קראנצי אגוזים,גרמים,300.00,100 גרם,false,,22.90,0.0763,true,1,6793823
7290018677148,false,גרנולה קראנצ'י שוקולד וקוקוס ללא גלוטן וללא תוספת סוכר נוטרה זן-300 גרם,,IT,גרנולה קראנצי שוקולד,גרמים,300.00,100 גרם,false,,22.90,0.0763,true,1,6793824
7290018677209,false,סירופ מייפל אורגני 250 מל,,,סירופ מייפל אורגני 2,מטרים,250.00,100 מ'ל,false,,22.80,0.0912,true,1,6870080
7290018677278,false,PRO פתיתים מעדשים צהובות אורגני 250 גרם,,IT,פתיתי פרו עדשים צהוב,גרמים,250.00,100 גרם,false,,16.90,0.0676,true,1,6876232
7290018677285,false,PRO פתיתים מעדשים אדומות אורגני 250 גרם,,IT,פתיתי פרו עדשים אדומ,גרמים,250.00,100 גרם,false,,16.90,0.0676,true,1,6876233
7290018677292,false,PRO אטריות מעדשים אדומות אורגני 250 גרם,,IT,אטריות פרו עדשים אדו,גרמים,250.00,100 גרם,false,,16.90,0.0676,true,1,6876271
7290018703229,false,חטיף חלבון שוקולד אגוזים פראוד 60 גרם,פראוד,,פראוד חטיף חלבון טבע,יח',1.00,יח',false,,12.90,12.9000,true,1,6839989
7290018708118,false,בארכה חלבה וניל פיסטוק ללא סוכר 350 ג,,,בארכה חלבה וניל פיסט,גרמים,350.00,100 גרם,false,,14.90,0.0426,true,1,6812875
7290018708125,false,בארכה חלבה מסולסלת וניל 250 גרם,בארכה,IL,בארכה חלבה מסולסלת ו,גרמים,250.00,100 גרם,false,,13.90,0.0556,true,1,6822526
7290018710234,false,אבקת אפייה עשירייה רמילוי,,,אבקת אפייה עשירייה ר,יח',1.00,יח',false,,1.60,1.6000,true,1,6769369
7290018710241,false,סוכר וניל עשירייה רמילוי,,,סוכר וניל עשירייה רמ,יח',1.00,יח',false,,1.60,1.6000,true,1,6769370
7290018710258,false,קורנפלור 200גר רמילוי,,,קורנפלור 200גר רמילו,גרמים,200.00,100 גרם,false,,2.50,0.0125,true,1,6769371
7290018710265,false,סודה לשתייה 100גר רמילוי,,,סודה לשתייה 100גר רמ,גרמים,100.00,100 גרם,false,,1.60,0.0160,true,1,6769372
7290018710272,false,שומשום 200גר רמילוי,,,שומשום 200גר רמילוי,גרמים,200.00,100 גרם,false,,5.50,0.0275,true,1,6769373
7290018710289,false,שומשום 400גר רמילוי,,,שומשום 400גר רמילוי,גרמים,400.00,100 גרם,false,,8.90,0.0223,true,1,6769347
7290018710296,false,קוקוס טחון 200גר רמילוי,,,קוקוס טחון 200גר רמי,גרמים,200.00,100 גרם,false,,4.90,0.0245,true,1,6769374
7290018710302,false,קוקוס טחון 500גר רמילוי,,,קוקוס טחון 500גר רמי,גרמים,500.00,100 גרם,false,,11.90,0.0238,true,1,6769375
7290018710326,false,אבקת סוכר 500גר רמילוי,,,אבקת סוכר 500גר רמיל,גרמים,500.00,100 גרם,false,,6.80,0.0136,true,1,6769349
7290018710333,false,מלח לימון 100גר רמילוי,,,מלח לימון 100גר רמיל,גרמים,100.00,100 גרם,false,,4.90,0.0490,true,1,6769350
7290018710340,false,מלח לימון 400גר רמילוי,,,מלח לימון 400גר רמיל,גרמים,400.00,100 גרם,false,,11.90,0.0298,true,1,6769351
7290018710371,false,סוכר חום דמררה 1קג רמילוי,,,סוכר חום דמררה 1קג ר,קילוגרמים,1.00,"ק""ג",false,,9.90,9.9000,true,1,6814189
7290018710678,false,קמח תפוא רמי לוי 500,,,קמח תפוא רמי לוי 500,גרמים,500.00,100 גרם,false,,5.90,0.0118,true,1,6840958
7290018711071,false,מיונז אמיתי 500ג רמילוי,,,מיונז אמיתי 500ג רמי,גרמים,500.00,100 גרם,false,,7.90,0.0158,true,1,6819825
7290018711088,false,מיונז אמיתי 1קג רמילוי,,,מיונז אמיתי 1קג רמיל,גרמים,1000.00,100 גרם,false,,13.90,0.0139,true,1,6819826
7290018724552,false,קמח שקדים ללא גלוטן 250 גרם,השקד אומנות ומסחר,IL,קמח שקדים ללא גלוטן,גרמים,250.00,100 גרם,false,,22.90,0.0916,true,1,6823386
7290018724606,false,סודה לשתייה לא אלומיניום 350 גרם,,IL,סודה לשתיה ללא אלומנ,גרמים,350.00,100 גרם,false,,13.90,0.0397,true,1,6767418
7290018792841,false,אבקת קקאו טבעי גאנה 150 גר,אברמוביץ עזר קקאו וש,IL,קקאו טבעי 150גר,גרמים,150.00,100 גרם,false,,9.90,0.0660,true,1,6863057
7290018792858,false,אבקת קקאו טבעי 500 גרם,,GH,קקאו טבעי 500גרם,גרמים,500.00,100 גרם,false,,23.90,0.0478,true,1,6881981
7290018795842,false,שיני שום קלופות 500ג מרינה,מרינה,IL,שיני שום קלופות 500ג,גרמים,500.00,100 גרם,false,,16.90,0.0338,true,1,6889185
7290018817254,false,דונאטס קרמל מארז 4 יח',,,דונאטס קרמל מארז 4יח,100 יח,284.00,100 יח,false,,24.90,0.0877,true,1,6880863
7290018817315,false,דונאטס קפוצינו מארז 4יח,,,דונאטס קפוצינו מארז,100 יח,284.00,100 יח,false,,24.90,0.0877,true,1,6880865
7290018818305,false,פיצה אובליינה מרגריטה,,,פיצה אובליינה מרגריט,יחידה,0.00,יחידה,false,,14.90,0.0000,true,1,6879786
7290018835005,false,אקסטרה ציפס אורז חום מלח פלפל ושמן זית,,BG,אקסטרה ציפס אורז חום,גרמים,60.00,100 גרם,false,,6.90,0.1150,true,1,6807277
7290018835012,false,באר אקסטרה בציפוי שוקולד חלב 5 יח 90 גר,,,חטיף אורז אקסטרה בצי,גרמים,90.00,100 גרם,false,,12.50,0.1389,true,1,6885882
7290018835043,false,תערובת תיבול סטייק מונטריאול 140גר,,IL,תערובת תיבול סטייק מ,גרמים,140.00,100 גרם,false,,16.90,0.1207,true,1,6916710
7290018860717,false,אטריות אורז 454גר ללא גלוטן,סא ג'אנג אוספורט,VN,אטריות אורז 454גר לל,גרמים,454.00,100 גרם,false,,10.90,0.0240,true,1,6830231
7290018878002,false,אגו מיקס קרקר מצופה שוקולד חלב 55ג*24בקרט,כרמית,IL,אגו מיקס קרקר מצופה,גרמים,55.00,100 גרם,false,,3.90,0.0709,true,1,6835261
7290018878019,false,"כרמית שוקולד צ'יפס מריר 250 גר' כשל""פ",,,שוקולד ציפס מריר 47%,גרמים,250.00,100 גרם,false,,9.90,0.0396,true,1,6839874
7290018878088,false,שלשות שוקולד ללס מריר ב.יוסף 85ג*3*18בקרט,כרמית,IL,"שלשות שוקולד לל""תס ח",גרמים,255.00,100 גרם,false,,14.70,0.0576,true,1,6839877
7290018878095,false,שלישיית שוקולד חלב ללא סוכר 85 גרם,כרמית,IL,"שלשות שוקולד לל""תס ח",גרמים,255.00,100 גרם,false,,14.70,0.0576,true,1,6839878
7290018878125,false,שלישיית שוקולד לבן ללא סוכר 85 גרם,כרמית,IL,שוקולד לבן ללא סוכר,גרמים,300.00,100 גרם,false,,14.70,0.0490,true,1,6874652
7290018878170,false,אגו שוקולד מריר 60% מוצקי קקאו 2*100גר,כרמית תעשיות ממתקים,IL,אגו זוג שוקולד מריר,גרמים,200.00,100 גרם,false,,8.90,0.0445,true,1,6857748
7290018878224,false,כרמית מיני קוקיס בטעם שוקולד 600 גרם,Carmit,IL,מיני קוקיס טעם שוקול,גרמים,600.00,100 גרם,false,,15.90,0.0265,true,1,6857749
7290018878231,false,"מיני קוקיס לל""ס בטעם שוקולד 600 גרם",Carmit,,"מיני קוקיס לל""ס שוקו",גרמים,600.00,100 גרם,false,,18.90,0.0315,true,1,6857750
7290018878460,false,טופי שטוח ענבים ופטל 300 גר' כרמית,,,טופי שטוח ענבים ופטל,גרמים,300.00,100 גרם,false,,9.90,0.0330,true,1,6916630
7290018878477,false,טופי שטוח קולה 300 גר' כרמית,,,טופי שטוח טעם קולה 5,גרמים,300.00,100 גרם,false,,9.90,0.0330,true,1,6916631
7290018878798,false,מטבעות שוקולד חלב צבעוני 36 גרם כרמית,כרמית,IL,מטבעות צבעוני שוקולד,גרמים,36.00,גרם,false,,2.90,0.0806,true,1,6916599
7290018879801,false,סוכריות טופי ממולאות 24-40 גר',,,טופי ממולא טעם פירות,יח',1.00,יח',false,,1.20,1.2000,true,1,6799659
7290018886335,false,פת דגנים שיפון 170 ג,,,מאפים שיפון 170 גר,גרמים,170.00,100 גרם,false,,6.90,0.0406,true,1,6810503
7290018886991,false,שמן קנולה מזוכך 1לי- בית יוסף,סקנולה,EE,שמן קנולה מזוכך 1לי-,יח',1.00,יח',false,,8.90,8.9000,true,1,6817668
7290018893029,false,פרימיום שוקולד מריר 85% רמילוי,,,פרימיום שוקולד מריר,גרמים,100.00,100 גרם,false,,5.80,0.0580,true,1,6811985
7290018893036,false,עוגיות סנדוויץ' בטעם שוקולד ממולאות קרם בטעם וניל,צ'וקטה Chocketa,ES,ביסקוויט סנדביץ בטעם,גרמים,176.00,100 גרם,false,,6.90,0.0392,true,1,6808872
7290018893043,false,ממרח אגוזי לוז 350 גר רמילוי,,,ממרח אגוזי לוז 350 ג,גרמים,350.00,100 גרם,false,,9.90,0.0283,true,1,6812006
7290018893074,false,צוקטה עוגת שכבות שוקולד 400 גר,בלקוני,,צוקטה עוגת שכבות שוק,גרמים,400.00,100 גרם,false,,11.90,0.0298,true,1,6805309
7290018893081,false,עוגות מגולגלות במילוי קרם חלבי וציפוי בטעם שוקולד,צ'וקטה Chocketa,IL,צוקטה עוגות מגולגלות,גרמים,222.00,100 גרם,false,,8.80,0.0396,true,1,6805310
7290018893098,false,צ'וקטה ביסקוויט מצופה שוקולד חלב 100 גרם,דיסטרופר אוליבייר,ES,צ'וקטה עוגיות מצופות,גרמים,100.00,100 גרם,false,,6.90,0.0690,true,1,6834259
7290018893104,false,צ'וקטה ביסקוויט מצופה שוקולד מריר 100 גרם,דיסטרופר אוליבייר,ES,צ'וקטה עוגיות מצופות,גרמים,100.00,100 גרם,false,,6.90,0.0690,true,1,6834260
7290018893111,false,צ'וקטה שוקולד מריר בלגי 70% 100 גרם משולש K,צ'וקטה Chocketa,BE,צוקטה שוקולד מריר בל,גרמים,100.00,100 גרם,false,,8.90,0.0890,true,1,6823294
7290018893135,false,מקלות אפויים בתוספת מלח Salty,צ'וקטה Chocketa,US,צוקטה גריסיני מלח 12,גרמים,120.00,100 גרם,false,,7.90,0.0658,true,1,6878847
7290018893241,false,ממרח אגוזי לוז 750גר רמילוי,,,ממרח אגוזי לוז 750גר,גרמים,750.00,100 גרם,false,,18.90,0.0252,true,1,6812008
7290018893258,false,צ'וקטה עוגות אישיות במילוי קרם קרמל ובציפוי בטעם שוקולד 300 גרם,פרדי קונדיטוריה אס.פ,IT,צ'וקטה עוגות אישיות,גרמים,300.00,100 גרם,false,,11.90,0.0397,true,1,6799760
7290018893272,false,צוקטה בונבוניירה צדפות בלגי יוגטה 125ג,צ'וקטה Chocketa,BE,צוקטה בונבוניירה צדפ,גרמים,125.00,100 גרם,false,,10.90,0.0872,true,1,6808874
7290018893289,false,צ'וקטה עוגות מגולגלות בטעם קקאו במילוי קרם קקאו וציפוי בטעם שוקולד 6 יח' 222 גרם,צ'וקטה Chocketa,IT,צוקטה עוגות מגולגלות,גרמים,222.00,100 גרם,false,,8.80,0.0396,true,1,6805311
7290018893340,false,מקלות אפויים בתוספת שומשום Salty,צ'וקטה Chocketa,US,צוקטה גריסיני שומשום,גרמים,120.00,100 גרם,false,,7.90,0.0658,true,1,6878849
7290018893418,false,שוקולד מריר 60% מארז 6 יח' *100 ג' צ'וקטה,צ'וקטה Chocketa,,צוקטה שוקולד מריר שי,גרמים,600.00,100 גרם,false,,21.80,0.0363,true,1,6805312
7290018893432,false,פרימיום שוקולד מריר ואגוזי לוז רמילוי,,,פרימיום שוקולד מריר,גרמים,100.00,100 גרם,false,,5.80,0.0580,true,1,6812009
7290018893449,false,צוקטה סטרופוופל במילוי קרמל 175 גרם,ארלוי אס.אל.יו.,IN,עלי וופל במילוי קרמל,גרמים,175.00,100 גרם,false,,9.90,0.0566,true,1,6808877
7290018893456,false,צ'וקטה עוגות אישיות במילוי קרם ובציפוי בטעם שוקולד 300 גרם,פרדי קונדיטוריה אס.פ,IT,צ'וקטה עוגות אישיות,גרמים,300.00,100 גרם,false,,11.90,0.0397,true,1,6799762
7290018893487,false,צוקטה עוגות אישיות בטעם קוקוס-350 גרם,פרדי קונדטוריה אס פי,IT,צוקטה עוגות אישיות ק,גרמים,350.00,100 גרם,false,,11.90,0.0340,true,1,6805313
7290018893517,false,חטיף בייגלה אפוי מצופה שוקולד מריר - חלבי,צ'וקטה Chocketa,RO,צוקטה בייגלה שטוח מצ,יח',1.00,יח',false,,6.90,6.9000,true,1,6823297
7290018893616,false,מארז צוקטה שוקולד מריר 48% 6*100 גר,צוקטה,ES,שוקולד צוקטה מריר 48,גרמים,600.00,100 גרם,false,,19.90,0.0332,true,1,6808880
7290018893685,false,צ'וקולטה עוגות אישיות חלב 350גר רמילוי,,,צ'וקולטה עוגות אישיו,גרמים,350.00,100 גרם,false,,9.90,0.0283,true,1,6811987
7290018893708,false,עוגיות סנדוויץ' במילוי קרם בטעם שוקולד,צ'וקטה Chocketa,ES,צ'וקטה עוגיות סנדביץ,גרמים,250.00,100 גרם,false,,6.90,0.0276,true,1,6834262
7290018893753,false,צוקטה וופל חמאה בטעם לימון 100 גרם,שסטוביץ,BE,עלי וופל דקים בטעם ל,גרמים,100.00,גרם,false,,9.90,0.0990,true,1,6888247
7290018893807,false,צוקטה בטעם שוקולד מריר 60% 3 יח' 300 גרם,צ'וקטה Chocketa,ES,צ'וקטה שוקולד מריר 6,גרמים,300.00,100 גרם,false,,10.90,0.0363,true,1,6808882
7290018893838,false,פרימיום שוקולד מריר 70% רמילוי,,,פרימיום שוקולד מריר,גרמים,100.00,100 גרם,false,,5.80,0.0580,true,1,6812011
7290018893845,false,פתי בר צוקטה ביסקוויט בטעם חמאה 400 גר,צ'וקטה Chocketa,ES,צוקטה פתי בר טעם חמא,גרמים,400.00,100 גרם,false,,6.90,0.0173,true,1,6805314
7290018893876,false,עוגות אישיות רכות עם מילוי קרם בטעם וניל,פרדי קונדיטוריה אס.פ,IT,צוקטה עוגות אישיות ו,גרמים,200.00,100 גרם,false,,10.90,0.0545,true,1,6799764
7290018893883,false,עוגות אישיות במילוי ובציפוי 350ג רמילוי,,,עוגות אישיות במילוי,גרמים,350.00,100 גרם,false,,9.90,0.0283,true,1,6812012
7290018893906,false,עוגיות סנדוויץ' במילוי קרם בטעם וניל,צ'וקטה Chocketa,ES,צ'וקטה עוגיות סנדביץ,גרמים,250.00,100 גרם,false,,6.90,0.0276,true,1,6834263
7290018893920,false,לוקיטוס סוכריות ג'לי בטעמי פירות 700גר,צ'וקטה Chocketa,GR,לוקיטוס סוכריות ג'לי,גרמים,700.00,100 גרם,false,,17.90,0.0256,true,1,6911275
7290018893937,false,לוקיטוס סוכריות ג'לי 300 גר,לאבדס,GR,לוקיטוס סוכריות ג'לי,גרמים,300.00,100 גרם,false,,9.90,0.0330,true,1,6911276
7290018893951,false,צ'וקטה וופל חמאה קינמון 100 גרם,,BE,עוגיות וופל חמאה קינ,יח',1.00,יח',false,,9.90,9.9000,true,1,6897195
7290018894002,false,קוביות וופל במילוי קרם קקאו - חלבי,בלקוני Balconi,IT,בלקוני וופל קוביות ק,גרמים,250.00,100 גרם,false,,9.90,0.0396,true,1,6834264
7290018894040,false,צוקטה שוקולד חלב 5*10גר,נטרה,FR,צוקטה שוקולד חלב 5*1,גרמים,500.00,100 גרם,false,,19.90,0.0398,true,1,6911718
7290018894200,false,בלקוני וופל קוביות וניל 250 גרם,בלקוני Balconi,IT,בלקוני וופל קוביות ו,גרמים,250.00,100 גרם,false,,9.90,0.0396,true,1,6834265
7290018894217,false,עוגות אישיות במילוי קרם קקאו ובציפוי קרם קקאו,בלקוני Balconi,IT,בלקוני עוגות מיקס מק,גרמים,350.00,100 גרם,false,,14.90,0.0426,true,1,6834291
7290018894408,false,קוביות וופל במילוי קרם אגוזי לוז - חלבי,בלקוני Balconi,IT,בלקוני וופל קוביות א,גרמים,250.00,100 גרם,false,,9.90,0.0396,true,1,6834266
7290018894606,false,בלקוני וופל קקאו 175 גרם חלבי OU,בלקוני Balconi,IT,בלקוני וופל קקאו 175,גרמים,175.00,100 גרם,false,,7.90,0.0451,true,1,6834268
7290018894804,false,וופלים במילוי קרם אגוזי לוז - חלבי,בלקוני Balconi,IT,בלקוני וופל אגוזים 1,גרמים,175.00,100 גרם,false,,7.90,0.0451,true,1,6834269
7290018904404,false,שערות קדאיף מזאווי 4,"ממתקי מזוואי בע""מ",IL,שערות קדאיף 450 גרם,גרמים,450.00,100 גרם,false,,13.90,0.0309,true,1,6923140
7290018921029,false,"ד""ר פישר - קמיל בלו מגבוני סנסיטיב 64 יח' * 4",פישר תעשיות,IL,רביעיית מגבוני קמיל,יח',1.00,יח',false,,21.80,21.8000,true,1,6805034
7290018921166,false,"אל סבון נוזלי ניקוי יסודי ד""ר פישר 1 ל""",פישר תעשיות,IL,קמיל אל סבון היגייני,100 מל,1000.00,100 מל,false,,15.80,0.0158,true,1,6805035
7290018921265,false,"תחליב רחצה מועשר בתמצית אלוורה 700 מ""ל אפקטיב קר","ד""ר פישר Dr fischer",IL,אפקטיב קר תחליב רחצה,מטרים,700.00,100 מ'ל,false,,16.90,0.0241,true,1,6812048
7290018921449,false,קמיל בלו מגבונים תפרחת חיתולים רביעייה,פישר תעשיות,IL,רביעיית מגבוני תפרחת,יח',1.00,יח',false,,24.80,24.8000,true,1,6805036
7290018921616,false,רביעיית מגבוני קמיל בלו שיבולת שועל 64 יח',פישר תעשיות,,רביעיית מגבוני שיבול,יח',1.00,יח',false,,22.80,22.8000,true,1,6805037
7290018921654,false,"ד""ר פישר - אפקטיב קר תחליב רחצה תמצית לוונדר 700 מ""ל","ד""ר פישר Dr fischer",IL,אפקטיב קר תחליב רחצה,מטרים,700.00,100 מ'ל,false,,16.90,0.0241,true,1,6812050
7290018921753,false,"אל סבון לתחושת רעננות לבנדר קמיל ד""ר פישר 1 ל""",פישר תעשיות,IL,קמיל אל סבון היגייני,100 מל,1000.00,100 מל,false,,15.80,0.0158,true,1,6805038
7290018921807,false,"קמיל בלו משחת החתלה צמחי מרפא 120 ג' ד""ר פישר",פישר תעשיות,IL,קמיל בלו משחת החתלה,גרמים,120.00,100 גרם,false,,21.90,0.1825,true,1,6870017
7290018925065,false,מיץ פרימור תפוזים סחוט 2 ליטר-,"גניר (1992) בע""מ",IL,מיץ תפוזים פרימור 2,ליטרים,2.00,ליטר,false,,24.20,12.1000,true,1,6814007
7290018925072,false,משקה קל לימונים ונענע 2 ל פרימור,"גניר (1992) בע""מ",IL,מיץ לימונענע פרימור,ליטרים,2.00,ליטר,false,,25.20,12.6000,true,1,6814008
7290018925089,false,"מיץ פרימור תפו""ע צלול סחוט 2 ליטר-","גניר (1992) בע""מ",IL,"מיץ תפו""ע צלול פרימו",ליטרים,2.00,ליטר,false,,24.20,12.1000,true,1,6814009
7290018925096,false,פרימור משקה קל תפוזים 1.5ליטר,פרימור,IL,פרימור משקה קל תפוזי,ליטרים,1.50,ליטר,false,,7.90,5.2667,true,1,6814441
7290018925102,false,פרימור משקה קל ענבים 1.5ליטר,פרימור,IL,פרימור משקה קל ענבים,ליטרים,1.50,ליטר,false,,7.90,5.2667,true,1,6814442
7290018925119,false,פרימור משקה קל דיאט אשכוליות 1.5ליטר,פרימור,IL,פרימור משקה קל דיאט,ליטרים,1.50,ליטר,false,,7.50,5.0000,true,1,6814443
7290018925126,false,משקה קל תפוחי עץ 1.5ל' פרימור,פרימור,IL,"פרימור משקה קל תפו""ע",ליטרים,1.50,ליטר,false,,7.90,5.2667,true,1,6814444
7290018925133,false,פרימור משקה קל מנגו 1.5ליטר,פרימור,IL,פרימור משקה קל מנגו,ליטרים,1.50,ליטר,false,,7.90,5.2667,true,1,6814445
7290018925140,false,פרימור משקה קל אשכולית 1.5ליטר,פרימור,IL,פרימור משקה קל אשכול,ליטרים,1.50,ליטר,false,,7.90,5.2667,true,1,6814446
7290018925157,false,פרימור משקה קל לימונים 1.5ליטר,פרימור,IL,פרימור משקה קל לימונ,ליטרים,1.50,ליטר,false,,7.90,5.2667,true,1,6814447
7290018925164,false,פרימור משקה קל תות-בננה 1.5ליטר,פרימור,IL,פרימור משקה קל תות-ב,ליטרים,1.50,ליטר,false,,7.90,5.2667,true,1,6814448
7290018940082,false,וירטואוזו רונדו חצי יבש 750מ,,,וירטואוזו רונדו חצי,מיליליטרים,750.00,"100 מ""ל",false,,44.90,0.0599,true,1,6803274
7290018989005,false,שלישיית פולפה עגבניות טבעי יכין 400X3 גרם,זנלכל,IL,יכין פולפה טבעית 400,גרמים,1200.00,100 גרם,false,,16.50,0.0138,true,1,6830203
7290018989081,false,יכין חומוס הבית להכנת חומוס טרי 410 גי,זנלכל,IL,יכין חומוס הבית להכנ,גרמים,410.00,100 גרם,false,,7.70,0.0188,true,1,6870793
7290018989128,false,סירופ בטעם ענבים יכין 1 ליטר,זנלכל,IL,יכין סירופ בטעם ענבי,מטרים,1000.00,100 מ'ל,false,,18.90,0.0189,true,1,6870794
7290018989135,false,סירופ בטעם פטל יכין 1 ליטר,זנלכל,IL,יכין סירופ בטעם פטל,מטרים,1000.00,100 מ'ל,false,,18.90,0.0189,true,1,6870795
7290019035251,false,מיקס פירות אננס בננה,קונגלדוס אקיואטוריאנ,RS,מיקס פירות 600 גר,גרמים,600.00,100 גרם,false,,29.90,0.0498,true,1,6853400
7290019035329,false,מיקס פירות תות קפוא 600 ג' פילד גוד,קונגלדוס אקיואטוריאנ,RS,מיקס פירות 600 גר,גרמים,600.00,100 גרם,false,,29.90,0.0498,true,1,6853401
7290019038320,false,עוגה טעם תפוז ללא סוכר 350 גר,,,עוגה טעם תפוז ללא סו,גרמים,350.00,100 גרם,false,,10.90,0.0311,true,1,6835265
7290019038726,false,שישיית סודה נענע ליים מוגז רמילוי 250מל,,,שישיית סודה נענע ליי,מטרים,1500.00,100 מ'ל,false,,11.90,0.0079,true,1,6799230
7290019038733,false,שישיית סודה לימון מוגז רמילוי 250מל,,,שישיית סודה לימון מו,מטרים,1500.00,100 מ'ל,false,,11.90,0.0079,true,1,6799231
7290019044000,false,"תפו""א לבן ארוז",,,"תפו""א לבן ארוז",קילוגרמים,1.00,"ק""ג",true,,3.90,3.9000,true,1,6802572
7290019056027,false,שוופס מוגז פירות תפוחים ללא סוכר 1.5 ליטר פיקדון,"יפאורה תבורי בע""מ",IL,משקה מוגז פירות תפוח,ליטרים,1.50,ליטר,false,,7.90,5.2667,true,1,6812741
7290019056034,false,שוופס מוגז פירות אננס ללא סוכר 1.5 ליטר פיקדון,"יפאורה תבורי בע""מ",IL,משקה מוגז פירות אננס,ליטרים,1.50,ליטר,false,,7.90,5.2667,true,1,6812742
7290019056041,false,שוופס מוגז פירות לימונייד ללא סוכר 1.5 ליטר פיקדון,"יפאורה תבורי בע""מ",IL,משקה מוגז פירות לימו,ליטרים,1.50,ליטר,false,,7.90,5.2667,true,1,6812743
7290019056058,false,שוופס מוגז עדין תפוח ליים 1.5 ליטר פיקדון,"יפאורה תבורי בע""מ",IL,שוופס מוגז עדין תפוח,ליטרים,1.50,ליטר,false,,8.30,5.5333,true,1,6812691
7290019056065,false,שוופס מוגז עדין פירות יער 1.5 ליטר פיקדון,"יפאורה תבורי בע""מ",IL,שוופס מוגז עדין פירו,ליטרים,1.50,ליטר,false,,8.30,5.5333,true,1,6812692
7290019056072,false,שוופס מוגז עדין אננס 1.5 ליטר פיקדון,מיוצר עי קונדיטוריית,IL,שוופס מוגז עדין אננס,ליטרים,1.50,ליטר,false,,8.30,5.5333,true,1,6812693
7290019056089,false,שוופס מוגז עדין ענבי ריזלינג 1.5 ליטר פיקדון,"יפאורה תבורי בע""מ",IL,שוופס מוגז עדין ענבי,ליטרים,1.50,ליטר,false,,8.30,5.5333,true,1,6812694
7290019056096,false,שוופס מוגז עדין אפרסק 1.5 ליטר פיקדון,"יפאורה תבורי בע""מ",IL,שוופס מוגז עדין אפרס,ליטרים,1.50,ליטר,false,,8.30,5.5333,true,1,6812695
7290019056119,false,שוופס סודה 1.5 ליטר פיקדון,"יפאורה תבורי בע""מ",IL,סודה שוופס 1.5 ליטר,ליטרים,1.50,ליטר,false,,2.90,1.9333,true,1,6812696
7290019056126,false,שוופס סודה לימון 1.5 ליטר בק' בודד פיקדון,"יפאורה תבורי בע""מ",IL,סודה לימון שוופס 1.5,ליטרים,1.50,ליטר,false,,3.20,2.1333,true,1,6812697
7290019056133,false,שוופס סודה נענע ליים 1.5 ליטר בק' בודד,"יפאורה תבורי בע""מ",IL,סודה נענע ליים שוופס,ליטרים,1.50,ליטר,false,,3.20,2.1333,true,1,6812698
7290019056164,false,שוופס סודה 1.5 ליטר רביעייה פיקדון,"יפאורה תבורי בע""מ",IL,סודה שוופס 4*1.5 ליט,ליטרים,6.00,ליטר,false,,11.50,1.9167,true,1,6812701
7290019056171,false,שוופס סודה לימון 1.5 ליטר רביעייה פיקדון,"יפאורה תבורי בע""מ",IL,סודה לימון שוופס 4*1,ליטרים,6.00,ליטר,false,,11.50,1.9167,true,1,6812702
7290019056188,false,שוופס סודה נענע ליים 1.5 ליטר רביעייה פיקדון,"יפאורה תבורי בע""מ",IL,סודה נענע ליים שוופס,ליטרים,6.00,ליטר,false,,11.50,1.9167,true,1,6812703
7290019056201,false,שוופס סודה פירות יער 1.5 ליטר רביעייה פיקדון,"יפאורה תבורי בע""מ",IL,סודה פירות יער שוופס,ליטרים,6.00,ליטר,false,,11.50,1.9167,true,1,6812705
7290019056249,false,שוופס מים בטעמים ענבים 1.5 ליטר פיקדון,מיוצר עי קונדיטוריית,IL,מים בטעם ענבים שוופס,ליטרים,1.50,ליטר,false,,7.80,5.2000,true,1,6812707
7290019056256,false,שוופס מים בטעמים תפוחים 1.5 ליטר פיקדון,מיוצר עי קונדיטוריית,IL,מים בטעם תפוחים שוופ,ליטרים,1.50,ליטר,false,,7.80,5.2000,true,1,6812708
7290019056263,false,שוופס מים בטעמים אפרסק 1.5 ליטר פיקדון,מיוצר עי קונדיטוריית,IL,מים בטעם אפרסק שוופס,ליטרים,1.50,ליטר,false,,7.80,5.2000,true,1,6812709
7290019056270,false,שוופס מים בטעמים פירות יער 1.5 ליטר פיקדון,"יפאורה תבורי בע""מ",IL,מים בטעם פירות יער ש,ליטרים,1.50,ליטר,false,,7.80,5.2000,true,1,6812710
7290019056287,false,שוופס מים בטעמים אפרסק ללא סוכר 1.5 ליטר פיקדון,"יפאורה תבורי בע""מ",IL,מים בטעם אפרסק לייט,ליטרים,1.50,ליטר,false,,7.90,5.2667,true,1,6812711
7290019056294,false,שוופס ג'ינג'ר אייל 1.5 ליטר פיקדון,"יפאורה תבורי בע""מ",IL,סודה ג'ינג'ר אייל שו,ליטרים,1.50,ליטר,false,,11.90,7.9333,true,1,6812744
7290019056300,false,משקה בטעם ביטר לימון 1.5 ל' שוויפס,"יפאורה תבורי בע""מ",IL,ביטר למון שוופס 1.5,ליטרים,1.50,ליטר,false,,11.90,7.9333,true,1,6812745
7290019056317,false,שוופס ראשן 1.5 ליטר פיקדון,"יפאורה תבורי בע""מ",IL,ראשן שוופס 1.5 ליטר,ליטרים,1.50,ליטר,false,,11.90,7.9333,true,1,6812746
7290019056324,false,שוופס טוניק 1.5 ליטר פיקדון,"יפאורה תבורי בע""מ",IL,טוניק שוופס 1.5 ליטר,ליטרים,1.50,ליטר,false,,11.90,7.9333,true,1,6812747
7290019056331,false,שוופס טוניק ללא סוכר 1.5 ליטר פיקדון,מיוצר עי קונדיטוריית,IL,טוניק ללא סוכר שוופס,ליטרים,1.50,ליטר,false,,11.50,7.6667,true,1,6812748
7290019056355,false,תפוזינה לימונדה MIX לימונענע 1.5 ליטר,"יפאורה תבורי בע""מ",IL,תפוזינה לימונענע 1.5,ליטרים,1.50,ליטר,false,,7.90,5.2667,true,1,6812654
7290019056362,false,תפוזינה ענבים 1.5 ליטר פיקדון,"יפאורה תבורי בע""מ",IL,תפוזינה ענבים 1.5 לי,ליטרים,1.50,ליטר,false,,7.90,5.2667,true,1,6812655
7290019056379,false,תפוזינה תפוזים 1.5 ליטר פיקדון,"יפאורה תבורי בע""מ",IL,תפוזינה תפוזים 1.5 ל,ליטרים,1.50,ליטר,false,,7.90,5.2667,true,1,6812656
7290019056386,false,פתוזינה אשכולית 1.5 ליטר פיקדון,"יפאורה תבורי בע""מ",IL,תפוזינה אשכוליות 1.5,ליטרים,1.50,ליטר,false,,7.90,5.2667,true,1,6812657
7290019056393,false,תפוזינה תות בננה 1.5 ליטר פיקדון,"יפאורה תבורי בע""מ",IL,תפוזינה תות בננה 1.5,ליטרים,1.50,ליטר,false,,7.90,5.2667,true,1,6812658
7290019056409,false,תפוזינה מנגו 1.5 ליטר פיקדון,"יפאורה תבורי בע""מ",IL,תפוזינה מנגו 1.5 לי,ליטרים,1.50,ליטר,false,,7.90,5.2667,true,1,6812659
7290019056416,false,מיץ בטעם לימונדה ורודה 1.5 ל' תפוזינה,"יפאורה תבורי בע""מ",IL,תפוזינה לימונדה ורוד,ליטרים,1.50,ליטר,false,,7.90,5.2667,true,1,6812660
7290019056423,false,מיץ בטעם תפוח רענן 1.5ל' תפוזינה,"יפאורה תבורי בע""מ",IL,תפוזינה תפוחים 1.5 ל,ליטרים,1.50,ליטר,false,,7.90,5.2667,true,1,6812661
7290019056430,false,תפוזינה תפוזים לייט 1.5 ליטר פיקדון,"יפאורה תבורי בע""מ",IL,תפוזינה תפוזים לייט,ליטרים,1.50,ליטר,false,,7.80,5.2000,true,1,6812662
7290019056447,false,תפוזינה אשכוליות לייט 1.5 ליטר פיקדון,"יפאורה תבורי בע""מ",IL,תפוזינה אשכוליות ליי,ליטרים,1.50,ליטר,false,,7.80,5.2000,true,1,6812663
7290019056454,false,משקה מוגז בטעם קולה 1.5 ל' אר סי,יפאורה תבורי,IL,קולה אר סי 1.5 ליטר,ליטרים,1.50,ליטר,false,,6.60,4.4000,true,1,6812779
7290019056461,false,מארז משקה בטעם קולה שישייה * 1.5 ל' אר.סי,"יפאורה תבורי בע""מ",IL,ארסי קולה שישייה 1.5,ליטרים,9.00,ליטר,false,,37.90,4.2111,true,1,6812780
7290019056478,false,ספרינג טי קר אפרסק 1.5ליטר פיקדון,"יפאורה תבורי בע""מ",IL,תה קר בטעם אפרסק ספר,ליטרים,1.50,ליטר,false,,7.20,4.8000,true,1,6812664
7290019056485,false,ספריג תה ירוק לימון לואיזה 1.5 ליטר פיקדון,"יפאורה תבורי בע""מ",IL,תה קר לימון לואיזה ס,ליטרים,1.50,ליטר,false,,7.20,4.8000,true,1,6812665
7290019056492,false,ספרינג תה מנגו אפרסק 1.5 ליטר פיקדון,"יפאורה תבורי בע""מ",IL,תה קר מנגו אפרסק ספר,ליטרים,1.50,ליטר,false,,7.20,4.8000,true,1,6812666
7290019056508,false,פרוט ווטר ענבים 1.5 ליטר פיקדון,"יפאורה תבורי בע""מ",IL,פרוט ווטר ענבים 1.5,ליטרים,1.50,ליטר,false,,7.90,5.2667,true,1,6812667
7290019056515,false,פרוט ווטר אננס 1.5 ליטר פיקדון,"יפאורה תבורי בע""מ",IL,פרוט ווטר אננס 1.5 ל,ליטרים,1.50,ליטר,false,,7.90,5.2667,true,1,6812668
7290019056522,false,פרוט ווטר תות 1.5 ליטר פיקדון,"יפאורה תבורי בע""מ",IL,פרוט ווטר תות 1.5 לי,ליטרים,1.50,ליטר,false,,7.90,5.2667,true,1,6812669
7290019056539,false,פרוט ווטר אפרסק 1.5 ליטר פיקדון,"יפאורה תבורי בע""מ",IL,פרוט ווטר אפרסק 1.5,ליטרים,1.50,ליטר,false,,7.90,5.2667,true,1,6812670
7290019056546,false,פרוט ווטר אבטיח 1.5 ליטר פיקדון,"יפאורה תבורי בע""מ",IL,פרוט ווטר אבטיח 1.5,ליטרים,1.50,ליטר,false,,7.90,5.2667,true,1,6812671
7290019056553,false,עין גדי מים מינרלים 2 ליטר*6 יח',עין גדי מים מינרליים,IL,מים עין גדי 2 ליטר ש,ליטרים,12.00,ליטר,false,,12.70,1.0583,true,1,6812781
7290019056560,false,עין גדי 2 ליטר בק' בודד פיקדון,יפאורה תבורי,IL,מים עין גדי 2 ליטר,ליטרים,2.00,ליטר,false,,3.20,1.6000,true,1,6814916
7290019056577,false,משקה קל מנגו ספרינג 1.5 ליטר,"יפאורה תבורי בע""מ",IL,משקה קל מנגו ספרינג,ליטרים,1.50,ליטר,false,,7.90,5.2667,true,1,6812623
7290019056584,false,משקה קל תפוזים ספרינג 1.5 ליטר,"יפאורה תבורי בע""מ",IL,משקה קל תפוזים ספרינ,ליטרים,1.50,ליטר,false,,7.90,5.2667,true,1,6812624
7290019056591,false,משקה קל ענבים ספרינג 1.5 ליטר,"יפאורה תבורי בע""מ",IL,משקה קל ענבים ספרינג,ליטרים,1.50,ליטר,false,,7.90,5.2667,true,1,6812625
7290019056607,false,משקה קל תפוחים ספרינג 1.5 ליטר,"יפאורה תבורי בע""מ",IL,משקה קל תפוחים ספרינ,ליטרים,1.50,ליטר,false,,7.90,5.2667,true,1,6812626
7290019056614,false,משקה קל אפרסק ספרינג 1.5 ליטר,"יפאורה תבורי בע""מ",IL,משקה קל אפרסק ספרינג,ליטרים,1.50,ליטר,false,,7.90,5.2667,true,1,6812627
7290019056621,false,משקה קל פירות טרופיים ספרינג 1.5 ליטר,"יפאורה תבורי בע""מ",IL,משקה קל פירות טרופיי,ליטרים,1.50,ליטר,false,,7.90,5.2667,true,1,6812628
7290019056638,false,משקה קל תות בננה ספרינג 1.5 ליטר,"יפאורה תבורי בע""מ",IL,משקה קל תות בננה ספר,ליטרים,1.50,ליטר,false,,7.90,5.2667,true,1,6812629
7290019056645,false,משקה קל אגס תפוח סברס ספרינג 1.5 ליטר,"יפאורה תבורי בע""מ",IL,משקה קל אגס תפוח סבר,ליטרים,1.50,ליטר,false,,7.90,5.2667,true,1,6812630
7290019056652,false,משקה קל אננס בננה ספרינג 1.5 ליטר,"יפאורה תבורי בע""מ",IL,משקה קל אננס בננה ספ,ליטרים,1.50,ליטר,false,,7.90,5.2667,true,1,6812631
7290019056669,false,משקה קל תפוחים דיאט ספרינג 1.5 ליטר,"יפאורה תבורי בע""מ",IL,משקה קל תפוחים דיאט,ליטרים,1.50,ליטר,false,,7.80,5.2000,true,1,6812632
7290019056676,false,משקה קל אשכולית אננס דיאט ספרינג 1.5 ליטר,"יפאורה תבורי בע""מ",IL,משקה קל אשכולית אננס,ליטרים,1.50,ליטר,false,,7.80,5.2000,true,1,6812633
7290019056720,false,קריסטל מיץ ענבים 2 ליטר פיקדון,יפאורה תבורי,IL,משקה ענבים קריסטל 2,ליטרים,2.00,ליטר,false,,6.90,3.4500,true,1,6814917
7290019056737,false,קריסטל מיץ אשכוליטרות 2 ליטר,יפאורה תבורי,IL,משקה אשכוליות קריסטל,ליטרים,2.00,ליטר,false,,6.90,3.4500,true,1,6812749
7290019056744,false,קריסטל מיץ תפוזים 2 ליטר פיקדון,יפאורה תבורי,IL,משקה מיץ תפוזים קריס,ליטרים,2.00,ליטר,false,,6.90,3.4500,true,1,6812750
7290019056751,false,קריסטל מיץ אשכוליות דיאט 2 ליטר פיקדון,יפאורה תבורי,IL,משקה מיץ אשכולית דיא,ליטרים,2.00,ליטר,false,,6.90,3.4500,true,1,6812751
7290019056768,false,קריסטל מיץ מנגו 2 ליטר פיקדון,יפאורה תבורי,IL,משקה מיץ מנגו קריסטל,ליטרים,2.00,ליטר,false,,6.90,3.4500,true,1,6812752
7290019056782,false,משקה מוגז בטעם לימון ליים 2 ל' קריסטל,יפאורה תבורי,IL,משקה קריסטל מוגז למו,ליטרים,2.00,ליטר,false,,6.90,3.4500,true,1,6812754
7290019056799,false,קריסטל מוגז אקזוטי 2 ליטר פיקדון,יפאורה תבורי,IL,משקה קריסטל מוגז אקז,ליטרים,2.00,ליטר,false,,6.90,3.4500,true,1,6812755
7290019056805,false,קריסטל מוגז תפוחים 2 ליטר פיקדון,יפאורה תבורי,IL,משקה קריסטל מוגז תפו,ליטרים,2.00,ליטר,false,,6.90,3.4500,true,1,6812756
7290019056812,false,קריסטל מוגז מנטה 2 ליטר פיקדון,יפאורה תבורי,IL,משקה קריסטל מוגז מנט,ליטרים,2.00,ליטר,false,,6.90,3.4500,true,1,6812757
7290019056829,false,קריסטל מוגז תפוזים 2 ליטר פיקדון,קריות זול,,משקה קריסטל מוגז תפו,ליטרים,2.00,ליטר,false,,6.90,3.4500,true,1,6812758
7290019056843,false,קריסטל מוגז קולה 2 ליטר פיקדון,קריות זול,IL,משקה קריסטל מוגז קול,ליטרים,2.00,ליטר,false,,6.90,3.4500,true,1,6812760
7290019056850,false,ספרינג תה אפרסק דיאט 1.5 ליטר פיקדון,"יפאורה תבורי בע""מ",IL,תה קר אפרסק דיאט ספר,ליטרים,1.50,ליטר,false,,7.20,4.8000,true,1,6812673
7290019056959,false,מי עדן 1.5 ליטר בק' בודד פיקדון,מופק ממקור בזלתי עדן,IL,מי עדן 1.5ל,ליטרים,1.50,ליטר,false,,2.80,1.8667,true,1,6812782
7290019056973,false,שישיית מי עדן 1.5 ליטר משפחתי,מופק ממקור בזלתי עדן,IL,מים מינרלים מי עדן 6,ליטרים,9.00,ליטר,false,,12.70,1.4111,true,1,6812783
7290019074366,false,אפקטיב קר ת. רחצה מועשר בשמן ארגן 450 מ,"ד""ר פישר",IL,אפקטיב קר תחליב רחצה,מטרים,450.00,100 מ'ל,false,,9.90,0.0220,true,1,6870040
7290019074762,false,אפקטיב קר ת. רחצה מועשר בשמן כותנה 450 מ,"ד""ר פישר",IL,אפקטיב קר תחליב רחצה,מטרים,450.00,100 מ'ל,false,,9.90,0.0220,true,1,6870041
7290019074885,false,"ד""ר פישר - קמיל בלו אקסטרה סופט קרם גוף לתינוק 500 מ""ל",פישר תעשיות,IL,קמיל בלו אקסטרה סופט,מטרים,500.00,100 מ'ל,false,,29.90,0.0598,true,1,6889638
7290019074953,false,אפקטיב קר ת. רחצה מועשר בשמן אלוור 450 מ,"ד""ר פישר",IL,אפקטיב קר תחליב רחצה,מטרים,450.00,100 מ'ל,false,,9.90,0.0220,true,1,6870042
7290019075103,false,קמיל בלו אקסטרה סופט שמפו לתינוק 1 ליטר,פישר תעשיות,IL,קמיל בלו אקסטרה סופט,מטרים,1000.00,100 מ'ל,false,,32.90,0.0329,true,1,6889639
7290019075400,false,אפקטיב קר תחליב רחצה לגוף - שיבולת שועל,פישר מעבדות פרמצבטיו,IL,תחליב רחצה אפקטיב בש,מטרים,700.00,100 מ'ל,false,,16.90,0.0241,true,1,6897192
7290019075608,false,אפקטיב קר תחליב רחצה לגוף - תה ירוק ויטמ,פישר מעבדות פרמצבטיו,IL,תחליב רחצה אפקטיב קר,מטרים,700.00,100 מ'ל,false,,16.90,0.0241,true,1,6897194
7290019153078,false,"שוופס ביטר למון לייט, 1.5 ליטר פקדון","יפאורה תבורי בע""מ",IL,שוופס ביטר למון לייט,ליטרים,1.50,ליטר,false,,11.90,7.9333,true,1,6824506
7290019153252,false,שוופס סודה תפוח 1.5 ליטר רביעייה פיקדון,"יפאורה תבורי בע""מ",IL,סודה תפוח שוופס 4*1.,ליטרים,6.00,ליטר,false,,11.50,1.9167,true,1,6851617
7290019153269,false,שוופס סודה אננס 1.5 ליטר רביעייה פיקדון,"יפאורה תבורי בע""מ",IL,סודה אננס שוופס 4*1.,ליטרים,6.00,ליטר,false,,11.50,1.9167,true,1,6851618
7290019153283,false,סודה שוויפס בטעם אננס 1.5ל,"יפאורה תבורי בע""מ",IL,סודה אננס שוופס 1.5,ליטרים,1.50,ליטר,false,,2.90,1.9333,true,1,6903766
7290019153306,false,סודה שוויפס בטעם תפוח 1.5ל,"יפאורה תבורי בע""מ",IL,סודה שוופס תפוח 1.5,ליטרים,1.50,ליטר,false,,2.90,1.9333,true,1,6923058
7290019153313,false,"משקהתפוח חמוציות אוכמניות 350 מ""ל פרות & ווג",יפאורה תבורי בעמ,IL,פרוט אנד ג'י תפוח 3,מיליליטרים,350.00,"100 מ""ל",false,,6.90,0.0197,true,1,6867020
7290019153344,false,מיץ בטעם סנגרייה 1.5 ל' תפוזינה,"יפאורה תבורי בע""מ",IL,תפוזינה סנגרייה 1.5ל,ליטרים,1.50,ליטר,false,,7.90,5.2667,true,1,6863435
7290019153351,false,מיץ בטעם פינק אוזו 1.5 ל' תפוזינה,"יפאורה תבורי בע""מ",IL,תפוזינה פינק אוזו 1.,ליטרים,1.50,ליטר,false,,7.90,5.2667,true,1,6863436
7290019153375,false,מיץ בטעם מוחיטו 1.5 ל' תפוזינה,"יפאורה תבורי בע""מ",IL,תפוזינה מוחיטו 1.5לי,ליטרים,1.50,ליטר,false,,7.90,5.2667,true,1,6863437
7290019153535,false,"רביעייה שוופס מוגז פירות למונייד ללא סוכר 330 ש""ח",יפאורה תבורי,IL,שוופס רביעייה מוגז ל,ליטרים,1.32,ליטר,false,,11.90,9.0152,true,1,6881889
7290019204008,false,עוף טוב פסטרמה ארבעה פלפלים 350גרם,עיצובים 2020 (4.9),IL,פסטרמה ארבעה פלפלים,גרמים,350.00,גרם,false,,24.90,0.0711,true,1,6872592
7290019204107,false,עוף טוב פסטרמה בטעם אווז 320גרם,עיצובים 2020 (4.9),IL,פסטרמה טעם אווז 320,גרמים,320.00,גרם,false,,24.90,0.0778,true,1,6872593
7290019204206,false,עוף טוב פסטרמה בסגנון רומני 320גרם,עיצובים 2020 (4.9),IL,פסטרמה בסגנון רומני,גרמים,320.00,גרם,false,,24.90,0.0778,true,1,6872594
7290019204305,false,חזה הודו פסטרמה ברביקיו 350 גר',עיצובים 2020 (4.9),IL,פסטרמה בקביקיו 350 ג,גרמים,350.00,גרם,false,,24.90,0.0711,true,1,6872595
7290019232155,false,"חליטת ""לילה טוב"" קמומיל לבנדר ו25 שקיקים ויסוצקי",תה ויסוצקי,IL,ויסוצקי פלוס לילה טו,גרמים,37.50,100 גרם,false,,21.90,0.5840,true,1,6907967
7290019232162,false,"חליטת ""לילה טוב"" קמומיל מליסה 25 שקיקים ויסוצקי",תה ויסוצקי,IL,ויסוצקי פלוס לילה טו,גרמים,37.50,100 גרם,false,,21.90,0.5840,true,1,6907968
7290019232353,false,תה ירוק סיני 50 שקיקים ויסוצקי,תה ויסוצקי,IL,תה ירוק סיני 50 יחיד,גרמים,75.00,100 גרם,false,,39.90,0.5320,true,1,6885842
7290019232803,false,הולגריין ביסקוויט+קרם חלב ושוקולד חלב 300 גרם רבנות,פלאדיס,TR,הולגריין ביסקוויט עם,100 יח,300.00,100 יח,false,,10.90,0.0363,true,1,6853936
7290019232827,false,הולגריין ביסקוויט במילוי אגוזי לוז 300 גרם רבנות,פלאדיס,TR,הולגריין ביסקוויט במ,100 יח,300.00,100 יח,false,,10.90,0.0363,true,1,6853938
7290019232834,false,בייגלה מצופה קרם עוגיות ושוקולד 140 גרם פליפז - רבנות,אולקר מקבוצת פלאדיס,TR,פליפז בייגלה מצופה ק,100 יח,140.00,100 יח,false,,7.90,0.0564,true,1,6853939
7290019233008,false,רוטב עגבניות עם קוביות ארטישוק ושמן זית 420ג ויסוצקי,דליציה דורה אס.אר.אל,IT,זיתא רוטב שקשוקה ארט,יח',1.00,יח',false,,13.80,13.8000,true,1,6853902
7290019233022,false,שקשוקה חצילים- רוטב עגבניות עם קוביות חצילים צלויים,דליציה דורה אס.אר.אל,IT,זיתא רוטב שקשוקה חצי,יח',1.00,יח',false,,13.80,13.8000,true,1,6853904
7290019233046,false,זית קלמטה בלונד עם שמן זית כתית מעולה,זיתא - י.ט.ב תעשיות,IL,זית קלמטה בלונד עם ש,גרמים,215.00,100 גרם,false,,13.50,0.0628,true,1,6824447
7290019297161,false,טורטיות ראפ מקמח תירס 540 ג' 12 יח',דין שיווק,TR,טורטיה ראפ מקמח תירס,גרמים,540.00,100 גרם,false,,9.90,0.0183,true,1,1104049
7290019297451,false,מי ורדים שקדיה 500 מ,אף.סי תבליני בגליל ב,BE,מי ורדים 500 מל,מיליליטרים,500.00,"100 מ""ל",false,,13.90,0.0278,true,1,1122916
7290019297512,false,"רוטב רימונים שקדיה 340 מ""ל בדץ",סיטוגלוגידה,TR,רוטב רימונים שקדיה 3,גרמים,340.00,100 גרם,false,,9.90,0.0291,true,1,1104050
7290019302315,false,"ייו buzz אבטיח מלון 750 מ""ל",יקבי כרמל,IL,באזז אבטיח מלון 750מ,מטרים,750.00,100 מ'ל,false,,22.90,0.0305,true,1,6867264
7290019302636,false,"קרומבכר בירה רביעייה 330 מ""ל",,,קרומבכר בירה רביעיי,ליטרים,1.32,ליטר,false,,24.90,18.8636,true,1,6912254
7290019308041,false,שעועית ירוקה שלמה 800 ג,,,שעועית ירוקה שלמה 80,גרמים,800.00,100 גרם,false,,6.90,0.0086,true,1,6885534
7290019308058,false,שעועית ירוקה חתוכה 800 גרם,,,שעועית ירוקה חתוכה 8,גרמים,800.00,100 גרם,false,,6.90,0.0086,true,1,6885535
7290019308201,false,"מנגו 1ק""ג",,,"מנגו 1ק""ג",יחידה,0.00,יחידה,false,,17.90,0.0000,true,1,6920675
7290019443124,false,"בירה נגב אואזיס 330 מ""ל",הכרם משקאות חריפים ב,IL,בירה נגב אואזיס 330,מטרים,330.00,100 מ'ל,false,,12.90,0.0391,true,1,6892825
7290019462125,false,תרד גוליבר מרינה,מרינה,,תרד גוליבר מרינה,גרמים,200.00,100 גרם,false,,11.90,0.0595,true,1,6925910
7290022005029,false,כורכום טחון רמי לוי 250 גרם,רמי לוי,IL,כורכום טחון רמי לוי,גרמים,250.00,100 גרם,false,,15.90,0.0636,true,1,1196442
7290022005043,false,כמון טחון רמי לוי 250 גרם,רמי לוי,IL,כמון טחון רמי לוי 25,גרמים,250.00,100 גרם,false,,15.90,0.0636,true,1,1196444
7290022005074,false,רוטב עגבניות שרי קלאסי 400 גרם,תבליני מימון,IL,פלפל שחור טחון 50ג' שקית-,גרמים,400.00,100 גרם,false,,13.70,0.0342,true,1,1195057
7290022005081,false,רוטב עגבניות שרי ארביאטה 400 גרם,תבליני מימון,IL,פלפל שחור טחון 50ג' שקית-,גרמים,400.00,100 גרם,false,,13.70,0.0342,true,1,1195058
7290022005098,false,רוטב עגבניות שרי לשקשוקה 400 גרם,תבליני מימון,IL,פלפל שחור טחון 50ג' שקית-,גרמים,400.00,100 גרם,false,,13.70,0.0342,true,1,6910302
7290022005104,false,רוטב עגבניות שרי בזיליקום 400 גרם,תבליני מימון,IL,פלפל שחור טחון 50ג' שקית-,גרמים,400.00,100 גרם,false,,13.70,0.0342,true,1,6910303
7290022005111,false,רוטב עגבניות שרי לפיצה 400 גרם,תבליני מימון,IL,פלפל שחור טחון 50ג' שקית-,גרמים,400.00,100 גרם,false,,13.70,0.0342,true,1,1195061
7290022005173,false,פלפל שחור טחון רמי לוי 100 גרם,רמי לוי,IL,פלפל שחור טחון רמי ל,גרמים,100.00,100 גרם,false,,11.90,0.1190,true,1,1196446
7290022005180,false,פלפל שחור גרוס דק רמי לוי 90 גרם,רמי לוי,IL,פלפל שחור גרוס דק רמ,גרמים,90.00,100 גרם,false,,11.90,0.1322,true,1,1196447
7290022005197,false,פפריקה מתוקה רמי לוי 100 גרם,רמי לוי,IL,פפריקה מתוקה רמי לוי,גרמים,100.00,100 גרם,false,,7.50,0.0750,true,1,1196448
7290022005203,false,כורכום הודי טחון רמי לוי 100 גרם,רמי לוי,IL,כורכום הודי טחון רמי,גרמים,100.00,100 גרם,false,,8.60,0.0860,true,1,1196449
7290022005210,false,כמון רמי לוי 100 גרם,רמי לוי,IL,כמון רמי לוי 100 גרם,גרמים,100.00,100 גרם,false,,8.60,0.0860,true,1,1196450
7290022005227,false,שום טחון רמי לוי 100 גרם,רמי לוי,IL,שום טחון רמי לוי 100,גרמים,100.00,100 גרם,false,,11.90,0.1190,true,1,1196451
7290022005234,false,תיבול לגריל עוף רמי לוי 100 גרם,רמי לוי,IL,תיבול לגריל עוף רמי,גרמים,100.00,100 גרם,false,,8.60,0.0860,true,1,1196452
7290022005241,false,זעתר ושומשום רמי לוי 100 גרם,רמי לוי,IL,זעתר ושומשום רמי לוי,גרמים,100.00,100 גרם,false,,8.60,0.0860,true,1,1196453
7290022005258,false,קינמון טחון רמי לוי 100 גרם,רמי לוי,IL,קינמון טחון רמי לוי,גרמים,100.00,100 גרם,false,,7.90,0.0790,true,1,1196454
7290022005272,false,פפריקה הונגרית מתוקה רמי לוי 100 גרם,רמי לוי,IL,פפריקה הונגרית מתוקה,גרמים,100.00,100 גרם,false,,8.60,0.0860,true,1,1196456
7290022005289,false,שום גבישי רמי לוי 120 גרם,רמי לוי,IL,שום גבישי רמי לוי 12,גרמים,100.00,100 גרם,false,,11.90,0.1190,true,1,1196457
7290022005296,false,אורגנו רמי לוי 40 גרם,רמי לוי,IL,אורגנו רמי לוי 40 גר,גרמים,40.00,100 גרם,false,,7.90,0.1975,true,1,1196458
7290022005326,false,ג'לי לימון רמי לוי 85 גרם,רמי לוי,IL,ג'לי לימון רמי לוי 8,גרמים,85.00,100 גרם,false,,4.10,0.0482,true,1,1196461
7290022005333,false,פודינג וניל רמי לוי 80 גרם,רמי לוי,IL,פודינג וניל רמי לוי,גרמים,90.00,100 גרם,false,,3.50,0.0389,true,1,1196462
7290022005340,false,פודינג שוקולד רמי לוי 90 גרם,רמי לוי,IL,פודינג שוקולד רמי לו,גרמים,90.00,100 גרם,false,,3.50,0.0389,true,1,1196463
7290022005357,false,תערובת בראוניס רמי ל,רמי לוי,IL,תערובת בראוניס רמי ל,גרמים,560.00,100 גרם,false,,13.90,0.0248,true,1,1196464
7290022005364,false,תערובת כדורי שוקולד,רמי לוי,IL,תערובת כדורי שוקולד,גרמים,560.00,100 גרם,false,,13.90,0.0248,true,1,1196465
7290022005371,false,תערובת עוגת וניל רמי לוי 560 גרם,תבליני מימון,IL,תערובת עוגת וניל רמי,גרמים,560.00,100 גרם,false,,13.90,0.0248,true,1,1196466
7290022005555,false,תערובת פילדלפיה מיכל,א.ל ייצור ושיווק תבל,,פילדלפיה,גרמים,120.00,100 גרם,false,,11.50,0.0958,true,1,6549557
7290022005562,false,קריספ פירורי לחם עם שום 300גר,א.ל ייצור ושיווק תבל,IL,קריספ פירורי לחם עם,גרמים,300.00,100 גרם,false,,7.50,0.0250,true,1,6861298
7290055090801,false,כרמית שוקולד לבן ללא תוספת סוכר 85 גרם,כרמית תעשיות ממתקים,IL,כרמית שוקולד לבן ללא,גרמים,85.00,100 גרם,false,,4.90,0.0576,true,1,1018111
7290100240137,false,"תרסיס למייבש כביסה כחול 500 מ""ל בדין","זוהר דליה, קיבוץ דלי",IL,בדין תרסיס למייבש כב,מיליליטרים,500.00,"100 מ""ל",false,,14.90,0.0298,true,1,1022609
7290100240144,false,"תרסיס למייבש כביסה ורוד 500 מ""ל בדין","זוהר דליה, קיבוץ דלי",IL,בדין תרסיס למייבש כב,מיליליטרים,500.00,"100 מ""ל",false,,14.90,0.0298,true,1,1022610
7290100240632,false,קרקר פתית 200-300ג' 6 דגנים 250 גרם,יוניליוור ישראל מזון,IL,פתית 6 דגנים תלמה 25,גרמים,250.00,100 גרם,false,,14.90,0.0596,true,1,1022613
7290100240656,false,"פתית שיפון בד""צ חדש 300X24 גר'",יוניליוור ישראל מזון,IL,פתית שיפון תלמה 300,גרמים,300.00,100 גרם,false,,14.90,0.0497,true,1,1022614
7290100243671,false,מרכך כביסה מרכך כביסה בדין אקסטרה 1 ל',יוניליוור סנאיי וי ט,TR,בדין אקסטרא מרוכז כח,מיליליטרים,960.00,"100 מ""ל",false,,15.90,0.0166,true,1,1022643
7290100245231,false,נמס בכוס מרק בטעם עוף עם אטריות ושקדי מרק-2 שקיות,יוניליוור ישראל מזון,IL,נמס בכוס טעם עוף ושק,גרמים,50.00,100 גרם,false,,6.50,0.1300,true,1,1022667
7290100249598,false,"רוטב לבישול שום ודבש קנור 320ג' בד""צ",יוניליוור ישראל מזון,IL,קנור רוטב שום ודבש ל,גרמים,310.00,100 גרם,false,,9.90,0.0319,true,1,1022746
7290100249659,false,קנור רוטב לעוף צ'ילי ושום 310 גרם-,יוניליוור ישראל מזון,IL,קנור רוטב לעוף צ'ילי,גרמים,310.00,100 גרם,false,,9.90,0.0319,true,1,1022752
7290100412343,false,קוויק מגבונים לניקוי כללי בניחוח לימון 50 יח',די.פי.אל,IL,קוויק מגבונים לניקוי,יח',50.00,יח',false,,7.90,0.1580,true,1,1733088
7290100412442,false,קוויק מגבונים לניקוי שירותים ואמבטיה מנטה 50יח',די.פי.אל,IL,קוויק מגבונים לניקוי,יח',50.00,יח',false,,7.90,0.1580,true,1,1733091
7290100412459,false,מטליות לחות לניקוי וחיטוי אמבטיה ושירותים לבנדר,די.פי.אל,IL,קוויק מגבונים לניקוי,יח',50.00,יח',false,,7.90,0.1580,true,1,1733092
7290100412770,false,"ד""ר עור - תחליב רחצה קלאסי בניחוח מאסק 700 מ""ל","אמיליה קוסמטיקס בע""מ",IL,"ד""ר עור תחליב רחצה מ",מיליליטרים,700.00,"100 מ""ל",false,,14.90,0.0213,true,1,5120321
7290100412787,false,"ד""ר עור - תחליב רחצה קלאסי בניחוח פריחת הכותנה 700 מ""ל","אמיליה קוסמטיקס בע""מ",IL,"ד""ר עור תחליב רחצה כ",מיליליטרים,700.00,"100 מ""ל",false,,14.90,0.0213,true,1,5120322
7290100412800,false,"תחליב רחצה לעור יבש וילד פלאור דר עור 700 מ""ל","אמיליה קוסמטיקס בע""מ",IL,"ד""ר עור תחליב רחצה ל",מיליליטרים,700.00,"100 מ""ל",false,,14.90,0.0213,true,1,5120323
7290100412831,false,תחליב רחצה אנטי אייג'ינג בניחוח וניל טרופי,"אמיליה קוסמטיקס בע""מ",IL,"ד""ר עור תחליב רחצה א",יח',1.00,יח',false,,14.90,14.9000,true,1,5120324
7290100653463,false,"פלמוליב - ארומה ג'ל רחצה מסאז' 500 מ""ל",קולגייט פלמוליב,IT,פלמוליב סבון נוזלי ס,מיליליטרים,500.00,"100 מ""ל",false,,15.90,0.0318,true,1,1018135
7290100658338,false,"נוזל לניקוי כלים אוקסי פלוס פלמוליב 750 מ""ל",הנסיך- מפעל לייצור ט,GR,נוזל לניקוי כלים אוק,מיליליטרים,750.00,"100 מ""ל",false,,11.90,0.0159,true,1,1018147
7290100680650,false,מנה חמה נודלס-אטריות ירקות טעם תאילנדי אסם 76 ג',THAI PRESIDENT FOODS,TH,מנה חמה נודלס בסגנון,גרמים,76.00,100 גרם,false,,4.90,0.0645,true,1,1020932
7290100680667,false,מנה חמה נודלס-אטריות+ירקות טעם סצ'ואן,THAI PRESIDENT FOODS,TH,מנה חמה נודלס בסגנון,גרמים,76.00,100 גרם,false,,4.90,0.0645,true,1,1020933
7290100680711,false,פירורית זהב אסם זהב 350ג',עינת תעשיות מזון אגו,IL,פירורית זהב אסם 350,גרמים,350.00,100 גרם,false,,7.90,0.0226,true,1,1020935
7290100680728,false,פירורית רגילה שקית 350 גרם,מיוצר עי קונדיטוריית,IL,פירורית אסם 350 גרם,גרמים,350.00,100 גרם,false,,6.90,0.0197,true,1,1020936
7290100681015,false,אינסטנט פודינג בטעם ריבת חלב אסם 84 גרם,מיוצר עי קונדיטוריית,IL,אינסטנט פודינג בטעם,גרמים,84.00,100 גרם,false,,4.90,0.0583,true,1,1020939
7290100681138,false,מארז אפרופו חטיף תירס 3 יחידות,"אסם תעשיות בע""מ",IL,חטיף אפרופו תירס אסם,גרמים,150.00,100 גרם,false,,12.90,0.0860,true,1,1020941
7290100681503,false,עסיס סירופ לימונענע דיאטטי 1 ליטר,בית-השיטה עסיס תעשיו,IL,סירופ דיאט לימונענע,ליטרים,1.00,ליטר,false,,17.90,17.9000,true,1,1020945
7290100681510,false,סירופ דיאט בטעם אשכולית אדומה עסיס 1 ליטר,בית-השיטה עסיס תעשיו,IL,סירופ דיאט בטעם אשכו,ליטרים,1.00,ליטר,false,,17.90,17.9000,true,1,1020946
7290100683880,false,תבשילים משפחתיים פירה 260 גרם,"אסם השקעות בע""מ",IL,פירה להכנה מהירה אסם,גרמים,260.00,100 גרם,false,,13.90,0.0535,true,1,1020964
7290100684139,false,פסטה מיני מקרוני אסם 500 גרם,פסטה זארה,IT,פסטה מיני מקרוני אסם,גרמים,500.00,100 גרם,false,,4.90,0.0098,true,1,1020965
7290100685136,false,"אבקת מרק בטעם עוף אסם 1 ק""ג","אסם תעשיות בע""מ",IL,אבקת מרק בטעם עוף אס,גרמים,1000.00,100 גרם,false,,12.90,0.0129,true,1,1020975
7290100685334,false,אבקת מרק עוף אמיתי בשרי רכיבים טבעיים אסם 400 גרם,"אסם תעשיות בע""מ",IL,אבקת מרק עוף אמיתי ב,גרמים,400.00,100 גרם,false,,19.90,0.0497,true,1,1020979
7290100685341,false,אבקת מרק טעם עוף זך רכיבים טבעיים אסם 400 גרם,"אסם תעשיות בע""מ",IL,אבקת מרק טעם עוף זך,גרמים,400.00,100 גרם,false,,13.90,0.0348,true,1,1020980
7290100685563,false,פירורית זהב אסם מארז 200X2ג',קריות זול,IL,פירורית זהב שקית 2*2,גרמים,400.00,100 גרם,false,,7.90,0.0198,true,1,1020984
7290100686164,false,מארז מולטיפק ביסלי ברביקיו 6 יח 35 גר יח,מיוצר עי קונדיטוריית,IL,ביסלי חטיף בטעם ברבי,גרמים,210.00,100 גרם,false,,12.90,0.0614,true,1,1020990
7290100686171,false,מארז מולטיפק ביסלי גריל 6 יח 35 גר ליח,"אסם תעשיות בע""מ",IL,ביסלי חטיף בטעם גריל,גרמים,210.00,100 גרם,false,,12.90,0.0614,true,1,1020991
7290100688618,false,גביעי גלידה ממותקים בטעם שוקו 24 יח',"גילרו בע""מ",IL,גביעי גלידה בטעם שוק,יח',24.00,יח',false,,14.90,0.6208,true,1,1021004
7290100689301,false,אבקת מרק בטעם עוף זך עדיף אסם 400 גרם,"אסם השקעות בע""מ",IL,אבקת מרק בטעם עוף זך,גרמים,400.00,100 גרם,false,,13.90,0.0348,true,1,1021011
7290100700006,false,"סוגת חיטה 1 ק""ג","סוגת תעשיות בע""מ",IL,"חיטה 1 ק""ג",יח',1.00,יח',false,,8.80,8.8000,true,1,1022921
7290100700020,false,סוגת גריסי פנינה 500 גרם,האי נאם סי או אל.טי.,IL,גריסי פנינה 500 גר,גרמים,500.00,100 גרם,false,,4.50,0.0090,true,1,1022922
7290100700075,false,סוגת פירורי לחם מוזהבים 200 גרם,"סוגת תעשיות בע""מ",IL,פירורי מאפה מוזהבים 200 ג,גרמים,200.00,100 גרם,false,,3.90,0.0195,true,1,1022924
7290100700242,false,"סוגת אורז מלא עגול 1 ק""ג","סוגת תעשיות בע""מ",IL,"אורז עגול מלא 1 ק""ג",גרמים,1000.00,100 גרם,false,,9.90,0.0099,true,1,1022925
7290100700266,false,פירורי לחם לבנים 200 ג' סוגת,"סוגת תעשיות בע""מ",IL,פירורי לחם לבנים 200 גר,גרמים,200.00,100 גרם,false,,3.90,0.0195,true,1,1022926
7290100700273,false,קינואה לבנה 500 ג סו,האי נאם סי או אל.טי.,IL,קינואה 500 גר,גרמים,500.00,100 גרם,false,,12.50,0.0250,true,1,1022927
7290100700310,false,"סוגת כוסמת סוגת 1ק""ג","סוגת תעשיות בע""מ",IL,"כוסמת 1 ק""ג",גרמים,1000.00,100 גרם,false,,13.80,0.0138,true,1,1022929
7290100700334,false,קינואה לבנה 1 קג סוג,"סוגת תעשיות בע""מ",IL,סוגת קינואה 1קג,קילו,1.00,קילו,false,,19.90,19.9000,true,1,1521249
7290100700372,false,"סוגת אורז בסמטי מלא 1 ק""ג",האי נאם סי או אל.טי.,IL,"אורז בסמטי 1מלא ק""ג",גרמים,1000.00,100 גרם,false,,13.90,0.0139,true,1,1022932
7290100700389,false,"אורז אדום 1 ק""ג ""סוגת""",סוגת תעשיות בעמ,IL,"אורז אדום 1 ק""ג",גרמים,1000.00,100 גרם,false,,9.90,0.0099,true,1,1022933
7290100700396,false,"סוגת אורז יסמין קלאסי 1 ק""ג",האי נאם סי או אל.טי.,IL,סוגת אורז יסמין קלאס,גרמים,1000.00,100 גרם,false,,11.80,0.0118,true,1,1022934
7290100700419,false,"סוגת בורגול 1 ק""ג","סוגת תעשיות בע""מ",IL,"בורגול 1 ק""ג",גרמים,1000.00,100 גרם,false,,7.50,0.0075,true,1,1022936
7290100700563,false,"סוגת אורז מיקס קלאסי 1 ק""ג",סוגת תעשיות בעמ,IL,"אורז מיקס קלאסי 1 ק""ג",גרמים,1000.00,100 גרם,false,,9.90,0.0099,true,1,1022940
7290100700587,false,"בורגול ""סוגת"" 500 גרם",האי נאם סי או אל.טי.,IL,בורגול 500 גר,גרמים,500.00,100 גרם,false,,4.50,0.0090,true,1,1022941
7290100701126,false,סוגת שעועית מש סוגת 500 גרם,סוגת תעשיות בעמ,IL,שעועית מאש 500 גרם,גרמים,500.00,100 גרם,false,,11.90,0.0238,true,1,1022966
7290100701140,false,"אורז ריזוטו ארבוריו 1 ק""ג ""סוגת""","סוגת תעשיות בע""מ",IL,אורז ארבוריו,גרמים,1000.00,100 גרם,false,,12.90,0.0129,true,1,1022967
7290100701157,false,אורז להכנת סושי סוגת,סוגת תעשיות בעמ,IL,אורז סושי,גרמים,1000.00,100 גרם,false,,11.90,0.0119,true,1,1022968
7290100701300,false,סוגת קינואה אדומה 500גרם,סוגת,,סוגת קינואה אדומה 50,גרמים,500.00,100 גרם,false,,12.80,0.0256,true,1,1022975
7290100701331,false,קמח רב תכליתי שטיבל קמח חיטה לבן בהיר,"שטיבל בע""מ - טחנות ק",IL,קמח רב תכליתי,לקג,1.00,לקג,false,,6.90,6.9000,true,1,1022977
7290100701348,false,"קמח שיפון מלא 1 ק""ג סוגת",שטיבל טחנות קמח,IL,קמח שיפון מלא,לקג,1.00,לקג,false,,6.90,6.9000,true,1,1022978
7290100701454,false,סוגת גרישה סוגת 500 גרם,"סוגת תעשיות בע""מ",IL,גרישה 500 גרם,גרמים,500.00,100 גרם,false,,4.50,0.0090,true,1,1022985
7290100701577,false,קמח לחם קמח חיטה לבן שטיבל,שטיבל טחנות קמח,IL,קמח לחם,לקג,1.00,לקג,false,,6.90,6.9000,true,1,1022996
7290100701874,false,"קמח כוסמין 1 ק""ג סוגת",טחנות קמח שטיבל באר,IL,קמח כוסמין מלא + 12,לקג,1.00,לקג,false,,12.90,12.9000,true,1,1023010
7290100701881,false,קמח פיצה ופוקצ'ה- קמח חיטה לבן בהיר שטיבל,"שטיבל בע""מ - טחנת קמ",IL,קמח פיצה ופוקצ'ה,לקג,1.00,לקג,false,,6.90,6.9000,true,1,1023011
7290100702260,false,סוגת קוסקוס דק 350 גרם,"אסיף תעשיות מזון בע""",IL,קוסקוס דק 350 גרם,גרמים,350.00,100 גרם,false,,4.90,0.0140,true,1,1023019
7290100702277,false,סוגת קוסקוס עבה 350 גרם,"אסיף תעשיות מזון בע""",IL,קוסקוס עבה 350 גרם,גרמים,350.00,100 גרם,false,,4.90,0.0140,true,1,1023020
7290100702284,false,קוסקוס מלא סוגת 350 גרם,"אסיף תעשיות מזון בע""",IL,קוסקוס מלא 350 גרם,גרמים,350.00,100 גרם,false,,4.90,0.0140,true,1,1023021
7290100702314,false,שעועית שחורה 500 גרם סוגת,סוגת תעשיות בעמ,IL,שעועית שחורה 500 גר,גרמים,500.00,100 גרם,false,,12.90,0.0258,true,1,1082111
7290100702383,false,קמח תופח מס' 13 סוגת,שטיבל טחנות קמח,IL,קמח תופח,קילו,1.00,קילו,false,,6.90,6.9000,true,1,1023022
7290100702604,false,קמח פולנטה להכנה מהירה 500 ג',מולינו פילה,IT,פולנטה 500 גרם,גרמים,500.00,100 גרם,false,,8.90,0.0178,true,1,1063804
7290100702611,false,פתיתים אפויים אורז סוגת 500 גרם,"אסיף תעשיות מזון בע""",IL,פתיתים אפויים אורז 500 גר,גרמים,500.00,100 גרם,false,,4.90,0.0098,true,1,1023034
7290100702628,false,פתיתים אפויים קוסקוס סוגת 500 גרם,"אסיף תעשיות מזון בע""",IL,פתיתים אפויים קוסקוס 500,גרמים,500.00,100 גרם,false,,4.90,0.0098,true,1,1023035
7290100702635,false,פתיתים אפויים כוכבים סוגת 500 ג',"אסיף תעשיות מזון בע""",IL,פתיתים אפויים כוכבים 500,גרמים,500.00,100 גרם,false,,4.90,0.0098,true,1,1023036
7290100702659,false,פתיתים אפויים מקמח מלא סוגת 400ג',"אסיף תעשיות מזון בע""",IL,פתיתים אפויים Kids חיות 4,גרמים,400.00,100 גרם,false,,4.90,0.0123,true,1,1178549
7290100702994,false,סוגת סוכר דמררה קלאסי בשקית 500 גרם,"סוגת תעשיות בע""מ",IL,סוכר דמררה קלאסי בשק,גרמים,500.00,100 גרם,false,,4.90,0.0098,true,1,1189037
7290100703007,false,"עדשים שחורות בלוגה 500 גרם ""סוגת""",האי נאם סי או אל.טי.,IL,סוגת עדשים שחורות בל,גרמים,500.00,100 גרם,false,,7.80,0.0156,true,1,1225151
7290100703458,false,כוסמת לא קלוי 500 ג' סוגת,סוגת תעשיות בעמ,IL,כוסמת 500 גר,גרמים,500.00,100 גרם,false,,8.90,0.0178,true,1,2329231
7290100703533,false,קמח קסם תערובת קמח עם שמרים,"שטיבל בע""מ",IL,סוגת קמח קסם רב תכלי,קילו,1.00,קילו,false,,7.90,7.9000,true,1,2578584
7290100703861,false,"קמח תערובת קסם לחלה 1 ק""ג ""סוגת""","שטיבל בע""מ",IL,סוגת קמח קסם מנופה ל,קילו,1.00,קילו,false,,7.90,7.9000,true,1,3567634
7290100703915,false,פופקורן להכנה במיקרוגל בטעם חמאה - מארז 6 שקיות,סוגת,IL,סוגת פופקורן למיקרוג,גרמים,540.00,100 גרם,false,,9.90,0.0183,true,1,5506647
7290100703922,false,פופקורן להכנה במיקרוגל בטעם טבעי - מארז 6 שקיות,סוגת,IL,סוגת פופקורן למיקרוג,גרמים,540.00,100 גרם,false,,9.90,0.0183,true,1,5506648
7290100704608,false,שעועית לבנה עדינה סוגת 500 גר',"שטיבל בע""מ",IL,שעועית לבנה עדינה 50,גרמים,500.00,100 גרם,false,,6.90,0.0138,true,1,6766045
7290100704622,false,סוגת סוכר דמררה דק דק צנצנת 500 גר,סוגת תעשיות בעמ,IL,סוגת סוכר דמררה דק ד,גרמים,500.00,100 גרם,false,,7.90,0.0158,true,1,6806658
7290100704660,false,"קינואה מיקס סוגת, 500 גרם","סוגת תעשיות בע""מ",IL,סוגת קינואה מיקס 500,גרמים,500.00,100 גרם,false,,12.50,0.0250,true,1,6783648
7290100850909,false,דוריטוס נאצ'ו מקסיקני 70 גרם,שטראוס פריטו ליי (מל,IL,דוריטוס נאצ'ו מקסיקנ,גרמים,70.00,100 גרם,false,,3.90,0.0557,true,1,1026797
7290100850916,false,דוריטוס חמוץ חריף מעודן 70 גרם כשר לפסח,"שטראוס פריטו ליי בע""",IL,דוריטוס בטעם חמוץ חר,גרמים,70.00,100 גרם,false,,3.20,0.0457,true,1,1026798
7290100850923,false,דוריטוס בטעם גריל 70 גרם,שטראוס פריטו ליי (מל,IL,דוריטוס בטעם גריל 70,גרמים,70.00,100 גרם,false,,3.20,0.0457,true,1,1026799
7290100850930,false,דוריטוס בטעם טבעי 70 גרם,שטראוס פריטו ליי (מל,IL,דוריטוס בטעם טבעי 70,גרמים,70.00,100 גרם,false,,3.20,0.0457,true,1,1026800
7290100858608,false,אבקת קקאו עלית שקית 500 ג',שטראוס גרופ,IL,קקאו 500 גרם,גרמים,500.00,100 גרם,false,,23.90,0.0478,true,1,1018831
7290100921616,false,סוד סבון לאסלה 4 כדוריות בניחוח אורנים 50 ג',הנקל סוד,HU,סוד סבון אסלה בניחוח אורנ,יח',1.00,יח',false,,7.90,7.9000,true,1,1055434
7290100922569,false,קרם לטיפוח עוד הידיים והגוף- מארז שלישייה,טרופיקל דגיל,IL,ולווטה קרם רב שימושי,מיליליטרים,300.00,"100 מ""ל",false,,16.90,0.0563,true,1,1118477
7290100922637,false,"סבון נוזלי מ.קוקוס הוואי שלישיה * 500 מ""ל",הנקל סוד,,הוואי סבון נוזלי כחו,ליטרים,1.50,ליטר,false,,14.90,9.9333,true,1,1385618
7290100924204,false,"פרסיל אבקה לכביסה רגיל 8 ק""ג",פרסיל Persil,IL,אבקת כביסה פרסיל 8 קילו,קילוגרמים,8.00,"ק""ג",false,,49.90,6.2375,true,1,1075308
7290100924457,false,כדוריות סבון נתלה לאסלה לימון רענן - 3 יח',הנקל סוד,HU,סוד מארז כדוריות*3 לימון,3 יח',1.00,3 יח',false,,14.80,14.8000,true,1,1165423
7290100924464,false,כדוריות סבון נתלה לאסלה עם אקונומיקה - 3 יח',הנקל סוד,HU,סוד מארז כדוריות*3 אקונומ,3 יח',1.00,3 יח',false,,14.80,14.8000,true,1,1165424
7290100925669,false,קולור קאצ'ר - דפים למכונת כביסה 10 יח',הנקל סוד,IE,קולור קאצ'ר - 10 דפי,10 יח',1.00,10 יח',false,,12.90,12.9000,true,1,1661186
7290100925751,false,"סוד נוזל כלים תפוח 650 מ""ל",סוד,IL,סוד נוזל לכלים ליים 1.250,מיליליטרים,650.00,"100 מ""ל",false,,5.90,0.0091,true,1,1785622
7290100925775,false,נוזל כלים רימון ותאנים סוד 650 מל,הנקל סוד,IL,סוד נוזל לכלים ליים 1.250,מיליליטרים,650.00,"100 מ""ל",false,,5.90,0.0091,true,1,1785624
7290100927717,false,"פרסיל קולור אבקת כביסה 5 ק""ג -מרכז",פרסיל Persil,IL,פרסיל אבקת כביסה קולור 5,קילוגרמים,5.00,"ק""ג",false,,42.90,8.5800,true,1,1049772
7290101031550,false,שקית רב פעמית ורודה,רמי לוי,,שקית רב פעמית ורודה,יח',1.00,יח',false,,2.90,2.9000,true,1,1034686
7290101110149,false,גלידה בלסימו וניל עם פליק 1.3 ל' פלדמן,"פלקו בע""מ",IL,בליסימו פרורים 1.3לי,ליטרים,1.30,ליטר,false,,18.90,14.5385,true,1,5381293
7290101110460,false,גלידה בליסימו וניל צרפתי 1.3 ל' פלדמן,"פלקו בע""מ",IL,בליסימו וניל צרפתי 1,ליטרים,1.30,ליטר,false,,18.90,14.5385,true,1,5381296
7290101110477,false,גלידה בקלאווה 1.8 ליטר,,IL,חגיגה בקלאווה 1.8ל,ליטרים,1.80,ליטר,false,,22.90,12.7222,true,1,6726684
7290101112112,false,גלידה טירמיסו דיזרט 1.8 ליטר,"פלקו בע""מ",IL,גלידת דיזרט טירמיסו,ליטרים,1.80,ליטר,false,,22.90,12.7222,true,1,6726685
7290101112228,false,"שמיניית גלידל פרי אננס ""פלדמן""",הגלידות של פלדמן,IL,גלידל פרי שמיניה אננ,גרמים,800.00,100 גרם,false,,20.90,0.0261,true,1,5381500
7290101112518,false,מאגדת קרחוני אייס קפוצינו 6 יח,"פלקו בע""מ",IL,פלדמן מאגדת אייס קפה,גרמים,80.00,100 גרם,false,,19.90,0.2487,true,1,5381303
7290101112921,false,"גלידל פרי פירות טרופים לל""ס 8 יחידות",הגלידות של פלדמן,IL,גלידל פרי פירות טרופ,גרמים,640.00,100 גרם,false,,20.90,0.0327,true,1,5381502
7290101112990,false,גרניטה בטעם קוקוס שישיה 480 ג',פלקו בעמ,IL,גרניטה קוקוס 6 יח,גרמים,80.00,6 גרם,false,,19.90,0.2487,true,1,5381312
7290101113430,false,מאגדת גלידל שוקולד עם סירופ 6 יח',הגלידות של פלדמן,IL,מאגדת גלידל שוקולד ע,יח',1.00,יח',false,,20.90,20.9000,true,1,6780559
7290101113447,false,עשירייה גלידל מיני קסטה בטעמי שוקו ווניל 270 ג' פלדמן,הגלידות של פלדמן,IL,גלידל מיני קסטה שוקו,יח',1.00,יח',false,,29.50,29.5000,true,1,6817529
7290101113454,false,מאגדת גלידל יוגורט אפרסק 8 יח 480 גרם,הגלידות של פלדמן,IL,גלידת יוגורט אפרסק,יח',1.00,יח',false,,28.90,28.9000,true,1,6700480
7290101113584,false,טילון שוקולד לבן עם ליבת שוקולד - מאגדת יולו [5],הגלידות של פלדמן,IL,מאגדת טילון יולו שוק,יח',1.00,יח',false,,18.70,18.7000,true,1,6780560
7290101113591,false,מאגדת טילונים יולי 5 יחידות שוקולד לבן ועוגיות,הגלידות של פלדמן,IL,מאגדת טילון יולו שוק,יח',1.00,יח',false,,18.70,18.7000,true,1,6780561
7290101113638,false,מאגדת סנקור ארוך 8 יח',פלקו בעמ,IL,מאגדת סנקור ארוך 8יח,יח',1.00,יח',false,,26.90,26.9000,true,1,6780564
7290101113768,false,מאגדת שלגון עוגיות ושוקולד חלב רביעיה * 50 ג' יולו,הגלידות של פלדמן,IL,מאגדת שלגון יולו עוג,גרמים,200.00,100 גרם,false,,18.90,0.0945,true,1,6836606
7290101113829,false,מאגדת (5) יופלה שייק פרי מנגו 70 אחוז פרי 350 גרם,הגלידות של פלדמן,IL,מאגדת שלגון יופלה שי,גרמים,350.00,100 גרם,false,,19.90,0.0569,true,1,6836608
7290101450559,false,בלונים 100 יח פסטל,,,בלונים 100יח,יח',1.00,יח',false,,22.00,22.0000,true,1,6224196
7290101450689,false,שקית 50 פסטל,NORTHERN,CN,שקית 50 פסטל,יח',1.00,יח',false,,7.90,7.9000,true,1,5806336
7290101454151,false,נרות ג'מבו כוכבים - סמי הכבאי,סודי,,נרות ג'מבו כוכבים סמ,יח',1.00,יח',false,,6.00,6.0000,true,1,1172862
7290101486688,false,חטיף דגנים עם שוקולד ללא גלוטן וסוכר פרי 5*20 גרם,טבעית מוצרים מן הטבע,IL,חטיף דגנים עם שוקולד,גרמים,100.00,100 גרם,false,,15.90,0.1590,true,1,1018169
7290101488286,false,"ליידי ספיד סטיק - דאודורנט ספריי לאישה 24/7 פרש פיוזן ורוד 150 מ""ל",ליידי ספיד סטיק Lady Speed Stick,RU,ליידי ספיידסטיק ספרי,מיליליטרים,150.00,"100 מ""ל",false,,13.90,0.0927,true,1,1018184
7290101488323,false,ליידי ספיד סטיק - דאודורנט סטיק לאישה ללא סימן ירוק סטיק 65 גרם,ליידי ספיד סטיק Lady Speed Stick,US,דאודורנט ללא סימן פא,גרמים,65.00,100 גרם,false,,16.90,0.2600,true,1,1018188
7290101551027,false,קפסולות קפה אספרסו חזק במיוחד 14 עלית 10 יח',הנסיך- מפעל לייצור ט,IL,קפסולות 14 למכונת נס,יח',1.00,יח',false,,15.90,15.9000,true,1,5713509
7290101551263,false,סילאן טבעי ללא תוספת סוכר,מכוורת יד מרדכי,IL,סילאן טבעי 700 גר,גרמים,700.00,100 גרם,false,,19.90,0.0284,true,1,5360452
7290101551300,false,סילאן טבעי ללא תוספת סוכר בקבוק לחיץ,מכוורת יד מרדכי,IL,סילאן טבעי לחיץ 380,גרמים,380.00,100 גרם,false,,13.90,0.0366,true,1,5360453
7290101551584,false,תפוצ'יפס קידס מארז 10 יח' * 20 ג',"שטראוס פריטו ליי בע""",IL,מארז תפוציפס קידס 20,גרמים,200.00,100 גרם,false,,12.90,0.0645,true,1,5392568
7290101551614,false,חטיף צ'יטוס קראנץ בטעם גבינה - מארז 8 יח',שטראוס פריטו ליי (מל,IL,מארז ציטוס קראנצ 30*,גרמים,240.00,100 גרם,false,,10.90,0.0454,true,1,5392570
7290101551638,false,חטיף צ'יטוס כאפה בטעם קטשופ - מארז 10 יח',"שטראוס פריטו ליי בע""",IL,מארז ציטוס 20*10 ג,יח',20.00,יח',false,,12.90,0.6450,true,1,5392572
7290101863410,false,"סיליט באנג ספריי ניקוי עוצמתי מכיל אקונומיקה 750 מ""ל",סיליט באנג Cillit Bang,PL,"CILIT,IL,BANG 12X750ML VE",מיליליטרים,750.00,"100 מ""ל",false,,12.50,0.0167,true,1,1036997
7290101864127,false,"ספריי להסרת כתמים 750 מ""ל וניש קליה",קליה וניש Kalia Vanish,IL,Vanish Spray SOLO 750ml 1,מיליליטרים,750.00,"100 מ""ל",false,,16.80,0.0224,true,1,1037003
7290101865261,false,"פיניש נוזל הברקה למדיח 800 מ""ל",רקיט בנקיזר,PL,"FINSH,IL,RA S&D R 12X800M",מיליליטרים,800.00,"100 מ""ל",false,,19.90,0.0249,true,1,1037020
7290101866633,false,וניש קליה גל להסרת כתמים 3 ליטר אוקסיפרש,קליה וניש Kalia Vanish,IL,Vanish 3L Pink (Titan)*6,ליטרים,3.00,ליטר,false,,28.90,9.6333,true,1,1037061
7290101866787,false,וניש קליה נוזל מסיר כתמים לכביסה לבנה 3 ליטר,קליה וניש Kalia Vanish,IL,Vanish 3L White (Titan)*6,ליטרים,3.00,ליטר,false,,28.90,9.6333,true,1,1037068
7290101868460,false,"קולון 101 אבקת כביסה 8 ק""ג",רקיט בנקיזר,IL,Colon 101 8KG,קילוגרמים,8.00,"ק""ג",false,,54.90,6.8625,true,1,1037119
7290101868958,false,פיניש נוזל הברקה למדיח בניחוח לימון,רקיט בנקיזר,PL,"FINSH,IL,S&D L 12X800ML",מיליליטרים,800.00,"100 מ""ל",false,,19.90,0.0249,true,1,1115299
7290101869702,false,"ג 'ל פיניש AIO MAX מרוכז למדיח 600מ""ל",פיניש רקיט בנקיזר,PL,"FINSH,IL,600ml x 6Fresh",מיליליטרים,600.00,"100 מ""ל",false,,31.90,0.0532,true,1,1170800
7290101869726,false,פיניש ג'ל למדיח כלים 1 ליטר ALL IN 1,רקיט בנקיזר,PL,"FINSH,IL,1000ml x 5REG",ליטרים,1.00,ליטר,false,,42.50,42.5000,true,1,1170802
7290101869733,false,פיניש ג'ל למדיח כלים בניחוח לימון 1 ליטר ALL IN 1,רקיט בנקיזר,PL,"FINSH,IL,1000ml x 5LEM",ליטרים,1.00,ליטר,false,,42.50,42.5000,true,1,1170803
7290101869764,false,אירוויק מכשיר אוטומט+מילוי בניחוח חלום ליל קיץ,רקיט בנקיזר,HU,"AWICK,IL,WT SUMDX4 W NCL",יח',1.00,יח',false,,39.90,39.9000,true,1,1165782
7290101869788,false,"אירוויק ספריי אוטומטי מילוי בניחוח אואזיס 250 מ""ל*",איירוויק Air Wick,HU,"AWICK,IL,TURQ OASIS,12X25",מיליליטרים,250.00,"100 מ""ל",false,,14.90,0.0596,true,1,1165784
7290101869795,false,"מטהר אוויר אירוויק ספריי מילוי חלום ליל קיץ 250 מ""ל",איירוויק Air Wick,HU,"AWICK,IL,SMER DLGHTS12X25",מיליליטרים,250.00,"100 מ""ל",false,,14.90,0.0596,true,1,1165785
7290101869818,false,"אירוויק מכשיר חשמלי+מילוי בניחוח חלום ליל קיץ 19 מ""ל",איירוויק Air Wick,HU,"AWICK,IL,ELCOMPL SUMX6 U",מטרים,19.00,100 מ'ל,false,,19.90,1.0474,true,1,1165762
7290101869917,false,"אירוויק פרשמטיק מילוי היער הקסום 250 מ""ל*",איירוויק Air Wick,GB,"AWICK,IL,MYSTI GARDEN 12X",מיליליטרים,250.00,"100 מ""ל",false,,14.90,0.0596,true,1,1165790
7290101869962,false,"אירוויק מקלות ריחניים בניחוח חלום ליל קיץ 30 מ""ל",איירוויק Air Wick,HU,"AWICK,IL,REED SUM 30MLx5",100 מל,30.00,100 מל,false,,14.80,0.4933,true,1,1165792
7290101869979,false,"אירוויק מקלות ריחניים בניחוח אואזיס 30 מ""ל",איירוויק Air Wick,HU,"AWICK,IL,Westl TURO U 30M",100 מל,30.00,100 מל,false,,14.80,0.4933,true,1,1165793
7290102006441,false,זר יום הולדת לראש עם פרחים-לבן,שמחה זה אנחנו,CN,זר יום הולדת לראש עם,יח',1.00,יח',false,,9.00,9.0000,true,1,1289108
7290102030330,false,תפוצ'יפס קראנצ' בטעם מקסיקני 200 גרם,"שטראוס פריטו ליי בע""",IL,תפוצ'יפס קראנצ' בטעם,גרמים,200.00,100 גרם,false,,9.90,0.0495,true,1,1026806
7290102031276,false,מארז 8 יחידות אקטימל משקה יוגורט בטעם תות בננה,מיוצר עי קונדיטוריית,IL,יוגורט אקטימל תות בנ,מיליליטרים,800.00,"100 מ""ל",false,,19.90,0.0249,true,1,1033267
7290102032334,false,אבקה להכנת משקה קפה בטעם וניל,STRAUSS-ISRAEL,IL,קפה נמס וניל 200 גרם,גרמים,200.00,100 גרם,false,,19.90,0.0995,true,1,1018849
7290102060764,false,מרידול מברשת שיניים אריזת זוג,יבואן ומשווק: ש. שסט,CH,מרידול זוג מברשות שי,יח',2.00,יח',false,,34.90,17.4500,true,1,1018197
7290102060979,false,אלמקס משחת שיניים למניעת עששת 100 מל,יבואן ומשווק: ש. שסט,PL,משחת שיניים אלמקס 10,מיליליטרים,100.00,"100 מ""ל",false,,18.90,0.1890,true,1,1018199
7290102062195,false,"משחת שיניים לילדים לגילאי 6-12 אלמקס 75 מ""ל",יבואן ומשווק: ש. שסט,PE,משחת שיניים לילדים ל,מטרים,75.00,100 מ'ל,false,,15.90,0.2120,true,1,1018200
7290102300815,false,"גבינת צ'דר אנגלית כתומה פרוס, 200 גרם",שבינגטון,GB,גבינת צ'דר אנגלית כת,גרמים,200.00,100 גרם,false,,24.90,0.1245,true,1,1242716
7290102300822,false,גבינה צ'דר אנגלית כתומה 200 ג',דאולי צ'יסמייקרס,GB,*מבצע* גבינת צדר אנג,גרמים,200.00,100 גרם,false,,19.90,0.0995,true,1,1242717
7290102302246,false,גבינת גאודה הולנדית 200 גרם,מיוצר עי קונדיטוריית,NL,גאודה פרה 200 גר,גרמים,200.00,100 גרם,false,,21.90,0.1095,true,1,4622669
7290102302253,false,"גבינת גאודה עיזים חצי קשה 34%, 200 גרם",מיוצר עי קונדיטוריית,NL,גאודה עיזים 200 גר,גרמים,200.00,100 גרם,false,,29.70,0.1485,true,1,4622670
7290102302833,false,גבינת גאודה הולנדית 150 גרם,קאסמאקרי הנרי ויליך,NL,גאודה הולנדית פרוסה,גרמים,150.00,100 גרם,false,,20.90,0.1393,true,1,6784004
7290102302840,false,נני גאודה עיזים פרוסה 150 גר,מיוצר עי קונדיטוריית,NL,נני גאודה עיזים פרוס,גרמים,150.00,100 גרם,false,,31.50,0.2100,true,1,6784005
7290102302864,false,גבינה הולנדית עם פסטו ירוק 34%,הנרי ויליך Henri Willig,NL,גאודה פסטו ירוק 200ג,גרמים,200.00,100 גרם,false,,29.70,0.1485,true,1,6712873
7290102303977,false,גוש טונה בשמן זית רוברט 140 גרם,רמירז אנד קה פילהאוס,PT,סיימן גוש טונה בשמן,גרמים,140.00,100 גרם,false,,11.90,0.0850,true,1,6920955
7290102390427,false,יוגורט ביו עם קציפת תות 3% שומן 150 ג' מולר,מולר Muller,IL,יוגורט פרופ תות 3% מ,מיליליטרים,150.00,"100 מ""ל",false,,4.80,0.0320,true,1,1012687
7290102390465,false,יוגורט ביו עם קציפת אפרסק ופסיפלורה 3% שומן 150 ג' מולר,מולר Muller,IL,יוגורט פרופ אפרסק פס,מיליליטרים,150.00,"100 מ""ל",false,,4.80,0.0320,true,1,1012689
7290102390489,false,יוגורט ביו עם קציפת לימון 3% שומן 150 ג' מולר,מולר Muller,IL,יוגורט פרופ לימון 3%,מיליליטרים,150.00,"100 מ""ל",false,,4.80,0.0320,true,1,1012690
7290102391844,false,יוגורט ביו עם קציפת פירות יער3% שומן 150 ג' מולר,מולר Muller,IL,יוגורט פרופ פירות יע,מיליליטרים,150.00,"100 מ""ל",false,,4.80,0.0320,true,1,1012700
7290102392049,false,גבינה לאפיה תבור ללא תוספת מלח 5% משק צוריאל 500 גרם,מחלבת משק צוריאל,IL,גבינה לאפיה תבור ללא,גרמים,500.00,100 גרם,false,,22.90,0.0458,true,1,1012703
7290102392094,false,חלב עיזים מלא 3.7% משק צוריאל 1 ליטר,מילקו תעשיות בעמ,IL,חלב עיזים מלא 3.7% מ,מיליליטרים,1000.00,"100 מ""ל",false,,14.90,0.0149,true,1,1012705
7290102392254,false,"חלב בקרטון 1% 2 ליטר בד""צ - מוצר בפיקוח",מילקו תעשיות בעמ,IL,חלב 1% טרה 2 ליטר,ליטרים,2.00,ליטר,false,,11.60,5.8000,true,1,1012710
7290102392728,false,"יוגורט ביו ביאנקו 2.8% מולר 200 מ""ל","טרה, פארק תעשיות בע""",IL,יוגורט ביו ביאנקו 2.,מיליליטרים,200.00,"100 מ""ל",false,,3.70,0.0185,true,1,1012722
7290102393039,false,"יוגורט ביו קרמי מיקס פצפוצי שוקולד 7.6% מולר 170 מ""ל",קריות זול,IL,יוגורט ביו קרמי מיקס,מיליליטרים,170.00,"100 מ""ל",false,,5.50,0.0324,true,1,1012732
7290102393060,false,"יוגורט ביו קרמי מיקס גלילי ופל ואגוזים 5.9% מולר 170 מ""ל",קריות זול,IL,יוגורט ביו קרמי מיקס,מיליליטרים,170.00,"100 מ""ל",false,,5.50,0.0324,true,1,1012733
7290102393169,false,"יוגורט סימפלי פרוט בטעם תות 3% מולר 150 מ""ל",מולר Muller,IL,יוגורט סימפלי פרוט ב,מיליליטרים,150.00,"100 מ""ל",false,,4.80,0.0320,true,1,1012742
7290102393176,false,סימפלי פרוט יוגורט אפרסק 3% שומן 150 ג' מולר,מילקו תעשיות בעמ,IL,מולר סימפלי פרוט אפר,מיליליטרים,150.00,"100 מ""ל",false,,4.80,0.0320,true,1,1012743
7290102393190,false,"יוגורט סימפלי פרוט בטעם פירות יער 3% מולר 150 מ""ל",מילקו תעשיות בעמ,IL,יוגורט סימפלי פרוט ב,מיליליטרים,150.00,"100 מ""ל",false,,4.80,0.0320,true,1,1012745
7290102393268,false,"גבינה לבנה 5% שומן, רכיבים טבעיים 750 גרם",טרה,IL,גבינה לבנה 5% טרה 75,גרמים,750.00,100 גרם,false,,14.50,0.0193,true,1,1012748
7290102393299,false,יוגורט עיזים לשתייה 3% שומן 500 ג' צוריאל,מיוצר עי קוד יצרן HG,IL,יוגורט עיזים 3% משק,מיליליטרים,500.00,"100 מ""ל",false,,11.70,0.0234,true,1,1012749
7290102393718,false,גבינת חלומי מחלב בקר 28% משק צוריאל 200 גרם,מחלבת משק צוריאל,IL,גבינת חלומי מחלב בקר,גרמים,200.00,100 גרם,false,,19.90,0.0995,true,1,1012763
7290102393848,false,"יוגורט עיזים בטעם תות משק צוריאל 150 מ""ל",מחלבת משק צוריאל,IL,יוגורט עיזים בטעם תו,מיליליטרים,150.00,"100 מ""ל",false,,5.80,0.0387,true,1,1012764
7290102393855,false,"יוגורט עיזים בטעם אפרסק משק צוריאל 150 מ""ל",מחלבת משק צוריאל,IL,יוגורט עיזים בטעם אפ,מיליליטרים,150.00,"100 מ""ל",false,,5.80,0.0387,true,1,1012765
7290102393947,false,סימפלי פרוט יוגורט בטעם קיווי 3% שומן 150 ג' מולר,מילקו תעשיות בעמ,IL,יוגורט ביו קיווי 3%,מיליליטרים,150.00,"100 מ""ל",false,,4.80,0.0320,true,1,1012772
7290102394081,false,"יוגורט ביו קרמי מיקס קורנפלקס מצופה שוקולד מולר 170 מ""ל",מילקו תעשייה בעמ,IL,יוגורט ביו קרמי מיקס,מיליליטרים,170.00,"100 מ""ל",false,,5.50,0.0324,true,1,1012784
7290102394258,false,גליל גבינת עיזים מה עז 9% משק צוריאל 180 גרם,מחלבת משק צוריאל,IL,גליל גבינת עיזים מה,גרמים,180.00,100 גרם,false,,20.90,0.1161,true,1,1012794
7290102394463,false,נעם גבינה צהובה פרוסה ואקום 28% טרה 500 גרם,Unknown,IL,נעם גבינה צהובה פרוס,גרמים,500.00,100 גרם,false,,23.90,0.0478,true,1,1012804
7290102394821,false,נעם גבינה צהובה פרוסה 28% טרה 200 גרם,מילקו תעשיות בעמ,IL,נעם גבינה צהובה פרוס,גרמים,200.00,100 גרם,false,,15.20,0.0760,true,1,1012810
7290102394845,false,נעם גבינה צהובה לייט פרוסה דק דק 9% טרה 200 גרם,מילקו תעשיות בעמ,IL,נעם גבינה צהובה לייט,גרמים,200.00,100 גרם,false,,16.30,0.0815,true,1,1012811
7290102395101,false,ממרח גבינה ושוקולד שוקי 200 גר,מילקו תעשיות בעמ,IL,טרה גבינה ושוקולד 20,מיליליטרים,200.00,"100 מ""ל",false,,10.90,0.0545,true,1,1057819
7290102395217,false,מאגדת שמיניה מולר במתיקות מעודנת 1.2% 8*150 ג',מולר Muller,IL,מאגדת שמיניית מולר מ,קילוגרמים,1.20,"ק""ג",false,,17.90,14.9167,true,1,1012828
7290102395224,false,מארז 8 גביעים יוגורט ביו בטעם טבעי 1.7%,מולר Muller,IL,יוגורט 1.7% מולר 8*1,ליטרים,1.20,ליטר,false,,15.90,13.2500,true,1,1012829
7290102395231,false,מולר נטורל 2.8% ביאנקו מאגדת 8 יח' * 150 ג',מולר Muller,IL,יוגורט 2.8% מולר 8*1,ליטרים,1.20,ליטר,false,,15.90,13.2500,true,1,1012830
7290102395262,false,מארז 8 גביעים יוגורט בטעם תות שדה ואפרסק 3% Simply Fruit,מולר Muller,IL,יוגורט בטעם תות ואפר,ליטרים,1.20,ליטר,false,,28.90,24.0833,true,1,1012832
7290102395347,false,"יוגורט 6% בכד 3 ק""ג רבנות",טרה,IL,יוגורט כד 6% 3קג,יח',1.00,יח',false,,29.90,29.9000,true,1,1012834
7290102395378,false,נעם גבינה צהובה פרוסה ואקום 28% טרה 360 גרם,טרה,IL,נעם גבינה צהובה פרוס,גרמים,360.00,100 גרם,false,,19.90,0.0553,true,1,1012836
7290102395408,false,נעם גבינה צהובה 28% במשקל,החברה המרכזית,IL,ג. צהובה 28% נעם,קילוגרמים,1.00,"ק""ג",true,,44.70,44.7000,true,1,1012839
7290102395415,false,נעם גבינה צהובה 9% במשקל,החברה המרכזית,IL,ג. צהובה 9% נעם,קילוגרמים,1.00,"ק""ג",true,,71.00,71.0000,true,1,1012840
7290102395422,false,נעם גבינה צהובה 22% במשקל,החברה המרכזית,IL,ג.צהובה 22% נעם,קילוגרמים,1.00,"ק""ג",true,,42.50,42.5000,true,1,1012841
7290102395439,false,מארז 8 גביעים יוגורט בטעם פירות יער וקיווי 3% Simply Fruit,מילקו תעשיות בעמ,IL,מולר שמינייה פירות י,קילוגרמים,1.20,"ק""ג",false,,28.90,24.0833,true,1,1012842
7290102395446,false,מעדן חלב בטעם וניל עם קצפת 123 ג' טרה,Unknown,IL,מעדן מוו וניל קצפת,גרמים,123.00,100 גרם,false,,2.80,0.0228,true,1,1012843
7290102395477,false,מעדן חלב בטעם שוקולד עם קצפת 123 ג' טרה,Unknown,IL,מעדן מוו שוקולד קצפת,גרמים,123.00,100 גרם,false,,2.80,0.0228,true,1,1012846
7290102396399,false,מארז 8 יחידות מעדן חלב בטעם שוקולד 1.5%,Unknown,IL,מאגדת שמינייה מעדן ש,מיליליטרים,800.00,"100 מ""ל",false,,11.90,0.0149,true,1,1102277
7290102396405,false,מארז 8 יחידות מעדן חלב בטעם וניל 1.5%,Unknown,IL,מאגדת שמינייה מעדן ו,מיליליטרים,800.00,"100 מ""ל",false,,11.90,0.0149,true,1,1102278
7290102396436,false,"מעדן מוו שוקולד 1.5% 125 גרם בד""צ",טרה,IL,מעדן מוו שוקולד 125,גרמים,125.00,100 גרם,false,,2.70,0.0216,true,1,1096068
7290102396443,false,"מעדן מוו וניל 1.5% 125 גרם בד""צ",טרה,IL,מעדן מוו וניל 125 גר,גרמים,125.00,100 גרם,false,,2.70,0.0216,true,1,1096069
7290102396580,false,מעדן שוקולד ומוס שוקולד 123 ג' טרה,טרה,IL,מעדן מוו שוקלד ומוס,גרמים,118.00,100 גרם,false,,2.80,0.0237,true,1,1102279
7290102396597,false,מעדן חלב מוו עם מוס שוקולד וניל,טרה,IL,מעדן מוו וניל ומוס 1,גרמים,118.00,100 גרם,false,,2.80,0.0237,true,1,1102280
7290102396665,false,נעם גבינה צהובה דק דק 15% טרה 200 גרם,מילקו תעשיות בעמ,IL,נעם גבינה צהובה דק ד,גרמים,200.00,100 גרם,false,,15.20,0.0760,true,1,1209147
7290102396672,false,נעם גבינה צהובה דק דק 9% טרה 360 גרם,טרה,IL,נעם גבינה צהובה דק ד,גרמים,360.00,100 גרם,false,,25.90,0.0719,true,1,1209148
7290102396719,false,יוגורט ביו עם תות שדה 0% Simply Fruit,מולר Muller,IL,מולר סימפלי פרוט תות,גרמים,170.00,100 גרם,false,,4.80,0.0282,true,1,1130483
7290102396726,false,מולר סימפלי פרוט אפרסק 0% 150 גרם,מולר,IL,מולר סימפלי פרוט אפר,גרמים,150.00,100 גרם,false,,4.80,0.0320,true,1,1130484
7290102396740,false,מארז 8 גביעים יוגורט בטעם תות שדה ואפרסק 0% Simply Fruit,מילקו תעשיות בעמ,IL,מאגדת שמינייה מולר ס,קילוגרמים,1.20,"ק""ג",false,,28.90,24.0833,true,1,1130486
7290102397075,false,יוגורט בקרטון 4% שומן 1.5ל' טרה,טרה,IL,יוגורט 4% בקרטון 1.5,ליטרים,1.50,ליטר,false,,12.90,8.6000,true,1,1173805
7290102397204,false,נעם גבינה צהובה דק דק 22% טרה 200 גרם,מילקו תעשיות בעמ,IL,נעם גבינה צהובה דק ד,גרמים,200.00,100 גרם,false,,15.20,0.0760,true,1,1209149
7290102397310,false,מעדן מיני בטעם שוקולד קצפת מוו מאגדת 8 יח' * 70 ג',מילקו,IL,מאגדת שמינייה מיני מ,מיליליטרים,944.00,"100 מ""ל",false,,11.30,0.0120,true,1,1312126
7290102397334,false,גבינה בולגרית 5% צוריאל גליל 250ג',מחלבת משק צוריאל,IL,בולגרית 5% 250 גר,גרמים,250.00,100 גרם,false,,19.70,0.0788,true,1,1294203
7290102397464,false,יוגורט ביו בתוספת גרעינים אגוזים וחמוציות 170 ג' מולר,מולר Muller,IL,מולר נטורל 102 גר,גרמים,102.00,100 גרם,false,,5.50,0.0539,true,1,2881284
7290102397600,false,מיקס יוגורט בתוספת שקדים ובוטנים מקורמלים 170 ג' מולר,מילקו תעשייה בעמ,IL,מולר שקדים בוטנים בק,מיליליטרים,170.00,"100 מ""ל",false,,5.50,0.0324,true,1,1670462
7290102397617,false,יוגורט ביו קרמי עם כדורים מצופים שוקולד חום לבן,מולר Muller,IL,מולר מיקס קליק,יח',1.00,יח',false,,5.50,5.5000,true,1,1670463
7290102397679,false,קוטג' וחצי טרה 5% מרכיבים טבעיים,מילקו,IL,קוטג' 5% 375 גר,גרמים,375.00,100 גרם,false,,6.90,0.0184,true,1,2619717
7290102397730,false,פרוסות גבינה אמנטל חצי קשה 30% שומן 200 ג' נעם,Unknown,IL,אמנטל נעם פתיחה חוזר,גרמים,200.00,100 גרם,false,,16.90,0.0845,true,1,3154836
7290102397747,false,פרוסות גבינת מוצרלה נעם מחלב בקר 22%,טרה,IL,מוצרלה נעם 200 גר,גרמים,200.00,100 גרם,false,,17.90,0.0895,true,1,3977156
7290102397891,false,גבינת מותכת 18% צוריאל 100ג',משק צוריאל,IL,גבינה מותכת 100 ג צו,גרמים,25.00,100 גרם,false,,6.90,0.2760,true,1,2881288
7290102398065,false,חלב טרה בקרטון 2 ליטר מהדרין 3% - מוצר בפיקוח,Unknown,IL,חלב 3% טרה 2 ליטר,ליטרים,2.00,ליטר,false,,12.30,6.1500,true,1,3480874
7290102398072,false,"חלב קרטון 3%-1 ליטר "" טרה"" -מוצר פיקוח",Unknown,IL,חלב 3% טרה 1 ליטר,ליטרים,1.00,ליטר,false,,6.20,6.2000,true,1,3389567
7290102398331,false,חלב דל לקטוז 2% מועשר בויטמין D,טרה,IL,חלב מועשר דל לקטוז 1,ליטרים,1.00,ליטר,false,,6.90,6.9000,true,1,4204371
7290102398478,false,לאבנה 9% שומן 500 ג' טרה,טרה,IL,לאבנה 9% 500 גר,גרמים,500.00,100 גרם,false,,16.90,0.0338,true,1,5041300
7290102398553,false,שוקו טרה בבקבוק 1.5 ליטר,מילקו תעשיות בעמ,IL,שוקו טרה 1.5ליט,יח',1.00,יח',false,,15.90,15.9000,true,1,6685914
7290102398560,false,שוקו מעושר בבקבוק 1ל' טרה,מילקו תעשיות בעמ,IL,שוקו מועשר בבקבוק 1,ליטרים,1.00,ליטר,false,,10.90,10.9000,true,1,5041301
7290102398577,false,משקה חלב בטעם שוקו 2% בבקבוק אישי,מילקו תעשיות בעמ,IL,שוקו טרה מועשר בבקבו,מיליליטרים,250.00,"100 מ""ל",false,,4.90,0.0196,true,1,5041302
7290102398614,false,משקה חלב בטעם בננה 1 ליטר טרה,מילקו תעשיות בעמ,IL,משקה חלב בטעם בננה 1,ליטרים,1.00,ליטר,false,,10.90,10.9000,true,1,5041304
7290102398638,false,משקה חלב בטעם מוקה 1 ליטר טרה,מילקו תעשיות בעמ,IL,משקה חלב בטעם מוקה 1,ליטרים,1.00,ליטר,false,,10.90,10.9000,true,1,5041305
7290102398669,false,משקה חלב עם קפה אייס קפוצ'ינו 1.5%,מילקו תעשיות בעמ,IL,אייס קפוצינו בבקבוק,ליטרים,1.00,ליטר,false,,10.90,10.9000,true,1,6713763
7290102398782,false,משקה סויה קלאסי משק צוריאל 1 ליטר,מחלבת משק צוריאל,IT,משקה סויה קלאסי 1 לי,יח',1.00,יח',false,,9.90,9.9000,true,1,6577122
7290102398799,false,משקה סויה במתיקות מופחתת 1 ליטר משק צוריאל,מחלבת משק צוריאל,IT,משקה סויה במתיקות מו,יח',1.00,יח',false,,9.90,9.9000,true,1,6489741
7290102398805,false,משקה סויה בטעם וניל משק צוריאל 1 ליטר,מחלבת משק צוריאל,IT,משקה סויה וניל 1 ליט,יח',1.00,יח',false,,9.90,9.9000,true,1,6489742
7290102398836,false,משקה שקדים קלאסי משק צוריאל 1 ליטר,מחלבת משק צוריאל,IT,משקה שקדים קלאסי 1 ל,יח',1.00,יח',false,,11.90,11.9000,true,1,6489744
7290102399048,false,פרוסות גבינת קשקבל נעם 200 ג' טרה,מילקו,IL,קשקבל נעם 200 גר,גרמים,200.00,100 גרם,false,,21.90,0.1095,true,1,5918213
7290102399635,false,"מולר פרופ יוגורט ביו עם קציפת קוקוס ואננס 150 מ""ל",מולר Muller,IL,מולר יוגורט טרופיקל,גרמים,150.00,100 גרם,false,,4.80,0.0320,true,1,6722211
7290102399697,false,סימפלי פרוט מנגו 1.5% שומן 150 ג' מולר,מילקו,IL,מולר סימפלי פרוט מנג,יח',1.00,יח',false,,4.80,4.8000,true,1,6684307
7290102399772,false,ממרח חמאת מולר ושמן לפתית במליחות עדינה,Molkerei Weihensteph,DE,ממרח חמאה מולר במליח,גרמים,250.00,100 גרם,false,,15.70,0.0628,true,1,6711877
7290102399789,false,ממרח חמאת מולר ושמן לפתית ללא תוספת מלח,Molkerei Weihensteph,DE,ממרח חמאה מולר ללא ת,גרמים,250.00,100 גרם,false,,15.70,0.0628,true,1,6718517
7290102399796,false,מעדן יוגורט לבן מועשר בחלבון 200 ג' מולר אקטיב,מולר Muller,IL,יוגורט מולר אקטיב 25,גרמים,200.00,100 גרם,false,,5.40,0.0270,true,1,6713764
7290102399802,false,יוגורט עם תות מולר אקטיב מועשר בחלבון 200 גר',מולר Muller,IL,יוגורט מולר אקטיב תו,גרמים,200.00,100 גרם,false,,5.50,0.0275,true,1,6713744
7290102399819,false,יוגורט עם פירות יער מולר אקטיב מועשר בחלבון 200 גר',מולר Muller,IL,יוגורט מולר פירות יע,גרמים,200.00,100 גרם,false,,5.50,0.0275,true,1,6661636
7290102399857,false,"יוגורט אקטיב עם תות 0% , 20 גרם חלבון בגביע",מולר Muller,IL,מולר יוגורט מועשר חל,גרמים,200.00,100 גרם,false,,5.50,0.0275,true,1,6722213
7290103120658,false,דאודורנט סטיק ג'ל לגבר Cool Night 24/7,הנסיך- מפעל לייצור ט,US,ספיד סטיק 24/7 גל שח,גרמים,85.00,100 גרם,false,,16.90,0.1988,true,1,1018204
7290103124588,false,"סבון נוזלי ארומה בניחוח לבנדר פטצ'ולי פלמוליב 750 מ""ל",הנסיך- מפעל לייצור ט,TR,סבון נוזלי ארומה בני,מיליליטרים,750.00,"100 מ""ל",false,,19.90,0.0265,true,1,1018228
7290103124601,false,"תחליב רחצה נוזל חלב ודבש משאבה 750מ""ל פלמוליב",הנסיך- מפעל לייצור ט,TR,תחליב רחצה מזין חלב,מיליליטרים,750.00,"100 מ""ל",false,,19.90,0.0265,true,1,1018230
7290103126797,false,משחת שיניים סנסיטיב פרו רליף Sensitive Pro - Reliefe,הנסיך- מפעל לייצור ט,BR,משחת שיניים סנסטיב פ,גרמים,110.00,100 גרם,false,,17.90,0.1627,true,1,1018256
7290103128739,false,בלונס צימרוני אוזניים לתינוק 50 יח',הנסיך- מפעל לייצור ט,GR,מקלוני אוזנים בלונס,יח',50.00,יח',false,,5.90,0.1180,true,1,1018268
7290103129378,false,ספיד סטיק - דאודורנט ג'ל לגבר איקס 5 85 גרם,הנסיך- מפעל לייצור ט,US,ספיד סטיק גל 5X,גרמים,51.00,100 גרם,false,,15.90,0.3118,true,1,1018273
7290103129392,false,ליידי ספיד סטיק פרש אסנס פרח הפרזיה סטיק 65 גר,ליידי ספיד סטיק Lady Speed Stick,US,ליידי ספיד סטיק פרש,גרמים,65.00,100 גרם,false,,16.90,0.2600,true,1,1018274
7290103203436,false,"ליקר צלו דובדבן 500 מ""ל",ישראליקר,IL,ליקר דובדבן,יח',1.00,יח',false,,39.90,39.9000,true,1,1055816
7290103243296,false,עוגה שוקו ציפס 450 גרם נוסטלגיה,,,עוגה שוקו ציפס 450 ג,גרמים,450.00,100 גרם,false,,8.80,0.0196,true,1,1715566
7290103243302,false,עוגת שוקולד 450 גרם נוסטלגיה,,,עוגת שוקולד 450 גרם,גרמים,450.00,100 גרם,false,,8.80,0.0196,true,1,1715567
7290103243319,false,עוגה אנגלית 450 גרם נוסטלגיה,,,עוגה אנגלית 450 גרם,גרמים,450.00,100 גרם,false,,8.80,0.0196,true,1,1715568
7290103243326,false,עוגת שיש 450 גרם נוסטלגיה,,,עוגת שיש 450 גרם נוס,גרמים,450.00,100 גרם,false,,8.80,0.0196,true,1,1715569
7290103243333,false,עוגה בטעם תפוז 450 ג נוסטלגיה,,,עוגה בטעם תפוז 450 ג,גרמים,450.00,100 גרם,false,,8.80,0.0196,true,1,1715570
7290103400194,false,"כרוב לבן 400 גר בד""צ ירקות שטראוס","טרופיקל דגיל בע""מ אז",IL,כרוב לבן 400 ג בדצ י,גרמים,400.00,100 גרם,false,,8.50,0.0213,true,1,1037292
7290103400231,false,"גזר 400 גר בד""צ ירקות שטראוס",תות תעשיות מזון (201,IL,גזר גוליאן בדצ 400גר,גרמים,400.00,100 גרם,false,,8.50,0.0213,true,1,1037294
7290103400255,false,"סלט קולסלאו 400 גרם בד""צ ירקות שטראוס","טרופיקל דגיל בע""מ אז",IL,סלט קולסלאו 400 גרם,גרמים,400.00,100 גרם,false,,8.50,0.0213,true,1,1033279
7290103401429,false,קפה קצב ברזילאי אוריגינס 200 גר,הנסיך- מפעל לייצור ט,IL,קפה פליטנום ברזילאי,גרמים,200.00,100 גרם,false,,24.90,0.1245,true,1,1018875
7290103404758,false,סלט כרוב אדום אחלה 120 גרם,מיוצר עי קונדיטוריית,IL,סלט כרוב אדום אחלה 1,גרמים,120.00,100 גרם,false,,4.70,0.0392,true,1,1033294
7290103408206,false,עלי חסה ערבית שטופים שטראוס 250 גרם,שטראוס בריאות ירקות,IL,עלי חסה ערבית שטופים,גרמים,250.00,100 גרם,false,,9.90,0.0396,true,1,1033305
7290103700980,false,נייר טואלט חתוך עשירייה עדן,,,נייר טואלט חתוך עשיר,יח',100.00,יח',false,,18.90,0.1890,true,1,1144706
7290103702533,false,מגבות נייר כפול 6 יח רמילוי,,,מגבות נייר כפול 6 יח,יח',1.00,יח',false,,18.90,18.9000,true,1,6234604
7290103702540,false,נייר טואלט מהדרות כדור פורח 30 גלילים טאצ',טאץ' Touch,,נייר טואלט 30 יח כדו,יחידה,0.00,יחידה,false,,22.90,0.0000,true,1,6920573
7290103702878,false,מפיות עבות וחזקות 150יח,,,מפיות עבות וחזקות 15,יח',1.00,יח',false,,6.90,6.9000,true,1,2737292
7290103702939,false,נייר טואלט גליל כפול 16 רמילוי,,,נייר טואלט גליל כפול,יח',16.00,יח',false,,28.90,1.8062,true,1,2805512
7290103702946,false,נייר טואלט רמי לוי כפול 24יח,,,נייר טואלט רמי לוי כ,יח',24.00,יח',false,,42.90,1.7875,true,1,2514717
7290103703752,false,נייר טואלט פסטל 40 רמי לוי,,,נייר טואלט פסטל 40 ר,יח',40.00,יח',false,,35.90,0.8975,true,1,5818651
7290103704063,false,נייר טואלט טאצ מהדורת כדור פורח 48 יחי,,,נייר טואלט 48 יח כדו,יחידה,0.00,יחידה,false,,36.50,0.0000,true,1,6921463
7290104061417,false,סלט חומוס עם טחינה אחלה 400 גרם,"שטראוס גרופ בע""מ",IL,סלט חומוס עם טחינה א,גרמים,400.00,100 גרם,false,,9.90,0.0248,true,1,1033322
7290104061424,false,סלט חומוס עם זעתר אחלה 400 גרם,מיוצר עי קונדיטוריית,IL,סלט חומוס עם זעתר אח,גרמים,400.00,100 גרם,false,,9.90,0.0248,true,1,1033323
7290104061431,false,סלט חומוס עם צנובר אחלה 400 גרם,"שטראוס גרופ בע""מ",IL,סלט חומוס עם צנובר א,גרמים,400.00,100 גרם,false,,9.90,0.0248,true,1,1033324
7290104061448,false,סלט חומוס עם חריף אחלה 400 גרם,מיוצר עי קונדיטוריית,IL,סלט חומוס עם חריף אח,גרמים,400.00,100 גרם,false,,9.90,0.0248,true,1,1033325
7290104062599,false,מארז 8 יחידות מעדן גמדים בטעמי תות ובננה,שטראוס דנונה,IL,מעדן גמדים תות בננה,מיליליטרים,800.00,"100 מ""ל",false,,17.90,0.0224,true,1,1033328
7290104065187,false,אבקה להכנת משקה קפה בטעם מוקה,STRAUSS-ISRAEL,IL,קפה נמס מוקה 200 גרם,גרמים,200.00,100 גרם,false,,19.90,0.0995,true,1,1018953
7290104065934,false,עלי רוקט שטראוס 150 גרם,שטראוס בריאות ירקות,IL,עלי רוקט שטראוס 150,גרמים,150.00,100 גרם,false,,9.90,0.0660,true,1,1033340
7290104066566,false,טחינה משומשום מלא 500 ג' אחלה,מיוצר עי קונדיטוריית,IL,טחינה 500 גרם,גרמים,500.00,100 גרם,false,,13.90,0.0278,true,1,1033344
7290104500572,false,אפרופו חטיף תירס איטליאנו אסם 50 גרם,מיוצר עי קונדיטוריית,IL,אפרופו חטיף תירס איט,גרמים,50.00,100 גרם,false,,3.90,0.0780,true,1,1021033
7290104501661,false,אינסטנט פודינג בטעם וניל צרפתי אסם 80 גרם,מיוצר עי קונדיטוריית,IL,אינסטנט פודינג בטעם,גרמים,80.00,100 גרם,false,,4.90,0.0613,true,1,1021038
7290104504228,false,מארז אריזות מיני חטיף דובונים - 5 יח',"אסם תעשיות בע""מ",IL,דובונים חטיף תפוחי א,גרמים,100.00,100 גרם,false,,12.90,0.1290,true,1,1021071
7290104508943,false,במבה חטיף בוטנים אסם 200 גרם,"אסם תעשיות בע""מ",IL,במבה חטיף בוטנים אסם,גרמים,200.00,100 גרם,false,,8.90,0.0445,true,1,1021104
7290104570131,false,תמר מג'הול ששון ושות,,,"תמר מג'הול 1 ק""ג",יח',1.00,יח',false,,19.90,19.9000,true,1,1343264
7290104570162,false,תמרים ללא חרצנים תמר כבוש 500 גרם,תמר העמקים בית שאן,IL,תמרים כבושים 500גרם,גרמים,500.00,100 גרם,false,,6.90,0.0138,true,1,1013194
7290104570292,false,"תמר מג'הול 1קג בד""ץ-אדום",,,"תמר מג'הול 1קג בד""ץ-",גרמים,1000.00,100 גרם,false,,19.90,0.0199,true,1,1154320
7290104720499,false,מארז 8 יחידות מעדן דני בטעם וניל 1.5%,מיוצר עי קונדיטוריית,IL,דני בטעם וניל שמיניי,מיליליטרים,1000.00,"100 מ""ל",false,,14.90,0.0149,true,1,1033362
7290104721533,false,רצועות פלפלים קלויים אחלה 400 ג',מיוצר עי קונדיטוריית,IL,פלפלים קלויים 400 גר,גרמים,400.00,100 גרם,false,,14.90,0.0373,true,1,1033373
7290104721953,false,לקט מסולסלים ירקות שטראוס 350 גרם,תות תעשיות מזון (201,IL,לקט מסולסלים ירקות ש,גרמים,350.00,100 גרם,false,,12.90,0.0369,true,1,1033377
7290104722530,false,תפוצ'יפס בטעם שמנת בצל עלית 200 גרם,"שטראוס פריטו ליי בע""",IL,תפוצ'יפס בטעם שמנת ב,גרמים,200.00,100 גרם,false,,9.90,0.0495,true,1,1026835
7290104726262,false,מארז 4 יחידות דני לשתייה בטעם שוקולד + קשים,מיוצר עי קונדיטוריית,IL,דני בטעם שוקולד לשתי,מיליליטרים,500.00,"100 מ""ל",false,,10.90,0.0218,true,1,1033411
7290104726712,false,מארז 8 יחידות מעדן מילקי בטעם שוקולד עם קצפת,"שטראוס גרופ בע""מ",IL,מארז מילקי שוקולד שמ,קילוגרמים,1.06,"ק""ג",false,,19.90,18.7736,true,1,1033419
7290104728310,false,"שמנת מתוקה עמידה 38% שומן ""יטבתה"" -מוצר בפיקוח",שטראוס גרופ,IL,שמנת להקצפה 38% 250,מיליליטרים,250.00,"100 מ""ל",false,,5.60,0.0224,true,1,1033430
7290104729010,false,"לבן בטעם תות יטבתה 100 מ""ל מהדרין",שטראוס גרופ,IL,"לבן בטעם תות 100 מ""ל",מטרים,100.00,100 מ'ל,false,,1.40,0.0140,true,1,1033441
7290104960239,false,"תחליב רחצה נקה 7 ארומה לבן 750 מ""ל","אמיליה קוסמטיקס בע""מ",IL,נקה 7 תחליב רחצה קמו,מיליליטרים,750.00,"100 מ""ל",false,,9.90,0.0132,true,1,1224804
7290104960246,false,"נקה 7 - תחליב רחצה ורד ויסמין 750 מ""ל","אמיליה קוסמטיקס בע""מ",IL,נקה 7 תחליב רחצה ארו,מיליליטרים,750.00,"100 מ""ל",false,,9.90,0.0132,true,1,1045866
7290104960253,false,"תחליב רחצה נקה 7 לבנדר סגול 750מ""ל","אמיליה קוסמטיקס בע""מ",IL,נקה 7 תחליב רחצה לבנ,מיליליטרים,750.00,"100 מ""ל",false,,9.90,0.0132,true,1,1045867
7290104960338,false,"נקה 7 תחליב רחצה ארומה אלוורה ותה ירוק 750מ""ל","אמיליה קוסמטיקס בע""מ",IL,נקה 7 תחליב רחצה אלו,מיליליטרים,750.00,"100 מ""ל",false,,9.90,0.0132,true,1,1224805
7290104960352,false,"נקה 7 תחליב רחצה ארומה שקד וניל 750מ""ל","אמיליה קוסמטיקס בע""מ",IL,נקה 7 תחליב רחצה וני,מיליליטרים,750.00,"100 מ""ל",false,,9.90,0.0132,true,1,1224806
7290104960970,false,דאודורנט ספריי טיטניום מטאל Titanium Metal,אמיליה קוסמטיקס בעמ,IL,דאו טיטניום ספריי 18,מיליליטרים,180.00,"100 מ""ל",false,,14.90,0.0828,true,1,1045873
7290104961205,false,"נקה 7 תחליב רחצה מגע קטיפה מ""לפפון קיווי 750 מ""ל","אמיליה קוסמטיקס בע""מ",IL,תחליב רחצה מלפפון ול,מיליליטרים,750.00,"100 מ""ל",false,,9.90,0.0132,true,1,1045874
7290104961243,false,"נקה 7 תחליב רחצה מגע קטיפה קוקוס ליים 750 מ""ל","אמיליה קוסמטיקס בע""מ",IL,תחליב רחצה קוקוס יסמ,מיליליטרים,750.00,"100 מ""ל",false,,9.90,0.0132,true,1,1045876
7290104961526,false,דאודורנט ספריי גוף טיטניום קלאסיק Titanium Classic,"אמיליה קוסמטיקס בע""מ",IL,טיטניום ספריי גוף 15,מיליליטרים,150.00,"100 מ""ל",false,,9.90,0.0660,true,1,1045883
7290104961533,false,דאודורנט ספריי גוף טיטניום בלק Titanium Black,אמיליה קוסמטיקס,IL,טיטניום ספריי גוף 15,מיליליטרים,150.00,"100 מ""ל",false,,9.90,0.0660,true,1,1045884
7290104961540,false,דאודורנט ספריי גוף טיטניום מטאל Titanium Metal,אמיליה קוסמטיקס,IL,טיטניום ספריי גוף 15,מיליליטרים,150.00,"100 מ""ל",false,,9.90,0.0660,true,1,1045885
7290104961557,false,"טיטניום - דאודורנט ספריי לגבר בלו 150 מ""ל","אמיליה קוסמטיקס בע""מ",IL,טיטניום ספריי גוף 15,מיליליטרים,150.00,"100 מ""ל",false,,9.90,0.0660,true,1,1045886
7290104961885,false,מרכך קרטין טהור לשיער שעבר החלקה או עיצוב בחום,נטורל פורמולה Natural Formula,IL,מרכך קרטין לשיער שעב,מיליליטרים,400.00,"100 מ""ל",false,,29.90,0.0747,true,1,1045889
7290104961892,false,מסכת קרטין טהור לשיער שעבר החלקה או עיצוב בחום,נטורל פורמולה Natural Formula,IL,מסיכת קרטין לשיער שע,מיליליטרים,350.00,"100 מ""ל",false,,39.90,0.1140,true,1,1045890
7290104962073,false,דאודורנט ספריי גוף טיטניום גולד Titanium Gold,"אמיליה קוסמטיקס בע""מ",IL,דאו טיטניום גולד 180,מיליליטרים,180.00,"100 מ""ל",false,,14.90,0.0828,true,1,1045894
7290104962080,false,"טיטניום - דאודורנט ספריי לגבר גולד 150 מ""ל",משווק: קוסמופארם בעמ,IL,טיטניום ספריי גוף 15,מיליליטרים,150.00,"100 מ""ל",false,,10.90,0.0727,true,1,1045895
7290104962134,false,דאודורנט קרליין רול און נושם לנערות ללא אלומיניום,אמיליה קוסמטיקס,IL,דאודורנט קרליין רול,מטרים,75.00,100 מ'ל,false,,10.90,0.1453,true,1,1045898
7290104962684,false,"קרליין - נושם דאודורנט רול און לאישה ללא אלומיניום 75 מ""ל",אמיליה קוסמטיקס,IL,דאודורנט קרליין רול,מטרים,50.00,100 מ'ל,false,,10.90,0.2180,true,1,1137492
7290104963018,false,סופטקר מגבונים לחים רביעייה ללא בישום,החברה הדרומית,IL,מגבונים סופטקר רביעי,יח',4.00,יח',false,,16.90,4.2250,true,1,1510290
7290104963155,false,"סופטקר שמן לתינוקות 500 מ""ל",החברה הדרומית,IL,סופטקר שמן לתינוקות,מיליליטרים,500.00,"100 מ""ל",false,,24.90,0.0498,true,1,1610693
7290104963216,false,סופטקר - אל סבון עדין לתינוק לעור רגיש 1 ליטר,קוסמופארם בע''מ,IL,סופטקר אלסבון עדין ל,ליטרים,1.00,ליטר,false,,14.90,14.9000,true,1,1610697
7290104963223,false,סופטקר - אל סבון עדין לתינוק לעור רגיש 1 ליטר,החברה הדרומית,IL,סופטקר אלסבון לתינוק,ליטרים,1.00,ליטר,false,,14.90,14.9000,true,1,1610698
7290104963650,false,סופטקר - שמפו אל דמע 1 ליטר,סופטקר Softcare,IL,סופטקר שמפו אלדמע 1ל,ליטרים,1.00,ליטר,false,,14.90,14.9000,true,1,1610699
7290104964350,false,אל סבון עשיר בלחות בניחוח פרחי מים - מארז 3 יח',נקה 7,IL,סבון נוזלי כחול נקה,ליטרים,1.50,ליטר,false,,19.90,13.2667,true,1,1712345
7290104964398,false,"שלשיית אלסבון מפנק נקה 7 וניל רענן 3* 500 מ""ל",נקה 7,,סבון נוזלי כחול נקה,ליטרים,1.50,ליטר,false,,19.90,13.2667,true,1,3335482
7290104964756,false,"תיאדנט מי פה בטעם ענבים לילדים 150 מ""ל",סנו,IL,תיאדנט מי פה בטעם ענ,יח',1.00,יח',false,,14.90,14.9000,true,1,5640604
7290104965647,false,קרליין דאו רול און נושם סוויט קיס לנערות,"אמיליה קוסמטיקס בע""מ",IL,קרליין דיאודורנט בנו,מטרים,75.00,100 מ'ל,false,,10.90,0.1453,true,1,6779047
7290105305954,false,אלון סיר לחץ 7ל 22 ס,,,אלון סיר לחץ 7ל 22 ס,יח',1.00,יח',false,,199.90,199.9000,true,1,6326581
7290105360250,false,קפסולות 09 עשיר וארומטי למכונת נספרסו עלית 10יח',הנסיך- מפעל לייצור ט,IL,קפסולות קפה אספרסו 9,יח',1.00,יח',false,,15.90,15.9000,true,1,1019091
7290105360328,false,קפסולות אספרסו חזק למכונות נספרסו 10 יח',הנסיך- מפעל לייצור ט,IL,קפסולות קפה אספרסו 1,יח',1.00,יח',false,,15.90,15.9000,true,1,1019092
7290105360335,false,קפסולות אספרסו למכונות נספרסו 50 גר,הנסיך- מפעל לייצור ט,IL,קפסולות קפה אספרסו 7,יח',1.00,יח',false,,15.90,15.9000,true,1,1019093
7290105360755,false,"שמן זית 3 חזק 750 מ""ל יד מרדכי",מכוורת יד מרדכי שטרא,IL,"שמן זית 3 חזק 750 מ""",מיליליטרים,750.00,"100 מ""ל",false,,29.90,0.0399,true,1,1019101
7290105362339,false,"שמנת לבישול 15% 250 מ""ל יטבתה מהדרין",שטראוס גרופ,IL,שמנת לבישול 15% מהדר,מיליליטרים,250.00,"100 מ""ל",false,,7.60,0.0304,true,1,1033462
7290105363602,false,מקלות כיף כף קלאסי עלית 40 גרם,"איי, בי, אינבוו",TR,מקלות כיף כף קלאסי ע,גרמים,40.00,100 גרם,false,,4.70,0.1175,true,1,1019123
7290105364289,false,מקלות כיף כף פצפוצים עלית 40 גרם,"איי, בי, אינבוו",TR,מקלות כיף כף פצפוצים,גרמים,40.00,100 גרם,false,,4.70,0.1175,true,1,1019125
7290105364302,false,"עלית חטיף שוקולד כיף כף מקלות אגוזים, 40 גרם","איי, בי, אינבוו",TR,מקלות כיף כף אגוזים,גרמים,42.00,100 גרם,false,,4.70,0.1119,true,1,1019126
7290105366023,false,סלט חצילים בטעם כבד אחלה 400 גרם,מיוצר עי קונדיטוריית,IL,סלט חצילים בטעם כבד,גרמים,400.00,100 גרם,false,,14.90,0.0373,true,1,1033496
7290105366993,false,סימפוניה גבינת שמנת פלפל שיפקה 5% שטראוס 200 גרם,"שטראוס בריאות בע""מ",IL,סימפוניה גבינת שמנת,גרמים,200.00,100 גרם,false,,10.40,0.0520,true,1,1033506
7290105368331,false,מעדן מילקי בטעם תות עם קצפת,מחלבת אחיהוד,IL,מילקי תות שטראוס 133,מיליליטרים,133.00,"100 מ""ל",false,,2.70,0.0203,true,1,1033533
7290105368904,false,"שמנת מתוקה להקצפה 32% שומן 250 מ""ל יוטבתה",שטראוס גרופ,IL,שמנת מתוקה להקצפה 32,מיליליטרים,250.00,"100 מ""ל",false,,6.90,0.0276,true,1,1033544
7290105368928,false,"שמנת 9% שומן 200 מ""ל יוטבתה",שטראוס גרופ,IL,"שמנת חמוצה 9% 200 מ""",מיליליטרים,200.00,"100 מ""ל",false,,2.90,0.0145,true,1,1033546
7290105369130,false,סימפוניה גבינת שמנת בצל ירוק 5% שטראוס 200 גרם,"שטראוס בריאות בע""מ",IL,סימפוניה גבינת שמנת,גרמים,200.00,100 גרם,false,,10.40,0.0520,true,1,1033554
7290105430458,false,"פלמוליב - תחליב רחצה נטורלס שקדים 750 מ""ל",הנסיך- מפעל לייצור ט,TR,פלמוליב סבון נוזלי ש,מיליליטרים,750.00,"100 מ""ל",false,,19.90,0.0265,true,1,1018284
7290105430496,false,ליידי ספיד סטיק סטיינגארד ספריי,קולגייט פלמוליב,RU,ספיד סטיק סטיינגארד,יח',1.00,יח',false,,13.90,13.9000,true,1,1018288
7290105431516,false,מארז חטיף פריי תמרים ובוטנים ללא גלוטן ותוספת סוכר 125 גרם,טבעית מוצרים מן הטבע,IL,מארז חטיף פריי תמרים,גרמים,125.00,100 גרם,false,,15.90,0.1272,true,1,1018295
7290105431868,false,"פלמוליב ספא קוקוס גרגרים נוזלי 500 מ""ל",הנסיך- מפעל לייצור ט,TR,פלמוליב ספא קוקוס גר,מיליליטרים,500.00,"100 מ""ל",false,,15.90,0.0318,true,1,1018300
7290105434050,false,ספיד סטיק - דאודורנט סטיק לגבר XL ירוק רגיולר 85 גרם,ספיד סטיק Speed Stick,US,ספיד סטיק ירוק רגיל,גרמים,85.00,100 גרם,false,,16.90,0.1988,true,1,1210156
7290105434067,false,ספיד סטיק - דאודורנט סטיק לגבר XL אושן סרף 85 גרם,קולגייט פלמוליב,US,ספיד סטיק כחול אושיי,גרמים,85.00,100 גרם,false,,16.90,0.1988,true,1,1210157
7290105436382,false,חטיף פרי תמרים קשיו ללא תוספת סוכר וגלוטן 5 יח,טבעית מוצרים מן הטבע,IL,חטיף פרי תמרים קשיו,גרמים,100.00,100 גרם,false,,15.90,0.1590,true,1,1115588
7290105438539,false,קוקי נייר אפייה 40 יח',קוקי,IL,קוקי נייר אפייה,יח',40.00,יח',false,,9.90,0.2475,true,1,1138923
7290105438546,false,קוקי נייר אפייה פרימיום 40 יח',קוקי,IL,קוקי נייר אפייה פרימ,יח',40.00,יח',false,,8.90,0.2225,true,1,1138924
7290105439499,false,מאסטר שף מאסטר שף מיונז 480 גר כשלפ,רמיה סי.וי. הולנד,NL,מאסטר שף מיונז 483 ג,גרמים,483.00,100 גרם,false,,11.90,0.0246,true,1,1285258
7290105439505,false,מאסטר שף קרם בטעם מיונז לייט 479 גר כשלפ,רמיה סי.וי. הולנד,NL,מאסטר שף מיונז לייט,גרמים,479.00,100 גרם,false,,11.90,0.0248,true,1,2293544
7290105439581,false,מנה מאסטר שף חרדל דיזיון צרפתי 370 גר,סאס קווינור,FR,מנה מאסטר שף חרדל די,גרמים,370.00,100 גרם,false,,9.90,0.0268,true,1,1285259
7290105473950,false,חול חתולים מתגבש יור,יורוקיטי,TR,"יורוקיטי מתגבש 5 ק""ג בקרט",קילוגרמים,5.00,"ק""ג",false,,34.90,6.9800,true,1,1107446
7290105474025,false,לה קט פטה סלמון 100,,,לה קט פטה סלמון 100,יחידה,0.00,יחידה,false,,4.90,0.0000,true,1,6905770
7290105474179,false,מארז מען לה קט פטה מולטיפק 100 גר 4 יח,LA NORMANDISE SA,FR,לה קט מעדן פטה מולטיפק 10,גרמים,100.00,100 גרם,false,,12.90,0.1290,true,1,1119584
7290105500151,false,וודקה פינלנדיה בקבוק,"אלטיה קורפ, הלסינקי,",FI,וודקה פינלנדיה 700 מ,מיליליטרים,700.00,"100 מ""ל",false,,58.90,0.0841,true,1,1030966
7290105500236,false,וויסקי ג'ק דניאלס מס' 7 Brand No,ג'ק דניאלס Jack Daniel's,US,וויסקי גק דניאלס 700,מיליליטרים,700.00,"100 מ""ל",false,,99.90,0.1427,true,1,1030967
7290105500953,false,"וויסקי ג'ק דניאלס דבש 700 מ""ל",ג'ק דניאל'ס,BE,ג'ק דניאלס דבש 700 מ,מיליליטרים,700.00,"100 מ""ל",false,,99.90,0.1427,true,1,4331494
7290105691224,false,אסם חטיפי פריכונים טורטייה שום בצל 60 גרם,"מיוצר ע""י PT, משווק",IL,חטיפי טורטיה שום בצל,גרמים,60.00,100 גרם,false,,6.90,0.1150,true,1,1021138
7290105691248,false,אסם חטיפי פריכונים טורטייה תירס 60 גרם,"מיוצר ע""י PT, משווק",IL,חטיפי טורטיה תירס אס,גרמים,60.00,100 גרם,false,,6.90,0.1150,true,1,1021139
7290105691712,false,אסם עוגיות הפסקת קפה דגנים מלאים 230 גרם,היינץ צפון אמריקה מק,IL,עוגיות הפסקת קפה חיט,גרמים,230.00,100 גרם,false,,10.90,0.0474,true,1,1021149
7290105691934,false,קמח שמרים אסם 1 קילו,תאי פרזידנט פוד פאבל,IL,"קמח שמרים אסם 1 ק""ג",גרמים,1000.00,100 גרם,false,,7.90,0.0079,true,1,1021157
7290105693341,false,מארז עשיריית במבה אסם 25*10 גרם,"אסם תעשיות בע""מ",IL,במבה חטיף בוטנים אסם,גרמים,250.00,100 גרם,false,,13.90,0.0556,true,1,1051145
7290105693457,false,עוגת הבית דמקה שוקו וניל אסם 320 גרם,מיוצר עי קונדיטוריית,IL,עוגת הבית דמקה שוקו,גרמים,320.00,100 גרם,false,,10.90,0.0341,true,1,1021183
7290105694928,false,אבקת מרק בצל רכיבים טבעיים אסם 220 גרם,"אסם תעשיות בע""מ",IL,אבקת מרק בצל רכיבים,גרמים,220.00,100 גרם,false,,15.90,0.0723,true,1,1021216
7290105695024,false,פתיתים אפויים אורז עם אטריות אסם 500 גרם,"אסם תעשיות בע""מ",IL,פתיתים אפויים אורז ע,גרמים,500.00,100 גרם,false,,4.90,0.0098,true,1,1021221
7290105695321,false,עוגת הבית בראוניס פאדג' אסם 380 גרם,מיוצר עי קונדיטוריית,IL,עוגת הבית בראוניס פא,גרמים,380.00,100 גרם,false,,14.90,0.0392,true,1,1021227
7290105695895,false,עוגת הבית דמקה דבש אסם 320 גרם,"אסם תעשיות בע""מ",IL,עוגת הבית דמקה דבש א,גרמים,320.00,100 גרם,false,,9.90,0.0309,true,1,1021236
7290105962331,false,סחוג אדום תימני חריף מאוד זהבי 220 גרם,אף.סי תבליני בגליל ב,IL,סחוג אדום תימני חריף,גרמים,220.00,100 גרם,false,,9.90,0.0450,true,1,1033565
7290105963864,false,חזרת אחלה שטראוס 220,"שטראוס גרופ בע""מ",IL,חזרת 220 גרם,גרמים,220.00,100 גרם,false,,9.90,0.0450,true,1,1033571
7290105964564,false,סלט חומוס אחלה 400גר,מיוצר עי קונדיטוריית,IL,חומוס אחלה 400 גר,גרמים,400.00,100 גרם,false,,7.80,0.0195,true,1,1509885
7290105965738,false,יוגורט לשתיה בטעם תות בננה267 ג' דנונה,מיוצר עי קונדיטוריית,IL,משקה יוגורט דנונה תו,גרמים,267.00,100 גרם,false,,4.50,0.0169,true,1,1070126
7290105966469,false,"חומץ בלסמי יד מרדכי 250 מ""ל",אצטייה ג'וזפה קרמוני,IT,חומץ בלסמי יד מרדכי,מיליליטרים,250.00,"100 מ""ל",false,,13.90,0.0556,true,1,1019225
7290105968098,false,"סלט קולסלאו 500 גרם ""אחלה""",שטראוס גרופ סלטים,IL,קולסלאו אחלה 500 גרם,גרמים,500.00,100 גרם,false,,14.90,0.0298,true,1,1033593
7290105968654,false,רביולי בטטה פרווה פסטה נונה 400 ג',מיוצר עי קונדיטוריית,IL,פסטה רביולי בטטה פרו,גרמים,400.00,100 גרם,false,,19.80,0.0495,true,1,1033594
7290106509825,false,אולוויז קואטרו פלטינום 28 יח,פרוקטר & גמבל,DE,אולוויז קואטרו פלטינ,יח',1.00,יח',false,,32.90,32.9000,true,1,6494281
7290106520066,false,רבע לשבע במילוי קרם אגוזים ובציפוי שוקולד חלב,הגביע מוצרי וופלים ב,IL,רבע לשבע במילוי קרם,גרמים,160.00,100 גרם,false,,9.90,0.0619,true,1,1019246
7290106520288,false,יוגורט פרו חלבון עם תות 2.4% שומן 150 ג' דנונה,"שטראוס בריאות בע""מ",IL,דנונה WOW תות 2.4%,גרמים,150.00,100 גרם,false,,4.50,0.0300,true,1,1284902
7290106520905,false,סלט טורקי טעמי השוק,שטראוס גרופ,IL,סלט טורקי 400 גרם,גרמים,400.00,100 גרם,false,,14.90,0.0373,true,1,1033602
7290106520912,false,"שמנת לבישול 9% 250 מ""ל יטבתה",שטראוס גרופ,IL,שמנת לבישול 9% 250 מ,מיליליטרים,250.00,"100 מ""ל",false,,7.60,0.0304,true,1,1033603
7290106521049,false,אחלה טעמי השוק קוביות סלק 400 גר,מיוצר עי קונדיטוריית,IL,קוביות סלק 400 גרם,גרמים,400.00,100 גרם,false,,14.90,0.0373,true,1,1033610
7290106524439,false,"תפוצ'יפס פופס 60 גרם ""עלית""","שטראוס פריטו ליי בע""",IL,תפוצ'יפס פופס 60 גרם,גרמים,60.00,100 גרם,false,,3.50,0.0583,true,1,4247378
7290106525320,false,אבקת שוקולית לאפייה קופסא 500ג' עלית,הנסיך- מפעל לייצור ט,IL,שוקולית לאפייה 500 ג,גרמים,500.00,100 גרם,false,,14.90,0.0298,true,1,1108403
7290106525375,false,קפה מארז טורקי שלישייה 3*125 גר עלית,עלית,,קפה מארז טורקי שלישי,גרמים,375.00,100 גרם,false,,25.90,0.0691,true,1,1070129
7290106525382,false,קפה טורקי עלית 125 גר,עלית,,קפה טורקי 125 גר,גרמים,125.00,100 גרם,false,,9.90,0.0792,true,1,1070130
7290106525399,false,קפסולות 06 ברזיל למכונות נספרסו עלית 10יח',הנסיך- מפעל לייצור ט,IL,קפסולות ברזיל למכונת,יח',1.00,יח',false,,15.90,15.9000,true,1,1565686
7290106525405,false,קפסולות למכונת נספרסו נטול קפאין,שטראוס קפה בי.וי,IL,קפסולות קפה אספרסו נ,100 יח',1.00,100 יח',false,,15.90,15.9000,true,1,1097500
7290106526822,false,פריכיות אורז חום מלא תחתית שוקולד חלב 80 גרם,"טחנת האבן תעשיות בע""",IL,פריכיות אורז חום מלא,גרמים,80.00,100 גרם,false,,7.50,0.0938,true,1,1066504
7290106528567,false,"דוריטוס גריל 185 גרם ""עלית""",שטראוס פריטו ליי (מל,IL,דוריטוס בטעם גריל 18,גרמים,185.00,100 גרם,false,,6.90,0.0373,true,1,1419614
7290106528628,false,"דוריטוס טבעי 185 גרם ""עלית""","שטראוס פריטו ליי בע""",IL,דוריטוס בטעם טבעי 18,גרמים,185.00,100 גרם,false,,6.90,0.0373,true,1,1419615
7290106528949,false,לקט ערוגות 450 גרם שטראוס,שטראוס בריאות ירקות,IL,לקט ערוגות 450 גרם ש,גרמים,450.00,100 גרם,false,,10.80,0.0240,true,1,1082766
7290106571921,false,עוגיות פיטנס עוגיות חמוציות 180 גר',מיוצר עי קונדיטוריית,IL,פיטנס עוגיות חמוציות,גרמים,180.00,100 גרם,false,,10.90,0.0606,true,1,1084775
7290106572065,false,חטיפי פריכונים טורטיה חמוץ מתוק 60 גרם,"מיוצר ע""י PT, משווק",IL,חטיפי טורטיה חמוץ מת,גרמים,60.00,100 גרם,false,,6.90,0.1150,true,1,1021254
7290106572959,false,אפרופו מארז 5 יח' *25 ג' אסם,"אסם תעשיות בע""מ",IL,מארז אפרופו 5*25 גרם,גרמים,75.00,100 גרם,false,,12.50,0.1667,true,1,1021264
7290106573024,false,סירופ דיאט אננס 1 ליטר עסיס,בית השיטה עסיס תעשיו,IL,עסיס אננס דיאט 1לי,ליטרים,1.00,ליטר,false,,17.90,17.9000,true,1,1021267
7290106573277,false,חטיף קרקר קריספי עם זיתים כבושים,מיוצר עי קונדיטוריית,IL,קריספי טאפאס זיתים א,גרמים,150.00,100 גרם,false,,10.90,0.0727,true,1,1021271
7290106573598,false,צבר חומוס לבנוני 400 גרם,סלטי צבר,IL,חומוס לבנוני צבר 400,גרמים,400.00,100 גרם,false,,11.90,0.0298,true,1,1021277
7290106573628,false,צבר חומוס עם טחינה 400 גרם,לחמנו,IL,חומוס עם טחינה צבר 4,גרמים,400.00,100 גרם,false,,11.90,0.0298,true,1,1021278
7290106574953,false,בייגלה שטוחים כעכים שטוחים עם שומשום,מיוצר עי קונדיטוריית,IL,בייגלה שטוחים שומשום,גרמים,300.00,100 גרם,false,,9.90,0.0330,true,1,1021299
7290106574977,false,בייגלה שטוחים כעכים שטוחים עם מלח,מיוצר עי קונדיטוריית,IL,בייגלה שטוחים מלח אס,גרמים,300.00,100 גרם,false,,9.90,0.0330,true,1,1021300
7290106575011,false,פתיתים אפויים קוסקוס מחיטה מלאה אסם 400 גרם,מיוצר עי קונדיטוריית,IL,פתיתים אפויים קוסקוס,גרמים,400.00,100 גרם,false,,4.90,0.0123,true,1,1021301
7290106576513,false,סלט חומוס צבר 400 גר,סלטי צבר,IL,חומוס חלק 400 ג,גרמים,400.00,100 גרם,false,,8.90,0.0223,true,1,1069020
7290106576537,false,חומוס מסעדות צבר 700 גרם,סלטי צבר,IL,חומוס מסעדות צבר 700,גרמים,700.00,100 גרם,false,,10.80,0.0154,true,1,1021324
7290106577282,false,טחינה אמיתית מרובע 400 ג' צבר,סלטי צבר,IL,סלט טחינה צבר 400 ג,גרמים,400.00,100 גרם,false,,11.90,0.0298,true,1,1021326
7290106577527,false,סלט קולסלאו כרוב לבן וגזר 400 ג' צבר,סלטי צבר,IL,סלט קולסלאו צבר 400,גרמים,400.00,100 גרם,false,,11.90,0.0298,true,1,1021334
7290106577541,false,צבר כרוב אדום מרובע 400גרם,סלטי צבר,IL,כרוב אדום מרובע 400,גרמים,400.00,100 גרם,false,,10.90,0.0273,true,1,1021335
7290106578692,false,אוסם - במבה ביסלי מיקס 80 גרם,פרו מן יו פתרונות אר,IL,ביסלי במבה מיקס 80 ג,גרמים,80.00,100 גרם,false,,3.90,0.0487,true,1,1077355
7290106578821,false,הבית עוגת שמרים קלאסית בטעם שוקולד 350גר.,מיוצר עי קונדיטוריית,IL,עוגת שמרים שוקולד קל,גרמים,350.00,100 גרם,false,,14.90,0.0426,true,1,1078202
7290106652996,false,כיף כף מקלות קוקוס חלבי 40 גר',סולן בעבור שטראוס,TR,מקלות כיף כף קוקוס ע,יחידה,0.00,יחידה,false,,4.90,0.0000,true,1,6913000
7290106653689,false,לקט לסלט אסיאתי 350 גר שטראוס,"שטראוס מזון טרי בע""מ",IL,לקט לסלט אסיאתי 350,גרמים,350.00,100 גרם,false,,10.90,0.0311,true,1,2811068
7290106654099,false,מילקי CAKE עוגות אישיות במילוי קרם חלב,אירו קייקס אס פי איי,IT,מארז מילקי קייק שמינ,גרמים,272.00,100 גרם,false,,19.90,0.0732,true,1,1284938
7290106662964,false,גומי יין סוכריות גומי מסוכרות בטעמי פירות,טופגאם תעשיות ממתקים,IL,סוכריות גומי יין,גרמים,100.00,100 גרם,false,,5.90,0.0590,true,1,1179650
7290106663091,false,"לאבנה 9 % עם שמן זית 500 גר' ""שטראוס""",הדקלאים אגודת שיתופי,IL,גבינת לאבנה 9% שומן,גרמים,500.00,100 גרם,false,,16.90,0.0338,true,1,1239564
7290106663503,false,יד מרדכי קונפיטורת לייט תות 230 גר,אף.סי תבליני בגליל ב,IL,קונפיטורת תות שדה לי,גרמים,230.00,100 גרם,false,,10.90,0.0474,true,1,1128776
7290106663558,false,"רוטב טריאקי ורימון יד מרדכי 280מ""ל",אף.סי תבליני בגליל ב,IL,רוטב טריאקי 320 גרם,גרמים,320.00,100 גרם,false,,11.90,0.0372,true,1,1191317
7290106664067,false,לאבנה עם שמן זית וזעתר 10% שטראוס 400 ג',הדקלאים אגודת שיתופי,IL,לאבנה שמן זית וזעתר,גרמים,400.00,100 גרם,false,,13.90,0.0348,true,1,1239585
7290106664555,false,"רוטב שמנת עם עגבניות 9% שומן 250 מ""ל יוטבתה",שטראוס גרופ,IL,רוטב שמנת עם עגבניות,מיליליטרים,250.00,"100 מ""ל",false,,9.80,0.0392,true,1,1229464
7290106666788,false,עלית - סוכריות נוסטלגיה דבש ממולאות 80 גרם,שטראוס גרופ,PL,סוכריות דבש ממולאות,גרמים,80.00,100 גרם,false,,4.80,0.0600,true,1,1179652
7290106667266,false,"דוריטוס חמוץ חריף 185 גרם ""עלית""",שטראוס פריטו ליי (מל,IL,דוריטוס חמוץ חריף 18,גרמים,185.00,100 גרם,false,,6.90,0.0373,true,1,1419620
7290106668577,false,"מיץ לימון טבעי 250 מ""ל ""יד מרדכי""",האי נאם סי או אל.טי.,IT,"מיץ לימון 250 מ""ל",מיליליטרים,250.00,"100 מ""ל",false,,7.80,0.0312,true,1,1191319
7290106668713,false,יוגורט עם פירות יער 3% שומן 150 ג' דנונה,מיוצר עי קונדיטוריית,IL,יוגורט דנונה פירות י,מיליליטרים,150.00,"100 מ""ל",false,,3.50,0.0233,true,1,1201613
7290106669857,false,קפסולות 06 אספרסו בטעם וניל עלית 10יח',הנסיך- מפעל לייצור ט,IL,קפסולות אספרסו בטעם,100 יח',1.00,100 יח',false,,15.90,15.9000,true,1,2825319
7290106720626,false,צ'יטוס קראנצ' בטעם גבינה - חלבי,"שטראוס פריטו ליי בע""",IL,ציטוס גבינה 80 גר,גרמים,80.00,גרם,false,,4.20,0.0525,true,1,2942665
7290106721920,false,צנצנת מסטיק מאסט בטעם ספירמינט עדין 66 ג' עלית,"שטראוס גרופ בע""מ.",IL,מאסט בוקס,גרמים,66.00,100 גרם,false,,8.90,0.1348,true,1,1179655
7290106723689,false,עלי תרד בייבי שטראוס 200 גרם,שטראוס בריאות ירקות,IL,עלי תרד בייבי 200 גר,גרמים,200.00,100 גרם,false,,10.90,0.0545,true,1,1128743
7290106725867,false,"סירופ מייפל טבעי 189 מ""ל ""יד מרדכי""",קוסלסי פוד,CA,"סירופ מייפל 189 מ""ל",מיליליטרים,189.00,"100 מ""ל",false,,29.90,0.1582,true,1,1251470
7290106726178,false,יוגורט PRO עם פירות יער 2.4% 10 גרם חלבון בגביע,מיוצר עי קונדיטוריית,IL,דנונה WOW פירות יער,גרמים,150.00,100 גרם,false,,4.50,0.0300,true,1,1239587
7290106727984,false,"כיף כף פצפצים בגביע 135 גרם ""עלית""",שולן צ'יקולטה גידה ס,TR,גביע כיף כף פצפצים 1,גרמים,135.00,100 גרם,false,,9.90,0.0733,true,1,1920252
7290106729650,false,יוגורט עם תות מאגדת 8 יח' * 150ג' דנונה,דנונה - שטראוס,IL,מארז דנונה 8 יח 1.2,ליטרים,1.20,ליטר,false,,23.90,19.9167,true,1,1491011
7290106745728,false,"חוברת לימוד 10 ש""ח - מוכנות לכיתה ג' חשב",General,IL,חוברת לימוד מוכנות ל,יח',1.00,יח',false,,10.00,10.0000,true,1,1616064
7290107280020,false,מטליות לחות סנו סושי לניקוי כללי שלישיה *50 יח',טרופיקל דגיל- תעשיות,IL,שלישיית מגבונים סנו,יח',3.00,יח',false,,16.90,5.6333,true,1,1024037
7290107280037,false,מטלית לחות עבות לניקוי סנו סושי מארז 50יח',דינאמיק תעשיות,IL,סנו מטליות עבות גדול,יח',1.00,יח',false,,8.90,8.9000,true,1,1057520
7290107280068,false,סנו סושי תבנית אלומיניום ענק א.לארג 2 יח,סנו סושי,,סנו סושי תבנית אלומי,יח',1.00,יח',false,,7.50,7.5000,true,1,4186334
7290107280112,false,סנו סופט נייר טואלט 24 גל.,Unknown,IL,סנו סופט נייר טואלט,גרמים,1450.00,100 גרם,false,,24.90,0.0172,true,1,6926966
7290107280389,false,"סנו - ג'ט מרסס לניקוי בחדר האמבטיה 750 מ""ל","איי, בי, אינבוו",IL,"סנו ג'ט לאמבט 750 מ""",מיליליטרים,750.00,"100 מ""ל",false,,11.90,0.0159,true,1,1051030
7290107280396,false,"סנו - ג'ט מרסס לניקוי יסודי במטבח 750 מ""ל","סנו מפעלי ברונוס בע""",IL,"סנו ג'ט למטבח 750 מ""",מיליליטרים,750.00,"100 מ""ל",false,,11.90,0.0159,true,1,1024040
7290107280563,false,אוקסיג'ן ג'ל לכביסה בייבי 3ל',"איי, בי, אינבוו",IL,סנו אוקסיג'ן בייבי 3,ליטרים,3.00,ליטר,false,,28.90,9.6333,true,1,1122880
7290107280570,false,סנו - מקסימה ג'ל כביסה מרוכז לכביסה צבעונית 3 ליטר,מיוצר עי קונדיטוריית,IL,סנו מקסימה ג'ל לכביס,ליטרים,3.00,ליטר,false,,28.90,9.6333,true,1,1122881
7290107280600,false,טבליות למדיח סנו ספארק 100 טבליות במארז,גרופה אינקו,PL,סנו ספארק טבל 100 יח,קילוגרמים,2.00,"ק""ג",false,,47.90,23.9500,true,1,4121756
7290107280655,false,אבקת כביסה Baby לתינוקות ולעור רגיש,סנו מקסימה,IL,סנו מקסימה בייבי 3.2,קילוגרמים,3.25,"ק""ג",false,,29.90,9.2000,true,1,1137433
7290107280709,false,"סנו ספארק נוזל הברקה למדיח 700 מ""ל","סנו מפעלי ברונוס בע""",IL,סנו ספארק נוזל הברקה,מיליליטרים,700.00,"100 מ""ל",false,,10.90,0.0156,true,1,1137459
7290107280716,false,מלח למדיח להגנה מפני אבנית סנו ספארק Spark,סנו ספארק,IL,סנו ספארק מלח למדיח,קילוגרמים,2.00,"ק""ג",false,,9.90,4.9500,true,1,1137460
7290107280723,false,נוזל לניקוי כלים סנו ספארק Spark בניחוח לימון רענן,סנו כימיקלים,IL,סנו ספארק נוזל לכלים,מיליליטרים,700.00,"100 מ""ל",false,,7.90,0.0113,true,1,1144650
7290107280730,false,נוזל לניקוי כלים סנו ספארק Spark בניחוח לבנדר,מיוצר עי קונדיטוריית,IL,סנו ספארק נוזל לכלים,מיליליטרים,700.00,"100 מ""ל",false,,7.90,0.0113,true,1,1144651
7290107280747,false,נוזל לניקוי כלים סנו ספארק Spark קלאסי,סנו כימיקלים,IL,סנו ספארק נוזל לכלים,מיליליטרים,700.00,"100 מ""ל",false,,7.90,0.0113,true,1,1144652
7290107280754,false,נוזל כלים סנו ספארק Spark היפואלרגני פריחת השקד,סנו ספארק,IL,סנו ספארק נוזל לכלים,מיליליטרים,700.00,"100 מ""ל",false,,7.90,0.0113,true,1,1144653
7290107280761,false,נוזל לניקוי כלים בניחוח לימון רענן סנו ספארק Spark,מיוצר עי קונדיטוריית,IL,סנו ספארק נוזל לכלים,ליטרים,1.00,ליטר,false,,10.70,10.7000,true,1,1144654
7290107280822,false,סנו ריצפז פרש הום 2 ליטר בניחוח ספא,סנו פרש Fresh,IL,ריצפז פרש הום 2לי,ליטרים,2.00,ליטר,false,,19.80,9.9000,true,1,1173726
7290107545365,false,אורנה 19 קרם גוף ונילה אנד סולט,אלפא,IL,תחליב גוף בניחוח וני,מטרים,400.00,100 מ'ל,false,,19.90,0.0497,true,1,6817499
7290107645584,false,אבקת מרק עוף אמיתי רכיבים טבעיים 400 גרם - רבנות,יוניליוור ישראל מזון,IL,מרק 400 עוף אמיתי 10,גרמים,400.00,100 גרם,false,,19.90,0.0497,true,1,4457540
7290107645591,false,אבקת מרק בטעם עוף 100% רכיבים טבעיים 400 גרם,יוניליוור ישראל מזון,IL,מרק 400 טעם עוף 100%,גרמים,400.00,100 גרם,false,,14.90,0.0373,true,1,4457541
7290107646062,false,אבקת מרק בצל רכיבים טבעיים קנור 400 ג',יוניליוור ישראל מזון,IL,מרק 400 בצל 100% רכב,גרמים,400.00,100 גרם,false,,18.90,0.0472,true,1,4457543
7290107646383,false,סיף מטליות לחות לניקוי רצפות בניחוח לימו,עלבד משואות יצחק בעמ,IL,סיף מטליות לחות לניק,יח',1.00,יח',false,,9.90,9.9000,true,1,3335082
7290107646918,false,רוטב עגבניות ופלפלים לשקשוקה 415 ג' קנור,קונסורזיו קאסאלאסקו,IL,קנור רוטב עגבניות לש,מיליליטרים,415.00,"100 מ""ל",false,,9.90,0.0239,true,1,3725859
7290107646963,false,"מיונז תלמה טעם ספייסי 273 גר בד""ץ",תלמה,IL,מיונז תלמה טעם ספייס,גרמים,273.00,100 גרם,false,,7.90,0.0289,true,1,6858507
7290107646970,false,"מיונז תלמה איולי שום 273 גר בד""ץ",תלמה,IL,מיונז תלמה איולי שו,גרמים,273.00,100 גרם,false,,7.90,0.0289,true,1,6858508
7290107647656,false,מאגדת מיני סולרו קוקוס אננס 245 ג',"מיוצר ע""י גלידת שטרא",IL,קרחון שרבט קוקוס ואנ,גרמים,290.00,100 גרם,false,,19.50,0.0672,true,1,5572180
7290107647731,false,קוקומן חום לבן בטעם שוקולד ווניל,אתר שפע - Food,IL,קוקומן חום לבן 20%פח,גרמים,375.00,100 גרם,false,,19.90,0.0531,true,1,3730347
7290107647816,false,"דגני ברנפלקס ללא תוספת סוכר 500 גרם בד""צ",יוניליוור ישראל מזון,IL,ברנפלקס ללא תוספת סו,גרמים,500.00,100 גרם,false,,19.90,0.0398,true,1,4081664
7290107648943,false,"ברנפלקס קרנצ'ים מייפל 375 גר' בד""ץ",יוניליוור שפע ישראל,IL,ברנפלקס קרנצ'ים מייפ,גרמים,375.00,100 גרם,false,,19.90,0.0531,true,1,4834597
7290107648974,false,קנור רוטב לפסטה עגבניות עם בזיליקום,יוניליוור,IL,קנור רוטב לפסטה עגבנ,גרמים,415.00,100 גרם,false,,9.90,0.0239,true,1,5407812
7290107649100,false,בייגלה טבעות שומשום 300 גר',בייגל את בייגל מזון,IL,בייגלה טבעות שומשום,גרמים,300.00,100 גרם,false,,8.90,0.0297,true,1,5519591
7290107815666,false,חוברת לימוד מתחילים ללמוד למתקדמים לגיל 7,,,חוברת לימוד מתחילים,יח',1.00,יח',false,,10.00,10.0000,true,1,1183518
7290107871990,false,"פסטה צינורות 500 גרם ""אסם""",פסטה זארה,IT,פסטה צינורות אסם 500,גרמים,500.00,100 גרם,false,,4.90,0.0098,true,1,1105271
7290107874502,false,ביסלי גריל קדמ. מארז אחיד 10 4*55 גרם,מיוצר עי קונדיטוריית,IL,ביסלי גריל 4*55גרם,גרמים,220.00,100 גרם,false,,12.50,0.0568,true,1,1610684
7290107875004,false,פופקורן חמאה ודבש מארז12*20גר',,,פופקו חמאה ודבש מארז,יח',1.00,יח',false,,16.90,16.9000,true,1,5482234
7290107875271,false,ביסלי ברביקיו קדמ. מארז אחיד10 4*55 גרם,"אסם תעשיות בע""מ",IL,ביסלי ברביקיו 4*55גר,גרמים,220.00,100 גרם,false,,12.50,0.0568,true,1,1610686
7290107908450,false,קופסא מעוצבת,,,קופסא מעוצבת,יח',1.00,יח',false,,6.90,6.9000,true,1,6743675
7290107908467,false,סנדוויץ בוקס גבינה/נ,,,קופסא מעוצבת,יח',1.00,יח',false,,6.90,6.9000,true,1,6759894
7290107909006,false,סיר מקושט 2 ל אותנטי,,,סיר מקושט 2 ל אותנטי,יח',1.00,יח',false,,9.90,9.9000,true,1,6775592
7290107909013,false,סיר מיקרוגל 3 ליטר אותנטי,,,סיר מקושט 3ל אותנטי,יח',1.00,יח',false,,12.90,12.9000,true,1,6775593
7290107909495,false,סט לאנץ בוקס משובח,,,סט לאנץ בוקס משובח,יח',1.00,יח',false,,19.90,19.9000,true,1,6781210
7290107930321,false,קונפיטורת יד מרדכי דובדובן 340 גרם,"בית אל מזון בע""מ",IL,קונפיטורה דובדבן 340,גרמים,340.00,100 גרם,false,,10.90,0.0321,true,1,1218290
7290107931397,false,כיף כף פצפוצים במילוי שוקולד 40 גרם,שולן צ'יקולטה גידה ס,TR,כיף כף פצפצים,גרמים,40.00,100 גרם,false,,4.70,0.1175,true,1,1478549
7290107932080,false,חלב מועשר יוטבתה בבקבוק 3% 1 ליטר,מחלבת יטבתה,IL,חלב בבקבוק 3% מועשר,ליטרים,1.00,ליטר,false,,7.20,7.2000,true,1,1248298
7290107932134,false,חלב מועשר יוטבתה בבקבוק 1% 1 ליטר,מחלבת יטבתה,IL,חלב בבקבוק 1% מועשר,ליטרים,1.00,ליטר,false,,7.20,7.2000,true,1,1248300
7290107933155,false,הירק של מוטקה סלנובה,שטראוס בריאות ירקות,IL,לקט סלנובה 200 ג,גרמים,200.00,100 גרם,false,,11.90,0.0595,true,1,1297181
7290107934473,false,מארז 8 יח' אקטיביה יוגורט קרמי 1.5% שומן,דנונה - שטראוס,IL,יוגורט אקטיביה לבן 1,ליטרים,1.20,ליטר,false,,19.90,16.5833,true,1,1227313
7290107936309,false,דנונה יוגורט 7% יווני לבן 130 ג',"שטראוס בריאות בע""מ",IL,דנונה יווני לבן 130,גרמים,130.00,100 גרם,false,,3.20,0.0246,true,1,2341870
7290107936460,false,מארז 8 יח' דנכול משקה יוגורט בטעם מעודן,מיוצר עי קונדיטוריית,IL,דנכול בטעם מעודן שמי,גרמים,800.00,100 גרם,false,,28.90,0.0361,true,1,1371886
7290107936958,false,עד חצות ביסקוויט אצבעות שוקולד 125 גרם,הדקלאים אגודת שיתופי,FR,עד חצות אצבעות 125 ג,גרמים,125.00,100 גרם,false,,9.90,0.0792,true,1,3824951
7290107936965,false,עיגולים עד חצות עם שוקולד חלב 225 גר,ביסקווטרי עוגיות סנט,FR,עד חצות עיגולים 225,גרמים,225.00,100 גרם,false,,11.90,0.0529,true,1,3824952
7290107937542,false,משקה יוגורט אקטיביה עם תות 1.2% שומן,מיוצר עי קונדיטוריית,IL,משקה אקטיביה תות 1.2,מיליליטרים,265.00,"100 מ""ל",false,,4.80,0.0181,true,1,1636232
7290107937627,false,מסטיק מאסט Must קוביות ללא סוכר בטעם מנטה עדינה,אסקום קונפקשיין,IL,מאסט קוביות מסטיק ספ,גרמים,58.00,100 גרם,false,,9.90,0.1707,true,1,2293449
7290107937634,false,צנצנית מסטיק מאסט קוביות פפירמינט 58 ג' עלית,אסקום קונפקשיין,IL,מאסט קוביות מסטיק פפ,גרמים,58.00,100 גרם,false,,9.90,0.1707,true,1,2293471
7290107937856,false,קפסולות 11חזק למכונות נספרסו עלית 10יח',הנסיך- מפעל לייצור ט,IL,קפסולות למכונה עלית,יח',1.00,יח',false,,15.90,15.9000,true,1,2139329
7290107938396,false,"אקטימל משקה פרוביוטי תות 100X8 מ""ל",מיוצר עי קונדיטוריית,IL,אקטימל שמינייה תות,גרמים,864.00,100 גרם,false,,19.90,0.0230,true,1,1804004
7290107939027,false,גזר דק דק 250 גרם שטראוס,שטראוס בריאות ירקות,IL,גזר דק דק 250 גרם שט,גרמים,250.00,100 גרם,false,,5.90,0.0236,true,1,2341918
7290107940467,false,אקטיביה יוגורט 1.5% שומן 200 ג' דנונה,מיוצר עי קונדיטוריית,IL,אקטיביה 200גר 1.5%,גרמים,200.00,100 גרם,false,,3.70,0.0185,true,1,1804007
7290107941259,false,"עדשים ירוקות מבושלות 475 גרם ""טעם הטבע",הורקסה לס לגונס דה ס,ES,עדשים ירוקים מבושלים,גרמים,475.00,100 גרם,false,,10.90,0.0229,true,1,2412098
7290107941266,false,שעועית אדומה מבושלת 475 גר שטראוס,הורקסה לס לגונס דה ס,ES,שעועית אדומה מבושלת,גרמים,475.00,100 גרם,false,,19.90,0.0419,true,1,2412080
7290107941273,false,"חומוס מבושל 475 גרם ""טעם הטבע",הורקסה לס לגונס דה ס,ES,חומוס מבושל 475 גר ש,גרמים,475.00,100 גרם,false,,10.90,0.0229,true,1,2412099
7290107943192,false,"שמנת חמוצה מהערבה 27% שומן 200 מ""ל יטבתה",מחלבת יטבתה,IL,שמנת חמוצה מהערבה 27,מיליליטרים,200.00,"100 מ""ל",false,,3.90,0.0195,true,1,3791813
7290107943369,false,קוואקר שיבולת שועל ללא גלוטן 511 גרם,היידי שוקולד בירונטי,US,קוואקר שיבולת שועל ל,גרמים,511.00,100 גרם,false,,17.90,0.0350,true,1,3526092
7290107944243,false,אפיפיות בטעם שוקולד 200 גרם כשר לפסח,"שטראוס גרופ בע""מ",IL,וופל אפיפית 200ג ללא,גרמים,200.00,100 גרם,false,,6.90,0.0345,true,1,3645773
7290107944472,false,סימפוניה גבינה במרקם שמנת 5% שום שמיר,"שטראוס בריאות בע""מ",IL,סימפוניה שום שמיר 5%,גרמים,200.00,100 גרם,false,,10.40,0.0520,true,1,2412139
7290107945165,false,קונפיטורת יד מרדכי משמש 340 גר,אף.סי תבליני בגליל ב,IL,קונפיטורת משמש 340 ג,גרמים,340.00,100 גרם,false,,10.90,0.0321,true,1,2825261
7290107950190,false,מעדן חלב דל קלוריות בטעם שוקולד מריר 0.5% שומן,מיוצר עי קונדיטוריית,IL,מעדן שטראוס דיאט שוק,גרמים,130.00,100 גרם,false,,3.20,0.0246,true,1,2341851
7290107950206,false,מעדן שטראוס דיאט 0% שוקולד 130ג',מיוצר עי קונדיטוריית,IL,מעדן שטראוס דיאט שוק,גרמים,130.00,100 גרם,false,,3.20,0.0246,true,1,2341852
7290107951104,false,בפלות ופלים ארוכים בטעם שוקולד,"א.ג. גילרו בע""מ",IL,בפלות שוקולד 200 גר,גרמים,200.00,100 גרם,false,,3.90,0.0195,true,1,2412218
7290107951111,false,בפלות ופלים ארוכים בטעם לימון,"א.ג. גילרו בע""מ",IL,בפלות לימון 200 גר ב,גרמים,200.00,100 גרם,false,,3.90,0.0195,true,1,2412219
7290107953559,false,קפה טורקי עלית לדרך שקיות 24X7ג',הנסיך- מפעל לייצור ט,IL,מארז קפה טורקי לדרך,גרמים,168.00,100 גרם,false,,16.90,0.1006,true,1,2551876
7290107954709,false,"קונפיטורת פירות יער ""יד מרדכי"" 340 גר'",יד מרדכי,,קונפיטורת פירות יער,גרמים,340.00,100 גרם,false,,11.90,0.0350,true,1,3301964
7290107956642,false,"תרסיס שמן זית 150 מ""ל ""יד מרדכי""",פארייפאבה אגרואינדוס,ES,תרסיס שמן זית 150 מל,מיליליטרים,150.00,"100 מ""ל",false,,17.90,0.1193,true,1,4204374
7290107956901,false,קפסולות בטעם אגוזים למכונות נספרסו 50 גר,שטראוס גרופ,IL,קפסולות אספרסו בטעם,יח',1.00,יח',false,,15.90,15.9000,true,1,4131149
7290107956925,false,קפסולות 13 אוגנדה למכונת נספרסו עלית 10יח',שטראוס קפה בי.וי,IL,קפסולות אוגנדה 13 50,יח',1.00,יח',false,,15.90,15.9000,true,1,5422663
7290107956932,false,קפסולות אספרסו אידונזיה למכונות 50 גר,שטראוס קפה בי.וי,IL,קפסולות קפה אינדונזי,יח',1.00,יח',false,,15.90,15.9000,true,1,3824955
7290107958035,false,יוגורט במתיקות מעודנת 2% ללא תוספת סוכר- מארז 8 יח,דנונה - שטראוס,IL,מארז 8 דנונה מעודנת,קילוגרמים,1.20,"ק""ג",false,,17.90,14.9167,true,1,3977349
7290107971539,false,חטיף בוטנים וקשיו עם שוקולד מריר ללא גלוטן,אמקו סאם מילס ספול.,CZ,פרי חטיף בוטנים וקשי,גרמים,140.00,100 גרם,false,,15.90,0.1136,true,1,1576234
7290107973014,false,"סבון ידיים חלב ודבש 330 מ""ל ""פלמוליב""",הנסיך- מפעל לייצור ט,TR,פלמוליב סבון ידיים 3,מיליליטרים,300.00,"100 מ""ל",false,,10.90,0.0363,true,1,1782288
7290107973038,false,"סבון ידיים אקווריום 330 מ""ל ""פלמוליב""",הנסיך- מפעל לייצור ט,TR,פלמוליב סבון ידיים 3,מיליליטרים,300.00,"100 מ""ל",false,,10.90,0.0363,true,1,1782290
7290107973311,false,קולגייט מברשת שיניים 360 פחם זהב זוג,הנסיך- מפעל לייצור ט,CN,קולגייט מברשת 360 פח,יח',1.00,יח',false,,24.90,24.9000,true,1,1478487
7290107973861,false,מאסטר שף עגבניות קצוצות דק שלישיה 400ג*3 כשלפ,קונסרזיו קאסאלאסקו ד,IT,מנה עגבניות קצוצות ד,קילוגרמים,1.20,"ק""ג",false,,15.90,13.2500,true,1,1924999
7290107974073,false,מנה עלי טורטיה קמח לבן מ.שף 20 סמ 320 גר,אלקאטי קורביישיסי גי,ES,מאסטר שף עלי טורטיה,מיליליטרים,320.00,"100 מ""ל",false,,7.90,0.0247,true,1,1576327
7290107974080,false,מנה עלי טורטיה קמח לבן מ.שף 25 סמ 840 גר,הדקלאים אגודת שיתופי,TR,מאסטר שף עלי טורטיה,גרמים,744.00,100 גרם,false,,15.90,0.0214,true,1,1576328
7290107974301,false,ליידי ספיד סטיק - דאודורנט ג'ל לאישה אלוורה 45 גרם,ליידי ספיד סטיק Lady Speed Stick,US,ליידי ספיד סטיק אלוו,גרמים,65.00,100 גרם,false,,14.90,0.2292,true,1,3154466
7290107974820,false,מנה מאסטר שף ממרח מתובל ספייסי 248 גר,מאסטר שף,NL,מאסטר שף מיונז מתובל,גרמים,252.00,100 גרם,false,,7.90,0.0313,true,1,2293545
7290107974837,false,מנה מאסטר שף ממרח מתובל שום 246 גר,מאסטר שף,NL,מאסטר שף מיונז מתובל,גרמים,253.00,100 גרם,false,,7.90,0.0312,true,1,2293546
7290107975360,false,ליידי ספיד סטיק פיור פרשנס ג'ל נשים 65ג',ליידי ספיד סטיק Lady Speed Stick,US,ליידי ספיד סטיק פיור,גרמים,65.00,100 גרם,false,,14.90,0.2292,true,1,3285164
7290107975544,false,"קולגייט משחת שיניים סמיילס ברבי לגילאי 6 50מ""ל",קולגייט פלמוליב,PL,קולגייט סמיילס ברבי,מיליליטרים,50.00,"100 מ""ל",false,,11.90,0.2380,true,1,3253622
7290107976848,false,פלמוליב סבון מוצק קמומיל רביעייה 360 ג,קולגייט פלמוליב,TR,פלמוליב סבון מוצק קמ,יח',1.00,יח',false,,16.90,16.9000,true,1,3873089
7290107976916,false,"סבון ידיים חלב זיתים 300 מ""ל ""פלמוליב""",פלמוליב Palmolive,IT,פלמוליב סבון ידיים 3,מיליליטרים,300.00,"100 מ""ל",false,,10.90,0.0363,true,1,3494348
7290107977456,false,"פלמוליב - ג'ל רחצה ושמפו ספורט לגבר 750 מ""ל",קולגייט פלמוליב,TR,פלמוליב לגבר ג'ל רחצ,מיליליטרים,750.00,"100 מ""ל",false,,19.90,0.0265,true,1,6415673
7290107977753,false,"משחת שיניים פרודונט אקספרט מרידול , 75 מ""ל",קולגייט פלמוליב,PL,מרידול שיניים פרודונ,גרמים,75.00,100 גרם,false,,24.90,0.3320,true,1,3873090
7290107978101,false,מש.שיניים קולגייט א.וויט אקסטרה פאוור 75,קולגייט-פלמוליב,PL,קולגייט אופטיק וויטן,מטרים,75.00,100 מ'ל,false,,24.90,0.3320,true,1,4643164
7290107978132,false,קולגייט מברשת זיגזג שישייה,קולגייט פלמוליב,PL,קולגייט מברשת זיגזג,יח',1.00,יח',false,,17.90,17.9000,true,1,5595167
7290108079357,false,מארז בלונים על מקל לניפוח עצמי HAPPY BIRTHDAY - כסף,,,סט בלונים 14,יח',1.00,יח',false,,29.90,29.9000,true,1,6234262
7290108193787,false,מדבקות/ בלונים/ יצירה,,,מדבקות/ בלונים/ יציר,יח',1.00,יח',false,,6.90,6.9000,true,1,3285167
7290108196160,false,גומי צבעוני לקפיצה,,,גומי לקפיצה צבעוני,יח',1.00,יח',false,,8.90,8.9000,true,1,6787230
7290108201437,false,"אבקת כביסה קולון 101 2.5 ק""ג",רקיט בנקיזר,,אבקת קולון 101 2.5 ק,קילוגרמים,2.50,"ק""ג",false,,24.90,9.9600,true,1,2862695
7290108201864,false,קולון קפסולות גל לכביסה 28 יחידות,רקיט בנקיזר,PL,קולון קפסולות לכביסה,יח',1.00,יח',false,,24.90,24.9000,true,1,3902452
7290108270006,false,לפתניה קרם (25 יח') רמי לוי,חגיגית,,לפתניה קרם 25 רמי לו,יח',25.00,יח',false,,4.90,0.1960,true,1,1132451
7290108270013,false,לפתניה זהב 25 יחידות,חגיגית,,לפתניה זהב 25 יחידות,יח',25.00,יח',false,,4.90,0.1960,true,1,1132452
7290108270020,false,לפתניה כסף 25 יחידות,חגיגית,,לפתניה כסף 25 יחידות,יח',25.00,יח',false,,4.90,0.1960,true,1,1132453
7290108270143,false,קערית אובלי קטן כסף 25 יחידות,חגיגית,,קערית אובלי קטן כסף,יח',1.00,יח',false,,5.50,5.5000,true,1,1132465
7290108270433,false,כוסות שתיה קרה רמי לוי 150 יח,חגיגית,,כוסות שתיה קרה רמי ל,יח',1.00,יח',false,,18.90,18.9000,true,1,1132494
7290108270563,false,סכין מהודר זהב 50 יחידות,חגיגית,,סכין מהודר זהב 50 יח,יח',50.00,יח',false,,8.90,0.1780,true,1,1132507
7290108270570,false,כפית מהודרת זהב 50 י,חגיגית,,כפית מהודרת זהב 50 י,יח',50.00,יח',false,,6.90,0.1380,true,1,1132508
7290108270594,false,כף מהודרת זהב 50 יחי,חגיגית,,כף מהודרת זהב 50 יחי,יח',50.00,יח',false,,8.90,0.1780,true,1,1132510
7290108270686,false,קערה מרובעת בינונית,חגיגית,,קערה מרובעת בינונית,יח',1.00,יח',false,,6.90,6.9000,true,1,1132519
7290108270723,false,קערה אובלית,חגיגית,,קערה אובלית,יח',1.00,יח',false,,7.90,7.9000,true,1,1132523
7290108270730,false,מגש מרובע,חגיגית,,מגש מרובע,יח',1.00,יח',false,,3.90,3.9000,true,1,1132524
7290108271164,false,מגשית אלומיניום קטנה עם מכסה R29 (5 יח'),ב.ה. דבליו,,מגשיות אלומיניום קטנ,5 יח',1.00,5 יח',false,,6.90,6.9000,true,1,1132595
7290108271171,false,מגשית אלומיניום גדול עם מכסה R2 (3 יח'),חגיגית,,מגשיות אלומיניום קטנ,3 יח',1.00,3 יח',false,,6.90,6.9000,true,1,1132596
7290108271331,false,נייר אפייה 50 יחידות,חגיגית,,נייר אפייה 50 יחידות,יח',50.00,יח',false,,8.90,0.1780,true,1,1186143
7290108271409,false,חגיגית - נייר סנדוויץ 100 יח',חגיגית,,נייר סנדוויץ 100 יחי,יח',100.00,יח',false,,8.90,0.0890,true,1,1189019
7290108271416,false,שקיות אשפה 52/65 עם שרוך רמי לוי,רמי לוי,,שקיות אשפה 52/65 עם,יח',60.00,יח',false,,16.90,0.2817,true,1,1197803
7290108271423,false,שקיות אשפה 52/65 עם שרוך רמי לוי 100 יח,רמי לוי,,שקיות אשפה 52/65 עם,יח',100.00,יח',false,,25.90,0.2590,true,1,1197804
7290108271430,false,שקיות אשפה עם שרוך 2*10 רמי לוי,רמי לוי,,שקיות אשפה עם שרוך 2,יח',20.00,יח',false,,13.90,0.6950,true,1,1197805
7290108271447,false,שקית אשפה 90*75 גליל רמי לוי,רמי לוי,,שקית אשפה 90*75 גליל,יח',50.00,יח',false,,9.90,0.1980,true,1,1197806
7290108271454,false,שקיות מזון בקופסא רמי לוי 300 יח,רמי לוי,,שקיות מזון בקופסא רמ,יח',300.00,יח',false,,9.50,0.0317,true,1,1197807
7290108271461,false,שקיות רב שימושיות (הקפאה) 200 יחידות,רמי לוי,,שקיות רב שימושיות (ה,יח',200.00,יח',false,,7.90,0.0395,true,1,1197845
7290108271478,false,שקיות גופייה 50/70 רמי לוי 40 יח,איכותית,IL,שקיות גופייה 50/70 ר,יח',40.00,יח',false,,13.90,0.3475,true,1,1197846
7290108271485,false,שקיות גופייה 75/90 רמי לוי 25 יח,איכותית,IL,שקיות גופייה 75/90 ר,יח',25.00,יח',false,,13.90,0.5560,true,1,1197847
7290108271492,false,נייר אפייה רמי לוי 37*42,רמי לוי,,נייר אפייה רמי לוי 3,יח',50.00,יח',false,,7.90,0.1580,true,1,1197848
7290108271577,false,כוסות עם מכסה רמי לוי 30 יח,רמי לוי,,כוסות עם מכסה רמי לו,יח',30.00,יח',false,,15.90,0.5300,true,1,1211645
7290108271607,false,"רדיד אלומיניום זוגות רמי לוי 30 ס""מ",רמי לוי,,רדיד אלומיניום זוגות,אורך,7.50,אורך,false,,10.90,1.4533,true,1,1197850
7290108271614,false,"רדיד אלומיניום זוגות רמי לוי 45 ס""מ",רמי לוי,,רדיד אלומיניום זוגות,2 יח',7.50,2 יח',false,,13.90,1.8533,true,1,1197851
7290108271652,false,צמרוני עץ רמי לוי 100 יח,רמי לוי,,צמרוני עץ רמי לוי 10,יח',100.00,יח',false,,1.30,0.0130,true,1,1197808
7290108271669,false,צמרוני עץ רמי לוי 300 יח,רמי לוי,,צמרוני עץ רמי לוי 30,יח',300.00,יח',false,,3.50,0.0117,true,1,1197809
7290108271676,false,צמרוני עץ רמי לוי 400 יח,רמי לוי,,צמרוני עץ רמי לוי 40,יח',400.00,יח',false,,4.50,0.0113,true,1,1197810
7290108271683,false,צמרוני פלסטיק מרובע רמי לוי 200 יח,רמי לוי,,צמרוני פלסטיק מרובע,יח',200.00,יח',false,,3.90,0.0195,true,1,1197785
7290108271690,false,צמרוני פלסטיק רמי לוי 300 עגול,רמי לוי,,צמרוני פלסטיק רמי לו,יח',300.00,יח',false,,4.50,0.0150,true,1,1197811
7290108271706,false,צמרוני תינוקות רמי לוי 55 יח,רמי לוי,,צמרוני תינוקות רמי ל,יח',55.00,יח',false,,4.90,0.0891,true,1,1197812
7290108271812,false,קופסאות אחסון 2 ליטר,חגיגית,,קופסאת אחסון 2 ליטר,ליטרים,2.00,ליטר,false,,8.90,4.4500,true,1,1150825
7290108271829,false,קופסאות אחסון 1 ליטר,חגיגית,,קופסאות אחסון 1 ליטר,5 יח',1.00,5 יח',false,,8.90,8.9000,true,1,1150826
7290108271928,false,חגיגית - מפה ניילון עבה 8 יח',חגיגית,,מפות 1/8 עבה במיוחד,8 יח',1.00,8 יח',false,,9.90,9.9000,true,1,1152008
7290108271942,false,גליל ניילון עבה וחזק במיוחד רמי לוי 45 מטר,רמי לוי,,גליל ניילון עבה וחזק,אורך,45.00,אורך,false,,29.90,0.6644,true,1,1146939
7290108271959,false,גליל ניילון שולחן עבה 45 מ',חגיגית,,גליל ניילון שולחן עב,אורך,45.00,אורך,false,,19.90,0.4422,true,1,1146940
7290108271966,false,גליל ניילון רמי לוי 100 מטר,רמי לוי,,גליל ניילון רמי לוי,אורך,100.00,אורך,false,,34.90,0.3490,true,1,1146941
7290108271980,false,כוסיות חד פעמי קטנים 50 יחידות,חגיגית,,כוסיות חד פעמי קטנים,יח',50.00,יח',false,,4.90,0.0980,true,1,1160011
7290108272000,false,כוסות שתיה קרה 100 יחידות,חגיגית,,כוסות שתיה קרה 100 י,יח',100.00,יח',false,,5.90,0.0590,true,1,1132598
7290108272079,false,מגבונים לניקוי כללי 400 יח דלי,רמי לוי,,מגבונים לניקוי כללי,יח',400.00,יח',false,,18.90,0.0472,true,1,1287816
7290108272130,false,נייר סנדויץ 25*35 רמי לוי 100 יח,רמי לוי,,נייר סנדויץ 25*35 רמ,יח',100.00,יח',false,,7.90,0.0790,true,1,1197861
7290108272154,false,מרקיות רמי לוי 25 יח,רמי לוי,,מרקיה רמי לוי 25 יח,יח',25.00,יח',false,,6.90,0.2760,true,1,1198227
7290108272185,false,צלחת בינוני רמי לוי 50 יח,רמי לוי,,צלחת בינוני רמי לוי,יח',50.00,יח',false,,11.90,0.2380,true,1,1198230
7290108272192,false,חגיגית - זוג מפות אלבד לבן,רמי לוי,,זוג מפות אלבד לבן חג,יח',2.00,יח',false,,8.90,4.4500,true,1,1197862
7290108272215,false,זוג מפות זהב חלק רמי,רמי לוי,,זוג מפות זהב חלק רמי,יח',1.00,יח',false,,8.90,8.9000,true,1,1197864
7290108272321,false,מפות שולחן 240*135 (,ב.ה. דבליו,,מפות איכותיות,8 יח',1.00,8 יח',false,,6.90,6.9000,true,1,1197692
7290108272338,false,מפות עבות ואיכותיות 10 יחידות,ב.ה. דבליו,,מפות עבות ואיכותיות,יח',10.00,יח',false,,10.90,1.0900,true,1,1197693
7290108272376,false,צלחות אובליות קרם רמי לוי 25 יח,חגיגית,,צלחות אובליות קרם רמ,יח',1.00,יח',false,,5.50,5.5000,true,1,1208241
7290108272420,false,מרקיה זהוב רמי לוי 25 יח,,,מרקיה זהוב רמי לוי 2,יח',25.00,יח',false,,7.50,0.3000,true,1,1236866
7290108272451,false,מרקיה קרם רמי לוי 25 יח,,,מרקיה קרם רמי לוי 25,יח',25.00,יח',false,,7.50,0.3000,true,1,1248475
7290108272475,false,מנגטים צבעונים מס 2,,,מנגטים צבעונים מס 2,יח',1.00,יח',false,,3.90,3.9000,true,1,1464368
7290108272482,false,מנגטים צבעונים מס 3,,,מנגטים צבעונים מס 3,יח',1.00,יח',false,,4.50,4.5000,true,1,1464369
7290108272550,false,שקיות אוכל מנייר 50 יחידות,,,שקיות אוכל מנייר 50,יח',1.00,יח',false,,6.90,6.9000,true,1,1643450
7290108272567,false,תבנית אפייה נייר עגולה 3 יחידות,,,תבנית אפייה נייר עגו,יח',3.00,יח',false,,7.90,2.6333,true,1,1890660
7290108272574,false,תבנית אפייה נייר מרובעת 2 יחידות,,,תבנית אפייה נייר מרו,יח',2.00,יח',false,,5.90,2.9500,true,1,1890661
7290108272581,false,תבנית אפייה נייר אינגלישקייק,,,תבנית אפייה נייר אינ,2 יח',1.00,2 יח',false,,4.90,4.9000,true,1,1890662
7290108272659,false,שקיות מזון רמי לוי 200 יח,,,שקיות מזון רמי לוי 2,200 יח',1.00,200 יח',false,,3.50,3.5000,true,1,1912476
7290108272673,false,שקיות קרח רמי לוי 12,,,שקיות קרח,יח',1.00,יח',false,,2.90,2.9000,true,1,2107621
7290108272703,false,נייר אפייה אקולוגי (40 יח') רמי לוי,,,נייר אפיה,יח',1.00,יח',false,,9.90,9.9000,true,1,2235155
7290108272802,false,מיכל 4.5 ליטר,רמי לוי,,מיכל 4.5 ליטר,יח',1.00,יח',false,,8.90,8.9000,true,1,2399270
7290108272819,false,מגשיות אלומניום קטנות,,,מגשיות אלומניום קטנו,יח',1.00,יח',false,,9.90,9.9000,true,1,2587658
7290108272895,false,"סבון ידיים 3*500 מ""ל רמי לוי",,,"סבון ידיים 3*500 מ""ל",ליטרים,1.50,ליטר,false,,11.50,7.6667,true,1,3745308
7290108272901,false,"סבון ידיים 3*500 מ""ל רמי לוי",,,"סבון ידיים 3*500 מ""ל",ליטרים,1.50,ליטר,false,,11.50,7.6667,true,1,3745309
7290108272918,false,"סבון ידיים 3*500 מ""ל רמי לוי",,,"סבון ידיים 3*500 מ""ל",ליטרים,1.50,ליטר,false,,11.50,7.6667,true,1,3745310
7290108272925,false,"סבון ידיים 3*500 מ""ל רמי לוי",,,"סבון ידיים 3*500 מ""ל",ליטרים,1.50,ליטר,false,,11.50,7.6667,true,1,3745311
7290108272956,false,מגש עגול מעוטר,,,מגש עגול מעוטר,יח',1.00,יח',false,,4.90,4.9000,true,1,3760465
7290108273090,false,צלחת קטנה איכותית זהב רמי לוי 25 יח,רמי לוי,,צלחת קטנה איכותית זה,יח',25.00,יח',false,,5.90,0.2360,true,1,1201801
7290108273106,false,צלחת קטנה איכותית כסף רמי לוי 25 יח,רמי לוי,,צלחת קטנה איכותית כס,יח',25.00,יח',false,,5.90,0.2360,true,1,1201802
7290108273175,false,צלחת בינונית איכותית זהב רמי לוי 25 יח,רמי לוי,,צלחת בינונית איכותית,יח',25.00,יח',false,,11.90,0.4760,true,1,1201805
7290108273410,false,ניילון נצמד זוגות 2*30 רמי לוי,רמי לוי,,ניילון נצמד זוגות 2*,אורך,30.00,אורך,false,,7.50,0.2500,true,1,1197875
7290108273427,false,ניילון נצמד 150 מטר + סכין עליון רמי לוי,רמי לוי,,ניילון נצמד 150 מטר,יח',1.00,יח',false,,15.90,15.9000,true,1,1197876
7290108273434,false,שקיות צלייה 28/35 רמי לוי 10 יח,רמי לוי,,שקיות צלייה 28/35 רמ,יח',10.00,יח',false,,2.90,0.2900,true,1,1197877
7290108273441,false,שקיות צליה 35/50 רמי לוי 5 יח,רמי לוי,,שקיות צליה 35/50 רמי,יח',5.00,יח',false,,2.90,0.5800,true,1,1197878
7290108273595,false,קשים רמי לוי 40 יח,רמי לוי,,קשים רמי לוי 40 יח,יח',40.00,יח',false,,1.90,0.0475,true,1,1197879
7290108273601,false,קשים צבעוניים רמי לוי 225 יח,רמי לוי,,קשים צבעוניים רמי לו,יח',225.00,יח',false,,9.90,0.0440,true,1,1197880
7290108273618,false,קיסמי שניים מארז מלחייה רמי לוי,רמי לוי,,קיסמי שניים מארז מלח,יח',1.00,יח',false,,2.50,2.5000,true,1,1197786
7290108273632,false,שיפודי עץ רמי לוי 100 יח,רמי לוי,,שיפודי עץ רמי לוי 10,יח',100.00,יח',false,,2.90,0.0290,true,1,1197813
7290108273649,false,שיפודי עץ עבים רמי לוי 75 יח,רמי לוי,,שיפודי עץ עבים רמי ל,יח',75.00,יח',false,,2.90,0.0387,true,1,1197814
7290108273656,false,תבניות אלומניום צרות רמי לוי 5 יח,רמי לוי,,תבניות אלומניום צרות,יח',5.00,יח',false,,6.90,1.3800,true,1,1198530
7290108273663,false,מגשיות אלומיניום גדולות (5 יח') R33 רמי,רמי לוי,,תבניות אלומניום גדול,יח',5.00,יח',false,,6.90,1.3800,true,1,1198531
7290108273670,false,מגשיות אלומיניום ענקיות (3 יח') R99 רמי,רמי לוי,,תבניות אלומניום ענקי,יח',3.00,יח',false,,7.90,2.6333,true,1,1198532
7290108273687,false,תבנית אלומניום עגולה רמי לוי 5 יח,רמי לוי,,תבנית אלומניום עגולה,יח',5.00,יח',false,,5.90,1.1800,true,1,1198539
7290108273694,false,מגשיות אלומיניום אינגליש (10 יח') R88 רמ,רמי לוי,,תבנית אינגליש קייק ר,יח',10.00,יח',false,,6.90,0.6900,true,1,1198533
7290108273717,false,תבניות אלמיניום עמוקה,חגיגית,,תבניות אלמיניום עמוק,יח',1.00,יח',false,,12.90,12.9000,true,1,1208274
7290108273724,false,תבנית רוסטר קטן 4 יחידות,חגיגית,,תבנית רוסטר קטן 4 יח,יח',1.00,יח',false,,10.90,10.9000,true,1,1208275
7290108273731,false,תבנית רוסטר בינוני 3 יח,חגיגית,,תבנית רוסטר בינוני 3,3 יח',1.00,3 יח',false,,10.90,10.9000,true,1,1208276
7290108273755,false,כפפות לטקס S רמי לוי,רמי לוי,,כפפות לטקס S רמי לוי,100 יח',1.00,100 יח',false,,19.90,19.9000,true,1,1197881
7290108273762,false,כפפות לטקס M רמי לוי,רמי לוי,,כפפות לטקס M רמי לוי,100 יח',1.00,100 יח',false,,19.90,19.9000,true,1,1197882
7290108273779,false,כפפות לטקס L רמי לוי,רמי לוי,,כפפות לטקס L רמי לוי,100 יח',1.00,100 יח',false,,19.90,19.9000,true,1,1197883
7290108273786,false,כפפות לטקס XL רמי לוי,רמי לוי,,כפפות לטקס XL רמי לו,100 יח',1.00,100 יח',false,,19.90,19.9000,true,1,1197884
7290108273847,false,תבנית מאפין אישית 50 יח,חגיגית,,תבנית מאפין אישית 50,יח',50.00,יח',false,,8.90,0.1780,true,1,1208278
7290108273885,false,פלסטר שקוף רמי לוי 100 יח,רמי לוי,,פלסטר שקוף רמי לוי 1,יח',100.00,יח',false,,5.90,0.0590,true,1,1197889
7290108273892,false,פלסטר עור אחיד רמי לוי 100 יח,רמי לוי,,פלסטר עור אחיד רמי ל,יח',100.00,יח',false,,5.90,0.0590,true,1,1197890
7290108274042,false,מגש 4 תאים,,,מגש 4 תאים,יח',1.00,יח',false,,6.90,6.9000,true,1,1231103
7290108274059,false,מגשיות אלומיניום קטנות (8 יח') R29 רמי ל,,,מגשיות אלומניום קטנו,יח',1.00,יח',false,,6.90,6.9000,true,1,1231104
7290108274080,false,"כוס יהלום 250 מ""ל 40 יח'",חגיגית,,כוס יהלום 40יח,יח',10.00,יח',false,,9.90,0.9900,true,1,1274451
7290108274103,false,רדיד אלומניום רחב רמי לוי 30 מטר,,,רדיד אלומניום רחב רמ,אורך,30.00,אורך,false,,19.90,0.6633,true,1,1847014
7290108274127,false,שקיות גדולות 100 יח רמי לוי,,,שקיות גדולות 100 יח,יח',1.00,יח',false,,16.90,16.9000,true,1,1293331
7290108274370,false,זוג רדיד אלומיניום ר,,,רדיד אלומניום,יח',1.00,יח',false,,22.90,22.9000,true,1,5647359
7290108274493,false,שקיות הקפאה 100 יח,,,שקיות הקפאה 100 יח,יחידה,0.00,יחידה,false,,3.90,0.0000,true,1,6927529
7290108274608,false,לפתניה 25 יח לבן,,,לפתניה 25 יח לבן,יח',1.00,יח',false,,4.50,4.5000,true,1,5506420
7290108274615,false,קעריות אובליות לבן 25 יחידות,,,קעריות אובליות לבן 2,יח',1.00,יח',false,,4.90,4.9000,true,1,2592285
7290108274622,false,לבן מרקיה (25 יח') בסט וליו,,,מרקיות לבן 25 יחידות,יח',1.00,יח',false,,6.90,6.9000,true,1,3079863
7290108274769,false,צלחת 9 זהב,,,צלחת 9 זהב,יח',1.00,יח',false,,11.90,11.9000,true,1,5426207
7290108274776,false,צלחת 10' צבעוני זהב,,,צלחת 10' צבעוני זהב,יח',1.00,יח',false,,15.90,15.9000,true,1,5506451
7290108275063,false,שקיות ענקיות רמי לוי 40 יחידות,,,שקיות ענקיות רמי לוי,יח',40.00,יח',false,,13.90,0.3475,true,1,2191378
7290108275100,false,כפפות משק מידה S,,,כפפות משק מידה S,יח',1.00,יח',false,,4.90,4.9000,true,1,2235120
7290108275117,false,כפפות גומי (M) רמי ל,,,כפפות משק מידה M,יח',1.00,יח',false,,4.90,4.9000,true,1,2235159
7290108275124,false,כפפות גומי (L) רמי ל,,,כפפות משק מידה L,יח',1.00,יח',false,,4.90,4.9000,true,1,2235160
7290108275261,false,קינוחיות 24 גביעי מלבה,חגיגית,,קינוחיות 24 גביעי מל,יח',1.00,יח',false,,15.90,15.9000,true,1,2355838
7290108275315,false,נשנושים 6 מגשיות מחולקות שורה,חגיגית,,נשנושים 6 מגשיות מחו,יח',6.00,יח',false,,12.90,2.1500,true,1,2355843
7290108275407,false,כוס שתייה קרה 100 יח-חגיגית,כוסות שתיה קרה 4 ב 1,,כוס שתייה קרה 100 יח,יח',100.00,יח',false,,5.90,0.0590,true,1,2942829
7290108275544,false,מזלג לבן (100 יח') ב,,,מזלג 100 יח לבן,יח',1.00,יח',false,,7.90,7.9000,true,1,3599107
7290108275551,false,כף לבנה 100 יחידות,,,כף לבנה 100 יחידות,יח',100.00,יח',false,,7.90,0.0790,true,1,3548620
7290108275568,false,כפית לבן 100 יחידות,,,כפית לבן 100 יחידות,יח',100.00,יח',false,,6.90,0.0690,true,1,3599087
7290108275704,false,ניילון נצמד 45/150,,,ניילון נצמד 45/150,אורך,150.00,אורך,false,,24.90,0.1660,true,1,3320531
7290108275766,false,צלחת טוסקנה שקוף 9,,,צלחת טוסקנה שקוף 9,יח',1.00,יח',false,,15.90,15.9000,true,1,4261123
7290108275773,false,צלחת טוסקנה 10'' שקו,,,צלחת טוסקנה 10'' שקו,יח',1.00,יח',false,,22.90,22.9000,true,1,4261124
7290108276343,false,מטליות רצפה זיגזג רמי לוי,,,מטליות רצפה זיגזג רמ,יח',1.00,יח',false,,6.90,6.9000,true,1,4038476
7290108277166,false,קעריות גדולות 3 יחידות,,,קעריות גדולות 3 יחיד,יח',3.00,יח',false,,8.90,2.9667,true,1,4739327
7290108277173,false,קעריות גדולות 3 יחידות,,,קעריות גדולות 3 יחיד,יח',3.00,יח',false,,8.90,2.9667,true,1,4739328
7290108277234,false,100יח קשים לשתיה רמי לוי,,,100יח קשים לשתיה רמי,יח',100.00,יח',false,,7.90,0.0790,true,1,5226695
7290108277258,false,אקולוגית צלחת 7' (25 יח') בסט וליו,,,אקולוגית צלחת 7' (25,יח',1.00,יח',false,,8.90,8.9000,true,1,5986661
7290108277265,false,אקולוגית צלחת 9' (25 יח') בסט וליו,,,אקולוגית צלחת 9' (25,יח',1.00,יח',false,,15.90,15.9000,true,1,5986662
7290108277272,false,אקולוגית צלחת 10' (25 יח') בסט וליו,,,אקולוגית צלחת 10' (2,יח',1.00,יח',false,,18.90,18.9000,true,1,5986663
7290108277555,false,שקיות אשפה 90*75 רמי לוי,,,שקיות אשפה 90*75 רמי,קילו,100.00,קילו,false,,18.90,0.1890,true,1,5017284
7290108277579,false,שקיות אשפה 50*50 רמי לוי,,,שקיות אשפה 50*50 רמי,קילו,100.00,קילו,false,,9.90,0.0990,true,1,5025160
7290108277746,false,שקיות זיפר 28*26,,,שקיות זיפר 28*26,יח',1.00,יח',false,,8.90,8.9000,true,1,5506290
7290108277753,false,"שקיות זיפר 19*18 ס""מ",,,שקיות זיפר 18*19,יח',1.00,יח',false,,7.90,7.9000,true,1,5506291
7290108277937,false,"מפות פירנצה חתוכות לבן 1.2*2.4 ס""מ (1יח')",,,מפות פירנצה חתוכות ל,יח',1.00,יח',false,,7.90,7.9000,true,1,5436472
7290108277975,false,"מפות גליל לבן 16 מטר *1.2 ס""מ (1יח')",,,מפות גליל לבן 16 מטר,יח',1.00,יח',false,,32.90,32.9000,true,1,5436476
7290108277999,false,"מפות גליל בורדו 16 מטר *1.2 ס""מ (1יח')",,,מפות גליל בורדו 16 מ,יח',1.00,יח',false,,32.90,32.9000,true,1,5436478
7290108278033,false,מרקיה כסף 25 יחידות,,,מרקיה כסף 25 יחידות,יח',1.00,יח',false,,7.50,7.5000,true,1,6749833
7290108278064,false,כסף צלחת 10' (25יח') בסט וליו,,,צלחות 25 יחידות,קילו,100.00,קילו,false,,15.90,0.1590,true,1,5426208
7290108278118,false,בורדו קסרול 25 יחידות,,,בורדו קסרול 25 יחידו,יח',1.00,יח',false,,5.50,5.5000,true,1,6716947
7290108278125,false,מרקיה בורדו 25 יחידות,,,מרקיה בורדו 25 יחידו,יח',1.00,יח',false,,7.50,7.5000,true,1,6645428
7290108278132,false,צלחת בורדו 25 יחידות,,,צלחת בורדו 25 יחידות,יח',1.00,יח',false,,5.90,5.9000,true,1,6716948
7290108278378,false,צלחת קרם 50 יחידות,,,צלחת קרם 50 יחידות,יח',1.00,יח',false,,12.90,12.9000,true,1,6740453
7290108278569,false,מיני כפית לבן 50 יח,,,מיני כפית לבן 50 יח,יח',1.00,יח',false,,6.90,6.9000,true,1,5886123
7290108278583,false,קערה עמוקה,,,קערה עמוקה,יח',1.00,יח',false,,6.90,6.9000,true,1,5442642
7290108278590,false,קערה עמוקה,,,קערה עמוקה,קילו,100.00,קילו,false,,8.90,0.0890,true,1,5442643
7290108278606,false,זוגרדיד אלומניום רמילוי,,,זוגרדיד אלומניום רמי,קילו,100.00,קילו,false,,11.90,0.1190,true,1,5739638
7290108279399,false,מנהטן צלחת כסף 10יח,,,מנהטן צלחת כסף 10יח,יח',1.00,יח',false,,13.90,13.9000,true,1,5843768
7290108350128,false,סנו סושי שקיות אשפה חזקות במיוחד 40 יח',מיוצר עי קונדיטוריית,IL,סנו סושי 40 שקיות אש,יח',40.00,יח',false,,22.90,0.5725,true,1,1170946
7290108350142,false,סנו סושי שקיות רב שימושיות 270 יחידות 25*35 ס''מ,אשפלסט תעשיות,IL,סנו סושי שקיות רב שי,יח',270.00,יח',false,,11.90,0.0441,true,1,1170947
7290108350210,false,סנו סושי 30 שקיות אשפה XL חזקות במיוחד,מיוצר עי קונדיטוריית,IL,סושי שקיות חזקות 65*,יח',30.00,יח',false,,22.90,0.7633,true,1,1282222
7290108350531,false,סנו ספארק נוזל כלים בניחוח קלאסי עם משאבה 1 ל',מיוצר עי קונדיטוריית,IL,נוזל כלים סנו ספארק,יח',1.00,יח',false,,9.90,9.9000,true,1,1190476
7290108350548,false,סנו ספארק נוזל כלים בניחוח לבנדר עם משאבה 1 ל',מיוצר עי קונדיטוריית,IL,נוזל כלים סנו ספארק,יח',1.00,יח',false,,9.90,9.9000,true,1,1190477
7290108350555,false,נוזל כלים סנו ספארק Spark היפואלרגני פריחת השקד,סנו ספארק,IL,נוזל כלים סנו ספארק,ליטרים,1.00,ליטר,false,,9.90,9.9000,true,1,1190478
7290108350586,false,נוזל לניקוי כלים סנו ספארק Spark בניחוח לימון רענן,סנו ספארק,IL,ספארק נוזל לכלים בני,ליטרים,1.50,ליטר,false,,13.90,9.2667,true,1,1225829
7290108350616,false,סנו - מקסימה מרכך כביסה מרוכז פריחה כחולה 1 ליטר,"סנו מפעלי ברונוס בע""",IL,מקסימה מרכך כביסה מר,ליטרים,1.00,ליטר,false,,17.50,17.5000,true,1,1699054
7290108350623,false,מרכך כביסה סופר מרוכז סופט סילק מקסימה 1 ל' סנו,"סנו מפעלי ברונוס בע""",IL,מקסימה מרכך כביסה מר,ליטרים,1.00,ליטר,false,,17.50,17.5000,true,1,1699055
7290108350685,false,"מנקה למדיח כלים סנו ספארק 250 מ""ל",סנו,IL,סנו ספארק מנקה למדיח,מיליליטרים,250.00,"100 מ""ל",false,,12.90,0.0516,true,1,4369491
7290108351149,false,סנו - ג'ט לניקוי כללי ורצפות בתוספת אבקת סודה 1.5 ליטר,"סנו מפעלי ברונוס בע""",IL,סנו ג'ט פלוס לניקוי,ליטרים,1.50,ליטר,false,,11.90,7.9333,true,1,2653209
7290108351156,false,סנו - ג'ט לניקוי כללי ורצפות בתוספת חומץ 1.5 ליטר,"סנו מפעלי ברונוס בע""",IL,סנו ג'ט פלוס לניקוי,מיליליטרים,750.00,"100 מ""ל",false,,11.90,0.0159,true,1,2653210
7290108351507,false,מרכך כביסה מקסימה סופט סילק 4 ל' סנו,סנו מקסימה,IL,מרכך מקסימה 4 לי,ליטרים,4.00,ליטר,false,,21.50,5.3750,true,1,2502172
7290108351514,false,מרכך כביסה בבישום עוצמתי פריחה כחולה,סנו מקסימה,IL,מרכך מקסימה 4 לי,ליטרים,4.00,ליטר,false,,21.50,5.3750,true,1,2502173
7290108351545,false,מטהר אוויר סנו פרש הום בניחוח מרכך,מיוצר עי קונדיטוריית,IL,מבשם לבית - בניחוח מ,מיליליטרים,200.00,"100 מ""ל",false,,10.90,0.0545,true,1,5074168
7290108351552,false,"סנו - ג'ט לניקוי כללי בתוספת חומץ בניחוח לבנדר 750 מ""ל","סנו מפעלי ברונוס בע""",IL,מתז לניקוי כללי ג'ט+,מיליליטרים,750.00,"100 מ""ל",false,,11.90,0.0159,true,1,4038365
7290108351583,false,"סנו - ג'ט פלוס חומץ ג'ל לניקוי אסלות לבנדר 750 מ""ל",טרופיקל דגיל תעשיות,IL,סנו ג'ט+ניקוי אסלות,מיליליטרים,750.00,"100 מ""ל",false,,8.90,0.0119,true,1,4734568
7290108351606,false,מטהר אוויר בלו בלוסום סנו פרש הום 350 מל,סנו fresh,IL,מבשם אויר סנו פרש הו,מיליליטרים,350.00,"100 מ""ל",false,,9.90,0.0283,true,1,3334988
7290108351613,false,סנו ריצפז פרש הום 2 ליטר בניחוח מלון חלומי,"סנו מפעלי ברונוס בע""",IL,ריצפז פרש הום 2 לי,ליטרים,2.00,ליטר,false,,19.80,9.9000,true,1,3334968
7290108351699,false,סנו - ג'ט מטליות לחות לניקוי כללי בתוספת חומץ לבנדר שלישיה,סנו מפעלי ברונוס על,IL,מארז שלישייה מגבונים,יח',50.00,יח',false,,19.90,0.3980,true,1,5259615
7290108351774,false,מרסס סנו לניקוי וטיפול במוצרי עור 500 מל,סנו,IL,סנו ניקוי וטיפול במ,מיליליטרים,500.00,"100 מ""ל",false,,29.90,0.0598,true,1,5575094
7290108351781,false,ג'ל לניקוי אסלות + חומץ ומלח לימון בריח הדרים,"סנו מפעלי ברונוס בע""",IL,סנו ג'ט+ניקוי אסלות,מיליליטרים,750.00,"100 מ""ל",false,,8.90,0.0119,true,1,5526063
7290108351804,false,סנו - מקסימה מרכך כביסה מרוכז ג'נטל בריז 1 ליטר,מיוצר עי קונדיטוריית,IL,מקסימה מרכך סופר מרו,מטרים,1000.00,100 מ'ל,false,,17.50,0.0175,true,1,6234439
7290108351811,false,מקסימה מרכך כביסה סופר מרוכז פלור טאצ' 1 ליטר,מיוצר עי קונדיטוריית,IL,מקסימה מרכךסופר מרוכ,מטרים,1000.00,100 מ'ל,false,,17.50,0.0175,true,1,6234440
7290108351835,false,מרכך כביסה בבישום עוצמתי פלורל טאצ',מיוצר עי קונדיטוריית,IL,מקסימה מרכך כביסה סנ,ליטרים,4.00,ליטר,false,,21.50,5.3750,true,1,6451237
7290108351927,false,סנו ספארק טבליות למדיח 70 יח',סנו,IL,סנו ספארק 70 טבליות,קילוגרמים,1.40,"ק""ג",false,,39.90,28.5000,true,1,5680874
7290108352047,false,אורביטול - צמד מברשות שיניים 808 + חוט דנטלי במתנה,החברה הדרומית,CN,מברשת שיניים לחניכיי,יח',1.00,יח',false,,18.90,18.9000,true,1,6842384
7290108352054,false,אורביטול - צמד מברשות שיניים 980 + חוט דנטלי במתנה,החברה הדרומית,CN,מברשת שיניים סיבים ד,יח',1.00,יח',false,,18.90,18.9000,true,1,6842385
7290108352078,false,"שטיפת פה protective salt אורביטול 500 מ""ל",טרופיקל דגיל תעשיות,IL,אורביטול מי פה מלח 5,מיליליטרים,500.00,"100 מ""ל",false,,19.90,0.0398,true,1,6723555
7290108352146,false,"סנובון נוזלי בניחוח מגנוליה ונרולי 750 מ""ל",סנו מפעלי ברונוס בעמ,IL,סנובון נוזלי סנסוריי,יח',1.00,יח',false,,8.90,8.9000,true,1,6703926
7290108352153,false,גל ניקוי אסלות סנובון לוטוס וסחלב 750 מל,מיוצר עי קונדיטוריית,IL,סנובון נוזלי סנסוריי,יח',1.00,יח',false,,8.90,8.9000,true,1,6703927
7290108352207,false,מקסימה קפסולות לכביסה פלורל 40 יחידות,טרופיקל דגיל תעשיות,IL,סנו מקסימה קפסולות ל,יח',1.00,יח',false,,28.90,28.9000,true,1,6702671
7290108352252,false,נוזל לניקוי כלים מתאים לניקוי ירקות ופירות סנו ספארק,"סנו מפעלי ברונוס בע""",IL,סנו ספארק נוזל לכלים,ליטרים,1.00,ליטר,false,,9.90,9.9000,true,1,6723535
7290108352276,false,מטליות לחיטוי ולניקוי רצפות 70*40 + פתח למגב,"סנו מפעלי ברונס בע""מ",IL,מטליות חיטוי וניקוי,יח',1.00,יח',false,,10.90,10.9000,true,1,6695733
7290108352283,false,סנו 99.9% נוזל לחיטוי וניקוי רצפות 2 ליט,"סנו מפעלי ברונוס בע""",IL,נוזל שטיפה 2לי חיטוי,יח',1.00,יח',false,,17.90,17.9000,true,1,6695734
7290108352290,false,שלישיית מטליות לחיטוי ולניקוי יסודי לחדר האמבטיה סדרת 99.9%,מיוצר עי קונדיטוריית,IL,סנו שלישיית מטליות ל,יח',1.00,יח',false,,19.90,19.9000,true,1,6695735
7290108352320,false,"מבשם אויר סנו פרש הום בניחוח כותנה מלטפת 350 מ""ל",מיוצר עי קונדיטוריית,IL,מבשם אויר סנו פרש הו,מיליליטרים,350.00,"100 מ""ל",false,,9.90,0.0283,true,1,6708656
7290108352337,false,"סנו - פרש מילוי למטהר אוויר מלון מפנק 250 מ""ל",מיוצר עי קונדיטוריית,IL,סנו פרש אוטומטיק,יח',1.00,יח',false,,12.90,12.9000,true,1,6707574
7290108352344,false,"פרש מבשם אויר אוטומטי בניחוח לבנדר סנו 250 מ""ל",מיוצר עי קונדיטוריית,IL,פרש מבשם אויר אוטומט,מיליליטרים,250.00,"100 מ""ל",false,,12.90,0.0516,true,1,6708675
7290108352368,false,תוסף לחיטוי כביסה 99.9% סנו מקסימה 3 ל',סנו,IL,תוסף לחיטוי כביסה 3ל,יח',1.00,יח',false,,29.90,29.9000,true,1,6790832
7290108352399,false,ריצפז פרש הום בניחוח מרכך כביסה פלורל טאצ',"סנו מפעלי ברונוס בע""",IL,ריצפז פרש הום בניחוח,מטרים,2000.00,100 מ'ל,false,,19.80,0.0099,true,1,6818782
7290108352405,false,מטהר אוויר סנו פרש הום נוזלי ירוק ארומטי,החברה הדרומית,IL,מטהר אוויר ארומטי,יח',1.00,יח',false,,11.90,11.9000,true,1,6729902
7290108352412,false,"סנו - פרש הום מבשם לבית ולטקסטיל ורד אנגלי ועלים 300 מ""ל",מיוצר עי קונדיטוריית,IL,מטהר אוויר ארומטי,יח',1.00,יח',false,,11.90,11.9000,true,1,6729903
7290108352436,false,סנובון מוצק בניחוח נגוליה ונרולי שלישייה,סנו מפעלי ברונוס בעמ,IL,סנובון מוצק לניקוי א,יח',3.00,יח',false,,14.90,4.9667,true,1,6738748
7290108352443,false,סנובון מוצק לניקוי אסלה כחול סנו 3 יחידות,סנו מפעלי ברונוס בעמ,IL,סנובון מוצק לניקוי א,יח',3.00,יח',false,,14.90,4.9667,true,1,6738749
7290108352450,false,ריצפז פרש הום בניחוח מרכך כביסה בלו בלוסום,סנו מפעלי ברונוס בעמ,IL,ריצפז פרש הום 2 לי,ליטרים,2.00,ליטר,false,,19.80,9.9000,true,1,6751476
7290108352474,false,"סנומוד מטהר אוויר ליידי קוקו סנו 150 מ""ל","סנו מפעלי ברונוס בע""",IL,סנומוד מטהר אוויר לי,מיליליטרים,150.00,"100 מ""ל",false,,9.90,0.0660,true,1,6763141
7290108352481,false,"סנומוד מטהר אוויר נרסיסו סנו 150 מ""ל","סנו מפעלי ברונוס בע""",IL,סנומוד מטהר אוויר נר,מיליליטרים,150.00,"100 מ""ל",false,,9.90,0.0660,true,1,6763142
7290108352528,false,"מתז לחיטוי וניקוי חדר האמבטיה 99.9% 750 מ""ל","איי, בי, אינבוו",IL,99.9 מתז לניקוי וחיט,מיליליטרים,750.00,"100 מ""ל",false,,11.90,0.0159,true,1,6780201
7290108352566,false,מרכך כביסה בבישום עוצמתי 4 ל' סנו מקסינה,"סנו מפעלי ברונוס בע""",IL,מקסימה מרכך כביסה 4,מטרים,4000.00,100 מ'ל,false,,21.90,0.0055,true,1,6810911
7290108352573,false,מרכך כביסה מקסימה בבישום עוצמתי 4 ל' סנו,סנו,IL,מקסימה מרכך כביסה 4,מטרים,4000.00,100 מ'ל,false,,21.50,0.0054,true,1,6862809
7290108352689,false,סנו סושי כריות קרצוף ללכלוך קשה 9 יח',טרופיקל דגיל תעשיות,US,סושי כריות קרצוף ללכ,יח',9.00,יח',false,,9.50,1.0556,true,1,1732817
7290108352696,false,"סנו סושי- ניילון נצמד+ רחב במיוחד 45 ס""מ",סנו סושי,IL,סנו סושי- ניילון נצמ,אורך,100.00,אורך,false,,29.90,0.2990,true,1,5405658
7290108352788,false,סנו סושי שקיות זיפר לאוכל L 20 יחידות,פיין ונטג,IL,סנו סושי שקיות זיפר,יח',20.00,יח',false,,9.90,0.4950,true,1,5779664
7290108352795,false,שקיות סנו סושי M זיפר 50 יח,סנו סושי,IL,סנו סושי שקיות זיפר,יח',50.00,יח',false,,9.90,0.1980,true,1,5680818
7290108352801,false,"שקיות אשפה S לפחים קטנים 56*45 ס""מ בניחוח עדין","סנו מפעלי ברונוס בע""",IL,סנו שקיות אשפה לפח ק,יח',100.00,יח',false,,18.90,0.1890,true,1,4834506
7290108352849,false,שלישיית מטליות הפלא לניקוי כללי דקור סנו סושי,טרופיקל דגיל תעשיות,IL,מטלית הפלא סנו סושי,יח',3.00,יח',false,,14.90,4.9667,true,1,6746419
7290108352863,false,סנו סושי שקיות צלייה 20יח' מידה L,מיוצר עי קונדיטוריית,IL,סנו סושי שקיות צלייה,יח',20.00,יח',false,,7.90,0.3950,true,1,5405660
7290108353006,false,סנו סושי - שקיות אוכל נקשרות 250 יחידות XL,מיוצר עי קונדיטוריית,IL,סנו סושי - שקיות אוכ,יח',1.00,יח',false,,11.90,11.9000,true,1,6013420
7290108353020,false,4 תבנית אפייה מנייר מלבנית גדולה סנו,מיוצר עי קונדיטוריית,CN,סנו סושי 4 תבניות אפ,יח',1.00,יח',false,,11.90,11.9000,true,1,6274093
7290108353068,false,ספוג הפלא נירוסטה עם סיבי קירצוף סנו סושי 2 יח',מיוצר עי קונדיטוריית,IL,כרית קרצוף עם סיבי נ,יח',1.00,יח',false,,8.90,8.9000,true,1,6234441
7290108353334,false,"שמפו למניעת קשקשים עם שמן עץ התה ואסאי 700 מ""ל כיף",קוסמופארם בעמ,IL,כיף שמפו לשיער רגיל,מיליליטרים,700.00,"100 מ""ל",false,,9.90,0.0141,true,1,6451238
7290108353372,false,צמד מברשת שיניים 12000פחם סיבים אורביטול,החברה הדרומית,IL,צמד מברשות שיניים 12,יח',2.00,יח',false,,29.90,14.9500,true,1,6893733
7290108353532,false,"שקיות אשפה נשלפות עם שרוך 65*54 ס""מ L",סנו סושי,IL,סנו סושי שקיות 100 י,יח',1.00,יח',false,,29.90,29.9000,true,1,6555897
7290108353549,false,נייר אפייה סנו סושי 100 יח,"טופ פלסט 2002 בע""מ",IL,סנו סושי נייר אפייה,יח',1.00,יח',false,,19.90,19.9000,true,1,6555898
7290108353648,false,סנו סושי - שקיות אוכל מנייר 70 יחידות,"אשפלסט תעשיות בע""מ",TR,סנו סושי שקיות אוכל,יח',1.00,יח',false,,10.90,10.9000,true,1,6723561
7290108353747,false,"תחליב רחצה אירוודה, בניחוח טונקה 600 מ""ל קרימה",החברה הדרומית,IL,קרמה תחליב ספא אירוו,מטרים,600.00,100 מ'ל,false,,17.90,0.0298,true,1,6883478
7290108353983,false,"קרמה - קרם גוף קרמה קלאסי 500 מ""ל",טרופיקל דגיל תעשיות,IL,קרם גוף קלאסי קרמה 5,מיליליטרים,500.00,"100 מ""ל",false,,21.90,0.0438,true,1,6735338
7290108353990,false,"קרמה - קרם גוף קרמה מאסק 500 מ""ל",טרופיקל דגיל תעשיות,IL,קרם גוף מאסק קרמה 50,מיליליטרים,500.00,"100 מ""ל",false,,21.90,0.0438,true,1,6735339
7290108354065,false,קרמה מן גל רחצה פילינג 700 מל לגבר,קוסמופארם בע''מ,IL,קרמה מן ג'ל רחצה פיל,מטרים,700.00,100 מ'ל,false,,14.90,0.0213,true,1,6842348
7290108354270,false,מרכך כביסה מרוכז בבישום עוצמתי 1 ל' סנו מקסימה,מיוצר עי קונדיטוריית,IL,מקסימה מרכך כביסה מר,מטרים,1000.00,100 מ'ל,false,,17.50,0.0175,true,1,6810912
7290108354621,false,"מסיכה לשיער לחות מוגברת עם אפרסק וחמאת מורומורו 500 מ""ל כיף",סנו,IL,כיף מסיכה לשיער אפרס,מטרים,500.00,100 מ'ל,false,,26.90,0.0538,true,1,6893481
7290108354751,false,"סנו - ג'ט מרסס לניקוי כללי בתוספת אבקת סודה 750 מ""ל","סנו מפעלי ברונוס בע""",IL,מתז לניקוי כללי ג'ט+,מיליליטרים,750.00,"100 מ""ל",false,,11.90,0.0159,true,1,5526065
7290108354829,false,"קרמה - קרם ידיים ורד הוניל 100 מ""ל",קוסמופארם,IL,קרם ידיים קרמה 100 מ,מיליליטרים,100.00,"100 מ""ל",false,,9.90,0.0990,true,1,6752080
7290108354911,false,"שמפו, ג'ל רחצה וגילוח מועשר בתמצית אלוורה",טרופיקל דגיל תעשיות,IL,"קרמה מן 3ב1 500 מ""ל",מיליליטרים,500.00,"100 מ""ל",false,,14.90,0.0298,true,1,6697329
7290108355017,false,"נקה 7 מרכך לילדים מיניונים 750 מ""ל",נקה 7,IL,מרכך מיניונים נקה 7,מיליליטרים,750.00,"100 מ""ל",false,,9.90,0.0132,true,1,1371689
7290108355024,false,"נקה 7 שמפו+מרכך לילדים מיניונים 750 מ""ל",קוסמופארם בע''מ,IL,מרכך+שמפו מיניונים נ,מיליליטרים,750.00,"100 מ""ל",false,,9.90,0.0132,true,1,1371690
7290108355031,false,"נקה 7 אל סבון לילדים מיניונים 750 מ""ל",נקה 7,IL,אל סבון מיניונים נקה,מיליליטרים,750.00,"100 מ""ל",false,,9.90,0.0132,true,1,1371691
7290108355048,false,קרליין מגבונים להסרת איפור 25 יחידות*3,קרליין,IL,קרליין שלישיית מגבונ,יח',25.00,יח',false,,28.90,1.1560,true,1,2534777
7290108355079,false,לחו.לשיער מקצועי קוקוס נטורל פורמולה 400,החברה הדרומית,IL,לחות לשיער עם קוקוס,מיליליטרים,400.00,"100 מ""ל",false,,29.90,0.0747,true,1,3311546
7290108355154,false,"שמפו שמני הזנה נקה 7 750 מ""ל","אמיליה קוסמטיקס בע""מ",IL,שמפו שמני הזנה נקה 7,מיליליטרים,750.00,"100 מ""ל",false,,9.90,0.0132,true,1,4880374
7290108355161,false,"מרכך שיער שמני הזנה 750 מ""ל נקה 7","אמיליה קוסמטיקס בע""מ",IL,מרכך שמני הזנה נקה 7,מיליליטרים,750.00,"100 מ""ל",false,,9.90,0.0132,true,1,4880375
7290108355178,false,"קרמה - קרם ידיים חמאת שיאה וקוקוי 100 מ""ל",החברה הדרומית,IL,קרם ידיים קרמה 100 מ,מיליליטרים,100.00,"100 מ""ל",false,,9.90,0.0990,true,1,6752081
7290108355192,false,"נטורל מרכך קרטין אינטנס למניעת קשקשים 400 מ""ל",נטורל פורמולה Natural Formula,IL,מרכך קרטין 400 מל,מיליליטרים,400.00,"100 מ""ל",false,,29.90,0.0747,true,1,4186742
7290108355208,false,"שמפו קרטין אינטנס למניעת קשקשים נטורל 400 מ""ל",נטורל פורמולה Natural Formula,IL,שמפו קרטין 400 מל,מיליליטרים,400.00,"100 מ""ל",false,,29.90,0.0747,true,1,4186743
7290108355314,false,מרכך לסירוק קל בתוספת רוזמרין,גוד פוד פרודקטס S.p,IL,מרכך נקה 7 סירוק קל,מיליליטרים,750.00,"100 מ""ל",false,,10.90,0.0145,true,1,6063080
7290108355802,false,"תחליב רחצה קרמה ורד ווניל 700 מ""ל",גוד פוד פרודקטס S.p,IL,תחליב רחצה קרמה 700,מיליליטרים,700.00,"100 מ""ל",false,,16.90,0.0241,true,1,6730100
7290108355949,false,"תחליב רחצה קרמה נרולי ומנגוליה 700 מ""ל",קוסמופארם בעמ,IL,תחליב רחצה קרמה 700,מיליליטרים,700.00,"100 מ""ל",false,,16.90,0.0241,true,1,6730102
7290108356014,false,"כיף תחליב רחצה בניחות מסקרפונה ופירות יער 700 מ""ל",החברה הדרומית,IL,כיף תחליב רחצה 700 מ,מיליליטרים,700.00,"100 מ""ל",false,,9.90,0.0141,true,1,6090136
7290108356021,false,כיף תחליב רחצה בניחוח גלידת קרם עוגיות,גוד פוד פרודקטס S.p,IL,כיף תחליב רחצה 700 מ,מיליליטרים,700.00,"100 מ""ל",false,,9.90,0.0141,true,1,5696810
7290108356083,false,כיף תחליב רחצה בניחוח גלידת סורבה מנגו,החברה הדרומית,IL,כיף תחליב רחצה 700 מ,מיליליטרים,700.00,"100 מ""ל",false,,9.90,0.0141,true,1,6013113
7290108356106,false,כיף תחליב רחצה חלב שקדים 700 מל,החברה הדרומית,IL,כייף תחליב רחצה שקד,מיליליטרים,700.00,"100 מ""ל",false,,9.90,0.0141,true,1,5501657
7290108356113,false,"כיף תחליב רחצה דבש 700 מ""ל-מרכז",קוסמופארם בעמ,IL,כייף תחליב רחצה 700,מיליליטרים,700.00,"100 מ""ל",false,,9.90,0.0141,true,1,5501658
7290108356120,false,"תחליב רחצה כיף קוקוס וניל 700 מ""ל",קוסמופארם,IL,כייף תחליב רחצה קוקו,מיליליטרים,700.00,"100 מ""ל",false,,9.90,0.0141,true,1,5501659
7290108356137,false,"כיף - תחליב רחצה לבנדר 700 מ""ל",קוסמופארם,IL,כייף תחליב רחצה לבנד,מיליליטרים,700.00,"100 מ""ל",false,,9.90,0.0141,true,1,5501660
7290108356151,false,"תחליב רחצה כיף מאסק יסמין 700 מ""ל",גוד פוד פרודקטס S.p,IL,כייף תחליב רחצה מאסק,מיליליטרים,700.00,"100 מ""ל",false,,9.90,0.0141,true,1,5501661
7290108356168,false,"כיף - תחליב רחצה אוקיינוס 700 מ""ל",גוד פוד פרודקטס S.p,IL,כייף תחליב רחצה אוקי,מיליליטרים,700.00,"100 מ""ל",false,,9.90,0.0141,true,1,5501662
7290108356229,false,ג'ל גילוח לכל סוגי העור מועשר בפחם פעיל,טרופיקל דגיל תעשיות,TR,ג'ל גילוח לעור עדין,מיליליטרים,200.00,"100 מ""ל",false,,10.90,0.0545,true,1,6739046
7290108356274,false,"כיף - מוס רחצה בניחוח תותים ושמנת 150 מ""ל",החברה הדרומית,IL,מוס רחצה בניחוח תותי,מטרים,150.00,100 מ'ל,false,,12.90,0.0860,true,1,6807405
7290108356298,false,"כיף - מוס רחצה בניחוח קרם עוגיות 150 מ""ל",החברה הדרומית,IL,מוס רחצה בניחוח קרם,מטרים,150.00,100 מ'ל,false,,12.90,0.0860,true,1,6807406
7290108356519,false,קרליין שמפו 10למניעת קשקשים 700מל,החברה הדרומית,IL,קרליין שמפו 10למניעת,מטרים,700.00,100 מ'ל,false,,9.90,0.0141,true,1,6829684
7290108356526,false,"קרליין - שמפו 10 לשיער יבש 700 מ""ל",החברה הדרומית,IL,קרליין שמפו 10לשיער,מטרים,700.00,100 מ'ל,false,,9.90,0.0141,true,1,6829685
7290108356533,false,קרוליין 10 שמפו לשיער מתולתל 700 מל,החברה הדרומית,IL,קרליין שמפו 10לשיער,מטרים,700.00,100 מ'ל,false,,9.90,0.0141,true,1,6829686
7290108356540,false,קרוליין 10 שמפו לשיער צבוע 700 מל,החברה הדרומית,IL,קרליין שמפו 10לשיער,מטרים,700.00,100 מ'ל,false,,9.90,0.0141,true,1,6829687
7290108356564,false,"קרליין - מרכך 10 לשיער רגיל 700 מ""ל",החברה הדרומית,IL,קרליין מרכך 10לשיער,מטרים,700.00,100 מ'ל,false,,9.90,0.0141,true,1,6829689
7290108356571,false,"קרליין - מרכך 10 לשיער יבש 700 מ""ל",החברה הדרומית,IL,קרליין מרכך 10לשיער,מטרים,700.00,100 מ'ל,false,,9.90,0.0141,true,1,6829690
7290108356809,false,סבון בוטני ורד ומרווה לניקוי וטיפוח הידיים טבעוני 1 ל' כיף,סנו,IL,כיף אל סבון בוטני 1ל,מטרים,1000.00,100 מ'ל,false,,14.90,0.0149,true,1,6842351
7290108357028,false,"תחליב רחצה כיף ורד ושמן קוקוי 700 מ""ל",קוסמופארם בעמ,IL,כייף תחליב רחצה שמן,מיליליטרים,700.00,"100 מ""ל",false,,9.90,0.0141,true,1,6599626
7290108357042,false,"קרליין - נושם ביו דאודורנט רול און 75 מ""ל Citrus Blossoms לאישה",החברה הדרומית,IL,קרליין דיאודורנט נוש,מטרים,75.00,100 מ'ל,false,,11.90,0.1587,true,1,6842353
7290108357059,false,"קרליין - נושם ביו דאודורנט רול און 75 מ""ל Secret Garden לאישה",החברה הדרומית,IL,קרליין ביו רולאון נו,מטרים,75.00,100 מ'ל,false,,11.90,0.1587,true,1,6842354
7290108357073,false,"קרליין - נושם ביו דאודורנט ספריי 150 מ""ל Blossoms Citrus לאישה",החברה הדרומית,IL,קרליין ביו נושם ספרי,מטרים,150.00,100 מ'ל,false,,11.90,0.0793,true,1,6842355
7290108357097,false,"קרליין - נושם ביו דאודורנט ספריי 150 מ""ל Velvet Rose לאישה",החברה הדרומית,IL,קרליין ביו נושם ספרי,מטרים,150.00,100 מ'ל,false,,11.90,0.0793,true,1,6842357
7290108357110,false,"קרליין - נושם ביו דאודורנט רול און 75 מ""ל Valvet Rose לאישה",החברה הדרומית,IL,קרליין דיאודורנט ביו,מטרים,75.00,100 מ'ל,false,,11.90,0.1587,true,1,6842358
7290108357189,false,"מבשם ומרכך למייבש הכביסה מקסימה פלורל 750 מ""ל סנו","סנו מפעלי ברונוס בע""",IL,מקסימה למייבש בניחוח,מיליליטרים,750.00,"100 מ""ל",false,,16.30,0.0217,true,1,6622384
7290108357196,false,"ג'ט פלוס לניקוי כללי בתוספת תמצית עץ התה 750 מ""ל סנו",מיוצר עי קונדיטוריית,IL,מתז לניקוי כללי ג'ט+,מיליליטרים,750.00,"100 מ""ל",false,,11.90,0.0159,true,1,6789782
7290108357202,false,סנוקליר לניקוי בניחוח בלו בלוסום 1 ליטר,"סנו מפעלי ברונוס בע""",IL,סנוקליר בניחוח בלו ב,ליטרים,1.00,ליטר,false,,9.90,9.9000,true,1,6764517
7290108357226,false,"אוקסיגן POWER אבקה לכביסה לבנה והסרת כתמים 1.4 ק""ג סנו",החברה הדרומית,IL,אוקסיג'ן אבקה להסרת,גרמים,1400.00,100 גרם,false,,29.90,0.0214,true,1,6831048
7290108357264,false,"פרש אוטומטי מילוי בניחוח מרכך הכביסה אולטרה 375 מ""ל סנו",החברה הדרומית,IL,פרש אוטומטי מילוי או,מטרים,375.00,100 מ'ל,false,,12.90,0.0344,true,1,6875167
7290108357271,false,סנובון ג'ל לניקוי אסלות עם חמצן פעיל לניקוי עוצמתי,סנו סנובון,IL,סנובון אוקסי עם חמצן,מטרים,750.00,100 מ'ל,false,,8.90,0.0119,true,1,6858480
7290108357288,false,אקונומיקה ז'אוול בניחוח פריחה לבנה 4 ל' סנו,סנו ז'אוול Javel,IL,אקונומיקה בריח פריחה,ליטרים,4.00,10 ליטר,false,,16.90,4.2250,true,1,6840282
7290108357295,false,"סנו - אוקסיג'ן פאוור מרסס להסרת כתמים 750 מ""ל",החברה הדרומית,IL,סנו אוקסיג'ן ספריי פ,מיליליטרים,750.00,"100 מ""ל",false,,17.70,0.0236,true,1,6875168
7290108357301,false,"סנו - K300 קוטל חרקים תיקנים ונמלים 300 מ""ל","סנו מפעלי ברונוס בע""",IL,קיי 300 קטן 300מל,מטרים,300.00,100 מ'ל,false,,9.90,0.0330,true,1,6858481
7290108357394,false,"תחליב רחצה קרמה חלב ודבש 700 מ""ל",החברה הדרומית,IL,תחליב רחצה קרמה חלב,מיליליטרים,700.00,"100 מ""ל",false,,16.90,0.0241,true,1,6764518
7290108357400,false,"תחליב רחצה קרמה לבנדר ואקליפטוס 700 מ""ל",החברה הדרומית,IL,תחליב רחצה קרמה 700,מיליליטרים,700.00,"100 מ""ל",false,,16.90,0.0241,true,1,6730103
7290108357417,false,"קרמה - קרם גוף קרמה ורד ווניל 500 מ""ל",טרופיקל דגיל תעשיות,IL,קרם גוף קרמה ורד וונ,מיליליטרים,500.00,"100 מ""ל",false,,21.90,0.0438,true,1,6735341
7290108357493,false,"תחליב רחצה קרמה וניל ופלפל ורוד 700 מ""ל",גוד פוד פרודקטס S.p,IL,תחליב רחצה קרמה וניל,מיליליטרים,700.00,"100 מ""ל",false,,16.90,0.0241,true,1,6764519
7290108357509,false,"קרם גוף קרמה וניל ופלפל ורוד 500 מ""ל",טרופיקל דגיל תעשיות,IL,קרם גוף קרמה וניל פל,מיליליטרים,500.00,"100 מ""ל",false,,21.90,0.0438,true,1,6764520
7290108357653,false,סנובון מוצק אוקיינוס בבבלס לאסלה,סנו סנובון,IL,סנובון באבלס סנו 3 י,יח',3.00,יח',false,,14.90,4.9667,true,1,6911512
7290108357660,false,סנובון שלישיה בניחוח לבנדר,סנו סנובון,IL,סנובון באבלס סנו 3 י,יח',3.00,יח',false,,14.90,4.9667,true,1,6911513
7290108357837,false,שקית מילוי אל סבון בניחוח אצות ים 1 ל' כיף,החברה הדרומית,IL,כיף אל סבון שקית מיל,מטרים,1000.00,100 מ'ל,false,,8.90,0.0089,true,1,6842360
7290108357844,false,שקית מילוי אל סבון בניחוח גינסנג 1 ל' כיף,סנו,IL,כיף אל סבון שקית מיל,מטרים,1000.00,100 מ'ל,false,,8.90,0.0089,true,1,6842361
7290108357851,false,"כיף - ג'ל רחצה אליקסיר אוילס מועשר בשמן קוקוס 700 מ""ל","קוסמופארם בע""מ",IL,כיף ג'ל רחצה מועשר ב,מטרים,700.00,100 מ'ל,false,,9.90,0.0141,true,1,6818783
7290108357868,false,"כיף - ג'ל רחצה אליקסיר אויל מועשר בשמן מקדמיה 700 מ""ל",החברה הדרומית,IL,כיף ג'ל רחצה מועשר ב,מטרים,700.00,100 מ'ל,false,,9.90,0.0141,true,1,6818784
7290108358070,false,"תחליב רחצה קרמה קלאסי 700 מ""ל",גוד פוד פרודקטס S.p,IL,תחליב רחצה קרמה קלאס,מיליליטרים,700.00,"100 מ""ל",false,,16.90,0.0241,true,1,6735315
7290108358087,false,"תחליב רחצה קרמה מאסק 700 מ""ל",גוד פוד פרודקטס S.p,IL,תחליב רחצה קרמה מאסק,מיליליטרים,700.00,"100 מ""ל",false,,16.90,0.0241,true,1,6735316
7290108358117,false,"פרש הום מקלות ריחניים לבית בניחוח כביסה רעננה 100 מ""ל",החברה הדרומית,IL,סנו פרש הום מקלות רי,מטרים,100.00,100 מ'ל,false,,19.90,0.1990,true,1,6831051
7290108358124,false,דפי בישום לחים למייבש הכביסה בניחוח מרכך כביסה 20 יח' מקסימה,סנו,IL,מקסימה דפי בישום לחי,יח',1.00,יח',false,,12.90,12.9000,true,1,6907096
7290108359015,false,סושי שקיות זיפר עם סליידר 20 יח מדיום,החברה הדרומית,CN,סושי שקיות זיפר עם ס,יח',1.00,יח',false,,14.90,14.9000,true,1,6818786
7290108359077,false,סנו - סופט לושן ממחטות אף בקופסא 3 שכבות 120 יח',סנו סופט Soft,IL,סופט ממחטות אף 3 שכב,יח',1.00,יח',false,,12.90,12.9000,true,1,6826521
7290108359084,false,סושי כיסוי ניילון עם גומי מדיום 30יח,סנו סושי,IL,סושי כיסוי ניילון עם,יחידה,0.00,יחידה,false,,8.90,0.0000,true,1,6913526
7290108359091,false,כיסוי ניילון עם גומי 30 יח' L סנו סושי,סנו סושי,IL,סושי כיסוי ניילון עם,יחידה,0.00,יחידה,false,,8.90,0.0000,true,1,6913527
7290108359114,false,סושי חמגשית אלומיניום עם מכסה 10יח,סנו סושי,IL,סושי חמגשית אלומיניו,יח',10.00,יח',false,,9.90,0.9900,true,1,6844238
7290108359121,false,סנו סושי שקיות אשפה חזקות במיוחד 100 יח' L,סנו סושי,,סושי 100יח שקיות אשפ,יח',1.00,יח',false,,59.80,59.8000,true,1,6831027
7290108359145,false,סושי דפי ספוג הפלא 12יח',קריות זול,US,סושי דפי ספוג הפלא,יחידה,0.00,יחידה,false,,9.90,0.0000,true,1,6913186
7290108359169,false,"תבנית אלומיניום עגולה 628 ס""מ יחי סנו סושי",סנו,IL,סושי תבניות עגולות ק,יח',6.00,יח',false,,9.90,1.6500,true,1,6893735
7290108359183,false,שקית אשפה חזקות 70*50 60 יח' סנו סושי,סנו סושי,IL,סושי 60 שקיות אשפה ע,יח',60.00,יח',false,,19.90,0.3317,true,1,6913187
7290108359824,false,"כיף - בייבי כיף קרם 500 מ""ל",קוסמופארם בעמ,IL,קרם גוף בייבי כיף 50,מיליליטרים,750.00,"100 מ""ל",false,,19.90,0.0265,true,1,5450413
7290108359831,false,"כיף - בייבי כיף שמן 500 מ""ל","מיוצר ומשווק ע""י קוס",IL,שמן גוף בייבי כיף 50,מיליליטרים,500.00,"100 מ""ל",false,,19.90,0.0398,true,1,5450437
7290108359848,false,שמפו אלדמע בייבי כיף 1 ליטר,בייבי כיף Baby,IL,שמפו אלדמע בייבי כיף,ליטרים,1.00,ליטר,false,,17.90,17.9000,true,1,5450414
7290108359855,false,"שמפו אל דמע בייבי כיף+משאבה 750 מ""ל",גוד פוד פרודקטס S.p,IL,שמפו אלדמע בייבי כיף,מיליליטרים,750.00,"100 מ""ל",false,,13.90,0.0185,true,1,5450415
7290108359886,false,תחליב רחצה בייבי כיף 1 ליטר,בייבי כיף Baby,IL,תחליב רחצה בייבי כיף,ליטרים,1.00,ליטר,false,,17.90,17.9000,true,1,5450418
7290108359893,false,"תחליב רחצה בייבי כיף+משאבה 750 מ""ל",גוד פוד פרודקטס S.p,IL,תחליב רחצה בייבי כיף,מיליליטרים,750.00,"100 מ""ל",false,,13.90,0.0185,true,1,5450419
7290108468939,false,גרבי בריאות (3) גבר LEE COOPER,,,גרביי בריאות (3) גבר,יח',1.00,יח',false,,20.00,20.0000,true,1,3134472
7290108500677,false,כבד דג שיבוט בשמן דג וילי פוד 115 גרם,"איטיליאן פוד, אס.פי.",IS,כבד דג שיבוט בשמן דג,גרמים,115.00,100 גרם,false,,8.90,0.0774,true,1,1906152
7290108501087,false,גרעיני תירס 285 גר רמילוי,,,גרעיני תירס 285 גר ר,גרמים,285.00,100 גרם,false,,4.50,0.0158,true,1,2721276
7290108501360,false,גבינת צ'דר בשלה MATURED ORANGE,Wyke Farms,,גבינת צ'ידר בשלה 200,גרמים,200.00,100 גרם,false,,17.90,0.0895,true,1,4186706
7290108502305,false,גבינת גרדה פדנו משולש 150 גר`וילי פוד,וילי פוד,IT,גבינת גרנה פדנו משול,גרמים,150.00,100 גרם,false,,16.90,0.1127,true,1,5575354
7290108502329,false,רביעית טונה בשמן זית וילי פוד 4*160 גר,גולדן פרייז,TH,רביעיית נתחי טונה בש,גרמים,160.00,100 גרם,false,,26.90,0.1681,true,1,5306116
7290108502381,false,בסיסים להכנת פיצה קוטר 26 וילי פוד 480ג',מוטלוקל גידה סאנאי ט,TR,תחתיות לפיצה 480 גר,גרמים,480.00,100 גרם,false,,12.90,0.0269,true,1,5476633
7290108502589,false,גבינת שמנת שום 200גרם - EURO CHEESE,אטלסר&אלפרי קאסורק,DE,גבינת שמנת עם שום 20,גרמים,200.00,100 גרם,false,,10.90,0.0545,true,1,5259552
7290108502725,false,גבינת גאודה פרוסות 400 גר`וילי פוד,Euro יורו מחלבות אירופה,DE,גבינת גאודה 400 גר,גרמים,400.00,100 גרם,false,,19.90,0.0497,true,1,5280648
7290108502862,false,מלפפונים כבושים במלח 18-25 קטנים מאוד 600 גר,זיתור סאן גירה סני ו,TR,מלפפונים קטנים 18-25,גרמים,600.00,100 גרם,false,,8.90,0.0148,true,1,6784010
7290108503043,false,תפוחונים חטיף פלחים מיובשים מארז 22X4ג',ינטאי זונגקאן פוד קו,CN,מארז תפוחונים מיובשי,יח',1.00,יח',false,,14.20,14.2000,true,1,5476635
7290108503791,false,ניוקי תפוח אדמה 3 צבעים 500 גרם (ללא גלוטן),סיימה אלימנטרי,IT,ניוקי תפוא 3 צבעים ל,גרמים,500.00,100 גרם,false,,11.90,0.0238,true,1,6757359
7290108504002,false,פרוסות גבינה לייט 9% שומן לכריכים וטוסטים 150 גרם,Euro יורו מחלבות אירופה,ES,פרוסות גבינה לייט 9%,גרמים,150.00,100 גרם,false,,10.90,0.0727,true,1,6108214
7290108505689,false,גבינת גרנה פדנו מגורדת 100 גרם,זנאטי,IT,גבינת גרנה פדנו קשה,גרמים,90.00,100 גרם,false,,9.90,0.1100,true,1,6665374
7290108505719,false,גבינת מוצרלה מגורדת 25% שומן 200 גרם,יורו צ'יז Euro Cheese,TR,גבינת מוצרלה מגורדת,גרמים,200.00,100 גרם,false,,12.90,0.0645,true,1,6708657
7290108505733,false,צמות-גבינה חצי קשה 25% שומן 200 גרם,אונטד גידה,TR,צמות גבינה חצי קשה 2,גרמים,200.00,100 גרם,false,,12.90,0.0645,true,1,6704010
7290108505740,false,גבינת קשקבל חצי קשה 25% שומן 200 גרם,Euro יורו מחלבות אירופה,TR,גבינת קשקבל חצי קשה,גרמים,200.00,100 גרם,false,,12.90,0.0645,true,1,6704011
7290108506488,false,סופלה שוקולד קפוא 200 גרם,ארמה גרופ,TR,סופלה שוקולד קפוא,גרמים,200.00,100 גרם,false,,14.90,0.0745,true,1,6698244
7290108506495,false,"כנאפה מאפה בצק ""שערות"" קדאיף וגבינה",ארמה גרופ,TR,כנאפה קפוא,גרמים,192.00,100 גרם,false,,12.90,0.0672,true,1,6698245
7290108506532,false,גליליות וופל במילוי קרם בטעם אגוזי לוז 400ג' ויליפוד,בן& אר.פי.סי,GR,גליליות וופל במילוי,גרמים,400.00,100 גרם,false,,12.90,0.0323,true,1,6703955
7290108506549,false,גליליות וופל במילוי קרם וניל 400ג' ויליפוד,Unknown,GR,גליליות וופל במילוי,גרמים,400.00,100 גרם,false,,12.90,0.0323,true,1,6703956
7290108506709,false,גבינת פרמג'יאנו רג'יאנו 150 גר' רבנות,וילי פוד,IT,גבינת פרמג'נו רג'יאנ,גרמים,150.00,100 גרם,false,,17.90,0.1193,true,1,6701005
7290108507065,false,גבינת פרמג'יאנו רג'יאנו מגורדת 100 גרם,זנאתי,IT,גבינת פרמג'אנו מגורד,גרמים,100.00,100 גרם,false,,13.90,0.1390,true,1,6766088
7290108507072,false,שבבי גבינת גרנה פדנו 100 גרם,זנאתי,IT,שבבי גבינת גרנה פדנו,גרמים,100.00,100 גרם,false,,9.90,0.0990,true,1,6766089
7290108507195,false,מאפה דונאטס,,,מאפה דונאטס,יח',1.00,יח',false,,6.90,6.9000,true,1,6730963
7290108507317,false,יאסו יוגורט יווני ושבבי שוקולד רמילוי,,,יאסו יוגורט יווני וש,גרמים,150.00,100 גרם,false,,4.80,0.0320,true,1,6771127
7290108507331,false,יאסו יוגורט יווני טעם קוקוס רמילוי,,,יאסו יוגורט יווני טע,גרמים,150.00,100 גרם,false,,4.80,0.0320,true,1,6771129
7290108507348,false,יאסו יוגורט יווני טעם אוכמניות רמילוי,,,יאסו יוגורט יווני טע,גרמים,150.00,100 גרם,false,,4.80,0.0320,true,1,6771130
7290108507386,false,יאסו יוגורט יווני טעם טבעי רמילוי,,,יאסו יוגורט יווני טע,גרמים,150.00,100 גרם,false,,4.80,0.0320,true,1,6771134
7290108507492,false,קרקרים עם שומשום 105ג רמילוי,,,קרקרים עם שומשום 105,גרמים,105.00,100 גרם,false,,4.90,0.0467,true,1,6758666
7290108507607,false,גבינת פרמז'ן קשה 27% רמילוי 200גר,,,גבינת פרמז'ן קשה 27%,גרמים,200.00,100 גרם,false,,22.90,0.1145,true,1,6736261
7290108508031,false,ויליפוד אננס שלם 830 גרם,אנגס פארם,TH,אננס שלם 830 גר וילי,גרמים,830.00,100 גרם,false,,10.90,0.0131,true,1,6839387
7290108508765,false,קונכיות פתיתים ויליפ,וילי פוד,TR,קונכיות פתיתים 400 ג,גרמים,400.00,100 גרם,false,,4.90,0.0123,true,1,6785357
7290108508772,false,קונכיות פתיתים עם תרד 400 גרם,וילי פוד,TR,קונכיות פתיתים עם תר,גרמים,400.00,100 גרם,false,,4.90,0.0123,true,1,6785358
7290108508963,false,גבינת קשקבל מגורדת חצי קשה 200 גר,Euro יורו מחלבות אירופה,TR,גבינת קשקבל מגורדת ח,גרמים,200.00,100 גרם,false,,13.90,0.0695,true,1,6774493
7290108509045,false,גבינת מוצרלה מגורדת 300ג רמילוי,,,גבינת מוצרלה מגורדת,גרמים,300.00,100 גרם,false,,14.90,0.0497,true,1,6792350
7290108509090,false,גבינה מותכת משולשים 14% שומן יורו 200 ג',סוטאש,TR,גבינה מותכת משולשים,גרמים,200.00,100 גרם,false,,14.50,0.0725,true,1,6789363
7290108509106,false,"גבינה בולגרית מעודנת בקוביות 13% שומן 200 ג' חת""ס פ""ת",קוליוס,TR,גבינה בולגרית קוביות,גרמים,200.00,100 גרם,false,,11.90,0.0595,true,1,6789400
7290108509113,false,"גבינה בולגרית מעודנת 18% שומן 250 גרם חת""ס פ""ת",Euro יורו מחלבות אירופה,TR,גבינה בולגרית 18% מע,גרמים,250.00,100 גרם,false,,11.90,0.0476,true,1,6789401
7290108509137,false,"גבינה בולגרית מעודנת 5% שומן 250 גרם חת""ס פ""ת",סוטאש,TR,גבינה בולגרית מעודנת,גרמים,250.00,100 גרם,false,,11.90,0.0476,true,1,6789403
7290108509199,false,גבינת פטה 17% שומן יורו 500 ג',קוליוס,TR,גבינה פטה 17% 500 גר,גרמים,250.00,100 גרם,false,,22.90,0.0916,true,1,6789405
7290108509212,false,ויליפוד חטיף אורז אפוי לתינוקות ירקות 50 גרם,נמצ'או,TH,חטיף אורז אפוי ירקות,יח',1.00,יח',false,,11.90,11.9000,true,1,6813712
7290108509250,false,"אנטיפסטי ארטישוק+עגבניות מיובשות וצלפים בשמן חמניות 380 מ""ל",קוסרבה בונטו,IT,אנטיפסטי ארטישוק,גרמים,380.00,100 גרם,false,,22.90,0.0603,true,1,6783967
7290108509267,false,ארוחת פסטה עם רוטב גבינה 206 גרם,הנסיך- מפעל לייצור ט,UA,ארוחת פסטה רוטב גבינ,גרמים,206.00,100 גרם,false,,7.90,0.0383,true,1,6789361
7290108509403,false,חלבה טורקית קלאסית 350 גרם ויליפוד,וילי פוד,TR,חלבה טורקית קלאסית 3,גרמים,350.00,100 גרם,false,,10.90,0.0311,true,1,6784015
7290108509410,false,חלבה טורקית עם קקאו 350 גרם ויליפוד,וילי פוד,TR,חלבה טורקית עם קקאו,גרמים,350.00,100 גרם,false,,10.90,0.0311,true,1,6784016
7290108509533,false,מיונז אמיתי 290 גרם,,,מיונז אמיתי 290 גר,גרמים,290.00,100 גרם,false,,8.90,0.0307,true,1,6797605
7290108509700,false,"אורז פרסי 1 DAAWATק""ג (20)",אל.טי.פודס לימיטד,IN,אורז פרסי 1 לי דאווט,קילוגרמים,1.00,"ק""ג",false,,9.90,9.9000,true,1,6813714
7290108509755,false,גבינה חלומי 250 גרם 23% שומן,,קפריסין,גבינת חלומי 250 גר,גרמים,250.00,100 גרם,false,,23.90,0.0956,true,1,6916711
7290108509908,false,"מנת השף בשקית-איטריות בטעם ירקות 85 ג' חתם סופר ב""ב",וילי פוד - מנת השף,TH,מנת השף אטריות בטעם,גרמים,85.00,100 גרם,false,,3.50,0.0412,true,1,6928039
7290108509915,false,"מנת השף בשקית-איטריות בטעם סיני פיקנטי 85 ג' חתם סופר ב""ב",וילי פוד - מנת השף,TH,מנת השף אטריות בטעם,גרמים,85.00,100 גרם,false,,3.50,0.0412,true,1,6928040
7290108509922,false,"מנת השף בשקית-איטריות בטעם עוף 85 ג' חתם סופר ב""ב",וילי פוד - מנת השף,TH,מנת השף אטריות בטעם,גרמים,85.00,100 גרם,false,,3.50,0.0412,true,1,6928041
7290108509939,false,פרוסות פילה טונה בשמן זית כתית מעולה,וילי פוד,,פרוסות פילה טונה 120,גרמים,120.00,100 גרם,false,,12.90,0.1075,true,1,6797610
7290108509960,false,נתחי טונה בהירה בשמן זית כתית מעולה - מארז 3 יח',וילי פוד,,שלישיית נתחי טונה בה,גרמים,240.00,100 גרם,false,,14.90,0.0621,true,1,6797611
7290108620054,false,יין אסטייט קברנה סובניון יבש אדום 750 מל,יקבי ציון,IL,יין אסטייט קברנה סוב,מיליליטרים,750.00,"100 מ""ל",false,,39.90,0.0532,true,1,6726673
7290108620078,false,יין אסטייט מרלו יבש אדום 750 מל,יקבי ציון,IL,יין אסטייט מרלו יבש,מיליליטרים,750.00,"100 מ""ל",false,,39.90,0.0532,true,1,6726675
7290108620115,false,יין אימפריאל מרלו אדום יבש 750 מל,יקבי ציון,IL,יין אימפריאל מרלו אד,מיליליטרים,750.00,"100 מ""ל",false,,29.90,0.0399,true,1,6726648
7290108620122,false,יין אימפריאל קברנה מרלו אדום יבש 750 מל,,,יין אימפריאל קברנה מ,מיליליטרים,750.00,"100 מ""ל",false,,29.90,0.0399,true,1,6726649
7290108620177,false,"יין פאלאס בלנד אדום 750 מ""ל",יקבי ציון,IL,יין פאלאס בלנד אדום,מיליליטרים,750.00,"100 מ""ל",false,,24.90,0.0332,true,1,6726651
7290108620191,false,"יין אסטייט מוסקט קינוח 750 מ""ל",יקבי ציון,IL,יין אסטייט מוסקט מתו,מיליליטרים,750.00,"100 מ""ל",false,,39.90,0.0532,true,1,6726678
7290108620207,false,"יין אימפריאל ריזלינג גוורצטרמינר 750 מ""ל",יקבי ציון,IL,יין אימפריאל ריזלינג,מיליליטרים,750.00,"100 מ""ל",false,,29.90,0.0399,true,1,6728407
7290108620214,false,"יין פאלאס בלנד לבן 750 מ""ל",יקבי ציון,IL,יין פאלאס בלנד לבן 7,מיליליטרים,750.00,"100 מ""ל",false,,24.90,0.0332,true,1,6726652
7290108620245,false,מיץ ענבים מובחר לבן 100% טבעי 1 ליטר,יקבי ציון,IL,תירוש לבן מובחר 100%,יח,1.00,יח,false,,16.90,16.9000,true,1,6856783
7290108620306,false,"יין אימפריאל קברנה סובניון 375 מ""ל",,IL,אימפריאל קברנה סובני,מטרים,375.00,100 מ'ל,false,,16.90,0.0451,true,1,6817557
7290108620320,false,"יין אימפריאל סובניון בלאן 375 מ""ל",,IL,אימפריאל סובניון 375,מטרים,375.00,100 מ'ל,false,,16.90,0.0451,true,1,6817558
7290108620351,false,"יין גן עדן 750 מוסקט המבורג 750 מ""ל",יקבי ציון,IL,גן עדן יין מתוק רוזה,מטרים,750.00,100 מ'ל,false,,19.90,0.0265,true,1,6835267
7290108620368,false,"יין גן עדן 750 מוסקט אלכסנדרוני 750 מ""ל",יקבי ציון,IL,גן עדן יין מתוק לבן,מטרים,750.00,100 מ'ל,false,,19.90,0.0265,true,1,6835268
7290109139715,false,פינג'אן נירוסטה 500מל ידית בקליט,,,פינג'אן נירוסטה 500מ,יח',1.00,יח',false,,39.90,39.9000,true,1,6889274
7290109351025,false,מלך החומוס חומוסטחינה 40% טחינה גולמית,לחמנו,IL,צבר חומוס טחינה 400,גרמים,400.00,100 גרם,false,,13.90,0.0348,true,1,1274993
7290109351957,false,פריכיות פיטנס מיני גדולות שוקולד חלב 100ג',סנורייס בלגיום אן. ו,BE,פיטנס פריכיות גדולות,גרמים,100.00,100 גרם,false,,8.50,0.0850,true,1,2293389
7290109351971,false,פריכיות דגנים פיטנס מצופות שוקולד חלב,פרח תעשיות,IL,פיטנס בר פריכיות שוק,גרמים,84.00,100 גרם,false,,11.90,0.1417,true,1,1793768
7290109352916,false,פריכיות דגנים פיטנס מצופות שוקולד לבן,פרח תעשיות,IL,פיטנס בר פריכיות שוק,גרמים,84.00,100 גרם,false,,11.90,0.1417,true,1,1793769
7290109354101,false,"לחמית ללא גלוטן 200 גר' ""אסם""","אסם תעשיות בע""מ",IL,לחמית ללא גלוטן 200,גרמים,200.00,100 גרם,false,,6.90,0.0345,true,1,3189925
7290109354972,false,אוסם - פתי בר וניל חלבי ללא גלוטן 200 גרם,מיוצר עי קונדיטוריית,IL,"אסם פתי בר לל""ג קלאס",גרמים,200.00,100 גרם,false,,8.90,0.0445,true,1,1793743
7290109354996,false,פתי בר ללא גלוטן שוקו 200 גרם אסם,מיוצר עי קונדיטוריית,IL,"אסם פתי בר לל""ג שוקו",גרמים,200.00,100 גרם,false,,8.90,0.0445,true,1,1793771
7290109358284,false,"שניצל תירס עם חלבון 664 גר' ""טבעול""",עיצובים 2020 (4.8),IL,טבעול שניצל תירס עם,גרמים,664.00,100 גרם,false,,24.90,0.0375,true,1,3315822
7290109358482,false,עוגיות קרמוגית במילוי קרם בטעם חלבה,היינץ צפון אמריקה מק,IL,אסם קרמוגית במילוי ק,גרמים,200.00,100 גרם,false,,9.90,0.0495,true,1,5697530
7290109463001,false,שישיית חיתולי בד טטר,,,שישיית חיתולי בד טטר,יחידה,0.00,יחידה,false,,29.90,0.0000,true,1,6884103
7290109580043,false,"שניצל תירס קלאסי זוגלובק 1.75 ק""ג",זוגלובק,IL,שניצל תירס 1.75קג בד,קילוגרמים,1.75,"ק""ג",false,,49.90,28.5143,true,1,6729119
7290109580050,false,נקניקיות צ'וריסוס וונדרס 0% בשר טבעוני ללא גלוטן,זוגלובק וונדרס Wonders,IL,נקניקיות צ'וריסוס 22,גרמים,226.00,100 גרם,false,,26.90,0.1190,true,1,6769607
7290109580067,false,"טחון וונדרס 0% בשר , טבעוני",זוגלובק וונדרס Wonders,IL,טחון 340גר וונדרס,גרמים,340.00,100 גרם,false,,26.90,0.0791,true,1,6769608
7290109580104,false,זוגלובק פרימיום רוסטביף 150 גרם,זוגלובק,IL,רוסטביף,יח',1.00,יח',false,,22.80,22.8000,true,1,6766092
7290109580111,false,"צלעות אסאדו מעושנות פרימיום, 120 גרם",זוגלובק,IL,צלעות אסאדו מעושנות,גרמים,120.00,100 גרם,false,,22.80,0.1900,true,1,6830178
7290109580135,false,קורנדביף פרימיום 180 גרם זוגלובק,זוגלובק,IL,זוגלובק פרימיום קורנ,גרמים,180.00,100 גרם,false,,22.80,0.1267,true,1,6773425
7290109580159,false,זוגלובק פרימיום פסטרמה בנוסח טוסקנה 200,זוגלובק,IL,פסטרמה נוסח טוסקנה,יח',1.00,יח',false,,22.80,22.8000,true,1,6766094
7290109580210,false,נקנקיות ריינהולד'ס הצרפתיה זוגלובק 300 ג',זוגלובק,IL,נקניקיות ריינהולד'ס,גרמים,300.00,100 גרם,false,,19.90,0.0663,true,1,6807294
7290109580227,false,נקניקיות עוף ובקר בסגנון ברלינאי קאריוורסט,זוגלובק,IL,נקניקיות ריינהולד'ס,גרמים,300.00,100 גרם,false,,19.90,0.0663,true,1,6807295
7290109580234,false,"נקניקיות מרגז חריפות וונדרס 0% בשר, טבעוני",זוגלובק וונדרס Wonders,IL,נקניקיות מרגז 226גר,גרמים,280.00,100 גרם,false,,26.90,0.0961,true,1,6818248
7290109580241,false,נאגטס מן הצומח זוגלובק 500 גרם,זוגלובק טבע,IL,נאגטס מן הצומח 500 ג,גרמים,500.00,100 גרם,false,,22.50,0.0450,true,1,6858282
7290109580265,false,זוג חזה הודו בדבש+בקביקיו 600ג רמילוי,,,זוג חזה הודו בדבש+בק,גרמים,600.00,100 גרם,false,,21.90,0.0365,true,1,6873881
7290109580319,false,"בורגר וונדרס 0% בשר , טבעוני",זוגלובק וונדרס Wonders,IL,בורגר 280גר וונדרס,גרמים,280.00,100 גרם,false,,26.90,0.0961,true,1,6818249
7290109580333,false,סלמי קוניאק רמילוי,,,סלמי קוניאק רמילוי,יחידה,0.00,יחידה,false,,21.90,0.0000,true,1,6873858
7290109580432,false,פסטרמה חזה הודו מעושן 120 גר' זוגלובק,זוגלובק,IL,פסטרמה מעושנת דק דק,גרמים,120.00,100 גרם,false,,12.90,0.1075,true,1,6866048
7290109640020,false,גוש טבעוני בטעם מוצרלה 18% שומן 300 גרם - משומשו,וי גרדן,,משומשו טבעוני בטעם מ,גרמים,300.00,100 גרם,false,,18.90,0.0630,true,1,1576148
7290109640372,false,ממרח זיתים על בסיס קוקוס 9% שומן 200 גרם - משומשו,MASHUמשו,IL,משומשו ממרח זיתים 20,גרמים,200.00,100 גרם,false,,14.90,0.0745,true,1,6771676
7290109640396,false,ממרח שום שמיר על בסיס קוקוס 9% שומן 200 גרם - משומשו,משו משו,IL,משומשו ממרח שום שמיר,גרמים,200.00,100 גרם,false,,14.90,0.0745,true,1,6771678
7290109640402,false,ממרח על בסיס קוקוס 9% שומן 200 גרם - משומשו,משו משו,IL,משומשו ממרח טעם טבעי,גרמים,200.00,100 גרם,false,,14.90,0.0745,true,1,6771679
7290109640648,false,ממרח בטעם חמאה 150 גרם - משומשו,"טרופיקל דגיל בע""מ אז",IL,משומשו ממרח טעם חמאה,גרמים,150.00,100 גרם,false,,11.90,0.0793,true,1,6771681
7290109640761,false,מאפה פילאס במילוי פטה טבעונית 600 גרם - משומשו,סנו מפעלי ברונוס.,IL,משומשו מאפה בצק פילא,גרמים,600.00,100 גרם,false,,23.90,0.0398,true,1,6774450
7290109920146,false,"דורגול מסיר אבנית מקומקומים 750 מ""ל",יעקובי דורגול,,דורגול מסיר אבנית 75,מיליליטרים,750.00,"100 מ""ל",false,,17.90,0.0239,true,1,2133513
7290109920153,false,"מלבין לכביסה לבנה לובן צח, 790 גרם יעקבי",יעקובי,US,מלבין כביסה 790 ג יע,גרמים,790.00,100 גרם,false,,27.50,0.0348,true,1,2452494
7290109920313,false,"אסטוניש מרסס לניקוי חלונות 750 מ""ל",יעקבי- אסטוניש Astonish,GB,אסטוניש מרסס שמשות 7,מיליליטרים,750.00,"100 מ""ל",false,,11.90,0.0159,true,1,4035359
7290109920627,false,"אסטוניש קרם ואקונומיקה לניקוי אמבטיות 500 מ""ל",יעקובי אסטוניש,GB,אסטוניש קרם אמבט,מיליליטרים,500.00,"100 מ""ל",false,,10.90,0.0218,true,1,4427474
7290109920665,false,"אסטוניש - מרסס מסיר אוכל שרוף במטבח 750 מ""ל",יעקבי- אסטוניש Astonish,GB,אסטוניש מרסס למטבח 7,מיליליטרים,750.00,"100 מ""ל",false,,11.90,0.0159,true,1,4035386
7290109920825,false,צמד-דורגול אספרסו + דורגול מקציף חלב מתנה,יעקובי דורגול,CH,דורגול אספרסו 500 מל,מיליליטרים,500.00,"100 מ""ל",false,,28.90,0.0578,true,1,5482179
7290109920870,false,גל כביסה הפי מיוחד לכביסה שחורה וכהה,יעקובי הפי,BE,הפי ג'ל לכביסה שחורה,ליטרים,1.00,ליטר,false,,14.90,14.9000,true,1,4880403
7290109920887,false,גל כביסה הפי מיוחד לכביסה ביד צמר ומשי,יעקובי הפי,BE,הפי ג'ל מיוחד לכביסה,מטרים,1000.00,100 מ'ל,false,,14.90,0.0149,true,1,6733514
7290109921075,false,"נוזל דזיטול מחטא בגדים בכביסה 500 מ""ל",מרקה,BE,דזיטול מחטא בגדים 50,מיליליטרים,500.00,"100 מ""ל",false,,11.90,0.0238,true,1,6920599
7290109921303,false,טורבול סופג לחות 2 מגשיות,יעקובי,SE,טורבולן סופג לחות,יח',1.00,יח',false,,29.90,29.9000,true,1,5575275
7290109921334,false,אידאל דפי כביסה 15 יח' יעקבי,יעקובי,ES,דפי כביסה 15 יח,קילו,1.00,קילו,false,,14.90,14.9000,true,1,5782985
7290109921389,false,נוזל מקצועי לניקוי רצפות השיפוצניק יעקבי,יעקובי,TR,שטיפת רצפות לאחר שיפ,יח',1.00,יח',false,,19.90,19.9000,true,1,6733516
7290109921587,false,רצפות גרניט פורצלן ייבוש מהיר ללא סימנים,וונדפוט,BE,נוזל לשיטפת רצפה גרנ,ליטרים,1.25,ליטר,false,,12.90,10.3200,true,1,6471917
7290109921723,false,"דורגול ג'ל לאסלה 750 מ""ל",יעקובי דורגול,,דורגול ג'ל אסלה 750,מיליליטרים,750.00,"100 מ""ל",false,,19.90,0.0265,true,1,6733519
7290109921853,false,אסטוניש המשחה המקורית לניקוי עם עוצמה,יעקבי- אסטוניש Astonish,GB,אסטוניש משחה לניקוי,גרמים,150.00,100 גרם,false,,15.90,0.1060,true,1,6744319
7290109922867,false,2 in 1 - סופרו - ג'ל כביסה מרוכז עם מרכך יעקבי,וונדפוט,BE,ג'ל כביסה סופרו 2ב1,ליטרים,2.50,ליטר,false,,22.90,9.1600,true,1,6844506
7290109923048,false,"אסטוניש - מרסס פרמיום ארומטיק לכל הבית 750 מ""ל",יעקובי אסטוניש,GB,אסטוניש מרסס ארומטיק,מטרים,750.00,100 מ'ל,false,,14.90,0.0199,true,1,6836574
7290109923093,false,"אסטוניש - קרם כיריים הלוגן ומיקרו 500 מ""ל",יעקובי אסטוניש,IL,אסטוניש קרם כיריים ה,גרמים,500.00,100 גרם,false,,14.90,0.0298,true,1,6870327
7290109923109,false,סבון אסלה 5 צדפות +אקונומיקה 2 יח',יעקובי,IL,סבון אסלה 5 צדפות+אק,מטרים,160.00,100 מ'ל,false,,12.90,0.0806,true,1,6870328
7290109923130,false,מדליק לפחמים קוביות הפי 24 יח',דה טורן,,הפי מדליק פחמים קובי,גרמים,250.00,100 גרם,false,,9.80,0.0392,true,1,6870677
7290109923147,false,אסטוניש מהדורה פרימיום פלא של אקונומיקה,יעקבי- אסטוניש Astonish,GB,אסטוניש מרסס פלא ואק,מטרים,750.00,100 מ'ל,false,,14.90,0.0199,true,1,6870329
7290110058869,false,מארז שלישיית ביצי שוקולד סמי הכבאי,שמחה זה אנחנו,IT,שלישית ביצי שוקולד (,גרמים,20.00,100 גרם,false,,12.90,0.6450,true,1,3734443
7290110110277,false,"סומרסבי סיידר תפוחים אלכוהולי 4*300 מ""ל","קרלסברג קרואטיה , יב",IL,סומרסבי סיידר 4 בק 3,מיליליטרים,330.00,"100 מ""ל",false,,30.90,0.0936,true,1,4855746
7290110110369,false,שישיית בירה קרלסברג LUMA בקבוק 330 מל,מבשלות בירה בינלאומי,IL,קרלסברג לומה שישייה,יח',1.00,יח',false,,39.90,39.9000,true,1,6713277
7290110110703,false,מארז ספרייט שישייה פחיות FRIDGE PACK,קוקה קולה ישראל,IL,מארז ספרייט 6 פחיות,ליטרים,1.98,ליטר,false,,21.90,11.0606,true,1,4519183
7290110111809,false,"מארז פחיות פאנטה אורנג' שישייה 330 מ""ל",החברה המרכזית לייצור,IL,פאנטה אורנג' מארז פח,יח',1.00,יח',false,,21.90,21.9000,true,1,6000910
7290110113261,false,נקטר אושן ספריי 19 קלוריות חמוציות 1 ליטר,קריות זול,IL,נקטר חמוציות אושן ספ,ליטרים,1.00,ליטר,false,,11.00,11.0000,true,1,6812901
7290110113476,false,בירה קרלסברג ללא אלכוהול - שישייה,קרלסברג רומניהיבואן:,IL,"קרלסברג 0.0 330 מ""ל",ליטרים,1.98,ליטר,false,,26.90,13.5859,true,1,6688362
7290110114787,false,נביעות+ מים מינרליים בטעם תפוח 1.5 ליטר,נביעות טבע הגליל בעמ,IL,נביעות+ מים מינרליים,ליטרים,1.50,ליטר,false,,8.00,5.3333,true,1,6812161
7290110114794,false,נביעות+ מים מינרליים בטעם אפרסק 1.5 ליטר,"נביעות טבע הגליל בע""",IL,נביעות+ מים מינרליים,ליטרים,1.50,ליטר,false,,8.00,5.3333,true,1,6812162
7290110114800,false,נביעות+ מים מינרליים בטעם ענבים 1.5 ליטר,פארייפאבה אגרואינדוס,IL,נביעות+ מים מינרליים,ליטרים,1.50,ליטר,false,,8.00,5.3333,true,1,6812163
7290110114824,false,נביעות+רכיבי פרי אבטיח 1.5 ליטר פיקדון,"נביעות טבע הגליל בע""",IL,נביעות+ רכיבי פרי אב,ליטרים,1.50,ליטר,false,,8.60,5.7333,true,1,6812165
7290110114855,false,"נביעות מים מינרליים, שישיה 6 * 1.5 ליטר פקדון",נביעות טבע הגליל בעמ,IL,מים מינרליים נביעות,ליטרים,1.50,ליטר,false,,12.70,8.4667,true,1,6812219
7290110114886,false,פריגת סחוט טרי קלמנטינה 2 ליטר,פריגת מצוננים,IL,סחוט קלמנטינה 2לי,ליטרים,2.00,ליטר,false,,27.30,13.6500,true,1,6814449
7290110114893,false,פריגת סחוט טרי תפוז 2 ליטר,היינץ צפון אמריקה מק,IL,סחוט תפוז 2לי,ליטרים,2.00,ליטר,false,,27.90,13.9500,true,1,6814450
7290110114909,false,"100% מיץ תפוחים צלול עשוי מרכז, 2 ליטר",היינץ צפון אמריקה מק,IL,סחוט תפוח צלול 2לי,ליטרים,2.00,ליטר,false,,27.90,13.9500,true,1,6814451
7290110114916,false,פריגת סחוט לימון נענע 2 ליטר,פריגת מצוננים,IL,סחוט לימונענע 2לי,ליטרים,2.00,ליטר,false,,28.30,14.1500,true,1,6814452
7290110114954,false,מיץ תפוזים מתקתקים 100% 2 ל' פריגת,פריגת מצוננים,IL,תפוזים מתקתק 100% 2ל,ליטרים,2.00,ליטר,false,,21.90,10.9500,true,1,6814454
7290110114961,false,משקה קל תפוזים פריגת 1.5 ליטר,מבשלות בירה בינלאומי,IL,משקה קל תפוזים פריגת,ליטרים,1.50,ליטר,false,,8.50,5.6667,true,1,6812239
7290110114985,false,משקה קל אשכולית פריגת 1.5 ליטר,מבשלות בירה בינלאומי,IL,משקה קל אשכולית פריג,ליטרים,1.50,ליטר,false,,8.80,5.8667,true,1,6812241
7290110114992,false,משקה קל לייט אשכולית פריגת 1.5 ליטר,מבשלות בירה בינלאומי,IL,משקה קל לייט אשכולית,ליטרים,1.50,ליטר,false,,8.30,5.5333,true,1,6812242
7290110115005,false,משקה קל ענבים פריגת 1.5 ליטר,מבשלות בירה בינלאומי,IL,משקה קל ענבים פריגת,ליטרים,1.50,ליטר,false,,8.80,5.8667,true,1,6812243
7290110115036,false,פריגת מנגו 1.5 ליטר פיקדון,מבשלות בירה בינלאומי,IL,משקה פריגת מנגו 1.5,ליטרים,1.50,ליטר,false,,8.80,5.8667,true,1,6812246
7290110115043,false,פריגת לימונענע 1.5 ליטר פיקדון,מבשלות בירה בינלאומי,IL,משקה לימונענע פריגת,ליטרים,1.50,ליטר,false,,8.80,5.8667,true,1,6817780
7290110115050,false,פריגת מיקס תות בננה 1.5 ליטר פיקדון,מבשלות בירה בינלאומי,IL,משקה פריגת מיקס תות,ליטרים,1.50,ליטר,false,,8.80,5.8667,true,1,6812247
7290110115081,false,פריגת צלול ענבים 1.5 ליטר פיקדון,מבשלות בירה לישראל ב,IL,פריגת צלול ענבים 1.5,ליטרים,1.50,ליטר,false,,8.20,5.4667,true,1,6812250
7290110115104,false,פריגת צלול אפרסק 1.5 ליטר פיקדון,מבשלות בירה בינלאומי,IL,פריגת צלול אפרסק 1.5,ליטרים,1.50,ליטר,false,,8.20,5.4667,true,1,6812272
7290110115111,false,פריגת צלול אננס 1.5 ליטר פיקדון,מבשלות בירה לישראל ב,IL,פריגת צלול אננס 1.5,ליטרים,1.50,ליטר,false,,8.20,5.4667,true,1,6812273
7290110115128,false,פריגת צלול בטעם לימונענע 1.5 ליטר פיקדון,מבשלות בירה לישראל ב,IL,פריגת צלול לימונענע,ליטרים,1.50,ליטר,false,,8.50,5.6667,true,1,6812274
7290110115180,false,מים מינרליים נביעות,"נביעות טבע הגליל בע""",IL,מים מינרליים נביעות,ליטרים,1.50,ליטר,false,,3.10,2.0667,true,1,6810987
7290110115203,false,קוקה קולה 1.5 ליטר פיקדון,קוקה קולה Coca Cola,IL,קוקה-קולה בקבוק 1.5,ליטרים,1.50,ליטר,false,,8.60,5.7333,true,1,6812280
7290110115210,false,דיאט קוקה קולה 1.5 ליטר פיקדון,קוקה קולה Coca Cola,IL,קוקה-קולה דיאט בקבוק,ליטרים,1.50,ליטר,false,,8.20,5.4667,true,1,6812281
7290110115227,false,קוקה-קולה זירו בקבוק 1.5 ליטר,קוקה קולה Coca Cola,IL,קוקה-קולה זירו בקבוק,ליטרים,1.50,ליטר,false,,8.20,5.4667,true,1,6812282
7290110115234,false,קוקה-קולה זירו נטול בקבוק 1.5 ליטר,החברה המרכזית לייצור,IL,קוקה-קולה זירו נטול,ליטרים,1.50,ליטר,false,,8.30,5.5333,true,1,6812283
7290110115241,false,קוקה-קולה זירו לימון בקבוק 1.5 ליטר,החברה המרכזית לייצור,IL,קוקה-קולה זירו לימון,ליטרים,1.50,ליטר,false,,8.30,5.5333,true,1,6812284
7290110115265,false,ספרייט לימון ליים 1.5 ליטר-,החברה המרכזית לייצור,IL,ספרייט ליים 1.5 ליטר,ליטרים,1.50,ליטר,false,,8.90,5.9333,true,1,6812304
7290110115272,false,ZERO ספרייט 1.5 ליטר פיקדון,החברה המרכזית לייצור,IL,ספרייט זירו 1.5ליטר,ליטרים,1.50,ליטר,false,,8.30,5.5333,true,1,6812305
7290110115289,false,ספרייט 19 קל' לימון-נענע 1.5 ליטר פיקדון,החברה המרכזית לייצור,IL,ספרייט לימון נענע 1.,ליטרים,1.50,ליטר,false,,8.30,5.5333,true,1,6812328
7290110115302,false,משקה מוגז אורנג' זירו פאנטה 1.5 ליטר,החברה המרכזית לייצור,IL,משקה מוגז אורנג' זיר,ליטרים,1.50,ליטר,false,,8.20,5.4667,true,1,6812330
7290110115319,false,פאנטה אקזוטיק 1.5 ליטר פיקדון,החברה המרכזית לייצור,IL,פאנטה אקזוטיק 1.5 לי,ליטרים,1.50,ליטר,false,,8.20,5.4667,true,1,6812331
7290110115333,false,פאנטה תות 1.5 ליטר פיקדון,החברה המרכזית לייצור,IL,פאנטה תות 1.5 ליטר,ליטרים,1.50,ליטר,false,,8.20,5.4667,true,1,6812333
7290110115340,false,פאנטה ענבים 1.5 ליטר פיקדון,קוקה קולה,IL,פאנטה ענבים 1.5 ליטר,ליטרים,1.50,ליטר,false,,8.20,5.4667,true,1,6812334
7290110115357,false,קינלי סודה 1.5 ליטר פיקדון,קריות זול,IL,סודה קינלי 1.5 ליטר,ליטרים,1.50,ליטר,false,,3.30,2.2000,true,1,6812335
7290110115364,false,שישייה קוקה קולה 1.5 ליטר פיקדון,החברה המרכזית לייצור,IL,קוקה קולה 6*1.5 ליטר,ליטרים,9.00,ליטר,false,,49.30,5.4778,true,1,6812286
7290110115371,false,דיאט קוקה קולה שישיות 1.5 ליטר פיקדון,החברה המרכזית לייצור,IL,קוקה קולה דייט 6*1.5,ליטרים,9.00,ליטר,false,,46.10,5.1222,true,1,6814818
7290110115388,false,ספרייט ליים שישיות 1.5 ליטר פיקדון,החברה המרכזית לייצור,IL,ספרייט ליים שישייה 1,ליטרים,9.00,ליטר,false,,44.90,4.9889,true,1,6812306
7290110115395,false,ZERO ספרייט שישיות 1.5 ליטר פיקדון,החברה המרכזית לייצור,IL,ספרייט זירו שישייה 1,ליטרים,9.00,ליטר,false,,42.90,4.7667,true,1,6812307
7290110115401,false,קינלי סודה שישייה 1.5 ליטר פיקדון,החברה המרכזית לייצור,IL,קינלי סודה שישייה 1.,ליטרים,9.00,ליטר,false,,14.70,1.6333,true,1,6812355
7290110115418,false,מארז שישייה קוקה קולה זירו 1.5 ל',החברה המרכזית לייצור,IL,קוקה קולה זירו 6*1.5,ליטרים,9.00,ליטר,false,,46.10,5.1222,true,1,6812308
7290110115425,false,FUZE TEA גרין לימונענע -נענע 1.5 ליטר פיקדון,מבשלות בירה בינלאומי,IL,פיוז-טי בטעם לימון נ,ליטרים,1.50,ליטר,false,,8.90,5.9333,true,1,6812356
7290110115449,false,אייס תה בטעם מנגו אננס 1.5ל' FUZE TEA,מבשלות בירה בינלאומי,IL,פיוז-טי בטעם מנגו אנ,ליטרים,1.50,ליטר,false,,8.90,5.9333,true,1,6812358
7290110115463,false,פיוז טי אפרסק 1.5 ליטר פיקדון,מבשלות בירה בינלאומי,IL,פיוז-טי בטעם אפרסק 1,ליטרים,1.50,ליטר,false,,8.60,5.7333,true,1,6812360
7290110115494,false,תה קר בטעם ענבים פיוז טי 1.5 ליטר,מבשלות בירה בינלאומי,IL,תה קר בטעם ענבים פיו,ליטרים,1.50,ליטר,false,,8.90,5.9333,true,1,6812362
7290110115531,false,משקה מוגז תפוח זירו פאנטה 1.5 ליטר,החברה המרכזית לייצור,IL,משקה מוגז תפוח זירו,ליטרים,1.50,ליטר,false,,8.20,5.4667,true,1,6812336
7290110115586,false,פריגת תפוזים 40% פחות סוכר 1.5 ליטר פיקדון,מבשלות בירה בינלאומי,IL,פריגת תפוזים 40% פחו,ליטרים,1.50,ליטר,false,,8.30,5.5333,true,1,6812251
7290110115593,false,פריגת אשכוליות 40% פחות סוכר 1.5 ליטר פיקדון,מבשלות בירה בינלאומי,IL,פריגת אשכוליות 40% פ,ליטרים,1.50,ליטר,false,,8.30,5.5333,true,1,6812252
7290110115623,false,משקה פיוז טי זירו ZERO בטעם אפרסק,מבשלות בירה בינלאומי,IL,פיוז-טי זירו אפרסק 1,ליטרים,1.50,ליטר,false,,8.90,5.9333,true,1,6819276
7290110115838,false,ספרייט לימון- ליים 1.5 ליטר,"אינסטנטה בע""מ",IL,ספרייט זירו 1.5ליטר,ליטרים,1.50,ליטר,false,,8.30,5.5333,true,1,6891780
7290110115845,false,קוקה קולה 1.5 ליטר פיקדון,"אינסטנטה בע""מ",IL,קוקה-קולה בקבוק 1.5,ליטרים,1.50,ליטר,false,,8.60,5.7333,true,1,6857606
7290110115869,false,קוקה קולה זירו 1.5 ליטר פיקדון,תות תעשיות מזון (201,IL,קוקה קולה זירו 1.5 ל,מטרים,1500.00,100 מ'ל,false,,8.20,0.0055,true,1,6822211
7290110116125,false,סירופ בטעם פטל 750 מל פריגת,סירופ - גבעת חיים,IL,סירופ פטל 750 מל,מטרים,750.00,100 מ'ל,false,,22.90,0.0305,true,1,6892232
7290110116132,false,סירופ בטעם לימון 750 מל פריגת,סירופ - גבעת חיים,IL,סירופ לימון 750 מל,מטרים,750.00,100 מ'ל,false,,22.90,0.0305,true,1,6892233
7290110116149,false,סירופ בטעם ענבים 750 מל פריגת,סירופ - גבעת חיים,IL,סירופ ענבים 750 מל,מטרים,750.00,100 מ'ל,false,,22.90,0.0305,true,1,6892234
7290110116156,false,נביעות+רכיבי פרי מנגו-פסיפלורה 1.5 ליטר-,נביעות,IL,נביעות+ רכיבי פרי מנ,ליטרים,1.50,ליטר,false,,8.60,5.7333,true,1,6892929
7290110116170,false,נביעות+רכיבי פרי אננס-קוקוס 1.5 ליטר-,נביעות,IL,נביעות+ רכיבי פרי אנ,ליטרים,1.50,ליטר,false,,8.60,5.7333,true,1,6892930
7290110116194,false,נביעות+ סדרת 0 קלוריות לימון-ליים 1.5 לי,"נביעות טבע הגליל בע""",IL,נביעות+ סדרת 0 קלורי,ליטרים,1.50,ליטר,false,,8.60,5.7333,true,1,6892931
7290110116217,false,נביעות+ סדרת 0 קלוריות אשכוליות 1.5 ליטר,"נביעות טבע הגליל בע""",IL,נביעות+ סדרת 0 קלורי,ליטרים,1.50,ליטר,false,,8.60,5.7333,true,1,6892932
7290110116392,false,סירופ בטעם תפוזים 750 מל פריגת,סירופ - גבעת חיים,IL,סירופ תפוזים 750 מל,מטרים,750.00,100 מ'ל,false,,22.90,0.0305,true,1,6892235
7290110116484,false,פריגת סחוט מיקס תות בננה 1ליטר,פריגת מצוננים,IL,פריגת מיקס תות בננה,ליטרים,1.00,ליטר,false,,13.60,13.6000,true,1,6884751
7290110116491,false,פריגת סחוט מיקס אפרסק משמש 1ליטר,פריגת מצוננים,IL,פריגת מיקס אפרסק משמ,ליטרים,1.00,ליטר,false,,13.90,13.9000,true,1,6884752
7290110116507,false,פריגת סחוט מיקס אננס בננה אגס 1ליטר,פריגת מצוננים,IL,פריגת מיקס אננס בננה,ליטרים,1.00,ליטר,false,,15.40,15.4000,true,1,6884753
7290110116552,false,ספרייט לימון היט 1.5 ליטר LIME פיקדון,החברה המרכזית לייצור,IL,ספרייט למון היט 1.5,ליטרים,1.50,ליטר,false,,8.90,5.9333,true,1,6915432
7290110116569,false,"ספרייט זירו ZERO בק LEMON HIT, 1.5 ליטר",החברה המרכזית לייצור,IL,זירו ספרייט למון היט,ליטרים,1.50,ליטר,false,,8.30,5.5333,true,1,6915433
7290110320591,false,פיראוס בולגרית מעודנת 16% 250 גר,תנובה חלב,IL,בולגרית מעודנת 16% 2,גרמים,250.00,100 גרם,false,,19.90,0.0796,true,1,3001126
7290110320683,false,משקה יופלה 360 בטעם תות אריזת שמיניה,מיוצר עי קונדיטוריית,IL,משקה יופלה שמינייה,מיליליטרים,856.00,"100 מ""ל",false,,15.90,0.0186,true,1,3824875
7290110320867,false,פתיתים גבינה חצי קשה מגורדת 28% שומן,תנובה מרכז שיתופי לש,IL,פתיתי עמק 28% שומן,גרמים,500.00,100 גרם,false,,28.90,0.0578,true,1,3280163
7290110320935,false,גבינת מוצרלה תנובה 150ג' פרוסות,תנובה מרכז שיתופי לש,IL,פרוסות מוצרלה 150 גר,גרמים,150.00,100 גרם,false,,15.90,0.1060,true,1,3667959
7290110321031,false,מעדן חלב GO יוגורט מועשר בחלבון טבעי 200 ג' יופלה,"תנובה, מחלבת אלון תב",IL,יופלה GO יוגורט מועש,גרמים,200.00,100 גרם,false,,4.90,0.0245,true,1,3667961
7290110321277,false,"קוטג' בקטנה 100 גרם, 5% שומן מהדרין",פארייפאבה אגרואינדוס,IL,קוטג' בקטנה 100 גרם,גרמים,100.00,100 גרם,false,,2.30,0.0230,true,1,4054704
7290110321284,false,"קוטג' בקטנה 100 גרם, 9% שומן מהדרין",פארייפאבה אגרואינדוס,IL,קוטג' בקטנה 100 גרם,גרמים,100.00,100 גרם,false,,2.30,0.0230,true,1,4054705
7290110321604,false,קוביות פיראוס בולגרית מעודנת 5% 200 גרם - רבנות,תנובה חלב,IL,קוביות בולגרית מעודנ,גרמים,230.00,100 גרם,false,,19.90,0.0865,true,1,4914900
7290110321680,false,יוגורט GO בטעם תות 20 גרם חלבון בגביע,מיוצר עי קונדיטוריית,IL,יופלה GO יוגורט מועש,מיליליטרים,200.00,"100 מ""ל",false,,5.50,0.0275,true,1,4217093
7290110321697,false,יוגורט GO בטעם אפרסק 20 גרם חלבון בגביע,מיוצר עי קונדיטוריית,IL,יופלה GO יוגורט מועש,מיליליטרים,200.00,"100 מ""ל",false,,5.50,0.0275,true,1,4217094
7290110321703,false,יוגורט עם פירות יער בתוספת חלבוני חלב 2% שומן,מיוצר עי קונדיטוריית,IL,יופלה גו פירות יער,מיליליטרים,200.00,"100 מ""ל",false,,5.50,0.0275,true,1,4880471
7290110322014,false,טופו בטעם טבעי תנובה ALTERNATIVE,שוורצקוף& הנקל דיסלד,IL,טופו טבעי,גרמים,300.00,100 גרם,false,,11.80,0.0393,true,1,4880472
7290110322021,false,טופו עם בזיליקום תנובה ALTERNATIVE,שוורצקוף& הנקל דיסלד,IL,טופו בזיליקום,גרמים,300.00,100 גרם,false,,11.80,0.0393,true,1,4880473
7290110322038,false,טופו פיקנטי תנובה ALTERNATIVE,שוורצקוף& הנקל דיסלד,IL,טופו פיקנטי,גרמים,300.00,100 גרם,false,,11.80,0.0393,true,1,4880474
7290110322946,false,יופלה טיוב יוגורט במרקם חלק בטעם תות בננה כשרות רבנות 348 ג',תנובה חלב,IL,יופלה טיוב יוגורט במ,גרמים,348.00,100 גרם,false,,9.90,0.0284,true,1,5422596
7290110323073,false,"משקה יוגורט יופלה גו תות פטל 250 מ""ל - רבנות",מיוצר עי קונדיטוריית,IL,משקה יוגורט GO מועשר,מיליליטרים,250.00,"100 מ""ל",false,,5.90,0.0236,true,1,5306028
7290110323097,false,מעדן גבינה עם תות 5% שומן 80 ג' תנובה,תנובה,IL,תאומים גביע - 80 גר',יח',1.00,יח',false,,1.70,1.7000,true,1,5582447
7290110323301,false,טל העמק בסגנון אמנטל 32% שומן 200 גרם,פ.פ.ח. שאביט,IL,גבינת טל העמק 32% 20,גרמים,200.00,100 גרם,false,,17.90,0.0895,true,1,5662477
7290110323585,false,יופלה יוגורט עם דובדבן מופחת קלוריות 200 ג' GO,יופלה Yoplait,IL,יוגורט גו דובדבן 200,מיליליטרים,200.00,"100 מ""ל",false,,5.50,0.0275,true,1,5572199
7290110323592,false,יופלה יוגורט עם אפרסק מופחת קלוריות 200 ג' GO,יופלה Yoplait,IL,יוגורט גו 200 מל,מיליליטרים,200.00,"100 מ""ל",false,,5.50,0.0275,true,1,5572200
7290110323714,false,משקה קוקוס שקדים תנובה E אלטרנטיב,מיוצר עי קונדיטוריית,IL,משקה קוקוס שקדים,יח',1.00,יח',false,,11.60,11.6000,true,1,5662480
7290110323998,false,מאגדת שמינייה מיני קרלו קצפת 8*77 ג',תנובה מרכז שיתופי לש,IL,מאגדת שמינייה מיני ק,מיליליטרים,800.00,"100 מ""ל",false,,13.90,0.0174,true,1,6788791
7290110324070,false,גבינת חלומי מחלב בקר 22%שומן 200גר,"תנובה בע""מ",IL,גבינת חלומי מחלב בקר,גרמים,200.00,100 גרם,false,,16.90,0.0845,true,1,5796829
7290110324353,false,יוגורט GO לייט בטעם אננס 20 גרם חלבון בגביע,מיוצר עי קונדיטוריית,IL,יופלה גו לייט אננס,יח',1.00,יח',false,,5.50,5.5000,true,1,6019000
7290110324551,false,יופלה טיוב יוגורט במרקם חלק תות כשרות מהדרין,תנובה חלב,IL,יופלה טיוב יוגורט תו,גרמים,348.00,100 גרם,false,,9.90,0.0284,true,1,5904184
7290110324711,false,"ממרח סויה בסגנון גבינה טעם טבעי בד""צ",מיוצר עי קונדיטוריית,IL,ממרח סויה 9% טבעי,גרמים,250.00,100 גרם,false,,7.90,0.0316,true,1,6089983
7290110324728,false,ממרח סויה עם שום שמיר 9% שומן אלטרנטיב,מיוצר עי קונדיטוריית,IL,ממרח סויה 9% שום שמי,גרמים,250.00,100 גרם,false,,7.90,0.0316,true,1,6090005
7290110324841,false,מעדן שקדים עם שוקולד מריר אלטרנטיב,מיוצר עי קונדיטוריית,IL,מעדן שקדים ושוקולדמר,גרמים,125.00,100 גרם,false,,3.90,0.0312,true,1,6605392
7290110324858,false,מעדן שקדים בטעם אגוזי לוז אלטרנטיב,מיוצר עי קונדיטוריית,IL,מעדן שקדים ואגוזי לו,גרמים,125.00,100 גרם,false,,3.90,0.0312,true,1,6605393
7290110324872,false,גבינה צהובה גלבוע 5% שומן 200 גרם,גלבוע - תנובה,IL,גלבוע 5% 200 גרם.,גרמים,200.00,100 גרם,false,,17.90,0.0895,true,1,6632982
7290110324926,false,משקה סויה ללא תוספת סוכר E אלטרנטיב,תנובה מרכז שיתופי לש,IL,"משקה סויה לל""ס",ליטרים,1.00,ליטר,false,,9.90,9.9000,true,1,6467953
7290110325084,false,מאגדת שמינייה מיני קרלו שוניל 8*100גרם,תנובה חלב,IL,מאגדת שמינייה מיני ק,מיליליטרים,800.00,"100 מ""ל",false,,13.90,0.0174,true,1,6311419
7290110325114,false,"משקה יוגורט יופלה גו לייט תות בננה 250 מ""ל - רבנות",מיוצר עי קונדיטוריית,IL,משקה יוגורט גו לייט,מיליליטרים,250.00,"100 מ""ל",false,,5.90,0.0236,true,1,6311420
7290110325121,false,משקה יוגורט יופלה גו לייט מנגו אננס,"תנובה בע""מ",IL,משקה יוגורט גו לייט,מיליליטרים,250.00,"100 מ""ל",false,,5.90,0.0236,true,1,6311421
7290110325169,false,פרוסות גבינת גאודה ח,תנובה חלב,IL,פרוסות גאודה 170 גר,גרמים,170.00,100 גרם,false,,16.90,0.0994,true,1,6698158
7290110325305,false,מעדן סויה GO מועשר בחלבון במתיקות מעודנת,מיוצר עי קונדיטוריית,IL,מעדן סויה גו 20% חלב,מיליליטרים,200.00,"100 מ""ל",false,,5.50,0.0275,true,1,6549415
7290110325312,false,מעדן סויה GO מועשר בחלבון בטעם תות,"תנובה בע""מ",IL,מעדן סויה גו 20% חלב,מיליליטרים,200.00,"100 מ""ל",false,,5.50,0.0275,true,1,6549416
7290110325510,false,יופלה טיוב יוגורט במרקם חלק בטעם וניל-יוניקור,"תנובה בע""מ",IL,יופלה יוגורט טעם וני,גרמים,348.00,100 גרם,false,,9.90,0.0284,true,1,6605343
7290110325619,false,משקה שיבולת שועל תנובה E אלטרנטיב,מיוצר עי קונדיטוריית,IL,משקה שיבולת שועל 1 ל,מטרים,1000.00,100 מ'ל,false,,11.60,0.0116,true,1,6681536
7290110325701,false,פיראוס צזיקי יווני 9% שומן על בסיס יוגורט,גוד פוד פרודקטס S.p,IL,פיראוס צזיקי יווני 9,גרמים,250.00,100 גרם,false,,11.90,0.0476,true,1,6687628
7290110325893,false,משקה חלב GO מועשר בחלבון בטעם אייס קפה,מיוצר עי קונדיטוריית,IL,תנובה GO אייס קפה 34,מיליליטרים,340.00,"100 מ""ל",false,,6.90,0.0203,true,1,6687630
7290110326210,false,יופלה עם פצפוצי שוקולד 167 גרם,מיוצר עי קונדיטוריית,IL,יופלה און טופ פצפוצי,גרמים,157.00,100 גרם,false,,4.70,0.0299,true,1,6698160
7290110326227,false,יוגורט און טופ קורנפלקס 157 ג' יופלה,מיוצר עי קונדיטוריית,IL,יופלה און טופ קורנפל,גרמים,157.00,100 גרם,false,,4.70,0.0299,true,1,6698161
7290110326234,false,יוגורט און טופ כוכבים 157 ג' יופלה,מיוצר עי קונדיטוריית,IL,יופלה און טופ כוכבים,גרמים,157.00,100 גרם,false,,4.70,0.0299,true,1,6698162
7290110326333,false,פרוסות גבינה בסגנון סקנדינבי 31%,פ.פ.ח. שאביט,IL,פרוסות גבינה סקנדינב,גרמים,200.00,100 גרם,false,,17.50,0.0875,true,1,6737264
7290110326906,false,חלב טרי נטול לקטוז 3% 1 ליטר,מיוצר עי קונדיטוריית,IL,חלב נטול לקטוז 3% 1,יח',1.00,יח',false,,7.20,7.2000,true,1,6737265
7290110326999,false,"משקאות חלב+שוקולד קלאסי 340 מ""ל YOLO בקבוק.",תנובה חלב,IL,משקה חלב יולו שוקולד,מיליליטרים,340.00,"100 מ""ל",false,,6.50,0.0191,true,1,6721469
7290110327033,false,משקה סויה תנובה גו מועשר בחלבון במתיקות מופחתת,מיוצר עי קונדיטוריית,IL,משקה סויה גו מועשר ח,יח',1.00,יח',false,,11.60,11.6000,true,1,6731369
7290110327514,false,משקה שיבולת שועל בטעם אגוזי לוז 1 ליטר אלטרנטיב,תנובה מרכז שיתופי לש,IL,משקה שיבולת שועל טעם,מטרים,1000.00,100 מ'ל,false,,11.60,0.0116,true,1,6796680
7290110327545,false,יופלה און טופ בטעם תות בתוספת פצפוצים מצופים שוקולד 157 גרם,מיוצר עי קונדיטוריית,IL,יופלה און טופ תות ופ,גרמים,157.00,100 גרם,false,,4.70,0.0299,true,1,6750888
7290110327804,false,חטיף חלבון GO - עוגיות 60 ג' חלב נוכרי - רבנות,"בלמונט קונפקציות בע""",US,חטיף חלבון גו עוגיות,יח',1.00,יח',false,,11.90,11.9000,true,1,6787816
7290110327811,false,חטיף חלבון GO - קוקוס 60 ג' חלב נוכרי - רבנות,"בלמונט קונפקציות בע""",US,חטיף חלבון גו קוקוס,יח',1.00,יח',false,,11.90,11.9000,true,1,6787817
7290110327828,false,חטיף חלבון GO - חמאת בוטנים 60 ג' חלב נוכרי - רבנות,"בלמונט קונפקציות בע""",US,חטיף חלבון גו חמאת ב,יח',1.00,יח',false,,11.90,11.9000,true,1,6787818
7290110328092,false,פיראוס פטה יוונית קוביות 21% שומן 150 ג',דודוני תעשיית החלב ה,GR,פיראוס פטה יוונית קו,יח',1.00,יח',false,,16.90,16.9000,true,1,6788853
7290110328474,false,גבינת פרמג'יאנו רג'יאנו 30% מחלב בקר,מנדלז סי.אר. פרודקשן,IT,פלח פרמג'נו רג'יאנו,גרמים,150.00,100 גרם,false,,25.90,0.1727,true,1,6775585
7290110328481,false,פתיתי פרמג'יאנו רג'יאנו מחלב בקר 30%,ברטינלי גיאני א.,IT,פתיתי פרמג'נו רג'יאנ,גרמים,100.00,100 גרם,false,,13.80,0.1380,true,1,6775586
7290110328504,false,טריו - מיקס גבינות מוצרלה סקנדינבית וגאודה 300 גרם,מיוצר עי קונדיטוריית,IL,מיקס מוצרלה סדנדינבי,גרמים,300.00,100 גרם,false,,25.90,0.0863,true,1,6775587
7290110328610,false,משקה אורז ושקדים בריסטה אלטרנטיב 1 ליטר,תנובה Alternative,IL,משקה אורז ושקדים ברי,מטרים,1000.00,100 מ'ל,false,,11.60,0.0116,true,1,6874451
7290110328627,false,יוגורט יופלה GO במרקם סמיך בטעם בננה קרמל 0%,מיוצר עי קונדיטוריית,IL,יופלה GO יוגורט סמיך,מיליליטרים,200.00,"100 מ""ל",false,,5.50,0.0275,true,1,6788793
7290110328641,false,טופו טבעי אלתרנתיב 500 גרם,תנובה חלב,IL,טופו טבעי 2* 500גר,גרמים,500.00,100 גרם,false,,16.90,0.0338,true,1,6792409
7290110328764,false,יוגורט יופלה GO במרקם סמיך עם תות 0%,מיוצר עי קונדיטוריית,IL,יופלה יוגורט גו קרמי,מיליליטרים,200.00,"100 מ""ל",false,,5.50,0.0275,true,1,6788814
7290110328771,false,יוגורט יופלה GO במרקם סמיך עם פירות יער 0%,מיוצר עי קונדיטוריית,IL,יופלה יוגורט גו קרמי,מיליליטרים,200.00,"100 מ""ל",false,,5.50,0.0275,true,1,6788794
7290110328788,false,יוגורט יופלה GO במרקם סמיך בטעם אפרסק 0%,תנובה מרכז שיתופי לש,IL,יופלה יוגורט גו קרמי,מיליליטרים,200.00,"100 מ""ל",false,,5.50,0.0275,true,1,6788795
7290110328887,false,"חלב תנובה בקבוק 3%, כשרות מהדרין, 1 ליטר",תנובה מרכז שיתופי לש,IL,חלב תנובה 3% מהדרין,מטרים,1000.00,100 מ'ל,false,,6.20,0.0062,true,1,6844390
7290110328955,false,קוביות גבינת עזים בשמן מתובל פיראוס 350 גרם,דודוני תעשיית החלב ה,GR,קוביות גבינת עיזים ב,גרמים,350.00,100 גרם,false,,23.90,0.0683,true,1,6858504
7290110329136,false,מעדן חלב מעושר בחלבון בטעם שוקולד 120 ג' GO,תנובה מרכז שיתופי לש,IL,מעדן גו טעם שוקולד 1,גרמים,120.00,100 גרם,false,,4.50,0.0375,true,1,6811842
7290110329143,false,מעדן חלב מעושר בחלבון בטעם וניל גביע 120 ג' GO,תנובה מרכז שיתופי לש,IL,מעדן גו טעם וניל 12ג,גרמים,120.00,100 גרם,false,,4.50,0.0375,true,1,6811843
7290110329266,false,יוגורט תנובה מחלב עיזים מלא תנובה 140 ג',קריות זול,IL,יוגורט מחלב עיזים מל,גרמים,140.00,100 גרם,false,,4.90,0.0350,true,1,6796683
7290110329273,false,יוגורט תנובה מחלב עיזים מלא 750 גרם,תנובה,IL,יוגורט מחלב עיזים מל,גרמים,750.00,100 גרם,false,,18.90,0.0252,true,1,6796684
7290110329303,false,פרוסות בטעם צהובה קלאסית אלטרנטיב 200 גר,תנובה Alternative,IL,פרוסות טעם צהובה 200,גרמים,200.00,100 גרם,false,,22.90,0.1145,true,1,6796685
7290110329433,false,טופו טבעי עם רוטב סצ'ואן אלטרנטיב 250 גרם,תנובה חלב,IL,טופו טבעי 250 גר +רו,גרמים,310.00,100 גרם,false,,12.80,0.0413,true,1,6874480
7290110329686,false,"משקה חלב גו בטעם עוגיות 340 מ""ל",מיוצר עי קונדיטוריית,IL,תנובה GO טעם עוגיות,מיליליטרים,340.00,"100 מ""ל",false,,6.90,0.0203,true,1,6811845
7290110329716,false,משקה קפה קר בטעם קפוצ'ינו 230 ג' תנובה,תנובה מרכז שיתופי לש,IL,משקה קפה קר בטעם קפו,מטרים,230.00,100 מ'ל,false,,6.90,0.0300,true,1,6864833
7290110329723,false,משקה קפה קר בטעם לאטה 230 ג' תנובה,תנובה מרכז שיתופי לש,IL,משקה קפה קר בטעם לאט,מטרים,230.00,100 מ'ל,false,,6.90,0.0300,true,1,6864834
7290110329730,false,"משקה חלב עם שוקולד וקפה בסגנון לאטה 2.7%  230 מ""ל תנובה",תנובה מרכז שיתופי לש,IL,משקה קפה קר שוקולד ו,מטרים,230.00,100 מ'ל,false,,6.90,0.0300,true,1,6864835
7290110329792,false,יוגורט סויה BIO Alternative אפרסק 150 ג' תנובה,מיוצר עי קונדיטוריית,IL,סויה ביו אפרסק גביע,גרמים,150.00,100 גרם,false,,4.20,0.0280,true,1,6823605
7290110329808,false,יוגורט סויה BIO Alternative תות 150 ג' תנובה,מיוצר עי קונדיטוריית,IL,סויה ביו תות גביע 15,גרמים,150.00,100 גרם,false,,4.20,0.0280,true,1,6823606
7290110329815,false,סויה BIO מתיקות מעודנת גביע 150 גרם אלטרנטיב,מיוצר עי קונדיטוריית,IL,סויה ביו מתיקות מעוד,גרמים,150.00,100 גרם,false,,4.20,0.0280,true,1,6823607
7290110329822,false,יוגורט סויה BIO Alternative פירות יער 150 ג' תנובה,מיוצר עי קונדיטוריית,IL,סויה ביו פירות יער ג,גרמים,150.00,100 גרם,false,,4.20,0.0280,true,1,6823585
7290110329846,false,יוגורט סויה BIO Alternative בטעם טבעי 150 ג' תנובה,מיוצר עי קונדיטוריית,IL,סויה ביו טבעי גביע 1,גרמים,150.00,100 גרם,false,,4.20,0.0280,true,1,6823608
7290110472016,false,כבל מטאלי 2 מטר שחורTYPE C,Unknown,,כבל 2מטר TYPE C,יח',1.00,יח',false,,29.90,29.9000,true,1,6668670
7290110472474,false,מתאם קיר TYPE C + כבל טעינה 1.5 מטר,Unknown,,מתאם קיר TYPE C + כב,יח',1.00,יח',false,,39.90,39.9000,true,1,3375976
7290110473594,false,זרוע איכותית לרכב מג,Unknown,,זרוע איכותית לרכב מג,יח',1.00,יח',false,,44.90,44.9000,true,1,4304554
7290110474713,false,מחזיק סלולר למזגן,Unknown,,מחזיק סלולר למזגן,יח',1.00,יח',false,,29.90,29.9000,true,1,6237650
7290110476588,false,כבל METAL CHARGE אייפון,Unknown,,כבל METAL CHARGE איי,יח',1.00,יח',false,,29.90,29.9000,true,1,6772280
7290110476601,false,כבל מטאל טייפ סי,Unknown,,כבל מטאל טייפ סי,יח',1.00,יח',false,,29.90,29.9000,true,1,6778319
7290110550226,false,מטבעות שוקולד מריר לאפיה 400 גרם עלית,"פוליבה בע""מ",IL,מטבעות שוקולד מריר ל,גרמים,400.00,100 גרם,false,,24.90,0.0622,true,1,6858309
7290110550370,false,פריכיות משולשות קינואה ופלפל שחור 65 גרם,שטראוס גרופ,IL,משולשות קינואה ופלפל,גרמים,65.00,100 גרם,false,,8.90,0.1369,true,1,6905410
7290110551261,false,טעם הטבע נשנושי תירס 500 גרם,או.וי אינטרנשיונל אי,TH,טעם הטבע נשנושי תירס,גרמים,500.00,100 גרם,false,,11.90,0.0238,true,1,6917960
7290110552121,false,יוגורט 5% בתוספת סידן וויטמין D היוגורט הראשון שלי,תנובה מרכז שיתופי לש,IL,דנונה היוגורט הראשון,מיליליטרים,100.00,"100 מ""ל",false,,2.20,0.0220,true,1,6850391
7290110552220,false,יוגורט PRO בטעם תות 0% סוכר לבן 20 גרם חלבון בגביע,"שטראוס בריאות בע""מ",IL,דנונה פרו 20 גרם ללא,מטרים,200.00,100 מ'ל,false,,5.90,0.0295,true,1,6823244
7290110552237,false,יוגורט פרו בטעם אפרסק מנגו ללא סוכר 200 ג' דנונה,"שטראוס בריאות בע""מ",IL,"דנונה פרו 20 גרם לל""",מטרים,200.00,100 מ'ל,false,,5.90,0.0295,true,1,6823217
7290110553036,false,קריספס-פריכיות עם אפונה ובטטה סגולה בטעם בצל מקורמל,"פרח תעשיו מזון בע""מ",IL,פריכיות חלבון בטטה ס,גרמים,60.00,100 גרם,false,,8.90,0.1483,true,1,6833710
7290110553104,false,נסקפה קפוצ'ינו סטיק קלאסי 130 ג' עלית,שטראוס,IL,קפוצ'ינו סטיק קלאסי,גרמים,130.00,100 גרם,false,,15.90,0.1223,true,1,6918011
7290110553135,false,נסקפה קפוצ'ינו סטיק וניל 130 ג' עלית,שטראוס,IL,קפוצ'ינו סטיק וניל 1,גרמים,130.00,100 גרם,false,,15.90,0.1223,true,1,6918012
7290110553180,false,אנרגי פריכיות אורז בטעם תפוח קינמון 50 ג,סאנורייס בלגיום,IL,אנרגי פריכיות בטעם ת,גרמים,40.00,100 גרם,false,,5.90,0.1475,true,1,6905437
7290110553623,false,צ'יטוס קראנצ'י בטעם צ'דר חלפיניו - חלבי,"שטראוס פריטו ליי בע""",IL,ציטוס קראנצ צ'דר חלפ,גרמים,80.00,גרם,false,,4.20,0.0525,true,1,6869010
7290110554125,false,"נודלס סצ'ואן חריף""דלישס"" שטראוס",אוכל ביתי ניר עציון,IL,נודלס סצ'ואן חריף 35,גרמים,350.00,100 גרם,false,,22.90,0.0654,true,1,6808503
7290110554262,false,חלבית מלבין קפה חלבי 350 ג' עלית,,,חלבית חדש 350 גר,גרמים,350.00,100 גרם,false,,19.90,0.0569,true,1,6841990
7290110554422,false,פומודורו רוטב עגבניות ופלפלים לשקשוקה 350 גרם,אמיליאנה קונסרב ס.פ.,IT,רוטב עגבניות ופלפלים,מטרים,350.00,100 מ'ל,false,,10.90,0.0311,true,1,6833712
7290110554583,false,מארז חטיפי צ'יטוס פאפס בטעם גבינה - 10 יחידות,שטראוס פריטו ליי (מל,IL,מארז ציטוס טעם גבינה,גרמים,236.00,100 גרם,false,,12.90,0.0547,true,1,6824945
7290110554699,false,"קפה עולה קפסולות אספרסו קלייה איטית וכהה מאוד, 10 * 50 ג'",שטראוס קפה בי.וי.,IL,קפה עלית קפסולות קפה,גרמים,50.00,100 גרם,false,,16.90,0.3380,true,1,6912892
7290110554705,false,קפסולות נספרסו לקפה יוניקו סדרת בתי הקלייה 10יח,שטראוס קפה בי.וי.,IL,קפה עלית קפסולות קפה,גרמים,50.00,100 גרם,false,,16.90,0.3380,true,1,6912893
7290110554712,false,"קפסולות קפה אספרסו קלייה איטית ובהירה, 10 * 50 ג'",שטראוס קפה בי.וי,IL,קפה עלית קפסולות קפה,גרמים,50.00,100 גרם,false,,16.90,0.3380,true,1,6912894
7290110554729,false,קפסולות עלית אספרסו 04 תואמות למכונות NESPRESSO,שטראוס קפה בי.וי,IL,עלית קפסולות אספרסו,גרמים,50.00,100 גרם,false,,15.90,0.3180,true,1,6847208
7290110555009,false,פאסטה זוג מחית עגבניות 700 גרם יד מרדכי,אמיליאנה קונסרב ס.פ.,IT,יד מרדכי פסאטה 2*350,גרמים,700.00,100 גרם,false,,11.90,0.0170,true,1,6880478
7290110555306,false,רבע לשבע טבעוני סינמון באן 25ג' עלית,הגביע מוצרי וופלים ב,IL,רבע לשבע טבעוני סינמ,גרמים,125.00,100 גרם,false,,10.00,0.0800,true,1,6874512
7290110555368,false,רבע לשבע טבעוני מרשמלו 125 ג' עלית,שטראוס גרופ,IL,רבע לשבע טבעוני מרשמ,גרמים,125.00,100 גרם,false,,10.00,0.0800,true,1,6874513
7290110555603,false,ספלנדיד אבקה להכנת משקה בטעם שוקולטה,"ג'אלוסיס י. בע""מ",GR,שוקולטה ספנדיד 360 ג,גרמים,360.00,100 גרם,false,,19.90,0.0553,true,1,6918013
7290110555665,false,קקאו דל שומן עלית בקופסא 220 גרם,גיאלוסיס,GR,קקאו דל שומן קופסא,גרמים,200.00,100 גרם,false,,17.90,0.0895,true,1,6918014
7290110555788,false,נסקפה קפוצ'ינו פחית וניל 200 ג' עלית,שטראוס,IL,קפוצ'ינו פחית וניל 2,גרמים,200.00,100 גרם,false,,18.90,0.0945,true,1,6918015
7290110555795,false,נסקפה קפוצ'ינו פחית קלאסי 200 ג' עלית,שטראוס,IL,קפוצ'ינו פחית קלאסי,גרמים,200.00,100 גרם,false,,18.90,0.0945,true,1,6918016
7290110556242,false,"שוקולד מריר פרווה 100 גר' בד""ץ תוצרת חוץ","שטראוס גרופ בע""מ.",IL,שוקולד מריר פרווה בד,גרמים,100.00,100 גרם,false,,5.90,0.0590,true,1,6912946
7290110557027,false,חומוס עשיר 50% טחינה גולמית 400 ג' אחלה,מיוצר עי קונדיטוריית,IL,חומוס 50% טחינה 400,גרמים,400.00,100 גרם,false,,12.90,0.0323,true,1,6814312
7290110557102,false,מעדן חלב עם שוקולד מועשר בחלבון 150 ג' שטראוס,מיוצר עי קונדיטוריית,IL,מעדן חלב עם שוקולד מ,גרמים,150.00,100 גרם,false,,4.70,0.0313,true,1,6800404
7290110557133,false,מעדן הגולן וניל 125 ג' שטראוס,מיוצר עי קונדיטוריית,IL,מעדן הגולן וניל 125,גרמים,125.00,100 גרם,false,,2.80,0.0224,true,1,6813827
7290110557478,false,חומוס גלילי במרקם מעודן 600 גרם,שטראוס גרופ,IL,חומוס גלילי אחלה 600,גרמים,600.00,100 גרם,false,,11.90,0.0198,true,1,6839977
7290110557645,false,מאגדת חטיפים אנרג'י מיקס צימוקים חמוציות 100X4 גרם,קונסרב איטליה,GB,אנרג'י צימוקים חמוצי,גרמים,100.00,100 גרם,false,,12.90,0.1290,true,1,6893474
7290110558130,false,יוגורט אקטיביה שיבולת שועל ודבש 150 גרם,שטראוס,IL,אקטיביה עם שיבולת שו,גרמים,150.00,100 גרם,false,,4.30,0.0287,true,1,6864890
7290110558154,false,דנונה לייט אנד פרי עוגת תפוחים 150ג דנונה,"שטראוס בריאות בע""מ",IL,דנונה לייט אנד פרי,מטרים,150.00,100 מ'ל,false,,4.30,0.0287,true,1,6888788
7290110558222,false,"וואו יוגורט עם שכבה בטעם בנופי פאי 5.4%, 150ג דנונה","שטראוס בריאות בע""מ",IL,דנונה וואו בנופי 150,מטרים,150.00,100 מ'ל,false,,4.50,0.0300,true,1,6888790
7290110558239,false,"וואו יוגורט עם שכבה בטעם קראק פאי 5.4%, 150 ג דנונה","שטראוס בריאות בע""מ",IL,דנונה וואו קראק פאי,מטרים,150.00,100 מ'ל,false,,4.50,0.0300,true,1,6888791
7290110558253,false,דנונה שייק נונה ריפרש בננה אננס וצ'יה,"שטראוס בריאות בע""מ",IL,דנונה ריפרש בננה אננ,גרמים,250.00,100 גרם,false,,4.90,0.0196,true,1,6864913
7290110558284,false,יוגורט ביו מולטי 200 ג' דנונה,"שטראוס בריאות בע""מ",IL,דנונה ביו מולטי 200,גרמים,200.00,100 גרם,false,,3.90,0.0195,true,1,6877736
7290110558307,false,יוגורט דנונה PRO עם שיבולת שועל במתיקות מעודנת,"שטראוס בריאות בע""מ",IL,דנונה פרו 20גר ושיבו,גרמים,200.00,100 גרם,false,,6.20,0.0310,true,1,6850397
7290110558314,false,דנונה פרו 20 גרם חלבון ללא סוכר פיסטוק 200 גרם,"שטראוס בריאות בע""מ",IL,דנונה פרו 20 גרם פי,מטרים,200.00,100 מ'ל,false,,5.90,0.0295,true,1,6891061
7290110558338,false,דנונה פרו 25 ג' חלבון 200 ג' שטראוס,"שטראוס בריאות בע""מ",IL,דנונה פרו 25גר חלבון,גרמים,200.00,100 גרם,false,,5.90,0.0295,true,1,6850398
7290110558666,false,מעדן גבינה בטעם תפוח 88 ג' דניאלה,"שטראוס בריאות בע""מ",IL,דניאלה בטעם תפוח 88,מיליליטרים,88.00,"100 מ""ל",false,,3.90,0.0443,true,1,6910847
7290110558918,false,עלי חסה קראנצ שטופים,שטראוס בריאות ירקות,IL,עלי חסה קראנץ 150,גרמים,220.00,100 גרם,false,,10.90,0.0495,true,1,6888606
7290110559007,false,"שועועית חומה טעם הטבע קופסה, 380 גרם",קונסרב איטליה,IT,שעועית חומה 380גר טע,גרמים,380.00,100 גרם,false,,6.90,0.0182,true,1,6893475
7290110559014,false,שעועית שחורה מבושלת טעם הטבע 380 גרם,קונסרב איטליה,IT,שעועית שחורה 380גר,גרמים,380.00,100 גרם,false,,6.90,0.0182,true,1,6893476
7290110559748,false,ריל - מאגדת שקדים קוקוס ושוקולד מריר 35 גרם * 3,קונסרב איטליה,GR,ריל שקדים קוקוס ושוק,גרמים,105.00,100 גרם,false,,12.90,0.1229,true,1,6874514
7290110559755,false,"מאגדת אנרג'י ריל בוטנים,פיסטוק וחמוציות 115 גרם",קונסרב איטליה,GR,ריל בוטנים פיסטוק וח,גרמים,105.00,100 גרם,false,,12.90,0.1229,true,1,6874515
7290110559762,false,"מאגדת אנרג'י ריל אגוזים,תמרים,קוקוס 115 גרם",קונסרב איטליה,GR,ריל מאגדת תמרים וקוק,גרמים,105.00,100 גרם,false,,12.90,0.1229,true,1,6874516
7290110559939,false,נתחי סויה בסגנון שווארמה ומגדרה דלישס,אוכל ביתי ניר עציון,IL,נתחי סויה סגנון שווא,גרמים,350.00,100 גרם,false,,22.90,0.0654,true,1,6853929
7290110560300,false,"הפריכיות הטעימות חומוס, עדשים שחורות, קינואה ופלפל שחור",אנרג'י Energy - שטראוס,IL,פריכיות משולשות פלפל,גרמים,30.00,100 גרם,false,,4.90,0.1633,true,1,5582211
7290110560317,false,"הפריכיות הטעימות חומוס, עדשים שחורות, קינואה ומלח ים","פרח תעשיו מזון בע""מ",IL,פריכיות משולשות מלח,גרמים,30.00,100 גרם,false,,4.90,0.1633,true,1,5582192
7290110560324,false,"הפריכיות הטעימות תפו""א, אורז, אפונה ומלח ים","פרח תעשיו מזון בע""מ",IL,פריכיות משולשות אפונ,גרמים,30.00,100 גרם,false,,4.90,0.1633,true,1,5582193
7290110561604,false,מארז 8 יחידות מעדן גמדים בטעם תות בננה,שטראוס גרופ,IL,מעדן גמדים תות בננה,מיליליטרים,800.00,"100 מ""ל",false,,17.90,0.0224,true,1,4341666
7290110563431,false,"משקה קפה קר בסגנון קלאסי 230 מ""ל 1.6% יוטבתה",האי נאם סי או אל.טי.,AT,משקה קפה קר קלאסי 1.,גרמים,230.00,100 גרם,false,,7.50,0.0326,true,1,5763492
7290110563448,false,"משקה קפה קר בסגנון מעודן 230 מ""ל 1.6% יוטבתה",האי נאם סי או אל.טי.,AT,משקה קפה קר מעודן 1.,גרמים,230.00,100 גרם,false,,7.50,0.0326,true,1,5763493
7290110563462,false,חלב בבקבוק נטול לקטוז 2% יטבתה 1 ל',מחלבת יטבתה,IL,חלב בק' נטול לקטוז 2,ליטרים,1.00,ליטר,false,,7.80,7.8000,true,1,5857568
7290110564339,false,חומוס אחלה הסידרה המובחר 30% טחינה 400 גר',מיוצר עי קונדיטוריית,IL,החומוס של אבי עם תטב,גרמים,400.00,100 גרם,false,,12.90,0.0323,true,1,4341788
7290110564360,false,חומוס אחלה הסידרה המובחר 40% טחינה 400 גר',מיוצר עי קונדיטוריית,IL,החומוס סדרה מובחרת 4,גרמים,400.00,100 גרם,false,,12.90,0.0323,true,1,4341789
7290110564414,false,חומוס אחלה הסידרה המובחר 30% טחינה 600 גר',מיוצר עי קונדיטוריית,IL,החומוס סדרה מבוחרת 6,גרמים,600.00,100 גרם,false,,14.90,0.0248,true,1,4341792
7290110564919,false,דנונה מעודן ללא סוכר החזרות 150 גר,מיוצר עי קונדיטוריית,IL,דנונה מעודנת ללא סוכ,גרמים,150.00,100 גרם,false,,3.50,0.0233,true,1,4611747
7290110565435,false,"לימבו ג'לי פטל 125 גרם חלבי ""שטראוס""",שטראוס גרופ,IL,"לימבו פטל 125 מ""ל",מיליליטרים,125.00,"100 מ""ל",false,,2.00,0.0160,true,1,4199960
7290110565527,false,יוגורט PRO פרו 1.5% 20 גרם חלבון בגביע,"שטראוס בריאות בע""מ",IL,דנונה פרו 20ג חלבון,גרמים,200.00,100 גרם,false,,5.90,0.0295,true,1,3977283
7290110565572,false,מנות אישיות קפה טורקי לדרך עם הל,שטראוס קפה בי.וי,IL,מארז טורקי לדרך עם ה,גרמים,168.00,100 גרם,false,,16.90,0.1006,true,1,6231829
7290110566623,false,קפסולות קולומביה עלית 08 למכונת נספרסו מארז 5X10ג',שטראוס קפה בי.וי,IL,קפסולות למכונה עלית,יח',1.00,יח',false,,15.90,15.9000,true,1,5144993
7290110566975,false,דנונה פרו יוגורט 0% תות עשיר בחלבון 200ג',"שטראוס בריאות בע""מ",IL,דנונה פרו 20ג תות,גרמים,200.00,100 גרם,false,,5.90,0.0295,true,1,4734644
7290110568238,false,"קצפת צמחית 21% שומן 250 מ""ל יוטבתה",מחלבת יטבתה,IL,קצפת צמחית 21% שומן,מיליליטרים,250.00,"100 מ""ל",false,,7.50,0.0300,true,1,5113263
7290110568559,false,דוריטוס עלית מארז חמוץ חריף 10 יח' *25 ג',שטראוס פריטו ליי (מל,IL,מארז דוריטוס חמוץ חר,גרמים,250.00,100 גרם,false,,10.90,0.0436,true,1,5069907
7290110568566,false,דוריטוס גריל עלית מארז 10 יח' *25 ג',שטראוס פריטו ליי (מל,IL,מארז דוריטוס גריל 25,גרמים,250.00,100 גרם,false,,10.90,0.0436,true,1,5069908
7290110568627,false,פסק זמן רול שוקולד חלב קרם אגוזים 26 ג' עלית,STRAUSS-ISRAEL,TR,פסק זמן רול שוקולד ו,יחידה,0.00,יחידה,false,,3.90,0.0000,true,1,6694807
7290110570224,false,משקה קפה קר בטעם עוגיות 230ג' יוטבתה,אנסטל מילק kg,AT,משקה קפה קר טעם עוגי,גרמים,230.00,100 גרם,false,,7.50,0.0326,true,1,6888792
7290110570880,false,פולי אספרסו עשירים וארומטיים עוצמה 14 250 ג' עלית,,IL,פולי אספרסו 250גר עו,גרמים,250.00,100 גרם,false,,19.90,0.0796,true,1,6858336
7290110571184,false,עדשים חומות 380 גר שטראוס טעם הטבע,קונסרב איטליה,IT,עדשים חומות 380גר טע,גרמים,380.00,100 גרם,false,,6.90,0.0182,true,1,6893477
7290110571382,false,מעדן חלב בטעם וניל מעושר בחלבון 150 ג' שטראוס,"שטראוס בריאות בע""מ",IL,מעדן חלב טעם וניל מו,גרמים,150.00,100 גרם,false,,4.70,0.0313,true,1,6840021
7290110571405,false,עלית - מיני פינוקיות בגביע פסק זמן 180 גרם,הגביע,IL,מיני פינוקיות בגביע,גרמים,400.00,100 גרם,false,,9.90,0.0248,true,1,6913001
7290110571412,false,מיני פינוקיות - פאדג' שוקולד בגביע 180 גרם,הגביע,IL,מיני פינוקיות בגביע,גרמים,400.00,100 גרם,false,,9.90,0.0248,true,1,6913002
7290110571535,false,מארז קפה טורקי הל 3*100 ג' עלית,שטראוס קפה בי.וי,IL,מארז טורקי הל,גרמים,300.00,100 גרם,false,,24.80,0.0827,true,1,6858311
7290110572129,false,כיף כף מקלות שוקולד לבן 40 ג' עלית,סולן בעבור שטראוס,TR,כיף כף מקלות שוקולד,יחידה,0.00,יחידה,false,,4.90,0.0000,true,1,6913028
7290110572884,false,"קפסולות קפה מספר 20 למכונת אספרס אספרסו, 50 גרם",שטראוס קפה בי.וי.,IL,קפסולות 20 למכונת נס,יח',1.00,יח',false,,16.90,16.9000,true,1,6920012
7290110572969,false,כיף כף פצפצים עקרם לבן 40ג' עלית,שולן צ'יקולטה גידה ס,TR,כיף כף פצפצים קרם לב,גרמים,40.00,100 גרם,false,,4.90,0.1225,true,1,6892328
7290110572976,false,כיף כף פצפצים בגביע במילוי קרם בטעם שוקולד לבן,שולן צ'יקולטה גידה ס,TR,כיף כף פצפצים קרם לב,גרמים,135.00,100 גרם,false,,9.90,0.0733,true,1,6893479
7290110574413,false,פופקורן בטעם טעמי עלית 70 גרם,סראנו בעבור שטראוס,קפריסין,פופקורן בטעם טעמי,יחידה,0.00,יחידה,false,,7.80,0.0000,true,1,6913029
7290110574420,false,פופקורן בטעם פסק זמן עלית 70 גרם,סראנו בעבור שטראוס,קפריסין,פופקורן בטעם פסק זמן,יחידה,0.00,יחידה,false,,7.80,0.0000,true,1,6913030
7290110576318,false,מאגדת שלישיית שוקולד אגוז לבן 300 ג' עלית,סמואה,FR,עלית שוקולד אגוז לבן,גרמים,300.00,100 גרם,false,,21.90,0.0730,true,1,6912947
7290110576356,false,"שוקולד ספלנדיד מריר 64% - חלבי , מפולי קקאו מפרו",קימ'ס גריפלנן,BE,ספלנדיד שוקולד מריר,גרמים,100.00,100 גרם,false,,7.90,0.0790,true,1,6880454
7290110576370,false,מארז שלישייה שוקולד מריר חלבי עם אגוזי לוז,שטראוס,IL,עלית שוקולד אגוז מרי,גרמים,300.00,100 גרם,false,,21.90,0.0730,true,1,6912948
7290110576752,false,טבלאות שוקולד ספלנדיד מריר 70% 100 ג' עלית,קימ'ס גריפלנן,BE,ספלנדיד מריר 70% 22,גרמים,100.00,100 גרם,false,,9.90,0.0990,true,1,6913031
7290110576776,false,טבלאות שוקולד ספלנדיד מריר 85% 100 ג' עלית,קימ'ס גריפלנן,BE,ספלנדיד מריר 85% 22,גרמים,100.00,100 גרם,false,,9.90,0.0990,true,1,6913032
7290110576790,false,סקי בטעם מוקה 125 ג' שטראוס,מגנום- שטראוס,IL,סקי טעם מוקה 3% 125,גרמים,125.00,100 גרם,false,,3.70,0.0296,true,1,6910849
7290110577230,false,משקה חלב פיסטוק 1ליטר יטבתה בקבוק,שטראוס גרופ,IL,משקה חלב טעם פיסטוק,ליטרים,1.00,ליטר,false,,11.50,11.5000,true,1,6910850
7290110577247,false,"יטבתה משקה חלב-פיסטוק בבקבוק 350 מ""ל",שטראוס גרופ,IL,משקה חלב בלונדי 350,מטרים,350.00,מ'ל,false,,6.20,0.0177,true,1,6910851
7290110730109,false,נוטרילון קומפורט תרכובת מזון מגיל לידה,נוטרילון Nutrilon,NL,נוטרילון קומפורט 900,גרמים,900.00,100 גרם,false,,89.90,0.0999,true,1,3576588
7290111091520,false,"ד""ר עור תחליב רחצה אנטי אייג'ינג","אמיליה קוסמטיקס בע""מ",IL,"ד""ר עור תחליב רחצה א",מיליליטרים,700.00,"100 מ""ל",false,,14.90,0.0213,true,1,5445326
7290111093760,false,מגבונים לניקוי רצפות בניחוח מרכך כביסה 10 יח' קוויק,די.פי.אל,,מגבוני קוויק לניקוי,יח',1.00,יח',false,,8.90,8.9000,true,1,6842416
7290111093982,false,טרופיקל תחליב רחצה פסיפלורה ואינקה אינצ'י דר עור,"אמיליה קוסמטיקס בע""מ",IL,טרופיקל תחליב רחצה ד,מטרים,700.00,100 מ'ל,false,,14.90,0.0213,true,1,6899892
7290111094248,false,"קוויק שקית אשפה חזקה וגדולה במיוחד (90*78), 20 יח'",,TR,קוויק שקיות אשפה XL,יח',1.00,יח',false,,18.90,18.9000,true,1,6751615
7290111094392,false,"טרופיקל תחליב רחצה קוקוס וליים 700 מ""ל דר עור","אמיליה קוסמטיקס בע""מ",IL,טרופיקל תחליב רחצה ד,מטרים,700.00,100 מ'ל,false,,14.90,0.0213,true,1,6899893
7290111094576,false,חיתולי בייבי סופרים 3 רמילוי,,,חיתולי בייבי סופרים,יח',1.00,יח',false,,27.90,27.9000,true,1,6826490
7290111094866,false,חיתולי בייבי סופרים 4 רמילוי,,,חיתולי בייבי סופרים,יח',1.00,יח',false,,27.90,27.9000,true,1,6826491
7290111095276,false,חיתולי בייבי סופרים 4+ רמילוי,,,חיתולי בייבי סופרים,יח',1.00,יח',false,,27.90,27.9000,true,1,6826492
7290111095566,false,חיתולי בייבי סופרים 5 מילוי,,,חיתולי בייבי סופרים,יח',1.00,יח',false,,27.90,27.9000,true,1,6826493
7290111095856,false,חיתולי בייבי סופרים 6 מילוי,,,חיתולי בייבי סופרים,יח',1.00,יח',false,,27.90,27.9000,true,1,6826494
7290111340178,false,מטליות לחות ניקול לניקוי כללי בניחוח מרכך כביסה 50 יח',על בד,IL,מטליות לחות לניקוי 5,יח',50.00,יח',false,,9.90,0.1980,true,1,3397330
7290111340185,false,מטליות לחות ניקול לניקוי רצפות בניחוח מרכך 10 יח',על בד,IL,מטליות לחות לרצפה 10,יח',10.00,יח',false,,9.90,0.9900,true,1,3397331
7290111340925,false,מטליות לחות ניקול XL לניקוי כללי בניחוח פריחה 40 יח',חוגלה,IL,מטליות לחות XL למשטח,40 יח',1.00,40 יח',false,,9.90,9.9000,true,1,4314700
7290111341366,false,מפיות אירוח 1 שכבתי 30*30 150 יח' לבן,חוגלה קימברלי,IL,ניקול מפיות חד שכבתי,יח',150.00,יח',false,,5.90,0.0393,true,1,5191228
7290111341557,false,קוטקס אקטיב טמפונים ללא מוליך סופר 32יח,קימברלי קלארק צ'כיה,CZ,טמפונים קוטקס אקטיב,יח',32.00,יח',false,,22.90,0.7156,true,1,6062939
7290111342004,false,נייר טואלט לח לילי קידס 56 דפים,חוגלה,IL,לילי לח קידס 56 דפים,יח',1.00,יח',false,,7.90,7.9000,true,1,6062896
7290111342042,false,ניקול כריות יפניות אנטיבקטריאלי 4 יחידות,פלסטו פוליש,IL,כריות יפניות אנטיבקט,יח',1.00,יח',false,,9.90,9.9000,true,1,6680351
7290111342059,false,מט.לחות ניקול לחיט משטחים אנטיבקטריאלי50,חוגלה,IL,מטליות לחות אנטיבקטר,יח',1.00,יח',false,,9.90,9.9000,true,1,6680352
7290111342189,false,מפיות אירוח צבעוני 150 יחי' ניקול,חוגלה קימברלי,SI,מפיות אירוח 30*30,יח',1.00,יח',false,,7.90,7.9000,true,1,6555738
7290111342523,false,מפיות אירוח לשימוש יומיומי ניקול 100 יח,חוגלה קימברלי,IL,מפיות צבעוני ניקול 1,יח',1.00,יח',false,,7.90,7.9000,true,1,6555739
7290111343841,false,ניקול ספוגית הקסם נירוסטה 3 יחידות,חוגלה,IL,ספוגית הקסם נירוסטה,יח',1.00,יח',false,,9.90,9.9000,true,1,6725006
7290111343858,false,ניקול מטליות לחות לניקוי וחיטוי הרצפה 10,עלבד משואות יצחק,IL,מטליות לחות לניקוי ו,יח',1.00,יח',false,,9.90,9.9000,true,1,6705264
7290111344077,false,מטליות לחות לחיטוי משטחים אריזת שלישייה,עלבד משואות יצחק,IL,מטליות לחות אנטיבקטר,יח',1.00,יח',false,,19.90,19.9000,true,1,6705265
7290111344145,false,מטילות מיקרופייבר אנטיבקטריאליות לרצפה 2 יחי',UFO,CN,ניקול זוג מטליות מיק,יח',1.00,יח',false,,24.90,24.9000,true,1,6725007
7290111344459,false,קוטוקס תחבושות נייט אקסטרא לונג 20 יח',חוגלה,CN,תחבושות קוטקס נייט א,יח',1.00,יח',false,,15.90,15.9000,true,1,6764556
7290111344503,false,חיתולי האגיס אקסטרה קייר מידה +4 36 יח',חוגלה קימברלי,IL,האגיס אקסטרה קייר מי,יח',1.00,יח',false,,46.80,46.8000,true,1,6768742
7290111344527,false,ניקול שקיות אשפה XXL לפחים ענקיים 20 יחי,אשפלסט,IL,שקיות אשפה XXL שחור,יח',1.00,יח',false,,23.90,23.9000,true,1,6754980
7290111344565,false,ניקול שקיות זיפר מארז משולב מידות,taizhou inter packin,CN,שקיות זיפר במארז משו,יחידה,0.00,יחידה,false,,12.90,0.0000,true,1,6880425
7290111344572,false,ניקול שקיות אשפה עם ידיות 25 יח',סנאט,IL,ניקול שקיות אשפה גדו,יח',1.00,יח',false,,19.90,19.9000,true,1,6780512
7290111344831,false,קוטקס - מגיני יום אקסטרא פרוטקט נורמל ביג 60 יח',חוגלה קימברלי,CN,קוטקס מגן תחתון 60 י,יח',60.00,יח',false,,15.90,0.2650,true,1,6821257
7290111344879,false,קוטקס מגיני תחתון 2IN1 מחזור+שתן 44 יחיד,חוגלה,CN,קוטקס מגן תחתון 2 ב-,יח',44.00,יח',false,,15.90,0.3614,true,1,6821259
7290111344916,false,ניקול כריות יפניות אנטיבקטריאליות 6 יח,חוגלה קימברלי,IL,ניקול כריות יפניות א,יח',1.00,יח',false,,13.90,13.9000,true,1,6780514
7290111344930,false,מטליות לחות לרצפה בניחוח מרכך כביסה 10 יח' ניקול,עלבד,IL,מטליות לחות לרצפה בנ,יח',1.00,יח',false,,9.90,9.9000,true,1,6821280
7290111344978,false,רדיד אלומיניום ניקול עבה 60 מטר,"אופל בע""מ",IL,ניקול רדיד אלומניום,יח',1.00,יח',false,,36.90,36.9000,true,1,6780515
7290111345722,false,ניקול שקיות לשמירה על הטריות 5 יח',,CN,שקיות לשמירת הטריות,יחידה,0.00,יחידה,false,,14.90,0.0000,true,1,6880427
7290111345753,false,תחבושות נטורל דואו נורמל 24 יח' קוטקס,קריות זול,CZ,קוטקס תחבושות כותנה,יח',1.00,יח',false,,15.90,15.9000,true,1,6844476
7290111345760,false,תחבושות נטורל דואו סופר 18 יח' קוטקס,קריות זול,CZ,קוטקס תחבושות כותנה,יח',1.00,יח',false,,15.90,15.9000,true,1,6844477
7290111345777,false,תחבושת קוטקס כותנה לילה 16 יח' קוטקס,קריות זול,CZ,קוטקס תחבושות כותנה,יח',1.00,יח',false,,15.90,15.9000,true,1,6844478
7290111345982,false,ניקול דפי ספוגיות הקסם 10 יח,חוגלה קימברלי,IL,ניקול דפי ספוגית הקס,יח',1.00,יח',false,,9.90,9.9000,true,1,6844479
7290111345999,false,מארז זוג מטליות לחות לרצפה בניחוח מרכך כביסה 2*10 יח' ניקול,עלבד,IL,זוג מטליות לחות לרצפ,יח',1.00,יח',false,,19.90,19.9000,true,1,6844480
7290111350030,false,רסק תפוחי עץ טבעי בצנצנת 670 גרם קלית גת,"ג'י אנד ג'י בע""מ",IL,רסק תפוחי עץ טבעי 67,גרמים,670.00,100 גרם,false,,10.70,0.0160,true,1,2578471
7290111350665,false,קליית גת דבש לחיץ טהור מפרחי בר 350 גרם,חקלאות עין חרוד מאוח,IL,דבש לחיץ 350 גרם,גרמים,350.00,100 גרם,false,,19.90,0.0569,true,1,5085004
7290111350672,false,"דבש טהור מפרחי בר ""קליית גת"" 700 גרם",חקלאות עין חרוד מאוח,IL,דבש צנצנת 700 גר,גרמים,700.00,100 גרם,false,,29.90,0.0427,true,1,5085005
7290111350719,false,חטיף נאצוס הוטפופ בסגנון מסעדות 322 גר,ליימן מותגים,US,נאצוס מסעדות 322 גר,גרמים,322.00,100 גרם,false,,15.70,0.0488,true,1,5910583
7290111350726,false,חטיף נאצוס הוטפופ בסגנון מקסיקני 322 גר,ליימן מותגים,US,נאצוס מקסיקני 322 גר,גרמים,322.00,100 גרם,false,,15.70,0.0488,true,1,5910584
7290111351747,false,צ'וקטה טורטיה מקמח חיטה 320 גרם,,DE,צ'וקטה טורטיה מקמח ח,גרמים,320.00,100 גרם,false,,5.90,0.0184,true,1,6577229
7290111352140,false,חמוציות מיובשות ברכז תפוחים קליית גת 150,קליית גת,IL,חמוציות רכז תפוחים 1,גרמים,150.00,100 גרם,false,,10.90,0.0727,true,1,6572262
7290111352508,false,סילאן טבעי לחיץ 840 גר',"ששון ושות' בע""מ",IL,סילאן טבעי לחיץ 840,מיליליטרים,840.00,"100 מ""ל",false,,19.90,0.0237,true,1,6689140
7290111352959,false,גומי יוגטה מקלותי חמוצים טעם פירות 80 גר,יוגטה yogueta,TR,יוגטה מקלות חמוצים ט,גרמים,100.00,100 גרם,false,,4.40,0.0440,true,1,6724656
7290111352966,false,יוגטה סוכריות ממולאות בטעם פירות 250 גרם ללא ג'לטין,ליימן שליסל,TR,סוכריות גומי ממולאות,גרמים,250.00,100 גרם,false,,5.90,0.0236,true,1,6724657
7290111352973,false,יוגוטה קוביות חמוצות ממולאות בטעם פירות,יוגטה yogueta,TR,יוגטה קוביות חמוצות,גרמים,220.00,100 גרם,false,,5.90,0.0268,true,1,6724681
7290111353123,false,"גומי נחש מסוכר 200 גר' וסטהיים (כש""לפ בית יוסף)",טופגם תעשיות ממתקים,IL,יוגטה סוכריות גומי נ,גרמים,200.00,100 גרם,false,,7.90,0.0395,true,1,6742605
7290111353376,false,שקית סוכריות מנטוס בטעם מנטה 100 יח',פרפטי ואן מלה ברדה,NL,סוכריות מנטוס שמחות,גרמים,250.00,100 גרם,false,,13.90,0.0556,true,1,6751645
7290111353383,false,שקית סוכריות מנטוס בטעם תות 100 יח',פרפטי ואן מלה ברדה,NL,סוכריות מנטוס שמחות,גרמים,250.00,100 גרם,false,,13.90,0.0556,true,1,6751646
7290111353437,false,חטיף בטטה ומלח ים 120 גרם הוט פופ,איץ.סיי גרופ אס.דה א,HN,חטיף בטטה ומלח ים 13,גרמים,135.00,100 גרם,false,,13.90,0.1030,true,1,6757495
7290111353444,false,חטיף בטטות ומלח ים 120 גרם הוט פופ,איץ.סיי גרופ אס.דה א,HN,חטיף בטטות ומלח ים 1,גרמים,135.00,100 גרם,false,,13.90,0.1030,true,1,6757496
7290111353451,false,חטיף בירקות שורש ומלח ים הוטפופ 120 גרם,איץ.סיי גרופ אס.דה א,HN,חטיף ירקות שורש ומלח,גרמים,135.00,100 גרם,false,,13.90,0.1030,true,1,6757497
7290111353475,false,"שטיחים חמוצים בטעם פירות 200 גרם בד""ץ",סאדאט,TR,שטיחים חמוצים פירות,גרמים,200.00,100 גרם,false,,5.90,0.0295,true,1,6764811
7290111353482,false,יוגטה סוכריות חמוצות ממלאות בטעמי פירות 200 ג',סאדאט,TR,מקלות חמוצים טעמי פי,גרמים,200.00,100 גרם,false,,5.90,0.0295,true,1,6764812
7290111353550,false,ממרח חמאת בוטנים טבעית 300 גרם,J&G קיסריה,IL,חמאת בוטנים טבעית 30,גרמים,300.00,100 גרם,false,,14.90,0.0497,true,1,6770549
7290111353567,false,ממרח שקדים טבעי 300 גרם,J&G קיסריה,IL,ממרח שקדים טבעי 300,גרמים,300.00,100 גרם,false,,32.90,0.1097,true,1,6761310
7290111354038,false,עגבניות תמר איטלקיות חתוכות דק 400גר*3,פראנו אנריקו,IT,עגבניות תמר איטלקיות,גרמים,1200.00,100 גרם,false,,14.90,0.0124,true,1,6843890
7290111354120,false,ממרח חלווה קליית גת 300 גר,קליית גת,IL,ממרח חלווה 300 גר,גרמים,300.00,100 גרם,false,,15.70,0.0523,true,1,6857796
7290111354137,false,ממרח פקאן מסוכר קליית גת 200 גר,J&G קיסריה,IL,ממרח פקאן מסוכר 200,גרמים,200.00,100 גרם,false,,19.70,0.0985,true,1,6857797
7290111354151,false,ממרח אגוזי לוז קליית גת 200 גר,,IL,ממרח אגוזים 200 גר,גרמים,200.00,100 גרם,false,,15.70,0.0785,true,1,6857799
7290111354694,false,HOVER BALL כדור הרשי,ליימן מותגים,,כדור ריזס,יחידה,0.00,יחידה,false,,10.00,0.0000,true,1,6911566
7290111354915,false,תינוקלין סל כביסה לתינוק,,,תינוקלין סל כביסה לת,יחידה,0.00,יחידה,false,,14.90,0.0000,true,1,6911592
7290111531255,false,"עוגיות מרוקאיות לל""ס 350 גר רמי לוי",,,"עוגיות מרוקאיות לל""ס",גרמים,350.00,100 גרם,false,,14.90,0.0426,true,1,6311383
7290111531392,false,עוגיות סגנון מרוקאי 350 גר רמי לוי,,,עוגיות סגנון מרוקאי,גרמים,350.00,100 גרם,false,,14.90,0.0426,true,1,6311384
7290111531415,false,עוגיות ריפאת 350 גר רמי לוי,,,עוגיות ריפאת 350 גר,גרמים,350.00,100 גרם,false,,14.90,0.0426,true,1,6311385
7290111531439,false,עוגיות לקפה 350 גר רמי לוי,,,עוגיות לקפה 350 גר ר,גרמים,350.00,100 גרם,false,,14.90,0.0426,true,1,6311387
7290111531804,false,עוגיות מעמול תמר 600,,,עוגיות מעמול תמר 600,גרמים,600.00,100 גרם,false,,11.90,0.0198,true,1,6326680
7290111532702,false,"עוגיות ריפאת לל""ס 350 גר רמי לוי",,,"עוגיות ריפאת לל""ס 35",גרמים,350.00,100 גרם,false,,14.90,0.0426,true,1,6311391
7290111534010,false,פס גבינה שמנת ופירורים 400 ג',קפולסקי שיווק וקמעונ,IL,גבינה שמנת ופירורים,גרמים,400.00,100 גרם,false,,35.90,0.0897,true,1,3031071
7290111563492,false,סלטי צבר מטבוחה חריפה מרובע 6*400גרם,סלטי צבר,IL,צבר סלט מטבוחה חריפה,גרמים,400.00,100 גרם,false,,11.50,0.0288,true,1,4633660
7290111564277,false,פריכיות דקות ונימוחות 3 דגנים פיטנס Fitness,פרח תעשיות,IL,פיטנס פריכיות דקות 3,גרמים,120.00,100 גרם,false,,9.90,0.0825,true,1,3315826
7290111564291,false,פריכיות דקות ונימוחות 3 דגנים וקינואה פיטנס Fitness,פרח תעשיות,IL,פיטנס פריכיות דקות ו,גרמים,120.00,100 גרם,false,,9.90,0.0825,true,1,3315846
7290111564956,false,"ביסלי במבה מיקס 200 גרם ""אסם""",פרו מן יו פתרונות אר,IL,ביסלי במבה מיקס 200,גרמים,200.00,100 גרם,false,,8.90,0.0445,true,1,4633701
7290111566103,false,טבעול פלאפל מרכיבים ביתיים בלבד 590 גרם,עיצובים 2020 (4.8),IL,טבעול פלאפל ביתי 590,גרמים,590.00,100 גרם,false,,29.90,0.0507,true,1,4186478
7290111566240,false,שניצל דק מן הצומח בטעם צ'ילי חריף 700 גרם,עיצובים 2020 (4.8),IL,טבעול שניצל דק צ'לי,גרמים,564.00,100 גרם,false,,29.90,0.0530,true,1,4186480
7290111566271,false,טבעול חטיפי תירס 657גרם,עיצובים 2020 (4.8),IL,טבעול חטיפי תירס 657,גרמים,657.00,100 גרם,false,,29.90,0.0455,true,1,4186481
7290111566318,false,שניצל דק מן הצומח בטעם ביתי 700 גרם,עיצובים 2020 (4.8),IL,טבעול שניצל דק מהצומ,גרמים,564.00,100 גרם,false,,29.90,0.0530,true,1,4186482
7290111566332,false,"נקניקיות וינר מן הצומח 680 גרם ""טבעול""",עיצובים 2020 (4.8),IL,טבעול נקניקיות וינר,גרמים,680.00,100 גרם,false,,29.90,0.0440,true,1,4186483
7290111566417,false,טבעול טחון מן הצומח משופר 400 גרם,עיצובים 2020 (4.8),IL,טבעול טחון צמחוני 50,גרמים,500.00,100 גרם,false,,29.90,0.0598,true,1,4186525
7290111566547,false,טבעול חזה בגריל צמחוני 99 קלוריות 560ג',עיצובים 2020 (4.8),IL,טבעול חזה בגריל צמחו,גרמים,560.00,100 גרם,false,,29.90,0.0534,true,1,4186527
7290111566561,false,"שניצל ברוקולי 99 קלוריות 560 גר' ""טבעול""",עיצובים 2020 (4.8),IL,טבעול שניצל ברוקולי,גרמים,560.00,100 גרם,false,,29.90,0.0534,true,1,4186528
7290111566585,false,"שניצל צמחוני 99 קלוריות 650 גר' ""טבעול""",עיצובים 2020 (4.8),IL,טבעול שניצל צמחוני 9,גרמים,650.00,100 גרם,false,,29.90,0.0460,true,1,4186529
7290111566691,false,"שניצל תרד 99 קלוריות 560 גרם ""טבעול""",עיצובים 2020 (4.8),IL,טבעול שניצל תרד 99 ק,גרמים,560.00,100 גרם,false,,29.90,0.0534,true,1,4186530
7290111566714,false,טבעול המבורגר צמחוני 99 קלוריות 600 גר',עיצובים 2020 (4.8),IL,טבעול המבורגר צמחוני,גרמים,600.00,100 גרם,false,,29.90,0.0498,true,1,4186531
7290111566752,false,טבעול שניצל תירס 99 קלוריות 693 גר',עיצובים 2020 (4.8),IL,טבעול שניצל תירס 99,גרמים,693.00,100 גרם,false,,29.90,0.0431,true,1,4186486
7290111566776,false,"נקניקיות קוקטייל מן הצומח 680 גרם ""טבעול""",עיצובים 2020 (4.8),IL,טבעול נקניקיות קוקטי,גרמים,680.00,100 גרם,false,,29.90,0.0440,true,1,4186487
7290111568206,false,ביסלי פארטי מיקס 150 ג' אסם,פרו מן יו פתרונות אר,IL,ביסלי פארטי מיקס 150,גרמים,150.00,100 גרם,false,,6.90,0.0460,true,1,4633704
7290111568961,false,אסם בייגלה טבעות מלח 400 גרם,אסם,IL,בייגלה טבעות מלח 400,גרמים,400.00,100 גרם,false,,9.90,0.0248,true,1,5008468
7290111663840,false,מנג'ט זהב-מס' 3-מארז,,,מנגטים זהב,יח',1.00,יח',false,,6.90,6.9000,true,1,6691268
7290111738869,false,חמישית תחתוני נשים S,,,חמישית תחתוני נשים S,יח',1.00,יח',false,,35.00,35.0000,true,1,6219291
7290111738876,false,חמישית תחתוני נשים M,,,חמישית תחתוני נשים M,יח',1.00,יח',false,,35.00,35.0000,true,1,6219292
7290111738906,false,חמישית תחתוני נשים XXL,,,חמישית תחתוני נשים X,יח',1.00,יח',false,,35.00,35.0000,true,1,6219295
7290111739088,false,שלישיית בוקסר (L) לייקרה UMBRO,,,שלישיית בוקסר לייקרה,יח',1.00,יח',false,,49.90,49.9000,true,1,6025566
7290111739095,false,שלישיית בוקסר (XL) לייקרה UMBRO,,,שלישיית בוקסר לייקרה,יח',1.00,יח',false,,49.90,49.9000,true,1,6025567
7290111739132,false,בוקסר כותנה חלק L,,,בוקסר כותנה חלק L,יח',1.00,יח',false,,19.90,19.9000,true,1,6025569
7290111739156,false,בוקסר כותנה חלק XXL,,,בוקסר כותנה חלק XXL,יח',1.00,יח',false,,19.90,19.9000,true,1,6025571
7290111739187,false,בוקסר כותנה מודפס L,,,בוקסר כותנה מודפס L,יח',1.00,יח',false,,19.90,19.9000,true,1,6025574
7290111872969,false,נרות ג'מבו כוכבים פי ג'יי,,CN,נרות ג'מבו כוכבים פי,יח',1.00,יח',false,,6.00,6.0000,true,1,6234220
7290111873140,false,נרות מטה כוכבים - פרוזן,סודי,CN,נרות מטה כוכבים,יח',1.00,יח',false,,4.90,4.9000,true,1,6234268
7290111874130,false,שקית 10 מודפס,,,שקית 10 מודפס,יח',1.00,יח',false,,7.90,7.9000,true,1,6234376
7290111930898,false,חטיף פוף כוכבים גריל אמריקאי 40 גרם,פוף POOF,IL,פוף כוכבים גריל אמרי,גרמים,40.00,100 גרם,false,,2.90,0.0725,true,1,3873091
7290111930904,false,חטיף פוף כוכבים בצל 40 גרם,פוף POOF,IL,פוף כוכבים בצל 40 גר,גרמים,40.00,100 גרם,false,,2.90,0.0725,true,1,3873092
7290111930911,false,חטיף פוף לבבות קלאסי 40 גרם,פוף POOF,IL,פוף לבבות קלאסי 40 ג,גרמים,40.00,100 גרם,false,,2.90,0.0725,true,1,3873093
7290111930928,false,חטיף פוף לבבות גריל 40 גרם,פוף POOF,IL,פוף לבבות גריל 40 גר,גרמים,40.00,100 גרם,false,,2.90,0.0725,true,1,3873094
7290111930973,false,מאסטר שף פסטו אדום 190 גר,סימנס אלמנטרי ס.ו.ל,IT,מאסטר שף פסטו אדום 1,גרמים,190.00,100 גרם,false,,9.90,0.0521,true,1,4369586
7290111931338,false,סבון רחצה פלמוליב לומינוס מועשר בשמנים טבעיים,קולגייט פלמוליב,TR,פלמוליב סבון לומינוס,מיליליטרים,500.00,"100 מ""ל",false,,15.90,0.0318,true,1,4751732
7290111932380,false,"מרידול משחת שיניים מארז 75X2מ""ל כשל""פ",GABA LOER GER,DE,זוג משחת שיניים מריד,מטרים,75.00,100 מ'ל,false,,31.90,0.4253,true,1,4369588
7290111932502,false,"משחת שיניים קולגייט אופטיק וייט אקספרט וויט 75 מ""ל",קולגייט Colgate,MX,קולגייט אופטיק וויט,מטרים,75.00,100 מ'ל,false,,24.90,0.3320,true,1,5329866
7290111933554,false,עגבניות איטלקיות קוביות - מארז שלישיה,קונסוריזיו קאסאלסקו,IT,מאסטר שף עגבניות קוב,קילוגרמים,1.20,"ק""ג",false,,15.90,13.2500,true,1,5405655
7290111933998,false,תבנית קוקי אינגליש עם נייר אפייה 4 יח,קוקי,CN,קוקי תבנית אינגליקיי,יח',1.00,יח',false,,9.90,9.9000,true,1,5910493
7290111934827,false,"סבון ידיים פלמוליב היגיינה 300 מ""ל",פלמוליב Palmolive,TR,פלמוליב סבון ידיים 3,מיליליטרים,300.00,"100 מ""ל",false,,10.90,0.0363,true,1,5910461
7290111936296,false,"פלמוליב סבון נוזלי בניחוח סנסיישן מסאז' ,750 מ""ל",קולגייט פלמוליב,TR,פלמוליב ארומה סנסייש,מיליליטרים,750.00,"100 מ""ל",false,,19.90,0.0265,true,1,6058789
7290111936784,false,פרי מארז חטיפים 5 יחידות תמרים ואגוזי לוז כשלפ,טבעית מוצרים מן הטבע,IL,פרי מארז 5 חטיפים תמ,גרמים,125.00,100 גרם,false,,14.90,0.1192,true,1,5767358
7290111937231,false,פרי מארז חטיפים 5 יחידות תמרים וקוקוס כשלפ,טבעית מוצרים מן הטבע,IL,פרי מארז 5 חטיפים תמ,גרמים,125.00,100 גרם,false,,14.90,0.1192,true,1,5767360
7290111937248,false,פרי מארז חטיפים 5 יחידות תמרים קשיו ונגיעות לוז כשלפ,הדקלאים אגודת שיתופי,IL,פרי מארז 5 חטיפים תמ,גרמים,125.00,100 גרם,false,,14.90,0.1192,true,1,5767361
7290111937255,false,פרי מארז חטיפים 5 יחידות תמרים בוטנים ואגוזי לוז כשלפ,טבעית מוצרים מן הטבע,IL,פרי מארז 5 חטיפים תמ,גרמים,125.00,100 גרם,false,,14.90,0.1192,true,1,5767362
7290111937262,false,"פרי מארז חטיפי 5יח תמרים ,אגוזים ושברי קקאו 125גר",טבעית מוצרים מן הטבע,IL,פרי מארז 5 חטיפים תמ,גרמים,125.00,100 גרם,false,,14.90,0.1192,true,1,5767363
7290111937644,false,פצצת אמבט קוקוס לכל סוגי העור,בלונס Balloons,CN,בלונס פצצת אמבט קוקו,מטרים,100.00,100 מ'ל,false,,9.90,0.0990,true,1,6792812
7290111937651,false,פצצת אמבט מנגו לכל סוגי העור,בלונס Balloons,CN,בלונס פצצת אמבט מנגו,מטרים,100.00,100 מ'ל,false,,9.90,0.0990,true,1,6792813
7290111937668,false,פצצת אמבט תפוח לכל סוגי העור,בלונס Balloons,CN,בלונס פצצת אמבט תפוח,מטרים,100.00,100 מ'ל,false,,9.90,0.0990,true,1,6792814
7290111938481,false,"רוטב סויה בהירה מאסטר שף 300 מ""ל",מאסטר שף,TH,מאסטר שף רוטב סויה ב,מיליליטרים,300.00,"100 מ""ל",false,,8.90,0.0297,true,1,6692187
7290111939174,false,קוקי ניילון נצמד עם גומי מידה לארג,קוקי,CN,קוקי ניילון נצמד עם,יח',1.00,יח',false,,8.90,8.9000,true,1,6680385
7290111939181,false,קוקי כיסוי ניילון עם גומי מיקס מידות,שסטוביץ,CN,קוקי ניילון נצמד עם,יח',1.00,יח',false,,8.90,8.9000,true,1,6680386
7290111977558,false,מגני תחתון לארג 52 ר,,,מגני תחתון לארג 52 ר,יח',1.00,יח',false,,11.90,11.9000,true,1,5818653
7290111990205,false,שטיח סלון 230*160,,,שטיח סלון 230*160,יח',1.00,יח',false,,199.90,199.9000,true,1,3352810
7290112000156,false,"איירוויק מילוי מפיץ אדים אוטמטי לבנדר 20 מ""ל",איירוויק Air Wick,HU,מילוי מפיץ אדים לבנד,מטרים,20.00,100 מ'ל,false,,16.90,0.8450,true,1,4734590
7290112000286,false,"גל לניקוי אסלות סיליט באנג לימון 750 מ""ל",סיליט באנג Cillit Bang,PL,סיליט ג'ל אסלות לימו,מיליליטרים,750.00,"100 מ""ל",false,,9.90,0.0132,true,1,4204405
7290112000293,false,"גל לניקוי אסלות סיליט באנג מרענן 750 מ""ל",סיליט באנג Cillit Bang,PL,סיליט באנג ג'ל לניקו,מיליליטרים,750.00,"100 מ""ל",false,,9.90,0.0132,true,1,4204406
7290112000392,false,מנקה ומחטא עוצמתי לחדר האמבטיה ללא אקונומיקה,רקיט בנקיזר,PL,דטול תרסיס לאמבטיה 7,מיליליטרים,750.00,"100 מ""ל",false,,9.90,0.0132,true,1,5360548
7290112000736,false,פיניש טבליות aio 80 יח אריזת חסכון,רקיט בנקיזר,IL,פיניש טבליות 80יח 1,קילוגרמים,1.28,"ק""ג",false,,54.90,42.8906,true,1,4932101
7290112000880,false,מטליות לחות למטבח מנקה ומחטא עוצמתי,רקיט בנקיזר,PL,דטול מגבונים למטבח 6,יח',60.00,יח',false,,7.90,0.1317,true,1,5360552
7290112001023,false,"אירוויק ספרי אוטמטי מילוי תענוגות האביב 250 מ""ל",איירוויק Air Wick,HU,אירוויק מילוי מכשיר,מיליליטרים,250.00,"100 מ""ל",false,,14.90,0.0596,true,1,5360554
7290112001030,false,"אירוויק ספרי אוטמטי מילוי פריחת הדובדבן 250 מ""ל",איירוויק Air Wick,HU,אירוויק מילוי מכשיר,מיליליטרים,250.00,"100 מ""ל",false,,14.90,0.0596,true,1,5360555
7290112001221,false,מנקה מכונת כביסה בניחוח נקי ורענן,רקיט בנקיזר,PT,קולון מנקה מכונה רגי,מיליליטרים,250.00,"100 מ""ל",false,,19.90,0.0796,true,1,5405497
7290112001436,false,"פיניש מנקה מדיח כלים בניחוח לימון 250 מ""ל",רקיט בנקיזר,PL,פיניש מנקה מדיח כלים,מיליליטרים,250.00,"100 מ""ל",false,,14.90,0.0596,true,1,6555503
7290112001870,false,"סיליט באנג ספריי ניקוי אמבטיה 750 מ""ל",רקיט בנקיזר,PL,סיליט באנג אמבטיות 7,מיליליטרים,750.00,"100 מ""ל",false,,12.50,0.0167,true,1,6263129
7290112001900,false,פיניש ג'ל למדיח אקולוגי 1 ליטר,RECKITT BENCKISER PR,PL,פיניש ג'ל למדיח אקול,מטרים,1000.00,100 מ'ל,false,,42.50,0.0425,true,1,6183259
7290112002099,false,קולון גל כביסה מרוכז 2.5 ליטר קלאסי,רקיט בנקיזר,IL,קולון ג'ל 2.5 לי רגי,יח',1.00,יח',false,,24.90,24.9000,true,1,6433913
7290112002105,false,קולון גל כביסה מרוכז 2.5 ליטר ניחוח לילך,רקיט בנקיזר,IL,קולון ג'ל 2.5 לי ניח,יח',1.00,יח',false,,24.90,24.9000,true,1,6433914
7290112002112,false,ג'ל כביסה מרוכז קולון 101 בניחוח ורדים,רקיט בנקיזר,IL,קולון ג'ל 2.5 לי ניח,יח',1.00,יח',false,,24.90,24.9000,true,1,6433915
7290112002129,false,ג'ל כביסה מרוכז קולון 101 בניחוח פריחה מרענן,רקיט בנקיזר,IL,קולון ג'ל 2.5 לי ניח,יח',1.00,יח',false,,24.90,24.9000,true,1,6433916
7290112002136,false,ג'ל כביסה מרוכז קולון 101 קלאסי,רקיט בנקיזר,IL,קולון ג'ל 4לי,יח',1.00,יח',false,,34.50,34.5000,true,1,6433917
7290112002143,false,ג'ל כביסה מרוכז קולון 101 בניחוח לילך,רקיט בנקיזר,IL,קולון ג'ל 4לי ניחוח,יח',1.00,יח',false,,34.50,34.5000,true,1,6433918
7290112002150,false,ג'ל כביסה מרוכז קולון 101 בניחוח ורדים,רקיט בנקיזר,IL,קולון ג'ל 4לי ורדים,יח',1.00,יח',false,,34.50,34.5000,true,1,6433919
7290112002167,false,ג'ל כביסה מרוכז קולון 101 בניחוח פריחה מרענן,רקיט בנקיזר,IL,קולון ג'ל 4 לי,יח',1.00,יח',false,,34.50,34.5000,true,1,6433920
7290112002457,false,דטול - שלישיית מגבונים לניקוי וחיטוי בניחוח לימון,רקיט בנקיזר,PL,דטול מגבונים לניקוי,יח',1.00,יח',false,,19.90,19.9000,true,1,6433939
7290112002983,false,מרסס סיליט חומצת לימון לניקוי כללי 750מל,רקיט בנקיזר,PL,סיליט ספריי חומצת לי,מיליליטרים,750.00,"100 מ""ל",false,,13.90,0.0185,true,1,6716589
7290112002990,false,"סיליט ספריי אבקת סודה להסרת שומנים 750 מ""ל",רקיט בנקיזר,PL,סיליט ספריי אבקת סוד,מיליליטרים,750.00,"100 מ""ל",false,,13.90,0.0185,true,1,6716590
7290112003140,false,"אירוויק ספרי אוטמטי מילוי מנגו מרענן 250 מ""ל",RECKITT BENCKISER UK,GB,אירוויק פרשמטיק מילו,יח',1.00,יח',false,,14.90,14.9000,true,1,6708779
7290112003188,false,קולון קפסולות גל לכביסה 60 יחידות,רקיט בנקיזר,IT,קולון קאפס 60 טבליות,יח',1.00,יח',false,,53.80,53.8000,true,1,6742381
7290112003232,false,אבקת כביסה בניחוח לבנדר קולון 5 ק''ג,זוהר דליה,,אבקת כביסה קולון לבנ,יח',1.00,יח',false,,38.90,38.9000,true,1,6723131
7290112003249,false,אבקת כביסה בניחוח מאסק קולון 5 ק''ג,זוהר דליה,,אבקת כביסה קולון מאס,יח',1.00,יח',false,,38.90,38.9000,true,1,6723132
7290112003522,false,איירוויק בוטניקה נר ריחני בניחוח אננס ור,רקיט בנקיזר,CN,איירוויק בוטניקה נר,יח',1.00,יח',false,,19.90,19.9000,true,1,6757755
7290112004109,false,מטליות לחות לניקוי כללי וחיטוי בריח ליים ונענע- מארז,רקיט בנקיזר,PL,דטול מארז מגבונים לח,יח',1.00,יח',false,,19.90,19.9000,true,1,6759599
7290112004161,false,"ספריי אוטמטי מילוי בניחוח סנטורל 250 מ""ל אירוויק",RB בריטניה,GB,איירוויק פרשמטיק מיל,מיליליטרים,250.00,"100 מ""ל",false,,14.90,0.0596,true,1,6756920
7290112004208,false,טבליות למדיח בניחוח לימון 50 יח' פיניש,RECKITT BENCKISER PR,PL,פיניש טבליות 50יח לי,יח',1.00,יח',false,,34.90,34.9000,true,1,6790759
7290112004253,false,"קרם בספריי להסרת שיער לעור רגיש 150 מ""ל ויט",רקיט בנקיזר,,ויט קרם בספריי להסרת,מיליליטרים,150.00,"100 מ""ל",false,,19.90,0.1327,true,1,6809207
7290112004314,false,"דטול - תרסיס חיטוי וניקוי בניחוח לימון רימונים 750 מ""ל",רקיט בנקיזר,PL,דטול תרסיס מנקה ומחט,מיליליטרים,750.00,"100 מ""ל",false,,9.90,0.0132,true,1,6790760
7290112004413,false,ניש ספריי להסרת כתמים מבגדים לבנים 750 מ,רקיט בנקיזר,PL,וניש קליה ספריי להסר,מיליליטרים,750.00,"100 מ""ל",false,,16.80,0.0224,true,1,6846521
7290112004963,false,"פיניש אולטימייט קפסולות לניקוי כלים במדיח, 25 יחידות",רקיט בנקיזר,PL,פיניש אולטימייט 25,יח',1.00,יח',false,,39.90,39.9000,true,1,6883983
7290112004970,false,פיניש קפסולות אולטימיט למדיח 50 יח',רקיט בנקיזר,IL,פיניש אולטימייט 50,יח',60.00,יח',false,,59.90,0.9983,true,1,6883984
7290112004987,false,אירוויק ספריי אוטומטי מילוי לבנדר,RECKITT BENCKISER UK,IL,אירוויק ספריי אוטומט,מיליליטרים,250.00,"100 מ""ל",false,,14.90,0.0596,true,1,6861115
7290112005045,false,וניש מסיר כתמים אבקה לכביסה לבנה 480 גרם,רקיט בנקיזר,IT,וניש אבקה לכביסה לבנ,גרמים,480.00,100 גרם,false,,16.90,0.0352,true,1,6880215
7290112005052,false,וניש תוסף כביסה רב תכליתי לבגדים לבנים,קליה וניש Kalia Vanish,IT,וניש אבקה לכביסה לבנ,גרמים,1500.00,100 גרם,false,,39.90,0.0266,true,1,6880216
7290112005076,false,וניש תוסף כביסה רב תכליתי צבעוני 480 גרם,רקיט בנקיזר,IT,וניש אבקה לכביסה צבע,גרמים,480.00,100 גרם,false,,16.90,0.0352,true,1,6880217
7290112005083,false,וניש תוסף כביסה רב תכליתי לכביסה צבעונית,קליה וניש Kalia Vanish,IT,וניש אבקה לכביסה צבע,קילוגרמים,1.50,"ק""ג",false,,39.90,26.6000,true,1,6879783
7290112005168,false,טבליות למדיח פיניש קוואנטום לימון 60 יח,רקיט בנקיזר,PL,פיניש קוואנטום 60 טב,יח',60.00,יח',false,,59.90,0.9983,true,1,6883985
7290112011930,false,רוטב סויה 550 גרם רמי לוי,,,רוטב סויה 550 גרם רמ,גרמים,550.00,100 גרם,false,,9.90,0.0180,true,1,5857622
7290112012869,false,רוטב טריאקי גינגר ושומשום רמילוי,,,רוטב טריאקי גינגר וש,גרמים,590.00,100 גרם,false,,9.90,0.0168,true,1,6799570
7290112013767,false,רמי לוי רוטב אלף האיים 500 גר' 6X,,,רמי לוי רוטב אלף האי,גרמים,500.00,100 גרם,false,,9.90,0.0198,true,1,3858993
7290112013774,false,רוטב אלף האיים לייט 500 ג רמילוי,,,רוטב אלף האיים לייט,גרמים,500.00,100 גרם,false,,9.90,0.0198,true,1,3858994
7290112190437,false,פופקורן קלאסי 65ג רמ,,,פופקורן קלאסי 65ג רמ,גרמים,65.00,100 גרם,false,,3.90,0.0600,true,1,4529119
7290112190871,false,גריסיני עם שומשום 120ג רמילוי,,,גריסיני עם שומשום 12,גרמים,120.00,100 גרם,false,,5.90,0.0492,true,1,5617268
7290112190888,false,גריסיני שומשום 120ג רמילוי,,,גריסיני שומשום 120ג,גרמים,120.00,100 גרם,false,,5.90,0.0492,true,1,5617269
7290112191069,false,טורטייה מזונות תפוחים 320 ג',,,טורטיה 8יח 20סמ,יח',1.00,יח',false,,7.90,7.9000,true,1,5405594
7290112191090,false,טורטיה עם קמח כוסמת מלא 320מלא גרם 8 יחי,,,טורטיה קמח כוסמת מלא,גרמים,320.00,100 גרם,false,,7.90,0.0247,true,1,5866789
7290112191113,false,טורטיות עם זרעי צ'יה 320 ג',,,טורטיה וזרעי צ'יה 32,גרמים,320.00,100 גרם,false,,7.90,0.0247,true,1,5866790
7290112191328,false,ניוקי 500 ג רמי לוי,,,ניוקי 500 ג רמי לוי,גרמים,500.00,100 גרם,false,,5.90,0.0118,true,1,5390327
7290112191335,false,מיני ניוקי 500 ג רמי לוי,,,מיני ניוקי 500 ג רמי,גרמים,500.00,100 גרם,false,,6.90,0.0138,true,1,5390328
7290112191564,false,מסטיק ללא סוכר פירות 33גר רמילוי,,,מסטיק ללא סוכר פירות,גרמים,33.00,100 גרם,false,,3.50,0.1061,true,1,6202642
7290112191595,false,מסטיק ללא תוספת סוכר מלון 33גר רמי לוי,,,מסטיק ללא תוספת סוכר,גרמים,33.00,100 גרם,false,,3.50,0.1061,true,1,6202645
7290112191861,false,פתיתים כוכבים 500גר רמילוי,,,פתיתים כוכבים 500גר,גרמים,500.00,100 גרם,false,,4.50,0.0090,true,1,5811310
7290112191878,false,פתיתים 50% קמח מלא 500גר רמילוי,,,פתיתים 50% קמח מלא 5,גרמים,500.00,100 גרם,false,,4.50,0.0090,true,1,5811350
7290112191991,false,מארז קפסולות קפוצינו 50יח רמילוי,,,מארז קפסולות קפוצינו,יח',1.00,יח',false,,39.00,39.0000,true,1,5860340
7290112192158,false,"ניוקי תפו""א לל""ג 500 גר GFREE",,IT,ניוקי תפוא ללא גלוטן,גרמים,500.00,100 גרם,false,,10.90,0.0218,true,1,5910416
7290112192295,false,עוגיות סנדויץ במילוי ללא גלוטן 200 ג',"מוצרי הכט בע""מ",IL,עוגיות סנדויץ ללא גל,גרמים,200.00,100 גרם,false,,16.90,0.0845,true,1,5578401
7290112192509,false,פירורי לחם ללא גלוטן 250 גר GFREE,אשבל מזון פונקציונלי,IL,פרורי לחם 250ג גיפרי,גרמים,250.00,100 גרם,false,,15.90,0.0636,true,1,5755390
7290112192561,false,משחת שיניים whitening עם פלואוריד להגנה מלאה,ג'י.אס.קיי קונסיומר,IE,פרודונטקס הלבנה 75 מ,מטרים,75.00,100 מ'ל,false,,34.90,0.4653,true,1,6388651
7290112192578,false,משחת שיניים פרודונטקס אקסטרה פרש הגנה מלאה,ג'י.אס.קיי קונסיומר,IE,פרודונטקס הגנה מלאה,מטרים,75.00,100 מ'ל,false,,34.90,0.4653,true,1,6388652
7290112192585,false,פרודונטקס מברשת שיניים הגנה מלאה סופט,גלקסוס סמית קליין,IE,מברשת שיניים פרודונט,יח',1.00,יח',false,,24.90,24.9000,true,1,6388653
7290112192806,false,פרודונטקס זוג מ.שיניים אולטרא קלין 75 מל,גלקסוס סמית קליין,SK,זוג פרודונטקס 75 מל,יח',1.00,יח',false,,39.90,39.9000,true,1,5786281
7290112192820,false,זוג פרודונטקס 75 מל פרש,,,זוג פרודונטקס 75 מל,יח',1.00,יח',false,,39.90,39.9000,true,1,5786283
7290112192882,false,"סנסודיין - משחת שיניים רגישות וחניכיים מלבינה 75 מ""ל",ג'י.אס.קיי קונסיומר,GB,סנסודיין מלבינה 75 מ,יח',1.00,יח',false,,33.90,33.9000,true,1,6577333
7290112192905,false,מברשת לשיניים רגישות ובעיות חניכיים סנסודיין,סנסודיין Sensodyne,DE,מברשת סנסודיין סופט,מטרים,100.00,100 מ'ל,false,,24.90,0.2490,true,1,6577334
7290112192936,false,סנסודיין משחה קלין&פרש 75 מל שלישיה,גורי,SK,סנסודיין שלישייה קלי,מטרים,75.00,100 מ'ל,false,,45.00,0.6000,true,1,5786284
7290112192998,false,סטייל מתולתלות קרם לחות לשיער מקורזל 400,גורי,IL,קרם לחות לשיער מקורז,מטרים,400.00,100 מ'ל,false,,27.90,0.0697,true,1,6866585
7290112193278,false,"סטייל - שמפו מתולתלות לניקוי יסודי 600 מ""ל",א.ל. ארמן,IL,שמפו מתולתלות 600 מל,מיליליטרים,600.00,"100 מ""ל",false,,20.90,0.0348,true,1,6709668
7290112193285,false,"סטייל - מרכך מתולתלות מגביר לחות 600 מ""ל",א.ל. ארמן,IL,מרכך מתולתלות 600 מל,מיליליטרים,600.00,"100 מ""ל",false,,20.90,0.0348,true,1,6709669
7290112193292,false,"סטייל - מתולתלות מסכה לטיפול עמוק 500 מ""ל",א.ל. ארמן,IL,מסכה מתולתלות 500 מל,מיליליטרים,500.00,"100 מ""ל",false,,25.90,0.0518,true,1,6709637
7290112194343,false,סכיני גילוח לאישה 5יח רמילוי,,,סכיני גילוח לאישה 5י,יח',1.00,יח',false,,8.90,8.9000,true,1,6678444
7290112194350,false,סכיני גילוח לגבר 5יח רמילוי,,,סכיני גילוח לגבר 5יח,יח',1.00,יח',false,,8.90,8.9000,true,1,6678445
7290112194374,false,סכיני גילוח לגבר 10יח רמילוי,,,סכיני גילוח לגבר 10י,יח',1.00,יח',false,,14.90,14.9000,true,1,6678447
7290112194381,false,סכיני גילוח 3 להבים לאישה 4יח רמילוי,,,סכיני גילוח 3 להבים,יח',1.00,יח',false,,14.90,14.9000,true,1,6678448
7290112194503,false,טורטיה חיטה 320 גר,,,טורטיה חיטה 320 גר,גרמים,320.00,100 גרם,false,,8.50,0.0266,true,1,6504628
7290112194510,false,טורטיה חיטה 450גר,,,טורטיה חיטה 450גר,גרמים,450.00,100 גרם,false,,9.90,0.0220,true,1,6504629
7290112194527,false,טורטיה חיטה 560 גר,,,טורטיה חיטה 560 גר,גרמים,560.00,100 גרם,false,,9.90,0.0177,true,1,6504630
7290112194534,false,טורטיה חיטה מלאה 320 גר,,,טורטיה חיטה מלאה 320,גרמים,320.00,100 גרם,false,,8.50,0.0266,true,1,6504671
7290112194541,false,טורטיה חיטה מלאה 560 גר,,,טורטיה חיטה מלאה 560,גרמים,560.00,100 גרם,false,,9.90,0.0177,true,1,6504672
7290112195104,false,חמאת בוטנים רמילוי,,,חמאת בוטנים רמילוי,גרמים,500.00,100 גרם,false,,10.90,0.0218,true,1,6749708
7290112195111,false,חמאת בוטנים עם שבבים רמי לוי,,,חמאת בוטנים עם שבבים,גרמים,500.00,100 גרם,false,,10.90,0.0218,true,1,6749709
7290112195197,false,מלפפונים במלח 15-17 310גר,,,מלפפונים במלח 15-17,גרמים,310.00,100 גרם,false,,6.90,0.0223,true,1,6754864
7290112195340,false,פרכיות 165 גרם,,,פרכיות 165 גרם,גרמים,165.00,100 גרם,false,,6.50,0.0394,true,1,6756047
7290112195449,false,משקה סויה מועשר סידן 1לי רמי לוי,,,משקה סויה מועשר סידן,ליטרים,1.00,ליטר,false,,8.90,8.9000,true,1,6812916
7290112195463,false,משקה שיבולת שועל 1לי רמי לוי,,,משקה שיבולת שועל 1לי,ליטרים,1.00,ליטר,false,,11.90,11.9000,true,1,6812918
7290112195548,false,קוסקוס דורום 500ג רמילוי,,,קוסקוס דורום 500ג רמ,גרמים,500.00,100 גרם,false,,5.90,0.0118,true,1,6809316
7290112195685,false,חישוקים דגני בוקר טעם עוגיות 420גר,,,חישוקים דגני בוקר טע,גרמים,420.00,100 גרם,false,,9.90,0.0236,true,1,6840181
7290112195753,false,"תות שדה קפוא 1 ק""ג",,,"תות שדה קפוא 1 ק""ג",יחידה,0.00,יחידה,false,,14.90,0.0000,true,1,6914884
7290112195975,false,שווארמה צמחית 500 גר' לנדא,,,שווארמה צמחונית 500,גרמים,500.00,100 גרם,false,,19.90,0.0398,true,1,6909696
7290112196385,false,אטריות מקמח כוסמין מלא 400 ג',,,אטריות מקמח כוסמין מ,גרמים,400.00,100 גרם,false,,14.90,0.0373,true,1,6763697
7290112196408,false,קונכיות מקמח כוסמין מלא 400 גר,,,קונכיות מקמח כוסמין,גרמים,400.00,100 גרם,false,,14.90,0.0373,true,1,6763699
7290112196774,false,ביסקוויט כוסמין חצי מצופה 175 גרם,,,ביסקוויט חצי מצופה כ,גרמים,175.00,100 גרם,false,,11.90,0.0680,true,1,6790852
7290112196798,false,קמח כוסמין 8מלא מנופה 1קג,,,קמח כוסמין 8מלא מנופ,יח',1.00,יח',false,,16.90,16.9000,true,1,6796956
7290112196804,false,קמח כוסמין 80% מנופה 1קג,,,קמח כוסמין 80% מנופה,יח',1.00,יח',false,,16.90,16.9000,true,1,6791545
7290112196927,false,מארז סנסודיין רביעייה פרש מינט-ירוק,גלקסוס סמית קליין,GB,מארז סנסודיין רביעיי,יח',1.00,יח',false,,49.90,49.9000,true,1,6807426
7290112197085,false,"סטייל - סבון מעוצב פריז 500 מ""ל",רנקסאן פלסטיק יאנגר,TR,סבון מעוצב פריז 500,מטרים,500.00,100 מ'ל,false,,9.90,0.0198,true,1,6877212
7290112197092,false,"סטייל - סבון מעוצב ניו יורק 500 מ""ל",רנקסאן פלסטיק יאנגר,TR,סבון מעוצב ניו יורק,מטרים,500.00,100 מ'ל,false,,9.90,0.0198,true,1,6877213
7290112197146,false,תחליף סוכר לכל מטרה טרוביה 360 גר*2,,US,זוג טרוביה תחליף סוכ,גרמים,720.00,100 גרם,false,,54.90,0.0762,true,1,6858452
7290112197207,false,מיני כריות בציפוי שוקולד חלב 70 גר,נטורל קייקס,IL,מיני כריות בציפוי שו,גרמים,70.00,100 גרם,false,,7.90,0.1129,true,1,6841356
7290112197238,false,מיני קורנפלקס בציפוי שוקולד חלב 70 גר,,,מיני קורנפלקס בציפוי,גרמים,70.00,100 גרם,false,,7.90,0.1129,true,1,6841359
7290112330352,false,"יוגורט PRO בטעם וניל 0% , 20 גרם חלבון בגביע","שטראוס בריאות בע""מ",IL,דנונה פרו 20ג וניל 0,גרמים,200.00,100 גרם,false,,5.90,0.0295,true,1,6000954
7290112330390,false,יוגורט PRO בטעם פירות יער 0% 20 גרם חלבון בגביע,"שטראוס בריאות בע""מ",IL,דנונה פרו 20ג פירות,גרמים,200.00,100 גרם,false,,5.90,0.0295,true,1,6000955
7290112330420,false,דנונה פרו לבן 2.9% שומן 150 ג',מיוצר עי קונדיטוריית,IL,דנונה פרו לבן 2.9%,גרמים,150.00,100 גרם,false,,4.50,0.0300,true,1,5760836
7290112332585,false,"פריכיות תפו""א, אורז בתיבול סלק ומלח חי 30 גר'","פרח תעשיו מזון בע""מ",IL,פריכיות תפוא אורז בת,גרמים,30.00,גרם,false,,4.90,0.1633,true,1,6125700
7290112332691,false,פינוקיות עוגיות קרם פסק זמן אגוזים 200 גרם,הגביע מוצרי ופלים בע,IL,עוגיית קרם פסק אגוזי,גרמים,200.00,100 גרם,false,,9.90,0.0495,true,1,6231792
7290112334596,false,שוקולית+10% תוספת 850 גר',שטראוס קפה בי.וי,IL,שוקולית 850+10% גרם,גרמים,935.00,100 גרם,false,,14.90,0.0159,true,1,6739066
7290112335487,false,פריכיות הטעימות קצח ודגנים אנרגי 135 גר,אנרג'י Energy - שטראוס,IL,פריכיות הטעימות קצח,גרמים,135.00,100 גרם,false,,9.90,0.0733,true,1,6180252
7290112335494,false,הפריכיות הטעימות תפוחי אדמה בטעם פוטטוס,"פרח תעשיות מזון בע""מ",IL,פריכיות הטעימות פוטט,גרמים,135.00,100 גרם,false,,9.90,0.0733,true,1,6180253
7290112335500,false,"פרכיות אנרג'י חומוס,אורז,עדשים שחורות וקינואה 135 גרם",אנרג'י Energy - שטראוס,IL,פריכיות הטעימות חלבו,גרמים,135.00,100 גרם,false,,9.90,0.0733,true,1,6180254
7290112336613,false,עד חצות עוגיות סנדוויץ במילוי שוקולד חלב,שטראוס גרופ,FR,עד חצות סנדוויץ' ביס,גרמים,135.00,100 גרם,false,,9.90,0.0733,true,1,6665640
7290112336637,false,סוכריות מאסט Must ללא סוכר יוגורט תות ואוכניות,שטראוס גרופ,PL,"סוכריות לל""ס יוגורט",גרמים,80.00,100 גרם,false,,6.90,0.0863,true,1,6426491
7290112336644,false,סוכריות מאסט ללא סוכר לימון 80 ג' עלית,שטראוס גרופ,PL,"סוכריות לל""ס לימון 8",גרמים,80.00,100 גרם,false,,6.90,0.0863,true,1,6426492
7290112336651,false,סוכריות מאסט ללא סוכר ריבת חלב 80 ג' עלית,שטראוס גרופ,PL,"סוכריות לל""ס ריבת חל",גרמים,80.00,100 גרם,false,,6.90,0.0863,true,1,6426493
7290112336712,false,יוגורט PRO לבן 0% 21 גרם חלבון בגביע,"שטראוס בריאות בע""מ",IL,דנונה פרו 21 0%,גרמים,200.00,100 גרם,false,,5.90,0.0295,true,1,5857572
7290112337474,false,סוכריות מאסט ללא סוכר פטל לימון 80 ג' עלית,שטראוס גרופ,PL,"סוכריות לל""ס פטל לימ",גרמים,80.00,100 גרם,false,,6.90,0.0863,true,1,6426494
7290112337481,false,סוכריות מאסט ללא סוכר קפצ''ינו 80 ג' עלית,שטראוס גרופ,PL,"סוכריות לל""ס קפוצינו",גרמים,80.00,100 גרם,false,,6.90,0.0863,true,1,6426495
7290112338877,false,מעדן גבינה בטעם תות 3% 125ג' סקי,"שטראוס בריאות בע""מ",IL,סקי תות 3% 125 גר,גרמים,125.00,100 גרם,false,,3.70,0.0296,true,1,5713488
7290112339171,false,מילקי מוס עם שוקולד וקצפת,מיוצר עי קונדיטוריית,IL,מילקי מוס 81 גר,גרמים,81.00,גרם,false,,3.30,0.0407,true,1,5713490
7290112339867,false,גמדים לדרך גבינה לבנה עם מחית תות,שטראוס,IL,גמדים סקוויז לדרך תו,גרמים,100.00,100 גרם,false,,5.40,0.0540,true,1,5760838
7290112339874,false,גמדים לדרך גבינה לבנה עם מחיות תות ובננה,שטראוס,IL,גמדים סקוויז לדרך תו,גרמים,100.00,100 גרם,false,,5.40,0.0540,true,1,5760839
7290112340122,false,פריכיות טעימות 3 דגנים אנרגי 135 גר,אנרג'י Energy - שטראוס,IL,פריכיות הטעימות 3 דג,גרמים,135.00,100 גרם,false,,9.90,0.0733,true,1,6180255
7290112340276,false,פינוקיות עוגיות קרם קפה 200 גרם,הגביע מוצרי ופלים בע,IL,עוגיית קרם קפה נמס 2,גרמים,200.00,100 גרם,false,,9.90,0.0495,true,1,6231794
7290112340900,false,קפה טורקי האג נטול קפאין 200 גרם,הנסיך- מפעל לייצור ט,IL,האג קפה טורקי 200 גר,גרמים,200.00,100 גרם,false,,24.90,0.1245,true,1,6732502
7290112341556,false,אקטיביה עם צ'יה ותות 150 ג' דנונה,דנונה - שטראוס,IL,אקטיביה צ'יה ותות,גרמים,150.00,100 גרם,false,,4.50,0.0300,true,1,6371971
7290112341679,false,דנונה אקטיביה 3% שומן 200 גרם,מיוצר עי קונדיטוריית,IL,אקטיביה 3% 200 גרם,גרמים,200.00,100 גרם,false,,3.70,0.0185,true,1,6371926
7290112341686,false,מארז אקטיביה שמיניה 3% 150 גר*8,מיוצר עי קונדיטוריית,IL,יוגורט אקטיביה 3% 15,ליטרים,1.20,ליטר,false,,19.90,16.5833,true,1,6371972
7290112342102,false,סימפוניה גבינה במרקם שמנת בצל מקורמל 5%,"שטראוס בריאות בע""מ",IL,סימפוניה בצל מקורמל,גרמים,200.00,100 גרם,false,,10.40,0.0520,true,1,6661557
7290112343260,false,"יטבתה רוטב שמנת קלאסי 9% שומן 260 מ""ל",שטראוס גרופ,IL,רוטב שמנת קלאסי 9%,מיליליטרים,260.00,"100 מ""ל",false,,9.80,0.0377,true,1,6583236
7290112343420,false,"משקה חלב עם דגנים מלאים ובננה פרו יטבתה 350מ""ל",מחלבת יטבתה,IL,יטבתה פרו ארוחת בוקר,מיליליטרים,350.00,"100 מ""ל",false,,6.90,0.0197,true,1,6678924
7290112343499,false,חטיף צ'יטוס פאפס אפוי בטעם גבינה,"שטראוס פריטו ליי בע""",IL,ציטוס פופס 55 גר,יח',1.00,יח',false,,3.10,3.1000,true,1,6804338
7290112343512,false,ציטוס 160 גרם 9 יחידות puffs,"שטראוס פריטו ליי בע""",IL,ציטוס פופס 160 גר,100 יח,160.00,100 יח,false,,6.90,0.0431,true,1,6804339
7290112344564,false,רביולי גבינה קלאסי שטראוס 400 ג',מיוצר עי קונדיטוריית,IL,רביולי גבינה,גרמים,300.00,100 גרם,false,,19.80,0.0660,true,1,6371998
7290112344724,false,מעדן בטעם שוקולד בלונדי 170 ג' מילקי,מיוצר עי קונדיטוריית,IL,מילקי טעם שוקולד בלנ,גרמים,133.00,100 גרם,false,,3.30,0.0248,true,1,6583240
7290112344755,false,מילקי שוקולד 26% פחות סוכר 135 גרם,מיוצר עי קונדיטוריית,IL,מילקי 26% פחות סוכר,מיליליטרים,135.00,"100 מ""ל",false,,2.70,0.0200,true,1,6754672
7290112344786,false,קפה פלטינום קלאסיק 200 ג' עלית,הנסיך- מפעל לייצור ט,IL,פלטינום קלאסיק 200 ג,גרמים,200.00,100 גרם,false,,24.90,0.1245,true,1,6700501
7290112344953,false,סימפוניה חציל קלוי גבינה במקרם שמנת 5%,"שטראוס בריאות בע""מ",IL,סימפוניה חציל קלוי 5,גרמים,200.00,100 גרם,false,,10.40,0.0520,true,1,6762297
7290112346360,false,בפלות אחת אחת ופל בטעם שוקולד מצופה שוקולד,הגביע מוצרי וופלים ב,GR,בפלות אחת אחת בציפוי,גרמים,180.00,100 גרם,false,,11.90,0.0661,true,1,6680700
7290112346629,false,דנונה בר יוגורט+קורנפלקס מצופה שוקולד חלב ולבן 172 גרם,דנונה - שטראוס,IL,יוגורט דנונה קורנפלק,מיליליטרים,172.00,"100 מ""ל",false,,4.30,0.0250,true,1,6713638
7290112346773,false,יוגורט בטעם וניל 0% לייט אנד פרי 10 גרם חלבון בגביע,מיוצר עי קונדיטוריית,IL,דנונה לייט אנד פריי,גרמים,150.00,100 גרם,false,,4.30,0.0287,true,1,6762298
7290112346797,false,יוגורט אקטיביה שיבולת שועל ושזיף 150 גרם,מיוצר עי קונדיטוריית,IL,אקטיביה שיבולת שועל,גרמים,150.00,100 גרם,false,,4.50,0.0300,true,1,6700312
7290112346827,false,אקטימל ויטמין c פטל שמינייה 864 גרם,שטראוס גרופ,IL,אקטימל ויטמין סי פטל,מיליליטרים,864.00,"100 מ""ל",false,,19.90,0.0230,true,1,6752744
7290112347008,false,גמדים לדרך גבינה לבנה עם מחית תות ושיבולת שועל,מיוצר עי קונדיטוריית,IL,גמדים ארוחת בוקר עם,יח',1.00,יח',false,,5.40,5.4000,true,1,6583246
7290112348142,false,שעועית לבנה 380 גר' בקופסה טעם הטבע,שטראוס טעם הטבע,IT,שעועית לבנה 380גר קו,גרמים,380.00,100 גרם,false,,6.90,0.0182,true,1,6713705
7290112349606,false,מעדן גבינה ויוגורט תות בננה 88 ג' דניאלה,"שטראוס בריאות בע""מ",IL,דניאלה תות בננה 88 ג,מיליליטרים,88.00,"100 מ""ל",false,,3.90,0.0443,true,1,6823245
7290112349705,false,פומודורו רוטב עגבניות קלאסי לפסטה 350 גר' יד מרדכי,אמיליאנה קונסרב סוסי,IT,פומודורו רוטב עגבניו,גרמים,350.00,100 גרם,false,,10.90,0.0311,true,1,6681509
7290112349736,false,בזיליקום רוטב עגבניות לפסטה 350 גר' יד מרדכי,אמיליאנה קונסרב סוסי,IT,בזיליקום רוטב עגבניו,גרמים,350.00,100 גרם,false,,10.90,0.0311,true,1,6681510
7290112349750,false,פיצה רוטב עגבניות לפיצה 350 גר' יד מרדכי,אמיליאנה קונסרב ס.פ.,IT,רוטב עגבניות לפיצה 3,גרמים,350.00,100 גרם,false,,10.90,0.0311,true,1,6681512
7290112349897,false,מסטיק מאסט Must קוביות בטעם מנטה ללא סוכר,רוג'ר אנד רוג'ר,DE,מאסט קוביות מנטה 86,יח',1.00,יח',false,,13.90,13.9000,true,1,6700477
7290112350275,false,קפסולות לונגו למכונות נספרסו 55 גר,שטראוס קפה בי.וי,IL,קפסולות לונגו למכונת,יח',1.00,יח',false,,15.90,15.9000,true,1,6688185
7290112350312,false,קפסולות 15 קפה יותר למכונות נספרסו עלית 10יח',הנסיך- מפעל לייצור ט,IL,קפסולות 15 למכונת נס,יח',1.00,יח',false,,15.90,15.9000,true,1,6739067
7290112350589,false,ציקו אבקה להכנת משקה ציקוריה 65 גר,שטראוס קפה בי.וי,IL,קפה צ'יקו 65 גר,גרמים,65.00,100 גרם,false,,9.90,0.1523,true,1,6724057
7290112351067,false,סילאן טבעי 100% תמר מג'הול ללא תוספת סוכר,יד מרדכי,IL,סילאן טבעי לחיץ 630,מיליליטרים,630.00,"100 מ""ל",false,,23.90,0.0379,true,1,6701096
7290112351258,false,עוגיית קקאו פינוקיות שחור לבן 200 גר,הגביע מוצרי ופלים,IL,פינוקיות שחור לבן 2,גרמים,200.00,100 גרם,false,,9.90,0.0495,true,1,6732503
7290112351463,false,שלישיית סוכריות מאסט FRESH פטל לימון 45 ג' עלית,עלית,,שלישיית סוכריות רפרש,יח',1.00,יח',false,,7.90,7.9000,true,1,6713660
7290112351524,false,עלי סלנובה 200 גר' שטראוס,שטראוס בריאות ירקות,IL,עלי סלנובה 200 גר' ש,גרמים,200.00,100 גרם,false,,11.90,0.0595,true,1,6725183
7290112353887,false,"משקה קפה קר בטעם אגוזים יטבתה 230 מ""ל",האי נאם סי או אל.טי.,AT,משקה קפה קר טעם אגוז,גרמים,230.00,100 גרם,false,,7.50,0.0326,true,1,6721574
7290112354235,false,ברקטה פיצה - 2 יחידות במארז,סקרלינפיצה אס.אר.אל,IT,דלישס ברקטה פיצה 300,גרמים,300.00,100 גרם,false,,16.90,0.0563,true,1,6808509
7290112354242,false,"קונוס פיצה ""דלישס"" שטראוס",,IL,דלישס קונוס פיצה 280,גרמים,280.00,100 גרם,false,,25.90,0.0925,true,1,6808510
7290112354945,false,חטיף תפוצ'יפס WAVY בטעם טבעי,שטראוס פריטו ליי בע”,IL,תפוצ'יפס בטעם טבעי 5,גרמים,50.00,100 גרם,false,,3.50,0.0700,true,1,6916273
7290112354952,false,חטיף תפוצ'יפס WAVY בטעם פפריקה,שטראוס פריטו ליי בע”,IL,תפוצ'יפס בטעם פפריקה,גרמים,50.00,100 גרם,false,,3.50,0.0700,true,1,6916274
7290112354969,false,תפוצ'יפס בטעם טבעי 200 גרם היתר מכירה,שטראוס פריטו ליי בע”,IL,תפוצ'יפס בטעם טבעי 2,גרמים,200.00,100 גרם,false,,9.90,0.0495,true,1,6916246
7290112355027,false,דנונה פרו 20 גרם חלבון קרמל מלוח 200 גרם,"שטראוס בריאות בע""מ",IL,דנונה פרו 20ג קרמל מ,גרמים,200.00,100 גרם,false,,5.90,0.0295,true,1,6754676
7290112355102,false,גמדים סקוויז 100 גרם פאוץ סלט פירות 100 גרם,"שטראוס בריאות בע""מ",IL,גמדים פאוץ סלט פירות,גרמים,100.00,100 גרם,false,,5.40,0.0540,true,1,6762262
7290112355263,false,רוטב שמנת עם שוקולד 9% שומן 260 ג' יטבתה,מחלבת יטבתה,IL,רוטב שמנתעם שוקולד 9,מיליליטרים,250.00,"100 מ""ל",false,,9.80,0.0392,true,1,6850403
7290112355393,false,"יטבתה רוטב שמנת+בטטה 9% שומן 250 מ""ל",שטראוס גרופ,IL,רוטב שמנת עם בטטה 9%,מיליליטרים,257.00,"100 מ""ל",false,,9.80,0.0381,true,1,6910852
7290112355812,false,מילקי טופ קורנפלקס 141 ג' שטראוס,"שטראוס גרופ בע""מ",IL,מילקי טופ קורנפלקס 1,גרמים,141.00,100 גרם,false,,4.50,0.0319,true,1,6864937
7290112357045,false,עגבניות איטלקיות מרוסקות 390 גר' בקופסה טעם הטבע,שטראוס טעם הטבע,IT,מחית עגבניות מרוסקות,גרמים,390.00,100 גרם,false,,6.20,0.0159,true,1,6713706
7290112357076,false,קוביות עגבניות איטלקיות 390 גר' בקופסה טעם הטבע,קונסרב איטליה,IT,קוביות עגבניות איטלק,גרמים,390.00,100 גרם,false,,6.20,0.0159,true,1,6739068
7290112357083,false,טעם הטבע אפונה ירוקה 380 גרם קופסה,הדקלאים אגודת שיתופי,IT,אפונת גינה 380 גר,גרמים,380.00,100 גרם,false,,6.90,0.0182,true,1,6713670
7290112357106,false,שעועית אדומה 380 גר' בקופסה טעם הטבע,שטראוס טעם הטבע,IT,שעועית אדומה 380גר ק,גרמים,380.00,100 גרם,false,,6.90,0.0182,true,1,6713708
7290112357113,false,גרגרי חומוס בקופסה 380 גר' טעם הטבע,שטראוס טעם הטבע,IT,גרגירי חומוס 380 גר,גרמים,380.00,100 גרם,false,,6.90,0.0182,true,1,6713709
7290112357892,false,סוכריות FRESH מנטה שלישיה 3*15 גר',הליקון גידה,TR,שלישיית סוכריות רפרש,יח',1.00,יח',false,,7.90,7.9000,true,1,6713665
7290112358004,false,פסק זמן קראנצ' עלית 32 גרם,שולן צ'יקולטה גידה ס,IL,פסק זמן קראנצ' עלית,גרמים,32.00,100 גרם,false,,4.90,0.1531,true,1,6751937
7290112358127,false,דנונה פרו חלבון+מגנזיום- וניל ועוגיות 200 גרם,מיוצר עי קונדיטוריית,IL,דנונה פרו 20ג מגנזיו,גרמים,200.00,100 גרם,false,,6.20,0.0310,true,1,6752746
7290112358257,false,רוטב לעוף עם שזיפים יד מרדכי 300 גרם,יד מרדכי,IL,רוטב לעוף עם שזיפים,גרמים,300.00,100 גרם,false,,11.90,0.0397,true,1,6705894
7290112358554,false,מארז קפה נמס מנות אישיות לדרך 50.4 גר,שטראוס רומניה,RO,מארז נמס לדרך,יח',1.00,יח',false,,9.90,9.9000,true,1,6739069
7290112359384,false,עלית - קפה נמס אלפחורס ריבת חלב 100 גרם,שטראוס,IL,קפה נמס אלפחורס ריבת,גרמים,100.00,100 גרם,false,,14.90,0.1490,true,1,6743431
7290112490032,false,"נמס בכוס תירס קנור בד""ץ, זוגי 22.5X2 גרם,",יוניליוור,IL,"נמס בכוס תירס בד""ץ",גרמים,22.50,100 גרם,false,,6.50,0.2889,true,1,5405457
7290112490209,false,נמס בכוס מרק עגבניות עם קרוטונים רכיבים טבעיים,אתר חיפה אבקות - Foo,IL,נמס בכוס 100% רכיבים,יח',1.00,יח',false,,5.90,5.9000,true,1,5251140
7290112490216,false,נמס בכוס מרק עוף עם קרוטונים רכיבים טבעיים,אתר חיפה אבקות - Foo,IL,נמס בכוס טעם עוף וקר,גרמים,29.00,100 גרם,false,,5.90,0.2034,true,1,5251141
7290112490230,false,קנור מרק נמס בכוס אפונה רכיבים טבעיים,אתר חיפה אבקות - Foo,IL,נמס בכוס 100% אפונה,גרמים,25.00,100 גרם,false,,5.90,0.2360,true,1,5251142
7290112490582,false,חרדל צרפתי דיז'ון 350 גר'-הלמנס,הלמנס hellmann's,FR,חרדל צרפתי דיז'ון 35,גרמים,350.00,100 גרם,false,,11.90,0.0340,true,1,5251143
7290112490650,false,קונפיטורה תות שדה 340 גרם-צנצנת,קונפיטורות לה-ארדניי,IL,קונפיטורה תות 778 50,גרמים,340.00,100 גרם,false,,11.90,0.0350,true,1,5251145
7290112490667,false,קונפיטורה משמש778 50% פרי 340 גר',אתר חיפה 778 - Food,IL,קונפיטורה משמש778 50,גרמים,340.00,100 גרם,false,,11.90,0.0350,true,1,5251146
7290112490674,false,קונפיטורה דובדבנים 778 50% פרי 340 גר-,אתר חיפה 778 - Food,IL,קונפיטורה דובדבנים 7,גרמים,340.00,100 גרם,false,,11.90,0.0350,true,1,5251147
7290112490698,false,קונפיטורה תות שדה לייט 300 גרם-צנצנת,אתר חיפה 778 - Food,IL,קונפיטורה תות לייט 5,גרמים,260.00,100 גרם,false,,12.90,0.0496,true,1,5251149
7290112490728,false,מרק עשיר ירקות עם בורגול רכיבים טבעיים 95 ג' קנור,יוניליוור ישראל מזון,IL,מרק עשיר ירקות בורגו,גרמים,95.00,100 גרם,false,,11.90,0.1253,true,1,5405459
7290112490742,false,מרק עשיר פטריות עם גריסים רכיבים טבעיים 104 ג' קנור,יוניליוור,IL,קנור מרק עשיר פטריות,גרמים,104.00,100 גרם,false,,11.90,0.1144,true,1,5405461
7290112490827,false,תרסיס ריחני למייבש הכביסה בדין בייבי 500,"זוהר דליה, קיבוץ דלי",IL,בדין תרסיס למייבש בי,מיליליטרים,500.00,"100 מ""ל",false,,14.90,0.0298,true,1,5405487
7290112490896,false,"קנור רוטב צ'ילי חריף 370 מ""ל PAL",אתר חיפה 778,IL,רוטב צ'ילי חריף קנור,מיליליטרים,370.00,"100 מ""ל",false,,9.90,0.0268,true,1,5561348
7290112491701,false,ברנפלקס בטעם וניל מעודן 20% חלבון Extra Protein,יוניליוור ישראל מזון,IL,ברנפלקס אקסטרא פרוטי,גרמים,375.00,100 גרם,false,,19.90,0.0531,true,1,5650098
7290112491770,false,בייגלה דקים דקים מלח ב.בייגל 300 גר',בייגל את בייגל מזון,IL,בייגלה דקים עם מלח 3,גרמים,300.00,100 גרם,false,,9.90,0.0330,true,1,5519593
7290112491787,false,בייגלה דקים דקים שומשום קלאסי 300 גרם,בייגל בייגל BB,IL,בייגלה דקים ושומשום,גרמים,300.00,100 גרם,false,,9.90,0.0330,true,1,5519594
7290112491794,false,בייגלה דקים דקים בטעם שמנת בצל 300 גרם,בייגל בייגל BB,IL,בייגלה דקים שמנת בצל,גרמים,300.00,100 גרם,false,,9.90,0.0330,true,1,5696021
7290112492500,false,פינוק שמפו לשיער עם שמן קוקוס 700 מל,"יוניליור ישראל, טיפו",IL,פינוק שמפו שמן קוקוס,מיליליטרים,750.00,"100 מ""ל",false,,11.90,0.0159,true,1,6703982
7290112492579,false,פינוק מרכך בתוספת שמן קוקוס 700 מל-חדש,אתר ליוור - HPC,IL,פינוק מרכך בתוספת שמ,מיליליטרים,700.00,"100 מ""ל",false,,11.90,0.0170,true,1,6549284
7290112492593,false,תחליב רחצה פינוק בניחוח פינוק קלאסי 700,אתר ליוור - HPC,IL,פינוק תחליב רחצה קלא,מיליליטרים,700.00,"100 מ""ל",false,,9.90,0.0141,true,1,6549285
7290112492609,false,"תחליב רחצה פינוק 700 מ""ל לבנדר ווניל",אתר ליוור - HPC,IL,פינוק תחליב רחצה לבנ,מיליליטרים,700.00,"100 מ""ל",false,,9.90,0.0141,true,1,6549286
7290112492678,false,פינוק שמפו לשיער רגיל אריזת נסיעות 100 מ,יוניליוור ישראל טיפו,IL,פינוק שפורפרת שמפו ק,מטרים,100.00,100 מ'ל,false,,4.90,0.0490,true,1,6703435
7290112492692,false,פינוק תחליב רחצה קלאסי אריזת נסיעות 100,יוניליוור ישראל טיפו,IL,פינוק שפורפרת תחליב,מטרים,100.00,100 מ'ל,false,,4.90,0.0490,true,1,6703454
7290112492746,false,"פינוק מרכך ללא דמעות לסירוק קל לילדים 700 מ""ל",אתר ליוור - HPC,IL,פינוק מרכך לסירוק קל,מיליליטרים,750.00,"100 מ""ל",false,,11.90,0.0159,true,1,6717214
7290112492982,false,"אבקת מרק פטריות כשל""פ 100% רכיבים טבעיים 400 גרם",יוניליוור ישראל מזון,IL,קנור מרק פטריות רכיב,גרמים,400.00,100 גרם,false,,18.90,0.0472,true,1,6593552
7290112492999,false,קנור מרק עוף אמיתי 400 גרם פרווה,יוניליוור ישראל מזון,IL,קנור מרק טעם עוף 400,גרמים,400.00,100 גרם,false,,11.90,0.0298,true,1,6633026
7290112493088,false,נמס בכוס עדשים מרק רכיבים טבעיים קנור 54 ג',אתר חיפה אבקות - Foo,IL,נמס בכוס עדשים חריף,גרמים,24.00,2 גרם,false,,6.50,0.2708,true,1,6156690
7290112493095,false,נמס בכוס מרק עגבניות חריף רכיבים טבעיים קנור 48 ג',אתר חיפה אבקות - Foo,IL,נמס בכוס עגבניות חרי,גרמים,56.00,2 גרם,false,,6.50,0.1161,true,1,6156691
7290112493293,false,קנור - נמס ירקות וקרוטונים ר.טבעי 44 גרם,אתר חיפה אבקות - Foo,IL,נמס בכוס ירקות קרוטו,גרמים,24.00,2 גרם,false,,5.90,0.2458,true,1,6156692
7290112493927,false,גלידה בטעם ריבת חלב 1.33ל' קרמיסימו,"גלידת שטראוס בע""מ, ר",IL,קרמיסימו ריבת חלב 1.,קילוגרמים,1.33,"ק""ג",false,,17.90,13.4586,true,1,6593631
7290112493934,false,גלידה וניל צרפתי 1.33ל' קרמיסימו,"גלידת שטראוס בע""מ, ר",IL,קרמיסימו וניל צרפתי,קילוגרמים,1.33,"ק""ג",false,,17.90,13.4586,true,1,6593632
7290112493965,false,קרמיסימו חלבית בטעם מסטיק וניל 665 גר,"גלידת שטראוס בע""מ, ר",IL,קרמיסימו מסטיגם 1.33,קילוגרמים,1.33,"ק""ג",false,,17.90,13.4586,true,1,6593633
7290112494153,false,תיבולית ניחוח צלי קנור 72 גרם,יוניליוור ישראל מזון,IL,תיבולית ניחוח צלי 72,גרמים,200.00,100 גרם,false,,7.40,0.0370,true,1,6681850
7290112494382,false,פירה בטעם ביתי 260 גרם-קופסא,יוניליוור ישראל מזון,IL,קנור פירה ביתי 260 ג,גרמים,260.00,100 גרם,false,,8.90,0.0342,true,1,6467954
7290112494610,false,קנור רוטב עגבניות פיקנטי לדג 415 גרם,קונסורזיו קאסאלאסקו,IT,קנור רוטב עגבניות פי,גרמים,415.00,100 גרם,false,,9.90,0.0239,true,1,6633006
7290112494795,false,"ג'ל לכביסה לבנה וצבעונית בניחוח בדין כחול 2.5 ק""ג","זוהר דליה, קיבוץ דלי",IL,בדין ג'ל לכביסה כחול,יח',1.00,יח',false,,27.90,27.9000,true,1,6549291
7290112494825,false,תרחיץ פנים לעור רגיש מכיל 25% קרם לחות,אתר ליוור - HPC,IL,דאב תרחיץ פנים לעור,מיליליטרים,180.00,"100 מ""ל",false,,11.90,0.0661,true,1,6736941
7290112494832,false,תרחיץ פנים לכל סוגי העור מכיל 25% קרם לחות,אתר ליוור - HPC,IL,תרחיץ פנים לעור רגיל,מיליליטרים,180.00,"100 מ""ל",false,,11.90,0.0661,true,1,6736942
7290112495037,false,דגני בוקר בטעם שוקולד כדורים 375 ג' קוקומן,יוניליוור שפע ישראל,IL,קוקומן כדורים בדצ 37,גרמים,375.00,100 גרם,false,,18.90,0.0504,true,1,6504660
7290112495044,false,ציפי (פצפוצים) גריין בדצ 500גר,יוניליור שפע ישראל ב,IL,"קוקומן פיצפוצים בד""ץ",גרמים,375.00,100 גרם,false,,18.90,0.0504,true,1,6504661
7290112495112,false,נשנושים זעתר ב.בייגל 260ג',בייגל את בייגל מזון,IL,נשנושים זעתר 260 גרם,גרמים,260.00,100 גרם,false,,11.90,0.0458,true,1,6504663
7290112495280,false,ריבועי ברנפלקס קינמון 400 גרם,אתר שפע - Food,IL,ריבועי ברנפלקס קינמו,גרמים,400.00,100 גרם,false,,19.90,0.0497,true,1,6685838
7290112495488,false,קורנפלקס פתיתי תירס קלויים ללא גלוטן 500,"מולינו ניקולי S.p.A,",IT,קורנפלקס ללא גלוטן ת,גרמים,500.00,100 גרם,false,,13.90,0.0278,true,1,6685820
7290112495662,false,קרקר חיטה מלאה ופשתן בייגל בייגל 300 גרם,"מיוצר ע""י קוד יצרן A",IL,קרקר חיטה מלאה ופשתן,גרמים,300.00,100 גרם,false,,8.90,0.0297,true,1,6685792
7290112495754,false,"רטבי הלמנס לסלט 300 מ""ל אלף האיים",יוניליוור ישראל מזון,IL,הלמנס רוטב אלף האיים,מיליליטרים,305.00,"100 מ""ל",false,,9.90,0.0325,true,1,6686034
7290112495761,false,"הלמנס רוטב לחיץ אלף האיים לייט 290 מ""ל",יוניליוור ישראל מזון,IL,הלמנס רוטב לחיץ אלף,מיליליטרים,290.00,"100 מ""ל",false,,9.90,0.0341,true,1,6683513
7290112495792,false,הלמנס רוטב לסלט שום לייט 300 גר',יוניליוור ישראל מזון,IL,הלמנס רוטב שום לייט,מיליליטרים,300.00,"100 מ""ל",false,,9.90,0.0330,true,1,6682204
7290112495815,false,רוטב סלט חרדל דבש לייט הלמנס 305ג',יוניליוור ישראל מזון,IL,הלמנס רוטב חרדל ודבש,גרמים,305.00,100 גרם,false,,9.90,0.0325,true,1,6691321
7290112495976,false,פריכיות אורז בציפוי שוקולד חלב 35גר-חדש,גוד פוד פרודקטס Sp.z,PL,פריכיות אורז בציפוי,יח',1.00,יח',false,,3.90,3.9000,true,1,6701368
7290112495983,false,פרכיות פתיתבציפוי שוקולד חלב ושבבי קרמל מלוח 39 גר',גוד פוד פרודקטס Sp.z,PL,פריכיות אורז בציפוי,יח',1.00,יח',false,,3.90,3.9000,true,1,6701369
7290112496027,false,סירופ שוקולד 580 גרם-בקבוק,יוניליוור ישראל מזון,IL,אפיכל סירופ שוקולד 5,מיליליטרים,580.00,"100 מ""ל",false,,11.90,0.0205,true,1,6685842
7290112496034,false,סירופ מייפל אפיכל 580 גרם,יוניליוור ישראל מזון,IL,אפיכל סירופ מייפל 58,מיליליטרים,580.00,"100 מ""ל",false,,11.90,0.0205,true,1,6685843
7290112496287,false,פתית - צ'יפס בטטה בטעם טבעי 21 גרם,JLM גלובל פודס37 דרך,GB,פתית ציפס בטטה טעם ט,יח',1.00,יח',false,,4.90,4.9000,true,1,6711248
7290112496461,false,נמס בכוס אקסטרה מרק ירקות עם המון אטריות,יוניליוור ישראל מזון,IL,קנור נמס בכוס אקסטרה,יח',1.00,יח',false,,3.90,3.9000,true,1,6788462
7290112497000,false,פנטסטיק תרכיז ניקוי רב תכליתי בניחוח לימון,"זוהר דליה, קיבוץ דלי",IL,פנטסטיק סיף 1 ליטר-ח,יח',1.00,יח',false,,9.90,9.9000,true,1,6709888
7290112497031,false,רוטב עגבניות לקציצות קנור 415 גרם,יוניליוור,IT,רוטב עגבניות לקציצות,מיליליטרים,415.00,"100 מ""ל",false,,9.90,0.0239,true,1,6784107
7290112497369,false,"דאב - דאודורנט רול און לאישה טלק סופט 50 מ""ל",יוניליוור פיליפינים,GB,דאב רולאון טאלק 50 מ,גרמים,50.00,100 גרם,false,,14.90,0.2980,true,1,6758915
7290112497499,false,קליק טבלת שוקולד לבן עוגיות 85 גרם,אתר צפת טבלאות ותעשי,IL,קליק טבלת שוקולד לבן,גרמים,85.00,100 גרם,false,,4.90,0.0576,true,1,6788415
7290112497505,false,וזלין תחליב גוף בתוספת אלוורה 600 מל,וזלין Vaseline,US,וזלין תחליב גוף בתוס,מיליליטרים,618.00,"100 מ""ל",false,,19.90,0.0322,true,1,6718487
7290112497710,false,פינוק בייבי שמפו אל דמע לתינוקות 700 מל,יוניליוור,IL,פינוק בייבי שמפו אל,מטרים,970.00,100 מ'ל,false,,14.90,0.0154,true,1,6885673
7290112497864,false,אבקת מרק בטעם עוף רכיבים טבעיים 33% פחות נתרן 400 גרם,יוניליוור,IL,מרק טעם עוף 33% פחות,גרמים,400.00,100 גרם,false,,19.90,0.0497,true,1,6759225
7290112498007,false,גרנולה פרוטאין בתוספת חלבון שקדים וחמוציות תלמה 300 ג',חטיפי העמק,IL,גרנולה בתוספת חלבון,גרמים,300.00,100 גרם,false,,14.90,0.0497,true,1,6775231
7290112498069,false,#קוקומן ללא גלוטן כשלפ 375ג - חדש,"מולינו ניקולי S.p.A,",IL,קוקומן ללא גלוטן 375,גרמים,375.00,100 גרם,false,,17.90,0.0477,true,1,6765101
7290112498281,false,"אל סבון לידיים בתוספת שמן קוקוס פינוק 950 מ""ל",יוניליוור ישראל טיפו,TR,פינוק אלסבון לידיים,מטרים,1000.00,100 מ'ל,false,,11.80,0.0118,true,1,6788440
7290112498441,false,"קנור רוטב אסיאתי למוקפץ 300 מ""ל בד""ץ",אתר חיפה 778 - Food,IL,קנור רוטב אסיאתי למו,מיליליטרים,300.00,"100 מ""ל",false,,9.90,0.0330,true,1,6774540
7290112498526,false,"פתית צ'יפס עם בטטה סגולה בטעם שמנת ובצל, 22 גרם",JLM גלובל פודס37 דרך,GB,פתית ציפס בטטה סגולה,יח',1.00,יח',false,,4.90,4.9000,true,1,6793668
7290112498748,false,מיני סולרו וניל תות שדה 350 גרם,"מיוצר ע""י גלידת שטרא",IL,שטראוס מאגדת מיני סו,יח',1.00,יח',false,,19.50,19.5000,true,1,6765133
7290112498885,false,מאגדת גודי'ז תותים ושוקולד לבן 235 גרם,מנדלז סי.אר. פרודקשן,IL,מאגדת גודיז תותים וש,גרמים,240.00,100 גרם,false,,19.50,0.0813,true,1,6774545
7290112498915,false,מאגדת מיני מגנום שקדים מובחרים 250 ג',"מיוצר ע""י גלידת שטרא",IL,מאגדת מיני מגנום שקד,יח',1.00,יח',false,,24.90,24.9000,true,1,6788443
7290112498922,false,מאגדת מיני מגנום שוקולד לבן 250 ג',"מיוצר ע""י גלידת שטרא",IL,מאגדת מיני מגנום לבן,יח',1.00,יח',false,,24.90,24.9000,true,1,6788444
7290112499097,false,מאגדת מיני מגנום מריר Intense Dark! 240 גרם,"מיוצר ע""י גלידת שטרא",IL,מגנום מיני שוקולד מר,יח',1.00,יח',false,,24.90,24.9000,true,1,6831668
7290112499189,false,"גלידת קרמיסימו חד קרן וניל תות, 1.33 ליטר","גלידת שטראוס בע""מ, ר",IL,קרמיסימו חד קרן,ליטרים,1.33,ליטר,false,,17.90,13.4586,true,1,6872305
7290112499196,false,גלידה בטעם החלב של הקורנפלקס 1.33 ל' קרמיסימו,"גלידת שטראוס בע""מ, ר",IL,קרמיסימו חלב קורנפלק,ליטרים,1.33,ליטר,false,,17.90,13.4586,true,1,6872306
7290112499219,false,מאגדת מיני גודיז פיסטוק ושוקולד 235 ג' שטראוס,"גלידת שטראוס בע""מ, ר",IL,מאגדת גודיז פיסטוק ש,גרמים,240.00,100 גרם,false,,19.90,0.0829,true,1,6849837
7290112499226,false,גלידונית קרמיסימו פיסטוק בננה 630 גרם,שטראוס גרופ גלידות,IL,גלידונית קרמיסימו פי,גרמים,630.00,100 גרם,false,,39.80,0.0632,true,1,6908175
7290112499455,false,פינוק תחליב רחצה 700 בתוספת שמן מרוקאי,יוניליוור ישראל טיפו,IL,פינוק תחליב רחצה שמן,מיליליטרים,700.00,"100 מ""ל",false,,9.90,0.0141,true,1,6784111
7290112499493,false,"רקסונה - דאודורנט ספריי לאישה אלוורה 150 מ""ל",יונילוור ארגנטינה -,RU,רקסונה ספריי נשים במ,מיליליטרים,150.00,"100 מ""ל",false,,9.90,0.0660,true,1,6831663
7290112499509,false,"רקסונה - דאודורנט ספריי לאישה בניחוח אפרסק ולמון גראס 150 מ""ל",קוסטר - תורכיה,RU,רקסונה דאו אפרסק 150,מטרים,150.00,100 מ'ל,false,,9.90,0.0660,true,1,6885726
7290112499776,false,גלידת שמנת מופחתת שומן וקלוריות בטעם שוקולד לבן 240 גרם,"גלידת שטראוס בע""מ, ר",IL,מאגדת גודיז 3 שוקולד,גרמים,240.00,100 גרם,false,,19.50,0.0813,true,1,6691325
7290112499844,false,מאגדת מיני מגנום דואט שוקולד עם נוגט 5 יח' שטראוס,"מיוצר ע""י גלידת שטרא",IL,מגנום מיני דואט שוקו,יח',1.00,יח',false,,24.90,24.9000,true,1,6651108
7290112499943,false,מיני מאגדת מיני מגנום טעמים שונים וניל+שוקו,"מיוצר ע""י גלידת שטרא",IL,מגנום מיני חוף השנהב,יח',1.00,יח',false,,24.90,24.9000,true,1,6651109
7290112499974,false,מאגדת מיני פסק זמן על מקל,"גלידת שטראוס בע""מ, ר",IL,מאגדת מיני שלגון פסק,גרמים,280.00,100 גרם,false,,21.90,0.0782,true,1,6703195
7290112703187,false,נרות אותיות HB כסף,,,נר אותיות,יח',1.00,יח',false,,9.00,9.0000,true,1,6234223
7290112703194,false,נרות אותיות HB זהב,,,נר אותיות,יח',1.00,יח',false,,9.00,9.0000,true,1,6234224
7290112707277,false,בקבוק נירוסטה מעוצב 500 מל - חד קרן,,,בקבוק נירוסטה מעוצב,יח',1.00,יח',false,,19.90,19.9000,true,1,6231895
7290112707482,false,זיקוק 15 סמ 6 יח 80 בקרטון 5גר כסף,,CN,זיקוק 15 סמ,יח',1.00,יח',false,,14.00,14.0000,true,1,6231857
7290112707499,false,זיקוק 15 סמ 6 יח 80 בקרטון 5גר צבעוני,,,זיקוק 15 סמ,יח',1.00,יח',false,,14.00,14.0000,true,1,6231858
7290112870162,false,ממרח צ'מיצ'ורי 190ג,,,ממרח צ'מיצ'ורי 190ג,גרמים,190.00,100 גרם,false,,10.90,0.0574,true,1,5218681
7290112870179,false,ממרח פלפל אדום 190ג,,,ממרח פלפל אדום 190ג,גרמים,190.00,100 גרם,false,,10.90,0.0574,true,1,5218682
7290112870551,false,ממרח אריסה 190 ג רמילוי,,,ממרח אריסה 190 ג רמי,גרמים,190.00,100 גרם,false,,10.90,0.0574,true,1,5880010
7290112870575,false,ממרח שום 190 ג רמילוי,,,ממרח שום 190 ג רמילו,גרמים,190.00,100 גרם,false,,10.90,0.0574,true,1,5880012
7290112880802,false,כוס טרמית,,,כוס טרמית,יח',1.00,יח',false,,9.90,9.9000,true,1,6926129
7290112885074,false,סט 3 קופסאות מחולקת צבעוני,,,סט 3 קופסאות מחולקת,יח',1.00,יח',false,,9.90,9.9000,true,1,6892022
7290112961266,false,בייגלה כפיות פיזור איטלקי 300 גרם אסם,"אסם תעשיות בע""מ",IL,בייגלה כפיות איטלקי,יח',1.00,יח',false,,9.90,9.9000,true,1,6096466
7290112961327,false,בייגלה כפיות פיזור כפרי 300 גרם אסם,"אסם תעשיות בע""מ",IL,בייגלה כפיות פיזור כ,יח',1.00,יח',false,,9.90,9.9000,true,1,6096467
7290112961372,false,פיטנס חטיפי פריכיות דקות קינמון 60 גרם,"פרח תעשיות מזון בע""מ",IL,פיטנס חטיפי פריכיות,גרמים,60.00,100 גרם,false,,7.80,0.1300,true,1,5697557
7290112961440,false,פיטנס חטיפי פריכיות שוקולד מריר 84 גרם,פרח תעשיות,IL,פיטנס בר חטיפי פריכי,יח',1.00,יח',false,,11.90,11.9000,true,1,6688768
7290112961464,false,פיטנס חטיפי פריכיות דגנים וחומוס מתובלות,"פרח תעשיות מזון בע""מ",IL,פיטנס חטיפי פריכיות,גרמים,60.00,100 גרם,false,,7.90,0.1317,true,1,5697558
7290112962287,false,טבעול שווארמה טבעונית 6*450 גרם,מיוצר עי קונדיטוריית,IL,טבעול שווארמה טבעוני,גרמים,450.00,100 גרם,false,,29.90,0.0664,true,1,6704423
7290112963321,false,גרטיפי בייגלה שטוח הכל ללא גלוטן 300 גר,מיוצר עי קונדיטוריית,IL,בייגלה שטוח ללא גלוט,גרמים,300.00,100 גרם,false,,11.90,0.0397,true,1,6697352
7290112963918,false,פיטנס חטיפי קרקר דק רוזמרין 140 גרם,נסטלה Nestle,IL,פיטנס קרקר דק רוזמרי,גרמים,140.00,100 גרם,false,,10.90,0.0779,true,1,6096386
7290112964434,false,אסם רוטב קיסר חדש לסלט 295 גרם,"אסם תעשיות בע""מ",IL,רוטב קיסר לסלט 290 מ,מיליליטרים,290.00,"100 מ""ל",false,,8.90,0.0307,true,1,6096439
7290112964472,false,אסם רוטב שום חדש לסלט 290 גרם,"אסם תעשיות בע""מ",IL,"רוטב שום לסלט 290 מ""",מיליליטרים,290.00,"100 מ""ל",false,,8.90,0.0307,true,1,6096441
7290112964601,false,רוטב בנוסח סצ'ואן הסדרה האסייתית,"אסם תעשיות בע""מ",IL,רוטב בנוסח סצואן אסם,מיליליטרים,290.00,"100 מ""ל",false,,10.90,0.0376,true,1,6013265
7290112964625,false,אסם רוטב שום לייט חדש לסלט 310 גרם,"אסם תעשיות בע""מ",IL,רוטב שום לייט לסלט 3,מיליליטרים,310.00,"100 מ""ל",false,,8.90,0.0287,true,1,6096443
7290112964724,false,המבורגר צמחוני עם המון חלבון 580 גר,מיוצר עי קונדיטוריית,IL,טבעול המבורגר טבעוני,גרמים,580.00,100 גרם,false,,29.90,0.0516,true,1,6294399
7290112965264,false,אסם זוג מרק נמס אפונה בדצ 14*30גרם,"אסם תעשיות בע""מ",IL,אסם זוג מרק נמס אפונ,יח',1.00,יח',false,,5.50,5.5000,true,1,6732463
7290112965288,false,אסם זוג מרק נמס ירקות בדצ10*30גרם,"אסם תעשיות בע""מ",IL,אסם זוג מרק נמס ירקו,יח',1.00,יח',false,,5.50,5.5000,true,1,6732464
7290112965301,false,זוג מרק נמס בטעם עוף עם שקדי מרק רגע חם,"אסם תעשיות בע""מ",IL,זוג מרק נמס טעם עוף,יח',1.00,יח',false,,5.50,5.5000,true,1,6555730
7290112965325,false,תבשיל אורז ספרדי אוסם 140 גרם,"אסם תעשיות בע""מ",IL,אורז ספרדי 140 גר,גרמים,140.00,100 גרם,false,,11.50,0.0821,true,1,6555854
7290112965684,false,פיטנס - חטיף מולטיגריין עשבי תיבול 25 גרם,מיוצר עי קונדיטוריית,IL,פיטנס חטיף מולטיגריי,יח',1.00,יח',false,,4.90,4.9000,true,1,6732466
7290112965707,false,פיטנס - חטיף מולטיגריין צילי מעודן 25 גרם,"אסם השקעות בע""מ",IL,פיטנס חטיף מולטיגריי,יח',1.00,יח',false,,4.90,4.9000,true,1,6732467
7290112965783,false,אוסם - ביסלי פריסטייל על האש 60 גרם,"אסם תעשיות בע""מ",IL,ביסלי פריסטייל על הא,גרמים,60.00,100 גרם,false,,3.90,0.0650,true,1,6787851
7290112965905,false,אסם בייגלה שמיניות במליחות מעודנת 400 גרם,מיוצר עי קונדיטוריית,IL,בייגלה שמיניות מלח ב,גרמים,300.00,100 גרם,false,,9.90,0.0330,true,1,6605349
7290112965943,false,טבעול נאגטס ירקות ירוקים 6*500גרם,טבעול תעשיות מזון בע,IL,טבעול נאגטס ירקות יר,גרמים,500.00,100 גרם,false,,27.50,0.0550,true,1,6696514
7290112965967,false,טבעול נאגטס ירקות כתומים 6*500גרם,טבעול תעשיות מזון בע,IL,טבעול נאגטס ירקות כת,גרמים,500.00,100 גרם,false,,27.50,0.0550,true,1,6696515
7290112966001,false,"טבעול גורמה ארוחת ירוקים, 450 גרם",טבעול (מקבוצת אסם הש,IL,טבעול גורמה ארוחת יר,גרמים,450.00,100 גרם,false,,29.90,0.0664,true,1,6833760
7290112966094,false,הבית עוגת תפוז מופחתת סוכר 400 גרם,מיוצר עי קונדיטוריית,IL,עוגת תפוז פחות סוכר,גרמים,400.00,100 גרם,false,,10.90,0.0273,true,1,6674645
7290112966247,false,לחמית כוסמין 200 ג' אסם,"אסם תעשיות בע""מ",IL,לחמית כוסמין 200 גרם,גרמים,200.00,100 גרם,false,,8.90,0.0445,true,1,6697355
7290112966445,false,במבה מתוקה אריזה גדולה 100 ג' אסם,"אסם תעשיות בע""מ",IL,במבה מתוקה 100 גרם,גרמים,100.00,100 גרם,false,,8.90,0.0890,true,1,6294403
7290112966766,false,צבר טחינה בלאדי חציל עגבניות ושום 350 גרם,שוורצקוף& הנקל דיסלד,IL,טחינה באלדי חציל 350,גרמים,350.00,100 גרם,false,,14.90,0.0426,true,1,6484088
7290112966780,false,צבר טחינה בלאדי עם חציל קלוי 350 גרם,שוורצקוף& הנקל דיסלד,IL,טחינה באלדי עם חציל,גרמים,350.00,100 גרם,false,,14.90,0.0426,true,1,6484089
7290112966841,false,אינסטנט פודינג בטעם שוקולד מריר 95 גרם,מיוצר עי קונדיטוריית,IL,אינסטנט פודינג בטעם,גרמים,95.00,100 גרם,false,,4.90,0.0516,true,1,6647890
7290112967114,false,פיטנס חטיפי פריכיות קטניות ופלפל 60 גרם,"פרח תעשיות מזון בע""מ",IL,פיטנס חטיפי פריכיות,יח',1.00,יח',false,,7.90,7.9000,true,1,6688186
7290112967138,false,בייגלה שמיניות ללא גלוטן 250 גרם אסם,מיוצר עי קונדיטוריית,IL,בייגלה שמיניות ללא ג,יח',1.00,יח',false,,9.90,9.9000,true,1,6605356
7290112967220,false,ביסלי מארז ברביקיו 20 גר'*10 יח' אסם,,,ביסלי ברבקיו מארז 10,גרמים,200.00,100 גרם,false,,13.90,0.0695,true,1,6697357
7290112967244,false,ביסלי גריל מארז 20 גר'*10 יח' אסם,,,ביסלי גריל מארז אחיד,גרמים,200.00,100 גרם,false,,13.90,0.0695,true,1,6722720
7290112967381,false,פיטנס חטיפי פריכיות קטניות ומלח ים 60 גר',"פרח תעשיות מזון בע""מ",IL,פיטנס חטיפי פריכיות,יח',1.00,יח',false,,7.90,7.9000,true,1,6688770
7290112967824,false,בישולים מיקס קלאסי אוסם 200 גרם,"אסם תעשיות בע""מ",IL,אסם בישולים מיקס קלא,גרמים,200.00,100 גרם,false,,17.90,0.0895,true,1,6680439
7290112967848,false,אסם ג'לי תות שדה מופחת סוכר 90 גרם,מיוצר עי קונדיטוריית,IL,ג'לי בטעם תות שדה מו,גרמים,85.00,100 גרם,false,,4.90,0.0576,true,1,6680440
7290112968203,false,צבר סלט טחינה בלאדי 6*250גרם,שוורצקוף& הנקל דיסלד,IL,צבר סלט טחינה בלאדי,גרמים,250.00,100 גרם,false,,9.90,0.0396,true,1,6680622
7290112968340,false,צבר חומוס גרוס גס גס 400 גרם,שוורצקוף& הנקל דיסלד,IL,חומוס גרוס גס גס צבר,גרמים,400.00,100 גרם,false,,12.90,0.0323,true,1,6685864
7290112968449,false,סלט טחינה כרוב אדום 250 גרם,שוורצקוף& הנקל דיסלד,IL,צבר סלט כרוב אדום 25,גרמים,250.00,100 גרם,false,,9.90,0.0396,true,1,6680623
7290112968807,false,פיטנס - קרקר דק סלק 140 גרם,מפעל אסם יקנעם,IL,פיטנס קרקר דק סלק 14,גרמים,140.00,100 גרם,false,,10.90,0.0779,true,1,6732469
7290112968821,false,פיטנס - קרקר דק בטטה 140 גרם,מפעל אסם יקנעם,IL,פיטנס קרקר דק בטטה 1,גרמים,140.00,100 גרם,false,,10.90,0.0779,true,1,6732470
7290113190375,false,סילאן טבעי שקדיה 900 גרם,ג.מ. טעם הארץ,TR,סילאן טבעי שקדיה 900,גרמים,900.00,100 גרם,false,,19.90,0.0221,true,1,6726679
7290113190467,false,אפונה שקית זיפר 1קג רמילוי,,,אפונה שקית זיפר 1קג,יח',1.00,יח',false,,7.50,7.5000,true,1,6034924
7290113190511,false,חומוס ענק שקית זיפר 1קג רמילוי,,,חומוס ענק שקית זיפר,קילוגרמים,1.00,"ק""ג",false,,13.90,13.9000,true,1,6034928
7290113190542,false,לוביה קלויה שקית זיפר 900גר רמילוי,,,לוביה קלויה שקית זיפ,גרמים,900.00,100 גרם,false,,16.90,0.0188,true,1,6034931
7290113190771,false,חלבה מסולסלת שוקו וניל שקדיה 300 גר,חיאל עמר שומרון,IL,חלבה מסולסלת שוקו ונ,גרמים,300.00,100 גרם,false,,13.90,0.0463,true,1,6871153
7290113191099,false,"סירופ מייפל טהור 250 מ""ל",שקדיה,IL,סירופ מייפל טהור 250,מיליליטרים,250.00,"100 מ""ל",false,,19.90,0.0796,true,1,6775755
7290113191921,false,סירופ מלבי 750 גרם,"פוליבה בע""ם",IL,"סירופ מלבי 750מ""ל",מטרים,750.00,100 מ'ל,false,,16.50,0.0220,true,1,6905383
7290113191938,false,"סירופ רוזטה בטעם שקדים 750 מ""ל","פוליבה בע""ם",IL,סירופ רוזטה בטעם שקד,מטרים,750.00,100 מ'ל,false,,16.50,0.0220,true,1,6905384
7290113192089,false,בוטנים מצופים בטעם תירס בקופסא,דין שיווק,IL,בוטנים מצופים טעם תי,יח',1.00,יח',false,,9.90,9.9000,true,1,6775735
7290113192218,false,תערובת להכנת מלבי 500 גרם,"שקדיה גבע תעשיות בע""",IL,תערובת להכנת מלבי 50,גרמים,500.00,100 גרם,false,,13.90,0.0278,true,1,6704478
7290113192300,false,זיתים מושחרים חרוזית 275 גרם בית השיטה,בית השיטה,IL,בית השיטה חרוזית מוש,גרמים,275.00,100 גרם,false,,8.90,0.0324,true,1,6605499
7290113192317,false,טבעות זיתים מושחרים 280 גרם בית השיטה,בית השיטה,IL,בית השיטה טבעות זיתי,גרמים,280.00,100 גרם,false,,10.70,0.0382,true,1,6605500
7290113192324,false,זיתים ירוקים ושלמים בינוניים 340 גרם,בית השיטה,IL,זיתים ירוקים 340 ג,גרמים,340.00,100 גרם,false,,8.90,0.0262,true,1,6605501
7290113192331,false,בית השיטה זיתים ירוקים גדולים 340 גרם*,בית השיטה,IL,בית השיטה זיתים ירוק,גרמים,340.00,100 גרם,false,,9.50,0.0279,true,1,6605502
7290113192348,false,בית השיטה זיתים ירוקים גדול מאודבטעם שום,בית השיטה,IL,בית השיטה זיתים ירוק,גרמים,340.00,100 גרם,false,,9.50,0.0279,true,1,6605503
7290113192355,false,חרוזית זיתים ירוקים ללא גלעין 275 ג' בית השיטה,בית השיטה,IL,בית השיטה חרוזית זית,גרמים,275.00,100 גרם,false,,9.50,0.0345,true,1,6605504
7290113192362,false,זיתים ירוקים טבעות A2 בית השיטה 280 גרם,בית השיטה,IL,בית השיטה טבעות זיתי,גרמים,280.00,100 גרם,false,,9.90,0.0354,true,1,6605505
7290113192386,false,בית השיטה זיתים ירוקים סורי מבוקע 340גרם,בית השיטה,IL,בית השיטה זיתים ירוק,גרמים,340.00,100 גרם,false,,9.80,0.0288,true,1,6605507
7290113192393,false,בית השיטה קוקטייל זיתים א2 336 גרם,בית השיטה,IL,בית השיטה קוקטייל זי,גרמים,340.00,100 גרם,false,,10.90,0.0321,true,1,6605508
7290113192478,false,בית השיטה מלפפונים במלח בינוני 10-12 320 גרם,בית השיטה,IL,בית השיטה מלפפון מלח,גרמים,320.00,100 גרם,false,,7.50,0.0234,true,1,6605516
7290113192485,false,בית השיטה מלפפונים בחומץ בינוני 10-12 290 גרם,בית השיטה,IL,בית השיטה מלפפון בחו,גרמים,290.00,100 גרם,false,,7.50,0.0259,true,1,6605517
7290113192492,false,בית השיטה מלפפונים בחומץ קטנים 1317 290 גרם,בית השיטה,IL,בית השיטה מלפפון בחו,גרמים,290.00,100 גרם,false,,10.50,0.0362,true,1,6605518
7290113192508,false,בית השיטה מלפפונים במלח קטן 1317 320 גרם,בית השיטה,IL,בית השיטה מלפפון במל,גרמים,320.00,100 גרם,false,,10.50,0.0328,true,1,6605519
7290113192515,false,בית השיטה מלפפונים במלח קטן מאוד 1825 320 גרם,בית השיטה,IL,בית השיטה מלפפון במל,גרמים,320.00,100 גרם,false,,11.50,0.0359,true,1,6605520
7290113192522,false,בית השיטה מלפפונים בחומץ קטן מאוד 1825 290 גרם,בית השיטה,IL,בית השיטה מלפפון בחו,גרמים,290.00,100 גרם,false,,11.50,0.0397,true,1,6605521
7290113192539,false,בית השיטה מלפפונים במלח גדול 79 320 גרם,בית השיטה,IL,בית השיטה מלפפון במל,גרמים,320.00,100 גרם,false,,6.30,0.0197,true,1,6605522
7290113192546,false,"מלפפונים בחומץ רכיבים טבעיים 7-9 ""בית השיטה""",בית השיטה,IL,בית השיטה מלפפון בחו,גרמים,290.00,100 גרם,false,,6.30,0.0217,true,1,6605523
7290113192560,false,בית השיטה פלפל שיפקה חריף כבוש 230 גרם,בית השיטה,IL,בית השיטה שיפקה 230,גרמים,230.00,100 גרם,false,,6.50,0.0283,true,1,6605525
7290113192577,false,בית השיטה כרוב כבוש חתוך 430 גרם,בית השיטה,IL,בית השיטה כרוב כבוש,גרמים,430.00,100 גרם,false,,6.90,0.0160,true,1,6605526
7290113192881,false,"טורטיה חיטה מופחת קלוריות, קוטר 20 ס""מ - 6 יח'",דין שיווק,TR,טורטיה חיטה מופחתת ק,גרמים,270.00,100 גרם,false,,9.90,0.0367,true,1,6693467
7290113192997,false,בית השיטה זית מרוקאי 340 גרם*,בית השיטה,IL,בית השיטה זית מרוקאי,גרמים,340.00,100 גרם,false,,11.90,0.0350,true,1,6683192
7290113193000,false,בית השיטה פלפל שיפקונית 230 גרם*,שוורצקוף& הנקל דיסלד,IL,בית השיטה פלפל שיפקו,גרמים,230.00,100 גרם,false,,9.90,0.0430,true,1,6683193
7290113193017,false,בית השיטה חרוזית קוקטייל זיתים 275 גרם,"אסם תעשיות בע""מ",IL,בית השיטה חרוזית קוק,גרמים,275.00,100 גרם,false,,11.50,0.0418,true,1,6683194
7290113193031,false,חרוזית קלמטה - זיתים שחורים ללא גלעין קלמטה,שוורצקוף& הנקל דיסלד,IL,בית השיטה חרוזית קלמ,גרמים,275.00,100 גרם,false,,11.50,0.0418,true,1,6683195
7290113193369,false,בית השיטה תרסיס שמן קנולה מזוכך 150 מל,פוד אירוסולס ספיין,ES,בית השיטה תרסיס שמן,מטרים,150.00,100 מ'ל,false,,11.90,0.0793,true,1,6849000
7290113193406,false,"קוקטייל טבעות זיתים - זיתים ירוקים, שחורים מרינד",בית השיטה,IL,בית השיטה זיתים טבעו,גרמים,280.00,100 גרם,false,,10.70,0.0382,true,1,6697360
7290113193888,false,חצילים מוחמצים 320 גרם בית השיטה,שוורצקוף& הנקל דיסלד,IL,חצילים מוחמצים 320 ג,גרמים,320.00,100 גרם,false,,8.90,0.0278,true,1,6756946
7290113194649,false,בית השיטה מלפפונים במלח קוביות 320 גרם,בית-השיטה עסיס תעשיו,IL,בית השיטה מלפפון במל,גרמים,320.00,100 גרם,false,,6.90,0.0216,true,1,6746382
7290113195066,false,חלבה טורקית בטעם וניל 400 גרם,,TR,חלבה טורקית טעם וניל,גרמים,400.00,100 גרם,false,,12.90,0.0323,true,1,6753381
7290113195073,false,חלבה טורקית עם פיסטוק 400 גר,,TR,חלבה טורקית עם פיסטו,גרמים,400.00,100 גרם,false,,14.90,0.0373,true,1,6753382
7290113195080,false,חלבה טורקית בטעם שוקו וניל 400 גרם,,TR,חלבה טורקית שוקו וני,גרמים,400.00,100 גרם,false,,12.90,0.0323,true,1,6753383
7290113196414,false,"אורז בסמטי 1 ק""ג כחול מטאלי שקדיה",דאבה סינג שאם סינג,IN,אורז בסמטי 1'ד שקדיה,קילוגרמים,1.00,"ק""ג",false,,9.70,9.7000,true,1,6805981
7290113197152,false,לבבות דקל שלם בצנצנת,שקדיה,IL,לבבות דקל 410ג במי מ,גרמים,410.00,100 גרם,false,,13.90,0.0339,true,1,6801835
7290113197169,false,חמאת בוטנים טבעית 510 גר,סופר נוטרי פודס,IN,חמאת בוטנים טבעית 51,גרמים,510.00,100 גרם,false,,15.90,0.0312,true,1,6883406
7290113197176,false,חמאת בוטנים עם שבבים 510 גר,סופר נוטרי פודס,IN,חמאת בוטנים עם שבבים,גרמים,510.00,100 גרם,false,,15.90,0.0312,true,1,6883373
7290113197800,false,בית השיטה פלפל קלוי 400 גרם,,,בית השיטה פלפל קלוי,גרמים,400.00,100 גרם,false,,11.90,0.0298,true,1,6849001
7290113197817,false,בית השיטה חציל קלוי 670 גרם,בית השיטה,,קציל קלוי 670 גר בית,גרמים,670.00,100 גרם,false,,11.90,0.0178,true,1,6849002
7290113199767,false,ממרח שקדים 300 גרם השקדיה,פפאיינס,TW,ממרח שקדים 300 גר,גרמים,300.00,100 גרם,false,,26.70,0.0890,true,1,6870356
7290113199774,false,ממרח בוטנים 300 גרם השקדיה,פפאיינס,TW,ממרח בוטנים 300 גר,גרמים,300.00,100 גרם,false,,13.70,0.0457,true,1,6870357
7290113199781,false,ממרח אגוזים ובוטנים 100% 200 גרם,פפאיינס,TW,ממרח אגוזים ובוטנים,גרמים,200.00,100 גרם,false,,14.70,0.0735,true,1,6870358
7290113199798,false,ממרח אגוזי קשיו 200 גר,פפאיינס,TW,ממרח אגוזי קשיו 200,גרמים,200.00,100 גרם,false,,25.90,0.1295,true,1,6870359
7290113300354,false,חטיף מקלות לחתול לה,,,לה קט סטיק עוף 30 גר,יחידה,0.00,יחידה,false,,9.90,0.0000,true,1,6905771
7290113302273,false,חטיף עוף קלציום כתום בונזו 80 ג',שינייה פט פוד,CN,חטיף בונזו עצם קלציו,יח',1.00,יח',false,,9.90,9.9000,true,1,6730217
7290113302303,false,חטיף בונזו סטיקים תרד ותרד 80 גר,,,חטיף בונזו סטיקים תר,יח',1.00,יח',false,,9.90,9.9000,true,1,6730220
7290113302310,false,בונזו בטטה רול 80 גרם,שינייה פט פוד,CN,בונזו בטטה רול 80 גר,יח',1.00,יח',false,,12.40,12.4000,true,1,6786657
7290113302358,false,חטיפי בנוזו עוף צורת סושי 80 גר,לנגי,CN,חטיפי בנוזו עוף צורת,יח',1.00,יח',false,,9.90,9.9000,true,1,6723257
7290113303591,false,חטיף בונזו סוויצוני עוף 80 גר,שינייה פט פוד,CN,חטיף בונזו סוויצוני,יח',1.00,יח',false,,12.90,12.9000,true,1,6816975
7290113303607,false,חטיף בונזו חטיפי עוף 80 גר,שינייה פט פוד,CN,חטיף בונזו חטיפי עוף,יח',1.00,יח',false,,12.90,12.9000,true,1,6816976
7290113305816,false,סופרים סלמון לכלב 400ג,,TR,סופרים סלמון לכלב 4,יח',1.00,יח',false,,4.00,4.0000,true,1,6923110
7290113305830,false,סופרים עוף לחתול 400ג,,TR,סופרים עוף לחתול 40,יח',1.00,יח',false,,4.00,4.0000,true,1,6923112
7290113305847,false,סופרים סלמון לחתול 400ג,,TR,סופרים סלמון לחתול,יח',1.00,יח',false,,4.00,4.0000,true,1,6923113
7290113310155,false,טופר אקרילי לעוגה- 1 יח- HB זהב,,,טופר אקרילי לעוגה,יח',1.00,יח',false,,9.90,9.9000,true,1,6231859
7290113313293,false,טופר לעוגה בלרינה עם טול,,,טופר לעוגה בלרינה עם,יח',1.00,יח',false,,5.00,5.0000,true,1,6231864
7290113316003,false,באנר משולשים לתלייה- לבן אולטרה,,,באנר משולשים לתלייה,יח',1.00,יח',false,,7.00,7.0000,true,1,6213671
7290113317567,false,שקית 10 מטאלי - לבן,,,שקית 10 מטאלי,יח',1.00,יח',false,,7.90,7.9000,true,1,6234380
7290113318861,false,בקבוק שתייה מפלסטיק 500מל - מיני,,,בקבוק לשתיה פלסטיק 5,יח',1.00,יח',false,,19.90,19.9000,true,1,6247169
7290113318885,false,"בקבוק שתייה מפלסטיק 500מ""ל - מתחת למים",,,בקבוק לשתיה פלסטיק 5,יח',1.00,יח',false,,19.90,19.9000,true,1,6247171
7290113460607,false,סוכר לבן 1קג רמילוי,,,סוכר לבן 1קג רמילוי,קילוגרמים,1.00,"ק""ג",false,,3.90,3.9000,true,1,5601033
7290113463547,false,"גבנ""צ פרוסה 28% 150ג רמילוי",,,"גבנ""צ פרוסה 28% 150ג",גרמים,150.00,100 גרם,false,,5.10,0.0340,true,1,6863614
7290113463561,false,"גבנ""צ פרוסה 28% 400גר רמילוי",,,"גבנ""צ פרוסה 28% 400ג",גרמים,400.00,100 גרם,false,,13.60,0.0340,true,1,6863615
7290113469969,false,גבינה מגורדת 300ג רמילוי,,,*מבצע* גבינה מגורדת,גרמים,300.00,100 גרם,false,,7.90,0.0263,true,1,6869014
7290113470002,false,תבנית גסטרונום ביתי,,,תבנית גסטרונום ביתי,יח',1.00,יח',false,,9.90,9.9000,true,1,6022399
7290113470026,false,גפרורים אקסטרה לארג',,,גפרורים XL,יח',1.00,יח',false,,5.90,5.9000,true,1,5946656
7290113470408,false,שטיח שנל 80*50,,,שטיח שנל 50*80,יח',1.00,יח',false,,29.90,29.9000,true,1,6022097
7290113470415,false,"מפות פירנצה חתוכות כסף 1.2*2.4 ס""מ (1יח')",,,מפות פירנצה חתוכות כ,יח',1.00,יח',false,,7.90,7.9000,true,1,6143112
7290113470705,false,צלחת נצנוצים 10 יחיד,,,צלחת נצנוצים 10 יחיד,יח',1.00,יח',false,,13.90,13.9000,true,1,6290851
7290113470941,false,כפפות ניטרל S שחור(100 יחידות ),,,כפפות ניטרל S שחור(1,יח',1.00,יח',false,,24.90,24.9000,true,1,6465526
7290113470958,false,כפפות ניטרל M שחור(100 יחידות ),,,כפפות ניטרל M שחור(1,יח',1.00,יח',false,,24.90,24.9000,true,1,6465527
7290113470965,false,כפפות ניטרל L שחור(100 יחידות ),,,כפפות ניטרל L שחור(1,יח',1.00,יח',false,,24.90,24.9000,true,1,6465528
7290113470972,false,כפפות ניטרל XL שחור(100 יחידות ),,,כפפות ניטרל XL שחור(,יח',1.00,יח',false,,24.90,24.9000,true,1,6465529
7290113471580,false,סבון אסלה לימון רמילוי,,,סבון אסלה לימון רמיל,יח',1.00,יח',false,,9.90,9.9000,true,1,6563437
7290113471719,false,סדין זוגי ג'רזי 1.60*200 לבן,,,סדין זוגי ג'רזי 1.60,יח',1.00,יח',false,,59.90,59.9000,true,1,6544007
7290113471726,false,סדין זוגי ג'רזי 1.60*200 אפור,,,סדין זוגי ג'רזי 1.60,יח',1.00,יח',false,,59.90,59.9000,true,1,6544008
7290113471870,false,ציפה זוגית לפוך ג'רז,,,ציפה זוגית לפוך ג'רז,יח',1.00,יח',false,,99.90,99.9000,true,1,6544023
7290113471955,false,זוג ציפה לכרית ג'רזי 50*70 לבן,,,זוג ציפה לכרית ג'רזי,יח',1.00,יח',false,,24.90,24.9000,true,1,6544030
7290113471962,false,זוג ציפה לכרית ג'רזי 50*70 אפור,,,זוג ציפה לכרית ג'רזי,יח',1.00,יח',false,,24.90,24.9000,true,1,6544031
7290113472495,false,עציץ נוי FLORIDA,,,עציץ נוי FLORIDA,יח',1.00,יח',false,,59.90,59.9000,true,1,6710926
7290113472914,false,מגן מזרן 160*200  זוגי,,,מגן מזרן 160*200  זו,יח',1.00,יח',false,,39.90,39.9000,true,1,6685277
7290113473577,false,כוסות פרימיום 250 מל,,,כוסות פרימיום 250 מל,יח',1.00,יח',false,,14.90,14.9000,true,1,6687963
7290113474017,false,צלחת עגולה גדולה (10 יח') עלי דקל,,,צלחת עגולה גדולה (10,יח',1.00,יח',false,,17.90,17.9000,true,1,6720511
7290113474024,false,צלחת עגולה קטנה (10 יח') עלי דקל,,,צלחת עגולה קטנה (10,יח',1.00,יח',false,,10.90,10.9000,true,1,6720512
7290113474031,false,צלחת עגולה בינונית (10 יח') עלי דקל,,,צלחת עגולה בינונית (,יח',1.00,יח',false,,15.90,15.9000,true,1,6720513
7290113474048,false,צלחת ריבועית גדולה (10 יח') עלי דקל,,,צלחת ריבועית גדולה (,יח',1.00,יח',false,,17.90,17.9000,true,1,6720514
7290113474062,false,צלחת ריבועית קטנה (10 יח') עלי דקל,,,צלחת ריבועית קטנה (1,יח',1.00,יח',false,,12.90,12.9000,true,1,6720516
7290113474079,false,צלחות מלבניות גדולות (10 יח') עלי דקל,,,צלחות מלבניות גדולות,יח',1.00,יח',false,,14.90,14.9000,true,1,6720517
7290113474086,false,קערות עגולות עמוקות (10 יח') עלי דקל,,,קערות עגולות עמוקות,יח',1.00,יח',false,,14.90,14.9000,true,1,6720518
7290113474376,false,זוג כפות הגשה ניו יורק לבן,,,זוג כפות הגשה ניו יו,יח',1.00,יח',false,,2.90,2.9000,true,1,6710264
7290113474574,false,שטיח כניסה,,,שטיח כניסה,יח',1.00,יח',false,,35.90,35.9000,true,1,6714587
7290113474642,false,זוג תחתוני נשים,,,זוג תחתוני נשים,יח',1.00,יח',false,,15.90,15.9000,true,1,6718006
7290113474659,false,זוג תחתוני נשים,,,זוג תחתוני נשים,יח',1.00,יח',false,,15.90,15.9000,true,1,6718007
7290113474673,false,זוג תחתוני נשים,,,זוג תחתוני נשים,יח',1.00,יח',false,,15.90,15.9000,true,1,6718009
7290113474697,false,זוג תחתוני גבר,,,זוג תחתוני גבר,יח',1.00,יח',false,,20.00,20.0000,true,1,6718011
7290113474703,false,זוג תחתוני גבר,,,זוג תחתוני גבר,יח',1.00,יח',false,,20.00,20.0000,true,1,6718012
7290113474727,false,זוג תחתוני גבר,,,זוג תחתוני גבר,יח',1.00,יח',false,,20.00,20.0000,true,1,6718014
7290113474819,false,כף פרימיום,,,כף פרימיום,יח',1.00,יח',false,,9.90,9.9000,true,1,6737526
7290113474925,false,גופיות פלנל לבן SIZE M,,,גופיות פלנל לבן SIZE,יח',1.00,יח',false,,24.90,24.9000,true,1,6734518
7290113474956,false,גופיות פלנל לבן SIZE L,,,גופיות פלנל לבן SIZE,יח',1.00,יח',false,,24.90,24.9000,true,1,6734521
7290113474987,false,גופיות פלנל שחור SIZE L,,,גופיות פלנל שחור SIZ,יח',1.00,יח',false,,24.90,24.9000,true,1,6734524
7290113474994,false,גופיות פלנל שחור SIZE XL,,,גופיות פלנל שחור SIZ,יח',1.00,יח',false,,24.90,24.9000,true,1,6734525
7290113475038,false,גופיות טרמי לבן SIZE L,,,גופיות טרמי לבן SIZE,יח',1.00,יח',false,,24.90,24.9000,true,1,6734528
7290113475052,false,גופיות טרמי לבן SIZE XXL,,,גופיות טרמי לבן SIZE,יח',1.00,יח',false,,24.90,24.9000,true,1,6734530
7290113475076,false,גופיות טרמי שחור SIZE M,,,גופיות טרמי שחור SIZ,יח',1.00,יח',false,,24.90,24.9000,true,1,6734532
7290113475083,false,גופיות טרמי שחור SIZE L,,,גופיות טרמי שחור SIZ,יח',1.00,יח',false,,24.90,24.9000,true,1,6734533
7290113475106,false,גופיות טרמי שחור SIZE XXL,,,גופיות טרמי שחור SIZ,יח',1.00,יח',false,,24.90,24.9000,true,1,6734535
7290113475410,false,כוסות יהלום 250 מל,,,כוסות יהלום 250 מל,יח',1.00,יח',false,,9.90,9.9000,true,1,6728597
7290113475434,false,קערת פסים גדולה,,,קערת פסים גדולה,יח',1.00,יח',false,,4.90,4.9000,true,1,6741411
7290113475700,false,קשיות נייר 50 יחידות,,,קשיות נייר 50 יחידות,יח',1.00,יח',false,,3.90,3.9000,true,1,6732689
7290113475854,false,סדין זוגי ג'רזי (1.60*200) BEIGE-61594,,,סדין זוגי ג'רזי (1.6,יח',1.00,יח',false,,59.90,59.9000,true,1,6734494
7290113475915,false,ציפה זוגית לפוך ג'רזי (220*200) BEIGE-61594,,,ציפה זוגית לפוך ג'רז,יח',1.00,יח',false,,99.90,99.9000,true,1,6734536
7290113475946,false,זוג ציפה לכרית ג'רזי (50*70) BEIGE-61594,,,זוג ציפה לכרית ג'רזי,יח',1.00,יח',false,,24.90,24.9000,true,1,6734539
7290113475953,false,זוג ציפה לכרית ג'רזי (50*70) PINK-42775,,,זוג ציפה לכרית ג'רזי,יח',1.00,יח',false,,24.90,24.9000,true,1,6734540
7290113475977,false,סדין מיטה וחצי ג'רזי (120*200*25) BEIGE-61594,,,סדין מיטה וחצי ג'רזי,יח',1.00,יח',false,,49.90,49.9000,true,1,6734542
7290113476028,false,סדין מיטה וחצי ג'רזי (120*200*25) NAVY-10821,,,סדין מיטה וחצי ג'רזי,יח',1.00,יח',false,,49.90,49.9000,true,1,6734544
7290113476035,false,סדין מיטה וחצי ג'רזי (120*200*25)WHITE-101,,,סדין מיטה וחצי ג'רזי,יח',1.00,יח',false,,49.90,49.9000,true,1,6734545
7290113476073,false,סדין מיטה וחצי ג'רזי (120*200*25) BLUE-72269,,,סדין מיטה וחצי ג'רזי,יח',1.00,יח',false,,49.90,49.9000,true,1,6734549
7290113476103,false,מגבת גוף (70*140) תכלת,,,מגבת גוף (70*140) תכ,יח',1.00,יח',false,,44.90,44.9000,true,1,6732126
7290113476127,false,מגבת גוף (70*140) אפור כהה,,,מגבת גוף (70*140) אפ,יח',1.00,יח',false,,44.90,44.9000,true,1,6732128
7290113476141,false,מגבת פנים 90*50 לבן,,,מגבת פנים 90*50 לבן,יח',1.00,יח',false,,19.90,19.9000,true,1,6732130
7290113476165,false,מגבת פנים (50*90) תכלת,,,מגבת פנים (50*90) תכ,יח',1.00,יח',false,,19.90,19.9000,true,1,6732132
7290113476172,false,מגבת פנים (50*90) בז',,,מגבת פנים (50*90) בז,יח',1.00,יח',false,,19.90,19.9000,true,1,6732133
7290113476189,false,מגבת פנים (50*90) אפור כהה,,,מגבת פנים (50*90) אפ,יח',1.00,יח',false,,19.90,19.9000,true,1,6732134
7290113476233,false,תבניות אלומניום עם מכסה,,,תבניות אלומניום עם מ,יח',1.00,יח',false,,9.90,9.9000,true,1,6723688
7290113476240,false,תבניות אלומניום עם מכסה,,,תבניות אלומניום עם מ,יח',1.00,יח',false,,11.90,11.9000,true,1,6723689
7290113476264,false,תבניות אלומניום,,,תבניות אלומניום,יח',1.00,יח',false,,9.90,9.9000,true,1,6723691
7290113476363,false,נרות לבן 50 יחידות,,,נרות לבן 50 יחידות,יח',1.00,יח',false,,11.90,11.9000,true,1,6743519
7290113476370,false,נרות ורוד 50 יחידות,,,נרות ורוד 50 יחידות,יח',1.00,יח',false,,11.90,11.9000,true,1,6743520
7290113478084,false,מפיות מודפסות,,,מפיות מודפסות,יח',1.00,יח',false,,4.90,4.9000,true,1,6755285
7290113478091,false,מפיות מודפסות,,,מפיות מודפסות,יח',1.00,יח',false,,4.90,4.9000,true,1,6755286
7290113478381,false,כפפות TPE כחול XL,,,כפפות TPE כחול XL,יח',1.00,יח',false,,9.90,9.9000,true,1,6774882
7290113478435,false,טי שרט לבן עגול M,,,טי שרט לבן עגול M,יח',1.00,יח',false,,20.90,20.9000,true,1,6806735
7290113478909,false,עציץ נוי TROPICAL,,,עציץ נוי TROPICAL,יח',1.00,יח',false,,19.90,19.9000,true,1,6774770
7290113479319,false,מגבת גוף איכותית (140*70) לבן,,,מגבת גוף איכותית (14,יח',1.00,יח',false,,44.90,44.9000,true,1,6781734
7290113479326,false,מגבת גוף איכותית (140*70) אפור,,,מגבת גוף איכותית (14,יח',1.00,יח',false,,44.90,44.9000,true,1,6781735
7290113479548,false,זוג תחתוני נשים XXL הי לג,,,זוג תחתוני נשים XXL,יח',1.00,יח',false,,20.00,20.0000,true,1,6806166
7290113479562,false,זוג תחתוני נשים L הי לג,,,זוג תחתוני נשים L הי,יח',1.00,יח',false,,20.00,20.0000,true,1,6806168
7290113479579,false,זוג תחתוני נשים M הי לג,,,זוג תחתוני נשים M הי,יח',1.00,יח',false,,20.00,20.0000,true,1,6806169
7290113479593,false,חמישית תחתוני נשים XL ביקיני,,,חמישית תחתוני נשים X,יח',1.00,יח',false,,39.90,39.9000,true,1,6806171
7290113479609,false,חמישית תחתוני נשים L ביקיני,,,חמישית תחתוני נשים L,יח',1.00,יח',false,,39.90,39.9000,true,1,6806172
7290113479708,false,גליל נייר מגבת מודפס איכותי למטבח,,,גליל נייר מגבת מודפס,יח',1.00,יח',false,,15.90,15.9000,true,1,6779452
7290113479760,false,מפיות מודפסות,,,מפיות מודפסות,יח',1.00,יח',false,,3.90,3.9000,true,1,6791265
7290113479814,false,תבנית פרימיום מלבנית,,,תבנית פרימיום מלבנית,יחידה,0.00,יחידה,false,,5.90,0.0000,true,1,6865715
7290113479852,false,מפיות דגם 1454,,,מפיות דגם 1454,יח',1.00,יח',false,,4.90,4.9000,true,1,6814610
7290113479869,false,מפיות דגם 1455,,,מפיות דגם 1455,יח',1.00,יח',false,,4.90,4.9000,true,1,6814611
7290113479883,false,כפפות TPE שחור L,,,כפפות TPE שחור L,יח',1.00,יח',false,,9.90,9.9000,true,1,6789162
7290113479890,false,כפפות TPE שחור XL,,,כפפות TPE שחור XL,יח',1.00,יח',false,,9.90,9.9000,true,1,6789163
7290113479906,false,שמיכת evrest 150*200,,,שמיכת evrest 150*200,יח',1.00,יח',false,,49.90,49.9000,true,1,6802818
7290113479951,false,תבנית פרימיום עגולה,,,תבנית פרימיום עגולה,יחידה,0.00,יחידה,false,,7.90,0.0000,true,1,6865719
7290113479975,false,תבנית פרימיום עגולה,,,תבנית פרימיום עגולה,יחידה,0.00,יחידה,false,,8.90,0.0000,true,1,6865721
7290113560055,false,פרודונטקס מי פה טיפול יומי לחניכיים 500,פרודונטקס Parodontax,GB,פרודונטקס מי פה טיפו,מיליליטרים,500.00,"100 מ""ל",false,,29.90,0.0598,true,1,6723889
7290113560062,false,"סנסודיין - משחת שיניים להלבנה עדינה משאבה 100 מ""ל",סנסודיין Sensodyne,GB,סנסודיין משאבה הלבנה,יח',1.00,יח',false,,24.90,24.9000,true,1,6711254
7290113560109,false,פרודונטקס מ.שיניים בטעם צמחי 75 מל,פרודונטקס Parodontax,SK,פרודונטקס טעם צמחי 7,יח',1.00,יח',false,,30.90,30.9000,true,1,6750712
7290113560277,false,זוג מברשות שיניים רפיד רליף סנסודיין,גלקסוס סמית קליין,CN,זוג מברשות שיניים רפ,יחידה,0.00,יחידה,false,,29.90,0.0000,true,1,6899364
7290113592001,false,נר גדול ספרה 2 עם מעמד שחור - כסף מטאלי,,,נר גדול ספרה 2 עם מע,יח',1.00,יח',false,,6.90,6.9000,true,1,6234225
7290113592650,false,נר גדול ספרה 0 עם מעמד שחור - כסף מטאלי,,,נר גדול ספרה 0 עם מע,יח',1.00,יח',false,,6.90,6.9000,true,1,6234226
7290113592667,false,נר גדול ספרה 1 עם מעמד שחור - כסף מטאלי,,,נר גדול ספרה 1 עם מע,יח',1.00,יח',false,,6.90,6.9000,true,1,6234227
7290113592674,false,נר גדול ספרה 3 עם מעמד שחור - כסף מטאלי,,,נר גדול ספרה 3 עם מע,יח',1.00,יח',false,,6.90,6.9000,true,1,6234228
7290113592681,false,נר גדול ספרה 4 עם מעמד שחור - כסף מטאלי,,,נר גדול ספרה 4 עם מע,יח',1.00,יח',false,,6.90,6.9000,true,1,6234229
7290113592704,false,נר גדול ספרה 6 עם מעמד שחור - כסף מטאלי,,,נר גדול ספרה 6 עם מע,יח',1.00,יח',false,,6.90,6.9000,true,1,6234231
7290113592711,false,נר גדול ספרה 7 עם מעמד שחור - כסף מטאלי,,,נר גדול ספרה 7 עם מע,יח',1.00,יח',false,,6.90,6.9000,true,1,6234232
7290113592728,false,נר גדול ספרה 8 עם מעמד שחור - כסף מטאלי,,,נר גדול ספרה 8 עם מע,יח',1.00,יח',false,,6.90,6.9000,true,1,6234233
7290113594142,false,בקבוק טריטן עם צמידים 700 - מיקי מאוס,,,בקבוק טריטן עם צמידי,יח',1.00,יח',false,,19.90,19.9000,true,1,6231903
7290113594197,false,בקבוק טריטן 700 מל עם צמידים,,,בקבוק טריטן 700 מל ע,יח',1.00,יח',false,,29.90,29.9000,true,1,6231908
7290113594579,false,שלישיית ביצי שוקולד(חלב נוכרי)-מפרץ הרפתקאות,Unknown,,שלישיית ביצי שוקולד,יח',1.00,יח',false,,12.90,12.9000,true,1,6234383
7290113655645,false,שלישיית מגבות מטבח ברכות,,,שלישיית מגבות,יח',1.00,יח',false,,14.90,14.9000,true,1,6750023
7290113763784,false,סודה סטרים - מכשיר TERRA בצבע שחור,סודה סטרים,,מכשיר סודהסטרים טרה,יחידה,0.00,יחידה,false,,299.00,0.0000,true,1,6894001
7290114134217,false,טי שרט קצר לבן V (מידה M),,,טי שרט קצר לבן V (מי,יח',1.00,יח',false,,20.90,20.9000,true,1,6714593
7290114134323,false,טי שרט קצר שחור V (מידה L),,,טי שרט קצר שחור V (מ,יח',1.00,יח',false,,20.90,20.9000,true,1,6714626
7290114134392,false,חמישיית תחתוני בנות (מידה 2-4) SUPER,,,חמישיית תחתוני בנות,יח',1.00,יח',false,,20.00,20.0000,true,1,6718019
7290114134408,false,חמישיית תחתוני בנות (מידה 4-6) SUPER,,,חמישיית תחתוני בנות,יח',1.00,יח',false,,20.00,20.0000,true,1,6718020
7290114134422,false,חמישיית תחתוני בנות (מידה 12-14) SUPER,,,חמישיית תחתוני בנות,יח',1.00,יח',false,,20.00,20.0000,true,1,6718022
7290114134439,false,חמישיית תחתוני בנות (מידה 16-18) SUPER,,,חמישיית תחתוני בנות,יח',1.00,יח',false,,20.00,20.0000,true,1,6718023
7290114137287,false,גרביי בנים(3) חצי מגבת מלה,,,גרביי בנים(3) חצי מג,יח',1.00,יח',false,,20.00,20.0000,true,1,6751036
7290114137300,false,גרביי בנים (3) LEE COOPER,,,גרביי בנים (3) LEE C,יח',1.00,יח',false,,20.00,20.0000,true,1,6767684
7290114137331,false,גרביי בנות (3) חצי מגבת מלה,,,גרביי בנות (3) חצי מ,יח',1.00,יח',false,,20.00,20.0000,true,1,6751037
7290114137348,false,גרביי בנות שלישייה,,,גרביי בנות שלישייה,יח',1.00,יח',false,,20.00,20.0000,true,1,6763968
7290114137355,false,גרביי בנות (3) LEE COOPER,,,גרביי בנות (3) LEE C,יח',1.00,יח',false,,20.00,20.0000,true,1,6767685
7290114310215,false,"שמנת מתוקה 38% רמת הגולן 250 מ""ל ווסטהיים - מוצר בפיקוח",מילקו תעשיות בעמ,IL,שמנת מתוקה 38% 250מל,מיליליטרים,250.00,"100 מ""ל",false,,6.40,0.0256,true,1,6709556
7290114310222,false,חלב 1.5 ליטר 3% מועשר בסידן וויטמין D.,מילקו תעשיות בעמ,IL,חלב מועשר בסידן 1.5ל,יח',1.00,יח',false,,10.90,10.9000,true,1,6713765
7290114310239,false,חלב טרה נטול לקטוז מועשר בוויטמין D 2% 1.5 ל',מילקו תעשיות בעמ,IL,חלב נטול לקטוז מועשר,יח',1.00,יח',false,,10.70,10.7000,true,1,6713766
7290114310246,false,125 גרנה פדנו צ'אנק גרם משק צוריאל,מחלבת משק צוריאל,IL,גרנה פדנו 29%,גרמים,125.00,100 גרם,false,,17.80,0.1424,true,1,6758156
7290114310253,false,גרנה פדנו מגורדת גרם משק 100 צוריאל,מחלבת משק צוריאל,IL,גרנה פדנו מגורדת 29%,גרמים,100.00,100 גרם,false,,11.90,0.1190,true,1,6758157
7290114310338,false,"צפתית מעודנת 5% ""משק צוריאל"" 2250 גרם",מחלבת משק צוריאל,IL,צפתית מעודנת 5% 225ג,גרמים,225.00,100 גרם,false,,16.30,0.0724,true,1,6758158
7290114310345,false,מעדן יוגורט - תות 1.5% 125 גרם,טרה,IL,מעדן יוגורט תות 1.5%,גרמים,125.00,100 גרם,false,,2.60,0.0208,true,1,6743338
7290114310536,false,יוגורט לייט מעושר בחלבון בטעם וניל מולר 200 ג',מולר Muller,IL,מולר אקטיב לייט טעם,יח',1.00,יח',false,,5.80,5.8000,true,1,6766036
7290114310550,false,פטה עיזים מעודנת בגביע 5% 200 ג',מחלבת משק צוריאל,IL,פטה עיזים מעודנת 5%,גרמים,200.00,100 גרם,false,,22.90,0.1145,true,1,6769648
7290114310574,false,גבינת קרם שמנת עיזים 5% 200 גרם צוריאל,מחלבת משק צוריאל,IL,קרם שמנת עיזים מעודנ,גרמים,200.00,100 גרם,false,,13.50,0.0675,true,1,6769650
7290114310611,false,"משקה חלב בננה בבקבוק פקק ספורט טרה 250 מ""ל",Unknown,IL,משקה חלב בננה 250 מל,מיליליטרים,250.00,"100 מ""ל",false,,4.90,0.0196,true,1,6769931
7290114310628,false,משקה חלב וניל ועוגיות בקבוק 1 ליטר,מילקו תעשיות בעמ,IL,משקה חלב וניל ועוגיו,ליטרים,1.00,ליטר,false,,9.90,9.9000,true,1,6780534
7290114310895,false,"סימפלי פרוט יוגורט עם מנגו תות, שמיניה 8 * 150 גרם",מולר Muller,IL,מאגדת סימפלי מנגו תו,גרמים,1200.00,100 גרם,false,,28.90,0.0241,true,1,6799696
7290114310963,false,יוגורט מחלב עיזים מלא כ3.8% שומן מועשר 500 גר',מחלבת משק צוריאל,IL,יוגורט מחלב עיזים מל,גרמים,500.00,100 גרם,false,,13.70,0.0274,true,1,6813708
7290114311014,false,"משקה חלב אייס קפוצינו יטבתה 250 מ""ל פקק",Unknown,IL,משקה חלב אייס קפוצ'י,מטרים,250.00,100 מ'ל,false,,4.90,0.0196,true,1,6851277
7290114311021,false,"משקה חלב וניל עוגיות טרה 250 מ""ל פקק ספו",Unknown,IL,משקה חלב וניל עוגיות,מטרים,250.00,100 מ'ל,false,,4.90,0.0196,true,1,6851278
7290114311038,false,שמנת מתוקה עמידה 32% 250מל בקבוק,מילקו,IL,שמנת מתוקה 32% בקבוק,מטרים,250.00,100 מ'ל,false,,6.60,0.0264,true,1,6851279
7290114311069,false,יוגורט לבן מועשר בחלבון 0% שומן 200 גרם muller active,מולר Muller,IL,מולר אקטיב טעם טבעי,מיליליטרים,200.00,"100 מ""ל",false,,5.40,0.0270,true,1,6838949
7290114311076,false,"חמאת מולר צהובה עם שום, 200 גרם",מולר Muller,IL,מולר חמאת צהובה עם ש,גרמים,200.00,100 גרם,false,,10.80,0.0540,true,1,6870432
7290114311298,false,יוגורט מולר פרופ בטעם תות בננה מלון 150,מולר Muller,IL,מולר קציפת תות בננה,גרמים,150.00,100 גרם,false,,4.80,0.0320,true,1,6883451
7290114311304,false,יוגורט קציפת מנגו פסיפלורה בננה 150 ג' מולר,מולר Muller,IL,מולר קציפת מנגו פסיפ,גרמים,150.00,100 גרם,false,,4.80,0.0320,true,1,6883452
7290114311328,false,חלב נטול לקטוז מועשר בוויטמין די 1 ליטר 2%,ג'י.אר.אמ.גרופו אלימ,IL,חלב נטול לקטוז וויטמ,ליטרים,1.00,100 ליטר,false,,7.50,7.5000,true,1,6884750
7290114311359,false,יוגורט עם קציפת מנגו 3% שומן פרופ 150 ג' מולר,מולר Muller,IL,מולר קציפת מנגו 3%,גרמים,150.00,100 גרם,false,,4.80,0.0320,true,1,6883453
7290114311434,false,מולר אקטיב יוגורט בטעם קרמל מלוח 200 גרם,מילקו,IL,מולר אקטיב קרמל מלוח,גרמים,200.00,100 גרם,false,,5.50,0.0275,true,1,6925483
7290114311441,false,"מולר אקטיב בטעם עוגיות חמאה 0% שומן, 200 גרם",מילקו,IL,מולר אקטיב עוגיות חמ,גרמים,200.00,100 גרם,false,,5.50,0.0275,true,1,6925357
7290114311458,false,קרטון חלב 3% מועשר ויטמין די 1ליטר,Unknown,IL,קרטון חלב 3% מועשר ו,ליטרים,1.00,ליטר,false,,7.20,7.2000,true,1,6893997
7290114600941,false,מאסטר שף מיונז הולנדי לחיץ 435 גרם,קפה לנדוור,NL,מאסטר שף מיונז לחיץ,גרמים,435.00,100 גרם,false,,12.80,0.0294,true,1,6741989
7290114600989,false,"רוטב אלף האיים מאסטר שף 250 מ""ל",קפה לנדוור,NL,מאסטר שף רוטב אלף הא,מיליליטרים,250.00,"100 מ""ל",false,,8.90,0.0356,true,1,6725306
7290114603034,false,"פרי גרנולה אגוזים צימוקים וחמוציות, 300 ג'","אפקט טבעי בע""מ",IL,פרי גרנולה אגוזים צי,גרמים,300.00,100 גרם,false,,13.90,0.0463,true,1,6757536
7290114603041,false,"פרי גרנולה בוטנים אגוזים וקוקוס, 300 ג'","אפקט טבעי בע""מ",IL,פרי גרנולה בוטנים קו,גרמים,300.00,100 גרם,false,,13.90,0.0463,true,1,6757537
7290114603591,false,PLAY חטיף פוף בטעם קטשופ 40 גרם,מנה,IL,פוף פליי טעם קטשופ 4,יח',1.00,יח',false,,2.90,2.9000,true,1,6725309
7290114603607,false,PLAY חטיף פוף בטעם חמוץ חריף 40 גרם,Mana,,פוף פליי טעם חמוץ חר,יח',1.00,יח',false,,2.90,2.9000,true,1,6725310
7290114604840,false,"דפי אורז מאסטר שף קוטר 16 ס""מ 400 גרם",מאסטר שף,,דפי אורז 16 קוטר 400,גרמים,400.00,100 גרם,false,,11.90,0.0298,true,1,6774095
7290114604857,false,"דפי אורז מאסטר שף קוטר 22 ס""מ 400 גרם",מאסטר שף,VN,דפי אורז 22 קוטר 400,גרמים,400.00,100 גרם,false,,11.90,0.0298,true,1,6774096
7290114604925,false,מאסטר שף קרם קוקוס לייט 400 גרם,"תאי קוקונאט חברה בע""",TH,מאסטר שף קרם קוקוס ל,מטרים,400.00,100 מ'ל,false,,8.90,0.0223,true,1,6804637
7290114604932,false,מאסטר שף רוטב ברביקיו ודבש 524 גר,רמיה סי.וי. הולנד,NL,מאסטר שף רוטב ברביקי,גרמים,524.00,100 גרם,false,,12.90,0.0246,true,1,6784401
7290114604949,false,מאסטר שף רוטב ברביקיו 524 גרם,רמיה סי.וי. הולנד,NL,מאסטר שף רוטב ברביקי,גרמים,524.00,100 גרם,false,,12.90,0.0246,true,1,6781687
7290114604963,false,פירורי לחם מתובלים מאסטר שף 230 גרם,מאסטר שף,IL,מאסטר שף פירורים מתו,גרמים,230.00,100 גרם,false,,6.90,0.0300,true,1,6787414
7290114605342,false,פירסט סמייל רפידות הנקה גודל מדיום 110,צאנזו שאנג קאר פרודק,CN,רפידות הנקה מדיום 11,יח',1.00,יח',false,,24.90,24.9000,true,1,6792842
7290114605649,false,קולגייט סנסיטיב מולטי פרוטקשן זוג כשלפ,,,קולגייט סנסיטיב מולט,מטרים,150.00,100 מ'ל,false,,29.90,0.1993,true,1,6907333
7290114606530,false,רוטב בטעם מיונז וקטשופ מאסטר שף 515 גרם,מאסטר שף,NL,מאסטר שף רוטב טעם מי,גרמים,515.00,100 גרם,false,,12.90,0.0250,true,1,6781688
7290114606547,false,מיונז פטריות כמהין לחיץ מאסטר שף 242 גרם,מאסטר שף,NL,מיונז עם פטריות כמהי,גרמים,242.00,100 גרם,false,,12.90,0.0533,true,1,6781666
7290114606554,false,מיונז מופחת קלוריות בקבוק לחיץ,מאסטר שף,NL,מאסטר שף מיונז לייט,גרמים,470.00,100 גרם,false,,12.90,0.0274,true,1,6781667
7290114606578,false,שקדי מרק מאסטר שף 400 גרם,שסטוביץ,IL,מאסטר שף שקדי מרק 40,גרמים,400.00,100 גרם,false,,9.80,0.0245,true,1,6804930
7290114608657,false,סילאן טבעי מאסטר שף,,AE,מאסטר שף סילאן 700 מ,מטרים,700.00,100 מ'ל,false,,19.80,0.0283,true,1,6804931
7290114608695,false,מיונז עם ווסאבי לחיץ מאסטר שף 241 גרם,רמיה סי.וי,NL,מאסטר שף מיונז עם וו,גרמים,241.00,100 גרם,false,,12.90,0.0535,true,1,6804639
7290114653398,false,מארז שלישיית ביצי שוקולד LOL,שמחה זה אנחנו,IT,שלישית ביצי שוקולד כ,גרמים,20.00,100 גרם,false,,12.90,0.6450,true,1,6694563
7290114655934,false,בקבוק טריטן עם צמידי,,,בקבוק טריטן עם צמידי,יחידה,0.00,יחידה,false,,22.90,0.0000,true,1,6886510
7290114821469,false,"כבד דג שיבוט מעושן במיץ טבעי, 120 גרם",סטארקיסט,DK,כבד דג שיבוט אופיסר,גרמים,120.00,100 גרם,false,,13.60,0.1133,true,1,6765309
7290115200003,false,אסם פתי בר פינוקים ניל 220 גרם,תאי פרזידנט פוד פאבל,PL,פתי בר פינוקי וניל 2,גרמים,220.00,100 גרם,false,,9.90,0.0450,true,1,6720256
7290115200027,false,אסם פתי בר פינוקים שוקו 220 גרם,קריות זול,PL,פתי בר פינוקי שוקולד,גרמים,220.00,100 גרם,false,,9.90,0.0450,true,1,6720257
7290115200676,false,עוגיות קרמוגית במילוי קרם בטעם קרמל מלוח,היינץ צפון אמריקה מק,IL,אסם קרמוגית קרמל 200,גרמים,200.00,100 גרם,false,,7.90,0.0395,true,1,6729884
7290115200713,false,במבה קלאסי מארז אחיד 8 50*5 ג',אסם,IL,במבה קלאסי מארז 5*50,יח',1.00,יח',false,,11.90,11.9000,true,1,6720258
7290115201031,false,אסם פתי בר דובי שוקולד 175 גרם,טרופיקל דגיל תעשיות,PL,פתי בר פינוקי שוקולד,גרמים,175.00,100 גרם,false,,9.90,0.0566,true,1,6772587
7290115201703,false,ביסלי בטעם ברביקיו 200 ג' אסם,מיוצר עי קונדיטוריית,IL,ביסלי ברביקיו 200גר,גרמים,200.00,100 גרם,false,,6.50,0.0325,true,1,6769755
7290115202212,false,טבעול גורמה לביבות סלק 434 גרם,עיצובים 2020 (4.8),IL,לביבות סלק 434 גר,גרמים,434.00,100 גרם,false,,29.90,0.0689,true,1,6858193
7290115202236,false,טבעול טופו קראנצים 470 גרם,עיצובים 2020 (4.8),IL,טבעול טופו קראנצ'ים,גרמים,470.00,100 גרם,false,,29.90,0.0636,true,1,6790461
7290115202250,false,טבעול טופו קראנצים צ'ילי פיקנטי 470 גר',עיצובים 2020 (4.8),IL,טבעול טופו קראנצ'ים,גרמים,470.00,100 גרם,false,,29.90,0.0636,true,1,6790462
7290115202434,false,צבר סלט חומוס עם זעתר 375 גרם,ג'נרל מילס סאן אדריא,IL,צבר חומוס עם זעתר 37,גרמים,375.00,100 גרם,false,,8.90,0.0237,true,1,6771439
7290115202816,false,מנה חמה פאוץ נודלס אטריות טעם עוף 70 גרם,Unknown,IL,מנה חמה פאוצ' אסם 70,גרמים,70.00,100 גרם,false,,3.90,0.0557,true,1,6778985
7290115202847,false,מנה חמה פאוצ' נדלס ספייסי אסם 70 ג',Unknown,IL,מנה חמה פאוצ' אסם 70,גרמים,70.00,100 גרם,false,,3.90,0.0557,true,1,6778986
7290115203134,false,פופקו פופקורן במבה אסם 80 גרם,"אסם תעשיות בע""מ",IL,פופקו פופקורן במבה א,גרמים,80.00,100 גרם,false,,4.50,0.0563,true,1,6787856
7290115203172,false,במבה PRO מכיל 18 גרם חלבון בשקית,"אסם תעשיות בע""מ",IL,במבה פרו אסם 80 גרם,גרמים,80.00,100 גרם,false,,3.90,0.0487,true,1,6891084
7290115203486,false,אסם פירורית בטעם ביסלי גריל 200 גרם,עינת תעשיות מזון אגו,IL,פירורית טעם ביסלי גר,גרמים,200.00,100 גרם,false,,5.90,0.0295,true,1,6780546
7290115203806,false,"רוטב בסיס לבישול אסם 290 מ""ל","אסם תעשיות בע""מ",IL,אסם רוטב בסיס 290 מל,מיליליטרים,290.00,"100 מ""ל",false,,10.90,0.0376,true,1,6799589
7290115204056,false,אסם קטשופ מופחת סוכר כלפ 690 גרם,"אסם תעשיות בע""מ",IL,קטשופ אסם 56% פחות ס,גרמים,690.00,100 גרם,false,,9.90,0.0143,true,1,6767248
7290115204131,false,צבר סחוג ירוק 6*190גרם חדש,צבר,IL,צבר סחוג ירוק 190גר,גרמים,190.00,100 גרם,false,,10.90,0.0574,true,1,6824566
7290115204155,false,צבר סחוג אדום 6*190גרם חדש,צבר,IL,צבר סחוג אדום 190גר,גרמים,190.00,100 גרם,false,,10.90,0.0574,true,1,6824567
7290115204186,false,פסטו המעדינה של צבר,צבר,IL,צבר פסטו 190גר,גרמים,190.00,100 גרם,false,,14.90,0.0784,true,1,6824568
7290115204261,false,אריסה חריפה המעדנייה,צבר,IL,צבר אריסה 190גר,גרמים,190.00,100 גרם,false,,10.90,0.0574,true,1,6824570
7290115205176,false,פיטנס - קרקר דק כפרי פיטנס 140 גרם,נסטלה Nestle,IL,קרקר דק כפרי פיטנס 1,גרמים,140.00,100 גרם,false,,9.90,0.0707,true,1,6824772
7290115205251,false,פיטנס בר פריכיות קרמל מלוח 84 גרם,פרח תעשיות,IL,פיטנס בר פריכיות קרמ,גרמים,84.00,100 גרם,false,,11.90,0.1417,true,1,6926509
7290115205312,false,קרקר פיטנס דק עם זיתי קלמטה ועשבי תיבול,"אסם השקעות בע""מ",IL,פיטנס קרקר 140 גר,גרמים,140.00,100 גרם,false,,9.90,0.0707,true,1,6849005
7290115205527,false,פיטנס חטיף מולטגריין עם עדשים 24*25גרם,פיטנס,IL,פיטנס חטיף מולטיגריי,יח',1.00,יח',false,,4.90,4.9000,true,1,6872531
7290115205541,false,חטיף פיטנס מולטיגריין עם חומוס 25 גרם,"אסם השקעות בע""מ",IL,פיטנס חטיף מולטיגריי,יח',1.00,יח',false,,4.90,4.9000,true,1,6872532
7290115205633,false,טבעול סנסשיונל/גורמה נקנקיות 350 גר',עיצובים 2020 (4.8),IL,טבעול סנסשיונל נקניק,גרמים,350.00,100 גרם,false,,29.90,0.0854,true,1,6833762
7290115205695,false,אסם בונזור בצק מצונן לפיצה 460 גרם,נסטלה סוויס (שוויץ),IL,בונז'ור בצק מצונן לפ,גרמים,460.00,100 גרם,false,,14.90,0.0324,true,1,6819352
7290115205718,false,אסם בונזור בצק מצונן עלים 230 גרם,נסטלה סוויס (שוויץ),IL,בונז'ור בצק מצונן על,גרמים,230.00,100 גרם,false,,11.90,0.0517,true,1,6819353
7290115205978,false,פתיבר ואצבעות שוקולד 180 גרם - רבנות,"ד""ר ג'רארד בע""מ",PL,פתי בר אצבעות 180גר,גרמים,180.00,100 גרם,false,,9.90,0.0550,true,1,6833789
7290115207484,false,צבר סלט חציל על האש היתר 360 גרם,ג'נרל מילס סאן אדריא,IL,צבר חציל על האש היתר,גרמים,400.00,100 גרם,false,,14.90,0.0373,true,1,6819357
7290115207507,false,"סלט טורקי 330 גרם ""צבר""",ג'נרל מילס סאן אדריא,IL,צבר סלט טורקי 360 גר,גרמים,360.00,100 גרם,false,,14.90,0.0414,true,1,6819324
7290115207620,false,"רוטב בסגנון סויה קלאסי 290 מ""ל אסם","אסם תעשיות בע""מ",IL,רוטב סויה קלאסי אסם,מיליליטרים,290.00,"100 מ""ל",false,,10.90,0.0376,true,1,6858166
7290115207682,false,"אסם רוטב בסגנון סויה סיני 290 מ""ל","אסם תעשיות בע""מ",IL,רוטב סגנון סויה סיני,מיליליטרים,290.00,"100 מ""ל",false,,8.90,0.0307,true,1,6858140
7290115207798,false,טבעול המבורגר חריף טבעוני 420 גרם,עיצובים 2020 (4.8),IL,המבורגר חריף טבעוני,גרמים,420.00,100 גרם,false,,29.90,0.0712,true,1,6840417
7290115207880,false,סירופ ויטמינציק פטל 2 ליטר,בית השיטה,,ויטמנצ'יק פטל 2 ליטר,מטרים,2000.00,100 מ'ל,false,,39.90,0.0199,true,1,6830334
7290115207903,false,סירופ ויטמינציק תפוח 2 ליטר,בית השיטה,,ויטמנצ'יק תפוח 2 ליט,מטרים,2000.00,100 מ'ל,false,,39.90,0.0199,true,1,6830335
7290115208023,false,סירופ ויטמינציק ענבים 2 ליטר,,,ויטמנצ'יק ענבים 2 לי,מטרים,2000.00,100 מ'ל,false,,39.90,0.0199,true,1,6830337
7290115208320,false,אפרופו חטיף בטעם ביסלי בצל 50 גרם,"אסם תעשיות בע""מ",IL,אפרופו טעם ביסלי בצל,גרמים,50.00,100 גרם,false,,3.90,0.0780,true,1,6920885
7290115208344,false,בייגלה כפיות שמנת בצל אסם 300 גרם,אסם,IL,אסם בייגלה כפיות שמנ,גרמים,300.00,100 גרם,false,,9.90,0.0330,true,1,6891087
7290115208597,false,קרמוגית מיניס קרמל מלוח אסם 200 גרם,"אסם השקעות בע""מ",IL,אסם קרמוגית מיניס קר,גרמים,200.00,100 גרם,false,,7.90,0.0395,true,1,6877508
7290115208801,false,לחמית דבש ואגוזים אסם 190 גרם,Unknown,IL,לחמית דבש ואגוזים אס,גרמים,190.00,100 גרם,false,,8.90,0.0468,true,1,6891088
7290115209136,false,"טבעול חטיפי עוף צימחי העדה החרדית 1ק""ג",טבעול ישראל,IL,חטיפי עוף צמחי 1.2 ק,קילוגרמים,1.20,"ק""ג",false,,39.90,33.2500,true,1,6872565
7290115209198,false,במבה אוורירית אסם 80 גרם,"אסם תעשיות בע""מ",IL,במבה אוורירית אסם 80,גרמים,80.00,100 גרם,false,,3.90,0.0487,true,1,6872629
7290115209358,false,במבה במילוי בראוניז אסם 60 גרם,"אסם תעשיות בע""מ",IL,במבה במילוי בראוניז,גרמים,60.00,100 גרם,false,,4.30,0.0717,true,1,6920916
7290115400700,false,מקלות מלוחים עם מלח אטלנטי ותבלינים רמי לוי,,,מקלות מלוחים עם מלח,גרמים,200.00,100 גרם,false,,14.90,0.0745,true,1,6758012
7290115400847,false,עוגיות פרפריות רמי לוי 500 גרם,,,עוגיות פרפריות רמי ל,גרמים,500.00,100 גרם,false,,14.90,0.0298,true,1,6846549
7290115400861,false,עוגיות מעמול רמי לוי 500 גרם,,,עוגיות מעמול רמי לוי,גרמים,500.00,100 גרם,false,,14.90,0.0298,true,1,6846551
7290115400878,false,עוגיות ממולאות טעם שוקולד רמי לוי 500 גרם,,,עוגיות ממולאות טעם ש,גרמים,500.00,100 גרם,false,,14.90,0.0298,true,1,6846552
7290115400885,false,עוגיות עינוגי שוקולד רמי לוי 500 גרם,,,עוגיות עינוגי שוקולד,גרמים,500.00,100 גרם,false,,14.90,0.0298,true,1,6846553
7290115400892,false,עוגיות פרסה תמרים רמי לוי 500 גרם,,,עוגיות פרסה תמרים רמ,גרמים,500.00,100 גרם,false,,14.90,0.0298,true,1,6846554
7290115400908,false,עוגיות מגולגלות תמרים רמי לוי 500 גרם,,,עוגיות מגולגלות תמרי,גרמים,500.00,100 גרם,false,,14.90,0.0298,true,1,6846555
7290115400915,false,עוגיות עינוגי תמרים רמי לוי 500 גרם,,,עוגיות עינוגי תמרים,גרמים,500.00,100 גרם,false,,14.90,0.0298,true,1,6846556
7290115401097,false,עוגיות נסיכה טעם תות רמי לוי 500 גרם,,,עוגיות נסיכה טעם תות,גרמים,500.00,100 גרם,false,,14.90,0.0298,true,1,6846561
7290115401103,false,עוגיות נסיכה מיקס רמי לוי 500 גרם,,,עוגיות נסיכה מיקס רמ,גרמים,500.00,100 גרם,false,,14.90,0.0298,true,1,6846562
7290115401110,false,עוגיות מיני מרוקאי רמי לוי 500 גרם,,,עוגיות מיני מרוקאי ר,גרמים,500.00,100 גרם,false,,14.90,0.0298,true,1,6846563
7290115401141,false,עוגיות פצפוצי שוקו רמי לוי 500 גרם,,,עוגיות פצפוצי שוקו ר,גרמים,500.00,100 גרם,false,,14.90,0.0298,true,1,6846566
7290115401158,false,עוגיות מלוחות קריספי רמי לוי 500 גרם,,,עוגיות מלוחות קריספי,גרמים,500.00,100 גרם,false,,14.90,0.0298,true,1,6846567
7290115401165,false,עוגיות רשת קינמון מסוכרות רמי לוי 500 גרם,,,עוגיות רשת קינמון מס,גרמים,500.00,100 גרם,false,,14.90,0.0298,true,1,6846568
7290115401189,false,עוגיות פסים שוקו מסוכרות רמי לוי 500 גרם,,,עוגיות פסים שוקו מסו,גרמים,500.00,100 גרם,false,,14.90,0.0298,true,1,6866762
7290115401196,false,עוגיות קוואקר פריכות רמי לוי 500 גרם,,,עוגיות קוואקר פריכות,גרמים,500.00,100 גרם,false,,14.90,0.0298,true,1,6846570
7290115401202,false,עוגיות פרפריות שוקו רמי לוי 500 גרם,,,עוגיות פרפריות שוקו,גרמים,500.00,100 גרם,false,,14.90,0.0298,true,1,6846572
7290115405088,false,קינוח אישי קדאיף קפולסקי 200 גרם,קפולסקי אדל בעמ,IL,קינוח אישי קדאיף,גרמים,200.00,100 גרם,false,,14.90,0.0745,true,1,6702631
7290115405118,false,קינוח אישי גבינה תענוג תות קפולסקי 200 ג,קפולסקי אדל בעמ,IL,קינוח אישי תענוג תות,גרמים,200.00,100 גרם,false,,14.90,0.0745,true,1,6702634
7290115405774,false,פחזניות ממולאות בטעם וניל קפולסקי 180 גר,תופינים מקבוצת קפולס,IL,פחזניות ממולאות וניל,גרמים,180.00,100 גרם,false,,12.90,0.0717,true,1,6862289
7290115405781,false,פחזניות ממולאות בטעם שוקולד קפולסקי 180,תופינים מקבוצת קפולס,IL,פחזניות ממולאות טעם,גרמים,180.00,100 גרם,false,,12.90,0.0717,true,1,6862290
7290115405798,false,פחזניות ממולאות בטעם ריבת חלב קפולסקי,קפולסקי אדל בעמ,IL,פחזניות ממולאות טעם,גרמים,180.00,100 גרם,false,,13.90,0.0772,true,1,6862291
7290115405804,false,פחזניות ממולאות בטעם תות קפולסקי 180 גרם,קפולסקי אדל בעמ,IL,פחזניות ממולאות טעם,גרמים,180.00,100 גרם,false,,13.90,0.0772,true,1,6862292
7290115405811,false,קינוח אישי גבינה ופירורי עוגיות,קפולסקי אדל בעמ,IL,קינוח אישי גבינה ופי,גרמים,200.00,100 גרם,false,,14.90,0.0745,true,1,6862319
7290115405828,false,קינוח אישי גבינה אוכמניות קפולסקי 200 גר,קפולסקי אדל בעמ,IL,קינוח אישי גבינה אוכ,גרמים,200.00,100 גרם,false,,14.90,0.0745,true,1,6862320
7290115406498,false,עוגת דבש מהודרת וקוק,,,עוגת דבש מהודרת וקוק,גרמים,450.00,100 גרם,false,,14.90,0.0331,true,1,6899604
7290115410877,false,סלט כרוב אדום במיונז,,,כרוב אדום 400ג רמילו,גרמים,400.00,100 גרם,false,,8.90,0.0223,true,1,6737582
7290115410884,false,חציל על האש 400ג רמילוי,,,חציל על האש 400ג רמי,גרמים,400.00,100 גרם,false,,8.90,0.0223,true,1,6737583
7290115410891,false,חומוס מסבחה 400ג רמילוי,,,חומוס מסבחה 400ג רמי,גרמים,400.00,100 גרם,false,,8.90,0.0223,true,1,6737584
7290115410907,false,מטבוחה רמי לוי 400 ג,,,מטבוחה 400ג רמילוי,גרמים,400.00,100 גרם,false,,8.90,0.0223,true,1,6737585
7290115410914,false,חציל רומני 400ג רמילוי,,,חציל רומני 400ג רמיל,גרמים,400.00,100 גרם,false,,8.90,0.0223,true,1,6737586
7290115410921,false,חומוס ירושלמי 400ג רמילוי,,,חומוס ירושלמי 400ג ר,גרמים,400.00,100 גרם,false,,8.90,0.0223,true,1,6737587
7290115410938,false,טחינה רמי לוי 400 גר,,,טחינה 400ג רמילוי,גרמים,400.00,100 גרם,false,,8.90,0.0223,true,1,6737588
7290115410945,false,חומוס זעתר 400ג רמילוי,,,חומוס זעתר 400ג רמיל,גרמים,400.00,100 גרם,false,,8.90,0.0223,true,1,6737589
7290115410952,false,חציל במיונז 400ג רמילוי,,,חציל במיונז 400ג רמי,גרמים,400.00,100 גרם,false,,8.90,0.0223,true,1,6737590
7290115410969,false,חומוס לפיתה 700ג רמילוי,,,חומוס לפיתה 700ג רמי,גרמים,700.00,100 גרם,false,,8.90,0.0127,true,1,6737564
7290115411157,false,חומוס עם חריף 400ג רמילוי,,,חומוס עם חריף 400ג ר,גרמים,400.00,100 גרם,false,,8.90,0.0223,true,1,6737591
7290115411461,false,חומוס מסבחה ירוק 250גר רמילוי,,,חומוס מסבחה ירוק 250,גרמים,250.00,100 גרם,false,,7.90,0.0316,true,1,6745023
7290115411478,false,חומוס מסבחה חריף 250גר רמילוי,,,חומוס מסבחה חריף 250,גרמים,250.00,100 גרם,false,,7.90,0.0316,true,1,6745046
7290115411492,false,טחינה לבנה 250גר רמילוי,,,טחינה לבנה 250גר רמי,גרמים,250.00,100 גרם,false,,7.90,0.0316,true,1,6745025
7290115411577,false,חציל במיונז 250גר רמילוי,,,חציל במיונז 250גר רמ,גרמים,250.00,100 גרם,false,,7.90,0.0316,true,1,6745027
7290115411607,false,חציל בטעם כבד 250גר רמילוי,,,חציל בטעם כבד 250גר,גרמים,250.00,100 גרם,false,,15.90,0.0636,true,1,6745071
7290115411638,false,קוביות חציל בטחינה 250גר רמילוי,,,קוביות חציל בטחינה 2,גרמים,250.00,100 גרם,false,,7.90,0.0316,true,1,6748962
7290115413069,false,סלט גזר מרוקאי 250גרם רמי לוי,,,סלט גזר מרוקאי 250גר,גרמים,250.00,100 גרם,false,,7.90,0.0316,true,1,6831082
7290115413076,false,סלט סלק 250גרם רמי לוי,,,סלט סלק 250גרם רמי ל,גרמים,250.00,100 גרם,false,,7.90,0.0316,true,1,6831083
7290115413083,false,חומוס אבו גוש עם גרגירים רמילוי,,,חומוס אבו גוש עם גרג,גרמים,250.00,100 גרם,false,,7.90,0.0316,true,1,6826821
7290115480016,false,סוד פאוור קאפס לכביסה צבעונית 26 יחי,סוד,,סוד פאוור קאפס לכביס,יח',1.00,יח',false,,29.90,29.9000,true,1,6849117
7290115642261,false,נר נשמה צדיקים,,,נר נשמה צדיקים,יחידה,0.00,יחידה,false,,1.90,0.0000,true,1,6909292
7290115671155,false,שלישיית סוכריות FRESH ענבים 45 ג' בזוקה,הליקון גידה,TR,שלישיית סוכריות פרש,יח',1.00,יח',false,,7.90,7.9000,true,1,6826559
7290115671339,false,מיני פינוקיות בראוניז בייגל בוטן עלית 180 ג' עלית,הגביע מוצרי ופלים בע,IL,עלית מיני פנוקיות בי,גרמים,180.00,100 גרם,false,,9.90,0.0550,true,1,6799254
7290115671346,false,מיני פינוקיות טופי קרמל מלוח 180 ג' עלית,הגביע מוצרי ופלים בע,IL,עלית מיני פינוקיות ק,גרמים,180.00,100 גרם,false,,9.90,0.0550,true,1,6799255
7290115671353,false,מיני פינוקיות עוגיות קקאו במילוי קרם בטעם וניל,הגביע,IL,מיני פינוקיות שחור ל,גרמים,180.00,100 גרם,false,,9.90,0.0550,true,1,6826519
7290115675559,false,מארז קפה טורקי לדרך 10 יחידות,שטראוס קפה בי.וי.,IL,מארז טורקי לדרך 70 ג,גרמים,70.00,100 גרם,false,,7.90,0.1129,true,1,6763292
7290115675696,false,דגני בוקר קראנצ'ים שיבולת שועל עם אגוזים ושקדים,גלידות שטראוס,IL,קוואקר קרוזלי אגוזים,גרמים,375.00,100 גרם,false,,19.80,0.0528,true,1,6796403
7290115675719,false,דגני בוקר קראנצ'ים שיבולת שועל וחתיכות שוקולד מריר,BEVERAGES FOODS & SE,US,קוואקר קרוזלי שוקולד,גרמים,375.00,100 גרם,false,,19.80,0.0528,true,1,6796405
7290115675986,false,יוגורט עם אגוזי לוז ושקדים בקרמל מלוח 4.5%,"שטראוס בריאות בע""מ",IL,דנונה בר עם אגוזים מ,מיליליטרים,180.00,"100 מ""ל",false,,4.30,0.0239,true,1,6762301
7290115676037,false,דנונה ריפרש יוגורט עם תות ודומדמניות 1.6% שומן,מיוצר עי קונדיטוריית,IL,דנונה ריפרש תות דומד,גרמים,250.00,100 גרם,false,,4.90,0.0196,true,1,6784929
7290115676051,false,"אקטיביה משקה+שיבולת שועל במתיקות מעודנת 250 מ""ל",מיוצר עי קונדיטוריית,IL,אקטיביה משקה במתיקות,מטרים,265.00,100 מ'ל,false,,4.80,0.0181,true,1,6815563
7290115676082,false,משקה דנונה פרו 20 יוגורט תות 255 ג' רבנות,"שטראוס בריאות בע""מ.",IL,משקה דנונה פרו 20 תו,יח',1.00,יח',false,,6.90,6.9000,true,1,6791372
7290115676099,false,משקה דנונה פרו 20 יוגורט וניל 255 ג' רבנות,"שטראוס בריאות בע""מ.",IL,דנונה פרו משקה וניל,גרמים,265.00,100 גרם,false,,6.90,0.0260,true,1,6791373
7290115676273,false,אבקת קקאו 500 גרם +10% עלית,שטראוס גרופ,IL,קקאו 550 גרם,גרמים,550.00,100 גרם,false,,23.90,0.0435,true,1,6783810
7290115677089,false,קונפיטורת יד מרדכי תפוח וקינמון 340 גרם,"בית אל מזון בע""מ",IL,קונפיטורת תפוח וקינמ,גרמים,340.00,100 גרם,false,,10.90,0.0321,true,1,6799259
7290115677140,false,תפוצ'יפס בטעם פפריקה 200 גרם היתר מכירה,שטראוס פריטו ליי בע”,IL,תפוצ'יפס בטעם פפריקה,גרמים,200.00,100 גרם,false,,9.90,0.0495,true,1,6916247
7290115677362,false,"נודלס טריאקי ""דלישס"" שטראוס","טרופיקל דגיל בע""מ אז",IL,דלישס נודלס טריאקי 3,גרמים,350.00,100 גרם,false,,22.90,0.0654,true,1,6808512
7290115677409,false,אורז קארי צהוב עם ירקות ברוטב קארי וקרם קוקוס,אוכל ביתי ניר עציון,IL,אורז קארי צהוב 350גר,גרמים,350.00,100 גרם,false,,22.90,0.0654,true,1,6808515
7290115677676,false,חומוס הסדרה המובחרת בתוספת חריף 400 גרם,שטראוס גרופ,IL,חומוס 40% טחינה עם ח,גרמים,400.00,100 גרם,false,,12.90,0.0323,true,1,6762302
7290115677966,false,ממרח אבוקדו 200 ג' שטראוס,ג'י. אר. סימפלוט,MX,ממרח אבוקדו שטראוס,גרמים,200.00,100 גרם,false,,14.90,0.0745,true,1,6808752
7290115678222,false,מארז 8 גביעים יוגורט Greek בסגנון יווני 6.5% שומן,דנונה - שטראוס,IL,מארז שמינייה יווני,יח',1.00,יח',false,,23.90,23.9000,true,1,6784932
7290115678376,false,מעדן הגולן שוקולד 125 גרם,מיוצר עי קונדיטוריית,IL,מעדן הגולן שוקולד 12,גרמים,125.00,100 גרם,false,,2.80,0.0224,true,1,6796737
7290115678383,false,מעדן הגולן שוקולד מריר 125 גרם,מיוצר עי קונדיטוריית,IL,מעדן הגולן שוקולד מר,גרמים,125.00,100 גרם,false,,2.80,0.0224,true,1,6796738
7290115678598,false,חסה אייסברג שטראוס טעם הטבע,שטראוס גרופ,IL,חסה אייסברג שטראוס ט,גרמים,300.00,100 גרם,false,,9.90,0.0330,true,1,6814245
7290115679519,false,שייק פירות ורוד דליש,סיבהפרוסט,BE,שייק פירות ורוד,גרמים,300.00,100 גרם,false,,21.90,0.0730,true,1,6853930
7290115679762,false,שייק פירות צהוב דליש,סיבהפרוסט,BE,שייק פירות צהוב,גרמים,300.00,100 גרם,false,,21.90,0.0730,true,1,6853933
7290115679878,false,פיצה מבצק עם סלק דלישס 320 גרם,גסטרונומיה פרוסט אס.,IT,פיצה בצק סלק 320 גר,גרמים,320.00,100 גרם,false,,19.90,0.0622,true,1,6808519
7290115679885,false,פיצה מבצק עם כרובית עם רוטב עגבניות ומוצרלה,גסטרונומיה פרוסט אס.,IT,פיצה כרובית 320גרם,גרמים,320.00,100 גרם,false,,19.90,0.0622,true,1,6808520
7290115679915,false,פיצה מבצק עם דלעת עם רוטב עגבניות ומוצרלה,אליסה פוד אס.אר.אל,IL,דלישס פיצה מבצק דלעת,גרמים,320.00,100 גרם,false,,19.90,0.0622,true,1,6808521
7290116050010,false,כוסיות פטיסייר 12,,,כוסיות פטיסייר 12,יח',1.00,יח',false,,13.90,13.9000,true,1,6822570
7290116050041,false,כוסיות טרמיסו 12,,,כוסיות טרמיסו 12,יח',1.00,יח',false,,13.90,13.9000,true,1,6822597
7290116051093,false,מגש פרח מחולק לבן,,,מגש פרח מחולק לבן,יח',1.00,יח',false,,5.90,5.9000,true,1,6839900
7290116051109,false,מגש פרח מחולק שקוף,,,מגש פרח מחולק שקוף,יח',1.00,יח',false,,5.90,5.9000,true,1,6839901
7290116051130,false,רומא כף לבן (10יח'),,,רומא כף לבן (10יח'),יח',1.00,יח',false,,3.90,3.9000,true,1,6841046
7290116051154,false,רומא מזלג שחור (10יח'),,,רומא מזלג שחור (10יח,יח',1.00,יח',false,,3.90,3.9000,true,1,6841048
7290116051178,false,רומא כף שחור (10יח'),,,רומא כף שחור (10יח'),יח',1.00,יח',false,,3.90,3.9000,true,1,6841050
7290116051208,false,רומא סכין נצנץ זהב (,,,רומא סכין נצנץ זהב (,יח',1.00,יח',false,,3.90,3.9000,true,1,6841053
7290116051215,false,רומא כף נצנץ זהב (10יח'),,,רומא כף נצנץ זהב (10,יח',1.00,יח',false,,3.90,3.9000,true,1,6841054
7290116051239,false,רומא מזלג נצנץ כסף (10יח'),,,רומא מזלג נצנץ כסף (,יח',1.00,יח',false,,3.90,3.9000,true,1,6841056
7290116051246,false,רומא סכין נצנץ כסף (10יח'),,,רומא סכין נצנץ כסף (,יח',1.00,יח',false,,3.90,3.9000,true,1,6841057
7290116051390,false,רומא מזלג קרם (10יח'),,,רומא מזלג קרם (10יח',יח',1.00,יח',false,,3.90,3.9000,true,1,6841092
7290116051413,false,רומא כף קרם (10יח'),,,רומא כף קרם (10יח'),יח',1.00,יח',false,,3.90,3.9000,true,1,6841094
7290116051499,false,כוס יין מהודרת שקוף,,,כוס יין מהודרת שקוף,יח',1.00,יח',false,,19.90,19.9000,true,1,6841204
7290116051505,false,כוס יין מהודרת שקוף נוצץ,,,כוס יין מהודרת שקוף,יח',1.00,יח',false,,19.90,19.9000,true,1,6841205
7290116052250,false,כרבולית מפנקת 200*150מ,,,כרבולית מפנקת 200*15,יח,1.00,יח,false,,79.90,79.9000,true,1,6867953
7290116052366,false,גופיות גבר ריב כותנה L לבן,,,גופיות גבר ריב כותנה,יח',1.00,יח',false,,20.00,20.0000,true,1,6871178
7290116052694,false,מפיות מעוצבות,,,מפיות מעוצבות,יחידה,0.00,יחידה,false,,3.90,0.0000,true,1,6886042
7290116052700,false,סכין שקוף רמי לוי 40,,,סכין שקוף 40 יח,יחידה,0.00,יחידה,false,,7.90,0.0000,true,1,6875917
7290116052717,false,כפית שקוף רמי לוי 40,,,כפית שקוף 40 יח,יחידה,0.00,יחידה,false,,6.90,0.0000,true,1,6875918
7290116052724,false,מזלג שקוף רמי לוי 40,,,מזלג שקוף 40 יח,יחידה,0.00,יחידה,false,,7.90,0.0000,true,1,6875919
7290116052731,false,כף שקוף רמי לוי 40 י,,,כף שקוף 40 יח,יחידה,0.00,יחידה,false,,7.90,0.0000,true,1,6875920
7290116052748,false,סכין קרם רמי לוי 40,,,סכין קרם 40 יחידות,יחידה,0.00,יחידה,false,,7.90,0.0000,true,1,6875921
7290116052762,false,מזלג קרם רמי לוי 40,,,מזלג קרם 40 יחידות,יחידה,0.00,יחידה,false,,7.90,0.0000,true,1,6875923
7290116052830,false,קרם מזלג (40 יח') בסט וליו,,,מזלג קרם 40 יחידות,יח',1.00,יח',false,,7.90,7.9000,true,1,6918152
7290116052847,false,קרם כף (40 יח') בסט וליו,,,כף קרם 40 יחידות,יח',1.00,יח',false,,7.90,7.9000,true,1,6918153
7290116052854,false,קרם כפית (40 יח') בסט וליו,,,כפית קרם 40 יחידות,יח',1.00,יח',false,,6.90,6.9000,true,1,6918154
7290116052861,false,כוס מרוקאי זהב 25יח חגיגית,,,כוס מרוקאי זהב 25יח,יח',1.00,יח',false,,7.90,7.9000,true,1,6869037
7290116052878,false,כוס מרוקאי לבן 25יח חגיגית,,,כוס מרוקאי לבן 25יח,יח',1.00,יח',false,,7.90,7.9000,true,1,6869038
7290116052908,false,כוס מרוקאי בורדו 25יח חגיגית,,,כוס מרוקאי בורדו 25י,יח',1.00,יח',false,,7.90,7.9000,true,1,6869041
7290116053042,false,כף פרימיום שקוף 40 י,,,כף פרימיום שקוף 40 י,יחידה,0.00,יחידה,false,,6.90,0.0000,true,1,6872606
7290116053080,false,צלחת עמוקה זכוכית,,,צלחת עמוקה זכוכית,יחידה,0.00,יחידה,false,,3.90,0.0000,true,1,6887516
7290116053097,false,צלחת עמוקה זכוכית,,,צלחת עמוקה זכוכית,יחידה,0.00,יחידה,false,,5.90,0.0000,true,1,6887517
7290116053103,false,"צלחת רטרו זכוכית 15 ס""מ",,,צלחת רטרו זכוכית 15,יחידה,0.00,יחידה,false,,3.90,0.0000,true,1,6887518
7290116053110,false,"צלחת זכוכית 20 ס""מ",,,"צלחת זכוכית 20 ס""מ",יחידה,0.00,יחידה,false,,5.90,0.0000,true,1,6887519
7290116053127,false,"צלחת רטרו זכוכית 25ס""מ",,,צלחת רטרו זכוכית 25ס,יחידה,0.00,יחידה,false,,7.90,0.0000,true,1,6887520
7290116053134,false,מלחיה זכוכית מעוצבת,,,מלחיה זכוכית מעוצבת,יחידה,0.00,יחידה,false,,5.90,0.0000,true,1,6887521
7290116053141,false,כוס זכוכית עם ידית 6 יח,,,כוס זכוכית עם ידית 6,יח',1.00,יח',false,,18.90,18.9000,true,1,6892609
7290116053158,false,כוס זכוכית צרה 6 יח',,,כוס זכוכית צרה 6 יח',יחידה,0.00,יחידה,false,,10.90,0.0000,true,1,6892610
7290116053165,false,אטבי כביסה סופר מילניום,,,אטבי כביסה סופר מילנ,יח',1.00,יח',false,,19.90,19.9000,true,1,6890704
7290116053172,false,אטבי כביסה צבעוניים 30 יח',,,אטבי כביסה צבעוניים,יח',1.00,יח',false,,9.90,9.9000,true,1,6890496
7290116053189,false,אטבי כביסה עץ 24 יח',,,אטבי כביסה עץ 24 יח',יח',1.00,יח',false,,6.90,6.9000,true,1,6890497
7290116053202,false,קרש גיהוץ מתקפל איכותי,,,קרש גיהוץ מתקפל איכו,יחידה,0.00,יחידה,false,,99.90,0.0000,true,1,6909835
7290116053349,false,משטח פעילות מתקפל 180*150,,,*מבצע* משטח פעילות מ,יח',1.00,יח',false,,79.90,79.9000,true,1,6881819
7290116053356,false,"שמיכה מפנקת 200*150ס""מ",,,שמיכה מפנקת 200*150ס,יח,1.00,יח,false,,49.90,49.9000,true,1,6902613
7290116053363,false,"חמישיית מגבות ידיים 33*33 ס""מ לבן",,,חמישיית מגבות ידיים,יח',1.00,יח',false,,15.90,15.9000,true,1,6890378
7290116053387,false,"חמישיית מגבות ידיים 33*33 ס""מ כחול נייבי",,,חמישיית מגבות ידיים,יח',1.00,יח',false,,15.90,15.9000,true,1,6891229
7290116053394,false,"חמישיית מגבות ידיים 33*33 ס""מ אפור בהיר",,,חמישיית מגבות ידיים,יח',1.00,יח',false,,15.90,15.9000,true,1,6890380
7290116053400,false,"חמישיית מגבות ידיים 33*33 ס""מ אפור כהה",,,חמישיית מגבות ידיים,יח',1.00,יח',false,,15.90,15.9000,true,1,6890381
7290116053455,false,מטרפת סיליקון איכותית,,,מטרפת סיליקון איכותי,יח',1.00,יח',false,,9.90,9.9000,true,1,6897799
7290116053462,false,ידית סיליקון לסירים,,,ידית סיליקון לסירים,יח',1.00,יח',false,,9.90,9.9000,true,1,6897800
7290116053479,false,כפפה מקצועית לתנור מסיליקון,,,כפפה מקצועית לתנור מ,יח',1.00,יח',false,,19.90,19.9000,true,1,6897801
7290116053493,false,"מסננת רב שימושית איכותית 26 ס""מ",,,מסננת רב שימושית איכ,יח',1.00,יח',false,,12.90,12.9000,true,1,6897803
7290116053530,false,קולפן אגרונומי מעוצב,,,קולפן אגרונומי מעוצב,יח',1.00,יח',false,,14.90,14.9000,true,1,6897806
7290116053547,false,קולפן קישואון מעוצב,,,קולפן קישואון מעוצב,יח',1.00,יח',false,,9.90,9.9000,true,1,6897807
7290116053554,false,מגרדת מיני עם מיכל,,,מגרדת מיני עם מיכל,יח',1.00,יח',false,,14.90,14.9000,true,1,6897808
7290116053561,false,מספריים רב שימושיות,,,מספריים רב שימושיות,יח',1.00,יח',false,,14.90,14.9000,true,1,6897809
7290116053578,false,פורס ביצה משובח מחליף,,,פורס ביצה משובח מחלי,יח',1.00,יח',false,,11.90,11.9000,true,1,6897810
7290116053820,false,"מצע לפירות וירקות 30*47 ס""מ",,,מצע לפירות וירקות 30,יחידה,0.00,יחידה,false,,8.90,0.0000,true,1,6896761
7290116053837,false,מגב חלון איכותי מחליף,,,מגב חלון איכותי מחלי,יח',1.00,יח',false,,7.90,7.9000,true,1,6890705
7290116053844,false,מברשת מעוצבת לניקוי,,,מברשת מעוצבת לניקוי,יח',1.00,יח',false,,5.90,5.9000,true,1,6890706
7290116053851,false,אלמוגית בינונית,,,אלמוגית בינונית,יחידה,0.00,יחידה,false,,9.90,0.0000,true,1,6896736
7290116053868,false,רשת לצליה XL,,,רשת לצליה XL,יח',1.00,יח',false,,19.90,19.9000,true,1,6890707
7290116053882,false,מלקחיים נירוסטה,,,מלקחיים נירוסטה,יחידה,0.00,יחידה,false,,7.90,0.0000,true,1,6896966
7290116053905,false,סט כפות במבוק איכותיות,,,סט כפות במבוק איכותי,יח',1.00,יח',false,,9.90,9.9000,true,1,6890708
7290116053936,false,טי שרט לבן עגול L,,,טי שרט לבן עגול L,יחידה,0.00,יחידה,false,,20.90,0.0000,true,1,6879430
7290116054230,false,מארז 50 צלחות לבן 8.5' בסט וליו,,,מארז 50 צלחות לבן 8.,יח',1.00,יח',false,,15.90,15.9000,true,1,6848401
7290116054247,false,מארז 50 צלחות קרם 8.5' בסט וליו,,,מארז 50 צלחות קרם 8.,יח,50.00,יח,false,,15.90,0.3180,true,1,6848402
7290116054575,false,זוג שטיחי אמבטיה,,,זוג שטיחי אמבטיה,יחידה,0.00,יחידה,false,,49.90,0.0000,true,1,6867954
7290116054728,false,שטיח שנל מבריק 50*80,,,שטיח שנל מבריק 50*80,יח',1.00,יח',false,,39.90,39.9000,true,1,6881821
7290116054810,false,בקבוק בייסיק לבן כיתוב 630מל,,,בקבוק בייסיק לבן כית,יחידה,0.00,יחידה,false,,29.90,0.0000,true,1,6878166
7290116055046,false,צלחות בלה 7.5' (8 יח,,,צלחות בלה 7.5' (8 יח,יח',8.00,יח',false,,18.90,2.3625,true,1,6841098
7290116055053,false,צלחות בלה 9' (8 יח'),,,צלחות בלה 9' (8 יח'),יח',1.00,יח',false,,23.90,23.9000,true,1,6841099
7290116055060,false,צלחות בלה 10.4 (8 יח') לבן כסף,,,צלחות בלה 10.4 (8 יח,יח',1.00,יח',false,,27.90,27.9000,true,1,6841100
7290116055657,false,כוסות חד פעמי לשתייה חמה 40 יח,,,כוסות חד פעמי לשתייה,יח',1.00,יח',false,,6.90,6.9000,true,1,6858225
7290116055664,false,כוסות שתיה חמה 40 יחידות,,,כוסות שתיה חמה 40 יח,יח',1.00,יח',false,,11.90,11.9000,true,1,6850434
7290116055671,false,כוסות שתיה חמה ענקיות 30 יח,,,כוסות שתיה חמה ענקיו,יח',1.00,יח',false,,11.90,11.9000,true,1,6852934
7290116055688,false,כוסות אספרסו 40 יח' רמי לוי,,,כוסות אספרסו 40 יח',יח',1.00,יח',false,,4.90,4.9000,true,1,6887470
7290116056265,false,שטיח כניסה 45*75,,,שטיח כניסה 45*75,יח',1.00,יח',false,,35.90,35.9000,true,1,6851293
7290116056289,false,אקולוגית מרקיה קטנה 25יח,,,אקולוגית מרקיה קטנה,יח',25.00,יח',false,,8.90,0.3560,true,1,6898709
7290116056296,false,צלחת 9' קרם (50 יח') בסט וליו,,,צלחת 9 קרם 50יח בסט,יח',1.00,יח',false,,19.90,19.9000,true,1,6837266
7290116056302,false,צלחת 9' לבן (50 יח') בסט וליו,,,צלחת 9 לבן 50יח בסט,יח',1.00,יח',false,,19.90,19.9000,true,1,6837267
7290116056968,false,מטליות 50יח לניקוי וחיטוי 99.9%,,,מטליות 50יח לניקוי ו,יח',1.00,יח',false,,6.90,6.9000,true,1,6808901
7290116056975,false,סכין(10יח') לבן כסף,,,סכין(10יח') לבן כסף,יח',1.00,יח',false,,9.90,9.9000,true,1,6851370
7290116056982,false,מזלג(10יח') לבן כסף,,,מזלג(10יח') לבן כסף,יח',1.00,יח',false,,9.90,9.9000,true,1,6851371
7290116056999,false,כף (10יח') לבן כסף,,,כף (10יח') לבן כסף,יח',1.00,יח',false,,9.90,9.9000,true,1,6851372
7290116057170,false,מפיות דגם 1453,,,מפיות דגם 1453,יח',1.00,יח',false,,4.90,4.9000,true,1,6814614
7290116057729,false,בקבוק סופרט 600מל סגול סיאטל,,,בקבוק סופרט 600מל סג,יח',1.00,יח',false,,19.90,19.9000,true,1,6796957
7290116057736,false,בקבוק ספורט 600מל תכ,,,בקבוק ספורט 600מל תכ,יח',1.00,יח',false,,19.90,19.9000,true,1,6796958
7290116057804,false,בקבוק כדורגל 450מ,,,בקבוק כדורגל 450מ,יח',1.00,יח',false,,29.90,29.9000,true,1,6796845
7290116058061,false,בקבוק שתיה שייקר קורל,,,בקבוק שתיה שייקר קור,יח',1.00,יח',false,,19.90,19.9000,true,1,6796846
7290116058146,false,טוסקנה צלחת 10' 10יח,,,טוסקנה צלחת 10' 10יח,יח',1.00,יח',false,,22.90,22.9000,true,1,6800427
7290116058177,false,טוסקנה צלחת 9' קרם 10יח,,,טוסקנה צלחת 9' קרם 1,יח',1.00,יח',false,,15.90,15.9000,true,1,6800462
7290116058245,false,טוסקנה אובלי קרם קטן 10יח,,,טוסקנה אובלי קרם קטן,יח',1.00,יח',false,,8.90,8.9000,true,1,6800435
7290116058566,false,מפות פירנצה חתוכות,,,מפות פירנצה חתוכות,יח',1.00,יח',false,,7.90,7.9000,true,1,6814105
7290116058580,false,"מפות גליל ורוד 16מ 1.2ס""מ",,,מפות גליל ורוד 16מ 1,יח',1.00,יח',false,,32.90,32.9000,true,1,6814423
7290116059310,false,נר וניל כדורים לבן,,,נר וניל כדורים לבן,יח',1.00,יח',false,,19.90,19.9000,true,1,6856351
7290116059426,false,נר וניל צנצנת בורדו,,,נר וניל צנצנת בורדו,יח',1.00,יח',false,,19.90,19.9000,true,1,6856362
7290116071480,false,כבל 1M iPhone NEW VIMAX לבן ^,,,כבל 1M iPhone NEW VI,יח',1.00,יח',false,,14.90,14.9000,true,1,6774246
7290116071510,false,כבל 1M AUX NEW VIMAX שחור ^,,,כבל 1M AUX NEW VIMAX,יח',1.00,יח',false,,14.90,14.9000,true,1,6774273
7290116071534,false,כבל 2M TYPE C NEW VIMAX שחור,,,כבל 2M TYPE C NEW VI,יח',1.00,יח',false,,29.90,29.9000,true,1,6783311
7290116071558,false,כבל USB 3IN1 NEW VIMAX גלקסי & אייפון & TYPE-C,,,כבל USB 3IN1 NEW VIM,יח',1.00,יח',false,,19.90,19.9000,true,1,6783313
7290116071596,false,אוזניה MUSIC NEW VIMAX לבן,,,אוזניה MUSIC NEW VIM,יח',1.00,יח',false,,19.90,19.9000,true,1,6783314
7290116071718,false,מטען קיר NEW VIMAX ראש 2.1A,,,מטען קיר NEW VIMAX ר,יח',1.00,יח',false,,34.90,34.9000,true,1,6783326
7290116071732,false,מטען קיר ראש + כבל אייפון 2.1A,,,מטען קיר ראש + כבל א,יח',1.00,יח',false,,49.90,49.9000,true,1,6769168
7290116071749,false,מטען קיר ראש + כבל 2.1A TYPE C,,,מטען קיר ראש + כבל 2,יח',1.00,יח',false,,49.90,49.9000,true,1,6769169
7290116071756,false,מטען רכב NEW VIMAX ראש 2.1A,,,מטען רכב NEW VIMAX ר,יח',1.00,יח',false,,24.90,24.9000,true,1,6783327
7290116073194,false,כבל 1.2M C TO L NEW VIMAX לב,,,כבל 1.2M C TO L NEW,יח',1.00,יח',false,,19.90,19.9000,true,1,6802036
7290116511450,false,גרביי נשים חצי מגבת,,,גרביי נשים חצי מגבת,יח',1.00,יח',false,,20.00,20.0000,true,1,6835543
7290116511467,false,גרבי נשים (3) עיקביות מגבת מלה,,,גרבי נשים (3) עיקביו,יח',1.00,יח',false,,20.00,20.0000,true,1,6808260
7290116511504,false,גרבי בנים (3) כותנה ספורט,,,גרבי בנים (3) כותנה,יח',1.00,יח',false,,20.00,20.0000,true,1,6808261
7290116511757,false,גרביי נשים חמות,,,גרביי נשים חמות,יח',1.00,יח',false,,24.90,24.9000,true,1,6835916
7290116511887,false,גרביון נשים שחור 120 D,,,גרביון נשים שחור 120,יח',1.00,יח',false,,24.90,24.9000,true,1,6808266
7290116512969,false,גופיה טרמי לבן גבר לבן O מידה S,,,גופיה טרמי לבן גבר ל,יח',1.00,יח',false,,24.90,24.9000,true,1,6809870
7290116512990,false,גופיה טרמי לבן גבר לבן O מידה XL,,,גופיה טרמי לבן גבר ל,יח',1.00,יח',false,,24.90,24.9000,true,1,6809873
7290116513805,false,חמישיית תחתוני בנים,,,חמישיית תחתוני בנים,יחידה,0.00,יחידה,false,,20.00,0.0000,true,1,6866864
7290116514420,false,שלישיית גרביים גברים חצי,,,שלישיית גרביים גברים,יח',1.00,יח',false,,15.00,15.0000,true,1,6869048
7290116514437,false,שלישיית גרביים גברים אלגנט,,,שלישיית גרביים גברים,יח',1.00,יח',false,,15.00,15.0000,true,1,6869049
7290116514444,false,שלישיית גרביים גברים,,,שלישיית גרביים גברים,יח',1.00,יח',false,,15.00,15.0000,true,1,6869050
7290116514734,false,שלישיית גרבי נשים מיקס L.A.GEAR 36-41,,,שלישיית גרבי נשים מי,יחידה,0.00,יחידה,false,,20.00,0.0000,true,1,6916979
7290116514758,false,שלישיית גרבי נשים חצי מיקס L.A.GEAR 36-41,,,שלישיית גרבי נשים חצ,יחידה,0.00,יחידה,false,,20.00,0.0000,true,1,6916981
7290116514833,false,L.A.GEAR 43-46 זוגות גרבי גברים למטיילים,,,L.A.GEAR 43-46 זוגות,יחידה,0.00,יחידה,false,,20.00,0.0000,true,1,6916989
7290116514840,false,L.A.GEAR 43-46 זוגות גרבי גברים חם במיוחד,,,L.A.GEAR 43-46 זוגות,יחידה,0.00,יחידה,false,,30.00,0.0000,true,1,6916990
7290116514857,false,L.A.GEAR 36-41 זוגות גרבי נשים שניל,,,L.A.GEAR 36-41 זוגות,יחידה,0.00,יחידה,false,,30.00,0.0000,true,1,6916991
7290116514864,false,L.A.GEAR 36-41 זוגות גרבי נשים חם ונעים,,,L.A.GEAR 36-41 זוגות,יחידה,0.00,יחידה,false,,29.90,0.0000,true,1,6916992
7290116514871,false,זוגות קרסוליות נשים  פרווה מעוצבות L.A.GEAR 36,,,זוגות קרסוליות נשים,יחידה,0.00,יחידה,false,,20.00,0.0000,true,1,6916993
7290116514895,false,גרביונים נשים טרמי שחור ללא כף רגל  S-M,,,גרביונים נשים טרמי ש,יחידה,0.00,יחידה,false,,24.90,0.0000,true,1,6916995
7290116515069,false,נעלי גרב פרווה 36-41,,,נעלי גרב פרווה 36-41,יחידה,0.00,יחידה,false,,29.90,0.0000,true,1,6916997
7290116530000,false,"דאב - תרחיץ פנים מרענן בניחוח מלפפון ותה ירוק 180 מ""ל",אתר ליוור - HPC,IL,דאב תרחיץ פנים מלפפו,מטרים,180.00,100 מ'ל,false,,11.90,0.0661,true,1,6885727
7290116530062,false,הלמנס רוטב ויניגרט לסלט 295 גרם,אתר חיפה ממרחים - Fo,IL,הלמנס רוטב לסלט ויני,מטרים,295.00,100 מ'ל,false,,9.90,0.0336,true,1,6793670
7290116530109,false,חטיף קליק נוגט ציפוי שוקולד לבן 35 גרם,"טחנת האבן תעשיות בע""",IL,חטיף קליק אוקיי לבן,גרמים,38.00,100 גרם,false,,3.90,0.1026,true,1,6788417
7290116530185,false,"קורנפלקס דלישקד קרמל מלוח 400 גרם בד""ץ",יוניליוור שפע ישראל,IL,קורנפלקס דלישקד קרמל,גרמים,400.00,100 גרם,false,,19.70,0.0492,true,1,6802318
7290116530222,false,דאודרנט סטיק לגבר אנרכי 76 ג' אקס,יוניליוור,US,דאו אקס סטיק לגבר אנ,גרמים,76.00,100 גרם,false,,19.90,0.2618,true,1,6784114
7290116530482,false,תלמה מארז קורנפלקס אלופים 30 גרם*5 יחידו,פרו מן-יו פתרנות ארי,IL,קורנפלקס אלופים 5*30,גרמים,150.00,100 גרם,false,,9.90,0.0660,true,1,6802319
7290116530871,false,מיקס נשנושים 240 ג' בייגל בייגל,בייגל בייגל BB,IL,נשנושים מיקס 260 גר-,גרמים,260.00,100 גרם,false,,11.90,0.0458,true,1,6784072
7290116530888,false,ג'ל לכביסה לבנה וצבעונית פינוק כחול בדין 2.5 ל',"זוהר דליה, קיבוץ דלי",IL,בדין ג'ל לכביסה ברי,ליטרים,2.50,ליטר,false,,27.90,11.1600,true,1,6793675
7290116531069,false,קנור מרק בצל 100% רכיבים טבעיים 225 גרם,יוניליוור ישראל מזון,IL,קנור מרק בצל רכיבים,גרמים,225.00,100 גרם,false,,13.90,0.0618,true,1,6826520
7290116531076,false,מרק פטריות רכיבים טבעיים קטן 225 ג' קנור,יוניליוור ישראל מזון,IL,קנור מרק פטריות רכיב,גרמים,225.00,100 גרם,false,,13.90,0.0618,true,1,6826482
7290116531083,false,"ברנפלקס ללא ת.סוכר בטעם דבש בתוספת שקדים, 400 גרם",יוניליוור שפע ישראל,IL,"ברנפלקס ללת""ס שקדים",גרמים,400.00,100 גרם,false,,19.90,0.0497,true,1,6814181
7290116531090,false,דג-דג חטיף אפוי במליחות מעודנת 250 גרם,בייגל את בייגל מזון,IL,בייגלה דג דג 250 גרם,גרמים,250.00,100 גרם,false,,9.90,0.0396,true,1,6823719
7290116531496,false,קינמונים דגנים פריכים מצופים 375 גרם,נאוג'אזיס נווזיס UAB,LT,קורנפלקס קינמונים 37,גרמים,375.00,100 גרם,false,,18.90,0.0504,true,1,6858511
7290116531557,false,"פריכיות פתית תירס עם מלח 150 גרם כשל""פ",גוד פוד פרודקטס,PL,פתית פריכיות תירס דק,גרמים,150.00,100 גרם,false,,9.90,0.0660,true,1,6835788
7290116531564,false,מאגדת פתית פריכיות תירס דקות עם קינואה ובזיליקום 150 ג',גוד פוד פרודקטס,PL,פתית פריכיות תירס דק,גרמים,150.00,100 גרם,false,,9.90,0.0660,true,1,6835789
7290116531762,false,בדין דפי מרכך למייבש כביסה ורוד 40 יחיד,"קלינטסט - 3p ארה""ב",US,בדין דפים למייבש כבי,יח',40.00,יח',false,,14.90,0.3725,true,1,6831666
7290116531779,false,בדין דפי מרכך למייבש כביסה כחול 40 יחיד,"קלינטסט - 3p ארה""ב",US,בדין דפים למייבש כבי,יח',40.00,יח',false,,14.90,0.3725,true,1,6831667
7290116531793,false,הלמנס רוטב לסלט קיסר 295 גרם,יוניליוור ישראל מזון,IL,הלמנס רוטב לסלט קיסר,מיליליטרים,295.00,"100 מ""ל",false,,9.90,0.0336,true,1,6814207
7290116531885,false,"מיונז הלמנס טיבעוני בד""ץ 500 גר",יוניליוור ישראל מזון,IL,מיונז הלמנס טיבעוני,יחידה,0.00,יחידה,false,,12.90,0.0000,true,1,6885728
7290116531939,false,גלידונית קרמיסימו תות שטראוס 630 גרם,"גלידת שטראוס בע""מ, ר",IL,גלידונית קרמיסימו תו,גרמים,630.00,100 גרם,false,,39.80,0.0632,true,1,6849838
7290116532264,false,מאגדת גודיז פרי אפרסק יוגורט בציפוי 300 ג' שטראוס,"גלידת שטראוס בע""מ, ר",IL,גודיז פרי אפרסק 8יח,מטרים,420.00,100 מ'ל,false,,19.90,0.0474,true,1,6849839
7290116532271,false,סנדוויץ לייט גודיז שוקולד וניל 270 ג' שטראוס,"גלידת שטראוס בע""מ, ר",IL,גודיז סנדוויץ 6יח,מטרים,620.00,100 מ'ל,false,,19.90,0.0321,true,1,6849840
7290116532462,false,גלידת שמנת קליק בטעמי שוקולד בננה 384 ג' שטראוס,"גלידת שטראוס בע""מ, ר",IL,"פיינטים קליק 520 מ""",מיליליטרים,520.00,"100 מ""ל",false,,19.80,0.0381,true,1,6874541
7290116532585,false,דגני בוקר ברנפלקס קרנצ'ים בטעם דבש וקינמון,יוניליוור שפע ישראל,IL,ברנפלקס קרנצ'ים דבש,גרמים,375.00,100 גרם,false,,19.90,0.0531,true,1,6872273
7290116532721,false,רוטב הלמנס ישראלי לסלט לימון וזעתר 305 ג,אתר חיפה ממרחים - Fo,IL,הלמנס רוטב לסלט לימו,מיליליטרים,300.00,"100 מ""ל",false,,9.90,0.0330,true,1,6908227
7290116532738,false,רוטב לסלט הלמנס איטלקי בז' ואורגנו 305 ג,אתר חיפה ממרחים - Fo,IL,הלמנס רוטב לסלט בזיל,מיליליטרים,300.00,"100 מ""ל",false,,9.90,0.0330,true,1,6908228
7290116532899,false,נישנושים איירביס פלאפל 155 גרם,אתר בייגל - Food,IL,נשנושים איירביס פלאפ,גרמים,155.00,100 גרם,false,,11.90,0.0768,true,1,6913264
7290116533063,false,דגני בוקר שוגי קרטיב ענבים 400 גרם,אתר שפע - Food,IL,שוגי קרטיב ענבים 40,גרמים,400.00,100 גרם,false,,15.90,0.0398,true,1,6872279
7290116533216,false,"קנור מרק תיבול ירקות 235 מ""ל",יוניליוור,IL,קנור מרק ירקות 267 ג,גרמים,267.00,100 גרם,false,,13.90,0.0521,true,1,6908201
7290116930015,false,חטיף חלבון GO קרמל ח.בוטנים קריספי 20 גרם חלבון,בלמונט קונפקציות,US,גו חטיף חלבון טעם ק,גרמים,60.00,100 גרם,false,,11.90,0.1983,true,1,6883404
7290116930282,false,ארוחה בקטנה לאבנה עם קרקרים 150ג' תנובה,תנובה חלב,IL,ארוחת בוקר לאבנה עם,גרמים,150.00,100 גרם,false,,7.50,0.0500,true,1,6894923
7290116930435,false,יופלה גו במרקם סמיך עם דובדבן 0% 200מל,תנובה מרכז שיתופי לש,IL,יופלה גו במרקם סמיך,מטרים,200.00,100 מ'ל,false,,5.50,0.0275,true,1,6864837
7290116930459,false,"יופלה שייק מנגו בננה אננס וקוקוס 230 מ""ל",קבוצת המזון אקטשלאר,IL,יופלה שייק 230 מל,מטרים,230.00,100 מ'ל,false,,7.70,0.0335,true,1,6874454
7290116930466,false,"משקה SHAKE בננה מנגן פסיפלורה והל 230 מ""ל יופלה",קבוצת המזון אקטשלאר,IL,יופלה שייק 230 מל,מטרים,230.00,100 מ'ל,false,,7.70,0.0335,true,1,6874455
7290116930480,false,"משקה SHAKE בננה קיווי תפוח 230 מ""ל יופלה",קבוצת המזון אקטשלאר,IL,יופלה שייק 230 מל,מטרים,230.00,100 מ'ל,false,,7.70,0.0335,true,1,6874456
7290116930626,false,ארוחה בקטנה ציזיקי עם קרקרים 150ג' תנובה,תנובה חלב,IL,ארוחת בוקר ציז'קי עם,גרמים,150.00,100 גרם,false,,7.50,0.0500,true,1,6894924
7290116930701,false,מעדן חלב GO מועשר בחלבון בטעם קרמל מלוח,תנובה מרכז שיתופי לש,IL,מעדן חלב גו בטעם קרמ,מטרים,120.00,100 מ'ל,false,,4.60,0.0383,true,1,6874457
7290116930718,false,מעדן תנובה דיאט בטעם שוקולד וקרמל מלוח 0% 150ג' תנובה,"תנובה בע""מ",IL,מעדן חלב דל קלוריות,מיליליטרים,150.00,"100 מ""ל",false,,3.80,0.0253,true,1,6885120
7290116930725,false,סויה BIO קוקוס גביע 150 גרם אלטרנטיב,תנובה חלב,IL,סויה ביו קוקוס גביע,גרמים,150.00,100 גרם,false,,4.20,0.0280,true,1,6894926
7290116931074,false,פרוסות טל העמק 32% שומן 300 גרם,"תנובה בע""מ",IL,פרוסות טל עמק 300גר,גרמים,300.00,100 גרם,false,,24.90,0.0830,true,1,6907332
7290116931081,false,מעדן סויה - טופי קרמל 125 גרם אלטרנטיב,תנובה מרכז שיתופי לש,IL,מעדן סויה טעם טופי ק,גרמים,125.00,100 גרם,false,,3.70,0.0296,true,1,6894927
7290116931104,false,יופלה גו במרקם סמיך עם אננס 0% שומן 200ג',תנובה חלב,IL,יופלה גו במרקם סמיך,מטרים,200.00,100 מ'ל,false,,5.50,0.0275,true,1,6894928
7290117216071,false,שלשייית מזוודות+תיק BLACK,,,שלשייית מזוודות+תיק,יחידה,0.00,יחידה,false,,399.90,0.0000,true,1,6919756
7290117260005,false,קונפיטורה תות שדה 380 ג' ויליפוד,גסאס גנל גידה,TR,קונפיטורה תות שדה 38,גרמים,380.00,100 גרם,false,,7.90,0.0208,true,1,6858103
7290117260029,false,קונפיטורה דובדבנים 380 ג' ויליפוד,גסאס גנל גידה,TR,קונפיטורה דובדבנים 3,גרמים,380.00,100 גרם,false,,7.90,0.0208,true,1,6858105
7290117260036,false,קונפיטורה משמש 380 ג' ויליפוד,גסאס גנל גידה,TR,קונפיטורה משמש 380 ג,גרמים,380.00,100 גרם,false,,7.90,0.0208,true,1,6858106
7290117260043,false,ריבת עלי ורדים 380 ג' ויליפוד,וילי פוד,TR,ריבת עלי ורדים 380 ג,גרמים,380.00,100 גרם,false,,7.90,0.0208,true,1,6858107
7290117260050,false,קונפיטורה חבושים 380 ג' ויליפוד,וילי פוד,TR,קונפיטורה חבושים 380,גרמים,380.00,100 גרם,false,,7.90,0.0208,true,1,6858108
7290117260067,false,קונפיטורה תפוזים 380 ג' ויליפוד,וילי פוד,,קונפיטורה תפוזים 380,גרמים,380.00,100 גרם,false,,7.90,0.0208,true,1,6858109
7290117260104,false,חטיף גבינה לבנה בטעם תות שדה בציפוי שוקו,ז'ייאסבי,LT,חטיף גבינה ט.תות שדה,גרמים,120.00,100 גרם,false,,12.90,0.1075,true,1,6890610
7290117260333,false,גבינת שמנת עם חלפיניו 22% 200ג רמילוי,,,גבינת שמנת עם חלפיני,גרמים,200.00,100 גרם,false,,9.90,0.0495,true,1,6856891
7290117260432,false,פטריות שמפניון חתוכות 400ג רמילוי,,,פטריות שמפניון חתוכו,גרמים,400.00,100 גרם,false,,4.60,0.0115,true,1,6826489
7290117260463,false,גבינה בולגרית מעודנת למריחה עם חלפיניו 5% שומן 200 ג' יורו,Euro יורו מחלבות אירופה,IL,גבינה בולגרית למריחה,גרמים,200.00,100 גרם,false,,9.90,0.0495,true,1,6858277
7290117260470,false,גבינה בולגרית מעודנת למריחה עם שום 5% שומן 200 ג' יורו,"חת""ס",IL,גבינה בולגרית למריחה,גרמים,200.00,100 גרם,false,,9.90,0.0495,true,1,6858278
7290117260944,false,מיני גריסיני עם שמן זית ללא גלוטן 125 גרם ויליפוד,מודיאה אס.אר.אל,IT,מיני גריסיני שמן זית,גרמים,125.00,100 גרם,false,,9.70,0.0776,true,1,6839863
7290117261088,false,בוראטה גבינת מוצרלה רכה 125ג' 18%שומן,קסריה להפואנטה,ES,בוראטה גבינת מוצרלה,גרמים,125.00,100 גרם,false,,19.70,0.1576,true,1,6890580
7290117261354,false,גבינת ריקוטה 200 גרם 5%שומן מחלבת אירופה,באלבן גידה סנאי,TR,גבינת ריקוטה 200גרם,גרמים,200.00,100 גרם,false,,9.70,0.0485,true,1,6883400
7290117261378,false,גבינת קשקבל לייט 250 גרם 8% שומן מחלבת א,סאסו פטוראגס קומטויס,TR,גבינת קשקבל לייט 250,גרמים,250.00,100 גרם,false,,14.70,0.0588,true,1,6870048
7290117261385,false,גבינת פטה לייט 500 גרם 8% שומן מחלבת איר,באלבן גידה סנאי,TR,גבינת פטה לייט 500גר,גרמים,500.00,100 גרם,false,,19.90,0.0398,true,1,6883401
7290117261521,false,סלמון אטלנטי בשמן קנולה וילי פוד 120 גר,קריות זול,LV,סלמון אטלנטי בשמן קנ,גרמים,120.00,100 גרם,false,,9.90,0.0825,true,1,6890575
7290117261538,false,סלמון אטלנטי בשמן קנולה וצ'ילי 120 גרם,קריות זול,LV,סלמון אטלנטי בשמן קנ,גרמים,120.00,100 גרם,false,,9.90,0.0825,true,1,6890576
7290117261545,false,סלמון אטלנטי ברוטב טריאקי וילי פוד 120 ג,קריות זול,LV,סלמון אטלנטי ברוטב ט,גרמים,120.00,100 גרם,false,,9.90,0.0825,true,1,6890577
7290117261569,false,סלמון אטלנטי מעושן קנולה וילי פוד 120 גר,קריות זול,LV,סלמון אטלנטי מעושן ב,גרמים,120.00,100 גרם,false,,9.90,0.0825,true,1,6890579
7290117261590,false,סרדינים בריסלינג מעושנים בשמן זית (צנצנת,קריות זול,LV,סרדינים בריסלינג מעו,גרמים,120.00,100 גרם,false,,13.50,0.1125,true,1,6899896
7290117261934,false,בסיסים לחצ'פורי ומאפים מוקפאים 460 גרם ויליפוד,,GR,בסיסים לחצ'פורי מוקפ,גרמים,460.00,100 גרם,false,,14.70,0.0320,true,1,6890583
7290117380154,false,"מאסטר שף רוטב אסיאתי עם סויה 260 מ""ל",רמייה,NL,מאסטר שף רוטב סויה 2,מטרים,264.00,100 מ'ל,false,,8.90,0.0337,true,1,6853451
7290117380178,false,סוויט פוף חטיף מצופה שוקולד חלב,"טחנת האבן תעשיות בע""",IL,חטיף סוויט פוף שוקול,גרמים,55.00,100 גרם,false,,4.90,0.0891,true,1,6865431
7290117380185,false,סוויט פוף חטיף מצופה שוקולד חלב ולבן,"טחנת האבן תעשיות בע""",IL,חטיף סוויט פוף שוקול,גרמים,55.00,100 גרם,false,,4.90,0.0891,true,1,6865432
7290117380208,false,חטיף פוף קראנץ בטעם חמוץ חריף 60 גרם,מנה,IL,פוף קראנצ בטעם חמוץ,גרמים,60.00,100 גרם,false,,2.90,0.0483,true,1,6821097
7290117380215,false,חטיף פוף קראנץ בטעם טאקו 60 גרם,מנה,IL,פוף קראנצ בטעם טאקו,גרמים,60.00,100 גרם,false,,2.90,0.0483,true,1,6821076
7290117380857,false,"מרבה סלים דליס פייבר עוגות אישיות בטעם לימון, 120 גרם",שסטוביץ,NL,סלים דליס פייבר עוגו,גרמים,150.00,100 גרם,false,,10.80,0.0720,true,1,6865466
7290117380864,false,עוגות בראוניס אישיות בטעם שוקולד 120 ג' סלים דליס פייבר,הלמה הלום,NL,סלים דליס פייבר עוגו,גרמים,150.00,100 גרם,false,,10.80,0.0720,true,1,6870325
7290117380871,false,עוגות אישיות בטעם אוכמניות 120 ג' סלים דליס פייבר,הלמה הלום,NL,סלים דליס פייבר עוגו,גרמים,150.00,100 גרם,false,,10.80,0.0720,true,1,6865467
7290117381182,false,"רוטב סריראצה מאסטר שף 360 מ""ל",,TH,מאסטר שף רוטב סרירצ',מטרים,360.00,100 מ'ל,false,,14.90,0.0414,true,1,6919621
7290117381205,false,מאסטר שף שמן שומשום 370 גר,,,מאסטר שף שמן שומשום,מטרים,370.00,100 מ'ל,false,,22.90,0.0619,true,1,6911277
7290117381250,false,פוף פריכיות מצופות שוקולד מריר ותפוז 70 ג,שסטוביץ,RS,פוף פריכיות מצופות ש,גרמים,70.00,100 גרם,false,,7.90,0.1129,true,1,6888821
7290117382318,false,סלים דליס - חטיף חלבון מצופה שוקולד מריר 60 גרם,"י. מרבה ישראל בע""מ",IT,סלים דליס חטיף חלבון,יחידה,0.00,יחידה,false,,11.90,0.0000,true,1,6904156
7290117382325,false,סלים דליס - פרו 33 חטיף חלבון מצופה שוקולד חלב 60 גרם,"י. מרבה ישראל בע""מ",IT,סלים דליס פרו 33 חטי,יחידה,0.00,יחידה,false,,11.90,0.0000,true,1,6904157
7290117383735,false,"מארז זוג תחליב רחצה חימר ורדים *750 מ""ל פלמוליב",קולגייט פלמוליב,TR,פלמוליב חימר ורדים,גרמים,1500.00,100 גרם,false,,29.90,0.0199,true,1,6918119
7290117383742,false,"מארז זוג ג'ל רחצה לגבר 750 מ""ל פלמוליב",קולגייט פלמוליב,TR,פלמוליב גבר מרענן 75,גרמים,1500.00,100 גרם,false,,29.90,0.0199,true,1,6918120
7290117860038,false,"הוואי - תחליב רחצה יוגורט בניחוח אוכמניות 700 מ""ל","טרופיקל גליל בע""מ",IL,הוואי תחליב רחצה יוג,יחידה,0.00,יחידה,false,,13.90,0.0000,true,1,6927638
7290117860045,false,שמפו תמציות אלוורה ותה ירוק לשיער רגיל,"טרופיקל גליל בע""מ",IL,הוואי שמפו לשיער רגי,יחידה,0.00,יחידה,false,,13.90,0.0000,true,1,6927639
7290117860083,false,"קרם רחצה בניחוח אירוס זהוב ודבש 700 מ""ל הוואי","טרופיקל גליל בע""מ",IL,הוואי קרם רחצה בניחו,יחידה,0.00,יחידה,false,,13.90,0.0000,true,1,6927640
7290117860090,false,מרכך תמציות אלוורה ותה ירוק לשיער רגיל,"טרופיקל גליל בע""מ",IL,הוואי מרכך מטפח לשיע,יחידה,0.00,יחידה,false,,13.90,0.0000,true,1,6927641
7290117860137,false,"הוואי קרם רחצה בניחוח פרח הקמליה, 700 מ""ל","טרופיקל גליל בע""מ",IL,הוואי קרם רחצה בניחו,יחידה,0.00,יחידה,false,,13.90,0.0000,true,1,6927642
7290117860144,false,הוואי שמפו פירות אקזוטיים וקלנדולה 700,"טרופיקל גליל בע""מ",IL,הוואי שמפו למניעת קש,יחידה,0.00,יחידה,false,,13.90,0.0000,true,1,6927643
7290117860182,false,"הוואי - תחליב רחצה בניחוח מגנוליה ושמן שקדים 700 מ""ל","טרופיקל גליל בע""מ",IL,הוואי תחליב רחצה מגנ,יחידה,0.00,יחידה,false,,13.90,0.0000,true,1,6927644
7290117860199,false,שמפו שמן ורד הבר ושמן מקדמיה לשיער יבש,"טרופיקל גליל בע""מ",IL,הוואי שמפו לשיער יבש,יחידה,0.00,יחידה,false,,13.90,0.0000,true,1,6927645
7290117860243,false,"הוואי - מרכך מעניק לחות לשיער יבש 700 מ""ל","טרופיקל גליל בע""מ",IL,הוואי מרכך מעניק לחו,יחידה,0.00,יחידה,false,,13.90,0.0000,true,1,6927647
7290117860298,false,שמפו קומפלקס קרטין לשיער עדין או חלש,"טרופיקל גליל בע""מ",IL,הוואי שמפו קרטין מחז,יחידה,0.00,יחידה,false,,13.90,0.0000,true,1,6927649
7290117860342,false,מרכך קומפלקס קרטין לשיער עדין או חלש,"טרופיקל גליל בע""מ",IL,הוואי מרכך קרטין מחז,יחידה,0.00,יחידה,false,,13.90,0.0000,true,1,6927651
7290117860380,false,"תחליב רחצה יוגורט בניחוח אלוורה 700 מ""ל הוואי","טרופיקל גליל בע""מ",IL,הוואי תחליב רחצה יוג,יחידה,0.00,יחידה,false,,13.90,0.0000,true,1,6927652
7290117860397,false,שמפו תמצית פריחת הדובדבן לשיער רגיל,"טרופיקל גליל בע""מ",IL,הוואי שמפו פריחת הדו,יחידה,0.00,יחידה,false,,13.90,0.0000,true,1,6927653
7290117860496,false,"הוואי שמפו + מרכך 2 ב-1 לגבר 700 מ""ל-חדש","טרופיקל גליל בע""מ",IL,הוואי שמפו + מרכך 2,יחידה,0.00,יחידה,false,,13.90,0.0000,true,1,6927655
7290117860540,false,הוואי שמפו לילדים רוזמרין מנגו ומשמש 700,"טרופיקל גליל בע""מ",IL,הוואי שמפו עדין לילד,יחידה,0.00,יחידה,false,,13.90,0.0000,true,1,6927656
7290117860649,false,הוואי שמפו קרטין קיק ללא סולפטים 700 מל,"טרופיקל גליל בע""מ",IL,הוואי שמפו ללא סולפט,יחידה,0.00,יחידה,false,,13.90,0.0000,true,1,6927658
7290117860694,false,הוואי מרכך קרטין קיק ללא סולפטים 700 מל,"טרופיקל גליל בע""מ",IL,הוואי מרכך ללא סולפט,יחידה,0.00,יחידה,false,,13.90,0.0000,true,1,6927659
7290117860748,false,הוואי שמפו תמצית יסמין מעניק נפח 700 מל,"טרופיקל גליל בע""מ",IL,הוואי שמפו מעניק נפח,יחידה,0.00,יחידה,false,,13.90,0.0000,true,1,6927660
7290117860847,false,"הוואי רעננות מושלמת לגבר לשיער, גוף, פנים וזקן","טרופיקל גליל בע""מ",IL,הוואי שמפו 4 ב-1 לגב,יחידה,0.00,יחידה,false,,13.90,0.0000,true,1,6927662
7290117860892,false,"הוואי - תחליב רחצה יוגורט בניחוח וניל ודבש 700 מ""ל","טרופיקל גליל בע""מ",IL,הוואי תחליב רחצה יוג,יחידה,0.00,יחידה,false,,13.90,0.0000,true,1,6927663
7290117860946,false,"תחליב רחצה יוגורט בניחוח קוקוס 700 מ""ל הוואי","טרופיקל גליל בע""מ",IL,הוואי תחליב רחצה יוג,יחידה,0.00,יחידה,false,,13.90,0.0000,true,1,6927664
7290117860991,false,"תחליב רחצה יוגורט בניחוח שקדים 700 מ""ל הוואי","טרופיקל גליל בע""מ",IL,הוואי תחליב רחצה יוג,יחידה,0.00,יחידה,false,,13.90,0.0000,true,1,6927665
7290117900826,false,חמצוצים בטעם קולה 180 גרם רמי לוי,,,חמצוצים בטעם קולה 18,גרמים,180.00,100 גרם,false,,8.90,0.0494,true,1,6842633
7290117900871,false,מגש סוכריות גומי 700 גרם רמי לוי,,,מגש סוכריות גומי 700,גרמים,700.00,100 גרם,false,,28.90,0.0413,true,1,6842638
7290118070009,false,סט 12יח קליפסים לסגירת שקיות,,,סט 12יח קליפסים לסגי,יח',1.00,יח',false,,9.90,9.9000,true,1,6890711
7290118070023,false,סט כוסות פסטל מחליף,,,סט כוסות פסטל מחליף,יח,1.00,יח,false,,9.90,9.9000,true,1,6890735
7290118070047,false,"מגן מגירות וארונות 300*45 ס""מ",,,מגן מגירות וארונות 3,יח,1.00,יח,false,,9.90,9.9000,true,1,6890737
7290118070054,false,מערוך עץ מחליף,,,מערוך עץ מחליף,יח,1.00,יח,false,,14.90,14.9000,true,1,6890738
7290118070108,false,"שמיכה מפנקת 200*180ס""מ",,,שמיכה מפנקת 200*180ס,יח,1.00,יח,false,,49.90,49.9000,true,1,6902614
7290118070115,false,"שמיכת פרווה מפנקת 200*150 ס""מ",,,שמיכת פרווה מפנקת 20,יח,1.00,יח,false,,79.90,79.9000,true,1,6902615
7290118070122,false,"שמיכת פרווה עבה מפנקת 200*150 ס""מ",,,שמיכת פרווה עבה מפנק,יח,1.00,יח,false,,79.90,79.9000,true,1,6902616
7290118070146,false,מאפרת זכוכית מעוצבת מחליף,,,מאפרת זכוכית מעוצבת,יח,1.00,יח,false,,5.90,5.9000,true,1,6890740
7290118070184,false,ראש דוש BLUE MOCONA,,,ראש דוש BLUE MOCONA,יחידה,0.00,יחידה,false,,29.90,0.0000,true,1,6891230
7290118070207,false,שלישיית ווים נדבקים,,,שלישיית ווים נדבקים,יחידה,0.00,יחידה,false,,5.90,0.0000,true,1,6896992
7290118070214,false,אטבי כביסה 24,,,אטבי כביסה 24,יח,1.00,יח,false,,6.90,6.9000,true,1,6890746
7290118070221,false,אטבי כביסה בשקית,,,אטבי כביסה בשקית,יחידה,0.00,יחידה,false,,8.90,0.0000,true,1,6906411
7290118070245,false,קליפיסים לסגירת שקיות 4יח,,,קליפיסים לסגירת שקיו,יח,1.00,יח,false,,6.90,6.9000,true,1,6890747
7290118070252,false,מארז בלונים 50יח,,,מארז בלונים 50יח,יח,1.00,יח,false,,12.90,12.9000,true,1,6890773
7290118070269,false,שיפודי ברזל,,,שיפודי ברזל,יחידה,0.00,יחידה,false,,11.90,0.0000,true,1,6896994
7290118070276,false,פותחן ליין,,,פותחן ליין,יח,1.00,יח,false,,14.90,14.9000,true,1,6890748
7290118070283,false,כוס מרוקאית,,,כוס מרוקאית,יח',1.00,יח',false,,5.90,5.9000,true,1,6915868
7290118070313,false,מנגל נירוסטה גדול מתקפל,,,מנגל נירוסטה גדול מת,יחידה,0.00,יחידה,false,,89.90,0.0000,true,1,6901553
7290118070337,false,נעלי בית נשים (36-41) פרווה יוג'י שחור,,,נעלי בית נשים (36-41,יח',1.00,יח',false,,59.90,59.9000,true,1,6910993
7290118070368,false,נעלי בית נשים (36-41) פרווה כדור שחור,,,נעלי בית נשים (36-41,יח',1.00,יח',false,,59.90,59.9000,true,1,6910996
7290118070399,false,נעלי בית נשים (36-41) פרווה כדור לבן,,,נעלי בית נשים (36-41,יח',1.00,יח',false,,59.90,59.9000,true,1,6910999
7290118070405,false,נעלי בית נשים (36-41) פרווה TOY שחור,,,נעלי בית נשים (36-41,יח',1.00,יח',false,,59.90,59.9000,true,1,6911000
7290118070412,false,נעלי בית נשים (36-41) פרווה TOY בז',,,נעלי בית נשים (36-41,יח',1.00,יח',false,,59.90,59.9000,true,1,6911001
7290118070429,false,נעלי בית גברים (41-46) אפור בהיר,,,נעלי בית גברים (41-4,יח',1.00,יח',false,,59.90,59.9000,true,1,6911002
7290118070443,false,"שמיכת פרווה פסים מפנקת 200*150 ס""מ",,,שמיכת פרווה פסים מפנ,יח,1.00,יח,false,,79.90,79.9000,true,1,6902642
7290118070870,false,סדין זוגי ג'רזי 1.80*200 לבן,,,סדין זוגי ג'רזי 1.80,יח',1.00,יח',false,,69.90,69.9000,true,1,6884726
7290118070900,false,מפיות מודפסות,,,מפיות מודפסות,יח',1.00,יח',false,,4.90,4.9000,true,1,6891602
7290118070917,false,מפיות מודפסות,,,מפיות מודפסות,יח',1.00,יח',false,,4.90,4.9000,true,1,6891625
7290118070955,false,מפיות מודפסות,,,מפיות מודפסות,יח',1.00,יח',false,,4.90,4.9000,true,1,6891629
7290118071020,false,מפיות מודפסות,,,מפיות מודפסות,יח',1.00,יח',false,,4.90,4.9000,true,1,6891636
7290118071082,false,מפיות מודפסות,,,מפיות מודפסות,יח',1.00,יח',false,,4.90,4.9000,true,1,6891664
7290118071150,false,רולר נייר דבק לניקוי בדים + מילוי,,,רולר נייר דבק לניקוי,יח',1.00,יח',false,,9.90,9.9000,true,1,6893935
7290118071167,false,סט 12 עפרונות HB,,,סט 12 עפרונות HB,יח',1.00,יח',false,,2.90,2.9000,true,1,6892765
7290118071198,false,ערכת יצירה,,,ערכת יצירה,יחידה,0.00,יחידה,false,,1.00,0.0000,true,1,6894563
7290118071259,false,ערכת יצירה סול,,,ערכת יצירה סול,יחידה,0.00,יחידה,false,,4.90,0.0000,true,1,6894567
7290118071341,false,בצק משחק -פרה,,,בצק משחק -פרה,יחידה,0.00,יחידה,false,,14.90,0.0000,true,1,6894575
7290118071358,false,חול קינטי,,,חול קינטי,יחידה,0.00,יחידה,false,,14.90,0.0000,true,1,6894576
7290118071570,false,עט 8 צבעים,,,עט 8 צבעים,יחידה,0.00,יחידה,false,,6.90,0.0000,true,1,6894583
7290118071648,false,שדכן,,,שדכן,יח',1.00,יח',false,,9.90,9.9000,true,1,6892829
7290118071686,false,סט טושים,,,סט טושים,יחידה,0.00,יחידה,false,,14.90,0.0000,true,1,6894587
7290118071693,false,סט מחקים,,,סט מחקים,יחידה,0.00,יחידה,false,,6.90,0.0000,true,1,6894588
7290118071709,false,"מחברת אישית ""פןפ"" +עט",,,"מחברת אישית ""פןפ"" +ע",יחידה,0.00,יחידה,false,,7.90,0.0000,true,1,6894589
7290118071785,false,סט חותמות,,,סט חותמות,יחידה,0.00,יחידה,false,,5.90,0.0000,true,1,6894596
7290118071792,false,מארז 4 כוסות מאג זכוכית פרימיום,,,מארז 4 כוסות מאג זכו,יח',1.00,יח',false,,29.90,29.9000,true,1,6899957
7290118071815,false,נעלי בית גברים,,,נעלי בית גברים,יח',1.00,יח',false,,59.90,59.9000,true,1,6911909
7290118071822,false,נעלי בית גברים (41-46) יוג'י אפור בהיר,,,נעלי בית גברים (41-4,יח',1.00,יח',false,,59.90,59.9000,true,1,6911004
7290118071877,false,חנוכיה מעוצבת מעוטרת כסף,,,חנוכיה מעוצבת מעוטרת,יחידה,0.00,יחידה,false,,39.90,0.0000,true,1,6919382
7290118071914,false,חנוכיה מעוצבת מחומש כסף,,,חנוכיה מעוצבת מחומש,יחידה,0.00,יחידה,false,,99.90,0.0000,true,1,6919386
7290118071921,false,חנוכיה מעוצבת מחומש זהב,,,חנוכיה מעוצבת מחומש,יחידה,0.00,יחידה,false,,99.90,0.0000,true,1,6919387
7290118071938,false,כוס לקידוש כסף,,,כוס לקידוש כסף,יחידה,0.00,יחידה,false,,39.90,0.0000,true,1,6919388
7290118071945,false,כוס לקידוש זהב,,,כוס לקידוש זהב,יחידה,0.00,יחידה,false,,49.90,0.0000,true,1,6919389
7290118071952,false,חנוכייה מעוצבת קטנה 21סמ רגל מעוטרת כסף,,,חנוכייה מעוצבת קטנה,יחידה,0.00,יחידה,false,,39.90,0.0000,true,1,6919390
7290118071976,false,חנוכייה מעוצבת קטנה 20סמ רגל משושה כסף,,,חנוכייה מעוצבת קטנה,יחידה,0.00,יחידה,false,,39.90,0.0000,true,1,6919392
7290118072188,false,"שולחן מתקפל קטן 70*80*40 ס""מ",,,שולחן מתקפל קטן 70*8,יח',1.00,יח',false,,59.90,59.9000,true,1,6899983
7290118072379,false,קערה עמוקה שקוף נצנץ כסף (1 יח') חגיגית,,,קערה עמוקה שקוף נצנץ,יח',1.00,יח',false,,7.90,7.9000,true,1,6917274
7290118072386,false,קערה גדולה שקוף נצנץ זהב (1 יח') חגיגית,,,קערה גדולה שקוף נצנץ,יח',1.00,יח',false,,8.90,8.9000,true,1,6917275
7290118072416,false,"מחבת יציקה איכותית 20 ס""מ wood edition",,,מחבת יציקה איכותית 2,יח',1.00,יח',false,,49.90,49.9000,true,1,6912627
7290118072430,false,"מחבת יציקה איכותית 26 ס""מ wood edition",,,מחבת יציקה איכותית 2,יח',1.00,יח',false,,59.90,59.9000,true,1,6912629
7290118072485,false,"סיר יציקה משובח לבישול 16 ס""מ",,,סיר יציקה משובח לביש,יחידה,0.00,יחידה,false,,36.90,0.0000,true,1,6917285
7290118072492,false,מנגל קטן,,,מנגל קטן,יח',1.00,יח',false,,29.90,29.9000,true,1,6897678
7290118072508,false,"מחבת ווד אדישן מקצועית 20 ס""מ שחור",,,מחבת ווד אדישן מקצוע,יח',1.00,יח',false,,49.90,49.9000,true,1,6899985
7290118072553,false,מחבת פנקייק סמיילי,,,מחבת פנקייק סמיילי,יח',1.00,יח',false,,89.90,89.9000,true,1,6912660
7290118072591,false,מאג רוזה,,,מאג רוזה,יח',1.00,יח',false,,4.90,4.9000,true,1,6899988
7290118072607,false,מאג יהלום,,,מאג יהלום,יח',1.00,יח',false,,4.90,4.9000,true,1,6899989
7290118072621,false,כוס יין מעוטרת,,,כוס יין מעוטרת,יחידה,0.00,יחידה,false,,4.90,0.0000,true,1,6900018
7290118072638,false,כוס אספרסו,,,כוס אספרסו,יחידה,0.00,יחידה,false,,3.90,0.0000,true,1,6900019
7290118072669,false,מפה עם גומי לשולחן מתקפל 1.80,,,מפה עם גומי לשולחן מ,יחידה,0.00,יחידה,false,,19.90,0.0000,true,1,6915406
7290118072676,false,שולחן מתקפל,,,שולחן מתקפל,יח',1.00,יח',false,,119.90,119.9000,true,1,6909988
7290118072683,false,לפתניה לבן 20יח,,,לפתניה לבן 20יח,יח',20.00,יח',false,,2.90,0.1450,true,1,6919791
7290118072706,false,לבן מרקיה (20 יח') בסט וליו,,,לבן מרקיה (20 יח') ב,יח',1.00,יח',false,,4.90,4.9000,true,1,6919544
7290118072768,false,קרם צלחת 10' (20 יח') בסט וליו,,,קרם צלחת 10' (20 יח',יח',1.00,יח',false,,13.90,13.9000,true,1,6924147
7290118072829,false,לבן צלחת 7' (20יח'),,,לבן צלחת 7' (20יח'),יח',1.00,יח',false,,4.90,4.9000,true,1,6921353
7290118072850,false,זהב צלחת 10' (20 יח') בסט וליו,,,זהב צלחת 10' (20 יח',יח',1.00,יח',false,,13.90,13.9000,true,1,6921355
7290118072928,false,חנוכיה משואה,,,חנוכיה משואה,יחידה,0.00,יחידה,false,,89.90,0.0000,true,1,6906419
7290118072959,false,חנוכיה ציון,,,חנוכיה ציון,יחידה,0.00,יחידה,false,,49.90,0.0000,true,1,6919397
7290118072966,false,חנוכיה אורות,,,חנוכיה אורות,יחידה,0.00,יחידה,false,,59.90,0.0000,true,1,6919398
7290118072973,false,צידנית מתקפלת איכותית רמי לוי,,,צידנית מתקפלת איכותי,יחידה,0.00,יחידה,false,,19.90,0.0000,true,1,6913986
7290118072980,false,סביבון חללית,,,סביבון חללית,יחידה,0.00,יחידה,false,,13.90,0.0000,true,1,6906420
7290118072997,false,סביבון קשת,,,סביבון קשת,יחידה,0.00,יחידה,false,,14.90,0.0000,true,1,6917286
7290118073000,false,סביבון אימוג'י,,,סביבון אימוג'י,יחידה,0.00,יחידה,false,,13.90,0.0000,true,1,6917287
7290118073017,false,סביבון חד קרן,,,סביבון חד קרן,יחידה,0.00,יחידה,false,,13.90,0.0000,true,1,6917288
7290118073147,false,"קרש חיתוך מעוצב +משחיז סכינים 33.5*23.5*1.5 ס""מ",,,קרש חיתוך מעוצב +משח,יחידה,0.00,יחידה,false,,19.90,0.0000,true,1,6919399
7290118073222,false,כסף צלחת 10' (20יח') בסט וליו,,,כסף צלחת 10' (20יח'),יח',1.00,יח',false,,13.90,13.9000,true,1,6921383
7290118073307,false,קרסול שקוף 20יח,,,קרסול שקוף 20יח,יח',20.00,יח',false,,4.50,0.2250,true,1,6919826
7290118073314,false,שקוף מרקיה (20יח'),,,שקוף מרקיה (20יח'),יח',1.00,יח',false,,6.90,6.9000,true,1,6921385
7290118073338,false,צלחת שקוף מספר 9 20יח,,,צלחת שקוף מספר 9 20י,יח',20.00,יח',false,,8.90,0.4450,true,1,6919852
7290118073345,false,שקוף צלחת 10' (20יח') בסט וליו,,,שקוף צלחת 10' (20יח',יח',1.00,יח',false,,14.90,14.9000,true,1,6921387
7290118073352,false,שעון שבת / טיימר,,,שעון שבת / טיימר,יחידה,0.00,יחידה,false,,19.90,0.0000,true,1,6914231
7290118073420,false,"שטיח כניסה קוקוס איכותי 75*45 ס""מ",,,שטיח כניסה קוקוס איכ,יחידה,0.00,יחידה,false,,24.90,0.0000,true,1,6908771
7290118073437,false,"שטיח כניסה קוקוס משובח 60*40 ס""ס PVC",,,שטיח כניסה קוקוס משו,יחידה,0.00,יחידה,false,,19.90,0.0000,true,1,6908772
7290118073444,false,"שטיח כניסה קוקוס משובח 60*40 ס""מ PP",,,שטיח כניסה קוקוס משו,יחידה,0.00,יחידה,false,,19.90,0.0000,true,1,6908773
7290118073512,false,זוג קופסאות אחסון מיני פלסטיק,,,זוג קופסאות אחסון מי,יחידה,0.00,יחידה,false,,4.90,0.0000,true,1,6909803
7290118073536,false,קופסת אחסון HAPPI LOCK פלסטיק 1.35 ליטר,,,קופסת אחסון HAPPI LO,יחידה,0.00,יחידה,false,,19.90,0.0000,true,1,6909805
7290118073543,false,קופסת אחסון HAPPI LOCK פלסטיק 0.78 ליטר,,,קופסת אחסון HAPPI LO,יחידה,0.00,יחידה,false,,14.90,0.0000,true,1,6909806
7290118073550,false,מארז 5 קופסאות אחסון פלסטיק מלבניות,,,מארז 5 קופסאות אחסון,יחידה,0.00,יחידה,false,,19.90,0.0000,true,1,6909807
7290118073567,false,מארז 5 קופסאות אחסון פלסטיק מרובעות,,,מארז 5 קופסאות אחסון,יחידה,0.00,יחידה,false,,19.90,0.0000,true,1,6909808
7290118073581,false,מסננת סיליקון עגולה,,,מסננת סיליקון עגולה,יחידה,0.00,יחידה,false,,19.90,0.0000,true,1,6917289
7290118073598,false,מסננת סיליקון מתקפלת,,,מסננת סיליקון מתקפלת,יחידה,0.00,יחידה,false,,19.90,0.0000,true,1,6917290
7290118073628,false,"סט סכו""ם יוקרתי 24 חלקים זהב מט",,,"סט סכו""ם יוקרתי 24 ח",יחידה,0.00,יחידה,false,,59.90,0.0000,true,1,6919401
7290118073642,false,"סט סכו""ם יוקרתי 24 חלקים זהב מבריק",,,"סט סכו""ם יוקרתי 24 ח",יחידה,0.00,יחידה,false,,59.90,0.0000,true,1,6919403
7290118073659,false,"סט סכו""ם יוקרתי 24 חלקים כסף מבריק",,,סט סכום יוקרתי 24 חל,יח',1.00,יח',false,,49.90,49.9000,true,1,6912126
7290118073666,false,משקפי ראיה מעוצבות,,,משקפי ראיה מעוצבות,יחידה,0.00,יחידה,false,,10.90,0.0000,true,1,6906423
7290118073673,false,"סט 3 תחתיות שעם לסירים 1*18.5 ס""מ כיתוב עברית",,,סט 3 תחתיות שעם לסיר,יחידה,0.00,יחידה,false,,24.90,0.0000,true,1,6906424
7290118073680,false,כדורי ספוג עדינים שלישייה רמי לוי,,,כדורי ספוג עדינים של,יח',1.00,יח',false,,8.90,8.9000,true,1,6923573
7290118073697,false,חנוכייה מתכת צבעונית,,,חנוכייה מתכת צבעונית,יחידה,0.00,יחידה,false,,9.90,0.0000,true,1,6929361
7290118073703,false,כרית ויסקו איכותית,,,כרית ויסקו איכותית,יחידה,0.00,יחידה,false,,69.90,0.0000,true,1,6907714
7290118073710,false,מקל מטאטא מחוזק 130סמ צבעוני,,,מקל מטאטא מחוזק 130ס,יחידה,0.00,יחידה,false,,6.90,0.0000,true,1,6917884
7290118073727,false,מגב בלו דיימונד פטנט,,,מגב בלו דיימונד פטנט,יח',1.00,יח',false,,19.90,19.9000,true,1,6919929
7290118073734,false,"מגב איכותי 43 ס""מ",,,"מגב איכותי 43 ס""מ",יח',1.00,יח',false,,9.90,9.9000,true,1,6919930
7290118073741,false,"מגב איכותי 55 ס""מ",,,"מגב איכותי 55 ס""מ",יח',1.00,יח',false,,14.90,14.9000,true,1,6919931
7290118073802,false,חגורה נמתחת,,,חגורה נמתחת,יח',1.00,יח',false,,14.90,14.9000,true,1,6924699
7290118073819,false,מברשת למנגל,,,מברשת למנגל,יחידה,0.00,יחידה,false,,9.90,0.0000,true,1,6919405
7290118073826,false,מלחיה זכוכית,,,מלחיה זכוכית,יחידה,0.00,יחידה,false,,2.90,0.0000,true,1,6906425
7290118073857,false,"תבנית הפלא לתנור 30*22.5 ס""מ",,,תבנית הפלא לתנור 30*,יחידה,0.00,יחידה,false,,59.90,0.0000,true,1,6919406
7290118073888,false,סט קוצצי ציפורניים גדול,,,סט קוצצי ציפורניים ג,יח',1.00,יח',false,,14.90,14.9000,true,1,6924732
7290118073949,false,אלמוגית ענקית,,,אלמוגית ענקית,יח',1.00,יח',false,,11.90,11.9000,true,1,6924701
7290118073956,false,אלמוגית מברשת שיניים,,,אלמוגית מברשת שיניים,יח',1.00,יח',false,,9.90,9.9000,true,1,6924702
7290118073970,false,"קערת פסים צבעונית ענקית 30 ס""מ גובה 17.5 ס""מ",,,קערת פסים צבעונית ענ,יחידה,0.00,יחידה,false,,14.90,0.0000,true,1,6919408
7290118073994,false,"סט 4 קערות צבעוניות מרובעות 14 ס""מ גובה 7 ס""מ",,,סט 4 קערות צבעוניות,יחידה,0.00,יחידה,false,,9.90,0.0000,true,1,6919410
7290118074113,false,סלסלה מלבנית נקודות,,,סלסלה מלבנית נקודות,יחידה,0.00,יחידה,false,,9.90,0.0000,true,1,6917292
7290118074144,false,קופסת אחסון גדולה + מכסה וידית,,,קופסת אחסון גדולה +,יחידה,0.00,יחידה,false,,15.90,0.0000,true,1,6919412
7290118074205,false,קערת פופקורן בינונית,,,קערת פופקורן בינונית,יחידה,0.00,יחידה,false,,7.90,0.0000,true,1,6917294
7290118074212,false,קערת פופקורן ענקית,,,קערת פופקורן ענקית,יחידה,0.00,יחידה,false,,14.90,0.0000,true,1,6917295
7290118074236,false,פינגאן מצופה איכותי,,,פינגאן מצופה איכותי,יחידה,0.00,יחידה,false,,29.90,0.0000,true,1,6919414
7290118074250,false,תבנית קפיץ מעוצבת,,,תבנית קפיץ מעוצבת,יחידה,0.00,יחידה,false,,29.90,0.0000,true,1,6917296
7290118074304,false,סכומון מעוצב בינוני,,,סכומון מעוצב בינוני,יחידה,0.00,יחידה,false,,14.90,0.0000,true,1,6906426
7290118074342,false,כף הגשה נירוסטה איכותית,,,כף הגשה נירוסטה איכו,יחידה,0.00,יחידה,false,,14.90,0.0000,true,1,6919418
7290118074373,false,קערת נירוסטה 22C,,,קערת נירוסטה 22C,יחידה,0.00,יחידה,false,,14.90,0.0000,true,1,6917297
7290118074380,false,קערת נירוסטה 26CC,,,קערת נירוסטה 26CC,יחידה,0.00,יחידה,false,,19.90,0.0000,true,1,6917298
7290118074397,false,קערת נירוסטה 30CC,,,קערת נירוסטה 30CC,יחידה,0.00,יחידה,false,,24.90,0.0000,true,1,6917299
7290118074427,false,"מסננת ידית ברזל 20 ס""מ",,,מסננת ידית ברזל 20 ס,יחידה,0.00,יחידה,false,,15.90,0.0000,true,1,6906427
7290118074441,false,מסננת רשת M,,,מסננת רשת M,יחידה,0.00,יחידה,false,,14.90,0.0000,true,1,6919420
7290118074458,false,מסננת רשת L,,,מסננת רשת L,יחידה,0.00,יחידה,false,,19.90,0.0000,true,1,6919421
7290118074489,false,שלישיית פותחנים,,,שלישיית פותחנים,יח',1.00,יח',false,,4.90,4.9000,true,1,6924735
7290118074496,false,פומפייה נירוסטה ענקית,,,פומפייה נירוסטה ענקי,יח',1.00,יח',false,,24.90,24.9000,true,1,6924736
7290118074502,false,פומפייה 4 כיוונים,,,פומפייה 4 כיוונים,יחידה,0.00,יחידה,false,,24.90,0.0000,true,1,6919423
7290118074533,false,שפריצר מיכל אלומניום,,,שפריצר מיכל אלומניום,יחידה,0.00,יחידה,false,,11.90,0.0000,true,1,6906428
7290118074618,false,שישיית ווים לתליה,,,שישיית ווים לתליה,יח',1.00,יח',false,,9.90,9.9000,true,1,6924738
7290118074632,false,שלישית ווים ניצמדים בוואקום MOCONA,,,שלישית ווים ניצמדים,יחידה,0.00,יחידה,false,,5.90,0.0000,true,1,6919427
7290118074649,false,ראש דוש מונקו MOCONA,,,ראש דוש מונקו MOCONA,יחידה,0.00,יחידה,false,,49.90,0.0000,true,1,6919428
7290118074663,false,אולר הישרדות,,,אולר הישרדות,יחידה,0.00,יחידה,false,,29.90,0.0000,true,1,6919430
7290118074687,false,קולפן פרות וירקות,,,קולפן פרות וירקות,יחידה,0.00,יחידה,false,,9.90,0.0000,true,1,6919431
7290118074700,false,סט כפות מדידה,,,סט כפות מדידה,יחידה,0.00,יחידה,false,,9.90,0.0000,true,1,6919432
7290118074724,false,מספריים לעוף,,,מספריים לעוף,יח',1.00,יח',false,,9.90,9.9000,true,1,6924741
7290118075301,false,קופסת אחסון 0.65 ליטר 6 יח',,,קופסת אחסון 0.65 ליט,יח',1.00,יח',false,,9.90,9.9000,true,1,6901760
7290118078050,false,כוס לקידוש עם צלחת מעויינים כסף,,,כוס לקידוש עם צלחת מ,יחידה,0.00,יחידה,false,,49.90,0.0000,true,1,6919440
7290118078067,false,כוס לקידוש עם צלחת מעוטרת כסף,,,כוס לקידוש עם צלחת מ,יחידה,0.00,יחידה,false,,49.90,0.0000,true,1,6919441
7290118078241,false,מפיץ ריח DREAMS PATCHOULI,,,מפיץ ריח DREAMS PATC,יחידה,0.00,יחידה,false,,19.90,0.0000,true,1,6870296
7290118078296,false,מבשם WHITE SAND,,,מבשם WHITE SAND,יחידה,0.00,יחידה,false,,14.90,0.0000,true,1,6870301
7290118078302,false,מבשם ROYAL BOUTIQUE,,,מבשם ROYAL BOUTIQUE,יחידה,0.00,יחידה,false,,14.90,0.0000,true,1,6870302
7290118078319,false,מבשם PREMIUM RSORT,,,מבשם PREMIUM RSORT,יחידה,0.00,יחידה,false,,14.90,0.0000,true,1,6870330
7290118078616,false,מפיות מודפסות 20 יח,,,מפיות מודפסות 20 יח,יחידה,0.00,יחידה,false,,4.90,0.0000,true,1,6908809
7290118078647,false,מפיות מודפסות 20 יח,,,מפיות מודפסות 20 יח,יחידה,0.00,יחידה,false,,4.90,0.0000,true,1,6908811
7290118078661,false,חנוכיה מעוצבת עלים ירוק,,,חנוכיה מעוצבת עלים י,יח',1.00,יח',false,,69.90,69.9000,true,1,6912632
7290118078678,false,חנוכיה מעוצבת קלאסית מגן דוד כסף,,,חנוכיה מעוצבת קלאסית,יח',1.00,יח',false,,24.90,24.9000,true,1,6912633
7290118078746,false,נטלה מעוצבת - אפור,,,נטלה מעוצבת - אפור,יחידה,0.00,יחידה,false,,19.90,0.0000,true,1,6906445
7290118078760,false,*מבצע* ערכת אומנות ע,,,*מבצע* ערכת אומנות ע,יח',1.00,יח',false,,29.90,29.9000,true,1,6893329
7290118080176,false,מגבת פנים REPLAY אפור 85*48,,,מגבת פנים REPLAY אפו,יח',1.00,יח',false,,39.90,39.9000,true,1,6895202
7290118080183,false,מגבת פנים REPLAY אפור כהה 85*48,,,מגבת פנים REPLAY אפו,יח',1.00,יח',false,,39.90,39.9000,true,1,6895203
7290118080206,false,מגבת גוף REPLAY בז' 125*68,,,מגבת גוף REPLAY בז',יח',1.00,יח',false,,59.90,59.9000,true,1,6895205
7290118080220,false,מגבת גוף REPLAY אפור 125*68,,,מגבת גוף REPLAY אפור,יח',1.00,יח',false,,59.90,59.9000,true,1,6895207
7290118080237,false,מגבת גוף REPLAY אפור כהה 125*68,,,מגבת גוף REPLAY אפור,יח',1.00,יח',false,,59.90,59.9000,true,1,6895208
7290118420378,false,פתיבר פינוקים בטעם תותים בשמנת - חלבי,קריות זול,IL,פתי בר פינוקים 220גר,גרמים,220.00,100 גרם,false,,9.90,0.0450,true,1,6920886
7290118420477,false,בייגלה שטוחים טעם ביסלי בצל אסם 300 גרם,"אסם תעשיות בע""מ",IL,בייגלה שטוחים טעם בי,גרמים,300.00,100 גרם,false,,9.90,0.0330,true,1,6920918
7290118420514,false,אינסטנט פודינג בטעם נוגט אסם 75 גרם,"אסם תעשיות בע""מ",IL,אינסטנט פודינג בטעם,גרמים,75.00,100 גרם,false,,4.90,0.0653,true,1,6920887
7290119041381,false,עוגיות סהרונים מצופות 350גרמי לוי,,,עוגיות סהרונים מצופו,גרמים,350.00,100 גרם,false,,14.90,0.0426,true,1,6924515
7290119041435,false,עוגיות נסיכה טעם תות מצופות 350גרמי לוי,,,עוגיות נסיכה טעם תות,גרמים,350.00,100 גרם,false,,14.90,0.0426,true,1,6924516
7290119041534,false,עוגיות מרוקאיות עבות מצופות 350גרמי לוי,,,עוגיות מרוקאיות עבות,גרמים,350.00,100 גרם,false,,14.90,0.0426,true,1,6924518
7290119041633,false,עוגיות פסים עלים מסוכרות מצופות 350גרמי לוי,,,עוגיות פסים עלים מסו,גרמים,350.00,100 גרם,false,,14.90,0.0426,true,1,6924520
7290119041732,false,עוגיות קוואקר ופצפוצי שוקו מצופות 350גרמי לוי,,,עוגיות קוואקר ופצפוצ,גרמים,350.00,100 גרם,false,,14.90,0.0426,true,1,6924522
7290616784039,false,טחינה פרימיום משומשו,,,טחינה פרימיום משומשו,גרמים,500.00,100 גרם,false,,11.90,0.0238,true,1,6802263
7291044048841,false,כבל מאריך 4 3X1.5 מטר,,,כבל מאריך 4 3X1.5 מט,יחידה,0.00,יחידה,false,,29.90,0.0000,true,1,1011207
7291044048865,false,כבל מאריך 10 3X1.5 מטר,,,כבל מאריך 10 3X1.5 מ,יח',1.00,יח',false,,49.90,49.9000,true,1,1011209
7291044053128,false,קומקום נירוסטה איכות,,,קומקום נירוסטה איכות,יח',1.00,יח',false,,89.90,89.9000,true,1,1208582
7291044053159,false,קומקום חשמלי יונדאי פנינה 2 ל,,IL,קומקום חשמלי פנינה 2,יח',1.00,יח',false,,59.90,59.9000,true,1,1208585
7291044061505,false,קומקום חשמלי יונדאי שחור 2 ל,,IL,קומקום חשמלי שחור 2,יח',1.00,יח',false,,59.90,59.9000,true,1,1208591
7291044064025,false,מגהץ אדים 2200וואט ק,,IL,מגהץ אדים 2200W קרמי,יח',1.00,יח',false,,59.90,59.9000,true,1,1189452
7291044066289,false,טוסטר לחיצה ל-4 פרוסות גריל HY,,IL,טוסטר לחיצה ל-4 פרוס,יח',1.00,יח',false,,129.90,129.9000,true,1,1208600
7291044069754,false,מפצל חשמל סמיקום 1 ל-3 תפזורת,,,מפצל חשמל 1 ל SEMICO,יחידה,0.00,יחידה,false,,14.90,0.0000,true,1,1221521
7291044069761,false,מפצל חשמל 1 ל-2 סמיקום D11:D30 תפזורת,סמיקום Semicom,,מפצל חשמל 1 ל SEMICO,יחידה,0.00,יחידה,false,,9.90,0.0000,true,1,1221522
7291044070989,false,רבעיית סוללות אלקליין רמי לוי AA,,,רבעיית סוללות אלקליי,יח',4.00,יח',false,,4.90,1.2250,true,1,1221868
7291044070996,false,רבעיית סוללות אלקליין רמי לוי AAA,,,רבעיית סוללות אלקליי,יח',4.00,יח',false,,4.90,1.2250,true,1,1221869
7291044077209,false,מארז סוללות רמי לוי,,,מארז סוללות 12 יח,יח',12.00,יח',false,,14.90,1.2417,true,1,2133823
7291044091311,false,קוצץ ירקות (200W (1-2-3 יונדאי,יונדאי Hyundai,IL,קוצץ ירקות (200W (1-,יח',1.00,יח',false,,99.90,99.9000,true,1,6788134
7291044091328,false,בלנדר חשמלי(מוט) 350W יונדאי,יונדאי Hyundai,,בלנדר חשמלי(מוט) 350,יח',1.00,יח',false,,69.90,69.9000,true,1,6787987
7291044098631,false,קומקום נירוסטה כסוף 1.7 יונדאי,,,קומקום נירוסטה כסוף,יח',1.00,יח',false,,69.90,69.9000,true,1,6788139
7291044099225,false,קומקום חשמלי שחור 1.,,IL,קומקום חשמלי שחור 1.,יח',1.00,יח',false,,49.90,49.9000,true,1,6788140
7291044101706,false,*מבצע* מפזר חום יונד,יונדאי Hyundai,,*מבצע* מפזר חום יונד,יח',1.00,יח',false,,49.90,49.9000,true,1,6815329
7291044105315,false,מיחם שבת עד 30 כוסות,,,מיחם שבת עד 30 כוסות,יח',1.00,יח',false,,259.90,259.9000,true,1,6788107
7291044105322,false,מיחם שבת עד 40 כוסות,,,מיחם שבת עד 40 כוסות,יח',1.00,יח',false,,269.90,269.9000,true,1,6788108
7291074000406,false,תבנית מלבנית עם ידיות 2.9ל זכוכית סולתם,,,תבנית מלבנית עם ידיו,יח',1.00,יח',false,,49.90,49.9000,true,1,6889276
7291074013864,false,"סכין שף 20 ס""מ ידית שחורה סולתם",,,"סכין שף 20 ס""מ ידית",יח',1.00,יח',false,,29.90,29.9000,true,1,6889278
7291074013871,false,"סכין סנטוקו 17.5 ס""מ ידית שחורה סולתם",,,"סכין סנטוקו 17.5 ס""מ",יח',1.00,יח',false,,29.90,29.9000,true,1,6889279
7291192418077,false,רעשן שמש,,,רעשן שמש,יחידה,0.00,יחידה,false,,19.90,0.0000,true,1,6891963
7291192419067,false,רעשן משקולות,,,רעשן משקולות,יחידה,0.00,יחידה,false,,19.90,0.0000,true,1,6891964
7291594895759,false,מובייל פעמון רוח ארנ,,,מובייל פעמון רוח - א,יחידה,0.00,יחידה,false,,59.90,0.0000,true,1,6884121
7296049015775,false,תאורת חירום נטענת 44 לדים,,,תאורת חירום נטענת 44,יחידה,0.00,יחידה,false,,39.90,0.0000,true,1,6920446
7296058000069,false,פריכיות אורז אריזת חיסכון 310 גרם,פרח תעשיות,IL,פריכיות פרח מארז חיס,גרמים,310.00,100 גרם,false,,13.50,0.0435,true,1,4944115
7296058000298,false,מארז פריכיות 310ג רמילוי,,,מארז פריכיות 310ג רמ,גרמים,300.00,100 גרם,false,,13.50,0.0450,true,1,4411184
7296058000519,false,פריכיות כוסמת דל נתרן 130 גרם,,IL,פרכיות פרח כוסמת דל,גרמים,130.00,100 גרם,false,,7.80,0.0600,true,1,4944133
7296155149791,false,נפת קוסקוס,,,נפת קוסקוס,יח',1.00,יח',false,,29.90,29.9000,true,1,2164077
7296155152418,false,מדף ניאגרה ראטן,,,מדף ניאגרה,יח',1.00,יח',false,,29.90,29.9000,true,1,1231630
7296155152739,false,נטלה שיש סטאר,,,נטלה שיש סטאר,יח',1.00,יח',false,,8.90,8.9000,true,1,6875472
7296155152814,false,תפסן למקלות על דלת,,,תפסן למקלות על דלת,יחידה,0.00,יחידה,false,,24.90,0.0000,true,1,6912548
7296155152845,false,מתקן כוסות משולב,,,מתקן כוסות משולב,יחידה,0.00,יחידה,false,,9.90,0.0000,true,1,6912549
7296168010118,false,בדיקות ביוץ 10 סטריפים,,,בדיקת ביוץ 10 יח,יח',1.00,יח',false,,19.90,19.9000,true,1,6821890
7296168010590,false,פדים להסרת איפור 80*,,,צמר גפן דיסקיות,יח',1.00,יח',false,,15.90,15.9000,true,1,4158366
7296168014826,false,מברשת לצחצוח נעליים,איתן,,מברשת לצחצוח נעליים,יח',30.00,יח',false,,6.90,0.2300,true,1,4035339
7296168015519,false,סדין נוער 90*190/200,,,סדין שעוונית,יח',1.00,יח',false,,14.90,14.9000,true,1,1130138
7296168035012,false,צמר גפן אורגני רמילוי,,,צמר גפן אורגני רמילו,יח',1.00,יח',false,,6.90,6.9000,true,1,6759759
7296168070600,false,קיסמי שיניים דנטלים,,,קיסמי שיניים דנטלים,יח',1.00,יח',false,,9.90,9.9000,true,1,3124981
7296168089343,false,נשכן עוגייה,,,נשכן עוגייה,יח',1.00,יח',false,,24.90,24.9000,true,1,6747922
7296168092923,false,תחתון חד פעמי רשתוני,פאר פארם,,רישתונים תחתוני רשת,יח',1.00,יח',false,,14.90,14.9000,true,1,1130142
7296168100079,false,ערכה לבדיקת היריון,איתן,,ערכה לבדיקת היריון,יח',1.00,יח',false,,12.90,12.9000,true,1,1130118
7296168106170,false,קיסמי שיניים חוט כפול,,,קיסמי שיניים חוט כפו,יח',1.00,יח',false,,9.90,9.9000,true,1,6074204
7296168110016,false,ערכת הריון 6 סטריפים,,,בדיקת הריון 6 סטריפי,יח',1.00,יח',false,,29.90,29.9000,true,1,5055404
7296168113598,false,כפפות ניטרלי כחולות רפואיות XL,איתן,,כפפות ניטרלי כחולות,יח',1.00,יח',false,,29.90,29.9000,true,1,1207425
7296168113772,false,כפפות ניטרילי שחורות XL,,,כפפות ניטרילי שחורות,יחידה,0.00,יחידה,false,,27.90,0.0000,true,1,6271046
7296168158766,false,אלכוהול 70%,,,אלכוהול 70%,קילו,100.00,קילו,false,,9.90,0.0990,true,1,5152655
7296168258886,false,רפידות הנקה 30,,,רפידות הנקה 30,יח',1.00,יח',false,,16.90,16.9000,true,1,6268064
7296168330018,false,סינר גמיש לתינוק,,,סינר גמיש לתינוק,יח',1.00,יח',false,,19.90,19.9000,true,1,6787862
7296168330049,false,כפית סיליקון לתינוק,,,כפית סיליקון לתינוק,יח',1.00,יח',false,,12.90,12.9000,true,1,6788876
7296168330087,false,בקבוק לתינוק 270 מל,,,בקבוק לתינוק 270 מל,יח',1.00,יח',false,,15.90,15.9000,true,1,6785359
7296168330117,false,מוצץ 0-6,,,מוצץ 0-6,יח',1.00,יח',false,,18.90,18.9000,true,1,6785362
7296168705113,false,וולטרס קיסמי שיניים דנטליים,ארוינג טישו,CN,קיסמי שיניים דינטלים,יח',300.00,יח',false,,14.90,0.0497,true,1,1130147
7297094010999,false,שלישיית חיתולי טטרה בנות,,,שלישיית חיתולי טטרה,יח',1.00,יח',false,,19.90,19.9000,true,1,6875419
7297094120469,false,סט קומפלט 100% כותנה זוגי 1.60,,,סט קומפלט 100% כותנה,יחידה,0.00,יחידה,false,,199.90,0.0000,true,1,6906862
7297094121299,false,"סט 2 חלקים 100% כותנה יחיד 90 ס""מ גינס",,,סט 2 חלקים 100% כותנ,יח',1.00,יח',false,,39.90,39.9000,true,1,6894475
7297094121329,false,"סט 2 חלקים 100% כותנה מיטה וחצי 1.20 ס""מ אפור כהה",,,סט 2 חלקים 100% כותנ,יח',1.00,יח',false,,49.90,49.9000,true,1,6894477
7297094121336,false,"סט 2 חלקים 100% כותנה מיטה וחצי 1.20 ס""מ אפור פחם",,,סט 2 חלקים 100% כותנ,יח',1.00,יח',false,,49.90,49.9000,true,1,6894478
7297094121343,false,"סט 2 חלקים 100% כותנה מיטה וחצי 1.20 ס""מ ג'ינס",,,סט 2 חלקים 100% כותנ,יח',1.00,יח',false,,49.90,49.9000,true,1,6894479
7297094121374,false,סט 3 חלקים 100% כותנה זוגי 1.60 אפור כהה,,,סט 3 חלקים 100% כותנ,יח',1.00,יח',false,,59.90,59.9000,true,1,6894481
7297094121435,false,סט 3 חלקים 100% כותנה זוגי 1.80 אפור פחם,,,סט 3 חלקים 100% כותנ,יח',1.00,יח',false,,69.90,69.9000,true,1,6894486
7297094121442,false,סט 3 חלקים 100% כותנה זוגי 1.80 ג'ינס,,,סט 3 חלקים 100% כותנ,יח',1.00,יח',false,,69.90,69.9000,true,1,6894487
7297268303032,false,גופיית ציצית,,,גופיית ציצית,יח',1.00,יח',false,,29.90,29.9000,true,1,1036771
7297292000310,false,בד צח סריגית רך ועדין 18 יח',,,סריגית רך ועדין 18 י,יח',1.00,יח',false,,5.90,5.9000,true,1,1037223
7297488097995,false,גרנולה דבש ללא גלוטן 250 גרם דגש,תות תעשיות מזון (201,IL,גרנולה דבש ללא גלוטן,גרמים,250.00,100 גרם,false,,14.40,0.0576,true,1,1213541
7297488098152,false,דגש קמח חומוס ללא גל,אף.סי תבליני בגליל ב,IL,קמח חומוס 500 גרם דג,גרמים,500.00,100 גרם,false,,14.80,0.0296,true,1,1213543
7297488098169,false,דגש קמח תירס ללא גלו,"תבליני העליון בע""מ",IL,קמח תירס 500 גרם דגש,גרמים,500.00,100 גרם,false,,9.40,0.0188,true,1,1213643
7297488098183,false,קמח אורז לבן ללא גלו,"תבליני העליון בע""מ",IL,קמח אורז 500 גרם דגש,גרמים,500.00,100 גרם,false,,9.80,0.0196,true,1,1213618
7297488098220,false,קמח תפוחי אדמה 500 גרם דגש,תות תעשיות מזון (201,IL,קמח תפוחי אדמה 500 ג,גרמים,500.00,100 גרם,false,,9.90,0.0198,true,1,1213546
7297488098299,false,קמח טפיוקה ללא גלוטן,אף סי תבליני הגליל ב,IL,קמח טפיוקה 500 גרם ד,גרמים,500.00,100 גרם,false,,9.90,0.0198,true,1,1213620
7297488098305,false,קמח שקדים ללא גלוטן,תות תעשיות מזון (201,IL,קמח שקדים 250 גרם דג,גרמים,250.00,100 גרם,false,,24.80,0.0992,true,1,1213645
7297488098688,false,דגש פצפוצי אורז מלא ללא תוספת סוכר ומלח 450 גרם,משובח תעשיות מזון,IL,פצפוצי אורז מלא 450,גרמים,450.00,100 גרם,false,,19.80,0.0440,true,1,1855421
7297488099821,false,גרנולה ללא תוספת סוכר לנמנעים מגלוטן,תות תעשיות מזון (201,IL,גרנולה דגש 250 ג ללא,גרמים,250.00,100 גרם,false,,14.40,0.0576,true,1,2341985
7297488099906,false,פתיתים טבעוניים בסגנון פרמז'ן טבעוני 10 יח',"טרופיקל דגיל בע""מ אז",IL,משומשו פרוסות סג.קלא,גרמים,200.00,100 גרם,false,,18.90,0.0945,true,1,1283821
7297488099968,false,משומשו מלוחה 16% 250גר טבעוני,"טרופיקל דגיל בע""מ אז",IL,משומשו מלוחה 16% 250,גרמים,250.00,100 גרם,false,,18.90,0.0756,true,1,1283824
7297488199590,false,פצפוצי אורז לבן תפוח ללא גלוטן,דגש- דוכן גן שמואל,IL,דגש פצפוצי אורז,גרמים,450.00,100 גרם,false,,19.80,0.0440,true,1,1213922
7297488199606,false,פצפוצי אורז תפוח ללא תוספת סוכר ומלח ללא גלוטן,דגש- דוכן גן שמואל,IL,דגש פצפוצי אורז קל,גרמים,450.00,100 גרם,false,,19.80,0.0440,true,1,1213923
7297488199781,false,דגש קניידל מיקס 130 גרם,"חיים טובים מזון בע""מ",FR,דגש קניידל מיקס 130,גרמים,130.00,100 גרם,false,,18.90,0.1454,true,1,1213696
7298171178922,false,רביעיית מגבונים מיקי,,,רביעיית מגבונים מיקי,יח',1.00,יח',false,,16.90,16.9000,true,1,6879477
7298171178939,false,רביעיית מגבונים מיני,,,רביעיית מגבונים מיני,יח',1.00,יח',false,,16.90,16.9000,true,1,6879500
7298171178946,false,סבון נוזלי מיקי,,,סבון נוזלי מיקי,יח',1.00,יח',false,,7.90,7.9000,true,1,6879501
7298171178953,false,סבון נוזלי מיני,,,סבון נוזלי מיני,יח',1.00,יח',false,,7.90,7.9000,true,1,6879502
7312040017683,false,"אבסולוט וודקה, 700 מ''ל","איי, בי, אינבוו",SE,"אבסולוט וודקה 700 מ""ל",מיליליטרים,700.00,"100 מ""ל",false,,59.90,0.0856,true,1,1044335
7332531063135,false,"ספריי לשיער סאיוס סרמיד לחיזוק 400 מ""ל",הנקל סוד,DE,סאיוס ספריי מקס הולד,מיליליטרים,400.00,"100 מ""ל",false,,27.90,0.0697,true,1,3275359
7394376620294,false,משקה אוטלי שיבולת שועל וניל 1ליטר,איי אם פי אס איי תעש,NL,משקה אוטלי שיבולת שו,ליטרים,1.00,ליטר,false,,15.90,15.9000,true,1,6911539
7500443003338,false,בונבוניירה בון בון קלאסי 270גרם,ארקור,AR,בונבון צהוב 270 גר,גרמים,270.00,100 גרם,false,,15.90,0.0589,true,1,5199615
7501013122039,false,ג'ומקס מיץ מנגו קרטונית ליטר תריסר,חומקס קומר קומרסאליז,MX,גומקס נקטר מנגו 1 לי,מטרים,1000.00,100 מ'ל,false,,9.50,0.0095,true,1,6329462
7501013122053,false,ג'ומקס מיץ אפרסק קרטונית ליטר תריסר,חומקס קומר קומרסאליז,MX,גומקס נקטר אפרסק 1 ל,מטרים,1000.00,100 מ'ל,false,,9.50,0.0095,true,1,6329463
7501013122114,false,"נקטר משקה אננס בקרטונית ג'ומקס, 1 ל'",חומקס קומר קומרסאליז,MX,גומקס נקטר אננס קרטו,מטרים,1000.00,100 מ'ל,false,,9.50,0.0095,true,1,6329464
7501013122190,false,ג'ומקס מיץ תפוחים קרטונית ליטר תריסר,חומקס קומר קומרסאליז,MX,גומקס נקטר תפוחים קר,מטרים,1000.00,100 מ'ל,false,,9.50,0.0095,true,1,6329465
7501013122992,false,ג'ומקס מיץ קוקוס אננס קרטונית ליטר תריסר,חומקס קומר קומרסאליז,MX,גומקס קרטונית קוקוס,יח',1.00,יח',false,,9.50,9.5000,true,1,6528878
7501013138047,false,משקה יוניקו פרסקו רימונים קרטונית 1 ליטר,תומקס קומרסאליזדורה,MX,גומקס נקטר רימונים 1,מטרים,1000.00,100 מ'ל,false,,10.80,0.0108,true,1,6329466
7501013138184,false,משקה יוניקו פרסקו חמוציות קרטונית 1 ליטר,חומקס קומר קומרסאליז,MX,גומקס קרטונית נקטר ח,מטרים,1000.00,100 מ'ל,false,,10.80,0.0108,true,1,6329467
7501049936945,false,"בירה סול שישייה בקבוק 330 מ""ל",היינקן,NL,בירה סול שישיה 330 מ,ליטרים,1.98,ליטר,false,,32.90,16.6162,true,1,6697260
7503012779405,false,סירופ אגבה כחולה – נטורפוד (גדול),נוטריאגבס דה מקסיקו,MX,סירופ אגבה כחולה אור,מיליליטרים,600.00,"100 מ""ל",false,,32.90,0.0548,true,1,3943072
7509546057545,false,ליידי ספיד סטיק פרו 5 סטיק 45 גרם,קולגייט פלמוליב,US,ליידי ספיד סטיק פרו,מטרים,45.00,100 מ'ל,false,,16.90,0.3756,true,1,6798771
7509546061160,false,"משחת שיניים לילדים מיניונים 2-5 75 מ""ל קולגייט",קולגייט פלמוליב,PL,קולגייט משחת ילדים מ,מטרים,75.00,100 מ'ל,false,,15.90,0.2120,true,1,6798795
7509546061672,false,דאודורנט סטיק אקסטרים אינטנס,קולגייט פלמוליב,US,ספיד סטיק אקסטרים סט,גרמים,50.00,100 גרם,false,,16.90,0.3380,true,1,6897164
7509546666846,false,"קולגייט טוטאל משחת שיניים פחם 75 מ""ל",קולגייט פלמוליב,PL,קולגייט טוטאל פחם מש,מטרים,75.00,100 מ'ל,false,,19.90,0.2653,true,1,6787781
7509546678702,false,קולגייט משחת שיניים טוטל אנטי טרטר 100 מ,קולגייט-פלמוליב,PL,קולגייט טוטל אנטי טר,מטרים,100.00,100 מ'ל,false,,16.80,0.1680,true,1,6888245
7610008059073,false,טבלת שוקולד רגוסה קלאסי עם שקדים 100 גר,RAGUSA,CH,טבלת רגוסה קלאסי 100,גרמים,100.00,100 גרם,false,,15.90,0.1590,true,1,6740665
7610008059080,false,טבלת שוקולד רגוסה מריר עם שקדים 100 גר,RAGUSA,CH,טבלת רגוסה מריר 100,גרמים,100.00,100 גרם,false,,15.90,0.1590,true,1,6740666
7610008059097,false,טבלת שוקולד רגוסה בלונד עם שקדים 100 גר,RAGUSA,CH,טבלת רגוסה בלונד 100,גרמים,100.00,100 גרם,false,,15.90,0.1590,true,1,6740667
7610008622000,false,טבלת קמיל בלוך מוס מריר 100 גר,,,טבלת קמיל בלוך מוס מ,גרמים,100.00,100 גרם,false,,14.90,0.1490,true,1,5894625
7610100034084,false,שפורפרת מיונז טומי 265 גרם,נסטלה שוויץ ס.א,CH,מיונז טומי 265 גר,גרמים,265.00,100 גרם,false,,9.90,0.0374,true,1,2972498
7610113011652,false,בריזר - משקה כוהלי מוגז בטעם תפוח,בקרדי בריזר Bacardi Breezer,BE,בקרדי בריזר תפוח 275,מיליליטרים,275.00,"100 מ""ל",false,,12.90,0.0469,true,1,6719927
7610243004463,false,"דורגול - מרסס להסרת אבנית במקלחון 600 מ""ל",יעקבי- דורגול Durgol,CH,דורגול תרסיס להסרת א,מיליליטרים,600.00,"100 מ""ל",false,,19.90,0.0332,true,1,1026571
7610400010481,false,לינדט אקסלנס שוקולד חלב 100 גרם,לינדט ושפרונגלי קילש,CH,לינדט אקסלנס שוקולד,גרמים,100.00,100 גרם,false,,14.90,0.1490,true,1,1024240
7610400068505,false,לינדט לינדור בונבוניירה שוקולד חלב 200 גרם,לינדט ושפרונגלי קילש,CH,לינדט לינדור בונבוני,גרמים,200.00,100 גרם,false,,22.90,0.1145,true,1,1024250
7610400068529,false,לינדט לינדור בונבוניירה כדורי שוקולד מטעמים 200 גרם,לינדט ושפרונגלי קילש,CH,לינדט לינדור בונבוני,גרמים,200.00,100 גרם,false,,22.90,0.1145,true,1,1024251
7610400070577,false,לינדט אקסלנס שוקולד צ'ילי 100 גרם,לינדט Lindt,CH,לינדט אקסלנס שוקולד,גרמים,100.00,100 גרם,false,,14.90,0.1490,true,1,1139694
7610400074155,false,לינדט לינדור קוביות במילוי קרם שוקולד 60% מוצקי קקאו 100 גרם,לינדט ושפרונגלי קילש,CH,לינדט לינדור קוביות,גרמים,100.00,100 גרם,false,,14.90,0.1490,true,1,1024260
7610400075770,false,לינדט לה גרנד שוקולד מריר אגוז 150 גרם,לינדט ושפרונגלי,CH,לינדט לה גרנד שוקולד,גרמים,150.00,100 גרם,false,,23.80,0.1587,true,1,1024263
7610400075794,false,לינדט לה גרנד שוקולד לבן ושקדים 150 גרם,לינדט ושפרונגלי,CH,לינדט לה גרנד שוקולד,גרמים,150.00,100 גרם,false,,23.80,0.1587,true,1,1024265
7610400085946,false,לינדט לגרנד דארק אלמונד סולט 150 גרם,לינדט,,לינדט לה גרנד דארק 1,גרמים,150.00,100 גרם,false,,23.80,0.1587,true,1,6329433
7610400091060,false,שוקולד מריר לינדט אקסלנס בתוספת תפוז ושקדים,לינדט ושפרונגלי קילש,CH,לינדט אקסלנס תפוז 10,גרמים,100.00,100 גרם,false,,14.90,0.1490,true,1,6706759
7613030979647,false,דגני בוקר טריקס פירות עולם היורה 480 ג',ג'נרל מילס סאן אדריא,IL,טריקס 480 גר,גרמים,480.00,100 גרם,false,,19.90,0.0415,true,1,4633640
7613031608850,false,פיטנס דגנים מחיטה מלאה ואורז נסטלה 625 גרם,נסטלה צרפת איטנקורט,FR,פיטנס דגנים מחיטה מל,גרמים,625.00,100 גרם,false,,25.90,0.0414,true,1,1021344
7613032045753,false,פיטנס - דגני בוקר שוקולד 375 גרם,נסטלה צרפת איטנקורט,FR,פיטנס שוקולד נסטלה 3,גרמים,375.00,100 גרם,false,,19.90,0.0531,true,1,1021346
7613033548192,false,פיטנס - דגני בוקר שוקולד מריר 375 גרם,נסטלה צרפת איטנקורט,FR,פיטנס עם שוקולד מריר,גרמים,375.00,100 גרם,false,,19.90,0.0531,true,1,1021388
7613034146656,false,מזון לכלבים קטנים בטעם בקר פורינה ONE,פורינה Purina,US,ONE מיני אקטיב בקר 1,יח',1.00,יח',false,,59.90,59.9000,true,1,6498673
7613035514560,false,מזון לחתול מעוקר עם בקר פורינה ONE,פורינה Purina,US,ONE חתול סטרילייז בק,יח',1.00,יח',false,,119.00,119.0000,true,1,6498678
7613035548374,false,דגני בוקר גולדן מיניס מחיטה מלאה ותירס,נסטלה פולין דגני בוק,FR,גולדן מיניס 570 גרם,גרמים,570.00,100 גרם,false,,23.90,0.0419,true,1,1270505
7613035622623,false,פיטנס - גרנולה שקדים ודבש 300 גרם,שוורצקוף& הנקל דיסלד,LT,פיטנס גרנולה שקדים ו,גרמים,300.00,100 גרם,false,,14.90,0.0497,true,1,1422341
7613035635845,false,פיטנס גרנולה שוקולד 14*300 גרם,שוורצקוף& הנקל דיסלד,LT,פיטנס גרנולה שוקולד,גרמים,300.00,100 גרם,false,,14.90,0.0497,true,1,1422342
7613035807778,false,פרפקטו רוטב עגבניות לבולונז 400 ג' אסם,אסם פרפקטו Perfecto,ES,רוטב עגבניות לבולונז,גרמים,400.00,100 גרם,false,,8.90,0.0223,true,1,2007328
7613035809109,false,פרפקטו רוטב עגבניות ובזיליקום 400 ג'אסם,אסם פרפקטו Perfecto,ES,רוטב עגבניות ובזיליק,גרמים,400.00,100 גרם,false,,8.90,0.0223,true,1,2010420
7613035809857,false,פרפקטו רוטב עגבניות לפסטה ולבישול 400 ג' אסם,אסם פרפקטו Perfecto,ES,רוטב עגבניות לפסטה ל,גרמים,400.00,100 גרם,false,,8.90,0.0223,true,1,2010422
7613036105576,false,דוגלי עוף לכלבים בוגרים,נסטלה פורינה באק הונ,HU,דוגלי בוגר עוף 3 קג,קילוגרמים,3.00,"ק""ג",false,,42.90,14.3000,true,1,3402781
7613036120395,false,"פורינה ONE כלב מידמקסי בקר 2.5 ק""ג",פורינה ONE,IT,ONE כלב מידמקסי בקר,יח',1.00,יח',false,,89.90,89.9000,true,1,6489817
7613036314114,false,נסקפה גולד Gold קפה נמס מיובש בתוספת קפה קלוי,נסקפה Nescafe,IL,קפה גולד 200 ג,גרמים,200.00,100 גרם,false,,39.90,0.1995,true,1,5384719
7613036387798,false,פיטנס Fitness דגנים מלאים עם ציפוי בטעם יוגורט,נסטלה צרפת איטנקורט,FR,פיטנס יוגורט 350 גרם,גרמים,350.00,100 גרם,false,,19.90,0.0569,true,1,3873171
7613036520492,false,פרפקטו רוטב עגבניות לפסטה 400 גרם,אסם פרפקטו Perfecto,ES,פרפקטו רוטב עגבניות,גרמים,400.00,100 גרם,false,,8.90,0.0223,true,1,4480296
7613036710879,false,מארז מיני חטיפי קיט קט צ'אנקי Kit Kat Chanky,ליימן מותגים,DE,קיט קט צ'אנקי מיני 1,גרמים,194.00,100 גרם,false,,9.90,0.0510,true,1,5569941
7613036725286,false,דנטלייף חטיף דנטלי לחתול בטעם סלמון,פורינה Purina,US,דנטלייף חתול סלמון 4,גרמים,40.00,100 גרם,false,,9.90,0.2475,true,1,6833592
7613036880534,false,גרבר מחית ירקות מעורבים מטרנה 190 גר',נסטלה פולסקה אס.איי,PL,גרבר מרק ירקות מעורב,גרמים,190.00,100 גרם,false,,5.90,0.0311,true,1,6484092
7613037012095,false,פיטנס - גרנולה שוקולד קינואה ושקדים 300 גרם,NESTLE WATERS,BE,פיטנס קרנולה שוקולד,גרמים,300.00,100 גרם,false,,15.00,0.0500,true,1,6280908
7613037686906,false,פיטנס - דגני בוקר שקדים ודבש 355 גרם,נסטלה צרפת איטנקורט,FR,פיטנס שקדים ודבש 355,גרמים,355.00,100 גרם,false,,19.90,0.0561,true,1,6647893
7613037687132,false,דגני בוקר פיטנס שקדים ודבש 585 גר,נסטלה צרפת איטנקורט,FR,פיטנס שקדים ודבש 585,גרמים,585.00,100 גרם,false,,25.90,0.0443,true,1,6647894
7613037811629,false,דגני בוקר קורנפלקס גו פרי 500 גר',שוורצקוף& הנקל דיסלד,IL,גו פרי קורנפלקס,גרמים,500.00,100 גרם,false,,9.90,0.0198,true,1,6685867
7613038268262,false,דגני בוקר צ'יריוס דבש ושקדים במתיקות מעודנת,נסטלה פולין דגני בוק,FR,האני נאט ציריוס מופח,גרמים,410.00,100 גרם,false,,19.90,0.0485,true,1,6647895
7613038451954,false,דגני בוקר שוקולד מופחת סוכר 410 ג' קראנץ',נסטלה צרפת איטנקורט,FR,קראנץ שוקולד מופחת ס,גרמים,410.00,100 גרם,false,,21.90,0.0534,true,1,6647896
7613039770450,false,טבעול סנסשיונל בורגר צמחוני 226 גרם,ג'נרל מילס סאן אדריא,IL,טבעול בורגר צמחוני 2,גרמים,226.00,100 גרם,false,,29.90,0.1323,true,1,6738236
7613039879382,false,גרבר - מחית תפוחי עץ 190 גרם,נסטלה פולסקה אס.איי,PL,"מחית גרבר תפו""ע 190ג",גרמים,190.00,100 גרם,false,,5.90,0.0311,true,1,6760687
7613039881521,false,גרבר - מחית מנגו 190 גרם,נסטלה פולסקה אס.איי,PL,מחית גרבר מנגו 190גר,גרמים,190.00,100 גרם,false,,6.50,0.0342,true,1,6760688
7613287121783,false,סמארטיס מיני 16*187 גרם,נסטלה Nestle,DE,סמארטיס מיני 187 גר,גרמים,187.00,100 גרם,false,,9.90,0.0529,true,1,6799591
7613287155832,false,גרבר מחית תפוחי עץ 90 גרם פאוץ,נסטלה פולסקה אס.איי,ES,גרבר פאוצ מחית תפוח,יח',1.00,יח',false,,5.90,5.9000,true,1,6760709
7613287155863,false,מטרנה מחית אגס פאוץ' 90 גר',נסטלה פולסקה אס.איי,ES,גרבר פאוצ מחית אגס,יח',1.00,יח',false,,5.90,5.9000,true,1,6760710
7613287155894,false,"גרבר מחית אפרסק פאוץ כשל""פ 90 גרם",נסטלה פולסקה אס.איי,ES,מחית גרבר אפרסק פאוץ,גרמים,90.00,100 גרם,false,,5.90,0.0656,true,1,6760689
7613287181411,false,ויטמינציק מחית סלט פירות 110 גרם,"טרופיקל דגיל בע""מ אז",ES,ויטמינצ'יק מחית סלט,גרמים,110.00,100 גרם,false,,4.90,0.0445,true,1,6799622
7613287182326,false,ויטמינציק מחית בננה תפוח 110 גרם,"נסטלה ספרד ס.א, מפעל",ES,ויטמינצ'יק מחית בננה,גרמים,110.00,100 גרם,false,,4.90,0.0445,true,1,6799592
7613287182456,false,ויטמינציק מחית אגס בננה תפוח 110 גרם,"נסטלה ספרד ס.א, מפעל",ES,ויטמינצ'יק מחית אגס,גרמים,110.00,100 גרם,false,,4.90,0.0445,true,1,6799594
7613287186928,false,סטארבקס קפסולות קפה ברקפסט רוסט 10יח,נסטלה שוויץ - קפה,CH,סטארבקס קפסולות ברקפ,יח',1.00,יח',false,,20.90,20.9000,true,1,6792336
7613287302373,false,סטארבקס קפסולות איטליאן סטייל רוסט 56 גרם,נסטלה שוויץ - קפה,PT,סטארבקס קפסולות סטיי,יח',1.00,יח',false,,20.90,20.9000,true,1,6767229
7613287325808,false,אוסם - דיפ אנד ספרד מטבל איולי שום 295 גרם,נסטלה פולין,PL,רוטב איולי שום לחיץ,מטרים,295.00,100 מ'ל,false,,12.80,0.0434,true,1,6799595
7613287325822,false,אוסם - דיפ אנד ספרד מטבל מיקס 295 גרם,נסטלה,PL,רוטב מיקס לחיץ 295 מ,מטרים,295.00,100 מ'ל,false,,12.80,0.0434,true,1,6799596
7613287325853,false,אוסם - דיפ אנד ספרד מטבל איולי ספייסי 295 גרם,נסטלה פולין,PL,רוטב ספייסי איולי לח,מטרים,295.00,100 מ'ל,false,,12.80,0.0434,true,1,6799597
7613287325952,false,אוסם - דיפ אנד ספרד מטבל ברבקיו 345 גרם,דפטונה פולין,PL,רוטב ברביקיו לחיץ 34,מטרים,345.00,100 מ'ל,false,,12.80,0.0371,true,1,6799598
7613287394323,false,אסם מולטי צ'יריוס 14*600 גרם 2021,נסטלה פולין דגני בוק,GB,מולטי צ'יריוס 600 גר,גרמים,600.00,100 גרם,false,,19.90,0.0332,true,1,6787861
7613287476678,false,דגני בוקר סינימיניס צ'ורוס נסטלה 360 ג',נסטלה אוונקה,PT,סינימיניס צ'ורוס 360,גרמים,360.00,100 גרם,false,,19.90,0.0553,true,1,6799600
7613287855640,false,סטארבקס קפסולות קפה גוואטמלה 10 יחידות,נסטלה שוויץ - קפה,CH,סטארבקס קפסולות גואט,יח',1.00,יח',false,,20.90,20.9000,true,1,6891115
7614500010013,false,טובלרון - שוקולד חלב קלאסי 100 גרם,,,טובלרון שוקולד חלב 1,גרמים,100.00,100 גרם,false,,9.50,0.0950,true,1,6821891
7614500010310,false,שוקולד בר לבן 100 ג' טובלרון,,,טובלרון שוקולד לבן 1,גרמים,100.00,100 גרם,false,,9.50,0.0950,true,1,6821892
7614500010617,false,טובלרון - שוקולד מריר 100 גרם,,,שוקולד טובלרון מריר,גרמים,100.00,100 גרם,false,,9.50,0.0950,true,1,6821893
7622010001858,false,עוגיות אוראו ממולאות קרם וניל 176 גרם.,פי אר ג'יי אס אי מנד,CZ,עוגיות אוראו ממולאות קרם,גרמים,176.00,100 גרם,false,,8.90,0.0506,true,1,1297588
7622201050757,false,שוקולד מילקה טבלת חלב עם קרמל 100 ג',מילקה Milka,DE,מילקה-שוק' חלב עם קרמל 10,גרמים,100.00,100 גרם,false,,5.90,0.0590,true,1,1028609
7622201139278,false,גבינת שמנת 27% שומן 150 ג' פילדלפיה,מיודלז אספניה פרודוק,ES,גבינת פילדלפיה 150 ג,גרמים,150.00,100 גרם,false,,11.90,0.0793,true,1,6691450
7622201401900,false,עוגיות מילקה סנסיישן אוראו 156 גרם,מונדלז פולסקה פרודקש,PL,עוגיות מילקה סנסיישן,גרמים,156.00,100 גרם,false,,10.90,0.0699,true,1,6743350
7622201500702,false,עוגיות אוראו רמיקס דאבל קרם פטל וניל157ג,דיפלומט,ES,אוראו רמיקס 157ג דאב,גרמים,157.00,100 גרם,false,,7.90,0.0503,true,1,6888868
7622201500733,false,עוגיות אוראו רמיקס דאבל קרם קרמל וניל157,דיפלומט,ES,אוראו רמיקס 157ג דא,גרמים,157.00,100 גרם,false,,7.90,0.0503,true,1,6888869
7622201502515,false,עוגיות מילקה קוקי לופ שוקולד צ'יפס,גיורי קייקס קייאפטי,HU,מילקה קוקי לופ 132 ג,גרמים,132.00,100 גרם,false,,10.90,0.0826,true,1,6801960
7622201521493,false,גבינת פילדלפיה שום ועשבי תיבול 150 גרם,מיודלז אספניה פרודוק,ES,פילדלפיה שום ועשבי ת,גרמים,150.00,100 גרם,false,,11.90,0.0793,true,1,6891116
7622201798154,false,גבינת שמנת לייט מופחתת שומן 13% שומן,מיודלז אספניה פרודוק,ES,פילדלפיה לייט 150גר,גרמים,150.00,100 גרם,false,,11.90,0.0793,true,1,6803509
7622201801809,false,מילקה שוקולד חלב עם אגוזים 100 גרם חדש,מנדלז דויצ'לנד סנקס,DE,שוקולד חלב מילקה עם,גרמים,100.00,100 גרם,false,,5.90,0.0590,true,1,6795335
7622201802363,false,מילקה טבלת שוקולד חלב וצימוקים ואגוזים 100ג',מנדלז דויצ'לנד סנקס,PL,שוקולד מילקה חלב עם,גרמים,100.00,100 גרם,false,,5.90,0.0590,true,1,6795336
7622201802394,false,שוקולד מילקה חלב מסרונים 100 גרם,מנדלז דויצ'לנד סנקס,PL,שוקולד חלב מילקה 100,גרמים,100.00,100 גרם,false,,5.90,0.0590,true,1,6795337
7622201808631,false,אוראו מיני עוגיות ממולאות קרם וניל 67גרם,פי.טי. מונדלז אינדונ,ID,אוראו מיני כוסות טעם,יח',1.00,יח',false,,6.90,6.9000,true,1,6796867
7622201813390,false,עוגיות מילקה וואפל במילוי קרם קקאו 150 ג,מונדליז סי.אר. ביסקו,CZ,מילקה וופל במילוי קק,גרמים,150.00,100 גרם,false,,10.90,0.0727,true,1,6779075
7622210078131,false,מילקה שוקולד חלב במילוי קרם שמנת 100 ג',מנדלז דויצ'לנד סנקס,PL,שוקולד חלב מילקה עם,גרמים,100.00,100 גרם,false,,5.90,0.0590,true,1,3130105
7622210137234,false,עוגיות אוראו עם דאבל קרים וניל 170 גר,מונדלייז,ES,עוגיות אוראו עם דאבל,גרמים,170.00,100 גרם,false,,9.90,0.0582,true,1,1815865
7622210163899,false,שוקולד חלב במילוי סוכריות עדשים,מונדלז דויצ'לנד סנקס,DE,שוקולד מילקה ועדשים,גרמים,100.00,100 גרם,false,,5.90,0.0590,true,1,4724857
7622210453327,false,עוגיות שוקוצ'יפס במילוי שוקולד סנסיישן,מנדלז פולסקה פרודקשן,PL,מילקה סנסיישן 156 גר,גרמים,156.00,100 גרם,false,,10.90,0.0699,true,1,3829803
7622210464729,false,אוראו גולדן עוגיות וניל במילוי קרם וניל,אוראו Oreo,CZ,אוראו גולדן 154 גר,גרמים,154.00,100 גרם,false,,6.90,0.0448,true,1,6549312
7622210597915,false,פרלינים לבבות שוקולד חלב ממולא קרם נוגט,מונדלז בולגריה פרודק,BG,מילקה לבבות פרלינים,גרמים,110.00,100 גרם,false,,9.90,0.0900,true,1,6727565
7622210637994,false,מיני עוגיות אוראו קראנצ'י בייטס אורגינל,מונדלז אספניה ג'לאטס,ES,אוראו ביס קראנצי אור,גרמים,110.00,100 גרם,false,,7.90,0.0718,true,1,6743351
7622210638021,false,מיני עוגיות אוראו קראנצ'י בייטס מצופים,מונדלז אספניה ג'לאטס,ES,אוראו ביס קראנצי בצי,גרמים,110.00,100 גרם,false,,7.90,0.0718,true,1,6743352
7622210690883,false,מילקה שוקולד חלב-מהדורת מונדיאל 270 גרם,מונדליז,AT,מילקה מונדיאל - 270,גרמים,270.00,100 גרם,false,,12.90,0.0478,true,1,6928087
7622210826053,false,שוקולד מילקה אוראו סנדוויץ 92 גר',גיאורי קאקסז קייאףטי,PL,שוקולד מילקה אוראו ס,גרמים,92.00,100 גרם,false,,5.90,0.0641,true,1,6743354
7622210835338,false,אוראו עוגיות ממולאות טעם בראוניז 176 גרם,מנדלז אספנה גאלטס פר,ES,עוגיות אוראו בראוניז,גרמים,176.00,100 גרם,false,,8.90,0.0506,true,1,4724858
7622300107949,false,טובלרון חלב צימוק 100גר,,,טובלרון חלב צימוק 10,גרמים,100.00,100 גרם,false,,9.50,0.0950,true,1,6863176
7622300200237,false,שוקולד מילקה שוקולד חלב 250 גרם,מונדליז אוסטרייך פרו,PL,מילקה שוקולד חלב 250 גרם,גרמים,250.00,100 גרם,false,,12.50,0.0500,true,1,1028616
7622300270506,false,מילקה גריינס - עוגיות שיבולת שועל מצופות שוקולד 168 ג',מונדלז פולסקה פרודקש,PL,"מילקה גריינס - עוגיות ש""ש",גרמים,168.00,100 גרם,false,,10.90,0.0649,true,1,1028617
7622300441715,false,עוגיות מילקה ביסקוויט ממולא קרם חלב מצופה למחצה בשוקולד חלב 150 גר',מוביל בעל מוניטין,CZ,עוגיות מילקה שוקומינ,גרמים,150.00,100 גרם,false,,10.90,0.0727,true,1,2310407
7622300489427,false,עוגיות אוראו בציפוי בטעם שוקולד לבן 246 גרם,מנדלז אספנה גאלטס פר,ES,אוראו בציפוי שוקולד,גרמים,246.00,100 גרם,false,,14.90,0.0606,true,1,4524323
7622300489434,false,"עוגיות אוראו פאדג' בציפוי שוקולד חלב, 246 גרם",מנדלז אספנה גאלטס פר,ES,עוגיות אוראו בציפוי,גרמים,246.00,100 גרם,false,,14.90,0.0606,true,1,4524324
7622300495046,false,מילקה שוקולד חלב עם אקסטרה קקאו 100 גרם,מנדלז דויצ'לנד סנקס,DE,מילקה אקסטרה קקאו 100 גרם,גרמים,100.00,100 גרם,false,,5.90,0.0590,true,1,1028624
7622300503079,false,"מילקה, עוגיות ביסקוויט מצופות שוקולד - 200 גרם",מונדלז פולסקה פרודקש,PL,מילקה מוו 200 גרם,גרמים,200.00,100 גרם,false,,10.90,0.0545,true,1,1028626
7622300617820,false,מילקה שוקולד חלב במילוי קרם חלב ווניל ושבבי עוגיות אוראו 100 גרם,מנדלז דויצ'לנד סנקס,DE,מילקה אוראו 100 גרם,גרמים,100.00,100 גרם,false,,5.90,0.0590,true,1,1028628
7622300761363,false,עוגיות מיני אוראו במילוי קרם בטעם שוקולד בכוס,פי.טי. מונדלז אינדונ,ID,עוג מיני אוראו קרם ש,גרמים,67.00,100 גרם,false,,6.90,0.1030,true,1,6549313
7622400005190,false,שוקולד חלב נגיעות שוקולד לבן מילקה 100 ג,מנדלז דויצ'לנד סנקס,DE,מילקה COW,גרמים,100.00,100 גרם,false,,5.90,0.0590,true,1,1138984
7630311507016,false,סטארבקס קפסולות קפה סאני דיי 10יח,נסטלה שוויץ - קפה,CH,קפסולות סטארבקס סאני,גרמים,56.00,100 גרם,false,,20.90,0.3732,true,1,6840388
7630477891592,false,סטארבקס קפסולות קפה האוס בלנד 10 יחידות,נסטלה שוויץ - קפה,CH,סטארבקס קפסולות האוס,יח',1.00,יח',false,,20.90,20.9000,true,1,6760262
7630477891615,false,סטארבקס קפסולות קפה סומטרה 10 יחידות,נסטלה שוויץ - קפה,CH,סטארבקס קפסולות סומט,יח',1.00,יח',false,,20.90,20.9000,true,1,6760263
7630477891639,false,סטארבקס קפסולות קפה ורונה 10 יחידות,נסטלה שוויץ - קפה,CH,סטארבקס קפסולות ורונ,יח',1.00,יח',false,,20.90,20.9000,true,1,6760264
7630477891653,false,סטארבקס קפסולות קפה אספרסו נטול 10 יחידו,נסטלה שוויץ - קפה,CH,סטארבקס קפסולות אספר,יח',1.00,יח',false,,20.90,20.9000,true,1,6760265
7630477891677,false,סטארבקס קפסולות קפה פייק פלייס 10 יחידות,נסטלה שוויץ - קפה,CH,סטארבקס קפסולות פייק,יח',1.00,יח',false,,20.90,20.9000,true,1,6760266
7630477891691,false,סטארבקס קפסולות קפה קולמביה 10 יחידות,נסטלה שוויץ - קפה,CH,סטארבקס קפסולות קולו,יח',1.00,יח',false,,20.90,20.9000,true,1,6760267
7630477891738,false,סטארבקס קפסולות קפה אספרסו בלונד 10 יחיד,נסטלה שוויץ - קפה,CH,סטארבקס קפסולות אספר,יח',1.00,יח',false,,20.90,20.9000,true,1,6760269
7702018263783,false,סכיני גילוח מאך 3 ג'ילט 8 יחידות,פרוקטר אנד גמבל,,סכיני גילוח מאך 3 ג',יחידו,8.00,יחידו,false,,69.90,8.7375,true,1,1226329
7702018271788,false,"דאודורנט קליר ג'ילט בניחוח ספורט 70 מ""ל",פרוקטר אנד גמבל,PL,דאודורנט קליר ג'ילט,מטרים,70.00,100 מ'ל,false,,14.90,0.2129,true,1,1036670
7702018471423,false,גילט פיוזן סטארט סכיני גילוח 4יח,פרןקטר אנד גמבל ברלי,PL,גילט פיוזן סטארט סכי,יח',1.00,יח',false,,34.90,34.9000,true,1,6823318
7702018978106,false,"ג'ילט - דאודורנט ג'ל לגבר ארטיק אייס 70 מ""ל",פרוקטר אנד גמבל,PL,דאודורנט קליר ג'ילט,מטרים,70.00,100 מ'ל,false,,14.90,0.2129,true,1,1036702
7702018978120,false,"ג'ילט - דאודורנט ג'ל לגבר קול וייב 70 מ""ל",פרוקטר אנד גמבל,PL,דאודורנט קליר ג'ילט,מטרים,70.00,100 מ'ל,false,,14.90,0.2129,true,1,1036703
7702024074625,false,פיטנס - חטיפי קרקר חיטה מלאה 234 גרם,קומסטיבלס לה רוזה אס,CO,פיטנס חטיפי קרקר חיט,גרמים,234.00,100 גרם,false,,11.90,0.0509,true,1,5247394
7702024258322,false,"חטיפי קרקר עם חיטה מלאה, צ'יה וזרעי פשתן פיטנס",נסטלה Nestle,CO,פיטנס חטיפי קרקר צ'י,גרמים,234.00,100 גרם,false,,11.90,0.0509,true,1,6732476
7702174066631,false,לקקן יוגטה פין פופ במילוי מסטיק 170 גר,הדקלאים אגודת שיתופי,EC,סוכריות בטעמי פירות,גרמים,170.00,100 גרם,false,,7.90,0.0465,true,1,1029063
7702174068826,false,יוגטה מבחר סוכריות לקקן קשות ממולאות טופי בטעמי יוגורט ופירות 204 גרם,הדקלאים אגודת שיתופי,EC,לקקן יוגטה עם סוכריי,גרמים,216.00,100 גרם,false,,8.90,0.0412,true,1,1029069
7702174068833,false,יוגטה סוכריות קשות על מקל ממולאות טופי בטעמי גלידת פירות 12 יח' 204 גרם,הדקלאים אגודת שיתופי,EC,לקקן בטעם גלידה יוגט,גרמים,216.00,100 גרם,false,,8.90,0.0412,true,1,1029070
7702174070201,false,יוגטה לקקן בטעם מסטיק ממולא טופי בטעם תות 12 יח' 204 גרם,הדקלאים אגודת שיתופי,EC,לקקן יוגטה 216 ג,גרמים,216.00,100 גרם,false,,8.90,0.0412,true,1,1029073
7702174073783,false,סוכריות על מקל בטעם קולה במילוי גומי לעיסה,הדקלאים אגודת שיתופי,CO,סוכריות לקקן בטעמי פ,גרמים,170.00,100 גרם,false,,7.90,0.0465,true,1,1214347
7702174073844,false,לקקן יוגטה פין פופ פירות 48 יח 672 גרם,הדקלאים אגודת שיתופי,CO,סוכריות פין פופ פירו,גרמים,672.00,100 גרם,false,,19.90,0.0296,true,1,1214932
7766775500000,false,פיקניקית איכותית,,,פיקניקית איכותית,יח',1.00,יח',false,,12.00,12.0000,true,1,1089110
7777121200116,false,קערת פופ מלמין,,,קערת פופ מלמין,יח',1.00,יח',false,,10.00,10.0000,true,1,1040972
7777272500226,false,סט טושים,,,סט טושים,יח',1.00,יח',false,,9.90,9.9000,true,1,6177917
7777272500288,false,דבק סטיק 15 גרם,,,דבק סטיק 15 גרם,יח',1.00,יח',false,,1.00,1.0000,true,1,6186569
7777272500295,false,סט 10 מחדדים,,,סט 10 מחדדים,יח',1.00,יח',false,,4.90,4.9000,true,1,6186570
7777272500455,false,סט עטים,,,סט עטים,יח',1.00,יח',false,,7.90,7.9000,true,1,6177885
7777272500813,false,12 עפרונות צבעוניים דו צדדים - 24 גוונים,,,12 עפרונות צבעוניים,יח',1.00,יח',false,,9.90,9.9000,true,1,6186486
7777272500868,false,מדבקות 10 דפים,,,מדבקות 10 דפים,יח',1.00,יח',false,,5.90,5.9000,true,1,6186581
7777272510010,false,מדבקות 3D,,,מדבקות 3D,יח',1.00,יח',false,,3.90,3.9000,true,1,6798054
7777272510102,false,זוג עטים כדוריים איכותיים,,,זוג עטים כדוריים איכ,יח',1.00,יח',false,,9.90,9.9000,true,1,6798056
7777445600012,false,אירגונית למטאטאים ומ,,,אירגונית למטאטאים ומ,יח',1.00,יח',false,,39.90,39.9000,true,1,1129467
7777445600074,false,כיסוי אסלה היגייני חד פעמי כ-10 יחידות,,,כיסוי אסלה היגייני ח,יח',1.00,יח',false,,6.90,6.9000,true,1,1114730
7777555500103,false,קערת פופקורן גדולה,דגש,,קערת פופקורן גדולה,יח',1.00,יח',false,,9.90,9.9000,true,1,1041034
7777555502060,false,כף טיגון נירוסטה איכ,דגש,,כף טיגון נירוסטה איכ,יח',1.00,יח',false,,15.00,15.0000,true,1,1041163
7777555502077,false,תרווד נירוסטה איכותי,דגש,,תרווד נירוסטה איכותי,יח',1.00,יח',false,,15.00,15.0000,true,1,1041164
7777555502152,false,קופסת אחסון מלבנית ק,,,קופסת אחסון מלבנית ק,יח',1.00,יח',false,,10.00,10.0000,true,1,1041169
7777555502169,false,קופסת אחסון מלבנית ב,,,קופסת אחסון מלבנית ב,יח',1.00,יח',false,,12.00,12.0000,true,1,1041170
7777555502824,false,מגרדת,דגש,,מגרדת,יח',1.00,יח',false,,10.00,10.0000,true,1,1041230
7777555503272,false,כוס מלמין,,,כוס מלמין,יח',1.00,יח',false,,6.00,6.0000,true,1,1041249
7777555503784,false,דבק 3 שניות מעולה- ס,,,דבק 3 שניות מעולה- ס,יח',1.00,יח',false,,9.90,9.9000,true,1,1041291
7777555503838,false,מתלה כביסה אירופה,,,מתלה כביסה אירופה,יח',1.00,יח',false,,59.90,59.9000,true,1,1041296
7777555504101,false,מטרייה קפיצית משופרת,,,מטרייה קפיצית משופרת,יח',1.00,יח',false,,14.90,14.9000,true,1,1041314
7777555504163,false,מטרייה צבעונית ענקית,,,מטרייה צבעונית ענקית,יח',1.00,יח',false,,29.90,29.9000,true,1,1041320
7777555506761,false,"מייבש כלים מעוצב רמי לוי 48*38 ס""מ",,,מייבש כלים מעוצב רמי,יח',1.00,יח',false,,9.90,9.9000,true,1,1041538
7777555507706,false,"קערת סלט 27 ס""מ גובה 14 ס""מ",דגש,,"קערת סלט 27 ס""מ גובה",יח',1.00,יח',false,,11.90,11.9000,true,1,1041617
7777555507836,false,"מסננת ידית ברזל 15 ס""מ",דגש,,מסננת ידית ברזל 15 ס,יח',1.00,יח',false,,12.00,12.0000,true,1,1041628
7777555508086,false,מפיות מעוצבות,,,מפיות מעוצבות,יח',20.00,יח',false,,3.90,0.1950,true,1,1041650
7777555508802,false,מספריים לעוף,,,מספריים לעוף,יח',1.00,יח',false,,10.00,10.0000,true,1,1041679
7777555509229,false,צלחת ילדים איכותית,,,צלחת ילדים איכותית,יח',1.00,יח',false,,3.90,3.9000,true,1,1076985
7777555509236,false,צלחת ילדים איכותית,,,צלחת ילדים איכותית,יח',1.00,יח',false,,3.90,3.9000,true,1,1076986
7777555509625,false,מברשת לניקוי איכותית,,,מברשת לניקוי איכותית,יח',1.00,יח',false,,14.90,14.9000,true,1,1108241
7777555509991,false,קרש חיתוך תמונה,,,קרש חיתוך תמונה,יח',1.00,יח',false,,30.00,30.0000,true,1,1188589
7777555510331,false,מטריה מיני,,,מטריה מיני,יח',1.00,יח',false,,9.90,9.9000,true,1,1213059
7777555510379,false,מטריה שחורה מחוזקת,,,מטריה שחורה מחוזקת,יח',1.00,יח',false,,29.90,29.9000,true,1,1213063
7777555510409,false,משקפי ראיה מעוצבות,,,משקפי ראיה מעוצבות,יח',1.00,יח',false,,12.90,12.9000,true,1,1220350
7777555510546,false,פינגאן גדול איכותי,,,פינגאן גדול איכותי,יח',1.00,יח',false,,34.90,34.9000,true,1,1231632
7777555510799,false,זוג דבק 3 שניות חזק במיוחד כ-3 גרם ליחידה (פ=24),,,זוג דבק 3 שניות חזק,יח',1.00,יח',false,,5.90,5.9000,true,1,1239935
7777555510898,false,קרש חיתוך זכוכית,,,קרש חיתוך זכוכית,יח',1.00,יח',false,,19.90,19.9000,true,1,1275977
7777555511796,false,קולבי קטיפה,,,קולבי קטיפה,יח',1.00,יח',false,,9.90,9.9000,true,1,1520736
7777555512830,false,רשת צלייה M,,,רשת צלייה M,יח',1.00,יח',false,,14.90,14.9000,true,1,2221472
7777555512878,false,מטאטא שרובר,,,מטאטא שרובר,יח',1.00,יח',false,,14.90,14.9000,true,1,2221476
7777555514186,false,שקית זילוף,,,שקית זילוף,יח',1.00,יח',false,,19.90,19.9000,true,1,4519712
7777555514261,false,קופסת איחסון מיני,,,קופסת איחסון מיני,יח',1.00,יח',false,,4.90,4.9000,true,1,5218720
7777555515183,false,צילון לרכב,,,צילון לרכב,יח',1.00,יח',false,,9.90,9.9000,true,1,6128835
7777555515190,false,מצקת,,,מצקת,יח',1.00,יח',false,,14.90,14.9000,true,1,6044555
7777555515275,false,כבל ל-iPhone,,,כבל ל-iPhone,יח',1.00,יח',false,,9.90,9.9000,true,1,6317701
7777555515299,false,כבל טעינה Type-C,,,כבל טעינה Type-C,יח',1.00,יח',false,,9.90,9.9000,true,1,6317702
7777555515312,false,מטריית ילדים,,,מטריית ילדים,יח',1.00,יח',false,,14.90,14.9000,true,1,6317741
7777555515435,false,מפיות,,,מפיות,יח',1.00,יח',false,,3.90,3.9000,true,1,6723766
7777555515527,false,משטח בד לייבוש כלים איכותי,,,משטח בד לייבוש כלים,יח',1.00,יח',false,,11.90,11.9000,true,1,6737454
7777555515534,false,תבנית לביצים רב פעמי,,,תבנית לביצים רב פעמי,יח',1.00,יח',false,,14.90,14.9000,true,1,6737455
7777555515558,false,מטרייה מחוזקת,,,מטרייה מחוזקת,יח',1.00,יח',false,,29.90,29.9000,true,1,6737457
7777555515565,false,מטרייה מתהפכת,,,מטרייה מתהפכת,יח',1.00,יח',false,,39.90,39.9000,true,1,6737458
7777555515589,false,"מסננת ידית ברזל 10 ס""מ",,,מסננת ידית ברזל 10 ס,יח',1.00,יח',false,,9.90,9.9000,true,1,6753957
7777555515862,false,סט 6 כוסות לשתיה קרה,,,סט 6 כוסות שתייה,יח',1.00,יח',false,,11.90,11.9000,true,1,6841581
7777777700374,false,"סט קערות צבעוניות פתח עליון 14 ס""מ גובה 7 ס""מ",,,סט קערות צבעוניות פת,יח',1.00,יח',false,,9.90,9.9000,true,1,1041728
7777884400105,false,קערת נרוסטה S,,,קערת נרוסטה S,יח',1.00,יח',false,,10.00,10.0000,true,1,1075423
7777886600015,false,סט תפירה,,,סט תפירה,יח',1.00,יח',false,,6.90,6.9000,true,1,1041965
7777886600022,false,אולר השרדות TITAN,,,אולר השרדות TITAN,יח',1.00,יח',false,,19.90,19.9000,true,1,1041966
7777886600091,false,שישיית כפיות,,,שישיית כפיות,יח',1.00,יח',false,,7.90,7.9000,true,1,1041973
7777886600107,false,שישיית כפות,,,שישיית כפות,יח',1.00,יח',false,,9.90,9.9000,true,1,1041974
7777886600145,false,פינצטה יפנית,,,פינצטה יפנית,יח',1.00,יח',false,,19.90,19.9000,true,1,1041978
7777886600602,false,מלקחיים נירוסטה M,,,מלקחיים נירוסטה M,יח',1.00,יח',false,,5.90,5.9000,true,1,1042024
7777886600725,false,קליפסים לשקיות,,,קליפסים לשקיות,יח',1.00,יח',false,,6.90,6.9000,true,1,1042036
7777886600732,false,קליפסים ארוכים לשקיות,,,קליפסים ארוכים לשקיו,יח',1.00,יח',false,,6.90,6.9000,true,1,1042037
7777886601036,false,תרווד F,,,תרווד F,יח',1.00,יח',false,,15.00,15.0000,true,1,1042067
7777886602026,false,כותש שום,,,כותש שום,יח',1.00,יח',false,,19.90,19.9000,true,1,1042155
7777886602057,false,מספריים לציפורניים,,,מספריים לציפורניים,יח',1.00,יח',false,,9.90,9.9000,true,1,1057121
7777886602316,false,מטאטא בראבה,,,מטאטא בראבה,יח',1.00,יח',false,,14.90,14.9000,true,1,1088503
7777886602323,false,מטאטא ארגנטה,,,מטאטא ארגנטה,יח',1.00,יח',false,,19.90,19.9000,true,1,1088504
7777886602347,false,מטאטא פיורנטינה,,,מטאטא פיורנטינה,יח',1.00,יח',false,,24.90,24.9000,true,1,1088506
7777886602361,false,יעה+ מברשת,,,יעה+ מברשת,יח',1.00,יח',false,,9.90,9.9000,true,1,1088508
7777886602415,false,מטאטא פרינסס,,,מטאטא פרינסס,יח',1.00,יח',false,,29.90,29.9000,true,1,1088513
7777886602637,false,מטאטא סלקטה,,,מטאטא סלקטה,יח',1.00,יח',false,,15.90,15.9000,true,1,1102689
7777886602644,false,מטאטא פרימיולה,,,מטאטא פרימיולה,יח',1.00,יח',false,,24.90,24.9000,true,1,1102690
7777886602668,false,מטאטא סלנטינה,,,מטאטא סלנטינה,יח',1.00,יח',false,,14.90,14.9000,true,1,1102692
7777886602675,false,ראש מטאטא,,,ראש מטאטא,יח',1.00,יח',false,,14.90,14.9000,true,1,1102693
7777886602699,false,מצע לפירות וירקות 30,,,מצע לפירות וירקות 30,יח',1.00,יח',false,,8.90,8.9000,true,1,1109658
7777886602927,false,פטנט לאחסון ואקום,,,פטנט לאחסון ואקום,יח',1.00,יח',false,,24.90,24.9000,true,1,1157142
7777886603153,false,שישיית קולבים איכותי,,,שישיית קולבים איכותי,יח',1.00,יח',false,,8.90,8.9000,true,1,1177932
7777886603238,false,קרש חיתוך פרימיום ענ,,,קרש חיתוך פרימיום ענ,יח',1.00,יח',false,,39.90,39.9000,true,1,1177940
7777886603573,false,"פחמים 2 ק""ג רמי לוי",,,"פחמים 2 ק""ג רמי לוי",קילוגרמים,2.00,"ק""ג",false,,10.90,5.4500,true,1,1199029
7777886603832,false,"קרש חיתוך מעוצב 36*25 ס""מ",,,קרש חיתוך מעוצב 36*2,יח',1.00,יח',false,,19.90,19.9000,true,1,1248387
7777886604891,false,מחבת יציקה איכותית 20 סדרת עץ,,,מחבת יציקה איכותית 2,יח',1.00,יח',false,,39.90,39.9000,true,1,3158919
7777886604907,false,מחבת יציקה איכותית 24 סדרת עץ,,,מחבת יציקה איכותית 2,יח',1.00,יח',false,,49.90,49.9000,true,1,3158920
7777886605225,false,קולפן מקצועי רב שימושי,,,קולפן מקצועי רב שימו,יח',1.00,יח',false,,19.90,19.9000,true,1,6044524
7777886605263,false,כיסוי אונברסלי איכותי לשולחן גיהוץ,,,כיסוי אונברסלי איכות,יח',1.00,יח',false,,39.90,39.9000,true,1,6680846
7777886605478,false,מכסה למיקרוגל,,,מכסה למיקרוגל,יח',1.00,יח',false,,5.90,5.9000,true,1,6729167
7777886605744,false,בליבליד,,,בליבליד,יח',1.00,יח',false,,9.90,9.9000,true,1,6753960
7777886605768,false,יעה פס גומי,,,יעה פס גומי,יח',1.00,יח',false,,5.00,5.0000,true,1,6753962
7777886605874,false,צינור אמבט מתכת מחוזק 2 מטר MOCONA,,,צינור אמבט מתכת מחוז,יח',1.00,יח',false,,29.90,29.9000,true,1,6753973
7777886605881,false,צינור אמבט גמיש MOCONA,,,צינור אמבט גמיש MOCO,יח',1.00,יח',false,,24.90,24.9000,true,1,6753974
7777886605997,false,צנצנת MARBLE -L,,,צנצנת MARBLE -L,יח',1.00,יח',false,,19.90,19.9000,true,1,6754003
7777886606178,false,סט סביבונים FUNNY,,,סט סביבונים FUNNY,יח',1.00,יח',false,,9.90,9.9000,true,1,6814662
7777886606185,false,סביבון COOL,,,סביבון COOL,יח',1.00,יח',false,,9.90,9.9000,true,1,6814663
7777886700111,false,אולר הישרדות,,,אולר הישרדות,יח',1.00,יח',false,,29.90,29.9000,true,1,6754039
7777886700234,false,פורס ביצה קפיצי,,,פורס ביצה קפיצי,יח',1.00,יח',false,,16.90,16.9000,true,1,6770015
7777886700289,false,סט צלחת מחולקת דובי,,,סט צלחת מחולקת דובי,יח',1.00,יח',false,,7.90,7.9000,true,1,6770016
7777887755554,false,סט סכינים רב שימושיות רמי לוי,,,סט סכינים רב שימושיו,יח',1.00,יח',false,,19.90,19.9000,true,1,1102694
7777999910223,false,קערת נירוסטה 22C,דגש,,קערת נירוסטה 22C,יח',1.00,יח',false,,15.00,15.0000,true,1,1042411
7790040420076,false,מיני אלפחורס בון בון 117 גר,,,מיני אלפחורס בון בון,גרמים,117.00,100 גרם,false,,8.90,0.0761,true,1,6747949
7790580014216,false,בון בון חטיף שוקולד מצופה וממולא 27ג',,,בון בון חטיף שוק ממו,גרמים,27.00,100 גרם,false,,1.90,0.0704,true,1,2483682
7790580108489,false,ממרח בוטנים בון בון 290 גרם,,,בון בון ממרח בוטנים,גרמים,290.00,100 גרם,false,,10.90,0.0376,true,1,6809620
7790580109646,false,"וופל בון בון, 45 גרם",,,וופל בון בון 45 גר,גרמים,45.00,100 גרם,false,,2.90,0.0644,true,1,6840019
7790580315979,false,סוכריות ממולאות טעם פירות 470ג' מהדרין,,,סוכריות ממולאות פירו,גרמים,470.00,100 גרם,false,,13.90,0.0296,true,1,1509847
7790580315986,false,סוכריות ממולאות תות 453ג' מהדרין,,AR,סוכריות ממולאות מהדר,גרמים,470.00,100 גרם,false,,13.90,0.0296,true,1,1823015
7790580316013,false,סוכריות טופי חלב 483 גר מהדרין,,,סוכריות טופי חלב 483,גרמים,483.00,100 גרם,false,,16.90,0.0350,true,1,3284768
7790580328511,false,סוכריות טופי חלב קפה אספרסו 483 גרם,,,טופי חלב בון בון 483,גרמים,483.00,100 גרם,false,,16.90,0.0350,true,1,6737758
7790580412654,false,בונבוניירה בון בון צ,ארקור,AR,בונבון צהוב 270 גר,גרמים,270.00,100 גרם,false,,15.90,0.0589,true,1,5709977
7790580416126,false,סוכריות קשות פירות הדר 470ג,,,סוכריות קשות פירות ה,גרמים,470.00,100 גרם,false,,13.90,0.0296,true,1,6803633
7790580419738,false,ביצי שוקולד במילוי קרם בוטנים,,,ביצי שוקולד במילוי ק,יח',1.00,יח',false,,12.90,12.9000,true,1,6765105
7791875005353,false,ריבת חלב הוואנה דוצה דה לצה 450 גרם,פרימיום ברנד,ES,ריבת חלב הוואנה דולצ,גרמים,450.00,6 גרם,false,,18.70,0.0416,true,1,6801739
7792860006218,false,סוכריות לקקנים בייבי דול Baby Doll לריטר,גוד פוד פרודקטס S.p,AR,בייבי דול סוכרית לקק,גרמים,24.00,100 גרם,false,,2.00,0.0833,true,1,1024273
7798141877829,false,"גאטו נגרו פינו גריג'ו 750 מ""ל",,AR,גאטו נגרו פינו גריג',מטרים,750.00,100 מ'ל,false,,38.90,0.0519,true,1,6795359
7798382150019,false,אוכמניות טריות 125 ג,אראל תוצרת חקלאית בע,IL,אוכמניות,יח',1.00,יח',false,,9.90,9.9000,true,1,6924035
7804414000877,false,"יין דון חוליו מרלו 750 מ""ל",צ'ילה לואיס פיליפה א,CL,דון חוליו מרלו כשר,מיליליטרים,750.00,"100 מ""ל",false,,26.90,0.0359,true,1,1029854
7804414000884,false,יין שרדונה דון חוליו,צ'ילה לואיס פיליפה א,CL,דון חוליו שרדונה כשר,מיליליטרים,750.00,"100 מ""ל",false,,26.90,0.0359,true,1,1029855
7804414001614,false,יין אדום שיראז דון ח,צ'ילה לואיס פיליפה א,CL,דון חוליו שירז כשר,מיליליטרים,750.00,"100 מ""ל",false,,26.90,0.0359,true,1,1029856
7804414012344,false,יין סוביניון בלאן דו,צ'ילה לואיס פיליפה א,,דון חוליו סוביניון ב,מיליליטרים,750.00,"100 מ""ל",false,,26.90,0.0359,true,1,2928500
7804414012351,false,יין אדום יבש מלבק דו,צ'ילה לואיס פיליפה א,CL,דון חוליו מלבק,מיליליטרים,750.00,"100 מ""ל",false,,26.90,0.0359,true,1,2928501
7804414012368,false,יין אדום רוזה דון חו,צ'ילה לואיס פיליפה א,CL,דון חוליו רוזה,מיליליטרים,750.00,"100 מ""ל",false,,26.90,0.0359,true,1,2928502
7804414017110,false,דון חוליו פינו נואר כשר,צ'ילה לואיס פיליפה א,,דון חוליו פינו נואר,מיליליטרים,750.00,"100 מ""ל",false,,31.90,0.0425,true,1,6687723
7891024027998,false,קולגייט מי פה טוטאל הגנה מפני אבן 500 מל,קולגייט פלמוליב,BR,קולגייט מי פה טוטאל,מטרים,500.00,100 מ'ל,false,,19.90,0.0398,true,1,6888246
7891024030974,false,"קולגייט משחת שיניים טריפל אקשן 75 מ""ל",הנסיך- מפעל לייצור ט,BR,קולגייט טריפל אקשן 7,מטרים,75.00,100 מ'ל,false,,5.90,0.0787,true,1,1249126
7891024124826,false,קולגייט משחת אופטיק ספרקלינג וייט 75מל,הנסיך- מפעל לייצור ט,BR,משחת שיניים אופטיק ו,100 מל,75.00,100 מל,false,,19.90,0.2653,true,1,1018309
7891024130063,false,"קולגייט מי פה פלאקס ללא אלכוהול 500 מ""ל מהדרין",קולגייט Colgate,BR,מי פה פלאקס סופט מינ,מיליליטרים,500.00,"100 מ""ל",false,,24.90,0.0498,true,1,1018311
7891024179482,false,"שטיפת פה קולגייט אופטיק וייט 500מ""ל",יבואן ומשווק: ש. שסט,PL,מי פה אופטיק וייט קו,מיליליטרים,500.00,"100 מ""ל",false,,24.90,0.0498,true,1,1018316
7891173023186,false,נייר מדפסת A4 קרם 100 דפים,,,נייר מדפסת A4 קרם 10,יח',1.00,יח',false,,2.90,2.9000,true,1,6890495
8000070027398,false,קרמה קלאסיקו פולי קפה 500 גר לוואזה,,IT,לווצה קרמה קלאסיקו פ,גרמים,500.00,100 גרם,false,,64.90,0.1298,true,1,6803549
8000070032835,false,קפה לוואצה קלוי וטחון חוזק 10 מטינו 250 גר,לווצה טורינו,IT,קפה לוואצה מאטינו 25,גרמים,250.00,100 גרם,false,,26.90,0.1076,true,1,1031832
8000070035980,false,קפה לוואצה קלוי וטחון חוזק 5 רוסה 250 גר,לווצה טורינו,IT,קפה לוואצה רוסה 250ג,גרמים,250.00,100 גרם,false,,29.90,0.1196,true,1,1031834
8000070036321,false,פולי קפה לוואצה קואליטה רוסה 500 גר,,IT,פולי קפה לוואצה קואל,גרמים,500.00,100 גרם,false,,64.90,0.1298,true,1,6863271
8000070038868,false,קפה לוואצה קלוי וטחון חוזק 8 קלאסיקו 250 גר,לווצה טורינו,IT,קפה קרמה גוסטו לוואצ,גרמים,250.00,100 גרם,false,,28.90,0.1156,true,1,1031835
8000070038974,false,"קרמה גוסטו פולי קפה 1 ג""ק לוואזה",,IT,לוואצה קרמה גוסטו פו,גרמים,1000.00,100 גרם,false,,109.00,0.1090,true,1,6803550
8000113003402,false,"קמח תירס בוואקום 1 ק""ג",מולינו ניקולי אס.פי.,IT,"קמח תירס 1 ק""ג",100 לקג,1.00,100 לקג,false,,15.90,15.9000,true,1,1014058
8000215204219,false,משקה אורז אורגני ללא סוכר 1ל,בטר אנד דיפרנט,IT,משקה אורז אורגני ללא,ליטרים,1.00,ליטר,false,,12.90,12.9000,true,1,3943036
8000215204240,false,משקה שקדים ואורז - אורגני 1 ליטר,בטר אנד דיפרנט,IT,משקה שקדים ואורז אור,ליטרים,1.00,ליטר,false,,12.90,12.9000,true,1,3943038
8000215204394,false,"משקה אורז אורגני אגוז לוז ""נטורפוד""",בטר אנד דיפרנט,US,משקה אגוזי לוז ואורז,ליטרים,1.00,ליטר,false,,15.90,15.9000,true,1,3943043
8000215204561,false,ויטסי משקה שקדים אורגני 1 ליטר,בטר אנד דיפרנט,IT,ויטסי משקה שקדים אור,יח',1.00,יח',false,,14.90,14.9000,true,1,6583537
8000215204653,false,ויטסי משקה סויה 1 ליטר,בטר אנד דיפרנט,IT,ויטסי משקה סויה 1 לי,מטרים,1000.00,100 מ'ל,false,,10.90,0.0109,true,1,6470976
8000215204677,false,ויטריז - משקה שיבולת שועל בריסטה אורגני,בטר אנד דיפרנט,IT,ויטריז משקה שיבולת ש,ליטרים,1.00,ליטר,false,,12.90,12.9000,true,1,6830384
8000215204714,false,משקה שיבולת שועל אורגני 1 ליטר PRIMAVENA,בטר אנד דיפרנט,IT,משקה שבולת שועל אורג,ליטרים,1.00,ליטר,false,,12.90,12.9000,true,1,3943044
8000215204745,false,משקה ש.שועל וניל אורגני 1 ליטר PRIMAVENA,אלינור,IT,משקה שיבולת שועל טעם,ליטרים,1.00,ליטר,false,,12.90,12.9000,true,1,6858220
8000320010088,false,"רוטב עגבניות במרקם גס 680 מ""ל MUTTI",קונסרב,IT,צ'יריו רוטב עגבניות,גרמים,680.00,100 גרם,false,,9.90,0.0146,true,1,1031837
8000320010095,false,"רוטב עגבניות במרקם עדין 700 מ""ל MUTTI",קונסרב,IT,צ'יריו פסאטה במרקם ע,גרמים,700.00,100 גרם,false,,9.90,0.0141,true,1,6869967
8000320414855,false,צ'ריו עגבניות מרוסקות לפניסימה 400 גרם,,,עגבניות פלופה צ'יריו,גרמים,400.00,100 גרם,false,,4.90,0.0123,true,1,1031839
8000380003723,false,וופל אגוזים בציפוי שוקולד לואקר 100 גרם,קריניציה ויטמינה אס,IT,וופל אגוזים בציפוי ש,גרמים,100.00,100 גרם,false,,11.70,0.1170,true,1,1029076
8000380003754,false,עוגיות וופל קפה קפוצ'ינו 100 גרם לואקר,"כד בני דרום בע""מ",IT,לואקר גרנד פטיסרי קפ,גרמים,100.00,100 גרם,false,,11.70,0.1170,true,1,5826722
8000380003761,false,וופל גרנד פטיסרי שוקולד וקוקוס לואקר 100 גרם,קריניציה ויטמינה אס,IT,וופל גרנד פטיסרי שוק,גרמים,100.00,100 גרם,false,,11.70,0.1170,true,1,1029077
8000380004669,false,וופל לואקר סנדוויץ קוביות ושוקולד 200ג',"א. לואקר, קונפקט ג'י",AT,וופל סנדוויץ' קקאו ל,גרמים,200.00,100 גרם,false,,11.90,0.0595,true,1,1029079
8000380004676,false,קוביות וופל סנדוויץ Sandwich עם וניל וחלב,"א. לואקר, קונפקט ג'י",AT,קוביות וופל קרם וניל,גרמים,200.00,100 גרם,false,,11.90,0.0595,true,1,1029080
8000380004881,false,וופל קוארדטיני לואקר קוביות טרמיסו 220ג',קריניציה ויטמינה אס,IT,קוביות וופל טירמיסו,גרמים,220.00,100 גרם,false,,13.90,0.0632,true,1,1029082
8000380004911,false,קוביות וופל קואדרטיני Quadratini קרם אגוזים,קריניציה ויטמינה אס,AT,וופל קואדרטיני אגוזי,גרמים,250.00,100 גרם,false,,13.90,0.0556,true,1,1029083
8000380004942,false,קוביות וופל בטעם וניל לואקר 250 גרם,ליימן מותגים,AT,קוביות וופל בטעם וני,גרמים,250.00,100 גרם,false,,13.90,0.0556,true,1,1029084
8000380004966,false,וופל קוארדטיני לואקר קוביות שוקולד 250ג',קריניציה ויטמינה אס,AT,קוביות וופל בטעם קקא,גרמים,250.00,100 גרם,false,,13.90,0.0556,true,1,1029085
8000380005598,false,מארז וופל שוקולד טורטינה Tortina שוקולד מריר,ליימן מותגים,IT,טורטינה מריר לואקר 1,גרמים,125.00,100 גרם,false,,15.50,0.1240,true,1,1029086
8000380007219,false,וופל בטעם אגוזים לואקר 175 גרם,ליימן מותגים,AT,וופל בטעם אגוזים לוא,גרמים,175.00,100 גרם,false,,10.80,0.0617,true,1,1029089
8000380007257,false,וופל בטעם אגוזים לואקר 200 גרם,קריניציה ויטמינה אס,IT,וופל בטעם אגוזים לוא,גרמים,200.00,100 גרם,false,,13.70,0.0685,true,1,1029090
8000380007264,false,וופל בטעם קקאו לואקר 175 גרם,קריניציה ויטמינה אס,AT,וופל בטעם קקאו לואקר,גרמים,175.00,100 גרם,false,,10.80,0.0617,true,1,1029091
8000380106028,false,טורטינה לואקר וופל שוקולד ואגוזים שישיה 125ג',קריניציה ויטמינה אס,IT,טורטינה לואקר 125 גר,גרמים,125.00,100 גרם,false,,15.50,0.1240,true,1,1029093
8000380144044,false,גרדנה וופל מצופה שוקולד חלב לואקר 200 גרם,"א. לואקר , AG/SpA, ו",IT,גרדנה וופל מצופה שוק,גרמים,200.00,100 גרם,false,,13.70,0.0685,true,1,1029098
8000380148035,false,וופל אגוזי לוג שוקולד מריר גראן פטיסרי Gran Pasticceria,קריניציה ויטמינה אס,IT,וופל בציפוי שוקולד מ,גרמים,100.00,100 גרם,false,,11.70,0.1170,true,1,1029099
8000380153534,false,מארז וופל שוקולד טורטינה Tortina שוקולד לבן,ליימן מותגים,IT,טורטינה וויט שישיה 1,גרמים,125.00,100 גרם,false,,15.50,0.1240,true,1,1029113
8000380156573,false,לואקר בונבוניירה ורד הדולמיטים 150 גרם,קריניציה ויטמינה אס,IT,שוקולד דולומיטים מגו,גרמים,150.00,100 גרם,false,,21.90,0.1460,true,1,1096419
8000380156825,false,שוקולד לואקר חלב 87 גרם,ליימן מותגים,IT,שוקולד לואקר חלב 87,גרמים,87.00,100 גרם,false,,6.70,0.0770,true,1,1096420
8000380156849,false,"שוקולד בטעם מריר ""לואקר""",ליימן מותגים,IT,שוקולד לואקר מריר 87,יח',1.00,יח',false,,6.70,6.7000,true,1,1096422
8000380156856,false,שוקולד לואקר לבן 87 גרם,ליימן מותגים,IT,שוקולד לואקר לבן 87,גרמים,87.00,100 גרם,false,,6.70,0.0770,true,1,1096423
8000380180721,false,לואקר וופל קקאו במילוי קרם חלבי 175 גר,קריניציה ויטמינה אס,AT,לואקר קלאסיק 175 גר,גרמים,175.00,100 גרם,false,,10.80,0.0617,true,1,1312068
8000380180745,false,קוביות וופל קואדרטיני קקאו במילוי קר חלב,"א. לואקר, קונפקט ג'י",AT,קואדרטיני שוקו חלב 2,גרמים,250.00,100 גרם,false,,13.90,0.0556,true,1,1312069
8000380180837,false,וופל שוקולד לבן וקוקוס גראן פטיסרי Gran Pasticceria,"אינסטנטה בע""מ",IT,גרנד פטיסרי קרם קוקו,גרמים,100.00,100 גרם,false,,11.70,0.1170,true,1,1886314
8000380187119,false,עוגיות במילוי קרם אגוזי לוז לואקר 100 גר,לואקר Loacker,AT,עוגיות אגוזי לוז 100,גרמים,100.00,100 גרם,false,,13.90,0.1390,true,1,6738389
8000380187249,false,עוגיות עם מילוי קרם שקדים ושוקולד חלב,לואקר Loacker,AT,עוגיות לואקר שקדים 1,גרמים,100.00,100 גרם,false,,13.90,0.1390,true,1,6738390
8000380187300,false,עוגיות חמאה עם שוקולד חלב לואקר 120 גר,לואקר Loacker,AT,עוגיות פתיתי שלג 120,גרמים,120.00,100 גרם,false,,13.90,0.1158,true,1,6738625
8000380189281,false,וופל מיני מיקס לואקר בשקית 210 גרם,ליימן מותגים,AT,מארז מיני מיקס לואקר,גרמים,210.00,100 גרם,false,,19.90,0.0948,true,1,4914994
8000380192151,false,טורטינה טריפל שוקולד מריר 125 גר לואקר,ליימן מותגים,IT,טורטינה טריפל 125 גר,גרמים,125.00,100 גרם,false,,15.50,0.1240,true,1,6414507
8000380192243,false,וופלים לואקר מקסי בטעם אגוז 200 גר',לואקר Loacker,IT,לואקר מקסי טעם אגוז,גרמים,200.00,100 גרם,false,,11.90,0.0595,true,1,5755247
8000380192250,false,וופלים לואקר מקסי בטעם שוקולד 200 גר',לואקר Loacker,IT,לואקר מקסי טעם שוקול,גרמים,200.00,100 גרם,false,,11.90,0.0595,true,1,5755248
8000380192588,false,קואדרטיני בטעם קקאו במילוי קרם קקאו,קריניציה ויטמינה אס,AT,וופל קואדרטיני דאבל,גרמים,250.00,100 גרם,false,,13.90,0.0556,true,1,6015938
8000380198221,false,וופלים לואקר מקסי דאבל שוקולד 200 גר',לואקר Loacker,AT,לואקר מקסי טעם אגוז,גרמים,200.00,100 גרם,false,,11.90,0.0595,true,1,6708016
8000380205400,false,קוביות וופל קואדרטיני בטעם חמאת בוטנים,ליימן מותגים,AT,לואקר גרדנה חמאת בוט,גרמים,250.00,100 גרם,false,,13.90,0.0556,true,1,6857800
8000380205523,false,וופל לואקר קלאסיק חמאת בוטנים 175 גר,ליימן מותגים,AT,לואקר קלאסי חמאת בוט,גרמים,175.00,100 גרם,false,,10.80,0.0617,true,1,6857801
8000380206896,false,וופל לואקר גרדנה חמאת בוטנים 200 גר,ליימן מותגים,IT,לואקר גרדנה חמאת בוט,גרמים,200.00,100 גרם,false,,13.70,0.0685,true,1,6857802
8000380207183,false,שוקולד לואקר טורטינה חמאת בוטנים 126 גר,ליימן מותגים,IT,לואקר טורטינה חמאת ב,גרמים,150.00,100 גרם,false,,15.50,0.1033,true,1,6857803
8000392006132,false,מגב אייפל פטנט,,,מגב אייפל פטנט,יח',1.00,יח',false,,24.90,24.9000,true,1,1100672
8000392050074,false,כרית קירצוף מסיליקון,,,כרית מהפכנית,יח',1.00,יח',false,,9.90,9.9000,true,1,6745576
8000392900010,false,"מגב אייפל מסיליקון 45 ס""מ + מקל",מ.א. ייצור ויבוא מטליות,IL,מגב אייפל סיליקון פט,יח',1.00,יח',false,,54.90,54.9000,true,1,1172089
8000500018828,false,קינדר אצבעות שוקולד חצי מטר 300 גר,קדבורי,IT,קינדר שוקולד,גרמים,300.00,100 גרם,false,,18.90,0.0630,true,1,3773748
8000500023624,false,חטיפי הפי היפו Happy Hippo במילוי קרם חלב וקקאו,קינדר Kinder,IT,חטיף הפי היפו קינדר,גרמים,100.00,100 גרם,false,,11.50,0.1150,true,1,1029119
8000500023976,false,בונבוניירת רפאלו פררו 150 גרם,קריות זול,PL,בונבוניירת רפאלו פרר,גרמים,150.00,100 גרם,false,,14.90,0.0993,true,1,1029120
8000500026731,false,שוקולד ביצי הפתעה קינדר שלישייה,קריות זול,IT,קינדר ביצת הפתעה שלי,גרמים,114.00,100 גרם,false,,13.80,0.1211,true,1,1186205
8000500028124,false,קינדר גוי ביצת הפתעה מארז שלישיה,ליימן שליסל,ZA,ג'וי ביצת שוקולד קינ,יחידה,0.00,יחידה,false,,13.80,0.0000,true,1,1029121
8000500029350,false,מארז וופל מצופה 3יח' *43 גרם קינדר בואנו,קינדר Kinder,PL,שוקולד קינדר בואנו ש,גרמים,129.00,100 גרם,false,,9.90,0.0767,true,1,1029122
8000500032237,false,בונבוניירה פררו רושר 375 גר,פררו רושר,IT,רושר 375 גרם,גרמים,375.00,100 גרם,false,,39.90,0.1064,true,1,1029123
8000500037874,false,בונבוניירת פררו רושה 200 גרם,קריות זול,IT,בונבוניירת פררו רושה,גרמים,200.00,100 גרם,false,,22.90,0.1145,true,1,1029125
8000500071083,false,אצבעות שוקולד קינדר Kinder שש עשרה יחידות,קינדר Kinder,IT,אצבעות קינדר שוקולד,גרמים,200.00,100 גרם,false,,11.90,0.0595,true,1,1029128
8000500094976,false,"בונבוניירה פררו רושר רושה קונוס, 212 גרם T17X4",רושר,IT,פררו רושר קונוס 212.,גרמים,212.50,100 גרם,false,,37.50,0.1765,true,1,1029129
8000500121436,false,מארז קינדר בואנו Kinder Bueno לבן שלוש יחידות,קינדר Kinder,PL,קינדר בואנו לבן שליש,גרמים,117.00,100 גרם,false,,9.90,0.0846,true,1,1029130
8000500167656,false,קינדר שוקולד עם דגנים סיריאל 94 ג',פררו,IT,קינדר שוקולד עם דגני,גרמים,94.00,100 גרם,false,,7.70,0.0819,true,1,6311454
8000500217740,false,מארז מיני קינדר בואנו,פררו,PL,קינדר בואנו מיני 86,יח',1.00,יח',false,,9.90,9.9000,true,1,6705691
8000500227848,false,נוטלה - בי רדי אצבעות ביסקוויט במילוי שוקולד 6 יח' * 22 גרם,פררו,IT,נוטלה בי ריידי,גרמים,132.00,100 גרם,false,,9.90,0.0750,true,1,4977104
8000500247167,false,פררו קולקשן - כדורי וופל מצופים 24 יחידו,פררו,DE,פררו קולקשין 269 גר,גרמים,249.00,100 גרם,false,,43.90,0.1763,true,1,3375793
8000500249352,false,קינדר בואנו מיני מיקס שקית 205 ג',קדבורי,PL,קינדר בואנו מיני מיק,גרמים,205.00,100 גרם,false,,17.80,0.0868,true,1,3562527
8000500256213,false,קינדר שוקולד מיני בשקית.,קדבורי,IT,קינדר שוקולד מיני 12,גרמים,120.00,100 גרם,false,,8.90,0.0742,true,1,5678033
8000500267103,false,קינדר דליס עוגת ספוג קקאו במילוי חלבי*10,קינדר Kinder,IT,קינדר דליס מארז עשיר,גרמים,390.00,100 גרם,false,,18.90,0.0485,true,1,5259441
8000500269169,false,קינדר קארדס Kinder Cards - חמישייה,קריות זול,IT,קינדר בצורת קלפים 12,גרמים,128.00,100 גרם,false,,12.90,0.1008,true,1,6892957
8000500328750,false,כדור וופל פריך מצופה שוקולד פררו רושר 141 ג',פררו,DE,בונבוניירה פררו 141,גרמים,141.00,100 גרם,false,,24.90,0.1766,true,1,6797571
8000500353738,false,רביעיה סוכריות בטעם מנטה חזק 4 * 16 ג' טחק טק,פררו,ZA,טיק טק מנטה חזק 64 ג,גרמים,64.00,100 גרם,false,,9.90,0.1547,true,1,6747951
8000500360262,false,קינדר שוקולד דמויות חנוכה,General,PL,חנוכיית קינדר,יח',1.00,יח',false,,16.90,16.9000,true,1,6747952
8001003100164,false,יוגטה סוכריות ג'לי בטעמי פירות 450 גרם,יוגטה yogueta,IT,סוכריות ג'לי 450 גר,גרמים,450.00,100 גרם,false,,9.90,0.0220,true,1,4724896
8001003100218,false,סוכריות יוגטה ג'לי פירות 800 גר',תות ממתקי איכות,IT,סוכריות ג'לי פירות 8,גרמים,800.00,100 גרם,false,,15.90,0.0199,true,1,1029136
8001090016003,false,טבליות למדיח פיירי 84 יחידות,פרוקטר אנד גמבל,FR,פיירי טבליות למדיח 8,קילוגרמים,1.14,"ק""ג",false,,42.90,37.6316,true,1,2310384
8001090111685,false,תחתונים אולוויז דיסקריט מידה L לבריחת שתן,אולוויז Always,DE,אולוויז דיסקריט תחתו,יח',1.00,יח',false,,25.90,25.9000,true,1,6821305
8001090111715,false,תחתונים אולוויז דיסקריט מידה M לבריחת שתן,אולוויז Always,DE,אולוויז דיסקריט תחתו,יח',1.00,יח',false,,25.90,25.9000,true,1,6821306
8001090156839,false,פמפרס בייבי דריי מידה 4 86 יח,פרוקטר & גמבל,TR,פמפרס בייבי דריי מיד,יח',1.00,יח',false,,64.90,64.9000,true,1,6838673
8001090184375,false,"נוזל כלים פיירי 900 מ""ל ירוק אורגינל",פרוקטר אנד גמבל,GB,"פיירי אורגינל 900 מ""",מטרים,900.00,100 מ'ל,false,,11.90,0.0132,true,1,6865338
8001090184412,false,"פיירי נוזל לניקוי כלים לימון שקוף, 900 מ""ל",פרוקטר אנד גמבל,GB,פיירי לימון 900 מל,מטרים,900.00,100 מ'ל,false,,11.90,0.0132,true,1,6865339
8001090222428,false,"הרבל אסנסס - שמפו חלב קוקוס 400 מ""ל",הרבל אסנס Herbal Essences,FR,הרבל אסנסס שמפו חלב,מיליליטרים,400.00,"100 מ""ל",false,,14.90,0.0373,true,1,6156742
8001090222572,false,"מרכך הרבל אסנסס תות שדה ומנטה 400 מ""ל",הרבל אסנס Herbal Essences,FR,הרבל אסנסס מרכך תות,מיליליטרים,400.00,"100 מ""ל",false,,14.90,0.0373,true,1,6156745
8001090222725,false,"הרבל אסנסס - שמפו שמן מורינגה 400 מ""ל",הרבל אסנס Herbal Essences,FR,הרבל אסנסס שמפו שמן,מיליליטרים,400.00,"100 מ""ל",false,,14.90,0.0373,true,1,6156746
8001090222756,false,"הרבל אסנס מרכך תות שמן מורינגה 400 מ""ל",הרבל אסנס Herbal Essences,FR,הרבל אסנסס מרכך שמן,יח',1.00,יח',false,,14.90,14.9000,true,1,6156747
8001090316103,false,קפסולות לכתמים קשים 45 יח' אריאל,פרוקטר אנד גמבל,FR,אריאל קפסולות לכביסה,יח',1.00,יח',false,,54.90,54.9000,true,1,6880401
8001090336354,false,פמפרס בייבי דריי חיתולים מידה 2 46 יח,פרוקטר אנד גמבל,DE,חיתולי פמפרס בייבי ד,יח',1.00,יח',false,,29.90,29.9000,true,1,6647898
8001090368553,false,פמפרס בייבי דריי מידה 6 68 יח,פרוקטר & גמבל,TR,פמפרס בייבי דריי מיד,יח',1.00,יח',false,,64.90,64.9000,true,1,6838675
8001090375186,false,"פנטן מרכך מרוכז לצבע מלא חיים 200 מ""ל",פרוקטר אנד גמבל,FR,פנטן מרכך מרוכז 200,מיליליטרים,200.00,"100 מ""ל",false,,12.90,0.0645,true,1,4186365
8001090375230,false,"מרכך מרוכז 200 מ""ל לחות מוגברת ""פנטן""",פרוקטר אנד גמבל,FR,פנטן מרכך מרוכז 200,מיליליטרים,200.00,"100 מ""ל",false,,12.90,0.0645,true,1,4186366
8001090375285,false,"פנטן מרכך מרוכז 200 מ""ל למגע רך כשמי",פרוקטר אנד גמבל,FR,פנטן מרכך מרוכז 200,מיליליטרים,200.00,"100 מ""ל",false,,12.90,0.0645,true,1,4186367
8001090377487,false,מסכה לשיער פנטן לחות מוגברת 300 מל,פרוקטר אנד גמבל,RO,פנטן מסכה לחות מוגבר,מיליליטרים,300.00,"100 מ""ל",false,,34.90,0.1163,true,1,4579970
8001090379337,false,פמפרס פרימיום קר חיתולים שלב 3 40 יח VP,פרוקטר אנד גמבל,PL,חיתולי פמפרס פרימיום,יח',40.00,יח',false,,29.90,0.7475,true,1,3888332
8001090379368,false,פמפרס פרימיום קר חיתולים שלב 4 34 יח VP,פרוקטר אנד גמבל,PL,חיתולי פמפרס פרימיום,יח',34.00,יח',false,,29.90,0.8794,true,1,3888333
8001090379399,false,פמפרס פרימיום קר חיתולים שלב 5 30 יח VP,פרוקטר אנד גמבל,PL,חיתולי פמפרס פרימיום,יח',30.00,יח',false,,29.90,0.9967,true,1,3888334
8001090458322,false,פיירי ורדים משי 1.015 מלי,פרוקטר & גמבל,GB,פיירי ורדים משי 1.01,ליטרים,1.01,ליטר,false,,15.90,15.7426,true,1,3370912
8001090493637,false,"הד אנד שולדרס שמפו אולטרא טוטאל קר 450 מ""ל",פרוקטר אנד גמבל,RO,הדשולדרס שמפו אולטרא,מיליליטרים,450.00,"100 מ""ל",false,,17.90,0.0398,true,1,3634638
8001090721099,false,טבליות ג'ל לכביסה 3 ב-1 בניחוח אביב הרים,פרוקטר אנד גמבל,FR,אריאל קפסולות לכביסה,יח',1.00,יח',false,,29.90,29.9000,true,1,5069970
8001090721129,false,אריאל קפסולות גל לכביסה 3ב1 קולור 27 יח,פרוקטר אנד גמבל,FR,אריאל קפסולות לכביסה,יח',1.00,יח',false,,29.90,29.9000,true,1,5069971
8001090734044,false,אולוויז מגן תחתון גיגה פק לארג' אקסטרה פרוטקט 64 יח',פרוקטר אנד גמבל,UA,מגן תחתון אולוויז מג,יח',64.00,יח',false,,16.90,0.2641,true,1,4563622
8001090740717,false,מגני תחתון אולוויז נורמל עם ניחוח רענן Fresh Scent,פרוקטר אנד גמבל,DE,מגן תחתון אולוויז מג,יח',76.00,יח',false,,16.90,0.2224,true,1,5183823
8001090745903,false,אבקת כביסה טייד פרש אלפיין 4 קג,פרוקטר אנד גמבל,TR,טייד אבקת כביסה אלפי,קילוגרמים,4.00,"ק""ג",false,,24.90,6.2250,true,1,6878022
8001090802385,false,קפסולות גל לכביסה טייד בניחוח לנור 26 יח,פרוקטר אנד גמבל,FR,טייד קפסולות ג'ל 26,יח',26.00,יח',false,,23.90,0.9192,true,1,5847894
8001090832450,false,"שמפו פנטן הנוסחה הקלאסית 660 מ""ל",פרוקטר אנד גמבל,RO,פנטן שמפו נוסחה קלאס,מיליליטרים,660.00,"100 מ""ל",false,,18.90,0.0286,true,1,6702118
8001090832535,false,"שמפו פנטן שמן מרוקאי משקם 660 מ""ל",פרוקטר אנד גמבל,RO,פנטן שמפו שמן מרוקאי,מיליליטרים,660.00,"100 מ""ל",false,,18.90,0.0286,true,1,6702119
8001090832573,false,"שמפו פנטן לחות מוגברת 660 מ""ל",פרוקטר אנד גמבל,RO,פנטן שמפו לחות מוגבר,מיליליטרים,660.00,"100 מ""ל",false,,18.90,0.0286,true,1,6702120
8001090832610,false,"שמפו פנטן למגע רך כמשי 660 מ""ל",פרוקטר אנד גמבל,RO,פנטן שמפו למגע רך כמ,מיליליטרים,660.00,"100 מ""ל",false,,18.90,0.0286,true,1,6705174
8001090832696,false,"פנטן שמפו לתלתלים מושלמים 660 מ""ל",פרוקטר אנד גמבל,RO,פנטן שמפו לתלתלים מו,מיליליטרים,660.00,"100 מ""ל",false,,18.90,0.0286,true,1,6702121
8001090832771,false,"פנטן שמפו להזנת קרטין 660 מ""ל",פרוקטר אנד גמבל,RO,פנטן שמפו הזנת קרטין,מיליליטרים,660.00,"100 מ""ל",false,,18.90,0.0286,true,1,6702123
8001090832818,false,מרכך פנטן הנוסחה הקלאסית לשיער רגיל ומעורב,פרוקטר אנד גמבל,RO,פנטן מרכך נוסחה קלאס,מיליליטרים,600.00,"100 מ""ל",false,,18.90,0.0315,true,1,6702124
8001090832856,false,"פנטן 660 מ""ל קונדישינר מרוקאי משקם",פרוקטר אנד גמבל,RO,פנטן מרכך מרוקאי משק,מיליליטרים,660.00,"100 מ""ל",false,,18.90,0.0286,true,1,6702142
8001090832894,false,מרכך לשיער חלש ופגום לחות מוגברת,פרוקטר אנד גמבל,RO,פנטן מרכך לחות מוגבר,מיליליטרים,660.00,"100 מ""ל",false,,18.90,0.0286,true,1,6702143
8001090832931,false,"פנטן 660 מ""ל קונדישינר למגע רך כמשי",פרוקטר אנד גמבל,RO,פנטן מרכך למגע רך כמ,מיליליטרים,660.00,"100 מ""ל",false,,18.90,0.0286,true,1,6705175
8001090832979,false,"פנטן 660 מ""ל קונדישינר לתלתלים מושלמים",פנטן שמפו ומרכך ב 17,RO,פנטן מרכך לתלתלים מו,מיליליטרים,660.00,"100 מ""ל",false,,18.90,0.0286,true,1,6702144
8001090833051,false,"פנטן 660 מ""ל קונדישינר הזנת קרטין",פנטן שמפו ומרכך ב 17,RO,פנטן מרכך הזנת קרטין,מיליליטרים,660.00,"100 מ""ל",false,,18.90,0.0286,true,1,6702146
8001090833136,false,אריאל ג'ל כביסה בייבי 2.255 ליטר,פרוקטר אנד גמבל,FR,אריאל ג'ל כביסה בייב,ליטרים,2.26,ליטר,false,,26.90,11.9027,true,1,5575095
8001090833167,false,גל כביסה אריאל בניחוח הרים 2.365 ליטר,פרוקטור אנד גמבל,FR,אריאל ג'ל כביסה 2.36,ליטרים,2.36,ליטר,false,,27.90,11.8220,true,1,5575096
8001090833198,false,אריאל נוזל כביסה 2.47 ליטר ניחוח מרענן,פרוקטור אנד גמבל,FR,אריאל ג'ל כביסה ניחו,ליטרים,2.36,ליטר,false,,27.90,11.8220,true,1,5575097
8001090833228,false,אריאל ג'ל כביסה קולור 2.365 ליטר,פרוקטר אנד גמבל,FR,אריאל ג'ל כביסה 2.36,ליטרים,2.36,ליטר,false,,27.90,11.8220,true,1,5575098
8001090833259,false,גל כביסה אריאל בניחוח הרים 3.740 ליטר,פרוקטר אנד גמבל,FR,אריאל ג'ל כביסה ניחו,ליטרים,3.74,ליטר,false,,39.80,10.6417,true,1,5575099
8001090891273,false,לנור כדוריות בושם בניחוח סחלב 210 גרם,פרוקטר אנד גמבל,US,לנור כדוריות בושם סח,גרמים,210.00,100 גרם,false,,24.90,0.1186,true,1,6763535
8001090899224,false,תחבושות אולוויז פלטינום לונג 20 יח',פרוקטר אנד גמבל,DE,תחבושות אולוויז פלטי,יח',1.00,יח',false,,17.90,17.9000,true,1,6784591
8001090899286,false,תחבושות אולוויז פלטינום לילה בטוח 14 יח',פרוקטר אנד גמבל,DE,תחבושות אולוויז פלטי,יח',1.00,יח',false,,16.90,16.9000,true,1,6784593
8001090943095,false,סבון כלים פעולה אנטי-בקטריאלית אקליפטוס,פיירי Fairy,,פיירי אנטי בקטריאלי,ליטרים,1.01,ליטר,false,,17.90,17.7228,true,1,5372951
8001090961907,false,"אבקת כביסה אריאל שושן צחור 9 ק""ג",פרוקטר אנד גמבל,,אבקת כביסה אריאל שוש,קילוגרמים,9.00,"ק""ג",false,,59.90,6.6556,true,1,6735619
8001090961938,false,"אבקת כביסה אריאל קולור 9 ק""ג",פרוקטר אנד גמבל,,אבקת כביסה אריאל קול,קילוגרמים,9.00,"ק""ג",false,,59.90,6.6556,true,1,6758601
8001090992338,false,פיירי טבליות למדיח פלטינום פלוס 50 יחידו,פרוקטר אנד גמבל,BE,פיירי טבליות למדיח פ,יח',1.00,יח',false,,42.90,42.9000,true,1,6647899
8001160000888,false,"גטורייד משקה ספורט תפוז 500 מ""ל",ALOE VERA HEAVEN SRL,IT,גטורייד ספורט תפוז 5,מיליליטרים,500.00,"100 מ""ל",false,,9.90,0.0198,true,1,4186640
8001160001786,false,"משקה אנרגיה גטורייד ספורט כחול 500מ""ל",סאן בנדטו אס פי איי,IT,גטורייד ספורט כחול 5,מיליליטרים,500.00,"100 מ""ל",false,,9.90,0.0198,true,1,4186642
8001160001892,false,"משקה אנרגיה גטורייד ספורט תפוז אדום 500מ""ל",פארייפאבה אגרואינדוס,IT,גטורייד ספורט תפוז א,מיליליטרים,500.00,"100 מ""ל",false,,9.90,0.0198,true,1,4186643
8001359008800,false,שמפו לשיער יבש 500מל,פאר פארם,IL,שמפו לשיער יבש 500מל,מיליליטרים,500.00,"100 מ""ל",false,,22.90,0.0458,true,1,1279376
8001359108654,false,"מויסטר ריסורס קרם פנים 250מ""ל",,,קרם לחות לפנים מויסט,יח',1.00,יח',false,,19.90,19.9000,true,1,1171969
8001440118944,false,CIRIO מארז שלישיית עגבניות חתוכות דק,דיפלומט,IT,צ'יריו עגבניות פולפה,גרמים,1200.00,100 גרם,false,,14.90,0.0124,true,1,6869968
8001505000313,false,ממרח אגוזי לוז אורגני 270 גרם NICCIOLATA,ריג'וני דה אסינו,IT,ממרח אגוזי לוז אורגנ,גרמים,270.00,100 גרם,false,,19.50,0.0722,true,1,3943112
8001620011935,false,"סן בנדטו- מים מינרלים מוגז - מארז שישיית 500 מ""ל",אקווה מינרלה סאן בנד,IT,"סן בנדטו מוגז 500 מ""ל שיש",ליטרים,3.00,ליטר,false,,11.90,3.9667,true,1,1017393
8001620015636,false,"משקה פירות פרוטה-מיקס פירות 400 מ""ל סאן בנדטו",אקווה מינרלה סאן בנד,IT,משקה פרוטה מיקס פירו,מיליליטרים,400.00,"100 מ""ל",false,,6.50,0.0163,true,1,6788963
8001620017456,false,"סן בנדטו ספורט, מים מינרלים טבעיים 500 מ""ל שישייה",סאן בנדטו San Benedetto,,"סאן בנדטו 6*500 מ""ל",ליטרים,6.00,ליטר,false,,13.90,2.3167,true,1,4152812
8001841006710,false,לנור כדוריות הריח בניחוח רענן 210 גרם,פרוקטר אנד גמבל,US,לנור כדוריות בושם רע,גרמים,210.00,100 גרם,false,,24.90,0.1186,true,1,6763536
8001841053684,false,תחבושות אולוויז עבה לונג פלוס 12 יחידות,פרוקטר אנד גמבל,HU,תחבושות אולוויז עבה,יח',12.00,יח',false,,9.90,0.8250,true,1,5713567
8001841053806,false,תחבושות היגייניות אולוויז מקסי עבה לילה,פרוקטר & גמבל,HU,תחבושות אולוויז עבה,יח',9.00,יח',false,,9.90,1.1000,true,1,5713568
8001841062624,false,פמפרס מגבונים לחים ללא בישום רביעייה,פרוקטר אנד גמבל.,DE,פמפרס מגבונים ללא בי,יח',4.00,יח',false,,17.90,4.4750,true,1,6786621
8001841077949,false,מארז מגבוני פמפרס בניחוח מרענן - רביעייה,פרוקטר אנד גמבל,DE,מגבוני פמפרס פרש 4X5,יח',1.00,יח',false,,17.90,17.9000,true,1,6647900
8001841096889,false,"נוזל לניקוי כלים לימון קלאסי 900 מ""ל",פרוקטר אנד גמבל,TR,פיירי לימון קלאסי 90,מיליליטרים,900.00,"100 מ""ל",false,,6.90,0.0077,true,1,5232081
8001841104751,false,פמפרס פרימיום קר חיתולים שלב 1 52 יח VP,פרוקטר אנד גמבל,PL,חיתולי פמפרס פרימיום,יח',52.00,יח',false,,29.90,0.5750,true,1,6022060
8001841104799,false,פמפרס פרימיום קר חיתולים שלב 2 46 יח VP,פרוקטר אנד גמבל,PL,חיתולי פמפרס פרימיום,יח',46.00,יח',false,,29.90,0.6500,true,1,6022061
8001841105093,false,פמפרס פרימיום קר חיתולים שלב 6 26 יח VP,פרוקטר אנד גמבל,PL,חיתולי פמפרס פרימיום,יח',26.00,יח',false,,29.90,1.1500,true,1,6022062
8001841137179,false,קונדישינר הד&שולדרס הנוסחה הקלאסית 275מל,פרוקטר אנד גמבל,RO,ה&ש קונדישנר-הנוסחה,מיליליטרים,275.00,"100 מ""ל",false,,9.90,0.0360,true,1,6566548
8001841137216,false,"קונדישנר למגע רך כמשי הד אנד שולדרס 275 מ""ל",פרוקטר אנד גמבל,RO,ה&ש קונדישנר למגע רך,מיליליטרים,275.00,"100 מ""ל",false,,9.90,0.0360,true,1,6566549
8001841216584,false,תחבושות אולוויז אולטרה לילה בטוח,פרוקטר & גמבל,HU,תחבושות אולוויז לילה,יח',1.00,יח',false,,29.90,29.9000,true,1,6549208
8001841470290,false,נוזל ניקוי כלים פייר,,,פיירי פלטינום 750 מ,מיליליטרים,750.00,"100 מ""ל",false,,11.90,0.0159,true,1,6923193
8001841500942,false,"הרבל אסנסס - שמפו ללא סולפטים אלוורה ובמבוק 380 מ""ל",הרבל אסנס Herbal Essences,FR,הרבל אסנס שמפו ללא ס,מיליליטרים,300.00,"100 מ""ל",false,,14.90,0.0497,true,1,6749197
8001841502298,false,"הרבל אסנסס - מרכך ללא סולפטים אלוורה ומנגו 275 מ""ל",הרבל אסנס Herbal Essences,FR,הרבל אסנס מרכך ללא ס,מיליליטרים,300.00,"100 מ""ל",false,,14.90,0.0497,true,1,6749198
8001841502601,false,"הרבל אסנסס - מרכך ללא סולפטים אלוורה ובמבוק 275 מ""ל",הרבל אסנס Herbal Essences,FR,הרבל אסנס מרכך ללא ס,מיליליטרים,300.00,"100 מ""ל",false,,14.90,0.0497,true,1,6749199
8001841566771,false,לנור כדוריות בושם בניחוח יסמין 210 גרם,פרוקטר אנד גמבל,US,לנור כדוריות בושם יס,גרמים,210.00,100 גרם,false,,24.90,0.1186,true,1,6763538
8001841625188,false,סבון כלים פלטינום לימון X3 פעולות להסרת שומנים,פרוקטר אנד גמבל,GB,פיירי פלטינום לימון,מיליליטרים,515.00,"100 מ""ל",false,,8.90,0.0173,true,1,6685799
8001841625287,false,סבון כלים פלטינום לימון X3 פעולות להסרת שומנים,פרוקטר אנד גמבל,GB,פיירי פלטינום לימון,ליטרים,1.01,ליטר,false,,12.90,12.7723,true,1,6685800
8001841625362,false,"נוזל כלים בניחוח לימון פלטינום 780 מ""ל פיירי",פרוקטר אנד גמבל,GB,פיירי פלטינום לימון,מטרים,780.00,100 מ'ל,false,,11.90,0.0153,true,1,6865340
8001841625461,false,סבון כלים פלטינום X3 פעולות להסרת שומנים,פרוקטר אנד גמבל,GB,פיירי פלטינום אורגינ,מיליליטרים,515.00,"100 מ""ל",false,,8.90,0.0173,true,1,6685801
8001841625508,false,סבון כלים פלטינום X3 פעולות להסרת שומנים,פרוקטר אנד גמבל,GB,פיירי פלטינום אורגינ,ליטרים,1.01,ליטר,false,,12.90,12.7723,true,1,6685802
8001841660530,false,קרם לחות מינרלס במבוק + חלבון משקם לשיער ארוך,פנטן Pantene,FR,פנטן מיראקלס במבוק ק,מיליליטרים,270.00,"100 מ""ל",false,,13.90,0.0515,true,1,6785610
8001841669465,false,אריאל קפסולות לכביסה ג'ל 24 יח' בניחוח לנור,פרוקטר אנד גמבל,FR,אריאל קפסולות לכביסה,יח',1.00,יח',false,,29.90,29.9000,true,1,6761979
8001841669519,false,אריאל קפסולות גל לכביסה 3ב1 רגיל 55 יח,פרוקטר אנד גמבל,FR,אריאל קפסולות לכביסה,יח',1.00,יח',false,,54.90,54.9000,true,1,6733297
8001841680989,false,מגן תחתון אולוויז מגה פק פרו פרש לארג' 60 יחי,פרוקטר אנד גמבל,DE,אולוויז מגן תחתון לא,יח',1.00,יח',false,,16.90,16.9000,true,1,6714567
8001841893990,false,פיירי טבליות למדיח פלטינום פלוס - מארז 30 יח',פרוקטר אנד גמבל,BE,פיירי קפסולות למדיח,יח',1.00,יח',false,,39.90,39.9000,true,1,6763261
8001841943961,false,לנור כדוריות בושם בניחוח אוקיינוס 210 גר,פרוקטר אנד גמבל,US,לנור כדוריות בושם או,גרמים,210.00,100 גרם,false,,24.90,0.1186,true,1,6763539
8001841958460,false,פיירי טבליות למדיח אורגינל הכל באחד - מארז 48 יח',פרוקטר אנד גמבל,BE,פיירי טבליות למדיח 4,גרמים,648.00,100 גרם,false,,39.90,0.0616,true,1,6763262
8001841982489,false,אבקת כביסה אריאל אוק,פרוקטר אנד גמבל,TR,אריאל אוקסי 6.8 קג,יח',1.00,יח',false,,59.90,59.9000,true,1,6760994
8001943549122,false,צ'וקטה מטבעות שוקולד חלב 40 ג' נוכרי,צ'וקטה Chocketa,IT,צוקטה מטבעות שוקולד,גרמים,40.00,100 גרם,false,,3.30,0.0825,true,1,3717402
8001943607990,false,ביצת הפתעה רמי לוי 6,,,ביצת הפתעה רמי לוי 6,גרמים,60.00,100 גרם,false,,8.90,0.1483,true,1,3334949
8002066001399,false,אטריות ביצים טלייאטלה ללא גלוטן 250גר,,IT,"אטריות ביצים לל""ג 25",גרמים,250.00,100 גרם,false,,19.70,0.0788,true,1,4769416
8002130205685,false,אורז לבן ארוך להכנת ריזוטו,RRiseria Vignola Gio,IT,אורז לבן ארוך להכנת,גרמים,500.00,100 גרם,false,,9.70,0.0194,true,1,6810087
8002205319835,false,מזון לחתולים בוגרים בטעם סלמון פורינה ONE,פורינה Purina,US,ONE חתול בוגר סלמון,יח',1.00,יח',false,,39.90,39.9000,true,1,6498681
8002267014662,false,שלישייה ביצי שוקולד חלב עם צעצוע ברבי,צ'וקטה Chocketa,IT,ביצת הפתעה ברבי שלשי,גרמים,20.00,100 גרם,false,,10.90,0.5450,true,1,4069043
8002267014945,false,שלישייה ביצי שוקולד חלב עם צעצוע הוט ווילס,צ'וקטה Chocketa,IT,ביצת הפתעה הוט ווילס,גרמים,20.00,100 גרם,false,,10.90,0.5450,true,1,4069044
8002267015263,false,ביצי שוקולד חלב עם הפתעת צעצוע - מארז 3 יח',צ'וקטה Chocketa,IT,צוקטה ביצת הפתעה מאש,יח',1.00,יח',false,,10.90,10.9000,true,1,6731522
8002267016475,false,ביצת שוקולד הפתעה בוב הבנאי שלישייה 60 ג,מולינו ניקולי s.p.a,IT,צוקטה ביצת הפתעה בוב,גרמים,20.00,100 גרם,false,,10.90,0.5450,true,1,5519966
8002270866524,false,סן פלגרינו מים מינרליים טבעיים מוגזים,סן פלגרינו San Pellegrino,IT,סן פלגרינו 1 ליטר בקבוק פ,יח',1.00,יח',false,,8.90,8.9000,true,1,1068295
8002450202005,false,ורדי ספרקלטיני אסאי Verdi acai Sparkletini,איטליה בוסקה,IT,ורדי ספרקלטיני אסאי בוסקה,מיליליטרים,750.00,"100 מ""ל",false,,24.90,0.0332,true,1,1029867
8002450203002,false,משקה כהלי מוגז ורדי,איטליה בוסקה,IT,ורדי אבטיח כשר,מיליליטרים,750.00,"100 מ""ל",false,,24.90,0.0332,true,1,5856280
8002450204009,false,ורדי ספרקלטיני אפרסק,"איי, בי, אינבוו",IT,ורדי אפרסק כשר,מיליליטרים,750.00,"100 מ""ל",false,,24.90,0.0332,true,1,1029868
8002450205006,false,משקה כהלי מוגז ורדי,איטליה בוסקה,IT,ורדי רימונים כשר,מיליליטרים,750.00,"100 מ""ל",false,,24.90,0.0332,true,1,2737591
8002450206003,false,ורדי רימונים ספרקלטיני,"איי, בי, אינבוו",IT,ורדי רימונים כשר,מיליליטרים,750.00,"100 מ""ל",false,,24.90,0.0332,true,1,1029871
8002910043476,false,ויט רצועות שעווה מוכנות לקו הביקיני 12 יחידות,רקיט בנקיזר צרפת,,ויט רצועות שעווה מוכ,יח',12.00,יח',false,,19.90,1.6583,true,1,3902462
8003340091280,false,לינדט לינדור בונבוניירה 60% מוצקי קקאו 200 גרם,לינדט ושפרונגלי קילש,IT,לינדט לינדור בונבוני,גרמים,200.00,100 גרם,false,,22.90,0.1145,true,1,1024274
8003440997857,false,מסטיק פיורפרש מנטה אריזת חיסכון 200 גר,פרפטי ואן מלה ברדה,TR,מנטוס פיור פרש בטעם,גרמים,200.00,100 גרם,false,,19.90,0.0995,true,1,6792345
8003446002685,false,שמן זית איטלקי 1 ליטר רמי לוי,,,שמן זית איטלקי 1 ליט,100 מל,1000.00,100 מל,false,,24.90,0.0249,true,1,5927068
8003753900438,false,קפה לנדוור אילי אספרסו טחון 250 גרם,קפה לנדוור,IL,איליי קפה אספרסו 250,גרמים,250.00,100 גרם,false,,39.90,0.1596,true,1,1021403
8004030022010,false,ירקות גינה עם טונה ריו מרה אינסלטיסימי 160 ג',"בולטון אלימנטרי בע""מ",IT,טונה ריו מרה ירקות ג,גרמים,160.00,100 גרם,false,,14.90,0.0931,true,1,1151866
8004030026018,false,"מקסיקני עם טונה ריו מרה אינסלטיסימי, 160 ג'","בולטון אלימנטרי בע""מ",IT,טונה ריו מרה מקסיקני,גרמים,160.00,100 גרם,false,,14.90,0.0931,true,1,1151867
8004030044005,false,נתחי טונה בהירה בשמן זית ריו מרה 112גרם,"בולטון אלימנטרי בע""מ",IT,נתחי טונה בהירה בשמן,גרמים,160.00,100 גרם,false,,17.90,0.1119,true,1,1018319
8004030102033,false,טונה בשמן זית עם מיץ לימון ופלפל שחור - מארז 3 יח',בולטון אלימנטרי,IT,טונה ריו מרה בשמן זי,גרמים,240.00,100 גרם,false,,27.80,0.1158,true,1,5595172
8004030177000,false,טונה בשמן זית וצ'ילי ריו מרה מארז 80X3 גר',ריו מארה Rio Mare,IT,טונה בשמן זית עם צ'י,גרמים,168.00,100 גרם,false,,27.80,0.1655,true,1,4751735
8004030180000,false,ריו מרה טונה בשמן זית כתית מעולה 3*80גר,בולטון אלימנטרי,IT,ריו מרה טונה בשמן זי,גרמים,240.00,100 גרם,false,,25.90,0.1079,true,1,6828897
8004030344938,false,ריו מרה טונה בשמן זית 80 גרם*שלישייה,"בולטון אלימנטרי בע""מ",IT,טונה ריו מרה בשמן זי,גרמים,168.00,100 גרם,false,,27.80,0.1655,true,1,1120675
8004030845046,false,טונה עם ירקות בתוספת עם אורז ריו מרה אינסלטיסימי 160 ג',בולטון אלימנטרי,IT,ריו מארה אינסלטיסימי,יח',1.00,יח',false,,14.90,14.9000,true,1,5910494
8004030860001,false,ירקות עם קוקוס וטונה ריו מרה אינסלטיסימי 160 ג',"בולטון אלימנטרי בע""מ",IT,טונה ריו מרה ירקות ו,גרמים,160.00,100 גרם,false,,14.90,0.0931,true,1,2293568
8004800000064,false,לאגו פלאסיר- גלילי ופל קרם קקאו בציפוי ש.חלב - 100 ג',לאגו,IT,לאגו פלאסיר גלילי וו,גרמים,100.00,100 גרם,false,,10.90,0.1090,true,1,6885843
8004800000071,false,לאגו פלאסיר- גלילי ופל במילוי קרם אגוזי לוז שוקולד חלב - 100 ג',לאגו,IT,לאגו פלאסיר גלילי וו,גרמים,100.00,100 גרם,false,,10.90,0.1090,true,1,6885844
8004800004802,false,גלילי וופל לאגו פלאסיר קרם דומדמניות 100,לאגו,IT,לאגו פלאסיר גלילי וו,גרמים,100.00,100 גרם,false,,10.90,0.1090,true,1,6885845
8004800004826,false,לאגו פלאסיר - וופלים במילוי קרם קוקוס שוקולד מריר - 98ג,לאגו,IT,לאגו פלאסיר גלילי וו,גרמים,100.00,100 גרם,false,,10.90,0.1090,true,1,6885847
8004800005519,false,וופל רול גלילי במילוי קרם אגוזי לוז- 125 ג' לאגו,לגו גרופ ס.פ.א.,IT,לאגו מיני רול במילוי,גרמים,125.00,100 גרם,false,,9.90,0.0792,true,1,6885849
8005110170300,false,עגבניות מרוסקות חתוכות מוטי MUTTI שלישיה *400,מוטי Mutti,IT,עגבניות מרוסקות 3*40,קילוגרמים,1.20,"ק""ג",false,,16.90,14.0833,true,1,6705531
8005200256587,false,נסטי - תה קר בטעם אפרסק 1.5 ליטר,מפעל סאנפלגרינו S.P.,IT,תה קר בטעם אפרסק נסט,ליטרים,1.50,ליטר,false,,8.20,5.4667,true,1,6814606
8005200286584,false,תה קר בטעם מנגו אננס נסטי 1.5 ליטר,מפעל סאנפלגרינו S.P.,IL,תה קר בטעם מנגו אננס,ליטרים,1.50,ליטר,false,,8.20,5.4667,true,1,6814607
8005200316588,false,תה קר דיאט בטעם אפרסק נסטי 1.5 ליטר,מפעל סאנפלגרינו s.p.,IL,תה קר דיאט בטעם אפרס,ליטרים,1.50,ליטר,false,,7.90,5.2667,true,1,6814608
8005803010357,false,גריסיני קלאסי - מקלות אפויים עם שמן זית ומלח,"אינסטנטה בע""מ",IT,גרסיני קלאסי 125 גר,גרמים,125.00,100 גרם,false,,5.70,0.0456,true,1,2394135
8005803010371,false,"גריסיני רוזמרין - מקלות אפויים עם שמן זית, מלח ורוזמרין","אינסטנטה בע""מ",IT,גרסיני רוזמרין 125 ג,גרמים,125.00,100 גרם,false,,5.70,0.0456,true,1,2394136
8005803010586,false,"מקלות אפויים עם שמן זית, מלח, עגבניות ואורגנו, 125 גרם, אמור די פאן","הוסטה איטליה, ס.ר.ל.",IT,גרסיני פיצה 125 גר,גרמים,125.00,100 גרם,false,,5.70,0.0456,true,1,2394137
8005803010661,false,"מקלות אפויים עם שמן זית, מלח, ושומשום, 125 גרם, אמור די פאן","הוסטה איטליה, ס.ר.ל.",IT,גרסיני שומשום 125 גר,גרמים,125.00,100 גרם,false,,5.70,0.0456,true,1,2394138
8006540091906,false,לנור כדוריות הבושם בניחוח אריאל 140 גרם,פרוקטר אנד גמבל,US,לנור כדוריות הבושם ב,גרמים,140.00,100 גרם,false,,14.90,0.1064,true,1,6805528
8006540091937,false,לנור כדוריות הבושם בניחוח אריאל 210 גרם,פרוקטר אנד גמבל,US,לנור כדוריות הבושם ב,גרמים,210.00,100 גרם,false,,24.90,0.1186,true,1,6805529
8006540110317,false,שמפו מינרלס ביוטין + במבוק לשיער חזק וארוך,פרוקטר אנד גמבל,RO,פנטן מיראקלס במבוק ש,מיליליטרים,400.00,"100 מ""ל",false,,14.90,0.0373,true,1,6785611
8006540112793,false,"מרכך כביסה מרוכז בניחוח יסמין לנור 900 מ""ל",פרוקטר אנד גמבל,FR,לנור מרכך מרוכז בניח,מטרים,900.00,100 מ'ל,false,,14.90,0.0166,true,1,6798772
8006540112823,false,"לנור מרכך כביסה מרוכז בניחוח האוקיינוס 900 מ""ל",פרוקטר אנד גמבל,FR,לנור מרכך מרוכז בניח,מיליליטרים,900.00,"100 מ""ל",false,,14.90,0.0166,true,1,6787374
8006540112854,false,"מרכך כביסה מרוכז בניחוח סחלב לנור 900 מ""ל",פרוקטר אנד גמבל,FR,לנור מרכך מרוכז 900,מיליליטרים,900.00,"100 מ""ל",false,,14.90,0.0166,true,1,6781174
8006540157374,false,מרכך מינרלס ביוטין + במבוק לשיער חזק וארוך,פנטן Pantene,FR,פנטן מיראקלס במבוק מ,מיליליטרים,275.00,"100 מ""ל",false,,14.90,0.0542,true,1,6785612
8006540252468,false,אולוויז פלטינום נורמל 48 יח,פרוקטר & גמבל,HU,אולוויז פלטינום נורמ,יח',48.00,יח',false,,36.90,0.7687,true,1,6830660
8006540252529,false,אולוויז פלטינום לילה 32 יח,פרוקטר & גמבל,HU,אולוויז פלטינום לילה,יח',32.00,יח',false,,36.90,1.1531,true,1,6830662
8006540335925,false,נוזל כלים 12% -2.6 ל' פיירי,,,נוזל כלים פיירי2.6 ל,ליטרים,2.60,ליטר,false,,18.90,7.2692,true,1,6826718
8006540352960,false,טמפונים טמפקס פרל רגולר 20 יחידות,פרוקטר אנד גמבל,HU,טמפונים טמפקס פרל רג,יח',20.00,יח',false,,19.90,0.9950,true,1,6806598
8006540383087,false,פיירי טבליות פלטינום פלוס ניקוי עמוק 42,פרוקטר אנד גמבל,BE,פירי פלטינום פלוס די,100 יח,42.00,100 יח,false,,44.90,1.0690,true,1,6841252
8006540404850,false,דיסקריט תחבושות לבריחת שתן לונג 10 יח,פרוקטר & גמבל,DE,אולוויז דיסקריט לברי,יח',10.00,יח',false,,13.90,1.3900,true,1,6911278
8006540404898,false,אולוויז דיסקריט לבריחת שתן לונג פלוס 8יח,פרוקטר & גמבל,DE,אולוויז דיסקריט לברי,יח',8.00,יח',false,,13.90,1.7375,true,1,6911279
8006540425930,false,אריאל קפסולות לכביסה ג'ל 24 יח' לכתמים קשים,פרוקטר אנד גמבל,FR,אריאל קפסולות 24 יח,יח',1.00,יח',false,,29.90,29.9000,true,1,6814822
8006540429327,false,פיירי מקס פאוור לימון עם מנגנון למניעת נזילות,פרוקטר אנד גמבל,CZ,פיירי לכלים לימון 44,מטרים,440.00,100 מ'ל,false,,8.90,0.0202,true,1,6831080
8006540463550,false,פיירי טבליות למדיח פלטינום 63 יחידות,פרוקטר אנד גמבל,BE,פיירי טבליות למדיח 6,גרמים,938.00,100 גרם,false,,44.90,0.0479,true,1,6880572
8006540465127,false,אבקת כביסה אריאל 7 קג,,,אבקת כביסה אריאל 7 ק,קג,7.00,קג,false,,39.90,5.7000,true,1,6883887
8006540491539,false,"נוזל כלים פיירי פלטינום אוריגינל 780 מ""ל",פרוקטר אנד גמבל,GB,פיירי פלטינום אורגינ,מטרים,780.00,100 מ'ל,false,,11.90,0.0153,true,1,6865341
8006540495186,false,לנור מרכך כביסה מרוכז רגיש בייבי 900 מל,פרוקטר אנד גמבל,FR,לנור מרכך כביסה בייב,מטרים,900.00,100 מ'ל,false,,14.90,0.0166,true,1,6871767
8006540495247,false,"לנור מרכך כביסה מרוכז ורוד""פרח בר"" 900 מ""ל",פרוקטר אנד גמבל,FR,לנור מרכך בניחוח פרח,מטרים,900.00,100 מ'ל,false,,14.90,0.0166,true,1,6901450
8006540566701,false,אריאל ג'ל כביסה להסרת כתמים קשים 1.925 ליטר,פרוקטר אנד גמבל,IT,אריאל ג'ל כתמים קשים,ליטרים,1.92,ליטר,false,,27.90,14.5312,true,1,6880402
8006540620403,false,"טייד אבקת כביסה אפקט פיירי 7 ק""ג",,,טייד אבקת כביסה אפקט,קילוגרמים,7.00,"ק""ג",false,,54.90,7.8429,true,1,6894867
8007178120310,false,חומץ בלסמי ד'מודנה Giacobazzi,פטורייה ג'יאקובאזי ס,IT,חומץ בלסמי גקובזי 500 מל,מיליליטרים,500.00,"100 מ""ל",false,,17.90,0.0358,true,1,1028639
8007178223547,false,קרם מצומצם עם חומץ בלסמי ממודנה,פארייפאבה אגרואינדוס,IT,"קרם בלסמי מצומצם 250 מ""ל",מיליליטרים,250.00,"100 מ""ל",false,,21.90,0.0876,true,1,1171332
8007270999012,false,שמן גרעיני ענבים 1 ליטר,קוסטה דיאורו,IT,שמן גרעיני ענבים 1ל,ליטרים,1.00,ליטר,false,,38.90,38.9000,true,1,3943074
8007520024426,false,מור יוניקו מונופקטאי,,,מור. יוניקו מונופרו,יחידה,0.00,יחידה,false,,5.90,0.0000,true,1,6905798
8008440522016,false,"שישיית בירה פרוני 6*330 מ""ל",פרונרי,IT,פרוני מארז שישייה 33,מיליליטרים,330.00,"100 מ""ל",false,,32.90,0.0997,true,1,6714166
8008660210021,false,מעדן ריבה מנץ אנד גאססר דובדבן 300 גר,שוורצקוף& הנקל דיסלד,IT,מעדן דובדבן 300 גר,גרמים,300.00,100 גרם,false,,15.90,0.0530,true,1,1490939
8008660210038,false,מעדן ריבה מנץ אנד גאססר תות שדה 300 גר,קריניציה ויטמינה אס,IT,מעדן תות שדה 300 גר,גרמים,300.00,100 גרם,false,,15.90,0.0530,true,1,1490940
8008660210045,false,מעדן ריבה מנץ אנד גאססר פירות יער 300 גר,שוורצקוף& הנקל דיסלד,IT,מעדן פירות יער 300 ג,גרמים,300.00,100 גרם,false,,15.90,0.0530,true,1,1490941
8008660210052,false,מעדן ריבה מנץ אנד גאססר תפוז 320 גר,מנז אנד גאסר Menz&Gasser,IT,מעדן פרי תפוז 320 גר,גרמים,320.00,100 גרם,false,,15.90,0.0497,true,1,5450180
8008698002049,false,קרקרים עגולים 175 גרם ללא גלוטן,ס.ר.ל פוסטל,IT,קרקרים עגולים 175 גר,גרמים,175.00,100 גרם,false,,19.90,0.1137,true,1,1213928
8008698003503,false,עוגיות שיבולת שועל עם צימוקים 250 גר,"דר שר ס.ר.ל פוסטל, א",IT,קרקר אפוי 210ג ללא ג,גרמים,210.00,100 גרם,false,,22.80,0.1086,true,1,1213931
8008698003961,false,"שוקו סטיקס מקלוני עוגיות לל""ג 150 גר",schar,DE,שוקו סטיקס מקלוני עו,גרמים,150.00,100 גרם,false,,21.90,0.1460,true,1,6797613
8008698004548,false,ביסקוויטים בציפוי קרם ללא גלוטן 150 גר,"ד""ר שר ס.ר.ל",IT,ביסקוויט בציפוי קרם,גרמים,150.00,100 גרם,false,,16.80,0.1120,true,1,3941570
8008698004753,false,פרורי לחם ללא גלוטן 300 גר,,,פרורי לחם ללא גלוטן,גרמים,300.00,100 גרם,false,,19.90,0.0663,true,1,6905352
8008698004807,false,תערובת קמחים לאפיית לחם ל.גלוטן 1020קג,ס.ר.ל פוסטל,FR,תערובת על בסיס עמילן,קילוגרמים,1.00,"ק""ג",false,,29.90,29.9000,true,1,6905380
8008698005231,false,עוגיות סנדוויץ בטעם שוקולד ממולאות קרם חלב ללא גלוט,שר Schar,IT,עוגיות סנדויץ שוקולד,גרמים,165.00,100 גרם,false,,19.90,0.1206,true,1,6715622
8008698008157,false,שר עוגיות שוקולד במילוי קרם שמנת ללא גלוטן 100 גר',דר שר ס.ר.ל פוסטל,IT,עוגיות שוקולד וקרם ש,גרמים,500.00,100 גרם,false,,10.50,0.0210,true,1,1213621
8008698010358,false,"תערובת קמחים לאפייה כללית 500 גרם לל""ג","ד""ר שר ס.ר.ל",IT,מיקס תערובת קמחים לא,גרמים,500.00,100 גרם,false,,11.90,0.0238,true,1,3941573
8008698024140,false,לחם ללא גלוטן פאן מולטי גראנו 250 גר,schar,DE,פאן מולטי גראנו- לחם,יח',1.00,יח',false,,17.90,17.9000,true,1,5805897
8008698024188,false,פאן רוסטיקו-לחם ללא גלוטן 250 גרם,schar,DE,פאן רוסטיקו - לחם לל,גרמים,250.00,100 גרם,false,,17.90,0.0716,true,1,5805898
8008698032084,false,עוגיות מיני וחברים ללא גלוטן 125גרם שר - MINI FRIENDS,,DE,עוגיות מיני וחברים ל,גרמים,125.00,100 גרם,false,,11.90,0.0952,true,1,6835236
8008912010034,false,ליגורי- ספגטי מספר 3 500גר,פסטה ליגורי,IT,ליגורי- ספגטי מספר 3,גרמים,500.00,100 גרם,false,,7.80,0.0156,true,1,6831073
8008912010072,false,ליגורי- לינגוויני מספר 7 500גר,פסטה ליגורי,IT,ליגורי- לינגוויני מס,גרמים,500.00,100 גרם,false,,7.80,0.0156,true,1,6831074
8008912010270,false,ליגורי- קסרצ'ה מספר 27 500גר,פסטה ליגורי,IT,ליגורי- קסרצ'ה מספר,גרמים,500.00,100 גרם,false,,7.80,0.0156,true,1,6831075
8008912010300,false,פסטה פרפלה ליגורי 500 גר',פסטה ליגורי,IT,פסטה פרפלה מספר 30,גרמים,500.00,100 גרם,false,,7.80,0.0156,true,1,6831076
8008912010317,false,ליגורי-פוזילי מספר 31 500גר,פסטה ליגורי,IT,ליגורי-פוזילי מספר 3,גרמים,500.00,100 גרם,false,,7.80,0.0156,true,1,6831077
8008912010331,false,"ליגורי פסטה ניוקי סרדי בצורת קונכיות, 500 גר'",פסטה ליגורי,IT,ליגורי פסטה ניוקי סר,גרמים,500.00,100 גרם,false,,7.80,0.0156,true,1,6831078
8008912010423,false,ליגורי- פנה ריגטה מספר 42 500גר,פסטה ליגורי,IT,ליגורי- פנה ריגטה מס,גרמים,500.00,100 גרם,false,,7.80,0.0156,true,1,6831079
8008912016012,false,ליגורי- לזניה מספר 102 500גר,פסטיפישיו פציון ס.פ.,IT,ליגורי- לזניה מספר 1,גרמים,500.00,100 גרם,false,,14.90,0.0298,true,1,6839866
8008940225004,false,גנדולה עוגיות קקאו אורגניות 350 גרם,גנדולה ביסקוטי,IT,עוגיות קקאו אורגניות,גרמים,350.00,100 גרם,false,,16.50,0.0471,true,1,6682452
8009470009072,false,סימבה שימורי חתולים בטעם עוף 415ג',אמ.או.אן.ג'י.אי.אמונ,,סימבה לחתול עוף 415,גרמים,415.00,100 גרם,false,,4.00,0.0096,true,1,6702572
8010024006010,false,השקד – 100% חמאת שקדים 350 גרם,תות תעשיות מזון (201,IT,חמאת שקדים 350 גר,גרמים,350.00,100 גרם,false,,38.90,0.1111,true,1,3943114
8013399145278,false,דיאטורל סוכריות סטיביה ליקוריץ רך 70 גרם,קלואטה איטליה,IT,סט.דיטורל ליקורי שקית 70,גרמים,70.00,100 גרם,false,,9.90,0.1414,true,1,1014070
8013399145315,false,סוכריות סטיביה דיטרול תות 70 גרם,קלואטה איטליה,IT,סט.דיטורל תות שקית 70 גר',גרמים,100.00,100 גרם,false,,9.90,0.0990,true,1,1014072
8017938005122,false,חומץ תפוחים אורגני 750מל,מריה לוצ'יה מלצ'יורי,IT,חומץ תפוחים אורגני 7,מיליליטרים,750.00,"100 מ""ל",false,,18.50,0.0247,true,1,3943075
8017938005764,false,מיץ תפוחים אורגני 100% 1 ליטר נטורפוד,לוצ'ה מריה,IT,מיץ תפוחים אורגני 10,ליטרים,1.00,ליטר,false,,18.70,18.7000,true,1,3943076
8023678161363,false,משקה שבלת שועל טבעי אורגני 1ל' ISOLA,איזולה ביו Isola Bio,IT,משקה שבלת שועל אורגנ,יח',1.00,יח',false,,11.70,11.7000,true,1,1047821
8024985002912,false,סמוזי אגס בטטה 100 גר נטורה נובה,נטורה נובה,IT,נטורה נובה סמוזי תפו,100 קילו,100.00,100 קילו,false,,4.90,0.0490,true,1,5406069
8024985002943,false,סמוזי נטורה נובה תפוח אננס קוקוס 100 גרם,נטורה נובה,IT,סמוזי תפוח אננס קוקו,גרמים,100.00,100 גרם,false,,4.90,0.0490,true,1,6234632
8024985002967,false,סמוזי נטורה נובה בננה תרד 100 גרם,נטורה נובה,IT,סמוזי בננה תרד,גרמים,100.00,100 גרם,false,,4.90,0.0490,true,1,6234634
8024985005234,false,סמוזי נטורה נובה סמוצי תפוח מנגו 100 גרם,נטורה נובה,IT,נטורה נובה סמוזי תפו,גרמים,200.00,100 גרם,false,,4.90,0.0245,true,1,5406071
8024985005296,false,סמוזי אגס בננה תפוח וקינואה אורגני,נטורה נובה,IT,סמוזי פירות אורגני,גרמים,120.00,100 גרם,false,,6.40,0.0533,true,1,6234635
8024985008037,false,סמוזי נטורה נובה סמוצי תפוח 100 גרם,"נטורפוד בע""מ",IT,נטורה סמודי תפוחים א,מטרים,100.00,100 מ'ל,false,,4.90,0.0490,true,1,5406072
8024985008044,false,נטורה משקה סמודי אגסים אורגני 100 גר,"נטורפוד בע""מ",IT,נטורה משקה סמודי אגס,מטרים,100.00,100 מ'ל,false,,4.90,0.0490,true,1,5406013
8024985008051,false,נטורה סמודי פירות אדומים אורגניים 100מל,"נטורפוד בע""מ",IT,נטורה סמודי פירות אד,מטרים,100.00,100 מ'ל,false,,4.90,0.0490,true,1,5406073
8032573170035,false,יין מוסקטו טרה סינה 750 מל,יקבי קנטינה,IT,מוסקטו טרה סינה,מיליליטרים,750.00,"100 מ""ל",false,,34.90,0.0465,true,1,1037354
8032685196800,false,עגבניות אורגניות מרוסקות 720 גרם SOLANIA,פתח תקווה,IT,עגבניות מרוסקות 700,גרמים,700.00,100 גרם,false,,11.50,0.0164,true,1,6234640
8032715385990,false,"פסטה ספגטי לל""ג בסיס אורז חום 250 גר",,IT,"פסטה ספגטי לל""ג בסיס",גרמים,250.00,100 גרם,false,,12.90,0.0516,true,1,6793830
8032793342458,false,עגבניות מרוסקות דק ומסוננות בבקבוק 700 ג',קונסוריזיו דל פרומוד,AU,עגבניות מרוסקות דק ב,גרמים,700.00,100 גרם,false,,11.90,0.0170,true,1,2346463
8032793344292,false,עגבניות חתוכות דק בבקבוק 700ג,קונסוריזיו דל פרומוד,IT,עגבניות חתוכות דק בק,גרמים,700.00,100 גרם,false,,11.90,0.0170,true,1,6691259
8032793344520,false,תרכיז עגבניות רסק עגבניות מרוכז מאוד,קונסוריזיו דל פרומוד,IT,רסק עגבניות מרוכז 20,גרמים,200.00,100 גרם,false,,6.90,0.0345,true,1,6730214
8032804430471,false,פליסיה פסטה סדניני עדשים אורגני 250 גרם,אף.סי תבליני בגליל ב,IT,סדניני עדשים אדומות,גרמים,250.00,100 גרם,false,,12.90,0.0516,true,1,3943080
8032825292393,false,ממחטות אף מיפי,,,ממחטות אף מיפי,מטרים,100.00,100 מ'ל,false,,6.90,0.0690,true,1,1130150
8032880800243,false,פיקניק הפתעה - אגוזי לוז ומקלות אפויים,"הוסטה איטליה, ס.ר.ל.",IT,פיקניק הפתעה 50 גרם,גרמים,50.00,100 גרם,false,,6.70,0.1340,true,1,1029147
8076800195019,false,ברילה - צ.א ספגטי מס1 קפליני 500 גרם,ברילה גי.אי.אר פרטלי,IT,קפליני מספר 1 ברילה,גרמים,500.00,100 גרם,false,,6.90,0.0138,true,1,1018325
8076800195033,false,ברילה - צ.א ספגטיני מס3 חדש 500 גרם,ברילה גי.אי.אר פרטלי,IT,ספגטי מספר 3 ברילה 5,גרמים,500.00,100 גרם,false,,6.90,0.0138,true,1,1018326
8076800195057,false,ברילה - צ.א ספגטי מס5 חדש 500 גרם,ברילה גי.אי.אר פרטלי,IT,ברילה ספגטיני מספר 5,גרמים,500.00,100 גרם,false,,6.90,0.0138,true,1,1018327
8076800195132,false,ברילה - צ.א בבטה מס13 500 גרם,ברילה גי.אי.אר פרטלי,IT,אטריות בבטה 13 ברילה,גרמים,500.00,100 גרם,false,,6.90,0.0138,true,1,1018328
8076800315097,false,פסטה מקרוני בוקטיני מספר 9 ברילה 500 גרם,ברילה גי.אי.אר פרטלי,IT,פסטה מקרוני בוקטיני,גרמים,500.00,100 גרם,false,,6.90,0.0138,true,1,1018329
8076802085738,false,ברילה - צ.ק פנה רגטה חדש 500 גרם,ברילה גי.אי.אר פרטלי,IT,פסטה פנה ריגטה ברילה,גרמים,500.00,100 גרם,false,,6.90,0.0138,true,1,1018332
8076802085837,false,ברילה - צ.ק טורטליוני מס83 500 גרם,הנסיך- מפעל לייצור ט,IT,פסטה מספר 83 ברילה 5,גרמים,500.00,100 גרם,false,,6.90,0.0138,true,1,1018333
8076802085981,false,ברילה - צ.ק פוזילי חדש 500 גרם,ברילה גי.אי.אר פרטלי,IT,פסטה פוזילי ברילה 50,גרמים,500.00,100 גרם,false,,6.90,0.0138,true,1,1018337
8076808050440,false,פסטה מקרוני מספר 44 ברילה 500 גרם,ברילה Barilla,IT,פסטה מקרוני מספר 44,גרמים,500.00,100 גרם,false,,6.90,0.0138,true,1,1018339
8076808060654,false,פסטה פרפלה מספר 65 ברילה 500 גרם,ברילה גי.אי.אר פרטלי,IT,פסטה פרפלה מספר 65 ב,גרמים,500.00,100 גרם,false,,6.90,0.0138,true,1,1018340
8076808070882,false,קנלוני מספר 88 ברילה 250 גרם,פאסטיפיקו ריגו אס.אר,IT,קנלוני מספר 88 ברילה,גרמים,250.00,100 גרם,false,,10.90,0.0436,true,1,1018341
8076808150072,false,ברילה - צ.א ספגטוני מס7 חדש 500 גרם,ברילה גי.אי.אר פרטלי,IT,ספגטי מספר 7 ברילה 5,גרמים,500.00,100 גרם,false,,6.90,0.0138,true,1,1018342
8076809512268,false,פסטה גירנדולה טורסדס מספר 34 ברילה 500 גרם,ברילה גי.אי.אר פרטלי,IT,פסטה גירנדולה טורסדס,גרמים,500.00,100 גרם,false,,6.90,0.0138,true,1,1018344
8076809513388,false,רוטב לפסטה ארביאטה ברילה 400 גרם,ברילה גי.אי.אר פרטלי,IT,רוטב לפסטה ארביאטה ב,גרמים,400.00,100 גרם,false,,14.90,0.0373,true,1,1018345
8076809513395,false,ברילה פומודורו רוטב עגבניות קלאסי 400 גר,ברילה גי.אי.אר פרטלי,IT,רוטב לפסטה פומודורו,גרמים,400.00,100 גרם,false,,14.90,0.0373,true,1,1018346
8076809513654,false,בסיס רוטב עגבניות לבולונז ברילה 400 גרם,ברילה גי.אי.אר פרטלי,IT,בסיס רוטב עגבניות לב,גרמים,400.00,100 גרם,false,,14.90,0.0373,true,1,1018347
8076809513692,false,רוטב עגבניות נפולטנה בתוספת ירקות,ברילה גי.אי.אר פרטלי,IT,רוטב לפסטה נפוליטנה,גרמים,400.00,100 גרם,false,,14.90,0.0373,true,1,1018348
8076809513739,false,ברילה רוטב עגבניות עם בזיליקום 400 גרם,ברילה גי.אי.אר פרטלי,IT,רוטב לפסטה בזיליקום,גרמים,400.00,100 גרם,false,,14.90,0.0373,true,1,1018349
8076809523561,false,ברילה - רוטב פסטה בטעם טוסקנה 400 גרם,ברילה גי.אי.אר פרטלי,IT,רוטב עגבניות ברילה 4,גרמים,400.00,100 גרם,false,,14.90,0.0373,true,1,1018356
8076809523738,false,פסטה ברילה לזניה 500ג',ברילה גי.אי.אר פרטלי,IT,לזניה ברילה 500 גרם,גרמים,500.00,100 גרם,false,,19.90,0.0398,true,1,1018359
8076809529419,false,ספגטי מחיטה מלאה מס' 5 500 ג' ברילה,ברילה גי. אי. אר פרט,IT,ספגטי חיטה מלאה בריל,גרמים,500.00,100 גרם,false,,12.90,0.0258,true,1,1018362
8076809529433,false,פסטה פנה ריגטה חיטה מלאה ברילה 500 גרם,"ש. שסטוביץ בע""מ",IT,פסטה פנה ריגטה חיטה,גרמים,500.00,100 גרם,false,,12.90,0.0258,true,1,1018363
8076809545440,false,ברילה איטריות ללא גלוטן 400 גר,ברילה ג'.אי.אר פרטלי,IT,ברילה איטריות ללא גל,גרמים,400.00,100 גרם,false,,14.90,0.0373,true,1,1227959
8076809545457,false,ברילה אטריות ללא גלוטן 400 ג' צינורות 400 ג',ברילה ג'.אי.אר פרטלי,IT,ברילה צינורות ללא גל,גרמים,400.00,100 גרם,false,,14.90,0.0373,true,1,1227960
8076809545464,false,ברילה פסטה ללא גלוטן צורת ספירלי 400 גר,מולינו אנדריאני אס.א,IT,ברילה ספירלי ללא גלו,גרמים,400.00,100 גרם,false,,14.90,0.0373,true,1,1227961
8076809547956,false,ברילה - צ.ק קיפרי 500 גרם,ברילה ג'.אי.אר פרטלי,IT,ברילה צ.ק קיפרי 500,גרמים,500.00,100 גרם,false,,6.90,0.0138,true,1,6696481
8076809576352,false,ברילה לזניה ללא גלוטן 250 גרם,ברילה גי.אי.אר פרטלי,IT,ברילה לזניה ללא גלוט,גרמים,250.00,100 גרם,false,,19.90,0.0796,true,1,6785957
8121300206946,false,ממתיק סיטיביה טרוביה 80 שקיות אישיות,הרתסייד פוד,US,טרוביה סטיביה ממתיק,יח',1.00,יח',false,,19.90,19.9000,true,1,6577335
8121300207004,false,טרוביה - סטיביה ממתיק בצנצנת 270 גרם,קספרס פאקאגעהג,US,טרוביה סטיביה ממתיק,גרמים,270.00,100 גרם,false,,24.90,0.0922,true,1,6633158
8121300208780,false,תחליף סוכר לכל מטרה טרוביה 360 גר,טרוביה Truvia,US,טרוביה תחליף סוכר 36,גרמים,360.00,100 גרם,false,,34.90,0.0969,true,1,6858453
8121300209466,false,תחליף סוכר חום טרוביה 320 גר,טרוביה Truvia,US,טרוביה תחליף סוכר חו,גרמים,320.00,100 גרם,false,,34.90,0.1091,true,1,6858454
8231218080603,false,מיחם לשבת כמות 6.5 ליטר BT-8080-60,,,מיחם לשבת כמות 6.5,יח',1.00,יח',false,,269.90,269.9000,true,1,6899453
8333734827356,false,קוצץ מזון 4 סכינים BENATON BT-356,,,קוצץ מזון 4 סכינים B,יח',1.00,יח',false,,139.90,139.9000,true,1,6774062
8352063440203,false,מצנם קופץ BENATON BT-4020,,,מצנם קופץ BENATON BT,יח',1.00,יח',false,,139.90,139.9000,true,1,6851661
8352358305064,false,מגהץ קיטור אנכי BT-0506 BENATON,,,מגהץ קיטור אנכי BT-0,יח',1.00,יח',false,,219.90,219.9000,true,1,6791755
8410000000184,false,פיליפינוס בציפוי שוקולד מריר 135 גרם##,,,עוגיות בציפוי שוקולד,גרמים,135.00,100 גרם,false,,4.90,0.0363,true,1,6795309
8410076600622,false,חטיפי גרנולה קראנצ'י עם שוקולד מריר נייצ'ר ואלי 210 גרם,ג'נרל מילס סאן אדריא,ES,חטיפי גרנולה קראנצ'י,גרמים,210.00,100 גרם,false,,14.90,0.0710,true,1,1029154
8410076610379,false,"חטיף בוטנים, חלבון סויה ושוקולד מריר עם ציפוי בטעם שוקולד",סריילטו ספיין פודס,ES,נייטשר ואלי פרוטאין,גרמים,160.00,100 גרם,false,,22.90,0.1431,true,1,1584117
8410076610386,false,נייטשר ואלי פרוטאין בוטנים עם ציפוי בטעם קרמל מלוח 160 ג',סריילטו ספיין פודס,ES,נייטשר ואלי פרוטאין,גרמים,160.00,100 גרם,false,,22.90,0.1431,true,1,1584118
8410076610508,false,"נייטשר וואלי צ'ואי שוקולד מריר בוטנים ושקדים, חמישיה 5 * 30 גרם",נייצ'ר ואלי Nature Valley,ES,חטיף סוויט אנד סולטי,יח',1.00,יח',false,,14.90,14.9000,true,1,2279945
8410076621009,false,עוגות אישיות בטעם קרמל עם חתיכות בטעם קרמל מלוח,"גלאטס סירו בע""מ",PT,פייבר 1 עוגות אישיות,גרמים,120.00,100 גרם,false,,14.90,0.1242,true,1,6745811
8410076621047,false,עוגות אישיות בטעם שוקולד עם חתיכות בטעם שוקולד,"גלאטס סירו בע""מ",ES,פייבר 1 בראוניז שוקו,גרמים,120.00,100 גרם,false,,14.90,0.1242,true,1,6745812
8410104039134,false,"פיניש מנקה ומחדש מדיח 250 מ""ל",הדקלאים אגודת שיתופי,PL,FINISH MACHINE CLEAN. 12x,מיליליטרים,250.00,"100 מ""ל",false,,14.90,0.0596,true,1,1037134
8410104044916,false,פיניש אבקה למדיח 2.7 לימון,רקיט בנקיזר,DE,Finish powder 2.7,קילוגרמים,2.70,"ק""ג",false,,39.90,14.7778,true,1,1037135
8410104045111,false,"פיניש מלח למדיח כלים 2ק""ג",רקיט בנקיזר,IL,Finish Salt 2kg,קילוגרמים,2.00,"ק""ג",false,,13.90,6.9500,true,1,6700578
8410104437268,false,פיניש דאו ציטרופרש מנטה,רקיט בנקיזר,HU,"FINSH,IT,DEO ODORSTOP*20",יח',1.00,יח',false,,14.90,14.9000,true,1,1037145
8410104511340,false,ויט רצועות שעווה מוכנות לעור יבש 12 יחידות,רקיט בנקיזר צרפת,FR,Veet CWS Dry Skin Missoni,יח',12.00,יח',false,,19.90,1.6583,true,1,1037147
8410128768324,false,ויוה סוי משקה שקדים קרטונית ליטר,קלידאד פסקואל,ES,ויוה סוי שקדים קרטונ,יח',1.00,יח',false,,11.90,11.9000,true,1,6692185
8410128768355,false,ויוה סוי סויה קלאסי קרטונית ליטר,קלידאד פסקואל,ES,ויוה סוי קרטונית 1 ל,יח',1.00,יח',false,,10.90,10.9000,true,1,6692166
8410342005595,false,"טוראס-שוקולד חלב ללת""ס 75 גרם",,ES,טוראס שוקולד חלב ללת,גרמים,75.00,100 גרם,false,,8.90,0.1187,true,1,6688802
8410376006070,false,בסקוויט גולון מריה 800 ג',גולון,ES,ביסקוויט מרי 800ג,גרמים,800.00,100 גרם,false,,11.60,0.0145,true,1,5476728
8410376009392,false,ביסקויט מחיטה מלאה ללא תוספת סוכר גולון 170 גרם,גאלטס גלון סא,ES,גולון- ביסקוויט חיטה מלאה,גרמים,170.00,100 גרם,false,,9.50,0.0559,true,1,1043933
8410376010701,false,"ביסקוויט ללת""ס גולון גלטה מריה 400 גר",תות תעשיות מזון (201,ES,גולון-ביסקוויט מרי ללא סו,גרמים,400.00,100 גרם,false,,17.90,0.0447,true,1,1043936
8410376017113,false,גולון סיבקוויט סנדוויץ שוקו 500 גר,גולון,ES,גולון סיבקוויט סנדוו,גרמים,500.00,100 גרם,false,,9.50,0.0190,true,1,5476803
8410376017342,false,גולון-עוגיות שוקו צ'יפס ללא גלוטן 200 ג'1/12,גולון,ES,גולון-עוגיות שוקו צ'יפס ל,גרמים,200.00,100 גרם,false,,16.90,0.0845,true,1,1043942
8410376017359,false,עוגיות גולון ללא גלוטן 200 גר,GULLON,ES,גולון-עוגיות ללא גלוטן 20,גרמים,200.00,100 גרם,false,,17.90,0.0895,true,1,1043943
8410376029079,false,גולון רונדיטוס ביסקויט ללא תוספת סוכר 186 גר,GULLON,,גולון רונדיטוס ביסקו,גרמים,186.00,100 גרם,false,,15.90,0.0855,true,1,1290549
8410376042481,false,גולון ביסקווט קרם יוגורט ללא תוספת סוכר 220 גרם,גלטס גולון,,גולון ביסקווט קרם יו,גרמים,220.00,100 גרם,false,,13.90,0.0632,true,1,1372103
8410376044393,false,עוגיות סנדוויץ וניל ללא תוספת סוכר 210,GULLON,,גולון עוגיות ללא סוכ,גרמים,210.00,100 גרם,false,,17.90,0.0852,true,1,1290550
8410376044959,false,גולון דיבוס שרקיז ללא גלוטן ולקטוז 250גר,דן נקסט,ES,גולון בסקוויט ללא גל,גרמים,250.00,100 גרם,false,,17.90,0.0716,true,1,1372104
8410376052596,false,"גולון לל""ג אוונה תפוז 180 גר",GULLON,,"גולון לל""ג אוונה תפו",גרמים,180.00,100 גרם,false,,11.90,0.0661,true,1,6793793
8410376052633,false,גולון-עוגיות שוקוצ'יפס ללא תוספת סוכר 150 ג 1/12,VIRGINIAS INDUSTRIAS,ES,"גולון שוקוציפס ללת""ס",גרמים,150.00,100 גרם,false,,11.70,0.0780,true,1,6714135
8410376057270,false,גולון-ביסקוויט ללא סוכר עם ש.מריר 150 גר' 1/12,גולון,ES,"גולון טאבלט ללת""ס",גרמים,150.00,100 גרם,false,,17.90,0.1193,true,1,6688804
8410376061772,false,גולון ביסקויט ל.גלוטן דגנים שוקוציפס 220,,ES,גולון ללא גלוטן שוקו,גרמים,220.00,100 גרם,false,,16.70,0.0759,true,1,6863246
8410376061789,false,גולון-סנדוויץ שוקולד ללא גלוטן 225 גר,,ES,גולון ללא גלוטן סנדו,גרמים,225.00,100 גרם,false,,16.70,0.0742,true,1,6863222
8410376064438,false,"גולון-פינאס ביסקויט שוקו חלב ללת""ס 150ג",,ES,גולון ללא סוכר פיינס,גרמים,150.00,100 גרם,false,,16.70,0.1113,true,1,6863247
8410436218054,false,סאיוס אולאו אינטנס 3-82 מהגוני עדין,סאיוס syoss,DE,צבע שיער סאיוס אולאו,יח',1.00,יח',false,,27.90,27.9000,true,1,1053856
8410436218177,false,צבע שיער סאיוס אולאו אינטנס 5-86,סאיוס syoss,DE,צבע שיער סאיוס אולאו,100 יח',1.00,100 יח',false,,27.90,27.9000,true,1,1053859
8410644611203,false,יין קאווה איבריקה לבן יבש Cava Iberica,יוסף מסאקס ס.ל.,IL,קאווה איבריקה לבן יבש 750,מיליליטרים,750.00,"100 מ""ל",false,,29.90,0.0399,true,1,1017396
8410644611210,false,יין קאווה איבריקה לבן חצי יבש Cava Iberica,טמפו ברקן 5%,IL,קאווה איבריקה לבן חצי יבש,מיליליטרים,750.00,"100 מ""ל",false,,29.90,0.0399,true,1,1017397
8410679030079,false,טבלת שוקולד חלב שקד ללא סוכר טראפה 75ג',,ES,"טבלת טראפה ללת""ס חלב",גרמים,75.00,100 גרם,false,,8.90,0.1187,true,1,6771761
8410721443611,false,פלפל שחור שלם-מטחנת זכוכית 45 גרם,ליימן שליסל,ES,פלפל שחור שלם מטחנה,יח',1.00,יח',false,,7.90,7.9000,true,1,6744288
8410721443659,false,תערובת פלפלים לתיבול-מטחנת זכוכית-40 גרם,ליימן שליסל,ES,תערובת פלפלים לתיבול,יח',1.00,יח',false,,7.90,7.9000,true,1,6744269
8411037800037,false,מר בראוני שוקו ציפס 200 גר,,,מר בראוני שוקו ציפס,גרמים,200.00,100 גרם,false,,9.90,0.0495,true,1,6837492
8411037884402,false,מר בראוני שוקו ציפס סוכריות 200 גר,,,מר בראוני שוקו ציפס,גרמים,200.00,100 גרם,false,,9.90,0.0495,true,1,6837493
8411037892315,false,מר בראוני שוקולד קוקוס 200 גר,,,מר בראוני שוקולד קוק,גרמים,200.00,100 גרם,false,,9.90,0.0495,true,1,6837495
8412300801072,false,"קרם רב שימושי ניוואה 400 מ""ל",beiersdorf,DE,ניוואה קרם רב שימושי,מיליליטרים,400.00,"100 מ""ל",false,,27.90,0.0697,true,1,6710905
8413376022965,false,גבינת עיזים רכה 29% שומן 110 גרם,,ES,גבינת עיזים רכה 29%,גרמים,110.00,100 גרם,false,,12.90,0.1173,true,1,4342128
8420708018817,false,גבינת מנצ'גו בשלה 15,האי נאם סי או אל.טי.,ES,מנצ'גו בשלה 150 גר,גרמים,150.00,100 גרם,false,,24.70,0.1647,true,1,4622676
8420822130600,false,"ספריי סופר מסיר שומנים 750מ""ל יעקבי",קה לורדה,ES,סופר מסיר שומנים 750,מטרים,750.00,100 מ'ל,false,,15.90,0.0212,true,1,6814187
8420822130624,false,"ספריי סופר מסיר כתמים 750מ""ל יעקבי",קה לורדה,ES,סופר מסיר כתמים 750מ,מטרים,750.00,100 מ'ל,false,,15.90,0.0212,true,1,6814188
8423207206488,false,סלים דליס חטיף דגנים מצופה שוקולד חלב מרבה 6*20 גרם,אף.סי תבליני בגליל ב,ES,סלים דליס חטיף דגנים,גרמים,120.00,100 גרם,false,,10.80,0.0900,true,1,1018377
8423207206495,false,סלים דליס חטיף דגנים מצופה שוקולד מריר מרבה 6*20 גרם,אף.סי תבליני בגליל ב,ES,סלים דליס חטיף דגנים,גרמים,120.00,100 גרם,false,,10.80,0.0900,true,1,1018378
8423207206501,false,סלים דליס חטיף דגנים עם שוקולד חלב מרבה 6*13 גרם,סלים דליס Slim Delis,ES,סלים דליס חטיף דגנים,גרמים,13.00,100 גרם,false,,10.80,0.8308,true,1,1018379
8423207207362,false,חטיף דגנים סלים דליס שוקולד לבן 120 גר,ביסנצ'ורי אס.אל.יו,ES,מרבה סלים דליס מצופה,גרמים,120.00,100 גרם,false,,10.80,0.0900,true,1,1018380
8423207208260,false,מרבה סלים דליס 125 ג' ללא גלוטן שוקולד חלב,ביסנצ'ורי אס.אל.יו,ES,מרבה סלים דליס ללא ג,גרמים,78.00,100 גרם,false,,10.80,0.1385,true,1,1200920
8423207208697,false,מרבה סלים דליס לילדים עם שוקולד לבן חדש,ביסנצ'ורי אס.אל.יו,ES,סלים דליס לילדים שוק,גרמים,78.00,100 גרם,false,,10.80,0.1385,true,1,1249128
8423207208703,false,מרבה חטיפי סלים דליס לילדים שוקולד מריר,ביסנצ'ורי אס.אל.יו,ES,סלים דליס שוקולד מרי,גרמים,120.00,100 גרם,false,,10.80,0.0900,true,1,1249129
8423207208871,false,פרכיות תירס בטעם טבעי סלים דליס 130ג',סלים דליס Slim Delis,ES,פריכיות תירס בטעם טב,גרמים,130.00,100 גרם,false,,8.90,0.0685,true,1,1358952
8423207208888,false,פריכיות תירס בטעם עגבניות ועשבי תיבול סלים דליס 123 ג',סלים דליס Slim Delis,ES,פריכיות תירס עגבניות,גרמים,123.00,100 גרם,false,,8.90,0.0724,true,1,1358953
8423207208895,false,פריכיות תירס בטעם זיתים ועירית סלים דליס 123 ג',סלים דליס Slim Delis,ES,פריכיות תירס בטעם זי,גרמים,123.00,100 גרם,false,,8.90,0.0724,true,1,1358954
8423207210287,false,מרבה סלים דליס שוקולד לבן בטעם יוגורט 120 ג',סלים דליס Slim Delis,ES,מרבה סלים דליס שוקול,גרמים,120.00,100 גרם,false,,10.80,0.0900,true,1,5405657
8423207210928,false,חטיף דגנים מצופה שוקולד חלב ואגוזי לוז - 5 במארז,נוטרישן אנד סנטה קוב,ES,סלים דליס טופינג אגו,יח',1.00,יח',false,,10.80,10.8000,true,1,6729638
8423207210942,false,חטיף דגנים מצופה שוקולד לבן ופירות יער,נוטרישן אנד סנטה קוב,ES,סלים דליס טופינג פיר,יח',1.00,יח',false,,10.80,10.8000,true,1,6729639
8423207210966,false,חטיף רב דגנים מצופה שוקולד לבן קוקוס ולימון,נוטרישן אנד סנטה קוב,ES,סלים דליס טופינג קוק,יח',1.00,יח',false,,10.80,10.8000,true,1,6729640
8423207210980,false,סלים דליס טופינג קליפת תפוז 90 גרם,נוטרישן אנד סנטה קוב,ES,סלים דליס טופינג קלי,יח',1.00,יח',false,,10.90,10.9000,true,1,6729641
8425206000081,false,ריבת חלב מרדל 450 גרם,כלורוקס אוקלנד,ES,ריבת חלב מרדל,גרמים,450.00,100 גרם,false,,16.90,0.0376,true,1,1014078
8425206000142,false,ריבת חלב מרדל בקבוק לחיץ 370 גרם,גורי,ES,ריבת חלב בקבו' לחיץ,גרמים,370.00,100 גרם,false,,16.90,0.0457,true,1,2701810
8427030007281,false,סימילאק גולד קומפורט 1 תרכובת מזון על בסיס חלב,סימילאק Similac,ES,סימילאק קומפורט שלב,גרמים,820.00,100 גרם,false,,101.80,0.1241,true,1,6733087
8427030007298,false,סימילאק גולד קומפורט 2 תרכובת מזון על בסיס חלב,סימילאק Similac,ES,סימילאק קומפורט שלב,גרמים,820.00,100 גרם,false,,101.80,0.1241,true,1,6733088
8435495805106,false,"ביומט אבקת כביסה בניחוח רענן 5ק""ג",ליימן מותגים,DE,אבקת כביסה ביומט 5 ק,קילוגרמים,5.00,"ק""ג",false,,29.90,5.9800,true,1,4157536
8435495805168,false,"תינוקלין לכביסה לעור רגיש אולימפיק 1.25ק""ג",מולינו ניקולי s.p.a,PL,אבקת כביסה תינוקלין,קילוגרמים,1.25,"ק""ג",false,,21.90,17.5200,true,1,4734513
8435495805199,false,"תינוקלין אבקת כביסה 3 ק""ג",מולינו ניקולי s.p.a,TR,אבקת כביסה תינוקלין,קילוגרמים,3.00,"ק""ג",false,,39.90,13.3000,true,1,4894407
8435495807605,false,תינוקלין מרכך כביסה היפואלרגני מרוכז 1 ליטר,מולינו ניקולי s.p.a,TR,תינוקלין מרכך כביסה,יח',1.00,יח',false,,17.70,17.7000,true,1,5595180
8435495807636,false,ג'ל כביסה היפואלרגני 2 ל' תינוקלין,פרוקטר אנד גמבל,PL,תינוקלין ג'ל כביסה 2,יח',1.00,יח',false,,29.90,29.9000,true,1,5696946
8435495819363,false,תינוקלין - מרכך כביסה פרש & ג'נטל 1 ליטר,פרוקטר אנד גמבל,TR,תינוקלין מרכך כביסה,ליטרים,1.00,100 ליטר,false,,17.70,17.7000,true,1,6807572
8445290427120,false,דגני פיטנס Fitness שוקולד מריר ובננה,נסטלה צרפת איטנקורט,FR,פיטנס שוקולד מריר וב,גרמים,330.00,100 גרם,false,,19.90,0.0603,true,1,6891089
8485818700014,false,משקפיים בנרתיק,,,משקפי קריאה,יח',1.00,יח',false,,18.90,18.9000,true,1,1210423
8593868000302,false,"בירה סטארופרמן לאגר בקבוק 5% 500 מ""ל",,CZ,סטארופרמן פרימיום בה,יח',1.00,יח',false,,9.90,9.9000,true,1,6692983
8593868006014,false,בירה בלו מון פחית 50,"איי, בי, אינבוו",CZ,"פחית בלומון 500 מ""ל",מיליליטרים,500.00,"100 מ""ל",false,,10.90,0.0218,true,1,6762581
8594404001418,false,"בירה קוזל כהה בקבוק חוזר 500 מ""ל",פילזנסקי,CZ,קוזל בירה כהה צכיה 5,מיליליטרים,500.00,"100 מ""ל",false,,8.50,0.0170,true,1,2702179
8594404110110,false,בירה פילסנר אוראקוול 500 מל,Plznsky,IT,פילזנר אורקוול בק' 5,מיליליטרים,500.00,"100 מ""ל",false,,10.90,0.0218,true,1,5582376
8594404115115,false,בירה פילזנר אורקוול פחית 500 מל,פילזן,CZ,פילזנר אורקוול פחית,מיליליטרים,500.00,"100 מ""ל",false,,8.90,0.0178,true,1,5866830
8680861069013,false,מסטיק קנגו בטעמים 24 גר',,,קנגו מסטיק בטעמים 24,גרמים,24.00,100 גרם,false,,1.30,0.0542,true,1,3623744
8681554607437,false,"סבון ידיים רויאל (500מ""ל) פנינה לבן",,,סבון ידיים רויאל (50,מיליליטרים,500.00,"100 מ""ל",false,,9.90,0.0198,true,1,6762453
8681554607444,false,"סבון ידיים רויאל (500מ""ל) פנינה שחור",,,סבון ידיים רויאל (50,מיליליטרים,500.00,"100 מ""ל",false,,9.90,0.0198,true,1,6762454
8681554607468,false,סבון ידיים רויאל כחול,,,סבון ידיים רויאל כחו,מיליליטרים,500.00,"100 מ""ל",false,,9.90,0.0198,true,1,6806295
8681554607475,false,סבון ידיים רויאל ירוק,,,סבון ידיים רויאל ירו,מיליליטרים,500.00,"100 מ""ל",false,,9.90,0.0198,true,1,6806296
8681554610208,false,סבון דה רויאל שמן זי,,,סבון דה רויאל 640 מל,מיליליטרים,640.00,"100 מ""ל",false,,12.90,0.0202,true,1,6870126
8681554614220,false,"סבון ידיים רויאל (500מ""ל) פנינה בורדו",,,סבון ידיים רויאל (50,מיליליטרים,500.00,"100 מ""ל",false,,9.90,0.0198,true,1,6762461
8681692200040,false,"רקסי בוגר לחתול 1 ק""",,,"רקסי בוגר לחתול 1 ק""",יחידה,0.00,יחידה,false,,19.90,0.0000,true,1,6905803
8681692200071,false,מייפוד כבש 15 קג לכלבים,,,מייפוד כבש 15 קג לכל,יח',1.00,יח',false,,119.90,119.9000,true,1,6862198
8681692200095,false,מייפוד גורי חתול 1 קג,רקסי,TR,מייפוד גורי חתול 1 ק,יח',1.00,יח',false,,22.90,22.9000,true,1,6862199
8681863065300,false,מלח עם שום קלוי 280 גר,,,מלח עם שום קלוי 280,גרמים,280.00,100 גרם,false,,24.70,0.0882,true,1,6862091
8681863065478,false,מלח מתובל וילי פוד 110 גר,שף סיזונס גידה סאן,TR,מלח מתובל 110 גר,גרמים,110.00,100 גרם,false,,14.70,0.1336,true,1,6862095
8683130008355,false,מיונז עם שום הלמנס לחיץ 400 גרם,יוניליוור ישראל שיוו,TR,הלמנס מיונז עם שום 4,גרמים,400.00,100 גרם,false,,15.00,0.0375,true,1,6802329
8683130008935,false,"הלמנס קטשיונז 425 גר{הרב רלב""ג}",יוניליוור ישראל שיוו,TR,הלמנס קטשיונז 425 גר,גרמים,425.00,100 גרם,false,,15.00,0.0353,true,1,6821376
8683130025574,false,"מרכך כביסה אקסטרה לבנדר 960 מ""ל בדין",יונילוור - תורכיה,TR,בדין אקסטרא לבנדר 96,מטרים,960.00,100 מ'ל,false,,15.90,0.0166,true,1,6880480
8683130025581,false,"בדין - מרכך כביסה אקסטרא ענבר 960 מ""ל",יונילוור - תורכיה,TR,בדין אקסטרא ענבר 960,מטרים,960.00,100 מ'ל,false,,15.90,0.0166,true,1,6880481
8683323063024,false,יוגטה שטיחים בטעם תותי פרוטי 220 גרם,ליימן מותגים,TR,יוגטה שטיחים תותי פר,גרמים,220.00,100 גרם,false,,5.90,0.0268,true,1,2421378
8686868600051,false,המותג אביזרי שיער,,,אביזרי שיער,יח',1.00,יח',false,,7.90,7.9000,true,1,1044605
8686868600075,false,המותג אביזרי שיער,,CN,אביזרי שיער,יח',1.00,יח',false,,9.90,9.9000,true,1,1044607
8686868600105,false,אביזרי שיער מברשות ה,,CN,אביזרי שיער,יח',1.00,יח',false,,12.90,12.9000,true,1,1044610
8686868600129,false,המותג אביזרי שיער,,CN,אביזרי שיער,יח',1.00,יח',false,,14.90,14.9000,true,1,1044612
8690504081913,false,מקוויטיס טינס מצופה שוקולד חלב 150 גרם,שוורצקוף& הנקל דיסלד,TR,טינס מצופה שוקולד חל,גרמים,150.00,100 גרם,false,,9.90,0.0660,true,1,4563565
8690504081920,false,מקוויטיס טינס מצופה שוקולד מריר 150 גרם,שוורצקוף& הנקל דיסלד,TR,טינס מצופה שוקולד מר,גרמים,150.00,100 גרם,false,,9.90,0.0660,true,1,4563375
8690504081937,false,מקוויטיס טינס שוקולד חלב וקפוצינו 150 גר,שוורצקוף& הנקל דיסלד,TR,טינס שוקולד חלב וקפו,גרמים,150.00,100 גרם,false,,9.90,0.0660,true,1,4563566
8690504153849,false,שוקולד חלב במילוי קרם בטעם פרלין אגוזים,"אולקר מקבוצת פלאדיס,",TR,טבלת שוקולד חלב ואגו,גרמים,86.00,100 גרם,false,,13.90,0.1616,true,1,5070341
8690526009278,false,אי טי אי - חטיף קרמל מצופה שוקולד וחלב כדורוני דגנים 126 גרם,eti gida sanayi,TR,חטיף קרמל מצופה שוקו,גרמים,126.00,100 גרם,false,,7.90,0.0627,true,1,6704072
8690526009308,false,אי טי אי - חטיף קוקוס מצופה שוקולד חלב וכדורוני דגנים 126 גרם,גורי,TR,חטיף קוקוס מצופה שוק,גרמים,126.00,100 גרם,false,,7.90,0.0627,true,1,6698718
8690526009353,false,אי טי אי - מיני חטיף בוטנים נוגט קרמל מצופה שוקולד חלב 140 גרם,eti gida sanayi,TR,מיני חטיף בוטנים נוג,גרמים,126.00,100 גרם,false,,7.90,0.0627,true,1,6698719
8690526016207,false,אי טי אי - מיני עוגה מצופה במילוי קרמל 144 גרם,,,מיני עוגה מצופה במיל,גרמים,144.00,100 גרם,false,,7.90,0.0549,true,1,6807255
8690526019147,false,אי טי אי - וופל במילוי קרם אגוזי לוז 142 גרם,eti gida sanayi,TR,וופל במילוי קרם אגוז,גרמים,142.00,100 גרם,false,,4.90,0.0345,true,1,6698720
8690526019178,false,אי טי אי - וופל קקאו במילוי קרם קוקוס 142 גרם,מולינו ניקולי s.p.a,TR,וופל קקאו במילוי קרם,גרמים,142.00,100 גרם,false,,4.90,0.0345,true,1,6698722
8690526019185,false,אי טי אי - וופל במילוי קרם שוקולד חלב 142 גרם,מולינו ניקולי s.p.a,TR,וופל במילוי קרם שוקו,גרמים,142.00,100 גרם,false,,4.90,0.0345,true,1,6698723
8690526049335,false,אי טי אי - שוקולד חלב עם פיסטוק 90 גרם,,,שוקולד חלב עם פיסטוק,גרמים,63.00,100 גרם,false,,3.90,0.0619,true,1,6807293
8690572778326,false,פה ד.ספרי אנטיפרספינט 200 מל 1/12,שוורצקופף והנקל,DE,דאו פה ספריי 200 צך,מיליליטרים,200.00,"100 מ""ל",false,,9.90,0.0495,true,1,2726250
8690572788851,false,"גליס - שמפו ביו טק 400 מ""ל",שוורצקופף והנקל,DE,גליס שמפו ביו טק 400,מיליליטרים,400.00,"100 מ""ל",false,,12.00,0.0300,true,1,6665333
8690572794692,false,"גליס - שמפו לאיזון והזנת הקרקפת 400 מ""ל",שוורצקופף והנקל,TR,שמפו גליס 400מל הזנת,מיליליטרים,400.00,"100 מ""ל",false,,12.90,0.0323,true,1,6771802
8690572794715,false,"גליס - מרכך לאיזון והזנת הקרקפת 400 מ""ל",שוורצקופף והנקל,TR,מרכך גליס 400מל הזנת,מיליליטרים,400.00,"100 מ""ל",false,,12.90,0.0323,true,1,6771803
8690572799482,false,"סאיוס מרכך לשיער גלי ומתולתל 500 מ""ל",הנקל סוד,TR,סאיוס מרכך קרטין 500,מיליליטרים,500.00,"100 מ""ל",false,,11.90,0.0238,true,1,6771837
8690572799499,false,"סאיוס - מרכך אולאו 500 מ""ל",הנקל סוד,TR,סאיוס מרכך אולאו 500,מיליליטרים,500.00,"100 מ""ל",false,,11.90,0.0238,true,1,6771838
8690572799505,false,סאיוס מרכך לחיזוק שורשי סיב השערה 500 מל,הנקל סוד,TR,סאיוס מרכך לחיזוק שו,מיליליטרים,500.00,"100 מ""ל",false,,11.90,0.0238,true,1,6771839
8690572799512,false,"מרכך לחיזוק שורשי סיב השערה סאיוס 500מ""ל",הנקל סוד,TR,סאיוס מרכך תלתלים 50,מיליליטרים,500.00,"100 מ""ל",false,,11.90,0.0238,true,1,6771840
8690572799529,false,"סאיוס - שמפו קרטין 500 מ""ל",הנקל סוד,TR,סאיוס שמפו קרטין 500,מיליליטרים,500.00,"100 מ""ל",false,,11.90,0.0238,true,1,6771841
8690572799536,false,"סאיוס שמפו שמני הזנה 500 מ""ל",הנקל סוד,TR,סאיוס שמפו אולאו 500,מיליליטרים,500.00,"100 מ""ל",false,,11.90,0.0238,true,1,6771842
8690572799543,false,סאיוס שמפו לחיזוק שורשי סיב השערה 500 מל,הנקל סוד,TR,סאיוס שמפו לחיזוק הש,מיליליטרים,500.00,"100 מ""ל",false,,11.90,0.0238,true,1,6771843
8690572799550,false,"סאיוס שמפו לשיער גלי ומתולתל 500 מ""ל",הנקל סוד,TR,סאיוס שמפו תלתלים 50,מיליליטרים,500.00,"100 מ""ל",false,,11.90,0.0238,true,1,6771844
8690637073373,false,תה ארל גריי בטעם ברגמוט ליפטון 25 שקיקים,יונילוור - תורכיה,TR,ליפטון תה ארל גריי 2,גרמים,50.00,100 גרם,false,,7.90,0.1580,true,1,1022773
8690637073434,false,תה ליפטון ארל גריי 100 שקיקים,ליפטון Lipton,,ליפטון ארל גריי 100,גרמים,200.00,100 גרם,false,,19.90,0.0995,true,1,1022774
8690637503856,false,ממרח הלמנס כ- 40% פחות שומן לעומת מיונז,"בסטפוד - 3P ארה""ב Fo",TR,הלמנס ממרח לחיץ לייט,גרמים,355.00,100 גרם,false,,15.00,0.0423,true,1,6757203
8690637504426,false,"קרם ניקוי סיף בניחוח לימון 500 מ""ל",יונילוור - תורכיה,TR,פנטסטיק סיף קרם ניקו,מטרים,500.00,100 מ'ל,false,,10.90,0.0218,true,1,6814186
8690637505607,false,מרכך כביסה מרוכז בדין אקסטרה בניחוח פינוק כחול,יוניליוור סנאיי וי ט,TR,בדין אקסטרא בניחוח פ,מטרים,960.00,100 מ'ל,false,,15.90,0.0166,true,1,6793680
8690637505614,false,"מרכך כביסה בדין אקסטרה פינוק קוקוס 960 מ""ל",יוניליוור סנאיי וי ט,TR,בדין אקסטרא בניחוח פ,מטרים,960.00,100 מ'ל,false,,15.90,0.0166,true,1,6793681
8690637555084,false,מרכך כביסה בדין אקסטרא פריחת תפוז 960 מל,יוניליוור סנאיי וי ט,TR,בדין אקסטרא מרוכז תפ,מיליליטרים,960.00,"100 מ""ל",false,,15.90,0.0166,true,1,1022790
8690637688195,false,ליפטון תה ירוק מעטפות קלאסי 30 ג',יונילוור - תורכיה,TR,ליפטון תה ירוק קלאסי,גרמים,30.00,100 גרם,false,,16.90,0.5633,true,1,1090686
8690637704277,false,"שמפו ומרכך לשיער רגיל 600 מ""ל דאב",יונילוור - תורכיה,TR,דאב שמפו יום יומי 2,מיליליטרים,600.00,"100 מ""ל",false,,16.90,0.0282,true,1,1133883
8690637704291,false,שמפו לשיקום אינטנסיבי לשיער פגום,יוניליוור טורקיה. אז,TR,"דאב שמפו משקם 600 מ""",מיליליטרים,600.00,"100 מ""ל",false,,16.90,0.0282,true,1,1133884
8690637704376,false,שמפו יום יומי לשיער רגיל,יוניליוור טורקיה. אז,TR,דאב שמפו יום יומי 60,מיליליטרים,600.00,"100 מ""ל",false,,16.90,0.0282,true,1,1133885
8690637704390,false,"מרכך לשיער רגיל 600 מ""ל דאב",יוניליוור טורקיה. אז,TR,דאב מרכך יום יומי 60,מיליליטרים,600.00,"100 מ""ל",false,,16.90,0.0282,true,1,1133886
8690637704413,false,מרכך לשיקום אינטנסיבי לשיער פגום,יוניליוור טורקיה. אז,TR,"דאב מרכך משקם 600 מ""",מיליליטרים,600.00,"100 מ""ל",false,,16.90,0.0282,true,1,1133887
8690637704437,false,שמפו עם שמני הזנה לטיפוח לשיער יבש,יוניליוור טורקיה. אז,TR,דאב שמפו שמני הזנה 6,מיליליטרים,600.00,"100 מ""ל",false,,16.90,0.0282,true,1,1133888
8690637704451,false,מרכך עם שמני הזנה לטיפוח לשיער יבש,יוניליוור טורקיה. אז,TR,דאב מרכך שמני הזנה 6,מיליליטרים,600.00,"100 מ""ל",false,,16.90,0.0282,true,1,1133889
8690637799594,false,תה ירוק ליפטון נענע בסגנון מרוקאי 20יח',בסן בסין סנאיי וי טי,TR,ליפטון תה ירוק נענע,יח',1.00,יח',false,,16.90,16.9000,true,1,1712344
8690637835643,false,"תה ירוק לימונית ולאויזה 30 גרם ""ליפטון""",יונילוור - תורכיה,TR,ליפטון תה ירוק לימונ,יח',1.00,יח',false,,16.90,16.9000,true,1,3582002
8690637842399,false,מאגדת מגנום מיני דאבל פרי יער שוקולד 6 יח' נסטלה,יוניליוור סנאי וי סי,TR,מיני מגנום דאבל פירו,גרמים,47.00,100 גרם,false,,24.90,0.5298,true,1,4495452
8690637858734,false,ג'ל לניקוי כללי בתוספת אקונומיקה בניחוח לימון,סיף פנטסטיק Cif Fantastic,IL,סיף ג'ל אקונומיקה לי,מיליליטרים,750.00,"100 מ""ל",false,,9.90,0.0132,true,1,5251156
8690637866654,false,תה ירוק קלאסי ליפטון 50 שקיקים 75ג',ליפטון,TR,ליפטון תה ירוק 50 יח,יח',1.00,יח',false,,24.90,24.9000,true,1,5436548
8690637871047,false,דאב שמפו בתוספת שמן קוקוס וכורכום 600 מל,יונילוור - תורכיה,TR,דאב שמפו קוקוס וכורכ,מיליליטרים,600.00,"100 מ""ל",false,,16.90,0.0282,true,1,5405491
8690637871061,false,"דאב שמפו שמן אבוקדו ותמצית קלנדולה 600 מ""ל",יונילוור - תורכיה,TR,דאב שמפו אבוקדו 600,מיליליטרים,600.00,"100 מ""ל",false,,16.90,0.0282,true,1,5405492
8690637871245,false,הלמנס מיונז אמיתי 395 גר' בקבוק לחיץ.,"בסטפוד - 3P ארה""ב Fo",TR,הלמנס מיונז אמיתי לח,גרמים,385.00,100 גרם,false,,15.00,0.0390,true,1,5857677
8690637916977,false,מרכך עם שמן קוקוס וכורכום למראה שיער משוקם,יונילוור - תורכיה,TR,דאב מרכך שמן קוקוס 6,יח',1.00,יח',false,,16.90,16.9000,true,1,6123013
8690637946301,false,"בדין - מרכך כביסה אקסטרא בייביי כחול 960 מ""ל",יוניליוור סנאיי וי ט,TR,בדין אקסטרה בייבי כח,מיליליטרים,960.00,"100 מ""ל",false,,15.90,0.0166,true,1,6696627
8690637946318,false,מרכך כביסה אקסטרה בייבי היפואלרגני בריח טלק,יוניליוור סנאיי וי ט,IL,בדין אקסטרא צהוב ביי,יח',1.00,יח',false,,15.90,15.9000,true,1,6709147
8690637976995,false,"בדין - מרכך כביסה אקסטרא ורוד סחלבים פראי 960 מ""ל",יוניליוור סנאיי וי ט,TR,בדין אקסטרה ורוד ניח,יח',1.00,יח',false,,15.90,15.9000,true,1,6745145
8690637989612,false,שלגון שמנת בטעם וניל עם ריפל בטעם שוקולד 246 גרם,יונילוור סנאיי וי טי,TR,מגנום מיני דולצ'ה גו,גרמים,282.00,100 גרם,false,,24.90,0.0883,true,1,6774546
8690637994029,false,מרכך כביסה אקסטרה בניחוח סחלבים פראי,בדין,TR,בדין אקסטרה כחול ניח,ליטרים,1.44,ליטר,false,,21.90,15.2083,true,1,6765327
8690637994036,false,מרכך כביסה אקסטרה בניחוח יסמין מרענן,בדין,TR,בדין אקסטרה כחול ניח,ליטרים,1.44,ליטר,false,,21.90,15.2083,true,1,6765328
8690710138630,false,פיסטוק -אגוז לוקום 125 גרם,,,רחת לוקום פיסטוקים 1,גרמים,125.00,100 גרם,false,,8.90,0.0712,true,1,6813137
8690758011025,false,צמר גפן 100 גרם,,,צמר גפן 100 גרם,גרמים,100.00,100 גרם,false,,3.70,0.0370,true,1,1230349
8690766156367,false,שוקולד חלב גודייבה מעולה 90 גר,"אולקר מקבוצת פלאדיס,",TR,גודייבה שוקולד חלב מ,גרמים,90.00,100 גרם,false,,14.90,0.1656,true,1,6624742
8690766156374,false,שוקולד גודייבה מריר 72% מוצרי קקאו 90 גר,"אולקר מקבוצת פלאדיס,",TR,גודייבה שוקולד מריר,גרמים,90.00,100 גרם,false,,14.90,0.1656,true,1,6624743
8690766156381,false,גודייבה שוקולד מריר 90% מוצקי קקאו 90 גרם,"אולקר מקבוצת פלאדיס,",TR,גודייבה שוקולד מריר,גרמים,90.00,100 גרם,false,,14.90,0.1656,true,1,6624744
8690766156398,false,"שוקולד חלב מעולה בתוספת שברי שקדים קלויים,דבש ומלח 90 גרם","אולקר מקבוצת פלאדיס,",TR,גודייבה שוקולד חלב ו,גרמים,90.00,100 גרם,false,,14.90,0.1656,true,1,6624781
8690766156404,false,שוקולד מריר מעולה גודייבה תפוז אדום 90 גרם,גודייבה,TR,גודייבה שוקולד מריר,גרמים,90.00,100 גרם,false,,15.90,0.1767,true,1,6624745
8690777203012,false,פלפלים ירוקים כבושים לא חריפים וילי פוד 600 גרם,יוליניבר,TR,פלפלים ירוקים כבושים,גרמים,600.00,100 גרם,false,,12.90,0.0215,true,1,1027684
8690777204071,false,פלפלים כבושים חריפים סרה 320 גרם,יוליניבר,TR,פלפלים כבושים חריפים,גרמים,320.00,100 גרם,false,,12.90,0.0403,true,1,1027685
8690777206051,false,חצילים קלויים על האש סארה 650 גר',קוראהן פזלרמה וי דיס,TR,חציל קלוי על האש סרה,גרמים,650.00,100 גרם,false,,12.90,0.0198,true,1,1027687
8690777221405,false,פלפל אדום קלויים על האש 650 גרם SERA,קוראהן פזלרמה וי דיס,TR,פלפלים אדומים קלויים,גרמים,400.00,100 גרם,false,,12.90,0.0323,true,1,1027689
8690784516440,false,דאק נוזל לניקוי מתקדם בניחוח לבנדה בודד 750מל,טואלט דאק (ג'ונסון),NL,דאק ג'ל נוזל לבנדר-ח,מיליליטרים,750.00,"100 מ""ל",false,,8.90,0.0119,true,1,3873105
8690784614665,false,סבון דאק לניקוי אסלה בניחוח ים נתלה,דאופלור אס.פי.אי כונ,PL,דאק סבון ניקוי אסלה,יח',1.00,יח',false,,8.90,8.9000,true,1,5059167
8690784711777,false,דאק סבון אקטיבי בתוספת אקונומיקה מקציפה בניחוח ים,דאופלור אס.פי.אי כונ,IT,דאק סבון ניקוי אסלה,יח',1.00,יח',false,,6.90,6.9000,true,1,6096144
8693374263564,false,אורז לבן ארוך בסמטי הר הכרמל,"יאילה בע""מ",TR,אורז לבן ארוך בסמטי,קילוגרמים,1.00,"ק""ג",false,,6.90,6.9000,true,1,6823004
8693374264042,false,"אורז בסמטי 5 ק""ג",,,"אורז בסמטי 5 ק""ג",קילוגרמים,5.00,"10 ק""ג",false,,29.90,5.9800,true,1,6809924
8693495051002,false,קולגייט מברשת שיניים מיניונים 6+ לילדים,קולגייט Colgate,CN,קולגייט מברשת ילדים,יח',1.00,יח',false,,9.90,9.9000,true,1,3494349
8693495052931,false,זוג מברשות שיניים אדוונסט 360 לניקוי כל חלל הפה,קולגייט פלמוליב,CN,קולגייט זוג מברשות 3,יח',1.00,יח',false,,29.80,29.8000,true,1,6102728
8693495054034,false,פלמוליב ס.נוזלי לומינוס אבוקדו 750 משאבה,שסטוביץ,TR,פלמוליב סבון לומינוס,מיליליטרים,750.00,"100 מ""ל",false,,19.90,0.0265,true,1,6812871
8693495054058,false,סבון נוזלי פלמוליב לומינוס עם תמציות שמן מקדמיה,קולגייט פלמוליב,TR,פלמוליב סבון לומינוס,מיליליטרים,750.00,"100 מ""ל",false,,19.90,0.0265,true,1,6812872
8694686405857,false,מיטו מזון לחתול 1 קג,,TR,מיטו מזון לחתול 1 קג,יח',1.00,יח',false,,19.90,19.9000,true,1,6713895
8697418280333,false,שערות קדאיף מיובשות 500 גרם,פרינסיס און וה אונלו,TR,שערות קדאיף יבשות 50,גרמים,500.00,100 גרם,false,,19.90,0.0398,true,1,6622387
8697420500375,false,מיץ תפוחים אורגני גרין פילד 1 ליטר,פרימור,TR,מיץ תפוחים אורגני 1 ל',גרמים,250.00,100 גרם,false,,14.90,0.0596,true,1,1014081
8697826469092,false,טורטיה קטנה 12 יחידות 540 גרם,דין שיווק,TR,טורטיות קטנה 8 יח 54,גרמים,540.00,100 גרם,false,,9.90,0.0183,true,1,1015138
8697924596508,false,חיתולים בייבי סופרים ניו בייבי רמילוי,,,חיתולים בייבי סופרים,יח',1.00,יח',false,,19.90,19.9000,true,1,6728638
8698782712567,false,מגב חד להב,,,מגב חד להב,יח',1.00,יח',false,,19.90,19.9000,true,1,6329437
8698996006483,false,ממחטות אף דו שכבתיות רמילוי,,,ממחטות אף דו שכבתיות,יח',1.00,יח',false,,18.90,18.9000,true,1,6771174
8698996006490,false,מגבות נייר 9ב1 רמילוי,,,מגבות נייר 9ב1 רמילו,יח',1.00,יח',false,,13.90,13.9000,true,1,6771385
8699250030404,false,"זיתים שחורים יבשים במלח 1.5 ק""ג",מסטוי גידה איבס,TR,זית שחור יבש 1.5 קג,גרמים,1500.00,100 גרם,false,,29.90,0.0199,true,1,3825448
8710428005755,false,תרכובת מזון לתינוקות על בסיס חלבון סויה איזומיל שלב 1,"אבוט מעבדות רפואיות בע""מ",ES,SIMILAC ISOMIL NG 400GR,גרמים,400.00,100 גרם,false,,39.80,0.0995,true,1,1027365
8710428016355,false,פדיאשור השלמה תזונתית בטעם שוקולד 400 גר,אבוט מעבדות רפואיות,NL,סימילאק פדיאשור שוקו,גרמים,400.00,100 גרם,false,,39.80,0.0995,true,1,6742502
8710428017000,false,פדיאשור השלמה תזונתית בטעם וניל 850 גרם,General,NL,סימילאק פדיאשור וניל,גרמים,850.00,100 גרם,false,,79.80,0.0939,true,1,6732478
8710447224366,false,טרזמה מרכך קרטין לשיער 400 מל,יוניליוור,PL,טרזמה מרכך קרטין לשי,מיליליטרים,400.00,"100 מ""ל",false,,14.90,0.0373,true,1,5717255
8710447275306,false,דאב קרם ידיים שמן אבוקדו ותמצית קלנדולה,אתר ליוור - HPC,PL,דאב קרם ידיים שמן אב,יח',1.00,יח',false,,8.90,8.9000,true,1,5869108
8710447320662,false,דאודורנט ספריי בניחוח אפרסק ולימון ללא אלומיניום,"פרמול איטליה, קומון",GB,דאב ספריי אפרסק 150,מיליליטרים,150.00,"100 מ""ל",false,,14.90,0.0993,true,1,6690430
8710502064814,false,עוגיות מרבה שוקולד ציפס במרקם רך 175 גר,בנקטבקריי מרבה בי.וי,NL,עוגיית שוקולד ציפס ב,גרמים,175.00,100 גרם,false,,9.80,0.0560,true,1,1179648
8710502100864,false,עוגיות מרבה פטיסרי דאבל שוקולד 200 גרם,מרבה,NL,מרבה פטיסרי עוגיות ד,גרמים,220.00,100 גרם,false,,8.90,0.0405,true,1,6865435
8710502139017,false,עוגיות טריפל שוקולד צ'יפס מרבה 180 גרם,בנקטבקריי מרבה בי.וי,NL,עוגיות טריפל שוקולד,גרמים,180.00,100 גרם,false,,9.80,0.0544,true,1,1018390
8710502194801,false,"עוגיות שוקלד ציפס רכה פירות יער ""מרבה"" 175 גרם",בנקטבקריי מרבה בי.וי,NL,מרבה עוגיות שוקולד צ,גרמים,175.00,100 גרם,false,,9.80,0.0560,true,1,1782333
8710502194825,false,מרבה - עוגיות שוקוצ'יפס כשר למהדרין 150 גרם,מרבה הולנד,NL,מרבה עוגיות שוקולדצי,גרמים,150.00,100 גרם,false,,4.90,0.0327,true,1,1159184
8710502231018,false,מרבה מיני עוגיות שוקולד צ'יפס 175 גרם,"מרבה בע""מ",NL,עוגיות מרבה מיני שוק,גרמים,175.00,100 גרם,false,,9.80,0.0560,true,1,6772414
8710502279010,false,מרבה עוגיות שוקולד ציפס מצופות שוקולד 175 גרם - רבנות,"י.מרבה ישראל בע""מ",NL,מרבה עוגיות שוקולד צ,גרמים,175.00,100 גרם,false,,9.80,0.0560,true,1,6757542
8710502285509,false,מרבה - עוגיות לימון ושוקולד צ'יפס במרקם רך 175 גרם,בנקטבקריי מרבה בי.וי,NL,מרבה עוגיות לימון וש,גרמים,175.00,100 גרם,false,,9.80,0.0560,true,1,6804640
8710502405204,false,עוגיות שוקולד צ'יפס עם קרם שוקולד מרבה 175 גרם,קריניציה ויטמינה אס,NL,עוגיות שוקולד צ'יפס,גרמים,175.00,100 גרם,false,,9.80,0.0560,true,1,1018393
8710502470028,false,עוגיות שוקולד צ'יפס ממולאות בקרם נוגט,קריניציה ויטמינה אס,NL,עוגיות נוגטלי מרבה 1,גרמים,160.00,100 גרם,false,,9.80,0.0613,true,1,1018395
8710502470035,false,מרבה פטיסרי עוגיות נוגטלי אגוזים 200 גרם,מרבה,NL,מרבה פטיסרי עוגיות ב,גרמים,220.00,100 גרם,false,,8.90,0.0405,true,1,6865437
8710522584200,false,דאב תחליב רחצה אלוורה ומי ורדים 500 מל,יוניליוור,DE,דאב תחליב רחצה ורדים,מטרים,500.00,100 מ'ל,false,,14.90,0.0298,true,1,6885730
8710552274614,false,שמפו קצף לנ.שטיחים וניש קליה גולד 600 מל,קליה וניש Kalia Vanish,GB,וניש קליה גולד לשטיח,מיליליטרים,600.00,"100 מ""ל",false,,22.90,0.0382,true,1,5129477
8710800027573,false,סוכריות מיני בטעם פירות מנטוס 178 גרם,פרפטי ואן מלה,NL,סוכריות מיני בטעם פי,גרמים,178.00,100 גרם,false,,12.30,0.0691,true,1,1029177
8710800961310,false,סוכריות בטעם תות מנטוס 4*375 גרם,פרפטי ואן מלה ברדה,NL,סוכריות בטעם תות מנט,גרמים,150.00,100 גרם,false,,10.70,0.0713,true,1,1029178
8710847860843,false,"רקסונה - דאודורנט רולאון לאישה אינביזיבל 50 מ""ל",רקסונה Rexona,GB,רקסונה דאודורנט רול-,יח',1.00,יח',false,,9.90,9.9000,true,1,6572181
8710847973970,false,"תחליב רחצה דאב אלוורה מי עץ שדר, 750 מ""ל",יוניליוור גרמניה (בו,DE,דאב תחליב רחצה 750 מ,מיליליטרים,750.00,"100 מ""ל",false,,15.90,0.0212,true,1,6751641
8710908326691,false,"תחליב רחצה אדמונית 750 מ""ל ""דאב""",יוניליוור גרמניה (בו,DE,דאב תחליב רחצה 750 מ,מיליליטרים,750.00,"100 מ""ל",false,,15.90,0.0212,true,1,1425249
8710908404184,false,"דאב דאו ספריי אורגינל 50 מ""ל*-ללא אלומני","פרמול איטליה, קומון",GB,דאב דאו ספריי אורגינ,מטרים,50.00,100 מ'ל,false,,14.90,0.2980,true,1,6691295
8710908693809,false,"טרזמה מסכה טיפולית עם קרטין 300מ""ל",טרזמה TRESemme,PL,טרזמה מסכה לשיער עם,מיליליטרים,300.00,"100 מ""ל",false,,29.90,0.0997,true,1,4550080
8711000360606,false,לור קפסולות קפה אספרסו רוז 7,דיפלומט,FR,לור קפסולות אספרסו ר,יח',1.00,יח',false,,16.80,16.8000,true,1,6704069
8711000362570,false,לור קפסולות קפה אספרסו 9 פורזה 52ג',גיקובס דאו אגברטס צר,FR,לור קפסולות קפה אספר,גרמים,52.00,100 גרם,false,,16.80,0.3231,true,1,5407942
8711000362617,false,לור קפסולות קפה אספרסו לונגו פרופונדו 8,יוניליוור גרמניה Gm,FR,לור קפסולות קפה אספר,גרמים,52.00,100 גרם,false,,16.80,0.3231,true,1,5407943
8711000362631,false,לור קפסולות קפה אספרסו 12 אוניקס 52ג',יוניליוור גרמניה Gm,FR,לור קפסולות קפה אספר,גרמים,52.00,100 גרם,false,,16.80,0.3231,true,1,5407944
8711000362655,false,לור קפסולות קפה אספרסו אור אבס 52ג,דיפלומט,FR,לור קפסולות אספרסו א,יח',1.00,יח',false,,16.80,16.8000,true,1,6704070
8711000362679,false,לור קפסולות קפה אספרסו קולומביה 8,קריניציה ויטמינה אס,FR,לור קפסולות אספרסו ק,יח',1.00,יח',false,,16.80,16.8000,true,1,6087582
8711000362747,false,לור קפסולות קפה אספרסו ריסטרטו 11,גיקובס דאו אגברטס צר,FR,לור קפסולות קפה אספר,יח',10.00,יח',false,,16.80,1.6800,true,1,5407945
8711000371176,false,קפסולות קפה אספרסו קלאסיקו 10*52 ג' ג'ייקובס,קריניציה ויטמינה אס,FR,ג'ייקובס קפסולות קפה,גרמים,52.00,100 גרם,false,,14.80,0.2846,true,1,5595175
8711000371183,false,קפסולות קפה אספרסו אינטנסו 10*52 ג' ג'ייקובס,קריניציה ויטמינה אס,FR,ג'ייקובס קפסולות קפה,גרמים,52.00,100 גרם,false,,14.80,0.2846,true,1,5595176
8711000371206,false,קפסולות קפה אספרסו ריסטרטו 10*52 ג' ג'ייקובס,קריניציה ויטמינה אס,FR,ג'ייקובס קפסולות קפה,גרמים,52.00,100 גרם,false,,14.80,0.2846,true,1,5595177
8711000371244,false,"ג'ייקובס קפסולות אספרסו (8) 10 יח', 52ג' לונגו",ג'ייקובס Jacobs,FR,ג'ייקובס קפסולות אספ,יח',1.00,יח',false,,14.80,14.8000,true,1,6599600
8711000397466,false,לור קפסולות קפה אספרסו ריסטרטו נטול קפאין,קריניציה ויטמינה אס,FR,לור קפסולות אספרסו נ,גרמים,52.00,100 גרם,false,,16.80,0.3231,true,1,5678027
8711000472040,false,קפסולות קפה אספרסו סלקשיין גייקובס 52 גר,ג'ייקובס Jacobs,FR,ג'ייקובס קפסולות קפה,גרמים,52.00,100 גרם,false,,14.80,0.2846,true,1,6791697
8711327475618,false,מגנום פיינט וניל קלאסיק 440X8מל,"מפעל גלידות בווספרם,",HU,מגנום פיינט וניל קלא,גרמים,325.00,100 גרם,false,,19.90,0.0612,true,1,6757074
8711327475663,false,מגנום פיינט וניל שוקולד לבן 260 גרם,"מפעל גלידות בווספרם,",HU,מגנום פיינט וניל שוק,גרמים,325.00,100 גרם,false,,19.90,0.0612,true,1,6757075
8711327475717,false,מגנום פיינט וניל שקדים 260 גרם,"מפעל גלידות בווספרם,",HU,מגנום פיינט וניל שקד,גרמים,325.00,100 גרם,false,,19.90,0.0612,true,1,6757076
8711327475762,false,מגנום פיינט שוקולד לבן עוגיות 260 גרם,"מפעל גלידות בווספרם,",HU,מגנום פיינט שוקולד ל,גרמים,325.00,100 גרם,false,,19.90,0.0612,true,1,6757077
8711808713741,false,פאזל 1000 חלקים - קו,,,פאזל 1000 חלקים - קו,יח',1.00,יח',false,,19.90,19.9000,true,1,6852043
8711808713772,false,פאזל 1000 חלקים- זר,,,פאזל 1000 חלקים- זר,יח',1.00,יח',false,,19.90,19.9000,true,1,6852046
8712000051099,false,"בירה היינקן 0.0 , ללא אלכוהול מארז שישייה",פארייפאבה אגרואינדוס,NL,היינקן מארז שישייה 0,ליטרים,1.98,ליטר,false,,29.90,15.1010,true,1,6019300
8712400802499,false,תרכובת מזון המשך לפעוטות על בסיס חלב שלב 1,נוטרישיה קאלק ב. ו.,NL,נוטרילון 1- 800 גרם,גרמים,800.00,100 גרם,false,,59.90,0.0749,true,1,1028653
8712400802512,false,תרכובת מזון המשך לפעוטות על בסיס חלב שלב 2,נוטרישיה קאלק ב. ו.,NL,נוטרילון 2- 800 גרם,גרמים,800.00,100 גרם,false,,59.90,0.0749,true,1,1028655
8712400802536,false,תרכובת מזון המשך לפעוטות על בסיס חלב שלב 3,נוטרישיה קאלק ב. ו.,NL,נוטרילון 3- 800 גרם,גרמים,800.00,100 גרם,false,,59.90,0.0749,true,1,1028657
8712561631570,false,"תחליב רחצה דאב חלב קוקוס 750 מ""ל",יוניליוור גרמניה (בו,DE,דאב תחליב רחצה 750 מ,מיליליטרים,750.00,"100 מ""ל",false,,15.90,0.0212,true,1,1189104
8712561646024,false,דאב תחליב רחצה קרם פיסטוק ומגנוליה 750 מ,יוניליוור גרמניה (בו,DE,דאב תחליב רחצה 750 מ,מיליליטרים,750.00,"100 מ""ל",false,,15.90,0.0212,true,1,6838536
8714599104330,false,ג'ייקובס קפה שחור 85 גרם קלוי וטחון טורקי,ג'ייקובס Jacobs,,גייקובס קפה שחור קלו,גרמים,85.00,100 גרם,false,,7.90,0.0929,true,1,6549343
8714599410806,false,קפה נמס ג'ייקובס קרונונג בשקית 160 גרם,ג'ייקובס Jacobs,RU,גייקובס קרוננג שקית,יח',1.00,יח',false,,17.90,17.9000,true,1,5803714
8714599513781,false,גייקובס גולד קפה נמס מיובש בהקפאה 200גרם,אל.אל. סי ג''יקובס ד,RU,ג'יקובס קרנט זהב 200 גרם,גרמים,200.00,100 גרם,false,,24.90,0.1245,true,1,1274035
8714599513835,false,גי'קובס קרונונג נייט אנד דיי - נטול קופיאין,ג'ייקובס Jacobs,DE,ג'יקובס קרוננג נייט אנד ד,גרמים,200.00,100 גרם,false,,32.90,0.1645,true,1,1749537
8714599513866,false,קפה נמס מיובש בהקפאה ג'ייקובס קרונונג 200 גרם,אל.אל.סי גייקובס דאו,DE,ג'יקובס קרונונג 200 גרם,גרמים,200.00,100 גרם,false,,24.90,0.1245,true,1,1274036
8714789177229,false,מברשת שיניים אקסטרה קלין מדיום - מארז רביעיה,הנסיך- מפעל לייצור ט,CN,מברשת שיניים אקסטרה,יח',4.00,יח',false,,9.90,2.4750,true,1,1018406
8714789218465,false,מברשת שיניים 360 סופט קולגייט 2 יחידות,הנסיך- מפעל לייצור ט,CN,מברשת שיניים 360 סופ,יח',2.00,יח',false,,24.90,12.4500,true,1,1018411
8714789303925,false,מברשת שיניים 360 סנסטיב רכה במיוחד קולגייט 2 יחידות,קולגייט- פלמוליב,CH,מברשת שיניים 360 סנס,יח',2.00,יח',false,,24.90,12.4500,true,1,1018418
8714789402932,false,נוזל לניקוי כללי ורצפות בניחוח ורדי בוקר אג'קס 1.5 ליטר,הנסיך- מפעל לייצור ט,GR,נוזל לניקוי כללי ורצ,ליטרים,1.50,ליטר,false,,19.90,13.2667,true,1,1018425
8714789402970,false,נוזל לניקוי כללי ורצפות בניחוח פרחי אביב אגק'ס 1.5 ליטר,הנסיך- מפעל לייצור ט,GR,נוזל לניקוי כללי ורצ,ליטרים,1.50,ליטר,false,,19.90,13.2667,true,1,1018426
8714789450315,false,פלמוליב נוזל כלים לימון 1.5 ליטר,הנסיך- מפעל לייצור ט,GR,פלמוליב שקוף לימון 1,ליטרים,1.50,ליטר,false,,15.90,10.6000,true,1,1018428
8714789740058,false,מברשת שיניים טוויסטר סופט קולגייט 2 יחידות,הנסיך- מפעל לייצור ט,CN,מברשת שיניים טוויסטר,יח',2.00,יח',false,,17.90,8.9500,true,1,1018455
8714789797786,false,"פלמוליב נוזל לניקוי כלים גריז בלסטר 750 מ""ל",יבואן ומשווק: ש. שסט,GR,פלמוליב נוזל לניקוי,מיליליטרים,750.00,"100 מ""ל",false,,11.90,0.0159,true,1,1018458
8714789831275,false,מברשת שיניים 360 אופטיק ווייט קולגייט 2 יחידות,קולגייט פלמוליב,CN,מברשת שיניים 360 אופ,יח',2.00,יח',false,,24.90,12.4500,true,1,1018463
8714789834467,false,פלמוליב נוזל לניקוי כלים קלאסי 1.5 ליטר,פלמוליב Palmolive,GR,פלמוליב נוזל לניקוי,ליטרים,1.50,ליטר,false,,15.90,10.6000,true,1,1018464
8714789930848,false,"משחת שיניים אופטיק וייט הלבנה מיידית קולגייט 75 מ""ל",הנסיך- מפעל לייצור ט,PL,משחת שיניים אופטיק ו,מטרים,75.00,100 מ'ל,false,,14.90,0.1987,true,1,1090048
8715035150300,false,"רוטב סויה קיקומן ללא מ""ל 250 גלוטן",קיקומן פודז יורופ בי,NL,רוטב סויה קיקומן ללא,מיליליטרים,250.00,"100 מ""ל",false,,19.90,0.0796,true,1,5510090
8715300238306,false,פריקו חמאה ללא מלח 200 גרם,פריזלנד קמפינה,IL,פריקו חמאה ללא מלח 2,גרמים,200.00,100 גרם,false,,12.70,0.0635,true,1,6899733
8715700110141,false,מיונז קרמי היינץ צנצנת 460ג',ה.י.היינץ הולדינג בי,NL,ממרח היינץ צנצנת 460,גרמים,460.00,100 גרם,false,,9.90,0.0215,true,1,3829804
8715700110158,false,היינץ ממרח במרקם קרמי צנצנת 490 גרם,ה.י.היינץ הולדינג בי,NL,ממרח לייט היינץ 490,גרמים,490.00,100 גרם,false,,9.90,0.0202,true,1,3829805
8715700115641,false,ממרח מיונז לחיץ לייט במרקם קרמי 420 ג' היינץ,ה.י. היינץ,NL,היינץ ממרח קרמי 420,גרמים,420.00,100 גרם,false,,14.90,0.0355,true,1,3315921
8715700117805,false,"קטשופ היינץ מתבל עגבניות ללא תוספת סוכר ומלח 425 מ""ל",ה.י היינץ הולדינג בי,NL,היינץ מתבל עגבניות ל,גרמים,425.00,100 גרם,false,,9.90,0.0233,true,1,6680708
8715700118925,false,קטשופ היינץ חריף 460 גרם,ה.י. היינץ,NL,קטשופ היינץ חריף 460,גרמים,460.00,100 גרם,false,,11.90,0.0259,true,1,6928088
8715700120874,false,מתבל עגבניות היינץ בתוספת שום,ה.י. היינץ,NL,היינץ קטשופ שום 460,גרמים,460.00,100 גרם,false,,9.90,0.0215,true,1,6796868
8715700419718,false,מתבל עגבניות היינץ 910 גרם,ה.י. היינץ,NL,קטשופ היינץ 910 גרם,גרמים,910.00,100 גרם,false,,11.90,0.0131,true,1,1165865
8715700422473,false,היינץ ממרח לחיץ ללא חומרים משמרים 395 גרם,ה.י. היינץ,NL,ממרח ספריד היינץ 395,גרמים,100.00,100 גרם,false,,14.90,0.1490,true,1,2456637
8715700423906,false,היינץ מתבל עגבניות מופחת סוכר ומלח 50/50 550 גרם,היינץ צפון אמריקה מק,NL,היינץ מתבל עגבניות 5,גרמים,555.00,100 גרם,false,,9.90,0.0178,true,1,4341745
8717163628355,false,טרזמה מרכך להחלקה וצביעה 400 מל,יוניליוור,PL,טרזמה מרכך להחלקה וצ,מיליליטרים,400.00,"100 מ""ל",false,,17.90,0.0447,true,1,6711250
8717163628812,false,מסכה טרזמה ללא סולפטים להחלקה ולצביעה300,יוניליוור,PL,טרזמה מסכה להחלקה וצ,מיליליטרים,300.00,"100 מ""ל",false,,29.90,0.0997,true,1,6711251
8717163655764,false,"רקסונה - דאודורנט ספריי לאישה שוואר פרש 150 מ""ל",קוסטר - תורכיה,GB,רקסונה דאודורנט ספרי,מיליליטרים,150.00,"100 מ""ל",false,,9.90,0.0660,true,1,6577225
8717163663493,false,"רקסונה - דאודורנט ספריי לגבר קובלט דריי 150 מ""ל",יוניליוור HPC,GB,רקסונה דאו ספריי לגב,מיליליטרים,150.00,"100 מ""ל",false,,9.90,0.0660,true,1,6633028
8717163714850,false,"דאו דאב ספריי קוקוס ויסמין 150 מ""ל",יונילוור ארגנטינה -,GB,דאב ספריי קוקוס 150,מטרים,150.00,100 מ'ל,false,,14.90,0.0993,true,1,6123017
8717677336593,false,טוניס שוקולד חלב 180 גרם רבנות - נוכרי,טוניס/שוקולונלי,NL,שוקולד טוניס שוקולונ,גרמים,180.00,100 גרם,false,,17.90,0.0994,true,1,6823836
8717677336616,false,טוניס שוקולד מריר+שקדים ומלח 180 גרם רבנות - נוכרי,טוניס/שוקולונלי,NL,שוקולד טוניס שוקולונ,גרמים,180.00,100 גרם,false,,17.90,0.0994,true,1,6823816
8717677336630,false,טוניס שוקולונלי שוקולד חלב שקדים ודבש180,טוניס/שוקולונלי,NL,שוקולד טוניס שוקולונ,גרמים,180.00,100 גרם,false,,17.90,0.0994,true,1,6823858
8717677336654,false,טוניס - שוקולד חלב מעולה עם שברי קרמל מלוח,טוניס/שוקולונלי,NL,טוניס שוקולד חלב+שבר,גרמים,180.00,100 גרם,false,,17.90,0.0994,true,1,6890546
8717677336661,false,טוניס שוקולד מריר מעולה 70% 180 גרם רבנות - נוכרי,טוניס/שוקולונלי,NL,שוקולד טוניס שוקולונ,גרמים,180.00,100 גרם,false,,17.90,0.0994,true,1,6823837
8718114734484,false,מיונז מאילי 320 גר צ,בונגראן,FR,מיונז מיילי 320 גרם,גרמים,320.00,100 גרם,false,,12.90,0.0403,true,1,4622614
8718117607662,false,נוטרילון A.R תרכובת מזון מגיל לידה,נוטרישה-נוטרילון,NL,נוטרילון 900 גרם,גרמים,900.00,100 גרם,false,,94.90,0.1054,true,1,6549315
8718692610828,false,שלישיית בקבוקים צבעוניים כתום/ירוק/כחול,סודהסטרים sodastream,IL,מארז שלישייה בק סודה,3 יח',1.00,3 יח',false,,49.00,49.0000,true,1,1055496
8718951030206,false,"קולגייט סנסיטיב מולטי פרוטקשן משחת שיניים 75 מ""ל",קולגייט-פלמוליב,PL,קולגייט סנסיטיב מולט,יח',1.00,יח',false,,17.90,17.9000,true,1,6696482
8718951044913,false,מרידול משחת שיניים להלבנה 75 מל,קולגייט פלמוליב,PL,מרידול משחת שיניים 7,מטרים,75.00,100 מ'ל,false,,21.90,0.2920,true,1,1189797
8718951048669,false,אג'קס ספריי לניקוי חלונות בניחוח חגיגת הפרחים,Colgate - Greece,,אג'קס ספרי ניקויי חל,מטרים,750.00,100 מ'ל,false,,14.90,0.0199,true,1,6828898
8718951079205,false,"קולגייט סנסיטיב פרו רליף רפיר אנד פריוונט 75 מ""ל",קולגייט Colgate,PL,קולגייט סנסיטיב פרו,מטרים,75.00,100 מ'ל,false,,17.90,0.2387,true,1,3001474
8718951093331,false,מרידול מברשת שיניים אקסטרה סופט זוג,קולגייט פלמוליב,CH,מרידול זוג מברשות שי,יח',2.00,יח',false,,34.90,17.4500,true,1,1296212
8718951159808,false,מברשות שיניים 360 מדיום- מארז שלישייה,קולגייט פלמוליב,CN,קולגייט מברשת 360 של,יח',3.00,יח',false,,24.90,8.3000,true,1,3466028
8718951160897,false,ספריי אקונומיקה עוצמת ה7 טריגר אגקס 500מ,קולגייט פלמוליב,GR,אגקס ספריי עוצמה 7 א,מיליליטרים,500.00,"100 מ""ל",false,,9.90,0.0198,true,1,3285165
8718951166288,false,"משחת שיניים קולגייט מקס וייט 125 מ""ל",הנסיך- מפעל לייצור ט,PL,קולגייט משחת מקס ויי,מיליליטרים,125.00,"100 מ""ל",false,,17.90,0.1432,true,1,5482172
8718951166561,false,משחת שיניים לרעננות מוגברת max fresh cooling crystals,הנסיך- מפעל לייצור ט,PL,קולגייט משחת מקס פרש,מיליליטרים,125.00,"100 מ""ל",false,,17.90,0.1432,true,1,5482173
8718951167094,false,נוזל כלים פלמוליב צילינדר תפוז וליים 1 ל,יבואן ומשווק: ש. שסט,GR,פלמוליב צילינדר תפוז,ליטרים,1.00,ליטר,false,,13.90,13.9000,true,1,4038344
8718951170445,false,"קולגייט סמיילס משחת שיניים ילדים גילאי 2-5 50 מ""ל",קולגייט פלמוליב,PL,קולגייט סמיילס לילדי,מטרים,50.00,100 מ'ל,false,,11.90,0.2380,true,1,4643208
8718951175280,false,"קולגייט משחת שיניים טוטל פרו ויזבל עם קציף 75 מ""ל",קולגייט Colgate,PL,קולגייט טוטאל פרו מש,יח',1.00,יח',false,,16.80,16.8000,true,1,5696861
8718951222779,false,"מרידול פור משחה לשיניים וחניכיים בריאות 75 מ""ל",קולגייט פלמוליב,PL,"מרידול פור 75 מ""ל",יח',1.00,יח',false,,19.90,19.9000,true,1,6549669
8718951236790,false,"קולגייט טוטאל משחת שיניים קלין מינט לפה בריא 100 מ""ל",קולגייט Colgate,PL,קולגייט טוטאל משחת ש,מטרים,100.00,100 מ'ל,false,,16.80,0.1680,true,1,5696805
8718951236806,false,"קולגייט טוטאל הלבנה להסרת כתמים מהשן 100 מ""ל",קולגייט Colgate,PL,קולגייט טוטאל הלבנה,מטרים,100.00,100 מ'ל,false,,16.80,0.1680,true,1,5696806
8718951236813,false,"קולגייט טוטאל משחת שיניים ניקוי מתקדם לפה בריא יותר 100 מ""ל",קולגייט Colgate,PL,קולגייט טוטאל משחת ש,יח',1.00,יח',false,,16.80,16.8000,true,1,5696807
8718951240742,false,"קולגייט טוטאל משחת שיניים פסים מרעננים 100 מ""ל",קולגייט Colgate,PL,קולגייט טוטאל משחת ש,מטרים,100.00,100 מ'ל,false,,16.80,0.1680,true,1,5696808
8718951259409,false,פלמוליב נטורלס תחליב רחצה 750 לחות מוגבר,קולגייט פלמוליב,IT,פלמוליב נטורלס תחליב,מטרים,750.00,100 מ'ל,false,,16.90,0.0225,true,1,6919653
8718951264618,false,"קולגייט אופטיק וייט פחם צ'רקול משחת שיניים, 75 מ""ל",קולגייט-פלמוליב,PL,קולגייט אופטיק וייט,יח',1.00,יח',false,,24.90,24.9000,true,1,6696483
8718951286733,false,מ שיניים קולגייט אופטיק וייט לסטינג 75מל,קולגייט Colgate,PL,קולגייט אופטיק וייט,מטרים,75.00,100 מ'ל,false,,24.90,0.3320,true,1,6804616
8718951288492,false,"משחת שיניים מרידול בי טיוב מארז 2*75 מ""ל",GABA LOER GER,DE,מרידול משחת שיניים ב,יח',1.00,יח',false,,29.90,29.9000,true,1,6685891
8718951289833,false,פלמוליב סבון מוצק רביעייה לומינוס 360 ג,קולגייט פלמוליב,TR,פלמוליב סבון מוצק לו,גרמים,400.00,100 גרם,false,,16.90,0.0422,true,1,6624704
8718951313927,false,"פלמוליב סבון לידיים בחימר טונוס, 300 מ""ל",פלמוליב Palmolive,TR,פלמוליב סבון ידיים ח,מיליליטרים,300.00,"100 מ""ל",false,,10.90,0.0363,true,1,6729644
8718951319806,false,פלמוליב לגבר גל רחצה ושמפו מרענן 750 משא,פלמוליב Palmolive,TR,פלמוליב לגבר ג'ל רחצ,מיליליטרים,750.00,"100 מ""ל",false,,19.90,0.0265,true,1,6685892
8718951333048,false,"פלמוליב סבון לידיים למטבח, 300 מ""ל",הנסיך- מפעל לייצור ט,IT,פלמוליב סבון ידיים ל,מיליליטרים,300.00,"100 מ""ל",false,,10.90,0.0363,true,1,6770604
8718951334069,false,"אג'קס טריגר שירותים 500 מ""ל",שסטוביץ,GR,אג'קס טריגר שירותים,מיליליטרים,500.00,"100 מ""ל",false,,9.90,0.0198,true,1,6878843
8718951334090,false,"סופלין מרכך כביסה מרוכז כחול 650 מ""ל",סופלין Soupline,GR,סופלין מרכך כביסה מר,מיליליטרים,650.00,"100 מ""ל",false,,10.90,0.0168,true,1,6696485
8718951334120,false,"סופלין מרכך כביסה מרוכז לבנדר 650 מ""ל",סופלין Soupline,GR,סופלין מרכך כביסה מר,מיליליטרים,650.00,"100 מ""ל",false,,10.90,0.0168,true,1,6696486
8718951334151,false,"מרכך כביסה מרוכז היפואלרגני סופלין 650 מ""ל",שסטוביץ,GR,סופלין מרכך כביסה מר,מטרים,650.00,100 מ'ל,false,,9.90,0.0152,true,1,6865438
8718951338395,false,מרסס אגקס טריגר פיור הום סמבוק שחור 500,קולגייט פלמוליב,GR,אג'קס טריגר פיור הום,מיליליטרים,500.00,"100 מ""ל",false,,9.90,0.0198,true,1,6746031
8718951345119,false,נוזל לניקוי רצפות וכללי היביסקוס 2 ליטר,הנסיך- מפעל לייצור ט,GR,אגקס ניקוי כללי עוצמ,ליטרים,1.00,ליטר,false,,22.90,22.9000,true,1,6757545
8718951350137,false,פלמוליב נטורלס תחליב רחצה 750 מקדמיה וקק,שסטוביץ,IT,פלמוליב נטורלס תחליב,מטרים,750.00,100 מ'ל,false,,16.90,0.0225,true,1,6919654
8718951354807,false,נוזל רצפות אגקס חגיגת הפרחים יסמין 1.5 ל,Colgate - Greece,GR,אג'קס חגיגת הפרחים י,ליטרים,1.50,ליטר,false,,19.90,13.2667,true,1,6744091
8718951365865,false,קולגייט זוג מברשות עם סיבי פחם בצפיפות ג,קולגייט פלמוליב,PL,קולגייט מברשת פחם זו,יח',1.00,יח',false,,31.90,31.9000,true,1,6792846
8718951366015,false,"קולגייט - משחת שיניים אופטיק וויט אקס קומפ 75 מ""ל",CP-Poland swidnica,PL,קולגייט אופטיק וויט,מטרים,75.00,100 מ'ל,false,,49.90,0.6653,true,1,6912492
8718951381292,false,"משחת שיניים מקס דיטוקס פואם קולגייט 125 מ""ל",קולגייט Colgate,PL,קולגייט משחת מקס דיט,מיליליטרים,125.00,"100 מ""ל",false,,17.90,0.1432,true,1,6757546
8718951382664,false,"פלמוליב ג'ל רחצה חימר טונוס 750 מ""ל",קולגייט פלמוליב,TR,פלמוליב ג'ל רחצה חימ,מיליליטרים,750.00,"100 מ""ל",false,,19.90,0.0265,true,1,6729646
8718951382718,false,"פלמוליב ג'ל רחצה חימר התחדשות 750 מ""ל",קולגייט פלמוליב,TR,פלמוליב ג'ל רחצה חימ,מיליליטרים,750.00,"100 מ""ל",false,,19.90,0.0265,true,1,6729647
8718951382787,false,"משחת שיניים אופטיק וויט חימר ומינרלים 75 מ""ל קולגייט",קולגייט Colgate,PL,קולגייט משחת אופטיק,מטרים,75.00,100 מ'ל,false,,24.90,0.3320,true,1,6823290
8718951391253,false,אגקס אנטי בקטריאלי רעננות הניקיון 1.5 ל,Colgate - Greece,GR,אג'קס אנטי בקטריאלי,ליטרים,1.50,ליטר,false,,19.90,13.2667,true,1,6772415
8718951391284,false,נוזל אנטיבקטריאלי לניקוי כללי ורצפות רעננות הים,Colgate - Greece,GR,אג'קס אנטי בקטריאלי,ליטרים,1.50,ליטר,false,,19.90,13.2667,true,1,6772416
8718951391314,false,"מרסס אגקס טריגר אנטי בקטריאלי 500 מ""ל",קולגייט פלמוליב,GR,אג'קס טריגר אנטי בקט,מיליליטרים,500.00,"100 מ""ל",false,,9.90,0.0198,true,1,6773961
8718951409798,false,זוג מברשות שיניים מקס וויט פחם קולגייט,הנסיך- מפעל לייצור ט,PL,קולגייט מברשת מקס וו,גרמים,2.00,100 גרם,false,,24.90,12.4500,true,1,6787437
8718951415836,false,קולגייט מי פה פלאקס פחם לחיוך לבן 500 מל,קולגייט Colgate,PL,קולגייט מי פה פלאקס,מיליליטרים,500.00,"100 מ""ל",false,,24.90,0.0498,true,1,6792847
8718951428492,false,"פלמוליב סבון רחצה לגבר 4ב1 מועשר בפחם 750 מ""ל",שסטוביץ,TR,פלמוליב סבון רחצה לג,מטרים,750.00,100 מ'ל,false,,19.90,0.0265,true,1,6828899
8718951428522,false,"פלמוליב סבון רחצה לגבר 4 ב-1 המפ 750 מ""ל",שסטוביץ,TR,פלמוליב סבון רחצה לג,מטרים,750.00,100 מ'ל,false,,19.90,0.0265,true,1,6812071
8718951431614,false,"סבון רחצה סו פירם מינרלים 750 מ""ל פלמוליב",קולגייט פלמוליב,TR,פלמוליב סבון רחצה סו,מטרים,750.00,100 מ'ל,false,,19.90,0.0265,true,1,6804641
8718951433120,false,קולגייט טוטאל משחת שיניים לילדים לגילאי,קולגייט פלמוליב,PL,קולגייט טוטאל משחת ש,מטרים,50.00,100 מ'ל,false,,15.90,0.3180,true,1,6888822
8718951446564,false,"סבון נוזלי מומנטס עץ אלגום ולבנדר 500 מ""ל פלמוליב",שסטוביץ,TR,פלמוליב מומנטס עץ אל,מטרים,500.00,100 מ'ל,false,,15.90,0.0318,true,1,6853426
8718951470538,false,קולגייט משחת שיניים מקס פרש ביטיוב 125*2 כשלפ,קולגייט פלמוליב,PL,קולגייט משחת שיניים,גרמים,125.00,100 גרם,false,,29.90,0.2392,true,1,6838667
8718951509627,false,"משחת שיניים אופטיק וויט לאוהבי קפה 75 מ""ל קולגייט",קולגייט פלמוליב,PL,קולגייט אופטיק וויט,יח',1.00,יח',false,,29.90,29.9000,true,1,6853427
8719128117249,false,"סירופ פפסי מקס 440 מ""ל סודהסטרים",סודה סטרים,IL,סירופ פפסי מקס,מיליליטרים,440.00,"100 מ""ל",false,,22.90,0.0520,true,1,6778495
8719128117256,false,"סירופ סבן אפ 440 מ""ל סודהסטרים",סודה סטרים,IL,סירופ סבן אפ,מיליליטרים,440.00,"100 מ""ל",false,,22.90,0.0520,true,1,6778496
8719128118734,false,סודה סטרים - מילוי מיכל גז CQC עד 60 ליטר,,,מילוי מיכל גז עד 60,יחידה,0.00,יחידה,false,,59.90,0.0000,true,1,6866084
8719200998001,false,מרגרינה לאפיה ובישול בלי מלח 200 ג' בלו בנד,מיוצר עי קונדיטוריית,IL,מרגרינה ללא תוספת מל,גרמים,200.00,100 גרם,false,,4.30,0.0215,true,1,6688221
8719200998018,false,מחמאה מרגרינה בטעם חמאה 200 ג' בלו בנד,פארייפאבה אגרואינדוס,IL,מרגרינה מחמאה 200 גר,גרמים,200.00,100 גרם,false,,4.30,0.0215,true,1,6681852
8719200998049,false,"מרגרינה מזולה גלורי רגיל 250גר 8 יחידות -כשל""פ",פארייפאבה אגרואינדוס,IL,מרגרינה מזולה גלורי,גרמים,250.00,100 גרם,false,,9.00,0.0360,true,1,6683828
8719200998094,false,"מרגרינה מזולה לאפיה ללא תוספת מלח 200גר - 40 יח' -כשל""פ","מיוצר ע""י יוניליוור",IL,מרגרינה מזולה לאפיה,גרמים,200.00,100 גרם,false,,6.50,0.0325,true,1,6685796
8719200998100,false,מרגרינה מזולה לאפיה טעם חמאה 200גר - 40 יח',פארייפאבה אגרואינדוס,IL,מרגרינה מזולה לאפיה,גרמים,200.00,100 גרם,false,,6.50,0.0325,true,1,6678923
8720181046605,false,דאב - דאודורנט ספריי לאישה אורגינל כחול 150מל,יונילוור ארגנטינה -,GB,דאב ספריי אוריגינל ל,מיליליטרים,150.00,"100 מ""ל",false,,14.90,0.0993,true,1,6751022
8720181046612,false,"דאב - דאודורנט רול און לאישה אורגינל 50 מ""ל",יוניליוור HPC,GB,דאב רולאון נשים אורג,מטרים,50.00,100 מ'ל,false,,14.90,0.2980,true,1,6784116
8720181090202,false,"תחליב רחצה דאב עם שמן זית, 750 מ""ל",יוניליוור גרמניה (בו,DE,דאב תחליב רחצה שמן ז,מיליליטרים,750.00,"100 מ""ל",false,,15.90,0.0212,true,1,6774514
8720181090219,false,תחליב רחצה רימונים ותמצית פרח היביסקוס,יוניליוור,DE,דאב תחליב רימונים  7,מיליליטרים,750.00,"100 מ""ל",false,,15.90,0.0212,true,1,6784117
8720181123955,false,"אקס - ג'ל רחצה ריצארג קריד 400 מ""ל",יוניליוור גרמניה (בו,GB,אקס גל רחצה ריצ'ארג',מיליליטרים,400.00,"100 מ""ל",false,,9.90,0.0248,true,1,6821352
8720181201332,false,דאב אל סבון מוצק גרגרים 90 גרם רביעייה,יוניליוור,DE,דאב סבון מוצק גרגירי,גרמים,360.00,100 גרם,false,,14.90,0.0414,true,1,6913292
8720182253156,false,דאב אל סבון מוצק מלפפונים 90 גרם רביעייה,יוניליוור,DE,סבון דאב ירוק מוצק,גרמים,360.00,100 גרם,false,,14.90,0.0414,true,1,6913293
8720182253194,false,סבון מוצק דאב מלפפונים ותה ירוק שישיית,יוניליוור,DE,דאב אל סבון מוצק מלפ,גרמים,590.00,100 גרם,false,,16.90,0.0286,true,1,6885702
8720182256362,false,שישיית סבון מוצק דאב קלאסי 540 גר',יוניליוור,DE,דאב אל סבון מוצק קלא,גרמים,590.00,100 גרם,false,,16.90,0.0286,true,1,6885703
8720182256850,false,דאב אל סבון מוצק קלאסי 90 גרם רביעייה,יוניליוור,DE,דאב סבון מוצק דאב ל,גרמים,360.00,100 גרם,false,,14.90,0.0414,true,1,6908254
8723400756552,false,מארז סוכריות מנטוס Mentos ריינבואו,פרפטי ואן מלה ברדה,NL,מנטוס ריינבואו 1/4,גרמים,150.00,100 גרם,false,,10.70,0.0713,true,1,1029186
8723400782544,false,מנטוס סוכריות לעיסה בתפזורת בטעם מנטה 160 ג',פרפטי ואן מלה,NL,מנטוס סוכריות מנטה ש,גרמים,160.00,100 גרם,false,,9.90,0.0619,true,1,4281675
8783662804057,false,קומקום זכוכית BT-8040 +חליטת תה+שומר חום,,,קומקום זכוכית BT-804,יח',1.00,יח',false,,119.90,119.9000,true,1,6353711
8801055707966,false,קפה טייסטר צו'יס נס קפה בריסטה 180ג',נסטלה קוריאה - קפה,KR,טסטר צ'ויס בריסטה 18,גרמים,180.00,100 גרם,false,,29.90,0.1661,true,1,1638717
8801055709427,false,נס קפה טייסטרס צ'ויס אלטה ריקה 100גרם,נסטלה קוריאה - קפה,KR,נס קפה טייסטר צויס א,גרמים,100.00,100 גרם,false,,19.90,0.1990,true,1,6799625
8801055709434,false,קפה נמס טייסטר צ'ויס קולומביה 100 גר',נסטלה קוריאה - קפה,KR,נס קפה טייסטר צויס ק,גרמים,100.00,100 גרם,false,,19.90,0.1990,true,1,6799626
8801055709465,false,אבקה להכנת משקה קפה בטעם קפוצ'ינו וניל,נסטלה קוריאה - קפה,DE,נסקפה קפוצינו וניל 1,גרמים,185.00,100 גרם,false,,17.90,0.0968,true,1,6833765
8801055709472,false,נסטלה - נסקפה קפוצ'ינו קלאסי 12.50 גרם * 10,נסטלה קוריאה - קפה,DE,נסקפה קפוצ'ינו קלאסי,גרמים,125.00,100 גרם,false,,18.70,0.1496,true,1,6833766
8801055709489,false,אבקה להכנת משקה קפה בטעם קפוצ'ינו אגוזים,נסטלה קוריאה - קפה,IL,נסקפה קפוצינו אגוזים,גרמים,180.00,100 גרם,false,,17.90,0.0994,true,1,6833767
8801055709526,false,אבקה להכנת משקה קפה בטעם קפוצ'ינו שוקולד לבן,נסטלה קוריאה - קפה,IL,נסקפה קפוצ'ינו שוקול,גרמים,180.00,100 גרם,false,,17.90,0.0994,true,1,6858141
8804880400033,false,גומיות כוכבים שחור,,,גומיות כוכבים שחור,יח',1.00,יח',false,,8.30,8.3000,true,1,5482427
8804880400057,false,גומיות פסים זוהרים,,,גומיות פסים זוהרים,יח',1.00,יח',false,,8.30,8.3000,true,1,5482429
8804880400088,false,גומיות מקרופיבר חזק צבעוני,,,גומיות מקרופיבר חזק,יח',1.00,יח',false,,8.30,8.3000,true,1,5482432
8804880400095,false,גומיות מקרופיבר חזק שחור,,,גומיות מקרופיבר חזק,יח',1.00,יח',false,,8.30,8.3000,true,1,5482433
8804880400217,false,גומיות סט עגולים צבעונים,,,גומיות סט עגולים צבע,יח',1.00,יח',false,,8.30,8.3000,true,1,5482445
8805880588059,false,מברשת מרובעת קטיפה,,,מברשת מרובעת קטיפה,יח',1.00,יח',false,,15.90,15.9000,true,1,5405969
8805880588066,false,מברשת מרובעת כסף,,,מברשת מרובעת כסף,יח',1.00,יח',false,,16.70,16.7000,true,1,5405970
8805880588110,false,מברשת מרובעת,,,מברשת מרובעת,קילו,100.00,קילו,false,,16.70,0.1670,true,1,5405975
8805880588318,false,מברשת ספרים מקצועית,,,מברשת ספרים מקצועית,קילו,100.00,קילו,false,,16.70,0.1670,true,1,5406016
8805880588325,false,מברשת ספרים מקצועית,,,מברשת ספרים מקצועית,יח',1.00,יח',false,,16.70,16.7000,true,1,5406017
8809168840471,false,חטיף אצות מיובשות 9יח,ג'י וואן גלובול נאט,KR,חטיף אצות מיובשות 9י,יח',1.00,יח',false,,22.90,22.9000,true,1,6766580
8809168840488,false,חטיף אצות מיובשות 4.5ג*3 יחידות,,KR,חטיף אצות מיובשות 3י,יח',1.00,יח',false,,11.90,11.9000,true,1,6740661
8850006932964,false,מארז מברשות שיניים טוויסטר קולגייט חמישייה,קולגייט פלמוליב,VN,מארז מברשת קולגייט ט,יח',1.00,יח',false,,21.90,21.9000,true,1,6770605
8850161167089,false,קוקו וואי משקה קוקוס 1 ליטר,קוקו וואי Cocoway,TH,קוקו וואי משקה קוקוס,מטרים,1000.00,100 מ'ל,false,,17.90,0.0179,true,1,6583275
8850180040028,false,קמח טמפורה להכנת בלי,קרנחם אוטאי פחרה,TH,טמפורה 500גרם (GOGI),גרמים,500.00,100 גרם,false,,10.70,0.0214,true,1,1104217
8850206250592,false,רוטב צ`ילי סיראצ`ה 540 גרם,יאן וואל יון קו.לטד,TH,רוטב צילי סיראצ'ה 54,גרמים,540.00,100 גרם,false,,19.40,0.0359,true,1,3636250
8850206280049,false,רוטב צילי חריף מיו 250 גרם,yan wal yun corpara,TH,רוטב צ'ילי חריף 250,גרמים,250.00,100 גרם,false,,16.70,0.0668,true,1,6810088
8850367992164,false,קרם קוקוס 250 מל 20-22% ללא חומר משמר,טאפ פאד ונגפורן,TH,קרם קוקוס 250 מל -מז,מיליליטרים,250.00,"100 מ""ל",false,,7.90,0.0316,true,1,1136200
8850367992898,false,"רוטב לסלט עם למון גראס 285 מ""ל TCC (כ) ללא גלוטן",Theppadungporn cocon,,רוטב לסלט עם למון גר,מיליליטרים,285.00,"100 מ""ל",false,,10.90,0.0382,true,1,2156138
8850367994021,false,"רוטב צילי מתוק ללא סוכר לל""ג 280 מ""ל",יאן ונזל יון,TW,"רוטב צ'ילי מתוק לל""ס",גרמים,280.00,100 גרם,false,,9.90,0.0354,true,1,6329469
8850367994427,false,נוזל קוקוס מרוכז וממותק 330 גרם,Theppadungporn cocon,TH,נוזל קוקוס מרוכז וממ,מיליליטרים,330.00,"100 מ""ל",false,,11.90,0.0361,true,1,6754622
8850367994779,false,מחית קארי ירוקה מזרח,טאפאדונגפורן קוקינט,TH,מחית קארי ירוקה 50 ג,גרמים,50.00,100 גרם,false,,4.90,0.0980,true,1,6783895
8850367994786,false,מחית קארי אדומה 50 גרם,טאפאדונגפורן קוקינט,TH,מחית קארי אדומה 50 ג,גרמים,50.00,100 גרם,false,,4.90,0.0980,true,1,6783896
8850367994793,false,מחית קארי צהובה 50 גרם,Theppadungporn cocon,TH,מחית קארי צהוב 50 גר,גרמים,50.00,100 גרם,false,,4.90,0.0980,true,1,6783865
8850389105825,false,סאפה משקה אלוורה בטעם ענבים,סאפה פובליק קומפני ל,TH,סאפה אלוורה ענבים 1ל,ליטרים,1.00,ליטר,false,,11.90,11.9000,true,1,1012471
8850389105832,false,סאפה משקה אלוורה בטעם תפוח עם קוביות אלוורה 1 ליטר,פארייפאבה אגרואינדוס,TH,סאפה אלוורה תפוחים 1,ליטרים,1.00,ליטר,false,,11.90,11.9000,true,1,1012472
8850389105849,false,סאפה משקה אלוורה מופחת קלוריות בטעם אפרסק 1 ליטר,סאפה פובליק קומפני ל,TH,סאפה אלוורה אפרסק 1ל,ליטרים,1.00,ליטר,false,,11.90,11.9000,true,1,1012473
8850389115336,false,סאפה משקה אלוורה בטעם מלון,סאפה פובליק קומפני ל,TH,סאפה אלוורה מלון 1ל',ליטרים,1.00,ליטר,false,,11.90,11.9000,true,1,4405313
8850632604259,false,"יוגטה, חיספוסים, ממתק חמוץ בצורת מקלות בטעם תות שדה,50 גרם",ג'נרל קנדי בעמ,TH,חמצוצים מקלות בטעם ת,גרמים,50.00,100 גרם,false,,3.50,0.0700,true,1,1029190
8850632604266,false,"יוגטה, ממתק חמוץ בצורת מקלות בטעם קולה, 50 גרם",ג'נרל קנדי בעמ,TH,חמצוצים מקלות בטעם ק,גרמים,50.00,100 גרם,false,,3.50,0.0700,true,1,1029191
8850632604372,false,"יוגטה, חיספוסים בצורת שטיח בטעם תות שדה 50 גרם",ג'נרל קנדי בעמ,TH,חמצוצים שטיח בטעם תו,גרמים,50.00,100 גרם,false,,3.50,0.0700,true,1,1029192
8850632604402,false,יוגטה חיספוסים בטעם מעורב תות שדה אבטיח ענבים בננה 50 גרם,"ג'נרל קנדי בע""מ",TH,חמצוצים שטיח בטעם מע,גרמים,50.00,100 גרם,false,,3.50,0.0700,true,1,1029193
8850632605201,false,"יוגטה, חיספוסים, ממתק חמוץ בצורת שטיח, בטעם מעורב- תות בננה, תפוח, תפוז, 50 גרם",הדקלאים אגודת שיתופי,TH,חמצוצים שטיח בטעם מע,גרמים,50.00,100 גרם,false,,3.50,0.0700,true,1,1029194
8850632606390,false,"יוגטה, חיספוסים, ממתק חמוץ בצורת שטיח בטעם אבטיח, 50 גרם",ג'נרל קנדי בעמ,TH,חספוסים אבטיח,גרמים,50.00,100 גרם,false,,3.50,0.0700,true,1,1029199
8850788718077,false,תירס גמדי שלם 230 גרם,,,תירס גמדי שלם 230 גר,גרמים,230.00,100 גרם,false,,5.70,0.0248,true,1,5413294
8850788718084,false,תירס גמדי חתוך 230 גרם,,,תירס גמדי חתוך 230 ג,גרמים,230.00,100 גרם,false,,4.90,0.0213,true,1,5413295
8851613101378,false,"נוזל קוקוס ארוי די 250 מ""ל",כלורוקס אוקלנד,TH,"חלב קוקוס 250 מ""ל",מיליליטרים,250.00,"100 מ""ל",false,,9.80,0.0392,true,1,1183719
8851613101385,false,"חלב קוקוס ארוי-די קרטון 500מ""ל",תאי אגרי פוד פובליק,TH,"חלב קוקוס 500 מ""ל",מיליליטרים,500.00,"100 מ""ל",false,,12.90,0.0258,true,1,1014109
8852633020403,false,פניני טפיוקה 500 גרם (כשר),super j internationa,TH,פניני טפיוקה 500 גרם,גרמים,500.00,100 גרם,false,,11.70,0.0234,true,1,1032931
8858271002870,false,רוטב פאד תאי 250 מ'ל - מקסצ'אפ,"ייאן וואל יון בע""מ",TH,רוטב פאד תאי 250 מ'ל,גרמים,250.00,100 גרם,false,,9.90,0.0396,true,1,1032935
8858271003020,false,רוטב סויה פורמולה 1 - 700 מ'ל מקסצ'אפ,יאן ונזל יון,TH,רוטב סויה פורמולה 1,גרמים,700.00,100 גרם,false,,14.80,0.0211,true,1,1032937
8858271003044,false,רוטב סויה כהה פורמולה 5 700 גרם מקסצאפ,מזרח ומערב,,רוטב סויה פורמולה 5,גרמים,700.00,100 גרם,false,,15.90,0.0227,true,1,1032938
8858271003075,false,רוטב סויה מתוקה 700 מ'ל מקסצ'אפ,דאנינג יוה פודס קו,TH,רוטב סויה מתוקה 700,גרמים,700.00,100 גרם,false,,14.90,0.0213,true,1,1032940
8858271003136,false,רוטב פטריות צמחוני 250 מ'ל - מקסצ'אפ,מזרח ומערב,TH,רוטב פטריות צמחוני 2,גרמים,250.00,100 גרם,false,,9.90,0.0396,true,1,1032942
8858271003921,false,רוטב קארי אדום 250 מ'ל - מקסצ'אפ,יאן וואל יאן,TH,רוטב קארי אדום 250 מ,גרמים,250.00,100 גרם,false,,9.90,0.0396,true,1,1032944
8858271004034,false,רוטב צ'ילי חריף 700 מ'ל מקסצ'אפ,דאנינג יוה פודס קו,TH,רוטב צ'ילי חריף 700,גרמים,700.00,100 גרם,false,,14.90,0.0213,true,1,1032946
8858271004126,false,רוטב חמוץ מתוק 700 מ'ל - מקסצ'אפ,יאן ונזל יון,TH,רוטב חמוץ מתוק 700 מ,גרמים,700.00,100 גרם,false,,14.80,0.0211,true,1,1032948
8858271004423,false,"רוטב טום ים 250 מ""ל מקסצ'אפ",מזרח ומערב,,"רוטב טום ים 250 מ""ל",מיליליטרים,250.00,"100 מ""ל",false,,10.90,0.0436,true,1,1032953
8858271004799,false,"רוטב צילי מתוק אל פורפסיס 700 מ""ל",יאן ונזל יון,TH,רוטב צ'ילי מתוק 700,מיליליטרים,700.00,"100 מ""ל",false,,12.50,0.0179,true,1,1066822
8858271005451,false,"רוטב סויה פורמולה 1 - 250 מ""ל מקסצ'אפ",yan wal yun corpara,TH,רוטב סויה פורמולה 1,מיליליטרים,250.00,"100 מ""ל",false,,9.90,0.0396,true,1,1165202
8858271005772,false,"רוטב סויה ללא גלוטן (תמרי)300 מ""ל (כ)",יאן ונזל יון,TH,רוטב סויה ללא גלוטן,מיליליטרים,300.00,"100 מ""ל",false,,15.90,0.0530,true,1,2426398
8888021200256,false,סוללות אנרג'יזר MAX AA שמינייה,יצרן: אנרג'ייזר סינג,US,סוללות ENERGIZER 1X8 AA M,יחידה,0.00,יחידה,false,,24.90,0.0000,true,1,1047521
8888021200720,false,סוללות אנרג'יזר MAX AAA שמינייה,יצרן: אנרג'ייזר סינג,US,סוללות ENERGIZER 1X8 *AAA,יחידה,0.00,יחידה,false,,24.90,0.0000,true,1,1047522
8888111030053,false,"מיץ אננס SW טבעי מארז 240X4מ""ל פרימיום",פילפאק,PH,מיץ אננס רביעייה 4*2,מיליליטרים,960.00,"100 מ""ל",false,,14.90,0.0155,true,1,5913025
8888757101506,false,100% שמן מזוכך משומשום קלוי,אוך אייק גואן פוד אי,,"שמן שומשום 150 מ""ל",מיליליטרים,150.00,"100 מ""ל",false,,11.10,0.0740,true,1,1014118
8888757103005,false,"שמן שומשום 300 מ""ל",אוך אייק גואן פוד אי,SG,"שמן שומשום 300 מ""ל",מיליליטרים,300.00,"100 מ""ל",false,,18.30,0.0610,true,1,1014119
8901537024014,false,"אורז בסמטי מובחר 1 ק""ג - דוואט) יורה דיעה",הנסיך- מפעל לייצור ט,IN,אורז בסמטי וילי פוד,גרמים,1000.00,100 גרם,false,,11.90,0.0119,true,1,1027699
8901537076679,false,"אורז בסמטי חום מלא 1 ק""ג דאוואט",האי נאם סי או אל.טי.,IN,אורז בסמטי חום מלא 1,גרמים,1000.00,100 גרם,false,,11.90,0.0119,true,1,4617890
8908015961144,false,אורז הודי בסמטי ארוך 5 קג,,,אורז הודי בסמטי ארוך,קילוגרמים,5.00,"ק""ג",false,,34.90,6.9800,true,1,6910910
8934878081811,false,"דפי אורז 22 ס""מ 400 גר'(Trav) ללא גלוטן",דאנינג יוה פודס קו,CN,"דפי אורז 22 ס""מ 400",גרמים,400.00,100 גרם,false,,11.90,0.0298,true,1,1032965
8934878081866,false,"דפי אורז 22 ס""מ מרובעים 400 גרם TRAV",Chanh Khang Company,,דפי אורז מרובעים 440,גרמים,400.00,100 גרם,false,,10.90,0.0273,true,1,6715628
8938535541366,false,"דפי אורז צבעוניים לל""ג 22 ס""מ 400 גרם",Chanh Khang Company,VN,דפי אורז צבעוניים לל,יח',1.00,יח',false,,14.90,14.9000,true,1,6773688
8938544204016,false,אורז יסמין אורנים 1 קג,,,אורז יסמין אורנים 1,קג,1.00,קג,false,,7.90,7.9000,true,1,6913450
8957123840117,false,פלטה קרמית יחיד BENA,,,פלטה קרמית יחיד BENA,יח',1.00,יח',false,,119.90,119.9000,true,1,6880482
8997206332016,false,סוכר קוקוס אורגני 454 גרם אינדונזיה,,,סוכר קוקוס אורגני 45,גרמים,454.00,100 גרם,false,,19.50,0.0430,true,1,3943086
9000100806657,false,"פה - דאודורנט רול און לאישה בלתי נראה 50 מ""ל",שוורצקופף והנקל,DE,דאו פה ספורט רולאון,100 מל,50.00,100 מל,false,,9.90,0.1980,true,1,1016900
9000101329322,false,סבון אסלה בניחוח מתחלף תפוח נופר 50 ג' ברף,הנקל סוד,RS,ברף בניחוח מתחלף תפו,גרמים,50.00,100 גרם,false,,9.90,0.1980,true,1,6811820
9000101329742,false,סבון אסלה בניחוח מתחלף אפרסק תפוח 50 ג' ברף,הנקל סוד,RS,ברף פרימיום בניחוח א,יח',1.00,יח',false,,9.90,9.9000,true,1,6794951
9000101380255,false,פרסיל דיסקס דיפ קלין מנטרל ריחות 22 קפסו,פרסיל Persil,HU,פרסיל דיסקס ניקיון ה,יח',22.00,יח',false,,34.90,1.5864,true,1,6804411
9000101521436,false,סבון אסלה בניחוח מתחלף לוטוס במבוק 50 ג' ברף,הנקל סוד,RS,ברף פרימיום בניחוח ל,יח',1.00,יח',false,,9.90,9.9000,true,1,6794954
9000101536560,false,פרסיל פאוור קפסולות 70 יח,הנקל סוד,RS,פרסיל פאוור קפסולות,יחידה,0.00,יחידה,false,,69.90,0.0000,true,1,6872963
9000101537550,false,פרסיל קאפסולות לכביסה לבנה וצבעונית 52 יח',הנקל סוד,HU,פרסיל פאוור קאפס 52,יח',1.00,יח',false,,59.90,59.9000,true,1,6838560
9000101537581,false,פרסיל קאפסולות לכביסה צבעונית 52 יחידו,הנקל סוד,IL,פרסיל פאוור קאפס 52,יח',1.00,יח',false,,59.90,59.9000,true,1,6838561
9000133236735,false,כדורי גבינה מותכת 29% מכבי 5*20 גרם,"רופ בע""מ",AT,כדורי גבינה מותכת 29,גרמים,100.00,100 גרם,false,,22.90,0.2290,true,1,1038825
9000133236926,false,גבינה מיני קרים למריחה 33% מכבי 6*20 גרם,"רופ בע""מ",AT,גבינה מיני קרים למרי,גרמים,120.00,100 גרם,false,,19.90,0.1658,true,1,1038826
9000133251752,false,גבינה למריחה בטעם מו,,,גבינה למריחה בטעם מו,יח',1.00,יח',false,,19.90,19.9000,true,1,1038828
9001616202155,false,מוצץ לתינוק אולטי סיליקון ללא ביספנול 16+ מאם,מאם Mam,AT,מוצץ לתינוק אולטי סי,יח',1.00,יח',false,,32.80,32.8000,true,1,1025831
9001616203305,false,זוג פטמות X לבקבוק 6+ חודשים,מאם Mam,AT,פטמה לבקבוק איקס 6+,יח',1.00,יח',false,,24.90,24.9000,true,1,1025839
9001616203350,false,מאם זוג פטמות מס 1 זרימה איטית,General,,פטמה לבקבוק שלב 1 מא,יח',1.00,יח',false,,28.90,28.9000,true,1,1025842
9001616205781,false,מאם מוצצים סיליקון 6+ אנימלס כחול,אלפא,AT,זוג מוצצי ננו סיליקו,יח',1.00,יח',false,,32.80,32.8000,true,1,1025847
9001616661099,false,"בקבוק לתינוק 270 מ""ל 2+ חודשים Easy Active",מאם Mam,AT,בקבוק לתינוק שלב 2 מ,יח',1.00,יח',false,,32.80,32.8000,true,1,1025849
9001616702716,false,זוג מוצצים סיליקון זוהרים בלילה מאמ +6 ורוד,General,AT,זוג מוצצים סיליקון ז,יח',1.00,יח',false,,32.80,32.8000,true,1,5469826
9001616702952,false,מאם בקבוק אנטי קוליק 320 מל ירוק,אלפא,AT,בקבוק לתינוק אנטי קו,יח',1.00,יח',false,,32.80,32.8000,true,1,5469901
9001616702969,false,"בקבוק תינוק 270 מ""ל סגול",General,AT,בקבוק לתינוק מאם 270,יח',1.00,יח',false,,32.80,32.8000,true,1,5469954
9001616702976,false,"בקבוק לתינוק מאם 270 מ""ל",General,AT,בקבוק לתינוק מאם 270,יח',1.00,יח',false,,32.80,32.8000,true,1,5469955
9001616703027,false,בקבוק האכלה לתינוק מ,General,,בקבוק לתינוק מאמ 330,יח',1.00,יח',false,,32.80,32.8000,true,1,5469959
9001616813856,false,מוצצי +6 יום לילה מארז שלישיה,מאמ,AT,מאמ מוצצים אריזת שלי,יחידה,0.00,יחידה,false,,34.90,0.0000,true,1,6866046
9001616820687,false,זוג מוצצי סיליקון לילה 6+ורוד מאט,אלפא,AT,זוג מוצצים בגוון מאט,יח',1.00,יח',false,,32.80,32.8000,true,1,6849909
9002975393812,false,סוכריות גילי הריבו האפי צירי 70 גרם,,AT,הריבו האפי צ'רי 70 ג,גרמים,70.00,100 גרם,false,,6.70,0.0957,true,1,6920981
9002975393829,false,סוכריות גילי הריבו פיציס 70 גרם,,AT,הריבו סוכריות גומי א,גרמים,70.00,100 גרם,false,,6.70,0.0957,true,1,6920982
9002975393850,false,סוכריות גילי הריבו וורמס 70 גרם,"האריבו , ג'י.אם.בי.א",AT,הריבו סוכריות וורמס,גרמים,70.00,100 גרם,false,,6.70,0.0957,true,1,6807281
9003400393032,false,"פחית בירה הל שטיגל 500 מ""ל",,AT,בירה שטיגל הל 500 מל,מטרים,500.00,100 מ'ל,false,,8.50,0.0170,true,1,6863278
9005835312626,false,קלרו 50 טבליות למדיח ללא פוספטים,יעקובי,AT,קלרו טבליות למדיח 50,יח',1.00,יח',false,,47.90,47.9000,true,1,6471919
9005835312732,false,"קלרו נוזל הברקה למדיח כלים 500 מ""ל CLARO",יעקובי,AT,נוזל הברקה למדיח,יח',1.00,יח',false,,13.90,13.9000,true,1,6471922
9005835313609,false,קלרו טבליות למדיח כלים 15 יחידות CLARO,קלרו,AT,קלרו טבליות למדיח 15,גרמים,300.00,100 גרם,false,,9.90,0.0330,true,1,6797601
9008700148146,false,נקטר ליצי 1 ליטר ראוך,Rauch fruchtsafte gm,HU,נקטר ליצי 1ל,ליטרים,1.00,ליטר,false,,11.10,11.1000,true,1,5767081
9044400822320,false,מארז פז בובה + 10 סוכריות 85 גר,פז פרודוקשיין,GB,סוכריות פז שקית 1+10,יח',1.00,יח',false,,13.90,13.9000,true,1,1039031
9044400826861,false,סוכריות פז בטעם בננה אגס אסיאתי 68 גר,פז פרודקשיין יורו,AT,סוכריות פז טעם בננה,יח',1.00,יח',false,,7.50,7.5000,true,1,6759204
9044400851672,false,סוכריות פז סוגים שונים + 3 מילויים,פז פרודקשיין יורו,HU,סוכריות פז סוגים שונ,יח',1.00,יח',false,,10.70,10.7000,true,1,6855663
9120025834723,false,חטיף אוראו מצונן 120 גרם רבנות,בובארד איטליה אס.פי.,IT,חטיף אוראו מצונן 128,גרמים,128.00,100 גרם,false,,14.50,0.1133,true,1,6893931
9120025839896,false,חטיף מילקה מצונן 128 גרם,בובארד איטליה אס.פי.,IT,חטיף מילקה מצונן 128,גרמים,128.00,100 גרם,false,,14.50,0.1133,true,1,6894423
9272345678072,false,מצע גמיש רב שימושי,,,מצע גמיש רב שימושי,יחידה,0.00,יחידה,false,,9.90,0.0000,true,1,6904975
9310072028743,false,טים טם ביסקוויט במילוי שוקולד 200 גרם,"ארנוטס ביסקוויטס בע""",AU,טים טם ביסקוויט במיל,גרמים,200.00,100 גרם,false,,19.80,0.0990,true,1,1425427
9310072028750,false,טים טם Tim Tam וופל שוקולד ציפוי כפול,"ארנוטס ביסקוויטס בע""",AU,טים טם ביסקוויט שוקו,גרמים,200.00,100 גרם,false,,19.80,0.0990,true,1,1308615
9310088007015,false,דיפנד תחבושות אוברנייט בלילה,חוגלה קימברלי,VN,תחבושות לילה פויז 8,יח',8.00,יח',false,,16.90,2.1125,true,1,1029796
9322969000015,false,פריכיות תירס בטעם אורגינל ריל פודס 150 ג',אף.סי תבליני בגליל ב,AU,פריכיות תירס - 150ג' בטעם,גרמים,150.00,100 גרם,false,,11.90,0.0793,true,1,1047524
9322969000022,false,"ריל פוד פריכיות תירס עם סויה וזרעי פשתן, ללא גלוטן 150 גרם",אף.סי תבליני בגליל ב,AU,פריכיות תירס - 150ג' עם ס,גרמים,150.00,100 גרם,false,,11.90,0.0793,true,1,1047525
9322969000039,false,פריכיות תירס 150 גרם עם 5 סוגי דגנים,,AU,פריכיות תירס 150 גרם,גרמים,150.00,100 גרם,false,,11.90,0.0793,true,1,5482078
9322969000046,false,פריכיות תירס שומשום אורגני ריל פודס 150 ג',אף.סי תבליני בגליל ב,AU,פריכיות תירס אורגניות - 1,גרמים,150.00,100 גרם,false,,11.90,0.0793,true,1,1047526
9322969000053,false,פריכיות אורז מלא ריל פוד 150 גר,סנו מפעלי ברונוס.,IT,פריכיות אורז חום מלא,גרמים,150.00,100 גרם,false,,11.90,0.0793,true,1,6819644
9330344004473,false,סכין גילוח שיק היידרו סילק חד פעמי 2 יח,"אם החיטה בע""מ",CN,שיק היידרו סילק חד פ,יח',1.00,יח',false,,26.90,26.9000,true,1,6685893
9720188050109,false,ממרח על בסיס סויה בסגנון גבינה טופוטי 225 גרם,טופוטי ברנדס אינק.ג',IL,ממרח על בסיס סויה בס,גרמים,225.00,100 גרם,false,,19.90,0.0884,true,1,1012876
9720188060108,false,ממרח על בסיס סויה בסגון שמנת טופוטי 340 גרם,טופוטי ברנדס אינק.ג',IL,ממרח על בסיס סויה בס,גרמים,340.00,100 גרם,false,,18.80,0.0553,true,1,1012878
9771565025005,false,עיתון מעריב סוף השבוע,,,מעריב שישי,יח',1.00,יח',false,,6.00,6.0000,true,1,1148360
9771565039125,false,עיתון לאישה יום ב,ידיעות אחרונות,,עיתון לאישה,יח',1.00,יח',false,,21.90,21.9000,true,1,1017412
9771565051066,false,עיתון ידיעות אחרונות,ידיעות אחרונות,,עיתון ידיעות אחרונות,יח',1.00,יח',false,,12.00,12.0000,true,1,1017423
9771565192431,false,עיתון מנטה יום ג`,,,עיתון מנטה,יח',1.00,יח',false,,28.00,28.0000,true,1,1017429
9843022871019,false,נר הבדלה דונג,,,נר הבדלה דונג,יח',1.00,יח',false,,8.90,8.9000,true,1,6524028
9843022871132,false,נר הבדלה מעמד,,,נר הבדלה מעמד,יח',1.00,יח',false,,17.90,17.9000,true,1,6393446
9843022871156,false,נר הבדלה פרמידה,,,נר הבדלה פרמידה,יח',1.00,יח',false,,17.90,17.9000,true,1,6393447
9843022871170,false,נר הבדלה פמוט אבוקה,,,נר הבדלה פמוט אבוקה,יח',1.00,יח',false,,29.90,29.9000,true,1,6732646
9843022871972,false,מארז 6 כוסיות לנרונים ללא רגל,,,מארז כוסיות בלי רגל,100 יח',72.00,100 יח',false,,9.90,0.1375,true,1,6815207
9999036214110,false,כיסוי הפלא של טפאל לקרש גיהוץ,,CN,כיסוי הפלא Tefal,יח',1.00,יח',false,,99.90,99.9000,true,1,1177950
