code,internal_code,name,manufacturer_name,manufacture_country,manufacturer_item_description,unit_qty,quantity,unit_of_measure,weighted,qty_in_package,price,unit_of_measure_price,allow_discount,status,item_id
602,false,שניצל עוף טרי,,,בצל יבש,Unknown,0.00,"ק""ג",true,0,4.90,4.90,true,1,
619,false,פלפל אדום,,,פלפל אדום,Unknown,0.00,"ק""ג",true,0,8.90,8.90,true,1,
678,false,נתח קצבים טרי,,,ברוקולי,Unknown,0.00,Unknown,false,1,12.90,12.90,true,1,
5942,false,"תפו""ע קריספי",,,"תפו""ע קריספי",Unknown,0.00,"ק""ג",true,0,19.90,19.90,true,1,
7335,false,צנון לבן,,,צנון לבן,Unknown,0.00,"ק""ג",true,0,6.90,6.90,true,1,
9966,false,משלוח אינטרנט,,,משלוח אינטרנט,Unknown,0.00,Unknown,false,1,29.90,29.90,true,1,
46020,false,גבינה צהובה גלבוע 22% במשקל תנובה,,,גבינה צהובה גלבוע-במ,Unknown,0.00,"ק""ג",true,0,42.58,42.58,true,1,
46549,false,קולאז מוצרלה 20% במשקל,,,קולאז מוצרלה,קילוגרמים,0.00,"ק""ג",true,0,90.00,90.00,true,1,
47034,false,קולאז רוקפור גליל במשקל-חריץ,,,קולאז רוקפור גליל,קילוגרמים,0.00,"ק""ג",true,0,145.00,145.00,true,1,
47485,false,"פיראוס בולגרית 24% בפח 3 ק""ג",,,בולגרית פיראוס 24%,Unknown,0.00,"ק""ג",true,0,65.00,65.00,true,1,
53219,false,גבינה חריץ טל העמק 32% במשקל,,,גבינה טל העמק 32%,Unknown,0.00,"ק""ג",true,0,65.00,65.00,true,1,
54766,false,מארז לחמניות,,,מארז גבטה,Unknown,0.00,Unknown,false,1,16.90,16.90,true,1,
56326,false,גבינה שוויצרית במשקל,,,גבינה שוויצרית במשקל,Unknown,0.00,"ק""ג",true,0,74.00,74.00,true,1,
90207,false,שום במשקל,,,שום במשקל,Unknown,0.00,"ק""ג",true,0,19.90,19.90,true,1,
304050,false,מסיכה כירורגית 1 יחידה,,,מסיכה כירורגית 1 יחי,Unknown,0.00,Unknown,false,1,0.50,0.50,true,1,
342776,false,שקית נייר,,,שקית נייר,Unknown,0.00,Unknown,false,1,1.00,1.00,true,1,
363462,false,סלמי מעושן איטלקי טירת צבי במשקל,,,סלמי מעושן איטלקי,Unknown,0.00,"ק""ג",true,0,75.00,75.00,true,1,
363486,false,נקניק תה טירת צבי במשקל,,,נקניק תה טירת צבי,Unknown,0.00,"ק""ג",true,0,55.00,55.00,true,1,
365107,false,כתף בקר מפולפל במשקל,,,כתף מפולפל,Unknown,0.00,"ק""ג",true,0,98.00,98.00,true,1,
365756,false,פסטרמה גחלים דל שומןטירת צבי,,,פסטרמה גחלים דל שומן,Unknown,0.00,"ק""ג",true,0,85.00,85.00,true,1,
365954,false,פסטרמה הודו גחלים טירת צבי,,,פסטרמה גחלים,Unknown,0.00,"ק""ג",true,0,85.00,85.00,true,1,
554655,false,מוצרלה נקניק מעושן במשקל,,,מוצרלה נקניק מעושן,Unknown,0.00,"ק""ג",true,0,92.00,92.00,true,1,
554792,false,בולגרית מעודנת 5% במשקל,,,בולגרית מעודנת 5%,Unknown,0.00,"ק""ג",true,0,64.00,64.00,true,1,
554815,false,מוצרלה טבעית במשקל,,,מוצרלה טבעית במשקל,Unknown,0.00,"ק""ג",true,0,88.00,88.00,true,1,
554921,false,גבינה ריקוטה 5% במשקל,,,גבינת ריקוטה,קילוגרמים,0.00,"ק""ג",true,0,64.00,64.00,true,1,
554969,false,גבינת שמנת 30% במשקל,,,גבינת שמנת 30% טבעי,Unknown,0.00,"ק""ג",true,0,49.00,49.00,true,1,
554976,false,גבינת שמנת 30% זיתים במשקל,,,גבינת שמנת 30% זיתים,קילוגרמים,0.00,"ק""ג",true,0,49.00,49.00,true,1,
554990,false,מוצרלה במים כדורים גדולים 18% במשקל,,,כדורי מוצרלה במשקל,Unknown,0.00,"ק""ג",true,0,101.00,101.00,true,1,
1101346,false,בוזנינה לבנה להב,,,בוזנינה לבנה,Unknown,0.00,"ק""ג",true,0,109.00,109.00,true,1,
1101407,false,נקניק לוביטלסקיה במשקל להב,,,פריזר לוביטלסקיה,Unknown,0.00,"ק""ג",true,0,85.00,85.00,true,1,
1101414,false,סינטה לבנה מעושנת-להב,,,סינטה לבנה מעושנת,Unknown,0.00,"ק""ג",true,0,105.00,105.00,true,1,
1101858,false,אודסקיה להב,,,אודסקיה,Unknown,0.00,"ק""ג",true,0,82.00,82.00,true,1,
1101865,false,פולקה איטלקי להב,,,פולקה איטלקי,Unknown,0.00,"ק""ג",true,0,95.00,95.00,true,1,
1191187,false,הרינג שלם בוואקום במשקל,,IL,הרינג שלם בוואקום במ,קילוגרמים,0.00,"ק""ג",true,0,32.00,32.00,true,1,
1258101,false,גאודה טבעית במשקל,,,גאודה טבעית במשקל,Unknown,0.00,"ק""ג",true,0,99.00,99.00,true,1,
1258118,false,גבינת קממברט-יעקבס,,,גבינת קממבר-יעקבס,Unknown,0.00,"ק""ג",true,0,95.00,95.00,true,1,
1258170,false,גבינת רוקפור צאן במשקל-יעקבס,,,גבינת רוקפור צאן במש,גרמים,0.00,"ק""ג",true,0,145.00,145.00,true,1,
1258422,false,קשקבל במשקל משק יעקבס,,,קשקבל במשקל משק יעקב,Unknown,0.00,"ק""ג",true,0,125.00,125.00,true,1,
1258453,false,קממבר בקר עם אגוזים במשקל,,,קממבר בקר עם אגוזים,קילוגרמים,0.00,"ק""ג",true,0,95.00,95.00,true,1,
1258590,false,מנצגו צאן במשקל משק יעקבס,,,מנצגו צאן במשקל משק,Unknown,0.00,"ק""ג",true,0,157.00,157.00,true,1,
1258989,false,קממברט בקר בייבי במשקל,,,קממבר בקר בייבי,Unknown,0.00,"ק""ג",true,0,95.00,95.00,true,1,
1356234,false,מקרל מעושן בוואקום,,,מקרל מעושן בוואקום,Unknown,0.00,"ק""ג",true,0,95.00,95.00,true,1,
1356418,false,פילה הרינג במשקל,,,פילה הרינג במשקל,Unknown,0.00,"ק""ג",true,0,59.00,59.00,true,1,
1356425,false,פילה מטיאס במשקל,,,פילה מטיאס במשקל,Unknown,0.00,"ק""ג",true,0,62.00,62.00,true,1,
1356470,false,מקרל פרוס בשמן,,,מקרל פרוס בשמן,Unknown,0.00,"ק""ג",true,0,115.00,115.00,true,1,
1356630,false,פילה הרינג כבוש במשקל,,,פילה הרינג כבוש במש,Unknown,0.00,"ק""ג",true,0,62.00,62.00,true,1,
1499115,false,סלמי דוקטורסקיה להב,,,פריזר דוקטורסקיה,Unknown,0.00,"ק""ג",true,0,85.00,85.00,true,1,
1499313,false,פסטרמה קוטלט מעושן להב,,,פסטרמה קוטלט מעושן,Unknown,0.00,"ק""ג",true,0,96.00,96.00,true,1,
1499689,false,פסטרמה צוואר מעושן להב,,,פסטרמה צוואר מעושן,Unknown,0.00,"ק""ג",true,0,120.00,120.00,true,1,
1989272,false,"איקרא לבנה/ אדומה 1 ק""ג",,,איקרא לבנה / אדומה,Unknown,0.00,"ק""ג",true,0,42.00,42.00,true,1,
2014522,false,איקרא לבנה/אדומה במשקל,,,איקרא לבנה/אדומה במש,Unknown,0.00,"ק""ג",true,0,40.00,40.00,true,1,
2073932,false,פסטרמה רוסט ריב עגל,,,פסטרמה רוסט ריב עגל,Unknown,0.00,"ק""ג",true,0,113.00,113.00,true,1,
2220675,false,גרנה פדנו איטלקית במשקל,,,גרנה פדנו איטלקית,Unknown,0.00,"ק""ג",true,0,142.00,142.00,true,1,
2345824,false,פרמזנו רגאנו מנות במשקל,,IT,פרמזנו רגאנו מנות במ,Unknown,0.00,"ק""ג",true,0,208.00,208.00,true,1,
2345879,false,פרמזנו רגאנו במשקל,,IT,פרמזנו רגאנו במשקל,Unknown,0.00,"ק""ג",true,0,173.00,173.00,true,1,
2385455,false,בולגרית מעודנת 24% גד במשקל,,,בולגרית מעודנת 24% ג,Unknown,0.00,"ק""ג",true,0,63.00,63.00,true,1,
2400509,false,פילה עגל סקין פריים,,IL,פילה עגל סקין פריים,Unknown,0.00,"ק""ג",true,0,254.90,254.90,true,1,
2400554,false,טיבון טלה סקין פריים,,IL,טיבון טלה סקין פריים,Unknown,0.00,"ק""ג",true,0,144.90,144.90,true,1,
2408413,false,גאודה כמהין במשקל,,,גאודה כמהין במשקל,Unknown,0.00,"ק""ג",true,0,157.00,157.00,true,1,
2408437,false,גאודה עיזים כמהין במשקל,,,גאודה עיזים כמהין במ,Unknown,0.00,"ק""ג",true,0,199.00,199.00,true,1,
2511137,false,פטה עיזים 20% במשקל,,,פטה עיזים 20% במשקל,Unknown,0.00,"ק""ג",true,0,105.00,105.00,true,1,
2511236,false,גבינה בולגרית מעודנת 5% במשקל,,,גבינה בולגרית מעודנת,גרמים,0.00,"ק""ג",true,0,50.00,50.00,true,1,
2511281,false,ברינזה צאן במשקל,,,ברינזה צאן במשקל,Unknown,0.00,"ק""ג",true,0,80.00,80.00,true,1,
2511427,false,אצבעות שוקלד וניל במשקל,,,אצבעות שוקלד וניל במ,Unknown,0.00,"ק""ג",true,0,70.00,70.00,true,1,
2596448,false,חזה בקר כבוש קורנביף קפוא במשקל,,,חזה בקר כבוש קורנביף,Unknown,0.00,"ק""ג",true,0,66.00,66.00,true,1,
2617471,false,גבינת צדר אנגלית מיושנת במשקל,,,גבינת צדר אנגלית,Unknown,0.00,"ק""ג",true,0,126.00,126.00,true,1,
2617488,false,גבינת צדר אנגלית מיושנת במשקל,,,גבינת צדר אנגלית,Unknown,0.00,"ק""ג",true,0,120.00,120.00,true,1,
2617495,false,גבינת צדר אנגלית עם וויסקי במשקל,,,גבינת צדר אנגלית,Unknown,0.00,"ק""ג",true,0,159.00,159.00,true,1,
2617501,false,גבינת צדר עם חמוציות במשקל,,,גבינת צדר עם חמוציות,Unknown,0.00,"ק""ג",true,0,166.00,166.00,true,1,
2749899,false,פילה לבן טרי,,,פילה לבן טרי,Unknown,0.00,"ק""ג",true,0,84.90,84.90,true,1,
2812530,false,גאודה הולנדי עשבי תיבול במשקל,,,גאודה עשבי תיבול,Unknown,0.00,"ק""ג",true,0,102.00,102.00,true,1,
2837046,false,גבינת קרלובסקי במשקל,,,גבינת קרלובסקי במשקל,Unknown,0.00,"ק""ג",true,0,85.00,85.00,true,1,
2837121,false,גבינת פושיחונסקי במשקל,,,גבינת פושיחונסקי במש,Unknown,0.00,"ק""ג",true,0,79.00,79.00,true,1,
2859512,false,חזה אווז קפוא בלדי,,,חזה אווז קפוא,Unknown,0.00,"ק""ג",true,0,179.00,179.00,true,1,
3018345,false,נקניק דוקטורסקיה במשקל דימוב,,,נקניק דוקטורסקיה,Unknown,0.00,"ק""ג",true,0,85.00,85.00,true,1,
3018352,false,סלמי מולוצניה דימוב,,,פריזר מולוצניה,Unknown,0.00,"ק""ג",true,0,85.00,85.00,true,1,
3018437,false,נקניק ויטצינה במשקל דימוב,,,נקניק ויטצינה,Unknown,0.00,"ק""ג",true,0,89.00,89.00,true,1,
3018680,false,נקניק קרקובסקיה דימוב,,,נקניק קרקובסקיה,Unknown,0.00,"ק""ג",true,0,109.00,109.00,true,1,
3018697,false,נקניק בליקובה דימוב,,,נקניק בליקובה,Unknown,0.00,"ק""ג",true,0,104.00,104.00,true,1,
3018703,false,סלמי פינסקיה דימוב,,,סלמי פינסקיה,Unknown,0.00,"ק""ג",true,0,105.00,105.00,true,1,
3024940,false,שרימפס טרי,,,שרימפס טרי,Unknown,0.00,"ק""ג",true,0,149.90,149.90,true,1,
3189274,false,צהובה מעושנת במשקל,,,צהובה מעושנת במשקל,קילוגרמים,0.00,"ק""ג",true,0,40.00,40.00,true,1,
3345397,false,באס טרי 500/600,,,באס טרי 500-600 נטו,Unknown,0.00,"ק""ג",true,0,54.90,54.90,true,1,
3345731,false,כרעיים ללא עור ושומן,,,כרעיים ללא עור ושומן,Unknown,0.00,"ק""ג",true,0,27.90,27.90,true,1,
3464562,false,סטייק סינטה עגל טרי,,,סטייק סינטה עגל,Unknown,0.00,"ק""ג",true,0,104.90,104.90,true,1,
3648009,false,מקרלית מעושנת בואקום,,,מקרלית בואקום במשקל,Unknown,0.00,"ק""ג",true,0,115.00,115.00,true,1,
3648016,false,מקרל בואקום במשקל,,,מקרל בואקום במשקל,Unknown,0.00,"ק""ג",true,0,95.00,95.00,true,1,
3800001,false,כנפיים טרי לוקס,,,כנפיים טרי לוקס,Unknown,0.00,"ק""ג",true,0,21.90,21.90,true,1,
3800513,false,פילה עוף טרי,,,פילה עוף טרי,Unknown,0.00,"ק""ג",true,0,39.90,39.90,true,1,
4050191,false,נקניק סלמי הונגרי,,,נקניק סלמי הונגרי,Unknown,0.00,"ק""ג",true,0,175.00,175.00,true,1,
4050283,false,פפרוני עגל במשקל,,,פפרוני עגל במשקל,Unknown,0.00,"ק""ג",true,0,165.00,165.00,true,1,
4050443,false,בייקון במשקל,,,בייקון במשקל,Unknown,0.00,"ק""ג",true,0,200.00,200.00,true,1,
4050559,false,מורטדלה איטלקית זיתים מזרע,,,מורטדלה איטלקית זיתי,Unknown,0.00,"ק""ג",true,0,66.00,66.00,true,1,
4050597,false,פרושוטו,,,פרושוטו,Unknown,0.00,"ק""ג",true,0,312.00,312.00,true,1,
4050801,false,לשון בקר איטלקי,,,לשון בקר איטלקי,Unknown,0.00,"ק""ג",true,0,135.00,135.00,true,1,
4050894,false,נקניק סלמי כפרי,,,נקניק סלמי כפרי,Unknown,0.00,"ק""ג",true,0,175.00,175.00,true,1,
4051082,false,קורנביף במשקל,,,קורנביף במשקל,Unknown,0.00,"ק""ג",true,0,120.00,120.00,true,1,
4051174,false,סרוולט אוסטרי במשקל,,,סרוולט אוסטרי,Unknown,0.00,"ק""ג",true,0,175.00,175.00,true,1,
4051204,false,פסטרמה הודו עם אווז,,,פסטרמה הודו עם אווז,Unknown,0.00,"ק""ג",true,0,135.00,135.00,true,1,
4051402,false,צוואר מעושן במשקל,,,צוואר מעושן במשקל,Unknown,0.00,"ק""ג",true,0,170.00,170.00,true,1,
4051464,false,נקניק סלמי מילאנו,,,נקניק סלמי מילאנו,Unknown,0.00,"ק""ג",true,0,155.00,155.00,true,1,
4051495,false,בוזנינה כפרית במשקל,,,בוזנינה כפרית במשקל,Unknown,0.00,"ק""ג",true,0,170.00,170.00,true,1,
4051563,false,נקניק סלמי צרפתי,,,נקניק סלמי צרפתי,Unknown,0.00,"ק""ג",true,0,175.00,175.00,true,1,
4051785,false,מורטדלה איטלקית,,,מורטדלה איטלקית,Unknown,0.00,"ק""ג",true,0,70.00,70.00,true,1,
4052065,false,גרודינקה בייקון,,,גרודינקה בייקון,Unknown,0.00,"ק""ג",true,0,220.00,220.00,true,1,
4052072,false,סלה דומשניה,,,סלה דומשניה,Unknown,0.00,"ק""ג",true,0,105.00,105.00,true,1,
4052188,false,חזה הודו מעושן בגריל במשקל,,,חזה הודו מעושן בגריל,Unknown,0.00,"ק""ג",true,0,80.00,80.00,true,1,
4052386,false,פסטרמה אסאדו לבן במשקל,,,פסטרמה אסאדו לבן במש,Unknown,0.00,"ק""ג",true,0,140.00,140.00,true,1,
4052577,false,שווארמה הודו צועני במשקל,,,שווארמה הודו צועני,Unknown,0.00,"ק""ג",true,0,125.00,125.00,true,1,
4052652,false,רו בייקון במשקל,,,רו בייקון במשקל,Unknown,0.00,"ק""ג",true,0,260.00,260.00,true,1,
4052799,false,פסטרמה לבנה,,,פסטרמה לבנה,Unknown,0.00,"ק""ג",true,0,120.00,120.00,true,1,
4052966,false,נקניק תה רחב במשקל,,,נקניק תה במשקל,Unknown,0.00,"ק""ג",true,0,65.00,65.00,true,1,
4052973,false,רוסטביף ללא חומר משמר במשקל,,,רוסטביף,Unknown,0.00,"ק""ג",true,0,195.00,195.00,true,1,
4053000,false,נקניק רו סרוולט,,,נקניק רו סרוולט,Unknown,0.00,"ק""ג",true,0,165.00,165.00,true,1,
4053017,false,נקניק סלמי הרץ מזרע,,,נקניק סלמי הרץ מזרע,Unknown,0.00,"ק""ג",true,0,152.00,152.00,true,1,
4053024,false,נקניק פפרוני,,,נקניק פפרוני,Unknown,0.00,"ק""ג",true,0,165.00,165.00,true,1,
4053161,false,נקניק רוסקי סרוולט,,,נקניק רוסקי סרוולט,Unknown,0.00,"ק""ג",true,0,165.00,165.00,true,1,
4053215,false,פסטרמה על האש,,,פסטרמה על האש,Unknown,0.00,"ק""ג",true,0,139.00,139.00,true,1,
4053710,false,פסטרמה חזה הודו מקסיקני,,,פסטרמה חזה הודו,Unknown,0.00,"ק""ג",true,0,80.00,80.00,true,1,
4054014,false,שינקן מעושן במשקל,,,שינקן מעושן במשקל,Unknown,0.00,"ק""ג",true,0,130.00,130.00,true,1,
4054021,false,שינקן פולני פולני חצי במשקל,,,שינקן פולני במשקל,Unknown,0.00,"ק""ג",true,0,120.00,120.00,true,1,
4054366,false,סלמי מוסקובסקי סרוולט,,,מוסקובסקי סרוולד,Unknown,0.00,"ק""ג",true,0,160.00,160.00,true,1,
4054397,false,פרושוטו רוסי,,,פרושוטו רוסי,Unknown,0.00,"ק""ג",true,0,215.00,215.00,true,1,
4054427,false,שוק חזירון בלי עצם,,,פסטרמה שוק חזירון,Unknown,0.00,"ק""ג",true,0,110.00,110.00,true,1,
4054434,false,וצינה מוסקובסקיה,,,וצינה מוסקובסקיה,Unknown,0.00,"ק""ג",true,0,150.00,150.00,true,1,
4054953,false,סרוולט איטלקי,,,סרוולט איטלקי,Unknown,0.00,"ק""ג",true,0,115.00,115.00,true,1,
4054960,false,נקניק סבינייה,,,נקניק סבינייה,Unknown,0.00,"ק""ג",true,0,190.00,190.00,true,1,
4055479,false,פסטרמה בקר בפלפל,,,פסטרמה בקר בפלפל,Unknown,0.00,"ק""ג",true,0,125.00,125.00,true,1,
4055608,false,פריזר איטלקי,,,פריזר איטלקי,Unknown,0.00,"ק""ג",true,0,62.00,62.00,true,1,
4055615,false,פריזר עגל,,,פריזר עגל,Unknown,0.00,"ק""ג",true,0,45.00,45.00,true,1,
4055769,false,נקניק לוביטליסקיה,,,נקניק לוביטליסקיה,Unknown,0.00,"ק""ג",true,0,105.00,105.00,true,1,
4055813,false,נקניק טורו מבשר בקר,,,נקניק טורו מבשר בקר,Unknown,0.00,"ק""ג",true,0,135.00,135.00,true,1,
4055943,false,לקס עגל,,,לקס עגל,Unknown,0.00,"ק""ג",true,0,220.00,220.00,true,1,
4128401,false,פטה פיראוס 20% במשקל,,,פטה פיראוס 20% במשקל,Unknown,0.00,"ק""ג",true,0,130.00,130.00,true,1,
4135324,false,בולגרית פיראוס מעודנת 5% במשקל,,,בולגרית פיראוס מעודנ,Unknown,0.00,"ק""ג",true,0,52.00,52.00,true,1,
4137137,false,טוסטי בתפזורת במשקל,,,טוסטי בתפזורת במשקל,Unknown,0.00,"ק""ג",true,0,40.00,40.00,true,1,
4234256,false,ברווז קפוא,,,ברווז קפוא,Unknown,0.00,"ק""ג",true,0,54.90,54.90,true,1,
4244644,false,סלמון 1.1-1.4 קפוא ללא עור,,CL,סלמון 1.1-1.4 קפוא ל,Unknown,0.00,"ק""ג",true,0,79.90,79.90,true,1,
4412043,false,אגס בוסק,,,אגס בוסק,Unknown,0.00,"ק""ג",true,0,18.90,18.90,true,1,
4412135,false,לוף,,,לוף,Unknown,0.00,"ק""ג",true,0,19.90,19.90,true,1,
4412166,false,אשכולית אדומה,,,אשכולית אדומה,Unknown,0.00,"ק""ג",true,0,8.90,8.90,true,1,
4412210,false,זנגביל,,,זנגביל,Unknown,0.00,"ק""ג",true,0,24.90,24.90,true,1,
4412227,false,"תפו""א אדום",,,תפוא אדום,Unknown,0.00,"ק""ג",true,0,4.90,4.90,true,1,
4412319,false,בטטה,,,בטטה,Unknown,0.00,"ק""ג",true,0,9.90,9.90,true,1,
4412340,false,קלמנטינה,,,קלמנטינה,Unknown,0.00,"ק""ג",true,0,8.90,8.90,true,1,
4412357,false,רימון,,,רימון,Unknown,0.00,"ק""ג",true,0,10.90,10.90,true,1,
4412388,false,שומר,,,שומר,Unknown,0.00,"ק""ג",true,0,7.90,7.90,true,1,
4412395,false,תפוז ברשת,,,תפוז ברשת,Unknown,0.00,"ק""ג",true,0,9.90,9.90,true,1,
4412418,false,קיווי,,,קיווי,Unknown,0.00,"ק""ג",true,0,18.90,18.90,true,1,
4412425,false,גויבות,,,גויבות,Unknown,0.00,"ק""ג",true,0,19.90,19.90,true,1,
4412432,false,תפוזים,,,תפוזים,Unknown,0.00,"ק""ג",true,0,7.90,7.90,true,1,
4412456,false,"תפו""ע חרמון",,,תפוע חרמון,Unknown,0.00,"ק""ג",true,0,12.90,12.90,true,1,
4412463,false,"תפו""ע מוזהב",,,תפוע מוזהב,Unknown,0.00,"ק""ג",true,0,12.90,12.90,true,1,
4412470,false,"תפו""ע סמיט",,,תפוע סמיט,Unknown,0.00,"ק""ג",true,0,12.90,12.90,true,1,
4412487,false,שזיף אדום,,,שזיף אדום,Unknown,0.00,"ק""ג",true,0,18.90,18.90,true,1,
4412500,false,בצל אדום,,,בצל אדום,Unknown,0.00,"ק""ג",true,0,8.90,8.90,true,1,
4412524,false,פומלית,,,פומלית,Unknown,0.00,"ק""ג",true,0,8.90,8.90,true,1,
4412531,false,ענבים ירוקים,,,ענבים ירוקים,Unknown,0.00,"ק""ג",true,0,28.90,28.90,true,1,
4412548,false,ענבים שחורים,,,ענבים שחורים,Unknown,0.00,"ק""ג",true,0,29.90,29.90,true,1,
4412586,false,לימון,,,לימון,Unknown,0.00,"ק""ג",true,0,8.90,8.90,true,1,
4412616,false,בננות,,,בננות,Unknown,0.00,"ק""ג",true,0,7.90,7.90,true,1,
4412623,false,אגסים,,,אגסים,Unknown,0.00,"ק""ג",true,0,13.90,13.90,true,1,
4412630,false,אשכוליות,,,אשכוליות,Unknown,0.00,"ק""ג",true,0,8.90,8.90,true,1,
4412647,false,אבוקדו,,,אבוקדו,Unknown,0.00,"ק""ג",true,0,14.90,14.90,true,1,
4412654,false,אפרסמון,,,אפרסמון,Unknown,0.00,"ק""ג",true,0,17.90,17.90,true,1,
4412678,false,"תפו""א לבן",,,תפוא לבן,Unknown,0.00,"ק""ג",true,0,4.90,4.90,true,1,
4412685,false,פומלה,,,פומלה,Unknown,0.00,"ק""ג",true,0,9.90,9.90,true,1,
4412708,false,קולרבי,,,קולורבי,Unknown,0.00,"ק""ג",true,0,7.90,7.90,true,1,
4412715,false,קשואים,,,קישואים,Unknown,0.00,"ק""ג",true,0,7.90,7.90,true,1,
4412722,false,פרסה,,,פרסה,Unknown,0.00,"ק""ג",true,0,19.90,19.90,true,1,
4412746,false,פלפל חריף,,,פלפל חריף,Unknown,0.00,"ק""ג",true,0,7.90,7.90,true,1,
4412760,false,פלפל ירוק,,,פלפל ירוק,Unknown,0.00,"ק""ג",true,0,8.90,8.90,true,1,
4412777,false,פלפל צהוב,,,פלפל צהוב,Unknown,0.00,"ק""ג",true,0,9.90,9.90,true,1,
4412784,false,עגבניות,,,עגבניות,Unknown,0.00,"ק""ג",true,0,8.90,8.90,true,1,
4412791,false,סלק,,,סלק,Unknown,0.00,"ק""ג",true,0,4.90,4.90,true,1,
4412814,false,מלפפונים,,,מלפפונים,Unknown,0.00,"ק""ג",true,0,5.90,5.90,true,1,
4412821,false,לפת,,,לפת,Unknown,0.00,"ק""ג",true,0,7.90,7.90,true,1,
4412838,false,כרובית,,,כרובית,Unknown,0.00,"ק""ג",true,0,13.90,13.90,true,1,
4412845,false,כרוב אדום,,,כרוב אדום,Unknown,0.00,"ק""ג",true,0,5.90,5.90,true,1,
4412852,false,כרוב לבן,,,כרוב לבן,Unknown,0.00,"ק""ג",true,0,3.90,3.90,true,1,
4412869,false,חצילים,,,חצילים,Unknown,0.00,"ק""ג",true,0,5.90,5.90,true,1,
4412876,false,דלעת,,,דלעת,Unknown,0.00,"ק""ג",true,0,8.90,8.90,true,1,
4412883,false,גזר,,,גזר,Unknown,0.00,"ק""ג",true,0,4.90,4.90,true,1,
4412913,false,דלורית,,,דלורית,Unknown,0.00,"ק""ג",true,0,9.90,9.90,true,1,
4412999,false,קישוא זוקיני צהוב,,,קישוא זוקיני צהוב,Unknown,0.00,"ק""ג",true,0,14.90,14.90,true,1,
4467180,false,שניצל עוף דק דק שירות עצמי,,,שניצל עוף דק דק,Unknown,0.00,"ק""ג",true,0,48.90,48.90,true,1,
4485252,false,שוקיים עוף טרי במגש משק ארצי,,,שוקיים עוף טרי,Unknown,0.00,"ק""ג",true,0,49.90,49.90,true,1,
4530044,false,אמנטל צרפתי במשקל,,,אמנטל צרפתי במשקל,Unknown,0.00,"ק""ג",true,0,115.00,115.00,true,1,
4725600,false,גבינה צהובה סקנדינבית 31% במשקל,,,גבינה צהובה סקנדינבי,Unknown,0.00,"ק""ג",true,0,90.00,90.00,true,1,
4861025,false,גבינה בולגרית 5%,,,גבינה בולגרית 5%,Unknown,0.00,"ק""ג",true,0,50.00,50.00,true,1,
4861285,false,טבורוג טבעי 9%,,,טבורוג טבעי 9%,Unknown,0.00,"ק""ג",true,0,39.00,39.00,true,1,
4861315,false,לבנה טבעי 5% שמן זית וזעתר,,,לבנה טבעי 5% שמן זית,Unknown,0.00,"ק""ג",true,0,48.00,48.00,true,1,
4982393,false,ברס בלו במשקל,,,ברס בלו במשקל,Unknown,0.00,"ק""ג",true,0,194.00,194.00,true,1,
5079412,false,גבינה אמנטל נעם במשקל,,,גבינה אמנטל נעם במשק,Unknown,0.00,"ק""ג",true,0,68.00,68.00,true,1,
5678011,false,ענבים טומפוסון ללא חרצנים,,,ענבים טומפוסון ללא ח,Unknown,0.00,"ק""ג",true,0,16.90,16.90,true,1,
5678400,false,ענבים ראד גלוב חרצנים,,,ענבים ראד גלוב חרצני,Unknown,0.00,"ק""ג",true,0,22.90,22.90,true,1,
5697166,false,קממבר עיזים במשקל גלילי,,,קממבר עיזים גלילי,Unknown,0.00,"ק""ג",true,0,170.00,170.00,true,1,
5697210,false,גבינת סנט מור במשקל גלילי,,,גבינת סנט מור במשקל,Unknown,0.00,"ק""ג",true,0,195.00,195.00,true,1,
5697289,false,תום מורבייה עיזים מנות שקיל,,,תום מורבייה עיזים,Unknown,0.00,"ק""ג",true,0,220.00,220.00,true,1,
5697296,false,תום עיזים בורדו מנות שקיל,,,תום עיזים בורדו מנות,Unknown,0.00,"ק""ג",true,0,248.00,248.00,true,1,
5697326,false,פיקורינו מנות שקיל,,,פיקורינו מנות שקיל,Unknown,0.00,"ק""ג",true,0,220.00,220.00,true,1,
5992858,false,פטה 5% מעודנת במשקל,,,פטה 5% מעודנת במשקל,Unknown,0.00,"ק""ג",true,0,127.00,127.00,true,1,
5992872,false,צפתית במים 5% במשקל,,,צפתית 5% במשקל,Unknown,0.00,"ק""ג",true,0,67.00,67.00,true,1,
5992889,false,גבינת שמנת 30% שמיר,,,גבינת שמנת 30% שמיר,קילוגרמים,0.00,"ק""ג",true,0,49.00,49.00,true,1,
5992902,false,גבינת שמנת 30% ירקות,,,גבינת שמנת 30% ירקות,קילוגרמים,0.00,"ק""ג",true,0,49.00,49.00,true,1,
5992957,false,גבינת פטה עיזים 20% במשקל,,,גבינת פטה עיזים 20%,קילוגרמים,0.00,"ק""ג",true,0,149.00,149.00,true,1,
6186027,false,בשר לבן טרי טחון,,,בשר לבן טרי טחון,Unknown,0.00,"ק""ג",true,0,64.90,64.90,true,1,
6187260,false,סינטה לבן טרי מפורק,,,סינטה לבנה מפורקת,Unknown,0.00,"ק""ג",true,0,79.90,79.90,true,1,
6187451,false,סטייק צוואר לבן טרי,,,סטייק צוואר לבן טרי,Unknown,0.00,"ק""ג",true,0,84.90,84.90,true,1,
6187468,false,סטייק צלע לבן טרי,,,סטייק צלע לבן טרי,Unknown,0.00,"ק""ג",true,0,71.90,71.90,true,1,
6188663,false,חזה הודו ברביקיו דל שומן מזרע,,,חזה הודו דל שומן,Unknown,0.00,"ק""ג",true,0,80.00,80.00,true,1,
6188717,false,חזה הודו רומני דל שומן מזרע,,,חזה הודו רומני דל.ש,Unknown,0.00,"ק""ג",true,0,85.00,85.00,true,1,
6192370,false,פילה אמנון 90-110,,,פילה אמנון טרי,Unknown,0.00,"ק""ג",true,0,79.90,79.90,true,1,
6192387,false,שרימפס וסת,,,פילה נסיכת הנילוס,Unknown,0.00,"ק""ג",true,0,69.90,69.90,true,1,
6194190,false,קצוות נקניק,,,קצוות נקניק,Unknown,0.00,"ק""ג",true,0,33.00,33.00,true,1,
6195098,false,גבינת כדור אדם במשקל,,,גבינת כדור אדם במשקל,Unknown,0.00,"ק""ג",true,0,74.00,74.00,true,1,
6357571,false,סמוקרלה בסגנון שקיל,,,סמוקרלה בסגנון שקיל,Unknown,0.00,"ק""ג",true,0,84.00,84.00,true,1,
6519320,false,תחליף גבינה מעושנת במשקל GURMAN,,,גבינה אנלוגי מעושנת,Unknown,0.00,"ק""ג",true,0,70.00,70.00,true,1,
6519511,false,פריזר עוף מזרע,,,פריזר עוף,Unknown,0.00,"ק""ג",true,0,35.00,35.00,true,1,
6519566,false,פריזר אדום גדול,,,פריזר אדום גדול,Unknown,0.00,"ק""ג",true,0,59.00,59.00,true,1,
6519597,false,נקניק מוסקובסקיה חצי יבש מזרע,,,נקניק מוסקובסקיה,Unknown,0.00,"ק""ג",true,0,95.00,95.00,true,1,
6520340,false,שיפודי פרגיות טרי,,,שיפודי פרגיות טרי,Unknown,0.00,"ק""ג",true,0,69.90,69.90,true,1,
6520388,false,שניצל חזה עוף פרוס טרי,,,שניצל חזה עוף פרוס,Unknown,0.00,"ק""ג",true,0,39.90,39.90,true,1,
6520395,false,בשר עוף טרי טחון,,,בשר עוף טרי טחון,Unknown,0.00,"ק""ג",true,0,36.90,36.90,true,1,
6520463,false,עוף מחולק- טרי,,,עוף מחולק טרי,Unknown,0.00,"ק""ג",true,0,19.90,19.90,true,1,
6833778,false,דניס טרי 400-500 נטו,,,דניס טרי 400-500 נטו,Unknown,0.00,"ק""ג",true,0,69.90,69.90,true,1,
6833785,false,לברק טרי נטו,,,לברק טרי נטו,Unknown,0.00,"ק""ג",true,0,74.90,74.90,true,1,
6835147,false,פסטרמה לבנה רוסית בשום מזרע,,,פסטרמה לבנה רוסית,Unknown,0.00,"ק""ג",true,0,115.00,115.00,true,1,
6836052,false,פורל וורוד 500-600,,,פורל ורוד טרי,Unknown,0.00,"ק""ג",true,0,79.90,79.90,true,1,
6836908,false,פילה דניס 90-110,,,פילה דניס טרי,Unknown,0.00,"ק""ג",true,0,119.90,119.90,true,1,
6837004,false,גבינה מעורב במשקל,,,גבינה מעורב במשקל,Unknown,0.00,"ק""ג",true,0,43.00,43.00,true,1,
6837509,false,גבינת דנאבלו דנמרק במשקל,,,גבינת דנאבלו דנמרק,Unknown,0.00,"ק""ג",true,0,126.00,126.00,true,1,
6841124,false,פילה בורי 90-110,,,פילה בורי,Unknown,0.00,"ק""ג",true,0,94.90,94.90,true,1,
6841339,false,אמנון טרי 500/600,,,אמנון טרי,Unknown,0.00,"ק""ג",true,0,34.90,34.90,true,1,
6841711,false,סרטנים טרי,,,סרטנים טרי,Unknown,0.00,"ק""ג",true,0,79.90,79.90,true,1,
6842084,false,פילה באס 90-110,,,פילה באס טרי,Unknown,0.00,"ק""ג",true,0,119.90,119.90,true,1,
6842121,false,ברמונדי טרי 600-800,,,ברמונדי טרי,Unknown,0.00,"ק""ג",true,0,59.90,59.90,true,1,
6842152,false,פילה ברמונדי 90-110,,,פילה ברמונדי טרי,Unknown,0.00,"ק""ג",true,0,109.90,109.90,true,1,
6842527,false,פילה לברק 90-110,,,פילה לברק טרי,Unknown,0.00,"ק""ג",true,0,119.90,119.90,true,1,
6843371,false,ספריבס חזה לבן ללא עור טרי,,,ספריבס חזה לבן ללא ע,Unknown,0.00,"ק""ג",true,0,85.90,85.90,true,1,
6843944,false,עוף שלם טרי,,,עוף שלם טרי,Unknown,0.00,"ק""ג",true,0,17.90,17.90,true,1,
6843951,false,גרון/גב/עצמות עוף טרי,,,גרון/גב/עצמות עוף טר,Unknown,0.00,"ק""ג",true,0,9.90,9.90,true,1,
8175777,false,גבינת IBERICO מעורבת במשקל,,,גבינת IBERICO מעורבת,Unknown,0.00,"ק""ג",true,0,95.00,95.00,true,1,
8175906,false,גבינת עיזים במשקל,,,גבינת עיזים במשקל,Unknown,0.00,"ק""ג",true,0,125.00,125.00,true,1,
8286947,false,"פילה סלמון מנות ע""ע",,NO,"פילה סלמון מנות ע""ע",Unknown,0.00,"ק""ג",true,0,84.90,84.90,true,1,
8379502,false,חצו-טבורוג יבש במשקל,,,חצו-טבורוג יבש במשקל,Unknown,0.00,"ק""ג",true,0,32.00,32.00,true,1,
8403085,false,טום עיזים דה מונטן ב,,,טום עיזים דה מונטן ב,Unknown,0.00,"ק""ג",true,0,260.00,260.00,true,1,
8403788,false,פורמזה דה פינואה במשקל,,IT,פורמזה דה פינואה במש,Unknown,0.00,"ק""ג",true,0,170.00,170.00,true,1,
8433853,false,כתף בקר מעושן מזרע,,,כתף בקר מעושנת מזרע,Unknown,0.00,"ק""ג",true,0,130.00,130.00,true,1,
8434638,false,פרגיות עוף שווארמה טרי,,IL,פרגית קצרה/ שווארמה,Unknown,0.00,"ק""ג",true,0,59.90,59.90,true,1,
8434683,false,צדר אדום גרמני במשקל,,,צדר אדום גרמני במשקל,Unknown,0.00,"ק""ג",true,0,89.00,89.00,true,1,
8434799,false,צדר לבן גרמני במשקל,,,צדר לבן גרמני במשקל,Unknown,0.00,"ק""ג",true,0,95.00,95.00,true,1,
8435208,false,בורי טרי 600-700,,,בורי טרי נקי,Unknown,0.00,"ק""ג",true,0,39.90,39.90,true,1,
8438353,false,עצמות בקר,,,עצמות בקר,Unknown,0.00,"ק""ג",true,0,9.90,9.90,true,1,
8438667,false,פסטרמה כתף רומני מזרע,,,פסטרמה כתף רומני,Unknown,0.00,"ק""ג",true,0,120.00,120.00,true,1,
8439213,false,פסטרמה הודו פרפר על האש מזרע,,,פסטרמה הודו פרפר על,Unknown,0.00,"ק""ג",true,0,75.00,75.00,true,1,
8439510,false,פסטרמה הודו בדבש מזרע,,,פסטרמה הודו בדבש,Unknown,0.00,"ק""ג",true,0,70.00,70.00,true,1,
8439541,false,פסטרמה הודו על האש,,,פסטרמה הודו על האש,Unknown,0.00,"ק""ג",true,0,70.00,70.00,true,1,
8439572,false,פסטרמה הודו פרפר רומני מזרע,,,פסטרמה הודו פרפר,Unknown,0.00,"ק""ג",true,0,75.00,75.00,true,1,
8439787,false,פסטרמה לבנה רומנית מזרע,,,פסטרמה לבנה רומנית,Unknown,0.00,"ק""ג",true,0,120.00,120.00,true,1,
8440523,false,סטייק סינטה מופשר מיושן,,,סטייק סינטה מופשר,Unknown,0.00,"ק""ג",true,0,79.90,79.90,true,1,
8440851,false,ספריבס לבן טרי,,,ספריבס לבן טרי,Unknown,0.00,"ק""ג",true,0,119.90,119.90,true,1,
8441551,false,בייגלה פולני,,,סלמי בקר גרנדה,Unknown,0.00,"ק""ג",true,0,80.00,80.00,true,1,
8442350,false,גבינה מעושנת SNACKS במשקל,,,SNACKS גבינה אנלוגי,Unknown,0.00,"ק""ג",true,0,125.00,125.00,true,1,
8442374,false,סלמי פיין כפרית מזרע,,,סלמי פיין כפרית,Unknown,0.00,"ק""ג",true,0,95.00,95.00,true,1,
8442473,false,נקניק הרץ יבש מזרע,,,נקניק הרץ יבש,Unknown,0.00,"ק""ג",true,0,175.00,175.00,true,1,
8442602,false,נקניק פיקולו יבש,,,נקניק פיקולו יבש,Unknown,0.00,"ק""ג",true,0,152.00,152.00,true,1,
8442671,false,נקניק אגסי יבש מזרע,,,נקניק אגסי יבש,Unknown,0.00,"ק""ג",true,0,175.00,175.00,true,1,
8442688,false,נקניק כפרית יבש מזרע,,,נקניק כפרית יבש,Unknown,0.00,"ק""ג",true,0,162.00,162.00,true,1,
8461047,false,גבינת ברי לה רוסטיק במשקל,,,גבינת ברי לה רוסטיק,Unknown,0.00,"ק""ג",true,0,172.00,172.00,true,1,
8462310,false,גבינה סנט מור צרפתית במשקל,,,גבינה סנט מור צרפתית,Unknown,0.00,"ק""ג",true,0,170.00,170.00,true,1,
8498234,false,גבינת עיזים מאוריסיו שקיל,,,גבינת עיזים מאוריסיו,Unknown,0.00,"ק""ג",true,0,198.00,198.00,true,1,
8498265,false,גבינה תום דה קטלוניה במשקל,,,גבינה תום דה קטלוניה,Unknown,0.00,"ק""ג",true,0,189.00,189.00,true,1,
8498449,false,גבינת קומטה 16 חודש,,,גבינת קומטה 16 חודש,Unknown,0.00,"ק""ג",true,0,236.00,236.00,true,1,
8498654,false,אפנזלר במשקל,,,אפנזלר במשקל,Unknown,0.00,"ק""ג",true,0,251.00,251.00,true,1,
8498661,false,אפנזלר מיושן במשקל,,,אפנזלר מיושן במשקל,Unknown,0.00,"ק""ג",true,0,304.00,304.00,true,1,
8498685,false,גבינת גרוייר מיושנת במשקל,,CH,גבינת גרוייר מיושנת,Unknown,0.00,"ק""ג",true,0,230.00,230.00,true,1,
8498708,false,גבינת גרוייר מחלב בקר במשקל,,CH,גבינת גרוייר מחלב בק,Unknown,0.00,"ק""ג",true,0,210.00,210.00,true,1,
8498746,false,ברי צרפתי במשקל,,,ברי צרפתי במשקל,Unknown,0.00,"ק""ג",true,0,139.00,139.00,true,1,
8498753,false,גבינת בושה עיזים במשקל,,,גבינת בושה עיזים במש,Unknown,0.00,"ק""ג",true,0,173.00,173.00,true,1,
8498760,false,גבינה תום דה סאוואה במשקל,,,גבינה תום דה סאוואה,Unknown,0.00,"ק""ג",true,0,220.00,220.00,true,1,
8498838,false,גאודה עיזים מיושנת במשקל,,,גאודה עיזים מיושנת ב,Unknown,0.00,"ק""ג",true,0,194.00,194.00,true,1,
8498845,false,גאודה עיזים 14% במשקל,,,גאודה עיזים 14% במשק,Unknown,0.00,"ק""ג",true,0,190.00,190.00,true,1,
8498869,false,גבינת גאודה פסטו במשקל,,,גבינת גאודה פסטו במש,Unknown,0.00,"ק""ג",true,0,191.00,191.00,true,1,
8498890,false,גאודה כמהין פטריות וחילבה,,,גאודה כמהין פטריות ו,Unknown,0.00,"ק""ג",true,0,189.00,189.00,true,1,
8498906,false,גאודה פטריות כמהין הולנד,,,גאודה פטריות כמהין ה,Unknown,0.00,"ק""ג",true,0,275.00,275.00,true,1,
8713438,false,גאודה מיושנת גלגל במשקל D DAIRY,,,גאודה הולנדית מיושנת,Unknown,0.00,"ק""ג",true,0,129.00,129.00,true,1,
8713573,false,גאודה הולנדית חרדל במשקל,,,גאודה הולנדית חרדל,Unknown,0.00,"ק""ג",true,0,122.00,122.00,true,1,
8776875,false,סטייק ניו יורק,,,סטייק ניו יורק,Unknown,0.00,"ק""ג",true,0,119.90,119.90,true,1,
8940153,false,קרים ציז פילדפיה במשקל,,,קרים ציז פילדפיה במש,Unknown,0.00,"ק""ג",true,0,68.00,68.00,true,1,
9441017,false,עגבניות שרי,,,עגבניות שרי,Unknown,0.00,"ק""ג",true,0,24.90,24.90,true,1,
9441024,false,עגבניות תמר,,,עגבניות שרי,Unknown,0.00,"ק""ג",true,0,24.90,24.90,true,1,
11549475,false,לחמניה שמרים,,,לחמניה שמרים,גרמים,180.00,100 גרם,false,1,4.10,2.28,true,1,
30107014,false,נייר גלגול גדול + פילטר בודד,,,נייר גלגול גדול + פי,Unknown,0.00,Unknown,false,1,6.00,6.00,true,1,
30112902,false,נייר גלגול קטן+פילטר,,,קטן+פילטר בודד,יחידה,1.00,יחידה,false,1,4.50,4.50,true,1,
30112919,false,נייר גלגול בינוני + פילטר בודד,,,נייר גלגול בינוני +,Unknown,0.00,Unknown,false,1,4.90,4.90,true,1,
32147230,false,"מיץ לימון סיצילייה 200 מ""ל",ג'נרל מילס סאן אדריא,,מיץ לימון משומר 200,מיליליטרים,200.00,"100 מ""ל",false,1,6.90,3.45,true,1,
40111216,false,באונטי חטיף קוקוס ושוקולד 57ג',"נארז ע""י : א.ג. גילר",NL,חטיף באונטי 57 גרם,גרמים,57.00,100 גרם,false,1,3.90,6.84,true,1,
40111445,false,מ&מס פינאטס 45 גרם,,,מ&מס פינאטס 45 גרם,גרמים,45.00,100 גרם,false,1,4.90,10.89,true,1,
40111490,false,מ&מס שוקולד 45 גרם,,,מ&מס שוקולד 45 גרם,גרמים,45.00,100 גרם,false,1,4.90,10.89,true,1,
40144061,false,קנופרס חטיף וופל 25 גרם 24 יח,שטורק,DE,קנופרס חטיף וופל 25,גרמים,25.00,100 גרם,false,1,3.50,14.00,true,1,
40786179,false,בירה לוונבראו פחית 500 מל,,,בירה לוונבראו פחית 5,מיליליטרים,500.00,"100 מ""ל",false,1,11.90,2.38,true,1,
42061939,false,"בירה בקס בקבוק 500 מ""ל בקבוק","איי, בי, אינבוו",DE,"בירה בקס 500 מ""ל",מיליליטרים,500.00,"100 מ""ל",false,1,9.90,1.98,true,1,
42101666,false,איירוייבז מנטה ואקליפטוס בקופסה 25 יח HP,ריגלי,GB,איירוייבז מנטה ואקלי,Unknown,0.00,Unknown,false,1,7.10,7.10,true,1,
42138105,false,סיגריות וינסטון סופר סלימס כחול,גיי טי אינטרנשיונל,,ווינסטון סופר סלימס,Unknown,0.00,Unknown,false,1,33.00,33.00,true,1,
42138129,false,סיגריות וינסטון סופר סלימס מנטול,JTI,,ווינסטון סופר סלימס,Unknown,0.00,Unknown,false,1,33.00,33.00,true,1,
42149996,false,בירה בקס בקבוק 275 מל,"איי, בי, אינבוו",DE,בירה בקס בקבוק 275 מ,מיליליטרים,275.00,"100 מ""ל",false,1,5.90,2.15,true,1,
42154662,false,אורביט באריזת מעטפה ספירמינט מסטיק,ריגלי צרפת,FR,אורביט באריזת מעטפה,Unknown,0.00,Unknown,false,1,7.40,7.40,true,1,
42188889,false,אורביט פייב אבטיח 12 סטיקס 29 גר,ריגלי צרפת,FR,אורביט פייב אבטיח 12,Unknown,0.00,Unknown,false,1,6.90,6.90,true,1,
42306788,false,איירוייבז אוכמניות ומנטה בקופסה 25 יח HP,ריגלי,GB,איירוייבז אוכמניות ו,Unknown,0.00,Unknown,false,1,7.10,7.10,true,1,
42370314,false,גונץ-סמרטיז קלפר מולטי מיקס 55.5 גר,,,גונץ-סמרטיז קלפר מול,גרמים,55.00,100 גרם,false,1,15.90,28.91,true,1,
45358850,false,אוסובוקו טרי פרוס,,,אוסובוקו טרי,Unknown,0.00,"ק""ג",true,0,49.90,49.90,true,1,
50184453,false,מרמייט אנגלי מקורי 250 גרם,,,מרמייט אנגלי מקורי,גרמים,250.00,100 גרם,false,1,46.90,18.76,true,1,
50204830,false,אוטן תרסיס דוחה יתושים וחרקים,SC Jonson,,אוטן אקטיב תרסיס ללא,Unknown,0.00,Unknown,false,1,28.50,28.50,true,1,
50312719,false,קדבורי חטיף טווירל 43 גרם,,,קדבורי חטיף טווירל 4,Unknown,0.00,Unknown,false,1,7.50,7.50,true,1,
52070082,false,פאל מאל ס.ס.ויולט חפיסה,BAT,,פאל מאל ס.ס.ויולט חפ,Unknown,0.00,Unknown,false,1,30.00,30.00,true,1,
59039549,false,ווג פריזון מנטול חפיסה,BAT,,ווג פריזון מנטול חפי,Unknown,0.00,Unknown,false,1,38.00,38.00,true,1,
59068907,false,סיגריות פאל מאל כחול דמי סלימס,גלוברנס,,פאל מאל כחול דמי סלי,Unknown,0.00,Unknown,false,1,26.00,26.00,true,1,
59068914,false,סיגריות פאל מאל סילבר דמי סלימס,,,פאל מאל סילבר דמי סל,Unknown,0.00,Unknown,false,1,26.00,26.00,true,1,
59455233,false,סיגריות ווג ליידי כח,BAT,,ווג סופרסלימס כחול,יחידה,1.00,יחידה,false,1,38.00,38.00,true,1,
59455240,false,ווג סופרסלימס לילך חפיסה,BAT,,ווג סופרסלימס לילך,יחידה,1.00,יחידה,false,1,38.00,38.00,true,1,
61908024,false,נתח פילה סלמון קפוא,,,נתח פילה סלמון קפוא,Unknown,0.00,"ק""ג",true,0,104.90,104.90,true,1,
72917367,false,טעמי 28 חטיף 40 גר',"שטראוס גרופ בע""מ",IL,טעמי 40 גרם,גרמים,40.00,100 גרם,false,1,3.90,9.75,true,1,
72940761,false,מילקי שוקולד מהדרין 170 ג',מיוצר עי קונדיטוריית,IL,מילקי שוקולד 130 גרם,גרמים,130.00,100 גרם,false,1,2.90,2.23,true,1,
72940952,false,מילקי פי 2 קצפת אקסטרה 170 ג',"שטראוס גרופ בע""מ",IL,מילקי פי 2 קצפת 104,גרמים,104.00,100 גרם,false,1,3.90,3.75,true,1,
72941041,false,מיני מילקי שוקולד 62 גרם,"שטראוס גרופ בע""מ",IL,מיני מילקי שוקולד 62,גרמים,62.00,100 גרם,false,1,2.30,3.71,true,1,
72945308,false,קוביות שמרים לאפיה שמרית 2*25 ג',"פאקא תעשיות בע""מ",IL,שמרית קוביה 50 גרם,גרמים,50.00,100 גרם,false,1,4.00,8.00,true,1,
72961544,false,יוגרט תות 3% 125שומן ג' באדי,מחלבת אלון תבור,IL,"באדי תות 3% 125 מ""ל",גרמים,125.00,100 גרם,false,1,3.10,2.48,true,1,
72963753,false,שמנת אורגינל של פעם 27% שומן 200 ג' תנובה,תנובה מרכז שיתופי לש,IL,שמנת של פעם 27% 200,מיליליטרים,200.00,"100 מ""ל",false,1,4.50,2.25,true,1,
72964422,false,"יוגורט פרחים גביע 4.5% 200 מ""ל",מחלבת תנובה,IL,יוגורט פרחים גביע 4.,גרמים,200.00,100 גרם,false,1,3.10,1.55,true,1,
72986370,false,"גלידת בן & ג'ריס פיינטים וניל 500מ""ל",מוצרי איכות אמריקאים,IL,בן אנד גריס גלידת ונ,מיליליטרים,500.00,"100 מ""ל",false,1,24.90,4.98,true,1,
72986424,false,"גלידת בן & ג'ריס פיינטים קרם עוגיות 500מ""ל",מוצרי איכות אמריקאיי,IL,בן אנד גריס גלידת קר,מיליליטרים,500.00,"100 מ""ל",false,1,24.90,4.98,true,1,
72986448,false,"גלידת בן & ג'ריס פיינטים טופי קראנץ 500מ""ל",מוצרי איכות אמריקאיי,IL,בן אנד גריס גלידת טו,מיליליטרים,800.00,"100 מ""ל",false,1,24.90,3.11,true,1,
72986455,false,"גלידת בן & ג'ריס פיינטים ניו-יורק 500מ""ל",מוצרי איכות אמריקאיי,IL,בן אנד גריס גלידת ני,מיליליטרים,500.00,"100 מ""ל",false,1,24.90,4.98,true,1,
72986479,false,"גלידה שוקולד אגוז עם בננות בן וג'ירי 500 מ""ל",מוצרי איכות אמריקאיי,IL,בן אנד גריס גלידת צא,מיליליטרים,500.00,"100 מ""ל",false,1,24.90,4.98,true,1,
72989425,false,"גלידת בן & ג'ריס פיינטים שוקולד בראוניז 500מ""ל",מוצרי איכות אמריקאיי,IL,בן אנד גריס שוקולד ב,מיליליטרים,500.00,"100 מ""ל",false,1,24.90,4.98,true,1,
72991008,false,חטיף פסק זמן במילוי ופל מגולגל 45 גרם,"שטראוס גרופ בע""מ",IL,"פ""ז קלסיק מגדים 45 ג",גרמים,45.00,100 גרם,false,1,4.90,10.89,true,1,
72991374,false,סיגריות טיים רד חפיס,דובק,,טיים רד חפיסה,Unknown,0.00,Unknown,false,1,29.50,29.50,true,1,
72991497,false,נובלס ורג'יניה פילטר,דובק,,נובלס פילטר חפיסה,Unknown,0.00,Unknown,false,1,29.50,29.50,true,1,
72991886,false,"גלידת דולצ'ה בטעם ריבת חלב עם פאדג' בן וג'ירי 500 מ""ל",מוצרי איכות אמריקאיי,IL,בן אנד גריס 500,מיליליטרים,500.00,"100 מ""ל",false,1,24.90,4.98,true,1,
72993637,false,מעדן חלב בטעם שוקולד 125 ג' דני,מחלבת אחיהוד,IL,מעדן דני שוקולד 125,גרמים,125.00,100 גרם,false,1,2.90,2.32,true,1,
75032814,false,"בירה קורונה 355 מ""ל בקבוק",,,"בירה קורונה 355 מ""ל",מיליליטרים,355.00,"100 מ""ל",false,1,8.20,2.31,true,1,
76136184,false,פאל מאל סופרסלימס כחול קופסה,BAT,,פאל מאל סופרסלימס כח,Unknown,0.00,Unknown,false,1,30.00,30.00,true,1,
80001027,false,לואקר וופל טורטינה 21 גרם,"כד בני דרום בע""מ",IT,חטיף טורטינה חלב 21,גרמים,21.00,100 גרם,false,1,4.20,20.00,true,1,
80001287,false,וופל חטיף לואקר אגוז 38 גר',לואקר,AT,חטיף גרדנה 38 גרם,גרמים,38.00,100 גרם,false,1,4.40,11.58,true,1,
80001461,false,לואקר חטיף שוקולד 38 גר',"א. לואקר קונפקט בע""מ",AT,חטיף גרדנה מצופה 38,גרמים,38.00,100 גרם,false,1,4.40,11.58,true,1,
80001485,false,גרדנה קוקוס 38 גר'25X יח',קריניציה ויטמינה אס,IT,חטיף גרדנה קוקוס,גרמים,38.00,100 גרם,false,1,4.40,11.58,true,1,
80042556,false,POLPA עגבניות חתוכות דק 400 גרם MUTTI,"איי, בי, אינבוו",IT,POLPA עגבניות חתוכות,גרמים,400.00,100 גרם,false,1,7.90,1.98,true,1,
80042563,false,רסק עגבניות 700 ג' (צהוב) MUTTI,"איי, בי, אינבוו",IT,מחית עגבניות קלה 700,גרמים,700.00,100 גרם,false,1,11.90,1.70,true,1,
80043645,false,קארי טחון אורגני 52 גר קנהמלה,,,קארי טחון אורגני 52,Unknown,0.00,Unknown,false,1,15.90,15.90,true,1,
80044079,false,קינמון טחון אורגני 42 גר קנהמלה,,,קינמון טחון אורגני 4,Unknown,0.00,Unknown,false,1,15.90,15.90,true,1,
80083665,false,גנדולה עוגיות עם שוקולד ציפס אורגני 250,תות תעשיות מזון (201,IT,גנדולה עוגיות עם שוק,גרמים,250.00,100 גרם,false,1,14.90,5.96,true,1,
80136194,false,קינדר הפי היפו אגוזי לוז חמישייה 103.5 ג,קדבורי,IT,קינדר הפי היפו אגוזי,גרמים,104.00,100 גרם,false,1,12.50,12.02,true,1,
80176800,false,נוטלה ממרח שוקולד 750 גרם,פררו תעשיות איטליה ס,IT,ממרח שוקולד נוטלה 75,גרמים,750.00,100 גרם,false,1,25.90,3.45,true,1,
80177173,false,ממרח נוטלה קקאו עם א,פררו,IT,ממרח נוטלה 350 גרם,גרמים,350.00,100 גרם,false,1,14.90,4.26,true,1,
80177616,false,טבלת שוקולד קינדר 100 גרם,פררו,IT,טבלת שוקולד קינדר 10,גרמים,100.00,100 גרם,false,1,8.40,8.40,true,1,
80273639,false,מלח ים במטחנה 90 גר ארומה דה טוסקנה,DROGHERIA E ALIMENTA,,מלח ים במטחנה 90 גר,גרמים,90.00,100 גרם,false,1,14.20,15.78,true,1,
80310891,false,ביצת קינדר ג'וי שוקולד 20ג',פררו,ZA,ביצת הפתעה קינדר גוי,גרמים,20.00,100 גרם,false,1,5.90,29.50,true,1,
80473206,false,פפריקה מתוקה אורגנית 50 גרם קנהמלה,,,פפריקה מתוקה אורגנית,גרמים,50.00,100 גרם,false,1,15.90,31.80,true,1,
80525264,false,Agnesi רוטב עגבניות ובזיל 400 גר,,IT,רוטב עגבניות,גרמים,400.00,100 גרם,false,0,14.60,3.65,true,1,
80525288,false,Agnesi רוטב עגבניות וזיתים 400 גר,,IT,Agnesi רוטב עגבניות,גרמים,400.00,100 גרם,false,0,14.60,3.65,true,1,
80525424,false,Agnesi רוטב עגבניות אראביאטה 400 גר,,IT,Agnesi רוטב עגבניות,גרמים,400.00,100 גרם,false,0,14.60,3.65,true,1,
80525462,false,Agnesi רוטב עגבניות נפוליטנה 400 גר,,IT,Agnesi רוטב עגבניות,גרמים,400.00,100 גרם,false,0,14.60,3.65,true,1,
80533917,false,פילה אנשובי בשמן זית 75 גרם צנצנת,,,פילה אנשובי בשמן זית,Unknown,0.00,Unknown,false,1,31.90,31.90,true,1,
80650874,false,תיבול גורמה שום ופטרוזיליה 80 גר ארומה ד,דרוגריה ואלימנטרי אס,,תיבול גורמה שום ופטר,גרמים,80.00,100 גרם,false,1,14.20,17.75,true,1,
80655428,false,בזיליקום אורגני 15 גר קנהמלה,,,בזיליקום אורגני 15 ג,Unknown,0.00,Unknown,false,1,15.90,15.90,true,1,
80704188,false,מחית כמהין 80 גרם,,,מחית כמהין 80 גרם,Unknown,0.00,Unknown,false,1,57.50,57.50,true,1,
80718758,false,טונה בשמן זית 160 גר CALIPO,קליפו קונסרב,IT,טונה בשמן זית 160 ג,גרמים,160.00,100 גרם,false,1,25.90,16.19,true,1,
80761761,false,קינדר בואנו לבן בודד 39 גר,קדבורי,PL,קינדר בואנו לבן בודד,גרמים,39.00,100 גרם,false,1,4.20,10.77,true,1,
80773429,false,מסטיק מנטוס פיור פרש בבקבוק בינוני בטעם תות 60 ג',"פרפטי ואן מלה ג'ידה,",TR,מנטוס בבקבוק פיור,Unknown,0.00,Unknown,false,1,9.90,9.90,true,1,
80790990,false,מסטיק מנטוס בבקבוק מעוגל בטעם פירות -מנטה 60 ג',"פרפטי ואן מלה ג'ידה,",TR,מנטוס בבקבוק מעוגל ט,Unknown,0.00,Unknown,false,1,9.90,9.90,true,1,
80794233,false,מסטיק מנטוס ביג בבקבוק מעוגל טעם מנטה 90 ג',,,מנטוס ביג בבקבוק מעו,Unknown,0.00,Unknown,false,1,17.90,17.90,true,1,
80822141,false,קינדר עץ חג המולד 76 גרם,,,קינדר עץ חג המולד 76,גרמים,76.00,100 גרם,false,1,22.90,30.13,true,1,
80831402,false,סוכרית מנטוס מנטה עדינה ללא סוכר 21 גרם Clean Breath,קדבורי,NL,"מנטוס מנטה עדינה לל""",גרמים,21.00,100 גרם,false,1,7.30,34.76,true,1,
80832560,false,"סוכריות מנטוס קלין ברט פירות יער לל""ס21",,,סוכריות מנטוס קלין ב,גרמים,21.00,100 גרם,false,1,7.30,34.76,true,1,
80843184,false,מנטוס מסטיק פיור פרש בטעם ענבים 60גר,פרפטי ואן מלה,TR,מנטוס בבקבוק פיור בט,גרמים,60.00,100 גרם,false,1,9.90,16.50,true,1,
80854753,false,סוכרית מנטוס מנטה ללא סוכר 21 גרם Clean Breath,קדבורי,NL,"מנטוס מנטה לל""ס 21 ג",גרמים,21.00,100 גרם,false,1,7.30,34.76,true,1,
80862260,false,מסטיק מנטוס פיור וויט מנטה מתוקה 150 גר,,TR,מסטיק מנטוס פיור ווי,גרמים,150.00,100 גרם,false,1,18.90,12.60,true,1,
80864295,false,סוכריות פיור וויט טעם מנטה עדינה 60 ג' מנטוס,"פרפטי ואן מלה ג'ידה,",TR,מסטיק מנטוס וייט מנט,גרמים,60.00,100 גרם,false,1,9.90,16.50,true,1,
80896081,false,מסטיק מנטוס פיור פרש בבקבוק בינוני בטעם אבטיח 60 ג',"פרפטי ואן מלה ג'ידה,",TR,מנטוס בבקבוק בינוני,Unknown,0.00,Unknown,false,1,9.90,9.90,true,1,
80913467,false,מסטיק מנטו בבקבוק מעוגל בטעם מנטה 60 ג',פרפטי ואן מלה ברדה,TR,מנטוס בבקבוק מעוגל ב,Unknown,0.00,Unknown,false,1,9.90,9.90,true,1,
80926481,false,מסטיק מנטוס פיור פרש בבקבוק בינוני בטעם אבטיח 90ג',,TR,מנטוס ביג בבקבוק מעו,Unknown,0.00,Unknown,false,1,17.90,17.90,true,1,
80945468,false,סוכריות פיור וויט טעם מנטה מתוקה 60 ג' מנטוס,"פרפטי ואן מלה ג'ידה,",TR,מסטיק מנטוס וייט מנט,גרמים,60.00,100 גרם,false,1,9.90,16.50,true,1,
80954521,false,מסטיק מנטוס פיור פרש בטעם תות 28 גרם,פרפטי ואן מלה ברדה,TR,מנטוס מסטיק בקופסה ב,גרמים,28.00,100 גרם,false,1,4.50,16.07,true,1,
80982470,false,מסטיק מנטוס פיור פרוסט בטעם מנטה חזק 60 גר',פרפטי ואן מלה ברדה,TR,גומי לעיסה פיור פרוס,גרמים,60.00,100 גרם,false,1,9.90,16.50,true,1,
80986348,false,סוכריות פיור וויט טעם מנטה 60 ג' מנטוס,"פרפטי ואן מלה ג'ידה,",TR,מסטיק מנטוס וייט מנט,גרמים,60.00,100 גרם,false,1,9.90,16.50,true,1,
80995128,false,מנטוס - מסטיק בטעם הדרים בתוספת ויטמינים 60 גרם,ווינפאק,TR,מסטיק מנטוס ויטמין ב,גרמים,60.00,100 גרם,false,1,9.90,16.50,true,1,
84127730,false,"קקאולט משקה קקאו 200 מ""ל",,ES,קקאולט משקה קקאו 200,מיליליטרים,200.00,"100 מ""ל",false,1,10.90,5.45,true,1,
85939868,false,נייר קצר ללא פילטר PIH,,,נייר קצר ללא פילטר P,יחידה,1.00,יחידה,false,1,3.00,3.00,true,1,
85942707,false,נייר קצר ללא פילטר עבה PIH,,,נייר קצר ללא פילטר ע,יחידה,1.00,יחידה,false,1,3.00,3.00,true,1,
85967069,false,נייר גלגול גדול כולל פילטר חום,,CZ,נייר גלגול גדול כולל,יחידה,1.00,יחידה,false,1,6.00,6.00,true,1,
85967076,false,נייר גלגול בינוני כולל פילטר חום,,CZ,נייר גלגול בינוני כו,יחידה,1.00,יחידה,false,1,6.00,6.00,true,1,
87108538,false,סוכריות מנטוס תות גל,הדקלאים אגודת שיתופי,NL,מנטוס תות שדה,Unknown,0.00,Unknown,false,1,3.60,3.60,true,1,
87108651,false,מנטוס מנטה מארז 4 יח' * 37.5 ג',הדקלאים אגודת שיתופי,NL,מנטוס מנטה 1/4,גרמים,150.00,100 גרם,false,1,13.50,9.00,true,1,
87108712,false,מנטוס פירות מארז 4 יח' * 37.5 ג',קדבורי,NL,מנטוס פירות 1/4,גרמים,150.00,100 גרם,false,1,13.50,9.00,true,1,
87141122,false,רוטב סמבל אולק 200 גרם חריף,,,רוטב סמבל אולק 200 ג,גרמים,200.00,100 גרם,false,1,17.20,8.60,true,1,
87311396,false,מנטוס ריינבואו בגליל 40 ג',פרפטי ואן מלה,NL,מנטוס RAINBOW,Unknown,0.00,Unknown,false,1,3.60,3.60,true,1,
88801124,false,מצת קליפר,,,מצת קליפר,Unknown,0.00,Unknown,false,1,6.40,6.40,true,1,
90087066,false,מיץ תפוזים 100% טבעי 1 ל' RAUCH,,AT,מיץ תפוזים ראוך 100%,מיליליטרים,1000.00,"100 מ""ל",false,1,14.60,1.46,true,1,
90087271,false,נקטר אוכמניות 1 ליטר קרטונית ראוך,יושלם,,נקטר אוכמניות 1 ליטר,מיליליטרים,1000.00,"100 מ""ל",false,1,14.60,1.46,true,1,
90087547,false,מיץ עגבניות 1 ליטר ראוך קרטונית,,,מיץ עגבניות 1 ליטר ר,מיליליטרים,1000.00,"100 מ""ל",false,1,11.40,1.14,true,1,
90087769,false,מיץ אננס 100% קרטונית ראוך,,AT,מיץ אננס 100% קרטוני,ליטרים,0.00,ליטר,false,1,14.60,14.60,true,1,
90087806,false,מיץ אשכוליות 100% 1 ליטר,,AT,מיץ אשכוליות 100% 1,מיליליטרים,1000.00,"100 מ""ל",false,1,14.60,1.46,true,1,
90122514,false,מוצרט שוקולד מארז מתנה 34 גרם,,AT,מוצרט שוקולד מארז מת,גרמים,34.00,100 גרם,false,1,9.90,29.12,true,1,
90162602,false,"משקה רד בול מוגז פחית 250 מ""ל",רד בול ג'י.אם.בי. אץ,AT,משקה רד בול מוגז פחי,מיליליטרים,250.00,"100 מ""ל",false,1,7.20,2.88,true,1,
90162800,false,רד בול משקה אנרגיה ללא סוכר פקדון 30 אג,רד בול ג'י.אם.בי. אץ,AT,משקה רד בול מוגז,מיליליטרים,250.00,"100 מ""ל",false,1,7.20,2.88,true,1,
90446269,false,"משקה רד בול אבטיח מוגז פחית 250 מ""ל",ראון פרוכטסאפה,AT,משקה רד בול אבטיח מו,מיליליטרים,250.00,"100 מ""ל",false,1,7.20,2.88,true,1,
90448867,false,"משקה אנרגיה רד בול ללא פחמימות 250 מ""ל",רד בול,AT,משקה אנרגיה רד בול ל,מיליליטרים,250.00,"100 מ""ל",false,1,7.20,2.88,true,1,
90453427,false,"משקה אנרגיה רד בול פיטאיה 250 מ""ל",רד בול,,משקה אנרגיה רד בול פ,מיליליטרים,250.00,"100 מ""ל",false,1,7.20,2.88,true,1,
96033531,false,"דאו דאב רול און רימונים ולואיזה 50 מ""ל",,GB,דאו דאב רול און רימו,מיליליטרים,50.00,"100 מ""ל",false,1,26.90,53.80,true,1,
8112100298,false,שמן שומשום טהור לא מ,Flavor full foods in,,"שמן שומשום 185 מ""ל",מיליליטרים,185.00,"100 מ""ל",false,1,14.90,8.05,true,1,
9800800056,false,נוטלה אנד גו קופסית 52ג',פררו,DE,נוטלה & גו 52 גרם,גרמים,52.00,100 גרם,false,1,5.00,9.62,true,1,
11182700916,false,קינג קול שעועית לבנה צפונית 439 גרם,,,שעועית לבנה צפונית 4,גרמים,454.00,100 גרם,false,1,12.10,2.67,true,1,
11182700954,false,קינג קול שעועית שחורה 439 גרם,קינג קול,,קינג קול שעועית שחור,גרמים,439.00,100 גרם,false,1,12.10,2.76,true,1,
11210000094,false,"רוטב טבסקו אדום 60 מ""ל",מקאילהייני אייבורי,,טבסקו פלפל אדום 60 מ,מיליליטרים,90.00,"100 מ""ל",false,1,10.90,12.11,true,1,
11210006508,false,רוטב פלפל הבנרו חריף טבסקו 60 מל,,,רוטב פלפל הבנרו חריף,מיליליטרים,60.00,"100 מ""ל",false,1,16.70,27.83,true,1,
11210009387,false,רוטב טבסקו פלפל ירוק,מקאילהייני אייבורי,,טבסקו פלפל ירוק 60 מ,מיליליטרים,60.00,"100 מ""ל",false,1,10.90,18.17,true,1,
11210698055,false,רוטב טבסקו סרירציה 566 גרם,,,רוטב טבסקו סרירציה 5,גרמים,566.00,100 גרם,false,1,31.90,5.64,true,1,
11359630107,false,אבקה להכנת רוטב טאקו מעורב 35 גרם,,NL,אבקה להכנת רוטב טאקו,גרמים,35.00,100 גרם,false,1,7.50,21.43,true,1,
11359645262,false,טורטילה ציפס טבעי 200 גרם,,,טורטילה ציפס טבעי 20,גרמים,200.00,100 גרם,false,1,10.40,5.20,true,1,
11359650136,false,דיפ אבוקדו 190 גרם,,,דיפ אבוקדו 190 גרם,גרמים,190.00,100 גרם,false,1,10.90,5.74,true,1,
11359650341,false,דיפ סלסה בחריפות מעודנת 190 גרם,,,דיפ סלסה בחריפות מעו,גרמים,190.00,100 גרם,false,1,9.90,5.21,true,1,
13300606742,false,תערובת להכנת עוגת דונאט שוקולד 459 גר,הום טאון פוד שיקגו,US,תערובת להכנת עוגת דו,גרמים,459.00,100 גרם,false,1,29.90,6.51,true,1,
13409128411,false,מרינדה טריאקי ודבש 473 גרם,,US,מרינדה טריאקי ודבש 4,גרמים,473.00,100 גרם,false,1,23.90,5.05,true,1,
13409128442,false,רוטב באפלו חריף לכנפיים 473 גרם,,US,רוטב באפלו חריף לכנפ,גרמים,473.00,100 גרם,false,1,23.90,5.05,true,1,
13409341155,false,רוטב ברביקיו דבש 510 גר סוויט בייבי רייס,,,רוטב ברביקיו דבש 510,גרמים,510.00,100 גרם,false,1,23.90,4.69,true,1,
13409918104,false,רוטב ברביקיו אורגינל 510 גר סוויט בייבי,סוויט בייבי,,רוטב ברביקיו אורגינל,גרמים,510.00,100 גרם,false,1,23.90,4.69,true,1,
14100074120,false,פפרידג' פארם עוגיות מילאנו 170 גרם,פפרדג פארם,,עוגיות פפרידג פארם,גרמים,198.00,100 גרם,false,1,24.90,12.58,true,1,
16000178083,false,תערובת להכנת פנקייק לאקי צרמס 411 גר,,US,תערובת להכנת פנקייק,גרמים,411.00,100 גרם,false,1,44.90,10.92,true,1,
16000185517,false,נסטלה - דגני בוקר פייבר 555 גרם,בטר אנד דיפרנט,US,פייבר וואן 555 גרם,גרמים,555.00,100 גרם,false,1,32.50,5.86,true,1,
16000281684,false,חטיף שיבולת שועל פקאן חמישיה*42 ג' קראנצ'י,ג'נרל מילס,,קראנצי בטעם פקאן 210,גרמים,210.00,100 גרם,false,1,17.90,8.52,true,1,
16000423534,false,ניטשר ואלי חטיף שיבולת שועל שוקולד מריר קראנצי 210ג',ג'נרל מילס סאן אדריא,ES,קראנצי שיבולת שועל ו,גרמים,210.00,100 גרם,false,1,17.90,8.52,true,1,
16000548404,false,ניטשר ואלי חטיף קראנצי גרנולה שיבולת שועל 210 ג',ג'נרל מילס סאן אדריא,ES,קראנצי בטעם שיבולת,גרמים,210.00,100 גרם,false,1,17.90,8.52,true,1,
16000548503,false,ניטשר ואלי קראנצי חטיף גרנולהומייפל 10 יח' 210 ג',ג'נרל מילס סאן אדריא,ES,קראנצי בטעם מייפל,גרמים,210.00,100 גרם,false,1,17.90,8.52,true,1,
16229909819,false,קרם קוקוס 1 ליטר AROY-D,,,קרם קוקוס 1 ליטר ARO,ליטרים,0.00,ליטר,false,1,23.90,23.90,true,1,
16229917616,false,"מי קוקוס בתוספת גויאבה 330 מ""ל",,,מי קוקוס בתוספת גויא,מיליליטרים,330.00,"100 מ""ל",false,1,8.20,2.48,true,1,
16229917630,false,"מי קוקוס בתוספת אננס 330 מ""ל",,,מי קוקוס בתוספת אננס,מיליליטרים,330.00,"100 מ""ל",false,1,8.20,2.48,true,1,
16229918361,false,"רוטב קארי ירוק 250 מ""ל",,TH,רוטב קארי ירוק 250 מ,מיליליטרים,250.00,"100 מ""ל",false,1,10.90,4.36,true,1,
16229924263,false,"קרם קוקוס 250 מ""ל.",,,"קרם קוקוס 250 מ""ל",מיליליטרים,250.00,"100 מ""ל",false,1,10.40,4.16,true,1,
17273502551,false,אמריקן גורנן חרדל קטן 227 גרם,,,חרדל לחיץ 225 גר,גרמים,225.00,100 גרם,false,1,9.90,4.40,true,1,
18000703494,false,תערובת עוגת וניל פיסברי 500 גר',הדקלאים אגודת שיתופי,IL,תערובת לעוגת וניל 51,גרמים,524.00,100 גרם,false,1,17.90,3.42,true,1,
18000766413,false,תערובת להכנת עוגה בטעם שוקולד,הדקלאים אגודת שיתופי,IL,תערובת לבראוניס 552,גרמים,609.00,100 גרם,false,1,17.90,2.94,true,1,
18787767160,false,סבון נוזלי פריחת הדו,,,סבון נוזלי פריחת הדו,Unknown,0.00,Unknown,false,1,45.90,45.90,true,1,
18787769164,false,סבון נוזלי עץ התה של,,,סבון נוזלי עץ התה של,Unknown,0.00,Unknown,false,1,45.90,45.90,true,1,
18787780169,false,סבון נוזלי יסמין סנד,,,סבון נוזלי יסמין סנד,Unknown,0.00,Unknown,false,1,45.90,45.90,true,1,
21200513152,false,שלושה ספוגי קירצוף לא שורטים ורוד,,,שלושה ספוגי קירצוף ל,Unknown,0.00,Unknown,false,1,17.10,17.10,true,1,
21200572357,false,קרצוף לניקוי חזק סקוטש ברייט שלישייה,,,שלושה ספוגי קירצוף ל,Unknown,0.00,Unknown,false,1,17.10,17.10,true,1,
21723339994,false,טיפרוס רוטב דגים מזר,,,רוטב דגים 300מ`ל,מיליליטרים,300.00,"100 מ""ל",false,1,10.40,3.47,true,1,
22014004607,false,רסק תפוחי עץ אורגני 4*113 גרם,MANISCHEWITZ,US,רסק תפוחי עץ אורגני,גרמים,452.00,100 גרם,false,1,18.90,4.18,true,1,
22224200820,false,וולבי ליקריץ תות בסגנון אוסטרלי 114 גרם,,,וולבי ליקריץ תות בסג,גרמים,114.00,100 גרם,false,1,12.90,11.32,true,1,
22224200868,false,קני וולבי ליקריץ אוסטרלי תפוח 114 גרם,,US,קני וולבי ליקריץ אוס,גרמים,114.00,100 גרם,false,1,12.90,11.32,true,1,
22224200943,false,קני וולבי ליקריץ אוכמניות רימון 113 גרם,,US,קני וולבי ליקריץ או,גרמים,113.00,100 גרם,false,1,12.90,11.42,true,1,
23535996129,false,"תמצית וניל מדאגסקאר בורבון 60 מ""ל",,,תמצית וניל מדאגסקאר,מיליליטרים,60.00,"100 מ""ל",false,1,64.90,108.17,true,1,
24000335238,false,"רוטב מולסה בלאקסטראפ 355 מ""ל",,,מולסה בלקםטראפ 355 ג,מיליליטרים,355.00,"100 מ""ל",false,1,29.90,8.42,true,1,
24100226429,false,סנשיין קרקר ציז איט אורגינל קטן 127 גרם,,,סנשיין קרקר ציז איט,גרמים,127.00,100 גרם,false,1,10.90,8.58,true,1,
24100315345,false,סנשיין קרקר צ`יז צ`דר לבן בשקית 85 גר,,,סנשיין קרקר צ`יז צ`ד,גרמים,85.00,100 גרם,false,1,7.50,8.82,true,1,
25675120006,false,חמצוצים 4 צבעים טבעי 100 גרם,,,חמצוצים 4 צבעים טבעי,גרמים,100.00,100 גרם,false,1,9.90,9.90,true,1,
25675120068,false,מקלות חמצוצים קולה 100 גרם,,,מקלות חמצוצים קולה 1,גרמים,100.00,100 גרם,false,1,9.90,9.90,true,1,
25675301108,false,פשקס - חמצוצים מקלות תות 50 גרם,פאסין,,מקלות חמצוצים תות 50,גרמים,50.00,100 גרם,false,1,5.90,11.80,true,1,
25675301184,false,פשקס - חמצוצים מקלות קולה 50 גרם,יושלם,,PASKESZ מקלות חמצוצי,גרמים,50.00,100 גרם,false,1,5.90,11.80,true,1,
25700005650,false,שקיות הקפאה גדולות- 14 יח' זיפלוק,אס.סי גונוסון,US,זיפלוק שקיות הקפאה ג,Unknown,0.00,Unknown,false,1,16.70,16.70,true,1,
29801025203,false,עוגיות חמאה קריספי - ב. באטרס 200 גר,,,עוגיות חמאה קריספי -,גרמים,200.00,100 גרם,false,1,20.90,10.45,true,1,
30271034077,false,רוטב פיצה דון פפינו 425 גרם,,,רוטב פיצה דון פפינו,גרמים,411.00,100 גרם,false,1,15.90,3.87,true,1,
31200001597,false,חמוציות אושן ספריי קליית גת בשקית 170 גרם,,,חמוציות אושן ספריי ב,גרמים,170.00,100 גרם,false,1,15.60,9.18,true,1,
33200140702,false,פרש אנד סופט דפים למייבש כביסה 100 יח' ניחוח מרענן,,,פרש&סופט דפים למייבש,Unknown,0.00,Unknown,false,1,28.50,28.50,true,1,
33200147701,false,פרש&סופט דפים למייבש בניחוח טרופי 100 יח,מולינו ניקולי s.p.a,US,פרש&סופט דפים למייבש,Unknown,0.00,Unknown,false,1,28.50,28.50,true,1,
33617322616,false,קרקר ואזה 203-275 גרם מקמח שיפון,כלורוקס אוקלנד,FR,ואזה קלה מקמח שיפון,גרמים,270.00,100 גרם,false,1,14.60,5.41,true,1,
33617340610,false,קרקר ואזה 203-275 גרם מקמח שיפון 275,כלורוקס אוקלנד,SE,ואזה מקמח שיפון 250,גרמים,275.00,100 גרם,false,1,14.60,5.31,true,1,
33984009554,false,סולגאר - חמוציות + ויטמין C סולגאר 60 כמוסות,,,חמוציות + ויטמין C,Unknown,0.00,Unknown,false,1,94.90,94.90,true,1,
33984017108,false,סולגאר - מגנזיום ציטראט 60 טבליות,,,מגנזיום ציטראט,Unknown,0.00,Unknown,false,1,64.90,64.90,true,1,
33984023802,false,"סולגאר - ויטמין C פקעות ורדים 500 מ""ג 100 טבליות",,,ויטמין C ( מג 500) ב,Unknown,0.00,Unknown,false,1,74.90,74.90,true,1,
33984024007,false,"סולגאר - ויטמין C פקעות ורדים 1000 מ""ג 100 טבליות",,,"ויטמין C ( מג 1,000)",Unknown,0.00,Unknown,false,1,108.90,108.90,true,1,
33984033207,false,ויטמין D3-400 יחבל,,,ויטמין D3-400 יחבל,Unknown,0.00,Unknown,false,1,59.90,59.90,true,1,
33984036031,false,ויטמין K2 100 מקג,,,ויטמין K2 100 מקג,Unknown,0.00,Unknown,false,1,185.90,185.90,true,1,
33984041134,false,תמצית אונה דה גאטו,,,תמצית אונה דה גאטו,Unknown,0.00,Unknown,false,1,164.90,164.90,true,1,
33984041721,false,קומפלקס צמחים תיקניים ייעודי DETO,,,קומפלקס צמחים תיקניי,Unknown,0.00,Unknown,false,1,159.90,159.90,true,1,
33984358317,false,"סידן ומגנזיום ציטראט נוזלי עם D3, בטעם א",,,סידן ומגנזיום ציטראט,Unknown,0.00,Unknown,false,1,124.90,124.90,true,1,
33984358331,false,"סידן ומגנזיום ציטראט נוזלי עם D3, בטעם ת",,,סידן ומגנזיום ציטראט,Unknown,0.00,Unknown,false,1,124.90,124.90,true,1,
33984595972,false,סולגאר - כורכומין סולגאר ספקטרום 185X פטנטי 30 כמוסות רכות,,,כורכומין ספקטרום פטנ,Unknown,0.00,Unknown,false,1,159.90,159.90,true,1,
34000196173,false,שוקולד הרשי טבלה XL קוקיס אנד קרים 113ג',הרשי,,טבלת קוקיס אנד קרים,גרמים,120.00,100 גרם,false,1,11.20,9.33,true,1,
34000442652,false,שוקולד רייזס טבלת XL שוקולד 120ג',הרשי,,טבלת ריזס 120 גרם X,גרמים,120.00,100 גרם,false,1,11.20,9.33,true,1,
34000446001,false,ריזס מיניס שוקולד חלב חמאת בוטנים 150ג',הרשי,,חטיפי שוקולד ריזס מי,גרמים,150.00,100 גרם,false,1,10.90,7.27,true,1,
34000470563,false,מארז שוקולד ריסז מיניס 215 גרם,,US,ריסז מיניס 215 גר,גרמים,215.00,100 גרם,false,1,22.90,10.65,true,1,
34000544028,false,ממתקי טוויזלרס תות שדה 198 גרם,הרשי,FR,ממתקי טוויזלרס תות ש,גרמים,198.00,100 גרם,false,1,7.90,3.99,true,1,
34000544431,false,ממתקי הרשיז טוויזלרס טעם דובדבן 172 גרם,,FR,ממתקי הרשיז טוויזלרס,גרמים,172.00,100 גרם,false,1,8.90,5.17,true,1,
34000996643,false,מארז שוקולד הרשי דרופס 215 גרם,,US,הרשי דרופס 215 גר,גרמים,215.00,100 גרם,false,1,22.90,10.65,true,1,
35000458476,false,קולגייט מברשת שיניים ילדים מארז רביעייה,,VN,מברשת שיניים קולגייט,Unknown,0.00,Unknown,false,1,25.90,25.90,true,1,
36000516876,false,ממחטות נייר קלינקס לושן 3 שכבות 75 דף,קימברלי,GB,ממחטות נייר קלינקס ל,Unknown,0.00,Unknown,false,1,10.90,10.90,true,1,
37600297943,false,מטבל סלסה חריף- צ'י צ'י 439 גר,,US,מטבל סלסה חריף צי צי,גרמים,439.00,100 גרם,false,1,21.90,4.99,true,1,
37600297967,false,מטבל סלסה בחריפות עדינה ציי צי 439 גר,,US,מטבל סלסה בחריפות עד,גרמים,439.00,100 גרם,false,1,21.90,4.99,true,1,
38000138638,false,פרינגלס פיצה 158 גרם,פרינגלס מנופקצורינג,US,פרינגלס פיצה 158 גרם,גרמים,158.00,100 גרם,false,1,8.90,5.63,true,1,
38000183690,false,פרינגלסמידי ברביקיו 71 גרם - חדש,,US,פרינגלס מידי ברביקיו,גרמים,71.00,100 גרם,false,1,5.80,8.17,true,1,
38000183928,false,פרינגלס חרדל ודבש 158 גרם,פרינגלס מניופקצ'ורינ,US,פרינגלס חרדל ודבש 15,גרמים,158.00,100 גרם,false,1,8.90,5.63,true,1,
38000197840,false,פרינגלס גלי בטעם חריף מתוק 137 ג',פרינגלס מניופקצ'ורינ,US,פרינגלס וייב חריף מת,גרמים,137.00,100 גרם,false,1,8.90,6.50,true,1,
38000202278,false,פרינגלס גלי בטעם אורגינל 130 ג',פרינגלס מניופקצ'ורינ,US,פרינגלס וייב אורגינל,גרמים,130.00,100 גרם,false,1,8.90,6.85,true,1,
38000232152,false,פרינגלס ברביקיו 158 גרם – חדש,פרינגלס מניופקצ'ורינ,US,פרינגלס ברביקיו 158,גרמים,158.00,100 גרם,false,1,8.90,5.63,true,1,
38000232176,false,פרינגלס שמנת ובצל 158 גרם,פרינגלס מניופקצ'ורינ,US,פרינגלס שמנת בצל 158,גרמים,158.00,100 גרם,false,1,8.90,5.63,true,1,
38000232183,false,פרינגלס אוריגינל 149 גרם,פרינגלס מניופקצ'ורינ,US,פרינגלס אוריגינל 149,גרמים,149.00,100 גרם,false,1,8.90,5.97,true,1,
38527591053,false,קואקר דגנים מרובעים שיבולת שועל וקינמון,BEVERAGES FOODS & SE,,דגני בוקר מרובעים קי,גרמים,411.00,100 גרם,false,1,17.90,4.36,true,1,
38527591060,false,קוואקר מרובעים אינסנט סוכר חום 430 ג',BEVERAGES FOODS & SE,,דגני בוקר מרובעים 4,גרמים,411.00,100 גרם,false,1,17.90,4.36,true,1,
38900779238,false,מיץ אננס דול רביעיות 4*250 מל,,,מיץ אננס דול רביעיות,מיליליטרים,1000.00,"100 מ""ל",false,1,17.90,1.79,true,1,
39000008051,false,טורטיה אורטגה ארוחת טאקו קיט,בי אנד גי,US,אורטגה טאקו ארוחת קי,גרמים,283.00,100 גרם,false,1,36.50,12.90,true,1,
39000008907,false,אורטגו רוטב טאקו מיילד 226 גרם,בי אנד גי,US,אורטגו רוטב טאקו מיי,גרמים,226.00,100 גרם,false,1,20.90,9.25,true,1,
39000015622,false,C&T סלסה מדיום אורטגה 453 גרם,,,C&T סלסה מדיום אורטג,גרמים,453.00,100 גרם,false,1,24.90,5.50,true,1,
39000015677,false,C&T סלסה מיילד אורטגה 454 גרם,,,C&T סלסה מיילד אורטג,גרמים,454.00,100 גרם,false,1,24.90,5.48,true,1,
39047001152,false,ווקרס עוגיות חמאה פינגרס 150 גרם,,,ווקרס עוגיות חמאה פי,גרמים,150.00,100 גרם,false,1,21.90,14.60,true,1,
39047005013,false,ווקרס עוגיות חמאה דגיסטיף 150 גרם,,,ווקרס עוגיות חמאה דג,גרמים,150.00,100 גרם,false,1,21.90,14.60,true,1,
39047050747,false,ווקרס עוגיות טופי פקאן 150 גרם,,,ווקרס עוגיות טופי פק,גרמים,150.00,100 גרם,false,1,21.90,14.60,true,1,
41143028681,false,צימוקים בקופסא סאן מייד 400 גר',,,צימוקים בקופסא 400 ג,גרמים,400.00,100 גרם,false,1,22.90,5.73,true,1,
41152232017,false,רובי קיסט רוטב חמוציות ג'לי 397 גרם,,,רוטב קרנברי גלי 397,גרמים,397.00,100 גרם,false,1,15.50,3.90,true,1,
41190045600,false,שופרייט דגנים פצפוצי אורז סקראנצ'י 340 ג,,,שופ רייט פצפוצי אורז,גרמים,340.00,100 גרם,false,1,29.50,8.68,true,1,
41190052035,false,שופרייט חרדל צהוב לחיץ 397 גרם,,US,שופרייט חרדל צהוב לח,גרמים,397.00,100 גרם,false,1,11.90,3.00,true,1,
41224468108,false,עגבניות מיובשות שמן זית 340 גרם ROLAND,סיגס גיטה,,עגבניות מיובשות שמן,גרמים,340.00,100 גרם,false,1,20.80,6.12,true,1,
41224700260,false,צלפים מיניאטורים בחומץ 90 ג,,,צלפים מיניאטורים בחו,Unknown,0.00,Unknown,false,1,19.50,19.50,true,1,
41255015296,false,מחית אוכמניות לעוגה 595 גרם,,,מלית אוכמניות לפאי 5,גרמים,595.00,100 גרם,false,1,26.90,4.52,true,1,
41331124379,false,שעועית פינטו 439 גרם,,,שעועית פינטו 439 גרם,גרמים,439.00,100 גרם,false,1,11.90,2.71,true,1,
41335000594,false,רוטב סלט קיסר 473 גר קנז,,,רוטב סלט קיסר 473 גר,גרמים,473.00,100 גרם,false,1,27.90,5.90,true,1,
41390001079,false,"רוטב סויה מופחת נתרן קיקומן 444 מ""ל",,US,רוטב סויה מופחת נתרן,מיליליטרים,444.00,"100 מ""ל",false,1,19.90,4.48,true,1,
41500000299,false,חרדל דבש דיגון 340 גר Frenches,,US,ממרח חרדל דיזון בטעם,גרמים,340.00,100 גרם,false,1,19.90,5.85,true,1,
41500007007,false,חרדל צהוב פרנצס קלאסי לחיץ 226 גרם,,US,ממרח על בסיס חרדל 22,גרמים,226.00,100 גרם,false,1,14.90,6.59,true,1,
41500013107,false,רוטב וורצסטר פרנצס29,רקיט בנקיזר,US,רוטב וורצסטר 296 מל,מיליליטרים,296.00,"100 מ""ל",false,1,19.90,6.72,true,1,
41500818436,false,"רד הוט רוטב באפלו לכנפיים 354 מ""ל",,,רד הוט רוטב באפלו לכ,מיליליטרים,354.00,"100 מ""ל",false,1,27.90,7.88,true,1,
41570113066,false,בלו דיאמנד משקה שקדים אוריג'נל ללא תוספת סוכר 1 ליטר,,ZA,משקה שקדים אוריגנל,ליטרים,0.00,ליטר,false,1,19.90,19.90,true,1,
41570113080,false,בלו דיאמנד משקה שקדים בטעם וניל ללא תוספת סוכר 1 ליטר,,ZA,משקה שקדים בטעם וניל,ליטרים,0.00,ליטר,false,1,20.90,20.90,true,1,
41740001155,false,גולד רוטב ברווז קנטונזי חמוץ מתוק 1.13קג,,,גולד רוטב ברווז קנטו,ליטרים,0.00,ליטר,false,1,32.90,32.90,true,1,
42400108153,false,דגני בוקר ממותקים פירות 354 ג'-TOOTIES FRUITIES,POST IIC,US,דגני פוסט טוטי פרוטי,גרמים,354.00,100 גרם,false,1,22.60,6.38,true,1,
43647160010,false,קונפיטורה תות שדה 340 גרם TIPTREE,,,קונפיטורה תות שדה,גרמים,340.00,100 גרם,false,1,29.90,8.79,true,1,
43647680037,false,ריבה למון קרד טיפטרי 312 גרם,,,ריבה למון קרד טיפטרי,גרמים,312.00,100 גרם,false,1,29.90,9.58,true,1,
46214731552,false,עוגיות שוקולד ציפס מובחרות 225 ג',קריניציה ויטמינה אס,NL,עוגיות מרבה שוקולד צ,גרמים,225.00,100 גרם,false,1,8.90,3.96,true,1,
48327203513,false,"שמן זית כתית מעולה 750 מ""ל YBARRA",,ES,שמן זית כתית מעולה 7,מיליליטרים,750.00,"100 מ""ל",false,1,39.90,5.32,true,1,
50000015474,false,פריסקיז מעדני הים 4*,פורינה,US,פריסקיז מעדני הים 1.,קילוגרמים,0.00,"ק""ג",false,1,35.90,35.90,true,1,
50000084500,false,"פריסקיז מנתחי ברביקיו 1.4 ק""ג",פורינה,US,פריסקיז נתחי ברביקיו,קילוגרמים,0.00,"ק""ג",false,1,35.90,35.90,true,1,
50000100347,false,"פריסקיז - מעדני החתול מועשר בחלב 1.40 ק""ג",פורינה,US,פריסקיז מעדני החתול,קילוגרמים,0.00,"ק""ג",false,1,35.90,35.90,true,1,
50000168583,false,"פריסקיז אקסטרא קראנץ 1.43 ק""ג",פורינה,US,פריסקיז אקסטרא קראנץ,Unknown,1.00,Unknown,false,1,35.90,35.90,true,1,
50000225224,false,פריסקיז פריים פילה הודו ברוטב 156 גר,פורינה,US,פריסקיז פריים פילה ה,גרמים,156.00,100 גרם,false,1,6.90,4.42,true,1,
50000397587,false,נסטלה אבקת שוקו חלב 121 גרם,נסטלה,US,נסטלה אבקת שוקו חלב,גרמים,121.00,100 גרם,false,1,21.90,18.10,true,1,
50000429646,false,פנסי פיסט דגי אוקיינוס 85 גרם,פורינה,US,פנסי פיסט דגי אוקיינ,גרמים,85.00,100 גרם,false,1,5.90,6.94,true,1,
50000429844,false,פנסי פיסט פטה הודו ועוף,פורינה,US,פינסי פיטס הודוו נתח,גרמים,85.00,100 גרם,false,1,5.90,6.94,true,1,
50000503896,false,פנסי פיסט גרילד סלמון,פורינה,US,פנסי פיסט גרילד סלמ,גרמים,85.00,100 גרם,false,1,5.90,6.94,true,1,
50000574988,false,פנסי פיסט חתלתולים,,,פנסי פיסט חתלתולים,גרמים,85.00,100 גרם,false,1,5.90,6.94,true,1,
51131978393,false,זוג שפורפרות סופר גלו גל 4 גר,,,זוג שפורפרות סופר גל,Unknown,0.00,Unknown,false,1,19.90,19.90,true,1,
51141234892,false,סקוטש ברייט גליל ניירות דביקים 60 דף,,,סקוטש ברייט גליל ניי,Unknown,0.00,Unknown,false,1,25.90,25.90,true,1,
51141314990,false,מתלה אמבט דמוי ניקל עם פס הדבקה נוסף,,CN,מתלה אמבט דמוי ניקל+,Unknown,0.00,Unknown,false,1,25.90,25.90,true,1,
52100002453,false,תערובת תיבול לסטייק 96 גר,,US,תערובת תיבול לסטייק,גרמים,96.00,100 גרם,false,1,19.90,20.73,true,1,
52100002460,false,תערובת תיבול לעוף ודג 77 גר,מקרומיק,US,תערובת תיבול לעוף וד,גרמים,77.00,100 גרם,false,1,19.90,25.84,true,1,
52100004389,false,קינמון טחון 67 גרם M,,US,קינמון טחון 67 גר,גרמים,67.00,100 גרם,false,1,21.90,32.69,true,1,
52100006260,false,אבקת שום 88 גרם McCo,מקרומיק,US,אבקת שום 88 גר,גרמים,88.00,100 גרם,false,1,29.50,33.52,true,1,
52100030043,false,פלפל שחור טחון גס 42 גר,מקרומיק,US,פלפל שחור טחון גס 42,גרמים,42.00,100 גרם,false,1,19.90,47.38,true,1,
52100041155,false,תערובת מלח הימליה ורוד פלפל ושום 184 גר,מקורמיק,US,תערובת מלח הימליה ור,גרמים,184.00,100 גרם,false,1,26.50,14.40,true,1,
52100070643,false,תמצית טעם שקדים 29 גר,,US,תמצית טעם שקדים 29 ג,גרמים,29.00,100 גרם,false,1,9.90,34.14,true,1,
52100070865,false,תמצית וניל טהור מקורמיק 29 גר',מקורמיק,US,תמצית וניל תהור 29 ג,גרמים,29.00,100 גרם,false,1,29.90,103.10,true,1,
52100070995,false,תמצית טעם וניל 59 גר,,US,תמצית טעם וניל 59 גר,גרמים,59.00,100 גרם,false,1,10.90,18.47,true,1,
52100142593,false,תערובת תיבול להמבורגר 77 גר,,US,תערובת תיבול להמבורג,גרמים,77.00,100 גרם,false,1,19.90,25.84,true,1,
52100746043,false,תערובת פלפלים במטחנה 24 גר,מקורמיק,FR,תערובת תיבול פלפלים,גרמים,24.00,100 גרם,false,1,17.90,74.58,true,1,
52600751219,false,פלאף- ממרח מרשמלו בטעם וניל 213 גרם,,US,פלאף- ממרח מרשמלו בט,גרמים,213.00,100 גרם,false,1,17.90,8.40,true,1,
52600751233,false,פלאף - ממרח מרשמלו בטעם תות 213 גרם,Duracell,US,פלאף - ממרח מרשמלו ב,גרמים,213.00,100 גרם,false,1,17.90,8.40,true,1,
54100006769,false,"פרוסות חלפיניו חריף ולאסיק 355 מ""ל",,US,פרוסות חלפיניו חריף,מיליליטרים,355.00,"100 מ""ל",false,1,18.90,5.32,true,1,
54100977601,false,אופן פיט רוטב BBQ סמיך אוריגינל 510 גרם,פיניקל פודס גרופ,US,אופן פיט רוטב BBQ סמ,גרמים,510.00,100 גרם,false,1,15.10,2.96,true,1,
54881000208,false,תה שחור לימון וגינגיר 20 שקיות אחמד,,,תה שחור לימון וגינגי,Unknown,0.00,Unknown,false,1,13.00,13.00,true,1,
54881006958,false,תה שחור קינמון 20 שקיקים אחמד,,,תה שחור קינמון 20 שק,Unknown,0.00,Unknown,false,1,13.00,13.00,true,1,
54881008174,false,תה אחמד ארל גריי 100 שקיקים,,,תה אחמד ארל גריי 100,גרמים,180.00,100 גרם,false,1,21.50,11.94,true,1,
54881008181,false,תה אחמד אינגליש 100 שקיקים,,,תה אחמד אינגליש 100,גרמים,200.00,100 גרם,false,1,21.50,10.75,true,1,
55369900386,false,"אפלסנקס רסק תפו""ע ללא סוכר 113 גרם שישייה",,,"רסק תפ""ע ללת""ס 113 ג",גרמים,678.00,100 גרם,false,1,24.90,3.67,true,1,
55369901673,false,אפלסנקס רביעיות רסק תפוחי עץ אפרסק ללא תוספת סוכר,ליייהי אורצ'רדס,,"אפלסנק ללת""ס רסק תפו",גרמים,113.00,100 גרם,false,1,17.40,15.40,true,1,
55369902342,false,אפלסנקס צנצנת רסק תפוחי עץ ממותק בסגנון ביתי 680 גרם עברית,לייהי אורצרדס,CA,"אפלסנק רסק תפו""ע בית",גרמים,709.00,100 גרם,false,1,15.90,2.24,true,1,
55369902557,false,אפלסנקס רביעיות רסק תפוחי עץ ממותק בסגנון ביתי עברית,ליייהי אורצ'רדס,,"רסק תפו""ע ביתי רביעי",גרמים,113.00,100 גרם,false,1,17.40,15.40,true,1,
58449602187,false,קורנפלקס דבש אורגני,,,קורנפלקס בדבש 300 גר,גרמים,300.00,100 גרם,false,1,24.90,8.30,true,1,
62558003209,false,"מייפל סירופ אורגני 946 מ""ל",,,מייפל סירופ אורגני 9,מיליליטרים,946.00,"100 מ""ל",false,1,112.90,11.93,true,1,
62558202381,false,"מייפל אורגני טהור 100% 236 מ""ל",,,מייפל אורגני טהור 10,מיליליטרים,236.00,"100 מ""ל",false,1,28.90,12.25,true,1,
62558212519,false,"סירופ מייפל טהור 251 מ""ל",,,סירופ מייפל טחור 251,מיליליטרים,251.00,"100 מ""ל",false,1,35.90,14.30,true,1,
63517877145,false,פרנקיז חטיף צדר אורז קינואה אורגני 113,,CA,פרנקיז חטיף צדר אורז,גרמים,113.00,100 גרם,false,1,21.90,19.38,true,1,
63517877152,false,חטיף חלפיניו אורז קינואה אורגני 113,,CA,חטיף חלפיניו אורז קי,גרמים,113.00,100 גרם,false,1,21.90,19.38,true,1,
64144090013,false,"ספריי שמן PAM בטעם חמאה 141 מ""ל",קונאגרה פודס,,ספריי שמן PAM בטעם ח,גרמים,141.00,100 גרם,false,1,20.90,14.82,true,1,
64144090020,false,"ספריי שמן PAM בטעם שמן זית 141 מ""ל",קונאגרה פודס,,ספריי שמן PAM בטעם ש,מיליליטרים,141.00,"100 מ""ל",false,1,20.90,14.82,true,1,
64144090051,false,"ספריי שמן PAM קנולה אורגינל 148 מ""ל",קונאגרה פודס,FI,ספריי שמן PAM קנולה,מיליליטרים,148.00,"100 מ""ל",false,1,20.90,14.12,true,1,
70177077563,false,תה ארל גריי 25 שקיות טוינינגס 50 גר,אר. טווינינגס אנד קו,PL,תה ארל גריי 25 שקיות,גרמים,50.00,100 גרם,false,1,18.90,37.80,true,1,
70177077693,false,תה אנגליש ברקפסט 25 שקיות טוינינגס 50 גר,אר. טווינינגס אנד קו,PL,תה אנגליש ברקפסט 25,גרמים,50.00,100 גרם,false,1,18.90,37.80,true,1,
70177078904,false,תה אנגליש ברקפסט 50 שקיות טוינינגס,,PL,תה אינגליש ברקפסט 50,גרמים,100.00,100 גרם,false,1,34.90,34.90,true,1,
70177086664,false,תה ירוק טהור 25 שק TWININGS,טוינינג,GB,תה גרין פיור 50 גרם,Unknown,0.00,Unknown,false,1,21.90,21.90,true,1,
70177173159,false,תה ירוק עם לימון 25 שק TWININGS,אר. טווינינגס אנד קו,PL,תה גרין לימון 40 גרם,Unknown,0.00,Unknown,false,1,21.90,21.90,true,1,
70177173166,false,תה יסמין ירוק 25 שקיקים TWININGS,,PL,תה גרין יסמין 45 גרם,Unknown,0.00,Unknown,false,1,21.90,21.90,true,1,
70177173203,false,תה ירוק עם מנטה 25 שק. טוינינגס,טוינינג,GB,תה גרין מינט 37.5 גר,Unknown,0.00,Unknown,false,1,21.90,21.90,true,1,
70177176914,false,תה טווינינג ארל גריי נטול קפאין 25 שקיקי,,,תה טווינינג ארל גריי,Unknown,0.00,Unknown,false,1,21.90,21.90,true,1,
70177177683,false,חליטה קמומיל האני 30 גרם טווינינג,,PL,חליטה קמומיל האני 30,Unknown,0.00,Unknown,false,1,18.80,18.80,true,1,
70177177737,false,חליטה פיור קמומיל 20 גרם טווינינג,,PL,חליטה פיור קמומיל 20,Unknown,0.00,Unknown,false,1,18.80,18.80,true,1,
70177273330,false,חליטת ורבנה 37.5 גרם טווינינג,,PL,חליטת ורבנה 37.5 גרם,גרמים,38.00,100 גרם,false,1,18.80,49.47,true,1,
71567749848,false,סוכריות גלי בלי 20 טעמים 250 גרם קופסה,,,סוכריות גלי בלי 20 ט,גרמים,250.00,100 גרם,false,1,39.90,15.96,true,1,
71567990516,false,גלי בלי בינבוזל קופסת ספינר 100 גרם,,,גלי בלי בינבוזל קופס,גרמים,100.00,100 גרם,false,1,46.90,46.90,true,1,
71570001841,false,גלי בלי סוכריות בטעמים חמוצים 70 גרם,ג'לי בלי קינדי,TH,גלי בלי סוכריות בטעמ,גרמים,70.00,100 גרם,false,1,13.90,19.86,true,1,
71570001858,false,גלי בלי סוכריות מיקס פירות 70 גרם,ג'לי בלי קינדי,TH,גלי בלי סוכריות מיקס,גרמים,70.00,100 גרם,false,1,13.90,19.86,true,1,
72600001626,false,הר חטיף תפוח אדמה דבש ברביקיו 99 גרם,הר פודס,US,הר חטיף תפוח אדמה דב,גרמים,99.00,100 גרם,false,1,23.90,24.14,true,1,
72600007123,false,הר חטיף תפוח אדמה קטל טבעי 170 גרם,הר פודס,US,הר חטיף תפוח אדמה קט,גרמים,170.00,100 גרם,false,1,23.90,14.06,true,1,
72600007130,false,הר חטיף תפוח אדמה חלפינו חריף 170 גרם,,,הר חטיף תפוח אדמה,גרמים,170.00,100 גרם,false,1,23.90,14.06,true,1,
72600062290,false,הר חטיף בטעם גבינה חריף 198 גרם,הר פודס,US,הר חטיף בטעם גבינה ח,גרמים,198.00,100 גרם,false,1,24.90,12.58,true,1,
72600062306,false,הרס חטיף במבה בטעם גבינה 198 גרם,הר פודס,,הר חטיפים בטעם גבינה,גרמים,198.00,100 גרם,false,1,24.90,12.58,true,1,
72600062313,false,הר חטיף גבינה בפאלו גבינה כחולה 198 גר,הר פודס,,הר חטיף גבינה בפאלו,גרמים,198.00,100 גרם,false,1,24.90,12.58,true,1,
74261110334,false,רוטב סויה תמרי 1 ליטר,תמרי,,רוטב סויה תמרי 1 ל,מיליליטרים,1000.00,"100 מ""ל",false,1,35.90,3.59,true,1,
74305001161,false,"חומץ תפוחים אורגני לא מסונן 473 מ""ל",,US,חומץ תפוחים אורגני ל,מיליליטרים,473.00,"100 מ""ל",false,1,24.20,5.12,true,1,
74410470050,false,אצות קומבו 57 גרם רונגצאנג,,,אצות קומבו 57 גרם רו,גרמים,57.00,100 גרם,false,1,12.50,21.93,true,1,
74570004003,false,גלידת שמנת משובחת ונ,האגן דאז,,גלידה האגן דאז וניל,גרמים,417.00,100 גרם,false,1,26.50,6.35,true,1,
74570024001,false,"גלידת שמנת תות שדה 500 מ""ל",האגן דאז,,גלידה האגן דאז תות,גרמים,417.00,100 גרם,false,1,26.50,6.35,true,1,
74570174003,false,"גלידת שמנת אגוזי מקדמיה 473 מ""ל",האגן דאז,,גלידה האגן דאז מקדמי,מיליליטרים,473.00,"100 מ""ל",false,1,26.50,5.60,true,1,
74570274000,false,"גלידת שמנת קרם עוגיות 473 מ""ל",האגן דאז,,גלידה האגן דאז,מיליליטרים,473.00,"100 מ""ל",false,1,26.50,5.60,true,1,
74570610051,false,"גלידת שמנת שוקולד בלגי 500 מ""ל",האגן דאז,,גלידה האגן דאז שוקול,גרמים,417.00,100 גרם,false,1,26.50,6.35,true,1,
74603003287,false,סאמיאנג נודלס ראמן בטעם קימצי 120 גרם,סאמיאנג פודס,KR,סאמיאנג נודלס ראמן ב,גרמים,120.00,100 גרם,false,1,11.90,9.92,true,1,
74603005922,false,סאמיאנג נודלס ראמן עם שעועית שחורה 140 ג,סאמיאנג פודס,KR,סאמיאנג נודלס ראמן ע,גרמים,140.00,100 גרם,false,1,11.90,8.50,true,1,
74880020403,false,טוגראשי נאנאמי 15 גרם,,,טוגראשי נאנאמי 15 גר,גרמים,15.00,100 גרם,false,1,19.60,130.67,true,1,
75039007979,false,מריה רוטב פסטה עם בזיליקום 680 גרם,"מאכלי עולם ר.ז. בע""מ",,מריה רוטב פסטה עם בז,גרמים,680.00,100 גרם,false,1,15.90,2.34,true,1,
75039008013,false,רוטב פסטה ספגטי איטלקי מריה 680 גר',גיוהבי פודס,,מריה רוטב ספגטי איטל,גרמים,680.00,100 גרם,false,1,17.90,2.63,true,1,
76808009361,false,עוגיות לב ושבבי שוקולד מריר 200 גרם,,,עוגיות לב ושבבי שוקו,גרמים,180.00,100 גרם,false,1,14.90,8.28,true,1,
76840100156,false,"בן אנד גריס גלידת צרי גרסיה 500 מ""ל",מוצרי איכות אמריקאיי,US,גלידת צרי גרסיה בן,גרמים,441.00,100 גרם,false,1,24.90,5.65,true,1,
76840100583,false,"גלידת וניל עם בצק עוגיות בן וג'ירי 473 מ""ל",מוצרי איכות אמריקאיי,,בן אנד גריס וניל עם,גרמים,500.00,100 גרם,false,1,24.90,4.98,true,1,
76840400218,false,"גלידה בן&ג'ריס תות שדה ועוגת גבינה 500מ""ל",מוצרי איכות אמריקאיי,,בן אנד גריס עוגת גבי,מיליליטרים,473.00,"100 מ""ל",false,1,24.90,5.26,true,1,
77975022757,false,בייגלה אמריקאי ענק בקופסא 390 גר,סניידרס,,בייגלה אמריקאי ענק ב,גרמים,390.00,100 גרם,false,1,16.90,4.33,true,1,
77975093108,false,"בייגלה מצופה כעכים בציפוי בטעם שוקולד לבן, 141 ג סניידרס",,,בייגלה סניידרס בציפו,גרמים,141.00,100 גרם,false,1,17.90,12.70,true,1,
77975094624,false,"סניידרס סנדוויץ בייגלה במילוי חמאת בוטנים , 226 ג'",סניידרס,US,סניידרס שברי בייגלה,גרמים,270.00,100 גרם,false,1,16.90,6.26,true,1,
77975094631,false,סנדוויץ' בייגלה במילוי בטעם קרם צ'דר 226 גר',סיינדרס,US,סניידרס סנדוויץ בייג,גרמים,283.00,100 גרם,false,1,16.90,5.97,true,1,
77975094761,false,שברי בייגלה סניידרס בטעם צידר 340 גרם,סניידרס,US,שברי בייגלה סניידרס,גרמים,340.00,100 גרם,false,1,16.90,4.97,true,1,
77975094778,false,שברי בייגלה סניידרס בטעם דבש חרדל 340 גר,סניידרס,US,שברי בייגלה סניידרס,גרמים,340.00,100 גרם,false,1,16.90,4.97,true,1,
78522000150,false,שמפו חוחובה + שמן קיק גייסון 411 גרם,,US,שמפו חוחובה + שמן קי,גרמים,411.00,100 גרם,false,1,49.90,12.14,true,1,
78522000198,false,מרכך חוחובה + שמן קיק גייסון 411 גרם,,US,מרכך חוחובה + שמן קי,גרמים,411.00,100 גרם,false,1,49.90,12.14,true,1,
78522007289,false,גייסון משחת שיניים לילדים בטעם תות,,,גייסון משחת שיניים ל,Unknown,0.00,Unknown,false,1,29.90,29.90,true,1,
78522015000,false,ג'ייסון משחת שיניים מנטה,,,גייסון משחת שיניים מ,Unknown,0.00,Unknown,false,1,39.90,39.90,true,1,
78522015109,false,ג'ייסון משחת שיניים ניחוח ים מרענן,,,גייסון משחת שיניים נ,Unknown,0.00,Unknown,false,1,39.90,39.90,true,1,
78522030270,false,גייסון גל רחצה עץ התה,,,גייסון גל רחצה עץ הת,Unknown,0.00,Unknown,false,1,89.90,89.90,true,1,
78522040118,false,"ג'ייסון שמן ויטמין e – 32,000 יחידות",,,שמן ויטמין E גייסון,מיליליטרים,30.00,"100 מ""ל",false,1,99.90,333.00,true,1,
78522050124,false,"קרם ויטמין E להחייאת העור גייסון 113 מ""ל",,US,קרם ויטמין E להחייאת,מיליליטרים,113.00,"100 מ""ל",false,1,79.90,70.71,true,1,
78522060307,false,תרחיץ פילינג גייסון 113 גרם,,,תרחיץ פילינג גייסון,גרמים,113.00,100 גרם,false,1,59.90,53.01,true,1,
78522090656,false,ג'ייסון - דאודורנט סטיק לבנדר 71 גרם,,,גייסון דאורדורנט סטי,Unknown,0.00,Unknown,false,1,49.90,49.90,true,1,
79927102111,false,פרצל בייגלה אוריגינל 284 גר,יוניק פרצל בייקרי,US,פרצל בייגלה אוריגינל,גרמים,284.00,100 גרם,false,1,19.90,7.01,true,1,
80432402993,false,"וויסקי סינגל מאלט גלן גראנט 700 מ""ל TMR",,,וויסקי סינגל מאלט גל,מיליליטרים,750.00,"100 מ""ל",false,1,104.90,13.99,true,1,
82184090442,false,וויסקי גק דניאלס 1 ליטר,,,וויסקי גק דניאלס 1 ל,מיליליטרים,1000.00,"100 מ""ל",false,1,140.90,14.09,true,1,
84253240451,false,"אימג'ן ציר אורגני בטעם עוף 946 מ""ל מפוקח לאורגני על ידי סקאל ישראל",,,אימגן ציר אורגני בטע,מיליליטרים,946.00,"100 מ""ל",false,1,34.90,3.69,true,1,
84380957444,false,סאנט דלפור תות שדה 284 גרם,,,סאנט דלפור תות שדה 2,גרמים,284.00,100 גרם,false,1,20.90,7.36,true,1,
84380957741,false,סאנט דלפור פטל אדום 284 גר,,,סאנט דלפור פטל אדום,גרמים,284.00,100 גרם,false,1,20.90,7.36,true,1,
84380957840,false,סאנט דלפור ארבעה פירות 284 גרם,,,סאנט דלפור ארבעה פיר,גרמים,284.00,100 גרם,false,1,20.90,7.36,true,1,
84380958342,false,סאנט דלפור מנגו אננס 284 גרם,,,סאנט דלפור מנגו אננס,גרמים,284.00,100 גרם,false,1,20.90,7.36,true,1,
84380984563,false,סאנט דלפור חמוציות ואוכמניות 284 גרם,,,סאנט דלפור חמוציות ו,גרמים,284.00,100 גרם,false,1,20.90,7.36,true,1,
84380985812,false,אנט דלפור פטל שחור 284 גרם,,,אנט דלפור פטל שחור 2,גרמים,284.00,100 גרם,false,1,20.90,7.36,true,1,
85696608037,false,טופו רך ללא גלוטן 340 גר,,,טופו רך ללא גלוטן 34,מיליליטרים,340.00,"100 מ""ל",false,1,13.50,3.97,true,1,
85696608044,false,טופו ללא גלוטן מזרח,Morinaga NUTRITIONAL,US,טופו ללא גלוטן 349 ג,מיליליטרים,349.00,"100 מ""ל",false,1,10.90,3.12,true,1,
87666052888,false,"רוטב סריראצ`ה עם למון גראס 455 מ""ל",,,רוטב סריראצ`ה עם למו,מיליליטרים,455.00,"100 מ""ל",false,1,29.50,6.48,true,1,
89397344362,false,רוטב דיניקולה פסטה בטעם מרינדה 737 גרם,ג'יאובני פוד אינק,,רוטב פסטה מרינרה 737,גרמים,737.00,100 גרם,false,1,17.90,2.43,true,1,
93133737325,false,רוטב טריאקי שומשום עברית 566 גרם,קיוטה קיצ'ן,US,רוטב טריאקי שומשום ע,גרמים,566.00,100 גרם,false,1,44.90,7.93,true,1,
142486201806,false,"חטיף חלבון שוקולד מריר ללת""ס 4*50 גרם",,,חטיף חלבון שוקולד מר,גרמים,200.00,100 גרם,false,1,45.90,22.95,true,1,
142486201844,false,"חטיף חלבון קרמל קראנץ ללת""ס 4*47 גרם",,,חטיף חלבון קרמל קראנ,גרמים,188.00,100 גרם,false,1,45.90,24.41,true,1,
308910525744,false,אטריות אורז דקות 454 גרם,Oriental food co. lt,TH,אטריות אורז דקות 454,גרמים,454.00,100 גרם,false,1,11.40,2.51,true,1,
350007641028,false,משחת שיניים 2 ב-1 הלבנה קולגייט 130 ג',,,מש.שיניים קולגייט 2,גרמים,130.00,100 גרם,false,1,19.90,15.31,true,1,
605453120277,false,מקלות סורימי קפוא 454 גרם,,,מקלות סורימי 454 גר,גרמים,454.00,100 גרם,false,1,34.90,7.69,true,1,
608614307135,false,חסה סלנובה 160 גרם,חקלאי,IL,חסה סלנובה 160 גר,גרמים,160.00,100 גרם,false,1,14.90,9.31,true,1,
608614323630,false,חטיף חלבון שקדים דובדבן,,,חטיף חלבון שקדים דוב,Unknown,0.00,Unknown,false,1,15.90,15.90,true,1,
608614342631,false,פרסבורגר פרג,,,פרסבורגר פרג,Unknown,0.00,Unknown,false,1,43.90,43.90,true,1,
608614342648,false,שמרים גבינה דובדבן,,,שמרים גבינה דובדבן,Unknown,0.00,Unknown,false,1,43.90,43.90,true,1,
608614342655,false,קראנץ אגוזים,,,קראנץ אגוזים,Unknown,0.00,Unknown,false,1,43.90,43.90,true,1,
608614342662,false,קראנץ שוקולד,,,קראנץ שוקולד,Unknown,0.00,Unknown,false,1,43.90,43.90,true,1,
608614342679,false,בריוש שזיף,,,בריוש שזיף,Unknown,0.00,Unknown,false,1,43.90,43.90,true,1,
608614342686,false,בריוש אוכמניות,,,בריוש אוכמניות,Unknown,0.00,Unknown,false,1,43.90,43.90,true,1,
608614342693,false,קראנץ חלבה,,,קראנץ חלבה,Unknown,0.00,Unknown,false,1,43.90,43.90,true,1,
608614342716,false,שטרודל תפוחים,,,שטרודל תפוחים,Unknown,0.00,Unknown,false,1,43.90,43.90,true,1,
608614342723,false,עוגה בחושה,,,עוגה בחושה,Unknown,0.00,Unknown,false,1,39.90,39.90,true,1,
608614342730,false,בראוניז שוקולד,,,בראוניז שוקולד,Unknown,0.00,Unknown,false,1,43.90,43.90,true,1,
608614342747,false,פאי אגוזים,,,פאי אגוזים,Unknown,0.00,Unknown,false,1,43.90,43.90,true,1,
608614342754,false,עוגיות פרימיום,,,עוגיות פרימיום,Unknown,0.00,Unknown,false,1,37.90,37.90,true,1,
608614342778,false,סברינה,,,סברינה,Unknown,0.00,Unknown,false,1,15.90,15.90,true,1,
608614342785,false,פאי פרג,,,פאי פרג,Unknown,0.00,"ק""ג",true,0,57.90,57.90,true,1,
608614342792,false,מארז פחזניות,,,מארז פחזניות,Unknown,0.00,Unknown,false,1,49.90,49.90,true,1,
608614342808,false,בגט אוטנטיק,,,בגט אוטנטיק,Unknown,0.00,Unknown,false,1,8.90,8.90,true,1,
608614342815,false,מארז לחמניות,,,מארז לחמניות,Unknown,0.00,Unknown,false,1,16.90,16.90,true,1,
608614342860,false,לחם מיוחד שמרים,,,לחם מיוחד שמרים,Unknown,0.00,Unknown,false,1,19.90,19.90,true,1,
608614342921,false,חלת שמרים,,,חלת שמרים,Unknown,0.00,Unknown,false,1,15.90,15.90,true,1,
613008742348,false,בקבוק אריזונה ג'נסינג ודבש 1 ליטר,"נטורלה גטרנק בע""מ",DE,אריזונה גנסנג ודבש ב,מיליליטרים,1000.00,"100 מ""ל",false,1,11.80,1.18,true,1,
613008742409,false,בקבוק אריזונה אפרסק 1 ליטר,"נטורלה גטרנק בע""מ",DE,אריזונה אפרסק בקבוק,מיליליטרים,1000.00,"100 מ""ל",false,1,11.80,1.18,true,1,
613008753290,false,"בקבוק אריזונה אפרסק 450 מ""ל",נובה טרייד,BG,"אריזונה אפרסק 450 מ""",מיליליטרים,450.00,"100 מ""ל",false,1,7.50,1.67,true,1,
613008753320,false,"בקבוק אריזונה ג'ינג'ר ודבש 450 מ""ל",נובה טרייד,BG,אריזונה גינסנג ודבש,מיליליטרים,450.00,"100 מ""ל",false,1,7.50,1.67,true,1,
613008753351,false,"בקבוק אריזונה רימונים 450 מ""ל",נובה טרייד,BG,אריזונה רימונים 450,מיליליטרים,450.00,"100 מ""ל",false,1,7.50,1.67,true,1,
613008753382,false,"בקבוק אריזונה אוכמניות 450 מ""ל",נובה טרייד,BG,אריזונה אוכמניות 450,מיליליטרים,450.00,"100 מ""ל",false,1,7.50,1.67,true,1,
613008755461,false,בקבוק אריזונה אוכמניות 1 ליטר,"נטורלה גטרנק בע""מ",DE,אריזונה אוכמניות בקב,מיליליטרים,1000.00,"100 מ""ל",false,1,11.80,1.18,true,1,
628154383659,false,דגני בוקר פרוטי פבלס 311 ג' POST,PO קוד יצרן,PL,דגנים בטעם פירות 311,גרמים,311.00,100 גרם,false,1,21.90,7.04,true,1,
637793002500,false,מאקייס מרמלדת תפוזים דנדי 340 גר,,,מאקייס מרמלדת תפוזים,גרמים,340.00,100 גרם,false,1,22.90,6.74,true,1,
638102201010,false,חטיף זון קלסיק שוקולד חמאת בוטנים 50 גר,"אבוט נוטרישן, מעבדות",US,חטיף זון קלסיק שוקול,גרמים,50.00,100 גרם,false,1,13.90,27.80,true,1,
638102201416,false,חטיף זון פרוטיפיד תות יוגורט 50 גר,"אבוט נוטרישן, מעבדות",US,חטיף זון פרוטיפיד תו,גרמים,50.00,100 גרם,false,1,13.90,27.80,true,1,
638102204646,false,חטיף זון שוקולד שקד צימוק 50 גר,,,חטיף זון שוקולד שקד,גרמים,50.00,100 גרם,false,1,13.90,27.80,true,1,
638102582737,false,חטיף זון קלסיק רול קינמון 50 גר,"אבוט נוטרישן, מעבדות",US,חטיף זון קלסיק רול ק,גרמים,50.00,100 גרם,false,1,13.90,27.80,true,1,
644209412259,false,תערובת להכנת עוגת RED VELVET 432 גרם,,,תערובת להכנת עוגת RE,גרמים,432.00,100 גרם,false,1,24.90,5.76,true,1,
645173863337,false,שימורי ביצי דג מינטאי פמלי פק 185 גר,,,שימורי ביצי דג מינטא,גרמים,185.00,100 גרם,false,1,13.50,7.30,true,1,
645173863351,false,שימורי ביצי דג מינטאי מעושן פמלי פק 185,,,שימורי ביצי דג מינטא,גרמים,185.00,100 גרם,false,1,13.50,7.30,true,1,
645173911038,false,מלפפון קורנישון מיני בצנצנת 720ג',קלמן אינדיה,,קורנישון מיני בצנצנת,גרמים,720.00,100 גרם,false,1,10.90,1.51,true,1,
645173995694,false,רוטב עגבניות סאציבלי אימרטי 370 גר,,,רוטב עגבניות סאציבלי,גרמים,370.00,100 גרם,false,1,11.90,3.22,true,1,
649660432020,false,היל ויו שזיפים מיובשים מגולענים 567 גרם,"היל ויו בע""מ",,היל ויו שזיפים מיובש,גרמים,567.00,100 גרם,false,1,29.90,5.27,true,1,
649870165695,false,חטיף נייטיב לכלב מקל,לנגי,CN,חטיף נייטיב לכלב מקל,Unknown,1.00,Unknown,false,1,15.90,15.90,true,1,
649870165718,false,חטיף נייטיב לכלב עיג,לנגי,CN,חטיף נייטיב לכלב עיג,Unknown,1.00,Unknown,false,1,15.90,15.90,true,1,
655553698777,false,שרשרת דגלים יום הולד,,,שרשרת דגלים יום הולד,Unknown,0.00,Unknown,false,1,9.90,9.90,true,1,
661176010028,false,צבע לשיער N3,,,צבע לשיער N3,Unknown,0.00,Unknown,false,1,59.90,59.90,true,1,
661176010066,false,צבע לשיער N8,,,צבע לשיער N8,Unknown,0.00,Unknown,false,1,59.90,59.90,true,1,
661176010073,false,צבע לשיער N9,,,צבע לשיער N9,Unknown,0.00,Unknown,false,1,59.90,59.90,true,1,
661176010905,false,צבע לשיער N4,,,צבע לשיער N4,Unknown,0.00,Unknown,false,1,59.90,59.90,true,1,
666522900084,false,ריבת גינגר 340 גרם,,,ריבת גינגר,גרמים,340.00,100 גרם,false,1,22.90,6.74,true,1,
666522900091,false,צ`יברס מרמלדת תפוזים בסגנון אנגלי 340 גר,,,צ`יברס מרמלדת תפוזים,גרמים,340.00,100 גרם,false,1,22.90,6.74,true,1,
666522900138,false,ריבה פודינג לימון 320 גרם,,,ריבה פודינג לימון,גרמים,320.00,100 גרם,false,1,22.90,7.16,true,1,
686412282984,false,נתחי טונה לבנה בשמן זית 220 גרם ORTIZ,אורטיז,ES,נתחי טונה לבנה בשמן,גרמים,220.00,100 גרם,false,1,46.90,21.32,true,1,
693493010818,false,"נאצוס - חטיף טורטיה ע""ב תירס בטע 200 גר",או. קיי סניקס,DK,נאצוס חטיף טורטיה,גרמים,200.00,100 גרם,false,1,10.90,5.45,true,1,
693493065658,false,"טחינה הר כנען טחינה שכם לבנה 100% 1 ק""ג",,,טחינה הר כנען טחינה,גרמים,1000.00,100 גרם,false,1,29.90,2.99,true,1,
693493065672,false,טחינה מלאה הר כנען 100% שומשום 500 גר,,IL,טחינה מלאה הר כנען 1,גרמים,500.00,100 גרם,false,1,15.90,3.18,true,1,
693493095532,false,עוגיות אלפחורס ממולא,,,עוגיות אלפחורס ממולא,Unknown,0.00,Unknown,false,1,37.90,37.90,true,1,
693493095563,false,עוגיות שומשום ללא תו,,,עוגיות שומשום ללא תו,Unknown,0.00,Unknown,false,1,37.90,37.90,true,1,
693493095587,false,עוגיות חמאה ללא תוספ,,,עוגיות חמאה ללא תוספ,Unknown,0.00,Unknown,false,1,37.90,37.90,true,1,
693493095594,false,עוגיות מלוחות,,,עוגיות מלוחות,Unknown,0.00,Unknown,false,1,37.90,37.90,true,1,
693493095662,false,עוגיות גרנולה שוקולד,,,עוגיות גרנולה שוקולד,Unknown,0.00,Unknown,false,1,37.90,37.90,true,1,
693493095679,false,אוזני פיל,,,אוזני פיל,Unknown,0.00,Unknown,false,1,37.90,37.90,true,1,
693493095686,false,גבינה פירורים,,,גבינה פירורים,Unknown,0.00,Unknown,false,1,57.90,57.90,true,1,
693493095693,false,גבינה פירורים ללא תו,,,גבינה פירורים ללא תו,Unknown,0.00,Unknown,false,1,57.90,57.90,true,1,
693493095754,false,פררו רושה,,,פררו רושה,Unknown,0.00,Unknown,false,1,57.90,57.90,true,1,
693493095778,false,מוס שוקולד מקופלת,,,מוס שוקולד מקופלת,Unknown,0.00,Unknown,false,1,57.90,57.90,true,1,
693493095815,false,טריקולד,,,טריקולד,Unknown,0.00,Unknown,false,1,57.90,57.90,true,1,
693493095877,false,קראנץ שוקולד נוגטלה,,,קראנץ שוקולד נוגטלה,Unknown,0.00,Unknown,false,1,43.90,43.90,true,1,
693493095884,false,נפוליאון קרם שניט,,,נפוליאון קרם שניט,Unknown,0.00,Unknown,false,1,57.90,57.90,true,1,
693493095914,false,מארז שנק וניל,,,מארז שנק וניל,Unknown,0.00,Unknown,false,1,26.90,26.90,true,1,
693493095921,false,מארז רוגלך בטעמים,,,מארז רוגלך בטעמים,Unknown,0.00,Unknown,false,1,26.90,26.90,true,1,
693493095952,false,בריוש שוקולד,,,בריוש שוקולד,Unknown,0.00,Unknown,false,1,43.90,43.90,true,1,
693493095969,false,עוגת דבש,,,עוגת דבש,Unknown,0.00,Unknown,false,1,39.90,39.90,true,1,
693493095976,false,עוגת דבש ותפוחים,,,עוגת דבש ותפוחים,Unknown,0.00,Unknown,false,1,39.90,39.90,true,1,
693493095983,false,עוגת דבש ואגוזים,,,עוגת דבש ואגוזים,Unknown,0.00,Unknown,false,1,39.90,39.90,true,1,
693493102575,false,עגבניות שרי מארז יחידה,חקלאי,IL,עגבניות שרי,Unknown,0.00,Unknown,false,1,12.90,12.90,true,1,
693493198004,false,"שמן זית קאסה די אוליביה 500 מ""ל",,TR,שמן זית קאסה די אולי,מיליליטרים,500.00,"100 מ""ל",false,1,24.90,4.98,true,1,
707595100169,false,מחית חצילים קלויים 480 ג' NESTOS,,GR,מחית חצילים קלויים 4,גרמים,480.00,100 גרם,false,1,13.90,2.90,true,1,
707595100206,false,מלפפונים חמוצים 355 גרם,NESTOS,GR,מלפפונים חמוצים 355,גרמים,355.00,100 גרם,false,1,14.60,4.11,true,1,
710535495539,false,"אורז בסמטי 96% 1 ק""ג Avel",,IN,"אורז בסמטי 96% 1 ק""ג",גרמים,1000.00,100 גרם,false,1,12.50,1.25,true,1,
721733000715,false,"פטרון אניחו טקילה 700 מ""ל",,,פטרון אניחו טקילה 70,מיליליטרים,700.00,"100 מ""ל",false,1,224.90,32.13,true,1,
723830000100,false,"לגוניטאס ח""פ 355 מ""ל IPA בירה",מבשלת לגוניטאס,US,"לגוניטאס ח""פ 355 מ""ל",מיליליטרים,355.00,"100 מ""ל",false,1,12.50,3.52,true,1,
723830770010,false,"לגוניטאס ח""פ 355 מ""ל DAYTIME בירה",מבשלת לגוניטאס,US,"לגוניטאס ח""פ 355 מ""ל",מיליליטרים,355.00,"100 מ""ל",false,1,12.50,3.52,true,1,
728229123590,false,טרה צ'יפס ירקות אורגינל 110 גרם,הונדורס צ'יפס יצור א,HN,חטיף ציפס טרה אורגי,גרמים,110.00,100 גרם,false,1,15.90,14.45,true,1,
728229123613,false,"טרה צ'יפס תפו""א כחול 110 גרם",היין סלסטיאל גרופ,US,ציפס 110 גרם טרה כחו,גרמים,110.00,100 גרם,false,1,15.90,14.45,true,1,
728229123811,false,טרה צ'יפס ירקות ים-תיכוני 110 גרם,הונדורס צ'יפס יצור א,HN,ציפס 110 גרם טרה בטט,גרמים,110.00,100 גרם,false,1,15.90,14.45,true,1,
728229124764,false,חטיף ציפס בטטה עם מלח ים 110 גרם,היין פיוצ'ור נטורל פ,US,חטיף ציפס בטטה עם מל,גרמים,110.00,100 גרם,false,1,15.90,14.45,true,1,
728229124771,false,חטיף ציפס טרה מבטטה בטעם ברביקיו 110 גרם,היין פיוצ'ור נטורל פ,IN,חטיף ציפס טרה מבטטה,גרמים,110.00,100 גרם,false,1,15.90,14.45,true,1,
728229130444,false,טרה צ'יפס ירקות אקזוטים פסים וכחולים,היין סלסטיאל גרופ,US,חטיף ציפס מירקות כחו,גרמים,110.00,100 גרם,false,1,15.90,14.45,true,1,
731559147860,false,עץ אשוח שלג 150 סמ,,,עץ אשוח שלג 150 סמ,Unknown,0.00,Unknown,false,1,345.00,345.00,true,1,
731559148119,false,עץ אשוח ירוק 180 סמ,,,עץ אשוח ירוק 180 סמ,Unknown,0.00,Unknown,false,1,275.00,275.00,true,1,
731559148478,false,סט כדורי פלסטיק 80 ממ,,,סט כדורי פלסטיק 80 מ,Unknown,0.00,Unknown,false,1,29.00,29.00,true,1,
731559148508,false,סט כדורי פלסטיק 12 יחידות,,,סט כדורי פלסטיק 12 י,Unknown,0.00,Unknown,false,1,30.00,30.00,true,1,
731559148515,false,משקפי קרנבל ומסיבות,,,משקפי קרנבל ומסיבות,Unknown,0.00,Unknown,false,1,9.00,9.00,true,1,
731559148560,false,שקית שי קטן,,,שקית שי קטן,Unknown,0.00,Unknown,false,1,5.00,5.00,true,1,
731559148577,false,שקית שי בינוני,,,שקית שי בינוני,Unknown,0.00,Unknown,false,1,8.00,8.00,true,1,
731559148584,false,שקית שי גדול,,,שקית שי גדול,Unknown,0.00,Unknown,false,1,10.00,10.00,true,1,
731559148669,false,סנטה מיני,,,סנטה מיני,Unknown,0.00,Unknown,false,1,19.00,19.00,true,1,
731559148751,false,קישוט לראש,,,קישוט לראש,Unknown,0.00,Unknown,false,1,12.00,12.00,true,1,
731559148768,false,כובע חג מולד מואר,,,כובע חג מולד מואר,Unknown,0.00,Unknown,false,1,8.00,8.00,true,1,
731559148775,false,כובע חג מולד,,,כובע חג מולד,Unknown,0.00,Unknown,false,1,10.00,10.00,true,1,
731559148782,false,כובע חג מולד פייטים,,,כובע חג מולד פייטים,Unknown,0.00,Unknown,false,1,16.00,16.00,true,1,
731559148799,false,כובע חג מולד,,,כובע חג מולד,Unknown,0.00,Unknown,false,1,12.00,12.00,true,1,
731559148904,false,קישוט קרניים לראש,,,קישוט קרניים לראש,Unknown,0.00,Unknown,false,1,15.00,15.00,true,1,
731559148942,false,קישוט קרניים לראש,,,קישוט קרניים לראש,Unknown,0.00,Unknown,false,1,15.00,15.00,true,1,
731559148973,false,כדור שלג,,,כדור שלג,Unknown,0.00,Unknown,false,1,45.00,45.00,true,1,
731559149062,false,ספל קרמי גדול,,,ספל קרמי גדול,Unknown,0.00,Unknown,false,1,39.00,39.00,true,1,
731559149161,false,חוט כסף נוצצים צבעוני,,,חוט כסף נוצצים צבעונ,Unknown,0.00,Unknown,false,1,10.00,10.00,true,1,
731559149178,false,מישורה 11 ממ,,,מישורה 11 ממ,Unknown,0.00,Unknown,false,1,10.00,10.00,true,1,
731559149185,false,חוט כסף נוצצים צבעוני,,,חוט כסף נוצצים צבעונ,Unknown,0.00,Unknown,false,1,8.00,8.00,true,1,
731559149901,false,אנגל זכוכית מואר,,,אנגל זכוכית מואר,Unknown,0.00,Unknown,false,1,35.00,35.00,true,1,
731559149918,false,כובע חג מולד עם זקן,,,כובע חג מולד עם זקן,Unknown,0.00,Unknown,false,1,23.00,23.00,true,1,
731559149963,false,עניבת קרנבל ומסיבות,,,עניבת קרנבל ומסיבות,Unknown,0.00,Unknown,false,1,10.00,10.00,true,1,
731559150020,false,פסלון קרמיקה שפן,,,פסלון קרמיקה שפן,Unknown,0.00,Unknown,false,1,29.00,29.00,true,1,
731559150075,false,פסל עציץ חגיגי,,,פסל עציץ חגיגי,Unknown,0.00,Unknown,false,1,29.00,29.00,true,1,
731559150112,false,פסל סנטה עם שק מואר,,,פסל סנטה עם שק מואר,Unknown,0.00,Unknown,false,1,29.00,29.00,true,1,
731559150136,false,פסל סנטה עם מתנה,,,פסל סנטה עם מתנה,Unknown,0.00,Unknown,false,1,25.00,25.00,true,1,
731559150228,false,פסלון שפן קופה עם מתנה,,,פסלון שפן קופה עם מת,Unknown,0.00,Unknown,false,1,19.00,19.00,true,1,
731559150242,false,פסלון שפן עם פרחים,,,פסלון שפן עם פרחים,Unknown,0.00,Unknown,false,1,19.90,19.90,true,1,
731559150266,false,פסלון שפן בספל,,,פסלון שפן בספל,Unknown,0.00,Unknown,false,1,25.00,25.00,true,1,
731559150310,false,מנורות לד צבעוניות,,,מנורות לד צבעוניות,Unknown,0.00,Unknown,false,1,59.00,59.00,true,1,
731559150327,false,מנורות לד לבן,,,מנורות לד לבן,Unknown,0.00,Unknown,false,1,59.00,59.00,true,1,
731559150358,false,מנורות לד צבעוני,,,מנורות לד צבעוני,Unknown,0.00,Unknown,false,1,85.00,85.00,true,1,
731559150372,false,כדור שלג סנטה,,,כדור שלג סנטה,Unknown,0.00,Unknown,false,1,25.00,25.00,true,1,
731559150419,false,פסלון סמל השנה,,,פסלון סמל השנה,Unknown,0.00,Unknown,false,1,19.00,19.00,true,1,
731559150570,false,סט כדורי פלסטיק 6 יחידות,,,סט כדורי פלסטיק 6 יח,Unknown,0.00,Unknown,false,1,29.00,29.00,true,1,
731559150587,false,סט כדורי פלסטיק 3 יחידות,,,סט כדורי פלסטיק 3 יח,Unknown,0.00,Unknown,false,1,19.00,19.00,true,1,
731559150594,false,עליון לעץ אשוח,,,עליון לעץ אשוח,Unknown,0.00,Unknown,false,1,25.00,25.00,true,1,
731559150600,false,סט כדורים 12 יחידות,,,סט כדורים 12 יחידות,Unknown,0.00,Unknown,false,1,30.00,30.00,true,1,
731559150617,false,סט כדורי פלסטיק 16 יחידות,,,סט כדורי פלסטיק 16 י,Unknown,0.00,Unknown,false,1,69.00,69.00,true,1,
731559150631,false,סט כדורי פלסטיק 6 יחידות משובץ,,,סט כדורי פלסטיק 6 יח,Unknown,0.00,Unknown,false,1,17.00,17.00,true,1,
731559150648,false,סט כדורי פלסטיק 6 יחידות,,,סט כדורי פלסטיק 6 יח,Unknown,0.00,Unknown,false,1,59.00,59.00,true,1,
731559150655,false,סט כדורי פלסטיק 6 יחידות,,,סט כדורי פלסטיק 6 יח,Unknown,0.00,Unknown,false,1,30.00,30.00,true,1,
732494000609,false,קרטורס פופקורן גבינה 184 גרם,קורפפידלס אינק,US,קרטורס פופקורן גבינה,גרמים,184.00,100 גרם,false,1,29.90,16.25,true,1,
753182231761,false,"משקה אנרגיה BLU ללא תוספת סוכר 250 מ""ל",אקו - ביט,PL,בלו סיקס ללא סוכר 25,מיליליטרים,250.00,"100 מ""ל",false,1,4.00,1.60,true,1,
769904000997,false,דגש שקדי מרק ללא גלו,משובח תעשיות בעמ,IL,"שקדי מרק דג""ש 200 ג",גרמים,200.00,100 גרם,false,1,15.90,7.95,true,1,
770009011924,false,ניירות אפייה 100% טבעי 24 יח,Source Atlantique,IL,ניירות אפייה 100% טב,Unknown,0.00,Unknown,false,1,22.90,22.90,true,1,
783495011309,false,מקעות ורדים 250 גר,,,מקעות ורדים 250 גר,גרמים,250.00,100 גרם,false,1,24.90,9.96,true,1,
787692834617,false,עוגיות חלבון שוקולד ציפ 114 גרם,,,עוגיות חלבון שוקולד,Unknown,0.00,Unknown,false,1,17.90,17.90,true,1,
787692838349,false,עוגיות חלבון שוקולד לבן ומקדמיה 114 גרם,,,עוגיות חלבון שוקולד,Unknown,0.00,Unknown,false,1,17.90,17.90,true,1,
788434104821,false,ONE חטיף חמאת בוטנים 60 גרם,בלמונט קונפקשנס,US,ONE חטיף חמאת בוטנים,גרמים,60.00,100 גרם,false,1,17.90,29.83,true,1,
788434108379,false,ONE חטיף חלבון קרם עוגיות 60 גרם,בלמונט קונפקשנס,US,ONE חטיף חלבון קרם ע,גרמים,60.00,100 גרם,false,1,17.90,29.83,true,1,
788434108515,false,ONE חטיף חלבון שוקולד בראוניז 60 גרם,,US,ONE חטיף חלבון שוקול,גרמים,60.00,100 גרם,false,1,17.90,29.83,true,1,
788434108812,false,ONE חטיף חלבון שוקולד ציפס 60 גרם,,US,ONE חטיף חלבון שוקול,גרמים,60.00,100 גרם,false,1,17.90,29.83,true,1,
807254001186,false,טושים טריו,,,טושים טריו,Unknown,0.00,Unknown,false,1,12.90,12.90,true,1,
814784024851,false,קלאסיק פלוס חלבון רוא טבעוני אורגני,,,קלאסיק פלוס חלבון רו,גרמים,750.00,100 גרם,false,1,199.90,26.65,true,1,
814784024868,false,קלאסיק פלוס חלבון רוא טבעוני אורגני וניל,,,קלאסיק פלוס חלבון רו,גרמים,750.00,100 גרם,false,1,199.90,26.65,true,1,
814784027746,false,קלין קטו וניל 720 גרם,,US,קלין קטו וניל 720 גר,גרמים,720.00,100 גרם,false,1,199.90,27.76,true,1,
814856010287,false,עוגיית חלבון שוקולד ציפ 113 גרם,בייק סיטי,US,עוגיית חלבון שוקולד,גרמים,113.00,100 גרם,false,1,16.90,14.96,true,1,
818570007066,false,1X12X29Mווטקינס וניל טהור,"ג'יי אר ווטקינס בע""מ",US,וטקינס וניל טהור 29,מיליליטרים,29.00,"100 מ""ל",false,1,31.90,110.00,true,1,
819046000086,false,אינקה ציפס בטטה 142 גר,אינקה קורפ אס.אי.אל,PE,אינקה ציפס בטטה 142,גרמים,142.00,100 גרם,false,1,19.90,14.01,true,1,
835811000495,false,קערה חד פעמית תבור מרובע 1.80 ליטר,,CN,קערה חד פעמית תבור מ,Unknown,0.00,Unknown,false,1,10.50,10.50,true,1,
835811003359,false,נר נשמה פלוס 24 שעות בפח,,,נר נשמה פלוס 24 שעות,Unknown,0.00,Unknown,false,1,4.50,4.50,true,1,
835811004455,false,קש מנייר צבעוני 125 יח,הנג טונג,CN,קש מנייר צבעוני 125,Unknown,0.00,Unknown,false,1,9.90,9.90,true,1,
835811004790,false,"מגש הגשה עגול מחולק שקוף בינוני ח""פ הנמל",,,מגש הגשה הנמל עגול מ,Unknown,0.00,Unknown,false,1,8.90,8.90,true,1,
835811005322,false,"פחם דרום אמריקאי הנמל 2 ק""ג",BRICAPER,IT,פחם דרום אמריקאי 2 ק,גרמים,2000.00,100 גרם,false,1,18.90,0.95,true,1,
835811005407,false,כוס קפה לדרך ענק + מכסה הנמל 12 יח',הנג טונג,CN,קפה לדרך ענק 12 יח+,Unknown,0.00,Unknown,false,1,19.80,19.80,true,1,
835811005728,false,עלים לעוגת קרמשניט 400 גרם,,IT,עלים לעוגת קרמשניט 4,גרמים,400.00,100 גרם,false,1,18.70,4.68,true,1,
835811006695,false,עטרות לאפייה הנמל 20 יח',,,קוקטים לאפייה 20 יח,Unknown,0.00,Unknown,false,1,11.50,11.50,true,1,
835811007357,false,לפתניות אובלי 25 יח',,TR,סלטינות הנמל אובלי 2,Unknown,0.00,Unknown,false,1,8.50,8.50,true,1,
835811007494,false,ג'לטין טהור מדגים 28 גר',ג'ליס פיוניר,IT,גלטין דגים טהור 28,Unknown,0.00,Unknown,false,1,12.50,12.50,true,1,
835811008996,false,כוס קרטון10 ozהנמל 50 יח',אכיף,CN,כוסות קרטון הנמל 50,Unknown,0.00,Unknown,false,1,19.80,19.80,true,1,
835811009016,false,כוסות קרטון 50 יח 4 OZ,,,כוסות קרטון 50 יח 4,Unknown,0.00,Unknown,false,1,19.80,19.80,true,1,
837038000685,false,מטחנה מלח הימלאיה 415 גר NATURAL HEBRS,,,מטחנה מלח הימלאיה 4,גרמים,415.00,100 גרם,false,1,40.80,9.83,true,1,
837524000953,false,נסטי - סבון טבעי פילוסופיה 250 גר,,,נסטי - סבון טבעי פיל,Unknown,0.00,Unknown,false,1,24.90,24.90,true,1,
837524001257,false,נסטי - סבון טבעי פילוסופיה 250 גר,,,נסטי - סבון טבעי פיל,Unknown,0.00,Unknown,false,1,24.90,24.90,true,1,
837524001806,false,נסטי - סבון טבעי פילוסופיה 250 גר,,,נסטי - סבון טבעי פיל,Unknown,0.00,Unknown,false,1,24.90,24.90,true,1,
837524002407,false,סבון נסטי טרופיקל קוקוס פלומריה 250 גר,,,סבון נסטי טרופיקל קו,גרמים,250.00,100 גרם,false,1,27.90,11.16,true,1,
837524002414,false,סבון נסטי טרופיקל מנגוסטין גויאבה 250 גר,,,סבון נסטי טרופיקל מנ,גרמים,250.00,100 גרם,false,1,27.90,11.16,true,1,
837524002421,false,סבון נסטי טבעי טרופיקל ליים הדרים 250 גר,,,סבון נסטי טבעי טרופי,גרמים,250.00,100 גרם,false,1,27.90,11.16,true,1,
837524002667,false,סבון נסטי לוקסורי שחור/פחם אורגני 250 גר,,IT,סבון נסטי לוקסורי שח,גרמים,250.00,100 גרם,false,1,27.90,11.16,true,1,
839762000641,false,משקה איילנד מנגו נקטר 1 ל',"פאראגאלה,דה אג'יפשן",EG,משקה איילנד מנגו 1 ל,מיליליטרים,1000.00,"100 מ""ל",false,1,14.90,1.49,true,1,
839762000658,false,משקה נקטר איילנד גויאבה 1 ל',The Egyptian Co. for,EG,משקה איילנד גויאבה 1,מיליליטרים,1000.00,"100 מ""ל",false,1,14.90,1.49,true,1,
839762002386,false,נקטר איילנד גויאבה 3,"פאראגאלה,דה אג'יפשן",EG,"איילנד גויאבה 350 מ""",מיליליטרים,350.00,"100 מ""ל",false,1,6.30,1.80,true,1,
842826001126,false,דובשניות סחרניה בטעם דבש 500 גר BKK,,HR,ווגטה 400 גר זכוכית,גרמים,400.00,100 גרם,false,1,33.90,8.48,true,1,
844510013088,false,יין ירושלים הילז סוביניון בלאן לב 750 מל,,IL,יין ירושלים הילז סוב,מיליליטרים,750.00,"100 מ""ל",false,1,46.90,6.25,true,1,
850004680865,false,"פרפקשן סנקס חטיף קרמל מלוח לל""ג 198 גרם",פרפקשיין,US,פרפקשן סנקס חטיף קרמ,גרמים,198.00,100 גרם,false,1,20.90,10.56,true,1,
850307005716,false,איטר.ביצים 500 גרם בורג spiral,,,אטריות ביצים בורג 50,גרמים,500.00,100 גרם,false,1,10.40,2.08,true,1,
850835000030,false,תה הרפיה,,,תה הרפיה,Unknown,0.00,Unknown,false,1,31.90,31.90,true,1,
850835000498,false,תה מנקה,,,תה מנקה,Unknown,0.00,Unknown,false,1,31.90,31.90,true,1,
851621000043,false,"בירה 1664 Blanc בקבוק 330 מ""ל",,,בירה 1664 Blanc בקבו,מיליליטרים,330.00,"100 מ""ל",false,1,9.90,3.00,true,1,
851621000050,false,"שישיית בירה 1664 Blanc בקבוק 330 מ""ל",קרלסברג ספליי קומפאנ,PL,שישיית בירה 1664 Bla,מיליליטרים,1980.00,"100 מ""ל",false,1,39.90,2.02,true,1,
856591000055,false,עבאדי עוגיות מזרחיות קריספי 400 גרם,,IL,עבאדי עוגיות מזרחיות,גרמים,400.00,100 גרם,false,1,16.70,4.18,true,1,
856591000062,false,עבאדי עוגיות מזרחיות מלח 400 גרם,מאפיית יוסף ושמחה עב,IL,עבאדי עוגיות מזרחיות,גרמים,400.00,100 גרם,false,1,16.70,4.18,true,1,
856591000109,false,עבאדי עוגיות מזרחיות פריך במיוחד 400 גרם,מאפיית יוסף ושמחה עב,IL,עבאדי עוגיות מזרחיות,גרמים,400.00,100 גרם,false,1,16.70,4.18,true,1,
856591000918,false,חטיף עבאדי טבעי מארז 40X8 גר',,IL,מארז חטיף טבעי 8*40,גרמים,320.00,100 גרם,false,1,21.90,6.84,true,1,
856591000949,false,עבאדי קטנטנים מאפה חיטה מלוח 350ג גר',,,מאפה חיטה עבאדי מלוח,גרמים,35000.00,100 גרם,false,1,21.90,0.06,true,1,
858847000871,false,אבקת קקאו 227 גר,,,אבקת קקאו 227 גר,גרמים,227.00,100 גרם,false,1,64.90,28.59,true,1,
859547004466,false,קירצוף וספוג ניקוי SCRUB DADDY,סקארקיסט,US,קירצוף וספוג ניקוי,יחידה,1.00,יחידה,false,1,19.90,19.90,true,1,
859547004688,false,כריות קרצוף סקאור דד,,,ספוג ניקוי SCOUR DA,יחידה,1.00,יחידה,false,1,19.90,19.90,true,1,
877358000200,false,"יין רימונים חצי מתוק 750מ""ל",,,"יין רימונים 750 מ""ל",Unknown,0.00,Unknown,false,1,34.90,34.90,true,1,
884912002372,false,דגני בוקר גרייט גריינס פוסט453 גרם,post consumer brands,US,דגני סלקט קרנברי 369,גרמים,369.00,100 גרם,false,1,25.90,7.02,true,1,
884912117625,false,דגני פוסט גולדן קריספ 418 גר',הנסיך- מפעל לייצור ט,US,דגני פוסט גולדן קריס,גרמים,418.00,100 גרם,false,1,22.60,5.41,true,1,
884912126115,false,דגני סלקט גרייט גריינס 454 גרם פוסט,הנסיך- מפעל לייצור ט,US,דגני סלקט גרייט גרי,גרמים,454.00,100 גרם,false,1,25.90,5.70,true,1,
884912129512,false,דגני בוקר קוקו פבלס פלינסטון 311 גר,,US,דגני בוקר קוקו פבלס,גרמים,311.00,100 גרם,false,1,22.90,7.36,true,1,
884912180629,false,דגנים שרדד וויט 464 גרם,,,דגנים שרדד וויט 464,גרמים,464.00,100 גרם,false,1,31.50,6.79,true,1,
884912359155,false,דגני בוקר האני באנצס רוסטד 340 ג' POST,post consumer brands,US,האני באנצס רוסטד 340,גרמים,340.00,100 גרם,false,1,22.90,6.74,true,1,
884912359162,false,דגני בוקר האני באנצס שקדים 340 ג' POST,post consumer brands,US,האני באנצס עם שקדים,גרמים,340.00,100 גרם,false,1,22.90,6.74,true,1,
884912359421,false,דגני בוקר האני באנצס פקאן ומייפל 340 ג' POST,post consumer brands,US,האני באנצס רוסטד 340,גרמים,340.00,100 גרם,false,1,22.90,6.74,true,1,
884912359483,false,דגני בוקר האני באנצס תות 312 ג' POST,,US,האני באנצס עם תות 31,גרמים,311.00,100 גרם,false,1,22.90,7.36,true,1,
884912377142,false,דגני בוקר האני באנצס וניל 340 ג' POST,,US,האני באנצס בטעם וניל,גרמים,340.00,100 גרם,false,1,22.90,6.74,true,1,
889698344678,false,צעצוע מארז ירוק,,,צעצוע מארז ירוק,Unknown,0.00,Unknown,false,1,33.90,33.90,true,1,
893594002068,false,"חטיף פופקורן צ`יפס עם מלח ים,28 ג HANTRONIX",PepsiCo inc. Frito lay Division,US,חטיף פופקורנס מלח ים,גרמים,28.00,100 גרם,false,1,5.90,21.07,true,1,
897076002010,false,"בולדוג גין 700 מ""ל",,,"בולדוג גין 700 מ""ל",מיליליטרים,700.00,"100 מ""ל",false,1,109.90,15.70,true,1,
898193001252,false,חליטת קמומיל 28 גרם בונומלי,דולפין ספא,IT,חליטת קמומיל 28 גרם,Unknown,0.00,Unknown,false,1,14.90,14.90,true,1,
1220000070233,false,"יין ברזין 750 מ""ל",,,"יין ברזין 750 מ""ל",Unknown,0.00,Unknown,false,1,93.90,93.90,true,1,
1230000116022,false,המבורגר ביונד מיט זוג 226 גרם,ביונד מיט קליפורניה,US,המבורגר ביונד מיט זו,גרמים,226.00,100 גרם,false,1,34.90,15.44,true,1,
2261746002521,false,גבינת בלו סטילטון אנגלית במשקל,,,גבינת בלו סטילטון,Unknown,0.00,"ק""ג",true,0,184.00,184.00,true,1,
3014260246693,false,סכיני גילוח חד פעמי ונוס סימפלי רביעייה,,,סכיני גילוח חד פעמי,Unknown,0.00,Unknown,false,1,12.80,12.80,true,1,
3014260283254,false,סכיני גילוח חד פעמי בלו 2 פלוס *5,,,סכיני גילוח חד פעמי,Unknown,0.00,Unknown,false,1,13.20,13.20,true,1,
3014260289287,false,סכין גילוח גילט בלו 2 לנשים-חמישייה,פרוקטר אנד גמבל,RU,סכין גילוח גילט בלו,Unknown,0.00,Unknown,false,1,17.90,17.90,true,1,
3046920010801,false,לינדט שוקולד אקסלנס הזלנט 100 גר,לינדט ושפרונגלי אס.א,FR,לינדט שוקולד אקסלנס,גרמים,100.00,100 גרם,false,1,14.90,14.90,true,1,
3046920010856,false,לינדט שוקולד אקסלנס לימון גינגיר 100 גר,,CH,לינדט שוקולד אקסלנס,גרמים,100.00,100 גרם,false,1,14.90,14.90,true,1,
3046920016377,false,לינדט שוקולד אקסלנס מריר 100% קקאו 50 גר,לינדט ושפרונגלי,DE,לינדט שוקולד אקסלנס,גרמים,50.00,100 גרם,false,1,14.90,29.80,true,1,
3046920027281,false,לינדט אקס קרמל סולט 100 גרם,לינדט ושפרונגלי,FR,לינדט אקס קרמל סולט,גרמים,100.00,100 גרם,false,1,14.90,14.90,true,1,
3046920028004,false,לינדט שוקולד אקסלנס מריר 70% 100 גר,לינדט ושפרונגלי,FR,לינדט שוקולד אקסלנס,גרמים,100.00,100 גרם,false,1,14.90,14.90,true,1,
3046920028363,false,לינדט אקסלנס 85% 100 גרם,לינדט ושפרונגלי,FR,לינדט אקסלנס 85% 100,גרמים,100.00,100 גרם,false,1,14.90,14.90,true,1,
3046920028721,false,לינדט אקסלנס 99% 50 גרם,לינדט ושפרונגלי,FR,לינדט אקסלנס 99%,גרמים,50.00,100 גרם,false,1,14.90,29.80,true,1,
3046920028752,false,לינדט אקסלנס מינט 100 גרם,לינדט ושפרונגלי,FR,לינדט אקסלנס מינט 10,גרמים,100.00,100 גרם,false,1,14.90,14.90,true,1,
3046920029681,false,לינדט שוקולד אקסלנס מילד 85% קקאו 100 גר,,DE,לינדט שוקולד אקסלנס,גרמים,100.00,100 גרם,false,1,14.90,14.90,true,1,
3046920029759,false,לינדט אקסלנס 90% 100גרם,לינדט ושפרונגלי ג'י.,DE,"לינדט אקס 90%, 100 ג",גרמים,100.00,100 גרם,false,1,14.90,14.90,true,1,
3049197110076,false,"קוניאק קורבזייה 700 מ""ל V.S",,FR,קוניאק קורבזייה 700,מיליליטרים,700.00,"100 מ""ל",false,1,151.90,21.70,true,1,
3059943016507,false,"אירוויק ספריי בניחוח לבנדר וקמומיל 240 מ""ל",,,איירוויק ספריי טבעי,מיליליטרים,300.00,"100 מ""ל",false,1,10.90,3.63,true,1,
3068320017846,false,מים מינרלים אוויאן 1 ליטר,קריניציה ויטמינה אס,FR,מים מינרלים אוויאן 1,מיליליטרים,1000.00,"100 מ""ל",false,1,10.90,1.09,true,1,
3068320055008,false,מים מינרלים אוויאן 500 מל,קריניציה ויטמינה אס,FR,מים מינרלים אוויאן 5,מיליליטרים,500.00,"100 מ""ל",false,1,6.90,1.38,true,1,
3068320085005,false,מים מינלים אוויאן 1.5 ליטר,,,מים מינלים אוויאן 1.,ליטרים,0.00,ליטר,false,1,13.60,13.60,true,1,
3068320127644,false,מים מינרלים אוויאן מבעבע 330 מל זכוכית,,,מים מינרלים אוויאן מ,מיליליטרים,330.00,"100 מ""ל",false,1,6.90,2.09,true,1,
3073780538442,false,גבינה לה וואש קירי ספרידי ממרח,,,גבינה לה וואש קירי,גרמים,200.00,100 גרם,false,1,26.50,13.25,true,1,
3073780574310,false,גבינה לה וואש קירי 24 400 גר,,,גבינה לה וואש קירי,גרמים,400.00,100 גרם,false,1,41.90,10.48,true,1,
3073780591591,false,גבינה לה וואש קירי 12 192 גרם,,,גבינה לה וואש קירי,גרמים,192.00,100 גרם,false,1,20.90,10.89,true,1,
3073781122596,false,ממרח גבינה לה וואש קירי בגביע 270 גרם,,,ממרח גבינה לה וואש ק,גרמים,270.00,100 גרם,false,1,29.50,10.93,true,1,
3073781162790,false,גבינת בייבי בל אדום,מחלבות בל,FR,בייבי בל אדם 120 גר,גרמים,120.00,100 גרם,false,1,20.90,17.42,true,1,
3073781190946,false,גבינת לה וואש קירי 6 יח 100 גר,,,גבינת לה וואש קירי,גרמים,100.00,100 גרם,false,1,15.60,15.60,true,1,
3073781190960,false,גבינה קירי 12 יח' 200 ג',,,גבינה קירי 12 יח,גרמים,100.00,100 גרם,false,1,30.50,30.50,true,1,
3080216034508,false,"בירה רגינברג בלונד 330 מ""ל",,,בירה רגינברג בלונד 3,מיליליטרים,330.00,"100 מ""ל",false,1,7.90,2.39,true,1,
3080216034645,false,"בירה רגינברג אמברה 330 מ""ל",,,בירה רגינברג אמברה 3,מיליליטרים,330.00,"100 מ""ל",false,1,10.50,3.18,true,1,
3092718586706,false,"סירופ מנטה 600 מ""ל טסייר",,,"סירופ מנטה 600 מ""ל ט",מיליליטרים,600.00,"100 מ""ל",false,1,36.80,6.13,true,1,
3092718586751,false,"סירופ גרנדין פירות יער 600 מ""ל טסייר",,,סירופ גרנדין פירות י,מיליליטרים,600.00,"100 מ""ל",false,1,36.80,6.13,true,1,
3134375003513,false,דבק כללי חזק במיוחד 30 גר,,,דבק כללי חזק במיוחד,Unknown,0.00,Unknown,false,1,22.90,22.90,true,1,
3161420001972,false,"ברנדי סנט רמי 700 מ""ל VSOP",,,"ברנדי סנט רמי 700 מ""",מיליליטרים,700.00,"100 מ""ל",false,1,77.90,11.13,true,1,
3161712996108,false,מיני קממבר 125 גרם,,,מיני קממבר 125 גרם,גרמים,125.00,100 גרם,false,1,26.50,21.20,true,1,
3161712996153,false,מיני ברי כחולה 125 גרם,,,מיני ברי כחולה 125 ג,גרמים,125.00,100 גרם,false,1,26.50,21.20,true,1,
3161911229199,false,חמאה רכה אלוויר 250 גרם,אלל אה וויר,FR,אלוויר חמאה רכה 250,גרמים,250.00,100 גרם,false,1,22.90,9.16,true,1,
3161911366429,false,חמאה רכה מלוחה אלוויר 250 גרם,ארזינא,FR,אלוויר חמאה רכה מלוח,גרמים,250.00,100 גרם,false,1,22.90,9.16,true,1,
3175529633934,false,יין לבן ויו פאפ שרדונה קולומברד 750 מל,,FR,יין לבן ויו פאפ שרדו,Unknown,0.00,Unknown,false,1,41.90,41.90,true,1,
3178530402353,false,מיני מדליינס סאן מישל 175 גרם,סאן מישל,FR,מיני מדליינס סאן מיש,גרמים,175.00,100 גרם,false,1,12.50,7.14,true,1,
3178530407938,false,עוגיות מיני מדלן שוקולד 175 גרם,סאן מישל,FR,מיני מדליין 175 גר,גרמים,175.00,100 גרם,false,1,13.90,7.94,true,1,
3178530409673,false,עוגיות פלמיה קרמל 100 גרם,,,עוגיות פלמיה קרמל 10,גרמים,100.00,100 גרם,false,1,14.90,14.90,true,1,
3178530417340,false,בראוניז שוקולד סאן מישל 210 גרם,סן מישל,FR,בראוניז שוקולד סאן מ,גרמים,210.00,100 גרם,false,1,17.90,8.52,true,1,
3178530417418,false,דונאט עם שוקולד ציפס 180 גרם,סאן מישל,FR,דונאט עם שוקולד ציפס,גרמים,180.00,100 גרם,false,1,14.90,8.28,true,1,
3179730011017,false,"מים מינרלים פירייה 750 מ""ל זכוכית",,,מים מינרלים פירייה 7,מיליליטרים,750.00,"100 מ""ל",false,1,11.90,1.59,true,1,
3179732348913,false,מים מינרלים פרייה 1 ליטר,נסטלה ווטרס ספלאי,FR,מים מינרלים פרייה 1,מיליליטרים,1000.00,"100 מ""ל",false,1,8.90,0.89,true,1,
3185370001233,false,שמפניה מואט ושנדו באריזת מתנה 750 מל,,,שמפניה מואט ושנדו,Unknown,0.00,Unknown,false,1,245.90,245.90,true,1,
3185370061503,false,שמפניה מואט ושנדו רוזה באריזת מתנה 750 מ,,,שמפניה מואט ושנדו רו,Unknown,0.00,Unknown,false,1,299.90,299.90,true,1,
3187460801136,false,ברנדי דה ולקור VSOP נפוליאון 700 מל מאז,,,ברנדי דה ולקור VSOP,מיליליטרים,700.00,"100 מ""ל",false,1,83.90,11.99,true,1,
3211200008049,false,"יין לאודלה רוזה 750 מ""ל",,FR,יין לאודלה רוזה 750,מיליליטרים,750.00,"100 מ""ל",false,1,47.90,6.39,true,1,
3211200108756,false,"יין מיזון קסטל מרלו רוזה 750 מ""ל",,,יין מיזון קסטל מרלו,Unknown,0.00,Unknown,false,1,46.90,46.90,true,1,
3211201046439,false,מיזון קסטל קברנה סוביניון 750 מל,,,מיזון קסטל קברנה סוב,Unknown,0.00,Unknown,false,1,46.90,46.90,true,1,
3211201046460,false,"מיזון קסטל מרלו 750 מ""ל",,,מיזון קסטל מרלו 750,Unknown,0.00,Unknown,false,1,46.90,46.90,true,1,
3211201046521,false,מיזון קסטל סוביניון בלאן 750 מל,,,מיזון קסטל סוביניון,Unknown,0.00,Unknown,false,1,46.90,46.90,true,1,
3211201046613,false,מיזון קסטל בורדו מרלו 750 מל,,,מיזון קסטל בורדו מרל,Unknown,0.00,Unknown,false,1,51.90,51.90,true,1,
3211201046644,false,"קסטל קוט דו רון גראנש סירה 750 מ""ל",,,מיזון קסטל קוט דו רו,Unknown,0.00,Unknown,false,1,51.90,51.90,true,1,
3211203444066,false,מיזון קסטל גרנד רזרב שרדונה 750 מל,,,מיזון קסטל גרנד רזרב,Unknown,0.00,Unknown,false,1,51.90,51.90,true,1,
3211203444103,false,מיזון קסטל גרנד רזרב ק. סוביניון 750 מ,,,מיזון קסטל גרנד רזרב,Unknown,0.00,Unknown,false,1,51.90,51.90,true,1,
3211203444141,false,מיזון קסטל גרנד רזרב סירה 750 מל,,,מיזון קסטל גרנד רזרב,Unknown,0.00,Unknown,false,1,51.90,51.90,true,1,
3211203448347,false,שאטו דו לורט בורדו 750 מל,,,שאטו דו לורט בורדו,Unknown,0.00,Unknown,false,1,62.90,62.90,true,1,
3211209117902,false,"יין מיזון קסטל מוסקט לבן חצי 750 מ""ל",,,יין מיזון קסטל מוסק,Unknown,0.00,Unknown,false,1,46.90,46.90,true,1,
3211209117964,false,"מיזון קסטל קוט דה פרובנס רוזה 750 מ""ל",,,מיזון קסטל קוט דה פר,Unknown,0.00,Unknown,false,1,62.90,62.90,true,1,
3211209118039,false,יין מיזון קסטל לנגדוק 750 מל,,,יין מיזון קסטל לנגדו,Unknown,0.00,Unknown,false,1,51.90,51.90,true,1,
3211209133544,false,"יין שאטו גואלן 750 מ""ל",,FR,יין שאטו גואלן 750 מ,מיליליטרים,750.00,"100 מ""ל",false,1,72.90,9.72,true,1,
3211209133698,false,שאטו טור פרינאק קרו ברזואה מדוק 750 מל,,,שאטו טור פרינאק,Unknown,0.00,Unknown,false,1,83.90,83.90,true,1,
3211209194507,false,מיזון קסטל שרדונה 750 מל,,,מיזון קסטל שרדונה 75,Unknown,0.00,Unknown,false,1,46.90,46.90,true,1,
3211209217602,false,מיזון רוזה דאנזו חצי מתוק 750 מל,,,מיזון רוזה דאנזו חצי,Unknown,0.00,Unknown,false,1,51.90,51.90,true,1,
3211209265900,false,"יין פמלי קסטל ברוט מבעבע 750 מ""ל",,,יין מיזון קסטל ברוט,Unknown,0.00,Unknown,false,1,62.90,62.90,true,1,
3211209267126,false,מיזון קסטל גוורצטרמינר 750 מל,,,מיזון קסטל גוורצטרמי,Unknown,0.00,Unknown,false,1,44.90,44.90,true,1,
3211209282167,false,"מיזון קסטל ברוט רוזה מבעבע 750 מ""ל",,,מיזון קסטל ברוט רוזה,Unknown,0.00,Unknown,false,1,62.90,62.90,true,1,
3211209968832,false,"יין מיזון קסטל ויוניה 750 מ""ל",,,יין מיזון קסטל ויוני,Unknown,0.00,Unknown,false,1,46.90,46.90,true,1,
3211209990826,false,"יין לאודלה שרדונה 750 מ""ל",,FR,יין לאודלה שרדונה 75,מיליליטרים,750.00,"100 מ""ל",false,1,47.90,6.39,true,1,
3211209999553,false,"יין לאודלה קברנה סוביניון 750 מ""ל",,FR,יין לאודלה קברנה סוב,מיליליטרים,750.00,"100 מ""ל",false,1,47.90,6.39,true,1,
3211209999584,false,"יין לאודלה מרלו 750 מ""ל",,FR,יין לאודלה מרלו 750,מיליליטרים,750.00,"100 מ""ל",false,1,47.90,6.39,true,1,
3245990969419,false,"קוניאק הנסי 700 מ""ל V.S.O.P",,,"קוניאק הנסי 700 מ""ל",מיליליטרים,700.00,"100 מ""ל",false,1,259.90,37.13,true,1,
3245995960015,false,הנסי 700 V.S באריזת מתנה,,,הנסי 700 V.S באריזת,מיליליטרים,700.00,"100 מ""ל",false,1,149.90,21.41,true,1,
3254550033217,false,ברי איסני 220 גרם,אף.סי תבליני בגליל ב,FR,ברי מרובע 220 גר,גרמים,220.00,100 גרם,false,1,28.00,12.73,true,1,
3254550033279,false,קממבר איסני 250 גרם,איזיני סנט מר,FR,קממבר 250 גר,גרמים,250.00,100 גרם,false,1,28.90,11.56,true,1,
3256760106392,false,חמאה צרפתית 100 גר פלשארד,,FR,חמאה צרפתית 100 גר,גרמים,100.00,100 גרם,false,1,6.50,6.50,true,1,
3256760106408,false,פלשארד בסגנון פטה 500 גר,,,פלשארד בסגנון פטה 50,גרמים,500.00,100 גרם,false,1,12.50,2.50,true,1,
3256761201003,false,פלשארד בסגנון פטה מעודנת 500 גר קרטונית,,,פלשארד בסגנון פטה מע,גרמים,500.00,100 גרם,false,1,12.50,2.50,true,1,
3263280106429,false,"קוארפו קוקטייל מוחיטו 750 מ""ל",,,קוארפו קוקטייל מוחיט,מיליליטרים,750.00,"100 מ""ל",false,1,67.90,9.05,true,1,
3263280107310,false,"קוארפו פינה קולדה 700 מ""ל",,,קוארפו פינה קולדה 7,מיליליטרים,700.00,"100 מ""ל",false,1,62.90,8.99,true,1,
3263286301316,false,יין J.P קולומברד סוביניון לבן 750 מל,,,יין J.P קולומברד סוב,Unknown,0.00,Unknown,false,1,41.90,41.90,true,1,
3263286301323,false,"יין JP קברנה סירה 750 מ""ל",,,יין JP קברנה סירה 75,Unknown,0.00,Unknown,false,1,41.90,41.90,true,1,
3263286529321,false,"יין שבלי 750 מ""ל",,,יין שבלי בובייה & פי,Unknown,0.00,Unknown,false,1,109.90,109.90,true,1,
3267682136176,false,ויסקי היילנד קווין בלנדד 1 ליטר,,,ויסקי היילנד קווין ב,ליטרים,0.00,ליטר,false,1,84.90,84.90,true,1,
3270620001702,false,"קוניאק לואי רוייה 700 מ""ל VSOP",,,קוניאק לואי רוייה 70,מיליליטרים,700.00,"100 מ""ל",false,1,200.90,28.70,true,1,
3272770003148,false,שברו עיזים טבעי 150 גר,מיוצר עי קונדיטוריית,FR,שברו עיזים טבעי 150,גרמים,150.00,100 גרם,false,1,26.90,17.93,true,1,
3275240312115,false,קממבר צרפתי קופסא 250 גרם,,,קממבר צרפתי קופסא 25,גרמים,250.00,100 גרם,false,1,25.90,10.36,true,1,
3275240312319,false,קממבר צרפתי נייר 240 גרם,,,קממבר צרפתי נייר 240,גרמים,240.00,100 גרם,false,1,24.90,10.38,true,1,
3276210810105,false,יין לה פטיט פרייר סוביניון בלאן 750 מל,,,יין לה פטיט פרייר סו,Unknown,0.00,Unknown,false,1,51.90,51.90,true,1,
3276210812109,false,יין לה פטיט פרייר פינו נואר רוזה 750 מל,,,יין לה פטיט פרייר פי,Unknown,0.00,Unknown,false,1,51.90,51.90,true,1,
3278480396310,false,"קוניאק VS גודה 700 מ""ל","יורוסטדנרט בע""מ",FR,קוניאק VS גודה 700 מ,מיליליטרים,700.00,"100 מ""ל",false,1,119.90,17.13,true,1,
3335121604934,false,חרדל דיגון 370 גרם (חלק),,,חרדל דיגון 370 גרם (,גרמים,370.00,100 גרם,false,1,10.90,2.95,true,1,
3387390320244,false,דגני בוקר פיטנס עם פירות 375 גרם,סי. פי. צרפת,FR,דגני בוקר פיטנס עם פ,גרמים,375.00,100 גרם,false,1,19.90,5.31,true,1,
3387390525960,false,קראנץ' דגנים פריכים עם שוקולד 500 גרם,הנסיך- מפעל לייצור ט,FR,דגני בוקר קראנץ 500,גרמים,500.00,100 גרם,false,1,22.90,4.58,true,1,
3412290055610,false,ברי צרפתי Laita 200 גרם,,FR,ברי צרפתי 200 גרם,גרמים,200.00,100 גרם,false,1,27.90,13.95,true,1,
3415581114126,false,גלידה האגן דאז קרמל מלוח 430 גרם,האגן דאז,FR,גלידה האגן דאז קרמל,גרמים,430.00,100 גרם,false,1,26.50,6.16,true,1,
3415587404054,false,שלגון האגן דאז שוקולד ושקדים,האגן דאז,FR,שלגון האגן דאז שוקול,Unknown,0.00,Unknown,false,1,8.90,8.90,true,1,
3431501000173,false,סנט אגור במשקל,,,סנט אגור במשקל,Unknown,0.00,"ק""ג",true,0,215.00,215.00,true,1,
3445850070778,false,"מלח ים אטלנטי טבעי אורגני 1 ק""ג",,,מלח ים אטלנטי טבעי א,גרמים,1000.00,100 גרם,false,1,24.50,2.45,true,1,
3451271002809,false,"יין אלן זופרואה שאבלי 750 מ""ל",,,אלן זופרואה שאבלי,Unknown,0.00,Unknown,false,1,104.90,104.90,true,1,
3455720750495,false,"גרנד רזרב ברוט אלכנסדר בונה 750 מ""ל",,,גרנד רזרב ברוט אלכנס,Unknown,0.00,Unknown,false,1,161.90,161.90,true,1,
3460410523167,false,"מארז גין סיטדל 700 מ""ל + כוס",,,מארז גין סיטדל 700 מ,מיליליטרים,700.00,"100 מ""ל",false,1,139.90,19.99,true,1,
3460410533524,false,"מארז פלנטיישן 700 מ""ל + 2 כוסות",,FR,"מארז פלנטיישן 700 מ""",מיליליטרים,700.00,"100 מ""ל",false,1,249.90,35.70,true,1,
3472710055040,false,טראפלס קקאו 150 גרם,,NL,טראפלס קקאו 150 גרם,גרמים,150.00,100 גרם,false,1,9.90,6.60,true,1,
3500610085338,false,גיי פי שנה לבן מבעבע 750 מל,,,גיי פי שנה לבן מבעבע,Unknown,0.00,Unknown,false,1,43.90,43.90,true,1,
3500610091353,false,יין פרסטיגום אדום יבש 750 מל,,,יין פרסטיגום אדום יב,Unknown,0.00,Unknown,false,1,28.90,28.90,true,1,
3500610093708,false,גיי פי שנה רוזה מבעבע 750 מל,,,גיי פי שנה רוזה מבעב,Unknown,0.00,Unknown,false,1,43.90,43.90,true,1,
3500610122644,false,"יין לבן יבש גיפי שנה גוורצטרמינר 750 מ""ל",,,יין לבן יבש גיפי שנה,מיליליטרים,750.00,"100 מ""ל",false,1,41.90,5.59,true,1,
3504105024932,false,מוסטלה ביבי קרם החתלה לגירויים 1-2-3,,,מוסטלה ביבי קרם החתל,Unknown,0.00,Unknown,false,1,49.90,49.90,true,1,
3504105028398,false,"גל רחצה לגוף ולשיער מוסטלה 500 מ""ל",,,גל רחצה לגוף ולשיער,Unknown,0.00,Unknown,false,1,67.90,67.90,true,1,
3523230025638,false,מיני בושה עיזים טבעי 125 גר,אוריאל,FR,גבינה מיני בושה עיזי,גרמים,125.00,100 גרם,false,1,24.90,19.92,true,1,
3523230025652,false,מיני בושה עם שום ועשי תיבול 125 גר,,,גבינה מיני בושה,גרמים,125.00,100 גרם,false,1,24.90,19.92,true,1,
3523230026826,false,גבינה עיזים למריחה פירמידה 140 גר,אוריאל,FR,גבינה עיזים למריחה פ,גרמים,140.00,100 גרם,false,1,24.90,17.79,true,1,
3523230026888,false,גב עיזים למריחה שום ועשבי תיבול פירמידה,אוריאל,FR,גב עיזים למריחה שום,גרמים,140.00,100 גרם,false,1,24.90,17.79,true,1,
3544760002449,false,"מלח ים אטלנטי 1 ק""ג+ AQUASEL 10%",,,"מלח ים אטלנטי 1 ק""ג+",קילוגרמים,0.00,"ק""ג",false,1,18.90,18.90,true,1,
3547102222000,false,"יין רוזה יבש מינוטי 750 מ""ל",,,יין רוזה יבש מינוטי,Unknown,0.00,Unknown,false,1,104.90,104.90,true,1,
3574660239829,false,קרם ידיים קל סדרה נורבגית נוטרוגינה 50 מ,CILAG GMBH INTERNATI,,קרם ידיים קל סדרה נו,מיליליטרים,50.00,"100 מ""ל",false,1,32.40,64.80,true,1,
3574660240030,false,טמפונים או בה פרו קומפורט נורמל 32 יח,,,טמפונים או בה פרו קו,יחידה,1.00,יחידה,false,1,19.90,19.90,true,1,
3574661003924,false,"מי פה ליסטרין טוטל קר 500 מ""ל",,,מי פה ליסטרין טוטל ק,מיליליטרים,500.00,"100 מ""ל",false,1,23.90,4.78,true,1,
3574661098531,false,ניוטרוגינה תחליב גוף מועשר לעור יבש/רגיש,,GR,תחליב גוף נוטרוגינה,מיליליטרים,400.00,"100 מ""ל",false,1,34.90,8.73,true,1,
3574661114637,false,"מי פה ליסטרין זירו מנטה עדין 500 מ""ל",ג'ונסון אנד ג'ונסון,IT,מי פה ליסטרין מנטה ע,מיליליטרים,500.00,"100 מ""ל",false,1,19.80,3.96,true,1,
3574661199894,false,"נוטרוגינה קרם ידיים ויזבלי ריניו 75 מ""ל",,,נוטרוגינה קרם ידיים,מיליליטרים,75.00,"100 מ""ל",false,1,31.90,42.53,true,1,
3574661363998,false,"מי פה ליסטרין תה ירוק 500 מ""ל",,,מי פה ליסטרין תה ירו,מיליליטרים,500.00,"100 מ""ל",false,1,23.90,4.78,true,1,
3574661487335,false,קרפרי מגן תחתון מקסי לונג ריח'ני 40 יח',,IT,מגן תחתון קרפרי מקסי,Unknown,0.00,Unknown,false,1,24.90,24.90,true,1,
3574661491806,false,"מי פה ליסטרין אדוונס וייט 500 מ""ל",,IT,מי פה ליסטרין אדוונס,מיליליטרים,500.00,"100 מ""ל",false,1,23.90,4.78,true,1,
3574661500355,false,קרפרי מגן תחתון מקסי לונג רגיל 40 יח',ג'ויה מעבדות לקוסמטי,IT,מגן תחתון קרפרי מקסי,Unknown,0.00,Unknown,false,1,24.90,24.90,true,1,
3574661506272,false,קרפרי מגבונים אינטימיים אלוורה 20 יח,,,מגבונים אינטימיים קר,Unknown,0.00,Unknown,false,1,19.90,19.90,true,1,
3574661552811,false,מגן תחתון קרפרי כותון אוורירי 56 יח,הדקלאים אגודת שיתופי,GR,מגן תחתון קרפרי כותו,Unknown,0.00,Unknown,false,1,24.90,24.90,true,1,
3574661643359,false,"מי פה ליסטרין נטורלס 96% רכיבים 500 מ""ל",,IT,מי פה ליסטרין נטורלס,מיליליטרים,500.00,"100 מ""ל",false,1,23.90,4.78,true,1,
3574661650029,false,"מי פה ליסטרין נטורלס 96% רכיבים 500 מ""ל",,IT,מי פה ליסטרין נטורלס,מיליליטרים,500.00,"100 מ""ל",false,1,23.90,4.78,true,1,
3574669909181,false,גונסונס בייבי שמן אלוורה 300 מל,,IT,שמן אלוורה גונסונס ב,Unknown,0.00,Unknown,false,1,22.90,22.90,true,1,
3607347320449,false,"אדידס - ג'ל רחצה ספורט אנרג'י 400 מ""ל",,ES,גל רחצה לגברים אדידס,מיליליטרים,400.00,"100 מ""ל",false,1,14.90,3.73,true,1,
3608580071389,false,ממרח ערמונים 370 גרם BONNE MAMAN,,FR,ממרח ערמונים 370 גרם,גרמים,370.00,100 גרם,false,1,26.50,7.16,true,1,
3608580730231,false,קונפיטורה בון ממאן תות שדה 370 גר',אף.סי תבליני בגליל ב,FR,קונפיטורה בטעם תות 3,גרמים,370.00,100 גרם,false,1,20.90,5.65,true,1,
3608580730248,false,קונפיטורה דובדובן 370 ג' בוני מאמן,,,קונפיטורה בטעם דובדב,גרמים,370.00,100 גרם,false,1,20.90,5.65,true,1,
3608580730255,false,קונפיטורה בטעם משמש 370 גר BONNE MAMAN,,,קונפיטורה בטעם משמש,גרמים,370.00,100 גרם,false,1,20.90,5.65,true,1,
3608580730279,false,קונפיטורת מרמלדה תפוזים 370 גרם,,,מרמלדת תפוזים 370 גר,גרמים,370.00,100 גרם,false,1,20.90,5.65,true,1,
3608580730323,false,קונפיטורה בטעם פטל 370 גר BONNE MAMAN,,,קונפיטורה בטעם פטל 3,גרמים,370.00,100 גרם,false,1,20.90,5.65,true,1,
3614223736485,false,"אדידס דאודורנט ספריי לגבר אדיפיור 200מ""ל",,PT,דאו ספריי לגבר אדידס,מיליליטרים,200.00,"100 מ""ל",false,1,19.90,9.95,true,1,
3661163991146,false,"אדידס - דאודורנט ספריי לאישה קול אנד קר פרש 150 מ""ל",מיוצר עי קונדיטוריית,PT,דאו ספריי לנשים אדיד,מיליליטרים,150.00,"100 מ""ל",false,1,19.90,13.27,true,1,
3662444002766,false,חלה בריוש ראובנס 500 גרם,אר.אפ.די,FR,חלה בריוש ראובנס 500,גרמים,500.00,100 גרם,false,1,24.90,4.98,true,1,
3662444002773,false,חלה בריוש שוקוציפס ראובנס 500 גרם,אר.אפ.די,FR,חלה בריוש שוקוציפס ר,גרמים,500.00,100 גרם,false,1,24.90,4.98,true,1,
3664346304962,false,טרי שוקולד תפוז מריר 157 גרם,,GB,טרי שוקולד תפוז מריר,גרמים,157.00,100 גרם,false,1,17.90,11.40,true,1,
3700604200222,false,אריסה טוניסאית 350 גרם,,,אריסה טוניסאית 350 ג,גרמים,350.00,100 גרם,false,1,24.90,7.11,true,1,
3760009240322,false,"אלן גומה ואקראס 750 מ""ל",,FR,אלן גומה ואקראס 750,מיליליטרים,750.00,"100 מ""ל",false,1,109.90,14.65,true,1,
3770000016796,false,"יין שבלי דומיין דה שאטיון כשל""פ 750 מ""ל",דומיין דה לה,FR,יין שבלי דומיין דה ש,Unknown,0.00,Unknown,false,1,89.90,89.90,true,1,
3800016701161,false,"לפתן חצאי שזיף בסירופ 700 מ""ל",,,לפתן חצאי שזיף בסירו,מיליליטרים,700.00,"100 מ""ל",false,1,10.70,1.53,true,1,
3800163830073,false,זיתים ירוקים ללא גרעינים ממולאים 720 גרם,,TR,זיתים ירוקים ממולאים,גרמים,720.00,100 גרם,false,1,15.90,2.21,true,1,
3800233684445,false,אבקת חלבון 79% מיקס טבעוני שקד אפונה 500,,BG,אבקת חלבון 79% מיקס,גרמים,500.00,100 גרם,false,1,109.90,21.98,true,1,
3800740021870,false,ממרח ירוקות לוטניצה 265 גר,,BG,ממרח ירוקות לוטניצה,גרמים,265.00,100 גרם,false,1,20.90,7.89,true,1,
3838945509060,false,מיץ תפוחים 100% 1 ליטר FRUCTAL,,,מיץ תפוחים 100% 1 לי,מיליליטרים,1000.00,"100 מ""ל",false,1,14.60,1.46,true,1,
3850104008054,false,תבלין ירקות ווגטה 75 גר,,HR,תבלין ירקות ווגטה 75,גרמים,75.00,100 גרם,false,1,7.50,10.00,true,1,
4000161050209,false,נידרגר מרציפן מצופה שוקולד 75 גר,,,נידרגר מרציפן מצופה,גרמים,75.00,100 גרם,false,1,22.90,30.53,true,1,
4000161060116,false,נידרגר שוקולד מריר במילוי מרציפן 110 גר,,,נידרגר שוקולד מריר ב,גרמים,110.00,100 גרם,false,1,19.90,18.09,true,1,
4000161060161,false,נידרגר שוק.מריר וגינגיר מילוי מרציפן 110,,,נידרגר שוק.מריר וגינ,גרמים,110.00,100 גרם,false,1,19.90,18.09,true,1,
4000161060901,false,נידרגר מרציפן שחור&לבן 110 ג,,,נידרגר מרציפן שחור&ל,גרמים,110.00,100 גרם,false,1,19.90,18.09,true,1,
4000417023001,false,שוקולד ריטר ספורט שקדים חלב 100גר,מולינו ניקולי s.p.a,DE,שוקולד RITTER SPORT,גרמים,100.00,100 גרם,false,1,10.90,10.90,true,1,
4000417025005,false,שוקולד ריטר ספורט מריר מרצפן 100ג',מולינו ניקולי s.p.a,DE,שוקולד RITTER SPORT,גרמים,100.00,100 גרם,false,1,8.90,8.90,true,1,
4000417026002,false,שוקולד ריטר ספורט נוגט 100 גרם,מולינו ניקולי s.p.a,DE,שוקולד ריטר ספורט נו,גרמים,100.00,100 גרם,false,1,8.90,8.90,true,1,
4000417211002,false,ריטר ספורט מוס קרמל ושברי שקדים 100 גרם,מולינו ניקולי s.p.a,DE,ריטר ספורט מוס קרמל,גרמים,100.00,100 גרם,false,1,8.90,8.90,true,1,
4000417212009,false,שוקולד ריטר ספורט שקדים וקליפות תפוז 100,,DE,שוקולד ריטר ספורט שק,גרמים,100.00,100 גרם,false,1,8.90,8.90,true,1,
4000417450302,false,שוקולד חלב ומריר ריטר ספורט מונדיאל 183ג,,DE,שוקולד חלב ומריר ריט,גרמים,183.00,100 גרם,false,1,23.90,13.06,true,1,
4000417626417,false,שוקולד חלב עם חמוציות ואגוזים ריטר100ג,,,שוקולד חלב עם חמוציו,גרמים,100.00,100 גרם,false,1,8.90,8.90,true,1,
4000417708007,false,שוקולד ריטר ספורט מריר שקד 100 גרם,,,ריטר ספורט מריר שקד,גרמים,100.00,100 גרם,false,1,10.90,10.90,true,1,
4000504149027,false,גבינת קממבר דה לוקס 125 גרם,,,גבינת קממבר דה לוקס,גרמים,125.00,100 גרם,false,1,21.90,17.52,true,1,
4000504149423,false,גבינת קמבוזולה 125 גרם,,DE,גבינת קמבוזולה 125 ג,גרמים,125.00,100 גרם,false,1,21.90,17.52,true,1,
4000504213028,false,גבינה דורבלו גרמנית במשקל,,,גבינה דורבלו גרמנית,Unknown,0.00,"ק""ג",true,0,184.00,184.00,true,1,
4000512010890,false,טרולי - גומי יוגורט בטעם פירות 200 גרם,,DE,טרולי גומי יוגורט פי,גרמים,200.00,100 גרם,false,1,10.90,5.45,true,1,
4000512364436,false,טרולי גומי פרות חלב 200 גר,,DE,טרולי גומי פרות חלב,גרמים,200.00,100 גרם,false,1,10.90,5.45,true,1,
4000522060038,false,"פאני פריש-קרקר זהב מלוח ""דגים"" 100 גר",Intersnack Deutschland SE,DE,פאני פריש-קרקר זהב מ,גרמים,100.00,100 גרם,false,1,10.90,10.90,true,1,
4000522061752,false,בייגלה צ'יו מקלות מלוחים 100 גרם,,,בייגלה ציו מקלות 100,גרמים,100.00,100 גרם,false,1,5.20,5.20,true,1,
4000539280726,false,שוקולד לינדט אקסלנס מילד 70% 100 גר,לינדט ושפרונגלי,DE,שוקולד לינדט אקסלנס,גרמים,100.00,100 גרם,false,1,14.90,14.90,true,1,
4000539280740,false,שוקולד לינדט אקסלנס 78% 100 גר,,DE,שוקולד לינדט אקסלנס,גרמים,100.00,100 גרם,false,1,14.90,14.90,true,1,
4000539363108,false,שוקולד לינדור סטיקס 38 גרם,,,שוקולד לינדור סטיקס,גרמים,38.00,100 גרם,false,1,7.30,19.21,true,1,
4000576027933,false,צימרונים לאוזניים גאן קרול 200 יח,,DE,צימרונים לאוזניים גא,יחידה,1.00,יחידה,false,1,7.90,7.90,true,1,
4000576722654,false,פדים להסרת איפור זוג *70 יח',,,פדים להסרת איפור 140,Unknown,0.00,Unknown,false,1,18.80,18.80,true,1,
4001499915215,false,פרוש מרכך כביסה לתינוקות 750 מל,,AT,מרכך כביסה פרוש לתינ,מיליליטרים,750.00,"100 מ""ל",false,1,19.50,2.60,true,1,
4001499954986,false,פרוש נוזל ניקוי אסלות על בסיס לימון 750,,,פרוש נוזל ניקוי אסלו,מיליליטרים,750.00,"100 מ""ל",false,1,19.50,2.60,true,1,
4001507161955,false,קווקר פתיתי שיבולת שועל עבה 500 גר,פורטין,DE,קווקר פתיתי שיבולת ש,גרמים,500.00,100 גרם,false,1,6.20,1.24,true,1,
4001638098045,false,משחת שיניים צמחית 75,,,משחת שיניים צמחית 75,מיליליטרים,75.00,"100 מ""ל",false,1,35.90,47.87,true,1,
4001638098090,false,"וולדה משחת שיניים מלחית, 75 מ""ל",,,משחת שיניים מלחית 75,מיליליטרים,75.00,"100 מ""ל",false,1,35.90,47.87,true,1,
4001638501989,false,וולדה סקין פוד חמאת שפתיים,,,סקין פוד חמאת שפתיים,Unknown,0.00,Unknown,false,1,39.90,39.90,true,1,
4001686301524,false,הריבו גולדבירס מיני דובוני גומי 250 גרם,,DE,הריבו גולדבירס מיני,גרמים,250.00,100 גרם,false,1,16.70,6.68,true,1,
4001686328910,false,הריבו גומי סלילים בטעמי פירות וקולה 160ג,,DE,הריבו גומי סלילים בט,גרמים,160.00,100 גרם,false,1,10.40,6.50,true,1,
4001751035705,false,רוטב חרדל עם דבש סקנדיה 215 גרם,,,רוטב חרדל עם דבש סקנ,גרמים,215.00,100 גרם,false,1,10.40,4.84,true,1,
4001751073677,false,רוטב חזרת עם סלק 200 גר,,,רוטב חזרת עם סלק 200,גרמים,200.00,100 גרם,false,1,10.40,5.20,true,1,
4001751094283,false,רוטב חרדל בטעם תפוזים סקנידה 210 גרם,,,רוטב חרדל בטעם תפוזי,גרמים,210.00,100 גרם,false,1,10.40,4.95,true,1,
4002103250487,false,"בירה ארדינגר בהירה 500 מ""ל בקבוק",ארדינגר,DE,בירה ארדינגר בהירה 5,מיליליטרים,500.00,"100 מ""ל",false,1,11.90,2.38,true,1,
4002309009100,false,ממרח שוקולד 350 גר KIDDY DUO,,LT,ממרח שוקולד 350 גר K,גרמים,350.00,100 גרם,false,1,15.90,4.54,true,1,
4002575016253,false,מרציפן מצופה שוקולד,הדקלאים אגודת שיתופי,DE,מרציפן 100 גרם,גרמים,100.00,100 גרם,false,1,13.50,13.50,true,1,
4002590000022,false,סוכריות קלפני פירות יער אוכמניות 150 ג',קדבורי,DE,קלפני פירות אוכמניות,גרמים,150.00,100 גרם,false,1,13.70,9.13,true,1,
4002590000633,false,סוכריות קלפני פירות 150 גרם,קדבורי,DE,סוכריות קלפני פירות,גרמים,150.00,100 גרם,false,1,13.70,9.13,true,1,
4002631025014,false,"בירה קוניגסבאכר כהה 5.1% 500 מ""ל פחית",,,בירה קוניגסבאכר כהה,מיליליטרים,500.00,"100 מ""ל",false,1,6.50,1.30,true,1,
4002631025830,false,"בירה קוניגסבאכר חיטה 5.1% 500 מ""ל פחית",,,בירה קוניגסבאכר חיטה,מיליליטרים,500.00,"100 מ""ל",false,1,6.90,1.38,true,1,
4002899701118,false,קונטיננטל דובשניות מצופות שוקול חלב 500ג,,NL,קונטיננטל דובשניות מ,גרמים,500.00,100 גרם,false,1,21.90,4.38,true,1,
4003586006714,false,פאני פריש-חטיף בייגלה דבש וחרדל 120 גרם,Intersnack Deutschland SE,DE,פאני פריש-חטיף בייגל,גרמים,120.00,100 גרם,false,1,12.90,10.75,true,1,
4004666042004,false,"מלרוד - מרסס משמיד עובש 500 מ""ל",מלרוד,DE,מלרוד מרסס לעובש,Unknown,0.00,Unknown,false,1,31.50,31.50,true,1,
4005808366392,false,שפתון כחול בליסטר לבלו,טרופיקל דגיל תעשיות,DE,שפתון לבלו כחול,Unknown,0.00,Unknown,false,1,15.60,15.60,true,1,
4005808368280,false,לבלו דובדבן בליסטר שפתון,טרופיקל דגיל תעשיות,DE,שפתון לבלו דובדבן,Unknown,0.00,Unknown,false,1,15.60,15.60,true,1,
4005808515554,false,"קרם רב שימושי סופט 300 מ""ל ניוואה",,,קרם ניוואה סופט רב ש,גרמים,300.00,100 גרם,false,1,54.90,18.30,true,1,
4005900036476,false,"ניוואה - דאודורנט רול און לאישה בלק אנד וויט קליר 50 מ""ל",טרופיקל דגיל תעשיות,DE,דאודורנט רול און לאש,גרמים,160.00,100 גרם,false,1,23.50,14.69,true,1,
4005900036483,false,"ניוואה - דאודורנט ספריי לגבר שקוף בלק וווי 150 מ""ל",בטר אנד דיפרנט,DE,דאודורנט ספריי לגבר,גרמים,130.00,100 גרם,false,1,23.50,18.08,true,1,
4005900036568,false,"ניוואה - דאודורנט ספריי לאישה שקוף בלק וווי 150 מ""ל",ביירסדורף AG,DE,דאודורנט ספריי לאשה,גרמים,130.00,100 גרם,false,1,23.50,18.08,true,1,
4005900488459,false,"ניוואה - דאודורנט רול און לאישה דריי פרש 50 מ""ל",ביירסדורף AG,DE,דאו ניוואה רול און ל,מיליליטרים,50.00,"100 מ""ל",false,1,23.50,47.00,true,1,
4005900494924,false,"ניוואה - דאודורנט ספריי לאישה דריי פרש אישה 150 מ""ל",,DE,דאו ניוואה ספריי לאי,מיליליטרים,150.00,"100 מ""ל",false,1,23.50,15.67,true,1,
4005900513069,false,"ניוואה - דאודורנט רול און לגבר דיפ 50 מ""ל",,DE,דאו רול און ניוואה מ,מיליליטרים,50.00,"100 מ""ל",false,1,23.50,47.00,true,1,
4005900683878,false,לבלו סקראב אלוה ורה בליסטר 5.5מל,,DE,שפתון לבלו סקראב אלו,Unknown,0.00,Unknown,false,1,16.70,16.70,true,1,
4005900683908,false,לבלו סקראב רוז היפ בליסטר 5.5מל,,DE,שפתון לבלו סקראב רוז,Unknown,0.00,Unknown,false,1,16.70,16.70,true,1,
4005900816016,false,"ניוואה - דאודורנט ספריי לאישה פרש טבעי לאישה 150 מ""ל",טרופיקל דגיל תעשיות,DE,דאודורנט ספריי לאישה,גרמים,150.00,100 גרם,false,1,23.50,15.67,true,1,
4005900828088,false,"ניוואה - דאודורנט רול און לגבר פרש 50 מ""ל",טרופיקל דגיל תעשיות,DE,דאודורנט רול און לגב,Unknown,0.00,Unknown,false,1,23.50,23.50,true,1,
4005900978950,false,לבלו - דובדבן שפתון לחות מטפח מהדורת נסיכות דיסני,,,לובלו בטעם דובדבן -,Unknown,0.00,Unknown,false,1,15.60,15.60,true,1,
4006387085407,false,שלישיית פילטר מקסטרא סודהסטרים,,,פילטר מקסטרה+ שלישיי,Unknown,0.00,Unknown,false,1,139.00,139.00,true,1,
4006387097370,false,קנקן סטייל+פילטר מקסטרא סודהסטרים,,DE,קנקן בריטה סטייל,Unknown,0.00,Unknown,false,1,169.00,169.00,true,1,
4006814000720,false,סנטה קלנדר 75 גר WAWI,WAWI GROUP,DE,סנטה קלנדר 75 ג WAWI,Unknown,0.00,Unknown,false,1,10.90,10.90,true,1,
4006814000751,false,סנטה בודד עם כובע 80 גר,WAWI GROUP,DE,סנטה בודד עם כובע,גרמים,80.00,100 גרם,false,1,13.90,17.38,true,1,
4006814011108,false,סנטה בודד 150 גר WAWI,,,סנטה בודד 150 גר WAW,גרמים,150.00,100 גרם,false,1,9.90,6.60,true,1,
4006814071003,false,סנטה שקית 100 גרם WAWI,,,סנטה שקית 100 גרם WA,גרמים,100.00,100 גרם,false,1,9.90,9.90,true,1,
4006814072000,false,סנטה שקית 200 גרם WAWI,WAWI Euro Gmbh,DE,סנטה שקית 200 גרם WA,גרמים,200.00,100 גרם,false,1,14.90,7.45,true,1,
4007519050713,false,פלי 25 שקיות אשפה- 35 ליטר,,,פלי שקיות אשפה 35 לי,Unknown,0.00,Unknown,false,1,13.50,13.50,true,1,
4007519050720,false,פלי 20 שקיות אשפה- 60 ליטר,,DE,שקיות אשפה פלי עם שר,Unknown,0.00,Unknown,false,1,13.50,13.50,true,1,
4007745058804,false,מיונז אמיתי אורגני נ,אף.סי תבליני בגליל ב,DE,מיונז אורגני 350 גרם,גרמים,350.00,100 גרם,false,1,24.90,7.11,true,1,
4007745058811,false,חרדל צרפתי חלק אורגני 200 גרם,נטורפוד,DE,חרדל צרפתי חלק אורגנ,גרמים,200.00,100 גרם,false,1,15.50,7.75,true,1,
4007993016922,false,מאגדת אוראו 4 יח,,DE,מאגדת אוראו 4 יח,Unknown,0.00,Unknown,false,1,34.90,34.90,true,1,
4007993032533,false,מאגדת גלידה טובלרון 4 יח 400 גר,,,מאגדת גלידה טובלרון,גרמים,400.00,100 גרם,false,1,36.50,9.13,true,1,
4008287051032,false,בירה קרומבאכר פילס 0.50 ליטר פחית,מנדלז סי.אר. פרודקשן,DE,בירה קרומבאכר פילס,מיליליטרים,500.00,"100 מ""ל",false,1,10.50,2.10,true,1,
4008287058161,false,"שישייה בירה קרומבאכר פילס 330X6 מ""ל",מנדלז סי.אר. פרודקשן,DE,שישיית בירה קרומבאכ,מיליליטרים,1980.00,"100 מ""ל",false,1,34.90,1.76,true,1,
4008287762020,false,בירה קרומבאכר חיטה 0.50 ליטר בקבוק,,DE,בירה קרומבאכר חיטה 5,מיליליטרים,500.00,"100 מ""ל",false,1,10.50,2.10,true,1,
4008287905786,false,בירה קרומבאכר חיטה 5.3% פחית 500 מל,מנדלז סי.אר. פרודקשן,DE,בירה קרומבאכר חיטה,מיליליטרים,500.00,"100 מ""ל",false,1,10.50,2.10,true,1,
4008400121321,false,פררו גיוטו בשקית 116 גרם,,,פררו גיוטו בשקית 116,גרמים,116.00,100 גרם,false,1,27.90,24.05,true,1,
4008400209524,false,קינדר - מארז שוקולד קריסמס 102 גרם,,IT,קינדר - מארז שוקולד,גרמים,102.00,100 גרם,false,1,22.90,22.45,true,1,
4008400230726,false,ביצת שוקולד הפתעה קינדר ענקית 100ג' בנים,פררו,BE,ביצת הפתעה קינדר מק,גרמים,100.00,100 גרם,false,1,23.90,23.90,true,1,
4008400351926,false,פררו חנותה מיני 200 גרם,,DE,פררו חנותה מיני 200,גרמים,200.00,100 גרם,false,1,25.90,12.95,true,1,
4008400510125,false,קינדר- שוקולד חלב בצורת סנטה קלאוס 75 גר,,IT,קינדר- שוקולד חלב בצ,גרמים,75.00,100 גרם,false,1,20.90,27.87,true,1,
4008400511825,false,שוקולד קינדר בצורת סנטה קלאוס 110 גרם,,IT,שוקולד קינדר בצורת ס,גרמים,110.00,100 גרם,false,1,22.90,20.82,true,1,
4009300524625,false,תה פומפדור צאי מסאלה 20 שקיקים,,,תה צאי מסאלה 20 יח,Unknown,0.00,Unknown,false,1,16.70,16.70,true,1,
4009300530107,false,חליטה קרה בטעמי תות שדה ותפוז פומפדור 45 ג',,,פומפדור חליטה קרה תו,גרמים,45.00,100 גרם,false,1,15.90,35.33,true,1,
4009309022399,false,כרוב כבוש אורגני 680 גר,,,כרוב כבוש אורגני 680,גרמים,680.00,100 גרם,false,1,18.30,2.69,true,1,
4009309114346,false,"מלפפונים ללת""ס אורגניים בחומץ 670 גר",,,"מלפפונים ללת""ס אורגנ",גרמים,670.00,100 גרם,false,1,23.90,3.57,true,1,
4009900379564,false,מסטיק הובה בובה באבל טייפ פירות 56 גר',מארס,GB,הובה בובה טייפ פירות,Unknown,0.00,Unknown,false,1,8.30,8.30,true,1,
4009900402965,false,מסטיק אורביט בקבוקון white פירות 64ג',ריגלי פולין,PL,מסטיק אורביט WHITE ב,Unknown,0.00,Unknown,false,1,10.00,10.00,true,1,
4009900403023,false,מסטיק אורביט בקבוקון דאבל white קלאסי 64ג',"ב.א מזון בע""מ",PL,מסטיק אורביט WHITE ב,Unknown,0.00,Unknown,false,1,10.00,10.00,true,1,
4009900420129,false,מסטיק אורביט פרופשנל פפרמינט בקבוקון 64 גר',מרס נדרלנד,PL,מסטיק אורביט פרופשיו,Unknown,0.00,Unknown,false,1,10.00,10.00,true,1,
4009900455299,false,סוכריות סקטלס פירות 174ג',מארס,CZ,סקיטלס פירות 174 גרם,גרמים,174.00,100 גרם,false,1,10.40,5.98,true,1,
4009900465304,false,סקיטלס פירות חמוצים 174 גרם,מארס,CZ,סקיטלס פירות חמוצים,גרמים,174.00,100 גרם,false,1,10.40,5.98,true,1,
4009900479998,false,"מסטיק אורביט לל""ס אוכמניות בקבוקון",ריגלי פולין,PL,"מסטיק אורביט לל""ס או",Unknown,0.00,Unknown,false,1,10.00,10.00,true,1,
4009900482417,false,מסטיק אורביט פירות מנטה בקבוקון באבל מינט 45יח,ריגלי פולין,PL,מסטיק אורביט באבל מי,Unknown,0.00,Unknown,false,1,10.00,10.00,true,1,
4009900500166,false,סוכריות פירות אדום סקיטלס בקבוקון 125ג',ריגלי ממתקים,,סוכריות סקיטלס פירות,גרמים,125.00,100 גרם,false,1,9.30,7.44,true,1,
4009900521581,false,סוכריות אורביט מינטס מנטה בבקבוקון 77 גר,ריגלי פולין,PL,סוכריות אורביט מינטס,גרמים,77.00,100 גרם,false,1,10.90,14.16,true,1,
4009900531122,false,"מסטיק בטעם מנטה ספירמינט, 64 ג' פרופשיונל אורפיט",מרס נדרלנד,PL,מסטיק אורביט פרופשיו,Unknown,0.00,Unknown,false,1,10.00,10.00,true,1,
4009900535519,false,מסטיק אורביט רפרשרס ספירמינט ללא סוכר 15.6גר',,PL,אורביט רפרשרס ספירמי,גרמים,16.00,100 גרם,false,1,3.90,24.38,true,1,
4009900535540,false,מסטיק אורביט רפרשרס פפרמינט ללא סוכר 15.6גר',,PL,אורביט רפרשרס פפרמינ,גרמים,16.00,100 גרם,false,1,3.90,24.38,true,1,
4009900535823,false,מסטיק אורביט רפרשרס באבלמינט ללא סוכר 15.6גר',,PL,אורביט רפרשרס באבלמי,גרמים,16.00,100 גרם,false,1,3.90,24.38,true,1,
4009900539340,false,סקיטלס ג'יינט סאוור 141 גרם,מרס ריגלי קונפקשונרי,PL,סקיטלס גיינט סאוור 1,גרמים,141.00,100 גרם,false,1,10.40,7.38,true,1,
4009900539685,false,"מסטיק פייב באונס בטעם מנטה בקבוקון, 61.8 גרם",ריגלי בעמ רוסיה,PL,מסטיק פייב באונס מנט,גרמים,62.00,100 גרם,false,1,12.20,19.68,true,1,
4009900539746,false,"מסטיק פייב באונס בטעם אבטיח בקבוקון, 61.8 גרם",ריגלי בעמ רוסיה,PL,מסטיק פייב באונס אבט,גרמים,62.00,100 גרם,false,1,12.20,19.68,true,1,
4010160055723,false,א.ב טננבלוט - טננבלוט די ללא סוכר 250 מ,,,א.ב טננבלוט - טננבלו,Unknown,0.00,Unknown,false,1,84.90,84.90,true,1,
4010160055730,false,א.ב טננבלוט - טננבלוט לגרון,,,א.ב טננבלוט - טננבלו,Unknown,0.00,Unknown,false,1,34.90,34.90,true,1,
4010492961723,false,אתנה סטיק סלמון,סאטורן,DE,אתנה סטיק סלמון,Unknown,0.00,Unknown,false,1,18.90,18.90,true,1,
4011800290054,false,חטיף חלבון קורני קוקוס 50 גר,,CZ,חטיף חלבון קורני קוק,גרמים,50.00,100 גרם,false,1,8.50,17.00,true,1,
4011800290078,false,חטיף חלבון קורני עוגיות 50 גר,,CZ,חטיף חלבון קורני עוג,גרמים,50.00,100 גרם,false,1,8.50,17.00,true,1,
4011800290092,false,חטיף חלבון קורני וניל 50 גר,,CZ,חטיף חלבון קורני וני,גרמים,50.00,100 גרם,false,1,8.50,17.00,true,1,
4011800528416,false,קורני בייס סויט & סולט 6 יח 150 גר,,DE,קורני בייס סויט & סו,גרמים,150.00,100 גרם,false,1,11.90,7.93,true,1,
4011800568610,false,קורני מילק קלאסיק 4 יח 120 גר,שוורטאוור וורקה,DE,קורני מילק קלאסיק 4,גרמים,120.00,100 גרם,false,1,13.50,11.25,true,1,
4011800617615,false,1X24X50G קורני ביג שוקולד,שוורטאוור וורקה,DE,קורני ביג שוקו 50 גר,גרמים,50.00,100 גרם,false,1,4.90,9.80,true,1,
4011800617912,false,1X24X50G קורני ביג נאטס,שוורטאוור וורקה,DE,קורני ביג נאטס 50 גר,גרמים,50.00,100 גרם,false,1,4.90,9.80,true,1,
4011800630515,false,חטיף קורני שוקולד חלב ובננה 6 יח 150 גר,מיוצר עי קונדיטוריית,DE,חטיף קורני שוקולד חל,גרמים,150.00,100 גרם,false,1,11.90,7.93,true,1,
4011800633516,false,קורני בייס דרק שוקו 6 יח 138 גר,שוורטאוור וורקה,DE,קורני בייס דרק שוקו,גרמים,138.00,100 גרם,false,1,11.90,8.62,true,1,
4011800636517,false,קורני פרי שוקולד חלב 6 יח 120 גר,מיוצר עי קונדיטוריית,DE,קורני פרי שוקולד חלב,גרמים,120.00,100 גרם,false,1,13.50,11.25,true,1,
4011800637514,false,קורני פרי ואיט שוקולד לבן 6 יח 120 גר,,DE,קורני פרי ואיט שוקול,גרמים,120.00,100 גרם,false,1,13.50,11.25,true,1,
4012200321058,false,חזרת לבנה ביתית 250 גר,,,חזרת לבנה ביתית 250,גרמים,250.00,100 גרם,false,1,14.90,5.96,true,1,
4013044100007,false,ליקרס אבקת אפיה אורגנית 48 גרם,ליקרס,DE,ליקרס אבקת אפיה אורג,גרמים,48.00,100 גרם,false,1,7.90,16.46,true,1,
4013227013391,false,"אוטום קרים 750 מ""ל",,,"אוטום קרים 750 מ""ל",מיליליטרים,750.00,"100 מ""ל",false,1,39.90,5.32,true,1,
4014400901191,false,בונבוניירה שוקולד מרסי 250 ג`,אוגוסט שטורק,DE,בונבוניירה מרסי 250,גרמים,250.00,100 גרם,false,1,21.90,8.76,true,1,
4014400907902,false,סוכריות וורטר בוקס ללא סוכר 42 גר,תות ממתקי איכות,DE,סוכריות וורטר בוקס ל,Unknown,0.00,Unknown,false,1,8.00,8.00,true,1,
4014400909692,false,סוכריות וורטר בוקס קפה ללא סוכר 42 גר,קריניציה ויטמינה אס,DE,סוכריות וורטר קפה לל,גרמים,42.00,100 גרם,false,1,8.60,20.48,true,1,
4014400910063,false,סוכריות וורטר אורגינל שקית 135 גרם,אוגוסט שטורק,DE,סוכריות וורטר אורגינ,גרמים,135.00,100 גרם,false,1,13.20,9.78,true,1,
4014400913910,false,וורטר אוריגינל במילוי קרם 125 גרם,תות ממתקי איכות,DE,וורטר אוריגינל במילו,גרמים,125.00,100 גרם,false,1,11.20,8.96,true,1,
4014400914252,false,טבלת שוקולד חלב ממולא אגוזים מרסי 100 ג',,,מרסי שוקולד חלב אגוז,גרמים,100.00,100 גרם,false,1,11.90,11.90,true,1,
4014400914696,false,סוכריות חמאה וורטר אור ללא סוכר 80 גרם,אוגוסט שטורק,DE,סוכריות חמאה וורטר א,Unknown,0.00,Unknown,false,1,8.00,8.00,true,1,
4014400920857,false,סוכריות וורטר ללא סוכר טעם שוקול 70 גרם,קריניציה ויטמינה אס,DE,סוכריות וורטר ללא ס,Unknown,0.00,Unknown,false,1,8.00,8.00,true,1,
4014400923711,false,טופיפי בונבונירה שוק,אוגוסט שטורק,DE,טופיפי 125 גרם,גרמים,125.00,100 גרם,false,1,10.00,8.00,true,1,
4014400925319,false,סוכריות וורטר פופקורן קרמל 140 גר',שטורק,DE,וורטר פופקורן קרמל 1,גרמים,140.00,100 גרם,false,1,16.70,11.93,true,1,
4014400925326,false,וורטרס אורגינל פופקורן קרמל ובייגלה 140,,,וורטרס אורגינל פופקו,גרמים,140.00,100 גרם,false,1,20.90,14.93,true,1,
4014400926545,false,ממבה מגיק סטיקס 290 גרם,,DE,ממבה מגיק סטיקס 290,גרמים,290.00,100 גרם,false,1,17.90,6.17,true,1,
4014400928532,false,ממבה פרוט סרפר 290 גרם,,DE,ממבה פרוט סרפר 290 ג,גרמים,290.00,100 גרם,false,1,17.90,6.17,true,1,
4014400929010,false,וופל מיני קנופרס 200 גר 10 גר*20 יחידות,,DE,וופל מיני קנופרס 200,גרמים,200.00,100 גרם,false,1,18.90,9.45,true,1,
4014400931327,false,ורטרס אורגינל פופקורן עם קרמל זרעי דלעת 1/12,,DE,פופקורן קרמל גרעינים,גרמים,140.00,100 גרם,false,1,16.70,11.93,true,1,
4014522180108,false,בודטה-סוכריות אורגני צמחים בטעם ג'ינגר 75ג,,DE,בודטה סוכריות אורגני,גרמים,75.00,100 גרם,false,1,10.90,14.53,true,1,
4015100204087,false,"סאיוס ספריי סלון פלקס@ 400 מ""ל",,DE,סאיוס ספרי,מיליליטרים,400.00,"100 מ""ל",false,1,35.90,8.98,true,1,
4015400564034,false,אולוויז מגן תחתון לונג+ מגה פק 58 יח',פרוקטר אנד גמבל,DE,אולדייז מגה פק לונג,Unknown,0.00,Unknown,false,1,19.90,19.90,true,1,
4015400564454,false,אולוויז מגן תחתון לארג' מגה פק 68 יח',פרוקטר אנד גמבל,DE,אולדייז מגה פק לארג,Unknown,0.00,Unknown,false,1,19.90,19.90,true,1,
4015400598329,false,אולויז קוואטרו נורמל פלוס 56 יח,,,אולויז קוואטרו נורמל,Unknown,0.00,Unknown,false,1,36.90,36.90,true,1,
4015400598381,false,אולויז קוואטרו לונג פלוס 48 יח,קדבורי,UA,אולויז קוואטרו לונג,Unknown,0.00,Unknown,false,1,36.90,36.90,true,1,
4015400681670,false,תחבושות אולוויז לילה בטוח וליו פק 18 יח,פרוקטר אנד גמבל,UA,תחבושות אולוויז לילה,Unknown,0.00,Unknown,false,1,19.90,19.90,true,1,
4015400690313,false,טמפונים פרל רגולר טמפקס קומפאק 18 יח,,,טמפונים פרל רגולר טמ,Unknown,0.00,Unknown,false,1,28.50,28.50,true,1,
4015400690405,false,טמפונים פרל סופר טמפקס קומפאק 18 יח,,,טמפונים פרל סופר טמפ,Unknown,0.00,Unknown,false,1,28.50,28.50,true,1,
4015400755241,false,אולוויז תחבושות כפול אולטרא נורמל 28 יח',פרוקטר אנד גמבל,UA,תחבושות אולוויז וליו,Unknown,0.00,Unknown,false,1,19.90,19.90,true,1,
4015400755487,false,אולוויז תחבושות כפול אולטרא סגול 24 יח',פרוקטר אנד גמבל,UA,תחבושות אולוויז וליו,Unknown,0.00,Unknown,false,1,19.90,19.90,true,1,
4015576156835,false,"בירה בהירה לא מסוננת ברלינר 500 מ""ל",,DE,בירה בהירה לא מסוננת,מיליליטרים,500.00,"100 מ""ל",false,1,8.90,1.78,true,1,
4015576235493,false,"בירה בהירה ברלינר גשיחטה הל בפחית 500 מ""",,DE,בירה בהירה ברלינר גש,מיליליטרים,500.00,"100 מ""ל",false,1,8.90,1.78,true,1,
4015600762742,false,"שמפו קלאסי 500 מ""ל הד אנד שולדרס",פרוקטר אנד גמבל,RO,הד&שולדרס שמפו 500 מ,מיליליטרים,500.00,"100 מ""ל",false,1,20.90,4.18,true,1,
4015600762780,false,"שמפו ומרכך קלאסי 500 מ""ל הד אנד שולדרס",פרוקטר אנד גמבל,RO,הד&שולדרס 2 ב 1 500,מיליליטרים,500.00,"100 מ""ל",false,1,20.90,4.18,true,1,
4015600762902,false,"שמפו מנטול הד אנד שולדרס 500 מ""ל",פרוקטר אנד גמבל,RO,הד&שולדרס שמפו 500 מ,מיליליטרים,500.00,"100 מ""ל",false,1,20.90,4.18,true,1,
4015600762940,false,"שמפו תפוח 500 מ""ל הד הד אנד שולדרס",פרוקטר אנד גמבל,RO,הד&שולדרס שמפו 500 מ,מיליליטרים,500.00,"100 מ""ל",false,1,20.90,4.18,true,1,
4015600763022,false,"שמפו לשיער יבש 500 מ""ל הד אנד שולדרס",פרוקטר אנד גמבל,RO,הד&שולדרס שמפו 500 מ,מיליליטרים,500.00,"100 מ""ל",false,1,20.90,4.18,true,1,
4015600807436,false,"ג'ילט - דאודורנט ג'ל לגבר כדוריות קול וויב 75 מ""ל",,,דאו גילט גל לגבר 75,מיליליטרים,75.00,"100 מ""ל",false,1,26.90,35.87,true,1,
4015600807573,false,"ג'ילט - דאודורנט ג'ל לגבר כדוריות פאוור ראש 75 מ""ל",,,דאו גילט גל לגבר פאו,מיליליטרים,75.00,"100 מ""ל",false,1,26.90,35.87,true,1,
4017100219900,false,וופלטן גליליות וופל עם שוקולד 100 גרם,הדקלאים אגודת שיתופי,DE,וופלטן גליליות וופל,גרמים,100.00,100 גרם,false,1,15.60,15.60,true,1,
4017100290008,false,ביסקוויט בלזן ליבניץ שוקולד חלב 125 ג',הדקלאים אגודת שיתופי,DE,ביסקוויט ליבניץ שוקו,גרמים,125.00,100 גרם,false,1,15.60,12.48,true,1,
4017100364112,false,ביסקוויט ממולא קרם שוקולד היט 220 גרם,הדקלאים אגודת שיתופי,PL,ביסקוויט ממולא קרם ש,גרמים,220.00,100 גרם,false,1,10.40,4.73,true,1,
4017871800291,false,"צויה יין מבעבע על בסיס פרי האומה 750 מ""ל",,DE,צויה יין מבעבע על בס,מיליליטרים,750.00,"100 מ""ל",false,1,59.90,7.99,true,1,
4018344564641,false,פילה הרינג ברוטב חרדל ושמיר לארסן 200 גר,,,פילה הרינג ברוטב חרד,גרמים,200.00,100 גרם,false,1,10.90,5.45,true,1,
4018722100133,false,אטריות כוסמין וביצים אורגניות 250 גרם,אלב גולד,DE,אטריות כוסמין וביצים,גרמים,250.00,100 גרם,false,1,14.90,5.96,true,1,
4019400440657,false,הלורן דפדפי שוקולד מנטה 200 גר,,,שוקולד במילוי מנטה 2,גרמים,200.00,100 גרם,false,1,16.90,8.45,true,1,
4020400890021,false,ויויל סוכריות ללא סוכר מנטה פעיל חריף,,,ויויל סוכריות ללא סו,Unknown,0.00,Unknown,false,1,15.90,15.90,true,1,
4020400890038,false,ויויל-סוכריות ללא סוכר טעם מנטה,,,ויויל-סוכריות ללא סו,Unknown,0.00,Unknown,false,1,15.90,15.90,true,1,
4022025000137,false,יין בלו נאן גוורצטרמינר 750 מל,,,יין בלו נאן גוורצטרמ,Unknown,0.00,Unknown,false,1,46.90,46.90,true,1,
4022025390030,false,יין בלו נאן ריזלינג 750 מל,,,יין בלו נאן ריזלינג,Unknown,0.00,Unknown,false,1,43.90,43.90,true,1,
4023800122105,false,מרציפן לא מצופה 82 גרם,,DE,מרציפן לא מצופה 82 ג,גרמים,82.00,100 גרם,false,1,7.90,9.63,true,1,
4025700001962,false,שוקולד מילקה לבן 100 גרם,פי אר ג'יי אס סי מונ,HU,שוקולד לבן מילקה 100,גרמים,100.00,100 גרם,false,1,6.90,6.90,true,1,
4028208000284,false,נייר פילטר מספר 4 - BRIGITTA ובו 80 יחידות,,,נייר פילטר מספר 4 80,Unknown,0.00,Unknown,false,1,17.30,17.30,true,1,
4030300022088,false,וויקס סוכריות לימון ומנטה ללא סוכר,,,וויקס סוכריות לימון,גרמים,72.00,100 גרם,false,1,12.90,17.92,true,1,
4032900111308,false,ווינסטון קומפלקט סילבר חפיסה,JTI,UA,ווינסטון קומפלקט סיל,Unknown,0.00,Unknown,false,1,28.50,28.50,true,1,
4033100014529,false,סיגריות אל די סלים ח,JTI,,LD סלימס בודד,Unknown,0.00,Unknown,false,1,25.90,25.90,true,1,
4033100024146,false,סיגריות וינסטון קוד,JTI,,ווינסטון CODE חפיסה,יחידה,1.00,יחידה,false,1,30.90,30.90,true,1,
4033100038914,false,טבק כאמל צהוב + נייר גלגול 30ג',JTI,,כאמל כחול טבק חפיסה,יחידה,1.00,יחידה,false,1,76.90,76.90,true,1,
4033100047350,false,טבק לגלגול קאמל כחול,JTI,,כאמל צהוב טבק חפיסה,יחידה,1.00,יחידה,false,1,76.90,76.90,true,1,
4033100064036,false,וינסטון כחול טבק לגלגול חפיסה,JTI,,וינסטון כחול טבק לגל,יחידה,1.00,יחידה,false,1,76.90,76.90,true,1,
4037400344164,false,קטיאס פארטי פרד 175 גרם,,DE,קטיאס פארטי פרד 175,גרמים,175.00,100 גרם,false,1,9.90,5.66,true,1,
4037400344331,false,קטיאס פיס אנד לאב 200 גרם,,DE,קטיאס פיס אנד לאב 20,גרמים,200.00,100 גרם,false,1,9.90,4.95,true,1,
4037400431680,false,קטיאס גומי מיקס יער 200 גרם,,DE,קטיאס מיקס יער 200 ג,גרמים,200.00,100 גרם,false,1,9.90,4.95,true,1,
4037400431703,false,קטיאס וונדרלנד ריינבואו 200 גרם,,DE,קטיאס וונדרלנד ריינב,גרמים,200.00,100 גרם,false,1,9.90,4.95,true,1,
4037400433004,false,קטיאס גומי וונדרלנד שחור 200 גרם,,DE,קטיאס וונדרלנד שחור,גרמים,200.00,100 גרם,false,1,9.90,4.95,true,1,
4037400433042,false,קטיאס גומי וונדרלנד ורוד 200 גרם,,DE,קטיאס וונדרלנד ורוד,גרמים,200.00,100 גרם,false,1,9.90,4.95,true,1,
4037400433127,false,קטיאס וונדרלנד אקסטרה 175 גרם,,DE,קטיאס וונדרלנד אקסטר,גרמים,175.00,100 גרם,false,1,9.90,5.66,true,1,
4037400433172,false,קטיאס וונדרלנד חמוץ אקסטרה 175 גרם,,DE,קטיאס וונדרלנד חמוץ,גרמים,175.00,100 גרם,false,1,9.90,5.66,true,1,
4041678000271,false,אבן מלח הימאלייה 2-3 קג,,,אבן מלח הימאלייה 2-3,Unknown,0.00,Unknown,false,1,79.90,79.90,true,1,
4041678000301,false,אבן מלח הימאלייה 4-6 קג,,,אבן מלח הימאלייה 4-6,Unknown,0.00,Unknown,false,1,159.90,159.90,true,1,
4043058008778,false,טבק אמריקן ספיריט כחול פאוצ,jti,,טבק לגלגול אמריקון 3,יחידה,1.00,יחידה,false,1,81.90,81.90,true,1,
4044889003222,false,ויואני אורגני לבן עם וניל 100 גרם`,,DE,ויואני אורגני לבן עם,גרמים,80.00,100 גרם,false,1,19.90,24.88,true,1,
4046719603237,false,ספוגיות מתכת סקוטש ברייט אל חלד 2 יח,,CN,ספוגיות מתכת סקוטש ב,Unknown,0.00,Unknown,false,1,8.90,8.90,true,1,
4049366002613,false,"ארנסט לודוויג ריזלינג מתוק 750 מ""ל",,,ארנסט לודוויג ריזלינ,Unknown,0.00,Unknown,false,1,46.90,46.90,true,1,
4049366002620,false,"ארנסט לודוויג ריזלינג מתוק 750 מ""ל",,,ארנסט לודוויג ריזלינ,Unknown,0.00,Unknown,false,1,44.90,44.90,true,1,
4049366003429,false,ארנסט לודוויג גוורצטרמינר 750 מל,,,ארנסט לודוויג גוורצט,Unknown,0.00,Unknown,false,1,46.90,46.90,true,1,
4052197000017,false,"בירה בנדיקטינר חיטה לא מסוננת 500 מ""ל",בנדיקטינר וויצבראו,DE,בירה בנדיקטינר חיטה,מיליליטרים,500.00,"100 מ""ל",false,1,10.90,2.18,true,1,
4052197000369,false,שישיית בירה בנדיקטינר חיטה 330 מל*6,benediktiner,DE,שישיית בירה בנדיקטינ,מיליליטרים,1980.00,"100 מ""ל",false,1,47.90,2.42,true,1,
4052197000925,false,בירה בנדקטינר דונקל כהה 500 מל,בנדיקטינר וויצבראו,DE,בירה בנדקטינר דונקל,מיליליטרים,500.00,"100 מ""ל",false,1,11.90,2.38,true,1,
4056489379515,false,קונטיננטל-ביסקויט סנדוויץ עם קרם שוק 250,,,קונטיננטל-ביסקויט סנ,גרמים,250.00,100 גרם,false,1,5.90,2.36,true,1,
4061445096689,false,קפה דוידוף מגורען 100 גר ESPRESSO 57,,,קפה דווידוף אספרסו 5,גרמים,100.00,100 גרם,false,1,22.90,22.90,true,1,
4061445096702,false,קפה דוידוף מגורען 100 גר FINE AROMA,,CO,קפה דווידוף פיין ארו,גרמים,100.00,100 גרם,false,1,22.90,22.90,true,1,
4061445096726,false,קפה דוידוף מגורען 100 גר RICH AROMA,,CO,קפה דווידוף ריץ ארומ,גרמים,100.00,100 גרם,false,1,22.90,22.90,true,1,
4062400115483,false,"טקילה סיירה סילבר 700 מ""ל",,,טקילה סיירה סילבר 70,מיליליטרים,700.00,"100 מ""ל",false,1,89.90,12.84,true,1,
4066600601920,false,"בירה פאולנר 500 מ""ל פחית",,DE,"בירה פאולנר 500 מ""ל",מיליליטרים,500.00,"100 מ""ל",false,1,11.90,2.38,true,1,
4066600999614,false,"בירה פאולנר חיטה 500 מ""ל בקובק",מבשלת פאולנר,DE,בירה פאולנר חיטה 500,מיליליטרים,500.00,"100 מ""ל",false,1,11.90,2.38,true,1,
4067600001123,false,פילה הרינג מעושן בשמן לארסן 190 גר,,,פילה הרינג מעושן בשמ,גרמים,190.00,100 גרם,false,1,12.90,6.79,true,1,
4067700014849,false,ליקר ייגרמייסטר 700,מסט-יגרמייסטר,DE,"ייגרמייסטר 700 מ""ל",מיליליטרים,700.00,"100 מ""ל",false,1,82.90,11.84,true,1,
4072700001775,false,בירה פרנסיסקאנר בהירה פחית 500 מל,"איי, בי, אינבוו",DE,בירה פרנסיסקאנר בהיר,מיליליטרים,500.00,"100 מ""ל",false,1,11.90,2.38,true,1,
4072700003649,false,"בירה פרנסיסקאנר בהירה 500 מ""ל","איי, בי, אינבוו",DE,בירה פרנסיסקאנר בהיר,מיליליטרים,500.00,"100 מ""ל",false,1,12.90,2.58,true,1,
4084500065598,false,קרם לחות פנטן לתלתלים מושלמים 300 מל,,,קרם לחות פנטן לתלתלי,מיליליטרים,300.00,"100 מ""ל",false,1,21.90,7.30,true,1,
4084500088917,false,"נוזל כלים פיירי לימון 650 מ""ל",פרוקטר אנד גמבל,,נוזל כלים פיירי לימו,מיליליטרים,650.00,"100 מ""ל",false,1,10.90,1.68,true,1,
4084500149526,false,טייד נוזל כביסה 2.48 ליטר,,DE,גל כביסה טייד 2.48 ל,ליטרים,0.00,ליטר,false,1,24.90,24.90,true,1,
4084500853836,false,"נוזל כלים פיירי ורדים ומשי 515 מ""ל",פרוקטר אנד גמבל,GB,נוזל כלים פיירי ורדי,מיליליטרים,515.00,"100 מ""ל",false,1,10.90,2.12,true,1,
4101540707353,false,שטולן לחם צימוקים וקליפות הדרים מסוכ 500,,,שטולן לחם צימוקים וק,גרמים,500.00,100 גרם,false,1,27.90,5.58,true,1,
4101540710919,false,שטולן לחם בטעם מרציפן וצימוקים 500 גרם,,,שטולן לחם בטעם מרציפ,גרמים,500.00,100 גרם,false,1,27.90,5.58,true,1,
4101540719103,false,עוגת שטולן עם מרצפן ודובדבנים 700 גר,,DE,עוגת שטולן עם מרצפן,גרמים,750.00,100 גרם,false,1,39.90,5.32,true,1,
4101540773723,false,עוגת שטולן 450 גר,,DE,עוגת שטולן 450 גר,גרמים,450.00,100 גרם,false,1,29.90,6.64,true,1,
4101540775413,false,עוגת שטולן עשירה עם מרצפן 950 גר,,DE,עוגת שטולן עשירה עם,גרמים,950.00,100 גרם,false,1,52.90,5.57,true,1,
4101940131628,false,"בירה 500 מ""ל STEPHANS BRAU WEISBER",,,"בירה 500 מ""ל STEPHAN",מיליליטרים,500.00,"100 מ""ל",false,1,7.90,1.58,true,1,
4101940426823,false,"בירה 500 מ""ל 7.9% APOSTEL BRAU",,,"בירה 500 מ""ל 7.9% AP",מיליליטרים,500.00,"100 מ""ל",false,1,7.90,1.58,true,1,
4102430013615,false,שישיית בירה ביטבורגר 5% 330 מל,,,שישיית בירה ביטבורגר,מיליליטרים,1980.00,"100 מ""ל",false,1,46.90,2.37,true,1,
4105120623941,false,"בירה ויינשטפן בק' ח""פ 500 מ""ל","ויינשטפן, ת.ד 1155 פ",DE,בירה ויינשטפן 500 מ,מיליליטרים,330.00,"100 מ""ל",false,1,11.90,3.61,true,1,
4105120624412,false,"בירה ויינשטפן ויטוס 500 מ""ל",,IL,בירה ויינשטפן ויטוס,מיליליטרים,500.00,"100 מ""ל",false,1,11.90,2.38,true,1,
4210201245193,false,אורל בי מברשת חשמלית נטענת D100 פרוזן,,,אורל בי מברשת חשמלית,Unknown,0.00,Unknown,false,1,119.90,119.90,true,1,
4210201360742,false,אורל בי ראש חשמלי לניקוי יסודי 4 יח',בראון,IE,אורל בי ראש חשמלי לנ,Unknown,0.00,Unknown,false,1,99.90,99.90,true,1,
4260007240151,false,ממרח חצילים אולן 360 גר,,,ממרח חצילים אולן 360,גרמים,350.00,100 גרם,false,1,13.90,3.97,true,1,
4260334140605,false,שוקולד גנדויה טבעוני עם אגוזי לוז 150 גר,האי נאם סי או אל.טי.,IT,שוקולד גנדויה טבעוני,גרמים,150.00,100 גרם,false,1,20.80,13.87,true,1,
4260651480057,false,אטריות שעועית שחורה אורגני 250 גרם,,,אטריות שעועית שחורה,גרמים,250.00,100 גרם,false,1,21.90,8.76,true,1,
4260651480071,false,אטריות בטטה סגולה פטוציני אורגני 250 גרם,,,אטריות בטטה סגולה פט,גרמים,250.00,100 גרם,false,1,21.90,8.76,true,1,
4333465053769,false,יין פרנאווי-סוביניון בלאן ניו זילנד 750,,,יין פרנאווי-סוביניון,Unknown,0.00,Unknown,false,1,79.90,79.90,true,1,
4388441344614,false,צוקולה פרלינים ש.מריר במילוי ליקר 160 גר,,DE,צוקולה פרלינים ש.מרי,גרמים,160.00,100 גרם,false,1,10.90,6.81,true,1,
4600080279691,false,סט ממתקי שוקולד וקרמלים 350 גר KONFETA,,RU,סט ממתקי שוקולד וקרמ,גרמים,350.00,100 גרם,false,1,34.90,9.97,true,1,
4600080501013,false,וופל מצופה שוקולד טעם חלב 250 גר KOROVKA,,,וופל מצופה שוקולד טע,גרמים,250.00,100 גרם,false,1,15.90,6.36,true,1,
4600080501037,false,וופל מצופה שוקולד 250 גר KOROVKA,,,וופל מצופה שוקולד 25,גרמים,250.00,100 גרם,false,1,15.90,6.36,true,1,
4600300079865,false,בונבוניירה חלב ציפורים 200 גר,,,בונבוניירה חלב ציפור,גרמים,200.00,100 גרם,false,1,16.90,8.45,true,1,
4600300080335,false,סוכריות חלב ציפור 225 גרם,,,סוכריות חלב ציפור 22,גרמים,225.00,100 גרם,false,1,17.50,7.78,true,1,
4600528347296,false,מיונז ריאבה אוליבקווי 200 גרם,,,מיונז ריאבה אוליבקו,גרמים,200.00,100 גרם,false,1,6.90,3.45,true,1,
4600528347821,false,מיונז פרוואנסל 410 גר,,,"מיונז ""פרוואנסל"" 410",גרמים,410.00,100 גרם,false,1,12.90,3.15,true,1,
4600528355963,false,מיונז עם ביצי שליו 372 גר RYABA,,,מיונז עם ביצי שליו 3,גרמים,372.00,100 גרם,false,1,12.90,3.47,true,1,
4600528359060,false,רוטב מיונז בצל עם שמנת 233 גר ASTORIA,,RU,רוטב מיונז בצל עם שמ,גרמים,233.00,100 גרם,false,1,10.50,4.51,true,1,
4600528359077,false,רוטב מיונז שום שמנת 233 גר ASTORIA,,RU,רוטב מיונז שום שמנת,גרמים,233.00,100 גרם,false,1,10.50,4.51,true,1,
4600528359107,false,רוטב מיונז בטעם גבינה 233 גר ASTORIA,,RU,רוטב מיונז בטעם גבינ,גרמים,233.00,100 גרם,false,1,10.50,4.51,true,1,
4600528359114,false,רוטב מיונז צסר גבינה 233 גר ASTORIA,,RU,רוטב מיונז צסר גבינה,גרמים,233.00,100 גרם,false,1,10.50,4.51,true,1,
4600823093010,false,שוקולד בבאיבסקי עם מנדל 100 גר,,,שוקולד בביבסקי,גרמים,100.00,100 גרם,false,1,8.90,8.90,true,1,
4600823172012,false,שוקולד אליונקה מובחר 100 גר,,,שוקולד אליונקה מובחר,גרמים,100.00,100 גרם,false,1,7.90,7.90,true,1,
4600851010669,false,מיונז פרובונסל 450 גרם,,FI,מיונז פרובונסל 450 ג,גרמים,450.00,100 גרם,false,1,14.90,3.31,true,1,
4600851011567,false,"מיונז מוסקובסקיי פרובנסל קלאסיק 700 מ""ל",,,מיונז מוסקובסקיי פרו,מיליליטרים,700.00,"100 מ""ל",false,1,17.90,2.56,true,1,
4600874000623,false,ציקורי טבעי נמס 100 גרם,,,ציקורי טבעי נמס 100,גרמים,100.00,100 גרם,false,1,21.90,21.90,true,1,
4601576004032,false,מיונז מצטה חוזייקי זיתים רוטב לסלט 876 ג,,,רוטב תיבול בטעם זיתי,מיליליטרים,900.00,"100 מ""ל",false,1,23.90,2.66,true,1,
4601576004094,false,מיונז מצטה חוזייקי קלאסי רוטב לסלט 466 ג,,,מיונז מצטה חוזייקי ק,מיליליטרים,480.00,"100 מ""ל",false,1,14.90,3.10,true,1,
4601713001702,false,דובשניות טולסקיי פריאניק פירות 140 גר,,,דובשניות טולסקיי פרי,גרמים,140.00,100 גרם,false,1,6.90,4.93,true,1,
4601713001719,false,דובשניות טולסקיי פריאניק בטעם חלב 140 גר,,,דובשניות טולסקיי פרי,גרמים,140.00,100 גרם,false,1,6.90,4.93,true,1,
4601780002565,false,"קמח מאקפה 2 ק""ג",,,"קמח מאקפה 2 ק""ג",קילוגרמים,0.00,"ק""ג",false,1,22.90,22.90,true,1,
4601780002572,false,"קמח מקפה 1 ק""ג",,,"קמח מקפה 1 ק""ג",גרמים,1000.00,100 גרם,false,1,11.90,1.19,true,1,
4601780005443,false,דוחן 800 גר MAKFA,,RU,דוחן 800 גר MAKFA,גרמים,800.00,100 גרם,false,1,15.60,1.95,true,1,
4601780006211,false,סולת מאקפה 700 גר,,,סולת מאקפה 700 גר,גרמים,700.00,100 גרם,false,1,13.50,1.93,true,1,
4602441005116,false,משקה 2 ליטר TARCHUN,,,משקה 2 ליטר TARCHUN,ליטרים,0.00,ליטר,false,1,16.50,16.50,true,1,
4602486002071,false,"וודקה בלנקאיה גולד 700 מ""ל",מזקקת גאורגייבסקי קר,RU,וודקה בלנקאיה גולד 7,מיליליטרים,700.00,"100 מ""ל",false,1,54.90,7.84,true,1,
4603262450000,false,עץ אשוח ירוק 90 סמ,,,עץ אשוח ירוק 90 סמ,Unknown,0.00,Unknown,false,1,59.90,59.90,true,1,
4603262475003,false,עצ אשוח גליטר 150סמ,,,עצ אשוח גליטר 150סמ,Unknown,0.00,Unknown,false,1,159.90,159.90,true,1,
4603400000043,false,"וודקה רוסקיי סטנדרט 700 מ""ל",רוסקי סטנדרט וודקה,RU,וודקה רוסקיי סטנדרט,מיליליטרים,700.00,"100 מ""ל",false,1,56.90,8.13,true,1,
4603400000180,false,"וודקה סטנדרט פלטינום 700 מ""ל",,,וודקה סטנדרט פלטינום,מיליליטרים,700.00,"100 מ""ל",false,1,93.90,13.41,true,1,
4603514010327,false,"גין באריסטר פינק מתובל 700 מ""ל",,RU,גין באריסטר פינק מתו,מיליליטרים,700.00,"100 מ""ל",false,1,104.90,14.99,true,1,
4603514010341,false,"גין באריסטר בלו מתובל 700 מ""ל",,RU,גין באריסטר בלו מתוב,מיליליטרים,700.00,"100 מ""ל",false,1,104.90,14.99,true,1,
4603955001922,false,שוקולד רוסקיי לבן 100 גר,,,שוקולד רוסקיי לבן 10,גרמים,100.00,100 גרם,false,1,7.90,7.90,true,1,
4604248000349,false,רוטב בטעם מיונז פרובנסל 380 גרם,,,רוטב בטעם מיונז מאחי,גרמים,380.00,100 גרם,false,1,11.90,3.13,true,1,
4604248014667,false,תערובת תבליני לעוף טעם חרדל 500 גר מחייב,,,תערובת תבליני לעוף,גרמים,500.00,100 גרם,false,1,8.90,1.78,true,1,
4604248016272,false,ריבת מאחייב דובדבן בזכוכית 400 גר,,,ריבת מאחייב דובדבן,גרמים,400.00,100 גרם,false,1,22.90,5.73,true,1,
4605246003738,false,תה גרינפילד ירוק יסמין 25 שקי 50 גר,,RU,תה גרינפילד ירוק יסמ,גרמים,50.00,100 גרם,false,1,12.50,25.00,true,1,
4605246004278,false,תה גרינפילד שחור ארל גריי 25 שקי 50 גר,,RU,תה גרינפילד שחור ארל,גרמים,50.00,100 גרם,false,1,12.50,25.00,true,1,
4605246004339,false,חליטה תה גרינפילד סאמר בוקט 25 שקי,,RU,חליטה תה גרינפילד סא,גרמים,38.00,100 גרם,false,1,12.50,32.89,true,1,
4605246004353,false,תה גרינפילד ירוק נענע ומליסה 25 שקי 37.5 גר,,RU,תה גרינפילד ירוק נענ,גרמים,38.00,100 גרם,false,1,12.50,32.89,true,1,
4605246005947,false,תה טס פלזה 25 שקיקים,,,תה טס פלזה 25 שקיקים,Unknown,0.00,Unknown,false,1,12.90,12.90,true,1,
4605246006456,false,תה טס ארל גריי 25 שקיקים,,,תה טס ארל גריי 25 שק,Unknown,0.00,Unknown,false,1,12.90,12.90,true,1,
4605246007873,false,תה ירוק טס פינה קולדה 20 שקיקים,,,תה ירוק טס פינה קולד,Unknown,0.00,Unknown,false,1,14.90,14.90,true,1,
4605246007880,false,תה ירוק טאס גינגר מוחיטו 20 שקיות 1.8 גר,,,תה ירוק טאס גינגר מו,Unknown,0.00,Unknown,false,1,14.90,14.90,true,1,
4605246008832,false,תה טס ארל גריי סיקרט 20 שקיקים,,,תה טס ארל גריי סיקרט,גרמים,36.00,100 גרם,false,1,14.90,41.39,true,1,
4605246009969,false,תה גרינפילד אוכמניות 1/25 שקיקים,,RU,תה גרינפילד אוכמניות,גרמים,38.00,100 גרם,false,1,12.50,32.89,true,1,
4605246011450,false,תה טס בננה ספליט 20 שקיקים,,,תה טס בננה ספליט 20,גרמים,36.00,100 גרם,false,1,14.90,41.39,true,1,
4605504513382,false,זפיר וניל אקסטרה 280 גרם,,,זפיר וניל אקסטרה 280,גרמים,280.00,100 גרם,false,1,11.90,4.25,true,1,
4605516020120,false,סט ממתקי שוקולד וקרמלים 250 גר FONARIK,,RU,מבחר ממתקי 250 גרם,גרמים,250.00,100 גרם,false,0,34.90,13.96,true,1,
4605561010305,false,חתיכות פילה הרינג עם שמיר בשמן 500 גרם,,RU,חתיכות פילה הרינג,גרמים,500.00,100 גרם,false,1,30.50,6.10,true,1,
4605561010312,false,חתיכות פילה הרינג עם שמיר בשמן 200 גרם,,,חתיכות פילה הרינג עם,גרמים,200.00,100 גרם,false,1,11.40,5.70,true,1,
4605561010329,false,חתיכות פילה הרינג מעושן בשמן 500 גרם,,RU,חתיכות פילה הרינג,גרמים,500.00,100 גרם,false,1,30.50,6.10,true,1,
4605561010336,false,חתיכות פילה הרינג מעושן בשמן 200 גרם,,,חתיכות פילה הרינג מע,גרמים,200.00,100 גרם,false,1,11.40,5.70,true,1,
4605561010343,false,חתיכות פילה הרינג בשמן 500 גרם,,RU,חתיכות פילה הרינג,גרמים,500.00,100 גרם,false,1,30.50,6.10,true,1,
4605561010350,false,חתיכות פילה הרינג בשמן 200 גר,,,חתיכות פילה הרינג בש,גרמים,200.00,100 גרם,false,1,11.40,5.70,true,1,
4605561011975,false,חתיכות פילה הרינג בשמן 150 גרם,,,חתיכות פילה הרינג בש,גרמים,200.00,100 גרם,false,1,8.30,4.15,true,1,
4605561012613,false,פילה הרינג (קצוץ) בשמן 400 גרם,,,פילה הרינג (קצוץ) בש,גרמים,400.00,100 גרם,false,1,17.70,4.43,true,1,
4605561013009,false,פילה הרינג בשמן 400 גרם,,,פילה הרינג בשמן 400,גרמים,400.00,100 גרם,false,1,17.70,4.43,true,1,
4606260000192,false,תערובת לתיבול פלוב ר,,RU,תערובת לתיבול פלוב ר,Unknown,0.00,Unknown,false,1,2.90,2.90,true,1,
4606260004473,false,תערובת לתיבול דג אדו,,RU,תערובת לתיבול דג אדו,Unknown,0.00,Unknown,false,1,2.90,2.90,true,1,
4606598000659,false,תבלין ברבריס מגיה ווסטוקה 15 גרם,,,תבלין ברבריס מגיה וו,Unknown,0.00,Unknown,false,1,3.90,3.90,true,1,
4606598002134,false,תבלין שמיר מגיה ווסטוקה 7 גרם,,RU,תבלין שמיר מגיה ווסט,Unknown,0.00,Unknown,false,1,3.90,3.90,true,1,
4606598007054,false,תבלין פלפל שחור טחון מגיה ווסטוקה 10 גר,,,תבלין פלפל שחור טחון,Unknown,0.00,Unknown,false,1,2.90,2.90,true,1,
4606598007085,false,תבלין פלפל שחור שלם מגיה ווסטוקה 10 גר,,,תבלין פלפל שחור שלם,Unknown,0.00,Unknown,false,1,2.90,2.90,true,1,
4606599013320,false,חלב מרוכז ממותק 500 גר דרבנסקיה,בלמול,RU,חלב מרוכז ממותק 500,גרמים,500.00,100 גרם,false,1,10.90,2.18,true,1,
4607001414452,false,טארטלט אורגינל 180 גרם ORIGINAL,,,טארטלט אורגינל 180 ג,גרמים,180.00,100 גרם,false,1,9.90,5.50,true,1,
4607001415442,false,עוגה אישית ארנבון במילוי שוקולד 150 גר,,,עוגה אישית ארנבון במ,גרמים,150.00,100 גרם,false,1,11.90,7.93,true,1,
4607001417569,false,טורט דבש (מאדוביק)במילוי ריבת חלב 350 גר,,,טורט דבש (מאדוביק)במ,גרמים,350.00,100 גרם,false,1,17.90,5.11,true,1,
4607002990474,false,עגבניות מוחמצות דיאדיה וניה 680 גר,רוסקויי פולה אלבאשי,RU,עגבניות מוחמצות דיאד,גרמים,680.00,100 גרם,false,1,13.90,2.04,true,1,
4607002991587,false,עגבניות מוחמצות 1.8 ל דאדיה וניה,,RU,עגבניות מוחמצות 1.8,ליטרים,0.00,ליטר,false,1,29.90,29.90,true,1,
4607002995752,false,אסורטי עגבניות/מלפפונים דיאדיה וניה 680,,,אסורטי עגבניות/מלפפו,גרמים,680.00,100 גרם,false,1,13.90,2.04,true,1,
4607002997633,false,אגיקה פיקנטי ביתי דיאדיה וניה 460 גרם,,,אגיקה פיקנטי ביתי די,גרמים,460.00,100 גרם,false,1,11.90,2.59,true,1,
4607002998180,false,מלפפונים במלח 950 גר דאדיה וניה,,RU,מלפפונים במלח 950 גר,מיליליטרים,950.00,"100 מ""ל",false,1,19.90,2.09,true,1,
4607002999187,false,קורנישונים צרפתי דיאדיה וניה 680 גרם,,RU,קורנישונים צרפתי דיא,גרמים,680.00,100 גרם,false,1,13.90,2.04,true,1,
4607002999286,false,קישואים באגיקה דיאדיה וניה 460 גרם,,,קישואים באגיקה דיאדי,גרמים,460.00,100 גרם,false,1,11.90,2.59,true,1,
4607002999323,false,ממרח חצילים דיאדיה וניה 460 גר,,RU,ממרח חצילים דיאדיה ו,גרמים,460.00,100 גרם,false,1,11.90,2.59,true,1,
4607005402998,false,מתנת קריסטמס ממתקי שוקולד 100 גר,,RU,מתנת קריסטמס ממתקי ש,גרמים,100.00,100 גרם,false,1,11.90,11.90,true,1,
4607011260247,false,עוגיות ש.שועל בטעם חלב 400 גר HVATAY-KA,,,עוגיות ש.שועל בטעם ח,גרמים,400.00,100 גרם,false,1,9.90,2.48,true,1,
4607012350992,false,גרעיני חמניות מרטין 100 גרם,,,גרעיני חמניות מרטין,גרמים,100.00,100 גרם,false,1,7.90,7.90,true,1,
4607012351005,false,גרעיני חמניות מרטין ללא מלח 200 גרם,"נארז ע""י : א.ג. גילר",RU,גרעיני חמניות מרטין,גרמים,200.00,100 גרם,false,1,10.90,5.45,true,1,
4607012351128,false,גרעיני חמניות מרטין 500 גרם,,,גרעיני חמניות מרטין,גרמים,500.00,100 גרם,false,1,29.90,5.98,true,1,
4607012351999,false,גרעיני חמניות מרטין עם מלח 200 גרם,"נארז ע""י : א.ג. גילר",RU,גרעיני חמניות מרטין,גרמים,200.00,100 גרם,false,1,10.90,5.45,true,1,
4607012352095,false,גרעיני חמניות מרטין עם מלח 500 גרם,,,גרעיני חמניות מרטין,גרמים,500.00,100 גרם,false,1,29.90,5.98,true,1,
4607012352453,false,גרעיני חמניות מרטין פסים עם מלח 150 גר,,,גרעיני חמניות מרטין,גרמים,150.00,100 גרם,false,1,11.40,7.60,true,1,
4607012353702,false,גרעיני חמנייה מרטין פסים עם מלח 250 גר,,,גרעיני חמנייה מרטין,גרמים,250.00,100 גרם,false,1,15.60,6.24,true,1,
4607014780551,false,שמן חמניות מזוכך בלגו 1 ל,,,שמן חמניות מזוכך בל,מיליליטרים,1000.00,"100 מ""ל",false,1,21.90,2.19,true,1,
4607014782111,false,שמן חמניות לא מזוכך בלגו 1 ל,,,שמן חמניות לא מזוכך,מיליליטרים,1000.00,"100 מ""ל",false,1,21.90,2.19,true,1,
4607014788014,false,שמן קנולה 1 ליטר בית יוסף,,RU,שמן קנולה 1 ליטר בית,מיליליטרים,1000.00,"100 מ""ל",false,1,11.90,1.19,true,1,
4607016240374,false,גריסי פנינה 800 גרם,,,גריסי פנינה 800 גרם,גרמים,800.00,100 גרם,false,1,8.90,1.11,true,1,
4607016240398,false,סולת 700 גרם,,,סולת 700 גרם,גרמים,700.00,100 גרם,false,1,9.90,1.41,true,1,
4607016240930,false,דוחן 800 גרם,,,דוחן 800 גרם,גרמים,800.00,100 גרם,false,1,13.50,1.69,true,1,
4607016241104,false,תבשיל גריסי פנינה 5*80 גר,,,תבשיל גריסי פנינה 5*,גרמים,400.00,100 גרם,false,1,8.90,2.23,true,1,
4607016243221,false,ש.שועל עם תפוח 5*40גר,,,ש.שועל עם תפוח 5*40ג,גרמים,200.00,100 גרם,false,1,14.60,7.30,true,1,
4607016245171,false,דייסה שיבולת שועל אסורטי 5 טעמים 200 ג,,RU,דייסה שיבולת שועל אס,גרמים,200.00,100 גרם,false,1,13.90,6.95,true,1,
4607025280026,false,קמח חיטה 1 קג,,,"קמח חיטה 1 ק""ג",גרמים,1000.00,100 גרם,false,1,10.90,1.09,true,1,
4607026342341,false,"יין מבעבע ""אבראו דורסו"" חצי מתוק 750 מל",,RU,"יין מבעבע ""אבראו דור",מיליליטרים,750.00,"100 מ""ל",false,1,41.90,5.59,true,1,
4607026342495,false,"יין מבעבע ""אבראו דורסו"" ברוט 750 מ""ל",,RU,"יין מבעבע ""אבראו דור",מיליליטרים,750.00,"100 מ""ל",false,1,41.90,5.59,true,1,
4607026342761,false,"יין מבעבע ""אבראו דורסו"" חצי יבש 750 מ",,RU,"יין מבעבע ""אבראו דור",מיליליטרים,750.00,"100 מ""ל",false,1,41.90,5.59,true,1,
4607026342792,false,אבראו דורסו יין מבעבע רוזה חצי יב 750 מ,,,אבראו דורסו יין מבעב,מיליליטרים,750.00,"100 מ""ל",false,1,41.90,5.59,true,1,
4607026530212,false,יורוסטנדרט כוסמת 900,אגרופרודקט,RU,כוסמת 900 גרם,גרמים,900.00,100 גרם,false,1,11.90,1.32,true,1,
4607036201591,false,חצילים בסיגנון ביתי 520 גרם PICANTA,,RU,חצילים בסיגנון ביתי,גרמים,520.00,100 גרם,false,1,11.90,2.29,true,1,
4607037431225,false,זפיר ורוד-לבן 420 גרם NEVA,,,זפיר ורוד-לבן 420 גר,גרמים,420.00,100 גרם,false,1,19.90,4.74,true,1,
4607037431300,false,זפיר וניל 420 גרם NEVA,,,זפיר וניל 420 גרם NE,גרמים,420.00,100 גרם,false,1,19.90,4.74,true,1,
4607038061018,false,שימור דג גרבושה 250 גרם,,RU,שימור דג גרבושה טבעי,גרמים,250.00,100 גרם,false,1,14.60,5.84,true,1,
4607051158221,false,תה ארל גריי 20 שקיקים CURTIS,,,תה ארל גריי 20 שקיקי,Unknown,0.00,Unknown,false,1,12.90,12.90,true,1,
4607051158672,false,תה פירות יער 20 שקיקים CURTIS,,,תה פירות יער 20 שקיק,Unknown,0.00,Unknown,false,1,12.90,12.90,true,1,
4607065411312,false,פטריות אופיאטה פוסולסקי דבור 680 גר,,CN,פטריות אופיאטה פוסול,גרמים,680.00,100 גרם,false,1,16.70,2.46,true,1,
4607065580070,false,איטריות להכנה מהירה קויסטי בקר 70 גר קוי,,,איטריות להכנה מהירה,גרמים,70.00,100 גרם,false,1,3.50,5.00,true,1,
4607065580087,false,איטריות להכנה מהירה קויסטי עוף 70 גר קוי,,,תבשיל אטריות להכנה מ,Unknown,0.00,Unknown,false,1,3.50,3.50,true,1,
4607065580094,false,תבשיל אטריות פטריות 70 ג DOSHIRAK QUISTY,,UA,תבשיל אטריות פטריות,גרמים,70.00,100 גרם,false,1,3.50,5.00,true,1,
4607065580193,false,דושירק בטעם טלה 90 גרם,,,דושירק בטעם טלה 90 ג,גרמים,90.00,100 גרם,false,1,9.90,11.00,true,1,
4607065580209,false,מרק דושירק בטעם עוף עם פלפל 90 גר,,,מרק דושירק בטעם עוף,Unknown,0.00,Unknown,false,1,9.90,9.90,true,1,
4607065580223,false,דושירק בטעם עוף 90 גרם,,,דושירק בטעם עוף 90 ג,גרמים,90.00,100 גרם,false,1,9.90,11.00,true,1,
4607065580247,false,דושירק בטעם בקון 90 גר,,,דושירק בטעם בקון 90,גרמים,90.00,100 גרם,false,1,9.90,11.00,true,1,
4607065580575,false,תבשיל אטריות להכנה מהירה בטעם בקר 110 גר,,,תבשיל אטריות להכנה מ,גרמים,110.00,100 גרם,false,1,11.90,10.82,true,1,
4607084352313,false,עוגיות 360 גר ORION CHOCO-PIE RASPBERRY,,RU,עוגיות 360 גר ORION,גרמים,360.00,100 גרם,false,1,16.90,4.69,true,1,
4607084352511,false,עוגיות 360 ORION CHOCO-PIE BLAK CURRANT,,RU,עוגיות 360 ORION CHO,גרמים,360.00,100 גרם,false,1,16.90,4.69,true,1,
4607952850156,false,קוויאר אדום צנצנת 230 גרם,,,קוויאר אדום צנצנת 23,גרמים,230.00,100 גרם,false,1,115.00,50.00,true,1,
4610018570073,false,קוויאר בפחית 95 גר,,,קוויאר בפחית 95 גר,גרמים,95.00,100 גרם,false,1,39.90,42.00,true,1,
4620015851082,false,תה שחור RICHARD* EARL GREY,,RU,תה שחור RICHARD* E,גרמים,200.00,100 גרם,false,1,19.90,9.95,true,1,
4620015851624,false,תה שחור ריצירד 30 גר ROYAL HEART,,,תה שחור ריצירד 30 גר,Unknown,0.00,Unknown,false,1,18.70,18.70,true,1,
4620015851778,false,תה שחור RICHARD* ENG.BREAKFAST*,,RU,תה שחור RICHARD* ENG,גרמים,200.00,100 גרם,false,1,19.90,9.95,true,1,
4620016960417,false,תערובת תבלין לפלוב פריפרבקה 15 גר,,,תבלין לפלוב 30 גר פר,Unknown,0.00,Unknown,false,1,3.90,3.90,true,1,
4620016960424,false,תבלין לדגים פריפרבקה 15 גר,,,תבלין לדגים פריפרבקה,Unknown,0.00,Unknown,false,1,3.90,3.90,true,1,
4630016490081,false,"משקה מוגז טעם אגס 500 מ""ל SAN SLAVIA",,,משקה מוגז טעם אגס 50,מיליליטרים,500.00,"100 מ""ל",false,1,10.50,2.10,true,1,
4630016490159,false,"משקה מוגז טרחון 500 מ""ל SAN SLAVIA",,,משקה מוגז טרחון 500,מיליליטרים,500.00,"100 מ""ל",false,1,10.50,2.10,true,1,
4630037252194,false,"קוב וינו מבעבע לבן יבש ברוט 750 מ""ל",,,קוב וינו מבעבע לבן י,מיליליטרים,750.00,"100 מ""ל",false,1,29.90,3.99,true,1,
4630037252224,false,"קוב וינו מבעבע רוזה חצי מתוק 750 מ""ל",,,קוב וינו מבעבע רוזה,מיליליטרים,750.00,"100 מ""ל",false,1,29.90,3.99,true,1,
4630049326746,false,"שמן חמניות בראביטה 870 מ""ל",,,שמן חמניות בראביטה 8,מיליליטרים,870.00,"100 מ""ל",false,1,13.90,1.60,true,1,
4640018993350,false,פיניש קוואנטום קפסולות ג'ל למדיח כלים לימון 30 יח',רקיט בנקיזר,PL,טבליות למדיח פיניש ק,Unknown,0.00,Unknown,false,1,34.90,34.90,true,1,
4660006880790,false,שקיות שי,,,שקיות שי,Unknown,0.00,Unknown,false,1,7.90,7.90,true,1,
4660013949534,false,בונבוניירה שוקולד מתנת כריסטמס 500 גר,,RU,בונבוניירה שוקולד מת,גרמים,500.00,100 גרם,false,1,39.90,7.98,true,1,
4710068001715,false,"מאסטר קפה טירמיסו 240 מ""ל",יוני פרזינדנט אנטרפר,,מאסטר קפה טירמיסו 24,מיליליטרים,240.00,"100 מ""ל",false,1,7.90,3.29,true,1,
4710068001739,false,"מאסטר קפה קולומביאני 240 מ""ל",יוני פרזינדנט אנטרפר,,מאסטר קפה קולוביאני,מיליליטרים,250.00,"100 מ""ל",false,1,7.90,3.16,true,1,
4710068002798,false,"מאסטר קפה ונילה פחית 240מ""ל",מאיטה פוד אינדוסטריא,,מאסטר קפה וניל 240 מ,מיליליטרים,240.00,"100 מ""ל",false,1,7.90,3.29,true,1,
4710068002811,false,"מאסטר קפה וונילה 240 מ""ל",,,מאסטר קפה וונילה 24,מיליליטרים,240.00,"100 מ""ל",false,1,7.90,3.29,true,1,
4710068003313,false,"מאסטר קפה אמריקאנו פחית 240מ""ל",מאיטה פוד אינדוסטריא,TW,מאסטר קפה אמריקנו 24,מיליליטרים,240.00,"100 מ""ל",false,1,7.90,3.29,true,1,
4710964104916,false,שמן שומשום טהור 370 מל,,,שמן שומשום טהור 370,מיליליטרים,370.00,"100 מ""ל",false,1,20.90,5.65,true,1,
4710964170799,false,שומשום שחור קלוי 91 גרם,Flavor full foods in,TH,שומשום שחור קלוי 91,גרמים,91.00,100 גרם,false,1,16.90,18.57,true,1,
4711476002813,false,"קפה קר פיפו מוקצינו 240 מ""ל",,TW,קפה קר פיפו מוקצינו,מיליליטרים,240.00,"100 מ""ל",false,1,8.60,3.58,true,1,
4740098079316,false,"סיידר ""FIZZ"" תות שדה 500 מ""ל",,,"סיידר ""FIZZ"" תות שדה",מיליליטרים,500.00,"100 מ""ל",false,1,8.20,1.64,true,1,
4740098079323,false,"סיידר ""FIZZ"" אגס 500 מ""ל",,,"סיידר ""FIZZ"" אגס 500",מיליליטרים,500.00,"100 מ""ל",false,1,8.20,1.64,true,1,
4740098090137,false,"בירה אינדיה פייל אייל לבנה 500 מ""ל",,EE,בירה אינדיה פייל איי,מיליליטרים,500.00,"100 מ""ל",false,1,12.90,2.58,true,1,
4740098098331,false,"קוקטייל בלו לגון אה לה קוק 330 מ""ל",אה לי קוק,EE,קוקטייל בלו לגון אה,מיליליטרים,330.00,"100 מ""ל",false,1,11.90,3.61,true,1,
4740098098355,false,"קוקטייל מוחיטו אה לה קוק 330 מ""ל",אה לי קוק,EE,קוקטייל מוחיטו אה לה,מיליליטרים,330.00,"100 מ""ל",false,1,11.90,3.61,true,1,
4740098098379,false,"קוקטייל מרגריטה אה לה קוק 330 מ""ל",אה לי קוק,EE,קוקטייל מרגריטה אה ל,מיליליטרים,330.00,"100 מ""ל",false,1,11.90,3.61,true,1,
4740098098393,false,"קוקטייל און דה ביץ אה לה קוק 330 מ""ל",,,קוקטייל און דה ביץ,מיליליטרים,330.00,"100 מ""ל",false,1,11.90,3.61,true,1,
4750001004267,false,מרשמלו וניל בציפוי שוקולד,,LV,מרשמלו וניל בציפוי ש,גרמים,200.00,100 גרם,false,1,14.90,7.45,true,1,
4750001817911,false,בונבוניירה PROZIT קריסמס 180 גר,,,בונבוניירה PROZIT קר,גרמים,180.00,100 גרם,false,1,22.90,12.72,true,1,
4750001819717,false,אסורטי קריסמס מריר לאימה 720 ג CONGRATS,,LV,LAIMA CONGRATS אסורט,גרמים,720.00,100 גרם,false,1,77.90,10.82,true,1,
4750001948110,false,אסורטי שוקולד מריר 70% 215 גרם LAIMA,,,אסורטי שוקולד מריר 7,גרמים,215.00,100 גרם,false,1,26.90,12.51,true,1,
4750001950946,false,שוקולד מריר 70% 100 גרם ליימה,,,שוקולד מריר 70% 100,גרמים,100.00,100 גרם,false,1,10.90,10.90,true,1,
4750001951141,false,שוקולד מריר אורירי 70% קקאו 90 גר לאימה,,,שוקולד מריר לאימה,גרמים,90.00,100 גרם,false,1,10.90,12.11,true,1,
4750001951592,false,שוקולד מריר 87% קקאו 100 גר לאימה,,EE,שוקולד מריר 87% קקאו,גרמים,100.00,100 גרם,false,1,10.90,10.90,true,1,
4750001954227,false,קריסמס 180 גרם PROZIT בונבוניירה,,LV,LAIMA PROZIT בונבוני,גרמים,180.00,100 גרם,false,1,21.90,12.17,true,1,
4750010492826,false,שפרוטים מעושנים ריגה בצנצנת 250 גר,,LV,שפרוטים מעושנים ריגה,גרמים,250.00,100 גרם,false,1,15.60,6.24,true,1,
4750011814511,false,סוכ.ג`לי מצופה שוקולד טעם לימון תפוז 190,,,סוכ.ג`לי מצופה שוקול,גרמים,190.00,100 גרם,false,1,17.90,9.42,true,1,
4750011849063,false,סוכ.ג`לי מצופה שוקולד טעם חמוציות 190 ג,,,סוכ.ג`לי מצופה שוקול,גרמים,190.00,100 גרם,false,1,17.90,9.42,true,1,
4750021011139,false,דיווה קוסמופוליטן פינה קולדה 750 מל,,,דיווה קוסמופוליטן פי,Unknown,0.00,Unknown,false,1,23.90,23.90,true,1,
4750021201592,false,וודקה 1 ליור RIGA BLACK,,,וודקה 1 ליטר RIGA BL,מיליליטרים,1000.00,"100 מ""ל",false,1,83.90,8.39,true,1,
4750021221361,false,"וודקה 700 מ""ל RIGA BLACK",,,"וודקה 700 מ""ל RIGA B",מיליליטרים,700.00,"100 מ""ל",false,1,51.90,7.41,true,1,
4750024001137,false,חטיפי תירס טאפל שמנת חמוצה ובצל 190 גר,,LV,חטיפי תירס טאפל שמנת,גרמים,190.00,100 גרם,false,1,18.90,9.95,true,1,
4750024001144,false,חטיפי תירס טאפל כדורי גבינה נאציוס 190 ג,,LV,חטיפי תירס טאפל כדור,גרמים,190.00,100 גרם,false,1,18.90,9.95,true,1,
4750024002196,false,"טוגני תפ""א בטעם גבינה שמנת 130 גר TAFFEL",,LV,"טוגני תפ""א בטעם גבינ",גרמים,130.00,100 גרם,false,1,15.90,12.23,true,1,
4750042000136,false,משקה אבטיח מלון 1.5 ליטר פרוטו,,,משקה אבטיח מלון 1.5,ליטרים,0.00,ליטר,false,1,15.90,15.90,true,1,
4750042303336,false,נקטר רימונים 30% 1 ליטר CIDO,,,נקטר רימונים 30% 1 ל,מיליליטרים,1000.00,"100 מ""ל",false,1,15.90,1.59,true,1,
4750042804222,false,מיץ עגבניות 100% 1 ליטר CIDO,,,מיץ עגבניות 100% 1 ל,מיליליטרים,1000.00,"100 מ""ל",false,1,15.90,1.59,true,1,
4750042804321,false,נקטר אננס 50% 1 ליטר CIDO,,,נקטר אננס 50% 1 ליטר,ליטרים,0.00,ליטר,false,1,15.90,15.90,true,1,
4750050341498,false,חטיף גבינה אגוז KARUMS 45 גר,,,חטיף גבינה אגוז 45 ג,גרמים,45.00,100 גרם,false,1,5.20,11.56,true,1,
4750050341511,false,חטיף שוקלד עם גבינה +שבבי שוקולד,,,חטיף שוקלד עם גבינה,גרמים,60.00,100 גרם,false,1,5.20,8.67,true,1,
4750108005389,false,"משקה מוגז גיונגל בטעם פטל 750 מ""ל",,LV,משקה מוגז גיונגל בט,מיליליטרים,750.00,"100 מ""ל",false,1,22.90,3.05,true,1,
4750109157643,false,סמטנה לטביה 200 גרם,,LV,סמטנה לטביה 200 גרם,גרמים,200.00,100 גרם,false,1,8.90,4.45,true,1,
4750142002078,false,"בירה צסו יורמלה 500 מ""ל",,LV,בירה צסו יורמלה 500,מיליליטרים,500.00,"100 מ""ל",false,1,7.20,1.44,true,1,
4750142002719,false,"בירה בירה לא מסוננת צסו יורמלה 500 מ""ל",,LV,בירה בירה לא מסוננת,מיליליטרים,500.00,"100 מ""ל",false,1,7.20,1.44,true,1,
4750142003426,false,"בירה פילזנר אקסטרה 500 מ""ל",,RU,בירה פילזנר אקסטרה 5,מיליליטרים,500.00,"100 מ""ל",false,1,7.20,1.44,true,1,
4750142005000,false,"בירה כהה בוהמיין צסו 568 מ""ל",,,בירה כהה בוהמיין צסו,מיליליטרים,568.00,"100 מ""ל",false,1,8.90,1.57,true,1,
4750142005062,false,"בירה ברוזה לא מסוננת צסו 568 מ""ל",,,בירה ברוזה לא מסוננת,מיליליטרים,568.00,"100 מ""ל",false,1,8.90,1.57,true,1,
4750142016518,false,בירה צסו לא מסוננת 5.4% 568 מל,צסו אלוס,LV,בירה צסו לא מסוננת 5,מיליליטרים,568.00,"100 מ""ל",false,1,8.90,1.57,true,1,
4750142021505,false,"בירה PILSENER בהירה 4.7% פחית 500 מ""ל",צסו אלוס,LV,בירה PILSENER בהירה,מיליליטרים,500.00,"100 מ""ל",false,1,7.20,1.44,true,1,
4750241000692,false,דבש עם פטל 300 גר VINNIS,,LV,דבש עם פטל 300 גר VI,גרמים,300.00,100 גרם,false,1,32.90,10.97,true,1,
4750241000715,false,דבש עם דומדמנית שחורה 300 גר VINNIS,,LV,דבש עם דומדמנית שחור,גרמים,300.00,100 גרם,false,1,32.90,10.97,true,1,
4750616000593,false,שפרוטים מעושנים ריגה 190 גר,,LV,שפרוטים בשמן ריגה 19,גרמים,190.00,100 גרם,false,1,9.90,5.21,true,1,
4750616001194,false,שפרוטים מעושנים ריגה 240 גרם פ.ק,,LV,שפרוטים בשמן ריגה 24,גרמים,240.00,100 גרם,false,1,11.90,4.96,true,1,
4750616002276,false,קילקה עם צילי במיץ עגבניות 240 גר,,,קילקה עם צילי במיץ ע,גרמים,240.00,100 גרם,false,1,7.90,3.29,true,1,
4750616006564,false,סרדינים על הגריל בשמן זית 190 גר,,,סרדינים על הגריל בשמ,גרמים,190.00,100 גרם,false,1,13.90,7.32,true,1,
4750616006571,false,סרדינים על הגריל בשמן זית עם צילי 190 ג,,,סרדינים על הגריל בשמ,גרמים,190.00,100 גרם,false,1,13.90,7.32,true,1,
4750616006588,false,סרדינים על הגריל עם לימון בשמן זית 190 ג,,,סרדינים על הגריל עם,גרמים,190.00,100 גרם,false,1,13.90,7.32,true,1,
4750817130808,false,סאיירה במיץ טבעי 240 גר BEST OF RIGA,,,סאיירה במיץ טבעי 240,גרמים,240.00,100 גרם,false,1,10.90,4.54,true,1,
4750817132505,false,פילה קלמרי במיץ טבעי עם שמיר 240 גר,,LV,פילה קלמרי במיץ טבעי,גרמים,240.00,100 גרם,false,1,14.60,6.08,true,1,
4750817135124,false,הרינג בשמן 240 גר BEST OF RIGA,,LV,הרינג בשמן 240 גר BE,גרמים,240.00,100 גרם,false,1,8.90,3.71,true,1,
4750817138125,false,סאיירה בשמן צמחי 240 גר BEST OF RIGA,,,סאיירה בשמן צמחי 240,גרמים,240.00,100 גרם,false,1,10.90,4.54,true,1,
4750817138811,false,סאיירה ברוטב עגבניות 240 גר BEST OF RIG,,,סאיירה ברוטב עגבניות,גרמים,240.00,100 גרם,false,1,10.90,4.54,true,1,
4751001580348,false,שימורי קילקה ברוטב עגבניות עם צילי 175,,LV,שימורי קילקה ברוטב ע,גרמים,175.00,100 גרם,false,1,9.90,5.66,true,1,
4751001583820,false,שפרוטים שקוף מעושנים בשמן צמחי 240 גר,,LV,שפרוטים שקוף מעושנים,גרמים,240.00,100 גרם,false,1,13.50,5.63,true,1,
4751002121953,false,לחם שיפון חמוץ מתוק 500 גר,,LV,לחם שיפון חמוץ מתוק,גרמים,500.00,100 גרם,false,1,12.90,2.58,true,1,
4751002126446,false,לחם לטבי שחור 700 גרם,,,לחם לטבי שחור 700 גר,גרמים,700.00,100 גרם,false,1,23.90,3.41,true,1,
4751002126453,false,לחם בורדינסקי 350 גרם,,,לחם בורדינסקי 350 גר,גרמים,350.00,100 גרם,false,1,12.90,3.69,true,1,
4751007732864,false,שימורי פילה סלמון ברוטב חרדל 200 גר,,,שימורי פילה סלמון בר,גרמים,200.00,100 גרם,false,1,11.90,5.95,true,1,
4751007737111,false,שימורי במי מלח 240 גר,,LV,שימורי במי מלח 240 ג,גרמים,240.00,100 גרם,false,1,7.90,3.29,true,1,
4751007738064,false,שפרוטים מעושנים בשמן לארסן 160 גרם,,,שפרוטים מעושנים בשמן,גרמים,160.00,100 גרם,false,1,11.90,7.44,true,1,
4751007738163,false,צדפות מעושנות ברוטב שום 120 גר SEA FOOD,,LV,צדפות מעושנות ברוטב,גרמים,120.00,100 גרם,false,1,12.90,10.75,true,1,
4751007739542,false,שימורי במרינדה עם פטרוזיליה 160 ג SURIMI,,,שימורי במרינדה עם פט,גרמים,160.00,100 גרם,false,1,20.80,13.00,true,1,
4751007739559,false,שימורי בשמן לפתית 160 ג SURIMI,,,שימורי בשמן לפתית 1,גרמים,160.00,100 גרם,false,1,20.80,13.00,true,1,
4751010575335,false,דובדבן בציפוי שוקולד מריר 110 גר SRIVERI,,,דובדבן בציפוי שוקולד,גרמים,110.00,100 גרם,false,1,18.90,17.18,true,1,
4751010577605,false,תות בציפוי שוקולד לבן 110 גר SRIVERI,,,שוקולד לבן תות בציפו,גרמים,110.00,100 גרם,false,1,18.90,17.18,true,1,
4751027950026,false,"שוקולד מריר לל""ס שקדים תפוזים 100 גר RED",,LV,"שוקולד מריר לל""ס שקד",גרמים,100.00,100 גרם,false,1,11.90,11.90,true,1,
4751027950194,false,"שוקולד מריר לל""ס 60% קקאו 100 גר RED",,LV,"שוקולד מריר לל""ס 60%",גרמים,100.00,100 גרם,false,1,10.90,10.90,true,1,
4751032740346,false,"מרק בורשט עם כרוב טרי 500 מ""ל LATFOOD",,,מרק בורשט עם כרוב טר,מיליליטרים,500.00,"100 מ""ל",false,1,9.90,1.98,true,1,
4760013402777,false,קרקרים עם תבלינים 45 גר KREKI,,,קרקרים עם תבלינים 45,גרמים,45.00,100 גרם,false,1,2.00,4.44,true,1,
4760065704652,false,מיץ רימונים 1 ליטר,,,מיץ רימונים 1 ליטר,מיליליטרים,1000.00,"100 מ""ל",false,1,21.90,2.19,true,1,
4760065709145,false,מלפפונים בחומץ 670 גר,אזרסאן,AZ,מלפפונים בחומץ 670 ג,גרמים,670.00,100 גרם,false,1,14.90,2.22,true,1,
4760068001468,false,סלט מנגל 630 גרם ביזים טארלה,,AZ,סלט מנגל 630 גרם ביז,גרמים,630.00,100 גרם,false,1,19.90,3.16,true,1,
4770237049290,false,גלידה אסקימו פלומביר 58 גר,,,גלידה אסקימו פלומביר,גרמים,58.00,100 גרם,false,1,6.90,11.90,true,1,
4770237049313,false,גלידה אסקימו פלומביר עם שקדים 63 גר,,,גלידה אסקימו פלומביר,גרמים,63.00,100 גרם,false,1,6.90,10.95,true,1,
4770237051804,false,חטיף גבינה וניל 45 גר,,,חטיף גבינה וניל 45 ג,גרמים,4500.00,100 גרם,false,1,4.50,0.10,true,1,
4770237055055,false,שמנת 30% 200 גר,,,30% 200 גר SMETANKA,גרמים,200.00,100 גרם,false,1,11.50,5.75,true,1,
4770237055567,false,גלידה אסקימו שוקו אגוזים עגול סבליה 63 ג,,,גלידה אסקימו שוקו אג,גרמים,63.00,100 גרם,false,1,6.90,10.95,true,1,
4770237056748,false,גלידה אסקימו עגול פלומביר מסטיק 58 גרם,,LT,גלידה אסקימו עגול פל,גרמים,58.00,100 גרם,false,1,6.90,11.90,true,1,
4770265046568,false,דייסת אורז עם משמש 200 גר,,,דייסת אורז עם משמש,גרמים,200.00,100 גרם,false,1,7.90,3.95,true,1,
4770265046575,false,דייסת סולת עם תותי בר 200 גר,,,דייסת סולת תותי בר,גרמים,200.00,100 גרם,false,1,7.90,3.95,true,1,
4770265219535,false,גבינה אנגולי מעושנת 150 גר גורמן,,,גבינה אנגולי מעושנת,גרמים,150.00,100 גרם,false,1,11.90,7.93,true,1,
4770266188311,false,מארז חלבה מיקס בטעמים 300 גר GRANEX,,LT,מארז חלבה מיקס בטעמי,גרמים,300.00,100 גרם,false,1,20.90,6.97,true,1,
4770275048354,false,גבינת ברינזה 60% 400 גר,,,גבינת ברינזה 60% 400,גרמים,400.00,100 גרם,false,1,53.90,13.48,true,1,
4770299047890,false,גבינת דזוגס פרמגנו 180ג',,,דזוגס פרמגנו 180 גרם,גרמים,180.00,100 גרם,false,1,27.50,15.28,true,1,
4770301230821,false,בירה אינדיה פייל אייל וולפאס אנגלמן 568,,,בירה אינדיה פייל אי,מיליליטרים,568.00,"100 מ""ל",false,1,10.90,1.92,true,1,
4770301232023,false,"אוסטרליה פייל אייל וולפאס אנגלמן 568 מ""ל",,,אוסטרליה פייל אייל ו,מיליליטרים,568.00,"100 מ""ל",false,1,10.90,1.92,true,1,
4770301235246,false,"בירה חיטה מייסטר 500 מ""ל פחית",,,בירה חיטה מייסטר 500,מיליליטרים,500.00,"100 מ""ל",false,1,6.90,1.38,true,1,
4770301235338,false,"בירה ניו אינגלנד וולפאס אנגלמן 568 מ""ל",,,בירה ניו אינגלנד וול,מיליליטרים,568.00,"100 מ""ל",false,1,10.90,1.92,true,1,
4770337046748,false,גבינה פרמזן PARNIDZIO 200 גר,,IL,גבינה פרמזן PARNIDZI,גרמים,200.00,100 גרם,false,1,24.90,12.45,true,1,
4770337047295,false,גבינה 200 גרם OLD GILDIJA,,IL,גבינה 200 גר OLD GIL,גרמים,200.00,100 גרם,false,1,24.90,12.45,true,1,
4770337047431,false,תחליף גבינה 150 גר SVALIA,,,גבינה אנלוגי 150 גר,גרמים,150.00,100 גרם,false,1,12.50,8.33,true,1,
4770337047448,false,תחליף גבינה 150 גר DRAVO,,,גבינה אנלוגי 150 גר,גרמים,150.00,100 גרם,false,1,12.50,8.33,true,1,
4770337047455,false,תחליף גבינה רוסיסקי 150 גר,,,גבינה אנלוגי רוסיסקי,גרמים,150.00,100 גרם,false,1,12.50,8.33,true,1,
4770477230052,false,"KRIEK בירה דובדבן 500 מ""ל",,LV,KRIEK בירה דובדבן 50,מיליליטרים,500.00,"100 מ""ל",false,1,10.90,2.18,true,1,
4770583214052,false,מיונז פרובנסל 900 גרם,,,מיונז פרובנסל 900 גר,גרמים,900.00,100 גרם,false,1,24.90,2.77,true,1,
4770583219194,false,כרוב כבוש עם חמוציות 900 גרם,,,כרוב כבוש עם חמוציות,גרמים,900.00,100 גרם,false,1,17.90,1.99,true,1,
4770583228219,false,ממרח סלומון בטעם לימון 280 גר ZAKUSKA,,,ממרח סלומון בטעם לימ,גרמים,280.00,100 גרם,false,1,16.90,6.04,true,1,
4770583228226,false,ממרח סלומון בטעם מתובל 280 גר ZAKUSKA,,,ממרח סלומון בטעם מתו,גרמים,280.00,100 גרם,false,1,16.90,6.04,true,1,
4770583228240,false,ממרח סלומון בטעם גריל 280 גר ZAKUSKA,,,ממרח סלומון בטעם גרי,גרמים,280.00,100 גרם,false,1,16.90,6.04,true,1,
4771632086002,false,קפה נמס מיובש בהקפאה 200 גר AROMA GOLD,,,קפה נמס מיובש בהקפאה,גרמים,200.00,100 גרם,false,1,33.90,16.95,true,1,
4771632314686,false,בוטנים מצופים בטעם גבינה ובצל 180 גר,,LT,בוטנים מצופים בטעם ג,גרמים,180.00,100 גרם,false,1,16.90,9.39,true,1,
4779021231156,false,שוקולד אקסקלוסיב מריר 99% אקסטרה 100 גר,,LT,שוקולד אקסקלוסיב מרי,גרמים,100.00,100 גרם,false,1,10.90,10.90,true,1,
4779027471143,false,חטיף גבינה לבנה בטעם חלב מרוכז 43 גרם,,,חטיף גבינה לבנה בטעם,גרמים,43.00,100 גרם,false,1,5.20,12.09,true,1,
4779027471150,false,חטיף גבינה לבנה בטעם פלומביר 43 גרם,,,חטיף גבינה לבנה בטעם,גרמים,43.00,100 גרם,false,1,5.20,12.09,true,1,
4779027471167,false,חטיף גבינה לבנה בטעם קרם ברולה 43 גרם,,,חטיף גבינה לבנה בטעם,גרמים,43.00,100 גרם,false,1,5.20,12.09,true,1,
4779027471181,false,חטיף גבינה במילוי דובדבנים בציפוי קקאו,,,חטיף גבינה במילוי דו,גרמים,43.00,100 גרם,false,1,5.20,12.09,true,1,
4779036941149,false,עוגיות בצורת פטריות 150 גר,,,עוגיות בצורת פטריות,גרמים,150.00,100 גרם,false,1,11.20,7.47,true,1,
4779039731143,false,מרק עדשים אורגני 400 גר,גרביאי,LT,מרק עדשים אורגני 400,גרמים,400.00,100 גרם,false,1,19.90,4.98,true,1,
4780030111315,false,AGROMIR עגבניות שרי בחומץ 720מל,,,AGROMIR עגבניות שרי,גרמים,720.00,100 גרם,false,1,12.90,1.79,true,1,
4780030690292,false,AGROMIRמלפפונים בחומץ עם שום ושמיר 720מ,,,AGROMIRמלפפונים בחומ,גרמים,750.00,100 גרם,false,1,13.90,1.85,true,1,
4792032060454,false,"גרין קוקו - מי קוקוס אורגניים 330 מ""ל",,,גרין קוקו - מי קוקוס,מיליליטרים,330.00,"100 מ""ל",false,1,9.40,2.85,true,1,
4792252100398,false,תה שחור עם חמוציות 100 גרם,,,תה שחור עם חמוציות 1,גרמים,100.00,100 גרם,false,1,19.90,19.90,true,1,
4792252916432,false,תה אוריאנטל ירח לבן 1.5*20 בזילור,,,תה אוריאנטל ירח לבן,Unknown,0.00,Unknown,false,1,18.90,18.90,true,1,
4796019790020,false,"שמן קוקוס אורגני 500 מ""ל גרין קוקו",גרין קוקו,LK,שמן קוקוס אורגני 500,מיליליטרים,500.00,"100 מ""ל",false,1,34.50,6.90,true,1,
4800888150080,false,"דאב - דאודורנט רול און לאישה פרש טאצ' מלפפונים 50 מ""ל",,PH,דאב דאו רולאון מלפפו,מיליליטרים,50.00,"100 מ""ל",false,1,26.90,53.80,true,1,
4800888219510,false,דאב - דאודורנט סטיק לאישה פרש מלפפונים 50 גרם,,PH,דאודורנט סטיק מלפפון,גרמים,50.00,100 גרם,false,1,26.90,53.80,true,1,
4810065013121,false,חלב מרוכז ממותק דוי פק רוגציוב 280 גרם,,BY,חלב מרוכז ממותק דוי,גרמים,280.00,100 גרם,false,1,15.90,5.68,true,1,
4810073007259,false,חטיף גבינה על וופל בלגי טעם טריופל 65 גר,,BY,חטיף גבינה על וופל ב,גרמים,65.00,100 גרם,false,1,5.50,8.46,true,1,
4810168000011,false,פילה הרינג מלוח 250 גר,,,פילה הרינג מלוח 250,גרמים,250.00,100 גרם,false,1,15.20,6.08,true,1,
4810168000998,false,חתיכות פילה הרינג מלוח מצונן בצל 260 גר,,,חתיכות פילה הרינג,גרמים,260.00,100 גרם,false,1,19.40,7.46,true,1,
4810168001056,false,חתיכות פילה הרינג מלוח מצונן 260 גר,,,חתיכות פילה הרינג,גרמים,260.00,100 גרם,false,1,19.40,7.46,true,1,
4810168001933,false,מקלות סורימי בטעם סרטן קפוא 200 גרם,,,מקלות סורימי בטעם סר,גרמים,200.00,100 גרם,false,1,7.30,3.65,true,1,
4810168004132,false,ביצי דג טרוטונית אטלנטי מומלח מצונן 180,,,ביצי דג טרוטונית אטל,גרמים,180.00,100 גרם,false,1,17.70,9.83,true,1,
4810168004149,false,ביצי דג טרוטונית אטלנטי מעושן מצונן 180,,,ביצי דג טרוטונית אטל,גרמים,180.00,100 גרם,false,1,17.70,9.83,true,1,
4810168004156,false,ביצי דג טרוטונית אטלנטי סלמון מעושן 180ג,,,ביצי דג טרוטונית אטל,גרמים,180.00,100 גרם,false,1,17.70,9.83,true,1,
4810168016104,false,ביצי דג טרוטונית אטלנטי חסילונים 180 גר,,,ביצי דג טרוטונית אטל,גרמים,180.00,100 גרם,false,1,17.70,9.83,true,1,
4810168019051,false,פילה הרינג מלוח עם תבלין 200 גר,,BY,פילה הרינג מלוח עם ת,גרמים,200.00,100 גרם,false,1,15.20,7.60,true,1,
4810168020309,false,אצות ים מוחמצות 150 גר,,,אצות ים מוחמצות 150,גרמים,150.00,100 גרם,false,1,7.30,4.87,true,1,
4810168020392,false,אצות ים מוחמצות גזר 150 גר,,,אצות ים מוחמצות גזר,גרמים,150.00,100 גרם,false,1,7.30,4.87,true,1,
4810168024260,false,ביצי דג שיבוט מומלח מצונן 130 גר,,,ביצי דג שיבוט מומלח,גרמים,130.00,100 גרם,false,1,16.70,12.85,true,1,
4810168024512,false,חתיכות פילה הרינג מלוח מצונן תבלין 260גר,,,חתיכות פילה הרינג,גרמים,260.00,100 גרם,false,1,19.40,7.46,true,1,
4810168025793,false,ביצי דג זהבנון מומלח מצונן 130 גר,,,ביצי דג זהבנון מומלח,גרמים,130.00,100 גרם,false,1,16.70,12.85,true,1,
4810168035808,false,ממרח עם קריל ברוטב שמנת ושום 150 גר,,BY,ממרח עם קריל ברוטב ש,גרמים,150.00,100 גרם,false,1,15.20,10.13,true,1,
4810168038250,false,גלידת חלב ציפורים אסקימו 65 גר,,,גלידת חלב ציפורים,גרמים,65.00,100 גרם,false,1,6.90,10.62,true,1,
4810168038267,false,גלידה שמנת בטעם וניל צימוקים 65 גר,,,גלידה שמנת בטעם וניל,גרמים,65.00,100 גרם,false,1,6.90,10.62,true,1,
4810168038984,false,גלידה פלומביר סנדוויץ 80 גר,,,גלידה פלומביר סנדווי,גרמים,80.00,100 גרם,false,1,6.90,8.63,true,1,
4810168045098,false,גלידה פלומביר קרם בורלה יוקי 70 גר,,BY,גלידה פלומביר קרם בו,גרמים,70.00,100 גרם,false,1,6.90,9.86,true,1,
4810168045432,false,גלידה טרופל אסקימו 65 גר,,,גלידה טרופל אסקימו 6,גרמים,65.00,100 גרם,false,1,6.90,10.62,true,1,
4810168053031,false,גלידה פלומביר בריקט שוקולד 80 גר,,BY,גלידה פלומביר בריקט,גרמים,80.00,100 גרם,false,1,6.90,8.63,true,1,
4810168055875,false,חתיכות פילה דג הרינג מתובל מומלח בשמן,,,חתיכות פילה דג הרינג,גרמים,1200.00,100 גרם,false,1,41.90,3.49,true,1,
4810168055882,false,חתיכות פילה דג הרינג מומלח בשמן מצונן,,,חתיכות פילה דג הרינג,גרמים,1200.00,100 גרם,false,1,41.90,3.49,true,1,
4810168055899,false,פילה דג הרינג מומלח בשמן מצונן 1200 גרם,,,פילה דג הרינג מומלח,גרמים,1200.00,100 גרם,false,1,41.90,3.49,true,1,
4810168055905,false,פילה דג הרינג סקנדינבי מומלח בשמן מצונן,,,פילה דג הרינג סקנדינ,גרמים,1200.00,100 גרם,false,1,41.90,3.49,true,1,
4810168057435,false,חתיכות פילה הרינג מלוח בשמן XXL 500 גרם,,RU,חתיכות פילה הרינג מל,גרמים,500.00,100 גרם,false,1,30.50,6.10,true,1,
4810168057510,false,חתיכות פילה הרינג מתובל מלוח בשמן 400 גר,,,חתיכות פילה הרינג מת,גרמים,400.00,100 גרם,false,1,30.50,7.63,true,1,
4810168058548,false,חתיכות פילה דג הרינג סקנדינבי מלוח בשמן,,,חתיכות פילה דג הרינג,גרמים,1200.00,100 גרם,false,1,41.90,3.49,true,1,
4810168058975,false,חתיכות פילה דג הרינג סקנדינבי מלוח מצונן,,,חתיכות פילה דג הרינג,גרמים,260.00,100 גרם,false,1,19.40,7.46,true,1,
4810168058982,false,חתיכות פילה דג הרינג סקנדינבי מלוח בשמן,,RU,חתיכות פילה דג הרינג,גרמים,400.00,100 גרם,false,1,30.50,7.63,true,1,
4810168058999,false,פילה הרינג סקנדינבי מלוח 250 גרם,,,פילה הרינג סקנדינבי,גרמים,250.00,100 גרם,false,1,15.20,6.08,true,1,
4810268041914,false,טבורוג 5% סבושקין קלאסי 200 גרם,,BY,טבורוג 5% סבושקין קל,גרמים,200.00,100 גרם,false,1,13.50,6.75,true,1,
4820000456401,false,בירה ROBERT DOMS BELGIYSKIY בקבוק 500 מל,,,בירה ROBERT DOMS BEL,מיליליטרים,500.00,"100 מ""ל",false,1,10.90,2.18,true,1,
4820003689196,false,נקטר תפוחים 1.93 ליטר אודסה,,,נקטר תפוחים 1.93 ליט,ליטרים,0.00,ליטר,false,1,24.90,24.90,true,1,
4820003689363,false,נקטר עגבניות עם מלח 1.93 ליטר נאש סוק,,UA,נקטר עגבניות עם מלח,ליטרים,0.00,ליטר,false,1,24.90,24.90,true,1,
4820003689387,false,נקטר דובדבן 1.93 ליטר נאש סוק,,,נקטר דובדבן 1.93 ליט,ליטרים,0.00,ליטר,false,1,24.90,24.90,true,1,
4820015165206,false,גלידה פלומביר בכוס 70 גר,,LT,גלידה פלומביר בכוס 7,גרמים,70.00,100 גרם,false,1,6.90,9.86,true,1,
4820030561380,false,ממרח קישואים קייץ 500 גרם דרי באבושקה,,,ממרח קישואים קייץ 50,גרמים,500.00,100 גרם,false,1,11.90,2.38,true,1,
4820030561526,false,שימורי אפונה ירוקה 510 גרם באבושקה,,,שימורי אפונה ירוקה 5,מיליליטרים,500.00,"100 מ""ל",false,1,12.90,2.58,true,1,
4820039710628,false,"מעדן ארוניה פוסולסקי דבור 1.25 ק""ג",,,מעדן ארוניה פוסולסקי,קילוגרמים,0.00,"ק""ג",false,1,37.90,37.90,true,1,
4820077081124,false,"שמן חמניות לא מזוכך גרנה 850 מ""ל",,,שמן חמניות לא מזוכך,מיליליטרים,850.00,"100 מ""ל",false,1,12.90,1.52,true,1,
4820077081148,false,"שמן חמניות מזוכך גרנה 850 מ""ל",,,שמן חמניות מזוכך גרנ,מיליליטרים,850.00,"100 מ""ל",false,1,12.90,1.52,true,1,
4820097894025,false,"הפס שיכר סיידר תפוחים בטעם טבעי 330 מ""ל",,,הפס שיכר סיידר תפוחי,מיליליטרים,330.00,"100 מ""ל",false,1,7.90,2.39,true,1,
4820097895190,false,הפס שיכר סיידר תפוחים בטעם דובדבן 330 מל,,,הפס שיכר סיידר תפוחי,מיליליטרים,330.00,"100 מ""ל",false,1,7.90,2.39,true,1,
4820097896265,false,"הפס שיכר סיידר תפוחים בטעם אגס 330 מ""ל",,,הפס שיכר סיידר תפוחי,מיליליטרים,330.00,"100 מ""ל",false,1,7.90,2.39,true,1,
4820097898221,false,"קוקטייל מוכן בורה בורה 330 מ""ל",,UA,קוקטייל מוכן בורה בו,מיליליטרים,330.00,"100 מ""ל",false,1,7.90,2.39,true,1,
4820097898238,false,"קוקטייל מוכן סקס און דה ביץ 330 מ""ל",,UA,קוקטייל מוכן סקס און,מיליליטרים,330.00,"100 מ""ל",false,1,7.90,2.39,true,1,
4820097899150,false,"קוקטייל מוכן גין אשכוליות 330 מ""ל",,UA,קוקטייל מוכן גין אשכ,מיליליטרים,330.00,"100 מ""ל",false,1,7.90,2.39,true,1,
4820103341543,false,חלב מרוכז מבושל 370 גרם פחית,,,חלב מרוכז מבושל 370,גרמים,370.00,100 גרם,false,1,12.90,3.49,true,1,
4820154722148,false,גלידה לנינגרד שוקו 70 גר,,,גלידה לנינגרד שוקו 7,גרמים,70.00,100 גרם,false,1,6.90,9.86,true,1,
4820154725187,false,גלידה אסקימוס אסקימו שוקו 80 גר,,,גלידה אסקימוס אסקימו,גרמים,8000.00,100 גרם,false,1,6.90,0.09,true,1,
4820180250042,false,צמות סולוגוני מעושן סירויישקה 100 גרם,,UA,צמות סולוגוני מעושן,גרמים,100.00,100 גרם,false,1,19.90,19.90,true,1,
4820180251018,false,צמות סולוגוני מעושן אדיגייסקי 100 גרם,,UA,צמות סולוגוני מעושן,גרמים,100.00,100 גרם,false,1,19.90,19.90,true,1,
4820181420901,false,"וודקה נמירוף פלפל ודבש 700 מ""ל",,,וודקה נמירוף פלפל וד,מיליליטרים,700.00,"100 מ""ל",false,1,59.90,8.56,true,1,
4820182741777,false,ציפס בטעם שישליק 70 גר Chipsters,,UA,ציפס בטעם שישליק 70,גרמים,70.00,100 גרם,false,1,8.50,12.14,true,1,
4820198873325,false,חליטת פירות צמחים 2 גר*25 שק SUMMER TIME,,UA,חליטת פירות צמחים 2,גרמים,50.00,100 גרם,false,1,10.90,21.80,true,1,
4820198873332,false,תה שחור 24 שק DALAI ASSORTI 4 FLAVORS,,UA,תה שחור 24 שק DALAI,גרמים,40.00,100 גרם,false,1,10.90,27.25,true,1,
4820198874070,false,תה ירוק 1.8 גר ORANGE MINT,,UA,תה ירוק 1.8 גר ORA,גרמים,162.00,100 גרם,false,1,29.90,18.46,true,1,
4820199870019,false,סושקה וניל בקק 300 גר,,,סושקה וניל בקק 300 ג,גרמים,300.00,100 גרם,false,1,7.90,2.63,true,1,
4820199870026,false,סושקה מלוטקה בקק 300 גר,,,סושקה מלוטקה בקק 300,גרמים,300.00,100 גרם,false,1,7.90,2.63,true,1,
4820213960023,false,"יין לבן מבעבע חצי מתוק אודסה 750 מ""ל",,UA,יין לבן מבעבע חצי מת,מיליליטרים,750.00,"100 מ""ל",false,1,36.90,4.92,true,1,
4820213960030,false,"יין לבן מבעבע מתוק אודסה 750 מ""ל",,UA,יין לבן מבעבע מתוק א,מיליליטרים,750.00,"100 מ""ל",false,1,36.90,4.92,true,1,
4820213960085,false,"יין לבן מבעבע חצי מתוק אודסה 750 מ""ל",,UA,יין רוזה מבעבע חצי מ,מיליליטרים,750.00,"100 מ""ל",false,1,36.90,4.92,true,1,
4820213960528,false,"יין לבן מבעבע חצי יבש אודסה 750 מ""ל",,UA,יין לבן מבעבע חצי יב,מיליליטרים,750.00,"100 מ""ל",false,1,36.90,4.92,true,1,
4820244330130,false,מזלג מעץ לבנה 50 יח,,UA,מזלג מעץ לבנה 50 יח,יחידה,1.00,יחידה,false,1,9.90,9.90,true,1,
4820244330185,false,כפית מעץ לבנה 50 יח,,UA,כפית מעץ לבנה 50 יח,יחידה,1.00,יחידה,false,1,9.90,9.90,true,1,
4820244330239,false,סכין מעץ לבנה 50 יח,,UA,סכין מעץ לבנה 50 יח,יחידה,1.00,יחידה,false,1,9.90,9.90,true,1,
4823006801435,false,לצו נזין 450 גרם,,,לצו נזין 450 גרם,גרמים,450.00,100 גרם,false,1,19.90,4.42,true,1,
4823063112895,false,"נקטר דומדמניות שחורות סנדורה 950 מ""ל",,,נקטר דומדמניות שחורו,מיליליטרים,950.00,"100 מ""ל",false,1,17.70,1.86,true,1,
4823077604171,false,"סוכריות קארא קום 1 ק""ג רושן",,,סוכריות קארא קום 1 ק,גרמים,1000.00,100 גרם,false,1,59.90,5.99,true,1,
4823077611940,false,אסורטי קלאסיק 154 גר רושן,,,אסורטי קלאסיק 154 גר,גרמים,154.00,100 גרם,false,1,19.90,12.92,true,1,
4823077613630,false,באטונציק קרם ברולה 43 גר רושן,,,באטונציק קרם ברולה 4,גרמים,43.00,100 גרם,false,1,3.90,9.07,true,1,
4823077614675,false,ביסקוויט חלב 185 גר רושן,,,ביסקוויט חלב 185 גר,גרמים,185.00,100 גרם,false,1,3.90,2.11,true,1,
4823077614699,false,ביסקוויט וניל 185 גר רושן,,,ביסקוויט וניל 185 גר,גרמים,185.00,100 גרם,false,1,3.90,2.11,true,1,
4823077614767,false,שוקולד רושן חלב נוגט בטעם אגוזי לוז 90 ג,,,שוקולד רושן חלב נוגט,גרמים,90.00,100 גרם,false,1,4.90,5.44,true,1,
4823077614804,false,שוקולד חלב נוגט וניל 90 גרם רושן,,,שוקולד חלב נוגט וניל,גרמים,90.00,100 גרם,false,1,4.90,5.44,true,1,
4823077615757,false,בונבוניירה סטרלה 200 גר רושן,,,בונבוניירה סטרלה 200,גרמים,200.00,100 גרם,false,1,24.90,12.45,true,1,
4823077616013,false,בונבוניירה וצרני קייב 176 גרם,,,בונבוניירה וצרני קיי,גרמים,176.00,100 גרם,false,1,25.90,14.72,true,1,
4823077617041,false,באטונציק קרמל 40 גר רושן,,,באטונציק קרמל 40 גר,גרמים,40.00,100 גרם,false,1,3.90,9.75,true,1,
4823077618918,false,בונבוניירה שוטרס ברנדי ליקר 150 גר,,,בונבוניירה שוטרס ברנ,גרמים,150.00,100 גרם,false,1,13.90,9.27,true,1,
4823077621154,false,באטונציק 43 גר רושן,,,באטונציק 43 גר רושן,גרמים,43.00,100 גרם,false,1,3.90,9.07,true,1,
4823077621635,false,וופל רושן בטעם חלב 72 גר,,,וופל רושן בטעם חלב 7,גרמים,72.00,100 גרם,false,1,3.90,5.42,true,1,
4823077621642,false,וופל רושן בטעם שוקולד 72 גר,,,וופל רושן בטעם שוקול,גרמים,72.00,100 גרם,false,1,3.90,5.42,true,1,
4823077621659,false,וופל רושן בטעם אגוז 72 גר,,,וופל רושן בטעם אגוז,גרמים,72.00,100 גרם,false,1,3.90,5.42,true,1,
4823077624247,false,גילי בוני פרוט 200 גר CITRUS MIX,,,גילי בוני פרוט 200 ג,גרמים,200.00,100 גרם,false,1,6.90,3.45,true,1,
4823077624261,false,גילי בוני פרוט 200 גר BERRY MIX,,,גילי בוני פרוט 200 ג,גרמים,200.00,100 גרם,false,1,6.90,3.45,true,1,
4823077625589,false,וופל וואפרס חלב רושן 216 גר,,UA,וופל וואפרס חלב רושן,גרמים,216.00,100 גרם,false,1,6.90,3.19,true,1,
4823077625602,false,וופל וואפרס שוקולד רושן 216 גר,,UA,וופל וואפרס שוקולד ר,גרמים,216.00,100 גרם,false,1,6.90,3.19,true,1,
4823077625626,false,וופל וואפרס אגוז רושן 216 גר,,UA,וופל וואפרס אגוז רוש,גרמים,216.00,100 גרם,false,1,6.90,3.19,true,1,
4823077626203,false,שוקולד אורירי מריר 80 גר רושן,,UA,שוקולד אורירי מריר 8,גרמים,80.00,100 גרם,false,1,6.90,8.63,true,1,
4823077626227,false,שוקולד אורירי חלב 80 גר רושן,,UA,שוקולד אורירי חלב 80,גרמים,80.00,100 גרם,false,1,6.90,8.63,true,1,
4823077626241,false,שוקולד אורירי לבן קרמל 80 גר רושן,,UA,שוקולד אורירי לבן קר,גרמים,80.00,100 גרם,false,1,6.90,8.63,true,1,
4823077626364,false,שוקולד אורירי לבן 80 גר רושן,,UA,שוקולד אורירי לבן 80,גרמים,80.00,100 גרם,false,1,6.90,8.63,true,1,
4823077627750,false,בונבוניירה רושן 116 גר MOMENTS,,UA,בונבוניירה רושן 116,גרמים,116.00,100 גרם,false,1,13.90,11.98,true,1,
4823077631467,false,קרקר עם מלח ים רושן 168 גר,,,קרקר עם מלח ים רושן,גרמים,168.00,100 גרם,false,1,4.90,2.92,true,1,
4823077631474,false,קרקר קלאסי רושן 168 גר,,,קרקר קלאסי רושן 168,גרמים,168.00,100 גרם,false,1,4.90,2.92,true,1,
4823077632112,false,וופל בטעם קקאו חלב רושן 216 גר,,,וופל בטעם קקאו חלב ר,גרמים,216.00,100 גרם,false,1,6.90,3.19,true,1,
4823077632259,false,באטונציק קרם עם בוטנים 38 גר,,,באטונציק קרם עם בוטנ,גרמים,38.00,100 גרם,false,1,3.90,10.26,true,1,
4823077632570,false,שוקולד רושן מריר 85 גר BRUT,,UA,שוקולד רושן מריר 85,גרמים,85.00,100 גרם,false,1,6.90,8.12,true,1,
4823077632587,false,שוקולד רושן חלב עם שקד שלם 90 גר LACMI,,,שוקולד רושן חלב עם ש,גרמים,90.00,100 גרם,false,1,7.90,8.78,true,1,
4823077632594,false,שוקולד רושן חלב עם אגוז שלם 90 גר LACMI,,,שוקולד רושן חלב עם א,גרמים,90.00,100 גרם,false,1,7.90,8.78,true,1,
4823077633331,false,עוגיות רושן עם בטעם תפוז 150 גר,,,עוגיות רושן עם בטעם,גרמים,150.00,100 גרם,false,1,6.90,4.60,true,1,
4823077633348,false,עוגיות רושן עם חתיכות בוטנים 150 גר,,,עוגיות רושן עם חתיכו,גרמים,150.00,100 גרם,false,1,6.90,4.60,true,1,
4823077633690,false,בונבוניירה רושן שוטרס ויסקי 150 גר,,,בונבוניירה רושן שוטר,גרמים,150.00,100 גרם,false,1,13.90,9.27,true,1,
4823077634116,false,"סוכריות קורובקה 1 ק""ג רושן",,,"סוכריות קורובקה 1 ק""",גרמים,1000.00,100 גרם,false,1,24.90,2.49,true,1,
4823077634178,false,עוגיות עם מילוי תפוח קינמון 168 גר LOVIT,,,עוגיות עם מילוי תפוח,גרמים,168.00,100 גרם,false,1,6.90,4.11,true,1,
4823077634222,false,עוגיות תפוז 135 גר LOVITA,,,עוגיות תפוז 135 גר L,גרמים,135.00,100 גרם,false,1,6.90,5.11,true,1,
4823077634246,false,עוגיות פטל 135 גר LOVITA,,,עוגיות פטל 135 גר LO,גרמים,135.00,100 גרם,false,1,6.90,5.11,true,1,
4823077634741,false,עוגיות עם מילוי תות שדה 168 גר LOVITA,,,עוגיות עם מילוי תות,גרמים,168.00,100 גרם,false,1,6.90,4.11,true,1,
4823077636004,false,עוגיות קקאו דובדבן 135 גר LOVITA,,,עוגיות קקאו דובדבן 1,גרמים,135.00,100 גרם,false,1,6.90,5.11,true,1,
4823077636073,false,עוגיות תות שדה 420 גר LOVITA,,,עוגיות תות שדה 420 ג,גרמים,420.00,100 גרם,false,1,17.90,4.26,true,1,
4823077636097,false,עוגיות פטל 420 גר LOVITA,,,עוגיות פטל 420 גר LO,גרמים,420.00,100 גרם,false,1,17.90,4.26,true,1,
4823077636110,false,עוגיות תפוז 420 גר LOVITA,,,עוגיות תפוז 420 גר L,גרמים,420.00,100 גרם,false,1,17.90,4.26,true,1,
4823077636172,false,וופל רושן בטעם לימון 216 גר,,UA,וופל רושן בטעם לימון,גרמים,216.00,100 גרם,false,1,5.80,2.69,true,1,
4823077636400,false,עוגיות רושן במילוי קרם חלב 127 גר LOVITA,,,עוגיות רושן במילוי ק,גרמים,127.00,100 גרם,false,1,6.90,5.43,true,1,
4823084201219,false,תה ליפטון פירמידה אוכמניות כחולות 20 שק,,UA,תה ליפטון פירמידה או,גרמים,34.00,100 גרם,false,1,9.90,29.12,true,1,
4823097809754,false,גלידה עם צימוקים בריקט 90 גר,,,גלידה עם צימוקים ברי,גרמים,90.00,100 גרם,false,1,6.90,7.67,true,1,
4823097809778,false,גלידה בריקט שוקולד 90 גר,,,גלידה בריקט שוקולד 9,גרמים,90.00,100 גרם,false,1,6.90,7.67,true,1,
4823105400119,false,מלפפונים בחומץ 770 גרם,,,מלפפונים בחומץ 770 ג,גרמים,770.00,100 גרם,false,1,20.90,2.71,true,1,
4823105400669,false,מלפפונים במלח 770 גרם,,,מלפפונים במלח 770 גר,גרמים,770.00,100 גרם,false,1,20.90,2.71,true,1,
4823105400805,false,אפונה במי מלח 510 גרם,,,אפונה במי מלח 510 גר,גרמים,510.00,100 גרם,false,1,12.90,2.53,true,1,
4823105402878,false,חזרת לבנה חריפה 190 גרם,,,חזרת לבנה חריפה 190,גרמים,190.00,100 גרם,false,1,7.90,4.16,true,1,
4840008001199,false,מיני סושקה וניל 500 גרם FRANZELUTA,,,מיני סושקה וניל 500,גרמים,500.00,100 גרם,false,1,10.90,2.18,true,1,
4840008001205,false,מיני סושקה עם פרג 500 גרם FRANZELUTA,,,מיני סושקה עם פרג 50,גרמים,500.00,100 גרם,false,1,10.90,2.18,true,1,
4840008018333,false,דובשניות טעם דבש 400 גרם פרנצלוטה,,,דובשניות טעם דבש 400,גרמים,400.00,100 גרם,false,1,9.90,2.48,true,1,
4840008019521,false,עוגיות בצק עלים לבבות דקל פרנצלוטה 350 ג,,,עוגיות בצק עלים לבבו,גרמים,350.00,100 גרם,false,1,12.90,3.69,true,1,
4840008031806,false,דובשניות טעם חלב מרוכז 400 גר פרנצלוטה,,,דובשניות טעם חלב מרו,גרמים,400.00,100 גרם,false,1,9.90,2.48,true,1,
4840048000299,false,"ברנדי בליי איסט 500 מ""ל מולדובה",,,ברנדי בליי איסט 500,מיליליטרים,500.00,"100 מ""ל",false,1,67.90,13.58,true,1,
4850001111009,false,מיץ YAN רימונים טבעי 930 מל,,,מיץ YAN רימונים טבעי,גרמים,930.00,100 גרם,false,12,18.90,2.03,true,1,
4850001117728,false,רוטב שזיפים YAN טקמאלי ירוק 330 גרם,,,רוטב שזיפים YAN טקמא,גרמים,330.00,100 גרם,false,12,10.90,3.30,true,1,
4850001397649,false,JOYCO PANDA דרזיה שוקולד חלב 150 גר,,,JOYCO PANDA דרזיה שו,גרמים,150.00,100 גרם,false,1,11.40,7.60,true,1,
4850011111587,false,עלי גפן 720 גרם TAMARA,,,עלי גפן 720 גרם TAMA,גרמים,750.00,100 גרם,false,1,20.80,2.77,true,1,
4850016340036,false,שימורי דג חדקן במיץ טבעי 240 גר GCO FOOD,,,שימורי דג חדקן במיץ,גרמים,240.00,100 גרם,false,1,34.50,14.38,true,1,
4860004070173,false,יין אלזאני חצי מתוק 750 מל,,,יין אלזאני חצי מתוק,Unknown,0.00,Unknown,false,1,37.90,37.90,true,1,
4860004073082,false,יין ספראבי אדום יבש 750 מל,,,יין ספראבי אדום יבש,Unknown,0.00,Unknown,false,1,37.90,37.90,true,1,
4860004073105,false,יין קינזמראולי חצי מתוק 750 מל,,,יין קינזמראולי חצי מ,Unknown,0.00,Unknown,false,1,37.90,37.90,true,1,
4860019001346,false,בורז'ומי מים מינרליים טבעיים 500מ'ל חדש,אי די אס בורגומי,,מים מינרלים בורגומי,מיליליטרים,500.00,"100 מ""ל",false,1,6.90,1.38,true,1,
4860019001414,false,"בקבוק מים בוז'ורמי 750 מ""ל",אי.די.אס בורג'יומי,,"מים בורגומי 750 מ""ל",מיליליטרים,750.00,"100 מ""ל",false,1,8.90,1.19,true,1,
4860019001421,false,"שישיית מים בורגומי 750 מ""ל",,,שישיית מים בורגומי 7,מיליליטרים,6500.00,"100 מ""ל",false,1,44.90,0.69,true,1,
4860108700150,false,רוטב שזיפי בר גר 540 NENA* TKEMALI GR,,,רוטב שזיפי בר טקמלי,גרמים,540.00,100 גרם,false,1,15.90,2.94,true,1,
4860108700617,false,רוטב עגבניות (חריף) סציבלי 540 גרם,,,רוטב עגבניות (חריף),גרמים,540.00,100 גרם,false,1,15.90,2.94,true,1,
4865602000010,false,מים נבגלוי בזכוכית 500 מל,,,מים נבגלבי בזכוכית,מיליליטרים,500.00,"100 מ""ל",false,1,7.90,1.58,true,1,
4865602000027,false,"מים מינרלים מוגזים ""נבגלבי"" 1 ליטר PET",,,מים מינרלים מוגזים,מיליליטרים,1000.00,"100 מ""ל",false,1,8.20,0.82,true,1,
4891199027598,false,סול אולטרה אלקליין C4 1.5V AA,,,סול GP אולטרה אלקליי,Unknown,0.00,Unknown,false,1,9.40,9.40,true,1,
4891199027659,false,סול אולטרה אלקליין C4 1.5V AAA,,,סול GP אולטרה אלקליי,Unknown,0.00,Unknown,false,1,9.40,9.40,true,1,
4903001904192,false,"רוטב סויה יאמסה פרימיום 500 מ""ל",הדקלאים אגודת שיתופי,JP,רוטב סויה יאמסה 500,מיליליטרים,500.00,"100 מ""ל",false,1,17.90,3.58,true,1,
4903001904208,false,רוטב סויה יאמסה פרימיום 1 ליטר,הדקלאים אגודת שיתופי,JP,רוטב סויה יאמסה פרימ,מיליליטרים,1000.00,"100 מ""ל",false,1,31.90,3.19,true,1,
4903001925784,false,"רוטב סויה יאמאסה פרמיום דל מלח 500 מ""ל",הדקלאים אגודת שיתופי,JP,רוטב סויה יאמאסה פרמ,מיליליטרים,500.00,"100 מ""ל",false,1,17.90,3.58,true,1,
4903001930993,false,"רוטב טריאקי יאמאסה 500 מ""ל",,,רוטב טריאקי יאמאסה 5,מיליליטרים,500.00,"100 מ""ל",false,1,17.90,3.58,true,1,
4905846117706,false,"צויה ליקר אומה אורגני 750 מ""ל",,BE,צויה ליקר אומה אורגנ,מיליליטרים,750.00,"100 מ""ל",false,1,109.90,14.65,true,1,
4970916160708,false,"סאקה צוינאמה 300 מ""ל",,JP,"סאקה צוינאמה 300 מ""ל",מיליליטרים,300.00,"100 מ""ל",false,1,41.90,13.97,true,1,
5000111001007,false,HP רוטב 255 גרם,HP,,HP רוטב 255 גרם,מיליליטרים,255.00,"100 מ""ל",false,1,21.90,8.59,true,1,
5000127163195,false,דגני ספיישל קיי 500 גרם,,,דגני ספיישל קיי 500,גרמים,500.00,100 גרם,false,1,24.90,4.98,true,1,
5000146057710,false,"ספריי לניקוי חלונות ומשטחים 750 מ""ל וינדולין",,,נוזל וונדולין כחול 7,מיליליטרים,750.00,"100 מ""ל",false,1,10.40,1.39,true,1,
5000157026071,false,שעועית ברוטב עגבניות היינץ 400 גרם,,GB,שעועית ברוטב עגבניות,גרמים,400.00,100 גרם,false,1,9.40,2.35,true,1,
5000157074218,false,רוטב טרטר היינץ 230 גרם,,GB,רוטב טרטר היינץ 230,גרמים,230.00,100 גרם,false,1,14.90,6.48,true,1,
5000159304245,false,מ&מס קריספי 36 גרם,,,מ&מס קריספי 36 גרם,גרמים,36.00,100 גרם,false,1,4.90,13.61,true,1,
5000159344074,false,מאגדת גלידה סניקרס 6,פלדמן,FR,מאגדת סניקרס 6 יח,Unknown,0.00,Unknown,false,1,29.90,29.90,true,1,
5000159382694,false,מארס עשירייה 450 גרם,,NL,מארס עשירייה 450 גרם,גרמים,450.00,100 גרם,false,1,24.90,5.53,true,1,
5000159382731,false,סניקרס 10*50 גרם,,,סניקרס 10*50 גרם,גרמים,500.00,100 גרם,false,1,24.90,4.98,true,1,
5000159397292,false,מאגדת גלידה מארס 6 י,פלדמן,FR,מאגדת מארס 6 יח,Unknown,0.00,Unknown,false,1,31.50,31.50,true,1,
5000159459228,false,חטיף שוקולד טוויקס 50 ג',"נארז ע""י : א.ג. גילר",NL,חטיף טוויקס 50 גרם,גרמים,50.00,100 גרם,false,1,3.90,7.80,true,1,
5000159461122,false,חטיף שוקולד סניקרס 50 ג',"נארז ע""י : א.ג. גילר",NL,חטיף סניקרס 50 גרם,גרמים,50.00,100 גרם,false,1,3.90,7.80,true,1,
5000159471510,false,אם אנד אם בוטנים 220 גרם,,FR,אם אנד אם בוטנים 220,גרמים,220.00,100 גרם,false,1,16.70,7.59,true,1,
5000159471794,false,אם אנד אם שוקולד 220 גרם,,BE,אם אנד אם שוקולד 220,גרמים,220.00,100 גרם,false,1,16.70,7.59,true,1,
5000159472029,false,אם אנד אם קריספי 213 גרם,,FR,אם אנד אם קריספי 213,גרמים,213.00,100 גרם,false,1,19.80,9.30,true,1,
5000159473279,false,באונטי מיניס 227 גרם,,NL,באונטי מיניס 227 גרם,גרמים,227.00,100 גרם,false,1,15.90,7.00,true,1,
5000159473927,false,סניקרס מיניס 227 גרם,,NL,סניקרס מיניס 227 גרם,גרמים,227.00,100 גרם,false,1,15.90,7.00,true,1,
5000159474573,false,מארס מיניס 227 גרם,,NL,מארס מיניס 227 גרם,גרמים,227.00,100 גרם,false,1,15.90,7.00,true,1,
5000159484695,false,מאגדת גלידה טוויקס 6,פלדמן,FR,מאגדת טוויקס 6 יח,Unknown,0.00,Unknown,false,1,29.90,29.90,true,1,
5000159500258,false,מארז סלבריישן 186 גרם,,,מארז סלבריישן 186 גר,גרמים,186.00,100 גרם,false,1,26.90,14.46,true,1,
5000159515443,false,מאגדת גלידה סניקרס על מקל רביעייה 240 גר,,FR,מאגדת גלידה סניקרס ע,גרמים,240.00,100 גרם,false,1,34.90,14.54,true,1,
5000159538817,false,אם אנד אם וחברים מארז 139 גרם,,GB,אם אנד אם וחברים מאר,גרמים,139.00,100 גרם,false,1,21.90,15.76,true,1,
5000168199245,false,שוקולד חלב מעולה בתוספת קרמל מלוח פיור גודייבה 90 ג',"אולקר מקבוצת פלאדיס,",TR,שוקולד חלב מעולה בתו,גרמים,90.00,100 גרם,false,1,14.90,16.56,true,1,
5000189974579,false,קיט קאט מיני 200 גרם,,,קיט קאט מיני 200 גרם,גרמים,200.00,100 גרם,false,1,14.60,7.30,true,1,
5000189983281,false,אפטר אייט מנטה 400 גרם,,DE,אפטר אייט מנטה 400 ג,גרמים,400.00,100 גרם,false,1,29.90,7.48,true,1,
5000204153729,false,מטהר אוויר גלייד מילוי אוטומטי לבנדר וניל,המאפיה של הרמן,TR,מילוי אוטומטי גלייד,מיליליטרים,269.00,"100 מ""ל",false,1,20.90,7.77,true,1,
5000232902450,false,שעועית אפויה 420 גר HP,,,שעועית אפויה 420 גר,גרמים,420.00,100 גרם,false,1,8.90,2.12,true,1,
5000267014234,false,"וויסקי רד לייבל 700 מ""ל",ג'ון ווקר ובניו,,מארז גוני ווקר אדום,מיליליטרים,750.00,"100 מ""ל",false,1,69.90,9.32,true,1,
5000267024202,false,"וויסקי ג'וני בלאק לייבל עם פורר 700מ""ל",DIAGEO,,גוני ווקר שחור 700 מ,מיליליטרים,700.00,"100 מ""ל",false,1,109.90,15.70,true,1,
5000267191577,false,"מארז גוני שחור 700 מ""ל+2 כוסות הייבול",,,מארז גוני שחור 700 מ,מיליליטרים,700.00,"100 מ""ל",false,1,109.90,15.70,true,1,
5000267191584,false,מארז גוני שחור 700מל+ גולד50מל+דאבל50מל,,,מארז גוני שחור 700מל,מיליליטרים,700.00,"100 מ""ל",false,1,109.90,15.70,true,1,
5000289925440,false,גין גורדון בקבוק 700,אלכסנדר גורדון ושות',,"גין גורדון 700 מ""ל",מיליליטרים,700.00,"100 מ""ל",false,1,79.90,11.41,true,1,
5000289929417,false,"גין גורדון ורוד 37.5% 700 מ""ל",,,גין גורדון ורוד 37.5,מיליליטרים,700.00,"100 מ""ל",false,1,93.90,13.41,true,1,
5000299223031,false,"רום קפטן מורגן ספייס גולד 750 מ""ל",קפטן מורגן רום,,רום קפטן מורגן ספייס,מיליליטרים,750.00,"100 מ""ל",false,1,89.90,11.99,true,1,
5000299295021,false,"וויסקי גלגליוויט 15 שנה 700 מ""ל",,,וויסקי גלגליוויט 15,מיליליטרים,700.00,"100 מ""ל",false,1,259.90,37.13,true,1,
5000329002193,false,"גין ביפאיטר 700 מ""ל",ג'יימס בורו,,"גין ביפאיטר 700 מ""ל",מיליליטרים,700.00,"100 מ""ל",false,1,99.90,14.27,true,1,
5000394077225,false,סוללות דורסל בייסיק V9,,,סוללות דורסל בייסיק,Unknown,0.00,Unknown,false,1,27.90,27.90,true,1,
5000394203884,false,סוללות דורסל ליתיום זוג,,,סוללות דורסל ליתיום,Unknown,0.00,Unknown,false,1,19.90,19.90,true,1,
5000394203907,false,סוללות דורסל ליתיום זוג,,,סוללות דורסל ליתיום,Unknown,0.00,Unknown,false,1,19.90,19.90,true,1,
5000394203921,false,זוג סוללות ליתיום 2032 דורסל,,CN,סוללות דורסל ליתיום,Unknown,0.00,Unknown,false,1,18.30,18.30,true,1,
5000396037531,false,מקוויטיס ביסקוויט מצופה שוקולד חלב 200 ג',,,מקוויטיס ביסקוויט מצ,גרמים,200.00,100 גרם,false,1,12.50,6.25,true,1,
5000396037548,false,מקוויטיס ביסקוויט מצופה שוקולד מריר 200 ג',,,מקוויטיס ביסקוויט מצ,גרמים,200.00,100 גרם,false,1,12.50,6.25,true,1,
5000396037944,false,מקוויטיס ביסקוייט קלאסי 250 גרם,,,מקוויטיס ביסקוויט 25,גרמים,250.00,100 גרם,false,1,11.40,4.56,true,1,
5000488109481,false,"ספאטון תפוח ברזל נוזלי 28 יח * 25 מ""ל",,,ספאטון תפוח ברזל נוז,מיליליטרים,700.00,"100 מ""ל",false,1,89.90,12.84,true,1,
5010026515919,false,מוזלי קריספי נאטי 650 גרם,,GB,מורנפלייק נאטי 650 ג,גרמים,650.00,100 גרם,false,1,24.90,3.83,true,1,
5010026515940,false,מוזלי קריספי פרוטי 650 גרם,,GB,מורנפלייק פרוטי 750ג,גרמים,750.00,100 גרם,false,1,24.90,3.32,true,1,
5010029223484,false,מוזלי תות חמוציות ואוכמניות 560 גר ALPEN,,GB,מוזלי תות חמוציות וא,גרמים,560.00,100 גרם,false,1,25.90,4.63,true,1,
5010038454831,false,בירה בלו מון 330 מל בקבוק,"איי, בי, אינבוו",,בירה בלו מון 330 מל,מיליליטרים,330.00,"100 מ""ל",false,1,13.50,4.09,true,1,
5010123703585,false,"מי פה קולמינט ליסטרין 500 מ""ל",גונסון אנד גונסון,,מי פה ליסטרין קולמינ,מיליליטרים,500.00,"100 מ""ל",false,1,17.90,3.58,true,1,
5010182996799,false,"טואלט דאק ג'ל לאסלה פרחי בר ורודים 55 מ""ל",דאופלור אס.פי.אי איט,,ט.דאק גל אסלה,Unknown,0.00,Unknown,false,1,13.10,13.10,true,1,
5010182997338,false,"טואלט דאק ג'ל אסלה ניחוח רענן 55 מ""ל","איטיליאן פוד, אס.פי.",IT,"ט.ד.ס. אסלה גל 55 מ""",מיליליטרים,55.00,"100 מ""ל",false,1,13.10,23.82,true,1,
5010182997680,false,"רייד ארוסול קוטל נמלים - 300 מ""ל",אס.סי.ג'ונסון מידרכט,NL,ארוסול-קוטל זוחלים א,מיליליטרים,400.00,"100 מ""ל",false,1,19.40,4.85,true,1,
5010182997918,false,"טואלט דאק ג'ל אסלה בניחוח ים 55 מ""ל","איטיליאן פוד, אס.פי.",IT,טואלט דאק גל אסלה 55,מיליליטרים,55.00,"100 מ""ל",false,1,13.10,23.82,true,1,
5010265002836,false,רייויטה פת פריכה אורגינל שיפון 250 גרם,,,רייויטה פת פריכה אור,גרמים,250.00,100 גרם,false,1,12.90,5.16,true,1,
5010265002911,false,רייויטה פת פריכה מקמח שיפון מלא 250 גרם,,,רייויטה פת פריכה מקמ,גרמים,250.00,100 גרם,false,1,12.90,5.16,true,1,
5010314101015,false,וויסקי פיימוס גראוס 1 ליטר,,,וויסקי פיימוס גראוס,מיליליטרים,1000.00,"100 מ""ל",false,1,104.90,10.49,true,1,
5010327000046,false,"וויסקי גראנטס 700 מ""ל","איי, בי, אינבוו",,וויסקי גראנטס 700 מ,מיליליטרים,700.00,"100 מ""ל",false,1,69.90,9.99,true,1,
5010327105215,false,"וויסקי מונקי שולדר 700 מ""ל",וויליאם גרנט,GB,וויסקי מונקי שולדר 7,מיליליטרים,700.00,"100 מ""ל",false,1,139.90,19.99,true,1,
5010327325323,false,וויסקי גלנפידיך 18 שנה אנשנט רזרב 750,,,וויסקי גלנפידיך 18 ש,מיליליטרים,750.00,"100 מ""ל",false,1,379.90,50.65,true,1,
5010327399614,false,"גלנפידיך 12 אמריקן אווק כשר 700 מ""ל",וויליאם גרנטס ובניו,GB,גלנפידיך 12 אמריקן א,מיליליטרים,700.00,"100 מ""ל",false,1,179.90,25.70,true,1,
5010327755014,false,"ג'ין הנדריקס 700 מ""ל",וויליאם גרנט,GB,"גין הנדריקס 700 מ""ל",מיליליטרים,700.00,"100 מ""ל",false,1,177.90,25.41,true,1,
5010394984577,false,פדיגרי דנטאסטיקס כלב קטן 110 גרם (7 יח')BP29V,,,פדיגרי דנטה סמול 110,גרמים,110.00,100 גרם,false,1,11.90,10.82,true,1,
5010478215559,false,סוויזלס סוכריות סודה לבבות רביעייה 156 ג,,GB,סוויזלס סוכריות סודה,גרמים,156.00,100 גרם,false,1,10.90,6.99,true,1,
5010478354173,false,סוויזלס סוכריות לעיסה על מקל 180 גרם,,GB,סוויזלס סוכריות לעיס,מיליליטרים,180.00,"100 מ""ל",false,1,10.90,6.06,true,1,
5010478675711,false,סוויזלס סוכריות סודה לבבות שקית 170 גרם,,GB,סוויזלס סוכריות סודה,גרמים,170.00,100 גרם,false,1,10.90,6.41,true,1,
5010677551397,false,"בקרדי בריזר לימון ליים 275 מ""ל","ברקדי בע""מ",BE,בקרדי בריזר לימון לי,מיליליטרים,275.00,"100 מ""ל",false,1,14.50,5.27,true,1,
5010677552387,false,"בקרדי בריזר אננס 275 מ""ל",בקרדי בעמ,BE,בקרדי בריזר אננס 275,מיליליטרים,275.00,"100 מ""ל",false,1,14.50,5.27,true,1,
5010677554398,false,"בקרדי בריזר אבטיח 275 מ""ל",בקרדי בעמ,BE,בקרדי בריזר אבטיח,מיליליטרים,275.00,"100 מ""ל",false,1,14.50,5.27,true,1,
5010909006121,false,היילנד עוגיות חמאה סקוטיות משולשות 125 ג,,GB,היילנד עוגיות חמאה ס,גרמים,125.00,100 גרם,false,1,6.50,5.20,true,1,
5010994582368,false,צעצוע כולל,,,צעצוע כולל,Unknown,0.00,Unknown,false,1,16.90,16.90,true,1,
5010994775988,false,צעצוע מותג מקורי,,,צעצוע מותג מקורי,Unknown,0.00,Unknown,false,1,19.90,19.90,true,1,
5011007003005,false,"וויסקי ג'יימסון אירי מזוקק 700 מ""ל",אייריש דיסטילרז,IE,וויסקי אירי גיימסון,גרמים,800.00,100 גרם,false,1,89.90,11.24,true,1,
5011007003227,false,וויסקי גיימיסון 1 ליטר,,,וויסקי גיימיסון 1 לי,מיליליטרים,1000.00,"100 מ""ל",false,1,124.90,12.49,true,1,
5011013100132,false,"אייריש קרים בייליס 750 מ""ל",,,אייריש קרים בייליס 7,מיליליטרים,750.00,"100 מ""ל",false,1,88.90,11.85,true,1,
5011013500703,false,"ליקר שרידנס 500 מ""ל",,,"ליקר שרידנס 500 מ""ל",מיליליטרים,500.00,"100 מ""ל",false,1,84.90,16.98,true,1,
5011013938100,false,"מארז בייליס 700 מ""ל + כוס מאג",,,"מארז בייליס 700 מ""ל",מיליליטרים,700.00,"100 מ""ל",false,1,88.90,12.70,true,1,
5011026108033,false,"וויסקי אירי טולומור דיו 700 מ""ל",פארייפאבה אגרואינדוס,IE,וויסקי אירי טולומור,מיליליטרים,700.00,"100 מ""ל",false,1,89.90,12.84,true,1,
5011157630281,false,"טילדה אורז בסמטי 1 ק""ג",טילדה,GB,אורז בסמטי טילדה 1 ק,גרמים,1000.00,100 גרם,false,1,24.90,2.49,true,1,
5011157730271,false,"טילדה אורז יסמין 1 ק""ג",,,אורז יסמין טילדה 1 ק,גרמים,1000.00,100 גרם,false,1,26.50,2.65,true,1,
5011348017099,false,"בירה הובגובלין גולד פחית 500 מ""ל",,GB,בירה הובגובלין גולד,מיליליטרים,500.00,"100 מ""ל",false,1,16.90,3.38,true,1,
5011348019772,false,"בירה הובגובלין אי.פי.איי 500 מ""ל",וויצ'וד,GB,בירה הובגובלין אי.פי,מיליליטרים,500.00,"100 מ""ל",false,1,17.90,3.58,true,1,
5011348023458,false,"בירה הובגובלין אי.פי.איי. פחית 500 מ""ל",,GB,בירה הובגובלין אי.פי,מיליליטרים,500.00,"100 מ""ל",false,1,16.90,3.38,true,1,
5013387204737,false,פרואט-עוגיה ללא גלוטן עם קרם בטעם פטל 160ג',,GB,פרואט עוגיה ללא גלוט,גרמים,160.00,100 גרם,false,1,18.90,11.81,true,1,
5013967003996,false,וויסקי גון באאר פיינסט 1 ליטר,,GB,וויסקי גון באאר פיינ,מיליליטרים,1000.00,"100 מ""ל",false,1,93.90,9.39,true,1,
5014201800869,false,"הנרי ווסטונס וינטג Perry (אגסים) 500 מ""",,,הנרי ווסטונס וינטג P,מיליליטרים,500.00,"100 מ""ל",false,1,19.90,3.98,true,1,
5014271310428,false,סן דלפו מעדן דבדבן שחור ללא סוכ 284 ג',המאפיה של הרמן,FR,מעדן סאנט דלפור דובד,גרמים,284.00,100 גרם,false,1,19.90,7.01,true,1,
5014271330426,false,מעדן סאנט דלפור אוכמניות כחולות 284 גר,פלזנסקי,FR,מעדן סאנט דלפור אוכמ,גרמים,284.00,100 גרם,false,1,19.90,7.01,true,1,
5014271350424,false,מעדן סאנט דלפור ארבע פירות 284 גר,המאפיה של הרמן,FR,מעדן סאנט דלפור ארבע,גרמים,284.00,100 גרם,false,1,19.90,7.01,true,1,
5014271360423,false,סן דלפו מעדן תפוז ללא סוכר 284 ג',המאפיה של הרמן,FR,מעדן סאנט דלפור תפוז,גרמים,284.00,100 גרם,false,1,19.90,7.01,true,1,
5014271370422,false,סן דלפו מעדן אפרסק ללא סוכר 284גר,סנט דלפור,FR,מעדן סאנט דלפור אפרס,גרמים,284.00,100 גרם,false,1,19.90,7.01,true,1,
5015821147464,false,רוטב מנגו צאטני חריף 340 גרם,,GB,רוטב מנגו צאטני חריף,גרמים,340.00,100 גרם,false,1,17.90,5.26,true,1,
5017375033873,false,מיליונס סוכריות לעיסה תפוח 100 גרם,,,מיליונס סוכריות לעיס,גרמים,100.00,100 גרם,false,1,9.50,9.50,true,1,
5017375433895,false,מיליונס סוכריות לעיסה בטעם מסטיק 85 גרם,,,מיליונס סוכריות לעיס,גרמים,85.00,100 גרם,false,1,9.50,11.18,true,1,
5020628000126,false,"תאצרס הייז מעונן סיידר תפוחים 4.5% 500 מ""ל",,,תאצרס הייז מעונן סיי,מיליליטרים,500.00,"100 מ""ל",false,1,10.90,2.18,true,1,
5023625004487,false,"בירה הובגובלין 500 מ""ל",וויצ'וד,GB,בירה הובגובלין 500 מ,מיליליטרים,500.00,"100 מ""ל",false,1,17.90,3.58,true,1,
5024546366630,false,וויסקי לאודרס 1 ליטר SCOTCH,,,וויסקי לאודרס 1 ליטר,מיליליטרים,1000.00,"100 מ""ל",false,1,104.90,10.49,true,1,
5029053002408,false,נייר טואולט קליניקס לבן 9 גלילים,קימברלי קלארק ישראל,IL,נ.טואלט קלינקס לבן 9,מטרים,275.00,מטר,false,1,33.90,0.12,true,1,
5029053002439,false,קלינקס - נייר טואולט קליניקס צהוב 9 גלילים,חוגלה קימברלי,GB,נ.טואלט קלינקס צהוב,מטרים,275.00,מטר,false,1,33.90,0.12,true,1,
5029053039725,false,ממחטות נייר קלינקס נטורל פרש קופסה 72 דף,,,ממחטות נייר קלינקס נ,Unknown,0.00,Unknown,false,1,9.90,9.90,true,1,
5029053510828,false,קוטקס - תחבושות אולטרה סופר + כנפיים 22 יח',קימברלי קלארק,GB,תחבושת קוטקס סופר +,Unknown,0.00,Unknown,false,1,18.90,18.90,true,1,
5029053523446,false,קוטקס - תחבושות אולטרה נייט + כנפיים 20 יח',קימברלי קלארק,GB,תחבושת קוטקס נייט,Unknown,0.00,Unknown,false,1,18.90,18.90,true,1,
5029053538426,false,"ליטל סווימרס 12-18 L ק""ג 11 יח' האגיס",KC Czech,,האגיס ליטל סווימרס L,Unknown,0.00,Unknown,false,1,37.90,37.90,true,1,
5029054220085,false,האגיס - מגבוני האגיס אקסטרה קר לא מבושם 56 יח' * 4,קימברלי,IL,מגבוני האגיס רך נולד,Unknown,0.00,Unknown,false,1,29.90,29.90,true,1,
5030544902121,false,גבינה מעושנת DORSET RED במשקל,,,גבינה מעושנת DORSET,Unknown,0.00,"ק""ג",true,0,143.00,143.00,true,1,
5030544902992,false,גבינת צדר אנגלי 190 גר,,,גבינת צדר אנגלי 190,גרמים,190.00,100 גרם,false,1,32.90,17.32,true,1,
5030544903012,false,גבינת צדר מיושן 190 גר,,,גבינת צדר מיושן 190,גרמים,190.00,100 גרם,false,1,32.90,17.32,true,1,
5032678004870,false,"מי טוניק 200 מ""ל",,GB,"מי טוניק 200 מ""ל",מיליליטרים,200.00,"100 מ""ל",false,1,7.20,3.60,true,1,
5032678004979,false,"טוניק לייט פרנקלין 200 מ""ל",,GB,טוניק לייט פרנקלין,מיליליטרים,200.00,"100 מ""ל",false,1,7.20,3.60,true,1,
5035766044772,false,"סיידר תפוח סטרונגבאו רביעיה 5% 330 מ""ל",סטאסן ס.א,BE,סיידר תפוח סטרונגבאו,מיליליטרים,1320.00,"100 מ""ל",false,1,32.90,2.49,true,1,
5035766060253,false,"בירה מרפיס פחית 500 מ""ל",הייניקן,,"מרפיס פחית 500 מ""ל",מיליליטרים,500.00,"100 מ""ל",false,1,12.80,2.56,true,1,
5050083559761,false,קלוגס קוקו פופס שוקוס 500 גרם,קלוגס מניופקטורינג א,ES,קלוגס קוקו פופס שוקו,גרמים,500.00,100 גרם,false,1,18.90,3.78,true,1,
5053827191753,false,דגני בוקר קלוגס - ווראייטי מארז 190 גר,,,דגני בוקר קלוגס - וו,גרמים,190.00,100 גרם,false,1,19.90,10.47,true,1,
5053827193368,false,קלוגס אול בראון פלקס 500ג',,,קלוגס בראנפלקס 500 ג,גרמים,500.00,100 גרם,false,1,21.90,4.38,true,1,
5055966801012,false,וויסקי בושמילס אוריגינל 1 ליטר,,,וויסקי בושמילס אוריג,מיליליטרים,1000.00,"100 מ""ל",false,1,99.00,9.90,true,1,
5055966810014,false,"וויסקי בלק בוש 750 מ""ל",,,וויסקי בלק בוש 700 מ,מיליליטרים,700.00,"100 מ""ל",false,1,124.90,17.84,true,1,
5056357901427,false,אם אנד אם חטיף חלבון שוקולד 51 גרם,מארס,GB,אם אנד אם חטיף חלבון,גרמים,51.00,100 גרם,false,1,16.90,33.14,true,1,
5056357906323,false,אם אנד אם קריספי חלבון 52 גרם,,,אם אנד אם קריספי חלב,גרמים,52.00,100 גרם,false,1,16.90,32.50,true,1,
5060108450003,false,מי טוניק פיבר טרי פר,פיבר טרי,,טוניק פיבר טרי 200 מ,מיליליטרים,200.00,"100 מ""ל",false,1,8.90,4.45,true,1,
5060108450263,false,"פרימיום מי טוניק 500 מ""ל",,GB,פרימיום מי טוניק 500,מיליליטרים,500.00,"100 מ""ל",false,1,17.90,3.58,true,1,
5060108450287,false,"פרימיום גינגר אייל 500 מ""ל",פיבר טרי,GB,פרימיום גינגר אייל 5,מיליליטרים,500.00,"100 מ""ל",false,1,17.90,3.58,true,1,
5060119291497,false,חטיף חלבון קרם עוגיות סמארט 64 גרם,,DE,חטיף חלבון קרם עוגיו,גרמים,64.00,100 גרם,false,1,16.90,26.41,true,1,
5060119291855,false,חטיף חלבון קרמל קראנץ סמארט 64 גרם,,DE,חטיף חלבון קרמל קראנ,גרמים,64.00,100 גרם,false,1,16.90,26.41,true,1,
5060122034401,false,"משקה מארס 350 מ""ל",,GB,"משקה מארס 350 מ""ל",מיליליטרים,350.00,"100 מ""ל",false,1,12.90,3.69,true,1,
5060122038584,false,אבקה להכנת שוקו חם אם אנד אם 140 גרם,,DE,אבקה להכנת שוקו חם א,גרמים,140.00,100 גרם,false,1,23.90,17.07,true,1,
5060123607802,false,לונדון חליטת גינגר לימון 20 שקיקים,,,לונדון חליטת גינגר ל,Unknown,0.00,Unknown,false,1,16.90,16.90,true,1,
5060250343765,false,ריסס עוגיות קקאו במילוי חמאת בוטנים 96 ג,,,עוגיות ריסז ראונדס ב,גרמים,96.00,100 גרם,false,1,10.90,11.35,true,1,
5060255492284,false,חול חתולים EVER CLEAN לבנדר 6 ל,,,אברקלין 6ל (סגול ),ליטרים,0.01,ליטר,false,1,69.90,6990.00,true,1,
5060305460195,false,סקראביס חטיף קינואה שמנת חמוצה 80 גרם,איי אי בי פודס לימיט,,סקראביס חטיף קינואה,Unknown,0.00,Unknown,false,1,14.90,14.90,true,1,
5060305460232,false,סקראביס חטיף קינואה 80 גרם,איי אי בי פודס לימיט,,סקראביס חטיף קינואה,Unknown,0.00,Unknown,false,1,14.90,14.90,true,1,
5060305460430,false,סקראביס חטיף חומוס צילי ליים 125 גרם,,,סקראביס חטיף חומוס,גרמים,125.00,100 גרם,false,1,16.90,13.52,true,1,
5060309490006,false,דיאבלו טבלת שוקולד חלב 85 גרם,,,דיאבלו טבלת שוקולד ח,גרמים,85.00,100 גרם,false,1,10.90,12.82,true,1,
5060309490068,false,"דיאבלו עוגיות בוטנים ושוקולד לל""ס 150 גר",,,דיאבלו עוגיות בוטנים,גרמים,150.00,100 גרם,false,1,13.90,9.27,true,1,
5060309490075,false,"דיאבלו עוגיות שוקולד ציפס ללת""ס 130 גר",,,דיאבלו עוגיות שוקולד,גרמים,130.00,100 גרם,false,1,17.90,13.77,true,1,
5060309490136,false,דיאבלו סוכריות ללא סוכר תות 75 גרם,,GB,דיאבלו סוכריות ללא ס,גרמים,75.00,100 גרם,false,1,9.90,13.20,true,1,
5060309490143,false,דיאבלו סוכריות ללא סוכר לימון 75 גרם,,GB,דיאבלו סוכריות ללא ס,גרמים,75.00,100 גרם,false,1,9.90,13.20,true,1,
5060309490150,false,דיאבלו סוכריות ללא סוכר קפוצינו 75 גרם,,GB,דיאבלו סוכריות ללא ס,גרמים,75.00,100 גרם,false,1,9.90,13.20,true,1,
5060309490242,false,דיאבלו סוכריות ללא סוכר מנטה 75 גרם,,GB,דיאבלו סוכריות ללא ס,גרמים,75.00,100 גרם,false,1,9.90,13.20,true,1,
5060309490617,false,דיאבלו טופי פירות ללא סוכר 75 גרם,,GB,דיאבלו טופי פירות לל,גרמים,75.00,100 גרם,false,1,9.90,13.20,true,1,
5060319120078,false,תה איבנינג אורגני 40 גרם הייר ליבינג,,,תה איבנינג אורגני 40,Unknown,0.00,Unknown,false,1,17.90,17.90,true,1,
5060319129293,false,תה ירוק קוקוס אורגני 40 גרם הייר ליבינג,הייר ליבינג,GB,תה ירוק קוקוס אורגני,Unknown,0.00,Unknown,false,1,17.90,17.90,true,1,
5060323903933,false,שעועית הילפילד צ'ילי 400 גר',,,הילפילד שעועית צ`ילי,גרמים,400.00,100 גרם,false,1,7.80,1.95,true,1,
5060326870829,false,חטיף סויה ותפוח אדמה בטעם מתוק מלוח 85 ג,,GB,חטיף סויה ותפוח אדמה,גרמים,85.00,100 גרם,false,1,9.90,11.65,true,1,
5060326870898,false,חטיף ציפס חלבון בטעם ברביקיו מתוק85 ג,,GB,חטיף ציפס חלבון בטעם,גרמים,85.00,100 גרם,false,1,9.90,11.65,true,1,
5060326870911,false,חטיף ציפס חלבון בטעם מלח ופלפל85 ג,,GB,חטיף ציפס חלבון בטעם,גרמים,85.00,100 גרם,false,1,9.90,11.65,true,1,
5060350561434,false,נובו איזי בר שוקולד קרמל,,,נובו איזי בר שוקולד,Unknown,0.00,Unknown,false,1,19.90,19.90,true,1,
5060402901928,false,ממרח טוויקס 200 גרם,,,ממרח טוויקס 200 גרם,גרמים,200.00,100 גרם,false,1,24.90,12.45,true,1,
5060402905346,false,ממרח אם אנד אם 200 גרם,,,ממרח אם אנד אם 200 ג,גרמים,200.00,100 גרם,false,1,24.90,12.45,true,1,
5060402907142,false,קפסולות טוויקס למכונה 8 יח 136 ג,,GB,קפסולות טוויקס למכונ,גרמים,136.00,100 גרם,false,1,29.90,21.99,true,1,
5060402908248,false,סניקרס חטיף חלבון 55 גרם,מרס נדרלנד,US,סניקרס חטיף חלבון 55,גרמים,55.00,100 גרם,false,1,16.90,30.73,true,1,
5060402908286,false,מארס חטיף חלבון 59 גרם,מרס נדרלנד,US,מארס חטיף חלבון 59 ג,גרמים,59.00,100 גרם,false,1,16.90,28.64,true,1,
5060402909948,false,ביסקוויט מלטיזרס 110 גרם,,,ביסקוויט מלטיזרס 110,גרמים,110.00,100 גרם,false,1,12.90,11.73,true,1,
5060462260539,false,אצבעות וופל קרם אגוזים שוקולד 45 גרם,,ES,אצבעות וופל קרם אגוז,גרמים,45.00,100 גרם,false,1,15.90,35.33,true,1,
5060462260683,false,אצבעות וופל קרם אגוזים ש. לבן 45 גרם,,ES,אצבעות וופל קרם אגוז,גרמים,45.00,100 גרם,false,1,15.90,35.33,true,1,
5060517886486,false,"מונסטר משקה אנרגיה קלאסי 500 מ""ל",Monster energy סרביה,RU,מונסטר אנרגי פח 500,מיליליטרים,500.00,"100 מ""ל",false,1,6.90,1.38,true,1,
5060519144102,false,חליטה הרגשה חדשה 20,פוקה,GB,תה הרגשה חדשה,Unknown,0.00,Unknown,false,1,31.90,31.90,true,1,
5060639128051,false,"משקה אנרגיה מונסטר אולטרה פחית 500 מ""ל",Monster energy סרביה,RS,מונסטר ULTRA פחית 50,מיליליטרים,500.00,"100 מ""ל",false,1,6.90,1.38,true,1,
5060639129102,false,"משקה אנרגיה מונסטר מנגו פח 500 מ""ל",Monster energy סרביה,RS,Mango Loco מונסטר 50,מיליליטרים,500.00,"100 מ""ל",false,1,6.90,1.38,true,1,
5060751218173,false,"משקה אנרגיה מונסטר Pipline punch פח 500 מ""ל",Monster energy סרביה,IE,מונסטר פייפליין פאנצ,מיליליטרים,500.00,"100 מ""ל",false,1,6.50,1.30,true,1,
5060751219033,false,"משקה אנרגיה מונסטר ULTRA PARADISE פח 500 מ""ל",Monster energy סרביה,IE,מונסטר אולטרה פרדייס,מיליליטרים,500.00,"100 מ""ל",false,1,6.50,1.30,true,1,
5065000523923,false,תה לימון-גראס וגינגר,,,תה לימון-גראס וגינגר,Unknown,0.00,Unknown,false,1,31.90,31.90,true,1,
5099873006504,false,"וויסקי גק דניאלס פייר 700 מ""ל",,,וויסקי גק דניאלס פיי,מיליליטרים,700.00,"100 מ""ל",false,1,99.90,14.27,true,1,
5099873038758,false,"וויסקי גנטלמן גק 700 מ""ל",ג'ק דניאלס,US,וויסקי גנטלמן גק 700,מיליליטרים,700.00,"100 מ""ל",false,1,140.90,20.13,true,1,
5099873045855,false,"מארז מתכת גק דניאלס 700 מ""ל + 2 כוסות",,,מארז מתכת גק דניאלס,מיליליטרים,700.00,"100 מ""ל",false,1,99.90,14.27,true,1,
5099873211984,false,"מארז גק דניאלס פייר פלוס 2 כוסות 700 מ""ל",,,מארז גק דניאלס פייר,מיליליטרים,700.00,"100 מ""ל",false,1,99.90,14.27,true,1,
5099873221976,false,"גנטלמן גק 700 מ""ל במארז טוקסידו",,,"גנטלמן גק 700 מ""ל במ",מיליליטרים,700.00,"100 מ""ל",false,1,129.90,18.56,true,1,
5200132560150,false,"יין דומיין סבאניס, פייר ווינד רוזה 750",,GR,"יין דומיין סבאניס, פ",Unknown,0.00,Unknown,false,1,39.90,39.90,true,1,
5201004020338,false,קפריס וופל רול ממולא קרם אגוזי לוז 400 ג',פפדופולוס,GR,גליליות וופל קפריס ר,גרמים,400.00,100 גרם,false,1,19.90,4.98,true,1,
5201004021328,false,קפריס וופל רול ממולא קרם אגוזי לוז 115 ג',אי. ג'יי פאפאדופולוס,GR,גליליות קפריס רולס ק,גרמים,115.00,100 גרם,false,1,9.20,8.00,true,1,
5201178801054,false,קרם רב שימושי 250 מל ניוואה,טרופיקל דגיל תעשיות,DE,קרם רב שימושי 250 מל,גרמים,250.00,100 גרם,false,1,29.90,11.96,true,1,
5201263006357,false,תחבושת EVERY DAY סופר 18 יח',,,תחבושת סופר 18 יח E,יחידה,1.00,יחידה,false,1,12.90,12.90,true,1,
5201340003385,false,טונה מעושנת שמן סויה 160 ג' TRATA,,GR,טונה מעושנת בשמן סוי,גרמים,160.00,100 גרם,false,1,15.90,9.94,true,1,
5201347400545,false,Veet ארומטיק רצועות שעווה לפנים(20 יח'),רקיט בנקיזר,FR,ויט רצועות שעווה לפנ,Unknown,0.00,Unknown,false,1,41.90,41.90,true,1,
5201940010110,false,זיתים שחורים מזן קלמטה בפח 454 גרם,סיוארס אס.איי,GR,זיתים שחורים מזן קלמ,גרמים,454.00,100 גרם,false,1,14.90,3.28,true,1,
5202175001515,false,נאצ`וס בטעם מלוח 225 גר,,,נאצ`וס בטעם מלוח 225,גרמים,225.00,100 גרם,false,1,11.40,5.07,true,1,
5202175002451,false,טורטייה- מאפה על בסי,,,"טורטיה 25 ס""מ",Unknown,0.00,Unknown,false,1,9.40,9.40,true,1,
5202300014496,false,ולה פלקס ספריי אקסטרה סטרונג,,,פלקס אקסטרה סטרונג,מיליליטרים,250.00,"100 מ""ל",false,1,34.90,13.96,true,1,
5202302000039,false,זיתים שחורים טבעיים קלמטה 275 גרם,,,זיתים שחורים טבעיים,גרמים,275.00,100 גרם,false,1,27.50,10.00,true,1,
5202390015618,false,גבינה צהובה טבעונית אורגינל ויאו לייף 200 ג',אריביה אס.אי. 57022,GR,צהובה טבעונית בטעם א,גרמים,200.00,100 גרם,false,1,23.50,11.75,true,1,
5202390016325,false,גבינה צהובה טבעונית בטעם מעושן ויאו לייף 200ג',"אריביה אס.אי., יוון",GR,צהובה טבעונית טעם מע,גרמים,200.00,100 גרם,false,1,23.90,11.95,true,1,
5202390019319,false,מוצרלה טבעונית מגוררת ויולייף 200ג',,,מוצרלה טבעונית לפיצה,גרמים,200.00,100 גרם,false,1,23.90,11.95,true,1,
5202390020407,false,פטה טבעונית גוש ויולייף 200 ג',פרוטרופיק סיה.,GR,בסגנון פטה טבעוני 20,גרמים,200.00,100 גרם,false,1,26.90,13.45,true,1,
5202390021121,false,קרמי אוריגינל טבעוני ויולייף 150 גר,וויטרוס אס.אי.,GR,קרמי אוריגינל טבעוני,גרמים,150.00,100 גרם,false,1,18.90,12.60,true,1,
5202413007019,false,"אוזו פלומארי 700 מ""ל",Plomari ouzo distill,GR,"אוזו פלומארי 700 מ""ל",מיליליטרים,700.00,"100 מ""ל",false,1,79.90,11.41,true,1,
5202413010019,false,אוזו פלומארי 1 ליטר,,,אוזו פלומארי 1 ליטר,ליטרים,0.00,ליטר,false,1,104.90,104.90,true,1,
5208049001452,false,גולדן וירגיניה ירוק 30 גר+נייר PP,BAT,,גולדן וירגיניה ירוק,יחידה,1.00,יחידה,false,1,69.90,69.90,true,1,
5208049001841,false,פאל מאל דמי קפסולה חפיסה,גלוברנס,,פאל מאל דמי קפסולה ח,Unknown,0.00,Unknown,false,1,26.00,26.00,true,1,
5208049004781,false,פאל מאל ברי דמי סלימס קופסא,,,פאל מאל ברי דמי סלימ,Unknown,0.00,Unknown,false,1,26.00,26.00,true,1,
5208049006594,false,פאל מאל אקסטרה כחול קופסה,BAT,DE,פאל מאל אקסטרה כחול,יחידה,1.00,יחידה,false,1,27.90,27.90,true,1,
5214000101369,false,"שמן זית יווני כתית מעולה 750 מ""ל Oleum",Oleum,,שמן זית יווני כתית מ,מיליליטרים,750.00,"100 מ""ל",false,1,54.90,7.32,true,1,
5391500600650,false,"בירה אוהרס - אייריש פייל אייל 330 מ""ל",,IE,בירה אוהרס - אייריש,מיליליטרים,330.00,"100 מ""ל",false,1,13.90,4.21,true,1,
5400141055146,false,שימורי בצלי פנינה בוני 650 גר,,BE,שימורי בצלי פנינה בו,גרמים,650.00,100 גרם,false,1,14.90,2.29,true,1,
5400265018645,false,המלט-מארז 12 סוכריות מקל סבא אדום 170 גר,,,המלט-מארז 12 סוכריות,גרמים,170.00,100 גרם,false,1,15.90,9.35,true,1,
5400265030654,false,המלט- סוכריית מקל סבא אדום ולבן 144 גר,,,המלט- סוכריית מקל סב,גרמים,144.00,100 גרם,false,1,15.90,11.04,true,1,
5400265032993,false,המלט- נשיקות מרנג לבן 100 גרם,,,המלט- נשיקות מרנג לב,גרמים,100.00,100 גרם,false,1,12.90,12.90,true,1,
5400265037998,false,המלט - בובת סנטה 125 גר,,,המלט - בובת סנטה 125,גרמים,125.00,100 גרם,false,1,18.90,15.12,true,1,
5400265039527,false,המלט סוכריות מקל סבא מיני בשקית 100 גר,,,המלט סוכריות מקל סבא,גרמים,100.00,100 גרם,false,1,13.90,13.90,true,1,
5400265170114,false,המלט-סוכריית מקל סבא 28 גרם,,,המלט-סוכריית מקל סבא,גרמים,28.00,100 גרם,false,1,6.50,23.21,true,1,
5410076933129,false,אריאל שושן צחור שקית,P&G,,"אריאל שושן צחור 3 ק""",קילוגרמים,0.00,"ק""ג",false,1,42.90,42.90,true,1,
5410126006087,false,ביסקוויט לוטוס קרמל 700 גרם,כלורוקס אוקלנד,BE,ביסקוויט לוטוס קרמל,גרמים,700.00,100 גרם,false,1,21.90,3.13,true,1,
5410126006360,false,לוטוס עוגיות סנדוויץ' במילוי לוטוס 150 גר',לוטוס ביקרי בלגיה נ.,BE,לוטוס עוגיות במילוי,גרמים,150.00,100 גרם,false,1,9.50,6.33,true,1,
5410126037005,false,מאגדת גלידה לוטוס 4 יח 284 גר,לוטוס ביקרי נ.וי.,BE,מאגדת גלידה לוטוס 4,Unknown,0.00,Unknown,false,1,41.90,41.90,true,1,
5410126106022,false,מארז עוגיות לוטוס 250 גר*2,לוטוס בייקרי,BE,מארז עוגיות לוטוס 25,גרמים,500.00,100 גרם,false,1,17.90,3.58,true,1,
5410126106183,false,ביסקויט לוטוס קרמל 312 גר 50 יח ארוז,כלורוקס אוקלנד,BE,ביסקויט לוטוס קרמל 3,גרמים,312.00,100 גרם,false,1,16.80,5.38,true,1,
5410126116953,false,ממרח עוגיות לוטוס קרמל 400 גר,לוטוס בייקרי בלגיה נ,BE,ממרח עוגיות לוטוס קר,גרמים,400.00,100 גרם,false,1,22.90,5.73,true,1,
5410126297003,false,מארז גלידת לוטוס שוקולד לבן על מקל 284 ג,,BE,מארז גלידת לוטוס שוק,גרמים,284.00,100 גרם,false,1,41.90,14.75,true,1,
5410126666038,false,עוגיות לוטוס 18*2 279 גרם,,BE,עוגיות לוטוס 279 גרם,גרמים,279.00,100 גרם,false,1,12.90,4.62,true,1,
5410126716016,false,"ביסקוויט בטעם קרמל לוטוס בד""צ 250 ג'",לוטוס ביקרי בלגיה,BE,ביסקויט קרמל לוטוס 2,גרמים,250.00,100 גרם,false,1,11.80,4.72,true,1,
5410173210055,false,רומבוסט קפה טחון וקלוי לפילטר 70 גרם,קרלו,BE,רומבוסט קפה טחון וקל,גרמים,70.00,100 גרם,false,1,22.90,32.71,true,1,
5410228141266,false,"בירה סטלה ארטואה 330 מ""ל",,,בירה סטלה ארטואה 330,מיליליטרים,330.00,"100 מ""ל",false,1,5.90,1.79,true,1,
5410228144755,false,"בירה סטלה ארטואה שישייה בקבוק 330 מ""ל",,,שישיית סטלה ארטואה,מיליליטרים,1980.00,"100 מ""ל",false,1,29.90,1.51,true,1,
5410228267515,false,"שישיית בירה לאגר באדוויזר 6*330 מ""ל","איי, בי, אינבוו",GB,שישיית בירה לאגר באד,מיליליטרים,1980.00,"100 מ""ל",false,1,29.90,1.51,true,1,
5410316983693,false,"סמירנוף אייס בודד 275 מ""ל",דיאג'ו אופריישנס,IT,סמירנוף אייס בודד 27,מיליליטרים,275.00,"100 מ""ל",false,1,12.90,4.69,true,1,
5410316994019,false,"וודקה סמירנוף אדום 700מ""ל",דיאג'ו אופריישנס איט,US,"סמירנוף אדום 700 מ""ל",מיליליטרים,700.00,"100 מ""ל",false,1,59.90,8.56,true,1,
5410358452027,false,הריבו ספקיז מרשמלו ורוד לבן פסים 175 גרם,,BE,הריבו ספקיז מרשמלו ו,גרמים,175.00,100 גרם,false,1,7.90,4.51,true,1,
5410358453024,false,הריבו מרשמלו אקזוטי 175 גרם,,BE,הריבו מרשמלו אקזוטי,גרמים,175.00,100 גרם,false,1,7.90,4.51,true,1,
5410358453116,false,הריבו- מרשמלו מיקס 175 גרם,,BE,הריבו- מרשמלו מיקס 1,גרמים,175.00,100 גרם,false,1,7.90,4.51,true,1,
5410358459347,false,הריבו מרשמלו ברביקיו 175 גרם,,BE,הריבו מרשמלו ברביקיו,גרמים,175.00,100 גרם,false,1,7.90,4.51,true,1,
5410658902413,false,קפסולות קפה אלומיניום דרגת חוזק 08 Fortisimo- Espresso,,,אספרסו פורטיסימו - ק,גרמים,50.00,100 גרם,false,1,11.90,23.80,true,1,
5410658902437,false,קפסולות קפה אלומיניום דרגת חוזק 07 Fortisimo- Espresso,,,פורטה פורטיסימו - קפ,גרמים,50.00,100 גרם,false,1,11.90,23.80,true,1,
5410658902819,false,קפסולות קפה אלומיניום דרגת חוזק 12 Fortisimo- Espresso,,,קלאסיקו פורטיסימו -,גרמים,50.00,100 גרם,false,1,11.90,23.80,true,1,
5410769100081,false,"בירה לה שוף 330 מ""ל בקבוק","איי, בי, אינבוו",BE,"בירה לה שוף 330 מ""ל",מיליליטרים,330.00,"100 מ""ל",false,1,14.90,4.52,true,1,
5410769200088,false,"בירה מק שוף 330 מ""ל בקבוק",פארייפאבה אגרואינדוס,BE,"בירה מק שוף 330 מ""ל",מיליליטרים,330.00,"100 מ""ל",false,1,14.90,4.52,true,1,
5410976826019,false,שוקולד מריר 72% 100 גר גיליאן,,BE,שוקולד מריר 72% 100,גרמים,100.00,100 גרם,false,1,16.90,16.90,true,1,
5411081000523,false,"בירה קסטיל כהה 330 מ""ל",ואן הונסברוק,BE,בירה קסטיל כהה 330 מ,מיליליטרים,330.00,"100 מ""ל",false,1,12.90,3.91,true,1,
5411081000677,false,"בירה קסטיל טריפל 330 מ""ל",ואן הונסברוק,BE,בירה קסטיל טריפל 330,מיליליטרים,330.00,"100 מ""ל",false,1,12.90,3.91,true,1,
5411081003654,false,"בירה קסטיל רוז 330 מ""ל",יושלם,,בירה קסטיל רוז 330 מ,מיליליטרים,330.00,"100 מ""ל",false,1,12.90,3.91,true,1,
5411081008192,false,"בירה קסטיל רוז 330 מ""ל פחית",,,בירה קסטיל רוז 330 מ,מיליליטרים,330.00,"100 מ""ל",false,1,12.90,3.91,true,1,
5411081008420,false,"בירה בירה שושנע קסטיל 330 מ""ל",,,בירה בירה שושנע קסטי,מיליליטרים,330.00,"100 מ""ל",false,1,12.20,3.70,true,1,
5411081009007,false,"בירה קסטיל אקסטרה 330 מ""ל",,,בירה קסטיל אקסטרה 33,מיליליטרים,330.00,"100 מ""ל",false,1,12.90,3.91,true,1,
5411188080268,false,אלפרו סויה אורגני אלפרו 1 ליטר,הנסיך- מפעל לייצור ט,BE,אלפרו סויה אורגני א,מיליליטרים,1000.00,"100 מ""ל",false,0,15.90,1.59,true,1,
5411188081852,false,אלפרו משקה סויה בטעם וניל 1 ל',הנסיך- מפעל לייצור ט,BE,אלפרו סויה בטעם וניל,מיליליטרים,1000.00,"100 מ""ל",false,1,15.90,1.59,true,1,
5411188110835,false,אלפרו חלב סויה שקדים וניל 1ל',הנסיך- מפעל לייצור ט,BE,אלפרו משקה שקדים 1 ל,מיליליטרים,1000.00,"100 מ""ל",false,1,13.90,1.39,true,1,
5411188112709,false,"משקה קוקוס אלפרו 1 ליטר משקה שקדים לל""ס",הנסיך- מפעל לייצור ט,BE,אלפרו משקה שקדים ללא,מיליליטרים,1000.00,"100 מ""ל",false,1,13.90,1.39,true,1,
5411188115366,false,משקה קוקוס אלפרו 1 ליטר משקה שיבולת שועל 1 ליטר,הנסיך- מפעל לייצור ט,BE,אלפרו משקה שיבולת שו,מיליליטרים,1000.00,"100 מ""ל",false,1,13.90,1.39,true,1,
5411188115434,false,משקה אלפרו בריסטה סויה 1 ליטר,,BE,אלפרו משקה בריסטה סו,מיליליטרים,1000.00,"100 מ""ל",false,1,15.90,1.59,true,1,
5411188115472,false,אלפרו משקה סויה 1 ליטר,הנסיך- מפעל לייצור ט,BE,אלפרו משקה סויה 1 לי,מיליליטרים,1000.00,"100 מ""ל",false,1,13.90,1.39,true,1,
5411188118732,false,אלפרו חלב משקה קוקוס שקדים 1 ל',הנסיך- מפעל לייצור ט,BE,אלפרו משקה קוקוס שקד,מיליליטרים,1000.00,"100 מ""ל",false,1,13.90,1.39,true,1,
5411188120742,false,משקה קוקוס אלפרו 1 ליטר שקדים וניל 1 ל',הנסיך- מפעל לייצור ט,BE,אלפרו משקה שקדים בטע,מיליליטרים,1000.00,"100 מ""ל",false,1,13.90,1.39,true,1,
5411188121923,false,"אלפרו משקה סויה סידן מארז 250X3מ""ל",הנסיך- מפעל לייצור ט,BE,שלישיות אלפרו סויה ב,מיליליטרים,750.00,"100 מ""ל",false,1,15.90,2.12,true,1,
5411188121978,false,"משקה סויה בטעם שוקולד 3 * 250 מ""ל אלפרו",אלפרו C.V.A,IL,שלישיות אלפרו סויה ש,מיליליטרים,750.00,"100 מ""ל",false,1,15.90,2.12,true,1,
5411188122586,false,"אלפרו משקה שקדים 250 מ""ל",,BE,אלפרו משקה שקדים 250,מיליליטרים,250.00,"100 מ""ל",false,1,6.30,2.52,true,1,
5411188124689,false,משקה שיבולת שועל ללא סוכר 1ל' אלפרו,,,אלפרו משקה שיבולת שו,מיליליטרים,1000.00,"100 מ""ל",false,1,13.90,1.39,true,1,
5411188126195,false,אלפרו משקה שקדים אורגני 1 ליטר,,BE,אלפרו משקה שקדים,מיליליטרים,1000.00,"100 מ""ל",false,1,13.90,1.39,true,1,
5411188127697,false,אלפרו משקה בריסטה שיבולת שועל 1 ליטר,הנסיך- מפעל לייצור ט,BE,אלפרו בריסטה משקה שי,מיליליטרים,1000.00,"100 מ""ל",false,1,13.90,1.39,true,1,
5411188129899,false,משקה אלפרו בריסטה שקדים 1 ליטר,הנסיך- מפעל לייצור ט,BE,אלפרו בריסטה משקה שק,מיליליטרים,1000.00,"100 מ""ל",false,1,13.90,1.39,true,1,
5411188300328,false,אלפרו סויה בטעם שוקו 1 ליטר,הנסיך- מפעל לייצור ט,BE,אלפרו סויה בטעם שוקו,מיליליטרים,1000.00,"100 מ""ל",false,1,15.90,1.59,true,1,
5411188543398,false,אלפרו משקה סויה ללא סוכר 1 ליטר,הנסיך- מפעל לייצור ט,BE,אלפרו משקה סויה ללא,מיליליטרים,1000.00,"100 מ""ל",false,1,13.90,1.39,true,1,
5411223030081,false,"בירה לינדמנס קריק דובדבנים 250 מ""ל",,,בירה לינדמנס דובדבני,מיליליטרים,250.00,"100 מ""ל",false,1,14.90,5.96,true,1,
5411223100579,false,"בירה לינדמנס אפל תפוח 250 מ""ל",,,בירה לינדמנס אפל תפו,מיליליטרים,250.00,"100 מ""ל",false,1,14.90,5.96,true,1,
5411616133245,false,"בירה מרטנס 500 מ""ל-פחית",מבשלת מרטנס,BE,"בירה מרטנס 500 מ""ל-פ",מיליליטרים,500.00,"100 מ""ל",false,1,7.20,1.44,true,1,
5411616148546,false,"בירה מרטינס גולד 500 מ""ל-פחית",מבשחת מרטנס,BE,בירה מרטינס גולד 500,מיליליטרים,500.00,"100 מ""ל",false,1,7.20,1.44,true,1,
5411676100874,false,"בירת ברבר בלונד 330 מ""ל",,,בירת ברבר בלונד 330,מיליליטרים,330.00,"100 מ""ל",false,1,16.50,5.00,true,1,
5411676175131,false,"בירת ברבר בלונד 750 מ""ל בקבוק",,BE,בירת ברבר בלונד 750,מיליליטרים,750.00,"100 מ""ל",false,1,34.90,4.65,true,1,
5411676301356,false,"בירת ברבר בוק (כהה) 330 מ""ל",,,בירת ברבר בוק (כהה),מיליליטרים,330.00,"100 מ""ל",false,1,16.50,5.00,true,1,
5411681014005,false,בירה דובל בקבוק 330,פארייפאבה אגרואינדוס,IL,"בירה דובל 330 מ""ל",מיליליטרים,330.00,"100 מ""ל",false,1,15.90,4.82,true,1,
5411681038001,false,בירה מרדסו טריפל 330 מל,"איי, בי, אינבוו",BE,בירה מרדסו טריפל 330,מיליליטרים,330.00,"100 מ""ל",false,1,15.90,4.82,true,1,
5411681038070,false,בירה מרדסו טריפל 750 מל,,,בירה מרדסו טריפל 750,מיליליטרים,750.00,"100 מ""ל",false,1,29.90,3.99,true,1,
5411686700118,false,"בירה לינדמנס פרוטס 250 מ""ל",לפימנס,BE,בירה לינדמנס פרוטס 2,מיליליטרים,250.00,"100 מ""ל",false,1,14.90,5.96,true,1,
5412514931117,false,עלי טורטילס מתירס פוקולוקו 320 גר,,,עלי טורטילס מתירס פו,גרמים,320.00,100 גרם,false,1,27.50,8.59,true,1,
5412514999933,false,פוקו לוקו -סלסה חריפה 325 גרם,,,פוקו לוקו -סלסה חריפ,מיליליטרים,325.00,"100 מ""ל",false,1,27.90,8.58,true,1,
5412533001617,false,נוזל לניקוי כלים אלוורה ולימון 1 ליטר,השחר,BE,נוזל לניקוי כלים אלו,מיליליטרים,1000.00,"100 מ""ל",false,1,19.90,1.99,true,1,
5412533419566,false,נוזל לכביסה עדינה בניחוח נופר 750 מל,,,נוזל לכביסה עדינה בנ,מיליליטרים,750.00,"100 מ""ל",false,1,25.50,3.40,true,1,
5412533420364,false,נוזל כביסה פורמולה מרוכזת 1 ליטר,,,נוזל כביסה פורמולה מ,מיליליטרים,1000.00,"100 מ""ל",false,1,44.90,4.49,true,1,
5412956221197,false,שוקולד קאשט חלב שברי בייגלה ובראוניז180ג,KIMS,BE,שוקולד חלב קאשט שברי,גרמים,180.00,100 גרם,false,1,12.90,7.17,true,1,
5413121350018,false,בונבוניירה BCG לבבות 200 גר,,,בונבוניירה BCG לבב,גרמים,200.00,100 גרם,false,1,25.90,12.95,true,1,
5413121355105,false,שוקולד בלגי חלב משובח פרסטיז 100 גרם,,,שוקולד בלגי חלב משוב,גרמים,100.00,100 גרם,false,1,14.90,14.90,true,1,
5413121359769,false,לבבות וצדפי שוקולד 195ג' בלגיאן,,,בלגיאן - צדפי שוקולד,גרמים,195.00,100 גרם,false,1,18.90,9.69,true,1,
5413548280189,false,קינדר שוקובון 16 יחידות,פררו,BE,קינדר שוקובון 125 גר,גרמים,125.00,100 גרם,false,1,12.90,10.32,true,1,
5414359898143,false,צ'יפסשמנת בצל 150 גרם,,BE,ציפס מלח ים 250 גרם,גרמים,250.00,100 גרם,false,1,13.90,5.56,true,1,
5420066370001,false,טראפל בלגי קרמל 150 גרם,,,טראפל בלגי קרמל 150,גרמים,150.00,100 גרם,false,1,11.90,7.93,true,1,
5420066370049,false,טראפל בלגי תפוז 150 גרם,,,טראפל בלגי תפוז 150,גרמים,150.00,100 גרם,false,1,11.90,7.93,true,1,
5600787049008,false,"משקה אורגני ע""ב קמבוצה ותה ירוק 400 מל",,PT,"משקה אורגני ע""ב קמבו",מיליליטרים,400.00,"100 מ""ל",false,1,20.90,5.23,true,1,
5600787049022,false,"משקה אורגני ע""ב קמבוצה ותה ירוק 400 מל",,PT,"משקה אורגני ע""ב קמבו",מיליליטרים,400.00,"100 מ""ל",false,1,20.90,5.23,true,1,
5600787049046,false,"משקה אורגני ע""ב קמבוצה ותה ירוק 400 מ",,PT,"משקה אורגני ע""ב קמבו",מיליליטרים,400.00,"100 מ""ל",false,1,20.90,5.23,true,1,
5600787049213,false,"משקה אורגני ע""ב קמבוצה ותה ירוק עם 400",,PT,"משקה אורגני ע""ב קמבו",מיליליטרים,400.00,"100 מ""ל",false,1,20.90,5.23,true,1,
5601008200444,false,עוגיות טבעת מצופה שוק. חלב 150 גר גודיס,הנסיך- מפעל לייצור ט,PT,עוגיות טבעת מצופה שו,גרמים,150.00,100 גרם,false,1,10.80,7.20,true,1,
5601008200468,false,עוגיות מרבה גודיס טבעת מצופה שוקו' לבן 150ג',קריניציה ויטמינה אס,PT,עוגיות טבעת מצופה שו,גרמים,150.00,100 גרם,false,1,10.80,7.20,true,1,
5601012011500,false,"מתאוס רוזה 750 מ""ל",,,יין מטאוס רוזה פורטו,Unknown,0.00,Unknown,false,1,41.90,41.90,true,1,
5601012021509,false,"יין מטאוס לבן פורטוגל 750 מ""ל",,,יין מטאוס לבן פורטוג,Unknown,0.00,Unknown,false,1,41.90,41.90,true,1,
5601012837636,false,"יין סילק אנד ספייס אדום 750 מ""ל",,,יין סילק אנד ספייס א,Unknown,0.00,Unknown,false,1,62.90,62.90,true,1,
5601055005375,false,פינטרולס - עדשי שוקולד בגליל שלישיה 22 גרם,פינטרולס,PT,שלישייה עדשי שוקולד,גרמים,66.00,100 גרם,false,1,9.40,14.24,true,1,
5601083641101,false,סנדמאן אפיטיב 750 מל,,,"סנדמאן אפיטיב 750 מ""",Unknown,0.00,Unknown,false,1,83.90,83.90,true,1,
5601083653104,false,יין סנדמאן פורט פאונדרס רזרב 750 מל,,,סנדמאן פורט פאונדרס,Unknown,0.00,Unknown,false,1,77.90,77.90,true,1,
5601996355485,false,"יין פורטה 6 לבן 750 מ""ל",,PT,יין פורטה 6 לבן 750,Unknown,0.00,Unknown,false,1,49.90,49.90,true,1,
5601996669872,false,"יין פורטה 6 וינו ורדה 750 מ""ל",,PT,יין פורטה 6 וינו ורד,Unknown,0.00,Unknown,false,1,49.90,49.90,true,1,
5694230223336,false,כבד דג מעושן 121 גר BRIVAIS VILNIS,,IS,כבד דג מעושן 121 גר,גרמים,121.00,100 גרם,false,1,10.40,8.60,true,1,
5701215042407,false,גבינת ברי אורנהולט 125ג',,,ברי 125 גרם,גרמים,125.00,100 גרם,false,1,21.90,17.52,true,1,
5701932026971,false,פופקורן הוט חמאה מאגדת 100X6ג',"פופז בע""מ",US,הוטפופ חמאה 600 גרם,גרמים,600.00,100 גרם,false,1,14.90,2.48,true,1,
5703985072240,false,גבינת דנאבלו 100ג',,,דנאבלו 100 גר,גרמים,100.00,100 גרם,false,1,13.50,13.50,true,1,
5706516031358,false,פופקורן להכנה במיקרוגל בטעם טבעי מופחת שומן,"פופז בע""מ",US,הוטפופ 100 קלוריות,גרמים,160.00,100 גרם,false,1,14.90,9.31,true,1,
5706516110039,false,הוטפופ בטעם טבעי מופחת שומן ונתרן 540 גר,פופז,US,הוטפופ בטעם טבעי מופ,גרמים,540.00,100 גרם,false,1,14.90,2.76,true,1,
5708776001232,false,"סירופ מייפל אורגני 250 מ""ל Manna",,DK,סירופ מייפל אורגני 2,מיליליטרים,250.00,"100 מ""ל",false,1,29.90,11.96,true,1,
5709120175852,false,גבינת ברי צרפתי 500ג',,FR,ברי צרפתי 500 גרם,גרמים,500.00,100 גרם,false,1,49.50,9.90,true,1,
5710840209437,false,טבק באלי נטוראל 40 גרם,,,טבק באלי נטוראל 40 ג,Unknown,0.00,Unknown,false,1,95.90,95.90,true,1,
5710840210013,false,טבק באלי לבן 40 גרם,,,טבק באלי לבן 40 גרם,Unknown,0.00,Unknown,false,1,95.90,95.90,true,1,
5710840210075,false,טבק באלי תכלת 40 גרם,S.T.G,,טבק באלי תכלת 40 גרם,Unknown,0.00,Unknown,false,1,92.90,92.90,true,1,
5710840210167,false,באלי צהוב 40 גרם,S.T.G,,באלי צהוב 40 גרם,Unknown,0.00,Unknown,false,1,95.90,95.90,true,1,
5711953106583,false,גבינת שמנת בטעם טבעי 200 ג' ארלה,ארלה פודס אמבה,DK,גבינת שמנת טבעי ארלה,גרמים,200.00,100 גרם,false,1,15.90,7.95,true,1,
5711953106590,false,גבינת שמנת ארלה שמנת שום 200 גרם,ארלה פודס אמבה,DK,גבינת שמנת שום ארלה,גרמים,200.00,100 גרם,false,1,15.90,7.95,true,1,
5711953106606,false,גבינת שמנת ארלה עשבי תיבול 200 גרם,ארלה פודס אמבה,DK,גבינת שמנת עשבי תיבו,גרמים,200.00,100 גרם,false,1,15.90,7.95,true,1,
5711953145339,false,"משקה סטארבקס פרפוצינו מוקה 250 מ""ל",,DK,משקה סטארבקס פרפוצינ,מיליליטרים,250.00,"100 מ""ל",false,1,14.90,5.96,true,1,
5740900403215,false,ממרח מחמאת לורפק עם מלח 250 ג',,DK,ממרח לורפק עם מלח 25,גרמים,250.00,100 גרם,false,1,16.90,6.76,true,1,
5740900403222,false,ממרח לורפק חמאה עם מלח מופחת שומן 250 ג,,DK,ממרח לורפק עם מלח מו,גרמים,250.00,100 גרם,false,1,16.90,6.76,true,1,
5740900403239,false,ממרח מחמאת לורפק ללא מלח 250 ג',,DK,ממרח לורפק ללא מלח 2,גרמים,250.00,100 גרם,false,1,16.90,6.76,true,1,
5740900403246,false,ממרח מחמאת לורפק ללא מלח 500 ג',,DK,ממרח לורפק ללא מלח 5,גרמים,500.00,100 גרם,false,1,28.90,5.78,true,1,
5740900403253,false,ממרח מחמאת לורפק עם מלח 500 ג',,DK,ממרח לורפק עם מלח 50,גרמים,500.00,100 גרם,false,1,28.90,5.78,true,1,
5740900403260,false,"ממרח לורפק חמאה לל""מ מופחת שומן 250 ג'",ארלה פודס אמבה,DK,ממרח לורפק ללא מלח מ,גרמים,250.00,100 גרם,false,1,16.90,6.76,true,1,
5774540984452,false,אנטון ברג-מרציפן דובדבן ברום 220 גר,,,אנטון ברג-מרציפן דוב,גרמים,220.00,100 גרם,false,1,41.90,19.05,true,1,
5774540990057,false,אנטון ברג-מרציפן אוכמניות בוודקה 220 גר,,,אנטון ברג-מרציפן אוכ,גרמים,220.00,100 גרם,false,1,41.90,19.05,true,1,
5900020012814,false,דגנים נסקוויק מלחמת הכוכבים 500 גרם,מיוצר עי קונדיטוריית,PL,דגנים נסקוויק 500 גר,גרמים,375.00,100 גרם,false,1,25.50,6.80,true,1,
5900020015174,false,פיטנס - חטיף דגנים שוקולד 23.50 גרם * 6,מיוצר עי קונדיטוריית,PL,פיטנס חטיף דגנים שוק,גרמים,141.00,100 גרם,false,1,18.80,13.33,true,1,
5900020018908,false,פיטנס - חטיף דגנים עוגיות שוקולד 23.50 גרם * 6,מיוצר עי קונדיטוריית,PL,פיטנס חטיף דגנים קרם,גרמים,141.00,100 גרם,false,1,18.80,13.33,true,1,
5900020020710,false,נסטלה - קראנץ' שוקו וניל חטיף דגנים 25 גרם * 6,,,חטיפי דגנים קראנץ בר,גרמים,150.00,100 גרם,false,1,16.90,11.27,true,1,
5900020020741,false,חטיפי דגנים נסקוויק בר שוקו שוקו 6*25 גר,,,חטיפי דגנים נסקוויק,גרמים,150.00,100 גרם,false,1,16.90,11.27,true,1,
5900020025647,false,פיטנס - דליס חטיף דגנים שוקולד חלב 22.50 גרם * 6,מיוצר עי קונדיטוריית,PL,פיטנס בר דליס שוקולד,גרמים,135.00,100 גרם,false,1,18.80,13.93,true,1,
5900020029669,false,פיטנס - חטיף דגנים פירות יער 23.50 גרם * 6,,,חטיפי דגנים פיטנס פי,גרמים,141.00,100 גרם,false,1,18.80,13.33,true,1,
5900020032454,false,מארז חטיף פיטנס עוגיות 8 X 23.5 גרם,,,פיטנס מארז חטיף עוגי,גרמים,138.00,100 גרם,false,1,18.80,13.62,true,1,
5900020033314,false,נסטלה - ליון חטיף דגנים 25 גרם * 6,סי.פי. פולין,PL,ליון חטיף דגנים 150,גרמים,150.00,100 גרם,false,1,16.90,11.27,true,1,
5900020036407,false,דגני בוקר שוקולד וקרמל ליון 480 גרם,,FR,דגני בוקר שוקולד וקר,גרמים,480.00,100 גרם,false,1,25.90,5.40,true,1,
5900020037916,false,דגני בוקר שיבולת שועל צ'ריוס 375ג',ג'נרל מילס סאן אדריא,FR,צריוס שיבולת שועל 37,גרמים,375.00,100 גרם,false,1,19.40,5.17,true,1,
5900020039590,false,פיטנס חטיף דגנים קלאסי פרווה 8 6*23.5 ג,,PL,פיטנס חטיף דגנים קלא,גרמים,141.00,100 גרם,false,1,18.80,13.33,true,1,
5900020041142,false,קורנפלקס פיטנס 500 ג' אסם,סי.פי פולין,PL,פיטנס קורנפלקס 500 ג,גרמים,500.00,100 גרם,false,1,16.90,3.38,true,1,
5900130034157,false,מאגדת גלידה מילקה 4 יח 284 גר,,DE,מאגדת גלידה מילקה,גרמים,284.00,100 גרם,false,1,34.90,12.29,true,1,
5900343005296,false,"וודקה זוברובקה 700 מ""ל",,,וודקה זוברובקה 700 מ,מיליליטרים,700.00,"100 מ""ל",false,1,88.90,12.70,true,1,
5900353616321,false,בונבוניירה שוקולדורו 178 גרם MIESZKO,,,בונבוניירה שוקולדורו,גרמים,178.00,100 גרם,false,1,29.90,16.80,true,1,
5900353618288,false,בונבוניירה שרי 285 ג,MIEZSKO,PL,בונ שרי 285 ג MIEZSK,גרמים,285.00,100 גרם,false,1,39.90,14.00,true,1,
5900617035882,false,חטיף חלבון נוטרישיין בטעם שוקולד,גרנייה,NL,חטיף פרוטאין 33 בטעם,גרמים,50.00,100 גרם,false,1,9.90,19.80,true,1,
5900627063233,false,טבליות למדיח AIO 50 יח פיניש,רקיט בנקיזר,PL,פיניש טבליות הכל ב-1,Unknown,0.00,Unknown,false,1,39.90,39.90,true,1,
5900627066715,false,טבליות למדיח פיניש הכל ב-1 100 יח,,PL,טבליות למדיח פיניש ה,יחידה,1.00,יחידה,false,1,59.90,59.90,true,1,
5900820014230,false,גבינה מתכת נורווסקי סלמון 150ג' -מלקפול,,,גבינה נורווסקי סלמון,גרמים,150.00,100 גרם,false,1,14.90,9.93,true,1,
5901008990100,false,פרוסות מלפפון ופלפל 850 גר POLAN,,PL,פרוסות מלפפון ופלפל,גרמים,850.00,100 גרם,false,1,14.90,1.75,true,1,
5901008990155,false,עגבניות ירוקות-פלפל 840 גר Polan,,PL,עגבניות ירוקות פלפל,גרמים,840.00,100 גרם,false,1,13.50,1.61,true,1,
5901008990162,false,סלט כרוב עם סלק 900 גרם Polan,,PL,סלט כרוב עם סלק 900,גרמים,900.00,100 גרם,false,1,12.90,1.43,true,1,
5901008990292,false,סלט כרוב וגזר כבוש 900 גרם Polan,,PL,סלט כרוב וגזר כבוש 9,גרמים,900.00,100 גרם,false,1,15.90,1.77,true,1,
5901008990322,false,שימורי פטיסונים מוחמצים 860 גר POLAN,,,שימורי פטיסונים מוחמ,גרמים,860.00,100 גרם,false,1,21.90,2.55,true,1,
5901008990339,false,פרוסות מלפפונים מוחמצים 660 גר POLAN,,,פרוסות מלפפונים מוחמ,גרמים,660.00,100 גרם,false,1,15.30,2.32,true,1,
5901008990407,false,שימורי מלפפונים מוחמצים 860 גר POLAN,,,שימורי מלפפונים מוחמ,גרמים,860.00,100 גרם,false,1,19.90,2.31,true,1,
5901008990445,false,ריבועי פלפל אדום 680 גר POLAN,,,ריבועי פלפל אדום 680,גרמים,680.00,100 גרם,false,1,16.90,2.49,true,1,
5901008990452,false,כרוב כבוש 900 גר POLAN,,,כרוב כבוש 900 גר POL,גרמים,900.00,100 גרם,false,1,16.90,1.88,true,1,
5901008990599,false,מלפפונים קורנישונים מוחמצים 860 גר POLAN,,,מלפפונים קורנישונים,גרמים,860.00,100 גרם,false,1,21.90,2.55,true,1,
5901041003003,false,וודקה בלוודיר בקבוק,פולמוס ז'ירארדוב דיס,PL,"וודקה בלוודר 700 מ""ל",מיליליטרים,700.00,"100 מ""ל",false,1,99.90,14.27,true,1,
5901888020508,false,חטיף דגנים עם קינואה בטעם צ'ילי 70 ג FREEYU,,PL,חטיף דגנים קינואה וצ,גרמים,70.00,100 גרם,false,1,12.90,18.43,true,1,
5901888020546,false,חטיף דגנים עם קינואה ומלח ים 70ג FREEYU,,PL,חטיף דגנים קינואה ומ,גרמים,70.00,100 גרם,false,1,12.90,18.43,true,1,
5902198160403,false,"משקה אנרגיה XL TEN פחית לל""ס 250מ""ל","טמפו משקאות בע""מ",IL,XL TEN משקה אנרגיה,מיליליטרים,250.00,"100 מ""ל",false,1,4.90,1.96,true,1,
5902510275310,false,ממרח כבד אווז ופטריות 130 גר GURMANOFF,,,ממרח כבד אווז ופטריו,גרמים,130.00,100 גרם,false,1,5.90,4.54,true,1,
5902510275327,false,ממרח בטעם כבד אווז ופטריות 300 גרם PASHT,,,ממרח בטעם כבד אווז ו,גרמים,300.00,100 גרם,false,1,10.90,3.63,true,1,
5902510275334,false,ממרח בטעם כבד אווז 130 גר GURMANOFF,,,ממרח בטעם כבד אווז 1,גרמים,130.00,100 גרם,false,1,5.90,4.54,true,1,
5902510275341,false,ממרח בטעם כבד אווז דליקטס 300 ג,,PL,ממרח בטעם כבד אווז ד,גרמים,300.00,100 גרם,false,1,10.90,3.63,true,1,
5902510275358,false,ממרח בטעם כבד ברווז 130 גר GURMANOFF,,,ממרח בטעם כבד ברווז,גרמים,130.00,100 גרם,false,1,5.90,4.54,true,1,
5902510275365,false,"ממרח בטעם כבד ברווז ""צרפתי"" 300 גרם",,PL,ממרח בטעם כבד ברווז,גרמים,300.00,100 גרם,false,1,10.90,3.63,true,1,
5902510275372,false,ממרח בטעם כבד ברווז צרפ 130 גר GURMANOFF,,,ממרח בטעם כבד ברווז,גרמים,130.00,100 גרם,false,1,5.90,4.54,true,1,
5902510275389,false,"ממרח בטעם כבד ברווז ""צרפתי"" 300 גרם PASH",,,ממרח בטעם כבד ברווז,גרמים,300.00,100 גרם,false,1,10.90,3.63,true,1,
5902510275402,false,"ממרח בטעם כבד אווז ""דליקטס"" 300 גרם",,PL,"ממרח בטעם כבד אווז """,גרמים,300.00,100 גרם,false,1,10.90,3.63,true,1,
5902581689344,false,ברון שוקולד מריר 70% עם קפה 100 גרם,,PL,ברון שוקולד מריר 70%,גרמים,100.00,100 גרם,false,1,9.90,9.90,true,1,
5904277115274,false,קפה נמס קופרו 200 גר,,,קפה נמס קופרו 200 גר,גרמים,200.00,100 גרם,false,1,19.90,9.95,true,1,
5904358560160,false,ברון לשונות חתול מריר 100 גרם,,PL,ברון לשונות חתול מרי,גרמים,100.00,100 גרם,false,1,9.90,9.90,true,1,
5904603191323,false,מלפפונים כבושים 850 גר DWOREK,,,מלפפונים כבושים 850,גרמים,850.00,100 גרם,false,1,18.90,2.22,true,1,
5904941751302,false,"משקה אנרגיה בלו 250 מ""ל- בודד",אקו - ביט,PL,משקה אנרגיה BLU בוד,מיליליטרים,250.00,"100 מ""ל",false,1,4.00,1.60,true,1,
5904941752262,false,"משקה אנרגיה BLU לימון סיקס ללא סוכר 250 מ""ל",אקו - ביט,PL,בלו לימון סיקס ללא ס,מיליליטרים,250.00,"100 מ""ל",false,1,4.00,1.60,true,1,
5906485301012,false,"משקה אנרגיה XL פחית 250 מ""ל","טמפו משקאות בע""מ",IL,משקה אנרגיה XL פחית,מיליליטרים,250.00,"100 מ""ל",false,1,4.90,1.96,true,1,
5907443604275,false,ברון אצבעות ש.מריר מרציפן ופיסטוק 200 גר,,PL,ברון אצבעות ש.מריר מ,גרמים,100.00,100 גרם,false,1,12.90,12.90,true,1,
5907623350404,false,כבד דג שיבות 240 גרם,,,כבד דג שיבות 240 גרם,גרמים,240.00,100 גרם,false,1,18.80,7.83,true,1,
5941021000899,false,טבלת שוקולד מריר אגוז היידי גראנדור 100 ג',,,היידי מריר אגוז 100ג,גרמים,100.00,100 גרם,false,1,10.40,10.40,true,1,
5941021001254,false,טבלת שוקולד בטעם תפוז היידי גראנדור 80 ג',,,טבלת היידי גראנדור ת,גרמים,80.00,100 גרם,false,1,9.90,12.38,true,1,
5941021001674,false,טבלת שוקולד היידי גראנדור 80% 80 ג',,,היידי 85% 80ג,Unknown,0.00,Unknown,false,1,10.80,10.80,true,1,
5941021002190,false,טבלת שוקולד לבן אגוז היידי גראנדור 100 ג',,,טבלת היידי גראנדור ל,גרמים,100.00,100 גרם,false,1,10.40,10.40,true,1,
5941021003647,false,היידי איש שלג 150ג,היידי שוקולד,,היידי איש שלג 150ג,גרמים,150.00,100 גרם,false,1,29.90,19.93,true,1,
5941021004309,false,"שוקולד היידי גראנדור פלורנטין, 100 ג'",,,היידי פלורנטין 100 ג,גרמים,100.00,100 גרם,false,1,10.40,10.40,true,1,
5941021007492,false,היידי רודולף אייל 70ג,,,היידי רודולף אייל 70,גרמים,70.00,100 גרם,false,1,14.90,21.29,true,1,
5941021007577,false,טבלת שוקולד פיסטוק היידי גראנדור 80 ג',היידי שוקולד,,טבלת היידי גראנדור פ,Unknown,0.00,Unknown,false,1,9.90,9.90,true,1,
5941021008208,false,טבלת שוקולד מלח שחור היידי גראנדור 80 ג',,RO,טבלת היידי גראנדור מ,גרמים,80.00,100 גרם,false,1,9.90,12.38,true,1,
5941021011277,false,היידי פינגווין 70 גרם,,,היידי פינגווין 70 גר,גרמים,70.00,100 גרם,false,1,14.90,21.29,true,1,
5941021015596,false,טבלת שוקולד בטעם מריר אוכמניות היידי גראנדור 80 ג',,PL,טבלת היידי שוקולד מר,גרמים,80.00,100 גרם,false,1,9.90,12.38,true,1,
5941021016401,false,טבלת שוקולד מריר שקד היידי גראנדור 100 ג',,PL,טבלת היידי גראנדור מ,גרמים,100.00,100 גרם,false,1,10.40,10.40,true,1,
5941021022303,false,טבלת שוקולד היידי מריר עם דובדבן 80 גר,,RO,טבלת שוקולד היידי מר,גרמים,80.00,100 גרם,false,1,9.90,12.38,true,1,
5941021024215,false,טבלת שוקולד היידי מילקברי אוכמניות חלב80,,RO,טבלת שוקולד היידי מי,גרמים,80.00,100 גרם,false,1,10.40,13.00,true,1,
5941021024222,false,טבלת שוקולד היידי מילקברי חמוציות חלב80ג,,RO,טבלת שוקולד היידי מי,גרמים,80.00,100 גרם,false,1,10.40,13.00,true,1,
5941850163048,false,עוגה עם קפה נמס בטעם טירמיסו 300 גרם,,RO,עוגת טרמיסו אקאסה 30,גרמים,300.00,100 גרם,false,1,15.90,5.30,true,1,
5942219000059,false,מים מינרלים בורסק 1.5 ליטר,,,מים מינרלים בורסק,ליטרים,0.00,ליטר,false,1,9.90,9.90,true,1,
5997321770307,false,"ויט רצועות שעווה לעור רגיש, 12 יח'",,,רצועות שעווה ויט,Unknown,0.00,Unknown,false,1,41.90,41.90,true,1,
5998749108574,false,ויסקאס חטיף בקר 60 ג',,,ויסקס טמפביף 60 גר,גרמים,60.00,100 גרם,false,1,13.90,23.17,true,1,
6001108093769,false,ליקר אמרולה בטעם וניל 700 מל,,ZA,ליקר אמרולה בטעם וני,מיליליטרים,700.00,"100 מ""ל",false,1,88.90,12.70,true,1,
6001452283861,false,נידרברג קברנה מרלו 750 מל EDELROOD,,,נידרברג קברנה מרלו,Unknown,0.00,Unknown,false,1,57.90,57.90,true,1,
6001452325899,false,יין נידרברג שרדונה 750 מל,,,יין נידרברג שרדונה 7,Unknown,0.00,Unknown,false,1,57.90,57.90,true,1,
6001495062591,false,"ליקר אמרולה 750 מ""ל",,,ליקר אמרולה,מיליליטרים,750.00,"100 מ""ל",false,1,88.90,11.85,true,1,
6001496309541,false,פלר דה קאפ-קברנה סוביניון,,,פלר דה קאפ-קברנה סוב,Unknown,0.00,Unknown,false,1,67.90,67.90,true,1,
6003105003178,false,"ציר עוף מרוכז 200 מ""ל אינה פארמנס",,,"ציר עוף מרוכז 200 מ""",מיליליטרים,200.00,"100 מ""ל",false,1,36.50,18.25,true,1,
6003105003185,false,"ציר בקר מרוכז 200 מ""ל אינה פארמנס",,,"ציר בקר מרוכז 200 מ""",מיליליטרים,200.00,"100 מ""ל",false,1,36.50,18.25,true,1,
6003105003260,false,"ציר ירקות מרוכז 200 מ""ל אינה פארמנס",,,ציר ירקות מרוכז 200,מיליליטרים,200.00,"100 מ""ל",false,1,36.50,18.25,true,1,
6006507004798,false,"CAPE HERBS מטחנה מלח ים אטלנטי 360ג""ר",,,CAPE HERBS מטחנה מלח,גרמים,360.00,100 גרם,false,1,22.90,6.36,true,1,
6006507005016,false,טקסס סטייקי 100 גרם CAPE HERBS,,,טקסס סטייקי 100 גרם,גרמים,100.00,100 גרם,false,1,22.90,22.90,true,1,
6006507005023,false,קיגון לואיזיאנה 100 גרם CAPE HERBS,,,קיגון לואיזיאנה 100,גרמים,100.00,100 גרם,false,1,22.90,22.90,true,1,
6006507005887,false,"CAPE HERBS מטחנה מלח מתובל 240ג""ר",,,CAPE HERBS מטחנה מלח,גרמים,240.00,100 גרם,false,1,22.90,9.54,true,1,
6006507005924,false,"CAPE HERBS מטחנה מלח ופלפל 310ג""ר",,,CAPE HERBS מטחנה מלח,גרמים,310.00,100 גרם,false,1,22.90,7.39,true,1,
6006507007454,false,"CAPE HERBS לימון עשבי תיבול 100ג""ר(פח)",,,CAPE HERBS לימון עש,גרמים,100.00,100 גרם,false,1,23.90,23.90,true,1,
6006570000093,false,ציפוטלה 80 גרם CAPE HERBS,,,ציפוטלה 80 גרם CAPE,Unknown,0.00,Unknown,false,1,21.90,21.90,true,1,
6008165271192,false,פאל מאל אדום ארוך האוס חפיסה,אמריקן גרדן,,פאל מאל אדום ארוך הא,Unknown,0.00,Unknown,false,1,30.00,30.00,true,1,
6009645550738,false,FYNBOS רוטב פלפל צילי ושום חריף 130גר,,,FYNBOS רוטב פלפל ציל,גרמים,130.00,100 גרם,false,1,18.90,14.54,true,1,
6009645551902,false,FYNBOS רוטב פלפל ציפוטלה חריף 130 גר,,,FYNBOS רוטב פלפל ציפ,גרמים,130.00,100 גרם,false,1,18.90,14.54,true,1,
6009678813985,false,קייפ פודס מטחנת מלח הימלאיה ורוד 390 גרם,,ZA,קייפ פודס מטחנת מלח,גרמים,390.00,100 גרם,false,1,17.90,4.59,true,1,
6009900532745,false,"יין קייפ גואל מרלו ריזרב 750 מ""ל",קייפ ג'ואל,ZA,יין קייפ גואל מרלו ר,Unknown,0.00,Unknown,false,1,46.90,46.90,true,1,
6009900532783,false,"יין גואל קברנה סוביניון ריזרב 750 מ""ל",קייפ ג'ואל,ZA,יין קייפ גואל קברנה,Unknown,0.00,Unknown,false,1,46.90,46.90,true,1,
6111094000242,false,תומר קוסקוס דארי דק 500גר,דרי קוספט,MA,קוסקוס דארי דק 0.5 ק,גרמים,500.00,100 גרם,false,1,9.50,1.90,true,1,
6111094000259,false,קוסקוס דארי בינוני 500ג'18X,,MA,קוסקוס דארי בינוני 5,גרמים,500.00,100 גרם,false,1,9.50,1.90,true,1,
6111094000808,false,"קוסקוס דארי בינוני תומר 1 ק""ג + 10% תוספת",דרי קוספט,MA,קוסקוס דארי 1 קג + 1,קילוגרמים,0.00,"ק""ג",false,1,18.50,18.50,true,1,
6118000240501,false,סרדינים מרוקאים בשמן סויה וצילי 125 גרם,,,סרדינים מרוקאים בשמן,גרמים,125.00,100 גרם,false,1,4.90,3.92,true,1,
6253017300012,false,טחינה קראוון המקורית,אחדות ביחר לטחינה ח,IL,טחינה יונה כחולה 500,גרמים,500.00,100 גרם,false,1,17.70,3.54,true,1,
6408432052217,false,גבינה מותכת ויולה 200 גרם,,,גבינה מותכת ויולה 20,גרמים,200.00,100 גרם,false,1,24.90,12.45,true,1,
6411401072703,false,פייזר גיישה שוקו חלב קרם אגוזים 150 גרם,,FI,פייזר גיישה שוקולד ח,גרמים,150.00,100 גרם,false,1,26.50,17.67,true,1,
6416453435636,false,פייזר מריאנה שוקולד במילוי מנטה,,,פייזר מריאנה שוקולד,יחידה,1.00,יחידה,false,1,11.90,11.90,true,1,
6454054647546,false,בלונים 50 יח,,,בלונים 50 יח,Unknown,0.00,Unknown,false,1,17.90,17.90,true,1,
6901248894281,false,קמבלה ארנה 100 גר,,,קמבלה ארנה 100 גר,גרמים,100.00,100 גרם,false,1,17.50,17.50,true,1,
6910191800287,false,אצות נורי לסושי מזרח,ננטונג היידה אקווטוק,CN,אצות נורי בלו 10 דפי,Unknown,0.00,Unknown,false,1,12.90,12.90,true,1,
6912977000140,false,אטריות שעועית דקות 250 גרם,Yantai Yinsida Longk,CN,אטריות שעועית דקות 2,גרמים,250.00,100 גרם,false,1,8.80,3.52,true,1,
6920510504420,false,צעצוע ספיידרמן עם ממתק סוויט בוקס,,,צעצוע ספיידרמן עם ממ,גרמים,10.00,100 גרם,false,1,12.50,125.00,true,1,
6921052701001,false,אצות וואקמה 40 גרם ר,Qingdao Sun-growing,CN,אצות ווקאמה 40 גרם,גרמים,40.00,100 גרם,false,1,10.40,26.00,true,1,
6922276100083,false,מחית וואסבי - חזרת 43 גרם דליאן,Qingdao Sun-growing,CN,מחית וואסבי - חזרת 4,גרמים,43.00,100 גרם,false,1,10.00,23.26,true,1,
6928542902795,false,פרש דפי ריענון כחול,שאטו בלוו,CN,פרש דפי מנטה חזקה כח,Unknown,0.00,Unknown,false,1,8.90,8.90,true,1,
6928542902818,false,סטריפס בטעם תות 12 י,שאטו בלוו,CN,פרש דפי מנטה תות אדו,Unknown,0.00,Unknown,false,1,8.90,8.90,true,1,
6933960500089,false,קנפיו 100 גרם-רצועות דלעת לסושי,,,קנפיו 100 גרם-רצועות,גרמים,100.00,100 גרם,false,1,13.10,13.10,true,1,
6934731200078,false,אטריות טריות דקות 200 גרם,,CN,אטריות טריות דקות 20,גרמים,200.00,100 גרם,false,1,7.30,3.65,true,1,
6934731210138,false,אטריות טריות עבות 200 גרם,,CN,אטריות טריות עבות 20,גרמים,200.00,100 גרם,false,1,7.30,3.65,true,1,
6936745600783,false,חומץ אורז מיצוקאן 500 מל,Qingdao Sun-growing,CN,חומץ אורז מיצוקאן 50,מיליליטרים,500.00,"100 מ""ל",false,1,15.90,3.18,true,1,
6938417208853,false,דבק מהיר 2 בכרטיס קי,,,דבק מהיר 2 בכרטיס קי,Unknown,0.00,Unknown,false,1,7.90,7.90,true,1,
6941156100166,false,מחית סויה אדומה אקא מיסו 500 גרם,,,מחית סויה אדומה אקא,גרמים,500.00,100 גרם,false,1,19.80,3.96,true,1,
6944027000725,false,תה ירוק עם יסמין 100 גר,,CN,תה ירוק עם יסמין 100,גרמים,100.00,100 גרם,false,1,10.90,10.90,true,1,
6970533670510,false,מקרונס גל,,,מקרונס גל,Unknown,0.00,Unknown,false,1,24.90,24.90,true,1,
6974640730167,false,פטריות שיטאקי 100 גרם,,,פטריות שיטאקי 100 גר,גרמים,100.00,100 גרם,false,1,14.90,14.90,true,1,
7271730901261,false,ווקי מאק ארוחת אטריות עם גבינה 156 גרם,ניו וורלד פסטה קומפנ,US,פסטה עם גבינה הכנה מ,גרמים,156.00,100 גרם,false,1,10.90,6.99,true,1,
7290000000112,false,ברוקומיני,,,ברוקומיני,Unknown,0.00,Unknown,false,1,14.90,14.90,true,1,
7290000000157,false,ג ינג יר,,,גינגיר,Unknown,0.00,"ק""ג",true,0,24.90,24.90,true,1,
7290000000374,false,"פטריות שמפיניון בד""ץ (רביבים)",,IL,פטריות,Unknown,0.00,Unknown,false,1,11.90,11.90,true,1,
7290000000603,false,בצל ירוק,,,בצל ירוק,Unknown,0.00,Unknown,false,1,4.90,4.90,true,1,
7290000000608,false,חסה ערבית,,,חסה ערבית,Unknown,0.00,Unknown,false,1,3.90,3.90,true,1,
7290000000617,false,שורש -פטרוזילה,,,שורש -פטרוזילה,Unknown,0.00,Unknown,false,1,5.90,5.90,true,1,
7290000000632,false,שום,,,שום ברשת,Unknown,0.00,Unknown,false,1,6.90,6.90,true,1,
7290000000636,false,תירס ארוז,,,תירס ארוז,Unknown,0.00,"ק""ג",true,0,11.90,11.90,true,1,
7290000000641,false,אננס טרי,,,אננס טרי,Unknown,0.00,Unknown,false,1,39.90,39.90,true,1,
7290000000664,false,תות שדה,,,תות שדה,Unknown,0.00,Unknown,false,0,24.90,24.90,true,1,
7290000000669,false,חסה עגולה,,,חסה עגולה,Unknown,0.00,Unknown,false,1,6.90,6.90,true,1,
7290000000695,false,אספרגוס,,,אספרגוס,Unknown,0.00,Unknown,false,1,29.90,29.90,true,1,
7290000001104,false,פטריות חורש מיני ארוז 200 ג',,,פטריות פרטובלה,Unknown,0.00,Unknown,false,1,14.90,14.90,true,1,
7290000001164,false,חסה מסולסלת,,,חסה מסולסלת,Unknown,0.00,Unknown,false,1,9.90,9.90,true,1,
7290000002851,false,פק צואי,,,פק צואי,Unknown,0.00,Unknown,false,1,12.90,12.90,true,1,
7290000023007,false,"ברנדי שטוק 84 40% 750 מ""ל","יקבי ברקן בע""ם",IL,"ברנד שטוק 84 750 מ""",מיליליטרים,750.00,"100 מ""ל",false,1,79.90,10.65,true,1,
7290000023083,false,ערק אשקלון 40% בקבוק,"יקבי ברקן בע""מ",IL,ערק אשקלון 40% 700 מ,מיליליטרים,700.00,"100 מ""ל",false,1,49.90,7.13,true,1,
7290000023816,false,"יין ברקן קלאסיק אמרלד ריזלינג 750מ""ל",יקבי ברקן שיווק והפצ,IL,יין אמרלד ריזלינג קל,Unknown,0.00,Unknown,false,1,32.90,32.90,true,1,
7290000023823,false,יין סוביניון בלאן קלסיק 750 מל,יקבי ברקן שיווק והפצ,IL,יין סוביניון בלאן קל,Unknown,0.00,Unknown,false,1,32.90,32.90,true,1,
7290000023830,false,יין קלאסיק שיראז רוזה 750 מל,,,יין קלאסיק שיראז רוז,Unknown,0.00,Unknown,false,1,32.90,32.90,true,1,
7290000023847,false,יין שרדונה קלאסיק 750 מל,יקבי ברקן שיווק והפצ,IL,יין שרדונה קלאסיק 75,Unknown,0.00,Unknown,false,1,32.90,32.90,true,1,
7290000023977,false,"יין ברקן קלאסיק מרלו 750 מ""ל",יקבי ברקן שיווק והפצ,IL,יין קלאסיק מרלו 750,Unknown,0.00,Unknown,false,1,32.90,32.90,true,1,
7290000024202,false,"יין ברקן רזרב קברנה סובניון 750 מ""ל",ברקן שיווק והפצה בעמ,IL,יין קברנה סובניון 95,Unknown,0.00,Unknown,false,1,44.90,44.90,true,1,
7290000036144,false,קורנפלור גלעם 200 גרם,קרלו,IL,קורנפלור גלעם 200 גר,גרמים,200.00,100 גרם,false,1,5.20,2.60,true,1,
7290000036151,false,קורנפלור 500 גרם,,,קורנפלור 500 גרם,גרמים,500.00,100 גרם,false,1,9.10,1.82,true,1,
7290000040042,false,יוגורט תות %3 גביע 150 ג' יופלה,תנובה בעמ,IL,יופלה תות 3% 150 גרם,גרמים,150.00,100 גרם,false,1,5.20,3.47,true,1,
7290000040066,false,יוגורט דובדבן 3% שומן 150 ג' יופלה,תנובה בעמ,IL,יופלה דובדבן 3% 150,גרמים,150.00,100 גרם,false,1,5.20,3.47,true,1,
7290000040080,false,יוגורט אפרסק 3% שומן 150 ג' יופלה,תנובה בעמ,IL,יופלה אפרסק 3% 150 ג,גרמים,150.00,100 גרם,false,1,5.20,3.47,true,1,
7290000040301,false,"גבינת קולאז קממבר עין גדי 24%, 125 ג'",תנובה,IL,קולאז קממבר עין גדי,גרמים,125.00,100 גרם,false,1,18.50,14.80,true,1,
7290000040318,false,גבינת ברי 24% קולאז עדי תנובה 125 ג',תנובה,IL,קולאז ברי בחפיסה 125,גרמים,125.00,100 גרם,false,1,19.90,15.92,true,1,
7290000040462,false,גבינת טוסטי עמק אמריקאי אדם 23% 200 ג',"תנובה, מחלבת תל יוסף",IL,טוסטי עמק אמריקאי אד,גרמים,200.00,100 גרם,false,1,20.90,10.45,true,1,
7290000040974,false,חלב טרי דל לקטוז 1ל' תנובה,"תנובה, מחלבת רחובות",IL,חלב טרי דל לקטוז 1 ל,מיליליטרים,1000.00,"100 מ""ל",false,1,7.10,0.71,true,1,
7290000041858,false,"שמנת חמוצה 15% יטבתה 200 מ""ל מהדרין",שטראוס גרופ,IL,שמנת חמוצה 15% 200 מ,מיליליטרים,200.00,"100 מ""ל",false,1,2.40,1.20,true,1,
7290000042015,false,חלב טרי 3% תנובה שקית 1ל' מהדרין,תנובה,IL,"חלב בשקית 3% בד""צ 1",מיליליטרים,1000.00,"100 מ""ל",false,1,5.43,0.54,true,1,
7290000042404,false,חלב יוטבתה מועשר 3% שקית 1ל',מחלבת יטבתה,IL,חלב מועשר 1ל 3% בשקי,מיליליטרים,1000.00,"100 מ""ל",false,1,6.20,0.62,true,1,
7290000042435,false,חלב דל שומן בקרטון+פקק 1 ליטר 1%,תנובה מרכז שיתופי לש,IL,חלב דל שומן בקרטון,מיליליטרים,1000.00,"100 מ""ל",false,1,5.86,0.59,true,1,
7290000042640,false,"חלב תנובה עמיד 3% קרטון 250 מ""ל",תנובה מרכז שיתופי לש,IL,"חלב עמיד 3% 250 מ""ל",מיליליטרים,250.00,"100 מ""ל",false,1,3.10,1.24,true,1,
7290000042855,false,יוטבתה שוקו שקית 225מל,שטראוס גרופ,IL,"שוקו שקית 225 מ""ל",מיליליטרים,225.00,"100 מ""ל",false,1,2.70,1.20,true,1,
7290000043814,false,"שמנת מתוקה להקצפה 38% 250 מ""ל תנובה",תנובה מרכז שיתופי לש,IL,שמנת עמידה להקצפה 38,גרמים,250.00,100 גרם,false,1,6.47,2.59,true,1,
7290000043890,false,רוויון קרטון 1 ליטר %1.5,תנובה מרכז שיתופי לש,IL,רויון 1.5% 1 ליטר,מיליליטרים,1000.00,"100 מ""ל",false,1,11.90,1.19,true,1,
7290000043944,false,כד יוגורט תנובה 4% שומן 1.5 ליטר,מיוצר עי קונדיטוריית,IL,יוגורט 4% 1.5 ליטר,ליטרים,0.00,ליטר,false,1,17.50,17.50,true,1,
7290000044248,false,"רויון קרטון 1.5% שומן 500 מ""ל תנובה",תנובה,IL,"שלי רוויון 500 מ""ל",גרמים,500.00,100 גרם,false,1,6.90,1.38,true,1,
7290000045573,false,גבינת מותכת משולשים 25% שומן 200 ג' נעמה,תנובה,IL,גבינה מותכת נעמה 200,גרמים,200.00,100 גרם,false,1,16.90,8.45,true,1,
7290000045580,false,"גבינת מותכת נעמה חורש 25%, 240 ג'",תנובה מרכז שיתופי לש,IL,גבינה מותכת חורש 240,גרמים,240.00,100 גרם,false,1,17.50,7.29,true,1,
7290000046327,false,"גבינת גלבוע פרוס 22%, 200 ג' תנובה",תנובה מרכז שיתופי לש,IL,גבינת גלבוע פרוס 200,גרמים,200.00,100 גרם,false,1,13.00,6.50,true,1,
7290000047546,false,כנען גבינה לבנה 5% 500 גרם ללא מלח,תנובה,IL,גבינת כנען 5% 500 גר,גרמים,500.00,100 גרם,false,1,24.90,4.98,true,1,
7290000047942,false,גבינה לבנה 5% 250 גר בדצ,,,גבינה לבנה 5% 250 גר,גרמים,250.00,100 גרם,false,1,4.98,1.99,true,1,
7290000048185,false,גבינה לבנה 5% שומן 250 ג' תנובה,מיוצר עי קונדיטוריית,IL,גבינה לבנה 5% 250 גר,גרמים,250.00,100 גרם,false,1,4.98,1.99,true,1,
7290000048307,false,גבינת קוטג 5% עם זיתים 250ירוקים גרם,מיוצר עי קונדיטוריית,IL,גבינת קוטג 5%,גרמים,250.00,100 גרם,false,1,5.70,2.28,true,1,
7290000048413,false,גבינה חמד %16 שקית 250 ג' פיראוס,תנובה מרכז שיתופי לש,IL,גבינה חמד פיראוס 250,גרמים,250.00,100 גרם,false,1,18.90,7.56,true,1,
7290000048437,false,גבינה צפתית 5% 200 ג' פיראוס,פארייפאבה אגרואינדוס,IL,צפתית פיראוס 5% 200,גרמים,200.00,100 גרם,false,1,15.90,7.95,true,1,
7290000050447,false,יוגורט תות 500 ג' יופלה,מיוצר עי קונדיטוריית,IL,יופלה תות 3% 500גר,גרמים,500.00,100 גרם,false,1,14.90,2.98,true,1,
7290000050454,false,יוגורט אפרסק 500 ג' יופלה,מיוצר עי קונדיטוריית,IL,יופלה אפרסק 3% 500 ג,גרמים,500.00,100 גרם,false,1,14.90,2.98,true,1,
7290000051352,false,חלב מלא בטעם של פעם 3.4% תנובה קרטון 1 ל',תנובה מרכז שיתופי לש,IL,חלב של פעם 3.5% 1 ל,מיליליטרים,1000.00,"100 מ""ל",false,1,7.90,0.79,true,1,
7290000051376,false,יופלה דיאט אננס ספורטיבי 0% 150גר,תנובה בעמ,IL,יופלה דיאט אננס ספור,גרמים,150.00,100 גרם,false,1,5.20,3.47,true,1,
7290000051710,false,לאבנה 9% עם שמן זית וזעתר 263 ג' פיראוס,"תנובה, מחלבת אלון תב",IL,פיראוס לאבנה עם שמן,גרמים,260.00,100 גרם,false,1,14.90,5.73,true,1,
7290000052311,false,עמק פרוס בקופסא 200 גר 15% שומן,תנובה,IL,עמק פרוס בקופסא 200,גרמים,200.00,100 גרם,false,1,16.90,8.45,true,1,
7290000052649,false,גבינת לאבנה 5% שומן 500 ג' פיראוס,פ.פ.ח. שאביט,IL,פיראוס לאבנה גביע 50,גרמים,500.00,100 גרם,false,1,20.90,4.18,true,1,
7290000052717,false,קוטג' 5%עם שום שמיר 250 ג' תנובה,מיוצר עי קונדיטוריית,IL,קוטג 5% עם שום שמיר,גרמים,250.00,100 גרם,false,1,6.30,2.52,true,1,
7290000055015,false,גבינת פיראוס פטה כבשים 5% 250 ג' פיראוס,תנובה מחלבת טנא נוגה,IL,פיראוס פטה כבשים 5%,גרמים,250.00,100 גרם,false,1,26.90,10.76,true,1,
7290000055329,false,משקה יוגורט יופלה בטעם תות-מלון 250 גר,תנובה בעמ,IL,משקה יוגורט יופלה בט,גרמים,250.00,100 גרם,false,1,5.90,2.36,true,1,
7290000055336,false,משקה יוגורט יופלה בטעם בננה אפרסק 250 גר,תנובה בעמ,IL,משקה יוגורט יופלה בט,גרמים,250.00,100 גרם,false,1,5.90,2.36,true,1,
7290000055343,false,משקה יוגורט יופלה בטעם טרופי 250 גר,תנובה בעמ,IL,משקה יוגורט יופלה בט,גרמים,250.00,100 גרם,false,1,5.90,2.36,true,1,
7290000055350,false,גבינה צהובה חריץ עמק 28% במשקל,תנובה מרכז שיתופי לש,,גבינה צהובה עמק 28%,Unknown,0.00,"ק""ג",true,0,44.79,44.79,true,1,
7290000055893,false,חמאה משמנת מפוסטרת 200ג' כ.מהדרין,תנובה,IL,חמאה מהדרין 200 גר,גרמים,200.00,100 גרם,false,1,8.70,4.35,true,1,
7290000056272,false,גבינה לבנה 5% עם זיתים ירוקים 250 ג' תנובה,מחלבת אלון תבור,IL,גבינה לבנה עם זיתים,גרמים,250.00,100 גרם,false,1,6.50,2.60,true,1,
7290000056845,false,חלב טרי 3% הומוגני קרטון 1.5 ל' תנובה,פארייפאבה אגרואינדוס,IL,חלב קרטון 3% תנובה,ליטרים,0.00,ליטר,false,1,9.34,9.34,true,1,
7290000056890,false,דיאט יופלה שמינייה טעמים שונים,מיוצר עי קונדיטוריית,IL,שמיניית יופלה 0% 150,קילוגרמים,0.00,"ק""ג",false,1,31.30,31.30,true,1,
7290000056906,false,מאגדת לבן טבעי 1.5% שומן 8 יח' * 150 ג' יופלה,מחלבת אלון תבור,IL,שמיניית יופלה לבן,גרמים,1200.00,100 גרם,false,1,20.50,1.71,true,1,
7290000056951,false,שמנת לבישול 15% 500 מל עמיד השף הלבן,תנובה,IL,שמנת 15% באריזה עם פ,מיליליטרים,500.00,"100 מ""ל",false,1,16.20,3.24,true,1,
7290000057088,false,עמק פרוס דק דק 200 גרם 28%,פ.פ.ח. שאביט,IL,עמק דק 200 גרם,גרמים,200.00,100 גרם,false,1,17.90,8.95,true,1,
7290000057132,false,יוגורט תנובה טבעי 1.5% גביע 200 גרם,מחלבת אלון תבור,IL,יוגורט 1.5% 200 גרם,גרמים,200.00,100 גרם,false,1,3.10,1.55,true,1,
7290000057149,false,יוגורט תנובה טבעי 3% גביע 200 גרם,מיוצר עי קונדיטוריית,IL,יוגורט תנובה 3% 200,גרמים,200.00,100 גרם,false,1,3.20,1.60,true,1,
7290000058030,false,"יופלה שטוזים משקה יוגורט תות 8 יח' * 100 מ""ל",מיוצר עי קונדיטוריית,IL,משקה יופלה שטוזים,מיליליטרים,800.00,"100 מ""ל",false,1,21.90,2.74,true,1,
7290000058047,false,"שמנת להקצפה 38% שומן 500 מ""ל תנובה",תנובה,IL,שמנת 38% עם פקק 500,מיליליטרים,500.00,"100 מ""ל",false,1,12.94,2.59,true,1,
7290000058580,false,קוקילידה וניל ועוגיות שוקולד נסטלה 83ג',נגה גלידות (גלידות נ,IL,קוקילידה וניל,Unknown,0.00,Unknown,false,1,10.00,10.00,true,1,
7290000060071,false,אוסם - חטיפי פריכונים מאורז מלא קלוי 80גר,"מיוצר ע""י PT, משווק",IL,פריכונים טבעי 80 גר,גרמים,80.00,100 גרם,false,1,7.50,9.38,true,1,
7290000060088,false,בייגלה מקלות מלוחים 400 ג' אסם,מיוצר עי קונדיטוריית,IL,בייגלה מקלות מלוחים,גרמים,400.00,100 גרם,false,1,9.90,2.48,true,1,
7290000060156,false,אטריות ביצים דקות 200 ג' אסם,"אסם השקעות בע""מ",IL,אטריות ביצים דקות 20,גרמים,200.00,100 גרם,false,1,6.90,3.45,true,1,
7290000060200,false,אוסם - פתיתים אפויים קוסקוס 500 גרם,"אסם השקעות בע""מ",IL,פתיתים אפויים קוסקוס,גרמים,500.00,100 גרם,false,1,6.90,1.38,true,1,
7290000060248,false,פסטה אסם פתיתים תלתלים 500 גר',פסטה זארה,IL,פסטה תלתלים (61) 500,גרמים,500.00,100 גרם,false,1,5.90,1.18,true,1,
7290000060330,false,פסטה ספירלי פרפקטו 500 ג' אסם,פסטה זארה,IL,פסטה פרפקטו ספירלי 5,גרמים,500.00,100 גרם,false,1,7.90,1.58,true,1,
7290000060385,false,פודינג וניל אינסטנט מארז רביעיה * 80 ג',,,פודינג אינסטנט טעם ו,גרמים,320.00,100 גרם,false,1,22.90,7.16,true,1,
7290000060408,false,פתיתים אפויים טבעות 500 ג' אסם,"אסם השקעות בע""מ",IL,פתיתים אפויים טבעות,גרמים,500.00,100 גרם,false,1,6.90,1.38,true,1,
7290000060415,false,פסטה פרפקטו לזאניה אסם 500ג',פסטה לנסי,IL,פרפקטו לזניה 500 גרם,גרמים,500.00,100 גרם,false,1,14.40,2.88,true,1,
7290000060576,false,פתיתים אפויים כוכבים 500 ג' אסם,"אסם השקעות בע""מ",IL,פתיתים אפויים כוכבים,גרמים,500.00,100 גרם,false,1,6.90,1.38,true,1,
7290000060781,false,פסטה מסולסלים (57) 500 גרם,פסטה זארה,IT,פסטה מסולסלים (57) 5,גרמים,500.00,100 גרם,false,1,5.90,1.18,true,1,
7290000060828,false,פסטה קרניים בינוניות (55) 500 גרם,פסטה זארה,IT,פסטה קרניים בינוניות,גרמים,500.00,100 גרם,false,1,5.90,1.18,true,1,
7290000060880,false,פסטה מס' 8 ספגטי אסם 500ג',פסטה זארה,IT,ספגטי (3) 500 גרם,גרמים,500.00,100 גרם,false,1,5.90,1.18,true,1,
7290000060903,false,אוסם - פתיתים אפויים אורז 500 גרם,"אסם השקעות בע""מ",IL,פתיתים אפויים אורז 5,גרמים,500.00,100 גרם,false,1,6.90,1.38,true,1,
7290000060965,false,אטריות רחבות 400 ג' אסם,"אסם השקעות בע""מ",IL,אטריות רחבות 400 גר,גרמים,400.00,100 גרם,false,1,6.90,1.73,true,1,
7290000061061,false,אסם קרקר בצל 250גרם,"אסם השקעות בע""מ",IL,קרקר בצל 250 גרם,גרמים,250.00,100 גרם,false,1,9.90,3.96,true,1,
7290000061108,false,"רוטב טריאקי 290 מ""ל-בקבוק","אסם השקעות בע""מ",IL,"רוטב טריאקי 290 מ""ל-",מיליליטרים,290.00,"100 מ""ל",false,1,13.50,4.66,true,1,
7290000061764,false,נסקפה רד מאג טעם חדש 200ג',נסטלה ספרד,ES,נס קפה רד מאג 200 גר,גרמים,200.00,100 גרם,false,1,21.90,10.95,true,1,
7290000062952,false,אוסם - מיני קרוטונים למרק ולסלט 250 גרם,עינת תעשיות,IL,מיני קרוטונים למרק ו,גרמים,250.00,100 גרם,false,1,13.90,5.56,true,1,
7290000063102,false,קמח עוגה אסם תופח מאליו 350ג',"אסם השקעות בע""מ",IL,קמח עוגה תופח מאליו,גרמים,350.00,100 גרם,false,1,4.90,1.40,true,1,
7290000063133,false,אסם שקדי מרק רכיבים טבעיים 24*100גרם,"אסם השקעות בע""מ",IL,שקדי מרק 100 גרם -טב,גרמים,100.00,100 גרם,false,1,6.40,6.40,true,1,
7290000063157,false,"קמח עוגה תופח מאליו 1 ק""ג","אסם השקעות בע""מ",IL,קמח עוגה תופח מאליו,גרמים,1000.00,100 גרם,false,1,8.90,0.89,true,1,
7290000064871,false,"אוסם - מנה חמה פירה תפו""א עם בצל 56 גרם","אסם השקעות בע""מ",IL,"מנה חמה פירה תפו""א ו",גרמים,56.00,100 גרם,false,1,8.30,14.82,true,1,
7290000065540,false,אוסם - מנה חמה פסטה מוקרמת בטעם עוף 55 גרם,"אסם השקעות בע""מ",IL,מנה חמה פסטה מוקרמת,גרמים,55.00,100 גרם,false,1,8.30,15.09,true,1,
7290000066141,false,ביסלי בטעם גריל 70 גרם,"אסם השקעות בע""מ",IL,ביסלי בטעם גריל 70 ג,גרמים,70.00,100 גרם,false,1,4.40,6.29,true,1,
7290000066172,false,ביסלי בטעם פיצה 70 גרם,"אסם השקעות בע""מ",IL,ביסלי בטעם פיצה 70 ג,גרמים,70.00,100 גרם,false,1,4.40,6.29,true,1,
7290000066189,false,ביסלי גדול בטעם פלאפל 200 ג' אסם,"אסם השקעות בע""מ",IL,ביסלי בטעם פלאפל 200,גרמים,200.00,100 גרם,false,1,7.50,3.75,true,1,
7290000066196,false,ביסלי גדול בטעם גריל 200 ג' אסם,מיוצר עי קונדיטוריית,IL,ביסלי בטעם גריל 200,גרמים,200.00,100 גרם,false,1,7.50,3.75,true,1,
7290000066226,false,ביסלי בטעם פיצה 200 ג' אסם,מיוצר עי קונדיטוריית,IL,ביסלי בטעם פיצה 200,גרמים,200.00,100 גרם,false,1,7.50,3.75,true,1,
7290000066295,false,אסם במבה תות מחומרים טבעיים 30גר,מיוצר עי קונדיטוריית,IL,במבה תות מחומרים טבע,גרמים,30.00,100 גרם,false,1,3.40,11.33,true,1,
7290000066318,false,במבה קלאסי 80 גרם,"אסם השקעות בע""מ",IL,במבה 80 גרם,גרמים,80.00,100 גרם,false,1,4.30,5.38,true,1,
7290000066332,false,אפרופו חטיף אסם 50ג',מיוצר עי קונדיטוריית,IL,חטיף אפרופו 50 גרם,גרמים,50.00,100 גרם,false,1,5.00,10.00,true,1,
7290000066349,false,אפרופו גדול אסם 100ג',מיוצר עי קונדיטוריית,IL,חטיף אפרופו 100 גרם,גרמים,100.00,100 גרם,false,1,8.90,8.90,true,1,
7290000066431,false,פופקו חטיף תירס בטעם חמאה ודבש 80 גרם,מיוצר עי קונדיטוריית,IL,פופקו חטיף תירס בטעם,גרמים,80.00,100 גרם,false,1,5.40,6.75,true,1,
7290000067407,false,פרורית מתובלת בשקית 200 גרם,עינת תעשיות,IL,פרורית מתובלת בשקית,גרמים,200.00,100 גרם,false,1,6.40,3.20,true,1,
7290000067544,false,פירורית זהב 200 ג' אוסם,עינת תעשיות,IL,פירורית זהב 200 גרם,גרמים,200.00,100 גרם,false,1,6.40,3.20,true,1,
7290000067599,false,אוסם - מנה חמה ספגטי רוטב בולנז 65 גרם,"אסם השקעות בע""מ",IL,מנה חמה ספגטי בולונז,גרמים,65.00,100 גרם,false,1,8.30,12.77,true,1,
7290000068138,false,פודינג אינסטנט וניל 80 ג' אסם,מיוצר עי קונדיטוריית,IL,פודינג אינסטנט בטעם,גרמים,80.00,100 גרם,false,1,5.50,6.88,true,1,
7290000068237,false,ג'לי פטל צבע טבעי 85ג' אסם,מיוצר עי קונדיטוריית,IL,גלי בזק בטעם פטל צמח,גרמים,85.00,100 גרם,false,1,7.90,9.29,true,1,
7290000068343,false,אוסם - פירכונים מאורז מלא 140 גרם,"מיוצר ע""י PT, משווק",IL,פריכונים מאורז מלא 1,גרמים,140.00,100 גרם,false,1,7.90,5.64,true,1,
7290000068701,false,שקדי מרק רכיבים טבעיים 400 גרם-מיכל,"אסם השקעות בע""מ",IL,שקדי מרק רכיבים טבעי,גרמים,400.00,100 גרם,false,1,16.30,4.08,true,1,
7290000068770,false,במבה יום הולדת 80 גרם,"אסם השקעות בע""מ",IL,במבה יום הולדת 80 גר,גרמים,80.00,100 גרם,false,1,4.30,5.38,true,1,
7290000068787,false,במבה יום הולדת 25 גרם,מיוצר עי קונדיטוריית,IL,במבה יום הולדת 25 גר,גרמים,25.00,100 גרם,false,1,2.20,8.80,true,1,
7290000069364,false,פריכונים עגולים אורז דל נתרן אסם 140 גרם,"מיוצר ע""י PT, משווק",IL,פריכונים מאורז מלא ל,גרמים,140.00,100 גרם,false,1,7.90,5.64,true,1,
7290000069609,false,חטיפי קרקר זעתר 300 גרם,,,חטיפי קרקר זעתר 300,גרמים,300.00,100 גרם,false,1,13.50,4.50,true,1,
7290000069715,false,אוסם - חטיפי קרקר מלוח 300 גרם,,,חטיפי קרקר מלוח 300,גרמים,300.00,100 גרם,false,1,13.50,4.50,true,1,
7290000069739,false,אוסם - חטיפי קרקר שומשום 300 גרם,מיוצר עי קונדיטוריית,IL,חטיפי קרקר שומשום 30,גרמים,300.00,100 גרם,false,1,13.50,4.50,true,1,
7290000070308,false,אבקת מרק עוף אמיתי 400 גרם-מיכל,"אסם השקעות בע""מ",IL,אבקת מרק עוף אמיתי,גרמים,400.00,100 גרם,false,1,16.90,4.23,true,1,
7290000070353,false,אבקת מרק בצל רכיבים טבעיים 400 ג' אסם,"אסם השקעות בע""מ",IL,אבקת מרק בצל 400 גרם,גרמים,400.00,100 גרם,false,1,27.50,6.88,true,1,
7290000072623,false,קטשופ אסם בקבוק לחיץ 750 גרם,"אסם השקעות בע""מ",IL,קטשופ אסם בקבוק לחיץ,גרמים,750.00,100 גרם,false,1,10.90,1.45,true,1,
7290000072630,false,קטשופ אסם חריף 750 גרם-בקבוק,"אסם השקעות בע""מ",IL,קטשופ אסם חריף 750 ג,גרמים,750.00,100 גרם,false,1,10.90,1.45,true,1,
7290000072753,false,קפה טייסטר צ'ויס קפה מגורען 200ג',לוטה נסטלה קוריאה,IL,נסקפה טייסטרס צויס,גרמים,200.00,100 גרם,false,1,29.80,14.90,true,1,
7290000072777,false,קפה טייסטר צ'ויס מגור' נ.קפאין 200ג',לוטה נסטלה קוריאה,IL,נסקפה טייסטרס צויס,גרמים,200.00,100 גרם,false,1,38.90,19.45,true,1,
7290000072968,false,דגנים סיני מיניס מלחמת הכוכבים 500 גרם,סי. פי. פולין,PL,דגנים סיני מיניס מלח,גרמים,375.00,100 גרם,false,1,24.60,6.56,true,1,
7290000073125,false,אוסם - מנה חמה פסטה עם עגבניות 62 גרם,"אסם השקעות בע""מ",IL,מנה חמה פסטה עם עגבנ,גרמים,62.00,100 גרם,false,1,8.30,13.39,true,1,
7290000073415,false,אוסם - מנה חמה פסטה ברוטב פיצה 61 גרם,"אסם השקעות בע""מ",IL,מנה חמה פסטה ברוטב פ,גרמים,61.00,100 גרם,false,1,8.30,13.61,true,1,
7290000073750,false,מנה חמה נודלס אטר+ירקות טעם עוף 70 גרם,,,מנה חמה נודלס אטר+יר,גרמים,70.00,100 גרם,false,1,5.90,8.43,true,1,
7290000073767,false,מנה חמה נודלס אטר.+ירקות טעם בקר 70 גרם,,,מנה חמה נודלס אטר.+י,גרמים,70.00,100 גרם,false,1,5.90,8.43,true,1,
7290000073774,false,מנה חמה נודלס אטר+ירקות טעם צילי 70 גרם,,,מנה חמה נודלס אטר+יר,גרמים,70.00,100 גרם,false,1,5.90,8.43,true,1,
7290000074153,false,ביסקוויט פתיבר שוקו,מיוצר עי קונדיטוריית,IL,פתי בר שוקו 500 גרם,גרמים,500.00,100 גרם,false,1,13.90,2.78,true,1,
7290000074184,false,אוסם - פתי בר בינוני 500 גרם,"אסם השקעות בע""מ",IL,פתי בר וניל 500 גרם,גרמים,500.00,100 גרם,false,1,10.90,2.18,true,1,
7290000074245,false,אוסם - קרם קרקר אסם 250 גרם,"אסם השקעות בע""מ",IL,קרם קרקר 250 גרם,גרמים,250.00,100 גרם,false,1,9.80,3.92,true,1,
7290000074252,false,אסם קרקר שומשום 250 גרם,"אסם השקעות בע""מ",IL,קרקר שומשום 250 גרם,גרמים,250.00,100 גרם,false,1,9.90,3.96,true,1,
7290000074276,false,קרקר פיקנטי טבעון 250 ג' אסם,"אסם השקעות בע""מ",IL,קרקר קלאסי 250 גרם א,גרמים,250.00,100 גרם,false,1,9.90,3.96,true,1,
7290000074375,false,אוסם - קרקר זהב 150 גרם,"אסם השקעות בע""מ",IL,קרקר זהב 150 גרם,גרמים,150.00,100 גרם,false,1,7.50,5.00,true,1,
7290000074481,false,לחמית אגוזים אסם 160 ג',"אסם השקעות בע""מ",IL,לחמית כפרית 190 גרם,גרמים,160.00,100 גרם,false,1,9.90,6.19,true,1,
7290000074764,false,קרקר זהב אסם 900 גרם,,,קרקר זהב 900 גרם,גרמים,900.00,100 גרם,false,1,37.50,4.17,true,1,
7290000075204,false,אוסם - לחמית חיטה מלאה 250 גרם,"אסם השקעות בע""מ",IL,לחמית חיטה מלאה 250,גרמים,250.00,100 גרם,false,1,10.40,4.16,true,1,
7290000076133,false,בייגלה שמיניות קטנות 400 גרם אסם,"אסם השקעות בע""מ",IL,בייגלה שמיניות קטנות,גרמים,400.00,100 גרם,false,1,9.90,2.48,true,1,
7290000077253,false,אוסם - לחמית כפרית עם דגנים מלאים 190 גרם,"אסם השקעות בע""מ",IL,לחמית כפרית 190 גרם,גרמים,190.00,100 גרם,false,1,9.90,5.21,true,1,
7290000078212,false,קרוטונים מתובלים 250 ג' אסם,עינת תעשיות,IL,קרוטונים מתובלים 250,גרמים,250.00,100 גרם,false,1,13.90,5.56,true,1,
7290000078762,false,אוסם - חטיפי פריכונים מאורז מלא בטעם דבש 80גר,סנורייס בלגיום אן. ו,IL,פריכונים מאורז מלא ב,גרמים,80.00,100 גרם,false,1,7.50,9.38,true,1,
7290000079233,false,קרם קרקר דיאטטי דל נתרן 250 גרם,,IL,קרם קרקר דיאטטי דל נ,גרמים,250.00,100 גרם,false,1,12.50,5.00,true,1,
7290000080765,false,טוסטעים פת קלויה עם שומשום 100 ג' אוסם,ון דר מולן האלום,NL,טוסטעים פת קלויה שומ,גרמים,100.00,100 גרם,false,1,10.50,10.50,true,1,
7290000081663,false,בייגלה טבעות עם שומשום 300 גרם,מיוצר עי קונדיטוריית,IL,בייגלה טבעות עם שומש,גרמים,300.00,100 גרם,false,1,9.90,3.30,true,1,
7290000100128,false,פירות קפואים תות סנפרוסט 300 ג',סנפרוסט בעמ,IL,תות קפוא סנפרוסט 300,גרמים,300.00,100 גרם,false,1,17.90,5.97,true,1,
7290000100135,false,פירות קפואים סנפרוסט דובדבן 300 גר,סנפרוסט בעמ,IL,פירות קפואים דובדבן,גרמים,300.00,100 גרם,false,1,17.90,5.97,true,1,
7290000100296,false,סמודיז תות בננה סנפרוסט 300 גר,"סנפרוסט בע""מ",IL,סמודיז תות בננה סנפר,גרמים,300.00,100 גרם,false,1,18.90,6.30,true,1,
7290000101927,false,אוכמניות כחולות מוקפאות סנפרוסט 300 גרם,"איי, בי, אינבוו",IL,אוכמניות כחולות מוקפ,גרמים,300.00,100 גרם,false,1,17.90,5.97,true,1,
7290000101941,false,אננס חתוך מוקפא סנפרוסט 300ג',"סנפרוסט בע""מ",IL,אננס מוקפא סנפרוסט,גרמים,300.00,100 גרם,false,1,17.90,5.97,true,1,
7290000101958,false,מנגו חתוך מוקפא סנפרוסט 300ג',"סנפרוסט בע""מ",IL,מנגו מוקפא סנפרוסט,גרמים,300.00,100 גרם,false,1,17.90,5.97,true,1,
7290000103365,false,מרק ירקות 550 ג' סנפרוסט,"איי, בי, אינבוו",IL,מרק ירקות 560 גרם,גרמים,560.00,100 גרם,false,1,19.80,3.54,true,1,
7290000103457,false,מיני כרובית סנפרוסט 600 גר,"סנפרוסט בע""מ",IL,מיני כרובית סנפרוסט,גרמים,600.00,100 גרם,false,1,18.80,3.13,true,1,
7290000103730,false,לקט להקפצה עם פסטה פוזילי סנפרוסט 800 גרם,"איי, בי, אינבוו",IL,לקט להקפצה עם פסטה פ,גרמים,800.00,100 גרם,false,1,25.90,3.24,true,1,
7290000103815,false,לקט להקפצה תאילנדי סנפרוסט 800 ג',"סנפרוסט בע""מ",IL,לקט להקפצה בסגנון תא,גרמים,800.00,100 גרם,false,1,24.90,3.11,true,1,
7290000103846,false,מרק אפונה 570 ג' סנפרוסט,"סנפרוסט בע""מ",IL,מרק אפונה 572 גרם,גרמים,572.00,100 גרם,false,1,19.80,3.46,true,1,
7290000103860,false,מרק עדשים קפוא 570 ג' סנפרוסט,"איי, בי, אינבוו",IL,מרק עדשים 572 גרם,גרמים,572.00,100 גרם,false,1,19.80,3.46,true,1,
7290000103877,false,מרק שעועית קפוא 640 ג' סנפרוסט,"סנפרוסט בע""מ",IL,מרק שעועית 644 גרם,גרמים,644.00,100 גרם,false,1,19.80,3.07,true,1,
7290000104072,false,עדשים ירוקות מבושלות מוקפאות 800 ג' סנפרוסט,"איי, בי, אינבוו",IL,עדשים ירוקים מבושלים,גרמים,800.00,100 גרם,false,1,22.90,2.86,true,1,
7290000104201,false,אפונה עדינה 600 גר סנפרוסט,"איי, בי, אינבוו",IL,אפונה עדינה 600 גר,גרמים,600.00,100 גרם,false,1,17.90,2.98,true,1,
7290000104218,false,במיה 600 גר סנפרוסט,"איי, בי, אינבוו",IL,במיה 600 גר סנפרוסט,גרמים,600.00,100 גרם,false,1,19.80,3.30,true,1,
7290000104676,false,אפונה קפואה סנפרוסט 800 גרם,"איי, בי, אינבוו",IL,אפונת גינה 800 גרם,גרמים,800.00,100 גרם,false,1,17.90,2.24,true,1,
7290000104683,false,שעועית ירוקה שלמה 800 גר סנפרוסט,"סנפרוסט בע""מ",IL,שעועית ירוקה שלמה,גרמים,800.00,100 גרם,false,1,19.90,2.49,true,1,
7290000104690,false,תירס גרעינים 800 גרם סנפרוסט,"איי, בי, אינבוו",IL,תירס גרעינים 800 גרם,גרמים,800.00,100 גרם,false,1,17.90,2.24,true,1,
7290000104706,false,גזר גמדי 800 גרם סנפרוסט,"סנפרוסט בע""מ",IL,גזר גמדי 800 גרם,גרמים,800.00,100 גרם,false,1,19.80,2.48,true,1,
7290000104713,false,פול ירוק 800 גר סנפרוסט,"איי, בי, אינבוו",IL,פול ירוק 800 גר סנפר,גרמים,800.00,100 גרם,false,1,27.90,3.49,true,1,
7290000104720,false,שעועית ירוקה חתוכה 800גר סנפרוסט,"סנפרוסט בע""מ",IL,שעועית ירוקה חתוכה 8,גרמים,800.00,100 גרם,false,1,18.70,2.34,true,1,
7290000104751,false,כרוב ניצנים 800גר סנפרוסט,"איי, בי, אינבוו",IL,כרוב ניצנים 800 גר,גרמים,800.00,100 גרם,false,1,24.90,3.11,true,1,
7290000104768,false,תרד עלים סנפרוסט 800 ג ',"איי, בי, אינבוו",IL,תרד עלים 800גר סנפרו,גרמים,800.00,100 גרם,false,1,25.60,3.20,true,1,
7290000104775,false,מדליוני תרד 800 גר סנפרוסט,"איי, בי, אינבוו",IL,מדליוני תרד סנפרוסט,גרמים,800.00,100 גרם,false,1,28.90,3.61,true,1,
7290000104799,false,שעועית לבנה מבושלת סנפרוסט 800גר,"איי, בי, אינבוו",IL,שעועית לבנה 800 גרם,גרמים,800.00,100 גרם,false,1,19.70,2.46,true,1,
7290000104805,false,גרגירי חומוס קפוא 800 ג' סנפרוסט,"איי, בי, אינבוו",IL,חומוס קפוא סנפרוסט,גרמים,800.00,100 גרם,false,1,19.70,2.46,true,1,
7290000104836,false,שעועית עדינה שלמה 600 גר סנפרוסט,"סנפרוסט בע""מ",IL,שעועית עדינה שלמה 60,גרמים,600.00,100 גרם,false,1,21.90,3.65,true,1,
7290000106526,false,חגיגה ירוקה להקפצה סנפרוסט 800 גר,"איי, בי, אינבוו",IL,חגיגה ירוקה להקפצה ס,גרמים,800.00,100 גרם,false,1,24.90,3.11,true,1,
7290000107165,false,פולי סויה אדממה סנפרוסט 400 ג',"איי, בי, אינבוו",IL,חטיף סויה סנפרוסט,גרמים,400.00,100 גרם,false,1,14.60,3.65,true,1,
7290000107189,false,תחתיות ארטישוק 400 גרם סנפרוסט,"איי, בי, אינבוו",IL,תחתיות ארטישוק 400 ג,גרמים,400.00,100 גרם,false,1,21.90,5.48,true,1,
7290000107295,false,תפרחות ברוקולי סנפרוסט 800 ג',"איי, בי, אינבוו",IL,ברוקולי 800 גרם סנפר,גרמים,800.00,100 גרם,false,1,24.90,3.11,true,1,
7290000110851,false,"כיפלי בצל בד""צ תלמה 70 ג'",אתר שפע - Food,IL,"כפלי בצל בד""צ 70 גרם",גרמים,70.00,100 גרם,false,1,5.90,8.43,true,1,
7290000111000,false,שתיה קרה בודד,,,שתיה קרה בודד,Unknown,0.00,Unknown,false,1,1.00,1.00,true,1,
7290000111063,false,מיונז אמיתי תלמה 250 ג',יוניליוור ישראל מזון,IL,מיונז תלמה 250 גרם,גרמים,250.00,100 גרם,false,1,7.60,3.04,true,1,
7290000111117,false,מרכך כביסה לבן 4 ל' בדין,יוניליור ישראל טיפוח,IL,בדין לבן 4 ליטר -לבן,ליטרים,0.00,ליטר,false,1,19.90,19.90,true,1,
7290000111186,false,מיונז תלמה 500 גרם-צנצנת,יוניליוור ישראל מזון,IL,מיונז תלמה 500 גרם-צ,גרמים,500.00,100 גרם,false,1,9.90,1.98,true,1,
7290000111353,false,"מיונז אמיתי תלמה 1 ק""ג",יוניליוור ישראל מזון,IL,"מיונז 1 ק""ג-צנצנת",גרמים,1000.00,100 גרם,false,1,16.90,1.69,true,1,
7290000111360,false,חרדל תלמה 250 גרם-צנצנת,יוניליוור ישראל מזו,IL,חרדל תלמה 250 גרם-צנ,גרמים,250.00,100 גרם,false,1,7.30,2.92,true,1,
7290000111384,false,חרדל אמיתי בצנצנת 550 ג' תלמה,יוניליוור ישראל מזו,IL,חרדל תלמה 550 גרם-צנ,גרמים,550.00,100 גרם,false,1,10.40,1.89,true,1,
7290000112220,false,בארכה טחינה 100% שומשום 500 גרם,רושדי תעשיות מזון בע,IL,טחינה 500 גר בארכה,גרמים,500.00,100 גרם,false,1,13.90,2.78,true,1,
7290000112237,false,בארכה טחינה 100% שומשום 6*1000גרם,רושדי תעשיות מזון בע,IL,"טחינה 1 ק""ג-צנצנת",גרמים,1000.00,100 גרם,false,1,32.50,3.25,true,1,
7290000112497,false,מרק עשיר עוף אטריות קנור 75 גרם - שקיות,יוניליוור ישראל מזון,IL,מרק עשיר עוף אטריות,גרמים,75.00,100 גרם,false,1,13.50,18.00,true,1,
7290000112619,false,מרק עוף לתיבול והעשרה קנור 400 ג',יוניליוור ישראל מזון,IL,אבקת מרק עוף קנור,גרמים,400.00,100 גרם,false,1,19.90,4.98,true,1,
7290000116921,false,רוטב צ'ילי מתוק 370ג'12x קנור,יוניליוור ישראל מזון,IL,רוטב קנור צילי מתוק,מיליליטרים,300.00,"100 מ""ל",false,1,10.90,3.63,true,1,
7290000116945,false,קנור סויה קלאסי בדצ 350ג PAL,יוניליוור ישראל מזון,IL,רוטב קנור סויה 300 מ,מיליליטרים,300.00,"100 מ""ל",false,1,14.60,4.87,true,1,
7290000117171,false,מרק טעם עוף דל קלוריות 48 גרם-קופסא,יוניליוור ישראל מזון,IL,מרק טעם עוף דל קלורי,גרמים,48.00,100 גרם,false,1,9.00,18.75,true,1,
7290000117720,false,קנור - נמס בכוס זוג פטריות 21.50 גרם * 2,יוניליוור ישראל מזון,IL,מרק נמס בכוס פטריות,גרמים,43.00,100 גרם,false,1,6.90,16.05,true,1,
7290000118277,false,כופתאות מצה להכנת מהירה 65 ג' קנור,יוניליוור ישראל מזון,IL,קניידלך 130 גרם-קופ,גרמים,130.00,100 גרם,false,1,11.40,8.77,true,1,
7290000118352,false,"לטקס קנור כשל""פ 170 גר'",יוניליוור ישראל מזון,IL,לטקס 170 גרם-קופסא,גרמים,170.00,100 גרם,false,1,13.90,8.18,true,1,
7290000120836,false,הלמנס מיונז אמיתי 394גר ADR,קונפקו אינק' די.בי.א,CA,מיונז הלמנס 394 גרם,גרמים,433.00,100 גרם,false,1,10.90,2.52,true,1,
7290000120874,false,מיונז דל קלוריות 424 ג' הלמנס,"שד' קילבורן 2816, שי",US,מיונז הלמנס לייט 424,גרמים,476.00,100 גרם,false,1,10.90,2.29,true,1,
7290000121093,false,גבינה מון בלאן שוצרית 120 גרם,האי נאם סי או אל.טי.,IL,מון בלאן שוצרית 120,גרמים,120.00,100 גרם,false,1,13.30,11.08,true,1,
7290000122830,false,רוטב בישול סצואן 370 גרם קנור,מיוצר עי קונדיטוריית,IL,רוטב בישול סצואן 370,גרמים,370.00,100 גרם,false,1,10.90,2.95,true,1,
7290000129457,false,אבקת רוטב פטריות קנור 28 ג' שקית,יוניליוור ישראל מזון,IL,קנור רוטב פטריות באב,גרמים,29.00,100 גרם,false,1,4.90,16.90,true,1,
7290000135045,false,"XL TEN משקה אנרגיה פתוח ללא סוכר 250 מ""ל","טמפו משקאות בע""מ",IL,XL TEN משקה אנרגיה פ,מיליליטרים,250.00,"100 מ""ל",false,1,4.90,1.96,true,1,
7290000135113,false,"משקה אנרגיה XL פחית ten נענע ליים 250 מ""ל",,PL,פחית XL TEN נענע ליי,מיליליטרים,250.00,"100 מ""ל",false,1,4.90,1.96,true,1,
7290000135151,false,"טמפו סודה למון ליים בקבוק 250 מ""ל",טמפו משקאות בעמ,IL,סודה נגיעות לימון 27,מיליליטרים,250.00,"100 מ""ל",false,1,4.00,1.60,true,1,
7290000135311,false,פפסי מקס ליים 1.5 ליטר-,"טמפו משקאות בע""מ",IL,פפסי מקס ליים 1.5 לי,ליטרים,0.00,ליטר,false,1,7.60,7.60,true,1,
7290000135670,false,"פפסי מקס דובדבן פחית צרה 330 מ""ל",,,פפסי מקס דובדבן פחית,מיליליטרים,330.00,"100 מ""ל",false,1,3.90,1.18,true,1,
7290000136257,false,מי פאנק טוניק 1.5ל' טמפו,,IL,פאנק טוניק 1.5 ל טמפ,ליטרים,0.00,ליטר,false,1,9.20,9.20,true,1,
7290000136264,false,מי טוניק גזוז 1.5 ל' טמפו,טמפו,IL,טוניק 1.5 ל טמפו,ליטרים,0.00,ליטר,false,1,9.90,9.90,true,1,
7290000136288,false,סירופ בטעם תפוחים 330 מל JUICER,,,סירופ בטעם תפוחים 33,מיליליטרים,330.00,"100 מ""ל",false,1,14.90,4.52,true,1,
7290000136295,false,"סירופ JUICER פטל 330 מ""ל סיידר",,,סירופ בטעם פטל 330 מ,מיליליטרים,330.00,"100 מ""ל",false,1,14.90,4.52,true,1,
7290000136516,false,משקה בטעם מנגו פסיפלורה תריסר 1.5 ל' ג'אמפ,טמפו,IL,גאמפ מנגו 1.5 ליטר,ליטרים,0.00,ליטר,false,1,7.50,7.50,true,1,
7290000136523,false,משקה בטעם ענבים תריסר 1.5 ל' ג'אמפ,טמפו,IL,גאמפ ענבים 1.5 ליטר,ליטרים,0.00,ליטר,false,1,7.50,7.50,true,1,
7290000136561,false,משקה בטעם תות בננה תריסר 1.5 ל' ג'אמפ,טמפו,IL,גאמפ תות בננה 1.5 ל,ליטרים,0.00,ליטר,false,1,7.50,7.50,true,1,
7290000136585,false,משקה בטעם תפוזים תריסר 1.5 ל' ג'אמפ,טמפו,IL,גאמפ תפוז 1.5 ליטר,ליטרים,0.00,ליטר,false,1,7.50,7.50,true,1,
7290000136646,false,משקה מאלט תריסר 1.5 ל' נשר,טמפו,IL,נשר מאלט 1.5 ליטר,ליטרים,0.00,ליטר,false,1,8.90,8.90,true,1,
7290000136653,false,משקה מאלט דיאט תריסר 1.5 ל' נשר,טמפו,IL,דיאט נשר מאלט 1.5 לי,ליטרים,0.00,ליטר,false,1,8.90,8.90,true,1,
7290000136660,false,סודה טמפו 1.5 ליטר,טמפו,IL,מי סודה 1.5 ליטר,ליטרים,0.00,ליטר,false,1,3.70,3.70,true,1,
7290000136677,false,פפסי קולה פיקדון 1.5 ליטר,טמפו,IL,פפסי קולה 1.5 ליטר,ליטרים,0.00,ליטר,false,1,8.20,8.20,true,1,
7290000136684,false,פפסי מקס פיקדון 1.5 ליטר,טמפו,IL,פפסי מקס 1.5 ליטר,ליטרים,0.00,ליטר,false,1,7.60,7.60,true,1,
7290000136707,false,מירינדה בקבוק 1.5 לי,טמפו,IL,מירינדה 1.5 ליטר,ליטרים,0.00,ליטר,false,1,8.20,8.20,true,1,
7290000136776,false,שישיית פפסי מקס דל קלוריות 1.5 ליטר,טמפו,IL,שישיית פפסי מקס דל ק,ליטרים,0.01,ליטר,false,1,37.50,3750.00,true,1,
7290000136790,false,מארז סודה שישייה 1.5 ל' טמפו,טמפו,IL,שישיית סודה 1.5 ליטר,ליטרים,0.01,ליטר,false,1,17.90,1790.00,true,1,
7290000136820,false,סודה בטעם פירות יער מארז ריבעיה * 1.5 ל' טמפו,,IL,סודה פירות יער 1.5 ל,ליטרים,0.01,ליטר,false,1,12.00,1200.00,true,1,
7290000136844,false,מים אקווה נובה 2 ליטר שישייה-,טמפו,IL,שישיית אקווה נובה 2ל,ליטרים,0.01,ליטר,false,1,12.90,1290.00,true,1,
7290000136851,false,סבן אפ פיקדון 1.5 ליטר,טמפו,IL,סבן אפ 1.5 ליטר,ליטרים,0.00,ליטר,false,1,8.20,8.20,true,1,
7290000136868,false,מארז מים שישיה *1.5ל' סאן בנדטו,טמפו,IL,שישיית מים סאן בנדטו,ליטרים,0.01,ליטר,false,1,18.90,1890.00,true,1,
7290000136875,false,מארז מים מינרלים מוגז 6* 1.5 ל' סאן בנדטו,טמפו,IL,שישיית סאן בנדטו מוג,ליטרים,0.01,ליטר,false,1,19.90,1990.00,true,1,
7290000136936,false,סבן אפ דיאט בקבוק 1.,טמפו,IL,סבן אפ דיאט 1.5 ליטר,ליטרים,0.00,ליטר,false,1,7.90,7.90,true,1,
7290000137513,false,גלידונית גלידה וניל בציפוי שוקולד 60 יח' קרמיסימו,"גלידת שטראוס בע""מ, ר",IL,גלידונית 60 יחידות,גרמים,700.00,100 גרם,false,1,44.90,6.41,true,1,
7290000137643,false,מאגדת שלגוני טעמקור 8 יח' שטראוס,"גלידת שטראוס בע""מ, ר",IL,שמיניית טעמקור,גרמים,400.00,100 גרם,false,1,39.90,9.98,true,1,
7290000139227,false,דגן תירס תפוח מתוק 150 גרם,"אשב""ל בע""מ",,דגן תירס תפוח מתוק 1,גרמים,150.00,100 גרם,false,1,8.50,5.67,true,1,
7290000139258,false,שלווה עם סוכר ודבש 200 גרם,"אשב""ל בע""מ",IL,שלווה עם סוכר ודבש 2,גרמים,200.00,100 גרם,false,1,8.50,4.25,true,1,
7290000143187,false,"הוואי - שמפו לגבר 700 מ""ל",שוורצקוף& הנקל דיסלד,IL,שמפו הוואי לגבר 750,מיליליטרים,700.00,"100 מ""ל",false,1,12.20,1.74,true,1,
7290000143255,false,"שמפו הוואי לשיער רגיל 700 מ""ל",שוורצקוף& הנקל דיסלד,IL,שמפו הוואי רגיל 700,מיליליטרים,700.00,"100 מ""ל",false,1,12.20,1.74,true,1,
7290000144160,false,"שמן זית כתית מעולה מודגש""עץ-הזית"" 750 מ""ל","מרקאולאו, ספרד.אבסה,",IT,שמן זית כתית מעולה ב,מיליליטרים,750.00,"100 מ""ל",false,1,29.90,3.99,true,1,
7290000144467,false,שמן חמניות מועשר בנוגדי חמצון 1 ל' עץ הזית,"נארז ע""י : א.ג. גילר",GR,שמן עץ הזית חמניות 1,מיליליטרים,1000.00,"100 מ""ל",false,1,16.40,1.64,true,1,
7290000144474,false,שמן עץ הזית קנולה 1 ליטר בריאות מהטבע,סקנולה,EE,שמן עץ הזית קנולה 1,מיליליטרים,1000.00,"100 מ""ל",false,1,14.90,1.49,true,1,
7290000148380,false,פיסטוק קלוי שקית 200 גרם,"ג'י אנד ג'י בע""מ",IL,פיסטוק קלוי שקית 200,גרמים,200.00,100 גרם,false,1,24.90,12.45,true,1,
7290000148489,false,גרעיני דלעת קליית גת שקית 200 גרם,"ג'י אנד ג'י בע""מ",IL,גרעיני דלעת קליית גת,גרמים,200.00,100 גרם,false,1,10.40,5.20,true,1,
7290000148618,false,קשיו מטוגן שקית קליית גת 200 גרם,"ג'י אנד ג'י בע""מ",IL,קשיו מטוגן שקית קליי,גרמים,200.00,100 גרם,false,1,22.90,11.45,true,1,
7290000148939,false,שקדים קלויים קלית גת 200 ג',"ג'י אנד ג'י בע""מ",IL,שקד קלוי שקית 200 ג,גרמים,200.00,100 גרם,false,1,21.90,10.95,true,1,
7290000149905,false,טקסטיל שמפו לכביסה ביד 1 ליטר,מיוצר עי קונדיטוריית,IL,טקסטיל שמפו לכביסה 1,מיליליטרים,1000.00,"100 מ""ל",false,1,17.70,1.77,true,1,
7290000168173,false,ברנפלקס קרנצים 375 ג' תלמה,יוניליור ישראל מזון,IL,ברנפלקס קרנצים 375 ג,גרמים,375.00,100 גרם,false,1,20.90,5.57,true,1,
7290000169538,false,"נמס בכוס עגבניות וקרוטונים מרק כשרות בד""ץ 62 ג' קנור",יוניליוור ישראל מזון,IL,מרק נמס בכוס עגבניות,גרמים,56.00,100 גרם,false,1,6.90,12.32,true,1,
7290000169798,false,"עוגי מופחת סוכר 20% פצפוצי שוקו' 500ג' בד""צ",יוניליוור שפע ישראל,IL,עוגי 20% פחות סוכר 5,גרמים,500.00,100 גרם,false,1,24.90,4.98,true,1,
7290000170053,false,שוקולד פרה חלב 100 גרם,"תופינית בע""מ",IL,שוקולד פרה חלב 100 ג,גרמים,100.00,100 גרם,false,1,5.50,5.50,true,1,
7290000174723,false,שוקולית אבקה להכנת משקה שוקו 500 גרם,הנסיך- מפעל לייצור ט,IL,שוקולית 500 גרם,גרמים,500.00,100 גרם,false,1,11.90,2.38,true,1,
7290000176062,false,קפה עלית טורקי 100 גרם,שטראוס קפה בי.וי.,IL,קפה עלית טורקי 100 ג,גרמים,100.00,100 גרם,false,1,8.90,8.90,true,1,
7290000176079,false,קפה עלית טורקי עם הל 100 גרם,הנסיך- מפעל לייצור ט,IL,קפה עלית טורקי עם הל,גרמים,100.00,100 גרם,false,1,8.90,8.90,true,1,
7290000176147,false,קפה מוקה קלוי מס1 עלית 500ג',,,מוקה פילטר 500 גרם,גרמים,500.00,100 גרם,false,1,52.50,10.50,true,1,
7290000176413,false,קפה נמס עלית 50 גרם,הנסיך- מפעל לייצור ט,IL,קפה נמס עלית 50 גרם,גרמים,50.00,100 גרם,false,1,12.60,25.20,true,1,
7290000176420,false,קפה נמס אבקתי 200ג עלית,שטראוס קפה בי.וי,IL,קפה נמס עלית 200 גרם,גרמים,200.00,100 גרם,false,1,19.90,9.95,true,1,
7290000176475,false,קפה נמס האג נטול קפאין 200 ג',,IL,קפה האג נמס אבקתי 20,גרמים,200.00,100 גרם,false,1,38.90,19.45,true,1,
7290000178707,false,תפוציפס מלוח 50 גרם,"שטראוס פריטו ליי בע""",IL,תפוציפס טבעי 50 גרם,גרמים,50.00,100 גרם,false,1,4.00,8.00,true,1,
7290000178721,false,תפוציפס מלוח 200 גרם,"שטראוס פריטו ליי בע""",IL,תפוציפס טבעי 200 גרם,גרמים,200.00,100 גרם,false,1,9.90,4.95,true,1,
7290000180212,false,שוקולוד פרה מריר אגוזים 100ג' עלית,"שטראוס גרופ בע""מ",IL,שוקולד פרה מריר עם א,גרמים,100.00,100 גרם,false,1,5.50,5.50,true,1,
7290000185224,false,סילאן בקבוק לחיץ תמר כנרת 650 גר,,IL,סילאן בקבוק לחיץ תמר,גרמים,650.00,100 גרם,false,1,16.70,2.57,true,1,
7290000185590,false,סילאן טבעי בבקבוק לחיץ 650 גרם,,IL,סילאן טבעי בבקבוק לח,גרמים,635.00,100 גרם,false,1,19.90,3.13,true,1,
7290000186030,false,מארז רביעייה מגבוני בתחליב וויטמין E האגיס,עלבד,IL,מגבוני האגיס תחליב ד,Unknown,0.00,Unknown,false,1,34.50,34.50,true,1,
7290000186535,false,נייר טואלט טריו לבן 32 גלילים לילי,קימברלי קלארק ישראל,IL,לילי טריו לבן 32 גלי,מטרים,537.28,מטר,false,1,42.90,0.08,true,1,
7290000186931,false,ניקול כריות קרצוף חתוכות 12 יח',,,ניקול סקוטש חתוך 12,Unknown,0.00,Unknown,false,1,12.80,12.80,true,1,
7290000187860,false,מגבוני טואלט לחים לילי דיספנסר 40יח',עלבד משואות יצחק בעמ,IL,נייר טואלט לח לילי פ,Unknown,0.00,Unknown,false,1,7.90,7.90,true,1,
7290000187938,false,לילי - נייר טואולט נייר טואלט פסטל 32 יח',חוגלה קימברלי,,לילי פסטל 32 גלילים,מטרים,588.00,מטר,false,1,40.90,0.07,true,1,
7290000187952,false,נייר טואלט טריו לילי פרימיום 32גליל,חוגלה קימברלי,,לילי טריו ורוד 32 גל,מטרים,537.28,מטר,false,1,42.90,0.08,true,1,
7290000189116,false,ניקול תבניות אלומניום עגולות 5 יח',סין,CN,תבניות אינגליש קייק,Unknown,0.00,Unknown,false,1,10.90,10.90,true,1,
7290000189192,false,מגבת רב שימושית סופר ניקול 64 דף,קימברלי קלארק,CO,סופר מגבת ניקול 64 י,מטרים,1.85,מטר,false,1,16.90,9.14,true,1,
7290000189260,false,ניקול תבניות מלבניות 5 יח',בראבו,,תבניות מלבניות 5 יח,Unknown,0.00,Unknown,false,1,10.90,10.90,true,1,
7290000189277,false,תבניות מלבניות גדולות ועמוקות 3 יח,בראבו,,תבניות מלבניות גדולו,Unknown,0.00,Unknown,false,1,10.90,10.90,true,1,
7290000189499,false,ניקול תבנית אפייה מקרטון עגולה 3 יח',"דוקארט בעמ, קיבוץ כפ",IL,תבנית אפייה מקרטון ע,Unknown,0.00,Unknown,false,1,14.60,14.60,true,1,
7290000189505,false,תבנית קרטון אפיה אינגליש ניקול 5יח',"דוקארט בעמ, קיבוץ כפ",IL,תבנית אפייה מקרטון א,Unknown,0.00,Unknown,false,1,14.60,14.60,true,1,
7290000189536,false,אשפתון שרוך מתכלה 52/65 ניקול 40 יח',אשפלסט,TR,שקיות אשפה ניקול 40,Unknown,0.00,Unknown,false,1,19.80,19.80,true,1,
7290000189550,false,זוג אשפתון ניקול ענק מתכלה 10 יח,אשפלסט,IL,XXL ניקול שקיות אשפה,Unknown,0.00,Unknown,false,1,25.90,25.90,true,1,
7290000189598,false,מטליות לחות חד פעמיות לניקוי כללי 50 יח' ניקול,עלבד משואות יצחק בעמ,IL,ניקול מטלית לחות חד,Unknown,0.00,Unknown,false,1,11.90,11.90,true,1,
7290000189659,false,ניקול - מטליות לחות לרצפה 10 יח',עלבד משואות יצחק בעמ,IL,ניקול מטליות לחות לר,Unknown,0.00,Unknown,false,1,10.90,10.90,true,1,
7290000189734,false,מטליות לחות לפרקט 10יח' ניקול,עלבד משואות יצחק בעמ,IL,מטליות לחות לפרקטים,Unknown,0.00,Unknown,false,1,18.40,18.40,true,1,
7290000189871,false,ניקול שקיות אשפה L עם שרוך 55 יח',אשפלסט,IL,אשפתון מתכלה ניקול 5,Unknown,0.00,Unknown,false,1,19.90,19.90,true,1,
7290000190068,false,מפיות נייר ניקול 100,חוגלה קימברלי,IL,מפיות ניקול 100,Unknown,0.00,Unknown,false,1,8.90,8.90,true,1,
7290000190198,false,מטלית ניקול לניקוי חדרי שירותים ואמבט,עלבד משואות יצחק בעמ,IL,מטלית ניקול לניקוי ח,Unknown,0.00,Unknown,false,1,11.90,11.90,true,1,
7290000190853,false,לילי פיור נייר טואלט דו שכבתי 30 גלילים,,,לילי פיור נייר טואלט,מטרים,588.00,מטר,false,1,43.90,0.07,true,1,
7290000191225,false,האגיס - רך נולד מידה 2 מוקטן 44 יח',קימברלי קלארק שיווק,IL,חיתולי האגיס ליטל בי,Unknown,0.00,Unknown,false,1,39.90,39.90,true,1,
7290000191539,false,ממחטות טישו לילי צבעוני חמישיה,,,ממחטות נייר לילי 5 י,Unknown,0.00,Unknown,false,1,14.90,14.90,true,1,
7290000191546,false,ממחטות טישו צבעוני 2 שכבות לילי מארז 100X3יח',חוגלה קימברלי,IL,לילי צבעוני 90 דף*3,Unknown,0.00,Unknown,false,1,10.50,10.50,true,1,
7290000191652,false,קלינקס ממחטות טישו אולטרא סופט מארז 90X3יח',חוגלה קימברלי,IL,קלינקס שלישייה,Unknown,0.00,Unknown,false,1,10.90,10.90,true,1,
7290000191966,false,מגבוני טואלט לח סנסטיב לילי 40יח',עלבד משואות יצחק בעמ,IL,נייר טואלט לח לילי נ,Unknown,0.00,Unknown,false,1,7.90,7.90,true,1,
7290000192581,false,מגבת נייר גליל כפול ניקול 12=6 גליל,,IL,נייר מגבת ניקול 6=12,מטרים,129.72,מטר,false,1,21.50,0.17,true,1,
7290000194837,false,ניקול - שקיות מזון + ידיות קשירה אקסטרה לארג' 200 יח',סין,CN,שקיות מזון גדולות עם,Unknown,0.00,Unknown,false,1,15.60,15.60,true,1,
7290000195216,false,נייר אפייה בשקית ניקול 50 יח',אופל,,נייר אפייה ניקול,Unknown,0.00,Unknown,false,1,11.90,11.90,true,1,
7290000195537,false,האגיס - מגבוני האגיס דיילי קר לא מבושם 64 יח' * 4,ווטנפס בעמ,IL,מגבוני האגיס רביעיה,Unknown,0.00,Unknown,false,1,19.90,19.90,true,1,
7290000195773,false,האגיס - מגבוני האגיס סנסטיב קר לא מבושם 64 יח' * 4,חוגלה קימברלי,,מגבוני האגיס קמומיל,Unknown,0.00,Unknown,false,1,19.90,19.90,true,1,
7290000196039,false,"מפות שולחן איריס ח""פ ניקול 2 יח'",דיספובד,,מפות שולחן ניקול זוג,Unknown,0.00,Unknown,false,1,12.00,12.00,true,1,
7290000196343,false,"מפת שולחן מהודרת לילי 180X120ס""מ",דיספובד,IL,מפת ניקול סטייל 1 יח,Unknown,0.00,Unknown,false,1,11.90,11.90,true,1,
7290000196763,false,ניקול שקיות לאשפה השקית החזקה 40 יח',אשפלסט,IL,השקית החזקה ניקול 40,Unknown,0.00,Unknown,false,1,25.90,25.90,true,1,
7290000197012,false,ניקול שקיות ניילון ריצרץ לאחסון 15יח',סין,CN,שקיות ריצרץ לטריות 1,Unknown,0.00,Unknown,false,1,13.40,13.40,true,1,
7290000197029,false,ניקול שקיות ניילון ריצרץ לאחסון 12יח',קילת,,שקיות ריצרץ לאיחסון,Unknown,0.00,Unknown,false,1,13.40,13.40,true,1,
7290000197081,false,ניילון נצמד אריזת חיסכון ניקול 150 מ',אופל,IL,ניילון נצמד ניקול עם,מטרים,150.00,מטר,false,1,29.90,0.20,true,1,
7290000197432,false,שקיות אוכל סנדביצ'ון ניקול מארז 150X2יח',אשלפסט תעשיות בעמ,IL,זוג סנדביצון ענק,Unknown,0.00,Unknown,false,1,13.90,13.90,true,1,
7290000197463,false,האגיס פרידום דריי שלב 4+ 42 יחידות,קימברלי קלארק ישראל,IL,האגיס פרידום דריי של,Unknown,0.00,Unknown,false,1,41.90,41.90,true,1,
7290000197470,false,מקפיאון שקיות הקפאה מתכלות ניקול 250יח',אשלפסט תעשיות בעמ,IL,שקיות רב שימושיות,Unknown,0.00,Unknown,false,1,13.80,13.80,true,1,
7290000197654,false,ניקול אשפתון שקיות אשפה ענקיות 45 יח',אשפלסט,IL,אשפתון ניקול ענק 45,Unknown,0.00,Unknown,false,1,21.80,21.80,true,1,
7290000197678,false,האגיס פרידום דריי שלב 6 34 יחידות,קימברלי קלארק ישראל,IL,האגיס פרידום דריי של,Unknown,0.00,Unknown,false,1,41.90,41.90,true,1,
7290000197876,false,ניקול תבנית אלומיניום 4 יח' 2 מכסים,סין,CN,מגשית חד פעמית ניקול,Unknown,0.00,Unknown,false,1,9.90,9.90,true,1,
7290000197883,false,ניקול תבניות אלומיניום 4יח',ארץ ייצור: סין,CN,מגשית 100 כסופה - חי,Unknown,0.00,Unknown,false,1,9.90,9.90,true,1,
7290000197951,false,ניקול תבנית אלומיניום ענק 3 יח',פאלאס,,מגשית חד פעמית ניקול,Unknown,0.00,Unknown,false,1,9.90,9.90,true,1,
7290000201795,false,"האגיס מגבונים לתינוק מבושם מארז, שלישיה * 64 יח'",קימברלי,IL,מגבוני האגיס שלישייה,Unknown,0.00,Unknown,false,1,21.90,21.90,true,1,
7290000204147,false,ניקול כריות יפניות 2 ב 1 רביעייה,פלסטופוליש,IL,כרית ניקול 2 ב - 1,Unknown,0.00,Unknown,false,1,10.90,10.90,true,1,
7290000204215,false,ניקול כריות יפניות 6 יח',פלסטופוליש,IL,כרית ניקול שישייה,Unknown,0.00,Unknown,false,1,11.90,11.90,true,1,
7290000204253,false,מטליות ניקול רב שימושיות 9יח',נועם אורים-קיבוץ אור,IL,מטליות ניקול 9 יח,Unknown,0.00,Unknown,false,1,10.50,10.50,true,1,
7290000204512,false,מטליות לחות לרצפה בניחוח לימון 10 יח' ניקול,עלבד משואות יצחק בעמ,IL,מטליות לחות לרצפה בר,Unknown,0.00,Unknown,false,1,10.90,10.90,true,1,
7290000204611,false,ספוגית הקסם ניקול שישייה,UFO INC,US,ספוגית הקסם ניקול שי,Unknown,0.00,Unknown,false,1,13.80,13.80,true,1,
7290000205762,false,חיתולי האגיס אקסטרה קייר מידה 3 48 יח',,,האגיס אקסטרה קייר מי,Unknown,0.00,Unknown,false,1,49.90,49.90,true,1,
7290000207063,false,רוטב עגבניות פריכוז 28% 260 ג' יכין,היינץ צפון אמריקה מק,IL,פריכוז 240 גר,גרמים,240.00,100 גרם,false,1,4.90,2.04,true,1,
7290000207162,false,רוטב עגבניות מרכיב טבעי 100 ג' יכין,"זנלכל בע""מ",IL,רוטב עגבניות יכין 10,גרמים,100.00,100 גרם,false,1,2.50,2.50,true,1,
7290000207438,false,עגבניות 2.5 A קוביות 850 גרם יכין,"זנלכל בע""מ",IL,עגבניות 2.5 A קוביות,גרמים,850.00,100 גרם,false,1,9.90,1.16,true,1,
7290000208022,false,עגבניות מרוסקות פריכוז 800 ג' יכין,"זנלכל בע""מ",IL,עגבניות 2.5 A מרוסק,גרמים,850.00,100 גרם,false,1,9.90,1.16,true,1,
7290000208114,false,"אפונה וגזר יכין A2 פ""ק בית יוסף","זנלכל בע""מ",IL,אפונה וגזר יכין 550,גרמים,550.00,100 גרם,false,1,8.50,1.55,true,1,
7290000208145,false,גרעיני תירס מתוק לייט 550 גרם יכין,"זנלכל בע""מ",IL,תירס לייט יכין 550 ג,גרמים,550.00,100 גרם,false,1,9.90,1.80,true,1,
7290000208213,false,שעועית לבנה אפויה A2 ברוטב עגבניות יכין 560ג',היינץ צפון אמריקה מק,IL,שעועית יכין אפויה 58,גרמים,580.00,100 גרם,false,1,8.90,1.53,true,1,
7290000208220,false,"שעועית צ'לי יכין פ""ק A2 בית יוסף",היינץ צפון אמריקה מק,IL,שעועית צלי חריף A2,גרמים,550.00,100 גרם,false,1,9.90,1.80,true,1,
7290000208244,false,"בסיס לשקשוקה יכין A2 פ""ק בית יוסף","זנלכל בע""מ",IL,בסיס לשקשוקה יכין 57,גרמים,570.00,100 גרם,false,1,9.90,1.74,true,1,
7290000208251,false,שעועית ירוקה יכין A2 בית יוסף,"זנלכל בע""מ",IL,שעועית ירוקה יכין 56,גרמים,560.00,100 גרם,false,1,9.90,1.77,true,1,
7290000208312,false,גרעיני תירס מתוק בואקום יכין 400 גר',"זנלכל בע""מ",IL,תירס מתוק יכין 400 ג,גרמים,400.00,100 גרם,false,1,6.90,1.73,true,1,
7290000208329,false,גרעיני תירס מתוק 550 גרם יכין,"זנלכל בע""מ",IL,תירס גרעינים 550 גר,גרמים,550.00,100 גרם,false,1,8.50,1.55,true,1,
7290000208336,false,רסק יכין 240גר 22% יכין בית יוסף,"זנלכל בע""מ",IL,רוטב עגבניות יכין 24,גרמים,240.00,100 גרם,false,1,4.50,1.88,true,1,
7290000208343,false,עגבניות מרוסקות שום יכין A2.5 בית יוסף,היינץ צפון אמריקה מק,IL,עגבניות מרוסקות שום,גרמים,850.00,100 גרם,false,1,9.90,1.16,true,1,
7290000208350,false,עגבניות מרוסקות בצל 850 גר יכין A 2.5,,IL,עגבניות מרוסקות בצל,גרמים,800.00,100 גרם,false,1,9.90,1.24,true,1,
7290000208367,false,עגבניות מרוסקות בתוספת בזיליקום 800 ג' יכין,,,עגבניות מרוסקות בזיל,גרמים,800.00,100 גרם,false,1,9.90,1.24,true,1,
7290000208428,false,חומוס יכין שלם 550 גר A/2,"זנלכל בע""מ",IL,חומוס יכין שלם 550 ג,גרמים,550.00,100 גרם,false,1,8.90,1.62,true,1,
7290000208480,false,גרעיני תירס מתוק בטעם חמאה 550 גרם יכין,,,תירס בטעם חמאה יכין,גרמים,550.00,100 גרם,false,1,9.90,1.80,true,1,
7290000208534,false,גרעיני תירס מתוק לילדים 550 גרם יכין,"זנלכל בע""מ",IL,תירס קיד יכין 550 גר,גרמים,550.00,100 גרם,false,1,9.90,1.80,true,1,
7290000208800,false,גרעיני תירס מתוק לילדים 400 גרם יכין,,,תירס ואקום קיד 400 ג,גרמים,400.00,100 גרם,false,1,6.90,1.73,true,1,
7290000208893,false,גרעיני תירס מתוק לייט 400 גרם יכין,היינץ צפון אמריקה מק,IL,תירס ואקום לייט 400,גרמים,400.00,100 גרם,false,1,6.90,1.73,true,1,
7290000208947,false,עגבניות מרוסקות 260 גרם יכין,היינץ צפון אמריקה מק,IL,עגבניות מרוסקות 260,גרמים,260.00,100 גרם,false,1,6.50,2.50,true,1,
7290000208978,false,פריכוז 100 גרם יכין בית יוסף,היינץ צפון אמריקה מק,IL,רסק עגבניות פריכוז 1,גרמים,100.00,100 גרם,false,1,3.40,3.40,true,1,
7290000209012,false,חומץ הדרים 5% יכין 1,"זנלכל בע""מ",IL,חומץ הדרים 1 ליטר,מיליליטרים,1000.00,"100 מ""ל",false,1,5.90,0.59,true,1,
7290000209371,false,שלישיית תירס יכין 165 גר OZ 6,היינץ צפון אמריקה מק,IL,שלישיית תירס יכין 16,גרמים,165.00,100 גרם,false,1,14.90,9.03,true,1,
7290000209388,false,תירס גרגרים לייט וואקום מארז 60X3ג',,,שלישיית תירס לייט יכ,גרמים,165.00,100 גרם,false,1,14.90,9.03,true,1,
7290000209517,false,סירופ דיאט 1 ל ט. לימון,היינץ צפון אמריקה מק,IL,סירופ דיאט 1 ל ט. לי,ליטרים,0.00,ליטר,false,1,17.90,17.90,true,1,
7290000209708,false,עגבניות מרוסקות בזיליקום 240 גרם יכין,היינץ צפון אמריקה מק,IL,עגבניות +בזיליקום 26,גרמים,260.00,100 גרם,false,1,6.50,2.50,true,1,
7290000209944,false,רוטב לעגבניות בסיס לשקשוקה 240 ג' יכין,"זנלכל בע""מ",IL,רוטב עגבניות לשקשוק,גרמים,260.00,100 גרם,false,1,6.50,2.50,true,1,
7290000209951,false,רוטב עגבניות לפיצה 260 גרם יכין,"זנלכל בע""מ",IL,רוטב עגבניות לפיצה,גרמים,260.00,100 גרם,false,1,6.50,2.50,true,1,
7290000209968,false,רוטב עגבניות ללזניה יכין 240 גרם,"זנלכל בע""מ",IL,רוטב עגבניות ללזניה,גרמים,260.00,100 גרם,false,1,6.50,2.50,true,1,
7290000210896,false,רוטב לפסטה בולונז 240 גרם יכין,"זנלכל בע""מ",IL,רוטב בולונז 260 גרם,מיליליטרים,260.00,"100 מ""ל",false,1,6.50,2.50,true,1,
7290000211169,false,"אורז תאילנדי אחד אחד סוגת 1 ק""ג",האי נאם סי או אל.טי.,IL,"אורז תאילנדי 1 ק""ג",קילוגרמים,0.00,"ק""ג",false,1,7.90,7.90,true,1,
7290000211312,false,"אורז מלא ארוך סוגת 1 ק""ג",האי נאם סי או אל.טי.,IL,"אורז מלא 1 ק""ג",גרמים,1000.00,100 גרם,false,1,10.40,1.04,true,1,
7290000211442,false,"אורז פרסי קלאסי סוגת 1 ק""ג",האי נאם סי או אל.טי.,IL,"אורז פרסי 1 ק""ג סוג",גרמים,1000.00,100 גרם,false,1,10.80,1.08,true,1,
7290000211503,false,סוכר לבן ארוז בשקית,"סוגת תעשיות בע""מ",IL,"סוכר לבן 1 ק""ג",קילוגרמים,0.00,"ק""ג",false,1,4.60,4.60,true,1,
7290000211985,false,"אורז ריזוטו עגול סוגת 1 ק""ג","סוגת תעשיות בע""מ",IL,אורז עגול 1 קג,גרמים,1000.00,100 גרם,false,1,9.90,0.99,true,1,
7290000238029,false,"בצק עלים צרפתי מרודד מעדנות 1ק""ג",מיוצר עי קונדיטוריית,IL,"בצק עלים מרודד 1 ק""ג",גרמים,1000.00,100 גרם,false,1,21.90,2.19,true,1,
7290000238036,false,מלווח עגול מעדנות 700 ג',מיוצר עי קונדיטוריית,IL,מלאווח מעדנות 700 גר,גרמים,700.00,100 גרם,false,1,16.90,2.41,true,1,
7290000238173,false,מעדנות בורקס גבינה 800גר,מיוצר עי קונדיטוריית,IL,בורקס גבינה מעדנות,גרמים,800.00,100 גרם,false,1,19.90,2.49,true,1,
7290000238180,false,בורקס תפוחי אדמה מעדנות 800ג',מיוצר עי קונדיטוריית,IL,"בורקס תפו""א 800 גרם",גרמים,800.00,100 גרם,false,1,19.70,2.46,true,1,
7290000240541,false,ריבועי בצק בורקס מעדנות 800 ג',מיוצר עי קונדיטוריית,IL,ריבועי בצק עלים 800,גרמים,800.00,100 גרם,false,1,27.90,3.49,true,1,
7290000244143,false,"הוואי - קרם לאחר גילוח 120 מ""ל",תאי פרזידנט פוד פאבל,IL,הוואי קרם לאחר גילוח,מיליליטרים,120.00,"100 מ""ל",false,1,22.50,18.75,true,1,
7290000245072,false,סוד מרכך לכביסה סופט בייבי 4 ל',"הנקל סוד בע""מ",IL,סוד לתינוק 4 ל מרכך,ליטרים,0.00,ליטר,false,1,22.50,22.50,true,1,
7290000245270,false,"פרסיל אבקת כביסה סופרא 1.250 ק""ג","הנקל סוד בע""מ",IL,אב.כביסה פרסיל 1.25,קילוגרמים,0.00,"ק""ג",false,1,19.30,19.30,true,1,
7290000245294,false,"א.כ. פרסיל סופרא שקית 2.5 ק""ג","הנקל סוד בע""מ",IL,אבקת כביסה פרסיל 2.5,קילוגרמים,0.00,"ק""ג",false,1,29.50,29.50,true,1,
7290000245799,false,סוד כחול מרענן 4 ל מרכך כביסה,"הנקל סוד בע""מ",IL,סוד כחול מרענן 4 ל מ,ליטרים,0.00,ליטר,false,1,22.50,22.50,true,1,
7290000253220,false,שוקולד צ'יפס חום אופנהיימר 260 גר',אופנהיימר,IL,שוקולד ציפס אופנהיימ,גרמים,260.00,100 גרם,false,1,10.90,4.19,true,1,
7290000253374,false,מיני שוקולד צ'יפס 250 גר' 66% מוצקי קקאו,אופנהיימר,IL,מיני שוקולד ציפס 250,גרמים,250.00,100 גרם,false,1,15.60,6.24,true,1,
7290000253459,false,נטיפי ציפס בטעם קרמל אופנהיימר 250 גר,אופנהיימר,IL,נטיפי ציפס בטעם קרמל,גרמים,250.00,100 גרם,false,1,10.90,4.36,true,1,
7290000253800,false,אופנהיימר סוכריות קישוט 90 גר,אופנהיימר,IL,סוכריות קישוט צבעים,גרמים,90.00,100 גרם,false,1,8.90,9.89,true,1,
7290000262031,false,נייר טואלט מולט לב 32 גלילים,חוגלה קימברלי,IL,נייר טואלט מולט 32 ג,מטרים,588.80,מטר,false,1,29.90,0.05,true,1,
7290000267012,false,שקד מולבן שלם 100 גרם,,IL,שקד מולבן שלם 100 גר,גרמים,100.00,100 גרם,false,1,12.80,12.80,true,1,
7290000267036,false,שקדים משובבים השף 100 ג',,IL,שקד מולבן משובב 100,גרמים,100.00,100 גרם,false,1,12.80,12.80,true,1,
7290000267043,false,שקד מולבן פרוס 100 גרם,,IL,שקד מולבן פרוס 100 ג,גרמים,100.00,100 גרם,false,1,12.80,12.80,true,1,
7290000267050,false,שקד מולבן טחון 100 גרם,,IL,שקד מולבן טחון 100 ג,גרמים,100.00,100 גרם,false,1,12.80,12.80,true,1,
7290000267104,false,שקד מולבן גרוס/מרוסק 100 גרם,,IL,שקד מולבן גרוס/מרוסק,גרמים,100.00,100 גרם,false,1,12.80,12.80,true,1,
7290000267500,false,קליפות הדר מצופות בשוקולד 200 גרם,,,קליפות הדר מצופות בש,גרמים,200.00,100 גרם,false,1,13.10,6.55,true,1,
7290000267548,false,אגוזי מלך גרוסים 100 ג',,IL,אגוז גרוס 100 גרם,גרמים,100.00,100 גרם,false,1,11.90,11.90,true,1,
7290000267555,false,בוטן גרוס/מרוסק 100 גר,,,בוטן גרוס 100 גרם,גרמים,100.00,100 גרם,false,1,6.10,6.10,true,1,
7290000267586,false,גרעייני חמניה קלופים 150 גר,"דין שיווק וקליה בע""מ",,חמניות קלופיות 150 ג,גרמים,150.00,100 גרם,false,1,5.20,3.47,true,1,
7290000272696,false,עסיס מיץ לימון טבעי משומר 1 ל' אסם,בית-השיטה עסיס תעשיו,IL,מיץ לימון עסיס משומר,מיליליטרים,1000.00,"100 מ""ל",false,1,12.50,1.25,true,1,
7290000272726,false,חומץ טבעי 5% עסיס 1 ל' אסם,,,חומץ טבעי עסיס 5% -1,מיליליטרים,1000.00,"100 מ""ל",false,1,6.90,0.69,true,1,
7290000286228,false,כרית קרצוף לכלים סנו סושי 6יח',סנו מפעלי ברונו בעמ,IL,סנו סושי כרית יפנית,Unknown,0.00,Unknown,false,1,10.90,10.90,true,1,
7290000286549,false,סנו סושי מטליות לניקוי כללי 9 יח',טרופיקל דגיל תעשיות,IL,סנו סושי מטלית לכל 9,Unknown,0.00,Unknown,false,1,10.50,10.50,true,1,
7290000286594,false,"סנו איקס לימון במיכל 600 מ""ל",סנו מפעלי ברונוס בעמ,IL,סנו איקס לימון במיכל,גרמים,600.00,100 גרם,false,1,11.40,1.90,true,1,
7290000286761,false,ניילון נצמד סנו סושי פלסטיק מארז 30X2 מ',מיוצר עי קונדיטוריית,CN,ניילון נצמד פלוס ללא,מטרים,30.00,מטר,false,1,10.90,0.36,true,1,
7290000286921,false,"סנוקל רסס וכבס 750 מ""ל",סנו מפעלי ברונוס בעמ,IL,סנוקל רסס וכבס 750 מ,מיליליטרים,750.00,"100 מ""ל",false,1,21.50,2.87,true,1,
7290000287102,false,"סנו שמפו שטיחים אירוסול 600 מ""ל",מיוצר עי קונדיטוריית,IL,סנו שמפו שטחים,מיליליטרים,600.00,"100 מ""ל",false,1,26.90,4.48,true,1,
7290000287195,false,"סנו רהיט ספריי עשיר בווקס להברקה 305 מ""ל",מיוצר עי קונדיטוריית,IL,סנו רהיט אירוסול 30,מיליליטרים,300.00,"100 מ""ל",false,1,14.90,4.97,true,1,
7290000287485,false,סנובון לובר לאסלה 3 יח' * 55 ג',סנו מפעלי ברונו בעמ,IL,סנובון שלישייה לובר,גרמים,165.00,100 גרם,false,1,13.50,8.18,true,1,
7290000288024,false,סנו - ז'אוול אקונומיקה בריח לימון 4 ליטר,"סנו מפעלי ברונוס בע""",IL,סנו זאוול לימון 4 לי,ליטרים,0.00,ליטר,false,1,16.90,16.90,true,1,
7290000288048,false,סנו זאוול מרסס מונבלאן 1 ליטר,,,סנו זאוול מרסס מונבל,מיליליטרים,1000.00,"100 מ""ל",false,1,18.90,1.89,true,1,
7290000288352,false,"סנו K-300 חרקים ונמלים 630מ""ל","סנו מפעלי ברונוס בע""",IL,K-300,מיליליטרים,600.00,"100 מ""ל",false,1,20.90,3.48,true,1,
7290000288420,false,סנו די דוחה יתושיםספ,סנו מפעלי ברונוס בע',IL,סנו די תרסיס,מיליליטרים,125.00,"100 מ""ל",false,1,20.90,16.72,true,1,
7290000289380,false,"סנו - ז'אוול לניקוי אסלות לימון 750 מ""ל",,IL,גל ניקוי אסלה סנו זא,מיליליטרים,750.00,"100 מ""ל",false,1,15.60,2.08,true,1,
7290000289496,false,"סנו - ז'אוול ג'ל קרם לניקוי כללי לימון 750 מ""ל",הורביץ סחר,IL,סנו זאוול גל קרם לימ,מיליליטרים,750.00,"100 מ""ל",false,1,14.20,1.89,true,1,
7290000291956,false,סנו ז'אוול בריח לבנדר 1 ל',,,סנו זאוול מונבלאן 1,מיליליטרים,1000.00,"100 מ""ל",false,1,8.30,0.83,true,1,
7290000291963,false,סנו ז'אוול סמיכה לימון 1 ל',סנו,IL,סנו זאוול סמיכה 1 לי,מיליליטרים,1000.00,"100 מ""ל",false,1,8.30,0.83,true,1,
7290000292311,false,סנו פוליווקס לרצפות סחלבים 2ל',"סנו מפעלי ברונוס בע""",IL,סנו פוליויקס סחלבים,ליטרים,0.00,ליטר,false,1,22.90,22.90,true,1,
7290000292533,false,ג'ל סנו כחול לניקוי כללי 1 ליטר,,IL,גל ניקוי כללי סנו 1,ליטרים,0.00,ליטר,false,1,16.90,16.90,true,1,
7290000292915,false,"סנו רסס ונגב אקדח 750מ""ל","סנו מפעלי ברונוס בע""",IL,סנו רסס ונגב 750 מל,מיליליטרים,750.00,"100 מ""ל",false,1,13.90,1.85,true,1,
7290000293073,false,מרכך כביסה מקסימה ביו לבן 4 ל' סנו,"סנו מפעלי ברונוס בע""",IL,סנו מקסימה מרכך כביס,ליטרים,0.00,ליטר,false,1,19.90,19.90,true,1,
7290000293561,false,"סנו מסיר עובש 750 מ""ל","סנו מפעלי ברונוס בע""",IL,סנו עובש,מיליליטרים,750.00,"100 מ""ל",false,1,15.90,2.12,true,1,
7290000293820,false,"קרמה מן שמפו וג'ל גל רחצה אקטיב בלוק 700מ""ל",קוסמופארם בעמ,IL,גל רחצה קרמה מן אקטי,מיליליטרים,700.00,"100 מ""ל",false,1,20.90,2.99,true,1,
7290000293943,false,סנו אנטי קאלק מסיר אבנית וחלודה 1ל',מיוצר עי קונדיטוריית,IL,מרסס סנו אנטי קאלק 1,מיליליטרים,1000.00,"100 מ""ל",false,1,17.90,1.79,true,1,
7290000294773,false,סנו ז'אוול בריח לבנדר 4 ל',"סנו מפעלי ברונוס בע""",IL,סנו זאוול מונבלאן 4,ליטרים,0.00,ליטר,false,1,16.90,16.90,true,1,
7290000294780,false,סנו - ז'אוול אקונומיקה סמיכה מבושמת 4 ליטר,"סנו מפעלי ברונוס בע""",IL,סנו זאוול סמיכה 4 לי,ליטרים,0.00,ליטר,false,1,16.90,16.90,true,1,
7290000295299,false,סנו סושי כריות הפלא רב תכלתיות רביעייה,סנו מפעלי ברונו בעמ,IL,סנו סושי כריות הפלא,Unknown,0.00,Unknown,false,1,9.70,9.70,true,1,
7290000295336,false,"סנו - מקסימה אבקת כביסה סנסטיב 1.25 ק""ג",סנו מפעלי ברונוס בעמ,IL,סנו מקסימה סנסטיב שק,קילוגרמים,0.00,"ק""ג",false,1,14.90,14.90,true,1,
7290000295343,false,"אבקת כביסה מקסימה ביו 1.25 ק""ג סנו",סנו,,סנו מקסימה ביו שקית,קילוגרמים,0.00,"ק""ג",false,1,14.90,14.90,true,1,
7290000295503,false,סנו סושי שקיות אוכל מתכלות זוג *150 יח',הורביץ סחר,CN,סנו סושי 150 שקיות ב,Unknown,0.00,Unknown,false,1,13.90,13.90,true,1,
7290000295558,false,רדיד אלומיניום סנו סושי זוגי 30X7.5מ',מולינו ניקולי s.p.a,CN,סנו סושי צמד רדידי א,מטרים,15.00,מטר,false,1,10.90,0.73,true,1,
7290000295565,false,רדיד אלומיניום סנו סושי זוגי 45X7.5מ',,,צמד רדיד אלומיניום 7,מטרים,15.00,מטר,false,1,16.90,1.13,true,1,
7290000295749,false,ספוג כייף סאקי מסאז 1יח',גוד פוד פרודקטס S.p,IL,סנו ספוג סאקי מסאז,Unknown,0.00,Unknown,false,1,12.50,12.50,true,1,
7290000303598,false,שעועית לבנה אפויה במיץ עגבניות A2,פרי הגליל בעמ,IL,שעועית לבנה אפויה במ,גרמים,550.00,100 גרם,false,1,7.90,1.44,true,1,
7290000305882,false,אס הרינג עם ירקות ברוטב עגבניות 120 גרם,סטארקיסט פודור בעמ,IL,קוליאס אס 120 גרם,גרמים,120.00,100 גרם,false,1,6.80,5.67,true,1,
7290000307015,false,אפונת גינה גדול 550 גר A2 פרי גליל,פרי הגליל בעמ,IL,אפונת גינה גדול 550,גרמים,550.00,100 גרם,false,1,7.90,1.44,true,1,
7290000307046,false,אפונת גינה וגזר 550 גר A2 פרי גליל,פרי הגליל בעמ,IL,אפונת גינה וגזר 550,גרמים,550.00,100 גרם,false,1,7.90,1.44,true,1,
7290000307220,false,גרעיני תירס מתוק בואקום פרי הגליל 285 גרם,,IL,תירס מתוק בואקום OZ,גרמים,450.00,100 גרם,false,1,6.90,1.53,true,1,
7290000307237,false,גרעיני תירס מתוק 550 ג' פרי הגליל,פרי הגליל בעמ,IL,תירס מתוק 550 גר A2,גרמים,550.00,100 גרם,false,1,7.90,1.44,true,1,
7290000311715,false,מן עוגיות כוכבים שוקולד 300 גרם,תות ממתקי איכות,IL,מן עוגיות בטעם שוקו,גרמים,500.00,100 גרם,false,1,8.90,1.78,true,1,
7290000313290,false,אסם נודלס נודלס אטריות מסולסלות 200ג',תאי פרזידנט פוד בנגק,TH,נודלס אטריות מסולסלו,גרמים,200.00,100 גרם,false,1,11.40,5.70,true,1,
7290000313528,false,חלת שמרים,,,חלה בית מאפה שמרים,Unknown,0.00,Unknown,false,1,15.90,15.90,true,1,
7290000315126,false,קנור ציר עוף משחתי 3,יוניליוור ישראל מזון,IL,ציר עוף 300 גרם קנור,גרמים,300.00,100 גרם,false,1,26.50,8.83,true,1,
7290000334684,false,טבעות בצל 700 גרם תפוגן,"תעשיות תפוגן בע""מ",IL,טבעות בצל 700 גרם תפ,גרמים,700.00,100 גרם,false,1,17.90,2.56,true,1,
7290000334745,false,"אמריקאן צ'יפס תפוגן 1.5 ק""ג","תעשיות תפוגן בע""מ",IL,תפוגן אמריקן ציפס 1.,קילוגרמים,0.00,"ק""ג",false,1,26.50,26.50,true,1,
7290000339191,false,אבקת הלבנה רן 350 גר,זהר דליה,IL,רן הלבנה 350 גרם,גרמים,350.00,100 גרם,false,1,26.50,7.57,true,1,
7290000339566,false,מרכך כביסה ורוד 4 ל' בדין,יוניליור ישראל טיפוח,IL,בדין 4 ליטר ורוד,ליטרים,0.00,ליטר,false,1,19.90,19.90,true,1,
7290000342832,false,מרכך כביסה צהוב 4 ל' בדין,,IL,מרכך כביסה בדין צהוב,ליטרים,0.00,ליטר,false,1,19.90,19.90,true,1,
7290000342856,false,מרכך כביסה כחול 4 ל' בדין,יוניליור ישראל טיפוח,IL,בדין 4 ליטר כחול,ליטרים,0.00,ליטר,false,1,19.90,19.90,true,1,
7290000345260,false,תה ויסוצקי 25 שקיקים 1.5 גרם,מולינו ניקולי s.p.a,IL,תה ויסוצקי 25 שקיקים,Unknown,0.00,Unknown,false,1,8.40,8.40,true,1,
7290000345277,false,תה ויסוצקי קלאסיק 75 יחידות,מולינו ניקולי s.p.a,IL,תה ויסוצקי קלאסיק 50,Unknown,0.00,Unknown,false,1,14.60,14.60,true,1,
7290000345284,false,תה ויסוצקי קלאסיק טעם עשיר 100/1.5יח',מולינו ניקולי s.p.a,IL,תה קלאסיק 100 שקיקים,גרמים,150.00,100 גרם,false,1,16.90,11.27,true,1,
7290000345291,false,תה ארל גריי 25 שקיקים ויסוצקי,ויסוצקי,IL,תה ארל גריי 25 שקיקי,Unknown,0.00,Unknown,false,1,16.60,16.60,true,1,
7290000346120,false,חליטת קסם הקינמון 25 שקיקים גן קסום,HIQ FOOD PRODUCTS,IL,חליטת קסם הקינמון 25,Unknown,0.00,Unknown,false,1,18.90,18.90,true,1,
7290000346168,false,תה ויסוצקי חליטת שומר הגן הקסום 25יח',HIQ FOOD PRODUCTS,IL,חליטת שומר 25 שקיקים,Unknown,0.00,Unknown,false,1,18.90,18.90,true,1,
7290000346199,false,חליטת פירות היער 25 שקיקים גן קסום,HIQ FOOD PRODUCTS,IL,חליטת פירות היער 25,Unknown,0.00,Unknown,false,1,18.90,18.90,true,1,
7290000347752,false,תה ירוק לימונית ולואיזה 25 שקיקים *1.5 ג'' ויסוצקי,HIQ FOOD PRODUCTS,IL,תה ירוק לימונית לואי,Unknown,0.00,Unknown,false,1,24.90,24.90,true,1,
7290000363233,false,קבנוס מובחר 100 גרםטירת צבי,,,קבנוס מובחר 100 גרם,גרמים,100.00,100 גרם,false,1,15.20,15.20,true,1,
7290000363363,false,קבנוס מיוחד 160 גרםטירת צבי,הנסיך- מפעל לייצור ט,IL,קבנוס מיוחד 160 גרם,גרמים,160.00,100 גרם,false,1,20.90,13.06,true,1,
7290000363899,false,נקניקיות פיקנטיות טירת צבי 400 גר',,IL,נקניקיות פיקנטיות,גרמים,400.00,100 גרם,false,1,12.90,3.23,true,1,
7290000364261,false,דקניקים סלסולי כתף בקר 120 ג' טירת צבי,הנסיך- מפעל לייצור ט,IL,סלסולי כתף בקר 120גר,גרמים,120.00,100 גרם,false,1,14.90,12.42,true,1,
7290000364278,false,דקניקים סילסולי סלמי איטלקי 120 ג' טירת צבי,הנסיך- מפעל לייצור ט,IL,סלסולי סלמי איטלקי,גרמים,120.00,100 גרם,false,1,14.90,12.42,true,1,
7290000364285,false,דקניקים סלסולי פסטרמה הודו 120 ג' טירת צבי,הנסיך- מפעל לייצור ט,IL,סלסולי פסטרמה הודו,גרמים,120.00,100 גרם,false,1,14.90,12.42,true,1,
7290000364292,false,דקניקים סלסולי פסטרמה הודו על גחלים 120 ג' טירת צבי,הנסיך- מפעל לייצור ט,IL,סלסולי גחלים 120גר,גרמים,120.00,100 גרם,false,1,14.90,12.42,true,1,
7290000364858,false,"נקניקיות עוף טרי 1 ק""ג טירת צבי",הנסיך- מפעל לייצור ט,IL,טירת צבי נקניקיות עו,קילוגרמים,0.00,"ק""ג",false,1,24.90,24.90,true,1,
7290000364872,false,נקניקיות עוף 400 גרםטירת צבי,טיב טירת צבי 2000,IL,נקניקיות עוף 400 גרם,גרמים,400.00,100 גרם,false,1,13.90,3.48,true,1,
7290000364957,false,נקניקיות מיני מיני עוף 700 גרםטירת צבי,הנסיך- מפעל לייצור ט,IL,נקניקיות מיני מיני ע,גרמים,700.00,100 גרם,false,1,24.90,3.56,true,1,
7290000365398,false,חזה הודו בדבשטירת צבי,טירת צבי,,חזה הודו בדבש,Unknown,0.00,"ק""ג",true,0,85.00,85.00,true,1,
7290000367590,false,צמד כפרי סלמי+פסטרמה 800 גרם טירת צבי,טיב טירת צבי 2000,IL,צמד כפרי טירת צבי,גרמים,800.00,100 גרם,false,1,26.90,3.36,true,1,
7290000377209,false,בוטנים מטוגנים קליית,"ג'י אנד ג'י בע""מ",IL,בוטן מטוגן 200 גרם,גרמים,200.00,100 גרם,false,1,8.30,4.15,true,1,
7290000377445,false,נש צאנס קלית גת 200 גר',"ג'י אנד ג'י בע""מ",IL,חטיף נש צאנס 200 גרם,גרמים,200.00,100 גרם,false,1,9.90,4.95,true,1,
7290000408316,false,יוגורט דנונה דל לקטוז 200 גרם,מיוצר עי קונדיטוריית,IL,דנונה דל לקטוז,גרמים,200.00,100 גרם,false,1,3.70,1.85,true,1,
7290000408354,false,יוגורט עם אורז מצופה שוקולד קקאו 175 ג' דנונה,"שטראוס בריאות בע""מ",IL,דנונה בר פצפוצים 173,גרמים,173.00,100 גרם,false,1,4.60,2.66,true,1,
7290000412481,false,סנו - מנקה אסלות 00 1 ליטר,מיוצר עי קונדיטוריית,IL,סנו מנקה אסלות 00 1,מיליליטרים,1000.00,"100 מ""ל",false,1,8.90,0.89,true,1,
7290000416021,false,ממרח שוקולד השחר חלבי 500 גר',השחר העולה,IL,ממרח השחר 500 גרם,גרמים,500.00,100 גרם,false,1,13.90,2.78,true,1,
7290000416045,false,ממרח שוקולד השחר דלי,השחר העולה,IL,"ממרח השחר 1 ק""ג",גרמים,1000.00,100 גרם,false,1,24.90,2.49,true,1,
7290000416854,false,אבקת קקאו השחר העולה 150ג',אף.סי תבליני בגליל ב,IL,קקאו 150 גרם השחר הע,גרמים,150.00,100 גרם,false,1,11.80,7.87,true,1,
7290000419107,false,לנדוור כחול המקורי טחון טורקי 24*100ג,קפה לנדוור בע''מ,IL,קפה לנדור כחול 100 ג,גרמים,100.00,100 גרם,false,1,8.30,8.30,true,1,
7290000419220,false,מארז קפה לנדוור לבוקר 3 יח 100 גרם,,,מארז קפה לנדוור לבוק,גרמים,300.00,100 גרם,false,1,23.90,7.97,true,1,
7290000420325,false,פופ קורן טבעי למיקרוגל 5 יח',Preston farms,US,פופ קורן טבעי למיקרו,גרמים,300.00,100 גרם,false,1,12.90,4.30,true,1,
7290000420332,false,פופ קורן חמאה למיקרוגל 5יח',Preston farms,US,פופ קורן חמאה למיקרו,גרמים,300.00,100 גרם,false,1,12.90,4.30,true,1,
7290000430102,false,"שקיות קרח 2 ק""ג ""מר אייס""",אייס קיוב,,"קוביות קרח 2 ק""ג",קילוגרמים,0.00,"ק""ג",false,1,10.90,10.90,true,1,
7290000432663,false,נרות שבת מס 10 180 ג,,,נרות חימום 10 קוד,Unknown,0.00,Unknown,false,1,6.00,6.00,true,1,
7290000446547,false,חמאת בוטנים טבעי 350ג' בי&די,בטר אנד דיפרנט,IL,חמאת בוטנים טבעית בט,גרמים,350.00,100 גרם,false,1,14.20,4.06,true,1,
7290000446554,false,"חמאת בוטנים טבעית 1 ק""ג בי&די",,,חמאת בוטנים טבעית בט,גרמים,1000.00,100 גרם,false,1,26.90,2.69,true,1,
7290000453019,false,שמרים טריים לאפייה שקית שמרית 50 ג',"פאקא תעשיות בע""מ",IL,שמרית בשקית 50 גרם,גרמים,50.00,100 גרם,false,1,4.90,9.80,true,1,
7290000453125,false,שמרים ומשפר אפיה ביתי שמרית 100ג',,,שמרית+משפר אפיה 100,גרמים,100.00,100 גרם,false,1,7.90,7.90,true,1,
7290000453408,false,בצק פיצה דק מצונן ומוכן לאפיה 415 גר,"פאקא תעשיות בע""מ",GR,בצק פיצה דק מצונן,גרמים,415.00,100 גרם,false,1,17.50,4.22,true,1,
7290000453415,false,בצק עלים מצונן ומוכן לאפייה שמרית,"פאקא תעשיות בע""מ",FR,בצק עלים מצונן ומוכן,גרמים,300.00,100 גרם,false,1,15.90,5.30,true,1,
7290000453422,false,בצק פילו מצונן ומוכן לאפייה שמרית,"פאקא תעשיות בע""מ",GR,בצק פילו מוכן לאפיה,גרמים,300.00,100 גרם,false,1,16.70,5.57,true,1,
7290000453781,false,שמרים יבשים שמרית 125 גרם,,PT,שמרים יבשים שמרית 12,גרמים,125.00,100 גרם,false,1,6.90,5.52,true,1,
7290000453798,false,שמרית שמרים יבשים אקטיביים 500 גר',"גי' בי' רכיבים בע""מ",,שמרים יבשים אקטיבים,גרמים,500.00,100 גרם,false,1,16.90,3.38,true,1,
7290000453866,false,נטורינה קוקוס לאפייה שמרית 200ג',גרונבאנג- גרונדנסק א,DK,נטורינה קוקוס שמרית,גרמים,200.00,100 גרם,false,1,7.30,3.65,true,1,
7290000453897,false,מרגרינה בטעם חמאה שימרית 200 ג',גרונבאנג- גרונדנסק א,DK,מרגרינה בטעם חמאה שמ,גרמים,200.00,100 גרם,false,1,5.10,2.55,true,1,
7290000461625,false,בייגלה שמיניות מלח בייגל בייגל 400 ג',בייגל את בייגל מזון,IL,בייגלה שמיניות מלוח,גרמים,400.00,100 גרם,false,1,13.50,3.38,true,1,
7290000461656,false,בייגלה אחד אחד 400 ג' מקלות,בייגל את בייגל מזון,IL,בייגלה אחד אחד 400 ג,גרמים,400.00,100 גרם,false,1,13.50,3.38,true,1,
7290000461700,false,בייגל גדול גדול 400 גרם,בייגל את בייגל מזון,IL,בייגל גדול גדול 400,גרמים,400.00,100 גרם,false,1,16.70,4.18,true,1,
7290000462141,false,סחוג אדום חריף 150 ג' זהבי,קריניסה ויטמין אס אי,IL,זחוק אדום מריף מאוד,גרמים,350.00,100 גרם,false,1,10.40,2.97,true,1,
7290000462172,false,סחוג ירוק חריף מאוד זהבי 150 ג',קריניסה ויטמין אס אי,IL,סחוג זהבי ירוק חריף,גרמים,150.00,100 גרם,false,1,10.40,6.93,true,1,
7290000467153,false,חומוס צבר סמיר הגדול 400ג',סלטי צבר,IL,חומוס סמיר הגדול 400,גרמים,400.00,100 גרם,false,1,13.90,3.48,true,1,
7290000474502,false,גבינה לבנה 5% 250ג' טרה מהדרין,טרה,IL,גבינה לבנה 5%,גרמים,250.00,100 גרם,false,1,4.98,1.99,true,1,
7290000474540,false,גבינה טוב טעם 3% טרה 250ג' מהדרין,טרה,IL,טוב טעם 250 גרם,גרמים,250.00,100 גרם,false,1,11.90,4.76,true,1,
7290000480107,false,קוואקר שיבולת שועל פחית 500 גר,וולקרס סנקס לימיטד,,קוואקר שיבולת שועל פ,גרמים,500.00,100 גרם,false,1,12.90,2.58,true,1,
7290000480442,false,קוואקר שבולת שועל שקית 500 גרם,שטראוס גרופ,IL,קוואקר 500 גרם שקית,גרמים,500.00,100 גרם,false,1,9.90,1.98,true,1,
7290000483412,false,קישוטי עוגה טיפטופים,המרשלג פרלינס בעמ,IL,טיפטופי המרשלג 60 גר,Unknown,0.00,Unknown,false,1,13.90,13.90,true,1,
7290000483641,false,מרציפן חלה המרשלג 75 גרם,"המרשלג פרלינס בע""מ",IL,מרציפן חלה המרשלג 75,גרמים,75.00,100 גרם,false,1,9.60,12.80,true,1,
7290000483887,false,מרציפן המרשלג ללא תוספת סוכר 75 גרם,,,מרציפן המרשלג ללא תו,גרמים,75.00,100 גרם,false,1,16.20,21.60,true,1,
7290000483924,false,המרשלג בצק סוכר 600 גרם,,,המרשלג בצק סוכר 600,גרמים,600.00,100 גרם,false,1,15.50,2.58,true,1,
7290000484549,false,"כהל 96% לשתיה 750 מ""ל",,IL,"כהל 96% לשתיה 750 מ""",מיליליטרים,750.00,"100 מ""ל",false,1,145.90,19.45,true,1,
7290000484747,false,עלית הארק 40% בקבוק,יקבי הגליל יוסף,,"ערק עלית 40% 700 מ""ל",מיליליטרים,700.00,"100 מ""ל",false,1,55.90,7.99,true,1,
7290000493176,false,אבקת רוטב צלי לבשר 22ג' אסם,"אסם השקעות בע""מ",IL,אבקת רוטב צלי לבשר-2,גרמים,22.00,100 גרם,false,1,4.90,22.27,true,1,
7290000497044,false,לחם ברמן אקטיב 750 גר,יוליניבר,IL,לחם ברמן אקטיב 750 ג,גרמים,750.00,100 גרם,false,1,15.90,2.12,true,1,
7290000497204,false,פיתות אסלי 5 יח' ברמן,יוליניבר,IL,פיתות אסלי ברמן 5 יח,גרמים,500.00,100 גרם,false,1,6.90,1.38,true,1,
7290000497228,false,לחמניה רגילה בשקית ברמן 6יח',יוליניבר,IL,שש לחמניות בשקית,גרמים,450.00,100 גרם,false,1,10.50,2.33,true,1,
7290000497426,false,לחם ברמן לענין פלוס 500 גרם,יוליניבר,IL,לחם ברמן לענין פלוס,גרמים,500.00,100 גרם,false,1,14.50,2.90,true,1,
7290000498058,false,חלה כוסמין חלומית כוסמין חלה מתוקה 500 ג,,IL,חלה כוסמין חלומית כו,גרמים,500.00,100 גרם,false,1,21.90,4.38,true,1,
7290000504049,false,סוכרזית קנקן 1200 טבליות,אף.סי תבליני בגליל ב,IL,סוכרזית קנקן 1200 טב,Unknown,0.00,Unknown,false,1,31.50,31.50,true,1,
7290000518169,false,ממתיק מתוק וקל בקבוק,פתח תקווה,IL,מתוק וקל 1000 טבליות,Unknown,0.00,Unknown,false,1,10.30,10.30,true,1,
7290000518220,false,סוכרה דיאט ממתיק 100 שקיות,פתח תקווה,IL,סוכרה דיאט 100 שקיות,גרמים,100.00,100 גרם,false,1,25.90,25.90,true,1,
7290000522104,false,חלב הרים עמיד 3% 1 ל,,,חלב עמיד 3% 1 ליטר,מיליליטרים,1000.00,"100 מ""ל",false,1,8.10,0.81,true,1,
7290000523125,false,מלח הארץ הים האדום 250 ג' עדין,חברת מלח הארץ אילת ב,IL,מלח הארץ ים יבש 250,גרמים,250.00,100 גרם,false,1,5.90,2.36,true,1,
7290000523224,false,מלח הארץ הים האדום 500 ג' עדין,חברת מלח הארץ אילת ב,IL,מלח הארץ ים יבש 500,גרמים,500.00,100 גרם,false,1,7.90,1.58,true,1,
7290000523514,false,מלח ים יבש מופחת נתרן 250 גר,חברת מלח הארץ אילת ב,IL,מלח ים יבש מופחת נתר,גרמים,250.00,100 גרם,false,1,12.50,5.00,true,1,
7290000523521,false,מלח ים מועשר ביוד 250 ג' מלח הארץ,חברת מלח הארץ אילת ב,IL,מלח הארץ מועשר ביוד,גרמים,250.00,100 גרם,false,1,6.90,2.76,true,1,
7290000523804,false,"מלח עדין צנצנת 1 ק""ג מלח הארץ",חברת מלח הארץ אילת ב,IL,"מלח עדין 1 ק""ג צנצנת",גרמים,1000.00,100 גרם,false,1,8.30,0.83,true,1,
7290000523811,false,"צנצנת מלח גס 1 ק""ג מלח הארץ",חברת מלח הארץ אילת ב,IL,"מלח גס 1 ק""ג צנצנת",גרמים,1000.00,100 גרם,false,1,9.00,0.90,true,1,
7290000525969,false,פרימור סחוט תפוזים טבעי 1ל',גניר,IL,מיץ תפוזים סחוט 1 ל,מיליליטרים,1000.00,"100 מ""ל",false,1,15.80,1.58,true,1,
7290000540269,false,"שיפודים 4 מ""מ 25 ס""מ 75 יח",,CN,"שיפודים 4 מ""מ 25 ס""מ",יחידה,1.00,יחידה,false,1,5.50,5.50,true,1,
7290000540504,false,BBQ רויאל ארובה פרימיום להדלקת פחמים,,,BBQ רויאל ארובה פרימ,יחידה,1.00,יחידה,false,1,110.00,110.00,true,1,
7290000540931,false,עוגיות האחים 400 גרם פירמידה,,,עוגיות האחים 400 גרם,גרמים,400.00,100 גרם,false,1,13.50,3.38,true,1,
7290000542546,false,בגט צרפתי קלאסי,,,בגט אוטנטיק,Unknown,0.00,Unknown,false,1,8.90,8.90,true,1,
7290000554402,false,מלבי מעדן חלב גד 170,"מיוצר ע""י קוד יצרן E",IL,מעדן מלבי 160 גר,גרמים,160.00,100 גרם,false,1,5.60,3.50,true,1,
7290000554457,false,גבינה צפתית מיני 5% גד 350ג',"מחלבות גד בע""מ",IL,צפתית מיני 5% 350 גר,גרמים,350.00,100 גרם,false,1,21.00,6.00,true,1,
7290000554471,false,גבינת מוצרלה 22% נקניק 180ג' גד,"מחלבות גד בע""מ",IL,מוצרלה 180 גרם,גרמים,180.00,100 גרם,false,1,17.50,9.72,true,1,
7290000554532,false,גבינה צפתית מעודנת במלח ים 5% 200 ג' גד,הנסיך- מפעל לייצור ט,IL,צפתית מעודנת 5% במלח,גרמים,200.00,100 גרם,false,1,15.80,7.90,true,1,
7290000554600,false,גבינת מוצרלה מגורדת 22% 300ג' גד,מחלבות גד בעמ,IL,מוצרלה מגורדת 300 גר,גרמים,300.00,100 גרם,false,1,26.60,8.87,true,1,
7290000554624,false,ירח מתוק מעדן גד 150ג',"מיוצר ע""י קוד יצרן E",IL,מעדן ירח מתוק 150 גר,גרמים,150.00,100 גרם,false,1,6.00,4.00,true,1,
7290000554686,false,לאבנה בשמן זית וזעתר 5% שומן 250 ג' גד,מחלבות גד בעמ,IL,לבנה בשמן זית וזעתר,גרמים,250.00,100 גרם,false,1,16.20,6.48,true,1,
7290000554822,false,גבינת ריקוטה טבעי 5% שומן 250 ג' גד,מחלבות גד בעמ,IL,ריקוטה 250 גרם,גרמים,250.00,100 גרם,false,1,14.90,5.96,true,1,
7290000554839,false,שמנת מתוקה קשה בסגנון איטלקי 40% שומן 250 ג' גד,מחלבות גד בעמ,IL,גבינת מסקרפונה 250 ג,גרמים,250.00,100 גרם,false,1,22.40,8.96,true,1,
7290000560557,false,אדג ג'ל תכלת לרכוך העור 198 ג',אס.סי ג'ונסון ובניו,US,אדג גל לרכוך העור 19,גרמים,198.00,100 גרם,false,1,20.90,10.56,true,1,
7290000571232,false,גבינת גאודה טבעית פרוס 30% המחלווה 150ג',גבינות משק אחים מאיר,IL,גבינת גאודה טבעי פרו,גרמים,200.00,100 גרם,false,1,22.90,11.45,true,1,
7290000571300,false,גבינה גאודה פרוס מעושנת המחלבה 150ג',גבינות משק אחים מאיר,IL,גבינת גאודה מעושנת,גרמים,200.00,100 גרם,false,1,22.90,11.45,true,1,
7290000571386,false,יוגורמה יוגורט כבשים 850 גר,גבינות משק אחים מאיר,IL,יוגורמה יוגורט כבשים,גרמים,850.00,100 גרם,false,1,28.80,3.39,true,1,
7290000571393,false,יוגורמה יוגורט כבשים 140 גר,גבינות משק אחים מאיר,IL,יוגורמה יוגורט כבשים,גרמים,140.00,100 גרם,false,1,6.30,4.50,true,1,
7290000571478,false,גבינת תום עיזים פרוס 200 גרם,גבינות משק אחים מאיר,IL,גבינת תום עיזים פרוס,גרמים,200.00,100 גרם,false,1,39.40,19.70,true,1,
7290000571935,false,יוגורמה יוגורט כבשים עם גרנולה 140 גר,תנובה,IL,יוגורמה יוגורט כבשים,גרמים,140.00,100 גרם,false,1,6.20,4.43,true,1,
7290000572208,false,חלבה חטיף וניל אחווה 100ג',שוורצקוף& הנקל דיסלד,IL,חלבה 100 גרם אחוה,גרמים,100.00,100 גרם,false,1,3.20,3.20,true,1,
7290000572536,false,אחווה חלווה ווניל במגש 400 גר,אף.סי תבליני בגליל ב,IL,אחווה חלווה ווניל במ,גרמים,400.00,100 גרם,false,1,14.90,3.73,true,1,
7290000642543,false,חלת כוסמין,,,חלת כוסמין,Unknown,0.00,Unknown,false,1,19.90,19.90,true,1,
7290000654546,false,פילה אמנון קפוא 100% דג,תנובה,IL,פילה אמנון קפוא 7-9,Unknown,0.00,"ק""ג",true,0,34.90,34.90,true,1,
7290000662817,false,תנובה סלמון מעושן 100 גרם,,צ'ילה (TDE),סלמון מעושן 100 גרם,גרמים,100.00,100 גרם,false,0,23.90,23.90,true,1,
7290000688077,false,"מי עדן 0.500 מ""ל פקק רגיל",מופק ממקור בזלתי עדן,IL,"מי עדן 500 מ""ל",מיליליטרים,500.00,"100 מ""ל",false,1,1.90,0.38,true,1,
7290000688374,false,"שישיית מי עדן קטקטים 250 מ""ל","מי עדן בע""מ",IL,שישיית מי עדן בייבי,ליטרים,0.00,ליטר,false,1,16.50,16.50,true,1,
7290000688381,false,שישיית מי עדן פקק ספורט 0.5 ליטר,"מי עדן בע""מ",IL,מי עדן שישיה אישי,מיליליטרים,3000.00,"100 מ""ל",false,1,14.90,0.50,true,1,
7290000688503,false,"שישיית מי עדן ג'ים 750 מ""ל","מי עדן בע""מ",,שישיית מים ספורט 750,מיליליטרים,4500.00,"100 מ""ל",false,1,15.90,0.35,true,1,
7290000690536,false,לבבות חסה שטופה,,,לבבות חסה שטופה,Unknown,0.00,Unknown,false,1,11.90,11.90,true,1,
7290000692135,false,ספיד סטיק בסיסי ירוק א.פ פרש פאוור,,,ספיד סטיק אנטי פרספר,גרמים,57.00,100 גרם,false,1,20.90,36.67,true,1,
7290000692227,false,נוזל כלים פלמוליב צילינדר קלאסי 1 ליטר,יבואן ומשווק: ש. שסט,GR,פלמוליב צילינדר 1 לי,מיליליטרים,1000.00,"100 מ""ל",false,1,16.20,1.62,true,1,
7290000742540,false,לחם מיוחד בריאות של שמרים,,,לחם מיוחד בריאות,Unknown,0.00,Unknown,false,1,21.90,21.90,true,1,
7290000789538,false,קרנץ שמרים,,,קרנץ שמרים,Unknown,0.00,Unknown,false,1,43.90,43.90,true,1,
7290000805597,false,בונזו סניור 7+ 3 קג,ביופט בעמ,FR,בונזו סניור 7+ 3 קג,קילוגרמים,0.01,"ק""ג",false,1,49.90,4990.00,true,1,
7290000979427,false,עגבניות שרי כתום לבבות,חקלאי,IL,עגבניות שרי כתום,Unknown,0.00,Unknown,false,1,11.90,11.90,true,1,
7290000982113,false,עגבניית טעם,חקלאי,IL,עגבניית טעם,Unknown,0.00,"ק""ג",true,0,16.90,16.90,true,1,
7290000993461,false,שרי צהוב לבבות ארוז,חקלאי,IL,שרי צהוב,Unknown,0.00,Unknown,false,1,12.90,12.90,true,1,
7290000993560,false,עגבניות שרי שוקו \מנומר 500ג' ארוז,רון שרי,IL,שרי מנומר,Unknown,0.00,Unknown,false,1,12.90,12.90,true,1,
7290000995410,false,נבטים סינים 280ג',חקלאי,IL,נבטים סינים,Unknown,0.00,Unknown,false,1,6.90,6.90,true,1,
7290001045633,false,"פרימור משקה לימונים ונענע 400מ""ל",גניר,IL,לימונענע 400 מ פרימו,מיליליטרים,400.00,"100 מ""ל",false,1,10.90,2.73,true,1,
7290001045688,false,"תפוזים סחוט 400 מ""ל פרימור",גניר,IL,"תפוזים סחוט 400 מ""ל",מיליליטרים,400.00,"100 מ""ל",false,1,10.90,2.73,true,1,
7290001065983,false,פסיליום 340 גר`,,,פסיליום 340 גר`,Unknown,0.00,Unknown,false,1,64.90,64.90,true,1,
7290001136294,false,"שמפו נקה 7 לשיער יבש אדום 750מ""ל",גוד פוד פרודקטס S.p,IL,נקה 7 שמפו לשיער יבש,גרמים,750.00,100 גרם,false,1,14.50,1.93,true,1,
7290001136683,false,"מרכך לשיער רגיל ירוק 750 מ""ל נקה 7",אמיליה קוסמטיקס בעמ,IL,נקה 7 מרכך לכל סוגי,מיליליטרים,750.00,"100 מ""ל",false,1,14.50,1.93,true,1,
7290001201589,false,ביצים אריזון 12 גדול,,,ביצים אריזון 12 גדול,Unknown,0.00,Unknown,false,1,12.05,12.05,true,1,
7290001201596,false,ביצים אריזון 12 בינוני,,,ביצים אריזון 12 בינו,Unknown,0.00,Unknown,false,1,11.15,11.15,true,1,
7290001201824,false,תבנית ביצים 12 יח' לארג' אורגני,,,ביצים אורגניות 12 יח,Unknown,0.00,Unknown,false,1,23.50,23.50,true,1,
7290001201855,false,ביצים לארג' אומגה 12 יח',,,ביצים אומגה 3 12 יח,Unknown,0.00,Unknown,false,1,21.90,21.90,true,1,
7290001201862,false,ביצי חופש לארג' 12 יחידות,,,ביצי חופש 12 יח L,Unknown,0.00,Unknown,false,1,20.90,20.90,true,1,
7290001201893,false,ביצים אומגה M 12 יח,,,ביצים אומגה M 12 יח,יחידה,1.00,יחידה,false,1,19.90,19.90,true,1,
7290001216040,false,טחינה 500 גרם טחינת אל-ארז,דולפין ספא,IL,טחינה 500 גרם טחינת,גרמים,500.00,100 גרם,false,1,16.20,3.24,true,1,
7290001216057,false,"טחינה גולמית אל ארז 1 ק""ג",דולפין ספא,IL,"טחינה 1 ק""ג טחינת אל",גרמים,500.00,100 גרם,false,1,32.30,6.46,true,1,
7290001216231,false,טחינה גולמית שומשום מלא אל ארז 500ג',דולפין ספא,IL,טחינה מלאה 500 גרם ט,גרמים,500.00,100 גרם,false,1,17.20,3.44,true,1,
7290001230331,false,סיגריות כאמל בוקס חפ,JTI,,כאמל בוקס חפיסה,Unknown,0.00,Unknown,false,1,30.90,30.90,true,1,
7290001230739,false,כאמל קופסא בודדת כחו,JTI,,כאמל כחול חפיסה,Unknown,0.00,Unknown,false,1,30.90,30.90,true,1,
7290001231932,false,ווינסטון כחול בוקס חפיסה,JTI,,ווינסטון כחול בוקס ח,Unknown,0.00,Unknown,false,1,33.00,33.00,true,1,
7290001235938,false,סיגריות וינסטון כחול,JTI,,ווינסטון כחול ארוך,Unknown,0.00,Unknown,false,1,33.00,33.00,true,1,
7290001245736,false,ג'ל כביסה כחול טאצ' 3 ליטר סלקט,,,גל כביסה כחול 3 ליטר,Unknown,0.00,Unknown,false,1,19.90,19.90,true,1,
7290001246146,false,מסיר אבן 1 ליטר טאצ',,,מסיר אבן 1 ליטר טאצ,Unknown,0.00,Unknown,false,1,12.90,12.90,true,1,
7290001246535,false,ת. נירוסטה 400 מל טאצ,,,ת. נירוסטה 400 מל טא,Unknown,0.00,Unknown,false,1,17.90,17.90,true,1,
7290001246542,false,"ת. מבריק רהיטים 400 מ""ל טאצ",,,ת. מבריק רהיטים 400,Unknown,0.00,Unknown,false,1,14.90,14.90,true,1,
7290001246764,false,נוזל רצפות ספא מפנק טאצ' 2 ליטר,,,נוזל רצפות ספא מפנק,Unknown,0.00,Unknown,false,1,18.90,18.90,true,1,
7290001246962,false,אקופרינד-נוזל כלים תפוז 1 ליטר,פ.פ.ח. שאביט,IL,אקופרינד-נוזל כלים ת,מיליליטרים,1000.00,"100 מ""ל",false,1,14.90,1.49,true,1,
7290001246979,false,אקופרינד-נוזל כלים 1 ליטר לימון,,,אקופרינד-נוזל כלים 1,מיליליטרים,1000.00,"100 מ""ל",false,1,14.90,1.49,true,1,
7290001247068,false,קרטונית נקטר ספרינג תות בננה 1 ליטר,"יפאורה תבורי בע""מ",IL,קרטונית נקטר ספרינג,מיליליטרים,1000.00,"100 מ""ל",false,1,6.90,0.69,true,1,
7290001247082,false,קרטונית נקטר ספרינג עגבניות 1 ליטר,"יפאורה תבורי בע""מ",IL,קרטונית נקטר ספרינג,מיליליטרים,1000.00,"100 מ""ל",false,1,6.60,0.66,true,1,
7290001247099,false,קרטונית נקטר ספרינג מנגו 1 ליטר,"יפאורה תבורי בע""מ",IL,קרטונית נקטר ספרינג,מיליליטרים,1000.00,"100 מ""ל",false,1,6.90,0.69,true,1,
7290001247112,false,קרטונית נקטר ספרינג לימונענע 1 ליטר,"יפאורה תבורי בע""מ",IL,קרטונית נקטר ספרינג,מיליליטרים,1000.00,"100 מ""ל",false,1,6.90,0.69,true,1,
7290001247129,false,נקטר ספרינג תפוזים קרטונית 1 ל',"יפאורה תבורי בע""מ",IL,קרטונית נקטר ספרינג,מיליליטרים,1000.00,"100 מ""ל",false,1,6.90,0.69,true,1,
7290001247143,false,נקטר ספרינג תפוחים קרטונית 1 ל',"יפאורה תבורי בע""מ",IL,קרטונית נקטר ספרינג,מיליליטרים,1000.00,"100 מ""ל",false,1,6.90,0.69,true,1,
7290001247723,false,"ספרינג נקטר תות בננה פחית 330 מ""ל",יפאורה תבורי בעמ,IL,ספרינג נקטר תות בננה,מיליליטרים,330.00,"100 מ""ל",false,1,3.50,1.06,true,1,
7290001247730,false,"נקטר ספרינג בטעם מנגו פחית 330 מ""ל",יפאורה תבורי בעמ,IL,ספרינג נקטר מנגו 330,מיליליטרים,330.00,"100 מ""ל",false,1,5.50,1.67,true,1,
7290001247747,false,"ספרינג נקטר תפוחים 330 מ""ל פחית",,IL,ספרינג נקטר תפוחים 3,מיליליטרים,330.00,"100 מ""ל",false,1,5.50,1.67,true,1,
7290001247891,false,"ספרינג נקטר אפרסק 330 מ""ל פחית",,IL,ספרינג נקטר אפרסק 33,מיליליטרים,330.00,"100 מ""ל",false,1,3.50,1.06,true,1,
7290001258446,false,משק יעקבס יוגורט כבש,גבינות משק יעקבס,IL,יוגורט צאן 5% 850 מל,מיליליטרים,850.00,"100 מ""ל",false,1,20.00,2.35,true,1,
7290001258668,false,גבינה עז מה 250 גרם,גבינות משק יעקבס,IL,עז-מה יחידה,גרמים,250.00,100 גרם,false,1,17.70,7.08,true,1,
7290001258682,false,"יוגורט עיזים באריזה 500 מ""ל",גבינות משק יעקבס,IL,יוגורט עיזים באריזה,מיליליטרים,500.00,"100 מ""ל",false,1,13.10,2.62,true,1,
7290001258729,false,לאבנה עיזים יעקובס 2,גבינות משק יעקבס,IL,לבנה צאן 270 גרם,גרמים,270.00,100 גרם,false,1,20.50,7.59,true,1,
7290001258774,false,גבינת מוצרלה בייבי 150גרם,גבינות משק יעקבס,IL,גבינת מוצרלה בייבי 1,גרמים,150.00,100 גרם,false,1,15.60,10.40,true,1,
7290001258958,false,גבינת מוצרלה מגורדת,גבינות משק יעקבס,IL,מוצרלה מגורדת 200 גר,גרמים,200.00,100 גרם,false,1,26.50,13.25,true,1,
7290001258972,false,משק יעקבס חלומי200 ג,גבינות משק יעקבס,IL,חלומי 200 גר,גרמים,200.00,100 גרם,false,1,26.50,13.25,true,1,
7290001265642,false,שלישיית מעדני לה-קט פטה 3*400 גר,fidele sas,FR,שלישיית מעדני לה-קט,גרמים,1200.00,100 גרם,false,1,19.90,1.66,true,1,
7290001305188,false,פלמוליב כלים שקוף לימון 750 בקבוק חדש,יבואן ומשווק: ש. שסט,GR,פלמוליב לכלים אקטיב,מיליליטרים,750.00,"100 מ""ל",false,1,11.90,1.59,true,1,
7290001330234,false,קייבסקי טורט,,,קייבסקי טורט,גרמים,600.00,100 גרם,false,1,93.90,15.65,true,1,
7290001330746,false,עוגת ליצן מלבנית 500 גרם,,,עוגת ליצן מלבנית,גרמים,550.00,100 גרם,false,1,52.50,9.55,true,1,
7290001330753,false,עוגת שחרחורת מלבנית,,,עוגת שחרחורת מלבנית,גרמים,450.00,100 גרם,false,1,52.50,11.67,true,1,
7290001330760,false,עוגת תותי פרוטי מלבנית,,,עוגת תותי פרוטי מלבנ,גרמים,450.00,100 גרם,false,1,52.50,11.67,true,1,
7290001330968,false,פחזניות קרם וניל 300 גר,,,פחזניות קרם וניל 300,גרמים,300.00,100 גרם,false,1,35.50,11.83,true,1,
7290001342770,false,פפריקה מעושנת טחונה 100 גרם,,HU,פפריקה מעושנת טחונה,גרמים,100.00,100 גרם,false,1,23.90,23.90,true,1,
7290001342848,false,קרם פפריקה הונגרית מתוקה בשפופרת 160 גרם,,HU,קרם פפריקה הונגרית מ,גרמים,160.00,100 גרם,false,1,25.90,16.19,true,1,
7290001356166,false,סלמון מעושן 100 גרם,ישראגל,,סלמון מעושן 100 גרם,גרמים,100.00,100 גרם,false,1,24.90,24.90,true,1,
7290001356173,false,סלמון פרוס 200 גרם,ישראגל,,סלמון פרוס 200 גרם,גרמים,200.00,100 גרם,false,1,45.90,22.95,true,1,
7290001407813,false,חלבה שאמית פיסטוק בקטנה בארכה 350ג',רושדי תעשיות מזון בע,IL,חלבה שאמית פיסטוק 35,גרמים,350.00,100 גרם,false,1,17.30,4.94,true,1,
7290001407844,false,חלבה וניל בקטנה בארכה 350גר',רושדי תעשיות מזון בע,IL,חלבה קלאסית וניל 350,גרמים,350.00,100 גרם,false,1,16.90,4.83,true,1,
7290001407936,false,טחינה גולמית מעודנת לחיץ בארכה 310ג',רושדי תעשיות מזון בע,IL,בארכה טחינה מעודנת 3,גרמים,310.00,100 גרם,false,1,12.90,4.16,true,1,
7290001419793,false,גביעי גלידה מגולגל עלמה גילרו 30 יח',"גילרו בע""מ",IL,גביעי גלידה מגולגל 1,Unknown,0.00,Unknown,false,1,12.10,12.10,true,1,
7290001427019,false,"מיץ תפוזים סחוט 100% 500 מ""ל",,,"מיץ תפוז קשת 500 מ""ל",מיליליטרים,500.00,"100 מ""ל",false,1,17.90,3.58,true,1,
7290001427095,false,מיץ סלק תפוח 0.5 ל,קשת מיצים טבעיים,IL,"מיץ סלק 500 מ""ל",מיליליטרים,500.00,"100 מ""ל",false,1,14.90,2.98,true,1,
7290001427132,false,"מיץ רימונים טבעי 500 מ""ל קשת",קשת מיצים טבעיים,IL,"מיץ רימונים 500 מ""ל",מיליליטרים,500.00,"100 מ""ל",false,1,24.90,4.98,true,1,
7290001427255,false,קשת מיץ תפוחים טבעי,,,קשת מיץ תפוחים טבעי,מיליליטרים,1000.00,"100 מ""ל",false,1,17.60,1.76,true,1,
7290001427323,false,מיץ סלק ותפוח פט 1 ליטר חדש,,,מיץ סלק ותפוח פט 1 ל,מיליליטרים,1000.00,"100 מ""ל",false,1,22.90,2.29,true,1,
7290001468715,false,אבקת סוכר 100 גרם,,,אבקת סוכר 100 גרם,גרמים,100.00,100 גרם,false,1,2.20,2.20,true,1,
7290001468753,false,קמח תפוחי אדמה 500 ג' נאמן,תבליני ביטון,IL,קמח תפוא 500 גרם,גרמים,500.00,100 גרם,false,1,7.50,1.50,true,1,
7290001482094,false,גבינה פרמז'נו משולשים ויליפוד 200ג',זנטי אס. אי לאלין,IT,פרמזנו 200 גר,גרמים,200.00,100 גרם,false,1,27.50,13.75,true,1,
7290001482186,false,אננס חתוך בסירופ קל וילי פוד 565 גר,הנסיך- מפעל לייצור ט,TH,אננס חתוך בסירופ קל,גרמים,565.00,100 גרם,false,1,6.90,1.22,true,1,
7290001491010,false,תה ירוק יסמין 25 שקיקים 1.5 גרם,HIQ FOOD PRODUCTS,IL,תה ירוק יסמין 25 שקי,Unknown,0.00,Unknown,false,1,24.90,24.90,true,1,
7290001491096,false,תה ירוק בתוספת לימונית ולואיזה 50 שקיקים ויסוצקי,ויסוצקי,IL,תה ירוק לימונית לואי,Unknown,0.00,Unknown,false,1,44.90,44.90,true,1,
7290001491812,false,תה ויסוצקי ירוק פירות יער ופסיפלורה 25יח',,,תה ירוק פירות יער ופ,Unknown,0.00,Unknown,false,1,24.90,24.90,true,1,
7290001515631,false,שלושה ספוגי קרצוף קשיחים ארוכים אדומים,,,שלושה ספוגי קרצוף,Unknown,0.00,Unknown,false,1,10.80,10.80,true,1,
7290001581049,false,שיפודי פרגיות קפוא מזרע,,,שיפודי פרגיות קפואים,Unknown,0.00,"ק""ג",true,0,64.90,64.90,true,1,
7290001581094,false,כנפיים עוף ללא נוצות טרי,,,כנפיים עוף ללא נוצות,Unknown,0.00,"ק""ג",true,0,17.90,17.90,true,1,
7290001581797,false,בשר עגל טחון קפוא,,IL,בשר עגל טחון קפוא,גרמים,600.00,100 גרם,false,1,32.90,5.48,true,1,
7290001588321,false,כוסברה אורגנית,,,פטרוזליה אורגנית,Unknown,0.00,Unknown,false,1,6.90,6.90,true,1,
7290001588338,false,כוסברה אורגנית,ר.א.ן מוצרים טריים ב,IL,כוסברה אורגנית,Unknown,0.00,Unknown,false,1,6.90,6.90,true,1,
7290001588345,false,שמיר אורגני,,,שמיר אורגני,Unknown,0.00,Unknown,false,1,6.90,6.90,true,1,
7290001588352,false,אבוקדו אורגני ארוז ש,,,אבוקדו אורגני,Unknown,0.00,"ק""ג",true,0,38.90,38.90,true,1,
7290001588383,false,בטטה אורגני ארוז שקי,,,בטטה אורגנית שדות,Unknown,0.00,"ק""ג",true,0,15.90,15.90,true,1,
7290001588406,false,בצל יבש צהוב אורגני,,,בצל יבש אורי אורגני,קילוגרמים,0.00,"ק""ג",true,0,18.90,18.90,true,1,
7290001588437,false,מלפפון אורגני ארוז ש,,,מלפפון אורגני שדות,Unknown,0.00,"ק""ג",true,0,14.90,14.90,true,1,
7290001588444,false,עגבניה אורגני ארוז ש,,,עגבניה אורגנית שדות,Unknown,0.00,"ק""ג",true,0,14.90,14.90,true,1,
7290001588475,false,פלפל אדום אורגני ארו,,,פלפל אדום אורגני שדו,Unknown,0.00,"ק""ג",true,0,16.90,16.90,true,1,
7290001588550,false,תפוח אדמה אורגני,,,תפוח אדמה אורגני,Unknown,0.00,"ק""ג",true,0,8.90,8.90,true,1,
7290001588604,false,לימון אורגני ארוז שק,שדות בר,IL,לימון אורגני שדות,Unknown,0.00,"ק""ג",true,0,19.90,19.90,true,1,
7290001588703,false,גזר ארוז מגשית אורגני,,,גזר ארוז מגשית אורגנ,Unknown,0.00,"ק""ג",true,0,14.90,14.90,true,1,
7290001594155,false,קוקה קולה בקבוק 500,החברה המרכזית לייצור,IL,"קוקה קולה 500 מ""ל",מיליליטרים,500.00,"100 מ""ל",false,1,7.50,1.50,true,1,
7290001594179,false,פאנטה אורנג בקבוק 50,החברה המרכזית לייצור,IL,"פאנטה אורנג 500 מ""ל",מיליליטרים,500.00,"100 מ""ל",false,1,7.50,1.50,true,1,
7290001594230,false,"קינלי סודה בקבוק 250 מ""ל",החברה המרכזית לייצור,IL,"קינלי סודה 250 מ""ל",מיליליטרים,250.00,"100 מ""ל",false,1,2.90,1.16,true,1,
7290001594377,false,פריגת משקה תפוזים 50,מבשלות בירה בינלאומי,IL,"פריגת תפוזים 500 מ""ל",מיליליטרים,500.00,"100 מ""ל",false,1,5.90,1.18,true,1,
7290001594384,false,"פריגת אשכוליות 500 מ""ל",מבשלות בירה בינלאומי,IL,פריגת אשכוליות 500 מ,מיליליטרים,500.00,"100 מ""ל",false,1,5.90,1.18,true,1,
7290001594544,false,"בירה שחורה מאלטי בקבוק 330מ""ל",,,טובורג מאלט בקבוק 33,מיליליטרים,330.00,"100 מ""ל",false,1,5.90,1.79,true,1,
7290001594568,false,"בירה קרלסברג פחית 500 מ""ל",יונייטד רומניאן ברוו,RO,"קרלסברג פחית 500 מ""ל",מיליליטרים,500.00,"100 מ""ל",false,1,9.20,1.84,true,1,
7290001594575,false,"בירה טובורג פחית 500 מ""ל",מבשלות בירה בינלאומי,IL,"בירה טובורג 500 מ""ל",מיליליטרים,500.00,"100 מ""ל",false,1,9.20,1.84,true,1,
7290001594810,false,"בירה שחורה מאלטי בקב' מארז 330X6מ""ל",,,"שישיית מאלט 330 מ""ל",מיליליטרים,1980.00,"100 מ""ל",false,1,31.90,1.61,true,1,
7290001594858,false,"טובורג רד שישייה בקבוק 330 מ""ל",קרלסברג ישראל,,טובורג רד שישייה בקב,מיליליטרים,1980.00,"100 מ""ל",false,1,29.90,1.51,true,1,
7290001594865,false,"קרלסברג שישיה בקבוק 330 מ""ל",קרלסברג ישראל,,קרלסברג שישיה בקבוק,מיליליטרים,1980.00,"100 מ""ל",false,1,29.90,1.51,true,1,
7290001670057,false,כפיות חד פעמי 100 יח,הנמל אריזות ושיווק ב,IL,כפיות לבן 100 יח,Unknown,0.00,Unknown,false,1,16.50,16.50,true,1,
7290001670873,false,"צלחות גדולות לבנות קשיח ח""פ הנמל 66יח'",הנמל אריזות ושיווק ב,IL,צלחות הנמל 1 קג,Unknown,0.00,Unknown,false,1,59.50,59.50,true,1,
7290001780428,false,מאגדת גלידת לייט שוקולד נסטלה 6יח' 312ג',גלידות נסטלה (נגה גל,IL,מאגדת שישיית גלידיאט,גרמים,312.00,100 גרם,false,1,29.90,9.58,true,1,
7290001791349,false,אקונומיקה פסגה ריחנית 4ליטר,"סנו מפעלי ברונוס בע""",IL,פסגה אקונומיקה 4 ליט,ליטרים,0.00,ליטר,false,1,9.90,9.90,true,1,
7290001865439,false,פמלי לקשרי 1ליטר וניל טהור +משאבה,אף.סי תבליני בגליל ב,IL,פמילי אל סבון נוזלי,מיליליטרים,1000.00,"100 מ""ל",false,1,14.90,1.49,true,1,
7290001865453,false,פמלי לקשרי 1ליטר לבנדר ארומטי+משאבה,מיוצר עי קונדיטוריית,TR,פמילי סבון נוזלי 1 ל,מיליליטרים,1000.00,"100 מ""ל",false,1,14.90,1.49,true,1,
7290001865460,false,סבון נוזלי פמלי לקשרי זר פרחים לבנים 1 ל,,TR,סבון גוף פמלי,מיליליטרים,1000.00,"100 מ""ל",false,1,14.90,1.49,true,1,
7290001881040,false,מלפפון בייבי 600 גרם,,IL,מלפפון בייבי 600 גרם,גרמים,600.00,100 גרם,false,1,31.50,5.25,true,1,
7290001881873,false,"מאמא מרי כרוב עם חמוציות 1 ק""ג",,,כרוב עם חמוציות 1 קג,קילוגרמים,0.00,"ק""ג",false,1,20.90,20.90,true,1,
7290001901670,false,גפילטע פיש גולד ללא סוכר 470 ג הדג המיוח,,,גפילטע פיש גולד ללא,גרמים,470.00,100 גרם,false,1,24.90,5.30,true,1,
7290001975992,false,בירה ויינשטפן בקבוק,יושלם,,"בירה ויינשטפן 330 מ""",מיליליטרים,330.00,"100 מ""ל",false,1,14.50,4.39,true,1,
7290001989272,false,איקרא לבנה במשקל,,IL,איקרא לבנה במשקל,Unknown,0.00,"ק""ג",true,0,42.00,42.00,true,1,
7290001990117,false,שומשום סוגת 100 גרם,האי נאם סי או אל.טי.,IL,שומשום 100 גרם,גרמים,100.00,100 גרם,false,1,4.50,4.50,true,1,
7290001990148,false,"סוכר גולדן קלאסי צנצנת 1ק""ג סוגת",האי נאם סי או אל.טי.,IL,סוכר גולדן קלאסי צנצ,גרמים,1000.00,100 גרם,false,1,12.90,1.29,true,1,
7290001990261,false,"סוגת חומוס 1 ק""ג",,,"חומוס 1 ק""ג",גרמים,1000.00,100 גרם,false,1,14.90,1.49,true,1,
7290001990278,false,"שעועית לבנה סוגת 1 ק""ג",סוגת,,"שעועית לבנה 1 ק""ג",גרמים,1000.00,100 גרם,false,1,20.90,2.09,true,1,
7290001990407,false,"עדשים ירוקים 1 ק""ג סוגת",סוגת,,"עדשים ירוקים 1 ק""ג",גרמים,1000.00,100 גרם,false,1,15.60,1.56,true,1,
7290001990414,false,"עדשים אדומים 1 ק""ג סוגת",,,"עדשים אדומים 1 ק""ג",גרמים,1000.00,100 גרם,false,1,15.60,1.56,true,1,
7290001990421,false,"פופקורן גרעינים סוגת 1 ק""ג",,,"פופקורן 1 ק""ג",גרמים,1000.00,100 גרם,false,1,10.40,1.04,true,1,
7290002007036,false,כוסמת הנמל 500 גרם,,,כוסמת 500 גר,גרמים,500.00,100 גרם,false,1,8.20,1.64,true,1,
7290002007234,false,אבקת סוכר 100 ג' הנמל,"מיוצר וארוז ע""י: ר.ס",IL,אבקת סוכר 100 גרם,גרמים,100.00,100 גרם,false,1,2.20,2.20,true,1,
7290002007852,false,"תמצית אפייה בטעמים שונים 55 מ""ל הנמל",ממתקי עלה יצור ושיוו,IL,תמציות לאפיה,Unknown,0.55,Unknown,false,1,4.20,7.64,true,1,
7290002007975,false,"צלחות קטנות ח""פ הנמל 50 יח'",,IL,צלחות קטן 50 יח,Unknown,0.00,Unknown,false,1,13.50,13.50,true,1,
7290002007982,false,מזלגות חד פעמי 100 י,הנמל אריזות ושיווק ב,IL,מזלגות לבן 100 יח,Unknown,0.00,Unknown,false,1,16.50,16.50,true,1,
7290002008187,false,קשים לשתיה מתקפלים 40 יח',"איטיליאן פוד, אס.פי.",CN,קשים מתקפלים,Unknown,0.00,Unknown,false,1,1.70,1.70,true,1,
7290002008507,false,נייר אפייה 50 יח' הנמל,הנמל אריזות ושיווק ב,IL,נייר אפיה 50 יחידות,Unknown,0.00,Unknown,false,1,8.90,8.90,true,1,
7290002008668,false,צמרוני ביוטי עגול קלירי 200 יח',,TR,צמרונים עגול 200 יח,Unknown,0.00,Unknown,false,1,5.50,5.50,true,1,
7290002008743,false,סוכר וניל 10*10 ג' הנמל,"מיוצר וארוז ע""י: ר.ס",IL,סוכר וניל 10,גרמים,100.00,100 גרם,false,1,2.50,2.50,true,1,
7290002008750,false,אבקת אפיה הנמל מארז 10X10 ג',"מיוצר ע""י:ר.ס. חברה",IL,אבקת אפיה 10 יח,גרמים,100.00,100 גרם,false,1,2.50,2.50,true,1,
7290002008989,false,קישקשים קשים לשתיה 225יח הנמל,הנמל אריזות ושיווק ב,CN,קשים 225 יח,Unknown,0.00,Unknown,false,1,11.40,11.40,true,1,
7290002019114,false,רוטב עגבניות % 28 פריניר 560 גר,יושלם,,רוטב עגבניות % 28 פר,גרמים,560.00,100 גרם,false,1,6.90,1.23,true,1,
7290002019763,false,עגבניות מרוסקות 800 גרם פריניר,פריניר ( הדס 1987) ב,IL,עגבניות מרוסקות 800,גרמים,800.00,100 גרם,false,1,6.70,0.84,true,1,
7290002019787,false,רוטב עגבניות מרוכז מאוד 260 גרם פריניר,פריניר ( הדס 1987) ב,IL,רוטב עגבניות מרוכז מ,גרמים,260.00,100 גרם,false,1,3.90,1.50,true,1,
7290002019794,false,רוטב עגבניות מרוכז מאוד 100 גרם פריניר,פריניר ( הדס 1987) ב,IL,רוטב עגבניות מרוכז מ,גרמים,100.00,100 גרם,false,1,1.90,1.90,true,1,
7290002026440,false,פרצלס בייגלה בראנץ אנד קראנץ 280 ג',המאפיה של הרמן,IL,פרצלס שומשום בראנץ 2,גרמים,280.00,100 גרם,false,1,15.60,5.57,true,1,
7290002026891,false,"מאגדת קוקי מיקס בן וג'ירי 4*100 מ""ל",,,מאגדת קוקי מיקס בן&ג,Unknown,0.00,Unknown,false,1,29.50,29.50,true,1,
7290002026914,false,"מאגדת קלאסיק מיקס בן וג'ירי 4*100 מ""ל",המאפיה של הרמן,IL,מאגדת קלאסיק מיקס בן,Unknown,0.00,Unknown,false,1,29.50,29.50,true,1,
7290002027843,false,מיני בר תמרים ואגוזים 120 גרם,הום מייד,IL,חטיף תמרים עם אגוזי,גרמים,120.00,100 גרם,false,1,14.90,12.42,true,1,
7290002037125,false,חלה רגילה פרוסה,סטאר סנקס,IL,חלה פרוסה,גרמים,500.00,100 גרם,false,1,9.90,1.98,true,1,
7290002037163,false,לחם אחיד פרוס,,,לחם אחיד פרוס,גרמים,750.00,100 גרם,false,1,7.11,0.95,true,1,
7290002037637,false,חליות מתוקות מארז 4יח',סטאר סנקס,IL,מארז 4 חליות מתוקות,גרמים,360.00,100 גרם,false,1,12.50,3.47,true,1,
7290002040064,false,קוסקוס דק הנמל 350 גר',טרופיקל דגיל תעשיות,IL,קוסקוס דק 350 גרם,גרמים,350.00,100 גרם,false,1,5.90,1.69,true,1,
7290002040088,false,קוסקוס חיטה מלאה 350 ג',"קוסקוס מזון בע""מ",IL,קוסקוס מלא 350 גרם,גרמים,350.00,100 גרם,false,1,6.80,1.94,true,1,
7290002043379,false,ציפס אורז חום מלא עדשים שחורות 60 גרם,,BG,ציפס אורז חום מלא עד,גרמים,60.00,100 גרם,false,0,7.90,13.17,true,1,
7290002043867,false,חטיף אורז אקסטרה בציפוי שוקולד לבן 90 גרם,,,באר אקסטרה בציפוי שו,Unknown,0.00,Unknown,false,0,12.90,12.90,true,1,
7290002043874,false,חטיף אורז אקסטרה שוקולד לבן קרמל 90 גרם,,,באר אקסטרה קרמל מ.שו,גרמים,90.00,100 גרם,false,1,12.90,14.33,true,1,
7290002053118,false,אוריינט אטריות ביצים מס 14 200 ג',האי נאם סי או אל.טי.,PL,אטריות ביצים 14 200,גרמים,200.00,100 גרם,false,1,8.60,4.30,true,1,
7290002053538,false,נודלס תאילנדי אורינטל 400 גר + 25% תוספת,פ.פ.ח. טאביה ספ זאו.או,PL,נודלס תאילנדי אורינט,גרמים,500.00,100 גרם,false,1,13.90,2.78,true,1,
7290002057031,false,זיתים מבוקע פיקנטי A2 יבנה 560 ג',קדבורי,IL,זית מבוקע פיקנטי 540,גרמים,540.00,100 גרם,false,1,9.90,1.83,true,1,
7290002057048,false,זיתים סורי מבוקע A2 יבנה 560ג',קדבורי,IL,זית סורי מבוקע יבנה,גרמים,540.00,100 גרם,false,1,12.50,2.31,true,1,
7290002057093,false,זיתים מנזנילו ירוק A2 יבנה 540ג',קדבורי,IL,זית מנזנילו גדול 540,גרמים,540.00,100 גרם,false,1,9.50,1.76,true,1,
7290002057352,false,מלפפון במלח 7-9 560 ג' יבנה,אף.סי תבליני בגליל ב,IL,מלפפון מלח יבנה 7-9,גרמים,540.00,100 גרם,false,1,6.90,1.28,true,1,
7290002057369,false,מלפפון במלח ‏12‏-‏10‏ 560 ג' יבנה,קדבורי,IL,מלפפון במלח יבנה 10-,גרמים,540.00,100 גרם,false,1,7.90,1.46,true,1,
7290002057376,false,מלפפון במלח ‏17‏-‏13‏ 560 ג' יבנה,קבוצת יבנה,IL,מלפפון במלח יבנה 13-,גרמים,540.00,100 גרם,false,1,9.90,1.83,true,1,
7290002057451,false,מלפפון בחומץ ‏9‏-‏7‏ %‏20‏ 560 ג' יבנה,אף.סי תבליני בגליל ב,IL,מלפפון בחומץ יבנה 7-,גרמים,540.00,100 גרם,false,1,6.90,1.28,true,1,
7290002057468,false,מלפפון חומץ ‏12‏-‏10‏ 560 ג' יבנה,קדבורי,IL,מלפפון בחומץ יבנה 10,גרמים,540.00,100 גרם,false,1,7.90,1.46,true,1,
7290002057604,false,שיפקה פלפל חריף A2 יבנה 600ג',קדבורי,IL,שימורי שיפקה יבנה 54,גרמים,540.00,100 גרם,false,1,6.60,1.22,true,1,
7290002057628,false,טבעות זיתים מושחר יבנה 540 גרם,קדבורי,IL,טבעות זיתים מושחר יב,גרמים,540.00,100 גרם,false,1,9.90,1.83,true,1,
7290002073635,false,גאודה פסטו הולנדי במשקל,,,גאודה פסטו הולנדי במ,Unknown,0.00,"ק""ג",true,0,132.00,132.00,true,1,
7290002073680,false,גבינה קברה ביין ספרדי עיזים במשקל,,,גבינה קברה ביין ספרד,Unknown,0.00,"ק""ג",true,0,210.00,210.00,true,1,
7290002075233,false,איס קונפקט קטן צנצנת,יושלם,,אייסקונפקט 250 גרם,גרמים,250.00,100 גרם,false,1,17.70,7.08,true,1,
7290002107385,false,גבינת מה עיזים בגליל צוריאל 180 ג',משק צוריאל,IL,עז מה גבינת עיזים,גרמים,180.00,100 גרם,false,1,24.90,13.83,true,1,
7290002107491,false,גבינת עזים למריחה טבעי 5% צוריאל 250 ג',משק צוריאל,IL,גבינת עיזים למריחה 5,גרמים,250.00,100 גרם,false,1,16.90,6.76,true,1,
7290002107798,false,גבינה בולגרית מעודנת 5% צוריאל 250ג',משק צוריאל,IL,בולגרית בקר 5% בגביע,גרמים,250.00,100 גרם,false,1,24.90,9.96,true,1,
7290002107965,false,טבורוג גבינה לאפייה 5% צוריאל 500 ג',משק צוריאל,IL,צוריאל גבינה טבורוג,גרמים,500.00,100 גרם,false,1,24.90,4.98,true,1,
7290002130574,false,דבש טהור מפרחי בר בזכוכית 500 ג' יד מרדכי,מכוורת יד מרדכי שטרא,IL,דבש טהור יד מרדכי500,גרמים,500.00,100 גרם,false,1,24.70,4.94,true,1,
7290002130581,false,"דבש טהור יד מרדכי 1 ק""ג",,IL,דבש טהור יד מרדכי 1,גרמים,1000.00,100 גרם,false,1,42.90,4.29,true,1,
7290002132011,false,עבאדי עוגיות מזרחיות 400 גרם,מאפיית יוסף ושמחה עב,IL,עבאדי עוגיות מזרחיות,גרמים,400.00,100 גרם,false,1,16.70,4.18,true,1,
7290002133247,false,לבנה עם שמן זית וזעתר 250 גר,מחלבת שומרון,IL,לבנה עם שמן זית וזעת,גרמים,250.00,100 גרם,false,1,15.60,6.24,true,1,
7290002133506,false,יוגורט של פעם חלב עיזים 400גר,מחלבת שומרון,IL,יוגורט של פעם חלב עי,גרמים,400.00,100 גרם,false,1,11.90,2.98,true,1,
7290002133537,false,יוגורט של פעם עיזים 180גר,מחלבת שומרון,IL,יוגורט של פעם עיזים,גרמים,180.00,100 גרם,false,1,6.20,3.44,true,1,
7290002133575,false,יוגורט של פעם חלב כבשים 400גר,,,יוגורט של פעם חלב כב,גרמים,400.00,100 גרם,false,1,11.90,2.98,true,1,
7290002133612,false,יוגורט יווני אותנטי 180גר,מחלבת שומרון,IL,יוגורט יווני אותנטי,גרמים,180.00,100 גרם,false,1,6.00,3.33,true,1,
7290002133643,false,פטה צאן 200 גרם בגביע,מחלבת שומרון,IL,פטה צאן 200 גרם בגבי,גרמים,200.00,100 גרם,false,1,16.90,8.45,true,1,
7290002133889,false,בולגרית מעודנת 5% בגביע 250 גר,מחלבת שומרון,IL,בולגרית מעודנת 5%,גרמים,250.00,100 גרם,false,1,20.90,8.36,true,1,
7290002190516,false,ריבת חלב ממרח קומידה 500 גר',קרלו,IL,ממרח ריבת חלב 500 גר,גרמים,500.00,100 גרם,false,1,13.90,2.78,true,1,
7290002196617,false,רוטב חרדל ודבש 320 גרם,,,רוטב חרדל ודבש 320 ג,גרמים,320.00,100 גרם,false,1,23.90,7.47,true,1,
7290002204220,false,אוכמניות,,,אוכמניות,Unknown,0.00,Unknown,false,1,17.90,17.90,true,1,
7290002232995,false,ציפוי פז דגש 500 גרם,פ.פ.ח. שאביט,IL,ציפוי פז דגש 500 גרם,גרמים,500.00,100 גרם,false,1,32.90,6.58,true,1,
7290002253006,false,שום כתוש בצנצנת 200 גר דורות,דורות,IL,שום כתוש בצנצנת 200,גרמים,200.00,100 גרם,false,1,16.90,8.45,true,1,
7290002253174,false,מגשית שמיר קצוץ דורות 70ג,דורות,IL,מגשית שמיר קצוץ דורו,גרמים,70.00,100 גרם,false,1,12.50,17.86,true,1,
7290002253181,false,כוסברה טריה קצוצה 70 ג' דורות,דורות,IL,מגשית כוסברה דורות 7,גרמים,70.00,100 גרם,false,1,12.50,17.86,true,1,
7290002253198,false,ג'ינג'ר טרי כתוש במגשית 70 ג' דורות,דורות,IL,מגשית גינגר כתוש קפו,גרמים,70.00,100 גרם,false,1,13.50,19.29,true,1,
7290002253235,false,דורות רוטב פסטו 160 גרם,,IL,דורות רוטב פסטו 160,גרמים,160.00,100 גרם,false,1,15.60,9.75,true,1,
7290002259657,false,דיאמונד רדיד אלומיניום85 22.5*0.3,יושלם,,דיאמונד רדיד אלומיני,מטרים,22.50,מטר,false,1,27.90,1.24,true,1,
7290002263562,false,"מיץ לימון משומר 200 מ""ל",,,מיץ לימון משומר 200,מיליליטרים,200.00,"100 מ""ל",false,0,6.90,3.45,true,1,
7290002263661,false,"מיץ לימון 100% טבעי 250 מ""ל",,IT,מיץ לימון 100% טבעי,מיליליטרים,250.00,"100 מ""ל",false,0,7.50,3.00,true,1,
7290002278429,false,צמר פלדה 100 גרם,,,צמר פלדה 100 גרם,יחידה,1.00,יחידה,false,1,5.90,5.90,true,1,
7290002291046,false,המבורגר מסעדות קצבייה 4 יח'-480 ג',יוליניבר,IL,המבורגר מסעדות 480 ג,גרמים,480.00,100 גרם,false,1,26.90,5.60,true,1,
7290002320487,false,מעדן משמש 100% פרי ל.ת.סוכר בית יצחק 284ג',בית יצחק,,"מעדן משמש ללת""ס 100%",גרמים,284.00,100 גרם,false,1,17.90,6.30,true,1,
7290002320548,false,"מעדן אוכמניות ללת""ס 100% פרי 284 גר",,,"מעדן אוכמניות ללת""ס",גרמים,284.00,100 גרם,false,1,17.90,6.30,true,1,
7290002331094,false,"נביעות+ מים טעם ענבים 755מ""ל",נביעות טבע הגליל בעמ,IL,"נביעות בודד 755 מ""ל",מיליליטרים,755.00,"100 מ""ל",false,1,5.20,0.69,true,1,
7290002331124,false,מים נביעות בטעם תפוח 0.5 ליטר,נביעות טבע הגליל בעמ,IL,מים נביעות בטעם תפוח,מיליליטרים,500.00,"100 מ""ל",false,1,7.90,1.58,true,1,
7290002331155,false,מים נביעות בטעם אפרסק 0.5 ליטר,נביעות טבע הגליל בעמ,IL,מים נביעות בטעם אפרס,מיליליטרים,500.00,"100 מ""ל",false,1,7.90,1.58,true,1,
7290002331360,false,"נביעות מים מינרליים טו גו מארז 500X6מ""ל",נביעות,IL,שישיית מים נביעות,מיליליטרים,3000.00,"100 מ""ל",false,1,14.90,0.50,true,1,
7290002331476,false,"נביעות בייבי מים מינרלים 250מ""ל",נביעות,,מים נביעות בייב 330,מיליליטרים,250.00,"100 מ""ל",false,1,2.90,1.16,true,1,
7290002331483,false,שישיית מים נביעות בייב 330 מל,נביעות טבע הגליל בעמ,IL,שישיית מים נביעות בי,מיליליטרים,1980.00,"100 מ""ל",false,1,14.50,0.73,true,1,
7290002331490,false,מים מינרלים נביעות 1 ליטר,נביעות טבע הגליל בעמ,IL,מים נביעות 1 ליטר,מיליליטרים,1000.00,"100 מ""ל",false,1,2.90,0.29,true,1,
7290002360155,false,חליטת תה פרחי שומר פומפדור 20 שקיקים,טיקנה,DE,תה חליטת פומפדור שומ,Unknown,0.00,Unknown,false,1,18.80,18.80,true,1,
7290002360285,false,תה פומפדור חליטת צמחים קמומיל 20 שק,טיקנה,DE,תה חליטת קמומיל 20 י,Unknown,0.00,Unknown,false,1,18.80,18.80,true,1,
7290002371526,false,סלסולי פסטרמה שום וצילי 120 גר טירת צבי,הנסיך- מפעל לייצור ט,IL,סלסולי פסטרמה שום,גרמים,120.00,100 גרם,false,1,14.90,12.42,true,1,
7290002371533,false,דקניקים סלסולי פסטרמה בדבש 120 ג' טירת צבי,הנסיך- מפעל לייצור ט,IL,סלסולי פסטרמה ודבש 1,גרמים,120.00,100 גרם,false,1,14.90,12.42,true,1,
7290002371540,false,דקניקים קורנדביף 120 ג' טירת צבי,הנסיך- מפעל לייצור ט,IL,קורנביף 120 גר,גרמים,120.00,100 גרם,false,1,14.90,12.42,true,1,
7290002371571,false,פסטרמה פרגיות לבאגט במשקלטירת צבי,טירת צבי,,פסטרמה פרגיות לבאגט,Unknown,0.00,"ק""ג",true,0,85.00,85.00,true,1,
7290002374268,false,שמן חמניות מילומור 1 ליטר,,,שמן חמניות 1 ליטר,מיליליטרים,1000.00,"100 מ""ל",false,1,12.50,1.25,true,1,
7290002374312,false,"שמן קנולה מילומור 1 ל' עד""ח","נארז ע""י : א.ג. גילר",IL,שמן קנולה 1 ליטר,מיליליטרים,1000.00,"100 מ""ל",false,1,10.90,1.09,true,1,
7290002385196,false,גבינת דיניש בלו במשקל,קסטלו,,גבינת דיניש בלו במשק,Unknown,0.00,"ק""ג",true,0,158.00,158.00,true,1,
7290002408161,false,גבינה הולנדיה קרם 235ג',,NL,הולנדית קרם 235 גר,גרמים,235.00,100 גרם,false,1,16.70,7.11,true,1,
7290002408468,false,"איירן 300 מ""ל",,IL,"איירן 300 מ""ל",מיליליטרים,300.00,"100 מ""ל",false,0,6.20,2.07,true,1,
7290002408505,false,גבינת לטבייסקי ממרח בסיס על שמנת 350 גרם,,LV,גבינת לטבייסקי ממרח,גרמים,350.00,100 גרם,false,0,10.40,2.97,true,1,
7290002408840,false,מוצרלה איטלקית במשקל,,,מוצרלה איטלקית במשקל,Unknown,0.00,"ק""ג",true,0,90.00,90.00,true,1,
7290002410713,false,קישקע 500 גרם קפוא,לאטי עזרא גלם ודגים,,קישקע 500 גרם קפוא,גרמים,500.00,100 גרם,false,1,14.90,2.98,true,1,
7290002421115,false,כדורי לאבנה בקר 400 גרם,מחלבת גדות,,כדורי לאבנה בקר 400,גרמים,400.00,100 גרם,false,1,33.90,8.48,true,1,
7290002421122,false,כדורי לאבנה עיזים 200 גרם,מחלבת גדות,,כדורי לאבנה עיזים,גרמים,200.00,100 גרם,false,1,39.90,19.95,true,1,
7290002477556,false,כבד עוף טרי,,,כבד עוף טרי,Unknown,0.00,"ק""ג",true,0,19.90,19.90,true,1,
7290002485025,false,חומוס מסעדות 500 גרם,"סלטי שמיר 2006 בע""מ",,חומוס מסעדות 500גר,גרמים,500.00,100 גרם,false,1,16.20,3.24,true,1,
7290002485049,false,חומוס מסבחה 500 גרם,"סלטי שמיר 2006 בע""מ",,חומוס מסבחה 500גר,גרמים,500.00,100 גרם,false,1,16.20,3.24,true,1,
7290002485063,false,חומוס אבו גוש 500 גר,"סלטי שמיר 2006 בע""מ",,חומוס אבו גוש 500גר,גרמים,500.00,100 גרם,false,1,16.20,3.24,true,1,
7290002488422,false,תמר מגהול פרימיום 600 גרם,מרינה,IL,תמר מגהול פרימיום 60,גרמים,600.00,100 גרם,false,1,19.90,3.32,true,1,
7290002511397,false,גבינת ברי בקר במשקל,,,גבינת ברי בקר במשקל,Unknown,0.00,"ק""ג",true,0,129.00,129.00,true,1,
7290002511403,false,משקה קפיר 2 ליטר,,,משקה קפיר 2 ליטר,ליטרים,0.00,ליטר,false,1,22.90,22.90,true,1,
7290002511762,false,ברי פקאן במשקל,,IL,ברי פקאן במשקל,Unknown,0.00,"ק""ג",true,0,129.00,129.00,true,1,
7290002511779,false,בולגרית כבשים 24% במשקל,,,בולגרית כבשים 24% במ,Unknown,0.00,"ק""ג",true,0,106.00,106.00,true,1,
7290002512066,false,גחנון אפוי צנעני 600 גרם,,,גחנון אפוי צנעני 600,גרמים,600.00,100 גרם,false,1,21.90,3.65,true,1,
7290002544210,false,ממרח זיתים ירוקים 190 גרם,,,ממרח זיתים ירוקים 19,גרמים,190.00,100 גרם,false,1,20.90,11.00,true,1,
7290002551003,false,טונה בשמן בודד 160 ג' סטארקיסט,סטארקיסט,,טונה סטארקיסט בשמן,גרמים,160.00,100 גרם,false,1,7.40,4.63,true,1,
7290002551010,false,טונה סטארקיסט במים 160 גרם,"סטארקיסט פודור בע""מ",TR,טונה סטארקיסט במים,גרמים,160.00,100 גרם,false,1,7.40,4.63,true,1,
7290002566946,false,חטיף בוטנים 180 גרם,,,חטיף בוטנים 180 גרם,גרמים,180.00,100 גרם,false,1,17.90,9.94,true,1,
7290002603696,false,מקלות בורקס פילו XL גבינה שגב 450 גר,,,מקלות בורקס פילו XL,גרמים,450.00,100 גרם,false,1,22.90,5.09,true,1,
7290002617013,false,מונטניולו גרמני במשקל,,,מונטניולו גרמני במשק,Unknown,0.00,"ק""ג",true,0,168.00,168.00,true,1,
7290002617518,false,צוריסוס עגל קפוא,,,צוריסוס עגל קפוא,Unknown,0.00,"ק""ג",true,0,69.90,69.90,true,1,
7290002617709,false,"שרימפס מקולף גמבו 1 ק""ג קפוא 16/20",,,שרימפס מקולף גמבו 1,קילוגרמים,0.00,"ק""ג",false,1,135.90,135.90,true,1,
7290002617723,false,"שרימפס מקולף 1 ק""ג גדול קפוא 26/30",,,שרימפס מקולף גדול,קילוגרמים,0.00,"ק""ג",false,1,109.90,109.90,true,1,
7290002692393,false,שמן קנולה מועשר1 ליטר-עץ הזית,,IL,שמן קנולה עץ הזית 1,מיליליטרים,1000.00,"100 מ""ל",false,1,15.90,1.59,true,1,
7290002692478,false,"שמן זית כתית מעולה 750מ""ל מעודן עץ הזית","מרקאולאו, ספרד.אבסה,",IT,שמן זית כתית מעולה ב,מיליליטרים,750.00,"100 מ""ל",false,1,29.90,3.99,true,1,
7290002692768,false,"תרסיס קנולה מופחת קלוריות 200 מ""ל עץ הזית",קומפניה,IT,תרסיס שמן קנולה מזוכ,מיליליטרים,200.00,"100 מ""ל",false,1,15.90,7.95,true,1,
7290002692775,false,"שמן תרסיס טעם חמאה 200 מ""ל לל""תוספת גז ""עץ הזית""",,IL,תרסיס קנולה בטעם חמא,מיליליטרים,200.00,"100 מ""ל",false,1,15.90,7.95,true,1,
7290002692782,false,"תרסיס שמן זית כתית מעולה עץ הזית 150 מ""ל","נארז ע""י : א.ג. גילר",IT,תרסיס שמן זית כתית מ,מיליליטרים,150.00,"100 מ""ל",false,1,15.90,10.60,true,1,
7290002715504,false,מרק עוף מגיק בכוס 70 גרם,טאט הוי פוד בעמ,SG,מרק עוף מגיק בכוס 70,גרמים,70.00,100 גרם,false,1,4.90,7.00,true,1,
7290002715511,false,מרק בשר מגיק בכוס 70 גרם,טאט הוי פוד בעמ,SG,מרק בשר מגיק בכוס 70,גרמים,70.00,100 גרם,false,1,4.90,7.00,true,1,
7290002715528,false,מרק ירקות מגיק בכוס 70 גרם,טאט הוי פוד בעמ,SG,מרק ירקות מגיק בכוס,גרמים,70.00,100 גרם,false,1,4.90,7.00,true,1,
7290002715580,false,מרק סיני מגיק בכוס 70 גרם,טאט הוי פוד בעמ,SG,מרק סיני מגיק בכוס 7,גרמים,70.00,100 גרם,false,1,4.90,7.00,true,1,
7290002730262,false,פלמוליב כלים שקוף קלאסי 750 בקבוק חדש,יבואן ומשווק: ש. שסט,GR,פלמוליב לכלים אקטיב,מיליליטרים,750.00,"100 מ""ל",false,1,11.90,1.59,true,1,
7290002730354,false,תחבושת הגיינית וניה מקסי לילה 12 יח',CILAG GMBH INTERNATI,BE,וניה תחבושות מקסי לי,Unknown,0.00,Unknown,false,1,27.20,27.20,true,1,
7290002730538,false,בלונס פדים להסרת איפור 80 יח',הנסיך- מפעל לייצור ט,GR,בלונס מסיר איפור,Unknown,0.00,Unknown,false,1,11.40,11.40,true,1,
7290002730941,false,בלונס צמר גפן פרוס 100 ג',הנסיך- מפעל לייצור ט,GR,צמר גפן פרוס,Unknown,0.00,Unknown,false,1,7.70,7.70,true,1,
7290002730958,false,פלמוליב סבון מוצק? ירוק זית רביעייה * 100 ג',הנסיך- מפעל לייצור ט,TR,סבון מוצק פלמוליב יר,גרמים,400.00,100 גרם,false,1,21.90,5.48,true,1,
7290002750963,false,באגט רוסטיק פילסברי,פילסברי,,רוסטיק שיפון,Unknown,0.00,Unknown,false,1,8.90,8.90,true,1,
7290002752493,false,רביעיה סוכריות מנטה 4* 16 ג' טיק טק,פררו,ZA,טיק טק מנטה רביעייה,גרמים,64.00,100 גרם,false,1,11.50,17.97,true,1,
7290002753223,false,רביעייה סוכריות תפוז 4*16 ג' טיק טק,פררו,ZA,טיק טק תפוז רביעייה,גרמים,64.00,100 גרם,false,1,11.50,17.97,true,1,
7290002766056,false,עגבניות שרי קופסא ליח',רון שרי,IL,עגבניות שרי,Unknown,0.00,Unknown,false,1,12.90,12.90,true,1,
7290002771128,false,קפה אלנח'לה בלי הל 250 ג',מולינו ניקולי s.p.a,IL,קפה בלי הל 250 גרם,גרמים,250.00,100 גרם,false,1,16.50,6.60,true,1,
7290002771326,false,קפסולות קפה אלנחלה קלוי טחון עם הל 10 יח,קפה אל נחלה,IL,קפסולות קפה אלנחלה ק,Unknown,0.00,Unknown,false,1,17.90,17.90,true,1,
7290002793311,false,שירות והחלפה מילוי גז 60 סודהסטרים,סודה סטרים,,שירות והחלפה מילוי ג,Unknown,0.00,Unknown,false,1,59.90,59.90,true,1,
7290002805151,false,סיף פנטסטיק לרצפות בניחוח סחלבים 4ל',יוניליוור ישראל טיפו,IL,שמפו פנטסטיק רצפות 4,ליטרים,0.00,ליטר,false,1,25.90,25.90,true,1,
7290002814016,false,"מסיר שומנים קר מתז סנט מוריץ 750מ""ל",קומפלקס כימיקלים,IL,מסיר שומנים,מיליליטרים,750.00,"100 מ""ל",false,1,16.70,2.23,true,1,
7290002814870,false,"סנט מוריץ - מרסס מסיר שומנים קר מבושם לוונדר\פרחים 750 מ""ל",,IL,מסיר שומנים סנט מורי,מיליליטרים,750.00,"100 מ""ל",false,1,12.90,1.72,true,1,
7290002824183,false,גבינה לבנה 5% שומן 500 ג' שטראוס,מיוצר עי קונדיטוריית,IL,סקי משפחתי 5% 500 גר,גרמים,500.00,100 גרם,false,1,9.96,1.99,true,1,
7290002824466,false,יוגורט דנונה ביו 0% 200 גרם,"שטראוס בריאות בע""מ",IL,יוגורט דנונה ביו 0%,מיליליטרים,200.00,"100 מ""ל",false,1,3.70,1.85,true,1,
7290002824640,false,גבינה שטראוס 5% 250 ג',מיוצר עי קונדיטוריית,IL,גבינת סקי 5% 250 גרם,גרמים,250.00,100 גרם,false,1,4.98,1.99,true,1,
7290002825722,false,סלט כרוב אדום אחלה,מיוצר עי קונדיטוריית,IL,כרוב אדום 500 גר,גרמים,500.00,100 גרם,false,1,14.20,2.84,true,1,
7290002837039,false,פרמזן דזוגס במשקל,,,פרמזן דזוגס במשקל,Unknown,0.00,"ק""ג",true,0,84.00,84.00,true,1,
7290002842002,false,מורנפלייק שיבולת שועל הכנה מהירה 500 גר,,GB,מורנפלייק שיבולת שוע,גרמים,500.00,100 גרם,false,1,11.90,2.38,true,1,
7290002842163,false,טונה יולה 185 גרם,,,טונה יולה 185 גרם,גרמים,185.00,100 גרם,false,1,13.50,7.30,true,1,
7290002842293,false,סרדין מינרבה חריף 120 גרם,,,סרדין מינרבה חריף 12,גרמים,120.00,100 גרם,false,1,8.90,7.42,true,1,
7290002842309,false,סרדין מינרבה בשמן 120 גרם,,,סרדין מינרבה בשמן 12,גרמים,120.00,100 גרם,false,1,8.90,7.42,true,1,
7290002842415,false,פילה אנשובי אמיתי 50 גרם,,,פילה אנשובי אמיתי 50,גרמים,50.00,100 גרם,false,1,7.50,15.00,true,1,
7290002862208,false,ממרח צמיצורי 190 גרם,,,ממרח צמיצורי 190 גרם,גרמים,190.00,100 גרם,false,1,20.90,11.00,true,1,
7290002868996,false,קוטג' 5% מועשר טרה 250ג' מהדרין,טרה,IL,קוטג 5% מועשר 250 גר,גרמים,250.00,100 גרם,false,1,5.90,2.36,true,1,
7290002879282,false,ציפס חטיף תירס טבעי סומבררו 200 גרם,פוקולוקו,,סומבררו-תירס טבעי 20,גרמים,200.00,100 גרם,false,1,18.50,9.25,true,1,
7290002881018,false,מעדן תות שדה 100% 284 גרם,,,מעדן תות שדה 100% 28,גרמים,284.00,100 גרם,false,1,14.90,5.25,true,1,
7290002881254,false,קוקטייל פירות טרופי תומר 820 ג',סאנרייז,,קוקטייל טרופי תומר,גרמים,850.00,100 גרם,false,1,11.90,1.40,true,1,
7290002881506,false,חמאת בוטנים תומר 510 ג',,,חמאת בוטנים 500 גרם,גרמים,500.00,100 גרם,false,1,16.90,3.38,true,1,
7290002881513,false,חמאת בוטנים עם שברי בוטנים 510 ג' תומר,,,חמאת בוטנים עם שברי,גרמים,500.00,100 גרם,false,1,16.90,3.38,true,1,
7290002881551,false,עלי גפן בשמן זית ממולא 400ג תומר,אסמא קונסרב,IL,עלי גפן ממולאים 400,גרמים,400.00,100 גרם,false,1,10.40,2.60,true,1,
7290002881612,false,לפתן דובדבנים חמוצים 680 גרם,,IL,לפתן דובדבנים חמוצים,גרמים,680.00,100 גרם,false,1,11.90,1.75,true,1,
7290002881742,false,לבבות דקל פרוסות תומר 400 ג',,IL,לבבות דקל פרוס 400 ג,גרמים,400.00,100 גרם,false,1,7.90,1.98,true,1,
7290002881865,false,פטריות שמפיניון חתוכות 400 ג' תומר,Prochamp B.V,,פטריות חתוכות 400 גר,גרמים,400.00,100 גרם,false,1,5.20,1.30,true,1,
7290002881988,false,סרדין מרוקאי בשמן ולימון 125 ג' תומר,,IL,סרדין מרוקאי בשמן ול,גרמים,125.00,100 גרם,false,1,6.50,5.20,true,1,
7290002900436,false,פסטרמה איטלקיתטירת צבי,טירת צבי,IL,פסטרמה איטלקית,גרמים,0.00,"ק""ג",true,0,85.00,85.00,true,1,
7290002900566,false,פסטרמה ברביקיו דל שומן טירת צבי 360 ג',הנסיך- מפעל לייצור ט,IL,"פסטרמה ברביקיו ד""ש 3",גרמים,360.00,100 גרם,false,1,25.90,7.19,true,1,
7290002904694,false,"טיטניום דאודורנט ספריי לגברים 150 מ""ל",אמיליה קוסמטיקס בעמ,IL,טיטניום קלאסי דאודור,מיליליטרים,180.00,"100 מ""ל",false,1,18.90,10.50,true,1,
7290002909569,false,דג ברבוניה פילה קפוא 400 ג',דולפין ספא,,פילה ברבוניה 400 גרם,גרמים,400.00,100 גרם,false,1,22.90,5.73,true,1,
7290002909880,false,"פולי סויה - אדממה - 400 גרם (בד""ץ עדה חרדית)",,,פולי סויה אדממה 400,גרמים,400.00,100 גרם,false,1,9.90,2.48,true,1,
7290002909996,false,שעועית צהובה שלמה בלדי 800 גר',,IL,שעועית צהובה שלמה 80,גרמים,800.00,100 גרם,false,1,11.90,1.49,true,1,
7290002921240,false,"שמפוזר מסיר כתים משטיחים קרבונה, 650 מ""ל",יוליניבר,MX,שמפוזר קרבונה אדום,מיליליטרים,650.00,"100 מ""ל",false,1,34.50,5.31,true,1,
7290002954460,false,"Sunwhite אורז אוסטרלי עגול לסושי-1 ק""ג","אינסטנטה בע""מ",AU,אורז אוסטרלי עגול 1,גרמים,1000.00,100 גרם,false,1,12.90,1.29,true,1,
7290002954545,false,מלבין קפה שוקחה 400 גר,,NL,מלבין קפה שוקחה 400,גרמים,400.00,100 גרם,false,1,11.90,2.98,true,1,
7290002966005,false,קוויאר אדום מאצות ים 100גר,,,קוויאר אדום מאצות ים,גרמים,100.00,100 גרם,false,1,13.90,13.90,true,1,
7290002966012,false,קוויאר שחור מאצות ים 100גר,,,קוויאר שחור מאצות ים,גרמים,100.00,100 גרם,false,1,13.90,13.90,true,1,
7290002966036,false,קוויאר שחור מאצות ים 120גר,,,קוויאר שחור מאצות ים,גרמים,120.00,100 גרם,false,1,13.90,11.58,true,1,
7290002966784,false,סלט איקרא ורודה 200 גרם,,IL,סלט איקרא ורודה 200,גרמים,200.00,100 גרם,false,1,13.90,6.95,true,1,
7290002966791,false,סלט איקרא לבנה 200 גרם,,IL,סלט איקרא לבנה 200 ג,גרמים,200.00,100 גרם,false,1,13.90,6.95,true,1,
7290002971009,false,"קמח חיטה לבן בהיר שטיבל 1 ק""ג",,,"קמח לבן שטיבל 1 ק""ג",גרמים,1000.00,100 גרם,false,1,4.80,0.48,true,1,
7290002971016,false,"שטיבל סולת חיטה 1 ק""ג",,,"סולת שטיבל 1 ק""ג",גרמים,1000.00,100 גרם,false,1,4.80,0.48,true,1,
7290002971207,false,קמח רב תכליתי מס 1 שטיבל 1 קג,,,קמח רב תכליתי מס 1 ש,גרמים,1000.00,100 גרם,false,1,9.60,0.96,true,1,
7290002971955,false,"קמח שטיבל 650 ללא ניפוי 1 ק""ג",,,קמח שטיבל 650 ללא ני,גרמים,1000.00,100 גרם,false,1,9.40,0.94,true,1,
7290002972006,false,"קמח שטיבל 405 ללא ניפוי 1 ק""ג",,,קמח שטיבל 405 ללא ני,גרמים,1000.00,100 גרם,false,1,9.40,0.94,true,1,
7290002986652,false,גטניו פתי בר שוקו 470 גרם,"אחים גטניו בע""מ",,פתי בר שוקו,גרמים,470.00,100 גרם,false,1,10.40,2.21,true,1,
7290003009329,false,בוטן אמריקאי קלית גת 200 ג',הדקלאים אגודת שיתופי,IL,בוטן אמריקאי שקית 20,גרמים,200.00,100 גרם,false,1,7.30,3.65,true,1,
7290003009336,false,קבוקים מצופים קליית,הדקלאים אגודת שיתופי,IL,קבוקים שקית 200 ג,גרמים,200.00,100 גרם,false,1,7.30,3.65,true,1,
7290003009640,false,מיץ סחוט תפוזים 1 ל' פריגת,גת,IL,סחוט טרי תפוז 1 ליטר,מיליליטרים,1000.00,"100 מ""ל",false,1,11.90,1.19,true,1,
7290003015641,false,סנו ריצפז פרש 2 ליטר יסמין,סנו,IL,סנו ריצפז פרש 2 ליטר,ליטרים,0.00,ליטר,false,1,20.90,20.90,true,1,
7290003024001,false,גבינה ברי צרפתי במשקל,,,גבינה ברי צרפתי,Unknown,0.00,"ק""ג",true,0,184.00,184.00,true,1,
7290003024629,false,רקלט לאיטה במשקל,,,רקלט לאיטה במשקל,Unknown,0.00,"ק""ג",true,0,248.00,248.00,true,1,
7290003029181,false,משקה יטבתה שוקו' בקבוק 1ל מהדרין,מחלבת יטבתה,IL,שוקו בקבוק יטבתה,מיליליטרים,1000.00,"100 מ""ל",false,1,11.90,1.19,true,1,
7290003029372,false,משקה חלב בננה בקבוק 1ל' יוטבתה,מחלבת יטבתה,IL,משקה חלב בננה 1 ליטר,מיליליטרים,1000.00,"100 מ""ל",false,1,11.90,1.19,true,1,
7290003029389,false,"משקה חלב בננה פקק ספורט 250 מ""ל יוטבתה",שטראוס גרופ,IL,"בננה פקק 250 מ""ל",מיליליטרים,250.00,"100 מ""ל",false,1,5.50,2.20,true,1,
7290003029433,false,"משקה יטבתה שוקו פקק 250 מ""ל מהדרין",מחלבת יטבתה,IL,שוקו פקק יטבתה 250 מ,מיליליטרים,250.00,"100 מ""ל",false,1,5.50,2.20,true,1,
7290003029532,false,מוקה בקבוק 1 ל' יוטבתה,מחלבת יטבתה,IL,מוקה בקבוק 1 ליטר,מיליליטרים,1000.00,"100 מ""ל",false,1,11.90,1.19,true,1,
7290003029815,false,חלב יוטבתה מועשר 3% בכד 2ל',מחלבת יטבתה,IL,חלב יטבתה 3% מועשר 2,ליטרים,0.00,ליטר,false,1,15.00,15.00,true,1,
7290003029907,false,משקה יטבתה אייס קפה 1ליטר,מחלבת יטבתה,IL,קפה יטבתה 1ליטר,מיליליטרים,1000.00,"100 מ""ל",false,1,11.90,1.19,true,1,
7290003054060,false,אבקת חרדל קולמנס אנגלי 113 גרם,,,אבקת חרדל קולמנס אנג,גרמים,113.00,100 גרם,false,1,26.90,23.81,true,1,
7290003054176,false,מסטמכר לחם שיפון עם מסלי 500ג,,,לחם שיפון פומפרניקל,גרמים,500.00,100 גרם,false,1,14.90,2.98,true,1,
7290003054190,false,מסטמכר לחם שיפון עם שלושה דגנים 500ג,מסטמכר,DE,לחם שיפון 3 דגנים 50,גרמים,500.00,100 גרם,false,1,14.90,2.98,true,1,
7290003054213,false,מסטמכר לחם שיפון כפרי 500ג,מסטמכר,DE,לחם שיפון כפרי 500 ג,גרמים,500.00,100 גרם,false,1,14.90,2.98,true,1,
7290003054220,false,מסטמכר לחם שיפון פומפרניקל 500ג,מסטמאכר ג'.אמ.בי.הי,DE,לחם שיפון פומפרניקל,גרמים,500.00,100 גרם,false,1,14.90,2.98,true,1,
7290003054725,false,חרדל אנגלי קולמנט 100 גרם,,,חרדל אנגלי קולמנט,גרמים,100.00,100 גרם,false,1,11.90,11.90,true,1,
7290003072606,false,מיני נקניקיות עוף טירת צבי 350 גר,הנסיך- מפעל לייצור ט,IL,מיני נקניקיות עוף טי,גרמים,350.00,100 גרם,false,1,12.90,3.69,true,1,
7290003072804,false,פסטרמה של פעם טירת צבי 200 ג',,IL,פסטרמה של פעם 200 גר,גרמים,200.00,100 גרם,false,1,19.90,9.95,true,1,
7290003072965,false,קבנוס חריף מעושן טירת צבי 120 גרם,טירת צבי,IL,קבנוס חריף מעושן טיר,גרמים,120.00,100 גרם,false,1,11.90,9.92,true,1,
7290003072972,false,קבנוס בתיבול מעושן טירת צבי 120 גרם,טירת צבי,IL,קבנוס בתיבול מעושן ט,גרמים,120.00,100 גרם,false,1,11.90,9.92,true,1,
7290003091010,false,טיבון טלה טרי,,,טיבון טלה טרי,Unknown,0.00,"ק""ג",true,0,144.90,144.90,true,1,
7290003094400,false,קוויאר פחיות 140 גר,,,קוויאר פחיות 140 גר,Unknown,0.00,Unknown,false,1,44.90,44.90,true,1,
7290003126712,false,"משק צוריאל יוגורט עיזים 3% ביו 140מ""ל",משק צוריאל,IL,משק צוריאל יוגורט עי,גרמים,140.00,100 גרם,false,1,6.50,4.64,true,1,
7290003126958,false,טופו גבינה גוש בואקום צוריאל 300 ג',א.י.ן תעשיות מזון בע,IL,טופו גולמי 300גר,גרמים,300.00,100 גרם,false,1,13.50,4.50,true,1,
7290003142422,false,גרעיני חמניה בשקית ללא מלח קליית גת 180 גרם,,,גרעיני חמניה בשקית ל,גרמים,180.00,100 גרם,false,1,7.30,4.06,true,1,
7290003144310,false,תערובת אגוזים וחמוציות קליית גת 150 גרם,קליית גת,IL,תערובת אגוזים וחמוצי,גרמים,150.00,100 גרם,false,1,21.90,14.60,true,1,
7290003145751,false,קשיו קלוי קליית גת 200 גר,הדקלאים אגודת שיתופי,IL,קשיו קלוי קליית גת 2,גרמים,200.00,100 גרם,false,1,23.90,11.95,true,1,
7290003145782,false,צנוברים קלופים 100 ג,הדקלאים אגודת שיתופי,IL,צנובר טבעי 100 גרם,גרמים,100.00,100 גרם,false,1,29.50,29.50,true,1,
7290003145959,false,פקאן טבעי 150 גרם קליית גת,קוד יצרן JG,IL,פקאן טבעי 150 גרם קל,גרמים,150.00,100 גרם,false,1,23.90,15.93,true,1,
7290003208586,false,"וורמוט מרטיני לבן 750 מ""ל",מרטיני ורוסי,IT,וורמוט מרטיני לבן 75,Unknown,0.00,Unknown,false,1,49.90,49.90,true,1,
7290003208593,false,"וורמוט מרטיני לבן יבש 750 מ""ל",,,וורמוט מרטיני לבן יב,Unknown,0.00,Unknown,false,1,49.90,49.90,true,1,
7290003208609,false,"וורמוט מרטיני אדום מתוק 750 מ""ל",מרטיני ורוסי,IT,וורמוט מרטיני אדום מ,Unknown,0.00,Unknown,false,1,49.90,49.90,true,1,
7290003208647,false,"יין מבעבע מרטיני ברוט 750 מ""ל",,,יין מבעבע מרטיני ברו,Unknown,0.00,Unknown,false,1,64.90,64.90,true,1,
7290003208715,false,"וורמוט מרטיני רוסטו 750 מ""ל",,,וורמוט מרטיני רוסטו,Unknown,0.00,Unknown,false,1,49.90,49.90,true,1,
7290003220588,false,"רוטה צ'ילי מתוק ללא סוכר 700 מ""ל WOK",תאי פרידה אינדסטרי ב,,רוטב צ`ילי מתוק ללא,מיליליטרים,700.00,"100 מ""ל",false,1,17.70,2.53,true,1,
7290003220595,false,"ווק אורז לסושי 1 ק""ג WOK","מיה תעשיות מזון בע""מ",,אורז לסושי 1 ק`ג,גרמים,1000.00,100 גרם,false,1,13.50,1.35,true,1,
7290003220717,false,ווק נורי סילבר 10 דפים WOK,JAEWON GLOBAL NET,,אצות נורי לסושי 41 ג,גרמים,41.00,100 גרם,false,1,11.40,27.80,true,1,
7290003220830,false,ווק חומץ אורז יסמין,דיאמונד פריזרוד פודס,TH,חומץ אורז יסמין 500,מיליליטרים,500.00,"100 מ""ל",false,1,15.50,3.10,true,1,
7290003224128,false,"כיסונים תפו""א 800 ג' מאמא מרי",מאמא מרי,,"כיסונים תפו""א 800 גר",גרמים,800.00,100 גרם,false,1,21.90,2.74,true,1,
7290003224456,false,"כיסונים בשר סיבירסקי מאמא מרי 1 ק""ג",מאמא מרי,,כיסונים בשר סיבירסקי,גרמים,1000.00,100 גרם,false,1,29.90,2.99,true,1,
7290003224463,false,"כיסונים בשר - אוקראינסקי 1 ק""ג",מאמא מרי,,כיסונים בשר - אוקראי,גרמים,1000.00,100 גרם,false,1,29.90,2.99,true,1,
7290003229109,false,פסטרמה בפפריקה 400 גרםטירת צבי,הנסיך- מפעל לייצור ט,IL,פסטרמה בפפריקה 400 ג,גרמים,400.00,100 גרם,false,1,25.90,6.48,true,1,
7290003229116,false,פסטרמה בדבש 400 גרםטירת צבי,הנסיך- מפעל לייצור ט,IL,פסטרמה בדבש 400 גרם,גרמים,400.00,100 גרם,false,1,25.90,6.48,true,1,
7290003229123,false,פסטרמה על גחלים 400 גרםטירת צבי,הנסיך- מפעל לייצור ט,IL,פסטרמה על גחלים,גרמים,400.00,100 גרם,false,1,25.90,6.48,true,1,
7290003229147,false,נקניק סלמי איטלקי טירת צבי 300 ג',הנסיך- מפעל לייצור ט,IL,סלמי איטלקי 300 גרם,גרמים,300.00,100 גרם,false,1,25.90,8.63,true,1,
7290003229154,false,סלמי קוניאק מובחר טירת צבי 300 ג',הנסיך- מפעל לייצור ט,IL,סלמי קוניאק 300 גרם,גרמים,300.00,100 גרם,false,1,25.90,8.63,true,1,
7290003229192,false,כתף בקר מעושן טירת צבי 400 ג' צבי,טיב טירת צבי 2000,IL,כתף בקר מעושן 400 גר,גרמים,400.00,100 גרם,false,1,31.90,7.98,true,1,
7290003229208,false,פסטרמה ספרדית 2% טירת צבי 360 ג',,,פסטרמה ספרדית 360 גר,גרמים,360.00,100 גרם,false,1,29.90,8.31,true,1,
7290003229215,false,פסטרמה איטלקית טירת צבי 360 ג',,,פסטרמה איטלקית 360 ג,גרמים,360.00,100 גרם,false,1,29.90,8.31,true,1,
7290003229222,false,סלמי תה משובח 300 גרטירת צבי,הנסיך- מפעל לייצור ט,IL,סלמי תה משובח 300 גר,גרמים,300.00,100 גרם,false,1,19.90,6.63,true,1,
7290003287314,false,קבב על מקל קינמון קצביה ארוז 520 ג' - 8 יח',,,קבב על מקל קינמון 52,גרמים,520.00,100 גרם,false,1,29.50,5.67,true,1,
7290003310555,false,"מאגדת טילון קרם עוגיות 4*100 מ""ל בן וג'ירי",,,רביעית טילונים קרם ע,Unknown,0.00,Unknown,false,1,29.50,29.50,true,1,
7290003321155,false,יוגורט בר עם פקאן מצופה שוקולד 183 ג' דנונה,"שטראוס בריאות בע""מ",IL,דנונה בר פקאן 183 גר,גרמים,183.00,100 גרם,false,1,4.60,2.51,true,1,
7290003400500,false,חטיף הרשי ריזס נאטרייגיס 47 גרם,הרשי,,חטיף הרשי ריזס,גרמים,47.00,100 גרם,false,1,5.80,12.34,true,1,
7290003411405,false,נר נשמה להבית 24 שעות,מיוצר בסין.יבוא ושיו,CN,נר נשמה בפח הנמל 24,Unknown,0.00,Unknown,false,1,2.70,2.70,true,1,
7290003411566,false,צמרוני אוזניים עץ 20,שוורצקוף& הנקל דיסלד,CN,צמרוני עץ 200 יח,Unknown,0.00,Unknown,false,1,2.90,2.90,true,1,
7290003411993,false,גפרורים הנמל 10 יחיד,"איטיליאן פוד, אס.פי.",SE,גפרורים 10 יח,Unknown,0.00,Unknown,false,1,2.90,2.90,true,1,
7290003427154,false,"שמן זית כתית מעולה מעודן זיתא 750 מ""ל",זיתא – י.ט.ב תעשיות,IL,שמן זית כתית מעולה מ,מיליליטרים,750.00,"100 מ""ל",false,1,32.90,4.39,true,1,
7290003434664,false,ביס בר דגנים מלאים בשוקולד 120 גרם,הום מייד,IL,ביס בר דגנים מלאים ב,גרמים,120.00,100 גרם,false,1,14.90,12.42,true,1,
7290003438006,false,ממרח אולביה פסטו וצנובר איטלקי 190ג',מיוצר עי קונדיטוריית,IL,ממרח פסטו איטלקי,גרמים,180.00,100 גרם,false,1,13.90,7.72,true,1,
7290003438020,false,ממרח עגבניות מיובשות אוליביה 190 גר,מיוצר עי קונדיטוריית,IL,ממרח עגבניות מיובשות,גרמים,190.00,100 גרם,false,1,13.90,7.32,true,1,
7290003438709,false,ממרח אולביה זיתים שחורים וירוקים 190 ג',גוד פוד פרודקטס S.p,IL,ממרח זיתים שחורים,גרמים,190.00,100 גרם,false,1,13.90,7.32,true,1,
7290003438853,false,אוליביה ממרח אריסה חריפה 185 גר ',,,אריסה חריפה אוליביה,גרמים,180.00,100 גרם,false,1,13.90,7.72,true,1,
7290003438990,false,עיטורי עגבניות מיובשות וזיתים אוליביה 280 ג',אוליביה גורמה בעמ,IL,עיטורי עגבניות מיובש,גרמים,280.00,100 גרם,false,1,19.80,7.07,true,1,
7290003444009,false,חטיף הרשי ריזס שוקולד חלב 42 גר,הרשי,,חטיף הרשי ריזס שוקול,גרמים,42.00,100 גרם,false,1,3.90,9.29,true,1,
7290003450602,false,חרדל הינץ אמיתי לחיץ 255 ג',היינץ צפון אמריקה -,US,ממרח חרדל צהוב היינץ,גרמים,255.00,100 גרם,false,1,8.90,3.49,true,1,
7290003451012,false,בקלה צעיר קפוא,,AR,בקלה צעיר קפוא,Unknown,0.00,"ק""ג",true,0,22.00,22.00,true,1,
7290003457861,false,סולרו פירות טרופיים פסח 30,"מיוצר ע""י גלידת שטרא",IL,סולרו פירות טרופיים,Unknown,0.00,Unknown,false,1,11.00,11.00,true,1,
7290003457991,false,טילון קורנטו וניל עם וופל ואגוזי לוז מסוכרים,"גלידת שטראוס בע""מ, ר",IL,קורנטו קלאסיק וניל 6,גרמים,360.00,100 גרם,false,1,34.90,9.69,true,1,
7290003464500,false,נתח קצבים דק סקין פריים,,,נתח קצבים דק,Unknown,0.00,"ק""ג",true,0,94.90,94.90,true,1,
7290003464531,false,אסאדו עגל טרי,,,אסאדו עגל טרי,Unknown,0.00,"ק""ג",true,0,49.90,49.90,true,1,
7290003514007,false,מנה שקדי מרק מנה 400 גרם,מנה,IL,שקדי מרק מנה 400 גר,גרמים,400.00,100 גרם,false,1,10.40,2.60,true,1,
7290003520572,false,מטריות חרובים שקית בודד (בשרוול 6 שקיות),תופינית,,מטריות שישייה עץ חרו,גרמים,54.00,100 גרם,false,1,15.60,28.89,true,1,
7290003521760,false,"פישר אפטרסול ג'ל אלוורה להרגעת העור, 200 מ""ל",פישר מעבדות פרמצבטיו,IL,אפטרסול גל אלוורה,מיליליטרים,200.00,"100 מ""ל",false,1,32.90,16.45,true,1,
7290003570928,false,קבב בלדי קצביה ארוז קפוא 500ג',בלאדי,IL,קבב 500 גרם,גרמים,500.00,100 גרם,false,1,29.50,5.90,true,1,
7290003578108,false,חתיכות אננס בסירופ קל וילי פוד 850 גרם,טקרנג פינאפל אינדסטר,TH,חתיכות אננס בסירופ ק,גרמים,850.00,100 גרם,false,1,9.90,1.16,true,1,
7290003578498,false,חמאה ללא תוספת מלח 500 גר VALIO,,FI,חמאה ללא תוספת מלח 5,גרמים,500.00,100 גרם,false,0,30.90,6.18,true,1,
7290003598311,false,מינוט סטייק חלק ריאה 300 ג',בלדי,IL,מינוט סטייק 300 גרם,גרמים,300.00,100 גרם,false,1,34.90,11.63,true,1,
7290003610129,false,בשר טחון טרי לקבב/המבורגר,,,בשר טחון טרי,Unknown,0.00,"ק""ג",true,0,39.90,39.90,true,1,
7290003610952,false,אנטריקוט אנגוס פרימיום מבשר קפוא,,,סטייק בלק אנגוס טרי,Unknown,0.00,"ק""ג",true,0,179.90,179.90,true,1,
7290003643004,false,"אורז בסמטי קלאסי 1 ק""ג סוגת",האי נאם סי או אל.טי.,IL,"אורז בסמטי 1 ק""ג",גרמים,1000.00,100 גרם,false,1,13.90,1.39,true,1,
7290003643134,false,סוגת סוכר וניל 10 יח,גוד פוד פרודקטס S.p,IL,סוכר וניל 10*10 גרם,גרמים,100.00,100 גרם,false,1,2.50,2.50,true,1,
7290003643158,false,קורנפלור 200 ג' סוגת,המאפיה של הרמן,IL,קורנפלור 200 גרם,גרמים,200.00,100 גרם,false,1,3.50,1.75,true,1,
7290003643165,false,קורנפלור 500 ג' סוגת,,,קורנפלור 500 גרם,גרמים,500.00,100 גרם,false,1,6.10,1.22,true,1,
7290003643325,false,קוסקוס בינוני 350 גרם סוגת,סוגת,IL,קוסקוס בינוני 350 גר,גרמים,350.00,100 גרם,false,1,5.00,1.43,true,1,
7290003643387,false,"סוכר לבן בצנצנת 1 ק""ג סוגת",האי נאם סי או אל.טי.,IL,"סוכר לבן בצנצנת 1 ק""",גרמים,1000.00,100 גרם,false,1,7.90,0.79,true,1,
7290003643646,false,"סוכר דמררה קלאסי בצנצנת סוגת 1 ק""ג",האי נאם סי או אל.טי.,IL,סוכר חום דמררה צנצנת,גרמים,1000.00,100 גרם,false,1,12.90,1.29,true,1,
7290003643684,false,אפונה יבשה סוגת 500 גר',האי נאם סי או אל.טי.,IL,אפונה 500 גרם,גרמים,500.00,100 גרם,false,1,5.90,1.18,true,1,
7290003643738,false,חיטה סוגת 500 גרם,האי נאם סי או אל.טי.,IL,חיטה 500 גרם,גרמים,500.00,100 גרם,false,1,5.20,1.04,true,1,
7290003643745,false,כוסמת סוגת 500 גרם,האי נאם סי או אל.טי.,IL,כוסמת 500 גרם,גרמים,500.00,100 גרם,false,1,6.90,1.38,true,1,
7290003643752,false,עדשים ירוקים יבש סוגת 500 גר',האי נאם סי או אל.טי.,IL,עדשים ירוקים 500 גרם,גרמים,500.00,100 גרם,false,1,7.90,1.58,true,1,
7290003643769,false,עדשים אדומים יבש סוגת 500 גר',"סוגת תעשיות בע""מ",IL,עדשים אדומים 500 גרם,גרמים,500.00,100 גרם,false,1,8.50,1.70,true,1,
7290003643776,false,"פופקורן גרעינים סוגת 500 ג' כשל""פ",האי נאם סי או אל.טי.,IL,פופקורן 500 גרם,גרמים,500.00,100 גרם,false,1,5.90,1.18,true,1,
7290003643783,false,קוקוס סוגת 100 גרם,האי נאם סי או אל.טי.,IL,קוקוס 100 גרם,גרמים,100.00,100 גרם,false,1,3.90,3.90,true,1,
7290003643806,false,שעועית לבנה יבשה סוגת 500 ג',האי נאם סי או אל.טי.,IL,שעועית לבנה 500 גרם,גרמים,500.00,100 גרם,false,1,11.80,2.36,true,1,
7290003643813,false,שעועית אדומה יבשה סוגת 500 גר',האי נאם סי או אל.טי.,IL,שעועית אדומה 500 גרם,גרמים,500.00,100 גרם,false,1,12.50,2.50,true,1,
7290003643820,false,חומוס ענק יבש סוגת 500 גרם,,IL,חומוס ענק 500 גר,גרמים,500.00,100 גרם,false,1,10.40,2.08,true,1,
7290003726615,false,טופו ויילר 300 גרם.,הדקלאים אגודת שיתופי,IL,טופו וילר 300 גר,גרמים,300.00,100 גרם,false,1,11.90,3.97,true,1,
7290003744855,false,אובלטים עם שומשום 300 גר,"ברט בע""מ",,אובלטים שומשום 300 ג,גרמים,300.00,100 גרם,false,1,10.90,3.63,true,1,
7290003779086,false,סלרי ראש,,,סלרי ראש,Unknown,0.00,Unknown,false,1,5.90,5.90,true,1,
7290003779093,false,סלרי עלים,,,סלרי עלים,Unknown,0.00,Unknown,false,1,5.90,5.90,true,1,
7290003779628,false,פלפל צילי חריף,,,פלפל צילי חריף,Unknown,0.00,Unknown,false,1,9.90,9.90,true,1,
7290003781065,false,מלפפונים בסגנון צרפת,יושלם,VN,מלפפונים בסגנון צרפת,ליטרים,0.68,ליטר,false,1,10.90,16.03,true,1,
7290003781652,false,צלפים במי מלח ויליפוד 350 ג',סוסיטס,TR,צלפים 350 גרם,גרמים,350.00,100 גרם,false,1,11.00,3.14,true,1,
7290003804252,false,תיבולית נוסח הודי קנור 72 גרם,יוניליוור ישראל מזון,IL,תיבולית נוסח הודי קנ,גרמים,72.00,100 גרם,false,1,11.40,15.83,true,1,
7290003804368,false,"תיבולית בזיליקום בד""ץ 72 ג' קנור",יוניליוור ישראל מזון,IL,תיבולית בזיליקום קנו,גרמים,72.00,100 גרם,false,1,11.40,15.83,true,1,
7290003804382,false,"תיבולית פטריות בד""ץ 72 ג' קנור",יוניליוור ישראל מזון,IL,תיבולית פטריות קנור,גרמים,72.00,100 גרם,false,1,11.40,15.83,true,1,
7290003805501,false,"פתית שוודי חסכוני בד""צ 300 גרם",יוניליוור ישראל מזון,IL,פתית שוודי חסכוני בד,גרמים,300.00,100 גרם,false,1,16.90,5.63,true,1,
7290003805587,false,"פתית חיטה מלאה בד""צ 250 גרם-קופסא",יוניליוור ישראל מזון,IL,"פתית חיטה מלאה בד""צ",גרמים,250.00,100 גרם,false,1,16.90,6.76,true,1,
7290003882922,false,עלי גפן ממולאים באורז ויליפוד 400ג',הזה פלאקספו פוד קו ב,CN,עלי גפן ממולאות באור,גרמים,400.00,100 גרם,false,1,8.90,2.23,true,1,
7290003896141,false,חטיף ספרדי פיקנטי אלמנדוס 200 גרם,הדקלאים אגודת שיתופי,IL,חטיף ספרדי פיקנטי אל,גרמים,200.00,100 גרם,false,1,10.90,5.45,true,1,
7290003989539,false,לורנצו רביולי במילוי גבינה,מיוצר עי קונדיטוריית,IL,רביולי גבינה 400 גר,גרמים,400.00,100 גרם,false,1,19.90,4.98,true,1,
7290004011338,false,"קצפת מתוקה מכונה 250 מ""ל ריץ'",האי נאם סי או אל.טי.,IT,ריץ קצפת במיכל 250 ג,גרמים,250.00,100 גרם,false,1,9.90,3.96,true,1,
7290004011345,false,"קצפת ריצ` פרווה במיכל 250 מ""ל",האי נאם סי או אל.טי.,IT,ריץ קצפת במיכל 250 ג,גרמים,250.00,100 גרם,false,1,12.50,5.00,true,1,
7290004011796,false,קבבונים בקר קפוא אל גאוצ''ו 400ג',"טיבון ויל אחזקות בע""",IL,קבבונים אל גאוצו 400,גרמים,400.00,100 גרם,false,1,23.90,5.98,true,1,
7290004011819,false,המבורגר ריב אל גאוצ'ו 360גרם,האי נאם סי או אל.טי.,IL,המבורגר ריב אנט 360,גרמים,360.00,100 גרם,false,1,23.90,6.64,true,1,
7290004030100,false,מיץ תפוזים סחוט ולנסיה 1 ליטר,,,מיץ תפוזים סחוט ולנס,מיליליטרים,1000.00,"100 מ""ל",false,1,18.90,1.89,true,1,
7290004030216,false,פריניב נקטר חמוציות 1ליטר,פריניב בעמ,IL,מיץ חמוציות 1ליטר,מיליליטרים,1000.00,"100 מ""ל",false,1,14.90,1.49,true,1,
7290004030223,false,פריניב נקטר תפוחים סחוט 1 ליטר,פריניב בעמ,IL,מיץ תפוח סחוט 100% 1,מיליליטרים,1000.00,"100 מ""ל",false,1,21.90,2.19,true,1,
7290004030445,false,פריניב סחוט טבעי תפוזים 1ליטר,פריניב בעמ,IL,מיץ תפוזים 1 ליטר,מיליליטרים,1000.00,"100 מ""ל",false,1,14.80,1.48,true,1,
7290004030544,false,פריניב לימונדה לואיזה ולמון גראס 1ל',,,משקה קל לימונענע 1 ל,מיליליטרים,1000.00,"100 מ""ל",false,1,14.90,1.49,true,1,
7290004030810,false,שייק 100% בננה פסיפלורה תפוז מופחת סוכר1,,,שייק 100% בננה פסיפל,מיליליטרים,1000.00,"100 מ""ל",false,1,22.90,2.29,true,1,
7290004050788,false,בייקון 170 גר,,,בייקון 170 גר,גרמים,170.00,100 גרם,false,1,49.90,29.35,true,1,
7290004050856,false,סלמי מילאנו פרוס 170 גר,,,סלמי מילאנו פרוס 170,גרמים,170.00,100 גרם,false,1,33.90,19.94,true,1,
7290004050863,false,סלמי הרץ 170 גר,,,סלמי הרץ 170 גר,גרמים,170.00,100 גרם,false,1,32.90,19.35,true,1,
7290004050870,false,שינקן פולני פרוס 200 גר,,,שינקן פולני פרוס 200,גרמים,200.00,100 גרם,false,1,32.90,16.45,true,1,
7290004050887,false,פרושוטו 120 גר,,,פרושוטו 120 גר,גרמים,120.00,100 גרם,false,1,39.90,33.25,true,1,
7290004050948,false,סלמי כפרית פרוס 170 גר,,,סלמי כפרית פרוס 170,גרמים,170.00,100 גרם,false,1,34.90,20.53,true,1,
7290004050955,false,פטה כבד עוף 170 גר,,,פטה כבד עוף 170 גר,גרמים,170.00,100 גרם,false,1,16.90,9.94,true,1,
7290004050986,false,רו בייקון 170 גר,,,רו בייקון 170 גר,גרמים,170.00,100 גרם,false,1,57.90,34.06,true,1,
7290004051044,false,סלמי הונגרי פרוס 170גר,,,סלמי הונגרי פרוס 170,גרמים,170.00,100 גרם,false,1,34.90,20.53,true,1,
7290004051068,false,שינקן מעושן פרוס 200 גר,,,שינקן מעושן פרוס 200,גרמים,200.00,100 גרם,false,1,31.90,15.95,true,1,
7290004051136,false,סלמי צרפתי פרוס 170 גר,,,סלמי צרפתי פרוס,גרמים,170.00,100 גרם,false,1,34.90,20.53,true,1,
7290004051150,false,סלמי רו סרוולט 170 גר,,,סלמי רו סרוולט 170 ג,גרמים,170.00,100 גרם,false,1,34.90,20.53,true,1,
7290004051167,false,ברזאולה 120 גר,,,ברזאולה 120 גר,גרמים,120.00,100 גרם,false,1,48.90,40.75,true,1,
7290004051334,false,פפרוני עגל 170 גר,,,פפרוני עגל 170 גר,גרמים,170.00,100 גרם,false,1,30.90,18.18,true,1,
7290004051365,false,קרפצו 120 גר,,,קרפצו 120 גר,גרמים,120.00,100 גרם,false,1,35.90,29.92,true,1,
7290004051419,false,ממרח כבד מיני 220 גר,,,ממרח כבד מיני 220 גר,גרמים,220.00,100 גרם,false,1,18.90,8.59,true,1,
7290004051792,false,נקניקיות קוקטייל 900 גר,,,נקניקיות קוקטייל 900,גרמים,900.00,100 גרם,false,1,53.90,5.99,true,1,
7290004052041,false,קבנוס קלאסי 210 גר,,,קבנוס קלאסי 210 גר,גרמים,210.00,100 גרם,false,1,29.90,14.24,true,1,
7290004052225,false,חזה הודו מעושן בגריל 200 גר,,,חזה הודו מעושן בגריל,גרמים,200.00,100 גרם,false,1,21.90,10.95,true,1,
7290004052256,false,חזה הודו מעושן פרוס 200 גר,,,חזה הודו מעושן 200 ג,גרמים,200.00,100 גרם,false,1,21.90,10.95,true,1,
7290004052317,false,סלמי פפרוני 170 גר,,,סלמי פפרוני 170 גר,גרמים,170.00,100 גרם,false,1,34.90,20.53,true,1,
7290004052690,false,נקניקיות פרגית 600 גר,,,נקניקיות פרגית 600 ג,גרמים,600.00,100 גרם,false,1,22.90,3.82,true,1,
7290004052836,false,שמאלץ שומן אווז 200 גר,,,שמאלץ שומן אווז 200,גרמים,200.00,100 גרם,false,1,28.90,14.45,true,1,
7290004053192,false,נקניקיות עגל 600 גר,,,נקניקיות עגל 600 גר,גרמים,600.00,100 גרם,false,1,26.90,4.48,true,1,
7290004053888,false,רוסטביף 200 גר,,,רוסטביף 200 גר,גרמים,200.00,100 גרם,false,1,49.90,24.95,true,1,
7290004054236,false,גיוזה עוף 320 גר,,,גיוזה עוף 320 גר,גרמים,320.00,100 גרם,false,1,35.90,11.22,true,1,
7290004054267,false,נקניקיות פרנקפורטר 900 גר,,,נקניקיות פרנקפורטר,גרמים,900.00,100 גרם,false,1,54.90,6.10,true,1,
7290004054649,false,מיני מוסקובסקיה 300 גרם,,,מיני מוסקובסקיה 300,גרמים,300.00,100 גרם,false,1,37.90,12.63,true,1,
7290004054809,false,כתף בקר מעושנת 200 גר,,,כתף בקר מעושנת 200 ג,גרמים,200.00,100 גרם,false,1,29.90,14.95,true,1,
7290004054885,false,נקניקיות איטלקיות עם גבינה 400 גר,,,נקניקיות איטלקיות עם,גרמים,400.00,100 גרם,false,1,28.90,7.23,true,1,
7290004055271,false,פניני קבנוס 150 גר,,,פניני קבנוס 150 גר,גרמים,150.00,100 גרם,false,1,32.90,21.93,true,1,
7290004055745,false,נקניקיות סליווצניה 600 גר,,,נקניקיות סליווצניה,גרמים,600.00,100 גרם,false,1,32.90,5.48,true,1,
7290004063016,false,מלח שולחן מעולה דק 1,האי נאם סי או אל.טי.,IL,"מלח דק 1 ק""ג",גרמים,1000.00,100 גרם,false,1,2.07,0.21,true,1,
7290004063115,false,"מלח מטבח עבה להמלחת בשר ובישול 1 ק""ג 1ק""ג",האי נאם סי או אל.טי.,IL,"מלח מטבח גס 1 ק""ג",גרמים,1000.00,100 גרם,false,1,2.07,0.21,true,1,
7290004064082,false,מטחנה מלח ים טבעי 250 גרם מלח הארץ,חברת מלח הארץ אילת ב,IL,מטחנה מלח ים טבעי 25,גרמים,250.00,100 גרם,false,1,14.60,5.84,true,1,
7290004064105,false,מטחנה מלח עשבי תיבול 250 גר מלח הארץ,,,מטחנה מלח עשבי תיבול,גרמים,250.00,100 גרם,false,1,18.80,7.52,true,1,
7290004064174,false,"תבלין מלח ההימלאיה דק בצנצנת 1 ק""ג",מלח הארץ,,מלח הימלאיה דק בצנצנ,גרמים,1000.00,100 גרם,false,1,19.80,1.98,true,1,
7290004064181,false,"תבלין מלח ההימלאיה גס בצנצנת 1 ק""ג",חברת מלח הארץ אילת ב,,מלח הימלאיה גס בצנצנ,גרמים,1000.00,100 גרם,false,1,19.80,1.98,true,1,
7290004064280,false,מלח מופחת נתרן בצנצנת מלח הארץ 600 גרם,חברת מלח הארץ אילת ב,IL,מלח מופחת נתרן בצנצנ,גרמים,600.00,100 גרם,false,1,18.90,3.15,true,1,
7290004064297,false,"מלח מועשר ביוד בצנצנת מלח הארץ 1 ק""ג",,IL,מלח מועשר ביוד בצנצנ,גרמים,1000.00,100 גרם,false,1,10.90,1.09,true,1,
7290004064358,false,"מלח דק זורם בקלות מלח הארץ קרטון 1 ק""ג",,IL,מלח דק זורם בקלות מל,גרמים,1000.00,100 גרם,false,1,4.90,0.49,true,1,
7290004067519,false,מעדן דובדבן 100% פרי ל.ת.סוכר בית יצחק 284ג',בית יצחק,IL,"מעדן דובדבן לל""ס 284",גרמים,284.00,100 גרם,false,1,17.90,6.30,true,1,
7290004068011,false,יוגורט כבשים 5% בדלי,"מיוצר ע""י קוד יצרן M",IL,יוגורט כבשים 600 גר,גרמים,600.00,100 גרם,false,1,18.40,3.07,true,1,
7290004068028,false,"ציזיקי יוגורט לשתיה גד 500 מ""ל",מיוצר על ידי קוד יצר,IL,ציזקי 3.5% 500 מל,גרמים,500.00,100 גרם,false,1,9.80,1.96,true,1,
7290004068035,false,"איירן יוגורט לשתייה 3% גד 500 מ""ל","מיוצר ע""י קוד יצרן M",IL,"יוגורט איירן 500 מ""ל",מיליליטרים,500.00,"100 מ""ל",false,1,8.60,1.72,true,1,
7290004068172,false,יוגורט עזים בדלי 5% שומן 600 ג' גד,קוד יצרן MKN,IL,יוגורט עיזים דלי 600,גרמים,600.00,100 גרם,false,1,18.50,3.08,true,1,
7290004078270,false,נוזל כלים פלמוליב צילינדר לימון 1 ליטר,יבואן ומשווק: ש. שסט,GR,פלמוליב צילינדר 1 לי,מיליליטרים,1000.00,"100 מ""ל",false,1,16.20,1.62,true,1,
7290004091255,false,"ואזלין פטרוליום ג'ל 225מ""ל","יוניליוור ארה""ב, ג'ו",US,וזלין פטרוליום 212 ג,גרמים,212.00,100 גרם,false,1,23.50,11.08,true,1,
7290004119133,false,כד יוגורט תנובה 6.5% שומן 1.5 ליטר,מיוצר עי קונדיטוריית,IL,יוגורט 7% 1.5 ליטר,ליטרים,0.00,ליטר,false,1,18.90,18.90,true,1,
7290004119225,false,יוגורט אננס 3% שומן 150 ג' יופלה,תנובה בעמ,IL,יופלה אננס 3% 150 גר,גרמים,150.00,100 גרם,false,1,5.20,3.47,true,1,
7290004120108,false,יופלה דיאט יוגורט דובדבן %0 גביע 150ג',תנובה בעמ,IL,דיאט יופלה דובדבן 15,גרמים,150.00,100 גרם,false,1,5.20,3.47,true,1,
7290004120566,false,גבינה בולגרית פיראוס 24% 250 גרם,תנובה,IL,גבינה בולגרית פיראוס,גרמים,250.00,100 גרם,false,1,23.70,9.48,true,1,
7290004120573,false,גבינה בולגרית פיראוס 16% 250 גרם,תנובה,IL,גבינה בולגרית פיראוס,גרמים,250.00,100 גרם,false,1,23.70,9.48,true,1,
7290004120634,false,גבינה פיראוס בולגרית 5% 250 גרם,פ.פ.ח. שאביט,IL,גבינה פיראוס בולגרית,גרמים,250.00,100 גרם,false,1,21.90,8.76,true,1,
7290004120832,false,חלב תנובה טרי 3% מהדרין כד 2 ל',תנובה,IL,כד חלב 2 ליטר 3%,ליטרים,0.00,ליטר,false,1,12.46,12.46,true,1,
7290004121488,false,יופלה דיאט אפרסק 0% גביע 150 ג',תנובה בעמ,IL,דיאט יופלה אפרסק 150,מיליליטרים,150.00,"100 מ""ל",false,1,5.20,3.47,true,1,
7290004121754,false,יוגורט עוגת גבינה ותות 3% שומן 150 ג' יופלה,תנובה בעמ,IL,יופלה עוגת גבינה,גרמים,150.00,100 גרם,false,1,5.20,3.47,true,1,
7290004121839,false,גבינת פטה כבשים 20% 250 ג' פיראוס,תנובה,IL,גבינה פטה פיראוס 250,גרמים,250.00,100 גרם,false,1,26.90,10.76,true,1,
7290004121853,false,גבינה בולגרית פיראוס 5% קוביות 200 גרם,תנובה,IL,גבינה בולגרית פיראוס,גרמים,200.00,100 גרם,false,1,21.60,10.80,true,1,
7290004122119,false,פתיתי פרמזן לפסטה %23 100 ג' השף הלבן,פ.פ.ח. שאביט,IL,פתיתי פרמזן לפסטה הש,גרמים,220.00,100 גרם,false,1,12.20,5.55,true,1,
7290004122195,false,"גבינת גוש חלב פרוס 28%, כשרות מהדרין, 200 ג'",תנובה,IL,גבינה צהובה גוש חלב,גרמים,200.00,100 גרם,false,1,14.60,7.30,true,1,
7290004122270,false,גבינה צהובה פרוס בקופסא %28 200 ג' עמק,תנובה מרכז שיתופי לש,IL,גבינה עמק פרוס בקופס,גרמים,200.00,100 גרם,false,1,16.90,8.45,true,1,
7290004122348,false,גבינת עמק לייט פרוס בקופסא 200 גרם,תנובה,IL,גבינת עמק לייט פרוס,גרמים,200.00,100 גרם,false,1,17.90,8.95,true,1,
7290004122676,false,גבינת חמד לייט 5% פיראוס 250 ג',"תנובה,מחלבת טנא נוגה",IL,חמד לייט 5% גביע 250,גרמים,250.00,100 גרם,false,1,18.90,7.56,true,1,
7290004122683,false,חטיף גבינת אצבעות 28% 172 ג' עמק,פ.פ.ח. שאביט,IL,אצבעות עמק 172 גר,גרמים,172.00,100 גרם,false,1,16.40,9.53,true,1,
7290004124205,false,יוגורט דיאט תות %0 שומן 150 ג' יופלה,תנובה בעמ,IL,דיאט יופלה תות 150 ג,גרמים,150.00,100 גרם,false,1,5.20,3.47,true,1,
7290004125370,false,"שמנת חמוצה מופחתת שומן 9% 200 מ""ל",תנובה מרכז שיתופי לש,IL,שמנת חמוצה מופחתת,מיליליטרים,200.00,"100 מ""ל",false,1,3.90,1.95,true,1,
7290004125400,false,"שלי אשל 4.5% תנובה 200מ""ל מהדרין",פארייפאבה אגרואינדוס,IL,"שלי אשל 200 מ""ל",מיליליטרים,200.00,"100 מ""ל",false,1,1.69,0.85,true,1,
7290004125417,false,"שלי גיל 3% תנובה 200מ""ל מהדרין",תנובה מרכז שיתופי לש,IL,"שלי גיל 200 מ""ל",מיליליטרים,200.00,"100 מ""ל",false,1,1.50,0.75,true,1,
7290004125455,false,"שמנת אורגינל15% תנובה 200 מ""ל",תנובה מרכז שיתופי לש,IL,שמנת חמוצה 15% 200 מ,גרמים,200.00,100 גרם,false,1,2.40,1.20,true,1,
7290004125462,false,"שמנת אורגינל 15% מהדרין 500 מ""ל",תנובה,IL,שמנת חמוצה 15% 500 מ,מיליליטרים,500.00,"100 מ""ל",false,1,6.00,1.20,true,1,
7290004125509,false,"שמנת 15% חצי מנה 100 מ""ל תנובה",תנובה,IL,"שמנת חמוצה 100 מ""ל",מיליליטרים,100.00,"100 מ""ל",false,1,1.80,1.80,true,1,
7290004125578,false,משקה סויה מעושר בסידן תנובה 1ל',סוי מג'יק,IL,משקה סויה מועשר 1 לי,מיליליטרים,1000.00,"100 מ""ל",false,1,10.90,1.09,true,1,
7290004125585,false,משקה סויה וניל על הבוקר 1 ל',תנובה מרכז שיתופי לש,IL,משקה סויה על הבוקר 1,מיליליטרים,1000.00,"100 מ""ל",false,1,11.40,1.14,true,1,
7290004125721,false,"שמנת לבישול 15% שומן 250 מ""ל תנובה",תנובה מרכז שיתופי לש,IL,שמנת לבישול 15% השף,גרמים,250.00,100 גרם,false,1,8.70,3.48,true,1,
7290004125738,false,שמנת מתוקה להקצפה32% 250מל עמיד השף הלבן,תנובה מרכז שיתופי לש,IL,שמנת מתוקה להקצפה 32,גרמים,250.00,100 גרם,false,1,6.80,2.72,true,1,
7290004125776,false,גבינה צהובה עמק 28% 400 גרם בקופסא,תנובה,IL,עמק פרוס בקופסה 400ג,גרמים,400.00,100 גרם,false,1,29.30,7.33,true,1,
7290004126674,false,פרוסות גבינה חצי קשה 9% שומן 200 ג' עמק,תנובה,IL,טל העמק לייט 200 גרם,גרמים,200.00,100 גרם,false,1,19.40,9.70,true,1,
7290004126759,false,יופלה דיאט פירות יער %0 גביע 150 ג',תנובה בעמ,IL,דיאט יופלה פירות יער,גרמים,150.00,100 גרם,false,1,5.20,3.47,true,1,
7290004126872,false,"שוקו תנובה בבקבוק 250 מ""ל תנובה",תנובה,IL,שוקו שוק בקבוק 250 מ,גרמים,250.00,100 גרם,false,1,6.50,2.60,true,1,
7290004127077,false,קוטג' 3% שומן 250 ג' תנובה,מיוצר עי קונדיטוריית,IL,קוטג 3% 250 גרם,גרמים,250.00,100 גרם,false,1,5.50,2.20,true,1,
7290004127329,false,קוטג' 5% תנובה 250ג' מהדרין,מיוצר עי קונדיטוריית,IL,גבינת קוטג 5% 250 גר,גרמים,250.00,100 גרם,false,1,5.50,2.20,true,1,
7290004127336,false,קוטג' 9% תנובה 250 ג' הדרין,מיוצר עי קונדיטוריית,IL,גבינת קוטג 9% 250 גר,גרמים,250.00,100 גרם,false,1,5.50,2.20,true,1,
7290004127800,false,גבינה לבנה 5% שומן 500 ג' תנובה,מיוצר עי קונדיטוריית,IL,גבינה לבנה למריחה 5%,גרמים,500.00,100 גרם,false,1,9.96,1.99,true,1,
7290004127817,false,גבינה לבנה 9% שומן 500 ג' תנובה,מיוצר עי קונדיטוריית,IL,גבינה למריחה 9% 500,גרמים,500.00,100 גרם,false,1,9.96,1.99,true,1,
7290004127862,false,גבינה לבנה 5% שומן 750 ג' תנובה,מחלבת אלון תבור,IL,גבינה למריחה 5% 750,גרמים,750.00,100 גרם,false,1,14.94,1.99,true,1,
7290004127916,false,גבינה לבנה 0.5% שומן 500 ג' תנובה,מחלבת אלון תבור,IL,גבינה למריחה 0.5%,גרמים,500.00,100 גרם,false,1,9.96,1.99,true,1,
7290004128333,false,לאבנה על בסיס יוגורט %9 שומן 500 ג' פיראוס,תנובה,IL,גבינה לאבנה 9% 500 ג,גרמים,500.00,100 גרם,false,1,20.90,4.18,true,1,
7290004128340,false,קרם גבינת שמנת %5 בטעם טבעי 200 ג' תנובה,תנובה,IL,גבינת שמנת בטעם טבעי,גרמים,200.00,100 גרם,false,1,12.90,6.45,true,1,
7290004128364,false,קרם גבינת שמנת 5% עם זיתים ירוקים 200 ג' תנובה,"תנובה, מחלבת תל יוסף",IL,גבינת שמנת עם זיתים,גרמים,200.00,100 גרם,false,1,12.90,6.45,true,1,
7290004128432,false,פתיתים מיוחדים לפיצה על בסיס גבינה 500 ג',תנובה,IL,פתיתים מיוחדים לפיצה,גרמים,500.00,100 גרם,false,1,22.90,4.58,true,1,
7290004129101,false,גבינת שמנת 25% בטעם טבעי 225 ג' נפוליאון,מחלבת אלון תבור,IL,נפוליאון טבעי 225 גר,גרמים,225.00,100 גרם,false,1,14.90,6.62,true,1,
7290004129156,false,גבינת שמנת25% עם שום שמיר 225 ג' נפוליאון,מחלבת אלון תבור,IL,נפוליאון שום שמיר 22,גרמים,225.00,100 גרם,false,1,14.90,6.62,true,1,
7290004129545,false,גבינה לבנה 3% שומן 250 ג' תנובה,מחלבת אלון תבור,IL,גבינת תנובה 3% 250 ג,גרמים,250.00,100 גרם,false,1,4.98,1.99,true,1,
7290004129736,false,יוגורט במתיקות מעודנת 1.5% שומן 200 ג' יופלה,תנובה מרכז שיתופי לש,IL,יופלה לבן 1.5% 200 ג,מיליליטרים,200.00,"100 מ""ל",false,1,4.90,2.45,true,1,
7290004129767,false,יופלה מאגדת לבן 3% 8 יח' *150 ג',מחלבת אלון תבור,IL,שמיניית יופלה לבן,ליטרים,0.00,ליטר,false,1,18.50,18.50,true,1,
7290004130794,false,משקה סויה טבעי במתיקות מופחתת 1 ליטר,סוי מג'יק,IL,משקה סויה טבעי מתיקו,מיליליטרים,1000.00,"100 מ""ל",false,1,10.90,1.09,true,1,
7290004130916,false,יוגורט 3% פירות יער בשמנת 150 ג' יופלה,תנובה בעמ,IL,יופלה פירות יער בשמנ,גרמים,150.00,100 גרם,false,1,5.20,3.47,true,1,
7290004131074,false,חלב תנובה 3% 1 ליטר קרטון מהדרין,תנובה מרכז שיתופי לש,IL,חלב קרטון+פקק 3% תנו,מיליליטרים,1000.00,"100 מ""ל",false,1,6.23,0.62,true,1,
7290004131432,false,יוגורט ביו 3% שומן 200 ג' יופלה,מיוצר עי קונדיטוריית,IL,יופלה לבן 3% 200 גר,גרמים,200.00,100 גרם,false,1,4.20,2.10,true,1,
7290004131456,false,יוגורט ביו 1.5% שומן 200 ג' יופלה,מיוצר עי קונדיטוריית,IL,יופלה לבן 1.5% 200 ג,מיליליטרים,200.00,"100 מ""ל",false,1,4.20,2.10,true,1,
7290004131814,false,גבינה צפתית 5% מעודנת 200 ג' פיראוס,פארייפאבה אגרואינדוס,IL,פיראוס צפתית מעודנת,גרמים,200.00,100 גרם,false,1,15.90,7.95,true,1,
7290004132552,false,משקה סויה לייט בטעם טבעי טרי 1 ליטר,תנובה מרכז שיתופי לש,IL,דיאט סויה טבעי 1 ליט,מיליליטרים,1000.00,"100 מ""ל",false,1,11.40,1.14,true,1,
7290004132712,false,חטיף אצבעות גבינת מוצרלה 20% 172 ג' עמק,פ.פ.ח. שאביט,IL,אצבעות מוצרלה 172 גר,גרמים,172.00,100 גרם,false,1,17.30,10.06,true,1,
7290004133511,false,יופלה מאגדת לבן 1.5% מעודן 8 יח' * 150 ג',מיוצר עי קונדיטוריית,IL,יופלה לבן שמינייה,ליטרים,0.00,ליטר,false,1,21.40,21.40,true,1,
7290004135614,false,גבינה בולגרית מעודנת 5% 250 ג' פיראוס,תנובה,IL,פיראוס בולגרית מעודנ,גרמים,250.00,100 גרם,false,1,21.90,8.76,true,1,
7290004136598,false,מארז הפסקת אוכל עם קורנפלקס ומשקה חלב עמיד בטעם וניל,פארייפאבה אגרואינדוס,IL,מארז הפסקת אוכל-חלב,גרמים,250.00,100 גרם,false,1,10.90,4.36,true,1,
7290004136857,false,גלי בטעם פטל 125 גרם,תנובה מרכז שיתופי לש,IL,גלי פטל 125גר,גרמים,125.00,100 גרם,false,1,2.80,2.24,true,1,
7290004136864,false,ג'לי תנובה אננס עם חתיכות אננס 125 ג',סוי מג'יק,IL,גלי אננס עם חתיכות א,גרמים,125.00,100 גרם,false,1,2.90,2.32,true,1,
7290004136871,false,ג'לי תנובה אפרסק עם חתיכות אפרסק 125 ג',סוי מג'יק,IL,גלי אפרסק עם חתיכות,גרמים,150.00,100 גרם,false,1,2.90,1.93,true,1,
7290004137021,false,"שמנת לבישול 10% עמיד השף הלבן 250 מ""ל",תנובה מרכז שיתופי לש,IL,שמנת לבישול 10%-השף,גרמים,250.00,100 גרם,false,1,8.70,3.48,true,1,
7290004137311,false,גבינה צהובה לייט 9% שומן 400 ג' עמק,תנובה,IL,עמק לייט פרוס 9% 400,גרמים,400.00,100 גרם,false,1,32.90,8.23,true,1,
7290004137809,false,פיראוס לאבנה 5% גביע 250 גרם,"תנובה, מחלבת אלון תב",IL,פיראוס לאבנה 5% 250,גרמים,250.00,100 גרם,false,1,13.90,5.56,true,1,
7290004150112,false,חומוס מזרחי פיקנטי פרימיום 300 גרם,,IL,חומוס מזרחי פיקנטי פ,גרמים,300.00,100 גרם,false,1,15.90,5.30,true,1,
7290004150143,false,חציל במיונז פיקנטי פרימיום 300 גרם,,IL,חציל במיונז פיקנטי פ,גרמים,300.00,100 גרם,false,1,15.90,5.30,true,1,
7290004150150,false,חציל בטחינה פיקנטי פרימיום 300 גרם,,IL,חציל בטחינה פיקנטי פ,גרמים,300.00,100 גרם,false,1,15.90,5.30,true,1,
7290004150174,false,קולוסלאו פיקנטי פרימיום 300 גרם,,IL,קולוסלאו פיקנטי פרימ,גרמים,300.00,100 גרם,false,1,15.90,5.30,true,1,
7290004150181,false,חמוצים סיני פיקנטי פרימיום 300 גרם,,IL,חמוצים סיני פיקנטי פ,גרמים,300.00,100 גרם,false,1,15.90,5.30,true,1,
7290004199166,false,כפפות לאטקס 100 יח' EASY TOUCH- S,הדקלאים אגודת שיתופי,TH,כפפות לטקס איזי טאצ,Unknown,0.00,Unknown,false,1,31.50,31.50,true,1,
7290004199173,false,כפפות לטקס איזי טאצ 100 יח מדיום,הדקלאים אגודת שיתופי,TH,כפפות לטקס איזי טאצ,Unknown,0.00,Unknown,false,1,31.50,31.50,true,1,
7290004199784,false,כפפות S לטקס עם איבוק עדין 100 יח- SAFE TOUCH,,,כפפות לטקס 100 יח S,Unknown,0.00,Unknown,false,1,22.90,22.90,true,1,
7290004199807,false,כפפות L לטקס עם איבוק עדין 100 יח- SAFE TOUCH,,,כפפות לטקס 100 יח L,Unknown,0.00,Unknown,false,1,22.90,22.90,true,1,
7290004219826,false,מלבין קפה הולנדי קומפלטה 400ג',פריזלנד פודס קיוויט,NL,מלבין קפה הולנדי 400,גרמים,400.00,100 גרם,false,1,22.50,5.63,true,1,
7290004221409,false,וובר רוטב חזרת 453 גרם בקבוק לחיץ,וובר,,וובר רוטב חזרת 453 ג,גרמים,453.00,100 גרם,false,1,30.50,6.73,true,1,
7290004227975,false,צלעות טלה טרי,,,צלעות טלה טרי,Unknown,0.00,"ק""ג",true,0,179.90,179.90,true,1,
7290004230081,false,קציצות עוף ברוטב עגבניות שגב 800 גרם,קרלו,IL,קציצות עוף ברוטב,גרמים,800.00,100 גרם,false,1,35.50,4.44,true,1,
7290004234218,false,ברווז טרי,,,ברווז טרי,Unknown,0.00,"ק""ג",true,0,62.90,62.90,true,1,
7290004339425,false,שווארמה מהצומח טבע דלי 350 גר,טבע דלי בעמ,IL,שווארמה מהצומח טבע ד,גרמים,350.00,100 גרם,false,1,24.90,7.11,true,1,
7290004339630,false,סייטן טבעי טבע דלי 350 גר,טבע דלי,IL,סייטן טבעי טבע דלי 3,גרמים,350.00,100 גרם,false,1,19.90,5.69,true,1,
7290004339777,false,סייטן טחון בולונז 350 גרם טבע דלי,טבע דלי,IL,סייטן טחון בולונז,גרמים,350.00,100 גרם,false,1,26.50,7.57,true,1,
7290004386825,false,שעועית ענק ברוטב עגבניות וילי פוד 420 גר,,GR,שעועית ענק ברוטב עגב,גרמים,420.00,100 גרם,false,1,10.40,2.48,true,1,
7290004390396,false,"שכר דובדבנים 750 מ""ל",,,"שכר דובדבנים 750 מ""ל",מיליליטרים,750.00,"100 מ""ל",false,1,27.90,3.72,true,1,
7290004419042,false,וואלס עגולה 700 גר,,,וואלס עגולה 700 גר,גרמים,700.00,100 גרם,false,1,86.90,12.41,true,1,
7290004419141,false,עוגת דובדבן בשוקולד מלבנית 500 גר,,,עוגת דובדבן בשוקולד,גרמים,500.00,100 גרם,false,1,41.90,8.38,true,1,
7290004419165,false,קרם בורלה מלבנית 500 גר יח,,,קרם בורלה מלבנית 500,גרמים,500.00,100 גרם,false,1,41.90,8.38,true,1,
7290004479305,false,מסר מילניון עוגיות מזל 160 גרם,,,מסר מילניון עוגיות מ,גרמים,160.00,100 גרם,false,1,22.90,14.31,true,1,
7290004480363,false,"קאשקבל גלגל גד לק""ג",מחלבת גד,IL,קאשקבל במשקל,Unknown,0.00,"ק""ג",true,0,129.00,129.00,true,1,
7290004494049,false,פומה סוביניון בלאן-דלתון 750 מל,"איי, בי, אינבוו",IL,פומה סוביניון בלאן-ד,Unknown,0.00,Unknown,false,1,54.90,54.90,true,1,
7290004494063,false,יין דלתון פטיט סירה 750 מל,,,יין דלתון פטיט סירה,Unknown,0.00,Unknown,false,1,54.90,54.90,true,1,
7290004494131,false,"יין דלתון קברנה סובניון 750 מ""ל","איי, בי, אינבוו",IL,יין דלתון קברנה סובנ,Unknown,0.00,Unknown,false,1,54.90,54.90,true,1,
7290004494148,false,יין דלתון מרלו 750 מל,"איי, בי, אינבוו",IL,"מרלו דלתון 750 מ""ל",Unknown,0.00,Unknown,false,1,54.90,54.90,true,1,
7290004494179,false,יין דלתון שרדונה 750 מל,"איי, בי, אינבוו",IL,יין דלתון שרדונה 750,Unknown,0.00,Unknown,false,1,54.90,54.90,true,1,
7290004494377,false,"יין אדום שיראז סדרת דלתון 750 מ""ל","איי, בי, אינבוו",IL,יין אדום שיראז סדרת,Unknown,0.00,Unknown,false,1,54.90,54.90,true,1,
7290004494599,false,"יין עלמה קרימזון 750 מ""ל דלתון",,IL,יין עלמה קרימזון 75,Unknown,0.00,Unknown,false,1,83.90,83.90,true,1,
7290004494919,false,יין כנען קברנה שיראז 750 מל דלתון,כצט,IL,יין כנען קברנה שיראז,מיליליטרים,750.00,"100 מ""ל",false,1,44.90,5.99,true,1,
7290004502690,false,וודקה פינלנדיה 1 ליטר,,,וודקה פינלנדיה 1 ל,מיליליטרים,1000.00,"100 מ""ל",false,1,93.90,9.39,true,1,
7290004502997,false,וודקה פינלנדיה בקבוק,בראון פורמן,FI,וודקה פינלנדיה 500 מ,מיליליטרים,500.00,"100 מ""ל",false,1,49.90,9.98,true,1,
7290004536039,false,כפפות דלפין זוג ורוד מס8,,,כפפות ורודות מידה 8,Unknown,0.00,Unknown,false,1,8.50,8.50,true,1,
7290004554330,false,שלגון אסקימו דובדבן,"מיוצר ע""י גלידת שטרא",IL,אסקימו דובדבן,Unknown,0.00,Unknown,false,1,3.00,3.00,true,1,
7290004554798,false,"שלגון מטרה פטל,לימון וענבים","מיוצר ע"" גלידת שטראו",IL,שלגון מטרה,Unknown,0.00,Unknown,false,1,6.50,6.50,true,1,
7290004584306,false,רבעיית גמדים בטעם תות בננה * 100 ג' שטראוס,מיוצר עי קונדיטוריית,IL,גמדים סופר תות -בננה,גרמים,200.00,100 גרם,false,1,11.70,5.85,true,1,
7290004584351,false,גבינה לבנה סימפוניה עם תוספות 200 ג' חמישית 200,"שטראוס בריאות בע""מ",IL,סימפוניה 5% 200 גרם,גרמים,200.00,100 גרם,false,1,11.00,5.50,true,1,
7290004584528,false,יוגורט דנונה ביו טבעי 1.7% 200 גרם,מיוצר עי קונדיטוריית,IL,יוגורט דנונה ביו טבע,גרמים,200.00,100 גרם,false,1,3.70,1.85,true,1,
7290004585907,false,דני ועדן וניל 1.5% 125ג' שטראוס,מיוצר עי קונדיטוריית,IL,"מעדן דני וניל 125 מ""",מיליליטרים,125.00,"100 מ""ל",false,1,2.90,2.32,true,1,
7290004603175,false,מלח ים גס 500 ג' מלח הארץ,מולינו ניקולי s.p.a,IL,מלח ים האדום גס 500,גרמים,500.00,100 גרם,false,1,8.90,1.78,true,1,
7290004685027,false,לחם חיטה מלאה פלוס לחם הארץ 500 גרם,,,לחם חיטה מלאה פלוס,גרמים,500.00,100 גרם,false,1,16.50,3.30,true,1,
7290004685126,false,לחם 5 דגנים לחם הארץ,יוליניבר,IL,לחם 5 דגנים 750 גרם,גרמים,750.00,100 גרם,false,1,16.50,2.20,true,1,
7290004685157,false,לחם שיפון 100% 750 גר',יוליניבר,IL,לחם שיפון 100%,גרמים,750.00,100 גרם,false,1,16.50,2.20,true,1,
7290004685201,false,לחם אגוזים לחם הארץ,יוליניבר,IL,לחם אגוזים,גרמים,500.00,100 גרם,false,1,16.50,3.30,true,1,
7290004685225,false,לחם שיפון פומפרניקל מקמח שיפון,,,לחם שיפון פומפרניקל,גרמים,750.00,100 גרם,false,1,16.50,2.20,true,1,
7290004685430,false,לחם כוסמין 100% 500 גר',יוליניבר,IL,לחם כוסמין 100% 500,גרמים,500.00,100 גרם,false,1,16.50,3.30,true,1,
7290004685478,false,פיתות כוסמין 100% כוסמין 550 גרם,מאפית ברמן,IL,פיתות כוסמין 100% כו,גרמים,550.00,100 גרם,false,1,17.90,3.25,true,1,
7290004731564,false,"סנו - מקסימה מרסס למייבש כביסה פריחה כחולה 750 מ""ל",סנו,IL,מבשם ומרכך כביסה למי,מיליליטרים,750.00,"100 מ""ל",false,1,18.90,2.52,true,1,
7290004731816,false,סנו סושי מגבות הפלא למטבח 8 גלילים,סנו מפעלי ברונוס בעמ,IL,סושי מגבות הפלא שמינ,Unknown,0.00,Unknown,false,1,18.90,18.90,true,1,
7290004737719,false,אספרגוס שלם בצנצנת 330 ג' ולי פוד,יוליניבר,CN,אספרגוס שלם מקולף 33,גרמים,330.00,100 גרם,false,1,12.10,3.67,true,1,
7290004737900,false,חלב מרוכז ממותק 397 גרם ויליפוד,יו.איי.בי מאריג'אמפו,LT,חלב מרוכז ממותק וילי,גרמים,397.00,100 גרם,false,1,10.90,2.75,true,1,
7290004768911,false,אונט ריב מובחר טרי,,,אונט ריב מובחר טרי,Unknown,0.00,"ק""ג",true,0,64.90,64.90,true,1,
7290004872731,false,טילון אקסטרים וניל 70ג',גלידות נסטלה,IL,אקסטרים וניל,Unknown,0.00,Unknown,false,1,8.00,8.00,true,1,
7290004872786,false,"טילון אקסטרים ענק פקאן 115ג' בד""ץ",גלידות נסטלה,IL,אקסטרים ענק פקאן,Unknown,0.00,Unknown,false,1,9.10,9.10,true,1,
7290004982355,false,טריפל צדר במשקל,,,טריפל צדר במשקל,Unknown,0.00,"ק""ג",true,0,109.00,109.00,true,1,
7290005008191,false,"פלמוליב סבון נוזלי בניחוח ארומה סגול, 500 מ""ל",הנסיך- מפעל לייצור ט,TR,פלמוליב ס. נוזלי ארו,מיליליטרים,500.00,"100 מ""ל",false,1,18.80,3.76,true,1,
7290005041198,false,"קבב כבש ביתי 1 ק""ג",לאטי עזרא גלם ודגים,,"קבב כבש ביתי 1 ק""ג",קילוגרמים,0.00,"ק""ג",false,1,49.90,49.90,true,1,
7290005068058,false,תירס קל מופחת קלוריות 550 ג' פרי הגליל,,IL,תירס קל A2,גרמים,550.00,100 גרם,false,1,7.30,1.33,true,1,
7290005068447,false,"גרגרי תירס קל בוואקום ללת""ס פרי גליל 340ג'",ויטה פרי גליל,,תירס קל בואקום,גרמים,340.00,100 גרם,false,1,9.40,2.76,true,1,
7290005079290,false,גבינה צהובה נעם 15%,,,גבינה צהובה נעם 15%,Unknown,0.00,"ק""ג",true,0,65.00,65.00,true,1,
7290005084355,false,"סנסודיין - משחת שיניים דואל קר זהב 75 מ""ל",DE MICLEN,IL,משחת שיניים סנסודיי,גרמים,75.00,100 גרם,false,1,22.90,30.53,true,1,
7290005095269,false,נרות חימום 50 יח' שק,,,נרות חימום 50 יח,Unknown,0.00,Unknown,false,1,11.90,11.90,true,1,
7290005095467,false,נרות שבת 4 יח,,CN,נרות שבת 4 יח,Unknown,0.00,Unknown,false,1,6.10,6.10,true,1,
7290005095498,false,נרות שבת 10 יח,,CN,נרות שבת 10 יח,Unknown,0.00,Unknown,false,1,6.10,6.10,true,1,
7290005095641,false,חטיף תפוחה מצוקה 230 גר שלוה,,,חטיף תפוחה מצוקה 230,גרמים,230.00,100 גרם,false,1,9.90,4.30,true,1,
7290005095658,false,תפיחוני תירס מתוקים 150 גר שלוה,,,תפיחוני תירס מתוקים,גרמים,150.00,100 גרם,false,1,9.90,6.60,true,1,
7290005095719,false,חיטה תפוחה טבעית 150 גר שלוה,,,חיטה תפוחה טבעית 150,גרמים,200.00,100 גרם,false,1,9.90,4.95,true,1,
7290005111761,false,בונזו ארוחת בריאות 3 קג,united pet food,FR,בונזו ארוחת בריאות 3,קילוגרמים,0.00,"ק""ג",false,1,49.90,49.90,true,1,
7290005158285,false,אצבעות כוסמין שומשום ושמן זית 200 גרם,,IL,אצבעות כוסמין שומשום,גרמים,200.00,100 גרם,false,1,30.90,15.45,true,1,
7290005158360,false,חטיפי שומשום מלא 250 גרם,,,חטיפי שומשום מלא 250,גרמים,250.00,100 גרם,false,1,31.50,12.60,true,1,
7290005174513,false,חציל במיונז 500 ג' אחלה,מיוצר עי קונדיטוריית,IL,חצילים במיונז 500 גר,גרמים,500.00,100 גרם,false,1,15.90,3.18,true,1,
7290005174551,false,סלט חומוס עם צנוברים 125 ג' אחלה,מיוצר עי קונדיטוריית,IL,חומוס יום יום 125 גר,גרמים,125.00,100 גרם,false,1,4.90,3.92,true,1,
7290005174568,false,אחלה סלט חצילים יום 125 ג',"שטראוס גרופ בע""מ",IL,חצילים במיונז 125 גר,גרמים,125.00,100 גרם,false,1,4.90,3.92,true,1,
7290005174575,false,טחינה אחלה יום יום משובחת 125ג',מיוצר עי קונדיטוריית,IL,טחינה יום יום 125 גר,גרמים,125.00,100 גרם,false,1,4.90,3.92,true,1,
7290005175589,false,"קמח תירס ויליפוד 1 ק""ג",,,"קמח תירס תירס 1 ק""ג",גרמים,1000.00,100 גרם,false,1,9.90,0.99,true,1,
7290005197758,false,עוגיות חיוכים שוקו שוקו 150ג',אפיפית נצרת (1971) ב,IL,חיוכים שוקו 150 גרם,גרמים,150.00,100 גרם,false,1,6.50,4.33,true,1,
7290005199578,false,"קפה פלאטינום עלית נטול 200ג' כש""לפ",,IL,קפה פלטניום נטול 200,גרמים,200.00,100 גרם,false,1,25.90,12.95,true,1,
7290005199738,false,גומי מאסט בטעם פפרמינט ריח פה נעים פליפטופ 28 ג' עלית,"שטראוס גרופ בע""מ",IL,מסטיק MUST LL ריח פה,Unknown,0.00,Unknown,false,1,4.60,4.60,true,1,
7290005200786,false,תפוצ'יפס שמנת ובצל 50 גרם,"שטראוס פריטו ליי בע""",IL,תפוציפס שמנת ובצל 50,גרמים,50.00,100 גרם,false,1,4.00,8.00,true,1,
7290005278068,false,בננה תפוז סחוט טרי 5,,,בננה תפוז סחוט טרי 5,מיליליטרים,500.00,"100 מ""ל",false,1,9.90,1.98,true,1,
7290005278105,false,אפרסק סחוט טרי 500 מ,,,אפרסק סחוט טרי 500 מ,מיליליטרים,500.00,"100 מ""ל",false,1,9.90,1.98,true,1,
7290005278143,false,תמר בננה סחוט טרי 50,,,תמר בננה סחוט טרי 50,מיליליטרים,500.00,"100 מ""ל",false,1,9.90,1.98,true,1,
7290005287206,false,טונה סטארקיסט בשמן רביעיות 4*160 גר,"סטארקיסט פודור בע""מ",,טונה סטארקיסט בשמן ר,גרמים,640.00,100 גרם,false,1,24.90,3.89,true,1,
7290005287251,false,טונה סטארקיסט במים רביעיות 4*160 גר,"איטיליאן פוד, אס.פי.",,טונה סטארקיסט במים ר,גרמים,640.00,100 גרם,false,1,24.90,3.89,true,1,
7290005287510,false,טונה בשמן עם בפלפל חריף 160 ג' סטארקיסט,תאי יוניון גרופ,TH,טונה בשמן עם פלפל חר,גרמים,160.00,100 גרם,false,1,8.90,5.56,true,1,
7290005287527,false,טונה סטארקיסט בשמן עם לימון 160 גר,תאי יוניון גרופ,TH,טונה בשמן עם לימון 1,גרמים,160.00,100 גרם,false,1,8.90,5.56,true,1,
7290005287534,false,טונה בשמן עישון טבעי 160 ג' סטארקיסט,תאי יוניון גרופ,TH,טונה בשמן עישון טבעי,גרמים,160.00,100 גרם,false,1,8.90,5.56,true,1,
7290005326387,false,עגבניות מיובשות בשמן זית אוליבייה 270ג',,IL,עגבניות מיובשות,גרמים,270.00,100 גרם,false,1,19.80,7.33,true,1,
7290005326523,false,ממרח פסטו פטרוזיליה ונענע אוליביה 180 גר,,,ממרח פסטו פטרוזיליה,גרמים,180.00,100 גרם,false,1,13.90,7.72,true,1,
7290005326677,false,רוטב ברביקיו אוליביה 350 גר,,IL,רוטב ברביקיו אוליביה,גרמים,350.00,100 גרם,false,1,13.90,3.97,true,1,
7290005358241,false,לשון בקר קפוא,,,לשון בקר קפואה,Unknown,0.00,"ק""ג",true,0,35.90,35.90,true,1,
7290005384851,false,מיץ לימון משומר וילי,יורופוד,IT,מיץ לימון 200 מ`ל,מיליליטרים,200.00,"100 מ""ל",false,1,4.90,2.45,true,1,
7290005423055,false,סנו פורטה פלוס מתז בניחות לימון 1 ל',"סנו מפעלי ברונוס בע""",IL,מרסס סנו פורטה פלוס,מיליליטרים,1000.00,"100 מ""ל",false,1,17.90,1.79,true,1,
7290005423482,false,"סנו קרם לניקוי כיריים קרמיים 300 מ""ל",מיוצר עי קונדיטוריית,IL,סנו קרם לניקוי כיריי,מיליליטרים,300.00,"100 מ""ל",false,1,18.90,6.30,true,1,
7290005423567,false,מטליות לניקוי כללי בגליל 40 יח' סנו סושי,אסותא תעשיות אלבד בע,IL,סנו סושי מטליות בגלי,Unknown,0.00,Unknown,false,1,20.20,20.20,true,1,
7290005423734,false,סנו - מקסימה מרכך כביסה אולטרה פרש 4 ליטר,"סנו מפעלי ברונוס בע""",IL,סנו מקסימה מרכך כביס,ליטרים,0.00,ליטר,false,1,19.90,19.90,true,1,
7290005423833,false,סנו פוליויקס פרקט 2 ליטר,"סנו מפעלי ברונוס בע""",IL,סנו פוליויקס פרקט 2,ליטרים,0.00,ליטר,false,1,23.90,23.90,true,1,
7290005424113,false,מטליות רצפה 4 יח' סנו סושי,עופרטקס,,סנו סושי 4 מטליות רצ,Unknown,0.00,Unknown,false,1,12.90,12.90,true,1,
7290005425110,false,"סנו מתז לחיטוי משטיחים 750 מ""ל","סנו מפעלי ברונוס בע""",IL,מרסס לחיטוי משטחים 9,מיליליטרים,750.00,"100 מ""ל",false,1,13.90,1.85,true,1,
7290005426230,false,מטלית הפלא לרצפה מיקרופייבר סנו 1יח',N.S.,IL,סושי מטלית הפלא לרצפ,Unknown,0.00,Unknown,false,1,12.90,12.90,true,1,
7290005428845,false,סנו סושי מפיות צבעוני 100 יח,"חי מוצרי נייר בע""מ",IL,סנו סושי מפיות צבעונ,Unknown,0.00,Unknown,false,1,10.20,10.20,true,1,
7290005428852,false,ממחטות טישו צבעוניים סנו סופט 5 יח' *100דף,ישרפייפר,IL,סנו סופט מגבוני טישו,Unknown,0.00,Unknown,false,1,17.30,17.30,true,1,
7290005429279,false,סנו מקסימה קומפקט קומפקט אפקט גאוול 6 ק,,,סנו מקסימה קומפקט ק,קילוגרמים,0.01,"ק""ג",false,1,49.50,4950.00,true,1,
7290005430510,false,נייר טואלט סנו סופט לבן 40 גלילים,סנו,,נייר טואלט סופט 40 ג,מטרים,736.00,מטר,false,1,41.90,0.06,true,1,
7290005430671,false,סנו פוליויקס 2 ליטר +קרמיקה,סנו מפעלי ברונו בעמ,IL,סנו פוליויקס 2 ליטר,ליטרים,0.00,ליטר,false,1,20.90,20.90,true,1,
7290005431883,false,עדן מלבי חלבי 165 גר,לחמנו,IL,מלבי חלבי 165 גר,גרמים,165.00,100 גרם,false,1,7.40,4.48,true,1,
7290005431906,false,עדן קדאיף 82 גרם,תנובה,IL,קדאיף 82 גר,גרמים,82.00,100 גרם,false,1,7.40,9.02,true,1,
7290005431920,false,עוגת גבינה פירורים לייט 78 ג',תנובה,IL,עוגת גבינה פירורים,גרמים,78.00,100 גרם,false,1,6.90,8.85,true,1,
7290005431937,false,עדן טירמיסו 82 גרם,תנובה,IL,טירמיסו 82 גר,גרמים,82.00,100 גרם,false,1,7.40,9.02,true,1,
7290005431968,false,מלבי שמנת 150 גרם,תנובה,IL,מלבי שמנת 150 גרם,גרמים,150.00,100 גרם,false,1,6.90,4.60,true,1,
7290005555100,false,פיקדון רביעייה,,,פיקדון רביעייה,Unknown,0.00,Unknown,false,1,1.20,1.20,true,1,
7290005555101,false,פיקדון שישייה,,,פיקדון שישייה,Unknown,0.00,Unknown,false,1,1.80,1.80,true,1,
7290005555777,false,"פיקדון חוזר 1.2 ש""ח בק 500 מ""ל",,,"פיקדון חוזר 1.2 ש""ח",Unknown,0.00,Unknown,false,1,1.20,1.20,true,1,
7290005559587,false,מאפה נקניקיה בבצק מעדנות 800ג',מיוצר עי קונדיטוריית,IL,מאפה נקניקיה 800גר מ,גרמים,800.00,100 גרם,false,1,32.90,4.11,true,1,
7290005559709,false,בורקס פיצה מעדנות 700 ג',"מעדנות בע""מ",IL,בורקס פיצה 700 גר,גרמים,700.00,100 גרם,false,1,28.90,4.13,true,1,
7290005559907,false,פיצה משפחתית גבינה מעדנות 500 גר,מיוצר עי קונדיטוריית,IL,פיצה משפחתית גבינה,גרמים,500.00,100 גרם,false,1,23.90,4.78,true,1,
7290005559914,false,פיצה משפחתית זיתים מעדנות 550 גר,מיוצר עי קונדיטוריית,IL,פיצה משפחתית זיתים מ,גרמים,550.00,100 גרם,false,1,21.90,3.98,true,1,
7290005559990,false,בצק פילאס תורכי מעדנות 600 גר,מיוצר עי קונדיטוריית,IL,בצק פילאס תורכי מעדנ,גרמים,600.00,100 גרם,false,1,22.90,3.82,true,1,
7290005571022,false,צלי כתף טרי,,,צלי כתף טרי,Unknown,0.00,"ק""ג",true,0,89.90,89.90,true,1,
7290005571039,false,פילה עגל מדומה טרי,,,פילה מדומה טרי,Unknown,0.00,"ק""ג",true,0,69.90,69.90,true,1,
7290005571046,false,כתף בקר מרכזי טרי,,,כתף בקר מרכזי טרי,Unknown,0.00,"ק""ג",true,0,69.90,69.90,true,1,
7290005571169,false,צך טרי שלם,,,צך טרי,Unknown,0.00,"ק""ג",true,0,64.90,64.90,true,1,
7290005571183,false,שייטל בקר שלם,,,שייטל שלם,Unknown,0.00,"ק""ג",true,0,79.90,79.90,true,1,
7290005571213,false,שפיץ צך בקר,,,פיקנייה עגל טרי,Unknown,0.00,"ק""ג",true,0,94.90,94.90,true,1,
7290005571367,false,לשון עגל טרי,,,לשון עגל טריה,Unknown,0.00,"ק""ג",true,0,42.90,42.90,true,1,
7290005571596,false,סינטה פילה עגלה קוד קניה,,,סינטה עגל טרי,Unknown,0.00,"ק""ג",true,0,99.90,99.90,true,1,
7290005571909,false,אנטריקוט עגל טרי ללא עצם,,,אנטריקוט עגל טרי,Unknown,0.00,"ק""ג",true,0,159.90,159.90,true,1,
7290005591761,false,דבש טהור מפרחי בר בלחיץ 400 ג' יד מרדכי,מכוורת יד מרדכי שטרא,IL,דבש טהור לחיץ פרחי ב,גרמים,400.00,100 גרם,false,1,20.90,5.23,true,1,
7290005610509,false,צנונית בייבי ארוז,חקלאי,IL,צנונית,Unknown,0.00,Unknown,false,1,4.90,4.90,true,1,
7290005651069,false,"לה קט מיקס 2.85 ק""ג",יו פי אף,FR,לה-קט 2.85 קג מיקס,קילוגרמים,0.00,"ק""ג",false,1,59.90,59.90,true,1,
7290005651366,false,"בונזו כבד 3 ק""ג",united pet food,FR,בונזו כבד 3 קג,קילוגרמים,0.00,"ק""ג",false,1,49.90,49.90,true,1,
7290005678585,false,סקרלוטה ללא חרצנים,,,סקרלוטה ללא חרצנים,Unknown,0.00,"ק""ג",true,0,32.90,32.90,true,1,
7290005680052,false,או-בה טמפון קלאסי סופר פלוס 32יח',גונסון אנד גונסון,GR,אובה סופר פלוס 32,Unknown,0.00,Unknown,false,1,21.90,21.90,true,1,
7290005697272,false,תום עיזים מונפורט מנות שקיל,גלילי,,תום עיזים מונפורט,Unknown,0.00,"ק""ג",true,0,223.00,223.00,true,1,
7290005697531,false,"יוגורט עיזים תות ביו 500 מ""ל",גלילי,,יוגורט עיזים תות ביו,מיליליטרים,500.00,"100 מ""ל",false,1,18.80,3.76,true,1,
7290005697630,false,"יוגורט עיזים ביו תאנים 500 מ""ל",גלילי,,יוגורט עיזים ביו תאנ,מיליליטרים,500.00,"100 מ""ל",false,1,18.80,3.76,true,1,
7290005697661,false,יוגורט צאן יווני בדלי 750 מל,,IL,יוגורט צאן יווני בדל,מיליליטרים,750.00,"100 מ""ל",false,1,21.90,2.92,true,1,
7290005697708,false,יוגורט עיזים טבעי מחלבת גלילי 1 ליטר,,,יוגורט עיזים טבעי מח,מיליליטרים,1000.00,"100 מ""ל",false,1,17.90,1.79,true,1,
7290005789380,false,פרשיס קוסמטיקס מגבונים להסרת איפור 54 יח',,,פרשיס קוסמטיקס להסרת,Unknown,0.00,Unknown,false,1,15.90,15.90,true,1,
7290005838002,false,מעדן גבינה ויוגורט בטעם וניל 88 ג' דניאלה,"שטראוס בריאות בע""מ",IL,דניאלה וניל 100 גרם,גרמים,88.00,100 גרם,false,1,4.10,4.66,true,1,
7290005839078,false,"דנונה יוגורט ביו 3% לבן מארז 150X8מ""ל",מיוצר עי קונדיטוריית,IL,מולטיפק יוגורט דנונה,ליטרים,0.00,ליטר,false,1,16.90,16.90,true,1,
7290005839108,false,גבינה לבנה סימפוניה עם תוספות 200 ג'+זיתים 5%,"שטראוס בריאות בע""מ",IL,סימפוניה 5% עם זיתים,גרמים,200.00,100 גרם,false,1,11.00,5.50,true,1,
7290005839313,false,"מילקי טופ שוקולד מגולגל 170 מ""ל",מיוצר עי קונדיטוריית,IL,מילקי טופ מגולגלת 13,גרמים,130.00,100 גרם,false,1,4.90,3.77,true,1,
7290005896415,false,"בירה איגל לאגר פרימיום 5% 500 מ""ל פחית","טמפו משקאות בע""מ",IL,בירה איגל לאגר פרימי,מיליליטרים,500.00,"100 מ""ל",false,1,6.90,1.38,true,1,
7290005896620,false,מים מוגז ' סאן בנדטו ' יחידה,אקווה מינרלה סאן בנד,IT,מים סאן בנדטו 1.5 ל,ליטרים,0.00,ליטר,false,1,3.50,3.50,true,1,
7290005896637,false,מים סן בנדטו בודד 1.5 ליטר-,אקווה מינרלה סאן בנד,IT,מים סאן בנדיטו 1.5 ל,ליטרים,0.00,ליטר,false,1,4.20,4.20,true,1,
7290005966422,false,יין ירדן שרדונה 2020 750 מל,יושלם,,יין ירדן שרדונה 2020,Unknown,0.00,Unknown,false,1,77.90,77.90,true,1,
7290005992018,false,יוגורט עיזים 3% שומן 500 ג' גד,"מיוצר ע""י קוד יצרן M",IL,יוגורט עיזים 500 מל,גרמים,500.00,100 גרם,false,1,13.10,2.62,true,1,
7290005992575,false,גבינה בולגרית למריחה 5% גד 250ג',מחלבות גד בעמ,IL,בולגרית למריחה 250 ג,גרמים,250.00,100 גרם,false,1,17.00,6.80,true,1,
7290005992735,false,גבינה לבנה טבעית 250 גר,הנסיך- מפעל לייצור ט,IL,גבינה לבנה טבעית 250,גרמים,250.00,100 גרם,false,1,13.50,5.40,true,1,
7290006189358,false,סטייק אנטריקוט מוצר בשר מעובד מופשר,,,אנטריקוט מעובד מופשר,Unknown,0.00,"ק""ג",true,0,99.90,99.90,true,1,
7290006190741,false,פיקורינו פפאטו עם פלפל במשקל,,,פיקורינו פפאטו פלפל,Unknown,0.00,"ק""ג",true,0,210.00,210.00,true,1,
7290006190765,false,גבינת גרוייר רזרב שוויצרי במשקל,,,גבינת גרוייר רזרב,Unknown,0.00,"ק""ג",true,0,236.00,236.00,true,1,
7290006194008,false,גבינת פקורינו רומנו איטלקי שקיל,,,גבינת פקורינו רומנו,Unknown,0.00,"ק""ג",true,0,170.00,170.00,true,1,
7290006194015,false,גבינת גורגונזולה פיקנטית במשקל,,,גבינת גורגונזולה פיק,Unknown,0.00,"ק""ג",true,0,191.00,191.00,true,1,
7290006194022,false,גורגונזולה דולצה איטלקי במשקל,,,גורגונזולה דולצה,Unknown,0.00,"ק""ג",true,0,191.00,191.00,true,1,
7290006210661,false,בונז'ור בגט שלם,,,בגט,Unknown,0.00,Unknown,false,1,7.90,7.90,true,1,
7290006229427,false,שישיית מים מינרלים סאן בנדטו 500 מל,טמפו,,שישיית מים מינרלים ס,ליטרים,0.02,ליטר,false,1,12.90,645.00,true,1,
7290006241153,false,פקאן סיני 150 ג בשקית קליית גת,,,פקאן סיני 150 ג בשקי,גרמים,150.00,100 גרם,false,1,26.50,17.67,true,1,
7290006241191,false,אגוזי מלך קליית גת 150 גר,הדקלאים אגודת שיתופי,US,אגוזי מלך קליית גת 1,גרמים,150.00,100 גרם,false,1,20.90,13.93,true,1,
7290006241214,false,שקד טבעי קלית גת 200 ג',הדקלאים אגודת שיתופי,IL,שקד טבעי 200 ג שקית,גרמים,200.00,100 גרם,false,1,20.90,10.45,true,1,
7290006241504,false,"פריגת קפוא תפוזים 280 מ""ל",גת,IL,פריז תפוזים קפוא 340,גרמים,340.00,100 גרם,false,1,15.60,4.59,true,1,
7290006241511,false,"פריגת קפוא לימון נענע 280 מ""ל",היינץ צפון אמריקה מק,IL,פריז לימון נענע קפוא,גרמים,340.00,100 גרם,false,1,16.70,4.91,true,1,
7290006241689,false,פריז לימון קפוא 340 גרם,היינץ צפון אמריקה מק,IL,פריז לימון קפוא 340,גרמים,340.00,100 גרם,false,1,16.70,4.91,true,1,
7290006251275,false,תה ירוק סיני 25 שקיקים של 1.5 ג,HIQ FOOD PRODUCTS,IL,תה ירוק סיני 25 שקיק,Unknown,0.00,Unknown,false,1,24.90,24.90,true,1,
7290006251343,false,תה חליטה הגן הקסום פסיפלורה מנגו 25 שקיקים,HIQ FOOD PRODUCTS,IL,פסיפלורה מנגו 25 שק,Unknown,0.00,Unknown,false,1,18.90,18.90,true,1,
7290006251374,false,תה ירוק לימונית וגינגר 25 שקיקים ויסוצקי,ויסוצקי,IL,תה ירוק לימונית וגינ,Unknown,0.00,Unknown,false,1,24.90,24.90,true,1,
7290006251589,false,תה ירוק עם עלי נענע 50 שקיקים ויסוצקי,בית ויסוצקי,IL,תה ירוק נענע באריזה,Unknown,0.00,Unknown,false,1,44.90,44.90,true,1,
7290006265500,false,פטריות שמפיניון ארוז מרינה,"מרינה פטריות הגליל בע""מ",IL,פטריות שמפיניון ארוז,Unknown,0.00,Unknown,false,1,11.90,11.90,true,1,
7290006271174,false,ג'חנון לאפיה בתנור מעדנות 700 ג',מיוצר עי קונדיטוריית,IL,גחנון בצק מעדנות,גרמים,700.00,100 גרם,false,1,20.90,2.99,true,1,
7290006271181,false,ג'חנון אפוי מעדנות 750 ג',מיוצר עי קונדיטוריית,IL,גחנון אפוי 750 גר,גרמים,750.00,100 גרם,false,1,25.60,3.41,true,1,
7290006271648,false,"מיני בורקס תפו""א מוזל מעדנות","מעדנות בע""מ",IL,"מיני בורקס תפו""א 800",גרמים,650.00,100 גרם,false,1,28.50,4.38,true,1,
7290006272072,false,חטיפי פיצה בשקית מעדנות 650ג',"מעדנות בע""מ",IL,חטיפי פיצה גבינה,גרמים,650.00,100 גרם,false,1,33.90,5.22,true,1,
7290006272430,false,בצק עלים חמאה מעדנות 600 ג',מיוצר עי קונדיטוריית,IL,בצק עלים חמאה מעדנות,גרמים,600.00,100 גרם,false,1,28.60,4.77,true,1,
7290006296054,false,אביב (מבוע) 250מ`ל -ע.קדםמ 250 מ`ל,,,אביב (מבוע) 250מ`ל -,Unknown,0.00,Unknown,false,1,49.90,49.90,true,1,
7290006296078,false,בוקר (שחרין ) 250 מ`ל -ע.קדם 250 מ`ל,,,בוקר (שחרין ) 250 מ`,Unknown,0.00,Unknown,false,1,52.90,52.90,true,1,
7290006306296,false,רביולי נונה במילוי גבינה לילדים 400 גרם,פסטנונה רמת דלטון מר,IL,רביולי גבינה לילדים,גרמים,400.00,100 גרם,false,1,23.90,5.98,true,1,
7290006306319,false,רביולי במילוי בטטה 400 ג' פסטה נונה,דורום תעשיות מזון ופ,IL,רביולי בטטה 400 גר,גרמים,400.00,100 גרם,false,1,23.90,5.98,true,1,
7290006306340,false,ניוקי תפוחי אדמה 400 ג',דורום תעשיות מזון ופ,IL,"ניוקי תפו""א 400 גר",גרמים,340.00,100 גרם,false,1,26.50,7.79,true,1,
7290006342065,false,בוטנים קלויים 200 ג ששון הקולה,,,בוטן קלויים 200 גרם,גרמים,200.00,100 גרם,false,1,7.50,3.75,true,1,
7290006342072,false,גרעין לבן 200 גרם ששון הקולה,דין שיווק,IL,גרעין לבן 200 גרם,גרמים,200.00,100 גרם,false,1,9.40,4.70,true,1,
7290006342515,false,מנצס 200 גרם ששון הקולה,יושלם,,מנצס 200 גרם ששון הק,גרמים,200.00,100 גרם,false,1,6.50,3.25,true,1,
7290006342553,false,קבוקים 200 גרם ששון וקולה,יושלם,,קבוקים 200 גרם ששון,גרמים,200.00,100 גרם,false,1,5.50,2.75,true,1,
7290006342560,false,בוטן אמריקאי 200 גרם ששון הקולה,דין שיווק,IL,בוטן אמריקאי 200 גרם,גרמים,200.00,100 גרם,false,1,5.50,2.75,true,1,
7290006355065,false,קשקבליו איטלקי במשקל,,,קשקבליו איטלקי במשקל,Unknown,0.00,"ק""ג",true,0,199.00,199.00,true,1,
7290006374653,false,דבש לייט מופחת קלוריות יד מרדכי 350 ג',,,דבש לייט 350 גר,גרמים,350.00,100 גרם,false,1,31.80,9.09,true,1,
7290006374738,false,קונפיטורת יד מרדכי תות 340 גרם,אף.סי תבליני בגליל ב,IL,קונפיטורת יד מרדכי ת,גרמים,340.00,100 גרם,false,1,15.60,4.59,true,1,
7290006437044,false,אלטמן - פרוביוטיק DIGEST כמוסות 60 יח',,,(60) DIGEST פרוביוטי,Unknown,0.00,Unknown,false,1,87.90,87.90,true,1,
7290006437372,false,אלטמן - ויטמין B-50 קומפלקס קפליות 120 יח',,,ויטמין B-50 קומפלקס,Unknown,0.00,Unknown,false,1,118.90,118.90,true,1,
7290006437563,false,אלטמן - אבץ פיקולינט טבליות 100 יח',,,אבץ פיקולינט (100) כ,Unknown,0.00,Unknown,false,1,58.90,58.90,true,1,
7290006439444,false,"אורז בסמתי ""גולד"" מוזהב 1 ק""ג שוקחה",,,אורז בסמתי גולד מוזה,גרמים,1000.00,100 גרם,false,1,10.90,1.09,true,1,
7290006459510,false,נרות חנוכה רגיל 44 יח,,CN,נרות חנוכה רגיל 44 י,Unknown,0.00,Unknown,false,1,3.50,3.50,true,1,
7290006459527,false,נרות חנוכה לוקס לא נוטפים 45 יח,,CN,נרות חנוכה לוקס לא נ,Unknown,0.00,Unknown,false,1,6.90,6.90,true,1,
7290006459978,false,קרקר אובלטים קלאסי עם שומשום 282 גר,,,קרקר אובלטים קלאסי ע,גרמים,282.00,100 גרם,false,1,11.90,4.22,true,1,
7290006464630,false,כף טרי,,,כף טרי,Unknown,0.00,"ק""ג",true,0,64.90,64.90,true,1,
7290006488336,false,אסטר סי קומפלקס 1000 מ`ג,,,אסטר סי קומפלקס 1000,Unknown,0.00,Unknown,false,1,144.90,144.90,true,1,
7290006492432,false,גבינת מוצרלה בייבי 18% 300 ג' גד,מחלבות גד בעמ,IL,מוצרלה בייבי 150 גרם,גרמים,170.00,100 גרם,false,1,14.90,8.76,true,1,
7290006492616,false,גבינה בולגרית פרוסות 5% 250 ג' גד,DSH עבור מחלבות גד ב,IL,בולגרית בפרוסות 5% 2,גרמים,250.00,100 גרם,false,1,26.80,10.72,true,1,
7290006492630,false,גבינת גליל עזים 22% 180 ג' גד,מחלבות גד בעמ,IL,גליל גבינת עיזים 180,גרמים,180.00,100 גרם,false,1,24.50,13.61,true,1,
7290006492647,false,גד מטבעות גבינת עיזים 22% 150 ג',"מיוצר ע""י קוד יצרן t",IL,מטבעות גבינת עיזים 1,גרמים,150.00,100 גרם,false,1,27.50,18.33,true,1,
7290006492685,false,לאבנה עזים 5% שומן 250 ג' גד,מחלבות גד בעמ,IL,לבנה עיזים 3% 250 גר,גרמים,250.00,100 גרם,false,1,18.80,7.52,true,1,
7290006492852,false,גבינת עיזים למריחה 5% שומן 250 ג' גד,מחלבות גד,IL,גבינה לבנה עיזים 250,גרמים,250.00,100 גרם,false,1,17.80,7.12,true,1,
7290006492913,false,ציזיקי לבנה למריחה בתוספת שום שמיר,מחלבות גד בעמ,IL,לבנה ציזיקי 250 גרם,גרמים,250.00,100 גרם,false,1,14.30,5.72,true,1,
7290006494924,false,טוסו וופל קלאסי במילוי קרם לימון 200 גרם,,,טוסו וופל קלאסי במיל,גרמים,200.00,100 גרם,false,1,10.90,5.45,true,1,
7290006515926,false,"מארז אפרול 700 + פרו שפריץ 750 מ""ל",IBBLS,IT,מארז אפרול 700 + פרו,מיליליטרים,1450.00,"100 מ""ל",false,1,90.20,6.22,true,1,
7290006559029,false,כדורי מוצרלה בופלו במשקל,,,כדורי מוצרלה בופלו,Unknown,0.00,"ק""ג",true,0,166.00,166.00,true,1,
7290006567048,false,קוסקוס ישראלי מפתול אסם 350ג',"מיוצר ע""י קוד יצרן K",IL,פתיתי קוסקוס ישראלי,גרמים,350.00,100 גרם,false,1,10.00,2.86,true,1,
7290006577986,false,יוגורט ביו 3.6% אורגני 500 מל,,,יוגורט ביו 3.6% אורג,מיליליטרים,500.00,"100 מ""ל",false,1,20.90,4.18,true,1,
7290006578266,false,הנרי וויליך גבינת פיור גולד במשקל,,,הנרי וויליך גבינת פי,Unknown,0.00,"ק""ג",true,0,180.00,180.00,true,1,
7290006578303,false,ברי כמהין 1000 גרם,,FR,ברי כמהין 1000 גרם,Unknown,0.00,"ק""ג",true,0,290.00,290.00,true,1,
7290006578648,false,גבינת בושה עיזים מפו,איסיני סנט מר,FR,בושה מפוחם במשקל,Unknown,0.00,"ק""ג",true,0,190.00,190.00,true,1,
7290006578686,false,ברי איל דה פרנס במשקל,,,ברי איל דה פרנס במשק,Unknown,0.00,"ק""ג",true,0,150.00,150.00,true,1,
7290006582799,false,גינגר מסוכר 160 גרם,,,גינגר מסוכר 200 גרם,גרמים,160.00,100 גרם,false,1,13.90,8.69,true,1,
7290006618146,false,"הפי נוזל הדלקת פחמים 500 מ""ל",תות תעשיות מזון (201,NL,הפי נוזל הדלקת פחמים,מיליליטרים,500.00,"100 מ""ל",false,1,18.80,3.76,true,1,
7290006636638,false,"יין אמפורה ריטון רוז 750 מ""ל",,IL,יין אמפורה ריטון רוז,Unknown,0.00,Unknown,false,1,109.90,109.90,true,1,
7290006636751,false,"יין אמפורה בלאן דה נואר 750 מ""ל",,IL,יין אמפורה בלאן דה נ,Unknown,0.00,Unknown,false,1,87.90,87.90,true,1,
7290006636775,false,"יין אמפורה מד רד 750 מ""ל",,IL,יין אמפורה מד רד 750,Unknown,0.00,Unknown,false,1,89.90,89.90,true,1,
7290006652027,false,מארז במבה יום הולדת 15X20 גרם,מיוצר עי קונדיטוריית,IL,במבה מולטי פק 15 יחי,גרמים,300.00,100 גרם,false,1,23.90,7.97,true,1,
7290006660596,false,קמח עדשים אדומות ללא גלוטן 500 גרם,אף.סי תבליני בגליל ב,IL,קמח עדשים אדומות ללא,גרמים,500.00,100 גרם,false,1,19.90,3.98,true,1,
7290006660602,false,מי קוקוס אורגני גרין קוקו קרטונית 1 ליטר,בן טרה ג'וינט סטוק,PH,מי קוקוס אורגני גרין,מיליליטרים,1000.00,"100 מ""ל",false,1,19.90,1.99,true,1,
7290006664037,false,גמדים דגנים ארוחת בוקר מארז 100X4ג',"שטראוס בריאות בע""מ",IL,גמדים ארוחת בוקר,גרמים,200.00,100 גרם,false,1,11.70,5.85,true,1,
7290006664532,false,יוגורט עם תות 3% שומן 150 ג' דנונה,מיוצר עי קונדיטוריית,IL,דנונה תות 3% 150 גר,גרמים,180.00,100 גרם,false,1,4.30,2.39,true,1,
7290006664693,false,יוגורט עם אפרסק 3% שומן 150 ג' דנונה,מיוצר עי קונדיטוריית,IL,דנונה אפרסק 3% 150 ג,גרמים,180.00,100 גרם,false,1,4.30,2.39,true,1,
7290006664990,false,דנונה ביו מארז חיסכון 1.5% 8 יח' *150 ג',מיוצר עי קונדיטוריית,IL,מארז ביו 1.7% 2+6 15,ליטרים,0.00,ליטר,false,1,16.90,16.90,true,1,
7290006681003,false,גלידה תות לימון סורבה 1.33 ל' קרמיסימו,"גלידת שטראוס בע""מ, ר",IL,גלידה קרמיסימו סרבט,ליטרים,0.00,ליטר,false,1,21.90,21.90,true,1,
7290006681065,false,טעמקור אקסטרא לארג,"מיוצר ע""י גלידת שטרא",IL,טעמקור XL,גרמים,70.00,100 גרם,false,1,8.50,12.14,true,1,
7290006681553,false,מארז קרמבו וניל שטראוס 8 יח',"גלידת שטראוס בע""מ",IL,שטראוס קרמבו וניל 8,Unknown,0.00,Unknown,false,1,16.90,16.90,true,1,
7290006681560,false,מארז קרמבו מוקה שטראוס 8 יח',"גלידת שטראוס בע""מ",IL,שטראוס קרמבו מוקה 8,Unknown,0.00,Unknown,false,1,16.90,16.90,true,1,
7290006683144,false,אלספה (390) כמוסות,,,אלספה (390) כמוסות,Unknown,0.00,Unknown,false,1,136.90,136.90,true,1,
7290006704832,false,אוכמניות טריות יחידה,,,אוכמניות טריות יחידה,Unknown,0.00,Unknown,false,1,17.90,17.90,true,1,
7290006705334,false,מקלות סורימי 200 גרם,,,מקלות סורימי 200 גרם,גרמים,200.00,100 גרם,false,1,4.80,2.40,true,1,
7290006705594,false,נתחי סורימי 200 גרם,,,נתחי סורימי 200 גרם,גרמים,200.00,100 גרם,false,1,5.20,2.60,true,1,
7290006712981,false,"קולגייט משחת שיניים סמיילס לגילאי 6 50 מ""ל",הנסיך- מפעל לייצור ט,IL,קולגייט משחת שיניים,Unknown,0.00,Unknown,false,1,13.50,13.50,true,1,
7290006719058,false,חלה רגילה,,,חלה רגילה,גרמים,500.00,100 גרם,false,1,5.17,1.03,true,1,
7290006724762,false,ממרח זיתי קלמטה 185 גרם,,IL,ממרח זיתי קלמטה 185,גרמים,185.00,100 גרם,false,1,22.90,12.38,true,1,
7290006724786,false,ממרח פלפלים קלויים 185 גרם,,IL,ממרח פלפלים קלויים 1,גרמים,185.00,100 גרם,false,1,22.90,12.38,true,1,
7290006724793,false,ממרח לימון כבוש 185 גרם,,IL,ממרח לימון כבוש 185,גרמים,185.00,100 גרם,false,1,22.90,12.38,true,1,
7290006724830,false,חזרת 185 גרם,,,חזרת 185 גרם,גרמים,185.00,100 גרם,false,1,22.90,12.38,true,1,
7290006744234,false,"יין מוני נחל קריניאן 750 מ""ל",,,יין מוני נחל קריניאן,מיליליטרים,750.00,"100 מ""ל",false,1,54.90,7.32,true,1,
7290006744425,false,יין מוני סדרת M קברנה סוביניון 750 מל,,,יין מוני סדרת M קברנ,Unknown,0.00,Unknown,false,1,41.90,41.90,true,1,
7290006744456,false,יין מוני סדרת M מרלו 750 מל,,,יין מוני סדרת M מרלו,Unknown,0.00,Unknown,false,1,41.90,41.90,true,1,
7290006744760,false,יין מוני נחל קלרט 750 מל,,,יין מוני נחל קלרט 75,Unknown,0.00,Unknown,false,1,54.90,54.90,true,1,
7290006744951,false,יין מוני סדרת M סמיון שרדונה 750 מל,,,יין מוני סדרת M סמיו,Unknown,0.00,Unknown,false,1,41.90,41.90,true,1,
7290006764072,false,"בירה גולדסטאר בק חוזר 500 מ""ל","טמפו משקאות בע""מ",IL,"בירה גולדסטאר 500 מ""",מיליליטרים,500.00,"100 מ""ל",false,1,7.50,1.50,true,1,
7290006764478,false,בירה שחורה מאלט בקבו,"טמפו משקאות בע""מ",IL,נשר מאלט בקבוק 330 מ,מיליליטרים,330.00,"100 מ""ל",false,1,4.90,1.48,true,1,
7290006765000,false,טורטיות חיטה מלאה 8יח 540 ג',אלקטי קוראבייכיסיגיד,TR,טורטיה מקמח מלא 540,גרמים,540.00,100 גרם,false,1,10.40,1.93,true,1,
7290006765895,false,בוטן בקליפה 200 גרם שושן הקולה,דין שיווק,IL,בוטן בקליפה 200 גרם,גרמים,200.00,100 גרם,false,1,7.90,3.95,true,1,
7290006766014,false,רצועות קוקוס 160 גרם,,,רצועות קוקוס 200 גרם,גרמים,160.00,100 גרם,false,1,18.90,11.81,true,1,
7290006805850,false,תערובת להכנת פנקייק פילסבורי 500 גר,הדקלאים אגודת שיתופי,IL,תערובת להכנת פנקייק,גרמים,500.00,100 גרם,false,1,17.90,3.58,true,1,
7290006833822,false,נקניקיות עוף 600 גר מזרע,,,נקניקיות עוף 600 גר,גרמים,600.00,100 גרם,false,1,22.90,3.82,true,1,
7290006834539,false,גבינת קומבוזולה גרמנית במשקל,,,גבינת קומבוזולה,Unknown,0.00,"ק""ג",true,0,194.00,194.00,true,1,
7290006834546,false,גבינת שמברי גרמנית במשקל,,,גבינת שמברי גרמנית,Unknown,0.00,"ק""ג",true,0,204.00,204.00,true,1,
7290006835321,false,קבנוס עגל 250 גר,,,קבנוס עגל 250 גר,גרמים,250.00,100 גרם,false,1,22.90,9.16,true,1,
7290006855251,false,חטיף קשיו חמוציות וסילאן ברבריא 4*30 ג',,,ברבריא חטיף קשיו אגו,גרמים,120.00,100 גרם,false,1,17.90,14.92,true,1,
7290006899255,false,תה סרמוני א.גריי 20 שקיות,סרמוני תה בעמ,,תה סרמוני א.גריי 20,Unknown,0.00,Unknown,false,1,18.90,18.90,true,1,
7290006899354,false,תה סרמוני קמומיל 20 שק`,,,תה סרמוני קמומיל 20,Unknown,0.00,Unknown,false,1,18.90,18.90,true,1,
7290006918925,false,סכומון נירוסטה מחורר 14*12 1/36,,,סכומון נירוסטה ארקוס,Unknown,0.00,Unknown,false,1,39.90,39.90,true,1,
7290006920829,false,"תחליפי גבינ""צ צ'דר פרוס 350 גר'",,,צדר פרוס 350 גרם,גרמים,350.00,100 גרם,false,1,13.90,3.97,true,1,
7290006920836,false,"תחליפי גבינ""צ מעושן פרוס 350 גר'",,,מעושן פרוס 350 גרם,גרמים,350.00,100 גרם,false,1,14.90,4.26,true,1,
7290006960023,false,כרוב כבוש 750 גר,,,כרוב כבוש 750 גר,גרמים,750.00,100 גרם,false,1,20.90,2.79,true,1,
7290006960429,false,"מאמא מרי כרוב בולגרי 1 ק""ג",,,כרוב בולגרי 1 קג,קילוגרמים,0.00,"ק""ג",false,1,20.90,20.90,true,1,
7290006983152,false,קרוטונים מתובלים למרק 400 ג' אסם,עינת תעשיות,IL,קרוטונים מתובלים למר,גרמים,400.00,100 גרם,false,1,19.60,4.90,true,1,
7290006983176,false,אוסם - לחמית שיפון 250 גרם,"אסם השקעות בע""מ",IL,לחמית שיפון 230 גרם,גרמים,230.00,100 גרם,false,1,10.40,4.52,true,1,
7290006983206,false,תערובת להכנת פלפל קלי קלות 180 גרם,"אסם השקעות בע""מ",IL,תערובת להכנת פלפל קל,גרמים,180.00,100 גרם,false,1,11.40,6.33,true,1,
7290006992185,false,"מטרנה - דייסת אורז פרוביוטי כשל""פ 200 גרם",מולינו ניקולי s.p.a,IL,מטרנה דייסלה אורז 20,גרמים,200.00,100 גרם,false,1,18.60,9.30,true,1,
7290006992192,false,מטרנה דייסלה סולת 200 גרם,,,מטרנה דייסלה סולת 20,גרמים,200.00,100 גרם,false,1,18.60,9.30,true,1,
7290006992390,false,"מטרנה - דייסת וניל פרוביוטי כשל""פ 200 גרם",מולינו ניקולי s.p.a,IL,"מטרנה דייסת וניל בד""",גרמים,200.00,100 גרם,false,1,18.60,9.30,true,1,
7290008000246,false,"פמינה - שטיפה אינטימית מועשר באלוורה 220 מ""ל",,,פמינה תחליב רחצה אינ,מיליליטרים,220.00,"100 מ""ל",false,1,36.90,16.77,true,1,
7290008000796,false,"כצט - סופרמן משחת שיניים לילדים 50 מ""ל",כצט נוביס,,משחת שיניים לילדים כ,Unknown,0.00,Unknown,false,1,11.80,11.80,true,1,
7290008017718,false,"מורז שמפו כינקייר 500 מ""ל",,,כינקייר 500 ממ`ק,Unknown,0.00,Unknown,false,1,47.90,47.90,true,1,
7290008017954,false,קרם פוליגונום לשפשפת,,,קרם פוליגונום לשפשפת,Unknown,0.00,Unknown,false,1,49.90,49.90,true,1,
7290008101257,false,זרעי ציה 300 גרם,,IL,זרעי ציה 300 גרם,גרמים,300.00,100 גרם,false,0,29.90,9.97,true,1,
7290008101318,false,קריספ פירורי לחם זהוב 300 גרם,,IL,פירורי לחם קריספ זהו,Unknown,0.00,Unknown,false,0,6.90,6.90,true,1,
7290008101356,false,קריספ פאנקו זהוב 300 גרם,,IL,קריספ פנקו זהוב 300,גרמים,300.00,100 גרם,false,0,9.90,3.30,true,1,
7290008116503,false,צנטרום ג*וניור,,,צנטרום ג*וניור,Unknown,0.00,Unknown,false,1,59.90,59.90,true,1,
7290008154222,false,שניצלונים עוף טוב 700 גרם,מולינו ניקולי s.p.a,IL,שניצלונים עוף טוב 70,גרמים,700.00,100 גרם,false,1,22.90,3.27,true,1,
7290008175210,false,גבינת פרמזן מגורדת 90ג' ויליפוד,זנטי אס.איי.,IT,פרמזן מגורדת 90 גר,Unknown,0.00,Unknown,false,1,16.90,16.90,true,1,
7290008175760,false,מנצגו חלב כבשים מעדניה שקיל,יושלם,ES,מנצגו חלב כבשים שקיל,Unknown,0.00,"ק""ג",true,0,95.00,95.00,true,1,
7290008175814,false,וילי פוד פטריות שמפניון חתיכות 400 גר`,"אוקצ'מפ אס, איי אויי",PL,וילי פוד פטריות שמפנ,גרמים,400.00,100 גרם,false,1,4.90,1.23,true,1,
7290008286466,false,דג פילה לברק יפני ארוז קפוא,,CN,פילה לברק יפני 5-7,Unknown,0.00,"ק""ג",true,0,49.90,49.90,true,1,
7290008324021,false,יומי מולטי ויטמין פלוס,,,יומי מולטי ויטמין פל,Unknown,0.00,Unknown,false,1,83.90,83.90,true,1,
7290008329293,false,סכינים פרימיום שקוף/קרם/לבן/זהב דנטס אר' 50 יח',,TR,סכינים פרימיום שקוף/,Unknown,1.00,Unknown,false,1,8.90,8.90,true,1,
7290008343466,false,בצק פילו 500 גרם שלושת האופים,כלורוקס אוקלנד,IL,בצק פילו 500 גר,גרמים,500.00,100 גרם,false,1,19.90,3.98,true,1,
7290008343503,false,ג'חנון תימני אפוי 3האופים 650 ג',TLV צ'יף,IL,גחנון אפוי 650 גר,גרמים,650.00,100 גרם,false,1,21.90,3.37,true,1,
7290008343619,false,"פסטלים תפו""א שלושת האופים 1 ק""ג",,,"פסטלים תפו""א 1 ק""ג",גרמים,1000.00,100 גרם,false,1,22.90,2.29,true,1,
7290008379373,false,אורגו צמת מוצרלה טבעי 300 גרם,,,אורגו צמת מוצרלה,גרמים,300.00,100 גרם,false,1,27.50,9.17,true,1,
7290008379380,false,גבינת סולוגוני 300 גרם,,,גבינת סולוגוני 300 ג,גרמים,300.00,100 גרם,false,1,32.90,10.97,true,1,
7290008379557,false,ביבי מוצרלה 150 גר,,,פניני מוצרלה 150 גר,גרמים,150.00,100 גרם,false,1,15.60,10.40,true,1,
7290008403191,false,גבינת קשקבל בשלה במשקל,,,גבינת קשקבל בשלה,Unknown,0.00,"ק""ג",true,0,115.00,115.00,true,1,
7290008403924,false,גבינת גאודה פסטו אדום במשקל,מיוצר עי קונדיטוריית,NL,גבינת גאודה פסטו,Unknown,0.00,"ק""ג",true,0,150.00,150.00,true,1,
7290008408851,false,"קרם בונה תלתלים עם ארגן 500 מ""ל",,,קרם בונה תלתלים,מיליליטרים,500.00,"100 מ""ל",false,1,49.90,9.98,true,1,
7290008409049,false,מאמא עוףמיני שניצלים בציפוי שומשום 500 ג,תנובה גליל שותפות מו,IL,מאמא עוף מיני שניצלי,גרמים,500.00,100 גרם,false,1,27.90,5.58,true,1,
7290008409100,false,אצבעות שניצל בציפוי שומשום מאמא עוף 700 גרם,תנובה גליל שותפות מו,IL,אצבעות שניצל בציפוי,גרמים,700.00,100 גרם,false,1,36.90,5.27,true,1,
7290008409216,false,שניצל דק פריך מאמא עוף 700 ג',תנובה גליל,IL,שניצל דק דק פריך 700,גרמים,700.00,100 גרם,false,1,39.90,5.70,true,1,
7290008409223,false,שניצל דק מתובל 700 גר מאמא עוף,תנובה גליל שותפות מו,IL,שניצל דק מתובל 700 ג,גרמים,700.00,100 גרם,false,1,39.90,5.70,true,1,
7290008409315,false,מיני מיני דק שניצלונים בציפוי פריך מאמא עוף 500 ג',תנובה גליל,IL,מאמא עוף מיני שניצלי,גרמים,500.00,100 גרם,false,1,27.90,5.58,true,1,
7290008409407,false,שניצל דק ציפס מאמא עוף 700 ג',תנובה גליל שותפות מו,IL,שניצל דק בציפוי ציפס,גרמים,700.00,100 גרם,false,1,39.90,5.70,true,1,
7290008409551,false,שניצל עוף אמיתי בציפוי מעודן 700 ג' מאמא עוף,תנובה גליל שותפות מו,IL,שניצל עוף אמיתי בציפ,גרמים,700.00,100 גרם,false,1,41.70,5.96,true,1,
7290008409568,false,שניצל עוף אמיתי בציפוי שבבי ציפס 700 גר,תנובה גליל שותפות מו,IL,שניצל עוף אמיתי בציפ,גרמים,700.00,100 גרם,false,1,41.70,5.96,true,1,
7290008409582,false,שניצל אמיתי בציפוי ביתי מאמא עוף 700 ג',תנובה גליל שותפות מו,IL,שניצל עוף אמיתי ביתי,גרמים,700.00,100 גרם,false,1,41.70,5.96,true,1,
7290008425209,false,זיתים פיקואל 400 גרם,,,זיתים פיקואל 400 גרם,גרמים,400.00,100 גרם,false,1,22.90,5.73,true,1,
7290008425216,false,"שמן זית 500 מ""ל",,,"שמן זית 500 מ""ל",מיליליטרים,500.00,"100 מ""ל",false,1,45.90,9.18,true,1,
7290008425346,false,"נקטר אפרסק 330 מ""ל",,,"נקטר אפרסק 330 מ""ל",מיליליטרים,330.00,"100 מ""ל",false,1,13.20,4.00,true,1,
7290008425452,false,"מיץ אשכוליות 330 מ""ל",,,"מיץ אשכוליות 330 מ""ל",מיליליטרים,330.00,"100 מ""ל",false,1,13.90,4.21,true,1,
7290008425490,false,נקטר משמש 1 ליטר אורגני,,,נקטר משמש 1 ליטר אור,מיליליטרים,1000.00,"100 מ""ל",false,1,25.90,2.59,true,1,
7290008425513,false,מיץ תפוחים טבעי אורגני 1 ליטר,,,מיץ תפוחים טבעי אורג,מיליליטרים,1000.00,"100 מ""ל",false,1,29.90,2.99,true,1,
7290008425704,false,נקטר שזיף 1 ליטר אורגני,,,נקטר שזיף 1 ליטר אור,מיליליטרים,1000.00,"100 מ""ל",false,1,25.90,2.59,true,1,
7290008425711,false,"נקטר קוקטייל 330 מ""ל",,,"נקטר קוקטייל 330 מ""ל",מיליליטרים,330.00,"100 מ""ל",false,1,13.20,4.00,true,1,
7290008437011,false,שריר טרי,,,שריר בקר טרי,Unknown,0.00,"ק""ג",true,0,49.90,49.90,true,1,
7290008437127,false,רגל עגל חלב קפוא מזרע,,,רגל עגל קפוא מזרע,Unknown,0.00,"ק""ג",true,0,34.00,34.00,true,1,
7290008437646,false,שקית גופיה טיב טעם,,,שקית גופיה,Unknown,0.00,Unknown,false,1,0.10,0.10,true,1,
7290008438285,false,גבינה אמנטל שוויצרי במשקל,,,גבינה אמנטל שוויצרי,Unknown,0.00,"ק""ג",true,0,215.00,215.00,true,1,
7290008439411,false,בלוק פטה אווז במשקל,,,בלוק פטה אווז במשקל,Unknown,0.00,"ק""ג",true,0,70.00,70.00,true,1,
7290008442053,false,אנטריקוט בקר עע טרי,,,אנטריקוט עגלה עם עצם,Unknown,0.00,"ק""ג",true,0,119.90,119.90,true,1,
7290008461221,false,סרדינים רוברט בשמן חמניות 115 גרם,"רמירז, מטוסינוס",PT,סרדין רוברט בשמן חמנ,גרמים,120.00,100 גרם,false,1,7.90,6.58,true,1,
7290008461238,false,סרדין רוברט בשמן חמניות ופלפל חריף 115 ג',"רמירז, מטוסינוס",PT,סרדין רוברט בשמן חמנ,גרמים,120.00,100 גרם,false,1,7.90,6.58,true,1,
7290008462204,false,חרדל דיזיון מקורי 380 גרם,יוניליבר צרפת,FR,חרדל דיזון מקורי 380,גרמים,380.00,100 גרם,false,1,12.90,3.39,true,1,
7290008464130,false,"שישיית בירה גולדסטאר 330 מ""ל UNFILTERED",טמפו,IL,שישיית בירה גולדסטאר,מיליליטרים,1980.00,"100 מ""ל",false,1,29.90,1.51,true,1,
7290008464222,false,"בירה מכבי 7.9% פחית 500 מ""ל","טמפו משקאות בע""מ",IL,בירה מכבי 7.9% פחית,מיליליטרים,500.00,"100 מ""ל",false,1,7.90,1.58,true,1,
7290008464345,false,"בירה גולדסטאר בקבוק 330 מ""ל",טמפו משקאות בע''מ,IL,בירה גולדסטאר בקבוק,מיליליטרים,330.00,"100 מ""ל",false,1,7.50,2.27,true,1,
7290008464468,false,"בירה גולדסטאר פחית 500 מ""ל","טמפו משקות בע""מ",IL,"גולדסטאר פחית 500 מ""",מיליליטרים,500.00,"100 מ""ל",false,1,8.50,1.70,true,1,
7290008464475,false,"בירה מכבי פחית 500 מ""ל","טמפו משקאות בע""מ",IL,בירה מכבי פחית 500 מ,מיליליטרים,500.00,"100 מ""ל",false,1,8.90,1.78,true,1,
7290008464604,false,"בירה היינקן פחית 500מ""ל",טמפו משקאות בע''מ,NL,"היינקן פחית 500 מ""ל",מיליליטרים,500.00,"100 מ""ל",false,1,9.90,1.98,true,1,
7290008464611,false,"סודה טמפו בקבוק זכוכית 275 מ""ל",טמפו משקאות בעמ,IL,מי סודה 275 מל,מיליליטרים,275.00,"100 מ""ל",false,1,3.10,1.13,true,1,
7290008464628,false,"סודה ביטר לימון 275 מ""ל","טמפו משקאות בע""מ",IL,סודה ביטר לימון 275,מיליליטרים,275.00,"100 מ""ל",false,1,5.50,2.00,true,1,
7290008464635,false,"מי טוניק בקבוק 275 מ""ל",טמפו משקאות בעמ,IL,"סודה טוניק 275 מ""ל",מיליליטרים,275.00,"100 מ""ל",false,1,5.50,2.00,true,1,
7290008464697,false,"שישיית בירה מכבי 7.9% 330 מ""ל",טמפו,IL,שישיית בירה מכבי 7.9,מיליליטרים,1980.00,"100 מ""ל",false,1,36.90,1.86,true,1,
7290008464703,false,"שישיית בקבוקי מכבי 330 מ""ל",טמפו,,שישיית בקבוקי מכבי 3,מיליליטרים,1980.00,"100 מ""ל",false,1,35.90,1.81,true,1,
7290008464734,false,"בירה גולדסטאר SLOW BREW מארז 330X6מ""ל",טמפו משקאות בע''מ,IL,שישיית גולדסטאר 330,מיליליטרים,1980.00,"100 מ""ל",false,1,36.90,1.86,true,1,
7290008464741,false,"שישייית בירה גולדסטאר כהה 330X6 מ""ל",טמפו,IL,שישיית בקבוקי גולדסט,מיליליטרים,1980.00,"100 מ""ל",false,1,24.90,1.26,true,1,
7290008464796,false,"בירה היינקין ח""פ בקבוק 330X6מ""ל",טמפו,,שישיית הייניקן בקבוק,מיליליטרים,1980.00,"100 מ""ל",false,1,34.90,1.76,true,1,
7290008466318,false,רוגלך ירושלמי 300 גרם,דין שיווק,IL,רוגלך ירושלמי 300 גר,גרמים,300.00,100 גרם,false,1,16.90,5.63,true,1,
7290008493413,false,פירורי גריסיני קלאסי מאיר בייגל 200 גרם,מאיר בייגל,IL,פירורי גריסיני מאיר,גרמים,200.00,100 גרם,false,1,6.20,3.10,true,1,
7290008493710,false,פירורי גריסיני זהב מאיר בייגל 200 גרם,,,פירורי גריסיני בייגל,גרמים,200.00,100 גרם,false,1,6.20,3.10,true,1,
7290008618090,false,פילה סלמון טרי,,,פילה סלמון טרי,Unknown,0.00,"ק""ג",true,0,109.90,109.90,true,1,
7290008644112,false,סלט מטבוחה יום יום אחלה 125 ג',"שטראוס גרופ בע""מ",IL,מטבוחה יום יום 125 ג,גרמים,125.00,100 גרם,false,1,4.90,3.92,true,1,
7290008644235,false,עלי בייבי 120 גר' שטראוס,שטראוס בריאות ירקות,IL,עלי בייבי אחלה טבע,גרמים,120.00,100 גרם,false,1,12.90,10.75,true,1,
7290008644839,false,חסה אייסברג 300גר,,,חסה אחלה טבע,גרמים,300.00,100 גרם,false,1,10.90,3.63,true,1,
7290008644945,false,סלט המושבה שטופים שט,שטראוס בריאות ירקות,IL,סלט המושבה אחלה טבע,גרמים,450.00,100 גרם,false,1,11.90,2.64,true,1,
7290008645935,false,חומוס לניגוב אחלה 750 ג',"שטראוס גרופ בע""מ",IL,חומוס אחלה 750 גרם,גרמים,750.00,100 גרם,false,1,9.90,1.32,true,1,
7290008670005,false,רקנאטי גליל עליון שרדונה 750 מל,,,רקנאטי גליל עליון ש,Unknown,0.00,Unknown,false,1,62.90,62.90,true,1,
7290008670135,false,רקנאטי גליל עליון סוביניון בלאן 750 מל,רקנאטי,,רקנאטי גליל עליון סו,Unknown,0.00,Unknown,false,1,62.90,62.90,true,1,
7290008670913,false,רקנאטי גליל עליון קברנה סובניון 750 מל,,,רקנאטי גליל עליון קב,Unknown,0.00,Unknown,false,1,62.90,62.90,true,1,
7290008670920,false,יין רקנאטי גליל עליון מרלו 750 מל,,,יין רקנאטי גליל עלי,Unknown,0.00,Unknown,false,1,62.90,62.90,true,1,
7290008679428,false,כפפות הנדי לבית למטבח בינוני,,,כפפות הנדי לבית למטב,Unknown,0.00,Unknown,false,1,7.80,7.80,true,1,
7290008679459,false,כפפות הנדי רגישות במיוחד בינוני,,,כפפות הנדי רגישות במ,Unknown,0.00,Unknown,false,1,7.80,7.80,true,1,
7290008693134,false,מעדן גבינה ויוגורט בטעם תות 5% שומן 88 ג' דניאלה,"שטראוס בריאות בע""מ",IL,דניאלה תות 88 גרם,גרמים,88.00,100 גרם,false,1,4.10,4.66,true,1,
7290008745239,false,תפוציפס אקסטרא טבעי 50 גרם,"שטראוס פריטו ליי בע""",IL,תפוציפס אקסטרא טבעי,גרמים,50.00,100 גרם,false,1,4.00,8.00,true,1,
7290008747547,false,תפוציפס קראנץ טבעי 200 גרם,"שטראוס פריטו ליי בע""",IL,תפוציפס קראנץ טבעי 2,גרמים,200.00,100 גרם,false,1,9.90,4.95,true,1,
7290008750264,false,מסטיק מאסט LL פליפ.דובדבן מגדים 28 גר,"שטראוס גרופ בע""מ",IL,מסטיק מאסט LL פליפ.ד,Unknown,0.00,Unknown,false,1,4.90,4.90,true,1,
7290008752244,false,תפוצ'יפס אקסטרא גריל 50 גרם,"שטראוס פריטו ליי בע""",IL,תפוציפס קראנצי גריל,גרמים,50.00,100 גרם,false,1,4.00,8.00,true,1,
7290008753111,false,תפוציפס קראנצי מקסיקני 50 גרם,"שטראוס פריטו ליי בע""",IL,תפוציפס קראנצי מקסיק,גרמים,50.00,100 גרם,false,1,4.00,8.00,true,1,
7290008753364,false,דוריטוס גריל עלית 55 ג',שטראוס פריטו ליי בע,IL,דוריטוס גריל 55 גר,גרמים,55.00,100 גרם,false,1,4.10,7.45,true,1,
7290008753371,false,דוריטוס נאצו מקסיקני 55 גר,שטראוס,IL,דוריטוס נאצו 55 גר,גרמים,55.00,100 גרם,false,1,4.10,7.45,true,1,
7290008754422,false,גומי מאסט בטעם פפרמינט קלאסי פליפטופ 28 ג' עלית,"שטראוס גרופ בע""מ",IL,מסטיק מאסט מגדים פפר,Unknown,0.00,Unknown,false,1,4.60,4.60,true,1,
7290008757010,false,"שוופס ביטר למון 250 מ""ל זכוכית",יפאורה תבורי בעמ,IL,שוופס ביטר לימון 250,מיליליטרים,250.00,"100 מ""ל",false,1,6.90,2.76,true,1,
7290008757027,false,"שוופס טוניק 250 מ""ל זכוכית",יפאורה תבורי בעמ,IL,שוופס 250 טוניק בקבו,מיליליטרים,250.00,"100 מ""ל",false,1,6.90,2.76,true,1,
7290008757034,false,"שוופס סודה זכוכית 250 מ""ל",יפאורה תבורי בעמ,IL,"שוופס סודה 250 מ""ל ז",מיליליטרים,250.00,"100 מ""ל",false,1,4.50,1.80,true,1,
7290008757980,false,נקטר ספרינג רימונים קרטונית 1 ל',"יפאורה תבורי בע""מ",IL,קרטונית ספרינג רימונ,מיליליטרים,1000.00,"100 מ""ל",false,1,6.90,0.69,true,1,
7290008758505,false,שמן ארגן מרוקאי אורכידאה 100 מ`ל,,,שמן ארגן מרוקאי,מיליליטרים,100.00,"100 מ""ל",false,1,69.90,69.90,true,1,
7290008758642,false,מסכת ארגן+אבץ 500 מ`ל,,,מסכת ארגן+אבץ 500 מ`,Unknown,0.00,Unknown,false,1,69.90,69.90,true,1,
7290008775816,false,ערגליות שוקו חדש12*300גרם 2020,מיוצר עי קונדיטוריית,IL,ערגליות שוקו 300 גרם,גרמים,300.00,100 גרם,false,1,11.40,3.80,true,1,
7290008775823,false,ערגליות תות חדש12*300גרם 2020,מיוצר עי קונדיטוריית,IL,ערגליות תות 300 גרם,גרמים,300.00,100 גרם,false,1,11.40,3.80,true,1,
7290008776240,false,כתף טלה טרי,,,כתף טלה טרי,Unknown,0.00,"ק""ג",true,0,99.00,99.00,true,1,
7290008801010,false,"יין קברנה סוביניון מרלו פרייוט קולקשן 750 מ""ל",אגודת הכורמים הקאופו,IL,יין קברנה /מרלו אדום,Unknown,0.00,Unknown,false,1,37.90,37.90,true,1,
7290008801119,false,סלקטד סוביניון בלאן לבן יבש 750 מל,אגודת הכורמים הקואופ,IL,סלקטד סוביניון בלאן,Unknown,0.00,Unknown,false,1,29.90,29.90,true,1,
7290008801157,false,מרלו אדום יבש 750 מל סלקטד,יקבי כרמל,,"מרלו אדום יבש 750 מ""",Unknown,0.00,Unknown,false,1,30.90,30.90,true,1,
7290008801843,false,קברנה סוביניון אדום יבש 750 מל סלקטד,"כד בני דרום בע""מ",IL,קברנה סוביניון אדום,Unknown,0.00,Unknown,false,1,30.90,30.90,true,1,
7290008802895,false,יין קברנה סוביניון פרייוט קולקשן,אגודת הכורמים הקאופו,IL,קברנה סובניון אדום י,Unknown,0.00,Unknown,false,1,37.90,37.90,true,1,
7290008804332,false,"יין שיראז פרייוט קולקשן 750 מ""ל",אגודת הכורמים הקואופ,IL,יין שיראז אדום יבש 7,Unknown,0.00,Unknown,false,1,37.90,37.90,true,1,
7290008805964,false,יין קברנה שיראז גליל עליון אדום יבש 750,אגודת הכורמים הקואופ,IL,יין קברנה שיראז גליל,Unknown,0.00,Unknown,false,1,67.90,67.90,true,1,
7290008806985,false,נישנושים גלידה שוקו וניל בציפוי שוקולד 60 יח' קרמיסימו,שטראוס גלידות,IL,פינוקי גלידה שוקו,גרמים,630.00,100 גרם,false,1,44.90,7.13,true,1,
7290008828581,false,חסה פקצוי,,,חסה פקצוי,Unknown,0.00,Unknown,false,1,12.90,12.90,true,1,
7290008834810,false,פילה עגל טרי,,,פילה עגל טרי,Unknown,0.00,"ק""ג",true,0,244.90,244.90,true,1,
7290008849586,false,רוטב ריבת בצל לעוף אוליביה 310 גר,,,רוטב ריבת בצל לעוף,גרמים,310.00,100 גרם,false,1,13.90,4.48,true,1,
7290008849661,false,ממרח אוליביה עגבניות מיובשות פיקנטי 180 גר',טרופיקל דגיל תעשיות,IL,ממרח עגבניות מיובשות,גרמים,180.00,100 גרם,false,1,15.60,8.67,true,1,
7290008849753,false,רוטב טריאקי אוליביה 300 גרם,מיוצר עי קונדיטוריית,IL,רוטב טריאקי אוליביה,מיליליטרים,300.00,"100 מ""ל",false,1,14.60,4.87,true,1,
7290008849777,false,אוליביה רוטב צילי מתוק 350 גרם,,,רוטב צילי מתוק,גרמים,350.00,100 גרם,false,1,13.90,3.97,true,1,
7290008849838,false,טפנד זיתים אוליביה 190 גר',"אוליביה גורמה בע""מ",IL,טפנד זיתים אוליביה 1,גרמים,180.00,100 גרם,false,1,15.60,8.67,true,1,
7290008849845,false,ממרח אוליביה אריסה פיקנטי 180 ג',"אוליביה גרומה בע""מ",IL,אריסה פיקנטית אוליבי,גרמים,185.00,100 גרם,false,1,15.60,8.43,true,1,
7290008863001,false,עוגת גינגי בציפוי פירורים 450 גרם,,,עוגת גינגי בציפוי,גרמים,450.00,100 גרם,false,1,43.90,9.76,true,1,
7290008863070,false,אקלרים 350 גרם,,IL,אקלרים 350 גרם,גרמים,350.00,100 גרם,false,1,30.90,8.83,true,1,
7290008863087,false,נשיקות,,,נשיקות,גרמים,900.00,100 גרם,false,1,24.90,2.77,true,1,
7290008863117,false,עוגת אריסטוקרט 380 גרם,,,עוגת אריסטוקרט 380 ג,גרמים,380.00,100 גרם,false,1,44.90,11.82,true,1,
7290008866040,false,"ברי עיזים יעקובס לק""",משק יעקבס,IL,ברי עזים במשקל,Unknown,0.00,"ק""ג",true,0,156.00,156.00,true,1,
7290008866149,false,מארז ברי כמהין בייבי במשקל,,IL,מארז ברי כמהין בייבי,Unknown,0.00,"ק""ג",true,0,195.00,195.00,true,1,
7290008909761,false,קרלסברג בקבוק יחיד 3,מבשלות בירה בינלאומי,IL,קרלסברג בקבוק 330 מל,מיליליטרים,330.00,"100 מ""ל",false,1,8.90,2.70,true,1,
7290008909853,false,"קולה זירו 500 מ""ל בקבוק",החברה המרכזית לייצור,IL,"קוקה קולה 500 מ""ל Z",מיליליטרים,500.00,"100 מ""ל",false,1,7.50,1.50,true,1,
7290008925853,false,פילה דג מרלוזה ארוז ארגנטינה,,,פילה מרלוזה,Unknown,0.00,"ק""ג",true,0,34.90,34.90,true,1,
7290008953757,false,גבעון סט 6 כפיות על,,,גבעון סט 6 כפיות על,Unknown,0.00,Unknown,false,1,15.90,15.90,true,1,
7290008961110,false,טושיונקה בקר מיוחד 400 גר,,,טושיונקה בקר מיוחד 4,גרמים,400.00,100 גרם,false,1,22.90,5.73,true,1,
7290008961127,false,טושיונקה בקר רוסית 400 גרם,,,טושיונקה בקר רוסית 4,גרמים,400.00,100 גרם,false,1,22.90,5.73,true,1,
7290008961134,false,"מעדן -קונפיטורה תות שדה 1.25 ק""ג",,UA,קונפיטורה תות שדה 1.,קילוגרמים,0.00,"ק""ג",false,1,37.90,37.90,true,1,
7290008961585,false,כוסמת פוסולסקי דבור 800 גר,,IL,כוסמת פוסולסקי דבור,גרמים,800.00,100 גרם,false,1,13.90,1.74,true,1,
7290008975780,false,"בונזו גזע קטן 3 ק""ג",united pet food,FR,בונזו גזע קטן 3 קג,קילוגרמים,0.00,"ק""ג",false,1,49.90,49.90,true,1,
7290008981279,false,זעתר אלנח'לה צנצנת 100ג',,,זעתר ביתי נחלה 100 ג,גרמים,100.00,100 גרם,false,1,11.90,11.90,true,1,
7290010002009,false,תערובת לציפוי מאפים מלוחים 130 גרם,,,תערובת לציפוי מאפים,גרמים,100.00,100 גרם,false,1,11.90,11.90,true,1,
7290010002023,false,כורכום הודי טחון 100 גרם,א.ל ייצור ושיווק תבל,IL,כורכום הודי טחון 100,גרמים,100.00,100 גרם,false,1,11.60,11.60,true,1,
7290010002030,false,כמון טחון 100גרם יורדן,א.ל ייצור ושיווק תבל,IL,כמון 100 גרם,גרמים,100.00,100 גרם,false,1,11.60,11.60,true,1,
7290010002061,false,פלפל לבן טחון 100 גרם,,,פלפל לבן טחון 120 גר,גרמים,100.00,100 גרם,false,1,16.70,16.70,true,1,
7290010002078,false,פלפל שחור טחון 100 גרם,א.ל ייצור ושיווק תבל,IL,פלפל שחור טחון 120 ג,גרמים,100.00,100 גרם,false,1,15.50,15.50,true,1,
7290010002092,false,פלפל שחור גרוס דק 90 ג',,,פלפל שחור גס דק 90 ג,גרמים,90.00,100 גרם,false,1,15.50,17.22,true,1,
7290010002108,false,פלפל שחור גרוס גס 90 גרם,א.ל ייצור ושיווק תבל,IL,פלפל שחור גרוס גס 90,גרמים,90.00,100 גרם,false,1,15.50,17.22,true,1,
7290010002122,false,פפריקה הונגרית מתוקה 100 גרם,א.ל ייצור ושיווק תבל,IL,פפריקה הונגרית מתוקה,גרמים,100.00,100 גרם,false,1,11.60,11.60,true,1,
7290010002146,false,פפריקה מרוקאית מתוקה 100 גרם,א.ל ייצור ושיווק תבל,IL,פפריקה מרוקאית מתוקה,גרמים,100.00,100 גרם,false,1,11.60,11.60,true,1,
7290010002191,false,תבליני מימון מקלות קינמון,TLV צ'יף,IL,מקלות קינמון 50 גרם,גרמים,50.00,100 גרם,false,1,11.90,23.80,true,1,
7290010002214,false,צילי מקסיקני גרוס 70 גרם,TLV צ'יף,IL,צילי מקסיקני גרוס 70,Unknown,0.00,Unknown,false,1,11.40,11.40,true,1,
7290010002290,false,תערובת לשווארמה טורקית 100 גרם,א.ל ייצור ושיווק תבל,IL,תערובת לשווארמה טורק,גרמים,100.00,100 גרם,false,1,11.40,11.40,true,1,
7290010002313,false,תבלין קציצות מרוקני,א.ל ייצור ושיווק תבל,IL,ראס אל חנות 100 גרם,גרמים,100.00,100 גרם,false,1,11.40,11.40,true,1,
7290010002320,false,תבלין גריל עוף 100 גרם,א.ל ייצור ושיווק תבל,IL,תבלין גריל עוף 130 ג,גרמים,100.00,100 גרם,false,1,11.40,11.40,true,1,
7290010002337,false,מימון תיבול לסטייק 1,,,תבלין לסטייק 100 גרם,גרמים,100.00,100 גרם,false,1,11.40,11.40,true,1,
7290010002344,false,מימון תיבול לדג 100,,,תבלין לדג 100 גרם,גרמים,100.00,100 גרם,false,1,11.40,11.40,true,1,
7290010002351,false,זעתר ושומשום בלדי 100 גרם,א.ל ייצור ושיווק תבל,IL,זעתר ושומשום בלדי 10,גרמים,100.00,100 גרם,false,1,11.40,11.40,true,1,
7290010002368,false,תערובת חווג למרק 100 גרם,א.ל ייצור ושיווק תבל,IL,תערובת חווג למרק 100,גרמים,100.00,100 גרם,false,1,11.40,11.40,true,1,
7290010002375,false,מימון קארי 100 גרם,א.ל ייצור ושיווק תבל,IL,מדרס קארי 100 גרם,גרמים,100.00,100 גרם,false,1,11.40,11.40,true,1,
7290010002382,false,תבליני מימון אורגנו,,,אורגנו 40 גרם,Unknown,0.00,Unknown,false,1,9.40,9.40,true,1,
7290010002399,false,בזיליקום -ריחן 40 גרם,,,בזיליקום -ריחן 40 גר,Unknown,0.00,Unknown,false,1,9.40,9.40,true,1,
7290010002405,false,טימין הררי 40 גרם,,IL,טימין הררי 40 גרם,Unknown,0.00,Unknown,false,1,9.40,9.40,true,1,
7290010002443,false,מימון רוזמרין במיכל,א.ל ייצור ושיווק תבל,IL,רוזמרין 40 גרם,Unknown,0.00,Unknown,false,1,9.40,9.40,true,1,
7290010002481,false,מימון שום טחון במיכל,,,שום טחון 100 גרם,גרמים,100.00,100 גרם,false,1,15.50,15.50,true,1,
7290010002498,false,מימון שום גבישי 120,א.ל ייצור ושיווק תבל,IL,שום גבישי 120 גרם,גרמים,120.00,100 גרם,false,1,15.50,12.92,true,1,
7290010002726,false,מימון תיבול לפרגיות,א.ל ייצור ושיווק תבל,IL,תבלין לפרגיות 100 גר,גרמים,100.00,100 גרם,false,1,11.40,11.40,true,1,
7290010003051,false,פפריקה הונגרית מתוקה 400 גרם,,,פפריקה הונגרית מתוקה,גרמים,400.00,100 גרם,false,1,26.90,6.73,true,1,
7290010003075,false,פפריקה מרוקאית מתוקה 400 גרם,TLV צ'יף,IL,פפריקה מרוקאית מתוקה,גרמים,400.00,100 גרם,false,1,26.90,6.73,true,1,
7290010003686,false,מימון עלי דפנה שקית,,,עלי דפנה 20 גרם שקית,Unknown,0.00,Unknown,false,1,6.50,6.50,true,1,
7290010003693,false,פפריקה מתוקה 80 גרם שקית,TLV צ'יף,IL,פפריקה מתוקה 80 גרם,Unknown,0.00,Unknown,false,1,6.50,6.50,true,1,
7290010003709,false,פלפל שחור טחון 50 גרם שקית,TLV צ'יף,IL,פלפל שחור טחון 50 גר,Unknown,0.00,Unknown,false,1,7.90,7.90,true,1,
7290010003754,false,מימון כמון טחון שקית,TLV צ'יף,IL,כמון טחון 50 גרם,Unknown,0.00,Unknown,false,1,6.50,6.50,true,1,
7290010003761,false,מימון כורכום טחון שק,א.ל ייצור ושיווק תבל,IL,כורכום טחון 80 שקית,Unknown,0.00,Unknown,false,1,6.50,6.50,true,1,
7290010003792,false,מלח לימון שקית 100 גרם,א.ל ייצור ושיווק תבל,IL,מלח לימון שקית 100 ג,גרמים,100.00,100 גרם,false,1,6.50,6.50,true,1,
7290010003808,false,זעתר ושומשום 80 גרם שקית,TLV צ'יף,IL,זעתר ושומשום 80 גרם,Unknown,0.00,Unknown,false,1,6.50,6.50,true,1,
7290010003822,false,פפריקה חריפה 80 גרם שקית,א.ל ייצור ושיווק תבל,IL,פפריקה חריפה 80 גרם,Unknown,0.00,Unknown,false,1,6.50,6.50,true,1,
7290010003839,false,קינמון טחון 80 גרם שקית,TLV צ'יף,IL,שקיות תבלינים שונים,Unknown,0.00,Unknown,false,1,6.50,6.50,true,1,
7290010003846,false,מימון אורגנו שקית 20,,,אורגנו 20 גרם שקית,Unknown,0.00,Unknown,false,1,6.50,6.50,true,1,
7290010032303,false,דבש פרחי הדר 500 גרם מכוורת צוקרמן,,,דבש פרחי הדר 500 גרם,גרמים,500.00,100 גרם,false,1,31.50,6.30,true,1,
7290010032310,false,דבש פרחי בר 500 גרם מכוורת צוקרמן,,,דבש פרחי בר 500 גרם,גרמים,500.00,100 גרם,false,1,31.50,6.30,true,1,
7290010032419,false,"דבש פרחי בר 1 ק""ג מכוורת צוקרמן",,,"דבש פרחי בר 1 ק""ג מכ",גרמים,1000.00,100 גרם,false,1,58.50,5.85,true,1,
7290010032433,false,"דבש זעתר 1 ק""ג מכוורת צוקרמן",,,"דבש זעתר 1 ק""ג מכוור",קילוגרמים,0.00,"ק""ג",false,1,58.50,58.50,true,1,
7290010032457,false,"דבש דרדר 1 ק""ג מכוורת צוקרמן",,,"דבש דרדר 1 ק""ג מכוור",קילוגרמים,0.00,"ק""ג",false,1,58.50,58.50,true,1,
7290010032709,false,קרם דבש פרחי הדר 400 גרם,,,קרם דבש פרחי הדר 400,גרמים,400.00,100 גרם,false,1,39.90,9.98,true,1,
7290010049004,false,מרמולייט תרכיז ענבים דיאט 1 ליטר,,,מרמולייט תרכיז ענבים,Unknown,0.00,Unknown,false,1,20.90,20.90,true,1,
7290010065271,false,פרינוק - מחית תפוחי עץ 130 גרם,,,פרינוק מחית תפוח 130,גרמים,130.00,100 גרם,false,1,6.50,5.00,true,1,
7290010065332,false,פרינוק - ג'וניור פתוחי עץ ובננה 190 גרם,,IL,"פרינוק גוניור תפ""ע+ב",גרמים,190.00,100 גרם,false,1,7.90,4.16,true,1,
7290010065349,false,פרינוק גרבר גוניור סלט פירות 190 גר',כלורוקס אוקלנד,,פרינוק גוניור סלט פי,גרמים,190.00,100 גרם,false,1,7.90,4.16,true,1,
7290010081288,false,קריאטין 500 גר`,,,קריאטין 500 גר`,Unknown,0.00,Unknown,false,1,149.90,149.90,true,1,
7290010084487,false,אוניה דה גאטו סירופ 120 מ`ל,,,אוניה דה גאטו סירופ,Unknown,0.00,Unknown,false,1,69.90,69.90,true,1,
7290010116980,false,אבקת שוקולית שקית עלית 850 ג',הנסיך- מפעל לייצור ט,IL,שוקולית 850 גרם,גרמים,850.00,100 גרם,false,1,17.90,2.11,true,1,
7290010117970,false,בוטנים אמריקאים סבבה קלוי 50 ג עלית,"שטראוס פריטו ליי בע""",IL,סבבה בוטנים אמריקאים,Unknown,0.00,Unknown,false,1,3.10,3.10,true,1,
7290010119950,false,דוריטוס חמוץ חריף 55 גרם-סטריפ,שטראוס גרופ,,דוריטוס חמוץ חריף 55,גרמים,55.00,100 גרם,false,1,4.10,7.45,true,1,
7290010124107,false,סטייקבורגר זהב 400 גר',,,סטייק בורגר 400 גרם,גרמים,400.00,100 גרם,false,1,20.90,5.23,true,1,
7290010124503,false,שומן כבש מעובד ארוז בלדי 200גר,,,שומן כבש 200 גרם קפו,גרמים,200.00,100 גרם,false,1,13.50,6.75,true,1,
7290010154012,false,לימון כבוש בלאדי ביטון 250 ג',תבליני ביטון יוחאי,IL,לימון כבוש 250 גרם,גרמים,250.00,100 גרם,false,1,15.60,6.24,true,1,
7290010154425,false,סחוג ירוק ביטון 130 ג',,,סחוג ירוק 120 גר,גרמים,120.00,100 גרם,false,1,10.90,9.08,true,1,
7290010154678,false,אריסה מרוקאית ביטון 250 ג' ביטון,תבליני ביטון יוחאי,IL,אריסה מרוקאית 250 גר,גרמים,250.00,100 גרם,false,1,15.60,6.24,true,1,
7290010161669,false,"אדם דאו ספריי לגבר פריימר 200 מ""ל",,,אדם דאו ספריי לגבר פ,יחידה,1.00,יחידה,false,1,15.90,15.90,true,1,
7290010163069,false,צנובר 100 גרם ששון הקולה,אף.סי תבליני בגליל ב,IL,צנובר 100 גרם ששון ו,גרמים,100.00,100 גרם,false,1,28.90,28.90,true,1,
7290010173174,false,"יין אלון 2019 750 מ""ל הרי גליל",,IL,"יין אלון 2019 750 מ""",Unknown,0.00,Unknown,false,1,49.90,49.90,true,1,
7290010195268,false,פופקורן פופסטאר חמישייה מופחת שומן טבעי,Preston farms,US,פופקורן פופסטאר מופח,גרמים,425.00,100 גרם,false,1,12.90,3.04,true,1,
7290010195275,false,פופקורן פופסטאר חמישייה מובחר שומן חמאה,TLV צ'יף,US,פופקורן פופסטאר מופח,גרמים,425.00,100 גרם,false,1,12.90,3.04,true,1,
7290010207886,false,מגנוקס - 520 תוסף מגנזיום 60 כמוסות,,,מגנוקס,Unknown,0.00,Unknown,false,1,69.90,69.90,true,1,
7290010222766,false,"וולדה ארומה תוש ספריי, 1 מ""ל",,,ארומה תוש ספריי 120,מיליליטרים,120.00,"100 מ""ל",false,1,52.90,44.08,true,1,
7290010237531,false,"פפסי קולה פלסטיק 500 מ""ל","טמפו משקאות בע""ם.",IL,"פפסי קולה 500 מ""ל",מיליליטרים,500.00,"100 מ""ל",false,1,4.10,0.82,true,1,
7290010237548,false,"פפסי מקס דל קלוריות 500 מ""ל בקבוק",טמפו משקאות בעמ,IL,פפסי מקס דל קלוריות,מיליליטרים,500.00,"100 מ""ל",false,1,4.10,0.82,true,1,
7290010237562,false,"מרינדה בקבוק 500 מ""ל","טמפו משקאות בע""מ",IL,"מירנדה 500 מ""ל בקבוק",מיליליטרים,500.00,"100 מ""ל",false,1,4.10,0.82,true,1,
7290010237579,false,"סבן אפ בקבוק 500 מ""ל","טמפו משקאות בע""מ",IL,"סבן אפ 500 מ""ל בקבוק",מיליליטרים,500.00,"100 מ""ל",false,1,4.10,0.82,true,1,
7290010237586,false,"סבן אפ דיאט בקבוק 500 מ""ל","טמפו משקאות בע""מ",IL,"דיאט סבן אפ 500 מ""ל",מיליליטרים,500.00,"100 מ""ל",false,1,4.10,0.82,true,1,
7290010237593,false,"בירה נשר מאלט 330 מ""ל פחית",,,"בירה נשר מאלט 330 מ""",מיליליטרים,330.00,"100 מ""ל",false,1,3.90,1.18,true,1,
7290010237685,false,בירה הייניקן 330מל צואר ארוך,טמפו משקאות בע''מ,IL,"בירה הייניקן 330 מ""ל",מיליליטרים,330.00,"100 מ""ל",false,1,9.90,3.00,true,1,
7290010237890,false,"בירה הייניקן בקבוק 500 מ""ל חוזר",טמפו משקאות בע''מ,IL,"בירה היינקן 500 מ""ל",מיליליטרים,500.00,"100 מ""ל",false,1,8.90,1.78,true,1,
7290010259359,false,אטריות נודלס ביצים להקפצה ו.פוד 200 ג',פוג'יאן לונגהאי אנלי,CN,אטריות להקפצה רחבות,גרמים,200.00,100 גרם,false,0,4.50,2.25,true,1,
7290010259366,false,אטריות נודלס ביצים מסולסלות ו.פוד 200 ג',פוג'יאן לונגהאי אנלי,CN,אטריות להקפצה מסולסל,גרמים,200.00,100 גרם,false,1,4.50,2.25,true,1,
7290010259830,false,מרק עם נודלס סיני פיקנטי מנת השף 70 גר,נמצ'או(תאילנד) בעמ,TH,מרק עם נודלס סיני פי,גרמים,70.00,100 גרם,false,1,5.70,8.14,true,1,
7290010259847,false,מרק עם נודלס טעם תירס מנת השף 70 גר,יוליניבר,TH,מרק עם נודלס טעם תיר,גרמים,70.00,100 גרם,false,1,5.70,8.14,true,1,
7290010259861,false,מרק עם נודלס טעם ירקות מנת השף 70 גר,יוליניבר,TH,מרק עם נודלס טעם ירק,גרמים,70.00,100 גרם,false,1,5.70,8.14,true,1,
7290010259977,false,שמן קנולה וילי פוד 1 ליטר,יושלם,PL,שמן קנולה וילי פוד 1,מיליליטרים,1000.00,"100 מ""ל",false,1,10.90,1.09,true,1,
7290010259991,false,צנימים וילי פוד 250 גרם,,IL,צנימים וילי פוד 250,גרמים,250.00,100 גרם,false,1,8.30,3.32,true,1,
7290010294411,false,"פלסטר לכאבי גב, כאבי שרירים ודלקות פרקים",,,דראגון פורטה,Unknown,0.00,Unknown,false,1,17.00,17.00,true,1,
7290010300075,false,שמרים נמסים בקופסא 33 גרם,,,שמרים נמסים בקופסא 3,גרמים,33.00,100 גרם,false,1,6.90,20.91,true,1,
7290010300518,false,נאמן שבולת שועל שקית 500ג,,,קווקר 500 גרם שקית,גרמים,500.00,100 גרם,false,1,9.90,1.98,true,1,
7290010318810,false,סידן ציטראט+ויטמין 400-D ּ(60)אלטמן כשר,,,סידן ציטראט+ויטמין 4,Unknown,0.00,Unknown,false,1,64.90,64.90,true,1,
7290010328093,false,ממרח חלווה אחווה 400 ג' מהדרין,אחדות בית חרושת לטחי,IL,ממרח חלבה 400 גרם,גרמים,400.00,100 גרם,false,1,13.90,3.48,true,1,
7290010328246,false,טחינה גולמית שומשום מלא אחווה 500 ג',,IL,אחווה טחינה משומשום,גרמים,500.00,100 גרם,false,1,14.90,2.98,true,1,
7290010328253,false,אחווה טחינה משומשום טבעי 500 גר,"אחדות ביח""ר בעמ",IL,אחווה טחינה משומשום,גרמים,500.00,100 גרם,false,1,14.90,2.98,true,1,
7290010328505,false,אחווה חטיפי מיני חלווה ללא סוכר 15 יח,"אחדות ביח""ר בע""מ",IL,אחווה חטיפי מיני חלו,גרמים,250.00,100 גרם,false,1,12.50,5.00,true,1,
7290010367009,false,שמנת גביע 500 גר,,,שמנת גביע 500 גר,גרמים,500.00,100 גרם,false,1,13.90,2.78,true,1,
7290010429554,false,"שמן זית כתית מעולה יד מרדכי 2 קלאסי, 750 מ""ל",מכוורת יד מרדכי שטרא,IL,שמן זית כתית מעולה 2,מיליליטרים,750.00,"100 מ""ל",false,1,33.90,4.52,true,1,
7290010502202,false,"קפה טורקי פרימיום וואקום 1 ק""ג",ר.ס חברה ליבוא ויצור,,קפה טורקי וואקום 1 ק,גרמים,1000.00,100 גרם,false,1,43.90,4.39,true,1,
7290010513703,false,צ'ופסטיקס צפצפה - 20 יחידות,,,צופסטיקס 20 יח חד פע,Unknown,0.00,Unknown,false,1,7.30,7.30,true,1,
7290010513727,false,פירורי לחם קינגדאו פנקו 200 גר,,,פירורי לחם קינגדאו פ,גרמים,200.00,100 גרם,false,1,7.90,3.95,true,1,
7290010546053,false,מנדל גרנולה בריאות קלויה ללא סוכר 400 גר,יוליניבר,IL,"גרנולה ללת""ס",גרמים,400.00,100 גרם,false,1,20.80,5.20,true,1,
7290010546152,false,גרנולה קלויה בתוספת אגוזים ותמרים 400 ג',יוליניבר,IL,מנדל גרנולה תמרים 4,גרמים,400.00,100 גרם,false,1,20.80,5.20,true,1,
7290010546169,false,מנדל - גרנולה שקדים וצימוקים 400 גרם,יוליניבר,IL,מנדל גרנולה שקדים וצ,גרמים,400.00,100 גרם,false,1,20.80,5.20,true,1,
7290010546763,false,חטיף חלבון עם פיצוחים וחמאת בוטנים,,,חטיף חלבון עם פיצוחי,גרמים,0.00,100 גרם,false,1,19.90,19.90,true,1,
7290010561469,false,ברילי לחמניות אצבע 330 גרם,אשבל מזון פונקציונלי,IL,ברילי לחמניות אצבע 3,גרמים,200.00,100 גרם,false,1,19.90,9.95,true,1,
7290010561643,false,"ברילי פירורי לחם לל""ג 250 גרם",אשבל מזון פונקציונלי,IL,"ברילי פירורי לחם לל""",גרמים,250.00,100 גרם,false,1,17.90,7.16,true,1,
7290010569120,false,חטיף גלידה שמנת בטעם נוגה עם קרם שוקולד,"מיוצר ע""י גלידת שטרא",IL,חטיף גלידה שמנת בטעם,Unknown,0.00,Unknown,false,1,11.00,11.00,true,1,
7290010582037,false,פלפל ננסי טינקרבל,חקלאי,IL,חטיף פלפלון,Unknown,0.00,Unknown,false,1,9.90,9.90,true,1,
7290010627004,false,טחינה גולמית מסורתית ירושלים 500 ג',"בראשית ירושלים בע""מ",IL,טחינה ירושלים 500 גר,גרמים,500.00,100 גרם,false,1,15.90,3.18,true,1,
7290010650019,false,עולש אנדיב בלגי חוות,קרלו,IL,אנדי בלגי,Unknown,0.00,Unknown,false,1,14.90,14.90,true,1,
7290010650033,false,בצלצלי שאלוט ארוז לי,תות ממתקי איכות,IL,בצלצלי שאלוט,Unknown,0.00,Unknown,false,1,9.90,9.90,true,1,
7290010650040,false,פטריות שיטאקי טרי אר,יוליניבר,IL,פטריות שיטאקה טריות,Unknown,0.00,Unknown,false,1,15.90,15.90,true,1,
7290010650064,false,פטריות יער מיובשות 2,קרלו,IL,פטריות יער יבשות,Unknown,0.00,Unknown,false,1,12.90,12.90,true,1,
7290010650194,false,שורש גינגר טרי 250 ג,יוליניבר,IL,גינגר במגש,גרמים,100.00,100 גרם,false,1,9.90,9.90,true,1,
7290010650255,false,לקט פטריות מיובשות ל,קרלו,IL,לקט פיטריות למרק,Unknown,0.00,Unknown,false,1,17.90,17.90,true,1,
7290010650279,false,לקט פיטריות לפסטה 25,חקלאי,IL,לקט פטריות לפסטה,ליטרים,0.00,ליטר,false,1,17.90,17.90,true,1,
7290010650293,false,בצל שלות מקולף 250 גר,,,בצל שלות מקולף 250 ג,גרמים,250.00,100 גרם,false,1,10.90,4.36,true,1,
7290010650354,false,שורש כורכום טרי 120 גר,יוליניבר,IL,שורש כורכום טרי 120,גרמים,120.00,100 גרם,false,1,15.90,13.25,true,1,
7290010650408,false,בצלצלי פנינה,,,בצלצלי פנינה,גרמים,400.00,100 גרם,false,1,13.90,3.48,true,1,
7290010650576,false,פטריות שנוקי טרי ארו,יוליניבר,CN,פטריות שינוקי 100 גר,גרמים,100.00,100 גרם,false,1,15.90,15.90,true,1,
7290010650590,false,ריזוטו פטריות מיובשו,קרלו,IL,תבשיל ריזוטו פטריות,Unknown,0.00,Unknown,false,1,14.90,14.90,true,1,
7290010650668,false,גבעול למון גראס,,,גבעול למון גראס,Unknown,0.00,Unknown,false,1,13.90,13.90,true,1,
7290010650767,false,אנדיב אדום ארוז,קרלו,BE,אנדיב אדום,Unknown,0.00,Unknown,false,1,14.90,14.90,true,1,
7290010650828,false,פיטריות שי מגי,קרלו,CN,פיטריות שי מגי,Unknown,0.00,Unknown,false,1,11.90,11.90,true,1,
7290010650996,false,פטריות שימגי חום,שנגחאי פינק פוד קומפ,CN,פטריות שימגי חום,Unknown,0.00,Unknown,false,1,12.90,12.90,true,1,
7290010676446,false,"פילה דג בסה מעובד קפוא 1 ק""ג",,,פילה דג בסה קפוא,קילוגרמים,0.00,"ק""ג",false,1,29.90,29.90,true,1,
7290010701377,false,לשון בקר 400 גר,,,לשון בקר 400 גר,גרמים,400.00,100 גרם,false,1,27.90,6.98,true,1,
7290010701407,false,ממרח כבד עוף 225 גרם,,IL,ממרח כבד עוף 225 גרם,גרמים,225.00,100 גרם,false,1,17.90,7.96,true,1,
7290010701599,false,טושטונקה לבן 340 גרם,,,טושונקה לבן 340 גרם,גרמים,340.00,100 גרם,false,1,21.90,6.44,true,1,
7290010701605,false,טושונקה בקר 340 גרם,,,טושונקה בקר 340 גרם,גרמים,340.00,100 גרם,false,1,21.90,6.44,true,1,
7290010701612,false,קורקבו עוף בגל 500 גרם,,,קורקבן עוף בגל 500 ג,גרמים,500.00,100 גרם,false,0,19.90,3.98,true,1,
7290010701711,false,ממרח כבד ביתי נקניק 200 גרם,,,ממרח כבד ביתי נקניק,גרמים,200.00,100 גרם,false,1,12.90,6.45,true,1,
7290010701919,false,פטה כבד צרפתי ביין לבן 180 גר,,,פטה כבד צרפתי ביין ל,גרמים,180.00,100 גרם,false,1,22.90,12.72,true,1,
7290010766185,false,רוטב פסטה בזיליקום ע.תיבול אוליביה 420ג',,,רוטב פסטה עגבניות בז,גרמים,420.00,100 גרם,false,1,14.60,3.48,true,1,
7290010766307,false,רוטב לפסטה בולונז אוליביה 420 ג' אסם,,,רוטב לפסטה בולונז 42,גרמים,420.00,100 גרם,false,1,14.60,3.48,true,1,
7290010766949,false,ממרח תחתיות ארטישוק 180ג' אוליביה,,,ממרח ארטישוק אוליביה,גרמים,190.00,100 גרם,false,1,13.90,7.32,true,1,
7290010815111,false,קרם לחות חוחובה לפנים,,,קרם לחות חוחובה לפני,Unknown,0.00,Unknown,false,1,44.90,44.90,true,1,
7290010838219,false,סטיביה 100 שקיות 100 גרם מרמולייט,תות ממתקי איכות,IL,סטיביה 100 שקיות 100,גרמים,100.00,100 גרם,false,1,29.90,29.90,true,1,
7290010839865,false,רוטב רכז רימונים ויליפוד 320 ג',יושלם,TR,רכז רימונים 320 גרם,גרמים,320.00,100 גרם,false,1,11.80,3.69,true,1,
7290010922017,false,"אננס קפוא, כשרות בד""ץ, 250 גרם",,IL,אננס קפוא Shake It 2,גרמים,250.00,100 גרם,false,1,10.90,4.36,true,1,
7290010922055,false,"ליצ'י קפוא כשרות בד""ץ, 250 גרם",,IL,ליצי קפוא Shake It 2,גרמים,250.00,100 גרם,false,1,10.90,4.36,true,1,
7290010922819,false,"מלון קפוא כשרות בד""ץ, 250 גרם",,IL,מלון קפוא Shake It 2,גרמים,250.00,100 גרם,false,1,10.90,4.36,true,1,
7290010922857,false,"מנגו קפוא Shake It 250 גרם בד""ץ",,IL,מנגו קפוא Shake It 2,גרמים,250.00,100 גרם,false,1,10.90,4.36,true,1,
7290010922949,false,תות שדה קפוא בלדי 250 גרם,,IL,תות קפוא Shake It 25,גרמים,250.00,100 גרם,false,1,10.90,4.36,true,1,
7290010931330,false,מטבוחה אחלה 500 גר',מיוצר עי קונדיטוריית,IL,מטבוחה 500 גר,גרמים,500.00,100 גרם,false,1,18.30,3.66,true,1,
7290010945146,false,קוטג' 3% מועשר בסידן טרה 250 ג' מהדרין,טרה,IL,קוטג 3% מועשר 250 גר,גרמים,250.00,100 גרם,false,1,5.90,2.36,true,1,
7290010945450,false,גבינה לבנה 3% 250 גר מועשר בסידן וויטמין,טרה,,גבינה לבנה 3% 250 גר,גרמים,250.00,100 גרם,false,1,4.98,1.99,true,1,
7290010970193,false,סילאן 100% תמרים,,,סילאן 100% תמרים,גרמים,900.00,100 גרם,false,1,23.90,2.66,true,1,
7290010970759,false,"סירופ מלבי 250 מ""ל",,IL,"סירופ מלבי 250 מ""ל",מיליליטרים,250.00,"100 מ""ל",false,1,10.90,4.36,true,1,
7290011015862,false,"פריגת סירופ דיאט לימונענע 750 מ""ל",גת,IL,סירופ דיאט לימונענע,מיליליטרים,750.00,"100 מ""ל",false,1,22.90,3.05,true,1,
7290011017866,false,"קוקה קולה פחית 330 מ""ל",החברה המרכזית לייצור,IL,"פחית סליק ק""ק 330 מ""",מיליליטרים,330.00,"100 מ""ל",false,1,5.40,1.64,true,1,
7290011017873,false,"קוקה קולה זירו פחית 330 מ""ל",החברה המרכזית לייצור,IL,פחית סליק זירו 330 מ,מיליליטרים,330.00,"100 מ""ל",false,1,5.40,1.64,true,1,
7290011017880,false,"קוקה קולה דיאט פחית 330 מ""ל",החברה המרכזית לייצור,IL,"פחית סליק ד. ק""ק 330",מיליליטרים,330.00,"100 מ""ל",false,1,5.40,1.64,true,1,
7290011018184,false,"אייס תה FUZE TEAאפרסק 500 מ""ל",מבשלות בירה בינלאומי,IL,"תה פיוז אפרסק 500 מ""",מיליליטרים,500.00,"100 מ""ל",false,1,7.40,1.48,true,1,
7290011018924,false,"מארז פחיות דיאט קוקה קולה שישייה 330 מ""ל",החברה המרכזית לייצור,IL,ק.קולה דיאט פרידגפק,ליטרים,0.00,ליטר,false,1,22.90,22.90,true,1,
7290011051433,false,שוופס מוגז עדין אפרסק 0.5 ליטר,,,שוופס מוגז עדין אפרס,מיליליטרים,500.00,"100 מ""ל",false,1,7.50,1.50,true,1,
7290011051440,false,שוופס מוגז עדין פירות יער 0.5 ליטר,,,שוופס מוגז עדין פירו,מיליליטרים,500.00,"100 מ""ל",false,1,7.50,1.50,true,1,
7290011065416,false,פלפל שחור מטחנה 60 גרם,,,פלפל שחור מטחנה 60 ג,גרמים,60.00,100 גרם,false,1,17.90,29.83,true,1,
7290011065430,false,צילי מטחנה 50 גרם,,,צילי מטחנה 50 גרם,גרמים,50.00,100 גרם,false,1,17.90,35.80,true,1,
7290011115272,false,נקה 7-סבון מוצק לחות צמחים- רביעייה * 100 ג',קוסמופארם בע''מ,IL,סבון מוצק מעושר בלחו,גרמים,400.00,100 גרם,false,1,13.90,3.48,true,1,
7290011115296,false,נקה 7-סבון מוצק לחות לבנדר- רביעייה * 100 ג',,,סבון מוצק מעושר בלחו,גרמים,400.00,100 גרם,false,1,13.90,3.48,true,1,
7290011126216,false,תה אדום רויבוש קלאסי,,,תה רויבוש קלאסי,Unknown,0.00,Unknown,false,1,33.90,33.90,true,1,
7290011126452,false,חליטת קמומיל ונענע 25 שקיקים גן קסום,HIQ FOOD PRODUCTS,IL,חליטת קמומיל ונענע 2,Unknown,0.00,Unknown,false,1,18.90,18.90,true,1,
7290011126940,false,תה ירוק ויסוצקי בתוספת מרווה 25 שקיקים,,,תה ירוק ויסוצקי בתוס,Unknown,0.00,Unknown,false,1,24.90,24.90,true,1,
7290011131050,false,"גרנולה גרין פקאן 1 ק""ג",ויטליאה ניקולה דו,MK,גרנולה גרין פקאן 1 ק,גרמים,1000.00,100 גרם,false,1,29.40,2.94,true,1,
7290011131371,false,מיזלי 1קג קראנצ' אלמונד,ויטליאה ניקולה דו,MK,מיזלי קראנץ אלמונ 1,גרמים,1000.00,100 גרם,false,1,25.90,2.59,true,1,
7290011131395,false,"מיזלי קראנץ 30% פירות 1 ק""ג",ויטליאה ניקולה דו,MK,מיזלי קראנץ 30% פירו,גרמים,1000.00,100 גרם,false,1,25.90,2.59,true,1,
7290011132507,false,"סודה סן בנדטו מוגז עדין 500מ""ל",אקווה מינרלה סאן בנד,IT,סאן בנדטו מוגז 50 מל,מיליליטרים,500.00,"100 מ""ל",false,1,3.90,0.78,true,1,
7290011132552,false,רביעיית בירה פאולנר 330 מל בקבוק,,,רביעיית בירה פאולנר,ליטרים,0.00,ליטר,false,1,37.90,37.90,true,1,
7290011133375,false,"מארז מכבי שנדי אפרסק 330 מ""ל שישייה","טמפו משקאות בע""מ",IL,מארז מכבי שנדי אפרסק,מיליליטרים,1980.00,"100 מ""ל",false,1,29.90,1.51,true,1,
7290011142001,false,לחם דואט 550 גר,,,לחם דואט 550 גר,גרמים,550.00,100 גרם,false,1,12.90,2.35,true,1,
7290011142025,false,לחם שיפון אוקראינסקי 630 גר,,,לחם שיפון אוקראינסקי,גרמים,630.00,100 גרם,false,1,12.90,2.05,true,1,
7290011142148,false,שישיית לחמניות אצבע מאפיית דואט,,,מארז שישית לחמניות,גרמים,450.00,100 גרם,false,1,12.90,2.87,true,1,
7290011142193,false,לחמניות קלועות מתוקות עם צימוקים 400 גרם,,,4 לחמניות מתוקות,Unknown,0.00,Unknown,false,1,12.90,12.90,true,1,
7290011142315,false,פרנה מאורך רביעיה 550 גר,,IL,פרנה מאורך רביעיה 55,Unknown,0.00,Unknown,false,1,14.90,14.90,true,1,
7290011142322,false,פיתה בחבילה 10 יח',,,פיתה בחבילה 10 יח,Unknown,0.00,Unknown,false,1,14.90,14.90,true,1,
7290011142445,false,לחם כוסמין 620 גרם מאפיית דואט,,,לחם כוסמין 600 גר,גרמים,600.00,100 גרם,false,1,16.90,2.82,true,1,
7290011142650,false,לחם שיפון 100% 900 גרם מאפיית דואט,,,לחם 100% שיפון 900 ג,גרמים,900.00,100 גרם,false,1,17.90,1.99,true,1,
7290011142827,false,פיתה כוסמין 100% 10 יח' 500 גרם,,,פיתות כוסמין 8 יח,Unknown,0.00,Unknown,false,1,15.90,15.90,true,1,
7290011142834,false,פיתה חיטה מלאה 10 יח' 500 גרם,,,מארז פיתה קלה 10 יח,גרמים,500.00,100 גרם,false,1,15.90,3.18,true,1,
7290011148898,false,גבעולי ברוקולי משקל 400 גר,חקלאי,IL,גבעולי ברוקולי 400 ג,קילוגרמים,0.00,"ק""ג",false,1,12.90,12.90,true,1,
7290011148911,false,פלפלים מתוקים טינקרב,חקלאי,IL,פלפל טינקרבל,Unknown,0.00,Unknown,false,1,9.90,9.90,true,1,
7290011148935,false,מלפפון מיני ארוז,חקלאי,IL,מלפפון בייבי,Unknown,0.00,Unknown,false,1,12.90,12.90,true,1,
7290011154035,false,"תרכיז תפוחים סחוט טעמי הגליל 500 מ""ל",טעמי הגליל,IL,תרכיז תפוחים סחוט טע,מיליליטרים,500.00,"100 מ""ל",false,1,24.90,4.98,true,1,
7290011154080,false,"תרכיז תפוחים צלול טעמי הגליל 500 מ""ל",טעמי הגליל,IL,תרכיז תפוחים צלול טע,מיליליטרים,500.00,"100 מ""ל",false,1,24.90,4.98,true,1,
7290011166366,false,רול און אבן קריסטל לגבר,,,רול און אבן קריסטל ל,Unknown,0.00,Unknown,false,1,29.90,29.90,true,1,
7290011194215,false,מעדן גבינה ויוגורט בטעם בננה 5% שומן 88 ג' דניאלה,"שטראוס בריאות בע""מ",IL,דניאלה אננס 88 גרם,גרמים,88.00,100 גרם,false,1,4.10,4.66,true,1,
7290011194246,false,קוטג' 5% שומן 250 ג' שטראוס,מיוצר עי קונדיטוריית,IL,קוטג 5% 250 גר,גרמים,250.00,100 גרם,false,1,5.90,2.36,true,1,
7290011223038,false,עלים לקרמשניט - בונומי 300גרם,בונומי ס.פ.א,IT,עלים לקרמשניט 300 גר,גרמים,143.00,100 גרם,false,1,17.70,12.38,true,1,
7290011223229,false,"טואלט דאק ג'ל לאסלה טיפות טל רעננות 55 מ""ל","איטיליאן פוד, אס.פי.",IT,טואלט דאק גל אסלה טי,Unknown,0.00,Unknown,false,1,13.10,13.10,true,1,
7290011223243,false,"טואלט דאק ג'ל לאסלה בניחוח לבנדר 55 מ""ל","איטיליאן פוד, אס.פי.",IT,טואלט דאק גל אסלה ני,Unknown,0.00,Unknown,false,1,13.10,13.10,true,1,
7290011235024,false,רוזמרין ארוז,חקלאי,IL,רוזמרין,Unknown,0.00,Unknown,false,1,5.90,5.90,true,1,
7290011235055,false,בזיליקום,יושלם,IL,בזיליקום,Unknown,0.00,Unknown,false,1,5.90,5.90,true,1,
7290011235062,false,עירית,חקלאי,IL,עירית,Unknown,0.00,Unknown,false,1,5.90,5.90,true,1,
7290011235079,false,קורנית (טימין),חקלאי,IL,קורנית,Unknown,0.00,Unknown,false,1,5.90,5.90,true,1,
7290011235109,false,מרווה,,,מרווה,Unknown,0.00,Unknown,false,1,5.90,5.90,true,1,
7290011235147,false,חמוציות ארוז,חקלאי,IL,חמציץ ארוז,Unknown,0.00,Unknown,false,1,9.90,9.90,true,1,
7290011312381,false,פטריות חורש למנגל 320 ג',"מרינה פטריות הגליל בע""מ",IL,סטייק פורטבלה,Unknown,0.00,Unknown,false,1,18.90,18.90,true,1,
7290011343064,false,"שמן זית סורי 750 מ""ל",,,"שמן זית סורי 750 מ""ל",מיליליטרים,750.00,"100 מ""ל",false,1,55.50,7.40,true,1,
7290011343170,false,שמן זית פיקואל גשור 750 מל,,,שמן זית פיקואל גשור,מיליליטרים,750.00,"100 מ""ל",false,1,55.50,7.40,true,1,
7290011343194,false,"שמן זית ארבקינה 750 מ""ל",,,שמן זית ארבקינה 750,מיליליטרים,750.00,"100 מ""ל",false,1,55.50,7.40,true,1,
7290011343316,false,שמן זית ברנע ארץ גשור 750 מל,,,שמן זית ברנע ארץ גשו,מיליליטרים,750.00,"100 מ""ל",false,1,52.90,7.05,true,1,
7290011378769,false,בארכה - חטיף בקטנה חלבה וניל 20 גרם * 6,רושדי תעשיות מזון בע,IL,מאגדת חטיף חלבה וניל,גרמים,126.00,100 גרם,false,1,13.50,10.71,true,1,
7290011378776,false,חלבה חטיף פיסטוק בארכה בקטנה מארז 126ג',רושדי תעשיות מזון בע,IL,מאגדת חטיף חלבה פיסט,גרמים,126.00,100 גרם,false,1,13.50,10.71,true,1,
7290011415198,false,"שמן עץ התה מסיק/גרינלייף 10 מ""ל",,,שמן עץ התה מסיק/גרינ,מיליליטרים,10.00,"100 מ""ל",false,1,29.90,299.00,true,1,
7290011415211,false,"שמן אקליפטוס מסיק/גרינלייף 10 מ""ל",,,שמן אקליפטוס מסיק/גר,מיליליטרים,10.00,"100 מ""ל",false,1,19.90,199.00,true,1,
7290011415228,false,"שמן מנטה מסיק/גרינלייף 10 מ""ל",,,שמן מנטה מסיק/גרינלי,מיליליטרים,10.00,"100 מ""ל",false,1,24.90,249.00,true,1,
7290011415716,false,"שמן שקדים מסיק/גרינלייף 500 מ""ל",,,שמן שקדים מסיק/גרינל,מיליליטרים,500.00,"100 מ""ל",false,1,44.90,8.98,true,1,
7290011438142,false,"משקה יטבתה אייס קפה בבקבוק אישי 350 מ""ל",שטראוס גרופ,IL,משקה חלב בטעם קפה,מיליליטרים,350.00,"100 מ""ל",false,1,6.90,1.97,true,1,
7290011447304,false,מטרנה פרימיום חלבי שלב 3 700 גרם חיסכון,מטרנה תעשיות ש.מ,IL,מטרנה פרימיום חלבי ש,גרמים,700.00,100 גרם,false,1,49.90,7.13,true,1,
7290011447908,false,"סופר-קט בטעם עוף כבד 3 ק""ג",ביופט,IL,סופר קט מזון לחתולים,קילוגרמים,0.00,"ק""ג",false,1,49.90,49.90,true,1,
7290011473006,false,קינואה אורגנית תבואו,תבואות,BO,קינואה אורגנית 500 ג,גרמים,500.00,100 גרם,false,1,16.70,3.34,true,1,
7290011473051,false,קוואקר עבה אורגני 500 גר,תבואות,,קוואקר עבה אורגני 50,גרמים,500.00,100 גרם,false,1,10.40,2.08,true,1,
7290011473136,false,גרעיני דלעת קלוף אורגני 300 גרם,,,גרעיני דלעת קלוף אור,גרמים,300.00,100 גרם,false,1,20.90,6.97,true,1,
7290011473204,false,עדשים ירוקים אורגני 500 גרם,תבואות,TR,עדשים ירוקים אורגני,גרמים,500.00,100 גרם,false,1,12.90,2.58,true,1,
7290011473211,false,עדשים אדומים אורגני 500 גרם,תבואות,TR,עדשים אדומים אורגני,גרמים,500.00,100 גרם,false,1,13.50,2.70,true,1,
7290011473242,false,פשתן זרעים אורגני 500 גרם,תבואות,CN,פשתן זרעים אורגני 50,גרמים,500.00,100 גרם,false,1,11.50,2.30,true,1,
7290011473259,false,פשתן טחון אורגני 350 גר,תבואות,CN,פשתן טחון אורגני,גרמים,350.00,100 גרם,false,1,12.90,3.69,true,1,
7290011473273,false,בורגול אורגני 500 גרם,תבואות,TR,בורגול אורגני 500 גר,גרמים,500.00,100 גרם,false,1,8.90,1.78,true,1,
7290011473280,false,חומוס אורגני תבואות,תבואות,IL,חומוס אורגני 500 גרם,גרמים,500.00,100 גרם,false,1,12.90,2.58,true,1,
7290011473297,false,גריסי פנינה אורגני 500 גרם,,,גריסי פנינה אורגני 5,גרמים,500.00,100 גרם,false,1,10.90,2.18,true,1,
7290011473358,false,שעועית שחורה אורגנית 500 גרם,תבואות,US,שעועית שחורה אורגנית,גרמים,500.00,100 גרם,false,1,12.90,2.58,true,1,
7290011473389,false,קמח כוסמין לבן אורגני 500 גרם,תבואות מוצרי מזון או,IT,קמח כוסמין לבן אורגנ,גרמים,500.00,100 גרם,false,1,13.90,2.78,true,1,
7290011473471,false,אורז בסמטי לבן אורגני 500 גרם,תבואות,IN,אורז בסמטי לבן אורגנ,גרמים,500.00,100 גרם,false,1,12.90,2.58,true,1,
7290011473488,false,קמח אורז מלא טבעי 500 גר,,,קמח אורז מלא טבעי 50,גרמים,500.00,100 גרם,false,1,10.90,2.18,true,1,
7290011473570,false,קמח חומוס טבעי 500 גרם תבואות,תבואות מוצרי מזון או,IL,קמח חומוס טבעי 500 ג,גרמים,500.00,100 גרם,false,1,11.90,2.38,true,1,
7290011473648,false,"סוכר דמררה אורגני 1 ק""ג",תבואות,BR,סוכר דמררה אורגני 1,גרמים,1000.00,100 גרם,false,1,12.90,1.29,true,1,
7290011473662,false,אגוזי קשיו אורגני 150 גר תבואות,,,אגוזי קשיו אורגני 15,גרמים,150.00,100 גרם,false,1,26.90,17.93,true,1,
7290011473761,false,צימוקים אורגניים 250 גר,,,צימוקים אורגניים,גרמים,250.00,100 גרם,false,1,17.90,7.16,true,1,
7290011473921,false,סובין שיבולת שועל טבעי 500 גרם,תבואות,,סובין שיבולת שועל טב,גרמים,500.00,100 גרם,false,1,12.90,2.58,true,1,
7290011473952,false,קוואקר מהיר הכנה טבעי 400 גר,תבואות,,קוואקר מהיר הכנה טבע,גרמים,500.00,100 גרם,false,1,7.50,1.50,true,1,
7290011474003,false,שמן קוקוס אורגני כתית 300 גר תבואות,אדמג'י לוקמנג'י,,שמן קוקוס אורגני כתי,גרמים,1000.00,100 גרם,false,1,19.90,1.99,true,1,
7290011474058,false,ספגטי כוסמין אורגני 500 גר,,,ספגטי כוסמין אורגני,גרמים,500.00,100 גרם,false,1,19.90,3.98,true,1,
7290011474133,false,מגדרה אורגנית 500 גרם,,,מגדרה אורגנית 500 גר,גרמים,500.00,100 גרם,false,1,16.90,3.38,true,1,
7290011474256,false,מלח הימליה גס שקית 1 קילו תבואות,תבואות,,מלח הימליה גס שקית 1,גרמים,1000.00,100 גרם,false,1,15.90,1.59,true,1,
7290011474324,false,חמוציות אורגניות 170 גר,,,חמוציות אורגניות 170,גרמים,170.00,100 גרם,false,1,24.90,14.65,true,1,
7290011474447,false,קוואקר עבה טבעי 500 גרם תבאות,תבואות,,קוואקר עבה טבעי 500,גרמים,500.00,100 גרם,false,1,7.50,1.50,true,1,
7290011474478,false,גרעיני ציה אורגניים 300 גרם,תבואות,MX,גרעיני ציה אורגניים,גרמים,300.00,100 גרם,false,1,17.90,5.97,true,1,
7290011474768,false,"קמח כוסמין לבן אורגני 1 ק""ג תבואות",,,קמח כוסמין לבן אורגנ,גרמים,1000.00,100 גרם,false,1,22.90,2.29,true,1,
7290011474843,false,גוגי ברי טבעי 200 גר,,,גוגי ברי טבעי 200 גר,גרמים,200.00,100 גרם,false,1,29.20,14.60,true,1,
7290011474898,false,סוכר קוקוס אורגני 300 גרם תבואות,תבואות,,סוכר קוקוס אורגני 30,גרמים,300.00,100 גרם,false,1,13.90,4.63,true,1,
7290011482145,false,מי ורדים 250 מל,,,מי ורדים 250 מל,מיליליטרים,250.00,"100 מ""ל",false,1,14.90,5.96,true,1,
7290011498177,false,שקד לבן 700 גרם,,,שקד לבן 700 גרם,גרמים,700.00,100 גרם,false,1,73.50,10.50,true,1,
7290011498191,false,מארז חטיפי מרציפן מצופה שוקולד 180 גרם,,,מארז חטיפי מרציפן מצ,גרמים,180.00,100 גרם,false,1,19.90,11.06,true,1,
7290011498221,false,גרוסליין - סילאן טבעי 900 גרם,,,סילאן תמרים טבעי 900,גרמים,900.00,100 גרם,false,1,19.90,2.21,true,1,
7290011498283,false,אגוזי אדמה חמאה בוטנים 700 גר,,,אגוזי אדמה חמאה בוטנ,גרמים,700.00,100 גרם,false,1,26.50,3.79,true,1,
7290011498368,false,חמאת פיסטוק 200 גרם,,,חמאת פיסטוק 200 גרם,גרמים,200.00,100 גרם,false,1,45.90,22.95,true,1,
7290011498429,false,שוקולד אורגני מריר 70% 200 גרם,,,שוקולד אורגני מריר 7,גרמים,200.00,100 גרם,false,1,22.90,11.45,true,1,
7290011498504,false,ממרח חלבה עשירה 350 גר,,,ממרח חלבה עשירה 350,גרמים,350.00,100 גרם,false,1,14.90,4.26,true,1,
7290011498887,false,חטיף תמרים במילוי חמאת קוקוס 150 גרם,"אלמנדוס בע""מ",IL,חטיף תמרים במילוי חמ,גרמים,150.00,100 גרם,false,1,16.70,11.13,true,1,
7290011498894,false,חטיף תמרים במילוי חמאת בוטנים 150 גרם,,,חטיף תמרים במילוי חמ,גרמים,150.00,100 גרם,false,1,16.70,11.13,true,1,
7290011498900,false,חטיף תמר במילוי חמאת שקד מצופה 150 גרם,"אלמנדוס בע""מ",IL,חטיף תמר במילוי חמאת,גרמים,150.00,100 גרם,false,1,18.80,12.53,true,1,
7290011498955,false,אגוזי אדמה 300 גרם,,,אגוזי אדמה 300 גרם,גרמים,300.00,100 גרם,false,1,13.50,4.50,true,1,
7290011498962,false,ממרח שקד לבן תבור 3,"אלמונדס בע""מ",IL,שקד לבן 300 גרם,גרמים,300.00,100 גרם,false,1,34.50,11.50,true,1,
7290011499051,false,גבינה פטה כבשים בגביע 20% 250 גר',MKN עבור מחלבות גד ב,IL,פטה כבשים מסורתית 2,גרמים,250.00,100 גרם,false,1,26.90,10.76,true,1,
7290011499105,false,גבינה בולגרית מלוחה 5% 250 ג' גד,ג'נרל מילס סאן אדריא,IL,בולגרית 5% 250גר,גרמים,250.00,100 גרם,false,1,24.20,9.68,true,1,
7290011499112,false,גבינה בולגרית 16% 250 ג' גד,"מיוצר ע""י dsh",IL,בולגרית 16% 250גר,גרמים,250.00,100 גרם,false,1,25.30,10.12,true,1,
7290011499129,false,"גבינה בולגרית קוביות קטנות מעודנת 5% 200 ג""ר",קוד יצרן DSH,IL,קוביות בולגרית מעודנ,גרמים,200.00,100 גרם,false,1,22.40,11.20,true,1,
7290011499327,false,גבינה בולגרית מעודנת חלב בקר 250 גר,מיוצר על ידי DSH עבו,IL,גבינה בולגרית מעודנת,גרמים,250.00,100 גרם,false,1,24.40,9.76,true,1,
7290011499341,false,גד גבינת קשקבל 26% 200 ג',הנסיך- מפעל לייצור ט,IL,קשקאבל ארוז 200 גר,גרמים,200.00,100 גרם,false,1,26.70,13.35,true,1,
7290011499365,false,גבינה חלומי נענע גד,"מחלבות גד בע""מ",IL,גבינת חלומי 200 גר,גרמים,200.00,100 גרם,false,1,22.40,11.20,true,1,
7290011499419,false,גבינה במרקם שמנת 5% שומן 200 ג' גד,מחלבות גד,IL,גבינה במרקם שמנת 5%,גרמים,200.00,100 גרם,false,1,11.40,5.70,true,1,
7290011499525,false,גד לאבנה דרוזית 9% 500 ג',מחלבות גד בעמ,IL,לאבנה 500גר 9%,גרמים,500.00,100 גרם,false,1,21.90,4.38,true,1,
7290011499624,false,גבינת שמנת טבעי 30% שומן 200 ג' גד,מחלבות גד,IL,גבינת שמנת 30% טבעי,גרמים,200.00,100 גרם,false,1,12.90,6.45,true,1,
7290011499846,false,גבינת ריקוטה פרסקה 9% 300 ג' גד,מחלבות גד בעמ,IL,ריקוטה פרסקה 9% 300,גרמים,150.00,100 גרם,false,1,19.30,12.87,true,1,
7290011501617,false,חמוציות ברכז תפוחים ללא תוספת סוכר 250 גרם,אף.סי תבליני בגליל ב,IL,חמוציות תפוחים ללא ס,גרמים,250.00,100 גרם,false,1,19.70,7.88,true,1,
7290011502874,false,דלישס גרנולה עם פירות יבשים 500גר,"דין שיווק וקליה בע""מ",,גרנולה פירות 500 גרם,גרמים,500.00,100 גרם,false,1,14.90,2.98,true,1,
7290011515683,false,טילונים אקסטרים וניל מאגדת 6יח',תות תעשיות מזון (201,IL,מאגדת אקסטרים וניל,גרמים,432.00,100 גרם,false,1,33.90,7.85,true,1,
7290011515911,false,שלגון לייט ריבת חלב מאגדת 6 יח',גלידות נסטלה (נגה גל,IL,מאגדת לייט ריבת חלב,Unknown,0.00,Unknown,false,1,29.90,29.90,true,1,
7290011518561,false,"אקטימל תות משפחתי מארז 14X100מ""ל",מיוצר עי קונדיטוריית,IL,אקטימל תות מארז משפח,ליטרים,0.00,ליטר,false,1,29.90,29.90,true,1,
7290011530358,false,שייק איט 450 גרם friday מיקס פירות קפוא,"הבו-קדו בע""מ",IL,שייק איט 450 גרם,גרמים,450.00,100 גרם,false,1,31.50,7.00,true,1,
7290011530488,false,שייק איט 450 גר saturday מיקס פירות קפוא,"הבו-קדו בע""מ",IL,שייק איט 450 גר satu,גרמים,450.00,100 גרם,false,1,31.50,7.00,true,1,
7290011530525,false,מיקס פירות קפואים שייק איט צהוב - 3*150 ג',"הבו-קדו בע""מ",IL,שייק איט 450 גרם,גרמים,450.00,100 גרם,false,1,31.50,7.00,true,1,
7290011530532,false,מיקס פירות קפואים שייק איט ירוק - 3*150 ג',"הבו-קדו בע""מ",IL,שייק איט 450 גרם,גרמים,450.00,100 גרם,false,1,31.50,7.00,true,1,
7290011530549,false,מיקס פירות קפואים שייק איט ורוד - 3*150 ג',"הבו-קדו בע""מ",IL,שייק איט 450 גרם,גרמים,450.00,100 גרם,false,1,31.50,7.00,true,1,
7290011530730,false,מיקס פירות קפואים שייק איט חום - 3*150 ג',"הבו-קדו בע""מ",IL,שייק איט 450 ג,גרמים,450.00,100 גרם,false,1,31.50,7.00,true,1,
7290011530945,false,קרפציו עגל 210 גרם קפוא,בלדי,IL,קרפציו עגל 210 גרם,גרמים,210.00,100 גרם,false,1,39.90,19.00,true,1,
7290011570507,false,"קמח נטול גלוטן כרגיל 1 ק""ג",קרלו,IL,קמח נטול גלוטן כרגיל,גרמים,1000.00,100 גרם,false,1,20.90,2.09,true,1,
7290011570798,false,קמח כרגיל בטעם שוקולד 450 גר ללא גלוטן,,,קמח כרגיל בטעם שוקול,גרמים,450.00,100 גרם,false,1,19.90,4.42,true,1,
7290011575007,false,"הפי מרסס שומר ברק למקלחון 750 מ""ל",,,הפי לאמבט ולמקלחון,מיליליטרים,750.00,"100 מ""ל",false,1,22.50,3.00,true,1,
7290011575250,false,הפי ספוג מבריק נעליים,,,הפי מבריק נעליים,Unknown,0.00,Unknown,false,1,11.50,11.50,true,1,
7290011575526,false,מטלית מיקרופייבר לני,סי.פי.קנג,,הפי מטלית מיקרופייבר,Unknown,0.00,Unknown,false,1,15.90,15.90,true,1,
7290011575755,false,סופר גלו ג'ל - לוקטייט,,,דבק גל סופר גלו 3 גר,Unknown,0.00,Unknown,false,1,12.20,12.20,true,1,
7290011575809,false,הפי נוצץ ספריי הגרטי- מבריק כלי כסף,יוליניבר,BE,הפי ספריי הגרטי מברי,מיליליטרים,200.00,"100 מ""ל",false,1,34.90,17.45,true,1,
7290011585228,false,כיסונים במילוי בשר 1500 גרם,,,כיסונים במילוי בשר 1,גרמים,1500.00,100 גרם,false,1,41.90,2.79,true,1,
7290011585723,false,כיסונים ביתי במילוי בשר 900 גרם,,,כיסונים ביתי במילוי,גרמים,900.00,100 גרם,false,1,31.90,3.54,true,1,
7290011585778,false,"קרפלך במילוי תפו""א 700 גרם",,,"קרפלך במילוי תפו""א 7",גרמים,700.00,100 גרם,false,1,21.90,3.13,true,1,
7290011587079,false,חרדל דיז'ון גרגירים 370 ג' PICCATA,,IL,חרדל דיזון גרגירים 3,גרמים,370.00,100 גרם,false,1,11.40,3.08,true,1,
7290011587307,false,תחתיות ארטישוק 400 גר',,IL,ארטישוק תחתיות,גרמים,400.00,100 גרם,false,1,12.40,3.10,true,1,
7290011587468,false,מוזלי קראנצ'י +אגוז 600 גר' 10X,,,מוזלי קראנצ 600 גר,מיליליטרים,600.00,"100 מ""ל",false,1,15.60,2.60,true,1,
7290011587598,false,שימורי אנשובי בפח 45 ג' תומר,אינוורסיונס פריסקו,IL,פילה אנשובי 45 גרם,גרמים,45.00,100 גרם,false,1,6.90,15.33,true,1,
7290011587710,false,צלפים במי מלח 350 גר תומר,,,צלפים בחומץ 350 גר,גרמים,350.00,100 גרם,false,1,10.70,3.06,true,1,
7290011587826,false,חרדל דיז'ון תומר 370ג',,,חרדל דיזון 370 גרם,גרמים,370.00,100 גרם,false,1,11.40,3.08,true,1,
7290011587857,false,עגבניות מיובשות מתובלות במגשית,יושלם,IL,עגבניות מיובשות מתוב,גרמים,250.00,100 גרם,false,1,11.70,4.68,true,1,
7290011598211,false,"סנו - אנטי קאלק מרסס ניקוי כללי 4 ב-1 700 מ""ל",מיוצר עי קונדיטוריית,IL,סנו אנטי קאלק רב שימ,מיליליטרים,750.00,"100 מ""ל",false,1,17.90,2.39,true,1,
7290011622664,false,כתמטמינים - חטיף אצבעות טחינה אורז ותירס 45 גרם,אלס נוטרישן,IL,חטיף לתינוק טחינה כת,גרמים,45.00,100 גרם,false,1,6.90,15.33,true,1,
7290011622756,false,ביסקוויטמינים פלוס שוקו 150 גר,,,ביסקוויטמינים פלוס ש,גרמים,150.00,100 גרם,false,1,14.90,9.93,true,1,
7290011622824,false,ביסונים במילוי קרם שקדים בטעם בננה,,,ביסונים במילוי קרם ש,Unknown,0.00,Unknown,false,1,17.90,17.90,true,1,
7290011644000,false,מקלות תירס ממותקים 80 גרם,,,מקלות תירס ממותקים 8,גרמים,90.00,100 גרם,false,1,5.20,5.78,true,1,
7290011695224,false,"רוטב צ'ילי מתוק 700 מ""ל",,,רוטב צילי מתוק 700,מיליליטרים,700.00,"100 מ""ל",false,1,11.90,1.70,true,1,
7290011695712,false,חמאת בוטנים עם שברי 510 ג' NEEMAN,,,חמאת בוטנים קרמי 510,גרמים,510.00,100 גרם,false,1,14.90,2.92,true,1,
7290011723200,false,טחינה הר ברכה 100% שומשום טהור 500 גר,הר ברכה תעשיות,,טחינה הר ברכה 100% ש,גרמים,500.00,100 גרם,false,1,18.90,3.78,true,1,
7290011728007,false,נאצוס תירס טבעי טרז פזוס 180 גרם,,IL,נאצוס תירס טבעי טרז,גרמים,180.00,100 גרם,false,1,19.80,11.00,true,1,
7290011765088,false,"קרמה - ג'ל גילוח כחול 200 מ""ל",טרופיקל דגיל תעשיות,TR,קרמה מן גל גילוח קול,מיליליטרים,200.00,"100 מ""ל",false,1,13.50,6.75,true,1,
7290011765095,false,קרמה מן גל גילוח אלוורה ירוק 200 מל,טרופיקל דגיל תעשיות,TR,קרמה מן גל גילוח אלו,מיליליטרים,200.00,"100 מ""ל",false,1,13.50,6.75,true,1,
7290011765613,false,סנו מסיר עובש בניחות לימון מתז 1 ל',,IL,מרסס מסיר עובש סנו 1,מיליליטרים,1000.00,"100 מ""ל",false,1,17.90,1.79,true,1,
7290011800840,false,טחינה בלאדי רפי כהן 400 ג' צבר,סלטי צבר,IL,טחינה בלאדי רפי כהן,גרמים,400.00,100 גרם,false,1,18.30,4.58,true,1,
7290011830236,false,בייגלה מקמח כוסמין +מלח 200 גרם השדה,,,בייגלה מקמח כוסמין +,גרמים,200.00,100 גרם,false,1,17.70,8.85,true,1,
7290011830380,false,מקרוני מקמח דורום 5 צבעים אורגני 500 גרם,,,מקרוני מקמח דורום 5,גרמים,500.00,100 גרם,false,1,30.50,6.10,true,1,
7290011830991,false,ציקי מאנקי 60 גר השדה,,,ציקי מאנקי 60 גר השד,גרמים,60.00,100 גרם,false,1,6.90,11.50,true,1,
7290011867911,false,גרנובל שמפו טבעי טהור 500 מ`ל,,,גרנובל שמפו טבעי טהו,מיליליטרים,500.00,"100 מ""ל",false,1,69.90,13.98,true,1,
7290011867935,false,אננדה קרם לחות והזנה לעיצוב שיער,,,אננדה קרם לחות והזנה,Unknown,0.00,Unknown,false,1,79.90,79.90,true,1,
7290011877859,false,סנו אינסטלטור חדש פותח סתימות 200ג',מיוצר עי קונדיטוריית,IL,סנו אינסטלטור פותח ס,מיליליטרים,200.00,"100 מ""ל",false,1,13.90,6.95,true,1,
7290011878351,false,תמרים מגהול 400 גרם אורגני,,,תמרים מגהול 400 גרם,גרמים,400.00,100 גרם,false,1,27.90,6.98,true,1,
7290011878511,false,יוגורט ביו 250 מל,,,יוגורט ביו 250 מל,מיליליטרים,250.00,"100 מ""ל",false,1,11.90,4.76,true,1,
7290011899158,false,שמן נר הלילה כמוסות (60),,,שמן נר הלילה כמוסות,Unknown,0.00,Unknown,false,1,79.90,79.90,true,1,
7290011899295,false,גארודופילוס (60) אלטמן,,,גארודופילוס (60) אלט,Unknown,0.00,Unknown,false,1,142.90,142.90,true,1,
7290011912642,false,מי פה טאגד ליסטרין 5,,IT,מי פה ליסטרין להגנה,מיליליטרים,500.00,"100 מ""ל",false,1,19.80,3.96,true,1,
7290011923082,false,גבינה פרוסות בסגנון מוצרלה טבעוני 200 ג,,GR,גבינה פרוסות בסגנון,גרמים,200.00,100 גרם,false,1,19.90,9.95,true,1,
7290011923112,false,גבינת גוש בסגנון פטה יוונית טבעוני 200 ג,,GR,גבינת גוש בסגנון פטה,גרמים,200.00,100 גרם,false,1,19.90,9.95,true,1,
7290011923303,false,טופו טבעי ליב 300 גר,א.י.ן תעשיות מזון בע,IL,טופו טבעי ליב 300 גר,גרמים,300.00,100 גרם,false,1,10.90,3.63,true,1,
7290011947309,false,זיתים מצוננים סורי מבוקע ולימון כבוש זיתא 230 ג',זיתא – י.ט.ב תעשיות,IL,זית סורי מבוקע עם לי,גרמים,220.00,100 גרם,false,1,13.90,6.32,true,1,
7290011947316,false,זית קלמנטה בשמן 215 ג'-זיתא,סטאר סנקס,IL,זיתי קלמטה 215 גרם,גרמים,215.00,100 גרם,false,1,13.90,6.47,true,1,
7290011947743,false,זיתים זיתא מיקס זית ירוק וזית קלמטה 215 גרם,ויסוצקי,IL,מיקס זיתים זיתא 215,גרמים,215.00,100 גרם,false,1,13.90,6.47,true,1,
7290011947781,false,מיקס זית ירוק וזית קלמטה ללא גלעין עם שמן זית 190 ג',זיתא,IL,מיקס זית ירוק/קלמטה,גרמים,190.00,100 גרם,false,0,14.60,7.68,true,1,
7290011947798,false,זית קלמטה ללא גלעין עם שמן זית כתית 190 ג',זיתא,IL,זית קלמטה ללא גלעין,גרמים,190.00,100 גרם,false,0,14.60,7.68,true,1,
7290011947866,false,מיקס זיתים בפח זיתא 440גר,זיתא,GR,מיקס זיתים בפח 440 ג,גרמים,440.00,100 גרם,false,1,20.90,4.75,true,1,
7290011947873,false,זית קלמטה בפח זיתא 440גר,זיתא,GR,זית קלמטה בפח 440 גר,גרמים,440.00,100 גרם,false,1,20.90,4.75,true,1,
7290011947903,false,מיקס זיתים יווני זיתא 215 ג',זיתא,IL,מיקס זיתים יווני 215,גרמים,215.00,100 גרם,false,1,13.90,6.47,true,1,
7290012013089,false,עוגיות אגוזים ר.חלב300 גרם,,,עוגיות אגוזים,גרמים,300.00,100 גרם,false,1,23.90,7.97,true,1,
7290012019258,false,מחית תפוחי עץ רביעיה 4 * 113 ג' תומר,Cherry growers inc,IL,"רסק תפו""ע 4 יח 113",גרמים,113.00,100 גרם,false,1,12.90,11.42,true,1,
7290012019265,false,"רסק תפוֿֿֿֿ""ע פלסטיק דיאט 4יח'12X",Cherry growers inc,,"רסק תפו""ע דיאט 4 יח",גרמים,113.00,100 גרם,false,1,12.90,11.42,true,1,
7290012019401,false,מיץ דובדבן 100% 1 ליטר תוצרת גרוזיה,,,מיץ דובדבן 100% 1 לי,מיליליטרים,1000.00,"100 מ""ל",false,1,21.90,2.19,true,1,
7290012022005,false,פריכיות חיטה 60 גרם,,,פריכיות חיטה 70 גרם,גרמים,70.00,100 גרם,false,1,11.90,17.00,true,1,
7290012022050,false,פריכיות חיטה מלאה 100 גרם,,,פריכיות חיטה מלאה,גרמים,100.00,100 גרם,false,1,13.90,13.90,true,1,
7290012022067,false,קריספיות קידס,,IL,קריספיות קידס 30 גרם,גרמים,30.00,100 גרם,false,1,10.90,36.33,true,1,
7290012028243,false,טבק לגלגול סיגריות נקסט אוריג 40 ג חפיסה,פיליפ מוריס,,טבק לגלגול סיגריות נ,יחידה,1.00,יחידה,false,1,76.50,76.50,true,1,
7290012040467,false,טבק צסטרפילד אוריגינל 30PP חפיסה,,,טבק צסטרפילד אוריגינ,יחידה,1.00,יחידה,false,1,59.90,59.90,true,1,
7290012040481,false,טבק לגלגול סוגריות מלברו גולד 30 גר בודד,,,טבק לגלגול סוגריות מ,יחידה,1.00,יחידה,false,1,74.90,74.90,true,1,
7290012040511,false,טבק נקסט פיין PP חפיסה,,,טבק נקסט פיין PP חפי,יחידה,1.00,יחידה,false,1,76.50,76.50,true,1,
7290012046124,false,רב מגבת SOFT CLEAN 800 גרם,,IL,רב מגבת SOFT CLEAN 8,גרמים,800.00,100 גרם,false,1,26.50,3.31,true,1,
7290012046179,false,אל סבון נוזלי 1 ליטר + משאבה,,IL,אל סבון נוזלי 1 ליטר,Unknown,0.00,Unknown,false,1,10.90,10.90,true,1,
7290012052170,false,גרנולה רפאל - ללא סוכר אגוזים ופירות,פוקה,IL,רפאל-גרנולה ללא סוכר,גרמים,350.00,100 גרם,false,1,16.90,4.83,true,1,
7290012052194,false,רפאל-גרנולה פירות יער וקשיו 350 גר,פוקה,IL,רפאל-גרנולה פירות יע,גרמים,350.00,100 גרם,false,1,16.90,4.83,true,1,
7290012052354,false,גרנולה רפאל-שוקולד ואגוזי לוז 350 גר,רפאלס,IL,גרנולה רפאל-שוקולד ו,גרמים,350.00,100 גרם,false,1,16.90,4.83,true,1,
7290012117039,false,סנו 00 לניקוי אמבטיות 1 ליטר,,,סנו 00 לניקוי אמבטיו,מיליליטרים,1000.00,"100 מ""ל",false,1,8.90,0.89,true,1,
7290012117091,false,אבקת -כביסה סנו מקסימה סנסיטיב 6 קג,הורביץ סחר,IL,אבקת כביסה מקסימה סנ,קילוגרמים,0.01,"ק""ג",false,1,49.50,4950.00,true,1,
7290012117275,false,"סנו קליר שקית מילוי 750 מ""ל",טרופיקל דגיל תעשיות,IL,סנוקליר שקית מילוי 7,מיליליטרים,750.00,"100 מ""ל",false,1,9.40,1.25,true,1,
7290012117350,false,סנו ריצפז פרש 2 ליטר לילך לבנדר,"סנו מפעלי ברונוס בע""",IL,סנו ריצפז פרש 2 ליטר,ליטרים,0.00,ליטר,false,1,20.90,20.90,true,1,
7290012117534,false,סנו - מקסימה מרכך כביסה מרוכז קול 1 ליטר,"סנו מפעלי ברונוס בע""",IL,מרכך כביסה מקסימה סו,מיליליטרים,1000.00,"100 מ""ל",false,1,17.90,1.79,true,1,
7290012117541,false,מרכך כביסה מקסימה קומפקט צהוב 1 ל' סנו,,IL,מרכך כביסה מקסימה סו,מיליליטרים,1000.00,"100 מ""ל",false,1,17.90,1.79,true,1,
7290012117558,false,מרכך כביסה קומפקט מאסק ורוד סנו מקסימה 1 ל',"סנו מפעלי ברונוס בע""",IL,מרכך כביסה מקסימה סו,מיליליטרים,1000.00,"100 מ""ל",false,1,17.90,1.79,true,1,
7290012117916,false,סנו אינסטלאטור פותח סתימות נוזלי 1 ל',"סנו מפעלי ברונוס בע""",IL,סנו אינסטלטור נוזלי,מיליליטרים,1000.00,"100 מ""ל",false,1,26.90,2.69,true,1,
7290012129742,false,מגבונים פרשיס מבושם 72 יח' * חמישיה,,IL,מגבונים לחים פרשיס מ,Unknown,0.00,Unknown,false,1,26.50,26.50,true,1,
7290012159275,false,מיונז אמיתי 430 גרם LINA,,,מיונז אמיתי 430 גרם,גרמים,430.00,100 גרם,false,1,10.40,2.42,true,1,
7290012159329,false,מיונז אמיתי 860 גרם LINA,,,מיונז אמיתי 860 גרם,גרמים,860.00,100 גרם,false,1,20.80,2.42,true,1,
7290012159763,false,רגינקה דן 0.5ל,,,רגינקה דן 0.5ל,מיליליטרים,500.00,"100 מ""ל",false,1,9.80,1.96,true,1,
7290012159770,false,קפיר דן 0.5ל,,,קפיר דן 0.5ל,מיליליטרים,500.00,"100 מ""ל",false,1,9.80,1.96,true,1,
7290012159787,false,קפיר דן 1ל,,,קפיר דן 1ל,מיליליטרים,1000.00,"100 מ""ל",false,1,16.70,1.67,true,1,
7290012159794,false,רגינקה דן 1 ל,,,רגינקה דן 1 ל,מיליליטרים,1000.00,"100 מ""ל",false,1,17.50,1.75,true,1,
7290012193125,false,סוכרלוז מרמולייט 150 יחידות,מיוצר עי קונדיטוריית,CN,סוכרלוז מרמולייט 150,גרמים,150.00,100 גרם,false,1,37.90,25.27,true,1,
7290012208027,false,ממרח חזרת מוטי שף 18,"איטיליאן פוד, אס.פי.",IL,ממרח חזרת מוטי שף 18,גרמים,180.00,100 גרם,false,1,20.90,11.61,true,1,
7290012208065,false,ממרח לימון כבוש 190 גרם,"איטיליאן פוד, אס.פי.",IL,ממרח לימון כבוש 190,גרמים,190.00,100 גרם,false,1,20.90,11.00,true,1,
7290012228261,false,נקנקיות קנקרס הודו ועוף ריינהולד'ס זוגלובק 300 ג',זוגלובק,IL,נקניקיות הודו קנקרס,גרמים,300.00,100 גרם,false,1,21.90,7.30,true,1,
7290012245183,false,ציפס קריספי קלאסי 700 גרם,אגריסטו,BE,ציפס קריספי קלאסי 70,גרמים,700.00,100 גרם,false,1,21.90,3.13,true,1,
7290012245329,false,"גולד ציפס קלאסי 1.5 ק""ג",יוליניבר,IL,גולד ציפס קלאסי 1.5,גרמים,1500.00,100 גרם,false,1,21.90,1.46,true,1,
7290012247316,false,לב עוף טרי,,,לב עוף טרי,Unknown,0.00,"ק""ג",true,0,34.90,34.90,true,1,
7290012251047,false,קבנוס כפרי 250 גרם מזרע,,,קבנוס כפרי 250 גרם,גרמים,250.00,100 גרם,false,1,17.90,7.16,true,1,
7290012251108,false,סלמי טורו 170 גרם,,,סלמי טורו 170 גרם,גרמים,170.00,100 גרם,false,1,30.90,18.18,true,1,
7290012251146,false,מיני קופצקי סרוולט 280 גרם,,,מיני קופצקי סרוולט,גרמים,280.00,100 גרם,false,1,31.90,11.39,true,1,
7290012251153,false,ביצי דג אלתית קוויאר במשקל,,,ביצי דג אלתית קוויאר,Unknown,0.00,"ק""ג",true,0,523.00,523.00,true,1,
7290012251160,false,מיני קרמליובסקי סרוולט 350 גר,,,מיני קרמליובסקי,גרמים,350.00,100 גרם,false,1,36.90,10.54,true,1,
7290012251177,false,מיני סרוולט איטלקי 400 גר,,,מיני סרוולט איטלקי,גרמים,400.00,100 גרם,false,1,47.90,11.98,true,1,
7290012251276,false,תיק בד טיב טעם,,,תיק רב פעמי ממוחזר,Unknown,0.00,Unknown,false,1,5.90,5.90,true,1,
7290012251313,false,גיוזה בטטה 320 גר קפוא מזרע,,,גיוזה בטטה 320 גר,גרמים,320.00,100 גרם,false,1,35.90,11.22,true,1,
7290012251344,false,דים סאם ירקות ואורז 360 גר,,,דים סאם ירקות ואורז,גרמים,360.00,100 גרם,false,1,42.90,11.92,true,1,
7290012251382,false,פריזר ביצת הזהב 500 גר מזרע,,,פריזר ביצת הזהב 500,גרמים,500.00,100 גרם,false,1,44.90,8.98,true,1,
7290012251474,false,שרימפס 26/30 מקולף 500 ג' קפוא,,,שרימפס מקולף 500 גר,גרמים,500.00,100 גרם,false,1,47.90,9.58,true,1,
7290012251481,false,שרימפס מקולף 500 גר קפוא L,,,שרימפס מקולף 500 גר,גרמים,500.00,100 גרם,false,1,51.50,10.30,true,1,
7290012251498,false,שרימפס מקולף 500 גר קפוא M,,,שרימפס מקולף 500 גר,גרמים,500.00,100 גרם,false,1,51.50,10.30,true,1,
7290012251528,false,נקניקיות בוואריה עם גבינה 700 גר מזרע,,,נקניקיות בוואריה,גרמים,700.00,100 גרם,false,1,64.90,9.27,true,1,
7290012251535,false,שרימפס מבושל 750 גר קפוא,,,שרימפס מבושל קפוא,גרמים,750.00,100 גרם,false,1,58.50,7.80,true,1,
7290012251542,false,"שרימפס לא מקולף גדול 1 ק""ג קפוא 26/30",,,שרימפס לא מקולף גדול,קילוגרמים,0.00,"ק""ג",false,1,104.50,104.50,true,1,
7290012251757,false,קרפלך תפוחי אדמה 600 גר,,,קרפלך תפוחי אדמה 600,גרמים,600.00,100 גרם,false,1,21.90,3.65,true,1,
7290012251924,false,"מול ניו זילנדי על חצי צדף קפוא 1 ק""ג",,,מול ניו זילנדי,גרמים,1000.00,100 גרם,false,1,64.90,6.49,true,1,
7290012252914,false,נקניקיות בלקניות מצוננות 600 גרם,,IL,נקניקיות בלקניות מצו,גרמים,600.00,100 גרם,false,1,24.90,4.15,true,1,
7290012306204,false,"אורז עגול בוכרי לאוש פלוב 1 ק""ג",,,אורז עגול בוכרי לאוש,גרמים,1000.00,100 גרם,false,1,19.90,1.99,true,1,
7290012306501,false,פריכיות כוסמת 150 גרם,,,פריכיות כוסמת 150 גר,גרמים,150.00,100 גרם,false,1,12.50,8.33,true,1,
7290012309311,false,ערמונים קלופים שלמים 100 גר,"דין שיווק וקליה בע""מ",CN,ערמונים קלופים שלמים,גרמים,100.00,100 גרם,false,1,5.80,5.80,true,1,
7290012309878,false,חלבה פיסטוק ששון הקולה 500 ג',,,חלבה עם פיסטוק 500 ג,גרמים,500.00,100 גרם,false,1,15.60,3.12,true,1,
7290012404184,false,"שוופס Fruits לימון זכוכית 330 מ""ל",יפאורה תבורי בעמ,IL,שוופס FRUITS לימונים,מיליליטרים,330.00,"100 מ""ל",false,1,5.70,1.73,true,1,
7290012404955,false,ספרינג קולקשן נקטר חמוציות 1.25 ל',"יפאורה תבורי בע""מ",IL,ספרינג Collection,ליטרים,0.00,ליטר,false,1,12.90,12.90,true,1,
7290012404993,false,ספרינג נקטר חמוציות דיאט קולקשיין 1.25ל,"יפאורה תבורי בע""מ",IL,ספרינג Collection די,ליטרים,0.00,ליטר,false,1,12.90,12.90,true,1,
7290012413612,false,תה ירוק חמוציות 25 שקיקים ויסוצקי,ויסוצקי,IL,תה ירוק חמוציות 25 ש,Unknown,0.00,Unknown,false,1,24.90,24.90,true,1,
7290012413636,false,תה ירוק צאי מסאלה 25 שקיקים 1.5 גרם,HIQ FOOD PRODUCTS,IL,תה ירוק צאי מסאלה 25,Unknown,0.00,Unknown,false,1,24.90,24.90,true,1,
7290012485398,false,פמינוז 60 כמוסות,,,פמינוז 60 כמוסות,Unknown,0.00,Unknown,false,1,119.90,119.90,true,1,
7290012525049,false,קרחון אבטיח 108 גר,,IL,קרחון אבטיח 108 גר,גרמים,108.00,100 גרם,false,1,6.00,5.56,true,1,
7290012588259,false,"מים מינרלים כדורגל 500 מ""ל",נרה קריטיס אס איי בא,GR,מים מינרלים כדורגל 5,מיליליטרים,500.00,"100 מ""ל",false,1,3.00,0.60,true,1,
7290012642586,false,ערמונים קלופים תומר 100 ג',Tangshan huiyuan foo,IL,ערמונים קלופים 100 ג,גרמים,100.00,100 גרם,false,1,7.30,7.30,true,1,
7290012642807,false,פלפלונים ירוק בחומץ 540 גר,,,פלפלונים ירוק בחומץ,גרמים,540.00,100 גרם,false,1,15.70,2.91,true,1,
7290012642838,false,פלפל רצועות אדום בחומץ 520 גר,,IL,פלפל רצועות אדום בחו,גרמים,520.00,100 גרם,false,1,15.70,3.02,true,1,
7290012642869,false,פלפלונים אדום בחומץ חריץ 530 גר,,,פלפלונים אדום בחומץ,גרמים,530.00,100 גרם,false,1,15.70,2.96,true,1,
7290012642876,false,פלפלונים מעורב צבעוני בחומץ חריף6X,יושלם,,פלפלונים מעורב בחומץ,גרמים,530.00,100 גרם,false,1,15.70,2.96,true,1,
7290012642906,false,פלפל ירוק בחומץ 450 גר,,,פלפל ירוק בחומץ 450,גרמים,450.00,100 גרם,false,1,15.70,3.49,true,1,
7290012645020,false,"יוגורט עיזים טבעי חלב הארץ 500 מ""ל",,,יוגורט עיזים טבעי 50,מיליליטרים,500.00,"100 מ""ל",false,1,13.50,2.70,true,1,
7290012645051,false,יוגורט עיזים בגביע 350 גרם,,IL,יוגורט עיזים בגביע,גרמים,350.00,100 גרם,false,1,13.50,3.86,true,1,
7290012645112,false,"יוגורט עיזים בדלי חלב הארץ 750מ""ל",מחלבות סוסיא,IL,יוגורט עיזים בדלי 75,מיליליטרים,750.00,"100 מ""ל",false,1,20.50,2.73,true,1,
7290012645129,false,"יוגורט כבשים בדלי חלב הארץ 750מ""ל",מחלבות סוסיא,IL,יוגורט כבשים בדלי 7,מיליליטרים,750.00,"100 מ""ל",false,1,20.50,2.73,true,1,
7290012645181,false,לאבנה עיזים 5% חלב הארץ 200 גרם,חלב הארץ,IL,לאבנה עיזים 9% 200 ג,גרמים,200.00,100 גרם,false,1,16.90,8.45,true,1,
7290012697081,false,סוכרזית מהטבע סטיוויה 100 טבליות,ביסקול בע''מ,IL,סוכרזית מהטבע סטיווי,גרמים,100.00,100 גרם,false,1,41.90,41.90,true,1,
7290012702167,false,מסיכת פוליגונום טבעית,,,מסיכת פוליגונום טבעי,Unknown,0.00,Unknown,false,1,59.90,59.90,true,1,
7290012702631,false,מורז-מגן שפתיים מנטה,,,מורז-מגן שפתיים מנטה,Unknown,0.00,Unknown,false,1,9.90,9.90,true,1,
7290012702822,false,ספרי הגנה שקוף SPF 50 מורז 200 מל,,,ספרי הגנה שקוף SPF 5,Unknown,0.00,Unknown,false,1,74.90,74.90,true,1,
7290012759666,false,משפחתית בראוניז תמר שוקולד פקאן ופולי קק,ממה חטיפי אנרגיה,IL,משפחתית בראוניז תמר,גרמים,240.00,100 גרם,false,1,29.90,12.46,true,1,
7290012760174,false,ויטמין די 400 בד`צ,,,ויטמין די 400 בד`צ,Unknown,0.00,Unknown,false,1,42.90,42.90,true,1,
7290012803215,false,וופל בלגי בטעם שוקולד 200 גר טוסו,בטר אנד דיפרנט,IL,וופל בלגי בטעם שוקול,גרמים,200.00,100 גרם,false,1,11.90,5.95,true,1,
7290012803789,false,טוסו מר' שוקולד מריר עם אגוזים 100 גר',האי נאם סי או אל.טי.,TR,טוסו מר שוקולד מריר,גרמים,100.00,100 גרם,false,1,13.50,13.50,true,1,
7290012823251,false,אל סבון כיף יסמין לבנדר 1 ליטר,,,אלסבון כיף 1 ליטר יס,מיליליטרים,1000.00,"100 מ""ל",false,1,15.20,1.52,true,1,
7290012823381,false,מרכך כביסה מקסימה סנסיטיב מרוכז ורוד 1 ל' סנו,"סנו מפעלי ברונוס בע""",IL,מרכך כביסה מקסימה סו,מיליליטרים,1000.00,"100 מ""ל",false,1,17.90,1.79,true,1,
7290012823541,false,סנו ריצפז פרש מטליות לחות לריצפה ענק,"סנו מפעלי ברונוס בע""",IL,סנו ריצפז פרש מטליות,Unknown,0.00,Unknown,false,1,10.90,10.90,true,1,
7290012823923,false,"מרכך כביסה פרפיום גולדן מקסימה 750 מ""ל סנו",סנו מפעלי ברונוס בעמ,IL,מרכך כביסה מקסימה פר,מיליליטרים,750.00,"100 מ""ל",false,1,16.90,2.25,true,1,
7290012823947,false,"סנו - מרכך כביסה מרוכז פרפיום קריסטל נואר 750 מ""ל",מיוצר עי קונדיטוריית,IL,מרכך כביסה מקסימה פר,מיליליטרים,750.00,"100 מ""ל",false,1,16.90,2.25,true,1,
7290012850011,false,מחית ביליבד תפוחי עץ 190ג',,,מחית תפוחי עץ 190 גר,גרמים,190.00,100 גרם,false,1,6.50,3.42,true,1,
7290012850035,false,מחית ביליבד תפוח ואפרסק 190ג',,,מחית תפוח ואפרסק 190,גרמים,190.00,100 גרם,false,1,6.50,3.42,true,1,
7290012864001,false,נביטי חמניה 170ג',חקלאי,IL,נבטי חמניה,Unknown,0.00,Unknown,false,1,9.90,9.90,true,1,
7290012864025,false,נבטי אלפלפא,חקלאי,IL,נבטי אלפלפא,Unknown,0.00,Unknown,false,1,6.90,6.90,true,1,
7290012864032,false,נבטוטים,חקלאי,IL,נבטוטים,Unknown,0.00,Unknown,false,1,9.90,9.90,true,1,
7290012878251,false,"שמפו זית לשיער רגיל 750 ס""ק",,,"שמפו לשיער 750 מ""ל",מיליליטרים,750.00,"100 מ""ל",false,1,10.00,1.33,true,1,
7290012884986,false,צ'יפס לתנור קפוא תפוגן 1.5קר:ג,"תעשיות תפוגן בע""מ",IL,ציפס לתנור עד 4% שומ,קילוגרמים,0.00,"ק""ג",false,1,24.90,24.90,true,1,
7290012901355,false,דודלס ארוחת אטריות עם גבינה 206 גרם,האי נאם סי או אל.טי.,US,פולד מקרוני & ציז 20,גרמים,206.00,100 גרם,false,1,11.90,5.78,true,1,
7290012901959,false,פסטה דודלס מסולסלים עם גבינה156 גרם,,US,אטריות עם גבינה מסול,גרמים,156.00,100 גרם,false,1,11.40,7.31,true,1,
7290012921032,false,"בירה מלכה אדמונית 330 מ""ל",בירה מלכה בעמ,IL,בירה מלכה אדמונית 33,מיליליטרים,330.00,"100 מ""ל",false,1,15.90,4.82,true,1,
7290012921049,false,"בירה מלכה כהה 330 מ""ל",בירה מלכה בעמ,IL,"בירה מלכה כהה 330 מ""",מיליליטרים,330.00,"100 מ""ל",false,1,15.90,4.82,true,1,
7290012921063,false,"בירה מלכה הינדי 330 מ""ל",בירה מלכה בעמ,IL,בירה מלכה הינדי 330,מיליליטרים,330.00,"100 מ""ל",false,1,15.90,4.82,true,1,
7290012921070,false,"בירה מלכה אדמונית 750 מ""ל",,IL,בירה מלכה אדמונית 75,מיליליטרים,750.00,"100 מ""ל",false,1,31.90,4.25,true,1,
7290012936838,false,הל טחון 35 גרם,,,הל טחון 35 גרם,Unknown,0.00,Unknown,false,1,18.90,18.90,true,1,
7290012936913,false,תבלינים סומק בצנצנת 40 גרם,,,תבלינים סומק בצנצנת,Unknown,0.00,Unknown,false,1,11.90,11.90,true,1,
7290012936937,false,תבלינים בהרט בצנצנת 40 גרם,א.ל ייצור ושיווק תבל,IL,תבלינים בהרט בצנצנת,Unknown,0.00,Unknown,false,1,11.80,11.80,true,1,
7290012936944,false,תבלינים אגוז מוסקט טחון 40 גרם,,,תבלינים אגוז מוסקט ט,Unknown,0.00,Unknown,false,1,15.50,15.50,true,1,
7290012938405,false,דיימונד רדיד אלומיניום עבה במיוחד 7 מטר,,IL,דיימונד רדיד אלומינו,מטרים,7.50,מטר,false,1,16.90,2.25,true,1,
7290012938597,false,"סנסודיין משחת שיניים רפיד רליף 75 מ""ל","סמיתקליין ביצ'ם בע""מ",,משחת שיניים סנסודיין,Unknown,0.00,Unknown,false,1,28.50,28.50,true,1,
7290012938740,false,"משחת שיניים פרש מינט מנטה 75מ""ל סנסודיין",DE MICLEN,,משחת שיניים סנסודיין,Unknown,0.00,Unknown,false,1,22.90,22.90,true,1,
7290012958014,false,ביצי דגים 113 גר זכוכית,,,ביצי דגים 113 גר זכו,גרמים,113.00,100 גרם,false,1,57.50,50.88,true,1,
7290012958052,false,ביצי דגים 250 גר בזכוכית,,,ביצי דגים 250 גר בזכ,גרמים,250.00,100 גרם,false,1,146.50,58.60,true,1,
7290012983153,false,סילאן טבעי בקבוק לחיץ תמר כנרת 400 גר,מנדלז סי.אר. פרודקשן,IL,סילאן טבעי בקבוק לחי,גרמים,400.00,100 גרם,false,1,17.90,4.48,true,1,
7290012983610,false,תמרים ללא חרצנים תמר כנרת 500 גרם,"חצר כנרת מוצרי תמר אגש""ח",IL,תמרים ללא חרצנים תמר,גרמים,500.00,100 גרם,false,1,14.90,2.98,true,1,
7290013034083,false,סכין שחור משוננת קצה עגול 12 סמ,,,סכין שחור משוננת קצה,Unknown,0.00,Unknown,false,1,12.90,12.90,true,1,
7290013038432,false,מים אקווה נובה בקבוק,אקווה נובה,IL,אקווה נובה 2 ל,ליטרים,0.00,ליטר,false,1,2.90,2.90,true,1,
7290013073488,false,מדבקות קבוצה 11 קידל,,,מדבקות קבוצה 11 קידל,Unknown,0.00,Unknown,false,1,14.90,14.90,true,1,
7290013073495,false,סט לוח מחיק ילדים+טו,,,סט לוח מחיק ילדים+טו,Unknown,0.00,Unknown,false,1,14.90,14.90,true,1,
7290013073549,false,מדבקות קבוצה 3,,CN,מדבקות קבוצה 3,Unknown,0.00,Unknown,false,1,9.90,9.90,true,1,
7290013073556,false,בצק בגביע אומגה,,,בצק בגביע אומגה,Unknown,0.00,Unknown,false,1,12.90,12.90,true,1,
7290013073600,false,טוש מכחול 6 קידליין,,CN,טוש מכחול 6 קידליין,Unknown,0.00,Unknown,false,1,19.90,19.90,true,1,
7290013073648,false,סט צבעי גואש רגיל,,,סט צבעי גואש רגיל,יחידה,1.00,יחידה,false,1,12.90,12.90,true,1,
7290013073655,false,סט 12 עפרונות אורטופ,,,סט 12 עפרונות אורטופ,Unknown,0.00,Unknown,false,1,12.90,12.90,true,1,
7290013073693,false,סט צבעי גואש נוצץ,,,סט צבעי גואש נוצץ,יחידה,1.00,יחידה,false,1,14.90,14.90,true,1,
7290013073723,false,סט טושים דו צדדי קיד,,,סט טושים דו צדדי קיד,Unknown,0.00,Unknown,false,1,9.90,9.90,true,1,
7290013073747,false,צבעי פסטל קידליין 12,,,צבעי פסטל קידליין 12,Unknown,0.00,Unknown,false,1,8.90,8.90,true,1,
7290013073839,false,מספריים גדול סוג 1 ק,,,מספריים גדול סוג 1 ק,Unknown,0.00,Unknown,false,1,10.90,10.90,true,1,
7290013073846,false,סט 4 מדגשים קידליין,,,סט 4 מדגשים קידליין,Unknown,0.00,Unknown,false,1,9.90,9.90,true,1,
7290013073884,false,סט סלוטייפ שלישיה קי,,,סט סלוטייפ שלישיה קי,Unknown,0.00,Unknown,false,1,4.90,4.90,true,1,
7290013073891,false,מדבקות קבוצה 5 קידלי,,,מדבקות קבוצה 5 קידלי,Unknown,0.00,Unknown,false,1,11.90,11.90,true,1,
7290013073945,false,סט פלסטלינה 8 צבעים,,,סט פלסטלינה 8 צבעים,Unknown,0.00,Unknown,false,1,5.90,5.90,true,1,
7290013073969,false,פלטת צבעים גדולה קיד,,,פלטת צבעים גדולה קיד,Unknown,0.00,Unknown,false,1,14.90,14.90,true,1,
7290013083685,false,מטרנה אקסטרה קר שלב 3 חסכון 700 גר,מטרנה תעשיות ש.מ,IL,מטרנה אקסטרה קר שלב,גרמים,700.00,100 גרם,false,1,59.90,8.56,true,1,
7290013089809,false,פילה אמנון קפוא במשקל,,,פילה אמנון קפוא,Unknown,0.00,"ק""ג",true,0,37.00,37.00,true,1,
7290013117229,false,"בורקס פילו במילוי תפו""א מעדנות 600 גר",מיוצר עי קונדיטוריית,IL,בורקס פילו במילוי תפ,גרמים,600.00,100 גרם,false,1,19.90,3.32,true,1,
7290013117236,false,בורקס פילו פיצה מעדנות 600 ג',מיוצר עי קונדיטוריית,IL,בורקס פילו פיצה 600,גרמים,600.00,100 גרם,false,1,19.90,3.32,true,1,
7290013117243,false,בורקס פילו בולגרית מעדנות 600 ג',מיוצר עי קונדיטוריית,IL,בורקס פילו בולגרית 6,גרמים,600.00,100 גרם,false,1,19.90,3.32,true,1,
7290013117427,false,בצק פריך מרודד למאפים מלוחים 900 ג' מעדנות,מיוצר עי קונדיטוריית,IL,בצק פריך מלוח 900 גר,גרמים,900.00,100 גרם,false,1,25.90,2.88,true,1,
7290013117526,false,בצק שמרים למאפים מתוקים מעדנות 900 ג',"מעדנות בע""מ",IL,בצק שמרים למאפים,גרמים,900.00,100 גרם,false,1,25.90,2.88,true,1,
7290013121028,false,לחם לבן ללא גלוטן 500 גר קפוא,דולפין ספא,IL,לחם לבן ללא גלוטן,גרמים,500.00,100 גרם,false,1,17.90,3.58,true,1,
7290013121035,false,לחם פשתן ללא גלוטן 500 גר קפוא,דולפין ספא,IL,לחם פשתן ללא גלוטן,גרמים,500.00,100 גרם,false,1,20.90,4.18,true,1,
7290013121103,false,רביעיית שליש בגט ללא גלוטן 400 גר,דולפין ספא,IL,רביעיית שליש בגט,גרמים,400.00,100 גרם,false,1,20.90,5.23,true,1,
7290013121134,false,בייגל ללא גלוטן 430 גר קפוא,דולפין ספא,IL,בייגל ללא גלוטן,גרמים,430.00,100 גרם,false,1,20.80,4.84,true,1,
7290013142450,false,אלטמן - כורכום C3 קפליות 60 יח',,,כורכום C3 ׁ(60) כשר,Unknown,0.00,Unknown,false,1,124.90,124.90,true,1,
7290013142894,false,אלטמן - מגנזיום UP כמוסות 60 יח',,,מגנזיום UP אלטמן (60,Unknown,0.00,Unknown,false,1,69.90,69.90,true,1,
7290013144171,false,תערובת עוגת שוקולד מימונס 560 ג',מיוצר עי קונדיטוריית,IL,תערובת עוגת שוקולד 5,גרמים,560.00,100 גרם,false,1,18.90,3.38,true,1,
7290013144195,false,תערובת כדורי שוקולד מימונס 500 ג',מיוצר עי קונדיטוריית,IL,תערובת כדורי שוקולד,גרמים,500.00,100 גרם,false,1,18.90,3.78,true,1,
7290013144201,false,תערובת פנקייק מימונס 400 ג',מיוצר עי קונדיטוריית,IL,תערובת פנקייק 400 גר,גרמים,400.00,100 גרם,false,1,16.90,4.23,true,1,
7290013144218,false,תערובת עוגת וניל מימונס 560 ג',מיוצר עי קונדיטוריית,IL,תערובת עוגת וניל 560,גרמים,560.00,100 גרם,false,1,18.90,3.38,true,1,
7290013144232,false,פודינג בטעם וניל מימונס 80 ג',מיוצר עי קונדיטוריית,IL,פודינג וניל 85 גר,גרמים,85.00,100 גרם,false,1,6.20,7.29,true,1,
7290013144270,false,קרם פטיסייר מימונס 100 ג',מיוצר עי קונדיטוריית,IL,קרם פטיסייר 100 גר,גרמים,100.00,100 גרם,false,1,11.50,11.50,true,1,
7290013144287,false,ג'לי בטעם תות מימונס 85 ג',א.ל ייצור ושיווק תבל,IL,גלי תות 85 גר,גרמים,85.00,100 גרם,false,1,6.90,8.12,true,1,
7290013144393,false,"תמצית בטעם וניל מימונס 50 מ""ל",מיוצר עי קונדיטוריית,IL,"תמצית וניל 50 מ""ל",מיליליטרים,50.00,"100 מ""ל",false,1,4.80,9.60,true,1,
7290013144409,false,"תמצית בטעם רום מימונס 50 מ""ל",מיוצר עי קונדיטוריית,IL,"תמצית רום 50 מ""ל",מיליליטרים,50.00,"100 מ""ל",false,1,4.80,9.60,true,1,
7290013144515,false,צבע מאכל צהוב מימונס 50 ג',מיוצר עי קונדיטוריית,IL,"צבע מאכל צהוב 50 מ""ל",מיליליטרים,50.00,"100 מ""ל",false,1,4.90,9.80,true,1,
7290013144522,false,צבע מאכל ירוק מימונס 50 ג',מיוצר עי קונדיטוריית,IL,"צבע מאכל ירוק 50 מ""ל",מיליליטרים,50.00,"100 מ""ל",false,1,4.90,9.80,true,1,
7290013144539,false,צבע מאכל אדום מימונס 50 ג',מיוצר עי קונדיטוריית,IL,"צבע מאכל אדום 50 מ""ל",מיליליטרים,50.00,"100 מ""ל",false,1,4.90,9.80,true,1,
7290013144560,false,צבע מאכל כחול מימונס 50 ג',מיוצר עי קונדיטוריית,IL,"צבע מאכל כחול 50 מ""ל",מיליליטרים,50.00,"100 מ""ל",false,1,4.90,9.80,true,1,
7290013144751,false,סירופ בטעם מייפל מימונס 500 ג',,,סירופ בטעם מייפל 500,גרמים,500.00,100 גרם,false,1,14.90,2.98,true,1,
7290013145062,false,"סירופ מייפל אמיתי 100% מימונס 187 מ""ל",,,סירופ מייפל אמיתי 10,מיליליטרים,187.00,"100 מ""ל",false,1,31.50,16.84,true,1,
7290013145079,false,שקד טבעי גרוס מימונס 100 ג',,,שקד טבעי גרוס 100 גר,גרמים,100.00,100 גרם,false,1,14.90,14.90,true,1,
7290013145123,false,שקד מולבן פרוס מימונס 100 ג',,,שקד מולבן פרוס 100 ג,גרמים,100.00,100 גרם,false,1,14.90,14.90,true,1,
7290013145161,false,פקאן מסוכר מימונס 100 ג',,,פקאן מסוכר 100 גר,גרמים,100.00,100 גרם,false,1,20.60,20.60,true,1,
7290013145178,false,קוקוס טחון לבן מימונס 100 ג',,IL,קוקוס טחון לבן 100 ג,גרמים,100.00,100 גרם,false,1,5.50,5.50,true,1,
7290013145192,false,שומשום מימונס 100 ג',,,שומשום 100 גר,גרמים,100.00,100 גרם,false,1,5.90,5.90,true,1,
7290013145215,false,שומשום מימונס 400 ג',מיוצר עי קונדיטוריית,IL,שומשום 400 גר,גרמים,400.00,100 גרם,false,1,16.90,4.23,true,1,
7290013145390,false,שוקולד ציפס מימונס 250 ג',אינטרגטה תעשיות מזון,IL,שוקולד ציפס 250 גר,גרמים,250.00,100 גרם,false,1,9.90,3.96,true,1,
7290013145406,false,שוקולד ציפס לבן מימונס 250 ג',אינטרגטה תעשיות מזון,IL,שוקולד ציפס לבן 250,גרמים,250.00,100 גרם,false,1,9.90,3.96,true,1,
7290013145437,false,שוקולד מריר מעולה ציפס מימונס 250 ג',הנסיך- מפעל לייצור ט,IL,שוקולד ציפס 48% 250,גרמים,250.00,100 גרם,false,1,15.50,6.20,true,1,
7290013145444,false,שוקולד מריר מעולה ציפס 66% מימונס 250 ג',המאפיה של הרמן,IL,שוקולד ציפס 66% 250,גרמים,250.00,100 גרם,false,1,16.90,6.76,true,1,
7290013145451,false,אבקת קקאו מימונס 150 ג',מיוצר עי קונדיטוריית,IL,קקאו 150 גר,גרמים,150.00,100 גרם,false,1,10.40,6.93,true,1,
7290013145628,false,סוכריות צבעוניות לקישוט מימונס 200 ג',א.ל ייצור ושיווק תבל,IL,סוכריות צבעוניות 200,גרמים,200.00,100 גרם,false,1,9.90,4.95,true,1,
7290013145710,false,דובדבנים מסוכרים מימונס 100 ג',מיוצר עי קונדיטוריית,IL,דובדבנים מסוכרים 100,גרמים,100.00,100 גרם,false,1,9.90,9.90,true,1,
7290013145796,false,"רביעיית צבעי מאכל גל 4*25 מ""ל",,IL,רביעיית צבעי מאכל גל,מיליליטרים,100.00,"100 מ""ל",false,1,49.90,49.90,true,1,
7290013145840,false,סוכר וניל מימונס 10* 10 ג',מיוצר עי קונדיטוריית,IL,סוכר וניל 10 יח בצלו,Unknown,0.00,Unknown,false,1,2.70,2.70,true,1,
7290013145857,false,מימונס אבקת אפיה 10* 10ג',י. כהן בעמ,IL,אבקת אפיה 10 יח בצלו,Unknown,0.00,Unknown,false,1,2.70,2.70,true,1,
7290013145871,false,שמרים יבשים סטיק מימונס 5*11 ג',ANGEL YEAST CO.LIMIT,IL,שמרים יבשים 11 גר*5,גרמים,55.00,100 גרם,false,1,10.30,18.73,true,1,
7290013145901,false,סודה לשתיה מימונס 100 ג',,,סודה לשתיה 100 גר,גרמים,100.00,100 גרם,false,1,2.00,2.00,true,1,
7290013145918,false,אבקת סוכר 100 ג' מימונס,א.ל. ייצור ושיווק תב,IL,אבקת סוכר 100 גר,גרמים,100.00,100 גרם,false,1,2.20,2.20,true,1,
7290013145949,false,אבקת סוכר אריזת פטנט 250 גר,מיוצר עי קונדיטוריית,IL,אבקת סוכר אריזת פטנט,גרמים,250.00,100 גרם,false,1,17.50,7.00,true,1,
7290013145956,false,שמרים יבשים בוואקום מימונס 500 ג',הנסיך- מפעל לייצור ט,CN,שמרים יבשים בואקום 5,גרמים,500.00,100 גרם,false,1,14.90,2.98,true,1,
7290013145963,false,שמרים יבשים בוואקום מימונוס 125 ג',,,שמרים יבשים בואקום 1,גרמים,125.00,100 גרם,false,1,6.20,4.96,true,1,
7290013145970,false,קורנפלור מימונס בשקית 200 ג',א.ל ייצור ושיווק תבל,IL,קורנפלור 200 גרם,גרמים,200.00,100 גרם,false,1,3.90,1.95,true,1,
7290013146014,false,מימונס מלית אוכמניות 70% פרי 400 גר,קרלו,IL,מימונס מלית אוכמניות,גרמים,400.00,100 גרם,false,1,16.90,4.23,true,1,
7290013146045,false,םמימונס מלית תות שדה 400 גר,,,םמימונס מלית תות שדה,גרמים,400.00,100 גרם,false,1,16.90,4.23,true,1,
7290013146274,false,מארז תחתיות מרנג 8 יחידות 100 גרם,סטולורגן - פארק תעשי,IE,מארז תחתיות מרנג 8 י,גרמים,100.00,100 גרם,false,1,19.90,19.90,true,1,
7290013146663,false,סוכריות קונפטי לקישוט מימונס 55 ג',"מימונס אפיה בע""מ",IL,אטריות צבעוניות לקיש,גרמים,55.00,100 גרם,false,1,11.90,21.64,true,1,
7290013146670,false,סוכריות לב סגול ורוד לבן לקישוט 60 גרם,"מימונס אפיה בע""מ",IL,סוכריות לב סגול ורוד,גרמים,60.00,100 גרם,false,1,11.90,19.83,true,1,
7290013146724,false,אבקת אייס קפה 350 גרם מימונס,,,אייס קפה מימונס 350,גרמים,350.00,100 גרם,false,1,17.90,5.11,true,1,
7290013146755,false,מימונס קצפת 24% 500 גרם,,IL,מימונס קצפת 24% 500,גרמים,500.00,100 גרם,false,1,13.90,2.78,true,1,
7290013153395,false,פריגת סחוט טרי רימונים 1ליטר,,,פריגת סחוט רימונים 1,מיליליטרים,1000.00,"100 מ""ל",false,1,26.90,2.69,true,1,
7290013153586,false,"משקה פירות יער קפוא פריגת 340 מ""ל",היינץ צפון אמריקה מק,IL,משקה פירות יער קפוא,מיליליטרים,340.00,"100 מ""ל",false,1,16.70,4.91,true,1,
7290013153593,false,מיץ תפוזים מתקתק 1 ליטר,"גת גבעת חיים,",IL,מיץ תפוזים מתקתק 1 ל,מיליליטרים,1000.00,"100 מ""ל",false,1,16.90,1.69,true,1,
7290013176004,false,יוגורט עיזים 500 טבע,,,יוגורט עיזים 500 טבע,מיליליטרים,500.00,"100 מ""ל",false,1,17.60,3.52,true,1,
7290013176028,false,יוגורט עיזים תות,,,יוגורט עיזים תות,מיליליטרים,500.00,"100 מ""ל",false,1,17.60,3.52,true,1,
7290013176035,false,יוגורט עיזים תמר בנ,,,יוגורט עיזים תמר בנ,מיליליטרים,500.00,"100 מ""ל",false,1,17.60,3.52,true,1,
7290013187154,false,מזרע קרפלך טלה מתכון סבתא 600 גר,,,קרפלך כבש מתכון סבתא,גרמים,600.00,100 גרם,false,1,30.50,5.08,true,1,
7290013187215,false,מנות פילה סלמון נורבגי 800 גר,,NO,פילה סלמון נורבגי,גרמים,800.00,100 גרם,false,1,86.90,10.86,true,1,
7290013187772,false,אפונה ירוקה עדינה טבעפרוסט 800 גר,,,אפונה ירוקה עדינה טב,גרמים,800.00,100 גרם,false,1,18.90,2.36,true,1,
7290013187789,false,אפונה ירוקה טבעפרוסט 800 גר,,,אפונה ירוקה טבעפרוסט,גרמים,800.00,100 גרם,false,1,15.60,1.95,true,1,
7290013187796,false,שעועית ירוקה שלמה טבעפרוסט 800 גר,,,שעועית ירוקה שלמה טב,גרמים,800.00,100 גרם,false,1,15.90,1.99,true,1,
7290013187802,false,שעועית ירוקה עדינה טבעפרוסט 800 גר,,,שעועית ירוקה עדינה ט,גרמים,800.00,100 גרם,false,1,15.90,1.99,true,1,
7290013187819,false,שעועית ירוקה חתוכה טבעפרוסט 800 גר,,,שעועית ירוקה חתוכה ט,גרמים,800.00,100 גרם,false,1,15.90,1.99,true,1,
7290013187826,false,כרוב ניצנים טבעפרוסט 800 גר,,,כרוב ניצנים טבעפרוסט,גרמים,800.00,100 גרם,false,1,15.90,1.99,true,1,
7290013187840,false,גזר גמדי טבעפרוסט 800 גר,,,גזר גמדי טבעפרוסט 80,גרמים,800.00,100 גרם,false,1,15.90,1.99,true,1,
7290013187864,false,נקניקיות שפיקצקי 600 גרם,,,נקניקיות שפיקצקי,גרמים,600.00,100 גרם,false,1,42.90,7.15,true,1,
7290013187871,false,סרוולט אוסטרי 170 גר,,,סרוולט אוסטרי 170 גר,גרמים,170.00,100 גרם,false,1,34.90,20.53,true,1,
7290013187949,false,סרוולט איטלקי 170 גר,,,סרוולט איטלקי 170 גר,גרמים,170.00,100 גרם,false,1,23.90,14.06,true,1,
7290013215017,false,פטריות שמפניון זוגות,מרינה,IL,פיטריות דואט,Unknown,0.00,Unknown,false,1,19.90,19.90,true,1,
7290013267665,false,מאגדת מיני סולרו פירות טרופי 6 יח' 354 ג',"מיוצר ע""י גלידת שטרא",IL,מאגדת סולרו פירות,גרמים,354.00,100 גרם,false,1,28.50,8.05,true,1,
7290013268020,false,סנו - מקסימה מרכך כביסה מרוכז אולטרה פרש 1 ליטר,"סנו מפעלי ברונוס בע""",IL,מרכך כביסה מקסימה סו,מיליליטרים,1000.00,"100 מ""ל",false,1,17.90,1.79,true,1,
7290013268037,false,סנו מקסימה מרכך כביסה פצ''ולי מרוכז סגול 1 ל',,,מרכך כביסה מקסימה סו,מיליליטרים,1000.00,"100 מ""ל",false,1,17.90,1.79,true,1,
7290013268839,false,פוליווקס פרקט בניחוח מלון 2 ליטר,,,פוליווקס פרקט,ליטרים,0.00,ליטר,false,1,23.90,23.90,true,1,
7290013268891,false,אוקסיג'ן ג'ל מסיר כתמים 3 ל' סנו,"סנו מפעלי ברונוס בע""",IL,סנו אוקסיגן גל מסיר,ליטרים,0.00,ליטר,false,1,33.90,33.90,true,1,
7290013268907,false,ג'ל כביסה ביו בטמפרטורות נמוכות,"סנו מפעלי ברונוס בע""",IL,סנו מקסימה גל לכביסה,ליטרים,0.00,ליטר,false,1,29.60,29.60,true,1,
7290013268990,false,סנו - מקסימה מרכך כביסה מרוכז ביו 1 ליטר,"סנו מפעלי ברונוס בע""",IL,מרכך כביסה מקסימה בי,מיליליטרים,1000.00,"100 מ""ל",false,1,17.90,1.79,true,1,
7290013269003,false,סנו - מקסימה מרכך כביסה מרוכז בייבי 1 ליטר,"סנו מפעלי ברונוס בע""",IL,מרכך כביסה מקסימה,מיליליטרים,1000.00,"100 מ""ל",false,1,17.90,1.79,true,1,
7290013269263,false,סנו מקסימה גל כביסה 3 ל מרוכז קריסטל נוא,סנו מפעלי ברונוס בעמ,IL,סנו מקסימה גל כביסה,ליטרים,0.00,ליטר,false,1,29.60,29.60,true,1,
7290013269287,false,סנו - מקסימה ג'ל כביסה מרוכז מאסק 3 ליטר,"סנו מפעלי ברונוס בע""",IL,סנו מקסימה גל לכביסה,ליטרים,0.00,ליטר,false,1,29.60,29.60,true,1,
7290013269300,false,סנו סושי ניילון נצמד ללא PVC,"מיוצר בהונג קונג, סי",IL,סנו סושי ניילון נצמד,Unknown,0.00,Unknown,false,1,25.90,25.90,true,1,
7290013269638,false,ספוג הפלא אקסטרה סנו סושי 6 יח,,,ספוג הפלא אקסטרה סנו,Unknown,0.00,Unknown,false,1,12.90,12.90,true,1,
7290013269751,false,מטליות לחותריצפז פרש לניקוי ריצפה בניחות מלון בוטיק 10 יח' סנו,טרופיקל דגיל תעשיות,IL,מט.לחות לרצפה סנו רי,Unknown,0.00,Unknown,false,1,10.90,10.90,true,1,
7290013269850,false,סנו - סושי נייר אפייה אקולוגי 50 יח',מולינו ניקולי s.p.a,IL,סנו סושי נייר אפיה א,Unknown,0.00,Unknown,false,1,15.90,15.90,true,1,
7290013269867,false,"סנו סושי זוג מפות שולחן 120*180 ס""מ",מיוצר עי קונדיטוריית,IL,סנו סושי זוג מפות שו,Unknown,0.00,Unknown,false,1,10.90,10.90,true,1,
7290013276131,false,"בירה נגב פורטר אלון 330 מ""ל",,,בירה נגב פורטר אלון,מיליליטרים,330.00,"100 מ""ל",false,1,15.90,4.82,true,1,
7290013284310,false,רוטב פסטה לילדים 240 גרם פריניר,פריניר ( הדס 1987) ב,IL,רוטב פסטה לילדים 240,גרמים,240.00,100 גרם,false,1,5.80,2.42,true,1,
7290013310392,false,כפפות ניטריל L כחולות ללא אבקה 80 יח' EASY TOUCH,,,כפפות ניטרל L כחולות,יחידה,1.00,יחידה,false,1,26.90,26.90,true,1,
7290013329141,false,"שמן קוקוס 500 מ""ל",,,"שמן קוקוס 500 מ""ל",מיליליטרים,500.00,"100 מ""ל",false,1,31.90,6.38,true,1,
7290013329417,false,"סוכר דמררה 1 ק""ג - כרם",,,"סוכר דמררה 1 ק""ג - כ",קילוגרמים,0.00,"ק""ג",false,1,10.30,10.30,true,1,
7290013329653,false,"סוכר קנים אורגני 1 ק""ג כרם",,,סוכר קנים אורגני 1 ק,גרמים,1000.00,100 גרם,false,1,9.90,0.99,true,1,
7290013329721,false,"תמר מגהול אורגני כרם - 1 ק""ג",,,תמר מגהול אורגני כרם,קילוגרמים,0.00,"ק""ג",false,1,29.90,29.90,true,1,
7290013329738,false,"תמר מגהול 1 ק""ג",,,"תמר מגהול 1 ק""ג",קילוגרמים,0.00,"ק""ג",false,1,24.90,24.90,true,1,
7290013329875,false,פריכיות אורז עם מלח כרם 160 גרם,,,פריכיות אורז עם מלח,Unknown,0.00,Unknown,false,1,12.00,12.00,true,1,
7290013329882,false,פריכיות אורז 160 גר ללא מלח - כרם,,,פריכיות אורז 160 גר,גרמים,160.00,100 גרם,false,1,10.40,6.50,true,1,
7290013358356,false,מאסטר שף - פירורי לחם מוזהבים 320 גרם,מנה י.א בעמ,IL,מאסטר שף פירורי לחם,גרמים,320.00,100 גרם,false,1,7.80,2.44,true,1,
7290013358363,false,פירורי לחם פנקו מזוהבים מאסטר שף מנה 300 ג',קריניציה ויטמינה אס,IL,פירורי לחם פנקו 300,גרמים,300.00,100 גרם,false,1,9.80,3.27,true,1,
7290013358370,false,פירורי לחם פנקו מוזהבים שום 300 גרם מנה,"מיוצר ע""י מנה י.א בע",IL,פירורי לחם פנקו מוזה,גרמים,300.00,100 גרם,false,1,9.80,3.27,true,1,
7290013358417,false,מנה אסייאתי רוטב טריאקי 300 מל מאסטר שף,קריניציה ויטמינה אס,TH,מנה אסייאתי רוטב טרי,מיליליטרים,300.00,"100 מ""ל",false,1,12.90,4.30,true,1,
7290013358448,false,מנה קרוטונים לסלט 4 דגנים 200 גרם,,,מנה קרוטונים לסלט 4,גרמים,200.00,100 גרם,false,1,15.60,7.80,true,1,
7290013358462,false,מנה קרוטונים למרק שום בצל פטרוזיליה 350ג,"עינת תעשיות מזון, אג",IL,מנה קרוטונים למרק שו,גרמים,350.00,100 גרם,false,1,15.90,4.54,true,1,
7290013358516,false,מאסטר שף מיקסלט עם חמוציות 200 גרם,המאפיה של הרמן,IL,מאסטר שף מיקסלט עם ח,גרמים,200.00,100 גרם,false,1,17.70,8.85,true,1,
7290013358523,false,מאסטר שף שבבי בצל מטוגן 150 גרם,קריניציה ויטמינה אס,NL,מאסטר שף שבבי בצל מט,גרמים,150.00,100 גרם,false,1,14.50,9.67,true,1,
7290013358530,false,מאסטר שף אסייאתי רוטב צ'ילי מתוק 700 מל,קריניציה ויטמינה אס,TH,רוטב צילי מתוק מנה א,מיליליטרים,700.00,"100 מ""ל",false,1,11.90,1.70,true,1,
7290013358547,false,מאסטר שף אסייאתי רוטב צ'ילי חריף 700 מל,מסוונג רונרוג בעמ,TH,רוטב צילי חריף 700,מיליליטרים,700.00,"100 מ""ל",false,1,11.90,1.70,true,1,
7290013358578,false,מנה אסייאתי אטריות אורז רחבות 400 ג מ.שף,ליינג טונג רייס פלוו,TH,מנה אסייאתי אטריות א,גרמים,400.00,100 גרם,false,1,9.90,2.48,true,1,
7290013358585,false,מנה אסייאתי נודלס ביצים להקפצה 400 מ.שף,הנסיך- מפעל לייצור ט,CN,מנה אסייאתי נודלס בי,גרמים,400.00,100 גרם,false,1,9.90,2.48,true,1,
7290013366108,false,אספרגוס,חקלאי,IL,אספרגוס,Unknown,0.00,Unknown,false,1,29.90,29.90,true,1,
7290013366634,false,עלי חסה סלנובה,כרמל יבולים,IL,חסה ראשים 200 גר,גרמים,200.00,100 גרם,false,1,14.90,7.45,true,1,
7290013366658,false,חסה סנלובה 200 גר,כרמל יבולים,IL,חסה סנלובה 200 גר,גרמים,200.00,100 גרם,false,1,14.90,7.45,true,1,
7290013381088,false,עמבה הודית נאמן 500 גר',,IL,עמבה הודית 500 גרם,גרמים,500.00,100 גרם,false,1,9.90,1.98,true,1,
7290013381699,false,קקאו טופ מותגים 500 גרם,,,קקאו טופ מותגים 500,גרמים,500.00,100 גרם,false,1,26.50,5.30,true,1,
7290013381989,false,סרדינים בשמן צמחי עם פלפל חריף 125 גרם,,,סרדינים בשמן צמחי עם,גרמים,125.00,100 גרם,false,1,6.10,4.88,true,1,
7290013389084,false,"טורטיה ספרדי קמח תירס 25 ס""מ 325 גרם",,,טורטיה ספרדי קמח תיר,גרמים,325.00,100 גרם,false,1,11.30,3.48,true,1,
7290013430083,false,"בירה אלכסנדר בלונד בקבוק 330 מ""ל",מנדלז סי.אר. פרודקשן,IL,בירה אלכסנדר בלונד 3,מיליליטרים,330.00,"100 מ""ל",false,1,13.90,4.21,true,1,
7290013440648,false,מאגדת שלגוני אבטיח נסטלה 108X5ג',גלידות נסטלה (נגה גל,IL,מאגדרת אבטיח 5 יח,גרמים,540.00,100 גרם,false,1,28.50,5.28,true,1,
7290013453068,false,עוגיות כוסמין ופירות יער ללא ת.ס 240 גר,האי נאם סי או אל.טי.,IL,עוגיות כוסמין ופירות,גרמים,240.00,100 גרם,false,1,27.50,11.46,true,1,
7290013453082,false,עוגיות כוסמין ושוקולד ציפס 230 גר,,,עוגיות כוסמין ושוקול,גרמים,230.00,100 גרם,false,1,27.50,11.96,true,1,
7290013453105,false,עוגיות מקמח מלא 230 גר,,,עוגיות לתה מקמח מלא,גרמים,230.00,100 גרם,false,1,19.90,8.65,true,1,
7290013453150,false,עוגיות כוסמין קוקוס,האי נאם סי או אל.טי.,IL,עוגיות כוסמין קוקוס,גרמים,230.00,100 גרם,false,1,25.90,11.26,true,1,
7290013453624,false,עוגיות שוקולדצ`יפס מקמח שקדים 230 גרם,,,עוגיות שוקולדצ`יפס מ,גרמים,230.00,100 גרם,false,1,29.50,12.83,true,1,
7290013453631,false,עוגיות חמאת בוטנים ושוקולד 200 גרם,האי נאם סי או אל.טי.,IL,עוגיות חמאת בוטנים ו,גרמים,200.00,100 גרם,false,1,29.50,14.75,true,1,
7290013453648,false,עוגיות פירות יער מקמח שקדים 230 גרם,,,עוגיות פירות יער,גרמים,230.00,100 גרם,false,1,29.50,12.83,true,1,
7290013453655,false,עוגיות קוקוס לוז מקמח שקדים 230 גרם,האי נאם סי או אל.טי.,IL,עוגיות קוקוס לוז מקמ,גרמים,230.00,100 גרם,false,1,29.50,12.83,true,1,
7290013456281,false,"ערק מאלכי קלאסי 700 מ""ל",,,ערק מאלכי קלאסי 700,מיליליטרים,700.00,"100 מ""ל",false,1,59.90,8.56,true,1,
7290013464156,false,ויטמין די 400 יבש,,,ויטמין די 400 יבש,Unknown,0.00,Unknown,false,1,47.90,47.90,true,1,
7290013465061,false,ויטמין B12 2000 120,,,ויטמין B12 2000 120,Unknown,0.00,Unknown,false,1,62.90,62.90,true,1,
7290013465184,false,"סופהרב - אצת ספירולינה 600 מ""ג 60 כמוסות בד""ץ",,,ספירולינה 600 מג,Unknown,0.00,Unknown,false,1,53.90,53.90,true,1,
7290013492005,false,אמא אדמה תפוח אדמה למיקרו 700 גר',מרינה,IL,תפוחוני אדמה למיקרו,גרמים,700.00,100 גרם,false,1,9.90,1.41,true,1,
7290013493019,false,בירה בזלת פילזנר 330 מל,מברשת הגולן א.ח.ר 20,IL,בירה בזלת פילזנר 330,מיליליטרים,330.00,"100 מ""ל",false,1,12.90,3.91,true,1,
7290013493033,false,בירה בזלת חיטה 330 מל,מברשת הגולן א.ח.ר 20,IL,בירה בזלת חיטה 330 מ,מיליליטרים,330.00,"100 מ""ל",false,1,15.50,4.70,true,1,
7290013493057,false,בירה בזלת דאבל בוק 330 מל,מברשת הגולן א.ח.ר 20,IL,בירה בזלת דאבל בוק 3,מיליליטרים,330.00,"100 מ""ל",false,1,16.90,5.12,true,1,
7290013521392,false,רסק תפוחים אורגני 360 גר,מחנדל,NL,רסק תפוחים אורגני 36,גרמים,360.00,100 גרם,false,1,14.90,4.14,true,1,
7290013521842,false,ציפס תפוח אדמה אפוי 65 גרם,"סיבי, נובי פריס",SK,ציפס תפוח אדמה אפוי,גרמים,65.00,100 גרם,false,1,11.90,18.31,true,1,
7290013525253,false,שמיר טחינה מיוחדת 16,,,טחינה מיוחדת 160 גרם,גרמים,160.00,100 גרם,false,1,5.50,3.44,true,1,
7290013525260,false,שמיר חציל במיונז 160,,,חציל במיונז 160 גרם,גרמים,160.00,100 גרם,false,1,5.50,3.44,true,1,
7290013525710,false,חומוס עם טחינה 160 גרם,,,חומוס עם טחינה 160 ג,גרמים,160.00,100 גרם,false,1,5.50,3.44,true,1,
7290013525727,false,חומוס עם רוטב מסבחה 160 גרם,,,חומוס עם רוטב מסבחה,גרמים,160.00,100 גרם,false,1,5.50,3.44,true,1,
7290013525741,false,חומוס עם רוטב חריף 160 גרם,"סלטי שמיר 2006 בע""מ",,חומוס עם רוטב חריף,גרמים,160.00,100 גרם,false,1,5.50,3.44,true,1,
7290013531117,false,רוטב פסטה לילדים 240 גרם יכין,"זנלכל בע""מ",IL,רוטב לפסטה קידס 260,מיליליטרים,260.00,"100 מ""ל",false,1,6.50,2.50,true,1,
7290013531490,false,פול מתובל יכין 560 גרם,,,פול מתובל יכין 560 ג,גרמים,560.00,100 גרם,false,1,9.90,1.77,true,1,
7290013531759,false,שעועית אפויה במים 550 ג' יכין,"זנלכל בע""מ",IL,שעועית לבנה במים 550,גרמים,550.00,100 גרם,false,1,9.90,1.80,true,1,
7290013542014,false,סכינים ארוז 100 יח' דנטס,,TR,סכינים לבנים 100 יח,Unknown,1.00,Unknown,false,1,10.90,10.90,true,1,
7290013542144,false,כוסות קרטון 4OZ אר50 יח',,CN,כוס נייר 4OZ לאספרס,Unknown,1.00,Unknown,false,1,6.50,6.50,true,1,
7290013542342,false,נייר אפיה ביתי 50 י,,FR,נייר אפיה ביתי 50 י,Unknown,1.00,Unknown,false,1,8.30,8.30,true,1,
7290013542526,false,כוס נייר 8BOZ אר 50 יח',,CN,כוס נייר 50 יח לשתיה,Unknown,0.00,Unknown,false,1,10.90,10.90,true,1,
7290013542533,false,כוס נייר גדולה לשתיה,,CN,כוס נייר גדולה לשתיה,Unknown,1.00,Unknown,false,1,23.90,23.90,true,1,
7290013542571,false,תבניות אלומיניום 764,,CN,תבניות אלומיניום 764,Unknown,1.00,Unknown,false,1,9.50,9.50,true,1,
7290013571106,false,ולריאן 60 כמוסות,,,ולריאן 60 כמוסות,Unknown,0.00,Unknown,false,1,69.90,69.90,true,1,
7290013571441,false,מיד לייף באלאנס 60 כמוסות,,,מיד לייף באלאנס 60,Unknown,0.00,Unknown,false,1,126.90,126.90,true,1,
7290013579232,false,אוכמניות כחולות קפואות בלדי 250 גרם,,IL,אוכמניות כחולות Shak,גרמים,250.00,100 גרם,false,1,10.90,4.36,true,1,
7290013579492,false,"פיטאיה קפואה SHAKE IT בג""ץ, 250 גרם",,IL,פיטאיה קפואה Shake I,גרמים,250.00,100 גרם,false,1,10.90,4.36,true,1,
7290013579553,false,אלוורה קפואה Shake It 250 גרם,,IL,אלוורה קפואה Shake I,גרמים,250.00,100 גרם,false,1,10.90,4.36,true,1,
7290013580009,false,המבורגר זהב 400 ג' 12 יח',,,המבורגר זהב 400 גרם,גרמים,400.00,100 גרם,false,1,20.90,5.23,true,1,
7290013585233,false,"ספרייט ZERO פחית סליק 330 מ""ל",קוקה קולה,IL,ספרייט ZERO פחית סלי,מיליליטרים,330.00,"100 מ""ל",false,1,5.40,1.64,true,1,
7290013585257,false,"ספרייט ZERO בקבוק 500 מ""ל",החברה המרכזית לייצור,IL,ספרייט ZERO בקבוק 50,מיליליטרים,500.00,"100 מ""ל",false,1,7.50,1.50,true,1,
7290013585394,false,קוקה קולה 1 ליטר,החברה המרכזית לייצור,IL,קוקה קולה 1 ליטר,מיליליטרים,1000.00,"100 מ""ל",false,1,7.20,0.72,true,1,
7290013585455,false,"ויינשטפן פסטביר בק 330 מ""ל",,,ויינשטפן פסטביר בק 3,מיליליטרים,330.00,"100 מ""ל",false,1,14.50,4.39,true,1,
7290013608260,false,פרימור מיץ רימונים 100% סחוט טרי 1ל',גניר,IL,מיץ רימונים 100% סחו,מיליליטרים,1000.00,"100 מ""ל",false,1,24.10,2.41,true,1,
7290013621009,false,אומגה 3 נוזל זוג 480 מל,,,אומגה 3 נוזל זוג 480,Unknown,0.00,Unknown,false,1,269.90,269.90,true,1,
7290013650153,false,"תמצית וניל טהורה 50 מ""ל",Global Gourmet Produ,US,תמצית וניל טהורה 50,מיליליטרים,1.00,"100 מ""ל",false,1,62.90,6290.00,true,1,
7290013675545,false,שניצל כלי תחבורה מאמא עוף 700 ג',,,שניצל כלי תחבורה 700,גרמים,700.00,100 גרם,false,1,36.90,5.27,true,1,
7290013713001,false,"בירה גמס אמבר איל 330 מ""ל","אביר הבר בע""מ",IL,בירה גמס אמבר איל,מיליליטרים,330.00,"100 מ""ל",false,1,12.90,3.91,true,1,
7290013713025,false,"בירה ג'מס פילס בקבוק 330 מ""ל","אביר הבר בע""מ",IL,"בירה פילס 330 מ""ל ג",מיליליטרים,330.00,"100 מ""ל",false,1,12.90,3.91,true,1,
7290013713032,false,"בירה ג'מס חיטה בקבוק 330 מ""ל","אביר הבר בע""מ",IL,בירה בירה גמס חיטה,מיליליטרים,330.00,"100 מ""ל",false,1,12.90,3.91,true,1,
7290013713094,false,"בירה ג'מס בקבוק 330 מ""ל",,,בירה I.P.A גמס 330,מיליליטרים,330.00,"100 מ""ל",false,1,12.90,3.91,true,1,
7290013720436,false,קרפלך בטעם ביתי קפוא 600 גר,,,קרפלך בטעם ביתי קפוא,גרמים,600.00,100 גרם,false,1,20.90,3.48,true,1,
7290013720498,false,פיין שרימפס מבושל 750 גר M,,,פיין שרימפס מבושל,גרמים,750.00,100 גרם,false,1,66.90,8.92,true,1,
7290013720818,false,קלמרי 1 קג קפוא,,,קלמרי 1 קג קפוא,קילוגרמים,0.00,"ק""ג",false,1,89.90,89.90,true,1,
7290013720924,false,ממרח פטה אווז 140 גר,,,ממרח פטה אווז 140 גר,גרמים,140.00,100 גרם,false,1,14.90,10.64,true,1,
7290013724946,false,שקדים בשוקולד מריר 140 גר שקדיה,דין שיווק,IL,שקדים בשוקולד מריר 1,גרמים,140.00,100 גרם,false,1,11.90,8.50,true,1,
7290013724960,false,שקדים בשוקולד חלב 140 גר שקדיה,,,שקדים בשוקולד חלב 14,גרמים,140.00,100 גרם,false,1,11.90,8.50,true,1,
7290013724991,false,אגוזי לוז בשוקולד חלב 140 גר שקדיה,דין שיווק,IL,אגוזי לוז בשוקולד חל,גרמים,140.00,100 גרם,false,1,11.90,8.50,true,1,
7290013746542,false,רולדת כוסמין בממרח אגוזי לוז ל.סוכר 300,,,רולדת כוסמין בממרח א,גרמים,300.00,100 גרם,false,1,32.90,10.97,true,1,
7290013746597,false,300 עוגיות מעמול תמר,,,300 עוגיות מעמול תמר,גרמים,300.00,100 גרם,false,1,33.90,11.30,true,1,
7290013746757,false,קרנאץ שוקולד מכוסמין,,,קרנאץ שוקולד מכוסמין,גרמים,200.00,100 גרם,false,1,26.90,13.45,true,1,
7290013746788,false,מקלוני כוסמין עם עגבניה ואורגנו 200 גרם,פרוטרופיק סיה.,IL,מקלוני כוסמין עם עגב,גרמים,200.00,100 גרם,false,1,22.90,11.45,true,1,
7290013746795,false,מקלוני כוסמין עם קצח וציה 200 גרם,פרוטרופיק סיה.,IL,מקלוני כוסמין עם קצח,גרמים,200.00,100 גרם,false,1,22.90,11.45,true,1,
7290013746993,false,קרקר כוסמין עם חמניות ותרד 200 גרם,,,קרקר כוסמין עם חמניו,גרמים,200.00,100 גרם,false,1,26.90,13.45,true,1,
7290013750839,false,לוח חיתוך אנטי 25*15,,,לוח חיתוך אנטי 25*15,Unknown,0.00,Unknown,false,1,31.50,31.50,true,1,
7290013755094,false,"יין יין לבן גוורצטרמינר בן דוד 750 מ""ל",,,יין יין לבן גוורצטרמ,Unknown,0.00,Unknown,false,1,67.90,67.90,true,1,
7290013756220,false,טיפות לשינה ביודרים (50) מל בדצ,,,טיפות לשינה ביודרים,Unknown,0.00,Unknown,false,1,59.90,59.90,true,1,
7290013771131,false,לאבנה עיזים 5% 250 גר,מיוצר עי קונדיטוריית,IL,לאבנה עיזים 5% 250,גרמים,250.00,100 גרם,false,1,17.90,7.16,true,1,
7290013771216,false,פטאקי 16% 250 גר,מיוצר עי קונדיטוריית,IL,פטאקי 16% 250 גר,גרמים,250.00,100 גרם,false,1,14.90,5.96,true,1,
7290013771384,false,יוגורט יווני אותנטי,מיוצר עי קונדיטוריית,IL,יוגורט יווני 400 גר,גרמים,400.00,100 גרם,false,1,10.90,2.73,true,1,
7290013787392,false,רביולי גבינות קלאסי פסטה ריקו 330 גרם,יוניליוור גרמניה Gm,IL,רביולי גבינות 330 גר,גרמים,330.00,100 גרם,false,1,28.90,8.76,true,1,
7290013787415,false,רביולי ריקוטה תרד פסטה ריקו 330 גרם,יוניליוור גרמניה Gm,IL,רביולי ריקוטה תרד 33,גרמים,330.00,100 גרם,false,1,25.90,7.85,true,1,
7290013847454,false,טונה סטארקיסט שמן קנולה רביעיות 4*160 גר,,,טונה סטארקיסט שמן קנ,גרמים,640.00,100 גרם,false,1,24.90,3.89,true,1,
7290013847553,false,סטארקיסט טונה רביעייה דלת נתרן מים 4*160,"סטארקיסט פודור בע""מ",TH,סטארקיסט טונה 4*160,גרמים,640.00,100 גרם,false,1,24.90,3.89,true,1,
7290013847812,false,טונה ילופין בשמן זית כתית מעולה 140 גרם,,,טונה ילופין בשמן זית,גרמים,140.00,100 גרם,false,1,11.00,7.86,true,1,
7290013847867,false,מארז זוג טונה בשמן סויה 140 ג' סטארקיסט,טונה ויטנאם קו. אל.ט,IL,טונה סטארקיסט בשמן ס,גרמים,280.00,100 גרם,false,1,13.50,4.82,true,1,
7290013848017,false,"סנו נירוסטה מתז 500 מ""ל","סנו מפעלי ברונוס בע""",IL,סנו נירוסטה מתז,מיליליטרים,500.00,"100 מ""ל",false,1,19.40,3.88,true,1,
7290013848345,false,מארז מטליות לחות לחיטוי שלישיה 3 * 50 יח' סנו,סנו מפעלי ברונוס בעמ,IL,שלישיית מטליות לחות,Unknown,0.00,Unknown,false,1,19.90,19.90,true,1,
7290013848581,false,סנו סושי מגבות נייר בגליל ענק,,IL,סנו סושי מגבות נייר,Unknown,0.00,Unknown,false,1,12.90,12.90,true,1,
7290013848758,false,סנו - מקסימה ג'ל כביסה מרוכז בייבי 3 ליטר,"סנו מפעלי ברונוס בע""",IL,סנו מקסימה גל כביסה,ליטרים,0.00,ליטר,false,1,34.90,34.90,true,1,
7290013861054,false,צימוקים בשוקולד חלב 140 גר שקדיה,,,צימוקים בשוקולד חלב,גרמים,140.00,100 גרם,false,1,11.90,8.50,true,1,
7290013861429,false,המתוקים של ששון שומשום 250 גרם,קריניציה ויטמינה אס,IL,המתוקים של ששון שומש,גרמים,250.00,100 גרם,false,1,12.60,5.04,true,1,
7290013903044,false,רסק תפוחי עץ אורגני 452 גרם,,,רסק תפוחי עץ אורגני,גרמים,452.00,100 גרם,false,1,16.90,3.74,true,1,
7290013903266,false,תערובת פירות יער אורגני מוקפא 300 גר,פריגו,RS,תערובת פירות יער אור,גרמים,300.00,100 גרם,false,1,24.90,8.30,true,1,
7290013903310,false,טופו אורגני 2 יח 500 גר,,IL,טופו אורגני 2 יח 500,גרמים,500.00,100 גרם,false,1,18.90,3.78,true,1,
7290013903327,false,טופו טבעי 2 יח 500 גר,אין תעשיות,IL,טופו טבעי 2 יח 500 ג,גרמים,500.00,100 גרם,false,1,14.90,2.98,true,1,
7290013903389,false,שעועית ירוקה קפואה אורגני 500 גרם,קינגסור,CN,שעועית ירוקה קפואה א,גרמים,500.00,100 גרם,false,1,14.90,2.98,true,1,
7290013903594,false,רסק תפוחים טבעי 670 גרם ליב,טעמי הגליל בעמ,IL,רסק תפוחים טבעי 670,גרמים,670.00,100 גרם,false,1,12.50,1.87,true,1,
7290013906052,false,נקניקיות פרגיות טירת צבי 300 גר',הנסיך- מפעל לייצור ט,IL,נקניקיות פרגיות,גרמים,300.00,100 גרם,false,1,12.90,4.30,true,1,
7290013906212,false,"נקנקיות וינר טירת 1 ק""ג טירת צבי",הנסיך- מפעל לייצור ט,IL,טירת צבי נקניקיות וי,קילוגרמים,0.00,"ק""ג",false,1,24.90,24.90,true,1,
7290013906458,false,קבנוס בטעם פיקנטי טירת צבי 120 גר,הנסיך- מפעל לייצור ט,IL,קבנוס בטעם פיקנטי טי,גרמים,120.00,100 גרם,false,1,11.90,9.92,true,1,
7290013906496,false,פסטרמה עגל בסגנון רומני טירת צבי 120 גר,הנסיך- מפעל לייצור ט,IL,פסטרמה עגל בסגנון רו,גרמים,120.00,100 גרם,false,1,18.80,15.67,true,1,
7290013906519,false,פרושוטו בקר דליקטיב 100 גרם,הנסיך- מפעל לייצור ט,IL,פרושוטו בקר טירת צבי,גרמים,100.00,100 גרם,false,1,34.50,34.50,true,1,
7290014002135,false,תה ויסוצקי ירוק מיקס 5 טעמים 25 יח',HIQ FOOD PRODUCTS,IL,תה ירוק ויסוצקי מיקס,Unknown,0.00,Unknown,false,1,24.90,24.90,true,1,
7290014002203,false,תה ויסוצקי חליטת לימונית ולואיזה 20יח',HIQ FOOD PRODUCTS,IL,חליטת קמומיל ולואיזה,Unknown,0.00,Unknown,false,1,18.90,18.90,true,1,
7290014002944,false,גן קסום חליטת פירות וצמחים חמדת שקד 25 שקיקים,HIQ FOOD PRODUCTS,IL,גן קסום חליטת םירות,Unknown,0.00,Unknown,false,1,18.90,18.90,true,1,
7290014002982,false,תה ירוק לימונית לואיזה בתוספת עלי סטיביה 25 שקיקים,HIQ FOOD PRODUCTS,IL,תה ירוק לימונית ולוא,Unknown,0.00,Unknown,false,1,24.90,24.90,true,1,
7290014010055,false,פלסטר פלוס אקווה,,,פלסטר פלוס אקווה,Unknown,0.00,Unknown,false,1,19.90,19.90,true,1,
7290014056008,false,"בירה שפירא פייל אייל 330 מ""ל",שפירא,IL,בירה שפירא פייל אייל,מיליליטרים,330.00,"100 מ""ל",false,1,15.90,4.82,true,1,
7290014056053,false,"בירה שפירא אי פי אי 330 מ""ל",שפירא,IL,בירה שפירא אי פי אי,מיליליטרים,330.00,"100 מ""ל",false,1,15.90,4.82,true,1,
7290014059085,false,"משחת שיניים סנסודיין 75 מ""ל פרימיום לשיקום והגנה",DE MICLEN,,משחת שיניים סנסודיין,Unknown,0.00,Unknown,false,1,28.50,28.50,true,1,
7290014066359,false,לנדוור-קפסולות אספרסו בלנסד(06) - 10יח'12X יח,האחים פלם הגפן,IL,לנדוור קפסולות אספרס,Unknown,0.00,Unknown,false,1,17.70,17.70,true,1,
7290014066366,false,לנדוור-קפסולות אספרסו ריסטרטו(08) - 10יח'12X יח,לנדוור,IL,לנדוור קפסולות אספרס,Unknown,0.00,Unknown,false,1,17.70,17.70,true,1,
7290014066373,false,לנדוור-קפסולות אספרסו קלאסיק(09) - 10יח'12X יח,לנדוור,IL,לנדוור קפסולות אספרס,Unknown,0.00,Unknown,false,1,17.70,17.70,true,1,
7290014066380,false,לנדוור-קפסולות אספרסו סופרימו(10) - 10יח'12X יח,לנדוור,IL,לנדוור קפסולות אספרס,Unknown,0.00,Unknown,false,1,17.70,17.70,true,1,
7290014066526,false,לנדוור-קפסולות אספרסו תערובת הבית(11) - 10יח'12X יח,לנדוור,IL,לנדוור קפסולות אספרס,Unknown,0.00,Unknown,false,1,17.70,17.70,true,1,
7290014066533,false,לנדוור-קפסולות אספרסו קלייה כפולה(12) - 10יח'12X יח,לנדוור,IL,לנדוור קפסולות אספרס,Unknown,0.00,Unknown,false,1,17.70,17.70,true,1,
7290014079014,false,לבבות קיסר בנספק,"מרינה פטריות הגליל בע""מ",IL,לבבות קיסר,Unknown,0.00,Unknown,false,1,11.90,11.90,true,1,
7290014079236,false,פטריות פורטובלה מיני סלסלה,חקלאי,IL,פטריות פורטבלו,Unknown,0.00,Unknown,false,1,14.90,14.90,true,1,
7290014094338,false,דלעת מקולפת 250 קופסא,"דין שיווק וקליה בע""מ",,דלעת מקולפת 250 גר,גרמים,250.00,100 גרם,false,1,22.90,9.16,true,1,
7290014094345,false,ששון הקולה גרעיני חמ,"דין שיווק וקליה בע""מ",,חמניה מקולפת 300 גר,גרמים,300.00,100 גרם,false,1,11.80,3.93,true,1,
7290014094352,false,אגוזי מלך בקופסא 200 ג',"דין שיווק וקליה בע""מ",,אגוזי מלך 200 גר,גרמים,200.00,100 גרם,false,1,14.90,7.45,true,1,
7290014094369,false,שקד טבעי 200 גר קופסא ששון הקולה,"דין שיווק וקליה בע""מ",,שקד טבעי 200 גר קופ,גרמים,200.00,100 גרם,false,1,22.90,11.45,true,1,
7290014094376,false,שזיפים ללא גלעין 330 גר,"דין שיווק וקליה בע""מ",,שזיפים ללא גלעין 330,גרמים,330.00,100 גרם,false,1,23.90,7.24,true,1,
7290014094406,false,צימוק לבן 250 גרם ששון הקולה,"דין שיווק וקליה בע""מ",,צימוק לבן 330 גר,גרמים,330.00,100 גרם,false,1,18.80,5.70,true,1,
7290014094505,false,אורז בסמתי טהור אהרוני 1 ק''ג,האי נאם סי או אל.טי.,IL,"אורז בסמטי טהור 1 ק""",גרמים,1000.00,100 גרם,false,1,9.90,0.99,true,1,
7290014094529,false,"רוטב סויה 300 מ""ל אהרוני",,,"רוטב סויה 300 מ""ל אה",מיליליטרים,300.00,"100 מ""ל",false,1,11.50,3.83,true,1,
7290014094543,false,"תרסיס שמן קנולה שקדיה 186 מ""ל",,TR,תרסיס שמן קנולה 170,מיליליטרים,170.00,"100 מ""ל",false,1,11.90,7.00,true,1,
7290014094642,false,קשיו טבעי גדול 250 גר,"דין שיווק וקליה בע""מ",,קשיו טבעי גדול 250 ג,גרמים,250.00,100 גרם,false,1,29.50,11.80,true,1,
7290014094840,false,צימוק כהה 300 גרם ששון הקולה,"דין שיווק וקליה בע""מ",,צימוק כהה 300 גרם שש,גרמים,300.00,100 גרם,false,1,11.90,3.97,true,1,
7290014094864,false,פיסטוק קלוי 170 גר עם קליפה ששון הקולה,דין שיווק,IL,פיסטוק קלוי 170 גר,גרמים,170.00,100 גרם,false,1,18.90,11.12,true,1,
7290014094895,false,אגוזים מלך קלופים 150 גרם ששון הקולה,,,אגוזים מלך קלופים 15,גרמים,150.00,100 גרם,false,1,11.90,7.93,true,1,
7290014094901,false,פקאן טבעי 150 גרם ששון הקולה,דין שיווק,IL,פקאן טבעי 150 גרם שש,גרמים,150.00,100 גרם,false,1,22.90,15.27,true,1,
7290014095861,false,שיבולת שועל דקה 500 גרם קוואקר,"דין שיווק וקליה בע""מ",,שיבולת שועל דקה 500,גרמים,500.00,100 גרם,false,1,6.90,1.38,true,1,
7290014095960,false,שיבולת שועל עבה 500 גרם קוואקר,"דין שיווק וקליה בע""מ",,שיבולת שועל עבה 500,גרמים,500.00,100 גרם,false,1,6.90,1.38,true,1,
7290014218536,false,בצק עלים מרודד מופחת שומן מעדנות 1 קג,"מעדנות בע""מ",IL,בצק עלים מרודד מופחת,גרמים,1000.00,100 גרם,false,1,22.90,2.29,true,1,
7290014218932,false,חטיפי פיצה בתוספת זיתים 710 ג' מעדנות,מיוצר עי קונדיטוריית,IL,חטיפי פיצה זיתים,גרמים,710.00,100 גרם,false,1,33.90,4.77,true,1,
7290014233317,false,‏ג‏‏ל‏ ‏אלוורה‏ ‏ואובליפחה‏ ‏200‏ מל,,,‏ג‏‏ל‏ ‏אלוורה‏ ‏ואו,Unknown,0.00,Unknown,false,1,29.90,29.90,true,1,
7290014318090,false,מיני ניוקי ללא גלוטן 500 גרם,,,מיני ניוקי ללא גלוטן,גרמים,500.00,100 גרם,false,1,21.50,4.30,true,1,
7290014318595,false,טחינה אתיופית לבנה 380 גרם,,,טחינה אתיופית לבנה 3,גרמים,380.00,100 גרם,false,1,19.90,5.24,true,1,
7290014318878,false,"מיץ תפוח וגינגר אורגני 750 מ""ל",,IT,מיץ תפוח וגינגר אורג,מיליליטרים,750.00,"100 מ""ל",false,1,20.90,2.79,true,1,
7290014397200,false,מברשת שיניים אורביטול שלישייה,,,מברשת שיניים אורביטו,Unknown,0.00,Unknown,false,1,12.50,12.50,true,1,
7290014397279,false,סנו סושי שקיות מזון XL 300 יח,הורביץ סחר,CN,סנו סושי שקיות מזון,Unknown,0.00,Unknown,false,1,12.90,12.90,true,1,
7290014397286,false,מרכך כביסה מקסימה מרוכז חלב ודבש 1 ל' סנו,,,מרכך כביסה מקסימה,מיליליטרים,1000.00,"100 מ""ל",false,1,17.90,1.79,true,1,
7290014397675,false,סנו מקסימה מרכך כביסה חלב ודבש 4 ליטר,,,סנו מקסימה מרכך כביס,ליטרים,0.00,ליטר,false,1,19.90,19.90,true,1,
7290014397781,false,ריצפז סנן פרש הום סבון מפנק 2 ליטר,,,סנו ריצפז פרש הום סב,ליטרים,0.00,ליטר,false,1,19.90,19.90,true,1,
7290014435704,false,סלמון מעושן 100גר' שמיר,"סלטי שמיר 2006 בע""מ",,סלמון מעושן 100 גר,גרמים,100.00,100 גרם,false,1,24.90,24.90,true,1,
7290014435803,false,מטיאס הולנדי עם בצל בשמן 200 גר,"סלטי שמיר 2006 בע""מ",IL,מטיאס הולנדי עם בצל,גרמים,200.00,100 גרם,false,1,19.80,9.90,true,1,
7290014435810,false,הרינג כבוש ובצל במרינת חמוץ מתוק שמיר 180 ג',"סלטי שמיר 2006 בע""מ",IL,הרינג כבוש עם בצל חמ,גרמים,220.00,100 גרם,false,1,19.80,9.00,true,1,
7290014435827,false,פילה מקרל מעושן בשמן ויטהול 180 גר,"סלטי שמיר 2006 בע""מ",,פילה מקרל מעושן בשמן,גרמים,180.00,100 גרם,false,1,26.50,14.72,true,1,
7290014435834,false,מקרל מעושן פרוס בשמן 180 גר',"סלטי שמיר 2006 בע""מ",,מקרל מעושן פרוס בשמן,גרמים,190.00,100 גרם,false,1,26.50,13.95,true,1,
7290014435841,false,פילה מטיאס הולנדי בשמן שמיר 180ג',,IL,פילה מטיאס הולנדי בש,גרמים,200.00,100 גרם,false,1,19.80,9.90,true,1,
7290014435872,false,סלט הרינג ומיונז שמיר 250ג',"סלטי שמיר 2006 בע""מ",,סלט הרינג עם מיונז 2,גרמים,200.00,100 גרם,false,1,19.80,9.90,true,1,
7290014435889,false,סלט מטיאס עם מיונז 180 גר',"סלטי שמיר 2006 בע""מ",,סלט מטיאס עם מיונז 2,גרמים,200.00,100 גרם,false,1,19.80,9.90,true,1,
7290014435896,false,סלט סלומון עם מיונז 180 גר',"סלטי שמיר 2006 בע""מ",IL,סלט סלמון עם מיונז 2,גרמים,200.00,100 גרם,false,1,24.90,12.45,true,1,
7290014437494,false,פרו פירות סכין צהובה משוננת,,,סכין משוננת 10 סמ צה,Unknown,0.00,Unknown,false,1,12.90,12.90,true,1,
7290014437517,false,פרו פירות סכין ירוקה משוננת,,,סכין משוננת 10 סמ יר,Unknown,0.00,Unknown,false,1,12.90,12.90,true,1,
7290014440081,false,"יין מדבר אדום דרומי 750 מ""ל",,,יין מדבר אדום דרומי,Unknown,0.00,Unknown,false,1,72.90,72.90,true,1,
7290014440463,false,"יין מדבר שרדונה סדרה 22 750 מ""ל",,IL,יין מדבר שרדונה סדר,מיליליטרים,750.00,"100 מ""ל",false,1,51.90,6.92,true,1,
7290014440470,false,"יין מדבר סוביניון בלאן סדרה 22 750 מ""ל",,IL,יין מדבר סוביניון בל,מיליליטרים,750.00,"100 מ""ל",false,1,51.90,6.92,true,1,
7290014440487,false,"יקב מדבר סדרה 22 סוביניון 750 מ""ל",,IL,יקב מדבר סדרה 22 סוב,מיליליטרים,750.00,"100 מ""ל",false,1,51.90,6.92,true,1,
7290014440548,false,"יקב מדבר סדרה 22 קברנה פרנק 750 מ""ל",,IL,יקב מדבר סדרה 22 קבר,מיליליטרים,750.00,"100 מ""ל",false,1,51.90,6.92,true,1,
7290014440807,false,"יין מדבר קברנה סוביניון סדרה 22 750 מ""ל",,IL,יין מדבר קברנה סובינ,מיליליטרים,750.00,"100 מ""ל",false,1,51.90,6.92,true,1,
7290014440883,false,"יין מדבר קברנה סוביניון 2017 750 מ""ל",,,יין מדבר קברנה סובינ,Unknown,0.00,Unknown,false,1,72.90,72.90,true,1,
7290014440890,false,"יין מדבר קברנה מרלו 750 מ""ל",,,יין מדבר קברנה מרלו,Unknown,0.00,Unknown,false,1,72.90,72.90,true,1,
7290014451230,false,נייר אפייה טבעי 30 דפים GF,גרין פלאש,IL,נייר אפייה טבעי 30 ד,Unknown,0.00,Unknown,false,1,16.90,16.90,true,1,
7290014451247,false,מטליות מבד במבוק 92 דפים GF,גרין-פלאש,IL,מטליות מבד במבוק 92,Unknown,0.00,Unknown,false,1,19.90,19.90,true,1,
7290014455245,false,גבינה גרנה פדנו משולש גד 200 גר',מחלבת סוציאלה מנטובה,IT,גרנה פדנו משולש 200,גרמים,200.00,100 גרם,false,1,26.00,13.00,true,1,
7290014455252,false,גבינת גרנה פדנו מגורד 100 ג' גד,מחלבות גד,IT,גבינה גרנה פדנו,גרמים,100.00,100 גרם,false,1,12.70,12.70,true,1,
7290014455320,false,גבינה כדורי מוצרלה פרסקה גד 100ג',מחלבות גד בעמ,IL,כדור מוצרלה פרסקה 10,גרמים,100.00,100 גרם,false,1,10.40,10.40,true,1,
7290014455467,false,ירח מתוק מעדן חלב 2% ושיבולת שועל גד 150ג',מחלבות גד,IL,מעדן שיבולת שועל וחל,גרמים,150.00,100 גרם,false,1,6.10,4.07,true,1,
7290014455627,false,יוגורט עיזים דובדבן אמרנה 125 גר,מיוצר עי קוד יצרן MK,IL,יוגורט עיזים דובדבן,גרמים,125.00,100 גרם,false,1,6.10,4.88,true,1,
7290014459137,false,"צ'יפס תפוגן סטייק 1.5 ק""ג","תעשיות תפוגן בע""מ",IL,תפוגן סטייק ציפס 1.5,קילוגרמים,0.00,"ק""ג",false,1,24.90,24.90,true,1,
7290014466609,false,יין מרלו גמלא 2020 750 מל,יקב רמת הגולן,IL,יין מרלו גמלא 2020 7,Unknown,0.00,Unknown,false,1,58.90,58.90,true,1,
7290014471443,false,"גרנולה צימוקים אגוז שקד 1 ק""ג כתום שקדיה",,,גרנולה צימוקים אגוז,גרמים,1000.00,100 גרם,false,1,21.90,2.19,true,1,
7290014472136,false,גרעין שחור קלוי ששון הקולה 150 ג',דין שיווק,IL,גרעין שחור קלוי 150,גרמים,150.00,100 גרם,false,1,4.80,3.20,true,1,
7290014472228,false,תאנים בקופסא 330 גר,"דין שיווק וקליה בע""מ",,תאנים 330 גר,גרמים,330.00,100 גרם,false,1,24.90,7.55,true,1,
7290014472235,false,פקאן סיני מסוכר בקופ,שקרצי,,פקאן סיני מסוכר 200,גרמים,200.00,100 גרם,false,1,29.50,14.75,true,1,
7290014472471,false,גרעינים שחור ענק 200גר' פרימיום,דין שיווק,IL,גרעיני חמניה קלויים,גרמים,200.00,100 גרם,false,1,6.90,3.45,true,1,
7290014472488,false,שקד קלוי ענק 250 גרם פרימיום ששון הקולה,דין שיווק,IL,שקד קלוי ענק 250 גרם,גרמים,250.00,100 גרם,false,1,23.90,9.56,true,1,
7290014472495,false,קשיו קלוי ענק 250 גר פרימיום ששון הקולה,דין שיווק,IL,קשיו קלוי ענק 250 גר,גרמים,250.00,100 גרם,false,1,21.90,8.76,true,1,
7290014472501,false,פיסטוק קלוי ענק 250 ג פרימיום ששון הקולה,דין שיווק,IL,פיסטוק קלוי ענק 250,גרמים,250.00,100 גרם,false,1,23.90,9.56,true,1,
7290014472518,false,בוטן קלוי ענק 250 גר פרימיום ששון הקולה,דין שיווק,IL,בוטן קלוי ענק 250 גר,גרמים,250.00,100 גרם,false,1,11.90,4.76,true,1,
7290014472525,false,תערובת מובחרת 250 גר פרימיום ששון הקולה,דין שיווק,IL,תערובת מובחרת 250 גר,גרמים,250.00,100 גרם,false,1,23.90,9.56,true,1,
7290014472990,false,ממרח 100% שקדים שקדיה 300 ג',,,ממרח 100% שקדים 300,גרמים,300.00,100 גרם,false,1,36.90,12.30,true,1,
7290014503328,false,"יין עלמה סקארלט 750 מ""ל דלתון",,,יין עלמה סקארלט 750,Unknown,0.00,Unknown,false,1,83.90,83.90,true,1,
7290014525016,false,חטיף בריאות יוגורט במילוי תות שדה 182 גר,,,חטיף בריאות יוגורט ב,גרמים,182.00,100 גרם,false,1,10.90,5.99,true,1,
7290014525306,false,חטיף מרבה סלים דליס קריספי אוכמניות 125,"ש. שסטוביץ בע""מ",NL,חטיף מרבה סלים דליס,גרמים,125.00,100 גרם,false,1,10.90,8.72,true,1,
7290014525313,false,חטיף מרבה סלים דליס קריספי שוקולד 125 ג,הלמה הלום בי. וי,NL,חטיף מרבה סלים דליס,גרמים,125.00,100 גרם,false,1,10.90,8.72,true,1,
7290014525665,false,מרבה על חלל עוגיות קקאו וסוכריות שוק חלב 140 יח',"מרבה בע""מ",NL,עוגיות קקאו וסוכריות,גרמים,140.00,100 גרם,false,1,10.90,7.79,true,1,
7290014525672,false,מרבה על חלל עוגיות עם סוכריות שוקולד 140 יח',"מרבה בע""מ",NL,עוגיות סוכריות ש.חלב,גרמים,140.00,100 גרם,false,1,10.90,7.79,true,1,
7290014547353,false,זוג מברשות סנסודיין דואל קר,,,זוג מברשות סנסודיין,Unknown,0.00,Unknown,false,1,24.90,24.90,true,1,
7290014587854,false,"שמפו קיק שיבולת שועל 450 מ""ל OS+",,,שמפו קיק שיבולת שועל,מיליליטרים,450.00,"100 מ""ל",false,1,35.90,7.98,true,1,
7290014587861,false,"מרכך קיק שיבולת שועל 450 מ""ל OS+",,,מרכך קיק שיבולת שועל,מיליליטרים,450.00,"100 מ""ל",false,1,35.90,7.98,true,1,
7290014603028,false,סולרו תות שדה יחידות 76 ג',"מיוצר ע""י גלידת שטרא",IL,סולרו תות יחידתי 76,גרמים,76.00,100 גרם,false,1,11.00,14.47,true,1,
7290014648364,false,פלסטרים פארמה איד 40 יח,,,פלסטרים PHARMA AID ב,יחידה,1.00,יחידה,false,1,7.90,7.90,true,1,
7290014648371,false,פלסטרים פארמה איד שקופים 40 יח,,,פלסטרים PHARMA AID ש,יחידה,1.00,יחידה,false,1,7.90,7.90,true,1,
7290014648906,false,מסיק לק לה בלה 100 מל,אקטיב,IL,מסיק לק לה בלה 100 מ,Unknown,0.00,Unknown,false,1,4.90,4.90,true,1,
7290014673007,false,תערובת עשבי תיבול ים תיכוני 40 גרם,א.ל ייצור ושיווק תבל,IL,תערובת עשבי תיבול ים,גרמים,40.00,100 גרם,false,1,11.90,29.75,true,1,
7290014673021,false,תבליני מימון פלפל שח,,,פלפל שחור שלם 100 גר,גרמים,100.00,100 גרם,false,1,15.50,15.50,true,1,
7290014673038,false,תערובת עשבי תיבול טוסקנה 120 גרם,א.ל ייצור ושיווק תבל,IL,תערובת עשבי תיבול טו,גרמים,120.00,100 גרם,false,1,11.90,9.92,true,1,
7290014673106,false,פפריקה אדומה גרוסה בשמן 400 גם,,IL,פפריקה אדומה גרוסה ב,גרמים,400.00,100 גרם,false,1,21.90,5.48,true,1,
7290014673410,false,פלפל שחור גרוס דק 250 גרם,,,פלפל שחור גרוס דק 25,גרמים,250.00,100 גרם,false,1,30.90,12.36,true,1,
7290014673618,false,תבלינים זנגביל בצנצנת 30 גרם,,,תבלינים זנגביל בצנצנ,Unknown,0.00,Unknown,false,1,11.80,11.80,true,1,
7290014686748,false,מלקחיים מיקי שמו סיליקון,,,מלקחיים 23 סמ סיליקו,Unknown,0.00,Unknown,false,1,34.90,34.90,true,1,
7290014692299,false,גבינת ברי 125 ג' קסטיאלו ויליפוד,"ארלה פודס אמבא,",DK,גבינת ברי 125 גר,גרמים,125.00,100 גרם,false,1,20.90,16.72,true,1,
7290014692305,false,גבינת קממבר 125ג' CASTELLO ויליפוד,הנסיך- מפעל לייצור ט,DK,גבינת קממבר 125 גר,גרמים,125.00,100 גרם,false,1,20.90,16.72,true,1,
7290014692749,false,"שמן זית כתית מעולה 750 מ""ל",,ES,שמן זית כתית מעולה 7,מיליליטרים,750.00,"100 מ""ל",false,1,34.50,4.60,true,1,
7290014692817,false,גבינת מוצרלה מגורדת 200 ג' EURO CHEESE ויליפוד,הנסיך- מפעל לייצור ט,IL,גבינת מוצרלה מגורדת,גרמים,200.00,100 גרם,false,1,14.60,7.30,true,1,
7290014718357,false,סט דבק נוצצים גדול ק,,,סט דבק נוצצים גדול ק,Unknown,0.00,Unknown,false,1,19.90,19.90,true,1,
7290014718500,false,מדבקות קבוצה 16 קידל,,,מדבקות קבוצה 16 קידל,Unknown,0.00,Unknown,false,1,10.90,10.90,true,1,
7290014718517,false,מדבקות קבוצה 17 קידל,,,מדבקות קבוצה 17 קידל,Unknown,0.00,Unknown,false,1,11.90,11.90,true,1,
7290014718753,false,מדבקות קבוצה 22,,,מדבקות קבוצה 22,Unknown,0.00,Unknown,false,1,9.90,9.90,true,1,
7290014718838,false,פסיפסים פיה ביער,,CN,פסיפסים פיה ביער,יחידה,1.00,יחידה,false,1,24.90,24.90,true,1,
7290014718845,false,מדבקות,,,מדבקות,יחידה,1.00,יחידה,false,1,14.90,14.90,true,1,
7290014718883,false,מדבקות,,,מדבקות,יחידה,1.00,יחידה,false,1,11.90,11.90,true,1,
7290014720008,false,נייטר נאט שמפו רגיל 400 מ`ל,,,נייטר נאט שמפו רגיל,Unknown,0.00,Unknown,false,1,33.90,33.90,true,1,
7290014720022,false,נייטר נאט מרכך 400 מ`ל,,,נייטר נאט מרכך 400 מ,Unknown,0.00,Unknown,false,1,33.90,33.90,true,1,
7290014720039,false,נייטר נאט קרם לחות לשיער 400 מ`ל,,,נייטר נאט קרם לחות ל,Unknown,0.00,Unknown,false,1,44.90,44.90,true,1,
7290014720046,false,נייטר נאט מסכה לשיער 250 מ`ל,,,נייטר נאט מסכה לשיער,Unknown,0.00,Unknown,false,1,44.90,44.90,true,1,
7290014723115,false,סכין משוננת 11 לבן פרו סנדוויץ,,,פרו סנדוויץ סכין מש,Unknown,0.00,Unknown,false,1,12.90,12.90,true,1,
7290014723139,false,סכין משוננת 11 ורוד פרו סנדוויץ,,,פרו סנדוויץ סכין משו,Unknown,0.00,Unknown,false,1,12.90,12.90,true,1,
7290014723573,false,מיקי שמו -מיני מלקחי,,,מיקי שמו -מיני מלקחי,Unknown,0.00,Unknown,false,1,12.90,12.90,true,1,
7290014723580,false,מיני מלקחיים תרווד מחורץ מיקי שמו,,,מיקי שמו- מיני מלקחי,Unknown,0.00,Unknown,false,1,12.90,12.90,true,1,
7290014725294,false,סוכרזית סוכרלוז סטיוויה 100 שקית,ביסקול בע''מ,IL,סוכרזית סוכרלוז 100,גרמים,100.00,100 גרם,false,1,29.50,29.50,true,1,
7290014749764,false,שניצל עוף ביתי עדין עוף טוב 700 גרם,מוצרי עוף טוב (2001),IL,עוף טוב שניצל עוף בי,גרמים,700.00,100 גרם,false,1,44.90,6.41,true,1,
7290014758100,false,מאגדת יוגורט ביו 3% שומן 8 יח' *150ג' תנובה,מיוצר עי קונדיטוריית,IL,שמיניית מאגדת BIO,גרמים,150.00,100 גרם,false,1,16.90,11.27,true,1,
7290014758117,false,מאגדת יוגורט ביו 1.5% שומן 8 יח' *150 ג' תנובה,מיוצר עי קונדיטוריית,IL,שמיניית יוגורט ביו,קילוגרמים,0.00,"ק""ג",false,1,17.20,17.20,true,1,
7290014758162,false,חלב עיזים מלא 3.6% קרטון 1 ל' תנובה,תנובה מרכז שיתופי לש,IL,חלב עיזים מלא 3.6% ש,מיליליטרים,1000.00,"100 מ""ל",false,1,15.90,1.59,true,1,
7290014758681,false,קוטג' תנובה 1% גביע 250 ג',מיוצר עי קונדיטוריית,IL,קוטג תנובה 1% 250 גר,גרמים,250.00,100 גרם,false,1,5.50,2.20,true,1,
7290014759084,false,גבינת שמנת 16% בטעם טבעי 225 ג' נפוליאון,הרדוף חלב,IL,נפוליאון מופחת שומן,גרמים,225.00,100 גרם,false,1,14.90,6.62,true,1,
7290014759534,false,גבינה בולגרית למריחה טבעי 5% 200 ג' פיראוס,"תנובה, מחלבת תל יוסף",IL,פיראוס בולגרית למריח,גרמים,200.00,100 גרם,false,1,17.50,8.75,true,1,
7290014759909,false,פטה עיזים 5% פיראוס גביע 250 גרם,"תנובה, מחלבת טנא נוג",IL,גבינה פטה עזים פיראו,גרמים,250.00,100 גרם,false,1,28.40,11.36,true,1,
7290014759978,false,"גבינת קצקבל פלח גלעד 27%, 200 ג'",תנובה,IL,קולאז קשקבל גלעד פלח,גרמים,200.00,100 גרם,false,1,27.90,13.95,true,1,
7290014759985,false,"גבינת פרמזן גבע 23% פלח, 200 ג'",תנובה,IL,קולאז פרמזן גבע פלח,גרמים,200.00,100 גרם,false,1,25.90,12.95,true,1,
7290014759992,false,גבינת רוקפור גליל פלח 140 ג' תנובה,"תנובה, מחלבת תל יוסף",IL,קולאז רוקפור גליל פל,גרמים,140.00,100 גרם,false,1,21.90,15.64,true,1,
7290014760134,false,מעדן סויה ביו בטעם ו,פ.פ.ח. שאביט,IL,מעדן סויה וניל,גרמים,125.00,100 גרם,false,1,4.90,3.92,true,1,
7290014760141,false,משקה שקדים טרי 1 ל' תנובה,,IL,משקה שקדים טרי 1 ליט,מיליליטרים,1000.00,"100 מ""ל",false,1,12.50,1.25,true,1,
7290014760448,false,מאגדת גלבוע 22% 400 גר,מחלבת בית יצחק,IL,גלבוע פרוס 22% 400 ג,גרמים,400.00,100 גרם,false,1,25.10,6.28,true,1,
7290014760912,false,פרוסות גבינה 28% שומן 400 ג' גוש חלב,,IL,מאגדת גוש חלב 28%,גרמים,400.00,100 גרם,false,1,26.00,6.50,true,1,
7290014761056,false,מעדן שוקולד חלב מעולה 123 ג' יולו,מיוצר עי קונדיטוריית,IL,יולו שוקולד חלב,גרמים,123.00,100 גרם,false,1,4.90,3.98,true,1,
7290014761063,false,מעדן שוקולד מריר מעולה 123 ג' יולו,מיוצר עי קונדיטוריית,IL,יולו שוקולד מריר,גרמים,123.00,100 גרם,false,1,4.90,3.98,true,1,
7290014761070,false,מעדן שוקולד לבן מעולה 123 ג' יולו,מיוצר עי קונדיטוריית,IL,YOLO שוקולד לבן מעול,גרמים,123.00,100 גרם,false,1,4.90,3.98,true,1,
7290014761414,false,יולו מעדן שכבות שוקולד חלב ולבן 123 גר,מיוצר עי קונדיטוריית,IL,יולו מעדן שכבות,גרמים,123.00,100 גרם,false,1,4.90,3.98,true,1,
7290014761612,false,YOLO מעדן שכבות שוקולד מריר ולבן מעולה,מיוצר עי קונדיטוריית,IL,YOLO מעדן שכבות שוקו,גרמים,123.00,100 גרם,false,1,4.90,3.98,true,1,
7290014762756,false,גבינת שמנת 16% עם בצל 225 ג' נפוליאון,הרדוף חלב,IL,נפוליאון 16%בטעם בצל,גרמים,225.00,100 גרם,false,1,14.90,6.62,true,1,
7290014762800,false,מעדן סויה שוקולד גביע 125 ג',תות תעשיות מזון (201,IL,מעדן סויה שוקולד 125,גרמים,125.00,100 גרם,false,1,4.90,3.92,true,1,
7290014762831,false,גבינת שמנת חלפיניו 24% שומן 225 ג' נפוליאון,הרדוף חלב,IL,גבינת שמנת נפוליאו 2,גרמים,225.00,100 גרם,false,1,14.90,6.62,true,1,
7290014762848,false,גבינה צהובה מגורדת 22% שומן 500 ג' פתיתי גלבוע,תנובה,IL,פתיתי גלבוע 22% 500,גרמים,500.00,100 גרם,false,1,38.90,7.78,true,1,
7290014762909,false,פתיתי מוצרלה 20% שומן 200 ג' השף הלבן,"תנובה, מחלבת תל יוסף",IL,פתיתי מוצרלה השף הלב,גרמים,220.00,100 גרם,false,1,16.90,7.68,true,1,
7290014763098,false,קרם גבינת שמנת 5% עם פלפל שום ובצל 200 ג' תנובה,תנובה,IL,קרם גבינה שמנת 5% טו,גרמים,200.00,100 גרם,false,1,12.90,6.45,true,1,
7290014763272,false,"יוגורט סויה לשתיה תות ובננה 250 מ""ל",תות תעשיות מזון (201,IL,משקה סויה ביו תות בנ,מיליליטרים,250.00,"100 מ""ל",false,1,6.40,2.56,true,1,
7290014789913,false,עוגיות אוראו עם מילוי קרם וניל 3 * 176 ג',,IL,מארז עוגיות אוראו עם,גרמים,528.00,100 גרם,false,1,21.90,4.15,true,1,
7290014791664,false,שישיה מי עדן אישי פקק רגיל 500 מל,מופק ממקור בזלתי עדן,IL,שישיה מי עדן אישי פק,ליטרים,0.00,ליטר,false,1,10.90,10.90,true,1,
7290014803237,false,ערמונים קלופים וקלויים 100 גרם,,,ערמונים קלופים וקלוי,גרמים,100.00,100 גרם,false,1,7.20,7.20,true,1,
7290014803565,false,צנימים עגולים עם חיטה מלאה 300 גרם,,,צנימים עגולים עם חיט,גרמים,300.00,100 גרם,false,1,12.90,4.30,true,1,
7290014855434,false,מגבונים בייביסיטר פרפורמנס מבושם רביעיה,די פי אל,,בייביסיטר מגבונים פר,Unknown,0.00,Unknown,false,1,16.90,16.90,true,1,
7290014860070,false,"מקלות אורז ללא גלוטן 5 מ""מ 454 גרם",Oriental food co. lt,TH,מקלות אורז ללא גלוטן,גרמים,454.00,100 גרם,false,1,11.40,2.51,true,1,
7290014860087,false,מקלוני אורז ללא גלוטן 5 ממ 250 גרם,,,מקלוני אורז ללא גלוט,גרמים,250.00,100 גרם,false,1,7.90,3.16,true,1,
7290014860100,false,"מקלות אורז ללא גלוטן 1 מ""מ 454 גרם",,,מקלות אורז ללא גלוטן,גרמים,454.00,100 גרם,false,1,11.40,2.51,true,1,
7290014860155,false,"מחצלת במבו שטוחה 24*24 ס""מ",,,מחצלת במבו שטוחה 24*,Unknown,0.00,Unknown,false,1,9.40,9.40,true,1,
7290014890152,false,שמנת זיתים 25% 225 גר,גבינות משק יעקבס,IL,שמנת זיתים 25% 225 ג,גרמים,225.00,100 גרם,false,1,11.40,5.07,true,1,
7290014890206,false,קרם פרש 250 גרם,גבינות משק יעקבס,IL,קרם פרש 250 גר,גרמים,250.00,100 גרם,false,1,15.50,6.20,true,1,
7290014890237,false,גבינת קממברט יעקבס 125 גרם,גבינות משק יעקבס,IL,גבינת קממבר יעקבס,גרמים,125.00,100 גרם,false,1,14.90,11.92,true,1,
7290014890589,false,"יוגורט יווני משק יעקבס 850 מ""ל",משק יעקבס,IL,יוגורט יווני משק יעק,מיליליטרים,850.00,"100 מ""ל",false,1,22.90,2.69,true,1,
7290014890602,false,קממבר בקר אגוזים משק יעקבס 125 גרם,משק יעקבס,IL,קממבר בקר אגוזים משק,גרמים,125.00,100 גרם,false,1,20.90,16.72,true,1,
7290014905368,false,מטליות עוד ועוד הפי,,,מטליות עוד ועוד הפי,Unknown,0.00,Unknown,false,1,10.80,10.80,true,1,
7290014905696,false,"נוזל כלים הפי מרוכז 24% לימון 750 מ""ל",פרח,IL,הפי נוזל כלים צהוב ל,מיליליטרים,750.00,"100 מ""ל",false,1,11.90,1.59,true,1,
7290014905733,false,"הפי פרפקט לניקוי שמשות 750 מ""ל",יוליניבר,IL,הפי נקה חלונות פרפקט,מיליליטרים,750.00,"100 מ""ל",false,1,11.40,1.52,true,1,
7290014910461,false,"ערק יודה 700 מ""ל כשל",,IL,"ערק יודה 700 מ""ל",מיליליטרים,700.00,"100 מ""ל",false,1,54.90,7.84,true,1,
7290014910515,false,שימורי שפרוטים מעושנים בשמן צמחי 250 גר,,,שימורי שפרוטים מעוש,גרמים,250.00,100 גרם,false,1,12.50,5.00,true,1,
7290014947047,false,פריכיות כוסמת עם מלח 175 גרם,זן בר המכללה לטבעונו,IL,פריכיות כוסמת עם מלח,גרמים,175.00,100 גרם,false,1,10.90,6.23,true,1,
7290014974562,false,גביעי גלידה רגיל טילון עלמה גילרו 24 יח',"א.ג גילרו בע""מ",IL,גביעי גלידה 24 יח 12,גרמים,120.00,100 גרם,false,1,7.90,6.58,true,1,
7290014981706,false,שווידן ביטר אלוקסר 2,,,שווידן ביטר אלוקסר 2,Unknown,0.00,Unknown,false,1,139.90,139.90,true,1,
7290014981744,false,פרומאס גיינר עוגיות,,,פרומאס גיינר עוגיות,גרמים,500.00,100 גרם,false,1,89.90,17.98,true,1,
7290015009119,false,עלי טורטייה מקמח תירס 360 גרם,לווליה,,עלי טורטייה מקמח תיר,גרמים,360.00,100 גרם,false,1,16.00,4.44,true,1,
7290015009126,false,עלי טורטייה מקמח מלא 420 גר 25 סמ,לווליה,,עלי טורטייה מקמח מלא,גרמים,420.00,100 גרם,false,1,16.00,3.81,true,1,
7290015009225,false,ריבת חלב מקורית דניא,קארו,,ריבת חלב 450 גרם ALF,גרמים,450.00,100 גרם,false,1,18.90,4.20,true,1,
7290015009232,false,רוטב סלסה בינוני צהוב 454 גרם,,,רוטב סלסה בינוני צהו,גרמים,454.00,100 גרם,false,1,20.90,4.60,true,1,
7290015009317,false,נאצ`וס תירס טבעי 200 גרם,אוקי סנייקס,DK,נאצ`וס תירס טבעי 200,גרמים,200.00,100 גרם,false,1,12.90,6.45,true,1,
7290015009331,false,חטיף נאצוס חריף סגול,מנדלז סי.אר. פרודקשן,DK,נאצ`וס חריף 200 גרם,גרמים,200.00,100 גרם,false,1,12.90,6.45,true,1,
7290015009386,false,"מיץ ליים משומר 946 מ""ל",,ES,מיץ ליים משומר 946 מ,מיליליטרים,946.00,"100 מ""ל",false,1,18.90,2.00,true,1,
7290015009393,false,זיתים שחורים מגולענים מזן קלמטה 430 גרם,אידיאל ס.א,GR,זיתים שחורים מגולעני,גרמים,430.00,100 גרם,false,1,16.90,3.93,true,1,
7290015009409,false,זיתים שחורים מזן טאסוס במלח 250 גרם,אדיאל ס.א,GR,זיתים שחורים מזן טאס,גרמים,250.00,100 גרם,false,1,19.40,7.76,true,1,
7290015009508,false,סירופ מייפל טהור 250 מל,דרק אמבר,US,סירופ מייפל טהור 250,מיליליטרים,250.00,"100 מ""ל",false,1,46.90,18.76,true,1,
7290015009553,false,"רוטב אקסטרא חריף פלפל 148 מ""ל",קאמוק,CR,רוטב אקסטרא חריף פלפ,מיליליטרים,148.00,"100 מ""ל",false,1,19.90,13.45,true,1,
7290015009607,false,"רוטב אקסטרא חריף פלפל נגה גלוקיה 148 מ""ל",קאמוק,CR,רוטב אקסטרא חריף פלפ,מיליליטרים,148.00,"100 מ""ל",false,1,19.90,13.45,true,1,
7290015009614,false,"רוטב אקסטרא חריף פלפל סקוטש בונט 148 מ""ל",קאמוק,CR,רוטב אקסטרא חריף פלפ,מיליליטרים,148.00,"100 מ""ל",false,1,19.90,13.45,true,1,
7290015009621,false,"רוטב סויה שומשום ודבש 355 מ""ל",קאמוק,CR,רוטב סויה שומשום ודב,מיליליטרים,355.00,"100 מ""ל",false,1,29.90,8.42,true,1,
7290015009638,false,"רוטב צילי מתוק ופסיפלורה 355 מ""ל",קאמוק,CR,רוטב צילי מתוק ופסיפ,מיליליטרים,355.00,"100 מ""ל",false,1,29.90,8.42,true,1,
7290015022989,false,סכין שף סנטוקו 15 סמ,,,סכין שף סנטוקו 15 סמ,Unknown,0.00,Unknown,false,1,64.90,64.90,true,1,
7290015054034,false,פאוארטק חלבון בננה 700 גרם,,,פאוארטק חלבון בננה 7,גרמים,700.00,100 גרם,false,1,149.90,21.41,true,1,
7290015054843,false,"פיור וואי פרימיום בננה 2.3 ק""ג",,,פיור וואי פרימיום בנ,קילוגרמים,0.00,"ק""ג",false,1,324.90,324.90,true,1,
7290015127288,false,בולגרית עיזים זעתר אורגנית 200 גר,,,בולגרית עיזים זעתר א,גרמים,200.00,100 גרם,false,1,39.90,19.95,true,1,
7290015129121,false,סקיני פסטה נודלס 270 גרם,הוויזאי וואנגייה פוד,CN,סקיני פסטה נודלס 270,גרמים,270.00,100 גרם,false,1,9.90,3.67,true,1,
7290015129145,false,סקיני פסטה ספגטי 270 גרם,הוויזאי וואנגייה פוד,CN,סקיני פסטה ספגטי 270,גרמים,270.00,100 גרם,false,1,9.90,3.67,true,1,
7290015129251,false,איטריות קונגאק ללא גלוטן 270 גרם skinny,אף.סי תבליני בגליל ב,CN,איטריות קונגאק ללא ג,גרמים,270.00,100 גרם,false,1,9.90,3.67,true,1,
7290015129268,false,סקיני פסטה פנה שיבולת שועל 200 גרם,,CN,סקיני פסטה פנה שיבול,גרמים,200.00,100 גרם,false,1,9.90,4.95,true,1,
7290015140003,false,משטח ייבוש כלים טבעי 38*51,,,משטח ייבוש כלים 38X5,Unknown,0.00,Unknown,false,1,31.90,31.90,true,1,
7290015140034,false,משטח ייבוש כלים אפור 38*51,,,משטח ייבוש כלים 38X5,Unknown,0.00,Unknown,false,1,31.90,31.90,true,1,
7290015140058,false,צמד משטחי יבוש ירוק,,,צמד משטחי ייבוש/הנחה,Unknown,0.00,Unknown,false,1,39.90,39.90,true,1,
7290015140188,false,סכין חלקה 10 ורוד פרו שארפ,,,סכין חלקה 10 סמ ורוד,Unknown,0.00,Unknown,false,1,12.90,12.90,true,1,
7290015141956,false,משטח מסננת לכיור,,,מולטי משטח מסננת לכי,Unknown,0.00,Unknown,false,1,24.90,24.90,true,1,
7290015150118,false,עגבניות חתוכות דק בלה איטליה 3*400 ג',אמיליאנה קונסרב ס.פ.,IT,עגבניות חתוכות דק בל,גרמים,1200.00,100 גרם,false,1,17.60,1.47,true,1,
7290015150590,false,תה ירוק גינגר חריף 25 שקיקים 1.5 גרם,HIQ FOOD PRODUCTS,IL,תה ירוק גינגר חריף 2,Unknown,0.00,Unknown,false,1,24.90,24.90,true,1,
7290015150729,false,תה ירקוק סקיני גריני 25 שקיקים,ויסוצקי,IL,תה ירקוק סקיני גריני,Unknown,0.00,Unknown,false,1,24.90,24.90,true,1,
7290015155021,false,פרמיו חטיף דנטלי לכלב ננסי 110גרם,,,פרמיו חטיף דנטלי לכל,גרמים,110.00,100 גרם,false,1,9.90,9.00,true,1,
7290015155823,false,מחית תפוח חטיפטף פרינוק 120 גר,פרוטה פודיווין איי.א,CZ,מחית תפוח חטיפטף פרי,גרמים,120.00,100 גרם,false,1,6.50,5.42,true,1,
7290015155847,false,מחית סלט פירות חטיפטף פרינוק 120 גר,פרוטה פודיווין איי.א,CZ,מחית סלט פירות חטיפט,גרמים,120.00,100 גרם,false,1,6.50,5.42,true,1,
7290015155892,false,חטיף אורז אפוי לתינוקות בננה חטיפטף 28גר,,,חטיף אורז אפוי לתינו,גרמים,28.00,100 גרם,false,1,9.90,35.36,true,1,
7290015156202,false,פרמיו דנטל קוקי 500,,,פרמיו דנטל קוקי 500,Unknown,0.00,Unknown,false,1,24.90,24.90,true,1,
7290015156455,false,עוגיות פרמיו 500 גרם,,,עוגיות פרמיו 500 גרם,גרמים,500.00,100 גרם,false,1,19.90,3.98,true,1,
7290015156776,false,מחית פרינוק פאוץ' פירות טרופיים 120 גרם,,,מחית פרינוק פירות,גרמים,120.00,100 גרם,false,1,6.50,5.42,true,1,
7290015156813,false,מחית פרינוק פאוץ' פירות מעורבים 120 גרם,,,מחית פרינוק פירות,גרמים,120.00,100 גרם,false,1,6.50,5.42,true,1,
7290015161367,false,אבקת מרק ירקות אורגני דל שומן 200 גרם,,DE,אבקת מרק ירקות אורגנ,גרמים,200.00,100 גרם,false,1,23.90,11.95,true,1,
7290015161541,false,קוואקר דק ללא גלוטן 400 גרם נוטרה זן,"ב.א מזון בע""מ",FI,קוואקר דק ללא גלוטן,גרמים,400.00,100 גרם,false,1,22.90,5.73,true,1,
7290015161572,false,"גרנולה ש""ש 28% אגוזים וגרעינים לל""ג 300",,IL,"גרנולה ש""ש 28% אגוזי",גרמים,300.00,100 גרם,false,1,23.90,7.97,true,1,
7290015161763,false,אבקת מרק ירקות אורגני ללא שמרים 200 גרם,,DE,אבקת מרק ירקות אורגנ,גרמים,200.00,100 גרם,false,1,23.90,11.95,true,1,
7290015161848,false,"פת פריכה אורגנית לל""ג כוסמת וקינואה 100",אקסטרודו בצ'יצה,CZ,"פת פריכה אורגנית לל""",גרמים,100.00,100 גרם,false,1,14.60,14.60,true,1,
7290015161862,false,פת פריכה אורגנית ללא גלוטן - ערמונים 100,אקסטרודו בצ'יצה,CZ,פת פריכה אורגנית ללא,גרמים,100.00,100 גרם,false,1,14.60,14.60,true,1,
7290015161893,false,"פת פריכה אורגנית PRO לל""ג זרעי דלעת 100",,CZ,פת פריכה אורגנית PRO,גרמים,100.00,100 גרם,false,1,16.90,16.90,true,1,
7290015164818,false,רוטב קארי צהובה 400 גרם SUREE כשר,,,רוטב קארי צהובה 400,מיליליטרים,400.00,"100 מ""ל",false,1,19.90,4.98,true,1,
7290015164832,false,מחית קארי ירוק 400 גרם SUREE כשר,,,מחית קארי ירוק 400 ג,מיליליטרים,400.00,"100 מ""ל",false,1,19.90,4.98,true,1,
7290015164856,false,רוטב קארי אדומה 400 גרם SUREE כשר,,,רוטב קארי אדומה 400,מיליליטרים,400.00,"100 מ""ל",false,1,19.90,4.98,true,1,
7290015178174,false,ממרח אוליביה - פסטו בטעם פרמז'ן 180 גרם,יוניליוור גרמניה Gm,IL,פסטו בטעם פרמזן אולי,גרמים,180.00,100 גרם,false,1,15.60,8.67,true,1,
7290015178181,false,ממרח אוליביה - ארטישוק ברוזמרין 180 גרם,יוניליוור גרמניה Gm,IL,ארטישוק ברוזמרין אול,גרמים,180.00,100 גרם,false,1,15.60,8.67,true,1,
7290015178204,false,ממרח אוליביה - עגבניות מיובשות בשמש עם לימון 180 גרם,,IL,עגבניות מיובשות עם ל,גרמים,180.00,100 גרם,false,1,15.60,8.67,true,1,
7290015282000,false,איקרא אדומה SEVEN SEAS 200 גרם,,IL,איקרה אדומה 200 גרם,גרמים,200.00,100 גרם,false,0,14.60,7.30,true,1,
7290015282024,false,איקרא לבנה SEVEN SEAS 200 גרם,,IL,איקרה לבנה 200 גרם,גרמים,200.00,100 גרם,false,0,14.60,7.30,true,1,
7290015282390,false,סלט תורכי 200 גרם שמיר,"סלטי שמיר 2006 בע""מ",IL,תורכי 200 גר,גרמים,200.00,100 גרם,false,1,13.50,6.75,true,1,
7290015282581,false,חומוס שמיר אבו גוש עם חריף 200 גר',"סלטי שמיר 2006 בע""מ",IL,חומוס אבו גוש עם חרי,גרמים,200.00,100 גרם,false,1,11.00,5.50,true,1,
7290015282598,false,חומוס שמיר מסעדות 200 גר',"סלטי שמיר 2006 בע""מ",IL,חומוס מסעדות 200 גר,גרמים,200.00,100 גרם,false,1,11.00,5.50,true,1,
7290015282604,false,טחינה שמיר מיוחדת גורמה 200ג',"סלטי שמיר 2006 בע""מ",IL,טחינה מיוחדת 200 גר,גרמים,200.00,100 גרם,false,1,11.00,5.50,true,1,
7290015282628,false,חציל שמיר בטעם כבד 200 גר',"סלטי שמיר 2006 בע""מ",IL,חציל בטעם כבד 200 גר,גרמים,200.00,100 גרם,false,1,13.50,6.75,true,1,
7290015282635,false,חומוס שמיר מסבחה 200 גר',"סלטי שמיר 2006 בע""מ",IL,חומוס מסבחה 200 גר,גרמים,200.00,100 גרם,false,1,11.00,5.50,true,1,
7290015282642,false,חומוס שמיר אבו גוש 200 גר',"סלטי שמיר 2006 בע""מ",IL,חומוס אבו גוש 200 גר,גרמים,200.00,100 גרם,false,1,11.00,5.50,true,1,
7290015282666,false,סלט טונה עם ירקות 200 גר,"סלטי שמיר 2006 בע""מ",IL,סלט טונה עם ירקות 20,גרמים,200.00,100 גרם,false,1,18.80,9.40,true,1,
7290015282673,false,חציל שמיר במיונז ביתי 200 גורמה גר',"סלטי שמיר 2006 בע""מ",IL,חציל במיונז ביתי 200,גרמים,200.00,100 גרם,false,1,11.00,5.50,true,1,
7290015282680,false,קישוא בטעם כבד שמיר 200 גר',"סלטי שמיר 2006 בע""מ",IL,קישוא בטעם כבד 200 ג,גרמים,200.00,100 גרם,false,1,13.50,6.75,true,1,
7290015282710,false,קוביות סלק שמיר 200 גר',"סלטי שמיר 2006 בע""מ",IL,קוביות סלק 200 גר,גרמים,200.00,100 גרם,false,1,11.00,5.50,true,1,
7290015282741,false,חציל תאילנדי אסלי שמיר 200 ג',"סלטי שמיר 2006 בע""מ",IL,חציל תאילנדי 200 גר,גרמים,200.00,100 גרם,false,1,13.50,6.75,true,1,
7290015282796,false,"סלט תפו""א שמיר במיונז 200ג'","סלטי שמיר 2006 בע""מ",IL,תפוח אדמה 200 גר,גרמים,200.00,100 גרם,false,1,13.50,6.75,true,1,
7290015284035,false,סבון ידיים ירקות ירוקים 500 מל ECOLOVE,,,סבון ידיים ירקות ירו,מיליליטרים,500.00,"100 מ""ל",false,1,25.90,5.18,true,1,
7290015284066,false,סבון גוף ירקות אדומים 500 מל ECOLOVE,,,סבון גוף ירקות אדומי,מיליליטרים,500.00,"100 מ""ל",false,1,32.90,6.58,true,1,
7290015284073,false,סבון ידיים ירקות אדומים 500 מל ECOLOVE,א.ל. ארמן,IL,סבון ידיים ירקות אדו,מיליליטרים,500.00,"100 מ""ל",false,1,25.90,5.18,true,1,
7290015284080,false,שמפו לשיער רגיל/יבש ירקות כתומים ECOLOVE,,,שמפו לשיער רגיל/יבש,גרמים,500.00,100 גרם,false,1,32.90,6.58,true,1,
7290015284110,false,סבון ידיים ירקות כתומים 500 מל ECOLOVE,א.ל. ארמן,IL,סבון ידיים ירקות כתו,מיליליטרים,500.00,"100 מ""ל",false,1,25.90,5.18,true,1,
7290015284233,false,ECOLOVE סבון ידיים לעור יבש 500 מל,,,ECOLOVE סבון ידיים ל,מיליליטרים,500.00,"100 מ""ל",false,1,25.90,5.18,true,1,
7290015284264,false,סבון גוף לעור יבש ירקות סגולים 1 ליטר,הרמן,IL,סבון גוף לעור יבש יר,מיליליטרים,1000.00,"100 מ""ל",false,1,52.90,5.29,true,1,
7290015284677,false,מרכך שיער שעבר החלקה ללא מלח אקולאב 500מ,,,מרכך שיער שעבר החלקה,מיליליטרים,500.00,"100 מ""ל",false,1,36.90,7.38,true,1,
7290015284684,false,מסכת שיער שעבר החלקה ללא מלח אקולאב 350מ,א.ל. ארמן,IL,מסכה לשיער שעבר החלק,מיליליטרים,350.00,"100 מ""ל",false,1,49.90,14.26,true,1,
7290015340199,false,"רכז רימונים 250 מ""ל",,IL,"רכז רימונים 250 מ""ל",מיליליטרים,250.00,"100 מ""ל",false,1,26.90,10.76,true,1,
7290015340304,false,סילאן טבעי 900 גרם,,IL,סילאן טבעי 900 גרם,גרמים,900.00,100 גרם,false,1,19.90,2.21,true,1,
7290015340434,false,שמן אבוקדו 500 מל,,,"שמן אבוקדו 500 מ""ל",מיליליטרים,500.00,"100 מ""ל",false,1,56.90,11.38,true,1,
7290015341509,false,רוגלך אנטקוביץ 400 גרם,,IL,רוגלך אנטקוביץ 400 ג,גרמים,400.00,100 גרם,false,1,14.90,3.73,true,1,
7290015341516,false,עוגת קראנץ שמרים אנטיקוביץ 500 גרם,,IL,קראנץ שמרים 500 גרם,גרמים,500.00,100 גרם,false,1,16.90,3.38,true,1,
7290015348386,false,יין מרום גליל רוזה 2015 שביעית 750 מל,יקבי ברקן,,יין מרום גליל רוזה 2,Unknown,0.00,Unknown,false,1,29.60,29.60,true,1,
7290015354899,false,חרדל דיז'ון מעודן 350 גרם,,FR,חרדל דיזון מעודן 350,גרמים,350.00,100 גרם,false,1,13.90,3.97,true,1,
7290015366663,false,"אקווה פרש משחת שיניים מנטה עדין 100מ""ל",DE MICLEN,IL,אקוה פרש משחת שיניים,Unknown,0.00,Unknown,false,1,10.40,10.40,true,1,
7290015366670,false,"אקווה פרש משחת שיניים מנטה 100 מ""ל",DE MICLEN,SK,אקוה פרש משחת שיניים,Unknown,0.00,Unknown,false,1,10.40,10.40,true,1,
7290015384117,false,מויסטיק שפתון מגיק גלואו,,,מויסטיק שפתון מגיק ג,Unknown,0.00,Unknown,false,1,11.90,11.90,true,1,
7290015395021,false,גרגירי גוגי 180 גרם בקופסא,,,גרגירי גוגי 180 גרם,גרמים,180.00,100 גרם,false,1,26.50,14.72,true,1,
7290015395045,false,קינואה 400 גרם חתם סופר,אף.סי תבליני בגליל ב,IL,קינואה 400 גרם חתם ס,גרמים,400.00,100 גרם,false,1,14.60,3.65,true,1,
7290015395939,false,חטיף אורז בטעם מתוק מלוח 120 גרם,דין שיווק,IL,חטיף אורז בטעם מתוק,גרמים,150.00,100 גרם,false,1,15.90,10.60,true,1,
7290015417136,false,עגבנית שרי אורגנית ארוז,,,עגבנית שרי אורגנית,גרמים,400.00,100 גרם,false,1,14.90,3.73,true,1,
7290015417167,false,פלפל ביס אורגני,,,פלפל ביס אורגני,גרמים,200.00,100 גרם,false,1,11.90,5.95,true,1,
7290015417242,false,מלפפון מיני אורגני ארוז,,,מלפפון מיני אורגני א,גרמים,350.00,100 גרם,false,1,12.90,3.69,true,1,
7290015417365,false,זנגויל ארוז אורגני,,,גינגר אורגני,קילוגרמים,0.00,"ק""ג",false,1,16.90,16.90,true,1,
7290015424882,false,פמינה - TOGO מגבונים חמוציות חדש,,,מגבונים פמינה חמוציו,Unknown,0.00,Unknown,false,1,16.30,16.30,true,1,
7290015429009,false,דנסיטי- סידן אמורפי,,,דנסיטי- סידן אמורפי,Unknown,0.00,Unknown,false,1,199.90,199.90,true,1,
7290015446594,false,פראוד - חטיף חלבון לאטה 60 גרם,v.s.i,NL,פראוד - חטיף חלבון ל,גרמים,60.00,100 גרם,false,1,12.90,21.50,true,1,
7290015446624,false,פראוד - חטיף חלבון דאבל שוקולד 50 גרם,,,פראוד - חטיף חלבון ד,גרמים,50.00,100 גרם,false,1,12.90,25.80,true,1,
7290015446648,false,פראוד - חטיף חלבון בוטנים קרמל 50 גרם,,,פראוד - חטיף חלבון ב,גרמים,50.00,100 גרם,false,1,12.90,25.80,true,1,
7290015458726,false,סבון לשטיפה אינטימית,,,סבון לשטיפה אינטימית,Unknown,0.00,Unknown,false,1,79.90,79.90,true,1,
7290015459310,false,סבון גוף ארומתרפי ברוש,,,סבון גוף ארומתרפי בר,קילוגרמים,0.00,"ק""ג",false,1,69.90,69.90,true,1,
7290015597210,false,מאגדת קורנטו פרווה 6 יח טבעוני 378 גר,"גלידת שטראוס בע""מ, ר",IL,מאגדת קורנטו פרווה 6,Unknown,0.00,Unknown,false,1,34.90,34.90,true,1,
7290015599023,false,צהובה טבעונית בטעם קלאסי 200 גרם,המאפיה של הרמן,GR,צהובה טבעונית 200 ג,גרמים,200.00,100 גרם,false,1,24.30,12.15,true,1,
7290015599054,false,צהובה טבעונית בטעם צדר 200 גרם,המאפיה של הרמן,GR,צהובה טבעונית 200 ג,גרמים,200.00,100 גרם,false,1,24.30,12.15,true,1,
7290015599191,false,גבינת שמנת טבעונית בסגנון קלאסי 170 גרם,ביוט איילנד פודס,,גבינת שמנת טבעונית ב,גרמים,170.00,100 גרם,false,1,19.90,11.71,true,1,
7290015599306,false,גבינת שמנת טבעונית עם עירית 170 גרם,ביוט איילנד פודס,,גבינת שמנת טבעונית ע,גרמים,170.00,100 גרם,false,1,19.90,11.71,true,1,
7290015599504,false,ממרח בטעם חמאה אורגני 225 גר,גוד פוד פרודקטס S.p,DK,ממרח בטעם חמאה אורגנ,גרמים,225.00,100 גרם,false,1,20.90,9.29,true,1,
7290015603188,false,אטריות ביצים מזרח ומ,,,אטריות ביצים 454 גרם,גרמים,454.00,100 גרם,false,1,10.90,2.40,true,1,
7290015603195,false,איטריות בתוספת תרד 454 גרם,,,איטריות בתוספת תרד 4,גרמים,454.00,100 גרם,false,1,10.90,2.40,true,1,
7290015603218,false,איטריות בתוספת עגבניות 454 גרם,,,איטריות בתוספת עגבני,גרמים,454.00,100 גרם,false,1,10.90,2.40,true,1,
7290015603232,false,איטריות בתוספת דלעת 454 גרם,,,איטריות בתוספת דלעת,גרמים,454.00,100 גרם,false,1,10.90,2.40,true,1,
7290015603522,false,נוזל אגוזי קוקוס 5-7% 400 מל,ASIATIC AGRO INDUSTR,TH,נוזל אגוזי קוקוס 5-7,מיליליטרים,400.00,"100 מ""ל",false,1,7.30,1.83,true,1,
7290015603546,false,שימורי קרם קוקוס 17-19% 400 מל ASIATIC,,,שימורי קרם קוקוס 17-,מיליליטרים,400.00,"100 מ""ל",false,1,9.90,2.48,true,1,
7290015603560,false,"שימורי קרם קוקוס 20-22% 400 מ""ל",ASIATIC AGRO INDUSTR,TH,שימורי קרם קוקוס 20-,מיליליטרים,400.00,"100 מ""ל",false,1,9.90,2.48,true,1,
7290015603584,false,גינגר לבן כבוש ללא מונוסודיום 160 גרם,Laiwu Taifeng Foods,CN,גינגר לבן כבוש ללא מ,גרמים,160.00,100 גרם,false,1,7.90,4.94,true,1,
7290015603591,false,גינגר כבוש וורוד 160 גרם,Laiwu Taifeng Foods,CN,גינגר כבוש וורוד 160,גרמים,160.00,100 גרם,false,1,8.30,5.19,true,1,
7290015603638,false,אורז עגול קלרוז לסוש,MINH PHONG GREEN AGR,CN,"אורז קלרוז 1 ק""ג",גרמים,1000.00,100 גרם,false,1,11.90,1.19,true,1,
7290015634120,false,יין עמק האלה אוורד לבן 2015 750 מל,עמק האלה,IL,יין עמק האלה אוורד ל,Unknown,0.00,Unknown,false,1,44.90,44.90,true,1,
7290015634137,false,"יין עמק האלה סוביניון בלאן 2015 750 מ""ל",עמק האלה,IL,יין עמק האלה סוביניו,Unknown,0.00,Unknown,false,1,83.90,83.90,true,1,
7290015634151,false,"עמק האלה קברנה סוביניון 2012 750 מ""ל",עמק האלה,IL,יין עמק האלה קברנה א,Unknown,0.00,Unknown,false,1,83.90,83.90,true,1,
7290015634175,false,עמק האלה אוור רד ק.סוביניון 2015 750 מל,,,עמק האלה אוור רד קבר,Unknown,0.00,Unknown,false,1,44.90,44.90,true,1,
7290015634182,false,עמק האלה אוורד קברנה/ מרלו 2015 750 מל,עמק האלה,IL,עמק האלה אוורד אדום,Unknown,0.00,Unknown,false,1,44.90,44.90,true,1,
7290015652087,false,תערובת פיצוחים 150 גרם ששון הקולה,דין שיווק,IL,תערובת פיצוחים 150 ג,גרמים,150.00,100 גרם,false,1,13.30,8.87,true,1,
7290015652254,false,גרעיני חמניה קלויים 400 גרם ששון הקלה,,,גרעיני חמניה קלויים,גרמים,400.00,100 גרם,false,1,10.00,2.50,true,1,
7290015652278,false,תערובת פיצוחים 250 גרם ששון הקולה,,,תערובת פיצוחים 250 ג,גרמים,250.00,100 גרם,false,1,20.00,8.00,true,1,
7290015652285,false,אגוזים קלופים 250 גרם ששון הקולה,,,אגוזים קלופים 250 גר,גרמים,250.00,100 גרם,false,1,20.00,8.00,true,1,
7290015652292,false,קבוקים עם שומשום 400 גרם ששון הקלה,,,קבוקים עם שומשום 400,גרמים,400.00,100 גרם,false,1,10.00,2.50,true,1,
7290015652308,false,מנצס 300 גרם ששון הקולה,,,מנצס 300 גרם ששון הק,גרמים,300.00,100 גרם,false,1,10.00,3.33,true,1,
7290015652315,false,חמוציות מסוכרות 300 גרם ששון הקולה,,,חמוציות מסוכרות 300,גרמים,300.00,100 גרם,false,1,10.00,3.33,true,1,
7290015652322,false,בוטנים אמריקאיים מצופים 400 גר ששון הקלה,,,בוטנים אמריקאיים מצו,גרמים,400.00,100 גרם,false,1,10.00,2.50,true,1,
7290015652384,false,"קמח תירס הכנה מהירה ללא גלוטן 1 ק""ג",,,קמח תירס הכנה מהירה,גרמים,1000.00,100 גרם,false,1,13.50,1.35,true,1,
7290015652407,false,פיסטוק קלוי 250 גר דין שיווק,,,פיסטוק קלוי 250 גר ד,גרמים,250.00,100 גרם,false,1,20.00,8.00,true,1,
7290015652520,false,אהרוני עשבי טיבול לדגים 70 גר,,,אהרוני עשבי טיבול לד,Unknown,0.00,Unknown,false,1,15.60,15.60,true,1,
7290015652544,false,אהרוני גריל עוף ארומטי 130 גר,,,אהרוני גריל עוף ארומ,גרמים,130.00,100 גרם,false,1,15.60,12.00,true,1,
7290015652605,false,פיסטוק קלוף 100 גרם השף,"דין שיווק וקליה בע""מ",,פיסטוק קלוף 100 גרם,גרמים,100.00,100 גרם,false,1,29.20,29.20,true,1,
7290015670029,false,טבעוניות פירות יבשים,מרסי,IL,פירות יבשים טבעוני,Unknown,0.00,Unknown,false,1,34.90,34.90,true,1,
7290015670036,false,עוגיות קראנץ טבעוני,מרסי,IL,עוגיות קראנץ טבעוני,Unknown,0.00,Unknown,false,1,34.90,34.90,true,1,
7290015670043,false,מטבעות תמרים ואגוזים,מרסי,IL,מטבעות תמרים ואגוזים,Unknown,0.00,Unknown,false,1,34.90,34.90,true,1,
7290015670067,false,עוגיות לוז קשיו ושבבי קוקוס 230 גרם,,,עוגיות לוז קשיו ושבב,גרמים,230.00,100 גרם,false,1,34.90,15.17,true,1,
7290015670104,false,חמניה ושקדים ללתס,,IL,חמניה ושקדים ללתס,Unknown,0.00,Unknown,false,1,34.90,34.90,true,1,
7290015670111,false,עוגיות שקד פרוס עם א,מרסי,IL,עוגיות שקד פרוס עם א,Unknown,0.00,Unknown,false,1,34.90,34.90,true,1,
7290015670128,false,מטבעות קשיו ושומשום,מרסי,IL,מטבעות קשיו ושומשום,Unknown,0.00,Unknown,false,1,34.90,34.90,true,1,
7290015670203,false,מטבעות פיצוחים - ללא,מרסי,IL,מטבעות פיצוחים,Unknown,0.00,Unknown,false,1,34.90,34.90,true,1,
7290015670227,false,מטבעות ופירות יער -,מרסי,IL,מטבעות פירות יער,Unknown,0.00,Unknown,false,1,34.90,34.90,true,1,
7290015670418,false,"אלפחורס כשל""פ 250גרם",מרסי,IL,עוגיות אלפחורס,Unknown,0.00,Unknown,false,1,34.90,34.90,true,1,
7290015670425,false,מטבעות פרחי ריבה,מרסי,IL,מטבעות פרחי ריבה,Unknown,0.00,Unknown,false,1,34.90,34.90,true,1,
7290015670432,false,עוגיות גרנולה בריאות,מרסי,IL,עוגיות גרנולה בריאות,Unknown,0.00,Unknown,false,1,34.90,34.90,true,1,
7290015670463,false,עוגיות שוקולד ציפס,מרסי,IL,עוגיות שוקולד ציפס,Unknown,0.00,Unknown,false,1,34.90,34.90,true,1,
7290015670494,false,עוגיות לימון שקד פרו,מרסי,IL,עוגיות לימון שקד פרו,Unknown,0.00,Unknown,false,1,34.90,34.90,true,1,
7290015670562,false,עוגיות חלווה,,IL,עוגיות חלווה,Unknown,0.00,Unknown,false,1,34.90,34.90,true,1,
7290015670630,false,עוגיות מרוקאיות בנגי,מרסי,IL,עוגיות מרוקאיות בנגי,Unknown,0.00,Unknown,false,1,34.90,34.90,true,1,
7290015670654,false,שוקולדים 240,מרסי,IL,שוקולדים,Unknown,0.00,Unknown,false,1,34.90,34.90,true,1,
7290015673464,false,שווארמה מן הצומח קפוא 400 גר,טבע דלי,IL,שווארמה מן הצומח קפו,גרמים,400.00,100 גרם,false,1,25.90,6.48,true,1,
7290015673570,false,קריספי טופו מוכנים לאכילה 350 גר,טבע דלי,IL,קריספי טופו מוכנים ל,גרמים,350.00,100 גרם,false,1,26.90,7.69,true,1,
7290015673587,false,קריספי טופו ברוטב אסייתי 350 גר,טבע דלי,IL,קריספי טופו ברוטב אס,גרמים,350.00,100 גרם,false,1,26.90,7.69,true,1,
7290015673662,false,שניצלוני טופו טבע דלי 400 גר,טבע דלי,IL,שניצלוני טופו טבע,גרמים,400.00,100 גרם,false,1,34.50,8.63,true,1,
7290015675383,false,"קרם גוף אתרוג 200 מ""",,,"קרם גוף אתרוג 200 מ""",מיליליטרים,200.00,"100 מ""ל",false,1,69.90,34.95,true,1,
7290015695800,false,נבטי ברוקולי אורגני,מושב אחיטוב,IL,נבטי ברוקולי אורגני,Unknown,0.00,Unknown,false,1,10.90,10.90,true,1,
7290015695817,false,נבטי קייל אורגני,מושב אחיטוב,IL,נבטי קייל אורגני,Unknown,0.00,Unknown,false,1,10.90,10.90,true,1,
7290015695848,false,נבטי אלפלפא אורגני,,,נבטי אלפלפא אורגני,Unknown,0.00,Unknown,false,1,10.90,10.90,true,1,
7290015695855,false,נבטי חמניה אורגני,חקלאי,IL,נבטי חמניה אורגני,Unknown,0.00,Unknown,false,1,10.90,10.90,true,1,
7290015695886,false,מיקס נבטים אורגני,,,מיקס נבטים אורגני,Unknown,0.00,Unknown,false,1,10.90,10.90,true,1,
7290015695893,false,מיקס נבטוטים אורגני,,,מיקס נבטוטים אורגני,Unknown,0.00,Unknown,false,1,10.90,10.90,true,1,
7290015695916,false,מיקס נבטים ענק אורגני,חקלאי,IL,מיקס נבטים ענק אורגנ,Unknown,0.00,Unknown,false,1,17.90,17.90,true,1,
7290015695923,false,נבטים סינים אורגנים,מושב אחיטוב,IL,נבטים סינים אורגנים,Unknown,0.00,Unknown,false,1,10.90,10.90,true,1,
7290015695947,false,נבטי אפונה אורגניים,מושב אחיטוב,IL,נבטי אפונה אורגניים,גרמים,60.00,100 גרם,false,1,10.90,18.17,true,1,
7290015703123,false,צנצנת ארקוסטיל קיטצן,,,צנצנת ארקוסטיל קיטצן,Unknown,0.00,Unknown,false,1,34.90,34.90,true,1,
7290015703611,false,פטיש בשר מעץ,,,פטיש בשר מעץ,Unknown,0.00,Unknown,false,1,45.00,45.00,true,1,
7290015704502,false,כף טיגון COLLECTION,,,כף טיגון עמיד בחום,Unknown,0.00,Unknown,false,1,22.90,22.90,true,1,
7290015765015,false,אכינצאה 40 כמוסות,,,אכינצאה 40 כמוסות,Unknown,0.00,Unknown,false,1,45.90,45.90,true,1,
7290015781008,false,"יין ויז'ן מרלו 750 מ""ל",יקב טפרברג 1870,,יין VISION מרלו 750,Unknown,0.00,Unknown,false,1,39.90,39.90,true,1,
7290015781015,false,"יין ויז'ן מלבק 750 מ""ל",יקב טפרברג 1870,,יין VISION מלבק 750,Unknown,0.00,Unknown,false,1,39.90,39.90,true,1,
7290015781046,false,יין VISION לבן חצי יבש 750 מל,יקב טפרברג,,יין VISION לבן חצי י,Unknown,0.00,Unknown,false,1,39.90,39.90,true,1,
7290015781053,false,"יין ויז'ן לבן יבש 750 מ""ל",יקב טפרברג,,יין VISION לבן יבש,Unknown,0.00,Unknown,false,1,39.90,39.90,true,1,
7290015781114,false,"יין אימפרשן מרלו 750 מ""ל",יקב טפרברג 1870,IL,יין IMPRES מרלו 750,Unknown,0.00,Unknown,false,1,49.90,49.90,true,1,
7290015781152,false,יין רוזה אימפרשן יקב,יקב טפרברג,IL,יין IMPRES רוזה 750,Unknown,0.00,Unknown,false,1,49.90,49.90,true,1,
7290015781220,false,"INSPIRE דבוקי -גוורצטרמינר 750 מ""ל 2021",יקב טפרברג 1870,,INSPIRE דבוקי -גוור,Unknown,0.00,Unknown,false,1,83.90,83.90,true,1,
7290015781268,false,יין MOSCATO מוסקטו אדום 750 מל,יקב טפרברג,,יין MOSCATO מוסקטו א,Unknown,0.00,Unknown,false,1,39.90,39.90,true,1,
7290015781299,false,יין שיראז אדום טפמבר,יקב טפרברג 1870,,יין VISION שיראז 750,Unknown,0.00,Unknown,false,1,39.90,39.90,true,1,
7290015781305,false,"יין אימפרשן סירה 750 מ""ל",יקב טפרברג 1870,IL,יין IMPRES סירה 750,Unknown,0.00,Unknown,false,1,49.90,49.90,true,1,
7290015790000,false,רימון קלוף מארגז כ-,חקלאי,IL,גרעיני רימון,קילוגרמים,0.00,"ק""ג",false,1,17.90,17.90,true,1,
7290015790017,false,פלחי פומלה קלופים,חקלאי,IL,פלחי פומלה 250 גר,קילוגרמים,0.00,"ק""ג",false,1,17.90,17.90,true,1,
7290015809214,false,"פלאפל לל""ג דגש 180 גרם",,,"פלאפל לל""ג דגש 180 ג",גרמים,180.00,100 גרם,false,1,13.90,7.72,true,1,
7290015858106,false,ממרח פסטו ביתי 180 ג' עללחם,"מדשא תעשיות מזון בע""",IL,מצונן פסטו ביתי 180,גרמים,180.00,100 גרם,false,1,16.90,9.39,true,1,
7290015858175,false,ממרח פלפלים קלויים עללחם 180 גרם,זאביק יצור ושיווק מז,,ממרח פלפלים קלויים 1,גרמים,180.00,100 גרם,false,1,16.90,9.39,true,1,
7290015858229,false,טפנד זיתי קלמטה עללחם 180 גרם,"מדשא תעשיות מזון בע""",IL,מצונן טפנד זיתים,גרמים,180.00,100 גרם,false,1,16.90,9.39,true,1,
7290015858243,false,ממרח צימיצורי עללחם 180 גרם,זאביק יצור ושיווק מז,,ממרח צימיצורי עללחם,גרמים,180.00,100 גרם,false,1,16.90,9.39,true,1,
7290015858328,false,עללחם ממרח איולי פסטו 295 גרם,,IL,איולי פסטו עללחם 295,גרמים,295.00,100 גרם,false,1,16.90,5.73,true,1,
7290015858441,false,עללחם ממרח איולי פלפלים 295 גרם,,IL,איולי פלפלים עללחם 2,גרמים,295.00,100 גרם,false,1,16.90,5.73,true,1,
7290015858687,false,עללחם ממרח איולי שום 295 גרם,,IL,איולי שום עללחם 295,גרמים,295.00,100 גרם,false,1,16.90,5.73,true,1,
7290015858694,false,עללחם ממרח איולי שום לימון 295 גרם,,IL,איולי שום לימון עללח,גרמים,295.00,100 גרם,false,1,16.90,5.73,true,1,
7290015946032,false,חטיף ספירולינה אגוז,,,חטיף ספירולינה אגוז,Unknown,0.00,Unknown,false,1,13.50,13.50,true,1,
7290015951227,false,"יין גמלא השמורה סירה 2021 750 מ""ל",יקבי רמת הגולן,IL,יין גמלא סירה 2019 7,Unknown,0.00,Unknown,false,1,70.90,70.90,true,1,
7290015951616,false,"יין סנגובזה גמלא 2019 750 מ""ל",יקב הרי גליל,,יין סנגובזה גמלא 201,Unknown,0.00,Unknown,false,1,66.90,66.90,true,1,
7290015976305,false,צנצנת תבלינים עגולה דו צדדי,,,צנצנת לתבלינים עם מכ,Unknown,0.00,Unknown,false,1,8.90,8.90,true,1,
7290015976312,false,בקבוק 350 שמן/חומץ+פייה סיליקון,,,בקבוק שמן/חומץ קטן 3,קילוגרמים,0.00,"ק""ג",false,1,19.90,19.90,true,1,
7290015976329,false,בקבוק 500 שמן/חומץ+פייה סיליקון,,,בקבוק שמן/חומץ גדול,קילוגרמים,0.00,"ק""ג",false,1,27.90,27.90,true,1,
7290015977005,false,מגש מלבני ארקוסטיל,,,מגש פלסטיק מלבני עם,Unknown,0.00,Unknown,false,1,29.90,29.90,true,1,
7290015977012,false,מסננת +ידית ארקוסטיל,,,מסננת פלסטיק עם ידית,Unknown,0.00,Unknown,false,1,14.90,14.90,true,1,
7290015977104,false,לוח חיתוך 20*15במבוק ארקוסטיל,,,לוח חיתוך במבוק 20X1,Unknown,0.00,Unknown,false,1,21.90,21.90,true,1,
7290015979559,false,חסה ערבית,,,חסה ערבית,Unknown,0.00,Unknown,false,1,4.90,4.90,true,1,
7290015979665,false,חסה עגולה,חקלאי,IL,חסה עגולה,Unknown,0.00,Unknown,false,1,6.90,6.90,true,1,
7290015996983,false,סוכרזית סוכרלוז 0 קלוריות 130 גר,ביסקול בעn,IL,סוכרזית סוכרלוז 0 קל,גרמים,136.00,100 גרם,false,1,35.90,26.40,true,1,
7290016006292,false,נקטר מנגו בננה מלון קרטונית 1 ל' ספרינג,,,קרטונית נקטר ספרינג,מיליליטרים,1000.00,"100 מ""ל",false,1,6.90,0.69,true,1,
7290016006339,false,רביעיית מי עדן 1 ליטר,מופק ממקור בזלתי עדן,IL,רביעיית מי עדן 1 ליט,מיליליטרים,4000.00,"100 מ""ל",false,1,10.90,0.27,true,1,
7290016006346,false,שישיית שרינק 500 מל שוופס סודה,יפאורה תבורי בעמ,IL,שישיית שוופס סודה 50,מיליליטרים,1500.00,"100 מ""ל",false,1,14.50,0.97,true,1,
7290016006377,false,"שוויפס מוגז בטעם פירות תות ליים 330 מ""ל",יפאורה תבורי בעמ,IL,שוופס FRUITS תות ליי,מיליליטרים,330.00,"100 מ""ל",false,1,5.70,1.73,true,1,
7290016028447,false,נר נשמה 24 שעות,,CN,נר נשמה 24 שעות,Unknown,1.00,Unknown,false,1,2.20,2.20,true,1,
7290016028560,false,נר 48 שעות בכוס זכוכ,,CN,נר 48 שעות בכוס זכוכ,Unknown,1.00,Unknown,false,1,4.50,4.50,true,1,
7290016077759,false,רוטב ברביקיו קלאסי 480 גרם,,,רוטב ברביקיו קלאסי 4,גרמים,480.00,100 גרם,false,1,17.90,3.73,true,1,
7290016077766,false,היינץ שעועית אפויה 453 גרם,הייבורי קנקו,CA,היינץ שעועית אפויה 4,גרמים,453.00,100 גרם,false,1,8.90,1.96,true,1,
7290016094008,false,אולטרסול קרם פנים 50/75,פישר מעבדות פרמצבטיו,IL,אולטרסול פנים 50/75,Unknown,0.00,Unknown,false,1,54.90,54.90,true,1,
7290016136739,false,פתיתים פוזילי ללא גלוטן 340 גרם גי פרי,,,פתיתים פוזילי ללא גל,גרמים,340.00,100 גרם,false,1,10.90,3.21,true,1,
7290016136746,false,איטריות מקלונים ללא גלוטן 340 גר גי פרי,,,איטריות בצורת מקלוני,גרמים,340.00,100 גרם,false,1,10.90,3.21,true,1,
7290016146004,false,קמח שקד קלוף 300 גר,,,קמח שקד קלוף 300 גר,גרמים,300.00,100 גרם,false,1,24.90,8.30,true,1,
7290016146103,false,סילאן טבעי לחיץ 500 גרם,,,סילאן טבעי לחיץ 500,גרמים,500.00,100 גרם,false,1,13.90,2.78,true,1,
7290016146400,false,שוקולד תבור 60% 100 גרם,,IL,שוקולד תבור 60% 100,גרמים,100.00,100 גרם,false,1,16.70,16.70,true,1,
7290016146424,false,BIO שוקולד תבור 70% 100 גרם,,IL,BIO שוקולד תבור 70%,גרמים,100.00,100 גרם,false,1,16.70,16.70,true,1,
7290016146431,false,שוקולד תבור 72% 100 גרם,,IL,שוקולד תבור 72% 100,גרמים,100.00,100 גרם,false,1,16.70,16.70,true,1,
7290016146448,false,שוקולד תבור 85% 100 גרם,,IL,שוקולד תבור 85% 100,גרמים,100.00,100 גרם,false,1,16.70,16.70,true,1,
7290016146462,false,BIO שוקולד תבור 88% 100 גרם,,IL,BIO שוקולד תבור 88%,גרמים,100.00,100 גרם,false,1,16.70,16.70,true,1,
7290016150117,false,סלק מקולף בוואקום 50,חקלאי,IL,סלק בואקום 500 גר,Unknown,0.00,Unknown,false,1,6.90,6.90,true,1,
7290016150391,false,סלק ואקום 500 גרם,חקלאי,IL,סלק ואקום 500 גרם,Unknown,0.00,Unknown,false,1,7.90,7.90,true,1,
7290016197488,false,מטליות מיקרופייבר למשטחים ניקול 3יח',UFO INC,CN,ניקול מטלית קסם לשיש,Unknown,0.00,Unknown,false,1,11.90,11.90,true,1,
7290016197624,false,דיפנד - תחבושת לנשים סופר 8 יח',kimberly clark,,דיפנד תחבושות סופר 8,Unknown,0.00,Unknown,false,1,23.90,23.90,true,1,
7290016197877,false,ניקול שקיות לפחי מטבח קטנים 60 יח' M,,,שקית לפחי אשפה קטנים,Unknown,0.00,Unknown,false,1,26.50,26.50,true,1,
7290016217735,false,חציל על האש סלטי שמי,"סלטי שמיר 2006 בע""מ",IL,חציל על אש 200 גר,גרמים,200.00,100 גרם,false,1,11.00,5.50,true,1,
7290016217742,false,חציל על אש בטחינה 200 גר,"סלטי שמיר 2006 בע""מ",IL,חציל על אש בטחינה 20,גרמים,200.00,100 גרם,false,1,11.00,5.50,true,1,
7290016217759,false,חצילים בסגנון מרוקאי,"סלטי שמיר 2006 בע""מ",IL,חציל מרוקאי 200 גר,גרמים,200.00,100 גרם,false,1,13.50,6.75,true,1,
7290016217988,false,גרבדלקס סלמון 100 גר',"סלטי שמיר 2006 בע""מ",,גרבלקס 100 גרם,גרמים,100.00,100 גרם,false,1,23.90,23.90,true,1,
7290016223286,false,סט 6 סכיני מטבח אדום,,,פרו מיקס סט 6 סכיני,Unknown,0.00,Unknown,false,1,89.90,89.90,true,1,
7290016233384,false,גפילטע פיש 7 קציצות 540 גרם תומר,,,גפילטע פיש 7 קציצות,גרמים,540.00,100 גרם,false,1,17.70,3.28,true,1,
7290016233995,false,שימורי אנשובי עם שמן זית 45 ג' תומר,,IL,פילה אנשובי,גרמים,45.00,100 גרם,false,1,6.90,15.33,true,1,
7290016246209,false,חטיף חלבה וניל 100 גרם בארכה,,,חטיף חלבה וניל 100 ג,גרמים,100.00,100 גרם,false,1,3.90,3.90,true,1,
7290016248111,false,יין מסע ישראלי ורוד ויתקין 750 מל,,,יין מסע ישראלי ורוד,Unknown,0.00,Unknown,false,1,79.90,79.90,true,1,
7290016248173,false,"יין מסע ישראלי לבן ויתקין 750 מ""ל",,,יין מסע ישראלי לבן ו,Unknown,0.00,Unknown,false,1,79.90,79.90,true,1,
7290016248500,false,"יין פינו נואר ויתקין 750 מ""ל",,,יין פינו נואר ויתקין,Unknown,0.00,Unknown,false,1,114.90,114.90,true,1,
7290016276848,false,תבשיל איטריות בטעם עוף 70 גרם סו שף,,,תבשיל איטריות בטעם ע,גרמים,70.00,100 גרם,false,1,5.90,8.43,true,1,
7290016276855,false,תבשיל אטריות בטעם ירקות 70 גרם סו שף,,,תבשיל אטריות בטעם יר,גרמים,70.00,100 גרם,false,1,5.90,8.43,true,1,
7290016277630,false,צנובר 150 גרם ששון - קופסא,,,צנובר 150 גרם ששון -,גרמים,150.00,100 גרם,false,1,29.90,19.93,true,1,
7290016277654,false,פיסטוק קלוף טבעי 150 גרם ששון- קופסא,דין שיווק,IL,פיסטוק קלוף טבעי 150,גרמים,150.00,100 גרם,false,1,41.90,27.93,true,1,
7290016299069,false,"קרם ידיים אלוורה קמומיל ותה ירוק 100 מ""ל",,IL,קרם ידיים אלוורה קמו,מיליליטרים,100.00,"100 מ""ל",false,1,19.90,19.90,true,1,
7290016299090,false,קרם ידיים פרופוליס אובליפיכה וחומצה היאל,,IL,קרם ידיים פרופוליס א,מיליליטרים,100.00,"100 מ""ל",false,1,19.90,19.90,true,1,
7290016299106,false,קרם ידיים שמן ארגן וחומצה היאלרונית 100,,,קרם ידיים שמן ארגן ו,מיליליטרים,100.00,"100 מ""ל",false,1,19.90,19.90,true,1,
7290016299205,false,קרם ידיים קולגן לבנדר וחומצה היאלרונית,,,קרם ידיים קולגן לבנד,מיליליטרים,100.00,"100 מ""ל",false,1,19.90,19.90,true,1,
7290016321661,false,מגבונים פרש וואנס סנסיטיב קר רביעייה,עלבד משואות יצחק,IL,מגבונים פרש וואנס סנ,Unknown,0.00,Unknown,false,1,15.90,15.90,true,1,
7290016321678,false,מגבונים פרש וואנס נטורל קר רביעייה,עלבד משואות יצחק,IL,מגבונים פרש וואנס נט,Unknown,0.00,Unknown,false,1,15.90,15.90,true,1,
7290016321883,false,פ.ו נייר טואלט מתכלה ילדים 40יח- שלישייה,עלבד משואות יצחק בעמ,IL,נייר טואלט פרש וואנס,Unknown,0.00,Unknown,false,1,16.70,16.70,true,1,
7290016334616,false,בצל ירוק ארוז,,,בצל ירוק,Unknown,0.00,Unknown,false,1,5.90,5.90,true,1,
7290016370959,false,חציל קלוי פירה בצנצנת ‏580‏ ג' יבנה,תאי פרזידנט פוד פאבל,IL,חציל קלוי פירה בצנצנ,גרמים,580.00,100 גרם,false,1,10.90,1.88,true,1,
7290016370973,false,פלפל קלוי גמביה בצנצנת 580 ג' ‏יבנה,קדבורי,IL,פלפל קלוי גמביה בצנצ,גרמים,580.00,100 גרם,false,1,10.90,1.88,true,1,
7290016372373,false,רסק עגבניות גרנד איטליה מארז 140X2ג',,IT,רסק עגבניות גראנד בל,גרמים,270.00,100 גרם,false,1,7.90,2.93,true,1,
7290016372397,false,"תה ויסוצקי ירוק תפוז,ג'ינגר וכורכום 25 יח'",HIQ FOOD PRODUCTS,IL,תה ירוק תפוז גינגר ו,Unknown,0.00,Unknown,false,1,24.90,24.90,true,1,
7290016372458,false,תה הגן הקסום לימונית ולואיזה 50 שקיקים,,,חליטת לימונית לואיזה,Unknown,0.00,Unknown,false,1,35.90,35.90,true,1,
7290016372489,false,ויסוצקי חליטת ג'ינג'ר ולימון סודות הצמחים 25 שקיקים,HIQ FOOD PRODUCTS,IL,סודות הצמחים גינגר ו,Unknown,0.00,Unknown,false,1,21.90,21.90,true,1,
7290016381474,false,סילאן לחיץ אורגני כרם 350 גר,,,סילאן לחיץ אורגני כר,גרמים,350.00,100 גרם,false,1,19.90,5.69,true,1,
7290016385465,false,זוג מלח פלפל נירוסטה,,,זוג מלח פלפל נירוסטה,Unknown,0.00,Unknown,false,1,17.90,17.90,true,1,
7290016417012,false,ויטמין C ליפוזומלי 250 מל,,,ויטמין C ליפוזומלי 2,Unknown,0.00,Unknown,false,1,199.90,199.90,true,1,
7290016417029,false,ויטמין מתיל B12 וחומצה פולית,,,ויטמין מתיל B12 וחומ,Unknown,0.00,Unknown,false,1,119.90,119.90,true,1,
7290016417043,false,ויטמין D3 ליפוזומלי,,,ויטמין D3 ליפוזומלי,Unknown,0.00,Unknown,false,1,119.90,119.90,true,1,
7290016417081,false,ברזל עדין למבוגרים 60מ`ל,,,ברזל עדין למבוגרים 6,Unknown,0.00,Unknown,false,1,119.90,119.90,true,1,
7290016448818,false,"קפה קר NO.1 טעם קפוצ'ינו 250 מ""ל",,VN,קפה קר בטעם קפוצינו,גרמים,250.00,100 גרם,false,1,6.90,2.76,true,1,
7290016505023,false,שוקולד פנדה קרם נוגט טבעוני 100 גרם,"מדשא תעשיות מזון בע""",IL,שוקולד פנדה קרם נוגט,גרמים,100.00,100 גרם,false,1,20.80,20.80,true,1,
7290016505061,false,שוקולד פנדה לבן עוגיות טבעוני 100 גרם,,,שוקולד פנדה לבן עוגי,גרמים,100.00,100 גרם,false,1,20.80,20.80,true,1,
7290016509304,false,סוד סבון לאסלה 4 כדוריותבניחוח לבנדר 50 ג',,,סבון אסלה 4 כדוריות,גרמים,50.00,100 גרם,false,1,10.20,20.40,true,1,
7290016509786,false,פרסיל - ג'ל כביסה ירוק 2.50 ליטר,,,גל פרסיל ירוק 2.5 ל,ליטרים,0.00,ליטר,false,1,34.90,34.90,true,1,
7290016509823,false,ג'ל כביסה מרוכז בלו 2.5 ל' פרסיל,,,גל פרסיל בלו 2.5 ל,ליטרים,0.00,ליטר,false,1,34.90,34.90,true,1,
7290016510225,false,"הוואי תחליב רחצה וניל ודבש 700 מ""ל",תאי פרזידנט פוד פאבל,IL,הוואי תחליב רחצה,מיליליטרים,700.00,"100 מ""ל",false,1,12.20,1.74,true,1,
7290016510232,false,"תחליב רחצה הוואי יוגורט קוקוס 700 מ""ל",תאי פרזידנט פוד פאבל,IL,הוואי תחליב רחצה,מיליליטרים,700.00,"100 מ""ל",false,1,12.20,1.74,true,1,
7290016510898,false,"שמפו+מרכך הוואי פריחת הדובדבן 700 מ""ל",שוורצקוף& הנקל דיסלד,IL,שמפו+מרכך הוואי פריח,מיליליטרים,700.00,"100 מ""ל",false,1,12.20,1.74,true,1,
7290016574265,false,ממרח ריבת בצל 250 גרם,,IL,ממרח ריבת בצל 250 גר,גרמים,250.00,100 גרם,false,1,20.90,8.36,true,1,
7290016580563,false,כוס 330 מל ארוז 40,,TR,כוס 330 מל ארוז 40,Unknown,0.00,Unknown,false,1,10.50,10.50,true,1,
7290016580853,false,כוס נייר קשיחה 8 OZ,,CN,כוס נייר קשיחה 8 OZ,Unknown,0.00,Unknown,false,1,14.90,14.90,true,1,
7290016580976,false,מנגל חד פעמי 550 גרם,,CN,מנגל חד פעמי 550 גרם,Unknown,1.00,Unknown,false,1,9.90,9.90,true,1,
7290016580990,false,קיסמים שיניים שלישיה,,CN,קיסמים שיניים שלישיה,Unknown,1.00,Unknown,false,1,7.50,7.50,true,1,
7290016584011,false,חטיפוני גזר 350 גרם גיזרונים,"מרינה פטריות הגליל בע""מ",IL,חטיפוני גזר 350 גרם,גרמים,350.00,100 גרם,false,1,10.90,3.11,true,1,
7290016667080,false,חטיף ציפס טורטיה ברביקיו 250 גרם,,BE,חטיף ציפס טורטיה ברב,גרמים,250.00,100 גרם,false,1,10.90,4.36,true,1,
7290016667097,false,חטיף ציפס טורטיה מלוח 250 גרם,,BE,חטיף ציפס טורטיה מלו,גרמים,250.00,100 גרם,false,1,10.90,4.36,true,1,
7290016667431,false,"טורטיה ענק 30 ס""מ 540 גרם",,DE,"טורטיה ענק 30 ס""מ 54",גרמים,540.00,100 גרם,false,1,14.60,2.70,true,1,
7290016682038,false,"פריניב סחוט תפוזים 400מ""ל",פריניב,IL,מיץ תפוזים פריניב 40,מיליליטרים,400.00,"100 מ""ל",false,1,9.90,2.48,true,1,
7290016682052,false,מיץ לימונענע פריניב 400 מל,פריניב,IL,מיץ לימונענע פריניב,מיליליטרים,400.00,"100 מ""ל",false,1,9.90,2.48,true,1,
7290016682083,false,"פריניב נקטר תות בננה 400 מ""ל",פריניב,,מיץ תות בננה פריניב,מיליליטרים,400.00,"100 מ""ל",false,1,9.90,2.48,true,1,
7290016682168,false,"מיץ תפוזים ולנסיה פרי ניב 400 מ""ל",,,מיץ תפוזים ולנסיה פר,מיליליטרים,400.00,"100 מ""ל",false,1,10.50,2.63,true,1,
7290016682182,false,פריניב שייק תמר בננה מופחת סוכר 1 ל',פריניב בעמ,IL,שייק תמר בננה מופחת,מיליליטרים,1000.00,"100 מ""ל",false,1,18.90,1.89,true,1,
7290016682199,false,פריניב שייק תות בננה מופחת סוכר 1 ליטר,פריניב בעמ,IL,שייק תות בננה מופחת,מיליליטרים,1000.00,"100 מ""ל",false,1,18.90,1.89,true,1,
7290016682250,false,מיץ תפוגזר 1 ליטר פריניב,,,מיץ תפוגזר 1 ליטר פר,מיליליטרים,1000.00,"100 מ""ל",false,1,17.20,1.72,true,1,
7290016682328,false,מיץ תפוזים סחוט פרי ניב 2 ליטר-,,,מיץ תפוזים עשוי מרכז,ליטרים,0.00,ליטר,false,1,24.90,24.90,true,1,
7290016682342,false,מיץ תפוזים וולנסיה פרי ניב 2 ליטר-,פריניב,IL,מיץ תפוז וולנסיה 100,ליטרים,0.00,ליטר,false,1,26.90,26.90,true,1,
7290016682359,false,מיץ תפוזים שמוטי פרי ניב 2 ליטר-,פריניב,IL,מיץ תפוז שמוטי 100%,ליטרים,0.00,ליטר,false,1,26.90,26.90,true,1,
7290016682366,false,מיץ תפוח צלול פרי ניב 2 ליטר-,פריניב,IL,סחוט טרי תפוח צלול 2,ליטרים,0.00,ליטר,false,1,19.90,19.90,true,1,
7290016682380,false,מיץ טבעי לימונדה ולואיזה פרי ניב 2 ליטר-,פריניב,IL,מיץ לימונדה לואיזה פ,ליטרים,0.00,ליטר,false,1,19.90,19.90,true,1,
7290016682397,false,מיץ חמוציות פרי ניב 2 ליטר-,פריניב,IL,מיץ חמוציות 2 ליטר,ליטרים,0.00,ליטר,false,1,25.90,25.90,true,1,
7290016682441,false,מיץ תפוזים סחוט עשוי מרכז 1 ל',,IL,מיץ תפוזים פריניב 1,מיליליטרים,1000.00,"100 מ""ל",false,1,15.90,1.59,true,1,
7290016717754,false,"יין ישן נושן יקבי כרמל 750 מ""ל ^^^",אגודת הכורמים הקואופ,IL,יין ישן נושן אדום,Unknown,0.00,Unknown,false,1,20.90,20.90,true,1,
7290016757385,false,"סט 5 חלקים : מלח,פלפ",,,"סט 5 חלקים : מלח,פלפ",Unknown,0.00,Unknown,false,1,32.90,32.90,true,1,
7290016866445,false,תערובת גי פרי קמח תפוח 500 גרם,,,גי פרי קמח תפוח 500,גרמים,500.00,100 גרם,false,1,20.50,4.10,true,1,
7290016866643,false,"פרודונטקס - משחת שיניים פרש 75 מ""ל",DE MICLEN,SK,משחת שיניים פרודנטקס,Unknown,0.00,Unknown,false,1,30.90,30.90,true,1,
7290016866674,false,"פרודונטקס - משחת שיניים מלבינה 75 מ""ל",DE MICLEN,SK,משחת שיניים פרודונטק,Unknown,0.00,Unknown,false,1,30.90,30.90,true,1,
7290016867152,false,פיתות קלות כוסמין 5 יחידות 330 גר,,,פיתות קלות כוסמין 5,גרמים,330.00,100 גרם,false,1,14.90,4.52,true,1,
7290016995220,false,דבש אורגני מפרחי בר 500 גרם,,AR,דבש אורגני מפרחי בר,גרמים,500.00,100 גרם,false,1,43.90,8.78,true,1,
7290016995480,false,ניוקי כוסמין מלא אורגני 500 גרם,,,ניוקי כוסמין מלא אור,גרמים,500.00,100 גרם,false,1,19.90,3.98,true,1,
7290016995930,false,אבקת קקאו אורגנית 200 גרם,תבואות,PE,אבקת קקאו אורגנית 20,גרמים,200.00,100 גרם,false,1,18.90,9.45,true,1,
7290016995985,false,אבקת פסיליום אורגני 300 גרם,,,אבקת פסיליום אורגני,גרמים,300.00,100 גרם,false,1,39.90,13.30,true,1,
7290017023182,false,"שוופס מוגז פירות תפוח פחית 330 מ""ל",,,שוופס מוגז פירות,מיליליטרים,330.00,"100 מ""ל",false,1,4.50,1.36,true,1,
7290017023199,false,"שוופס מוגז פירות תות ליים פחית 330 מ""ל",,,שוופס מוגז פירות תות,מיליליטרים,330.00,"100 מ""ל",false,1,4.50,1.36,true,1,
7290017023205,false,"שוופס מוגז פירות ענבים פחית 330 מ""ל",,,שוופס מוגז פירות ענב,מיליליטרים,330.00,"100 מ""ל",false,1,4.50,1.36,true,1,
7290017023526,false,"שוויפס מוגז פירות תות תפוח 330 מ""ל No Sugar",,,FRUITS שוופס תפוח,מיליליטרים,330.00,"100 מ""ל",false,1,5.70,1.73,true,1,
7290017023670,false,"שוופס מוגז פירות למונייד פחית 330 מ""ל",,,שוופס מוגז פירות למו,מיליליטרים,330.00,"100 מ""ל",false,1,4.50,1.36,true,1,
7290017023861,false,"שוופס סודה לימון מארז רביעייה 250 מ""ל",יפאורה תבורי בעמ,IL,שוופס סודה לימון 250,מיליליטרים,1000.00,"100 מ""ל",false,1,14.90,1.49,true,1,
7290017031811,false,פרודונטקס - זוג מברשות שיניים,,CN,מברשות שיניים פרודונ,Unknown,0.00,Unknown,false,1,27.90,27.90,true,1,
7290017058795,false,תירס גמדי שלם במי מלח בצנצנת 340 גרם,,,תירס גמדי שלם במי מל,גרמים,340.00,100 גרם,false,1,7.90,2.32,true,1,
7290017062754,false,"נ.כלים 36% לימון טאצ' +משאבה 750 מ""ל",,,נוזל כלים לימון 36%,Unknown,0.00,Unknown,false,1,9.90,9.90,true,1,
7290017065007,false,פרוסות גבינה מוצרלה חצי קשה 22% שומן 200 ג' גד,מחלבות גד בעמ,IL,פרוסות מוצרלה גד 200,גרמים,200.00,100 גרם,false,1,19.80,9.90,true,1,
7290017065137,false,גבינת ריקוטה למריחה 5% טבעית 200ג' גד,האי נאם סי או אל.טי.,IL,ריקוטה למריחה 5% טבע,גרמים,200.00,100 גרם,false,1,10.10,5.05,true,1,
7290017065144,false,גבינת ריקוטה למריחה 5% בזיליקום 200ג' גד,האי נאם סי או אל.טי.,IL,ריקוטה למריחה 5% בזי,גרמים,200.00,100 גרם,false,1,10.10,5.05,true,1,
7290017065168,false,גבינה כחולה גד 100 ג',St Clemens,DK,גבינה כחולה 100 גר,גרמים,100.00,100 גרם,false,1,18.80,18.80,true,1,
7290017065212,false,גבינת קרם מסקרפונה מחלבות גד 250 גר,מיוצר עי קוד יצרן ED,IL,קרם מסקרפונה 250 גר,גרמים,250.00,100 גרם,false,1,21.10,8.44,true,1,
7290017065236,false,גבינה בולגרית מעודנת 24% גד 250 ג',הנסיך- מפעל לייצור ט,IL,גבינה בולגרית מעודנת,גרמים,250.00,100 גרם,false,1,25.30,10.12,true,1,
7290017065380,false,גרנד פנדו שבבים 100 ג',מחלבת גד,IT,שבבי גרנה פדנו 100 ג,גרמים,100.00,100 גרם,false,1,13.90,13.90,true,1,
7290017065434,false,גבינה גאודה פרוסה הולנדית 200 גר',מחלבות גד בעמ,NL,פרוסות גאודה בקר 200,גרמים,200.00,100 גרם,false,1,20.90,10.45,true,1,
7290017065441,false,גבינה גאודה עיזים פרוסה הולנדית 200 גר',מחלבות גד,NL,פרוסות גאודה עיזים 2,גרמים,200.00,100 גרם,false,1,31.00,15.50,true,1,
7290017065526,false,גבינה קוואטרו פורמאג'י 300 גר',מחלבות גד בעמ,IL,גבינה קוואטרו פורמאג,גרמים,300.00,100 גרם,false,1,30.80,10.27,true,1,
7290017065588,false,יוגורט יווני 10% שומן 600 ג' גד,"מיוצר ע""י קוד יצרן M",IL,יוגורט יווני 10% 600,גרמים,600.00,100 גרם,false,1,17.00,2.83,true,1,
7290017065649,false,קרם פטיסייר מחלבות ג,מיוצר עי קוד יצרן ED,IL,קרם פטיסייר 250 גר,גרמים,250.00,100 גרם,false,1,19.90,7.96,true,1,
7290017065663,false,פטה עיזים מעודנת 16% 250 גרם,ג'נרל מילס סאן אדריא,IL,פטה עיזים מעודנת 16%,גרמים,250.00,100 גרם,false,1,31.80,12.72,true,1,
7290017065731,false,גבינת שמנת עם כמהין 30% ניו יורק 200 ג',פ.פ.ח. שאביט,IL,גבינת שמנת עם כמהין,גרמים,200.00,100 גרם,false,1,14.10,7.05,true,1,
7290017065762,false,מאנורי גבינה בסגנון יווני לצליה 30% שומן 100 גרם,מחלבות גד,IL,גבינת מאנורי 100 גרם,גרמים,100.00,100 גרם,false,1,10.90,10.90,true,1,
7290017065786,false,גבינת צ'דר אנגלית גד 210 ג',מחלבות גד,IL,צדר 210 גרם,גרמים,210.00,100 גרם,false,1,22.90,10.90,true,1,
7290017065861,false,רוטב פקורינו ופלפל שחור קאצ'יו אה פפה 200 ג' גד,מחלבות גד,IL,קאציו אה פפה 200 גרם,גרמים,200.00,100 גרם,false,1,15.50,7.75,true,1,
7290017065878,false,מק אנד צ'יז רוטב לפסטה 200 גרם גד,מחלבות גד,IL,רוטב מק אנד ציז 200,גרמים,200.00,100 גרם,false,1,15.50,7.75,true,1,
7290017088075,false,בייביסיטר - חיתולי סטנדרט מידה 4+ - 40 יח',,,חיתולי בייביסיטר סטנ,Unknown,0.00,Unknown,false,1,37.90,37.90,true,1,
7290017088099,false,בייביסיטר - חיתולי סטנדרט מידה 6 - 30 יח',,,חיתולי בייביסיטר סטנ,Unknown,0.00,Unknown,false,1,37.90,37.90,true,1,
7290017100395,false,S כפפות פנדה לטקס פרפקט 100 יח,,,S כפפות פנדה לטקס פר,יחידה,1.00,יחידה,false,1,41.90,41.90,true,1,
7290017100425,false,כפפות לטקס עם אבקה XL 100 יחידות,,,XL כפפות פנדה לטקס פ,יחידה,1.00,יחידה,false,1,41.90,41.90,true,1,
7290017105048,false,שלישייה שימורי טבעות זיתים יכין 200 גר,,IL,שלישייה שימורי טבעות,גרמים,200.00,100 גרם,false,1,15.90,7.95,true,1,
7290017105062,false,גרגירי חומוס שלם יכין הקטניה הטובה 200 ג,היינץ צפון אמריקה מק,IL,גרגירי חומוס שלם יכי,גרמים,200.00,100 גרם,false,1,4.50,2.25,true,1,
7290017105079,false,שעועית ברוטב עגבניות 200 גרם יכין,היינץ צפון אמריקה מק,IL,שימורי יכין שעועית א,גרמים,200.00,100 גרם,false,1,4.50,2.25,true,1,
7290017105116,false,שימורי יכין תורמוס 200 גר,"זנלכל בע""מ",IL,שימורי יכין תורמוס 2,גרמים,200.00,100 גרם,false,1,4.50,2.25,true,1,
7290017105895,false,גרגירי חומוס מסעדות יכין 550 גרם,זנלכל,IL,גרגירי חומוס מסעדות,Unknown,550.00,Unknown,false,1,8.90,0.02,true,1,
7290017118949,false,מאג פורצלן לבן ורוד,,,מאג פורצלן לבן ורוד,Unknown,0.00,Unknown,false,1,13.90,13.90,true,1,
7290017118963,false,מאג פורצלן לבן ירוק,,,מאג פורצלן לבן ירוק,Unknown,0.00,Unknown,false,1,13.90,13.90,true,1,
7290017118987,false,"קערת נירוסטה 15 ס""מ 0.75 ל 6/12EURO",,,קערת נירוסטה 15סמ 0.,Unknown,0.00,Unknown,false,1,19.90,19.90,true,1,
7290017140308,false,קמח שקדים שי של הטבע,,IL,קמח שקדים 250 גר,גרמים,250.00,100 גרם,false,1,24.90,9.96,true,1,
7290017140612,false,לחם מיקס טף 25% טף 700 גרם,,,לחם מיקס טף 25% טף 7,גרמים,700.00,100 גרם,false,1,32.90,4.70,true,1,
7290017142005,false,"שמן קוקוס אורגני עץ הזית צנצנת 320מ""ל",,,שמן קוקוס אורגני כתי,מיליליטרים,320.00,"100 מ""ל",false,1,29.90,9.34,true,1,
7290017142111,false,פתיתי טונה בשמן זית טו גו עץ הזית 85 גרם,,TH,פתיתי טונה בשמן זית,גרמים,85.00,100 גרם,false,1,9.90,11.65,true,1,
7290017142128,false,"שמן זית כתית מעולה קלאסי עץ הזית 750 מ""ל",,IL,שמן זית כתית מעולה ק,מיליליטרים,750.00,"100 מ""ל",false,1,29.90,3.99,true,1,
7290017142159,false,מארז נתחי טונה בהירה בשמן זית 3*80 ג' עץ הזית,הנסיך- מפעל לייצור ט,TH,שלישיה טונה בשמן זית,גרמים,240.00,100 גרם,false,1,20.90,8.71,true,1,
7290017142166,false,פילה טונה פרוס עם שמן זית עץ הזית 120 גר,יוניקורד ח.צ בעמ,TH,פילה טונה פרוס עם שמ,גרמים,120.00,100 גרם,false,1,15.60,13.00,true,1,
7290017142203,false,פילה טונה בשמן זית בטעם מעושן עץ המוצר 120 ג',,,פילה טונה פרוס בשמן,גרמים,120.00,100 גרם,false,1,15.60,13.00,true,1,
7290017142234,false,פתיתי טונה בשמן זית טעם מעושן טו גו 85 ג,,TH,פתיתי טונה בשמן זית,גרמים,85.00,100 גרם,false,1,9.90,11.65,true,1,
7290017142289,false,"תרסיס שמן חמניות לל""ת גז עץ הזית 200מ""ל",,IL,תרסיס שמן חמניות מזו,מיליליטרים,200.00,"100 מ""ל",false,1,15.90,7.95,true,1,
7290017142364,false,"שמן דלעת לא מזוכך עץ הזית 250 מ""ל",עץ השדה,SI,שמן דלעת לא מזוכך עץ,מיליליטרים,250.00,"100 מ""ל",false,1,41.90,16.76,true,1,
7290017142371,false,"שמן שומשום עץ הזית 250 מ""ל",,SI,שמן שומשום עץ הזית 2,מיליליטרים,250.00,"100 מ""ל",false,1,31.50,12.60,true,1,
7290017142395,false,טונה עם פסטה בשמן זית 160 גרם עץ הזית,,TH,טונה עם פסטה בשמן זי,גרמים,160.00,100 גרם,false,1,13.90,8.69,true,1,
7290017142401,false,קינואה לבנה ואדומה עם טונה בשמן זית 160 ג',ג'נרל מילס סאן אדריא,TH,טונה עם קינואה לבנה/,גרמים,160.00,100 גרם,false,1,13.90,8.69,true,1,
7290017142456,false,מארז נתחי טונה בהירה בשמן זית 2 * 160 ג' עץ הזית,,TH,נתחי טונה בשמן זית 1,גרמים,320.00,100 גרם,false,1,20.90,6.53,true,1,
7290017142487,false,בורגול עם גרגירי חומוס עם טונה בשמן זי,,TH,בורגול עם גרגירי חומ,גרמים,160.00,100 גרם,false,1,13.90,8.69,true,1,
7290017180588,false,ריבת בצל יין אדום וסויה 250 גרם,,IL,ריבת בצל יין אדום וס,גרמים,250.00,100 גרם,false,1,18.90,7.56,true,1,
7290017181363,false,רוטב לשקשוקה דודה ברטה 700 גרם,,IL,רוטב לשקשוקה דודה בר,גרמים,700.00,100 גרם,false,1,23.90,3.41,true,1,
7290017189536,false,"עוגיות כוסמין מלא א.מלך ללת""ס 250 גר",,IL,עוגיות כוסמין מלא א.,גרמים,250.00,100 גרם,false,1,17.90,7.16,true,1,
7290017232089,false,שוקולד מריר שבבי שקדים קפה טבעוני 100,,,שוקולד מריר שבבי שקד,גרמים,100.00,100 גרם,false,1,36.90,36.90,true,1,
7290017242507,false,ביו דופילוס פלוס סופהרב 60 כמוסות,,IL,ביו דופילוס פלוס סופ,Unknown,0.00,Unknown,false,1,99.90,99.90,true,1,
7290017320038,false,מאג שח/לב HAPPY,,,מאג ניו בון ציינה HA,Unknown,0.00,Unknown,false,1,9.90,9.90,true,1,
7290017325323,false,מיקס כוסמת אורז מלא/אדום אורגני 250 גרם,,IT,מיקס כוסמת אורז מלא/,גרמים,250.00,100 גרם,false,1,14.90,5.96,true,1,
7290017325613,false,משקה שיבולת שועל אורגני 1 ליטר הרדוף,סוי מג'יק,ES,משקה שיבולת שועל אור,מיליליטרים,1000.00,"100 מ""ל",false,1,11.90,1.19,true,1,
7290017325989,false,פסיליום קליפות אורגני 250 גרם,,IL,פסיליום קליפות אורגנ,גרמים,250.00,100 גרם,false,1,34.90,13.96,true,1,
7290017386263,false,"סירופ מייפל אורגני כרם 250 מ""ל",,,סירופ מייפל אורגני כ,מיליליטרים,250.00,"100 מ""ל",false,1,28.90,11.56,true,1,
7290017386973,false,"תמר סופר גמבו פטור ממע""מ 1 ק""ג",,IL,"תמר סופר גמבו 1 ק""ג",גרמים,1000.00,100 גרם,false,1,46.90,4.69,true,1,
7290017389004,false,משמש אוזבקי 160 גרם קופסא,,,משמש אוזבקי 200 גרם,גרמים,160.00,100 גרם,false,1,16.70,10.44,true,1,
7290017389011,false,מנגו מיובש ללא סוכר 160 גרם קופסא,שקדיה,IL,מנגו מיובש ללא סוכר,גרמים,160.00,100 גרם,false,1,22.90,14.31,true,1,
7290017389028,false,אננס מיובש ללא סוכר 160 גרם קופסא,,,אננס מיובש ללא סוכר,גרמים,160.00,100 גרם,false,1,20.90,13.06,true,1,
7290017457598,false,"מרכך כביסה סוד מרוכז סאמר בלוסום 900 מ""ל",,IL,מרכך כביסה סוד מרוכז,מיליליטרים,900.00,"100 מ""ל",false,1,15.60,1.73,true,1,
7290017457628,false,גל כביסה סוד טוטאל כחול 2.5 ליטר,הנקל סוד,IL,סוד גל לכביסה 2.5 לי,ליטרים,0.00,ליטר,false,1,21.90,21.90,true,1,
7290017457727,false,"סוד - מרכך כביסה מרוכז פרש סקיי 900 מ""ל",הנקל סוד,IL,מרכך כביסה סוד מרוכז,מיליליטרים,900.00,"100 מ""ל",false,1,15.60,1.73,true,1,
7290017457932,false,סוד מרכך כביסה מרוכז פרש קונטרול כחול,,IL,מרכך כביסה סוד פרש ק,מיליליטרים,900.00,"100 מ""ל",false,1,15.60,1.73,true,1,
7290017460062,false,פירורי לחם קייגון 400 גרם,,IL,פירורי לחם קייגון 40,גרמים,400.00,100 גרם,false,1,12.90,3.23,true,1,
7290017460086,false,פירורי לחם קלאסי זהב 400 גרם,,IL,פירורי לחם קלאסי זהב,גרמים,400.00,100 גרם,false,1,10.90,2.73,true,1,
7290017477268,false,שקד מולבן משובב 200 גרם,,IL,שקד מולבן משובב 200,גרמים,200.00,100 גרם,false,1,19.90,9.95,true,1,
7290017477299,false,געלה 200 גרם,,IL,געלה 200 גרם,גרמים,200.00,100 גרם,false,1,9.90,4.95,true,1,
7290017477305,false,זרעי ציה 250 גר שקדי,דין שיווק,IL,זרעי ציה 250 גרם,גרמים,250.00,100 גרם,false,1,9.90,3.96,true,1,
7290017477350,false,תערובת לסלט ירוק 200 גרם,,IL,תערובת לסלט ירוק,גרמים,200.00,100 גרם,false,1,9.90,4.95,true,1,
7290017477596,false,תמר מגהול פרימיום 400 ג' בקופסא,דין שיווק,IL,תמר מגהול פרימיום 40,גרמים,400.00,100 גרם,false,1,19.90,4.98,true,1,
7290017513393,false,תה ירוק ספירולינה וצמחים ירוקים 25 שקי,ויסוצקי,IL,תה ירוק ספירולינה וצ,גרמים,38.00,100 גרם,false,1,24.90,65.53,true,1,
7290017513409,false,תה ירוק SUPER GREEN 87 גרםבטעם אוכמניות ואסאי,HIQ FOOD PRODUCTS,IL,תה ירוק טעם אוכמניות,גרמים,38.00,100 גרם,false,1,24.90,65.53,true,1,
7290017513775,false,פליפז בייגלה מצופה שוקולד חלב 140 גרם,שוורצקוף& הנקל דיסלד,TR,בייגלה פליפז מצופה ב,גרמים,140.00,100 גרם,false,1,8.90,6.36,true,1,
7290017513782,false,פליפז בייגלה מצופה שוקולד מריר 140 גרם,שוורצקוף& הנקל דיסלד,TR,בייגלה פליפז מצופה ב,גרמים,140.00,100 גרם,false,1,8.90,6.36,true,1,
7290017513850,false,תה ירוק נענע 25 שקיקים בתוספת ויטמינים Cּּ+D,ויסוצקי,IL,תה ירוק נענע + ויטמי,גרמים,38.00,100 גרם,false,1,24.90,65.53,true,1,
7290017513867,false,תה ירוק לימונית לואיזה 25 שקיקים בתוספת ויטמין Cּּ+D,ויסוצקי,IL,תה ירוק לימונית לואי,גרמים,38.00,100 גרם,false,1,24.90,65.53,true,1,
7290017516059,false,חטיף פנגיאה קינואה ופירות יער,,,חטיף פנגיאה קינואה ו,Unknown,0.00,Unknown,false,1,7.90,7.90,true,1,
7290017516080,false,חטיף פנגיאה משמש קוקוס,,,חטיף פנגיאה משמש קוק,Unknown,0.00,Unknown,false,1,7.90,7.90,true,1,
7290017516318,false,חטיף חלבון פרוטאין שוקולד 50 גר,,,חטיף חלבון פרוטאין ש,גרמים,50.00,100 גרם,false,1,10.90,21.80,true,1,
7290017516448,false,"פנגיאה שוקולד קוקוס תמרים,שקדים 300 גרם",,IL,פנגיאה שוקולד קוקוס,גרמים,300.00,100 גרם,false,1,32.90,10.97,true,1,
7290017516479,false,פנגיאה פרוטאין וניל 50 גרם,,,פנגיאה פרוטאין וניל,גרמים,50.00,100 גרם,false,1,10.90,21.80,true,1,
7290017516615,false,"חטיף ספירולינה, תפוז קקאו וקוקס 40 גרם",,IL,"חטיף ספירולינה, תפוז",גרמים,40.00,100 גרם,false,1,9.90,24.75,true,1,
7290017599236,false,סוכרזית סטיוויה 200 טבליות,סנו מפעלי ברונוס.,IL,סוכרזית סטיוויה 200,Unknown,0.00,Unknown,false,1,26.90,26.90,true,1,
7290017617046,false,נתחי טונה בשמן זית כתית מעולה רביעיה * 140 ג',,,רביעיית טונה בשמן זי,גרמים,560.00,100 גרם,false,1,28.90,5.16,true,1,
7290017617091,false,סטארקיסט מיקס טוגו טונה עם פתיתים 185 גרם,דרדנל אוננטאס גידה,TR,סטארקיסט מיקס טו גו,גרמים,185.00,100 גרם,false,1,13.50,7.30,true,1,
7290017617138,false,טונה בשמן קנולה דל נתרן סטארקיסט 4*160 ג',סטארקיסט פודור,,סטארקיסט טונה קנולה,גרמים,640.00,100 גרם,false,1,24.90,3.89,true,1,
7290017617411,false,מיקס סלמון עם אורז מלא וירקות 160 ג' סטארקיסט,גראאל אס איי,PL,טונה סטארקיסט סלמון,גרמים,160.00,100 גרם,false,1,15.90,9.94,true,1,
7290017617428,false,מיקס סלמון עם פסטה ברוטב עגבניות 160 ג' סטארקיסט,,PL,טונה סטארקיסט סלמון,גרמים,160.00,100 גרם,false,1,15.90,9.94,true,1,
7290017617435,false,מיקס סלמון עם עדשים קינואה וירק 160 ג' סטארקיסט,גראאל אס איי,PL,טונה סטארקיסט סלמון,גרמים,160.00,100 גרם,false,1,15.90,9.94,true,1,
7290017647425,false,יין גמלא קברנה סוביניון 2019 750 מל,יקב רמת הגולן,,יין גמלא קברנה סובינ,Unknown,0.00,Unknown,false,1,64.40,64.40,true,1,
7290017647760,false,יין ירדן סירה 2019 750 מל,יקב רמת הגולן,IL,יין ירדן סירה 2019 7,Unknown,0.00,Unknown,false,1,109.90,109.90,true,1,
7290017647791,false,"יין ירדן קברנה סוביניון 2019 750 מ""ל",,,יין ירדן קברנה סובינ,Unknown,0.00,Unknown,false,1,119.90,119.90,true,1,
7290017671703,false,סט 2 מגבות פס כחול 100% כותנה ארקוסטיל,,,סט 2 מגבות מטבח פס כ,Unknown,0.00,Unknown,false,1,32.90,32.90,true,1,
7290017675015,false,טחינה היונה 450 גרם,היוצר,IL,טחינה היונה 450 גרם,גרמים,450.00,100 גרם,false,1,15.60,3.47,true,1,
7290017675060,false,טחינה שומשום מלא היונה 450 גרם,,IL,טחינה שומשום מלא הי,גרמים,450.00,100 גרם,false,1,15.60,3.47,true,1,
7290017677804,false,"רוטב סויה קיקומן 444 מ""ל",קיקומן,US,רוטב סויה קיקומן 444,מיליליטרים,444.00,"100 מ""ל",false,1,19.90,4.48,true,1,
7290017712208,false,פרמיו נתחי פילה עוף,סאטורן,DE,פרמיו נתחי פילה עוף,Unknown,0.00,Unknown,false,1,4.90,4.90,true,1,
7290017712239,false,פרמיו פטה עוף לכלב 150ג',סאטורן,DE,פרמיו שימורי מזון מל,Unknown,0.00,Unknown,false,1,5.90,5.90,true,1,
7290017712277,false,פרמיו פטה כבש לכלב 150ג',סאטורן,DE,פרמיו שימורי מזון מל,Unknown,0.00,Unknown,false,1,5.90,5.90,true,1,
7290017712659,false,הוריזן עוף לגור כלבי,סאטורן,DE,הוריזן עוף לגור כלבי,Unknown,1.00,Unknown,false,1,4.90,4.90,true,1,
7290017712666,false,הוריזן בקר לכלב ננסי,סאטורן,DE,הוריזן בקר לכלב ננסי,Unknown,1.00,Unknown,false,1,4.90,4.90,true,1,
7290017712741,false,פרמיו כבש 100 ג,,,פרמיו כבש 100 ג,Unknown,0.00,Unknown,false,1,4.90,4.90,true,1,
7290017715674,false,A2 זית ירוק חרוזית תומר 560 גרם,,IL,A2 זית ירוק חרוזית ת,גרמים,560.00,100 גרם,false,1,7.90,1.41,true,1,
7290017744162,false,שימורי דגים שפרוטים מעושנים ברוטב עגבניות 250 גרם,,,שימורי שפרוטים מעושנ,גרמים,250.00,100 גרם,false,1,12.50,5.00,true,1,
7290017757544,false,מחבת עמוק 20 סמ ציפו,,,מחבת עמוק 20 סמ ציפו,Unknown,0.00,Unknown,false,1,69.90,69.90,true,1,
7290017757551,false,מחבת עמוק 22 סמ ציפו,,,מחבת עמוק 22 סמ ציפו,Unknown,0.00,Unknown,false,1,79.90,79.90,true,1,
7290017791142,false,קרקר כוסמין מלא שקית,פת במלח,IL,קרקר כוסמין מלא שקית,גרמים,225.00,100 גרם,false,1,26.50,11.78,true,1,
7290017791203,false,קרקר כוסמין מלא סלק שקית,פת במלח,IL,קרקר כוסמין מלא סלק,גרמים,225.00,100 גרם,false,1,26.50,11.78,true,1,
7290017812373,false,יין כרמל פרייבט קולקשן שרדונה,,IL,יין P.C שרדונה 375,מיליליטרים,375.00,"100 מ""ל",false,1,21.90,5.84,true,1,
7290017812571,false,יין תירוש אדום 100%ה טבעי 1 ליטר,"כד בני דרום בע""מ",IL,יין תירוש אדום 100%,Unknown,0.00,Unknown,false,1,19.90,19.90,true,1,
7290017812830,false,"יין רוזה פרייבט קולקשיין 750 מ""ל","כד בני דרום בע""מ",IL,"יין רוזה 750 מ""ל P.C",Unknown,0.00,Unknown,false,1,37.90,37.90,true,1,
7290017812885,false,יין קברנה סוביניון בלאן גוורצטרמינר,אגודת הכורמים א.ת אל,IL,יין סוביניון בלאן גו,Unknown,0.00,Unknown,false,1,37.90,37.90,true,1,
7290017816012,false,קרם קרקר כוסמין מקור הכוסמין 250 גר,,IL,קרם קרקר כוסמין מקור,גרמים,250.00,100 גרם,false,1,16.50,6.60,true,1,
7290017850177,false,מאקה שחורה אבקה 250 גרם,,,מאקה שחורה אבקה 250,גרמים,250.00,100 גרם,false,1,109.90,43.96,true,1,
7290017850207,false,לוקפרו 60 כמוסות,,,לוקפרו 60 כמוסות,Unknown,0.00,Unknown,false,1,149.90,149.90,true,1,
7290017870687,false,מרקייה מתכלה 7 מתכלה,HINDUSTAN ARECA PROD,IN,מרקייה מתכלה 7 מתכלה,Unknown,1.00,Unknown,false,1,12.90,12.90,true,1,
7290017870700,false,צלחת 7 מרובעת מתכלה מעץ דקל 10 יח',HINDUSTAN ARECA PROD,IN,צלחת 7 קטנה מרובעת,Unknown,1.00,Unknown,false,1,12.90,12.90,true,1,
7290017870724,false,צלחת 10 מרובעת מתכלה מעץ דקל 10 יח',HINDUSTAN ARECA PROD,IN,צלחת 10 ענקית מרובע,Unknown,1.00,Unknown,false,1,14.90,14.90,true,1,
7290017870755,false,צלחת 10 מתכלה מעץ דקל 10 יח',HINDUSTAN ARECA PROD,IN,צלחת 10 ענקית מתכל,Unknown,1.00,Unknown,false,1,14.90,14.90,true,1,
7290017871363,false,פמילי יהלום- פמלי סבון ידיים מועשר בשמן מקדמיה לניקוי וטיפוח עור הידיים,המאפיה של הרמן,TR,סבון ידיים פמלי יהלו,מיליליטרים,500.00,"100 מ""ל",false,1,10.90,2.18,true,1,
7290017872056,false,"פמלי אל סבון סדרה לבנה- שלישייה 500 מ""ל",אברנסל קוסמטיקס,TR,אל סבון פמלי הסדרה ה,מיליליטרים,1500.00,"100 מ""ל",false,1,17.70,1.18,true,1,
7290017872063,false,"אל סבון פמלי ארומתרפי שלישייה 500*3 מ""ל",אברנסל קוסמטיקס,TR,אל סבון פמלי ארומתרפ,מיליליטרים,1500.00,"100 מ""ל",false,1,17.70,1.18,true,1,
7290017888019,false,"משקה תפוח רימון סלק גינגיר פרות &ווג 350 מ""ל",יפאורה תבורי בעמ,IL,פרוט & ווג תפוח רימו,מיליליטרים,350.00,"100 מ""ל",false,1,7.50,2.14,true,1,
7290017888026,false,"משקה אננס תפוח גזר פרות & ווג 350 מ""ל",יפאורה תבורי בעמ,IL,פרוט & וג אננס תפוח,מיליליטרים,350.00,"100 מ""ל",false,1,7.50,2.14,true,1,
7290017888033,false,"משקה בננה מלון נענע פרות &ווג 350 מ""ל",יפאורה תבורי בעמ,IL,פרוט & וג בננה מלון,מיליליטרים,350.00,"100 מ""ל",false,1,7.50,2.14,true,1,
7290017888071,false,"שוופס מוגז עדין פירות יער 330 מ""ל פחית",,IL,שוופס מוגז עדין פירו,מיליליטרים,330.00,"100 מ""ל",false,1,4.50,1.36,true,1,
7290017888088,false,"שוופס מוגז עדין אפרסק 330 מ""ל פחית",,IL,שוופס מוגז עדין אפרס,מיליליטרים,330.00,"100 מ""ל",false,1,4.50,1.36,true,1,
7290017888347,false,"מי עדן ספורט 0.500 מ""ל",,IL,מי עדן אישי 500 מל,מיליליטרים,500.00,"100 מ""ל",false,1,2.90,0.58,true,1,
7290017888354,false,מי עדן GYM בקבוק ספו,מי עדן,IL,מים ספורט 750 מל,מיליליטרים,750.00,"100 מ""ל",false,1,3.00,0.40,true,1,
7290017888644,false,"משקה אננס בננה כורכום פרות & ווג 350 מ""ל","יפאורה תבורי בע""מ",IL,פרוט & וג בננה מלון,מיליליטרים,350.00,"100 מ""ל",false,1,7.50,2.14,true,1,
7290017888729,false,שוופס סודה בקבוק 1 ל',"יפאורה תבורי בע""מ",IL,שוופס סודה 1 ליטר,מיליליטרים,1000.00,"100 מ""ל",false,1,3.90,0.39,true,1,
7290017888972,false,בקבוק מי עדן פקק ספורט 1 ליטר,מופק ממקור בזלתי עדן,IL,מי עדן פקק ספורט 1 ל,מיליליטרים,1000.00,"100 מ""ל",false,1,4.10,0.41,true,1,
7290017894089,false,קמח שיבולת שועל דגש 400 גרם,אף. סי תבליני הגליל,IL,קמח שיבולת שועל דגש,גרמים,400.00,100 גרם,false,1,22.90,5.73,true,1,
7290017894096,false,ממרח בטעם מיונז טבעוני אורגני 350 גרם,אף.סי תבליני בגליל ב,DE,ממרח בטעם מיונז טבעו,גרמים,350.00,100 גרם,false,1,23.90,6.83,true,1,
7290017894102,false,פנה אורז תירס דגש 400 גרם,אנדריאני,IL,פנה אורז תירס דגש 40,גרמים,400.00,100 גרם,false,1,10.90,2.73,true,1,
7290017894201,false,סודה לשתייה ללא אלומיניום דגש 500 גרם,,IL,סודה לשתייה ללא אלומ,גרמים,500.00,100 גרם,false,1,18.90,3.78,true,1,
7290017894225,false,גרנולה ש.שועל מלאה ואגוזים דגש 250 גרם,דגש,IL,גרנולה ש.שועל מלאה ו,גרמים,250.00,100 גרם,false,1,21.90,8.76,true,1,
7290017894256,false,"פריכיות מאורז מלא לל""ג דגש 230 גרם",דגש,IL,פריכיות מאורז מלא לל,גרמים,230.00,100 גרם,false,1,14.90,6.48,true,1,
7290017907208,false,קמח תמי רב תכליתי ללא גלוטן 500 גרם,מנדלז סי.אר. פרודקשן,IL,קמח תמי רב תכליתי לל,גרמים,500.00,100 גרם,false,1,18.80,3.76,true,1,
7290017910710,false,סכין אבטיח 6/12,,,סכין אבטיח 6/12,Unknown,0.00,Unknown,false,1,39.90,39.90,true,1,
7290017925554,false,"חמישיית בירה לאגר באדוויזר 5*330 מ""ל+כוס",,,חמישיית בירה לאגר בא,מיליליטרים,1650.00,"100 מ""ל",false,1,32.90,1.99,true,1,
7290017925967,false,"מאגדת רביעיה בירה מלכה 4*330 מ""ל",,IL,מאגדת רביעיה בירה מל,מיליליטרים,1320.00,"100 מ""ל",false,1,49.30,3.73,true,1,
7290017928043,false,מאיר בייגל גריסיני קראנץ' מלח 175 ג',,IL,גריסיני קראנץ מלח 17,גרמים,175.00,100 גרם,false,1,12.50,7.14,true,1,
7290017928227,false,מאיר בייגלה שטוחלה פינוקים 300 ג',,IL,בייגלה שטוחלה פינוקי,גרמים,300.00,100 גרם,false,1,12.50,4.17,true,1,
7290017928449,false,מאיר בייגל שטוחלה פרו מלח 170 ג',,IL,בייגלה שטוחלה פרו מל,גרמים,170.00,100 גרם,false,1,12.50,7.35,true,1,
7290017928463,false,מאיר בייגל -סמאש-שבורים בטעם דבש חרדל ובצל 300 גרם,,BG,סמאש שבורים בטעם דבש,גרמים,300.00,100 גרם,false,1,15.60,5.20,true,1,
7290017928630,false,מאיר בייגל ריסיני קראנץ פינוקים 175 גרם,,IL,גריסיני קראנץ פינוקי,גרמים,175.00,100 גרם,false,1,12.50,7.14,true,1,
7290017928821,false,מאיר בייגל מקלות גריסיני קלאסי 200 ג',,IL,מקלות גריסיני קלאסי,גרמים,200.00,100 גרם,false,1,12.50,6.25,true,1,
7290017932088,false,גאלה תחתית אפויה לפאי 170 גרם,,US,בסיס פאי אפוי 170 גר,גרמים,170.00,100 גרם,false,1,15.60,9.18,true,1,
7290017932316,false,רוטב עגבניות לפסטה עם שמן זית 680 גר' דיניקולה,,,רוטב פסטה עגבניות שמ,מיליליטרים,680.00,"100 מ""ל",false,1,17.90,2.63,true,1,
7290017946399,false,"מרכך כביסה מרוכז ארומתרפי אדום 900 מ""ל סוד",,IL,מרכך כביסה סוד מרוכז,מיליליטרים,900.00,"100 מ""ל",false,1,15.60,1.73,true,1,
7290017946597,false,סוד מרכך מרוכז ארומתרפי זהב 1.8 ליטר,,TR,סוד מרכך מרוכז ארומת,ליטרים,0.00,ליטר,false,1,22.90,22.90,true,1,
7290017946979,false,ג'ל מרוכז לכביסה מנטרל ריחות 2.4 ל' פרסיל,,IL,פרסיל גל לכביסה 2.4,מיליליטרים,2.00,"100 מ""ל",false,1,36.50,1825.00,true,1,
7290017962023,false,גרנולה מייפל תמר פקאן 330 גרם,דני וגלית בעמ,IL,גרנולה מייפל תמר פקא,גרמים,330.00,100 גרם,false,1,21.90,6.64,true,1,
7290017973982,false,פרוסות דג שיבוט אלבין מיובש עם צילי 100,,,פרוסות דג שיבוט אלבי,גרמים,100.00,100 גרם,false,1,13.90,13.90,true,1,
7290017983134,false,יין אדיר כרם בן זמרה מקסלן רוזה 750 מל,,IL,יין אדיר כרם בן זמרה,Unknown,0.00,Unknown,false,1,93.90,93.90,true,1,
7290018043585,false,"פראוד מי חלבון בטעם פירות יער 500 מ""ל",,NL,פראוד מי חלבון בטעם,מיליליטרים,500.00,"100 מ""ל",false,1,15.90,3.18,true,1,
7290018045695,false,דגנים במילוי קרם קרמל מלוח 480 ג' BON & BON,,DE,דגניםבמילוי קרם קרמל,מטרים,0.00,מטר,false,1,23.90,23.90,true,1,
7290018080313,false,מגבון חיטוי וניקוי העור 60 מגבונים,,,מגבון חיטוי וניקוי ה,Unknown,0.00,Unknown,false,1,13.90,13.90,true,1,
7290018091272,false,בצק עוגיות קקאו טריפל שוקולד ציפס מעדנו,מעדנות,IL,בצק עוגיות קקאו טריפ,גרמים,300.00,100 גרם,false,1,17.90,5.97,true,1,
7290018131053,false,נסטלה מאגדת קרחוני לימון אננס וולנס 70X10 גרם,גלידות נסטלה (נגה גל,IL,מאגדת מאגדת קרחוני ו,גרמים,780.00,100 גרם,false,1,26.90,3.45,true,1,
7290018131251,false,אקסטרים מטבע שוקולד לבן וליבת קרם עוגיות 115ג',גלידות נסטלה (נגה גל,IL,אקסטרים מטבע שוקולד,גרמים,128.00,100 גרם,false,1,10.00,7.81,true,1,
7290018131879,false,אקסטרים טילון ריבת חלב מאגדת 6 יח 432 גר,גלידות נסטלה (נגה גל,IL,אקסטרים טילון ריבת ח,גרמים,432.00,100 גרם,false,1,33.90,7.85,true,1,
7290018131954,false,מאגדת לה פרוטה תות שוקולד 70X5 גרם,נסטלה,IL,לה פרוטה תות נסטלה 3,מיליליטרים,350.00,"100 מ""ל",false,1,34.50,9.86,true,1,
7290018132340,false,מטרנה גולד בדץ שלב1 700גר,,,מטרנה גולד שלב 1 700,גרמים,700.00,100 גרם,false,1,74.90,10.70,true,1,
7290018132425,false,מטרנה גולד שלב 3 700 גרם,,IL,מטרנה גולד שלב 3 700,גרמים,700.00,100 גרם,false,1,74.90,10.70,true,1,
7290018192023,false,מקלות סלרי ארוז יח',"מרינה פטריות הגליל בע""מ",IL,גבעול סלרי,Unknown,0.00,Unknown,false,1,5.90,5.90,true,1,
7290018198056,false,תפוגן קוביות תפוחי אדמה 9*1.5קג,,,ציפס קוביות תפוגן 1.,גרמים,1500.00,100 גרם,false,1,27.50,1.83,true,1,
7290018249154,false,ממרח קקאו סוויטאנגו 350 גר,,,ממרח קקאו סוויטאנגו,גרמים,350.00,100 גרם,false,1,33.90,9.69,true,1,
7290018249444,false,אבקת ממתיק סוכר שוקו סוויטאנגו 400 גר,קרלו,EG,אבקת ממתיק סוכר שוקו,גרמים,400.00,100 גרם,false,1,39.90,9.98,true,1,
7290018249550,false,אינסטנט פודינג שוקולד סוויטאנגו 55 גר,מתבל תעשיות מזון,IL,אינסטנט פודינג שוקול,גרמים,55.00,100 גרם,false,1,12.90,23.45,true,1,
7290018249727,false,אבקת ממתיק סוכר סוויטאנגו 400 גר,,,אבקת ממתיק סוכר סווי,גרמים,400.00,100 גרם,false,1,39.90,9.98,true,1,
7290018249994,false,סוויטאנגו ממתיק בצנצ,מתבל תעשיות מזון,IL,סוויטאנגו 700 גרם,גרמים,700.00,100 גרם,false,1,56.90,8.13,true,1,
7290018285060,false,רוטב עגבנייה דר שקשוקה 400 גרם,,,רוטב עגבנייה דר שקשו,גרמים,400.00,100 גרם,false,1,14.90,3.73,true,1,
7290018285077,false,רוטב עגבנייה פיקנטי דר שקשוקה 400 גרם,,,רוטב עגבנייה פיקנטי,גרמים,400.00,100 גרם,false,1,14.90,3.73,true,1,
7290018293805,false,מיץ עגבניות אורגני 1 ליטר,,,מיץ עגבניות אורגני 1,מיליליטרים,1000.00,"100 מ""ל",false,1,17.90,1.79,true,1,
7290018294208,false,"סלקטד אדום יין ישראלי, 750 מ""ל","כד בני דרום בע""מ",IL,יין אדום ישראלי 750,Unknown,0.00,Unknown,false,1,30.90,30.90,true,1,
7290018338049,false,"שמן אבוקדו כבישה קרה 250 מ""ל",פולאן פולסקו,ES,שמן אבוקדו כבישה קרה,מיליליטרים,250.00,"100 מ""ל",false,1,22.90,9.16,true,1,
7290018338339,false,שמן חמניות אורגני 1 ליטר,,IT,שמן חמניות אורגני 1,מיליליטרים,1000.00,"100 מ""ל",false,1,26.90,2.69,true,1,
7290018338384,false,אריתריטול 310 גרם,,CN,אריתריטול 310 גרם,גרמים,310.00,100 גרם,false,1,19.90,6.42,true,1,
7290018338438,false,פניני טפיוקה קטן 400 גרם,,,פניני טפיוקה קטן 400,גרמים,400.00,100 גרם,false,1,8.90,2.23,true,1,
7290018338803,false,קמח שקד קלוף תבואות,תבואות,US,קמח שקד קלוף 250 גרם,גרמים,250.00,100 גרם,false,1,20.90,8.36,true,1,
7290018359495,false,תירס מהשדה בלי תוספת סוכר יכין 550 גרם,היינץ צפון אמריקה מק,IL,תירס מהשדה ללא תוספת,גרמים,550.00,100 גרם,false,1,9.90,1.80,true,1,
7290018359518,false,תירס מהשדה בלי תוספת סוכר יכין מארז 200X3 גר',,,תירס מהשדה יכין 200*,גרמים,600.00,100 גרם,false,1,14.90,2.48,true,1,
7290018359587,false,חומוס הקטניה הטובה יכין מארז 3*200 גר,,IL,חומוס הקטניה הטובה י,גרמים,600.00,100 גרם,false,1,12.90,2.15,true,1,
7290018359662,false,קוביות סלק יכין מארז 3*200 גר,,,קוביות סלק יכין מארז,גרמים,600.00,100 גרם,false,1,15.90,2.65,true,1,
7290018359716,false,רוטב עגבניות פיצה טוסקנה 240 גרם יכין,"זנלכל בע""מ",IL,רוטב עגבניות פיצה ט,גרמים,240.00,100 גרם,false,1,6.50,2.71,true,1,
7290018359938,false,"רוטב עגבניות לשקשוקה יכין, 400 גרם",יכין,IL,רוטב עגבניות לשקשוקה,גרמים,400.00,100 גרם,false,1,11.90,2.98,true,1,
7290018359952,false,רוטב עגבניות לפסטה יכין 400 גרם,יכין,IL,רוטב עגבניות לפסטה י,גרמים,400.00,100 גרם,false,1,11.90,2.98,true,1,
7290018367346,false,שומשום בטעם וואסבי 100 גרם,Flavor full foods in,TW,שומשום בטעם וואסבי 1,גרמים,100.00,100 גרם,false,1,18.90,18.90,true,1,
7290018371183,false,זיתי קלמטה שלמים אורגני 300 גרם,,GR,זיתי קלמטה שלמים אור,גרמים,300.00,100 גרם,false,1,15.90,5.30,true,1,
7290018371503,false,וופל קמח כוסמין אגוזים אורגני 200 גרם,"רוקחמן בע""מ",IL,וופל קמח כוסמין אגוז,גרמים,200.00,100 גרם,false,1,15.90,7.95,true,1,
7290018380000,false,מלפפון במלח 10-12 + 20% 670 גרם,,IL,מלפפון במלח 10-12 +,גרמים,670.00,100 גרם,false,1,7.30,1.09,true,1,
7290018380024,false,מלפפון במלח 13-17+ 20 % 670 ג' תומר,,IL,מלפפון במלח 13-17 +,גרמים,670.00,100 גרם,false,1,9.40,1.40,true,1,
7290018380802,false,רגא'מה תבשיל הודי חומוס 300 גרם,,,תבשיל הודי חומוס 300,גרמים,300.00,100 גרם,false,1,11.90,3.97,true,1,
7290018394038,false,פיטריות שיטאקי מיובשות חוות תקוע,חקלאי,IL,פיטריות שיטאקי מיובש,Unknown,0.00,Unknown,false,1,10.90,10.90,true,1,
7290018394083,false,שום פנינה 250 גר,,,שום פנינה 250 גר,גרמים,250.00,100 גרם,false,1,21.90,8.76,true,1,
7290018400470,false,כרישה חתוכה מוקפאת 600 גרם סנפרוסט,,IL,כרישה חתוכה מוקפאת 6,גרמים,600.00,100 גרם,false,1,18.90,3.15,true,1,
7290018400647,false,סמודיז בננה תמר סנפרוסט 300 גרם,"סנפרוסט בע""מ",IL,סמודיז בננה תמר סנפר,גרמים,300.00,100 גרם,false,1,18.90,6.30,true,1,
7290018440230,false,צ'אי ורדים 25 שק' ויסוצקי,ויסוצקי,IL,צאי ורדים 25 שקיקים,גרמים,50.00,100 גרם,false,1,21.90,43.80,true,1,
7290018440247,false,צ'אי שקדים 25 שק' ויסוצקי,ויסוצקי,IL,צאי שקדים 25 שקיקים,גרמים,50.00,100 גרם,false,1,21.90,43.80,true,1,
7290018440438,false,טונה קאלוו איזי פליפ בשמן 65 גר*3,קאלוו,ES,טונה קאלוו איזי פליפ,גרמים,195.00,100 גרם,false,1,25.90,13.28,true,1,
7290018440476,false,פליפז בייגלה מצופה בקרם עוגת גבינה ותותים 140 גרם,אולקר מקבוצת פלאדיס,TR,140 בייגלה מצופה בקר,גרמים,140.00,100 גרם,false,1,8.90,6.36,true,1,
7290018440483,false,פליפז בייגלה מצופה בקרמל מלוח ושוקולד 140 גרם,שוורצקוף& הנקל דיסלד,TR,140 בייגלה מצופה בק,גרמים,140.00,100 גרם,false,1,8.90,6.36,true,1,
7290018440490,false,סלט טונה קאלוו עם קוסקוס 150 גר,,,סלט טונה קאלוו עם קו,גרמים,150.00,100 גרם,false,1,13.90,9.27,true,1,
7290018468401,false,פסטרמה צמחונית בטעם גריל 100 גר טירת צבי,טיב טירת צבי 2000,IL,פסטרמה צמחונית בטעם,גרמים,100.00,100 גרם,false,1,19.90,19.90,true,1,
7290018468418,false,פסטרמה צמחונית בטעם מפולפל 100 ג טירת צב,טיב טירת צבי 2000,IL,פסטרמה צמחונית בטעם,גרמים,100.00,100 גרם,false,1,19.90,19.90,true,1,
7290018468425,false,נקניק טבעוני בטעם פקנטי 100 גרם טירת צבי,טיב טירת צבי 2000,IL,נקניק טבעוני בטעם פק,גרמים,100.00,100 גרם,false,1,19.90,19.90,true,1,
7290018468432,false,נקניק טבעוני בטעם מעושן 100 גרם טירת צבי,טיב טירת צבי 2000,IL,נקניק טבעוני בטעם מע,גרמים,100.00,100 גרם,false,1,19.90,19.90,true,1,
7290018471111,false,"שוויפס מוחיטו ליים נענע 330 מ""ל",יפאורה שותפות מובגלת,IL,שוופס ליים מוחיטו 33,מיליליטרים,330.00,"100 מ""ל",false,1,5.70,1.73,true,1,
7290018471128,false,"ספרינג שייק אננס מנגו פסיפלורה זכוכית 330 מ""ל","יפאורה תבורי בע""מ",IL,ספרינג שייק אננס מנג,מיליליטרים,330.00,"100 מ""ל",false,1,8.50,2.58,true,1,
7290018471135,false,"ספרינג שייק בננה תמר תפוז זכוכית 330 מ""ל","יפאורה תבורי בע""מ",IL,ספרינג שייק בננה תמר,מיליליטרים,330.00,"100 מ""ל",false,1,8.50,2.58,true,1,
7290018471142,false,"ספרינג שייק בננה אננס קוקוס פירות יער זכוכית 330 מ""ל","יפאורה תבורי בע""מ",IL,ספרינג שייק בננה אננ,מיליליטרים,330.00,"100 מ""ל",false,1,8.50,2.58,true,1,
7290018471180,false,משקה פרוט& ווג' אננס תפוח גזר 1 ליטר,יפאורה תבורי בעמ,IL,פרוט & ווג אננס תפוח,מיליליטרים,1000.00,"100 מ""ל",false,1,14.90,1.49,true,1,
7290018471197,false,משקה פרוט& ווג' תפוח בננה מלון 1 ליטר,יפאורה תבורי בעמ,IL,פרוט & ווג תפוח בננה,מיליליטרים,1000.00,"100 מ""ל",false,1,14.90,1.49,true,1,
7290018471395,false,משקה פרוט& ווג' תפוח רימון ג'ינג'ר 1 ליטר,יפאורה תבורי בעמ,IL,פרוט & ווג תפוח רימו,מיליליטרים,1000.00,"100 מ""ל",false,1,14.90,1.49,true,1,
7290018471401,false,משקה פרוט& ווג' אננס בננה כורכום 1 ליטר,יפאורה תבורי בעמ,IL,פרוט & ווג אננס בננה,מיליליטרים,1000.00,"100 מ""ל",false,1,14.90,1.49,true,1,
7290018471449,false,קרטונית ספרינג שייק בננה תמר תפוז 1 ליטר,"יפאורה תבורי בע""מ",IL,ספרינג שייק בננה תמר,מיליליטרים,1000.00,"100 מ""ל",false,1,14.30,1.43,true,1,
7290018471470,false,תפוזינה נקטר תפוז פסיפלורה קרטונית 1 ליטר,"יפאורה תבורי בע""מ",IL,תפוזינה תפוז פסיפלור,מיליליטרים,1000.00,"100 מ""ל",false,1,7.60,0.76,true,1,
7290018471487,false,תפוזינה נקטר תפוז אננס קרטונית 1 ליטר,"יפאורה תבורי בע""מ",IL,תפוזינה תפוז אננס 1,מיליליטרים,1000.00,"100 מ""ל",false,1,7.60,0.76,true,1,
7290018471494,false,נקטר תפוז גזר קרטונית תפוזינה 1 ל',"יפאורה תבורי בע""מ",IL,תפוזינה תפוז גזר 1 ל,מיליליטרים,1000.00,"100 מ""ל",false,1,7.60,0.76,true,1,
7290018471616,false,שוופס אינדיאן טוניק 1 ליטר,"יפאורה תבורי בע""מ",IL,שוופס טוניק קלאסי 1,מיליליטרים,1000.00,"100 מ""ל",false,1,9.20,0.92,true,1,
7290018471630,false,שוופס טוניק מלפפון ליים 1 ליטר,"יפאורה תבורי בע""מ",IL,שוופס טוניק מלפפון ל,מיליליטרים,1000.00,"100 מ""ל",false,1,9.20,0.92,true,1,
7290018471692,false,ספרינג שייק בננה אננס קוקוס פירות יער קרטונית 1 ל',"יפאורה תבורי בע""מ",IL,ספרינג שייק בננה אננ,מיליליטרים,1000.00,"100 מ""ל",false,1,14.30,1.43,true,1,
7290018471906,false,שוופס מוגז פירות לימונדה ורודה 1.5 ליטר פיקדון,"יפאורה תבורי בע""מ",IL,שוופס מוגז לימונדה ו,ליטרים,0.00,ליטר,false,1,9.20,9.20,true,1,
7290018471913,false,שוופס מוגז פירות תפוחים 1.5 ליטר-,"יפאורה תבורי בע""מ",IL,שוופס מוגז תפוחים 1.,ליטרים,0.00,ליטר,false,1,9.20,9.20,true,1,
7290018471920,false,שוופס מוגז פירות ענבים 1.5 ליטר פיקדון,"יפאורה תבורי בע""מ",IL,שוופס מוגז ענבים 1.5,ליטרים,0.00,ליטר,false,1,9.20,9.20,true,1,
7290018471944,false,שוופס מוגז פירות לימונייד 1.5 ליטר פיקדון,"יפאורה תבורי בע""מ",IL,שוופס מוגז לימונייד,ליטרים,0.00,ליטר,false,1,9.20,9.20,true,1,
7290018471951,false,שוופס מוגז פירות אשכולית אדומה 1.5 ליטר פיקדון,"יפאורה תבורי בע""מ",IL,שוופס מוגז אשכולית א,ליטרים,0.00,ליטר,false,1,9.20,9.20,true,1,
7290018509111,false,"כוסות 180 מ""ל 75 יח' הנמל",,,"כוסות 180 מ""ל 75 יח",יחידה,1.00,יחידה,false,1,8.50,8.50,true,1,
7290018516065,false,פרמיו דליקט טונה וסלמון 56גר',סאטורן,DE,פרמיו דליקט טונה וסל,Unknown,1.00,Unknown,false,1,9.90,9.90,true,1,
7290018516324,false,פאוץ תפוח ושבולת שועל 120 ג' פירונק,,CZ,פאוץ פרינוק תפוח וש.,גרמים,120.00,100 גרם,false,1,6.50,5.42,true,1,
7290018516348,false,פאוץ סלט פירות ושבולת שועל 120 ג' פרינוק,,CZ,פאוץ פרינוק סלט פירו,גרמים,120.00,100 גרם,false,1,6.50,5.42,true,1,
7290018542156,false,צלחת 10 אבן שיש לבנ,,CN,צלחת 10 אבן שיש לבנ,Unknown,0.00,Unknown,false,1,41.90,41.90,true,1,
7290018542989,false,"קערה עגולה מתכלה 7.5"" סדרת שמש אר 20 יח' דנטס",,CN,קערה עגולה מתכלה 7.5,Unknown,1.00,Unknown,false,1,15.90,15.90,true,1,
7290018556832,false,"עראק דודו אשכולית 750 מ""ל",,IL,ערק דודו אשכולית 750,מיליליטרים,750.00,"100 מ""ל",false,1,72.90,9.72,true,1,
7290018593004,false,פטה שקדים טבעי פלנטי,פלנטי,IL,פטה שקדים טבעי 200 ג,גרמים,200.00,100 גרם,false,1,31.50,15.75,true,1,
7290018593011,false,פטה שקדים עשבי תיבול 200 גרם,פלנטי,IL,פטה שקדים עשבי תיבול,גרמים,200.00,100 גרם,false,1,31.50,15.75,true,1,
7290018593035,false,כמוצרלה קשיו פלנטי,פלנטי,IL,מוצרלה קשיו 200 גרם,גרמים,200.00,100 גרם,false,1,28.50,14.25,true,1,
7290018593066,false,אגוזנו בסגנון פרמזן 100 גרם,,,אגוזנו עשבי תיבול,גרמים,100.00,100 גרם,false,1,23.90,23.90,true,1,
7290018593301,false,קשיו כמהין חצי קשה טבעוני פלנטי 200 גרם,פלנטי,IL,קשיו כמהין חצי קשה ט,גרמים,200.00,100 גרם,false,1,29.90,14.95,true,1,
7290018641446,false,"ערק לימונדה מוגז 330 ""מ""ל",,IL,ערק לימונדה מוגז 33,מיליליטרים,330.00,"100 מ""ל",false,1,14.90,4.52,true,1,
7290018652213,false,מאגדת חטיפי גלידה קראנץ בר 41X6 גרם,נסטלה,IL,מאגדת קראנץ בר 298 ג,גרמים,298.00,100 גרם,false,1,24.90,8.36,true,1,
7290018652657,false,מאגדת לייט יוגורט ומנגו 52X6 גרם,נסטלה,IL,מאגדת לייט מנגו 275,גרמים,275.00,100 גרם,false,1,26.90,9.78,true,1,
7290018652671,false,"לה קרמריה שוקולד וניל 1.4 ליטר [תו אי""ל]",נסטלה,IL,לה קרמריה וולנס שוק,גרמים,700.00,100 גרם,false,1,18.90,2.70,true,1,
7290018652688,false,לה קרמריה טרופי ופירות אדומים 1.4 ל' נסטלה,נסטלה,IL,לה קרמריה פירות טרופ,גרמים,700.00,100 גרם,false,1,18.90,2.70,true,1,
7290018652886,false,נסטלה מאגדת מצופים שוקו בננה 8 יח',נגה גלידות,IL,מאגדת שוקו בננה 440,גרמים,450.00,100 גרם,false,1,29.90,6.64,true,1,
7290018652923,false,מאגדת תות עוגת גבינה שוקולד 5 *43 ג' נסטלה,נסטלה,IL,מאגדת 99 אספרסו שוקו,גרמים,275.00,100 גרם,false,1,27.90,10.15,true,1,
7290018677032,false,לחם שיפון מלא מתובל אורגני 375 גרם,,CZ,לחם שיפון מלא מתובל,גרמים,375.00,100 גרם,false,1,18.90,5.04,true,1,
7290018677285,false,PRO פתיתים מעדשים אדומות אורגני 250 גרם,,IT,PRO פתיתים מעדשים אד,גרמים,250.00,100 גרם,false,1,19.90,7.96,true,1,
7290018677308,false,PRO אטריות מעדשים צהובות אורגני 250 גרם,,IT,PRO אטריות מעדשים צה,גרמים,250.00,100 גרם,false,1,19.90,7.96,true,1,
7290018677377,false,"גרנולה ש""ש שוקולד לל""ג 300 גרם",,IL,"גרנולה ש""ש שוקולד לל",גרמים,300.00,100 גרם,false,1,23.90,7.97,true,1,
7290018681596,false,משקה שיבולת שועל בריסטה אורגני 1 ליטר,,IT,משקה שיבולת שועל ברי,מיליליטרים,1000.00,"100 מ""ל",false,1,10.90,1.09,true,1,
7290018681787,false,גרנולה עשירה כרם 444 גרם,,IL,גרנולה עשירה כרם 444,גרמים,444.00,100 גרם,false,1,19.90,4.48,true,1,
7290018703229,false,חטיף חלבון שוקולד אגוזים פראוד 60 גרם,,,חטיף חלבון שוקולד אג,גרמים,60.00,100 גרם,false,1,13.90,23.17,true,1,
7290018708118,false,בארכה חלבה וניל פיסטוק ללא סוכר 350 ג,,,בארכה חלבה וניל פיסט,גרמים,350.00,100 גרם,false,1,17.30,4.94,true,1,
7290018708125,false,בארכה חלבה מסולסלת וניל 250 גרם,בארכה,IL,בארכה חלבה מסולסלת ו,גרמים,250.00,100 גרם,false,1,16.50,6.60,true,1,
7290018724071,false,קקאו אורגני נטורלה 100 גרם,לוקס פרודקטס,IL,קקאו אורגני נטורלה 1,גרמים,100.00,100 גרם,false,1,17.90,17.90,true,1,
7290018749210,false,מיני כיסונים קלאסיים במילוי בשר והודו למ,,,מיני כיסונים קלאסיים,גרמים,600.00,100 גרם,false,1,31.90,5.32,true,1,
7290018777275,false,חטיף חלבון בטעם עוגיות וניל 50 ג' VEG PROTEIN,טבע ירוק,IL,חטיף חלבון עוגיות ונ,גרמים,50.00,100 גרם,false,1,9.90,19.80,true,1,
7290018792841,false,אבקת קקאו טבעי גאנה 150 גר,גאנס לודרס,IL,אבקת קקאו טבעי גאנה,גרמים,150.00,100 גרם,false,1,9.90,6.60,true,1,
7290018835012,false,באר אקסטרה בציפוי שוקולד חלב 5 יח 90 גר,,,באר אקסטרה בציפוי שו,גרמים,90.00,100 גרם,false,1,12.90,14.33,true,1,
7290018860984,false,אטריות ביצים דקות 400 גרם,,CN,אטריות ביצים דקות 40,גרמים,400.00,100 גרם,false,1,9.90,2.48,true,1,
7290018860991,false,אטריות ביצים רחבות 400 גרם,,CN,אטריות ביצים רחבות 4,גרמים,400.00,100 גרם,false,1,9.90,2.48,true,1,
7290018893005,false,"חטיפי בייגלה אפוי בטעם חרדל ודבש, 160 גרם",,RO,בייגלה ציוקטה חרדל ו,גרמים,160.00,100 גרם,false,1,7.90,4.94,true,1,
7290018893401,false,צ'וקטה שוקולד מריר 70% פרימיום,,,צוקטה שוקולד מריר 7,גרמים,100.00,100 גרם,false,1,7.90,7.90,true,1,
7290018893456,false,צוקטה עוגות אישיות במילוי קרם 10*30 גר,פרדי קונדטוריה אס.פי,IT,צוקטה עוגות אישיות ב,גרמים,300.00,100 גרם,false,1,15.60,5.20,true,1,
7290018893616,false,מארז צוקטה שוקולד מריר 48% 6*100 גר,,,מארז צוקטה שוקולד מר,גרמים,600.00,100 גרם,false,1,21.90,3.65,true,1,
7290018893845,false,פתי בר צוקטה ביסקוויט בטעם חמאה 400 גר,,ES,פתי בר צוקטה ביסקווי,גרמים,400.00,100 גרם,false,1,8.90,2.23,true,1,
7290018893852,false,חטיפי בייגלה דקיקים ופריכים שומשום צ'וקטה 200 ג',,RO,בייגלה ציוקטה בתוספת,גרמים,200.00,100 גרם,false,1,7.50,3.75,true,1,
7290018925065,false,מיץ פרימור תפוזים סחוט 2 ליטר-,גניר,IL,מיץ תפוזים סחוט 2 ל,מיליליטרים,2000.00,"100 מ""ל",false,1,27.90,1.40,true,1,
7290018925072,false,משקה קל לימונים ונענע 2 ל פרימור,גניר,IL,משקה קל לימונים ונענ,ליטרים,2.00,ליטר,false,1,27.90,13.95,true,1,
7290018949023,false,"גרופר משקה קל מוגז אורגני לימוננ 330 מ""ל",,IL,גרופר משקה קל מוגז א,מיליליטרים,330.00,"100 מ""ל",false,1,9.50,2.88,true,1,
7290018972083,false,קיינד א שווארמה בטורטיה 360 גרם,,IL,קיינד א שווארמה בטור,גרמים,360.00,100 גרם,false,1,21.90,6.08,true,1,
7290018972106,false,תומר כרובית מצופה 500 גרם,,IL,כרובית מצופה 500 גרם,גרמים,500.00,100 גרם,false,1,31.50,6.30,true,1,
7290018972113,false,תומר ברוקולי מצופה 500 גרם,,IL,ברוקולי מצופה תומר 5,גרמים,500.00,100 גרם,false,1,31.50,6.30,true,1,
7290018972618,false,"תמר מג'הול 1 ק""ג תומר",,IL,"תמר מגהול תומר 1 ק""ג",גרמים,1000.00,100 גרם,false,1,19.90,1.99,true,1,
7290018989005,false,שלישיית פולפה עגבניות טבעי יכין 400X3 גרם,זנלכל,IL,פולפה טבעית יכין 400,גרמים,1200.00,100 גרם,false,1,16.90,1.41,true,1,
7290019056027,false,שוופס מוגז פירות תפוחים ללא סוכר 1.5 ליטר פיקדון,"יפאורה תבורי בע""מ",IL,שוופס מוגז פירות,ליטרים,0.00,ליטר,false,1,8.70,8.70,true,1,
7290019056041,false,שוופס מוגז פירות לימונייד ללא סוכר 1.5 ליטר פיקדון,יפאורה תבורי,IL,שוופס מוגז ללא סוכר,ליטרים,0.00,ליטר,false,1,8.70,8.70,true,1,
7290019056058,false,שוופס מוגז עדין תפוח ליים 1.5 ליטר פיקדון,"יפאורה תבורי בע""מ",IL,שוופס מוגז עדין תפוח,ליטרים,0.00,ליטר,false,1,9.20,9.20,true,1,
7290019056065,false,שוופס מוגז עדין פירות יער 1.5 ליטר פיקדון,"יפאורה תבורי בע""מ",IL,שוופס מוגז עדין פירו,ליטרים,0.00,ליטר,false,1,9.20,9.20,true,1,
7290019056096,false,שוופס מוגז עדין אפרסק 1.5 ליטר פיקדון,"יפאורה תבורי בע""מ",IL,שוופס מוגז עדין אפרס,ליטרים,0.00,ליטר,false,1,9.20,9.20,true,1,
7290019056164,false,שוופס סודה 1.5 ליטר רביעייה פיקדון,"יפאורה תבורי בע""מ",IL,רביעיית שוופס סודה 1,ליטרים,0.00,ליטר,false,1,12.10,12.10,true,1,
7290019056171,false,שוופס סודה לימון 1.5 ליטר רביעייה פיקדון,"יפאורה תבורי בע""מ",IL,רביעיית שוופס סודה ל,ליטרים,0.00,ליטר,false,1,12.10,12.10,true,1,
7290019056188,false,שוופס סודה נענע ליים 1.5 ליטר רביעייה פיקדון,"יפאורה תבורי בע""מ",IL,רביעיית שוופס סודה נ,ליטרים,0.00,ליטר,false,1,12.10,12.10,true,1,
7290019056201,false,שוופס סודה פירות יער 1.5 ליטר רביעייה פיקדון,"יפאורה תבורי בע""מ",IL,שוופס סודה פירות יער,ליטרים,0.00,ליטר,false,1,12.10,12.10,true,1,
7290019056232,false,משקה מוגז בטעם ליים מוחיטו 1.5 ל' שוופס,"יפאורה תבורי בע""מ",IL,שוופס ליים מוחיטו 1.,ליטרים,0.00,ליטר,false,1,10.90,10.90,true,1,
7290019056294,false,שוופס ג'ינג'ר אייל 1.5 ליטר פיקדון,"יפאורה תבורי בע""מ",IL,שוופס גינגר 1.5 ליטר,ליטרים,0.00,ליטר,false,1,12.20,12.20,true,1,
7290019056300,false,משקה בטעם ביטר לימון 1.5 ל' שוויפס,"יפאורה תבורי בע""מ",IL,שוופס ביטר 1.5 ליטר,ליטרים,0.00,ליטר,false,1,12.20,12.20,true,1,
7290019056324,false,שוופס טוניק 1.5 ליטר פיקדון,"יפאורה תבורי בע""מ",IL,שוופס טוניק 1.5 ליטר,ליטרים,0.00,ליטר,false,1,12.20,12.20,true,1,
7290019056331,false,שוופס טוניק ללא סוכר 1.5 ליטר פיקדון,יפאורה תבורי בעמ,IL,שוופס טוניק ללא סוכר,ליטרים,0.00,ליטר,false,1,11.90,11.90,true,1,
7290019056355,false,תפוזינה לימונדה MIX לימונענע 1.5 ליטר,"יפאורה תבורי בע""מ",IL,תפוזינה לימונענע 1.5,ליטרים,0.00,ליטר,false,1,9.20,9.20,true,1,
7290019056362,false,תפוזינה ענבים 1.5 ליטר פיקדון,"יפאורה תבורי בע""מ",IL,תפוזינה ענבים 1.5 לי,ליטרים,0.00,ליטר,false,1,9.20,9.20,true,1,
7290019056379,false,תפוזינה תפוזים 1.5 ליטר פיקדון,"יפאורה תבורי בע""מ",IL,תפוזינה תפוזים 1.5 ל,ליטרים,0.00,ליטר,false,1,9.20,9.20,true,1,
7290019056393,false,תפוזינה תות בננה 1.5 ליטר פיקדון,"יפאורה תבורי בע""מ",IL,תפוזינה תות בננה 1.5,ליטרים,0.00,ליטר,false,1,9.20,9.20,true,1,
7290019056409,false,תפוזינה מנגו 1.5 ליטר פיקדון,"יפאורה תבורי בע""מ",IL,תפוזינה מנגו עסיסי 1,ליטרים,0.00,ליטר,false,1,9.20,9.20,true,1,
7290019056430,false,תפוזינה תפוזים לייט 1.5 ליטר פיקדון,"יפאורה תבורי בע""מ",IL,תפוזינה תפוזים לייט,ליטרים,0.00,ליטר,false,1,8.90,8.90,true,1,
7290019056447,false,תפוזינה אשכוליות לייט 1.5 ליטר פיקדון,"יפאורה תבורי בע""מ",IL,תפוזינה אשכוליות ליי,ליטרים,0.00,ליטר,false,1,8.90,8.90,true,1,
7290019056478,false,ספרינג טי קר אפרסק 1.5ליטר פיקדון,"יפאורה תבורי בע""מ",IL,משקה ספרינג טי אפרסק,ליטרים,0.00,ליטר,false,1,8.20,8.20,true,1,
7290019056508,false,פרוט ווטר ענבים 1.5 ליטר פיקדון,"יפאורה תבורי בע""מ",IL,FRUIT WATER ענבים 1.,ליטרים,0.00,ליטר,false,1,9.50,9.50,true,1,
7290019056522,false,פרוט ווטר תות 1.5 ליטר פיקדון,"יפאורה תבורי בע""מ",IL,FRUIT WATER תות 1.5,ליטרים,0.00,ליטר,false,1,9.50,9.50,true,1,
7290019056539,false,פרוט ווטר אפרסק 1.5 ליטר פיקדון,"יפאורה תבורי בע""מ",IL,FRUIT WATER אפרסק 1.,ליטרים,0.00,ליטר,false,1,9.50,9.50,true,1,
7290019056546,false,פרוט ווטר אבטיח 1.5 ליטר פיקדון,"יפאורה תבורי בע""מ",IL,FRUIT WATER אבטיח 1.,ליטרים,0.00,ליטר,false,1,9.50,9.50,true,1,
7290019056553,false,שישית מים מינרליים 2ל' עין גדי,עין גדי מים מינרליים,IL,שישיית מים עין גדי 2,ליטרים,0.01,ליטר,false,1,13.30,1330.00,true,1,
7290019056621,false,ספרינג פירות טרופיים 1.5 ליטר פיקדון,"יפאורה תבורי בע""מ",IL,ספרינג 1.5 ליטר פירו,ליטרים,0.00,ליטר,false,1,9.20,9.20,true,1,
7290019056638,false,ספרינג תות בננה 1.5 ליטר פיקדון,"יפאורה תבורי בע""מ",IL,ספרינג תות בננה 1.5,ליטרים,0.00,ליטר,false,1,9.20,9.20,true,1,
7290019056676,false,מיץ דיאט בטעם אשכוליות ואננס 1.5ל' ספרינג,"יפאורה תבורי בע""מ",IL,ספרינג אשכוליות אננס,ליטרים,0.00,ליטר,false,1,8.90,8.90,true,1,
7290019056881,false,מי סודה שוויפס 1.5ל',"כד בני דרום בע""מ",IL,שוופס סודה 1.5 ליטר,ליטרים,0.00,ליטר,false,1,3.80,3.80,true,1,
7290019056928,false,שוופס סודה פירות יער 1.5 ליטר,,IL,שוופס סודה פירות יער,ליטרים,0.00,ליטר,false,1,3.70,3.70,true,1,
7290019056942,false,מים עין גדי בקבוק 2,יפאורה,IL,מי עין גדי 2 ל,ליטרים,0.00,ליטר,false,1,2.80,2.80,true,1,
7290019056966,false,מי עדן בקבוק פיקדון 1.5 ליטר,יפאורה,IL,מי עדן 1.5 ליטר,ליטרים,0.00,ליטר,false,1,4.20,4.20,true,1,
7290019056973,false,שישיית מי עדן 1.5 ליטר משפחתי,מופק ממקור בזלתי עדן,IL,שישיית מי עדן 1.5 לי,ליטרים,0.01,ליטר,false,1,13.90,1390.00,true,1,
7290019078784,false,אבקת קקאו אורגנית 400 גרם,,IL,אבקת קקאו אורגנית 40,גרמים,400.00,100 גרם,false,1,32.90,8.23,true,1,
7290019108016,false,לאבנה טבעונית 20% שקדים 200 גרם,,IL,לאבנה טבעונית 20% שק,גרמים,200.00,100 גרם,false,1,14.90,7.45,true,1,
7290019153078,false,"שוופס ביטר למון לייט, 1.5 ליטר פקדון",,IL,שוופס ביטר למון לייט,ליטרים,0.00,ליטר,false,1,11.90,11.90,true,1,
7290019153115,false,"שוופס מוגז פירות למונייד פחית 330 מ""ל",,,שוופס מוגז פירות למו,מיליליטרים,330.00,"100 מ""ל",false,1,4.50,1.36,true,1,
7290019153252,false,שוופס סודה תפוח 1.5 ליטר רביעייה פיקדון,,IL,שוופס סודה תפוח 1.5,ליטרים,0.00,ליטר,false,1,12.10,12.10,true,1,
7290019153313,false,"משקהתפוח חמוציות אוכמניות 350 מ""ל פרות & ווג",יפאורה תבורי בעמ,IL,פרוט & וג תפוח חמוצי,מיליליטרים,350.00,"100 מ""ל",false,1,7.50,2.14,true,1,
7290019153344,false,מיץ בטעם סנגרייה 1.5 ל' תפוזינה,"יפאורה תבורי בע""מ",IL,תפוזינה סנגרייה 1.5,ליטרים,0.00,ליטר,false,1,9.20,9.20,true,1,
7290019153351,false,מיץ בטעם פינק אוזו 1.5 ל' תפוזינה,"יפאורה תבורי בע""מ",IL,תפוזינה פינק אוזו 1.,ליטרים,0.00,ליטר,false,1,9.20,9.20,true,1,
7290019153375,false,מיץ בטעם מוחיטו 1.5 ל' תפוזינה,"יפאורה תבורי בע""מ",IL,תפוזינה מוחיטו 1.5 ל,ליטרים,0.00,ליטר,false,1,9.20,9.20,true,1,
7290019176046,false,פילה טונה בשמן זות 160 גר,,LV,פילה טונה בשמן זות 1,גרמים,160.00,100 גרם,false,1,16.90,10.56,true,1,
7290019232162,false,"חליטת ""לילה טוב"" קמומיל מליסה 25 שקיקים ויסוצקי",ויסוצקי,IL,תה ויסוצקי חליטת ליל,יחידה,1.00,יחידה,false,1,25.90,25.90,true,1,
7290019232179,false,חליטת לילה טוב נענע 25 שקיקים ויסוצקי,ויסוצקי,IL,תה ויסוצקי ירוק נענע,יחידה,1.00,יחידה,false,1,25.90,25.90,true,1,
7290019232803,false,הולגריין ביסקוייט עם קרם חלב ושוקולד חלב 300 גרם,"אולקר ביסקווי סנאי,",TR,ביסקוויט הולגריין קר,גרמים,300.00,100 גרם,false,1,11.90,3.97,true,1,
7290019232834,false,בייגלה מצופה קרם עוגיות ושוקולד 140 ג' פליפז,אולקר מקבוצת פלאדיס,TR,בייגלה פליפז מצופה ק,גרמים,140.00,100 גרם,false,1,8.90,6.36,true,1,
7290019233046,false,זיתים זיתא קלמטה בלונד עם שמן זית,זיתא,IL,זית קלמטה בלונד זיתא,גרמים,215.00,100 גרם,false,1,13.90,6.47,true,1,
7290019297239,false,צימוק חום 250 גרם ששון הקולה,"דין שיווק וקליה בע""מ",,צימוק חום 330 גר,גרמים,330.00,100 גרם,false,1,14.60,4.42,true,1,
7290019297512,false,"רוטב רימונים שקדיה 340 מ""ל בדץ",,,רוטב רימונים שקדיה 3,מיליליטרים,340.00,"100 מ""ל",false,1,12.40,3.65,true,1,
7290019297536,false,חמאת בוטנים עם שברי בוטנים 510 גרם,,,חמאת בוטנים עם שברי,גרמים,510.00,100 גרם,false,1,14.20,2.78,true,1,
7290019297550,false,בוטנים מטוגנים בקופסא 185 גרם,קריניציה ויטמינה אס,IL,בוטנים מטוגנים בקוספ,גרמים,185.00,100 גרם,false,1,9.90,5.35,true,1,
7290019297628,false,שקד טבעי 150 גרם ששון הקולה,דין שיווק,IL,שקד טבעי 150 גרם ששו,גרמים,150.00,100 גרם,false,1,15.90,10.60,true,1,
7290019297635,false,שקד קלויים 150 גרם ששון הקולה,דין שיווק,IL,שקד קלויים 150 גרם ש,גרמים,150.00,100 גרם,false,1,17.70,11.80,true,1,
7290019393030,false,"קמח חיטה מלא 100% ללא צורך בניפוי 1 ק""ג האופה",,IL,האופהקמח חיטה מלא 10,גרמים,1000.00,100 גרם,false,1,8.90,0.89,true,1,
7290019393061,false,"קמח כוסמין 100% ללא צורך בניפוי 1 ק""ג האופה",,IL,האופה קמח כוסמין 100,גרמים,1000.00,100 גרם,false,1,15.90,1.59,true,1,
7290019443124,false,"בירה נגב אואזיס 330 מ""ל",הכרם משקאות חריפים ב,IL,בירה נגב אואזיס 330,מיליליטרים,330.00,"100 מ""ל",false,1,15.60,4.73,true,1,
7290022005562,false,קריספ פירורי לחם שום 300 גרם,,IL,קריספ שום 300 גרם,גרמים,300.00,100 גרם,false,0,7.90,2.63,true,1,
7290039353906,false,אכינפורס 50 מ`ל,,,אכינפורס 50 מ`ל,Unknown,0.00,Unknown,false,1,65.90,65.90,true,1,
7290069701151,false,פריזר דוקטורסקיה אוריגינל מזרע,,,פריזר דוקטורסקיה,Unknown,0.00,"ק""ג",true,0,75.00,75.00,true,1,
7290089617142,false,פטריות אופיאטה מוחמצפוסולסקי דבור 680 ג,,CN,פטריות אופיאטה מוחמ,גרמים,680.00,100 גרם,false,1,16.70,2.46,true,1,
7290100240137,false,"תרסיס למייבש כביסה כחול 500 מ""ל בדין","זוהר דליה, קיבוץ דלי",IL,בדין תרסיס למייבש כח,מיליליטרים,500.00,"100 מ""ל",false,1,22.50,4.50,true,1,
7290100240144,false,"תרסיס למייבש כביסה ורוד 500 מ""ל בדין","זוהר דליה, קיבוץ דלי",IL,בדין תרסיס למייבש ור,מיליליטרים,500.00,"100 מ""ל",false,1,22.50,4.50,true,1,
7290100240632,false,קרקר פתית 200-300ג' 6 דגנים 250 גרם,יוניליוור ישראל מזון,IL,"פתית 6 דגנים בד""צ 25",גרמים,250.00,100 גרם,false,1,16.90,6.76,true,1,
7290100243671,false,מרכך כביסה מרכך כביסה בדין אקסטרה 1 ל',יוניליוור סנאיי וי ט,TR,בדין אקסטרא כחול 960,מיליליטרים,960.00,"100 מ""ל",false,1,15.90,1.66,true,1,
7290100245231,false,מרק נמס בכוס ועוד ט.עוף שקדי מרק - קנור,יוניליוור ישראל מזון,IL,מרק נמס בכוס ועוד ט.,גרמים,50.00,100 גרם,false,1,6.90,13.80,true,1,
7290100249659,false,"רוטב לבישול קנור צ'ילי שום בד""צ",יוניליוור ישראל מזון,IL,קנור רוטב צילי שום 3,גרמים,320.00,100 גרם,false,1,14.60,4.56,true,1,
7290100321775,false,חזה עוף טרי,,,חזה עוף טרי,Unknown,0.00,"ק""ג",true,0,34.90,34.90,true,1,
7290100323038,false,כרעיים עוף טרי,,,כרעיים עוף טרי,Unknown,0.00,"ק""ג",true,0,22.90,22.90,true,1,
7290100330203,false,הודו שלם טרי,,,הודו שלם טרי,Unknown,0.00,"ק""ג",true,0,29.90,29.90,true,1,
7290100331118,false,חזה הודו נקבה טרי,,,חזה הודו נקבה טרי,Unknown,0.00,"ק""ג",true,0,33.90,33.90,true,1,
7290100411254,false,מחית תפוח ובננה 190 גר BELOVED ללא סוכר,,,מחית תפוח ובננה 190,גרמים,190.00,100 גרם,false,1,6.50,3.42,true,1,
7290100412763,false,"תחליב רחצה ד""ר עור לבנדר 700 מ""ל",,,תחליב רחצה לבנדר דר,מיליליטרים,700.00,"100 מ""ל",false,1,22.50,3.21,true,1,
7290100412800,false,"תחליב רחצה לעור יבש וילד פלאור דר עור 700 מ""ל",,,תחליב רחצה לעור יבש,מיליליטרים,700.00,"100 מ""ל",false,1,22.50,3.21,true,1,
7290100570234,false,אביזרי מטבח,,,אבזרי מטבח,Unknown,0.00,Unknown,false,1,12.90,12.90,true,1,
7290100570647,false,אבזרי מטבח,,,אבזרי מטבח,Unknown,0.00,Unknown,false,1,69.90,69.90,true,1,
7290100571279,false,אבזרי מטבח,,,אבזרי מטבח,Unknown,0.00,Unknown,false,1,39.90,39.90,true,1,
7290100572146,false,כ.סט מקפיאון,,,אבזרי מטבח,Unknown,0.00,Unknown,false,1,24.90,24.90,true,1,
7290100572368,false,אביזרי מטבח,,,אבזרי מטבח,Unknown,0.00,Unknown,false,1,19.90,19.90,true,1,
7290100572702,false,אביזרי מטבח ב-11.00,,,אביזרי מטבח,Unknown,0.00,Unknown,false,1,10.90,10.90,true,1,
7290100573396,false,אביזרי מטבח,,,אביזרי מטבח,Unknown,0.00,Unknown,false,1,9.90,9.90,true,1,
7290100573716,false,אביזרי מטבח,,,אביזרי מטבח,Unknown,0.00,Unknown,false,1,14.90,14.90,true,1,
7290100575055,false,אבזרי מטבח,,,אבזרי מטבח,Unknown,0.00,Unknown,false,1,29.90,29.90,true,1,
7290100575086,false,אביזרי מטבח ב-6.99,,,אבזרי מטבח,Unknown,0.00,Unknown,false,1,6.90,6.90,true,1,
7290100658338,false,פלמוליב כלים אוקסי כחול פורמולה חדשה,הנסיך- מפעל לייצור ט,GR,פלמוליב אוקסי פלוס כ,מיליליטרים,750.00,"100 מ""ל",false,1,11.90,1.59,true,1,
7290100680650,false,מנה חמה נודלס-אטריות ירקות טעם תאילנדי אסם 76 ג',THAI PRESIDENT FOODS,TH,מנה חמה נודלס טעם יר,גרמים,70.00,100 גרם,false,1,5.90,8.43,true,1,
7290100680667,false,אוסם - מנה חמה נודלס בטעם סצ'ואן 76 גרם,THAI PRESIDENT FOODS,TH,מנה חמה נודלס טעם סי,גרמים,76.00,100 גרם,false,1,5.90,7.76,true,1,
7290100680711,false,פירורית זהב אסם זהב 350ג',עינת תעשיות,IL,פירורית זהב 350 גרם,גרמים,350.00,100 גרם,false,1,8.80,2.51,true,1,
7290100680728,false,פירורית רגילה 350 ג' אוסם,מיוצר עי קונדיטוריית,IL,פירורית 350 גרם,גרמים,350.00,100 גרם,false,1,7.60,2.17,true,1,
7290100681138,false,אפרופו מארז שלישיה * 50ג' אסם,"אסם השקעות בע""מ",IL,מארז אפרופו 3*50 גרם,גרמים,150.00,100 גרם,false,0,12.90,8.60,true,1,
7290100683880,false,תבשילים משפחתיים פירה 260 גרם,"אסם השקעות בע""מ",IL,תבשילים משפחתיים פיר,גרמים,260.00,100 גרם,false,1,18.30,7.04,true,1,
7290100684139,false,פסטה אסם מיני מקרוני 500 גרם,פסטה זארה,IL,פסטה אסם מיני מקרוני,גרמים,500.00,100 גרם,false,1,5.90,1.18,true,1,
7290100685334,false,מרק עוף אמיתי מרכיבים טבעיים 400 גרם,"אסם השקעות בע""מ",IL,מרק עוף אמיתי מרכיבי,גרמים,400.00,100 גרם,false,1,21.70,5.43,true,1,
7290100685341,false,מרק תיבול טעם עוף זך רכיבים טיבעיים 400,"אסם השקעות בע""מ",IL,מרק תיבול טעם עוף זך,גרמים,400.00,100 גרם,false,1,16.60,4.15,true,1,
7290100686164,false,מארז מולטיפק ביסלי ברביקיו 6 יח 35 גר יח,מיוצר עי קונדיטוריית,IL,מארז מולטיפק ביסלי ב,גרמים,210.00,100 גרם,false,1,16.70,7.95,true,1,
7290100686171,false,מארז מולטיפק ביסלי גריל 6 יח 35 גר ליח,,,מארז מולטיפק ביסלי ג,גרמים,210.00,100 גרם,false,1,16.70,7.95,true,1,
7290100689301,false,אבקת מרק עוף זך עדיף אסם 400 גר',"אסם השקעות בע""מ",IL,מרק טעם עוף זך עדיף,גרמים,400.00,100 גרם,false,1,17.70,4.43,true,1,
7290100700020,false,גריסי פנינה סוגת 500 גר',האי נאם סי או אל.טי.,IL,גריסי פנינה 500 גרם,גרמים,200.00,100 גרם,false,1,5.90,2.95,true,1,
7290100700068,false,שעועית צבעונית 500 ג' סוגת,,,שעועית צבעונית 500 ג,גרמים,500.00,100 גרם,false,1,7.90,1.58,true,1,
7290100700075,false,פירורי לחם מוזהבים 200 ג' סוגת,"סוגת תעשיות בע""מ",IL,פירורי לחם מוזהבים 2,גרמים,200.00,100 גרם,false,1,4.10,2.05,true,1,
7290100700242,false,"אורז מלא עגול סוגת 1 ק""ג","סוגת תעשיות בע""מ",IL,"אורז מלא עגול 1 ק""ג",גרמים,1000.00,100 גרם,false,1,11.40,1.14,true,1,
7290100700266,false,פירורי לחם לבן סוגת 200ג',,IL,פירורי לחם לבנים 200,גרמים,200.00,100 גרם,false,1,4.10,2.05,true,1,
7290100700273,false,קינואה סוגת 500 גרם,האי נאם סי או אל.טי.,IL,קינואה 500 גרם,גרמים,500.00,100 גרם,false,1,13.90,2.78,true,1,
7290100700327,false,"גריסי פנינה סוגת 1 ק""ג",,,"גריסי פניניה 1 ק""ג",גרמים,1000.00,100 גרם,false,1,10.00,1.00,true,1,
7290100700334,false,קינואה לבנה סוגת 1,"סוגת תעשיות בע""מ",IL,"קינואה סוגת 1 ק""ג",קילוגרמים,0.00,"ק""ג",false,1,20.90,20.90,true,1,
7290100700365,false,"שעועית אדומה 1 ק""ג סוגת",,,"שעועית אדומה 1 ק""ג",גרמים,1000.00,100 גרם,false,1,20.80,2.08,true,1,
7290100700372,false,"אורז בסמטי מלא סוגת 1 ק""ג",האי נאם סי או אל.טי.,IL,"אורז בסמטי מלא 1 ק""ג",גרמים,1000.00,100 גרם,false,1,13.50,1.35,true,1,
7290100700389,false,"אורז אדום 1 ק""ג סוגת",,,"אורז אדום 1 ק""ג",גרמים,1000.00,100 גרם,false,1,15.60,1.56,true,1,
7290100700396,false,"אורז יסמין קלאסי 1 ק""ג סוגת",האי נאם סי או אל.טי.,IL,אורז יסמין קלאסי 1 ק,גרמים,1000.00,100 גרם,false,1,11.90,1.19,true,1,
7290100700402,false,"חומוס ענק 1 ק""ג סוגת",,,"חומוס ענק 1 ק""ג",גרמים,1000.00,100 גרם,false,1,15.90,1.59,true,1,
7290100700587,false,"בורגול ""סוגת"" 500 גרם",האי נאם סי או אל.טי.,IL,בורגול 500 גרם,גרמים,500.00,100 גרם,false,1,5.20,1.04,true,1,
7290100701126,false,שעועית מש 500 ג' סוגת,סוגת,IL,שעועית מש 500 גר,גרמים,500.00,100 גרם,false,1,12.50,2.50,true,1,
7290100701140,false,אורז ריזוטו ארבוריו 1 קג,"סוגת תעשיות בע""מ",IL,אורז ריזוטו ארבוריו,גרמים,1000.00,100 גרם,false,1,15.60,1.56,true,1,
7290100701157,false,"אורז לסושי סוגת 1 ק""ג",,IL,"אורז סושי 1 ק""ג",גרמים,1000.00,100 גרם,false,1,12.80,1.28,true,1,
7290100701300,false,קינואה אדומה 500 גר סוגת,,,קינואה אדומה 500 גר,גרמים,500.00,100 גרם,false,1,13.90,2.78,true,1,
7290100701331,false,"קמח רב תכליתי 1 ק""ג סוגת","שטיבל בע""מ - טחנות ק",IL,"קמח רב תכליתי 1 ק""ג",גרמים,1000.00,100 גרם,false,1,7.50,0.75,true,1,
7290100701386,false,"קמח לחלה סוגת 1 ק""ג","שטיבל בע""מ - טחנות ק",IL,"קמח לחלה 1 ק""ג סוגת",גרמים,1000.00,100 גרם,false,1,7.50,0.75,true,1,
7290100701409,false,קמח תירס סוגת 500 גר,,IL,קמח תירס 500 גרם,גרמים,500.00,100 גרם,false,1,6.90,1.38,true,1,
7290100701454,false,גרישה 500 גרם סוגת,"סוגת תעשיות בע""מ",IL,גרישה 500 גר,גרמים,500.00,100 גרם,false,1,4.90,0.98,true,1,
7290100701874,false,"קמח כוסמין 1 ק""ג סוגת",טחנות קמח שטיבל באר,IL,"קמח כוסמין 1 ק""ג סוג",גרמים,1000.00,100 גרם,false,1,14.90,1.49,true,1,
7290100701881,false,"קמח פיצה ופוקצה 1 ק""ג סוגת","שטיבל בע""מ - טחנת קמ",IL,"קמח פיצה ופוקצה 1 ק""",גרמים,1000.00,100 גרם,false,1,7.50,0.75,true,1,
7290100701898,false,"קמח פסטה 1 ק""ג סוגת",,,"קמח פסטה 1 ק""ג סוגת",גרמים,1000.00,100 גרם,false,1,14.90,1.49,true,1,
7290100702260,false,קוסקוס דק סוגת 350 גר',,,קוסקוס דק 350 גרם,גרמים,350.00,100 גרם,false,1,5.00,1.43,true,1,
7290100702314,false,שעועית שחורה 500 גרם סוגת,,,שעועית שחורה 500 גרם,גרמים,500.00,100 גרם,false,1,7.90,1.58,true,1,
7290100702383,false,"קמח תופח סוגת 1 ק""ג",,IL,"קמח תופח 1 ק""ג סוגת",גרמים,1000.00,100 גרם,false,1,7.50,0.75,true,1,
7290100702611,false,פתיתים אפויים אורז 500 גרם סוגת,אסיף,,פתיתים אפויים אורז 5,גרמים,500.00,100 גרם,false,1,6.50,1.30,true,1,
7290100702628,false,פתיתים אפויים קוסקוס 500 גרם סוגת,יושלם,IL,פתיתים אפויים קוסקוס,גרמים,500.00,100 גרם,false,1,6.50,1.30,true,1,
7290100702666,false,פתיתים אפויים עם בצל 400 גר גרם סוגת,,,פתיתים אפויים עם בצל,גרמים,400.00,100 גרם,false,1,6.80,1.70,true,1,
7290100702741,false,"סוכר חום בהיר בצנצנת 1 ק""ג סוגת",,,"סוכר חום בהיר 1 ק""ג",גרמים,1000.00,100 גרם,false,1,13.50,1.35,true,1,
7290100702987,false,פתיתי שיבולת שועל דק סוגת 500ג',סוגת תעשיות,,שיבולת שועל 500 גרם,גרמים,500.00,100 גרם,false,1,6.20,1.24,true,1,
7290100703007,false,עדשים שחורות בלוגה סוגת 500 גר',האי נאם סי או אל.טי.,IL,עדשים שחורות בלוגה 5,גרמים,500.00,100 גרם,false,1,8.90,1.78,true,1,
7290100703533,false,קמח קסם רב תכליתי סו,"שטיבל בע""מ",IL,"קמח קסם 1 ק""ג",גרמים,1000.00,100 גרם,false,1,9.40,0.94,true,1,
7290100703557,false,"קמח פוקצ'ה 1ק""ג סוגת",,,"קמח פוקצה 1 ק""ג",קילוגרמים,0.00,"ק""ג",false,1,7.50,7.50,true,1,
7290100703564,false,פתיתי שיבולת שועל עבה סוגת 500 ג',,,שיבולת שועל עבה 500,גרמים,500.00,100 גרם,false,1,6.20,1.24,true,1,
7290100703625,false,"קמח לבן ללא צורך בניפוי 1 ק""ג",,,קמח לבן ללא ניפוי 1,גרמים,1000.00,100 גרם,false,1,8.30,0.83,true,1,
7290100703649,false,"קמח מלא 80% חיטה ללא ניפוי סוגת 1ק""ג",,,קמח מלא חיטה 80% ללא,גרמים,1000.00,100 גרם,false,1,8.30,0.83,true,1,
7290100703670,false,"קמח כוסמין ללא ניפוי 1 ק""ג סוגת",,,קמח כוסמין מלא ללא נ,גרמים,1000.00,100 גרם,false,1,14.90,1.49,true,1,
7290100703687,false,"קמח חלה ללא ניפוי 1 ק""ג סוגת",,,קמח חלה ללא ניפוי 1,קילוגרמים,0.00,"ק""ג",false,1,8.30,8.30,true,1,
7290100703847,false,קוביות סוכר לבן סוגת 500 גרם,,,קוביות סוכר לבן סוגת,גרמים,500.00,100 גרם,false,1,9.90,1.98,true,1,
7290100703854,false,קוביות סוכר לבן דמררה 500 ג' סוגת,,,קוביות סוכר דמררה סו,גרמים,500.00,100 גרם,false,1,9.90,1.98,true,1,
7290100703861,false,"תערובת קמח קסם לחלה סוגת 1 ק""ג",סוגת,IL,תערובת קמח קסם לחלה,גרמים,1000.00,100 גרם,false,1,8.90,0.89,true,1,
7290100703908,false,"סוכר דמררה סוגת 1 ק""ג",,,"סוכר דמררה 1 ק""ג",גרמים,1000.00,100 גרם,false,1,12.50,1.25,true,1,
7290100703915,false,מארז פופקורן למיקרוגל בטעם חמאה 5+1 במתנה,,IL,מארז פופקורן למיקרוג,גרמים,540.00,100 גרם,false,1,11.40,2.11,true,1,
7290100703922,false,מארז פופקורן למיקרוגל בטעם טבעי 5+1במתנה,,IL,מארז פופקורן למיקרוג,גרמים,540.00,100 גרם,false,1,11.40,2.11,true,1,
7290100703953,false,קוקוס סוגת 500 ג',,,קוקוס 500 גרם,גרמים,500.00,100 גרם,false,1,11.90,2.38,true,1,
7290100703960,false,שומשום 500 ג' סוגת,,,שומשום 500 גרם,גרמים,500.00,100 גרם,false,1,11.90,2.38,true,1,
7290100704141,false,סודה לשתייה 100 ג' סוגת,א.ל. ייצור ושיווק תב,IL,סודה לשתייה 100 גרם,גרמים,100.00,100 גרם,false,1,2.50,2.50,true,1,
7290100858592,false,אבקת קקאו עלית שקית 150 ג',הנסיך- מפעל לייצור ט,IL,קקאו 150 גרם,גרמים,150.00,100 גרם,false,1,9.90,6.60,true,1,
7290100921623,false,מנקה אסלה סוד 4 כדוריות נתלה אקונומיקה נתלה 50 ג',"הנקל סוד בע""מ",HU,סבון אסלה סוד אקונומ,גרמים,50.00,100 גרם,false,1,10.20,20.40,true,1,
7290100921760,false,שמפו הוואי 700 ספורט לגבר,,,שמפו הוואי ספורט 750,מיליליטרים,700.00,"100 מ""ל",false,1,12.20,1.74,true,1,
7290100922569,false,"ולוטה קרם רב שימושי מארז שלישייה*100 מ""ל",,IL,קרם רב שימושי ולוטה,גרמים,240.00,100 גרם,false,1,19.90,8.29,true,1,
7290101453888,false,נר מספר - 1,סודי,CN,נר מספר - 1,Unknown,0.00,Unknown,false,60,2.90,2.90,true,1,
7290101453895,false,נר מספר - 2,סודי,CN,נר מספר - 2,Unknown,0.00,Unknown,false,60,2.90,2.90,true,1,
7290101453901,false,נר מספר - 3,סודי,CN,נר מספר - 3,Unknown,0.00,Unknown,false,60,2.90,2.90,true,1,
7290101453918,false,נר מספר - 4,סודי,CN,נר מספר - 4,Unknown,0.00,Unknown,false,60,2.90,2.90,true,1,
7290101453925,false,נר מספר - 5,סודי,CN,נר מספר - 5,Unknown,0.00,Unknown,false,60,2.90,2.90,true,1,
7290101453932,false,נר מספר - 6,סודי,CN,נר מספר - 6,Unknown,0.00,Unknown,false,60,2.90,2.90,true,1,
7290101453956,false,נר מספר - 8,סודי,CN,נר מספר - 8,Unknown,0.00,Unknown,false,60,2.90,2.90,true,1,
7290101486688,false,חטיף פרי אנרגיה דגנים עם שוקולד חמישייה,טבעית מוצרים מן הטבע,IL,חטיף פרי אנרגיה דגני,גרמים,100.00,100 גרם,false,1,19.80,19.80,true,1,
7290101488323,false,ליידי ספיד סטיק - דאודורנט סטיק לאישה ללא סימן ירוק סטיק 65 גרם,הנסיך- מפעל לייצור ט,US,ליידי ספיד סטיק ללא,Unknown,0.00,Unknown,false,1,20.90,20.90,true,1,
7290101500001,false,בייבי מיקס (נספק),חקלאי,IL,בייבי מיקס,Unknown,0.00,Unknown,false,1,11.90,11.90,true,1,
7290101500131,false,מיקס חסה נספק,חקלאי,IL,מיקס חסה,Unknown,0.00,Unknown,false,1,7.90,7.90,true,1,
7290101500193,false,מיקס חסה - נספק 200,חקלאי,IL,חסה רומית,Unknown,0.00,Unknown,false,1,11.90,11.90,true,1,
7290101500247,false,פינוקט 170 גרם נספק,,,פינוקט 170 גרם נספק,גרמים,170.00,100 גרם,false,1,11.90,7.00,true,1,
7290101500506,false,פטרוזיליה ארוזה,,,פטרוזיליה ארוזה,Unknown,0.00,Unknown,false,1,5.90,5.90,true,1,
7290101500513,false,שמיר ארוז,,,שמיר ארוז,Unknown,0.00,Unknown,false,1,5.90,5.90,true,1,
7290101500520,false,כוסברה ארוזה,,,כוסברה ארוזה,Unknown,0.00,Unknown,false,1,5.90,5.90,true,1,
7290101500537,false,נענע ארוזה,,,נענע ארוזה,Unknown,0.00,Unknown,false,1,5.90,5.90,true,1,
7290101500551,false,סלרי אמריקאי ארוז,חקלאי,IL,סלרי אמריקאי ארוז,Unknown,0.00,Unknown,false,1,5.90,5.90,true,1,
7290101500568,false,שורש סלרי ארוז,חקלאי,IL,סלרי ראש ארוז,Unknown,0.00,Unknown,false,1,5.90,5.90,true,1,
7290101500926,false,תרד ארוז רכות,יושלם,IL,תרד ארוז רכות,Unknown,0.00,Unknown,false,1,12.90,12.90,true,1,
7290101501015,false,זוג חסות ציבעוניות,,,זוג חסות ציבעוניות,Unknown,0.00,Unknown,false,1,5.99,5.99,true,1,
7290101501176,false,פלפל פינקרבל,מ.ע יזמות,IL,פלפל טינקרבל,Unknown,0.00,Unknown,false,1,9.90,9.90,true,1,
7290101501237,false,עגבניות מגי,,,עגבניות מגי,Unknown,0.00,"ק""ג",true,0,16.90,16.90,true,1,
7290101501305,false,מלפפון מיני בייבי אורגני ארוז,חקלאי,IL,מלפפוני טעם,Unknown,0.00,Unknown,false,1,12.90,12.90,true,1,
7290101503507,false,מיני בטטה (בייבי בטט,חקלאי,IL,בייבי בטטה,Unknown,0.00,Unknown,false,0,14.90,14.90,true,1,
7290101551027,false,קפסולות קפה אספרסו חזק במיוחד 14 עלית 10 יח',הנסיך- מפעל לייצור ט,IL,קפסולות 14 חזק במיוח,גרמים,50.00,100 גרם,false,1,16.50,33.00,true,1,
7290101551263,false,סילאן טבעי 700 גרם יד מרדכי,"פוליבה בע""מ",IL,סילאן טבעי 700 גרם י,גרמים,700.00,100 גרם,false,1,28.50,4.07,true,1,
7290101551300,false,סילאן טבעי טהור לחיץ יד מרדכי 380 גר,"פוליבה בע""מ",IL,סילאן טבעי לחיץ יד מ,גרמים,700.00,100 גרם,false,1,14.90,2.13,true,1,
7290101551584,false,תפוצ'יפס קידס מארז 10 יח' * 20 ג',"שטראוס פריטו ליי בע""",IL,מארז טפוציפס קידס 10,גרמים,200.00,100 גרם,false,1,16.70,8.35,true,1,
7290101812999,false,כדור תבלינים,,IL,מיני פיין סלמי 350 ג,גרמים,350.00,100 גרם,false,1,33.50,9.57,true,1,
7290101864127,false,"ספריי להסרת כתמים 750 מ""ל וניש קליה",רקיט בנקיזר,IL,קליה אוקסי ספריי 750,מיליליטרים,500.00,"100 מ""ל",false,1,15.90,3.18,true,1,
7290101866633,false,וניש קליה ג'ל מסיר כתמים 3 ליטר,רקיט בנקיזר,IL,קליה גל 3 ל,ליטרים,0.00,ליטר,false,1,29.90,29.90,true,1,
7290101868958,false,"פיניש נוזל הברקה למדיח בניחוח לימון 500 מ""ל",,,פיניש הברקה לימון 80,מיליליטרים,800.00,"100 מ""ל",false,1,19.90,2.49,true,1,
7290101869726,false,ג'ל 1 ליטר AIO פיניש,,,גל AIO פיניש 1 ליטר,מיליליטרים,1000.00,"100 מ""ל",false,1,42.90,4.29,true,1,
7290101869733,false,גל AIO פיניש לימון 1 ליטר,,,גל AIO פיניש לימון 1,מיליליטרים,1000.00,"100 מ""ל",false,1,42.90,4.29,true,1,
7290101869757,false,מבשם אויר מכשיר אוטמטי חלום אואזיס,,,אירוויק מבשם מכשיר א,Unknown,0.00,Unknown,false,1,49.90,49.90,true,1,
7290101869795,false,אירוויק מילוי מבשם אוטומטי חלום ליל קיץ,,,אירוויק מילוי מבשם א,Unknown,0.00,Unknown,false,1,22.90,22.90,true,1,
7290101869818,false,אירוויק מכשיר חשמלי מבשם חלום ליל קיץ,,,אירוויק מבשם מכשיר ח,Unknown,0.00,Unknown,false,1,34.90,34.90,true,1,
7290101869832,false,מילוי מבשם אויר חשמלי חלום ליל קיץ בודד,,,אירוויק מילוי מבשם ח,Unknown,0.00,Unknown,false,1,17.90,17.90,true,1,
7290101869962,false,אירוויק מקלות ריחניים חלום ליל קיץ,,,אירוויק מקלות ריחניי,Unknown,0.00,Unknown,false,1,19.90,19.90,true,1,
7290101952121,false,מקסי מיץ,,IL,פטרוצן עם שומן כבש,גרמים,500.00,100 גרם,false,1,27.90,5.58,true,1,
7290101952176,false,קבנוס ציידים 200 גרם,,,קבנוס ציידים 200 גרם,גרמים,200.00,100 גרם,false,1,26.50,13.25,true,1,
7290101952329,false,המבורגר טקסס 400 גרם,,,המבורגר טקסס 400 גרם,גרמים,400.00,100 גרם,false,1,25.90,6.48,true,1,
7290101952442,false,קבב רומני 600 גרם,,,קבב רומני 600 גרם,גרמים,600.00,100 גרם,false,1,39.90,6.65,true,1,
7290101952497,false,גרגרי חומוס טבעפרוסט 800 כר,,,גרגרי חומוס טבעפרוסט,גרמים,800.00,100 גרם,false,1,18.80,2.35,true,1,
7290101952527,false,לקט בסגנון אסייתי טבעפרוסט 800 גר,,,לקט בסגנון אסייתי טב,גרמים,800.00,100 גרם,false,1,18.80,2.35,true,1,
7290101952558,false,גרעיני תירס קפואים טבעפרוסט 800 גרם,,,גרעיני תירס קפואים,גרמים,800.00,100 גרם,false,1,16.20,2.03,true,1,
7290101952657,false,פטרוצן אמיתי קפוא 700 גרם,,IL,פטרוצן אמיתי קפוא,גרמים,700.00,100 גרם,false,1,54.90,7.84,true,1,
7290101952749,false,ספר חגיגה של אוכל טוב קולינארי,,,ספר חגיגה של אוכל טו,Unknown,0.00,Unknown,false,1,49.90,49.90,true,1,
7290101999263,false,כובעים ליום הולדת 6,,,כובעים ליום הולדת 6,Unknown,0.00,Unknown,false,1,9.50,9.50,true,1,
7290101999652,false,נרות מטה כוכבים - מיקי(1X24),סודי,,נרות מטה כוכבים מיקי,Unknown,0.00,Unknown,false,1,6.90,6.90,true,1,
7290101999669,false,נרות מטה כוכבים ספי,,CN,נרות מטה כוכבים ספי,Unknown,1.00,Unknown,false,24,6.90,6.90,true,1,
7290102030330,false,תפוציפס קראנצ מקסיקני 200 גרם,"שטראוס פריטו ליי בע""",IL,תפוציפס קראנצ מקסיקנ,גרמים,200.00,100 גרם,false,1,9.90,4.95,true,1,
7290102300822,false,גבינה צ'דר אנגלית כתומה 200 ג',דאולי צ'יסמייקרס,,צדר אנגלית כתומה 200,גרמים,200.00,100 גרם,false,1,21.90,10.95,true,1,
7290102300860,false,שביק גבינת צדר אנגלי,דאוליי צ'יסמייקרס,,צדר אנגלי 200 גרם,גרמים,200.00,100 גרם,false,1,21.90,10.95,true,1,
7290102300877,false,גבינת צדר אנגלית מעד,כושר דייארי,,צדר אנגלי במשקל,Unknown,0.00,"ק""ג",true,0,129.00,129.00,true,1,
7290102300884,false,צדר אנגלי כתום במשקל,,,צדר אנגלי כתום במשקל,Unknown,0.00,"ק""ג",true,0,129.00,129.00,true,1,
7290102301430,false,מלוסין במשקל,,,מלוסין במשקל,Unknown,0.00,"ק""ג",true,0,165.00,165.00,true,1,
7290102301539,false,גאודה עיזים סיימן במ,,,גאודה עיזים סיימן במ,Unknown,0.00,"ק""ג",true,0,140.00,140.00,true,1,
7290102301881,false,גבינת טרטר עשבי תיבול 150 גר,,,גבינת טרטר עשבי תיבו,גרמים,150.00,100 גרם,false,1,24.90,16.60,true,1,
7290102302246,false,גבינת גאודה הולנדית 200 גרם,מיוצר עי קונדיטוריית,NL,גבינת גאודה הולנדית,גרמים,200.00,100 גרם,false,0,23.90,11.95,true,1,
7290102302253,false,גבינת גאודה עיזים 2,מיוצר עי קונדיטוריית,NL,גבינת עיזים 200 גרם,גרמים,200.00,100 גרם,false,1,35.90,17.95,true,1,
7290102302833,false,גבינת גאודה הולנדית 150 גרם,קאסמאקרי הנרי ויליך,NL,גבינת גאודה הולנדית,גרמים,150.00,100 גרם,false,0,20.90,13.93,true,1,
7290102302840,false,"גאודה עיזים פרוסה 150 גרם ""נני """,מיוצר עי קונדיטוריית,NL,גבינת עיזים 150 גרם,גרמים,150.00,100 גרם,false,1,26.90,17.93,true,1,
7290102302864,false,גבינת גאודה פסטו ירוק 200 גרם,הנרי ויליך,NL,גבינת גאודה פסטו ירו,גרמים,200.00,100 גרם,false,1,35.90,17.95,true,1,
7290102302888,false,גבינת גאודה כמון 200 גרם,מיוצר עי קונדיטוריית,NL,גבינת גאודה כמון 200,גרמים,200.00,100 גרם,false,1,35.90,17.95,true,1,
7290102303977,false,גוש טונה בשמן זית רוברט 140 גרם,Ramirez,PT,גוש טונה בשמן זית רו,גרמים,140.00,100 גרם,false,1,11.90,8.50,true,1,
7290102390427,false,יוגורט ביו עם קציפת תות 3% שומן 150 ג' מולר,טרה,,יוגורט מולר פרופ בטע,גרמים,150.00,100 גרם,false,1,5.00,3.33,true,1,
7290102390465,false,יוגורט ביו עם קציפת אפרסק ופסיפלורה 3% שומן 150 ג' מולר,טרה,,פרופ אפרסק פסיפלורה,מיליליטרים,150.00,"100 מ""ל",false,1,5.00,3.33,true,1,
7290102390489,false,יוגורט ביו עם קציפת לימון 3% שומן 150 ג' מולר,טרה,,פרופ לימון מולר 150,מיליליטרים,150.00,"100 מ""ל",false,1,5.00,3.33,true,1,
7290102391844,false,יוגורט ביו עם קציפת פירות יער3% שומן 150 ג' מולר,טרה,,פרופ מולר פירות יער,גרמים,150.00,100 גרם,false,1,5.00,3.33,true,1,
7290102392049,false,גבינה תבור לאפייה 5% 500 ג' צוריאל,משק צוריאל,IL,צוריאל תבור גבינה לא,גרמים,500.00,100 גרם,false,1,24.90,4.98,true,1,
7290102392094,false,חלב עיזים 4.1% צוריאל 1 ל' קרטון,מילקו תעשיות בעמ,IL,חלב עיזים בקרטון 1ל,מיליליטרים,1000.00,"100 מ""ל",false,1,15.90,1.59,true,1,
7290102392254,false,חלב 1% בקרטון 2 ל' טרה,מילקו תעשיות בעמ,IL,חלב 2 ל 1%,ליטרים,0.00,ליטר,false,1,11.72,11.72,true,1,
7290102393060,false,מיקס יוגורט גליליות וופל קרם אגוזים 170 ג' מולר,טרה,IL,מולר מיקס יוגורט קרמ,גרמים,150.00,100 גרם,false,1,5.90,3.93,true,1,
7290102393169,false,סימפלי פרוט יוגורט תות 3% שומן 150 ג' מולר,טרה,IL,SIMPLY FRUIT מולר בט,מיליליטרים,150.00,"100 מ""ל",false,1,5.30,3.53,true,1,
7290102393176,false,סימפלי פרוט יוגורט אפרסק 3% שומן 150 ג' מולר,מילקו תעשיות בעמ,IL,SIMPLY FRUIT מולר בט,מיליליטרים,150.00,"100 מ""ל",false,1,5.30,3.53,true,1,
7290102393190,false,סימפלי פרוט פירות היער 3% שומן 150 ג' מולר,מילקו תעשיות בעמ,IL,SIMPLY FRUIT מולר בט,מיליליטרים,150.00,"100 מ""ל",false,1,5.30,3.53,true,1,
7290102393268,false,גבינה לבנה 5% שומן 750 ג' טרה,,,גבינה לבנה 5% 750 גר,גרמים,750.00,100 גרם,false,1,14.94,1.99,true,1,
7290102393299,false,יוגורט עיזים לשתייה 3% שומן 500 ג' צוריאל,מיוצר עי קוד יצרן HG,IL,יוגורט עיזים לשתיה 5,גרמים,500.00,100 גרם,false,1,12.90,2.58,true,1,
7290102393947,false,סימפלי פרוט יוגורט בטעם קיווי 3% שומן 150 ג' מולר,מילקו תעשיות בעמ,IL,SIMPLY FRUIT מולר בט,מיליליטרים,150.00,"100 מ""ל",false,1,5.30,3.53,true,1,
7290102394081,false,מיקס יוגורט קורנפקלס מצופה שוקולד 170 ג' מולר,מילקו תעשייה בעמ,IL,מולר מיקס עם קורנפלק,גרמים,150.00,100 גרם,false,1,5.90,3.93,true,1,
7290102394258,false,עז מה 9% מופחתת שומן צוריאל 180 גר,משק צוריאל,IL,עז מה 9% מופחתת שומן,גרמים,180.00,100 גרם,false,0,24.90,13.83,true,1,
7290102394463,false,נעם גבינה צהובה וואקום 28% 500 גרם,טרה,IL,נעם גבינה צהובה וואק,גרמים,500.00,100 גרם,false,1,29.90,5.98,true,1,
7290102394821,false,"נעם גבינה צהובה דק דק פ""ח 28% 200 גר",מילקו תעשיות בעמ,IL,נעם גבינה צהובה דק ד,גרמים,200.00,100 גרם,false,1,17.50,8.75,true,1,
7290102394845,false,גבינה צהובה דק דקה 9% 200 ג' נעם,מילקו תעשיות בעמ,IL,נעם גבינה צהובה דק ד,גרמים,200.00,100 גרם,false,1,17.90,8.95,true,1,
7290102395101,false,ממרח גבינה ושוקולד שוקי 200 גר,מילקו תעשיות בעמ,IL,ממרח גבינה ושוקולד ש,גרמים,200.00,100 גרם,false,1,12.50,6.25,true,1,
7290102395224,false,יוגורט מולר ביאנקו 1.7% מארז 150X8ג',טרה,,מאגדת שמיניה מולר,גרמים,1200.00,100 גרם,false,1,18.90,1.58,true,1,
7290102395231,false,מולר נטורל 2.8% ביאנקו מאגדת 8 יח' * 150 ג',טרה,,מאגדת שמיניה מולר,גרמים,1200.00,100 גרם,false,1,18.90,1.58,true,1,
7290102395262,false,מולר סימפלי תות אפרסק 3% מאגדת 8 יח' * 150 ג',טרה,IL,מאגדת 8 מולר סימפלי,גרמים,900.00,100 גרם,false,1,31.90,3.54,true,1,
7290102395408,false,נעם גבינה צהובה 28% במשקל,,,נעם גבינה צהובה 28%,Unknown,0.00,"ק""ג",true,0,44.79,44.79,true,1,
7290102395415,false,נעם גבינה צהובה 9% במשקל,,,נעם גבינה צהובה 9% ב,Unknown,0.00,"ק""ג",true,0,86.00,86.00,true,1,
7290102395422,false,נעם גבינה צהובה 22% במשקל,,,נעם גבינה צהובה 22%,Unknown,0.00,"ק""ג",true,0,42.58,42.58,true,1,
7290102395439,false,מולר סימפלי פירות יער וקיווי 3% מאגדת 8 יח' * 150 ג',מילקו תעשיות בעמ,IL,מאגדת 8 מולר סימפלי,גרמים,900.00,100 גרם,false,1,31.90,3.54,true,1,
7290102395477,false,מעדן חלב בטעם שוקולד עם קצפת 123 ג' טרה,טרה,IL,מעדן מו שוקולד 123,גרמים,123.00,100 גרם,false,1,3.40,2.76,true,1,
7290102395521,false,"שמנת לבישול 15% שומן 500 מ""ל טרה",מילקו תעשיות בעמ,IL,שמנת לבישול 15% 500,מיליליטרים,500.00,"100 מ""ל",false,1,16.90,3.38,true,1,
7290102396665,false,פרוסות גבינה 15% שומן 200 ג' נעם,מילקו תעשיות בעמ,IL,גבינה צהובה נעם דק ד,גרמים,200.00,100 גרם,false,1,16.90,8.45,true,1,
7290102397204,false,פרוסות גבינה 22% שומן 200 ג' נעם,מילקו תעשיות בעמ,IL,גבינה צהובה נעם דק ד,גרמים,200.00,100 גרם,false,1,17.90,8.95,true,1,
7290102397310,false,מעדן מיני בטעם שוקולד קצפת מוו מאגדת 8 יח' * 70 ג',,,מאגדת מעדן מיני מוו,גרמים,560.00,100 גרם,false,1,13.90,2.48,true,1,
7290102397464,false,יוגורט ביו בתוספת גרעינים אגוזים וחמוציות 170 ג' מולר,טרה,IL,מולר נטורל+ פקאן גרע,גרמים,170.00,100 גרם,false,1,5.90,3.47,true,1,
7290102397600,false,מיקס יוגורט בתוספת שקדים ובוטנים מקורמלים 170 ג' מולר,מילקו תעשייה בעמ,IL,מולר מיקס שקדים ובוט,גרמים,170.00,100 גרם,false,1,5.90,3.47,true,1,
7290102397617,false,מיקס מולר יוגורט און טופ קליק חטיף חום לבן 170ג',טרה,IL,מולר מיקס קליק 170 ג,גרמים,170.00,100 גרם,false,1,5.90,3.47,true,1,
7290102397730,false,פרוסות גבינה אמנטל חצי קשה 30% שומן 200 ג' נעם,טרה,IL,גבינת אמנטל נעם 200,גרמים,200.00,100 גרם,false,1,18.90,9.45,true,1,
7290102397747,false,מוצרלה נעם רכיבים טבעיים 200 גרם,טרה,IL,מוצרלה נעם רכיבים,גרמים,200.00,100 גרם,false,1,19.90,9.95,true,1,
7290102397891,false,גבינת מותכת 18% צוריאל 100ג',משק צוריאל,IL,גבינה מותכת 100 גרם,גרמים,100.00,100 גרם,false,1,7.90,7.90,true,1,
7290102398065,false,חלב 3% וסטהיים בקרטון 2 ל' טרה,טרה,IL,חלב 3% מהדרין 2 ליטר,ליטרים,0.00,ליטר,false,1,12.46,12.46,true,1,
7290102398331,false,חלב מעושר 2% דל לקטוז טרה 1ל',טרה,IL,חלב מועשר דל לקטוז 1,מיליליטרים,1000.00,"100 מ""ל",false,1,8.50,0.85,true,1,
7290102398553,false,שוקו טרה בבקבוק 1.5 ליטר,מילקו תעשיות בעמ,IL,שוקו טרה בבקבוק 1.5,ליטרים,0.00,ליטר,false,1,17.50,17.50,true,1,
7290102398560,false,שוקו מעושר בבקבוק 1ל' טרה,מילקו תעשיות בעמ,IL,שוקו מועשר טרה 1 ליט,מיליליטרים,1000.00,"100 מ""ל",false,1,12.50,1.25,true,1,
7290102398577,false,"שוקו מועשר בבקבוק פקק 250 מ""ל טרה",מילקו תעשיות בעמ,IL,שוקו מועשר טרה 250 מ,מיליליטרים,250.00,"100 מ""ל",false,1,5.90,2.36,true,1,
7290102398782,false,משקה סויה קלאסי משק צוריאל 1 ליטר,ואל סויה,IT,משקה סויה קלאסי משק,ליטרים,0.00,ליטר,false,1,12.90,12.90,true,1,
7290102399048,false,פרוסות גבינת קשקבל נעם 200 ג' טרה,טרה,IL,קשקבל נעם 200 גר,גרמים,200.00,100 גרם,false,1,24.90,12.45,true,1,
7290102399635,false,"מולר פרופ יוגורט ביו עם קציפת קוקוס ואננס 150 מ""ל",טרה,IL,מולר פרופ קוקוס,מיליליטרים,150.00,"100 מ""ל",false,1,5.00,3.33,true,1,
7290102399772,false,מולר ספרדבל ממרח חמאה מליחות עדינה 200 ג,Molkerei Weihensteph,DE,מולר ספרדבל ממרח,גרמים,250.00,100 גרם,false,1,19.90,7.96,true,1,
7290102399789,false,מולר ספרדבל ממרח חמאה ללא מלח 250 גרם,Molkerei Weihensteph,DE,מולר ספרדבל ממרח חמא,גרמים,250.00,100 גרם,false,1,19.90,7.96,true,1,
7290102399796,false,מעדן יוגורט לבן מועשר בחלבון 200 ג' מולר אקטיב,טרה,IL,מולר אקטיב יוגורט חל,גרמים,200.00,100 גרם,false,1,5.90,2.95,true,1,
7290102399802,false,יוגורט עם תות מולר אקטיב מועשר בחלבון 200 גר',טרה,IL,מולר אקטיב יוגורט חל,גרמים,200.00,100 גרם,false,1,6.50,3.25,true,1,
7290102399819,false,יוגורט עם פירות יער מולר אקטיב מועשר בחלבון 200 גר',טרה,IL,מולר אקטיב יוגורט,גרמים,200.00,100 גרם,false,1,6.50,3.25,true,1,
7290102399857,false,מולר אקטיב יוגורט חלבון תות 0% שומן 200 ג',,IL,מולר אקטיב לייט יוגו,גרמים,200.00,100 גרם,false,1,6.50,3.25,true,1,
7290102601547,false,כפיות פרמיום שקוף/קרם/לבן/זהב א'ר 50 דנטס,,TR,כפיות פרמיום שקוף/קר,Unknown,0.00,Unknown,false,1,8.90,8.90,true,1,
7290103087098,false,כורכומין אפקט,,,כורכומין אפקט,Unknown,0.00,Unknown,false,1,139.90,139.90,true,1,
7290103087258,false,שיח אברהם ויטקס,,,שיח אברהם ויטקס,Unknown,0.00,Unknown,false,1,119.00,119.00,true,1,
7290103400194,false,"כרוב לבן 400 גר בד""צ ירקות שטראוס","טרופיקל דגיל בע""מ אז",IL,כרוב לבן 400 גר,גרמים,400.00,100 גרם,false,1,10.90,2.73,true,1,
7290103400231,false,"גזר 400 גר בד""צ ירקות שטראוס",תות תעשיות מזון (201,IL,גזר 400 גר,גרמים,400.00,100 גרם,false,1,9.90,2.48,true,1,
7290103400255,false,"סלט קולסלאו 400 גר בד""צ ירקות שטראוס","טרופיקל דגיל בע""מ אז",IL,סלט קולסלאו 400 גר,גרמים,400.00,100 גרם,false,1,9.90,2.48,true,1,
7290103401429,false,קפה קצב ברזילאי אוריגינס 200 גר,הנסיך- מפעל לייצור ט,IL,קפה קצב ברזילאי אורי,גרמים,200.00,100 גרם,false,1,25.90,12.95,true,1,
7290103404758,false,סלט כרוב אדום יום יו,מיוצר עי קונדיטוריית,IL,כרוב אדום 120 גר,גרמים,125.00,100 גרם,false,1,4.80,3.84,true,1,
7290103408206,false,עלי חסה בקופסא 250 גרם ירקות שטראוס,שטראוס בריאות ירקות,IL,עלי חסה שטופים בקופס,גרמים,250.00,100 גרם,false,1,12.90,5.16,true,1,
7290103681173,false,"יין תבור הר קברנה סוביניון 750 מ""ל",מיוצר על ידי יקב תבו,IL,יין הר קברנה מיתוג ת,מיליליטרים,750.00,"100 מ""ל",false,1,35.90,4.79,true,1,
7290103681180,false,"יין הר מרלו מיתוג תנשמת 750 מ""ל",מיוצר על ידי יקב תבו,IL,יין הר מרלו מיתוג תנ,מיליליטרים,750.00,"100 מ""ל",false,1,35.90,4.79,true,1,
7290103681197,false,"יין הר שיראז מיתוג תנשמת 750 מ""ל",מיוצר על ידי יקב תבו,IL,יין הר שיראז מיתוג ת,מיליליטרים,750.00,"100 מ""ל",false,1,35.90,4.79,true,1,
7290103681210,false,"יין הר שרדונה מיתוג תנשמת 750 מ""ל",מיוצר על ידי יקב תבו,IL,יין הר שרדונה מיתוג,מיליליטרים,750.00,"100 מ""ל",false,1,35.90,4.79,true,1,
7290103681234,false,"יין הר רוזה מיתוג תנשמת 750 מ""ל",,IL,יין הר רוזה מיתוג תנ,מיליליטרים,750.00,"100 מ""ל",false,1,35.90,4.79,true,1,
7290103681241,false,"יין הר מוסקטו מיתוג תנשמת 750 מ""ל",תבור,IL,יין הר מוסקטו מיתוג,מיליליטרים,750.00,"100 מ""ל",false,1,37.90,5.05,true,1,
7290103701093,false,טאצ' מטליות מיקרופייבר לרצפה 2 יח',"שניב תעשיות נייר בע""",,מטליות מיקרופייבר לר,Unknown,0.00,Unknown,false,1,13.90,13.90,true,1,
7290103702212,false,טאצ' ממחטות כיס עשירייה,"שניב תעשיות נייר בע""",,טאצ ממחטות כיס רגיל,Unknown,0.00,Unknown,false,1,5.90,5.90,true,1,
7290103703226,false,טאצ מטליות לחות לניקוי כללי,,,טאצ מטליות לחות לניק,Unknown,0.00,Unknown,false,1,7.90,7.90,true,1,
7290103703455,false,טאצ' ספוג לניקוי כתמים שלישיה,,IL,טאצ ספוג מבריק הפלא,Unknown,0.00,Unknown,false,1,11.90,11.90,true,1,
7290103704155,false,מגבת נייר למטבח טאצ' 6יח',"שניב תעשיות נייר בע""",IL,מגבות טאצ 6 מהדורת 2,Unknown,0.00,Unknown,false,22,10.90,10.90,true,1,
7290103704162,false,נייר טואלט טאצ' פרימיום 32 גלילים,"שניב תעשיות נייר בע""",IL,טואלט טאצ 32 מהדורת,Unknown,0.00,Unknown,false,18,28.90,28.90,true,1,
7290104059117,false,הרשי סירופ שוקולד 680 גרם,,,הרשי סירופ שוקולד,גרמים,680.00,100 גרם,false,1,21.90,3.22,true,1,
7290104061417,false,חומוס טחינה אחלה 400 ג',"שטראוס גרופ בע""מ",IL,חומוס טחינה 400 גר,גרמים,400.00,100 גרם,false,1,10.90,2.73,true,1,
7290104061424,false,חומוס אחלה עם זעתר 400 ג',מיוצר עי קונדיטוריית,IL,חומוס זעתר 400 גר,גרמים,400.00,100 גרם,false,1,10.90,2.73,true,1,
7290104061431,false,חומוס אחלה עם צנובר 400 ג',"שטראוס גרופ בע""מ",IL,חומוס צנובר 400 גר,גרמים,400.00,100 גרם,false,1,10.90,2.73,true,1,
7290104061448,false,חומוס עם חריף 400 ג' אחלה,מיוצר עי קונדיטוריית,IL,חומוס חריף 400 גרם,גרמים,400.00,100 גרם,false,1,10.90,2.73,true,1,
7290104065187,false,קפה נמס בטעם מוקה 200 ג' עלית,,,קפה נמס בטעם מוקה 20,גרמים,200.00,100 גרם,false,1,24.90,12.45,true,1,
7290104065934,false,עלי רוקט 150 גרם שטראוס,שטראוס בריאות ירקות,IL,עלי רוקט 150גר,גרמים,150.00,100 גרם,false,1,12.90,8.60,true,1,
7290104066566,false,טחינה שומשום מלא אחלה 500 גר',מיוצר עי קונדיטוריית,IL,טחינה 500 גרם,גרמים,500.00,100 גרם,false,1,18.30,3.66,true,1,
7290104068539,false,גומי מאסט בטעם מלון ואבטיח 28 ג' עלית,"שטראוס גרופ בע""מ",IL,מסטיק MUST LL פליפט,Unknown,0.00,Unknown,false,1,4.60,4.60,true,1,
7290104500572,false,אפרופו חטיף איטליאנו 50 ג' אסם,מיוצר עי קונדיטוריית,IL,חטיף אפרופו איטליאנו,גרמים,50.00,100 גרם,false,1,5.00,10.00,true,1,
7290104501661,false,פודינג אינסטנט בטעם וניל צרפתי 80 גר,מיוצר עי קונדיטוריית,IL,פודינג אינסטנט בטעם,גרמים,80.00,100 גרם,false,1,5.50,6.88,true,1,
7290104508943,false,במבה אריזת חסכון 200 גרם,"אסם השקעות בע""מ",IL,במבה קלאסי 200 גרם,גרמים,200.00,100 גרם,false,1,8.90,4.45,true,1,
7290104615238,false,צמחים,,,צמחים,Unknown,0.00,Unknown,false,1,30.00,30.00,true,1,
7290104615252,false,צמחים,,,צמחים,Unknown,0.00,Unknown,false,1,40.00,40.00,true,1,
7290104615276,false,צמחים,,,צמחים,Unknown,0.00,Unknown,false,1,65.00,65.00,true,1,
7290104615344,false,צמחים,,,צמחים,Unknown,0.00,Unknown,false,1,50.00,50.00,true,1,
7290104615412,false,צמחים,,,צמחים,Unknown,0.00,Unknown,false,1,13.00,13.00,true,1,
7290104615450,false,צמחים,,,צמחים,Unknown,0.00,Unknown,false,1,17.00,17.00,true,1,
7290104615498,false,צמחים,,,צמחים,Unknown,0.00,Unknown,false,1,21.00,21.00,true,1,
7290104615603,false,עציצים,,,עציצים,Unknown,0.00,Unknown,false,1,45.00,45.00,true,1,
7290104615641,false,חבילת פרחים,,,חבילת פרחים,Unknown,0.00,Unknown,false,1,34.00,34.00,true,1,
7290104615849,false,צמחים,,,צמחים,Unknown,0.00,Unknown,false,1,45.00,45.00,true,1,
7290104615894,false,צמחים,,,צמחים,Unknown,0.00,Unknown,false,1,50.00,50.00,true,1,
7290104615948,false,צמחים,,,צמחים,Unknown,0.00,Unknown,false,1,55.00,55.00,true,1,
7290104615993,false,עציצים,,,עציצים,Unknown,0.00,Unknown,false,1,75.00,75.00,true,1,
7290104618222,false,צמחים,,,צמחים,Unknown,0.00,Unknown,false,1,70.00,70.00,true,1,
7290104618239,false,צמחים,,,צמחים,Unknown,0.00,Unknown,false,1,75.00,75.00,true,1,
7290104721762,false,מארז קפה טורקי עלית 3*85 גר,,IL,מארז קפה טורקי עלית,גרמים,255.00,100 גרם,false,1,19.90,7.80,true,1,
7290104721953,false,לקט מסולסלים 350 גר ירקות שטראוס,שטראוס בריאות ירקות,IL,לקט מסולסלים 350 גר,גרמים,350.00,100 גרם,false,1,13.90,3.97,true,1,
7290104722530,false,תפוצ'יפס שמנת בצל 200 גרם,"שטראוס פריטו ליי בע""",IL,תפוציפס שמנת בצל 200,גרמים,200.00,100 גרם,false,1,9.90,4.95,true,1,
7290104726262,false,דני לשתיה שוקולד דיסני מארז 125X4 ג',מיוצר עי קונדיטוריית,IL,מארז דני לשתייה 4*12,גרמים,500.00,100 גרם,false,1,10.90,2.18,true,1,
7290104726712,false,"מילקי שוקולד וקצפת מארז 170X8מ""ל","שטראוס גרופ בע""מ",IL,מארז מילקי שמיניייה,קילוגרמים,0.00,"ק""ג",false,1,19.90,19.90,true,1,
7290104728310,false,"שמנת עמידה לקצפת 38% שומן 250 מ""ל יוטבתה",מחלבת יטבתה,IL,שמנת עמידה לקצפת 38%,מיליליטרים,250.00,"100 מ""ל",false,1,6.47,2.59,true,1,
7290104729003,false,"יד מרדכי - שמן זית כתית מעולה 2 קלאסי 750 מ""ל",מכוורת יד מרדכי שטרא,IL,שמן זית כתית מעולה י,מיליליטרים,750.00,"100 מ""ל",false,1,29.90,3.99,true,1,
7290104960338,false,"נקה 7 תחליב רחצה ארומה אלוורה ותה ירוק 750מ""ל",,,אל סבון אלוורה ותה י,מיליליטרים,750.00,"100 מ""ל",false,1,14.50,1.93,true,1,
7290104961205,false,"נקה 7 תחליב רחצה מגע קטיפה מ""לפפון קיווי 750 מ""ל",טרופיקל דגיל תעשיות,IL,ת.רחצה מגע הקטיפה מל,מיליליטרים,750.00,"100 מ""ל",false,1,14.50,1.93,true,1,
7290104961878,false,"שמפו לשיער קרטין אינטנס פורמולה 400 מ""ל נטורל",טרופיקל דגיל תעשיות,IL,נטורל פורמולה שמפו ק,מיליליטרים,400.00,"100 מ""ל",false,1,34.50,8.63,true,1,
7290104962073,false,"טיטניום דאודורנט ספריי גולד 180 מ""ל",אמיליה קוסמטיקס בעמ,IL,טיטניום גולד דאודורנ,מיליליטרים,180.00,"100 מ""ל",false,1,18.90,10.50,true,1,
7290104963001,false,סופטקר מגבונים בניחוח עדין רביעייה,,,סופטקר מגבונים בניחו,Unknown,0.00,Unknown,false,1,16.90,16.90,true,1,
7290104964725,false,סטיק הגנה שקוף SPF50 לפנים לילדים 13 ג' סקין גארד,,,סקינגארד סטיק הגנה ש,מיליליטרים,60.00,"100 מ""ל",false,1,47.90,79.83,true,1,
7290104965661,false,"דאדורנט ספריי נושם בנות קרליין 150 מ""ל",אמיליה קוסמטיקס בעמ,IL,SWEET KISS דיאודוראנ,מיליליטרים,150.00,"100 מ""ל",false,1,12.90,8.60,true,1,
7290105351227,false,חלבון סויה וניל פיור סוי 700 גרם,,,חלבון סויה וניל פיור,גרמים,700.00,100 גרם,false,1,129.90,18.56,true,1,
7290105360250,false,קפסולות 09 עשיר וארומטי למכונת נספרסו עלית 10יח',הנסיך- מפעל לייצור ט,IL,קפסולות מקיאטו למכונ,גרמים,50.00,100 גרם,false,1,16.50,33.00,true,1,
7290105360328,false,קפסולות אספרסו חזק למכונות נספרסו 10 יח',הנסיך- מפעל לייצור ט,IL,קפסולות אספרסו חזק ל,Unknown,0.00,Unknown,false,1,16.50,16.50,true,1,
7290105360335,false,קפסולות אספרסו למכונות נספרסו 50 גר,הנסיך- מפעל לייצור ט,IL,קפסולות אספרסו למכונ,גרמים,50.00,100 גרם,false,1,16.50,33.00,true,1,
7290105360878,false,מארז תפוציפס טבעי 50 גרם * 4,"שטראוס פריטו ליי בע""",IL,מארז תפוציפס טבעי 50,גרמים,200.00,100 גרם,false,1,10.50,5.25,true,1,
7290105362339,false,"שמנת לבישול 15% 250 מ""ל יטבתה מהדרין",מחלבת יטבתה,IL,שמנת לבישול 15% מהדר,מיליליטרים,250.00,"100 מ""ל",false,1,8.40,3.36,true,1,
7290105363602,false,כיף כף - מקלות קלאסי 40 גרם,"איי, בי, אינבוו",TR,כיף כף מקלות קלאסי 4,Unknown,0.00,Unknown,false,1,4.80,4.80,true,1,
7290105364289,false,כיף כף - מקלות פצפוצים 40 גרם,"איי, בי, אינבוו",TR,כיף כף מקלות פצפוצים,Unknown,0.00,Unknown,false,1,4.80,4.80,true,1,
7290105364302,false,"עלית חטיף שוקולד כיף כף מקלות אגוזים, 40 גרם","איי, בי, אינבוו",TR,כיף כף מקלות אגוזים,גרמים,42.00,100 גרם,false,1,4.80,11.43,true,1,
7290105364678,false,משקה אקטיביה בטעם אפרסק 1.3% שומן 265 ג' דנונה,מיוצר עי קונדיטוריית,IL,משקה אקטיביה אפרסק,מיליליטרים,250.00,"100 מ""ל",false,1,6.00,2.40,true,1,
7290105366993,false,גבינה לבנה סימפוניה עם תוספות 200 ג' פלפל שיפקה,"שטראוס בריאות בע""מ",IL,סימפוניה פלפל שיפקה,גרמים,200.00,100 גרם,false,1,11.00,5.50,true,1,
7290105368904,false,"שמנת מתוקה להקצפה 32% שומן 250 מ""ל יוטבתה",מחלבת יטבתה,IL,שמנת עמידה לקצפת 32%,מיליליטרים,250.00,"100 מ""ל",false,1,7.60,3.04,true,1,
7290105430441,false,"פלמוליב סבון סחלב שחור משאבה 750 מ""ל",הנסיך- מפעל לייצור ט,TR,פלמוליב תחליב רחצה ס,מיליליטרים,750.00,"100 מ""ל",false,1,19.90,2.65,true,1,
7290105431868,false,"פלמוליב ספא קוקוס גרגרים נוזלי 500 מ""ל",הנסיך- מפעל לייצור ט,TR,פלמוליב ספא קוקוס,מיליליטרים,500.00,"100 מ""ל",false,1,18.80,3.76,true,1,
7290105436382,false,חטיף מארז פרי אנרגיה תמרים עם קשיו 125,טבעית מוצרים מן הטבע,IL,חטיף מארז פרי אנרגיה,גרמים,125.00,100 גרם,false,1,19.80,15.84,true,1,
7290105438546,false,קוקי נייר אפייה פרימיום 40 יח',,,נייר אפי פרימיום קוק,Unknown,0.00,Unknown,false,1,9.90,9.90,true,1,
7290105439505,false,מנה מאסטר שף קרם בטעם מיונז לייט 479 גר,רמיה סי.וי,NL,קרם בטעם מיונז,גרמים,479.00,100 גרם,false,1,13.50,2.82,true,1,
7290105473950,false,יורוקיטי קופסה 5 קג,ביופט,IL,יורוקיטי קופסה 5 קג,קילוגרמים,0.01,"ק""ג",false,1,34.90,3490.00,true,1,
7290105474124,false,בונזו 12 קג,,,"בונזו 12 ק""ג",קילוגרמים,0.01,"ק""ג",false,1,129.90,12990.00,true,1,
7290105500151,false,וודקה פינלנדיה בקבוק,"אלטיה קורפ, הלסינקי,",FI,וודקה פינלנדיה 700 מ,מיליליטרים,700.00,"100 מ""ל",false,1,57.90,8.27,true,1,
7290105500236,false,"וויסקי ג'ק דניאלס 700 מ""ל",ג'ק דניאלס,US,וויסקי גק דניאלס 700,מיליליטרים,700.00,"100 מ""ל",false,1,99.90,14.27,true,1,
7290105500748,false,"וויסקי פיימוס גראוס 700 מ""ל",מתיו גלוג אנד סאן,GB,וויסקי פיימוס גראוס,מיליליטרים,700.00,"100 מ""ל",false,1,79.90,11.41,true,1,
7290105500953,false,"וויסקי ג'ק דניאלס דבש 700 מ""ל",ג'ק דניאל'ס,BE,וויסקי גק דניאלס דבש,מיליליטרים,700.00,"100 מ""ל",false,1,99.90,14.27,true,1,
7290105501103,false,"מארז וויסקי גק דניאלס פלוס כוס 700 מ""ל",,US,מארז וויסקי גק דניאל,מיליליטרים,700.00,"100 מ""ל",false,1,99.90,14.27,true,1,
7290105501530,false,מארז גריי גוס 1 ליטר פלוס כוס מתכת,,,מארז גריי גוס 1 ליטר,מיליליטרים,1000.00,"100 מ""ל",false,1,144.90,14.49,true,1,
7290105501547,false,מארז גריי גוס 700 פלוס כוס,בקרדי מרטיני,FR,מארז גריי גוס 700 פל,מיליליטרים,700.00,"100 מ""ל",false,1,109.90,15.70,true,1,
7290105691224,false,פריכונים חטיפי טורטיה שום בצל 60 ג' אוסם,"מיוצר ע""י PT, משווק",IL,חטיפי פריכונים טורטי,גרמים,60.00,100 גרם,false,1,7.50,12.50,true,1,
7290105691248,false,פריכונים חטיפי טורטיה תירס 60 ג' אוסם,"מיוצר ע""י PT, משווק",IL,חטיפי פריכונים טורטי,גרמים,60.00,100 גרם,false,1,7.50,12.50,true,1,
7290105691712,false,עוגיות הפסקת קפה חיטה מלאה אסם 230 גר',היינץ צפון אמריקה מק,IL,עוגיות הפסקת קפה חיט,גרמים,200.00,100 גרם,false,1,12.50,6.25,true,1,
7290105691934,false,"קמח שמרים 1ק""ג אוסם",תאי פרזידנט פוד פאבל,IL,"קמח שמרים 1 ק""ג",גרמים,1000.00,100 גרם,false,1,9.90,0.99,true,1,
7290105693341,false,במבה מארז 10 יח' * 25 ג' אסם,"אסם השקעות בע""מ",IL,מארז במבה 25 גרם 10,גרמים,250.00,100 גרם,false,1,14.90,5.96,true,1,
7290105693952,false,פירורית זהב אסם זהב שומשום 200 ג',מיוצר עי קונדיטוריית,IL,פירורית זהב שומשום 2,גרמים,200.00,100 גרם,false,1,6.40,3.20,true,1,
7290105694614,false,פסטה ספגטי מהיר הכנה 500ג' אסם,פסטה זארה,IL,ספגטי מהיר הכנה 500,גרמים,500.00,100 גרם,false,1,7.90,1.58,true,1,
7290105695536,false,אבקת מרק ירקות שורש תיבול אסם 220 גר',,IL,אבקת מרק ירקות שורש,גרמים,220.00,100 גרם,false,1,18.80,8.55,true,1,
7290105851987,false,קרם עיניים תלתן 15 מל,,,קרם עיניים תלתן 15 מ,Unknown,0.00,Unknown,false,1,99.90,99.90,true,1,
7290105964564,false,אחלה חומוס אחלה 400ג,מיוצר עי קונדיטוריית,IL,חומוס אחלה 400 גר,גרמים,400.00,100 גרם,false,1,9.40,2.35,true,1,
7290105965738,false,יוגורט לשתיה בטעם תות בננה267 ג' דנונה,מיוצר עי קונדיטוריית,IL,משקה בוקר תות בננה 2,מיליליטרים,267.00,"100 מ""ל",false,1,5.00,1.87,true,1,
7290105968098,false,סלט קולסלאו אחלה 500 ג',,,קולסלאו 500 גר,גרמים,500.00,100 גרם,false,1,15.90,3.18,true,1,
7290105968777,false,פריכיות עם תחתית שוקולד מריר 70 ג' אנרגי,"טחנת האבן תעשיות בע""",IL,פריכיות אנרגי תחתית,גרמים,70.00,100 גרם,false,1,7.90,11.29,true,1,
7290105999290,false,קפה קרים תערובת קרמל קפסולות 10*5.5 גרם,,IL,קפה קרים תערובת קרמל,גרמים,55.00,100 גרם,false,1,16.90,30.73,true,1,
7290106520066,false,רבע לשבע וופל שוקולד 120 גרם,הגביע מוצרי וופלים ב,IL,אצבעות וופל רבע לשבע,גרמים,160.00,100 גרם,false,1,10.90,6.81,true,1,
7290106520288,false,יוגורט פרו חלבון עם תות 2.4% שומן 150 ג' דנונה,"שטראוס בריאות בע""מ",IL,דנונה WOW תות 2.4% ש,גרמים,150.00,100 גרם,false,1,4.90,3.27,true,1,
7290106520905,false,סלט טורקי עם פלפל קל,"שטראוס גרופ בע""מ",IL,סלט טורקי 400 גר,גרמים,400.00,100 גרם,false,1,18.30,4.58,true,1,
7290106520912,false,"שמנת לבישול 9% 250 מ""ל יטבתה",מחלבת יטבתה,IL,שמנת לבישול 9% 250 מ,מיליליטרים,250.00,"100 מ""ל",false,1,8.40,3.36,true,1,
7290106521049,false,אחלה טעמי השוק קוביות סלק 400 גר,מיוצר עי קונדיטוריית,IL,אחלה טעמי השוק קוביו,גרמים,400.00,100 גרם,false,1,18.30,4.58,true,1,
7290106524439,false,תפוצ'יפס טבעי פופס 60גר',"שטראוס פריטו ליי בע""",IL,תפוציפס פופס 60 גרם,גרמים,60.00,100 גרם,false,1,4.00,6.67,true,1,
7290106525368,false,גלילי וופל רבע לשבע אין סייד אוט 125 גר,הגביע מוצרי וופלים ב,IL,גלילי וופל רבע לשבע,גרמים,125.00,100 גרם,false,1,10.90,8.72,true,1,
7290106525399,false,קפסולות 06 ברזיל למכונות נספרסו עלית 10יח',הנסיך- מפעל לייצור ט,IL,קפסולות ברזיל 06 למכ,גרמים,50.00,100 גרם,false,1,16.50,33.00,true,1,
7290106525405,false,קפסולות 07 נטול נספרסו עלית 10 יח',,,קפסולות נטול למכונו,Unknown,0.00,Unknown,false,1,16.50,16.50,true,1,
7290106528567,false,חטיף דוריטוס גריל 185 גרם,הנסיך- מפעל לייצור ט,IL,חטיף דוריטוס גריל 18,גרמים,185.00,100 גרם,false,1,7.40,4.00,true,1,
7290106528628,false,חטיף דוריטוס טבעי 185 גרם,"שטראוס פריטו ליי בע""",IL,Dippas חטיף דוריטוס,גרמים,185.00,100 גרם,false,1,7.40,4.00,true,1,
7290106528949,false,לקט ערוגות 450 גרם ש,שטראוס בריאות ירקות,IL,לקט ערוגות,Unknown,0.00,Unknown,false,1,12.90,12.90,true,1,
7290106572027,false,אוסם - לחמית חמישה דגנים 190 גרם,"אסם השקעות בע""מ",IL,לחמית חמישה דגנים 19,גרמים,190.00,100 גרם,false,1,10.40,5.47,true,1,
7290106572959,false,אפרופו מארז 5 יח' *25 ג' אסם,,IL,מארז אפרופו 25 גרם*5,גרמים,125.00,100 גרם,false,1,14.60,11.68,true,1,
7290106573277,false,אוסם - קריספי טאפאס זיתים 150 גרם,מיוצר עי קונדיטוריית,IL,קריספי טאפאס זיתים 1,גרמים,150.00,100 גרם,false,1,15.60,10.40,true,1,
7290106573598,false,חומוס צבר לבנוני 400 ג',סלטי צבר,IL,חומוס לבנוני 400 גרם,גרמים,400.00,100 גרם,false,1,11.90,2.98,true,1,
7290106573642,false,חומוס עם צנובר צבר 400 גר,סלטי צבר,IL,חומוס עם צנובר צבר 4,גרמים,400.00,100 גרם,false,1,11.90,2.98,true,1,
7290106574120,false,גומי גם קרחון שרבט עם סוכריות 90 גרם,גלידות נסטלה (נגה גל,IL,גומיגם 90 גר,גרמים,90.00,100 גרם,false,1,7.50,8.33,true,1,
7290106574953,false,בייגלה אסם שטוחים שומשום 300 גר,מיוצר עי קונדיטוריית,IL,בייגלה שטוחים שומשום,גרמים,300.00,100 גרם,false,1,10.90,3.63,true,1,
7290106574977,false,בייגלה שטוחים עם מלח 300 ג' אסם,מיוצר עי קונדיטוריית,IL,בייגלה שטוחים עם מלח,גרמים,300.00,100 גרם,false,1,10.90,3.63,true,1,
7290106576513,false,סלט חומוס צבר 400 גר,סלטי צבר,IL,חומוס חלק 400 גרם,גרמים,400.00,100 גרם,false,1,9.90,2.48,true,1,
7290106576537,false,חומוס מסעדה צבר 700 גר,סלטי צבר,IL,חומוס מסעדה צבר 700,גרמים,700.00,100 גרם,false,1,10.90,1.56,true,1,
7290106576858,false,גלידה לה קרמריה תותים בשמנת 1.4 ל' נסטלה,המאפיה של הרמן,IL,לה קרמריה תותים בשמנ,ליטרים,0.00,ליטר,false,1,18.90,18.90,true,1,
7290106576919,false,לה קרמריה גלידת סורבה תות לימון 1.4ל',המאפיה של הרמן,IL,לה קרמריה סורבה תות,ליטרים,0.00,ליטר,false,1,18.90,18.90,true,1,
7290106576995,false,גלידה סורבה לה קרמריה תות מנגו לייט 1.4 ל' נסטלה,המאפיה של הרמן,IL,לה קרמריה סורבה לייט,ליטרים,0.00,ליטר,false,1,18.90,18.90,true,1,
7290106577039,false,גלידה לה קרמריה שוקו וניל פליק 1.4 ל' נסטלה,תות תעשיות מזון (201,IL,לה קרמריה וניל שוקו,ליטרים,0.00,ליטר,false,1,18.90,18.90,true,1,
7290106577541,false,כרוב אדום מרובע 400 ג' צבר,סלטי צבר,IL,סלט כרוב אדום 400 גר,גרמים,400.00,100 גרם,false,1,12.90,3.23,true,1,
7290106577572,false,מטבוחה מרובע 400 ג' צבר,סלטי צבר,IL,סלט מטבוחה 400 גר,גרמים,400.00,100 גרם,false,1,12.90,3.23,true,1,
7290106578692,false,אוסם - במבה ביסלי מיקס 80 גרם,פרו מן יו פתרונות אר,IL,ביסלי במבה גריל מיקס,גרמים,80.00,100 גרם,false,1,4.30,5.38,true,1,
7290106652996,false,כיף כף מקלות קוקוס חלבי 40 גר',,,כיף כף מקלות קוקוס 4,Unknown,0.00,Unknown,false,1,4.80,4.80,true,1,
7290106653689,false,לקט לסלט בסגנון אסייתי,תות תעשיות מזון (201,IL,לקט לסלט אסייתי 350,גרמים,350.00,100 גרם,false,1,11.90,3.40,true,1,
7290106654099,false,מארז שמיניית מילקי 272 גר CAKE,,,מארז שמיניית מילקי 2,גרמים,272.00,100 גרם,false,1,20.00,7.35,true,1,
7290106656727,false,עוגיות חיוכים שוקו 600 ג' עלית,,IL,חיוכים שוקו 600 גרם,גרמים,600.00,100 גרם,false,1,20.90,3.48,true,1,
7290106658479,false,וופל טורטית שוקלד מגדים 40ג',"שטראוס גרופ בע""מ",IL,טורטית מגדים 40 גרם,גרמים,40.00,100 גרם,false,1,3.90,9.75,true,1,
7290106663121,false,עוגה אישית מילקי 34 גר CAKE,בובארד איטליה אס.פי.,IT,עוגה אישית מילקי 34,גרמים,34.00,100 גרם,false,1,3.20,9.41,true,1,
7290106663183,false,צ'יטוס חטיף טעם גבינה 65ג,,,ציטוס בטעם גבינה 65,גרמים,65.00,100 גרם,false,1,4.10,6.31,true,1,
7290106663503,false,קונפיטורה תות לייט יד מרדכי 250 ג',אף.סי תבליני בגליל ב,IL,קונפיטורת לייט תות 2,גרמים,230.00,100 גרם,false,1,14.90,6.48,true,1,
7290106663558,false,"רוטב טריאקי ורימון יד מרדכי 280מ""ל",אף.סי תבליני בגליל ב,IL,רוטב טריאקי רימון 28,גרמים,320.00,100 גרם,false,1,14.60,4.56,true,1,
7290106664555,false,"רוטב שמנת עם עגבניות 9% שומן 250 מ""ל יוטבתה",מחלבת יטבתה,IL,יטבתה רוטב שמנת עם ע,גרמים,250.00,100 גרם,false,1,10.90,4.36,true,1,
7290106666788,false,עלית - סוכריות נוסטלגיה דבש ממולאות 80 גרם,פלזנסקי,PL,סוכריות נוסטלגיה דבש,גרמים,80.00,100 גרם,false,1,6.80,8.50,true,1,
7290106667266,false,חטיף דוריטוס חמוץ חריף 185 גרם,הנסיך- מפעל לייצור ט,IL,חטיף דוריטוס חמוץ חר,גרמים,185.00,100 גרם,false,1,7.40,4.00,true,1,
7290106668577,false,"מיץ לימון טבעי יד מרדכי 250 מ""ל",האי נאם סי או אל.טי.,IT,"מיץ לימון 250 מ""ל יד",מיליליטרים,250.00,"100 מ""ל",false,1,7.80,3.12,true,1,
7290106668713,false,יוגורט עם פירות יער 3% שומן 150 ג' דנונה,מיוצר עי קונדיטוריית,IL,דנונה פירות יער 3% 1,גרמים,150.00,100 גרם,false,1,4.30,2.87,true,1,
7290106721913,false,מסטיק מאסט בטעם מנטה מרעננת 66 ג' עלית,"שטראוס גרופ בע""מ",IL,צנצנת מסטיקים ריח פה,Unknown,0.00,Unknown,false,1,9.90,9.90,true,1,
7290106721920,false,צנצנת מסטיק מאסט בטעם ספירמינט עדין 66 ג' עלית,"שטראוס גרופ בע""מ.",IL,צנצנת מסטיקים ספירמי,Unknown,0.00,Unknown,false,1,9.90,9.90,true,1,
7290106723689,false,עלי תרד בייבי שטראוס 200 גרם,שטראוס בריאות ירקות,IL,תרד בייבי 200 גר,גרמים,200.00,100 גרם,false,1,14.90,7.45,true,1,
7290106725867,false,"סירופ מייפל טהור 189 מ""ל יד מרדכי",קוסלסי פוד,CA,סירופ מייפל טבעי יד,מיליליטרים,189.00,"100 מ""ל",false,1,40.90,21.64,true,1,
7290106726178,false,דנונה פרו פירות יער 2.4% 150 גר,מיוצר עי קונדיטוריית,IL,דנונה פרו פירות יער,גרמים,150.00,100 גרם,false,1,4.90,3.27,true,1,
7290106727984,false,כיף כף פצפוצים ושוקולד 135 ג',שולן צ'יקולטה גידה ס,TR,כיף כף גביע פצפצים 1,גרמים,135.00,100 גרם,false,1,11.80,8.74,true,1,
7290107020961,false,"יין ליזה סוביניון בלאן 2018 750 מ""ל",,,יין ליזה סוביניון בל,Unknown,0.00,Unknown,false,1,109.90,109.90,true,1,
7290107280020,false,מטליות לחות סנו סושי לניקוי כללי שלישיה *50 יח',טרופיקל דגיל- תעשיות,IL,סנו סושי מטליות לחות,Unknown,0.00,Unknown,false,1,16.90,16.90,true,1,
7290107280099,false,מגבוני טואלט לחים סנו סופט שלישייה * 48 יח',טרופיקל דגיל- תעשיות,IL,שלישיית מגבונים לחים,Unknown,0.00,Unknown,false,1,15.90,15.90,true,1,
7290107280129,false,סנו סושי 20 שקיות אשפה חזקות גדולות XXL,,,סנו סושי 20 שקיות אש,Unknown,0.00,Unknown,false,1,23.90,23.90,true,1,
7290107280389,false,"סנו - ג'ט מרסס לניקוי בחדר האמבטיה 750 מ""ל","איי, בי, אינבוו",IL,"סנו גט לאמבט 750 מ""ל",מיליליטרים,750.00,"100 מ""ל",false,1,13.90,1.85,true,1,
7290107280396,false,"סנו - ג'ט מרסס לניקוי יסודי במטבח 750 מ""ל","סנו מפעלי ברונוס בע""",IL,"סנו גט למטבח 750 מ""ל",מיליליטרים,750.00,"100 מ""ל",false,1,13.90,1.85,true,1,
7290107280709,false,"סנו ספארק נוזל הברקה למדיח 700 מ""ל","סנו מפעלי ברונוס בע""",IL,נוזל הברקה למדיח סנו,מיליליטרים,900.00,"100 מ""ל",false,1,16.70,1.86,true,1,
7290107280723,false,"סנו ספארק נוזל כלים לימון 700 מ""ל",סנו כימיקלים,IL,נוזל כלים סנו ספארק,מיליליטרים,700.00,"100 מ""ל",false,1,10.40,1.49,true,1,
7290107280754,false,נוזל כלים סנו ספארק היפואלרגי 700 מל,סנו,,נוזל כלים סנו ספארק,מיליליטרים,700.00,"100 מ""ל",false,1,10.40,1.49,true,1,
7290107645584,false,אבקת מרק עוף אמיתי רכיבים טיבעיים קנור 400ג',יוניליוור ישראל מזון,IL,מרק עוף אמיתי רכיבים,גרמים,400.00,100 גרם,false,1,24.90,6.23,true,1,
7290107645591,false,אבקת מרק טעם עוף רכביים טבעיים קנור 400ג',יוניליוור ישראל מזון,IL,מרק טעם עוף קנור רכי,גרמים,400.00,100 גרם,false,1,19.80,4.95,true,1,
7290107646062,false,אבקת מרק בצל רכיבים טבעיים קנור 400 ג',יוניליוור ישראל מזון,IL,קנור מרק בצל רכיבים,גרמים,400.00,100 גרם,false,1,24.90,6.23,true,1,
7290107646154,false,חטיף דגנים קוקומן פצפוצים טעם שוקו שישיה* 21 ג',יוניליוור ישראל מזון,IL,מאגדת קוקומן פצפוצים,גרמים,126.00,100 גרם,false,1,12.90,10.24,true,1,
7290107646833,false,חטיף שוגי שוקולד לבן וחלב מארז 6 יח' * 23 ג',יוניליוור ישראל מזון,IL,מאגדת פצפוצי שוקולד,גרמים,138.00,100 גרם,false,1,12.90,9.35,true,1,
7290107646925,false,ברנפלקס אקסטרה פייבר 410 גרם,יוניליוור ישראל מזון,IL,ברנפלקס אקסטרה פייבר,גרמים,410.00,100 גרם,false,1,21.90,5.34,true,1,
7290107647731,false,קוקומן חום לבן 20% פחות סוכר 375 גרם,,IL,קוקומן חום לבן 20% פ,גרמים,375.00,100 גרם,false,1,19.90,5.31,true,1,
7290107647816,false,"דגני ברנפלקס ללא תוספת סוכר 500 גרם בד""צ",יוניליוור ישראל מזון,IL,דגני ברנפלקס ללא תוס,גרמים,500.00,100 גרם,false,1,23.90,4.78,true,1,
7290107647854,false,"שוגי מופחת סוכר תלמה 500 ג' בד""צ",יוניליוור ישראל מזון,IL,שוגי 20% פחות סוכר 5,גרמים,500.00,100 גרם,false,1,24.90,4.98,true,1,
7290107649681,false,שלגון קורנטו פסק זמן לבן,"מיוצר ע""י גלידת שטרא",IL,קורנטו פסק זמן 64 גר,גרמים,64.00,100 גרם,false,1,8.00,12.50,true,1,
7290107649858,false,טילון מגנוםלבן -גלידת שמנת,"מיוצר ע""י גלידת שטרא",IL,טילון מגנום לבן 100,גרמים,100.00,100 גרם,false,1,11.90,11.90,true,1,
7290107870047,false,"טילון אקסטרים מטבע ענק בראוניז, 115 ג'",תות תעשיות מזון (201,IL,אקסטרים טילון בראוני,גרמים,115.00,100 גרם,false,1,10.00,8.70,true,1,
7290107871297,false,אוסם - מיני פריכונים עשבי תיבול 25 גרם,"מיוצר ע""י PT, משווק",IL,פריכונים מיני עשבי ת,גרמים,25.00,100 גרם,false,1,4.90,19.60,true,1,
7290107871532,false,מאגדת קרחונים דובדבן מלון 10 יח' נסטלה,גלידות נסטלה (נגה גל,IL,מאגדת קרחונים מלון ד,גרמים,750.00,100 גרם,false,1,18.90,2.52,true,1,
7290107871990,false,פסטה צינורות 500 גר אסם,פסטה זארה,IT,פסטה צינורות 500 גר,גרמים,500.00,100 גרם,false,1,5.90,1.18,true,1,
7290107874427,false,אוסם - מיני פריכונים זעתר 25 גרם,,IL,פריכונים מיני זעתר 2,גרמים,25.00,100 גרם,false,1,4.90,19.60,true,1,
7290107874502,false,ביסלי גריל קדמ. מארז אחיד 10 4*55 גרם,מיוצר עי קונדיטוריית,IL,ביסלי גריל קדמ. מארז,גרמים,200.00,100 גרם,false,1,13.50,6.75,true,1,
7290107875400,false,גלידה לה קרמריה פיסטוק מוקה 1.4 ל' נסטלה,המאפיה של הרמן,IL,לה קרמריה פיסטוק מוק,ליטרים,0.00,ליטר,false,1,18.90,18.90,true,1,
7290107879132,false,פריכיות פיטנס מיני פריכיות שוקולד חלב 22 ג',CA,IL,פיטנס מיני פריכיות ש,גרמים,22.00,100 גרם,false,1,5.50,25.00,true,1,
7290107879521,false,קרחון לה פרוטה שרבט תות מאגדת 5יח',המאפיה של הרמן,IL,מאגדת לה פרוטה תות 5,Unknown,0.00,Unknown,false,1,27.50,27.50,true,1,
7290107879569,false,קרחון לה פרוטה שרבט מנגו מאגדת 5יח',המאפיה של הרמן,IL,מאגדת לה פרוטה מנגו,Unknown,0.00,Unknown,false,1,27.50,27.50,true,1,
7290107879620,false,שלגון לה פרוטה מלון תפוח נסטלה 70ג',המאפיה של הרמן,IL,גלידה לה פרוטה מלון,Unknown,0.00,Unknown,false,1,5.90,5.90,true,1,
7290107879699,false,שלגון לה פרוטה מנגו נסטלה 70ג',המאפיה של הרמן,IL,גלידה לה פרוטה מנגו,Unknown,0.00,Unknown,false,1,5.90,5.90,true,1,
7290107930321,false,קונפיטורת יד מרדכי דובדובן 340 גרם,,,קונפיטורת יד מרדכי ד,גרמים,340.00,100 גרם,false,1,15.60,4.59,true,1,
7290107931397,false,כיף כף פצפוצים במילוי שוקולד 40 גרם,שולן צ'יקולטה גידה ס,TR,כיף כף פצפוצים במילו,Unknown,0.00,Unknown,false,1,6.20,6.20,true,1,
7290107932080,false,חלב מועשר יוטבתה בבקבוק 3% 1 ליטר,מחלבת יטבתה,IL,חלב מועשר יוטבתה בבק,מיליליטרים,1000.00,"100 מ""ל",false,1,7.70,0.77,true,1,
7290107932134,false,חלב מועשר יוטבתה בבקבוק 1% 1 ליטר,מחלבת יטבתה,IL,חלב מועשר יוטבתה בבק,מיליליטרים,1000.00,"100 מ""ל",false,1,7.70,0.77,true,1,
7290107933155,false,הירק של מוטקה סלנובה,שטראוס בריאות ירקות,IL,לקט סלנובה 200 גר,גרמים,200.00,100 גרם,false,1,14.90,7.45,true,1,
7290107936309,false,דנונה יוגורט 7% יווני לבן 130 ג',"שטראוס בריאות בע""מ",IL,דנונה יווני לבן 5.8%,גרמים,120.00,100 גרם,false,1,3.50,2.92,true,1,
7290107936460,false,מארז דנכול בטעם מעודן 8יח' * 100 ג',מיוצר עי קונדיטוריית,IL,מארז 8 יח דנכול בטעם,גרמים,800.00,100 גרם,false,1,29.60,3.70,true,1,
7290107937634,false,צנצנית מסטיק מאסט קוביות פפירמינט 58 ג' עלית,אסקום קונפקשיין,DE,צנצנת קוביות פפירמינ,Unknown,0.00,Unknown,false,1,9.90,9.90,true,1,
7290107937641,false,מסטיק בצנצנת קוביות בזוקה 58 ג',אסקום קונפקשיין,DE,צנצנת קוביות בזוקה 5,Unknown,0.00,Unknown,false,1,9.90,9.90,true,1,
7290107937856,false,קפסולות 11חזק למכונות נספרסו עלית 10יח',הנסיך- מפעל לייצור ט,IL,קפסולות אספרסו 11 למ,Unknown,0.00,Unknown,false,1,16.50,16.50,true,1,
7290107939027,false,גזרדק דק 250 גרם בד`,שטראוס בריאות ירקות,IL,גזר דק דק 250 גרם,גרמים,250.00,100 גרם,false,1,7.90,3.16,true,1,
7290107941259,false,עדשים ירוקות מבושלות,הורקסה לס לגונס דה ס,IL,עדשים ירוקות מבושלות,גרמים,475.00,100 גרם,false,1,12.90,2.72,true,1,
7290107941273,false,חומוס מבושל שטראוס 4,הורקסה לס לגונס דה ס,IL,חומוס מבושל,גרמים,475.00,100 גרם,false,1,11.90,2.51,true,1,
7290107943192,false,"שמנת חמוצה מהערבה 27% שומן 200 מ""ל יטבתה",,IL,שמנת חמוצה מהערבה,מיליליטרים,200.00,"100 מ""ל",false,1,3.90,1.95,true,1,
7290107943369,false,קוואקר שיבולת שועל ללא גלוטן 511 גר,היידי שוקולד בירונטי,US,קוואקר שיבולת שועל ל,גרמים,511.00,100 גרם,false,1,16.90,3.31,true,1,
7290107944243,false,וופלים אפיפיות בטעם שוקולד 200 גר,"שטראוס גרופ בע""מ",IL,וופלים אפיפיות בטעם,גרמים,200.00,100 גרם,false,1,9.40,4.70,true,1,
7290107944472,false,סימפוניה שום שמיר 5% 200 ג' שטראוס,"שטראוס בריאות בע""מ",IL,סימפוניה שום שמיר 5%,גרמים,200.00,100 גרם,false,1,11.00,5.50,true,1,
7290107945165,false,קונפיטורת יד מרדכי משמש 340 גר,אף.סי תבליני בגליל ב,IL,קונפיטורת יד מרדכי,גרמים,340.00,100 גרם,false,1,15.60,4.59,true,1,
7290107950190,false,מעדן שטראוס דיאט 0% שוקולד מריר 130ג',מיוצר עי קונדיטוריית,IL,מעדן דיאט שוקולד מרי,גרמים,130.00,100 גרם,false,1,3.50,2.69,true,1,
7290107950206,false,מעדן שטראוס דיאט 0% שוקולד 130ג',מיוצר עי קונדיטוריית,IL,מעדן דיאט שוקולד 0%,גרמים,130.00,100 גרם,false,1,3.50,2.69,true,1,
7290107951104,false,בפלות שוקולד ארוך עלית 200ג',"א.ג. גילרו בע""מ",IL,בפלות שוקולד 200 גרם,גרמים,200.00,100 גרם,false,1,5.90,2.95,true,1,
7290107951715,false,צנצנת מסטיק מאסט קוביות בטעם ענבים 58 ג' עלית,אסקום קונפקשיין,IL,מאסט צנצנת קוביות ענ,Unknown,0.00,Unknown,false,1,9.90,9.90,true,1,
7290107953559,false,קפה טורקי עלית לדרך שקיות 24X7ג',הנסיך- מפעל לייצור ט,IL,מארז טורקי לדרך 168,גרמים,168.00,100 גרם,false,1,18.90,11.25,true,1,
7290107954709,false,קונפיטורת פירות יער 340 גר יד מרדכי,,,קונפיטורת פירות יער,גרמים,340.00,100 גרם,false,1,15.60,4.59,true,1,
7290107954976,false,"משקה יטבתה חלבון פרו קפה 350מ""ל",מחלבת יטבתה,DE,משקה פרו קפה יטבתה 3,מיליליטרים,350.00,"100 מ""ל",false,1,6.50,1.86,true,1,
7290107956895,false,קפסולות 07 אספרסו בטעם קרמל עלית 10יח',שטראוס,IL,קפסולות אספרסו בטעם,Unknown,0.00,Unknown,false,1,16.50,16.50,true,1,
7290107956925,false,קפסולות 13 אוגנדה למכונת נספרסו עלית 10יח',,IL,קפסולות אוגנדה 13 למ,גרמים,50.00,100 גרם,false,1,16.50,33.00,true,1,
7290107956932,false,קפסולות אספרסו אידונזיה למכונות 50 גר,,,קפסולות אספרסו אידונ,גרמים,50.00,100 גרם,false,1,16.50,33.00,true,1,
7290107957069,false,"צנצנת עלמה בטעם אוכמניות לל""ס 66 גרם","שטראוס גרופ בע""מ",IL,צנצנת עלמה בטעם אוכמ,Unknown,0.00,Unknown,false,1,9.90,9.90,true,1,
7290107957076,false,"צנצנת עלמה בטעם ספירמינט לל""ס 66 גרם","שטראוס גרופ בע""מ",IL,צנצנת עלמה בטעם ספיר,Unknown,0.00,Unknown,false,1,9.90,9.90,true,1,
7290107957113,false,סימפוניה 5% זיתים פיקנטיים 200 ג' שטראוס,,IL,סימפוניה 5% זיתים פי,גרמים,200.00,100 גרם,false,1,11.00,5.50,true,1,
7290107957991,false,מילקי CAKE מיניס קרם חלב בציפוי שוקולד חלב שקית 16X9ג',בובארד איטליה אס.פי.,IT,מילקי CAKE מינייס 14,גרמים,144.00,100 גרם,false,1,16.70,11.60,true,1,
7290107958035,false,יוגורט במתיקות מעודנת 2% מאגדת 8 יח' *120 ג' דנונה,,,"מארז דנונה ללת""ס",גרמים,1200.00,100 גרם,false,1,18.50,1.54,true,1,
7290107958639,false,מטבוחה אחלה מרוקאית חריפה 400 גר',מיוצר עי קונדיטוריית,IL,מטבוחה מרוקאית חריפה,גרמים,400.00,100 גרם,false,1,18.30,4.58,true,1,
7290107973861,false,מאסטר שף - עגבניות קצוצות דק שלישיה 400 גרם * 3,קונסרזיו קאסאלאסקו ד,IT,מנה עגבניות קצוצות ד,קילוגרמים,0.00,"ק""ג",false,1,16.90,16.90,true,1,
7290107974066,false,"עלי טורטיה קמח מלא 20ס""מ 8יח' מאסטר שף 320ג'",אורגניק,DE,מנה עלי טורטיה קמח מ,גרמים,320.00,100 גרם,false,1,10.90,3.41,true,1,
7290107974073,false,מנה עלי טורטיה קמח לבן מ.שף 20 סמ 320 גר,הנסיך- מפעל לייצור ט,DE,מנה עלי טורטיה קמח ל,גרמים,320.00,100 גרם,false,1,10.90,3.41,true,1,
7290107974806,false,"מאסטר שף - אורז בסמטי 1 ק""ג",,,"מנה אורז בסמטי 1 ק""ג",גרמים,1000.00,100 גרם,false,1,13.90,1.39,true,1,
7290107974813,false,"אורז יסמין 1 ק""ג מאסטר שף",,,"מנה אורז יסמין 1 ק""ג",גרמים,1000.00,100 גרם,false,1,12.50,1.25,true,1,
7290107975346,false,ספיד סטיק - דאודורנט ג'ל לגבר כוח הטבע 85 גרם,,,דאו גל כח הטבע אולנג,גרמים,65.00,100 גרם,false,1,20.90,32.15,true,1,
7290107975360,false,ליידי ספיד סטיק פיור פרשנס ג'ל נשים 65ג',,,דאו גל פיור פרשנס לי,גרמים,65.00,100 גרם,false,1,32.90,50.62,true,1,
7290107976848,false,רביעיית פלמוליב סבון מוצק קמומיל,,,סבון מוצק פלמוליב קמ,Unknown,0.00,Unknown,false,1,21.90,21.90,true,1,
7290107976916,false,"פלמוליב סבון ידיים חלב זיתים 300 מ""ל",,,סבון ידיים חלב זיתים,מיליליטרים,300.00,"100 מ""ל",false,1,12.50,4.17,true,1,
7290107978330,false,מאסטר שף איטריות דקות 400 גרם,הדקלאים אגודת שיתופי,PL,מאסטר שף איטריות דקו,גרמים,400.00,100 גרם,false,1,6.20,1.55,true,1,
7290107978347,false,מאסטר שף איטריות בינוניות 400 גר,הדקלאים אגודת שיתופי,PL,מאסטר שף איטריות בינ,גרמים,400.00,100 גרם,false,1,6.20,1.55,true,1,
7290107978453,false,קראנצו'ס גריל 55 גרם,,,קראנצוס גריל 55 גרם,גרמים,55.00,100 גרם,false,1,3.50,6.36,true,1,
7290107979191,false,תב.אלומיניום עם נייר אפייה ענק קוקי 2 י,HAI PLASTIC,CN,תב.אלומיניום עם נייר,Unknown,0.00,Unknown,false,1,11.40,11.40,true,1,
7290108070309,false,שקית בלונים פסטל מעורב צבעים-100 יח,,,שקית בלונים פסטל מעו,Unknown,0.00,Unknown,false,1,26.50,26.50,true,1,
7290108350128,false,סנו סושי שקיות אשפה חזקות במיוחד 40 יח',מיוצר עי קונדיטוריית,IL,סנו סושי 40 שקיות אש,Unknown,0.00,Unknown,false,1,23.90,23.90,true,1,
7290108350203,false,סנו סושי כריות קרצוף ללכלוך 6 יח',UFO,US,סקוטש ברייט+ספוג 6 י,Unknown,0.00,Unknown,false,1,11.90,11.90,true,1,
7290108350258,false,סופט נייר טואלט גליל ארוך 12 גלילים=36,מפעלי ברונוס בעמ,IL,סנו סופט נ.טואלט 12,Unknown,0.00,Unknown,false,1,39.90,39.90,true,1,
7290108350555,false,סנו ספארק נוזל כלים בניחוח שקדים עם משאבה 1 ל',,,ספארק נוזל כלים לעור,מיליליטרים,1000.00,"100 מ""ל",false,1,14.60,1.46,true,1,
7290108350616,false,סנו - מקסימה מרכך כביסה מרוכז פריחה כחולה 1 ליטר,"סנו מפעלי ברונוס בע""",IL,מרכך כביסה מקסימה סו,מיליליטרים,1000.00,"100 מ""ל",false,1,17.90,1.79,true,1,
7290108350623,false,מרכך כביסה סופר מרוכז סופט סילק מקסימה 1 ל' סנו,"סנו מפעלי ברונוס בע""",IL,מרכך כביסה מקסימה סו,מיליליטרים,1000.00,"100 מ""ל",false,1,17.90,1.79,true,1,
7290108351156,false,סנו - ג'ט לניקוי כללי ורצפות בתוספת חומץ 1.5 ליטר,"סנו מפעלי ברונוס בע""",IL,נוזל לנ.כללי ורצפות+,ליטרים,0.00,ליטר,false,1,12.90,12.90,true,1,
7290108351507,false,מרכך כביסה מקסימה סופט סילק 4 ל' סנו,הורביץ סחר,IL,מרכך כביסה SOFT SILK,ליטרים,0.00,ליטר,false,1,19.90,19.90,true,1,
7290108351699,false,סנו - ג'ט מטליות לחות לניקוי כללי בתוספת חומץ לבנדר שלישיה,סנו מפעלי ברונוס על,IL,מגבוני ניקוי סנו גט+,Unknown,0.00,Unknown,false,1,19.90,19.90,true,1,
7290108351705,false,פניני בישום fresh linen גר 275,value smart prodacts,IL,פניני בישום fresh l,גרמים,275.00,100 גרם,false,1,25.90,9.42,true,1,
7290108351712,false,פניני בישום לכביסה 275 ג' מקסימה,value smart prodacts,IL,פניני בישום lovely,גרמים,275.00,100 גרם,false,1,25.90,9.42,true,1,
7290108351811,false,מקסימה מרכך כביסה סופר מרוכז פלור טאצ' 1 ליטר,מיוצר עי קונדיטוריית,IL,מר.כביסה סנומקסימה מ,ליטרים,0.00,ליטר,false,1,17.90,17.90,true,1,
7290108351842,false,"מקסימה בושם מרוכז לכביסה FOREVER כחול 600מ""ל","איי, בי, אינבוו",IL,בושם מרוכז לכביסה סנ,מיליליטרים,600.00,"100 מ""ל",false,1,22.90,3.82,true,1,
7290108351910,false,סנו ספארק טבליות למדיח 30 יח',גרופה אינקו,PL,טבליות למדיח ספארק 3,Unknown,0.00,Unknown,false,1,22.90,22.90,true,1,
7290108351927,false,סנו ספארק טבליות למדיח 70 יח',,IL,טבליות למדיח ספארק 7,Unknown,0.00,Unknown,false,1,46.90,46.90,true,1,
7290108351996,false,"חיטוי בייבי 99.9% לחיטוי וניקוי בסביבת תינוקות 750 מ""ל",,IL,מרסס בייבי גט לחיטוי,מיליליטרים,750.00,"100 מ""ל",false,1,13.90,1.85,true,1,
7290108352009,false,סנו ספארק קפסולות למדיח כלים 50 יח',טרופיקל דגיל תעשיות,PL,קפסולות גל למדיח סנו,Unknown,0.00,Unknown,false,1,52.50,52.50,true,1,
7290108352047,false,אורביטול - צמד מברשות שיניים 808 + חוט דנטלי במתנה,,,צמד מברשות שיניים 80,יחידה,1.00,יחידה,false,1,19.90,19.90,true,1,
7290108352207,false,מקסימה קפסולות לכביסה פלורל 40 יחידות,טרופיקל דגיל תעשיות,IL,קפסולות לכביסה סנו מ,יחידה,1.00,יחידה,false,1,39.90,39.90,true,1,
7290108352214,false,סנו - מקסימה קפסולות כביסה בניחוח בריזה מרעננת 40 יח',טרופיקל דגיל תעשיות,IL,קפסולות לכביסה סנו מ,Unknown,0.00,Unknown,false,1,39.90,39.90,true,1,
7290108352290,false,שלישיית מטליות לחיטוי ולניקוי לחדר האמבטיה,מיוצר עי קונדיטוריית,IL,מטליות לחות לאמבטיה,Unknown,0.00,Unknown,false,1,25.90,25.90,true,1,
7290108352801,false,סנו - סושי שקיות אשפה לפח קטן 100 יחידות,"סנו מפעלי ברונוס בע""",IL,שקיות אשפה סנו סושי,Unknown,0.00,Unknown,false,1,18.90,18.90,true,1,
7290108352818,false,מטלית במבוק לניקוי סנו סושי,טרופיקל דגיל תעשיות,CN,מטלית במבוק לניקוי,Unknown,0.00,Unknown,false,1,10.90,10.90,true,1,
7290108352825,false,ספוג הפלא נירוסטה סנו סושי 3יח',s.k.a.t ltdסנו מפעלי,CN,ספוג הפלא נירוסטה סנ,Unknown,0.00,Unknown,false,1,12.80,12.80,true,1,
7290108352849,false,שלישיית מטלית הפלא לניקוי כללי סנו סושי,טרופיקל דגיל תעשיות,IL,מטלית הפלא לניקוי דק,יחידה,1.00,יחידה,false,1,16.70,16.70,true,1,
7290108352863,false,סנו סושי שקיות צלייה 20יח' מידה L,מיוצר עי קונדיטוריית,TR,שקיות צלייה סנו סושי,Unknown,0.00,Unknown,false,1,9.50,9.50,true,1,
7290108353006,false,שקיות אוכל סנו סושי נקשרות 250 יח,מיוצר עי קונדיטוריית,IL,שקיות אוכל סנו סושי,יחידה,1.00,יחידה,false,1,13.90,13.90,true,1,
7290108353068,false,ספוג הפלא נירוסטה עם סיבי קירצוף סנו סושי 2 יח',מיוצר עי קונדיטוריית,IL,כרית קרצוף סנו סושי,Unknown,0.00,Unknown,false,1,12.20,12.20,true,1,
7290108353372,false,צמד מברשת שיניים 12000פחם סיבים אורביטול,סנו,IL,צמד מברשת שיניים 120,יחידה,1.00,יחידה,false,1,31.90,31.90,true,1,
7290108353532,false,סנו סושי שקיות אשפה בגליל 100 יח',Elif,IL,שקיות אשפה סנו סושי,Unknown,0.00,Unknown,false,1,34.90,34.90,true,1,
7290108353549,false,נייר אפייה סנו סושי 100 יח,"טופ פלסט 2002 בע""מ",IL,נייר אפייה סנו סושי,Unknown,0.00,Unknown,false,1,21.90,21.90,true,1,
7290108353556,false,נייר טואלט סופט שלוש שכבות 32 גלילים סנו,טרופיקל דגיל תעשיות,IL,נייר טואלט סנו סופט,מטרים,537.00,מטר,false,1,44.90,0.08,true,1,
7290108353686,false,"""מטלית חלומית לריצפה"" סנו סושי",נינגבו סנבנג,IL,סושי מטלית לרצפה חלו,Unknown,0.00,Unknown,false,1,12.90,12.90,true,1,
7290108353716,false,"קרמה - תחליב רחצה חימר פיטאיה 500 מ""ל",,IL,קרמה תחליב רחצה חימר,Unknown,0.00,Unknown,false,1,12.90,12.90,true,1,
7290108353730,false,"קרמה - תחליב רחצה חימר אוכמניות כחולות 500 מ""ל",,IL,קרמה תחליב רחצה חימר,Unknown,0.00,Unknown,false,1,12.90,12.90,true,1,
7290108353778,false,"נקה 7 - תחליב רחצה שוודיה בניחוח פיטנגו 750 מ""ל",קוסמופארם בע''מ,IL,תחליב רחצה נקה 7 שוו,מיליליטרים,750.00,"100 מ""ל",false,1,14.50,1.93,true,1,
7290108353808,false,"תחליב רחצה נקה מדגסקר בניחות אמבר 750 מ""ל",קוסמופארם בע''מ,IL,תחליב רחצה נקה 7 מדג,מיליליטרים,750.00,"100 מ""ל",false,1,14.50,1.93,true,1,
7290108354270,false,מרכך כביסה מרוכז בבישום עוצמתי 1 ל' סנו מקסימה,מיוצר עי קונדיטוריית,IL,CALMמרכך כביסה מקסימ,מיליליטרים,1000.00,"100 מ""ל",false,1,17.90,1.79,true,1,
7290108354751,false,"סנו - ג'ט מרסס לניקוי כללי בתוספת אבקת סודה 750 מ""ל","סנו מפעלי ברונוס בע""",IL,מרסס סנו גט בתוספת ס,מיליליטרים,750.00,"100 מ""ל",false,1,13.90,1.85,true,1,
7290108355048,false,מגבונים לניקוי פנים קרליין שלישייה,,,מגבונים לניקוי פנים,Unknown,0.00,Unknown,false,1,24.90,24.90,true,1,
7290108355284,false,"תרסיס לשיער נקה 7 להתרת קשרים 750 מ""ל",קוסמופארם בעמ,IL,תרסיס לשיער נקה 7 לה,מיליליטרים,750.00,"100 מ""ל",false,1,19.90,2.65,true,1,
7290108356229,false,"קרמה - ג'ל גילוח קרבון 200 מ""ל",טרופיקל דגיל תעשיות,TR,גל גילוח קרמה קרבון,מיליליטרים,200.00,"100 מ""ל",false,1,13.50,6.75,true,1,
7290108356526,false,"קרליין - שמפו 10 לשיער יבש 700 מ""ל",סנו,IL,קרוליין 10 שמפו לשיע,יחידה,1.00,יחידה,false,1,12.90,12.90,true,1,
7290108356564,false,"קרליין - מרכך 10 לשיער רגיל 700 מ""ל",סנו,IL,קרוליין 10 מרכך לשיע,יחידה,1.00,יחידה,false,1,12.90,12.90,true,1,
7290108356854,false,מגבוני בייבי כיף בניוח עדין מארז חמישייה,,,מגבונים בייבי כיף חמ,Unknown,0.00,Unknown,false,1,21.90,21.90,true,1,
7290108356861,false,מגבוני בייבי כיף ללא בישום מארז חמישייה,,,מגבונים בייבי כיף חמ,Unknown,0.00,Unknown,false,1,21.90,21.90,true,1,
7290108357011,false,"מרכך כיף ורד ושמן קוקוי 700 מ""ל",טרופיקל דגיל תעשיות,IL,מרכך כיף ורד ושמן קו,מיליליטרים,700.00,"100 מ""ל",false,1,12.90,1.84,true,1,
7290108357042,false,"קרליין - נושם ביו דאודורנט רול און 75 מ""ל Citrus Blossoms לאישה",קוסמופארם,IL,קרליין דאו. רולאון נ,Unknown,0.00,Unknown,false,1,12.90,12.90,true,1,
7290108357059,false,"קרליין - נושם ביו דאודורנט רול און 75 מ""ל Secret Garden לאישה",קוסמופארם,IL,קרליין דאו. רולאון 7,Unknown,0.00,Unknown,false,1,12.90,12.90,true,1,
7290108357073,false,"קרליין - נושם ביו דאודורנט ספריי 150 מ""ל Blossoms Citrus לאישה",קוסמופארם,IL,קרליין דאודורנט 150,מיליליטרים,200.00,"100 מ""ל",false,1,12.90,6.45,true,1,
7290108357202,false,סנוקליר לניקוי בניחוח בלו בלוסום 1 ליטר,"סנו מפעלי ברונוס בע""",IL,סנוקליר לניקוי בניחו,ליטרים,0.00,ליטר,false,1,9.90,9.90,true,1,
7290108357264,false,"פרש אוטומטי מילוי בניחוח מרכך הכביסה אולטרה 375 מ""ל סנו",סנו,IL,מטהר אוויר סנו פרש א,מיליליטרים,250.00,"100 מ""ל",false,1,14.90,5.96,true,1,
7290108357288,false,אקונומיקה ז'אוול בניחוח פריחה לבנה 4 ל' סנו,סנו,IL,סנו זאוול אקונומיקה,ליטרים,0.00,ליטר,false,1,16.90,16.90,true,1,
7290108357394,false,"תחליב רחצה קרמה חלב ודבש 700 מ""ל",,,תחליב רחצה קרמה חלב,מיליליטרים,700.00,"100 מ""ל",false,1,16.90,2.41,true,1,
7290108357578,false,"קרם ידיים קרמ וניל ופלפל ורוד 100 מ""ל",,,קרם ידיים קרמ וניל ו,מיליליטרים,100.00,"100 מ""ל",false,1,9.90,9.90,true,1,
7290108357851,false,"כיף - ג'ל רחצה אליקסיר אוילס מועשר בשמן קוקוס 700 מ""ל","קוסמופארם בע""מ",IL,תחליב רחצה כיף ורד ו,מיליליטרים,700.00,"100 מ""ל",false,1,13.50,1.93,true,1,
7290108357868,false,"כיף - ג'ל רחצה אליקסיר אויל מועשר בשמן מקדמיה 700 מ""ל",קוסמופארם,IL,תחליב רחצה כיף ורד ו,מיליליטרים,700.00,"100 מ""ל",false,1,13.50,1.93,true,1,
7290108358124,false,דפי בישום לחים למייבש הכביסה בניחוח מרכך כביסה 20 יח' מקסימה,,,מקסימה דפי בישום למי,Unknown,0.00,Unknown,false,1,14.60,14.60,true,1,
7290108359060,false,סנו סושי כריות הפלא רב תכלתיות *4 לשבת,,IL,סנו סושי כריות הפלא,Unknown,0.00,Unknown,false,1,13.50,13.50,true,1,
7290108359084,false,כיסוי ניילון עם גומי 30 יח' M סנו סושי,סנו,IL,סושי כיסוי עם גומי מ,Unknown,0.00,Unknown,false,1,11.90,11.90,true,1,
7290108359091,false,כיסוי ניילון עם גומי 30 יח' L סנו סושי,סנו,IL,סושי כיסוי עם גומי ל,Unknown,0.00,Unknown,false,1,11.90,11.90,true,1,
7290108359114,false,חמגשית אלומיניום עם מכסה 10יח,,,סושי חמגשית + מכסה 1,יחידה,1.00,יחידה,false,1,11.90,11.90,true,1,
7290108359176,false,סופט ממחטות אף צמד בשקית לושן 3 שכבות,,,סופט ממחטות אף צמד ב,Unknown,0.00,Unknown,false,1,14.50,14.50,true,1,
7290108359183,false,שקית אשפה חזקות 70*50 60 יח' סנו סושי,,IL,שקיות אשפה 60 יחידות,Unknown,0.00,Unknown,false,1,24.90,24.90,true,1,
7290108359190,false,סושי מגבת הפלא 4 יח' = 12 גליל ארוך פי 3,,IL,מגבות נייר סנו סושי,מטרים,126.90,מטר,false,1,24.90,0.20,true,1,
7290108359213,false,"נייר טואלט סנו סופט גלילים כפולים, 18 יח'",,,סנו סופט נייר טואלט,Unknown,0.00,Unknown,false,1,39.90,39.90,true,1,
7290108359855,false,"שמפו אל דמע בייבי כיף+משאבה 750 מ""ל",גוד פוד פרודקטס S.p,IL,שמפו אל דמע בייבי כי,מיליליטרים,750.00,"100 מ""ל",false,1,15.90,2.12,true,1,
7290108359985,false,סנו - ז'אוול מרסס קצף לניקוי וחינו בניחוח פריחה לבנה 1 ליטר,סנו,IL,סנו זאוול מרסס פריחה,מיליליטרים,1000.00,"100 מ""ל",false,1,18.90,1.89,true,1,
7290108500677,false,כבד דג שיבוט בשמן הדג 115 גרם,"איטיליאן פוד, אס.פי.",IS,כבד דג שיבוט בשמן הד,גרמים,115.00,100 גרם,false,1,11.40,9.91,true,1,
7290108501346,false,גבינה גאודה מגורדת 28% 500 גר,הנסיך- מפעל לייצור ט,IL,גבינה גאודה מגורדת 2,גרמים,500.00,100 גרם,false,1,24.90,4.98,true,1,
7290108501391,false,פרוסות גבינה חצי קשה מחלב עיזים,,IL,גבינת עיזים חצי קשה,גרמים,150.00,100 גרם,false,1,22.90,15.27,true,1,
7290108501964,false,חטיף אגוזים וצימוקים הפי נאטס מארז 35X4ג',פודס,GR,הפי נוטס חטיף אגוזים,גרמים,140.00,100 גרם,false,1,12.90,9.21,true,1,
7290108502725,false,גבינת גאודה פרוסות 400 גר`וילי פוד,,IL,גבינת גאודה פרוסות 4,גרמים,400.00,100 גרם,false,1,19.90,4.98,true,1,
7290108502763,false,גבינת קממבר 200 גרם,,FR,גבינה קממבר 200 גר,גרמים,200.00,100 גרם,false,1,20.90,10.45,true,1,
7290108502862,false,מלפפון כבושים במלח 18-25 קטנים מאוד 600 ג',,,מלפפונים כבושים במלח,גרמים,600.00,100 גרם,false,1,10.40,1.73,true,1,
7290108503067,false,פרמז'נו משולש 150 גרם,,,פרמזנו משולש 150 גרם,גרמים,150.00,100 גרם,false,1,16.70,11.13,true,1,
7290108503708,false,פיצה עם פטריות 385 גרם,מוטלוקל גידה סאנאי ט,IT,פיצה עם פטריות 390 ג,גרמים,390.00,100 גרם,false,1,15.90,4.08,true,1,
7290108503715,false,פיצה עם זיתים ויליפ,מוטלוקל גידה סאנאי ט,IT,פיצה עם זיתים 385 גר,גרמים,385.00,100 גרם,false,1,15.90,4.13,true,1,
7290108503746,false,חמאה מלוחה מבלגיה 20,ואליו אל.טי.די,FI,חמאה מלוחה 200 גר,גרמים,200.00,100 גרם,false,1,14.50,7.25,true,1,
7290108503814,false,גבינה מותכת למריחה 200 גר,,FI,גבינה מותכת ויאולה,גרמים,200.00,100 גרם,false,1,12.50,6.25,true,1,
7290108505153,false,יוגורט בטעם טבעי 2% שומן 150 ג',,GR,יוגורט בטעם טבעי,גרמים,150.00,100 גרם,false,1,6.20,4.13,true,1,
7290108505177,false,יוגורט עם אננס 150 גרם 0% שומן,דלתא,GR,יוגורט עם אננס 0% שו,גרמים,150.00,100 גרם,false,1,6.20,4.13,true,1,
7290108505184,false,יוגורט עם קוקוס 5% שומן 150 גרם,,GR,יוגורט עם קוקוס 5% ש,גרמים,150.00,100 גרם,false,1,6.20,4.13,true,1,
7290108505191,false,יוגורט עם פצפוצי שוקולד 5% שומן 150 גרם,דלתא,GR,יוגורט עם פצפוצי שוק,גרמים,150.00,100 גרם,false,1,6.20,4.13,true,1,
7290108505740,false,גבינת קשקבל חצי קשה25% שומן 200גר,,TR,גבינת קשקבל חצי קשה,גרמים,200.00,100 גרם,false,0,12.90,6.45,true,1,
7290108505962,false,שזיפים מיובשים וילי פוד 400 גרם,,US,שזיפים מיובשים וילי,גרמים,400.00,100 גרם,false,1,24.90,6.23,true,1,
7290108506969,false,מאפה בורקס מים תורכי - גבינה 300 ג',גידה,TR,בורקס מים תורכי 300,גרמים,300.00,100 גרם,false,1,18.80,6.27,true,1,
7290108507058,false,ביסקוויט פריך בשוקולד חלב 100 גרם,,TR,ביסקויט פריך בשוקולד,גרמים,100.00,100 גרם,false,1,6.90,6.90,true,1,
7290108507072,false,שבבי גבינת גרנה פדנו 100 גרם,זנאתי,IT,שבבי גבינת גרנה פדנו,גרמים,100.00,100 גרם,false,1,11.40,11.40,true,1,
7290108507645,false,ביסקוויט פריך בשוקולד מריר 100 גרם,,TR,ביסקויט פריך בשוקולד,גרמים,100.00,100 גרם,false,1,6.90,6.90,true,1,
7290108508109,false,"טורטליני לל""ג במילוי ריקוטה ותרד 250 גרם",ג.ר.א.מ.מ גרופו אלימ,IT,"טורטליני לל""ג במילוי",גרמים,250.00,100 גרם,false,1,15.60,6.24,true,1,
7290108508499,false,"איירן משקה יוגורט בסגנון טורקי יורו 293 מ""ל",,TR,איירן משקה יוגורט בס,מיליליטרים,293.00,"100 מ""ל",false,1,6.50,2.22,true,1,
7290108508772,false,קונכיות פתיתים עם תרד 400 גרם,,TR,קונכיות פתיתים עם תר,גרמים,400.00,100 גרם,false,1,6.90,1.73,true,1,
7290108508901,false,יוגורט עם דובדבנים ושקדים 0.6 %שומן דלתא 150 ג',,GR,יוגורט יווני עם דובד,גרמים,150.00,100 גרם,false,1,6.20,4.13,true,1,
7290108509250,false,"ויליפוד אנטיפסטי ארטישוק עגבניות, 380 גרם",קוסרבה בונטו,IT,אנטיפסטי ארטישוק בשמ,מיליליטרים,380.00,"100 מ""ל",false,1,24.90,6.55,true,1,
7290108509359,false,פופקורן בציפוי בטעם קרמל 90 ג' ויליפוד,סנרו ס.א,UA,פופקורן בציפוי בטעם,גרמים,90.00,100 גרם,false,1,8.30,9.22,true,1,
7290108509397,false,עלי בצק פילו [משולשים] 360 גרם,,TR,עלי בצק פילו משולשים,גרמים,360.00,100 גרם,false,1,12.90,3.58,true,1,
7290108509755,false,גבינה חלומי 250 גרם 23% שומן,,קפריסין,גבינה חלומי 250 גרם,גרמים,250.00,100 גרם,false,1,24.90,9.96,true,1,
7290108509908,false,מנת השף איטריות להכנה מהירה בטעם ירקות 85 גרם,,TH,אטריות להכנה מהירה ב,גרמים,85.00,100 גרם,false,1,3.90,4.59,true,1,
7290108509915,false,מנת השף אטריות להכנה מהירה בטעם סיני פיקנטי 85 גרם,,TH,אטריות להכנה מהירה ס,גרמים,85.00,100 גרם,false,1,3.90,4.59,true,1,
7290108509922,false,מנת השף איטריות להכנה מהירה בטעם עוף 85 גרם,,TH,אטריות להכנה מהירה ב,גרמים,85.00,100 גרם,false,1,3.90,4.59,true,1,
7290108509939,false,פרוסות פילה טונה 120 ג' ויליפוד,,,פרוסות פילה טונה 120,גרמים,120.00,100 גרם,false,1,12.90,10.75,true,1,
7290109351209,false,שלגון לה פרוטה אננס תפוז נסטלה 70ג',תות תעשיות מזון (201,IL,גלידה לה פרוטה אננס,Unknown,0.00,Unknown,false,1,5.90,5.90,true,1,
7290109351957,false,פריכיות פיטנס מיני גדולות שוקולד חלב 100ג',סנורייס בלגיום אן. ו,BE,פיטנס פריכיות גדולות,גרמים,100.00,100 גרם,false,1,9.70,9.70,true,1,
7290109354057,false,קרחון לה פרוטה שרבט אננס תפוז מאגדת 5 יח',תות תעשיות מזון (201,IL,מאגדת לה פרוטה תפוז,Unknown,0.00,Unknown,false,1,27.50,27.50,true,1,
7290109354996,false,פתי בר ללא גלוטן שוקו 200 גרם אסם,מיוצר עי קונדיטוריית,IL,פתי בר ללא גלוטן שוק,גרמים,200.00,100 גרם,false,1,11.40,5.70,true,1,
7290109580036,false,"שניצל תירס 1.25 ק""ג זוגלובק",,,"שניצל תירס 1.25 ק""ג",גרמים,1250.00,100 גרם,false,1,37.90,3.03,true,1,
7290109580050,false,נקנקיות צ'וריסוס וונדרס 226 ג',זוגלובק 2000,IL,נקניקיות צוריסוס,גרמים,226.00,100 גרם,false,1,36.50,16.15,true,1,
7290109580067,false,טחון מן הצומח וונדרס,,,טחון wonders 340 גר,גרמים,340.00,100 גרם,false,1,36.50,10.74,true,1,
7290109580234,false,נקניקיות מרגז wonders 226 גר,זוגלובק,IL,נקניקיות מרגז wonder,גרמים,226.00,100 גרם,false,1,35.50,15.71,true,1,
7290109580319,false,בורגר וונדרס 280 ג' WONDERS,זוגלובק,IL,בורגר wonders 280 גר,גרמים,280.00,100 גרם,false,1,35.50,12.68,true,1,
7290109580449,false,סלמי בטעם כמהין פרימיום 180 ג' זוגלובק,זוגלובק,IL,סלמי בטעם כמהין 180,גרמים,160.00,100 גרם,false,1,23.90,14.94,true,1,
7290109640198,false,מגורדת לפיצה ואפיה 20% שומן משומשו 200 ג,,IL,מגורדת לפיצה ואפיה 2,גרמים,200.00,100 גרם,false,1,19.90,9.95,true,1,
7290109640204,false,גוש בסגנון חלומי 18% משומשו 250 גרם,,,גוש בסגנון חלומי 18%,גרמים,250.00,100 גרם,false,1,21.90,8.76,true,1,
7290109640396,false,ממרח שום שמיר בסיס רכיבי קוקוס 200 גר,,IL,ממרח שום שמיר בסיס ר,גרמים,200.00,100 גרם,false,1,17.90,8.95,true,1,
7290109640464,false,"יוגורט עיזים טבעי 250 מ""ל","טרופיקל דגיל בע""מ אז",IL,פתיתים טבעוניים בסגנ,מיליליטרים,250.00,"100 מ""ל",false,1,22.90,9.16,true,1,
7290109920603,false,"אסטוניש קרם לניקוי המטבח 500 מ""ל",,IL,קרם ניקוי אסטוניש למ,מיליליטרים,500.00,"100 מ""ל",false,1,19.80,3.96,true,1,
7290109920832,false,"נ.ניקוי דורגול לניקוי מקציף חלב 500 מ""ל",פרח,CH,נ.ניקוי דורגול לניקו,מיליליטרים,500.00,"100 מ""ל",false,1,29.90,5.98,true,1,
7290109920863,false,גל כביסה הפי מיוחד לכביסת בגדי ספורט,,,גל כביסה הפי מיוחד ל,מיליליטרים,1000.00,"100 מ""ל",false,1,15.30,1.53,true,1,
7290109920870,false,גל כביסה הפי מיוחד לכביסה שחורה וכהה,,,גל כביסה הפי מיוחד ל,מיליליטרים,1000.00,"100 מ""ל",false,1,15.30,1.53,true,1,
7290109920887,false,גל כביסה הפי מיוחד לכביסה ביד צמר ומשי,,,גל כביסה הפי מיוחד ל,מיליליטרים,1000.00,"100 מ""ל",false,1,15.30,1.53,true,1,
7290109921075,false,"נוזל דזיטול מחטא בגדים בכביסה 500 מ""ל",,ES,נוזל דזיטול מחטא בגד,מיליליטרים,500.00,"100 מ""ל",false,1,17.30,3.46,true,1,
7290109921303,false,טורבול סופג לחות 2 מגשיות,טורבול,SE,סופג לחות טורבול sli,Unknown,0.00,Unknown,false,1,31.50,31.50,true,1,
7290109921822,false,הגרטי זוג כפפות להברקת כלי כסף,,CH,הגרטי זוג כפפות להבר,Unknown,0.00,Unknown,false,1,59.00,59.00,true,1,
7290109923130,false,מדליק לפחמים קוביות הפי 24 יח',,,מדליק פחמים הפי קובי,Unknown,0.00,Unknown,false,1,14.60,14.60,true,1,
7290109923147,false,אסטוניש מהדורה פרימיום פלא של אקונומיקה,,IL,אסטוניש מהדורה פרימי,Unknown,1.00,Unknown,false,1,14.90,14.90,true,1,
7290110110277,false,"סומרסבי סיידר תפוחים אלכוהולי 4*300 מ""ל","קרלסברג קרואטיה , יב",HR,סומרסבי סיידר תפוחים,מיליליטרים,1320.00,"100 מ""ל",false,1,29.90,2.27,true,1,
7290110110369,false,שישיית בירה קרלסברג LUMA בקבוק 330 מל,מבשלות בירה בינלאומי,IL,שישיית בירה קרלסברג,מיליליטרים,1980.00,"100 מ""ל",false,1,34.90,1.76,true,1,
7290110110574,false,"קוקה קולה זירו לימון פחית 330 מ""ל",החברה המרכזית לייצור,IL,סליק קולה ZERO לימון,מיליליטרים,330.00,"100 מ""ל",false,1,5.40,1.64,true,1,
7290110110635,false,"ספרייט מופחת 500 מ""ל",החברה המרכזית לייצור,IL,"ספרייט חדש 500 מ""ל",מיליליטרים,500.00,"100 מ""ל",false,1,7.50,1.50,true,1,
7290110110659,false,"ספרייט לימון ליים פחית 330מ""ל",החברה המרכזית לייצור,IL,ספרייט סליק חדש 330,מיליליטרים,330.00,"100 מ""ל",false,1,5.40,1.64,true,1,
7290110111557,false,"משקה ספורט איזוטוני בטעם פירות 500 מ""ל פאוורייד",Caslino al Piano pla,IT,פאוור אייד מאונטן בל,מיליליטרים,500.00,"100 מ""ל",false,1,11.90,2.38,true,1,
7290110111564,false,"משקה ספורט איזוטוני בטעם הדרים ליין 500 מ""ל פאוורייד",Caslino al Piano pla,IT,פאוורייד משקה ספורט,מיליליטרים,500.00,"100 מ""ל",false,1,11.90,2.38,true,1,
7290110113261,false,נקטר אושן ספריי 19 קלוריות חמוציות 1 ליטר,,IL,נקטר אושן ספריי חמוצ,מיליליטרים,1000.00,"100 מ""ל",false,1,11.90,1.19,true,1,
7290110113421,false,"בירה קרלסברג LUMA בקבוק 330 מ""ל",מבשלות בירה בינלאומי,IL,בירה קרלסברג LUMA בק,מיליליטרים,330.00,"100 מ""ל",false,1,7.90,2.39,true,1,
7290110113629,false,"בירה שקמה אייל ענברי בק 330 מ""ל",מבשלות בירה בינלאומי,IL,בירה שקמה אייל ענברי,מיליליטרים,330.00,"100 מ""ל",false,1,12.90,3.91,true,1,
7290110114794,false,נביעות+אפרסק 1.5 ליטר פיקדון,"נביעות טבע הגליל בע""",IL,מים נביעות 1.5 ליטר,ליטרים,0.00,ליטר,false,1,9.50,9.50,true,1,
7290110114800,false,נביעות פלוס בטעם ענבים 1.5 ליטר-,"נביעות טבע הגליל בע""",IL,מים נביעות בטעם ענבי,ליטרים,0.00,ליטר,false,1,9.50,9.50,true,1,
7290110114824,false,נביעות+רכיבי פרי אבטיח 1.5 ליטר פיקדון,"נביעות טבע הגליל בע""",IL,נביעות + רכיבי פרי,ליטרים,0.00,ליטר,false,1,9.20,9.20,true,1,
7290110114855,false,"נביעות מים מינרליים, שישיה 6 * 1.5 ליטר פקדון",נביעות טבע הגליל בעמ,IL,שישיית מים נביעות,ליטרים,0.01,ליטר,false,1,12.70,1270.00,true,1,
7290110114879,false,שישייה נביעות PET מ,,IL,שישייה נביעות PET מ,ליטרים,0.01,ליטר,false,1,16.50,1650.00,true,1,
7290110114886,false,פריגת סחוט טרי קלמנטינה 2 ליטר,גת,IL,פריגת סחוט טרי קלמנט,ליטרים,0.00,ליטר,false,1,23.90,23.90,true,1,
7290110114893,false,פריגת סחוט טרי תפוז 2 ליטר,גת,IL,פריגת סחוט טרי תפוז,ליטרים,0.00,ליטר,false,1,23.90,23.90,true,1,
7290110114909,false,מיץ סחוט תפוח צלול 2 ל' פריגת,היינץ צפון אמריקה מק,IL,פריגת טרי תפוח צלול,ליטרים,0.00,ליטר,false,1,23.90,23.90,true,1,
7290110114916,false,פריגת סחוט לימון נענע 2 ליטר,גת,IL,פריגת סחוט לימון נענ,ליטרים,0.00,ליטר,false,1,23.90,23.90,true,1,
7290110114954,false,מיץ תפוזים מתקתקים 100% 2 ל' פריגת,,,מיץ תפוזים מתקתק 100,ליטרים,0.00,ליטר,false,1,22.90,22.90,true,1,
7290110114961,false,מיץ בטעם תפוזים 1.5ל' פריגת,מבשלות בירה בינלאומי,IL,פריגת תפוזים 1.5 ליט,ליטרים,0.00,ליטר,false,1,8.90,8.90,true,1,
7290110114985,false,פריגת אשכולית 1.5 ליטר פיקדון,מבשלות בירה בינלאומי,IL,פריגת אשכוליות 1.5 ל,ליטרים,0.00,ליטר,false,1,8.90,8.90,true,1,
7290110114992,false,פריגת light אשכולית 1.5 ליטר פיקדון,מבשלות בירה בינלאומי,IL,פריגת דיאט אשכוליות,ליטרים,0.00,ליטר,false,1,8.50,8.50,true,1,
7290110115005,false,פריגת ענבים 1.5 ליטר פיקדון,מבשלות בירה בינלאומי,IL,פריגת ענבים 1.5 ליטר,ליטרים,0.00,ליטר,false,1,8.90,8.90,true,1,
7290110115012,false,מיץ ענבים בניחוח מרלו 1.5 ל' פריגת,,IL,פריגת ענבים מרלו 1.5,ליטרים,0.00,ליטר,false,1,8.90,8.90,true,1,
7290110115029,false,"פריגת משק""ל תפוח 1.5 ליטר פיקדון",מבשלות בירה בינלאומי,IL,פריגת תפוחים 1.5 ליט,ליטרים,0.00,ליטר,false,1,8.90,8.90,true,1,
7290110115036,false,פריגת מנגו 1.5 ליטר פיקדון,מבשלות בירה בינלאומי,IL,פריגת מנגו 1.5 ליטר,ליטרים,0.00,ליטר,false,1,8.90,8.90,true,1,
7290110115043,false,פריגת לימונענע 1.5 ליטר פיקדון,מבשלות בירה בינלאומי,IL,פריגת לימונענע 1.5 ל,ליטרים,0.00,ליטר,false,1,8.90,8.90,true,1,
7290110115050,false,פריגת מיקס תות בננה 1.5 ליטר פיקדון,מבשלות בירה בינלאומי,IL,פריגת מיקס תות בננה,ליטרים,0.00,ליטר,false,1,8.90,8.90,true,1,
7290110115067,false,פריגת אפרסק 1.5 ליטר פיקדון,מבשלות בירה בינלאומי,IL,פריגת אפרסק 1.5 ליטר,ליטרים,0.00,ליטר,false,1,8.90,8.90,true,1,
7290110115074,false,פריגת תפוח דובדבן 1.5 ליטר פיקדון,מבשלות בירה בינלאומי,IL,פריגת תפוח דובדבן 1.,ליטרים,0.00,ליטר,false,1,8.90,8.90,true,1,
7290110115081,false,פריגת צלול ענבים 1.5 ליטר פיקדון,מבשלות בירה לישראל ב,IL,פריגת צלול ענבים 1.5,ליטרים,0.00,ליטר,false,1,8.70,8.70,true,1,
7290110115104,false,פריגת צלול אפרסק 1.5 ליטר פיקדון,מבשלות בירה בינלאומי,IL,פריגת צלול אפרסק 1.5,ליטרים,0.00,ליטר,false,1,8.70,8.70,true,1,
7290110115234,false,קוקה קולה זירו נטול 1.5 ליטר -,החברה המרכזית לייצור,IL,קולה ZERO נטול 1.5 ל,ליטרים,0.00,ליטר,false,1,8.50,8.50,true,1,
7290110115241,false,קוקה קולה זירו לימון 1.5 ליטר -,החברה המרכזית לייצור,IL,קולה ZERO לימון 1.5,ליטרים,0.00,ליטר,false,1,8.50,8.50,true,1,
7290110115289,false,ספרייט 19 קל' לימון-נענע 1.5 ליטר פיקדון,החברה המרכזית לייצור,IL,ספרייט לימון- נענע 1,ליטרים,0.00,ליטר,false,1,8.90,8.90,true,1,
7290110115296,false,פאנטה אורנג' 1.5 ליטר פיקדון,החברה המרכזית לייצור,IL,פאנטה אורנג 1.5 ליטר,ליטרים,0.00,ליטר,false,1,8.90,8.90,true,1,
7290110115302,false,פאנטה ZERO אורנג' 1.5 ליטר פיקדון,החברה המרכזית לייצור,IL,פאנטה ZERO אורנג 1.5,ליטרים,0.00,ליטר,false,1,8.90,8.90,true,1,
7290110115326,false,פאנטה אורנג' מנגו 1.5 ליטר-,החברה המרכזית לייצור,IL,פאנטה אורנג מנגו 1.,ליטרים,0.00,ליטר,false,1,8.90,8.90,true,1,
7290110115364,false,קוקה קולה שישיות 1.5 ליטר פיקדון,החברה המרכזית לייצור,IL,קוקה קולה שישייה 1.5,ליטרים,0.01,ליטר,false,1,49.90,4990.00,true,1,
7290110115371,false,דיאט קוקה קולה שישיות 1.5 ליטר פיקדון,החברה המרכזית לייצור,IL,קוקה קולה דיאט שישיי,ליטרים,0.01,ליטר,false,1,46.90,4690.00,true,1,
7290110115395,false,ZERO ספרייט שישיות 1.5 ליטר פיקדון,החברה המרכזית לייצור,IL,ספרייט ZERO שישייה 1,ליטרים,0.01,ליטר,false,1,46.90,4690.00,true,1,
7290110115401,false,קינלי סודה שישיה 1.5 ליטר פיקדון,החברה המרכזית לייצור,IL,קינלי סודה שישייה 1,ליטרים,0.01,ליטר,false,1,15.70,1570.00,true,1,
7290110115418,false,מארז שישייה קוקה קולה זירו 1.5 ל',החברה המרכזית לייצור,IL,קוקה קולה דיאט ZERO,ליטרים,0.01,ליטר,false,1,46.90,4690.00,true,1,
7290110115425,false,FUZE TEA גרין לימונענע -נענע 1.5 ליטר פיקדון,מבשלות בירה בינלאומי,IL,תה פיוז לימון-נענע 1,ליטרים,0.00,ליטר,false,1,8.90,8.90,true,1,
7290110115449,false,אייס תה בטעם מנגו אננס 1.5ל' FUZE TEA,מבשלות בירה בינלאומי,IL,תה פיוז מנגו 1.5 ליט,ליטרים,0.00,ליטר,false,1,9.00,9.00,true,1,
7290110115456,false,תה בטעם אפרסק 19 קלוריות 1.5 ל' FUZE TEA,מבשלות בירה בינלאומי,IL,תה פיוז אפרסק 90 קל,ליטרים,0.00,ליטר,false,1,8.90,8.90,true,1,
7290110115463,false,אייס תה בטעם אפרסק 1.5ל' FUZE TEA,מבשלות בירה בינלאומי,IL,תה פיוז אפרסק 1.5 לי,ליטרים,0.00,ליטר,false,1,9.00,9.00,true,1,
7290110115531,false,פאנטה אורנג' זירו תפוח 1.5 ליטר-,החברה המרכזית לייצור,IL,פתוח ZERO פאנטה 1.5,ליטרים,0.00,ליטר,false,1,8.90,8.90,true,1,
7290110115593,false,פריגת אשכוליות 40% פחות סוכר 1.5 ליטר פיקדון,מבשלות בירה בינלאומי,IL,פריגת אשכוליות 19 קל,ליטרים,0.00,ליטר,false,1,8.70,8.70,true,1,
7290110115616,false,אייס תה בטעם גרין אננס 1.5ל' FUZE TEA,מבשלות בירה בינלאומי,IL,פיוז טי זירו גרין אנ,ליטרים,0.00,ליטר,false,1,8.90,8.90,true,1,
7290110115623,false,אייס תה בטעם אפרסק 1.5ל' FUZE TEA,מבשלות בירה בינלאומי,IL,פיוז טי זירו אפרסק 1,ליטרים,0.00,ליטר,false,1,8.90,8.90,true,1,
7290110115654,false,"פיוז טי זירו גרין אננס, 500 מ""ל",מבשלות בירה בינלאומי,IL,תה פיוז זירו גרין א,מיליליטרים,500.00,"100 מ""ל",false,1,7.40,1.48,true,1,
7290110115661,false,"אייס תה ZERO אפרסק 500 מ""ל FUZE tea",מבשלות בירה בינלאומי,IL,תה פיוז זירו אפרסק,מיליליטרים,500.00,"100 מ""ל",false,1,7.40,1.48,true,1,
7290110115777,false,מים נביעות בקבוק 1.5,נביעות,,נביעות 1.5 ליטר,ליטרים,0.00,ליטר,false,1,3.90,3.90,true,1,
7290110115821,false,"ספרייט לימון, 1.5 ליטר פקדון",כלורוקס אוקלנד,IL,ספרייט לימון- ליים 1,ליטרים,0.00,ליטר,false,1,8.90,8.90,true,1,
7290110115838,false,ספרייט לימון- ליים 1.5 ליטר,"אינסטנטה בע""מ",IL,ספרייט זירו לימון- ל,ליטרים,0.00,ליטר,false,1,8.90,8.90,true,1,
7290110115845,false,קוקה קולה 1.5 ליטר פיקדון,"אינסטנטה בע""מ",IL,קוקה קולה 1.5 ליטר,ליטרים,0.00,ליטר,false,1,8.90,8.90,true,1,
7290110115852,false,דיאט קוקה קולה 1.5 ליטר -,תות תעשיות מזון (201,IL,קוקה קולה דיאט 1.5 ל,ליטרים,0.00,ליטר,false,1,8.90,8.90,true,1,
7290110115869,false,קוקה קולה זירו 1.5 ליטר פיקדון,תות תעשיות מזון (201,IL,קוקה קולה 1.5 ליטר,ליטרים,0.00,ליטר,false,1,8.50,8.50,true,1,
7290110115913,false,"משקה ספורט איזוטוני זירו בטעם אננס 500 מ""ל פאוורייד",Caslino al Piano pla,IT,פאוורייד זירו בטעם א,מיליליטרים,500.00,"100 מ""ל",false,1,11.90,2.38,true,1,
7290110115975,false,קוקה קולה זירו בקבוק,החברה המרכזית לייצור,IL,קוקה קולה זירו 1 ליט,מיליליטרים,1000.00,"100 מ""ל",false,1,6.90,0.69,true,1,
7290110116064,false,פאנטה ZERO פירות ירוק 1.5 ליטר פיקדון,החברה המרכזית לייצור,IL,פאנטה זירו פירות ירו,ליטרים,0.00,ליטר,false,1,8.90,8.90,true,1,
7290110116132,false,סירופ בטעם לימון 750 מל פריגת,פריגת,IL,סירופ בטעם לימון 750,מיליליטרים,750.00,"100 מ""ל",false,1,24.90,3.32,true,1,
7290110116156,false,נביעות+רכיבי פרי מנגו-פסיפלורה 1.5 ליטר-,,,נביעות+ רכיבי פרי מנ,ליטרים,0.00,ליטר,false,1,7.90,7.90,true,1,
7290110116217,false,נביעות+ סדרת 0 קלוריות אשכוליות 1.5 ליטר,"נביעות טבע הגליל בע""",IL,נביעות+ סדרת 0 קלורי,ליטרים,0.00,ליטר,false,1,7.90,7.90,true,1,
7290110116323,false,שישיית קוקה קולה זירו 1.5 ליטר חג שמח-,,IL,קוקה-קולה זירו שישיי,ליטרים,0.01,ליטר,false,1,42.90,4290.00,true,1,
7290110116446,false,מארז גין גורדונס ורוד + כוס בלון 700 מל,,GB,מארז גין גורדונס ורו,מיליליטרים,700.00,"100 מ""ל",false,1,93.90,13.41,true,1,
7290110116484,false,מיץ סחוט תות בננה 1 ל' פריגת,גת,IL,פריגת מיקס תות בננה,מיליליטרים,1000.00,"100 מ""ל",false,1,15.80,1.58,true,1,
7290110116491,false,מיץ סחוט אפרסק משמש 1 ל' פריגת,גת,IL,פריגת מיקס אפרסק משמ,מיליליטרים,1000.00,"100 מ""ל",false,1,15.80,1.58,true,1,
7290110116507,false,מיץ מיקס אננה בננה אגס 1 ל' פריגת,גת,IL,פריגת מיקס אננס בננה,מיליליטרים,1000.00,"100 מ""ל",false,1,15.80,1.58,true,1,
7290110116514,false,"פריגת מיקס תות בננה 400 מ""ל",גת,IL,פריגת מיקס תות בננה,מיליליטרים,400.00,"100 מ""ל",false,1,9.90,2.48,true,1,
7290110116521,false,"פריגת מיקס אפרסק משמש 400 מ""ל",גת,IL,פריגת מיקס אפרסק משמ,מיליליטרים,400.00,"100 מ""ל",false,1,9.90,2.48,true,1,
7290110116552,false,ספרייט לימון היט 1.5 ליטר-,,IL,ספרייט למון היט 1.5,ליטרים,0.00,ליטר,false,1,8.90,8.90,true,1,
7290110116569,false,"ספרייט זירו ZERO בק LEMON HIT, 1.5 ליטר",,IL,ספרייט ZERO בקבוק 1.,ליטרים,0.00,ליטר,false,1,8.90,8.90,true,1,
7290110320591,false,פיראוס בולגרית מעודנת 16% 250 גר,תנובה,IL,פיראוס בולגרית מעודנ,גרמים,250.00,100 גרם,false,1,22.90,9.16,true,1,
7290110320683,false,משקה יופלה 360 בטעם תות אריזת שמיניה,מיוצר עי קונדיטוריית,IL,מארז משקה יופלה תות,מיליליטרים,856.00,"100 מ""ל",false,1,19.90,2.32,true,1,
7290110320850,false,פתיתים גבינה 28% שומן 200 ג' עמק,תנובה מרכז שיתופי לש,IL,פתיתי עמק 200 גר,גרמים,200.00,100 גרם,false,1,15.20,7.60,true,1,
7290110320867,false,פתיתים גבינה 28% שומן 500 ג' עמק,"תנובה, מחלבת תל יוסף",IL,פתיתי עמק למאפים 28%,גרמים,500.00,100 גרם,false,1,36.90,7.38,true,1,
7290110320935,false,גבינת מוצרלה תנובה 150ג' פרוסות,תנובה מחלבת תל יוסף,IL,פרוסות מוצרלה 150 גר,גרמים,150.00,100 גרם,false,1,15.90,10.60,true,1,
7290110321031,false,מעדן חלב GO יוגורט מועשר בחלבון טבעי 200 ג' יופלה,"תנובה, מחלבת אלון תב",IL,יופלה 200 מל GO,מיליליטרים,200.00,"100 מ""ל",false,1,6.00,3.00,true,1,
7290110321277,false,קוטג' בקטנה % 5 100 ג' תנובה,פארייפאבה אגרואינדוס,IL,קוטג בקטנה 5% 100 גר,גרמים,100.00,100 גרם,false,1,2.60,2.60,true,1,
7290110321284,false,קוטג' בקטנה 9% 100 ג' תנובה,פארייפאבה אגרואינדוס,IL,קוטג בקטנה 9% 100 גר,גרמים,100.00,100 גרם,false,1,2.60,2.60,true,1,
7290110321680,false,יופלה GO טעם תות 200 גרם,מיוצר עי קונדיטוריית,IL,יופלה גו תות חלבון,מיליליטרים,200.00,"100 מ""ל",false,1,6.00,3.00,true,1,
7290110321697,false,יופלה גו בטעם אפרסק,מיוצר עי קונדיטוריית,IL,יופלה אפרסק GO,מיליליטרים,200.00,"100 מ""ל",false,1,6.00,3.00,true,1,
7290110321703,false,יופלה GO פירות יער 200 מל,מיוצר עי קונדיטוריית,IL,יופלה GO פירות יער 2,מיליליטרים,200.00,"100 מ""ל",false,1,6.00,3.00,true,1,
7290110321789,false,גבינה מסקרפונה 38% השף הלבן 250 גר,תנובה,IL,גבינה מסקרפונה 38% ה,גרמים,250.00,100 גרם,false,1,21.90,8.76,true,1,
7290110322014,false,טופו טבעי ALTERNATIVE 300 גרם,שוורצקוף& הנקל דיסלד,IL,טופו טבעי 300 גר,גרמים,300.00,100 גרם,false,1,12.90,4.30,true,1,
7290110322038,false,טופו פיקנטי ALTERNATIVE 300 גרם,סוי מג'ק,IL,טופו פיקנטי 300 גר,גרמים,300.00,100 גרם,false,1,12.90,4.30,true,1,
7290110323301,false,טל העמק בסגנון אמנטל 32% שומן 200 גרם,תנובה,IL,גבינה טל העמק 32% 20,גרמים,200.00,100 גרם,false,1,19.80,9.90,true,1,
7290110323592,false,יופלה יוגורט עם אפרסק מופחת קלוריות 200 ג' GO,,IL,יוגורט עם אפרסק מופח,מיליליטרים,200.00,"100 מ""ל",false,1,6.00,3.00,true,1,
7290110323714,false,משקה קוקוס שקדים 1 ל' ALTERNATIVE,מיוצר עי קונדיטוריית,IL,משקה קוקוס שקדים 1 ל,מיליליטרים,1000.00,"100 מ""ל",false,1,12.90,1.29,true,1,
7290110324551,false,יופלה טיוב יוגורט במרקם חלק בטעם תות 348 ג',,IL,יופלה טיוב במרקם חלק,גרמים,348.00,100 גרם,false,1,14.90,4.28,true,1,
7290110324728,false,"ממרח סויה בסגנון גבינה שום שמיר בד""צ",מיוצר עי קונדיטוריית,IL,ממרח סויה שום שמיר 9,גרמים,250.00,100 גרם,false,1,10.90,4.36,true,1,
7290110324858,false,מעדן שקדים בטעם אגוזי לוז 125 גרם,תנובה בעמ,IL,מעדן שקדים בטעם אגוז,גרמים,125.00,100 גרם,false,1,4.20,3.36,true,1,
7290110324872,false,גלבוע גבינה פרוסה 5%,תנובה,IL,גלבוע 5% 200 גרם,גרמים,200.00,100 גרם,false,1,18.90,9.45,true,1,
7290110324926,false,משקה סויה ללא תוספת סוכר 1 ליטר,"תנובה בע""מ",IL,משקה סויה ללא תוספת,מיליליטרים,1000.00,"100 מ""ל",false,1,10.90,1.09,true,1,
7290110325114,false,משקה יוגורט גו לייט תות בננה 250 מל,מיוצר עי קונדיטוריית,IL,משקה יוגורט גו לייט,מיליליטרים,250.00,"100 מ""ל",false,1,6.50,2.60,true,1,
7290110325121,false,משקה יוגורט יופלה גו לייט מנגו אננס,"תנובה בע""מ",IL,משקה יוגורט גו לייט,מיליליטרים,250.00,"100 מ""ל",false,1,6.50,2.60,true,1,
7290110325169,false,פרוסות גבינה גאודה,תנובה,IL,פרוסות גאודה 170 גרם,גרמים,170.00,100 גרם,false,0,19.90,11.71,true,1,
7290110325305,false,מעדן סויה גו 20 גרם חלבון במתיקות מעודנת,מיוצר עי קונדיטוריית,IL,מעדן סויה גו 200 גרם,גרמים,200.00,100 גרם,false,1,6.00,3.00,true,1,
7290110325312,false,מעדן סויה גו 20 גרם חלבון בטעם תות,"תנובה בע""מ",IL,מעדן סויה גו 20 גר ח,גרמים,200.00,100 גרם,false,1,6.00,3.00,true,1,
7290110325619,false,אלטרנטיב משקה שיבולת שועל 1 ליטר,מיוצר עי קונדיטוריית,IL,משקה שיבולת שועל 1 ל,ליטרים,0.00,ליטר,false,1,12.90,12.90,true,1,
7290110325701,false,פיראוס צזיקי יווני 9% שומן על בסיס יוגורט,גוד פוד פרודקטס S.p,IL,גבינת פיראוס יווני 9,גרמים,250.00,100 גרם,false,1,14.50,5.80,true,1,
7290110325879,false,פתיתי גאודה 200 ג' תנובה,תנובה,IL,פתיתי גאודה 200 גרם,גרמים,200.00,100 גרם,false,1,20.90,10.45,true,1,
7290110325893,false,תנובה GO אייס קפה 340 מל' 27 גרם חלבון,מיוצר עי קונדיטוריית,IL,"אייס קפה GO 340 מ""ל",גרמים,340.00,100 גרם,false,1,8.90,2.62,true,1,
7290110326173,false,YOLO NUTS מעדן שוקולד בתוספת עוגיות 120 גרם,תנובה,IL,יולו שוקולד לבן קרם,גרמים,120.00,100 גרם,false,1,5.50,4.58,true,1,
7290110326180,false,יולו שוקולד חלב קרם נוגט ועוגיות 120 גר,תנובה,IL,יולו שוקולד חלב קרם,גרמים,120.00,100 גרם,false,1,5.50,4.58,true,1,
7290110326210,false,יופלה און טופ פצפוצים 157 גרם,מיוצר עי קונדיטוריית,IL,יופלה און טופ פצפוצי,גרמים,157.00,100 גרם,false,1,5.90,3.76,true,1,
7290110326234,false,יוגורט און טופ כוכבים 157 ג' יופלה,מיוצר עי קונדיטוריית,IL,יופלה און טופ כוכבים,גרמים,157.00,100 גרם,false,1,5.90,3.76,true,1,
7290110326241,false,ייופלה און טופ גרנולה 157 גרם,מיוצר עי קונדיטוריית,IL,יופלה און טופ גרנולה,גרמים,157.00,100 גרם,false,1,5.90,3.76,true,1,
7290110326333,false,פרוסות גבינה סקנדינבית 170 גרם,פ.פ.ח. שאביט,IL,גבינה סקנדינבית פרוס,גרמים,170.00,100 גרם,false,0,20.90,12.29,true,1,
7290110326906,false,חלב טרי נטול לקטוז 3% 1 ליטר,מיוצר עי קונדיטוריית,IL,חלב טרי נטול לקטוז 3,מיליליטרים,1000.00,"100 מ""ל",false,1,7.40,0.74,true,1,
7290110327033,false,משקה סויה תנובה גו מועשר בחלבון מתיקות מופחתת,מיוצר עי קונדיטוריית,IL,משקה סויה גו מועשר מ,מיליליטרים,1000.00,"100 מ""ל",false,1,13.50,1.35,true,1,
7290110327125,false,גבינה פטה 21% מחלב צאן 200 גרם,תנובה בעמ,IL,גבינה פטה 21% מחלב צ,גרמים,200.00,100 גרם,false,1,25.90,12.95,true,1,
7290110327514,false,משקה שיבולת שועל בטעם אגוזי לוז 1 ל' alternative,תנובה,IL,משקה שיבולת שועל בטע,מיליליטרים,1000.00,"100 מ""ל",false,1,12.90,1.29,true,1,
7290110327798,false,חטיף חלבון GO בטעם שוקולד 20 גרם חלבון,"בלמונט קונפקציות בע""",US,GO חטיף חלבון בטעם ש,גרמים,60.00,100 גרם,false,1,11.90,19.83,true,1,
7290110327804,false,חטיף חלבון GO בטעם בצק עוגיות 20 גרם חלבון,"בלמונט קונפקציות בע""",US,GO חטיף חלבון בטעם ב,גרמים,60.00,100 גרם,false,1,11.90,19.83,true,1,
7290110327811,false,חטיף חלבון GO בטעם קוקוס 20 גרם חלבון,"בלמונט קונפקציות בע""",US,GO חטיף חלבון בטעם ק,גרמים,60.00,100 גרם,false,1,11.90,19.83,true,1,
7290110327828,false,חטיף חלבון GO בטעם חמאת בוטנים 20 גרם חלבון,"בלמונט קונפקציות בע""",US,GO חטיף חלבון בטעם ח,גרמים,60.00,100 גרם,false,1,11.90,19.83,true,1,
7290110328504,false,מיקס מוצרלה סקנדינבית וגאודה 300 ג' השף הלבן,מיוצר עי קונדיטוריית,IL,טריו מיקס- מוצרלה סק,גרמים,300.00,100 גרם,false,1,31.90,10.63,true,1,
7290110328580,false,יוגורט תנובה טבעי 5% גביע 200 גרם,מיוצר עי קונדיטוריית,IL,יוגורט תנובה 5% 200,גרמים,200.00,100 גרם,false,1,3.20,1.60,true,1,
7290110328627,false,יוגורט סמיך 0% בננה קרמל יופלה 200 ג' GO,מיוצר עי קונדיטוריית,IL,יוגורט גו סמיך בננה,מיליליטרים,200.00,"100 מ""ל",false,1,6.00,3.00,true,1,
7290110328764,false,יוגורט סמיך 0% תות יופלה 200 ג' GO,מיוצר עי קונדיטוריית,IL,יוגורט גו סמיך תות,מיליליטרים,200.00,"100 מ""ל",false,1,6.00,3.00,true,1,
7290110328771,false,יוגורט סמיך 0% פירות יער יופלה 200 ג' GO,מיוצר עי קונדיטוריית,IL,יוגורט גו סמיך פירות,מיליליטרים,200.00,"100 מ""ל",false,1,6.00,3.00,true,1,
7290110328788,false,יוגורט סמיך 0% אפרסק יופלה 200 ג' GO,תנובה בעמ,IL,יוגורט גו סמיך אפרסק,מיליליטרים,200.00,"100 מ""ל",false,1,6.00,3.00,true,1,
7290110328887,false,"חלב תנובה בקבוק 3%, כשרות מהדרין, 1 ליטר","תנובה בע""מ",IL,חלב בבקבוק 3% מהדרין,מיליליטרים,1000.00,"100 מ""ל",false,1,6.23,0.62,true,1,
7290110329136,false,מעדן חלב מעושר בחלבון בטעם שוקולד 120 ג' GO,"תנובה בע""מ",IL,מעדן חלב go בטעם שוק,גרמים,120.00,100 גרם,false,1,5.50,4.58,true,1,
7290110329143,false,מעדן חלב מעושר בחלבון בטעם וניל גביע 120 ג' GO,"תנובה בע""מ",IL,מעדן חלב go בטעם וני,גרמים,120.00,100 גרם,false,1,5.50,4.58,true,1,
7290110329273,false,יוגורט תנובה מחלב עיזים מלא 750 גרם,תנובה,IL,יוגורט תנובה מחלב עי,גרמים,750.00,100 גרם,false,1,24.90,3.32,true,1,
7290110329426,false,טופו טבעי ALTERNATIVE 250 גרם עם קרם קוקוס,תנובה,IL,טופו טבעי 250 גרם עם,ליטרים,0.31,ליטר,false,1,13.90,44.84,true,1,
7290110329433,false,טופו טבעי ALTERNATIVE 250 גרם עם רוטב סצ'ואן,תנובה,IL,טופו טבעי 250 גרם עם,ליטרים,0.31,ליטר,false,1,13.90,44.84,true,1,
7290110329686,false,"משקה חלב גו בטעם עוגיות 340 מ""ל",מיוצר עי קונדיטוריית,IL,משקה חלב גו בטעם עוג,מיליליטרים,340.00,"100 מ""ל",false,1,8.90,2.62,true,1,
7290110329709,false,יוגורט תנובה טבעי 0% גביע 200 גרם,מיוצר עי קונדיטוריית,IL,יוגורט תנובה 0% 200,גרמים,200.00,100 גרם,false,1,3.20,1.60,true,1,
7290110329716,false,משקה קפה קר בטעם קפוצ'ינו 230 ג' תנובה,"תנובה בע""מ",IL,משקה קפה קר בטעם קפו,מיליליטרים,230.00,"100 מ""ל",false,1,7.50,3.26,true,1,
7290110329723,false,משקה קפה קר בטעם לאטה 230 ג' תנובה,"תנובה בע""מ",IL,משקה קפה קר בטעם לאט,מיליליטרים,230.00,"100 מ""ל",false,1,7.50,3.26,true,1,
7290110329730,false,"משקה חלב עם שוקולד וקפה בסגנון לאטה 2.7%  230 מ""ל תנובה","תנובה בע""מ",IL,משקה חלב עם שוקולד ו,מיליליטרים,230.00,"100 מ""ל",false,1,7.50,3.26,true,1,
7290110329792,false,יוגורט סויה BIO Alternative אפרסק 150 ג' תנובה,מיוצר עי קונדיטוריית,IL,סויה BIO אפרסק גביע,גרמים,150.00,100 גרם,false,1,5.20,3.47,true,1,
7290110329808,false,יוגורט סויה BIO Alternative תות 150 ג' תנובה,מיוצר עי קונדיטוריית,IL,סויה BIO תות גביע 15,גרמים,150.00,100 גרם,false,1,5.20,3.47,true,1,
7290110329815,false,סויה BIO מתיקות מעודנת גביע 150 גרם Alternativ,מיוצר עי קונדיטוריית,IL,מעדן סויה ביו מתיקות,גרמים,150.00,100 גרם,false,1,5.20,3.47,true,1,
7290110329822,false,יוגורט סויה BIO Alternative פירות יער 150 ג' תנובה,מיוצר עי קונדיטוריית,IL,מעדן סויה ביו פירות,גרמים,150.00,100 גרם,false,1,5.20,3.47,true,1,
7290110329846,false,יוגורט סויה BIO Alternative בטעם טבעי 150 ג' תנובה,"תנובה בע""מ",IL,סויה BIO טבעי גביע A,גרמים,150.00,100 גרם,false,1,5.20,3.47,true,1,
7290110550226,false,מטבעות שוקולד מריר לאפיה 400 גרם עלית,,IT,מטבעות שוקולד מריר ל,גרמים,400.00,100 גרם,false,1,33.90,8.48,true,1,
7290110550370,false,פריכיות משולשות קינואה ופלפל 65 גרם,,,משולשות קינואה ופלפל,גרמים,65.00,100 גרם,false,1,12.10,18.62,true,1,
7290110552220,false,יוגורט פרו בטעם תות ללא סוכר 200 ג' דנונה,"שטראוס בריאות בע""מ",IL,דנונה פרו תות 20 ג ח,גרמים,200.00,100 גרם,false,1,5.90,2.95,true,1,
7290110552237,false,יוגורט פרו בטעם אפרסק מנגו ללא סוכר 200 ג' דנונה,"שטראוס בריאות בע""מ",IL,דנונה פרו אפרסק מנגו,גרמים,200.00,100 גרם,false,1,5.90,2.95,true,1,
7290110553029,false,פריכיות חלבון קייל חומוס ומלח 60 ג' שטראוס,"פרח תעשיו מזון בע""מ",IL,פריכיות חלבון קייל ח,גרמים,60.00,100 גרם,false,1,12.10,20.17,true,1,
7290110553036,false,פריכיות חלבון בטטה סגולה ואפונה 60 ג' שטראוס,"פרח תעשיו מזון בע""מ",IL,פריכת חלבון בטטה סגו,גרמים,60.00,100 גרם,false,1,12.10,20.17,true,1,
7290110553098,false,מאגדת חטיפים אנרג'י מיקס צימוקים אגוזים 100X4 גרם,,,אנרגי מיקס צימוקים א,גרמים,100.00,100 גרם,false,1,18.90,18.90,true,1,
7290110553180,false,אנרג'י - פריכיות בטעם תפוח קינמון 40 גרם,סאנורייס בלגיום,IL,אנרגי פריכיות בטעם ת,גרמים,40.00,100 גרם,false,1,6.90,17.25,true,1,
7290110554118,false,נודלס מלזי חריף דלישס 350 גרם,"טרופיקל דגיל בע""מ אז",IL,נודלס מלזי חריף דליש,גרמים,350.00,100 גרם,false,1,28.50,8.14,true,1,
7290110554460,false,ציטוס קראנץ צ'דר חלפיניו 65 ג' עלית,,,ציטוס קראנץ צדר חלפי,גרמים,65.00,100 גרם,false,1,4.10,6.31,true,1,
7290110554712,false,"קפסולות קפה אספרסו קלייה איטית ובהירה, 10 * 50 ג'",,,"קפסולות שת""פ קפה נחת",גרמים,50.00,100 גרם,false,1,19.90,39.80,true,1,
7290110554798,false,פולי אספרסו עשירים וארומטיים עוצמה 08 250 ג' עלית,,IL,פולי אספרסו עשירים ו,גרמים,250.00,100 גרם,false,1,24.90,9.96,true,1,
7290110555665,false,אבקת קקאו דל שומן 220 גרם עלית,,GR,קקאו דל שומן - קופסא,גרמים,220.00,100 גרם,false,1,20.90,9.50,true,1,
7290110556242,false,עלית - שוקולד מריר פרווה בדץ 100 גרם,"שטראוס גרופ בע""מ.",FR,שוקולד מריר פרווה ח,גרמים,100.00,100 גרם,false,1,5.50,5.50,true,1,
7290110557027,false,חומוס עשיר 50% טחינה גולמית 400 ג' אחלה,מיוצר עי קונדיטוריית,IL,חומוס 50% טחינה 400,גרמים,400.00,100 גרם,false,1,13.90,3.48,true,1,
7290110557102,false,מעדן חלב עם שוקולד מועשר בחלבון 150 ג' שטראוס,מיוצר עי קונדיטוריית,IL,מעדן חלב עם שוקולד,גרמים,150.00,100 גרם,false,1,5.50,3.67,true,1,
7290110557133,false,מעדן הגולן וניל 125 ג' שטראוס,מיוצר עי קונדיטוריית,IL,מעדן הגולן וניל 125,גרמים,125.00,100 גרם,false,1,3.30,2.64,true,1,
7290110557478,false,סלט חומוס גלילי אחלה 600 גרם,,,חומוס גלילי אחלה 600,גרמים,600.00,100 גרם,false,1,12.90,2.15,true,1,
7290110557645,false,מאגדת חטיפים אנרג'י מיקס צימוקים חמוציות 100X4 גרם,,,אנרגי מיקס צימוקים ח,גרמים,100.00,100 גרם,false,1,18.90,18.90,true,1,
7290110558284,false,יוגורט ביו מולטי 200 ג' דנונה,"שטראוס בריאות בע""מ",IL,דנונה ביו מולטי 200,גרמים,200.00,100 גרם,false,1,4.50,2.25,true,1,
7290110558307,false,דנונה פרו 20 גר' חלבון עם שיבולת שועל 200 גרם,"שטראוס בריאות בע""מ",IL,דנונה פרו 20 ג חלבון,גרמים,200.00,100 גרם,false,1,6.40,3.20,true,1,
7290110558314,false,"פרו 20 יוגורט בטעם פיסטוק 0%, 200 ג דנונה","שטראוס בריאות בע""מ",IL,דנונה פרו פיסטוק 20,גרמים,200.00,100 גרם,false,1,5.90,2.95,true,1,
7290110558741,false,"גמדים פאוץ תפוח בננה, 100 ג' שטראוס","שטראוס בריאות בע""מ",IL,גמדים פאוץ תפוח בננה,גרמים,100.00,100 גרם,false,1,5.90,5.90,true,1,
7290110559007,false,"שועועית חומה טעם הטבע קופסה, 380 גרם",,,שעועית חומה 380 גר ש,גרמים,380.00,100 גרם,false,1,7.30,1.92,true,1,
7290110559014,false,שעועית שחורה מבושלת טעם הטבע 380 גרם,,,שעועית שחורה 380 גר,גרמים,380.00,100 גרם,false,1,7.30,1.92,true,1,
7290110560300,false,פריכיות משולשות אנרגי פלפל שחור 30 גר,שטראוס,IL,פריכיות משולשות אנרג,גרמים,30.00,100 גרם,false,1,5.00,16.67,true,1,
7290110560317,false,פריכיות משולשות מלח ים 30 ג' הטעימות,"פרח תעשיו מזון בע""מ",IL,פריכיות משולשות אנרג,גרמים,30.00,100 גרם,false,1,5.00,16.67,true,1,
7290110560324,false,פריכיות משולשות אפונה ירוקה 30 ג' הטעימות,"פרח תעשיו מזון בע""מ",IL,פריכיות משולשות אנרג,גרמים,30.00,100 גרם,false,1,5.00,16.67,true,1,
7290110560836,false,מילקי פסק זמן מהדרין 133ג',מיוצר עי קונדיטוריית,IL,מילקי פסק זמן 133 גר,גרמים,133.00,100 גרם,false,1,2.90,2.18,true,1,
7290110561352,false,דנונה יוגורט ביו פרוביוטי 3% דל לקטוז 150ג',"שטראוס בריאות בע""מ",IL,דנונה דל לקטוז,גרמים,200.00,100 גרם,false,1,3.70,1.85,true,1,
7290110563431,false,"משקה קפה קר בסגנון קלאסי 230 מ""ל 1.6% יוטבתה",האי נאם סי או אל.טי.,AT,משקה קפה קר 1.6% קלא,מיליליטרים,230.00,"100 מ""ל",false,1,8.30,3.61,true,1,
7290110563448,false,"משקה קפה קר בסגנון מעודן 230 מ""ל 1.6% יוטבתה",האי נאם סי או אל.טי.,AT,משקה קפה קר 1.6% מעו,מיליליטרים,230.00,"100 מ""ל",false,1,8.30,3.61,true,1,
7290110563462,false,חלב בבקבוק נטול לקטוז 2% יטבתה 1 ל',מחלבת יטבתה,IL,חלב נטול לקטוז 2% בב,ליטרים,0.00,ליטר,false,1,8.20,8.20,true,1,
7290110564339,false,חומוס אחלה הסידרה המובחר 30% טחינה 400 גר',מיוצר עי קונדיטוריית,IL,חומוס עשיר ב-30% טחי,גרמים,400.00,100 גרם,false,1,13.90,3.48,true,1,
7290110564360,false,חומוס אחלה הסידרה המובחר 40% טחינה 400 גר',מיוצר עי קונדיטוריית,IL,חומוס עשיר ב-40% טחי,גרמים,400.00,100 גרם,false,1,13.90,3.48,true,1,
7290110564742,false,"משקה קפה קר בסגנון חזק 230 מ""ל 1.2% יוטבתה",האי נאם סי או אל.טי.,AT,משקה קפה קר 1.2% חזק,מיליליטרים,230.00,"100 מ""ל",false,1,8.30,3.61,true,1,
7290110565527,false,דנונה פרו 1.5% יוגורט 20ג' חלבון 200ג',"שטראוס בריאות בע""מ",IL,דנונה פרו 20 גרם חלב,גרמים,200.00,100 גרם,false,1,5.90,2.95,true,1,
7290110565572,false,מארז טורקי לדרך עם הל 168 גר,,IL,מארז טורקי לדרך עם ה,גרמים,168.00,100 גרם,false,1,18.90,11.25,true,1,
7290110566975,false,דנונה פרו יוגורט 0% תות עשיר בחלבון 200ג',"שטראוס בריאות בע""מ",IL,דנונה פרו תות 20 גרם,גרמים,200.00,100 גרם,false,1,5.90,2.95,true,1,
7290110568238,false,"קצפת צמחית 21% שומן 250 מ""ל יוטבתה",מחלבת יטבתה,IL,קצפת צמחית 21% 250 ג,גרמים,250.00,100 גרם,false,1,8.60,3.44,true,1,
7290110568276,false,"משקה פרו וניל 350 מ""ל יוטבתה",מילקוורק,IL,משקה פרו וניל יטבתה,מיליליטרים,350.00,"100 מ""ל",false,1,6.50,1.86,true,1,
7290110568511,false,קונפיטורה פירות יער במתיקות מעודנת 265 ג' יד מרדכי,בייר,FR,קונפיטורת פירות יער,גרמים,265.00,100 גרם,false,1,15.60,5.89,true,1,
7290110568627,false,עלית - פסק זמן רול שוקולד חלב עם קרם אגוזים 26 גרם,,TR,פסק זמן רול שוקולד ח,גרמים,28.00,100 גרם,false,1,3.90,13.93,true,1,
7290110568924,false,עלית - פסק זמן רול שוקולד חלב עם קרם חלב וקוקוס 26 גרם,,TR,פסק זמן רול שוקולד ח,גרמים,28.00,100 גרם,false,1,3.90,13.93,true,1,
7290110570224,false,משקה קפה קר בטעם עוגיות 230ג' יוטבתה,אנסטל מילק kg,AT,משקה קפה קר בטעם עוג,מיליליטרים,230.00,"100 מ""ל",false,1,8.30,3.61,true,1,
7290110571375,false,אנרג'י מיקס צימוקים תמרים טופי ופקאן 100 ג שטראוס,,,אנרגי מיקס צימוקים ת,גרמים,100.00,100 גרם,false,1,18.90,18.90,true,1,
7290110571382,false,מעדן חלב בטעם וניל מעושר בחלבון 150 ג' שטראוס,"שטראוס בריאות בע""מ",IL,מעדן חלב בטעם וניל מ,גרמים,150.00,100 גרם,false,1,5.50,3.67,true,1,
7290110571405,false,עלית - מיני פינוקיות בגביע פסק זמן 180 גרם,הגביע מוצרי ופלים בע,IL,מיני פינוקיות בגביע,גרמים,180.00,100 גרם,false,1,12.50,6.94,true,1,
7290110571412,false,עלית - מיני פינוקיות בגביע פאדג' 180 גרם,הגביע מוצרי ופלים בע,IL,מיני פינוקיות בגביע,גרמים,180.00,100 גרם,false,1,12.50,6.94,true,1,
7290110572129,false,כיף כף מקלות שוקולד לבן 40 ג' עלית,,,כיף כף מקלות שוקולד,Unknown,0.00,Unknown,false,1,4.80,4.80,true,1,
7290110572884,false,"קפסולות קפה מספר 20 למכונת אספרס אספרסו, 50 גרם",שטראוס קפה בי.וי.,IL,קפסולות 20 למכונות N,גרמים,50.00,100 גרם,false,1,16.50,33.00,true,1,
7290110574413,false,עלית - פופקורן בטעם טעמי 70 גרם,סראנו בעבור שטראוס,קפריסין,פופקורן בטעם טעמי 70,גרמים,70.00,100 גרם,false,1,7.90,11.29,true,1,
7290110574420,false,עלית - פופקורן בטעם פסק זמן 70 גרם,סראנו בעבור שטראוס,קפריסין,פופקורן בטעם פסק זמן,גרמים,70.00,100 גרם,false,1,7.90,11.29,true,1,
7290110576363,false,ספלנדיד שוקולד מריר אוגנדה 80% 100 ג' עלית,קימ'ס גריפלנן,BE,ספלנדיד שוקולד מריר,גרמים,100.00,100 גרם,false,1,8.90,8.90,true,1,
7290110576752,false,טבלאות שוקולד ספלנדיד מריר 70% 100 ג' עלית,קימ'ס גריפלנן,BE,ספלנדיד מריר 70% 22,גרמים,100.00,100 גרם,false,1,10.00,10.00,true,1,
7290110576776,false,טבלאות שוקולד ספלנדיד מריר 85% 100 ג' עלית,קימ'ס גריפלנן,BE,ספלנדיד מריר 85% 100,גרמים,100.00,100 גרם,false,1,10.00,10.00,true,1,
7290110576851,false,מארז 8 גמדים שתיה סלט פירות 864 גרם,שטראוס,IL,מארז 8 גמדים שתיה סל,גרמים,864.00,100 גרם,false,1,21.50,2.49,true,1,
7290110576868,false,רבעיית גמדים סלט פירוט * 100 ג' שטראוס,שטראוס,IL,גמדים רביעיית סלט פי,גרמים,200.00,100 גרם,false,1,11.70,5.85,true,1,
7290110577711,false,"משקה שייק חלבון מי גבינה עם אפרסק ומנגו350מ""ל יטבתה",מחלבת יטבתה,IL,שייק חלבון מי גבינה,מיליליטרים,350.00,"100 מ""ל",false,1,7.90,2.26,true,1,
7290110577728,false,"משקה שייק חלבון מי גבינה עם פירות יער 350מ""ל יטבתה",מחלבת יטבתה,IL,שייק חלבון מי גבינה,מיליליטרים,350.00,"100 מ""ל",false,1,7.90,2.26,true,1,
7290110922696,false,שמפו אורכידאה שיאה וקוקוס 1 ליטר,,,שמפו אורכידאה שיאה ו,מיליליטרים,1000.00,"100 מ""ל",false,1,89.90,8.99,true,1,
7290110922702,false,"מסכה אורכידאה שיאה וקוקוס 500 מ""ל",,,מסכה אורכידאה שיאה ו,מיליליטרים,500.00,"100 מ""ל",false,1,69.90,13.98,true,1,
7290111098703,false,מארז מסכות פנים 50 יח,,CN,מארז מסכות פנים 50 י,יחידה,1.00,יחידה,false,1,9.90,9.90,true,1,
7290111340178,false,מטליות לחות ניקול לניקוי כללי בניחוח מרכך כביסה 50 יח',,,מטל.לחות לניקוי כללי,Unknown,0.00,Unknown,false,1,11.90,11.90,true,1,
7290111340956,false,ניקול מטליות לחות לרצפה בניחוח פריחה לבנה,,IL,מט.לחות ניקול לנ.רצפ,Unknown,0.00,Unknown,false,1,10.90,10.90,true,1,
7290111341366,false,מפיות אירוח חד שכבתי 150 יחידות,,IL,מפיות ניקול חד שכבתי,Unknown,0.00,Unknown,false,1,7.90,7.90,true,1,
7290111341373,false,נייר טואלט לילי פסטל 30 גלילים,קימברלי,IL,לילי נייר פסטל 30 גל,מטרים,588.00,מטר,false,1,34.90,0.06,true,1,
7290111341984,false,לילי - מגבוני נייר טואלט לח פיור רביעייה,קימברלי,IL,נייר טואלט לילי לח מ,Unknown,0.00,Unknown,false,1,20.00,20.00,true,1,
7290111342004,false,נייר טואלט לח לילי קידס 56 דפים,,IL,נייר טואלט לח לילי ק,Unknown,0.00,Unknown,false,1,7.90,7.90,true,1,
7290111342059,false,מט.לחות ניקול לחיט משטחים אנטיבקטריאלי50,סנו,IL,מט.לחות ניקול לחיט מ,Unknown,0.00,Unknown,false,1,14.90,14.90,true,1,
7290111342073,false,מטליות מקרופייבר למשטחים אנטיבקטריאלי ניקול,סנו,CN,מט.ניקול מיקרופיבר ל,Unknown,0.00,Unknown,false,1,17.70,17.70,true,1,
7290111343117,false,ממחטות אף קלינקס לושן סופט פק 140 דף,קימברלי,IL,ממחטות אף קלינקס לוש,Unknown,0.00,Unknown,false,1,14.90,14.90,true,1,
7290111343797,false,מטליות לחות לניקוי חלונות 48 יח' ניקול,עלבד,IL,מטליות לחות ניקול לנ,יחידה,1.00,יחידה,false,1,11.90,11.90,true,1,
7290111343858,false,מטליות לחות ניקול לרצפה אנטיבקטריאלי 10,עלבד,IL,מטליות לחות ניקול לר,Unknown,0.00,Unknown,false,1,13.90,13.90,true,1,
7290111344145,false,מטליות מיקרופייבר אנטיבקטרילי לריצפה 2 יח',,CN,מטליות ניקול מיקרופי,יחידה,1.00,יחידה,false,1,29.90,29.90,true,1,
7290111344527,false,זוג שקיות אשפה ניקול שחורות XXL 10 יח,,IL,זוג שקיות אשפה ניקול,Unknown,0.00,Unknown,false,1,25.90,25.90,true,1,
7290111344558,false,ניקול שקיות אשפה גדולות 100 יח,,IL,ניקול שקיות אשפה גדו,Unknown,0.00,Unknown,false,1,34.50,34.50,true,1,
7290111344572,false,ניקול שקיות אשפה עם ידיות 25 יח',,IL,25 ניקול שקיות אשפה,Unknown,0.00,Unknown,false,1,26.50,26.50,true,1,
7290111344831,false,קוטקס - מגיני יום אקסטרא פרוטקט נורמל ביג 60 יח',,CN,מגן תחתון קוטקס אקסט,Unknown,0.00,Unknown,false,1,23.90,23.90,true,1,
7290111344855,false,קוטקס - מגיני יום אקסטרא פרוטקט לארג' ביג 52 יח',,CN,מגן תחתון אקסטרא פרו,Unknown,0.00,Unknown,false,1,23.90,23.90,true,1,
7290111344916,false,ניקול כריות יפניות אנטיבקטריאליות 6 יח,,IL,כרית יפנית אנטיבקטרי,Unknown,0.00,Unknown,false,1,14.60,14.60,true,1,
7290111345050,false,כריות מיקרופייבר ניקול לניקוי עדין,,IL,כריות מיקרופייבר ניק,Unknown,0.00,Unknown,false,1,15.60,15.60,true,1,
7290111345814,false,נייר טואלט לילי נטורל קר 30 גלילים מהדורה,קימברלי,IL,לילי נייר טואלט נטור,מטרים,588.00,מטר,false,1,41.90,0.07,true,1,
7290111345821,false,נייר טואלט לילי לבן גמבו 16 גל=32 גל,קימברלי,IL,נייר טואלט לילי לבן,מטרים,588.80,מטר,false,1,34.90,0.06,true,1,
7290111345982,false,ניקול דפי ספוגיות הקסם 10 יח,,IL,ניקול דפי ספוגיות הק,יחידה,1.00,יחידה,false,1,14.90,14.90,true,1,
7290111350665,false,קליית גת דבש לחיץ 350 גרם,חקלאות עין חרוד מאוח,IL,דבש לחיץ קליית גת 35,גרמים,350.00,100 גרם,false,1,23.90,6.83,true,1,
7290111350719,false,חטיף נאצוס הוטפופ בסגנון מסעדות 322 גר,פופז,US,חטיף נאצוס הוטפופ בס,גרמים,322.00,100 גרם,false,1,16.90,5.25,true,1,
7290111350726,false,חטיף נאצוס הוטפופ בסגנון מקסיקני 322 גר,פופז,US,חטיף נאצוס הוטפופ בס,גרמים,322.00,100 גרם,false,1,16.90,5.25,true,1,
7290111351280,false,תערובת אגוזים קלויים ללא מלח 150 גרם,קליית גת,IL,תערובת אגוזים קלויים,גרמים,150.00,100 גרם,false,1,21.90,14.60,true,1,
7290111564277,false,פריכיות פיטנס שלושה דגנים דקות 120 גר,PT,IL,פריכיות פיטנס שלושה,גרמים,120.00,100 גרם,false,1,10.90,9.08,true,1,
7290111566127,false,מאגדת אוראו מיני סנדוויץ' 6 יח' נסטלה,ג'נרל מילס סאן אדריא,IT,מאגדת סנדוויץ אוראו,גרמים,198.00,100 גרם,false,1,26.90,13.59,true,1,
7290111566271,false,טבעול חטיפי תירס 657 גר',טבעול,IL,חטיפי תירס טבעול 657,גרמים,657.00,100 גרם,false,1,29.90,4.55,true,1,
7290111566318,false,שניצל דק מן הצומח בטעם ביתי 700 גרם,טבעול ישראל,IL,שניצל דק טבעול 564 ג,גרמים,564.00,100 גרם,false,1,31.90,5.66,true,1,
7290111568206,false,ביסלי פארטי מיקס 150 ג' אסם,פרו מן יו פתרונות אר,IL,ביסלי פארטי מיקס 150,גרמים,150.00,100 גרם,false,1,7.50,5.00,true,1,
7290111604287,false,טרמוס נירוסטה 500 מל,,,טרמוס נירוסטה 500 מל,Unknown,0.00,Unknown,false,1,79.90,79.90,true,1,
7290111932502,false,"קולגייט משחת שיניים אופטיק וייט אקספרט 75 מ""ל",COLGATE ($) -PALMOLI,MX,מש.שיניים קולגייט או,Unknown,0.00,Unknown,false,1,24.90,24.90,true,1,
7290111936296,false,"פלמוליב סבון נוזלי בניחוח סנסיישן מסאז' ,750 מ""ל",,TR,סבון נוזלי פלמוליב א,מיליליטרים,750.00,"100 מ""ל",false,1,19.90,2.65,true,1,
7290111937231,false,פרי מארז חטיפי 5יח תמרים וקוקוס 125ג',,IL,פרי מארז חטיף תמרים,גרמים,125.00,100 גרם,false,1,18.90,15.12,true,1,
7290111937248,false,פרי מארז חטיפי 5יח תמרים קשיו ונגיעת לוז 125ג',הדקלאים אגודת שיתופי,IL,פרי מארז חטיף תמרים,גרמים,125.00,100 גרם,false,1,18.90,15.12,true,1,
7290111937262,false,"פרי מארז חטיפי 5יח תמרים ,אגוזים ושברי קקאו 125גר",טבעית מוצרים מהטבע ב,IL,פרי מארז חטיף תמרים,גרמים,125.00,100 גרם,false,1,18.90,15.12,true,1,
7290111938481,false,"רוטב סויה בהירה מאסטר שף 300 מ""ל",,TH,רוטב סויה בהירה מאסט,מיליליטרים,300.00,"100 מ""ל",false,1,10.90,3.63,true,1,
7290111938498,false,"מנה אסייאתי רוטב סויה בהירה 700 מ""ל מ.שף",,,מנה אסייאתי רוטב סוי,מיליליטרים,700.00,"100 מ""ל",false,1,17.70,2.53,true,1,
7290111939136,false,קוקי נייר אפייה עגול קוטר 26,קוקי,IL,נייר אפייה קוקי עגול,Unknown,0.00,Unknown,false,1,8.50,8.50,true,1,
7290112000057,false,גל כביסה קרטין גולד וולייט 3 ליטר,,,גל כביסה קרטין גולד,ליטרים,0.00,ליטר,false,1,33.90,33.90,true,1,
7290112000736,false,AIO טבליות פיניש 80 יחידות,,,פיניש הכל באחד,Unknown,0.00,Unknown,false,1,59.90,59.90,true,1,
7290112001900,false,גל למדיח פיניש אקולוגי 1 ל,,PL,גל למדיח פיניש אקולו,ליטרים,0.00,ליטר,false,1,42.90,42.90,true,1,
7290112002136,false,גל כביסה קולון מרוכז כחול 4 ל,,IL,גל כביסה קולון מרוכז,ליטרים,0.00,ליטר,false,1,37.90,37.90,true,1,
7290112002143,false,גל כביסה קולון מרוכז סגול 4 ל,,IL,גל כביסה קולון מרוכז,ליטרים,0.00,ליטר,false,1,37.90,37.90,true,1,
7290112003188,false,קפסולות גל לכביסה קולון 60 יח,,,קפסולות גל לכביסה קו,יחידה,1.00,יחידה,false,1,57.50,57.50,true,1,
7290112003256,false,"אבקת כביסה קולון מאסק 1.25 ק""ג",,,אבקת כביסה קולון מאס,קילוגרמים,0.00,"ק""ג",false,1,16.70,16.70,true,1,
7290112003553,false,איירוויק בוטניקה נר ריחני עשבי יער 205 ג,,CN,איירוויק בוטניקה נר,גרמים,205.00,100 גרם,false,1,29.90,14.59,true,1,
7290112003560,false,איירוויק בוטניקה נר ריחני ורדים 205 גר,,CN,איירוויק בוטניקה נר,גרמים,205.00,100 גרם,false,1,29.90,14.59,true,1,
7290112003843,false,"קלגון גל אנטי בקטריאלי 750 מ""ל",,IT,קלגון גל אנטי,מיליליטרים,750.00,"100 מ""ל",false,1,31.50,4.20,true,1,
7290112004161,false,"ספריי אוטמטי מילוי בניחוח סנטורל 250 מ""ל אירוויק",,GB,איירוויק פרשמטיק מיל,מיליליטרים,250.00,"100 מ""ל",false,1,22.90,9.16,true,1,
7290112004314,false,"דטול - תרסיס חיטוי וניקוי בניחוח לימון רימונים 750 מ""ל",,GB,תרסיס דטול מנקה ומחט,מיליליטרים,750.00,"100 מ""ל",false,1,17.10,2.28,true,1,
7290112004468,false,דטול - מחטא כביסה לכותנה 1.50 ליטר,,IT,דטול מחטא כביסה לכות,יחידה,1.00,יחידה,false,1,25.90,25.90,true,1,
7290112004703,false,ג'ל וניש שקוף לכביסה צבעונית ועדינה 750מל',,IT,וניש גליסמו ורוד 750,Unknown,0.00,Unknown,false,1,20.90,20.90,true,1,
7290112004710,false,"ג'ל וניש שקוף לכביסה לבנה ועדינה 750 מ""ל",,IT,וניש גליסמו לבן 750,Unknown,0.00,Unknown,false,1,20.90,20.90,true,1,
7290112005045,false,וניש מסיר כתמים אבקה לכביסה לבנה 480 גרם,רקיט בנקיזר,IT,וניש אבקת כביסה לבנה,יחידה,1.00,יחידה,false,1,18.80,18.80,true,1,
7290112005052,false,וניש אבקה לבנה מולטי פאואר 1.5קג,,IT,וניש אבקת כביסה לבנה,יחידה,1.00,יחידה,false,1,36.50,36.50,true,1,
7290112005083,false,וניש אבקה ורודה מולטי פאואר 1.5קג,,IT,וניש אבקת כביסה לצבע,יחידה,1.00,יחידה,false,1,36.50,36.50,true,1,
7290112190116,false,וופל הולנדי במילוי קרמל 224 גרם,,,וופל הולנדי במילוי ק,גרמים,224.00,100 גרם,false,1,10.90,4.87,true,1,
7290112192295,false,עוגיות סנדויץ במילוי ללא גלוטן 200 ג',,IL,עוגיות סנדויץ במילוי,גרמים,200.00,100 גרם,false,1,20.50,10.25,true,1,
7290112192509,false,פירורי לחם ללא גלוטן 250 גר GFREE,,IL,פירורי לחם ללא גלוטן,גרמים,250.00,100 גרם,false,1,16.90,6.76,true,1,
7290112192905,false,מברשת שיניים סנסודיין סופט,G.S.K,DE,מברשת שיניים סנסודיי,Unknown,0.00,Unknown,false,1,35.90,35.90,true,1,
7290112196392,false,ברגים מקמח כוסמין מלא 400 גר,,,ברגים מקמח כוסמין מל,גרמים,400.00,100 גרם,false,1,15.90,3.98,true,1,
7290112197085,false,"סטייל - סבון מעוצב פריז 500 מ""ל",,TR,סבון מעוצב פריז 500,Unknown,0.00,Unknown,false,1,10.90,10.90,true,1,
7290112197092,false,"סטייל - סבון מעוצב ניו יורק 500 מ""ל",,TR,סבון מעוצב ניו יורק,Unknown,0.00,Unknown,false,1,10.90,10.90,true,1,
7290112330352,false,יוגורט פרו 20 ג' וניל 0% שומן 200 ג' דנונה,"שטראוס בריאות בע""מ",IL,דנונה פרו וניל 20 גר,גרמים,200.00,100 גרם,false,1,5.90,2.95,true,1,
7290112330390,false,יוגורט פרו פירות יער 0% שומן 200 ג' דנונה,"שטראוס בריאות בע""מ",IL,דנונה פרו פירות יער,גרמים,200.00,100 גרם,false,1,5.90,2.95,true,1,
7290112330420,false,דנונה פרו לבן 2.9% שומן 150 ג',מיוצר עי קונדיטוריית,IL,דנונה פרו 2.9% לבן 1,גרמים,150.00,100 גרם,false,1,4.90,3.27,true,1,
7290112332585,false,"פריכיות תפו""א, אורז בתיבול סלק ומלח חי 30 גר'","פרח תעשיו מזון בע""מ",IL,"פריכיות תפו""א, אורז,",גרמים,30.00,100 גרם,false,1,5.00,16.67,true,1,
7290112332691,false,פינוקיות עוגיות קרם פסק זמן אגוזים 200 גרם,הגביע מוצרי ופלים בע,IL,עוגיית קרם פסק זמן א,גרמים,200.00,100 גרם,false,1,12.50,6.25,true,1,
7290112334305,false,סלט כרובית בטחינה אחלה 330 ג',,IL,סלט כרובי בטחינה אחל,גרמים,330.00,100 גרם,false,1,18.30,5.55,true,1,
7290112334749,false,קפה טורקי שקית 10% תוספת 200 ג' עלית,שטראוס קפה בי.וי,IL,קפה עלית טורקי 200 ג,גרמים,220.00,100 גרם,false,1,15.90,7.23,true,1,
7290112335111,false,מסטיק מאסט קוביות בזוקה ללא גלוטן 86 גר,,DE,מסטיק מאסט קוביות בז,גרמים,86.00,100 גרם,false,1,14.90,17.33,true,1,
7290112335487,false,פריכיות הטעימות קצח ודגנים אנרגי 135 גר,פרח תעשיות,IL,פריכיות הטעימות קצח,גרמים,135.00,100 גרם,false,1,10.90,8.07,true,1,
7290112335494,false,פריכיות הטעימות פוטטוס אנרגי 135 גר,"פרח תעשיות מזון בע""מ",IL,פריכיות הטעימות פוטט,גרמים,135.00,100 גרם,false,1,10.90,8.07,true,1,
7290112335500,false,פריכיות הטעימות חלבון אנרגי 135 גר,קדבורי,IL,פריכיות הטעימות חלבו,גרמים,135.00,100 גרם,false,1,10.90,8.07,true,1,
7290112336637,false,סוכריות מאסט ללא סוכר תות אוכמניות 80 ג' עלית,מיישקו,PL,"סוכריות מאסט לל""ס יו",גרמים,80.00,100 גרם,false,1,10.40,13.00,true,1,
7290112336644,false,סוכריות מאסט ללא סוכר לימון 80 ג' עלית,פלזנסקי,PL,"סוכריות מאסט לל""ס לי",גרמים,80.00,100 גרם,false,1,10.40,13.00,true,1,
7290112336651,false,סוכריות מאסט ללא סוכר ריבת חלב 80 ג' עלית,פלזנסקי,PL,"סוכריות מאסט לל""ס רי",גרמים,80.00,100 גרם,false,1,10.40,13.00,true,1,
7290112336712,false,דנונה פרו 21 גרם חלבון 0% 200 גר,"שטראוס בריאות בע""מ",IL,דנונה פרו 21 גרם חלב,גרמים,200.00,100 גרם,false,1,5.90,2.95,true,1,
7290112337481,false,סוכריות מאסט ללא סוכר קפצ''ינו 80 ג' עלית,פלזנסקי,PL,"סוכריות מאסט לל""ס קפ",גרמים,80.00,100 גרם,false,1,10.40,13.00,true,1,
7290112339171,false,מילקי מוס עם שוקולד וקצפת,מיוצר עי קונדיטוריית,IL,מילקי מוס 133 גרם,גרמים,133.00,100 גרם,false,1,3.70,2.78,true,1,
7290112339362,false,דנונה לייט אנד פריי בטעם קפוצינו 150 גר',שטראוס,IL,דנונה לייט אנד פריי,גרמים,150.00,100 גרם,false,1,5.40,3.60,true,1,
7290112339867,false,גמדים סקוויז בודד תות 100 ג',,IL,גמדים סקוויז תות 100,גרמים,100.00,100 גרם,false,1,5.90,5.90,true,1,
7290112339874,false,גמדים סקוויז בודד תות בננה 100ג' שטראוס,,IL,גמדים סקוויז תות,גרמים,100.00,100 גרם,false,1,5.90,5.90,true,1,
7290112340122,false,פריכיות טעימות 3 דגנים אנרגי 135 גר,פרח תעשיות,IL,פריכיות טעימות 3 דגנ,גרמים,135.00,100 גרם,false,1,10.90,8.07,true,1,
7290112340245,false,צנצנת מסטיק מאסט בטעם דובדבן 66 ג' עלית,"שטראוס גרופ בע""מ",IL,צנצנת מאסט בטעם דובד,גרמים,66.00,100 גרם,false,1,9.90,15.00,true,1,
7290112340252,false,צנצנת מסטיק מאסט בטעם אבטיח מלון 66 ג' עלית,"שטראוס גרופ בע""מ",IL,צנצנת מאסט בטעם אבטי,גרמים,66.00,100 גרם,false,1,9.90,15.00,true,1,
7290112340276,false,פינוקיות עוגיות קרם קפה 200 גרם,הגביע מוצרי ופלים בע,IL,עוגית קרם קפה נמס 20,גרמים,200.00,100 גרם,false,1,12.50,6.25,true,1,
7290112341556,false,אקטיביה עם צ'יה ותות 150 ג' דנונה,,IL,יוגורט אקטיביה ציה ו,גרמים,150.00,100 גרם,false,1,4.60,3.07,true,1,
7290112341679,false,דנונה אקטיביה 3% שומן 200 גרם,מיוצר עי קונדיטוריית,IL,יוגורט אקטיביה 3% 2,גרמים,200.00,100 גרם,false,1,3.90,1.95,true,1,
7290112341686,false,מארז אקטיביה שמיניה 3% 150 גר*8,מיוצר עי קונדיטוריית,IL,מארז אקטיביה שמיניה,גרמים,1200.00,100 גרם,false,1,19.90,1.66,true,1,
7290112342515,false,דוריטוס צ'יזי טוויסט 55 גרם,,IL,דוריטוס קול ראנצ 55,גרמים,55.00,100 גרם,false,1,4.10,7.45,true,1,
7290112343260,false,יטבתה רוטב שמנת עם פטריות 9% 250 גר,,IL,יטבתה רוטב שמנת עם פ,גרמים,260.00,100 גרם,false,1,10.90,4.19,true,1,
7290112343499,false,ציטוס 55 גרם 48 יחידות puffs,"שטראוס פריטו ליי בע""",IL,ציטוס 55 גרם 48 יחיד,גרמים,55.00,100 גרם,false,1,3.50,6.36,true,1,
7290112343512,false,ציטוס 160 גרם 9 יחידות puffs,"שטראוס פריטו ליי בע""",IL,ציטוס 160 גרם 9 יחי,גרמים,160.00,100 גרם,false,1,7.90,4.94,true,1,
7290112344755,false,מילקי עם 26% פחות סוכר 135 גר',מיוצר עי קונדיטוריית,IL,מילקי מופחת סוכר 133,גרמים,133.00,100 גרם,false,1,2.90,2.18,true,1,
7290112344786,false,קפה פלטינום קלאסיק 200 ג' עלית,שטראוס קפה בי.וי.,IL,קפה פלטינום קלאסיק 2,גרמים,200.00,100 גרם,false,1,25.90,12.95,true,1,
7290112346360,false,בפלות אחת אחת בציפוי שוקולד חלב 180 ג' עלית,טוטיז-בינגו סיאי,GR,בפלות אחת אחת בציפוי,גרמים,180.00,100 גרם,false,1,15.50,8.61,true,1,
7290112346629,false,"יוגורט עם קורנפלקס מצופה שוקולד חלב ולבן 172 מ""ל דנונה",,IL,יוגורט עם קורנפלקס מ,גרמים,172.00,100 גרם,false,1,4.60,2.67,true,1,
7290112346773,false,יוגורט לייט אנד פריי וניל עם חלבון 150 ג' דנונה,מיוצר עי קונדיטוריית,IL,דנונה לייט אנד פריי,גרמים,150.00,100 גרם,false,1,5.40,3.60,true,1,
7290112346797,false,יוגורט אקטיביה שיבולת שועל ושזיף 150 גרם,מיוצר עי קונדיטוריית,IL,יוגורט אקטיביה שיבול,גרמים,150.00,100 גרם,false,1,4.60,3.07,true,1,
7290112347008,false,גמדים ארוחת בוקר תות סקוויז 100 ג',מיוצר עי קונדיטוריית,IL,גמדים סקוויז תות בננ,גרמים,100.00,100 גרם,false,1,5.90,5.90,true,1,
7290112348616,false,עלית - קפה נמס אגוזי לוז 100 גרם,,IL,קפה נמס עלית אגוזי ל,גרמים,100.00,100 גרם,false,1,15.50,15.50,true,1,
7290112348999,false,פריכיות טעימות תירס דקות 135 גרם,פרח,IL,פריכיות טעימות תירס,גרמים,135.00,100 גרם,false,1,10.90,8.07,true,1,
7290112349606,false,מעדן גבינה ויוגורט תות בננה 88 ג' דניאלה,"שטראוס בריאות בע""מ",IL,דניאלה תות בננה 88 ג,גרמים,88.00,100 גרם,false,1,4.10,4.66,true,1,
7290112349897,false,מסטיק מאסט קוביות מנטה ללא גלוטן 86 גר,רוג'ר אנד רוג'ר,DE,מסטיק מאסט קוביות מנ,גרמים,86.00,100 גרם,false,1,14.90,17.33,true,1,
7290112350312,false,קפסולות 15 קפה יותר למכונות נספרסו עלית 10יח',הנסיך- מפעל לייצור ט,IL,קפסולות 15 למכונות נ,גרמים,50.00,100 גרם,false,1,16.50,33.00,true,1,
7290112350589,false,ציקו אבקה להכנת משקה ציקוריה 65 גר,פרח,IL,ציקו אבקה להכנת משקה,גרמים,65.00,100 גרם,false,1,13.50,20.77,true,1,
7290112351067,false,סילאן טבעי לחיץ יד מרדכי 630 גרם,,IL,סילאן טבעי לחיץ יד מ,גרמים,630.00,100 גרם,false,1,30.50,4.84,true,1,
7290112351104,false,שוקולד פרה ממולא פיצפוצי אורז 100 ג' עלית,שטראוס,IL,שוקולד פרה חלב פיצפו,גרמים,100.00,100 גרם,false,1,5.50,5.50,true,1,
7290112351128,false,שוקולד פרה סוכריות קופצות 100 ג' עלית,"שטראוס גרופ בע""מ",IL,שוקולד פרה סוכריות ק,גרמים,90.00,100 גרם,false,1,5.50,6.11,true,1,
7290112351258,false,עוגיית קקאו פינוקיות שחור לבן 200 גר,,IL,עוגיית קקאו פינוקיות,גרמים,200.00,100 גרם,false,1,12.50,6.25,true,1,
7290112351470,false,שלישיית סוכריות רימון תות 45 גר FRESH,,,שלישיית סוכריות רימו,גרמים,45.00,100 גרם,false,1,9.50,21.11,true,1,
7290112354945,false,"תפוצ'יפס WAVY ט טבעי, 50 ג'",שטראוס פריטו ליי בע”,IL,תפוציפס טבעי 50 גר W,גרמים,50.00,100 גרם,false,1,4.00,8.00,true,1,
7290112354952,false,תפוצ'יפס WAVY פפריקה 50 גרם,שטראוס פריטו ליי בע”,IL,תפוציפס פפריקה 50 גר,גרמים,50.00,100 גרם,false,1,4.00,8.00,true,1,
7290112354969,false,"תפוציפס WAVY טבעי , 200 גרם",שטראוס פריטו ליי בע”,IL,תפוציפס טבעי 200 גר,גרמים,200.00,100 גרם,false,1,9.90,4.95,true,1,
7290112355027,false,דנונה פרו 20 גרם חלבון קרמל מלוח 200 גרם,"שטראוס בריאות בע""מ",IL,דנונה פרו 20 גרם חלב,גרמים,200.00,100 גרם,false,1,5.90,2.95,true,1,
7290112355102,false,גמדים סקוויז 100 גרם פאוץ סלט פירות 100 גרם,"שטראוס בריאות בע""מ",IL,גמדים פאוץ סלט פירות,גרמים,100.00,100 גרם,false,1,5.90,5.90,true,1,
7290112355393,false,יטבתה רוטב שמנת עם בטטה 9% 250 גרם,מחלבת יטבתה,IL,יטבתה רוטב שמנת עם ב,גרמים,250.00,100 גרם,false,1,10.90,4.36,true,1,
7290112355812,false,מילקי טופ קורנפלקס 141 ג' שטראוס,"שטראוס גרופ בע""מ",IL,מילקי טופ קורנפלקס 1,גרמים,141.00,100 גרם,false,1,4.90,3.48,true,1,
7290112355867,false,מילקי קצפת טופ פיצפוץ 86 גרם,"שטראוס גרופ בע""מ",IL,מילקי קצפת טופ פיצפו,גרמים,86.00,100 גרם,false,1,4.40,5.12,true,1,
7290112357083,false,אפונת גינה טעם הטבע קופסה 380 גר,,IT,אפונת גינה טעם הטבע,גרמים,380.00,100 גרם,false,1,7.30,1.92,true,1,
7290112357892,false,סוכריות FRESH מנטה שלישיה 3*15 גר',,,שלישיית סוכריות מנטה,גרמים,45.00,100 גרם,false,1,9.50,21.11,true,1,
7290112358127,false,דנונה פרו 20 ג חלבון עם מגנזיום 200 גרם,מיוצר עי קונדיטוריית,IL,דנונה פרו 20 ג חלבון,גרמים,200.00,100 גרם,false,1,6.40,3.20,true,1,
7290112358233,false,יד מרדכי רוטב צילי חריף 300גרם,,IL,רוטב צילי חריף יד מר,גרמים,300.00,100 גרם,false,1,14.60,4.87,true,1,
7290112358240,false,רוטב גריל יד מרדכי 300 גרם,,IL,רוטב גריל יד מרדכי,גרמים,300.00,100 גרם,false,1,14.60,4.87,true,1,
7290112358257,false,רוטב לעוף עם שזיפים יד מרדכי 300 גרם,,IL,רוטב לעוף עם שזיפים,גרמים,300.00,100 גרם,false,1,14.60,4.87,true,1,
7290112358431,false,ביסקוויט עד חצות דאבל 200 גרם,הדקלאים אגודת שיתופי,IL,ביסקוויט עד חצות דאב,גרמים,180.00,100 גרם,false,1,12.90,7.17,true,1,
7290112490032,false,"נמס בכוס תירס קנור בד""ץ, זוגי 22.5X2 גרם,",,IL,מרק קנור נמס בכוס תי,גרמים,45.00,100 גרם,false,1,6.90,15.33,true,1,
7290112490209,false,נמס בכוס עגבניות קרוטונים ר.טבעי קנור 24X2ג',,IL,מרק נמס בכוס עגבניות,גרמים,56.00,100 גרם,false,1,6.90,12.32,true,1,
7290112490216,false,נמס בכוס טעם עוף קרוטונים ר.טבעי קנור 24X2ג',,IL,מרק קנור נמס בכוס עו,גרמים,48.00,100 גרם,false,1,6.90,14.38,true,1,
7290112490230,false,קנור מרק נמס בכוס אפונה רכיבים טבעיים,,IL,מרק נמס בכוס אפונה 5,גרמים,50.00,100 גרם,false,1,6.90,13.80,true,1,
7290112490582,false,חרדל דיזון צרפתי 350 ג' הלמנס,,FR,הלמנס חרדל דיזון 350,גרמים,350.00,100 גרם,false,1,15.90,4.54,true,1,
7290112490650,false,קונפיטורה תות שדה 340 גרם-צנצנת,קונפיטורות לה-ארדניי,FR,קונפיטורה תות שדה 34,גרמים,340.00,100 גרם,false,1,17.70,5.21,true,1,
7290112490667,false,קונפיטורה משמש 340 גרם-צנצנת,,FR,קונפיטורה משמש 340 ג,גרמים,340.00,100 גרם,false,1,17.70,5.21,true,1,
7290112490728,false,מרק עשיר ירקות עם בורגול רכיבים טבעיים 95 ג' קנור,יוניליוור ישראל מזון,IL,מרק עשיר ירקות עם בו,גרמים,72.00,100 גרם,false,1,14.60,20.28,true,1,
7290112490742,false,מרק עשיר פטריות עם גריסים רכיבים טבעיים 104 ג' קנור,,IL,מרק פטריות עם גריסים,גרמים,104.00,100 גרם,false,1,14.60,14.04,true,1,
7290112490759,false,מרק עשיר עוף עם אטריות רכיבים טבעיים 74 ג' קנור,,IL,מרק עוף עם אטריות,גרמים,74.00,100 גרם,false,1,14.60,19.73,true,1,
7290112491701,false,ברנפלקס אקסטרה פרוטאין 375 גרם,יוניליוור ישראל מזון,IL,ברנפלקס אקסטרה פרוטא,גרמים,375.00,100 גרם,false,1,21.90,5.84,true,1,
7290112491770,false,בייגלה דקים דקים מלח ב.בייגל 300 גר',בייגל את בייגל מזון,IL,בייגלה דקים דקים מלח,גרמים,300.00,100 גרם,false,1,13.50,4.50,true,1,
7290112492449,false,"פינוק - שמפו לשיער רגיל 700 מ""ל",יוניליוור ישראל טיפו,IL,שמפו פינוק לשיער רגי,מיליליטרים,700.00,"100 מ""ל",false,1,11.90,1.70,true,1,
7290112492456,false,"שמפו פינוק לשיער יבש/פגום 700 מ""ל",יוניליוור ישראל טיפו,IL,שמפו פינוק לשיער יבש,מיליליטרים,700.00,"100 מ""ל",false,1,11.90,1.70,true,1,
7290112492463,false,"שמפו ומרכך פינוק 2 ב1 לשיער רגיל 700 מ""ל",יוניליוור ישראל טיפו,IL,שמפו ומרכך פינוק 2 ב,מיליליטרים,700.00,"100 מ""ל",false,1,11.90,1.70,true,1,
7290112492487,false,"שמפו שמן מרוקאי 700 מ""ל פינוק",יוניליוור ישראל טיפו,IL,שמפו פינוק שמן מרוקא,מיליליטרים,700.00,"100 מ""ל",false,1,11.90,1.70,true,1,
7290112492531,false,"פינוק מרכך לשיער רגיל 700 מ""ל",,IL,מרכך פינוק לשיער רגי,מיליליטרים,700.00,"100 מ""ל",false,1,11.90,1.70,true,1,
7290112492593,false,תחליב רחצה פינוק בניחוח פינוק קלאסי 700,,IL,תחליב רחצה פינוק בני,מיליליטרים,700.00,"100 מ""ל",false,1,15.60,2.23,true,1,
7290112492715,false,"פינוק - לילדים שמפו אל דמע לסירוק קל 700 מ""ל",,IL,שמפו פינוק לילדים לל,מיליליטרים,700.00,"100 מ""ל",false,1,13.90,1.99,true,1,
7290112492999,false,מרק טעם עוף 400 גרם צנצנת קנור,יוניליוור ישראל מזון,IL,מרק טעם עוף 400 גרם,גרמים,400.00,100 גרם,false,1,15.90,3.98,true,1,
7290112493088,false,נמס בכוס עדשים מרק רכיבים טבעיים קנור 54 ג',,IL,מרק קנור נמס בכוס עד,גרמים,54.00,100 גרם,false,1,6.90,12.78,true,1,
7290112493293,false,קנור - נמס ירקות וקרוטונים ר.טבעי 44 גרם,,IL,מרק קנור נמס בכוס יר,גרמים,44.00,100 גרם,false,1,6.90,15.68,true,1,
7290112493316,false,מרק אפונה רכיבים טבעיים 117 ג' קנור,,IL,מרק היום אפונה 117 ג,גרמים,117.00,100 גרם,false,1,14.60,12.48,true,1,
7290112493927,false,גלידה בטעם ריבת חלב 1.33ל' קרמיסימו,"גלידת שטראוס בע""מ, ר",IL,קרמיסימו ריבת חלב 1.,ליטרים,0.00,ליטר,false,1,21.90,21.90,true,1,
7290112493934,false,גלידה וניל צרפתי 1.33ל' קרמיסימו,"גלידת שטראוס בע""מ, ר",IL,קרמיסימו וניל 1.33 ל,ליטרים,0.00,ליטר,false,1,21.90,21.90,true,1,
7290112494016,false,מיונז מופחת שומן תלמה 500 גר',,IL,מיונז מופחת שומן 500,גרמים,500.00,100 גרם,false,1,12.90,2.58,true,1,
7290112494153,false,תיבולית ניחוח צלי קנור 72 גרם,יוניליוור ישראל מזון,IL,תיבולית ניחוח צלי קנ,גרמים,72.00,100 גרם,false,1,11.40,15.83,true,1,
7290112494221,false,קליק - ביסקויט תפזורת 65 גרם,יוניליוור ישראל מזון,IL,קליק ביסקוויט 65 גרם,גרמים,65.00,100 גרם,false,1,5.90,9.08,true,1,
7290112494238,false,קליק - כדורים חלב תפזורת 65 גרם,יוניליוור ישראל מזון,IL,קליק כדורי חלב 65 גר,גרמים,65.00,100 גרם,false,1,5.90,9.08,true,1,
7290112494276,false,קליק כריות תפזורת 65 גר,יוניליוור ישראל מזון,IL,קליק כריות 65 גר,גרמים,65.00,100 גרם,false,1,5.90,9.08,true,1,
7290112494283,false,קליק - מעורב חום לבן תפזורת 65 גרם,יוניליוור ישראל מזון,IL,קליק חום לבן 65 גרם,גרמים,65.00,100 גרם,false,1,5.90,9.08,true,1,
7290112494344,false,קורנפלקס כספי אלופים תלמה850 גר',יוניליוור שפע ישראל,IL,קורנפלקס של אלופים כ,גרמים,850.00,100 גרם,false,1,17.60,2.07,true,1,
7290112494351,false,תלמה קורנפלקס של אלופים 850 ג',יוניליוור שפע ישראל,IL,קורנפלקס של אלופים 8,גרמים,850.00,100 גרם,false,1,17.60,2.07,true,1,
7290112494382,false,פירה בטעם ביתי 260 גרם-קופסא,יוניליוור ישראל מזון,IL,פירה בטעם ביתי 260 ג,גרמים,260.00,100 גרם,false,1,11.90,4.58,true,1,
7290112494795,false,"ג'ל לכביסה לבנה וצבעונית בניחוח בדין כחול 2.5 ק""ג","זוהר דליה, קיבוץ דלי",IL,גל כביסה בדין בניחוח,קילוגרמים,0.00,"ק""ג",false,1,36.50,36.50,true,1,
7290112494832,false,"דאב - תרחיץ פנים לעור רגיל 180 מ""ל",,IL,תרחיץ פנים דאב לעור,מיליליטרים,180.00,"100 מ""ל",false,1,16.90,9.39,true,1,
7290112495006,false,כריות נוגט 686 גרם - קופסא,יוניליוור שפע ישראל,IL,כריות נוגט 686 גרם -,גרמים,686.00,100 גרם,false,1,24.90,3.63,true,1,
7290112495020,false,כריות צוקולדה 686 גרם קופסא,יוניליוור שפע ישראל,IL,כריות צוקולדה 686 ג,גרמים,686.00,100 גרם,false,1,24.90,3.63,true,1,
7290112495112,false,נשנושים זעתר ב.בייגל 260ג',בייגל את בייגל מזון,IL,נשנושים זעתר 260 גרם,גרמים,260.00,100 גרם,false,1,12.70,4.88,true,1,
7290112495143,false,נשנושים קוקטייל מלוח 300ג' ב.בייגל,בייגל את בייגל מזון,IL,קרקרים קוקטייל מלוח,גרמים,300.00,100 גרם,false,1,12.90,4.30,true,1,
7290112495174,false,נשנושים קוקטייל שומשום 300ג' ב.בייגל,בייגל את בייגל מזון,IL,קרקרים קוקטייל שומשו,גרמים,300.00,100 גרם,false,1,12.90,4.30,true,1,
7290112495433,false,דגני דליפקאן תוספת אגוזי פקאן ושקדים 400 גר,יוניליור שפע ישראל ב,IL,דליפקאן 400 גרם,גרמים,400.00,100 גרם,false,1,20.90,5.23,true,1,
7290112495662,false,קרקר חיטה מלאה ופשתן בייגל בייגל 300 גרם,"מיוצר ע""י קוד יצרן A",IL,קרקר חיטה מלאה עם פש,גרמים,300.00,100 גרם,false,1,11.40,3.80,true,1,
7290112495754,false,"רטבי הלמנס לסלט 300 מ""ל אלף האיים",יוניליוור ישראל מזון,IL,הלמנס לסלט אלף האיים,מיליליטרים,305.00,"100 מ""ל",false,1,14.60,4.79,true,1,
7290112495761,false,רוטב אלף האיים לייט חמץ הלמנס 305 ג',יוניליוור ישראל מזון,IL,הלמנס לסלט אלף האיים,מיליליטרים,305.00,"100 מ""ל",false,1,14.60,4.79,true,1,
7290112495785,false,רוטב לסלט שום הלמנס 300ג,יוניליוור ישראל מזון,IL,הלמנס רוטב שום 300 ג,גרמים,300.00,100 גרם,false,1,14.60,4.87,true,1,
7290112495792,false,הלמנס רוטב לסלט שום לייט 300 גר',יוניליוור ישראל מזון,IL,הלמנס לסלט שום לייט,מיליליטרים,300.00,"100 מ""ל",false,1,14.60,4.87,true,1,
7290112495815,false,רוטב סלט חרדל דבש לייט הלמנס 305ג',יוניליוור ישראל מזון,IL,הלמנס רוטב חרדל דבש,גרמים,305.00,100 גרם,false,1,14.60,4.79,true,1,
7290112496027,false,סירופ שוקולד 580 גרם-בקבוק,יוניליוור ישראל מזון,IL,סירופ שוקולד 580 גר,גרמים,580.00,100 גרם,false,1,18.80,3.24,true,1,
7290112496270,false,"פתית צ'יפס תפו""א בתוספת עגבניות ועשבי תיבול 22 ג'",JLM גלובל פודס37 דרך,GB,"פתית ציפס תפו""א עגבנ",גרמים,22.00,100 גרם,false,1,5.80,26.36,true,1,
7290112496287,false,פתית - צ'יפס בטטה בטעם טבעי 21 גרם,JLM גלובל פודס37 דרך,GB,פתית ציפס בטטה בטעם,גרמים,21.00,100 גרם,false,1,5.80,27.62,true,1,
7290112496430,false,נמס בכוס אקסטרה עגבניותעם המון אטריות 37 ג',יוניליוור ישראל מזון,IL,נמס בכוס אקסטרה עגבנ,גרמים,37.00,100 גרם,false,1,4.50,12.16,true,1,
7290112496447,false,נמס בכוס אקסטרה טעם עוף עם המון אטריות 27ג',יוניליוור ישראל מזון,IL,נמס בכוס אקסטרה טעם,גרמים,27.00,100 גרם,false,1,4.50,16.67,true,1,
7290112496461,false,מרק נמס בכוס אקסטרה ירקות ואיטריות קנור,יוניליוור ישראל מזון,IL,מרק נמס בכוס אקסטרה,גרמים,32.00,100 גרם,false,1,4.50,14.06,true,1,
7290112497864,false,מרק עוף רכיבים טבעיים 33% פחות נתרו 400ג',,IL,מרק עוף אמיתי פחות נ,גרמים,400.00,100 גרם,false,1,24.90,6.23,true,1,
7290112498007,false,גרנולה פרוטאין בתוספת חלבון שקדים וחמוציות תלמה 300 ג',,,גרנולה פרוטאין ת.חלב,גרמים,300.00,100 גרם,false,1,19.80,6.60,true,1,
7290112498267,false,"אל סבון ידיים נוזלי קלאסי פינוק 950 מ""ל",קוסטר אירוסול ולף סנ,IL,סבון ידיים בניחוח פי,מיליליטרים,950.00,"100 מ""ל",false,1,12.90,1.36,true,1,
7290112498281,false,"אל סבון לידיים בתוספת שמן קוקוס פינוק 950 מ""ל",יוניליוור ישראל טיפו,IL,סבון ידיים בתוספת שמ,מיליליטרים,950.00,"100 מ""ל",false,1,12.90,1.36,true,1,
7290112498748,false,מאגדת מיני סולרו ותות 350ג',"מיוצר ע""י גלידת שטרא",IL,מיני סולרו תות 320 ג,גרמים,320.00,100 גרם,false,1,28.50,8.91,true,1,
7290112498915,false,מאגדת מיני מגנום שקדים מובחרים 250 ג',"מיוצר ע""י גלידת שטרא",IL,מאגדת מיני מגנום שקד,גרמים,250.00,100 גרם,false,1,26.90,10.76,true,1,
7290112498922,false,מאגדת מיני מגנום שוקולד לבן 250 ג',"מיוצר ע""י גלידת שטרא",IL,מאגדת מיני מגנום לבן,גרמים,250.00,100 גרם,false,1,26.90,10.76,true,1,
7290112499110,false,טילון קליק בטעם שוקולד 72 ג' שטראוס,שטראוס גרופ גלידות,IL,קורנטו קליק שוקולד 7,גרמים,72.00,100 גרם,false,1,8.00,11.11,true,1,
7290112499127,false,שלגון גלידה שוקולד לבן ותות 77 גרם,"מיוצר ע""י גלידת שטרא",IL,שלגון גלידה שוקולד ל,גרמים,77.00,100 גרם,false,1,11.90,15.45,true,1,
7290112499141,false,סולרו וניל ותפוח ירוק 76 ג' שטראוס,שטראוס גרופ גלידות,IL,סולרו תפוח ירוק 76 ג,גרמים,76.00,100 גרם,false,1,11.00,14.47,true,1,
7290112499219,false,מאגדת מיני גודיז פיסטוק ושוקולד 235 ג' שטראוס,"גלידת שטראוס בע""מ, ר",IL,גודיז פיסטוק 235 גרם,גרמים,235.00,100 גרם,false,1,28.50,12.13,true,1,
7290112499226,false,גלידונית פיסטוק בננה 703 גרם,שטראוס גרופ גלידות,IL,גלידונית פיסטוק בננה,גרמים,703.00,100 גרם,false,1,44.90,6.39,true,1,
7290112499257,false,שלגון שוקובו עם ציפוי שוקולד לבן 85 גרם,שטראוס גרופ גלידות,IL,שלגון שוקובו עם ציפו,גרמים,85.00,100 גרם,false,1,12.90,15.18,true,1,
7290112499479,false,"שמפו פינוק בתוספת קרטין 700 מ""ל",,IL,שמפו פינוק בתוספת קר,מיליליטרים,700.00,"100 מ""ל",false,1,11.90,1.70,true,1,
7290112499639,false,טילון סופר מגנום וניל צ'יפ ושוקולד 110 ג',"מיוצר ע""י גלידת שטרא",IL,טילון סופר מגנום חום,גרמים,110.00,100 גרם,false,1,11.90,10.82,true,1,
7290112499677,false,מגנום וניל בציפוי שוקולד לבן,"מיוצר ע""י גלידת שטרא",IL,מגנום וניל בציפוי שו,Unknown,0.00,Unknown,false,1,11.90,11.90,true,1,
7290112499776,false,מאגדת גלידת גודיז שלגון אישי  240 ג',"גלידת שטראוס בע""מ, ר",IL,גודיז 3 שוקולדים,גרמים,240.00,100 גרם,false,1,28.50,11.88,true,1,
7290112499837,false,מגנום דואט שוקולד עם נוגט 90 גרם,"מיוצר ע""י גלידת שטרא",IL,מגנום דואט שוק אימפא,גרמים,90.00,100 גרם,false,1,11.90,13.22,true,1,
7290112499844,false,מאגדת מיני מגנום דואט שוקולד עם נוגט 5 יח' שטראוס,"מיוצר ע""י גלידת שטרא",IL,מאגדת מיני מגנום דאב,גרמים,310.00,100 גרם,false,1,26.90,8.68,true,1,
7290112499905,false,קורנטו קליק בטעם מרשמלו 72 גרם,"מיוצר ע""י גלידת שטרא",IL,קורנטו קליק מרשמלו 7,גרמים,64.00,100 גרם,false,1,8.00,12.50,true,1,
7290112499929,false,מגנום שוקולד אימפלס פסח 120מל,"מיוצר ע""י גלידת שטרא",IL,מגנום שוקולד אימפאלס,גרמים,85.00,100 גרם,false,1,11.90,14.00,true,1,
7290112499936,false,מגנום שקדים אימפלס פסח 125מל,"מיוצר ע""י גלידת שטרא",IL,מגנום שקדים,Unknown,0.00,Unknown,false,1,11.90,11.90,true,1,
7290112499943,false,מיני מאגדת מיני מגנום טעמים שונים וניל+שוקו,"מיוצר ע""י גלידת שטרא",IL,מיני מגנום וניל+שוקו,גרמים,270.00,100 גרם,false,1,26.90,9.96,true,1,
7290112704818,false,סט בלונים 14 לניפוח עצמי- Happy Birthday רוז גולד,,,סט בלונים 14 לניפוח,Unknown,0.00,Unknown,false,1,27.90,27.90,true,1,
7290112707482,false,זיקוק 15 סמ 6 יח 80 בקרטון 5גר כסף,,CN,זיקוק 15 כסוף,Unknown,0.00,Unknown,false,1,15.90,15.90,true,1,
7290112960115,false,אסם שקדי מרק 30% קמח חיטה מלא 12*350גרם,,IL,שקדי מרק 30% קמח חי,גרמים,350.00,100 גרם,false,1,10.00,2.86,true,1,
7290112960856,false,טילון אקסטרים מטבע שוקולד וריבת חלב 126 גר',שוורצקוף& הנקל דיסלד,IL,גלידה אקסטרים מטבע ש,גרמים,115.00,100 גרם,false,1,10.00,8.70,true,1,
7290112961327,false,בייגלה כפיות פיזור כפרי 300 ג' אסם,אסם,IL,בייגלה כפיות פיזור כ,גרמים,300.00,100 גרם,false,1,10.90,3.63,true,1,
7290112961372,false,פיטנס חטיפי פריכיות דקות קינמון 60 גרם,"פרח תעשיות מזון בע""מ",IL,פיטנס חטיפי פריכיות,גרמים,60.00,100 גרם,false,1,8.90,14.83,true,1,
7290112963321,false,גרטיפי בייגלה שטוח הכל ללא גלוטן 300 גר,מיוצר עי קונדיטוריית,IL,גרטיפי בייגלה שטוח ה,גרמים,300.00,100 גרם,false,1,19.80,6.60,true,1,
7290112963529,false,טילון אקסטרים שוקו וניל פרווה מאגדת 444 גר',שוורצקוף& הנקל דיסלד,IL,מאגדת אקסטרים שוקו ו,גרמים,432.00,100 גרם,false,1,35.50,8.22,true,1,
7290112963918,false,פיטנס חטיפי קרקר דק רוזמרין 140 גרם,אסם,IL,פיטנס קרקר דק רוזמרי,גרמים,140.00,100 גרם,false,1,11.90,8.50,true,1,
7290112964434,false,"רוטב לסלט קיסר 295 מ""ל אסם",אסם,IL,רוטב לסלט קיסר 295 מ,מיליליטרים,295.00,"100 מ""ל",false,1,14.20,4.81,true,1,
7290112964472,false,"רוטב שום לסלט 290 מ""ל אסם",אסם,IL,"רוטב שום לסלט 290 מ""",מיליליטרים,290.00,"100 מ""ל",false,1,14.20,4.90,true,1,
7290112964724,false,טבעול המבורגר טבעוני 580 גרם,מיוצר עי קונדיטוריית,IL,טבעול המבורגר טבעוני,גרמים,580.00,100 גרם,false,1,36.50,6.29,true,1,
7290112965660,false,פיטנס - חטיף מולטיגריין מלח פלפל 25 גרם,מיוצר עי קונדיטוריית,IL,פיטנס חטיף מולטיגריי,גרמים,25.00,100 גרם,false,1,4.90,19.60,true,1,
7290112965684,false,פיטנס - חטיף מולטיגריין עשבי תיבול 25 גרם,מיוצר עי קונדיטוריית,IL,פיטנס חטיף מולטיגריי,גרמים,25.00,100 גרם,false,1,4.90,19.60,true,1,
7290112965707,false,פיטנס - חטיף מולטיגריין צילי מעודן 25 גרם,"אסם השקעות בע""מ",IL,פיטנס חטיף מולטיגריי,גרמים,25.00,100 גרם,false,1,4.90,19.60,true,1,
7290112965745,false,אוסם - ביסלי פריסטייל בצל מעושן 60 גרם,"אסם השקעות בע""מ",IL,ביסלי פריסטייל בצל מ,גרמים,60.00,100 גרם,false,1,4.40,7.33,true,1,
7290112965783,false,אוסם - ביסלי פריסטייל על האש 60 גרם,"אסם השקעות בע""מ",IL,ביסלי פריסטייל על הא,גרמים,60.00,100 גרם,false,1,4.40,7.33,true,1,
7290112965806,false,אוסם - ביסלי פריסטייל חמוץ חריף 60 גרם,אסם,IL,ביסלי פריסטייל חמוץ,גרמים,60.00,100 גרם,false,1,4.40,7.33,true,1,
7290112966766,false,צבר טחינה בלאדי חציל עגבניות ושום 350 גרם,שוורצקוף& הנקל דיסלד,IL,טחינה בלאדי חציל עגב,גרמים,350.00,100 גרם,false,1,18.80,5.37,true,1,
7290112967114,false,פיטנס חטיפי פריכיות קטניות ופלפל 60 גרם,"פרח תעשיות מזון בע""מ",IL,פיטנס חטיפי פריכיות,גרמים,60.00,100 גרם,false,1,8.90,14.83,true,1,
7290112967572,false,"אסם רוטב ברביקיו 290 מ""ל אסם",אסם,IL,"רוטב ברביקיו 290 מ""ל",גרמים,290.00,100 גרם,false,1,13.50,4.66,true,1,
7290112968449,false,סלט טחינה כרוב אדום 250 גרם,שוורצקוף& הנקל דיסלד,IL,סלט טחינה כרוב אדום,גרמים,250.00,100 גרם,false,1,12.10,4.84,true,1,
7290112968524,false,צבר סלט חומוס גרגירים רכים 6*250גרם,שוורצקוף& הנקל דיסלד,IL,סלט חומוס סמיר 250 ג,גרמים,250.00,100 גרם,false,1,12.10,4.84,true,1,
7290112968685,false,חומוס גרגרים רכים בטבילה צבר 400 גרם,שוורצקוף& הנקל דיסלד,IL,חומוס גרגרים רכים בח,גרמים,400.00,100 גרם,false,1,16.70,4.18,true,1,
7290112968807,false,פיטנס - קרקר דק סלק 140 גרם,מפעל אסם יקנעם,IL,פיטנס קרקר דק סלק 14,גרמים,140.00,100 גרם,false,1,11.90,8.50,true,1,
7290112968821,false,פיטנס - קרקר דק בטטה 140 גרם,מפעל אסם יקנעם,IL,פיטנס קרקר דק בטטה 1,גרמים,140.00,100 גרם,false,1,11.90,8.50,true,1,
7290113192157,false,אגוזי ברזיל קלופים 150 גרם,,IL,אגוזי ברזיל קלופים 1,גרמים,150.00,100 גרם,false,1,16.90,11.27,true,1,
7290113192164,false,אגוזי קשיו קלופים ששון הקולה 150 ג',,IL,אגוזי קשיו קלופים 15,גרמים,150.00,100 גרם,false,1,16.90,11.27,true,1,
7290113192171,false,מיקס אגוזים שקדים וחמוציות 150 גרם,דין שיווק,IL,מיקס אגוזים שקדים וח,גרמים,150.00,100 גרם,false,1,17.70,11.80,true,1,
7290113192218,false,תערובת להכנת מלבי 500 גרם,,IL,תערובת להכנת מלבי 50,גרמים,500.00,100 גרם,false,1,15.90,3.18,true,1,
7290113192225,false,תערובת להכנה מהירה סופלה שוקולד 200 גר',,IL,תערובת להכנת סופלה ש,גרמים,200.00,100 גרם,false,1,15.90,7.95,true,1,
7290113192300,false,זיתים מושחרים חרוזית 275 גרם בית השיטה,,IL,זיתים מושחרים חרוזית,גרמים,275.00,100 גרם,false,1,12.50,4.55,true,1,
7290113192348,false,בית השיטה זית ירוק ט.שום 17-19 א2 340גר',,IL,זית ירוק 17-19 2A ב,גרמים,340.00,100 גרם,false,1,11.40,3.35,true,1,
7290113192355,false,חרוזית זיתים ירוקים ללא גלעין 275 ג' בית השיטה,,IL,זית חרוזית ירוק A2 ב,גרמים,275.00,100 גרם,false,1,10.30,3.75,true,1,
7290113192362,false,זיתים ירוקים טבעות A2 בית השיטה 280 גרם,,IL,זיתים ירוקים טבעות A,גרמים,280.00,100 גרם,false,1,10.60,3.79,true,1,
7290113192478,false,מלפפונים במלח 10-12 בית השטה 320 גרם,,IL,מלפפונים במלח 10-12,גרמים,320.00,100 גרם,false,1,7.60,2.38,true,1,
7290113192508,false,מלפפון במלח 17-13 בית השיטה 320 גרם,,IL,מלפפון במלח 17-13 בי,גרמים,320.00,100 גרם,false,1,10.90,3.41,true,1,
7290113192515,false,מלפפון במלח 18-25 320 גרם בית השיטה,,IL,מלפפון במלח 18-25 32,גרמים,320.00,100 גרם,false,1,12.90,4.03,true,1,
7290113192539,false,מלפפון במלח 7-9 בית השיטה 320 גר,,IL,מלפפון במלח 7-9 בית,גרמים,320.00,100 גרם,false,1,6.90,2.16,true,1,
7290113192560,false,פלפל שיפקה A2 בית השיטה 230 גרם,,IL,פלפל שיפקה A2 בית ה,גרמים,230.00,100 גרם,false,1,8.30,3.61,true,1,
7290113192881,false,טורטיה חיטה מופחתת קלוריות 270 גרם,דין שיווק,TR,טורטיה חיטה מופחתת ק,גרמים,270.00,100 גרם,false,1,10.00,3.70,true,1,
7290113192997,false,זית מרוקאי 340 גרם בית השיטה,,IL,זית מרוקאי 340 גרם,גרמים,340.00,100 גרם,false,1,13.90,4.09,true,1,
7290113193000,false,פלפל שיפקונית 230 גרם בית השיטה,שוורצקוף& הנקל דיסלד,IL,פלפל שיפקונית 230 גר,גרמים,230.00,100 גרם,false,1,13.50,5.87,true,1,
7290113193017,false,קוקטייל זיתים 275 גרם בית השיטה,,IL,קוקטייל זיתים 275 גר,גרמים,275.00,100 גרם,false,1,13.90,5.05,true,1,
7290113193321,false,"שמן זית כתית מעולה בית השיטה 750 מ""ל",,IL,בית השיטה שמן זית כת,מיליליטרים,750.00,"100 מ""ל",false,1,34.50,4.60,true,1,
7290113193406,false,בית השיטה טבעות קוקטייל זיתים 280 גרם,,IL,בית השיטה טבעות קוקט,גרמים,280.00,100 גרם,false,1,10.70,3.82,true,1,
7290113195066,false,חלבה טורקית בטעם וניל 400 גרם,,,חלבה טורקית בטעם וני,גרמים,400.00,100 גרם,false,1,12.90,3.23,true,1,
7290113195080,false,חלבה טורקית בטעם שוקו וניל 400 גרם,,,חלבה טורקית בטעם שוק,גרמים,400.00,100 גרם,false,1,12.90,3.23,true,1,
7290113195271,false,ממרח פלפלים פיקנטיים 360 גרם,,MK,ממרח פלפלים פיקנטיים,גרמים,360.00,100 גרם,false,1,11.90,3.31,true,1,
7290113195967,false,שיבולת שועל פחית 500 גרם,,,שיבולת שועל פחית 500,גרמים,500.00,100 גרם,false,1,9.90,1.98,true,1,
7290113196780,false,בית השיטה זיתים ירוקים מבוקעים באלדי 900 גרם,בית השיטה,IL,זיתים ירוקים מבוקעים,גרמים,900.00,100 גרם,false,1,28.90,3.21,true,1,
7290113199606,false,חטיף בוטנים עם דלעת בוטנים ללא סוכר 220 ג' שקדיה,,IL,חטיף בוטנים בסגנון י,גרמים,220.00,100 גרם,false,1,14.90,6.77,true,1,
7290113300224,false,פאוצ' לה קט סלמון ברוטב 85 ג',"PPF, צ'כיה",FR,פאוצ נתחוני לה קט עם,Unknown,0.00,Unknown,false,1,4.90,4.90,true,1,
7290113302303,false,חטיף בונזו סטיקים תר,שינייה פט פוד,CN,חטיף בונזו סטיקים עם,Unknown,0.00,Unknown,false,1,12.90,12.90,true,1,
7290113302334,false,חטיף עוף פריכים כתום בונזו 80 ג',לנגי,CN,חטיפי עוף פריכים בצו,Unknown,0.00,Unknown,false,1,12.90,12.90,true,1,
7290113302358,false,חטיפי בנוזו עוף צורת,לנגי,CN,חטיפי בונזו עוף בצור,Unknown,0.00,Unknown,false,1,12.90,12.90,true,1,
7290113594357,false,בקבוק נירוסטה 450 מל עם קש מתקפל- מפרץ ההרפתקאות,,CN,בקבוק נירוסטה עם קש,מיליליטרים,450.00,"100 מ""ל",false,1,34.90,7.76,true,1,
7290114151597,false,"שמפו לשיער רגיל-יבש בוטני 500 מ""ל",אף.סי תבליני בגליל ב,IL,שמפו לשיער רגיל-יבש,מיליליטרים,500.00,"100 מ""ל",false,1,25.90,5.18,true,1,
7290114151603,false,"מרכך לכל סוגי השיער בוטני 500 מ""ל",אף.סי תבליני בגליל ב,IL,מרכך לכל סוגי השיער,מיליליטרים,500.00,"100 מ""ל",false,1,25.90,5.18,true,1,
7290114151634,false,"מרכך לשיער רגיל-יבש בוטני 500 מ""ל",אף.סי תבליני בגליל ב,IL,מרכך לשיער רגיל-יבש,מיליליטרים,500.00,"100 מ""ל",false,1,25.90,5.18,true,1,
7290114151658,false,"סבון גוף לעור יבש בוטני 500 מ""ל",אף.סי תבליני בגליל ב,IL,סבון גוף לעור יבש בו,מיליליטרים,500.00,"100 מ""ל",false,1,25.90,5.18,true,1,
7290114151665,false,"סבון ידיים שמן קוקוס עץ התה 500 מ""ל",אף.סי תבליני בגליל ב,IL,סבון ידיים שמן קוקוס,מיליליטרים,500.00,"100 מ""ל",false,1,22.90,4.58,true,1,
7290114151672,false,"סבון ידיים לעור יבש בוטני 500 מ""ל",אף.סי תבליני בגליל ב,IL,סבון ידיים לעור יבש,מיליליטרים,500.00,"100 מ""ל",false,1,22.90,4.58,true,1,
7290114152174,false,"סבון ידיים תפוז/מורינגה/לימון 500 מ""ל",אף.סי תבליני בגליל ב,IL,סבון ידיים בוטני 500,מיליליטרים,500.00,"100 מ""ל",false,1,22.90,4.58,true,1,
7290114310215,false,"שמנת מתוקה 38% שומן 250 מ""ל טרה",מילקו תעשיות בעמ,IL,שמנת מתוקה 38% 250 מ,גרמים,250.00,100 גרם,false,1,6.47,2.59,true,1,
7290114310222,false,חלב טרה מועשר בסידן וויטמין 3% 1.5ל',מילקו תעשיות בעמ,IL,חלב מועשר בסידן וויט,מיליליטרים,1500.00,"100 מ""ל",false,1,12.50,0.83,true,1,
7290114310239,false,חלב טרה נטול לקטוז מועשר בוויטמין D 2% 1.5 ל',מילקו תעשיות בעמ,IL,חלב נטול לקטוז מועשר,מיליליטרים,1500.00,"100 מ""ל",false,1,12.50,0.83,true,1,
7290114310338,false,צפתית מעודנת 5% 225 גר' משק צוריאל,משק צוריאל,IL,גבינה צפתית מעודנת 5,גרמים,225.00,100 גרם,false,1,19.10,8.49,true,1,
7290114310345,false,מעדן בטעם תות 1.5% מוו 125 ג',,,מעדן מו תות 1.5% 123,גרמים,123.00,100 גרם,false,1,3.00,2.44,true,1,
7290114310383,false,Muller Froop מולר יוגורט מוקצף בטעם וניל 90 גרם,מילקו,IL,מולר יוגורט מוקצף בט,גרמים,97.00,100 גרם,false,1,5.00,5.15,true,1,
7290114310390,false,מולר קציפת יוגורט בטעם בננה לוטי 97 גרם,מילקו,IL,מולר WIP- יוגורט מוק,גרמים,97.00,100 גרם,false,1,4.50,4.64,true,1,
7290114310406,false,מולר פרופ יוגורט מוקצף בטעם תות 97 גרם,מילקו,IL,מולר WIP- יוגורט מוק,גרמים,97.00,100 גרם,false,1,4.50,4.64,true,1,
7290114310611,false,"משקה חלב בננה בבקבוק פקק ספורט טרה 250 מ""ל",,IL,משקה חלב בננה טרה 25,מיליליטרים,250.00,"100 מ""ל",false,1,5.90,2.36,true,1,
7290114310895,false,סימפלי מולר מאגדת שמינייה מנגו תות 1.5% 150X8 גר',טרה,IL,מאגדת שמינייה סימפלי,גרמים,1200.00,100 גרם,false,1,31.90,2.66,true,1,
7290114310963,false,יוגורט מחלב עיזים מלא כ3.8% שומן מועשר 500 גר',משק צוריאל,IL,יוגורט עיזים בדלי 3.,גרמים,500.00,100 גרם,false,1,14.90,2.98,true,1,
7290114311014,false,"משקה חלב אייס קפוצינו יטבתה 250 מ""ל פקק",,,משקה חלב אייס קפוצינ,גרמים,200.00,100 גרם,false,1,5.90,2.95,true,1,
7290114311021,false,"משקה חלב וניל עוגיות טרה 250 מ""ל פקק ספו",,,משקה חלב וניל עוגיות,מיליליטרים,250.00,"100 מ""ל",false,1,5.90,2.36,true,1,
7290114311038,false,"שמנת מתוקה 32% 250 מ""ל בבקבוק טרה",,,שמנת מתוקה 32% 250 מ,מיליליטרים,250.00,"100 מ""ל",false,1,6.90,2.76,true,1,
7290114311076,false,"חמאת מולר צהובה עם שום, 200 גרם",טרה,IL,מולר חמאה צהובה עם ש,גרמים,200.00,100 גרם,false,1,12.90,6.45,true,1,
7290114311298,false,יוגורט מולר פרופ בטעם תות בננה מלון 150,,IL,יוגורט מולר פרופ בטע,גרמים,150.00,100 גרם,false,1,5.00,3.33,true,1,
7290114311304,false,יוגורט קציפת מנגו פסיפלורה בננה 150 ג' מולר,,IL,יוגורט מולר פרופ בטע,גרמים,150.00,100 גרם,false,1,5.00,3.33,true,1,
7290114311328,false,חלב דל לקטוז מועשר בויטמין D 2% 1 ליטר,מילקו תעשיות בעמ,IL,חלב דל לקטוז מועשר ב,מיליליטרים,1000.00,"100 מ""ל",false,1,8.50,0.85,true,1,
7290114311359,false,יוגורט עם קציפת מנגו 3% שומן פרופ 150 ג' מולר,,IL,יוגורט מולר פרופ בטע,גרמים,150.00,100 גרם,false,1,5.00,3.33,true,1,
7290114311441,false,"מולר אקטיב בטעם עוגיות חמאה 0% שומן, 200 גרם",טרה,IL,מולר אקטיב יוגורט בט,גרמים,200.00,100 גרם,false,1,6.20,3.10,true,1,
7290114600927,false,עלי טורטיה חיטה מלאה מאסטר שף 320 גרם,,,מנה עלי טורטיה חיט מ,גרמים,320.00,100 גרם,false,1,10.90,3.41,true,1,
7290114600941,false,מיונז מאסטר שף מיונז לחיץ 435 ג',רמיה סי.וי,NL,מיונז לחיץ מאסטר שף,גרמים,435.00,100 גרם,false,1,13.50,3.10,true,1,
7290114600989,false,"רוטב אלף האיים מאסטר שף 250 מ""ל",,NL,רוטב אלף האיים מאסטר,מיליליטרים,250.00,"100 מ""ל",false,1,9.90,3.96,true,1,
7290114600996,false,"רוטב שום מאסטר שף 250 מ""ל",REMIA,NL,רוטב שום מאסטר שף 25,מיליליטרים,250.00,"100 מ""ל",false,1,9.90,3.96,true,1,
7290114603508,false,"רוטב להקצפה מאסטר שף 300 מ""ל",thai suprime,TH,רוטב להקפצה מאסטר שף,מיליליטרים,300.00,"100 מ""ל",false,1,10.90,3.63,true,1,
7290114603768,false,"נוזל ניקוי שירותים אגקס 750 מ""ל*2 זוג",,FR,נוזל ניקוי שירותים א,ליטרים,0.00,ליטר,false,1,30.50,30.50,true,1,
7290114604116,false,צימרוני אוזניים ענני,,CN,עננים 500 מקלני כותנ,Unknown,0.00,Unknown,false,1,10.40,10.40,true,1,
7290114604895,false,ממרח ספייסי לחיץ מאסטר שף 446 גרם,Remia,NL,ממרח ספייסי לחיץ מאס,גרמים,446.00,100 גרם,false,1,13.50,3.03,true,1,
7290114604925,false,מאסטר שף קרם קוקוס לייט 400 גרם,"תאי קוקונאט חברה בע""",TH,קרם קוקוס לייט מאסטר,מיליליטרים,400.00,"100 מ""ל",false,1,9.40,2.35,true,1,
7290114604963,false,פירורי לחם מתובלים מאסטר שף 230 גרם,,,מאסטר שף פירורי לחם,גרמים,230.00,100 גרם,false,1,8.20,3.57,true,1,
7290114606547,false,מיונז פטריות כמהין לחיץ מאסטר שף 242 גרם,Remia,NL,מיונז פטריות כמהין ל,גרמים,242.00,100 גרם,false,1,13.50,5.58,true,1,
7290114606554,false,מיונז לייט לחיץ מאסטר שף 470 גרם,Remia,NL,מיונז לייט לחיץ מאסט,גרמים,470.00,100 גרם,false,1,13.50,2.87,true,1,
7290114606561,false,מאסטר שף אטריות אורז דקות ורמיצ'לי 400 ג,,,מנה אסייאתי אטריות א,גרמים,400.00,100 גרם,false,1,9.90,2.48,true,1,
7290114606578,false,שקדי מרק מאסטר שף 400 גרם,,IL,שקדי מרק מאסטר שף 40,גרמים,400.00,100 גרם,false,1,9.90,2.48,true,1,
7290114608640,false,קרוטונים לסלט כוסמין מאסטר שף 260 גרם,,IL,קרוטונים לסלט כוסמין,גרמים,260.00,100 גרם,false,1,21.90,8.42,true,1,
7290114659949,false,מסכה לפנים חד-פעמי 50 יחי,,,מסכה לפנים חד פעמי 5,יחידה,1.00,יחידה,false,1,9.90,9.90,true,1,
7290114821469,false,כבד דג שיבוט מעושן במיץ טבעי 120 גרם,,,כבד דג שיבוט מעושן ב,גרמים,120.00,100 גרם,false,1,15.60,13.00,true,1,
7290115071177,false,באנר משולשים לתלייה,,CN,באנר משולשים לתלייה,Unknown,1.00,Unknown,false,12,12.50,12.50,true,1,
7290115071535,false,מטבעות שוקולד ברשת מפרץ הרפתקאות 31 גר,,NL,מטבעות שוקולד ברשת מ,גרמים,31.00,100 גרם,false,1,4.90,15.81,true,1,
7290115072167,false,לבבות שוקולד 3 יח באריזת לב מהודרת 24 גר',,CN,לבבות שוקולד 3 יח בא,גרמים,24.00,100 גרם,false,1,7.90,32.92,true,1,
7290115073683,false,מסכה לפנים חד פעמי מארז 10 יח צבעוניות,,,מסכה לפנים חד פעמי מ,יחידה,1.00,יחידה,false,1,4.90,4.90,true,1,
7290115075205,false,מטבעות שוקולד ברשת לוני טונס 31 גר,,NL,מטבעות שוקולד ברשת ל,גרמים,31.00,100 גרם,false,1,4.90,15.81,true,1,
7290115190007,false,סיגריות PPמרלבורו רד,פיליפ מוריס,,מרלבורו רד PP קרטוש,Unknown,0.00,Unknown,false,1,355.00,355.00,true,1,
7290115190014,false,סיגריות מרלבורו רד קצר בוקס,פיליפ מוריס,,מרלבורו רד קצר בוקס,Unknown,0.00,Unknown,false,1,35.90,35.90,true,1,
7290115190038,false,סיגריות מרלבורו רד קצר סופט,פיליפ מוריס,,מרלבורו רד קצר סופט,Unknown,0.00,Unknown,false,1,33.90,33.90,true,1,
7290115190052,false,סיגריות מרלבורו מדיום פלייבור מיקס,פיליפ מוריס,,מרלבורו פלייבור מיקס,Unknown,0.00,Unknown,false,1,35.90,35.90,true,1,
7290115190076,false,סיגריות מרלבורו גולד ארוך 100 בוקס,פיליפ מוריס,,מרלבורו גולד 100 חפי,Unknown,0.00,Unknown,false,1,35.90,35.90,true,1,
7290115190090,false,סיגריות מרלבורו גולד קצר בוקס,פיליפ מוריס,,מרלבורו גולד קצר,Unknown,0.00,Unknown,false,1,35.90,35.90,true,1,
7290115190113,false,מרלבורו גולד קצר קופסא סופט,פיליפ מוריס,,מרלבורו גולד קצר סופ,Unknown,0.00,Unknown,false,1,33.90,33.90,true,1,
7290115190137,false,מלבורו פיין טאצ 7.1 חפיסה,פיליפ מוריס,,מלבורו פיין טאצ 7.1,יחידה,1.00,יחידה,false,1,31.90,31.90,true,1,
7290115190151,false,מלבורו גולד טאצ 7.1 חפיסה,פיליפ מוריס,,מלבורו גולד טאצ 7.1,יחידה,1.00,יחידה,false,1,31.90,31.90,true,1,
7290115190199,false,סיגריות פרלמנט (חפיס,פיליפ מוריס,,פרלמנט ארוך RCB חפיס,Unknown,0.00,Unknown,false,1,41.00,41.00,true,1,
7290115190212,false,פרלמנט ארוך בלו RCB קופסא,פיליפ מוריס,,פרלמנט ארוך בלו RCB,Unknown,0.00,Unknown,false,1,41.00,41.00,true,1,
7290115190236,false,סיגריות פרלמנט קצר בלו,פיליפ מוריס,,פרלמנט קצר בלו חפיסה,Unknown,0.00,Unknown,false,1,41.00,41.00,true,1,
7290115190250,false,סיגריות פרלמנט נייטP,פיליפ מוריס,,פרלמנט נייט PP חפיסה,Unknown,0.00,Unknown,false,1,41.00,41.00,true,1,
7290115190274,false,סיגריות פרלמנט סילבר,פיליפ מוריס,,פרלמנט סילבר חפיסה,Unknown,0.00,Unknown,false,1,41.00,41.00,true,1,
7290115190335,false,ל.מ.בלו לייבל ארוך בוקס חפיסה,פיליפ מוריס,,ל.מ.בלו לייבל ארוך ב,Unknown,0.00,Unknown,false,1,31.90,31.90,true,1,
7290115190342,false,LM בלו לייבל קצר פאקט,פיליפ מוריס,,ל.מ בלו PP קרטוש,Unknown,0.00,Unknown,false,1,315.00,315.00,true,1,
7290115190359,false,L&M בלו לייבל קצר-חפיסה,פיליפ מוריס,,L&M בלו לייבל קצר-חפ,Unknown,0.00,Unknown,false,1,31.90,31.90,true,1,
7290115190373,false,סיגריות ל.מ. קפסולהP,פיליפ מוריס,,ל.מ.פורוורד חפיסה,Unknown,0.00,Unknown,false,1,31.90,31.90,true,1,
7290115190434,false,סיגריות LM לייט וייב סלימס,פיליפ מוריס,IL,ל.מ וייב PP חפיסה,Unknown,0.00,Unknown,false,1,31.90,31.90,true,1,
7290115190458,false,סיגריות נקסט אדג בוד,פיליפ מוריס,,נקסט ארג חפיסה,Unknown,0.00,Unknown,false,1,24.90,24.90,true,1,
7290115190496,false,סיגריות נקסט פיין 10,פיליפ מוריס,IL,נקסט פיין 100 חפיסה,Unknown,0.00,Unknown,false,1,29.90,29.90,true,1,
7290115190519,false,סיגריות נקסט פיין חפ,פיליפ מוריס,,נקסט חפיסה,Unknown,0.00,Unknown,false,1,29.90,29.90,true,1,
7290115190571,false,סיגריות נקסט לילךPP,פיליפ מוריס,,נקסט לילך PP חפיסה,Unknown,0.00,Unknown,false,1,29.90,29.90,true,1,
7290115190595,false,סיגריות נקסט אוריגינ,פיליפ מוריס,,נקסט FF חפיסה,Unknown,0.00,Unknown,false,1,29.90,29.90,true,1,
7290115191035,false,מרלבורו סאמר ספלאש קופסא,פיליפ מוריס,RS,מרלבורו סאמר ספלאש ח,יחידה,1.00,יחידה,false,1,28.90,28.90,true,1,
7290115200003,false,אסם פתי בר פינוקי וניל 220 גרם,תאי פרזידנט פוד פאבל,PL,אסם פתי בר פינוקי ונ,גרמים,220.00,100 גרם,false,1,10.90,4.95,true,1,
7290115200027,false,אסם פתי בר פינוקי שוקו 220 גרם,DR GERARD,IL,אסם פתי בר פינוקי שו,גרמים,220.00,100 גרם,false,1,10.90,4.95,true,1,
7290115200881,false,בייגלה אסם שטוחים שומשום במליחות מעודנת 300 גר,,IL,בייגלה שטוחים שומשום,גרמים,300.00,100 גרם,false,1,10.90,3.63,true,1,
7290115201680,false,ביסלי ברביקיו 70 גרם,"אסם השקעות בע""מ",IL,ביסלי ברביקיו 70 גרם,גרמים,70.00,100 גרם,false,1,4.40,6.29,true,1,
7290115201703,false,ביסלי בטעם ברביקיו 200 ג' אסם,מיוצר עי קונדיטוריית,IL,ביסלי ברביקיו 200 גר,גרמים,200.00,100 גרם,false,1,7.50,3.75,true,1,
7290115201727,false,ביסלי בטעם בצל 200 ג' אסם,מיוצר עי קונדיטוריית,IL,ביסלי בצל 200 גרם,גרמים,200.00,100 גרם,false,1,7.50,3.75,true,1,
7290115201741,false,ביסלי בטעם בצל 70 גרם,"אסם השקעות בע""מ",IL,ביסלי בטעם בצל 70 גר,גרמים,70.00,100 גרם,false,1,4.40,6.29,true,1,
7290115202236,false,טבעול טופו קראנצים 470 גרם,טבעול,IL,טופו קראנצ טבעול 470,גרמים,470.00,100 גרם,false,1,36.50,7.77,true,1,
7290115202434,false,צבר סלט חומוס עם זעתר 375 גרם,ג'נרל מילס סאן אדריא,IL,חומוס עם זעתר צבר 37,גרמים,375.00,100 גרם,false,1,11.90,3.17,true,1,
7290115203172,false,במבה אסם 80 גרם PRO,"אסם השקעות בע""מ",IL,במבה פרו 80 גרם,גרמים,80.00,100 גרם,false,1,4.30,5.38,true,1,
7290115203486,false,אסם פירורית בטעם ביסלי גריל 200 גרם,קיבוץ עינת,IL,אסם פירורית בטעם ביס,גרמים,200.00,100 גרם,false,1,6.40,3.20,true,1,
7290115204056,false,אסם קטשופ 56% פחות סוכר 690 גרם,אסם,IL,קטשופ אסם מופחת סוכר,גרמים,690.00,100 גרם,false,1,10.90,1.58,true,1,
7290115205022,false,אוסם - שקדי מרק מקלונים 350 גרם,אסם,IL,אסם שקדי מרק מקלונים,גרמים,350.00,100 גרם,false,1,10.00,2.86,true,1,
7290115205176,false,פיטנס - קרקר דק כפרי פיטנס 140 גרם,אסם יקנעם,IL,פיטנס קרקר כפרי 140,גרמים,140.00,100 גרם,false,1,11.90,8.50,true,1,
7290115205251,false,פיטנס בר פריכיות קרמל מלוח 84 גרם,,,פיטנס בר פריכיות קרמ,גרמים,84.00,100 גרם,false,1,12.90,15.36,true,1,
7290115205312,false,פיטנס - קרקר דק זיתי קלמטה 140 גרם,"אסם השקעות בע""מ",IL,פיטנס קרקר זיתים 140,גרמים,140.00,100 גרם,false,1,11.90,8.50,true,1,
7290115205633,false,"טבעול סנסשיונל נקניקיות, 350 גרם",,IL,טבעול סנסשיונל נקניק,גרמים,350.00,100 גרם,false,1,27.90,7.97,true,1,
7290115207620,false,"רוטב בסגנון סויה קלאסי 290 מ""ל אסם",,,אסם רוטב בסגנון סויה,מיליליטרים,290.00,"100 מ""ל",false,1,16.70,5.76,true,1,
7290115207682,false,"אסם רוטב בסגנון סויה סיני 290 מ""ל",,IL,אסם רוטב בסגנון סויה,מיליליטרים,290.00,"100 מ""ל",false,1,13.50,4.66,true,1,
7290115208009,false,ויטמינצ'יק תרכיז ענבים 1 ליטר,בית-השיטה עסיס תעשיו,IL,סירופ ויטמינציק ענבי,מיליליטרים,1000.00,"100 מ""ל",false,1,21.90,2.19,true,1,
7290115208047,false,ויטמינצ'יק תרכיז פטל 1 ליטר,בית-השיטה עסיס תעשיו,IL,סירופ ויטמינציק פטל,מיליליטרים,1000.00,"100 מ""ל",false,1,21.90,2.19,true,1,
7290115208320,false,אפרופו בטעם ביסלי בצל 50ג' אסם,"אסם השקעות בע""מ",IL,אפרופו בטעם ביסלי בצ,גרמים,50.00,100 גרם,false,1,5.00,10.00,true,1,
7290115208344,false,אסם בייגלה כפיות שמנת בצל 300 גרם,,,אסם בייגלה כפיות שמנ,גרמים,300.00,100 גרם,false,1,10.90,3.63,true,1,
7290115208801,false,לחמית דבש ואגוזים 190ג אסם,אסם,IL,לחמית דבש ואגוזים 19,גרמים,190.00,100 גרם,false,1,9.90,5.21,true,1,
7290115208849,false,מנה חמה פירה עם בטטה 51ג' אסם,אסם,IL,מנה חמה פירה עם בטטה,גרמים,51.00,100 גרם,false,1,8.30,16.27,true,1,
7290115209198,false,במבה אורירית 80 ג' אסם,אסם השקעות בעמ,IL,במבה אורירית 80 גרם,גרמים,80.00,100 גרם,false,1,4.30,5.38,true,1,
7290115209235,false,פתי בר קפה 500 גרם אסם,אסם,IL,אסם פתי בר קפה 500 ג,גרמים,500.00,100 גרם,false,1,13.90,2.78,true,1,
7290115250503,false,קרקר כוסמין שום ועשבי תיבול שקית 225 גרם,פת במלח,IL,קרקר כוסמין שום ועשב,גרמים,225.00,100 גרם,false,1,26.50,11.78,true,1,
7290115252330,false,וירו מנת קינואה ספרדי 470 גרם,,,וירו מנת קינואה ספרד,גרמים,470.00,100 גרם,false,1,15.90,3.38,true,1,
7290115252354,false,וירו מנת קינואה ים תיכוני 470 גרם,,,וירו מנת קינואה ים ת,גרמים,470.00,100 גרם,false,1,15.90,3.38,true,1,
7290115259186,false,טופי אספרסו בעבודת יד 100 גרם,,IL,טופי אספרסו בעבודת י,גרמים,100.00,100 גרם,false,1,21.90,21.90,true,1,
7290115671155,false,שלישיית סוכריות FRESH ענבים 45 ג' בזוקה,,,שלישיית סוכריות ענבי,גרמים,45.00,100 גרם,false,1,9.50,21.11,true,1,
7290115671308,false,"מסטיק מאסט פאן תות דובדבן, 58 גרם",אסקום קונפשטיין,DE,מאסט פאן תות דובדבן,גרמים,58.00,100 גרם,false,1,9.90,17.07,true,1,
7290115671339,false,מיני פינוקיות בראוניז בייגל בוטן עלית 180 ג' עלית,הגביע מוצרי ופלים בע,IL,מיני פינוקיות בראוני,גרמים,180.00,100 גרם,false,1,12.50,6.94,true,1,
7290115671353,false,עוגיות מיני פינוקיות שחור לבן 180 גרם,,,מיני פינוקיות שחור ל,גרמים,180.00,100 גרם,false,1,12.50,6.94,true,1,
7290115675559,false,מארז קפה טורקי לדרך 70ג' עלית,שטראוס קפה בי.וי.,IL,מארז טורקי לדרך 70 ג,גרמים,70.00,100 גרם,false,1,9.40,13.43,true,1,
7290115675696,false,קוואקר אגוזים 375 גר 6 יח Cruesli,וויטפול,IL,קוואקר אגוזים 375 ג,גרמים,375.00,100 גרם,false,1,17.90,4.77,true,1,
7290115675986,false,מעדן דנונה בר עם אגוזים מקורמלים 173 גרם,"שטראוס בריאות בע""מ",IL,דנונה בר אגוזים מקור,גרמים,180.00,100 גרם,false,1,4.60,2.56,true,1,
7290115676051,false,"משקה אקטיביה עם ש""ש מתיקות מעודנת 265 ג' דנונה",מיוצר עי קונדיטוריית,IL,משקה אקטיביה ש. שועל,גרמים,265.00,100 גרם,false,1,6.00,2.26,true,1,
7290115676082,false,משקה יוגורט בטעם תות פרו 20 דנונה 255 ג',"שטראוס בריאות בע""מ.",IL,משקה דנונה פרו 20 תו,מיליליטרים,265.00,"100 מ""ל",false,1,7.90,2.98,true,1,
7290115677140,false,תפוצ'יפס WAVY פפריקה 200 גרם,שטראוס פריטו ליי בע”,IL,תפוציפס פפריקה 200 ג,גרמים,200.00,100 גרם,false,1,9.90,4.95,true,1,
7290115678376,false,מעדן הגולן שוקולד 125 גרם,מיוצר עי קונדיטוריית,IL,מעדן הגולן שוקולד,גרמים,125.00,100 גרם,false,1,3.30,2.64,true,1,
7290115678383,false,מעדן הגולן שוקולד מריר 125 גרם,מיוצר עי קונדיטוריית,IL,מעדן הגולן שוקולד,גרמים,125.00,100 גרם,false,1,3.30,2.64,true,1,
7290115679960,false,ציטוס פופקורן בטעם טבעי 60 ג 24 יח,"שטראוס פריטו ליי בע""",IL,ציטוס פופקורן בטעם ט,גרמים,60.00,100 גרם,false,1,4.40,7.33,true,1,
7290116530000,false,"דאב - תרחיץ פנים מרענן בניחוח מלפפון ותה ירוק 180 מ""ל",,IL,תרחיץ פנים דאב מרענן,מיליליטרים,180.00,"100 מ""ל",false,1,16.90,9.39,true,1,
7290116530062,false,הלמנס רוטב ויניגרט לסלט 295 גרם,,IL,הלמנס רוטב ויניגרט ל,גרמים,295.00,100 גרם,false,1,14.60,4.95,true,1,
7290116531069,false,מרק בצל רכיבים טבעיים קטן 225 ג' קנור,יוניליוור ישראל מזון,IL,מרק בצל קנור 225 גרם,גרמים,225.00,100 גרם,false,1,19.80,8.80,true,1,
7290116531083,false,"דגני ברנפלקס דבש ושקדים ללת""ס 400 גרם",יוניליוור שפע ישראל,IL,דגני ברנפלקס דבש ושק,גרמים,400.00,100 גרם,false,1,20.90,5.23,true,1,
7290116531557,false,"פריכיות פתית תירס עם מלח 150 גרם כשל""פ",,PL,מאגדת פתית פריכיות ת,גרמים,150.00,100 גרם,false,1,13.90,9.27,true,1,
7290116531762,false,בדין - דפים למייבש כביסה ורוד 40 יחידות,,US,בדין נייר למייבש ורו,Unknown,0.00,Unknown,false,1,18.30,18.30,true,1,
7290116531779,false,בדין - דפים למייבש כביסה כחול 40 יחידות,,US,בדין נייר מרכך למיי,Unknown,0.00,Unknown,false,1,18.30,18.30,true,1,
7290116531793,false,הלמנס רוטב לסלט קיסר 295 גרם,יוניליוור ישראל מזון,IL,הלמנס רוטב לסלט קיסר,גרמים,295.00,100 גרם,false,1,14.60,4.95,true,1,
7290116531908,false,"קנור רוטב מרינדה לעל האש 340 מ""ל",,IL,רוטב קנור מרינדה לגר,מיליליטרים,340.00,"100 מ""ל",false,1,10.90,3.21,true,1,
7290116531977,false,"דאו ספריי סקייט וורדים 150 מ""ל אקס",יוניליוור,GB,דאו אקס ספריי סקייט,מיליליטרים,150.00,"100 מ""ל",false,1,20.90,13.93,true,1,
7290116532585,false,ברנפלקס קרנצים דבש וקינמון 375 גרם,יוניליוור שפע ישראל,IL,ברנפלקס קרנצים דבש ו,גרמים,375.00,100 גרם,false,1,20.90,5.57,true,1,
7290116532721,false,רוטב הלמנס ישראלי לסלט לימון וזעתר 305 ג,,IL,הלמנס רוטב לסלט לימו,גרמים,295.00,100 גרם,false,1,14.60,4.95,true,1,
7290116930282,false,ארוחה בקטנה לאבנה עם קרקרים 150ג' תנובה,תנובה,IL,ארוחה בקטנה לאבנה עם,גרמים,150.00,100 גרם,false,1,7.90,5.27,true,1,
7290116930435,false,יוגורט סמיך 0% דובדבן יופלה 200 ג' GO,"תנובה בע""מ",IL,יוגורט גו סמיך דובדב,מיליליטרים,200.00,"100 מ""ל",false,1,6.20,3.10,true,1,
7290116930626,false,ארוחה בקטנה ציזיקי עם קרקרים 150ג' תנובה,תנובה,IL,ארוחה בקטנה ציזיקי ע,גרמים,150.00,100 גרם,false,1,7.90,5.27,true,1,
7290116930657,false,משקה חלב גו בטעם בננה תמר עם ש. שועל 340,"תנובה בע""מ",IL,משקה חלב גו בטעם בננ,מיליליטרים,340.00,"100 מ""ל",false,1,8.90,2.62,true,1,
7290116930701,false,מעדן חלב גו בטעם קרמל מלוח 12 גרם חלבון,תנובה בעמ,IL,מעדן חלב go בטעם קרמ,גרמים,120.00,100 גרם,false,1,5.10,4.25,true,1,
7290116930718,false,מעדן תנובה דיאט בטעם שוקולד וקרמל מלוח 0% 150ג' תנובה,"תנובה בע""מ",IL,מעדן תנובה דיאט שוקו,מיליליטרים,150.00,"100 מ""ל",false,1,4.50,3.00,true,1,
7290116930725,false,סויה BIO קוקוס גביע Alternative 150 גרם,תנובה בעמ,IL,סויה BIO קוקוס גביע,גרמים,150.00,100 גרם,false,1,4.80,3.20,true,1,
7290116930954,false,יוגורט טעם פאי תפוחים 3% 150 ג' יופלה,"תנובה בע""מ",IL,יופלה בטעם פאי תפוחי,גרמים,150.00,100 גרם,false,1,5.20,3.47,true,1,
7290117260104,false,חטיף גבינה לבנה בטעם תות שדה בציפוי שוקו,,,חטיף גבינה לבנה בטעם,גרמים,15.00,100 גרם,false,1,14.90,99.33,true,1,
7290117260487,false,"ניוקי תפו""א מצונן 500 גרם ויליפוד",,,ניוקי תפוח אדמה מצונ,גרמים,500.00,100 גרם,false,1,15.90,3.18,true,1,
7290117260494,false,"ניוקי תפו""א מצונן 3 צבעים 500 גרם ויליפוד",,,ניוקי תפוח אדמה 3 צב,גרמים,500.00,100 גרם,false,1,15.90,3.18,true,1,
7290117260500,false,"מיני ניוקי תפו""א מצונן 500 גרם ויליפוד",,,מיני ניוקי תפוח אדמה,גרמים,500.00,100 גרם,false,1,15.90,3.18,true,1,
7290117260562,false,EURO חמאה בגביע 225 גרם,,TR,חמאה בגביע 225 גרם,גרמים,225.00,100 גרם,false,0,16.90,7.51,true,1,
7290117260906,false,פופקורן בציפוי בטעם פירות 90 גרם,אלאלסי,UA,פופקורן בציפוי בטעם,גרמים,90.00,100 גרם,false,1,8.30,9.22,true,1,
7290117260913,false,פופקורן בציפוי בטעם שוקולד 90 גרם,,,פופקורן בציפוי בטעם,גרמים,90.00,100 גרם,false,1,8.30,9.22,true,1,
7290117261002,false,זיתי קלמטה במי מלח וילי פוד 350 גר,,TR,זיתי קלמטה במי מלח ו,גרמים,350.00,100 גרם,false,1,8.90,2.54,true,1,
7290117261040,false,זיתים שחורים מרינד 454 ג' ויליפוד,,GR,זיתים שחורים מרינד ב,גרמים,454.00,100 גרם,false,1,20.50,4.52,true,1,
7290117261385,false,גבינת פטה לייט 500 גרם 8% שומן מחלבת איר,באלבן גידה סנאי,TR,גבינת פטה לייט 500 ג,גרמים,500.00,100 גרם,false,0,26.90,5.38,true,1,
7290117261590,false,סרדינים בריסלינג מעושנים בשמן זית 129 גרם,,LV,סרדינים בריסלינג מעו,גרמים,185.00,100 גרם,false,1,13.90,7.51,true,1,
7290117261668,false,לבנה בסגנון יווני טבעוני 200 גרם,,GR,לבנה בסגנון יווני טב,גרמים,200.00,100 גרם,false,1,14.90,7.45,true,1,
7290117261910,false,מיקס מגורד לפיצה מחלבות אירופה 300 גרם,,,מיקס מגורד לפיצה מחל,גרמים,300.00,100 גרם,false,1,15.90,5.30,true,1,
7290117261989,false,גבינת מנורי רכה מחלב צאן 43% שומן 170 גרם,,GR,גבינת מנוריי רכה מחל,גרמים,70.00,100 גרם,false,1,16.90,24.14,true,1,
7290117262221,false,"משקה יוגורט פרוביוטי עם אננס 200מ""ל 2.3%שומן יורו",,TR,משקה יוגורט פרוביוטי,מיליליטרים,200.00,"100 מ""ל",false,1,6.20,3.10,true,1,
7290117262238,false,"משקה יוגורט פרוביוטי עם תות שדה 200מ""ל 2.3%שומן יורו",,TR,משקה יוגורט עם תות ש,מיליליטרים,200.00,"100 מ""ל",false,1,6.20,3.10,true,1,
7290117262245,false,"משקה יוגורט פרוביוטי עם אפרסק ומשמש 200מ""ל 2.3%שומן יורו",,TR,משקה יוגורט עם אפרסק,מיליליטרים,200.00,"100 מ""ל",false,1,6.20,3.10,true,1,
7290117380192,false,חטיף פוף קראנץ בטעם גריל 60 גרם,מנה,IL,חטיף פוף קראנץ בטעם,גרמים,60.00,100 גרם,false,1,4.60,7.67,true,1,
7290117380215,false,חטיף פוף קראנץ בטעם טאקו 60 גרם,מנה,IL,חטיף פוף קראנץ בטעם,גרמים,60.00,100 גרם,false,1,4.60,7.67,true,1,
7290117823798,false,בדיקה עצמית מהירה לזיהוי אנטיגן 5 יח,,CN,בדיקה מהירה 5 יח,Unknown,0.00,Unknown,false,1,39.90,39.90,true,1,
7290117900949,false,בוטנים מצופים אמריקאים 250 גרם,,IL,בוטנים מצופים אמריקא,גרמים,250.00,100 גרם,false,1,10.00,4.00,true,1,
7290117900963,false,בוטנים קלויים 270 גרם,,IL,בוטנים קלויים 270 גר,גרמים,270.00,100 גרם,false,1,10.00,3.70,true,1,
7290117900970,false,שקדים קלויים 180 גרם,,IL,שקדים קלויים 180 גרם,גרמים,180.00,100 גרם,false,1,15.90,8.83,true,1,
7290117900987,false,אגוזי פקאן קלוף 140 גרם,,IL,אגוזי פקאן קלוף 140,גרמים,140.00,100 גרם,false,1,15.90,11.36,true,1,
7290117900994,false,פקאן סיני מסוכר 140 גרם,,IL,פקאן סיני מסוכר 140,גרמים,140.00,100 גרם,false,1,15.00,10.71,true,1,
7290117901007,false,פיסטוקים קלויים 130 גרם,,IL,פיסטוקים קלויים 130,גרמים,130.00,100 גרם,false,1,15.00,11.54,true,1,
7290117901014,false,קשיו קלוי 160 גרם,,IL,קשיו קלוי 160 גרם,גרמים,160.00,100 גרם,false,1,15.00,9.38,true,1,
7290117901021,false,קבוקים בוטנים מצופים עם שומשום 220 גרם,,IL,קבוקים בוטנים מצופים,גרמים,220.00,100 גרם,false,1,10.00,4.55,true,1,
7290117901038,false,אגוזי מלך קלופים 190 גרם,,IL,אגוזי מלך קלופים 190,גרמים,190.00,100 גרם,false,1,15.00,7.89,true,1,
7290117901045,false,בוטן רביולי 200 גרם,,IL,בוטן רביולי 200 גרם,גרמים,200.00,100 גרם,false,1,15.00,7.50,true,1,
7290117901052,false,שקדים קלופים 180 גרם,,IL,שקדים קלופים 180 גרם,גרמים,180.00,100 גרם,false,1,15.00,8.33,true,1,
7290118350361,false,כוסות לשתיה קרה 50 יחידות,,,כוסות לשתיה קרה 50 י,Unknown,0.00,Unknown,false,1,5.50,5.50,true,1,
7290118420071,false,במבה ביסלי ברביקיו מיקס 80ג' אסם,"אסם השקעות בע""מ",IL,במבה ביסלי ברביקיו מ,גרמים,80.00,100 גרם,false,1,4.30,5.38,true,1,
7290118420378,false,אסם פתי בר פינוקים תותים ושמנת 220 גרם,דר גררד,IL,אסם פתי בר פינוקים ת,גרמים,220.00,100 גרם,false,1,10.90,4.95,true,1,
7290118420477,false,אסם בייגלה שטוחים בטעם ביסלי בצל 300 גר,אסם,IL,אסם בייגלה שטוחים בט,גרמים,300.00,100 גרם,false,1,10.90,3.63,true,1,
7290118490012,false,חסה לליק,,,חסה לליק,Unknown,0.00,Unknown,false,1,14.90,14.90,true,1,
7291044035018,false,רב שקע 4 + כבל עד 3מ,,,רב שקע 4 + כבל עד 3מ,Unknown,0.00,Unknown,false,1,25.90,25.90,true,1,
7291044081275,false,זוג נו לד WW 10W E27,,,זוג נו לד WW 10W E27,Unknown,0.00,Unknown,false,1,15.90,15.90,true,1,
7291044081282,false,נורת לד DL 12W E27 A,,,נורת לד DL 12W E27 A,Unknown,0.00,Unknown,false,1,8.90,8.90,true,1,
7291044081299,false,נורת לד WW 12W E27 A,,,נורת לד WW 12W E27 A,Unknown,0.00,Unknown,false,1,8.90,8.90,true,1,
7291044081305,false,זוג נורות לד DL 12W E27 A60 SAFETY,,,זוג נו לד DL 12W E27,Unknown,0.00,Unknown,false,1,17.90,17.90,true,1,
7291044086126,false,רב שקע 3 עד 1מ+מפסק+,,,רב שקע 3 עד 1מ+מפסק+,Unknown,0.00,Unknown,false,1,59.90,59.90,true,1,
7291044086133,false,רב שקע 3 עד 1מ+מפסק+,,,רב שקע 3 עד 1מ+מפסק+,Unknown,0.00,Unknown,false,1,59.90,59.90,true,1,
7291044124484,false,SEMICOM מפצל חשמל 1 ל 4 מאונך תפזורת,,,SEMICOM מפצל חשמל 1,Unknown,0.00,Unknown,false,1,11.90,11.90,true,1,
7293738623594,false,מסיכת שיער,,,מסיכת שיער,Unknown,0.00,Unknown,false,1,54.90,54.90,true,1,
7293738625437,false,שמן ארומטי-לבנדר,,,שמן ארומטי-לבנדר,Unknown,0.00,Unknown,false,1,29.90,29.90,true,1,
7293738625536,false,שמן ארומטי-נרולי בחוחובה,,,שמן ארומטי-נרולי בחו,Unknown,0.00,Unknown,false,1,49.90,49.90,true,1,
7296150000028,false,עלי גפן ממולאים באורז 425 גר,אקמאר,TR,עלי גפן ממולאים באור,גרמים,425.00,100 גרם,false,1,14.90,3.51,true,1,
7297488098169,false,דגש קמח תירס ללא גלו,תבליני העליון 2007 ב,IL,קמח תירס 500 גרם,גרמים,500.00,100 גרם,false,1,10.90,2.18,true,1,
7297488098190,false,קמח אורז מלא ללא גלו,אף.סי תבליני בגליל ב,IL,קמח אורז מלא 500 גרם,גרמים,500.00,100 גרם,false,1,15.90,3.18,true,1,
7297488098305,false,קמח שקדים דגש 250 גרם,תות תעשיות מזון (201,IL,קמח שקדים דגש 250 גר,גרמים,250.00,100 גרם,false,1,26.90,10.76,true,1,
7297488099760,false,עוגיות בטעם חלבה 250 גרם,,,עוגיות בטעם חלבה 250,גרמים,250.00,100 גרם,false,1,28.90,11.56,true,1,
7297488099777,false,עוגיות בטעם קאשיו 250 גרם,,,עוגיות בטעם קאשיו,גרמים,250.00,100 גרם,false,1,28.90,11.56,true,1,
7297488099821,false,גרנולה ללא תוספת סוכר 250 גרם,תות תעשיות מזון (201,IL,גרנולה ללא תוספת סוכ,גרמים,250.00,100 גרם,false,1,15.90,6.36,true,1,
7297488099890,false,פרוסות בסגנון קלאסי מופחתת שומן טבעוני 200 גרם,"טרופיקל דגיל בע""מ אז",IL,פרוסות בסגנון קלאסי,גרמים,200.00,100 גרם,false,1,22.90,11.45,true,1,
7297488099951,false,מלוחה 5% טבעונית 250 גרם,"טרופיקל דגיל בע""מ אז",IL,מלוחה 5% טבעונית 250,גרמים,250.00,100 גרם,false,1,22.90,9.16,true,1,
7297488199620,false,פצפוצי אורז מלא 450 גרם דגש,תירפז בעמ,IL,פצפוצי אורז מלא 450,גרמים,450.00,100 גרם,false,1,24.90,5.53,true,1,
7312040017683,false,וודקה אבסולוט בקבוק,חברת אבסולוט,SE,"וודקה אבסולוט 700 מ""",מיליליטרים,700.00,"100 מ""ל",false,1,56.90,8.13,true,1,
7350041950110,false,"ליקר שרי הירינג 700 מ""ל",siebrand,NL,ליקר שרי הירינג 700,מיליליטרים,700.00,"100 מ""ל",false,1,114.90,16.41,true,1,
7350075690044,false,THE HUMBLE - מברשת שיניים במבוק למבוגר סיבים - לבן,,,מברשת שיניים HUMBLE,יחידה,1.00,יחידה,false,1,22.50,22.50,true,1,
7350075691577,false,"משחת שיניים טבעית קוקוס 75 מ""ל HUMBLE",,,משחת שיניים טבעית קו,מיליליטרים,75.00,"100 מ""ל",false,1,26.90,35.87,true,1,
7350075692734,false,THE HUMBLE - קיסם חוט דנטלי כפול 50 יחידות,,,HUMBLE קיסם וחוט דנט,Unknown,0.00,Unknown,false,1,20.90,20.90,true,1,
7390100678258,false,פונפון מסיבות,,,פונפון מסיבות,Unknown,0.00,Unknown,false,1,13.90,13.90,true,1,
7393714507020,false,קופרברג סיידר תות ליים 4.5% בקבוק 330 מ,,SE,קופרברג סיידר תות לי,מיליליטרים,330.00,"100 מ""ל",false,1,8.90,2.70,true,1,
7393714508102,false,"קופרברג סיידר אגסים 4.5% בקבוק 330 מ""ל",,SE,קופרברג סיידר אגסים,מיליליטרים,330.00,"100 מ""ל",false,1,8.90,2.70,true,1,
7394376123337,false,"משקה שיבולת שועל אורגני אוטלי , 1 ל'",טרנסומס פוד איי.בי,SE,משקה ש.שועל אורגני 1,מיליליטרים,1000.00,"100 מ""ל",false,1,13.90,1.39,true,1,
7394376615825,false,"אוטלי משקה שיבולת שועל בתוספת סידן וויטמינים , 1 ל'",,SE,משקה ש.שועל מועשר בס,מיליליטרים,1000.00,"100 מ""ל",false,1,13.90,1.39,true,1,
7441000720605,false,לבבות דקל(צנצנת)410 גרם,אינקופלמיטו אס. אי,EC,לבבות דקל(צנצנת)410,גרמים,410.00,100 גרם,false,1,16.90,4.12,true,1,
7501013101348,false,"נקטר 100% JUMEX מנגו 473 מ""ל",חומקס קומר קומרסאליז,MX,גומקס נקטר מנגו 473,מיליליטרים,473.00,"100 מ""ל",false,1,9.50,2.01,true,1,
7501013101355,false,"נקטר אפרסק ג'ומקס 473 מ""ל",חומקס קומר קומרסאליז,MX,גומקס נקטר אפרסק 473,מיליליטרים,473.00,"100 מ""ל",false,1,9.50,2.01,true,1,
7501013101393,false,"נקטר 100% JUMEX אננס 473 מ""ל",חומקס קומר קומרסאליז,MX,גומקס משקה אננס 473,מיליליטרים,473.00,"100 מ""ל",false,1,9.50,2.01,true,1,
7501013122039,false,ג'ומקס נקטר מנגו קרטונית 1 ליטר,חומקס קומר קומרסאליז,MX,גומקס נקטר מנגו,מיליליטרים,1000.00,"100 מ""ל",false,1,11.10,1.11,true,1,
7501013122114,false,"נקטר משקה אננס בקרטונית ג'ומקס, 1 ל'",חומקס קומר קומרסאליז,MX,גומקס משקה אננס קרטו,מיליליטרים,1000.00,"100 מ""ל",false,1,11.10,1.11,true,1,
7501013122190,false,ג'ומקס משקה תפוחים קרטונית 1 ליטר,חומקס קומר קומרסאליז,MX,גומקס משקה תפוחים קר,מיליליטרים,1000.00,"100 מ""ל",false,1,11.10,1.11,true,1,
7501013122992,false,ג'ומקס משקה קוקוס אננס קרטונית 1 ליטר,חומקס קומר קומרסאליז,MX,גומקס משקה קוקוס אננ,מיליליטרים,1000.00,"100 מ""ל",false,1,11.10,1.11,true,1,
7501013138184,false,משקה יוניקו פרסקו חמוציות קרטונית 1 ליטר,חומקס קומר קומרסאליז,MX,יוניקו פרסקו משקה חמ,מיליליטרים,1000.00,"100 מ""ל",false,1,12.80,1.28,true,1,
7501049936945,false,"בירה סול שישייה בקבוק 330 מ""ל",היינקן,NL,בירה סול שישייה בקב,מיליליטרים,1980.00,"100 מ""ל",false,1,31.90,1.61,true,1,
7501064191466,false,"שישיית בירה קורונה 355 מ""ל בקבוק",,,שישיית בירה קורונה 3,מיליליטרים,2130.00,"100 מ""ל",false,1,29.90,1.40,true,1,
7503012779405,false,"סירופ אגבה כחולה 660 מ""ל",נוטריאגבס דה מקסיקו,MX,סירופ אגבה כחולה 660,מיליליטרים,660.00,"100 מ""ל",false,1,36.60,5.55,true,1,
7509546061160,false,קולגייט משחת שיניים לילדים מיניונים 75 מל,CP UK,MX,קולגייט מ. שיניים מי,Unknown,0.00,Unknown,false,1,15.90,15.90,true,1,
7509546666846,false,"קולגייט טוטאל משחת שיניים פחם 75 מ""ל",CP UK,MX,קולגייט טוטאל משחת,מיליליטרים,75.00,"100 מ""ל",false,1,21.90,29.20,true,1,
7594003626884,false,"רום דיפלומטיקו פלאנס 700 מ""ל",,US,רום דיפלומטיקו פלאנס,מיליליטרים,700.00,"100 מ""ל",false,1,149.90,21.41,true,1,
7610008005384,false,בונבוניירה רגוסה בלונד 400 גר,,CH,בונבוניירה רגוסה בלו,גרמים,400.00,100 גרם,false,1,62.90,15.73,true,1,
7610008059073,false,טבלת שוקולד רגוסה קלאסי עם שקדים 100 גר,,CH,טבלת שוקולד רגוסה קל,גרמים,100.00,100 גרם,false,1,18.10,18.10,true,1,
7610008059080,false,טבלת שוקולד רגוסה מריר עם שקדים 100 גר,,CH,טבלת שוקולד רגוסה מר,גרמים,100.00,100 גרם,false,1,18.10,18.10,true,1,
7610008059097,false,טבלת שוקולד רגוסה בלונד עם שקדים 100 גר,,CH,טבלת שוקולד רגוסה בל,גרמים,100.00,100 גרם,false,1,18.10,18.10,true,1,
7610008622000,false,טבלת קמיל בלוך מוס מריר 100 גר,,,טבלת קמיל בלוך מוס מ,גרמים,100.00,100 גרם,false,1,18.10,18.10,true,1,
7610008708506,false,בונבוניירה רגוסה מריר 400 גר,,CH,בונבוניירה רגוסה מרי,גרמים,400.00,100 גרם,false,1,62.90,15.73,true,1,
7610008709008,false,בונבוניירה רגוסה חלב 400 גר,,CH,בונבוניירה רגוסה חלב,גרמים,400.00,100 גרם,false,1,62.90,15.73,true,1,
7610100034084,false,שפורפרת מיונז טומי 265 גרם,נסטלה שוויץ ס.א,,מיונז טומי 265 גר,גרמים,265.00,100 גרם,false,1,11.90,4.49,true,1,
7610113000175,false,"רום בקרדי מוחיטו 700 מ""ל",בקרדי מרטיני,DE,רום בקרדי מוחיטו 700,מיליליטרים,700.00,"100 מ""ל",false,1,74.90,10.70,true,1,
7610113011652,false,"בקרדי בריזר תפוח 275 מ""ל",בקרדי בעמ,BE,בקרדי בריזר תפוח 275,מיליליטרים,275.00,"100 מ""ל",false,1,14.50,5.27,true,1,
7610113013250,false,"משקה כוהלי על בסיס רום בקרדי 250 מ""ל",בקרדי מרטיני,BE,משקה כוהלי על בסיס ר,מיליליטרים,250.00,"100 מ""ל",false,1,14.90,5.96,true,1,
7610400014632,false,לינדט שוקולד לבן 100 גרם,,,לינדט שוקולד לבן 100,גרמים,100.00,100 גרם,false,1,15.80,15.80,true,1,
7610400014649,false,לינדט שוקולד חלב 100 גרם,לינדט ושפרונגלי,,לינדט שוקולד חלב 100,גרמים,100.00,100 גרם,false,1,15.80,15.80,true,1,
7610400068369,false,לינדט שוקולד אגוזים 100 גרם,לינדט ושפרונגלי,,לינדט שוקולד אגוזים,גרמים,100.00,100 גרם,false,1,15.80,15.80,true,1,
7610400068505,false,בונבוניירה לינדור מילק 200 גרם,לינדט ושפרונגלי,,בונבוניירה לינדור מי,גרמים,200.00,100 גרם,false,1,22.90,11.45,true,1,
7610400068529,false,בונבוניירה לינדור אבורטד 200 גרם,לינדט ושפרונגלי,,בונבוניירה לינדור אב,גרמים,200.00,100 גרם,false,1,22.90,11.45,true,1,
7610400070577,false,לינדט אקסלנס צילי 100 גרם,,,לינדט אקסלנס צילי 1,גרמים,100.00,100 גרם,false,1,14.90,14.90,true,1,
7610400074155,false,לינדט שוקולד 60% 100 גרם,"לינדט ושפרונגלי, CH-",,לינדט שוקולד 60% 100,גרמים,100.00,100 גרם,false,1,15.80,15.80,true,1,
7610400075787,false,לינדט לה גרנד חלב אגוזים 150 גר,"לינדט ושפרונגלי, קיל",CH,לינדט לה גרנד חלב אג,גרמים,150.00,100 גרם,false,1,19.90,13.27,true,1,
7610400086202,false,לינדט לה גרנד בלו אנד קרנ 150 גר,,,לינדט לה גרנד בלו אנ,גרמים,150.00,100 גרם,false,1,19.90,13.27,true,1,
7610400091060,false,לינדט שוקולד אקסלנס אורנגי 100 גרם,לינדט ושפרונגלי,,לינדט שוקולד אקסלנס,גרמים,100.00,100 גרם,false,1,14.90,14.90,true,1,
7610700013083,false,סוכריות ריקולה ללא סוכר מרעננת 50 גר,,,סוכריות ריקולה ללא ס,גרמים,50.00,100 גרם,false,1,12.90,25.80,true,1,
7610700600863,false,סוכריות צמחים בפחית ריקולה 100 גרם,,CH,סוכריות צמחים בפחית,גרמים,100.00,100 גרם,false,1,18.90,18.90,true,1,
7610700607077,false,סוכריות ריקולה תפוז 50 גרם[כתום],,,סוכריות ריקולה דיאט,גרמים,50.00,100 גרם,false,1,12.90,25.80,true,1,
7610700612507,false,"ריקולה ס.קשות לל""ס בטעם מנטה לימון 45 גר",,CH,"ריקולה ס.קשות לל""ס ב",גרמים,45.00,100 גרם,false,1,10.50,23.33,true,1,
7610700612859,false,"ריקולה ס.קשות לל""ס בטעם פירות יער 45 גר",,CH,"ריקולה ס.קשות לל""ס ב",גרמים,45.00,100 גרם,false,1,10.50,23.33,true,1,
7610700612934,false,ריקולה ס.קשות ללא סוכר בטעם חמוציות 45 ג,,CH,ריקולה ס.קשות ללא סו,גרמים,45.00,100 גרם,false,1,10.50,23.33,true,1,
7613030979647,false,דגני בוקר טריקס פירות עולם היורה 480 ג',ג'נרל מילס סאן אדריא,IL,דגנים טריקס פירות עו,גרמים,480.00,100 גרם,false,1,25.50,5.31,true,1,
7613031241576,false,אפטר אייט מקלות שוקולד מנטה 125 גרם,,,אפטר אייט מקלות שוקו,גרמים,125.00,100 גרם,false,1,17.90,14.32,true,1,
7613032045753,false,פיטנס - דגני בוקר שוקולד 375 גרם,הנסיך- מפעל לייצור ט,FR,פיטנס שוקולד 375 ג,גרמים,375.00,100 גרם,false,1,19.90,5.31,true,1,
7613033548192,false,פיטנס - דגני בוקר שוקולד מריר 375 גרם,הנסיך- מפעל לייצור ט,FR,דגני בוקר פיטנס שוקו,גרמים,375.00,100 גרם,false,1,19.90,5.31,true,1,
7613035809123,false,פרפקטו רוטב עגבניות עם פלפלים 400 ג' אסם,נסטלה ספרד,ES,פרפקטו רוטב עגבניות,גרמים,400.00,100 גרם,false,1,11.40,2.85,true,1,
7613036314114,false,קפה נס קפה גולד 200 גר',,IL,נס קפה גולד 200 גרם,גרמים,200.00,100 גרם,false,1,45.90,22.95,true,1,
7613036576734,false,קרטיב חמשושים חדש נסטלה 60 גר,פרונרי איבריה ס.ל,ES,חמשושים 60 גר,גרמים,60.00,100 גרם,false,1,9.50,15.83,true,1,
7613036710879,false,קיט קט ציאנקי מיני 194 גרם,,DE,קיט קט ציאנקי מיני 1,גרמים,194.00,100 גרם,false,1,14.60,7.53,true,1,
7613037686906,false,פיטנס - דגני בוקר שקדים ודבש 355 גרם,הנסיך- מפעל לייצור ט,FR,דגני בוקר פיטנס שקדי,גרמים,375.00,100 גרם,false,1,19.90,5.31,true,1,
7613038268262,false,האני נאט ציריוס מופחת סוכר 410 גרם,סי. פי. צרפת,FR,האני נאט ציריוס מופח,גרמים,410.00,100 גרם,false,1,19.90,4.85,true,1,
7613039547731,false,גרבר מחית תפוח תפוח משמש פאוץ 16*90,כלורוקס אוקלנד,IL,מחית גרבר תפוח משמש,גרמים,90.00,100 גרם,false,1,6.90,7.67,true,1,
7613039880807,false,גרבר מחית תפוח גזר 190 גרם,,PL,מחית גרבר תפוח גזר 1,גרמים,190.00,100 גרם,false,1,7.80,4.11,true,1,
7613039881965,false,גרבר מחית גזר תפוח ומנגו 190 גר',,PL,מחית גרבר גזר תפוח מ,גרמים,190.00,100 גרם,false,1,7.80,4.11,true,1,
7613287186928,false,קפסולות סטארבקס ברקפסט רוסט 12 יח',,CH,סטארבקס קפסולות ברקפ,גרמים,56.00,100 גרם,false,1,21.90,39.11,true,1,
7613287302373,false,קפסולות סטארבקס איטלאן סטייל רוסט 57*10גר',,CH,קפסולות סטארבקס איטל,גרמים,55.00,100 גרם,false,1,21.90,39.82,true,1,
7613287457486,false,אפטר אייט מוחיטו ומנטה 200 גר,,,אפטר אייט מוחיטו ומנ,גרמים,200.00,100 גרם,false,1,15.20,7.60,true,1,
7613287476678,false,דגני בוקר סינימיניס צ'ורוס נסטלה 360 ג',נסטלה אוונקה,PT,סינימיניס צורוס 360,גרמים,360.00,100 גרם,false,1,24.60,6.83,true,1,
7613287579706,false,סמרטיז גדול כחול 120 גרם,,GB,סמרטיז גדול כחול 120,גרמים,120.00,100 גרם,false,1,9.90,8.25,true,1,
7613287821348,false,נתחוני עוף טבעוני סנסשיונל טבעול 350 ג',ג'נרל מילס סאן אדריא,CZ,טבעול נתחוני עוף סנס,גרמים,350.00,100 גרם,false,1,27.90,7.97,true,1,
7613287956675,false,נסטלה סלקשן מהדורת כריסמס 129.4 גר,,,נסטלה סלקשן מהדורת כ,גרמים,129.00,100 גרם,false,1,21.90,16.98,true,1,
7614500010013,false,טובלרון - שוקולד חלב קלאסי 100 גרם,,,טובלרון חלב 100 גר,גרמים,100.00,100 גרם,false,1,10.40,10.40,true,1,
7614500010310,false,שוקולד בר לבן 100 ג' טובלרון,,,טובלרון לבן 100 גר,גרמים,100.00,100 גרם,false,1,10.40,10.40,true,1,
7622010001858,false,אוראו ממולאות קרם וניל באטמן 176 גרם,פי אר ג'יי אס אי מנד,UA,אוראו ממולאות קרם ונ,גרמים,176.00,100 גרם,false,1,8.90,5.06,true,1,
7622201050757,false,שוקולד מילקה טבלת חלב עם קרמל 100 ג',,,שוקולד חלב עם קרמל מ,גרמים,100.00,100 גרם,false,1,6.90,6.90,true,1,
7622201137052,false,אוראו מיני קוקיס - עוגיות שוקולד צ'יפס ותחתית מצופה שוקולד חלב,מונדלז אספנה גלטאס פ,ES,מילקה מיני קוקיז 110,גרמים,110.00,100 גרם,false,1,8.90,8.09,true,1,
7622201401900,false,עוגיות מילקה סנסיישן אוראו 156 גרם,מונדלז פולסקה פרודקש,PL,עוגיות מילקה סנסיישן,גרמים,156.00,100 גרם,false,1,10.90,6.99,true,1,
7622201428723,false,קדבורי טיים אאוט שישייה 121.2 גרם,,,קדבורי טיים אאוט שיש,גרמים,121.00,100 גרם,false,1,11.40,9.42,true,1,
7622201713812,false,קדבורי טווירל חמישייה 107.5 גרם,,GB,קדבורי טווירל חמישיי,גרמים,108.00,100 גרם,false,1,10.90,10.09,true,1,
7622201781699,false,מילקה רוח רפאים שוקולד חלב שקית 120 גרם,,DE,מילקה רוח רפאים שוקו,גרמים,120.00,100 גרם,false,1,12.90,10.75,true,1,
7622201781729,false,מילקה רוח רפאים הלוואין ש.חלב 115 גרם,,DE,מילקה רוח רפאים הלוו,גרמים,115.00,100 גרם,false,1,14.90,12.96,true,1,
7622201781828,false,מילקה הלוואין קלפי שוקולד חלב 150 גרם,,DE,מילקה הלוואין קלפי ש,גרמים,150.00,100 גרם,false,1,14.90,9.93,true,1,
7622201784188,false,מילקה כדורי ש. חלב במילוי קרם ועוגות 90ג,,,מילקה כדורי ש. חלב ב,גרמים,90.00,100 גרם,false,1,10.90,12.11,true,1,
7622201784577,false,מילקה ביצי שוקולד במילוי קרם מרציפן 100 גרם,,,מילקה ביצי שוקולד במ,גרמים,100.00,100 גרם,false,1,13.90,13.90,true,1,
7622201801809,false,מילקה- שוק' חלב עם אגוזים 100 גר' חדש,מנדלז דויצ'לנד סנקס,DE,שוקולד אגוז מילקה 10,גרמים,100.00,100 גרם,false,1,6.90,6.90,true,1,
7622201802363,false,שוקולד מילקה טבלה חלב צימוקים ואגוזים 100ג',מנדלז דויצ'לנד סנקס,DE,שוקולד מילקה צימוק,גרמים,100.00,100 גרם,false,1,6.90,6.90,true,1,
7622201813390,false,עוגיות מילקה וואפל במילוי קרם קקאו 150 ג,מונדליז סי.אר. ביסקו,,עוגיות מילקה וואפל ב,גרמים,150.00,100 גרם,false,1,10.90,7.27,true,1,
7622201819170,false,שוקולד מילקה דרק שקדים 85 גרם,מונדלז דויטשלנד סנאק,DE,מילקה דרק שקדים 85,גרמים,85.00,100 גרם,false,1,7.90,9.29,true,1,
7622201819552,false,שוקולד מילקה דרק 85 גרם,מונדלז דויטשלנד סנאק,DE,מילקה דרק 85 גרם,גרמים,85.00,100 גרם,false,1,7.90,9.29,true,1,
7622201823733,false,עוגיות ת`ינס דקות 151 ג' מילקה,,ES,עוגיות מילקה תינס דק,גרמים,151.00,100 גרם,false,1,10.90,7.22,true,1,
7622210078131,false,מילקה שוקולד חלב במילוי קרם שמנת 100 ג',מנדלז דויצ'לנד סנקס,DE,שוקולד חלב עם דאיים,גרמים,100.00,100 גרם,false,1,6.90,6.90,true,1,
7622210117762,false,"קוטדור בונבונירה בושה, 200 גרם כשל""פ",,,בונבוניירה קוטדור בו,גרמים,200.00,100 גרם,false,1,17.90,8.95,true,1,
7622210137234,false,עוגיות אוראו עם דאבל קרים וניל 170 גר,,,עוגיות אוראו עם דאבל,גרמים,170.00,100 גרם,false,1,9.90,5.82,true,1,
7622210163899,false,שוקולד חלב עם עדשים מילקה 100 גר,מונדלז דויצ'לנד סנקס,DE,שוקולד חלב עם עדשים,גרמים,100.00,100 גרם,false,1,6.90,6.90,true,1,
7622210248671,false,מילקה ש.חלב עדשים וסוכריות 250 גרם,,,מילקה ש.חלב עדשים וס,גרמים,250.00,100 גרם,false,1,19.80,7.92,true,1,
7622210285485,false,שוקולד קדבורי קראנצי רוקס 110 גרם,,GB,קדבורי קראנצי רוקס 1,גרמים,110.00,100 גרם,false,1,14.90,13.55,true,1,
7622210286918,false,שוקולד קדבורי קרמל ניבלס 120 גרם,,GB,שוקולד קדבורי קרמל נ,גרמים,120.00,100 גרם,false,1,14.90,12.42,true,1,
7622210287021,false,שוקולד קדבורי וויספה בייטס 110 גרם,,GB,קדבורי וויספה בייטס,גרמים,110.00,100 גרם,false,1,14.90,13.55,true,1,
7622210295149,false,שוקולד קדבורי טווירל בייטס 109 גרם,,GB,קדבורי טווירל בייטס,גרמים,109.00,100 גרם,false,1,14.90,13.67,true,1,
7622210453327,false,עוגיות מילקה סנסיישן 156 גרם,מנדלז פולסקה פרודקשן,PL,מילקה סנסיישן 156 גר,גרמים,100.00,100 גרם,false,1,10.90,10.90,true,1,
7622210585592,false,מילקה כדורי שוקולד חלב 86 גרם,,DE,מילקה כדורי שוקולד ח,גרמים,86.00,100 גרם,false,1,10.90,12.67,true,1,
7622210635105,false,"עוגיות אוראו תות, 154 גרם",מונדלז אספנה גאלטס פ,UA,אוראו תות 154 גרם,גרמים,154.00,100 גרם,false,1,8.90,5.78,true,1,
7622210637994,false,"אוראו ביס קראנצי אורגינל, 110 גרם",מונדלז אספניה ג'לאטס,ES,אוראו ביס קראנצי אור,גרמים,110.00,100 גרם,false,1,8.90,8.09,true,1,
7622210638021,false,אוראו ביס קראנ'צי בציפוי שוקולד 110 גרם,מונדלז אספניה ג'לאטס,ES,אוראו ביס קראנצי ציפ,גרמים,110.00,100 גרם,false,1,8.90,8.09,true,1,
7622210640062,false,גבינת עם פלפל חלפיניו למריחה פילדלפיה 175 ג',מונדלייז,DE,פילדלפיה שמנת למריחה,גרמים,175.00,100 גרם,false,1,16.90,9.66,true,1,
7622210644473,false,קדבורי שוקולד חלב ושברי אגוזי לוז 95 גרם,,,קדבורי שוקולד חלב וש,גרמים,95.00,100 גרם,false,1,10.90,11.47,true,1,
7622210654816,false,שוקולד קדבורי פאדג בייטס 120 גרם,,GB,קדבורי פאדג בייטס 12,גרמים,120.00,100 גרם,false,1,14.90,12.42,true,1,
7622210664150,false,"עוגיות אוראו וניל, 396 גרם",מונדלייז,CZ,עוגיות אוראו וניל 39,גרמים,396.00,100 גרם,false,1,16.90,4.27,true,1,
7622210700070,false,קדבורי קרלי וורלי 110 גרם,,GB,קדבורי קרלי וורלי 11,גרמים,110.00,100 גרם,false,1,14.90,13.55,true,1,
7622210748997,false,אוראו פירורי עוגיות בשקית 300 גרם,,HU,אוראו פירורי עוגיות,גרמים,300.00,100 גרם,false,1,12.90,4.30,true,1,
7622210765338,false,עוגיות אורגינל 176 ג' אוראו,,,עוגיות אוראו 176 גרם,גרמים,176.00,100 גרם,false,1,8.90,5.06,true,1,
7622210810915,false,שוקולד קדבורי אוראו בייטס 110 גרם,,GB,שוקולד קדבורי אוראו,גרמים,110.00,100 גרם,false,1,11.90,10.82,true,1,
7622210826053,false,שוקולד מילקה אוראו סנדוויץ 92 גר',גיאורי קאקסז קייאףטי,HU,שוקולד מילקה אוראו ס,גרמים,92.00,100 גרם,false,1,6.90,7.50,true,1,
7622210835338,false,עוגיות אוראו בראוניז 176 ג',מנדלז אספנה גאלטס פר,ES,אוראו בראוניז 176 גר,גרמים,176.00,100 גרם,false,1,8.90,5.06,true,1,
7622210989192,false,קדבורי פלאק רביעייה 80 גרם,,GB,קדבורי פלאק רביעייה,גרמים,80.00,100 גרם,false,1,10.90,13.63,true,1,
7622300270506,false,מילקה גריינס - עוגיות שיבולת שועל מצופות שוקולד 168 ג',מונדלז פולסקה פרודקש,PL,עוגיות ש.שועל מצופות,גרמים,168.00,100 גרם,false,1,10.90,6.49,true,1,
7622300315283,false,"עוגיות אוראו וניל, כשרות בד""ץ, 154 גרם","מונדלז CR פרודקשיין,",UA,אוראו וניל 154 גרם ב,גרמים,154.00,100 גרם,false,1,9.40,6.10,true,1,
7622300340285,false,גבינת שמנת 22% שומן 175 ג' פילדלפיה,מונדלז דויצ'לנד פרוד,DE,גבינת פילדלפיה 22%,גרמים,175.00,100 גרם,false,1,14.90,8.51,true,1,
7622300340292,false,גבינת שמנת 11% שומן 175 ג' פילדלפיה,מונדלז דויצ'לנד פרוד,DE,גבינת פילדלפיה 11%,גרמים,175.00,100 גרם,false,1,14.90,8.51,true,1,
7622300489427,false,עוגיות אוראו בציפוי שוקולד לבן 246 גרם,מנדלז אספנה גאלטס פר,ES,אוראו פאג שוקולד לבן,גרמים,246.00,100 גרם,false,1,18.90,7.68,true,1,
7622300495046,false,שוקולד מילקה אקסטרה קקאו 100 גרם,מנדלז דויצ'לנד סנקס,DE,שוקולד מילקה אקסטרה,גרמים,100.00,100 גרם,false,1,6.90,6.90,true,1,
7622300503079,false,מילקה מוו - ביסקוויט מצופה שוקולד חלב 200 ג',מונדלז פולסקה פרודקש,PL,ביסקוויט מצופה שוקול,גרמים,200.00,100 גרם,false,1,10.90,5.45,true,1,
7622300617820,false,שוקלד מילקה טבלת חלב אוראו 100ג',מנדלז דויצ'לנד סנקס,DE,שוקולד מילקה אוראו 1,גרמים,100.00,100 גרם,false,1,6.90,6.90,true,1,
7622300756413,false,גבינת פילדלפיה 20% שומן עם תבלינים 175 ג',מונדלז דויצ'לנד פרוד,DE,גבינת פילדלפיה 20%,גרמים,175.00,100 גרם,false,1,14.90,8.51,true,1,
7622400005190,false,שוקולד חלב נגיעות שוקולד לבן מילקה 100 ג,מנדלז דויצ'לנד סנקס,DE,שוקולד חלב נגיעות שו,גרמים,100.00,100 גרם,false,1,6.90,6.90,true,1,
7630477891592,false,סטארבקס - קפסולות האוס בלנד 57 גרם * 10,נסטלה נספרסו,CH,סטארבקס קפסולות האוס,גרמים,57.00,100 גרם,false,1,21.90,38.42,true,1,
7630477891615,false,סטארבקס - קפסולות סומטרה 55 גרם * 10,,,סטארבקס קפסולות סומט,גרמים,55.00,100 גרם,false,1,21.90,39.82,true,1,
7630477891639,false,סטארבקס - קפסולות ורונה 55 גרם * 10,נסטלה נספרסו,CH,סטארבקס קפסולות ורונ,גרמים,55.00,100 גרם,false,1,21.90,39.82,true,1,
7630477891653,false,סטארבקס - קפסולות אספרסו נטול 57 גרם * 10,,,סטארבקס קפסולות אספר,גרמים,57.00,100 גרם,false,1,21.90,38.42,true,1,
7630477891677,false,סטארבקס - קפסולות פייק פלייס 53 גרם * 10,,,סטארבקס קפסולות פייק,גרמים,53.00,100 גרם,false,1,21.90,41.32,true,1,
7630477891691,false,סטארבקס - קפסולות קולומביה 57 גרם * 10,,,סטארבקס קפסולות קולו,גרמים,57.00,100 גרם,false,1,21.90,38.42,true,1,
7630477891714,false,סטארבקס - קפסולות אספרסו 57 גרם * 10,נסטלה נספרסו,CH,סטארבקס קפסולות אספר,גרמים,57.00,100 גרם,false,1,21.90,38.42,true,1,
7638900426663,false,סוללת אדוונס פורמולה,,,סוללות 9V,יחידה,1.00,יחידה,false,1,31.50,31.50,true,1,
7638900426809,false,סוללת MAX אנרג'ייזר,,,סוללות C MAX 2X1,יחידה,1.00,יחידה,false,1,26.90,26.90,true,1,
7702018263813,false,סכיני גילוח גילט מאך 3 טורבו 4 יח,,,סכיני גילוח גילט מאך,Unknown,0.00,Unknown,false,1,67.90,67.90,true,1,
7702018263936,false,8 סכיני פיוזן פרוגליד פלקסבול פאוור,,,8 סכיני פיוזן פרוגלי,Unknown,0.00,Unknown,false,1,194.50,194.50,true,1,
7702018462032,false,סכיני גילוח גילט מאך 3 רביעייה,פרוקטור אנד גמבל,DE,סכיני גילוח גילט מאך,יחידה,1.00,יחידה,false,1,44.90,44.90,true,1,
7702018482740,false,סכיני גילוח ג'ילט ונוס סימפלי 5 יחידות,,,סכיני גילוח חד פעמי,יחידה,1.00,יחידה,false,1,9.90,9.90,true,1,
7702024074625,false,פיטנס - חטיפי קרקר חיטה מלאה 234 גרם,קומסטיבלס לה רוזה אס,CO,חטיפי קרקר חיטה מלאה,גרמים,234.00,100 גרם,false,1,11.90,5.09,true,1,
7702174066631,false,לקקן יוגטה פין פופ במילוי מסטיק 170 גר,הדקלאים אגודת שיתופי,CO,לקקן יוגטה פין פופ ב,גרמים,170.00,100 גרם,false,1,14.40,8.47,true,1,
7702174068826,false,לקקן יוגטה בטעם פירות 12 יח 204 גרם,אלדור,CO,לקקן יוגטה בטעם פירו,גרמים,204.00,100 גרם,false,1,13.50,6.62,true,1,
7790240072785,false,יין אדום טרפיצה קברנה סובניון OAK CASK,,,יין אדום טרפיצה קברנ,Unknown,0.00,Unknown,false,1,57.90,57.90,true,1,
7790240072792,false,טרפיצה Oak Cask שרדונה 750 מל,,,טרפיצה Oak Cask שרדו,Unknown,0.00,Unknown,false,1,57.90,57.90,true,1,
7790240072808,false,יין אדום טרפיצה מלבק סדרת OAK CASK,,,יין אדום טרפיצה מלבק,Unknown,0.00,Unknown,false,1,57.90,57.90,true,1,
7790240090154,false,יין טרפיצה ברוקל מלבק 750 מל,,,יין טרפיצה ברוקל מלב,Unknown,0.00,Unknown,false,1,68.90,68.90,true,1,
7790240092240,false,יין טרפיצה ברוקל קברנה פרנק 750 מל,,,יין טרפיצה ברוקל קבר,Unknown,0.00,Unknown,false,1,68.90,68.90,true,1,
7790240096866,false,"יין פיור מלבק שחור 750 מ""ל",,AR,יין פיור מלבק שחור 7,מיליליטרים,750.00,"100 מ""ל",false,1,57.90,7.72,true,1,
7790387110234,false,טאראגווי-תה גרבה מאטה עם מקל 500 גר,,,טאראגווי-תה גרבה מאט,גרמים,500.00,100 גרם,false,1,26.50,5.30,true,1,
7790762000679,false,סנטה אנה מרלו 750 מל,,,סנטה אנה מרלו 750 מל,Unknown,0.00,Unknown,false,1,40.90,40.90,true,1,
7790762000686,false,סנטה אנה שיראז 750 מל,,,סנטה אנה שיראז 750 מ,Unknown,0.00,Unknown,false,1,40.90,40.90,true,1,
7790762000693,false,סנטה אנה שרדונה 750 מל,,,סנטה אנה שרדונה 750,Unknown,0.00,Unknown,false,1,40.90,40.90,true,1,
7790762001287,false,סנטה אנה קברנה סובניון 750 מל,,,סנטה אנה קברנה,Unknown,0.00,Unknown,false,1,40.90,40.90,true,1,
7790762001348,false,סנטה אנה מלבק 750 מל,,,סנטה אנה מלבק 750 מל,Unknown,0.00,Unknown,false,1,40.90,40.90,true,1,
7790762050902,false,סנטה אנה אונאנימה 750 מל,,,יין סנטה אנה,Unknown,0.00,Unknown,false,1,100.90,100.90,true,1,
7791875005353,false,ריבת חלב הוואנה דוצה דה לצה 450 גרם,,IL,ריבת חלב הוואנה דולצ,גרמים,450.00,100 גרם,false,1,20.90,4.64,true,1,
7792860006218,false,1X48X24G בייבי דול רביעיה,גוד פוד פרודקטס S.p,AR,לקקן בייבי דול 24 גר,גרמים,24.00,100 גרם,false,1,2.00,8.33,true,1,
7798030790017,false,"פחם 2 ק""ג",,,"פחם 2 ק""ג",Unknown,0.00,Unknown,false,1,19.90,19.90,true,1,
7798130463187,false,"יין ארגנטו קלאסיק רוזה רוזה יבש 750 מ""ל",,AR,יין ארגנטו קלאסיק רו,Unknown,0.00,Unknown,false,1,39.90,39.90,true,1,
7798159560096,false,"יין ארגנטו קלאסיק קברנה סוביניו 750 מ""ל",,AR,יין ארגנטו קלאסיק קב,Unknown,0.00,Unknown,false,1,39.90,39.90,true,1,
7804338000021,false,יין אדום יבש טרדיסון רזרב ק.סובינון 750,וינה לוס בולדוס,CL,יין אדום יבש טרדיסון,Unknown,0.00,Unknown,false,1,62.90,62.90,true,1,
7860001950338,false,סימר מתקפל,,,סימר מתקפל,Unknown,0.00,Unknown,false,1,30.00,30.00,true,1,
7860001952066,false,כף גלידה אסקימו,,,כף גלידה אסקימו,Unknown,0.00,Unknown,false,1,10.00,10.00,true,1,
7860001953872,false,מגב שיש סיליקון,,,מגב שיש סיליקון,Unknown,0.00,Unknown,false,1,10.00,10.00,true,1,
7891024124826,false,קולגייט משחת אופטיק ספרקלינג וייט 75מל,הנסיך- מפעל לייצור ט,BR,קולגייט משחת אופטיק,מיליליטרים,75.00,"100 מ""ל",false,1,19.90,26.53,true,1,
8000020000280,false,יין אסטי מבעבע לבן צינזנו 750 מל,,,יין אסטי מבעבע לבן צ,Unknown,0.00,Unknown,false,1,52.90,52.90,true,1,
8000020000365,false,"וורמוט צינזנו ביאנקו 750 מ""ל",דויד קמפרי,IT,וורמוט צינזנו ביאנקו,Unknown,0.00,Unknown,false,1,32.90,32.90,true,1,
8000020005247,false,יין גרנד דולצה מבעבע מתוק צינזנו 750 מל,,,יין גרנד דולצה מבעבע,Unknown,0.00,Unknown,false,1,37.90,37.90,true,1,
8000040000802,false,קמפרי 1 ליטר,,,קמפרי 1 ליטר,מיליליטרים,1000.00,"100 מ""ל",false,1,89.90,8.99,true,1,
8000040001106,false,"קאמפרי ביטר אפרטיף 700 מ""ל",קמפרי,,"קמפרי 700 מ""ל",מיליליטרים,700.00,"100 מ""ל",false,1,79.90,11.41,true,1,
8000040500012,false,"וויסקי בורבון ווילד טורקי 81 700 מ""ל",קמפרי,,וויסקי בורבון ווילד,מיליליטרים,700.00,"100 מ""ל",false,1,93.90,13.41,true,1,
8000070003774,false,קפסולות אספרסו לוואצה אינטנסו 13 16 יח,,,קפסולות אספרסו לוואצ,יחידה,1.00,יחידה,false,1,29.90,29.90,true,1,
8000070003811,false,קפסולות אספרסו לוואצה פסיונלה 11 16 יח,,,קפסולות אספרסו לוואצ,יחידה,1.00,יחידה,false,1,29.90,29.90,true,1,
8000070012783,false,קפה לוואצה קלוי וטחון חוזק 5 אורו 250 גר,קפה לוואצה,IT,קפה לוואצה קלוי וטחו,גרמים,250.00,100 גרם,false,1,39.90,15.96,true,1,
8000070027398,false,קרמה קלאסיקו פולי קפה 500 גר לוואזה,,,פולי קפה לוואצה קרמה,גרמים,500.00,100 גרם,false,1,73.50,14.70,true,1,
8000070032835,false,קפה לוואצה קלוי וטחון חוזק 10 מטינו 250 גר,,IT,קפה לוואצה קלוי וטחו,גרמים,250.00,100 גרם,false,1,26.90,10.76,true,1,
8000070038868,false,קפה לוואצה קלוי וטחון חוזק 8 קלאסיקו 250 גר,,IT,לוואצה חוזק 8 קרמה ג,גרמים,250.00,100 גרם,false,1,29.90,11.96,true,1,
8000070042025,false,"פולי קפה סופר קרמה לוואצה 1 ק""ג",,,פולי קפה סופר קרמה 1,גרמים,1000.00,100 גרם,false,1,135.90,13.59,true,1,
8000070053465,false,קפסולות לוואצה אורו חוזק 8 10 יח,לוואצה,IT,קפסולות לוואצה אורו,יחידה,1.00,יחידה,false,1,21.90,21.90,true,1,
8000070053526,false,קפסולות לוואצה רוסה חוזק 10 10 יח,לוואצה,IT,קפסולות לוואצה רוסה,יחידה,1.00,יחידה,false,1,21.90,21.90,true,1,
8000070055254,false,קפסולות קרמה גוסטו פורטה חוזק 13 55 ג' לוואצה,,IT,קפסולות לוואצה קרמה,יחידה,1.00,יחידה,false,1,21.90,21.90,true,1,
8000070064577,false,קפסולות אספרסו לוואצה אורו 8 16 יח,,,קפסולות אספרסו לוואצ,יחידה,1.00,יחידה,false,1,29.90,29.90,true,1,
8000091200954,false,טורטיה ללא גלוטן 180 גרם,,IT,טורטיה ללא גלוטן 180,גרמים,180.00,100 גרם,false,1,22.90,12.72,true,1,
8000139000102,false,גרופלו פסטה מפאלדה 500 גרם,,IT,גרופלו פסטה מפאלדה 5,גרמים,500.00,100 גרם,false,1,16.90,3.38,true,1,
8000139000942,false,פסטה גרפולו לומצינה 500 גרם,,,פסטה גרפולו לומקינה,גרמים,500.00,100 גרם,false,1,13.50,2.70,true,1,
8000139001253,false,פסטה גרפולו פוזילי לונגי 500 גרם,,,פסטה גרפולו פוזילי,גרמים,500.00,100 גרם,false,1,14.60,2.92,true,1,
8000139002021,false,פסטה גרפולו קלמרטה 500 גרם,,,פסטה גרפולו קלמרטה 5,גרמים,500.00,100 גרם,false,1,14.60,2.92,true,1,
8000139910142,false,פסטה גרפולו ספגטי 500 גרם,,,פסטה גרפולו ספגטי 50,גרמים,500.00,100 גרם,false,1,13.50,2.70,true,1,
8000139910159,false,פסטה גרפולו לינגוין 500 גרם,,,פסטה גרפולו לינגוין,גרמים,500.00,100 גרם,false,1,13.50,2.70,true,1,
8000139910173,false,פסטה גרפולו אורזו 500 גרם,,,פסטה גרפולו אורזו 50,גרמים,500.00,100 גרם,false,1,13.50,2.70,true,1,
8000139910197,false,פסטה גרפולו ריגטוני 500 גרם,,,פסטה גרפולו ריגטוני,גרמים,500.00,100 גרם,false,1,13.50,2.70,true,1,
8000139910203,false,פסטה גרפולו קוצי סארדי 500 גרם,,,פסטה גרפולו קוצי סאר,גרמים,500.00,100 גרם,false,1,13.50,2.70,true,1,
8000139910227,false,פסטה גרפולו פוזילי 500 גרם,,,פסטה גרפולו פוזילי 5,גרמים,500.00,100 גרם,false,1,13.50,2.70,true,1,
8000139910234,false,פסטה גרפולו פנה ריגטה 500 גר,,,פסטה גרפולו פנה ריגט,גרמים,500.00,100 גרם,false,1,13.50,2.70,true,1,
8000139910241,false,פסטה פארפאלה גרפולו 500 גרם,,,פסטה פארפאלה גרפולו,גרמים,500.00,100 גרם,false,1,13.50,2.70,true,1,
8000139910265,false,פסטה ראדיאטורי גרפולו 500 גר,,,פסטה ראדיאטורי גרפול,גרמים,500.00,100 גרם,false,1,13.50,2.70,true,1,
8000139910272,false,פסטה גרפולו פפרדלה נידו 500 גר,,,פסטה גרפולו פפרדלה נ,גרמים,500.00,100 גרם,false,1,14.60,2.92,true,1,
8000139910289,false,פסטה טליאטלה גרפולו 500 גר,,,פסטה גרפולו טליאטלה,גרמים,500.00,100 גרם,false,1,14.60,2.92,true,1,
8000139910357,false,פסטה לומאקוני גרפולו 500 גרם,,,פסטה לומאקוני גארופא,גרמים,500.00,100 גרם,false,1,14.60,2.92,true,1,
8000139910371,false,פסטה גרפולו פרימוורה 500 גרם,,,פסטה גרפולו פרימוורה,גרמים,500.00,100 גרם,false,1,14.60,2.92,true,1,
8000139910432,false,פסטה גרפולו פטוציה 500 גרם,,,פסטה גרפולו פטוציה 5,גרמים,500.00,100 גרם,false,1,13.50,2.70,true,1,
8000139910753,false,פסטה קאזארסה גרפולו 500 גר,,,פסטה גרפולו קסרצה,גרמים,500.00,100 גרם,false,1,13.50,2.70,true,1,
8000139910852,false,לזניה גרפולו 500 גרם,,,לזניה גרפולו 500 גרם,גרמים,500.00,100 גרם,false,1,17.70,3.54,true,1,
8000139920875,false,ניוקי תפוח אדמה גרפולו 500 גרם,,,ניוקי תפוח אדמה גרפו,גרמים,500.00,100 גרם,false,1,14.60,2.92,true,1,
8000139929687,false,ספגטי ללא גלוטן 400 גר,,,ספגטי ללא גלוטן 400,גרמים,400.00,100 גרם,false,1,15.90,3.98,true,1,
8000215204219,false,משקה אורז - אורגני 1 ליטר,בטר אנד דיפרנט,IT,משקה אורז - אורגני 1,מיליליטרים,1000.00,"100 מ""ל",false,1,14.90,1.49,true,1,
8000215204240,false,משקה שקדים ואורז - אורגני 1 ליטר,בטר אנד דיפרנט,IT,משקה שקדים ואורז - א,מיליליטרים,1000.00,"100 מ""ל",false,1,14.90,1.49,true,1,
8000215204271,false,ויטריז - משקה שקדים ואורז אישי 200 גר,"נטורפוד בע""מ",IT,ויטריז - משקה שקדים,מיליליטרים,200.00,"100 מ""ל",false,1,4.50,2.25,true,1,
8000215204363,false,משקה קוקוס ויטריז 1 ליטר,אלינור,IT,משקה קוקוס ויטריז 1,מיליליטרים,1000.00,"100 מ""ל",false,1,14.90,1.49,true,1,
8000215204370,false,ויטריז לבישול תחל. שמנת צמחי אורגני 200,ויטריז,IT,ויטריז לבישול תחל.,מיליליטרים,200.00,"100 מ""ל",false,1,6.50,3.25,true,1,
8000215204387,false,"רוטב בשמל צמחי אורגני ויטריז 500 מ""ל",,,רוטב בשמל צמחי אורגנ,מיליליטרים,500.00,"100 מ""ל",false,1,12.90,2.58,true,1,
8000215204394,false,משקה אגוזי לוז ואורז אורגני 1 ליטר,בטר אנד דיפרנט,US,משקה אגוזי לוז ואורז,מיליליטרים,1000.00,"100 מ""ל",false,1,18.90,1.89,true,1,
8000215204561,false,VITASI משקה שקדים אורגני 1 ליטר,בטר אנד דיפרנט,IT,VITASI משקה שקדים או,מיליליטרים,1000.00,"100 מ""ל",false,1,13.90,1.39,true,1,
8000215204653,false,ויטסי - משקה סויה או,בטר אנד דיפרנט,IT,VITASI משקה סויה 1 ל,מיליליטרים,1000.00,"100 מ""ל",false,1,13.50,1.35,true,1,
8000215204677,false,משקה ש.שועל בריסטה אורגני 1 ליטר ויטריז,בטר אנד דיפרנט,IT,משקה ש.שועל בריסטה א,מיליליטרים,1000.00,"100 מ""ל",false,1,14.90,1.49,true,1,
8000215204714,false,משקה שיבולת שועל אורגני 1 ליטר PRIMAVENA,בטר אנד דיפרנט,IT,משקה שיבולת שועל אור,מיליליטרים,1000.00,"100 מ""ל",false,1,14.90,1.49,true,1,
8000253001023,false,פולנטה ופטריות פורציני 250 גרם,מרבוטו,IT,פולנטה ופטריות פורצי,גרמים,250.00,100 גרם,false,1,24.90,9.96,true,1,
8000253001177,false,תערובת ריזוטו קאצו פפה 250 גרם,מרבוטו,IT,תערובת ריזוטו קאצו פ,גרמים,250.00,100 גרם,false,1,24.90,9.96,true,1,
8000320010026,false,עגבניות תמר מקולפות CIRIO 400 גר,צ'יריו,IT,עגבניות תמר מקולפות,גרמים,400.00,100 גרם,false,1,6.90,1.73,true,1,
8000320010088,false,"רוטב עגבניות במרקם גס 680 מ""ל MUTTI",,IT,פסאטה במרקם גס 680 מ,מיליליטרים,680.00,"100 מ""ל",false,1,13.90,2.04,true,1,
8000320010095,false,"רוטב עגבניות במרקם עדין 700 מ""ל MUTTI",,IT,פסאטה במרקם עדין 700,מיליליטרים,700.00,"100 מ""ל",false,1,11.90,1.70,true,1,
8000380003723,false,גרנד פטיסרי עוגיות וופל אגוזים 100ג',קריניציה ויטמינה אס,IT,עוגיות גרנד פטיסרי 1,גרמים,100.00,100 גרם,false,1,12.20,12.20,true,1,
8000380004676,false,וופל לואקר קוביות וניל 200ג',"א. לואקר, קונפקט ג'י",AT,וופל וניל 200 גרם,גרמים,200.00,100 גרם,false,1,12.80,6.40,true,1,
8000380004911,false,וופל קוארדטיני לואקר קוביות אגוז 250ג'',קריניציה ויטמינה אס,AT,וופל קוארדטיני אגוז,גרמים,250.00,100 גרם,false,1,13.90,5.56,true,1,
8000380004966,false,וופל קוארדטיני לואקר קוביות שוקולד 250ג',קריניציה ויטמינה אס,AT,וופל קוארדטיני קקאו,גרמים,250.00,100 גרם,false,1,13.90,5.56,true,1,
8000380007219,false,וופל לואקר אגוז קלאסי 175ג',א. לואקר,AT,וופל לואקר אגוז 175,גרמים,175.00,100 גרם,false,1,11.80,6.74,true,1,
8000380007264,false,וופל לואקר קקאו 175 גרם,קריניציה ויטמינה אס,AT,וופל לואקר קקאו 175,גרמים,175.00,100 גרם,false,1,11.80,6.74,true,1,
8000380106028,false,טורטינה לואקר וופל שוקולד ואגוזים שישיה 125ג',קריניציה ויטמינה אס,IT,טורטינה אורגינל 1/6,גרמים,125.00,100 גרם,false,1,17.60,14.08,true,1,
8000380144044,false,וופל גרדנה לואקר שוקולד 200ג',"א. לואקר , AG/SpA, ו",IT,וופל גרדנה שוקולד 20,גרמים,200.00,100 גרם,false,1,14.40,7.20,true,1,
8000380153534,false,מארז שוקולד טורטינה לואקר 125 גרם לבן,,,טורטינה לבן 1/6 125,גרמים,125.00,100 גרם,false,1,17.60,14.08,true,1,
8000380156849,false,שוקולד לואקר מריר 87 גרם,,IT,שוקולד לואקר מריר 87,גרמים,87.00,100 גרם,false,1,8.50,9.77,true,1,
8000380156856,false,שוקולד לואקר לבן 87 גרם,,IT,שוקולד לואקר לבן 87,גרמים,87.00,100 גרם,false,1,8.50,9.77,true,1,
8000380157440,false,שוקולד חלב ממולא קרם אגוזי לוז 85 גר,"אינסטנטה בע""מ",IT,שוקולד חלב ממולא קרם,גרמים,85.00,100 גרם,false,1,8.50,10.00,true,1,
8000380180721,false,לואקר וופל קקאו במילוי קרם חלבי 175 גר,קריניציה ויטמינה אס,AT,לואקר וופל קקאו במיל,גרמים,175.00,100 גרם,false,1,11.80,6.74,true,1,
8000380180745,false,לואקר קוביות וופל קקאו עם קרם חלבי 250 ג,"א. לואקר, קונפקט ג'י",AT,לואקר קוביות וופל קק,גרמים,250.00,100 גרם,false,1,13.90,5.56,true,1,
8000380180837,false,גרנד פטיסרי עם קרם קוקוס מצופה שוק. 100,"אינסטנטה בע""מ",IT,גרנד פטיסרי עם קרם ק,גרמים,100.00,100 גרם,false,1,12.20,12.20,true,1,
8000380181032,false,"לואקר גרדנה חטיפי אצבעות אגוזים ושוקולד לבן, 125 גרם","אינסטנטה בע""מ",IT,חטיפי אצבעות גרנדה ק,גרמים,125.00,100 גרם,false,1,16.90,13.52,true,1,
8000380192151,false,טורטינה טריפל שוקולד מריר 125 גר לואקר,,IT,טורטינה טריפל שוקולד,גרמים,125.00,100 גרם,false,1,17.60,14.08,true,1,
8000380192588,false,קואדרטיני בטעם קקאו במילוי קרם קקאו,קריניציה ויטמינה אס,AT,וופל קואדרטיני דאבל,גרמים,250.00,100 גרם,false,1,13.90,5.56,true,1,
8000380201396,false,שוקולד חלב ממולא קרם קרמל ועלי וופל פריכ,,,שוקולד חלב ממולא קרם,גרמים,125.00,100 גרם,false,1,17.60,14.08,true,1,
8000428032951,false,"יין מבעבע לבן יבש פרוסקו קאבוטה 750 מ""ל",,IT,יין מבעבע לבן יבש פר,Unknown,0.00,Unknown,false,1,61.90,61.90,true,1,
8000428033156,false,יין מבעבע לבן אסטי 750 מל GRAN TORINO,,,יין מבעבע לבן אסטי,Unknown,0.00,Unknown,false,1,64.90,64.90,true,1,
8000500009673,false,בונבוניירה פררו רושה 300 גרם,קדבורי,IT,בונבוניירה פררו רושה,גרמים,300.00,100 גרם,false,1,52.50,17.50,true,1,
8000500023624,false,שוקולד הפי היפו חטיף קינדר מארז 20.5X5ג',קדבורי,DE,קינדר הפי היפו חמישי,גרמים,104.00,100 גרם,false,1,12.50,12.02,true,1,
8000500023976,false,בונבוניירה רפאלו 150 גרם,פררו,PL,בונבוניירה רפאלו 150,גרמים,150.00,100 גרם,false,1,15.90,10.60,true,1,
8000500026731,false,שוקולד ביצי הפתעה קינדר שלישייה,קדבורי,IT,שלישיית ביצי הפתעה ק,גרמים,60.00,100 גרם,false,1,14.90,24.83,true,1,
8000500028124,false,"קינדר ג'וי, שלישיה 3 * 20 גרם",,ZA,ביצת הפתעה קינדר גוי,גרמים,60.00,100 גרם,false,1,14.90,24.83,true,1,
8000500029350,false,קינדר בואנו חטיף מארז שלישייה 129ג',פררו,IT,שלישייה קינדר בואנו,גרמים,129.00,100 גרם,false,1,9.90,7.67,true,1,
8000500032237,false,בונבוניירה פררו רושר 375 גר,קדבורי,IT,בונבוניירה פררו רושר,גרמים,260.00,100 גרם,false,1,44.90,17.27,true,1,
8000500037874,false,בונבוניירה פררו רושה 200 גרם,פררו,IT,בונבוניירה פררו רושה,גרמים,200.00,100 גרם,false,1,24.90,12.45,true,1,
8000500071083,false,שוקולד אצבעות קינדר חלב 200 ג',קדבורי,IT,קינדר שוקולד מארז 20,גרמים,200.00,100 גרם,false,1,12.50,6.25,true,1,
8000500094976,false,"בונבוניירה פררו רושר רושה קונוס, 212 גרם T17X4",פררו,IT,בונבוניירה פררו רושה,גרמים,212.00,100 גרם,false,1,46.90,22.12,true,1,
8000500121436,false,קינדר בואנו לבן חטיף מארז שלישייה 129ג',פררו,IT,שלישייה קינדר בואנו,גרמים,129.00,100 גרם,false,1,9.90,7.67,true,1,
8000500167656,false,קינדר שוקולד עם דגנים סיריאל 94 ג',,IT,קינדר שוקולד עם דגני,גרמים,94.00,100 גרם,false,1,8.00,8.51,true,1,
8000500227848,false,נוטלה - בי רדי אצבעות ביסקוויט במילוי שוקולד 6 יח' * 22 גרם,,IT,וופל נוטלה בי רדי שי,גרמים,132.00,100 גרם,false,1,12.50,9.47,true,1,
8000500249352,false,קינדר בואנו מיני מיקס שקית 205 ג',קדבורי,PL,קינדר בואנו מיני מיק,גרמים,205.00,100 גרם,false,1,18.90,9.22,true,1,
8000500256213,false,קינדר שוקולד מיני 120 גרם,קדבורי,IT,קינדר שוקולד מיני 12,גרמים,120.00,100 גרם,false,1,10.60,8.83,true,1,
8000500266564,false,ביצי קינדר ענקיות- קריסמס (בנים) 220 גרם,,IT,ביצי קינדר ענקיות- ק,גרמים,220.00,100 גרם,false,1,64.90,29.50,true,1,
8000500267103,false,קינדר דליס שוקול' אישי מארז 10 יח' 420 גר',,IT,עוגת קינדר דליס 390,גרמים,390.00,100 גרם,false,1,19.90,5.10,true,1,
8000500269169,false,קינדר קארדס חמישייה 128 גרם,פררו,IT,וופל קינדר קארדס 128,גרמים,128.00,100 גרם,false,1,13.90,10.86,true,1,
8000500273555,false,פררו חנותה 44 גרם,,,פררו חנותה 44 גרם,גרמים,44.00,100 גרם,false,1,4.70,10.68,true,1,
8000500283158,false,עוגת קינד במילוי קרם חלב 270 גרם,,,עוגת קינד במילוי קרם,גרמים,270.00,100 גרם,false,1,29.90,11.07,true,1,
8000500283219,false,עוגת קינדר קקאו במילוי קרם שוקולד 290 גר,,,עוגת קינדר קקאו במיל,גרמים,290.00,100 גרם,false,1,29.90,10.31,true,1,
8000500283240,false,עוגת קינדר במילוי קרם שוקולד 290 גרם,,,פררו-קינדר עוגת ספוג,גרמים,290.00,100 גרם,false,1,29.90,10.31,true,1,
8000500294345,false,רושר איש שלג שוקולד חלב ואגוזי לוז 90 גר,,PL,רושר איש שלג שוקולד,גרמים,90.00,100 גרם,false,1,16.90,18.78,true,1,
8000500331798,false,פררו חנותה ריגל חמישייה 172.5 גרם,,DE,פררו חנותה ריגל חמיש,גרמים,173.00,100 גרם,false,1,22.90,13.24,true,1,
8000500360262,false,"קינדר ""חנוכיה"" 135 גרם",,PL,קינדר חנוכיה 135 גרם,גרמים,135.00,100 גרם,false,1,19.90,14.74,true,1,
8000500372524,false,קינדר סנטה קלאוס ש. מריר חלב 110 גר,,,קינדר סנטה קלאוס ש.,גרמים,110.00,100 גרם,false,1,21.90,19.91,true,1,
8000500384664,false,מאגדת גלידה קינדר בואנו רביעייה 284 גרם,,DE,מאגדת גלידה קינדר בו,גרמים,284.00,100 גרם,false,1,34.90,12.29,true,1,
8000500384718,false,מאגדת גלידה קינדר בואנו שוקולד לבן רביעי,,DE,מאגדת גלידה קינדר בו,גרמים,284.00,100 גרם,false,1,34.90,12.29,true,1,
8000500389652,false,קינדר האפי מומנטס 161 גרם,,DE,קינדר האפי מומנטס 16,גרמים,161.00,100 גרם,false,1,27.90,17.33,true,1,
8000500392027,false,קינדר מיני ביצים אגוזי לוז 85 גרם,,,קינדר מיני ביצים אגו,גרמים,85.00,100 גרם,false,1,17.90,21.06,true,1,
8000500392041,false,קינדר מיני ביצים שוקולד חלב 85 גרם,,,קינדר מיני ביצים שוק,גרמים,85.00,100 גרם,false,1,17.90,21.06,true,1,
8000570048022,false,"וורמוט מרטיני פיירו 750 מ""ל",,,וורמוט מרטיני פיירו,Unknown,0.00,Unknown,false,1,49.90,49.90,true,1,
8000570283607,false,"יין מבעבע מרטיני אסטי 750 מ""ל",אלטיקקורפ,IT,יין מבעבע מרטיני אסט,מיליליטרים,750.00,"100 מ""ל",false,1,64.90,8.65,true,1,
8000570812708,false,"יין מבעבע מרטיני רוזה 750 מ""ל",,,מבעבע מרטיני רוזה,Unknown,0.00,Unknown,false,1,64.90,64.90,true,1,
8000786100408,false,"פולנטה מסורתית 1 ק""ג LA GRANDE ROUTA",לה גרנדה רוטה,IT,"פולנטה מסורתית 1 ק""ג",קילוגרמים,0.00,"ק""ג",false,1,14.90,14.90,true,1,
8000895003355,false,עוגיות קנטוציני שקדים 175 גרם SAPORI,,,עוגיות קנטוציני שקדי,גרמים,175.00,100 גרם,false,1,12.50,7.14,true,1,
8000895003379,false,עוגיות רכות עם שקדים 175 גרם SAPORI,,,עוגיות רכות עם שקדים,גרמים,175.00,100 גרם,false,1,17.40,9.94,true,1,
8001003100164,false,יוגטה סוכריות גילי בטעם פירות 450 גר,,,יוגטה סוכריות גילי ב,גרמים,450.00,100 גרם,false,1,11.90,2.64,true,1,
8001003100218,false,סוכריות יוגטה ג'לי פירות 800 גר',סרז'טו,IT,סוכריות יוגטה גילי 8,גרמים,800.00,100 גרם,false,1,23.90,2.99,true,1,
8001090184375,false,"נוזל כלים פיירי 900 מ""ל ירוק אורגינל",,GB,נוזל כלים פיירי אורי,מיליליטרים,900.00,"100 מ""ל",false,1,12.90,1.43,true,1,
8001090184412,false,"פיירי נוזל לניקוי כלים לימון שקוף, 900 מ""ל",,GB,נוזל כלים פיירי לימו,מיליליטרים,900.00,"100 מ""ל",false,1,12.90,1.43,true,1,
8001090222428,false,"הרבל אסנסס - שמפו חלב קוקוס 400 מ""ל",,FR,שמפו הרבל אסנסס חלב,מיליליטרים,400.00,"100 מ""ל",false,1,26.50,6.63,true,1,
8001090222725,false,"הרבל אסנסס - שמפו שמן מורינגה 400 מ""ל",,FR,שמפו הרבל אסנסס שמן,מיליליטרים,400.00,"100 מ""ל",false,1,26.50,6.63,true,1,
8001090222756,false,"הרבל אסנסס - מרכך שמן מורינגה 400 מ""ל",,FR,מרכך הרבל אסנסס שמן,מיליליטרים,400.00,"100 מ""ל",false,1,26.50,6.63,true,1,
8001090222848,false,"הרבל אסנסס - שמפו שיקום שמן ארגן 400 מ""ל",,FR,שמפו הרבל אסנסס שיקו,מיליליטרים,400.00,"100 מ""ל",false,1,26.50,6.63,true,1,
8001090222879,false,"הרבל אסנסס - מרכך שיקום שמן ארגן 400 מ""ל",,FR,מרכך הרבל אסנסס שיקו,מיליליטרים,400.00,"100 מ""ל",false,1,26.50,6.63,true,1,
8001090290830,false,"משחת שיניים אורל בי 3D white פנינה בוהקת 75 מ""ל",,,3D WHITEמשחת שיניים,Unknown,0.00,Unknown,false,1,32.50,32.50,true,1,
8001090290939,false,"משחת שיניים אורל בי 3D white לבן בוהק 500 מ""ל",,,3D WHITEמשחת שיניים,Unknown,0.00,Unknown,false,1,32.50,32.50,true,1,
8001090375230,false,"פנטן מרכך מרוכז 200 מ""ל לחות מוגברת",,,מרכך מרוכז פנטן,מיליליטרים,200.00,"100 מ""ל",false,1,24.90,12.45,true,1,
8001090458353,false,נוזל כלים אנטי בקטריאלי פיירי 515 מל,,,נוזל כלים אנטי בקטרי,מיליליטרים,515.00,"100 מ""ל",false,1,10.90,2.12,true,1,
8001090678614,false,"שמפו סופרים לחות הד אנד שולדרס 400 מ""ל",,FR,שמפו הד&שולדרס סופרי,מיליליטרים,400.00,"100 מ""ל",false,1,20.90,5.23,true,1,
8001090721129,false,קפסולות לכביסה אריאל פודש קולור 27 יח,פרוקטר אנד גמבל,FR,קפסולות לכביסה אריאל,Unknown,0.00,Unknown,false,1,34.90,34.90,true,1,
8001090734044,false,מגן תחתון אולוויז מגה פק לארג פרש 64 יח,,,מגן תחתון אולוויז מג,Unknown,0.00,Unknown,false,1,19.90,19.90,true,1,
8001090740717,false,מגן תחתון אולוויז מגה פק נורמל פרש 76 יח,,,מגן תחתון אולוויז מג,Unknown,0.00,Unknown,false,1,19.90,19.90,true,1,
8001090748638,false,מרכך כביסה לנור מרוכז קיס 1 ל,,SA,מרכך כביסה לנור מרוכ,ליטרים,0.00,ליטר,false,1,31.50,31.50,true,1,
8001090802385,false,קפסולות גל לכביסה טייד בניחוח לנור 26 יח,,FR,קפסולות גל לכביסה טי,Unknown,0.00,Unknown,false,1,34.90,34.90,true,1,
8001090832450,false,"שמפו פנטן הנוסחה הקלאסית 660 מ""ל",,,שמפו פנטן הנוסחה הקל,מיליליטרים,660.00,"100 מ""ל",false,1,19.90,3.02,true,1,
8001090832535,false,"שמפו פנטן שמן מרוקאי משקם 660 מ""ל",,,שמפו פנטן שמן מרוקאי,מיליליטרים,660.00,"100 מ""ל",false,1,19.90,3.02,true,1,
8001090832573,false,"שמפו פנטן לחות מוגברת 660 מ""ל",,,שמפו פנטן לחות מוגבר,מיליליטרים,660.00,"100 מ""ל",false,1,19.90,3.02,true,1,
8001090832610,false,"שמפו פנטן למגע רך כמשי 660 מ""ל",,,שמפו פנטן למגע רך כמ,מיליליטרים,660.00,"100 מ""ל",false,1,19.90,3.02,true,1,
8001090832894,false,מרכך לשיער חלש ופגום לחות מוגברת,,,קונדישנר פנטן לחות מ,מיליליטרים,660.00,"100 מ""ל",false,1,19.90,3.02,true,1,
8001090832931,false,"קונדישנר פנטן למגע רך כמשי 660 מ""ל",,,קונדישנר פנטן למגע ר,מיליליטרים,660.00,"100 מ""ל",false,1,19.90,3.02,true,1,
8001090833136,false,אריאל ג'ל כביסה בייבי 2.255 ליטר,,FR,גל כביסה אריאל בייבי,ליטרים,0.00,ליטר,false,1,32.90,32.90,true,1,
8001090833167,false,גל כביסה אריאל בניחוח הרים 2.365 ליטר,פרוקטור אנד גמבל,FR,גל כביסה אריאל בניחו,ליטרים,0.00,ליטר,false,1,32.90,32.90,true,1,
8001090833198,false,אריאל נוזל כביסה 2.47 ליטר ניחוח מרענן,פרוקטור אנד גמבל,FR,גל כביסה אריאל בניחו,ליטרים,0.00,ליטר,false,1,32.90,32.90,true,1,
8001090833259,false,גל כביסה אריאל בניחוח הרים 3.740 ליטר,,FR,גל כביסה אריאל בניחו,ליטרים,0.00,ליטר,false,1,49.90,49.90,true,1,
8001100011776,false,וופל במילוי קרם חלב 175 גרם בלוקו,,,וופל בטעם וניל 175 ג,גרמים,175.00,100 גרם,false,1,9.90,5.66,true,1,
8001100051055,false,עוגת פנטונה עם צימוקים בציפוי אגוזי 750ג,,,עוגת פנטונה עם צימוק,גרמים,750.00,100 גרם,false,1,46.90,6.25,true,1,
8001100058979,false,עוגת פנטונה בציפוי סוכר 750 גרם,,IT,עוגת פנדורו בחושה קל,גרמים,750.00,100 גרם,false,1,52.90,7.05,true,1,
8001100059198,false,עוגת פנטונה בלוקו 100 גרם,,,עוגת פנטונה בלוקו,Unknown,0.00,Unknown,false,1,15.90,15.90,true,1,
8001100059242,false,שקיות וופל ריבועי פלוקו במילוי קרם קקאו 250 ג',,,בלוקו וופלים קוביות,גרמים,250.00,100 גרם,false,1,10.90,4.36,true,1,
8001100062518,false,פנטונה 750 גרם PANDORO פח,,,פנטונה 750 גרם PANDO,גרמים,750.00,100 גרם,false,1,72.90,9.72,true,1,
8001100062525,false,פנטונה 750 גרם פח,,,פנטונה 750 גרם,גרמים,750.00,100 גרם,false,1,72.90,9.72,true,1,
8001100063690,false,פנדורו במילוי קרם טירמיסו 800 גר Balocco,,IT,פנדורו במילוי קרם טי,גרמים,800.00,100 גרם,false,1,52.90,6.61,true,1,
8001100064802,false,עוגת סאן סירו 500 גרם,,IT,עוגת סאן סירו 500 גר,גרמים,500.00,100 גרם,false,1,29.90,5.98,true,1,
8001100067667,false,עוגת פנדורו בון נאטלה 700 גרם,,IT,עוגת פנדורו בון נאטל,גרמים,700.00,100 גרם,false,1,41.90,5.99,true,1,
8001110016341,false,"אמרטו דיסרונו 100 מ""ל",,,אמרטו דיסרונו 1 ליטר,מיליליטרים,1000.00,"100 מ""ל",false,1,114.90,11.49,true,1,
8001160000888,false,"גטורייד משקה ספורט תפוז 500 מ""ל",,,גטורייד ספורט תפוז 5,מיליליטרים,500.00,"100 מ""ל",false,1,12.20,2.44,true,1,
8001160001786,false,"משקה אנרגיה גטורייד ספורט כחול 500מ""ל",סאן בנדטו אס פי איי,IT,גטורייד ספורט כחול 5,מיליליטרים,500.00,"100 מ""ל",false,1,12.20,2.44,true,1,
8001160001892,false,"משקה אנרגיה גטורייד ספורט תפוז אדום 500מ""ל",פפסיקו בוואדג' איטלי,IT,גטורייד ספורט תפוז א,מיליליטרים,500.00,"100 מ""ל",false,1,12.20,2.44,true,1,
8001200023808,false,פסטה אליציה צבעוני 500 גר Agnesi,,,פסטה אליציה צבעוני 5,גרמים,500.00,100 גרם,false,1,8.30,1.66,true,1,
8001200039014,false,פסטה פנה חיטה מלאה 500 גר Agnesi,,,פסטה פנה חיטה מלאה 5,גרמים,500.00,100 גרם,false,1,13.50,2.70,true,1,
8001200045039,false,פסטה ספגטי מס.3 500 גר Agnesi,,IT,פסטה ספגטי מס.3 500,גרמים,500.00,100 גרם,false,1,8.30,1.66,true,1,
8001200045176,false,פסטה בוקטיני 500 גר Agnesi,,IT,פסטה בוקטיני 500 גר,גרמים,500.00,100 גרם,false,1,8.30,1.66,true,1,
8001200045299,false,פסטה פנה ריגטה 500 גר Agnesi,,IT,פסטה פנה ריגטה 500 ג,גרמים,500.00,100 גרם,false,1,8.30,1.66,true,1,
8001200045350,false,פסטה ניוקי 500 גר Agnesi,,IT,פסטה ניוקי 500 גר Ag,גרמים,500.00,100 גרם,false,1,8.30,1.66,true,1,
8001200045374,false,פסטה צילנטני מסולסל 500 גר Agnesi,,,פסטה צילנטני מסולסל,גרמים,500.00,100 גרם,false,1,8.30,1.66,true,1,
8001200045473,false,פסטה ריגטוני 500 גר Agnesi,,,פסטה ריגטוני 500 גר,גרמים,500.00,100 גרם,false,1,8.30,1.66,true,1,
8001200045831,false,פסטה פארפלה מס.61 500 גר Agnesi,,IT,פסטה פארפלה מס.61 50,גרמים,500.00,100 גרם,false,1,8.30,1.66,true,1,
8001200045916,false,פסטה טליאטלה ביצים 250 גר Agnesi,,,פסטה טליאטלה ביצים 2,גרמים,250.00,100 גרם,false,1,13.50,5.40,true,1,
8001200045978,false,פסטה פפרדלה ביצים 250 גר Agnesi,,,פסטה פפרדלה ביצים 25,גרמים,250.00,100 גרם,false,1,13.50,5.40,true,1,
8001200045992,false,פסטה ביצים ותרד 250 גר Agnesi,,,פסטה ביצים ותרד 250,גרמים,250.00,100 גרם,false,1,13.50,5.40,true,1,
8001250120410,false,פסטה פנה 500 גרם דה,DE CECCO,IT,פנה 500 גרם DE CECCO,גרמים,500.00,100 גרם,false,1,10.90,2.18,true,1,
8001250120939,false,פרפלה 500 גרם DE CECCO,,,פרפלה 500 גרם DE CEC,גרמים,500.00,100 גרם,false,1,10.90,2.18,true,1,
8001250152015,false,פפרדלה 500 גרם DE CECCO,DE CECCO,IT,פפרדלה 500 גרם DE CE,גרמים,500.00,100 גרם,false,1,18.90,3.78,true,1,
8001250219145,false,רוטב ארביאטה 400 גרם DE CECCO,,,רוטב ארביאטה 400 גרם,גרמים,400.00,100 גרם,false,1,17.70,4.43,true,1,
8001291057515,false,ברון קיאנטי דל ברון ריקאסולי 750 מל,,,ברון קיאנטי דל ברון,Unknown,0.00,Unknown,false,1,51.90,51.90,true,1,
8001387077106,false,קונטיזקה קאנטלופי פרימיטיבו סאלנטו 750 מ,,IT,קונטיזקה קאנטלופי פר,מיליליטרים,750.00,"100 מ""ל",false,1,57.90,7.72,true,1,
8001420001327,false,אורז ריזוטו ארבוריו 500 גרם,GALLO,,אורז ריזוטו ארבוריו,גרמים,500.00,100 גרם,false,1,13.90,2.78,true,1,
8001440118944,false,שלישיית עגבניות פולפה *400 ג' צ'יריו,,IT,עגבניות פולפה 3*400,קילוגרמים,0.00,"ק""ג",false,1,15.90,15.90,true,1,
8001505000184,false,מעדן אוכמניות אורגני 250 גר FIORDIFRUTT,אף.סי תבליני בגליל ב,IT,מעדן אוכמניות אורגני,גרמים,250.00,100 גרם,false,1,22.90,9.16,true,1,
8001561015580,false,ריבת בצל סגול איטלקית 300 גרם,,,ריבת בצל סגול איטלקי,גרמים,300.00,100 גרם,false,1,31.90,10.63,true,1,
8001561024131,false,גושי טונה בהירה עם צילי חריף 3*80 גרם,,IT,גושי טונה בהירה עם צ,גרמים,240.00,100 גרם,false,1,29.90,12.46,true,1,
8001561301706,false,שימורי טונה 160 גרם CALLIPO,קליפו קונסרב,IT,שימורי טונה 160 גרם,גרמים,160.00,100 גרם,false,1,18.50,11.56,true,1,
8001620011935,false,"שישיית סאן בנדטו מוגז עדין 500 מ""ל",אקווה מינרלה סאן בנד,IT,שישיית סאן בנדטו מוג,מיליליטרים,1500.00,"100 מ""ל",false,1,12.90,0.86,true,1,
8001620017456,false,"מים מינרליים סאן בנדטו פקק ספורט 500X6מ""ל",,,סאן בנדטו שישייה 500,מיליליטרים,3000.00,"100 מ""ל",false,1,15.90,0.53,true,1,
8001620018248,false,"מים סאן בנדטו פקק ספורט 750 מ""ל",,,"מים סאן בנדטו 750 מ""",מיליליטרים,750.00,"100 מ""ל",false,1,3.90,0.52,true,1,
8001620018408,false,"משקה פירות בטעם מנגו תפוח 400 מ""ל פרוטה",אקווה מינרלה סאן בנד,IT,סן בנדטו מנגו תפוח 4,מיליליטרים,400.00,"100 מ""ל",false,1,7.90,1.98,true,1,
8001620019177,false,"סן בנדטו ענבים 400 מ""ל 12 יח'",אקווה מינרלה סאן בנד,IT,סאן בנדטו ענבים 400,מיליליטרים,400.00,"100 מ""ל",false,1,5.30,1.33,true,1,
8001637404195,false,גורגונזולה דולצה 150 גרם,,,גורגונזולה דולצה 150,גרמים,150.00,100 גרם,false,1,41.90,27.93,true,1,
8001637410813,false,גורגונזולה פיקנט מנות 150ג',,,גורגונזולה פיקנטה 15,גרמים,150.00,100 גרם,false,1,30.90,20.60,true,1,
8001841006710,false,לנור כדוריות הבושם בניחוח רענן 210 ג',,GB,כדוריות הבושם לנור נ,גרמים,210.00,100 גרם,false,1,32.90,15.67,true,1,
8001841137179,false,קונדישינר הד&שולדרס הנוסחה הקלאסית 275מל,פרוקטר אנד גמבל,RO,קונדישינר הד&שולדרס,מיליליטרים,275.00,"100 מ""ל",false,1,19.90,7.24,true,1,
8001841216584,false,תחבושות אולוויז לילה בטוח 36 יח,,,תחבושות אולוויז לילה,Unknown,0.00,Unknown,false,1,36.90,36.90,true,1,
8001841500942,false,"הרבל אסנסס - שמפו ללא סולפטים אלוורה ובמבוק 380 מ""ל",,FR,שמפו הרבל אסנסס אלוו,מיליליטרים,380.00,"100 מ""ל",false,1,26.50,6.97,true,1,
8001841625188,false,"נוזל כלים פיירי פלטינום לימון 515 מ""ל",פרוקטר אנד גמבל,GB,נוזל כלים פיירי פלטי,מיליליטרים,515.00,"100 מ""ל",false,1,10.90,2.12,true,1,
8001841625461,false,"נוזל כלים פיירי פלטינום אורגינל 515 מ""ל",פרוקטר אנד גמבל,GB,נוזל כלים פיירי פלטי,מיליליטרים,515.00,"100 מ""ל",false,1,10.90,2.12,true,1,
8001841660530,false,"קרם לחות פנטן מיראקלס במבוק 270 מ""ל",,FR,קרם לחות פנטן מיראקל,ליטרים,2.75,ליטר,false,1,21.90,7.96,true,1,
8001841664866,false,"פנטן - שמפו סופר פוד 400 מ""ל",,,פנטן שמפו סופרפוד 40,יחידה,1.00,יחידה,false,1,14.90,14.90,true,1,
8001841665290,false,פנטן שמפו נוסחה קלאסית לשיער רגיל 400 מל,,,פנטן שמפו נוסחה קלאס,יחידה,1.00,יחידה,false,1,14.90,14.90,true,1,
8001841669519,false,אריאל קפסולות למכונת כביסה 55 יח',,FR,קפסולות לכביסה אריאל,יחידה,1.00,יחידה,false,1,63.50,63.50,true,1,
8001841893990,false,פיירי טבליות למדיח פלטינום פלוס 30 יח',,,טבליות למדיח פלטינום,יחידה,1.00,יחידה,false,1,41.90,41.90,true,1,
8001841941929,false,תחבושות אולוויז וליו פק לילה אקסטרא,,DE,תחבושות אולוויז וליו,Unknown,0.00,Unknown,false,1,19.90,19.90,true,1,
8001841958460,false,פיירי טבליות למדיח 48 יחידות,פרוקטר אנד גמבל,BE,טבליות למדיח פיירי 4,יחידה,1.00,יחידה,false,1,41.90,41.90,true,1,
8001935221401,false,וילה אנטינורי אדום 750 מל,,,וילה אנטינורי אדום,Unknown,0.00,Unknown,false,1,83.90,83.90,true,1,
8001935353201,false,ווילה אנטינורי לבן 750 מל,,,ווילה אנטינורי לבן 7,Unknown,0.00,Unknown,false,1,51.90,51.90,true,1,
8002066001405,false,אטריות ביצים טלייאטלה ללא גלוטן 250גר,,IT,אטריות ביצים פאפארדל,גרמים,250.00,100 גרם,false,1,17.90,7.16,true,1,
8002066001412,false,אטריות ביצים טליאוליני ללא גלוטן 250גר,,IT,אטריות ביצים טליאולי,גרמים,250.00,100 גרם,false,1,17.90,7.16,true,1,
8002213004068,false,1 קמח לפיצה PZ2 ורוד,,,"קמח לפיצה 1 ק""ג PZ2",גרמים,1000.00,100 גרם,false,1,12.90,1.29,true,1,
8002213011301,false,"קמח לפסטה סוג ""00"" 1 ק""ג",,,"קמח לפסטה סוג ""00"" 1",גרמים,1000.00,100 גרם,false,1,14.50,1.45,true,1,
8002230000012,false,ליקר אפרול אפריטיבו,קמפרי,,אפרול 1 ליטר,מיליליטרים,1000.00,"100 מ""ל",false,1,84.90,8.49,true,1,
8002267014945,false,ביצת שוקולד הפתעה הוט ווילס שלישייה 60 ג,,,ביצת שוקולד הפתעה הו,גרמים,60.00,100 גרם,false,1,12.90,21.50,true,1,
8002270015656,false,מים מינרלים סן פלגרי,סן פלגרינו ס.פ.א לוק,IT,סאן פלגרינו 750 מל,מיליליטרים,750.00,"100 מ""ל",false,1,10.90,1.45,true,1,
8002270216800,false,סאן פלגרינו בטעם לימון 500 מ,,,סאן פלגרינו בטעם לימ,מיליליטרים,500.00,"100 מ""ל",false,1,5.90,1.18,true,1,
8002270236808,false,סאן פלגרינו בטעם תפוז אדום ופטל 500 מ,,,סאן פלגרינו בטעם תפו,מיליליטרים,500.00,"100 מ""ל",false,1,5.90,1.18,true,1,
8002270436581,false,"שישיית מים סאן פלגרינו פלסט 500 מ""ל",,,שישיית מים סאן פלגרי,מיליליטרים,3000.00,"100 מ""ל",false,1,26.90,0.90,true,1,
8002270866524,false,סאן פלנגרינו מים מינ,San Pellegrino Terme,IT,סאן פלגרינו 1 ליטר,מיליליטרים,1000.00,"100 מ""ל",false,1,9.90,0.99,true,1,
8002305008370,false,"רוקה דלה מאציה מנדוס פרימיטיבו 750 מ""ל",,,רוקה דלה מאציה מנדוס,Unknown,0.00,Unknown,false,1,79.90,79.90,true,1,
8002590045388,false,טוסט קלאסי 320 גרם COLUSSI,,,טוסט קלאסי 320 גרם C,גרמים,320.00,100 גרם,false,1,9.70,3.03,true,1,
8002590055417,false,עוגיות קנטוציני שוקולד 175 גרם SAPORI,,,עוגיות קנטוציני שוקו,גרמים,175.00,100 גרם,false,1,12.50,7.14,true,1,
8002670504279,false,גרנורולו בורגר טבעוני 220 גרם,,IT,גרנורולו בורגר טבעונ,גרמים,220.00,100 גרם,false,1,27.90,12.68,true,1,
8002670504286,false,גרנורולו מיני בורגר טבעוני 180 גרם,,IT,גרנורולו מיני בורגר,גרמים,180.00,100 גרם,false,1,27.90,15.50,true,1,
8003007800484,false,פסטה צוקה 4 טעמים 500 גרם,,IT,פסטה צוקה 4 טעמים,גרמים,500.00,100 גרם,false,1,16.90,3.38,true,1,
8003007800842,false,פסטה קונצינטלי 4 טעמים 500 גרם,,IT,פסטה קונצינטלי 4 טע,גרמים,500.00,100 גרם,false,1,16.90,3.38,true,1,
8003294529228,false,פילה טונה בהירה במים 190 גרם,,IT,פילה טונה בהירה במים,גרמים,190.00,100 גרם,false,1,36.90,19.42,true,1,
8003340091280,false,בונבוניירה לינדור60% 200 גרם,לינדוט ושופרונגלי אי,IT,בונבוניירה לינדור60%,גרמים,200.00,100 גרם,false,1,22.90,11.45,true,1,
8003410249306,false,שרוול תערובת קפה קלאסיקו עוצמה 10,,IT,שרוול תערובת קפה סגפ,גרמים,10.00,100 גרם,false,1,20.90,209.00,true,1,
8003410249313,false,שרוול תערובת קפה אינטנסו עוצמה 12,,IT,שרוול תערובת קפה סגפ,גרמים,11.00,100 גרם,false,1,20.90,190.00,true,1,
8003410249344,false,"סגפרדו, קפסולות קפה, פרו, עוצמה 9",,,"סגפרדו, קפסולות קפה,",גרמים,10.00,100 גרם,false,1,20.90,209.00,true,1,
8003410249351,false,"סגפרדו, קפסולות קפה, ברזיל, עוצמה 8",,,"סגפרדו, קפסולות קפה,",גרמים,10.00,100 גרם,false,1,20.90,209.00,true,1,
8003410446484,false,שרוול תערובת קפה ערביקה עוצמה 9,,IT,שרוול תערובת קפה סגפ,גרמים,13.00,100 גרם,false,1,20.90,160.77,true,1,
8003440992395,false,צופה צופ חמוץ גומי 150 גרם,,ES,צופה צופ חמוץ גומי 1,גרמים,150.00,100 גרם,false,1,11.40,7.60,true,1,
8003445000873,false,סבון נסטי שמן זית אלוורה טבעי 100 גרם,,,סבון נסטי שמן זית אל,גרמים,100.00,100 גרם,false,1,12.90,12.90,true,1,
8003445001207,false,נסטי סבון שמן זית ארז לימון טבעי 100 גרם,,IT,נסטי סבון שמן זית אר,גרמים,100.00,100 גרם,false,1,11.90,11.90,true,1,
8003753900438,false,קפה לנדוור אילי אספרסו טחון 250 גרם,,,קפה לנדוור אילי אספר,גרמים,250.00,100 גרם,false,1,42.90,17.16,true,1,
8003753900469,false,קפה לנדוור אילי קלייה כהה 250 גרם,,,קפה לנדוור אילי קליי,גרמים,250.00,100 גרם,false,1,42.90,17.16,true,1,
8003866012196,false,פחית קפה טחון 100% ארביקה 250 גרם DIEMME,,,פחית קפה טחון 100% א,גרמים,250.00,100 גרם,false,1,32.90,13.16,true,1,
8004030022010,false,ירקות גינה עם טונה ריו מרה אינסלטיסימי 160 ג',"בולטון אלימנטרי בע""מ",IT,ריו מרה אינסלטיסימי,גרמים,160.00,100 גרם,false,1,15.00,9.38,true,1,
8004030026018,false,"מקסיקני עם טונה ריו מרה אינסלטיסימי, 160 ג'","בולטון אלימנטרי בע""מ",IT,ריו מרה אינסלטיסימי,גרמים,160.00,100 גרם,false,1,15.00,9.38,true,1,
8004030102033,false,טונה בשמן עם לימון ופלפל ריו מרה שלישיה *80 ג',בולטון אלימנטרי,IT,טונה ריו מרה בשמן עם,גרמים,240.00,100 גרם,false,1,26.90,11.21,true,1,
8004030180000,false,טונה בשמן זית כתית ריו מרה 3*80 גרם,בולטון אלימנטרי,IT,טונה בשמן זית כתית ר,גרמים,240.00,100 גרם,false,1,31.50,13.13,true,1,
8004030344938,false,טונה בשמן זית ריו מרה שלישיה * 80 ג',"בולטון אלימנטרי בע""מ",IT,שלישיית טונה ריו מרה,גרמים,240.00,100 גרם,false,1,26.90,11.21,true,1,
8004030860001,false,ירקות עם קוקוס וטונה ריו מרה אינסלטיסימי 160 ג',"בולטון אלימנטרי בע""מ",IT,ריו מרה אינסלטיסימי,גרמים,160.00,100 גרם,false,1,15.00,9.38,true,1,
8004123004893,false,"שמן מתובל בטעם פטריות כמהין 250 מ""ל",,IT,שמן מתובל בטעם פטריו,מיליליטרים,250.00,"100 מ""ל",false,1,38.90,15.56,true,1,
8004275054418,false,שמן זרעי ענבים 1 ליטר קוריצלי,,,שמן זרעי ענבים 1 ליט,מיליליטרים,1000.00,"100 מ""ל",false,1,41.90,4.19,true,1,
8004275058775,false,שמן זית כתית מעולה 500 מל CIRIO,,,שמן זית כתית מעולה 5,מיליליטרים,500.00,"100 מ""ל",false,1,25.50,5.10,true,1,
8004275058942,false,"שמן זית כתית מעולה 750 מ""ל CIRIO",,,שמן זית כתית מעולה 7,מיליליטרים,750.00,"100 מ""ל",false,1,38.90,5.19,true,1,
8004275059543,false,"חומץ בלסמי ממודנה גלייז 250 מ""ל CIRIO",,,חומץ בלסמי ממודנה,מיליליטרים,250.00,"100 מ""ל",false,1,20.90,8.36,true,1,
8004275059888,false,"חומץ בן יין אדום 500 מ""ל CIRIO",,,חומץ בן יין אדום 500,מיליליטרים,500.00,"100 מ""ל",false,1,15.00,3.00,true,1,
8004275059895,false,"חומץ בן יין לבן 500 מ""ל CIRIO",,,חומץ בן יין לבן 500,מיליליטרים,500.00,"100 מ""ל",false,1,15.00,3.00,true,1,
8004275079442,false,שמן זית כתית מעולה לא מסונן 1 ליטר CIRIO,,,שמן זית כתית מעולה,מיליליטרים,1000.00,"100 מ""ל",false,1,56.50,5.65,true,1,
8004309015217,false,בורטה איטלקית 125 גרם,,IT,בורטה איטלקית 125 גר,גרמים,125.00,100 גרם,false,1,23.90,19.12,true,1,
8004360061208,false,פידו צנצנת הרמטי 0.,,,פידו צנצנת הרמטי 0.,Unknown,0.00,Unknown,false,1,22.90,22.90,true,1,
8004690278246,false,"קמח דורום איטלקי לפיצה 1 ק""ג",,IT,קמח דורום איטלקי לפי,גרמים,1000.00,100 גרם,false,1,10.40,1.04,true,1,
8004690278277,false,"קמח דורום מלא איטלקי 1 ק""ג",,IT,קמח דורום מלא איטלקי,גרמים,1000.00,100 גרם,false,1,10.90,1.09,true,1,
8005110002243,false,רכז עגבניות Doppio Concentr בשפופרת 185 ג' MUTTI,"איי, בי, אינבוו",IT,רכז עגבניות DOPPIO ב,גרמים,185.00,100 גרם,false,1,7.50,4.05,true,1,
8005110060106,false,מארז זוג עגבניות מקולפות 400*2 גרם MUTTI,"איי, בי, אינבוו",IT,מארז זוג עגבניות מקו,גרמים,800.00,100 גרם,false,1,14.90,1.86,true,1,
8005110170300,false,שלישיית עגבניות מרוסקות 400 גר MUTTI,Mutti,IT,POLPA עגבניות חתוכות,גרמים,400.00,100 גרם,false,1,16.90,4.23,true,1,
8005110171215,false,עגבניות חתוכות 690 POLPAPEZZI ג' (כחול) MUTTI,"איי, בי, אינבוו",IT,POLPAPEZZI עגבניות ח,גרמים,500.00,100 גרם,false,1,14.90,2.98,true,1,
8005110191015,false,רסק עגבניות ובזיליקום 700 ג' (ירוק) MUTTI,"איי, בי, אינבוו",IT,רסק עגבניות ובזיליקו,גרמים,500.00,100 גרם,false,1,12.90,2.58,true,1,
8005110200014,false,רכז עגבניות 210 גרם MUTTI,"איי, בי, אינבוו",IT,רכז עגבניות 210 גרם,מיליליטרים,212.00,"100 מ""ל",false,1,8.50,4.01,true,1,
8005110551253,false,מוטי רוטב לפיצה 400 גרם,"איי, בי, אינבוו",IT,רוטב פיצה 400 גרם,גרמים,400.00,100 גרם,false,1,9.90,2.48,true,1,
8005180150233,false,PAGANI טורטליני גבינה ועגבניות 200 גרם,,IT,PAGANI טורטליני גבינ,גרמים,200.00,100 גרם,false,1,19.90,9.95,true,1,
8005180150295,false,PAGANI טורטליני פטריות פורציני 250 גרם,,IT,PAGANI טורטליני פטרי,גרמים,250.00,100 גרם,false,1,19.90,7.96,true,1,
8005180152640,false,PAGANI רביולי גבינה וכמהין 250 גרם,,IT,PAGANI רביולי גבינה,גרמים,250.00,100 גרם,false,1,19.90,7.96,true,1,
8005200256587,false,משקה תה בטעם אפרסק 1.5ל' NESTEA,מפעל סאנפלגרינו S.P.,IT,נסטי בטעם אפרסק 1.5,ליטרים,0.00,ליטר,false,1,8.90,8.90,true,1,
8005200286584,false,משקה תה בטעם מנגו אננס 1.5 ל' NESTEA,מפעל סאנפלגרינו S.P.,IT,נסטי בטעם מנגו אננס,ליטרים,0.00,ליטר,false,1,8.90,8.90,true,1,
8005390002667,false,יין פרוסקו ברוט 750 מל,,,יין פרוסקו ברוט 750,Unknown,0.00,Unknown,false,1,57.90,57.90,true,1,
8005390036075,false,סרטורי קברנה סוביניון 750 מל,,,יין וילה מורה קברנה,Unknown,0.00,Unknown,false,1,37.90,37.90,true,1,
8005390046579,false,"סרטורי, פינו גריגיו רוזה, לאב סטורי 750מ",,,סרטורי פינו גריגיו,Unknown,0.00,Unknown,false,1,51.90,51.90,true,1,
8005390936153,false,"סרטורי פינו גריגיו ארכולה 750 מ""ל",,,סרטורי פינו גריגיו,Unknown,0.00,Unknown,false,1,51.90,51.90,true,1,
8005469951452,false,ממרח אנשובי עם שמן חמניות,בנדטו סקלייה סרל,IT,ממרח אנשובי איטלקי 6,גרמים,60.00,100 גרם,false,1,14.60,24.33,true,1,
8005469981602,false,פילה אנשובי איטלקי ש.חמניות 80 גר SCALIA,,,פילה אנשובי איטלקי ש,גרמים,80.00,100 גרם,false,1,15.90,19.88,true,1,
8005493000966,false,יין ציטרה קרוסו 750 מל,,,יין ציטרה קרוסו 750,Unknown,0.00,Unknown,false,1,79.90,79.90,true,1,
8005803010357,false,גריסיני קלאסי עם שמן זית ומלח 125 גר,"אינסטנטה בע""מ",IT,גריסיני קלאסי עם שמן,גרמים,125.00,100 גרם,false,1,9.40,7.52,true,1,
8005803010586,false,גריסיני בטעם פיצה 125 ג',"הוסטה איטליה, ס.ר.ל.",IT,גריסיני פיצה 125 גר,גרמים,125.00,100 גרם,false,1,9.40,7.52,true,1,
8006227000405,false,סמנצאטו-לחם פרוס חיטה מלאה 400 גרם,,IT,סמנצאטו-לחם פרוס חיט,גרמים,400.00,100 גרם,false,1,14.90,3.73,true,1,
8006423162556,false,מטבעות שוקולד ברשת 50 גרם SORINI,סוריני,IT,מטבעות שוקולד ברשת 5,גרמים,50.00,100 גרם,false,1,5.20,10.40,true,1,
8006540091937,false,לנור כדוריות הבושם בניחוח אריאל 210 גרם,,GB,כדוריות הבושם לנור נ,גרמים,210.00,100 גרם,false,1,32.90,15.67,true,1,
8006540112793,false,"מרכך כביסה מרוכז בניחוח יסמין לנור 900 מ""ל",,,מרכך כביסה לנור מרוכ,מיליליטרים,900.00,"100 מ""ל",false,1,18.80,2.09,true,1,
8006540112854,false,"מרכך כביסה מרוכז בניחוח סחלב לנור 900 מ""ל",,,מרכך כביסה לנור מרוכ,מיליליטרים,900.00,"100 מ""ל",false,1,18.80,2.09,true,1,
8006540157374,false,"פנטן מיראקלס במבוק מרכך 275 מ""ל",,FR,מרכך פנטן מיראקלס במ,מיליליטרים,275.00,"100 מ""ל",false,1,21.90,7.96,true,1,
8006540352960,false,טמפקס פרל רגולר 20 יח,,,טמפקס פרל רגולר 20 י,Unknown,0.00,Unknown,false,1,26.50,26.50,true,1,
8006540358498,false,פרל טמפונים סופר פלו,,HU,טמפקס פרל סופר 18 יח,Unknown,0.00,Unknown,false,1,24.90,24.90,true,1,
8006540425930,false,אריאל קפסולות לכביסה ג'ל 24 יח' לכתמים קשים,פרוקטר & גמבל,FR,קפסולות לכביסה אריאל,Unknown,0.00,Unknown,false,1,34.90,34.90,true,1,
8006540429327,false,"פיירי סבון כלים לימון 440 מ""ל",,,פיירי סבון כלים לימו,יחידה,1.00,יחידה,false,1,10.90,10.90,true,1,
8006540491539,false,"נוזל כלים פיירי פלטינום אוריגינל 780 מ""ל",,GB,נוזל כלים פיירי פלטי,מיליליטרים,780.00,"100 מ""ל",false,1,12.90,1.65,true,1,
8006540495216,false,"לנור מרכך כביסה מרוכז בניחוח אמאטיסט 900 מ""ל",,,מרכך כביסה לנור בניח,מיליליטרים,897.00,"100 מ""ל",false,1,18.80,2.10,true,1,
8006540592496,false,תחבושות אולוויז אולטרא כפול לילה 20 יח,פרוקטר,DE,תחבושות אולוויז אולט,Unknown,0.00,Unknown,false,1,16.90,16.90,true,1,
8006663001042,false,גראנה פאדנה 200 ג' VIRGILIO,,IT,גרנה פדנו איטלקי,גרמים,200.00,100 גרם,false,1,27.50,13.75,true,1,
8006663001073,false,פרמזנו רגאנו איטלקי 200 גרם,,IT,פרמזנו רגאנו איטלקי,גרמים,200.00,100 גרם,false,1,33.50,16.75,true,1,
8006837001137,false,מורטו לחם בריוש חיטה מלאה 600 גרם,,IT,מורטו לחם בריוש חיטה,גרמים,600.00,100 גרם,false,1,13.90,2.32,true,1,
8007150901296,false,שמן אבוקדו אורגני בכבישה קרה 250 מל,,,שמן אבוקדו אורגני בכ,מיליליטרים,250.00,"100 מ""ל",false,1,65.90,26.36,true,1,
8007150901623,false,שמן זרעי ענבים 1 ליטר +1/2 ליטר במארז,,,שמן זרעי ענבים 1 ליט,ליטרים,0.00,ליטר,false,1,57.50,57.50,true,1,
8007150907175,false,שמן אורז 1 ליטר,,,שמן אורז 1 ליטר,ליטרים,0.00,ליטר,false,1,44.90,44.90,true,1,
8007178120310,false,"חומץ בלסמי ג'קובזי 500 מ""ל",פטורייה ג'יאקובאזי ס,IT,חומץ בלסמי גקובזי 50,מיליליטרים,500.00,"100 מ""ל",false,1,21.90,4.38,true,1,
8007178223547,false,"חומץ בלסמי מצומצם גקובזי 250 מ""ל",פארייפאבה אגרואינדוס,IT,חומץ בלסמי מצומצם גק,מיליליטרים,250.00,"100 מ""ל",false,1,24.90,9.96,true,1,
8007537000543,false,"טורטיליה ציפס בטעם טבעי לל""ג 450 גרם",,IT,טורטיליה ציפס בטעם,גרמים,450.00,100 גרם,false,1,27.90,6.20,true,1,
8007537005920,false,פרימיום ציפס מלח ים 300 גרם,,IT,פרימיום ציפס מלח ים,גרמים,300.00,100 גרם,false,1,27.90,9.30,true,1,
8007537005937,false,פרימיום ציפס פלפל שחור ומלח ים 300 גרם,,IT,פרימיום ציפס פלפל שח,גרמים,300.00,100 גרם,false,1,27.90,9.30,true,1,
8007537006538,false,"טורטיליה ציפס תירס כחול לל""ג 450 גרם",,IT,טורטיליה ציפס תירס כ,גרמים,450.00,100 גרם,false,1,27.90,6.20,true,1,
8008164002344,false,גלידה משפחתית גלטי א.לוז שוקולד ופיסטוק,,,גלידה משפחתית גלטי א,גרמים,1000.00,100 גרם,false,1,32.90,3.29,true,1,
8008164002399,false,"גלידה משפחתית גלטי דובדבן שחור 1 ק""ג",,,גלידה משפחתית גלטי ד,גרמים,1000.00,100 גרם,false,1,32.90,3.29,true,1,
8008164002580,false,"גלידה משפחתית גלטי ריבת חלב 1 ק""ג",,,גלידה משפחתית גלטי ר,גרמים,1000.00,100 גרם,false,1,32.90,3.29,true,1,
8008440249425,false,בירה אסהי יבשה מאד 330 מל בקבוק,פרונרי,IT,בירה אסהי 330 מל בק,מיליליטרים,330.00,"100 מ""ל",false,1,11.90,3.61,true,1,
8008495002402,false,יין מרסלה פיין 700 מל,,,יין מרסלה פיין 700 מ,Unknown,0.00,Unknown,false,1,46.90,46.90,true,1,
8008620009276,false,קריץ-קרקר מלוח 500 גרם,,IT,קריץ קרקר מלוח 500 ג,גרמים,500.00,100 גרם,false,1,18.90,3.78,true,1,
8008660210014,false,מעדן ריבה מנץ אנד גאססר משמש 300 גר,קריניציה ויטמינה אס,IT,מעדן ריבה מנץ אנד גא,גרמים,300.00,100 גרם,false,1,18.80,6.27,true,1,
8008660210038,false,מעדן ריבה מנץ אנד גאססר תות שדה 300 גר,קריניציה ויטמינה אס,IT,מעדן ריבה מנץ אנד גא,גרמים,300.00,100 גרם,false,1,18.80,6.27,true,1,
8008660210052,false,מעדן ריבה מנץ אנד גאססר תפוז 320 גר,,,מעדן ריבה מנץ אנד גא,גרמים,320.00,100 גרם,false,1,18.80,5.88,true,1,
8008698002100,false,גריסיני 150 גרם,,,גריסיני 150 גרם,גרמים,150.00,100 גרם,false,1,23.90,15.93,true,1,
8008698003152,false,"SCHAR גבטה כפרית לל""ג 250 גרם",,,"SCHAR גבטה כפרית לל""",גרמים,250.00,100 גרם,false,1,22.90,9.16,true,1,
8008698004548,false,שר ביסקוויט בציפוי קרם שוקולד חלב ללא גלוטן 150 גר',,,ביסקוויטים בציפוי קר,גרמים,150.00,100 גרם,false,1,19.90,13.27,true,1,
8008698004630,false,עוגיות דבל שוקולד 250 גרם,דר שר ס.ר.ל,DE,עוגיות דבל שוקולד 25,גרמים,250.00,100 גרם,false,1,28.50,11.40,true,1,
8008698005231,false,עוגיות שוקולד שר 165 גרם,ליב,IT,עוגיות שוקולד שר 165,גרמים,165.00,100 גרם,false,1,20.90,12.67,true,1,
8008698005347,false,ביסקוטי שוקולד שר 150 גרם,ליב,IT,ביסקוטי שוקולד שר 15,גרמים,150.00,100 גרם,false,1,15.90,10.60,true,1,
8008698010358,false,תערובת קמחים ללא גלוטן 500 גר SCHAER,דר שר,IT,תערובת קמחים ללא גלו,גרמים,500.00,100 גרם,false,1,16.90,3.38,true,1,
8008698012857,false,ביסקויטים פתי בר שר 165 גרם,דר שר,IT,ביסקויטים פתי בר שר,גרמים,165.00,100 גרם,false,1,20.80,12.61,true,1,
8008698013045,false,"עוגיות עם דבש לל""ג הופס 220 גרם",,,"עוגיות עם דבש לל""ג ה",גרמים,220.00,100 גרם,false,1,19.90,9.05,true,1,
8008698054109,false,ממרח אגוזי לוז קקאו ומקלות אפויים 52 גר,,,ממרח אגוזי לוז קקאו,גרמים,52.00,100 גרם,false,1,12.90,24.81,true,1,
8008825005363,false,עגבניות מרוסקות 3*400 גר Rodolfi,,,עגבניות מרוסקות 3*4,קילוגרמים,0.00,"ק""ג",false,1,17.70,17.70,true,1,
8008825012545,false,מחית עגבניות/זרעים 690 גרם Rodolfi,,,מחית עגבניות/זרעים 6,גרמים,690.00,100 גרם,false,1,12.00,1.74,true,1,
8008857406152,false,פסטה רג'ייה 3 צבעים אט' עגולות,,,אטריות עגולות עבות 5,גרמים,500.00,100 גרם,false,1,7.90,1.58,true,1,
8008857601090,false,פסטה קנלוני רג'יה 250 גר',,,קנלוני פסטה 250 גר,גרמים,250.00,100 גרם,false,1,10.30,4.12,true,1,
8008920590078,false,למברוסקו ספומנטה לבן 750 מל CORONA,,,למברוסקו ספומנטה לבן,Unknown,0.00,Unknown,false,1,30.90,30.90,true,1,
8008920590085,false,למברוסקו ספומנטה אדום 750 מל CORONA,,,למברוסקו ספומנטה רוז,Unknown,0.00,Unknown,false,1,30.90,30.90,true,1,
8009470009027,false,סימבה שימורים לכלבים עוף והודו 415 ג',,,סימבה לכלב עוף והודו,גרמים,400.00,100 גרם,false,1,4.00,1.00,true,1,
8009470009171,false,סימבה שימורים לכלבים צייד 415 ג',מונג,IT,סימבה לכלב צייד 415,Unknown,0.00,Unknown,false,1,4.00,4.00,true,1,
8009915000039,false,פסטה קפליני ללא גלוטן 250 גרם,,,פסטה קפליני ללא גלוט,גרמים,250.00,100 גרם,false,1,14.90,5.96,true,1,
8009915000282,false,פסטה פטוציני ללא גלוטן 250 גרם,,,פסטה פטוציני ללא גלו,גרמים,250.00,100 גרם,false,1,14.90,5.96,true,1,
8009915004204,false,ביסקוויט מקמח תירס בטעם מעודן 300 גרם,מולינו דה פירו,IT,ביסקוויט מקמח תירס,גרמים,300.00,100 גרם,false,1,16.90,5.63,true,1,
8009915008905,false,מיני גריסיני ל.גלוטן עם שמן זית 250 גרם,מולינו דה פירו,,מיני גריסיני ל.גלוטן,גרמים,250.00,100 גרם,false,1,17.90,7.16,true,1,
8010024006010,false,חמאת שקדים 100% 350 גרם השקד,תות תעשיות מזון (201,IT,חמאת שקדים 100% 350,גרמים,350.00,100 גרם,false,1,39.90,11.40,true,1,
8013108003530,false,בונבוניירה קרמיני 165 גר CAFFAREL,CAFFAREL,IT,בונבוניירה קרמיני 16,גרמים,165.00,100 גרם,false,1,29.90,18.12,true,1,
8013399145278,false,סוכריות סטיביה דיטרול ליקוריש 70 גרם,,,סוכריות סטיביה,Unknown,0.00,Unknown,false,1,12.60,12.60,true,1,
8013399145315,false,סוכריות סטיביה דיטרול תות 70 גרם,,,סוכריות סטיביה דיטרו,Unknown,0.00,Unknown,false,1,12.60,12.60,true,1,
8014601026354,false,"קמח ""00"" איטלקי לפיצה שף אדום 1 ק""ג",,,"קמח ""00"" איטלקי לפיצ",גרמים,1000.00,100 גרם,false,1,15.60,1.56,true,1,
8014601028747,false,קמח 00 איטלקי כחול 1 קג CAPUTO,,,"קמח ""00"" איטלקי כחול",גרמים,1000.00,100 גרם,false,1,13.90,1.39,true,1,
8015822000178,false,יין פאלאצו דלה טורה 750 מל,,,יין פאלאצו דלה טורה,Unknown,0.00,Unknown,false,1,104.90,104.90,true,1,
8015997000133,false,מאריני-קנטוצ'יני עוגיות עם שקדים 200 גר',,IT,מאריני-קנטוציני עוגי,גרמים,200.00,100 גרם,false,1,15.90,7.95,true,1,
8015997000607,false,מאריני בישקוטים פריכים 200 גרם,,,מאריני בישקוטים פריכ,גרמים,200.00,100 גרם,false,1,6.90,3.45,true,1,
8015997000638,false,מאריני אצבעות מתוקות 200 גרם,,,מאריני אצבעות מתוקות,גרמים,200.00,100 גרם,false,1,11.90,5.95,true,1,
8016867002646,false,מגן תחתון אורגניק ארוך במיוחד 20 יח,,,מגן תחתון אורגניק אר,Unknown,0.00,Unknown,false,1,22.90,22.90,true,1,
8016867009959,false,מגן תחתון באריזה אישית אורגניק,,,מגן תחתון באריזה איש,Unknown,0.00,Unknown,false,1,25.90,25.90,true,1,
8017300114452,false,"ליקר לימונצלו פיימה 700 מ""ל",,,ליקר לימונצלו פיימה,מיליליטרים,700.00,"100 מ""ל",false,1,93.90,13.41,true,1,
8017938005184,false,"חומץ תפוחים אורגני 750 מ""ל",,,חומץ תפוחים אורגני 7,מיליליטרים,750.00,"100 מ""ל",false,1,18.50,2.47,true,1,
8018102000110,false,ריזוטו ארבוריו סופרפינו 500 גרם,,,ריזוטו ארבוריו סופרפ,גרמים,500.00,100 גרם,false,1,18.90,3.78,true,1,
8019428000105,false,משקה שיבולת שועל אורגני 1 ליטר,,,משקה שיבולת שועל אור,מיליליטרים,1000.00,"100 מ""ל",false,1,13.90,1.39,true,1,
8019428007005,false,משקה סויה אורגני 1 ליטר,,,משקה סויה אורגני 1 ל,מיליליטרים,1000.00,"100 מ""ל",false,1,12.50,1.25,true,1,
8021274070010,false,קמח לבן פיצה נפוליטנה 1 קג STAGIONI 5,,,קמח לבן פיצה נפוליטנ,גרמים,1000.00,100 גרם,false,1,14.90,1.49,true,1,
8022470226379,false,דרגיה קשיו מריר 500 גר PRISCO MAX,ITALIANA CONFETTI,BE,דרגיה קשיו מריר 500,גרמים,500.00,100 גרם,false,1,39.90,7.98,true,1,
8022734111885,false,"חומץ תפוחים 250 מ""ל דאו ויטוריו",,IT,"חומץ תפוחים 250 מ""ל",מיליליטרים,250.00,"100 מ""ל",false,1,34.90,13.96,true,1,
8023114000515,false,יין איטלקי וורזנו קיאנטי קלסיקו 750 מל,,,יין איטלקי וורזנו קי,מיליליטרים,750.00,"100 מ""ל",false,1,93.90,12.52,true,1,
8023492000336,false,סטיק שוקולד מריר עם אגוזים 150 גר DG 3,,,סטיק שוקולד מריר עם,גרמים,150.00,100 גרם,false,1,15.90,10.60,true,1,
8023678164517,false,"משקה שקדים אורגני ללת""ס 1 ליטר isola",,,משקה שקדים אורגני לל,ליטרים,0.00,ליטר,false,1,16.70,16.70,true,1,
8024985002783,false,סמוזי נטורה נובה גזר ודלעת 100 גרם,,,סמוזי נטורה נובה גזר,גרמים,100.00,100 גרם,false,1,5.90,5.90,true,1,
8024985002912,false,סמוזי אגס בטטה 100 גר נטורה נובה,נטורה נובה,IT,סמוזי אגס בטטה 100 ג,גרמים,100.00,100 גרם,false,1,5.90,5.90,true,1,
8024985002943,false,סמוזי נטורה נובה תפוח אננס קוקוס 100 גרם,נטורה נובה,IT,סמוזי נטורה נובה תפו,גרמים,100.00,100 גרם,false,1,5.90,5.90,true,1,
8024985005234,false,סמוזי נטורה נובה סמוצי תפוח מנגו 100 גרם,נטורה נובה,IT,מחית נטורה נובה סמוצ,גרמים,100.00,100 גרם,false,1,5.90,5.90,true,1,
8024985008037,false,סמוזי נטורה נובה סמוצי תפוח 100 גרם,"נטורפוד בע""מ",IT,מחית נטורה נובה סמוצ,גרמים,100.00,100 גרם,false,1,5.90,5.90,true,1,
8024985008044,false,סמוזי נטורה נובה סמוצי אגס 100 גרם,"נטורפוד בע""מ",IT,מחית נטורה נובה סמוצ,גרמים,100.00,100 גרם,false,1,5.90,5.90,true,1,
8024985008051,false,סמוזי נטורה נובה סמוצי פירות אדומים 100,"נטורפוד בע""מ",IT,מחית נטורה נובה סמוצ,גרמים,100.00,100 גרם,false,1,5.90,5.90,true,1,
8026985075910,false,"מיץ תפוחים אורגני 750 מ""ל",,,מיץ תפוחים אורגני 75,מיליליטרים,750.00,"100 מ""ל",false,1,20.90,2.79,true,1,
8028696273937,false,ממרח חצילים בצנצנת 130 גרם אמאטו,,,ממרח חצילים בצנצנת 1,גרמים,130.00,100 גרם,false,1,11.90,9.15,true,1,
8030243015266,false,ביוקאפ דליקטו מהיר צבע ערמונים טבעי,,,ביוקאפ דליקטו מהיר צ,מיליליטרים,135.00,"100 מ""ל",false,1,63.90,47.33,true,1,
8030243015280,false,ביוקאפ דליקטו מהיר צבע בלונדיני טבעי,,,ביוקאפ דליקטו מהיר צ,מיליליטרים,135.00,"100 מ""ל",false,1,63.90,47.33,true,1,
8030316001011,false,מונטאלבאנו פינו גריגיו 750 מל אורגני,,,מונטאלבאנו פינו,מיליליטרים,750.00,"100 מ""ל",false,1,65.90,8.79,true,1,
8032523530452,false,ממרח פיסטוק 200 גרם,,,ממרח פיסטוק 200 גרם,גרמים,200.00,100 גרם,false,1,41.90,20.95,true,1,
8032793342458,false,עגבניות מרוסקות דק ומסוננות בבקבוק 700 ג,,,עגבניות מרוסקות דק ו,גרמים,700.00,100 גרם,false,1,13.50,1.93,true,1,
8032793344520,false,פומי תרכיז עגבניות מרוכז מאוד 200 ג',,,תרכיז עגבניות מרוכז,גרמים,200.00,100 גרם,false,1,7.90,3.95,true,1,
8032880800243,false,מקלות אפויים עם ממרח+הפתעה,"הוסטה איטליה, ס.ר.ל.",IT,פיקניק הפתעה 50 גרם,גרמים,50.00,100 גרם,false,1,7.90,15.80,true,1,
8032880800410,false,פיק-ניק מקלות פריכים עם ממרח שוקולד 50 ג,,,פיק-ניק מקלות פריכים,גרמים,50.00,100 גרם,false,1,5.90,11.80,true,1,
8033020445973,false,"PIVETTI קמח 00 לכל מטרה 1 ק""ג",PIVETTI,IT,PIVETTI קמח 00 לכל מ,גרמים,1000.00,100 גרם,false,1,7.90,0.79,true,1,
8033020445980,false,"קמח לפסטה 1 pasta fresca ק""ג 00 PIVETTI",PIVETTI,IT,PIVETTI קמח לפסטה 00,גרמים,1000.00,100 גרם,false,1,13.50,1.35,true,1,
8033020445997,false,"קמח איטלקי ללחמים 1 ק""ג 0 PIVETTI",PIVETTI,IT,PIVETTI קמח איטלקי ל,גרמים,1000.00,100 גרם,false,1,11.40,1.14,true,1,
8033020446000,false,"קמח איטלקי לפיצה ופוקצה 1 ק""ג 00 PIVETTI",PIVETTI,IT,PIVETTI קמח איטלקי ל,גרמים,1000.00,100 גרם,false,1,10.40,1.04,true,1,
8034023209104,false,רבעי ארטישוק 280 גרם TERRE,,,רבעי ארטישוק 280 גרם,גרמים,280.00,100 גרם,false,1,18.70,6.68,true,1,
8034023209166,false,ארטישוק שלם 530 גר TERRE,,,ארטישוק שלם 530 גר T,גרמים,530.00,100 גרם,false,1,29.50,5.57,true,1,
8034023209173,false,רבעי ארטישוק 290 גרם TERRE,,,רבעי ארטישוק 290 גרם,גרמים,290.00,100 גרם,false,1,18.70,6.45,true,1,
8034023209180,false,ארטישוק בגריל 290 גרם TERRE,,,ארטישוק בגריל 290 גר,גרמים,290.00,100 גרם,false,1,18.10,6.24,true,1,
8076800195019,false,ברילה - צ.א ספגטי מס1 קפליני 500 גרם,ברילה גי.אי.אר פרטלי,IT,ספגטי מס 1 קפליני 5,גרמים,500.00,100 גרם,false,1,6.90,1.38,true,1,
8076800195057,false,ברילה - צ.א ספגטי מס5 חדש 500 גרם,ברילה גי.אי.אר פרטלי,IT,ספגטי ברילה מס 5 ברי,גרמים,500.00,100 גרם,false,1,6.90,1.38,true,1,
8076800195132,false,ברילה - צ.א בבטה מס13 500 גרם,ברילה גי.אי.אר פרטלי,IT,פסטה ברילה מס 13,גרמים,500.00,100 גרם,false,1,6.90,1.38,true,1,
8076800315097,false,ברילה - צ.א בוקטיני מס9 500 גרם,ברילה גי.אי.אר פרטלי,IT,ספגטי ברילה בוקטיני,גרמים,500.00,100 גרם,false,1,6.90,1.38,true,1,
8076802085738,false,ברילה - צ.ק פנה רגטה חדש 500 גרם,ברילה גי.אי.אר פרטלי,IT,פסטה ברילה פנה רגטה,גרמים,500.00,100 גרם,false,1,6.90,1.38,true,1,
8076802085837,false,ברילה - צ.ק טורטליוני מס83 500 גרם,הנסיך- מפעל לייצור ט,IT,פסטה ברילה טורטליוני,גרמים,500.00,100 גרם,false,1,6.90,1.38,true,1,
8076802085936,false,ברילה - פסטה קונצילה ריגטה 500 גרם,ברילה גי.אי.אר פרטלי,IT,ברילה קונציליאה ריגא,גרמים,500.00,100 גרם,false,1,6.90,1.38,true,1,
8076802085981,false,ברילה - צ.ק פוזילי חדש 500 גרם,ברילה גי.אי.אר פרטלי,IT,פסטה ברילה פוזילי מס,גרמים,500.00,100 גרם,false,1,6.90,1.38,true,1,
8076808060654,false,ברילה - צ.ק פרפלה חדש 500 גרם,ברילה גי.אי.אר פרטלי,IT,ברילה פרפלה מס 65,גרמים,500.00,100 גרם,false,1,6.90,1.38,true,1,
8076808150072,false,ברילה - צ.א ספגטוני מס7 חדש 500 גרם,ברילה גי.אי.אר פרטלי,IT,ספגטי ברילה מס 7 ברי,גרמים,500.00,100 גרם,false,1,6.90,1.38,true,1,
8076809501415,false,ברילה קנלוני/פנה 500 ג' מצה פנה טרקולור 500 גרם,,,פנה טריקולור 78 500,גרמים,500.00,100 גרם,false,1,16.20,3.24,true,1,
8076809512268,false,ברילה - צ.ק גירנדולה חדש 500 גרם,ברילה גי.אי.אר פרטלי,IT,ברילה גירנדולה מס 34,גרמים,500.00,100 גרם,false,1,6.90,1.38,true,1,
8076809513456,false,ברילה רוטב עגבניות עם בזיליקום 400 גר,,IT,ברילה רוטב עגבניות,גרמים,400.00,100 גרם,false,1,11.90,2.98,true,1,
8076809513654,false,בסיס רוטב עגבניות לבולונז 400 גרם ברילה,ברילה גי.אי.אר פרטלי,IT,בסיס רוטב עגבניות לב,גרמים,400.00,100 גרם,false,1,14.90,3.73,true,1,
8076809513692,false,רוטב עגבניות נפולטנה בתוספת ירקות,ברילה גי.אי.אר פרטלי,IT,רוטב נפוליטנה 400 גר,גרמים,400.00,100 גרם,false,1,14.90,3.73,true,1,
8076809514774,false,ברילה איטריות ביצים פפרדלה 250ג',ברילה גי.אי.אר פרטלי,IT,פסטה עם ביצים פפרדלה,גרמים,250.00,100 גרם,false,1,17.90,7.16,true,1,
8076809523561,false,רוטב עגבניות עם עשבי תיבול 400 ג' ברילה,ברילה גי.אי.אר פרטלי,IT,רוטב פסטה בטעם פיצה,גרמים,400.00,100 גרם,false,1,14.90,3.73,true,1,
8076809523714,false,"פסטה ברילה טליאטלה, 500 ג'","ש. שסטוביץ בע""מ",IT,ברילה איטריות 500 גר,גרמים,500.00,100 גרם,false,1,22.90,4.58,true,1,
8076809523738,false,פסטה ברילה לזניה 500ג',ברילה גי.אי.אר פרטלי,IT,ברילה לזניה 500 גרם,גרמים,500.00,100 גרם,false,1,21.70,4.34,true,1,
8076809529419,false,ספגטי מחיטה מלאה מס' 5 500 ג' ברילה,ברילה גי. אי. אר פרט,IT,ספגטי חיטה מלאה 500,גרמים,500.00,100 גרם,false,1,12.90,2.58,true,1,
8076809529433,false,ברילה פנטה רגטה מחיטה מלאה 500ג',"ש. שסטוביץ בע""מ",IT,פנטה רגטה חיטה מלאה,גרמים,500.00,100 גרם,false,1,12.90,2.58,true,1,
8076809545457,false,ברילה אטריות ללא גלוטן 400 ג' צינורות 400 ג',"ש. שסטוביץ בע""מ",IT,ברילה פסטה ללא גלוטן,גרמים,400.00,100 גרם,false,1,14.90,3.73,true,1,
8076809547956,false,ברילה - צ.ק קיפרי 500 גרם,ברילה סורג,IT,ברילה קיפרי 500 גר,גרמים,500.00,100 גרם,false,1,6.90,1.38,true,1,
8121300207004,false,טרוביה - סטיביה ממתיק בצנצנת 270 גרם,,US,טרוביה סטיביה ממתיק,גרמים,270.00,100 גרם,false,1,36.50,13.52,true,1,
8358110076302,false,כסות פלסטיק קר 40יח',"איטיליאן פוד, אס.פי.",IL,כוסות לחיים הנמל 40,Unknown,0.00,Unknown,false,1,9.90,9.90,true,1,
8410013990571,false,יין קאווה קודורניו רוונטוס ברוט 750 מל,,,יין קאווה קודורניו ר,Unknown,0.00,Unknown,false,1,78.90,78.90,true,1,
8410013991042,false,יין קאווה באך יבש 750 מל,,,יין קאווה באך יבש 75,Unknown,0.00,Unknown,false,1,41.90,41.90,true,1,
8410013992094,false,יין קאווה באך חצי יבש 750 מל,,,יין קאווה באך חצי יב,Unknown,0.00,Unknown,false,1,41.90,41.90,true,1,
8410031132519,false,צופה צופס-לקקן 16 יח בשקית 120 גר,,AT,צופה צופס-לקקן 16 יח,גרמים,120.00,100 גרם,false,1,14.60,12.17,true,1,
8410031934892,false,סוכריות צופה צופ מלודי רביעייה 60 גרם,,RU,סוכריות צופה צופ מלו,גרמים,60.00,100 גרם,false,1,10.40,17.33,true,1,
8410076600479,false,נייטשר וואלי ש.שועל ושבבי שוקולד 210 גר,,,נייטשר וואלי ש.שועל,גרמים,210.00,100 גרם,false,1,17.90,8.52,true,1,
8410076601254,false,נייטשר וואלי וראייטי מיקס 210 גרם,,,נייטשר וואלי וראייט,גרמים,210.00,100 גרם,false,1,17.90,8.52,true,1,
8410076610379,false,נייטשר ואלי פרוטאין בוטנים ושבבי שוקולד 160 ג',סריילטו ספיין פודס,ES,חטיף נייטשר ואלי פרו,גרמים,210.00,100 גרם,false,1,24.90,11.86,true,1,
8410076610386,false,נייטשר ואלי פרוטאין בוטנים עם ציפוי בטעם קרמל מלוח 160 ג',סריילטו ספיין פודס,ES,חטיף נייטשר ואלי פרו,גרמים,210.00,100 גרם,false,1,24.90,11.86,true,1,
8410076610508,false,"נייטשר וואלי צ'ואי שוקולד מריר בוטנים ושקדים, חמישיה 5 * 30 גרם",סראלטו,US,חטיף צואי נייטשר ווא,גרמים,150.00,100 גרם,false,1,17.90,11.93,true,1,
8410104039134,false,"פיניש מנקה ומחדש מדיח 250מ""ל",הדקלאים אגודת שיתופי,PL,מנקה ומחדש פיניש 250,מיליליטרים,250.00,"100 מ""ל",false,1,14.90,5.96,true,1,
8410104045111,false,"פיניש מלח למדיח כלים 2ק""ג",פ.פ.ח. שאביט,IL,פיניש מלח 2 קג,קילוגרמים,0.00,"ק""ג",false,1,14.90,14.90,true,1,
8410104511340,false,Veet רצועות שעווה לעור יבש (12 יח'),,,ויט רצועות שעווה יבש,Unknown,0.00,Unknown,false,1,39.90,39.90,true,1,
8410109056549,false,ואלור טב שוק חלב במילוי קרם אגוזים 100,,,ואלור טב שוק חלב במי,גרמים,100.00,100 גרם,false,1,13.90,13.90,true,1,
8410113003027,false,"סנגרה דה טורו 750 מ""ל",טורס,ES,סנגרה דה טורו (טורס),מיליליטרים,750.00,"100 מ""ל",false,1,49.90,6.65,true,1,
8410128783587,false,ויוה סוי שיבולת שועל קרטונית 1 ליטר,,ES,ויוה סוי שיבולת שועל,מיליליטרים,1000.00,"100 מ""ל",false,1,12.90,1.29,true,1,
8410179002651,false,זיתים שחורים מגולענים 314 גר,,ES,זיתים שחורים מגולעני,גרמים,314.00,100 גרם,false,1,10.40,3.31,true,1,
8410179002767,false,זיתים ירוקים ממולאים באנשובי 300 גר ITLV,,ES,זיתים ירוקים ממולאים,גרמים,300.00,100 גרם,false,1,10.40,3.47,true,1,
8410179002798,false,זיתים ירוקים ממולאים בלימון 314 גר,,ES,זיתים ירוקים ממולאים,גרמים,314.00,100 גרם,false,1,10.40,3.31,true,1,
8410261151625,false,יין סנגריה גרסיה דון סימון אדום 1.5 ל,,,יין סנגריה גרסיה דון,Unknown,0.00,Unknown,false,1,21.90,21.90,true,1,
8410310608889,false,"אל מיראקל גראנש טינטוררה 750 מ""ל",,ES,אל מיראקל גראנש טינט,מיליליטרים,750.00,"100 מ""ל",false,1,66.90,8.92,true,1,
8410376006070,false,בסקוויט גולון מריה 800 ג',,,בסקוויט גולון מריה 8,גרמים,800.00,100 גרם,false,1,11.90,1.49,true,1,
8410376010701,false,"ביסקוויט ללת""ס גולון גלטה מריה 400 גר",תות תעשיות מזון (201,ES,ביסקוויט גולון,גרמים,400.00,100 גרם,false,1,17.90,4.48,true,1,
8410376027273,false,עוגיות מצופות שוקולד לבן גולון טווינס252,,ES,עוגיות מצופות שוקולד,גרמים,252.00,100 גרם,false,1,12.90,5.12,true,1,
8410376028416,false,גולון או2 לצה 252ג,,ES,עוגיות מצופות שוקולד,גרמים,252.00,100 גרם,false,1,12.90,5.12,true,1,
8410376036862,false,גולון ביסקוויט סנדוויץ וניל 500 גר,,ES,גולון ביסקוויט סנדוו,גרמים,500.00,100 גרם,false,1,10.40,2.08,true,1,
8410376037784,false,"ביסקויט ללת""ס סנדוויץ שוקו 250 גר גונץ",תות תעשיות מזון (201,ES,"ביסקויט ללת""ס סנדווי",גרמים,250.00,100 גרם,false,1,16.90,6.76,true,1,
8410376052633,false,גולון-עוגיות שוקוצ'יפס ללא תוספת סוכר 150 ג 1/12,,ES,גולון-עוגיות שוקוציפ,גרמים,150.00,100 גרם,false,1,11.90,7.93,true,1,
8410376057270,false,גולון-ביסקוויט ללא סוכר עם ש.מריר 150 גר' 1/12,,ES,"גולון-ביסקוויט ללת""ס",גרמים,150.00,100 גרם,false,1,17.90,11.93,true,1,
8410376059380,false,גולון וופל וניל ללא תוספת סוכר 180 גרם,,ES,גולון וופל וניל ללא,גרמים,180.00,100 גרם,false,1,16.90,9.39,true,1,
8410376059397,false,גולון וופל שוקולד ללא תוספת סוכר 180 גרם,,ES,גולון וופל שוקולד לל,גרמים,180.00,100 גרם,false,1,16.90,9.39,true,1,
8410376064063,false,"גולון-שוקו רינג ביסקויט ללת""ס 150 גר",,ES,גולון-שוקו רינג ביסק,גרמים,150.00,100 גרם,false,1,16.90,11.27,true,1,
8410406211054,false,מרקז דה קסרס ריוחה רזרב 750 מל,,,מרקז דה קסרס ריוחה,Unknown,0.00,Unknown,false,1,123.90,123.90,true,1,
8410406311006,false,מרקז דה קסרס ריוחה קריאנזה 750 מל,,,מרקז דה קסרס ריוחה,Unknown,0.00,Unknown,false,1,67.90,67.90,true,1,
8410406321005,false,מרקז דה קסרס ריוחה קריאנזה 375 מל,,,מרקז דה קסרס ריוחה,Unknown,0.00,Unknown,false,1,45.90,45.90,true,1,
8410525116759,false,פיני גומי בננה 90 גרם,,ES,פיני גומי בננה 90 גר,גרמים,90.00,100 גרם,false,1,6.90,7.67,true,1,
8410525116803,false,פיני גומי תנינים 90 גרם,,ES,פיני גומי תנינים 90,Unknown,0.00,Unknown,false,1,6.90,6.90,true,1,
8410525125959,false,פיני גומי דובונים מסוכרים 90 גרם,,ES,פיני גומי דובונים מס,Unknown,1.00,Unknown,false,1,6.90,6.90,true,1,
8410525178085,false,פיני גומי אבטיח מסוכר 90 גרם,,ES,פיני גומי אבטיח מסוכ,Unknown,1.00,Unknown,false,1,6.90,6.90,true,1,
8410525186516,false,פיני גומי יוגורט 90 גרם,,ES,פיני גומי יוגורט 90,Unknown,1.00,Unknown,false,1,6.90,6.90,true,1,
8410525206184,false,פיני שטיחים חמוצים בטעם תות 90 גרם,,ES,פיני שטיחים חמוצים ב,Unknown,1.00,Unknown,false,1,6.90,6.90,true,1,
8410525211096,false,פיני גומי ריינבואו במילוי מתוק 90 גרם,,ES,פיני גומי ריינבואו ב,Unknown,0.00,Unknown,false,1,6.90,6.90,true,1,
8410525220548,false,פיני גומי חמוץ תמנון 90 גרם,,ES,פיני גומי חמוץ תמנון,Unknown,1.00,Unknown,false,1,6.90,6.90,true,1,
8410628460605,false,טונה ספרדית בשמן זית בצנצנת 190 גרם,,ES,טונה ספרדית בשמן זית,גרמים,190.00,100 גרם,false,1,28.50,15.00,true,1,
8410628460612,false,טונה ספרדית בשמן זית ולימון 190 גרם,,ES,טונה ספרדית בשמן זית,גרמים,190.00,100 גרם,false,1,28.50,15.00,true,1,
8410628460629,false,טונה ספרדית בשמן זית וצילי 190 גרם,,ES,טונה ספרדית בשמן זית,גרמים,190.00,100 גרם,false,1,28.50,15.00,true,1,
8410655002458,false,"בירה סאן מיגל ללא גלוטן 330 מ""ל",,,בירה סאן מיגל ללא גל,מיליליטרים,330.00,"100 מ""ל",false,1,12.50,3.79,true,1,
8410679030062,false,טבלת שוקולד חלב שקד ללא סוכר טראפה 75ג',,ES,טבלת טראפה ל.ס. חלב,גרמים,75.00,100 גרם,false,1,8.90,11.87,true,1,
8410679030079,false,טבלת שוקולד חלב שקד ללא סוכר טראפה 75ג',,ES,טבלת טראפה ל.ס. חלב,גרמים,75.00,100 גרם,false,1,8.90,11.87,true,1,
8410793001764,false,"רביעיית בירה אסטרייה דאם 330 מ""ל בקבוק",,,רביעיית בירה אסטרייה,מיליליטרים,1320.00,"100 מ""ל",false,1,36.90,2.80,true,1,
8410793262936,false,"אסטרייה דאם דאורה ללא גלוטן 330 מ""ל","סי סי דאם, אס.אל, בר",ES,אסטרייה דאם דאורה בק,מיליליטרים,330.00,"100 מ""ל",false,1,9.90,3.00,true,1,
8411320105276,false,פילה אנשובי בשמן זית 47.50 גרם ORTIZ,,,פילה אנשובי בשמן זית,Unknown,0.00,Unknown,false,1,26.50,26.50,true,1,
8411320334027,false,נתחי טונה צהובה בשמן זית (פחית) 112 ג ORTIZ,אורטיז,ES,נתחי טונה צהובה בשמן,גרמים,112.00,100 גרם,false,1,16.40,14.64,true,1,
8412700710295,false,"קקאולט משקה קקאו מוקה 200 מ""ל",,ES,קקאולט משקה קקאו מוק,מיליליטרים,200.00,"100 מ""ל",false,1,10.90,5.45,true,1,
8412700714101,false,"קקאולט משקה קקאו זכוכית 200 מ""ל",,ES,קקאולט משקה קקאו זכו,מיליליטרים,200.00,"100 מ""ל",false,1,10.90,5.45,true,1,
8413165061618,false,אוגרטה ריוחה קריאנזה 750 מל,,,אוגרטה ריוחה קריאנזה,Unknown,0.00,Unknown,false,1,57.90,57.90,true,1,
8413165070825,false,אוגרטה ריוחה קוסצה 2012 750 מל,,,אוגרטה ריוחה קוסצה,Unknown,0.00,Unknown,false,1,46.90,46.90,true,1,
8413529851039,false,ויניה אלברדי רזרבה לה ריוחה 98,,,ריוחה רזרבה וינייה א,Unknown,0.00,Unknown,false,1,83.90,83.90,true,1,
8413556004835,false,גבינת עיזים קפריציו טבעי 145 גרם,,,גבינת עיזים קפריציו,גרמים,145.00,100 גרם,false,1,21.90,15.10,true,1,
8423207206488,false,חטיף דגנים מלאים מצופה שוקולד חלב 120 גר,אף.סי תבליני בגליל ב,ES,חטיף דגנים מלאים מצו,גרמים,120.00,100 גרם,false,1,10.90,9.08,true,1,
8423207206495,false,חטיף דגנים מלאים מצופה שוקולד מריר 120 ג,אף.סי תבליני בגליל ב,ES,חטיף דגנים מלאים מצו,גרמים,120.00,100 גרם,false,1,10.90,9.08,true,1,
8423207207362,false,חטיף דגנים סלים דליס שוקולד לבן 120 גר,ביסנצ'ורי אס.אל.יו,ES,חטיף דגנים סלים דליס,גרמים,120.00,100 גרם,false,1,10.90,9.08,true,1,
8423207208680,false,מרבה חטיפי סלים דליס לילדים שוקולד חלב,ביסנצ'ורי אס.אל.יו,ES,סלים דליס לילדים עם,גרמים,120.00,100 גרם,false,1,10.90,9.08,true,1,
8423207208697,false,מרבה סלים דליס לילדים עם שוקולד לבן חדש,ביסנצ'ורי אס.אל.יו,ES,סלים דליס לילדים עם,גרמים,120.00,100 גרם,false,1,10.90,9.08,true,1,
8423207210928,false,"סלים דליס טופינג אגוזי לוז, 90 גרם",ביסנצ'ורי אס.אל.יו,ES,סלים דליס טופינג אגו,גרמים,90.00,100 גרם,false,1,10.90,12.11,true,1,
8423207210980,false,סלים דליס טופינג קליפת תפוז 90 גרם,,ES,סלים דליס טופינג קלי,גרמים,90.00,100 גרם,false,1,10.90,12.11,true,1,
8423371002725,false,מיקס קוקטייל פיצוחים SALYSOL,,ES,קוקטייל מיקס 100 גרם,גרמים,100.00,100 גרם,false,1,12.50,12.50,true,1,
8423371007492,false,גרעיני חמניה סאליסול 140 גרם,,ES,גרעיני חמניה סאליסול,גרמים,140.00,100 גרם,false,1,12.50,8.93,true,1,
8423453905654,false,"בירה ווילדר לאגר 330 מ""ל בקבוק",פונט סלאם וולנסיה,ES,בירה ווילדר לאגר 330,מיליליטרים,330.00,"100 מ""ל",false,1,6.50,1.97,true,1,
8423453905739,false,"שישיית בירה ווילדר לאגר 330 מ""ל בקבוק",פונט סאלם וולנסיה ספ,ES,שישיית בירה ווילדר ל,מיליליטרים,1980.00,"100 מ""ל",false,1,27.90,1.41,true,1,
8425206000081,false,ריבת חלב מרדל 450 גרם,כלורוקס אוקלנד,ES,ריבת חלב מרדל 450 גר,גרמים,450.00,100 גרם,false,1,17.90,3.98,true,1,
8425206000142,false,ריבת חלב מרדל בקבוק לחיץ 370 גרם,,,ריבת חלב מרדל בקבוק,גרמים,370.00,100 גרם,false,1,19.90,5.38,true,1,
8427030005010,false,סימילאק A.R לתינוקות פולטים 375 ג',,,סימילאק AR גר 375,גרמים,375.00,100 גרם,false,1,49.90,13.31,true,1,
8428818164172,false,מלח אטלנטי אפור גס 1,,,מלח אטלנטי אפור גס 1,קילוגרמים,0.00,"ק""ג",false,1,17.50,17.50,true,1,
8431438000256,false,מנצגו קייסו ספרדי במשקל,,,מנצגו קייסו ספרדי במ,Unknown,0.00,"ק""ג",true,0,208.00,208.00,true,1,
8435185944009,false,"משקה קל ד""ר פפר 330 מ""ל",,,"משקה קל ד""ר פפר 330",מיליליטרים,330.00,"100 מ""ל",false,1,6.90,2.09,true,1,
8435185953711,false,"משקה מוגז ד""ר פפר 330 מ""ל ללא סוכר",,,"משקה מוגז ד""ר פפר 33",מיליליטרים,330.00,"100 מ""ל",false,1,5.90,1.79,true,1,
8435185954626,false,"משקה קל ד""ר פפר בטעם דובדבן 330 מ""ל",,,"משקה קל ד""ר פפר בטעם",מיליליטרים,330.00,"100 מ""ל",false,1,6.90,2.09,true,1,
8435495805168,false,"תינוקלין לכביסה לעור רגיש אולימפיק 1.25ק""ג",מולינו ניקולי s.p.a,TR,אבקת כביסה תינוקלין,קילוגרמים,0.00,"ק""ג",false,1,22.90,22.90,true,1,
8435495807636,false,ג'ל כביסה היפואלרגני 2 ל' תינוקלין,בלו סאן,TR,גל כביסה תינוקלין הי,ליטרים,0.00,ליטר,false,1,36.50,36.50,true,1,
8435495819363,false,תינוקלין - מרכך כביסה פרש & ג'נטל 1 ליטר,,,מרכך כביסה fres&gent,מיליליטרים,1000.00,"100 מ""ל",false,1,20.90,2.09,true,1,
8436575292205,false,ארטיק חמשושים מאגדת 15*12 גר',שוורצקוף& הנקל דיסלד,IL,מאגדת חמשושים 180 גר,גרמים,180.00,100 גרם,false,1,23.90,13.28,true,1,
8437013158657,false,גבינה קשה כבשים כמהין במשקל,,,גבינה קשה כבשים כמהי,Unknown,0.00,"ק""ג",true,0,198.00,198.00,true,1,
8437013158732,false,מנצגו עם שום במשקל,,,מנצגו עם שום במשקל,Unknown,0.00,"ק""ג",true,0,199.00,199.00,true,1,
8593868000050,false,"בירה סטארופרמן לאגר פח 5% 500 מ""ל",,CZ,בירה סטארופרמן פחית,מיליליטרים,500.00,"100 מ""ל",false,1,10.90,2.18,true,1,
8593893781979,false,קוואלטי סטריט טבלת שוקולד א.לוז וקרמל 87,,,קוואלטי סטריט טבלת ש,גרמים,87.00,100 גרם,false,1,10.90,12.53,true,1,
8594071481025,false,חטיף סופרפוד אסאי בננה אורגני 47 גר,,,חטיף סופרפוד אסאי בנ,גרמים,47.00,100 גרם,false,1,14.90,31.70,true,1,
8594071484583,false,חטיף חלבון שוקולד ספירולינה אורגני 47 גר,,,חטיף חלבון שוקולד ספ,גרמים,47.00,100 גרם,false,1,14.90,31.70,true,1,
8594403707649,false,"בירה באדוויזר דארק לאגר 500 מ""ל פחית",,,בירה באדוויזר דארק ל,מיליליטרים,500.00,"100 מ""ל",false,1,8.50,1.70,true,1,
8594403707977,false,"בירה באדוויזר לאגר פחית 500 מ""ל",,,בירה באדוויזר לאגר פ,מיליליטרים,500.00,"100 מ""ל",false,1,8.90,1.78,true,1,
8594404001418,false,בירה קוזל כהה בקבוק,פילזנסקי,CZ,"בירה קוזל כהה 500 מ""",מיליליטרים,500.00,"100 מ""ל",false,1,8.90,1.78,true,1,
8594404115115,false,בירה פילזנר אורקוול פחית 500 מל,פילזן,CZ,בירה פילזנר אורקוול,מיליליטרים,500.00,"100 מ""ל",false,1,10.90,2.18,true,1,
8595134503302,false,"פילטר ארוך 6 מ""מ.",,,פילטר ארוך 6 ממ,Unknown,0.00,Unknown,false,1,5.00,5.00,true,1,
8595134503487,false,פילטרים לגילגול 5.3 ארוך PIH,,,פילטרים לגילגול 5.3,יחידה,1.00,יחידה,false,1,4.00,4.00,true,1,
8595657101795,false,חטיף חלבון אגוזים וניל אורגני 47 גר,,,חטיף חלבון אגוזים ונ,גרמים,47.00,100 גרם,false,1,14.90,31.70,true,1,
8606018615841,false,גלידת וניל עם ליבת שוקולד חלב 480 ג' מילקה,נסטלה,IL,פיינט מילקה וניל ליב,גרמים,480.00,100 גרם,false,1,19.90,4.15,true,1,
8606109023593,false,פרוויטה מיץ תפוחי עץ ואגסים 750 מל,,IL,פרוויטה מיץ תפוחי עץ,מיליליטרים,750.00,"100 מ""ל",false,1,13.90,1.85,true,1,
8606109023623,false,פרוויטה מיץ תפוחי עץ ולימון ליים 750 מ,,IL,פרוויטה מיץ תפוחי עץ,מיליליטרים,750.00,"100 מ""ל",false,1,13.90,1.85,true,1,
8606109023647,false,פרוויטה - מיץ סלק ותפוחי עץ 750 מל,,IL,פרוויטה - מיץ סלק ות,מיליליטרים,750.00,"100 מ""ל",false,1,13.90,1.85,true,1,
8606109023722,false,פרוויטה מיץ תפוחי עץ ומשמשים 750 מל,,RS,פרוויטה מיץ תפוחי עץ,מיליליטרים,750.00,"100 מ""ל",false,1,13.90,1.85,true,1,
8680202110824,false,שמרים נמסים בוואקום 125ג' שמרית,,,שמרים נמסים בוואקום,גרמים,125.00,100 גרם,false,1,6.40,5.12,true,1,
8681863065478,false,מלח מתובל וילי פוד 110 גר,,TR,מלח מתובל וילי פוד 1,גרמים,110.00,100 גרם,false,1,14.90,13.55,true,1,
8683130012666,false,מגנום דאבל לבן עוגיות 200 גרם,"מיוצר ע""י יונילוור ס",TR,מגנום דאבל לבן עוגיו,גרמים,200.00,100 גרם,false,1,13.50,6.75,true,1,
8683130025581,false,"בדין - מרכך כביסה אקסטרא ענבר 960 מ""ל",,TR,בדין אקסטרא gbcr 960,מיליליטרים,960.00,"100 מ""ל",false,1,15.90,1.66,true,1,
8683323040100,false,מקלות יוגטה חיספוסים תותי פרוטי 35 גר,,,מקלות יוגטה חיספוסים,Unknown,0.00,Unknown,false,1,2.20,2.20,true,1,
8683323041107,false,מקלות יוגטה חיספוסים תות שדה 35 גר,מוטקה החולב,TR,מקלות יוגטה חיספוסים,Unknown,0.00,Unknown,false,1,2.20,2.20,true,1,
8683323063024,false,יוגטה שטיחים תותי פרוטי 220 גרם,מוטקה החולב,TR,יוגטה שטיחים תותי פר,גרמים,220.00,100 גרם,false,1,7.30,3.32,true,1,
8683363414015,false,"קוקו קנדי רולינג תותי פרוטי 30 מ""ל",,TR,קוקו קנדי רולינג תות,מיליליטרים,30.00,"100 מ""ל",false,1,9.90,33.00,true,1,
8683363414022,false,"קוקו קנדי רולינג קולה 30 מ""ל",,TR,קוקו קנדי רולינג קול,מיליליטרים,30.00,"100 מ""ל",false,1,9.90,33.00,true,1,
8683363414107,false,קוקו קנדי גריקן מסטיק תותי פרוטי 50 גרם,,TR,קוקו קנדי גריקן מסטי,גרמים,50.00,100 גרם,false,1,9.90,19.80,true,1,
8685287813028,false,צנצנת תבלינים דו צדדי,,,צנצנת לתבלינים אובלי,Unknown,0.00,Unknown,false,1,10.90,10.90,true,1,
8686868600068,false,המותג אביזרי שיער,,,אביזרי שיער,Unknown,0.00,Unknown,false,1,8.90,8.90,true,1,
8686868600075,false,המותג אביזרי שיער,,,אביזרי שיער,Unknown,0.00,Unknown,false,1,9.90,9.90,true,1,
8686868600099,false,המותג אביזרי שיער,,,אביזרי שיער,Unknown,0.00,Unknown,false,1,11.90,11.90,true,1,
8686868600105,false,המותג אביזרי שיער,,,אביזרי שיער,Unknown,0.00,Unknown,false,1,12.90,12.90,true,1,
8686868600112,false,המותג אביזרי שיער,,,אביזרי שיער,Unknown,0.00,Unknown,false,1,13.90,13.90,true,1,
8686868600129,false,המותג אביזרי שיער,,,אביזרי שיער,Unknown,0.00,Unknown,false,1,14.90,14.90,true,1,
8686868600136,false,המותג אביזרי שיער,,,אביזרי שיער,Unknown,0.00,Unknown,false,1,15.90,15.90,true,1,
8686868600150,false,המותג אביזרי שיער,,,אביזרי שיער,Unknown,0.00,Unknown,false,1,17.90,17.90,true,1,
8686868600174,false,המותג אביזרי שיער,,,אביזרי רחצה,Unknown,0.00,Unknown,false,1,19.90,19.90,true,1,
8686868600235,false,המותג אביזרי שיער,,,אביזרי מניקור,Unknown,0.00,Unknown,false,1,12.90,12.90,true,1,
8690504081913,false,מקוויטיס טינס מצופה שוקולד חלב 150 גרם,"אולקר ביסקווי סנאי,",TR,מקוויטיס טינס מצופה,גרמים,150.00,100 גרם,false,1,11.40,7.60,true,1,
8690504153740,false,שוקולד מריר גודייבה קרם גנאש שוקולד 86 ג,ביסקוט ביסקווי סילבר,TR,שוקולד מריר גודייבה,גרמים,86.00,100 גרם,false,1,14.90,17.33,true,1,
8690504153849,false,שוקולד חלב גודייבה קרם פרלין אגוזים 83 ג,"אולקר מקבוצת פלאדיס,",TR,שוקולד חלב גודייבה ק,גרמים,83.00,100 גרם,false,1,14.90,17.95,true,1,
8690526009353,false,אי טי אי - מיני חטיף בוטנים נוגט קרמל מצופה שוקולד חלב 140 גרם,,TR,חטיפי מיני בוטנים נו,גרמים,140.00,100 גרם,false,1,9.90,7.07,true,1,
8690526019147,false,אי טי אי - וופל במילוי קרם אגוזי לוז 142 גרם,,TR,וופל במילוי קרם אגוז,יחידה,1.00,יחידה,false,1,7.90,7.90,true,1,
8690530036444,false,נייר מגבות ג'מבו סלפאק קומפורט 2 שכבות 1=6,,TR,קומפורט נייר מגבת גמ,יחידה,1.00,יחידה,false,1,13.50,13.50,true,1,
8690530036727,false,ממחטות סלפאק מקסי 3 שכבות 100 יח,,,ממחטות סלפאק מקסי 3,Unknown,0.00,Unknown,false,1,9.90,9.90,true,1,
8690530151352,false,ממחטות נייר סלפאק פרמיום פרחים 10 יח,,,ממחטות נייר סלפאק פר,Unknown,0.00,Unknown,false,1,10.90,10.90,true,1,
8690530274471,false,נייר טואלט סלפאק קומפורט 2 שכבות 32 גל,,TR,נ.טואלט סלפאק קומפור,מטרים,614.00,מטר,false,1,39.90,0.06,true,1,
8690530284463,false,נייר טואלט 3 שכבות 32 גלילים סלפאק,,TR,נייר טואלט סלפאק 3 ש,מטרים,537.00,מטר,false,1,49.90,0.09,true,1,
8690530324930,false,נייר טואלט דו שכבתי 32 גליל SILEN,איפק,TR,נייר טואלט סילאן 2 ש,מטרים,576.00,מטר,false,1,34.90,0.06,true,1,
8690572783931,false,"פה - דאודורנט ספריי לגבר אינוויזיבל פאוואר 200 מ""ל",,,דאו פה ספריי אינביזי,מיליליטרים,200.00,"100 מ""ל",false,1,15.30,7.65,true,1,
8690572794692,false,"גליס - שמפו לאיזון והזנת הקרקפת 400 מ""ל",,TR,גליס שמפו נוטרי באלא,מיליליטרים,400.00,"100 מ""ל",false,1,18.90,4.73,true,1,
8690637073434,false,תה ליפטון ארל גריי 100 שקיקים,,,תה ארל גריי 100 שקיק,גרמים,200.00,100 גרם,false,1,28.90,14.45,true,1,
8690637503856,false,ממרח הלמנס לחיץ מופחת שומן 355 גרם,,TR,ממרח הלמנס לחיץ מופח,גרמים,355.00,100 גרם,false,1,14.90,4.20,true,1,
8690637504426,false,"קרם ניקוי סיף בניחוח לימון 500 מ""ל",,TR,קרם ניקוי סיף בניחוח,יחידה,1.00,יחידה,false,1,14.60,14.60,true,1,
8690637704376,false,"דאב - שמפו יום יומי 600 מ""ל",יוניליוור טורקיה. אז,TR,דאב שמפו יום יומי 60,מיליליטרים,600.00,"100 מ""ל",false,1,20.80,3.47,true,1,
8690637835643,false,תה ירוק לואיז הולימונית 20 שק ליפטון,יוניליוור,TR,תה ירוק לואיז הולימו,Unknown,0.00,Unknown,false,1,20.90,20.90,true,1,
8690637842382,false,מגנום דאבל פרי יער שטראוס 82 גר,"מיוצר ע""י יונילוור ס",TR,מגנום דאבל פרי יער,גרמים,82.00,100 גרם,false,1,13.50,16.46,true,1,
8690637842399,false,מאגדת מגנום מיני דאבל פרי יער שוקולד 6 יח' נסטלה,יוניליוור סנאי וי סי,TR,מאגדת מיני מגנום,גרמים,379.00,100 גרם,false,1,29.90,7.89,true,1,
8690637871108,false,הלמנ'ס ממרח חרדל 250 גרם,,,ממרח חרדל הלמנס 250,גרמים,250.00,100 גרם,false,1,15.60,6.24,true,1,
8690637871245,false,ממרח הלמנס מיונז אמיתי לחיץ 385ג',,TR,מיונז אמיתי הלמנס לח,גרמים,395.00,100 גרם,false,1,14.90,3.77,true,1,
8690637890666,false,מאגדת מגנום מיני דאבל פיסטוק 6 יח' שטראוס,יוניליוור סנאיי וי ט,TR,מאגדת מיני מגנום דאב,גרמים,282.00,100 גרם,false,1,29.90,10.60,true,1,
8690637946301,false,"בדין - מרכך כביסה אקסטרא בייביי כחול 960 מ""ל",יוניליוור סנאיי וי ט,TR,מרכך כביסה בדין אקסט,מיליליטרים,960.00,"100 מ""ל",false,1,15.90,1.66,true,1,
8690637976995,false,"בדין - מרכך כביסה אקסטרא ורוד סחלבים פראי 960 מ""ל",יוניליוור סנאיי וי ט,TR,מרכך כביסה בדין אקסט,מיליליטרים,960.00,"100 מ""ל",false,1,15.90,1.66,true,1,
8690637989612,false,מאגדת מיני מגנום דולצה גולד 6 יח 246 גרם,יונילוור סנאיי וי טי,TR,מאגדת מיני מגנום דול,גרמים,282.00,100 גרם,false,1,29.90,10.60,true,1,
8690637989629,false,מגנום דאבל דולצה גולד 63 גרם,יונילוור סנאיי וי טי,TR,מגנום דאבל דולצה גול,גרמים,63.00,100 גרם,false,1,13.50,21.43,true,1,
8690637997914,false,מגנום וניל שקדים כוס אישית 57 גרם,יונילוור סנאיי וי טי,TR,מגנום וניל שקדים כוס,גרמים,57.00,100 גרם,false,1,10.00,17.54,true,1,
8690637997921,false,גלידת שמנת וניל קלאסיק בכוס אישית 63 גרם,יונילוור סנאיי וי טי,TR,גלידת שמנת וניל קלאס,גרמים,63.00,100 גרם,false,1,10.00,15.87,true,1,
8690766156367,false,שוקולד חלב גודייבה מעולה 90 גר,"אולקר מקבוצת פלאדיס,",TR,שוקולד חלב גודייבה מ,גרמים,90.00,100 גרם,false,1,14.90,16.56,true,1,
8690766156374,false,שוקולד גודייבה מריר 72% מוצרי קקאו 90 גר,"אולקר מקבוצת פלאדיס,",TR,שוקולד מריר 72% גודי,גרמים,90.00,100 גרם,false,1,14.90,16.56,true,1,
8690766156381,false,גודייבה שוקולד מריר 90% מוצקי קקאו 90 גרם,"אולקר מקבוצת פלאדיס,",TR,שוקולד מריר 90% גודי,גרמים,90.00,100 גרם,false,1,14.90,16.56,true,1,
8690766156398,false,שוקולד חלב מעולה בתוספת שברי שקדים קלויים דבש ומלח 90ג',"אולקר מקבוצת פלאדיס,",TR,שוקולד חלב גודייבה ש,גרמים,90.00,100 גרם,false,1,14.90,16.56,true,1,
8690766156404,false,שוקולד מריר גודייבה בטעם תפוז אדום 90 גר,גודייבה,TR,שוקולד מריר גודייבה,גרמים,90.00,100 גרם,false,1,14.90,16.56,true,1,
8690766156411,false,שוקולד מריר מעולה בטעם פלפל ורוד עם חתיכות תות מסוכר 90ג',"אולקר מקבוצת פלאדיס,",TR,שוקולד מריר גודייבה,גרמים,90.00,100 גרם,false,1,14.90,16.56,true,1,
8690777203012,false,פלפל ירוק כבוש לא חריף סארה 600ג',יוליניבר,TR,פלפל ירוק כבוש לא חר,גרמים,600.00,100 גרם,false,1,11.90,1.98,true,1,
8690784614665,false,דאק סבון ניקוי לאסלה בניחוח ים,המאפיה של הרמן,PL,סבון מוצק לניקוי אסל,Unknown,0.00,Unknown,false,1,9.90,9.90,true,1,
8690784614771,false,סבון דאק לניקוי אסלה בניחוח רענן נתלה,,PL,סבון מוצק לנ.אסלה דא,Unknown,0.00,Unknown,false,1,9.90,9.90,true,1,
8690799021595,false,"ריבת תות שדה בזכוכית 1 ק""ג BEST QUALITY",,TR,ריבת תות שדה בזכוכית,גרמים,1000.00,100 גרם,false,1,24.90,2.49,true,1,
8691351103001,false,טורקיש דילייט פירות 300 גרם,,TR,טורקיש דילייט פירות,גרמים,300.00,100 גרם,false,0,12.90,4.30,true,1,
8691351103025,false,טורקיש דילייט פיסטוק 300 גרם,,TR,טורקיש דילייט פיסטוק,גרמים,300.00,100 גרם,false,0,18.90,6.30,true,1,
8691351103032,false,טורקיש דילייט אגוזים 300 גרם,,TR,טורקיש דילייט אגוזים,גרמים,300.00,100 גרם,false,0,15.90,5.30,true,1,
8691351103049,false,טורקיש דילייט אגוזי לוז 300 גרם,,TR,טורקיש דילייט אגוזי,גרמים,300.00,100 גרם,false,0,14.90,4.97,true,1,
8691351103131,false,טורקיש דילייט פיסטוק וא.לוז 125 גרם,,TR,טורקיש דילייט פיסטוק,גרמים,125.00,100 גרם,false,1,9.90,7.92,true,1,
8691451018335,false,"דבק בעט סופר גלו גל לוקטייט, כשרות עטרה, 4 גרם",,IE,דבק בעט סופר גלו גל,גרמים,4.00,100 גרם,false,1,22.90,572.50,true,1,
8691530924670,false,רכז רימונים טבעי 345 גר,נטורסן,TR,רכז רימונים טבעי 345,גרמים,345.00,100 גרם,false,1,18.90,5.48,true,1,
8691720001242,false,עוגיות פינגר 630 גרם אני,,,עוגיות פינגר 630 גרם,גרמים,680.00,100 גרם,false,1,9.60,1.41,true,1,
8693323085100,false,גומי יוגטה שטיחים חמוצים טעם פירות 100 ג,,TR,גומי יוגטה שטיחים חמ,גרמים,100.00,100 גרם,false,1,5.60,5.60,true,1,
8693357146877,false,ביסטרו סט 6 גביעי מר,,,ביסטרו סט 6 גביעי מר,Unknown,0.00,Unknown,false,1,42.00,42.00,true,1,
8693357293991,false,שישיית כוס לונג איסטנבול,,,שישיית כוס לונג איסט,Unknown,0.00,Unknown,false,1,21.90,21.90,true,1,
8693495051002,false,מברשת שיניים לילדים מיניונים קולגייט 6+,,,מברשת שיניים לילדים,Unknown,0.00,Unknown,false,1,14.90,14.90,true,1,
8693495051255,false,מברשת שיניים סלים סופט זהב קולגייט זוג,קולגייט - פלמוליב,CN,מברשת שיניים סלים סו,Unknown,0.00,Unknown,false,1,36.90,36.90,true,1,
8694686405857,false,מיטו מזון לחתול 1 קג,,TR,מיטו מזון לחתול 1 קג,Unknown,0.00,Unknown,false,1,21.90,21.90,true,1,
8697410093429,false,נשיקות באוויר מרנג תות 40 גרם,בומפי גידה,TR,נשיקות באוויר מרנג ת,גרמים,40.00,100 גרם,false,1,10.90,27.25,true,1,
8697418280104,false,עלי טורטייה 30 יח,,,עלי טורטייה 30 יח,קילוגרמים,0.00,"ק""ג",false,1,35.50,35.50,true,1,
8697418280333,false,שערות קדאיף מיובשות 500 גרם,פרנסס און וה,TR,שערות קדאיף מיובשות,גרמים,500.00,100 גרם,false,1,21.90,4.38,true,1,
8697418280487,false,עלי טורטייה קמח תירס 20 סמ 540 ג LAVALIA,פצקה אזורו,TR,עלי טורטייה קמח תירס,גרמים,540.00,100 גרם,false,1,26.50,4.91,true,1,
8697431921718,false,קונפיטורה דובדבן חמוץ 70% פרי פרופה 454 גר',,,קונפיטורה 70% דובדבן,גרמים,454.00,100 גרם,false,1,17.70,3.90,true,1,
8697530910743,false,סיגריות פאל מאל כחול קצר מטאליק,BAT,,פאל מאל כחול קצר האו,Unknown,0.00,Unknown,false,1,30.00,30.00,true,1,
8697530910750,false,סיגריות פאל מאל כחול ארוך האוס,BAT,,פאל מאל כחול ארוך הא,Unknown,0.00,Unknown,false,1,30.00,30.00,true,1,
8697530910781,false,סיגריות פאל מאל אדום מטאליק,BAT,,פאל מאל אדום האוס חפ,Unknown,0.00,Unknown,false,1,30.00,30.00,true,1,
8697826469092,false,טורטיה קטנה 12 יחידות 540 גרם,מוטלוקל,TR,טורטיה קטנה 12 יחיד,גרמים,540.00,100 גרם,false,1,9.90,1.83,true,1,
8699250035041,false,זיתים שחורים טבעיים במי מלח,,,זית שחור יבש במלח 70,גרמים,700.00,100 גרם,false,1,19.90,2.84,true,1,
8710447224342,false,"שמפו טרזמה קרטין 400 מ""ל","יוניליוור פולין, רחו",PL,שמפו טרזמה קרטין 400,מיליליטרים,400.00,"100 מ""ל",false,1,19.90,4.98,true,1,
8710447275306,false,"קרם ידיים דאב שמן אבוקדו 75 מ""ל",,PL,קרם ידיים דאב שמן אב,מיליליטרים,75.00,"100 מ""ל",false,1,13.90,18.53,true,1,
8710447320662,false,דאו דאב ספריי אפרסק 0% אלומיניום 150 מל,"פרמול איטליה, קומון",IT,דאו דאב ספריי אפרסק,מיליליטרים,150.00,"100 מ""ל",false,1,17.70,11.80,true,1,
8710448580089,false,מיונז הולנדי 500 מל לחיץ,,,"מיונז הולנדי 500 מ""ל",גרמים,500.00,100 גרם,false,1,14.60,2.92,true,1,
8710448588733,false,רוטב לסלט שום ועשבי תיבול רמייה 500 גר,,NL,רוטב לסלט שום ועשבי,גרמים,500.00,100 גרם,false,1,13.50,2.70,true,1,
8710448588740,false,רוטב חרדל דבש רמייה 500 גר,,NL,רוטב חרדל דבש רמייה,גרמים,500.00,100 גרם,false,1,13.50,2.70,true,1,
8710448692744,false,קטשופ קארי רמייה 300 גר,,NL,קטשופ קארי רמייה 300,גרמים,300.00,100 גרם,false,1,9.90,3.30,true,1,
8710488190439,false,כרוב כבוש לבן מובחר 850 גרם,,,כרוב כבוש לבן מובחר,גרמים,850.00,100 גרם,false,1,14.20,1.67,true,1,
8710502064814,false,עוגיות מרבה שוקולד ציפס במרקם רך 175 גר,בנקטבקריי מרבה בי.וי,NL,עוגיות מרבה שוקולד צ,גרמים,175.00,100 גרם,false,1,8.90,5.09,true,1,
8710502139017,false,עוגיות מרבה טריפל שוקולד שוקוצ'יפס 180ג',בנקטבקריי מרבה בי.וי,NL,עוגיות שוקולד מצופות,גרמים,180.00,100 גרם,false,1,8.90,4.94,true,1,
8710502231018,false,מרבה מיני עוגיות שוקולד צ'יפס 175 גרם,"מרבה בע""מ",NL,עוגיות מרבה שוקולד צ,גרמים,175.00,100 גרם,false,1,10.90,6.23,true,1,
8710502279010,false,מרבה עוגיות שוקולד צ'יפס מצופות שוקולד 175 ג',"מרבה בע""מ",NL,עוגיות מרבה שוקולד צ,גרמים,175.00,100 גרם,false,1,8.90,5.09,true,1,
8710502405204,false,מרבה עוגיות שוקוציפס ממולא קרם שוקולד 175ג',קריניציה ויטמינה אס,NL,עוגיות שוק.ציפס ממול,גרמים,175.00,100 גרם,false,1,8.90,5.09,true,1,
8710552274614,false,שמפו קצף לנ.שטיחים וניש קליה גולד 600 מל,,IT,שמפו קצף לנ.שטיחים ו,מיליליטרים,600.00,"100 מ""ל",false,1,26.90,4.48,true,1,
8710679158385,false,"ציפס פריטס קלאסי 2.5 ק""ג",,,"ציפס קלאסי 2.5 ק""ג",קילוגרמים,0.00,"ק""ג",false,1,44.90,44.90,true,1,
8710732228918,false,מצת קריקט,,,מצת קריקט,Unknown,0.00,Unknown,false,1,6.70,6.70,true,1,
8710800027573,false,סוכריות מיני מנטוס פירות שקית 178ג',קדבורי,NL,מיני מנטוס שקית 178,גרמים,178.00,100 גרם,false,1,15.60,8.76,true,1,
8710812011102,false,ריבת תות שדה ביתית 450 גרם,,,ריבת תות שדה ביתית 4,גרמים,450.00,100 גרם,false,1,12.40,2.76,true,1,
8711000472040,false,קפסולות קפה אספרסו סלקשיין גייקובס 52 גר,,FR,קפסולות קפה אספרסו ס,גרמים,52.00,100 גרם,false,1,16.90,32.50,true,1,
8711200426034,false,חמאת בוטנים קראנצי 350 גר Calve,יוניקורן פיקלס,NL,חמאת בוטנים קראנצי 3,גרמים,350.00,100 גרם,false,1,20.80,5.94,true,1,
8711200443789,false,"חרדל גרגרים בבקבוק לחיץ 235 מ""ל",,,חרדל גרגרים בבקבוק ל,מיליליטרים,235.00,"100 מ""ל",false,1,15.90,6.77,true,1,
8711200443802,false,"חרדל דיזון בבקבוק לחיץ 235 מ""ל",,,חרדל דיזון בבקבוק לח,מיליליטרים,235.00,"100 מ""ל",false,1,15.90,6.77,true,1,
8711281013345,false,חרדל הולנדי מקורי גרגירים 335 גרם,מוסטאד מולן דה האוסמ,,חרדל הולנדי מקורי גר,גרמים,335.00,100 גרם,false,1,14.90,4.45,true,1,
8711281023344,false,חרדל הולנדי מקורי חלק קרמי 335 גרם,מוסטאד מולן דה האוסמ,,חרדל הולנדי מקורי חל,גרמים,335.00,100 גרם,false,1,15.90,4.75,true,1,
8711327475618,false,"גלידת מגנום וניל קלאסיק 440 מ""ל","מפעל גלידות בווספרם,",HU,מגנום וניל קלאסיק,גרמים,302.00,100 גרם,false,1,23.90,7.91,true,1,
8711327475663,false,פיינט וניל שוקולד לבן 260 ג' מגנום,"מפעל גלידות בווספרם,",HU,מגנום וניל שוקולד,גרמים,302.00,100 גרם,false,1,23.90,7.91,true,1,
8711327475717,false,מגנום פיינט וניל שקדים 440X8מל,"מפעל גלידות בווספרם,",HU,מגנום וניל שקדים 302,גרמים,302.00,100 גרם,false,1,23.90,7.91,true,1,
8711327475762,false,פיינט שוקולד לבן עוגיות 260 ג' מגנום,"מפעל גלידות בווספרם,",HU,מגנום שוקולד לבן,גרמים,302.00,100 גרם,false,1,23.90,7.91,true,1,
8712000050146,false,"בירה היינקן 0% אלכוהול בקבוק 330 מ""ל","מבשלת היינקן, ריטבלד",NL,בירה היינקן 0.0% אלכ,מיליליטרים,330.00,"100 מ""ל",false,1,5.90,1.79,true,1,
8712000051099,false,"שישיית בירה היינקן 0.0% אלכוהול 330 מ""ל",פארייפאבה אגרואינדוס,NL,שישיית בירה היינקן 0,מיליליטרים,1980.00,"100 מ""ל",false,1,29.90,1.51,true,1,
8712092034673,false,גבינה מותכת מעושנת 23% במשקל,,,גבינה מותכת מעושנת 2,Unknown,0.00,"ק""ג",true,0,101.00,101.00,true,1,
8712100739231,false,תה בשקיות פירמיד,,,תה בשקיות פירמיד,גרמים,125.00,100 גרם,false,1,18.90,15.12,true,1,
8712400802512,false,נוטרילון מבית נוטרישה 2 800 גר,פרוטרופיק סיה.,NL,נוטרילון מבית נוטריש,גרמים,800.00,100 גרם,false,1,64.90,8.11,true,1,
8712400802536,false,נוטרילון מבית נוטרישה 3 800 גר,פרוטרופיק סיה.,NL,נוטרילון מבית נוטריש,גרמים,800.00,100 גרם,false,1,64.90,8.11,true,1,
8712561594240,false,"דאב - תחליב רחצה להזנה עמוקה 500 מ""ל","יוניליוור גרמניה, Gm",DE,דאב תחליב רחצה להזנה,מיליליטרים,500.00,"100 מ""ל",false,1,19.80,3.96,true,1,
8712561611183,false,"דאב - תחליב רחצה תה ירוק ומלפפון 500 מ""ל","יוניליוור גרמניה, Gm",DE,דאב תחליב רחצה תה יר,מיליליטרים,500.00,"100 מ""ל",false,1,19.80,3.96,true,1,
8713323093490,false,ירוק- אדם הולנדי פרוס 150 גרם,,NL,ירוק- אדם הולנדי פרו,גרמים,150.00,100 גרם,false,1,15.60,10.40,true,1,
8713323093506,false,כחול- מאסדם הולנדי פרוס 150 גרם,,NL,כחול- מאסדם הולנדי פ,גרמים,150.00,100 גרם,false,1,15.60,10.40,true,1,
8713499045156,false,גאודה כמון הולנדית במשקל,,,גאודה כמון הולנדית ב,Unknown,0.00,"ק""ג",true,0,115.00,115.00,true,1,
8713501034406,false,גאודה שום הולנדית במשקל,,,גאודה שום הולנדית,Unknown,0.00,"ק""ג",true,0,121.00,121.00,true,1,
8713505038608,false,גאודה הולנדית פטריות כמהין במשקל,,,גאודה הולנדית פטריות,Unknown,0.00,"ק""ג",true,0,183.00,183.00,true,1,
8713600286072,false,לוק או לוק - גומי מגש סושי 100 גרם,,NL,לוק או לוק - גומי מג,Unknown,100.00,Unknown,false,1,20.90,0.21,true,1,
8713600286713,false,לוק או לוק - גומי המבורגר 130 גרם,,NL,לוק או לוק - גומי המ,Unknown,130.00,Unknown,false,1,20.90,0.16,true,1,
8713600287499,false,לוק או לוק - גומי טאקו 115 גרם,,NL,לוק או לוק - גומי טא,Unknown,115.00,Unknown,false,1,20.90,0.18,true,1,
8713600287970,false,לוק או לוק בקבוק שמפניה 325 גרם,,NL,לוק או לוק בקבוק שמפ,גרמים,325.00,100 גרם,false,1,34.90,10.74,true,1,
8713600288182,false,לוק או לוק ציפס 115 גרם,,NL,לוק או לוק ציפס 115,Unknown,115.00,Unknown,false,1,19.90,0.17,true,1,
8713800119958,false,רד בנד מקלות גומי פירות חמוצים 200 גרם,,NL,רד בנד מקלות גומי פי,גרמים,200.00,100 גרם,false,1,9.90,4.95,true,1,
8713800123566,false,רד בנד טו גו מקלות גומי חמוץ פירות 185 ג,,,רד בנד טו גו מקלות ג,גרמים,185.00,100 גרם,false,1,9.90,5.35,true,1,
8714100616963,false,"ליפטון אייס תה מוגז 330 מ""ל",,BE,ליפטון אייס תה מוגז,מיליליטרים,330.00,"100 מ""ל",false,1,5.00,1.52,true,1,
8714200207931,false,ונקו - ממתק לקריץ בטעם דבש 157 גרם,יושלם,,ונקו - ממתק לקריץ בט,גרמים,157.00,100 גרם,false,1,10.20,6.50,true,1,
8714599104316,false,קפה שחור קלוי וטחון טורקי גייקובס 200 גר,,RU,קפה שחור קלוי וטחון,גרמים,200.00,100 גרם,false,1,15.60,7.80,true,1,
8714599410530,false,גייקובס קרונינג שקית רפיל 200 גרם,,,גייקובס קרונינג שקית,גרמים,200.00,100 גרם,false,1,19.90,9.95,true,1,
8714599412220,false,גייקובס וולווט קפה נמס מיובש 95 גרם,,RU,גייקובס וולווט קפה נ,גרמים,95.00,100 גרם,false,1,16.70,17.58,true,1,
8714599513781,false,קפה נמס גולד מיובש בהקפאה 200 ג' ג'ייקובס,אל.אל. סי ג''יקובס ד,RU,גיקובס גולד מיובש בה,גרמים,200.00,100 גרם,false,1,25.90,12.95,true,1,
8714599513835,false,קפה ג'יקובס נטול קופאין מיובש בהקפאה 200 ג',,,קפה גיקובס קרונונג נ,גרמים,200.00,100 גרם,false,1,34.90,17.45,true,1,
8714599513866,false,"ג'ייקובס קרוננג מיובש בהקפאה כשל""פ 200 ג'",אל.אל.סי גייקובס דאו,DE,גיקובס קרונונג מיובש,גרמים,200.00,100 גרם,false,1,26.90,13.45,true,1,
8714789450315,false,פלמוליב נוזל כלים לימון 1.5 ליטר,הנסיך- מפעל לייצור ט,GR,פלמוליב נוזל כלים לי,ליטרים,0.00,ליטר,false,1,17.70,17.70,true,1,
8714789740058,false,קולגייט מברשת שיניים טוויסטר סופט זוג,הנסיך- מפעל לייצור ט,CN,קולגייט מברשת שיניים,Unknown,0.00,Unknown,false,1,23.50,23.50,true,1,
8714789797786,false,פלמוליב כלים שקוף גרם בלסטר 750,יבואן ומשווק: ש. שסט,GR,פלמוליב כלים 4 ב-1,מיליליטרים,750.00,"100 מ""ל",false,1,11.90,1.59,true,1,
8714789831275,false,קולגייט מברשת שיניים 360 אופטיק וואיט זוג,קולגייט פלמוליב,CN,קולגייט מברשת שיניים,Unknown,0.00,Unknown,false,1,36.50,36.50,true,1,
8714789834467,false,פלמוליב נוזל כלים 1.5 ליטר,,,פלמוליב נוזל כלים,ליטרים,0.00,ליטר,false,1,17.70,17.70,true,1,
8714789930848,false,"משחת שיניים אופטיק וויט אינסטנט 75 מ""ל קולגייט",הנסיך- מפעל לייצור ט,PL,קולגייט משחת אופטיק,Unknown,0.00,Unknown,false,1,19.90,19.90,true,1,
8714800025348,false,"בירה הולנדיה 12% חזקה מאוד 500 מ""ל פחית",,,בירה הולנדיה 12% חזק,מיליליטרים,500.00,"100 מ""ל",false,1,8.50,1.70,true,1,
8715035150300,false,"רוטב סויה קיקומן ללא גלוטן 250 מ""ל",קיקומן פודז יורופ בי,NL,רוטב סויה קיקומן ללא,מיליליטרים,250.00,"100 מ""ל",false,1,22.90,9.16,true,1,
8715035520301,false,פונזו רוטב יפני מסורתי מבוסס על רוטב סויה ולימון,קיקומן פודז יורופ בי,NL,רוטב יפני קיקומן פונ,מיליליטרים,250.00,"100 מ""ל",false,1,22.90,9.16,true,1,
8715151080703,false,"רום אל דורדו 8 שנים 700 מ""ל",,,רום אל דורדו 8 שנים,מיליליטרים,700.00,"100 מ""ל",false,1,149.60,21.37,true,1,
8715675121012,false,דרוסטה שוקולד חלב (כחול) 85 גרם,דרוסטה,NL,דרוסטה שוקולד חלב (כ,גרמים,85.00,100 גרם,false,1,8.90,10.47,true,1,
8715675121029,false,דרוסטה שוקולד מריר (אדום) 85 גרם,דרוסטה,NL,דרוסטה שוקולד מריר (,גרמים,85.00,100 גרם,false,1,8.90,10.47,true,1,
8715675121036,false,דרוסטה שוקולד חלב מריר (ורוד) 85 גרם,דרוסטה,NL,דרוסטה שוקולד חלב,גרמים,85.00,100 גרם,false,1,8.90,10.47,true,1,
8715675121074,false,דרוסטה שוקולד חלב תפוז (כתום) 85 גרם,,NL,דרוסטה שוקולד חלב תפ,גרמים,85.00,100 גרם,false,1,8.90,10.47,true,1,
8715675121081,false,דרוסטה שוקולד מריר מנטה (ירוק) 85 גרם,דרוסטה,NL,דרוסטה שוקולד מריר מ,גרמים,85.00,100 גרם,false,1,8.90,10.47,true,1,
8715675151903,false,מארז דרוסטה שוקולד חלב קרמל ומלח ים 160ג,,NL,מארז דרוסטה שוקולד ח,גרמים,160.00,100 גרם,false,1,19.90,12.44,true,1,
8715700110141,false,מיונז קרמי היינץ צנצנת 460ג',ה.י.היינץ הולדינג בי,NL,מיונז בצנצנת היינץ 4,גרמים,460.00,100 גרם,false,1,11.90,2.59,true,1,
8715700110158,false,מיונז לייט בצנצנת היינץ 490 גרם,ה.י.היינץ הולדינג בי,NL,מיונז לייט בצנצנת הי,גרמים,490.00,100 גרם,false,1,11.90,2.43,true,1,
8715700115641,false,ממרח מיונז לחיץ לייט במרקם קרמי 420 ג' היינץ,,NL,ממרח קרמי לחיץ לייט,גרמים,420.00,100 גרם,false,1,14.90,3.55,true,1,
8715700115849,false,"מתבל עגבניות 1.35 ק""ג",,,"מתבל עגבניות 1.35 ק""",קילוגרמים,0.00,"ק""ג",false,1,21.90,21.90,true,1,
8715700117805,false,"קטשופ היינץ מתבל עגבניות ללא תוספת סוכר ומלח 425 מ""ל",ה.י היינץ הולדינג בי,NL,"מתבל עגבניות ללת""ס ו",מיליליטרים,425.00,"100 מ""ל",false,1,10.90,2.56,true,1,
8715700120874,false,"היינץ קטשופ בתוספת שום, 460 גרם",,NL,קטשופ שום היינץ 460,גרמים,460.00,100 גרם,false,1,10.40,2.26,true,1,
8715700419695,false,רוטב ברביקיו מתוק 500 גרם,,,רוטב ברביקיו מתוק 50,גרמים,500.00,100 גרם,false,1,17.90,3.58,true,1,
8715700419732,false,מתבל עגבניות היינץ 7,ה.י. היינץ,NL,מתבל היינץ 700 גרם,גרמים,700.00,100 גרם,false,1,11.90,1.70,true,1,
8715700421056,false,ממרח סנדויץ פיקנטי 300 גרם,,,ממרח סנדויץ פיקנטי 3,גרמים,300.00,100 גרם,false,1,16.60,5.53,true,1,
8715700421322,false,רוטב ברביקיו צילי 490 גרם,,,רוטב ברביקיו צילי,גרמים,490.00,100 גרם,false,1,17.90,3.65,true,1,
8715700422473,false,ממרח מיונז ללא חומרים משמרים 395 ג' היינץ,ה.י.היינץ,NL,מיונז לחיץ היינץ 395,גרמים,395.00,100 גרם,false,1,14.90,3.77,true,1,
8715700423906,false,קטשופ מתובל עגבניות 50% פחות סוכר 555ג' היינץ,היינץ צפון אמריקה מק,NL,מתבל עגבניות מופחת נ,גרמים,555.00,100 גרם,false,1,11.50,2.07,true,1,
8716605000995,false,גבינה מסדאם הולנדית במשקל,,,גבינה מסדאם הולנדית,Unknown,0.00,"ק""ג",true,0,80.00,80.00,true,1,
8716605001022,false,גבינת דניש בלו 100 גר,,,גבינת דניש בלו 100 ג,גרמים,100.00,100 גרם,false,1,14.20,14.20,true,1,
8716695033873,false,פרוסות סלק אדום אמה 340 גרם,,BE,פרוסות סלק אדום אמה,גרמים,340.00,100 גרם,false,1,8.90,2.62,true,1,
8716695356408,false,מלפפון שלם חמוץ מתוק 380 גרם,,,מלפפון שלם חמוץ מתוק,גרמים,380.00,100 גרם,false,1,16.40,4.32,true,1,
8717163647226,false,"דאו אקס ספריי גוף לגבר בלאק 150 מ""ל",ארנסט. רחוב קומבינצק,TR,דאו אקס ספריי גוף לג,מיליליטרים,150.00,"100 מ""ל",false,1,20.90,13.93,true,1,
8717163647233,false,"דאו אקס ספריי גוף לגבר בלאק נייט 150 מ""ל",ארנסט. רחוב קומבינצק,RU,דאו אקס ספריי גוף לג,מיליליטרים,150.00,"100 מ""ל",false,1,20.90,13.93,true,1,
8717163647240,false,"דאו אקס ספריי גוף לגבר שוקולד 150 מ""ל",ארנסט. רחוב קומבינצק,TR,דאו אקס ספריי גוף לג,מיליליטרים,150.00,"100 מ""ל",false,1,20.90,13.93,true,1,
8717163647257,false,"דאו אקס ספריי גוף לגבר גולד 150 מ""ל",,GB,דאו אקס ספריי גוף לג,מיליליטרים,150.00,"100 מ""ל",false,1,20.90,13.93,true,1,
8717163647264,false,"דאו אקס ספרי גוף לגבר אייס ציל 150 מ""ל",,GB,דאו אקס ספרי גוף לגב,מיליליטרים,150.00,"100 מ""ל",false,1,20.90,13.93,true,1,
8717163647301,false,"דאו אקס ספריי לגבר גולד 150 מ""ל",,GB,דאו אקס ספריי לגבר ג,מיליליטרים,150.00,"100 מ""ל",false,1,19.90,13.27,true,1,
8717163648667,false,"גל רחצה אקס לגבר אייס ציל 400 מ""ל",,GB,גל רחצה אקס לגבר איי,מיליליטרים,400.00,"100 מ""ל",false,1,16.30,4.08,true,1,
8717163711668,false,"דאודורנט רקסונה ספריי טלק 150 מ""ל",,,דאו רקסונה ספריי טלק,מיליליטרים,150.00,"100 מ""ל",false,1,20.90,13.93,true,1,
8717163714850,false,"דאב - דאודורנט ספריי לאישה קוקוס ויסמין 150 מ""ל",,GB,דאו דאב ספריי קוקוס,מיליליטרים,150.00,"100 מ""ל",false,1,17.70,11.80,true,1,
8717472073099,false,חטיף חלבון שוקולד קרמל 55 גרם,,IL,חטיף חלבון שוקולד קר,גרמים,55.00,100 גרם,false,1,17.90,32.55,true,1,
8717472073112,false,חטיף חלבון שוקולד לבן 55 גרם,,,חטיף חלבון שוקולד לב,גרמים,55.00,100 גרם,false,1,17.90,32.55,true,1,
8717677332175,false,טוני שוקולונלי שוקולד חלב אגוזי לוז 180ג,,NL,טוני שוקולונלי שוקול,מיליליטרים,180.00,"100 מ""ל",false,1,20.90,11.61,true,1,
8717677333936,false,טוני שוקולונלי שוקולד חלב נוגט 180 גרם,,NL,טוני שוקולונלי שוקול,מיליליטרים,180.00,"100 מ""ל",false,1,20.90,11.61,true,1,
8717677334094,false,טוני שוקולונלי שוקולד חלב 180 גרם,,NL,טוני שוקולונלי שוקול,מיליליטרים,180.00,"100 מ""ל",false,1,20.90,11.61,true,1,
8717677334667,false,טוני שוקולונלי שוקולד חלב קרמל מלח 180 ג,,NL,טוני שוקולונלי שוקול,מיליליטרים,180.00,"100 מ""ל",false,1,20.90,11.61,true,1,
8717677336722,false,טוני שוקולונלי ש.מריר שקדים ומלח ים 180ג,,NL,טוני שוקולונלי ש.מרי,מיליליטרים,180.00,"100 מ""ל",false,1,20.90,11.61,true,1,
8717677337828,false,טוני שוקולונלי ש.לבן פטל וסוכריות 180 גר,,NL,טוני שוקולונלי ש.לבן,מיליליטרים,180.00,"100 מ""ל",false,1,20.90,11.61,true,1,
8717677337842,false,טוני שוקולונלי שוקולד לבן 180 גרם,,NL,טוני שוקולונלי שוקול,מיליליטרים,180.00,"100 מ""ל",false,1,20.90,11.61,true,1,
8717677338597,false,טוני שוקולונלי שוקולד חלב מריר 42% 180 ג,,NL,טוני שוקולונלי שוקול,מיליליטרים,180.00,"100 מ""ל",false,1,20.90,11.61,true,1,
8717928163268,false,מוצר פופ,,,מוצר פופ,Unknown,0.00,Unknown,false,1,21.90,21.90,true,1,
8718114734484,false,מיונז מיילי 320 גרם,,,מיונז מייל 320 גרם,גרמים,320.00,100 גרם,false,1,15.90,4.97,true,1,
8718421271627,false,"מיונז אמיתי אורגני 370 מ""ל",,NL,מיונז אמיתי אורגני 3,מיליליטרים,370.00,"100 מ""ל",false,1,16.90,4.57,true,1,
8718700495522,false,גבינת גאודה פרוס 150ג',,NL,גאודה פרוס 150 גרם,גרמים,150.00,100 גרם,false,0,8.30,5.53,true,1,
8718951030169,false,"מש.שיניים קולגייט סנסטיב להלבנה 75 מ""ל",,PL,מש.שיניים קולגייט סנ,מיליליטרים,75.00,"100 מ""ל",false,1,20.90,27.87,true,1,
8718951159808,false,מברשת שיניים קולגייט 360 שלישייה,,,מברשת שיניים קולגייט,Unknown,0.00,Unknown,false,1,37.90,37.90,true,1,
8718951166288,false,"משחת שיניים קולגייט מקס וייט 125 מ""ל",הנסיך- מפעל לייצור ט,PL,משחת שיניים קולגייט,מיליליטרים,125.00,"100 מ""ל",false,1,17.90,14.32,true,1,
8718951166561,false,"משחת שיניים קולגייט מקס פרש כחול 125 מ""ל",הנסיך- מפעל לייצור ט,PL,קולגייט משחה מקס פרש,מיליליטרים,125.00,"100 מ""ל",false,1,17.90,14.32,true,1,
8718951236806,false,"קולגייט טוטאל הלבנה להסרת כתמים מהשן 100 מ""ל",Colgate (Euro)-Palmo,PL,קולגייט טוטל הלבנה,מיליליטרים,100.00,"100 מ""ל",false,1,16.90,16.90,true,1,
8718951286733,false,מ שיניים קולגייט אופטיק וייט לסטינג 75מל,,,מ שיניים קולגייט אופ,מיליליטרים,75.00,"100 מ""ל",false,1,24.90,33.20,true,1,
8718951313903,false,"פלמוליב סבון לידיים חימר פיור, 300 מ""ל",CP UK,TR,סבון ידיים פלמוליב ח,מיליליטרים,300.00,"100 מ""ל",false,1,12.50,4.17,true,1,
8718951315303,false,"קולגייט - משחת שיניים אדומה ביטיוב 100 מ""ל",קולגייט-פלמוליב,PL,מארז משחת שיניים קול,מיליליטרים,200.00,"100 מ""ל",false,1,20.90,10.45,true,1,
8718951320093,false,זוג מברשות 360 אדוונס וויט שיניים קולגייט,קולגייט-פלמוליב,CN,מברשות שיניים קולגיי,יחידה,1.00,יחידה,false,1,41.90,41.90,true,1,
8718951338364,false,"מרסס אגקס טריגר פיור הום תפוח 500 מ""ל",,GR,מרסס אגקס טריגר פיור,מיליליטרים,500.00,"100 מ""ל",false,1,15.90,3.18,true,1,
8718951381292,false,"משחת שיניים מקס דיטוקס פואם קולגייט 125 מ""ל",CP UK,PL,משחת שיניים קולגייט,מיליליטרים,125.00,"100 מ""ל",false,1,20.90,16.72,true,1,
8718951382787,false,"משחת שיניים אופטיק וויט חימר ומינרלים 75 מ""ל קולגייט",,,קולגייט משחת אופטיק,מיליליטרים,75.00,"100 מ""ל",false,1,24.90,33.20,true,1,
8718951428522,false,"פלמוליב סבון רחצה לגבר 4 ב-1 המפ 750 מ""ל",,,גל רחצה פלמוליב לגבר,מיליליטרים,750.00,"100 מ""ל",false,1,19.90,2.65,true,1,
8718951443358,false,"סבון ידיים פלמוליב מארז שלישייה 900 מ""ל",CP UK,TR,סבון ידיים פלמוליב מ,מיליליטרים,900.00,"100 מ""ל",false,1,29.50,3.28,true,1,
8718951509627,false,"משחת שיניים אופטיק וויט לאוהבי קפה 75 מ""ל קולגייט",,PL,קולגייט אופטיק וויט,מיליליטרים,75.00,"100 מ""ל",false,1,24.90,33.20,true,1,
8719128117263,false,"סירופ מירנדה 440 מ""ל סודהסטרים",סודה סטרים,IL,סירופ מירינדה,מיליליטרים,440.00,"100 מ""ל",false,1,22.90,5.20,true,1,
8719128118734,false,סודה סטרים - מילוי מיכל גז CQC עד 60 ליטר,,,CQC שירות החלפה גז 6,Unknown,0.00,Unknown,false,1,59.90,59.90,true,1,
8719200215092,false,ויובלוק ויולייף 250 גרם,אפפילד,DE,ויובלוק ויולייף 250,גרמים,250.00,100 גרם,false,1,14.90,5.96,true,1,
8719200997998,false,מרגרינה למריחה בישול וטיגון 200 ג' בלו בנד,יוניליוור,IL,בלובנד לבישול וטיגון,גרמים,200.00,100 גרם,false,1,5.00,2.50,true,1,
8719200998001,false,מרגרינה לאפיה ובישול בלי מלח 200 ג' בלו בנד,מיוצר עי קונדיטוריית,IL,בלובנד בלי מלח 200 ג,גרמים,200.00,100 גרם,false,1,5.10,2.55,true,1,
8719200998018,false,מחמאה מרגרינה בטעם חמאה 200 ג' בלו בנד,פארייפאבה אגרואינדוס,IL,מחמאה מרגרינה,גרמים,200.00,100 גרם,false,1,5.40,2.70,true,1,
8719831325467,false,מחבת פנקייק+נוטלה פאן לב 74 גר,,,מחבת פנקייק+נוטלה פא,גרמים,74.00,100 גרם,false,1,49.90,67.43,true,1,
8719831325474,false,מחבת פנקייק+סמארטיז פאן לב 73 גר,,,מחבת מיקס+סמארטיז פא,גרמים,73.00,100 גרם,false,1,49.90,68.36,true,1,
8719956490637,false,טוני שוקולונלי שוקולד ביסקוויט קינמן 180,,NL,טוני שוקולונלי שוקול,מיליליטרים,180.00,"100 מ""ל",false,1,20.90,11.61,true,1,
8720100012445,false,וופל טוסט בלגי 6 יח 250 גרם בקרסלנד,דה בנקט גרופ,,וופל טוסט בלגי 6 יח,גרמים,250.00,100 גרם,false,1,13.90,5.56,true,1,
8720181046605,false,דאב - דאודורנט ספריי לאישה אורגינל כחול 150מל,יוניליוור,GB,דאב דאודורנט ספריי א,מיליליטרים,150.00,"100 מ""ל",false,1,17.70,11.80,true,1,
8720181123955,false,"אקס - ג'ל רחצה ריצארג קריד 400 מ""ל",,DE,גל רחצה אקס רי צארג,מיליליטרים,400.00,"100 מ""ל",false,1,16.30,4.08,true,1,
8720182253156,false,דאב אל סבון מוצק מלפפונים 90 גרם *4,,DE,דאב אל סבון מוצק מלפ,גרמים,360.00,100 גרם,false,1,12.90,3.58,true,1,
8720182256850,false,רביעיית מארז דאב סבון מוצק 360 גר',,DE,דאב אל סבון מוצק קלא,גרמים,360.00,100 גרם,false,1,12.90,3.58,true,1,
8721200060107,false,סטרופ וופל 260 גר בקרסלנד,דה בנקט גרופ,,סטרופ וופל 260 גר בק,גרמים,260.00,100 גרם,false,1,15.50,5.96,true,1,
8722100023377,false,מיונז הולנדי גאודס 850 גר,,,מיונז הולנדי גאודס 8,גרמים,850.00,100 גרם,false,1,30.90,3.64,true,1,
8723400756552,false,מנטוס ריינבו מארז 4 יח' * 37.5 ג',,,מנטוסRAINBOW 1/4,גרמים,150.00,100 גרם,false,1,13.50,9.00,true,1,
8723400795803,false,מנטוס פאנטה תפוז רביעייה 150 גרם,,,מנטוס פאנטה תפוז רבי,גרמים,150.00,100 גרם,false,1,10.90,7.27,true,1,
8723900935839,false,פאל מאל אדום טבק חפיסה 30 גר,,,פאל מאל אדום טבק חפי,יחידה,1.00,יחידה,false,1,64.90,64.90,true,1,
8727500033094,false,קקאו הולנדי בלוקר 250 גרם,,,קקאו הולנדי בלוקר 25,גרמים,250.00,100 גרם,false,1,28.90,11.56,true,1,
8801043053167,false,נונגשים ראמאן-נודלס שין חריף מאוד 120 גר,,,נונגשים ראמאן-נודלס,גרמים,120.00,100 גרם,false,1,10.90,9.08,true,1,
8801043157759,false,נונגשים ראמאן-נודלס צמפונג פירות ים 120ג,,,נונגשים ראמאן-נודלס,גרמים,120.00,100 גרם,false,1,10.90,9.08,true,1,
8801055707966,false,קפה טייסטר צו'יס נס קפה בריסטה 180ג',לוטה נסטלה קוריאה,,נסקפה טייסטרס צויס ב,גרמים,180.00,100 גרם,false,1,29.80,16.56,true,1,
8801055709472,false,נסטלה - נסקפה קפוצ'ינו קלאסי 12.50 גרם * 10,לוטה נסטלה קוריאה,DE,נסקפה קפוצינו קלאסי,גרמים,125.00,100 גרם,false,1,19.30,15.44,true,1,
8801055709489,false,נסטלה - נסקפה קפוצינו אגוזים 18 גרם * 10,,KR,נסקפה קפוצינו אגוזים,גרמים,180.00,100 גרם,false,1,19.30,10.72,true,1,
8801085020301,false,אטריות נאמה אודון 200 גרם,,,אטריות נאמה אודון 20,גרמים,200.00,100 גרם,false,1,10.00,5.00,true,1,
8850058000710,false,מחית צילי בשמן 227 גר,,,מחית צילי בשמן 227 ג,גרמים,227.00,100 גרם,false,1,18.70,8.24,true,1,
8850161161247,false,מי קוקוס קוקו מקס 1 ליטר,,TH,מי קוקוס קוקו מקס 1,מיליליטרים,1000.00,"100 מ""ל",false,1,15.60,1.56,true,1,
8850161166204,false,"קרם קוקוס 17-19% 500 מ""ל - AMPAWA",אמפווה קוקונט פרודקט,TH,"קרם קוקוס 500 מ""ל",מיליליטרים,500.00,"100 מ""ל",false,1,10.90,2.18,true,1,
8850161167089,false,חלב קוקוס קוקו וואי 1 ליטר,,TH,חלב קוקוס קוקו וואי,מיליליטרים,1000.00,"100 מ""ל",false,1,15.60,1.56,true,1,
8850180040028,false,קמח טמפורה להכנת בלי,,,טמפורה 500 גרם GOGI,גרמים,500.00,100 גרם,false,1,11.40,2.28,true,1,
8850206250592,false,רוטב צ`ילי סיראצ`ה 540 גרם,יאן וואל יון קו.לטד,TH,רוטב צ`ילי סיראצ`ה 5,גרמים,540.00,100 גרם,false,1,17.90,3.31,true,1,
8850367992164,false,קרם קוקוס 250 מל 20-22% ללא חומר משמר,,,"קרם קוקוס 250 מ""ל 20",גרמים,250.00,100 גרם,false,1,8.40,3.36,true,1,
8850367994786,false,מחית קארי אדומה 50 גרם,,,מחית קארי אדומה 50 ג,גרמים,50.00,100 גרם,false,1,5.90,11.80,true,1,
8850367994793,false,מחית קארי צהובה 50 גרם,,,מחית קארי צהובה 50 ג,גרמים,50.00,100 גרם,false,1,5.90,11.80,true,1,
8850389103111,false,"משקה קל סאפה בטעם ענבים 300 מ""ל",סאפה פובליק קומפני ל,TH,משקה קל סאפה בטעם ענ,מיליליטרים,300.00,"100 מ""ל",false,1,8.90,2.97,true,1,
8850389103128,false,"משקה קל סאפה בטעם תפוח 300 מ""ל",סאפה פובליק קומפני ל,TH,משקה קל סאפה בטעם תפ,מיליליטרים,300.00,"100 מ""ל",false,1,8.90,2.97,true,1,
8850389103159,false,"משקה ליצ'י עם חתיכות גלי קוקוס 320 מ""ל מוגו מוגו",סאפה פובליק קומפני ל,TH,מוגו מוגו ליצי עם חת,מיליליטרים,320.00,"100 מ""ל",false,1,8.20,2.56,true,1,
8850389104637,false,"משקה קל סאפה אלוורה אפרסק 300 מ""ל",סאפה פובליק קומפני ל,TH,משקה קל סאפה אלוורה,מיליליטרים,300.00,"100 מ""ל",false,1,8.90,2.97,true,1,
8850389105825,false,סאפה אלוורה ענבים 1 ליטר,סאפה פובליק קומפני ל,TH,סאפה אלוורה ענבים 1,מיליליטרים,1000.00,"100 מ""ל",false,1,14.90,1.49,true,1,
8850389105832,false,סאפה אלוורה תפוחים 1 ליטר,סאפה פובליק קומפני ל,TH,סאפה אלוורה תפוחים 1,מיליליטרים,1000.00,"100 מ""ל",false,1,14.90,1.49,true,1,
8850389105849,false,סאפה אלוורה אפרסק 1 ליטר,סאפה פובליק קומפני ל,TH,סאפה אלוורה אפרסק 1,מיליליטרים,1000.00,"100 מ""ל",false,1,14.90,1.49,true,1,
8850389111352,false,"משקה מלון עם חתיכות גלי קוקוס 320 מ""ל מוגו מוגו",סאפה פובליק קומפני ל,TH,מוגו מוגו מלון עם חת,מיליליטרים,320.00,"100 מ""ל",false,1,8.20,2.56,true,1,
8850389115312,false,"משקה קל סאפה בטעם מלון 300 מ""ל",סאפה פובליק קומפני ל,TH,משקה קל סאפה בטעם מל,מיליליטרים,300.00,"100 מ""ל",false,1,8.90,2.97,true,1,
8850632604259,false,מקלות חספוסים יוגטה טעם תות שדה 50 גר,ג'נרל קנדי בעמ,TH,מקלות חספוסים יוגטה,גרמים,50.00,100 גרם,false,1,5.90,11.80,true,1,
8850632604266,false,מקלות חספוסים יוגטה טעם קולה 50 גר,ג'נרל קנדי בעמ,TH,מקלות חספוסים יוגטה,Unknown,0.00,Unknown,false,1,5.90,5.90,true,1,
8850632604372,false,יוגטה חמצוצים שטיח בטעם תות שדה 50גר,ג'נרל קנדי בעמ,TH,שטיח חספוסים יוגטה,גרמים,50.00,100 גרם,false,1,5.90,11.80,true,1,
8850632604402,false,חספוסים יוגוטה שטיח חמוץ מעורב 50 ג',"ג'נרל קנדי בע""מ",TH,שטיח חספוסים יוגטה,גרמים,50.00,100 גרם,false,1,5.90,11.80,true,1,
8850632605201,false,יוגטה חספוסים תות בננה תפוז תפוח 50ג',הדקלאים אגודת שיתופי,TH,שטיח חספוסים יוגטה,גרמים,50.00,100 גרם,false,1,5.90,11.80,true,1,
8850632606390,false,שטיח חספוסים יוגטה טעם אבטיח 50 גר,ג'נרל קנדי בעמ,TH,שטיח חספוסים יוגטה,גרמים,50.00,100 גרם,false,1,5.90,11.80,true,1,
8851613101378,false,"נוזל קוקוס ארוי די 250 מ""ל",כלורוקס אוקלנד,TH,נוזל קוקוס,מיליליטרים,250.00,"100 מ""ל",false,1,10.40,4.16,true,1,
8851613101385,false,"חלב קוקוס ארוי-די קרטון 500מ""ל",תאי אגרי פוד פובליק,TH,"חלב קוקוס 500 מ""ל",מיליליטרים,500.00,"100 מ""ל",false,1,12.90,2.58,true,1,
8852633020403,false,פניני טפיוקה מזרח ומ,Super J Internationa,TH,טפיוקה גרגרים 500 גר,גרמים,500.00,100 גרם,false,1,11.90,2.38,true,1,
8853662004020,false,"רוטב צילי מתוק 725 מ""ל EXOTIC",,,רוטב צילי מתוק 725 מ,מיליליטרים,725.00,"100 מ""ל",false,1,16.20,2.23,true,1,
8854404000225,false,מחית קארי צהוב 70 גר' B.E,,TH,מחית קארי צהוב 70 גר,גרמים,70.00,100 גרם,false,1,13.50,19.29,true,1,
8854404001055,false,מחית קארי אדום 70 גר' B.E,,TH,מחית קארי אדום 70 גר,גרמים,70.00,100 גרם,false,1,13.50,19.29,true,1,
8854661001843,false,שרימפס בייבי 500 גרם קפוא,,,שרימפס בייבי 500 גרם,גרמים,500.00,100 גרם,false,1,34.50,6.90,true,1,
8854661002055,false,שרימפס 500 גר לא מקולף 31/40,,,שרימפס קפוא לא קלוף,גרמים,500.00,100 גרם,false,1,48.90,9.78,true,1,
8854661002079,false,טבעות קלמרי 500 גר,,VN,קלמרי טבעות 500 גר,גרמים,500.00,100 גרם,false,1,34.90,6.98,true,1,
8854661003212,false,בשר מולים מבושלים 500 גר,,,בשר מולים מבושלים 50,גרמים,500.00,100 גרם,false,1,26.50,5.30,true,1,
8854661003786,false,שרימפס מבושל עם ראש 500 גר,,,שרימפס מבושל עם ראש,גרמים,510.00,100 גרם,false,1,34.50,6.76,true,1,
8854661007012,false,"שרימפס מבושל מקולף 1 ק""ג קפוא",,,שרימפס מבושל מקולף,קילוגרמים,0.00,"ק""ג",false,1,83.50,83.50,true,1,
8854661009726,false,שרימפס טמפורה 300 גר,,,שרימפס טמפורה 300 גר,גרמים,300.00,100 גרם,false,1,35.50,11.83,true,1,
8857101301008,false,"רוטב צילי מתוק 700 מ""ל",יוליניבר,TH,רוטב צילי מתוק 700 מ,מיליליטרים,700.00,"100 מ""ל",false,1,12.90,1.84,true,1,
8857106430529,false,"אטריות אורז עם עלי תות עץ לל""ג 250 גרם",,TH,אטריות אורז עם עלי ת,גרמים,250.00,100 גרם,false,1,9.90,3.96,true,1,
8858271002887,false,"רוטב טרייאקי 250 מ""ל מקסצאפ",Yan Wal Yun Corpora,TH,"רוטב טרייאקי 250 מ""ל",מיליליטרים,250.00,"100 מ""ל",false,1,11.90,4.76,true,1,
8858271003020,false,רוטב סויה פורמולה 1 700 גרם מקסצאפ,,,רוטב סויה פורמולה 1,מיליליטרים,700.00,"100 מ""ל",false,1,16.70,2.39,true,1,
8858271003068,false,"רוטב סויה מתוקה כהה 250 מ""ל מקסצאפ",,,רוטב סויה מתוק כהה,מיליליטרים,250.00,"100 מ""ל",false,1,11.90,4.76,true,1,
8858271003136,false,"רוטב פטריות צמחוני 250 מ""ל מקסצאפ",,,רוטב פטריות צמחוני 2,מיליליטרים,250.00,"100 מ""ל",false,1,11.90,4.76,true,1,
8858271003945,false,"רוטב קארי צהוב 250 מ""ל מקסצאפ",,,רוטב קארי צהוב 250 מ,מיליליטרים,250.00,"100 מ""ל",false,1,11.90,4.76,true,1,
8858271004034,false,"רוטב צילי חריף 700 מ""ל מקסצאפ",Yan Wal Yun Corpora,TH,רוטב צילי חריף 700 מ,מיליליטרים,700.00,"100 מ""ל",false,1,15.90,2.27,true,1,
8858271004799,false,"רוטב צילי מתוק אל פורפסיס 700 מ""ל",Yan Wal Yun Corpora,TH,רוטב צילי מתוק אל פו,מיליליטרים,700.00,"100 מ""ל",false,1,13.50,1.93,true,1,
8858271005451,false,רוטב סויה פורמולה 1 - 250 מל מקסצאפ,Yan Wal Yun Corpora,TH,רוטב סויה פורמולה 1,מיליליטרים,250.00,"100 מ""ל",false,1,14.60,5.84,true,1,
8886303210504,false,"קארה קרם קוקונט 24% 500 מ""ל",,,קארה קרם קוקונט 24%,מיליליטרים,500.00,"100 מ""ל",false,1,15.60,3.12,true,1,
8888021200256,false,סוללות אנרג'יזר MAX AA שמינייה,יצרן: אנרג'ייזר סינג,SG,סוללות אנרגייזר שמי,Unknown,0.00,Unknown,false,1,29.50,29.50,true,1,
8888021200720,false,סוללות אנרג'יזר MAX AAA שמינייה,יצרן: אנרג'ייזר סינג,SG,סוללות אנרגייזר שמי,Unknown,0.00,Unknown,false,1,29.50,29.50,true,1,
8888056701117,false,נודלס אינסטנט טעם עוף קוקה 425 גרם,,SG,נודלס אינסטנט טעם עו,גרמים,425.00,100 גרם,false,1,21.90,5.15,true,1,
8901138509231,false,הימלאיה שפתון מרגיע,,,הימלאיה שפתון מרגיע,Unknown,0.00,Unknown,false,1,19.90,19.90,true,1,
8901138511197,false,"הימלאיה מסכת נים 75 מ""ל",,,הימלאיה מסכת נים 75,Unknown,0.00,Unknown,false,1,34.90,34.90,true,1,
8901138511593,false,הימלאיה סבון שקדים לעור יבש,,,הימלאיה סבון שקדים ל,Unknown,0.00,Unknown,false,1,14.90,14.90,true,1,
8901138511784,false,"הימלאיה - תרחיץ פנים ללא סבון 150 מ""ל",,,הימלאיה תרחיץ פנים ל,Unknown,0.00,Unknown,false,1,39.90,39.90,true,1,
8901138711900,false,"הימלאיה - פילינג יומי לפנים 150 מ""ל",,,הימלאיה פילינג יומי,מיליליטרים,150.00,"100 מ""ל",false,1,39.90,26.60,true,1,
8901138825614,false,"משחת שיניים הימלאיה מינט פרש 75 מ""ל",,,משחת שיניים מינט פרש,מיליליטרים,75.00,"100 מ""ל",false,1,23.90,31.87,true,1,
8901537024014,false,"אורז בסמטי מובחר דאווט 1 ק""ג",הנסיך- מפעל לייצור ט,IN,אורז בסמטי מובחר,גרמים,1000.00,100 גרם,false,1,12.90,1.29,true,1,
8901537076679,false,"אורז בסמטי חום מלא 1 ק""ג דאוואט",האי נאם סי או אל.טי.,IN,אורז בסמטי חום מלא ד,גרמים,1000.00,100 גרם,false,1,12.90,1.29,true,1,
8904180001333,false,רוטב מנגו צאטני מתוק 340 גרם,,,רוטב מנגו צאטני מתוק,גרמים,340.00,100 גרם,false,1,19.90,5.85,true,1,
8904180001340,false,רוטב מנגו צאטני חריף 340 גרם,,,רוטב מנגו צאטני חריף,גרמים,340.00,100 גרם,false,1,19.90,5.85,true,1,
8906000596999,false,"אורז בסמתי מלא 1ק""ג שוקחה","אינסטנטה בע""מ",IN,אורז בסמטי מלא 1 קג,גרמים,1000.00,100 גרם,false,1,10.90,1.09,true,1,
8906118240388,false,קורנישונים כבושים קן,,,קורנישונים כבושים קן,Unknown,1.00,Unknown,false,1,13.50,13.50,true,1,
8908000959361,false,קורנישונים כבושים בחומץ 680 גר,,,קורנישונים כבושים בח,גרמים,680.00,100 גרם,false,1,13.50,1.99,true,1,
8908000959613,false,קורנישונים כבושים קן,,,קורנישונים כבושים קן,Unknown,1.00,Unknown,false,1,15.90,15.90,true,1,
8908001017213,false,חטיף תירס בטעם טבעי 150 גרם,,,חטיף תירס בטעם טבעי,גרמים,150.00,100 גרם,false,1,11.90,7.93,true,1,
8908001017558,false,חטיף תירס בטעם צילי מתוק 150 גרם,,,חטיף תירס בטעם צילי,גרמים,150.00,100 גרם,false,1,11.90,7.93,true,1,
8934878081866,false,"דפי אורז 22 ס""מ מרובעים 400 גרם TRAV",,,"דפי אורז 22 ס""מ מרוב",גרמים,400.00,100 גרם,false,1,10.90,2.73,true,1,
8935083158008,false,קוקטייל פירות ים 500 גר,,,קוקטייל פירות ים 500,גרמים,500.00,100 גרם,false,1,31.50,6.30,true,1,
8935083158022,false,ראשי קלמרי 500 גרם קפוא,,,ראשי קלמרי 500 גרם,גרמים,500.00,100 גרם,false,1,33.50,6.70,true,1,
8936071204318,false,"אורז דביק 1 ק""ג",,VN,"אורז דביק 1 ק""ג",גרמים,1000.00,100 גרם,false,1,16.90,1.69,true,1,
8994692541038,false,קונוס לגלגול 3 יחידו,,,קונוסים KS 3 J WA,יחידה,1.00,יחידה,false,1,7.00,7.00,true,1,
8997206332016,false,סוכר קוקוס אורגני 454 גרם אינדונזיה,,,סוכר קוקוס אורגני 45,גרמים,454.00,100 גרם,false,1,21.90,4.82,true,1,
9000100590693,false,"סאיוס - מוס לשיער לייצוב מקסימלי 250 מ""ל",,DE,מוס לייצוב סאיוס מקס,מיליליטרים,250.00,"100 מ""ל",false,1,25.60,10.24,true,1,
9000101329322,false,סבון אסלה בניחוח מתחלף תפוח נופר 50 ג' ברף,,RS,ברף בניחוח מתחלף תפו,יחידה,1.00,יחידה,false,1,9.90,9.90,true,1,
9000101329742,false,סבון אסלה בניחוח מתחלף אפרסק תפוח 50 ג' ברף,,RS,ברף בניחוח מתחלף אפר,יחידה,1.00,יחידה,false,1,9.90,9.90,true,1,
9000101375268,false,ברף דלקס שלישייה ניחוח יסמין,,,ברף דלקס שלישייה ניח,Unknown,0.00,Unknown,false,1,19.90,19.90,true,1,
9000101380255,false,דיסקס לכביסה ניקיון הגייני 22 יח' פרסיל,,HU,פרסיל דיסק ניקיון הג,Unknown,0.00,Unknown,false,1,36.50,36.50,true,1,
9000101417029,false,סבון אסלה ברף דלקס יסמין 50 גרם,,,סבון אסלה ברף דלקס י,גרמים,50.00,100 גרם,false,1,10.00,20.00,true,1,
9000101512526,false,פרסיל - פאוור קאפס קפסולות ג'ל מרוכזות לכביסה 26 יח',,RS,קפסולות פאוור קאפס פ,Unknown,0.00,Unknown,false,1,34.90,34.90,true,1,
9000101521436,false,סבון אסלה בניחוח מתחלף לוטוס במבוק 50 ג' ברף,,RS,ברף בניחוח מתחלף לוט,יחידה,1.00,יחידה,false,1,9.90,9.90,true,1,
9000101537550,false,פרסיל קאפסולות לכביסה לבנה וצבעונית 52 יח',הנקל סוד,HU,קפסולות פאוור קאפס פ,Unknown,0.00,Unknown,false,1,67.90,67.90,true,1,
9000101537581,false,פרסיל קאפסולות לכביסה צבעונית 52 יחידו,הנקל סוד,HU,קפסולות פאוור קאפס פ,Unknown,0.00,Unknown,false,1,67.90,67.90,true,1,
9001148803103,false,שיני שום קלופות,חקלאי,IL,שום קלוף,Unknown,0.00,Unknown,false,1,14.90,14.90,true,1,
9001414041116,false,פלפל שחור מתחנה 36 גר KOTANYI,,RU,פלפל שחור מתחנה 36 ג,גרמים,36.00,100 גרם,false,1,14.90,41.39,true,1,
9001414041130,false,פלפל 4 סוגים מתחנה 35 גר KOTANYI,,RU,פלפל 4 סוגים מתחנה 3,גרמים,35.00,100 גרם,false,1,14.90,42.57,true,1,
9001414441633,false,מלח הימולאי 88 גר KOTANYI,,RU,מלח הימולאי 88 גר KO,גרמים,88.00,100 גרם,false,1,14.90,16.93,true,1,
9001531947322,false,"מרכך כביסה פרוש לבנדר 750 מ""ל",,,מרכך כביסה פרוש לבנד,מיליליטרים,750.00,"100 מ""ל",false,1,20.00,2.67,true,1,
9002859031434,false,גונץ - בוגי גילי פירות 250 גר,,,גונץ - בוגי גילי פיר,גרמים,250.00,100 גרם,false,1,11.90,4.76,true,1,
9002859042799,false,גונץ - מוצרט כדורים בשקית 300 גר,,,גונץ - מוצרט כדורים,גרמים,300.00,100 גרם,false,1,29.90,9.97,true,1,
9002859049422,false,ניקו תיבול לפיצה במטחנה 56 גרם גונץ,,,ניקו תיבול לפיצה במט,גרמים,56.00,100 גרם,false,1,12.90,23.04,true,1,
9002859050367,false,בובות סנטה קטנות בשקית 100 גר גונץ,,,בובות סנטה קטנות בשק,גרמים,100.00,100 גרם,false,1,10.90,10.90,true,1,
9002859050381,false,מיקס סנטה גדול בשקית 100 גר גונץ,,,מיקס סנטה גדול בשקית,גרמים,100.00,100 גרם,false,1,10.90,10.90,true,1,
9002859050671,false,לבבות שוקולד ברשת 100 גרם גונץ,לייקה,IT,לבבות שוקולד ברשת 10,גרמים,100.00,100 גרם,false,1,10.90,10.90,true,1,
9002859050725,false,תפזורת סנטה ברשת 100 גר גונץ,,,תפזורת סנטה ברשת 10,גרמים,100.00,100 גרם,false,1,10.90,10.90,true,1,
9002859050824,false,גונץ מטבעות זהב ברשת 100 ג' 1/24,,,גונץ-מטבעות זהב ברשת,גרמים,100.00,100 גרם,false,1,10.90,10.90,true,1,
9002859054099,false,מוצרט-שוקולד ממולא 300ג',,,מוצרט משושה 300 גרם,גרמים,300.00,100 גרם,false,1,29.90,9.97,true,1,
9002859056963,false,אנשי שלג משוקולד ברשת 100 גר גונץ,,,אנשי שלג משוקולד ברש,גרמים,100.00,100 גרם,false,1,10.90,10.90,true,1,
9002859067006,false,לבבות פרלין 45 גרם גונץ,,,לבבות פרלין 45 גרם ג,גרמים,45.00,100 גרם,false,1,8.50,18.89,true,1,
9002859067907,false,גונץ עוגיות עם קרם בטעם וניל 380 גרם,,,גונץ עוגיות עם קרם ב,גרמים,380.00,100 גרם,false,1,18.90,4.97,true,1,
9002859081590,false,שוקולד סנטה על המקל שישייה 90 גר גונץ,,,שוקולד סנטה על המקל,גרמים,540.00,100 גרם,false,1,10.90,2.02,true,1,
9002859087189,false,גונץ גומי פירות יער 400 גר,,,גונץ גומי פירות יער,גרמים,400.00,100 גרם,false,1,21.90,5.48,true,1,
9002859088490,false,גונץ עוגיות עם קרם בטעם אוכמניות 380 גרם,,,גונץ עוגיות עם קרם ב,גרמים,380.00,100 גרם,false,1,18.90,4.97,true,1,
9002859092657,false,גונץ-בננה ציפוי מריר 150 גר,,,גונץ-בננה ציפוי מריר,גרמים,150.00,100 גרם,false,1,11.90,7.93,true,1,
9002859097997,false,בובת סנטה עם פרליני שוקולד 60 גרם,,,בובת סנטה עם פרליני,גרמים,60.00,100 גרם,false,1,43.90,73.17,true,1,
9002859104091,false,גונץ כדור קריסמס ממולא בפרלינים 30 גרם,,AT,גונץ כדור קריסמס ממו,גרמים,30.00,100 גרם,false,1,16.90,56.33,true,1,
9002859107054,false,גונץ-אצבעות שוקולד פרחים 200 גרם,,AT,גונץ-אצבעות שוקולד פ,גרמים,200.00,100 גרם,false,1,17.90,8.95,true,1,
9002859110894,false,גונץ-שום עם עשבי תיבול בשמן 190 גרם,,,גונץ-שום עם עשבי תיב,גרמים,190.00,100 גרם,false,1,21.90,11.53,true,1,
9002859113758,false,גונץ סנטה פרליני ש.חלב ק.חלב 100 גר,,,גונץ סנטה פרליני ש.ח,גרמים,100.00,100 גרם,false,1,15.90,15.90,true,1,
9002975393812,false,סוכריות גילי הריבו האפי צירי 70 גרם,,AT,סוכריות גילי הריבו ה,גרמים,70.00,100 גרם,false,1,7.30,10.43,true,1,
9002975393829,false,סוכריות גילי הריבו פיציס 70 גרם,,AT,סוכריות גילי הריבו פ,גרמים,70.00,100 גרם,false,1,7.30,10.43,true,1,
9002975393836,false,סוכריות גילי הריבו האפי קולה 70 גרם,"האריבו , ג'י.אם.בי.א",AT,סוכריות גילי הריבו ה,גרמים,70.00,100 גרם,false,1,7.30,10.43,true,1,
9002975393843,false,סוכריות גילי הריבו גולדברס 70 גרם,"האריבו , ג'י.אם.בי.א",AT,סוכריות גילי הריבו ג,גרמים,70.00,100 גרם,false,1,7.30,10.43,true,1,
9002975393850,false,סוכריות גילי הריבו וורמס 70 גרם,"האריבו , ג'י.אם.בי.א",AT,סוכריות גילי הריבו ו,גרמים,70.00,100 גרם,false,1,7.30,10.43,true,1,
9003402655084,false,"בירה שטיגל רדלר פטל פחית 500 מ""ל",,,בירה שטיגל רדלר פטל,מיליליטרים,500.00,"100 מ""ל",false,1,8.20,1.64,true,1,
9003402660088,false,"בירה שטיגל גולדבראו 500 מ""ל פחית",שטיגל,AT,בירה שטיגל גולדבראו,מיליליטרים,500.00,"100 מ""ל",false,1,9.90,1.98,true,1,
9003402663089,false,"בירה שטיגל רדלר אשכוליות 500 מ""ל פחית",,AT,בירה שטיגל רדלר אשכו,מיליליטרים,500.00,"100 מ""ל",false,1,8.20,1.64,true,1,
9008700128971,false,מיץ חמוציות ראוך 1 ליטר,,,מיץ חמוציות ראוך 1 ל,מיליליטרים,1000.00,"100 מ""ל",false,1,14.60,1.46,true,1,
9013100003490,false,"מוצארט שוקולד תות 500 מ""ל",,,מוצארט שוקולד תות 50,מיליליטרים,500.00,"100 מ""ל",false,1,93.90,18.78,true,1,
9013100040280,false,"ליקר מוצרט קרם שוקולד בלאק 500 מ""ל",,,ליקר מוצרט קרם שוקול,מיליליטרים,500.00,"100 מ""ל",false,1,93.90,18.78,true,1,
9013100053303,false,"ליקר מוצרט קרם שוקולד לבן 500 מ""ל",,,ליקר מוצרט קרם שוקול,מיליליטרים,500.00,"100 מ""ל",false,1,93.90,18.78,true,1,
9044400843318,false,מארז פז בובה כריסמס 10+1 סוכריות 85 גר,,,מארז פז בובה כריסמס,Unknown,0.00,Unknown,false,1,15.90,15.90,true,1,
9044400851672,false,סוכריות פז סוגים שונים + 3 מילויים,פז,HU,סוכריות 3+1 PEZ,Unknown,0.00,Unknown,false,1,10.90,10.90,true,1,
9044400885578,false,סוכריות פז בטעם פירות 82 ג',,,סוכריות מילוי PEZ,Unknown,0.00,Unknown,false,1,10.90,10.90,true,1,
9310072028743,false,טים טם אורגינל 200 גרם,"ארנוטס ביסקוויטס בע""",AU,טים טם אורגינל 200 ג,גרמים,200.00,100 גרם,false,1,19.90,9.95,true,1,
9310072028750,false,טים טם מצופה שוקולד,"ארנוטס ביסקוויטס בע""",AU,טים טם דאבל 200 גרם,גרמים,200.00,100 גרם,false,1,19.90,9.95,true,1,
9310297005239,false,"יין ראוסונס רטריט שרדונה 750 מ""ל",,,יין ראוסונס רטריט שר,Unknown,0.00,Unknown,false,1,54.90,54.90,true,1,
9310297010905,false,"פנפולדס קונונגה היל שיראז קברנה 750 מ""ל",,AU,פנפולדס קונונגה היל,Unknown,0.00,Unknown,false,1,74.90,74.90,true,1,
9310297646258,false,יין ראוסונס רטריט שיראז קברנה 750 מל,,,יין ראוסונס רטריט,Unknown,0.00,Unknown,false,1,54.90,54.90,true,1,
9311218109562,false,"יין לינדמנס בין 50 שיראז 750 מ""ל",,,יין לינדמנס בין 50 ש,Unknown,0.00,Unknown,false,1,57.90,57.90,true,1,
9311218110995,false,יין לינדמנס בין 45 קברנה סובניון 750 מל,,,יין לינדמנס בין 45 ק,Unknown,0.00,Unknown,false,1,57.90,57.90,true,1,
9312631129991,false,תה דילמח ארל גריי זהב 100 שקיקים 200 גר,,,תה דילמח ארל גריי זה,גרמים,200.00,100 גרם,false,1,41.90,20.95,true,1,
9322969000022,false,פריכיות 150 ג' תירס עם סויה וזרעי פשתן 150ג',אף.סי תבליני בגליל ב,AU,פרכיות תירס 150 גרם,גרמים,150.00,100 גרם,false,1,12.80,8.53,true,1,
9322969000046,false,פריכיות תירס שומשום אורגני ריל פודס 150 ג',אף.סי תבליני בגליל ב,AU,פריכויות תירס אורגני,גרמים,150.00,100 גרם,false,1,12.80,8.53,true,1,
9414202007803,false,בקבוק 330 סיסטמה,,,הידרו - לאנצ בקבוק 3,Unknown,0.00,Unknown,false,1,21.90,21.90,true,1,
9414202058003,false,בקבוק פליפ טופ 475 סיסטמה,,,בקבוק פליפ טופ 475 ס,Unknown,0.00,Unknown,false,1,36.90,36.90,true,1,
9414202239655,false,קופסאת איחסון מלבנית מחולקת + בקבוק,,,לאנצ - קופסת איחסון,Unknown,0.00,Unknown,false,1,59.90,59.90,true,1,
9414202415189,false,לאנצ - אחסונית מלבני,,,לאנצ - אחסונית מלבני,Unknown,0.00,Unknown,false,1,21.90,21.90,true,1,
9414202613325,false,אחסון קרקרים 900 סיסטמה,,,אקסנטס - אחסונית מרו,Unknown,0.00,Unknown,false,1,29.90,29.90,true,1,
9414202614506,false,אחסון דגנים 4.2 סיסטמה,,,אחסון דגנים 4.2 סיסט,Unknown,0.00,Unknown,false,1,59.90,59.90,true,1,
9414202616005,false,אקסנטס-קופסאת אחסון מלבנית 1 ליטר,,,קופסת אחסון מלבנית 1,Unknown,0.00,Unknown,false,1,28.50,28.50,true,1,
9414202616203,false,אחסון מחולקת 1 סיסטמה,,,קופסת מלבנית מחולקת,Unknown,0.00,Unknown,false,1,29.90,29.90,true,1,
9414202616500,false,אקסנטס-קופסאת לאנצ מרובעת 1.2 ליטר,,,קופסת לאנצ מרובעת 1.,Unknown,0.00,Unknown,false,1,25.90,25.90,true,1,
9414416305528,false,יין פרייבט בין סוביניון בלאן 750 מל,,,יין פרייבט בין סובינ,Unknown,0.00,Unknown,false,1,83.90,83.90,true,1,
9414416501876,false,"יין פרייבט בין שרדונה 750 מ""ל וילה מריה",,,יין פרייבט בין שרדונ,Unknown,0.00,Unknown,false,1,83.90,83.90,true,1,
9415305122011,false,יין מטואה מרלבוך סוביניון בלאן 750 מל,,,יין מטואה מרלברו,Unknown,0.00,Unknown,false,1,87.90,87.90,true,1,
9415305236053,false,"יין מטואה פינו נואר 750 מ""ל",,,יין מטואה פינו נואר,Unknown,0.00,Unknown,false,1,99.90,99.90,true,1,
9421902401176,false,"מול על חצי צדף ניו זילנד 1 ק""ג",,,מול על חצי צדף ניו ז,קילוגרמים,0.00,"ק""ג",false,1,58.50,58.50,true,1,
9720188050109,false,טופוטי ממרח טופו בטעם גבינה 227 ג`,טופוטי ברנדס אינק.ג',IL,גבינת טופו בטעמים,גרמים,225.00,100 גרם,false,1,19.90,8.84,true,1,
9720188060108,false,טופוטי ממרח על בסיס סויה בסגנון שמנת 340ג',טופוטי ברנדס אינק.ג',IL,שמנת טופו בטעמים 360,גרמים,360.00,100 גרם,false,1,19.90,5.53,true,1,
9771565051066,false,ידיעות אחרונות יום ו,,,ידיעות אחרונות שישי,Unknown,0.00,Unknown,false,1,20.00,20.00,true,1,
9785386048921,false,כדור שלג זכוכית,,,כדור שלג זכוכית,Unknown,0.00,Unknown,false,1,19.90,19.90,true,1,
9785885037266,false,כדורי שרי לעץ,,,כדורי שרי לעץ,Unknown,0.00,Unknown,false,1,29.90,29.90,true,1,
9785912505980,false,פסלון מואר,,,פסלון מואר,Unknown,0.00,Unknown,false,1,11.90,11.90,true,1,
9871184221359,false,גאודה הולנדית 30% במשקל,,,גאודה הולנדית 30%,Unknown,0.00,"ק""ג",true,0,89.00,89.00,true,1,
9871184221363,false,גאודה הולנדית עגבניות זיתים ובזיליקום,,,גאודה הולנדית עגבניה,Unknown,0.00,"ק""ג",true,0,127.00,127.00,true,1,
9871184221365,false,גאודה הולנדית עם רוטב חריף סמבל במשקל,,,גאודה הולנדית,Unknown,0.00,"ק""ג",true,0,119.00,119.00,true,1,
9871184221367,false,גאודה עיזים הולנדית במשקל,,,גאודה עיזים הולנדית,Unknown,0.00,"ק""ג",true,0,127.00,127.00,true,1,
