code,internal_code,name,manufacturer_name,manufacture_country,manufacturer_item_description,unit_qty,quantity,unit_of_measure,weighted,qty_in_package,price,unit_of_measure_price,allow_discount,status,item_id
301,true,בקבוק ריק חוזר בירה,,,בקבוק ריק חוזר בירה,יחידה,0.00,יחידה,false,,1.20,0.0000,true,1,3784
374,true,פטריות שמפניון,,,פטריות שמפניון,יחידה,0.00,יחידה,false,,8.90,0.0000,true,1,30510
1091,true,צנונית בייבי,,,צנונית בייבי,גרמים,400.00,100 גרם,false,,5.90,0.0148,true,1,20081
1518,true,מלון,,,*מבצע* מלון,קילוגרמים,1.00,"ק""ג",true,,5.90,5.9000,true,1,30553
1543,true,אבטיח,,,*מבצע* אבטיח,קילוגרמים,1.00,"ק""ג",true,,4.90,4.9000,true,1,30569
1553,true,ענב לבן,,,*מבצע* ענב לבן,קילוגרמים,1.00,"ק""ג",true,,24.90,24.9000,true,1,30577
1556,true,בננה מובחרת,,,בננה מובחרת,קילוגרמים,1.00,"ק""ג",true,,8.90,8.9000,true,1,30580
9999,true,פיקדון בקבוקים,,,פיקדון בקבוקים,יחידה,0.00,יחידה,false,,0.30,0.0000,true,1,58
18192740,true,בננה ארוזה מהגינה של,,,בננה ארוזה מהגינה של,גרמים,500.00,100 גרם,false,,7.90,0.0158,true,1,23188
18192825,true,עגבניה ארוזה יח מהגי,,,עגבניה ארוזה יח מהגי,יח',650.00,יח',false,,10.90,0.0168,true,1,23189
18192832,false,מלפפון ארוז יח מהגי,,,מלפפון ארוז יח מהגי,גרמים,600.00,100 גרם,false,,8.90,0.0148,true,1,23190
18192849,true,גזר ארוז יח מהגינה ש,,,גזר ארוז יח מהגינה ש,גרמים,600.00,100 גרם,false,,7.90,0.0132,true,1,23191
18192856,true,בצל אדום ארוז יח מהג,,,בצל אדום ארוז יח מהג,גרמים,700.00,100 גרם,false,,8.90,0.0127,true,1,23192
18192863,true,לימון,,,לימון,קילוגרמים,1.00,"ק""ג",false,,9.90,9.9000,true,1,23193
18192870,true,בצל לבן ארוז יח מהגי,,,בצל לבן ארוז יח מהגי,גרמים,700.00,100 גרם,false,,8.90,0.0127,true,1,23194
18795217,true,אפרסק 6.0,,,אפרסק 6.0,יח',700.00,יח',false,,16.90,0.0241,true,1,23201
18795224,true,נקטרינה 5.5,,,נקטרינה 5.5,גרמים,700.00,100 גרם,false,,16.90,0.0241,true,1,23202
40084107,false,ביצת שוקולד הפתעה קינדר,פרדי קונדטוריה אס פי,IT,ביצת קינדר,גרמים,20.00,100 גרם,false,,7.90,0.3950,true,1,23116
40084725,false,קינדר מילק סלייס 28 גרם,פררו טורקיה צ'\יקולטה וו,TR,קינדר מילק סלייס עוג,גרמים,28.00,100 גרם,false,,4.50,0.1607,true,1,34949
40111216,false,באונטי חטיף קוקוס ושוקולד 57ג',"נארז ע""י : א.ג. גילר",NL,חטיף שוקולד באונטי 5,גרמים,57.00,100 גרם,false,,4.90,0.0860,true,1,10798
72917589,false,חטיף מקופלת עלית 25,"שטראוס גרופ בע""מ",IL,מקופלת 25ג,יח',25.00,יח',false,,4.90,0.1960,true,1,11734
72940761,false,"מילקי מעדן שוקולד עם קצפת שטראוס 133 מ""ל",מיוצר עי קונדיטוריית,IL,מילקי שוקולד מהדרין,ליטרים,170.00,100 ליטר,false,,2.90,0.0171,true,1,12415
72940983,false,סלט חומוס 250 גר אחל,אחלה - שטראוס,IL,אחלה חומוס 250ג,גרמים,250.00,100 גרם,false,,7.90,0.0316,true,1,12418
72961506,false,יוגורט עם תות 1.5% שומן 125 ג' פרילי,מיוצר עי קונדיטוריית,IL,פרילי תות 1.5% 125מל,מיליליטרים,125.00,"100 מ""ל",false,,3.90,0.0312,true,1,13681
72963753,false,שמנת אורגינל של פעם 27% שומן 200 ג' תנובה,תנובה מרכז שיתופי לש,IL,תנובה שמנת של פעם 27,מיליליטרים,200.00,"100 מ""ל",false,,4.40,0.0220,true,1,13688
72986370,false,"גלידת בן & ג'ריס פיינטים וניל 500מ""ל",מוצרי איכות אמריקאיים,IL,גלידת פיינטים וניל צ,מיליליטרים,420.00,"100 מ""ל",false,,28.90,0.0688,true,1,7553
72986424,false,"גלידת בן & ג'ריס פיינטים קרם עוגיות 500מ""ל",מוצרי איכות אמריקאיים בע,IL,גלידת פיינטים קרם עו,מיליליטרים,420.00,"100 מ""ל",false,,28.90,0.0688,true,1,7554
72991497,false,קופסה נובלס ירוק כהה,"דובק בע""מ",IL,נובלס ורג'יניה פילטר,יחידה,0.00,יחידה,false,,29.90,0.0000,false,1,2514
80177173,false,ממרח שוקולד נוטלה 350 גרם,פררו - אלבה,IT,ממרח נוטלה קקאו עם א,גרמים,350.00,100 גרם,false,,15.90,0.0454,true,1,23127
80177609,false,אצבעות שוקולד קינדר Kinder ארבע יחידות,פררו - אלבה,IT,קינדר אצבעות שוק.חלב,יח',50.00,יח',false,,5.90,0.1180,true,1,23129
80177616,false,אצבעות שוקולד קינדר Kinder שמונה יחידות,פררו - אלבה,IT,אצבעות שוקולד קינדר,גרמים,100.00,100 גרם,false,,9.90,0.0990,true,1,23130
80761761,false,קינדר בואנו לבן בודד 39 גרם,ליימן שליסל,PL,קינדר בואנו לבן 39ג,גרמים,43.00,100 גרם,false,,5.90,0.1372,true,1,23132
80773429,false,מנטוס בקבוק מעוגל - מסטיק ללא סוכר בטעם תות 60 גרם,"פרפטי ואן מלה ג'\ידה,סאן",TR,מסטיק מנטוס בקבוק בט,גרמים,60.00,100 גרם,false,,12.90,0.2150,true,1,6568
80773443,false,מנטוס בקבוק מעוגל - מסטיק ללא סוכר בטעם מנטה 60 גרם,"פרפטי ואן מלה ג'\ידה,סאן",TR,מסטיק מנטוס בקבוק בט,יח',60.00,יח',false,,12.90,0.2150,true,1,6569
80828174,false,מסטיק מנטוס וויט בטעם מנטה מתוקה,"פרפטי ואן מלה ג'ידה,סאן",TR,מסטיק מנטוס ויט טעם,גרמים,60.00,100 גרם,false,,12.90,0.2150,true,1,6576
80974482,false,ביצת הפתעה קינדר גוי לבנים 20 גרם,פררו - אלבה,ZA,קינדר גוי בודד כחול,גרמים,20.00,100 גרם,false,,7.90,0.3950,true,1,23136
87311396,false,מנטוס ריינבאוו סוכריות לעיסה בטעמי פירות,פרפטי ואן מלה ברדה,NL,מנטוס סוכריות גליל,גרמים,37.00,100 גרם,false,,4.90,0.1324,true,1,6592
90162602,false,רד בול משקה אנרגיה פקדון 30 אג,רד בול ג'י.אם.בי. אץ,IL,משקה אנרגיה RED BULL,ליטרים,250.00,100 ליטר,false,,8.90,0.0356,true,1,2752
198888886,false,עיגול אגורות,,,עיגול אגורות,יחידה,0.00,יחידה,false,,1.00,0.0000,true,1,26708
8421361250,false,בובת TY עיניים גדולות (S) דיוק הכלב לבן חום,,,בובות TY עיניים גדול,יחידה,0.00,יחידה,false,,27.90,0.0000,true,1,17852
11210000094,false,"רוטב ""טבסקו"" על בסיס פלפל אדום 60 מ""ל",מקאילהייני אייבורי,US,טבסקו,מיליליטרים,60.00,"100 מ""ל",false,,12.90,0.2150,true,1,21715
16000423534,false,חטיפי גרנולה קראנצ'י עם שיבולת שועל ושוקולד מריר נייצ'ר ואלי 5*42 גרם,ג'נרל מילס סאן אדריאן,ES,חטיף קראנצי שיבולת ש,גרמים,210.00,100 גרם,false,,25.90,0.1233,true,1,6594
16000548404,false,חטיפי גרנולה קראנצ'י עם שיבולת שועל ודבש נייצ'ר ואלי 5*42 גרם,ג'נרל מילס סאן אדריאן,ES,חטיף קראנצי גרנולה ש,יח',210.00,יח',false,,25.90,0.1233,true,1,6596
36000516890,false,ממחטות אף עם אלוורה + ויטמין E תלת שכבתי,חוגלה קימברלי,US,קלינקס לושן תלת שכבת,יחידה,0.00,יחידה,false,,22.90,0.0000,true,1,4630
38000232152,false,פרינגלס חטיפי תפוח אדמה בטעם ברביקיו 158 גרם,פרינגלס מנופקצ'ורינג קומ,US,פרינגלס ביג ברביקיו,יח',158.00,יח',false,,11.90,0.0753,true,1,14484
38000232176,false,פרינגלס ביג שמנת בצל 158 גרם,פרינגלס מנופקצ'ורינג קונ,US,פרינגלס ביג שמנת בצל,גרמים,158.00,100 גרם,false,,11.90,0.0753,true,1,14485
38000232183,false,פרינגלס ביג אורגינל 149 גרם,פרינגלס מנופקצ'ורינג קונ,US,פרינגלס ביג אורגינל,גרמים,158.00,100 גרם,false,,11.90,0.0753,true,1,14486
38527591053,false,קואקר דגנים מרובעים שיבולת שועל וקינמון,קוואקר אוטס קומפני,US,דגני בוקר מרובעים קי,גרמים,412.00,100 גרם,false,,26.90,0.0653,true,1,12864
46214731552,false,עוגיות שוקולד צ'יפס 37% גודיס 225 גרם,קריניציה ויטמינה אס,NL,מרבה עוגיות שוקולד צ,גרמים,225.00,100 גרם,false,,11.90,0.0529,true,1,11138
50000100347,false,"פריסקיז - מעדני החתול מועשר בחלב 1.40 ק""ג",נסטלה פורינה USA מק,US,פריסקיז מעדני החתול,קילוגרמים,1.40,"ק""ג",false,,46.90,33.5000,true,1,9411
50000429646,false,פריסקיז פנסי פיסט לח דג אוקיאנוס 85 גרם,נסטלה פורינה USA ג',US,פנסי פיסט פטה דג אוק,גרמים,85.00,100 גרם,false,,7.90,0.0929,true,1,9426
70080000016,false,חרדל אמריקאי פלוכמן Plochman's,"פלוקמן בע""מ",US,חרדל צהוב רגיל 297 ג,גרמים,297.00,100 גרם,false,,9.90,0.0333,true,1,21724
77975088210,false,שברי בייגל גבינת צ'דר340,ליימן מותגים,US,סניידרס צ'דר 340 גרם,גרמים,340.00,100 גרם,false,,20.90,0.0615,true,1,6619
77975088227,false,שברי בייגלה בצל חרדל340ג,סניידרס אוף האנובר,US,סניידרס דבש וחרדל 34,גרמים,340.00,100 גרם,false,,20.90,0.0615,true,1,6620
77975094624,false,"סניידרס סנדוויץ בייגלה במילוי חמאת בוטנים , 226 ג'",סניידרס Snyder's,US,סניידרס בייגלה במילו,יחידה,0.00,יחידה,false,,19.90,0.0000,true,1,6623
77975094761,false,סניידרס חטיפים על בסיס קמח חיטה בטעם גבינת צ'דר,סניידרס אוף האנובר,US,סניידרס צ'דר 340 גרם,גרמים,340.00,100 גרם,false,,20.90,0.0615,true,1,6625
769904000997,false,שקדי מרק ללא גלוטן200גרם,משובח תעשיות מזון,IL,דגש שקדי מרק ללא גלו,גרמים,200.00,100 גרם,false,,16.90,0.0845,true,1,30955
835811009023,false,"כוסות משקה חם קרטון 235 מ""ל",הנמל,,כוסות קרטון 50 יח 8O,יחידה,0.00,יחידה,false,,9.90,0.0000,true,1,4197
3073781161663,false,גבינה מותכת 18.5% שומן לה וואש קירי,לה וואש קירי La Vache qui rit,FR,גבינת לה וואש קירי 8,גרמים,128.00,100 גרם,false,,13.90,0.1086,true,1,35378
3073781161687,false,גבינה מותכת לוואש קירי 256 גרם,פרומאג'רי בל דום סאם,FR,גבינה מותכת לה וואש,גרמים,256.00,100 גרם,false,,24.90,0.0973,true,1,35393
4000417025005,false,שוקולד מריר במילוי מרציפן ריטר ספורט 100 גרם,ריטר ספורט Ritter sport,DE,שוקולד ריטר ספורט מר,גרמים,100.00,100 גרם,false,,11.90,0.1190,true,1,6629
4008400290126,false,עוגת ק'נדר פינגווי מצופה שוקולד מריר 30 גרם,פררו טורקיה צ'\יקולטה וו,TR,קינדר פינגווי עוגת ס,גרמים,30.00,100 גרם,false,,4.50,0.1500,true,1,34920
4008400290423,false,עוגות קינדר מצ.שוקו30*4ג,פררו טורקיה צ'\יקולטה וו,TR,קינדר פינגווי עוגת ס,גרמים,120.00,100 גרם,false,,14.90,0.1242,true,1,34921
4009900402965,false,אורביט וויט בטעם פירות בקבוקון 46מלבניות,ריגלי פולין,PL,אורביט וויט פירות בק,יח',64.00,יח',false,,13.90,0.2172,true,1,10829
4009900403023,false,אורביט וויט בטעם מנטה בקבוקון 46 מלבניות,"ב.א מזון בע""מ",PL,אורביט וויט מנטה בקב,גרמים,64.00,100 גרם,false,,13.90,0.2172,true,1,10830
4009900420129,false,מסטיק אורביט פרופשנל פפרמינט בקבוקון 64 גר',מרס נדרלנד,PL,אורביט פרופשייונל פפ,גרמים,64.00,100 גרם,false,,13.90,0.2172,true,1,10833
4009900479998,false,אורביט וויט אוכמניות בקבוקון 46 מלבניות,ריגלי פולין,PL,אורביט מסטיק בקבוקון,גרמים,64.00,100 גרם,false,,13.90,0.2172,true,1,10838
4009900482417,false,מסטיק אורביט פירות מנטה בקבוקון באבל מינט 45יח,ריגלי פולין,PL,אורביט באבל מינט בקב,גרמים,64.00,100 גרם,false,,13.90,0.2172,true,1,10840
4009900512329,false,פייב בוקס מסטיק מנטה 69 גרם,ריגלי בעמ רוסיה,RU,מסטיק פייב בוקס פפרמ,גרמים,69.00,100 גרם,false,,13.90,0.2014,true,1,10854
4009900512350,false,פייב בוקס מסטיק אבטיח 69 גרם,ריגלי בעמ רוסיה,RU,מסטיק פייב בוקס אבטי,גרמים,69.00,100 גרם,false,,13.90,0.2014,true,1,10855
4015400564454,false,מגני תחתון אולוויז לארג' עם ניחוח מגה פק,פרוקטר אנד גמבל,DE,מגן תחתון לארג מגה פ,יחידה,0.00,יחידה,false,,29.90,0.0000,true,1,14520
4015400681670,false,תחבושות אולוויז וליו פק לילה בטוח 18 יחידות,פרוקטר אנד גמבל,UA,לילה בטוח אולוויז 18,יחידה,0.00,יחידה,false,,27.90,0.0000,true,1,14527
4015400731719,false,תחבושות היגייניות אולוויז יום ולילה Day & Night,פרוקטר אנד גמבל,UA,תחבושות וליו פק לילה,יחידה,0.00,יחידה,false,,27.90,0.0000,true,1,14533
4015400755241,false,תחבושות היגייניות אולוויז אולטרה נורמל - 28 יח',פרוקטר אנד גמבל,UA,תחבושות וליו פק נורמ,יחידה,0.00,יחידה,false,,27.90,0.0000,true,1,14537
4033100014529,false,סיגריות אל די סלים בודד,Unknown,TR,אל.די סלימס,יחידה,0.00,יחידה,false,,28.90,0.0000,false,1,2232
4066600999614,false,"בירה פאולנר, בירת חיטה מעוננת, בקבוק 500 מ""ל",מבשלת פאולנר,DE,בירה פאולנר בקבוק 50,מיליליטרים,500.00,"100 מ""ל",false,,14.90,0.0298,true,1,4942
4084500853553,false,פיירי נוזל כלים קלאסי אורגינל 650 מל,פרוקטר אנד גמבל,GB,"פיירי אוריגינל 650מ""",מיליליטרים,650.00,"100 מ""ל",false,,12.90,0.0198,true,1,14562
5000127533196,false,קלוגס וורייטי שמינייה 191 גרם,חברת קלוגס בריטניה,GB,דגני בוקר ווראייטי ק,גרמים,191.00,100 גרם,false,,28.90,0.1513,true,1,2764
5000159407236,false,חטיף מרס שוקולד עם ק,מרס הולנד בי.וי.,NL,חטיף מרס 51 גרם,יח',51.00,יח',false,,4.90,0.0961,true,1,10879
5000159459228,false,חטיף שוקולד טוויקס 50 ג',"נארז ע""י : א.ג. גילר",NL,חטיף טויקס 50 גרם,גרמים,50.00,100 גרם,false,,4.90,0.0980,true,1,10884
5000159461122,false,חטיף שוקולד סניקרס מקס קרמל 50 ג',"נארז ע""י : א.ג. גילר",NL,חטיף סניקרס שוקולד 5,גרמים,50.00,100 גרם,false,,4.90,0.0980,true,1,10885
5010265002836,false,"פת פריכה אוריגינל שיפון מלא 250 גרם ""ריוטה""",דה ג'ורדנס אנד ריווי,GB,פת פריכה אורגינל 250,גרמים,250.00,100 גרם,false,,13.90,0.0556,true,1,30972
5010677554398,false,"בקרדי בריזר אבטיח 275 מ""ל בקבוק",בקרדי בריזר Bacardi Breezer,BE,בקרדי בריזר אבטיח,מיליליטרים,275.00,"100 מ""ל",false,,16.90,0.0615,true,1,4947
5410126716016,false,"עוגיות לוטוס ביסקויט קרמל בד""צ 250 גרם",לוטוס ביקרי בלגיה,BE,ביסקוויט בטעם קרמל ל,גרמים,250.00,100 גרם,false,,15.90,0.0636,true,1,2780
5701932026971,false,הוטפופ גרעיני תירס להכנת פופקורן במיקרוגל בטעם חמאה 600 גרם,ליימן מותגים,US,הוט פופ פופקורן בטעם,גרמים,600.00,100 גרם,false,,19.90,0.0332,true,1,6659
5711953106583,false,גבינת שמנת בטעם טבעי 200 גרם ארלה,ארלה פודס אמבה,DK,ארלה גבינת שמנת טבעי,גרמים,200.00,100 גרם,false,,19.90,0.0995,true,1,12425
5740900403222,false,ממרח לורפק חמאה עם מלח מופחת שומן 250 ג,ארלה פודס אמבה,DK,ממרח לורפק עם מלח מו,גרמים,250.00,100 גרם,false,,19.90,0.0796,true,1,12430
5900627063233,false,טבליות למדיח הכל ב-1 פיניש מקס 50 יחידות,רקיט בנקיזר,PL,50 יח AIO טבליות פינ,גרמים,800.00,100 גרם,false,,43.90,0.0549,true,1,10949
5906485301012,false,"משקה אנרגיה XL פחית 250 מ""ל","טמפו משקאות בע""מ",IL,אקס אל משקה אנרגיה 2,ליטרים,250.00,100 ליטר,false,,4.90,0.0196,true,1,4954
6951097101030,false,מאג לונדון 375,,,מאג לונדון,יחידה,0.00,יחידה,false,,5.90,0.0000,true,1,3234
7290000035632,false,פילה אמנון קפוא ללא,,,פילה אמנון קפוא ללא,קילוגרמים,1.00,"ק""ג",true,,39.90,39.9000,true,1,29267
7290000040042,false,יופלה יוגורט תות %3 גביע 150 גרם,תנובה חלב,IL,יופלה תות שובב 3% 15,מיליליטרים,150.00,"100 מ""ל",false,,5.90,0.0393,true,1,13694
7290000040066,false,יופלה יוגורט דובדבן %3 גביע 150 גרם,תנובה חלב,IL,יופלה דובדבן פראי 3%,מיליליטרים,150.00,"100 מ""ל",false,,5.90,0.0393,true,1,13695
7290000040080,false,יופלה יוגורט אפרסק %3 גביע 150 גרם,תנובה חלב,IL,יופלה אפרסק מאוהב 3%,מיליליטרים,150.00,"100 מ""ל",false,,5.90,0.0393,true,1,13696
7290000040974,false,חלב דל לקטוז 2% תנובה קרטון 1 ליטר,תנובה מרכז שיתופי לש,IL,חלב תנובה קרטון דל ל,ליטרים,1.00,ליטר,false,,7.90,7.9000,true,1,13700
7290000042435,false,חלב דל שומן בקרטון+פקק תנובה 1 ליטר,תנובה מרכז שיתופי לש,IL,חלב תנובה בקרטון 1%,ליטרים,1.00,ליטר,false,,5.59,5.5900,true,1,13709
7290000042442,false,"חלב תנובה טרי 3% ""תנובה"" - מוצר בפיקוח",תנובה חלב,IL,חלב תנובה בקרטון 3%,ליטרים,1.00,ליטר,false,,5.94,5.9400,true,1,13710
7290000043890,false,תנובה רויון לבן מחלב מפסוטר 1.5%,תנובה מרכז שיתופי לש,IL,ריויון 1.5% 1ל,ליטרים,1.00,ליטר,false,,12.90,12.9000,true,1,13717
7290000048185,false,גבינה לבנה 5% תנובה 250 גרם מהדרין,מיוצר עי קונדיטוריית,IL,תנובה גבינה לבנה רכה,יח',250.00,יח',false,,4.75,0.0190,true,1,13732
7290000052311,false,גבינה צהובה עמק לייט 15% שומן 200 גרם,תנובה מרכז שיתופי לש,IL,עמק מהדרין 15% 200 ג,גרמים,200.00,100 גרם,false,,16.90,0.0845,true,1,13752
7290000052717,false,גבינת קוטג' שום שמיר 5% תנובה 250 גרם,מיוצר עי קונדיטוריית,IL,קוטג תנובה עם שום שמ,גרמים,250.00,100 גרם,false,,6.90,0.0276,true,1,13754
7290000055343,false,משקה יוגורט יופלה פירות טרופיים 250 גרם,תנובה מרכז שיתופי לש,IL,יופלה משקה יוגורט טר,ליטרים,250.00,100 ליטר,false,,6.90,0.0276,true,1,13762
7290000056845,false,תנובה חלב טרי 3% שומן 1.5 ליטר - מוצר בפיקוח,פארייפאבה אגרואינדוס,IL,חלב תנובה בקרטון 3%,ליטרים,1.50,ליטר,false,,8.91,5.9400,true,1,13771
7290000057088,false,עמק גבינה צהובה פרוסה דק דק 28% תנובה 200 גרם,תנובה מרכז שיתופי לש,IL,עמק דק דק 28% 200גר,יח',200.00,יח',false,,17.90,0.0895,true,1,13778
7290000057132,false,יוגורט תנובה טבעי 1.5% גביע 200 גרם,מחלבת אלון תבור,IL,תנובה יוגורט טבעי 1.,מיליליטרים,200.00,"100 מ""ל",false,,3.90,0.0195,true,1,13780
7290000057149,false,יוגורט תנובה טבעי 3% גביע 200 גרם,מיוצר עי קונדיטוריית,IL,תנובה יוגורט טבעי 3%,גרמים,200.00,100 גרם,false,,3.90,0.0195,true,1,13781
7290000057552,false,יופלה דיאט עוגת גבינה ותות 0% גביע 150ג',תנובה חלב,IL,יופלה דיאט ע.גבינה ו,מיליליטרים,150.00,"100 מ""ל",false,,5.90,0.0393,true,1,13783
7290000058580,false,קוקילידה בטעם וניל עם עוגיות שוקולד גלידות נסטלה 80 גרם,נגה גלידות (גלידות נ,IL,קוקילידה וניל,יחידה,0.00,יחידה,false,,11.90,0.0000,true,1,8367
7290000060088,false,בייגלה מקלות מלוחים אסם 400 גרם,מיוצר עי קונדיטוריית,IL,בייגלה אסם מקלות מלו,גרמים,400.00,100 גרם,false,,11.90,0.0298,true,1,9464
7290000060903,false,פסטה אסם פתיתים אפויים אורז 500גר,"אסם השקעות בע""\מ",IL,פתיתים אפויים אורז א,גרמים,500.00,100 גרם,false,,8.90,0.0178,true,1,9483
7290000061108,false,"רוטב טריאקי 290 מ""ל-בקבוק","אסם השקעות בע""\מ",IL,רוטב טריאקי אסם 290,מיליליטרים,290.00,"100 מ""ל",false,,14.90,0.0514,true,1,9490
7290000061245,false,עוגיות שוקוצ'יפס במילוי שוקולד אסם 220 גרם,מיוצר עי קונדיטוריית,IL,אסם עוגיות שוקוצ'יפס,גרמים,220.00,100 גרם,false,,12.30,0.0559,true,1,9492
7290000065090,false,מיני קרוטונים מתובלים למרק ולסלט אסם 400 גרם,עינת תעשיות מזון אגו,IL,מיני קרוטונים למרק ו,גרמים,400.00,100 גרם,false,,30.90,0.0772,true,1,9509
7290000065717,false,סירופ ויטמינצ'יק פטל 1ל',בית-השיטה עסיס תעשיות מז,IL,סירופ פטל ויטמינצ'יק,ליטרים,1.00,ליטר,false,,14.90,14.9000,true,1,9513
7290000066141,false,ביסלי חטיף בטעם גריל אסם 70 גרם,"אסם השקעות בע""\מ",IL,ביסלי גריל 70 גר'.,יח',70.00,יח',false,,5.90,0.0843,true,1,9518
7290000066295,false,במבה מתוקה מחומרים טבעיים 30 גרם,מיוצר עי קונדיטוריית,IL,במבה מתוקה מחומרים ט,גרמים,30.00,100 גרם,false,,2.90,0.0967,true,1,9528
7290000066318,false,במבה חטיף בוטנים אסם 80 גרם,"אסם השקעות בע""\מ",IL,במבה קלאסי 80גרם,יח',80.00,יח',false,,5.90,0.0738,true,1,9530
7290000066332,false,אפרופו חטיף תירס אסם 50 גרם,מיוצר עי קונדיטוריית,IL,אפרופו 50גרם,יח',50.00,יח',false,,6.90,0.1380,true,1,9531
7290000066431,false,פופקו חטיף פופקורן בטעם חמאה ודבש אסם 80 גרם,מיוצר עי קונדיטוריית,IL,פופקו חמאה ודבש 80גר,גרמים,80.00,100 גרם,false,,6.90,0.0863,true,1,9533
7290000066943,false,סירופ ויטמינצ'יק ענבים1ל,בית-השיטה עסיס תעשיות מז,IL,סירופ ענבים ויטמינצ',ליטרים,1.00,ליטר,false,,14.90,14.9000,true,1,9534
7290000068138,false,אינסטנט פודינג בטעם וניל אסם 80 גרם,מיוצר עי קונדיטוריית,IL,אסם פודינג אינסטנט ו,גרמים,80.00,100 גרם,false,,6.50,0.0813,true,1,9548
7290000068770,false,במבה יום הולדת חטיף בוטנים אסם 80 גרם,"אסם השקעות בע""\מ",IL,במבה יום הולדת 80גרם,גרמים,80.00,100 גרם,false,,5.90,0.0738,true,1,9559
7290000068787,false,במבה יום הולדת חטיף בוטנים אסם 25 גרם,מיוצר עי קונדיטוריית,IL,במבה יום הולדת 25גרם,יח',25.00,יח',false,,2.90,0.1160,true,1,9560
7290000071008,false,אוסם - בייגלה שטוחים מלח 60 גרם,"אסם השקעות בע""\מ",IL,בייגלה אסם שטוחים מל,גרמים,60.00,100 גרם,false,,3.90,0.0650,true,1,9578
7290000072623,false,קטשופ אסם בקבוק לחיץ 750 גרם,"אסם תעשיות בע""מ",IL,אסם קטשופ בקבוק לחיץ,גרמים,750.00,100 גרם,false,,12.90,0.0172,true,1,9582
7290000072753,false,קפה נמס מגורען טסטרס צ'ויס 200 גרם-,נסטלה קוריאה - קפה,KR,נס קפה טייסטרס צ'ויס,יח',200.00,יח',false,,34.90,0.1745,true,1,9584
7290000072968,false,דגני בוקר סיני מיניס חיטה מלאה וקינמון נסטלה 500 גרם,נסטלה פולין דגני בוק,PL,סיני מיניס דגני נסטל,יחידה,500.00,יחידה,false,,29.90,0.0598,true,1,9588
7290000073125,false,מנה חמה פסטה ברוטב עגבניות אסם 62 גרם,"אסם השקעות בע""\מ",IL,מנה חמה פסטה עם עגבנ,גרמים,62.00,100 גרם,false,,7.90,0.1274,true,1,9589
7290000073750,false,מנה חמה נודלס אטר+ירקות טעם עוף 70 גרם,PUB FOODS PRESIDENT THAI,TH,מנה חמה נודלס בטעם ע,יח',70.00,יח',false,,7.90,0.1129,true,1,9591
7290000073767,false,מנה חמה נודלס אטר.+ירקות טעם בקר 70 גרם,PUB FOODS PRESIDENT THAI,TH,מנה חמה נודלס בטעם ב,גרמים,70.00,100 גרם,false,,7.90,0.1129,true,1,9592
7290000073774,false,מנה חמה נודלס אטר+ירקות טעם צילי 70 גרם,טאי רזידנט,TH,מנה חמה נודלס בטעם פ,גרמים,70.00,100 גרם,false,,7.90,0.1129,true,1,9593
7290000074184,false,ביסקוויט פתי בר אסם 500 גרם,"אסם השקעות בע""\מ",IL,אסם פתי בר 500גרם,גרמים,500.00,100 גרם,false,,15.90,0.0318,true,1,9595
7290000074245,false,אוסם - קרם קרקר אסם 250 גרם,"אסם השקעות בע""\מ",IL,אסם קרם קרקר 250גרם,גרמים,250.00,100 גרם,false,,13.90,0.0556,true,1,9596
7290000074375,false,אוסם - קרקר זהב 150 גרם,"אסם השקעות בע""\מ",IL,אסם קרקר זהב 150גרם,גרמים,150.00,100 גרם,false,,8.90,0.0593,true,1,9600
7290000075143,false,עוג. שוקוצ'יפס קלאסי200ג,מיוצר עי קונדיטוריית,IL,אסם עוגיות שוקוצ'יפס,גרמים,200.00,100 גרם,false,,12.30,0.0615,true,1,9609
7290000075204,false,אוסם - לחמית חיטה מלאה 250 גרם,"אסם השקעות בע""\מ",IL,לחמית חיטה מלאה 250ג,גרמים,250.00,100 גרם,false,,9.90,0.0396,true,1,9610
7290000076126,false,אוסם - בייגלה שמיניות קטנות 80 גרם,"אסם השקעות בע""\מ",IL,אסם בייגלה שמיניות ק,גרמים,80.00,100 גרם,false,,3.90,0.0487,true,1,9612
7290000076645,false,טוסטעים פת קלויה חיטה מלאה אסם 100 גרם,ון דר מולן האלום,NL,טוסטעים חיטה מלאה אס,גרמים,100.00,100 גרם,false,,12.90,0.1290,true,1,9614
7290000077017,false,עוגיות קרמוגית במילוי קרם שוקולד אסם 200 גרם,מיוצר עי קונדיטוריית,IL,אסם קרמוגית במילוי ש,גרמים,200.00,100 גרם,false,,11.90,0.0595,true,1,9615
7290000077253,false,אוסם - לחמית כפרית עם דגנים מלאים 190 גרם,"אסם השקעות בע""\מ",IL,לחמית כפרית 190גרם,יח',190.00,יח',false,,13.90,0.0732,true,1,9616
7290000079233,false,קרם קרקר דיאטטי דל נתרן 250 גרם,"אסם תעשיות בע""מ",IL,אסם קרם קרקר דל נתרן,גרמים,250.00,100 גרם,false,,11.50,0.0460,true,1,9622
7290000080765,false,טוסטעים פת קלויה עם שומשום אסם 100 גרם,ון דר מולן האלום,NL,טוסטעים פת קלויה עם,גרמים,100.00,100 גרם,false,,12.90,0.1290,true,1,9625
7290000104201,false,אפונה עדינה סנפרוסט 600 גרם,"איי, בי, אינבוו",IL,אפונה עדינה סנפרוסט,גרמים,600.00,100 גרם,false,,19.90,0.0332,true,1,13550
7290000107295,false,תפרחות ברוקולי סנפרוסט 800 גרם,"איי, בי, אינבוו",IL,תפרחות ברוקולי 800ג,גרמים,800.00,100 גרם,false,,29.90,0.0374,true,1,13576
7290000110844,false,"כיפלי בטעם גריל 70 גרם-בד""ץ",יוניליור ישראל מזון,IL,חטיף כיפלי גריל 70 ג,גרמים,70.00,100 גרם,false,,6.50,0.0929,true,1,5461
7290000111186,false,"מיונז אמיתי תלמה 500 גרם בד""צ",יוניליוור ישראל מזון בע\,IL,מיונז אמיתי תלמה 500,גרמים,500.00,100 גרם,false,,11.90,0.0238,true,1,5465
7290000112220,false,טחינה גולמית שומשום טהור בארכה 500 גרם,"רושדי תעשיות מזון בע""\מ",IL,בארכה טחינה 100% שומ,גרמים,500.00,100 גרם,false,,17.70,0.0354,true,1,9627
7290000113180,false,כיפלי חטיף צ'יפס 70ג' בדץ,יוניליור ישראל מזון,IL,חטיף כיפלי צ'יפס 50,גרמים,50.00,100 גרם,false,,6.50,0.1300,true,1,5474
7290000120836,false,"מיונז אמיתי 394 גרם ""הלמנס""",קונפקו אינק' די.בי.א,CA,מיונז הלמנס 394 גרם,גרמים,394.00,100 גרם,false,,14.90,0.0378,true,1,5487
7290000135052,false,"XL TEN משקה אנרגיה מנגו ללא סוכר 250 מ""ל","טמפו משקאות בע""\מ",IL,אקס אל TEN פחית מנגו,מיליליטרים,250.00,"100 מ""ל",false,,4.90,0.0196,true,1,4988
7290000135113,false,"משקה אנרגיה XL פחית ten נענע ליים 250 מ""ל","טמפו משקאות בע""\מ",IL,פחית XL TEN נענע ליי,מיליליטרים,250.00,"100 מ""ל",false,,4.90,0.0196,true,1,4989
7290000144474,false,שמן עץ הזית קנולה 1 ליטר בריאות מהטבע,שמן תעשיות בעמ,EE,שמן קנולה בריאות עץ,ליטרים,1.00,ליטר,false,,17.20,17.2000,true,1,15999
7290000148298,false,מיץ תפוזים סחוט קלאסי2ל,פריגת,IL,פריגת סחוט תפוזים 2ל,ליטרים,2.00,ליטר,false,,30.90,15.4500,true,1,3349
7290000148380,false,פיסטוקים קלוים קליית גת 200 גרם,"ג'י אנד ג'י בע""מ",IL,פיסטוק קלוי 200 גרם,גרמים,200.00,100 גרם,false,,25.90,0.1295,true,1,6662
7290000148939,false,שקדים קלויים קלית גת 200 ג',"ג'י אנד ג'י בע""מ",IL,שקדים קלויים 200 גרם,גרמים,200.00,100 גרם,false,,25.90,0.1295,true,1,6666
7290000168173,false,"ברנפלקס קרנצ'ים תלמה בד""ץ 375 גרם",יוניליור ישראל מזון,IL,ברנפלקס קרנצים תלמה,גרמים,375.00,100 גרם,false,,29.90,0.0797,true,1,5521
7290000170053,false,"שוקולד פרה חלב 100 גרם בד""צ לל""ג","שטראוס גרופ בע""\מ.",IL,פרה שוק.חלב 100ג,גרמים,100.00,100 גרם,false,,6.90,0.0690,true,1,11780
7290000174037,false,בפלות בטעם לימון 500 גרם,STRAUSS-ISRAEL,IL,ופל לימון 500 גר,גרמים,500.00,100 גרם,false,,15.90,0.0318,true,1,11784
7290000174723,false,שוקולית אבקה להכנת משקה שוקו 500 גרם,הנסיך- מפעל לייצור ט,IL,שוקולית 500 גרם,גרמים,500.00,100 גרם,false,,14.90,0.0298,true,1,11787
7290000176062,false,קפה טורקי בשקית 100 ג' עלית,שטראוס קפה בי.ויn\.,IL,טורקי עלית 100 גרם,יח',100.00,יח',false,,10.90,0.1090,true,1,11789
7290000176079,false,קפה עלית טורקי עם הל 100 גרם,הנסיך- מפעל לייצור ט,IL,טרוקי עלית קפה עם הל,גרמים,100.00,100 גרם,false,,11.90,0.1190,true,1,11790
7290000176420,false,קפה נמס פחית עלית 200 גרם,שטראוס קפה בי.וי,IL,קפה נמס עלית פחית 20,יח',200.00,יח',false,,21.90,0.1095,true,1,11796
7290000178707,false,תפוצ'יפס בטעם טבעי 50 גרם,"שטראוס פריטו ליי בע""\מ )",IL,תפוציפס טבעי 50 גרם,יח',50.00,יח',false,,4.90,0.0980,true,1,12868
7290000180212,false,שוקולוד פרה מריר אגוזים 100ג' עלית,"שטראוס גרופ בע""מ",IL,פרה שוק.מריר ושברי א,יח',100.00,יח',false,,6.90,0.0690,true,1,11803
7290000181103,false,ביסקויט עד חצות חלב200גר,STRAUSS-ISRAEL,IL,עד חצות 200 גר',גרמים,200.00,100 גרם,false,,16.90,0.0845,true,1,11804
7290000187921,false,נייר טואלט דו שכבתי לבן לילי 32 יחידות,לילי נייר טואלט חוגלה,IL,"נייר טואלט ""לילי"" לב",מטרים,588.00,מטר,false,,42.90,0.0730,true,1,4664
7290000188355,false,מגבות מטבח ניקול לבנה שישייה,קימברלי-קלארק,IL,מגבות מטבח ניקול לבנ,100 יח',64.80,100 יח',false,,12.90,0.1991,true,1,4669
7290000188553,false,קוטקס מגן תחתון יאנג ביג 60 יחידות,קימברלי קלארק,CN,מגן תחתון סילק נורמל,יחידה,0.00,יחידה,false,,20.90,0.0000,true,1,4671
7290000188591,false,קוטקס מגן תחתון יאנג ביג 60 יחידות,קימברלי קלארק,CN,מגן תחתון סילק יאנג,יחידה,0.00,יחידה,false,,20.90,0.0000,true,1,4673
7290000189505,false,ניקול תבנית אפייה מקרטון אינגליש קייק ניקול 5 יחידות,"דוקארט בעמ, קיבוץ כפ",IL,ניקול תבנית אפייה מק,יחידה,0.00,יחידה,false,,12.90,0.0000,true,1,4687
7290000189550,false,"שקיות אשפה ענקיות עם שרוך 78 * 90 ס""מ ניקול 2 * 10 יחידות",חוגלה קימברלי,IL,אשפתון זוג ענק 20,יחידה,0.00,יחידה,false,,32.90,0.0000,true,1,4689
7290000191539,false,חמישיית ממחטות טישו צבועני לילי 100 יחידות,חוגלה קימברלי,IL,לילי צבעוני חמישיה-9,יחידה,0.00,יחידה,false,,17.90,0.0000,true,1,4705
7290000191652,false,שלישיית ממחטות אולטרה סופט קלינקס 90 יחידות,חוגלה קימברלי,IL,קלינקס קלאסיק ניילון,יחידה,0.00,יחידה,false,,14.90,0.0000,true,1,4708
7290000195537,false,האגיס - מגבוני האגיס דיילי קר לא מבושם 64 יח' * 4,חוגלה קימברלי,IL,מגבוני האגיס רביעייה,יחידה,0.00,יחידה,false,,22.90,0.0000,true,1,4730
7290000195773,false,האגיס - מגבוני האגיס סנסטיב קר לא מבושם 64 יח' * 4,חוגלה קימברלי,IL,מגבוני האגיס נטורל א,יחידה,0.00,יחידה,false,,22.90,0.0000,true,1,4733
7290000197463,false,חיתולים פרידום דריי שלב +4 האגיס 40 יחידות,קימברלי קלארק ישראל,IL,האגיס פרידום דריי של,יחידה,0.00,יחידה,false,,45.90,0.0000,true,1,4751
7290000197548,false,חיתולים פרידום דריי שלב 5 האגיס 36 יחידות,קימברלי קלארק ישראל,IL,האגיס פרידום דריי של,יחידה,0.00,יחידה,false,,45.90,0.0000,true,1,4753
7290000208213,false,שעועית לבנה אפויה A2 ברוטב עגבניות יכין 560ג',היינץ צפון אמריקה מק,IL,שעועית לבנה ברוטב עג,גרמים,355.00,100 גרם,false,,7.90,0.0223,true,1,4511
7290000209371,false,תירס מתוק יכין 200 גרם מארז 3 יח',היינץ צפון אמריקה מק,IL,תירס שלישיה יכין 3*1,גרמים,495.00,100 גרם,false,,12.90,0.0261,true,1,4537
7290000211442,false,"סוגת אורז פרסי קלאסי שקית 1 ק""ג",האי נאם סי או אל.טי.,IL,סוגת אורז פרסי קלאסי,קילוגרמים,1.00,"ק""ג",false,,10.90,10.9000,true,1,8865
7290000211503,false,סוכר לבן ארוז בשקית,"סוגת תעשיות בע""\מ",IL,"סוכר סוגת לבן 1 ק""ג",קילוגרמים,1.00,"ק""ג",false,,5.90,5.9000,true,1,8866
7290000263359,false,חיתולים ליטל בייביז מידה 1 האגיס 40 יחידות,קימברלי קלארק שיווק,IL,האגיס אקסטרא קייר של,יחידה,0.00,יחידה,false,,40.90,0.0000,true,1,4796
7290000284316,false,קוקה -קולה בקבוק 1.5 ליטר,החברה המרכזית לייצור משקאות,IL,קוקה קולה 1.5 ליטר,ליטרים,1.50,ליטר,false,,8.90,5.9333,true,1,3719
7290000284361,false,קולה דיאט בקבוק 1.5 ל',החברה המרכזית לייצור משקאות,IL,דיאט קוקה קולה 1.5 ל,ליטרים,1.50,ליטר,false,,8.90,5.9333,true,1,3722
7290000286761,false,ניילון נצמד סנו סושי פלסטיק מארז 30X2 מ',מיוצר עי קונדיטוריית,CN,סנו סושי פלסטיק נצמד,מטרים,60.00,מטר,false,,12.90,0.2150,true,1,16226
7290000288024,false,סנו - ז'אוול אקונומיקה בריח לימון 4 ליטר,"סנו מפעלי ברונוס בע""מ",IL,סנו ז'אוול בריח לימו,ליטרים,4.00,ליטר,false,,19.90,4.9750,true,1,16245
7290000295299,false,סנו סושי כריות הפלא רב תכלתיות רביעייה,סנו מפעלי ברונו בעמ,IL,סנו סושי כריות יפניו,יחידה,0.00,יחידה,false,,12.90,0.0000,true,1,16302
7290000295404,false,שקיות אשפה עם שרוך 54 * 65 סנו סושי 60 יחידות,מיוצר עי קונדיטוריית,IL,שקיות אשפה נשלפות סנ,יחידה,0.00,יחידה,false,,27.90,0.0000,true,1,16307
7290000295503,false,זוג שקיות מזון טבע 19*25 סנו סושי 150 יחידות,"אשפלסט תעשיות בע""מ",CN,סנו סושי צמד שקיות א,יחידה,0.00,יחידה,false,,16.90,0.0000,true,1,16308
7290000300900,false,שניצל תירס מרכיבים טבעיים טבעול 750 גרם,עיצובים 2020 (4.8),IL,שניצל תירס טבעול רכי,גרמים,750.00,100 גרם,false,,29.90,0.0399,true,1,10324
7290000334325,false,ציפס למיקרו מארז שלישיה 125 ג' תפוגן,"תעשיות תפוגן בע""\מ",IL,תפוגן ציפס למיקרו מא,גרמים,375.00,100 גרם,false,,18.90,0.0504,true,1,10330
7290000341071,false,בדין - מרכך כביסה בייבי לבן 2 ליטר,יוניליור ישראל טיפוח איש,IL,בייבי בדין לבן 2ליטר,ליטרים,2.00,ליטר,false,,22.90,11.4500,true,1,5533
7290000345291,false,תה ארל גריי ויסוצקי 25 יחידות,תה ויסוצקי,IL,תה ארל גריי 1.5/25,גרמים,37.50,100 גרם,false,,20.90,0.5573,true,1,13078
7290000346205,false,חליטת קמומיל הגן הקסום ויסוצקי 25 יחידות,תה ויסוצקי,IL,תה קמומיל 25 שקיקים,גרמים,37.50,100 גרם,false,,22.90,0.6107,true,1,13087
7290000347738,false,תה ירוק נענע ויסוצקי 25 יחידות,תה ויסוצקי,IL,תה ירוק נענע 25 שקיק,גרמים,37.50,100 גרם,false,,29.90,0.7973,true,1,13090
7290000347752,false,תה ירוק לימונית ולואיזה 25 שקיקים *1.5 ג'' ויסוצקי,תה ויסוצקי,IL,תה ירוק לימונית ולוא,גרמים,37.50,100 גרם,false,,29.90,0.7973,true,1,13091
7290000364278,false,דקניקים סלסולי סלמי איטלקי משובח טירת צבי 120 גרם,הנסיך- מפעל לייצור ט,IL,סלסולי סלמי איטלקי מ,גרמים,120.00,100 גרם,false,,18.90,0.1575,true,1,13425
7290000364285,false,דקניקים סלסולי פסטרמה הודו טירת צבי 120 גרם,הנסיך- מפעל לייצור ט,IL,טירת צבי סלסולי פסטר,יח',120.00,יח',false,,18.90,0.1575,true,1,13426
7290000382210,false,שקיות גופיה ינות בית,,,שקיות גופיה ינות בית,יחידה,0.00,יחידה,false,,0.10,0.0000,true,1,23
7290000382227,false,שקיות גופיה מגה בעיר,,,שקיות גופיה מגה בעיר,יחידה,0.00,יחידה,false,,0.10,0.0000,true,1,43
7290000408316,false,יוגורט דנונה דל לקטוז 200 גרם,מיוצר עי קונדיטוריית,IL,דנונה טבעי 3% 200מל,מיליליטרים,200.00,"100 מ""ל",false,,3.90,0.0195,true,1,12441
7290000408354,false,יוגורט עם אורז מצופה שוקולד קקאו 175 ג' דנונה,"שטראוס בריאות בע""\מ",IL,דנונה בר פיצפוצים 17,ליטרים,175.00,100 ליטר,false,,5.90,0.0337,true,1,12442
7290000416984,false,ממרח שחר נוגט אגוזים,,,ממרח נוגט אגוזים השח,גרמים,350.00,100 גרם,false,,13.90,0.0397,true,1,15604
7290000420325,false,"פופסטאר פופקורן למקירוגל בטעם טבעי 5 שקיות,500 גרם",פרסטון פארמס,US,פופסטאר פופקורן טבעי,גרמים,500.00,100 גרם,false,,19.90,0.0398,true,1,2963
7290000461656,false,בייגלה מקלות מלוחים בייגל בייגל 400 גרם,בייגל את בייגל מזון 198),IL,מקלות מלוחים 400 גרם,גרמים,400.00,100 גרם,false,,13.90,0.0348,true,1,5539
7290000461700,false,בייגלה שמיניות גדולות מלוחות 400 גרם,בייגל את בייגל מזון 198),IL,ביגלה שמיניות גדולות,יח',400.00,יח',false,,18.90,0.0472,true,1,5540
7290000474502,false,גבינה לבנה טרה 5% מרכיבים טבעיים,הפריט בפיקוח,IL,טרה גבינה לבנה 5% 25,גרמים,250.00,100 גרם,false,,4.75,0.0190,true,1,3358
7290000497044,false,"לחם אקטיב 750 גרם ""ברמן""",מאפית י את א ברמן בע,IL,לחם אקטיב ברמן 750 ג,יח',750.00,יח',false,,16.90,0.0225,true,1,24313
7290000497112,false,"לחם כהה פרוס וארוז ""ברמן""-מוצר בפיקוח",מאפית י את א ברמן בע,IL,לחם אחיד ארוז ברמן 7,יחידה,0.00,יחידה,false,,7.11,0.0000,true,1,24314
7290000497204,false,פיתה אסלי ברמן חמישי,מאפית י את א ברמן בע,IL,5 פיתות בשקית ברמן,יחידה,0.00,יחידה,false,,9.90,0.0000,true,1,24315
7290000497273,false,לחמניות ברמן אקטיב 6יח 450גר,מאפית י את א ברמן בע,IL,6 לחמניות אקטיב ברמן,יחידה,0.00,יחידה,false,,15.90,0.0000,true,1,24317
7290000497303,false,"שישיית לחמניות מקמח מלא ""ברמן""",מאפית י את א ברמן בע,IL,6 לחמניות מקמח מלא ב,יחידה,0.00,יחידה,false,,14.90,0.0000,true,1,24298
7290000504278,false,ממתיק סוכרזית אריזת פטנט 700 טבליות,אף.סי תבליני בגליל ב,IL,סוכרזית פטנט 700 טבל,גרמים,574.00,100 גרם,false,,21.90,0.0382,true,1,11813
7290000523125,false,מלח הארץ הים האדום 250 ג' עדין,"חברת מלח הארץ אילת בע""\מ",IL,מלח ים יבש הארץ 250,גרמים,250.00,100 גרם,false,,7.90,0.0316,true,1,8870
7290000523224,false,מלח הארץ הים האדום 500 ג' עדין,"חברת מלח הארץ אילת בע""\מ",IL,מלח ים יבש הארץ 500,גרמים,500.00,100 גרם,false,,9.90,0.0198,true,1,8871
7290000523514,false,מלח ים יבש מלח הארץ 250 גרם מופחת נתרן,"חברת מלח הארץ אילת בע""\מ",IL,מלח 50% פחות נתרן הא,גרמים,250.00,100 גרם,false,,12.90,0.0516,true,1,8872
7290000525969,false,מיץ תפוזים סחוט רכיבים טבעיים פרימור 1 ליטר,"גניר (1992) בע""מ",IL,פרימור מיץ תפוזים 1ל,ליטרים,1.00,ליטר,false,,17.90,17.9000,true,1,12458
7290000537566,false,נקניקיות עוף טרי 400 ג' זוגלובק,נקניק נהריה כשר זוגל,IL,נקניקיות עוף טרי 400,גרמים,400.00,100 גרם,false,,14.90,0.0373,true,1,22314
7290000554624,false,מעדן חלב ירח מתוק עם אורז 3% גד 150 גרם,"מיוצר ע""\י קוד יצרן EDNK",IL,גד ירח מתוק 150מל,גרמים,150.00,100 גרם,false,,6.90,0.0460,true,1,7630
7290000604343,false,תמר דקל נור 400 גר,פרי וירק טמרה ושותפי,,תמר דקל נור 400גר,גרמים,400.00,100 גרם,false,,12.90,0.0323,true,1,23976
7290000688084,false,מי עדן פקק ספורטאים500מל,"מופק ממקור בזלתי עדן ,1",IL,מי עדן 1/2 ליטר ספור,מיליליטרים,500.00,"100 מ""ל",false,,4.90,0.0098,true,1,6108
7290000688114,false,מים מינרלים מי עדן 1.5 ליטר,מופק ממקור בזלתי עדן,IL,מי עדן 1.5ל,ליטרים,1.50,ליטר,false,,5.90,3.9333,true,1,6109
7290000688381,false,שישיית מי עדן פקק ספורט 0.5 ליטר,"מופק ממקור בזלתי עדן ,1",IL,מי עדן פקק ספורט 6*5,ליטרים,3.00,ליטר,false,,16.90,5.6333,true,1,6112
7290000688732,false,שישיית מי עדן 1.5 ליטר משפחתי,"מופק ממקור בזלתי עדן ,1",IL,מי עדן 6*1.5 ליטר,ליטרים,9.00,ליטר,false,,15.90,1.7667,true,1,6119
7290001045220,false,מיץ תפוזים סחוט 2 ליטר,"גניר (1992) בע""מ",IL,פרימור מיץ תפוזים סח,ליטרים,2.00,ליטר,false,,29.90,14.9500,true,1,12460
7290001201596,false,ביצים ארוזות M 12 יחידות,שופרסל,IL,12 ביצים M מ.לסר,יחידה,0.00,יחידה,false,,10.40,0.0000,true,1,7287
7290001201855,false,ביצים אומגה L/12 גדול ארוז,מ.לסר,IL,12ביצים L אומגה 3 מ,יחידה,0.00,יחידה,false,,24.90,0.0000,true,1,7295
7290001216040,false,טחינה גולמית שומשום טהור אל ארז 500 גרם,אגס ירוק מסחר ושירותים,IL,אל ארז טחינה 500 גרם,גרמים,500.00,100 גרם,false,,20.90,0.0418,true,1,19735
7290001216231,false,טחינה גולמית שומשום מלא אל ארז 500 גרם,אגס ירוק מסחר ושירותים,IL,טחינה שומשום מלא 500,גרמים,500.00,100 גרם,false,,22.90,0.0458,true,1,19737
7290001235938,false,וינסטון כחול ארוך חפיסה,Unknown,CH,וינסטון קופסא בודדת,יחידה,0.00,יחידה,false,,33.90,0.0000,false,1,2192
7290001247082,false,מיץ עגבניות רכיבים טבעיים ספרינג 1 ליטר,יפאורה שותפות מובגלת לשיווק,IL,ספרינג עגבניות קרטונ,ליטרים,1.00,ליטר,false,,6.90,6.9000,true,1,6127
7290001247143,false,קרטונית נקטר ספרינג תפוחים 1 ליטר,יפאורה שותפות מובגלת לשיווק,IL,ספרינג תפוח קרטונית,ליטרים,1.00,ליטר,false,,6.90,6.9000,true,1,6132
7290001265642,false,"מזון חתולים מעדני פטה 1.2 ק""ג מארז 3 יחידות",קריות זול,FR,לה קט פטה עוף סלמון,קילוגרמים,1.20,"ק""ג",false,,23.90,19.9167,true,1,2663
7290001594155,false,"קוקה-קולה בבקבוק אישי 500 מ""ל",החברה המרכזית לייצור משקאות,IL,קוקה קולה 500מל,ליטרים,500.00,100 ליטר,false,,8.90,0.0178,true,1,3735
7290001594179,false,"פאנטה אורנג' בבקבוק אישי 500 מ""ל",החברה המרכזית לייצור משקאות,IL,פאנטה אורנג' 500 בקב,ליטרים,500.00,100 ליטר,false,,9.90,0.0198,true,1,3737
7290001594230,false,קינלי סודה בבקבוק זכוכית,החברה המרכזית לייצור,IL,סודה קינלי 250 מ'ל,מיליליטרים,250.00,"100 מ""ל",false,,4.90,0.0196,true,1,3740
7290001780800,false,שלגון קראנץ שוקולד ליבת נוגט נסטלה 100 גרם,נסטלה גלידות,IL,קראנץ' ליבת נוגט,יחידה,0.00,יחידה,false,,11.90,0.0000,true,1,8371
7290002026778,false,גלידת בן אנד גריס קון 500 מל,מוצרי איכות אמריקאיים בע,IL,גלידת שמנת משובחת עם,מיליליטרים,500.00,"100 מ""ל",false,,28.90,0.0578,true,1,7578
7290002037637,false,חליות מתוקות מארז 4יח',מאפית י את א ברמן בע,IL,4 חליות מתוקות,יחידה,0.00,יחידה,false,,15.90,0.0000,true,1,24347
7290002132011,false,עוגיות מזרחיות מלוחות עבאדי 400 גרם,מאפיית יוסף ושמחה עבאדי,IL,עבדי עוגיות מזרחיות,גרמים,400.00,100 גרם,false,,22.90,0.0572,true,1,13094
7290002204213,false,דובדבנים אדומים יחיד,בראשית-אגודה חקלאית,IL,דובדבן יח,יחידה,0.00,יחידה,false,,19.90,0.0000,true,1,31678
7290002331025,false,"מים מינרלים נביעות ספורט 500 מ""ל פקדון",נביעות טבע הגליל בעמ,IL,נביעות 1/2 ליטר ספור,ליטרים,500.00,100 ליטר,false,,4.90,0.0098,true,1,3758
7290002331094,false,"מים מינרליים GO TO נביעות 755 מ""ל",נביעות טבע הגליל בעמ,IL,755מל מים מינרלים TO,מיליליטרים,755.00,"100 מ""ל",false,,5.40,0.0072,true,1,3759
7290002331117,false,נביעות+טעם ענבים 1.5ליטר,"נביעות טבע הגליל בע""\מ",IL,נביעות+ ענבים 1.5ל.,ליטרים,1.50,ליטר,false,,9.90,6.6000,true,1,3760
7290002331162,false,נביעות מים מינרלים 1.5ל',נביעות,,נביעות 1.5ל,ליטרים,1.50,ליטר,false,,3.90,2.6000,true,1,3765
7290002331179,false,נביעות+בטעם אפרסק 1.5 ליטר,"נביעות טבע הגליל בע""\מ ,",IL,נביעות+ אפרסק 1.5ל.,ליטרים,1.50,ליטר,false,,9.90,6.6000,true,1,3766
7290002331360,false,"נביעות מים מינרליים טו גו מארז 500X6מ""ל",נביעות טבע,IL,נביעות TO GO שישייה,ליטרים,3.00,ליטר,false,,21.90,7.3000,true,1,3769
7290002331421,false,"שישיית מים מינרליים GO TO נביעות 755 מ""ל",נביעות טבע הגליל בעמ,IL,נביעות 6*755מל,ליטרים,4.53,ליטר,false,,20.40,4.5033,true,1,3770
7290002331483,false,"שישיית נביעות אישי בייבי 320 מ""ל",נביעות טבע הגליל בעמ,IL,נביעות בייבי 320*6 מ,ליטרים,1.92,ליטר,false,,18.80,9.7917,true,1,3772
7290002371533,false,דקניקים סלסולי פסטרמה דבש טירת צבי 120 גרם,הנסיך- מפעל לייצור ט,IL,טירת צבי סלסולי פסטר,גרמים,120.00,100 גרם,false,,18.90,0.1575,true,1,13439
7290002371939,false,סרוולד בסגנון צרפתי דליקטיב 120 גרם,הנסיך- מפעל לייצור ט,IL,טירת צבי סרוולד צרפת,גרמים,120.00,100 גרם,false,,34.90,0.2908,true,1,13443
7290002543237,false,דגני בוקר קלוגס קורנפלקס 750 גרם,קלוגס קומפני אוף גרייט ב,GB,קורנפלקס קלוגס 750 ג,גרמים,750.00,100 גרם,false,,19.90,0.0265,true,1,2791
7290002663829,false,שוופס ביטר לימון 1.5ליטר,יפאורה שותפות מובגלת לשיווק,IL,שוופס ביטר לימון 1.5,ליטרים,1.50,ליטר,false,,11.90,7.9333,true,1,6147
7290002703358,false,צנצנת דבש זכוכית 350 גרם,עין חרוד,IL,צנצנת דבש עין חרוד 3,גרמים,350.00,100 גרם,false,,18.90,0.0540,true,1,26858
7290002824640,false,"גבינת סקי 250 גרם 5% ""שטראוס"" -מוצר בפיקוח",מיוצר עי קונדיטוריית,IL,גבינה 5% סקי 250 גרם,יח',250.00,יח',false,,4.75,0.0190,true,1,12467
7290002868996,false,"קוטג' 5% שומן, רכיבים טבעיים, 250 גרם",קריות זול,IL,טרה קוטג מועשר 5% 25,גרמים,250.00,100 גרם,false,,6.20,0.0248,true,1,3373
7290002871361,false,"בירה קרלסברג בקבוק 500 מ""ל חוזר",מבשלות בירה בינלאומיות ב,IL,קרלסברג בירה בק.חוזר,מיליליטרים,500.00,"100 מ""ל",false,,12.80,0.0256,true,1,3785
7290003029181,false,משקה יטבתה שוקו' בקבוק 1ל מהדרין,שטראוס גרופ,IL,יטבתה שוקו בקבוק 1ל,ליטרים,1.00,ליטר,false,,13.90,13.9000,true,1,12471
7290003029433,false,"משקה יטבתה שוקו פקק 250 מ""ל מהדרין",שטראוס גרופ,IL,יטבתה שוקו +פקק 250מ,ליטרים,250.00,100 ליטר,false,,5.90,0.0236,true,1,12475
7290003047642,false,תה שחור יילו לייבל 100*1.5 ג' שקיק ליפטון,"יונילוור רוסייה בע""מ",RU,תה ליפטון יילו לייבל,גרמים,150.00,100 גרם,false,,18.90,0.1260,true,1,5546
7290003072859,false,רוסטביף טירת צבי 120 גרם,הנסיך- מפעל לייצור ט,IL,רוסטביף טירת צבי 120,גרמים,120.00,100 גרם,false,,26.90,0.2242,true,1,13468
7290003126958,false,טופו גבינה גוש בואקום צוריאל 300 ג',א.י.ן תעשיות מזון בע,IL,צוריאל גבינה גוש טופ,גרמים,300.00,100 גרם,false,,15.90,0.0530,true,1,3376
7290003142422,false,גרעיני חמניה בשקית ללא מלח קליית גת 180 גרם,"ג'י אנד ג'י בע""מ",IL,גרעיני חמניה ללא מלח,גרמים,180.00,100 גרם,false,,7.90,0.0439,true,1,6677
7290003145751,false,"קליית גת אגוזי קלויים, 200 גרם",הדקלאים אגודת שיתופי,IL,קשיו קלוי 200 גרם,גרמים,200.00,100 גרם,false,,25.90,0.1295,true,1,6686
7290003145959,false,פקאן טבעי קליית גת 150 גרם,ליימן מותגים,IL,אגוז פקאן טבעי 150 ג,גרמים,150.00,100 גרם,false,,25.90,0.1727,true,1,6689
7290003229116,false,פסטרמה הודו בדבש שומן טירת צבי 400 גרם,הנסיך- מפעל לייצור ט,IL,א.מ פסטרמה בדבש 400,גרמים,400.00,100 גרם,false,,34.90,0.0872,true,1,13473
7290003229123,false,פסטרמה הודו על גחלים 2% טירת צבי 400 גרם,הנסיך- מפעל לייצור ט,IL,א.מ. פסטרמה על גחלים,גרמים,400.00,100 גרם,false,,34.90,0.0872,true,1,13474
7290003229147,false,נקניק סלמי איטלקי מעושן טירת צבי 300 גרם,הנסיך- מפעל לייצור ט,IL,סלמי בסגנון איטלקי 3,גרמים,300.00,100 גרם,false,,37.90,0.1263,true,1,13475
7290003229154,false,נקניק סלמי קוניאק טירת צבי 300 גרם,הנסיך- מפעל לייצור ט,IL,א.מ. סלמי קוניאק מוב,גרמים,300.00,100 גרם,false,,32.90,0.1097,true,1,13476
7290003229192,false,נקניק כתף בקר מעושן 2% טירת צבי 400 גרם,טיב טירת צבי 2000,IL,א.מ. כתף בקר מעושן 4,גרמים,400.00,100 גרם,false,,36.90,0.0922,true,1,13477
7290003321155,false,יוגורט בר עם פקאן מצופה שוקולד 183 ג' דנונה,"שטראוס בריאות בע""\מ",IL,דנונה בר פקאן 183 מל,ליטרים,183.00,100 ליטר,false,,5.90,0.0322,true,1,12480
7290003423909,false,חטיף קוקיס אנד קרים לבן 43 גרם,ליימן מותגים,US,קוקיז אנד קרים 43 גר,גרמים,43.00,100 גרם,false,,5.90,0.1372,true,1,6554
7290003427154,false,"שמן זית כתית מעולה טעם מעודן זיתא 750 מ""ל",זיתא תעשיות שמן זיתt\,IL,שמן זית כתית מעולה ז,מיליליטרים,750.00,"100 מ""ל",false,,39.90,0.0532,true,1,13095
7290003444009,false,הרשי ריזס חטיף במילוי בוטנים 42 גרם,ליימן מותגים,US,ריזס שוקולד חלב במיל,גרמים,42.00,100 גרם,false,,4.90,0.1167,true,1,6555
7290003578061,false,לבבות דקל שלמים ויליפוד 400 גרם,אלימנטוס אי קונסרבס,EC,לבבות דקל שלמים וילי,גרמים,400.00,100 גרם,false,,12.90,0.0323,true,1,1690
7290003608089,false,ספרינג תות-בננה 1.5 ליטר,יפאורה שותפות מובגלת לשיווק,IL,ספרינג תות בננה 1.5,ליטרים,1.50,ליטר,false,,7.90,5.2667,true,1,6149
7290003643745,false,סוגת כוסמת 500 גרם,האי נאם סי או אל.טי.,IL,כוסמת 500 גרם,גרמים,500.00,100 גרם,false,,8.90,0.0178,true,1,8899
7290003643776,false,"פופקורן גרעינים סוגת 500 ג' כשל""פ",האי נאם סי או אל.טי.,IL,סוגת פופקורן 500 גרם,גרמים,500.00,100 גרם,false,,7.90,0.0158,true,1,8902
7290003643806,false,שעועית לבנה יבשה סוגת 500 ג',האי נאם סי או אל.טי.,IL,שעועית לבנה 500 גרם,גרמים,500.00,100 גרם,false,,13.90,0.0278,true,1,8904
7290003805501,false,"פתית שוודי חסכוני בד""צ 300 גרם",יוניליוור ישראל מזון בע\,IL,פתית שוודי חסכוני בד,גרמים,300.00,100 גרם,false,,16.90,0.0563,true,1,5556
7290003864485,false,סרדינים ברוטב עגבנ יות ויליפוד 110ג' פתח קל,גולדן פרייז קאנינג א,TH,סרדינים ברוטב עגבניו,גרמים,120.00,100 גרם,false,,6.30,0.0525,true,1,1700
7290004030445,false,מיץ תפוזים סחוט רכיבים טבעיים 1 ליטר פרי ניב,פריניב בעמ,IL,פרי ניב תפוז סחוט 1ל,ליטרים,1.00,ליטר,false,,15.90,15.9000,true,1,27679
7290004063016,false,מלח שולחן -מוצר בפיקוח,האי נאם סי או אל.טי.,IL,"מלח שולחן סלית 1 ק""ג",קילוגרמים,1.00,"ק""ג",false,,2.07,2.0700,true,1,8907
7290004063115,false,"מלח מטבח עבה להמלחת בשר ובישול 1 ק""ג 1ק""ג",האי נאם סי או אל.טי.,IL,מלח מטבח גס לבישול כ,קילוגרמים,1.00,"ק""ג",false,,2.07,2.0700,true,1,8908
7290004064099,false,מטחנה מלח ים מהרי ההימלאיה מלח הארץ 100 גרם,"חברת מלח הארץ אילת בע""\מ",IL,מטחנה מלח מהרי ההימל,גרמים,250.00,100 גרם,false,,20.90,0.0836,true,1,8911
7290004119225,false,יופלה יוגורט אננס %3 גביע 150 גרם,תנובה מרכז שיתופי לש,IL,יופלה אננס 3% 150מל,גרמים,150.00,100 גרם,false,,5.90,0.0393,true,1,13808
7290004122270,false,עמק קלאסית פרוסות גבינה חצי קשה 28% 200 גרם,תנובה מרכז שיתופי לש,IL,עמק פרוס סגירה חוזרת,גרמים,200.00,100 גרם,false,,17.90,0.0895,true,1,13828
7290004122348,false,גבינת עמק לייט פרוס בקופסא 200 גרם,תנובה מרכז שיתופי לש,IL,עמק לייט 9% 200ג,יח',200.00,יח',false,,18.90,0.0945,true,1,13829
7290004124205,false,יופלה דיאט יוגורט תות %0 גביע 150 גרם,תנובה מרכז שיתופי לש,IL,יופלה דיאט תות 0% 15,מיליליטרים,150.00,"100 מ""ל",false,,5.90,0.0393,true,1,13832
7290004125400,false,"אשל שלי מהדרין 200 מ""ל 4.5% ""תנובה""- מוצר בפיקוח",פארייפאבה אגרואינדוס,IL,אשל 5% 200מל,ליטרים,200.00,100 ליטר,false,,1.61,0.0081,true,1,13835
7290004125417,false,"גיל 3% שלי 200 מ""ל ""תנובה"" -מוצר בפיקוח",תנובה מרכז שיתופי לש,IL,"גיל 3% 200 מ""ל",מיליליטרים,200.00,"100 מ""ל",false,,1.44,0.0072,true,1,13836
7290004125455,false,"שמנת חמוצה 200 מ""ל 15% ""תנובה"" -מוצר בפיקוח",תנובה מרכז שיתופי לש,IL,תנובה שמנת אורגינל מ,ליטרים,200.00,100 ליטר,false,,2.28,0.0114,true,1,13837
7290004125509,false,"שמנת חמוצה 15% מועשרת תנובה 100 מ""ל",תנובה מרכז שיתופי לש,IL,תנובה שמנת חצי מנה 1,מיליליטרים,100.00,"100 מ""ל",false,,1.70,0.0170,true,1,13839
7290004125578,false,משקה סויה מעושר בסידן תנובה 1ל',תנובה מרכז שיתופי לש,IL,סויה תנובה מועשר 1ל,ליטרים,1.00,ליטר,false,,13.90,13.9000,true,1,13840
7290004125738,false,שמנת מתוקה להקצפה32% 250מל עמיד השף הלבן,תנובה מרכז שיתופי לש,IL,שף לבן שמנת להקצפה 3,מיליליטרים,250.00,"100 מ""ל",false,,6.90,0.0276,true,1,13843
7290004125776,false,גבינה צהובה עמק 28% 400 גרם בקופסא,תנובה חלב,IL,עמק גבינה קשה פרוסה,גרמים,400.00,100 גרם,false,,31.90,0.0797,true,1,13844
7290004126759,false,יוגורט דיאט יופלה פירות יער 150 גרם,תנובה חלב,IL,יופלה דיאט פירות יער,מיליליטרים,150.00,"100 מ""ל",false,,5.90,0.0393,true,1,13846
7290004126872,false,משקאות חלב תנובה שוקו בקבוק 250מל,תנובה חלב,IL,משקאות חלב תנובה שוק,מיליליטרים,250.00,"100 מ""ל",false,,6.90,0.0276,true,1,13847
7290004127077,false,קוטג תנובה 3% גביע 250 גרם מהדרין,מיוצר עי קונדיטוריית,IL,קוטג תנובה 3% 250 ג,יח',250.00,יח',false,,5.70,0.0228,true,1,13848
7290004127329,false,קוטג תנובה גביע 250 גרם %5 ו.מהדרין,מיוצר עי קונדיטוריית,IL,קוטג תנובה מהדרין 5%,יח',250.00,יח',false,,5.70,0.0228,true,1,13849
7290004127336,false,קוטג תנובה גביע 250 גרם %9 ו.מהדרין,מיוצר עי קונדיטוריית,IL,קוטג תנובה 9% 250ג,יח',250.00,יח',false,,5.70,0.0228,true,1,13850
7290004127817,false,גבינה לבנה 9% שומן 500 ג' תנובה,מיוצר עי קונדיטוריית,IL,תנובה גבינה לבנה 9%,גרמים,500.00,100 גרם,false,,9.50,0.0190,true,1,13852
7290004129101,false,גבינת שמנת 25% בטעם טבעי 225 ג' נפוליאון,תנובה מרכז שיתופי לש,IL,נפוליאון בטעם טבעי 2,גרמים,225.00,100 גרם,false,,15.90,0.0707,true,1,13859
7290004129118,false,גבינת שמנת 24% עם זיתים ירוקים 225 ג' נפוליאון,תנובה מרכז שיתופי לש,IL,נפוליאון בטעם זיתים,גרמים,225.00,100 גרם,false,,15.90,0.0707,true,1,13860
7290004129156,false,גבינת שמנת25% עם שום שמיר 225 ג' נפוליאון,תנובה מרכז שיתופי לש,IL,נפוליאון שום שמיר 25,גרמים,225.00,100 גרם,false,,15.90,0.0707,true,1,13861
7290004129736,false,יוגורט במתיקות מעודנת 1.5% שומן 200 ג' יופלה,תנובה מרכז שיתופי לש,IL,יופלה קרם יוגרט מעוד,מיליליטרים,200.00,"100 מ""ל",false,,4.90,0.0245,true,1,13863
7290004130794,false,משקה סויה במתיקות מופחתת תנובה 1 ליטר,תנובה מרכז שיתופי לש,IL,סויה תנובה טבעי במתי,ליטרים,1.00,ליטר,false,,12.90,12.9000,true,1,13867
7290004130916,false,יוגורט יופלה פירות יער בשמנת 3% 150 גרם,תנובה מרכז שיתופי לש,IL,יופלה בטעם פירות יער,גרמים,150.00,100 גרם,false,,5.90,0.0393,true,1,13868
7290004131074,false,"חלב 1 ליטר 3% קרטון ""תנובה""- מוצר בפיקוח",תנובה מרכז שיתופי לש,IL,חלב תנובה טרי מהדרין,ליטרים,1.00,ליטר,false,,5.94,5.9400,true,1,13869
7290004131531,false,משקאות חלב תנובה שוקו בקבוק 1ל,תנובה מרכז שיתופי לש,IL,משקאות חלב תנובה שוק,ליטרים,1.00,ליטר,false,,13.20,13.2000,true,1,13874
7290004132552,false,משקה סויה בטעם טבעי לייט תנובה 1 ליטר,תנובה מרכז שיתופי לש,IL,סויה תנובה לייט בטעם,ליטרים,1.00,ליטר,false,,12.90,12.9000,true,1,13879
7290004132712,false,חטיף אצבעות גבינת מוצרלה 20% 172 ג' עמק,תנובה מרכז שיתופי לש,IL,עמק אצבעות מוצרלה 20,גרמים,174.00,100 גרם,false,,19.90,0.1144,true,1,13881
7290004134945,false,יוגורט מוקה 3% שומן 150 ג' יופלה,תנובה מרכז שיתופי לש,IL,יופלה מוקה 3% 150מל,גרמים,150.00,100 גרם,false,,5.90,0.0393,true,1,13888
7290004135225,false,מעדן חלב דל קלוריות בטעם שוקולד 0.2שומ,תנובה מרכז שיתופי לש,IL,מעדן תנובה דיאט שוקו,מיליליטרים,150.00,"100 מ""ל",false,,4.90,0.0327,true,1,13892
7290004135614,false,גבינה בולגרית מעודנת 5% פיראוס 250 גרם,תנובה חלב,IL,פיראוס בולגרית מעודנ,גרמים,250.00,100 גרם,false,,25.90,0.1036,true,1,13894
7290004137021,false,"שמנת עמידה לבישול מופחת שומן 10% השף הלבן 250 מ""ל",תנובה מרכז שיתופי לש,IL,שף לבן שמנת לבישול 1,מיליליטרים,250.00,"100 מ""ל",false,,8.30,0.0332,true,1,13901
7290004137311,false,עמק לייט משפחתית 9% 400ג-ועדת מהדרין,תנובה חלב,IL,עמק לייט משפחתית 9%,גרמים,400.00,100 גרם,false,,31.90,0.0797,true,1,13902
7290004537357,false,גרעיני תירס 800 גר ש,הומיפריז,BE,גרעיני תירס 800 גר ש,גרמים,800.00,100 גרם,false,,14.90,0.0186,true,1,29520
7290004584528,false,יוגורט דנונה ביו לבן 1.7% שומן 200 גרם,מיוצר עי קונדיטוריית,IL,דנונה יוגורט טבעי 1.,מיליליטרים,200.00,"100 מ""ל",false,,3.90,0.0195,true,1,12488
7290004658946,false,יין שרדונה פרייבט קולקשן יקבי כרמל,"כד בני דרום בע""מ",IL,יין P.C שרדונה לבן,מיליליטרים,750.00,"100 מ""ל",false,,46.90,0.0625,true,1,313
7290004685027,false,לחם חיטה מלאה פלוס לחם הארץ 500 גרם,מאפית י את א ברמן בע,IL,לחם הארץ מחיטה מלאה,יח',500.00,יח',false,,19.90,0.0398,true,1,24363
7290004685089,false,לחם הארץ לחם חמניות 500 גר',מאפית י את א ברמן בע,IL,לחם חמניות הארץ ברמן,יחידה,0.00,יחידה,false,,16.90,0.0000,true,1,24365
7290004685201,false,לחם הארץ שיפון אגוזים500,מאפית י את א ברמן בע,IL,לחם אגוזים הארץ ברמן,גרמים,500.00,100 גרם,false,,16.90,0.0338,true,1,24372
7290004685430,false,לחם הארץ כוסמין 100% 500 גרם,מאפית י את א ברמן בע,IL,לחם כוסמין 100% הארץ,יח',500.00,יח',false,,16.90,0.0338,true,1,24375
7290004685447,false,לחמניות כוסמין 6 בשקית 450 גרם,מאפית ברמן מקבוצת י. את,IL,6 לחמניות כוסמין האר,יח',450.00,יח',false,,19.90,0.0442,true,1,24376
7290004731472,false,"שלישיית אלסבון צבעוני כיף 500 מ""ל",טרופיקל דגיל תעשיות,IL,שלישיית אלסבון צבעונ,ליטרים,1.50,ליטר,false,,23.90,15.9333,true,1,16365
7290004872250,false,שלגון שרבט אבטיח נסטלה 108 גרם,גלידות נסטלה )נגה גלידות,IL,אבטיח שרבט,יח',540.00,יח',false,,7.90,0.0146,true,1,8375
7290004872731,false,טילון וניל אקסטרים נסטלה 72 גרם,גלידות נסטלה,IL,אקסטרים וניל,יחידה,0.00,יחידה,false,,6.90,0.0000,true,1,8377
7290004872786,false,"טילון אקסטרים ענק פקאן 115ג' בד""ץ",גלידות נסטלה,IL,אקסטרים ענק פקאן.,יחידה,0.00,יחידה,false,,11.90,0.0000,true,1,8378
7290005174551,false,סלט חומוס עם צנוברים 125 ג' אחלה,מיוצר עי קונדיטוריית,IL,אחלה חומוס 125ג,גרמים,125.00,100 גרם,false,,6.90,0.0552,true,1,12491
7290005174568,false,סלט חצילים במיונז אחלה 125 גרם,"שטראוס גרופ בע""\מ",IL,אחלה חציל במיונז 125,גרמים,125.00,100 גרם,false,,6.90,0.0552,true,1,12492
7290005174575,false,טחינה אחלה יום יום משובחת 125ג',מיוצר עי קונדיטוריית,IL,אחלה טחינה 125גר,גרמים,125.00,100 גרם,false,,6.90,0.0552,true,1,12493
7290005200786,false,תפוצ'יפס בטעם שמנת בצל עלית 50 גרם,"שטראוס פריטו ליי בע""\מ )",IL,תפוציפס שמנת ובצל 50,יח',50.00,יח',false,,4.90,0.0980,true,1,12875
7290005201882,false,קפה טורקי בצלופן עלית 200 גרם,הנסיך- מפעל לייצור ט,IL,טורקי עלית 200 גר',יח',200.00,יח',false,,19.90,0.0995,true,1,11838
7290005287206,false,רביעיית טונה בשמן סטארקיסט 160 גרם,"סטארקיסט פודור בע""מ",VN,טונה בשמן סטארקיסט ר,יח',640.00,יח',false,,27.90,0.0436,true,1,14456
7290005427107,false,סנו - סושי מגבות נייר הפלא 6 יחידות,מיוצר עי קונדיטוריית,IL,סנו סושי מגבות הפלא,מטרים,63.50,מטר,false,,13.90,0.2189,true,1,16438
7290005559914,false,פיצה משפחתית עם 100% גבינה בתוספת זיתים מעדנות 550 גרם,מיוצר עי קונדיטוריית,IL,פיצה משפחתית זיתים 5,גרמים,550.00,100 גרם,false,,30.90,0.0562,true,1,20154
7290005838002,false,מעדן גבינה ויוגורט בטעם וניל 88 ג' דניאלה,"שטראוס בריאות בע""מ",IL,דניאלה מעדן גבינה 15,מיליליטרים,150.00,"100 מ""ל",false,,4.90,0.0327,true,1,12495
7290005901447,false,"""טעים טעים"" שווארמה",,,"""טעים טעים"" שווארמה",גרמים,300.00,100 גרם,false,,34.90,0.1163,true,1,29535
7290005901454,false,סטייק מינוט טעים טעי,,,סטייק מינוט טעים טעי,גרמים,300.00,100 גרם,false,,40.90,0.1363,true,1,29536
7290005966033,false,"יין לבן הר חרמון 750 מ""ל",יקבי רמת הגולן קצרין,IL,יקבי רמת הגולן הר חר,מיליליטרים,750.00,"100 מ""ל",false,,39.90,0.0532,true,1,23261
7290006251107,false,תה צ'אי מסאלה ויסוצקי 25 יחידות,מולינו ניקולי s.p.a,IL,תה מסאלה ויסוצקי 2/2,גרמים,50.00,100 גרם,false,,25.90,0.5180,true,1,13108
7290006251374,false,תה ירוק לימונית וג'ינג'ר ויסוצקי 25 יחידות,תה ויסוצקי,IL,תה ירוק לימונית וג'י,גרמים,25.00,100 גרם,false,,29.90,1.1960,true,1,13112
7290006342072,false,גרעין לבן ששון הקולה 200 גרם,"דין שיווק וקלייה בע""",IL,גרעין לבן 200 גרם,גרמים,200.00,100 גרם,false,,8.90,0.0445,true,1,30851
7290006449955,false,מלפפון בייבי מארז,"מרינה פטריות הגליל בע""מ",IL,מלפפון בייבי,יחידה,0.00,יחידה,false,,9.90,0.0000,true,1,49476
7290006492630,false,גבינת פרומעז עיזים 22% גד 180 גרם,מחלבות גד בעמ,IL,גד גבינת גליל גד עזי,גרמים,180.00,100 גרם,false,,26.90,0.1494,true,1,7652
7290006644817,false,רביעייה סודה שוופס 1.5 ליטר,יפאורה תבורי,IL,שוופס סודה 4*1.5ל',ליטרים,6.00,ליטר,false,,11.00,1.8333,true,1,6180
7290006653857,false,"ארנבונים חטיף תפו""א 40גר","אסם תעשיות בע""מ",IL,דובונים ארנבונים 30*,גרמים,40.00,100 גרם,false,,5.90,0.1475,true,1,9683
7290006664655,false,"אקטימל לבן טבעי מארז 100X8 מ""ל",מיוצר עי קונדיטוריית,IL,אקטימל טבעי 8*100מל,מיליליטרים,800.00,"100 מ""ל",false,,24.90,0.0311,true,1,12506
7290006704511,false,"תפו""א גמדי אדום למיקרו מרינה 750ג'","מרינה פטריות הגליל בע""מ",IL,תפוא ננסי מיקרוגל,גרמים,750.00,100 גרם,false,,7.90,0.0105,true,1,20103
7290006739445,false,שניצל תירס קלאסי 750 ג' זוגלובק,נקניק נהריה כשר זוגל,IL,שניצל תירס קלאסי 750,גרמים,750.00,100 גרם,false,,29.90,0.0399,true,1,22324
7290006764072,false,"בירה גולדסטאר בקבוק 500 מ""ל חוזר","טמפו משקאות בע""\מ",IL,גולדסטאר בירה בק חוז,מיליליטרים,500.00,"100 מ""ל",false,,8.80,0.0176,true,1,5056
7290006983770,false,עוגת הבית שיש אסם 400 גרם,מיוצר עי קונדיטוריית,IL,עוגת הבית שיש 400גר,יח',400.00,יח',false,,16.90,0.0422,true,1,9689
7290006983787,false,עוגת הבית שוקולד צ'יפס אסם 400 גרם,מיוצר עי קונדיטוריית,IL,עוגת הבית שוקוציפס 4,גרמים,400.00,100 גרם,false,,16.90,0.0422,true,1,9690
7290006983794,false,עוגת הבית בטעם תפוז אסם 400 גרם,מיוצר עי קונדיטוריית,IL,עוגת הבית תפוז 400גר,גרמים,400.00,100 גרם,false,,16.90,0.0422,true,1,9691
7290008409124,false,מאמא עוף קפוא שניצל ג'ונגל פריך 700 גרם,תנובה גליל שותפות מוגבלת,IL,מאמא עוף קפוא שניצל,גרמים,700.00,100 גרם,false,,43.90,0.0627,true,1,13595
7290008464345,false,"בירה גולדסטאר, בקבוק 330 מ''ל",טמפו משקאות בע''מ,IL,"גולדסטאר בירה ח""פ 33",יחידה,330.00,יחידה,false,,8.70,0.0264,true,1,5082
7290008464673,false,"בירה גולדסטאר SLOWBREW פחית 10%, 500 מ""ל","טמפו משקאות בע""\מ",IL,גולדסטאר SLOWBREW 10,מיליליטרים,500.00,"100 מ""ל",false,,12.90,0.0258,true,1,5091
7290008464741,false,"בירה גולדסטאר, מארז שישייה, בקבוק 330 מ''ל","טמפו משקאות בע""\מ",IL,"גולדסטאר ח""פ בקבוק 6",ליטרים,1.98,ליטר,false,,47.90,24.1919,true,1,5095
7290008611114,false,נתחי פילה סלמון מייס,,,נתחי פילה סלמון מייס,קילוגרמים,1.00,"ק""ג",true,,79.90,79.9000,true,1,29461
7290008644112,false,סלט מטבוחה יום יום אחלה 125 גרם,"שטראוס גרופ בע""\מ",IL,אחלה מטבוחה 125ג,יח',125.00,יח',false,,6.90,0.0552,true,1,12510
7290008693134,false,מעדן גבינה ויוגורט בטעם תות 5% שומן 88 ג' דניאלה,"שטראוס בריאות בע""מ",IL,דניאלה תות מעדן גבינ,מיליליטרים,150.00,"100 מ""ל",false,,4.90,0.0327,true,1,12515
7290008745239,false,תפוצ'יפס קראנצ' בטעם טבעי עלית 50 גרם,"שטראוס פריטו ליי בע""\מ )",IL,תפוציפס קראנץ טבעי 5,יח',50.00,יח',false,,4.90,0.0980,true,1,12876
7290008747547,false,תפוצ'יפס קראנץ' בטעם טבעי עלית 200 גרם,"שטראוס פריטו ליי בע""\מ )",IL,תפוציפס קראנץ טבעי 2,יח',200.00,יח',false,,12.90,0.0645,true,1,12877
7290008748384,false,שוקולד ספלנדיד מריר100גר,STRAUSS-ISRAEL,IL,ספלנדיד מריר 100 גר',גרמים,100.00,100 גרם,false,,14.90,0.1490,true,1,11848
7290008749343,false,בפלות שחור לבן 400 גרם,STRAUSS-ISRAEL,IL,בפלות שחור לבן 400גר,גרמים,400.00,100 גרם,false,,18.90,0.0472,true,1,11849
7290008752244,false,תפוצ'יפס קראנץ' בטעם גריל עלית 50 גרם,"שטראוס פריטו ליי בע""\מ )",IL,תפוציפס קראנץ גריל 5,גרמים,50.00,100 גרם,false,,4.90,0.0980,true,1,12878
7290008753982,false,שוקולד חלב אוורירי 85גרם,"שטראוס גרופ בע""מ",IL,פרה שוק.חלב אוורירי,גרמים,85.00,100 גרם,false,,6.90,0.0812,true,1,11857
7290008775816,false,ערגליות עוגיות במילוי שוקולד אסם 300 גרם,מיוצר עי קונדיטוריית,IL,ערגליות שוקולד 6*300,גרמים,300.00,100 גרם,false,,12.90,0.0430,true,1,9698
7290008804189,false,יין קברנה סוביניון גליל עליון סדרה אזורית יקבי כרמל,אגודת הכורמים הקואופרטיב,IL,קברנה סוביניון סדרה,מיליליטרים,750.00,"100 מ""ל",false,,63.90,0.0852,true,1,332
7290008909440,false,פאנטה אורנג' מנגו 1.5 ל',החברה המרכזית לייצור משקאות,IL,פאנטה אורנג' מנגו 1.,ליטרים,1.50,ליטר,false,,8.90,5.9333,true,1,3841
7290008909723,false,"שישיית טובורג רד בקבוק 330X6 מ""ל",מבשלות בירה בינלאומיות,IL,"טובורג שישייה 330 מ""",ליטרים,1.98,ליטר,false,,33.90,17.1212,true,1,3845
7290008909853,false,"קוקה קולה זירו בקבוק 500 מ""ל.",החברה המרכזית לייצור משקאות,IL,קוקה קולה זירו 500 מ,ליטרים,500.00,100 ליטר,false,,8.90,0.0178,true,1,3849
7290008909860,false,קוקה קולה זירו בקבוק 1.5ל,החברה המרכזית לייצור משקאות,IL,קוקה קולה זירו בקבוק,ליטרים,1.50,ליטר,false,,8.90,5.9333,true,1,3850
7290009018004,false,פיקדון בקבוק/פחית בו,Unknown,,פיקדון בקבוק/פחית בו,יחידה,0.00,יחידה,false,,0.30,0.0000,true,1,48
7290009018011,false,פיקדון בקבוק/פחיות ש,,,פיקדון בקבוק/פחיות ש,יחידה,0.00,יחידה,false,,1.80,0.0000,true,1,64
7290010002092,false,תבלין פלפל שחור גרוס דק תבליני מימון 90,א.ל ייצור ושיווק תבלינים,IL,מימון פלפל שחור גרוס,גרמים,90.00,100 גרם,false,,16.90,0.1878,true,1,210
7290010003839,false,קינמון טחון בשקית תבליני מימון 80 גרם,א.ל ייצור ושיווק תבל,IL,מימון קינמון טחון שק,גרמים,80.00,100 גרם,false,,5.90,0.0738,true,1,255
7290010066599,false,מארז רביעיית טונה בשמן זית 4*160 גרם,תעשיות פילטונה,IL,נתחי טונה בשמן זית פ,גרמים,632.00,100 גרם,false,,35.90,0.0568,true,1,14423
7290010237623,false,בירה נשר מאלט 1.5 ליטר,"טמפו משקאות בע""מ",IL,נשר מאלט 1.5ל,ליטרים,1.50,ליטר,false,,8.90,5.9333,true,1,5106
7290010237890,false,"בירה הייניקן בקבוק 500 מ""ל חוזר",טמפו משקאות בע''מ,IL,הייניקן בירה בקבוק ח,מיליליטרים,500.00,"100 מ""ל",false,,12.80,0.0256,true,1,5112
7290010429554,false,"שמן זית כתית מעולה יד מרדכי 2 קלאסי, 750 מ""ל",מכוורת יד מרדכי שטראוס ב,IL,שמן זית כתית מעולה 2,מיליליטרים,750.00,"100 מ""ל",false,,39.90,0.0532,true,1,11872
7290010471669,false,יוגורט תות עם קורנפלקס מצופה שוקולד ללא גלוטן 3.9%,"שטראוס בריאות בע""\מ",IL,דנונה בר תות קורנפלק,מיליליטרים,175.00,"100 מ""ל",false,,5.90,0.0337,true,1,12516
7290010945146,false,קוטג' 3% מועשר בסידן טרה 250 ג' מהדרין,קריות זול,IL,טרה קוטג מועשר 3% 25,גרמים,250.00,100 גרם,false,,6.20,0.0248,true,1,3388
7290011017866,false,קוקה קולה קלאסי בפחית,החברה המרכזית לייצור משקאות,IL,קוקה קולה פחית סליק,ליטרים,330.00,100 ליטר,false,,6.90,0.0209,true,1,3865
7290011017873,false,"פחיות קוקה קולה זירו 330 מ""ל",החברה המרכזית לייצור משקאות,IL,סליק 330 מל ZERO קול,ליטרים,330.00,100 ליטר,false,,6.90,0.0209,true,1,3866
7290011018283,false,תה קר פיוז אפרסק 1.5,FUZE TEA,IL,פיוז טי אפרסק 1.5ל,ליטרים,1.50,ליטר,false,,8.90,5.9333,true,1,3872
7290011018443,false,"פנטה אורנג פחית סליק 330 מ""ל",החברה המרכזית לייצור משקאות,IL,פאנטה אורנג פחית סלי,מיליליטרים,330.00,"100 מ""ל",false,,6.90,0.0209,true,1,3877
7290011126469,false,חליטת צמחים וקמומיל הגן הקסום ויסוצקי 25 יחידות,תה ויסוצקי,IL,תה קמומיל ודבש 1.5גר,גרמים,37.50,100 גרם,false,,22.90,0.6107,true,1,13128
7290011131395,false,"מוזלי בתוספת 30% פירות 1 ק""ג גרין",ויטליאה ניקולה דו,MK,מיזלי קראנצ' 30% פיר,קילוגרמים,1.00,"ק""ג",false,,26.90,26.9000,true,1,7358
7290011148911,false,פלפלים מתוקים טינקרב,מרינה פטריות הגליל,IL,פלפלים מתוקים טינקרב,גרמים,300.00,100 גרם,false,,9.90,0.0330,true,1,20117
7290011194246,false,קוטג' 5% עם סידן 250 ג' שטראוס,מיוצר עי קונדיטוריית,IL,קוטג שטראוס 5% עם סי,יח',250.00,יח',false,,6.20,0.0248,true,1,12521
7290011499129,false,בולגרית מעודנת קוביות קטנות 5% 200 גרם - רבנות,קוד יצרן DSH,IL,גד בולגרית מעודנת קו,גרמים,200.00,100 גרם,false,,24.90,0.1245,true,1,7658
7290011499303,false,פטה עיזים מעודנת 5% בגביע 250 גרם - רבנות,ג'נרל מילס סאן אדריא,IL,פטה עיזים מעודנת 5%,גרמים,250.00,100 גרם,false,,35.90,0.1436,true,1,7659
7290011499327,false,גבינה בולגרית מעודנת 5% 250 גרם - רבנות,מיוצר על ידי DSH עבו,IL,גד בולגרית בקר מעודנ,גרמים,250.00,100 גרם,false,,26.90,0.1076,true,1,7660
7290011587451,false,מוזלי קראנצי בתוספת פירות ואגוזים ויטליה 600 גרם,ויטליה,IL,גרנולה + פירות ואגוז,גרמים,600.00,100 גרם,false,,15.90,0.0265,true,1,13287
7290011615260,false,"טורטייה 20 ס""מ קוטר וילי פוד 540 גר",מוטלוקל גידה סאנאי ט,TR,"עלי טורטיה בד""ץ וילי",גרמים,540.00,100 גרם,false,,11.90,0.0220,true,1,1731
7290011668570,false,בריא מהטבע גרנולה פירות יבשים 450 גרם פנינה רוזנבלום,בריא מהטבע פנינה רוזנבלום,IL,חגיגת גרנולה פירות י,גרמים,500.00,100 גרם,false,,26.90,0.0538,true,1,9350
7290011668587,false,בריא מהטבע גרנולה בטעם עשיר 500 גרם פנינה רוזנבלום,בריא מהטבע פנינה רוזנבלום,IL,גרנולה בטעם עשיר פני,גרמים,500.00,100 גרם,false,,26.90,0.0538,true,1,9351
7290012019265,false,רביעיית מחית תפוח עץ ללא תוספת סוכר תומר 113 גרם,אינדיאן סאמר קו אופ אינק,US,"מחית תפו""ע ללא סוכר",גרמים,452.00,100 גרם,false,,12.90,0.0285,true,1,13301
7290012116612,false,אורביטול מברשת שיניים מארז 4 יח',ג'נרל מילס סאן אדריא,CN,מארז מברשות שיניים א,יחידה,0.00,יחידה,false,,16.90,0.0000,true,1,16555
7290012117558,false,מקסימה מרכך כביסה מרוכז ורוד בניחוח מאסק סנו 1 ליטר,"סנו מפעלי ברונוס בע""\מ",IL,סנו מקסימה מרכך קומפ,יחידה,0.00,יחידה,false,,20.90,0.0000,true,1,16574
7290012117565,false,כפפות לטקס S סנו סושי 100 יחידות,סנו סושי,IL,סנו סושי 100 כפפות ל,יחידה,0.00,יחידה,false,,49.90,0.0000,true,1,16575
7290012117572,false,כפפות לטקס M סנו סושי 100 יחידות,סנו סושי,TH,M סנו סושי כפפות לטק,יחידה,0.00,יחידה,false,,49.90,0.0000,true,1,16576
7290012226120,false,"קבנוס 135 גרם ""זוגלובק""",נקניק נהריה כשר זוגל,IL,זוגלובק קבנוס 135ג.,גרמים,135.00,100 גרם,false,,14.90,0.1104,true,1,22337
7290012227912,false,קבנוס מעודן זוגלובק 135 גרם,זוגלובק,IL,קבנוס מעודן זוגלובק,יח',135.00,יח',false,,14.90,0.1104,true,1,22354
7290012227974,false,פסטרמה הודו בדבש טהור דק דק דק,זוגלובק,IL,זוגלובק פסטרמה בדבש,גרמים,120.00,100 גרם,false,,16.90,0.1408,true,1,22355
7290012823602,false,נייר טואלט סופט סילק לבן - מארז 32 גלילים,טרופיקל דגיל תעשיות,IL,נייר טואלט סופט סילק,מטרים,588.00,מטר,false,,34.90,0.0594,true,1,16594
7290012884986,false,תפוגן ציפס לתנור עד 4% שומן 1.5 קג,"תעשיות תפוגן בע""\מ",IL,תפוגן ציפס לתנור עד,קילוגרמים,1.50,"ק""ג",false,,34.90,23.2667,true,1,10367
7290013117212,false,בורקס פילו במילוי גבינה מעדנות 600 גר,מיוצר עי קונדיטוריית,IL,בורקס פילו גבינה מעד,גרמים,600.00,100 גרם,false,,27.90,0.0465,true,1,20163
7290013145192,false,שומשום מיימונס 100 גרם,א.ל ייצור ושיווק תבלינים,IL,שומשום 100גר,גרמים,100.00,100 גרם,false,,6.90,0.0690,true,1,8140
7290013145970,false,קורנפלור מימונס בשקית 200 ג',א.ל ייצור ושיווק תבלינים,IL,מימונס קורנפלור 200,גרמים,200.00,100 גרם,false,,4.90,0.0245,true,1,8169
7290013153395,false,פריגת סחוט טרי רימונים 1ליטר,פריגת מצוננים,IL,פריגת סחוט רימונים 1,ליטרים,1.00,ליטר,false,,26.90,26.9000,true,1,3394
7290013153432,false,"פריגת סחוט לימונענע 400 מ""ל",היינץ צפון אמריקה מק,IL,פריגת סחוט לימונענע,מיליליטרים,400.00,"100 מ""ל",false,,11.90,0.0298,true,1,3398
7290013269621,false,ריצפז פרש לניקוי רצפות בניחוח מלון בוטיק,מיוצר עי קונדיטוריית,IL,ריצפז פרש הום בניחוח,ליטרים,2.00,ליטר,false,,25.90,12.9500,true,1,16630
7290013269850,false,נייר אפיה אקולוגי סנו סושי 50 יחידות,מולינו ניקולי s.p.a,IL,סנו סושי נייר אפיה א,יחידה,0.00,יחידה,false,,19.90,0.0000,true,1,16638
7290013358493,false,מנה אסייאתי קרם קוקוס פחית 400 מל מ.שף,תאי קוקונט פבליק קומפני,TH,מאסטר שף אסייאתי קרם,מיליליטרים,400.00,"100 מ""ל",false,,11.90,0.0298,true,1,11310
7290013424976,false,תות שדה שלם קפוא 500 ג' פילד גוד,אלפה פרוסט,PL,תות שדה שלם קפוא 500,גרמים,500.00,100 גרם,false,,14.90,0.0298,true,1,29564
7290013584816,false,"משק""ל פריגת לימונענע1.5ל",מבשלות בירה בינלאומיות ב,IL,פריגת לימונענע 1.5ל,ליטרים,1.50,ליטר,false,,8.90,5.9333,true,1,3890
7290013585233,false,"ספרייט זירו פחית סליק 330 מ""ל",החברה המרכזית לייצור משקאות,IL,פחית סליק 330 מל ZER,מיליליטרים,330.00,"100 מ""ל",false,,6.90,0.0209,true,1,3892
7290013585240,false,ספרייט זירו בקבוק 1.,החברה המרכזית לייצור משקאות,IL,ספרייט זירו 1.5ליטר,ליטרים,1.50,ליטר,false,,7.90,5.2667,true,1,3893
7290013585257,false,ספרייט זירו בבקבוק אישי,החברה המרכזית לייצור משקאות,IL,ZERO ספרייט 0.5 ל,ליטרים,500.00,100 ליטר,false,,8.90,0.0178,true,1,3894
7290013585349,false,שישייה בירה קרלסברג,"מבשלות בירה לישראל בע""מ",IL,שישייה בירה קרלסברג,ליטרים,1.98,ליטר,false,,36.70,18.5354,true,1,3898
7290013585387,false,קוקה קולה זירו בקבוק,החברה המרכזית לייצור משקאות,IL,קולה זירו 1 ליטר,ליטרים,1.00,ליטר,false,,6.50,6.5000,true,1,3902
7290013585394,false,קוקה קולה 1ליטר בודד,החברה המרכזית לייצור משקאות,IL,קוקה קולה 1 ליטר,ליטרים,1.00,ליטר,false,,6.50,6.5000,true,1,3903
7290013847102,false,נתחי טונה בהירה בשמן - מארז שלישיה,סטארקיסט Starkist,TR,טונה בשמן סטארקיסט ש,גרמים,240.00,100 גרם,false,,18.90,0.0787,true,1,14465
7290013875204,false,יעה קלאסי+גומי,,,יעה קלאסי+גומי,יחידה,0.00,יחידה,false,,6.90,0.0000,true,1,3254
7290013906441,false,קבנוס טירת צבי 120 גרם,הנסיך- מפעל לייצור ט,IL,טירת צבי קבנוס 120 ג,גרמים,120.00,100 גרם,false,,13.90,0.1158,true,1,13493
7290014002203,false,חליטת לימונית ולואיזה הגן הקסום ויסוצקי 25 יחידות,תה ויסוצקי,IL,תה חליטת לימונית ולו,גרמים,37.50,100 גרם,false,,22.90,0.6107,true,1,13151
7290014079014,false,לבבות קיסר ארוז נספק,"מרינה פטריות הגליל בע""מ",IL,לבבות קיסר,יח',300.00,יח',false,,9.90,0.0330,true,1,20119
7290014079854,false,לבבות חסה ארץ הגליל מרינה,"מרינה פטריות הגליל בע""מ",IL,זוג לבבות חסה ארץ הג,יחידה,0.00,יחידה,false,,10.90,0.0000,true,1,23226
7290014094390,false,חמוציות בקופסא ששון הקולה 330 גרם,"דין שיווק וקלייה בע""",,שקדיה חמוציות בקופסא,גרמים,330.00,100 גרם,false,,15.90,0.0482,true,1,30876
7290014094642,false,ששון הקולה קשיו טבעי,"דין שיווק וקלייה בע""",,ששון הקולה קשיו טבעי,גרמים,250.00,100 גרם,false,,24.90,0.0996,true,1,30881
7290014204560,false,"סבון נוזלי שלישיה 500 מ""ל פנינה רוזנבלום",פ.רוזנבלום כללי,IL,סבון נוזלי פנינה רוז,ליטרים,1.50,ליטר,false,,13.90,9.2667,true,1,9358
7290014397668,false,קרמה מן תיק רחצה Cool Energy,החברה הדרומית,IL,מארז קרמה מן + תיק ר,יחידה,0.00,יחידה,false,,59.90,0.0000,true,1,16672
7290014435810,false,נתחי הרינג כבוש עם בצל במרינת חמוץ מתוק שמיר 220 גרם,שבעת הימים - שמיר,IL,הרינג כבוש עם בצל במ,גרמים,180.00,100 גרם,false,,19.90,0.1106,true,1,9147
7290014435834,false,מקרל מעושן פרוס בשמן שמיר 180 גרם,שבעת הימים - שמיר,IL,מקרל מעושן פרוס בשמן,גרמים,180.00,100 גרם,false,,25.90,0.1439,true,1,9149
7290014455245,false,גבינת גרנה פדנו משולש 29% 200 גרם בית יוסף,מחלבת סוציאלה מנטובה,IT,גד גרנה פדנו משולש כ,גרמים,200.00,100 גרם,false,,29.90,0.1495,true,1,7673
7290014455252,false,גבינה קשה מגורדת גרנה פדנו 29% שומן,מחלבות גד שיווק 1992,IT,גד גרנה פדנו מגורד כ,גרמים,100.00,100 גרם,false,,14.90,0.1490,true,1,7674
7290014472136,false,גרעיני חמנייה ששון הקולה 150 גרם,"דין שיווק וקלייה בע""",IL,גרעין שחור קלוי 150,גרמים,150.00,100 גרם,false,,4.90,0.0327,true,1,30887
7290014472488,false,שקד קלוי ענק פרימיום ששון הקולה 250 גרם,"שקדיה גבע תעשיות בע""",IL,שקד קלוי פרימיום 250,גרמים,250.00,100 גרם,false,,25.90,0.1036,true,1,30891
7290014472501,false,פיסטוק קלוי ענק פרימיום ששון הקולה 250 גרם,"דין שיווק וקלייה בע""",IL,פיסטוק קלוי ענק 250,גרמים,250.00,100 גרם,false,,24.90,0.0996,true,1,30893
7290014525290,false,חטיפי סלים דליס קריספי תות מרבה 125 גרם,סלים דליס Slim Delis,NL,חטיף מרבה קריספי תות,גרמים,125.00,100 גרם,false,,14.90,0.1192,true,1,11328
7290014525306,false,חטיפי סלים דליס קריספי אוכמניות מרבה 125 גרם,סלים דליס Slim Delis,NL,חטיף מרבה קריספי אוכ,גרמים,125.00,100 גרם,false,,14.90,0.1192,true,1,11329
7290014692565,false,גרעיני תירס מתוק ויליפוד 320 גרם,אקו קונסרויפרי קי.אפ,HU,גרעיני תירס מתוק ויל,גרמים,285.00,100 גרם,false,,5.90,0.0207,true,1,1748
7290014725294,false,סוכרזית סוכרלוז סטיוויה 100 שקית,"סוכרזית בע""מ",IL,סוכרזית ממתיק על בסי,גרמים,100.00,100 גרם,false,,24.90,0.2490,true,1,11881
7290014731028,false,כוסות נייר 8B אר' 50 יח' דנטס,פאלאס,IL,כוסות 50 יחידות שתיה,יח',50.00,יח',false,,6.90,0.1380,true,1,26464
7290014758100,false,מאגדת יוגורט ביו 3% שומן 8 יח' *150ג' תנובה,מיוצר עי קונדיטוריית,IL,יוגורט תנובה 3% 8*15,קילוגרמים,1.20,"ק""ג",false,,17.90,14.9167,true,1,13930
7290014758117,false,מאגדת יוגורט ביו 1.5% שומן 8 יח' *150 ג' תנובה,מיוצר עי קונדיטוריית,IL,יוגורט תנובה 1.5% 8*,קילוגרמים,1.20,"ק""ג",false,,17.90,14.9167,true,1,13931
7290014759084,false,גבינת שמנת נפוליאון 16% מופחת שומן תנובה 225 גרם,תנובה מרכז שיתופי לש,IL,נפוליאון 16% 225גר,גרמים,225.00,100 גרם,false,,15.90,0.0707,true,1,13935
7290014760141,false,משקה שקדים תנובה E אלטרנטיב,תנובה Alternative,IL,תנובה משקה שקדים טרי,יחידה,0.00,יחידה,false,,14.90,0.0000,true,1,13945
7290014761056,false,מעדן שוקולד חלב יולו תנובה 123 גרם,מיוצר עי קונדיטוריית,IL,יולו שוקולד חלב מעול,גרמים,122.00,100 גרם,false,,5.90,0.0484,true,1,13950
7290014761414,false,יולו מעדן שכבות שוקולד חלב ולבן 123 גר,מיוצר עי קונדיטוריית,IL,יולו מעדן שכבות שוקו,גרמים,122.00,100 גרם,false,,5.90,0.0484,true,1,13958
7290014762756,false,גבינת שמנת נפוליאון 16% עם בצל תנובה 225 גרם,תנובה חלב,IL,נפוליאון 16% עם בצל,גרמים,225.00,100 גרם,false,,15.90,0.0707,true,1,13965
7290014762787,false,מעדן סויה בטעם תות 125גר,סוי מג'יק,IL,גביע מעדן סויה בטעם,גרמים,125.00,100 גרם,false,,4.90,0.0392,true,1,13968
7290015129749,false,סקיני פסטה שיבולת שועל נודלס 270 גרם,הוויזאי וואנגייה,CN,סקיני - פסטה שיבולת,גרמים,270.00,100 גרם,false,,13.90,0.0515,true,1,30991
7290015858106,false,"ממרח פסטו ביתי 180 גרם ""עללחם""","מדשא תעשיות מזון בע""\מ",IL,ממרח פסטו ביתי עללחם,גרמים,180.00,100 גרם,false,,20.90,0.1161,true,1,12544
7290016006025,false,שוופס סודה 0.50 ליטר בקבוק,יפאורה תבורי בעמ,IL,שוופס סודה 500מל,ליטרים,500.00,100 ליטר,false,,3.50,0.0070,true,1,6275
7290016006346,false,שוופס סודה 0.5 ליטר מארז שישייה,יפאורה שותפות מובגלת לשיווק,IL,שוופס סודה שישייה 0.,ליטרים,3.00,ליטר,false,,18.90,6.3000,true,1,6282
7290016114300,false,נייר טואלט דו שכבתי אורך כפול לבן לילי 16 גלילים,לילי נייר טואלט חוגלה,IL,לילי גליל כפול 16 גל,מטרים,588.00,מטר,false,,45.90,0.0781,true,1,4798
7290016150117,false,סלק אדום מבושל 500 ג' בוואקום,ג'ואבג'י יואייבי,LE,מעדן סלק בוואקום 500,גרמים,500.00,100 גרם,false,,6.90,0.0138,true,1,26743
7290016162226,false,עוגיות פרמיום סוגים,,,עוגיות פרמיום סוגים,גרמים,200.00,100 גרם,false,,24.90,0.1245,true,1,22624
7290016162233,false,עוגיות ממולאות סוגים שונים 200 גרם קפולסקי,קפולסקי,IL,עוגיות דיזרט פרימיום,גרמים,200.00,100 גרם,false,,24.90,0.1245,true,1,22625
7290016341522,false,שמן קנולה מזוכך 1 לי,,,שמן קנולה מזוכך 1 לי,ליטרים,1.00,100 ליטר,false,,8.90,8.9000,true,1,15146
7290016584004,false,חטיפוני גזר 130 גרם,"מרינה פטריות הגליל בע""מ",IL,חטיפוני גזר 130 גרם,יח',150.00,יח',false,,5.90,0.0393,true,1,23228
7290016823080,false,פטרוזיליה FRESHLID מרינה,חקלאי,IL,פטרוזיליה יח,יחידה,0.00,יחידה,false,,5.90,0.0000,true,1,23238
7290016823097,false,כוסברה קופסא,קטיף.,IL,כוסברה יח,יחידה,0.00,יחידה,false,,5.90,0.0000,true,1,23239
7290016823103,false,שמיר קופסא,קטיף,IL,שמיר יח,יחידה,0.00,יחידה,false,,5.90,0.0000,true,1,23240
7290016823110,false,נענע קופסא,קטיף,IL,נענע יח,יחידה,0.00,יחידה,false,,5.90,0.0000,true,1,23241
7290017065441,false,גבינה גאודה עיזים פרוסה הולנדית 200 גר',גבינות מדף,NL,גד פרוסות גאודה עיזי,גרמים,200.00,100 גרם,false,,40.90,0.2045,true,1,7687
7290017513775,false,פליפז בייגלה מצופה שוקולד חלב מקוויטיס 140 גרם,שוורצקוף& הנקל דיסלד,TR,בייגלה מצופה שוקולד,גרמים,140.00,100 גרם,false,,9.90,0.0707,true,1,13181
7290017888026,false,"משקה אננס תפוח גזר פרות & ווג 350 מ""ל",פרוט אנד וג' Fruit & Veg,IL,פרוט & וג' אננס תפוח,ליטרים,330.00,100 ליטר,false,,8.90,0.0270,true,1,6325
7290017888033,false,"משקה בננה מלון נענע פרות &ווג 350 מ""ל",פרוט אנד וג' Fruit & Veg,IL,פרוט & וג' בננה מלון,ליטרים,330.00,100 ליטר,false,,8.90,0.0270,true,1,6326
7290017888644,false,"משקה אננס בננה כורכום פרות & ווג 350 מ""ל",פרוט אנד וג' Fruit & Veg,IL,פרוט & וג' אננס בננה,יחידה,330.00,יחידה,false,,8.90,0.0270,true,1,6343
7290017888729,false,שוופס סודה בקבוק 1 ל',"יפאורה תבורי בע""\מ",IL,שוופס סודה 1 ליטר,ליטרים,1.00,ליטר,false,,5.90,5.9000,true,1,6344
7290017928807,false,בייגלה אצבעות שומשום מאיר בייגל 300 גרם,מאיר את בייגל,IL,אצבעות שומשום מאיר ב,גרמים,300.00,100 גרם,false,,12.90,0.0430,true,1,3145
7290017941134,false,כפות עבות 100 יח' ש,,,כפות עבות 100 יח' ש,יחידה,0.00,יחידה,false,,9.90,0.0000,true,1,29688
7290017941219,false,WIZ כפות עבות במיוחד שקוף 40 יח',,,כפות 50 יח' עבה במיו,יחידה,0.00,יחידה,false,,9.90,0.0000,true,1,29696
7290017941233,false,WIZ סכינים עבות במיוחד שקוף 40 יח',,,סכינים 50 יח' עבה במ,יחידה,0.00,יחידה,false,,9.90,0.0000,true,1,29698
7290017941424,false,כוסות 12OZ לשתייה חמ,,,כוסות 12OZ לשתייה חמ,יחידה,0.00,יחידה,false,,12.90,0.0000,true,1,38438
7290017941455,false,כוסות 9oz לשתיה חמה,,,כוסות לשתיה חמה 50,יחידה,0.00,יחידה,false,,7.90,0.0000,true,1,29705
7290017941462,false,50 כוסות שתייה חמה 8B,,,כוסות שתיה חמה 8B י,יחידה,0.00,יחידה,false,,5.90,0.0000,true,1,29706
7290017941479,false,צמד רדיד אלומניום אר,,,צמד רדיד אלומניום אר,יחידה,0.00,יחידה,false,,16.90,0.0000,true,1,29707
7290017941530,false,כוסות TO-GO לשתייה ח,,,כוסות TO-GO לשתייה ח,יחידה,0.00,יחידה,false,,9.90,0.0000,true,1,29709
7290017941547,false,"צלחת 1 ק""ג קרם WIZ",,,"צלחת 1 ק""ג קרם WIZ",קילוגרמים,1.00,"100 ק""ג",false,,16.90,16.9000,true,1,29710
7290017941639,false,מטליות מיקרופייבר לר,,,מטליות מיקרופייבר לר,יחידה,0.00,יחידה,false,,16.90,0.0000,true,1,29719
7290017941646,false,מטליות מיקרופייבר למ,,,מטליות מיקרופייבר למ,יחידה,0.00,יחידה,false,,9.90,0.0000,true,1,29720
7290017941813,false,קיסמי במבוק בעטיפה א,,,קיסמי במבוק בעטיפה א,יחידה,0.00,יחידה,false,,5.50,0.0000,true,1,29732
7290017941905,false,קיסמים במלחיה 300 יח,,,קיסמים במלחיה 300 יח,יחידה,0.00,יחידה,false,,3.90,0.0000,true,1,29741
7290017941929,false,"WIZ! שיפודי יקטורי 18 ס""מ 100 יח'",,,"שיפודי יקטורי 18 ס""מ",יחידה,0.00,יחידה,false,,8.90,0.0000,true,1,29743
7290017941974,false,מארז תבניותאינגליש 6,,,מארז תבניותאינגליש 6,יחידה,0.00,יחידה,false,,12.90,0.0000,true,1,29746
7290018091616,false,מקלות פילו גבינה מעדנות 450 גרם,מיוצר עי קונדיטוריית,IL,מקלות פילו גבינה 450,גרמים,450.00,100 גרם,false,,20.90,0.0464,true,1,20187
7290018131251,false,אקסטרים מטבע שוקולד לבן וליבת קרם עוגיות 115ג',גלידות נסטלה )נגה גלידות,IL,אקסטרים מטבע שוקולד,יחידה,0.00,יחידה,false,,11.90,0.0000,true,1,8396
7290018131336,false,שלגון ליון בטעם קרמל עם,שוורצקוף& הנקל דיסלד,PL,שלגון ליון בטעם קרמל,גרמים,66.00,100 גרם,false,,8.90,0.1348,true,1,8399
7290018131640,false,קראנץ בלונד עם ליבת נוגט בוטנים 100 גרם,גלידות נסטלה )נגה גלידות,IL,קראנץ בלונד עם ליבת,גרמים,100.00,100 גרם,false,,8.90,0.0890,true,1,8407
7290018131794,false,קראנץ ליבת מריר נוגט,נסטלה,IL,קראנץ וניל שוקולד מ,גרמים,100.00,100 גרם,false,,8.90,0.0890,true,1,31794
7290018225011,false,קומקום חשמלי נשלף פל,,,קומקום חשמלי נשלף פל,יחידה,0.00,יחידה,false,,59.90,0.0000,true,1,27426
7290018225134,false,"מערבל יד חשמלי "" פל",,,"מערבל יד חשמלי "" פל",יחידה,0.00,יחידה,false,,59.90,0.0000,true,1,27427
7290018626061,false,צלחות גדולות 9 שקוף,,,צלחות גדולות 9 שקוף,יחידה,0.00,יחידה,false,,11.90,0.0000,true,1,29758
7290018626092,false,מרקייה 7 שקוף 50 יח',,,מרקייה 7 שקוף 50 יח',יחידה,0.00,יחידה,false,,10.90,0.0000,true,1,29761
7290018626139,false,תבנית R-31 גדולה 9 י,,,תבנית R-31 גדולה 9 י,יחידה,0.00,יחידה,false,,11.90,0.0000,true,1,29765
7290018626177,false,כוסות לשתיה קרה איכו,,,כוסות לשתיה קרה איכו,יחידה,0.00,יחידה,false,,4.90,0.0000,true,1,29769
7290018626238,false,WIZ קינוחית אישית מלבנית+מכסים 8 יח',,,קינוחית אישית מלבנית,יחידה,0.00,יחידה,false,,14.90,0.0000,true,1,29775
7290018626245,false,תבנית מהודרת לזניה 4,,,תבנית מהודרת לזניה 4,יחידה,0.00,יחידה,false,,14.90,0.0000,true,1,29776
7290018626467,false,"כוסות 250 מ""ל איכותי",,,"כוסות 250 מ""ל איכותי",יחידה,0.00,יחידה,false,,5.90,0.0000,true,1,29793
7290018626481,false,"כוסות בירה 330 מ""ל",,,"כוסות בירה 330 מ""ל",יחידה,0.00,יחידה,false,,6.90,0.0000,true,1,29795
7290018626498,false,שקיות XXL שרוך 20 י,,,שקיות XXL שרוך 20 י,יחידה,0.00,יחידה,false,,19.90,0.0000,true,1,29796
7290018626504,false,שקיות L שרוך 80 יח',,,שקיות L שרוך 80 יח',יחידה,0.00,יחידה,false,,24.90,0.0000,true,1,29797
7290100245231,false,נמס בכוס מרק בטעם עוף עם אטריות ושקדי מרק-2 שקיות,יוניליוור ישראל מזון בע\,IL,נמס בכוס ועוד טעם עו,גרמים,50.00,100 גרם,false,,8.90,0.1780,true,1,5600
7290100572702,false,אביזרי מטבח ב-11.00,,,אביזרי מטבח ב-11.00,יחידה,0.00,יחידה,false,,11.00,0.0000,true,1,19236
7290100680650,false,מנה חמה נודלס-אטריות ירקות טעם תאילנדי אסם 76 ג',PUB FOODS PRESIDENT THAI,TH,מנה חמה נודלס תאילנד,גרמים,76.00,100 גרם,false,,7.90,0.1039,true,1,9748
7290100680711,false,פירורית זהב אסם זהב 350ג',עינת תעשיות מזון אגו,IL,אסם פירורית זהב 12*3,גרמים,350.00,100 גרם,false,,10.90,0.0311,true,1,9750
7290100687109,false,במבה במילוי קרם נוגט 60ג' אסם,"אסם השקעות בע""\מ",IL,במבה במילוי קרם נוגט,יח',60.00,יח',false,,5.90,0.0983,true,1,9777
7290100704141,false,סודה לשתייה 100 ג' סוגת,א.ל. ייצור ושיווק תב,IL,סוגת סודה לשתייה 100,גרמים,100.00,100 גרם,false,,2.90,0.0290,true,1,8987
7290100850008,false,שוקולד חלב+סוכ.קופצות85ג,STRAUSS-ISRAEL,IL,שוקולד פרה חלב עם סו,גרמים,85.00,100 גרם,false,,6.90,0.0812,true,1,11889
7290100850459,false,מיקס ירוק עלית 390 ג,STRAUSS-ISRAEL,IL,מיקס ירוק עלית 390 ג,יח',390.00,יח',false,,29.90,0.0767,true,1,11893
7290100850916,false,דוריטוס חמוץ חריף מעודן 70 גרם כשר לפסח,"שטראוס פריטו ליי בע""\מ )",IL,דוריטוס חמוץ חריף 70,יח',70.00,יח',false,,4.90,0.0700,true,1,12885
7290100850923,false,דוריטוס בטעם גריל 70 גרם,"שטראוס פריטו ליי בע""\מ )",IL,דוריטוס גריל 70 גרם,גרמים,70.00,100 גרם,false,,4.90,0.0700,true,1,12886
7290100850930,false,דוריטוס בטעם טבעי 70 גרם,"שטראוס פריטו ליי בע""\מ )",IL,דוריטוס טבעי 70גר,יח',70.00,יח',false,,4.90,0.0700,true,1,12887
7290101459880,false,נרות אותיות- יום הול,,,נרות אותיות- יום הול,יחידה,0.00,יחידה,false,,9.90,0.0000,true,1,18149
7290101551539,false,יוגורט PRO בטעם אפרסק 0% 20 גרם חלבון בגביע,"שטראוס בריאות בע""מ",IL,דנונה פרו 20 אפרסק 2,גרמים,200.00,100 גרם,false,,6.90,0.0345,true,1,12555
7290101869788,false,"אירוויק ספריי אוטומטי מילוי בניחוח אואזיס 250 מ""ל*",איירוויק Air Wick,HU,איירוויק מילוי מבשם,מיליליטרים,250.00,"100 מ""ל",false,,14.90,0.0596,true,1,10987
7290101999720,false,נרות מטה לבבות פו,,,נרות מטה לבבות פו,יחידה,0.00,יחידה,false,,7.00,0.0000,true,1,18294
7290102393039,false,"יוגורט ביו קרמי מיקס פצפוצי שוקולד 7.6% מולר 170 מ""ל",קריות זול,IL,מולר מיקס בתוספת פצפ,מיליליטרים,170.00,"100 מ""ל",false,,6.90,0.0406,true,1,3419
7290102393176,false,סימפלי פרוט יוגורט אפרסק 3% שומן 150 ג' מולר,מילקו תעשיות בעמ,IL,מולר סימפלי פרוט אפר,גרמים,150.00,100 גרם,false,,5.90,0.0393,true,1,3422
7290102393190,false,"יוגורט סימפלי פרוט בטעם פירות יער 3% מולר 150 מ""ל",מילקו תעשיות בעמ,IL,מולר סימפלי פרוט פיר,גרמים,150.00,100 גרם,false,,5.90,0.0393,true,1,3423
7290102394845,false,נעם גבינה צהובה לייט פרוסה דק דק 9% טרה 200 גרם,מילקו תעשיות בעמ,IL,נעם גבינה צהובה דק ד,גרמים,200.00,100 גרם,false,,18.90,0.0945,true,1,3433
7290102397204,false,"גבנ""צ דק דק נעם פתיחה חוזרת 22% 200 גרם",מילקו תעשיות בעמ,IL,נעם צהובה דק דק 22%,גרמים,200.00,100 גרם,false,,18.90,0.0945,true,1,3477
7290102397747,false,פרוסות גבינת מוצרלה נעם מחלב בקר 22%,טרה,IL,מוצרלה נעם רכיבים ט,יח',200.00,יח',false,,22.90,0.1145,true,1,3503
7290102398072,false,"חלב קרטון 3%-1 ליטר "" טרה"" -מוצר פיקוח",הפריט בפיקוח,IL,טרה חלב בקרטון 3% 1ל,ליטרים,1.00,ליטר,false,,5.94,5.9400,true,1,3516
7290102398782,false,משקה סויה קלאסי משק צוריאל 1 ליטר,מחלבת משק צוריאל,IT,משקה סויה קלאסי משק,ליטרים,1.00,ליטר,false,,13.90,13.9000,true,1,3547
7290102399048,false,פרוסות גבינת קשקבל נעם 200 ג' טרה,מילקו,IL,קשקבל נעם פתיחה חוזר,גרמים,200.00,100 גרם,false,,28.90,0.1445,true,1,3557
7290103401429,false,קפה קצב ברזילאי אוריגינס 200 גר,הנסיך- מפעל לייצור ט,IL,עלית אוריגינס קצב בר,גרמים,200.00,100 גרם,false,,33.90,0.1695,true,1,11919
7290103404758,false,סלט כרוב אדום במיונז אחלה 120 גרם,מיוצר עי קונדיטוריית,IL,אחלה כרוב אדום 120ג,גרמים,120.00,100 גרם,false,,6.90,0.0575,true,1,12565
7290104061417,false,סלט חומוס עם טחינה אחלה 400 גרם,"שטראוס גרופ בע""\מ",IL,אחלה חומוס טחינה 400,גרמים,400.00,100 גרם,false,,11.90,0.0298,true,1,12567
7290104061431,false,סלט חומוס עם צנובר אחלה 400 גרם,"שטראוס גרופ בע""\מ",IL,אחלה חומוס צנובר 400,גרמים,400.00,100 גרם,false,,13.90,0.0348,true,1,12569
7290104067693,false,אחלה חומוס עם חריף 150 גרם,מיוצר עי קונדיטוריית,IL,אחלה חומוס עם חריף 1,גרמים,150.00,100 גרם,false,,5.90,0.0393,true,1,12576
7290104500572,false,אפרופו חטיף תירס איטליאנו אסם 50 גרם,מיוצר עי קונדיטוריית,IL,אפרופו איטלקי 36*50ג,יח',50.00,יח',false,,6.90,0.1380,true,1,9780
7290104852176,false,נרות נשמה 24 שעות פאלאס,פאלאס,IL,נר נשמה בפחית,יחידה,0.00,יחידה,false,,1.90,0.0000,true,1,21477
7290105360878,false,תפוציפס טבעי 50 גרם מארז רביעייה,"שטראוס פריטו ליי בע""\מ )",IL,תפוציפס מארז 4*50ג,גרמים,200.00,100 גרם,false,,14.90,0.0745,true,1,12901
7290105363602,false,מקלות כיף כף קלאסי עלית 40 גרם,שולן צ'\יקולטה גידה סאן.,TR,כיף כף מקלות קלאסי 4,גרמים,40.00,100 גרם,false,,5.90,0.1475,true,1,11955
7290105364289,false,מקלות כיף כף פצפוצים עלית 40 גרם,שולן צ'\יקולטה גידה סאן.,TR,כיף כף מקלות פצפוצים,גרמים,40.00,100 גרם,false,,5.90,0.1475,true,1,11956
7290105368904,false,"שמנת מתוקה להקצפה 32% שומן 250 מ""ל יוטבתה",שטראוס גרופ,IL,יטבתה שמנת עמידה לקצ,מיליליטרים,250.00,"100 מ""ל",false,,8.90,0.0356,true,1,12594
7290105431516,false,מארז חטיף פריי תמרים ובוטנים ללא גלוטן ותוספת סוכר 125 גרם,טבעית מוצרים מן הטבע בעמ,IL,פרי חטיפי תמרים ובוט,גרמים,125.00,100 גרם,false,,22.90,0.1832,true,1,11361
7290105436382,false,חטיף פרי תמרים קשיו ללא תוספת סוכר וגלוטן 5 יח,טבעית מוצרים מן הטבע בעמ,IL,פרי חטיפי בריאות תמר,גרמים,100.00,100 גרם,false,,22.90,0.2290,true,1,11368
7290105691934,false,קמח שמרים אסם 1 קילו,תאי פרזידנט פוד פאבל,IL,"קמח שמרים אסם 1 ק""ג",קילוגרמים,1.00,"ק""ג",false,,12.90,12.9000,true,1,9800
7290105964564,false,סלט חומוס אחלה 400גר,מיוצר עי קונדיטוריית,IL,אחלה חומוס אחלה 400ג,גרמים,400.00,100 גרם,false,,9.50,0.0238,true,1,12601
7290105966469,false,"חומץ בלסמי ממודנה יד מרדכי 250 מ""ל",אצטייה ג'וזפה קרמוני,IT,חומץ בלסמי יד מרדכי,גרמים,250.00,100 גרם,false,,19.90,0.0796,true,1,11966
7290106520066,false,"רבע לשבע שוקולד חלב במילוי אגוזים עלית 160 גרם בד""צ","הגביע מוצרי וופלים בע""\מ",IL,רבע לשבע 160ג,יח',160.00,יח',false,,14.90,0.0931,true,1,11968
7290106571037,false,"מאגדת גומיגם 5יח כשל""פ",גלידות נסטלה )נגה גלידות,IL,מאגדת גומיגם 5*90 גר,גרמים,450.00,100 גרם,false,,35.90,0.0798,true,1,8415
7290106572065,false,חטיפי פריכונים טורטיה חמוץ מתוק 60 גרם,"פרח תעשיות מזון בע""מ",IL,טורטיה בטעם תירס חמו,יח',60.00,יח',false,,9.90,0.1650,true,1,9826
7290106572959,false,מארז אפרופו חטיף תירס 5 יחידות,"אסם השקעות בע""\מ",IL,אפרופו קלאסי מאח.8 5,גרמים,75.00,100 גרם,false,,13.90,0.1853,true,1,9829
7290106573277,false,חטיף קריספי בטעם זיתים 150 ג' אסם,מיוצר עי קונדיטוריית,IL,אסם קריספי טאפאס זית,גרמים,150.00,100 גרם,false,,13.40,0.0893,true,1,9833
7290106573314,false,חטיף קריספי בטעם כפרי 150 ג' אסם,מיוצר עי קונדיטוריית,IL,אסם קריספי טאפאס כפר,גרמים,150.00,100 גרם,false,,13.40,0.0893,true,1,9834
7290106574120,false,שלגון שרבט סוכריות גומיגם נסטלה 90 גרם,גלידות נסטלה )נגה גלידות,IL,גומיגם 90גר,יח',90.00,יח',false,,7.90,0.0878,true,1,8416
7290106577572,false,מטבוחה אמיתית מרובע 400 ג' צבר,סלטי צבר,IL,צבר מרובע מטבוחה 40,גרמים,400.00,100 גרם,false,,16.90,0.0422,true,1,10443
7290106578821,false,עוגת הבית שמרים קלאסית שוקולד אסם 350 גרם,מיוצר עי קונדיטוריית,IL,הבית עוגת שמרים קלאס,גרמים,350.00,100 גרם,false,,21.90,0.0626,true,1,9851
7290106656512,false,וופל טורטית עם קרם ש,שטראוס גרופ,IL,בפלות טורטית 360 גרם,גרמים,360.00,100 גרם,false,,20.90,0.0581,true,1,11984
7290106658479,false,עלית וופל בטעם טורטית אגוזים 360גר,"שטראוס גרופ בע""\מ",IL,עלית וופל בטעם טורטי,גרמים,40.00,100 גרם,false,,4.90,0.1225,true,1,11990
7290106720626,false,צ'יטוס קראנצ' בטעם גבינה - חלבי,"שטראוס פריטו ליי בע""\מ )",IL,ציטוס גבינה 80 גרם,גרמים,80.00,100 גרם,false,,5.90,0.0738,true,1,12916
7290106728127,false,יטבתה חלב בבקבוק טבעי 3.6% 1ל,מחלבת יטבתה,IL,יטבתה חלב טבעי בקרטו,ליטרים,1.00,ליטר,false,,8.90,8.9000,true,1,12622
7290107280020,false,שלישיית מטליות לחות לניקוי כללי סנו סושי 50 יחידות,טרופיקל דגיל- תעשיות,IL,סנו סושי מגבונים לני,יחידה,0.00,יחידה,false,,22.90,0.0000,true,1,16753
7290107280723,false,נוזל לניקוי כלים סנו ספארק Spark בניחוח לימון רענן,סנו כימיקלים,IL,סנו ספארק נוזל לניקו,מיליליטרים,700.00,"100 מ""ל",false,,10.90,0.0156,true,1,16782
7290107646147,false,"חטיף שוגי קורנפלקס תלמה 156 גרם מארז 6 יחידות בד""צ",יוניליוור ישראל מזון בעמ,IL,חטיף שוגי קורנפלקס ת,גרמים,156.00,100 גרם,false,,15.90,0.1019,true,1,5638
7290107646154,false,"חטיף קוקומן פצפוצים תלמה 126 גרם מארז 6 יחידות בד""צ",יוניליוור ישראל מזון בעמ,IL,חטיף קוקומן פצפוצים,גרמים,126.00,100 גרם,false,,15.90,0.1262,true,1,5639
7290107646833,false,תלמה שוגי חטיף דגנים פצפוצי שוקולד שישי,יוניליוור ישראל מזון בעמ,IL,חטיף שוגי פצפוצים שו,גרמים,138.00,100 גרם,false,,15.90,0.1152,true,1,5645
7290107647816,false,"דגני ברנפלקס ללא תוספת סוכר 500 גרם בד""צ",יוניליוור ישראל מזון בעמ,IL,ברנפלקס ללא סוכר בד',גרמים,500.00,100 גרם,false,,29.90,0.0598,true,1,5661
7290107870047,false,טילון אקסטרים115-120 גרם ענק נסטלה 120 גרם,תות תעשיות מזון (201,IL,אקסטרים מטבע ענק ברא,גרמים,115.00,110 גרם,false,,11.90,0.1035,true,1,8426
7290107932080,false,חלב מועשר יוטבתה בבקבוק 3% 1 ליטר,מחלבת יטבתה,IL,יטבתה חלב בבקבוק 3%,ליטרים,1.00,ליטר,false,,8.90,8.9000,true,1,12624
7290107933315,false,יטבתה חלב בבקבוק דל לקטוז 2% 1ל,מחלבת יטבתה,IL,יטבתה חלב בבקבוק דל,ליטרים,1.00,ליטר,false,,8.90,8.9000,true,1,12629
7290107938396,false,שמיניית אקטימל תות דיסני בנים 108 גרם,מיוצר עי קונדיטוריית,IL,דנונה Actimel בנים ב,גרמים,864.00,100 גרם,false,,26.90,0.0311,true,1,12639
7290107947473,false,אנרגי תחתית פסק זמן24*6ג,"שטראוס גרופ בע""\מ",IL,מאגדת אנרגי תחתית פס,גרמים,198.00,100 גרם,false,,16.90,0.0854,true,1,12085
7290107947480,false,אנרגי חטיפי דגנים מצופה אגוזים ושוקולד 6,"שטראוס גרופ בע""\מ",IL,מאגדת אנרג'י מצופה ש,גרמים,168.00,100 גרם,false,,16.90,0.1006,true,1,12086
7290107954976,false,"משקה יטבתה חלבון פרו קפה 350מ""ל",מחלבת יטבתה,DE,יטבתה משקה פרו קפה,ליטרים,350.00,100 ליטר,false,,7.90,0.0226,true,1,12683
7290107974066,false,"עלי טורטיה קמח מלא 20ס""מ 8יח' מאסטר שף 320ג'",אלקאטי קורביישיסי גי,ES,עלי טורטיה קמח מלא מ,גרמים,320.00,100 גרם,false,,13.90,0.0434,true,1,11391
7290107974080,false,מנה עלי טורטיה קמח לבן מ.שף 25 סמ 840 גר,הדקלאים אגודת שיתופי,TR,עלי טורטיה קמח לבן מ,גרמים,820.00,100 גרם,false,,21.90,0.0267,true,1,11393
7290108200232,false,וניש מסיר כתמים ומלבין כביסה 470 גרם,רקיט בנקיזר,IT,מסיר כתמים אבקה כביס,גרמים,470.00,100 גרם,false,,18.90,0.0402,true,1,11004
7290108351613,false,סנו ריצפז פרש הום 2 ליטר בניחוח מלון חלומי,"סנו מפעלי ברונוס בע""\מ",IL,ריצפז פרש הום מלון ח,ליטרים,2.00,ליטר,false,,25.90,12.9500,true,1,16835
7290108353983,false,"קרמה - קרם גוף קרמה קלאסי 500 מ""ל",טרופיקל דגיל תעשיות,IL,קרם גוף קרמה קלאסי 5,מיליליטרים,500.00,"100 מ""ל",false,,23.90,0.0478,true,1,16979
7290108503067,false,פרמז'נו משולש ויליפוד 150 גרם,וילי פוד,IT,פרמז'נו משולש 150 גר,גרמים,150.00,100 גרם,false,,19.90,0.1327,true,1,1808
7290108505740,false,קשקבל גבינה חצי קשה EURO CHEESE ויליפוד 200 גרם,Euro יורו מחלבות אירופה,TR,גבינת קשקבל חצי קשה,גרמים,200.00,100 גרם,false,,19.90,0.0995,true,1,1879
7290109354101,false,"לחמית ללא גלוטן 200 גר' ""אסם""","אסם תעשיות בע""מ",IL,לחמית ללא גלוטן 200,גרמים,200.00,100 גרם,false,,13.90,0.0695,true,1,9895
7290109354972,false,אוסם - פתי בר וניל חלבי ללא גלוטן 200 גרם,מיוצר עי קונדיטוריית,IL,אסם פתי בר ללא גלוטן,גרמים,200.00,100 גרם,false,,13.90,0.0695,true,1,9896
7290109354996,false,פתי בר ללא גלוטן שוקו 200 גרם אסם,מיוצר עי קונדיטוריית,IL,אסם פתי בר ללא גלוטן,גרמים,200.00,100 גרם,false,,13.90,0.0695,true,1,9897
7290109355504,false,שלגון קראנץ וניל ליבת נוגט נסטלה 100 גרם,נטו מלינדה-בשר,IL,קראנץ' וניל ליבת נוג,גרמים,72.00,100 גרם,false,,11.90,0.1653,true,1,8438
7290109358765,false,דגני בוקר קראנץ' רולס נוגט 450 גרם,"אסם השקעות בע""\מ",IL,דגני קראנץ' רולס נוג,גרמים,450.00,100 גרם,false,,32.90,0.0731,true,1,9910
7290110110574,false,"פחיות קוקה קולה זירו לימון 330 מ""ל",החברה המרכזית לייצור משק,IL,פחית סליק קולה ZERO,מיליליטרים,330.00,"100 מ""ל",false,,6.90,0.0209,true,1,3959
7290110110758,false,פיוז טי גרין לימ.נענ1.5ל,מבשלות בירה בינלאומיות ב,IL,פיוז טי לימון נענע 1,ליטרים,1.50,ליטר,false,,8.90,5.9333,true,1,3969
7290110113469,false,"פחית קוקה קולה מנגו 330 מ""ל (פירוק מ 110113735)",החברה המרכזית לייצור משק,IL,פחית סליק קולה זירו,מיליליטרים,330.00,"100 מ""ל",false,,6.90,0.0209,true,1,4021
7290110114466,false,ספרייט 19 קל' לימון נענע 1.5 ל',החברה המרכזית לייצור משק,IL,ספרייט 19 קלוריות לי,ליטרים,1.50,ליטר,false,,7.90,5.2667,true,1,4035
7290110114480,false,ספרייט לימון קיווי 1,החברה המרכזית לייצור,IL,ספרייט 19 קלוריות לי,ליטרים,1.50,ליטר,false,,7.90,5.2667,true,1,4036
7290110321031,false,מעדן חלב GO יוגורט מועשר בחלבון טבעי 200 ג' יופלה,"תנובה, מחלבת אלון תב",IL,יופלה גו 200 גרם תנו,יח',200.00,יח',false,,6.90,0.0345,true,1,14041
7290110321048,false,יופלהGO מתיקות מעודנ200ג,תנובה חלב,IL,יופלה גו 200 גרם מע,גרמים,200.00,100 גרם,false,,6.90,0.0345,true,1,14042
7290110321277,false,קוטג' בקטנה 5% תנובה 100 גרם מהדרין,פארייפאבה אגרואינדוס,IL,קוטג' תנובה בקטנה 5,גרמים,100.00,100 גרם,false,,2.90,0.0290,true,1,14051
7290110321284,false,קוטג' בקטנה 9% תנובה 100 גרם מהדרין,פארייפאבה אגרואינדוס,IL,קוטג' תנובה בקטנה 9,יח',100.00,יח',false,,2.90,0.0290,true,1,14052
7290110321680,false,יוגורט GO בטעם תות 20 גרם חלבון בגביע,מיוצר עי קונדיטוריית,IL,יופלה גו בטעם תות 20,גרמים,200.00,100 גרם,false,,6.90,0.0345,true,1,14065
7290110321703,false,יוגורט עם פירות יער בתוספת חלבוני חלב 2% שומן,מיוצר עי קונדיטוריית,IL,יופלה גו בטעם פרות י,מיליליטרים,200.00,"100 מ""ל",false,,6.90,0.0345,true,1,14067
7290110323066,false,משקה יוגורט GO בננה אפרסק 250 ג' יופלה,תנובה חלב,IL,יופלה משקה יוגורט מו,מיליליטרים,250.00,"100 מ""ל",false,,7.50,0.0300,true,1,14106
7290110323301,false,טל העמק בסגנון אמנטל 32% שומן 200 גרם,עמק - תנובה,IL,גבינת עמק טל 32% שומ,יח',200.00,יח',false,,19.90,0.0995,true,1,14118
7290110323585,false,יופלה יוגורט עם דובדבן מופחת קלוריות 200 ג' GO,יופלה Yoplait,IL,יופלה GO לייט עם דוב,גרמים,200.00,100 גרם,false,,6.90,0.0345,true,1,14136
7290110323592,false,יופלה יוגורט עם אפרסק מופחת קלוריות 200 ג' GO,יופלה Yoplait,IL,יופלה GO לייט עם אפר,יח',200.00,יח',false,,6.90,0.0345,true,1,14137
7290110323608,false,יוגורט יופלה גו פירו,תנובה בעמ,IL,יופלה GO לייט עם פיר,גרמים,200.00,100 גרם,false,,6.90,0.0345,true,1,14138
7290110323714,false,משקה קוקוס שקדים תנובה E אלטרנטיב,מיוצר עי קונדיטוריית,IL,תנובה משקה קוקוס שקד,יחידה,0.00,יחידה,false,,14.90,0.0000,true,1,14144
7290110324353,false,יוגורט GO לייט בטעם אננס 20 גרם חלבון בגביע,"תנובה בע""\מ",IL,יופלה גו לייט בטעם א,גרמים,200.00,100 גרם,false,,6.90,0.0345,true,1,14177
7290110324926,false,משקה סויה ללא תוספת סוכר E אלטרנטיב,תנובה מרכז שיתופי לש,IL,משקה סויה ללא תוספת,יחידה,0.00,יחידה,false,,13.90,0.0000,true,1,14205
7290110325114,false,"משקה יוגורט יופלה גו לייט תות בננה 250 מ""ל - רבנות",מיוצר עי קונדיטוריית,IL,יופלה משקה יוגורט גו,מיליליטרים,250.00,"100 מ""ל",false,,7.50,0.0300,true,1,14217
7290110325312,false,יופלה GO סויה 20 גרם חלבון בטעם תות תנובה 200 גרם,"תנובה בע""\מ",IL,יופלה סויה גו 20 גרם,גרמים,200.00,100 גרם,false,,6.90,0.0345,true,1,14224
7290110325619,false,משקה שיבולת שועל תנובה E אלטרנטיב,מיוצר עי קונדיטוריית,IL,תנובה משקה שיבולת שו,יחידה,0.00,יחידה,false,,14.90,0.0000,true,1,14233
7290110325626,false,"משקה שקדים ללת""ס 1 ליטר",תנובה,IL,"משקה שקדים לל""ס תנוב",ליטרים,1.00,ליטר,false,,14.90,14.9000,true,1,14234
7290110326210,false,יופלה און טופ פצפוצים תנובה 157 גרם,מיוצר עי קונדיטוריית,IL,יופלה און טופ פצפוצי,גרמים,157.00,100 גרם,false,,5.90,0.0376,true,1,14261
7290110326234,false,יופלה און טופ כוכבים תנובה 157 גרם,מיוצר עי קונדיטוריית,IL,יופלה און טופ כוכבים,גרמים,157.00,100 גרם,false,,5.90,0.0376,true,1,14263
7290110326449,false,חמאה השף הלבן 250 גר,אמרלנד,DE,חמאה השף הלבן 250 גר,גרמים,250.00,100 גרם,false,,9.85,0.0394,true,1,14269
7290110326555,false,שוקו שיבולת שועל אלט,תנובה,IL,שוקו שיבולת שועל 1 ל,ליטרים,1.00,100 ליטר,false,,14.90,14.9000,true,1,39418
7290110326937,false,יוגורט תנובה לבן 1%,פ.פ.ח. שאביט,IL,יוגורט תנובה 1.5% במ,גרמים,150.00,100 גרם,false,,4.90,0.0327,true,1,14295
7290110326944,false,יוגורט תנובה 3% במרק,תנובה,IL,יוגורט תנובה 3% במרק,גרמים,150.00,100 גרם,false,,4.90,0.0327,true,1,14296
7290110326951,false,יוגורט תנובה 5% במרק,תנובה,IL,יוגורט תנובה 5% במרק,גרמים,150.00,100 גרם,false,,4.90,0.0327,true,1,14297
7290110328054,false,מעדן סויה תות ש.שועל170ג,"תנובה בע""\מ",IL,מעדן GO סויה מועשר ב,יח',200.00,יח',false,,5.90,0.0295,true,1,14341
7290110328061,false,מעדן+בחלבון אפרסק170ג,"תנובה בע""\מ",IL,מעדן GO סויה מועשר ב,גרמים,200.00,100 גרם,false,,5.90,0.0295,true,1,14342
7290110328221,false,יוגורט נטול לקטוז תנובה 200 גרם,מיוצר עי קונדיטוריית,IL,יוגורט תנובה נטול לק,גרמים,200.00,100 גרם,false,,5.90,0.0295,true,1,14349
7290110328283,false,גבינת עמק בציפוי ציל,,,עמק בציפוי צ'ילי 28%,גרמים,200.00,100 גרם,false,,19.90,0.0995,true,1,46342
7290110328566,false,יוגורט יופלה דיאט בט,"תנובה בע""מ",IL,יוגורט יופלה דיאט בט,מיליליטרים,150.00,"100 מ""ל",false,,5.20,0.0347,true,1,35127
7290110328764,false,יוגורט יופלה GO במרקם סמיך עם תות 0%,מיוצר עי קונדיטוריית,IL,יוגורט גו סמיך 0% תו,גרמים,200.00,100 גרם,false,,6.90,0.0345,true,1,39462
7290110560324,false,"הפריכיות הטעימות תפו""א, אורז, אפונה ומלח ים","פרח תעשיו מזון בע""מ",IL,פריכיות משולשות אפונ,יח',30.00,יח',false,,6.90,0.2300,true,1,12156
7290110563431,false,"משקה קפה קר בסגנון קלאסי 230 מ""ל 1.6% יוטבתה",האי נאם סי או אל.טי.,AT,יטבתה משקה קפה קר בס,ליטרים,230.00,100 ליטר,false,,7.90,0.0343,true,1,12709
7290110563448,false,"משקה קפה קר בסגנון מעודן 230 מ""ל 1.6% יוטבתה",האי נאם סי או אל.טי.,AT,יטבתה משקה קפה קר בס,ליטרים,230.00,100 ליטר,false,,7.90,0.0343,true,1,12710
7290110563462,false,חלב 2% דל לקטוז בבקבוק יטבתה 1 ליטר.,מחלבת יטבתה,IL,יטבתה חלב בבקבוק נטו,ליטרים,1.00,ליטר,false,,9.90,9.9000,true,1,12711
7290110563851,false,אנרגי חטיפי דגנים אגוזים ושוקולד חלב מא6,"שטראוס גרופ בע""\מ",IL,חטיף מאגדת אנרגי תחת,יח',144.00,יח',false,,16.90,0.1174,true,1,12161
7290110563868,false,אנרגי חטיפי דגנים אגוזים ושוקולד מריר מ6,"שטראוס גרופ בע""\מ",IL,חטיף מאגדת אנרגי תחת,גרמים,144.00,100 גרם,false,,16.90,0.1174,true,1,12162
7290110564339,false,חומוס אחלה הסידרה המובחר 30% טחינה 400 גר',מיוצר עי קונדיטוריית,IL,חומוס הסדרה המובחרת,גרמים,400.00,100 גרם,false,,17.90,0.0447,true,1,12715
7290110564360,false,חומוס אחלה הסידרה המובחר 40% טחינה 400 גר',מיוצר עי קונדיטוריית,IL,חומוס הסדרה המובחרת,גרמים,400.00,100 גרם,false,,17.90,0.0447,true,1,12716
7290110564742,false,"משקה קפה קר בסגנון חזק 230 מ""ל 1.2% יוטבתה",האי נאם סי או אל.טי.,AT,יטבתה משקה קפה קר בס,מיליליטרים,230.00,"100 מ""ל",false,,7.90,0.0343,true,1,12719
7290110565527,false,יוגורט PRO פרו 1.5% 20 גרם חלבון בגביע,"שטראוס בריאות בע""מ",IL,דנונה PRO 20 גרם חלב,גרמים,200.00,100 גרם,false,,6.90,0.0345,true,1,12723
7290110566623,false,קפסולות קולומביה עלית 08 למכונת נספרסו מארז 5X10ג',שטראוס קפה בי.וי.,IL,עלית קפסולות קולומבי,גרמים,50.00,100 גרם,false,,21.90,0.4380,true,1,12175
7290110566975,false,דנונה פרו יוגורט 0% תות עשיר בחלבון 200ג',"שטראוס בריאות בע""\מ",IL,דנונה PRO 20 גרם חלב,גרמים,200.00,100 גרם,false,,6.90,0.0345,true,1,12728
7290110568276,false,משקה וניל פרו Pro מועשר בחלבון 1.5%,מחלבת יטבתה,DE,יטבתה משקה פרו וניל,ליטרים,350.00,100 ליטר,false,,7.90,0.0226,true,1,12736
7290111341373,false,נייר טואלט לילי פסטל 30 יחידות,לילי נייר טואלט חוגלה,IL,"נייר טואלט ""לילי"" פס",יחידה,0.00,יחידה,false,,35.90,0.0000,true,1,4834
7290111343117,false,"קלינקס לושן סופט פק זוגות 140 דף ""חדש""",קימברלי קלארק,IL,טישו לושן סופט קליני,יחידה,0.00,יחידה,false,,15.90,0.0000,true,1,4860
7290111564277,false,פריכיות דקות ונימוחות 3 דגנים פיטנס Fitness,פרח תעשיות בעמ,IL,פריכיות 3 דגנים דקות,יח',120.00,יח',false,,13.90,0.1158,true,1,9922
7290111564291,false,פריכיות דקות ונימוחות 3 דגנים וקינואה פיטנס Fitness,פרח תעשיות בעמ,IL,פריכיות קינואה דקות,גרמים,120.00,100 גרם,false,,13.90,0.1158,true,1,9923
7290111566660,false,קציצות עדשים כתומות טבעול 530 גרם,עיצובים 2020 (4.8),IL,קציצות עדשים כתומות,גרמים,530.00,100 גרם,false,,40.90,0.0772,true,1,10482
7290111935800,false,ליידי ספיד סטיק דרמה סטיק ויטמנין אי 45 גר',ליידי ספיד סטיק Lady Speed Stick,US,דאו' דרמה סטיק ויטמי,גרמים,45.00,100 גרם,false,,21.90,0.4867,true,1,11457
7290111936784,false,פרי מארז חטיפים 5 יחידות תמרים ואגוזי לוז כשלפ,"טבעית מוצרים מהטבע בע""\מ",IL,פרי מארז חטיפים תמרי,גרמים,125.00,100 גרם,false,,20.90,0.1672,true,1,11476
7290112330352,false,"יוגורט PRO בטעם וניל 0% , 20 גרם חלבון בגביע","שטראוס בריאות בע""\מ",IL,דנונה פרו 20 גר וניל,יח',200.00,יח',false,,6.90,0.0345,true,1,12737
7290112330390,false,דנונה פרו פירות יער 20 גרם חלבון 0% שומן 200 גרם,"שטראוס בריאות בע""\מ",IL,דנונה פרו 20 גר פירו,גרמים,200.00,100 גרם,false,,6.90,0.0345,true,1,12738
7290112330987,false,"שייק חלבון מי גבינה+אפרסק ומנגו 350 מ""ל",מחלבת יטבתה,IL,יטבתה שייק חלבון מי,מיליליטרים,350.00,"100 מ""ל",false,,7.90,0.0226,true,1,12741
7290112331274,false,קפטן קראנץ קוואר דגני בוקר בטעם דבש 400 גרם,"קיים תעשיות מזון בע""\מ",IN,שיבולת שועל בטעם דבש,גרמים,400.00,100 גרם,false,,26.90,0.0672,true,1,12931
7290112335487,false,הפריכיות הטעימות קצח ודגנים אנרג'י 135 גרם,אנרג'י Energy - שטראוס,IL,פריכיות הטעימות קצח,גרמים,135.00,100 גרם,false,,15.90,0.1178,true,1,12210
7290112335494,false,הפריכיות הטעימות תפוחי אדמה בטעם פוטטוס,"פרח תעשיות מזון בע""\מ",IL,פריכיות הטעימות פוטט,גרמים,135.00,100 גרם,false,,15.90,0.1178,true,1,12211
7290112335500,false,"פרכיות אנרג'י חומוס,אורז,עדשים שחורות וקינואה 135 גרם","פרח תעשיות מזון בע""\מ",IL,פריכיות הטעימות עשיר,גרמים,135.00,100 גרם,false,,15.90,0.1178,true,1,12212
7290112340122,false,הפריכיות הטעימות 3 דגנים אנרג'י 135 גרם,"פרח תעשיות מזון בע""\מ",IL,פריכיות הטעימות 3 דג,גרמים,135.00,100 גרם,false,,15.90,0.1178,true,1,12236
7290112341006,false,מילקי קצפת כפיות 86*2 גר,"שטראוס גרופ בע""\מ",IL,מארז מילקי קצפת+כפיו,גרמים,172.00,100 גרם,false,,8.90,0.0517,true,1,44117
7290112341105,false,באגט קראנצ' בטעם שום300ג,פלזנסקי,GR,באגט קראנץ' בטעם שום,גרמים,300.00,100 גרם,false,,14.80,0.0493,true,1,12938
7290112347770,false,שוקולית מארז חגיגי 4,,,מארז שוקולית 500+400,גרמים,500.00,100 גרם,false,,20.90,0.0418,true,1,12288
7290112349668,false,ספלנדיד מריר מעולה 90% 100 גרם,"שטראוס גרופ בע""\מ",IL,שוקולד מריר ספלנדיד,גרמים,100.00,100 גרם,false,,14.90,0.1490,true,1,12308
7290112353412,false,"פריכיות משולשות-תפוא,תירס,אפונה,סלק ומלח 30 גרם","פרח תעשיו מזון בע""מ",IL,"פריכיות משולשות תפו""",יח',30.00,יח',false,,6.90,0.2300,true,1,12354
7290112359018,false,חטיף תפוציפס אפוי טב,STRAUSS-ISRAEL,,תפוצ'יפס אפוי טבעי 4,יח',50.00,יח',false,,4.90,0.0980,true,1,12945
7290112490209,false,נמס בכוס מרק עגבניות עם קרוטונים רכיבים טבעיים,יוניליוור ישראל מזון בעמ,IL,נמס בכוס מרק עגבניות,גרמים,56.00,100 גרם,false,,8.90,0.1589,true,1,5684
7290112490216,false,מרק נמס בכוס בטעם עוף קנור 100% רכיבים טבעיים,יוניליוור ישראל מזון בעמ,IL,נמס בכוס בטעם עוף קר,יחידה,48.00,יחידה,false,,8.90,0.1854,true,1,5685
7290112492609,false,"תחליב רחצה פינוק 700 מ""ל לבנדר ווניל",יוניליוור ישראל טיפוח אי,IL,פינוק תחליב רחצה לבנ,מיליליטרים,700.00,"100 מ""ל",false,,12.90,0.0184,true,1,5727
7290112493927,false,גלידה בטעם ריבת חלב 1.33ל' קרמיסימו,"גלידת שטראוס בע""\מ, רחוב",IL,קרמיסימו ריבת חלב 1.,ליטרים,1.33,ליטר,false,,24.90,18.7218,true,1,2391
7290112493965,false,קרמיסימו חלבית בטעם מסטיק וניל 665 גר,"גלידת שטראוס בע""\מ, רחוב",IL,קרמיסימו מסטיגם 1.33,יחידה,1.33,יחידה,false,,24.90,18.7218,true,1,2393
7290112494221,false,קליק - ביסקויט תפזורת 65 גרם,יוניליוור ישראל מזון בע\,IL,קליק ביסקוויט 65 גרם,גרמים,65.00,100 גרם,false,,7.90,0.1215,true,1,5754
7290112494276,false,קליק כריות תפזורת 65 גר,יוניליוור ישראל מזון בע\,IL,קליק כריות 65 גרם,גרמים,65.00,100 גרם,false,,7.90,0.1215,true,1,5757
7290112494283,false,קליק - מעורב חום לבן תפזורת 65 גרם,יוניליוור ישראל מזון בע\,IL,קליק מעורב חום לבן 6,גרמים,65.00,100 גרם,false,,7.90,0.1215,true,1,5758
7290112494313,false,קליק - קורנפלקס תפזורת 65 גרם,יוניליוור ישראל מזון בע\,IL,קליק קורנפלקס 65 גרם,גרמים,65.00,100 גרם,false,,7.90,0.1215,true,1,5760
7290112494344,false,קורנפלקס כספי אלופים תלמה850 גר',"יוניליוור שפע ישראל בע""\",IL,קורנפלקס של אלופים ת,גרמים,850.00,100 גרם,false,,19.90,0.0234,true,1,5761
7290112495006,false,כריות נוגט 686 גרם - קופסא,"יוניליוור ישראל מזון בע""",IL,"כריות נוגט תלמה בד""ץ",גרמים,686.00,100 גרם,false,,29.90,0.0436,true,1,5779
7290112495150,false,נשנושי קרקר עיגולים מלוחים 300 גר',בייגל את בייגל מזון 198),IL,נשנושים עגול מלוח 30,גרמים,300.00,100 גרם,false,,14.50,0.0483,true,1,5788
7290112495167,false,נשנושי קרקר משולשי שומשום בייגל בייגל 300 גרם,בייגל את בייגל מזון 198),IL,נשנושים משולש שומשום,גרמים,300.00,100 גרם,false,,14.50,0.0483,true,1,5789
7290112499691,false,מאגדת מיני מגנום לבן+שקד,"גלידת שטראוס בע""\מ רח'\",IL,מגנום מאגדת מיני שקד,גרמים,250.00,100 גרם,false,,34.90,0.1396,true,1,2407
7290112499844,false,מאגדת מיני מגנום דואט שוקולד עם נוגט שטראוס 310 גרם,"מיוצר ע""\י גלידת שטראוס",IL,מגנום מיני דואט מאגד,גרמים,310.00,100 גרם,false,,34.90,0.1126,true,1,2419
7290112961327,false,בייגלה כפיות פיזור כפרי אסם 300 גרם,"אסם תעשיות בע""מ",IL,אסם בייגלה כפיות פיז,גרמים,300.00,100 גרם,false,,13.90,0.0463,true,1,9965
7290112963895,false,חטיפי קרקר דק כפרי 150 ג' פיטנס,נסטלה,IL,פיטנס חטיפי קרקר דק,גרמים,150.00,100 גרם,false,,15.90,0.1060,true,1,9983
7290112963918,false,פיטנס חטיפי קרקר דק רוזמרין 140 גרם,נסטלה Nestle,IL,פיטנס חטיפי קרקר דק,גרמים,140.00,100 גרם,false,,15.90,0.1136,true,1,9984
7290112964564,false,"רוטב אלף האיים לייט לסלט אסם 295 מ""ל","אסם תעשיות בע""מ",IL,אסם רוטב אלף האיים ל,מיליליטרים,295.00,"100 מ""ל",false,,12.90,0.0437,true,1,10002
7290112965448,false,ויטמינצ.פטל פחות סוכר500,עסיס תעשיות מזון,IL,סירופ פטל 50% פחות ס,מיליליטרים,500.00,"100 מ""ל",false,,18.90,0.0378,true,1,10020
7290112965707,false,פיטנס - חטיף מולטיגריין צילי מעודן 25 גרם,"אסם השקעות בע""\מ",IL,פיטנס חטיף מולטיגריי,יח',25.00,יח',false,,6.90,0.2760,true,1,10028
7290112968821,false,פיטנס - קרקר דק בטטה 140 גרם,מפעל אסם יקנעם,IL,פיטנס קרקר דק בטטה 4,גרמים,234.00,100 גרם,false,,15.90,0.0679,true,1,10073
7290112969903,false,טבעול נאגטס ירקות לבנים 6*500גרם,טבעול תעשיות מזון בע,IL,טבעול נאגטס ירקות לב,גרמים,500.00,100 גרם,false,,40.90,0.0818,true,1,10535
7290113192355,false,חרוזית זיתים ירוקים ללא גלעין 275 ג' בית השיטה,בית-השיטה עסיס תעשיות מז,IL,זיתים חרוזית ירוק בי,גרמים,275.00,100 גרם,false,,11.90,0.0433,true,1,10098
7290113192362,false,זיתים ירוקים טבעות A2 בית השיטה 280 גרם,בית-השיטה עסיס תעשיות מז,IL,טבעות זיתים ירוקים ב,גרמים,280.00,100 גרם,false,,12.90,0.0461,true,1,10099
7290113192393,false,בית השיטה קוקטייל זיתים א2 336 גרם,בית-השיטה עסיס תעשיות מז,IL,קוקטייל זיתים בית הש,גרמים,336.00,100 גרם,false,,13.90,0.0414,true,1,10102
7290113192478,false,בית השיטה מלפפונים במלח בינוני 10-12 320 גרם,בית-השיטה עסיס תעשיות מז,IL,מלפפון במלח 10-12 בי,גרמים,320.00,100 גרם,false,,8.90,0.0278,true,1,10109
7290113192508,false,בית השיטה מלפפונים במלח קטן 1317 320 גרם,בית-השיטה עסיס תעשיות מז,IL,מלפפון במלח 13-17 בי,גרמים,320.00,100 גרם,false,,12.90,0.0403,true,1,10112
7290114602822,false,חטיף תמרים בטעם מלבי,FREE,IL,פרי חטיף תמרים בטעם,גרמים,125.00,100 גרם,false,,20.90,0.1672,true,1,11519
7290114655354,true,מארז 10 מסכות כירוגי,,,מארז 10 מסכות כירוגי,יחידה,0.00,יחידה,false,,7.90,0.0000,true,1,18609
7290114659949,true,מארז 50 מסכות כירוג,,,מארז 50 מסכות כירוג,יחידה,0.00,יחידה,false,,11.90,0.0000,true,1,18613
7290115073676,true,מארז מסכות 3 שכבות צ,,,מארז מסכות 3 שכבות צ,יחידה,0.00,יחידה,false,,15.90,0.0000,true,1,18626
7290115077131,true,מסכות צבעוניות 40 יח,,,מסכות צבעוניות 40 יח,יחידה,0.00,יחידה,false,,12.90,0.0000,true,1,18641
7290115190014,false,סיגריות מרלבורו רד קצר בוקס,פיליפ מוריס,IL,סיגריות מרלבורו חפי,יחידה,0.00,יחידה,false,,35.90,0.0000,false,1,15777
7290115190090,false,סיגריות מרלבורו קצר בוקס בודד,פיליפ מוריס,US,סיגריות מרלבורו חפי,יחידה,0.00,יחידה,false,,35.90,0.0000,false,1,15785
7290115190212,false,סיגריות פרלמנט בלו 100 BR בודד,פיליפ מוריס,PL,סיגריות פרלמנט (חפיס,יחידה,0.00,יחידה,false,,46.90,0.0000,false,1,15797
7290115190250,false,סיגריות פרלמנט קצר בודד,פיליפ מוריס,US,סיגריות פרלמנט (חפיס,יחידה,0.00,יחידה,false,,46.90,0.0000,false,1,15801
7290115190335,false,ל.מ.בלו לייבל ארוך בוקס חפיסה,פיליפ מוריס,TR,אל אם בלו ארוך,יחידה,0.00,יחידה,false,,33.90,0.0000,false,1,15805
7290115190519,false,סיגריות נקסט פיין חפ,פיליפ מוריס,PL,סיגריות נקסט (בודד),יחידה,0.00,יחידה,false,,35.90,0.0000,false,1,15823
7290115201680,false,ביסלי בטעם ברביקיו אסם 70 גרם,"אסם השקעות בע""\מ",IL,ביסלי ברביקיו 70 גרם,גרמים,67.00,100 גרם,false,,5.90,0.0881,true,1,10138
7290115676037,false,דנונה ריפרש יוגורט עם תות ודומדמניות 1.6% שומן,מיוצר עי קונדיטוריית,IL,דנונה ריפרש יוגורט ע,גרמים,250.00,100 גרם,false,,5.90,0.0236,true,1,33152
7290115676044,false,יוגורט+אפרסק+מנגו250גרם,מיוצר עי קונדיטוריית,IL,דנונה ריפרש יוגורט ע,גרמים,250.00,100 גרם,false,,5.90,0.0236,true,1,33153
7290115676082,false,משקה דנונה פרו 20 יוגורט תות 255 ג' רבנות,"שטראוס בריאות בע""\מ.",IL,משקה יוגורט עם חלבון,גרמים,255.00,100 גרם,false,,7.20,0.0282,true,1,33192
7290115676099,false,משקה דנונה פרו 20 יוגורט וניל 255 ג' רבנות,"שטראוס בריאות בע""\מ.",IL,משקה יוגורט עם חלבון,גרמים,265.00,100 גרם,false,,7.20,0.0272,true,1,33154
7296014048203,false,מארז טישו חמישיה,,,מארז טישו חמישיה,יחידה,0.00,יחידה,false,,9.90,0.0000,true,1,15358
7394376616778,false,אוטלי משקה שיבולת שועל להקצפה בריסטה 1 ליטר,טרנסומס פוד,SE,משקה שיבולת שועל להק,ליטרים,1.00,ליטר,false,,20.90,20.9000,true,1,11557
7610400068529,false,לינדט לינדור בונבוניירה כדורי שוקולד מטעמים 200 גרם,לינדט ושפרונגלי קילשברג,CH,לינדור בונבוניירה אס,גרמים,200.00,100 גרם,false,,37.90,0.1895,true,1,7371
7610400075770,false,לינדט לה גרנד שוקולד מריר אגוז 150 גרם,לינדט ושפרונגלי קילשברג,CH,לינדט לה גרנד מריר ע,גרמים,150.00,100 גרם,false,,28.90,0.1927,true,1,7373
7610400075787,false,לינדט לה גרנד שוקולד חלב אגוז 150 גרם,לינדט ושפרונגלי קילשברג,CH,לינדט לה גרנד חלב עם,גרמים,150.00,100 גרם,false,,28.90,0.1927,true,1,7374
7610400085946,false,לינדט לגרנד דארק אלמונד סולט 150 גרם,לינדט ושפרונגלי קילשברג,CH,לינדט לה גרנד ד.אלמו,גרמים,150.00,100 גרם,false,,28.90,0.1927,true,1,7375
7613036105545,false,מזון כלבים דוגלי יבש,נסטלה פורינה באק הונ,HU,דוגלי בטעם בקר גזע ק,קילוגרמים,3.00,"ק""ג",false,,61.90,20.6333,true,1,10193
7613036387798,false,פיטנס דגנים מלאים ואורז פתיתים ויוגורט 350ג',נסטלה צרפת איטנקורט,FR,דגני פיטנס יוגורט נס,גרמים,375.00,100 גרם,false,,26.90,0.0717,true,1,10207
7613037276091,false,נסטלה מיקס מיני אריזות דגני בוקר 200 גרם,נסטלה Nestle,FR,מיקס מיני אריזות דגנ,גרמים,200.00,100 גרם,false,,22.90,0.1145,true,1,10238
7613037686906,false,פיטנס שקדים ודבש 355 גרם מופחת סוכר,נסטלה צרפת איטנקורט,FR,פיטנס שקדים ודבש נסט,גרמים,355.00,100 גרם,false,,26.90,0.0758,true,1,10239
7622010001858,false,עוגיות אוראו ממולאות קרם וניל 176 גרם.,פי אר ג'\יי אס אי מנדלז,UA,עוגיות אוראו סנדביץ,גרמים,176.00,100 גרם,false,,11.90,0.0676,true,1,2690
7622210829085,false,עוגיות אוראו וניל דקים 96 גרם,פי אר ג'יי אס אי מנד,UA,אוראו דקים וניל 96 ג,גרמים,96.00,100 גרם,false,,11.90,0.1240,true,1,2704
7622300270506,false,מילקה גריינס - עוגיות שיבולת שועל מצופות שוקולד 168 ג',מונדלז פולסקה פרודקש,PL,מילקה גריינס עוגיות,גרמים,168.00,100 גרם,false,,16.90,0.1006,true,1,2712
7622300356767,false,עוגיות עם גרנולה וחתיכות שוקולד חלב 168ג,מונדלז פולסקה פרודקש,PL,מילקה עוגיות גרנולה,גרמים,168.00,100 גרם,false,,16.90,0.1006,true,1,2714
7622300617820,false,מילקה שוקולד חלב במילוי קרם חלב ווניל ושבבי עוגיות אוראו 100 גרם,מנדלז דויצ'\לנד סנקס פרו,DE,מילקה שוקולד אוראו 1,גרמים,100.00,100 גרם,false,,8.90,0.0890,true,1,2721
7630477891592,false,סטארבקס קפסולות קפה האוס בלנד 10 יחידות,נסטלה שוויץ - קפה,CH,קפסולות האוס בלנד סט,גרמים,57.00,100 גרם,false,,26.90,0.4719,true,1,10258
7630477891639,false,סטארבקס קפסולות קפה ורונה 10 יחידות,נסטלה שוויץ - קפה,CH,סטארבקס קפסולות ורונ,גרמים,57.00,100 גרם,false,,26.90,0.4719,true,1,10260
7630477891653,false,סטארבקס קפסולות קפה אספרסו נטול 10 יחידו,נסטלה שוויץ - קפה,CH,סטארבקס קפסולות אספר,גרמים,57.00,100 גרם,false,,26.90,0.4719,true,1,10261
7630477891677,false,סטארבקס קפסולות קפה פייק פלייס 10 יחידות,נסטלה שוויץ - קפה,CH,קפס' פייק פלייס סטאר,גרמים,53.00,100 גרם,false,,26.90,0.5075,true,1,10262
7630477891714,false,סטארבקס קפסולות קפה אספרסו 10 יחידות,נסטלה שוויץ - קפה,CH,קפסולות אספרסו סטארב,גרמים,57.00,100 גרם,false,,26.90,0.4719,true,1,10264
7630477891738,false,סטארבקס קפסולות קפה אספרסו בלונד 10 יחיד,נסטלה שוויץ - קפה,CH,סטארבקס קפסולות אספר,גרמים,53.00,100 גרם,false,,26.90,0.5075,true,1,10265
7702024074625,false,פיטנס - חטיפי קרקר חיטה מלאה 234 גרם,קומסטיבלס לה רוזה אס.איי,CO,פיטנס חטיפי קרקר חיט,יח',234.00,יח',false,,15.90,0.0679,true,1,10267
7792860006218,false,סוכריות לקקנים בייבי דול Baby Doll לריטר,גוד פוד פרודקטס S.p,AR,בייבי דול לקקן 20גר,גרמים,24.00,100 גרם,false,,2.90,0.1208,true,1,7378
7891024030974,false,"קולגייט משחת שיניים טריפל אקשן 75 מ""ל",הנסיך- מפעל לייצור ט,BR,משחת טריפל אקשן קולג,מיליליטרים,75.00,"100 מ""ל",false,,6.90,0.0920,true,1,11562
8000215204240,false,ויטאריז משקה שקדים ואורז אורגני 1 ליטר,בטר אנד דיפרנט,IT,משקה שקדים ואורז אור,ליטרים,1.00,ליטר,false,,15.90,15.9000,true,1,31031
8000380004676,false,קוביות וופל סנדוויץ Sandwich עם וניל וחלב,"א. לואקר, קונפקט ג'י",AT,לואקר וופל קרם וניל,גרמים,200.00,100 גרם,false,,15.90,0.0795,true,1,6722
8000380004911,false,קוביות וופל קואדרטיני Quadratini קרם אגוזים,קריניציה ויטמינה אס,AT,וופל קואדרטיני אגוז,גרמים,250.00,100 גרם,false,,17.90,0.0716,true,1,6723
8000380004966,false,וופל קוארדטיני לואקר קוביות שוקולד 250ג',קריניציה ויטמינה אס,AT,וופל קואדרטיני קקאו,גרמים,250.00,100 גרם,false,,17.90,0.0716,true,1,6724
8000380007219,false,וופלים בטעם אגוזים לואקר 175 גרם,ליימן מותגים,AT,וופל לואקר אגוז 175,גרמים,175.00,100 גרם,false,,14.90,0.0851,true,1,6728
8000380007257,false,וופל גרדנה אגוזים לואקר 200 גרם,קריניציה ויטמינה אס,IT,.וופל מצופה שוקולד ג,גרמים,200.00,100 גרם,false,,16.90,0.0845,true,1,6729
8000380106028,false,טורטינה לואקר וופל שוקולד ואגוזים שישיה 125ג',קריניציה ויטמינה אס,IT,1/6 טורטינה אורגינל,גרמים,125.00,100 גרם,false,,21.90,0.1752,true,1,6732
8000380180745,false,וופל קוביות קקאו במילוי קרם חלב לואקר 250 גרם,"א. לואקר, קונפקט ג'י",AT,וופל קואדרטיני לואקר,גרמים,250.00,100 גרם,false,,17.90,0.0716,true,1,6739
8000380187119,false,עוגיות במילוי קרם אגוזי לוז לואקר 100 גר,לואקר Loacker,AT,עוגיות לואקר אגוזי ל,גרמים,100.00,100 גרם,false,,15.90,0.1590,true,1,21299
8000500026731,false,שוקולד ביצי הפתעה קינדר שלישייה,פררו אס.פי.אי,IT,קינדר ביצי שוקולד 3*,גרמים,60.00,100 גרם,false,,16.90,0.2817,true,1,23151
8000500029350,false,מארז וופל מצופה 3יח' *43 גרם קינדר בואנו,פררו - אלבה,PL,קינדר בואנו 3*43 גרם,יח',129.00,יח',false,,11.90,0.0922,true,1,23152
8000500037874,false,בונבונרייה פררו רושר 200 גרם,פררו - אלבה,IT,בונבוניירת רושר 200ג,גרמים,200.00,100 גרם,false,,32.90,0.1645,true,1,23156
8000500071083,false,אצבעות שוקולד קינדר Kinder שש עשרה יחידות,פררו - אלבה,IT,קינדר אצבעות שוקולד,גרמים,200.00,100 גרם,false,,16.90,0.0845,true,1,23158
8000500075708,false,ביצי שוקולד הפתעה קינדר ג'וי כחול בנים שלישיה,פררו - אלבה,ZA,קינדר גוי 1/3 כחול 3,גרמים,60.00,100 גרם,false,,18.90,0.3150,true,1,23159
8000500121436,false,מארז קינדר בואנו Kinder Bueno לבן שלוש יחידות,פררו - אלבה,PL,קינדר בואנו לבן 3*43,יח',117.00,יח',false,,11.90,0.1017,true,1,23162
8000500126325,false,ביצי שוקולד הפתעה קינדר ג'וי ורוד בנות שלישיה,פררו - אלבה,ZA,קינדר גוי 1/3 ורוד 3,גרמים,60.00,100 גרם,false,,18.90,0.3150,true,1,23163
8000500127728,false,ק'נדר מילק עוגת ספוג מצופה שוקולד 112 גרם,פררו טורקיה צ'\יקולטה וו,TR,קינדר מילק סלייס עוג,יח',30.00,יח',false,,13.90,0.4633,true,1,34935
8000500256213,false,קינדר שוקולד מיני בשקית.,פררו - אלבה,IT,פרר-קינדר שוקולד מינ,גרמים,120.00,100 גרם,false,,12.90,0.1075,true,1,23176
8001090222725,false,"הרבל אסנסס - שמפו שמן מורינגה 400 מ""ל",הרבל אסנס Herbal Essences,FR,שמפו שמן מורינגה הרב,מיליליטרים,400.00,"100 מ""ל",false,,27.90,0.0697,true,1,14671
8001090802385,false,קפסולות גל לכביסה טייד בניחוח לנור 26 יח,פרוקטר אנד גמבל,FR,טייד קפסולות ג'ל בני,יחידה,0.00,יחידה,false,,37.90,0.0000,true,1,14712
8004030381681,false,ריו מרה נתחי טונה בהירה בשמן זית זוג 160 גר,BOLTON GROUP- RIO,IT,טונה בשמן זית ריו מר,גרמים,320.00,100 גרם,false,,36.90,0.1153,true,1,11581
8005803010661,false,"מקלות אפויים עם שמן זית, מלח, ושומשום, 125 גרם, אמור די פאן","הוסטה איטליה, ס.ר.ל.",IT,גריסיני עם שןמשום 12,גרמים,125.00,100 גרם,false,,7.90,0.0632,true,1,6745
8024985005234,false,סמוזי נטורה נובה סמוצי תפוח מנגו 100 גרם,נטורה נובה,IT,נטורה נובה - סמוזי ת,יח',100.00,יח',false,,5.90,0.0590,true,1,31060
8024985008037,false,סמוזי נטורה נובה סמוצי תפוח 100 גרם,"נטורפוד בע""מ",IT,נטורה נובה - סמוזי ת,יח',100.00,יח',false,,5.90,0.0590,true,1,31061
8024985008051,false,נטורה סמודי פירות אדומים אורגניים 100מל,נטורה נובה Natura Nuova,IT,נטורה נובה - סמוזי פ,גרמים,100.00,100 גרם,false,,5.90,0.0590,true,1,31063
8410076610379,false,"חטיף בוטנים, חלבון סויה ושוקולד מריר עם ציפוי בטעם שוקולד",סריילטו ספיין פודס,ES,פרוטאין בוטנים ושבבי,גרמים,160.00,100 גרם,false,,30.90,0.1931,true,1,6749
8410076620507,false,חטיף שיבולת שועל מלאה עם שעורה מלאה במילוי קרם אגוזי לוז וקקאו,"סרלטו סינטרה מזון בע""\מ",ES,חטיף ממולא נאט קרים,גרמים,152.00,100 גרם,false,,25.90,0.1704,true,1,6755
8410104039134,false,"מנקה ומחדש מדיח כלים פיניש 250 מ""ל",הדקלאים אגודת שיתופי,PL,פיניש מנקה ומחדש מדי,מיליליטרים,250.00,"100 מ""ל",false,,20.90,0.0836,true,1,11110
8423207206495,false,סלים דליס חטיף דגנים מצופה שוקולד מריר מרבה 6*20 גרם,אף.סי תבליני בגליל ב,ES,סלים דליס חטיף דגנים,גרמים,120.00,100 גרם,false,,14.90,0.1242,true,1,11619
8423207207362,false,חטיפי סלים דליס שוקולד לבן מרבה 6 יחידות,ביסנצ'ורי אס.אל.יו,ES,סלים דליס חטיף דגנים,גרמים,120.00,100 גרם,false,,14.90,0.1242,true,1,11621
8423207208260,false,מרבה סלים דליס 125 ג' ללא גלוטן שוקולד חלב,ביסנצ'ורי אס.אל.יו,ES,סלים דליס ללא גלוטן,גרמים,78.00,100 גרם,false,,14.90,0.1910,true,1,11622
8423207210928,false,חטיף דגנים מצופה שוקולד חלב ואגוזי לוז - 5 במארז,נוטרישן אנד סנטה קוב,ES,סלים דליס טופינג בטע,גרמים,90.00,100 גרם,false,,14.90,0.1656,true,1,11627
8423207210942,false,חטיף דגנים מצופה שוקולד לבן ופירות יער,נוטרישן אנד סנטה קוב,ES,סלים דליס טופינג פיר,גרמים,90.00,100 גרם,false,,14.90,0.1656,true,1,11628
8423207210966,false,חטיף רב דגנים מצופה שוקולד לבן קוקוס ולימון,נוטרישן אנד סנטה קוב,ES,סלים דליס טופינג קוק,גרמים,90.00,100 גרם,false,,14.90,0.1656,true,1,11629
8690637890666,false,מאגדת מגנום מיני דאבל פיסטוק 6 יח' שטראוס,יוניליוור סנאיי וי ט,TR,מיני מגנום דאבל פיסט,גרמים,282.00,100 גרם,false,,32.90,0.1167,true,1,2435
8690777206051,false,חציל קלוי על האש סרה ויליפוד 650 גרם,קוראהן פזלרמה וי דיס,TR,חציל קלוי על האש סרה,גרמים,650.00,100 גרם,false,,16.90,0.0260,true,1,1962
8691058141238,false,ערמונים שלמים קלויים וקלופים 100 ג' Avel,,,AVEL ערמונים שלמים ק,גרמים,100.00,100 גרם,false,,5.90,0.0590,true,1,27542
8697425880281,false,מגב חלון 30 ס'מ,,,מגב חלון 30 ס'מ,יחידה,0.00,יחידה,false,,7.90,0.0000,true,1,3325
8711327475762,false,"מגנום פיינט שוקולד לבן עוגיות 440 מ""ל","מפעל גלידות בווספרם, רחו",HU,גלידת שמנת שוקולד לב,מיליליטרים,304.00,"100 מ""ל",false,,23.90,0.0786,true,1,32051
8714599513781,false,"קפה נמס מיובש בהקפאה זהב צנצנת ג'ייקובס 200 גרם לל""ס",אל.אל. סי ג''יקובס דאו א,RU,קפה ג'יקובס גולד 200,גרמים,200.00,100 גרם,false,,29.90,0.1495,true,1,2742
8714599513866,false,"קפה נמס מיובש בהקפאה קרונג צנצנת ג'ייקובס 200 גרם לל""ס",אל.אל.סי גייקובס דאו,RU,קפה ג'יקובס קרונונג,גרמים,200.00,100 גרם,false,,34.90,0.1745,true,1,2744
8714789177229,false,רבעיית מברשות שיניים קולגייט אקסטרה קלין 1 יחידה,הנסיך- מפעל לייצור ט,CN,מב.שיניים אקסטרא קלי,יחידה,0.00,יחידה,false,,13.90,0.0000,true,1,11645
8715700419732,false,מתבל עגבניות היינץ 700 גרם,ה.י. היינץ,NL,היינץ קטשופ 700 גרם.,גרמים,700.00,100 גרם,false,,14.90,0.0213,true,1,2832
8715700423906,false,היינץ מתבל עגבניות מופחת סוכר ומלח 50/50 550 גרם,היינץ צפון אמריקה מק,NL,מתבל עגבניות היינץ 2,גרמים,555.00,100 גרם,false,,13.90,0.0250,true,1,2837
8850632604259,false,"יוגטה, חיספוסים, ממתק חמוץ בצורת מקלות בטעם תות שדה,50 גרם",ג'נרל קנדי בעמ,TH,יוגטה חיספוסים מקלות,גרמים,50.00,100 גרם,false,,5.90,0.1180,true,1,23556
8850632604402,false,יוגטה חיספוסים בטעם מעורב תות שדה אבטיח ענבים בננה 50 גרם,"ג'נרל קנדי בע""מ",TH,יוגטה ממתק תות ענבים,גרמים,50.00,100 גרם,false,,5.90,0.1180,true,1,23559
8901537024014,false,"אורז בסמטי מובחר 1 ק""ג - דוואט) יורה דיעה",הנסיך- מפעל לייצור ט,IN,וילי פוד אורז בסמטי,גרמים,1000.00,100 גרם,false,,15.90,0.0159,true,1,1967
