code,internal_code,name,manufacturer_name,manufacture_country,manufacturer_item_description,unit_qty,quantity,unit_of_measure,weighted,qty_in_package,price,unit_of_measure_price,allow_discount,status,item_id
96,true,משלוח אינטרנטי.,,,משלוח אינטרנטי.,אין,0.00,יחידה,false,,29.00,0.0000,true,1,19168
173,true,דלעת ערמונים,,,דלעת ערמונים,קילוגרמים,1.00,"ק""ג",true,,12.90,12.9000,true,1,29970
374,true,פטריות שמפניון,,,פטריות שמפניון,יח',1.00,יח',false,,9.90,9.9000,true,1,29971
1060,true,פלפל טינקרבל אורגני,,,פלפל טינקרבל אורגני,גרמים,200.00,100 גרם,false,,11.90,0.0595,true,1,27867
1079,true,מיני סופגניה בודדת,,,מיני סופגניה בודדת,אין,0.00,יחידה,false,,3.60,0.0000,true,1,28775
1091,true,צנונית בייבי,,,צנונית בייבי,גרמים,400.00,100 גרם,false,,6.90,0.0173,true,1,19835
1095,true,בייבי בטטה,,,בייבי בטטה,יח',1.00,יח',false,,7.90,7.9000,true,1,28574
1475,true,עגבניות מגי (שקיל),,,עגבניות מגי (שקיל),קילוגרמים,1.00,"ק""ג",true,,13.90,13.9000,true,1,42377
1486,true,פומלה אדומה,,,פומלה אדומה,קילוגרמים,1.00,"ק""ג",true,,7.90,7.9000,true,1,29981
1488,true,אשכולית אדומה,,,אשכולית אדומה,קילוגרמים,1.00,"ק""ג",true,,6.90,6.9000,true,1,29982
1494,true,תפו`א לבן תפזורת,,,תפו`א לבן תפזורת,קילוגרמים,1.00,"ק""ג",true,,4.90,4.9000,true,1,29987
1495,true,תפו`א אדום תפזורת,,,תפו`א אדום תפזורת,קילוגרמים,1.00,"ק""ג",true,,4.90,4.9000,true,1,28576
1500,true,פלפל כתום,,,פלפל כתום,קילוגרמים,1.00,"ק""ג",true,,9.90,9.9000,true,1,29990
1501,true,עגבניות,,,עגבניות,קילוגרמים,1.00,"ק""ג",true,,7.90,7.9000,true,1,29991
1502,true,מלפפונים,,,מלפפונים,קילוגרמים,1.00,"ק""ג",true,,7.90,7.9000,true,1,29992
1503,true,גזר ארוז,,,גזר ארוז,קילוגרמים,1.00,"ק""ג",true,,4.90,4.9000,true,1,29993
1504,true,סלק,,,סלק,קילוגרמים,1.00,"ק""ג",true,,4.90,4.9000,true,1,29994
1505,true,כרוב לבן,,,כרוב לבן,קילוגרמים,1.00,"ק""ג",true,,4.90,4.9000,true,1,29995
1507,true,כרובית,,,כרובית,קילוגרמים,1.00,"ק""ג",true,,9.90,9.9000,true,1,29997
1510,true,קישואים,,,קישואים,קילוגרמים,1.00,"ק""ג",true,,9.90,9.9000,true,1,29999
1511,true,חצילים,,,חצילים,קילוגרמים,1.00,"ק""ג",true,,8.90,8.9000,true,1,30000
1513,true,פלפל ירוק,,,פלפל ירוק,קילוגרמים,1.00,"ק""ג",true,,9.90,9.9000,true,1,30001
1514,true,פלפל בהיר,,,פלפל בהיר,קילוגרמים,1.00,"ק""ג",true,,9.90,9.9000,true,1,30002
1515,true,פלפל חריף,,,פלפל חריף,קילוגרמים,1.00,"ק""ג",true,,9.90,9.9000,true,1,30003
1516,true,פלפל אדום,,,פלפל אדום,קילוגרמים,1.00,"ק""ג",true,,9.90,9.9000,true,1,30004
1517,true,פלפל רומרו,,,פלפל רומרו,קילוגרמים,1.00,"ק""ג",true,,14.90,14.9000,true,1,30005
1519,true,בצל יבש,,,בצל יבש,קילוגרמים,1.00,"ק""ג",true,,4.90,4.9000,true,1,30007
1521,true,קולורבי,,,קולורבי,קילוגרמים,1.00,"ק""ג",true,,7.90,7.9000,true,1,30008
1522,true,חסה ערבית,,,חסה ערבית,יח',1.00,יח',false,,4.90,4.9000,true,1,30009
1527,true,פטרוזיליה גומי,,,פטרוזיליה גומי,יח',1.00,יח',false,,3.50,3.5000,true,1,19836
1528,true,כוסברה גומי,,,כוסברה גומי,יח',1.00,יח',false,,3.50,3.5000,true,1,19837
1535,true,תפו`א אדום ארוז,,,תפו`א אדום ארוז,קילוגרמים,1.00,"ק""ג",true,,4.90,4.9000,true,1,30016
1545,true,שום ארוז ייבוא יח',,,שום ארוז ייבוא יח',יח',1.00,יח',false,,5.90,5.9000,true,1,30023
1546,true,אבטיח אישי,,,אבטיח אישי,קילוגרמים,1.00,"ק""ג",true,,6.90,6.9000,true,1,30024
1547,true,שומר,,,שומר,קילוגרמים,1.00,"ק""ג",true,,7.90,7.9000,true,1,30025
1550,true,תפו`א לבן ארוז,,,תפו`א לבן ארוז,קילוגרמים,1.00,"ק""ג",true,,4.90,4.9000,true,1,30026
1551,true,לימון,,,לימון,קילוגרמים,1.00,"ק""ג",true,,7.90,7.9000,true,1,30027
1552,true,תפוז,,,תפוז,קילוגרמים,1.00,"ק""ג",true,,5.90,5.9000,true,1,30028
1553,true,ענב לבן,,,ענב לבן,קילוגרמים,1.00,"ק""ג",true,,29.90,29.9000,true,1,30029
1555,true,תפוז ארוז,,,תפוז ארוז,קילוגרמים,1.00,"ק""ג",true,,4.90,4.9000,true,1,30031
1556,true,בננה מובחרת,,,בננה מובחרת,קילוגרמים,1.00,"ק""ג",true,,7.90,7.9000,true,1,30032
1560,true,דלעת ארוזה,,,דלעת ארוזה,קילוגרמים,1.00,"ק""ג",true,,9.90,9.9000,true,1,30035
1561,true,תפוח עץ זהוב,,,תפוח עץ זהוב,קילוגרמים,1.00,"ק""ג",true,,10.90,10.9000,true,1,30036
1563,true,תפוח עץ חרמון,,,תפוח עץ חרמון,קילוגרמים,1.00,"ק""ג",true,,9.90,9.9000,true,1,30038
1564,true,תפוח עץ סמיט,,,תפוח עץ סמיט,קילוגרמים,1.00,"ק""ג",true,,9.90,9.9000,true,1,30039
1568,true,רימון,,,רימון,קילוגרמים,1.00,"ק""ג",true,,9.90,9.9000,true,1,30041
1570,true,קלמנטינה,,,קלמנטינה,קילוגרמים,1.00,"ק""ג",true,,6.90,6.9000,true,1,30042
1571,true,פלפל שושקה,,,פלפל שושקה,קילוגרמים,1.00,"ק""ג",true,,14.90,14.9000,true,1,28580
1572,true,אבוקדו מובחר,,,אבוקדו מובחר,קילוגרמים,1.00,"ק""ג",true,,11.90,11.9000,true,1,30043
1573,true,מנגו,,,מנגו,קילוגרמים,1.00,"ק""ג",true,,15.90,15.9000,true,1,30044
1574,true,בטטה מתוקה,,,בטטה מתוקה,קילוגרמים,1.00,"ק""ג",true,,9.90,9.9000,true,1,30045
1576,true,אגסים,,,אגס,קילוגרמים,1.00,"ק""ג",true,,12.90,12.9000,true,1,30046
1581,true,פלפל צהוב,,,פלפל צהוב,קילוגרמים,1.00,"ק""ג",true,,10.90,10.9000,true,1,30049
1588,true,תירס ארוז,,,תירס ארוז,קילוגרמים,1.00,"ק""ג",true,,9.90,9.9000,true,1,30053
1590,true,משורית סרט 1590 ממ,,,פומלה,קילוגרמים,1.00,"ק""ג",true,,7.90,7.9000,true,1,30054
1591,true,ענב אדום,,,ענב אדום,קילוגרמים,1.00,"ק""ג",true,,22.90,22.9000,true,1,30055
1595,true,חציל בלדי,,,חציל בלדי,קילוגרמים,1.00,"ק""ג",true,,9.90,9.9000,true,1,30058
1601,true,סלרי חתוך ליח,,,סלרי חתוך ליח,יח',1.00,יח',false,,6.90,6.9000,true,1,26730
1604,true,אפרסמון 7.0,,,אפרסמון,קילוגרמים,1.00,"ק""ג",true,,11.90,11.9000,true,1,30061
1607,true,תפו`א קטן אפיה ארוז,,,תפו`א קטן אפיה ארוז,קילוגרמים,1.00,"ק""ג",true,,4.90,4.9000,true,1,30064
1610,true,שרי אשכולות לקג,,,שרי אשכולות לקג,קילוגרמים,1.00,"ק""ג",true,,19.90,19.9000,true,1,30066
1613,true,דלורית,,,דלורית,קילוגרמים,1.00,"ק""ג",true,,6.90,6.9000,true,1,30067
1615,true,בצל אדום,,,בצל אדום,קילוגרמים,1.00,"ק""ג",true,,6.90,6.9000,true,1,30068
1618,true,אפרסמון קרמבו,,,אפרסמון קרמבו,קילוגרמים,1.00,"ק""ג",true,,16.90,16.9000,true,1,30070
1619,true,פומלית,,,פומלית,קילוגרמים,1.00,"ק""ג",true,,6.90,6.9000,true,1,30071
1620,true,קיווי,,,קיווי,קילוגרמים,1.00,"ק""ג",true,,16.90,16.9000,true,1,30072
1621,true,קרמבולה,,,קרמבולה,קילוגרמים,1.00,"ק""ג",true,,39.90,39.9000,true,1,30073
1632,true,קישוא זוקיני ירוק,,,קישוא זוקיני ירוק,קילוגרמים,1.00,"ק""ג",true,,12.90,12.9000,true,1,30074
1636,true,פיטאיה,,,פיטאיה,גרמים,700.00,100 גרם,false,,19.90,0.0284,true,1,28584
1645,true,תפוח עץ גלה,,,תפוח עץ גלה,קילוגרמים,1.00,"ק""ג",true,,9.90,9.9000,true,1,30078
1670,true,"בטטה קסביה (תפו""א יר",,,"בטטה קסביה (תפו""א יר",קילוגרמים,1.00,"ק""ג",true,,17.90,17.9000,true,1,30083
1683,true,תפוח עץ פינק קריפס,,,תפוח עץ פינק קריפס,קילוגרמים,1.00,"ק""ג",true,,14.90,14.9000,true,1,30087
1708,true,גזר תפזורת,,,גזר תפזורת,קילוגרמים,1.00,"ק""ג",true,,4.90,4.9000,true,1,30088
1847,true,גזר צבעוני,,,גזר צבעוני,יח',1.00,יח',false,,9.90,9.9000,true,1,23051
1854,true,שרי מיניאפלם,,,שרי מיניאפלם,יח',1.00,יח',false,,8.90,8.9000,true,1,26226
1876,true,עירית ליח,,,עירית ליח,יח',1.00,יח',false,,5.90,5.9000,true,1,23052
1880,true,רוקולה ליח,,,רוקולה ליח,גרמים,100.00,100 גרם,false,,7.90,0.0790,true,1,19844
1941,true,ענב שחור,,,ענב שחור,קילוגרמים,1.00,"ק""ג",true,,22.90,22.9000,true,1,30097
2000,true,"בורקס גבינה/תפו""א",,,"בורקס גבינה/תפו""א",קילוגרמים,1.00,"ק""ג",true,,44.00,44.0000,true,1,18783
2001,true,מב בורקס תורכי בטעמי,,,*מבצע* בורקס תורכי ב,קילוגרמים,1.00,"ק""ג",true,,37.00,37.0000,true,1,1535
2029,true,איסוף עצמי-הזמנות אי,,,איסוף עצמי-הזמנות אי,אין,0.00,יחידה,false,,15.00,0.0000,true,1,17027
3500,true,עוף טרי כולל פירוק,,,עוף טרי שלם,קילוגרמים,1.00,"ק""ג",true,,19.90,19.9000,true,1,14342
3501,true,כרעיים עוף טרי,,,כרעיים עוף טרי,קילוגרמים,1.00,"ק""ג",true,,29.90,29.9000,true,1,14343
3502,true,חזה עוף טרי,,,חזה עוף טרי,קילוגרמים,1.00,"ק""ג",true,,34.90,34.9000,true,1,14344
3506,true,גרון הודו זכר טרי,,,גרון הודו זכר טרי,קילוגרמים,1.00,"ק""ג",true,,29.90,29.9000,true,1,14346
3507,true,שניצל עוף פרוס טרי,,,שניצל עוף פרוס טרי,קילוגרמים,1.00,"ק""ג",true,,38.90,38.9000,true,1,14347
3512,true,שוארמה נקבה טרי,,,שוארמה נקבה טרי,קילוגרמים,1.00,"ק""ג",true,,69.90,69.9000,true,1,14350
3517,true,שוקיים פטם טרי,,,שוקיים פטם טרי,קילוגרמים,1.00,"ק""ג",true,,34.90,34.9000,true,1,14354
3522,true,שוארמה פרגיות טרי,,,שוארמה פרגיות טרי,קילוגרמים,1.00,"ק""ג",true,,59.90,59.9000,true,1,14356
3534,true,סטייק פרגית טרי,,,סטייק פרגית טרי,קילוגרמים,1.00,"ק""ג",true,,59.90,59.9000,true,1,14362
9999,true,פיקדון בקבוקים,,,פיקדון בקבוקים,אין,0.00,יחידה,false,,0.30,0.0000,true,1,191
5678585,true,ענב סקרלוטה,,,ענב סקרלוטה,קילוגרמים,1.00,"ק""ג",true,,22.90,22.9000,true,1,28637
15983129,false,פלפלונים שדות בר,,,פלפלונים שדות בר,קילוגרמים,1.00,"ק""ג",true,,30.00,30.0000,true,1,27906
32147230,false,"מיץ לימון משומר 200מ""ל(לימונית אקסטרא)",ג'נרל מילס סאן אדריא,,מיץ לימון סיצילייה 2,מיליליטרים,200.00,"100 מ""ל",false,,7.90,0.0395,true,1,3024
40052403,false,קיט קט 4 אצבעות שוקולד חלב,נסטלה Nestle,,קיט קט אצבעות 40 גרם,גרמים,40.00,100 גרם,false,,4.90,0.1225,true,1,192699
72940761,false,"מילקי מעדן שוקולד עם קצפת שטראוס 133 מ""ל",מיוצר עי קונדיטוריית,,מילקי שוקולד מהדרין,מיליליטרים,170.00,"100 מ""ל",false,,2.90,0.0171,true,1,12380
72940952,false,מעדן מילקי בטעם שוקולד עם אקסטרה קצפת,"שטראוס גרופ בע""\מ",,מילקי אקסטראה קצפת מ,מיליליטרים,110.00,"100 מ""ל",false,,3.90,0.0355,true,1,12381
72941041,false,מעדן מילקי מיני בטעם שוקולד עם קצפת,"שטראוס גרופ בע""\מ",,מיני מילקי שוקולד 70,מיליליטרים,70.00,"100 מ""ל",false,,2.50,0.0357,true,1,12384
72945308,false,קוביות שמרים לאפיה שמרית 2*25 ג',"פאקא תעשיות בע""\מ",,שמרית קוביות שמרים ל,גרמים,50.00,100 גרם,false,,4.00,0.0800,true,1,12385
72961506,false,יוגורט עם תות 1.5% שומן 125 ג' פרילי,מיוצר עי קונדיטוריית,,פרילי תות 1.5% 125מל,מיליליטרים,125.00,"100 מ""ל",false,,3.90,0.0312,true,1,13660
72964132,false,פרילי טבע יוגורט עם גרנולה 200 גרם,מיוצר עי קונדיטוריית,,פרילי טבע עם גרנולה,מיליליטרים,200.00,"100 מ""ל",false,,5.50,0.0275,true,1,13669
72986448,false,"גלידת בן & ג'ריס פיינטים טופי קראנץ 500מ""ל",מוצרי איכות אמריקאיים בע,,גלידת טופי קרנץ,מיליליטרים,420.00,"100 מ""ל",false,,24.90,0.0593,true,1,7657
72986479,false,"גלידה שוקולד אגוז עם בננות בן וג'ירי 500 מ""ל",מוצרי איכות אמריקאיים בע,,גלידת פיינטים צאנקי,מיליליטרים,420.00,"100 מ""ל",false,,24.90,0.0593,true,1,7659
72989425,false,"גלידת בן & ג'ריס פיינטים שוקולד בראוניז 500מ""ל",מוצרי איכות אמריקאיים בע,,גלידת פיינטים שוקולד,מיליליטרים,500.00,"100 מ""ל",false,,24.90,0.0498,true,1,7660
72993637,false,מעדן חלב בטעם שוקולד 125 ג' דני,"שטראוס גרופ בע""\מ",,דני מהדרין שוקו בודד,מיליליטרים,125.00,"100 מ""ל",false,,2.90,0.0232,true,1,12388
80136194,false,חטיפי הפי היפו Happy Hippo במילוי קרם חלבי ואגוזי לוז,קינדר Kinder,,הפי היפו 5*20ג,גרמים,102.00,100 גרם,false,,14.90,0.1461,true,1,22994
80176800,false,נוטלה ממרח שוקולד 750 גרם,פררו תעשיות איטליה ס,,ממרח שוקולד נוטלה 75,גרמים,750.00,100 גרם,false,,27.90,0.0372,true,1,22996
80177173,false,ממרח שוקולד נוטלה 350 גרם,פררו - אלבה,,ממרח נוטלה קקאו עם א,גרמים,350.00,100 גרם,false,,15.90,0.0454,true,1,22997
80177616,false,אצבעות שוקולד קינדר Kinder שמונה יחידות,פררו - אלבה,,אצבעות שוקולד קינדר,גרמים,100.00,100 גרם,false,,8.40,0.0840,true,1,23000
80273639,false,מלח ים במטחנה 90 גר ארומה דה טוסקנה,דרוגיה ואלימנטרי אס.אר.א,,מלח ים במטחנה,גרמים,90.00,100 גרם,false,,13.90,0.1544,true,1,22884
80773429,false,מנטוס בקבוק מעוגל - מסטיק ללא סוכר בטעם תות 60 גרם,"פרפטי ואן מלה ג'\ידה,סאן",,מסטיק מנטוס בקבוק בט,גרמים,60.00,100 גרם,false,,10.90,0.1817,true,1,6676
80773443,false,מנטוס בקבוק מעוגל - מסטיק ללא סוכר בטעם מנטה 60 גרם,"פרפטי ואן מלה ג'\ידה,סאן",,מסטיק מנטוס בקבוק בט,גרמים,60.00,100 גרם,false,,10.90,0.1817,true,1,6677
80864295,false,סוכריות פיור וויט טעם מנטה עדינה 60 ג' מנטוס,"פרפטי ואן מלה ג'ידה,סאן",,מנטוס פיור וויט ללא,גרמים,60.00,100 גרם,false,,10.90,0.1817,true,1,128500
80874652,false,קארדס חטיף בוד 25.6 ג קינדר,פררו,,קינדר קארדס חטיף בוד,גרמים,25.60,100 גרם,false,,4.50,0.1758,true,1,20213
88888000,true,Temp SuperDept,,,Temp SuperDept,,0.00,,false,,0.00,0.0000,true,1,11
88888001,true,יסוד,,,יסוד,,0.00,,false,,0.00,0.0000,true,1,12
88888002,true,לחם ותחליפיו,,,לחם ותחליפיו,,0.00,,false,,0.00,0.0000,true,1,13
88888003,true,דגנים,,,דגנים,,0.00,,false,,0.00,0.0000,true,1,14
88888004,true,מחלקה טרייה,,,מחלקה טרייה,,0.00,,false,,0.00,0.0000,true,1,15
88888005,true,שימורים,,,שימורים,,0.00,,false,,0.00,0.0000,true,1,16
88888006,true,רקים תבשילים ותוספים,,,רקים תבשילים ותוספים,,0.00,,false,,0.00,0.0000,true,1,17
88888007,true,דגים טריים,,,דגים טריים,,0.00,,false,,0.00,0.0000,true,1,18
88888008,true,/פתיתים/אטריות/נודלס,,,/פתיתים/אטריות/נודלס,,0.00,,false,,0.00,0.0000,true,1,19
88888009,true,וקולד/דבש/ריבות/חלבה,,,וקולד/דבש/ריבות/חלבה,,0.00,,false,,0.00,0.0000,true,1,20
88888010,true,קפה ושוקו,,,קפה ושוקו,,0.00,,false,,0.00,0.0000,true,1,21
88888012,true,תרכיזים/סירופים,,,תרכיזים/סירופים,,0.00,,false,,0.00,0.0000,true,1,22
88888013,true,בעלי חיים,,,בעלי חיים,,0.00,,false,,0.00,0.0000,true,1,23
88888014,true,תה,,,תה,,0.00,,false,,0.00,0.0000,true,1,24
88888015,true,תינוקות וילדים,,,תינוקות וילדים,,0.00,,false,,0.00,0.0000,true,1,25
88888016,true,עזרי מזון ובישול,,,עזרי מזון ובישול,,0.00,,false,,0.00,0.0000,true,1,26
88888017,true,תבלינים ארוזים,,,תבלינים ארוזים,,0.00,,false,,0.00,0.0000,true,1,27
88888018,true,בית מאפה,,,בית מאפה,,0.00,,false,,0.00,0.0000,true,1,28
88888019,true,חומרי ניקוי,,,חומרי ניקוי,,0.00,,false,,0.00,0.0000,true,1,29
88888020,true,חד פעמי,,,חד פעמי,,0.00,,false,,0.00,0.0000,true,1,30
88888021,true,מעדניית סלטים,,,מעדניית סלטים,,0.00,,false,,0.00,0.0000,true,1,31
88888022,true,היגיינה וטיפוח הגוף,,,היגיינה וטיפוח הגוף,,0.00,,false,,0.00,0.0000,true,1,32
88888023,true,ביצים,,,ביצים,,0.00,,false,,0.00,0.0000,true,1,33
88888024,true,בירות,,,בירות,,0.00,,false,,0.00,0.0000,true,1,34
88888025,true,מעדנייה חלבית,,,מעדנייה חלבית,,0.00,,false,,0.00,0.0000,true,1,35
88888026,true,פיצוחים ארוזים,,,פיצוחים ארוזים,,0.00,,false,,0.00,0.0000,true,1,36
88888027,true,קטניות ואורז,,,קטניות ואורז,,0.00,,false,,0.00,0.0000,true,1,37
88888028,true,חטיפים,,,חטיפים,,0.00,,false,,0.00,0.0000,true,1,38
88888029,true,קים ונקניקיות ארוזים,,,קים ונקניקיות ארוזים,,0.00,,false,,0.00,0.0000,true,1,39
88888030,true,גלידות,,,גלידות,,0.00,,false,,0.00,0.0000,true,1,40
88888031,true,"פירות ירקות ללא מע""מ",,,"פירות ירקות ללא מע""מ",,0.00,,false,,0.00,0.0000,true,1,41
88888032,true,יבשים פיצוחים ארוז,,,יבשים פיצוחים ארוז,,0.00,,false,,0.00,0.0000,true,1,42
88888033,true,סלטים ארוזים,,,סלטים ארוזים,,0.00,,false,,0.00,0.0000,true,1,43
88888034,true,יצוחיה/תבלינים במשקל,,,יצוחיה/תבלינים במשקל,,0.00,,false,,0.00,0.0000,true,1,44
88888035,true,קוסמטיקה,,,קוסמטיקה,,0.00,,false,,0.00,0.0000,true,1,45
88888036,true,קופונים/מתנות,,,קופונים/מתנות,,0.00,,false,,0.00,0.0000,true,1,46
88888037,true,"פירות יבשים ללא מע""מ",,,"פירות יבשים ללא מע""מ",,0.00,,false,,0.00,0.0000,true,1,47
88888038,true,עיתונים,,,עיתונים,,0.00,,false,,0.00,0.0000,true,1,48
88888039,true,ציוד משרדי,,,ציוד משרדי,,0.00,,false,,0.00,0.0000,true,1,49
88888040,true,שתיה קלה,,,שתיה קלה,,0.00,,false,,0.00,0.0000,true,1,50
88888041,true,מיץ סחוט טרי,,,מיץ סחוט טרי,,0.00,,false,,0.00,0.0000,true,1,51
88888042,true,קפואים,,,קפואים,,0.00,,false,,0.00,0.0000,true,1,52
88888043,true,כלי בית,,,כלי בית,,0.00,,false,,0.00,0.0000,true,1,53
88888044,true,מוצרי חלב ותחליפיו,,,מוצרי חלב ותחליפיו,,0.00,,false,,0.00,0.0000,true,1,54
88888045,true,חגים,,,חגים,,0.00,,false,,0.00,0.0000,true,1,55
88888046,true,בריאות וטבע,,,בריאות,,0.00,,false,,0.00,0.0000,true,1,56
88888047,true,עוגות ועוגיות,,,עוגות ועוגיות,,0.00,,false,,0.00,0.0000,true,1,57
88888048,true,רטבים ואסייתי,,,רטבים ואסייתי,,0.00,,false,,0.00,0.0000,true,1,58
88888049,true,מוצרי אימפלס,,,מוצרי אימפלס,,0.00,,false,,0.00,0.0000,true,1,59
88888050,true,שוקולד ומתוקים,,,שוקולד ומתוקים,,0.00,,false,,0.00,0.0000,true,1,60
88888051,true,מעדניית דגים,,,מעדניית דגים,,0.00,,false,,0.00,0.0000,true,1,61
88888052,true,אפייה,,,אפייה,,0.00,,false,,0.00,0.0000,true,1,62
88888053,true,תרופות ותוספי תזונה,,,תרופות ותוספי תזונה,,0.00,,false,,0.00,0.0000,true,1,63
88888054,true,אוכל מוכן,,,אוכל מוכן,,0.00,,false,,0.00,0.0000,true,1,64
88888055,true,מוצרי נייר,,,מוצרי נייר,,0.00,,false,,0.00,0.0000,true,1,65
88888056,true,עוגות מצוננות,,,עוגות מצוננות,,0.00,,false,,0.00,0.0000,true,1,66
88888057,true,משקאות חריפים,,,משקאות חריפים,,0.00,,false,,0.00,0.0000,true,1,67
88888058,true,פיקדון/אריזה,,,פיקדון/אריזה,,0.00,,false,,0.00,0.0000,true,1,68
88888059,true,סיגריות,,,סיגריות,,0.00,,false,,0.00,0.0000,true,1,69
88888060,true,"פירות וירקות עם מע""מ",,,"פירות וירקות עם מע""מ",,0.00,,false,,0.00,0.0000,true,1,70
88888061,true,לוגיסטי,,,לוגיסטי,,0.00,,false,,0.00,0.0000,true,1,71
88888062,true,"פיקדון ללא מע""מ",,,"פיקדון ללא מע""מ",,0.00,,false,,0.00,0.0000,true,1,72
88888063,true,מעדניית חמוצים,,,מעדניית חמוצים,,0.00,,false,,0.00,0.0000,true,1,73
88888064,true,ב.ע.ד קפואים,,,ב.ע.ד קפואים,,0.00,,false,,0.00,0.0000,true,1,74
88888065,true,דגים מעושנים ארוזים,,,דגים מעושנים ארוזים,,0.00,,false,,0.00,0.0000,true,1,75
88888066,true,מעדניית נקניקים,,,מעדניית נקניקים,,0.00,,false,,0.00,0.0000,true,1,76
88888067,true,בסטות,,,בסטות,,0.00,,false,,0.00,0.0000,true,1,77
88888069,true,כביסה,,,כביסה,,0.00,,false,,0.00,0.0000,true,1,78
88888070,true,טיפוח השיער,,,טיפוח השיער,,0.00,,false,,0.00,0.0000,true,1,79
88888071,true,היגיינת הפה,,,היגיינת הפה,,0.00,,false,,0.00,0.0000,true,1,80
88888072,true,יינות,,,יינות,,0.00,,false,,0.00,0.0000,true,1,81
88888092,true,"תרומות -ללא מע""מ",,,"תרומות -ללא מע""מ",,0.00,,false,,0.00,0.0000,true,1,171302
88888095,true,טופמרקט,,,טופמרקט,,0.00,,false,,0.00,0.0000,true,1,82
88888097,true,קודים כללים,,,קודים כללים,,0.00,,false,,0.00,0.0000,true,1,83
88888100,true,מנה ביגוד -יבוא לבית,,,אריזות,,0.00,,false,,0.00,0.0000,true,1,84
88888101,true,מנה ביגוד -יבוא לבית,,,מנה ביגוד -יבוא לבית,,0.00,,false,,0.00,0.0000,true,1,88
88888102,true,זמנה שילוט-יבוא לבית,,,זמנה שילוט-יבוא לבית,,0.00,,false,,0.00,0.0000,true,1,98
88888200,true,זמנה שילוט-יבוא לבית,,,פריטים חדשים בהמתנה,,0.00,,false,,0.00,0.0000,true,1,99
88888365,true,INTERNET,,,INTERNET,,0.00,,false,,0.00,0.0000,true,1,1
90162602,false,רד בול משקה אנרגיה פקדון 30 אג,רד בול ג'י.אם.בי. אץ,,משקה אנרגיה RED BULL,מיליליטרים,250.00,"100 מ""ל",false,,8.50,0.0340,true,1,2899
8112100298,false,"שמן שומשום טהור מזרח ומערב 185 מ""ל",Flavor full foods in,,שמן שומשום טהור לא מ,מיליליטרים,185.00,"100 מ""ל",false,,15.90,0.0859,true,1,215565
11210000094,false,"רוטב ""טבסקו"" על בסיס פלפל אדום 60 מ""ל",מקאילהייני אייבורי,,טבסקו,מיליליטרים,60.00,"100 מ""ל",false,,12.90,0.2150,true,1,21338
16000185517,false,דגני בוקר פייבר וואן עתירי סובין FIBRE1,בטר אנד דיפרנט,,פייבר1- דגני בוקר עת,גרמים,555.00,100 גרם,false,,26.90,0.0485,true,1,124240
16000548404,false,חטיפי גרנולה קראנצ'י עם שיבולת שועל ודבש נייצ'ר ואלי 5*42 גרם,ג'נרל מילס סאן אדריאן,,חטיף קראנצי גרנולה ש,גרמים,210.00,100 גרם,false,,21.90,0.1043,true,1,6702
16000548503,false,חטיפי גרנולה קראנצ'י עם מייפל וסוכר חום נייצ'ר ואלי 5*42 גרם,ג'נרל מילס סאן אדריאן,,חטיף קראנצי גרנולה מ,גרמים,210.00,100 גרם,false,,21.90,0.1043,true,1,6704
16000548909,false,חטיפי גרנולה קראנצ'י במגוון טעמים נייצ'ר ואלי 5*42 גרם,ג'נרל מילס סאן אדריאן,,חטיף קראנצי גרנולה מ,גרמים,210.00,100 גרם,false,,21.90,0.1043,true,1,6707
16229924263,false,"ארוי-די קרם קוקוס 250 מ""ל",תאי אגרי פוד פובליק קו'\,,"קרם קוקוס 250 מ""ל.",מיליליטרים,250.00,"100 מ""ל",false,,10.90,0.0436,true,1,2114
18000701223,false,"פילסברי, עוגה בטעם שוקולד, תערובת להכנת עוגה בטעם שוקולד. 500 גרם",הדקלאים אגודת שיתופי,,תערובת לעוגת שוק.דוי,גרמים,500.00,100 גרם,false,,19.90,0.0398,true,1,6708
18000703494,false,"פילסברי, עוגה בטעם וניל, תערובת להכנת עוגה בטעם וניל. 500 גרם.",הדקלאים אגודת שיתופי,,תערובת לעוגת וניל פר,גרמים,517.00,100 גרם,false,,19.90,0.0385,true,1,6709
25700005650,false,שקיות הקפאה גדולות- 14 יח' זיפלוק,אס.סי.גונסון ובניו,,זיפלוק שקיות הקפאה ג,גרמים,201.00,100 גרם,false,,13.90,0.0692,true,1,33728
36000516876,false,ממחטות נייר קלינקס לושן 3 שכבות 75 דף,חוגלה קימברלי,,קלינקס לושן תלת שכבת,אין,0.00,יחידה,false,,10.00,0.0000,true,1,4781
36000516890,false,קלינקס לושן שלוש שכבות 120 יחידות,חוגלה קימברלי,,קלינקס לושן תלת שכבת,אין,0.00,יחידה,false,,17.90,0.0000,true,1,4782
37600207188,false,חמאת בוטנים סקיפי קלאסי 462 גרם,חברת המזון אלגוד,,סקיפי חמאת בוטנים קל,גרמים,462.00,100 גרם,false,,20.90,0.0452,true,1,2902
38000232152,false,פרינגלס חטיפי תפוח אדמה בטעם ברביקיו 158 גרם,פרינגלס מנופקצ'ורינג קומ,,פרינגלס ביג ברביקיו,גרמים,158.00,100 גרם,false,,10.90,0.0690,true,1,14465
38000232183,false,פרינגלס ביג אורגינל 149 גרם,פרינגלס מנופקצ'ורינג קונ,,פרינגלס ביג אורגינל,גרמים,158.00,100 גרם,false,,10.90,0.0690,true,1,14467
38527591060,false,דגני קוואקר מרובעים Quaker Squares עם סוכר חום,קוואקר אוטס קומפני,,דגני בוקר מרובעים קו,גרמים,412.00,100 גרם,false,,22.70,0.0551,true,1,12869
40000514510,false,M&M אריזה קטנה's בוטנים אריזה קטנה 49 גרם,M&M אם אנד אם,,בוטנים 49 גרם M&M עד,גרמים,49.00,100 גרם,false,,5.90,0.1204,true,1,10901
46214382259,false,עוגיות בראוניס שוקולד 225 ג',בנקטבקריי מרבה בי.וי,,מרבה עוגיות בראוניס,גרמים,225.00,100 גרם,false,,10.90,0.0484,true,1,11200
46214731552,false,עוגיות שוקולד צ'יפס 37% גודיס 225 גרם,קריניציה ויטמינה אס,,מרבה עוגיות שוקולד צ,גרמים,225.00,100 גרם,false,,10.90,0.0484,true,1,11201
50000015474,false,"מזון חתולים פריסקיז מעדני הים 1.43 ק""ג",פריסקיז,,פריסקיז מעדני הים 4*,אלף,1.40,"ק""ג",false,,39.90,28.5000,true,1,66244
50000084500,false,מזון יבש לחתול בטעם נתחי ברביקיו פריסקיז Friskies,נסטלה פורינה USA מק,,פריסקיז מעדני השף מנ,אלף,1.43,"ק""ג",false,,39.90,27.9021,true,1,9551
50000100347,false,"פריסקיז - מעדני החתול מועשר בחלב 1.40 ק""ג",נסטלה פורינה USA מק,,פריסקיז מעדני החתול,אלף,1.40,"ק""ג",false,,39.90,28.5000,true,1,9553
76840100583,false,גלידה וניל +בצק עוגיות ושוקולד צי'פס 473ג,מוצרי איכות אמריקאיים בע,,גלידה וניל +בצק עוגי,מיליליטרים,473.00,"100 מ""ל",false,,24.90,0.0526,true,1,7666
76840400218,false,"גלידה בן&ג'ריס תות שדה ועוגת גבינה 500מ""ל",מוצרי איכות אמריקאיים בע,,בן&גריס גלידה תות שד,מיליליטרים,475.00,"100 מ""ל",false,,24.90,0.0524,true,1,7669
77245110610,false,סוכריות מאסט ללא סוכר בטעם מנטה 80 ג'עלית,MIESZKO S.A - MS. JO,,סוכריות מאסט ללא סוכ,גרמים,80.00,100 גרם,false,,8.90,0.1113,true,1,11752
611745285685,true,אבוקדו בשל יח,,,אבוקדו בשל יח,גרמים,470.00,100 גרם,false,,9.90,0.0211,true,1,28638
645173911038,false,קורנישון מלפפוןן מיני 720 גרם - תומר,קלמן אינדיה פי וי סי,,מלפפונים קורנישון מי,גרמים,720.00,100 גרם,false,,11.90,0.0165,true,1,13212
649660432020,false,היל ויו שזיפים מיובשים מגולענים 567 גרם,היל ויו פקינג קומפני,,הייל ויו שזיפים מיוב,גרמים,567.00,100 גרם,false,,29.90,0.0527,true,1,84127
693493065641,false,טחינה הר כנען טחינה שכם לבנה 100% 500 ג,,,טחינת הר כנען 100% ש,גרמים,500.00,100 גרם,false,,15.90,0.0318,true,1,132452
728229123811,false,טרה חטיף על בסיס ירקות שורש בתיבול ים תיכוני 110 גרם,הונדורס צ'יפס יצור א,,טרה צ'יפס חטיף ים ת,גרמים,110.00,100 גרם,false,,15.90,0.1445,true,1,3038
728229124771,false,טרה חטיף על בסיס בטטה בטעם ברביקיו 110 גרם,היין פיוצ'ור נטורל פ,,טרה צ'יפס חטיף מבטטה,גרמים,110.00,100 גרם,false,,15.90,0.1445,true,1,3040
833949000264,false,"סירופ מייפל אמיתי 100% אורגני 250 מ""ל",דיקסר קוויבק,,סירופ מייפל אמיתי 10,גרמים,330.00,100 גרם,false,,30.90,0.0936,true,1,32091
835811000426,false,מזלגות 50 יח` קרם עבה במיוחד,"גרנג יוניברס , הונג",,מזלגות 50 יח' קרם עב,אין,0.00,יחידה,false,,17.90,0.0000,true,1,4232
835811005803,false,שקיות אשפה עם ידיות 25 יח' X90-מרכז,תעשיות והשקעה אל רסא,,הנמל שקיות אשפה עם י,אין,0.00,יחידה,false,,13.90,0.0000,true,1,4290
835811006534,false,"כוסות קרטון לשתיה חמה 475 מ""ל",הנמל,,כוסות קרטון 50 יח 16,אין,0.00,יחידה,false,,26.90,0.0000,true,1,4306
835811008347,false,גפרור מיוחד ענק הנמל 1 יחידה,הנמל,,גפרור ענק,אין,0.00,יחידה,false,,7.90,0.0000,true,1,4317
835811008699,false,כפות שקוף/קרם עבה במיוחד הנמל 50 יח,"גרנג יוניברס , הונג",,כפות 50 יח שקוף עבה,אין,0.00,יחידה,false,,17.90,0.0000,true,1,4318
835811008934,false,מזלגות 50 יח שקוף/קרם עבה במיוחד,"גרנג יוניברס , הונג",,מזלגות 50 יח עבה במי,אין,0.00,יחידה,false,,17.90,0.0000,true,1,4323
835811008958,false,כפיות 50 יח שקוף/קרם עבה במיוחד,"גרנג יוניברס , הונג",,כפיות 50 יח שקוף עבה,אין,0.00,יחידה,false,,17.90,0.0000,true,1,4325
835811008989,false,"כוסות משקה חם קרטון 355 מ""ל",הנמל,,כוסות קרטון 12 אוז 5,אין,0.00,יחידה,false,,21.90,0.0000,true,1,4326
884912359155,false,דגני בוקר האני באנצ'ס האני רוסטד פוסט 340 גרם,פוסט ארצות הברית,,דגני בוקר שיבולת שוע,גרמים,340.00,100 גרם,false,,26.70,0.0785,true,1,159358
884912365200,false,דגני בוקר אוראו שחור ולבן 311 גרם,פוסט ארצות הברית,,דגני בוקר עם פירורי,גרמים,311.00,100 גרם,false,,26.90,0.0865,true,1,215611
3014260201753,false,סכיני גילוח ג'ילט בלו 2 להבים - מארז 5 יח',דיפלומט מפיצים (1968) בעמ,,סכיני גילוח חד פעמיי,אין,0.00,יחידה,false,,14.80,0.0000,true,1,14479
3046920028004,false,לינדט שוקולד אקסלנס מריר 70% 100 גר,לינדט ושפרונגלי קילשברג,,לינדט אקסלנס 70% 100,גרמים,100.00,100 גרם,false,,14.90,0.1490,true,1,7427
3046920029759,false,אקסלנס שוקולד מריר 90% לינדט (100 גרם),לינדט ושפרונגלי קילשברג,,לינדט אקסלנס 90% 100,גרמים,100.00,100 גרם,false,,14.90,0.1490,true,1,7433
3059943016569,false,"מבשם אוויר אירוויק ספריי פרסיה ויסמין 240 מ""ל",רקיט בנקיזר (ניר איסט) בעמ,,אירוויק ספריי פרסיה,מיליליטרים,240.00,"100 מ""ל",false,,12.90,0.0538,true,1,10980
3161911229199,false,חמאה צרפתית רכה למריחה אל & ויר 250 גרם,א. סיימן סחר בעמ,,אלוויר חמאה רכה 250ג,גרמים,250.00,100 גרם,false,,23.90,0.0956,true,1,8728
3178530402353,false,עוגות מיני מדלן קלאסי סאן מישל 175 גרם,סאן מישל ביסוויט,,עוגיות רכות מיני מדל,גרמים,175.00,100 גרם,false,,13.90,0.0794,true,1,137987
3245412211393,false,שוקולד חלב מעולה קרפ,,FR,שוקולד חלב מעולה קרפ,גרמים,300.00,100 גרם,false,,8.90,0.0297,true,1,187913
3245412211409,false,שוקולד חלב מעולה עם,,FR,שוקולד חלב מעולה עם,גרמים,300.00,100 גרם,false,,16.90,0.0563,true,1,187766
3387390525960,false,קראנץ' דגני בוקר עם שוקולד חלב נסטלה 500 גרם,קבוצת אוסם סחר שותפות מוגבלת,,דגני קראנץ' נסטלה 50,גרמים,500.00,100 גרם,false,,26.90,0.0538,true,1,9577
3523230025638,false,"גבינת עיזים בושה טבעי, 125 גרם",א. סיימן סחר בעמ,,גבינת עיזים בושה טבע,גרמים,125.00,100 גרם,false,,26.90,0.2152,true,1,8745
3560070582884,false,קרפור סטייליס עם שוק,,,קרפור סטייליס עם שוק,גרמים,300.00,100 גרם,false,,9.90,0.0330,true,1,223333
3560070669981,false,שוקולד מריר מעולה 80,,FR,שוקולד מריר מעולה 80,גרמים,80.00,100 גרם,false,,5.90,0.0738,true,1,187752
3560070701407,false,שוקולד מריר מעולה עם,,FR,שוקולד מריר מעולה עם,גרמים,100.00,100 גרם,false,,6.90,0.0690,true,1,187785
3560070720859,false,שוקולד מריר מעולה 72,,FR,שוקולד מריר מעולה 72,גרמים,80.00,100 גרם,false,,5.90,0.0738,true,1,187769
3560070800322,false,קרפור סנופלקס 375 גר,,,קרפור סנופלקס 375 גר,גרמים,375.00,100 גרם,false,,7.90,0.0211,true,1,223363
3560070852086,false,קרפור-תה ירוק בטעם נ,,,קרפור-תה ירוק בטעם נ,גרמים,40.00,100 גרם,false,,7.90,0.1975,true,1,238140
3560070928194,false,קרפור-חליטת לואיזה 2,,,קרפור-חליטת לואיזה 2,גרמים,32.50,100 גרם,false,,7.90,0.2431,true,1,238078
3560070928347,false,קרפור-חליטת רויבוש ו,,,קרפור-חליטת רויבוש ו,גרמים,40.00,100 גרם,false,,7.90,0.1975,true,1,238109
3560071013196,false,קרפור סטייליס בטעם ט,,,קרפור סטייליס בטעם ט,גרמים,500.00,100 גרם,false,,10.90,0.0218,true,1,223366
3560071090821,false,קרפור שוקו בולז 375,,,קרפור שוקו בולז 375,גרמים,375.00,100 גרם,false,,7.90,0.0211,true,1,223383
3560071341947,false,שמן זית כתית מעולה ב,,FR,שמן זית כתית מעולה ב,מיליליטרים,750.00,"100 מ""ל",false,,11.50,0.0153,true,1,222390
3560071432157,false,קפסולות קפה וניל קרפ,,FR,קפסולות קפה וניל קרפ,גרמים,52.00,100 גרם,false,,7.90,0.1519,true,1,224293
3560071432393,false,קפסולות קפה קוסטה רי,,FR,קפסולות קפה קוסטה רי,גרמים,52.00,100 גרם,false,,7.90,0.1519,true,1,224301
3560071432690,false,קפסולות קפה קרפור עו,,FR,קפסולות קפה קרפור עו,גרמים,52.00,100 גרם,false,,7.90,0.1519,true,1,224303
3574661552576,false,קרפרי מגן תחתון רגיל טנגה לבן 56 יח חדש,הדקלאים אגודת שיתופי,,קרפרי רגיל טנגה לבן,אין,0.00,יחידה,false,,15.90,0.0000,true,1,11245
3574661552811,false,מגן תחתון קרפרי כותון אוורירי 56 יחידות,הדקלאים אגודת שיתופי,,קרפרי כותון אוורירי,אין,0.00,יחידה,false,,15.90,0.0000,true,1,11247
3600524051334,false,אלביב מרכך חומצה היאלורונית 400 מל,לוריאל ישראל קוסמטיקס בעמ,,אלביב מרכך היאלורוני,מיליליטרים,400.00,"100 מ""ל",false,,15.90,0.0398,true,1,196068
3600524055400,false,לוריאל - אלביב שמפו היאלורונית 500 מ''ל,לוריאל ישראל קוסמטיקס בעמ,,אלביב שמפו היאלורוני,מיליליטרים,400.00,"100 מ""ל",false,,15.90,0.0398,true,1,196082
3600540928863,false,גרניה מיניראל רול און קליר אינויזיבל,לוריאל ישראל קוסמטיקס בעמ,,דאודורנט רול מיניראל,מיליליטרים,50.00,"100 מ""ל",false,,15.90,0.3180,true,1,99624
3607343817547,false,"אדידס - דאודורנט ספריי לגבר קליימקול 150 מ""ל",דנשר (1963) בעמ,,דאודורנט ספריי לגבר,מיליליטרים,150.00,"100 מ""ל",false,,13.90,0.0927,true,1,3046
3608580730255,false,קונפיטורה בטעם משמש 370 גר BONNE MAMAN,ר.ב. מוצרי דגנים בעמ,,קונפיטורה משמש 370 ג,גרמים,370.00,100 גרם,false,,21.90,0.0592,true,1,10832
3800020403631,false,קיט קט וופל פריך עם קרם בוטנים (19%) בציפוי שוקולד חלב (61.8%),קבוצת אוסם סחר שותפות מוגבלת,,קיט קט צ'אנקי חמאת ב,גרמים,42.00,100 גרם,false,,4.90,0.1167,true,1,192700
3800020472712,false,חטיף קיט קאט צאנקי פופקורן 42 ג',קבוצת אוסם סחר שותפות מוגבלת,,קיט קט צ'אנקי פופקו,גרמים,42.00,100 גרם,false,,4.90,0.1167,true,1,192981
4000417025005,false,שוקולד מריר במילוי מרציפן ריטר ספורט 100 גרם,ריטר ספורט Ritter sport,,שוקולד ריטר ספורט מר,גרמים,100.00,100 גרם,false,,10.40,0.1040,true,1,6733
4004666042004,false,"מלרוד מרסס משמיד עובש יעקבי 500 מ""ל","יעקב יעקבי ובניו בע""מ",,מלרוד מחסל עובש+מרסס,מיליליטרים,500.00,"100 מ""ל",false,,35.60,0.0712,true,1,6130
4005900816016,false,"ניוואה - דאודורנט ספריי לאישה פרש טבעי לאישה 150 מ""ל",טרופיקל דגיל תעשיות,,NIVEA דאודורנט ספריי,מיליליטרים,150.00,"100 מ""ל",false,,13.90,0.0927,true,1,144067
4009900420129,false,מסטיק אורביט פרופשנל פפרמינט בקבוקון 64 גר',"מרס ריגלי ישראל בע""מ",,אורביט פרופשייונל פפ,גרמים,64.00,100 גרם,false,,11.90,0.1859,true,1,10912
4009900482417,false,מסטיק אורביט פירות מנטה בקבוקון באבל מינט 45יח,"מרס ריגלי ישראל בע""מ",,אורביט באבל מינט בקב,גרמים,64.00,100 גרם,false,,11.90,0.1859,true,1,10919
4009900531122,false,"מסטיק בטעם מנטה ספירמינט, 64 ג' פרופשיונל אורפיט","מרס ריגלי ישראל בע""מ",,אורביט פרופשייונל ספ,גרמים,64.00,100 גרם,false,,11.90,0.1859,true,1,10942
4009900534611,false,מסטיק איירוויבז בקבוקון בטעם מלון ומנטה,מרס ריגלי ישראל בעמ,,איירוויבז בטעם מלון,גרמים,64.00,100 גרם,false,,11.90,0.1859,true,1,20590
4011800567613,false,מאגדת קורני מילק דרק & ואיט 120 גרם,מיוצר עי קונדיטוריית,,חטיף דגנים סנדוויץ ש,גרמים,120.00,100 גרם,false,,14.90,0.1242,true,1,7441
4011800577810,false,מארז חטיפי קורני פרי נוגט 120 גרם,משה סידס ובנו בעמ,,קורני חטיף דגנים נוג,גרמים,150.00,100 גרם,false,,14.90,0.0993,true,1,129646
4011800630515,false,חטיף קורני שוקולד חלב ובננה 6 יח 150 גר,מיוצר עי קונדיטוריית,,חטיף דגנים עם שוקולד,גרמים,150.00,100 גרם,false,,14.90,0.0993,true,1,7448
4014400914696,false,וורטרס אורגינל סוכריות ללא סוכר 80 גרם,ליימן שליסל בע`מ,,80 סוכריות חמאה וורט,גרמים,80.00,100 גרם,false,,9.90,0.1238,true,1,6754
4014400923711,false,בונבוניירה שוקולד אגוזים טופיפי 125 גרם,ליימן שליסל בע`מ,,טופיפי בונבונירה שוק,גרמים,125.00,100 גרם,false,,13.90,0.1112,true,1,6757
4015400690313,false,טמפונים פרל רגולר טמפקס קומפאק 18 יח,דיפלומט מפיצים (1968) בעמ,,טמפון פרל רגולר טמפק,אין,0.00,יחידה,false,,24.90,0.0000,true,1,14507
4015400990482,false,אבקת כביסה אריאל קולור 3 ק`ג,דיפלומט מפיצים (1986) בע`מ,,אבקת כביסה אריאל קול,אלף,3.00,"ק""ג",false,,38.90,12.9667,true,1,14519
4017100290008,false,בלזן בסקויט חמאה מצופה שוקולד חלב 125 גרם,הדקלאים אגודת שיתופי,,בלזן ביסקוויט מצופה,גרמים,125.00,100 גרם,false,,14.90,0.1192,true,1,23309
4084500853836,false,"נוזל כלים פיירי ורדים ומשי 515 מ""ל בד""צ",דיפלומט מפיצים (1986) בע`מ,,פיירי נוזל כלים ורדי,מיליליטרים,515.00,"100 מ""ל",false,,10.90,0.0212,true,1,14543
4260147890513,false,אטריות ביצים דקות ורמיצ'לי 500ג',דין שיווק וקליה 2021 בעמ,,אטריות ביצים דקות במ,גרמים,500.00,100 גרם,false,,12.90,0.0258,true,1,101979
4640018993350,false,פיניש קוואנטום קפסולות ג'ל למדיח כלים לימון 30 יח',רקיט בנקיזר (ניר איסט) בעמ,,פיניש קוואנטום לימון,אין,0.00,יחידה,false,,43.90,0.0000,true,1,10996
4800888150080,false,"דאב - דאודורנט רול און לאישה פרש טאצ' מלפפונים 50 מ""ל",יוניליוור ישראל שיווק בע`מ,,דאו' רולאון מלפפונים,מיליליטרים,50.00,"100 מ""ל",false,,19.90,0.3980,true,1,5566
4800888219534,false,דאב - דאודורנט סטיק לאישה אנטי פרספירמט 50 גרם,יוניליוור ישראל שיווק בע`מ,,דאורדורנט סטיק אוריג,גרמים,50.00,100 גרם,false,,19.90,0.3980,true,1,79451
4903001904192,false,"רוטב סויה יאמאסה פרימיום 500מ""ל",הדקלאים אגודת שיתופי,,רוטב סויה יאמאסה פרמ,מיליליטרים,500.00,"100 מ""ל",false,,17.90,0.0358,true,1,6758
5000146401568,false,וולייט דפים למניעת העברת צבע 10 דפים,רקיט בנקיזר (ניר איסט) בעמ,,לכביסה ווליט דפים שו,אין,0.00,יחידה,false,,18.90,0.0000,true,1,11002
5000157143365,false,מתבל בטעם מיונז וקטשופ היינץ 425 גרם,דיפלומט מפיצים (1968) בעמ**,,מתבל בטעם מיונז וקטש,מיליליטרים,425.00,"100 מ""ל",false,,14.90,0.0351,true,1,2912
5000159020312,false,מלטיזרס אריזה קטנה 37 גרם,"מרס ריגלי ישראל בע""מ",,חטיף מלטיזרס 37 גרם,גרמים,37.00,100 גרם,false,,5.90,0.1595,true,1,10949
5000159409179,false,מארז סניקרס/מיניס משפחתי 403 גר,"מרס ריגלי ישראל בע""מ",,סניקרס מיני 403 גרם,גרמים,403.00,100 גרם,false,,24.90,0.0618,true,1,10956
5000204133509,false,זיפלוק שקיות אחסון גדולות 19 יחידות,אס.סי.גונסון ובניו,,זיפלוק שקיות אחסון ג,גרמים,208.00,100 גרם,false,,13.90,0.0668,true,1,33732
5000204254587,false,סבון מוצק לאסלהאפרסק על חלל 38.6 ג' דאק,דאופלור אס.פי.אי כונ,,דאק סבון מוצק לאסלה,גרמים,38.60,100 גרם,false,,9.90,0.2565,true,1,162613
5000204658064,false,"ספוגית הברקה קיווי אקספרס שחור 6 מ""ל",המאפיה של הרמן,,אקספרס שחור-משחת נעל,מיליליטרים,6.00,"100 מ""ל",false,,16.90,2.8167,true,1,3098
5000394140820,false,שישיות סוללות AA פלוס פאוור דורסל,דיפלומט מפיצים (1986) בע`מ,,סוללות דורסל שישיות,אין,0.00,יחידה,false,,24.90,0.0000,true,1,159225
5014271300429,false,"מעדן משמש 100% פרי סנטדלפור 284 גרם לל""ס",סאן דלפור - שמבור,,סאן דלפור מעדן משמש,גרמים,284.00,100 גרם,false,,22.90,0.0806,true,1,8750
5014271330426,false,מעדן אוכמניות כחולות ללא תוספת סוכר 284 גרם,סאן דלפור - שמבור,,סאן דלפור מעדן אוכמנ,גרמים,284.00,100 גרם,false,,22.90,0.0806,true,1,8752
5014271350424,false,מעדן ארבעה פירות ללא תוספת סוכר 284 גרם,סאן דלפור - שמבור,,סאן דלפור מעדן ארבע,גרמים,284.00,100 גרם,false,,22.90,0.0806,true,1,8753
5014271400426,false,"מעדן בטעם תות שדה לל""ס סאן דלפור 284 גרם",נטו מלינדה סחר בעמ,,סאן דלפור מעדן תות ש,גרמים,284.00,100 גרם,false,,22.90,0.0806,true,1,8758
5014271795980,false,מעדן חמוציות ואוכמניות ללא תוספת סוכר 284 גרם,א. סיימן סחר בעמ,,סאן דלפור מעדן חמוצי,גרמים,284.00,100 גרם,false,,22.90,0.0806,true,1,8761
5026489484006,false,חטיף עדשים עגבניות ובזיליקום 40,לקסמי אנד סונס סי/\אי קו,,איט ריל חטיף על בסיס,גרמים,40.00,100 גרם,false,,10.00,0.2500,true,1,77274
5029053002408,false,קלינקס - נייר טואולט קליניקס לבן 9 גלילים,קימברלי קלארק ישראל שיווק בעמ,,נייר טואלט קליניקס ל,מטרים,275.00,מטר,false,,34.90,0.1269,true,1,4787
5029053002439,false,קלינקס - נייר טואולט קליניקס צהוב 9 גלילים,קימברלי קלארק ישראל שיווק בעמ,,נייר טואלט קליניקס צ,מטרים,243.00,מטר,false,,34.90,0.1436,true,1,4788
5029053535227,false,קוטקס טמפון עם מוליך נורמל 16 יחידות,קימברלי קלארק ישראל שיווק בעמ,,טמפון עם מוליך נורמל,אין,0.00,יחידה,false,,24.90,0.0000,true,1,4804
5029053578309,false,קופסת ממחטות אולטרה סופט 48 דף קלינקס,קימברלי קלארק ישראל שיווק בעמ,,טישו אולטרה סופט קוב,אין,0.00,יחידה,false,,7.90,0.0000,true,1,111528
5201004021328,false,קפריס רולס גלילי וופל במילוי קרם אגוזי לוז וקקאו,אי. ג'יי פאפאדופולוס,,קפריס רולס קלאסיק 11,גרמים,115.00,100 גרם,false,,9.90,0.0861,true,1,50157
5201347400545,false,רצועות שעווה מוכנות לשימוש לפנים ולאזורים רגישים,רקיט בנקיזר (ניר איסט) בעמ,,רצועות שעווה לפנים ו,אין,0.00,יחידה,false,,33.90,0.0000,true,1,11016
5202175002451,false,"טורטיה 25 ס""מ 4 יחידות",אל סבור מקסיקן פוד,,טורטייה- מאפה על בסי,גרמים,245.00,100 גרם,false,,8.90,0.0363,true,1,214910
5202175002581,false,עלי טורטיה 200 גר' 5 יח'.,S Foods Mexican Sabor El,,טורטייה- מאפה על בסי,גרמים,200.00,100 גרם,false,,8.90,0.0445,true,1,214890
5411188094159,false,רביעיית מעדן סויה שוקו מריר אלפרו 125 גרם,הנסיך- מפעל לייצור ט,,אלפרו מעדן סויה שוק.,מיליליטרים,500.00,"100 מ""ל",false,,19.80,0.0396,true,1,11760
5411188110835,false,אלפרו חלב סויה שקדים וניל 1ל',הנסיך- מפעל לייצור ט,,אלפרו משקה שקדים 1 ל,ליטר,1.00,ליטר,false,,13.90,13.9000,true,1,11763
5411188115366,false,משקה קוקוס אלפרו 1 ליטר משקה שיבולת שועל 1 ליטר,הנסיך- מפעל לייצור ט,,אלפרו משקה שיבולת שו,אין,0.00,יחידה,false,,13.90,0.0000,true,1,11767
5411188115434,false,משקה אלפרו בריסטה סויה 1 ליטר,"שטראוס גרופ בע""מ",,אלפרו משקה בריסטה סו,ליטרים,1.00,100 ליטר,false,,13.90,13.9000,true,1,182099
5411188126195,false,אלפרו משקה שקדים אורגני 1ל מפוקח סקאל,שטראוס גרופ בע`מ,,אלפרו משקה שקדים אור,ליטר,1.00,ליטר,false,,16.80,16.8000,true,1,11777
5411188543398,false,אלפרו משקה סויה 1 ליטר ללא סוכר,הנסיך- מפעל לייצור ט,,אלפרו משקה סויה ללא,ליטר,1.00,ליטר,false,,13.90,13.9000,true,1,11782
5604912415058,false,סרדינים פורטוס בשמן חמניות חריף 125 גרם,דיפלומט מפיצים (1968) בעמ**,,סרדינים בשמן חמניה ח,גרמים,125.00,100 גרם,false,,7.50,0.0600,true,1,2931
5701932026964,false,"הוטפופ גרעיני תירס להכנת פופקורן במיקרוגל בטעם טבעי, בתוספת מלח, 600 גרם",ליימן שליסל בע`מ,,הוט פופ .פופקורן עם,גרמים,600.00,100 גרם,false,,14.90,0.0248,true,1,6762
5701932026971,false,הוטפופ גרעיני תירס להכנת פופקורן במיקרוגל בטעם חמאה 600 גרם,ליימן שליסל בע`מ,,הוט פופ פופקורן בטעם,גרמים,600.00,100 גרם,false,,14.90,0.0248,true,1,6763
5740900403215,false,ממרח חמאה דנית לורפק עם מלח 250 גרם,שטראוס גרופ בעמ/מצונן,,ממרח לורפק עם מלח 25,גרמים,250.00,100 גרם,false,,16.90,0.0676,true,1,12397
5740900403239,false,ממרח חמאה דנית לורפק ללא מלח 250 גרם,שטראוס גרופ בעמ/מצונן,,ממרח לורפק ללא מלח 2,גרמים,250.00,100 גרם,false,,16.90,0.0676,true,1,12399
5740900403253,false,ממרח מחמאת לורפק עם מלח 500 ג',שטראוס גרופ בעמ/מצונן,,ממרח לורפק עם מלח 50,גרמים,500.00,100 גרם,false,,30.80,0.0616,true,1,12401
5740900403864,false,חמאה +מלח 200 גרם לורפק כשרות או קיי,שטראוס גרופ בעמ/מצונן,,חמאת לורפק עם מלח 20,גרמים,200.00,100 גרם,false,,11.90,0.0595,true,1,92252
5900020015174,false,פיטנס חטיפי אנרגיה דגנים בטעם שוקולד נסטלה 6*23.5 גרם,קבוצת אוסם סחר-שות.מוגבלת,,פיטנס חטיף דגנים שוק,גרמים,141.00,100 גרם,false,,17.90,0.1270,true,1,9581
5900020025647,false,חטיף דגנים פיטנס שוקולד חלב 135 גרם מארז 6 יחידות,קבוצת אוסם סחר שותפות מוגבלת,,פיטנס בר דליס שוקולד,גרמים,135.00,100 גרם,false,,17.90,0.1326,true,1,9590
5900020026552,false,דגני בוקר האני נאט צ'יריוס בטעם דבש ושקדים,קבוצת אוסם סחר שותפות מוגבלת,,האני נאט ציריוס נסטל,גרמים,625.00,100 גרם,false,,27.90,0.0446,true,1,9594
5900020036407,false,ליון דגני בוקר שוקולד וקרמל נסטלה 480 גרם,קבוצת אוסם סחר שותפות מוגבלת,,דגני בוקר שוקולד וקר,גרמים,480.00,100 גרם,false,,27.90,0.0581,true,1,9603
5900020037916,false,דגני בוקר שיבולת שועל צ'ריוס 375ג',קבוצת אוסם סחר שותפות מוגבלת,,צ'יריוס שיבולת שועל,גרמים,375.00,100 גרם,false,,17.90,0.0477,true,1,77348
5900627063233,false,טבליות למדיח הכל ב-1 פיניש מקס 50 יחידות,רקיט בנקיזר (ניר איסט) בעמ,,50 יח AIO טבליות פינ,גרמים,800.00,100 גרם,false,,41.90,0.0524,true,1,11024
5902768862683,true,עוגיות טוויט שוקולד,,,עוגיות טוויט שוקולד,גרמים,155.00,100 גרם,false,,6.90,0.0445,true,1,29304
5904941751920,false,בלו משקה אנרגיה דיי חצי מכמות הקלו250 מל,בני פאוזי שמשום (2009) בעמ,,בלו משקה אנרגיה דיי,מיליליטרים,250.00,"100 מ""ל",false,,4.90,0.0196,true,1,1116
5906485301012,false,משקה אנרגיה XL מוגז פחית 250 מל,"טמפו משקאות בע""מ",,אקס אל משקה אנרגיה 2,מיליליטרים,250.00,"100 מ""ל",false,,4.90,0.0196,true,1,5104
5941021016401,false,טבלת שוקולד מריר שקד היידי גראנדור 100 ג',היידי שוקולד בירונטי,,טבלת היידי גראנדור מ,גרמים,100.00,100 גרם,false,,12.90,0.1290,true,1,181633
7290000000465,false,נקניקיות/סרדלקי טליא,"ולדמן ביח""ר לנקניק ו",,לחמניה שמינייה,יח',1.00,יח',false,,4.50,4.5000,true,1,1509
7290000000626,false,ברוקולי ארוז במגשית,,,ברוקולי ארוז במגשית,יח',1.00,יח',false,,9.90,9.9000,true,1,132753
7290000001005,false,לחם איטלקי,,,לחם איטלקי,יח',1.00,יח',false,,8.90,8.9000,true,1,1518
7290000001104,false,פטריות חורש מיני ארוז 200 ג',"בכורי השדה צפון1994 ג.ד. בע""מ",,פטריות חורש ארוז,יח',1.00,יח',false,,10.90,10.9000,true,1,24974
7290000001193,false,בונז'ור בייבי חליות,,,בונז'ור בייבי חליות,גרמים,70.00,100 גרם,false,,2.40,0.0343,true,1,18781
7290000003503,false,כנפיים עוף טרי,,,כנפיים עוף טרי,קילוגרמים,1.00,"ק""ג",true,,12.90,12.9000,true,1,14345
7290000004754,false,מוצרלה כדור קטן גד 1,,,מוצרלה כדור קטן גד 1,קילוגרמים,1.00,"ק""ג",true,,100.00,100.0000,true,1,7730
7290000004792,false,בולגרית מעודנת גד 5%,,,בולגרית מעודנת גד 5%,קילוגרמים,1.00,"ק""ג",true,,65.00,65.0000,true,1,7731
7290000004976,false,גבינות שמנת זיתים גד,,,גבינות שמנת זיתים גד,קילוגרמים,1.00,"ק""ג",true,,56.00,56.0000,true,1,7736
7290000004990,false,כדור גדול מוצרלה גד,,,כדור גדול מוצרלה גד,קילוגרמים,1.00,"ק""ג",true,,100.00,100.0000,true,1,32363
7290000009350,false,בשר טחון טרי,,,בשר טחון טרי,קילוגרמים,1.00,"ק""ג",true,,39.90,39.9000,true,1,210883
7290000009351,false,בשר טחון חלק טרי,,,בשר טחון חלק טרי,קילוגרמים,1.00,"ק""ג",true,,49.90,49.9000,true,1,211020
7290000009352,false,בשר טחון פרימיום טרי,,,בשר טחון פרימיום טרי,קילוגרמים,1.00,"ק""ג",true,,49.90,49.9000,true,1,211114
7290000009481,false,כתף ע.ע כשר,,,כתף ע.ע כשר,קילוגרמים,1.00,"ק""ג",true,,49.90,49.9000,true,1,222154
7290000011593,false,שזיף,,,שזיף,קילוגרמים,1.00,"ק""ג",true,,19.90,19.9000,true,1,30100
7290000013037,false,פסטרמה פרגיות על לבנ,,,פסט. פרגיות על לבנים,קילוגרמים,1.00,"ק""ג",true,,89.00,89.0000,true,1,21890
7290000013174,false,פסטרמה של פעם זוגלוב,,,פסט. של פעם 2% זוגלו,קילוגרמים,1.00,"ק""ג",true,,90.00,90.0000,true,1,21891
7290000014510,false,חסה עגולה,,,חסה עגולה,יח',1.00,יח',false,,6.90,6.9000,true,1,30101
7290000017414,false,כריך גבטה לבן/כפרי 1,,,כריך גבטה לבן/כפרי 1,יח',1.00,יח',false,,4.60,4.6000,true,1,18798
7290000021003,false,עוף טרי שלם,,,עוף טרי שלם,קילוגרמים,1.00,"ק""ג",true,,19.90,19.9000,true,1,14368
7290000024523,false,"תירוש של סגל ,מיץ ענבים , 1 ליטר",כרמי צבי - האחים סגל,,תירוש של סגל 1 ליטר,ליטר,1.00,ליטר,false,,15.90,15.9000,true,1,5131
7290000026650,false,צפתית פיראוס 5% במשק,,,צפתית פיראוס 5% במשק,קילוגרמים,1.00,"ק""ג",true,,59.00,59.0000,true,1,13620
7290000032665,false,רוטב עגבניות 28% 580ג' פרי זה,זנלכל בעמ,,רוטב עגבניות 28% ברי,גרמים,580.00,100 גרם,false,,8.50,0.0147,true,1,4653
7290000040042,false,יוגורט יופלה תות 3% שומן 150 גרם,"תנובה בע""מ ***",,יופלה תות שובב 3% 15,מיליליטרים,150.00,"100 מ""ל",false,,5.50,0.0367,true,1,13675
7290000040080,false,יוגורט יופלה אפרסק 3% שומן 150 גרם,"תנובה בע""מ ***",,יופלה אפרסק מאוהב 3%,מיליליטרים,150.00,"100 מ""ל",false,,5.50,0.0367,true,1,13677
7290000040462,false,טוסטי גבינה בסגנון אמריקאי אדם 23% תנובה 200 גרם,תנובה מרכז שיתופי לש,,טוסטי טעם אדם 22% 20,גרמים,200.00,100 גרם,false,,19.90,0.0995,true,1,13680
7290000040974,false,חלב 2% דל לקטוז בקרטון תנובה (1 ליטר),תנובה מרכז שיתופי לש,,חלב תנובה קרטון דל ל,ליטר,1.00,ליטר,false,,7.50,7.5000,true,1,13681
7290000041858,false,"שמנת חמוצה 15% מועשרת יטבתה 200 מ""ל",שטראוס גרופ בעמ/מצונן,,יטבתה שמנת חמוצה 15%,מיליליטרים,200.00,"100 מ""ל",false,,2.50,0.0125,true,1,12404
7290000041865,false,"לבן 4.5% שומן מהדרין ""יטבתה""",שטראוס גרופ בעמ/מצונן,,יטבתה לבן 4.5% 200מל,מיליליטרים,200.00,"100 מ""ל",false,,2.50,0.0125,true,1,12405
7290000042015,false,חלב 3% בשקית בדצ תנובה (1 ליטר)פיקוח,תנובה מרכז שיתופי לש,,חלב תנובה טרי שקית,אין,0.00,יחידה,false,,5.43,0.0000,true,1,13686
7290000042404,false,חלב 3% מועשר מהדרין בשקית יטבתה (1 ליטר),שטראוס גרופ בעמ/מצונן,,יטבתה חלב מועשר שקית,ליטר,1.00,ליטר,false,,5.90,5.9000,true,1,12407
7290000042435,false,חלב דל שומן 1% בקרטון תנובה (1 ליטר)פיק,תנובה מרכז שיתופי לש,,חלב תנובה בקרטון 1%,ליטר,1.00,ליטר,false,,5.86,5.8600,true,1,13691
7290000042442,false,"חלב תנובה טרי 3% ""תנובה"" - מוצר בפיקוח",תנובה בעמ ***,,חלב תנובה בקרטון רבנ,ליטר,1.00,ליטר,false,,6.23,6.2300,true,1,13692
7290000042640,false,"חלב תנובה עמיד 3% קרטון 250 מ""ל",תנובה מרכז שיתופי לש,,חלב תנובה עמיד 3% מה,מיליליטרים,250.00,"100 מ""ל",false,,2.90,0.0116,true,1,13696
7290000043814,false,השף הלבן שמנת להקצפה 38% שומן 250 מל - מוצר בפיקוח,תנובה מרכז שיתופי לש,,שף לבן שמנת לקצפת עמ,מיליליטרים,250.00,"100 מ""ל",false,,6.47,0.0259,true,1,13700
7290000043944,false,כד יוגורט תנובה 4% שומן 1.5 ליטר,מיוצר עי קונדיטוריית,,יוגורט כדים תנובה 1.,ליטר,1.50,ליטר,false,,16.30,10.8667,true,1,13702
7290000045580,false,גבינה מותכת נעמה חורש תנובה 240 גרם,תנובה מרכז שיתופי לש,,נעמה גבינת מותכת 25%,גרמים,240.00,100 גרם,false,,18.90,0.0787,true,1,13710
7290000046020,false,"גלבוע 22% שקילה}גבנ""צ{*.",תנובה מרכז שיתופי לש,,גלבוע 22% במשקל,קילוגרמים,1.00,"ק""ג",true,,42.58,42.5800,true,1,13624
7290000046563,false,קולאג 23% פרמזן חריץ תנובה,תנובה מרכז שיתופי לש,,גבע פרמזן תנובה במשק,קילוגרמים,1.00,"ק""ג",true,,114.00,114.0000,true,1,13627
7290000047027,false,גב.קולאז' גלעד 27% במשקל,תנובה מרכז שיתופי לש,,קשקבל גלעד במשקל,קילוגרמים,1.00,"ק""ג",true,,128.00,128.0000,true,1,13629
7290000047546,false,השף הלבן כנען גבינה לבנה דלת נתרן 5% תנובה 500 גרם,תנובה מרכז שיתופי לש,,שף לבן כנען 5% 500ג,גרמים,500.00,100 גרם,false,,25.90,0.0518,true,1,13714
7290000048185,false,גבינה לבנה 5% תנובה 250 גרם מהדרין,מיוצר עי קונדיטוריית,,גבינה לבנה רכה 5% תנ,גרמים,250.00,100 גרם,false,,4.98,0.0199,true,1,13717
7290000048413,false,גבינה חמד (25016% גרם)פיראוס תנובה,תנובה מרכז שיתופי לש,,פיראוס חמד 16% 250ג,גרמים,250.00,100 גרם,false,,19.90,0.0796,true,1,13720
7290000048437,false,גבינת צפתית (2005% גרם)פיראוס תנובה,פארייפאבה אגרואינדוס,,פיראוס צפתית 5% 200,גרמים,200.00,100 גרם,false,,15.30,0.0765,true,1,13721
7290000051352,false,חלב מלא בטעם של פעם 3.4% תנובה קרטון 1 ל',הרדוף תוצרת מזון אור,,חלב תנובה של פעם בקר,ליטר,1.00,ליטר,false,,7.40,7.4000,true,1,13730
7290000051376,false,יוגורט יופלה דיאט אננס 0% שומן 150 גרם,תנובה מרכז שיתופי לש,,יופלה דיאט אננס ספור,מיליליטרים,150.00,"100 מ""ל",false,,5.50,0.0367,true,1,13731
7290000052311,false,גבינה צהובה עמק לייט 15% שומן 200 גרם,תנובה מרכז שיתופי לש,,עמק מהדרין 15% 200 ג,גרמים,200.00,100 גרם,false,,16.40,0.0820,true,1,13737
7290000052649,false,לאבנה אסלית (5005% גרם)פיראוס תנובה,תנובה מרכז שיתופי לש,,פיראוס לאבנה 5% 500ג,גרמים,500.00,100 גרם,false,,21.90,0.0438,true,1,13738
7290000053219,false,טל העמק חריץ 32% במשקל,תנובה מרכז שיתופי לש,,טל העמק 32% במשקל,קילוגרמים,1.00,"ק""ג",true,,58.00,58.0000,true,1,13633
7290000055343,false,משקה יוגורט יופלה פירות טרופיים 250 גרם,תנובה מרכז שיתופי לש,,יופלה משקה יוגורט טר,מיליליטרים,250.00,"100 מ""ל",false,,6.50,0.0260,true,1,13747
7290000055350,false,גבינה צהובה חריץ עמק 28% במשקל,תנובה מרכז שיתופי לש,,עמק קלאסית 28% במשקל,קילוגרמים,1.00,"ק""ג",true,,44.79,44.7900,true,1,13634
7290000055893,false,חמאה משמנת מפוסטרת 200גרם 82% כ.מהדרין - מוצר בפיקוח,תנובה מרכז שיתופי לש,,חמאה מהדרין תנובה 20,גרמים,200.00,100 גרם,false,,7.88,0.0394,true,1,13750
7290000056845,false,תנובה חלב טרי 3% שומן 1.5 ליטר - מוצר בפיקוח,פארייפאבה אגרואינדוס,,חלב תנובה בקרטון 3%,ליטר,1.50,ליטר,false,,9.34,6.2267,true,1,13757
7290000056951,false,"תנובה, השף הלבן, שמנת לבישול 15% שומן 500 מל",תנובה מרכז שיתופי לש,,שף לבן שמנת לבישול +,מיליליטרים,500.00,"100 מ""ל",false,,16.90,0.0338,true,1,13761
7290000057118,false,גבינה צהובה עמק 28% שומן ואקום 400 גרם,תנובה מרכז שיתופי לש,,עמק סמי 28% 400 גר,גרמים,400.00,100 גרם,false,,23.10,0.0578,true,1,13764
7290000057552,false,יופלה דיאט עוגת גבינה ותות 0% גביע 150ג',תנובה - חלב,,יופלה דיאט ע.גבינה ו,מיליליטרים,150.00,"100 מ""ל",false,,5.50,0.0367,true,1,13768
7290000060071,false,אוסם - חטיפי פריכונים מאורז מלא קלוי 80גר,קבוצת אוסם סחר שותפות מוגבלת,,חטיפי פריכונים מאורז,גרמים,80.00,100 גרם,false,,8.90,0.1113,true,1,9604
7290000060088,false,בייגלה מקלות עם מלח אסם (400 גרם),קבוצת אוסם סחר שותפות מוגבלת,,בייגלה אסם מקלות מלו,גרמים,400.00,100 גרם,false,,11.90,0.0298,true,1,9605
7290000060163,false,פסטה אסם אטריות דקות 400גר,קבוצת אוסם סחר שותפות מוגבלת,,אטריות דקות אסם 400,גרמים,400.00,100 גרם,false,,7.90,0.0198,true,1,9607
7290000060200,false,פסטה אסם פתיתים אפויים קוסקוס 500גר,קבוצת אוסם סחר שותפות מוגבלת,,פתיתים אפויים קוסקוס,גרמים,500.00,100 גרם,false,,7.90,0.0158,true,1,9608
7290000060316,false,פרפקטו ספגטי מס' 8 אסם 500 גרם,קבוצת אוסם סחר שותפות מוגבלת,,פסטה ספגטי פרפקטו 50,גרמים,500.00,100 גרם,false,,7.90,0.0158,true,1,9611
7290000060408,false,פסטה אסם פתיתים אפויים טבעות 500 גר,קבוצת אוסם סחר שותפות מוגבלת,,פתיתים אפויים טבעות,גרמים,500.00,100 גרם,false,,7.90,0.0158,true,1,9614
7290000060828,false,פסטה קרניים בינוניות אסם (500 גרם),קבוצת אוסם סחר שותפות מוגבלת,,פסטה קרניים בינוניות,גרמים,500.00,100 גרם,false,,6.90,0.0138,true,1,9620
7290000060880,false,פסטה ספגטי מספר 8 אסם 500 גרם,קבוצת אוסם סחר שותפות מוגבלת,,ספגטי אסם 500 גרם,גרמים,500.00,100 גרם,false,,6.90,0.0138,true,1,9623
7290000060903,false,פסטה אסם פתיתים אפויים אורז 500גר,קבוצת אוסם סחר שותפות מוגבלת,,פתיתים אפויים אורז א,גרמים,500.00,100 גרם,false,,7.90,0.0158,true,1,9624
7290000060965,false,פסטה אסם אטריות רחבות 400גר,קבוצת אוסם סחר שותפות מוגבלת,,אטריות רחבות אסם 400,גרמים,400.00,100 גרם,false,,7.90,0.0198,true,1,9627
7290000061450,false,פתיתים אפויים קוסקוס 3 צבעים אסם 500 גרם,קבוצת אסם סחר שות. מוגבלת,,פתיתים קוסקוס 3 צבעי,גרמים,500.00,100 גרם,false,,7.90,0.0158,true,1,9635
7290000061764,false,קפה נמס מגורען רד מאג 200 גרם,קבוצת אוסם סחר שותפות מוגבלת,,נס קפה רד מאג טעם חד,גרמים,200.00,100 גרם,false,,19.90,0.0995,true,1,9636
7290000062952,false,אוסם - מיני קרוטונים למרק ולסלט 250 גרם,קבוצת אוסם סחר שותפות מוגבלת,,מיני קרוטונים למרק ו,גרמים,250.00,100 גרם,false,,16.90,0.0676,true,1,9640
7290000063102,false,קמח עוגה תופח מאליו אסם 350 גרם,קבוצת אוסם סחר שותפות מוגבלת,,קמח תופח קטן אסם 350,גרמים,350.00,100 גרם,false,,4.90,0.0140,true,1,9642
7290000063140,false,שקדי מרק רכיבים טבעיים בשקית 400 ג' אסם,קבוצת אוסם סחר שותפות מוגבלת,,שקדי מרק רכיבים טבעי,גרמים,400.00,100 גרם,false,,13.90,0.0348,true,1,9644
7290000063157,false,"קמח עוגה תופח מאליו אסם 1 ק""ג",קבוצת אוסם סחר שותפות מוגבלת,,קמח עוגה תופח מאליו,אלף,1.00,"ק""ג",false,,8.90,8.9000,true,1,9645
7290000064758,false,קוסקוס בינוני אמיתי אסם 350 ג',קבוצת אוסם סחר שותפות מוגבלת,,קוסקוס אמיתי אסם 350,גרמים,350.00,100 גרם,false,,8.90,0.0254,true,1,9648
7290000065557,false,אוסם - מנה חמה קוסקוס עם ירקות 84 גרם,קבוצת אוסם סחר שותפות מוגבלת,,מנה חמה קוסקוס וירקו,גרמים,84.00,100 גרם,false,,6.90,0.0821,true,1,9653
7290000065977,false,אסם חטיפי פריכונים תירס שומשום 80 גרם,קבוצת אוסם סחר שותפות מוגבלת,,חטיפי פריכונים תירס,גרמים,80.00,100 גרם,false,,8.90,0.1113,true,1,9657
7290000066141,false,ביסלי חטיף בטעם גריל אסם (70 גרם),קבוצת אוסם סחר שותפות מוגבלת,,ביסלי גריל 70 גר'.,גרמים,70.00,100 גרם,false,,4.40,0.0629,true,1,9659
7290000066196,false,ביסלי חטיף בטעם גריל אסם (200 גרם),קבוצת אוסם סחר שותפות מוגבלת,,ביסלי גריל 200גרם,גרמים,200.00,100 גרם,false,,7.90,0.0395,true,1,9664
7290000066318,false,במבה חטיף בוטנים אסם 80 גרם,קבוצת אוסם סחר שותפות מוגבלת,,במבה קלאסי 80 גרם,גרמים,80.00,100 גרם,false,,4.90,0.0613,true,1,9671
7290000066332,false,אפרופו חטיף תירס אסם (50 גרם),קבוצת אוסם סחר שותפות מוגבלת,,אפרופו 50 גרם,גרמים,50.00,100 גרם,false,,5.80,0.1160,true,1,9672
7290000066349,false,אפרופו חטיף תירס אסם (100 גרם),קבוצת אוסם סחר-שות.מוגבלת,,אפרופו 100גרם,גרמים,100.00,100 גרם,false,,9.50,0.0950,true,1,9673
7290000067407,false,פרורית מתובלת בשקית 200 גרם,קבוצת אוסם סחר שותפות מוגבלת,,פירורית מתובל שקית 2,גרמים,200.00,100 גרם,false,,7.90,0.0395,true,1,9679
7290000067544,false,פירורית זהב פירורי לחם אסם 200 גרם,קבוצת אוסם סחר שותפות מוגבלת,,אסם פירורית פירורי ל,גרמים,200.00,100 גרם,false,,7.90,0.0395,true,1,9681
7290000067599,false,מנה חמה ספגטי ברוטב בולונז אסם 65 גרם,קבוצת אוסם סחר שותפות מוגבלת,,מנה חמה ספגטי בולונז,גרמים,65.00,100 גרם,false,,6.90,0.1062,true,1,9684
7290000068138,false,אינסטנט פודינג בטעם וניל אסם 80 גרם,קבוצת אוסם סחר שותפות מוגבלת,,אסם פודינג אינסטנט ו,גרמים,80.00,100 גרם,false,,6.50,0.0813,true,1,9689
7290000068343,false,אוסם - פירכונים מאורז מלא 140 גרם,קבוצת אוסם סחר שותפות מוגבלת,,פריכונים מאורז מלא א,גרמים,140.00,100 גרם,false,,8.90,0.0636,true,1,9698
7290000068394,false,קממבר בקר גלגל גד 25,,,קממבר בקר גלגל גד 25,קילוגרמים,1.00,"ק""ג",true,,100.00,100.0000,true,1,7749
7290000068770,false,במבה יום הולדת חטיף בוטנים אסם 80 גרם,קבוצת אוסם סחר שותפות מוגבלת,,במבה יום הולדת 80גרם,גרמים,80.00,100 גרם,false,,4.90,0.0613,true,1,9700
7290000068787,false,במבה יום הולדת חטיף בוטנים אסם 25 גרם,קבוצת אוסם סחר שותפות מוגבלת,,במבה יום הולדת 25גרם,גרמים,25.00,100 גרם,false,,2.90,0.1160,true,1,9701
7290000069258,false,פסטה פרפקטו פנה ריגאטה 500 ג' אסם,קבוצת אוסם סחר-שות.מוגבלת,,פנה ריגאטה פרפקטו 50,גרמים,500.00,100 גרם,false,,7.90,0.0158,true,1,9703
7290000069364,false,פריכונים מאורז מלא ללא תוספת סוכר אסם 140 גרם,קבוצת אוסם סחר שותפות מוגבלת,,פריכונים מאורז מלא ל,גרמים,140.00,100 גרם,false,,8.90,0.0636,true,1,9704
7290000069715,false,אוסם - חטיפי קרקר מלוח 300 גרם,קבוצת אסם סחר שות. מוגבלת,,אסם חטיפי קרקר מלוח,גרמים,300.00,100 גרם,false,,12.90,0.0430,true,1,9707
7290000070308,false,אבקת מרק עוף אמיתי בשרי אסם 400 גרם,קבוצת אוסם סחר שותפות מוגבלת,,מרק עוף אמיתי אסם 40,גרמים,400.00,100 גרם,false,,24.90,0.0622,true,1,9710
7290000072067,false,במבה חטיף בוטנים במילוי קרם חלבה 60 גרם,קבוצת אסם סחר שות. מוגבלת,,במבה במילוי קרם חלבה,גרמים,60.00,100 גרם,false,,4.90,0.0817,true,1,9722
7290000072623,false,קטשופ אסם בקבוק לחיץ 750 גרם,קבוצת אוסם סחר שותפות מוגבלת,,אסם קטשופ בקבוק לחיץ,גרמים,750.00,100 גרם,false,,12.50,0.0167,true,1,9725
7290000072753,false,קפה נמס מגורען טסטרס צ'ויס 200 גרם-,קבוצת אוסם סחר שותפות מוגבלת,,נס קפה טייסטרס צ'ויס,גרמים,200.00,100 גרם,false,,33.90,0.1695,true,1,9727
7290000072777,false,קפה נמס מגורען נטול קפאין טסטרס צ'ויס 200 גרם,קבוצת אוסם סחר שותפות מוגבלת,,טייסטרס צוייס נטול ק,גרמים,200.00,100 גרם,false,,40.60,0.2030,true,1,9729
7290000073774,false,מנה חמה נודלס אטר+ירקות טעם צילי 70 גרם,קבוצת אוסם סחר שותפות מוגבלת,,מנה חמה נודלס בטעם פ,גרמים,70.00,100 גרם,false,,6.90,0.0986,true,1,9736
7290000074184,false,ביסקוויט פתי בר אסם (500 גרם),קבוצת אוסם סחר שותפות מוגבלת,,אסם פתי בר 500גרם.,גרמים,500.00,100 גרם,false,,12.00,0.0240,true,1,9738
7290000074245,false,אוסם - קרם קרקר אסם 250 גרם,קבוצת אוסם סחר שותפות מוגבלת,,אסם קרם קרקר 250גרם,גרמים,250.00,100 גרם,false,,11.90,0.0476,true,1,9739
7290000074252,false,אסם קרקר שומשום 250 גרם,קבוצת אוסם סחר שותפות מוגבלת,,אסם קרקר שומשום 250ג,גרמים,250.00,100 גרם,false,,9.90,0.0396,true,1,9740
7290000074375,false,אוסם - קרקר זהב 150 גרם,קבוצת אוסם סחר שותפות מוגבלת,,אסם קרקר זהב 150גרם,גרמים,150.00,100 גרם,false,,8.50,0.0567,true,1,9743
7290000075693,false,עוגת הבית שמרים בריוש שוקולד אסם 360 גרם,קבוצת אסם סחר שות. מוגבלת,,עוגת שמרים בריוש שוק,גרמים,360.00,100 גרם,false,,18.50,0.0514,true,1,9754
7290000077253,false,אוסם - לחמית כפרית עם דגנים מלאים 190 גרם,קבוצת אסם סחר שות. מוגבלת,,לחמית כפרית 190גרם,גרמים,190.00,100 גרם,false,,11.90,0.0626,true,1,9759
7290000078212,false,קרוטונים מתובלים למרק אסם (250 גרם),קבוצת אוסם סחר שותפות מוגבלת,,קרוטונים מתובלים אסם,גרמים,250.00,100 גרם,false,,15.90,0.0636,true,1,9761
7290000078762,false,אוסם - חטיפי פריכונים מאורז מלא בטעם דבש 80גר,קבוצת אוסם סחר-שות.מוגבלת,,חטיפי פריכונים אורז,גרמים,80.00,100 גרם,false,,8.90,0.1113,true,1,9763
7290000079233,false,קרם קרקר דיאטטי דל נתרן 250 גרם,קבוצת אוסם סחר שותפות מוגבלת,,אסם קרם קרקר דל נתרן,גרמים,250.00,100 גרם,false,,11.90,0.0476,true,1,9764
7290000081663,false,"בייגלה טבעות שומשום אסם 300 גרם בד""ץ",קבוצת אוסם סחר שותפות מוגבלת,,בייגלה אסם טבעות שומ,גרמים,300.00,100 גרם,false,,11.90,0.0397,true,1,9768
7290000085180,false,גטניו פתי בר וניל 470 גרם,"אחים גטניו בע""מ",,גטניו - פתיבר וניל 4,גרמים,470.00,100 גרם,false,,9.90,0.0211,true,1,22892
7290000095408,false,נעם 28% חריץ מעדניה,,,נעם 28% חריץ מעדניה,קילוגרמים,1.00,"ק""ג",true,,44.79,44.7900,true,1,3466
7290000095422,false,נעם22%חריץ מעדניה טר,,,גבינת נועם 22% חריץ,קילוגרמים,1.00,"ק""ג",true,,42.58,42.5800,true,1,3468
7290000100081,false,לחמניה קשר/קלועה,,,לחמניה קשר/קלועה,יח',1.00,יח',false,,3.20,3.2000,true,1,18807
7290000100135,false,פירות קפואים סנפרוסט דובדבן 300 גר,תנובה ענף ב.ע.ד,,סדרת פירות קפואים-דו,גרמים,300.00,100 גרם,false,,19.90,0.0663,true,1,13504
7290000101927,false,אוכמניות כחולות מוקפאות סנפרוסט 300 גרם,תנובה ענף ב.ע.ד,,אוכמניות כחולות מוקפ,גרמים,300.00,100 גרם,false,,17.90,0.0597,true,1,13516
7290000101941,false,אננס חתוך מוקפא סנפרוסט (300 גרם),תנובה ענף ב.ע.ד,,אננס מוקפא 300 גרם,גרמים,300.00,100 גרם,false,,17.90,0.0597,true,1,130706
7290000101958,false,מנגו חתוך מוקפא סנפרוסט (300 גרם),תנובה ענף ב.ע.ד,,מנגו מוקפא 300 גרם,גרמים,300.00,100 גרם,false,,17.90,0.0597,true,1,13518
7290000103433,false,"לקט ירקות לתנור 800 גרם ""סנפרוסט""",תנובה מרכז שיתופי לשיווק תוצרת,,לקט ירקות לתנור 800,גרמים,800.00,100 גרם,false,,24.90,0.0311,true,1,13522
7290000103457,false,מיני כרובית סנפרוסט (600 גרם),"סנפרוסט בע""\מ",,מיני כרובית 600 גרם,גרמים,600.00,100 גרם,false,,14.90,0.0248,true,1,13523
7290000103471,false,מיני ברוקולי סנפרוסט 600 גרם,תנובה ענף ב.ע.ד,,סנפרוסט מיני ברוקולי,גרמים,600.00,100 גרם,false,,14.90,0.0248,true,1,13524
7290000103839,false,מרק כתום עשיר בירקות סנפרוסט (572 גרם),תנובה מרכז שיתופי לשיווק תוצרת,,סנפרוסט מרק כתום קפו,גרמים,572.00,100 גרם,false,,18.90,0.0330,true,1,13535
7290000103846,false,מרק אפונה עשיר בירקות סנפרוסט (572 גרם),תנובה מרכז שיתופי לשיווק תוצרת,,סנפרוסט מרק אפונה קפ,גרמים,570.00,100 גרם,false,,19.90,0.0349,true,1,13536
7290000103860,false,מרק עדשים עשיר בירקות סנפרוסט (572 גרם),תנובה מרכז שיתופי לשיווק תוצרת,,סנפרוסט מרק עדשים קפ,גרמים,572.00,100 גרם,false,,19.90,0.0348,true,1,13537
7290000103877,false,מרק שעועית עשיר בירקות סנפרוסט (644 גרם),תנובה מרכז שיתופי לשיווק תוצרת,,סנפרוסט מרק שעועית ק,גרמים,644.00,100 גרם,false,,18.90,0.0293,true,1,13538
7290000104201,false,אפונה עדינה מוקפאת סנפרוסט (600 גרם),"איי, בי, אינבוו",,אפונה עדינה סנפרוסט,גרמים,600.00,100 גרם,false,,17.90,0.0298,true,1,13541
7290000104225,false,בצל קצוץ 600 גרם סנפרוסט,"סנפרוסט בע""\מ",,בצל קצוץ סנפרוסט 600,גרמים,600.00,100 גרם,false,,19.90,0.0332,true,1,13543
7290000104676,false,אפונה קפואה סנפרוסט 800 גרם,תנובה מרכז שיתופי לשיווק תוצרת,,אפונת גינה סנפרוסט 8,גרמים,800.00,100 גרם,false,,17.90,0.0224,true,1,13545
7290000104683,false,שעועית ירוקה שלמה סנפרוסט (800 גרם),תנובה מרכז שיתופי לשיווק תוצרת,,שעועית שלמה סנפרוסט,גרמים,800.00,100 גרם,false,,19.90,0.0249,true,1,13546
7290000104744,false,כרובית מוקפאת סנפרוסט (800 גרם),תנובה מרכז שיתופי לשיווק תוצרת,,כרובית 800גר,גרמים,800.00,100 גרם,false,,27.90,0.0349,true,1,13552
7290000104768,false,עלי תרד סנפרוסט (800 גרם),תנובה מרכז שיתופי לשיווק תוצרת,,תרד עלים 800 גרם,גרמים,800.00,100 גרם,false,,29.40,0.0367,true,1,13554
7290000104799,false,שעועית לבנה מבושלת סנפרוסט (800 גרם),תנובה מרכז שיתופי לשיווק תוצרת,,שעועית לבנה מבושלת 8,גרמים,800.00,100 גרם,false,,19.80,0.0248,true,1,13556
7290000104805,false,גרגירי חומוס מבושלים סנפרוסט 800 גרם,תנובה מרכז שיתופי לשיווק תוצרת,,גרגירי חומוס קפוא 80,גרמים,800.00,100 גרם,false,,19.70,0.0246,true,1,13557
7290000104829,false,קלחי תירס חתוכים סנפרוסט 1 קילו,תנובה מרכז שיתופי לשיווק תוצרת,,"קלחוני תירס 1 ק""ג",אלף,1.00,"ק""ג",false,,19.90,19.9000,true,1,13558
7290000104874,false,לקט מוקפא לקוסקוס סנפרוסט (800 גרם),תנובה מרכז שיתופי לשיווק תוצרת,,לקט קוסקוס 800גר,גרמים,800.00,100 גרם,false,,24.90,0.0311,true,1,13560
7290000104911,false,לקט נורמנדי מוקפא סנפרוסט (800 גרם),תנובה מרכז שיתופי לשיווק תוצרת,,לקט נורמנדי 800גר,גרמים,800.00,100 גרם,false,,24.90,0.0311,true,1,13563
7290000107295,false,תפרחות ברוקולי סנפרוסט 800 גרם,תנובה מרכז שיתופי לשיווק תוצרת,,תפרחות ברוקולי 800ג,גרמים,800.00,100 גרם,false,,29.90,0.0374,true,1,13568
7290000111353,false,מיונז אמיתי תלמה (1 קג),"יוניליוור ישראל שיווק בע""מ",,מיונז 1 קג,אלף,1.00,"ק""ג",false,,16.90,16.9000,true,1,5581
7290000111360,false,חרדל אמיתי חריף 250 גרם בצנצנת כשלפ,יוניליוור ישראל שיווק בע`מ,,חרדל אמיתי 250 גרם מ,גרמים,250.00,100 גרם,false,,7.90,0.0316,true,1,5582
7290000112220,false,טחינה גולמית שומשום טהור בארכה 500 גרם,קבוצת אוסם סחר שותפות מוגבלת,,בארכה טחינה 100% שומ,גרמים,500.00,100 גרם,false,,15.90,0.0318,true,1,9769
7290000117720,false,נמס בכוס פטריות קנור 21.5 גרם מארז זוגי,"יוניליוור ישראל שיווק בע""מ",,מרק נמס בכוס פטריות,גרמים,43.00,100 גרם,false,,7.90,0.1837,true,1,5600
7290000120836,false,מיונז אמיתי הלמנס (394 גרם),"יוניליוור ישראל שיווק בע""מ",,מיונז הלמנס 394 גרם,גרמים,394.00,100 גרם,false,,10.00,0.0254,true,1,5604
7290000122607,false,עמק לייט 9% חריץ כשר,,,עמק לייט 9% חריץ כשר,קילוגרמים,1.00,"ק""ג",true,,72.00,72.0000,true,1,13641
7290000133117,false,בולגרית מעודנת השומר,,,בולגרית מעודנת השומר,קילוגרמים,1.00,"ק""ג",true,,55.00,55.0000,true,1,7832
7290000133148,false,צפתית רכה5% שומרון מ,,,צפתית רכה5% שומרון מ,קילוגרמים,1.00,"ק""ג",true,,58.00,58.0000,true,1,7833
7290000133193,false,בולג.קלאסית שומרון,,,בולג.קלאסית שומרון,קילוגרמים,1.00,"ק""ג",true,,60.00,60.0000,true,1,7834
7290000134833,false,כמון טחון בקופ' 100 גר' טעם וריח,"תבליני טעם וריח בע""מ",,טעם וריח ת.כמון במיכ,גרמים,100.00,100 גרם,false,,12.80,0.1280,true,1,23540
7290000134840,false,כורכום טחון בקופ' 100 גר' טעם וריח,"תבליני טעם וריח בע""מ",,טעם וריח ת.כורכום במ,גרמים,100.00,100 גרם,false,,12.50,0.1250,true,1,23541
7290000134857,false,פפריקה מתוקה בקופ' 100 גר' טעם וריח,"תבליני טעם וריח בע""מ",,טעם וריח ת.פפריקה מת,גרמים,100.00,100 גרם,false,,11.80,0.1180,true,1,23542
7290000134864,false,פפריקה חריפה בקופ' 100 גר' טעם וריח,"תבליני טעם וריח בע""\מ",,תבלין פפריקה חריפה ט,גרמים,100.00,100 גרם,false,,11.80,0.1180,true,1,23543
7290000134871,false,פלפל שחור טחון בקופ' 100 גר' טעם וריח,"תבליני טעם וריח בע""מ",,טעם וריח ת. פלפל שחו,גרמים,100.00,100 גרם,false,,16.90,0.1690,true,1,23544
7290000135465,false,"מי סודה 500 מ""ל - מארז 12 בקבוקים","טמפו משקאות בע""\מ",,מארז תריסר סודה טמפו,ליטרים,6.00,100 ליטר,false,,30.90,5.1500,true,1,81380
7290000135625,false,"רביעיית פחיות בירה גולדסטאר 500 מ""ל",טמפו משקאות בעמ,,גולדסטאר פחיות 4*500,ליטר,2.00,ליטר,false,,30.90,15.4500,true,1,81063
7290000136653,false,בירה שחורה נשר מאלט דיאט בקבוק 1.5ל`,"טמפו משקאות בע""\מ",,נשר מאלט דיאט 1.5 לי,ליטר,1.50,ליטר,false,,9.90,6.6000,true,1,120614
7290000136790,false,טמפו מי סודה 6*1.5 ליטר פיקדון,"טמפו משקאות בע""\מ",,טמפו סודה 6*1.5 ליטר,ליטר,9.00,ליטר,false,,19.60,2.1778,true,1,120738
7290000136844,false,מארז מים מזוככים אקווה נובה שישיית 2 ליטר,"טמפו משקאות בע""\מ",,אקווה נובה 6*2 ליטר,ליטר,12.00,ליטר,false,,12.90,1.0750,true,1,120641
7290000136868,false,סאן בנדטו - מים מינרלים - מארז שישיית 1.5 ליטר,אקווה מינרלה סאן בנדטו ב,,מים סאן בנדטו 6* 1.5,ליטר,9.00,ליטר,false,,19.90,2.2111,true,1,120657
7290000136875,false,שישיית מים מינרליים מוגזים סן בנדטו 1.5 ליטר,סאן בנדטו San Benedetto,,סאן בנדטו מים מינרלי,ליטר,9.00,ליטר,false,,19.90,2.2111,true,1,120722
7290000137513,false,גלידונית גלידה וניל בציפוי שוקולד 60 יח' קרמיסימו,"גלידת שטראוס בע""\מ, רחוב",,קרמיסימו גלידונית ש.,גרמים,700.00,100 גרם,false,,50.90,0.0727,true,1,2459
7290000141848,false,מחלבת פנחס גבינה בול,,,מחלבת פנחס גבינה בול,קילוגרמים,1.00,"ק""ג",true,,79.00,79.0000,true,1,8679
7290000143187,false,שמפו ומרכך לגבר הוואי (700 מל),שוורצקוף& הנקל דיסלד,,שמפו לגבר הוואי 700,מיליליטרים,700.00,"100 מ""ל",false,,10.90,0.0156,true,1,4501
7290000143255,false,הוואי שמפו לשיער רגיל 700 מל ירוק,שוורצקוף& הנקל דיסלד,,שמפו רגיל הוואי 700,מיליליטרים,700.00,"100 מ""ל",false,,10.90,0.0156,true,1,4505
7290000144160,false,"שמן זית כתית מעולה ארומתי עץ הזית 750 מ""ל","מרקאולאו, ספרד.אבסה,",,שמן זית כתית מעולה א,מיליליטרים,750.00,"100 מ""ל",false,,37.90,0.0505,true,1,15929
7290000144474,false,שמן עץ הזית קנולה 1 ליטר בריאות מהטבע,סוגת תעשיות בעמ,,שמן קנולה בריאות עץ,ליטר,1.00,ליטר,false,,17.90,17.9000,true,1,15931
7290000146669,false,הוואי - סבון מוצק שמיים כחולים 100 גרם רביעייה,טרופיקל דגיל קוסמטיק,,סבון מוצק שמיים כחול,גרמים,400.00,100 גרם,false,,12.90,0.0323,true,1,4512
7290000148748,false,קליית גת גרעיני חמניה קלויים ומומלחים200,ליימן שליסל בעמ,,גרעיני חמניה 200 גרם,גרמים,200.00,100 גרם,false,,7.90,0.0395,true,1,6769
7290000148939,false,שקדים קלויים קליית גת (200 גרם),ליימן שליסל בעמ,,שקדים קלויים 200 גרם,גרמים,200.00,100 גרם,false,,21.90,0.1095,true,1,6770
7290000150352,false,פסטרמה איטלקית במשקל,עיצובים 2020 (4.9),,פסט.איטלקית ע.ט.,קילוגרמים,1.00,"ק""ג",true,,85.00,85.0000,true,1,10384
7290000153469,false,קציצות עוף קלאסיות 100% רכיבים טבעיים,קבוצת אסם סחר שות. מוגבלת,,עוף טוב קציצות עוף ק,גרמים,600.00,100 גרם,false,,34.90,0.0582,true,1,10415
7290000169538,false,"נמס בכוס עגבניות וקרוטונים מרק כשרות בד""ץ 62 ג' קנור",יוניליוור ישראל שיווק בע`מ,,נמס בכוס עגבניות וקר,גרמים,62.00,100 גרם,false,,7.90,0.1274,true,1,5644
7290000174723,false,שוקולית אבקה להכנת משקה שוקו 500 גרם,הנסיך- מפעל לייצור ט,,שוקולית 500 גרם,גרמים,500.00,100 גרם,false,,11.90,0.0238,true,1,11790
7290000175760,false,מנציגו כבשים ויליפו,,,מנציגו כבשים ויליפו,קילוגרמים,1.00,"ק""ג",true,,116.00,116.0000,true,1,1808
7290000178707,false,חטיף צ`יפס בטעם טבעי תפוצ`יפס (50 גרם),"שטראוס פריטו ליי בע""\מ )",,תפוציפס טבעי 50 גרם,גרמים,50.00,100 גרם,false,,4.50,0.0900,true,1,12872
7290000178721,false,חטיף צ`יפס בטעם טבעי תפוצ`יפס (200 גרם),"שטראוס פריטו ליי בע""\מ )",,תפוציפס טבעי 200 גרם,גרמים,200.00,100 גרם,false,,9.90,0.0495,true,1,12873
7290000187860,false,מגבוני טואלט לחים לילי דיספנסר 40יח',קימברלי קלארק ישראל שיווק בעמ,,לילי נייר טואלט לח ד,אין,0.00,יחידה,false,,8.90,0.0000,true,1,4816
7290000187921,false,נייר טואלט דו שכבתי לבן לילי 32 יחידות,קימברלי קלארק ישראל שיווק בעמ,,"נייר טואלט ""לילי"" לב",מטרים,588.00,מטר,false,,42.90,0.0730,true,1,4818
7290000187938,false,לילי - נייר טואולט נייר טואלט פסטל 32 יח',קימברלי קלארק ישראל שיווק בעמ,,"נייר טואלט ""לילי"" פס",מטרים,588.00,מטר,false,,41.90,0.0713,true,1,4819
7290000187952,false,לילי טריפל קומפורט ורוד נ.טואלט 32 גלילי,קימברלי קלארק ישראל שיווק בעמ,,נייר טאולט לילי טריו,מטרים,537.00,מטר,false,,45.90,0.0855,true,1,4820
7290000189192,false,סופר מטלית מטליות נייר רב פעמיות ניקול 64 יחידות,קימברלי קלארק ישראל שיווק בעמ,,ניקול מטלית חכמה יומ,יח',64.00,יח',false,,19.90,0.3109,true,1,4832
7290000189659,false,מטליות לחות לרצפה ניקול 10 יח'-מרכז,קימברלי קלארק ישראל שיווק בעמ,,ניקול מטליות לחות לר,אין,0.00,יחידה,false,,11.50,0.0000,true,1,4845
7290000189734,false,מטליות לחות לניקוי פרקט ניקול 10 יחידות,קימברלי קלארק ישראל שיווק בעמ,,ניקול מטליות לחות לפ,אין,0.00,יחידה,false,,21.40,0.0000,true,1,4846
7290000191539,false,חמישיית ממחטות טישו צבועני לילי 100 יחידות,קימברלי קלארק ישראל שיווק בעמ,,לילי צבעוני חמישיה-9,אין,0.00,יחידה,false,,13.90,0.0000,true,1,4859
7290000191652,false,שלישיית ממחטות אולטרה סופט קלינקס 90 יחידות,קימברלי קלארק ישראל שיווק בעמ,,קלינקס קלאסיק ניילון,אין,0.00,יחידה,false,,10.90,0.0000,true,1,4862
7290000192581,false,מגבת נייר גליל כפול ניקול 12=6 גליל,קימברלי קלארק ישראל שיווק בעמ,,מגבת כפולה ניקול 6=1,מטרים,129.70,מטר,false,,21.90,0.1689,true,1,4865
7290000193083,false,נובה-לי תחבושות היגייניות לילי 28 יחידות,קימברלי קלארק ישראל שיווק בעמ,,תחבושות נובה לי לילי,אין,0.00,יחידה,false,,11.90,0.0000,true,1,4868
7290000194288,false,האגיס משטחי החתלה חד פעמיים 10יח`,קימברלי קלארק ישראל שיווק בעמ,,האגיס משטחי החתלה,אין,0.00,יחידה,false,,21.70,0.0000,true,1,4877
7290000195537,false,האגיס - מגבוני האגיס דיילי קר לא מבושם 64 יח' * 4,קימברלי קלארק ישראל שיווק בעמ,,מגבוני האגיס דיילי ק,אין,0.00,יחידה,false,,19.90,0.0000,true,1,4882
7290000196763,false,"שקיות אשפה חזקות במיוחד עם שרוך 52 * 65 ס""מ ניקול 40 יחידות",קימברלי קלארק ישראל שיווק בעמ,,ניקול השקית החזקה,אין,0.00,יחידה,false,,29.50,0.0000,true,1,4889
7290000197081,false,ניקול ניילון נצמד 150 מטר+מתקן לחיתוך קל,קימברלי קלארק ישראל שיווק בעמ,,ניילונית נצמד ניקול,מטרים,150.00,מטר,false,,30.90,0.2060,true,1,4892
7290000197678,false,חיתולי האגיס פרידום דריי שלב 6 30 יחידות,קימברלי קלארק ישראל שיווק בעמ,,האגיס פרידום דריי ש,אין,0.00,יחידה,false,,45.90,0.0000,true,1,4907
7290000204147,false,רביעיית כרית יפנית עבה ניקול 4 יחידות,קימברלי קלארק ישראל שיווק בעמ,,כריות יפניות 2 ב 1 ר,אין,0.00,יחידה,false,,12.90,0.0000,true,1,4931
7290000204215,false,שישיית כרית יפנית ניקול 6 יחידות,קימברלי קלארק ישראל שיווק בעמ,,ניקול כריות יפניות 6,אין,0.00,יחידה,false,,12.90,0.0000,true,1,4932
7290000204512,false,מטליות לחות לניקוי רצפה בריח לימון ניקול 10 יחידות,קימברלי קלארק ישראל שיווק בעמ,,מטליות לחות לרצפה בר,אין,0.00,יחידה,false,,11.50,0.0000,true,1,4935
7290000207063,false,רסק עגבניות פריכוז 28% 240 גרם יכין,היינץ צפון אמריקה מק,,רוטב עגבניות פריכוז,גרמים,240.00,100 גרם,false,,4.90,0.0204,true,1,4654
7290000207162,false,רוטב עגבניות מרכיב טבעי 100 ג' יכין,זנלכול יכין,,רוטב עגבניות 100 גרם,גרמים,100.00,100 גרם,false,,2.50,0.0250,true,1,4655
7290000208077,false,אפונת גינה גדולה יכין (550 גרם),זנלכול יכין,,אפונת גינה גדולה L י,גרמים,335.00,100 גרם,false,,9.90,0.0296,true,1,4659
7290000208145,false,גרעיני תירס מתוק לייט 550 גרם יכין,זנלכול יכין,,גרעיני תירס לייט יכי,גרמים,335.00,100 גרם,false,,9.90,0.0296,true,1,4663
7290000208213,false,שעועית לבנה אפויה A2 ברוטב עגבניות יכין 560ג',היינץ צפון אמריקה מק,,שעועית לבנה ברוטב עג,גרמים,355.00,100 גרם,false,,9.90,0.0279,true,1,4665
7290000208220,false,שעועית צ`ילי מקסיקני חריף יכין (550 גרם),היינץ צפון אמריקה מק,,שעועית צילי חריף יכי,גרמים,355.00,100 גרם,false,,10.90,0.0307,true,1,4666
7290000208312,false,גרעיני תירס מתוק בואקום יכין 400 גר',"זנלכל בע""\מ",,גרעיני תירס מתוק יכי,גרמים,400.00,100 גרם,false,,7.90,0.0198,true,1,4670
7290000208329,false,גרעיני תירס מתוק יכין (550 גרם),זנלכול יכין,,גרעיני תירס מתוק יכי,גרמים,335.00,100 גרם,false,,9.90,0.0296,true,1,4671
7290000208428,false,גרגרי חומוס שלם 550 גרם יכין,היינץ צפון אמריקה מק,,חומוס שלם יכין 550 ג,גרמים,290.00,100 גרם,false,,9.90,0.0341,true,1,4677
7290000208893,false,גרעיני תירס מתוק לייט 400 גרם יכין,היינץ צפון אמריקה מק,,תירס לייט יכין 400 ג,גרמים,400.00,100 גרם,false,,6.90,0.0173,true,1,4683
7290000209012,false,חומץ 1ליטר יכין הדרים,"זנלכל בע""\מ",,חומץ הדרים 5% יכין 1,ליטר,1.00,ליטר,false,,7.90,7.9000,true,1,4687
7290000209371,false,מארז גרעיני תירס מתוק יכין (200x3 גרם),היינץ צפון אמריקה מק,,תירס שלישיה יכין 3*1,גרמים,495.00,100 גרם,false,,15.90,0.0321,true,1,4692
7290000209388,false,תירס מתוק לייט יכין 200 גרם מארז 3 יח',זנלכול יכין,,תירס לייט שלישיה יכי,גרמים,420.00,100 גרם,false,,15.90,0.0379,true,1,4693
7290000209708,false,עגבניות מרוסקות עם בזיליקום 240 גרם יכין,היינץ צפון אמריקה מק,,עגבניות מרוסקות בזיל,גרמים,260.00,100 גרם,false,,6.50,0.0250,true,1,4699
7290000209906,false,עגבניות מרוסקות בתוספת בצל 240 גרם יכין,זנלכול יכין,,עגבניות מרוסקות עם ב,גרמים,260.00,100 גרם,false,,6.50,0.0250,true,1,4702
7290000209951,false,רוטב עגבניות לפיצה 260 גרם יכין,"זנלכל בע""\מ",,רוטב עגבניות לפיצה י,מיליליטרים,260.00,"100 מ""ל",false,,6.50,0.0250,true,1,4705
7290000211169,false,"אורז תאילנדי אחד אחד סוגת 1 ק""ג",האי נאם סי או אל.טי.,,אורז תאילנדי 1 ק'ג,אלף,1.00,"ק""ג",false,,7.90,7.9000,true,1,9003
7290000211442,false,אורז בסגנון פרסי קלאסי סוגת (1 קג),האי נאם סי או אל.טי.,,סוגת אורז פרסי קלאסי,אלף,1.00,"ק""ג",false,,11.90,11.9000,true,1,9007
7290000211503,false,סוכר לבן ארוז בשקית,"סוגת תעשיות בע""\מ",,"סוכר סוגת לבן 1 ק""ג",אלף,1.00,"ק""ג",false,,4.90,4.9000,true,1,9008
7290000211985,false,אורז עגול ריזוטו אחד אחד 1 קג,"סוגת תעשיות בע""\מ",,סוגת אורז עגול 1קג,אלף,1.00,"ק""ג",false,,9.90,9.9000,true,1,9010
7290000238036,false,מלאווח מעדנות 6 יח`700 גרם קפוא,תנובה מרכז שיתופי לשיווק תוצרת,,מעדנות מלווח 700גר,גרמים,700.00,100 גרם,false,,18.90,0.0270,true,1,19892
7290000238173,false,.בורקס במילוי גבינה 800 גרם מעדנות,מיוצר עי קונדיטוריית,,בורקס גבינה מעדנות 8,גרמים,800.00,100 גרם,false,,19.90,0.0249,true,1,19893
7290000243566,false,שמן קנולה בריאות עץ הזית (750 מל),סוגת תעשיות בעמ,,שמן קנולה בריאות עץ,מיליליטרים,750.00,"100 מ""ל",false,,12.90,0.0172,true,1,15935
7290000256197,false,גאודה עיזים הולנדית,,,גאודה עיזים הולנדית,קילוגרמים,1.00,"ק""ג",true,,105.00,105.0000,true,1,29750
7290000267500,false,קליפות הדר מצופות שוקולד מריר שקדיה 200 גרם,"דין שיווק וקלייה בע""",,קליפות הדר בציפוי שו,גרמים,200.00,100 גרם,false,,11.90,0.0595,true,1,101566
7290000272696,false,מיץ לימון טבעי משומר 1 ליטר עסיס כלפ,קבוצת אוסם סחר שותפות מוגבלת,,מיץ לימון משומר עסיס,ליטר,1.00,ליטר,false,,11.90,11.9000,true,1,9774
7290000272726,false,חומץ רכיבים רכיבים טבעיים 5% עסיס 1 ליטר,קבוצת אוסם סחר שותפות מוגבלת,,חומץ טבעי 5% עסיס 1,ליטר,1.00,ליטר,false,,7.50,7.5000,true,1,9775
7290000286228,false,ספוגיות לניקוי כללי סנו סושי 6 יחידות,החברה הדרומית לשיווק בעמ,,סנו סושי שישיות כריו,אין,0.00,יחידה,false,,12.90,0.0000,true,1,16128
7290000286891,false,שמפו לרצפה מגן קריסטל סנו (1 ליטר),החברה הדרומית לשיווק בעמ,,סנו מגן קריסטל 1 לי,ליטר,1.00,ליטר,false,,32.40,32.4000,true,1,16140
7290000287195,false,"סנו רהיט ספריי עשיר בווקס להברקה 305 מ""ל",החברה הדרומית לשיווק בעמ,,סנו רהיט ספריי עשיר,מיליליטרים,305.00,"100 מ""ל",false,,16.90,0.0554,true,1,16146
7290000287492,false,"סנובון נוזל לניקוי אסלות בריח לימון סנו 750 מ""ל",החברה הדרומית לשיווק בעמ,,סנובון נוזלי בניחוח,מיליליטרים,750.00,"100 מ""ל",false,,10.90,0.0145,true,1,16151
7290000288024,false,סנו - ז'אוול אקונומיקה בריח לימון 4 ליטר,החברה הדרומית לשיווק בעמ,,סנו ז'אוול בריח לימו,ליטר,4.00,ליטר,false,,17.90,4.4750,true,1,16157
7290000288031,false,"אקונומיקה תו תקן 4 ליטר ""סנו""",החברה הדרומית לשיווק בעמ,,סנו אקנומיקה 4 ל,ליטר,4.00,ליטר,false,,12.90,3.2250,true,1,16158
7290000288079,false,סנו - ז'אוול אקונומיקה לימון 2 ליטר,החברה הדרומית לשיווק בעמ,,סנו זאוול בריח לימון,ליטר,2.00,ליטר,false,,13.90,6.9500,true,1,16160
7290000288352,false,"קוטל חרקים וזוחלים K-300 סנו 630 מ""ל",החברה הדרומית לשיווק בעמ,,K - 300,מיליליטרים,630.00,"100 מ""ל",false,,23.50,0.0373,true,1,16166
7290000288840,false,מים מזוקקים 2 ליטר לגיהוץ,החברה הדרומית לשיווק בעמ,,מים מזוקקים 2 ליטר,ליטר,2.00,ליטר,false,,14.90,7.4500,true,1,16175
7290000289601,false,סנו ז'אוול בריח לבנדר 2 ל',"סנו מפעלי ברונוס בע""מ",,אקונומיקה LEVAJ לבנד,ליטר,2.00,ליטר,false,,13.60,6.8000,true,1,16183
7290000289885,false,"מטהר אוויר ענק אושנבריז סנו פרש 375 מ""ל",החברה הדרומית לשיווק בעמ,,סנו פרש ענק אושן כחו,מיליליטרים,375.00,"100 מ""ל",false,,11.90,0.0317,true,1,16185
7290000292687,false,סנובון מוצק לניקוי אסלה קלאסיק כחול סנו 3 יחידות,החברה הדרומית לשיווק בעמ,,סנובון כחול שלישיה,גרמים,165.00,100 גרם,false,,18.90,0.1145,true,1,16198
7290000293530,false,שקית מילוי לסנו סופג לחות ומונע עובש,החברה הדרומית לשיווק בעמ,,מילוי סופג לחות,מיליליטרים,340.00,"100 מ""ל",false,,13.90,0.0409,true,1,16204
7290000293943,false,"מרסס לבן מסיר אבנית 1 ליטר אנטי קאלק ""סנו""",החברה הדרומית לשיווק בעמ,,סנו אנטי קאלק+מתז 1,ליטר,1.00,ליטר,false,,20.90,20.9000,true,1,16207
7290000295121,false,מטליות זיגזג סנו סושי לניקוי רצפות 3יח',החברה הדרומית לשיווק בעמ,,מטלית זיגזג 3יח,אין,0.00,יחידה,false,,12.90,0.0000,true,1,16213
7290000295336,false,סנו מקסימה אבקת כביסה סנסטיב מילוי1.25,החברה הדרומית לשיווק בעמ,,סנו מקסימה סנסיטיב 1,אלף,1.25,"ק""ג",false,,15.90,12.7200,true,1,16216
7290000295343,false,"אבקת כביסה מקסימה ביו 1.25 ק""ג סנו",החברה הדרומית לשיווק בעמ,,סנו מקסימה ביו 1.25,אלף,1.25,"ק""ג",false,,15.90,12.7200,true,1,16217
7290000295404,false,שקיות אשפה עם שרוך 54 * 65 סנו סושי 60 יחידות,החברה הדרומית לשיווק בעמ,,שקיות אשפה נשלפות סנ,אין,0.00,יחידה,false,,24.90,0.0000,true,1,16219
7290000295558,false,"רדיד אלומיניום רוחב 30 ס""מ סנו סושי 2 יח' 7.5 מטר",החברה הדרומית לשיווק בעמ,,צמד רדיד אלומיניום ק,מטרים,15.00,מטר,false,,12.90,0.8600,true,1,16222
7290000295572,false,"מארז זוגי מנקה אסלות 00 סנו 750 מ""ל",החברה הדרומית לשיווק בעמ,,מנקה אסלות 00 צמד,ליטר,1.50,ליטר,false,,21.90,14.6000,true,1,16224
7290000295749,false,ספוג סאקי מסאז' כיף 1 יחידה,החב. הדרומית לשיווק,,סנו ספוג סאקי כיף 26,אין,0.00,יחידה,false,,12.90,0.0000,true,1,16226
7290000300900,false,שניצל תירס מרכיבים טבעיים טבעול 750 גרם,קבוצת אוסם סחר שותפות מוגבלת,,שניצל תירס טבעול רכי,גרמים,750.00,100 גרם,false,,24.90,0.0332,true,1,10428
7290000313290,false,אסם נודלס נודלס איטריות מסולסלות 200גר,קבוצת אוסם סחר שותפות מוגבלת,,נודלס אטריות מסולסלו,אין,200.00,יחידה,false,,10.90,0.0545,true,1,9779
7290000318165,false,פסטרמה אמיתית צלויה על גחלים מעדניה,מעדני יחיעם ( 1993 ) בע`מ,,פסט.צ.על גחלים יחיעם,קילוגרמים,1.00,"ק""ג",true,,79.00,79.0000,true,1,8356
7290000319124,false,סלמי סרוולט מאפ יחיעם 250 גרם,מעדני יחיעם ( 1993 ) בע`מ,,סלמי סרוולט 250 גרם,גרמים,250.00,100 גרם,false,,39.90,0.1596,true,1,8375
7290000319520,false,נקניק סלמי צרפתי יחיעם 100 גרם,מעדני יחיעם (1993) בעמ,,סאלמי צרפתי יחיעם 10,גרמים,100.00,100 גרם,false,,22.90,0.2290,true,1,8379
7290000332350,false,פילה אמנון טרי במגש,,,פילה אמנון טרי במגש,קילוגרמים,1.00,"ק""ג",true,,89.90,89.9000,true,1,27009
7290000334684,false,תפוגן טבעות בצל לתנור 700 גרם,קבוצת אוסם סחר שותפות מוגבלת,,טבעות בצל 700 גרם,גרמים,700.00,100 גרם,false,,18.90,0.0270,true,1,10436
7290000334745,false,"ציפס אמריקאי דקדק תפוגן 1.5 ק""ג",קבוצת אוסם סחר שותפות מוגבלת,,"אמריקאן ציפס 1.5 ק""ג",אלף,1.50,"ק""ג",false,,29.90,19.9333,true,1,10437
7290000339566,false,מרכך כביסה ורוד בדין (4 ליטר),יוניליוור ישראל שיווק בע`מ,,בדין מרכך כביסה ורוד,ליטר,4.00,ליטר,false,,20.90,5.2250,true,1,5648
7290000345284,false,תה ויסוצקי קלאסי אריזה ירוקה מרובעת (100 שקיקים),תה ויסוצקי (ישראל) בעמ,,תה ויסוצקי 1.5 קלאסי,גרמים,150.00,100 גרם,false,,16.90,0.1127,true,1,13083
7290000345291,false,תה ארל גרי 1.5/ 25 שקיקים ויסוצקי,תה ויסוצקי (ישראל) בעמ,,תה ארל גריי 1.5/25,גרמים,37.50,100 גרם,false,,18.50,0.4933,true,1,13084
7290000345307,false,תה ארל גרי 1.5/ 50 שקיקים ויסוצקי,תה ויסוצקי (ישראל) בעמ,,תה ארל גריי 1.5/50,גרמים,75.00,100 גרם,false,,33.90,0.4520,true,1,13085
7290000346168,false,חליטת שומר הגן הקסום ויסוצקי 25 יחידות,תה ויסוצקי (ישראל) בעמ,,תה חליטת שומר גן קסו,גרמים,37.50,100 גרם,false,,18.90,0.5040,true,1,13092
7290000347738,false,תה ירוק בתוספת עלי נענע 25 שקיקים,תה ויסוצקי (ישראל) בעמ,,תה ירוק נענע 25 שקיק,גרמים,37.50,100 גרם,false,,26.90,0.7173,true,1,13097
7290000347752,false,תה ירוק לימונית ולואיזה 25 שקיקים *1.5 ג'' ויסוצקי,תה ויסוצקי (ישראל) בעמ,,תה ירוק לימונית ולוא,גרמים,37.50,100 גרם,false,,26.90,0.7173,true,1,13098
7290000364285,false,דקניקים סלסולי פסטרמה הודו טירת צבי 120 גרם,תנובה מרכז שיתופי לשיווק תוצרת,,טירת צבי סלסולי פסטר,גרמים,120.00,100 גרם,false,,13.90,0.1158,true,1,13416
7290000364292,false,דקניקים סלסולי פסטרמה הודו על גחלים 1% טירת צבי 120 גרם,תנובה מרכז שיתופי לשיווק תוצרת,,סלסולי פסטרמה גחלים,גרמים,120.00,100 גרם,false,,13.90,0.1158,true,1,13417
7290000364803,false,נקניקיות בקר אמריקאיות טירת צבי 500 גרם,הנסיך- מפעל לייצור ט,,נקניקיות קרנץ אמריקא,גרמים,500.00,100 גרם,false,,33.10,0.0662,true,1,13420
7290000365398,false,חזה הודו בדבשטירת צבי,תנובה בשר,,חזה הודו בדבש ט.צבי,קילוגרמים,1.00,"ק""ג",true,,89.00,89.0000,true,1,13396
7290000365909,false,פסטרמה הודו מעושנתטירת צבי,טירת- צבי,,פסט.טבעית ט.צבי מעדנ,קילוגרמים,1.00,"ק""ג",true,,89.00,89.0000,true,1,13399
7290000379128,false,חלה פרוס.וארוז500.גרם231,מאפיית שלמה א. אנג'\ל בע,,חלה פרוסה 500 גרם,גרמים,500.00,100 גרם,false,,10.60,0.0212,true,1,19768
7290000385159,false,קוביות לגולש כשר ארו,,,קוביות לגולש כשר ארו,קילוגרמים,1.00,"ק""ג",true,,79.90,79.9000,true,1,23615
7290000408316,false,יוגורט דנונה דל לקטוז 200 גרם,שטראוס גרופ בעמ/מצונן,,דנונה טבעי 3% 200מל,מיליליטרים,200.00,"100 מ""ל",false,,3.90,0.0195,true,1,12410
7290000408354,false,יוגורט עם אורז מצופה שוקולד קקאו 175 ג' דנונה,שטראוס גרופ בעמ/מצונן,,דנונה קראנצ' פצפוצים,מיליליטרים,175.00,"100 מ""ל",false,,4.90,0.0280,true,1,12411
7290000412481,false,נוזל לניקוי אסלות 00 סנו (1 ליטר),החברה הדרומית לשיווק בעמ,,מנקה אסלות 1 ליטר 00,ליטר,1.00,ליטר,false,,8.90,8.9000,true,1,16230
7290000416021,false,ממרח בטעם שוקולד השחר העולה (500 גרם),השחר העולה תעשית ממתקים בעמ,,ממרח שוקולד השחר 500,גרמים,500.00,100 גרם,false,,13.90,0.0278,true,1,15609
7290000416618,false,"ממרח שוקולד פרווה השחר 400 גרם כשל""פ",השחר העולה תעשית ממתקים בעמ,,ממרח שוקולד פרווה הש,גרמים,400.00,100 גרם,false,,13.90,0.0348,true,1,15614
7290000453019,false,שמרים טריים לאפייה שקית שמרית 50 ג',שטראוס גרופ בעמ/מצונן,,שמרית שמרים טריים לא,גרמים,50.00,100 גרם,false,,4.90,0.0980,true,1,12412
7290000453408,false,בצק פיצה דק מצונן ומוכן לאפייה שמרית 415 גרם,שטראוס גרופ בעמ/מצונן,,שמרית בצק פיצה דק מצ,גרמים,415.00,100 גרם,false,,17.90,0.0431,true,1,12414
7290000461700,false,בייגלה שמיניות גדולות מלוחות 400 גרם,יוניליוור ישראל שיווק בע`מ,,ביגלה שמיניות גדולות,גרמים,400.00,100 גרם,false,,15.90,0.0398,true,1,5659
7290000462103,false,סחוג תימני אדום חריף עדין זהבי הכרם 150 גרם,שטראוס גרופ בעמ/מצונן,,סחוג אדום חריף עדין,גרמים,150.00,100 גרם,false,,8.90,0.0593,true,1,12419
7290000467153,false,מלך החומוס סמיר הגדול 400 גרם צבר,קבוצת אוסם סחר שותפות מוגבלת,,צבר חומוס סמיר הגדול,גרמים,400.00,100 גרם,false,,14.20,0.0355,true,1,10441
7290000467320,false,מלך החומוס אבו מרוואן 400 גרם,קבוצת אוסם סחר שותפות מוגבלת,,צבר חומוס אבו מרוואן,גרמים,400.00,100 גרם,false,,14.20,0.0355,true,1,10442
7290000474090,false,"חלב בקרטון 1%- 1 ליטר בד""צ - מוצר בפיקוח",*החברה המרכזית להפצת משקאותבעמ,,טרה חלב בקרטון 1% 1ל,ליטר,1.00,ליטר,false,,5.86,5.8600,true,1,3481
7290000474540,false,גבינה טוב טעם 3% טרה 250ג' מהדרין,החברה המרכזית טלהפצת משקאות בע,,טוב טעם גבינה 3% 250,גרמים,250.00,100 גרם,false,,11.70,0.0468,true,1,3486
7290000480442,false,קוואקר שיבולת שועל בשקית 500 גרם,שטראוס פריטו ליי בע`מ,,שיבולת שועל בשקית קו,גרמים,500.00,100 גרם,false,,14.90,0.0298,true,1,12875
7290000484747,false,"ארק עלית 700 מ""ל 40% יקב הגליל*",יקב הגליל יוסף גולד ובניו,,"עלית הארק 40% 700 מ""",מיליליטרים,700.00,"100 מ""ל",false,,60.90,0.0870,true,1,15629
7290000504049,false,סוכרזית קלאסי קנקן 1200 טבליות,אף.סי תבליני בגליל ב,,סוכרזית קנקן 1200 טב,גרמים,984.00,100 גרם,false,,21.90,0.0223,true,1,11813
7290000504278,false,ממתיק סוכרזית אריזת פטנט 700 טבליות,אף.סי תבליני בגליל ב,,סוכרזית פטנט 700 טבל,גרמים,574.00,100 גרם,false,,16.90,0.0294,true,1,11816
7290000511904,false,בייבי אדם הולנד וילי,,,*מבצע* בייבי אדם הול,קילוגרמים,1.00,"ק""ג",true,,65.00,65.0000,true,1,1822
7290000518220,false,ממתיק סוכרה דיאט 100 יחידות,מתוק וקל בעמ,,סוכרה דיאט 100 יח,גרמים,80.00,100 גרם,false,,30.90,0.3862,true,1,8414
7290000521008,false,יין אדום יבש של סגל (750 מל),"כרמי צבי - אחים סגל בע""\",,אדום יבש סגל.,מיליליטרים,750.00,"100 מ""ל",false,,22.90,0.0305,true,1,5172
7290000522166,false,חלב הרים טהור-עמיד- נטול לקטוז 1 לי 3%,"מחלבות רמת הגולן בע""",,חלב הרים טהור נ.לקטו,ליטר,1.00,ליטר,false,,11.50,11.5000,true,1,13222
7290000522272,false,"שמנת לקפה רמת הגולן 10% 500 מ""ל עמידה",מחלבות רמת הגולן,,חלב הרים שמנת לקפה 1,מיליליטרים,500.00,"100 מ""ל",false,,9.90,0.0198,true,1,13223
7290000523125,false,מלח הארץ הים האדום 250 ג' עדין,"חברת מלח הארץ אילת בע""\מ",,מלח ים יבש הארץ 250,גרמים,250.00,100 גרם,false,,6.90,0.0276,true,1,9012
7290000523224,false,מלח הארץ הים האדום 500 ג' עדין,"חברת מלח הארץ אילת בע""\מ",,מלח ים יבש הארץ 500,גרמים,500.00,100 גרם,false,,8.90,0.0178,true,1,9013
7290000523514,false,מלח ים יבש מופחת נתרן מלח הארץ (250 גרם),"חברת מלח הארץ אילת בע""\מ",,מלח 50% פחות נתרן הא,גרמים,250.00,100 גרם,false,,11.00,0.0440,true,1,9014
7290000525969,false,מיץ תפוזים סחוט רכיבים טבעיים פרימור 1 ליטר,שטראוס גרופ בעמ/מצונן,,פרימור מיץ תפוזים 1ל,ליטר,1.00,ליטר,false,,17.20,17.2000,true,1,12425
7290000530178,false,קוניאק זוגלובק שקילה,זוגלובק שיווק בעמ,,סלמי קוניאק זוגלובק.,קילוגרמים,1.00,"ק""ג",true,,89.00,89.0000,true,1,21899
7290000532400,false,פסטרמה חזה הודו ברביקיו זוגלובק,נקניק זוגלובק נהריה,,ברביקיו חזה הודו זוג,קילוגרמים,1.00,"ק""ג",true,,89.00,89.0000,true,1,21905
7290000534718,false,פסטרמה הודו תבור 1% שומן זוגלובק,נקניק זוגלובק נהריה,,תבור חזה מעושן ד.ש.,קילוגרמים,1.00,"ק""ג",true,,89.00,89.0000,true,1,21910
7290000534800,false,פסטרמה הודו רומני מעדניה,נקניק זוגלובק נהריה,,פסטרמה רומנית 4% זוג,קילוגרמים,1.00,"ק""ג",true,,89.00,89.0000,true,1,21911
7290000537603,false,"נקניקיות עוף 1 ק""ג זוגלובק.",זוגלובק שיווק בעמ,,"נקנקיות עוף 1 ק""ג -ז",אלף,1.00,"ק""ג",false,,32.90,32.9000,true,1,21935
7290000552569,false,סטייקבורגר בקר טיבון ויל 400 גרם,"טיבון ויל אחזקות בע""\מ",,סטייק בורגר 400 ג'-ט,גרמים,400.00,100 גרם,false,,23.90,0.0597,true,1,8771
7290000552934,false,בשר הודו קפוא טחון טיבון ויל (500 גרם),"טיבון ויל אחזקות בע""\מ",,טחון הודו 500 גרם,גרמים,500.00,100 גרם,false,,15.90,0.0318,true,1,8773
7290000552989,false,בשר טחון טיבון ויל 500 גרם,"טיבון ויל אחזקות בע""\מ",,בשר עגל טחון קפוא 50,גרמים,500.00,100 גרם,false,,22.90,0.0458,true,1,84326
7290000554457,false,גבינה צפתית 5% 350 גרם - רבנות,מחלבות גד שיווק 1992 בעמ,,גד צפתית מיני 5% 350,גרמים,350.00,100 גרם,false,,22.90,0.0654,true,1,7755
7290000554532,false,גבינה צפתית מעודנת במלח ים 5% 200 ג' גד,מחלבות גד שיווק 1992 בעמ,,גד צפתית מעודנת במלח,גרמים,200.00,100 גרם,false,,15.90,0.0795,true,1,7757
7290000554686,false,גבינת לאבנה בתוספת שמן זית וזעתר 5% גד 250 גרם,מחלבות גד שיווק 1992 בעמ,,גד לאבנה בשמן זית וז,גרמים,250.00,100 גרם,false,,15.90,0.0636,true,1,7760
7290000554822,false,ריקוטה גבינה לבנה בסגנון איטלקי 5% גד 250 גרם,מחלבות גד שיווק 1992 בעמ,,גד ריקוטה טבעי 5% 25,גרמים,250.00,100 גרם,false,,15.90,0.0636,true,1,7761
7290000560540,false,אדג`פרו ג`ל לגילוח עור רגיש כתום220,המאפיה של הרמן,,ג'ל גילוח כתום לעור,מיליליטרים,200.00,"100 מ""ל",false,,17.90,0.0895,true,1,3133
7290000561585,false,קבוקים 200 גרם פיצוחי חממה,בוטנת בעמ חברה לקלייה ואריזת פ,,קבוקים 200ג - חממה,גרמים,200.00,100 גרם,false,,6.50,0.0325,true,1,842
7290000561981,false,אגוז מלך קלוף פיצוחי חממה (200 גרם),בוטנת בעמ חברה לקלייה ואריזת פ,,אגוז מלך 200ג,גרמים,200.00,100 גרם,false,,23.90,0.1195,true,1,846
7290000599847,false,רב מגבת קלאסיק.,מ.א.ייצור ויבוא מטליות בעמ,,רב מגבת מויסקו,אין,0.00,יחידה,false,,8.90,0.0000,true,1,7257
7290000604343,false,תמרים פרי שמש 400ג*,שושן (פירות)יבשים בעמ,,תמר דקל נור 400גר,גרמים,400.00,100 גרם,false,,9.90,0.0248,true,1,23785
7290000644783,false,נתחי פילה סלמון קפוא קג,תנובה קפואים,,דגי תנובה נתחי פילה,קילוגרמים,1.00,"ק""ג",true,,89.90,89.9000,true,1,14329
7290000655376,false,פילה דניס קפוא בוואקום 100% דג תנובה,תנובה קפואים,,פילה דניס קפוא,קילוגרמים,1.00,"ק""ג",true,,89.90,89.9000,true,1,76939
7290000658926,false,"פילה מרלוזה קפוא 100% ""תנובה""",דגי תנובה,,פילה מרלוזה קפוא 100,קילוגרמים,1.00,"ק""ג",true,,32.90,32.9000,true,1,76940
7290000659312,false,דגי תנובה פילה סלומון קפוא בוואקום,תנובה בשר,,דגי תנובה פילה סלמון,קילוגרמים,1.00,"ק""ג",true,,79.90,79.9000,true,1,14336
7290000662817,false,סלמון מעושן 100 גרם נורבגי מדג טרי,דגיים קפואים,,סלמון מעושן פרוס 100,גרמים,100.00,100 גרם,false,,19.90,0.1990,true,1,53298
7290000663036,false,פילה אמנון קפוא ללא עור 100% דג תנובה,תנובה מרכז שיתופי לשיווק תוצרת,,פילה אמנון ללא עור 1,קילוגרמים,1.00,"ק""ג",true,,44.90,44.9000,true,1,76941
7290000688381,false,מים מינרלים פקק ספורט מי עדן (500x6 מל),יפאורה שותפות מוגבלת לשיווק,,מי עדן פקק ספורט 6*5,ליטר,3.00,ליטר,false,,15.90,5.3000,true,1,6227
7290000688503,false,"מים מינרלים פקק ספורט מי עדן 6*750 מ""ל",יפאורה שותפות מוגבלת לשיווק,,מי עדן ג'ים 6*750מל,ליטר,4.50,ליטר,false,,18.90,4.2000,true,1,6230
7290000692210,false,נוזל לניקוי כללי ורצפות בניחוח לבנדר אג'קס 2 ליטר,הנסיך- מפעל לייצור ט,,אג'קס ניקוי כללי ורצ,ליטר,2.00,ליטר,false,,24.90,12.4500,true,1,11321
7290000707352,false,שניצל עוף טרי ארוז,,,שניצל עוף טרי ארוז,קילוגרמים,1.00,"ק""ג",true,,38.90,38.9000,true,1,9397
7290000707369,false,כרעיים עוף טרי ארוז,,,כרעיים עוף טרי ארוז,קילוגרמים,1.00,"ק""ג",true,,29.90,29.9000,true,1,9398
7290000707383,false,שוקיים עוף טרי ארוז,,,שוקיים עוף טרי ארוז,קילוגרמים,1.00,"ק""ג",true,,34.90,34.9000,true,1,9400
7290000707420,false,עוף שלם טרי ארוז,,,עוף שלם טרי ארוז,קילוגרמים,1.00,"ק""ג",true,,19.90,19.9000,true,1,9402
7290000707543,false,פילה עוף טרי ארוז,,,פילה עוף טרי ארוז,קילוגרמים,1.00,"ק""ג",true,,35.90,35.9000,true,1,9408
7290000725600,false,גבינת חריץ סקנדינבית,,,סקנדינבית חריץ מע.,קילוגרמים,1.00,"ק""ג",true,,78.00,78.0000,true,1,13648
7290000907970,false,פסטרמה כפרית דבש טיר,טירת- צבי,,פסטרמה כפרית טירת צב,קילוגרמים,1.00,"ק""ג",true,,53.00,53.0000,true,1,13406
7290001041123,false,שקדים מולבנים פרוסים מיה 100 גרם,מיה תעשיות מזון מ.ת.מ. בעמ,,מיה שקד מולבן פרוס 1,גרמים,100.00,100 גרם,false,,12.80,0.1280,true,1,7866
7290001041208,false,"עדשים ירוקים יבשים מיה 1 ק""ג",מיה תעשיות מזון מ.ת.מ. בעמ,,עדשים ירוקות 1 ק'ג,אלף,1.00,"ק""ג",false,,13.90,13.9000,true,1,7874
7290001041260,false,שומשום מיה (400 גרם),מיה תעשיות מזון מ.ת.מ. בעמ,,שומשום מיה 400 גרם,גרמים,400.00,100 גרם,false,,13.90,0.0348,true,1,7877
7290001045169,false,מיץ תפוחי עץ צלול פרימור 1 ליטר,שטראוס גרופ בעמ/מצונן,,פרימור מיץ תפוחים צל,ליטר,1.00,ליטר,false,,17.20,17.2000,true,1,12426
7290001136973,false,נקה 7 תחליב רחצה ארומה קמומיל לבן 1 ל',החברה הדרומית לשיווק בעמ,,תחליב רחצה קמומיל נק,אין,0.00,יחידה,false,,16.90,0.0000,true,1,16238
7290001201589,false,ביצים ארוזות L מ. לסר) (12 פיקוח,מ לסר בעמ - חברה לשיווק ביצים,,12 ביצים L מ.לסר,אין,0.00,יחידה,false,,12.05,0.0000,true,1,7396
7290001201824,false,תבנית ביצים 12 יח' לארג' אורגני,מ לסר בעמ - חברה לשיווק ביצים,,12 ביצים L אורגני מ,אין,0.00,יחידה,false,,23.90,0.0000,true,1,7403
7290001201862,false,ביצי חופש לארג' 12 יחידות,מ לסר בעמ - חברה לשיווק ביצים,,12 ביצים חופש L מ. ל,אין,0.00,יחידה,false,,19.90,0.0000,true,1,7406
7290001216040,false,טחינה גולמית שומשום טהור אל ארז 500 גרם,אגס ירוק מסחר ושירותים,,טחינה אל ארז 100% שו,גרמים,500.00,100 גרם,false,,18.90,0.0378,true,1,19502
7290001245705,false,אקונומיקה מבושמת 4 ליטר טאצ',סאסאטק אגשח בעמ,,אקונומיקה מבושמת 4 ל,ליטר,4.00,ליטר,false,,10.90,2.7250,true,1,21386
7290001245712,false,אקונומיקה 4 ליטר טאצ,סאסאטק אגשח בעמ,,אקונומיקה טאצ' 4 ליט,ליטר,4.00,ליטר,false,,10.90,2.7250,true,1,21387
7290001246085,false,נוזל לניקוי חלונות 1 ליטר טאצ,סאסאטק אגשח בעמ,,תרסיס מנקה חלונות 1,ליטר,1.00,ליטר,false,,6.90,6.9000,true,1,21407
7290001247082,false,מיץ עגבניות רכיבים טבעיים ספרינג 1 ליטר,יפאורה שותפות מובגלת לשיווק,,ספרינג עגבניות קרטונ,ליטר,1.00,ליטר,false,,7.90,7.9000,true,1,6243
7290001247099,false,קרטונית נקטר ספרינג מנגו 1 ליטר,יפאורה שותפות מובגלת לשיווק,,ספרינג מנגו קרטונית,ליטר,1.00,ליטר,false,,7.90,7.9000,true,1,6244
7290001247105,false,קרטונית נקטר ספרינג אפרסק 1 ליטר,יפאורה שותפות מובגלת לשיווק,,ספרינג נקטר אפרסק 1ל,ליטר,1.00,ליטר,false,,7.90,7.9000,true,1,6245
7290001247112,false,קרטונית נקטר ספרינג לימונענע 1 ליטר,יפאורה שותפות מובגלת לשיווק,,ספרינג לימונענע קרטו,ליטר,1.00,ליטר,false,,7.90,7.9000,true,1,6246
7290001247143,false,קרטונית נקטר ספרינג תפוחים 1 ליטר,יפאורה שותפות מובגלת לשיווק,,ספרינג תפוח קרטונית,ליטר,1.00,ליטר,false,,7.90,7.9000,true,1,6248
7290001258804,false,קשקבל גבינה חצי קשה יעקבס 180 גרם,גבינות משק יעקבס,,גבינת קשקבל חצי קשה,גרמים,180.00,100 גרם,false,,28.90,0.1606,true,1,166891
7290001305058,false,"פלמוליב - נטורלס תחליב רחצה חלב ודבש 500 מ""ל",הנסיך- מפעל לייצור ט,,סבון נוזלי חלב ודבש,מיליליטרים,500.00,"100 מ""ל",false,,17.90,0.0358,true,1,11330
7290001407547,false,טחינה גולמית משומשום מלא פי 6 בארכה 500ג',קבוצת אוסם סחר שותפות מוגבלת,,בארכה טחינה שומשום מ,גרמים,500.00,100 גרם,false,,19.20,0.0384,true,1,9815
7290001407844,false,חלבה קלאסית בטעם וניל בארכה 350 גרם,קבוצת אוסם סחר שותפות מוגבלת,,חלבה קלאסית וניל באר,גרמים,350.00,100 גרם,false,,19.20,0.0549,true,1,9821
7290001407936,false,בארכה-טחינה גולמית מעודנת בקבוק לחיץ 310 ג',קבוצת אוסם סחר שותפות מוגבלת,,בארכה טחינה מעודנת 3,גרמים,310.00,100 גרם,false,,13.90,0.0448,true,1,9822
7290001427019,false,קשת מיץ תפוזים טבעי 500 מל,קשת מיצים טבעיים,,מיץ תפוזים טבעי 100%,מיליליטרים,500.00,"100 מ""ל",false,,17.90,0.0358,true,1,94437
7290001427033,false,מיץ תפוחים רכיבים טבעיים 1 ליטר,תנובה - פריניב,,קשת מיץ תפוחים טבעי,ליטר,1.00,ליטר,false,,17.90,17.9000,true,1,27439
7290001461105,false,לחם מחמצת לבן (ברקוד,פילסברי,,לחם מחמצת לבן,גרמים,530.00,100 גרם,false,,17.90,0.0338,true,1,1619
7290001482094,false,גבינה פרמז'נו משולשים ויליפוד 200ג',ג.וילי-פוד אינטרנשיונל **גבינו,,וילי פוד פרמזן משולש,גרמים,200.00,100 גרם,false,,26.90,0.1345,true,1,1829
7290001485019,false,גבינת קרם שמנת טבעי 5% טרה 200 גרם,*החברה המרכזית להפצת משקאותבעמ,,טרה גבינת שמנת טבעי,גרמים,200.00,100 גרם,false,,11.90,0.0595,true,1,3490
7290001491010,false,תה ירוק יסמין ויסוצקי 25 יחידות,תה ויסוצקי (ישראל) בעמ,,תה ירוק עם יסמין T.T,גרמים,37.50,100 גרם,false,,26.90,0.7173,true,1,13099
7290001491096,false,תה ירוק בתוספת לימונית ולואיזה 50 שקיקים ויסוצקי,תה ויסוצקי (ישראל) בעמ,,תה ירוק בתוספת לימונ,גרמים,75.00,100 גרם,false,,49.50,0.6600,true,1,13100
7290001552025,false,קוסקוס של אמא פרבורגר 800 גרם,מטעמי פאר (א.מ.נ) בעמ,,קוסקוס 800גר,גרמים,800.00,100 גרם,false,,16.80,0.0210,true,1,29156
7290001567814,false,סלמי מעושן בסגנון איטלקי 300 ג' יחיעם,מעדני יחיעם ( 1993 ) בע`מ,,סלמי מעושן בסגנון אי,גרמים,300.00,100 גרם,false,,24.90,0.0830,true,1,8391
7290001594230,false,קינלי סודה בבקבוק זכוכית,החברה המרכזית להפצת משקאות בעמ,,סודה קינלי 250 מ'ל,מיליליטרים,250.00,"100 מ""ל",false,,3.90,0.0156,true,1,3843
7290001696729,false,פקאן טבעי פיצוחי חממה (100 גרם),בוטנת בעמ חברה לקלייה ואריזת פ,,פקאן טבעי 100 גרם,גרמים,100.00,100 גרם,false,,16.90,0.1690,true,1,850
7290001713242,false,עלמה שקיות אשפה 25 יחידות 75*90 עם ידית,קומפלקס כימקלים בעמ`,,"שקיות אשפה 25 י""ח 75",אין,0.00,יחידה,false,,13.90,0.0000,true,1,162713
7290001791349,false,אקונומיקה פיסגה ריחנית סנו (4 ליטר),החברה הדרומית לשיווק בעמ,,אקונומיקה ריחנית פסג,ליטר,4.00,ליטר,false,,12.90,3.2250,true,1,16241
7290001990407,false,"עדשים ירוקות סוגת 1 ק""ג","סוגת תעשיות בע""\מ",,עדשים ירוקים 1 קג,אלף,1.00,"ק""ג",false,,16.90,16.9000,true,1,9024
7290001990414,false,"עדשים אדומות סוגת 1 ק""ג","סוגת תעשיות בע""\מ",,סוגת עדשים אדומים 1,אלף,1.00,"ק""ג",false,,16.90,16.9000,true,1,9025
7290002000136,false,שעווה לחימום במיקרוגל - דבש ופרופוליס,"ש. שוורץ )באר שבע( בע""\מ",,שעווה להסרת שיער למי,גרמים,500.00,100 גרם,false,,19.90,0.0398,true,1,3148
7290002000143,false,"חדש -פנג'ל ק.ידיים קלאסיק 80מ""ל",מיוצר עי קונדיטוריית,,קרם ידיים קלאסיק פנג,מיליליטרים,100.00,"100 מ""ל",false,,8.80,0.0880,true,1,3149
7290002007999,false,צלחות פלסטיק גדולות חד פעמיות 50 יח,הנמל אריזות ושיווק (1984) בעמ,,צלחות גדול 50יח הנמל,אין,0.00,יחידה,false,,16.90,0.0000,true,1,4383
7290002008347,false,קורנפלור 500 גרם הנמל,הנמל אריזות ושיווק (1984) בעמ,,קורנפלור 500 גרם,גרמים,500.00,100 גרם,false,,6.90,0.0138,true,1,4390
7290002008507,false,נייר אפיה הנמל 50 יחידות,הנמל אריזות ושיווק (1984) בעמ,,נייר אפיה 50יח,אין,0.00,יחידה,false,,9.90,0.0000,true,1,4394
7290002008750,false,אבקת אפיה עשירייה הנמל 100 גרם,הנמל אריזות ושיווק 1984 בע`מ,,אבקת אפיה 10*10 גרם,גרמים,100.00,100 גרם,false,,3.90,0.0390,true,1,4397
7290002026402,false,בראנץ אנד קראנץ בלינצס גבינה 350 גרם,מוצרי איכות אמריקאיים בעמ,,בראנץ אנד קראנץ בלינ,גרמים,350.00,100 גרם,false,,17.90,0.0511,true,1,7672
7290002026440,false,פרצלס בייגלה בראנץ אנד קראנץ 280 ג',מוצרי איכות אמריקאיים בעמ,,פרצלס קפוא 280 גרם,גרמים,280.00,100 גרם,false,,12.90,0.0461,true,1,7674
7290002043331,false,אקסטרה צ'יפס אורז חום מלא כוסמת 60 גרם,א.ל.ייצור ושיווק תבלינים בעמ,,צ'יפס כוסמת אקסטרה 6,גרמים,60.00,100 גרם,false,,9.40,0.1567,true,1,45180
7290002043348,false,ציפס אורז חום מלא צי'ה וקינואה אקסטרא 60 ג',א.ל.ייצור ושיווק תבלינים בעמ,,צ'יפס צ'יה וקינואה א,גרמים,60.00,100 גרם,false,,9.40,0.1567,true,1,37697
7290002043782,false,אקסטרה צ'יפס אורז חום מלא טקסס ברביקיו 60 גרם,א.ל.ייצור ושיווק תבלינים בעמ,,צ'יפס טקסס ברבקיו אק,גרמים,60.00,100 גרם,false,,9.40,0.1567,true,1,309
7290002057123,false,זיתים ירוקים מנזנילו קבוצת יבנה 560 גרם,קבוצת יבנה מוצרי מזון אגודה שי,,זיתים חרוזית ירוק קב,גרמים,275.00,100 גרם,false,,10.90,0.0396,true,1,29779
7290002057185,false,טבעות זיתים ירוקים קבוצת יבנה 560 גרם,קבוצת יבנה מוצרי מזון אגודה שי,,טבעות זיתים ירוקים ק,גרמים,540.00,100 גרם,false,,9.90,0.0183,true,1,29783
7290002057352,false,מלפפונים במלח ‏9‏-‏7‏ קבוצת יבנה 320 גרם,"קבוצת יבנה מוצרי מזון בע""מ",,מלפפונים במלח 7-9 ק,גרמים,560.00,100 גרם,false,,7.90,0.0141,true,1,29784
7290002057369,false,מלפפונים במלח ‏12‏-‏10‏ קבוצת יבנה 320 גרם,"קבוצת יבנה מוצרי מזון בע""מ",,מלפפון במלח 10-12 קב,גרמים,560.00,100 גרם,false,,8.90,0.0159,true,1,29785
7290002057383,false,מלפפון יבנה במלח קטנים מאוד 18-25 320 גר יבנה,"קבוצת יבנה מוצרי מזון בע""מ",,מלפפון 18-25במלח קבו,גרמים,560.00,100 גרם,false,,13.90,0.0248,true,1,29787
7290002057468,false,מלפפון יבנה בחומץ בינוניים 10-12 290 גרם,"קבוצת יבנה מוצרי מזון בע""מ",,מלפפון בחומץ 10-12 ק,גרמים,560.00,100 גרם,false,,8.90,0.0159,true,1,29789
7290002057475,false,מלפפונים בחומץ ‏17‏-‏13 קבוצת יבנה 290 גרם,קבוצת יבנה מוצרי מזון אגודה שי,,מלפפון בחומץ 13-17 ק,גרמים,560.00,100 גרם,false,,10.90,0.0195,true,1,29790
7290002057734,false,זיתים חרוזית מושחר קבוצת יבנה 275 גרם,קבוצת יבנה מוצרי מזון בעמ,,זיתים חרוזית מושחר ק,גרמים,560.00,100 גרם,false,,9.90,0.0177,true,1,29794
7290002065555,false,שישיית לחמנייה הכי רכה בהפסקה אנג'ל 450 גרם,מאפיית שלמה א. אנג'\ל בע,,6 לחמניות רכות אנגל,גרמים,450.00,100 גרם,false,,11.90,0.0264,true,1,19783
7290002065616,false,לחם שיפון גרעינים פרוס אחדות (750 גרם),מאפיית שלמה א. אנג'\ל בע,,שיפון גרעינים אנגל 7,גרמים,750.00,100 גרם,false,,14.90,0.0199,true,1,19784
7290002111085,false,"רוטב עגבניות 22% ""פרי מבורך"" 100 גרם","זנלכל בע""\מ",,רוטב עגבניות 22% פרי,גרמים,100.00,100 גרם,false,,2.50,0.0250,true,1,4709
7290002111696,false,עגבניות מרוסקות פרי מבורך 800 גרם,פרי מבורך,,עגבניות מרוסקות פרי,גרמים,800.00,100 גרם,false,,10.90,0.0136,true,1,4720
7290002129455,false,פיצה איטלקית XL גדולה שלושת האופים 450 גרם,נטו מלינדה סחר בעמ,,פיצה איטלקית 450 ג,גרמים,450.00,100 גרם,false,,21.90,0.0487,true,1,8790
7290002130567,false,דבש דבורים טהור פרחי בר יד מרדכי 350 גרם,מכוורת יד מרדכי שטראוס ב,,דבש טהור מפרחי בר בצ,גרמים,350.00,100 גרם,false,,21.90,0.0626,true,1,11824
7290002190516,false,"ריבת חלב גלעם-קומידה 500ג' 12X-כשל""פ",תומר יבוא ושיווק מוצרי מזון (1,,ממרח ריבת חלב קומידה,גרמים,500.00,100 גרם,false,,15.50,0.0310,true,1,13225
7290002253006,false,שום טרי כתוש צנצנת דורות 200 גרם,קבוצת אוסם סחר-שות.מוגבלת,,דורות שום כתוש טרי 2,גרמים,200.00,100 גרם,false,,16.90,0.0845,true,1,10446
7290002253105,false,שום במגשית 20 שיניים כתושות קפוא 80,קבוצת אוסם סחר-שות.מוגבלת,,דורות מגשית קוביות ש,גרמים,80.00,100 גרם,false,,9.90,0.1238,true,1,10448
7290002253150,false,קוביות בזיליקום קצוץ דורות 70 גרם,קבוצת אוסם סחר שותפות מוגבלת,,בזיליקום טרי קצוץ 70,גרמים,70.00,100 גרם,false,,11.90,0.1700,true,1,10449
7290002253167,false,פטרוזיליה טרייה קצוצה מוקפאת 70 גרם,קבוצת אוסם סחר שותפות מוגבלת,,פטרוזליה טרייה קצוצה,גרמים,70.00,100 גרם,false,,11.90,0.1700,true,1,10450
7290002253181,false,כוסברה טרייה קצוצה 20 קוביות 70 גרם קפוא,קבוצת אוסם סחר שותפות מוגבלת,,כוסברה טריה קצוצה 70,גרמים,70.00,100 גרם,false,,11.90,0.1700,true,1,10451
7290002255215,false,"עלים לסיגרים מרובע בד""צ",חטיפי אלקיים בעמ ~~~,,עלים לסיגר 500ג,גרמים,500.00,100 גרם,false,,11.90,0.0238,true,1,29167
7290002319092,false,"קמח תפוח אדמה 500ג בד""ץ מיה*",מיה תעשיות מזון מ.ת.מ. בעמ,,קמח תפוחי אדמה מיה 5,גרמים,500.00,100 גרם,false,,5.90,0.0118,true,1,7905
7290002319689,false,סודה לשתייה בקופסא 150 גר' מיה,מיה תעשיות מזון מ.ת.מ. בעמ,,סודה לשתיה 150 ג,גרמים,150.00,100 גרם,false,,6.50,0.0433,true,1,7939
7290002331360,false,"נביעות מים מינרליים טו גו מארז 500X6מ""ל",החברה המרכזית להפצת משקאות בעמ,,נביעות TO GO שישייה,ליטר,3.00,ליטר,false,,16.70,5.5667,true,1,3875
7290002331421,false,"שישיית מים מינרליים GO TO נביעות 755 מ""ל",החברה המרכזית להפצת משקאות בעמ,,נביעות 6*755מל,ליטר,4.53,ליטר,false,,20.40,4.5033,true,1,3876
7290002331490,false,מים מינרלים נביעות (1 ליטר),החברה המרכזית להפצת משקאות בעמ,,נביעות 1 ליטר,ליטר,1.00,ליטר,false,,3.90,3.9000,true,1,3879
7290002345015,false,סינטה דק דק אל גאוצ'ו 250ג' מינוט,"טיבון ויל אחזקות בע""\מ",,סינטה דקדק 250 גרם,גרמים,250.00,100 גרם,false,,19.90,0.0796,true,1,8806
7290002345022,false,אנטריקוט דק דק מינוט סטייק אל גאוצ'ו 250 גרם,"טיבון ויל אחזקות בע""\מ",,אנטריקוט דקדק 250 ג,גרמים,250.00,100 גרם,false,,29.90,0.1196,true,1,8807
7290002353836,false,סרדינים רוברט בשמן זית 115 גרם,קונסרבס פורטוגל נורטה,,סרדינים רוברט בשמן ז,גרמים,120.00,100 גרם,false,,10.90,0.0908,true,1,105525
7290002360285,false,חליטת צמחים פומפדור קמומיל 20 יחידות,ש. שסטוביץ בע`מ,,פומפדור חליטת קמומיל,גרמים,30.00,100 גרם,false,,17.90,0.5967,true,1,11333
7290002371533,false,דקניקים סלסולי פסטרמה דבש טירת צבי 120 גרם,תנובה מרכז שיתופי לשיווק תוצרת,,טירת צבי סלסולי פסטר,גרמים,120.00,100 גרם,false,,13.90,0.1158,true,1,13428
7290002371540,false,דקניקים קורנדביף ללא גלוטן טירת צבי 120 גרם,תנובה מרכז שיתופי לשיווק תוצרת,,טירת צבי קורנדביף דק,גרמים,120.00,100 גרם,false,,13.90,0.1158,true,1,13429
7290002374268,false,שמן חמניות מזוכך ללא כולסטרול 1 ליטר,סוגת תעשיות בעמ,,שמן חמניות מילומור 1,ליטר,1.00,ליטר,false,,13.90,13.9000,true,1,142809
7290002374312,false,שמן קנולה מזוכך 6% מילומור (1 ליטר),"נארז ע""י : א.ג. גילר",,שמן קנולה מילומור 1,ליטר,1.00,ליטר,false,,12.90,12.9000,true,1,15937
7290002374640,false,שמן בריאות קנולה פלוס אומגה 3 עץ הזית 1 ליטר,סוגת תעשיות בעמ,,שמן קנולה פלוס אומגה,ליטר,1.00,ליטר,false,,18.90,18.9000,true,1,15938
7290002517726,false,קינמון מקלות 15 גר' טעם וריח,"תבליני טעם וריח בע""מ",,תבלין מקל קינמון טעם,גרמים,15.00,100 גרם,false,,6.90,0.4600,true,1,148733
7290002543237,false,דגני בוקר קלוגס קורנפלקס 750 גרם,קלוגס קומפני אוף גרייט ב,,קורנפלקס קלוגס 750 ג,גרמים,750.00,100 גרם,false,,14.90,0.0199,true,1,2938
7290002577508,false,פילה דג הרינג מלוח בשמן ובצל דלידג 240 ג',מיוצר על ידי קוד יצר,,פילה הרינג בשמן ובצל,גרמים,240.00,100 גרם,false,,26.90,0.1121,true,1,130799
7290002608509,false,לחם מחמצת זיתי קלמנט,,,לחם מחמצת זיתי קלמנט,גרמים,530.00,100 גרם,false,,18.90,0.0357,true,1,1626
7290002608516,false,לחם מחמצת מקמח מלא (,פילסברי,,לחם מחמצת מקמח מלא,גרמים,530.00,100 גרם,false,,17.90,0.0338,true,1,1627
7290002608523,false,לחם מחמצת כוסמין (בר,פילסברי,,לחם מחמצת כוסמין,גרמים,530.00,100 גרם,false,,18.90,0.0357,true,1,1628
7290002692478,false,"שמן זית כתית מעולה קלאסי מעודן 750 מ""ל עץ הזית","מרקאולאו, ספרד.אבסה,",,שמן זית כתית מעולה מ,מיליליטרים,750.00,"100 מ""ל",false,,37.90,0.0505,true,1,15942
7290002692768,false,"תרסיס שמן קנולה מזוכך ללא תוספת גז עץ הזית 200 מ""ל",טרנסומס פוד איי בי,,תרסיס שמן קנולה עץ ה,מיליליטרים,200.00,"100 מ""ל",false,,15.90,0.0795,true,1,15944
7290002692775,false,"תרסיס שמן קנולה בטעם חמאה עץ הזית 200 מ""ל",סוגת תעשיות בעמ,,תרסיס שמן קנולה בטעם,מיליליטרים,200.00,"100 מ""ל",false,,15.90,0.0795,true,1,15945
7290002692782,false,"תרסיס שמן זית כתית מעולה ללא תוספת גז עץ הזית 150 מ""ל",י.ב טכנולוגיות אריזה,,תרסיס שמן זית עץ הזי,מיליליטרים,200.00,"100 מ""ל",false,,15.90,0.0795,true,1,15946
7290002703358,false,צנצנת דבש זכוכית 350 גרם,עין חרוד,,צנצנת דבש עין חרוד 3,גרמים,350.00,100 גרם,false,,18.90,0.0540,true,1,26658
7290002703402,false,דבש לחיץ עין חרוד 400 גרם,,,דבש עין חרוד 400 גרם,גרמים,400.00,100 גרם,false,,19.90,0.0497,true,1,26659
7290002703426,false,דבש לחיץ בבקבוק עין חרוד 250 גרם,דבש שלנו( )1987בעמ,,דבש לחיץ מכוורת 250,גרמים,250.00,100 גרם,false,,13.90,0.0556,true,1,26660
7290002730958,false,סבון מוצק בניחוח זיתים ואלוורה פלמוליב 4*100 גרם,הנסיך- מפעל לייצור ט,,סבון מוצק ירוק זית פ,גרמים,400.00,100 גרם,false,,17.90,0.0447,true,1,11342
7290002750147,false,לחמניית קוראסול דגני,פילסברי,,בייגל רול דגנים,יח',1.00,יח',false,,4.80,4.8000,true,1,1729
7290002757139,false,מלוואח 700 גר' שלושת האופים קהילות,נטו מלינדה סחר בע`מ,,שלושת האופים מלוואח,גרמים,700.00,100 גרם,false,,14.90,0.0213,true,1,8847
7290002757672,false,המבורגר מזרחי טיבון ויל 400ג',נטו מילנדה סחר בעמ*,,המבורגר 400גרם נטו,גרמים,400.00,100 גרם,false,,13.90,0.0348,true,1,8852
7290002824183,false,"גבינה לבנה סקי 500 גרם 5% ""שטראוס"" -מוצר בפיקוח",שטראוס גרופ בעמ/מצונן,,גבינה לבנה 5% סקי 50,גרמים,500.00,100 גרם,false,,9.50,0.0190,true,1,12432
7290002824466,false,יוגורט דנונה ביו לבן 0% שומן 200 גרם,שטראוס גרופ בעמ/מצונן,,דנונה יוגורט ביו 0%,מיליליטרים,200.00,"100 מ""ל",false,,3.90,0.0195,true,1,12433
7290002824640,false,"גבינת סקי 250 גרם 5% ""שטראוס"" -מוצר בפיקוח",שטראוס גרופ בעמ/מצונן,,גבינה 5% סקי 250 גרם,גרמים,250.00,100 גרם,false,,4.98,0.0199,true,1,12434
7290002868996,false,"קוטג' 5% שומן, רכיבים טבעיים, 250 גרם",*החברה המרכזית להפצת משקאותבעמ,,טרה קוטג מועשר 5% 25,גרמים,250.00,100 גרם,false,,5.40,0.0216,true,1,3500
7290002881278,false,ליפתן חצאי אפרסקים ת,אלבס אס.א.גריק,,אפרסק חצאים תומר 820,גרמים,820.00,100 גרם,false,,10.90,0.0133,true,1,13237
7290002881742,false,לבבות דקל פרוסות תומר 400 גרם,תומר ייבוא ושיווק מוצרי מזון [,,לבבות דקל פרוסות תומ,גרמים,400.00,100 גרם,false,,10.50,0.0263,true,1,13250
7290002900566,false,פסטרמה ברביקיו דל שומן טירת צבי 400 גרם,הנסיך- מפעל לייצור ט,,פסטרמה ברביקיו דל שו,גרמים,360.00,100 גרם,false,,34.90,0.0969,true,1,13433
7290002909880,false,"פולי סויה - אדממה - 400 גרם (בד""ץ עדה חרדית)",בלדי בעמ,,פולי סויה אדממה בלדי,גרמים,400.00,100 גרם,false,,12.90,0.0323,true,1,19712
7290002909989,false,"שעועית ירוקה חתוכה 800 גר' בד""ץ (ממותג)",פספרוסט,,שעועית ירוקה חתוכה ב,גרמים,800.00,100 גרם,false,,12.90,0.0161,true,1,219893
7290002971955,false,"קמח 650 כחול ללא צורך בניפוי 1 ק""ג*",טחנות קמח שטיבל בש בעמ,,קמח לבן 650 ללא צורך,אלף,1.00,"ק""ג",false,,9.90,9.9000,true,1,5053
7290002972006,false,קמח בהיר(405) ללא צורך בניפוי ( 1 קג ),טחנות קמח שטיבל בש בעמ,,קמח בהיר 405 ללא צור,אלף,1.00,"ק""ג",false,,9.90,9.9000,true,1,5056
7290002973676,false,"קמח שטיבל לחלה 18 ללא ניפוי 1 ק""ג",טחנת קמח דגן-שטיבל,,קמח לחלה ללא צורך בנ,אלף,1.00,"ק""ג",false,,9.90,9.9000,true,1,5061
7290002986652,false,גטניו פתי בר שוקו 470 גרם,"אחים גטניו בע""מ",,גטניו - פתיבר שוקו 4,גרמים,470.00,100 גרם,false,,9.90,0.0211,true,1,22902
7290002987963,false,"חומוס אחלה 1 ק""ג שטראוס",שטראוס גרופ בעמ/מצונן,,אחלה חומוס 1קג,אלף,1.00,"ק""ג",false,,14.90,14.9000,true,1,12436
7290003009312,false,בוטן קלוי 200 גרם שקית קליית גת,הדקלאים אגודת שיתופי,,בוטן קלוי 200 גרם,גרמים,200.00,100 גרם,false,,8.90,0.0445,true,1,6775
7290003015641,false,"נוזל רצפות יסמין 2 ליטר ""ריצפז פרש""",החברה הדרומית לשיווק בעמ,,ריצפז פרש יסמין 2 לי,ליטר,2.00,ליטר,false,,19.90,9.9500,true,1,16259
7290003029181,false,משקה יטבתה שוקו' בקבוק 1ל מהדרין,שטראוס גרופ בעמ/מצונן,,יטבתה שוקו בקבוק 1ל,ליטר,1.00,ליטר,false,,12.50,12.5000,true,1,12438
7290003029815,false,חלב מועשר 3% בכד יטבתה 2 ליטר,שטראוס גרופ בעמ/מצונן,,חלב מועשר בכד2 ליטר,ליטר,2.00,ליטר,false,,15.90,7.9500,true,1,12447
7290003029907,false,משקה חלב אייס קפה 2% יטבתה (1 ליטר,שטראוס גרופ בעמ/מצונן,,יטבתה אייס קפה 1ל,ליטר,1.00,ליטר,false,,12.50,12.5000,true,1,12448
7290003047642,false,תה שחור יילו לייבל 100*1.5 ג' שקיק ליפטון,"יוניליוור ישראל שיווק בע""מ",,תה ליפטון יילו לייבל,גרמים,150.00,100 גרם,false,,15.90,0.1060,true,1,5665
7290003054190,false,מסטמכר לחם שיפון עם שלושה דגנים 500ג,מרום את קונפינו,,לחם שיפון 3 דגנים מס,גרמים,500.00,100 גרם,false,,14.90,0.0298,true,1,2942
7290003054657,false,חרדל ריין דיז'ון אקסטרה פורטה 370 גרם,דיפלומט מפיצים (1968) בעמ**,,חרדל דיג'ון אקסטרא פ,גרמים,370.00,100 גרם,false,,13.10,0.0354,true,1,2944
7290003072804,false,פסטרמה של פעם עם 200 גר` טירת צבי,טיב טירת צבי 2000,,טירת צבי פסטרמה של פ,גרמים,200.00,100 גרם,false,,21.90,0.1095,true,1,13452
7290003072835,false,נקניקיות קנאקוורסט טירת צבי 320 גרם,טיב טירת צבי 2000,,טירת צבי נקניקיות קנ,גרמים,320.00,100 גרם,false,,21.90,0.0684,true,1,13455
7290003107216,false,קמח לבן בהיר 1 קג דגן מוביל,טחנות קמח דגן (2006) בעמ,,"קמח לבן דגן 1 ק""ג",אלף,1.00,"ק""ג",false,,6.90,6.9000,true,1,5067
7290003107223,false,טחנת קמח דגן סולת 1קג,טחנות קמח דגן (2006) בעמ,,"סולת חיטה דגן 1 ק""ג",אלף,1.00,"ק""ג",false,,6.90,6.9000,true,1,5068
7290003107346,false,קמח חיטה לבן בדץ טחנת קמח דגן (1 קג),טחנות קמח דגן (2006) בעמ,,קמח חיטה לבן דגן 1 ק,אלף,1.00,"ק""ג",false,,4.90,4.9000,true,1,5072
7290003126958,false,טופו גבינה גוש בואקום צוריאל 300 ג',*החברה המרכזית להפצת משקאותבעמ,,צוריאל גבינה גוש טופ,גרמים,300.00,100 גרם,false,,13.90,0.0463,true,1,3503
7290003145751,false,אגוזי קשיו קלויים קליית גת (200 גרם),הדקלאים אגודת שיתופי,,קשיו קלוי 200 גרם,גרמים,200.00,100 גרם,false,,21.90,0.1095,true,1,6790
7290003145782,false,צנובר רכיבים טבעיים קליית גת 100 גרם,הדקלאים אגודת שיתופי,,צנובר טבעי 100 גרם,גרמים,100.00,100 גרם,false,,27.90,0.2790,true,1,6792
7290003145959,false,פקאן טבעי קליית גת 150 גרם,ליימן שליסל בעמ,,אגוז פקאן טבעי 150 ג,גרמים,150.00,100 גרם,false,,21.90,0.1460,true,1,6793
7290003229116,false,פסטרמה הודו בדבש שומן טירת צבי 400 גרם,תנובה מרכז שיתופי לשיווק תוצרת,,א.מ פסטרמה בדבש 400,גרמים,400.00,100 גרם,false,,30.90,0.0772,true,1,13460
7290003229123,false,פסטרמה הודו על גחלים 2% טירת צבי 400 גרם,תנובה מרכז שיתופי לשיווק תוצרת,,א.מ. פסטרמה על גחלים,גרמים,400.00,100 גרם,false,,30.90,0.0772,true,1,13461
7290003229154,false,נקניק סלמי קוניאק טירת צבי 300 גרם,תנובה מרכז שיתופי לשיווק תוצרת,,א.מ. סלמי קוניאק מוב,גרמים,300.00,100 גרם,false,,28.90,0.0963,true,1,13463
7290003229192,false,נקניק כתף בקר מעושן 2% טירת צבי 400 גרם,תנובה מרכז שיתופי לשיווק תוצרת,,א.מ. כתף בקר מעושן 4,גרמים,400.00,100 גרם,false,,33.00,0.0825,true,1,13464
7290003318155,false,וופל טעם לימון מנעמים 200 ג',ח.כהן סוכנות מזון ומשקאות בע,,ופל לימון מנעמים 200,גרמים,250.00,100 גרם,false,,4.90,0.0196,true,1,20003
7290003321155,false,יוגורט בר עם פקאן מצופה שוקולד 183 ג' דנונה,שטראוס גרופ בעמ/מצונן,,דנונה קראנצ' ששבי פק,מיליליטרים,183.00,"100 מ""ל",false,,4.90,0.0268,true,1,12449
7290003332007,false,קפה שחור עם הל נח`לה אדום (250 גרם),סובחי נחלה ובניו בעמ,,קפה נחלה סובחי 250ג,גרמים,250.00,100 גרם,false,,15.50,0.0620,true,1,18608
7290003400500,false,חטיף הרשי ריזס נאטרייגיס 47 גרם,ליימן מותגים,,חטיף קרמל עם בוטנים,גרמים,47.00,100 גרם,false,,4.90,0.1043,true,1,205815
7290003427154,false,"שמן זית כתית מעולה טעם מעודן זיתא 750 מ""ל",תה ויסוצקי (ישראל) בעמ,,שמן זית כתית מעולה ז,מיליליטרים,750.00,"100 מ""ל",false,,40.90,0.0545,true,1,13102
7290003438006,false,ממרח אולביה פסטו וצנובר איטלקי 190ג',תה ויסוצקי (ישראל) בעמ,,אוליביה ממרח פסטו אי,גרמים,180.00,100 גרם,false,,14.50,0.0806,true,1,29700
7290003450602,false,חרדל אמיתי צהוב בקבוק לחיץ 255 גר,היינץ צפון אמריקה מקבוצת ה.י.היינץ,,חרדל אמיתי צהוב בקבו,גרמים,255.00,100 גרם,false,,11.90,0.0467,true,1,2945
7290003514007,false,מנה שקדי מרק מנה 400 גרם,ש.שסטוביץ בעמ,,שקדי מרק מנה 400 גרם,גרמים,400.00,100 גרם,false,,8.90,0.0223,true,1,11345
7290003527380,false,דובדבן ללא חרצן בצנצנת ויליגר 680 גרם,נטו מילנדה סחר בעמ*,,דובדבן ללא חרצן וילי,גרמים,680.00,100 גרם,false,,9.90,0.0146,true,1,8881
7290003550753,false,נתחי טונה בהירה בשמן פוסידון (108x4 גרם),"מיוצר עי וליגר בעמ,",,טונה בהירה בשמן פוסי,גרמים,308.00,100 גרם,false,,19.90,0.0646,true,1,8882
7290003578108,false,חתיכות אננס בסירופ קל וילי פוד (850 גרם),ג.וילי פוד אינטרנשיונל בעמ,,אננס חתוך ויליפוד 85,גרמים,490.00,100 גרם,false,,9.90,0.0202,true,1,1836
7290003643004,false,אורז בסמטי קלאסי סוגת (1 קג),האי נאם סי או אל.טי.,,"סוגת אורז בסמטי 1 ק""",אלף,1.00,"ק""ג",false,,13.90,13.9000,true,1,9027
7290003643134,false,סוכר וניל סוגת 100 גרם מארז 10 יחידות,גוד פוד פרודקטס S.p,,סוגת סוכר וניל 10 יח,גרמים,100.00,100 גרם,false,,2.90,0.0290,true,1,9029
7290003643387,false,"סוכר אריזת פלסטיק 1 ק""ג סוגת",האי נאם סי או אל.טי.,,סוכר לבן בצנצנת סוגת,אלף,1.00,"ק""ג",false,,9.90,9.9000,true,1,9035
7290003643646,false,"סוכר דמררה קלאסי בצנצנת סוגת 1 ק""ג",האי נאם סי או אל.טי.,,סוכר דמררה בצנצנת חו,אלף,1.00,"ק""ג",false,,14.50,14.5000,true,1,9036
7290003643684,false,אפונה יבשה סוגת 500 גר',האי נאם סי או אל.טי.,,אפונה יבשה 500 גרם,גרמים,500.00,100 גרם,false,,7.90,0.0158,true,1,9037
7290003643714,false,חומוס גרגירים 500 גרם סוגת,האי נאם סי או אל.טי.,,חומוס 500 גרם,גרמים,500.00,100 גרם,false,,8.90,0.0178,true,1,9039
7290003643738,false,חיטה סוגת (500 גרם),האי נאם סי או אל.טי.,,סוגת חיטה 500 גר,גרמים,500.00,100 גרם,false,,5.90,0.0118,true,1,9040
7290003643745,false,כוסמת סוגת (500 גרם),האי נאם סי או אל.טי.,,כוסמת 500 גרם,גרמים,500.00,100 גרם,false,,7.90,0.0158,true,1,9041
7290003643752,false,עדשים ירוקים יבש סוגת 500 גר',האי נאם סי או אל.טי.,,עדשים ירוקות 500 גרם,גרמים,500.00,100 גרם,false,,9.90,0.0198,true,1,9042
7290003643783,false,קוקוס טחון סוגת 100 גרם,האי נאם סי או אל.טי.,,קוקוס 100 גר,גרמים,100.00,100 גרם,false,,3.90,0.0390,true,1,9045
7290003706167,false,בצל ירוק ארוז,,,בצל ירוק ארוז,יח',1.00,יח',false,,5.90,5.9000,true,1,19850
7290003718627,false,"פול ירוק 400 ג' בית יוסף כשל""פ",בלדי בעמ,,פול ירוק בלדי 400 גר,גרמים,400.00,100 גרם,false,,12.90,0.0323,true,1,219850
7290003726141,false,טופו אמיתי כפרי בריא 300 גרם,מחלבות גד שיווק 1992 בעמ,,טופו משק גאיה 300ג,גרמים,300.00,100 גרם,false,,13.90,0.0463,true,1,7763
7290003726615,false,"טופו ויילר 300 גרם ""שטראוס""",שטראוס גרופ בעמ/מצונן,,טופו ויילר 300 גרם.,גרמים,300.00,100 גרם,false,,12.90,0.0430,true,1,12451
7290003726783,false,שניצל טופו עם תירס 420 גר`משק ויילר,קפוא-זן תעשיות מזון בעמ - תפוג,,שניצל טופו בטעם עוף,גרמים,420.00,100 גרם,false,,29.90,0.0712,true,1,216479
7290003804320,false,תיבולית קנור שום ופטורזיליה 72 גרם,"יוניליוור ישראל שיווק בע""מ",,תיבוליות שום ופטרוזי,גרמים,72.00,100 גרם,false,,10.90,0.1514,true,1,109977
7290003805501,false,"פתית בסגנון שוודי תלמה בד""צ 300 גרם",יוניליוור ישראל שיווק בע`מ,,פתית שוודי חסכוני בד,גרמים,300.00,100 גרם,false,,18.90,0.0630,true,1,5675
7290003805587,false,"פתית חיטה מלאה בד""צ 250 גרם-קופסא",יוניליוור ישראל שיווק בע`מ,,פתית חיטה מלאה בד'ץ,גרמים,250.00,100 גרם,false,,18.90,0.0756,true,1,5676
7290003882922,false,עלי גפן ממולאים באורז וילי פוד 360 גרם,ג. וילי-פוד אינטרנשיונל בע`מ,,עלי גפן ממולאים באור,גרמים,360.00,100 גרם,false,,9.90,0.0275,true,1,1847
7290003976607,false,אקונומיקה סמיכה לבנדר 4 ליטר עם פקק ביטח,סאסאטק אגשח בעמ,,ג'ל אקונומיקה סמיכה,ליטר,4.00,ליטר,false,,13.90,3.4750,true,1,21433
7290003989096,false,סלט חצילים פיקנטי אחלה 500 גרם,שטראוס גרופ בעמ/מצונן,,אחלה חציל פיקנטי 500,גרמים,500.00,100 גרם,false,,15.90,0.0318,true,1,12452
7290003989539,false,רביולי עם גבינה שטראוס (400 גרם),שטראוס גרופ בעמ/מצונן,,EAT GOOD רביולי גבינ,גרמים,400.00,100 גרם,false,,19.90,0.0497,true,1,12453
7290003989553,false,פסטה טורטליני גבינה ופטריות 400 גרם,שטראוס גרופ בעמ/מצונן,,שטראוס טורטליני פטרי,גרמים,400.00,100 גרם,false,,19.90,0.0497,true,1,12454
7290004011260,false,"ריצ' להעשרת קפה 427 מ""ל",נטו מלינדה סחר בעמ,,קפה עם תחליף חלב על,מיליליטרים,426.00,"100 מ""ל",false,,10.90,0.0256,true,1,206352
7290004011819,false,המבורגר ריב אנטריקוט אל גאוצ`ו 360 גר`ק,נטו מלינדה סחר בע`מ,,אל גאוצו המבורגר ריב,גרמים,360.00,100 גרם,false,,24.90,0.0692,true,1,8890
7290004063016,false,מלח שולחן מעולה סלית (1 קג)פיקוח,האי נאם סי או אל.טי.,,"מלח שולחן סלית 1 ק""ג",אלף,1.00,"ק""ג",false,,2.07,2.0700,true,1,8336
7290004064358,false,"מלח דק זורם בקלות מלח הארץ קרטון 1 ק""ג","חברת מלח הארץ אילת בע""\מ",,מלח דק זורם בקלות בק,אלף,1.00,"ק""ג",false,,5.50,5.5000,true,1,9059
7290004119133,false,כד יוגורט תנובה 6.5% שומן 1.5 ליטר,מיוצר עי קונדיטוריית,,יוגורט כדים תנובה 7%,ליטר,1.50,ליטר,false,,17.30,11.5333,true,1,13794
7290004119973,false,קרלו מעדן שוקו רביעיה גביע 1.5% 125 גרם,תנובה מרכז שיתופי לש,,קרלו שוקולדה 3% 125מ,מיליליטרים,125.00,"100 מ""ל",false,,3.50,0.0280,true,1,13798
7290004120061,false,מעדן חלב בטעם שוקו וניל שוניל 2% קרלו 125 גרם,תנובה מרכז שיתופי לש,,קרלו שוניל 3% 125מל,מיליליטרים,125.00,"100 מ""ל",false,,3.50,0.0280,true,1,13799
7290004120108,false,יוגורט יופלה דיאט דובדבן 0% שומן 150גרם,תנובה מרכז שיתופי לש,,יופלה דיאט דובדבן 0%,מיליליטרים,150.00,"100 מ""ל",false,,5.50,0.0367,true,1,13800
7290004120566,false,גבינה בולגרית (25024% גרם)פיראוס תנובה,"תנובה בע""מ ***",,פיראוס בולגרית 24% 2,גרמים,250.00,100 גרם,false,,25.50,0.1020,true,1,13804
7290004120634,false,גבינה בולגרית (2505% גרם)פיראוס תנובה,תנובה מרכז שיתופי לש,,פיראוס בולגרית 5% 25,גרמים,250.00,100 גרם,false,,25.50,0.1020,true,1,13806
7290004121488,false,יוגורט ביו דיאט 0% אפרסק יופלה (150 גרם),תנובה מרכז שיתופי לש,,יופלה דיאט אפרסק 0%,מיליליטרים,150.00,"100 מ""ל",false,,5.50,0.0367,true,1,13808
7290004121839,false,גבינת פטה כבשים (25020% גרם)פיראוס בול,תנובה מרכז שיתופי לש,,פיראוס פטה כבשים 20%,גרמים,250.00,100 גרם,false,,31.00,0.1240,true,1,13811
7290004121853,false,גבינה בולגרית קוביות (2005% גרם)פיראוס,תנובה מרכז שיתופי לש,,פיראוס בולגרית בקובי,גרמים,200.00,100 גרם,false,,21.60,0.1080,true,1,13812
7290004122119,false,פתיתי פרמזן לפסטה 23% השף הלבן 100 גרם,"תנובה בע""מ ***",,שף לבן פתיתי פרמזן ל,גרמים,100.00,100 גרם,false,,12.20,0.1220,true,1,13813
7290004122270,false,עמק קלאסית פרוסות גבינה חצי קשה 28% 200 גרם,תנובה מרכז שיתופי לש,,עמק פרוס סגירה חוזרת,גרמים,200.00,100 גרם,false,,15.80,0.0790,true,1,13815
7290004122348,false,גבינה צהובה מופחתת שומן 9% עמק (200 גרם),תנובה מרכז שיתופי לש,,עמק לייט 9% 200ג,גרמים,200.00,100 גרם,false,,16.60,0.0830,true,1,13816
7290004122676,false,גבינה חמד לייט (2505% גרם)פיראוס תנובה,תנובה מרכז שיתופי לש,,פיראוס חמד לייט 5% 2,גרמים,250.00,100 גרם,false,,19.90,0.0796,true,1,13817
7290004122683,false,עמק חטיף אצבעות גבינה חצי קשה 28% שומן,תנובה מרכז שיתופי לש,,עמק אצבעות 172ג,גרמים,172.00,100 גרם,false,,16.40,0.0953,true,1,13818
7290004125370,false,"שמנת חמוצה 9% מופחתת שומן תנובה 200 מ""ל מהדרין",תנובה מרכז שיתופי לש,,תנובה שמנת מופחתת 9%,מיליליטרים,200.00,"100 מ""ל",false,,3.90,0.0195,true,1,13824
7290004125400,false,"אשל שלי מהדרין 200 מ""ל 4.5% ""תנובה""- מוצר בפיקוח",פארייפאבה אגרואינדוס,,"אשל 4.5% בד""צ מהדרין",מיליליטרים,200.00,"100 מ""ל",false,,1.69,0.0084,true,1,13825
7290004125417,false,"גיל 3% שלי 200 מ""ל ""תנובה"" -מוצר בפיקוח",תנובה מרכז שיתופי לש,,"גיל 3% בד""צ מהדרין",מיליליטרים,200.00,"100 מ""ל",false,,1.51,0.0076,true,1,13826
7290004125455,false,"שמנת חמוצה 200 מ""ל 15% ""תנובה"" -מוצר בפיקוח",תנובה מרכז שיתופי לש,,תנובה שמנת אורגינל מ,מיליליטרים,200.00,"100 מ""ל",false,,2.40,0.0120,true,1,13827
7290004125509,false,"שמנת חמוצה 15% מועשרת תנובה 100 מ""ל",תנובה מרכז שיתופי לש,,תנובה שמנת חצי מנה 1,מיליליטרים,100.00,"100 מ""ל",false,,1.70,0.0170,true,1,13829
7290004125578,false,משקה סויה מועשר בסידן 1 ל`תנובה,תנובה מרכז שיתופי לש,,משקה סויה תנובה מועש,ליטר,1.00,ליטר,false,,11.90,11.9000,true,1,13830
7290004125585,false,משקה סויה בטעם וניל תנובה 1 ליטר,תנובה מרכז שיתופי לש,,סויה תנובה משקה סויה,ליטר,1.00,ליטר,false,,11.90,11.9000,true,1,13831
7290004125721,false,"השף הלבן שמנת עמידה לבישול 15% תנובה 250 מ""ל",תנובה מרכז שיתופי לש,,שף לבן שמנת לבישול 1,מיליליטרים,250.00,"100 מ""ל",false,,8.50,0.0340,true,1,13832
7290004125738,false,שמנת מתוקה להקצפה32% 250מל עמיד השף הלבן,תנובה מרכז שיתופי לש,,שף לבן שמנת להקצפה 3,מיליליטרים,250.00,"100 מ""ל",false,,6.90,0.0276,true,1,13833
7290004125776,false,גבינה צהובה קלאסית 28% עמק (400 גרם),"תנובה בע""מ ***",,עמק גבינה קשה פרוסה,גרמים,400.00,100 גרם,false,,30.30,0.0758,true,1,13834
7290004126674,false,טל העמק פרוסות גבינה חצי קשה לייט %9 200 גרם בקופסא,תנובה מרכז שיתופי לש,,עמק טל לייט 9% 200ג,גרמים,200.00,100 גרם,false,,18.90,0.0945,true,1,13835
7290004127329,false,קוטג תנובה גביע 250 גרם %5 ו.מהדרין,מיוצר עי קונדיטוריית,,קוטג' 5% תנובה מהדרי,גרמים,250.00,100 גרם,false,,5.50,0.0220,true,1,13839
7290004127336,false,קוטג תנובה גביע 250 גרם %9 ו.מהדרין,מיוצר עי קונדיטוריית,,קוטג' תנובה מהדרין 9,גרמים,250.00,100 גרם,false,,5.50,0.0220,true,1,13840
7290004127800,false,"גבינה לבנה 500 גרם 5% ""תנובה"" -מוצר בפיקוח",מיוצר עי קונדיטוריית,,תנובה גבינה לבנה 5%,גרמים,500.00,100 גרם,false,,9.96,0.0199,true,1,13842
7290004127862,false,"גבינה לבנה 750 גרם 5% ""תנובה"" - מוצר בפיקוח",תנובה מרכז שיתופי לש,,תנובה גבינה למריחה מ,גרמים,750.00,100 גרם,false,,14.90,0.0199,true,1,13844
7290004128432,false,פתיתים מיוחדים לפיצה על בסיס גבינה 500 ג',תנובה - חלב,,שף לבן פתיתי גבינה מ,גרמים,500.00,100 גרם,false,,22.50,0.0450,true,1,13849
7290004129767,false,"3% 'יופלה לבן מארז שמינייה 1.2 ק""ג",תנובה מרכז שיתופי לש,,יופלה לבן מאגדת 3% 8,אלף,1.20,"ק""ג",false,,18.50,15.4167,true,1,13856
7290004130794,false,משקה סויה במתיקות מופחתת תנובה (1 ליטר),תנובה מרכז שיתופי לש,,סויה תנובה טבעי במתי,ליטר,1.00,ליטר,false,,11.90,11.9000,true,1,13860
7290004130916,false,יוגורט יופלה פירות יער בשמנת 3% 150 גרם,תנובה מרכז שיתופי לש,,יופלה בטעם פירות יער,גרמים,150.00,100 גרם,false,,5.50,0.0367,true,1,13861
7290004131074,false,"חלב 1 ליטר 3% קרטון ""תנובה""- מוצר בפיקוח",תנובה מרכז שיתופי לש,,חלב תנובה הומוגני מה,ליטר,1.00,ליטר,false,,6.23,6.2300,true,1,13862
7290004131432,false,יוגורט יופלה לבן ביו 3% 200 גרם,מיוצר עי קונדיטוריית,,יופלה לבן 3% 200מל,מיליליטרים,200.00,"100 מ""ל",false,,4.50,0.0225,true,1,13866
7290004131456,false,יוגורט ביו 1.5% שומן 200 ג' יופלה,מיוצר עי קונדיטוריית,,יופלה לבן 1.5% 200מל,מיליליטרים,200.00,"100 מ""ל",false,,4.50,0.0225,true,1,13867
7290004131814,false,גבינת צפתית מעודנת (2005% גרם)פיראוס ת,פארייפאבה אגרואינדוס,,פיראוס צפתית מעודנת,גרמים,200.00,100 גרם,false,,15.30,0.0765,true,1,13869
7290004132552,false,משקה סויה בטעם טבעי לייט תנובה 1 ליטר,תנובה מרכז שיתופי לש,,סויה תנובה לייט בטעם,ליטר,1.00,ליטר,false,,11.90,11.9000,true,1,13873
7290004132712,false,חטיף אצבעות גבינת מוצרלה 20% 172 ג' עמק,תנובה מרכז שיתופי לש,,עמק אצבעות מוצרלה 20,גרמים,174.00,100 גרם,false,,16.40,0.0943,true,1,13875
7290004135225,false,מעדן חלב דל קלוריות בטעם שוקולד 0.2שומ,תנובה מרכז שיתופי לש,,מעדן תנובה דיאט שוקו,מיליליטרים,150.00,"100 מ""ל",false,,4.50,0.0300,true,1,13887
7290004135614,false,גבינה בולגרית מעודנת 5% פיראוס 250 גרם,"תנובה בע""מ ***",,פיראוס בולגרית מעודנ,גרמים,250.00,100 גרם,false,,21.90,0.0876,true,1,13889
7290004136857,false,מעדן ג`לי בטעם פטל תנובה (125 גרם),תנובה מרכז שיתופי לש,,ג'לי תנובה פטל 125מל,מיליליטרים,125.00,"100 מ""ל",false,,2.90,0.0232,true,1,13894
7290004137021,false,"שמנת עמידה לבישול מופחת שומן 10% השף הלבן 250 מ""ל",תנובה מרכז שיתופי לש,,שף לבן שמנת לבישול 1,מיליליטרים,250.00,"100 מ""ל",false,,8.50,0.0340,true,1,13897
7290004137311,false,גבינה צהובה מופחתת שומן 9% עמק (400 גרם),"תנובה בע""מ ***",,עמק לייט משפחתית 9%,גרמים,400.00,100 גרם,false,,30.90,0.0772,true,1,13898
7290004199791,false,כפפות M לטקס עם איבוק עדין 100 יח- SAFE TOUCH,אינטרסן (1996) בעמ,,כפפות לאטקס סייף טאצ,אין,0.00,יחידה,false,,24.90,0.0000,true,1,600
7290004324858,false,קבב כבש טיבון ויל 500 גרם,"טיבון ויל אחזקות בע""",,קבב כבש 500 גרם,גרמים,500.00,100 גרם,false,,23.90,0.0478,true,1,8909
7290004492274,false,בייגלה טבעות מלוחות בייגל בייגל 400 גרם,"יוניליוור ישראל שיווק בע""מ",,טבעות מלוחות 400 גר,גרמים,400.00,100 גרם,false,,12.20,0.0305,true,1,5687
7290004537241,false,אפונת גינה שדה בשקית,בסט מייסטר,,אפונת גינה קפואה 800,גרמים,800.00,100 גרם,false,,14.90,0.0186,true,1,29191
7290004584351,false,גבינה לבנה סימפוניה עם תוספות 200 ג' חמישית 200,שטראוס גרופ בעמ/מצונן,,סימפוניה חמישית 200ג,גרמים,200.00,100 גרם,false,,12.90,0.0645,true,1,12456
7290004584528,false,יוגורט דנונה ביו לבן 1.7% שומן 200 גרם,שטראוס גרופ בעמ/מצונן,,דנונה יוגורט טבעי 1.,מיליליטרים,200.00,"100 מ""ל",false,,3.90,0.0195,true,1,12457
7290004731076,false,אל סבון נוזלי עם אלוורה כיף 1 ליטר,החברה הדרומית לשיווק בעמ,,אלסבון אלוורה כיף 1,ליטר,1.00,ליטר,false,,14.90,14.9000,true,1,16269
7290004731410,false,"שלישיית כריות קרצוף ירוקות סנו סושי 25X10.6 ס""מ",החברה הדרומית לשיווק בעמ,,כרית קרצוף סנו סושי,אין,0.00,יחידה,false,,10.90,0.0000,true,1,16275
7290004731472,false,"אל סבון צבעוני כיף שלישיה* 500 מ""ל",החברה הדרומית לשיווק בעמ,,שלישיית אלסבון צבעונ,ליטר,1.50,ליטר,false,,20.90,13.9333,true,1,16276
7290004731670,false,"מטהר אוויר דואופרש פצ'ולי לבנדר סנו 300 מ""ל",החברה הדרומית לשיווק בעמ,,דואופרש פצ'ולי לבנדר,מיליליטרים,300.00,"100 מ""ל",false,,12.90,0.0430,true,1,16279
7290005008184,false,"סבון נוזלי בניחוח חלב שקדים פלמוליב 500 מ""ל",הנסיך- מפעל לייצור ט,,סבון נוזלי חלב שקדים,מיליליטרים,500.00,"100 מ""ל",false,,17.90,0.0358,true,1,11355
7290005113222,false,זיתים קוקטייל וגמבה יבנה 350ג',קבוצת יבנה מוצרי מזון אגודה שי,,זיתים מיקס יבנה 540,גרמים,340.00,100 גרם,false,,10.90,0.0321,true,1,29796
7290005200786,false,תפוצ'יפס בטעם שמנת בצל עלית 50 גרם,"שטראוס פריטו ליי בע""\מ )",,תפוציפס שמנת ובצל 50,גרמים,50.00,100 גרם,false,,4.50,0.0900,true,1,12879
7290005201882,false,קפה טורקי בצלופן עלית 200 גרם,הנסיך- מפעל לייצור ט,,טורקי עלית 200 גר',גרמים,200.00,100 גרם,false,,15.40,0.0770,true,1,11842
7290005287206,false,רביעיית טונה בשמן סטארקיסט 160 גרם,דיפלומט מפיצים (1968) בעמ**,,טונה בשמן סטארקיסט ר,גרמים,640.00,100 גרם,false,,25.90,0.0405,true,1,14434
7290005287213,false,"רביעיית טונה בשמן סטארקיסט 160 גרם בד""צ",דיפלומט מפיצים (1968) בעמ**,,טונה בשמן סטארקיסט ב,גרמים,640.00,100 גרם,false,,25.90,0.0405,true,1,14435
7290005287251,false,רביעיית טונה במים סטארקיסט 160 גרם,דיפלומט מפיצים (1968) בעמ**,,טונה במים סטארקיסט ר,גרמים,640.00,100 גרם,false,,25.90,0.0405,true,1,14436
7290005403972,false,תחתיות ארטישוק 400 ג,,,תחתיות ארטישוק 400 ג,גרמים,400.00,100 גרם,false,,17.90,0.0447,true,1,29204
7290005403989,false,במיה קפואה 600 גרם ש,,,במיה קפואה 600 גרם ש,גרמים,600.00,100 גרם,false,,12.90,0.0215,true,1,29205
7290005423567,false,מטליות ניקוי רב שימושיות בגליל סנו סושי 40 יחידות,החברה הדרומית לשיווק בעמ,,סנו סושי מטלית לכל 3,אין,0.00,יחידה,false,,22.00,0.0000,true,1,16298
7290005423635,false,ריצפז נוזל רצפות דוחה תיקנים סנו 2 ליטר,החברה הדרומית לשיווק בעמ,,נוזל לניקוי רצפות דו,ליטר,2.00,ליטר,false,,25.90,12.9500,true,1,16299
7290005423734,false,מרכך כביסה מרוכז אולטרא פרש סנו מקסימה 4 ליטר,החברה הדרומית לשיווק בעמ,,מרכך כביסה סנו מקסימ,ליטר,4.00,ליטר,false,,23.90,5.9750,true,1,16300
7290005423833,false,פוליוויקס נוזל לניקוי פרקט סנו (2 ליטר).,החברה הדרומית לשיווק בעמ,,סנו פוליויקס פרקט 2,ליטר,2.00,ליטר,false,,24.90,12.4500,true,1,16301
7290005424847,false,"מפיות נייר 30*30 ס""מ סנו סושי 150 יחידות",החברה הדרומית לשיווק בעמ,,סנו סופט מפיות 30*30,אין,0.00,יחידה,false,,8.90,0.0000,true,1,16318
7290005425646,false,קליר נוזל לניקוי חלונות רב תכליתי סנו 1 ליטר,החברה הדרומית לשיווק בעמ,,סנוקליר נוזל רב תכלי,אין,0.00,יחידה,false,,12.90,0.0000,true,1,16328
7290005427107,false,סנו - סושי מגבות נייר הפלא 6 יחידות,החברה הדרומית לשיווק בעמ,,סנו סושי מגבות הפלא,מטרים,63.50,מטר,false,,12.90,0.2031,true,1,16350
7290005430602,false,"סנו אוקסיג'ן ספריי להסרת כתמים עם חמצן פעיל 750 מ""ל",החברה הדרומית לשיווק בעמ,,סנו אוקסיג'ן מסיר כת,מיליליטרים,750.00,"100 מ""ל",false,,20.90,0.0279,true,1,16372
7290005559907,false,פיצה משפחתית 100% גבינה מעדנות 500 גרם,תנובה מרכז שיתופי לשיווק תוצרת,,פיצה משפחתית גבינה 5,גרמים,500.00,100 גרם,false,,17.90,0.0358,true,1,19899
7290005591761,false,דבש טהור מפרחי בר בלחיץ 400 ג' יד מרדכי,מכוורת יד מרדכי שטרא,,דבש טהור מפרחי בר בל,גרמים,400.00,100 גרם,false,,27.00,0.0675,true,1,11843
7290005610011,false,תפוחי אדמה אדום ארוז,קטיף.,,תפו`א אדום דוד משה,קילוגרמים,1.00,"ק""ג",true,,5.90,5.9000,true,1,28633
7290005610127,false,תפוח אדמה גורמה דוד משה,אראל תוצרת חקלאית בע,,תפו`א גורמה לבן דוד,קילוגרמים,1.00,"ק""ג",true,,7.90,7.9000,true,1,30104
7290005610196,false,תפוח אדמה לבןבייבי גורמה,אראל תוצרת חקלאית בע,,תפו`א בייבי גורמה,קילוגרמים,1.00,"ק""ג",true,,6.90,6.9000,true,1,28635
7290005838002,false,מעדן גבינה ויוגורט בטעם וניל 88 ג' דניאלה,שטראוס גרופ בעמ/מצונן,,דניאלה מעדן גבינה 15,מיליליטרים,150.00,"100 מ""ל",false,,4.50,0.0300,true,1,12464
7290005838972,false,סקי יום יום גבינה לבנה %5 125 גרם,שטראוס גרופ בעמ/מצונן,,גבינת יום יום 5% סקי,גרמים,125.00,100 גרם,false,,3.50,0.0280,true,1,12466
7290005839108,false,גבינה לבנה סימפוניה עם תוספות 200 ג'+זיתים 5%,שטראוס גרופ בעמ/מצונן,,סימפוניה עם זיתים 5%,גרמים,200.00,100 גרם,false,,12.90,0.0645,true,1,12468
7290005839313,false,מילקי Top עם שוקולדה מגולגלת 140 גרם,שטראוס גרופ בעמ/מצונן,,מילקי טופ מגולגלת 14,מיליליטרים,142.00,"100 מ""ל",false,,5.00,0.0352,true,1,12469
7290005938245,false,ממרח פסטו קלאסי פרסקו 220ג' מצונן,מיוצר עי פרסקו חצבה,,פרסקו ממרח מצונן פסט,גרמים,220.00,100 גרם,false,,19.90,0.0905,true,1,8915
7290005966033,false,הר חרמון לבן יקב רמת הגולן (750 מל),היכל היין שקד גולן בעמ,,יקבי רמת הגולן הר חר,מיליליטרים,750.00,"100 מ""ל",false,,39.90,0.0532,true,1,23110
7290005992575,false,גבינה בולגרית למריחה 5% גד (250 גרם),מחלבות גד שיווק 1992 בעמ,,גד בולגרית למריחה 5%,גרמים,250.00,100 גרם,false,,18.20,0.0728,true,1,7769
7290005992735,false,לאבנה טבעית 5% 250 גר' - רבנות,מחלבות גד שיווק 1992 בעמ,,גד לאבנה 5% 250ג,גרמים,250.00,100 גרם,false,,12.50,0.0500,true,1,7770
7290005996078,false,סלמי סרוולט הונגרי יחיעם 150 גרם,מעדני יחיעם (1993) בעמ,,סלמי סרוולט הונגרי 1,גרמים,125.00,100 גרם,false,,30.90,0.2472,true,1,8394
7290006065049,false,בלו פיש פילה באס יפני 5-7 (לברק),,,פילה באס יפני 7-9 20,קילוגרמים,1.00,"ק""ג",true,,41.90,41.9000,true,1,89790
7290006229427,false,סן בנדטו - מים מינרלים - מארז שישיית 500 מל,טמפו משקאות בע`מ,,"סאן בנדטו 6*500 מ""ל",ליטר,3.00,ליטר,false,,12.90,4.3000,true,1,5196
7290006241191,false,אגוזי מלך טבעיים קליית גת (150 גרם),הדקלאים אגודת שיתופי,,אגוזי מלך 150 גרם קל,גרמים,150.00,100 גרם,false,,17.90,0.1193,true,1,6796
7290006265548,false,נבטים סינים מרינה ארוז 360ג',"מרינה פטריות הגליל בע""מ",,נבטים סינים,יח',1.00,יח',false,,6.90,6.9000,true,1,23057
7290006265890,false,נבטי גרעיני חמניה יח,"מרינה פטריות הגליל בע""מ",,נבטי חמניה יח,יח',1.00,יח',false,,8.90,8.9000,true,1,19853
7290006306296,false,רביולי במילוי גבינה לילדים 400 ג' פסטה נונה,דורום תעשיות מזון ופסטה,,פסטה נונה פסטה נונה,גרמים,400.00,100 גרם,false,,26.90,0.0672,true,1,7774
7290006374738,false,קונפיטורה תות יד מרדכי בטעם תות,אף.סי תבליני בגליל ב,,קונפיטורת תות יד מור,גרמים,340.00,100 גרם,false,,13.90,0.0409,true,1,11849
7290006449955,false,מלפפון בייבי מארז,"מרינה פטריות הגליל בע""מ",,מלפפון בייבי,יח',1.00,יח',false,,9.90,9.9000,true,1,87901
7290006492432,false,גבינה מוצרלה בייבי 18% גד (150 גרם),מחלבות גד שיווק 1992 בעמ,,גד בייבי מוצרלה 150ג,גרמים,170.00,100 גרם,false,,15.90,0.0935,true,1,7782
7290006492616,false,גבינה בולגרית מעודנת פרוסות 5% גד 250 גרם,מחלבות גד שיווק 1992 בעמ,,גד בולגרית פרוסות 5%,גרמים,250.00,100 גרם,false,,28.50,0.1140,true,1,7783
7290006492630,false,גבינת פרומעז עיזים 22% גד 180 גרם,מחלבות גד שיווק 1992 בעמ,,גד גבינת גליל גד עזי,גרמים,180.00,100 גרם,false,,23.00,0.1278,true,1,7784
7290006492685,false,גבינת לאבנה עיזים 5% גד (250 גרם),מחלבות גד שיווק 1992 בעמ,,גד לאבנה עזים 3% 250,גרמים,250.00,100 גרם,false,,18.90,0.0756,true,1,7786
7290006492852,false,גבינת עיזים למריחה 5% 250 גרם רובין,מחלבות גד שיווק 1992 בעמ,,גד גבינת עיזים למריח,גרמים,250.00,100 גרם,false,,18.50,0.0740,true,1,7787
7290006511751,false,פטריות שמפניון חתוך ויליפוד 290X3 ג' בד”צ,ג.וילי-פוד אינטרנשיונל בעמ,,פטריות חתוכות ויליפו,גרמים,870.00,100 גרם,false,,13.00,0.0149,true,1,1858
7290006567048,false,פתיתי קוסקוס ישראלי אסם (350 גרם),קבוצת אוסם סחר שותפות מוגבלת,,קוסקוס ישראלי בשקית,גרמים,350.00,100 גרם,false,,8.90,0.0254,true,1,9823
7290006578648,false,גבינת בושה מפוחם במש,איסיני סנט מור,,גבינת בושה עיזים מפו,קילוגרמים,1.00,"ק""ג",true,,149.00,149.0000,true,1,182430
7290006618085,false,"אסטוניש תרסיס ניקוי אמבטיה וכיורים יעקבי 750 מ""ל",יעקב יעקבי ובניו בע`מ,,אסטוניש מרסס לאמבט 7,מיליליטרים,750.00,"100 מ""ל",false,,13.90,0.0185,true,1,6144
7290006664051,false,"אקטימל לבן 1.51 ק""ג מארז 14 יחידות",שטראוס גרופ בעמ/מצונן,,אקטימל טבעי 14*100מל,ליטר,1.40,ליטר,false,,33.90,24.2143,true,1,12471
7290006664532,false,יוגורט עם תות 3% שומן 150 ג' דנונה,שטראוס גרופ בעמ/מצונן,,דנונה תות 3% 150מל,גרמים,150.00,100 גרם,false,,3.90,0.0260,true,1,12474
7290006664655,false,דנונה Actimel יוגורט טבעי 8*100 מ``ל,שטראוס גרופ בעמ/מצונן,,אקטימל טבעי 8*100מל,מיליליטרים,800.00,"100 מ""ל",false,,22.90,0.0286,true,1,12476
7290006664990,false,"יוגורט דנונה ביו לבן 1.7% שומן 8*150 מ""ל",שטראוס גרופ בעמ/מצונן,,דנונה ביו מארז חיסכו,אלף,1.20,"ק""ג",false,,17.90,14.9167,true,1,12478
7290006704016,false,בזיליקום ארוז יחידה,,,בזיליקום ארוז יחידה,יח',1.00,יח',false,,6.90,6.9000,true,1,19854
7290006704047,false,לוף שקיל,פאר לי שיווק פירות וירקות בע*ש,,רוזמרין,יח',1.00,יח',false,,5.90,5.9000,true,1,23059
7290006704511,false,"תפו""א גמדי אדום למיקרו מרינה 750ג'","מרינה פטריות הגליל בע""מ",,תפוא ננסי מיקרוגל,גרמים,750.00,100 גרם,false,,7.90,0.0105,true,1,19856
7290006742292,false,פסטרמה הודו בדבש 330 ג' זוגלובק,נקניק נהריה כשר זוגל,,פסטרממיה בדבש 1% 330,גרמים,330.00,100 גרם,false,,33.90,0.1027,true,1,21952
7290006742315,false,פסטרמה חזה הודו ברביקיו 2% זוגלובק 330 גרם,נקניק נהריה כשר זוגל,,חזה הודו ברביקיו 1%,גרמים,330.00,100 גרם,false,,33.90,0.1027,true,1,21953
7290006764478,false,"בירה נשר מאלט בקבוק זכוכית 330 מ""ל",החברה המרכזית להפצת משקאות בעמ,,נשר מאלט 330מל,מיליליטרים,330.00,"100 מ""ל",false,,5.30,0.0161,true,1,5207
7290006765000,false,טורטיה מקמח מלא שקדיה 540 גרם,דין שיווק וקליה 2021 בעמ,,8 טורטיות חיטה מלאה,גרמים,540.00,100 גרם,false,,11.90,0.0220,true,1,2696
7290006765895,false,בוטן בקליפה 200 גרם שושן הקולה,"דין שיווק וקלייה בע""",,בוטן קלוי בקליפה 200,גרמים,200.00,100 גרם,false,,7.90,0.0395,true,1,30188
7290006775795,false,עוגת תפוחי עץ עם מילוי מעודן אחוה 450 גרם,"אחדות ביח""ר לטחינה ח",,אחווה עוגת תפוע ממול,גרמים,450.00,100 גרם,false,,13.90,0.0309,true,1,527
7290006804877,false,מארז 10 יח מיני פיתות פילסברי,ג נרל מילס ישראל בעמ,,פיתלה 10 יח',יח',1.00,יח',false,,12.90,12.9000,true,1,1662
7290006804907,false,פיתה אסלית אפויה קפואה (חמישיות),קונסיגנציה ג`נרל מילס ישראל בע,,פיתות אסלי 5 יח',גרמים,500.00,100 גרם,false,,8.90,0.0178,true,1,1664
7290006855404,false,"ברבריא בייטס תמר מג'הול עם קשיו, שקדים ופיסטוק",טבעית מוצרים מן הטבע בעמ,,ברבריא BITES חטיף תמ,גרמים,55.00,100 גרם,false,,8.90,0.1618,true,1,114945
7290006855428,false,חטיף תמר לוז קשיו ושברי פולי קקאו ברבריא בייטס 55 ג',טבעית מוצרים מן הטבע בעמ,,ברבריא BITES חטיף תמ,גרמים,55.00,100 גרם,false,,8.90,0.1618,true,1,114946
7290006983152,false,קרוטונים מתובלים למרק אסם (400 גרם),קבוצת אוסם סחר שותפות מוגבלת,,קרוטונים מתובלים אסם,גרמים,400.00,100 גרם,false,,19.60,0.0490,true,1,9828
7290006983794,false,עוגת הבית בטעם תפוז אסם 400 גרם,קבוצת אוסם סחר שותפות מוגבלת,,עוגת הבית תפוז 400גר,גרמים,400.00,100 גרם,false,,14.90,0.0373,true,1,9835
7290008101318,false,קריספ פירורי לחם זהוב 300 גרם מיימונס,א.ל ייצור ושיווק תבלינים בעמ,,פירורי לחם זהוב קלאס,גרמים,300.00,100 גרם,false,,7.90,0.0263,true,1,182166
7290008116565,false,שטיפת פה ליסטרין מנטה מרענן 500 מ`ל,ג'\ונסון אנד ג'\ונסון,,מי פה פרש ליסטרין 50,מיליליטרים,500.00,"100 מ""ל",false,,23.90,0.0478,true,1,16020
7290008154222,false,עוף טוב שניצלונים 700 גרם,קבוצת אוסם סחר-שות.מוגבלת,,שניצלונים עוף טוב 70,גרמים,700.00,100 גרם,false,,21.90,0.0313,true,1,10455
7290008175173,false,חמאה מפינלנד ללא מלח 200 גרם ויליפוד,ג.וילי-פוד אינטרנשיונל **גבינו,,חמאה מפינלנד 200גר',גרמים,200.00,100 גרם,false,,11.90,0.0595,true,1,1859
7290008268301,false,אוכמניות יחידה,בראשית,,אוכמניות,גרמים,120.00,100 גרם,false,,11.90,0.0992,true,1,26855
7290008340618,false,סלמון מעושן מצונן דלידג 100 ג',נטו מילנדה סחר בעמ*,,סלמון 100 מעושן מצונ,גרמים,100.00,100 גרם,false,,22.90,0.2290,true,1,8924
7290008347211,false,אצבעות דג מצופות דלידג (700 גרם),אף.סי תבליני בגליל ב,,דלידג אצבעות דג 700,גרמים,700.00,100 גרם,false,,27.90,0.0399,true,1,8932
7290008409100,false,אצבעות שניצל בציפוי שומשום מאמא עוף 700 גרם,תנובה גליל שותפות מוגבלת,,אצבעות שניצל ציפוי ש,גרמים,700.00,100 גרם,false,,38.90,0.0556,true,1,13579
7290008409124,false,מאמא עוף קפוא שניצל ג'ונגל פריך 700 גרם,תנובה מרכז שיתופי לשיווק תוצרת,,מאמא עוף קפוא שניצל,גרמים,700.00,100 גרם,false,,38.90,0.0556,true,1,13580
7290008409216,false,מאמא עוף קפוא שניצל דק פריך 700 גרם,תנובה מרכז שיתופי לשיווק תוצרת,,מאמא עוף קפוא שניצל,גרמים,700.00,100 גרם,false,,43.90,0.0627,true,1,13581
7290008409582,false,שניצל עוף אמיתי בציפוי ביתי מאמא עוף 700 גרם,תנובה מרכז שיתופי לשיווק תוצרת,,שניצל אמיתי בציפוי ב,גרמים,700.00,100 גרם,false,,41.70,0.0596,true,1,13591
7290008462204,false,חרדל דיז'ון מקורי נטו מאי 380 גרם,א. סיימן סחר בעמ,,חרדל דיזון מקורי 380,גרמים,380.00,100 גרם,false,,19.90,0.0524,true,1,8934
7290008464475,false,בירה מכבי פחית 500 מ``ל,"טמפו משקאות בע""\מ",,"מכבי פחית 500מ""ל",מיליליטרים,500.00,"100 מ""ל",false,,8.80,0.0176,true,1,5229
7290008464604,false,"בירה הייניקן פחית 500 מ""ל",טמפו משקאות בע''מ,,הייניקן בירה פח 500מ,מיליליטרים,500.00,"100 מ""ל",false,,13.90,0.0278,true,1,5233
7290008464697,false,"בירה מכבי 7.9%, בירה חזקה, מארז שישייה, בקבוק 330 מ""ל",טמפו משקאות בעמ,,מכבי 7.9% בקבוק 6* 3,ליטר,1.98,ליטר,false,,37.90,19.1414,true,1,5236
7290008464741,false,"בירה גולדסטאר, מארז שישייה, בקבוק 330 מ''ל","טמפו משקאות בע""\מ",,"גולדסטאר ח""פ בקבוק 6",ליטר,1.98,ליטר,false,,40.90,20.6566,true,1,5239
7290008464796,false,"בירה היינקן, מארז שישייה, בקבוק 330 מ''ל",טמפו משקאות בע''מ,,"הייניקן בקבוק ח""פ 6*",ליטר,1.98,ליטר,false,,46.90,23.6869,true,1,5240
7290008636957,false,שקדים מולבנים גרוסים מיה 100 גרם,מיה תעשיות מזון מ.ת.מ. בעמ,,מיה שקד מולבן גרוס 1,גרמים,100.00,100 גרם,false,,12.80,0.1280,true,1,8002
7290008644112,false,אחלה יום יום סלט מטבוחה יום יום 125 גרם,שטראוס גרופ בעמ/מצונן,,אחלה מטבוחה 125ג,גרמים,125.00,100 גרם,false,,5.90,0.0472,true,1,12480
7290008644235,false,מבחר עלי בייבי 120 גרם-טעם הטבע,שטראוס בריאות ירקות טריי,,עלי בייבי 120 ג ירקו,גרמים,120.00,100 גרם,false,,10.90,0.0908,true,1,12481
7290008644945,false,סלט המושבה שטראוס 450 גר`-טעם הטבע,שטראוס בריאות ירקות טריי,,סלט המושבה 450 ג ירק,גרמים,450.00,100 גרם,false,,12.90,0.0287,true,1,12483
7290008670012,false,"יין אדום קברנה סוביניון רקנאטי 750 מ""ל",היכל היין שקד גולן בעמ,,רקנאטי קברנה סובניו,מיליליטרים,750.00,"100 מ""ל",false,,55.90,0.0745,true,1,23116
7290008745239,false,תפוצ'יפס קראנצ' בטעם טבעי עלית 50 גרם,"שטראוס פריטו ליי בע""\מ )",,תפוציפס קראנץ טבעי 5,גרמים,50.00,100 גרם,false,,4.50,0.0900,true,1,12880
7290008747547,false,תפוצ'יפס קראנץ' בטעם טבעי עלית 200 גרם,"שטראוס פריטו ליי בע""\מ )",,תפוציפס קראנץ טבעי 2,גרמים,200.00,100 גרם,false,,9.90,0.0495,true,1,12881
7290008752244,false,תפוצ'יפס קראנץ' בטעם גריל עלית 50 גרם,"שטראוס פריטו ליי בע""\מ )",,תפוציפס קראנץ גריל 5,גרמים,50.00,100 גרם,false,,4.50,0.0900,true,1,12882
7290008775816,false,ערגליות עוגיות במילוי שוקולד אסם 300 גרם,קבוצת אוסם סחר שותפות מוגבלת,,ערגליות שוקולד 300 ג,גרמים,300.00,100 גרם,false,,11.90,0.0397,true,1,9842
7290008775823,false,ערגליות עוגיות תות שדה אסם 300 גרם,קבוצת אוסם סחר שותפות מוגבלת,,ערגליות תות שדה 300,גרמים,300.00,100 גרם,false,,11.90,0.0397,true,1,9843
7290008801843,false,סלקטד קברנה סובניון יקבי כרמל (750 מל),אגודת הכורמים בעמ,,יין סלקטד קברנה סובנ,מיליליטרים,750.00,"100 מ""ל",false,,32.90,0.0439,true,1,452
7290008802512,false,"יין וינו אדום ""כרמל מזרחי""",אגודת הכורמים בעמ,,יין וינו אדום יבש,מיליליטרים,750.00,"100 מ""ל",false,,23.90,0.0319,true,1,455
7290008830690,false,מובחרים מן הטבע יחידה,קונסיגנציה-דין שיווק וקליה 202,,"פריט מבצע 10 ש""ח.",אין,0.00,יחידה,false,,10.00,0.0000,true,1,17681
7290008849470,false,ממרח פלפל צ'ומה אוליביה 185 גרם,תה ויסוצקי (ישראל)בעמ,,אוליביה ממרח פלפל צו,גרמים,185.00,100 גרם,false,,14.50,0.0784,true,1,29709
7290008945172,false,"שקיות אשפה עם שרוך 52 * 65 ס""מ גלילונית 40 יחידות","אשפלסט תעשיות בע""מ",,גלילונית אשפה למטבח,אין,0.00,יחידה,false,,18.50,0.0000,true,1,3167
7290009018004,false,פיקדון בקבוק/פחית בו,Unknown,,פיקדון בקבוק/פחית בו,אין,0.00,יחידה,false,,0.30,0.0000,true,1,181
7290009018011,false,פיקדון בקבוק/פחיות ש,,,פיקדון בקבוק/פחיות ש,אין,0.00,יחידה,false,,1.80,0.0000,true,1,197
7290009018264,false,פיקדון בקבוק/פחית רב,,,פיקדון בקבוק/פחית רב,אין,0.00,יחידה,false,,1.20,0.0000,true,1,205
7290009023480,false,פיקדון בקבוק 12 יח,,,פיקדון בקבוק 12 יח,אין,0.00,יחידה,false,,3.60,0.0000,true,1,27385
7290009378863,false,מארז 7 חליות,,,מארז 7 חליות,יח',1.00,יח',false,,11.90,11.9000,true,1,1680
7290010002047,false,תבלין מלח לימון תבליני מימון 200 גרם,א.ל ייצור ושיווק תבלינים בעמ,,מימון מלח לימון במיכ,גרמים,200.00,100 גרם,false,,10.50,0.0525,true,1,336
7290010002108,false,תבלין פלפל שחור גרוס גס תבליני מימון 90,א.ל. ייצור ושיווק תבלינים בע`מ,,מימון פלפל שחור גרוס,גרמים,90.00,100 גרם,false,,15.90,0.1767,true,1,340
7290010002290,false,תיבול לשווארמה תבליני מימון 100 גרם,א.ל. ייצור ושיווק תבלינים בע`מ,,מימון תערובת לשווארמ,גרמים,100.00,100 גרם,false,,12.90,0.1290,true,1,349
7290010002320,false,תבלין לגריל עוף תבליני מימון (100 גרם),א.ל. ייצור ושיווק תבלינים בע`מ,,מימון תיבול לגריל עו,גרמים,100.00,100 גרם,false,,12.90,0.1290,true,1,352
7290010002337,false,תיבול לסטייק תבליני מימון 100 גרם,א.ל. ייצור ושיווק תבלינים בע`מ,,מימון תיבול לסטייק 1,גרמים,110.00,100 גרם,false,,12.90,0.1173,true,1,353
7290010002726,false,תבלין לפרגיות תבליני מימון 100 גרם.,א.ל. ייצור ושיווק תבלינים בע`מ,,מימון תיבול לפרגיות,גרמים,100.00,100 גרם,false,,12.90,0.1290,true,1,369
7290010003693,false,פפריקה מתוקה בשקית תבליני מימון 80 גרם,א.ל. ייצור ושיווק תבלינים בע`מ,,מימון פפריקה מתוקה ש,גרמים,80.00,100 גרם,false,,6.50,0.0813,true,1,374
7290010045013,false,עוגיות חמאה צרפתיות לחמי (200 גרם),קונדטוריות לחמי,,עוגיות עם חמאה וסוכר,גרמים,200.00,100 גרם,false,,19.90,0.0995,true,1,13118
7290010045051,false,עוגיות מלבן שקדים לחמי (200 גרם),קונדטוריות לחמי,,עוגיות מלבן שקדים לח,גרמים,200.00,100 גרם,false,,19.90,0.0995,true,1,13119
7290010066575,false,נתחי טונה במים רביעיה *158ג' פילטונה,תעשיות פילטונה בעמ,,נתחי טונה במים פילטו,גרמים,632.00,100 גרם,false,,25.90,0.0410,true,1,14399
7290010066582,false,נתחי טונה בשמן קנולה רביעיה * 158 ג' פילטונה,תעשיות פילטונה בעמ,,נתחי טונה בשמן קנולה,גרמים,632.00,100 גרם,false,,25.90,0.0410,true,1,14400
7290010124190,false,אל מטאדור שניצל בקר מלינסה 250 גרם בלדי,בלדי בעמ,,שניצל בקר מלינסה אל,גרמים,250.00,100 גרם,false,,14.90,0.0596,true,1,19740
7290010154012,false,לימון בלאדי תבליני ביטון יוחאי (250 גרם),נטו מלינדה סחר בע`מ,,לימון כבוש 250 ביטון,גרמים,250.00,100 גרם,false,,14.90,0.0596,true,1,8938
7290010192007,false,פטרוזיליה,,,פטרוזיליה,יח',1.00,יח',false,,4.90,4.9000,true,1,19858
7290010192014,false,שמיר,,,שמיר,יח',1.00,יח',false,,4.90,4.9000,true,1,19859
7290010192021,false,כוסברה ארוז,,,כוסברה,יח',1.00,יח',false,,4.90,4.9000,true,1,19860
7290010192038,false,שורש פטרוזיליה ארוז,,,שורש פטרוזיליה ארוז,יח',1.00,יח',false,,6.90,6.9000,true,1,19861
7290010192045,false,נענע יחידה,חקלאי,,נענע יחידה,יח',1.00,יח',false,,4.90,4.9000,true,1,19862
7290010192052,false,סלרי עלים (אמריקאי),,,סלרי עלים (אמריקאי),יח',1.00,יח',false,,5.90,5.9000,true,1,19863
7290010192069,false,סלרי ראש יחידה,קטיף.,,סלרי ראש ארוז,יח',1.00,יח',false,,6.90,6.9000,true,1,19864
7290010192083,false,מנגולד ארוז,,,מנגולד ארוז,יח',1.00,יח',false,,6.90,6.9000,true,1,19865
7290010259830,false,מנת השף נודלס בסגנון סיני פיקנטי וילי פוד 70 גרם,ג. וילי-פוד אינטרנשיונל בע`מ,,נודלס בטעם סיני פיקנ,גרמים,70.00,100 גרם,false,,5.90,0.0843,true,1,1868
7290010259991,false,צנימים מיוחדים בטעם טבעי 250 ג',ג. וילי-פוד אינטרנשיונל בע`מ,,"צנימים בד""ץ וילי פוד",גרמים,250.00,100 גרם,false,,8.90,0.0356,true,1,1875
7290010429554,false,"שמן זית כתית מעולה יד מרדכי 2 קלאסי, 750 מ""ל",מכוורת יד מרדכי שטראוס ב,,שמן זית כתית מעולה 2,מיליליטרים,750.00,"100 מ""ל",false,,38.90,0.0519,true,1,11878
7290010471669,false,יוגורט תות עם קורנפלקס מצופה שוקולד ללא גלוטן 3.9%,שטראוס גרופ בעמ/מצונן,,דנונה קראנצ' יוגורט,מיליליטרים,175.00,"100 מ""ל",false,,4.90,0.0280,true,1,12486
7290010690428,false,חסה לבבות גן ירק,,,לבבות חסה בשקית,יח',1.00,יח',false,,7.90,7.9000,true,1,26231
7290010711208,false,שייני גליל מטליות צהוב 33 יח',מ.א.ייצור ויבוא מטליות בעמ,,SHINY גליל מטליות 33,אין,0.00,יחידה,false,,19.00,0.0000,true,1,7276
7290010711543,false,כף אשפה + גומי SHINY,מ.א.ייצור ויבוא מטליות בעמ,,כף אשפה + גומי SHINY,אין,0.00,יחידה,false,,5.90,0.0000,true,1,7284
7290010711550,false,דלי איטלקי עם פיה יוגב,מ.א.ייצור ויבוא מטליות בעמ,,דלי שטיפה עם פיה ( 1,אין,0.00,יחידה,false,,11.90,0.0000,true,1,7285
7290010838219,false,ממתיק על בסיס צמח הסטיביה - שקיות,"קיפל טבליות וממתיקים בע""מ",,סטיביה 100 שקיות,גרמים,100.00,100 גרם,false,,32.90,0.3290,true,1,3177
7290010945146,false,קוטג' 3% מועשר בסידן טרה 250 ג' מהדרין,*החברה המרכזית להפצת משקאותבעמ,,טרה קוטג מועשר 3% 25,גרמים,250.00,100 גרם,false,,5.40,0.0216,true,1,3516
7290010945450,false,גבינה לבנה 3% 250 גר מועשר בסידן וויטמין,*החברה המרכזית להפצת משקאותבעמ,,טרה גבינה לבנה מהדרי,גרמים,250.00,100 גרם,false,,4.98,0.0199,true,1,3518
7290011017880,false,פחית דיאט קולה סליק קוקה-קולה (330 מל),החברה המרכזית להפצת משקאות בעמ,,קולה דיאט פחית סליק,מיליליטרים,330.00,"100 מ""ל",false,,5.50,0.0167,true,1,3984
7290011018832,false,"קוקה קולה פרידגפק סליק 330 מ""ל שישייה",החברה המרכזית להפצת משקאות בעמ,,קוקה קולה פרידג' פאק,ליטר,1.98,ליטר,false,,25.50,12.8788,true,1,4003
7290011110024,false,חסה סלנובה יח,,,חסה סלנובה,יח',1.00,יח',false,,12.90,12.9000,true,1,26861
7290011110031,false,לבבות חסה,,,לבבות חסה,יח',1.00,יח',false,,10.90,10.9000,true,1,26862
7290011126452,false,הגן הקסום תה בטעם קמומיל ונענע ויסוצקי 25 יחידות,תה ויסוצקי (ישראל) בעמ,,תה קמומיל ונענע 1.5ג,גרמים,37.50,100 גרם,false,,18.90,0.5040,true,1,13125
7290011131050,false,גרנולה בתוספת פקאן 1 קילו גרין,ויטליאה ניקולה דו,,גרנולה פקאן גרין 1 ק,אלף,1.00,"ק""ג",false,,28.70,28.7000,true,1,7461
7290011148911,false,פלפלים מתוקים טינקרב,מרינה פטריות הגליל,,פלפלים מתוקים טינקרב,גרמים,300.00,100 גרם,false,,9.90,0.0330,true,1,19868
7290011194215,false,מעדן גבינה ויוגורט בטעם בננה 5% שומן 88 ג' דניאלה,שטראוס גרופ בעמ/מצונן,,"דניאלה בננה 150 מ""ל",מיליליטרים,150.00,"100 מ""ל",false,,4.50,0.0300,true,1,12491
7290011194246,false,קוטג 5% 250 גרם עם סידן שטראוס,שטראוס גרופ בעמ/מצונן,,קוטג שטראוס 5% עם סי,גרמים,250.00,100 גרם,false,,5.80,0.0232,true,1,12492
7290011223243,false,"טואלט דאק ג'ל לאסלה בניחוח לבנדר 55 מ""ל","איטיליאן פוד, אס.פי.",,דאק ג'ל אסלה ניחוח ל,מיליליטרים,55.00,"100 מ""ל",false,,9.90,0.1800,true,1,3187
7290011379018,false,מארז משפחתי שמפיניון 500 ג' מרינה,ביכורי השדה צפון 1994 ג.ד. בעמ,,פטריות צמד חמד,גרמים,500.00,100 גרם,false,,16.90,0.0338,true,1,23069
7290011499105,false,בולגרית מסורתית 5% 250 גרם -רבנות,מחלבות גד שיווק 1992 בעמ,,גד בולגרית 5% 250ג,גרמים,250.00,100 גרם,false,,22.60,0.0904,true,1,7790
7290011499327,false,גבינה בולגרית מעודנת 5% 250 גרם - רבנות,מחלבות גד שיווק 1992 בעמ,,גד בולגרית בקר מעודנ,גרמים,250.00,100 גרם,false,,22.60,0.0904,true,1,7794
7290011499419,false,גבינה במרקם שמנת בטעם טבעי 5% ניו יורק,מחלבות גד שיווק 1992 בעמ,,גבינה במרקם שמנת 5%,גרמים,200.00,100 גרם,false,,11.80,0.0590,true,1,7799
7290011518561,false,"אקטימל תות 1.51 ק""ג מארז 14 יחידות",שטראוס גרופ בעמ/מצונן,,אקטימל תות משפחתי 14,ליטר,1.40,ליטר,false,,32.90,23.5000,true,1,12495
7290011587598,false,פילה אנשובי בשמן תומר (45 גרם),תומר ייבוא ושיווק מוצרי מזון [,,פילה אנשובי תומר 45,גרמים,45.00,100 גרם,false,,7.90,0.1756,true,1,13274
7290011593742,false,"שמן זית פיקואל 750 מ""ל סבא חביב",,,שמן זית פיקואל הסדרה,מיליליטרים,750.00,"100 מ""ל",false,,44.00,0.0587,true,1,232495
7290011615260,false,"טורטייה 20 ס""מ קוטר וילי פוד 540 גר",ג.וילי פוד אינטרנשיונל בעמ,,"עלי טורטיה בד""ץ וילי",גרמים,540.00,100 גרם,false,,8.90,0.0165,true,1,1877
7290011723200,false,טחינה הר ברכה 100% שומשום טהור 500 גר,טחינה הר ברכה בעמ,,טחינה הר ברכה טחינה,גרמים,500.00,100 גרם,false,,21.90,0.0438,true,1,22928
7290011912642,false,ליסטרין שטיפת פה הגנה על השיניים והחניכי,ג'\ונסון אנד ג'\ונסון,,מי פה טאגד ליסטרין 5,מיליליטרים,500.00,"100 מ""ל",false,,23.90,0.0478,true,1,16021
7290011947316,false,זיתא זיתי קלמטה בשמן זית כתית מעולה 215ג,תה ויסוצקי (ישראל) בעמ,,זיתי קלמטה זיתא 215,גרמים,215.00,100 גרם,false,,14.90,0.0693,true,1,13132
7290011947798,false,זית קלמטה ללא גלעין עם שמן זית כתית מעולה,תה ויסוצקי (ישראל) בעמ,,זית קלמטה ללא גלעין,גרמים,190.00,100 גרם,false,,15.90,0.0837,true,1,42730
7290011964344,false,שום גבישי בקופ' 120 גר' טעם וריח,"תבליני טעם וריח בע""מ",,שום גבישי 120 גר' במ,גרמים,120.00,100 גרם,false,,10.90,0.0908,true,1,23552
7290012001994,false,חרדל דיז'ון גרעינים 350 ג' ריין דיזון,דיפלומט מפיצים (1968) בעמ**,,חרדל דיגון גרעינים 3,גרמים,350.00,100 גרם,false,,13.90,0.0397,true,1,2958
7290012019265,false,"מחית תפו""ע ללא תוספת סוכר 4*113גר",תומר ייבוא ושיווק מוצרי מזון [,,"מחית תפו""ע ללא סוכר",גרמים,452.00,100 גרם,false,,11.90,0.0263,true,1,13286
7290012022227,false,פריכיות חיטה טבעי 60 גרם,דילייט 2005 בע`מ,,קליליות בטעם טבעי די,גרמים,60.00,100 גרם,false,,12.90,0.2150,true,1,17552
7290012086113,false,עגבניות שרי אשכולות מארז,ביכורי השדה הצפון בעמ` 1964,,עגבניות שרי,גרמים,500.00,100 גרם,false,,9.90,0.0198,true,1,28661
7290012116537,false,"מקסימה אבקת כביסה בניחוח מאסק סנו 2.5 ק""ג",החברה הדרומית לשיווק בעמ,,אבקת כביסה סנו מקסימ,אלף,2.50,"ק""ג",false,,28.90,11.5600,true,1,16461
7290012117350,false,"נוזל רצפות לילך 2 ליטר ""ריצפז פרש""",החברה הדרומית לשיווק בעמ,,ריצפז פרש לילך לבנדר,ליטר,2.00,ליטר,false,,19.90,9.9500,true,1,16474
7290012117558,false,מקסימה מרכך כביסה מרוכז ורוד בניחוח מאסק סנו 1 ליטר,החברה הדרומית לשיווק בעמ,,סנו מקסימה מרכך קומפ,אין,0.00,יחידה,false,,18.90,0.0000,true,1,16483
7290012117572,false,כפפות סנו סושי לטקס M אריזת 100יח',החב. הדרומית לשיווק,,M סנו סושי כפפות לטק,אין,0.00,יחידה,false,,44.90,0.0000,true,1,16485
7290012226120,false,קבנוס זוגלובק (45x3 גרם),נקניק נהריה כשר זוגל,,זוגלובק קבנוס 135ג.,גרמים,135.00,100 גרם,false,,12.90,0.0956,true,1,21958
7290012227325,false,סלמי דק דק מעושן איטלקי 120 ג' זוגלובק,זוגלובק שיווק בעמ,,זוגלובק סלמי מעושן ד,גרמים,120.00,100 גרם,false,,14.90,0.1242,true,1,21967
7290012372209,false,קמח חיטה לבן מנופה רובינפלד,,,קמח חיטה לבן מנופה ר,אלף,1.00,"ק""ג",false,,8.90,8.9000,true,1,166287
7290012642852,false,פלפל אדום על האש תומר 330 גרם,סאטקו,,פלפל אדום קלוי על הא,גרמים,330.00,100 גרם,false,,12.90,0.0391,true,1,13291
7290012645112,false,יוגורט עיזים 2.8% בדלי חלב הארץ 750 גרם,שטראוס גרופ בעמ/מצונן,,יוגורט עיזים בדלי 75,מיליליטרים,750.00,"100 מ""ל",false,,21.90,0.0292,true,1,12498
7290012645181,false,לאבנה עיזים 5% חלב הארץ 200 גרם,שטראוס גרופ בעמ/מצונן,,לאבנה עיזים 5% חלב ה,גרמים,200.00,100 גרם,false,,15.90,0.0795,true,1,180452
7290012645280,false,יוגורט כבשים בסגנון יוני 5% חלב הארץ 150 גרם,שטראוס גרופ בעמ/מצונן,,יוגורט כבשים בסגנון,מיליליטרים,150.00,"100 מ""ל",false,,6.40,0.0427,true,1,113430
7290012803451,false,טוסו שוקולד מריר 62% מוצקי קקאו ללא תוספת סוכר 100 גרם,"דנשר (1963) בע,מ",,טוסו שוקלד מריר 62%,גרמים,100.00,100 גרם,false,,12.60,0.1260,true,1,3207
7290012803772,false,טוסו שוקולד חלב ללא תוספת סוכר 100 גרם,אלטינמארקה גידה סאן,,טוסו שוקלד חלב 100ג,גרמים,100.00,100 גרם,false,,12.60,0.1260,true,1,3210
7290012803796,false,טוסו שוקולד חלב עם אגוזים ללא תוספת סוכר 100 גר',אלטינמארקה גידה סאן,,טוסו שוקלד חלב ואגוז,גרמים,100.00,100 גרם,false,,12.60,0.1260,true,1,3212
7290012823251,false,אל סבון נוזלי יסמין ולבנדר כיף (1 ליטר),החברה הדרומית לשיווק בעמ,,אל סבון יסמין לבנדר,ליטר,1.00,ליטר,false,,14.90,14.9000,true,1,16492
7290012823398,false,מטליות חד פעמיות לניקוי הרצפה בניחוח מרכך כביסה 10יח' סנו,החברה הדרומית לשיווק בעמ,,ריצפז מטליות לחות בנ,אין,0.00,יחידה,false,,12.90,0.0000,true,1,16496
7290012823602,false,נייר טואלט סופט סילק לבן 32 גלילים סנו,החברה הדרומית לשיווק בעמ,,נייר טואלט סופט סילק,מטרים,588.00,מטר,false,,34.90,0.0594,true,1,16502
7290012838026,false,עוגיות מלוחות עבודת יד 350גר,הלל בן הלל שיווק ומסחר בעמ,,עוגיות מלוחות עדי 35,גרמים,350.00,100 גרם,false,,16.90,0.0483,true,1,161645
7290012884986,false,צ`יפס לתנור עד 4% שומן תפוגן (1.5 קג),קבוצת אוסם סחר שותפות מוגבלת,,תפוגן ציפס לתנור עד,אלף,1.50,"ק""ג",false,,30.90,20.6000,true,1,10472
7290012921025,false,"בקבוק בירה מלכה בהירה 330 מ""ל",הכרם - משקאות חריפים בעמ,,מלכה בוטיק בירה בהיר,מיליליטרים,330.00,"100 מ""ל",false,,14.90,0.0452,true,1,4203
7290012921056,false,"בקבוק בירה מלכה חיטה 330 מ""ל",הכרם - משקאות חריפים בעמ,,מלכה בוטיק בירה חיטה,מיליליטרים,330.00,"100 מ""ל",false,,14.90,0.0452,true,1,78824
7290012938580,false,"משחת שיניים סנסודיין להלבנה עדינה 75 מ""ל",גלקסוסמית'\קליין קונסיומ,,משחת שיניים הלבנה עד,מיליליטרים,75.00,"100 מ""ל",false,,22.70,0.3027,true,1,2237
7290012962929,false,כפפות ניטריל סייף טא,,,כפפות ניטריל סייף טא,אין,0.00,יחידה,false,,29.90,0.0000,true,1,169966
7290013027399,false,לחם קמח מלא קל בתוספת שיפון 750 ג' אנג'ל,מאפיית שלמה א. אנג'\ל בע,,לחם 100 בתוספת שיפון,גרמים,750.00,100 גרם,false,,15.90,0.0212,true,1,19795
7290013090065,false,שרי אורגני,,,שרי אורגני,יח',1.00,יח',false,,14.90,14.9000,true,1,27883
7290013117526,false,בצק שמרים מרודד למאפים מתוקים מעדנות 900 גרם,תנובה מרכז שיתופי לשיווק תוצרת,,מעדנות בצק שמרים למא,גרמים,900.00,100 גרם,false,,27.40,0.0304,true,1,19914
7290013145444,false,שוקולד מריר מעולה ציפס 66% מימונס 250 ג',א.ל. ייצור ושיווק תבלינים בע`מ,,מימונס שוקולד ציפס 6,גרמים,250.00,100 גרם,false,,17.90,0.0716,true,1,8290
7290013153418,false,מיץ סחוט טרי 1ל לימונענע פרי גת,החברה המרכזית טלהפצת משקאות בע,,פריגת מצונן סחוט לימ,אין,0.00,יחידה,false,,16.90,0.0000,true,1,3524
7290013156846,false,עוגיות מלוחות גיקובס,הלל בן הלל שיווק ומסחר בעמ,,עוגיות מלוחות גיקובס,גרמים,350.00,100 גרם,false,,18.90,0.0540,true,1,146929
7290013156914,false,עוגיות כעך טוניסאי 350גר,הלל בן הלל שיווק ומסחר בעמ,,עוגיות כעך טוניסאי ג,גרמים,350.00,100 גרם,false,,18.90,0.0540,true,1,146930
7290013203182,false,שרי מנומר -ליקופן,,,שרי מנומר -ליקופן,גרמים,200.00,100 גרם,false,,10.90,0.0545,true,1,30105
7290013268037,false,מקסימה מרכך כביסה מרוכז בניחוח לבנדר פצ'ולי סנו 1 ליטר,החברה הדרומית לשיווק בעמ,,סנו מקסימה פצ'ולי מר,אין,0.00,יחידה,false,,18.90,0.0000,true,1,16510
7290013268884,false,"נוזל רצפות מאסק 2 ליטר ""ריצפז פרש""",החברה הדרומית לשיווק בעמ,,ריצפז פרש מאסק 2 ליט,ליטר,2.00,ליטר,false,,19.90,9.9500,true,1,16521
7290013268891,false,אוקסיג'ן ג'ל ללא אקונומיקה עם חמצן פעיל סנו 3 ליטר,החברה הדרומית לשיווק בעמ,,סנו אוקסיג'ן 3 ליטר,ליטר,3.00,ליטר,false,,32.90,10.9667,true,1,16522
7290013268938,false,סנובון סבון לאסלה בניחוח מאסק סנו 3*65 גרם,החברה הדרומית לשיווק בעמ,,סנובון שלישיה מאסק 3,גרמים,195.00,100 גרם,false,,12.90,0.0662,true,1,16525
7290013268990,false,מרכך כביסה מרוכז לבן ביו סנו מקסימה 1 ליטר,החברה הדרומית לשיווק בעמ,,סנו מקסימה מרכך מרוכ,אין,0.00,יחידה,false,,18.90,0.0000,true,1,16526
7290013269348,false,K3 תחנת פיתיון קוטל תיקנים (ג'וקים) בבית ובחצר,החברה הדרומית לשיווק בעמ,,סנו K3 תחנות פיתיון,אין,0.00,יחידה,false,,52.90,0.0000,true,1,16531
7290013269645,false,ריצפז פרש מטליות לחות לריצפה בניחוח מאסק 10 יחידות,החברה הדרומית לשיווק בעמ,,ריצפז פרש מטליות לחו,אין,0.00,יחידה,false,,12.90,0.0000,true,1,16535
7290013269850,false,נייר אפיה אקולוגי סנו סושי 50 יחידות,החברה הדרומית לשיווק בעמ,,סנו סושי נייר אפיה א,אין,0.00,יחידה,false,,17.90,0.0000,true,1,16541
7290013284662,false,רוטב פיצה פיתה לילדים 240 ג' פריניר,ח.כהן סוכנות מזון ומשקאות בע,,רוטב פיצה פיתה פריני,גרמים,240.00,100 גרם,false,,6.50,0.0271,true,1,22939
7290013358356,false,פירורי לחם מוזהבים מאסטר שף (320גרם),ש. שסטוביץ בע`מ,,מאסטר שף פירורי לחם,גרמים,350.00,100 גרם,false,,7.80,0.0223,true,1,11361
7290013358363,false,מאסטר שף פרורי לחם פנקו עבים בסגנון יפני 300 גר,קריניציה ויטמינה אס,,מאסטר שף פירורי לחם,גרמים,300.00,100 גרם,false,,10.90,0.0363,true,1,11362
7290013358486,false,מאסטר שף פירורים מוזהבים ללא צורך בביצה 300 ג,"מיוצר ע""י מנה י.א בע",,מאסטר שף פירורים מו,גרמים,300.00,100 גרם,false,,7.80,0.0260,true,1,11366
7290013358493,false,מאסטר שף אסייאתי קרם קוקוס פחית 400 מל,תאי קוקונט פבליק קומפני,,מאסטר שף אסייאתי קרם,מיליליטרים,400.00,"100 מ""ל",false,,9.90,0.0248,true,1,11367
7290013389374,false,תומר קמח תירס דק 500 גר פולטנה,תומר ייבוא ושיווק מוצרי מזון [,,קמח תירס תומר 500 גר,גרמים,500.00,100 גרם,false,,9.30,0.0186,true,1,13297
7290013389381,false,"קמח תירס פולנטה מולינו 1 ק""ג",תומר ייבוא ושיווק מוצרי מזון [,,"קמח תירס תומר 1 ק""ג",אלף,1.00,"ק""ג",false,,11.90,11.9000,true,1,13298
7290013585387,false,בקבוק זירו קוקה-קולה (1 ליטר),החברה המרכזית להפצת משקאות בעמ,,קולה זירו 1 ליטר,ליטר,1.00,ליטר,false,,7.90,7.9000,true,1,4025
7290013585394,false,בקבוק קוקה-קולה (1 ליטר),החברה המרכזית להפצת משקאות בעמ,,קוקה קולה 1 ליטר,ליטר,1.00,ליטר,false,,7.90,7.9000,true,1,4026
7290013585967,false,מארז ספרייט זירו Fridge Pack פחית 6*33,החברה המרכזית להפצת משקאות בעמ,,ספרייט זירו שישיה פח,ליטר,1.98,ליטר,false,,25.00,12.6263,true,1,4041
7290013652164,false,"ד""ר פישר - נטורל קר מגבונים להסרת איפור לעור רגיש 30 יח' * 3",פישר תעשיות פרמצבטיות בעמ,,מגבונים להסרת איפור,אין,0.00,יחידה,false,,26.90,0.0000,true,1,15874
7290013677679,false,סודה לשתיה בשקית מיה 80 גרם,מיה תעשיות מזון מ.ת.מ. בעמ,,סודה לשתיה בשקית 80,גרמים,80.00,100 גרם,false,,4.90,0.0613,true,1,8128
7290013724939,false,משוקלדים חמוציות מריר 140 גר' קופסא,דין שיווק וקליה 2021 בעמ,,שקדיה חמוציות בשוק.מ,גרמים,140.00,100 גרם,false,,11.90,0.0850,true,1,224730
7290013724946,false,שקדים בשוקולד מריר בקופסא 140 גרם,דין שיווק וקליה 2021 בעמ,,שקדים בציפוי שוקלד מ,גרמים,140.00,100 גרם,false,,11.90,0.0850,true,1,101567
7290013724960,false,שקדים בציפוי שוקולד בקופסא שקדיה 140 גרם,דין שיווק וקליה 2021 בעמ,,שקדים בציפוי שוקולד,גרמים,140.00,100 גרם,false,,11.90,0.0850,true,1,101552
7290013906205,false,פסטרמה עם שום וצילי טירת צבי 400 ג',תנובה מרכז שיתופי לשיווק תוצרת,,טירת צבי פסטרמה שום,גרמים,400.00,100 גרם,false,,30.90,0.0772,true,1,13469
7290013906458,false,קבנוס בטעם פיקנטי טירת צבי 120 גרם,תנובה מרכז שיתופי לשיווק תוצרת,,טירת צבי קבנוס פיקנט,גרמים,120.00,100 גרם,false,,11.90,0.0992,true,1,13481
7290014002203,false,חליטת לימונית ולואיזה הגן הקסום ויסוצקי 25 יחידות,תה ויסוצקי (ישראל) בעמ,,תה חליטת לימונית ולו,גרמים,37.50,100 גרם,false,,18.90,0.5040,true,1,13147
7290014046016,false,פסטרמה של פעם דל שומן 2% רכיבים טבעיים,מעדני יחיעם ( 1993 ) בע`מ,,יחיעם פסטרמה הודו 10,גרמים,250.00,100 גרם,false,,28.90,0.1156,true,1,8400
7290014079014,false,לבבות קיסר ארוז נספק,"מרינה פטריות הגליל בע""מ",,לבבות קיסר,גרמים,300.00,100 גרם,false,,10.90,0.0363,true,1,19870
7290014094352,false,אגוז מלך טבעי ששון הקולה (200 גרם),דין שיווק וקליה 2021 בעמ,,ששון הקולה אגוז מלך,גרמים,200.00,100 גרם,false,,16.90,0.0845,true,1,30192
7290014094369,false,שקד טבעי קלוף ששון הקולה (200 גרם),דין שיווק וקליה 2021 בעמ,,ששון הקולה שקד טבעי,גרמים,200.00,100 גרם,false,,22.90,0.1145,true,1,30193
7290014094383,false,משמש בקופסא ששון הקולה 250 גר`,דין שיווק וקליה 2021 בעמ,,שקדיה משמש מיובש 330,גרמים,330.00,100 גרם,false,,24.90,0.0755,true,1,30195
7290014094611,false,שקד מולבן פרוס בקופסא ששון הקולה 200 גרם,דין שיווק וקליה 2021 בעמ,,שקד מולבן פרוס 200גר,גרמים,200.00,100 גרם,false,,19.90,0.0995,true,1,30198
7290014094628,false,פקאן טבעי ששון הקולה (200 גרם),דין שיווק וקליה 2021 בעמ,,פקאן טבעי 200גר ששון,גרמים,200.00,100 גרם,false,,26.90,0.1345,true,1,30199
7290014094635,false,אגוז ברזיל טבעי 200גר בקופסא,דין שיווק וקליה 2021 בעמ,,אגוז ברזיל טבעי 250ג,גרמים,250.00,100 גרם,false,,39.90,0.1596,true,1,30200
7290014094895,false,אגוזים קלופים בשקית ששון הקולה 150 גרם,דין שיווק וקליה 2021 בעמ,,אגוז מלך 150גר ששון,גרמים,150.00,100 גרם,false,,11.90,0.0793,true,1,30205
7290014094901,false,פקאן טבעי 150 גרם ששון הקולה,דין שיווק וקליה 2021 בעמ,,פקאן טבעי 150 גרם,גרמים,150.00,100 גרם,false,,19.90,0.1327,true,1,30206
7290014095861,false,שיבולת שועל דקה בשקית שקדיה 500 גרם,דין שיווק וקליה 2021 בעמ,,שיבולת שועל דקה קווא,גרמים,500.00,100 גרם,false,,6.90,0.0138,true,1,2715
7290014095953,false,פקאן בציפוי שוקולד בקופסא שקדיה 140 גרם,דין שיווק וקליה 2021 בעמ,,שקדיה פקאן בשוקולד ח,גרמים,160.00,100 גרם,false,,11.90,0.0744,true,1,2717
7290014217065,false,אורגנו עלים בקופ' 30 גר' טעם וריח,"תבליני טעם וריח בע""מ",,טעם וריח אורגנו מיכל,גרמים,30.00,100 גרם,false,,11.90,0.3967,true,1,23555
7290014217171,false,תערובת תיבול תיבול גריל דג מיכל 100ג',"תבליני טעם וריח בע""מ",,תבלין בתיבול גריל דג,גרמים,100.00,100 גרם,false,,9.80,0.0980,true,1,148512
7290014217225,false,גריל עוף בקופ' 120 גר' טעם וריח,"תבליני טעם וריח בע""מ",,טעם וריח גריל עוף מי,גרמים,120.00,100 גרם,false,,11.90,0.0992,true,1,23557
7290014217348,false,"מיכל צ'ילי כתוש 70 גר' ""טעם וריח""","תבליני טעם וריח בע""מ",,תבליני טעם וריח צילי,גרמים,70.00,100 גרם,false,,11.90,0.1700,true,1,23559
7290014217515,false,לציפוי מאפה מלוח מיכל 90 גר`טעם וריח,"תבליני טעם וריח בע""מ",,תערובת ציפוי למאפה מ,גרמים,90.00,100 גרם,false,,10.90,0.1211,true,1,148734
7290014397453,false,סנו אוקסיגן גל מסיר כתמים כביסה לבנה 3 ל,החברה הדרומית לשיווק בעמ,,סנו אוקסיג'ן לכביסה,ליטר,3.00,ליטר,false,,32.90,10.9667,true,1,16572
7290014397767,false,סנו ריצפז פרש הום 2 ליטר בניחוח כותנה-מרכז,החברה הדרומית לשיווק בעמ,,ריצפז פרש הום כותנה,ליטר,2.00,ליטר,false,,24.90,12.4500,true,1,16581
7290014435704,false,סלמון מעושן פרוס 100ג(שמיר),שבעת הימים - שמיר,,סלמון מעושן סלטי שמי,גרמים,100.00,100 גרם,false,,28.90,0.2890,true,1,9288
7290014435810,false,נתחי הרינג כבוש עם בצל במרינת חמוץ מתוק שמיר 220 גרם,"סלטי שמיר 2006 בע""מ",,הרינג כבוש עם בצל במ,גרמים,180.00,100 גרם,false,,21.90,0.1217,true,1,9291
7290014455245,false,גבינה גרנה פדנו משולש גד 200 גר',מחלבות גד שיווק 1992 בעמ,,גד גרנה פדנו משולש כ,גרמים,200.00,100 גרם,false,,27.00,0.1350,true,1,7810
7290014455320,false,גבינה כדורי מוצרלה פרסקה גד 100ג',מחלבות גד שיווק 1992 בעמ,,גד כדור מוצרלה פרסקה,גרמים,100.00,100 גרם,false,,10.50,0.1050,true,1,7812
7290014455467,false,ירח מתוק מעדן חלב 2% ושיבולת שועל גד 150ג',מחלבות גד שיווק 1992 בעמ,,גד מעדן שיבולת שועל,מיליליטרים,150.00,"100 מ""ל",false,,6.50,0.0433,true,1,7813
7290014459137,false,"תפוגן סטייק צ'יפס 1.5 ק""ג אסם",קבוצת אוסם סחר שותפות מוגבלת,,תפוגן סטייק ציפס 1.5,אלף,1.50,"ק""ג",false,,28.90,19.2667,true,1,10474
7290014459472,false,"תפוגן צ יפס קלאסי 2ק""ג (תפוגן)",קבוצת אוסם סחר שותפות מוגבלת,,תפוגן צ`יפס קלאסי 2,אלף,2.00,"ק""ג",false,,30.90,15.4500,true,1,10478
7290014466128,false,"יין הר חרמון אינדיגו 750 מ""ל",מיוצר וממולא על ידי יקב,,יקבי רמת הגולן הר חר,מיליליטרים,750.00,"100 מ""ל",false,,39.90,0.0532,true,1,23128
7290014471412,false,"מוזלי בוטנים אגוזים ושקדים 1 ק""ג - 412 ירוק שקדיה",דין שיווק וקליה 2021 בעמ,,מוזלי בוטנים אגוזים,אלף,1.00,"ק""ג",false,,19.90,19.9000,true,1,2719
7290014472228,false,תאנים ששון הקולה (330 גרם),דין שיווק וקליה 2021 בעמ,,תאנים בקופסא 330גר,גרמים,330.00,100 גרם,false,,22.90,0.0694,true,1,30208
7290014472235,false,פקאן סיני מסוכר ששון הקולה (200 גרם),דין שיווק וקליה 2021 בעמ,,פקאן סיני מסוכר בקופ,גרמים,200.00,100 גרם,false,,26.90,0.1345,true,1,30209
7290014472495,false,קשיו קלוי ענק פרימיום ששון הקולה 250 גרם,דין שיווק וקליה 2021 בעמ,,קשיו קלוי ענק פרימיו,גרמים,250.00,100 גרם,false,,21.90,0.0876,true,1,30212
7290014472501,false,פיסטוק קלוי ענק פרימיום ששון הקולה 250 גרם,דין שיווק וקליה 2021 בעמ,,פיסטוק קלוי ענק 250,גרמים,250.00,100 גרם,false,,25.90,0.1036,true,1,30213
7290014472518,false,בוטן קלוי ענק פרימיום ששון הקולה 250 גרם,דין שיווק וקליה 2021 בעמ,,בוטן קלוי פרימיום 25,גרמים,250.00,100 גרם,false,,11.90,0.0476,true,1,30214
7290014472525,false,תערובת פיצוחים פרימיום ששון הקולה 250 גרם,דין שיווק וקליה 2021 בעמ,,תערובת פיצוחים מובחר,גרמים,250.00,100 גרם,false,,21.90,0.0876,true,1,30215
7290014503137,false,יין אדום יבש יובלים יקב דלתון (750 מל),הכרם - משקאות חריפים בעמ,,כנען אדום-דלתון 750,מיליליטרים,750.00,"100 מ""ל",false,,45.90,0.0612,true,1,4206
7290014673380,false,כמון טחון תבליני מימון 250 גרם,א.ל. ייצור ושיווק תבלינים בע`מ,,מימון כמון טחון 250,גרמים,250.00,100 גרם,false,,24.10,0.0964,true,1,411
7290014673434,false,פלפל שחור גרוס דק שקית תבליני מימון 80גרם,א.ל.ייצור ושיווק תבלינים בעמ,,פלפל שחור גרוס דק בש,גרמים,80.00,100 גרם,false,,9.80,0.1225,true,1,415
7290014758100,false,מאגדת יוגורט ביו 3% שומן 8 יח' *150ג' תנובה,מיוצר עי קונדיטוריית,,יוגורט תנובה 3% 8*15,אלף,1.20,"ק""ג",false,,17.50,14.5833,true,1,13927
7290014759084,false,גבינת שמנת נפוליאון 16% מופחת שומן תנובה 225 גרם,תנובה מרכז שיתופי לש,,נפוליאון 16% 225גר,גרמים,225.00,100 גרם,false,,15.50,0.0689,true,1,13932
7290014759909,false,פטה עיזים 5% 250 גר`גביע פיראוס תנובה,"תנובה, מחלבת טנא נוג",,פיראוס פטה עזים פירא,גרמים,250.00,100 גרם,false,,31.00,0.1240,true,1,13937
7290014759992,false,פלח רוקפור גליל 26% 140 גר`קולקשיין תנו,"תנובה, מחלבת תל יוסף",,גבינות תנובה רוקפור,גרמים,140.00,100 גרם,false,,20.00,0.1429,true,1,13940
7290014760134,false,"מעדן סויה בטעם וניל תנובה 125 מ""ל",תנובה Alternative,,גביע מעדן סויה בטעם,גרמים,125.00,100 גרם,false,,4.90,0.0392,true,1,13941
7290014760448,false,גבינה צהובה גלבוע 400 גרם 22% שומן תנובה,מחלבת בית יצחק,,גלבוע 22% 400 גרם,גרמים,400.00,100 גרם,false,,23.90,0.0597,true,1,13943
7290014760912,false,גבינה צהובה 28% מהדרין גוש חלב (400 גרם),תנובה מרכז שיתופי לש,,גוש חלב 28% מהדרין 4,גרמים,400.00,100 גרם,false,,26.10,0.0653,true,1,13945
7290014762756,false,גבינת שמנת נפוליאון 16% עם בצל תנובה 225 גרם,תנובה - חלב,,נפוליאון 16% עם בצל,גרמים,225.00,100 גרם,false,,15.50,0.0689,true,1,13963
7290014762800,false,מעדן סויה שוקולד גביע 125 גרם אלטרנטיב,תנובה מרכז שיתופי לש,,גביע מעדן סויה בטעם,גרמים,125.00,100 גרם,false,,4.90,0.0392,true,1,13968
7290014789913,false,עוגיות אוראו קרם בטעם וניל מארז 176 גרם,דיפלומט מפיצים (1968) בעמ**,,עוגיות אוראו מארז 3,גרמים,528.00,100 גרם,false,,23.90,0.0453,true,1,196263
7290014855458,false,מגבוני בייביסיטר פרפורמנס ללא בישום מארז 72X4יח',בייביסיטר Babysitter,,מגבוני בייבי פרפורמנ,אין,0.00,יחידה,false,,17.40,0.0000,true,1,16036
7290014931015,false,כוסברה עם השורש יחידה,ל. פלמינגו ישראל בעמ,,כוסברה עם שורש,יח',1.00,יח',false,,7.90,7.9000,true,1,27342
7290014931077,false,עירית עם השורש יחידה,תעשיות תמרוקים שיק 1,,עירית עם שורש,יח',1.00,יח',false,,7.90,7.9000,true,1,27347
7290014940901,false,לחם פשוט מלא לילדים פרוס אנג`ל (750 גרם),מאפיית שלמה א. אנג'\ל בע,,לחם פשוט מלא אנגל 75,גרמים,750.00,100 גרם,false,,15.90,0.0212,true,1,19798
7290015009041,false,"חומץ תפוחים 500 מ""ל ""daniel""",מנדלז סי.אר. פרודקשן,,חומץ תפוחים חומציות,מיליליטרים,500.00,"100 מ""ל",false,,20.60,0.0412,true,1,176672
7290015009249,false,"רוטב סלסה חריף אדום 454 גרם ""סבוריטו""",לינדסטרי פודס,,"רוטב סלסה חריף ארה""ב",גרמים,454.00,100 גרם,false,,24.90,0.0548,true,1,181217
7290015009355,false,רוט.חומץ בלסמי מצומצם250,אקובינל,,רוטב חומץ בלסמי מצומ,מיליליטרים,250.00,"100 מ""ל",false,,24.90,0.0996,true,1,177314
7290015129251,false,איטריות גל קונג`אק בצורת פסטה פטוצ`יני ס,אף.סי תבליני בגליל ב,,סקיני - פסטה פטוצ'ינ,גרמים,270.00,100 גרם,false,,11.90,0.0441,true,1,31835
7290015150088,false,מחית עגבניות קלה גרנד איטליה 700 גרם,תה ויסוצקי (ישראל) בעמ,,מחית עגבניות בלה איט,גרמים,700.00,100 גרם,false,,12.90,0.0184,true,1,13151
7290015251198,false,סבון ידיים סגול שלישייה( 500 מל)נובו,סאסאטק אגשח בעמ,,נובו סבון ידיים סגול,ליטר,1.50,ליטר,false,,12.90,8.6000,true,1,21449
7290015282598,false,חומוס מסעדות גורמה שמיר 200 גרם,"סלטי שמיר 2006 בע""מ",,חומוס מסעדות,גרמים,200.00,100 גרם,false,,11.90,0.0595,true,1,9315
7290015282604,false,טחינה מיוחדת גורמה שמיר 200 גרם,"סלטי שמיר 2006 בע""מ",,טחינה מיוחדת,גרמים,200.00,100 גרם,false,,11.90,0.0595,true,1,9316
7290015324007,false,פלפל שחור גרוס 80 גר' טעם וריח,"תבליני טעם וריח בע""מ",,טעם וריח פלפל שחור ג,גרמים,80.00,100 גרם,false,,12.90,0.1613,true,1,23561
7290015324038,false,פפריקה מתוקה בשמן 100 גרם טעם וריח,"תבליני טעם וריח בע""מ",,טעם וריח פפריקה בשמן,גרמים,80.00,100 גרם,false,,6.50,0.0813,true,1,23563
7290015324052,false,פפריקה מתוקה 80 גר' טעם וריח,"תבליני טעם וריח בע""מ",,טעם וריח פפריקה מתוק,גרמים,80.00,100 גרם,false,,6.50,0.0813,true,1,23565
7290015324076,false,זעתר מעורב 80 גר' טעם וריח,"תבליני טעם וריח בע""מ",,טעם וריח זעתר שקית 8,גרמים,80.00,100 גרם,false,,6.90,0.0863,true,1,23567
7290015324090,false,כמון טחון 80 גר' טעם וריח,"תבליני טעם וריח בע""מ",,טעם וריח כמון שקית 8,גרמים,80.00,100 גרם,false,,8.90,0.1113,true,1,23569
7290015324120,false,שום גבישי 80 גר' טעם וריח,"תבליני טעם וריח בע""מ",,טעם וריח שום גבישי ב,גרמים,80.00,100 גרם,false,,9.90,0.1238,true,1,23572
7290015328531,false,להבונים 50 יח' 3 שעו,,,להבונים 50 יח' 3 שעו,אין,0.00,יחידה,false,,10.90,0.0000,true,1,7084
7290015347259,false,פירורי לחם מוזהבים מיה 400 גרם,מיה תעשיות מזון מ.ת.מ בעמ,,פירורי לחם מוזהבים 4,גרמים,400.00,100 גרם,false,,7.90,0.0198,true,1,8155
7290015347488,false,"סוכר דמררה חום שקית מיה 1 ק""ג",מיה תעשיות מזון מ.ת.מ. בעמ,,סוכר דמררה בשקית מיה,אלף,1.00,"ק""ג",false,,10.90,10.9000,true,1,8169
7290015366663,false,"משחת שיניים מנטה עדין אקווה פרש 100 מ""ל",גלקסוסמיתקליין,,מש.שיניים מנטה עדין,גרמים,100.00,100 גרם,false,,7.90,0.0790,true,1,2261
7290015366670,false,משחת שיניים בטעם מנטה אקוהפרש (100 מל),גלקסוסמיתקליין,,מש.שיניים מנטה אקווה,גרמים,100.00,100 גרם,false,,7.90,0.0790,true,1,2262
7290015572033,false,שרי צהוב,,,שרי צהוב,יח',1.00,יח',false,,9.90,9.9000,true,1,28663
7290015603522,false,"נוזל אגוזי קוקוס 5%-7% 400 מ""ל",מזרח ומערב יבוא ושיווק,,נוזל אגוזי קוקוס 5-7,מיליליטרים,400.00,"100 מ""ל",false,,7.90,0.0198,true,1,169506
7290015603546,false,"שימורי קרם קוקוס 17-19% 400 מ""ל (ASIATIC)(כ)",מזרח ומערב יבוא ושיווק,,שימורי קרם קוקוס 17-,מיליליטרים,400.00,"100 מ""ל",false,,9.90,0.0248,true,1,169435
7290015644297,false,שישיית לחמניות פשוט מלא אנג'ל 450 גרם,מאפיית שלמה א. אנג'\ל בע,,6 לחמניות פשוט מלא א,אין,0.00,יחידה,false,,11.90,0.0000,true,1,19799
7290015644433,false,לחם מחמצת 100% שיפון קל אנג'ל 600 גרם,מאפיית שלמה א. אנג'\ל בע,,לחם מחמצת 100% שיפון,גרמים,600.00,100 גרם,false,,18.90,0.0315,true,1,19801
7290015652070,false,קשוי קלוי בשקית ששון הקולה 150 גרם,דין שיווק וקליה 2021 בעמ,,קשיו קלוי 150 גרם שש,גרמים,150.00,100 גרם,false,,12.90,0.0860,true,1,30216
7290015652407,false,פיסטוק קלוי ששון הקולה (250 גרם),דין שיווק וקליה 2021 בעמ,,פיסטוק קלוי ששון הקו,גרמים,250.00,100 גרם,false,,20.00,0.0800,true,1,2737
7290015766005,false,שרי וויטני יחידה,,,שרי וויטני יחידה,גרמים,500.00,100 גרם,false,,9.90,0.0198,true,1,30106
7290015766029,false,עגבניות שרי כתומות 4,אראל תוצרת חקלאית בע,,שרי כתום יח',גרמים,460.00,100 גרם,false,,9.90,0.0215,true,1,28664
7290015781275,false,יין לבן מוסקטו מתוק טפרברג (750 מל),יקב טפרברג 1870 בעמ (יינות ומש,,טפרברג מוסקטו לבן 75,מיליליטרים,750.00,"100 מ""ל",false,,42.90,0.0572,true,1,193077
7290015842631,false,כוסות לשתיה קרה 330cc 40,,,"כוס בירה 330 מ""ל 40",אין,0.00,יחידה,false,,10.90,0.0000,true,1,79901
7290015855143,false,שיני שום קלופות בנספ,א.אדמה (2007) בעמ,,שום קלוף,גרמים,170.00,100 גרם,false,,12.90,0.0759,true,1,27394
7290015855181,false,גינג`ר יחידה טרי,א.אדמה (2007) בעמ,,ג'ינג'ר ארוז,יח',1.00,יח',false,,9.90,9.9000,true,1,19872
7290015858144,false,ממרח ארטישוק עללחם 180 גרם,"מדשא תעשיות מזון בע""\מ",,ממרח ארטישוק עללחם 1,גרמים,180.00,100 גרם,false,,17.90,0.0994,true,1,12513
7290015858175,false,ממרח פלפלים קלויים 180 גרם עללחם,"מדשא תעשיות מזון בע""\מ",,ממרח פלפלים קלויים ע,גרמים,180.00,100 גרם,false,,17.90,0.0994,true,1,12514
7290015858229,false,"טפנד זיתי קלמטה 180 גרם ""עללחם""","מדשא תעשיות מזון בע""\מ",,ממרח טפנד זיתי קלמטה,גרמים,180.00,100 גרם,false,,17.90,0.0994,true,1,12515
7290015865722,false,ענבי ציון קונפיטורה לייט תות שדה 400 גר`,אבאל יזמות בעמ,,קונפיטורה לייט תות ש,גרמים,400.00,100 גרם,false,,21.90,0.0547,true,1,132146
7290016006322,false,מים מינרליים מי עדן,יפאורה שותפות מוגבלת לשיווק,,מי עדן 1 ליטר,ליטר,1.00,ליטר,false,,2.90,2.9000,true,1,6400
7290016150117,false,סלק אדום מקולף ומבושל500,ביג פוד כחול לבן בעמ*שיק 30 יו,,מעדן סלק בוואקום 500,גרמים,500.00,100 גרם,false,,6.90,0.0138,true,1,26537
7290016197488,false,מטליות מיקרופייבר למשטחים ניקול 3יח',קימברלי קלארק ישראל שיווק בעמ,,מטלית קסם לשיש מארז,אין,0.00,יחידה,false,,12.90,0.0000,true,1,4955
7290016197495,false,ניקול זוג מטליות הקסם מיקרופייבר לרצפה,קימברלי קלארק ישראל שיווק בעמ,,מטלית קסם לרצפה מארז,אין,0.00,יחידה,false,,19.90,0.0000,true,1,4956
7290016197877,false,שקיות אשפה לפחים בינוניים עם שרוך 50 * 53 ניקול 50 יחידות,קימברלי קלארק ישראל שיווק בעמ,,שקית לפחי מטבח קטנים,אין,0.00,יחידה,false,,23.90,0.0000,true,1,4961
7290016217735,false,חציל על האש 200גרם גורמה,"סלטי שמיר 2006 בע""מ",,חציל על האש סלטי שמי,גרמים,200.00,100 גרם,false,,11.90,0.0595,true,1,9340
7290016217742,false,חציל בטחינה 200גרם גורמה,"סלטי שמיר 2006 בע""מ",,חציל בטחינה סלטי שמי,גרמים,200.00,100 גרם,false,,11.90,0.0595,true,1,9341
7290016246018,false,חטיף מיקס פינוקיות חלבה בארכה 20ג*9,קבוצת אוסם סחר שותפות מוגבלת,,בארכה מיקס פינוקיות,גרמים,200.00,100 גרם,false,,13.90,0.0695,true,1,9881
7290016246445,false,בארכה טחינה גולמית מעודנת שומשום מלא 310 גם,קבוצת אוסם סחר שותפות מוגבלת,,בארכה טחינה גולמית מ,גרמים,310.00,100 גרם,false,,13.90,0.0448,true,1,9886
7290016246490,false,בארכה חלבה קלאסית 400 גרם,רושדי תעשיות מזון בע,,בארכה חלבה קלאסית 40,גרמים,400.00,100 גרם,false,,10.90,0.0273,true,1,9888
7290016270907,false,ברוקולי ארוז במגשית,,,ברוקולי,יח',1.00,יח',false,,9.90,9.9000,true,1,157181
7290016319309,false,סבון נוזלי מאסק קלאסי+משאבה פמלי 1 ל,הנסיך- מפעל לייצור ט,,אל סבון מאסק+משאבה פ,ליטר,1.00,ליטר,false,,11.90,11.9000,true,1,3231
7290016334500,false,לבבות חסה זוגות בשקי,ביכורי השדה צפון 1994 ג.ד. בעמ,,לבבות חסה זוגות בשקי,יח',1.00,יח',false,,9.90,9.9000,true,1,26777
7290016440904,false,ירקות חמוצים בטעם טב,,,ירקות חמוצים בטעם טב,גרמים,300.00,100 גרם,false,,19.90,0.0663,true,1,163009
7290016509786,false,פרסיל גל לכביסה לבנה וצבעונית-ירוק 2.5 ל,גורי שיווק בעמ,,פרסיל ג'ל 2.5 ליטר י,ליטר,2.50,ליטר,false,,37.90,15.1600,true,1,19528
7290016564006,false,מבריקל הפלא ספוגיות להסרת כתמים קשים ושומנים 3יח,ח.כהן סוכנות מזון ומשקאות בע,,מבריקל הפלא,אין,0.00,יחידה,false,,10.90,0.0000,true,1,26793
7290016621341,false,אל סבון היגייני לניקוי יסודי קמיל Clean & Moisture,פישר תעשיות פרמבצטיות בעמ,,אל סבון ניקיון ולחות,ליטר,1.00,ליטר,false,,16.90,16.9000,true,1,15904
7290016621358,false,"ד""ר פישר - קמיל אל סבון ניקיון והזנה ורוד 1 ליטר","פישר תעשיות פרמבצטיות בע""מ",,אל סבון ניקיון ולחות,ליטר,1.00,ליטר,false,,16.90,16.9000,true,1,15905
7290016717754,false,יין היובל ישן נושן יקבי כרמל (750 מל),אגודת הכורמים -כרמל מזרחי,,"ישן נושן 750מ""ל.",מיליליטרים,750.00,"100 מ""ל",false,,20.90,0.0279,true,1,488
7290016866650,false,"פרודונטקס - משחת שיניים אוריג'ינל 75 מ""ל",פרודונטקס Parodontax,,מש.שיניים אוריגינל פ,מיליליטרים,75.00,"100 מ""ל",false,,33.90,0.4520,true,1,2282
7290016866674,false,"פרודונטקס - משחת שיניים מלבינה 75 מ""ל",פרודונטקס Parodontax,,"מש.שיניים מ""לבינה פר",מיליליטרים,75.00,"100 מ""ל",false,,33.90,0.4520,true,1,2284
7290016867114,false,לחם קל מכוסמין מלא 500 גר`דר מרק,המאפה של דר מרק בריאות באפייה,,לחם כוסמין קל מלא 50,גרמים,500.00,100 גרם,false,,19.90,0.0398,true,1,108435
7290016967074,false,לחם חיטה מלאה עם גרעינים ודגנים,מאפיית שלמה א. אנג'\ל בע,,חיטה מלאה אנגל 750 ג,גרמים,750.00,100 גרם,false,,17.90,0.0239,true,1,19802
7290016998191,false,מיקס עלי בייבי נטורז,ביכורי השדה צפון 1994 ג.ד. בעמ,,מיקס עלי ביבי 120 גר,גרמים,120.00,100 גרם,false,,9.90,0.0825,true,1,66806
7290016998238,false,כרוב לבן קצוץ נטורזה,ביכורי השדה צפון 1994 ג.ד. בעמ,,כרוב לבן קצוץ 400 גר,גרמים,400.00,100 גרם,false,,8.90,0.0223,true,1,66809
7290016998320,false,לבבות קיסר נטורזה יח,ביכורי השדה צפון 1994 ג.ד. בעמ,,לבבות קיסר מארז,יח',1.00,יח',false,,11.90,11.9000,true,1,66818
7290016998337,false,עלי רוקט נטורזה 150,נטורזה,,עלי רוקט 150 גר,גרמים,150.00,100 גרם,false,,9.90,0.0660,true,1,66819
7290016998399,false,תרד ניו-זילנדי,,,תרד ניו-זילנדי,גרמים,300.00,100 גרם,false,,13.90,0.0463,true,1,117039
7290017058689,false,זית שחור יבש 400 גר`תומר,תומר יבוא ושיווק מוצרי מזון (1,,זית שחור טבעי תומר 4,גרמים,400.00,100 גרם,false,,16.90,0.0422,true,1,13326
7290017065007,false,פרוסות גבינה מוצרלה חצי קשה 22% שומן 200 ג' גד,מחלבות גד שיווק 1992 בעמ,,מוצרלה פרוסה חצי קש,גרמים,200.00,100 גרם,false,,19.90,0.0995,true,1,7814
7290017065137,false,ריקוטה למריחה 5% טבעית 200 גר`מחלבות גד,מחלבות גד שיווק 1992 בעמ,,גבינה ריקוטה למריחה,גרמים,200.00,100 גרם,false,,10.90,0.0545,true,1,7815
7290017065526,false,קוואטרו פורמאג'י 4 גבינות מגוררות 26%,מחלבות גד שיווק 1992 בעמ,,גד קוואטרו פורמאג'י,גרמים,300.00,100 גרם,false,,30.90,0.1030,true,1,7827
7290017068350,false,עדשים שחורות בלוגה מיה 500 גרם,מיה תעשיות מזון מ.ת.מ בעמ,,עדשים שחורות בלוגה מ,גרמים,500.00,100 גרם,false,,9.90,0.0198,true,1,148404
7290017088822,false,BREEZE תחבושות לבריחת שתן אקסטרה (10 יח'),שקד תבל בעמ,,תחבושות Breeze לבריח,יח',12.00,יח',false,,19.90,1.6583,true,1,71982
7290017088914,false,מגבונים בייביסיטר מבושם מארז שישייה,שקד תבל בעמ,,מגבונים מבושם בייביס,אין,0.00,יחידה,false,,17.90,0.0000,true,1,16056
7290017105079,false,שעועית לבנה ברוטב עגבניות יכין הקטניה הט,היינץ צפון אמריקה מק,,שעועית אפויה 6OZ יכי,גרמים,200.00,100 גרם,false,,4.90,0.0245,true,1,4750
7290017105086,false,שימורי יכין שעועית צילי 200 גר,"זנלכל בע""\מ",,שעועית צ'ילי 6OZ יכי,גרמים,200.00,100 גרם,false,,4.90,0.0245,true,1,4751
7290017105116,false,תורמוס הקטניה הטובה יכין 200/105 גרם,"זנלכל בע""\מ",,תורמוס 6OZ יכין 200,גרמים,200.00,100 גרם,false,,4.90,0.0245,true,1,4753
7290017105468,false,מארז שלישייה אפונה קטנה יכין 3*200 גר,קשקמט קונסרב הונגריה,,אפונה יכין 3*120 גרם,גרמים,360.00,100 גרם,false,,14.90,0.0414,true,1,4756
7290017105550,false,רביעיית רסק עגבניות 100% יכין 4X100 גרם,היינץ צפון אמריקה מק,,מאגדת רסק עגבניות יכ,גרמים,400.00,100 גרם,false,,12.90,0.0323,true,1,4757
7290017142128,false,"שמן זית כתית מעולה קלאסי עץ הזית 750 מ""ל",סוגת תעשיות בעמ,,שמן זית כתית מעולה ק,מיליליטרים,750.00,"100 מ""ל",false,,37.90,0.0505,true,1,15956
7290017142180,false,פילה טונה בשמן זית בטעם לימון עם פלפל שחור 120 ג',"יוניקורד ח.צ בע""מ",,פילה טונה פרוס זית ל,גרמים,120.00,100 גרם,false,,15.90,0.1325,true,1,15959
7290017142289,false,תרסיס שמן חמניות 200 מל ללא תוספת גז עץ,י.ב טכנולוגיות אריזה בעמ,,תרסיס שמן חמניות עץ,מיליליטרים,200.00,"100 מ""ל",false,,15.90,0.0795,true,1,15965
7290017142395,false,"LUNCH TO GO פסטה עם טונה בשמן זית 160 גרם ""עץ הזית""",יוניקורד ח.צ בעמ,,פסטה עם טונה בשמן זי,גרמים,160.00,100 גרם,false,,14.90,0.0931,true,1,15973
7290017239200,false,סלמון נורווגי מעושן,,,סלמון נורווגי מעושן,גרמים,100.00,100 גרם,false,,18.90,0.1890,true,1,64229
7290017304885,false,לחם שיפון מחיטה מלאה ללא תוספת סוכר 750 ג' אנג'ל,מאפיית שלמה א. אנג'\ל בע,,לחם שיפון וחיטה מלאה,גרמים,750.00,100 גרם,false,,17.90,0.0239,true,1,19809
7290017457932,false,סוד מרכך כביסה מרוכז פרש קונטרול כחול,גורי שיווק בעמ,,מרכך כביסה מרוכז סוד,מיליליטרים,900.00,"100 מ""ל",false,,9.90,0.0110,true,1,19562
7290017477169,false,קשיו קלוי 250 גרם ששון הקולה,דין שיווק וקליה 2021 בעמ,,קשיו קלוי ששון הקולה,גרמים,250.00,100 גרם,false,,20.00,0.0800,true,1,2755
7290017617046,false,נתחי טונה בשמן זית כתית מעולה רביעיה * 140 ג',דיפלומט מפיצים (1968) בעמ**,,טונה בשמן זית סטארקי,גרמים,560.00,100 גרם,false,,30.90,0.0552,true,1,14454
7290017617084,false,סטארקיסט מיקס טוגו טונה עם שעועית 185 גרם,דיפלומט מפיצים (1968) בעמ**,,סטארקיסט מיקס 185 גר,גרמים,185.00,100 גרם,false,,13.90,0.0751,true,1,154468
7290017617091,false,סטארקיסט מיקס טוגו טונה עם פתיתים 185 גרם,דיפלומט מפיצים (1968) בעמ**,,סטארקיסט מיקס 185 גר,גרמים,185.00,100 גרם,false,,13.90,0.0751,true,1,119690
7290017617107,false,סטארקיסט מיקס טוגו טונה עם 4 דגנים 185 גרם,דיפלומט מפיצים (1968) בעמ**,,סטארקיסט מיקס 185 גר,גרמים,185.00,100 גרם,false,,13.90,0.0751,true,1,119691
7290017618111,false,עוגיות מלבן שקדים עם טריפל שוקולד 180 גר,קונדטוריות לחמי,,עוגיות מלבן שקדים עם,גרמים,180.00,100 גרם,false,,19.90,0.1106,true,1,13182
7290017637655,false,שמפו קרטין ללא מלח מיקי בוגנים 500 מל,סאסאטק אגשח בעמ - סאסא MB,,שמפו KERATIN ללא מלח,מיליליטרים,500.00,"100 מ""ל",false,,31.90,0.0638,true,1,179334
7290017637679,false,מרכך שימר להדגשת גוונים בהיר מיקי בוגנים 500 מל,סאסטק מיקי בוגנים,,מרכך SHIMMER להדגשת,מיליליטרים,500.00,"100 מ""ל",false,,25.90,0.0518,true,1,179336
7290017677804,false,"רוטב סויה קיקומן ללא חומרים משמרים 444 מ""ל",דיפלומט מפיצים (1968) בעמ**,,קיקומן רוטב סויה ללא,מיליליטרים,444.00,"100 מ""ל",false,,21.90,0.0493,true,1,2961
7290017812380,false,תירוש מיץ ענבים אדום,,,תירוש מיץ ענבים אדום,מיליליטרים,750.00,"100 מ""ל",false,,12.90,0.0172,true,1,497
7290017812571,false,מיץ ענבים תירוש אדום 100% טבעי כרמל 1 ליטר,אגודת הכורמים -כרמל מזרחי,,תירוש מיץ ענבים אדום,ליטר,1.00,ליטר,false,,22.90,22.9000,true,1,498
7290017816135,false,פריכיות כוסמין מקור הכוסמין 90 גר,גורי מוצרי צריכה (1991) בעמ,,פריכיות כוסמין ללא ת,גרמים,90.00,100 גרם,false,,10.90,0.1211,true,1,139819
7290017871769,false,"טוסו גליליות פרווה בטעם שוקולד לל""ס 100 גרם - טבעוני",,,גליליות בטעם שוקולד,גרמים,100.00,100 גרם,false,,10.90,0.1090,true,1,3267
7290017872193,false,טוסו עוגיות שקדים וקינמון ללא סוכר 200 גרם,"הגביע מוצרי וופלים בע""\מ",,עוגיות שקדים וקינמון,גרמים,200.00,100 גרם,false,,18.90,0.0945,true,1,3284
7290017888729,false,שוופס סודה בקבוק 1 ל',יפאורה שותפות מוגבלת לשיווק,,שוופס סודה 1 ליטר,ליטר,1.00,ליטר,false,,4.90,4.9000,true,1,6469
7290017917764,false,"ד""ר פישר - אפקטיב קר קרם גוף מועשר בשמן ארגן 450 מ""ל",פישר תעשיות פרמבצטיות בעמ,,קרם גוף אפקטיב קר 4,מיליליטרים,450.00,"100 מ""ל",false,,25.90,0.0576,true,1,40747
7290017928036,false,מאיר בייגל מקלות גריסיני שומשום 175 גרם,מאיר את בייגל,,מקלות גריסיני שומשום,גרמים,175.00,100 גרם,false,,12.90,0.0737,true,1,2962
7290017928821,false,מאיר בייגל מקלות גריסיני קלאסי 200 גרם,מאיר את בייגל,,מקלות גריסיני קלאסי,גרמים,200.00,100 גרם,false,,12.90,0.0645,true,1,2979
7290017941301,false,נר נשמה 48 שעות בזכו,,,נר נשמה 48 שעות בזכו,אין,0.00,יחידה,false,,5.90,0.0000,true,1,86693
7290017941349,false,WIZ נרונים שבת 72 יחידות,,,נרונים 72 יח' 4 שעות,אין,0.00,יחידה,false,,24.90,0.0000,true,1,97482
7290017941455,false,כוסות 9oz לשתיה חמה,,,כוסות 9oz לשתיה חמה,אין,0.00,יחידה,false,,14.90,0.0000,true,1,66330
7290017941462,false,כוסות שתיה חמה 8B י,,,כוסות שתיה חמה 8B י,אין,0.00,יחידה,false,,10.90,0.0000,true,1,58518
7290017946368,false,שלישיית כדוריות סבון לאסלה אוקיינוס סוד 50 גרם,גורי שיווק בעמ,,סוד כדוריות לאסלה P.,גרמים,150.00,100 גרם,false,,19.90,0.1327,true,1,40243
7290017947105,false,לחם אנג'ל בסגנון אמריקה 500 גרם,מאפיית שלמה א. אנג'\ל בע,,לחם בסגנון אמריקה אנ,גרמים,500.00,100 גרם,false,,15.90,0.0318,true,1,19810
7290017947464,false,שמיניית פיתות כוסמין אנג'ל 8*50 גרם,מאפיית שלמה א.אנג'\ל בע\,,שמיניית פיתות כוסמין,גרמים,400.00,100 גרם,false,,17.90,0.0447,true,1,19820
7290017947495,false,לחמניות כוסמין 6 יח(450 גר`)אנג`ל,"איטיליאן פוד, אס.פי.",,6 לחמניות כוסמין אנג,גרמים,450.00,100 גרם,false,,16.90,0.0376,true,1,34873
7290017947891,false,לחם אנג'ל כוסמין וחיטה מלאה 750 גרם,מאפיית שלמה א. אנג'\ל בע,,לחם כוסמין וחיטה מלא,גרמים,750.00,100 גרם,false,,17.90,0.0239,true,1,19821
7290017947921,true,מארז לחמניות המבורגר,,,מארז לחמניות המבורגר,גרמים,450.00,100 גרם,false,,15.90,0.0353,true,1,19822
7290017974873,false,כיסונים למרק במילוי בשר הודו 750 גרם,"אימפריאל הזרב פוד בע""מ",,כיסונים למרק במילוי,יח',1.00,יח',false,,31.90,31.9000,true,1,206062
7290018091258,false,חטיפי פיצה עם גרעיני תירס מעדנות,תנובה מעדנות,,חטיפי פיצה בתוספת תי,גרמים,740.00,100 גרם,false,,33.90,0.0458,true,1,93671
7290018237939,false,שניצלונים ציפוי שומשום עוף טוב 700 גרם,קבוצת אוסם סחר שותפות מוגבלת,,שניצלונים ציפוי שומש,גרמים,700.00,100 גרם,false,,21.90,0.0313,true,1,195211
7290018359495,false,תירס מהשדה בלי תוספת סוכר יכין 550 גרם,היינץ צפון אמריקה מק,,תירס מהשדה בלי תוספת,גרמים,550.00,100 גרם,false,,10.90,0.0198,true,1,4773
7290018400609,false,פיאסטה מקסיקנית סנפרוסט 800 גרם,"סנפרוסט בע""מ",,פיאסטה מקסיקנית לתנו,גרמים,600.00,100 גרם,false,,27.40,0.0457,true,1,13573
7290018400661,false,לקט פאייה בסגנון ספרדי סנפרוסט 800 גרם,"סנפרוסט בע""\מ",,לקט פאייה בסגנון ספר,גרמים,800.00,100 גרם,false,,27.40,0.0342,true,1,85482
7290018440407,false,מאטה תה ירוק מאטה בטעם קקאו ואגוזי לוז,תה ויסוצקי (ישראל) בעמ,,תה ירוק מאטה בטעם קק,גרמים,37.50,100 גרם,false,,26.90,0.7173,true,1,121473
7290018440438,false,Calvo טונה בשמן זית פתיחה קלה 3 * 65 גרם,תה ויסוצקי (ישראל) בעמ,,טונה easy flip בשמן,גרמים,195.00,100 גרם,false,,26.90,0.1379,true,1,198747
7290018468319,false,נקניקיה טבעונית בסגנון צוריסוס טירת צבי 400 גרם,תנובה מרכז שיתופי לשיווק תוצרת,,נקניקיות צמחוניות בס,גרמים,400.00,100 גרם,false,,41.90,0.1047,true,1,177109
7290018471463,false,תפוזינה נקטר תפוז מנגו קרטונית 1 ליטר,יפאורה שותפות מוגבלת לשיווק,,נקטר תפוזינה ENJOY ב,ליטר,1.00,ליטר,false,,7.90,7.9000,true,1,70630
7290018471470,false,תפוזינה נקטר תפוז פסיפלורה קרטונית 1 ליטר,יפאורה שותפות מוגבלת לשיווק,,נקטר תפוזינה ENJOY ב,ליטר,1.00,ליטר,false,,7.90,7.9000,true,1,70631
7290018471487,false,תפוזינה נקטר תפוז אננס קרטונית 1 ליטר,יפאורה שותפות מוגבלת לשיווק,,נקטר תפוזינה ENJOY ב,ליטר,1.00,ליטר,false,,7.90,7.9000,true,1,70632
7290018471906,false,שוופס מוגז פירות לימונדה ורודה 1.5 ליטר פיקדון,יפאורה - שותפות מוגבלת לשיווק,,שוופס מוגז לימונדה ו,ליטר,1.50,ליטר,false,,9.90,6.6000,true,1,121018
7290018471913,false,משקה מוגז פירות תפוחים שוופס 1.5 ליטר,יפאורה - שותפות מוגבלת לשיווק,,שוופס פרוטס תפוחים 1,ליטר,1.50,ליטר,false,,9.90,6.6000,true,1,121019
7290018500361,false,"לחם שחור פרוס 900 גרם ""אנג'ל"" -מוצר בפיקוח",מאפיית שלמה א. אנג'\ל בע,,לחם אחיד פרוס מאפיית,גרמים,900.00,100 גרם,false,,8.53,0.0095,true,1,194525
7290018540329,false,שקית פיתה פיתה בלדי 800 ג' אנג'ל,מאפיית שלמה א. אנג'\ל בע,,פיתה פיתה אנגל 880 ג,יח',10.00,יח',false,,13.90,1.3900,true,1,48394
7290018571514,false,סוכריות ויטמין די ילדים דובונים יד למעלה 175 גרם מיה פלוס,מיה תעשיות מזון מ.ת.מ בעמ,,סוכריות ויטמין D ליל,גרמים,175.00,100 גרם,false,,39.90,0.2280,true,1,227189
7290018571651,false,סוכריות קולגן למבוגרים אצבעות רחבות 175 גרם מיה,מיה תעשיות מזון מ.ת.מ בעמ,,סוכריות קולגן מבוגרי,גרמים,210.00,100 גרם,false,,39.90,0.1900,true,1,227198
7290018571668,false,"סוכריות ג'לי עם ויטמינים C, D3 ואבץ לילדים ומבוגרים",מיה תעשיות מזון מ.ת.מ בעמ,,סוכריות C+D + אבץ מש,גרמים,210.00,100 גרם,false,,39.90,0.1900,true,1,227199
7290018571712,false,"אורז בסגנון פרסי 1 ק""ג",מיה תעשיות מזון מ.ת.מ. בעמ,,"אורז פרסי 1 ק""ג",אלף,1.00,"ק""ג",false,,11.90,11.9000,true,1,190359
7290018626283,false,פיצה מרגריטה אדום גר,***אדום גרופ למזון שיווק***,,פיצה מרגריטה 350 גרם,גרמים,350.00,100 גרם,false,,12.90,0.0369,true,1,91030
7290018626542,false,שקיות אשפה לפחים גדו,,,שקיות אשפה לפחים גדו,אין,0.00,יחידה,false,,13.90,0.0000,true,1,75982
7290018835005,false,אקסטרה צ'יפס אורז חום מלא מלח פלפל שמן זית 60 גרם,א.ל. ייצור ושיווק תבלינים בע`מ,,אקסטרא צ'יפס אורז חו,גרמים,60.00,100 גרם,false,,9.40,0.1567,true,1,182211
7290018835029,false,מרק בטעם עוף פרווה 400 ג,א.ל ייצור ושיווק תבלינים בעמ,,מרק בטעם עוף פרווה ת,גרמים,400.00,100 גרם,false,,17.90,0.0447,true,1,203884
7290018886175,false,כפיות עבות 50 יח' ש,,,כפיות עבות 50 יח' ש,אין,0.00,יחידה,false,,10.90,0.0000,true,1,91777
7290018886199,false,WIZ סכינים עבות שקוף 50 יח',,,סכינים עבות 50 יח',אין,0.00,יחידה,false,,10.90,0.0000,true,1,91779
7290018886212,false,מזלגות עבות 50 יח',,,מזלגות עבות 50 יח',אין,0.00,יחידה,false,,10.90,0.0000,true,1,91781
7290018886991,false,שמן קנולה מזוכך 1לי- בית יוסף,סקנולה,,שמן קנולה אלומות 1 ל,ליטר,1.00,ליטר,false,,12.90,12.9000,true,1,105322
7290018893036,false,צ'וקטה ביסקוויט בטעם שוקוטלד במילוי קרם בטעם וניל 176 גרם,ש. שסטוביץ בע`מ,,ביסקוויטי סנדוויץ בט,גרמים,176.00,100 גרם,false,,7.90,0.0449,true,1,139769
7290018925065,false,מיץ תפוזים סחוט פרימור (2 ליטר),שטראוס גרופ בעמ/מצונן,,פרימור מיץ תפוזים סח,ליטר,2.00,ליטר,false,,28.90,14.4500,true,1,127419
7290018989081,false,יכין חומוס הבית להכנת חומוס טרי 410 גי,זנלכל בעמ,,חומוס הבית יכין 400,גרמים,400.00,100 גרם,false,,9.90,0.0248,true,1,192081
7290019031000,false,WIZ מארז חמישיית ניי,,,WIZ מארז חמישיית ניי,אין,0.00,יחידה,false,,11.90,0.0000,true,1,136758
7290019031079,false,תבנית R-29 מרובעת קט,,,תבנית R-29 מרובעת קט,אין,0.00,יחידה,false,,9.90,0.0000,true,1,157395
7290019031109,false,תבנית R-88 אינגליש 1,,,תבנית R-88 אינגליש 1,אין,0.00,יחידה,false,,9.90,0.0000,true,1,157398
7290019031185,false,כפפות לטקס 100 יח' M,,,כפפות לטקס 100 יח' M,אין,0.00,יחידה,false,,32.90,0.0000,true,1,149065
7290019031345,false,צלחות גדולות 9 לבן 2,,,צלחות גדולות 9 לבן 2,אין,0.00,יחידה,false,,13.90,0.0000,true,1,139799
7290019031390,false,סבון ידיים אביבי 1 ל,,,סבון ידיים אביבי 1 ל,ליטרים,1.00,100 ליטר,false,,10.90,10.9000,true,1,152834
7290019031420,false,אל סבון נוזלי שלישיי,,,אל סבון נוזלי שלישיי,מיליליטרים,500.00,"100 מ""ל",false,,12.90,0.0258,true,1,162287
7290019031451,false,אשפתון 78X90 XXL חזק,,,אשפתון 78X90 XXL חזק,אין,0.00,יחידה,false,,25.90,0.0000,true,1,173706
7290019056072,false,שוופס מוגז עדין אננס 1.5 ליטר פיקדון,יפאורה - שותפות מוגבלת לשיווק,,שוופס מוגז עדין אננס,ליטר,1.50,ליטר,false,,8.90,5.9333,true,1,120740
7290019056096,false,שוופס מוגז עדין אפרסק 1.5 ליטר פיקדון,יפאורה - שותפות מוגבלת לשיווק,,שוופס מוגז עדין אפרס,ליטר,1.50,ליטר,false,,8.90,5.9333,true,1,120757
7290019056164,false,שוופס סודה 1.5 ליטר רביעייה פיקדון,יפאורה - שותפות מוגבלת לשיווק,,שוופס סודה 4*1.5ליטר,ליטר,6.00,ליטר,false,,13.10,2.1833,true,1,120658
7290019056256,false,שוופס מים בטעמים תפוחים 1.5 ליטר פיקדון,יפאורה - שותפות מוגבלת לשיווק,,שוופס וואטר בטעם תפו,ליטר,1.50,ליטר,false,,9.50,6.3333,true,1,120598
7290019056263,false,שוופס מים בטעמים אפרסק 1.5 ליטר פיקדון,יפאורה - שותפות מוגבלת לשיווק,,שוופס וואטר אפרסק 1.,ליטר,1.50,ליטר,false,,9.50,6.3333,true,1,120599
7290019056300,false,משקה בטעם ביטר לימון 1.5 ל' שוויפס,יפאורה - שותפות מוגבלת לשיווק,,שוופס ביטר לימון 1.5,ליטר,1.50,ליטר,false,,12.90,8.6000,true,1,121070
7290019056317,false,משקה בטעם ראשן 1.5 ל' שוופס,יפאורה - שותפות מוגבלת לשיווק,,שוופס ראשן 1.5 ליטר,ליטר,1.50,ליטר,false,,12.90,8.6000,true,1,121071
7290019056331,false,שוופס טוניק ללא סוכר 1.5 ליטר פיקדון,יפאורה - שותפות מוגבלת לשיווק,,שוופס טוניק ללא סוכר,ליטר,1.50,ליטר,false,,11.90,7.9333,true,1,121086
7290019056430,false,משקה קל תפוזינה 1.5 ליטר תפוזים לייט,יפאורה - שותפות מוגבלת לשיווק,,תפוזינה תפוז 1.5 ליט,ליטר,1.50,ליטר,false,,8.90,5.9333,true,1,120425
7290019056447,false,משקה קל תפוזינה 1.5 ליטר אשכוליות לייט,יפאורה - שותפות מוגבלת לשיווק,,תפוזינה אשכוליות 1.5,ליטר,1.50,ליטר,false,,8.90,5.9333,true,1,120439
7290019056553,false,שישיית מים מינרלים עין גדי 2 ליטר,יפאורה - שותפות מוגבלת לשיווק,,עין גדי מים מינרלים,ליטר,12.00,ליטר,false,,13.80,1.1500,true,1,121223
7290019056645,false,משקה קל ספרינג 1.5 ליטר אגס תפוח סברס,יפאורה - שותפות מוגבלת לשיווק,,ספרינג אגס סברס תפוח,ליטר,1.50,ליטר,false,,9.50,6.3333,true,1,120141
7290019056973,false,מי עדן שישיה בק `1.5ליטר פיקדון,יפאורה - שותפות מוגבלת לשיווק,,מי עדן 6*1.5 ליטר,ליטר,9.00,ליטר,false,,14.90,1.6556,true,1,121180
7290019204008,false,עוף טוב פסטרמה ארבעה פלפלים 350 גרם,קבוצת אוסם סחר שותפות מוגבלת,,פסטרמה ארבעה פלפלים,גרמים,350.00,100 גרם,false,,27.90,0.0797,true,1,213902
7290019233015,false,רוטב שקשוקה תבשיל ירקות עם שמן זית כתית מעולה 420ג זיתא,תה ויסוצקי (ישראל) בעמ,,שקשוקה ירוקה תבשיל י,גרמים,420.00,100 גרם,false,,15.90,0.0379,true,1,208244
7290019297239,false,צימוק חום 250 גרם ששון הקולה,דין שיווק וקליה 2021 בעמ,,צימוק כהה 330 גרם,גרמים,330.00,100 גרם,false,,13.90,0.0421,true,1,30254
7290019297628,false,שקד טבעי בשקית ששון הקולה 150 גרם,דין שיווק וקליה 2021 בעמ,,שקד טבעי 150 גרם ששו,גרמים,150.00,100 גרם,false,,15.90,0.1060,true,1,30255
7290100240656,false,"פתית שיפון בד""צ חדש 300X24 גר'",יוניליוור ישראל שיווק בע`מ,,פתית שיפון תלמה 300,גרמים,300.00,100 גרם,false,,18.90,0.0630,true,1,5715
7290100245231,false,נמס בכוס מרק בטעם עוף עם אטריות ושקדי מרק-2 שקיות,יוניליוור ישראל שיווק בע`מ,,נמס בכוס ועוד טעם עו,גרמים,50.00,100 גרם,false,,7.90,0.1580,true,1,5722
7290100412763,false,"דר' עור תחליב רחצה קלאסי -לבנדר 700 מ""ל","אמיליה קוסמטיקס בע""מ",,תחליב רחצה לבנדר דר,מיליליטרים,700.00,"100 מ""ל",false,,19.90,0.0284,true,1,16071
7290100659090,false,פרי חטיפים ללא גלוטן ותוספת סוכר מארז 5 תמרים וקינמון,טבעית מוצרים מן הטבע בעמ,,פרי חטיפים ללא סוכר,גרמים,100.00,100 גרם,false,,19.70,0.1970,true,1,11397
7290100680650,false,מנה חמה נודלס-אטריות ירקות טעם תאילנדי אסם 76 ג',קבוצת אוסם סחר שותפות מוגבלת,,מנה חמה נודלס תאילנד,גרמים,76.00,100 גרם,false,,6.90,0.0908,true,1,9890
7290100680667,false,מנה חמה נודלס בסגנון סצ`ואן אסם (76 גרם),קבוצת אוסם סחר שותפות מוגבלת,,מנה חמה נודלס ירקות,גרמים,76.00,100 גרם,false,,6.90,0.0908,true,1,9891
7290100680711,false,פירורית זהב אסם זהב 350ג',קבוצת אוסם סחר שותפות מוגבלת,,אסם פירורית זהב 350,גרמים,350.00,100 גרם,false,,8.80,0.0251,true,1,9892
7290100681138,false,מארז אפרופו חטיף תירס 3 יחידות,קבוצת אוסם סחר שותפות מוגבלת,,אפרופו מאח 3*50 גר',גרמים,150.00,100 גרם,false,,13.50,0.0900,true,1,9897
7290100685334,false,אבקת מרק עוף אמיתי בשרי רכיבים טבעיים אסם 400 גרם,קבוצת אוסם סחר שותפות מוגבלת,,מרק עוף מרכיבים טבעי,גרמים,400.00,100 גרם,false,,26.70,0.0667,true,1,9911
7290100687109,false,במבה במילוי קרם נוגט 60ג' אסם,קבוצת אוסם סחר-שות.מוגבלת,,במבה במילוי קרם נוגט,גרמים,60.00,100 גרם,false,,5.90,0.0983,true,1,9919
7290100689301,false,אבקת מרק בטעם עוף זך עדיף אסם 400 גרם,קבוצת אוסם סחר שותפות מוגבלת,,מרק בטעם עוף זך אסם,גרמים,400.00,100 גרם,false,,15.90,0.0398,true,1,9921
7290100700075,false,פירורי לחם מוזהבים סוגת (200 גרם),"סוגת תעשיות בע""\מ",,פירורי לחם מוזהבים ש,גרמים,200.00,100 גרם,false,,4.90,0.0245,true,1,9064
7290100700266,false,פירורי לחם לבנים סוגת 200 גרם,"סוגת תעשיות בע""מ",,סוגת פרורי לחם לבן 2,גרמים,200.00,100 גרם,false,,4.90,0.0245,true,1,9066
7290100700310,false,"סוגת כוסמת סוגת 1ק""ג","סוגת תעשיות בע""מ",,כוסמת 1 ק'ג,אלף,1.00,"ק""ג",false,,16.90,16.9000,true,1,9068
7290100700396,false,"אורז יסמין קלאסי סוגת 1 ק""ג",האי נאם סי או אל.טי.,,סוגת אורז יסמין קלאס,אלף,1.00,"ק""ג",false,,13.90,13.9000,true,1,9072
7290100701409,false,קמח תירס סוגת 500 גר,מולינו פילה ספא,,קמח תירס סוגת 500 גר,גרמים,500.00,100 גרם,false,,7.90,0.0158,true,1,9083
7290100701874,false,"קמח כוסמין מלא סוגת 1 ק""ג",טחנות קמח שטיבל באר,,"קמח כוסמין סוגת 1 ק""",אלף,1.00,"ק""ג",false,,14.00,14.0000,true,1,9086
7290100702741,false,"סוכר חום בהיר צנצנת 1ק""ג מהדורה מוגבלת",סוגת תעשיות בעמ,,סוכר חום בהיר בצנצנת,אלף,1.00,"ק""ג",false,,14.50,14.5000,true,1,9102
7290100703564,false,"פתיתי שיבולת שועל עבה 500 גרם ""סוגת""",סוגת תעשיות בעמ,,שיבולת שועל עבה סוגת,גרמים,500.00,100 גרם,false,,7.90,0.0158,true,1,9117
7290100703922,false,פופקורן להכנה במיקרוגל בטעם טבעי - מארז 6 שקיות,סוגת תעשיות בעמ,,מארז פופקורן למיקרוג,גרמים,540.00,100 גרם,false,,14.90,0.0276,true,1,9129
7290100704615,false,סוכר לבן דק דק בצנצנת סוגת 500 גרם,"סוגת תעשיות בע""\מ",,סוכר לבן דק דק בצנצנ,גרמים,500.00,100 גרם,false,,8.90,0.0178,true,1,117909
7290100704622,false,סוכר דמררה דק דק בצנצנת סוגת 500 גרם,"סוגת תעשיות בע""\מ",,סוכר דמררה דק דק בצנ,גרמים,500.00,100 גרם,false,,8.90,0.0178,true,1,117910
7290100850909,false,חטיף תירס נאצ`ו מקסיקני דוריטוס (70 גרם),"שטראוס פריטו ליי בע""\מ",,דוריטוס נאצו מקסיקני,גרמים,70.00,100 גרם,false,,4.30,0.0614,true,1,12888
7290100850916,false,דוריטוס חמוץ חריף מעודן 70 גרם כשר לפסח,"שטראוס פריטו ליי בע""\מ )",,דוריטוס חמוץ חריף 70,גרמים,70.00,100 גרם,false,,4.30,0.0614,true,1,12889
7290100850930,false,חטיף תירס בטעם טבעי דוריטוס (70 גרם),"שטראוס פריטו ליי בע""\מ )",,דוריטוס טבעי 70 גרם,גרמים,70.00,100 גרם,false,,4.30,0.0614,true,1,12891
7290100921401,false,"שמפו הוואי מועשר בקרטין 700מ""ל",טרופיקל דגיל,,שמפו קרטין מחזק הווא,מיליליטרים,700.00,"100 מ""ל",false,,10.90,0.0156,true,1,4544
7290100921609,false,סוד סבון לאסלה 4 כדוריות בניחוח אוקיינוס 50 ג',גורי שיווק בעמ,,סוד סבון 4 כדוריות ל,גרמים,50.00,100 גרם,false,,10.20,0.2040,true,1,19569
7290100924457,false,שלישיית כדוריות סבון לאסלה לימון סוד 50 גרם,גורי שיווק בעמ,,סוד סבון 4 כדוריות ל,גרמים,150.00,100 גרם,false,,19.90,0.1327,true,1,19573
7290100924464,false,כדוריות סבון נתלה לאסלה עם אקונומיקה - 3 יח',גורי שיווק בעמ,,סוד סבון 4 כדוריות ל,גרמים,150.00,100 גרם,false,,19.90,0.1327,true,1,19574
7290100924631,false,מרכך כביסה מרוכז לבגדי תינוקות ובעלי עור רגיש,גורי שיווק בעמ,,מרכך כביסה סוד מרוכז,מיליליטרים,900.00,"100 מ""ל",false,,9.90,0.0110,true,1,19577
7290100926147,false,אבקת כביסה פרסיל קולור שקית 2.5 קג,גורי שיווק בעמ,,אבקת כביסה פרסיל קול,אלף,2.50,"ק""ג",false,,28.90,11.5600,true,1,19584
7290101112600,false,גלידה בלסימו מילקשייק וניל מוקה 1.3 ל' פלדמן,פלקו בעמ חברה ישראלית,,בליסימו בטעם מילקשיי,ליטר,1.30,ליטר,false,,23.90,18.3846,true,1,61974
7290101113904,false,מארז מנבו וניל 12 יח' פלדמן,פלקו בעמ חברה ישראלית,,מנבו וניל 12 יח 288,גרמים,288.00,100 גרם,false,,24.90,0.0865,true,1,230996
7290101486688,false,חטיף דגנים עם שוקולד ללא גלוטן וסוכר פרי 5*20 גרם,טבעית מוצרים מן הטבע בעמ,,פרי חטיפי בריאות מאר,גרמים,100.00,100 גרם,false,,19.70,0.1970,true,1,11398
7290101551584,false,תפוצ'יפס קידס מארז 10 יח' * 20 ג',"שטראוס פריטו ליי בע""מ )פ",,מארז תפוצ'יפס קידס 1,גרמים,200.00,100 גרם,false,,15.90,0.0795,true,1,12893
7290101551614,false,חטיף צ'יטוס קראנץ בטעם גבינה - מארז 8 יח',"שטראוס פריטו ליי בע""מ )פ",,מארז צ'יטוס קראנצ' ג,גרמים,240.00,100 גרם,false,,14.90,0.0621,true,1,12895
7290101865261,false,נוזל הברקה למדיח כלים פיניש (800 מל),רקיט בנקיזר (ניר איסט) בעמ,,פיניש הברקה 800 מל,מיליליטרים,800.00,"100 מ""ל",false,,20.90,0.0261,true,1,11042
7290101866787,false,וניש קליה נוזל מסיר כתמים לכביסה לבנה 3 ליטר,רקיט בנקיזר (ניר איסט) בעמ,,וניש נוזל מסיר כתמים,ליטר,3.00,ליטר,false,,31.90,10.6333,true,1,11046
7290101868958,false,פיניש נוזל הברקה למדיח בניחוח לימון,רקיט בנקיזר (ניר איסט) בעמ,,פיניש נוזל הברקה לימ,מיליליטרים,800.00,"100 מ""ל",false,,20.90,0.0261,true,1,11049
7290101869726,false,ג'ל מרוכז למדיח הכל ב-1 פיניש 1 ליטר,רקיט בנקיזר (ניר איסט) בעמ,,ג'ל 1 ליטר AIO פיניש,ליטר,1.00,ליטר,false,,44.90,44.9000,true,1,11055
7290101869733,false,פיניש ג'ל למדיח כלים בניחוח לימון 1 ליטר ALL IN 1,רקיט בנקיזר (ניר איסט) בעמ,,ג'ל 1 ליטר לימון AIO,ליטר,1.00,ליטר,false,,44.90,44.9000,true,1,11056
7290101869788,false,"אירוויק ספריי אוטומטי מילוי בניחוח אואזיס 250 מ""ל*",רקיט בנקיזר (ניר איסט) בעמ,,איירוויק מילוי מבשם,מיליליטרים,250.00,"100 מ""ל",false,,14.90,0.0596,true,1,11061
7290101869795,false,"אירוויק מילוי מבשם אויר אטומטי חלום ליל קיץ 250 מ""ל",רקיט בנקיזר (ניר איסט) בעמ,,איירוויק מילוי מבשם,מיליליטרים,250.00,"100 מ""ל",false,,14.90,0.0596,true,1,11062
7290102031276,false,מארז 8 יחידות אקטימל משקה יוגורט בטעם תות בננה,שטראוס גרופ בעמ/מצונן,,אקטימל תות בננה 8*10,מיליליטרים,800.00,"100 מ""ל",false,,22.90,0.0286,true,1,12530
7290102060979,false,אלמקס משחת שיניים למניעת עששת 100 מל,יבואן ומשווק: ש. שסט,,משחת שיניים משפחתי א,מיליליטרים,100.00,"100 מ""ל",false,,19.90,0.1990,true,1,11405
7290102300815,false,"גבינת צ'דר אנגלית כתומה פרוס, 200 גרם",א. סיימן סחר בעמ,,גבינת צ'דר אנגלית כת,גרמים,200.00,100 גרם,false,,29.90,0.1495,true,1,8947
7290102300822,false,גבינה צ'דר אנגלית כתומה 200 גרם,א. סיימן סחר בעמ,,סיימן גבינת צדר אנגל,גרמים,200.00,100 גרם,false,,27.90,0.1395,true,1,8948
7290102302932,false,גבינה גאיה קלאסית פרוסות 150ג,קריניציה ויטמינה אס,,גבינה טבעונית קלאסית,גרמים,150.00,100 גרם,false,,23.90,0.1593,true,1,38705
7290102390427,false,יוגורט ביו עם קציפת תות 3% שומן 150 ג' מולר,החברה המרכזית טלהפצת משקאות בע,,מולר פרופ תות 3% 150,גרמים,150.00,100 גרם,false,,5.50,0.0367,true,1,3537
7290102390465,false,יוגורט ביו עם קציפת אפרסק ופסיפלורה 3% שומן 150 ג' מולר,החברה המרכזית טלהפצת משקאות בע,,מולר פרופ אפרסק פסיפ,גרמים,150.00,100 גרם,false,,5.50,0.0367,true,1,3538
7290102390489,false,יוגורט ביו עם קציפת לימון 3% שומן 150 ג' מולר,*החברה המרכזית להפצת משקאותבעמ,,מולר פרופ לימון 3% 1,גרמים,150.00,100 גרם,false,,5.50,0.0367,true,1,3539
7290102391844,false,יוגורט ביו עם קציפת פירות יער3% שומן 150 ג' מולר,החברה המרכזית טלהפצת משקאות בע,,מולר פרופ לבן+קציפת,גרמים,150.00,100 גרם,false,,5.50,0.0367,true,1,3540
7290102392254,false,"חלב בקרטון 1% 2 ליטר בד""צ - מוצר בפיקוח",*החברה המרכזית להפצת משקאותבעמ,,טרה חלב 1% 2ל,ליטר,2.00,ליטר,false,,11.72,5.8600,true,1,3543
7290102393039,false,"יוגורט ביו קרמי מיקס פצפוצי שוקולד 7.6% מולר 170 מ""ל",*החברה המרכזית להפצת משקאותבעמ,,מולר מיקס בתוספת פצפ,מיליליטרים,170.00,"100 מ""ל",false,,5.90,0.0347,true,1,3547
7290102393268,false,"גבינה לבנה 5% שומן, רכיבים טבעיים 750 גרם",*החברה המרכזית להפצת משקאותבעמ,,טרה גבינה לבנה אריזת,גרמים,750.00,100 גרם,false,,14.90,0.0199,true,1,3552
7290102393299,false,יוגורט עיזים לשתייה 3% משק צוריאל 500 גרם,*החברה המרכזית להפצת משקאותבעמ,,צוריאל יוגורט עיזים,מיליליטרים,500.00,"100 מ""ל",false,,13.50,0.0270,true,1,3553
7290102393855,false,יוגורט עיזים 2.5% עם אפרסק משק צוריאל 150 גרם,*החברה המרכזית להפצת משקאותבעמ,,צוריאל יוגורט עיזים,מיליליטרים,150.00,"100 מ""ל",false,,6.50,0.0433,true,1,163161
7290102394821,false,גבינה צהובה 28% דק דק לפתיחה חוזרת 200,החברה המרכזית טלהפצת משקאות בע,,נעם גבינה צהובה דק ד,גרמים,200.00,100 גרם,false,,15.80,0.0790,true,1,3560
7290102394845,false,נעם גבינה צהובה לייט פרוסה דק דק 9% טרה 200 גרם,*החברה המרכזית להפצת משקאותבעמ,,נעם גבינה צהובה דק ד,גרמים,200.00,100 גרם,false,,16.90,0.0845,true,1,3561
7290102395224,false,שמיניית יוגורט ביו ביאנקו 1.7% מולר 150 גרם,*החברה המרכזית להפצת משקאותבעמ,,מולר נטורל 1.7% 8*15,אלף,1.20,"ק""ג",false,,16.90,14.0833,true,1,3564
7290102395231,false,שמיניית יוגורט ביו ביאנקו 2.8% מולר 150 גרם,*החברה המרכזית להפצת משקאותבעמ,,מולר נטורל 2.8% 8*15,אלף,1.20,"ק""ג",false,,16.90,14.0833,true,1,3565
7290102396665,false,צהובה פרוסות דקדק פתח סגור 15% 200 גר`,*החברה המרכזית להפצת משקאותבעמ,,גבנ`צ דקדק פתח סגור,גרמים,200.00,100 גרם,false,,15.90,0.0795,true,1,3588
7290102396672,false,גבינה צהובה נעם דק דק 9% פתח סגור 360 ג,*החברה המרכזית להפצת משקאותבעמ,,נעם צהובה דק דק 9% 3,גרמים,360.00,100 גרם,false,,26.80,0.0744,true,1,3589
7290102396719,false,יוגורט 0% תות סימפלי מולר (150 גרם),*החברה המרכזית להפצת משקאותבעמ,,מולר סימפלי פרוט תות,גרמים,170.00,100 גרם,false,,5.50,0.0324,true,1,3590
7290102397464,false,יוגורט ביו בתוספת גרעינים אגוזים וחמוציות 170 ג' מולר,החברה המרכזית טלהפצת משקאות בע,,מולר יוגורט נטורל +,גרמים,150.00,100 גרם,false,,5.90,0.0393,true,1,3618
7290102397730,false,פרוסות גבינה אמנטל חצי קשה 30% שומן 200 ג' נעם,*החברה המרכזית להפצת משקאותבעמ,,גבינת אמנטל נעם פתיח,גרמים,200.00,100 גרם,false,,17.10,0.0855,true,1,3630
7290102397747,false,פרוסות גבינת מוצרלה נעם מחלב בקר 22%,*החברה המרכזית להפצת משקאותבעמ,,מוצרלה נעם רכיבים ט,גרמים,200.00,100 גרם,false,,19.90,0.0995,true,1,3631
7290102398065,false,חלב טרה בקרטון 2 ליטר מהדרין 3% - מוצר בפיקוח,*החברה המרכזית להפצת משקאותבעמ,,טרה חלב קרטון 3% מהד,אין,0.00,יחידה,false,,12.46,0.0000,true,1,3643
7290102399048,false,פרוסות גבינת קשקבל נעם 200 ג' טרה,*החברה המרכזית להפצת משקאותבעמ,,קשקבל נעם פתיחה חוזר,גרמים,200.00,100 גרם,false,,24.90,0.1245,true,1,3686
7290102399789,false,מולר ספרדבל-ממרח חמאת מולר ללא מלח 250 גרם,החברה המרכזית טלהפצת משקאות בע,,מולר ממרח חמאה ללא מ,גרמים,250.00,100 גרם,false,,18.90,0.0756,true,1,3737
7290102399802,false,יוגורט עם תות מולר אקטיב מועשר בחלבון 200 גר',החברה המרכזית טלהפצת משקאות בע,,יוגורט חלבון תות 20,גרמים,200.00,100 גרם,false,,6.90,0.0345,true,1,3739
7290103124601,false,"תחליב רחצה נוזל חלב ודבש משאבה 750מ""ל פלמוליב",הנסיך- מפעל לייצור ט,,תחליב רחצה חלב ודבש,מיליליטרים,750.00,"100 מ""ל",false,,21.90,0.0292,true,1,11409
7290103401429,false,קפה קצב ברזילאי אוריגינס 200 גר,הנסיך- מפעל לייצור ט,,קפה אוריגינס קצב ברז,גרמים,200.00,100 גרם,false,,29.90,0.1495,true,1,11931
7290103404758,false,סלט כרוב אדום במיונז אחלה 120 גרם,שטראוס גרופ בעמ/מצונן,,אחלה כרוב אדום 120ג,גרמים,120.00,100 גרם,false,,5.90,0.0492,true,1,12535
7290103408206,false,עלי חסה ערבית שטופים 250 גר טעם הטבע,ביכורי השדה הצפון בעמ` 1964,,עלי חסה ערבית שטופים,גרמים,250.00,100 גרם,false,,9.90,0.0396,true,1,12537
7290103702304,false,טאצ`אשפתון עבה במיוחד 35יח בגליל 90*7,שניב תעשיות נייר בעמ,,טאצ אשפתון בגליל 35,אין,0.00,יחידה,false,,16.90,0.0000,true,1,13018
7290103702540,false,נייר טואלט מהדרות כדור פורח 30 גלילים טאצ',שניב תעשיות נייר בעמ,,נייר טואלט 30 יח' מ,אין,0.00,יחידה,false,,24.90,0.0000,true,1,13022
7290103702779,false,מפיות שולחן איכותיות 150 יח',שניב תעשיות נייר בעמ,,מפיות אירוח טאצ` 15,אין,0.00,יחידה,false,,9.90,0.0000,true,1,13026
7290103704186,false,מגבות מטבח כפול טאצ`מהדורת 2021 6 יחידות,שניב תעשיות נייר בעמ,,מגבות טאצ' גליל כפול,אין,0.00,יחידה,false,,20.90,0.0000,true,1,138859
7290103704766,false,נייר טואלט 24 גליל כפול מהדורת פרח סגול,"שניב תעשיות נייר בע""\מ",,נייר טואלט 24 גליל,אין,0.00,יחידה,false,,43.90,0.0000,true,1,183240
7290103746001,false,ממחטות טאצ`חמישייה צבעוני 500 דף,שניב תעשיות נייר בעמ,,ממחטות טאצ' חמישייה,אין,0.00,יחידה,false,,12.90,0.0000,true,1,13045
7290104061424,false,סלט חומוס עם זעתר אחלה 400 גרם,שטראוס גרופ בעמ/מצונן,,אחלה חומוס זעתר 400,גרמים,400.00,100 גרם,false,,11.90,0.0298,true,1,12539
7290104061448,false,סלט חומוס עם חריף אחלה 400 גרם,שטראוס גרופ בעמ/מצונן,,אחלה חומוס חריף 400ג,גרמים,400.00,100 גרם,false,,11.90,0.0298,true,1,12541
7290104065934,false,עלי רוקט שטראוס 150 גר`-טעם הטבע,ביכורי השדה הצפון בעמ` 1964,,שטראוס עלי רוקט 150ג,גרמים,150.00,100 גרם,false,,10.90,0.0727,true,1,12543
7290104067693,false,חומוס אחלה עם תוספת חריף 150 גר,שטראוס גרופ בעמ/מצונן,,אחלה חומוס עם חריף 1,גרמים,150.00,100 גרם,false,,5.90,0.0393,true,1,12547
7290104508943,false,במבה חטיף בוטנים אסם 200 גרם,קבוצת אוסם סחר-שות.מוגבלת,,במבה קלאסי 18*200 גר,גרמים,200.00,100 גרם,false,,9.50,0.0475,true,1,9931
7290104570131,false,תמר מג'הול ששון ושות,,,"תמר מג'הול 1 ק""ג",אלף,1.00,"ק""ג",false,,18.90,18.9000,true,1,23792
7290104726712,false,מארז 8 יחידות מעדן מילקי בטעם שוקולד עם קצפת,שטראוס גרופ בעמ/מצונן,,מילקי שמינייה מארז 8,אלף,1.06,"ק""ג",false,,21.90,20.6604,true,1,12554
7290104728310,false,"שמנת מתוקה עמידה 38% שומן ""יטבתה"" -מוצר בפיקוח",שטראוס גרופ בעמ/מצונן,,יטבתה שמנת עמידה לקצ,מיליליטרים,250.00,"100 מ""ל",false,,6.47,0.0259,true,1,12556
7290104960253,false,נקה 7 ארומה תחליב רחצה לבנדר ענוג 750,החברה הדרומית לשיווק בעמ,,תחליב רחצה לבנדר נקה,מיליליטרים,750.00,"100 מ""ל",false,,12.90,0.0172,true,1,16594
7290105360755,false,"שמן זית 3 חזק 750 מ""ל יד מרדכי",מכוורת יד מרדכי שטראוס ב,,שמן זית 3 חזק כתית י,מיליליטרים,750.00,"100 מ""ל",false,,38.90,0.0519,true,1,11962
7290105360762,false,"שמן זית 1 עדין 750 מ""ל יד מרדכי",מכוורת יד מרדכי שטראוס ב,,שמן זית 1 עדין כתית,מיליליטרים,750.00,"100 מ""ל",false,,38.90,0.0519,true,1,11963
7290105360878,false,תפוציפס טבעי 50 גרם מארז רביעייה,"שטראוס פריטו ליי בע""\מ )",,תפוציפס מארז 4*50ג,גרמים,200.00,100 גרם,false,,12.90,0.0645,true,1,12905
7290105362339,false,"שמנת לבישול 15% 250 מ""ל יטבתה מהדרין",שטראוס גרופ בעמ/מצונן,,יטבתה שמנת לבישול 15,מיליליטרים,250.00,"100 מ""ל",false,,8.90,0.0356,true,1,12558
7290105363602,false,מקלות כיף כף קלאסי עלית (40 גרם),שולן צ'\יקולטה גידה סאן.,,כיף כף מקלות קלאסי 4,גרמים,40.00,100 גרם,false,,5.90,0.1475,true,1,11966
7290105366023,false,סלט חצילים בטעם כבד אחלה 400 גרם,שטראוס גרופ בעמ/מצונן,,אחלה חציל בטעם כבד 4,גרמים,400.00,100 גרם,false,,16.90,0.0422,true,1,12559
7290105368928,false,שמנת חמוצה יטבתה %9 200 מל גביע מהדרין,שטראוס גרופ בעמ/מצונן,,יטבתה שמנת 9% 200מל,מיליליטרים,200.00,"100 מ""ל",false,,3.50,0.0175,true,1,12568
7290105369130,false,סימפוניה גבינת שמנת בצל ירוק 5% שטראוס 200 גרם,שטראוס גרופ בעמ/מצונן,,סימפוניה שטראוס בצל,גרמים,200.00,100 גרם,false,,12.90,0.0645,true,1,12570
7290105439499,false,מאסטר שף מאסטר שף מיונז 480 גר כשלפ,רמיה סי.וי. הולנד,,מיונז הולנדי מאסטר ש,גרמים,480.00,100 גרם,false,,12.90,0.0269,true,1,11426
7290105439581,false,מנה מאסטר שף חרדל דיזיון צרפתי 370 גר,רמיה סי.וי.הולנד,,מאסטר שף מאסטר שף חר,מיליליטרים,370.00,"100 מ""ל",false,,13.90,0.0376,true,1,11428
7290105691224,false,אסם חטיפי פריכונים טורטייה שום בצל 60 גרם,קבוצת אוסם סחר-שות.מוגבלת,,חטיפי פריכונים טורטי,גרמים,60.00,100 גרם,false,,8.10,0.1350,true,1,9938
7290105691248,false,אסם חטיפי פריכונים טורטייה תירס 60 גרם,קבוצת אוסם סחר שותפות מוגבלת,,חטיפי פריכונים טורטי,גרמים,60.00,100 גרם,false,,8.10,0.1350,true,1,9939
7290105691897,false,קוסקוס פלוס עם קמח חיטה מלא,קבוצת אוסם סחר שותפות מוגבלת,,קוסקוס עם חיטה מלאה,גרמים,350.00,100 גרם,false,,9.90,0.0283,true,1,9944
7290105693341,false,מארז עשיריית במבה אסם 25*10 גרם,קבוצת אוסם סחר שותפות מוגבלת,,במבה מאח.15 10*25גרם,גרמים,250.00,100 גרם,false,,17.90,0.0716,true,1,9952
7290105695024,false,פתיתים אפויים אורז עם אטריות אסם 500 גרם,קבוצת אוסם סחר שותפות מוגבלת,,פתיתים אפויים אורז ע,גרמים,500.00,100 גרם,false,,7.90,0.0158,true,1,9958
7290105964564,false,חומוס אחלה 400 גרם. שטראוס,שטראוס גרופ בעמ/מצונן,,אחלה חומוס אחלה 400ג,גרמים,400.00,100 גרם,false,,9.90,0.0248,true,1,12576
7290105965738,false,יוגורט לשתיה בטעם תות בננה267 ג' דנונה,שטראוס גרופ בעמ/מצונן,,דנונה משקה תות בננה,גרמים,267.00,100 גרם,false,,5.50,0.0206,true,1,12577
7290105966469,false,חומץ בלסמי ממודנה יד מרדכי (250 מל),אצטייה ג'וזפה קרמוני,,חומץ בלסמי יד מרדכי,גרמים,250.00,100 גרם,false,,16.90,0.0676,true,1,11979
7290105968654,false,רביולי עם בטטה פרווה שטראוס (400 גרם),שטראוס גרופ בעמ/מצונן,,שטראוס רביולי בטטה 4,גרמים,400.00,100 גרם,false,,19.90,0.0497,true,1,12579
7290105968777,false,פריכיות 5 דגנים עם תחתית שוקולד מריר 70 גרם,"טחנת האבן תעשיות בע""",,פריכיות תחתית שוקלד,גרמים,70.00,100 גרם,false,,8.90,0.1271,true,1,11980
7290106520066,false,"רבע לשבע שוקולד חלב במילוי אגוזים עלית 160 גרם בד""צ","הגביע מוצרי וופלים בע""\מ",,רבע לשבע 160 גרם,גרמים,160.00,100 גרם,false,,12.90,0.0806,true,1,11981
7290106520288,false,יוגורט פרו חלבון עם תות 2.4% שומן 150 ג' דנונה,שטראוס גרופ בעמ/מצונן,,דנונה פרו תות 150 גר,גרמים,150.00,100 גרם,false,,4.90,0.0327,true,1,12580
7290106521926,false,קפה טורקי בצלופן עלית 150 גרם,שטראוס קפה בי.ויn\.,,קפה טורקי עלית 150 ג,גרמים,150.00,100 גרם,false,,13.90,0.0927,true,1,11985
7290106524439,false,חטיף פופס תפוצ`יפס (60 גרם),"שטראוס פריטו ליי בע""\מ )",,תפוציפס פופס 60 גרם,גרמים,60.00,100 גרם,false,,4.50,0.0750,true,1,12907
7290106525405,false,קפסולות קפה עלית נטול קפאין אספרסו) (10,שטראוס קפה בי.וי.,,עלית קפסולות נטול למ,גרמים,50.00,100 גרם,false,,18.90,0.3780,true,1,11990
7290106526822,false,פריכיות אורז חום מלא תחתית שוקולד חלב 80 גרם,"טחנת האבן תעשיות בע""",,פריכיות עם תחתית שוק,גרמים,80.00,100 גרם,false,,8.90,0.1113,true,1,11991
7290106528567,false,חטיף תירס גריל דוריטוס (185 גרם),"שטראוס פריטו ליי בע""\מ )",,דוריטוס גריל 185 גר`,גרמים,185.00,100 גרם,false,,8.50,0.0459,true,1,12908
7290106528949,false,סלט ערוגות שטראוס 450 גר`-טעם הטבע,ביכורי השדה הצפון בעמ` 1964,,לקט ערוגות,גרמים,450.00,100 גרם,false,,12.90,0.0287,true,1,12585
7290106573277,false,חטיף קרקר קריספי עם זיתים כבושים,קבוצת אוסם סחר שותפות מוגבלת,,אסם קריספי טאפאס זית,גרמים,150.00,100 גרם,false,,13.50,0.0900,true,1,9980
7290106574977,false,בייגלה שטוחים טבעות עם מלח אסם (300 גרם),קבוצת אוסם סחר שותפות מוגבלת,,אסם בייגלה שטוחים עם,גרמים,300.00,100 גרם,false,,11.90,0.0397,true,1,9987
7290106575011,false,פתיתים אפויים קוסקוס מחיטה מלאה אסם 400 גרם,קבוצת אוסם סחר שותפות מוגבלת,,פתיתים אפויים חיטה מ,גרמים,400.00,100 גרם,false,,7.90,0.0198,true,1,9988
7290106576513,false,סלט רק חומוס צבר 400 גרם,קבוצת אוסם סחר שותפות מוגבלת,,צבר חומוס 400 גרם,גרמים,400.00,100 גרם,false,,10.90,0.0273,true,1,10538
7290106576537,false,חומוס מסעדה צבר (700 גרם),קבוצת אוסם סחר שותפות מוגבלת,,צבר חומוס מסעדה 700,גרמים,700.00,100 גרם,false,,10.90,0.0156,true,1,10539
7290106577282,false,טחינה אמיתית מרובע 400 ג' צבר,קבוצת אוסם סחר-שות.מוגבלת,,צבר מרובע טחינה 400ג,גרמים,400.00,100 גרם,false,,14.90,0.0373,true,1,10540
7290106577541,false,צבר כרוב אדום מרובע 400גרם,קבוצת אוסם סחר-שות.מוגבלת,,צבר מרובע כרוב אדום,גרמים,400.00,100 גרם,false,,13.50,0.0338,true,1,10544
7290106577572,false,מטבוחה אמיתית מרובע 400 ג' צבר,קבוצת אוסם סחר-שות.מוגבלת,,צבר מרובע מטבוחה 40,גרמים,400.00,100 גרם,false,,14.90,0.0373,true,1,10545
7290106578241,false,דובונים חטיף תפוחי אדמה אסם (100 גרם),קבוצת אוסם סחר-שות.מוגבלת,,דובונים 16*100גרם,גרמים,100.00,100 גרם,false,,9.90,0.0990,true,1,9997
7290106578692,false,ביסלי במבה מיקס מהדורת אליפות אסם 80 גרם,קבוצת אוסם סחר שותפות מוגבלת,,במבה ביסלי מיקס 36*8,גרמים,80.00,100 גרם,false,,5.90,0.0738,true,1,9998
7290106654099,false,מילקי CAKE עוגות אישיות במילוי קרם חלב,בובארד איטליה אס.פי.איי,,עוגות אישיות מילקי ק,גרמים,272.00,100 גרם,false,,20.90,0.0768,true,1,12587
7290106668577,false,"מיץ לימון טבעי 250 מ""ל ""יד מרדכי""",האי נאם סי או אל.טי.,,מיץ לימון טבעי יד מר,מיליליטרים,250.00,"100 מ""ל",false,,8.90,0.0356,true,1,12024
7290106668713,false,יוגורט עם פירות יער 3% שומן 150 ג' דנונה,שטראוס גרופ בעמ/מצונן,,דנונה פירות יער3% 15,מיליליטרים,150.00,"100 מ""ל",false,,3.90,0.0260,true,1,12595
7290106720626,false,חטיף תירס בטעם גבינה צ`יטוס (80 גרם),"שטראוס פריטו ליי בע""\מ )",,ציטוס גבינה 80 גרם,גרמים,80.00,100 גרם,false,,5.50,0.0688,true,1,12921
7290106723689,false,עלי תרד בייבי 200 גר`שטראוס טעם הטבע,ביכורי השדה הצפון בעמ` 1964,,שטראוס תרד בייבי 200,גרמים,200.00,100 גרם,false,,11.90,0.0595,true,1,12598
7290107280020,false,שלישיית מטליות לחות לניקוי כללי סנו סושי 50 יחידות,החברה הדרומית לשיווק בעמ,,סנו סושי מגבונים לני,אין,0.00,יחידה,false,,20.90,0.0000,true,1,16654
7290107280341,false,ריצפז מטליות לחות לניקוי הרצפה בניחוח מלון מפנק,החברה הדרומית לשיווק בעמ,,ריצפז מטליות לחות לנ,אין,0.00,יחידה,false,,12.90,0.0000,true,1,16663
7290107280716,false,מלח למדיח להגנה מפני אבנית סנו ספארק Spark,החברה הדרומית לשיווק בעמ,,סנו ספארק מלח למדיח,אלף,2.00,"ק""ג",false,,13.90,6.9500,true,1,16681
7290107280723,false,נוזל לניקוי כלים סנו ספארק Spark בניחוח לימון רענן,החברה הדרומית לשיווק בעמ,,סנו ספארק נוזל לניקו,מיליליטרים,700.00,"100 מ""ל",false,,11.90,0.0170,true,1,16682
7290107645584,false,אבקת מרק עוף אמיתי רכיבים טבעיים 400 גרם - רבנות,יוניליוור ישראל שיווק בע`מ,,מרק עוף אמיתי רכיבים,גרמים,400.00,100 גרם,false,,30.90,0.0772,true,1,5760
7290107646154,false,"חטיף קוקומן פצפוצים תלמה 126 גרם מארז 6 יחידות בד""צ","יוניליוור ישראל שיווק בע""מ",,חטיף קוקומן פצפוצים,גרמים,126.00,100 גרם,false,,13.90,0.1103,true,1,5765
7290107879132,false,פריכיות פיטנס מיני פריכיות שוקולד חלב 22 ג',קבוצת אוסם סחר שותפות מוגבלת,,מיני פריכיות שוקולד,גרמים,22.00,100 גרם,false,,6.50,0.2955,true,1,10552
7290107930321,false,קונפיטורת דובדבן יד מרדכי (340 גרם),"שטראוס גרופ בע""מ",,יד מרדכי קונפיטורה ד,גרמים,340.00,100 גרם,false,,13.90,0.0409,true,1,12046
7290107932080,false,חלב 3% מועשר בבקבוק יטבתה (1 ליטר),שטראוס גרופ בעמ/מצונן,,יטבתה חלב בבקבוק 3%,ליטר,1.00,ליטר,false,,7.90,7.9000,true,1,12606
7290107932134,false,חלב מועשר 1% בבקבוק יטבתה (1 ליטר),שטראוס גרופ בעמ/מצונן,,יטבתה חלב בבקבוק 1%,ליטר,1.00,ליטר,false,,7.90,7.9000,true,1,12607
7290107933155,false,לקט סלנובה 200 גר ירקות שטראוס טעם הטבע,שטראוס בריאות ירקות טריי,,לקט סלנובה 200 גרם,גרמים,200.00,100 גרם,false,,13.90,0.0695,true,1,12608
7290107936309,false,דנונה יוגורט 7% יווני לבן 130 ג',שטראוס גרופ בעמ/מצונן,,דנונה יווני לבן 130,גרמים,130.00,100 גרם,false,,3.50,0.0269,true,1,12619
7290107937641,false,צנצנת קוביות בזוקה גומי לעיסה 58גר,אסקום קונפקשיין,,צנצנת קוביות בזוקה 5,גרמים,58.00,100 גרם,false,,11.90,0.2052,true,1,12063
7290107938396,false,שמיניית אקטימל תות דיסני בנים 108 גרם,שטראוס גרופ בעמ/מצונן,,דנונה Actimel בנים ב,גרמים,864.00,100 גרם,false,,22.90,0.0265,true,1,12622
7290107943192,false,"שמנת חמוצה מהערבה 27% שומן 200 מ""ל יטבתה",שטראוס גרופ בעמ/מצונן,,יטבתה שמנת 27% 200מ,מיליליטרים,200.00,"100 מ""ל",false,,4.50,0.0225,true,1,12638
7290107944472,false,סימפוניה גבינה במרקם שמנת 5% שום שמיר,שטראוס גרופ בעמ/מצונן,,סימפוניה 5% שום שמיר,גרמים,200.00,100 גרם,false,,12.90,0.0645,true,1,12641
7290107950190,false,מעדן חלב דל קלוריות בטעם שוקולד מריר 0.5% שומן,שטראוס גרופ בעמ/מצונן,,מעדן דיאט שוקולד מרי,גרמים,130.00,100 גרם,false,,3.50,0.0269,true,1,12660
7290107950206,false,מעדן דיאט שוקולד שטראוס 130 גרם,שטראוס גרופ בעמ/מצונן,,מעדן דיאט שוקולד % 0,גרמים,130.00,100 גרם,false,,3.50,0.0269,true,1,12661
7290107951104,false,בפלות ופלים ארוכים בטעם שוקולד,"שטראוס גרופ בע""\מ",,בפלות 200 גרם שוקולד,גרמים,200.00,100 גרם,false,,5.90,0.0295,true,1,12109
7290107954709,false,"קונפיטורת פירות יער ""יד מרדכי"" 340 גר'",שטראוס גרופ בע`מ,,יד מרדכי קונפיטורת פ,גרמים,340.00,100 גרם,false,,13.90,0.0409,true,1,12128
7290107973861,false,מאסטר שף עגבניות קצוצות דק שלישיה 400ג*3 כשלפ,קונסרזיו קאסאלאסקו ד,,עגבניות קצוצות דק מא,אלף,1.20,"ק""ג",false,,17.90,14.9167,true,1,11445
7290107974066,false,"עלי טורטיה קמח מלא 20ס""מ 8יח' מאסטר שף 320ג'",אלקאטי קורביישיסי גי,,עלי טורטיה קמח מלא מ,גרמים,320.00,100 גרם,false,,10.90,0.0341,true,1,11450
7290107974080,false,עלי טורטיה קמח לבן 744 גר`מנה מאסטר שף,אלקאטי קורביישיסי גי,,עלי טורטיה קמח לבן מ,גרמים,820.00,100 גרם,false,,18.90,0.0230,true,1,11452
7290107974820,false,ממרח בטעם ספייסי מיונז מאסטר שף 250 גרם,רמיה סי.וי.הולנד,,מאסטר שף ממרח מתובל,גרמים,252.00,100 גרם,false,,8.90,0.0353,true,1,11459
7290108350128,false,סנו סושי שקיות אשפה חזקות במיוחד 40 יח',החברה הדרומית לשיווק בעמ,,סנו סושי שקיות חזקות,אין,0.00,יחידה,false,,28.90,0.0000,true,1,16691
7290108350180,false,סנו סופט מפיות מודפסות 100 יח`,החב. הדרומית לשיווק,,סנו סושי מפיות מודפס,אין,0.00,יחידה,false,,8.90,0.0000,true,1,16693
7290108350210,false,סנו סושי 30 שקיות אשפה XL חזקות במיוחד,החברה הדרומית לשיווק בעמ,,סושי שקיות אקסטרא חז,אין,0.00,יחידה,false,,26.90,0.0000,true,1,16695
7290108350258,false,נייר טואלט דו שכבתי ארוך פי 3 - מארז 12 גלילים,החברה הדרומית לשיווק בעמ,,סנו סופט נייר טואלט,מטרים,180.00,מטר,false,,44.90,0.2494,true,1,16697
7290108350548,false,סנו ספארק נוזל כלים בניחוח לבנדר עם משאבה 1 ל',החברה הדרומית לשיווק בעמ,,סנו ספארק משאבה בניח,ליטר,1.00,ליטר,false,,12.90,12.9000,true,1,16702
7290108350623,false,מרכך כביסה סופר מרוכז סופט סילק מקסימה 1 ל' סנו,החברה הדרומית לשיווק בעמ,,מרכך כביסה מקסימה סו,אין,0.00,יחידה,false,,18.90,0.0000,true,1,16706
7290108351552,false,"סנו - ג'ט לניקוי כללי בתוספת חומץ בניחוח לבנדר 750 מ""ל",החברה הדרומית לשיווק בעמ,,סנו ג'ט מתז חומץ 750,מיליליטרים,750.00,"100 מ""ל",false,,15.90,0.0212,true,1,16730
7290108351583,false,"סנו - ג'ט פלוס חומץ ג'ל לניקוי אסלות לבנדר 750 מ""ל",החברה הדרומית לשיווק בעמ,,סנו ג'ט+לניקוי אסלות,מיליליטרים,750.00,"100 מ""ל",false,,12.90,0.0172,true,1,16732
7290108351699,false,סנו - ג'ט מטליות לחות לניקוי כללי בתוספת חומץ לבנדר שלישיה,החברה הדרומית לשיווק בעמ,,מגבונים ג'ט+חומץ מאר,אין,0.00,יחידה,false,,22.90,0.0000,true,1,16742
7290108352252,false,נוזל לניקוי כלים מתאים לניקוי ירקות ופירות סנו ספארק,החברה הדרומית לשיווק בעמ,,ספארק נוזל לכלים 1,אין,0.00,יחידה,false,,12.90,0.0000,true,1,16783
7290108352535,false,דפי בישום לחים למייבש הכביסה בניחוח מרכך כביסה 20 יח' מקסימה,החברה הדרומית לשיווק בעמ,,דפי בישום לחים למייב,אין,0.00,יחידה,false,,14.90,0.0000,true,1,115960
7290108352573,false,מרכך כביסה סנו מקסימה בבישום עוצמתי 4 ליטר,החברה הדרומית לשיווק בעמ,,מרכך כביסה CALM בבי,ליטר,4.00,ליטר,false,,23.90,5.9750,true,1,162699
7290108352801,false,"שקיות אשפה לפחים קטנים 45 * 56 ס""מ סנו סושי 100 יחידות",החברה הדרומית לשיווק בעמ,,סנו סושי 100 שקיות א,יח',100.00,יח',false,,24.00,0.2400,true,1,16814
7290108352900,false,מגבות נייר בגליל כפול סנו סושי 12=6 גלילים,החברה הדרומית לשיווק בעמ,,סנו סושי מגבות נייר,אין,0.00,יחידה,false,,22.90,0.0000,true,1,16824
7290108353099,false,ממחטות אף במארז ניילון סנו סופט 5 יח' * 100 דף,החברה הדרומית לשיווק בעמ,,סנו סופט 500 ממחטות,אין,0.00,יחידה,false,,14.90,0.0000,true,1,16843
7290108353495,false,אורביטול - חוט דנטאלי 50 מטר בתוספת שעווה ופלואוריד,החב הדרומית לשיווק,,חוט דנטלי אורביטול,אין,0.00,יחידה,false,,11.90,0.0000,true,1,189310
7290108353662,false,"סנו סושי מפת שולחן מוטבעת 120*270 ס""מ",החברה הדרומית לשיווק בעמ,,סנוסושי מפת שולחן מו,אין,0.00,יחידה,false,,11.90,0.0000,true,1,188573
7290108353679,false,מפות ניילוון שקופות סנו סושי 10 יח,החברה הדרומית לשיווק בעמ,,סנו סושי 10 מפות ניי,אין,0.00,יחידה,false,,21.90,0.0000,true,1,16866
7290108353761,false,"תחליב רחצה זן, בניחוח קשמיר 600 מ""ל קרימה",החברה הדרומית לשיווק בעמ,,קרמה תחליב רחצה ספא,מיליליטרים,600.00,"100 מ""ל",false,,20.90,0.0348,true,1,209305
7290108354270,false,מרכך כביסה מרוכז בבישום עוצמתי 1 ל' סנו מקסימה,החברה הדרומית לשיווק בעמ,,מרכך בבישום עוצמתי מ,ליטר,1.00,ליטר,false,,18.90,18.9000,true,1,115902
7290108354416,false,"תחליב רחצה יוגה, בניחוח ברגמוט 600מ""ל קרימה",החברה הדרומית לשיווק בעמ,,קרמה תחליב רחצה ספא,מיליליטרים,600.00,"100 מ""ל",false,,20.90,0.0348,true,1,209307
7290108356137,false,תחליב רחצה כיף ניחוח לבנדר 700 מל,החברה הדרומית לשיווק בעמ,,תחליב רחצה לבנדר כיף,מיליליטרים,700.00,"100 מ""ל",false,,12.90,0.0184,true,1,16961
7290108356526,false,"קרליין - שמפו 10 לשיער יבש 700 מ""ל",החברה הדרומית לשיווק בעמ,,שמפו לשיער יבש קרליי,מיליליטרים,700.00,"100 מ""ל",false,,14.90,0.0213,true,1,138449
7290108359077,false,סנו - סופט לושן ממחטות אף בקופסא 3 שכבות 120 יח',החברה הדרומית לשיווק בעמ,,ממחטות אף בקופסא 3 ש,אין,0.00,יחידה,false,,14.90,0.0000,true,1,139708
7290108502763,false,גבינת קממבר ויליפוד 200 גרם,ג.וילי-פוד אינטרנשיונל **גבינו,,גבינה קממבר 200 גרם,גרמים,200.00,100 גרם,false,,21.90,0.1095,true,1,1950
7290108503043,false,תפוחונים חטיף פלחים מיובשים מארז 22X4ג',ג. וילי-פוד אינטרנשיונל בע`מ,,מארז רביעייה תפוחוני,גרמים,88.00,100 גרם,false,,13.50,0.1534,true,1,1961
7290108504934,false,"דפי אורז למילוי 22 ס""מ 300 גרם בית יוסף",ג.וילי פוד אינטרנשיונל בעמ,,דפי אורז למילוי קוטר,גרמים,300.00,100 גרם,false,,12.90,0.0430,true,1,156630
7290108507010,false,מאפה בורקס מים תורכי תרד וגבינה ויליפוד 300 גרם,ג.וילי-פוד אינטרנשיונל **גבינו,,מ.בורקס מים תורכי תר,גרמים,300.00,100 גרם,false,,16.90,0.0563,true,1,2066
7290108509199,false,גבינת פטה 17% שומן יורו 500 ג',ג.וילי-פוד אינטרנשיונל **גבינו,,גבינה פטה 500 גרם -,גרמים,500.00,100 גרם,false,,24.90,0.0498,true,1,81394
7290108509359,false,פופקורן בציפוי בטעם קרמל ויליפוד 90 גרם,ג. וילי-פוד אינטרנשיונל בע`מ,,פופקורן בציפוי בטעם,גרמים,90.00,100 גרם,false,,8.90,0.0989,true,1,140094
7290109351025,false,מלך החומוס חומוסטחינה 40% טחינה גולמית,קבוצת אוסם סחר שותפות מוגבלת,,מלך החומוס חומוס טחי,גרמים,400.00,100 גרם,false,,14.20,0.0355,true,1,10553
7290109351971,false,פריכיות דגנים פיטנס מצופות שוקולד חלב,קבוצת אוסם סחר שותפות מוגבלת,,בר פריכיות שוקולד חל,גרמים,84.00,100 גרם,false,,14.90,0.1774,true,1,10555
7290109352916,false,פריכיות דגנים פיטנס מצופות שוקולד לבן,קבוצת אוסם סחר שותפות מוגבלת,,בר פריכיות שוקולד לב,גרמים,84.00,100 גרם,false,,14.90,0.1774,true,1,10557
7290109580111,false,צלעות אסאדו מעושנות פרימיום זוגלובק 120 גרם,נקניק זוגלובק נהריה,,צלעות אסאדו מעושנות,גרמים,180.00,100 גרם,false,,27.90,0.1550,true,1,151176
7290109580449,false,סלמי בטעם כמהין פרימיום זוגלובק 180 גרם,נקניק זוגלובק נהריה,,סלמי בטעם כמהין פרימ,גרמים,180.00,100 גרם,false,,27.90,0.1550,true,1,188468
7290110113384,false,קוקה קולה זירו מארז רביעיה 1X4 ליטר,החברה המרכזית להפצת משקאות בעמ,,מארז רביעיות קוקה קו,ליטר,4.00,ליטר,false,,28.90,7.2250,true,1,48726
7290110114794,false,נביעות+ מים מינרליים בטעם אפרסק 1.5 ליטר,החברה המרכזית להפצת משקאות בעמ,,נביעות + אפרסק 1.5 ל,ליטר,1.50,ליטר,false,,10.90,7.2667,true,1,119955
7290110114855,false,"נביעות מים מינרליים, שישיה 6 * 1.5 ליטר פקדון",החברה המרכזית להפצת משקאות בעמ,,מי נביעות שישייה 1.5,ליטר,9.00,ליטר,false,,14.90,1.6556,true,1,119998
7290110114893,false,מיץ תפוזים מפוסטר סחוט 2 ליטר,*החברה המרכזית להפצת משקאותבעמ,,פריגת סחוט תפוזים 2,ליטר,2.00,ליטר,false,,30.30,15.1500,true,1,119889
7290110115036,false,משקה קל בטעם מנגו פריגת (1.5 ליטר),החברה המרכזית להפצת משקאות בעמ,,פריגת מנגו 1.5 ליטר,ליטר,1.50,ליטר,false,,9.90,6.6000,true,1,120086
7290110115043,false,משקה קל בטעם לימונענע פריגת (1.5 ליטר),החברה המרכזית להפצת משקאות בעמ,,פריגת לימונענע 1.5 ל,ליטר,1.50,ליטר,false,,9.90,6.6000,true,1,120087
7290110115081,false,פריגת צלול ענבים 1.5 ליטר פיקדון,החברה המרכזית להפצת משקאות בעמ,,פריגת צלול ענבים 1.5,ליטר,1.50,ליטר,false,,9.90,6.6000,true,1,120155
7290110115180,false,נביעות מים מינרלים שקט 1.5 ליטר פיקדון,החברה המרכזית להפצת משקאות בעמ,,נביעות 1.5 ליטר,ליטר,1.50,ליטר,false,,4.20,2.8000,true,1,133412
7290110115203,false,קוקה קולה 1.5 ליטר פיקדון,החברה המרכזית להפצת משקאות בעמ,,קוקה קולה 1.5 ליטר,ליטר,1.50,ליטר,false,,9.50,6.3333,true,1,120191
7290110115227,false,קוקה קולה Zero בקבוק 1.5 ליטר פיקדון,החברה המרכזית להפצת משקאות בעמ,,קוקה קולה זירו בקבוק,ליטר,1.50,ליטר,false,,9.90,6.6000,true,1,120206
7290110115234,false,קוקה קולה דיאט זירו 1.5 ליטר פיקדון,החברה המרכזית להפצת משקאות בעמ,,קולה ZERO נטול 1.5 ל,ליטר,1.50,ליטר,false,,9.90,6.6000,true,1,120207
7290110115265,false,ספרייט לימון ליים 1.5 ליטר-,החברה המרכזית להפצת משקאות בעמ,,ספרייט 1.5 ליטר LIME,ליטר,1.50,ליטר,false,,9.00,6.0000,true,1,120268
7290110115272,false,ZERO ספרייט 1.5 ליטר פיקדון,החברה המרכזית להפצת משקאות בעמ,,ספרייט זירו 1.5 ליטר,ליטר,1.50,ליטר,false,,9.90,6.6000,true,1,120269
7290110115364,false,קוקה קולה שישיות 1.5 ליטר פיקדון,החברה המרכזית להפצת משקאות בעמ,,קוקה קולה 6*1.5 ליטר,ליטר,9.00,ליטר,false,,52.90,5.8778,true,1,120210
7290110115371,false,דיאט קוקה קולה שישיות 1.5 ליטר פיקדון,החברה המרכזית להפצת משקאות בעמ,,קוקה קולה דיאט 6*1.,ליטר,9.00,ליטר,false,,50.70,5.6333,true,1,120211
7290110115401,false,קינלי סודה שישייה 1.5 ליטר פיקדון,החברה המרכזית להפצת משקאות בעמ,,קינלי סודה 6*1.5 ליט,ליטר,9.00,ליטר,false,,16.90,1.8778,true,1,129407
7290110115418,false,קוקה קולה זירו 1.5 ליטר מארז שישייה,החברה המרכזית להפצת משקאות בעמ,,קוקה קולה זירו שישיי,ליטר,9.00,ליטר,false,,49.90,5.5444,true,1,120212
7290110115449,false,פיוז-טי תה מנגו אננס 1.5 ליטר פיקדון,החברה המרכזית להפצת משקאות בעמ,,פיוז טי מנגו אננס 1.,ליטר,1.50,ליטר,false,,10.50,7.0000,true,1,120363
7290110115463,false,פיוז-טי תה אפרסק 1.5 ליטר פיקדון,החברה המרכזית להפצת משקאות בעמ,,פיוז טי אפרסק 1.5 לי,ליטר,1.50,ליטר,false,,10.50,7.0000,true,1,120365
7290110115494,false,תה קר בטעם ענבים פיוז טי 1.5 ליטר,החברה המרכזית להפצת משקאות בעמ,,פיוז טי ענבים 1.5 לי,ליטר,1.50,ליטר,false,,10.50,7.0000,true,1,120382
7290110115869,false,קוקה קולה זירו 1.5 ליטר פיקדון,תות תעשיות מזון (201,,קוקה קולה זירו בקבוק,ליטר,1.50,ליטר,false,,9.90,6.6000,true,1,232325
7290110320850,false,פתיתים גבינה חצי קשה מגורדת 28% שומן,תנובה מרכז שיתופי לש,,עמק פתיתים 200 גרם,גרמים,200.00,100 גרם,false,,15.20,0.0760,true,1,14032
7290110320867,false,פתיתים גבינה חצי קשה מגורדת 28% שומן,תנובה מרכז שיתופי לש,,עמק פתיתים למאפים 28,גרמים,500.00,100 גרם,false,,35.00,0.0700,true,1,14033
7290110321277,false,קוטג בקטנה 5%. 100 גרם מהדרין תנובה,פארייפאבה אגרואינדוס,,קוטג' תנובה בקטנה 5,גרמים,100.00,100 גרם,false,,2.60,0.0260,true,1,14048
7290110321284,false,קוטג' בקטנה 9% תנובה 100 גרם מהדרין,פארייפאבה אגרואינדוס,,קוטג' תנובה בקטנה 9,גרמים,100.00,100 גרם,false,,2.60,0.0260,true,1,14049
7290110321680,false,יוגורט GO בטעם תות 20 גרם חלבון בגביע,מיוצר עי קונדיטוריית,,יופלה גו בטעם תות 20,גרמים,200.00,100 גרם,false,,5.90,0.0295,true,1,14062
7290110322014,false,טופו בטעם טבעי תנובה ALTERNATIVE,שוורצקוף& הנקל דיסלד,,טופו טבעי 300 גרם,גרמים,300.00,100 גרם,false,,12.50,0.0417,true,1,14077
7290110322038,false,טופו בטעם פיקנטי 300 גר`תנובה,תנובה Alternative,,טופו פיקנטי 300 גרם,גרמים,300.00,100 גרם,false,,12.50,0.0417,true,1,14079
7290110323592,false,יוגורט GO לייט בטעם אפרסק 20 גרם חלבון בגביע,תנובה בעמ ***,,יופלה GO לייט עם אפר,גרמים,200.00,100 גרם,false,,5.90,0.0295,true,1,14135
7290110324070,false,גבינת חלומי מחלב בקר (30% 200 גר`)פירא,תנובה - חלב,,גבינת חלומי מחלב בקר,גרמים,200.00,100 גרם,false,,19.90,0.0995,true,1,63068
7290110324711,false,ממרח סויה 9% שומן בטעם טבעי תנובה 250 גרם,מיוצר עי קונדיטוריית,,ממרח סויה 9% בטעם טב,גרמים,250.00,100 גרם,false,,10.90,0.0436,true,1,14196
7290110324728,false,ממרח סויה 9% שומן עם שום שמיר תנובה 250 גרם,מיוצר עי קונדיטוריית,,ממרח סויה 9% עם שום,גרמים,250.00,100 גרם,false,,10.90,0.0436,true,1,14197
7290110324841,false,מעדן שקדים עם שוקולד מריר תנובה 125 גרם,מיוצר עי קונדיטוריית,,מעדן שקדים עם שוקולד,גרמים,125.00,100 גרם,false,,4.90,0.0392,true,1,14204
7290110324858,false,מעדן שקדים בטעם אגוזי לוז תנובה 125 גרם,מיוצר עי קונדיטוריית,,מעדן שקדים בטעם אגוז,גרמים,125.00,100 גרם,false,,4.90,0.0392,true,1,14205
7290110324926,false,משקה סויה ללא תוספת סוכר E אלטרנטיב,תנובה מרכז שיתופי לש,,משקה סויה ללא תוספת,אין,0.00,יחידה,false,,11.90,0.0000,true,1,14210
7290110325619,false,משקה שיבולת שועל תנובה E אלטרנטיב,מיוצר עי קונדיטוריית,,תנובה משקה שיבולת שו,אין,0.00,יחידה,false,,14.90,0.0000,true,1,14237
7290110325701,false,פיראוס צזיקי יווני 9% שומן בשיטת יצור מסורתית על בסיס יוגורט,גוד פוד פרודקטס S.p,,פיראוס צזיקי יווני 9,גרמים,250.00,100 גרם,false,,14.90,0.0596,true,1,14243
7290110326241,false,יופלה און טופ גרנולה תנובה 157 גרם,מיוצר עי קונדיטוריית,,יופלה און טופ גרנולה,אין,157.00,יחידה,false,,5.90,0.0376,true,1,14274
7290110326333,false,פרוסות גבינה סקנדינבית 170 גר`קולקשיין,"תנובה בע""מ ***",,פרוסות גבינה סקנדינב,גרמים,170.00,100 גרם,false,,18.90,0.1112,true,1,71335
7290110328481,false,פתיתי פרמג'יאנו רג'יאנו מחלב בקר 30%,ברטינלי גיאני א.,,פתיתי פרמג'יאנו רג'י,גרמים,100.00,100 גרם,false,,14.90,0.1490,true,1,63055
7290110329273,false,יוגורט מחלב עיזים מלא 750 גרם תנובה,תנובה בעמ ***,,יוגורט מחלב עיזים מל,גרמים,750.00,100 גרם,false,,19.90,0.0265,true,1,93312
7290110329303,false,פרוסות בטעם צהובה קלאסית אלטרנטיב 200 גר,תנובה Alternative,,פרוסות צהובה קלאסית,גרמים,200.00,100 גרם,false,,22.90,0.1145,true,1,124026
7290110329808,false,יוגורט סויה BIO Alternative תות 150 ג' תנובה,מיוצר עי קונדיטוריית,,סויה BIO תות גביע 15,גרמים,150.00,100 גרם,false,,4.70,0.0313,true,1,143740
7290110329822,false,יוגורט סויה BIO Alternative פירות יער 150 ג' תנובה,מיוצר עי קונדיטוריית,,סויה BIO פירות יער ג,גרמים,150.00,100 גרם,false,,4.70,0.0313,true,1,143742
7290110553425,false,קפה נמס 200 גרם +20% תוספת עלית,שטראוס קפה בי.וי,,קפה נמס עלית פחית מו,גרמים,240.00,100 גרם,false,,19.90,0.0829,true,1,142187
7290110555306,false,רבע לשבע טבעוני סינמון באן עלית 125 גרם,"הגביע מוצרי וופלים בע""\מ",,רבע לשבע טבעוני סינמ,גרמים,120.00,100 גרם,false,,12.90,0.1075,true,1,174799
7290110556242,false,"שוקולד מריר פרווה 100 גר' בד""ץ תוצרת חוץ","שטראוס גרופ בע""מ.",,שוקולד מריר מעולה 10,גרמים,100.00,100 גרם,false,,6.00,0.0600,true,1,219996
7290110557102,false,מעדן חלב עם שוקולד מועשר בחלבון 150 ג' שטראוס,שטראוס גרופ בעמ/מצונן,,מעדן פרו חלב עם שוקו,גרמים,150.00,100 גרם,false,,5.90,0.0393,true,1,109805
7290110558154,false,דנונה לייט אנד פרי עוגת תפוחים 150ג דנונה,שטראוס גרופ בעמ/מצונן,,דנונה לייט אנד פרי ת,גרמים,150.00,100 גרם,false,,4.90,0.0327,true,1,195528
7290110558284,false,דנונה ביו מולטי שטראוס 200 גרם,שטראוס גרופ בעמ/מצונן,,דנונה מולטי 3% שומן,מיליליטרים,200.00,"100 מ""ל",false,,4.50,0.0225,true,1,188496
7290110558314,false,דנונה פרו 20 גרם חלבון ללא סוכר פיסטוק 200 גרם,שטראוס גרופ בעמ/מצונן,,דנונה פרו ללא סוכר 2,גרמים,200.00,100 גרם,false,,6.50,0.0325,true,1,195529
7290110558918,false,עלי חסה קראנצ`שטופים 150 גר`טעם הטבע ש,ביכורי השדה הצפון בעמ` 1964,,עלי חסה קראנצ שטופים,גרמים,150.00,100 גרם,false,,11.90,0.0793,true,1,221657
7290110560300,false,"הפריכיות הטעימות חומוס, עדשים שחורות, קינואה ופלפל שחור",אנרג'י Energy - שטראוס,,פריכיות משולשות פלפל,גרמים,30.00,100 גרם,false,,5.90,0.1967,true,1,12166
7290110560317,false,"הפריכיות הטעימות חומוס, עדשים שחורות, קינואה ומלח ים","פרח תעשיו מזון בע""מ",,פריכיות משולשות מלח,גרמים,30.00,100 גרם,false,,5.90,0.1967,true,1,12167
7290110560324,false,"הפריכיות הטעימות תפו""א, אורז, אפונה ומלח ים","פרח תעשיו מזון בע""מ",,פריכיות משולשות אפונ,גרמים,30.00,100 גרם,false,,5.90,0.1967,true,1,12168
7290110563462,false,חלב 2% דל לקטוז בבקבוק יטבתה 1 ליטר.,שטראוס גרופ בעמ/מצונן,,יטבתה חלב בבקבוק נטו,ליטר,1.00,ליטר,false,,8.90,8.9000,true,1,12706
7290110564360,false,חומוס אחלה הסידרה המובחר 40% טחינה 400 גר',שטראוס גרופ בעמ/מצונן,,חומוס אחלה עשיר ב 40,גרמים,400.00,100 גרם,false,,14.20,0.0355,true,1,12711
7290110565527,false,יוגורט PRO פרו 1.5% 20 גרם חלבון בגביע,שטראוס גרופ בעמ/מצונן,,דנונה PRO 20 גרם חלב,גרמים,200.00,100 גרם,false,,6.50,0.0325,true,1,12721
7290110566975,false,דנונה פרו יוגורט 0% תות עשיר בחלבון 200ג',שטראוס גרופ בעמ/מצונן,,דנונה PRO 20 גרם חלב,גרמים,200.00,100 גרם,false,,6.50,0.0325,true,1,12728
7290110570576,false,פולי אספרסו עשירים וארומטיים עוצמה 10 עלית 500 גרם,שטראוס גרופ בע`מ,,פולי אספרסו עשירים ו,אלף,1.00,"ק""ג",false,,41.90,41.9000,true,1,160005
7290110576387,false,מאגדת שלישיית שוקולד אגוז חלב 300 ג' עלית,שטראוס גרופ בע`מ,,מארז שלישיית אגוז ח,גרמים,300.00,100 גרם,false,,27.90,0.0930,true,1,223017
7290110576752,false,טבלאות שוקולד ספלנדיד מריר 70% 100 ג' עלית,"שטראוס גרופ בע""מ",,שוקולד ספלנדיד מריר,גרמים,100.00,100 גרם,false,,12.90,0.1290,true,1,236283
7290110576868,false,רבעיית גמדים סלט פירוט * 100 ג' שטראוס,שטראוס גרופ בעמ/מצונן,,גמדים סלט פירות רביע,מיליליטרים,400.00,"100 מ""ל",false,,11.90,0.0298,true,1,223668
7290111091520,false,"דר' עור תחליב רחצה קלאסי -קוקוס 700 מ""ל","אמיליה קוסמטיקס בע""מ",,תחליב רחצה קלאסי קוק,מיליליטרים,700.00,"100 מ""ל",false,,19.90,0.0284,true,1,16085
7290111092985,false,מארז מגבונים לחים בייביסיטר ללא בישום רביעייה,שקד תבל בע`מ,,מגבוני בייבי פרפורמנ,אין,0.00,יחידה,false,,17.40,0.0000,true,1,186463
7290111094361,false,קוויק שקיות אשפה XL עם ידית 20 יח' במארז,שקד תבל בעמ,,קוויק שקיות אשפה XL,אין,0.00,יחידה,false,,13.90,0.0000,true,1,117642
7290111094392,false,"טרופיקל תחליב רחצה קוקוס וליים 700 מ""ל דר' עור","אמיליה קוסמטיקס בע""\מ",,תחליב רחצה קוקוס ולי,מיליליטרים,700.00,"100 מ""ל",false,,19.90,0.0284,true,1,223966
7290111095818,false,קוויק שקיות אשפה L חזקות במיוחד עם שרוך 40 יח',שקד תבל בע`מ,,שקיות אשפה L עם שרו,אין,0.00,יחידה,false,,20.90,0.0000,true,1,16091
7290111096921,false,קוויק מגבונים לניקוי כללי בתוספת חומץ ומלח לימון 50 יח',שקד תבל בע`מ,,מטליות לחות לניקוי ב,אין,0.00,יחידה,false,,8.90,0.0000,true,1,119151
7290111340178,false,מטליות לחות לניקוי כללי בניחוח מרכך כביסה 50 יח' ניקול,קימברלי קלארק ישראל שיווק בעמ,,מטליות לחות לניקוי כ,אין,0.00,יחידה,false,,13.80,0.0000,true,1,4974
7290111340185,false,מטליות לחות רצפה ניחוח מרכך כביסה ניקול 10 יחידות,קימברלי קלארק ישראל שיווק בעמ,,ניקול לחות לניקוי רצ,אין,0.00,יחידה,false,,11.50,0.0000,true,1,4975
7290111341984,false,לילי - מגבוני נייר טואלט לח פיור רביעייה,קימברלי קלארק ישראל שיווק בעמ,,לילי טואלט לח PURE מ,אין,0.00,יחידה,false,,19.90,0.0000,true,1,5002
7290111342042,false,כריות יפניות ניקול לניקוי אנטיבקטריאלי 4,קימברלי קלארק ישראל שיווק בעמ,,כריות יפניות אנטיבקט,אין,0.00,יחידה,false,,16.90,0.0000,true,1,5005
7290111344206,false,האגיס נטורל קר מגבונים לחים בבישום עדין רביעייה,קימברלי קלארק ישראל שיווק בעמ,,מגבוני האגיס נטורל ק,אין,0.00,יחידה,false,,19.90,0.0000,true,1,117311
7290111345814,false,נייר טואלט לילי נטורל קר 30 גלילים מהדורה,קימברלי קלארק ישראל שיווק בעמ,,נייר טואלט נטורל קר,יח',30.00,יח',false,,34.90,1.1633,true,1,132479
7290111350726,false,חטיף נאצוס הוטפופ בסגנון מקסיקני 322 גר,ליימן שליסל בע`מ,,הוטפופ נאצ'וס בסגנון,גרמים,322.00,100 גרם,false,,17.90,0.0556,true,1,6805
7290111354748,false,כדורגל קליית גת מתנה,ליימן שליסל,,כדורגל קליית גת מתנה,אין,0.00,יחידה,false,,0.01,0.0000,true,1,230609
7290111564666,false,כדורי בשר צמחוניים עם המון חלבון,קבוצת אוסם סחר שותפות מוגבלת,,כדורי בשר 500 גרם,גרמים,630.00,100 גרם,false,,32.90,0.0522,true,1,10576
7290111566226,false,שניצל ברוקולי טבעול 667 גרם,קבוצת אוסם סחר-שות.מוגבלת,,טבעול שניצל ברוקולי,גרמים,667.00,100 גרם,false,,35.90,0.0538,true,1,10581
7290111566240,false,שניצל דק מן הצומח בטעם צ'ילי חריף 700 גרם,קבוצת אוסם סחר שותפות מוגבלת,,שניצל דק צמחוני בטע,גרמים,564.00,100 גרם,false,,35.90,0.0637,true,1,10582
7290111566271,false,טבעול חטיפי תירס 657 גרם קפוא,קבוצת אוסם סחר שותפות מוגבלת,,חטיפי תירס טבעול 65,גרמים,657.00,100 גרם,false,,34.90,0.0531,true,1,10583
7290111566318,false,שניצל דק מן הצומח בטעם ביתי 700 גרם,קבוצת אוסם סחר שותפות מוגבלת,,שניצל דק צמחוני בט,גרמים,564.00,100 גרם,false,,35.90,0.0637,true,1,10585
7290111566585,false,"שניצל צמחוני 99 קלוריות 650 גר' ""טבעול""",קבוצת אוסם סחר שותפות מוגבלת,,שניצל מן הצומח מופח,גרמים,650.00,100 גרם,false,,35.90,0.0552,true,1,10591
7290111566660,false,טבעול קציצות עדשים כתומות 525 גרם,קבוצת אוסם סחר שותפות מוגבלת,,קציצות עדשים כתומות,גרמים,530.00,100 גרם,false,,35.90,0.0677,true,1,10592
7290111566752,false,טבעול שניצל תירס 99 קלוריות 693 גרם,קבוצת אוסם סחר שותפות מוגבלת,,שניצל תירס לייט טבעו,גרמים,693.00,100 גרם,false,,35.90,0.0518,true,1,10595
7290111566776,false,"נקניקיות קוקטייל מן הצומח 680 גרם ""טבעול""",קבוצת אוסם סחר שותפות מוגבלת,,נקנקיות קוקטייל מן,גרמים,680.00,100 גרם,false,,35.90,0.0528,true,1,10596
7290111568275,false,אטריות נודלס אורז רחבות אסם אסייתי 300גרם,קבוצת אוסם סחר שותפות מוגבלת,,נודלס אטריות אורז רח,גרמים,300.00,100 גרם,false,,10.90,0.0363,true,1,10103
7290111933462,false,"רוטב צ'ילי מתוק מאסטר שף 300 מ""ל",ש. שסטוביץ בע`מ,,רוטב צ'ילי מתוק 300,מיליליטרים,300.00,"100 מ""ל",false,,10.90,0.0363,true,1,11512
7290111933554,false,שלישייה עגבניות קוביות מאסטר שף 400 גרם,קונסוריזיו קאסאלסקו,,עגבניות קוביות מאסטר,אלף,1.20,"ק""ג",false,,17.90,14.9167,true,1,11515
7290111935961,false,מאסטר שף מחית עגבניות 690 גרם,פראנו אנריקו ופיגלי,,מחית עגבניות מאסטר ש,גרמים,690.00,100 גרם,false,,10.90,0.0158,true,1,11528
7290112000385,false,מנקה ומחטא עוצמתי למטבח ללא אקונומיקה,רקיט בנקיזר (ניר איסט) בעמ,,תרסיס ניקוי וחיטוי ל,מיליליטרים,750.00,"100 מ""ל",false,,16.90,0.0225,true,1,11109
7290112000736,false,פיניש טבליות AIO 80 יח` אריזת חיסכון,רקיט בנקיזר (ניר איסט) בעמ,,פיניש הכל ב-1 80 טבל,אין,0.00,יחידה,false,,61.90,0.0000,true,1,11114
7290112000842,false,דטול מגבונים לניקוי כללי בניחות לימון 60 יח',רקיט בנקיזר (ניר איסט) בעמ,,מגבונים לניקוי כללי,יח',60.00,יח',false,,12.90,0.2150,true,1,11118
7290112002136,false,ג'ל כביסה מרוכז קולון 101 קלאסי,רקיט בנקיזר (ניר איסט) בעמ,,קולון ג'ל 4 ליטר רגי,ליטר,4.00,ליטר,false,,38.90,9.7250,true,1,11145
7290112003966,false,"אבקה להסרת כתמים לכביסה לבנה ""וניש גולד""",רקיט בנקיזר (ניר איסט) בעמ,,וניש מסיר כתמים אבקה,מיליליטרים,470.00,"100 מ""ל",false,,17.90,0.0381,true,1,93699
7290112005052,false,וניש תוסף כביסה רב תכליתי לבגדים לבנים,רקיט בנקיזר (ניר איסט) בעמ,,וניש אבקה לכביסה לבנ,ליטרים,1500.00,100 ליטר,false,,42.90,0.0286,true,1,196165
7290112330352,false,"יוגורט PRO בטעם וניל 0% , 20 גרם חלבון בגביע",שטראוס גרופ בעמ/מצונן,,דנונה פרו 20 גר וניל,גרמים,200.00,100 גרם,false,,6.50,0.0325,true,1,12741
7290112330390,false,דנונה פרו פירות יער 20 גרם חלבון 0% שומן 200 גרם,שטראוס גרופ בעמ/מצונן,,דנונה פרו 20 גר פירו,גרמים,200.00,100 גרם,false,,6.50,0.0325,true,1,12742
7290112330420,false,דנונה פרו לבן 2.9% שומן בודד 150גר,שטראוס גרופ בעמ/מצונן,,דנונה פרו לבן 2.9% 1,גרמים,150.00,100 גרם,false,,4.90,0.0327,true,1,12743
7290112332691,false,פינוקיות עוגיות קרם פסק זמן אגוזים 200 גרם,"הגביע מוצרי וופלים בע""\מ",,פינוקיות עוגיית קרם,גרמים,200.00,100 גרם,false,,12.90,0.0645,true,1,12216
7290112332899,false,עלית - צנצנת בזוקה פופים קלאסי 58 גרם,שטראוס גרופ בע`מ,,מאסט בזוקה פופים קלא,גרמים,58.00,100 גרם,false,,11.90,0.2052,true,1,12220
7290112334749,false,קפה טורקי בצלופן עלית 200 גרם+ 10% תוספת,"שטראוס גרופ בע""מ",,עלית טורקי שקית 200,גרמים,220.00,100 גרם,false,,15.40,0.0700,true,1,12221
7290112336712,false,יוגורט PRO לבן 0% 21 גרם חלבון בגביע,שטראוס גרופ בעמ/מצונן,,דנונה פרו 21 0% שומן,גרמים,200.00,100 גרם,false,,6.50,0.0325,true,1,12763
7290112338877,false,מעדן גבינה בטעם תות 3% 125ג' סקי,שטראוס גרופ בעמ/מצונן,,גבינת סקי תות 3% 125,גרמים,125.00,100 גרם,false,,3.90,0.0312,true,1,12764
7290112341679,false,אקטיביה יוגורט 3% דנונה (200 גרם),שטראוס גרופ בעמ/מצונן,,דנונה אקטיביה 3% 200,גרמים,200.00,100 גרם,false,,4.50,0.0225,true,1,12792
7290112341686,false,שמינייה יוגורט לבן אקטיביה 3% דנונה 150 גרם.,שטראוס גרופ בעמ/מצונן,,אקטיביה מארז 3% 8*15,אלף,1.20,"ק""ג",false,,21.90,18.2500,true,1,12793
7290112342102,false,סימפוניה גבינה במרקם שמנת בצל מקורמל 5%,שטראוס גרופ בעמ/מצונן,,סימפוניה 5% בצל מקור,גרמים,200.00,100 גרם,false,,12.90,0.0645,true,1,12797
7290112343420,false,"משקה חלב עם דגנים מלאים ובננה פרו יטבתה 350מ""ל",שטראוס גרופ בעמ/מצונן,,משקה יטבתה פרו 20 אר,מיליליטרים,350.00,"100 מ""ל",false,,7.90,0.0226,true,1,12803
7290112344755,false,מילקי עם 26% פחות סוכר 135 גר}שטראוס{,שטראוס גרופ בעמ/מצונן,,מילקי עם 26% פחות סו,מיליליטרים,135.00,"100 מ""ל",false,,2.90,0.0215,true,1,36284
7290112346629,false,דנונה בר יוגורט+קורנפלקס מצופה שוקולד חלב ולבן 172 גרם,שטראוס גרופ בעמ/מצונן,,דנונה קראנצ' עם קורנ,מיליליטרים,172.00,"100 מ""ל",false,,4.90,0.0285,true,1,12814
7290112346773,false,יוגורט בטעם וניל 0% לייט אנד פרי 10 גרם חלבון בגביע,שטראוס גרופ בעמ/מצונן,,דנונה לייט אנד פריי,מיליליטרים,150.00,"100 מ""ל",false,,4.90,0.0327,true,1,42454
7290112346827,false,אקטימל ויטמין c פטל שמינייה 864 גרם,שטראוס גרופ בעמ/מצונן,,אקטימל ויטמין C פטל,מיליליטרים,800.00,"100 מ""ל",false,,22.90,0.0286,true,1,31119
7290112349606,false,מעדן גבינה ויוגורט תות בננה 88 ג' דניאלה,שטראוס גרופ בעמ/מצונן,,דניאלה תות בננה 150,מיליליטרים,150.00,"100 מ""ל",false,,4.50,0.0300,true,1,138300
7290112355027,false,דנונה פרו 20 גרם חלבון בטעם קרמל מלוח 200 גרם,שטראוס גרופ בעמ/מצונן,,דנונה פרו 20 גר' בטע,גרמים,200.00,100 גרם,false,,6.50,0.0325,true,1,36300
7290112357069,false,מחית עגבניות איטלקיות בקופסה 500 גר' טעם הטבע,"שטראוס גרופ בע""מ",,מחית עגבניות איטלקיו,גרמים,500.00,100 גרם,false,,7.90,0.0158,true,1,12362
7290112490032,false,"נמס בכוס טעם תירס קנור 31 גרם מארז זוגי בד""צ",יוניליוור ישראל שיווק בע`מ,,נמס בכוס תירס קנור 2,גרמים,45.00,100 גרם,false,,7.90,0.1756,true,1,5806
7290112490209,false,נמס בכוס מרק עגבניות עם קרוטונים רכיבים טבעיים,"יוניליוור ישראל שיווק בע""מ",,נמס בכוס מרק עגבניות,גרמים,56.00,100 גרם,false,,7.90,0.1411,true,1,5812
7290112490230,false,מרק נמס בכוס אפונה קנור 100% רכיבים טבעיים,"יוניליוור ישראל שיווק בע""מ",,נמס בכוס אפונה רכיבי,גרמים,50.00,100 גרם,false,,7.90,0.1580,true,1,5814
7290112490698,false,קונפיטורה תות שדה לייט 300 גרם-צנצנת,יוניליוור ישראל שיווק בע`מ,,קונפיטורת 778 תות לי,גרמים,260.00,100 גרם,false,,15.90,0.0612,true,1,5822
7290112490759,false,מרק עשיר עוף עם אטריות רכיבים טבעיים 74 ג' קנור,"יוניליוור ישראל שיווק בע""מ",,מרק היום עוף עם אטרי,גרמים,74.00,100 גרם,false,,12.50,0.1689,true,1,109992
7290112492531,false,"פינוק קונדישנר לשיער רגיל 700מ""ל","יוניליוור ישראל שיווק בע""מ",,פינוק מרכך לשיער רגי,מיליליטרים,700.00,"100 מ""ל",false,,11.90,0.0170,true,1,5851
7290112492722,false,"2ב-1 שמפו ומרכך פינוק אל דמע לסירוק קל לילדים 700 מ""ל",יוניליוור ישראל שיווק בע`מ,,פינוק 2 ב 1 ילדים 70,מיליליטרים,700.00,"100 מ""ל",false,,12.90,0.0184,true,1,79219
7290112492999,false,קנור מרק עוף אמיתי 400 גרם פרווה,יוניליוור ישראל שיווק בע`מ,,מרק טעם עוף קנור 400,גרמים,400.00,100 גרם,false,,17.80,0.0445,true,1,5867
7290112493088,false,נמס בכוס עדשים מרק רכיבים טבעיים קנור 54 ג',יוניליוור ישראל שיווק בע`מ,,נמס בכוס מרק עדשים ח,גרמים,54.00,100 גרם,false,,7.90,0.1463,true,1,5871
7290112494153,false,תיבוליות ניחוח צלי קנור( 72 גרם),יוניליוור ישראל שיווק בע`מ,,תיבוליות ניחוח צלי ק,גרמים,72.00,100 גרם,false,,10.90,0.1514,true,1,109963
7290112494221,false,חטיף ביסקויט שוקולד חלב קליק (65 גרם),יוניליוור ישראל שיווק בע`מ,,קליק ביסקוויט 65 גרם,גרמים,65.00,100 גרם,false,,6.90,0.1062,true,1,5886
7290112494238,false,חטיף כדורים שוקולד חלב קליק (65 גרם),יוניליוור ישראל שיווק בע`מ,,קליק כדורים חלב 65 ג,גרמים,65.00,100 גרם,false,,6.90,0.1062,true,1,5887
7290112494276,false,קליק כריות בתפזורת כשר לפסח,יוניליוור ישראל שיווק בע`מ,,קליק כריות 65 גרם,גרמים,65.00,100 גרם,false,,6.90,0.1062,true,1,5889
7290112494283,false,חטיף כדורים מעורב חום לבו 65 גר`קליק,יוניליוור ישראל שיווק בע`מ,,קליק מעורב חום לבן 6,גרמים,65.00,100 גרם,false,,6.90,0.1062,true,1,5890
7290112494313,false,קליק - קורנפלקס תפזורת 65 גרם,"יוניליוור ישראל שיווק בע""מ",,קליק קורנפלקס 65 גרם,גרמים,65.00,100 גרם,false,,6.90,0.1062,true,1,5892
7290112495105,false,נשנושים טעם שמנת בצל בייגל בייגל 260 גרם,"יוניליוור ישראל שיווק בע""מ",,נשנושים שמנת בצל 260,גרמים,260.00,100 גרם,false,,13.90,0.0535,true,1,5916
7290112495228,false,קורנפלקס דבש תלמה אלופים 448 גרם,"יוניליוור ישראל שיווק בע""מ",,קורנפלקס דבש תלמה תל,גרמים,448.00,100 גרם,false,,19.70,0.0440,true,1,5923
7290112495280,false,ברנפלקס ריבועי קינמון תלמה (400 גרם),יוניליוור ישראל שיווק בע`מ,,ריבועי ברנפלקס קינמו,גרמים,400.00,100 גרם,false,,27.00,0.0675,true,1,5926
7290112495433,false,דגני דליפקאן תוספת אגוזי פקאן ושקדים 400 גר,יוניליוור ישראל שיווק בע`מ,,"דליפקאן תלמה בד""ץ 40",גרמים,400.00,100 גרם,false,,24.90,0.0622,true,1,5928
7290112495822,false,כריות BLACK בטעם שוקולד וניל תלמה 686 גרם,"יוניליוור ישראל שיווק בע""מ",,"כריות בלאק תלמה בד""ץ",גרמים,686.00,100 גרם,false,,30.90,0.0450,true,1,5942
7290112496461,false,נמס בכוס אקסטרה מרק ירקות עם המון אטריות,"יוניליוור ישראל שיווק בע""מ",,מרק נמס בכוס אקסטרה,גרמים,35.00,100 גרם,false,,4.90,0.1400,true,1,34636
7290112497000,false,פנטסטיק תרכיז ניקוי רב תכליתי בניחוח לימון,יוניליוור ישראל שיווק בע`מ,,סיף פנטסטיק ניקוי כל,אין,0.00,יחידה,false,,13.90,0.0000,true,1,5953
7290112497123,false,סחלב תערובת להכנת מעדן בטעם סחלב 112גרם,יוניליוור ישראל שיווק בע`מ,,קנור סחלב 112 גרם,גרמים,112.00,100 גרם,false,,12.90,0.1152,true,1,33126
7290112498526,false,"פתית צ'יפס עם בטטה סגולה בטעם שמנת ובצל, 22 גרם",יוניליוור ישראל שיווק בע`מ,,פתית צ'יפס עם בטטה ס,גרמים,21.00,100 גרם,false,,5.90,0.2810,true,1,85809
7290112961266,false,בייגלה כפיות פיזור איטלקי 300 גרם אסם,קבוצת אוסם סחר שותפות מוגבלת,,בייגלה כפיות בסגנון,גרמים,300.00,100 גרם,false,,11.90,0.0397,true,1,10122
7290112961327,false,בייגלה כפיות פיזור כפרי אסם 300 גרם,קבוצת אוסם סחר-שות.מוגבלת,,אסם בייגלה כפיות פיז,גרמים,300.00,100 גרם,false,,11.90,0.0397,true,1,10123
7290112961464,false,פיטנס חטיפי פריכיות דגנים וחומוס מתובלות,קבוצת אוסם סחר שותפות מוגבלת,,חטיפי פריכיות דקות מ,גרמים,60.00,100 גרם,false,,8.90,0.1483,true,1,10125
7290112962287,false,טבעול שווארמה טבעונית 6*450 גרם,קבוצת אוסם סחר שותפות מוגבלת,,שווארמה טבעונית טבעו,גרמים,450.00,100 גרם,false,,32.90,0.0731,true,1,10613
7290112962737,false,שניצל מן הצומח עם חלבון טבעול 664 גרם,קבוצת אוסם סחר שותפות מוגבלת,,טבעול שניצל מן הצומח,גרמים,664.00,100 גרם,false,,35.90,0.0541,true,1,10615
7290112963918,false,פיטנס חטיפי קרקר דק רוזמרין 140 גרם,קבוצת אוסם סחר שותפות מוגבלת,,פיטנס חטיפי קרקר דק,גרמים,140.00,100 גרם,false,,11.90,0.0850,true,1,10141
7290112965585,false,פרפקטו פסטה קסרצה אסם 500 גרם,קבוצת אוסם סחר שותפות מוגבלת,,פסטה קסרצה פרפקטו 50,גרמים,500.00,100 גרם,false,,7.90,0.0158,true,1,10179
7290112965660,false,חטיף מולטיגריין מלח פלפל ( 25 גר`) פיטנס,קבוצת אוסם סחר שותפות מוגבלת,,פיטנס חטיף מולטיגריי,גרמים,25.00,100 גרם,false,,5.80,0.2320,true,1,36143
7290112965707,false,פיטנס - חטיף מולטיגריין צילי מעודן 25 גרם,קבוצת אוסם סחר שותפות מוגבלת,,פיטנס חטיף מולטיגריי,גרמים,25.00,100 גרם,false,,5.80,0.2320,true,1,36145
7290112965868,false,קרם קרקר במליחות מעודנת 250 גרם אסם,קבוצת אוסם סחר שותפות מוגבלת,,אסם קרם קרקר במליחות,גרמים,250.00,100 גרם,false,,11.90,0.0476,true,1,10184
7290112965943,false,נאגטס ירקות ירוקים ( 500 גר`) טבעול,קבוצת אוסם סחר שותפות מוגבלת,,טבעול נאגטס ירקות יר,גרמים,500.00,100 גרם,false,,35.90,0.0718,true,1,34886
7290112967138,false,בייגלה שמיניות ללא גלוטן 250 גרם אסם,קבוצת אוסם סחר שותפות מוגבלת,,אסם בייגלה שמיניות ל,גרמים,250.00,100 גרם,false,,14.90,0.0596,true,1,10206
7290112968203,false,צבר סלט טחינה בלאדי 6*250גרם,קבוצת אוסם סחר שותפות מוגבלת,,סלט טחינה בלאדי צבר,גרמים,250.00,100 גרם,false,,12.90,0.0516,true,1,10629
7290112968807,false,80018416694פיטנס חטיפי קרקר דק סלק 150גר,קבוצת אוסם סחר שותפות מוגבלת,,פיטנס קרקר דק סלק 14,גרמים,140.00,100 גרם,false,,11.90,0.0850,true,1,43042
7290112968821,false,חטיפי קרקר דק בטטה 140 גר` פיטנס,קבוצת אוסם סחר שותפות מוגבלת,,פיטנס קרקר דק בטטה 1,גרמים,140.00,100 גרם,false,,11.90,0.0850,true,1,43055
7290113192331,false,בית השיטה זיתים ירוקים גדולים 340 גרם*,קבוצת אוסם סחר שותפות מוגבלת,,זיתים ירוק גדול בית,גרמים,340.00,100 גרם,false,,11.50,0.0338,true,1,10239
7290113192355,false,חרוזית זיתים ירוקים ללא גלעין 275 ג' בית השיטה,קבוצת אוסם סחר שותפות מוגבלת,,זיתים חרוזית ירוק בי,גרמים,275.00,100 גרם,false,,10.90,0.0396,true,1,10241
7290113192379,false,בית השיטה זיתים ירוקים מבוקעים א2 340גר',קבוצת אוסם סחר-שות.מוגבלת,,זיתים ירוקים מבוקעים,גרמים,340.00,100 גרם,false,,11.90,0.0350,true,1,10243
7290113192393,false,בית השיטה קוקטייל זיתים א2 336 גרם,קבוצת אוסם סחר שותפות מוגבלת,,קוקטייל זיתים בית הש,גרמים,336.00,100 גרם,false,,12.90,0.0384,true,1,10245
7290113192478,false,בית השיטה מלפפונים במלח בינוני 10-12 320 גרם,קבוצת אוסם סחר שותפות מוגבלת,,מלפפון במלח 10-12 בי,גרמים,320.00,100 גרם,false,,8.90,0.0278,true,1,10253
7290113192485,false,בית השיטה מלפפונים בחומץ בינוני 10-12 290 גרם,קבוצת אוסם סחר שותפות מוגבלת,,מלפפון בחומץ 12-10 ב,גרמים,290.00,100 גרם,false,,8.90,0.0307,true,1,10254
7290113192492,false,בית השיטה מלפפונים בחומץ קטנים 1317 290 גרם,קבוצת אוסם סחר שותפות מוגבלת,,מלפפון בחומץ 13-17 ב,גרמים,290.00,100 גרם,false,,11.90,0.0410,true,1,10255
7290113192515,false,בית השיטה מלפפונים במלח קטן מאוד 1825 320 גרם,קבוצת אוסם סחר שותפות מוגבלת,,מלפפון במלח 18-25 בי,גרמים,320.00,100 גרם,false,,13.90,0.0434,true,1,10257
7290113192577,false,בית השיטה כרוב כבוש א2 12*430גרם חדש,קבוצת אוסם סחר שותפות מוגבלת,,כרוב כבוש בית השיטה,אין,430.00,יחידה,false,,8.90,0.0207,true,1,10263
7290113192881,false,"טורטיה חיטה מופחת קלוריות, קוטר 20 ס""מ - 6 יח'",דין שיווק וקליה 2021 בעמ,,טורטיה חיטה מופחתת ק,גרמים,270.00,100 גרם,false,,10.00,0.0370,true,1,101374
7290113193888,false,בית השיטה חצילים מוחמצים 320 גרם,קבוצת אוסם סחר שותפות מוגבלת,,בית השיטה חצילים מוח,גרמים,320.00,100 גרם,false,,10.90,0.0341,true,1,82137
7290113560055,false,פרודונטקס מי פה טיפול יומי לחניכיים 500,"מאסטרפוד אוסטריה בע""מ",,פרודונטקס מי פה 500,מיליליטרים,500.00,"100 מ""ל",false,,32.90,0.0658,true,1,2321
7290114310239,false,חלב נטול לקטוז מועשר בוויטמין D י 2% 1.5 ל' טרה,החברה המרכזית טלהפצת משקאות בע,,חלב נטול לקטוז 1.5,ליטר,1.50,ליטר,false,,11.90,7.9333,true,1,3788
7290114310574,false,גבינת קרם שמנת עיזים 5% 200 גרם צוריאל,*החברה המרכזית להפצת משקאותבעמ,,גבינת קרם שמנת עיזים,גרמים,200.00,100 גרם,false,,14.90,0.0745,true,1,63407
7290114310901,false,גבינה לבנה 5% טרה 250 גרם ווסטהים,*החברה המרכזית להפצת משקאותבעמ,,גבינה לבנה טרה 5% וו,גרמים,250.00,100 גרם,false,,4.98,0.0199,true,1,92817
7290114311328,false,חלב מועשר דל לקטוז מעושר בויטמין Dי 2% שומן טרה 1 ליטר,*החברה המרכזית להפצת משקאותבעמ,,חלב נטול לקטוז טרה 1,ליטר,1.00,ליטר,false,,7.90,7.9000,true,1,207400
7290114600927,false,מאסטר שף עלי טורטייה חיטה מלאה 320 גרם,אלקאטי קורביישיסי גי,,עלי טורטיה חיטה מלאה,גרמים,320.00,100 גרם,false,,10.90,0.0341,true,1,102334
7290114600941,false,מאסטר שף מיונז הולנדי לחיץ 435 גרם,ש. שסטוביץ בע`מ,,מאסטר שף מאסטר שף מ,גרמים,435.00,100 גרם,false,,15.90,0.0366,true,1,11572
7290114603539,false,קרוטונים למרק שום בצל מאסטר שף 350 גרם,"עינת תעשיות מזון, אגשח ב",,מאסטר שף קרוטונים למ,גרמים,350.00,100 גרם,false,,19.90,0.0569,true,1,105976
7290114604222,false,קולגייט אופטיק וייט אקסטרא זוג 75 מל,CP-Poland swidnica,,משחת שיניים אופטיק ו,מיליליטרים,150.00,"100 מ""ל",false,,45.90,0.3060,true,1,97439
7290114604857,false,"דפי אורז מאסטר שף קוטר 22 ס""מ 400 גרם",ש. שסטוביץ בע`מ,,דפי אורז קוטר 22 כשל,גרמים,400.00,100 גרם,false,,10.90,0.0273,true,1,49748
7290114604871,false,קוסקוס סולת בינוני מאסטר שף 350 גרם,ש. שסטוביץ בע`מ,,קוסקוס בינוני מאסטר,גרמים,350.00,100 גרם,false,,6.90,0.0197,true,1,102407
7290115190090,false,סיגריות מרלבורו קצר בוקס בודד,פיליפ מוריס בעמ,,סיגריות מרלבורו חפי,אין,0.00,יחידה,false,,36.50,0.0000,false,1,15787
7290115190151,false,סיגריות מרלבורו טאצ גולד,פיליפ מוריס בעמ,,מרלבורו גולד טאצ בוד,אין,0.00,יחידה,false,,32.50,0.0000,false,1,15793
7290115200003,false,אסם פתי בר פינוקי וניל 16*220 ג',קבוצת אוסם סחר שותפות מוגבלת,,פתי בר פינוקי וניל 2,גרמים,220.00,100 גרם,false,,11.90,0.0541,true,1,36013
7290115200027,false,אסם פתי בר פינוקים שוקו 220 גרם,קבוצת אוסם סחר שותפות מוגבלת,,פתי בר פינוקי שוקו 2,גרמים,220.00,100 גרם,false,,11.90,0.0541,true,1,36014
7290115200713,false,במבה קלאסי מארז אחיד 5*50 גר` אסם,קבוצת אוסם סחר שותפות מוגבלת,,מארז במבה קלאסי אסם,גרמים,250.00,100 גרם,false,,12.90,0.0516,true,1,37991
7290115200782,true,חמישיית פיתות 10*500,,,חמישיית פיתות 10*500,גרמים,500.00,100 גרם,false,,7.90,0.0158,true,1,35609
7290115201741,false,ביסלי חטיף בטעם בצל אסם (70 גרם),קבוצת אוסם סחר שותפות מוגבלת,,ביסלי בצל 70 גרם,גרמים,70.00,100 גרם,false,,4.40,0.0629,true,1,37416
7290115202939,false,מנה חמה רייס נודלס עוף פטריות אסם 50 גרם,קבוצת אוסם סחר שותפות מוגבלת,,מנה חמה רייס נודלס ע,גרמים,50.00,100 גרם,false,,8.90,0.1780,true,1,122942
7290115203172,false,במבה PRO מכיל 18 גרם חלבון בשקית,קבוצת אוסם סחר שותפות מוגבלת,,במבה אסם 80 גרם PRO,גרמים,80.00,100 גרם,false,,4.90,0.0613,true,1,195625
7290115203486,false,פירורית בטעם ביסלי גריל אסם 200 גרם,קבוצת אוסם סחר שותפות מוגבלת,,אסם פירורית בטעם ביס,גרמים,200.00,100 גרם,false,,7.90,0.0395,true,1,70302
7290115203905,true,מיני פיתה כוסמין עשי,,,מיני פיתה כוסמין עשי,גרמים,550.00,100 גרם,false,,18.90,0.0344,true,1,69374
7290115204056,false,"קטשופ מופחת סוכר אסם 690 גרם כשל""פ",קבוצת אוסם סחר שותפות מוגבלת,,אסם קטשופ מופחת סוכר,גרמים,690.00,100 גרם,false,,11.90,0.0172,true,1,71425
7290115205176,false,729001032825פיטנס חטיפי קרקר כפרי 140גר.,קבוצת אוסם סחר שותפות מוגבלת,,פיטנס קרקר THIN כפרי,גרמים,140.00,100 גרם,false,,11.90,0.0850,true,1,121458
7290115205312,false,קרקר פיטנס דק עם זיתי קלמטה ועשבי תיבול,קבוצת אוסם סחר שותפות מוגבלת,,פיטנס קרקר Thin Deli,גרמים,140.00,100 גרם,false,,11.90,0.0850,true,1,186762
7290115205527,false,חטיף מולטיגריין עם עדשים ( 25 גר`) פיטנס,קבוצת אוסם סחר שותפות מוגבלת,,פיטנס חטיף מולטגריין,גרמים,25.00,100 גרם,false,,5.80,0.2320,true,1,188538
7290115206333,false,אסם עוגיות מיני שוקוצ'יפס 225גרם חדש,קבוצת אוסם סחר-שות.מוגבלת,,עוגיות מיני שוקוציפס,גרמים,225.00,100 גרם,false,,11.90,0.0529,true,1,153937
7290115207484,false,צבר סלט חציל על האש היתר 360 גרם,קבוצת אוסם סחר שותפות מוגבלת,,חציל על האש היתר צבר,גרמים,400.00,100 גרם,false,,17.90,0.0447,true,1,143401
7290115208047,false,סירופ פטל ויטמינצ`יק (1 ליטר),קבוצת אוסם סחר שותפות מוגבלת,,ויטמינצ'יק פטל 1 ליט,ליטר,1.00,ליטר,false,,23.50,23.5000,true,1,148237
7290115405804,false,פחזניות ממולאות בטעם תות קפולסקי 180 גרם,קפולסקי אדל בעמ,,פחזניות בטעם תות תופ,גרמים,180.00,100 גרם,false,,16.90,0.0939,true,1,184460
7290115675559,false,מארז קפה טורקי לדרך 10 יחידות,שטראוס קפה בי.וי.,,מארז קפה טורקי לדרך,גרמים,70.00,100 גרם,false,,8.90,0.1271,true,1,43293
7290115678598,false,חסה אייסברג חיתוך גס 300 שטראוס טעם הטבע,שטראוס בריאות ירקות טריי,,חסה אייסברג חיתוך גס,גרמים,300.00,100 גרם,false,,10.90,0.0363,true,1,114831
7290116530482,false,תלמה מארז קורנפלקס אלופים 30 גרם*5 יחידו,יוניליוור ישראל שיווק בע`מ,,מארז קורנפלקס של אלו,גרמים,150.00,100 גרם,false,,13.90,0.0927,true,1,113201
7290116930282,false,ארוחה בקטנה לאבנה עם קרקרים 150ג' תנובה,"תנובה בע""מ ***",,לאבנה 9% שומן עם קרק,גרמים,150.00,100 גרם,false,,8.50,0.0567,true,1,196554
7290116930466,false,"משקה SHAKE בננה מנגן פסיפלורה והל 230 מ""ל יופלה",קבוצת המזון אקטשלאר,,יופלה SHAKE מנגו בנ,מיליליטרים,230.00,"100 מ""ל",false,,8.50,0.0370,true,1,196586
7290116930657,false,"משקה חלב גו בטעם בננה תמר בתוספת שיבולת שועל במרקם חלק 340 מ""ל",תנובה מרכז שיתופי לש,,משקה GO בננה תמר עם,מיליליטרים,340.00,"100 מ""ל",false,,7.90,0.0232,true,1,237956
7290116931074,false,פרוסות טל העמק 32% שומן 300 גרם,"תנובה בע""מ ***",,גבינת טל העמק 32% שו,גרמים,300.00,100 גרם,false,,28.90,0.0963,true,1,206790
7290117260173,false,"קמח חיטה רב תכליתי 1 ק""ג",ג. וילי-פוד אינטרנשיונל בע`מ,,קמח חיטה רב תכליתי 1,אלף,1.00,"ק""ג",false,,9.90,9.9000,true,1,156644
7290117260562,false,חמאה כפרית מסורתית בגביע,ג.וילי-פוד אינטרנשיונל **גבינו,,חמאה בגביע יורו 225,גרמים,225.00,100 גרם,false,,18.90,0.0840,true,1,238288
7290117260920,false,קרקרים ללא גלוטן 125 גרם ויליפוד,ג.וילי פוד אינטרנשיונל בעמ,,קרקרים ללא גלוטן ויל,גרמים,125.00,100 גרם,false,,11.90,0.0952,true,1,160360
7290117261651,false,מגורדת בטעם מוצרלה טבעוני 200 גרם,ג.וילי פוד אינטרנשיונל בעמ,,צהובה טבעונית מגורדת,גרמים,200.00,100 גרם,false,,16.90,0.0845,true,1,221959
7290117262221,false,"משקה יוגורט פרוביוטי עם אננס 200מ""ל 2.3%שומן יורו",ג.וילי-פוד אינטרנשיונל **גבינו,,משקה יוגורט עם אננס,מיליליטרים,200.00,"100 מ""ל",false,,5.90,0.0295,true,1,205128
7290117262245,false,"משקה יוגורט פרוביוטי עם אפרסק ומשמש 200מ""ל 2.3%שומן יורו",ג.וילי-פוד אינטרנשיונל **גבינו,,משקה יוגורט עם אפרסק,מיליליטרים,200.00,"100 מ""ל",false,,5.90,0.0295,true,1,205113
7296082000035,false,"ביצים ""פלוס"" 6 יחידות",המכון למיון ושיווק ב,,6 ביצים L אומגה ביצה,אין,0.00,יחידה,false,,15.90,0.0000,true,1,24066
7394376615825,false,אוטלי משקה שיבולת שועל מועשר בסידן וויטמינים 1 ליטר,ש. שסטוביץ בע`מ,,משקה שיבולת שועל מוע,ליטר,1.00,ליטר,false,,15.90,15.9000,true,1,116
7501049936945,false,"בירה סול שישייה בקבוק 330 מ""ל",פארייפאבה אגרואינדוס,,מארז שישייה בירה סול,ליטר,1.98,ליטר,false,,40.90,20.6566,true,1,5305
7501064191398,false,שישיית בירה קורונה אקסטרא *355 מל,קריניציה ויטמינה אס,,קורונה מארז שישיה 6*,ליטר,2.13,ליטר,false,,39.90,18.7324,true,1,16100
7610100034084,false,מיונז טומי בשפורפרת 265 גרם,ליימן שליסל בע`מ,,מיונז טומי 265 גרם,גרמים,265.00,100 גרם,false,,15.90,0.0600,true,1,6820
7610400014649,false,לינדור קוביות במילוי קרם שוקולד חלב 100 גרם,לינדט ושפרונגלי קילשברג,,לינדט לינדור שוק.חלב,גרמים,100.00,100 גרם,false,,18.00,0.1800,true,1,7474
7610400074155,false,לינדט לינדור קוביות במילוי קרם שוקולד 60% מוצקי קקאו 100 גרם,לינדט ושפרונגלי קילשברג,,לינדט לינדור 60% 100,גרמים,100.00,100 גרם,false,,18.00,0.1800,true,1,7479
7613030979647,false,דגני בוקר טריקס פירות עולם היורה 480 ג',קבוצת אוסם סחר שותפות מוגבלת,,דגני בוקר טריקס 480,גרמים,480.00,100 גרם,false,,27.90,0.0581,true,1,10270
7613032045753,false,פיטנס דגנים מחיטה מלאה שוקולד 375גרם,קבוצת אוסם סחר שותפות מוגבלת,,דגני פיטנס שוקולד נס,גרמים,375.00,100 גרם,false,,22.90,0.0611,true,1,10273
7613035622623,false,פיטנס גרנולה שקדים ודבש נסטלה (300 גרם),קבוצת אוסם סחר-שות.מוגבלת,,פיטנס גרנולה שקדים ו,גרמים,300.00,100 גרם,false,,15.90,0.0530,true,1,10297
7613035635845,false,פיטנס גרנולה שוקולד 300 גר`אסם,קבוצת אוסם סחר-שות.מוגבלת,,פיטנס גרנולה שוקולד,גרמים,300.00,100 גרם,false,,15.90,0.0530,true,1,10298
7613035809109,false,פרפקטו רוטב עגבניות ובזיליקום אסם 400 גרם,קבוצת אוסם סחר שותפות מוגבלת,,פרפקטו רוטב עגבניות,גרמים,400.00,100 גרם,false,,10.90,0.0273,true,1,10301
7613036314114,false,נסקפה גולד Gold קפה נמס מיובש בתוספת קפה קלוי,קבוצת אוסם סחר-שות.מוגבלת,,נסקפה גולד 200 גרם,גרמים,200.00,100 גרם,false,,50.90,0.2545,true,1,10319
7613036520492,false,פרפקטו רוטב עגבניות לפיצה אסם 400 גרם,קבוצת אוסם סחר-שות.מוגבלת,,פרפקטו רוטב עגבניות,גרמים,400.00,100 גרם,false,,10.90,0.0273,true,1,10321
7613036976695,false,פריסקיז - פאוץ בקר ברוטב 85 גרם,קבוצת אוסם סחר-שות.מוגבלת,,פריסקיז פאוצ' בקר 85,גרמים,85.00,100 גרם,false,,5.90,0.0694,true,1,10342
7613036976718,false,פריסקיז פאוצ' ברווז ברוטב 26*85גרם,קבוצת אוסם סחר-שות.מוגבלת,,פריסקיז פאוצ' ברווז,גרמים,85.00,100 גרם,false,,5.90,0.0694,true,1,10343
7613037686906,false,פיטנס - דגני בוקר שקדים ודבש 355 גרם,קבוצת אוסם סחר שותפות מוגבלת,,פיטנס שקדים ודבש נסט,גרמים,355.00,100 גרם,false,,22.90,0.0645,true,1,10352
7613039771174,false,טבעול סנסשיונל מינס טחון צמחוני 400 גרם,קבוצת אוסם סחר-שות.מוגבלת,,טחון צמחוני טבעוני,גרמים,400.00,100 גרם,false,,35.90,0.0897,true,1,10645
7622010001858,false,עוגיות אוראו ממולאות קרם וניל 176 גרם.,דיפלומט מפיצים (1968) בעמ**,,עוגיות אוראו סנדביץ,גרמים,176.00,100 גרם,false,,10.50,0.0597,true,1,2836
7622201137052,false,אוראו מיני קוקיס - עוגיות שוקולד צ'יפס ותחתית מצופה שוקולד חלב,דיפלומט מפיצים (1968) בעמ**,,מיני קוקיז מילקה 110,גרמים,110.00,100 גרם,false,,9.90,0.0900,true,1,121633
7622201139278,false,גבינת פילדלפיה שמנת 150 גר`% (27 שומן),מיודלז אספניה פרודוק,,פילדלפיה גבינת שמנת,גרמים,150.00,100 גרם,false,,13.90,0.0927,true,1,8959
7622201798154,false,גבינת שמנת לייט מופחתת שומן 13% שומן,מיודלז אספניה פרודוק,,פילדלפיה גבינת שמנת,גרמים,150.00,100 גרם,false,,13.90,0.0927,true,1,113791
7622201802394,false,שוקולד מילקה חלב מסרונים 100 גרם,מנדלז דויצ'\לנד סנקס פרו,,מילקה שוקולד חלב 100,גרמים,100.00,100 גרם,false,,7.90,0.0790,true,1,92062
7622201809188,false,מילקה ביסקויט מצופה שוקולד 150 גר`,מונדלז פרנס ביסקוויט פרו,,מילקה ביסקויט 150 גר,גרמים,150.00,100 גרם,false,,10.00,0.0667,true,1,86909
7622201813390,false,וופל במילוי קרם קקאו בציפוי שוקולד חלב,דיפלומט מפיצים (1968) בעמ**,,מילקה וואפל במילוי ק,גרמים,150.00,100 גרם,false,,10.00,0.0667,true,1,80921
7622210137234,false,אוראו עוגיות עם דאבל קרם בטעם וניל 170ג,דיפלומט מפיצים (1968) בעמ**,,עוגיות סנדביץ אוראו,גרמים,170.00,100 גרם,false,,10.50,0.0618,true,1,2839
7622300617820,false,מילקה שוקולד חלב במילוי קרם חלב ווניל ושבבי עוגיות אוראו 100 גרם,מנדלז דויצ'\לנד סנקס פרו,,מילקה שוקולד אוראו 1,גרמים,100.00,100 גרם,false,,7.90,0.0790,true,1,2868
7630477891653,false,סטארבקס קפסולות קפה אספרסו נטול 10 יחידו,קבוצת אוסם סחר שותפות מוגבלת,,סטארבקס קפסולות אספר,גרמים,57.00,100 גרם,false,,22.90,0.4018,true,1,10367
7790040423022,false,עוגיית אלפחורס בונבון במיולי קרם בוטנים 19.5 גר',לירון קרביץ יבוא שיווק וסחר,,בון בון סנדוויץ אלפח,גרמים,19.50,100 גרם,false,,2.50,0.1282,true,1,182280
7792860006218,false,סוכריות לקקן בייבי דול לריטייר (24 גרם),גוד פוד פרודקטס S.p,,בייבי דול לקקן 20גר,גרמים,24.00,100 גרם,false,,2.90,0.1208,true,1,7485
7798141877836,false,"גאטו נגרו פינו סוביניון בלאן 750מ""ל",היכל היין שקד גולן בעמ,,גאטו נגרו סוביניון ב,מיליליטרים,750.00,"100 מ""ל",false,,42.90,0.0572,true,1,145966
7898051687775,false,סוכר קנים אורגני 1 ק,,,סוכר קנים אורגני 1 ק,אלף,1.00,"ק""ג",false,,9.90,9.9000,true,1,31502
8000215204240,false,משקה אורז ושקדים ביו אורגני ויטאריז 1 לי,בטר אנד דיפרנט,,משקה שקדים ואורז אור,ליטר,1.00,ליטר,false,,13.90,13.9000,true,1,31647
8000380004676,false,קוביות וופל סנדוויץ Sandwich עם וניל וחלב,"א. לואקר, קונפקט ג'י",,לואקר וופל קרם וניל,גרמים,200.00,100 גרם,false,,13.90,0.0695,true,1,6825
8000380004911,false,קוביות וופל קואדרטיני Quadratini קרם אגוזים,קריניציה ויטמינה אס,,וופל קואדרטיני אגוז,גרמים,250.00,100 גרם,false,,13.90,0.0556,true,1,6826
8000380004966,false,וופל קוארדטיני לואקר קוביות שוקולד 250ג',קריניציה ויטמינה אס,,וופל קואדרטיני קקאו,גרמים,250.00,100 גרם,false,,13.90,0.0556,true,1,6827
8000380007219,false,וופל לואקר ממולא קרם אגוזים 175 גרם,ליימן שליסל בע`מ,,וופל לואקר אגוז 175,גרמים,175.00,100 גרם,false,,12.90,0.0737,true,1,6831
8000380007264,false,וופל לואקר ממולא קרם קקאו 175 גרם,קריניציה ויטמינה אס,,וופל לואקר קקאו 175,גרמים,175.00,100 גרם,false,,12.90,0.0737,true,1,6833
8000500023624,false,חטיפי הפי היפו Happy Hippo במילוי קרם חלב וקקאו,פרימיום-חברה לדברי מתיקה ולמסח,,הפי היפו 5*20ג,גרמים,102.00,100 גרם,false,,14.90,0.1461,true,1,23019
8000500026731,false,ביצי שוקולד קינדר מארז 3 יח סופרייז,פרימיום-חברה לדברי מתיקה ולמסח,,קינדר ביצי שוקולד 3*,גרמים,60.00,100 גרם,false,,16.50,0.2750,true,1,23021
8000500029350,false,מארז וופל מצופה 3יח' *43 גרם קינדר בואנו,פרימיום-חברה לדברי מתיקה ולמסח,,קינדר בואנו 3*43 גרם,גרמים,129.00,100 גרם,false,,11.90,0.0922,true,1,23022
8000500071083,false,אצבעות שוקולד קינדר Kinder שש עשרה יחידות,פרימיום-חברה לדברי מתיקה ולמסח,,קינדר אצבעות שוקולד,גרמים,200.00,100 גרם,false,,14.90,0.0745,true,1,23027
8000500121436,false,מארז קינדר בואנו Kinder Bueno לבן שלוש יחידות,פרימיום חברה לדברי מתיקה ולמסח,,קינדר בואנו לבן 3*43,גרמים,117.00,100 גרם,false,,11.90,0.1017,true,1,23031
8000500249352,false,קינדר בואנו מיני מיקס שקית 205 ג',פרימיום-חברה לדברי מתיקה ולמסח,,קינדר בואנו מיני מיק,אין,0.00,יחידה,false,,19.90,0.0000,true,1,23042
8000500256213,false,קינדר שוקולד חלב במילוי קרם חלבי,פרימיום-חברה לדברי מתיקה ולמסח,,פרר-קינדר שוקולד מינ,גרמים,120.00,100 גרם,false,,11.20,0.0933,true,1,23043
8000500269169,false,קינדר קארדס Kinder Cards - חמישייה,פרימיום-חברה לדברי מתיקה ולמסח,,קינדר קארדס 128 גרם,גרמים,128.00,100 גרם,false,,13.90,0.1086,true,1,37713
8001090290939,false,"אוראל בי משחת שיניים- להלבנה לובן בוהק 75 מ""ל",דיפלומט מפיצים (1968) בעמ,,אורל בי – משחת 3D Wh,מיליליטרים,75.00,"100 מ""ל",false,,24.90,0.3320,true,1,90341
8001090540577,false,"מי פה אורל בי להלבנה 500 מ""ל",דיפלומט מפיצים (1968) בעמ,,אורל בי 3D WHITE מי,מיליליטרים,500.00,"100 מ""ל",false,,25.90,0.0518,true,1,90355
8001090802385,false,קפסולות גל לכביסה טייד בניחוח לנור 26 יח,דיפלומט מפיצים (1986) בע`מ,,טייד קפסולות ג'ל בני,אין,0.00,יחידה,false,,32.90,0.0000,true,1,14689
8001090832573,false,שמפו שמן לחות מוגברת 660 מל פנטן,דיפלומט מפיצים (1986) בע`מ,,שמפו לחות מוגברת פנט,מיליליטרים,660.00,"100 מ""ל",false,,21.90,0.0332,true,1,14700
8001090832856,false,"פנטן 660 מ""ל קונדישינר מרוקאי משקם",דיפלומט מפיצים (1986) בע`מ,,מרכך שמן מרוקאי משקם,מיליליטרים,660.00,"100 מ""ל",false,,21.90,0.0332,true,1,14702
8001090832894,false,מרכך לשיער חלש ופגום לחות מוגברת,דיפלומט מפיצים (1986) בע`מ,,מרכך לחות מוגברת פנט,מיליליטרים,660.00,"100 מ""ל",false,,21.90,0.0332,true,1,14703
8001090833198,false,אריאל נוזל כביסה 2.47 ליטר ניחוח מרענן,דיפלומט מפיצים (1986) בע`מ,,אריאל ג'ל כביסה ניחו,ליטר,2.37,ליטר,false,,36.90,15.5696,true,1,14706
8001505000573,false,מעדן דומדמניות שחורות 250 ג FIORDIFRUTTA,פיור די פרוטה,,מעדן דומדמניות שחורו,גרמים,250.00,100 גרם,false,,18.90,0.0756,true,1,31681
8001620011935,false,"סן בנדטו- מים מינרלים מוגז - מארז שישיית 500 מ""ל",אקווה מינרלה סאן בנד,,סאן בנדטו מוגז 6*500,ליטר,3.00,ליטר,false,,12.90,4.3000,true,1,5307
8001841096889,false,"נוזל לניקוי כלים לימון קלאסי 900 מ""ל",דיפלומט מפיצים (1968) בעמ,,פיירי קלאסיק לימון 9,מיליליטרים,900.00,"100 מ""ל",false,,8.90,0.0099,true,1,14739
8001841625188,false,סבון כלים פלטינום לימון X3 פעולות להסרת שומנים,דיפלומט מפיצים (1986) בע`מ,,פיירי נוזל כלים פלטי,מיליליטרים,515.00,"100 מ""ל",false,,10.90,0.0212,true,1,14753
8001841625287,false,סבון כלים פלטינום לימון X3 פעולות להסרת שומנים,דיפלומט מפיצים (1968) בעמ,,פיירי נוזל כלים פלטי,ליטר,1.01,ליטר,false,,18.90,18.7129,true,1,14754
8001841625362,false,"נוזל כלים בניחוח לימון פלטינום 780 מ""ל פיירי",דיפלומט מפיצים (1968) בעמ,,פיירי נוזל כלים פלטי,מיליליטרים,780.00,"100 מ""ל",false,,14.90,0.0191,true,1,179466
8001841625508,false,"נוזל כלים פיירי פלטינום אורגינל 1.015 ליטר בד""צ",דיפלומט מפיצים (1968) בעמ,,פיירי נוזל כלים פלטי,ליטר,1.01,ליטר,false,,18.90,18.7129,true,1,14756
8001841663654,false,"פיירי נוזל כלים אקסטרה 650 מ""ל - צהוב",פרוקטר אנד גמבל,,פיירי נוזל כלים 650,מיליליטרים,650.00,"100 מ""ל",false,,10.90,0.0168,true,1,210811
8002270866524,false,סן פלגרינו מים מינרליים טבעיים מוגזים,פארייפאבה אגרואינדוס,,סאן פלנגרינו מים מינ,ליטר,1.00,ליטר,false,,8.90,8.9000,true,1,5315
8004030022010,false,ירקות גינה עם טונה ריו מרה אינסלטיסימי 160 ג',"בולטון אלימנטרי בע""\מ",,טונה וירקות גינה ריו,גרמים,160.00,100 גרם,false,,18.90,0.1181,true,1,11589
8004030344938,false,"ריו מרה טונה בשמן זית 3X80 גרם מתכון חדש כשל""פ","בולטון אלימנטרי בע""\מ",,טונה בשמן זית ריו מר,גרמים,240.00,100 גרם,false,,32.90,0.1371,true,1,11598
8004030381681,false,ריו מרה נתחי טונה בהירה בשמן זית זוג 160 גר,ש. שסטוביץ בע`מ,,טונה בשמן זית ריו מר,גרמים,320.00,100 גרם,false,,34.90,0.1091,true,1,11599
8005110060007,false,עגבניות מקולפות 400 גרם MUTTI,רסטרטו יבוא ושיווק בעמ,,עגבניות MUTTI מקולפו,גרמים,400.00,100 גרם,false,,7.50,0.0188,true,1,29375
8005110170300,false,עגבניות מרוסקות חתוכות מוטי MUTTI שלישיה *400,רסטרטו יבוא ושיווק בעמ*אין החז,,עגבניות MUTTI מרוסקו,אלף,1.20,"ק""ג",false,,18.90,15.7500,true,1,29377
8005200316588,false,תה קר נסטי אפרסק דיאט 1.5 ליטר פיקדון,פארייפאבה אגרואינדוס,,נסטי דיאט אפרסק 1.5,ליטר,1.50,ליטר,false,,11.50,7.6667,true,1,121004
8006540429327,false,פיירי מקס פאוור לימון עם מנגנון למניעת נזילות,דיפלומט מפיצים (1968) בעמ,,"פיירי לימון 440 מ""ל",מיליליטרים,440.00,"100 מ""ל",false,,11.90,0.0270,true,1,138661
8006540491539,false,"נוזל כלים פיירי פלטינום אוריגינל 780 מ""ל",דיפלומט מפיצים (1986) בע`מ,,פיירי נוזל כלים פלטי,מיליליטרים,780.00,"100 מ""ל",false,,14.90,0.0191,true,1,179422
8006540628737,false,שמפו הד שולדרס קלאסי,,,שמפו הד שולדרס קלאסי,מיליליטרים,350.00,"100 מ""ל",false,,16.90,0.0483,true,1,217713
8008912010072,false,ליגורי- לינגוויני מספר 7 500גר,תה ויסוצקי (ישראל)בעמ,,פסטה לינגוויני מספר,גרמים,500.00,100 גרם,false,,8.90,0.0178,true,1,188386
8008912010270,false,"ליגורי פסטה קסרצ'ה מספר 27, 500 גר'",תה ויסוצקי (ישראל)בעמ,,פסטה קסרצ'ה מספר 27,גרמים,500.00,100 גרם,false,,8.90,0.0178,true,1,188387
8008912010300,false,LIGUORI פסטה פרפלה 500 גרם מספר 30,תה ויסוצקי (ישראל)בעמ,,פסטה פרפלה מספר 30 -,גרמים,500.00,100 גרם,false,,8.90,0.0178,true,1,188388
8008912010317,false,פסטה פוזילי מס (31 500 גר`)ליגורי,תה ויסוצקי (ישראל) בעמ,,פסטה פוזלי מספר 31 -,גרמים,500.00,100 גרם,false,,8.90,0.0178,true,1,188389
8023788030627,false,שוקולד מריר מעולה 3,,,שוקולד מריר מעולה 3,גרמים,300.00,100 גרם,false,,18.90,0.0630,true,1,204719
8023788030658,false,עוגיות מלוחות בטעם ט,,,עוגיות מלוחות בטעם ט,גרמים,400.00,100 גרם,false,,14.90,0.0373,true,1,232308
8024985002943,false,מחית סמוצ`י תפוח אננס קוקוס אורגנית נטור,נטורפוד בעמ,,נטורה נובה - סמוזי ת,גרמים,100.00,100 גרם,false,,5.50,0.0550,true,1,31855
8024985003988,false,מחית פירות סמוצ`י תפוחים ובננה אורגנית ל,נטורפוד בעמ,,נטורה נובה - סמוזי ת,גרמים,100.00,100 גרם,false,,5.50,0.0550,true,1,31856
8024985005234,false,מחית פירות סמוצ`י תפוח עץ ומנגו אורגנית,נטורפוד בעמ,,נטורה נובה - סמוזי ת,גרמים,100.00,100 גרם,false,,5.50,0.0550,true,1,31877
8024985008044,false,מחית פירות סמוצ`י אגס אורגנית ללתס נטור,"נטורפוד בע""מ",,נטורה נובה - סמוזי א,גרמים,100.00,100 גרם,false,,5.50,0.0550,true,1,31858
8024985008051,false,מחית פירות סמוצ`י פירות אדומים אורגנית ל,"נטורפוד בע""מ",,נטורה נובה - סמוזי פ,גרמים,100.00,100 גרם,false,,5.50,0.0550,true,1,31859
8076800195019,false,ברילה - צ.א ספגטי מס1 קפליני 500 גרם,ברילה גי.אי.אר פרטלי ס.פ,,ספגטי קפליני מס' 1 ב,גרמים,500.00,100 גרם,false,,8.90,0.0178,true,1,11602
8076800195057,false,ברילה - צ.א ספגטי מס5 חדש 500 גרם,ברילה גי.אי.אר פרטלי ס.פ,,ספגטיני מס' 5 ברילה,גרמים,500.00,100 גרם,false,,8.90,0.0178,true,1,11604
8076802085981,false,ברילה - צ.ק פוזילי חדש 500 גרם,ברילה גי.אי.אר פרטלי ס.פ,,פסטה פוזילי 98 ברילה,גרמים,500.00,100 גרם,false,,8.90,0.0178,true,1,11609
8076808060654,false,פסטה פרפלה מספר 65 ברילה 500 גרם,ברילה גי.אי.אר פרטלי ס.פ,,פסטה פרפלה 65 ברילה,גרמים,500.00,100 גרם,false,,8.90,0.0178,true,1,11611
8076808150072,false,ברילה - צ.א ספגטוני מס7 חדש 500 גרם,ברילה גי.אי.אר פרטלי ס.פ,,ספגטי מס' 7 ברילה 50,גרמים,500.00,100 גרם,false,,8.90,0.0178,true,1,11613
8076809512268,false,פסטה גירנדולה טורסדס מספר 34 ברילה 500 גרם,ברילה גי.אי.אר פרטלי ס.פ,,פסטה גירנדולה מס' 34,גרמים,500.00,100 גרם,false,,8.90,0.0178,true,1,11614
8076809513388,false,ברילה רוטב אראביאטה צילי לפסטה 400 ג,ברילה גי.אי.אר פרטלי ס.פ,,ברילה רוטב ארביאטה 4,גרמים,400.00,100 גרם,false,,16.90,0.0422,true,1,11615
8076809513395,false,ברילה פומודורו רוטב עגבניות קלאסי 400 גר,ברילה גי.אי.אר פרטלי ס.פ,,ברילה רוטב פורמודרו,גרמים,400.00,100 גרם,false,,16.90,0.0422,true,1,11616
8076809513654,false,בסיס רוטב עגבניות לבולונז 400 גרם ברילה,ברילה גי.אי.אר פרטלי ס.פ,,ברילה רוטב עגבניות ל,גרמים,400.00,100 גרם,false,,16.90,0.0422,true,1,11617
8076809513692,false,רוטב עגבניות נפולטנה בתוספת ירקות,ברילה גי.אי.אר פרטלי ס.פ,,ברילה רוטב נפוליטנה,גרמים,400.00,100 גרם,false,,16.90,0.0422,true,1,11618
8076809513739,false,ברילה רוטב עגבניות עם בזיליקום 400 גרם,ברילה גי.אי.אר פרטלי ס.פ,,ברילה רוטב בזיליקום,גרמים,400.00,100 גרם,false,,16.90,0.0422,true,1,11620
8076809545464,false,ברילה פסטה ללא גלוטן צורת ספירלי 400 גר,מולינו אנדריאני אס.א,,ברילה ספירלי עב קמח,גרמים,400.00,100 גרם,false,,15.90,0.0398,true,1,11628
8410076610379,false,"חטיף בוטנים, חלבון סויה ושוקולד מריר עם ציפוי בטעם שוקולד",נייצ'ר ואלי Nature Valley,,פרוטאין בוטנים ושבבי,גרמים,160.00,100 גרם,false,,27.90,0.1744,true,1,6850
8410076621047,false,עוגות אישיות בטעם שוקולד עם חתיכות בטעם שוקולד,ליימן שליסל בע`מ,,חטיף פייבר 1 בטעם שו,גרמים,120.00,100 גרם,false,,16.90,0.1408,true,1,36208
8410104039134,false,"מנקה ומחדש מדיח כלים פיניש 250 מ""ל",רקיט בנקיזר (ניר איסט) בעמ,,פיניש מנקה ומחדש מדי,מיליליטרים,250.00,"100 מ""ל",false,,17.90,0.0716,true,1,11172
8410104045111,false,"פיניש מלח למדיח כלים 2ק""ג",רקיט בנקיזר (ניר איסט) בעמ,,"פיניש מלח למדיח 2 ק""",אלף,2.00,"ק""ג",false,,17.90,8.9500,true,1,11174
8423207207362,false,חטיפי סלים דליס שוקולד לבן מרבה 6 יחידות,ביסנצ'ורי אס.אל.יו,,סלים דליס חטיף דגנים,גרמים,120.00,100 גרם,false,,10.90,0.0908,true,1,11634
8423207210942,false,חטיף דגנים מצופה שוקולד לבן ופירות יער,נוטרישן אנד סנטה קוב,,סלים דליס טופינג פיר,גרמים,90.00,100 גרם,false,,10.90,0.1211,true,1,11643
8424842050016,false,צ'יפס בטעם כמהין 125 גרם רביו,א. סיימן סחר בעמ,,חטיף צ'יפס בטעם כמהי,גרמים,130.00,100 גרם,false,,13.90,0.1069,true,1,147921
8435495805168,false,"תינוקלין לכביסה לעור רגיש אולימפיק 1.25ק""ג",מולינו ניקולי s.p.a,,אבקת כביסה תינוקלין,אלף,1.25,"ק""ג",false,,23.90,19.1200,true,1,23407
8435495807636,false,תינוקלין ג`ל כביסה בייבי סנסטיב היפואל,ליימן שליסל בע`מ,,תינוקלין ג'ל כביסה 2,ליטר,2.00,ליטר,false,,38.90,19.4500,true,1,23412
8690637704376,false,"שמפו לטיפוח יום יומי דאב 600 מ""ל","יוניליוור ישראל שיווק בע""מ",,שמפו יום יומי דאב 60,מיליליטרים,600.00,"100 מ""ל",false,,19.90,0.0332,true,1,5970
8690637858734,false,ג'ל לניקוי כללי בתוספת אקונומיקה בניחוח לימון,"יוניליוור ישראל שיווק בע""מ",,סיף ג'ל אקונומיקה לי,מיליליטרים,750.00,"100 מ""ל",false,,14.90,0.0199,true,1,5978
8690637946318,false,"מרכך כביסה בדין מרוכז אקסטרה בייבי טלק 960 מ""ל",יוניליוור ישראל שיווק בע`מ,,בדין אקסטרא בייבי צ,מיליליטרים,960.00,"100 מ""ל",false,,15.90,0.0166,true,1,5993
8690637971310,false,"מרכך כביסה מרוכז אקסטרה בניחוח יערת הדבש בדין 960 מ""ל",יוניליוור ישראל שיווק בע`מ,,בדין אקסטרא פריחת הת,מיליליטרים,960.00,"100 מ""ל",false,,15.90,0.0166,true,1,34164
8690637976995,false,"מרכך כביסה מרוכז אקסטרה ורוד סחלבים פראי בדין 960 מ""ל","יוניליוור ישראל שיווק בע""מ",,בדין אקסטרא ורוד- 96,מיליליטרים,960.00,"100 מ""ל",false,,15.90,0.0166,true,1,34148
8690766156367,false,טבלת שוקולד חלב מעולה 90 גר` גודייבה,תה ויסוצקי (ישראל) בעמ,,גודייבה שוקולד חלב מ,גרמים,90.00,100 גרם,false,,14.90,0.1656,true,1,13199
8690766156374,false,גודייבה שוקולד מריר מעולה 72% מוצקי קקאו 72גרם,תה ויסוצקי (ישראל) בעמ,,גודייבה שוקולד מריר,גרמים,90.00,100 גרם,false,,14.90,0.1656,true,1,13200
8690766156381,false,גודייבה שוקולד מריר 90% מוצקי קקאו 90 גרם,תה ויסוצקי (ישראל) בעמ,,גודייבה ש.מריר מעולה,גרמים,90.00,100 גרם,false,,14.90,0.1656,true,1,13201
8690946270111,false,פסטה פוזלי 500 גרם B,,,פסטה פוזלי 500 גרם B,גרמים,500.00,100 גרם,false,,4.90,0.0098,true,1,232538
8690946272207,false,פסטה פנה 500 גרם BAH,,,פסטה פנה 500 גרם BAH,גרמים,500.00,100 גרם,false,,4.90,0.0098,true,1,232540
8690946272320,false,פסטה מקרוני 500 גרם,,,פסטה מקרוני 500 גרם,גרמים,500.00,100 גרם,false,,4.90,0.0098,true,1,232541
8691058141238,false,ערמונים שלמים קלויים וקלופים 100 גר` Ave,אבאל יזמות בעמ,,AVEL ערמונים שלמים ק,גרמים,100.00,100 גרם,false,,4.90,0.0490,true,1,27322
8710502064814,false,עוגיות מרבה שוקולד ציפס במרקם רך 175 גר,בנקטבקריי מרבה בי.וי,,מרבה עוגיות שוקוציפס,גרמים,175.00,100 גרם,false,,10.90,0.0623,true,1,11651
8710502279010,false,מרבה עוגיות שוקולד צ'יפס מצופות שוקולד 175 גרם,"י.מרבה ישראל בע""מ",,מרבה עוגיות שוקולד צ,גרמים,175.00,100 גרם,false,,10.90,0.0623,true,1,49735
8712000051099,false,"שישיית בירה היינקן 0% אלכוהל בקבוק 330 מ""ל","מבשלת היינקן, ריטבלדנברג",,הייניקן בירה 0% בק',ליטר,1.98,ליטר,false,,35.60,17.9798,true,1,5323
8712561611411,false,"תחליב רחצה בניחוח מלפפון ותה ירוק דאב 750 מ""ל",יוניליוור ישראל שיווק בע`מ,,תחליב רחצה תה ירוק ו,מיליליטרים,750.00,"100 מ""ל",false,,21.90,0.0292,true,1,6030
8712561626286,false,תחליב רחצה זוהר כמשי דאב (750 מל),יוניליוור ישראל שיווק בע`מ,,תחליב רחצה זוהר כמשי,מיליליטרים,750.00,"100 מ""ל",false,,21.90,0.0292,true,1,6032
8714789177229,false,רבעיית מברשות שיניים קולגייט אקסטרה קלין 1 יחידה,הנסיך- מפעל לייצור ט,,מב.שיניים אקסטרא קלי,אין,0.00,יחידה,false,,11.90,0.0000,true,1,11658
8714789402970,false,נוזל לניקוי כללי ורצפות בניחוח פרחי אביב אגק'ס 1.5 ליטר,הנסיך- מפעל לייצור ט,,אג'קס חגיגת הפרחים י,ליטר,1.50,ליטר,false,,21.90,14.6000,true,1,11665
8715700419732,false,מתבל עגבניות היינץ (700 גרם),דיפלומט מפיצים (1968) בעמ**,,היינץ קטשופ 700 גרם,גרמים,700.00,100 גרם,false,,9.90,0.0141,true,1,3004
8715700423906,false,היינץ מתבל עגבניות מופחת סוכר ומלח 50/50 550 גרם,דיפלומט מפיצים (1968) בעמ**,,מתבל עגבניות היינץ 2,גרמים,555.00,100 גרם,false,,11.90,0.0214,true,1,3009
8717163607305,false,דאב סבון מוצק גרגירים לעיסוי עדין *4,יוניליוור ישראל שיווק בע`מ,,סבון מוצק גרגירים דא,גרמים,400.00,100 גרם,false,,17.90,0.0447,true,1,6040
8717163655825,false,"רקסונה דאו' ספריי לנשים בניחוח כותנה, 150 מ""ל","יוניליוור ישראל שיווק בע""מ",,רקסונה ספריי כותנה 1,מיליליטרים,150.00,"100 מ""ל",false,,15.90,0.1060,true,1,6055
8718951160897,false,ספריי אקונומיקה עוצמת ה7 טריגר אגקס 500מ,קולגייט פלמוליב,,אגקס עוצמת ה 7 טריגר,מיליליטרים,500.00,"100 מ""ל",false,,15.90,0.0318,true,1,11692
8718951175600,false,"משחת שיניים קולגייט אוטאל קליין מינט 75 מ""ל",ש.שסטוביץ בעמ,,קולגייט משחת שיניים,מיליליטרים,75.00,"100 מ""ל",false,,14.90,0.1987,true,1,31275
8718951236806,false,"קולגייט טוטאל הלבנה משחת שיניים המסייעת בהסרת כתמים 100 מ""ל",ש. שסטוביץ בע`מ,,מש.שיניים להלבנה קול,מיליליטרים,100.00,"100 מ""ל",false,,18.90,0.1890,true,1,11708
8718951240742,false,"קולגייט טוטאל משחת שיניים פסים מרעננים 100 מ""ל",איינשטיין-צור יבוא-יצוא וסחר ב,,מש.שיניים פסים מרעננ,גרמים,128.00,100 גרם,false,,18.90,0.1477,true,1,11710
8718951313927,false,"סבון ידיים משאבה פלמוליב חימר טונוס 300 מ""ל",ש.שסטוביץ בעמ,,סבון ידיים חימר טונו,מיליליטרים,300.00,"100 מ""ל",false,,10.90,0.0363,true,1,11718
8718951315303,false,"קולגייט אדומה משחת שיניים להגנה מפני עששת 2*100 מ""ל",קולגייט-פלמוליב,,משחת שיניים קולגייט,מיליליטרים,200.00,"100 מ""ל",false,,20.90,0.1045,true,1,11719
8718951333048,false,"פלמוליב סבון לידיים למטבח, 300 מ""ל",הנסיך- מפעל לייצור ט,,סבון ידיים פלמוליב,מיליליטרים,300.00,"100 מ""ל",false,,10.90,0.0363,true,1,50467
8718951385290,false,אג`קס ניקוי כללי עוצמת ב -7כחול 2 ליטר,קולגייט פלמוליב,,אג'קס ניקוי כללי עוצ,ליטר,2.00,ליטר,false,,24.90,12.4500,true,1,53029
8719200998032,false,"מרגרינה מזולה גלורי טעם חמאה 250גר 8 יחידות - כשל""פ","מיוצר ע""\י יוניליוור ישר",,מזולה בטעם חמאה 250,גרמים,250.00,100 גרם,false,,10.90,0.0436,true,1,3014
8719200998100,false,מרגרינה מזולה לאפיה טעם חמאה 200גר - 40 יח',דיפלומט מפיצים (1968) בעמ**,,מזולה מרגרינה לאפייה,גרמים,200.00,100 גרם,false,,6.90,0.0345,true,1,3019
8720181201332,false,דאב אל סבון מוצק גרגרים 90 גרם רביעייה,יוניליוור ישראל טיפוח אי,,סבון מוצק גרגירים דא,גרמים,400.00,100 גרם,false,,17.90,0.0447,true,1,193725
8801055707966,false,קפה טייסטרס צ`ויס בריסטה נסקפה (180 גרם),קבוצת אוסם סחר שותפות מוגבלת,,נס קפה טייסטרס צ'ויס,גרמים,180.00,100 גרם,false,,33.90,0.1883,true,1,10381
8809168840471,false,חטיף אצות מיובשות 9יח 4.5גרם.,מזרח ומערב יבוא ושיווק,,חטיף אצות מיובשות 9,גרמים,4.50,100 גרם,false,,25.90,5.7556,true,1,169507
8850367994021,false,"רוטב צ'ילי מתוק ללא סוכר מזרח ומערב ללא גלוטן 280 מ""ל",מזרח ומערב יבוא ושיווק,,רוטב צ'ילי מתוק ללא,מיליליטרים,280.00,"100 מ""ל",false,,12.90,0.0461,true,1,215505
8850632604372,false,"יוגטה, חיספוסים בצורת שטיח בטעם תות שדה 50 גרם",ליימן שליסל בע`מ,,יוגטה ממתק תות שדה ב,גרמים,50.00,100 גרם,false,,5.50,0.1100,true,1,23425
8850632604402,false,יוגטה חיספוסים בטעם מעורב תות שדה אבטיח ענבים בננה 50 גרם,ליימן שליסל בע`מ,,יוגטה ממתק תות ענבים,גרמים,50.00,100 גרם,false,,5.50,0.1100,true,1,23426
8901537024014,false,"אורז בסמטי מובחר 1 ק""ג - דוואט) יורה דיעה",ג. וילי-פוד אינטרנשיונל בע`מ,,וילי פוד אורז בסמטי,גרמים,1000.00,100 גרם,false,,14.90,0.0149,true,1,2090
9008700155458,false,נקטר גויאבה 1 ליטר ראוך,לפ תומר יבוא ושיווק מזון,,נקטר גויאבה 1 ליטר,ליטר,1.00,ליטר,false,,12.20,12.2000,true,1,13381
9322969000022,false,"ריל פוד פריכיות תירס עם סויה וזרעי פשתן, ללא גלוטן 150 גרם",אף.סי תבליני בגליל ב,,פריכיות תירס עם סויה,גרמים,150.00,100 גרם,false,,12.80,0.0853,true,1,3332
9720188060108,false,ממרח על בסיס סויה בסגון שמנת טופוטי 340 גרם,*החברה המרכזית להפצת משקאותבעמ,,טופוטי ממרח טופו בטע,גרמים,340.00,100 גרם,false,,19.90,0.0585,true,1,3796
