code,internal_code,name,manufacturer_name,manufacture_country,manufacturer_item_description,unit_qty,quantity,unit_of_measure,weighted,qty_in_package,price,unit_of_measure_price,allow_discount,status,item_id
10,true,הפרדה צלופן לשניצלים,,,הפרדה צלופן לשניצלים,,0.00,,false,,45.00,0.0000,true,1,88270
17,true,ביטול משלוח אינטרנט/,,,ביטול משלוח אינטרנט/,יחידה,0.00,יחידה,false,,29.00,0.0000,true,1,30689
55,true,משלוחים לבית,,,משלוחים לבית,יחידה,0.00,יחידה,false,,29.90,0.0000,true,1,39231
103,true,לחמניה בריאות,,,לחמניה בריאות,יח',1.00,יח',false,,3.90,3.9000,true,1,4451
116,true,פלסטונים,,,פלסטונים,יחידה,0.00,יחידה,false,,4.90,0.0000,true,1,21541
173,true,דלעת ערמונים,,,דלעת ערמונים,קילוגרמים,1.00,"ק""ג",true,,12.90,12.9000,true,1,1781
301,true,בקבוק ריק חוזר בירה,,,בקבוק ריק חוזר בירה,יחידה,0.00,יחידה,false,,1.20,0.0000,true,1,8465
374,true,פטריות שמפניון,,,פטריות שמפניון,יח',1.00,יח',false,,10.90,10.9000,true,1,1783
379,true,לחמניה שמיניה דגנים,,,לחמניה שמיניה דגנים,יח',1.00,יח',false,,3.90,3.9000,true,1,65968
505,true,כלי בית טקסטיל,,,כלי בית טקסטיל,יחידה,0.00,יחידה,false,,44.90,0.0000,true,1,30700
572,true,קופון מצטרף חדש למוע,,,קופון מצטרף חדש למוע,יחידה,0.00,יחידה,false,,0.01,0.0000,true,1,39247
791,true,בונז'ור לחמניה המבור,,,בונז'ור לחמניה המבור,יח',1.00,יח',false,,3.30,3.3000,true,1,68873
996,true,חלה קלועה,,,חלה קלועה,יח',1.00,יח',false,,13.90,13.9000,true,1,209686
997,true,מיני חלה,,,מיני חלה,יחידה,0.00,יחידה,false,,6.90,0.0000,true,1,209687
998,true,חלה מתוקה קלועה,,,חלה מתוקה קלועה,יח',1.00,יח',false,,13.90,13.9000,true,1,4104
1009,true,בגט שלם,,,בגט שלם,יח',1.00,יח',false,,5.50,5.5000,true,1,4107
1014,true,בגט רוסטיק,,,בגט רוסטיק,יח',1.00,יח',false,,9.90,9.9000,true,1,4110
1019,true,בגט פיסל,,,בגט פיסל,יח',1.00,יח',false,,5.90,5.9000,true,1,209688
1028,true,חצי בגט,,,חצי בגט,יח',1.00,יח',false,,4.50,4.5000,true,1,65989
1050,true,לחמניה חיטה מלאה (10,,,לחמניה חיטה מלאה (10,יח',1.00,יח',false,,3.90,3.9000,true,1,4116
1058,true,חלה רגילה/חלה ציפורי,,,חלה רגילה/חלה ציפורי,גרמים,500.00,100 גרם,false,,5.17,1.0340,true,1,6310
1073,true,סופגניה גדולה בודדת,,,סופגניה גדולה בודדת,יחידה,0.00,יחידה,false,,4.30,0.0000,true,1,104973
1079,true,מיני סופגניה בודדת,,,מיני סופגניה בודדת,יחידה,0.00,יחידה,false,,3.60,0.0000,true,1,96595
1091,true,צנונית בייבי,,,צנונית בייבי,גרמים,400.00,100 גרם,false,,6.90,1.7250,true,1,1809
1095,true,בייבי בטטה,,,בייבי בטטה,יח',1.00,יח',false,,9.90,9.9000,true,1,1812
1103,true,לחמניה אצבע (6500),,,לחמניה אצבע (6500),יח',1.00,יח',false,,2.90,2.9000,true,1,65992
1128,true,אגס חום,,,אגס חום,קילוגרמים,1.00,"ק""ג",true,,17.90,17.9000,true,1,1820
1153,true,צימוק חום,,,צימוק חום,קילוגרמים,1.00,"ק""ג",true,,32.00,32.0000,true,1,6867
1212,true,לחמנית כריך/ביס/לבן/,,,לחמנית כריך/ביס/לבן/,יח',1.00,יח',false,,2.90,2.9000,true,1,4123
1217,true,לחמניה שמינייה /עגול,,,לחמניה שמינייה /עגול,יחידה,0.00,יחידה,false,,3.10,0.0000,true,1,66524
1475,true,עגבניות מגי (שקיל),,,עגבניות מגי (שקיל),קילוגרמים,1.00,"ק""ג",true,,14.90,14.9000,true,1,283695
1476,true,לימון סיני,,,לימון סיני,קילוגרמים,1.00,"ק""ג",true,,13.90,13.9000,true,1,101913
1488,true,אשכולית אדומה,,,אשכולית אדומה,קילוגרמים,1.00,"ק""ג",true,,6.90,6.9000,true,1,1831
1489,true,שום ירוק קצוץ,,,שום ירוק קצוץ,קילוגרמים,1.00,"ק""ג",true,,19.90,19.9000,true,1,101915
1494,true,תפו`א לבן תפזורת,,,תפו`א לבן תפזורת,קילוגרמים,1.00,"ק""ג",true,,5.90,5.9000,true,1,1837
1495,true,תפו`א אדום תפזורת,,,תפו`א אדום תפזורת,קילוגרמים,1.00,"ק""ג",true,,6.90,6.9000,true,1,101843
1500,true,פלפל כתום,,,פלפל כתום,קילוגרמים,1.00,"ק""ג",true,,10.90,10.9000,true,1,1843
1501,true,עגבניות,,,עגבניות,קילוגרמים,1.00,"ק""ג",true,,8.90,8.9000,true,1,1844
1502,true,מלפפונים,,,מלפפונים,קילוגרמים,1.00,"ק""ג",true,,8.90,8.9000,true,1,1845
1503,true,גזר ארוז,,,גזר ארוז,קילוגרמים,1.00,"ק""ג",true,,5.90,5.9000,true,1,1846
1504,true,סלק,,,סלק,קילוגרמים,1.00,"ק""ג",true,,5.90,5.9000,true,1,1847
1505,true,כרוב לבן,,,כרוב לבן,קילוגרמים,1.00,"ק""ג",true,,5.90,5.9000,true,1,1848
1506,true,כרוב אדום,,,כרוב אדום,קילוגרמים,1.00,"ק""ג",true,,5.90,5.9000,true,1,1849
1507,true,כרובית,,,כרובית,קילוגרמים,1.00,"ק""ג",true,,13.90,13.9000,true,1,1850
1510,true,קישואים,,,קישואים,קילוגרמים,1.00,"ק""ג",true,,9.90,9.9000,true,1,1852
1511,true,חצילים,,,חצילים,קילוגרמים,1.00,"ק""ג",true,,8.90,8.9000,true,1,1853
1513,true,פלפל ירוק,,,פלפל ירוק,קילוגרמים,1.00,"ק""ג",true,,9.90,9.9000,true,1,1854
1514,true,פלפל בהיר,,,פלפל בהיר,קילוגרמים,1.00,"ק""ג",true,,10.90,10.9000,true,1,1855
1515,true,פלפל חריף,,,פלפל חריף,קילוגרמים,1.00,"ק""ג",true,,9.90,9.9000,true,1,1856
1516,true,פלפל אדום,,,פלפל אדום,קילוגרמים,1.00,"ק""ג",true,,10.90,10.9000,true,1,1857
1517,true,פלפל רומרו,,,פלפל רומרו,קילוגרמים,1.00,"ק""ג",true,,16.90,16.9000,true,1,101920
1518,true,מלון,,,מלון,קילוגרמים,1.00,"ק""ג",true,,7.90,7.9000,true,1,1859
1519,true,בצל יבש,,,בצל יבש,קילוגרמים,1.00,"ק""ג",true,,5.90,5.9000,true,1,1860
1521,true,קולורבי,,,קולורבי,קילוגרמים,1.00,"ק""ג",true,,9.90,9.9000,true,1,1861
1522,true,חסה ערבית,,,חסה ערבית,יח',1.00,יח',false,,5.90,5.9000,true,1,1862
1528,true,כוסברה גומי,,,כוסברה גומי,יח',1.00,יח',false,,3.90,3.9000,true,1,1867
1531,true,לפת,,,לפת,קילוגרמים,1.00,"ק""ג",true,,9.90,9.9000,true,1,1870
1535,true,תפו`א אדום ארוז,,,תפו`א אדום ארוז,קילוגרמים,1.00,"ק""ג",true,,5.90,5.9000,true,1,1874
1536,true,תפוז סיני,,,תפוז סיני,קילוגרמים,1.00,"ק""ג",true,,9.90,9.9000,true,1,101922
1541,true,ארטישוק,,,ארטישוק,קילוגרמים,1.00,"ק""ג",true,,24.90,24.9000,true,1,101925
1542,true,ערמונים,,,ערמונים,קילוגרמים,1.00,"ק""ג",true,,19.90,19.9000,true,1,1881
1545,true,שום ארוז ייבוא יח',,,שום ארוז ייבוא יח',יח',1.00,יח',false,,5.90,5.9000,true,1,1884
1547,true,שומר,,,שומר,קילוגרמים,1.00,"ק""ג",true,,8.90,8.9000,true,1,1886
1548,true,תות שדה ביח',,,תות שדה ביח',יח',1.00,יח',false,,16.90,16.9000,true,1,100631
1550,true,תפו`א לבן ארוז,,,תפו`א לבן ארוז,קילוגרמים,1.00,"ק""ג",true,,4.90,4.9000,true,1,1889
1551,true,לימון,,,לימון,קילוגרמים,1.00,"ק""ג",true,,9.90,9.9000,true,1,1890
1552,true,תפוז,,,תפוז,קילוגרמים,1.00,"ק""ג",true,,6.90,6.9000,true,1,1891
1553,true,ענב לבן,,,ענב לבן,קילוגרמים,1.00,"ק""ג",true,,29.90,29.9000,true,1,1892
1555,true,תפוז ארוז,,,תפוז ארוז,קילוגרמים,1.00,"ק""ג",true,,5.90,5.9000,true,1,1894
1556,true,בננה מובחרת,,,בננה מובחרת,קילוגרמים,1.00,"ק""ג",true,,7.90,7.9000,true,1,1895
1558,true,אשכולית צהובה,,,אשכולית צהובה,קילוגרמים,1.00,"ק""ג",true,,6.90,6.9000,true,1,1897
1560,true,דלעת ארוזה,,,דלעת ארוזה,קילוגרמים,1.00,"ק""ג",true,,10.90,10.9000,true,1,1899
1561,true,תפוח עץ זהוב,,,תפוח עץ זהוב,קילוגרמים,1.00,"ק""ג",true,,12.90,12.9000,true,1,1900
1562,true,תפוח עץ יונתן,,,תפוח עץ יונתן,קילוגרמים,1.00,"ק""ג",true,,12.90,12.9000,true,1,1901
1563,true,תפוח עץ חרמון,,,תפוח עץ חרמון,קילוגרמים,1.00,"ק""ג",true,,12.90,12.9000,true,1,1902
1564,true,תפוח עץ סמיט,,,תפוח עץ סמיט,קילוגרמים,1.00,"ק""ג",true,,12.90,12.9000,true,1,1903
1568,true,רימון,,,רימון,קילוגרמים,1.00,"ק""ג",true,,9.90,9.9000,true,1,1906
1570,true,קלמנטינה,,,קלמנטינה,קילוגרמים,1.00,"ק""ג",true,,6.90,6.9000,true,1,1908
1571,true,פלפל שושקה,,,פלפל שושקה,קילוגרמים,1.00,"ק""ג",true,,14.90,14.9000,true,1,1909
1572,true,אבוקדו מובחר,,,אבוקדו מובחר,קילוגרמים,1.00,"ק""ג",true,,13.90,13.9000,true,1,1910
1573,true,מנגו,,,מנגו,קילוגרמים,1.00,"ק""ג",true,,16.90,16.9000,true,1,1911
1574,true,בטטה מתוקה,,,בטטה מתוקה,קילוגרמים,1.00,"ק""ג",true,,10.90,10.9000,true,1,1912
1576,true,אגס,,,אגס,קילוגרמים,1.00,"ק""ג",true,,15.90,15.9000,true,1,1913
1577,true,אגס נאשי,,,אגס נאשי,קילוגרמים,1.00,"ק""ג",true,,17.90,17.9000,true,1,1914
1581,true,פלפל צהוב,,,פלפל צהוב,קילוגרמים,1.00,"ק""ג",true,,10.90,10.9000,true,1,1917
1588,true,תירס ארוז,,,תירס ארוז,קילוגרמים,1.00,"ק""ג",true,,9.90,9.9000,true,1,1922
1590,true,משורית סרט 1590 ממ,,,פומלה,קילוגרמים,1.00,"ק""ג",true,,8.90,8.9000,true,1,1923
1590,true,משורית סרט 1590 ממ,,,משורית סרט 1590 ממ,,1000.00,,false,,8.90,0.0089,true,1,88225
1591,true,ענב אדום,,,ענב אדום,קילוגרמים,1.00,"ק""ג",true,,24.90,24.9000,true,1,1924
1601,true,סלרי חתוך ליח,,,סלרי חתוך ליח,יח',1.00,יח',false,,6.90,6.9000,true,1,1932
1603,true,אבוקדו ברשת,,,אבוקדו ברשת,קילוגרמים,1.00,"ק""ג",true,,14.90,14.9000,true,1,98798
1604,true,אפרסמון,,,אפרסמון,קילוגרמים,1.00,"ק""ג",true,,16.90,16.9000,true,1,1935
1605,true,גויאבה,,,גויאבה,קילוגרמים,1.00,"ק""ג",true,,21.90,21.9000,true,1,1936
1607,true,תפו`א קטן אפיה ארוז,,,תפו`א קטן אפיה ארוז,קילוגרמים,1.00,"ק""ג",true,,5.90,5.9000,true,1,1938
1610,true,שרי אשכולות לקג,,,שרי אשכולות לקג,קילוגרמים,1.00,"ק""ג",true,,22.90,22.9000,true,1,1940
1613,true,דלורית,,,דלורית,קילוגרמים,1.00,"ק""ג",true,,6.90,6.9000,true,1,1943
1614,true,סברס,,,סברס,קילוגרמים,1.00,"ק""ג",true,,34.90,34.9000,true,1,1944
1615,true,בצל אדום,,,בצל אדום,קילוגרמים,1.00,"ק""ג",true,,7.90,7.9000,true,1,1945
1617,true,אננס,,,אננס,יח',1.00,יח',false,,49.90,49.9000,true,1,1946
1618,true,אפרסמון קרמבו,,,אפרסמון קרמבו,קילוגרמים,1.00,"ק""ג",true,,16.90,16.9000,true,1,97259
1619,true,פומלית,,,פומלית,קילוגרמים,1.00,"ק""ג",true,,6.90,6.9000,true,1,1948
1620,true,קיווי,,,קיווי,קילוגרמים,1.00,"ק""ג",true,,19.90,19.9000,true,1,1949
1621,true,קרמבולה,,,קרמבולה,קילוגרמים,1.00,"ק""ג",true,,39.90,39.9000,true,1,1950
1632,true,קישוא זוקיני ירוק,,,קישוא זוקיני ירוק,קילוגרמים,1.00,"ק""ג",true,,12.90,12.9000,true,1,1958
1645,true,תפוח עץ גלה,,,תפוח עץ גלה,קילוגרמים,1.00,"ק""ג",true,,12.90,12.9000,true,1,1966
1646,true,סלרי ראש,,,סלרי ראש,יח',1.00,יח',false,,6.90,6.9000,true,1,176390
1683,true,תפוח עץ פינק קריפס,,,תפוח עץ פינק קריפס,קילוגרמים,1.00,"ק""ג",true,,14.90,14.9000,true,1,1989
1688,true,דלעת יפנית,,,דלעת יפנית,קילוגרמים,1.00,"ק""ג",true,,15.90,15.9000,true,1,1990
1708,true,גזר תפזורת,,,גזר תפזורת,קילוגרמים,1.00,"ק""ג",true,,6.90,6.9000,true,1,2006
1733,true,שורש פטרוזיליה,,,שורש פטרוזיליה,יח',1.00,יח',false,,6.90,6.9000,true,1,2014
1814,true,בצלצלי שאלוט,,,בצלצלי שאלוט,גרמים,280.00,100 גרם,false,,14.90,5.3214,true,1,2664
1840,true,ברוקולי,,,ברוקולי,קילוגרמים,1.00,"ק""ג",true,,18.90,18.9000,true,1,55903
1841,true,תפוח פינק קריפס מאר,,,תפוח פינק קריפס מאר,גרמים,600.00,100 גרם,false,,14.90,2.4833,true,1,55904
1854,true,שרי מיניאפלם,,,שרי מיניאפלם,יח',1.00,יח',false,,9.90,9.9000,true,1,55907
1876,true,עירית ליח,,,עירית ליח,יח',1.00,יח',false,,6.90,6.9000,true,1,2061
1883,true,שום יבש תפזורת,,,שום יבש תפזורת,קילוגרמים,1.00,"ק""ג",true,,19.90,19.9000,true,1,61965
1967,true,ענב בוטיק סייבל,,,ענב בוטיק סייבל,קילוגרמים,1.00,"ק""ג",true,,23.90,23.9000,true,1,81128
1988,true,כרובית ארוזה,,,כרובית ארוזה,יח',1.00,יח',false,,13.90,13.9000,true,1,243078
2000,true,"בורקס גבינה/תפו""א",,,"בורקס גבינה/תפו""א",קילוגרמים,1.00,"ק""ג",true,,45.00,45.0000,true,1,4124
2001,true,מב בורקס תורכי בטעמי,,,מב בורקס תורכי בטעמי,קילוגרמים,1.00,"ק""ג",true,,37.00,37.0000,true,1,4125
2002,true,עוגיות שמרים/ביס חיט,,,עוגיות שמרים/ביס חיט,קילוגרמים,1.00,"ק""ג",true,,42.00,42.0000,true,1,116602
2012,true,*מבצע* אוזני פיל פרו,,,מב אוזני פיל פרווה,קילוגרמים,1.00,"ק""ג",true,,27.90,27.9000,true,1,66001
3500,true,עוף טרי שלם,,,עוף טרי שלם,קילוגרמים,1.00,"ק""ג",true,,19.90,19.9000,true,1,29295
3501,true,כרעיים עוף טרי,,,כרעיים עוף טרי,קילוגרמים,1.00,"ק""ג",true,,29.90,29.9000,true,1,29296
3502,true,חזה עוף טרי,,,חזה עוף טרי,קילוגרמים,1.00,"ק""ג",true,,34.90,34.9000,true,1,29297
3506,true,גרון הודו זכר טרי,,,גרון הודו זכר טרי,קילוגרמים,1.00,"ק""ג",true,,29.90,29.9000,true,1,29301
3507,true,שניצל עוף פרוס טרי,,,שניצל עוף פרוס טרי,קילוגרמים,1.00,"ק""ג",true,,38.90,38.9000,true,1,21542
3508,true,כנפים הודו טרי,,,כנפים הודו טרי,קילוגרמים,1.00,"ק""ג",true,,19.90,19.9000,true,1,29302
3511,true,חזה הודו טרי,,,חזה הודו טרי,קילוגרמים,1.00,"ק""ג",true,,34.90,34.9000,true,1,29304
3512,true,שוארמה נקבה טרי,,,שוארמה נקבה טרי,קילוגרמים,1.00,"ק""ג",true,,74.90,74.9000,true,1,29305
3515,true,שוקיים הודו טרי,,,שוקיים הודו טרי,קילוגרמים,1.00,"ק""ג",true,,31.90,31.9000,true,1,29307
3517,true,שוקיים פטם טרי,,,שוקיים פטם טרי,קילוגרמים,1.00,"ק""ג",true,,34.90,34.9000,true,1,29309
3520,true,ירכיים עוף טרי,,,ירכיים עוף טרי,קילוגרמים,1.00,"ק""ג",true,,29.90,29.9000,true,1,29312
3522,true,שוארמה פרגיות טרי,,,שוארמה פרגיות טרי,קילוגרמים,1.00,"ק""ג",true,,59.90,59.9000,true,1,29313
3534,true,סטייק פרגית טרי,,,סטייק פרגית טרי,קילוגרמים,1.00,"ק""ג",true,,59.90,59.9000,true,1,29321
3540,true,שוק הודו מפורק טרי,,,שוק הודו מפורק טרי,קילוגרמים,1.00,"ק""ג",true,,59.90,59.9000,true,1,29323
3546,true,בשר עוף טרי טחון,,,בשר עוף טרי טחון,קילוגרמים,1.00,"ק""ג",true,,36.90,36.9000,true,1,17379
3551,true,גרון עוף טרי,,,גרון עוף טרי,קילוגרמים,1.00,"ק""ג",true,,7.90,7.9000,true,1,42776
3557,true,דונטס 1יח,,,דונטס 1יח,יח',1.00,יח',false,,5.90,5.9000,true,1,80688
4015,true,קוקוס ראש,,,קוקוס ראש,יח',1.00,יח',false,,6.90,6.9000,true,1,2077
4041,true,תפוז סיני,,,תפוז סיני,קילוגרמים,1.00,"ק""ג",true,,24.00,24.0000,true,1,1592
4650,true,5 יח' לחמניות שמיניה,,,5 יח' לחמניות שמיניה,יח',1.00,יח',false,,18.90,18.9000,true,1,216070
5504,true,דונאטס בטעמים מצופה,,,דונאטס בטעמים מצופה,גרמים,45.00,100 גרם,false,,6.90,15.3333,true,1,184267
6500,true,5יח לחמניה אצבע (110,,,5יח לחמניה אצבע (110,יחידה,0.00,יחידה,false,,14.90,0.0000,true,1,216088
6501,true,4 יח' לחמניות בריאות,,,4 יח' לחמניות בריאות,יח',1.00,יח',false,,17.90,17.9000,true,1,124689
7502,true,עוף בגריל -מגה,,,עוף בגריל -מגה,קילוגרמים,1.00,"ק""ג",true,,37.90,37.9000,true,1,122549
7503,true,כרעיים בגריל-מגה,,,כרעיים בגריל-מגה,קילוגרמים,1.00,"ק""ג",true,,49.90,49.9000,true,1,122550
7504,true,שוקיים עוף בגריל -מג,,,שוקיים עוף בגריל -מג,קילוגרמים,1.00,"ק""ג",true,,49.90,49.9000,true,1,122551
7664,true,שרי תמר תפזורת לובלו,,,שרי תמר תפזורת לובלו,קילוגרמים,1.00,"ק""ג",true,,25.90,25.9000,true,1,2080
8888,true,פיקדון זיכוי לקוח,,,פיקדון זיכוי לקוח,יחידה,0.00,יחידה,false,,0.30,0.0000,true,1,40790
9999,true,פיקדון בקבוקים,,,פיקדון בקבוקים,יחידה,0.00,יחידה,false,,0.30,0.0000,true,1,17
5678585,true,ענב סקרלוטה,,,ענב סקרלוטה,קילוגרמים,1.00,"ק""ג",true,,24.90,24.9000,true,1,129935
15983006,false,חסה רומית שדות בר,,,חסה רומית שדות בר,קילוגרמים,1.00,"ק""ג",true,,30.00,30.0000,true,1,2620
15983075,false,בצל ירוק שטוף שדות ב,,,בצל ירוק שטוף שדות ב,קילוגרמים,1.00,"ק""ג",true,,30.00,30.0000,true,1,2626
15983082,false,ירק שטוף שדות בר,,,ירק שטוף שדות בר,קילוגרמים,1.00,"ק""ג",true,,30.00,30.0000,true,1,2627
15983099,false,שדות בר גבעולי סלרי,,,שדות בר גבעולי סלרי,קילוגרמים,1.00,"ק""ג",true,,30.00,30.0000,true,1,2628
15983129,false,פלפלונים שדות בר,,,פלפלונים שדות בר,קילוגרמים,1.00,"ק""ג",true,,30.00,30.0000,true,1,123876
15983136,false,שרי בלינדה שדות בר,,,שרי בלינדה שדות בר,קילוגרמים,1.00,"ק""ג",true,,30.00,30.0000,true,1,123877
15983143,false,מלפפון בייבי שדות בר,,,מלפפון בייבי שדות בר,קילוגרמים,1.00,"ק""ג",true,,30.00,30.0000,true,1,123878
32147230,false,"מיץ לימון משומר 200מ""ל(לימונית אקסטרא)",ג'נרל מילס סאן אדריא,CH,מיץ לימון סיצילייה 2,מיליליטרים,200.00,"100 מ""ל",false,,7.90,3.9500,true,1,7361
40052403,false,קיט קט 4 אצבעות שוקולד חלב,נסטלה Nestle,DE,קיט קט אצבעות 40 גרם,גרמים,40.00,100 גרם,false,,4.90,12.2500,true,1,1245
59039549,false,ווג פריזון מנטול חפיסה,Unknown,,ווג קופסא בודדת פריס,יחידה,0.00,יחידה,false,,39.00,0.0000,false,1,5933
59455233,false,סיגריות ווג ליידי כח,Unknown,,ווג ליידי בלו קופסא,יחידה,0.00,יחידה,false,,39.00,0.0000,false,1,5934
72940754,false,"מילקי מעדן וניל עם קצפת שטראוס 133 מ""ל","שטראוס גרופ בע""מ",IL,"מילקי וניל 170 מ""ל",מיליליטרים,170.00,"100 מ""ל",false,,2.90,1.7059,true,1,26018
72940761,false,"מילקי מעדן שוקולד עם קצפת שטראוס 133 מ""ל",מיוצר עי קונדיטוריית,IL,מילקי שוקולד מהדרין,מיליליטרים,170.00,"100 מ""ל",false,,2.90,1.7059,true,1,26019
72940952,false,מעדן מילקי בטעם שוקולד עם אקסטרה קצפת,"שטראוס גרופ בע""מ",IL,מילקי אקסטראה קצפת מ,מיליליטרים,110.00,"100 מ""ל",false,,4.10,3.7273,true,1,26020
72941041,false,מעדן מילקי מיני בטעם שוקולד עם קצפת,"שטראוס גרופ בע""מ",IL,מיני מילקי שוקולד 70,מיליליטרים,70.00,"100 מ""ל",false,,2.50,3.5714,true,1,26023
72945308,false,קוביות שמרים לאפיה שמרית 2*25 ג',"פאקא תעשיות בע""מ",IL,שמרית קוביות שמרים ל,גרמים,50.00,100 גרם,false,,4.00,8.0000,true,1,26024
72961506,false,יוגורט עם תות 1.5% שומן 125 ג' פרילי,מיוצר עי קונדיטוריית,IL,פרילי תות 1.5% 125מל,מיליליטרים,125.00,"100 מ""ל",false,,3.90,3.1200,true,1,28388
72986370,false,"גלידת בן & ג'ריס פיינטים וניל 500מ""ל",מוצרי איכות אמריקאים,IL,גלידת פיינטים וניל צ,מיליליטרים,420.00,"100 מ""ל",false,,26.90,6.4048,true,1,16359
72986424,false,"גלידת בן & ג'ריס פיינטים קרם עוגיות 500מ""ל",מוצרי איכות אמריקאיי,IL,גלידת פיינטים קרם עו,מיליליטרים,420.00,"100 מ""ל",false,,26.90,6.4048,true,1,16360
72986448,false,"גלידת בן & ג'ריס פיינטים טופי קראנץ 500מ""ל",מוצרי איכות אמריקאיי,IL,גלידת טופי קרנץ,מיליליטרים,420.00,"100 מ""ל",false,,26.90,6.4048,true,1,16361
72986455,false,"גלידה בן& ג'ריס ניו יורק סופר פאדג' צ'אנק 500 מ""ל",מוצרי איכות אמריקאיי,IL,גלידת פיינטים ניו-יו,מיליליטרים,420.00,"100 מ""ל",false,,26.90,6.4048,true,1,16362
72986479,false,"גלידה שוקולד אגוז עם בננות בן וג'ירי 500 מ""ל",מוצרי איכות אמריקאיי,IL,גלידת פיינטים צאנקי,מיליליטרים,420.00,"100 מ""ל",false,,26.90,6.4048,true,1,16363
72989425,false,"גלידת בן & ג'ריס פיינטים שוקולד בראוניז 500מ""ל",מוצרי איכות אמריקאיי,IL,גלידת פיינטים שוקולד,מיליליטרים,500.00,"100 מ""ל",false,,26.90,5.3800,true,1,16365
72991374,false,סיגריות טיים רד חפיס,דובק,,טיים רד,יחידה,0.00,יחידה,false,,29.90,0.0000,false,1,6444
72991510,false,סיגריות מונטנה פילטר,דובק,,מונטנה פילטר יח,יחידה,0.00,יחידה,false,,30.90,0.0000,false,1,6456
72993637,false,מעדן חלב בטעם שוקולד 125 ג' דני,מחלבת אחיהוד,IL,דני מהדרין שוקו בודד,מיליליטרים,125.00,"100 מ""ל",false,,2.90,2.3200,true,1,26027
72994061,false,חטיף פסק זמן GOOD גלילית לבן 40 גרם,שולן צ'יקולטה גידה ס,IL,פסק זמן 36גר,גרמים,36.00,100 גרם,false,,5.90,16.3889,true,1,96046
80042556,false,POLPA עגבניות חתוכות דק 400 גרם MUTTI,"איי, בי, אינבוו",IT,עגבניות MUTTI מרוסקו,גרמים,400.00,100 גרם,false,,6.90,1.7250,true,1,323620
80050025,false,סוכריות טיק טק בטעם תפוז,קריות זול,ZA,טיק טק תפוז,גרמים,16.00,100 גרם,false,,3.90,24.3750,true,1,50016
80050124,false,סוכריות טיק טק בטעם מנטה,קריות זול,ZA,טיק טק סוכריות,גרמים,16.00,100 גרם,false,,3.90,24.3750,true,1,50017
80052760,false,קינדר בואנו Kinder Bueno עם חלב ואגוזי לוז,קריות זול,PL,חטיף קינדר בואנו שוק,גרמים,43.00,100 גרם,false,,5.50,12.7907,true,1,50021
80083764,false,עוגיות אורגניות עם שיבולת שועל 250 גר,תות תעשיות מזון (201,IT,גנדולה - עוגיות דגני,גרמים,250.00,100 גרם,false,,14.90,5.9600,true,1,272411
80136194,false,חטיפי הפי היפו Happy Hippo במילוי קרם חלבי ואגוזי לוז,קינדר Kinder,DE,הפי היפו 5*20ג,גרמים,102.00,100 גרם,false,,15.50,15.1961,true,1,107693
80177173,false,ממרח אגוזי לוז עם קקאו,נוטלה Nutella,IT,ממרח נוטלה קקאו עם א,גרמים,350.00,100 גרם,false,,16.90,4.8286,true,1,50024
80177616,false,אצבעות שוקולד קינדר Kinder שמונה יחידות,קריות זול,IT,אצבעות שוקולד קינדר,גרמים,100.00,100 גרם,false,,8.90,8.9000,true,1,50026
80273561,false,פלפל שחור במטחנה 45 גר ארומה דה טוסקנה,דרוגריה ואלימנטרי אס,IT,פלפל שחור במטחנה,גרמים,45.00,100 גרם,false,,14.50,32.2222,true,1,49796
80273592,false,פלפל ארבע עונות 30 גר ארומה דה טוסקנה,דרוגריה ואלימנטרי אס,IT,פלפל ארבע עונות,יחידה,0.00,יחידה,false,,14.50,0.0000,true,1,49797
80718758,false,טונה בשמן זית 160 גר CALIPO,גיאצינטו קליפו,IT,טונה בשמן זית 160 גר,גרמים,160.00,100 גרם,false,,22.90,14.3125,true,1,74182
80718765,false,טונה במים בצנצנת קלי,גיאצינטו קליפו,IT,נתחי טונה בהירה במי,גרמים,160.00,100 גרם,false,,23.70,14.8125,true,1,74190
80761761,false,קינדר בואנו לבן בודד 39 גרם,ליימן שליסל,PL,קינדר בואנו לבן 39ג,גרמים,43.00,100 גרם,false,,5.50,12.7907,true,1,50027
80773429,false,מנטוס בקבוק מעוגל - מסטיק ללא סוכר בטעם תות 60 גרם,פרפטי ואן מלה הולנד,NL,מסטיק מנטוס בקבוק בט,גרמים,60.00,100 גרם,false,,10.90,18.1667,true,1,113550
80773443,false,מנטוס בקבוק מעוגל - מסטיק ללא סוכר בטעם מנטה 60 גרם,פרפטי ואן מלה הולנד,NL,מסטיק מנטוס בקבוק בט,גרמים,60.00,100 גרם,false,,10.90,18.1667,true,1,84235
80790990,false,מסטיק מנטוס בבקבוק מעוגל בטעם פירות -מנטה 60 ג',פרפטי ואן מלה הולנד,NL,מסטיק מנטוס בקבוק בט,גרמים,60.00,100 גרם,false,,10.90,18.1667,true,1,84236
80804697,false,מסטיק וויט White בטעם מנטה מתוקה ללא סוכר,פרפטי ואן מלה,TR,מסטיק מנטוס וויט מנט,גרמים,105.00,100 גרם,false,,19.90,18.9524,true,1,15021
80862130,false,"מנטוס מסטיק פיור פרש - אבטיח 28 גרם (14 יח') חת""ס",פרפטי ואן מלה ברדה,NL,מסטיק מנטוס פיור פרש,גרמים,28.00,100 גרם,false,,5.90,21.0714,true,1,288474
80864295,false,סוכריות פיור וויט טעם מנטה עדינה 60 ג' מנטוס,פרפטי ואן מלה הולנד,TR,מנטוס פיור וויט ללא,גרמים,60.00,100 גרם,false,,10.90,18.1667,true,1,376091
80874652,false,קינדר קארדס 120 גרם - בודד,פררו,IT,קינדר קארדס חטיף בוד,גרמים,25.60,100 גרם,false,,4.50,17.5781,true,1,138332
80896081,false,מנטוס בקבוק מעוגל - מסטיק ללא סוכר בטעם אבטיח 60 גרם,פרפטי ואן מלה הולנד,NL,מסטיק מנטוס בקבוק בט,גרמים,60.00,100 גרם,false,,10.90,18.1667,true,1,113551
80913467,false,מנטוס בקבוק מעוגל - מסטיק ללא סוכר בטעם מנטה,פרפטי ואן מלה הולנד,NL,מסטיק מנטוס בקבוק בט,גרמים,60.00,100 גרם,false,,10.90,18.1667,true,1,84237
80936848,false,סוכריות טיק טק תות שדה 24 יח',ליימן-שליסל,ZA,טיק טק תות שדה 16גר,גרמים,16.00,100 גרם,false,,3.90,24.3750,true,1,50029
80945468,false,סוכריות פיור וויט טעם מנטה מתוקה 60 ג' מנטוס,פרפטי ואן מלה הולנד,TR,מנטוס פיור וויט ללא,גרמים,60.00,100 גרם,false,,10.90,18.1667,true,1,376092
80954521,false,"מנטוס מסטיק פיור פרש - תות 28 גרם (14 יח') חת""ס",פרפטי ואן מלה ברדה,NL,מסטיק מנטוס פיור פרש,גרמים,28.00,100 גרם,false,,5.90,21.0714,true,1,288475
80986348,false,סוכריות פיור וויט טעם מנטה 60 ג' מנטוס,פרפטי ואן מלה הולנד,TR,מנטוס פיור וויט ללא,גרמים,60.00,100 גרם,false,,10.90,18.1667,true,1,376093
80995128,false,מנטוס - מסטיק בטעם הדרים בתוספת ויטמינים 60 גרם,פרפטי ואן מלה הולנד,TR,מסטיק מנטוס ויטמין ל,גרמים,60.00,100 גרם,false,,10.90,18.1667,true,1,499582
87108538,false,סוכריות בטעם תות מנטוס 37.5 גרם,הדקלאים אגודת שיתופי,NL,מנטוס תות בגליל 37.5,גרמים,37.50,100 גרם,false,,4.50,12.0000,true,1,15038
87108651,false,סוכריות בטעם מנטה מנטוס 4*37.5 גרם,הדקלאים אגודת שיתופי,NL,סוכריות מנטוס מנטה 1,גרמים,150.00,100 גרם,false,,12.90,8.6000,true,1,15039
87108712,false,סוכריות בטעם פירות מנטוס 4*37.5 גרם,פרפטי ואן מלה ברדה,NL,סוכריות מנטוס פירות,גרמים,150.00,100 גרם,false,,12.90,8.6000,true,1,15040
87221503,false,"מיונז הולנדי אמיתי גאודס 650 מ""ל",,NL,מיונז הולנדי אמיתי 6,גרמים,650.00,100 גרם,false,,34.90,5.3692,true,1,454991
90087011,false,מיץ תפוחים 100% קרטונית ראוך,Rauch fruchtsafte gm,HU,מיץ תפוחים 1 ליטר,ליטרים,1.00,ליטר,false,,12.50,12.5000,true,1,103233
90087769,false,מיץ אננס 100% קרטונית ראוך,Rauch fruchtsafte gm,HU,מיץ אננס 1ל 100%,ליטרים,1.00,ליטר,false,,12.50,12.5000,true,1,27909
90087806,false,מיץ אשכוליות 100% 1 ליטר,ראוך Rauch,AT,מיץ אששכוליות 100% 1,ליטרים,1.00,ליטר,false,,12.50,12.5000,true,1,90897
90087974,false,חומץ טבעי מתפוחים 750 מל,ראוך פרוכטסאפה,AT,חומץ תפוחים 5% תומר,מיליליטרים,750.00,"100 מ""ל",false,,16.90,2.2533,true,1,27558
90162602,false,רד בול משקה אנרגיה פקדון 30 אג,רד בול ג'י.אם.בי. אץ,IL,משקה אנרגיה RED BULL,מיליליטרים,250.00,"100 מ""ל",false,,8.50,3.4000,true,1,13169
198888886,false,עיגול אגורות,,,עיגול אגורות,יחידה,0.00,יחידה,false,,1.00,0.0000,true,1,57831
8112100298,false,שמן שומשום טהור 185 מ'ל (כ),Flavor full foods in,TW,שמן שומשום טהור לא מ,מיליליטרים,185.00,"100 מ""ל",false,,15.90,8.5946,true,1,16421
10900145015,false,L דיימונד שקיות אשפה חזקות במיוחד 10 יח,דיימונד,ZA,שקיות אשפה חזקות במי,גרמים,325.00,100 גרם,false,,13.90,4.2769,true,1,408965
10900634069,false,XL דיימונד שקיות אשפה חזקות במיוחד 8 יח,דיימונד,ZA,שקיות אשפה חזקות במי,גרמים,325.00,100 גרם,false,,13.90,4.2769,true,1,408966
10900678148,false,דיאמונד רדיד אלומיניום נון סטיק,דיימונד,CN,רדיד אלומיניום נון ס,יחידה,0.00,יחידה,false,,15.90,0.0000,true,1,372857
11182700954,false,קינג קול שעועית שחורה 439 גרם,הנובר פודס,,שעועית שחורה 232 גרם,גרמים,439.00,100 גרם,false,,10.90,2.4829,true,1,64468
11210000094,false,"רוטב ""טבסקו"" על בסיס פלפל אדום 60 מ""ל",מקאילהייני אייבורי,US,טבסקו,מיליליטרים,60.00,"100 מ""ל",false,,13.90,23.1667,true,1,52911
11210698055,false,רוטב טבסקו סרירציה 566 גרם,מקאילהייני קו,US,רוטב טבסקו סרירצ'ה,מיליליטרים,566.00,"100 מ""ל",false,,30.90,5.4594,true,1,106115
13628609388,false,חומץ בלסמי מובחר 500מל,MONARI FEDERZONI,IT,חומץ בלסמי כשר ירוק,מיליליטרים,500.00,"100 מ""ל",false,,25.00,5.0000,true,1,7364
16000185517,false,דגני בוקר פייבר וואן עתירי סובין FIBRE1,בטר אנד דיפרנט,US,פייבר1- דגני בוקר עת,גרמים,555.00,100 גרם,false,,26.90,4.8468,true,1,371174
16000281684,false,חטיפי גרנולה קראנצ'י עם פקאן נייצ'ר ואלי 5*42 גרם,ליימן מותגים,US,חטיף שיבולת שועל מלא,גרמים,210.00,100 גרם,false,,22.90,10.9048,true,1,15048
16000548404,false,חטיפי גרנולה קראנצ'י עם שיבולת שועל ודבש נייצ'ר ואלי 5*42 גרם,ג'נרל מילס סאן אדריא,ES,חטיף קראנצי גרנולה ש,גרמים,210.00,100 גרם,false,,22.90,10.9048,true,1,15053
16000548503,false,חטיפי גרנולה קראנצ'י עם מייפל וסוכר חום נייצ'ר ואלי 5*42 גרם,ג'נרל מילס סאן אדריא,ES,חטיף קראנצי גרנולה מ,גרמים,210.00,100 גרם,false,,22.90,10.9048,true,1,15054
16000548602,false,חטיפי גרנולה קראנצ'י קינמון נייצ'ר ואלי 5*24 גרם,ג'נרל מילס סאן אדריא,ES,חטיף שיבולת שועל מלא,גרמים,210.00,100 גרם,false,,22.90,10.9048,true,1,15056
16229924263,false,קרם קוקוס 100% ארוי,ויט ורלד קומפני,,"קרם קוקוס 250 מ""ל.",מיליליטרים,250.00,"100 מ""ל",false,,10.90,4.3600,true,1,109492
21723339994,false,"רוטב דגים 300מ""ל (טיפרוס) (כ)",טאנג סאנג ראר קי,TH,טיפרוס רוטב דגים מזר,מיליליטרים,300.00,"100 מ""ל",false,,12.90,4.3000,true,1,16424
25675120020,false,סאוור סטיקס Sour Sticks בטעם אוכמניות,פשקס קנדי,NL,חמצוצים מקלות פטל 10,גרמים,100.00,100 גרם,false,,10.90,10.9000,true,1,5652
25675120037,false,מקלות חמצוצים תות 100 גרם,פשקס קנדי,NL,חמצוצים מקלות תות 10,גרמים,100.00,100 גרם,false,,10.90,10.9000,true,1,5653
25675120068,false,פשקז חמצוצים בטעם קולה 100 גרם,פשקז Paskesz,NL,חמצוצים מקלות קולה 1,גרמים,100.00,100 גרם,false,,10.90,10.9000,true,1,5655
31200001597,false,חמוציות אושן ספריי קליית גת בשקית 170 גרם,אושן ספריי,US,חמוציות ממותקות ומיו,גרמים,170.00,100 גרם,false,,11.90,7.0000,true,1,15065
34000196173,false,הרשי טבלה XL בטעם שוקולד לבן עם שברי עוגיות 113 גרם,ליימן מותגים,US,הרשיז קוקיס אנד קרים,גרמים,113.00,100 גרם,false,,8.90,7.8761,true,1,15071
37600207188,false,חמאת בוטנים סקיפי קלאסי 462 גרם,חברת המזון אלגוד,US,סקיפי חמאת בוטנים קל,גרמים,462.00,100 גרם,false,,21.90,4.7403,true,1,7118
37600207256,false,חמאת בוטנים סקיפי עם שברי בוטנים 462 גרם,חברת המזון אלגוד,US,סקיפי חמאת בוטנים עם,גרמים,462.00,100 גרם,false,,21.90,4.7403,true,1,7119
38000232152,false,פרינגלס חטיפי תפוח אדמה בטעם ברביקיו 158 גרם,פרינגלס מניופקצ'ורינ,US,פרינגלס ביג ברביקיו,גרמים,158.00,100 גרם,false,,10.90,6.8987,true,1,214969
38000232176,false,פרינגלס ביג שמנת בצל 158 גרם,פרינגלס מניופקצ'ורינ,US,פרינגלס ביג שמנת בצל,גרמים,158.00,100 גרם,false,,10.90,6.8987,true,1,214970
38000232183,false,פרינגלס ביג אורגינל 149 גרם,פרינגלס מניופקצ'ורינ,US,פרינגלס ביג אורגינל,גרמים,158.00,100 גרם,false,,10.90,6.8987,true,1,214971
38527591053,false,קואקר דגנים מרובעים שיבולת שועל וקינמון,BEVERAGES FOODS & SE,US,דגני בוקר מרובעים קי,גרמים,412.00,100 גרם,false,,23.90,5.8010,true,1,26610
38527591060,false,דגני קוואקר מרובעים Quaker Squares עם סוכר חום,BEVERAGES FOODS & SE,US,דגני בוקר מרובעים קו,גרמים,412.00,100 גרם,false,,23.90,5.8010,true,1,26611
39000008006,false,אורטגה טאקו מקסיקני 12 יחידות 164 גרם,בי אנד ג'י,US,אורטגה טאקו מקסיקני,גרמים,164.00,100 גרם,false,,21.90,13.3537,true,1,108925
40000514480,false,M&M אריזה קטנה's שוקולד אריזה קטנה 48 גרם,M&M אם אנד אם,US,עדשי שוקולד M&M שוקו,גרמים,48.00,100 גרם,false,,5.90,12.2917,true,1,15974
40000514510,false,M&M אריזה קטנה's בוטנים אריזה קטנה 49 גרם,M&M אם אנד אם,US,בוטנים 49 גרם M&M עד,גרמים,49.00,100 גרם,false,,5.90,12.0408,true,1,15975
41224700260,false,צלפים מיניאטורים בחומץ 90 ג,סיבס,TR,צלפים מינאטוריים בחו,גרמים,90.00,100 גרם,false,,19.50,21.6667,true,1,73822
46214382259,false,עוגיות בראוניס שוקולד 225 ג',בנקטבקריי מרבה בי.וי,NL,מרבה עוגיות בראוניס,גרמים,225.00,100 גרם,false,,10.90,4.8444,true,1,68356
46214731552,false,עוגיות שוקולד ציפס מובחרות 225 ג',קריניציה ויטמינה אס,NL,מרבה עוגיות שוקולד צ,גרמים,225.00,100 גרם,false,,10.90,4.8444,true,1,24554
50000015474,false,מזון חתולים יבש מעדני הים 3.15 פאונד,פריסקיז,US,פריסקיז מעדני הים 4*,קילוגרמים,1.40,"ק""ג",false,,39.90,28.5000,true,1,308511
50000084500,false,מזון יבש לחתול בטעם נתחי ברביקיו פריסקיז Friskies,נסטלה פורינה USA מק,US,פריסקיז מעדני השף מנ,קילוגרמים,1.43,"ק""ג",false,,39.90,27.9021,true,1,22264
50000100347,false,"פריסקיז - מעדני החתול מועשר בחלב 1.40 ק""ג",נסטלה פורינה USA מק,US,פריסקיז מעדני החתול,קילוגרמים,1.40,"ק""ג",false,,39.90,28.5000,true,1,22266
50000237951,false,פריסקיז פארטי מיקס מיקס גריל קראנץ10*60גרם,פורינה,US,פריסקיז פארטי מיקס מ,גרמים,60.00,100 גרם,false,,13.90,23.1667,true,1,472791
50000429448,false,פנסי פיסט מוס סלומון 85 גרם,נסטלה פורינה USA סט,US,פנסי פיסט פטה מוס סל,גרמים,85.00,100 גרם,false,,6.90,8.1176,true,1,22278
50000429646,false,מזון חתולים לח דגים פנסי פיסט 85 גרם,נסטלה פורינה USA ג',US,פנסי פיסט פטה דג אוק,גרמים,85.00,100 גרם,false,,6.90,8.1176,true,1,22279
51500255162,false,"חמאת בוטנים לל""ג JIF אריזת 454ג'",ג'י.אס.קיי קונסיומר,US,חמאת בוטנים קלאסית 4,גרמים,454.00,100 גרם,false,,18.90,4.1630,true,1,7372
52100004266,false,עלי טימין מקורמיק 10,מקורמיק,US,תימין ( עלים ) 67 גר,גרמים,67.00,100 גרם,false,,20.90,31.1940,true,1,449192
52100006260,false,אבקת שום מקורמיק 88.,מקרומיק,US,אבקת שום 88 גרם McCo,גרמים,88.00,100 גרם,false,,29.90,33.9773,true,1,449491
52100006987,false,עלי דפנה מקורמיק 3.4,מקורמיק,US,עלי דפנה 3 גרם McCor,גרמים,3.00,100 גרם,false,,21.90,730.0000,true,1,449280
54881000055,false,תה שחור מבחר פירות 20 שקיות אחמד,אחמד תה אנגליה,,תה שחור מבחר פירות 2,גרמים,695.00,100 גרם,false,,10.90,1.5683,true,1,284162
54881005654,false,תה ירוק יסמין 20 שקיות AHMAD TEA,אחמד תה אנגליה,AE,תה ירוק יסמין 20 שקי,גרמים,180.00,100 גרם,false,,11.90,6.6111,true,1,284182
54881006958,false,תה שחור קינמון 20 שקיקים אחמד,אחמד תה אנגליה,,תה שחור קינמון 20 שק,גרמים,695.00,100 גרם,false,,10.90,1.5683,true,1,284165
54881006972,false,תה שחור לימון וליים 20 שקיקים אחמד,תה אחמד Ahmad tea,,תה שחור לימון וליים,יחידה,0.00,יחידה,false,,10.90,0.0000,true,1,284166
54881008181,false,תה אחמד אינגליש 100 שקיקים,תה אחמד Ahmad tea,AE,תה אינגליש 100 שקיות,גרמים,180.00,100 גרם,false,,15.90,8.8333,true,1,284133
54881008945,false,תה ירוק 20 שקיות AHMAD TEA,אחמד תה אנגליה,AE,תה ירוק 20 שקיות - ת,גרמים,180.00,100 גרם,false,,11.90,6.6111,true,1,284185
54881016001,false,חליטת4 סוגי פרי וצמח,,AE,תה 4 סוגי חליטות פרי,גרמים,695.00,100 גרם,false,,10.90,1.5683,true,1,284167
55369902564,false,אפלסנקס רביעיות רסק תפוחי עץ ללא תוספת סוכר עברית,ליייהי אורצ'רדס,CA,אפלסנקס רסק תפוחי עץ,גרמים,452.00,100 גרם,false,,14.90,3.2965,true,1,41265
64144090013,false,פאם תרסיס על בסיס שמן קנולה בטעם חמאה,קונאגרה פודס,US,תרסיס שמן פאם חמאה 1,מיליליטרים,148.00,"100 מ""ל",false,,21.90,14.7973,true,1,15084
64144090051,false,"ספריי שמן PAM קנולה אורגינל 148 מ""ל",קונאגרה פודס,US,תרסיס שמן קנולה פאם,מיליליטרים,148.00,"100 מ""ל",false,,21.90,14.7973,true,1,15086
70177077563,false,תה ארל גריי 25 שקיות טוינינגס 50 גר,אר. טווינינגס אנד קו,PL,טווינינג ארל גריי 50,גרמים,50.00,100 גרם,false,,19.90,39.8000,true,1,127795
70177078775,false,תה ליידי גריי טוויני,טווינינגס Twinings,,טווינינג ליידי גריי,גרמים,50.00,100 גרם,false,,19.90,39.8000,true,1,127797
70177086664,false,תה ירוק טהור 25 שק TWININGS,טווינינגס Twinings,GB,טווינינג גרין פיור 5,גרמים,50.00,100 גרם,false,,21.90,43.8000,true,1,127798
70177173159,false,תה ירוק עם לימון 25 שק TWININGS,אר. טווינינגס אנד קו,PL,טווינינג גרין למון 4,גרמים,40.00,100 גרם,false,,21.90,54.7500,true,1,127799
70177177669,false,חליטה למון גינגר 30 גרם טווינינג,טוינינג,PL,טווינינג חליטה למון,גרמים,30.00,100 גרם,false,,18.90,63.0000,true,1,127811
72600062306,false,חטיף הר פודס בטעם גבינה 198 גרם,הר פודס,,הר חטיף גבינת 198 גר,גרמים,198.00,100 גרם,false,,21.90,11.0606,true,1,77744
76840100583,false,"גלידת וניל עם בצק עוגיות בן וג'ירי 473 מ""ל",מוצרי איכות אמריקאיי,IL,גלידה וניל +בצק עוגי,מיליליטרים,473.00,"100 מ""ל",false,,26.90,5.6871,true,1,16376
76840400218,false,"גלידה בן&ג'ריס תות שדה ועוגת גבינה 500מ""ל",מוצרי איכות אמריקאיי,IL,בן&גריס גלידה תות שד,מיליליטרים,475.00,"100 מ""ל",false,,26.90,5.6632,true,1,16391
77245110610,false,סוכריות מאסט ללא סוכר בטעם מנטה 80 ג'עלית,MIESZKO S.A - MS. JO,PL,סוכריות מאסט ללא סוכ,גרמים,80.00,100 גרם,false,,8.90,11.1250,true,1,25299
77975022757,false,בייגלה בסגנון אמריקאי 382 גרם סניידרס,סניידרס Snyder's,US,סניידרס בייגלה אמריק,גרמים,382.00,100 גרם,false,,17.90,4.6859,true,1,117593
77975094631,false,סנדביץ בייגלה במילוי קרם בטעם צ'דר 226 גרם סניידרס,סניידרס Snyder's,US,סניידרס בייגלה סנדוו,גרמים,266.00,100 גרם,false,,17.90,6.7293,true,1,300720
77975094761,false,סניידרס חטיפים על בסיס קמח חיטה בטעם גבינת צ'דר,סניידרס Snyder's,US,סניידרס צ'דר 340 גרם,גרמים,340.00,100 גרם,false,,17.90,5.2647,true,1,300721
77975094778,false,שברי בייגלה סניידרס בטעם דבש חרדל 340 גר,סניידרס Snyder's,US,סניידרס שברי בייגלה,גרמים,340.00,100 גרם,false,,17.90,5.2647,true,1,334891
77975095133,false,שברי בייגלה בטעם פיקנטי 318 ג' סניידרס,סניידרס Snyder's,US,בייגלה סניידרס פיקנט,גרמים,318.00,100 גרם,false,,17.90,5.6289,true,1,499598
80432402931,false,"וויסקי סקוטי, שיבאס ריגאל 12 שנה, 700 מ''ל",מזקקת האחים שיבאס,GB,שיבאס וויסקי ריגאל 1,מיליליטרים,700.00,"100 מ""ל",false,,144.90,20.7000,true,1,38355
611745285432,false,שלישיית מגבות מטבח,,,סט 3 מגבות מטבח,יחידה,0.00,יחידה,false,,14.90,0.0000,true,1,232170
611745285685,true,אבוקדו בשל יח,,,אבוקדו בשל יח,גרמים,470.00,100 גרם,false,,9.90,2.1064,true,1,109245
613008742348,false,בקבוק אריזונה ג'נסינג ודבש 1 ליטר,נובה טרייד אל טי די,DE,אריזונה ג'נסנג ודבש,ליטרים,1.00,ליטר,false,,12.80,12.8000,true,1,265723
613008742409,false,בקבוק אריזונה אפרסק 1 ליטר,נובה טרייד אל טי די,DE,אריזונה אפרסק בקבוק,ליטרים,1.00,ליטר,false,,12.80,12.8000,true,1,265724
613008753290,false,"בקבוק אריזונה אפרסק 450 מ""ל",אריזונה Arizona,BG,"אריזונה אפרסק 450 מ""",מיליליטרים,450.00,"100 מ""ל",false,,9.30,2.0667,true,1,141264
613008755461,false,בקבוק אריזונה אוכמניות 1 ליטר,נובה טרייד אל טי די,DE,אריזונה אוכמניות בקב,ליטרים,1.00,ליטר,false,,12.80,12.8000,true,1,265725
628154383659,false,דגני בוקר פרוטי פבלס 311 ג' POST,פוסט ארצות הברית,US,דגני בוקר פרוטי פבלס,גרמים,311.00,100 גרם,false,,26.90,8.6495,true,1,415647
645173911038,false,קורנישון מלפפוןן מיני 720 גרם - תומר,קלמן אינדיה,IN,מלפפונים קורנישון מי,גרמים,720.00,100 גרם,false,,11.90,1.6528,true,1,27561
649660432020,false,היל ויו שזיפים מיובשים מגולענים 567 גרם,היליו פאקינג קוסמי א,US,הייל ויו שזיפים מיוב,גרמים,567.00,100 גרם,false,,29.90,5.2734,true,1,327408
693493034517,false,פילה אנשובי בשמן חמניות וצלפים 50 גר,פאטינה פוד,MA,פילה אנשובי בשמן חמנ,גרמים,50.00,100 גרם,false,,6.90,13.8000,true,1,258373
693493065641,false,טחינה הר כנען טחינה שכם לבנה 100% 500 ג,,,טחינת הר כנען 100% ש,גרמים,500.00,100 גרם,false,,15.90,3.1800,true,1,380746
693493186865,true,פיתה לבנה 5 יח' פיתא,,,פיתה לבנה 5 יח' פיתא,גרמים,500.00,100 גרם,false,,7.90,1.5800,true,1,505976
693493186889,true,פיתה כוסמין 6 יח' פי,,,פיתה כוסמין 6 יח' פי,גרמים,360.00,100 גרם,false,,9.90,2.7500,true,1,506008
693493186896,true,פיתה לבנה 10 יח' פית,,,פיתה לבנה 10 יח' פית,גרמים,1000.00,100 גרם,false,,14.90,1.4900,true,1,506009
693493186902,true,מיני לחם פרנה 8 יח',,,מיני לחם פרנה 8 יח',גרמים,480.00,100 גרם,false,,15.90,3.3125,true,1,506025
693493186926,true,לחם פרנה 4 יח' פיתא,,,לחם פרנה 4 יח' פיתא,גרמים,480.00,100 גרם,false,,14.90,3.1042,true,1,506026
728229123590,false,טרה אורגינל חטיף על בסיס ירקות שורש בטעם טבעי 110 גרם,הונדורס צ'יפס יצור א,HN,טרה צ'יפס ירקות שורש,גרמים,110.00,100 גרם,false,,16.90,15.3636,true,1,7388
728229123613,false,טרה חטיף על בסיס תפוח אדמה כחול בטעם טבעי 110 גרם,היין סלסטיאל גרופ,US,טרה צ'יפס חטיף ירקות,גרמים,50.00,100 גרם,false,,16.90,33.8000,true,1,7389
728229124764,false,טרה חטיף על בסיס בטטה עם מלח ים 110 גרם,היין פיוצ'ור נטורל פ,US,טרה צ'יפס חטיף בטטה,גרמים,110.00,100 גרם,false,,16.90,15.3636,true,1,133225
728229124771,false,טרה חטיף על בסיס בטטה בטעם ברביקיו 110 גרם,היין פיוצ'ור נטורל פ,IN,טרה צ'יפס חטיף מבטטה,גרמים,110.00,100 גרם,false,,16.90,15.3636,true,1,7391
728229130154,false,טרה חטיף על בסיס בטטה וסלק בטעם טבעי 110 גרם,הונדורס צ'יפס יצור א,HN,טרה צ'יפס חטיף בטטה,גרמים,110.00,100 גרם,false,,16.90,15.3636,true,1,7392
768404001640,false,"גלידה בן&ג'ריס קפה משפחתית 500מ""ל",מוצרי איכות אמריקאיי,IL,גלידה פיינטס קפה 473,מיליליטרים,473.00,"100 מ""ל",false,,26.90,5.6871,true,1,16398
769904000997,false,דגש שקדי מרק ללא גלו,משובח תעשיות מזון,IL,דגש שקדי מרק ללא גלו,גרמים,200.00,100 גרם,false,,15.90,7.9500,true,1,51836
818570007066,false,"פיור וניל טהור 29 מ""ל ""ווטקינס""","ג'יי אר ווטקינס בע""מ",US,וטקינס וניל טהור 2,מיליליטרים,29.00,"100 מ""ל",false,,33.90,116.8966,true,1,108644
835811005810,false,מגש הכסף תבנית מרובע קטן +מכסה 10 יח`,הנמל,IL,תבנית אלומיניום מרוב,יחידה,0.00,יחידה,false,,14.90,0.0000,true,1,9451
835811007166,false,כוסות חד פעמיות מקרטון עם מכסה פלסטיק,"צח ייבוא ושיווק בע""מ",IL,'כוסות לקפה לדרך+מכס,יחידה,0.00,יחידה,false,,15.90,0.0000,true,1,9522
839762000658,false,איילנד גויאבה המשקה של חופי סיני 1 ליטר,The Egyptian Co. for,EG,איילנד נקטר גויאבה 1,ליטרים,1.00,ליטר,false,,12.50,12.5000,true,1,11395
841058006633,false,"אדג' ג'יל גילוח מועשר בשיבולת שועל 198 מ""ל",אדג' ג'ל,US,ג'ל גילוח אדג' מועשר,מיליליטרים,198.00,"100 מ""ל",false,,18.90,9.5455,true,1,274211
859547004466,false,קירצוף וספוג ניקוי SCRUB DADDY,סקארקיסט,US,ספוג ניקוי דו צדדי ס,גרמים,34.00,100 גרם,false,,18.90,55.5882,true,1,404864
884912002372,false,דגני בוקר גרייט גריינס פוסט453 גרם,פוסט ארצות הברית,US,פוסט דגנים קרנברי 39,גרמים,396.00,100 גרם,false,,27.90,7.0455,true,1,52184
884912102102,false,דגני בוקר פוסט סלקט אוכמניות 382 גר,הנסיך- מפעל לייצור ט,US,דגני בוקר אוכמניות ג,גרמים,382.00,100 גרם,false,,28.90,7.5654,true,1,118378
884912126115,false,גרייט גריינס דגני בוקר עם פירות יבשים פוסט 453 גרם,הנסיך- מפעל לייצור ט,US,דגני בוקר גרייט גריי,גרמים,453.00,100 גרם,false,,28.90,6.3797,true,1,52187
884912359155,false,האני באנצ' דגני בוקר עם דבש פוסט 411 גרם,פוסט ארצות הברית,US,דגני בוקר שיבולת שוע,גרמים,340.00,100 גרם,false,,27.90,8.2059,true,1,411474
884912359162,false,האני באנצ' דגני בוקר עם שקדים פוסט 411 גרם,פוסט ארצות הברית,US,דגני בוקר שיבולת שוע,גרמים,340.00,100 גרם,false,,27.90,8.2059,true,1,411459
884912359483,false,דגני בוקר האני באנצס תות 312 ג' POST,פוסט ארצות הברית,US,דגני בוקר שיבולת שוע,גרמים,311.00,100 גרם,false,,27.90,8.9711,true,1,411491
884912365200,false,דגני בוקר אוראו שחור ולבן 311 גרם,פוסט ארצות הברית,US,דגני בוקר עם פירורי,גרמים,311.00,100 גרם,false,,27.90,8.9711,true,1,473540
3046920010801,false,שוקולד מריר אקסלנס עם אגוזי לוז,לינדט ושפרונגלי אס.א,FR,לינדט אקסלנס 100ג,גרמים,100.00,100 גרם,false,,18.90,18.9000,true,1,90283
3046920016377,false,לינדט שוקולד אקסלנס מריר 100% קקאו 50 גר,לינדט ושפרונגלי,DE,לינדט אקסלנס מילד 10,גרמים,100.00,100 גרם,false,,18.90,18.9000,true,1,251978
3046920028004,false,לינדט שוקולד אקסלנס מריר 70% 100 גר,לינדט ושפרונגלי,FR,לינדט אקסלנס 70% 100,גרמים,100.00,100 גרם,false,,18.90,18.9000,true,1,15994
3046920028363,false,לינדט אקסלנס 85% מוצקי קקאו 100 גרם,לינדט ושפרונגלי,FR,לינדט אקסלנס 85% 100,גרמים,100.00,100 גרם,false,,18.90,18.9000,true,1,15995
3046920028752,false,שוקולד לינדט אקסלנס מינט 100 גרם,לינדט ושפרונגלי,FR,לינדט אקסלנס מריר מנ,גרמים,100.00,100 גרם,false,,18.90,18.9000,true,1,15997
3046920029674,false,שוקולד לינדט אקסלנס סולט 100 גרם,לינדט ושפרונגלי,DE,לינדט אקסלנס עם שבבי,גרמים,100.00,100 גרם,false,,18.90,18.9000,true,1,15998
3046920029681,false,לינדט שוקולד אקסלנס מילד 85% קקאו 100 גר,לינדט,DE,לינדט אקסלנס מילד 85,גרמים,100.00,100 גרם,false,,18.90,18.9000,true,1,251964
3059940007768,false,"אירוויק ספריי בניחוח וניל ואורכידאה 240 מ""ל",איירוויק Air Wick,GB,אירוויק ספרי וניל או,מיליליטרים,240.00,"100 מ""ל",false,,12.90,5.3750,true,1,24032
3059943016569,false,"אירוייק ספריי בניחוח פריסיה ויסמין 240 מ""ל",איירוויק Air Wick,GB,אירוויק ספריי פרסיה,מיליליטרים,240.00,"100 מ""ל",false,,12.90,5.3750,true,1,24046
3073781161687,false,גבינה לה ושקרי 256 גרם כשר,פרומאג'רי בל דום סאם,FR,גבינה מותכת לה וואש,גרמים,256.00,100 גרם,false,,24.90,9.7266,true,1,316628
3073781162790,false,גבינה מותכת בייבי בל 120 גרם,מחלבות בל,FR,בייבי בל 24% אדום 12,גרמים,120.00,100 גרם,false,,23.90,19.9167,true,1,438860
3073781177220,false,גבינת אדם בייבי בל ר,מחלבות בל,FR,גבינת בייבי בל רול 1,גרמים,102.00,100 גרם,false,,23.90,23.4314,true,1,465345
3161911229199,false,חמאה צרפתית רכה למריחה אל & ויר 250 גרם,אלל אה וויר,FR,אלוויר חמאה רכה 250ג,גרמים,250.00,100 גרם,false,,23.90,9.5600,true,1,19534
3161911366429,false,חמאה צרפתית מלוחה רכה למריחה אלוויר 250 גר',ארזינא,FR,אלוויר חמאה רכה מלוח,גרמים,250.00,100 גרם,false,,23.90,9.5600,true,1,19536
3161911393210,false,אלוויר חמאת נורמנדי מלוחה 200 גרם,אלוויר,FR,חמאת נורמנדי מלוחה 2,גרמים,200.00,100 גרם,false,,23.90,11.9500,true,1,428368
3162330060479,false,בירה SAER BRAU 6*250,,,בירה SAER BRAU 6*250,ליטרים,1.50,ליטר,false,,15.90,10.6000,true,1,500920
3175460000017,false,גבינת בורסאן שום ועשבי תיבול 150 גר,השחר,FR,גבינת בורסאן שום עשב,גרמים,150.00,100 גרם,false,,22.90,15.2667,true,1,107795
3175460000864,false,גבינת בורסאן טבעי 150 גר,Unknown,FR,גבינת בורסאן טבעי 15,גרמים,150.00,100 גרם,false,,22.90,15.2667,true,1,107820
3178530402353,false,מיני מדליינס סאן מישל 175 גרם,סאן מישל,FR,עוגיות רכות מיני מדל,גרמים,175.00,100 גרם,false,,13.90,7.9429,true,1,120030
3178530407938,false,"עוגות מיני מדליין עם שוקולד צ'יפס, 175 גרם",סאן מישל,FR,עוגיות שוקולד צ'יפס,גרמים,175.00,100 גרם,false,,13.90,7.9429,true,1,120032
3178530417340,false,בראוניז שוקולד סאן מישל 210 גרם,סן מישל,FR,בראוניז שוקולד סאן מ,גרמים,210.00,100 גרם,false,,18.90,9.0000,true,1,387116
3245412211393,false,שוקולד חלב מעולה קרפ,,FR,שוקולד חלב מעולה קרפ,גרמים,300.00,100 גרם,false,,8.90,2.9667,true,1,444517
3245412211409,false,שוקולד חלב מעולה עם,,FR,שוקולד חלב מעולה עם,גרמים,300.00,100 גרם,false,,16.90,5.6333,true,1,444346
3270190111108,false,קרפור מוזלי פירות 7,,,קרפור מוזלי פירות 7,גרמים,750.00,100 גרם,false,,16.90,2.2533,true,1,481571
3270190151654,false,שוקולד מריר מעולה עם,,FR,שוקולד מריר מעולה עם,גרמים,100.00,100 גרם,false,,6.90,6.9000,true,1,444363
3270190174936,false,שוקולד חלב עם תכולת,,FR,שוקולד חלב עם תכולת,גרמים,100.00,100 גרם,false,,6.90,6.9000,true,1,444380
3387390320244,false,פיטנס דגני בוקר מחיטה מלאה עם פירות נסטלה 375 גרם,נסטלה צרפת איטנקורט,FR,פיטנס פירות דגני עם,גרמים,375.00,100 גרם,false,,23.90,6.3733,true,1,22292
3523230025652,false,"גבינת מיני בושה עם שום ועשי תיבול ועשבי, 125 גרם",אוריאל,FR,גבינהת עזים מיני בוש,גרמים,125.00,100 גרם,false,,26.90,21.5200,true,1,19561
3523230026826,false,"גבינת עיזים למריחה פירמידה, 140 גרם",אוריאל,FR,פרמידה עיזים טבעי 14,גרמים,140.00,100 גרם,false,,26.90,19.2143,true,1,19562
3560070230778,false,קרפור-תה אנגלי שחור,,,קרפור-תה אנגלי שחור,גרמים,50.00,100 גרם,false,,7.90,15.8000,true,1,501177
3560070232963,false,קרפור-חליטת פירות יע,,,קרפור-חליטת פירות יע,גרמים,40.00,100 גרם,false,,7.90,19.7500,true,1,501096
3560070582884,false,קרפור סטייליס עם שוק,,,קרפור סטייליס עם שוק,גרמים,300.00,100 גרם,false,,9.90,3.3000,true,1,481537
3560070669981,false,שוקולד מריר מעולה 80,,FR,שוקולד מריר מעולה 80,גרמים,80.00,100 גרם,false,,5.90,7.3750,true,1,444331
3560070701407,false,שוקולד מריר מעולה עם,,FR,שוקולד מריר מעולה עם,גרמים,100.00,100 גרם,false,,6.90,6.9000,true,1,444364
3560070720859,false,שוקולד מריר מעולה 72,,FR,שוקולד מריר מעולה 72,גרמים,80.00,100 גרם,false,,5.90,7.3750,true,1,444348
3560070800230,false,קרפור שוקו קרלס 375,,,קרפור שוקו קרלס 375,גרמים,375.00,100 גרם,false,,7.90,2.1067,true,1,481589
3560070800322,false,קרפור סנופלקס 375 גר,,,קרפור סנופלקס 375 גר,גרמים,375.00,100 גרם,false,,7.90,2.1067,true,1,481572
3560070826186,false,קרפור מוזלי שוקולד ו,,,קרפור מוזלי שוקולד ו,גרמים,750.00,100 גרם,false,,15.90,2.1200,true,1,481553
3560070852086,false,קרפור-תה ירוק בטעם נ,,,קרפור-תה ירוק בטעם נ,גרמים,40.00,100 גרם,false,,7.90,19.7500,true,1,501128
3560070852116,false,קרפור-תה ירוק נענע 5,,,קרפור-תה ירוק נענע 5,גרמים,80.00,100 גרם,false,,9.90,12.3750,true,1,501112
3560070888108,false,קרפור-תה שחור בטעם ל,,,קרפור-תה שחור בטעם ל,גרמים,40.00,100 גרם,false,,7.90,19.7500,true,1,501160
3560070888115,false,קרפור-חליטת טיליה 25,,,קרפור-חליטת טיליה 25,גרמים,42.50,100 גרם,false,,7.90,18.5882,true,1,501049
3560070888122,false,קרפור-חליטת קמומיל 2,,,קרפור-חליטת קמומיל 2,גרמים,30.00,100 גרם,false,,7.90,26.3333,true,1,501032
3560070888139,false,קרפור-תה שחור בטעם פ,,,קרפור-תה שחור בטעם פ,גרמים,42.50,100 גרם,false,,7.90,18.5882,true,1,501144
3560070888153,false,קרפור-תה ירוק בטעם ל,,,קרפור-תה ירוק בטעם ל,גרמים,40.00,100 גרם,false,,7.90,19.7500,true,1,501161
3560070928194,false,קרפור-חליטת לואיזה 2,,,קרפור-חליטת לואיזה 2,גרמים,32.50,100 גרם,false,,7.90,24.3077,true,1,501033
3560070928347,false,קרפור-חליטת רויבוש ו,,,קרפור-חליטת רויבוש ו,גרמים,40.00,100 גרם,false,,7.90,19.7500,true,1,501080
3560071013127,false,קרפור סטייליס עם שוק,,,קרפור סטייליס עם שוק,גרמים,300.00,100 גרם,false,,9.90,3.3000,true,1,481554
3560071013196,false,קרפור סטייליס בטעם ט,,,קרפור סטייליס בטעם ט,גרמים,500.00,100 גרם,false,,10.90,2.1800,true,1,481555
3560071016074,false,קרפור קורונפלקס 500,,,קרפור קורונפלקס 500,גרמים,500.00,100 גרם,false,,7.90,1.5800,true,1,481607
3560071188689,false,בירה Walberg 6*250 מ,,,בירה Walberg 6*250 מ,ליטרים,1.50,ליטר,false,,19.90,13.2667,true,1,500904
3560071341947,false,שמן זית כתית מעולה ב,,FR,שמן זית כתית מעולה ב,מיליליטרים,750.00,"100 מ""ל",false,,11.50,1.5333,true,1,480576
3560071431914,false,קפסולות קפה קרפור עו,,FR,קפסולות קפה קרפור עו,גרמים,52.00,100 גרם,false,,7.90,15.1923,true,1,482566
3560071432003,false,קפסולות קפה קרפור עו,,FR,קפסולות קפה קרפור עו,גרמים,52.00,100 גרם,false,,7.90,15.1923,true,1,482598
3560071432034,false,קפסולות קפה נטול קרפ,,FR,קפסולות קפה נטול קרפ,גרמים,52.00,100 גרם,false,,7.90,15.1923,true,1,482599
3560071432065,false,קפסולות קפה קרפור עו,,FR,קפסולות קפה קרפור עו,גרמים,52.00,100 גרם,false,,7.90,15.1923,true,1,482600
3560071432096,false,קפסולות קפה קרפור עו,,FR,קפסולות קפה קרפור עו,גרמים,52.00,100 גרם,false,,7.90,15.1923,true,1,482601
3560071432157,false,קפסולות קפה וניל קרפ,,FR,קפסולות קפה וניל קרפ,גרמים,52.00,100 גרם,false,,7.90,15.1923,true,1,482602
3560071432188,false,קפסולות קפה קרמל קרפ,,FR,קפסולות קפה קרמל קרפ,גרמים,52.00,100 גרם,false,,7.90,15.1923,true,1,482603
3560071432218,false,קפסולות קפה אגוז קרפ,,FR,קפסולות קפה אגוז קרפ,גרמים,52.00,100 גרם,false,,7.90,15.1923,true,1,482604
3560071432249,false,קפסולות קפה ברזיל קר,,FR,קפסולות קפה ברזיל קר,גרמים,52.00,100 גרם,false,,7.90,15.1923,true,1,482605
3560071432270,false,קפסולות קפה קולומביה,,FR,קפסולות קפה קולומביה,גרמים,52.00,100 גרם,false,,7.90,15.1923,true,1,482606
3560071432300,false,קפסולות קפה אתיופיה,,FR,קפסולות קפה אתיופיה,גרמים,52.00,100 גרם,false,,7.90,15.1923,true,1,482607
3560071432331,false,קפסולות קפה לאוס קרפ,,FR,קפסולות קפה לאוס קרפ,גרמים,52.00,100 גרם,false,,7.90,15.1923,true,1,482608
3560071432362,false,קפסולות קפה קניה קרפ,,FR,קפסולות קפה קניה קרפ,גרמים,52.00,100 גרם,false,,7.90,15.1923,true,1,482609
3560071432393,false,קפסולות קפה קוסטה רי,,FR,קפסולות קפה קוסטה רי,גרמים,52.00,100 גרם,false,,7.90,15.1923,true,1,482610
3560071432515,false,קפסולות קפה קרפור עו,,FR,קפסולות קפה קרפור עו,גרמים,52.00,100 גרם,false,,7.90,15.1923,true,1,482611
3560071432690,false,קפסולות קפה קרפור עו,,FR,קפסולות קפה קרפור עו,גרמים,52.00,100 גרם,false,,7.90,15.1923,true,1,482612
3574660089547,false,טמפונים נורמל קלאסי אובה 32 יחידות,ג'ונסון אנד ג'ונסון,GR,טמפון קלאסי נורמל או,יחידה,0.00,יחידה,false,,25.90,0.0000,true,1,24567
3574661114637,false,ליסטרין שטיפת פה קול מינט טעם מעודן 500,ג'ונסון אנד ג'ונסון,IT,מי פה זירו ליסטרין 5,מיליליטרים,500.00,"100 מ""ל",false,,23.90,4.7800,true,1,32811
3574661419435,false,תחבושת הגיינית וניה מקסי לילה 12 יח',Johnson Vania - BL,BE,תחבושות הגייניות מקס,יחידה,0.00,יחידה,false,,30.90,0.0000,true,1,458000
3574661552576,false,קרפרי מגן תחתון רגיל טנגה לבן 56 יח חדש,הדקלאים אגודת שיתופי,GR,קרפרי רגיל טנגה לבן,יחידה,0.00,יחידה,false,,17.90,0.0000,true,1,227460
3574661552804,false,קרפרי מגן תחתון אלוורה 56 יח',הדקלאים אגודת שיתופי,IT,קרפרי מגן תחתן אלוור,יחידה,0.00,יחידה,false,,17.90,0.0000,true,1,227461
3574661554877,false,קרפרי מגן תחתון כותנה מבושם 56 יח,הנסיך- מפעל לייצור ט,GR,קרפרי כותון מבושם 56,יחידה,0.00,יחידה,false,,17.90,0.0000,true,1,227462
3574661610344,false,נטרוגינה קרם לחות עשיר ומרוכז לעור יבש ע,שסטוביץ,IT,ניוטרוג'ינה קרם לחות,מיליליטרים,300.00,"100 מ""ל",false,,33.90,11.3000,true,1,499113
3574661643359,false,ליסטרין נטורלס שטיפת פה אנאמל פרוטקט,גונסון אנד גונסון,IT,שטיפת פה בטעם מעודן,מיליליטרים,500.00,"100 מ""ל",false,,21.90,4.3800,true,1,408700
3574661650029,false,ליסטרין שטיפת פה להגנה על החניכיים בטעם מעודן,גונסון אנד גונסון,IT,שטיפת פה להגנה על הח,מיליליטרים,500.00,"100 מ""ל",false,,21.90,4.3800,true,1,408701
3574669907828,false,שמפו גונסון קמומיל 300 מל,,,ג'ונסון בייבי שמפו,מיליליטרים,330.00,"100 מ""ל",false,,7.90,2.3939,true,1,342537
3574669909204,false,גונסונס בייבי שמן לתינוק 300 מל,ג'ונסונס Johnson's,IT,ג'ונסונס בייבי שמן 3,מיליליטרים,300.00,"100 מ""ל",false,,23.90,7.9667,true,1,141338
3600523651900,false,מרכך לחיזוק סיב השערה לכל סוגי השיער,לוריאל - אלביב Elvive,TR,מרכך ארגנין אלביב 55,מיליליטרים,550.00,"100 מ""ל",false,,17.90,3.2545,true,1,123691
3608580071389,false,ממרח ערמונים 370 גרם BONNE MAMAN,בון מאמא,FR,ממרח ערמונים 370 גרם,גרמים,370.00,100 גרם,false,,21.90,5.9189,true,1,447116
3608580075646,false,קונפיטורה בטעם שזיפים 370 גר BONNE MAMAN,בון מאמא,FR,קונפיטורה שזיף 370 ג,גרמים,370.00,100 גרם,false,,21.90,5.9189,true,1,447099
3608580730231,false,קונפיטורה בון ממאן תות שדה 370 גר',אף.סי תבליני בגליל ב,FR,קונפיטורה תות 370 גר,גרמים,370.00,100 גרם,false,,21.90,5.9189,true,1,23891
3608580730248,false,קונפיטורה דובדובן 370 ג' בוני מאמן,בון ממן,FR,קונפיטורה דובדבן 370,גרמים,370.00,100 גרם,false,,21.90,5.9189,true,1,23892
3760032043419,false,שאטו קוט בוגרד בורדו,,,שאטו קוט בוגרד בורדו,מיליליטרים,750.00,"100 מ""ל",false,,59.90,7.9867,true,1,418554
3770016577069,false,יין לבן יבש שבלי ברו,,,יין לבן יבש שבלי ברו,מיליליטרים,750.00,"100 מ""ל",false,,89.90,11.9867,true,1,349201
3800020403631,false,קיט קט וופל פריך עם קרם בוטנים (19%) בציפוי שוקולד חלב (61.8%),נסטלה בולגריה A.D.,BG,קיט קט צ'אנקי חמאת ב,גרמים,42.00,100 גרם,false,,4.90,11.6667,true,1,1246
4000417101310,false,אימצ'לי-גלילי וופל עם קרם קקאו 150 גרם,Unknown,,גלילי וופל קרם קקאו,גרמים,150.00,100 גרם,false,,19.90,13.2667,true,1,499630
4000417222008,false,שוקולד ריטר ספורט חלב+שברי אגוזים 100 גרם חלב נוכרי,ריטר ספורט Ritter sport,DE,ריטר שוקולד ספורט חל,גרמים,100.00,100 גרם,false,,10.90,10.9000,true,1,15112
4000417294005,false,שוקולד ריטר מוס קקאו 100 גרם חלב נוכרי,ריטר ספורט Ritter sport,DE,שוקולד חלב קרם קקאו,גרמים,100.00,100 גרם,false,,10.90,10.9000,true,1,15117
4000539280726,false,שוקולד לינדט אקסלנס מילד 70% 100 גר,לינדט ושפרונגלי,DE,לינדט אקסלנס 70% 100,גרמים,100.00,100 גרם,false,,18.90,18.9000,true,1,460818
4000539280740,false,לינדט אקסלנס 78% מוצקי קקאו 100 גרם,לינדט,FR,לינדט אקסלנס 78% 100,גרמים,100.00,100 גרם,false,,18.90,18.9000,true,1,460819
4001518106112,false,טורינוס מקלות פריכים עם רוזמרין 125 גרם,גריסון,DE,מקלות מאפים עם רוזמר,גרמים,125.00,100 גרם,false,,14.90,11.9200,true,1,312021
4002720005736,false,מליטה קפה לפילטר פרימיום 250 גרם,המאפיה של הרמן,DE,מליטה פרימיום קפה פי,גרמים,250.00,100 גרם,false,,24.90,9.9600,true,1,7498
4005900555915,false,"ניוואה - תחליב רחצה קוקוס וחוחובה 750 מ""ל",ביירסדורף AG,DE,ניוואה קאר תחליב רחצ,מיליליטרים,750.00,"100 מ""ל",false,,18.90,2.5200,true,1,394062
4005900828088,false,"ניוואה - דאודורנט רול און לגבר פרש 50 מ""ל",טרופיקל דגיל תעשיות,DE,דאו' רול און לגבר פר,מיליליטרים,50.00,"100 מ""ל",false,,16.90,33.8000,true,1,1176
4005900833723,false,"ניוואה - פאוור פרש ג'ל רחצה לגבר 500 מ""ל",ניואה,,ג'ל רחצה לגבר ניוואה,מיליליטרים,500.00,"100 מ""ל",false,,16.90,3.3800,true,1,392815
4006387085407,false,שלישיית פילטר מקסטרא סודהסטרים,בריטה Brita,,שלישיית פילטר מקסטרה,יח',3.00,יח',false,,140.00,46.6667,true,1,125936
4008287051032,false,בירה קרומבאכר פילס 0.50 ליטר פחית,מנדלז סי.אר. פרודקשן,DE,בירה קרומבכר פילס בפ,מיליליטרים,500.00,"100 מ""ל",false,,11.20,2.2400,true,1,426013
4008287058161,false,בירה קרומבאכר פילס 4.8% שישיה 6 * 330 מל,מנדלז סי.אר. פרודקשן,DE,בירה קרומבכר פילס שי,ליטרים,1.98,ליטר,false,,33.90,17.1212,true,1,335229
4009300522935,false,תה ירוק לימונית ולואיזה פומפדור 20 יחידות,"איטיליאן פוד, אס.פי.",DE,פומפדור תה ירוק לימו,גרמים,30.00,100 גרם,false,,20.90,69.6667,true,1,24629
4009300524588,false,תה פומפדור חליטת צמחים פירות יער 20 יח',פומפדור Pompadour,DE,פומפדור חליטת פירות,גרמים,60.00,100 גרם,false,,17.90,29.8333,true,1,24631
4009300525684,false,תה חליטת פומפדור לימון וגינגיר 20 יח,פומפדור Pompadour,DE,פומפדור חליטת לימוןג,גרמים,35.00,100 גרם,false,,17.90,51.1429,true,1,24634
4009309022399,false,כרוב כבוש אורגני 670 גרם,נטורפוד,DE,כרוב כבוש אורגני 670,גרמים,670.00,100 גרם,false,,17.90,2.6716,true,1,272555
4009900402965,false,אורביט וויט בטעם פירות בקבוקון 46מלבניות,ריגלי פולין,PL,אורביט וויט פירות בק,גרמים,64.00,100 גרם,false,,12.90,20.1563,true,1,49656
4009900426039,false,מסטיק איירוויבז מנטה אקליפטוס בקבוקון 64,איירוויבס Airwaves,PL,בקבוקון בקבוקון מסטי,גרמים,64.00,100 גרם,false,,12.90,20.1563,true,1,49668
4009900531573,false,סוכריות סקיטלס סמודיס בטעמי יוגורט ופירות,סקיטלס Skittles,CZ,סקיטלס סמודיס 174 גר,גרמים,174.00,100 גרם,false,,9.90,5.6897,true,1,139571
4009900534611,false,מסטיק איירוויבז בקבוקון בטעם מלון ומנטה,ריגלי,PL,איירוויבז בטעם מלון,גרמים,64.00,100 גרם,false,,12.90,20.1563,true,1,236595
4009900535823,false,מסטיק אורביט רפרשרס באבלמינט ללא סוכר 15.6גר',אורביט,PL,אורביט רפרשרס באבלמי,גרמים,15.00,100 גרם,false,,4.90,32.6667,true,1,284296
4009900539432,false,מסטיק פייב באונס בטעם אבטיח HP,Unknown,PL,מסטיק בטעם אבטיח פיי,גרמים,14.40,100 גרם,false,,4.90,34.0278,true,1,438030
4009900540551,false,מסטיק אורביט רפרשרס טרופיקל בקבוקון ללא סוכר,מרס פולין,PL,אורביט רפרשרס טרופיק,גרמים,67.00,100 גרם,false,,13.90,20.7463,true,1,402577
4011800528416,false,קורני חטיף דגנים עם בוטנים מתוק-מלוח*6,קורני Corny,DE,חטיף בייס סויט סולט,גרמים,150.00,100 גרם,false,,15.90,10.6000,true,1,198778
4011800567613,false,קורני סנדוויץ שחור לבן 4 יחידות,מיוצר עי קונדיטוריית,DE,חטיף דגנים סנדוויץ ש,גרמים,120.00,100 גרם,false,,15.90,13.2500,true,1,7527
4011800628512,false,חטיף קורני שוקולד חלב 6 יח 150 גר,מיוצר עי קונדיטוריית,DE,חטיף דגנים עם שוקולד,גרמים,150.00,100 גרם,false,,15.90,10.6000,true,1,7547
4011800630515,false,חטיף קורני שוקולד חלב ובננה 6 יח 150 גר,מיוצר עי קונדיטוריית,DE,חטיף דגנים עם שוקולד,גרמים,150.00,100 גרם,false,,15.90,10.6000,true,1,7549
4011800633516,false,קורני שוקולד מריר מעולה 58% קקאו 6*1,שוורטאוור וורקה,DE,חטיף דגנים שוקולד מר,גרמים,138.00,100 גרם,false,,15.90,11.5217,true,1,7552
4014400901191,false,בונבונריית מרסי מבחר ממתקי שוקולד 250 גרם,ליימן מותגים,DE,בונבונירה מרסי 250 ג,גרמים,250.00,100 גרם,false,,29.90,11.9600,true,1,15138
4014400901412,false,בונבונריית מרסי מבחר ממתקי שוקולד מריר 250 גרם,תות ממתקי איכות,DE,מרסי מריר 250 גרם,גרמים,250.00,100 גרם,false,,29.90,11.9600,true,1,15140
4014400904376,false,סוכריות טופי בטעם שוקולד סטורק 325 גרם,קריניציה ויטמינה אס,DE,סוכ.שטורק שוקולדן 32,גרמים,325.00,100 גרם,false,,20.90,6.4308,true,1,15145
4014400904390,false,סוכריות טופי ממולא חלב סטורק 325 גרם,קריניציה ויטמינה אס,DE,סוכריות וולמליש 325ג,גרמים,325.00,100 גרם,false,,20.90,6.4308,true,1,15146
4014400914696,false,וורטרס אורגינל סוכריות ללא סוכר 80 גרם,ליימן מותגים,DE,80 סוכריות חמאה וורט,גרמים,80.00,100 גרם,false,,9.90,12.3750,true,1,15156
4014400914924,false,סוכריות וורטר אורגינל ללא סוכר קפה 80 ג',קריניציה ויטמינה אס,DE,80 סוכריות קפה וורטר,גרמים,80.00,100 גרם,false,,9.90,12.3750,true,1,15157
4014400923711,false,בונבוניירה שוקולד אגוזים טופיפי 125 גרם,ליימן מותגים,DE,טופיפי בונבונירה שוק,גרמים,125.00,100 גרם,false,,14.90,11.9200,true,1,15161
4014400925319,false,וורטרס אורגינל פופקורן קרמל 140 גרם,וורטרס Werther's,DE,חטיף פופקורן בציפוי,גרמים,140.00,100 גרם,false,,15.90,11.3571,true,1,271514
4014600202609,false,רגולדס -סוכריות בפח עם ליים ואוכמניות 150 ג',RAGOLDS GMBH,,סוכריות בפח עם ליים,גרמים,150.00,100 גרם,false,,10.90,7.2667,true,1,458399
4014600203149,false,רגולדס -סוכריות בפח בטעםי פירות יער 150 ג',,,סוכריות בפח בטעם פיר,גרמים,150.00,100 גרם,false,,10.90,7.2667,true,1,458401
4015000031394,false,"ספטיל - משחה להסרת כתמים 200 מ""ל",קריות זול,IL,מסיר כתמים ספטיל 200,גרמים,200.00,100 גרם,false,,18.90,9.4500,true,1,39462
4015400564034,false,אולוויז מגן תחתון מגה פק לונג פלוס 58 יח',פרוקטר אנד גמבל,DE,מגן תחתון לונג פלוס,יחידה,0.00,יחידה,false,,18.90,0.0000,true,1,29984
4015400564454,false,מגני תחתון אולוויז לארג' עם ניחוח מגה פק,פרוקטר אנד גמבל,DE,מגן תחתון לארג מגה פ,יחידה,0.00,יחידה,false,,18.90,0.0000,true,1,29988
4015400681670,false,תחבושות אולוויז לילה בטוח וליו פק 18 יח,פרוקטר אנד גמבל,HU,לילה בטוח אולוויז 18,יחידה,0.00,יחידה,false,,24.90,0.0000,true,1,30022
4015400690313,false,טמפונים פרל רגולר טמפקס קומפאק 18 יח,פרוקטר אנד גמבל,HU,טמפון פרל רגולר טמפק,יחידה,0.00,יחידה,false,,26.90,0.0000,true,1,30026
4015400690405,false,טמפונים פרל סופר טמפקס קומפאק 18 יח,פרוקטר אנד גמבל,HU,טמפון פרל סופר טמפקס,יחידה,0.00,יחידה,false,,26.90,0.0000,true,1,30027
4015400731719,false,תחבושות היגייניות אולוויז יום ולילה Day & Night,פרוקטר אנד גמבל,DE,תחבושות וליו פק לילה,יחידה,0.00,יחידה,false,,24.90,0.0000,true,1,30037
4015400755241,false,תחבושות היגייניות אולוויז אולטרה נורמל - 28 יח',פרוקטר אנד גמבל,DE,תחבושות וליו פק נורמ,יחידה,0.00,יחידה,false,,24.90,0.0000,true,1,30055
4015400759324,false,אולויז כפול כחול אולטרה לילה 20 יח',,DE,תחבושות כפול לילה או,יחידה,0.00,יחידה,false,,19.90,0.0000,true,1,197432
4015600762780,false,שמפו וקונדישינר יומיומי למניעת קשקשים הנוסחה הקלאסית 2in1,פרוקטר אנד גמבל,RO,שמפו 2-ב1הד&שולדרס 5,מיליליטרים,500.00,"100 מ""ל",false,,19.90,3.9800,true,1,30095
4017100210105,false,גלילי וופל בלזן וופלטן שוקו' מריר 100ג',הדקלאים אגודת שיתופי,DE,בלזן גלילי וופל מריר,גרמים,100.00,100 גרם,false,,15.90,15.9000,true,1,67347
4017100219900,false,בלזן וופלטן וופל מגולגל מצופה שוקולד חלב 100 גרם,הדקלאים אגודת שיתופי,DE,בלזן גלילי וופל חלב,גרמים,100.00,100 גרם,false,,15.90,15.9000,true,1,67348
4017100290008,false,בלזן בסקויט חמאה מצופה שוקולד חלב 125 גרם,הדקלאים אגודת שיתופי,DE,בלזן ביסקוויט מצופה,גרמים,125.00,100 גרם,false,,15.90,12.7200,true,1,67350
4017100291005,false,בלזן לייבניז בסקויט חמאה מצופה שוקולד מריר 125 גרם,הדקלאים אגודת שיתופי,DE,בלזן ביסקוויט מצופה,גרמים,125.00,100 גרם,false,,15.90,12.7200,true,1,67351
4022025261002,false,בלו ווין גוורצטרמינר,לנגוט טראבן,DE,יין בלו נאן בלו וויי,מיליליטרים,750.00,"100 מ""ל",false,,58.90,7.8533,true,1,72910
4066600999614,false,"בירה פאולנר, בירת חיטה מעוננת, בקבוק 500 מ""ל",מבשלת פאולנר,DE,בירה פאולנר בקבוק 50,מיליליטרים,500.00,"100 מ""ל",false,,13.50,2.7000,true,1,66989
4084500853836,false,"פיירי נוזל כלים ורדים ומשי 515 מ""ל",פרוקטר אנד גמבל,GB,פיירי נוזל כלים ורדי,מיליליטרים,515.00,"100 מ""ל",false,,10.90,2.1165,true,1,30261
4260147890513,false,אטריות ביצים דקות ורמיצ'לי 500ג',דין שיווק,PL,אטריות ביצים דקות במ,גרמים,500.00,100 גרם,false,,12.90,2.5800,true,1,116966
4603400000043,false,"וודקה רוסקיי סטנדרט 700 מ""ל",רוסקי סטנדרט וודקה,RU,רוסקי סטנדרט 700מ'ל,מיליליטרים,700.00,"100 מ""ל",false,,76.90,10.9857,true,1,13186
4607109409619,false,פיניש הכל ב-1 טבליות למדיח 25 יח,הדקלאים אגודת שיתופי,PL,טבליות למדיח כלים AI,גרמים,470.00,100 גרם,false,,34.90,7.4255,true,1,24070
4640018993343,false,פיניש קוואנטום קפסולות ג'ל למדיח כלים 30 יח',רקיט בנקיזר,PL,פיניש קוואנטום למדיח,יחידה,0.00,יחידה,false,,45.90,0.0000,true,1,230698
4640018993398,false,פיניש קוואנטום 60 יח' קפסולות ג'ל למדיח כלים,רקיט בנקיזר,PL,פיניש קוואנטום למדיח,יחידה,0.00,יחידה,false,,63.90,0.0000,true,1,230701
4710068001692,false,"מאסטר קפה לאטה פחית 240מ""ל",תאיט מרקטינג אנד דיס,TW,מאסטר קפה לאטה פחית,מיליליטרים,240.00,"100 מ""ל",false,,6.90,2.8750,true,1,11403
4710068001715,false,"מאסטר קפה טירמיסו 240 מ""ל",יוני פרזינדנט אנטרפר,TW,מאסטר קפה טירמיסו 24,מיליליטרים,240.00,"100 מ""ל",false,,6.90,2.8750,true,1,44462
4710068003313,false,"מאסטר קפה אמריקאנו פחית 240מ""ל",מאיטה פוד אינדוסטריא,TW,מאסטר קפה אמריקנו בל,מיליליטרים,240.00,"100 מ""ל",false,,7.90,3.2917,true,1,365088
4710964104916,false,"שמן שומשום טהור 370 מ""ל (כ)",פלייבור פול פודס טיי,CN,שמן שומשום טהור לא מ,מיליליטרים,370.00,"100 מ""ל",false,,24.90,6.7297,true,1,16431
4800888150080,false,"דאב - דאודורנט רול און לאישה פרש טאצ' מלפפונים 50 מ""ל",יוניליוור פיליפינים,PH,דאו' רולאון מלפפונים,מיליליטרים,50.00,"100 מ""ל",false,,19.90,39.8000,true,1,12413
4860019001346,false,בורז'ומי מים מינרליים טבעיים 500מ'ל חדש,אי די אס בורגומי,,בורז'ומי מים מינרליי,מיליליטרים,500.00,"100 מ""ל",false,,8.90,1.7800,true,1,13203
4860019001414,false,"בקבוק מים בוז'ורמי 750 מ""ל",אי.די.אס בורג'יומי,,בורז'ומי מים מינרלים,מיליליטרים,750.00,"100 מ""ל",false,,8.90,1.1867,true,1,13205
4903001904192,false,"רוטב סויה יאמסה פרימיום 500 מ""ל",הדקלאים אגודת שיתופי,JP,רוטב סויה יאמאסה פרמ,מיליליטרים,500.00,"100 מ""ל",false,,19.90,3.9800,true,1,15178
4903001904208,false,רוטב סויה פרימיום יאמסה 1 ליטר,הדקלאים אגודת שיתופי,JP,רוטב סויה פרימיום יא,ליטרים,1.00,ליטר,false,,32.90,32.9000,true,1,15179
4903001925784,false,"רוטב סויה יאמאסה פרמיום דל מלח 500 מ""ל",הדקלאים אגודת שיתופי,JP,רוטב סויה יאמאסה דל,מיליליטרים,500.00,"100 מ""ל",false,,19.90,3.9800,true,1,15180
5000146401568,false,וולייט דפים למניעת העברת צבע 10 דפים,ווליט Woolite,IT,לכביסה ווליט דפים שו,יחידה,0.00,יחידה,false,,19.90,0.0000,true,1,24081
5000157143365,false,מתבל בטעם מיונז וקטשופ היינץ 425 ג',היינץ Heinz,PL,מתבל בטעם מיונז וקטש,מיליליטרים,425.00,"100 מ""ל",false,,16.90,3.9765,true,1,209172
5000159376655,false,סוכריות SKITTLES פירות קטן 38 גרם אדום,ריגלי ממתקים,NL,סוכריות סקיטלס פירות,גרמים,38.00,100 גרם,false,,3.90,10.2632,true,1,49715
5000159407236,false,חטיף מרס שוקולד עם ק,מרס הולנד בי.וי.,NL,חטיף מרס 51 גרם,גרמים,51.00,100 גרם,false,,4.90,9.6078,true,1,16026
5000159452540,false,סניקרס מארז חטיף 50 גרם חמישייה,סניקרס Snickers,NL,חטיף סניקרס מארז 5*2,יחידה,250.00,יחידה,false,,13.90,0.0556,true,1,316590
5000159459228,false,חטיף שוקולד טוויקס 50 ג',"נארז ע""י : א.ג. גילר",NL,חטיף טויקס 50 גרם,גרמים,50.00,100 גרם,false,,4.90,9.8000,true,1,16032
5000159538626,false,טוויקס מארז חטיף 50 גרם חמישייה,טוויקס Twix,NL,חטיף טוויקס מארז 5*2,גרמים,250.00,100 גרם,false,,13.90,5.5600,true,1,316607
5000189974579,false,מארז מיני חטיפי קיט קט Kit Kat,ליימן מותגים,DE,קיט קט מיני 200 גרם,גרמים,200.00,100 גרם,false,,10.90,5.4500,true,1,127149
5000204133509,false,שקיות אחסון גדולות- 19 יח' זיפלוק,אס.סי.גונסון ובניו,US,זיפלוק שקיות אחסון ג,גרמים,208.00,100 גרם,false,,14.90,7.1635,true,1,274403
5000204151053,false,"פלדג' אירוסול לניקוי רהיטים קלאסי 250 מ""ל",יורופרייטס,NL,פלדג' אירוסול לניקוי,מיליליטרים,250.00,"100 מ""ל",false,,17.90,7.1600,true,1,421159
5000267014234,false,וויסקי ג'וני ווקר רד לייבל Red label,ג'וני ווקר Johnnie walker,,גוני ווקר רד לייבל 7,מיליליטרים,700.00,"100 מ""ל",false,,90.90,12.9857,true,1,116457
5000394137516,false,רביעיות סוללות אופטימום AAA דורסל,פרוקטר אנד גמבל,BE,סוללות דורסל רבעיות,יחידה,0.00,יחידה,false,,23.90,0.0000,true,1,411321
5000394140820,false,שישיות סוללות AA פלוס פאוור דורסל,דורסל,BE,סוללות דורסל שישיות,יחידה,0.00,יחידה,false,,24.90,0.0000,true,1,411305
5000394141209,false,שישיות סוללות AAA פלוס פאוור דורסל,דורסל,BE,סוללות דורסל שישיות,יחידה,0.00,יחידה,false,,24.90,0.0000,true,1,411288
5000396037531,false,מקוויטיס ביסקוויט מצופה שוקולד חלב 200 גרם,ברנדס סרטרה נשיונל,GB,מקוויטיס מצופה שוקול,גרמים,200.00,100 גרם,false,,12.90,6.4500,true,1,99478
5000396037548,false,מקוויטיס ביסקוויט מצופה שוקולד מריר 200 גרם,ברנדס סרטרה נשיונל,GB,מקוויטיס מצופה שוקול,גרמים,200.00,100 גרם,false,,12.90,6.4500,true,1,99479
5000396037944,false,מקוויטיס ביסקוויט אורגינל 250 גרם,ברנדס סרטרה נשיונל,GB,מקוויטים ביסקוויטים,גרמים,250.00,100 גרם,false,,9.90,3.9600,true,1,99469
5010026519368,false,מורנפלייק שיבולת שועל בשקית 500 גר,,,פתיתי שיבולת שועל -,גרמים,500.00,100 גרם,false,,9.90,1.9800,true,1,311440
5010182997338,false,דאק ג'ל לניקוי אסלות בניחוח רענן 55 מל,"איטיליאן פוד, אס.פי.",IT,דאק ג'ל אסלה ניחוח ר,גרמים,55.00,100 גרם,false,,9.90,18.0000,true,1,7598
5010182997918,false,דאק ג'ל לניקוי אסלות בניחוח ים 55 מל,"איטיליאן פוד, אס.פי.",IT,דאק ג'ל אסלה ניחוח י,גרמים,55.00,100 גרם,false,,9.90,18.0000,true,1,7603
5010182998847,false,דאק נוזל לניקוי אסלות בניחוח ים 750 מל,מיוצר עי קונדיטוריית,NL,דאק ג'ל נוזל לניקוי,מיליליטרים,750.00,"100 מ""ל",false,,12.90,1.7200,true,1,7604
5010182998861,false,דאק נוזל לניקוי אסלות בניחוח רענן 750 מל,מיוצר עי קונדיטוריית,NL,דאק ג'ל נוזל לניקוי,מיליליטרים,750.00,"100 מ""ל",false,,12.90,1.7200,true,1,7605
5010265002836,false,"פת פריכה אוריגינל שיפון מלא 250 גרם ""ריוטה""",דה ג'ורדנס אנד ריווי,GB,פת פריכה אורגינל 250,גרמים,250.00,100 גרם,false,,12.90,5.1600,true,1,272091
5010677551281,false,"בקרדי בריזר לימון 275 מ""ל בקבוק",בקרדי בריזר Bacardi Breezer,BE,בקרדי בריזר לימון 27,מיליליטרים,275.00,"100 מ""ל",false,,14.90,5.4182,true,1,11409
5010677551397,false,"בקרדי בריזר לימון ליים 275 מ""ל",בקרדי בריזר Bacardi Breezer,BE,בקרדי בריזר ליים,מיליליטרים,275.00,"100 מ""ל",false,,14.90,5.4182,true,1,117337
5010677552387,false,"בקרדי בריזר אננס 275 מ""ל בקבוק",בקרדי בריזר Bacardi Breezer,BE,בקרדי בריזר אננס.,מיליליטרים,275.00,"100 מ""ל",false,,14.90,5.4182,true,1,11411
5010677554398,false,"בקרדי בריזר אבטיח 275 מ""ל בקבוק",בקרדי בריזר Bacardi Breezer,BE,בקרדי בריזר אבטיח,מיליליטרים,275.00,"100 מ""ל",false,,14.90,5.4182,true,1,11412
5011157630281,false,אורז לבן ארוך בסמטי טילדה Tilda,אלסקה/ טילדה,GB,טילדה אורז הימשלי בס,קילוגרמים,1.00,"ק""ג",false,,26.90,26.9000,true,1,24666
5011157730271,false,אורז יסמין לבן ארוך טילדה,טילדה Tilda,,אורז יסמין טילדה 1 ק,קילוגרמים,1.00,"ק""ג",false,,26.90,26.9000,true,1,417636
5013931015741,false,דיש מטיק - ידית הפלא לשטיפת כלים,דישמטיק Dish matic,US,ידית הפלא לשטיפת כלי,גרמים,44.00,100 גרם,false,,22.90,52.0455,true,1,284212
5014271300429,false,"מעדן בטעם משמש לל""ס סאן דלפור 284 גרם",סנדלפור St.dalfour,FR,סאן דלפור מעדן משמש,גרמים,284.00,100 גרם,false,,22.90,8.0634,true,1,19576
5014271310428,false,מעדן דובדבנים שחורים ללא תוספת סוכר 284 גרם,המאפיה של הרמן,FR,סאן דלפור מעדן דובדב,גרמים,284.00,100 גרם,false,,22.90,8.0634,true,1,19577
5014271330426,false,מעדן אוכמניות כחולות ללא תוספת סוכר 284 גרם,סנדלפור St.dalfour,FR,סאן דלפור מעדן אוכמנ,גרמים,284.00,100 גרם,false,,22.90,8.0634,true,1,19578
5014271350424,false,מעדן ארבעה פירות ללא תוספת סוכר 284 גרם,המאפיה של הרמן,FR,סאן דלפור מעדן ארבע,גרמים,284.00,100 גרם,false,,22.90,8.0634,true,1,19579
5014271360423,false,"מעדן תפוזים לל""ס סאן דלפור 284 גרם",המאפיה של הרמן,FR,סאן דלפור מעדן תפוז,גרמים,284.00,100 גרם,false,,22.90,8.0634,true,1,19580
5014271370422,false,מעדן אפרסקים ללא תוספת סוכר 284 גרם,סנדלפור St.dalfour,FR,סאן דלפור מעדן אפרסק,גרמים,284.00,100 גרם,false,,22.90,8.0634,true,1,19581
5014271400426,false,"מעדן בטעם תות שדה לל""ס סאן דלפור 284 גרם",המאפיה של הרמן,FR,סאן דלפור מעדן תות ש,גרמים,284.00,100 גרם,false,,22.90,8.0634,true,1,19584
5014271560427,false,מעדן תפוז וג'ינג'ר ללא סוכר סאן דלפור 284 גר,סנדלפור St.dalfour,FR,סאן דלפור מעדן תפוז,גרמים,284.00,100 גרם,false,,22.90,8.0634,true,1,19585
5014271795980,false,מעדן חמוציות ואוכמניות ללא תוספת סוכר 284 גרם,סנדלפור St.dalfour,FR,סאן דלפור מעדן חמוצי,גרמים,284.00,100 גרם,false,,22.90,8.0634,true,1,19589
5026489484006,false,חטיף עדשים עגבניות ובזיליקום 40,לקסמי אנד סונס סי/אי,GB,איט ריל חטיף על בסיס,גרמים,40.00,100 גרם,false,,10.00,25.0000,true,1,319694
5026489484785,false,חטיף קינואה שמנת ועי,קופרש סנק פודס,GB,איט ריל חטיף על בסיס,גרמים,45.00,100 גרם,false,,10.00,22.2222,true,1,322184
5029053002408,false,קלינקס - נייר טואולט קליניקס לבן 9 גלילים,קימברלי קלארק ישראל,IL,נייר טואלט קליניקס ל,מטרים,275.00,מטר,false,,36.90,0.1342,true,1,10846
5029053002439,false,קלינקס - נייר טואולט קליניקס צהוב 9 גלילים,חוגלה קימברלי,GB,נייר טואלט קליניקס צ,מטרים,243.00,מטר,false,,36.90,0.1519,true,1,10847
5029053032658,false,קלינקס ממחטות טישו שמינייה,חוגלה,IT,ממחטות טישו טו גו ק,יחידה,0.00,יחידה,false,,8.90,0.0000,true,1,90623
5029053510811,false,תחבושות נורמל פלוס עם כנפיים קוטקס 28 יחידות,קימברלי קלארק,CZ,תחבושות אולטרה נורמל,יחידה,0.00,יחידה,false,,20.90,0.0000,true,1,10851
5029053510828,false,תחבושות סופר פלוס עם כנפיים קוטקס 22יחידות,קימברלי קלארק,CZ,תחבושת אולטרה סופר+כ,יחידה,0.00,יחידה,false,,20.90,0.0000,true,1,10852
5029053523446,false,קוטקס - תחבושות אולטרה נייט + כנפיים 20 יח',קימברלי קלארק,CZ,תחבושות אולטרה נייט+,יחידה,0.00,יחידה,false,,20.90,0.0000,true,1,10853
5035766044673,false,"סטרונגבואו גולד, סיידר תפוחים אלכוהולי, בקבוק 330 מ''ל",האי נאם סי או אל.טי.,BE,סטרונגבאו סיידר תפוח,מיליליטרים,330.00,"100 מ""ל",false,,8.90,2.6970,true,1,66992
5053827215862,false,קלוגס קוקו פופס שוקו 500ג',קלוגס Kellogg's,GB,דגני בוקר קוקו פופס,גרמים,500.00,100 גרם,false,,20.90,4.1800,true,1,246548
5060517886486,false,"מונסטר משקה אנרגיה קלאסי 500 מ""ל",מונסטר אנרג'י Monster Energy,RU,מונסטר אנרג'י פחית 5,מיליליטרים,500.00,"100 מ""ל",false,,7.90,1.5800,true,1,209173
5060751218173,false,"משקה אנרגיה מונסטר Pipline punch פח 500 מ""ל",מונסטר אנרג'י לימטד,RS,מונסטר פייפלין פאנץ',מיליליטרים,500.00,"100 מ""ל",false,,7.90,1.5800,true,1,427366
5060751219033,false,מונסטר אנרגי משקה אנרגיה אולטרה פרדייז,מונסטר אנרג'י לימטד,IE,מונסטר אולטרה פרדייז,מיליליטרים,500.00,"100 מ""ל",false,,7.90,1.5800,true,1,427367
5201004020338,false,קפריס רולס קלאסיק 400 גרם,פפדופולוס,GR,קפריס רולס קלאסיק 40,גרמים,400.00,100 גרם,false,,21.90,5.4750,true,1,140846
5201004021328,false,קפריס רולס גלילי וופל במילוי קרם אגוזי לוז וקקאו,אי. ג'יי פאפאדופולוס,GR,קפריס רולס קלאסיק 11,גרמים,115.00,100 גרם,false,,9.90,8.6087,true,1,292052
5201340003385,false,טונה מעושנת עם שמן סויה 160 גרם,נורט אגיאוסי קנריס,GR,טונה מעושנת בשמן צמח,גרמים,160.00,100 גרם,false,,17.90,11.1875,true,1,363620
5201340026704,false,טונה מעושנת פיקנטי 160 ג' TRATA,נורט אגיאוסי קנריס,GR,טונה מעושנת פיקנטי 1,גרמים,160.00,100 גרם,false,,17.90,11.1875,true,1,363636
5201347175030,false,פיניש קוואנטום 32 יח,,,פיניש קוואנטום 32 יח,יחידה,0.00,יחידה,false,,39.90,0.0000,true,1,464292
5201940010110,false,זיתים שחורים קלמטה וילי פוד 250 גרם,סיוארס אס.איי,GR,זיתים שחורים קלמטה ו,גרמים,250.00,100 גרם,false,,18.90,7.5600,true,1,4810
5202175001515,false,נאצ'וס בטעם מלוח 225 גרם,אל סבור מקסיקן פוד,TW,נאצ'וס בטעם מלוח מזר,גרמים,225.00,100 גרם,false,,11.90,5.2889,true,1,111282
5400265033006,false,המלט- נשיקות מרנג צבעוני 100 גרם,HAMLET NV,,נשיקות מרנג צבעוני 1,גרמים,100.00,100 גרם,false,,13.90,13.9000,true,1,454926
5410076933129,false,אריאל שושן צחור שקית 3קג,פרוקטר אנד גמבל,TR,אריאל שושן צחור שקית,קילוגרמים,3.00,"ק""ג",false,,39.90,13.3000,true,1,30439
5410126106183,false,עוגיות לוטוס 50 יחידות ארוזות בנפרד 312 גרם,כלורוקס אוקלנד,BE,ביסקוויט קרמל 312גרם,גרמים,312.00,100 גרם,false,,20.90,6.6987,true,1,7223
5410126116953,false,ממרח לוטוס ביסקויט קרמל 400 גרם,לוטוס בייקרי בלגיה נ,BE,לוטוס ממרח ביסקוויט,גרמים,400.00,100 גרם,false,,26.90,6.7250,true,1,7224
5410126666038,false,לוטוס עוגיות קרמל 279 גרם,לוטוס ביקרי נ.וי,BE,עוגיות לוטוס 279 גרם,גרמים,279.00,100 גרם,false,,16.90,6.0573,true,1,129326
5410126716016,false,"עוגיות לוטוס ביסקויט קרמל בד""צ 250 גרם",לוטוס ביקרי בלגיה,BE,ביסקוויט בטעם קרמל ל,גרמים,250.00,100 גרם,false,,12.90,5.1600,true,1,30446
5410316983693,false,"סמירנוף אייס בקבוק 275 מ""ל",סמירנוף אייס Smirnoff ice,IT,סמירנוף אייס בודד,מיליליטרים,275.00,"100 מ""ל",false,,13.90,5.0545,true,1,8861
5410769100081,false,"בירה לה שוף קטן 330 מ""ל בקבוק","איי, בי, אינבוו",BE,"בירה לה שוף 330 מ""ל",מיליליטרים,330.00,"100 מ""ל",false,,14.90,4.5152,true,1,126654
5411081003654,false,"קסטיל בירה רוז 330 מ""ל",מבשלת קסטל ואן הונסב,BE,בירה קסטיל רוז 330 א,מיליליטרים,330.00,"100 מ""ל",false,,12.90,3.9091,true,1,170640
5411081008192,false,בירה קסטיל רוז' פחית 330 מל,מבשלת קסטל ואן הונסב,,בירה קסטיל רוז' 300,מיליליטרים,330.00,"100 מ""ל",false,,12.90,3.9091,true,1,499879
5411081008420,false,"בירה בירה שושנע קסטיל 330 מ""ל פחית",,,בירה שושנע (פחית) 33,מיליליטרים,330.00,"100 מ""ל",false,,12.90,3.9091,true,1,499880
5411188094159,false,"אלפרו מעדן סויה בטעם שוקולד מריר 4*125 מ""ל",הנסיך- מפעל לייצור ט,BE,אלפרו מעדן סויה שוק.,מיליליטרים,500.00,"100 מ""ל",false,,20.90,4.1800,true,1,24669
5411188106159,false,אלפרו סויה לייט מופחת שומן 1.2% 1 ליטר,הנסיך- מפעל לייצור ט,BE,אלפרו משקה סויה לייט,יחידה,0.00,יחידה,false,,15.90,0.0000,true,1,24671
5411188110835,false,אלפרו חלב סויה שקדים וניל 1ל',הנסיך- מפעל לייצור ט,BE,אלפרו משקה שקדים 1 ל,ליטרים,1.00,ליטר,false,,17.90,17.9000,true,1,24674
5411188112709,false,"משקה קוקוס אלפרו 1 ליטר משקה שקדים לל""ס",הנסיך- מפעל לייצור ט,BE,אלפרו משקה שקדים ללא,יחידה,0.00,יחידה,false,,17.90,0.0000,true,1,24678
5411188115434,false,משקה אלפרו בריסטה סויה 1 ליטר,אלפרו Alpro,BE,אלפרו משקה בריסטה סו,ליטרים,1.00,100 ליטר,false,,17.90,1790.0000,true,1,437793
5411188115472,false,אלפרו משקה סויה 1 ליטר,הנסיך- מפעל לייצור ט,BE,אלפרו משקה סויה 1 לי,ליטרים,1.00,ליטר,false,,15.90,15.9000,true,1,255744
5411188116905,false,אלפרו משקה סויה בטעם בננה 1 ליטר,אלפרו C.V.A,BE,משקה סויה בטעם בננה,יחידה,0.00,יחידה,false,,17.90,0.0000,true,1,432461
5411188120742,false,משקה קוקוס אלפרו 1 ליטר שקדים וניל 1 ל',הנסיך- מפעל לייצור ט,BE,אלפרו משקה שקדים בטע,ליטרים,1.00,ליטר,false,,17.90,17.9000,true,1,24688
5411188120957,false,"אלפרו תערובת לבישול על בסיס קוקוס 250 מ""ל",אלפרו Alpro,BE,אלפרו קוקוס לבישול 2,מיליליטרים,250.00,"100 מ""ל",false,,10.90,4.3600,true,1,402641
5411188121923,false,"משקה סויה מועשר סידן אלפרו 3*250 מ""ל",הנסיך- מפעל לייצור ט,BE,אלפרו סויה סידן שלש,מיליליטרים,750.00,"100 מ""ל",false,,16.90,2.2533,true,1,111933
5411188121978,false,"משקה סויה בטעם שוקולד 3 * 250 מ""ל אלפרו",אלפרו C.V.A,BE,אלפרו סויה שוקו סיד,מיליליטרים,750.00,"100 מ""ל",false,,16.90,2.2533,true,1,108904
5411188122661,false,אלפרו משקה שקדים לא קלויים ללא תוספת סוכר 1 ל',אלפרו Alpro,,אלפרו משקה שקדים לא,יחידה,0.00,יחידה,false,,17.90,0.0000,true,1,76343
5411188124689,false,משקה שיבולת שועל ללא סוכר 1ל' אלפרו,אלפרו Alpro,BE,אלפרו משקה שיבולת שו,יחידה,0.00,יחידה,false,,17.90,0.0000,true,1,280797
5411188126195,false,אלפרו משקה שקדים אורגני 1ל מפוקח סקאל,אלפרו Alpro,BE,אלפרו משקה שקדים אור,ליטרים,1.00,ליטר,false,,17.90,17.9000,true,1,125087
5411188129899,false,משקה אלפרו בריסטה שקדים 1 ליטר,הנסיך- מפעל לייצור ט,BE,אלפרו משקה בריסטה שק,יחידה,0.00,יחידה,false,,17.90,0.0000,true,1,255746
5411188133476,false,אלפרו משקה סויה שוקו+חלבון 250 גרם בית יוסף,אלפרו C.V.A,BE,אלפרו משקה סויה שוקו,מיליליטרים,250.00,"100 מ""ל",false,,8.90,3.5600,true,1,358542
5411188134985,false,אלפרו 3.5% NOT M*LK שיבולת שועל 1 ליטר בית יוסף,הנסיך- מפעל לייצור ט,BE,אלפרו 3.5% שומן NOT,ליטרים,1.00,ליטר,false,,14.90,14.9000,true,1,336018
5411188135005,false,אלפרו 1.8% NOT M*LK שיבולת שועל 1 ליטר בית יוסף,הנסיך- מפעל לייצור ט,BE,אלפרו 1.8% שומן NOT,ליטרים,1.00,ליטר,false,,14.90,14.9000,true,1,339277
5411188513483,false,"אלפרו סויה לבישול 14% שומן 250 מ""ל",אלפרו C.V.A,BE,אלפרו סויה לבישול 14,מיליליטרים,250.00,"100 מ""ל",false,,10.90,4.3600,true,1,402642
5411188543398,false,אלפרו משקה סויה ללא סוכר 1 ליטר,הנסיך- מפעל לייצור ט,BE,אלפרו משקה סויה ללא,ליטרים,1.00,ליטר,false,,15.90,15.9000,true,1,260244
5413121355082,false,שוקולד בלגי מריר משובח 72 פרסטיז 100 גרם,BCG,,שוקולד בלגי מריר 72%,גרמים,100.00,100 גרם,false,,12.90,12.9000,true,1,21984
5413121364121,false,בלג'יאן טראפלס קקאו שוקולד 150 גרם,Q Chocolate,BE,שוקולד טראפלס קקאו ז,גרמים,150.00,100 גרם,false,,15.90,10.6000,true,1,458435
5413149655522,false,"אבקת כביסה שושן צחור 1.25 ק""ג אריאל",פרוקטר אנד גמבל,TR,אריאל אבקת כביסה שוש,קילוגרמים,1.25,"ק""ג",false,,19.90,15.9200,true,1,30461
5413149922907,false,"אבקת כביסה קולור וסטייל 5 ק""ג אריאל",אריאל Ariel,,אריאל אבקת כביסה קול,קילוגרמים,5.00,"ק""ג",false,,49.90,9.9800,true,1,30479
5600289150318,false,צ'יפס תפוחי עץ מיובש,,,צ'יפס תפוחי עץ מיובש,גרמים,20.00,100 גרם,false,,6.90,34.5000,true,1,420985
5601010111035,false,סרדין בשמן זית רמירז 125 גרם,רמירז אנד קה פילהאוס,PT,סרדינים בשמן זית רמי,גרמים,100.00,100 גרם,false,,13.90,13.9000,true,1,73835
5604912415058,false,סרדינים פורטוס בשמן חמניות חריף 125 גרם,פורטוס Porthos,PT,סרדינים בשמן חמניה ח,גרמים,125.00,100 גרם,false,,7.90,6.3200,true,1,142575
5701932026971,false,הוטפופ גרעיני תירס להכנת פופקורן במיקרוגל בטעם חמאה 600 גרם,ליימן מותגים,US,הוט פופ פופקורן בטעם,גרמים,600.00,100 גרם,false,,17.90,2.9833,true,1,15190
5711953106583,false,גבינת שמנת בטעם טבעי 200 גרם ארלה,ארלה פודס אמבה,DK,ארלה גבינת שמנת טבעי,גרמים,200.00,100 גרם,false,,17.90,8.9500,true,1,190559
5711953106590,false,גבינת שמנת ארלה שמנת שום 200 גרם,ארלה פודס אמבה,DK,ארלה גבינת שמנת שום,גרמים,200.00,100 גרם,false,,17.90,8.9500,true,1,190560
5711953106606,false,גבינת שמנת עם תבלינים ועשבי תיבול 23.5%,ארלה פודס אמבה,DK,ארלה גבינת שמנת עשבי,גרמים,200.00,100 גרם,false,,17.90,8.9500,true,1,190561
5711953148347,false,"גבינת שמנת טבעי ארלה, 300 גרם",ארלה,DK,גבינת שמנת טבעי ארלה,גרמים,300.00,100 גרם,false,,24.90,8.3000,true,1,480330
5740900403215,false,ממרח מחמאת לורפק עם מלח 250 ג',לורפאק Lurpak,DK,ממרח לורפק עם מלח 25,גרמים,250.00,100 גרם,false,,18.90,7.5600,true,1,132828
5740900403222,false,ממרח לורפק חמאה עם מלח מופחת שומן 250 ג,לורפאק Lurpak,DK,ממרח לורפק עם מלח מו,גרמים,250.00,100 גרם,false,,18.90,7.5600,true,1,132829
5740900403239,false,ממרח לורפק ללא תוספת מלח 250 גר,לורפאק Lurpak,DK,ממרח לורפק ללא מלח 2,גרמים,250.00,100 גרם,false,,18.90,7.5600,true,1,132830
5740900403246,false,ממרח לורפק ללא תוספת מלח 500 גר,לורפאק Lurpak,DK,ממרח לורפק ללא מלח 5,גרמים,500.00,100 גרם,false,,31.90,6.3800,true,1,132831
5740900403253,false,ממרח מחמאת לורפק עם מלח 500 ג',לורפאק Lurpak,DK,ממרח לורפק עם מלח 50,גרמים,500.00,100 גרם,false,,31.90,6.3800,true,1,132832
5740900403260,false,ממרח מחמאת לורפק ללא מלח 27% פחות שומן,ארלה פודס אמבה,DK,ממרח לורפק ללא מלח מ,גרמים,250.00,100 גרם,false,,18.90,7.5600,true,1,132833
5765220190157,false,עטרות נייר אפיה 2- 130 יחידות,,,עטרות נייר לאפייה 2,יח',130.00,יח',false,,5.90,0.0454,true,1,281365
5765220190171,false,עטרות נייר אפיה 5 -130 יחידות,,,עטרות נייר לאפייה 4,יח',130.00,יח',false,,5.90,0.0454,true,1,281380
5900020012814,false,דגנים תפוחים בטעם שוקולד נסקוויק נסטלה 500 גרם,מיוצר עי קונדיטוריית,PL,דגני בוקר נסקוויק נס,גרמים,500.00,100 גרם,false,,28.90,5.7800,true,1,22296
5900020015174,false,פיטנס חטיפי אנרגיה דגנים בטעם שוקולד נסטלה 6*23.5 גרם,מיוצר עי קונדיטוריית,PL,פיטנס חטיף דגנים שוק,גרמים,141.00,100 גרם,false,,18.90,13.4043,true,1,22297
5900020018908,false,פיטנס חטיפי אנרגיה דגנים בטעם קרם עוגיות נסטלה 6*23.5 גרם,מיוצר עי קונדיטוריית,PL,פיטנס חטיף דגנים קרם,גרמים,141.00,100 גרם,false,,18.90,13.4043,true,1,22303
5900020020710,false,מארז חטיף דגנים קראנץ' בטעם שוקו וניל נסטלה,נסטלה פולין ברים,PL,חטיף דגנים קראנץ בר,גרמים,150.00,100 גרם,false,,18.90,12.6000,true,1,22304
5900020022325,false,חטיף סיני מיניס Cini Minis בטעם קינמון - 6 במארז,נסטלה פולין דגני בוק,PL,חטיף דגנים סיני מיני,גרמים,150.00,100 גרם,false,,18.90,12.6000,true,1,67964
5900020025647,false,פיטנס דליס Fitness Delice חטיף דגנים עם שוקולד חלב,מיוצר עי קונדיטוריית,PL,פיטנס בר דליס שוקולד,גרמים,135.00,100 גרם,false,,18.90,14.0000,true,1,22311
5900020026552,false,דגני בוקר האני נאט צ'יריוס בטעם דבש ושקדים,נסטלה צרפת איטנקורט,FR,האני נאט ציריוס נסטל,גרמים,625.00,100 גרם,false,,28.90,4.6240,true,1,22319
5900020029669,false,פיטנס - חטיף דגנים פירות יער 23.50 גרם * 6,נסטלה פולין דגני בוק,PL,פיטנס חטיף דגנים פיר,גרמים,141.00,100 גרם,false,,18.90,13.4043,true,1,118117
5900020034021,false,חטיף דגנים פיטנס שוקולד בננה 141 גרם,מיוצר עי קונדיטוריית,IL,פיטנס חטיף דגנים שוק,גרמים,141.00,100 גרם,false,,18.90,13.4043,true,1,138221
5900020037916,false,דגני בוקר שיבולת שועל צ'ריוס 375ג',ג'נרל מילס סאן אדריא,FR,צ'יריוס שיבולת שועל,גרמים,375.00,100 גרם,false,,18.90,5.0400,true,1,319800
5900020039590,false,פיטנס חטיף דגנים קלאסי פרווה 8 6*23.5 ג,נסטלה פולין דגני בוק,PL,פיטנס חטיף דגנים קלא,גרמים,141.00,100 גרם,false,,18.90,13.4043,true,1,365327
5900627063233,false,פיניש ALL IN ONE MAX טבליות 50 יחידות,רקיט בנקיזר,IL,50 יח AIO טבליות פינ,גרמים,800.00,100 גרם,false,,41.90,5.2375,true,1,24146
5901414200411,false,בלזן היט מיני ביסקוויט סנדוויץ' עם מילוי קרם בטעם שוקולד 130 גרם,ליימן שליסל,PL,היט מיניס קרם קקאו 1,גרמים,130.00,100 גרם,false,,6.90,5.3077,true,1,15194
5902198160403,false,XL משקה אנרגיה מוגז ללא סוכר עד 10 קלוריות לפחית 250 מל,"טמפו משקאות בע""מ",IL,אקס אל משקה אנרגיה ט,מיליליטרים,250.00,"100 מ""ל",false,,4.90,1.9600,true,1,82459
5904941750312,false,"משקה אנרגיה BLU מוחיטו בודד 250 מ""ל",אקו - ביט,PL,בלו בודד מוחיטו 250,מיליליטרים,250.00,"100 מ""ל",false,,4.90,1.9600,true,1,3507
5904941751302,false,"משקה אנרגיה בלו 250 מ""ל- בודד",אקו - ביט,PL,בלו משקה אנרגיה 250,מיליליטרים,250.00,"100 מ""ל",false,,4.90,1.9600,true,1,3511
5904941751715,false,"משקה אנרגיה בלו קרנברי 250 מ""ל -בודד",אקו - ביט,PL,בלו משקה אנרגיה קרנב,מיליליטרים,250.00,"100 מ""ל",false,,4.90,1.9600,true,1,3516
5904941751920,false,בלו משקה אנרגיה דיי חצי מכמות הקלו250 מל,אקו - ביט,PL,בלו משקה אנרגיה דיי,מיליליטרים,250.00,"100 מ""ל",false,,4.90,1.9600,true,1,3522
5906485301012,false,"משקה אנרגיה XL פחית 250 מ""ל","טמפו משקאות בע""מ",IL,אקס אל משקה אנרגיה 2,מיליליטרים,250.00,"100 מ""ל",false,,4.90,1.9600,true,1,11422
5941021001247,false,טבלת שוקולד בטעם קפה היידי גראנדור 80 ג',היידי שוקולד בירונטי,RO,טבלת היידי גראנדור ק,גרמים,80.00,100 גרם,false,,12.90,16.1250,true,1,437296
5941021001254,false,טבלת שוקולד בטעם תפוז היידי גראנדור 80 ג',,,טבלת היידי גראנדור ת,גרמים,80.00,100 גרם,false,,12.90,16.1250,true,1,437297
5941021007577,false,טבלת שוקולד פיסטוק היידי גראנדור 80 ג',היידי שוקולד בירונטי,RO,טבלת היידי גראנדור פ,גרמים,80.00,100 גרם,false,,12.90,16.1250,true,1,437300
6111049000051,false,סרדין חריף פיקנטי בשמן סויה 125 גרם,U.P.A,MA,סרדין מרוקאי חריף ספ,גרמים,125.00,100 גרם,false,,5.90,4.7200,true,1,12274
6111094000013,false,"קוסקוס דארי בינוני תומר 1 ק""ג",קריות זול,MA,קוסקוס בינוני דארי 1,קילוגרמים,1.00,"ק""ג",false,,18.90,18.9000,true,1,118639
6111094000259,false,קוסקוס דארי בינוני 500ג'18X,דארי Dari,MA,קוסקוס בינוני דארי 5,גרמים,500.00,100 גרם,false,,10.90,2.1800,true,1,68621
6902019042061,false,מארז בלונים 50 יח קרביץ,,,מארז בלונים 50 יח,יחידה,0.00,יחידה,false,,10.90,0.0000,true,1,157503
6920190410059,false,כוסות נייר אפיה קטן (קאפקייקס) 50יח,,,נייר מאפינס קטנים לא,יחידה,0.00,יחידה,false,,13.90,0.0000,true,1,142628
6924421202017,false,פטריות שימג'י לבן/חו,,,פטריות שי-מג'י חוות,גרמים,150.00,100 גרם,false,,12.90,8.6000,true,1,2654
6951097101030,false,מאג לונדון,,,מאג לונדון,יחידה,0.00,יחידה,false,,5.90,0.0000,true,1,31326
6953415203082,false,מגן ברקים וחשמלי מתח,,,מגן נחשולי מתח T1 שק,יחידה,0.00,יחידה,false,,21.90,0.0000,true,1,50543
6973350160004,true,מסכות לילדים 10 יח,,,מסכות לילדים 10 יח,יחידה,0.00,יחידה,false,,6.90,0.0000,true,1,250125
6980531007577,false,פותחן בקבוקי יין פרפ,,,פותחן בקבוקי יין פרפ,יחידה,0.00,יחידה,false,,25.90,0.0000,true,1,465012
7180589856540,false,נייס שבלולים לשיער,,,נייס שבלולים לשיער,יחידה,0.00,יחידה,false,,3.90,0.0000,true,1,38464
7262626088180,false,טייץ טרמי שחור,,,טייץ טרמי שחור,יחידה,0.00,יחידה,false,,29.90,0.0000,true,1,262358
7262626088197,false,טייץ טרמי צבעוני מלא,,,טייץ טרמי צבעוני,יחידה,0.00,יחידה,false,,29.90,0.0000,true,1,261932
7271730901261,false,ווקי מאק ארוחת אטריות עם גבינה 156 גרם,ניו וורלד פסטה קומפנ,US,ארוחת אטריות וואקי מ,גרמים,156.00,100 גרם,false,,11.90,7.6282,true,1,49828
7290000000004,false,לחמניית אצבע עם נקני,,,לחמניית אצבע עם נקני,יחידה,0.00,יחידה,false,,9.90,0.0000,true,1,39216
7290000000465,false,נקניקיות/סרדלקי טליא,"ולדמן ביח""ר לנקניק ו",,לחמניה שמינייה,יח',1.00,יח',false,,4.90,4.9000,true,1,95445
7290000000626,false,ברוקולי ארוז במגשית,,,ברוקולי ארוז במגשית,יח',1.00,יח',false,,9.90,9.9000,true,1,381111
7290000001104,false,פטריות חורש מיני ארוז 200 ג',"מרינה פטריות הגליל בע""מ",IL,פטריות חורש ארוז,יח',1.00,יח',false,,10.90,10.9000,true,1,72251
7290000001193,false,בונז'ור בייבי חליות,,,בונז'ור בייבי חליות,גרמים,70.00,100 גרם,false,,2.60,3.7143,true,1,95438
7290000002010,false,תחליף גבינה בורינה 2,,,שנק/מאפה מתוק טעמים,קילוגרמים,1.00,"ק""ג",true,,45.00,45.0000,true,1,4132
7290000002021,false,גבינה קוסטרומסקוי,,,רוגלך פרווה,קילוגרמים,1.00,"ק""ג",true,,45.00,45.0000,true,1,96822
7290000002247,false,חלומי גד 24% במשקל,,,חלומי גד 24% במשקל,קילוגרמים,1.00,"ק""ג",true,,100.00,100.0000,true,1,16631
7290000002667,false,בולגרית מסורתית גד 5,,,בולגרית מסורתית גד 5,קילוגרמים,1.00,"ק""ג",true,,65.00,65.0000,true,1,16632
7290000002858,false,פטה עזים גד 5% במשקל,,,פטה עזים גד 5% במשקל,קילוגרמים,1.00,"ק""ג",true,,129.00,129.0000,true,1,16633
7290000002872,false,גבינה מאסדם הולנדית,,,צפתית במים גד 5% במש,קילוגרמים,1.00,"ק""ג",true,,64.00,64.0000,true,1,16634
7290000002902,false,גבינות שמנת ירקות גד,,,גבינות שמנת ירקות גד,קילוגרמים,1.00,"ק""ג",true,,56.00,56.0000,true,1,16637
7290000002964,false,גבינה בולגרית קוביות,מחלבת המושבה,,פטה כבשים גד 16% במ,קילוגרמים,1.00,"ק""ג",true,,103.00,103.0000,true,1,16640
7290000003503,false,כנפיים עוף טרי,,,כנפיים עוף טרי,קילוגרמים,1.00,"ק""ג",true,,12.90,12.9000,true,1,29298
7290000004006,false,קאשקבל משולשים גד 26,,,קאשקבל משולשים גד 26,קילוגרמים,1.00,"ק""ג",true,,130.00,130.0000,true,1,16641
7290000004444,false,שקיות גופיה 20 מקרו,,,שקיות גופיה 20 מקרו,יחידה,0.00,יחידה,false,,0.10,0.0000,true,1,456055
7290000004754,false,מוצרלה כדור קטן גד 1,,,מוצרלה כדור קטן גד 1,קילוגרמים,1.00,"ק""ג",true,,100.00,100.0000,true,1,16646
7290000004792,false,בולגרית מעודנת גד 5%,,,בולגרית מעודנת גד 5%,קילוגרמים,1.00,"ק""ג",true,,65.00,65.0000,true,1,16647
7290000004815,false,מוצרלה גד 22% במשקל,,,מוצרלה גד 22% במשקל,קילוגרמים,1.00,"ק""ג",true,,85.00,85.0000,true,1,16648
7290000004921,false,ריקוטה גד 5% במשקל,,,ריקוטה גד 5% במשקל,קילוגרמים,1.00,"ק""ג",true,,65.00,65.0000,true,1,16651
7290000004969,false,גבינות שמנת טבעי גד,,,גבינות שמנת טבעי גד,קילוגרמים,1.00,"ק""ג",true,,56.00,56.0000,true,1,16654
7290000004983,false,לאבנה גד 5% במשקל,,,לאבנה גד 5% במשקל,קילוגרמים,1.00,"ק""ג",true,,45.00,45.0000,true,1,16656
7290000004990,false,כדור גדול מוצרלה גד,,,כדור גדול מוצרלה גד,קילוגרמים,1.00,"ק""ג",true,,100.00,100.0000,true,1,16657
7290000005025,false,בייגל בטעמים,,,בייגל בטעמים,יח',1.00,יח',false,,5.90,5.9000,true,1,95373
7290000005455,false,בולגרית מעודנת מהדרי,,,בולגרית מעודנת מהדרי,קילוגרמים,1.00,"ק""ג",true,,65.00,65.0000,true,1,16663
7290000009350,false,בשר טחון טרי,,,בשר טחון טרי,קילוגרמים,1.00,"ק""ג",true,,39.90,39.9000,true,1,468636
7290000009351,false,בשר טחון חלק טרי,,,בשר טחון חלק טרי,קילוגרמים,1.00,"ק""ג",true,,49.90,49.9000,true,1,468749
7290000009352,false,בשר טחון פרימיום טרי,,,בשר טחון פרימיום טרי,קילוגרמים,1.00,"ק""ג",true,,49.90,49.9000,true,1,468845
7290000009354,false,צלעות בקר טרי,,,צלעות בקר טרי,קילוגרמים,1.00,"ק""ג",true,,79.90,79.9000,true,1,469022
7290000009358,false,כתף בקר טרי,,,כתף בקר טרי,קילוגרמים,1.00,"ק""ג",true,,69.90,69.9000,true,1,469128
7290000009359,false,כתף חלק טרי,,,כתף חלק טרי,קילוגרמים,1.00,"ק""ג",true,,79.90,79.9000,true,1,469182
7290000009362,false,צלי כתף טרי,,,צלי כתף טרי,קילוגרמים,1.00,"ק""ג",true,,89.90,89.9000,true,1,469270
7290000009374,false,אנטריקוט טרי,,,אנטריקוט טרי,קילוגרמים,1.00,"ק""ג",true,,129.90,129.9000,true,1,469709
7290000009397,false,אוסובוקו טרי,,,אוסובוקו טרי,קילוגרמים,1.00,"ק""ג",true,,69.90,69.9000,true,1,469536
7290000009399,false,סינטה טרי,,,סינטה טרי,קילוגרמים,1.00,"ק""ג",true,,129.90,129.9000,true,1,469942
7290000009456,false,צוואר עגל טרי,,,צוואר עגל טרי,קילוגרמים,1.00,"ק""ג",true,,54.90,54.9000,true,1,479771
7290000009461,false,חזה ע.ע טרי,,,חזה ע.ע טרי,קילוגרמים,1.00,"ק""ג",true,,49.90,49.9000,true,1,479510
7290000009462,false,צוואר ע.ע טרי,,,צוואר ע.ע טרי,קילוגרמים,1.00,"ק""ג",true,,49.90,49.9000,true,1,479527
7290000009464,false,אנטריקוט ע.ע טרי,,,אנטריקוט ע.ע טרי,קילוגרמים,1.00,"ק""ג",true,,94.90,94.9000,true,1,479575
7290000009480,false,עצמות מח חלק טרי,,,עצמות מח חלק טרי,קילוגרמים,1.00,"ק""ג",true,,24.90,24.9000,true,1,480158
7290000010030,false,אצבעות וניל/ביס שוקו,בונז'ור,,5 יח' לחמניה לבנה ע,יח',1.00,יח',false,,17.90,17.9000,true,1,216071
7290000010250,false,5 יח' בייגלה בטעמים,,,5 יח' בייגלה בטעמים,יח',1.00,יח',false,,19.90,19.9000,true,1,216072
7290000011040,false,5 יח' לחמניה קשר,,,5 יח' לחמניה קשר,יח',1.00,יח',false,,15.90,15.9000,true,1,116626
7290000011593,false,שזיף,,,שזיף,קילוגרמים,1.00,"ק""ג",true,,22.90,22.9000,true,1,2082
7290000014510,false,חסה עגולה,,,חסה עגולה,יח',1.00,יח',false,,7.90,7.9000,true,1,2085
7290000020311,false,גד קממבר צאן משולשים,,,קממבר צאן גד 20% במש,קילוגרמים,1.00,"ק""ג",true,,130.00,130.0000,true,1,16674
7290000021003,false,עוף טרי שלם,,,עוף טרי שלם,קילוגרמים,1.00,"ק""ג",true,,19.90,19.9000,true,1,29343
7290000022085,false,גבינת פקורינו מחלב כ,,,גבינת פוקרינו מחלב כ,קילוגרמים,1.00,"ק""ג",true,,139.00,139.0000,true,1,480041
7290000023809,false,"יין קלאסיק קברנה סובניון 750 מ""ל ברקן",יקבי ברקן שיווק והפצ,IL,קלאסיק קברנה סובניון,מיליליטרים,750.00,"100 מ""ל",false,,35.50,4.7333,true,1,11448
7290000023977,false,"יין ברקן קלאסיק מרלו 750 מ""ל",יקבי ברקן שיווק והפצ,IL,קלאסיק מרלו 750מל.,מיליליטרים,750.00,"100 מ""ל",false,,35.50,4.7333,true,1,11455
7290000032665,false,רוטב עגבניות 28% 580ג' פרי זה,,,רוטב עגבניות 28% ברי,גרמים,580.00,100 גרם,false,,8.50,1.4655,true,1,10621
7290000035324,false,בולגרית חלב נוכרי פי,,,בולגרית חלב נוכרי פי,קילוגרמים,1.00,"ק""ג",true,,59.00,59.0000,true,1,28247
7290000040042,false,יופלה יוגורט תות %3 גביע 150 גרם,תנובה חלב,IL,יופלה תות שובב 3% 15,מיליליטרים,150.00,"100 מ""ל",false,,5.50,3.6667,true,1,28406
7290000040066,false,יופלה יוגורט דובדבן %3 גביע 150 גרם,תנובה מרכז שיתופי לש,IL,יופלה דובדבן פראי 3%,מיליליטרים,150.00,"100 מ""ל",false,,5.50,3.6667,true,1,28408
7290000040080,false,יופלה יוגורט אפרסק %3 גביע 150 גרם,תנובה חלב,IL,יופלה אפרסק מאוהב 3%,מיליליטרים,150.00,"100 מ""ל",false,,5.50,3.6667,true,1,28409
7290000040301,false,תנובה עין גדי קממבר מחלב בקר 24% שומן,תנובה מרכז שיתופי לש,IL,תנובה גבינת קממבר עי,גרמים,125.00,100 גרם,false,,21.90,17.5200,true,1,28412
7290000040462,false,טוסטי גבינה בסגנון אמריקאי אדם 23% תנובה 200 גרם,תנובה מרכז שיתופי לש,IL,טוסטי טעם אדם 22% 20,גרמים,200.00,100 גרם,false,,20.90,10.4500,true,1,28415
7290000040974,false,חלב תנובה דל לקטוז 2% שומן 1 ליטר,תנובה מרכז שיתופי לש,IL,חלב תנובה קרטון דל ל,ליטרים,1.00,ליטר,false,,7.90,7.9000,true,1,28416
7290000041858,false,"שמנת חמוצה 15% יטבתה 200 מ""ל מהדרין",שטראוס גרופ,IL,יטבתה שמנת חמוצה 15%,מיליליטרים,200.00,"100 מ""ל",false,,2.50,1.2500,true,1,26028
7290000041865,false,"לבן 4.5% שומן מהדרין ""יטבתה""",שטראוס גרופ,IL,יטבתה לבן 4.5% 200מל,מיליליטרים,200.00,"100 מ""ל",false,,2.50,1.2500,true,1,26029
7290000042015,false,חלב טרי 3% תנובה שקית 1ל' מהדרין,תנובה מרכז שיתופי לש,IL,חלב תנובה טרי שקית,יחידה,0.00,יחידה,false,,5.43,0.0000,true,1,28424
7290000042404,false,חלב יוטבתה מועשר 3% שקית 1ל',שטראוס גרופ,IL,יטבתה חלב מועשר שקית,ליטרים,1.00,ליטר,false,,5.90,5.9000,true,1,26031
7290000042435,false,תנובה חלב טרי 1% שומן - מוצר בפיקוח,תנובה מרכז שיתופי לש,IL,חלב תנובה בקרטון 1%,ליטרים,1.00,ליטר,false,,5.86,5.8600,true,1,28430
7290000042640,false,"חלב תנובה עמיד 3% קרטון 250 מ""ל",תנובה מרכז שיתופי לש,IL,חלב תנובה עמיד 3% מה,מיליליטרים,250.00,"100 מ""ל",false,,2.90,1.1600,true,1,28437
7290000042855,false,"שוקו בשקית 250 מ""ל ""יטבתה""",שטראוס גרופ,IL,יטבתה שוקו שקית 225,מיליליטרים,225.00,"100 מ""ל",false,,2.90,1.2889,true,1,26033
7290000043012,false,"שוקו עמיד 2% בקרטון 250 מ""ל תנובה",תנובה מרכז שיתופי לש,IL,שוק שוקו עמיד 2% בקר,מיליליטרים,250.00,"100 מ""ל",false,,4.90,1.9600,true,1,28440
7290000043814,false,השף הלבן שמנת להקצפה 38% שומן 250 מל - מוצר בפיקוח,תנובה מרכז שיתופי לש,IL,שף לבן שמנת לקצפת עמ,מיליליטרים,250.00,"100 מ""ל",false,,6.47,2.5880,true,1,28443
7290000043890,false,תנובה רויון לבן מחלב מפסוטר 1.5%,תנובה מרכז שיתופי לש,IL,ריויון 1.5% 1ל,ליטרים,1.00,ליטר,false,,12.90,12.9000,true,1,28446
7290000044712,false,יוגורט עם תות 1.5% שומן 500 ג' פרילי,מיוצר עי קונדיטוריית,IL,פרילי תות 1.5% 500מל,מיליליטרים,500.00,"100 מ""ל",false,,10.90,2.1800,true,1,28453
7290000045580,false,"גבינת מותכת נעמה חורש 25%, 240 ג'",תנובה מרכז שיתופי לש,IL,נעמה גבינת מותכת 25%,גרמים,240.00,100 גרם,false,,19.90,8.2917,true,1,28458
7290000045917,false,תנובה פרומעז גבינה מותכת מחלב עיזים 23% שומן,תנובה חלב,IL,תנובה גבינת פרומעז 2,גרמים,200.00,100 גרם,false,,29.90,14.9500,true,1,28460
7290000046020,false,גלבוע גבינה שמנה במש,תנובה מרכז שיתופי לש,IL,גלבוע 22% במשקל,קילוגרמים,1.00,"ק""ג",true,,42.58,42.5800,true,1,28255
7290000046327,false,גלבוע גבינה צהובה פרוסה 22% תנובה 200 גרם,תנובה מרכז שיתופי לש,IL,גלבוע גבינה פרוסה 22,גרמים,200.00,100 גרם,false,,13.90,6.9500,true,1,28463
7290000046563,false,קולאז פרמזן חריץ במש,תנובה מרכז שיתופי לש,IL,גבע פרמזן תנובה במשק,קילוגרמים,1.00,"ק""ג",true,,114.00,114.0000,true,1,28263
7290000047027,false,קולאז קצקבל גלעד במש,תנובה מרכז שיתופי לש,IL,קשקבל גלעד במשקל,קילוגרמים,1.00,"ק""ג",true,,128.00,128.0000,true,1,28266
7290000047485,false,גבינה בולגרית במשקל,תנובה מרכז שיתופי לש,IL,בולגרית פיראוס 24% ב,קילוגרמים,1.00,"ק""ג",true,,62.00,62.0000,true,1,28270
7290000047546,false,השף הלבן כנען גבינה לבנה דלת נתרן 5% תנובה 500 גרם,תנובה מרכז שיתופי לש,IL,שף לבן כנען 5% 500ג,גרמים,500.00,100 גרם,false,,26.90,5.3800,true,1,28466
7290000047730,false,סלמון פילה מעושן מצו,,,סלמון פילה מעושן מצו,קילוגרמים,1.00,"ק""ג",true,,199.00,199.0000,true,1,18715
7290000048185,false,גבינה לבנה 5% 250 גרם - מוצר בפיקוח,מיוצר עי קונדיטוריית,IL,גבינה לבנה רכה 5% תנ,גרמים,250.00,100 גרם,false,,4.98,1.9920,true,1,28471
7290000048192,false,גבינה לבנה 9% שומן 250 ג' תנובה,מחלבת אלון תבור,IL,גבינה לבנה רכה 9% בד,גרמים,250.00,100 גרם,false,,5.10,2.0400,true,1,28472
7290000048207,false,פילה הרינג בסגנון מט,,,פילה הרינג בסגנון מט,קילוגרמים,1.00,"ק""ג",true,,84.00,84.0000,true,1,21020
7290000048413,false,פיראוס חמד גבינה מלוחה 16% שומן,תנובה מרכז שיתופי לש,IL,פיראוס חמד 16% 250ג,גרמים,250.00,100 גרם,false,,20.90,8.3600,true,1,28476
7290000048437,false,גבינה צפתית 5% 200 ג' פיראוס,פארייפאבה אגרואינדוס,IL,פיראוס צפתית 5% 200,גרמים,200.00,100 גרם,false,,16.90,8.4500,true,1,28477
7290000049458,false,גבינת פטה עיזים 16% גביע פיראוס 250 ג',תנובה מרכז שיתופי לש,IL,פיראוס בולגרית עיזים,גרמים,250.00,100 גרם,false,,32.90,13.1600,true,1,28482
7290000050447,false,"יוגורט ביו בטעם תות YYY יופלה 500 מ""ל",מיוצר עי קונדיטוריית,IL,יופלהYYY תות 3% 500מ,מיליליטרים,500.00,"100 מ""ל",false,,14.90,2.9800,true,1,28489
7290000051307,false,"מארז הפסקת אוכל עם דגני עוגי ומשקה חלב עמיד בטעם וניל 150 מ""ל",תנובה מרכז שיתופי לש,IL,חלב תנובה הפ.אוכל עו,מיליליטרים,150.00,"100 מ""ל",false,,9.90,6.6000,true,1,28508
7290000051352,false,חלב מלא בטעם של פעם 3.4% תנובה קרטון 1 ל',תנובה מרכז שיתופי לש,IL,חלב תנובה של פעם בקר,ליטרים,1.00,ליטר,false,,7.90,7.9000,true,1,28509
7290000051376,false,יופלה דיאט אננס ספורטיבי 0% 150גר,תנובה מרכז שיתופי לש,IL,יופלה דיאט אננס ספור,מיליליטרים,150.00,"100 מ""ל",false,,5.50,3.6667,true,1,28510
7290000052311,false,עמק פרוס בקופסא 200 גר 15% שומן,תנובה מרכז שיתופי לש,IL,עמק מהדרין 15% 200 ג,גרמים,200.00,100 גרם,false,,17.90,8.9500,true,1,28526
7290000052649,false,גבינת לאבנה 5% שומן 500 ג' פיראוס,תנובה מרכז שיתופי לש,IL,פיראוס לאבנה 5% 500ג,גרמים,500.00,100 גרם,false,,22.90,4.5800,true,1,28532
7290000053219,false,גבינה טל העמק שמנה ק,תנובה מרכז שיתופי לש,IL,טל העמק 32% במשקל,קילוגרמים,1.00,"ק""ג",true,,61.00,61.0000,true,1,28278
7290000055015,false,פיראוס גבינת פטה כבשים 5% תנובה 250 גרם,תנובה מרכז שיתופי לש,IL,פיראוס גבינת פטה כבש,גרמים,250.00,100 גרם,false,,32.90,13.1600,true,1,28576
7290000055329,false,"משקה בוקר יוגורט 1.5% בטעם תות מלון יופלה 250 מ""ל",תנובה מרכז שיתופי לש,IL,יופלה משקה יוגורט תו,מיליליטרים,250.00,"100 מ""ל",false,,6.50,2.6000,true,1,28582
7290000055336,false,משקה יוגורט יופלה בטעם בננה אפרסק 250 גר,תנובה מרכז שיתופי לש,IL,יופלה משקה יוגורט בנ,מיליליטרים,250.00,"100 מ""ל",false,,6.50,2.6000,true,1,28583
7290000055343,false,משקה יוגורט יופלה פירות טרופיים 250 גרם,תנובה מרכז שיתופי לש,IL,יופלה משקה יוגורט טר,מיליליטרים,250.00,"100 מ""ל",false,,6.50,2.6000,true,1,28584
7290000055350,false,גבינה צהובה חריץ עמק 28% במשקל,תנובה מרכז שיתופי לש,IL,עמק קלאסית 28% במשקל,קילוגרמים,1.00,"ק""ג",true,,44.79,44.7900,true,1,28282
7290000055893,false,חמאה משמנת מפוסטרת 200גרם 82% כ.מהדרין - מוצר בפיקוח,תנובה מרכז שיתופי לש,IL,חמאה מהדרין תנובה 20,גרמים,200.00,100 גרם,false,,7.90,3.9500,true,1,28590
7290000056845,false,תנובה חלב טרי 3% שומן 1.5 ליטר - מוצר בפיקוח,פארייפאבה אגרואינדוס,IL,חלב תנובה בקרטון 3%,ליטרים,1.50,ליטר,false,,9.34,6.2267,true,1,28608
7290000057088,false,עמק גבינה צהובה פרוסה דק דק 28% תנובה 200 גרם,תנובה מרכז שיתופי לש,IL,עמק דק דק 28% 200גר,גרמים,200.00,100 גרם,false,,17.90,8.9500,true,1,28619
7290000057118,false,עמק סמי מעדנייה כשרות מהדרין,תנובה מרכז שיתופי לש,IL,עמק סמי 28% 400 גר,גרמים,400.00,100 גרם,false,,24.90,6.2250,true,1,28621
7290000057132,false,יוגורט תנובה טבעי 1.5% גביע 200 גרם,מחלבת אלון תבור,IL,תנובה יוגורט טבעי 1.,מיליליטרים,200.00,"100 מ""ל",false,,3.50,1.7500,true,1,28622
7290000057149,false,יוגורט תנובה טבעי 3% גביע 200 גרם,מיוצר עי קונדיטוריית,IL,תנובה יוגורט טבעי 3%,גרמים,200.00,100 גרם,false,,3.50,1.7500,true,1,28623
7290000057552,false,יופלה דיאט עוגת גבינה ותות 0% גביע 150ג',תנובה חלב,IL,יופלה דיאט ע.גבינה ו,מיליליטרים,150.00,"100 מ""ל",false,,5.50,3.6667,true,1,28634
7290000058030,false,"יופלה שטוזים משקה יוגורט תות 8 יח' * 100 מ""ל",מיוצר עי קונדיטוריית,IL,יופלה שטוזים משקה יו,מיליליטרים,800.00,"100 מ""ל",false,,21.90,2.7375,true,1,28643
7290000058047,false,**שף לבן שמנת מתוקה מהדרין 38% פקק 500מ,תנובה מרכז שיתופי לש,IL,שף לבן שמנת מתוקה מה,מיליליטרים,500.00,"100 מ""ל",false,,12.94,2.5880,true,1,28644
7290000058580,false,קוקילידה וניל ועוגיות שוקולד נסטלה 83ג',נגה גלידות (גלידות נ,IL,קוקילידה וניל,יחידה,0.00,יחידה,false,,10.90,0.0000,true,1,18276
7290000060071,false,אוסם - חטיפי פריכונים מאורז מלא קלוי 80גר,"מיוצר ע""י PT, משווק",IL,חטיפי פריכונים מאורז,גרמים,80.00,100 גרם,false,,8.90,11.1250,true,1,22324
7290000060088,false,בייגלה מקלות מלוחים אסם 400 גרם,מיוצר עי קונדיטוריית,IL,בייגלה אסם מקלות מלו,גרמים,400.00,100 גרם,false,,12.90,3.2250,true,1,22325
7290000060163,false,פסטה אסם אטריות דקות 400גר,"אסם תעשיות בע""מ",IL,אטריות דקות אסם 400,גרמים,400.00,100 גרם,false,,7.90,1.9750,true,1,22328
7290000060200,false,פסטה אסם פתיתים אפויים קוסקוס 500גר,"אסם תעשיות בע""מ",IL,פתיתים אפויים קוסקוס,גרמים,500.00,100 גרם,false,,7.90,1.5800,true,1,22329
7290000060217,false,פסטה מקרוני מספר 7 אסם 500 גרם,קריות זול,IT,פסטה מקרוני אסם 500,גרמים,500.00,100 גרם,false,,6.90,1.3800,true,1,22330
7290000060248,false,פסטה אסם פתיתים תלתלים 500 גר',קריות זול,IT,פסטה תלתלים אסם 500,גרמים,500.00,100 גרם,false,,6.90,1.3800,true,1,22331
7290000060316,false,פסטה פרפקטו ספגטי 500ג' אסם,אסם פרפקטו,IT,פסטה ספגטי פרפקטו 50,גרמים,500.00,100 גרם,false,,7.90,1.5800,true,1,22333
7290000060330,false,פרפקטו פרפקטו ספיראלי גירף 500 גר,אסם פרפקטו,IT,פסטה ספירלי פרפקטו 5,גרמים,500.00,100 גרם,false,,7.90,1.5800,true,1,22335
7290000060408,false,פסטה אסם פתיתים אפויים טבעות 500 גר,"אסם תעשיות בע""מ",IL,פתיתים אפויים טבעות,גרמים,500.00,100 גרם,false,,7.90,1.5800,true,1,22337
7290000060781,false,פסטה אסם פתיתים מסולסלים 500גר,קריות זול,IT,פסטה מסולסלים אסם 50,גרמים,500.00,100 גרם,false,,6.90,1.3800,true,1,22344
7290000060828,false,פסטה קרניים בינוניות אסם 500 גרם,קריות זול,IT,פסטה קרניים בינוניות,גרמים,500.00,100 גרם,false,,6.90,1.3800,true,1,22345
7290000060842,false,פסטה אסם פתיתים צדפים גדולים 500גר,קריות זול,IT,פסטה צדפים גדולים אס,גרמים,500.00,100 גרם,false,,6.90,1.3800,true,1,22346
7290000060859,false,פסטה אסם פתיתים צדפים קטנים 500גר,קריות זול,IT,פסטה צדפים קטנים אסם,גרמים,500.00,100 גרם,false,,6.90,1.3800,true,1,22347
7290000060880,false,פסטה מס' 8 ספגטי אסם 500ג',קריות זול,IT,ספגטי אסם 500 גרם,גרמים,500.00,100 גרם,false,,6.90,1.3800,true,1,22348
7290000060903,false,פסטה אסם פתיתים אפויים אורז 500גר,"אסם תעשיות בע""מ",IL,פתיתים אפויים אורז א,גרמים,500.00,100 גרם,false,,7.90,1.5800,true,1,22349
7290000060958,false,פסטה אסם אטריות בינוניות 400 גרם,"אסם תעשיות בע""מ",IL,אטריות בינוניות אסם,גרמים,400.00,100 גרם,false,,7.90,1.9750,true,1,22351
7290000060965,false,פסטה אסם אטריות רחבות 400גר,"אסם תעשיות בע""מ",IL,אטריות רחבות אסם 400,גרמים,400.00,100 גרם,false,,7.90,1.9750,true,1,22352
7290000061061,false,קרקר חיטה עם בצל אסם,"אסם תעשיות בע""מ",IL,אסם קרקר בצל 250גרם,גרמים,250.00,100 גרם,false,,11.90,4.7600,true,1,22354
7290000061108,false,"רוטב טריאקי 290 מ""ל-בקבוק","אסם תעשיות בע""מ",IL,רוטב טריאקי אסם 290,מיליליטרים,290.00,"100 מ""ל",false,,13.90,4.7931,true,1,22356
7290000061214,false,פתיתים אפויים קוסקוס עם בצל אסם 500 גרם,"אסם תעשיות בע""מ",IL,פתיתים קוסקוס בצל אס,גרמים,500.00,100 גרם,false,,7.90,1.5800,true,1,22357
7290000061450,false,פתיתים אפויים קוסקוס 3 צבעים אסם 500 גרם,"אסם תעשיות בע""מ",IL,פתיתים קוסקוס 3 צבעי,גרמים,500.00,100 גרם,false,,7.90,1.5800,true,1,22360
7290000062952,false,אוסם - מיני קרוטונים למרק ולסלט 250 גרם,עינת תעשיות מזון אגו,IL,מיני קרוטונים למרק ו,גרמים,250.00,100 גרם,false,,16.90,6.7600,true,1,22367
7290000063102,false,אסם קמח עוגה תופח מאליו 350 גרם,"אסם תעשיות בע""מ",IL,קמח תופח קטן אסם 350,גרמים,350.00,100 גרם,false,,5.90,1.6857,true,1,22370
7290000063133,false,אסם שקדי מרק רכיבים טבעיים 24*100גרם,"אסם השקעות בע""מ",IL,שקדי מרק רכיבים טבעי,גרמים,100.00,100 גרם,false,,6.90,6.9000,true,1,22371
7290000063140,false,שקדי מרק רכיבים טבעיים בשקית 400 ג' אסם,"אסם תעשיות בע""מ",IL,שקדי מרק רכיבים טבעי,גרמים,400.00,100 גרם,false,,14.90,3.7250,true,1,22372
7290000063157,false,אסם קמח עוגה תופח מאליו 1 קג,"אסם תעשיות בע""מ",IL,קמח עוגה תופח מאליו,קילוגרמים,1.00,"ק""ג",false,,10.90,10.9000,true,1,22373
7290000064758,false,קוסקוס בינוני אמיתי אסם 350 ג',"מיוצר ע""י קוד יצרן K",IL,קוסקוס אמיתי אסם 350,גרמים,350.00,100 גרם,false,,8.90,2.5429,true,1,22383
7290000064871,false,"אוסם - מנה חמה פירה תפו""א עם בצל 56 גרם","אסם תעשיות בע""מ",IL,"מנה חמה פירה תפו""א ו",גרמים,56.00,100 גרם,false,,6.90,12.3214,true,1,22384
7290000065063,false,פילה סלמון נורווגי,,,פילה סלמון 1400-100,קילוגרמים,1.00,"ק""ג",true,,79.90,79.9000,true,1,153727
7290000065090,false,מיני קרוטונים מתובלים למרק ולסלט אסם 400 גרם,עינת תעשיות מזון אגו,IL,מיני קרוטונים למרק ו,גרמים,400.00,100 גרם,false,,28.90,7.2250,true,1,22385
7290000065335,false,אוסם - מנה חמה פירה עם ירקות 55 גרם,"אסם תעשיות בע""מ",IL,מנה חמה פירה וירקות,גרמים,55.00,100 גרם,false,,6.90,12.5455,true,1,22387
7290000065540,false,אוסם - מנה חמה פסטה מוקרמת בטעם עוף 55 גרם,"אסם תעשיות בע""מ",IL,מנה חמה פסטה מוקרמת,גרמים,55.00,100 גרם,false,,6.90,12.5455,true,1,22388
7290000065557,false,אוסם - מנה חמה קוסקוס עם ירקות 84 גרם,"אסם תעשיות מזון בע""מ",IL,מנה חמה קוסקוס וירקו,גרמים,84.00,100 גרם,false,,6.90,8.2143,true,1,22389
7290000065977,false,אסם חטיפי פריכונים תירס שומשום 80 גרם,"מיוצר ע""י פרח, משווק",IL,חטיפי פריכונים תירס,גרמים,80.00,100 גרם,false,,8.90,11.1250,true,1,22395
7290000066141,false,ביסלי חטיף בטעם גריל אסם 70 גרם,"אסם תעשיות בע""מ",IL,ביסלי גריל 70 גר'.,גרמים,70.00,100 גרם,false,,4.90,7.0000,true,1,22397
7290000066189,false,ביסלי חטיף בטעם פלאפל אסם 200 גרם,"אסם תעשיות בע""מ",IL,ביסלי גדול פלאפל 200,גרמים,200.00,100 גרם,false,,7.90,3.9500,true,1,22401
7290000066196,false,ביסלי חטיף בטעם גריל אסם 200 גרם,מיוצר עי קונדיטוריית,IL,ביסלי גריל 200גרם,גרמים,200.00,100 גרם,false,,7.90,3.9500,true,1,22402
7290000066264,false,דובונים חטיף תפוחי אדמה אסם 40 גרם,"אסם תעשיות בע""מ",IL,דובונים 40גרם,גרמים,40.00,100 גרם,false,,5.00,12.5000,true,1,22406
7290000066295,false,במבה מתוקה מחומרים טבעיים 30 גרם,מיוצר עי קונדיטוריית,IL,במבה מתוקה מחומרים ט,גרמים,30.00,100 גרם,false,,2.90,9.6667,true,1,22407
7290000066318,false,במבה חטיף בוטנים אסם 80 גרם,"אסם תעשיות בע""מ",IL,במבה קלאסי 80 גרם,גרמים,80.00,100 גרם,false,,4.90,6.1250,true,1,22409
7290000066332,false,אפרופו חטיף תירס אסם 50 גרם,מיוצר עי קונדיטוריית,IL,אפרופו 50 גרם,גרמים,50.00,100 גרם,false,,5.90,11.8000,true,1,22410
7290000066431,false,פופקו חטיף פופקורן בטעם חמאה ודבש אסם 80 גרם,מיוצר עי קונדיטוריית,IL,פופקו חמאה ודבש 80גר,גרמים,80.00,100 גרם,false,,5.90,7.3750,true,1,22412
7290000067407,false,פרורית מתובלת בשקית 200 גרם,עינת תעשיות מזון אגו,IL,פירורית מתובל שקית 2,גרמים,200.00,100 גרם,false,,7.90,3.9500,true,1,67984
7290000067544,false,פירורית זהב פירורי לחם אסם 200 גרם,עינת תעשיות מזון אגו,IL,אסם פירורית פירורי ל,גרמים,200.00,100 גרם,false,,7.90,3.9500,true,1,22420
7290000067599,false,מנה חמה ספגטי ברוטב בולונז אסם 65 גרם,"אסם תעשיות בע""מ",IL,מנה חמה ספגטי בולונז,גרמים,65.00,100 גרם,false,,6.90,10.6154,true,1,22424
7290000068138,false,אינסטנט פודינג בטעם וניל אסם 80 גרם,מיוצר עי קונדיטוריית,IL,אסם פודינג אינסטנט ו,גרמים,80.00,100 גרם,false,,6.50,8.1250,true,1,22430
7290000068343,false,אוסם - פירכונים מאורז מלא 140 גרם,"מיוצר ע""י PT, משווק",IL,פריכונים מאורז מלא א,גרמים,140.00,100 גרם,false,,9.50,6.7857,true,1,22440
7290000068394,false,קממבר בקר גלגל גד 25,,,קממבר בקר גלגל גד 25,קילוגרמים,1.00,"ק""ג",true,,100.00,100.0000,true,1,16680
7290000068424,false,גד גבינת גאודה בקר ג,,,גאודה בקר גלגל גד 30,קילוגרמים,1.00,"ק""ג",true,,115.00,115.0000,true,1,16681
7290000068701,false,אסם שקדי מרק רכיבים טבע.מיכל 400 גרם,"אסם תעשיות בע""מ",IL,שקדי מרק במיכל אסם 4,גרמים,400.00,100 גרם,false,,17.90,4.4750,true,1,67986
7290000068770,false,במבה יום הולדת חטיף בוטנים אסם 80 גרם,"אסם תעשיות בע""מ",IL,במבה יום הולדת 80גרם,גרמים,80.00,100 גרם,false,,4.90,6.1250,true,1,22442
7290000068787,false,במבה יום הולדת חטיף בוטנים אסם 25 גרם,מיוצר עי קונדיטוריית,IL,במבה יום הולדת 25גרם,גרמים,25.00,100 גרם,false,,2.90,11.6000,true,1,22443
7290000069258,false,פסטה פרפקטו פנה ריגאטה 500 ג' אסם,קריות זול,IT,פנה ריגאטה פרפקטו 50,גרמים,500.00,100 גרם,false,,7.90,1.5800,true,1,22449
7290000069364,false,פריכונים מאורז מלא ללא תוספת סוכר אסם 140 גרם,"מיוצר ע""י PT, משווק",IL,פריכונים מאורז מלא ל,גרמים,140.00,100 גרם,false,,9.50,6.7857,true,1,22450
7290000069609,false,אסם חטיפי קרקר זעתר 300 גרם,"אסם תעשיות בע""מ",IL,אסם חטיפי קרקר זעתר,גרמים,300.00,100 גרם,false,,13.90,4.6333,true,1,22454
7290000070308,false,אבקת מרק עוף אמיתי בשרי אסם 400 גרם,"אסם תעשיות בע""מ",IL,מרק עוף אמיתי אסם 40,גרמים,400.00,100 גרם,false,,26.90,6.7250,true,1,22461
7290000070322,false,אבקת מרק פטריות רכיבים טבעיים אסם 400 גרם,"אסם תעשיות בע""מ",IL,אבקת מרק פטריות רכיב,גרמים,400.00,100 גרם,false,,30.90,7.7250,true,1,22462
7290000072623,false,קטשופ אסם בקבוק לחיץ 750 גרם,"אסם תעשיות בע""מ",IL,אסם קטשופ בקבוק לחיץ,גרמים,750.00,100 גרם,false,,12.50,1.6667,true,1,22484
7290000072630,false,קטשופ אסם חריף 750 גרם-בקבוק,"אסם תעשיות בע""מ",IL,אסם קטשופ חריף 750 ג,גרמים,750.00,100 גרם,false,,16.90,2.2533,true,1,22485
7290000072753,false,קפה נמס מגורען טסטרס צ'ויס 200 גרם-,נסטלה קוריאה - קפה,IL,נס קפה טייסטרס צ'ויס,גרמים,200.00,100 גרם,false,,33.90,16.9500,true,1,22487
7290000072760,false,נסקפה טייסטרס צויס 100 גר אוריגנל,נסטלה קוריאה - קפה,KR,טייסטרס צ'וייס 100גר,גרמים,100.00,100 גרם,false,,30.90,30.9000,true,1,22488
7290000072784,false,קפה טייסטר צויס נטול קופאין 100 גר',נסטלה קוריאה - קפה,KR,טייסטרס צוייס נטול ק,גרמים,100.00,100 גרם,false,,31.90,31.9000,true,1,22490
7290000072968,false,דגנים סיני מיניס מלחמת הכוכבים 500 גרם,נסטלה פולין דגני בוק,PL,סיני מיניס דגני נסטל,יחידה,500.00,יחידה,false,,28.90,0.0578,true,1,22495
7290000073125,false,מנה חמה פסטה ברוטב עגבניות אסם 62 גרם,"אסם תעשיות בע""מ",IL,מנה חמה פסטה עם עגבנ,גרמים,62.00,100 גרם,false,,6.90,11.1290,true,1,22496
7290000073415,false,אוסם - מנה חמה פסטה ברוטב פיצה 61 גרם,"אסם תעשיות בע""מ",IL,מנה חמה פסטה ברוטב פ,גרמים,61.00,100 גרם,false,,6.90,11.3115,true,1,22497
7290000073699,false,סלט חומוס סלטי צבר 1,סלטי צבר,IL,צבר חומוס חלק 150ג,גרמים,150.00,100 גרם,false,,5.90,3.9333,true,1,23284
7290000073767,false,מנה חמה נודלס אטר.+ירקות טעם בקר 70 גרם,טאי רזידנט,TH,מנה חמה נודלס בטעם ב,גרמים,70.00,100 גרם,false,,6.90,9.8571,true,1,22500
7290000073774,false,מנה חמה נודלס אטר+ירקות טעם צילי 70 גרם,טאי רזידנט,TH,מנה חמה נודלס בטעם פ,גרמים,70.00,100 גרם,false,,6.90,9.8571,true,1,22501
7290000074153,false,ביסקוויט פתי בר שוקולד אסם 500 גרם,מיוצר עי קונדיטוריית,IL,אסם פתי בר שוקו 500ג,גרמים,500.00,100 גרם,false,,15.50,3.1000,true,1,22506
7290000074184,false,ביסקוויט פתי בר אסם 500 גרם,"אסם תעשיות בע""מ",IL,אסם פתי בר 500גרם.,גרמים,500.00,100 גרם,false,,12.00,2.4000,true,1,22508
7290000074245,false,אוסם - קרם קרקר אסם 250 גרם,"אסם תעשיות בע""מ",IL,אסם קרם קרקר 250גרם,גרמים,250.00,100 גרם,false,,11.90,4.7600,true,1,22509
7290000074276,false,קרקר פיקנטי טבעון 250 ג' אסם,"אסם תעשיות בע""מ",IL,טבעון קרקר פיקנטי 25,גרמים,250.00,100 גרם,false,,11.90,4.7600,true,1,22511
7290000074375,false,אוסם - קרקר זהב 150 גרם,"אסם תעשיות בע""מ",IL,אסם קרקר זהב 150גרם,גרמים,150.00,100 גרם,false,,8.90,5.9333,true,1,22514
7290000074696,false,"קרם קרקר 1 ק""ג אוסם","אסם השקעות בע""מ",IL,אסם קרם קרקר 1קג,קילוגרמים,1.00,"ק""ג",false,,24.90,24.9000,true,1,22235
7290000074764,false,קרקר זהב אסם 900 גרם,אסם תעשיות,IL,קרקר זהב אסם 900 גרם,גרמים,900.00,100 גרם,false,,24.90,2.7667,true,1,22521
7290000075204,false,אוסם - לחמית חיטה מלאה 250 גרם,"אסם תעשיות בע""מ",IL,לחמית חיטה מלאה 250ג,גרמים,250.00,100 גרם,false,,9.90,3.9600,true,1,22525
7290000076126,false,אוסם - בייגלה שמיניות קטנות 80 גרם,"אסם תעשיות בע""מ",IL,אסם בייגלה שמיניות ק,גרמים,80.00,100 גרם,false,,3.90,4.8750,true,1,22528
7290000076133,false,בייגלה שמיניות עם מלח אסם 400 גרם,"אסם תעשיות בע""מ",IL,בייגלה אסם שמיניות ק,גרמים,400.00,100 גרם,false,,12.90,3.2250,true,1,22529
7290000076645,false,טוסטעים פת קלויה חיטה מלאה אסם 100 גרם,ון דר מולן האלום,NL,טוסטעים חיטה מלאה אס,גרמים,100.00,100 גרם,false,,11.90,11.9000,true,1,22531
7290000077253,false,אוסם - לחמית כפרית עם דגנים מלאים 190 גרם,"אסם תעשיות בע""מ",IL,לחמית כפרית 190גרם,גרמים,190.00,100 גרם,false,,11.90,6.2632,true,1,22533
7290000078212,false,קרוטונים מתובלים למרק אסם 250 גרם,עינת תעשיות מזון אגו,IL,קרוטונים מתובלים אסם,גרמים,250.00,100 גרם,false,,16.90,6.7600,true,1,22537
7290000078762,false,אוסם - חטיפי פריכונים מאורז מלא בטעם דבש 80גר,סנורייס בלגיום אן. ו,BE,חטיפי פריכונים אורז,גרמים,80.00,100 גרם,false,,8.90,11.1250,true,1,22538
7290000079238,false,פטה עיזים מעודנת צור,,,פטה עיזים מעודנת צור,קילוגרמים,1.00,"ק""ג",true,,95.00,95.0000,true,1,8299
7290000079290,false,גבינה צהובה נעם טרה,,,גבינה צהובה נעם טרה,קילוגרמים,1.00,"ק""ג",true,,65.00,65.0000,true,1,8301
7290000079412,false,אמנטל נעם מהדרין במש,,,אמנטל נעם מהדרין במש,קילוגרמים,1.00,"ק""ג",true,,69.00,69.0000,true,1,83875
7290000080765,false,טוסטעים פת קלויה עם שומשום אסם 100 גרם,ון דר מולן האלום,NL,טוסטעים פת קלויה עם,גרמים,100.00,100 גרם,false,,11.90,11.9000,true,1,22542
7290000084899,false,מב פטינה 20% וילי פ,,,מב פטינה 20% וילי פ,קילוגרמים,1.00,"ק""ג",true,,21.00,21.0000,true,1,4724
7290000085066,false,גד בולגרית קוביות 5%,,,בולגרית קוביות 5%גד,קילוגרמים,1.00,"ק""ג",true,,65.00,65.0000,true,1,16688
7290000085180,false,גטניו פתי בר וניל 470 גרם,"אחים גטניו בע""מ",IL,גטניו - פתיבר וניל 4,גרמים,470.00,100 גרם,false,,9.90,2.1064,true,1,70132
7290000089199,false,מקסיקני חריפה בלוק,,,חריפה במשקל,קילוגרמים,1.00,"ק""ג",true,,42.90,42.9000,true,1,21838
7290000089274,false,נקניק מעושן מעדנייה,,,נקניק מעושן מעדנייה,קילוגרמים,1.00,"ק""ג",true,,42.90,42.9000,true,1,21840
7290000089388,false,מעדן הרינג בסגנון מט,,,מעדן הרינג בסגנון מט,קילוגרמים,1.00,"ק""ג",true,,84.00,84.0000,true,1,21046
7290000089395,false,הרינג כבוש עם בצל,,,הרינג כבוש עם בצל,קילוגרמים,1.00,"ק""ג",true,,84.00,84.0000,true,1,21047
7290000095408,false,נעם 28% חריץ מעדניה,,,נעם 28% חריץ מעדניה,קילוגרמים,1.00,"ק""ג",true,,44.79,44.7900,true,1,8305
7290000095415,false,נעם 9% חריץ מעדניה-,,,נעם 9% חריץ מעדניה-,קילוגרמים,1.00,"ק""ג",true,,77.00,77.0000,true,1,8306
7290000095422,false,גבינת נועם 22% חריץ,,,גבינת נועם 22% חריץ,קילוגרמים,1.00,"ק""ג",true,,42.58,42.5800,true,1,8307
7290000100081,false,לחמניה קשר/קלועה,,,לחמניה קשר/קלועה,יח',1.00,יח',false,,3.20,3.2000,true,1,95448
7290000100128,false,פירות קפואים תות סנפרוסט 300 ג',"סנפרוסט בע""מ",IL,סדרת פירות קפואים-תו,גרמים,300.00,100 גרם,false,,19.90,6.6333,true,1,124696
7290000100135,false,פירות קפואים סנפרוסט דובדבן 300 גר,"סנפרוסט בע""מ",IL,סדרת פירות קפואים-דו,גרמים,300.00,100 גרם,false,,20.90,6.9667,true,1,124697
7290000100160,false,נילס קוקיס שוקו,,,נילס קוקיס שוקו,קילוגרמים,1.00,"ק""ג",true,,55.00,55.0000,true,1,116645
7290000100300,false,לחם מחמצת טוסקני כפר,,,לחם מחמצת טוסקני כפר,גרמים,530.00,100 גרם,false,,17.90,3.3774,true,1,215976
7290000100609,false,קוביות אנטי פסטי להקפצה סנפורסט 600 ג',"סנפרוסט בע""מ",IL,קוביות אנטיפסטי להקפ,גרמים,600.00,100 גרם,false,,28.90,4.8167,true,1,213222
7290000100615,false,5 יח' חליות לחמניו,,,5 יח' חליות לחמניו,יח',1.00,יח',false,,14.90,14.9000,true,1,116652
7290000101132,false,לקט קטניות לחמין סנפרוסט 800 גר,"סנפרוסט בע""מ",IL,לקט קטניות לחמין 800,גרמים,800.00,100 גרם,false,,20.90,2.6125,true,1,28088
7290000101927,false,אוכמניות כחולות מוקפאות סנפרוסט 300 גרם,"איי, בי, אינבוו",IL,אוכמניות כחולות מוקפ,גרמים,300.00,100 גרם,false,,19.90,6.6333,true,1,78618
7290000101934,false,מיקס פירות יער מוקפאות 300 ג' סנפרוסט,"איי, בי, אינבוו",IL,מיקס פירות יער 300 ג,גרמים,300.00,100 גרם,false,,19.90,6.6333,true,1,78619
7290000101941,false,אננס חתוך מוקפא סנפרוסט 300ג',"איי, בי, אינבוו",IL,אננס מוקפא 300 גרם,גרמים,300.00,100 גרם,false,,19.90,6.6333,true,1,378711
7290000103365,false,מרק ירקות עשיר סנפרוסט 550 גרם,"איי, בי, אינבוו",IL,סנפרוסט מרק ירקות 50,גרמים,500.00,100 גרם,false,,20.90,4.1800,true,1,28092
7290000103433,false,"לקט ירקות לתנור 800 גרם ""סנפרוסט""","איי, בי, אינבוו",IL,לקט ירקות לתנור 800,גרמים,800.00,100 גרם,false,,26.90,3.3625,true,1,28099
7290000103839,false,מרק כתום עשיר בירקות סנפרוסט 570 גרם,"סנפרוסט בע""מ",IL,סנפרוסט מרק כתום קפו,גרמים,572.00,100 גרם,false,,20.90,3.6538,true,1,28126
7290000103846,false,מרק אפונה עשיר בירקות סנפרוסט 570 גרם,"סנפרוסט בע""מ",IL,סנפרוסט מרק אפונה קפ,גרמים,570.00,100 גרם,false,,20.90,3.6667,true,1,28127
7290000103860,false,מרק עדשים עשיר בירקות סנפרוסט 570 גרם,"איי, בי, אינבוו",IL,סנפרוסט מרק עדשים קפ,גרמים,572.00,100 גרם,false,,20.90,3.6538,true,1,28128
7290000104072,false,עדשים ירוקות מבושלות מוקפאות 800 ג' סנפרוסט,"איי, בי, אינבוו",IL,סנפרוסט עדשים ירוקות,גרמים,800.00,100 גרם,false,,22.90,2.8625,true,1,28133
7290000104188,false,שעועית אדומה מבושלת סנפרוסט 800 גרם,"סנפרוסט בע""מ",IL,סנפרוסט שעועית אדומה,גרמים,800.00,100 גרם,false,,20.90,2.6125,true,1,28135
7290000104201,false,אפונה עדינה סנפרוסט 600 גרם,"איי, בי, אינבוו",IL,אפונה עדינה סנפרוסט,גרמים,600.00,100 גרם,false,,20.90,3.4833,true,1,28136
7290000104218,false,סנפרוסט במיה 600 גרם,"איי, בי, אינבוו",IL,סנפרוסט במיה 600גר,גרמים,600.00,100 גרם,false,,18.90,3.1500,true,1,28137
7290000104225,false,בצל קצוץ סנפרוסט 600 גרם,"סנפרוסט בע""מ",IL,בצל קצוץ סנפרוסט 600,גרמים,600.00,100 גרם,false,,20.90,3.4833,true,1,28138
7290000104676,false,אפונה קפואה סנפרוסט 800 גרם,"איי, בי, אינבוו",IL,אפונת גינה סנפרוסט 8,גרמים,800.00,100 גרם,false,,20.90,2.6125,true,1,28140
7290000104683,false,שעועית ירוקה שלמה סנפרוסט 800 גרם,"סנפרוסט בע""מ",IL,שעועית שלמה סנפרוסט,גרמים,800.00,100 גרם,false,,24.90,3.1125,true,1,28141
7290000104690,false,תירס גרעינים 800 גרם סנפרוסט,"איי, בי, אינבוו",IL,תירס גרעינים 800גר,גרמים,800.00,100 גרם,false,,20.90,2.6125,true,1,28142
7290000104713,false,פול ירוק סנפרוסט 800 גרם,"איי, בי, אינבוו",IL,פול ירוק 800גר,גרמים,800.00,100 גרם,false,,26.90,3.3625,true,1,28144
7290000104720,false,שעועית ירוקה חתוכה סנפרוסט 800 גרם,"סנפרוסט בע""מ",IL,שעועית ירוקה חתוכה ס,גרמים,800.00,100 גרם,false,,21.90,2.7375,true,1,28145
7290000104737,false,שעועית צהובה חתוכה סנפרוסט 800גר,"סנפרוסט בע""מ",IL,שעועית צהובה חתוכה ס,גרמים,800.00,100 גרם,false,,21.90,2.7375,true,1,28146
7290000104744,false,כרובית סנפרוסט 800 גרם,"סנפרוסט בע""מ",IL,כרובית 800גר,גרמים,800.00,100 גרם,false,,27.90,3.4875,true,1,28147
7290000104751,false,"כרוב ניצנים 800 גרם ""סנפרוסט""","איי, בי, אינבוו",IL,כרוב ניצנים 800גר,גרמים,800.00,100 גרם,false,,29.90,3.7375,true,1,28148
7290000104768,false,תרד עלים סנפרוסט 800 ג ',"איי, בי, אינבוו",IL,תרד עלים 800 גרם,גרמים,800.00,100 גרם,false,,30.90,3.8625,true,1,28149
7290000104775,false,תרד מדליונים סנפרוסט 800 גרם,"איי, בי, אינבוו",IL,תרד מדליונים 800גר,גרמים,800.00,100 גרם,false,,29.90,3.7375,true,1,28150
7290000104799,false,שעועית לבנה מבושלת סנפרוסט 800 גרם,"איי, בי, אינבוו",IL,שעועית לבנה מבושלת 8,גרמים,800.00,100 גרם,false,,22.90,2.8625,true,1,28151
7290000104805,false,גרגירי חומוס מבושלים סנפרוסט 800 גרם,"איי, בי, אינבוו",IL,גרגירי חומוס קפוא 80,גרמים,800.00,100 גרם,false,,22.90,2.8625,true,1,28152
7290000104829,false,"קלחוני תירס סנפרוסט 1 ק""ג","איי, בי, אינבוו",IL,"קלחוני תירס 1 ק""ג",קילוגרמים,1.00,"ק""ג",false,,20.90,20.9000,true,1,28153
7290000104836,false,שעועית עדינה שלמה 600 גר סנפרוסט,"סנפרוסט בע""מ",IL,שעועית עדינה שלמה סנ,גרמים,600.00,100 גרם,false,,25.90,4.3167,true,1,28154
7290000104874,false,ירקות לקוסקוס של אמא סנפרוסט 800ג',"סנפרוסט בע""מ",IL,לקט קוסקוס 800גר,גרמים,800.00,100 גרם,false,,26.90,3.3625,true,1,28156
7290000104881,false,לקט אפונה וגזר סנפרוסט 800 גרם,"איי, בי, אינבוו",IL,אפונה וגזר 800 גרם ס,גרמים,800.00,100 גרם,false,,18.90,2.3625,true,1,28157
7290000104904,false,לקט ירקות מעורבים סנפרוסט 800 גרם,"איי, בי, אינבוו",IL,לקט ירקות מעורבים 80,גרמים,800.00,100 גרם,false,,26.90,3.3625,true,1,28158
7290000106526,false,חגיגה ירוקה להקפצה סנפרוסט 800 גר,"איי, בי, אינבוו",IL,סנפרוסט חגיגה ירוקה,גרמים,800.00,100 גרם,false,,28.90,3.6125,true,1,143144
7290000107165,false,חטיף פולי סויה סנפרוסט 400 גרם,"איי, בי, אינבוו",IL,פולי סויה אדממה קפוא,גרמים,400.00,100 גרם,false,,15.90,3.9750,true,1,28163
7290000107189,false,תחתיות ארטישוק סנפרוסט 400 גרם,"איי, בי, אינבוו",IL,תחתיות ארטישוק 400גר,גרמים,400.00,100 גרם,false,,26.90,6.7250,true,1,28164
7290000107295,false,תפרחות ברוקולי סנפרוסט 800 גרם,"איי, בי, אינבוו",IL,תפרחות ברוקולי 800ג,גרמים,800.00,100 גרם,false,,30.90,3.8625,true,1,28165
7290000107622,false,פסטה וירקות א-לה איטליה סנפרוסט 800 ג',"איי, בי, אינבוו",IL,סנפרוסט פסטה וירקות,גרמים,800.00,100 גרם,false,,28.90,3.6125,true,1,143146
7290000110844,false,"כיפלי בטעם גריל 70 גרם-בד""ץ",יוניליור ישראל מזון,IL,חטיף כיפלי גריל 70 ג,גרמים,70.00,100 גרם,false,,6.90,9.8571,true,1,12431
7290000111353,false,"מיונז אמיתי תלמה 1 ק""ג",יוניליוור ישראל מזון,IL,"מיונז 1 ק""ג",קילוגרמים,1.00,"ק""ג",false,,19.90,19.9000,true,1,12438
7290000111360,false,חרדל תלמה 250 גרם-צנצנת,יוניליוור ישראל מזו,IL,חרדל אמיתי 250 גרם מ,גרמים,250.00,100 גרם,false,,7.90,3.1600,true,1,12439
7290000111384,false,חרדל אמיתי בצנצנת 550 ג' תלמה,יוניליוור ישראל מזו,IL,חרדל אמיתי תלמה 550,גרמים,550.00,100 גרם,false,,9.10,1.6545,true,1,12440
7290000112220,false,טחינה גולמית שומשום טהור בארכה 500 גרם,רושדי תעשיות מזון בע,IL,בארכה טחינה 100% שומ,גרמים,500.00,100 גרם,false,,15.90,3.1800,true,1,22545
7290000112237,false,"טחינה גולמית שומשום טהור בארכה 1 ק""ג",רושדי תעשיות מזון בע,IL,בארכה טחינה 100% שומ,קילוגרמים,1.00,"ק""ג",false,,31.90,31.9000,true,1,22546
7290000112497,false,מרק עשיר עוף אטריות קנור 75 גרם - שקיות,יוניליוור ישראל מזון,IL,מרק עשיר עוף עם אטרי,גרמים,68.00,100 גרם,false,,10.90,16.0294,true,1,12442
7290000112503,false,מרק עשיר ירקות קנור 69 גרם - שקיות,יוניליוור ישראל מזון,IL,מרק עשיר ירקות קנור,גרמים,61.00,100 גרם,false,,10.90,17.8689,true,1,12443
7290000116921,false,רוטב צ'ילי מתוק 340 גרם קנור,יוניליוור ישראל מזון,IL,רוטב צילי מתוק קנור,מיליליטרים,300.00,"100 מ""ל",false,,14.90,4.9667,true,1,12459
7290000117720,false,קנור - נמס בכוס זוג פטריות 21.50 גרם * 2,יוניליוור ישראל מזון,IL,מרק נמס בכוס פטריות,גרמים,43.00,100 גרם,false,,7.90,18.3721,true,1,12466
7290000120836,false,"מיונז אמיתי 394 גרם ""הלמנס""",קונפקו אינק' די.בי.א,CA,מיונז הלמנס 394 גרם,גרמים,394.00,100 גרם,false,,14.90,3.7817,true,1,12477
7290000121093,false,גבינה מותכת לייט בטעם שוויצרי 7% מון בלאן 120 גר',האי נאם סי או אל.טי.,IL,מון בלאן שויצרית 7%,גרמים,120.00,100 גרם,false,,13.90,11.5833,true,1,19598
7290000121154,false,גבינה מותכת לייט עם סלמון 7% מון בלאן 120 גרם,האי נאם סי או אל.טי.,IL,מון בלאן סלמון 7% 12,גרמים,120.00,100 גרם,false,,13.90,11.5833,true,1,19601
7290000121239,false,מיוקל 5% שומן ללא כולסטרול תלמה 500ג',יוניליוור ישראל מזון,IL,מיוקל 5% מופחת שומן,גרמים,500.00,100 גרם,false,,15.90,3.1800,true,1,12479
7290000128401,false,פטה כבש 24% פיראוס,,,פטה כבש 24% פיראוס,קילוגרמים,1.00,"ק""ג",true,,113.00,113.0000,true,1,28300
7290000129457,false,אבקת רוטב פטריות קנור 28 ג' שקית,יוניליוור ישראל מזון,IL,רוטב פטריות 28גר,גרמים,28.00,100 גרם,false,,5.50,19.6429,true,1,12506
7290000133117,false,בולגרית מעודנת השומר,,,בולגרית מעודנת השומר,קילוגרמים,1.00,"ק""ג",true,,55.00,55.0000,true,1,16834
7290000133148,false,צפתית רכה5% שומרון מ,,,צפתית רכה5% שומרון מ,קילוגרמים,1.00,"ק""ג",true,,58.00,58.0000,true,1,16836
7290000133193,false,בולג.קלאסית שומרון,,,בולג.קלאסית שומרון,קילוגרמים,1.00,"ק""ג",true,,60.00,60.0000,true,1,16837
7290000134147,false,טעם וריח מוסקט טחון מיכל 40גר,"תבליני טעם וריח בע""מ",IL,טעם וריח מוסקט טחון,גרמים,40.00,100 גרם,false,,18.70,46.7500,true,1,50883
7290000134338,false,שום אבקה 90 גרם מיכל גדול,"תבליני טעם וריח בע""מ",IL,תבלין אבקת שום טעם ו,גרמים,90.00,100 גרם,false,,11.90,13.2222,true,1,50886
7290000134550,false,טעם וריח עלי דפנה שק,"תבליני טעם וריח בע""מ",IL,טעם וריח עלי דפנה שק,גרמים,20.00,100 גרם,false,,6.90,34.5000,true,1,50892
7290000134673,false,תבלין זנגביל טעם ורי,"תבליני טעם וריח בע""מ",IL,תבלין זנגביל טעם ורי,גרמים,30.00,100 גרם,false,,6.90,23.0000,true,1,50894
7290000134680,false,תבלין קמיל שלם טעם ו,תות ממתקי איכות,IL,תבלין קמיל שלם טעם ו,גרמים,40.00,100 גרם,false,,6.90,17.2500,true,1,135246
7290000134833,false,תבלין כמון טחון 100 גר',"תבליני טעם וריח בע""מ",IL,טעם וריח ת.כמון במיכ,גרמים,100.00,100 גרם,false,,12.80,12.8000,true,1,50898
7290000134840,false,תבלין כורכום טחון 100 גר',"תבליני טעם וריח בע""מ",IL,טעם וריח ת.כורכום במ,גרמים,100.00,100 גרם,false,,11.90,11.9000,true,1,50899
7290000134857,false,פפריקה מתוקה 100 גרם טעם וריח,"תבליני טעם וריח בע""מ",IL,טעם וריח ת.פפריקה מת,גרמים,100.00,100 גרם,false,,11.80,11.8000,true,1,50900
7290000134871,false,פלפל שחור טחון 100 גרם טעם וריח,"תבליני טעם וריח בע""מ",IL,טעם וריח ת. פלפל שחו,גרמים,100.00,100 גרם,false,,16.90,16.9000,true,1,50902
7290000134987,false,תבלין פלפל שחור גרוס 90 גר',"תבליני טעם וריח בע""מ",IL,טעם וריח פלפל שחור ג,גרמים,90.00,100 גרם,false,,16.90,18.7778,true,1,50904
7290000135045,false,"XL TEN משקה אנרגיה פתוח ללא סוכר 250 מ""ל","טמפו משקאות בע""מ",IL,אקס אל TEN פחית תפוח,מיליליטרים,250.00,"100 מ""ל",false,,4.90,1.9600,true,1,140552
7290000135052,false,"XL TEN משקה אנרגיה מנגו ללא סוכר 250 מ""ל","טמפו משקאות בע""מ",IL,אקס אל TEN פחית מנגו,מיליליטרים,250.00,"100 מ""ל",false,,4.90,1.9600,true,1,140553
7290000135113,false,"משקה אנרגיה XL פחית ten נענע ליים 250 מ""ל",טמפו 7.5%,IL,פחית XL TEN נענע ליי,מיליליטרים,250.00,"100 מ""ל",false,,4.90,1.9600,true,1,207822
7290000135311,false,פפסי מקס ליים 1.5 ליטר בודד,"טמפו משקאות בע""מ",IL,פפסי מקס ליים 1.5 ל',ליטרים,1.50,ליטר,false,,8.50,5.6667,true,1,239988
7290000135625,false,"מארז בירה גולדסטאר פחיות 4* 500 מ""ל",טמפו,IL,גולדסטאר פחיות 4*500,ליטרים,2.00,ליטר,false,,30.90,15.4500,true,1,323916
7290000135632,false,"רביעיית פחיות גולדסטאר לא מסונן 500 מ""ל",טמפו,IL,גולדסטאר לא מסונן פח,ליטרים,2.00,ליטר,false,,33.90,16.9500,true,1,323931
7290000136141,false,משקה בטעם קולה 1.5ל' פפסי,פפסי Pepsi,IL,פפסי קולה 1.5 ליטר,ליטרים,1.50,ליטר,false,,8.50,5.6667,true,1,367478
7290000136158,false,פפסי מקס משקה מוגז דל קלוריות בטעם קולה,פפסי Pepsi,IL,פפסי מקס 1.5 ליטר,ליטרים,1.50,ליטר,false,,8.50,5.6667,true,1,367494
7290000136165,false,טמפו מירינדה 1.5 ליטר,מירינדה Mirinda,IL,מירינדה 1.5 ליטר,ליטרים,1.50,ליטר,false,,8.50,5.6667,true,1,367413
7290000136172,false,סבן אפ בקבוק 1.5 ליט,סבן אפ 7up,IL,סבן אפ 1.5 ליטר,ליטרים,1.50,ליטר,false,,8.50,5.6667,true,1,367431
7290000136189,false,דיאט סבן אפ 1.5 ליטר FREE,סבן אפ 7up,IL,סבן אפ דיאט 1.5 ליטר,ליטרים,1.50,ליטר,false,,8.50,5.6667,true,1,367414
7290000136288,false,"סירופ בטעם תפוחים ג'ויסר סיידר הגליל 330 מ""ל",סיידר הגליל,IL,סיידר הגליל JUICER ס,מיליליטרים,330.00,"100 מ""ל",false,,13.60,4.1212,true,1,446139
7290000136295,false,"סירופ בטעם פטל ג'ויסר סיידר הגליל 330 מ""ל",סיידר הגליל,IL,סיידר הגליל JUICER ס,מיליליטרים,330.00,"100 מ""ל",false,,13.60,4.1212,true,1,446171
7290000136646,false,בירה נשר מאלט ללא אלכוהול 1.5 ליטר,טמפו 7.5%,IL,נשר מאלט 1.5 ליטר,ליטרים,1.50,ליטר,false,,9.90,6.6000,true,1,367081
7290000136653,false,דיאט נשר מאלט ללא אלכוהול 1.5 ליטר,טמפו 7.5%,IL,נשר מאלט דיאט 1.5 לי,ליטרים,1.50,ליטר,false,,9.90,6.6000,true,1,367098
7290000136660,false,סודה טמפו ליטר וחצי,טמפו,IL,טמפו סודה 1.5 ליטר,ליטרים,1.50,ליטר,false,,4.50,3.0000,true,1,367323
7290000136684,false,פפסי מקס משקה מוגז דל קלוריות בטעם קולה,טמפו,IL,פפסי מקס 1.5 ליטר,ליטרים,1.50,ליטר,false,,8.50,5.6667,true,1,367495
7290000136776,false,שישיית פפסי מקס דל קלוריות 1.5 ליטר,פפסי Pepsi,IL,פפסי מקס 6*1.5 ליטר,ליטרים,9.00,ליטר,false,,42.90,4.7667,true,1,367496
7290000136790,false,מארז סודה שישייה 1.5 ל' טמפו,טמפו 7.5%,IL,טמפו סודה 6*1.5 ליטר,ליטרים,9.00,ליטר,false,,20.70,2.3000,true,1,367244
7290000136844,false,מארז מים מזוככים אקווה נובה שישיית 2 ליטר,אקווה נובה Aqua Nova,IL,אקווה נובה 6*2 ליטר,ליטרים,12.00,ליטר,false,,12.90,1.0750,true,1,367127
7290000136868,false,סאן בנדטו - מים מינרלים - מארז שישיית 1.5 ליטר,סאן בנדטו San Benedetto,IL,מים סאן בנדטו 6* 1.5,ליטרים,9.00,ליטר,false,,20.70,2.3000,true,1,367144
7290000136875,false,מארז מים מינרלים מוגז 6* 1.5 ל' סאן בנדטו,סאן בנדטו San Benedetto,IL,סאן בנדטו מים מינרלי,ליטרים,9.00,ליטר,false,,20.90,2.3222,true,1,367227
7290000136936,false,סבן אפ דיאט בקבוק 1.,טמפו,IL,סבן אפ דיאט 1.5 ליטר,ליטרים,1.50,ליטר,false,,8.10,5.4000,true,1,367416
7290000137643,false,שלגוני טעמקור בטעם שוקו וניל שטראוס 8*50 גרם,"גלידת שטראוס בע""מ, ר",IL,שלגוני טעמקור 8יח,גרמים,416.00,100 גרם,false,,39.90,9.5913,true,1,113662
7290000143255,false,"שמפו הוואי לשיער רגיל 700 מ""ל",שוורצקוף& הנקל דיסלד,IL,שמפו רגיל הוואי 700,מיליליטרים,700.00,"100 מ""ל",false,,10.90,1.5571,true,1,9965
7290000143286,false,"מרכך הוואי לשיער רגיל 700 מ""ל",טרופיקל דגיל קוסמטיק,IL,מרכך רגיל הוואי 700,מיליליטרים,700.00,"100 מ""ל",false,,10.90,1.5571,true,1,9968
7290000144160,false,"שמן זית כתית מעולה ארומתי עץ הזית 750 מ""ל","מרקאולאו, ספרד.אבסה,",IL,שמן זית כתית מעולה א,מיליליטרים,750.00,"100 מ""ל",false,,37.90,5.0533,true,1,32766
7290000144474,false,שמן עץ הזית קנולה 1 ליטר בריאות מהטבע,שמן תעשיות,EE,שמן קנולה בריאות עץ,ליטרים,1.00,ליטר,false,,18.40,18.4000,true,1,32771
7290000146669,false,הוואי - סבון מוצק שמיים כחולים 100 גרם רביעייה,טרופיקל דגיל קוסמטיק,IL,סבון מוצק שמיים כחול,גרמים,400.00,100 גרם,false,,12.90,3.2250,true,1,9972
7290000148380,false,פיסטוקים קלויים קליית גת 200 גרם,"ג'י אנד ג'י בע""מ",IL,פיסטוק קלוי 200 גרם,גרמים,200.00,100 גרם,false,,21.90,10.9500,true,1,15196
7290000148618,false,קשיו מטוגן שקית קליית גת 200 גרם,"ג'י אנד ג'י בע""מ",IL,אגוז קשיו מטוגן 200,גרמים,200.00,100 גרם,false,,20.90,10.4500,true,1,15198
7290000148748,false,קליית גת גרעיני חמניה קלויים ומומלחים200,"ג'י אנד ג'י בע""מ",IL,גרעיני חמניה 200 גרם,גרמים,200.00,100 גרם,false,,7.90,3.9500,true,1,15199
7290000148939,false,שקדים קלויים 200 גרם קליית גת,"ג'י אנד ג'י בע""מ",IL,שקדים קלויים 200 גרם,גרמים,200.00,100 גרם,false,,21.90,10.9500,true,1,15200
7290000149615,false,נקה 7 סבון מוצק לתינוק רביעיה * 100 ג',גליל כימיקלים בעממשו,IL,אלסבון מוצק לתינוק נ,גרמים,400.00,100 גרם,false,,15.00,3.7500,true,1,33036
7290000149851,false,סבון לניקוי והסרת כתמים סינטבון 460 גרם,יבואן ומשווק: ש. שסט,IL,סינטבון כפול 460גר,גרמים,460.00,100 גרם,false,,11.90,2.5870,true,1,33039
7290000149905,false,טקסטיל נוזל לכביסה עדינה נקה 1 ליטר,מיוצר עי קונדיטוריית,IL,טקסטיל שמפו-1 ליטר נ,ליטרים,1.00,ליטר,false,,15.90,15.9000,true,1,33040
7290000149943,false,"טקסטיל אבקת כביסה ביד נקה 1 ק""ג",קריות זול,IL,טקסטיל שמפו-שקית 1 ק,קילוגרמים,1.00,"ק""ג",false,,15.90,15.9000,true,1,33041
7290000150352,false,פסטרמה איטלקית במשקל,עיצובים 2020 (4.9),IL,פסט.איטלקית ע.ט.,קילוגרמים,1.00,"ק""ג",true,,85.00,85.0000,true,1,23225
7290000150369,false,פסטרמה מקסיקנית בתיב,עיצובים 2020 (4.9),IL,מכסיקנית עוףטוב,קילוגרמים,1.00,"ק""ג",true,,85.00,85.0000,true,1,23226
7290000158105,false,שניצל עוף מיני דינוזאור ללא אנטיביוטיקה מ100% ר.טבעי,מוצרי עוף טוב (2001),IL,עוף טוב שניצל עוף מי,גרמים,700.00,100 גרם,false,,42.90,6.1286,true,1,23336
7290000169538,false,"נמס בכוס עגבניות וקרוטונים מרק כשרות בד""ץ 62 ג' קנור",יוניליוור ישראל מזון,IL,נמס בכוס עגבניות וקר,גרמים,62.00,100 גרם,false,,7.90,12.7419,true,1,12633
7290000169798,false,"עוגי מופחת סוכר 20% פצפוצי שוקו' 500ג' בד""צ",יוניליוור שפע ישראל,IL,עוגי מופחת סוכר 20%,גרמים,500.00,100 גרם,false,,24.90,4.9800,true,1,12637
7290000174723,false,שוקולית אבקה להכנת משקה שוקו 500 גרם,הנסיך- מפעל לייצור ט,IL,שוקולית 500 גרם,גרמים,500.00,100 גרם,false,,14.90,2.9800,true,1,25311
7290000175760,false,מנציגו כבשים ויליפו,,,מנציגו כבשים ויליפו,קילוגרמים,1.00,"ק""ג",true,,116.00,116.0000,true,1,4726
7290000175906,false,גאודה עיזים ויליפוד,,,גאודה עיזים ויליפוד,קילוגרמים,1.00,"ק""ג",true,,132.00,132.0000,true,1,4729
7290000176079,false,קפה עלית טורקי עם הל 100 גרם,הנסיך- מפעל לייצור ט,IL,טורקי עלית קפה עם הל,גרמים,100.00,100 גרם,false,,10.90,10.9000,true,1,25314
7290000176147,false,קפה לפילטר קלוי וטחון מוקה מספר 1 עלית 500 גרם,ELITE CAFE SP. ZO.O,PL,מוקה מס.1 קפה פילטר,גרמים,500.00,100 גרם,false,,60.90,12.1800,true,1,25317
7290000176413,false,קפה נמס אבקתי 50 ג' עלית,הנסיך- מפעל לייצור ט,IL,עלית נמס 50 גר',גרמים,50.00,100 גרם,false,,10.90,21.8000,true,1,25319
7290000176468,false,קפה נמס נטול קפאין 50 ג' קפה האג,"איי, בי, אינבוו",IL,האג קפה נטול קפאין 5,גרמים,50.00,100 גרם,false,,10.90,21.8000,true,1,25321
7290000178707,false,תפוצ'יפס בטעם טבעי 50 גרם,"שטראוס פריטו ליי בע""",IL,תפוציפס טבעי 50 גרם,גרמים,50.00,100 גרם,false,,4.90,9.8000,true,1,26614
7290000178721,false,תפוצ'יפס בטעם טבעי 200 גרם,"שטראוס פריטו ליי בע""",IL,תפוציפס טבעי 200 גרם,גרמים,200.00,100 גרם,false,,10.90,5.4500,true,1,26616
7290000186535,false,נייר טואלט טריו לבן 32 גלילים לילי,קימברלי קלארק ישראל,IL,לילי נייר טואלט טריו,מטרים,537.00,מטר,false,,47.90,0.0892,true,1,10881
7290000187860,false,מגבוני טואלט לחים לילי דיספנסר 40יח',עלבד משואות יצחק בעמ,IL,לילי נייר טואלט לח ד,יחידה,0.00,יחידה,false,,8.90,0.0000,true,1,10889
7290000187921,false,נייר טואלט לבן 32 גלילים לילי,קימברלי קלארק ישראל,IL,"נייר טואלט ""לילי"" לב",מטרים,588.00,מטר,false,,42.90,0.0730,true,1,10892
7290000187938,false,לילי - נייר טואולט נייר טואלט פסטל 32 יח',קימברלי קלארק,IL,"נייר טואלט ""לילי"" פס",מטרים,588.00,מטר,false,,41.90,0.0713,true,1,10893
7290000187952,false,לילי טריפל קומפורט ורוד נ.טואלט 32 גלילי,קימברלי קלארק,IL,נייר טאולט לילי טריו,מטרים,537.00,מטר,false,,47.90,0.0892,true,1,10894
7290000188270,false,ממחטות אף אולטרה סופט קלינקס 2*80 יחידות,חוגלה קימברלי,,קליניקס ממחטות אף או,יחידה,0.00,יחידה,false,,19.90,0.0000,true,1,10897
7290000188355,false,מגבות מטבח ניקול לבנה שישייה,קימברלי-קלארק,IL,מגבות מטבח ניקול לבנ,מטרים,64.80,מטר,false,,12.90,0.1991,true,1,10898
7290000188553,false,קוטקס - מגן תחתון סילק נורמל 60 יח',קימברלי קלארק,CN,מגן תחתון סילק נורמל,יחידה,0.00,יחידה,false,,18.90,0.0000,true,1,10903
7290000188591,false,קוטקס - מגן תחתון סילק יאנג 60 יח',קימברלי קלארק,CN,מגן תחתון סילק יאנג,יחידה,0.00,יחידה,false,,18.90,0.0000,true,1,10905
7290000189116,false,תבניות עגולות עבות במיוחד 5 יחידות ניקול,ניקול,CN,ניקול תבניות עגולות,יחידה,0.00,יחידה,false,,13.90,0.0000,true,1,10911
7290000189192,false,סופר מטלית מטליות נייר רב פעמיות ניקול 64 יחידות,קימברלי קולומביה,IL,ניקול מטלית חכמה יומ,יח',64.00,יח',false,,19.90,0.3109,true,1,10912
7290000189260,false,תבניות מלבניות עבות 5 יחידות ניקול,ניקול,CN,ניקול תבניות מלבניות,יחידה,0.00,יחידה,false,,13.90,0.0000,true,1,10918
7290000189598,false,מטליות לחות חד פעמיות לניקוי כללי 50 יח' ניקול,עלבד משואות יצחק בעמ,IL,מטליות לחות חד פעמיו,יחידה,0.00,יחידה,false,,14.90,0.0000,true,1,10927
7290000189659,false,מטליות לחות לרצפה ניקול 10 יח'-מרכז,עלבד משואות יצחק בעמ,IL,ניקול מטליות לחות לר,יחידה,0.00,יחידה,false,,12.90,0.0000,true,1,10928
7290000189871,false,שקיות אשפה עם שרוך 52*64 ניקול 55 יחידות,"אשפלסט תעשיות בע""מ",IL,אשפתון 55 שקיות,יחידה,0.00,יחידה,false,,24.90,0.0000,true,1,10935
7290000191539,false,ממחטות טישו לילי צבעוני חמישיה,חוגלה קימברלי,IL,לילי צבעוני חמישיה-9,יחידה,0.00,יחידה,false,,14.90,0.0000,true,1,10959
7290000191652,false,קלינקס ממחטות טישו אולטרא סופט מארז 90X3יח',חוגלה קימברלי,IL,קלינקס קלאסיק ניילון,יחידה,0.00,יחידה,false,,13.90,0.0000,true,1,10964
7290000193083,false,נובה-לי תחבושות היגייניות לילי 28 יחידות,חוגלה קימברלי,CZ,תחבושות נובה לי לילי,יחידה,0.00,יחידה,false,,11.90,0.0000,true,1,10971
7290000193205,false,תחבושות לילה עם כנפיים לילי 20 יחידות,לילי נטורל,BE,תחבושות אולטרה לילה,יחידה,0.00,יחידה,false,,18.90,0.0000,true,1,10974
7290000193540,false,מגן תחתון ארוך נטורל לילי 52 יחידות,חוגלה קימברלי,IL,מגן תחתון נטורל לונג,יחידה,0.00,יחידה,false,,18.90,0.0000,true,1,10978
7290000193649,false,תחבושות עם כנפיים נורמל פלוס לילי 24 יחידות,קריות זול,IL,תחבושות נטורל אולטרה,יחידה,0.00,יחידה,false,,18.90,0.0000,true,1,10980
7290000193656,false,תחבושות עם כנפיים סופר פלוס לילי 24 יחידות,קריות זול,IL,תחבושות נטורל אולטרה,יחידה,0.00,יחידה,false,,18.90,0.0000,true,1,10981
7290000195216,false,נייר אפייה בשקית ניקול 50 יחידות,ניקול,IL,ניקול נייר אפייה בשק,יחידה,0.00,יחידה,false,,12.90,0.0000,true,1,10994
7290000195537,false,האגיס - מגבוני האגיס דיילי קר לא מבושם 64 יח' * 4,חוגלה קימברלי,IL,מגבוני האגיס דיילי ק,יחידה,0.00,יחידה,false,,19.90,0.0000,true,1,11001
7290000195773,false,האגיס - מגבוני האגיס סנסטיב קר לא מבושם 64 יח' * 4,חוגלה קימברלי,IL,מגבוני האגיס סנסטיב,יחידה,0.00,יחידה,false,,19.90,0.0000,true,1,11005
7290000196039,false,"מפות שולחן איריס ח""פ ניקול 2 יח'",קריות זול,IL,ניקול מפות שולחן זוג,יחידה,0.00,יחידה,false,,12.90,0.0000,true,1,11007
7290000196343,false,"מפת שולחן מהודרת לילי 180X120ס""מ",קריות זול,IL,מפת שולחן מהודרת ניק,יחידה,0.00,יחידה,false,,13.90,0.0000,true,1,11008
7290000196763,false,ניקול שקיות לאשפה השקית החזקה 40 יח',"אשפלסט תעשיות בע""מ",IL,ניקול השקית החזקה,יחידה,0.00,יחידה,false,,30.90,0.0000,true,1,11011
7290000197029,false,שקיות ריצ'רץ' רב תכליתיות ניקול 12 יחידות,קריות זול,IL,ניקול שקיות ניילון ר,יחידה,0.00,יחידה,false,,15.90,0.0000,true,1,11014
7290000197326,false,רדיד אלומניום ניקול זוגי 30X7.5מ',קריות זול,IL,ניקול רדיד אלומיניום,מטרים,15.00,מטר,false,,13.90,0.9267,true,1,11023
7290000197432,false,שקיות אוכל סנדביצ'ון ניקול מארז 150X2יח',"אשפלסט תעשיות בע""מ",IL,ניקול שקיות אוכל זוג,יחידה,0.00,יחידה,false,,14.90,0.0000,true,1,11028
7290000197463,false,האגיס פרידום דריי שלב 4 + 40 יחידות,קימברלי קלארק ישראל,IL,האגיס פרידום דריי של,יחידה,0.00,יחידה,false,,45.90,0.0000,true,1,11031
7290000197470,false,שקיות רב שימושיות מתכלות ניקול 250 יחידות,"אשפלסט תעשיות בע""מ",IL,"ניקול שקיות רב""ש 250",יחידה,0.00,יחידה,false,,15.90,0.0000,true,1,11032
7290000197753,false,ניילון נצמד אנטי בטקריאלי ניקול 30X2מ',קריות זול,CN,ניקול ניילונית זוג,מטרים,60.00,מטר,false,,13.90,0.2317,true,1,11038
7290000197951,false,תבניות אלומיניום ענקיות ניקול 3 יחידות,פאלאס,IL,ניקול תבנית אלומיניו,יחידה,0.00,יחידה,false,,10.90,0.0000,true,1,11042
7290000197982,false,"רדיד אלומיניום עבה 45 ס""מ רוחב ניקול 2 יח' 7.5 מטר",ניקול,IL,ניקול רדיד אלומיניום,מטרים,15.00,מטר,false,,22.90,1.5267,true,1,11043
7290000198109,false,צלעות אסאדו מעושנות,,,צלעות אסאדו מעושנות,קילוגרמים,1.00,"ק""ג",true,,151.00,151.0000,true,1,416169
7290000204253,false,מטליות רב שימושיות לניקיון ניקול 9 יחידות,נועם אורים-קיבוץ אור,IL,מטלית רב שימושית תשע,יחידה,0.00,יחידה,false,,12.90,0.0000,true,1,11082
7290000204307,false,ניקול מטליות רב שימושיות בגליל 40 יח',נועם אורים-קיבוץ אור,IL,מטליות ניקול 40 רב ש,יחידה,0.00,יחידה,false,,23.90,0.0000,true,1,11083
7290000204512,false,מטליות לחות לרצפה בניחוח לימון 10 יח' ניקול,עלבד משואות יצחק בעמ,IL,מטליות לחות לרצפה בר,יחידה,0.00,יחידה,false,,12.90,0.0000,true,1,11084
7290000207063,false,רסק עגבניות פריכוז 28% 240 גרם יכין,היינץ צפון אמריקה מק,IL,רוטב עגבניות פריכוז,גרמים,240.00,100 גרם,false,,4.90,2.0417,true,1,10624
7290000207162,false,רוטב עגבניות מרכיב טבעי 100 ג' יכין,"זנלכל בע""מ",IL,רוטב עגבניות 100 גרם,גרמים,100.00,100 גרם,false,,2.50,2.5000,true,1,10627
7290000208022,false,עגבניות 2.5 A מרוסקות 850 גרם יכין,"זנלכל בע""מ",IL,עגבניות מרוסקות יכין,גרמים,800.00,100 גרם,false,,10.90,1.3625,true,1,10631
7290000208077,false,אפונת גינה רגילה 550 גרם יכין,"זנלכל בע""מ",IL,אפונת גינה גדולה L י,גרמים,335.00,100 גרם,false,,9.90,2.9552,true,1,10633
7290000208114,false,"אפונה וגזר יכין A2 פ""ק בית יוסף","זנלכל בע""מ",IL,אפונת גינה וגזר יכין,גרמים,330.00,100 גרם,false,,9.90,3.0000,true,1,10636
7290000208138,false,סירופ דיאט בטעם ענבים יכין 1 ליטר,"זנלכל בע""מ",IL,סירופ דייאט ענבים יכ,ליטרים,1.00,ליטר,false,,17.90,17.9000,true,1,10638
7290000208145,false,גרעיני תירס מתוק לייט 550 גרם יכין,"זנלכל בע""מ",IL,גרעיני תירס לייט יכי,גרמים,335.00,100 גרם,false,,9.90,2.9552,true,1,10639
7290000208213,false,שעועית לבנה אפויה A2 ברוטב עגבניות יכין 560ג',היינץ צפון אמריקה מק,IL,שעועית לבנה ברוטב עג,גרמים,355.00,100 גרם,false,,9.90,2.7887,true,1,10641
7290000208220,false,"שעועית צ'לי יכין פ""ק A2 בית יוסף",היינץ צפון אמריקה מק,IL,שעועית צילי חריף יכי,גרמים,355.00,100 גרם,false,,10.90,3.0704,true,1,10642
7290000208312,false,גרעיני תירס מתוק בואקום יכין 400 גר',"זנלכל בע""מ",IL,גרעיני תירס מתוק יכי,גרמים,400.00,100 גרם,false,,7.90,1.9750,true,1,10646
7290000208329,false,גרעיני תירס מתוק 550 גרם יכין,"זנלכל בע""מ",IL,גרעיני תירס מתוק יכי,גרמים,335.00,100 גרם,false,,9.90,2.9552,true,1,10647
7290000208336,false,רסק יכין 240גר 22% יכין בית יוסף,"זנלכל בע""מ",IL,רוטב עגבניות יכין 24,גרמים,240.00,100 גרם,false,,5.50,2.2917,true,1,10648
7290000208350,false,עגבניות מרוסקות בצל 850 גר יכין A 2.5,זנלכל,IL,עגבניות מרוסקות עם ב,גרמים,800.00,100 גרם,false,,10.90,1.3625,true,1,10650
7290000208404,false,A2 פול מצרי 550 גרם יכין,"זנלכל בע""מ",IL,פול מצרי יכין 550 גר,גרמים,350.00,100 גרם,false,,8.90,2.5429,true,1,10652
7290000208428,false,גרגרי חומוס שלם 550 גרם יכין,"זנלכל בע""מ",IL,חומוס שלם יכין 550 ג,גרמים,290.00,100 גרם,false,,9.90,3.4138,true,1,10653
7290000208480,false,גרעיני תירס מתוק בטעם חמאה 550 גרם יכין,קריות זול,IL,גרעיני תירס בטעם חמא,גרמים,335.00,100 גרם,false,,11.90,3.5522,true,1,10656
7290000208534,false,גרעיני תירס מתוק לילדים 550 גרם יכין,"זנלכל בע""מ",IL,גרעיני תירס קיד מתוק,גרמים,335.00,100 גרם,false,,11.90,3.5522,true,1,10658
7290000208800,false,גרעיני תירס מתוק לילדים 400 גרם יכין,זנלכל,IL,תירס קיד מתוק יכין 4,גרמים,400.00,100 גרם,false,,6.90,1.7250,true,1,10660
7290000208855,false,רוטב לפסטה קלאסי 240 גרם יכין,"זנלכל בע""מ",IL,רוטב לפסטה קלאסי יכי,גרמים,260.00,100 גרם,false,,6.50,2.5000,true,1,10661
7290000208893,false,גרעיני תירס מתוק לייט 400 גרם יכין,היינץ צפון אמריקה מק,IL,תירס לייט יכין 400 ג,גרמים,400.00,100 גרם,false,,6.90,1.7250,true,1,10662
7290000208930,false,עגבניות מרוסקות בתוספת שום 240 גרם יכין,"זנלכל בע""מ",IL,עגבניות מרוסקות עם ש,גרמים,260.00,100 גרם,false,,6.50,2.5000,true,1,10663
7290000208947,false,עגבניות מרוסקות 260 גרם יכין,היינץ צפון אמריקה מק,IL,עגבניות מרוסקות יכין,יחידה,260.00,יחידה,false,,6.50,0.0250,true,1,10664
7290000208978,false,פריכוז 100 גרם יכין בית יוסף,היינץ צפון אמריקה מק,IL,רוטב עגבניות פריכוז,גרמים,100.00,100 גרם,false,,3.90,3.9000,true,1,10665
7290000209012,false,חומץ 1ליטר יכין הדרים,"זנלכל בע""מ",IL,חומץ הדרים 5% יכין 1,ליטרים,1.00,ליטר,false,,7.90,7.9000,true,1,10667
7290000209371,false,תירס מתוק יכין 200 גרם מארז 3 יח',היינץ צפון אמריקה מק,IL,תירס שלישיה יכין 3*1,גרמים,495.00,100 גרם,false,,15.90,3.2121,true,1,10680
7290000209388,false,תירס מתוק לייט יכין 200 גרם מארז 3 יח',קסקמט,IL,תירס לייט שלישיה יכי,גרמים,420.00,100 גרם,false,,15.90,3.7857,true,1,10681
7290000209708,false,עגבניות מרוסקות עם בזיליקום יכין 240 גרם,היינץ צפון אמריקה מק,IL,עגבניות מרוסקות בזיל,גרמים,260.00,100 גרם,false,,6.50,2.5000,true,1,10690
7290000209722,false,רסק עגבניות 28% פריכוז 580 גרם יכין,"זנלכל בע""מ",IL,רוטב עגבניות מרוכז מ,גרמים,580.00,100 גרם,false,,10.90,1.8793,true,1,10692
7290000209944,false,רוטב לעגבניות בסיס לשקשוקה 240 ג' יכין,"זנלכל בע""מ",IL,רוטב לעגבניות לשקשוק,גרמים,260.00,100 גרם,false,,6.50,2.5000,true,1,10695
7290000209951,false,רוטב עגבניות לפיצה 260 גרם יכין,"זנלכל בע""מ",IL,רוטב עגבניות לפיצה י,מיליליטרים,260.00,"100 מ""ל",false,,6.50,2.5000,true,1,10696
7290000209968,false,רוטב עגבניות ללזניה יכין 240 גרם,"זנלכל בע""מ",IL,רוטב ללזניה יכין 240,גרמים,260.00,100 גרם,false,,6.50,2.5000,true,1,10697
7290000210896,false,רוטב לפסטה בולונז 240 גרם יכין,"זנלכל בע""מ",IL,רוטב לפסטה בולונז יכ,גרמים,260.00,100 גרם,false,,6.50,2.5000,true,1,10702
7290000211138,false,סיימן גבינת עיזים הו,,,סיימן גבינת עיזים הו,קילוגרמים,1.00,"ק""ג",true,,189.00,189.0000,true,1,18790
7290000211145,false,סיימן גבינת גאודה במ,,,סיימן גבינת גאודה במ,קילוגרמים,1.00,"ק""ג",true,,119.00,119.0000,true,1,120963
7290000211169,false,"אורז תאילנדי אחד אחד סוגת 1 ק""ג",האי נאם סי או אל.טי.,IL,אורז תאילנדי 1 ק'ג,קילוגרמים,1.00,"ק""ג",false,,8.50,8.5000,true,1,20662
7290000211312,false,סוגת אורז מלא פרסי אחד אחד 1 קג,האי נאם סי או אל.טי.,IL,אורז מלא אחד אחד 1קג,קילוגרמים,1.00,"ק""ג",false,,9.90,9.9000,true,1,20663
7290000211374,false,"קמח מלא סוגת 1 ק""ג",טחנת קמח דגן-שטיבל,IL,"קמח מלא סוגת 1 ק""ג",קילוגרמים,1.00,"ק""ג",false,,8.90,8.9000,true,1,20664
7290000211442,false,"סוגת אורז פרסי קלאסי שקית 1 ק""ג",האי נאם סי או אל.טי.,IL,סוגת אורז פרסי קלאסי,קילוגרמים,1.00,"ק""ג",false,,12.50,12.5000,true,1,20666
7290000211503,false,סוכר לבן ארוז בשקית,"סוגת תעשיות בע""מ",IL,"סוכר סוגת לבן 1 ק""ג",קילוגרמים,1.00,"ק""ג",false,,4.90,4.9000,true,1,20667
7290000211985,false,"סוגת אורז עגול ריזוטו 1 ק""ג","סוגת תעשיות בע""מ",IL,סוגת אורז עגול 1קג,קילוגרמים,1.00,"ק""ג",false,,9.90,9.9000,true,1,20670
7290000225278,false,סיימן מסוג דנבלו 27%,,,סיימן מסוג דנבלו 27%,קילוגרמים,1.00,"ק""ג",true,,79.00,79.0000,true,1,18800
7290000238029,false,"בצק עלים צרפתי מרודד מעדנות 1 ק""ג",מיוצר עי קונדיטוריית,IL,"בצק עלים 1ק""ג",קילוגרמים,1.00,"ק""ג",false,,26.90,26.9000,true,1,40263
7290000238036,false,מלווח עגול מעדנות 700 ג',מיוצר עי קונדיטוריית,IL,מעדנות מלווח 700גר,גרמים,700.00,100 גרם,false,,19.90,2.8429,true,1,40264
7290000238173,false,בורקס גבינה מעדנות 800 גרם,מיוצר עי קונדיטוריית,IL,בורקס גבינה מעדנות 8,גרמים,800.00,100 גרם,false,,23.90,2.9875,true,1,40265
7290000238180,false,בורקס תפוחי אדמה מעדנות 800 גרם,מיוצר עי קונדיטוריית,IL,"בורקס תפו""א 800גר",גרמים,800.00,100 גרם,false,,22.90,2.8625,true,1,40266
7290000243566,false,"שמן קנולה בריאות 750 מ""ל",שמן תעשיות,EE,שמן קנולה בריאות עץ,מיליליטרים,750.00,"100 מ""ל",false,,12.90,1.7200,true,1,32778
7290000244761,false,קרם ידיים וולוטה 80 גרם,טרופיקל דגיל קוסמטיק,IL,"קרם ולוטה 80 מ""ל",מיליליטרים,100.00,"100 מ""ל",false,,7.90,7.9000,true,1,9987
7290000245270,false,"פרסיל אבקה לכביסה רגיל שקית 1.25 ק""ג","הנקל סוד בע""מ",IL,אבקת כביסה פרסיל סופ,קילוגרמים,1.25,"ק""ג",false,,16.90,13.5200,true,1,39484
7290000245287,false,"פרסיל אבקת כביסה 1.250 ק""ג קולור ויניגר","הנקל סוד בע""מ",IL,אבקת כביסה פרסיל קול,קילוגרמים,1.25,"ק""ג",false,,15.90,12.7200,true,1,39485
7290000245294,false,"א.כ. פרסיל סופרא שקית 2.5 ק""ג","הנקל סוד בע""מ",IL,אבקת כביסה פרסיל 2.5,קילוגרמים,2.50,"ק""ג",false,,29.90,11.9600,true,1,39486
7290000253220,false,שוקולד צ'יפס חום אופנהיימר 260 גר',אופנהיימר,IL,שוקולד צ'יפס אופנהיי,גרמים,260.00,100 גרם,false,,13.90,5.3462,true,1,16071
7290000255981,false,פילה דניס טרי במגשית,,,דניס פילה טרי במגש,קילוגרמים,1.00,"ק""ג",true,,129.90,129.9000,true,1,444266
7290000256197,false,גאודה עיזים הולנדית,,,גאודה עיזים הולנדית,קילוגרמים,1.00,"ק""ג",true,,105.00,105.0000,true,1,229883
7290000262031,false,נייר טואלט מולט לב 32 גלילים,חוגלה קימברלי,IL,נייר טואלט מולט לב 3,מטרים,563.00,מטר,false,,30.90,0.0549,true,1,11089
7290000272696,false,עסיס מיץ לימון טבעי משומר 1 ל' אסם,בית-השיטה עסיס תעשיו,IL,מיץ לימון משומר עסיס,ליטרים,1.00,ליטר,false,,12.90,12.9000,true,1,22555
7290000272726,false,חומץ רכיבים רכיבים טבעיים 5% עסיס 1 ליטר,בית השיטה עסיס תעשיו,IL,חומץ טבעי 5% עסיס 1,ליטרים,1.00,ליטר,false,,7.90,7.9000,true,1,22556
7290000286228,false,"שישיית כריות יפניות ""סנו סושי""",סנו מפעלי ברונו בעמ,IL,סנו סושי שישיות כריו,יחידה,0.00,יחידה,false,,12.90,0.0000,true,1,33044
7290000286297,false,"אנטי קאלק מסיר אבנית מקומקום סנו 700 מ""ל",סנו מפעלי ברונוס בעמ,IL,סנו מסיר אבן מקומקום,מיליליטרים,700.00,"100 מ""ל",false,,12.90,1.8429,true,1,33045
7290000286549,false,מטליות לניקוי כללי סנו סושי 9 יחידות,נועם אורים תעשיות בע,IL,סנו סושי מטליות לכל,יחידה,0.00,יחידה,false,,12.90,0.0000,true,1,33052
7290000286594,false,אבקה לניקוי ריח לימון סנו 600 גרם,סנו מפעלי ברונוס בעמ,IL,סנו X לימון במיכל 60,גרמים,600.00,100 גרם,false,,11.90,1.9833,true,1,33054
7290000286631,false,"סנו אבקה לניקוי ומירוק בריח לימון 600 מ""ל",קריות זול,IL,סנו X לימון מילוי 60,גרמים,600.00,100 גרם,false,,7.90,1.3167,true,1,33055
7290000286761,false,ניילון נצמד סנו סושי פלסטיק מארז 30X2 מ',מיוצר עי קונדיטוריית,CN,סנו סושי פלסטיק נצמד,מטרים,60.00,מטר,false,,12.90,0.2150,true,1,33056
7290000286891,false,"נוזל ריצפה מגן קריסטל 1 ליטר ""סנו""","סנו מפעלי ברונוס בע""",IL,סנו מגן קריסטל 1 לי,ליטרים,1.00,ליטר,false,,32.40,32.4000,true,1,33058
7290000286945,false,"נוזל+אקדח לניקוי רהיט ""סנו""","סנו מפעלי ברונוס בע""",IL,"סנו רהיט נוזל 500 מ""",מיליליטרים,500.00,"100 מ""ל",false,,31.20,6.2400,true,1,33062
7290000286947,false,פילה דג סלמון נורווג,,,פילה דג סלמון נורווג,קילוגרמים,1.00,"ק""ג",true,,89.90,89.9000,true,1,489194
7290000287195,false,"סנו רהיט ספריי עשיר בווקס להברקה 305 מ""ל",מיוצר עי קונדיטוריית,IL,סנו רהיט ספריי עשיר,מיליליטרים,305.00,"100 מ""ל",false,,16.90,5.5410,true,1,33065
7290000287409,false,"שלישיית סנובון תות לאסלה ""סנו""",סנו מפעלי ברונוס בעמ,IL,סנובון שלישיה תות 3*,גרמים,165.00,100 גרם,false,,12.90,7.8182,true,1,33067
7290000287430,false,סנובון צבעוני לאסלה בריח לימון שלישייה,סנו מפעלי ברונו בעמ,IL,סנובון שלישיה צבעוני,גרמים,165.00,100 גרם,false,,12.90,7.8182,true,1,33068
7290000287492,false,"סנובון נוזל לניקוי אסלות בריח לימון סנו 750 מ""ל","איי, בי, אינבוו",IL,סנובון נוזלי בניחוח,מיליליטרים,750.00,"100 מ""ל",false,,10.90,1.4533,true,1,33070
7290000287621,false,"אנטי קאלק נוזל לניקוי אסלות סנו 750 מ""ל",מיוצר עי קונדיטוריית,IL,סנו אנטי קאלק W.C מנ,מיליליטרים,750.00,"100 מ""ל",false,,13.90,1.8533,true,1,33073
7290000288024,false,סנו - ז'אוול אקונומיקה בריח לימון 4 ליטר,"סנו מפעלי ברונוס בע""",IL,סנו ז'אוול בריח לימו,ליטרים,4.00,ליטר,false,,17.90,4.4750,true,1,33081
7290000288048,false,סנו זאוול מרסס מונבלאן 1 ליטר,"סנו מפעלי ברונוס בע""",IL,סנו ג'אוול מרסס אילנ,ליטרים,1.00,ליטר,false,,19.90,19.9000,true,1,33083
7290000288390,false,"קוטל זבובים ויתושים K600 סנו 500 מ""ל","סנו מפעלי ברונוס בע""",IL,K - 600,מיליליטרים,475.00,"100 מ""ל",false,,26.90,5.6632,true,1,33092
7290000288413,false,סנו-די דוחה יתושים כדורי סנו 50 גרם,גוד פוד פרודקטס S.p,IL,סנו די רולאון,מיליליטרים,50.00,"100 מ""ל",false,,21.60,43.2000,true,1,33093
7290000288840,false,סנו - מים מזוקקים 2 ליטר,החברה הדרומית,IL,מים מזוקקים 2 ליטר,ליטרים,2.00,ליטר,false,,14.90,7.4500,true,1,33100
7290000289069,false,סנו - ז'אוול מרסס קצף ניקוי בתוספת אקונומיקה בריח לימון 1 ליטר,"סנו מפעלי ברונוס בע""",IL,סנו ג'אוול מרסס לימו,ליטרים,1.00,ליטר,false,,19.90,19.9000,true,1,33103
7290000289472,false,סנו סושי שקיות אשפה - 50 יחידות,מיוצר עי קונדיטוריית,IL,סנו סושי שקיות HD 76,יחידה,0.00,יחידה,false,,21.90,0.0000,true,1,33105
7290000289496,false,"סנו - ז'אוול ג'ל קרם לניקוי כללי לימון 750 מ""ל","סנו מפעלי ברונוס בע""",IL,סנו ג'אוול ג'ל קרם ל,מיליליטרים,750.00,"100 מ""ל",false,,13.90,1.8533,true,1,33106
7290000289748,false,"מסיר שומנים לתנורים פורטה פלוס סנו 750 מ""ל","סנו מפעלי ברונוס בע""",IL,סנו פורטה פלוס לתנור,מיליליטרים,750.00,"100 מ""ל",false,,16.90,2.2533,true,1,33110
7290000289885,false,"סנו פרש ענק אושן כחול 375 מ""ל",קריות זול,IL,סנו פרש ענק אושן כחו,מיליליטרים,375.00,"100 מ""ל",false,,11.90,3.1733,true,1,33111
7290000292137,false,"נוזל לניקוי וטיפול מוצרי עור סנו 500 מ""ל",מיוצר עי קונדיטוריית,IL,נוזל ניקוי וטיפול במ,מיליליטרים,500.00,"100 מ""ל",false,,32.90,6.5800,true,1,33118
7290000292557,false,סנומט מלוי נוזלי דוחה יתושים 45 לילות,טרופיקל דגיל תעשיות,IT,סנומט 45 נוזל מילוי,יחידה,0.00,יחידה,false,,19.90,0.0000,true,1,33124
7290000292564,false,"סנו 2000-K דוחה חרקים ללא ריח 750 מ""ל",מיוצר עי קונדיטוריית,IL,K 2000 סנו ללא ריח,מיליליטרים,750.00,"100 מ""ל",false,,34.90,4.6533,true,1,33125
7290000292687,false,סנובון מוצק לניקוי אסלה קלאסיק כחול סנו 3 יחידות,מיוצר עי קונדיטוריית,IL,סנובון כחול שלישיה,גרמים,165.00,100 גרם,false,,18.90,11.4545,true,1,33126
7290000293516,false,"מתקן סופג לחות ומונע עובש ""סנופרש""","סנו מפעלי ברונוס בע""",IL,סופג לחות בקופסא,מיליליטרים,340.00,"100 מ""ל",false,,28.90,8.5000,true,1,33131
7290000294575,false,סנו סושי רב מגבת 63 דפים בגליל,סנו סושי,IL,סנו רב מגבת,מטרים,13.80,מטר,false,,14.90,1.0797,true,1,33140
7290000294780,false,אקונומיקה סמיכה בריח לימון סנו ז'אוול 4 ליטר,"סנו מפעלי ברונוס בע""",IL,סנו ז'אוול סמיכה 4 ל,ליטרים,4.00,ליטר,false,,17.90,4.4750,true,1,33142
7290000295121,false,מטליות זיגזג סנו סושי לניקוי רצפות 3יח',קריות זול,IL,מטלית זיגזג 3יח,יחידה,0.00,יחידה,false,,12.90,0.0000,true,1,33143
7290000295299,false,סנו סושי כריות הפלא רב תכלתיות רביעייה,סנו מפעלי ברונו בעמ,IL,כריות יפניות סנו סוש,יחידה,0.00,יחידה,false,,12.90,0.0000,true,1,33144
7290000295336,false,סנו מקסימה אבקת כביסה סנסטיב מילוי1.25,סנו מפעלי ברונוס בעמ,IL,סנו מקסימה סנסיטיב 1,קילוגרמים,1.25,"ק""ג",false,,15.90,12.7200,true,1,33146
7290000295367,false,"מקסימה אבקת כביסה אפקט ז'אוול סנו 2.5 ק""ג",סנו מקסימה,IL,אבקת כביסה סנו מקסימ,קילוגרמים,2.50,"ק""ג",false,,28.90,11.5600,true,1,33148
7290000295404,false,סנו סושי שקיות אשפה כחולות 54*65 - 60 יחידות,מיוצר עי קונדיטוריית,IL,שקיות אשפה נשלפות סנ,יחידה,0.00,יחידה,false,,24.90,0.0000,true,1,33149
7290000295558,false,"רדיד אלומיניום רוחב 30 ס""מ סנו סושי 2 יח' 7.5 מטר",מולינו ניקולי s.p.a,TR,צמד רדיד אלומיניום ק,מטרים,15.00,מטר,false,,12.90,0.8600,true,1,33152
7290000300877,false,סיימן גבינת צדר אנגל,,,סיימן גבינת צדר אנגל,קילוגרמים,1.00,"ק""ג",true,,140.00,140.0000,true,1,18838
7290000300884,false,סיימן גבינת צ'דר אנג,,,סיימן גבינת צ'דר אנג,קילוגרמים,1.00,"ק""ג",true,,140.00,140.0000,true,1,18839
7290000300900,false,שניצל תירס מרכיבים טבעיים טבעול 750 גרם,עיצובים 2020 (4.8),IL,שניצל תירס טבעול רכי,גרמים,750.00,100 גרם,false,,28.90,3.8533,true,1,23358
7290000302027,false,סיגריות טיים אדום פא,דובק,,טיים רד (פקט),יחידה,0.00,יחידה,false,,285.00,0.0000,false,1,6410
7290000302102,false,סיגריות מונטנה פילטר,דובק,,מונטנה פילטר,יחידה,0.00,יחידה,false,,295.00,0.0000,false,1,6414
7290000305882,false,אס הרינג עם ירקות ברוטב עגבניות 120 גרם,"סטארקיסט פודור בע""מ",IL,אס דגים עם ירקות ברו,גרמים,120.00,100 גרם,false,,6.90,5.7500,true,1,29716
7290000313160,false,זהבה ושלושת הדובים עוגיות בטעם שוקולד אסם 350 גרם,היינץ צפון אמריקה מק,IL,חברים זהבה ושלושת הד,גרמים,250.00,100 גרם,false,,9.50,3.8000,true,1,68001
7290000313184,false,עוגיות חברים גן חיות וניל אסם 250 גר',הגביע מוצרי וופלים ב,IL,חברים ביסקויט גן חיו,גרמים,250.00,100 גרם,false,,9.50,3.8000,true,1,22558
7290000313290,false,אסם נודלס נודלס איטריות מסולסלות 200גר,תאי פרזידנט פוד בנגק,TH,נודלס אטריות מסולסלו,יחידה,200.00,יחידה,false,,10.90,0.0545,true,1,22560
7290000318127,false,"נקניקיות ביס 380 גרם ""יחיעם""",מעדני יחיעם 1993,IL,נקניקיות ביס 380 גרם,גרמים,380.00,100 גרם,false,,12.90,3.3947,true,1,17721
7290000318677,false,נקניק סלמי סרוולט יחיעם 150 גרם,מעדני יחיעם 1993,IL,סלמי סרוולט 150גר יח,גרמים,150.00,100 גרם,false,,27.90,18.6000,true,1,17731
7290000318929,false,סלמי צרפתי יחיעם מעד,מעדני יחיעם,IL,סלמי צרפתי יחיעם מעד,קילוגרמים,1.00,"ק""ג",true,,147.00,147.0000,true,1,17701
7290000318943,false,פסטרמה של פעם מעושן 1.5% יחיעם 200 גרם,תאי פרזידנט פוד פאבל,IL,פסטרמה של פעם 200 גר,גרמים,200.00,100 גרם,false,,24.90,12.4500,true,1,17738
7290000319124,false,סרוולד מאפ 250 ג' יחיעם,מעדני יחיעם 1993,IL,סלמי סרוולט 250 גרם,גרמים,250.00,100 גרם,false,,41.90,16.7600,true,1,17741
7290000319131,false,נקניקיות עוף יחיעם 400 גרם,מעדני יחיעם 1993,IL,נקניקיות עוף יחיעם 4,גרמים,400.00,100 גרם,false,,12.90,3.2250,true,1,17742
7290000319520,false,נקניק סלמי צרפתי יחיעם 100 גרם,מעדני יחיעם 1993,IL,סאלמי צרפתי יחיעם 10,גרמים,100.00,100 גרם,false,,23.90,23.9000,true,1,17750
7290000319803,false,קבנוס קלאסי יחיעם 125 גרם,תאי פרזידנט פוד פאבל,IL,קבנוס קלאסי 125גר,גרמים,125.00,100 גרם,false,,16.90,13.5200,true,1,17757
7290000319834,false,קבנוס פפרוני קלאסי 125 גרם,תאי פרזידנט פוד פאבל,IL,יחיעם קבנוס פפרוני ק,גרמים,125.00,100 גרם,false,,16.90,13.5200,true,1,17758
7290000332329,false,פילה סלמון טרי במגש,,,פילה סלמון טרי במגש,קילוגרמים,1.00,"ק""ג",true,,119.90,119.9000,true,1,59779
7290000332350,false,פילה אמנון טרי במגש,,,פילה אמנון טרי במגש,קילוגרמים,1.00,"ק""ג",true,,89.90,89.9000,true,1,59781
7290000332367,false,פילה בורי טרי במגש,,,פילה בורי טרי במגש,קילוגרמים,1.00,"ק""ג",true,,97.90,97.9000,true,1,59782
7290000332374,false,פילה באס טרי במגש,,,פילה באס טרי במגש,קילוגרמים,1.00,"ק""ג",true,,124.90,124.9000,true,1,59783
7290000334325,false,ציפס למיקרו מארז שלישיה 125 ג' תפוגן,"תעשיות תפוגן בע""מ",IL,תפוגן ציפס למיקרו מא,גרמים,375.00,100 גרם,false,,16.90,4.5067,true,1,23369
7290000334684,false,תפוגן טבעות בצל 700 גרם,"תעשיות תפוגן בע""מ",IL,טבעות בצל 700 גרם,גרמים,700.00,100 גרם,false,,20.90,2.9857,true,1,23371
7290000339566,false,בדין מרכך כביסה ורוד 4 ליטר,יוניליור ישראל טיפוח,IL,בדין מרכך כביסה ורוד,ליטרים,4.00,ליטר,false,,21.90,5.4750,true,1,12661
7290000342832,false,בדין מרכך כביסה 4 ליטר צהוב,אתר ליוור - HPC,IL,בדין מרכך כביסה צהוב,ליטרים,4.00,ליטר,false,,21.90,5.4750,true,1,12667
7290000345215,false,תה ויסוצקי קלאסיק 100/1 כחול מעודן,מולינו ניקולי s.p.a,IL,תה ויסוצקי קלאסיק 10,גרמים,100.00,100 גרם,false,,20.90,20.9000,true,1,27324
7290000345284,false,תה ויסוצקי קלאסי אריזה ירוקה מרובעת (100 שקיקים),מולינו ניקולי s.p.a,IL,תה ויסוצקי 1.5 קלאסי,גרמים,150.00,100 גרם,false,,20.90,13.9333,true,1,27327
7290000345291,false,תה ארל גריי ויסוצקי 25 יחידות,תה ויסוצקי,IL,תה ארל גריי 1.5/25,גרמים,37.50,100 גרם,false,,18.50,49.3333,true,1,27328
7290000345307,false,תה ארל גריי ויסוצקי 50 יחידות,מולינו ניקולי s.p.a,IL,תה ארל גריי 1.5/50,גרמים,75.00,100 גרם,false,,33.90,45.2000,true,1,27329
7290000345536,false,תה נענע ויסוצקי 25 יחידות,מולינו ניקולי s.p.a,IL,תה נענע 25 שקיות 1.5,גרמים,37.50,100 גרם,false,,19.90,53.0667,true,1,27330
7290000346021,false,הגן הקסום תה קמומיל ויסוצקי 50 יחידות,בית ויסוצקי,IL,תה קמומיל 50 שקיקים,גרמים,75.00,100 גרם,false,,37.90,50.5333,true,1,27336
7290000346120,false,הגן הקסום תה קינמון ויסוצקי 25 יחידות,תה ויסוצקי,IL,תה קסם הקנמון 25 שקי,גרמים,62.50,100 גרם,false,,19.90,31.8400,true,1,27337
7290000346199,false,הגן הקסום פירות היער ויסוצקי 25 יחידות,תה ויסוצקי,IL,תה פירות יער 25 שקיק,גרמים,67.50,100 גרם,false,,19.90,29.4815,true,1,27342
7290000346205,false,הגן הקסום תה קמומיל ויסוצקי 25 יחידות,תה ויסוצקי,IL,תה קמומיל 25 שקיקים,גרמים,37.50,100 גרם,false,,19.90,53.0667,true,1,27343
7290000347738,false,תה ירוק נענע ויסוצקי 25 יחידות,תה ויסוצקי,IL,תה ירוק נענע 25 שקיק,גרמים,37.50,100 גרם,false,,26.90,71.7333,true,1,27351
7290000347752,false,תה ירוק לימונית ולואיזה 25 שקיקים *1.5 ג'' ויסוצקי,תה ויסוצקי,IL,תה ירוק לימונית ולוא,גרמים,37.50,100 גרם,false,,26.90,71.7333,true,1,27353
7290000363011,false,סלמי קוניאק מובחר טירת צבי במשקל,הנסיך- מפעל לייצור ט,IL,נקניק קוניאק מובחר ט,קילוגרמים,1.00,"ק""ג",true,,79.00,79.0000,true,1,27967
7290000363189,false,סרוולד טירת צבי מעדנ,הנסיך- מפעל לייצור ט,IL,סרוולד טירת צבי מעדנ,קילוגרמים,1.00,"ק""ג",true,,153.00,153.0000,true,1,27968
7290000363363,false,קבנוס נקניק מעושן יבש 160 גרם,הנסיך- מפעל לייצור ט,IL,קבנוס מיוחד 160 גרם,גרמים,160.00,100 גרם,false,,20.90,13.0625,true,1,28006
7290000363400,false,סלמי פפרוני טירת צבי,הנסיך- מפעל לייצור ט,IL,סלמי פפרוני טירת צבי,קילוגרמים,1.00,"ק""ג",true,,79.00,79.0000,true,1,27969
7290000363462,false,סלמי מעושן איטלקי טי,טירת- צבי,IL,סלמי מעושן איטלקי טי,קילוגרמים,1.00,"ק""ג",true,,79.00,79.0000,true,1,27970
7290000363486,false,נקניק תה טירת צבי מע,טירת- צבי,IL,נקניק תה טירת צבי מע,קילוגרמים,1.00,"ק""ג",true,,58.00,58.0000,true,1,27971
7290000364261,false,"דקניקים, סלסולי פסטרמה כתף בקר מעושנת 120 גרם",הנסיך- מפעל לייצור ט,IL,סלסולי כתף בקר 120 ג,גרמים,120.00,100 גרם,false,,16.90,14.0833,true,1,28010
7290000364278,false,דקניקים סילסולי סלמי איטלקי 120 ג' טירת צבי,הנסיך- מפעל לייצור ט,IL,סלסולי סלמי איטלקי מ,גרמים,120.00,100 גרם,false,,16.90,14.0833,true,1,28011
7290000364285,false,דקניקים סלסולי פסטרמה הודו טירת צבי 120 גרם,הנסיך- מפעל לייצור ט,IL,טירת צבי סלסולי פסטר,גרמים,120.00,100 גרם,false,,16.90,14.0833,true,1,28012
7290000364292,false,דקניקים סלסולי פסטרמה הודו על גחלים 1% טירת צבי 120 גרם,הנסיך- מפעל לייצור ט,IL,סלסולי פסטרמה גחלים,גרמים,120.00,100 גרם,false,,16.90,14.0833,true,1,28013
7290000364759,false,נקניקיות וינר קרנץ טירת צבי 500 ג',הנסיך- מפעל לייצור ט,IL,נקניקיות וינר קרנץ 5,גרמים,500.00,100 גרם,false,,17.90,3.5800,true,1,28015
7290000364803,false,נקניקיות בקר אמריקאיות טירת צבי 500 גרם,הנסיך- מפעל לייצור ט,IL,נקניקיות קרנץ אמריקא,גרמים,500.00,100 גרם,false,,34.90,6.9800,true,1,28016
7290000364810,false,נקניקיות עגל 500 גרםטירת צבי,הנסיך- מפעל לייצור ט,IL,נקנקיות עגל 500 גרם,גרמים,500.00,100 גרם,false,,34.90,6.9800,true,1,28017
7290000364858,false,"נקניקיות עוף טרי טירת צבי 1 ק""ג",הנסיך- מפעל לייצור ט,IL,נקניקיות עוף טרי 1 ק,קילוגרמים,1.00,"ק""ג",false,,30.90,30.9000,true,1,28018
7290000364872,false,נקניקיות עוף טירת צבי 400 גרם,טיב טירת צבי 2000,IL,נקניקיות עוף 400 גרם,גרמים,400.00,100 גרם,false,,14.90,3.7250,true,1,28019
7290000364957,false,נקניקיות עוף מיני מיני טירת צבי 700 גרם,הנסיך- מפעל לייצור ט,IL,נקנקיות מיני - מיני,גרמים,700.00,100 גרם,false,,28.90,4.1286,true,1,28020
7290000365398,false,חזה הודו בדבשטירת צבי,טירת- צבי,IL,חזה הודו בדבש ט.צבי,קילוגרמים,1.00,"ק""ג",true,,89.00,89.0000,true,1,27982
7290000365756,false,נקניק פסטרמה ברביקיו,טירת צבי,IL,פסט. עלגחלים ד.ש.ט.צ,קילוגרמים,1.00,"ק""ג",true,,89.00,89.0000,true,1,27984
7290000365909,false,פסטרמה הודו מעושנתטירת צבי,טירת- צבי,IL,פסט.טבעית ט.צבי מעדנ,קילוגרמים,1.00,"ק""ג",true,,89.00,89.0000,true,1,27986
7290000365954,false,פסטרמה הודו גחלים טי,טירת- צבי,IL,פסט.על גחלים ט.צבי מ,קילוגרמים,1.00,"ק""ג",true,,89.00,89.0000,true,1,27987
7290000367590,false,פסטרמה כפרית וסלמי פריזר כפרי טירת צבי 2*400 גרם,טיב טירת צבי 2000,IL,צמד כפרי נק.סלמי+פסט,גרמים,800.00,100 גרם,false,,30.90,3.8625,true,1,28022
7290000369037,false,קוביות בולגרית מתובלות 200 גר,גבינות אמיר ניצן בעמ,IL,ניצן פטה קוביות בטעמ,גרמים,200.00,100 גרם,false,,18.90,9.4500,true,1,8072
7290000369341,false,לאבנה אבו גוש ניצן מ,גבינות אמיר ניצן בעמ,IL,לאבנה אבו גוש ניצן מ,קילוגרמים,1.00,"ק""ג",true,,49.00,49.0000,true,1,8064
7290000369365,false,מעדן גבינה בולגרית עם חציל 9% ניצן 200 גרם,גבינות אמיר ניצן בעמ,IL,ניצן גבינה מתובלת 9%,גרמים,200.00,100 גרם,false,,16.90,8.4500,true,1,8074
7290000369617,false,מעדן כדורי פטה בשמן מתובל ניצן 230 גרם,גבינות אמיר ניצן בעמ,IL,ניצן כדורי פטה בשמני,גרמים,150.00,100 גרם,false,,20.90,13.9333,true,1,8075
7290000369709,false,חמאה עירונית בתוספת ריחן ושום טרי גבינות ניצן 100 גרם,גבינות אמיר ניצן בעמ,IL,ניצן חמאה ט.שונים 10,גרמים,100.00,100 גרם,false,,14.90,14.9000,true,1,8076
7290000370017,false,גאודה בזיליקום ושום,,,גאודה בזיליקום ושום,קילוגרמים,1.00,"ק""ג",true,,107.00,107.0000,true,1,4731
7290000370130,false,גבינת ברי צרפתית שקי,,,גבינת ברי צרפתית שקי,קילוגרמים,1.00,"ק""ג",true,,120.00,120.0000,true,1,106983
7290000370284,false,גבינה קשקבל חצי קשה,,,גבינה קשקבל חצי קשה,קילוגרמים,1.00,"ק""ג",true,,100.00,100.0000,true,1,128004
7290000370420,false,גבינת גאודה מהולנד 3,,,גבינת גאודה מהולנד 3,קילוגרמים,1.00,"ק""ג",true,,109.00,109.0000,true,1,196398
7290000370475,false,מעדניה - גבינה כחולה,,,מב גבינה כחולה עם עו,קילוגרמים,1.00,"ק""ג",true,,75.00,75.0000,true,1,227104
7290000370925,false,גבינת גאודה עם עשבי,,,גבינת גאודה עם עשבי,קילוגרמים,1.00,"ק""ג",true,,107.00,107.0000,true,1,401419
7290000370994,false,גבינת גאודה עם פטריו,,,גבינת גאודה עם פטריו,קילוגרמים,1.00,"ק""ג",true,,182.00,182.0000,true,1,406426
7290000371571,false,פסטרמה פרגיות לבאגט,,,פסט.פרגיות לבאגט ט.צ,קילוגרמים,1.00,"ק""ג",true,,89.00,89.0000,true,1,27992
7290000379128,false,חלה פרוסה אנגל 500 ג,"איטיליאן פוד, אס.פי.",IL,חלה פרוסה 500 גרם,גרמים,500.00,100 גרם,false,,10.60,2.1200,true,1,69131
7290000379258,false,"חלה מתוקה קונדטוריה ארוזה ""אנג'ל""",מאפיית שלמה א. אנג'ל,IL,חלת קונדיטורית אנגל,גרמים,500.00,100 גרם,false,,15.90,3.1800,true,1,69136
7290000382210,false,שקיות גופיה ינות בית,,,שקיות גופיה ינות בית,יחידה,0.00,יחידה,false,,0.10,0.0000,true,1,44823
7290000382227,false,שקיות גופיה מגה בעיר,,,שקיות גופיה מגה בעיר,יחידה,0.00,יחידה,false,,0.10,0.0000,true,1,6
7290000403238,false,סיימן ברי איסיני מעד,,,סיימן ברי איסיני מעד,קילוגרמים,1.00,"ק""ג",true,,140.00,140.0000,true,1,18913
7290000403443,false,סיימן גבינה קברה עיז,,,סיימן גבינה קברה עיז,קילוגרמים,1.00,"ק""ג",true,,199.00,199.0000,true,1,18920
7290000408316,false,יוגורט דנונה דל לקטוז 200 גרם,מיוצר עי קונדיטוריית,IL,דנונה טבעי 3% 200מל,מיליליטרים,200.00,"100 מ""ל",false,,3.90,1.9500,true,1,26037
7290000408354,false,יוגורט עם אורז מצופה שוקולד קקאו 175 ג' דנונה,"שטראוס בריאות בע""מ",IL,דנונה קראנצ' פצפוצים,מיליליטרים,175.00,"100 מ""ל",false,,4.90,2.8000,true,1,26038
7290000416021,false,ממרח בטעם שוקולד השחר חלבי 500,השחר העולה,IL,ממרח שוקולד השחר 500,גרמים,500.00,100 גרם,false,,15.90,3.1800,true,1,32315
7290000416618,false,"ממרח שוקולד השחר פרווה בד""צ 400 גר'",השחר העולה תעשייות מ,IL,ממרח שוקולד פרווה הש,גרמים,400.00,100 גרם,false,,13.90,3.4750,true,1,32327
7290000418131,false,תחבושות טופ פד מקופלת 18 יח',מוצרי נייר עמיר,IL,תחבושות סופר מקופלת,יחידה,0.00,יחידה,false,,5.90,0.0000,true,1,32846
7290000419107,false,לנדוור כחול המקורי טחון טורקי 100גרם,קפה לנדוור בע''מ,IL,לנדוור מקורי קפה טחו,גרמים,100.00,100 גרם,false,,9.90,9.9000,true,1,22561
7290000419220,false,לנדוור כחול המקורי קפה טחון טורקי 3*100 גרם 16 יח',קפה לנדוור,IL,לנדוור כחול המקורי ק,גרמים,300.00,100 גרם,false,,19.90,6.6333,true,1,22563
7290000419374,false,לנדוור לבוקר קפה טחון טורקי 3*100 גרם 16 יח',קפה לנדוור,IL,לנדוור לבוקר קפה טחו,גרמים,300.00,100 גרם,false,,19.90,6.6333,true,1,22564
7290000419893,false,קפה שחור טחון לבוקר לנדוור 100 גרם,מולינו ניקולי s.p.a,IL,לנדוור חזק קפה טחון,גרמים,100.00,100 גרם,false,,9.90,9.9000,true,1,22565
7290000419923,false,לנדוור קפה אספרסו טחון בואקום 200 גר,קפה לנדוור,IL,לנדוור קפה אספרסו טח,גרמים,200.00,100 גרם,false,,22.90,11.4500,true,1,22567
7290000420325,false,"פופסטאר פופקורן למקירוגל בטעם טבעי 5 שקיות,500 גרם",קריות זול,US,פופסטאר פופקורן טבעי,גרמים,500.00,100 גרם,false,,17.90,3.5800,true,1,7658
7290000420332,false,פופסטאר פופקורן למיקרוגל בטעם חמאה 5 יחידות 500 גרם,קריות זול,US,פופסטאר פופקורן חמאה,גרמים,500.00,100 גרם,false,,17.90,3.5800,true,1,7659
7290000436616,false,דובשניות בשקית 180 גר',קריות זול,,דובשניות ברמן 180 גר,גרמים,180.00,100 גרם,false,,5.90,3.2778,true,1,119545
7290000447146,false,שניצל עגל כשר ארוז,,,שניצל עגל כשר ארוז,קילוגרמים,1.00,"ק""ג",true,,99.90,99.9000,true,1,51125
7290000448026,false,נפוליאון גבינת שמנת,,,נפוליאון גבינת שמנת,קילוגרמים,1.00,"ק""ג",true,,43.00,43.0000,true,1,370769
7290000448033,false,נפוליאון גבינת שמנת,,,נפוליאון גבינת שמנת,קילוגרמים,1.00,"ק""ג",true,,43.00,43.0000,true,1,370798
7290000448040,false,נפוליאון גבינת שמנת,,,נפוליאון גבינת שמנת,קילוגרמים,1.00,"ק""ג",true,,43.00,43.0000,true,1,370799
7290000450209,false,פוסידון טונה בהירה בשמן 77 גרם,"מיוצר עי וליגר בעמ,",IL,טונה בשמן פוסידון 1,גרמים,108.00,100 גרם,false,,6.90,6.3889,true,1,19607
7290000453125,false,שמרית שמרים טריים לאפיה +משפר אפיה 100ג,"פאקא תעשיות בע""מ",IL,שמרית שמרים טריים לא,גרמים,100.00,100 גרם,false,,8.50,8.5000,true,1,26040
7290000453408,false,"בצק פיצה דק, מצונן ומוכן לאפייה - שמרית","פאקא תעשיות בע""מ",FR,שמרית בצק פיצה דק מצ,גרמים,415.00,100 גרם,false,,17.90,4.3133,true,1,162420
7290000453415,false,בצק עלים מצונן ומוכן לאפייה - שמרית,"פאקא תעשיות בע""מ",FR,שמרית בצק עלים מצונן,גרמים,300.00,100 גרם,false,,16.90,5.6333,true,1,196928
7290000453422,false,בצק פילו מצונן ומוכן לאפייה שמרית,"פאקא תעשיות בע""מ",FR,שמרית בצק פילו מוכן,גרמים,300.00,100 גרם,false,,16.90,5.6333,true,1,162421
7290000453866,false,נטורינה קוקוס לאפייה שמרית 200ג',גרונבאנג- גרונדנסק א,IL,נטורינה קוקוס שטראוס,גרמים,200.00,100 גרם,false,,8.50,4.2500,true,1,105186
7290000461625,false,בייגלה שמיניות מלח בייגל בייגל 400 ג',בייגל את בייגל מזון,IL,ביגלה 8 8 400גר,גרמים,400.00,100 גרם,false,,12.90,3.2250,true,1,67178
7290000461656,false,בייגלה אחד אחד 400 ג' מקלות,בייגל את בייגל מזון,IL,מקלות מלוחים 400 גרם,גרמים,400.00,100 גרם,false,,12.90,3.2250,true,1,12673
7290000461700,false,בייגלה שמיניות גדולות מלוחות 400 גרם,בייגל את בייגל מזון,IL,ביגלה שמיניות גדולות,גרמים,400.00,100 גרם,false,,16.90,4.2250,true,1,12674
7290000461793,false,בייגלה ארוך ארוך סידרה ירוקה 200גר,בייגל את בייגל מזון,IL,ביגלה ארוך ארוך דל ש,גרמים,150.00,100 גרם,false,,6.90,4.6000,true,1,117463
7290000462141,false,סחוג אדום תימני מקורי חריף מאוד זהבי 150 גרם,קריניסה ויטמין אס אי,IL,סחוג אדום חריף מאוד,גרמים,150.00,100 גרם,false,,8.90,5.9333,true,1,26044
7290000462172,false,סחוג ירוק חריף מאוד מ.ירוק 150 גרם,קריניסה ויטמין אס אי,IL,סחוג ירוק חריף מאוד,גרמים,150.00,100 גרם,false,,8.90,5.9333,true,1,26045
7290000462310,false,סיימן סנט מור במשקל.,,,סיימן סנט מור במשקל.,קילוגרמים,1.00,"ק""ג",true,,199.00,199.0000,true,1,18943
7290000467153,false,מלך החומוס סמיר הגדול 400 גרם צבר,סלטי צבר,IL,צבר חומוס סמיר הגדול,גרמים,400.00,100 גרם,false,,14.90,3.7250,true,1,23383
7290000467320,false,מלך החומוס אבו מרוואן 400 גרם,לחמנו,IL,צבר חומוס אבו מרוואן,גרמים,400.00,100 גרם,false,,14.90,3.7250,true,1,23384
7290000472821,false,גבינה צהובה 28% הר,,,גבינה צהובה 28% הר,קילוגרמים,1.00,"ק""ג",true,,31.00,31.0000,true,1,444673
7290000474090,false,"חלב בקרטון 1%- 1 ליטר בד""צ - מוצר בפיקוח",מילקו תעשיות בעמ,IL,טרה חלב בקרטון 1% 1ל,ליטרים,1.00,ליטר,false,,5.86,5.8600,true,1,8380
7290000474502,false,גבינה לבנה טרה 5% מרכיבים טבעיים,קריות זול,IL,טרה גבינה לבנה 5% 25,גרמים,250.00,100 גרם,false,,4.98,1.9920,true,1,8389
7290000474540,false,טוב טעם גבינה לבנה 3% טרה 250 גרם,קריות זול,IL,טוב טעם גבינה 3% 250,גרמים,250.00,100 גרם,false,,11.90,4.7600,true,1,8390
7290000480107,false,קוואקר שיבולת שועל פחית 500 גרם,וולקרס סנקס לימיטד,GB,"קוואקר מהיר אטוס לל""",גרמים,500.00,100 גרם,false,,15.90,3.1800,true,1,26619
7290000480442,false,קוואקר שיבולת שועל בשקית 500 גרם,פריטו ליי FRITO-LAY,IL,שיבולת שועל בשקית קו,גרמים,500.00,100 גרם,false,,15.90,3.1800,true,1,26620
7290000481029,false,פיתות רגילות עשירייה,יוניליוור גרמניה Gm,IL,פיתות 10 יחידות בטעם,קילוגרמים,1.00,"ק""ג",false,,13.90,13.9000,true,1,219225
7290000481043,true,עשיריית פיתות כוסמין,,,עשיריית פיתות כוסמין,גרמים,700.00,100 גרם,false,,16.90,2.4143,true,1,295598
7290000481531,false,דגנית עין בר לחמניות אצבע מחיטה מלאה בשקית 750 ג',יוניליוור גרמניה Gm,IL,לחמניות 10 יחידות חי,גרמים,750.00,100 גרם,false,,14.90,1.9867,true,1,6349
7290000481883,false,דגנית עין בר מארז לחמניות 10 יח'*75 ג',יוניליוור גרמניה Gm,IL,10 לחמניות דגנית,גרמים,750.00,100 גרם,false,,14.90,1.9867,true,1,6353
7290000484747,false,עראק עלית 700 מל 40% כהל,יקב הגליל שווק בעמ,IL,"עלית הארק 40% 700 מ""",מיליליטרים,700.00,"100 מ""ל",false,,60.90,8.7000,true,1,32405
7290000490601,false,"שמיניית גלידל וניל ""פלדמן""",הגלידות של פלדמן,IL,גלידל מאגדת בטעם וני,גרמים,400.00,100 גרם,false,,34.90,8.7250,true,1,122310
7290000490625,false,שלגונים ציפוי שוקו מאגדת שמינייה 560 ג',"פלקו בע""מ",IL,מאגדת שלגונים ציפוי,גרמים,560.00,100 גרם,false,,28.90,5.1607,true,1,280136
7290000490762,false,"שמיניית גלידל שוקו ""פלדמן""",הגלידות של פלדמן,IL,גלידל מאגדת בטעם שוק,גרמים,400.00,100 גרם,false,,34.90,8.7250,true,1,140452
7290000493183,false,אבקת רוטב פטריות לבשר-30 גרם,"אסם תעשיות בע""מ",IL,אסם אבקת רוטב פטריות,גרמים,30.00,100 גרם,false,,4.00,13.3333,true,1,22597
7290000496360,false,פילה בקלה דרום אפרי,,,פילה בקלה דרום אפרי,קילוגרמים,1.00,"ק""ג",true,,43.90,43.9000,true,1,347535
7290000504025,false,ממתיק סוכרזית פטריה 300 טבליות,אף.סי תבליני בגליל ב,IL,סוכרזית פטריה 300 טב,גרמים,246.00,100 גרם,false,,10.90,4.4309,true,1,25342
7290000504049,false,ממתיק סוכרזית 1200 טבליות,אף.סי תבליני בגליל ב,IL,סוכרזית קנקן 1200 טב,גרמים,984.00,100 גרם,false,,22.90,2.3272,true,1,25344
7290000504278,false,סוכרזית - קלאסי פטנט 700 טבליות,אף.סי תבליני בגליל ב,IL,סוכרזית פטנט 700 טבל,גרמים,574.00,100 גרם,false,,17.90,3.1185,true,1,25347
7290000507383,false,בולגרית 5% פנחס אמית,,,בולגרית 5% פנחס אמית,קילוגרמים,1.00,"ק""ג",true,,80.00,80.0000,true,1,18980
7290000511010,false,פרמז`נו בגלגל ויליפו,,,פרמז`נו בגלגל ויליפו,קילוגרמים,1.00,"ק""ג",true,,138.00,138.0000,true,1,4741
7290000511706,false,גבינת גאודה עם כמון,,,גבינת גאודה עם כמון,קילוגרמים,1.00,"ק""ג",true,,90.00,90.0000,true,1,4744
7290000511904,false,בייבי אדם הולנד וילי,,,מב בייבי אדם הולנד ו,קילוגרמים,1.00,"ק""ג",true,,65.00,65.0000,true,1,4747
7290000518220,false,ממתיק סוכרה דיאט 100 יחידות,פתח תקווה,IL,סוכרה דיאט 100 יח,גרמים,80.00,100 גרם,false,,31.90,39.8750,true,1,80627
7290000521008,false,"של סגל אדום יבש , 750 מ""ל",כרמי צבי - אחים סגל,IL,אדום יבש סגל.,מיליליטרים,750.00,"100 מ""ל",false,,22.90,3.0533,true,1,11513
7290000521015,false,"יין סגל לבן יבש 750מ""ל","מיוצר ע""י כרמי צבי-",IL,"לבן סגל 750 מ""ל",מיליליטרים,750.00,"100 מ""ל",false,,22.90,3.0533,true,1,11514
7290000521022,false,"של סגל, יין לבן חצי יבש 750 מ""ל","מיוצר ע""י כרמי צבי-",IL,סגל לבן חצי יבש 750,מיליליטרים,750.00,"100 מ""ל",false,,22.90,3.0533,true,1,11515
7290000522166,false,חלב הרים טהור-עמיד- נטול לקטוז 1 לי 3%,"מחלבות רמת הגולן בע""",IL,חלב הרים טהור נ.לקטו,ליטרים,1.00,ליטר,false,,11.90,11.9000,true,1,8398
7290000522272,false,"שמנת לקפה 10% שומן 500 מ""""ל 12X",מחלבות רמת הגולן,IL,חלב הרים שמנת לקפה 1,מיליליטרים,500.00,"100 מ""ל",false,,9.90,1.9800,true,1,8402
7290000523125,false,מלח הארץ הים האדום 250 ג' עדין,חברת מלח הארץ אילת ב,IL,מלח ים יבש הארץ 250,גרמים,250.00,100 גרם,false,,6.90,2.7600,true,1,27355
7290000523224,false,מלח הארץ הים האדום 500 ג' עדין,חברת מלח הארץ אילת ב,IL,מלח ים יבש הארץ 500,גרמים,500.00,100 גרם,false,,8.90,1.7800,true,1,27356
7290000523514,false,מלח ים יבש מופחת נתרן מלח הארץ 250 גרם,חברת מלח הארץ אילת ב,IL,מלח 50% פחות נתרן הא,גרמים,250.00,100 גרם,false,,11.90,4.7600,true,1,27357
7290000523521,false,מלח ים מועשר ביוד מלח הארץ 250 גרם,חברת מלח הארץ אילת ב,IL,מלח מעושר ביוד הארץ,גרמים,250.00,100 גרם,false,,7.90,3.1600,true,1,27358
7290000523811,false,"צנצנת מלח גס 1 ק""ג מלח הארץ",חברת מלח הארץ אילת ב,IL,מלח גס בצנצנת הארץ 1,קילוגרמים,1.00,"ק""ג",false,,7.90,7.9000,true,1,27360
7290000525969,false,מיץ תפוזים סחוט רכיבים טבעיים פרימור 1 ליטר,"גניר (1992) בע""מ",IL,פרימור מיץ תפוזים 1ל,ליטרים,1.00,ליטר,false,,17.20,17.2000,true,1,26050
7290000530024,false,תה מעושן רחב זוגלובק,זוגלובק,IL,תה מעושן זוגלובק,קילוגרמים,1.00,"ק""ג",true,,57.00,57.0000,true,1,43911
7290000530086,false,נקניק סלמי מעושן זוגלובק 600 גרם,נקניק נהריה כשר זוגל,IL,סלמי מעושן 7000 א.מ.,גרמים,600.00,100 גרם,false,,40.90,6.8167,true,1,43958
7290000530109,false,קבנוס זוגי בואקום זוגלובק 180ג',נקניק נהריה כשר זוגל,IL,זוג קבנוס בוואקום 36,גרמים,360.00,100 גרם,false,,35.90,9.9722,true,1,43959
7290000530116,false,נקניק סלמי מעושן בשן 470 ג' זוגלובק,נקניק נהריה כשר זוגל,IL,סלמי מעושן בשן זוגלו,גרמים,470.00,100 גרם,false,,28.90,6.1489,true,1,43960
7290000530260,false,נקניק מורטדלה זוגלוב,זוגלובק,IL,נקניק מורטדלה זוגלוב,קילוגרמים,1.00,"ק""ג",true,,40.00,40.0000,true,1,43919
7290000530291,false,נקניק מבשר הודו קטן זוגלובק 750 גרם,נקניק נהריה כשר זוגל,IL,זוגלובק נקניק מבשר ה,גרמים,800.00,100 גרם,false,,23.90,2.9875,true,1,43962
7290000530369,false,פסטרמה גולן הודו מעו,זוגלובק,IL,פסט. גולן 3% זוגלובק,קילוגרמים,1.00,"ק""ג",true,,89.00,89.0000,true,1,43921
7290000530444,false,כתף בקר מעושן זוגלוב,זוגלובק,IL,כתף בקר מעושן זוגלוב,קילוגרמים,1.00,"ק""ג",true,,110.00,110.0000,true,1,43922
7290000530598,false,נקניקיות עוף וינר זוגלובק 500 גרם,נקניק נהריה כשר זוגל,IL,נקניקיות וינר טרי זו,גרמים,500.00,100 גרם,false,,17.90,3.5800,true,1,43967
7290000530703,false,פסטרמה חרמון כפרית ונקניק תה מעושן זוגלובק 2*400 גרם,נקניק נהריה כשר זוגל,IL,זוג תה 400 + חרמון 4,גרמים,800.00,100 גרם,false,,36.90,4.6125,true,1,43969
7290000531410,false,פסטרממיה בדבש טהור ב,זוגלובק,IL,פסט. בדבש טהור 3% זו,קילוגרמים,1.00,"ק""ג",true,,89.00,89.0000,true,1,43924
7290000532400,false,פסטרמה ברביקיו זוגלו,זוגלובק,IL,ברביקיו חזה הודו זוג,קילוגרמים,1.00,"ק""ג",true,,89.00,89.0000,true,1,43925
7290000532721,false,כתף בקר טורו מצופה פ,זוגלובק,IL,כתף בקר מפולפל טורו,קילוגרמים,1.00,"ק""ג",true,,110.00,110.0000,true,1,43927
7290000533353,false,"בצק עלים מרודד זוגלובק 1 ק""ג",מאפיית אריאל וגידרון,IL,זוגלובק בצק עלים 1קג,קילוגרמים,1.00,"ק""ג",false,,17.90,17.9000,true,1,43979
7290000534718,false,פסטרמה חזה תבור זוגל,זוגלובק,IL,תבור חזה מעושן ד.ש.,קילוגרמים,1.00,"ק""ג",true,,89.00,89.0000,true,1,43932
7290000534800,false,פסטרמה הודו רומני זו,זוגלובק,IL,פסטרמה רומנית 4% זוג,קילוגרמים,1.00,"ק""ג",true,,89.00,89.0000,true,1,43933
7290000537566,false,נקניקיות עוף טרי 400 ג' זוגלובק,נקניק נהריה כשר זוגל,IL,נקניקיות עוף טרי 400,גרמים,400.00,100 גרם,false,,14.90,3.7250,true,1,43993
7290000537603,false,"נקניקיות עוף זוגלובק 1 ק""ג",זוגלובק,IL,"נקנקיות עוף 1 ק""ג -ז",קילוגרמים,1.00,"ק""ג",false,,34.90,34.9000,true,1,43994
7290000552927,false,עוף טחון טיבון ויל 500 גרם,"טיבון ויל אחזקות בע""",IL,טחון עוף 500 גרם,גרמים,500.00,100 גרם,false,,16.90,3.3800,true,1,19616
7290000552989,false,בשר טחון טיבון ויל 500 גרם,"טיבון ויל אחזקות בע""",IL,בשר עגל טחון קפוא 50,גרמים,500.00,100 גרם,false,,22.90,4.5800,true,1,19618
7290000554457,false,גבינה צפתית 5% 350 גרם - רבנות,"מחלבות גד בע""מ",IL,גד צפתית מיני 5% 350,גרמים,350.00,100 גרם,false,,23.90,6.8286,true,1,16745
7290000554471,false,נקניק מוצרלה 22 אחוז 180גרם גד מהדרין,"מחלבות גד בע""מ",IL,גד מוצרלה נקניק טבעי,גרמים,180.00,100 גרם,false,,18.90,10.5000,true,1,16746
7290000554532,false,גבינה צפתית מעודנת במלח ים 5% 200 ג' גד,הנסיך- מפעל לייצור ט,IL,גד צפתית מעודנת במלח,גרמים,200.00,100 גרם,false,,16.90,8.4500,true,1,16747
7290000554600,false,מוצרלה מגורדת 22 אחוז 300גרם גד מהדרין,מחלבות גד בעמ,IL,גד מוצרלה מגורדת %18,גרמים,300.00,100 גרם,false,,27.90,9.3000,true,1,16748
7290000554624,false,ירח מתוק מעדן חלב עם אורז 3% גד 150 גרם,"מיוצר ע""י קוד יצרן E",IL,גד ירח מתוק 150מל,גרמים,150.00,100 גרם,false,,6.50,4.3333,true,1,16749
7290000554686,false,גבינת לאבנה בתוספת שמן זית וזעתר 5% גד 250 גרם,מחלבות גד בעמ,IL,גד לאבנה בשמן זית וז,גרמים,250.00,100 גרם,false,,15.90,6.3600,true,1,16750
7290000554822,false,ריקוטה גבינה לבנה בסגנון איטלקי 5% גד 250 גרם,מחלבות גד בעמ,IL,גד ריקוטה טבעי 5% 25,גרמים,250.00,100 גרם,false,,16.90,6.7600,true,1,16751
7290000561363,false,גרעיני אבטיח 200 גרם פיצוחי חממה,,,גרעין אבטיח קלוי 200,גרמים,200.00,100 גרם,false,,14.90,7.4500,true,1,1625
7290000561561,false,מנצ'יס 200 גרם פיצוחי חממה,,,פוסידון מנצ'יס 200ג,גרמים,200.00,100 גרם,false,,9.90,4.9500,true,1,116513
7290000561578,false,בוטן אמריקאי 200 גרם פיצוחי חממה,,,בוטן אמריקאי 200ג,גרמים,200.00,100 גרם,false,,6.90,3.4500,true,1,116514
7290000561585,false,קבוקים 200 גרם פיצוחי חממה,,,קבוקים 200ג - חממה,גרמים,200.00,100 גרם,false,,6.50,3.2500,true,1,116515
7290000561714,false,צנובר 100 גרם פיצוחי חממה,,,צנובר 100 גרם,גרמים,100.00,100 גרם,false,,26.90,26.9000,true,1,1638
7290000571119,false,גאודה טבעי בית יצחק,תנובה מרכז שיתופי לש,IL,גאודה טבעי המחלבה,קילוגרמים,1.00,"ק""ג",true,,109.00,109.0000,true,1,28305
7290000571126,false,גבינת גאודה+כמון בית,תנובה מרכז שיתופי לש,IL,גאודה כמון המחלבה,קילוגרמים,1.00,"ק""ג",true,,109.00,109.0000,true,1,28306
7290000571294,false,גבינת גאודה מעושנת ב,מחלבה בית יצחק,IL,גאודה מעושנת המחלבה,קילוגרמים,1.00,"ק""ג",true,,109.00,109.0000,true,1,28308
7290000571386,false,המחלבה יוגורמה יוגורט מחלב כבשים 5% 850 גרם,גבינות משק אחים מאיר,IL,יוגורמה דלי 5% 850 ג,גרמים,850.00,100 גרם,false,,29.90,3.5176,true,1,28676
7290000571393,false,המחלבה יוגורמה יוגורט מחלב כבשים 5% 140 גרם,גבינות משק אחים מאיר,IL,יוגורמה יוגורט כבשים,גרמים,140.00,100 גרם,false,,6.90,4.9286,true,1,28677
7290000571812,false,גבינת פרמז'ן מגורד 200 גרם,תנובה מרכז שיתופי לש,IL,פרמז'ן מגורד 200 גרם,גרמים,200.00,100 גרם,false,,22.90,11.4500,true,1,28686
7290000571881,false,"משקה יוגורט מחלב עיזים 3.6% 500 מ""ל",גבינות משק אחים מאיר,IL,משקה יוגורט מחלב עיז,מיליליטרים,500.00,"100 מ""ל",false,,14.90,2.9800,true,1,136218
7290000574035,false,לחם אחיד פרוס 750ג' דגנית עין בר,יוניליוור גרמניה Gm,IL,לחם אחיד פרוס דגנית,גרמים,750.00,100 גרם,false,,7.11,0.9480,true,1,6359
7290000574141,false,לחם חיטה מלא 750ג' דגנית עין בר,דגנית עין בר תעשיות,IL,לחם חיטה מלאה דגנית,גרמים,750.00,100 גרם,false,,15.90,2.1200,true,1,6366
7290000574172,false,לחם קל מחיטה מלאה 750 ג' דגנית עין בר,יוניליוור גרמניה Gm,IL,לחם קל חיטה מלאה דגנ,גרמים,750.00,100 גרם,false,,16.90,2.2533,true,1,6368
7290000578085,false,גבינת מוצרלה 21% ויל,,,גבינת מוצרלה 21% ויל,קילוגרמים,1.00,"ק""ג",true,,58.00,58.0000,true,1,4748
7290000599847,false,רב מגבת מויסקו,ח.פ,IL,רב מגבת מויסקו,יחידה,0.00,יחידה,false,,8.90,0.0000,true,1,15783
7290000604343,false,תמר דקל נור 400 גר,פרי וירק טמרה ושותפי,,תמר דקל נור 400גר,גרמים,400.00,100 גרם,false,,12.90,3.2250,true,1,2670
7290000611039,false,פילה סלמון נורבגי קפ,,,פילה סלמון נורבגי קפ,קילוגרמים,1.00,"ק""ג",true,,84.90,84.9000,true,1,304823
7290000611183,false,פילה סלמון נורבגי קפ,,,פילה סלמון נורבגי קפ,קילוגרמים,1.00,"ק""ג",true,,84.90,84.9000,true,1,315478
7290000611228,false,פילה עוף טרי ארוז,,,פילה עוף טרי ארוז,קילוגרמים,1.00,"ק""ג",true,,35.90,35.9000,true,1,42796
7290000611839,false,שוקיים עוף טרי ארוז,,,שוקיים עוף טרי ארוז,קילוגרמים,1.00,"ק""ג",true,,34.90,34.9000,true,1,42809
7290000611846,false,כרעיים עוף טרי ארוז.,,,כרעיים עוף טרי ארוז.,קילוגרמים,1.00,"ק""ג",true,,29.90,29.9000,true,1,42810
7290000611853,false,כנפיים עוף טרי ארוז,,,כנפיים עוף טרי ארוז,קילוגרמים,1.00,"ק""ג",true,,12.90,12.9000,true,1,42811
7290000611860,false,חזה עוף שלם טרי ארוז,,,חזה עוף שלם טרי ארוז,קילוגרמים,1.00,"ק""ג",true,,34.90,34.9000,true,1,42812
7290000611884,false,כבד עוף טרי ארוז לצל,,,כבד עוף טרי ארוז,קילוגרמים,1.00,"ק""ג",true,,23.90,23.9000,true,1,42814
7290000627906,false,גאודה בקר 31.2% שקי,,,גאודה בקר 31.2% שקי,קילוגרמים,1.00,"ק""ג",true,,75.00,75.0000,true,1,214227
7290000632220,false,שריר הזרוע מס 8 מוכש,,,שריר הזרוע 8 מוכשר ב,קילוגרמים,1.00,"ק""ג",true,,39.90,39.9000,true,1,214628
7290000654546,false,פילה אמנון קפוא 100% דג,תנובה,IL,פילה אמנון 7-9 100%,קילוגרמים,1.00,"ק""ג",true,,39.90,39.9000,true,1,254667
7290000655376,false,פילה דניס קפוא תנובה,דגי תנובה,TR,פילה דניס קפוא,קילוגרמים,1.00,"ק""ג",true,,89.90,89.9000,true,1,63881
7290000658926,false,"פילה מרלוזה קפוא 100% ""תנובה""",דגי תנובה,AR,פילה מרלוזה קפוא 100,קילוגרמים,1.00,"ק""ג",true,,32.90,32.9000,true,1,99144
7290000659312,false,דגי תנובה פילה סלומון קפוא בוואקום,דגי תנובה,IL,דגי תנובה פילה סלמון,קילוגרמים,1.00,"ק""ג",true,,79.90,79.9000,true,1,29282
7290000662817,false,סלמון מעושן 100 גרם נורבגי,דגי תנובה,צ'ילה (TDE),סלמון מעושן פרוס 100,גרמים,100.00,100 גרם,false,,21.90,21.9000,true,1,295275
7290000663036,false,פילה אמנון קפוא ללא עור 100% דג תנובה,דגי תנובה,IL,פילה אמנון ללא עור 1,קילוגרמים,1.00,"ק""ג",true,,44.90,44.9000,true,1,319283
7290000663135,false,קוביות סלמון 100% דג קפוא 300 גרם,commercial mares de,CL,קוביות סלמון 300 גרם,גרמים,300.00,100 גרם,false,,32.90,10.9667,true,1,340271
7290000663166,false,דג פילה הייק דרום אפריקאי,דגי תנובה,,פילה הייק דרום אפריק,קילוגרמים,1.00,"ק""ג",true,,49.90,49.9000,true,1,340256
7290000688084,false,מים מינרליים פקק ספו,מופק ממקור בזלתי עדן,IL,מי עדן 1/2 ליטר ספור,מיליליטרים,500.00,"100 מ""ל",false,,3.50,0.7000,true,1,13504
7290000688176,false,מים מינרליים בייבי מ,מופק ממקור בזלתי עדן,IL,"מי עדן בייבי 330 מ""ל",מיליליטרים,250.00,"100 מ""ל",false,,2.90,1.1600,true,1,13506
7290000688374,false,"מי עדן בייבי 250 מ""ל מארז שישייה","מי עדן בע""מ",IL,"מי עדן בייבי 330 מ""ל",ליטרים,1.98,ליטר,false,,16.90,8.5354,true,1,13507
7290000688381,false,שישיית מי עדן פקק ספורט 0.5 ליטר,"מי עדן בע""מ",IL,מי עדן פקק ספורט 6*5,ליטרים,3.00,ליטר,false,,15.90,5.3000,true,1,13508
7290000688466,false,מים מינרלים פקק ספור,מופק ממקור בזלתי עדן,IL,מי עדן ג'ים 750מל,מיליליטרים,750.00,"100 מ""ל",false,,3.90,0.5200,true,1,13509
7290000688503,false,"מים מינרלים פקק ספורט מי עדן 6*750 מ""ל","מי עדן בע""מ",IL,מי עדן ג'ים 6*750מל,ליטרים,4.50,ליטר,false,,18.90,4.2000,true,1,13510
7290000692203,false,נוזל לניקוי כללי ורצפות בניחוח לימון אג'קס 2 ליטר,הנסיך- מפעל לייצור ט,GR,אג'קס ניקוי כללי ורצ,ליטרים,2.00,ליטר,false,,24.90,12.4500,true,1,24716
7290000692456,false,אג'קס חלונות זוג 750*2 מל ספריי ורפיל,הנסיך- מפעל לייצור ט,GR,אגקס חלונות זוג,ליטרים,1.50,ליטר,false,,27.90,18.6000,true,1,24721
7290000725600,false,גבינת חריץ סקנדינבית,,,סקנדינבית חריץ מע.,קילוגרמים,1.00,"ק""ג",true,,78.00,78.0000,true,1,28317
7290000739247,false,פסטרמה איטלקית זוגלו,,,פסט. איטלקית זוגלובק,קילוגרמים,1.00,"ק""ג",true,,89.00,89.0000,true,1,43943
7290000900313,false,פסט. ספרדית ט.צבי מע,,,פסט. ספרדית ט.צבי מע,קילוגרמים,1.00,"ק""ג",true,,89.00,89.0000,true,1,27993
7290000900436,false,טירת צבי פסטרמה איטל,,,פסט.איטלקית ט.צבי מע,קילוגרמים,1.00,"ק""ג",true,,89.00,89.0000,true,1,27996
7290000910291,false,פלפל צ`ילי,,,פלפל צ`ילי,גרמים,100.00,100 גרם,false,,7.90,7.9000,true,1,2677
7290000934701,false,טחון עגל כשר טרי,,,טחון עגל כשר טרי,קילוגרמים,1.00,"ק""ג",true,,49.90,49.9000,true,1,3418
7290000934730,false,צלעות עגל כשר טרי,,,צלעות עגל כשר טרי,קילוגרמים,1.00,"ק""ג",true,,79.90,79.9000,true,1,3427
7290000956012,false,פטאקי 18% שומרון,,,פטאקי 18% שומרון,קילוגרמים,1.00,"ק""ג",true,,43.00,43.0000,true,1,16839
7290000982393,false,סיימן ברס בלו במשקל,,,סיימן ברס בלו במשקל,קילוגרמים,1.00,"ק""ג",true,,199.00,199.0000,true,1,19132
7290001041123,false,שקדים מולבנים פרוסים מיה 100 גרם,מיה תעשיות מזון,IL,מיה שקד מולבן פרוס 1,גרמים,100.00,100 גרם,false,,12.80,12.8000,true,1,53866
7290001041260,false,שומשום מיה 400 גרם,"מיה תעשיות מזון בע""מ",IL,שומשום מיה 400 גרם,גרמים,400.00,100 גרם,false,,13.90,3.4750,true,1,16949
7290001045169,false,פרימור סחוט תפוחי עץ צלול 1 ל',"גניר (1992) בע""מ",IL,פרימור מיץ תפוחים צל,ליטרים,1.00,ליטר,false,,17.20,17.2000,true,1,26051
7290001045688,false,"פרימור סחוט 400 מ""ל- תפוזים",פרימור,IL,פרימור מיץ תפוזים 40,מיליליטרים,400.00,"100 מ""ל",false,,8.50,2.1250,true,1,26056
7290001121054,false,צמד חמד נקניק 700 ג' יחיעם,תאי פרזידנט פוד פאבל,IL,יחיעם צמד חמד 700 גר,גרמים,700.00,100 גרם,false,,32.90,4.7000,true,1,17761
7290001121238,false,נקניק קורנדביף 4% יחיעם 180 גרם,מעדני יחיעם 1993,IL,יחיעם קורנד ביף 180,גרמים,180.00,100 גרם,false,,27.90,15.5000,true,1,17763
7290001121979,false,נקניק סלמי הרץ מעדני יחיעם 150 גרם,תאי פרזידנט פוד פאבל,IL,יחיעם סלמי הרץ 150ג,גרמים,150.00,100 גרם,false,,27.90,18.6000,true,1,17772
7290001123775,false,שווארמה אמיתית פרגיות טיבון ויל 500 גרם,"טיבול ויל אחזקות בע""",IL,שווארמה פרגיות 500 ג,גרמים,500.00,100 גרם,false,,27.90,5.5800,true,1,19624
7290001123782,false,שווארמה אמיתית הודו טיבון ויל 500 גרם,קריות זול,IL,שווארמה הודו 500 גרם,גרמים,500.00,100 גרם,false,,27.90,5.5800,true,1,19625
7290001136287,false,"שמפו לשיער רגיל בבושם פרחים נקה 7 750 מ""ל","אמיליה קוסמטיקס בע""מ",IL,שמפו רגיל ירוק נקה 7,מיליליטרים,750.00,"100 מ""ל",false,,12.90,1.7200,true,1,33164
7290001136294,false,"שמפו לשיער יבש בבישום פרחים נקה 7 750 מ""ל","אמיליה קוסמטיקס בע""מ",IL,שמפו יבש אדום נקה 7,מיליליטרים,750.00,"100 מ""ל",false,,12.90,1.7200,true,1,33165
7290001136362,false,נקה 7 תחליב רחצה אלוורה ארומה ירוק 1 ל',מיוצר בסין.יבוא ושיו,IL,תחליב רחצה אלוורה ות,יחידה,0.00,יחידה,false,,16.90,0.0000,true,1,33167
7290001136683,false,"מרכך לשיער רגיל בבושם פרחים נקה 7 750 מ""ל","אמיליה קוסמטיקס בע""מ",IL,מרכך רגיל ירוק נקה 7,מיליליטרים,750.00,"100 מ""ל",false,,12.90,1.7200,true,1,33169
7290001201589,false,ביצים 12\l גדול-מחיר בפיקוח,"מ.לסר בע""מ",IL,12 ביצים L מ.לסר,יחידה,0.00,יחידה,false,,12.05,0.0000,true,1,15935
7290001201596,false,ביצים אריזון 12 בינוני,,,12 ביצים M מ.לסר,יחידה,0.00,יחידה,false,,11.15,0.0000,true,1,15936
7290001201824,false,תבנית ביצים 12 יח' לארג' אורגני,לסר,IL,12 ביצים L אורגני מ,יחידה,0.00,יחידה,false,,24.90,0.0000,true,1,15943
7290001201862,false,ביצי חופש לארג' 12 יחידות,לסר,IL,12 ביצים חופש L מ. ל,יחידה,0.00,יחידה,false,,21.90,0.0000,true,1,15945
7290001201893,false,ביצים אומגה M 12 יח,,,12 ביצים M אומגה 3,יחידה,0.00,יחידה,false,,18.90,0.0000,true,1,95764
7290001216040,false,טחינה גולמית שומשום טהור אל ארז 500 גרם,דולפין ספא,IL,טחינה אל ארז 100% שו,גרמים,500.00,100 גרם,false,,18.90,3.7800,true,1,39450
7290001216057,false,"טחינה גולמית אל ארז 1 ק""ג",טחינה אל ארז,IL,טחינה אל ארז 100% שו,קילוגרמים,1.00,"ק""ג",false,,32.90,32.9000,true,1,39451
7290001216101,false,"טחינה מלא ""אל ארז"" 1 ק""ג",טחינה אל ארז,IL,טחינה אל ארז 100% שו,קילוגרמים,1.00,"ק""ג",false,,35.90,35.9000,true,1,466281
7290001216231,false,טחינה גולמית שומשום מלא אל ארז 500 גרם,דולפין ספא,IL,טחינה מלאה 100% שומש,גרמים,500.00,100 גרם,false,,19.90,3.9800,true,1,39458
7290001230331,false,סיגריות כאמל בוקס חפ,Unknown,,כאמל בוקס קופסא בודד,יחידה,0.00,יחידה,false,,33.00,0.0000,false,1,5913
7290001231932,false,ווינסטון כחול בוקס חפיסה,Unknown,,וינסטון קופסא בודדת,יחידה,0.00,יחידה,false,,34.00,0.0000,false,1,5918
7290001245705,false,אקונומיקה מבושמת טאצ' 4 ליטר,סאסאטק,IL,אקונומיקה מבושמת 4 ל,ליטרים,4.00,ליטר,false,,10.90,2.7250,true,1,151756
7290001245729,false,ג'ל כביסה ירוקה טאצ 3 ליטר סלקט,,,ג'ל כביסה ירוק 3 ליט,ליטרים,1.00,ליטר,false,,19.90,19.9000,true,1,151773
7290001246054,false,פותח סתימות 1 ליטר טאצ,סאסאטק,IL,פותח סתימות 1 ליטר ט,ליטרים,1.00,ליטר,false,,15.90,15.9000,true,1,151787
7290001246061,false,מרכך מרוכז פרפיום פנטזי טאצ 1ל',סאסאטק,IL,מרכך פרימיום פנטזי 1,ליטרים,1.00,ליטר,false,,14.90,14.9000,true,1,151788
7290001246078,false,מרכך מרוכז פרפיום סנשואל טאצ' 1 ל',סאסאטק,IL,מרכך פרימיום סנשואל,ליטרים,1.00,ליטר,false,,14.90,14.9000,true,1,151789
7290001246085,false,טאצ' מרסס ניקוי חלונות 1 ליטר,,,תרסיס מנקה חלונות 1,ליטרים,1.00,ליטר,false,,6.90,6.9000,true,1,151758
7290001246528,false,מרכך כביסה מרוכז פרפיום מיסטרי טאצ' 1 ל',סאסאטק,IL,מרכך כביסה מרוכז פרפ,ליטרים,1.00,ליטר,false,,14.90,14.9000,true,1,198403
7290001246634,false,"טאצ' נוזל אסלות ע""ב חומצה 1 ליטר",,,נוזל אסלות על בסיס ח,ליטרים,1.00,ליטר,false,,8.90,8.9000,true,1,198409
7290001246801,false,נוזל רצפות פרקט טאצ' 2 ליטר,,,נוזל רצפות פרקט טאצ',ליטרים,2.00,ליטר,false,,19.90,9.9500,true,1,198412
7290001247068,false,קרטונית נקטר ספרינג תות בננה 1 ליטר,"יפאורה תבורי בע""מ",IL,ספרינג תות בננה קרטו,ליטרים,1.00,ליטר,false,,7.90,7.9000,true,1,13513
7290001247082,false,מיץ עגבניות רכיבים טבעיים ספרינג 1 ליטר,"יפאורה תבורי בע""מ",IL,ספרינג עגבניות קרטונ,ליטרים,1.00,ליטר,false,,7.90,7.9000,true,1,13515
7290001247099,false,קרטונית נקטר ספרינג מנגו 1 ליטר,"יפאורה תבורי בע""מ",IL,ספרינג מנגו קרטונית,ליטרים,1.00,ליטר,false,,7.90,7.9000,true,1,13516
7290001247105,false,קרטונית נקטר ספרינג אפרסק 1 ליטר,"יפאורה תבורי בע""מ",IL,ספרינג נקטר אפרסק 1ל,ליטרים,1.00,ליטר,false,,7.90,7.9000,true,1,13517
7290001247112,false,קרטונית נקטר ספרינג לימונענע 1 ליטר,"יפאורה תבורי בע""מ",IL,ספרינג לימונענע קרטו,ליטרים,1.00,ליטר,false,,7.90,7.9000,true,1,13518
7290001247129,false,נקטר ספרינג תפוזים קרטונית 1 ל',"יפאורה תבורי בע""מ",IL,ספרינג תפוז קרטונית,ליטרים,1.00,ליטר,false,,7.90,7.9000,true,1,13519
7290001247143,false,קרטונית נקטר ספרינג תפוחים 1 ליטר,"יפאורה תבורי בע""מ",IL,ספרינג תפוח קרטונית,ליטרים,1.00,ליטר,false,,7.90,7.9000,true,1,13521
7290001274934,false,"שמיניית גלידל פרי לימון ""פלדמן""",הגלידות של פלדמן,IL,פופסיקל בטעם לימון 8,גרמים,640.00,100 גרם,false,,29.90,4.6719,true,1,40931
7290001274941,false,"שמיניית גלידל פרי פטל ""פלדמן""",הגלידות של פלדמן,IL,פופסיקל בטעם פטל 8 י,גרמים,640.00,100 גרם,false,,29.90,4.6719,true,1,40932
7290001305188,false,"נוזל לניקוי כלים בריח לימון פלמוליב 750 מ""ל",יבואן ומשווק: ש. שסט,GR,פלמוליב לכלים פריחת,מיליליטרים,750.00,"100 מ""ל",false,,12.90,1.7200,true,1,24730
7290001327791,false,גלידת קרמיסימו וניל עוגיות חלבי,"גלידת שטראוס בע""מ, ר",IL,קרמיסימו עוגיות 1.33,ליטרים,1.33,ליטר,false,,22.90,17.2180,true,1,6062
7290001407127,false,פרוסות חלבה קלאסית בטעם וניל בארכה 400 גרם,רושדי תעשיות מזון בע,,פרוסות חלבה וניל באר,גרמים,400.00,100 גרם,false,,19.90,4.9750,true,1,22604
7290001407547,false,טחינה גולמית משומשום מלא פי 6 בארכה 500ג',רושדי תעשיות מזון בע,IL,בארכה טחינה שומשום מ,גרמים,500.00,100 גרם,false,,19.90,3.9800,true,1,22608
7290001407769,false,טחינה גולמית שומשום מלא בארכה 500 גרם,רושדי תעשיות מזון בע,IL,בארכה טחינה עם שומשו,גרמים,500.00,100 גרם,false,,19.90,3.9800,true,1,22611
7290001407813,false,חלבה שאמית פיסטוק בקטנה בארכה 350ג',רושדי תעשיות מזון בע,IL,חלבה שאמית וניל עם פ,גרמים,350.00,100 גרם,false,,16.90,4.8286,true,1,22612
7290001407820,false,חלווה שאמית וניל קלאסית בארכה 350ג',רושדי תעשיות מזון בע,IL,חלבה שאמית וניל בארכ,גרמים,350.00,100 גרם,false,,16.90,4.8286,true,1,22613
7290001407844,false,חלבה קלאסית בטעם וניל בארכה 350 גרם,רושדי תעשיות מזון בע,IL,חלבה קלאסית וניל באר,גרמים,350.00,100 גרם,false,,19.90,5.6857,true,1,22615
7290001407936,false,בארכה-טחינה גולמית מעודנת בקבוק לחיץ 310 ג',רושדי תעשיות מזון בע,IL,בארכה טחינה מעודנת 3,גרמים,310.00,100 גרם,false,,14.90,4.8065,true,1,22616
7290001419618,false,וופל בלגי עלמה שחור לבן וניל 200ג',"גילרו בע""מ",IL,וופל עלמה בלגי שוקו,גרמים,200.00,100 גרם,false,,4.90,2.4500,true,1,49854
7290001419793,false,גביעי גלידה מגולגל עלמה גילרו 30 יח',"גילרו בע""מ",IL,גביעים מגולגלים עלמה,גרמים,120.00,100 גרם,false,,13.00,10.8333,true,1,119559
7290001427019,false,קשת מיץ תפוזים טבעי 500 מל,קשת מיצים,IL,מיץ תפוזים טבעי 100%,מיליליטרים,500.00,"100 מ""ל",false,,17.90,3.5800,true,1,338453
7290001427033,false,מיץ תפוחים רכיבים טב,"פריניב בע""מ",IL,קשת מיץ תפוחים טבעי,ליטרים,1.00,ליטר,false,,17.90,17.9000,true,1,50731
7290001427347,false,מיץ תפוחים 100% סחוט תוז סמית 1לי,פרי ניב,IL,מיץ תפוחים 100% סחוט,ליטרים,1.00,ליטר,false,,21.90,21.9000,true,1,369094
7290001427453,false,מיצי קשת 1 ליטר - תפוחים פינק ליידי,פרי ניב,IL,מיץ תפוחים מצונן טעם,ליטרים,1.00,ליטר,false,,21.90,21.9000,true,1,320723
7290001459942,false,"אפונה וגזר 800 גר' בד""ץ (ממותג)",,,אפונה וקוביות גזר בל,גרמים,800.00,100 גרם,false,,12.90,1.6125,true,1,477914
7290001461761,false,לחמניה קשר 110 גרם,,,לחמניה קשר 110 גרם,יח',1.00,יח',false,,3.00,3.0000,true,1,116665
7290001482094,false,גבינה פרמז'נו משולשים ויליפוד 200ג',זנטי אס. אי לאלין,IT,וילי פוד פרמזן משולש,גרמים,200.00,100 גרם,false,,27.90,13.9500,true,1,4825
7290001485019,false,גבינת שמנת 5% טעם טבעי 200 ג' טרה,קריות זול,IL,טרה גבינת שמנת טבעי,גרמים,200.00,100 גרם,false,,11.90,5.9500,true,1,8404
7290001491010,false,תה ירוק יסמין ויסוצקי 25 יחידות,תה ויסוצקי,IL,תה ירוק עם יסמין T.T,גרמים,37.50,100 גרם,false,,26.90,71.7333,true,1,27362
7290001491096,false,תה ירוק בתוספת לימונית ולואיזה 50 שקיקים ויסוצקי,תה ויסוצקי,IL,תה ירוק בתוספת לימונ,גרמים,75.00,100 גרם,false,,49.50,66.0000,true,1,27363
7290001567760,false,פסטרמה של פעם 300 ג' יחיעם,מעדני יחיעם,IL,פסטרמה של פעם 300 גר,גרמים,300.00,100 גרם,false,,29.90,9.9667,true,1,17780
7290001567814,false,סלמי מעושן בסגנון איטלקי 300 ג' יחיעם,מעדני יחיעם,IL,סלמי מעושן בסגנון אי,גרמים,300.00,100 גרם,false,,26.90,8.9667,true,1,17785
7290001594155,false,"קוקה-קולה בבקבוק אישי 500 מ""ל",החברה המרכזית לייצור,IL,קוקה קולה 500מל,מיליליטרים,500.00,"100 מ""ל",false,,7.90,1.5800,true,1,8415
7290001594179,false,"פאנטה אורנג' בבקבוק אישי 500 מ""ל",החברה המרכזית לייצור,IL,פאנטה אורנג' 500 בקב,מיליליטרים,500.00,"100 מ""ל",false,,7.90,1.5800,true,1,8416
7290001594377,false,פריגת תפוזים 0.5 ליטר חייב בפקדון,מבשלות בירה בינלאומי,IL,פריגת משקה תפוזים 50,מיליליטרים,500.00,"100 מ""ל",false,,7.90,1.5800,true,1,8890
7290001594520,false,"טובורג בקבוק 330 מ""ל פקדון",מבשלות בירה בינלאומי,IL,טובורג רד בקבוק פקדו,מיליליטרים,330.00,"100 מ""ל",false,,8.90,2.6970,true,1,66792
7290001594858,false,"טובורג רד שישייה בקבוק 330 מ""ל",קרלסברג ישראל,IL,טובורג רד בקבוק פקדו,ליטרים,1.98,ליטר,false,,44.90,22.6768,true,1,8902
7290001594865,false,"קרלסברג בירה בקבוק 6* 330 מ""ל",קרלסברג ישראל,IL,קרלסברג בירה בקבוק 6,ליטרים,1.98,ליטר,false,,44.90,22.6768,true,1,66799
7290001696620,false,מיקס פיצוחים 350 גר',,,מיקס פיצוחים 350 גר',גרמים,350.00,100 גרם,false,,12.90,3.6857,true,1,116122
7290001696729,false,פקאן טבעי 100 גרם פיצוחי חממה,,,פקאן טבעי 100 גרם,גרמים,100.00,100 גרם,false,,16.90,16.9000,true,1,1651
7290001713242,false,עלמה שקיות אשפה 25 יחידות 75*90 עם ידית,אסיר פלסט,TR,"שקיות אשפה 25 י""ח 75",יחידה,0.00,יחידה,false,,13.90,0.0000,true,1,415632
7290001780428,false,מאגדת גלידת לייט שוקולד נסטלה 6יח' 312ג',גלידות נסטלה (נגה גל,IL,נסטלה לייט 6 שלגוני,גרמים,312.00,100 גרם,false,,33.90,10.8654,true,1,18304
7290001791349,false,פיסגה אקונומיקה ריחנית סנו 4 ליטר,"סנו מפעלי ברונוס בע""",IL,אקונומיקה ריחנית פסג,ליטרים,4.00,ליטר,false,,12.90,3.2250,true,1,33236
7290001817377,false,צ'יטוס חטיף איקס עיגול פיצה 60 גרם,"שטראוס פריטו ליי בע""",IL,ציטוס איקס עיגול 60ג,גרמים,60.00,100 גרם,false,,3.90,6.5000,true,1,26622
7290001817728,false,צ'יטוס אפוי כאפה בטעם קטשופ 55 גרם,"שטראוס פריטו ליי בע""",IL,ציטוס כאפה 55 גרם,גרמים,55.00,100 גרם,false,,3.90,7.0909,true,1,26624
7290001865453,false,פמילי לקשרי 1 ליטר לבנדר ארומטי+משאבה,מיוצר עי קונדיטוריית,IL,סבון נוזלי לבנדר+ מש,יחידה,0.00,יחידה,false,,11.90,0.0000,true,1,7688
7290001975992,false,"בירה ויינשטפן 330 מ""ל בקבוק",קרלסברג יבוא יצוא,,"בירה ויינשטפן 330 מ""",מיליליטרים,330.00,"100 מ""ל",false,,14.20,4.3030,true,1,427188
7290001990117,false,שומשום סוגת 100 גרם,האי נאם סי או אל.טי.,IL,שומשום 100 גרם,גרמים,100.00,100 גרם,false,,3.90,3.9000,true,1,20674
7290001990148,false,"סוכר גולדן קלאסי בצנצנת 1 ק""ג סוגת",האי נאם סי או אל.טי.,IL,סוכר גולדן קלאסי בצנ,קילוגרמים,1.00,"ק""ג",false,,14.50,14.5000,true,1,20675
7290001990278,false,"שעועית לבנה סוגת 1 ק""ג","סוגת תעשיות בע""מ",IL,סוגת שעועית לבנה 1 ק,קילוגרמים,1.00,"ק""ג",false,,20.90,20.9000,true,1,20677
7290001990391,false,אפונה יבשה 1קג סוגת,"סוגת תעשיות בע""מ",IL,"אפונה 1 ק""ג",קילוגרמים,1.00,"ק""ג",false,,14.40,14.4000,true,1,20679
7290001990407,false,"עדשים ירוקים 1 ק""ג סוגת","סוגת תעשיות בע""מ",IL,עדשים ירוקים 1 קג,קילוגרמים,1.00,"ק""ג",false,,17.90,17.9000,true,1,20680
7290001990414,false,"עדשים אדומים יבש סוגת 1 ק""ג","סוגת תעשיות בע""מ",IL,סוגת עדשים אדומים 1,קילוגרמים,1.00,"ק""ג",false,,17.90,17.9000,true,1,20681
7290001990421,false,"פופקורן גרעינים סוגת 1 ק""ג","סוגת תעשיות בע""מ",IL,"סוגת פופקורן 1 ק""ג",קילוגרמים,1.00,"ק""ג",false,,12.90,12.9000,true,1,20682
7290002008187,false,קשים לשתיה מתקפלים 40 יח',"איטיליאן פוד, אס.פי.",CN,קש לשתיה מתקפל 40יח,יחידה,0.00,יחידה,false,,2.50,0.0000,true,1,9677
7290002008989,false,קישקשים קשים לשתיה 225יח הנמל,הנמל אריזות ושיווק ב,CN,קישקשים 225 יח,יחידה,0.00,יחידה,false,,10.90,0.0000,true,1,9702
7290002026341,false,צ'יפס אריסטו רגיל שקיות רשת,האי נאם סי או אל.טי.,CA,אריסטו קראנץ-ציפס בט,גרמים,500.00,100 גרם,false,,17.90,3.5800,true,1,135214
7290002026365,false,טבעות בצל אריסטו קראנץ 500 ג',היידי שוקולד בירונטי,IL,טבעות בצל 500 גרם,גרמים,500.00,100 גרם,false,,10.90,2.1800,true,1,379363
7290002043102,false,פריכיות 7 זרעי על אריזת חיסכון 200 גרם,מימונס אפיה,BG,פריכיות 7 זרעי על אר,גרמים,200.00,100 גרם,false,,18.20,9.1000,true,1,261904
7290002043218,false,ציפס אורז חום מלא מלח אקסטרא 60 ג',מימונס אפיה,BG,אקסטרא צ'יפס מלח ואו,גרמים,60.00,100 גרם,false,,9.40,15.6667,true,1,301077
7290002043232,false,אקסטרה ציפס משפחתי טקסס ברביקיו 120 גר,מימונס אפיה,BG,חטיף צ'יפס משפחתי בט,גרמים,120.00,100 גרם,false,,13.80,11.5000,true,1,412328
7290002043331,false,ציפס אורז חום מלא כוסמת אקסטרא 60 ג',,BG,צ'יפס כוסמת אקסטרה 6,גרמים,60.00,100 גרם,false,,9.40,15.6667,true,1,286728
7290002043782,false,ציפס אורז חום מלא טקסס ברביקיו אקסטרא 60 ג',מימונס אפיה,BG,צ'יפס טקסס ברבקיו אק,גרמים,60.00,100 גרם,false,,9.40,15.6667,true,1,261876
7290002053088,false,אטריות ביצים דקיקות מספר 8 אוריינט 200 גרם,פ.פ.ח טאביט,PL,אטריות ביצים מס' 8 א,גרמים,210.00,100 גרם,false,,8.90,4.2381,true,1,66452
7290002053538,false,נודלס תאילנדי אורינטל 400 גר + 25% תוספת,פ.פ.ח. טאביה ספ זאו.או,PL,נודלס אוריינט 400 גר,גרמים,500.00,100 גרם,false,,14.90,2.9800,true,1,196159
7290002057017,false,זיתים נובו ענק A2 יבנה 330ג',שיוך למחסן 17,IL,זיתים נובו ענק קבוצת,גרמים,560.00,100 גרם,false,,10.90,1.9464,true,1,53786
7290002057048,false,זית סורי מתובל בשמן קבוצת יבנה 560 גרם,קבוצת יבנה,IL,זית סורי מבוקע יבנה,גרמים,540.00,100 גרם,false,,12.90,2.3889,true,1,56098
7290002057123,false,זיתים ירוקים מנזנילו קבוצת יבנה 560 גרם,קבוצת יבנה,IL,זיתים חרוזית ירוק קב,גרמים,275.00,100 גרם,false,,10.90,3.9636,true,1,56104
7290002057369,false,מלפפונים במלח בינוני קבוצת יבנה 560 גרם,קבוצת יבנה,IL,מלפפון במלח 10-12 קב,גרמים,560.00,100 גרם,false,,8.90,1.5893,true,1,56114
7290002057376,false,מלפפון יבנה במלח קטנים 13-17 320 גרם,קבוצת יבנה,IL,מלפפון במלח 13-17 קב,גרמים,560.00,100 גרם,false,,10.90,1.9464,true,1,56115
7290002057468,false,מלפפונים בחומץ בינוני קבוצת יבנה 560 גרם,קבוצת יבנה,IL,מלפפון בחומץ 10-12 ק,גרמים,560.00,100 גרם,false,,8.90,1.5893,true,1,56119
7290002057734,false,זיתים חרוזית שחור A2 יבנה 540ג',קבוצת יבנה,IL,זיתים חרוזית מושחר ק,גרמים,560.00,100 גרם,false,,9.90,1.7679,true,1,56126
7290002065555,false,"לחמניות שישיה בשקית ""אנג'ל""",מאפיית שלמה א. אנג'ל,IL,6 לחמניות רכות אנגל,גרמים,450.00,100 גרם,false,,11.90,2.6444,true,1,69182
7290002065616,false,לחם שיפון גרעינים פרוס אחדות 750 גרם,מאפיית שלמה א. אנג'ל,IL,שיפון גרעינים אנגל 7,גרמים,750.00,100 גרם,false,,14.90,1.9867,true,1,69183
7290002065623,false,לחם שיפון של פעם כפרי פרוס אורנים 750 גרם,מאפיית שלמה א. אנג'ל,IL,לחם שיפון כפרי אנגל,גרמים,750.00,100 גרם,false,,14.90,1.9867,true,1,69184
7290002107385,false,גליל גבינת עיזים מה עז משק צוריאל 180 גרם,מחלבת משק צוריאל,IL,צוריאל גליל גבינת עי,גרמים,180.00,100 גרם,false,,27.90,15.5000,true,1,8425
7290002109488,false,קבב 100% אמיתי טיבון ויל 440 גרם,טיבון ויל,IL,קבב אמיתי 100% 440 ג,גרמים,440.00,100 גרם,false,,24.90,5.6591,true,1,19666
7290002111085,false,"רוטב עגבניות 22% ""פרי מבורך"" 100 גרם",פרי מבורך,IL,רוטב עגבניות 22% פרי,גרמים,100.00,100 גרם,false,,2.50,2.5000,true,1,10708
7290002111122,false,רסק תפוחי עץ בתוספת סוכר פרי מבורך 560 ג,פרי מבורך,IL,"רסק תפו""ע מתוק פרי מ",גרמים,560.00,100 גרם,false,,9.90,1.7679,true,1,10709
7290002111696,false,עגבניות מרוסקות פרי מבורך 800 גרם,פרי מבורך,IL,עגבניות מרוסקות פרי,גרמים,800.00,100 גרם,false,,10.90,1.3625,true,1,10720
7290002129455,false,פיצה איטלקית גדולה 450 גר,,IT,פיצה איטלקית 450 ג,גרמים,450.00,100 גרם,false,,22.90,5.0889,true,1,108889
7290002130567,false,דבש טהור מפרחי בר בזכוכית 350 גרם,מכוורת יד מרדכי שטרא,IL,דבש טהור מפרחי בר בצ,גרמים,350.00,100 גרם,false,,22.90,6.5429,true,1,25360
7290002130574,false,דבש טהור מפרחי בר בזכוכית 500 ג' יד מרדכי,מכוורת יד מרדכי שטרא,IL,דבש טהור מפרחי בר בצ,גרמים,500.00,100 גרם,false,,30.90,6.1800,true,1,25361
7290002130581,false,"דבש טהור מפרחי בר בזכוכית 1 ק""ג",שטראוס גרופ,IL,דבש טהור מפרחי בר בצ,קילוגרמים,1.00,"ק""ג",false,,48.90,48.9000,true,1,25362
7290002204169,true,אגס נאשי מארז,,,אגס נאשי מארז,גרמים,500.00,100 גרם,false,,14.90,2.9800,true,1,482628
7290002253006,false,שום כתוש בצנצנת 200 גר דורות,עיצובים 2020 (3.8),IL,דורות שום כתוש טרי 2,גרמים,200.00,100 גרם,false,,18.90,9.4500,true,1,23386
7290002253105,false,מגשית קוביות שום טרי דורות 80 ג',עיצובים 2020 (3.8),IL,דורות מגשית קוביות ש,גרמים,80.00,100 גרם,false,,15.90,19.8750,true,1,23389
7290002253150,false,קוביות בזיליקום קצוץ דורות 70 גרם,עיצובים 2020 (3.8),IL,בזיליקום טרי קצוץ 70,גרמים,70.00,100 גרם,false,,12.90,18.4286,true,1,23390
7290002253167,false,פטרוזיליה קצוצה דורות 70 גרם,עיצובים 2020 (3.8),IL,פטרוזליה טרייה קצוצה,גרמים,70.00,100 גרם,false,,12.90,18.4286,true,1,23391
7290002255048,false,קובה למרק במילוי בשר,חטיפי אלקיים בעמ,IL,קובה למרק במילוי בשר,גרמים,800.00,100 גרם,false,,23.90,2.9875,true,1,117299
7290002255116,false,קרפלך במילוי בשר חטי,חטיפי אלקיים בעמ,IL,קרפלך במילוי בשר חטי,גרמים,800.00,100 גרם,false,,23.90,2.9875,true,1,117301
7290002255215,false,"עלי סיגר מרובע בד""צ",חטיפי אלקיים בעמ,IL,עלים לסיגר 500ג,גרמים,500.00,100 גרם,false,,11.90,2.3800,true,1,66942
7290002255284,false,"קובה חמוסטה בד""צ חטי",חטיפי אלקיים בעמ,IL,"קובה חמוסטה בד""צ חטי",גרמים,800.00,100 גרם,false,,23.90,2.9875,true,1,117306
7290002255567,false,נקניקיות מצופות בדצ,,,נקניקיות עטופות 700ג,גרמים,700.00,100 גרם,false,,23.90,3.4143,true,1,117312
7290002259640,false,דיימונד רדיד אלומיניום צר 30 ס''מ 7.5 מ'-,ריינולדס מוצרי צריכה,US,רדיד אלומיניום דאיימ,מטרים,7.60,מטר,false,,13.90,1.8289,true,1,5706
7290002317081,false,זיתים נטולי גלעין +20% 670ג A2 מטולה,שימורי מוטולה,IL,זיתים נטולי גלעין 20,גרמים,670.00,100 גרם,false,,12.50,1.8657,true,1,26955
7290002317319,false,מלפפון 650ג בחומץ +20% 7-9 A2 מטולה,שימורי מוטולה,IL,מלפפון בחומץ 7-9 20%,גרמים,670.00,100 גרם,false,,11.40,1.7015,true,1,26971
7290002317661,false,זיתים מנזלינו גדול מ,שימורי מוטולה,IL,זיתים מנזלינו גדול מ,גרמים,560.00,100 גרם,false,,12.50,2.2321,true,1,26995
7290002317678,false,חרוזית צנצנת זיתים 560 ג' מוטולה,,,זיתים נטולי גלעין צנ,גרמים,560.00,100 גרם,false,,12.50,2.2321,true,1,26996
7290002319016,false,אבקת אפיה מיה מארז 10X10 ג',"מיה תעשיות מזון בע""מ",IL,אבקת אפיה 10 יח' מיה,גרמים,100.00,100 גרם,false,,2.90,2.9000,true,1,53889
7290002319023,false,סוכר וניל מיה עשיריו,"מיה תעשיות מזון בע""מ",IL,1/10 סוכר וניל,גרמים,100.00,100 גרם,false,,3.50,3.5000,true,1,53890
7290002319047,false,אגוזי המלך 100 גר' מיה,מיה תעשיות מזון,IL,אגוזי מלך מיה 100 גר,גרמים,100.00,100 גרם,false,,14.70,14.7000,true,1,53892
7290002319061,false,קוקוס טחון מיה 100 גרם,מיה,IL,.קוקוס טחון 100 גר.,גרמים,100.00,100 גרם,false,,4.50,4.5000,true,1,53893
7290002319078,false,שומשום מיה 100 גרם,"מיה תעשיות מזון בע""מ",IL,שומשום 100ג,גרמים,100.00,100 גרם,false,,4.90,4.9000,true,1,53894
7290002319122,false,גריסים יבשים מיה 500 גר',"מיה תעשיות מזון בע""מ",IL,גריסים מיה 500 גרם,גרמים,500.00,100 גרם,false,,5.90,1.1800,true,1,16972
7290002319146,false,שעועית אדומה מיה 500 גרם,"מיה תעשיות מזון בע""מ",IL,שעועית אדומה מיה 500,גרמים,500.00,100 גרם,false,,11.90,2.3800,true,1,53898
7290002319160,false,אפונה ירוקה יבשה מיה 500 ג',"מיה תעשיות מזון בע""מ",IL,אפונה יבשה מיה 500 ג,גרמים,500.00,100 גרם,false,,5.90,1.1800,true,1,53899
7290002319177,false,פופקורן גרעינים מיה 500 גר',"מיה תעשיות מזון בע""מ",IL,פופקורן מיה 500 גרם,גרמים,500.00,100 גרם,false,,6.90,1.3800,true,1,53900
7290002319184,false,עדשים אדומים יבשים מיה 500 גר',"מיה תעשיות מזון בע""מ",IL,עדשים אדומים מיה 500,גרמים,500.00,100 גרם,false,,9.90,1.9800,true,1,53901
7290002319191,false,עדשים ירוקים יבשים מיה 500 גר',"מיה תעשיות מזון בע""מ",IL,עדשים ירוקים מיה 500,גרמים,500.00,100 גרם,false,,7.90,1.5800,true,1,53902
7290002319221,false,מיה חיטה 500 גרם,"מיה תעשיות מזון בע""מ",IL,חיטה מיה 500 גרם,גרמים,500.00,100 גרם,false,,6.50,1.3000,true,1,53905
7290002319344,false,שקדים טבעיים מיה 100 גרם,מיה תעשיות מזון,IL,שקד טבעי מיה 100 גרם,גרמים,100.00,100 גרם,false,,12.80,12.8000,true,1,53909
7290002319375,false,"קורנפלור 200 ג' בד""ץ מיה","מיה תעשיות מזון בע""מ",IL,קורנפלור 250 גר בד`ץ,גרמים,200.00,100 גרם,false,,3.90,1.9500,true,1,16973
7290002319610,false,שקדים טחונים 100 גר' מיה,מיה תעשיות מזון,IL,שקדים טחונים 100 גרם,גרמים,100.00,100 גרם,false,,15.80,15.8000,true,1,53922
7290002319740,false,אגוזי מלך טחונים מיה 100 גרם,מיה תעשיות מזון,IL,אגוז טחון 100 גרם,גרמים,100.00,100 גרם,false,,15.80,15.8000,true,1,53929
7290002319771,false,"תמצית אפיה בטעם וניל מיה 50 מ""ל","מיה תעשיות מזון בע""מ",IL,תמצית אפיה וניל,מיליליטרים,50.00,"100 מ""ל",false,,2.90,5.8000,true,1,53931
7290002319825,false,אבקת סוכר מיה 100 גרם,"מיה תעשיות מזון בע""מ",IL,.אבקת סוכר 100 גר. ב,גרמים,100.00,100 גרם,false,,2.90,2.9000,true,1,53933
7290002327042,false,"בורקס תפו""א 800 גר' שלושת האופים קהילות",שלושת האופים,IL,"בורקס תפו""א 800 ג",גרמים,800.00,100 גרם,false,,22.90,2.8625,true,1,67664
7290002327059,false,"בצק עלים 1 ק""ג שלושת האופים קהילות",שלושת האופים,IL,בצק עלים 1 ק`ג,קילוגרמים,1.00,"ק""ג",false,,22.90,22.9000,true,1,19688
7290002331025,false,"מים מינרלים נביעות ספורט 500 מ""ל פקדון",נביעות טבע הגליל בעמ,IL,נביעות 1/2 ליטר ספור,מיליליטרים,500.00,"100 מ""ל",false,,4.90,0.9800,true,1,8434
7290002331094,false,"נביעות+ מים טעם ענבים 755מ""ל",נביעות טבע הגליל בעמ,IL,755מל מים מינרלים TO,מיליליטרים,755.00,"100 מ""ל",false,,5.90,0.7815,true,1,8435
7290002331360,false,"נביעות מים מינרליים טו גו מארז 500X6מ""ל",קריות זול,IL,נביעות TO GO שישייה,ליטרים,3.00,ליטר,false,,19.90,6.6333,true,1,8920
7290002344032,false,סחבות מיקרופייבר מא,,,סחבות מיקרופייבר מא,יחידה,0.00,יחידה,false,,14.90,0.0000,true,1,451124
7290002344056,false,מטליות מיקרופייבר 10 יח JUCKY,,,מטליות מיקרופייבר מ,יחידה,0.00,יחידה,false,,14.90,0.0000,true,1,451125
7290002345022,false,אנטריקוט דק דק אל גאצ'ו 250ג' מינוט,"טיבון ויל אחזקות בע""",IL,אנטריקוט דקדק 250 ג,גרמים,250.00,100 גרם,false,,30.90,12.3600,true,1,108729
7290002348061,false,פטריות שמפניון חתוכות 385 ג' וליגיר,גריניארד פריפרד,NL,פטריות חתוכות שמפניו,גרמים,400.00,100 גרם,false,,5.90,1.4750,true,1,19698
7290002353836,false,סרדינים רוברט בשמן זית 115 גרם,קונסרבס פורטוגל נורט,PT,סרדינים רוברט בשמן ז,גרמים,120.00,100 גרם,false,,10.90,9.0833,true,1,19707
7290002360278,false,חליטת תה מנטה פומפדור 20 שקיקים,"איטיליאן פוד, אס.פי.",DE,פומפדור חליטת מנטה 2,גרמים,45.00,100 גרם,false,,17.90,39.7778,true,1,24735
7290002371533,false,דקניקים סלסולי פסטרמה בדבש 120 ג' טירת צבי,הנסיך- מפעל לייצור ט,IL,טירת צבי סלסולי פסטר,גרמים,120.00,100 גרם,false,,16.90,14.0833,true,1,28026
7290002371854,false,"נקניקיות עוף מתובלות 1 ק""ג טירת צבי",הנסיך- מפעל לייצור ט,IL,נקניקיות עוף מתובלות,קילוגרמים,1.00,"ק""ג",false,,31.90,31.9000,true,1,28029
7290002374268,false,שמן חמניות מילומור 1 ליטר,שמן תעשיות,IL,שמן חמניות מילומור 1,ליטרים,1.00,ליטר,false,,13.90,13.9000,true,1,32784
7290002374312,false,"שמן קנולה מילומור 1 ל' עד""ח","נארז ע""י : א.ג. גילר",IL,שמן קנולה מילומור 1,ליטרים,1.00,ליטר,false,,12.90,12.9000,true,1,32785
7290002374640,false,שמן קנולה פלוס אומגה 3 1 ליטר עץ הזית,שמן תעשיות,IL,שמן קנולה פלוס אומגה,ליטרים,1.00,ליטר,false,,19.40,19.4000,true,1,32787
7290002404583,false,"היוצר בראשית קברנה 750 מ""ל ^^^",יקבי ארזה,IL,יין היוצר בראשית קבר,מיליליטרים,750.00,"100 מ""ל",false,,41.90,5.5867,true,1,13818
7290002407348,false,"שמן זית כתית מעולה 750 מ""ל ג'השאן",משק משפחת ג'השאן,IL,שמן זית כתית מעולה ג,מיליליטרים,750.00,"100 מ""ל",false,,34.90,4.6533,true,1,7139
7290002407454,false,שמן זית כתית מעולה ס,,,שמן זית כתית מעולה ס,מיליליטרים,750.00,"100 מ""ל",false,,43.90,5.8533,true,1,7070
7290002502296,false,בונז'ור לחמניה קלועה קנוי 100 ג',בונז'ור,,בונז'ור לחמניוה קלוע,יח',1.00,יח',false,,4.90,4.9000,true,1,38603
7290002512004,false,מלוואח צנעני 900 גרם,צנעני מוצרי בצק,IL,צנעני מלווח 900 גרם,גרמים,900.00,100 גרם,false,,21.90,2.4333,true,1,116549
7290002512066,false,גחנון אפוי צנעני 600 גרם,YOAL,IL,ג'חנון אפוי צנעני 65,גרמים,650.00,100 גרם,false,,22.90,3.5231,true,1,378827
7290002517269,false,"פלפל שחור שלם 350 גרם ""טעם וריח""",תות ממתקי איכות,IL,תבלין פלפל שחור שלם,גרמים,35.00,100 גרם,false,,10.90,31.1429,true,1,50914
7290002517337,false,תבלין אורגנו עלים 20 גר',"תבליני טעם וריח בע""מ",IL,תבלין אורגנו בשקית ט,גרמים,20.00,100 גרם,false,,6.90,34.5000,true,1,50918
7290002517375,false,תבלין בזיליקום 30 גר' שק',"תבליני טעם וריח בע""מ",IL,תבלין בזיליקום בשקית,גרמים,30.00,100 גרם,false,,6.90,23.0000,true,1,50919
7290002517726,false,תבלין מקלות קינמון 15ג',"תבליני טעם וריח בע""מ",IL,תבלין מקל קינמון טעם,גרמים,15.00,100 גרם,false,,6.90,46.0000,true,1,50933
7290002517863,false,תבלין ציפורן טחון 80ג',"תבליני טעם וריח בע""מ",IL,תבלין ציפורן טחון טע,גרמים,40.00,100 גרם,false,,9.90,24.7500,true,1,50943
7290002542780,false,"שישייה בירה סטלה ארטואה בקבוק 330X6 מ""ל",סטלה,BE,סטלה ארטואה בקבוק 6*,ליטרים,1.98,ליטר,false,,40.90,20.6566,true,1,320892
7290002542797,false,"בירה לף בלונד בקבוק 330 מ""ל",לף Leffe,BE,בירה לף בלונד - בק',מיליליטרים,330.00,"100 מ""ל",false,,12.90,3.9091,true,1,341452
7290002543046,false,קלוגס פרוסטיס דגנים וסוכר 750ג',קלוג מנייופרטורינג א,ES,פרוסטיס דגני קלוגס 7,גרמים,750.00,100 גרם,false,,21.90,2.9200,true,1,7232
7290002551003,false,סטארקיסט טונה בשמן בודד 160ג',סטאר קיסט,,טונה סטארקיסט בשמן 1,גרמים,160.00,100 גרם,false,,8.90,5.5625,true,1,29721
7290002608509,false,לחם מחמצת זיתי קלמנט,,,לחם מחמצת זיתי קלמנט,גרמים,530.00,100 גרם,false,,18.90,3.5660,true,1,216050
7290002608523,false,לחם מחמצת כוסמין (בר,פילסברי,,לחם מחמצת כוסמין,גרמים,530.00,100 גרם,false,,18.90,3.5660,true,1,216052
7290002608769,false,לחם מחמצת טוסקני דגנ,פילסברי,,לחם מחמצת טוסקני דגנ,גרמים,530.00,100 גרם,false,,17.90,3.3774,true,1,216054
7290002627210,false,"גפילטעפיש קציצות מדגי קרפיון וכסיף 560 גר' בעל""ז",האי נאם סי או אל.טי.,IL,גפילטע פיש בצנצנת דל,גרמים,560.00,100 גרם,false,,14.90,2.6607,true,1,209207
7290002628927,false,קישקע ממולא קפוא ארו,,,קישקע ממולא קפוא ארו,גרמים,500.00,100 גרם,false,,15.90,3.1800,true,1,94723
7290002692393,false,שמן קנולה מזוכך מועשר עץ הזית 1 ליטר,שמן תעשיות,IL,שמן קנולה מועשר עץ ה,ליטרים,1.00,ליטר,false,,18.40,18.4000,true,1,32790
7290002692478,false,"שמן זית כתית מעולה קלאסי מעודן 750 מ""ל עץ הזית","מרקאולאו, ספרד.אבסה,",IT,שמן זית כתית מעולה מ,מיליליטרים,750.00,"100 מ""ל",false,,37.90,5.0533,true,1,32792
7290002692782,false,"תרסיס שמן זית עץ הזית כתית ללא גז 148מ""ל",י.ב טכנולוגיות אריזה,IL,תרסיס שמן זית עץ הזי,מיליליטרים,200.00,"100 מ""ל",false,,20.90,10.4500,true,1,32801
7290002703068,false,צנצנת דבש עין חרוד 1,עין חרוד,IL,צנצנת דבש עין חרוד 1,קילוגרמים,1.00,"ק""ג",false,,47.90,47.9000,true,1,40521
7290002703358,false,צנצנת דבש עין חרוד 3,עין חרוד,IL,צנצנת דבש עין חרוד 3,גרמים,350.00,100 גרם,false,,19.90,5.6857,true,1,40528
7290002703426,false,דבש לחיץ מכוורת 250,,,דבש לחיץ מכוורת 250,גרמים,250.00,100 גרם,false,,14.90,5.9600,true,1,40530
7290002703617,false,סילאן 100% טבעי לחיץ,,,סילאן 100% טבעי לחיץ,גרמים,385.00,100 גרם,false,,14.90,3.8701,true,1,136195
7290002703662,false,סילאן 100% טבעי צנצנ,,,סילאן 100% טבעי צנצנ,גרמים,900.00,100 גרם,false,,21.90,2.4333,true,1,40531
7290002730262,false,"נוזל לניקוי כלים קלאסי פלמוליב 750 מ""ל",יבואן ומשווק: ש. שסט,GR,פלמוליב לכלים קלאסי,מיליליטרים,750.00,"100 מ""ל",false,,12.90,1.7200,true,1,24740
7290002730521,false,צימרוני אוזניים בלונס בקופסא 200 יח',קריות זול,GR,צמרונים בקופסא בלונס,יחידה,0.00,יחידה,false,,7.90,0.0000,true,1,24743
7290002730811,false,"משחת שיניים ג'ל פסים מרעננים קולגייט 100 מ""ל",הנסיך- מפעל לייצור ט,PL,משחת שיניים גל משפחת,מיליליטרים,100.00,"100 מ""ל",false,,14.80,14.8000,true,1,24747
7290002730958,false,סבון מוצק בניחוח זיתים ואלוורה פלמוליב 4*100 גרם,הנסיך- מפעל לייצור ט,TR,סבון מוצק ירוק זית פ,גרמים,400.00,100 גרם,false,,17.90,4.4750,true,1,24752
7290002735014,false,מלווח ארוז ינון 800 גר',ג'נרל מילס סאן אדריא,IL,ינון מלווח ארוז 800,גרמים,800.00,100 גרם,false,,14.90,1.8625,true,1,118346
7290002735021,false,ינון גחנון ארוז 750גר,ג'נרל מילס סאן אדריא,IL,ינון גחנון ארוז 750,גרמים,750.00,100 גרם,false,,14.90,1.9867,true,1,118347
7290002735113,false,בורקס גבינה ינון 800 גר,,,בורקס גבינה ינון 800,גרמים,800.00,100 גרם,false,,17.90,2.2375,true,1,118348
7290002735274,false,ג'חנון אפוי ינון 600 גרם,ג'נרל מילס סאן אדריא,IL,ינון גחנון אפוי 600,גרמים,600.00,100 גרם,false,,16.90,2.8167,true,1,118352
7290002750338,false,לחם רוסטיק עגבניות מ,פילסברי,,לחם עגבניות מיובשות,גרמים,530.00,100 גרם,false,,17.90,3.3774,true,1,216055
7290002752332,false,"סוכריות מנטוס פירות בגליל, 37.5 גרם",הדקלאים אגודת שיתופי,NL,מנטוס .סוכריות פירות,גרמים,37.50,100 גרם,false,,4.50,12.0000,true,1,15208
7290002752493,false,רביעיה סוכריות מנטה 4* 16 ג' טיק טק,קריות זול,EC,טיק טק 1/4,גרמים,64.00,100 גרם,false,,12.90,20.1563,true,1,50035
7290002753223,false,רביעייה סוכריות תפוז 4*16 ג' טיק טק,קריות זול,EC,טיק טק תפוז 4/1,גרמים,64.00,100 גרם,false,,12.90,20.1563,true,1,50036
7290002757139,false,מלוואח 700 גר' שלושת האופים קהילות,שלושת האופים,IL,שלושת האופים מלוואח,גרמים,700.00,100 גרם,false,,15.90,2.2714,true,1,19748
7290002757511,false,דלידג קציצות דג לבישול 750 גר קהילות,האי נאם סי או אל.טי.,IL,דלידג קציצות דג לביש,גרמים,750.00,100 גרם,false,,35.90,4.7867,true,1,19751
7290002757535,false,בורקס פילו אצבעות גבינה 700 ג' שלושת האופים,שלושת האופים שגמור,IL,בורקס פילו אצבעות גב,גרמים,700.00,100 גרם,false,,21.90,3.1286,true,1,19753
7290002757672,false,המבורגר מזרחי טיבון ויל 400ג',טיבון ויל,IL,המבורגר 400גרם נטו,גרמים,400.00,100 גרם,false,,14.90,3.7250,true,1,19756
7290002768074,false,אל סבון נוזלי רגיל דרמפון 1 ליטר,"אמיליה קוסמטיקס בע""מ",IL,סבון נוזלי דרמופון 1,יחידה,0.00,יחידה,false,,18.90,0.0000,true,1,33258
7290002787198,false,160*3 ויליגר טונה בשמן קנולה,,,טונה בשמן קנולה וילי,גרמים,140.00,100 גרם,false,,6.90,4.9286,true,1,379019
7290002787884,false,"בורקס מקלות פילו תפו""א 3.האופים 600 ג'",שגמור,IL,שלושת האופים מקלות פ,גרמים,600.00,100 גרם,false,,21.90,3.6500,true,1,117921
7290002793311,false,שירות והחלפה מילוי גז 60 סודהסטרים,סודה סטרים,IL,מילוי למכשיר 50,יחידה,0.00,יחידה,false,,60.00,0.0000,true,1,20852
7290002805151,false,סיף פנטסטיק לרצפות בניחוח סחלבים 4ל',יוניליוור ישראל טיפו,IL,סיף פנטסטיק לרצפות ב,ליטרים,4.00,ליטר,false,,24.90,6.2250,true,1,12688
7290002814054,false,סנט מוריץ מתז אנטרטיק מתז 1 ליטר,"קומפלקס כימיקלים בע""",IL,אנטרקטיק במתז 1 ליטר,ליטרים,1.00,ליטר,false,,14.90,14.9000,true,1,141381
7290002814160,false,מסיר שומנים קר סנט מ,,,מסיר שומנים קר סנט מ,יחידה,0.00,יחידה,false,,19.90,0.0000,true,1,134350
7290002814870,false,"סנט מוריץ - מרסס מסיר שומנים קר מבושם לוונדר\פרחים 750 מ""ל",קומפלקס כימיקלים,IL,מסיר שומנים קר מבושם,מיליליטרים,750.00,"100 מ""ל",false,,15.90,2.1200,true,1,138765
7290002824183,false,"גבינה לבנה סקי 500 גרם 5% ""שטראוס"" -מוצר בפיקוח",מיוצר עי קונדיטוריית,IL,גבינה לבנה 5% סקי 50,גרמים,500.00,100 גרם,false,,9.50,1.9000,true,1,26058
7290002824466,false,יוגורט דנונה ביו לבן 0% שומן 200 גרם,"שטראוס בריאות בע""מ",IL,דנונה יוגורט ביו 0%,מיליליטרים,200.00,"100 מ""ל",false,,3.90,1.9500,true,1,26059
7290002824640,false,"גבינת סקי 250 גרם 5% ""שטראוס"" -מוצר בפיקוח",מיוצר עי קונדיטוריית,IL,גבינה 5% סקי 250 גרם,גרמים,250.00,100 גרם,false,,4.98,1.9920,true,1,26060
7290002825722,false,סלט כרוב אדום אחלה 500 גרם,מיוצר עי קונדיטוריית,IL,אחלה כרוב אדום 500ג,גרמים,500.00,100 גרם,false,,16.90,3.3800,true,1,26062
7290002827029,false,מרלבורו פלייבור מיקס,פיליפ מוריס,,סיגריות מרלבורו חפי,יחידה,0.00,יחידה,false,,36.50,0.0000,false,1,32410
7290002868996,false,"קוטג' 5% שומן, רכיבים טבעיים, 250 גרם",קריות זול,IL,טרה קוטג מועשר 5% 25,גרמים,250.00,100 גרם,false,,5.90,2.3600,true,1,8445
7290002871248,false,בירה טובורג רד בבקבוק חוזר,מבשלות בירה בינלאומי,IL,בירה טובורג רד בקבוק,מיליליטרים,500.00,"100 מ""ל",false,,10.90,2.1800,true,1,8943
7290002881216,false,רסק תפוחי עץ דיאט 708 גרם צנצנת,Geurts conservenfabr,,"רסק תפו""ע דיאט תפוחי",גרמים,700.00,100 גרם,false,,12.90,1.8429,true,1,27617
7290002881230,false,חתיכות אננס בסירופ ק,"אניס פארם בע""מ",VN,אננס חתוך תומר 850 ג,גרמים,850.00,100 גרם,false,,11.90,1.4000,true,1,27618
7290002881247,false,פרוסות אננס בסירופ ק,"אניס פארם בע""מ",VN,אננס שלם פרוסות תומר,גרמים,850.00,100 גרם,false,,11.90,1.4000,true,1,27619
7290002881254,false,קוקטייל פירות טרופי תומר 820 ג',סאן רייז,TH,קוקטייל טרופי תומר 8,גרמים,850.00,100 גרם,false,,10.90,1.2824,true,1,27620
7290002881278,false,לפתן אפרסק חצאים תומ,אלבס אס.א.גריק,,אפרסק חצאים תומר 820,גרמים,820.00,100 גרם,false,,10.90,1.3293,true,1,27622
7290002881612,false,לפתן דובדבנים חמוצים 680 גרם,Fructo sliven jsc,BG,לפתן דובדבנים חמוצים,גרמים,700.00,100 גרם,false,,9.90,1.4143,true,1,27640
7290002881742,false,לבבות דקל פרוסות תומר 400 ג',Inaexpo,EC,לבבות דקל פרוסות תומ,גרמים,400.00,100 גרם,false,,10.50,2.6250,true,1,27645
7290002881940,false,סרדינים מרוקאי בשמן חמניות 125ג' תומר,Union des pecheries,,סרדין מרוקאי בשמן תו,גרמים,125.00,100 גרם,false,,6.90,5.5200,true,1,27653
7290002881957,false,סרדינים מרוקאי חריף בשמן חמניות 125ג' תומר,Union des pecheries,,סרדין מרוקאי חריף תו,גרמים,125.00,100 גרם,false,,6.90,5.5200,true,1,27654
7290002900566,false,פסטרמה ברביקיו דל שומן טירת צבי 360 ג',הנסיך- מפעל לייצור ט,IL,פסטרמה ברביקיו דל שו,גרמים,360.00,100 גרם,false,,35.90,9.9722,true,1,28031
7290002909880,false,"פולי סויה - אדממה - 400 גרם (בד""ץ עדה חרדית)",ZHEJIANG,CN,פולי סויה אדממה בלדי,גרמים,400.00,100 גרם,false,,12.90,3.2250,true,1,39905
7290002921240,false,"קרבונה שמפוזר לניקוי שטיחים וריפוד יעקבי 650 מ""ל",קרבונה Carbona,MX,שמפוזר מסיר כתים משט,מיליליטרים,650.00,"100 מ""ל",false,,35.90,5.5231,true,1,13382
7290002922117,false,מקלות קינמון וסוכר חום,אקלר,,מארז עוגיות אקלר 250,100 יח',250.00,100 יח',false,,24.90,9.9600,true,1,397142
7290002923466,false,"בקר טחון טיבון ויל 1 ק""ג",טיבון ויל,IL,טחון בקר 1 ק`ג,קילוגרמים,1.00,"ק""ג",false,,24.90,24.9000,true,1,19800
7290002929642,false,טונה ויליגר 392 גרם בשמן רביעייה,דיאמנט פוד פרודקט קו,TH,טונה בשמן ויליגר רבי,גרמים,560.00,100 גרם,false,,24.90,4.4464,true,1,19810
7290002971955,false,קמח שטיבל חיטה לבן מנופה 1קג,טחנת קמח דגן-שטיבל,IL,קמח לבן 650 ללא צורך,קילוגרמים,1.00,"ק""ג",false,,9.90,9.9000,true,1,11331
7290002971986,false,קמח שיפון ללא צורך ב,טחנת קמח דגן-שטיבל,IL,קמח שיפון ללא צורך ב,קילוגרמים,1.00,"ק""ג",false,,9.90,9.9000,true,1,84166
7290002972365,false,קמח תופח שטיבל 13 ללא צורך בניפוי 1 קג,טחנת קמח דגן-שטיבל,IL,קמח תופח ללא צורך בנ,קילוגרמים,1.00,"ק""ג",false,,9.90,9.9000,true,1,11333
7290002972426,false,קמח שטיבל 80% ללא צורך בניפוי,טחנת קמח דגן-שטיבל,IL,קמח מלא 80% ללא צורך,קילוגרמים,1.00,"ק""ג",false,,9.90,9.9000,true,1,11334
7290002973669,false,"קמח שטיבל ללחם 2 ללא ניפוי 1 ק""ג",טחנת קמח דגן-שטיבל,IL,קמח לחם ללא צורך בני,קילוגרמים,1.00,"ק""ג",false,,9.90,9.9000,true,1,264445
7290002973676,false,"קמח שטיבל לחלה 18 ללא ניפוי 1 ק""ג",טחנת קמח דגן-שטיבל,IL,קמח לחלה ללא צורך בנ,קילוגרמים,1.00,"ק""ג",false,,9.90,9.9000,true,1,264446
7290002973829,false,קמח כוסמין לבן ללא צ,"שטיבל בע""מ",IL,קמח כוסמין לבן ללא צ,קילוגרמים,1.00,"ק""ג",false,,16.90,16.9000,true,1,268043
7290002986652,false,גטניו פתי בר שוקו 470 גרם,"אחים גטניו בע""מ",IL,גטניו - פתיבר שוקו 4,גרמים,470.00,100 גרם,false,,9.90,2.1064,true,1,133228
7290002987963,false,"סלט חומוס אחלה 1 ק""ג",מיוצר עי קונדיטוריית,IL,אחלה חומוס 1קג,קילוגרמים,1.00,"ק""ג",false,,15.90,15.9000,true,1,26063
7290003009183,false,"סירופ דיאט תפוחים פריגת 750 מ""ל",סירופ - גבעת חיים,IL,סירופ דיאט תפוחים פר,מיליליטרים,750.00,"100 מ""ל",false,,23.90,3.1867,true,1,8452
7290003009329,false,בוטן אמריקאי קלית גת 200 ג',הדקלאים אגודת שיתופי,IL,בוטן אמריקאי מצופה 2,גרמים,200.00,100 גרם,false,,6.90,3.4500,true,1,15214
7290003009336,false,קבוקים קליית גת 200 גרם,הדקלאים אגודת שיתופי,IL,קבוקים מצופים 200 גר,גרמים,200.00,100 גרם,false,,6.90,3.4500,true,1,15215
7290003009596,false,"סירופ דיאט אשכוליות פריגת 750 מ""ל",סירופ - גבעת חיים,IL,סירופ דיאט אשכוליות,מיליליטרים,750.00,"100 מ""ל",false,,23.90,3.1867,true,1,8457
7290003011087,false,אורז בסמטי אלפאנט 1 קג,אלסקה/ טילדה,IN,אלסקה אורז בסמטי אלפ,קילוגרמים,1.00,"ק""ג",false,,10.90,10.9000,true,1,6551
7290003015627,false,"נוזל רצפות אפרסק 2 ליטר ""ריצפז פרש""","סנו מפעלי ברונוס בע""",IL,ריצפז פרש אפרסק 2 לי,ליטרים,2.00,ליטר,false,,19.90,9.9500,true,1,33269
7290003015672,false,סנו סופט מפיות צבעוניות חלקות 50 יחידות,סנו סופט,IL,סנו סופט מפיות צבעונ,יחידה,0.00,יחידה,false,,9.90,0.0000,true,1,33272
7290003029181,false,משקה יטבתה שוקו' בקבוק 1ל מהדרין,שטראוס גרופ,IL,יטבתה שוקו בקבוק 1ל,ליטרים,1.00,ליטר,false,,12.90,12.9000,true,1,26067
7290003029372,false,משקה חלב בטעם בננה יטבתה 1 ליטר,שטראוס גרופ,IL,יטבתה משקה חלב בננה,ליטרים,1.00,ליטר,false,,12.90,12.9000,true,1,26070
7290003029389,false,"משקה חלב בננה פקק ספורט 250 מ""ל יוטבתה",שטראוס גרופ,IL,יטבתה משקה חלב בננה+,מיליליטרים,250.00,"100 מ""ל",false,,5.90,2.3600,true,1,26071
7290003029433,false,"משקה יטבתה שוקו פקק 250 מ""ל מהדרין",שטראוס גרופ,IL,יטבתה שוקו +פקק 250,מיליליטרים,250.00,"100 מ""ל",false,,5.90,2.3600,true,1,26072
7290003029532,false,משקה מוקה יטבתה 1 ליטר מהדרין,שטראוס גרופ,IL,יטבתה מוקה 1ל,ליטרים,1.00,ליטר,false,,12.90,12.9000,true,1,26074
7290003029792,false,"משקה יטבתה שוקו שקיות מהדרין מארז 225X8מ""ל",שטראוס גרופ,IL,יטבתה מהדרין שוקו שק,ליטרים,1.80,ליטר,false,,21.90,12.1667,true,1,26076
7290003029815,false,חלב יוטבתה מועשר 3% בכד 2ל',שטראוס גרופ,IL,חלב מועשר בכד2 ליטר,ליטרים,2.00,ליטר,false,,15.90,7.9500,true,1,26077
7290003029907,false,אייס קפה יטבתה 1 ליטר מהדרין,שטראוס גרופ,IL,יטבתה אייס קפה 1ל,ליטרים,1.00,ליטר,false,,12.90,12.9000,true,1,26079
7290003047642,false,תה שחור יילו לייבל 100*1.5 ג' שקיק ליפטון,"יונילוור רוסייה בע""מ",RU,תה ליפטון יילו לייבל,גרמים,150.00,100 גרם,false,,15.90,10.6000,true,1,12690
7290003054183,false,מסטמכר לחם שיפון מלא 500ג,מרום את קונפינו,DE,לחם שיפון מלא מסטמכר,גרמים,500.00,100 גרם,false,,15.90,3.1800,true,1,30495
7290003054190,false,מסטמכר לחם שיפון עם שלושה דגנים 500ג,מרום את קונפינו,DE,לחם שיפון 3 דגנים מס,גרמים,500.00,100 גרם,false,,15.90,3.1800,true,1,30496
7290003054657,false,חרדל ריין דיז'ון אקסטרא פורטה 370 גרם,מרום את קונפינו,FR,חרדל דיג'ון אקסטרא פ,גרמים,370.00,100 גרם,false,,13.90,3.7568,true,1,30500
7290003072835,false,נקניקיות קנאקוורסט דליקטיב,טירת- צבי,IL,טירת צבי נקניקיות קנ,גרמים,320.00,100 גרם,false,,22.90,7.1562,true,1,166215
7290003072859,false,רוסטביף כתף בקר צלוי,הנסיך- מפעל לייצור ט,IL,רוסטביף טירת צבי 120,גרמים,120.00,100 גרם,false,,23.90,19.9167,true,1,218212
7290003075553,false,רגב לאבנה 11% 500 גר,מחלבת רג'ב,IL,רגב 11% לאבנה 500 ג,גרמים,500.00,100 גרם,false,,18.90,3.7800,true,1,39707
7290003102136,false,צמר גפן COTTON SOFT רפואי 100 גר' 3102136,הדקלאים אגודת שיתופי,TR,צמר גפן כוטון סופט 1,גרמים,100.00,100 גרם,false,,5.90,5.9000,true,1,886
7290003107148,false,"קמח לבן דגן 1 ק""ג",טחנות קמח דגן בעמ,IL,"קמח לבן דגן 1 ק""ג",קילוגרמים,1.00,"ק""ג",false,,4.90,4.9000,true,1,11336
7290003107216,false,קמח 1 קג שימורי איכ,טחנות קמח דגן בעמ,IL,"קמח לבן דגן 1 ק""ג",קילוגרמים,1.00,"ק""ג",false,,6.90,6.9000,true,1,11337
7290003107223,false,"סולת לנדא ארוז 1 ק""ג",טחנות קמח דגן בעמ,IL,"סולת חיטה דגן 1 ק""ג",קילוגרמים,1.00,"ק""ג",false,,6.90,6.9000,true,1,11338
7290003107247,false,שטיבל שמרים יבשים 33 גרם,,,שטיבל שמרים יבשים 33,גרמים,33.00,100 גרם,false,,5.90,17.8788,true,1,56140
7290003107315,false,"סולת בד""צ ארוז 1 ק""ג",,,"סולת דגן 1 ק""ג",קילוגרמים,1.00,"ק""ג",false,,4.90,4.9000,true,1,11340
7290003107346,false,טחנת קמח דגן קמח 1 קג,,,קמח חיטה לבן דגן 1 ק,קילוגרמים,1.00,"ק""ג",false,,4.90,4.9000,true,1,11342
7290003119516,false,ארגז בירה שונה ריק 2,,,ארגז בירה שונה ריק 2,יחידה,0.00,יחידה,false,,21.00,0.0000,true,1,139964
7290003126712,false,יוגורט עיזים מחלב מלא 3.7% משק צוריאל 150 גרם,מחלבת משק צוריאל,IL,צוריאל יוגורט עיזים,מיליליטרים,150.00,"100 מ""ל",false,,6.90,4.6000,true,1,8468
7290003141159,false,יוגטה מרשמלו ממתק מוקצף בטעמי תות שדה ווניל 180 גרם,מוטקה החולב,IL,יוגטה מרשמלו 180 גר',גרמים,180.00,100 גרם,false,,8.90,4.9444,true,1,15219
7290003142422,false,גרעיני חמניה בשקית ללא מלח קליית גת 180 גרם,"ג'י אנד ג'י בע""מ",IL,גרעיני חמניה ללא מלח,גרמים,180.00,100 גרם,false,,6.90,3.8333,true,1,15225
7290003143146,false,ממרח תמרים קליית גת 450 גרם,הדקלאים אגודת שיתופי,IL,ממרח תמרים 450 גרם,גרמים,450.00,100 גרם,false,,6.90,1.5333,true,1,15237
7290003145751,false,"קליית גת אגוזי קלויים, 200 גרם",הדקלאים אגודת שיתופי,IL,קשיו קלוי 200 גרם,גרמים,200.00,100 גרם,false,,21.90,10.9500,true,1,15297
7290003145782,false,צנובר רכיבים טבעיים קליית גת 100 גרם,הדקלאים אגודת שיתופי,IL,צנובר טבעי 100 גרם,גרמים,100.00,100 גרם,false,,27.90,27.9000,true,1,15299
7290003145959,false,פקאן טבעי 150 גרם קליית גת,ליימן מותגים,IL,אגוז פקאן טבעי 150 ג,גרמים,150.00,100 גרם,false,,21.90,14.6000,true,1,15300
7290003187843,false,עגל טחון טיבון ויל 500 גרם,מולינו ניקולי s.p.a,IL,טחון עגל 100% בשר 50,גרמים,500.00,100 גרם,false,,29.90,5.9800,true,1,19835
7290003189205,false,הצהובה הטובה לייט קלאסית 9% כפיר 200 גרם,כפיר,,הצהובה הטובה לייט קל,גרמים,200.00,100 גרם,false,,14.90,7.4500,true,1,21866
7290003189267,false,הצהובה הטובה לייט קלאסית 5% כפיר 200 גרם,צי תעשיות מזון יבנה,IL,צהובה הטובה קלאסית כ,גרמים,200.00,100 גרם,false,,15.90,7.9500,true,1,21868
7290003217014,false,תנעמי פיתות מיזרחיות 5*100גר,יוניליוור גרמניה Gm,IL,5 פיתות מזרחיות תנעמ,גרמים,500.00,100 גרם,false,,7.90,1.5800,true,1,6398
7290003220588,false,"רוטה צ'ילי מתוק ללא סוכר 700 מ""ל WOK",תאי פרידה אינדסטרי ב,TH,ווק רוטב צ'ילי מתוק,מיליליטרים,700.00,"100 מ""ל",false,,19.90,2.8429,true,1,378941
7290003220595,false,"ווק אורז לסושי 1 ק""ג WOK","מיה תעשיות מזון בע""מ",IL,אורז לסושי 1 ק'ג WOK,קילוגרמים,1.00,"ק""ג",false,,14.90,14.9000,true,1,378942
7290003220649,false,שמן שומשום 100% טהור,הו צ'קינג הינג אוי פ,SG,שמן שומשום 100% טהור,מיליליטרים,150.00,"100 מ""ל",false,,15.90,10.6000,true,1,378945
7290003220717,false,ווק נורי סילבר 10 דפים WOK,ג'י וואן גלובול נאט,TH,אצות נורי סילוור 10,גרמים,22.00,100 גרם,false,,13.90,63.1818,true,1,378947
7290003220830,false,ווק חומץ אורז יסמין,דיאמונד פריזרוד פודס,TH,חומץ אורז לסושי 500,מיליליטרים,500.00,"100 מ""ל",false,,19.90,3.9800,true,1,378951
7290003229109,false,פסטרמה הודו בפפריקה טירת צבי 400 גרם,הנסיך- מפעל לייצור ט,IL,א.מ .פסטרמה בפפריקה,גרמים,400.00,100 גרם,false,,31.90,7.9750,true,1,28040
7290003229116,false,פסטרמה הודו בדבש 3% טירת צבי 400 גרם,הנסיך- מפעל לייצור ט,IL,א.מ פסטרמה בדבש 400,גרמים,400.00,100 גרם,false,,31.90,7.9750,true,1,28041
7290003229123,false,פסטרמה הודו על גחלים 2% טירת צבי 400 גרם,הנסיך- מפעל לייצור ט,IL,א.מ. פסטרמה על גחלים,גרמים,400.00,100 גרם,false,,31.90,7.9750,true,1,28042
7290003229147,false,נקניק סלמי איטלקי מעושן טירת צבי 300 גרם,הנסיך- מפעל לייצור ט,IL,סלמי בסגנון איטלקי 3,גרמים,300.00,100 גרם,false,,35.90,11.9667,true,1,28043
7290003229154,false,נקניק סלמי קוניאק טירת צבי 300 גרם,הנסיך- מפעל לייצור ט,IL,א.מ. סלמי קוניאק מוב,גרמים,300.00,100 גרם,false,,29.90,9.9667,true,1,28044
7290003229192,false,נקניק כתף בקר מעושן 2% טירת צבי 400 גרם,טיב טירת צבי 2000,IL,א.מ. כתף בקר מעושן 4,גרמים,400.00,100 גרם,false,,34.90,8.7250,true,1,28046
7290003321155,false,יוגורט בר עם פקאן מצופה שוקולד 183 ג' דנונה,"שטראוס בריאות בע""מ",IL,דנונה קראנצ' ששבי פק,מיליליטרים,183.00,"100 מ""ל",false,,4.90,2.6776,true,1,26080
7290003332007,false,קפה נחלה סובחי 250גר,סובחי נחלה ובניו,,קפה נחלה סובחי 250ג,גרמים,250.00,100 גרם,false,,15.90,6.3600,true,1,38348
7290003400500,false,חטיף הרשי ריזס נאטרייגיס 47 גרם,ליימן מותגים,US,חטיף קרמל עם בוטנים,גרמים,47.00,100 גרם,false,,4.90,10.4255,true,1,14994
7290003411573,false,צלחות עמוקות לבן 30 יחידות,אריזות מדף - פלזית,IL,צלחות עמוקות 30יח,יחידה,0.00,יחידה,false,,19.90,0.0000,true,1,9738
7290003423909,false,חטיף הרשי קוקיס קרם לבן 43 גרם,ליימן מותגים,US,קוקיז אנד קרים 43 גר,גרמים,43.00,100 גרם,false,,4.90,11.3953,true,1,14995
7290003427154,false,"שמן זית כתית מעולה טעם מעודן זיתא 750 מ""ל",זיתא – י.ט.ב תעשיות,IL,שמן זית כתית מעולה ז,מיליליטרים,750.00,"100 מ""ל",false,,40.90,5.4533,true,1,27371
7290003438006,false,ממרח אולביה פסטו וצנובר איטלקי 190ג',מיוצר עי קונדיטוריית,IL,אוליביה ממרח פסטו אי,גרמים,180.00,100 גרם,false,,14.90,8.2778,true,1,5331
7290003438020,false,ממרח עגבניות מיובשות אוליביה 190 גרם,מיוצר עי קונדיטוריית,IL,אוליביה ממרח עגבניות,גרמים,190.00,100 גרם,false,,14.90,7.8421,true,1,5333
7290003438709,false,ממרח אולביה זיתים שחורים וירוקים 190 ג',גוד פוד פרודקטס S.p,IL,אוליביה ממרח זיתים ש,גרמים,190.00,100 גרם,false,,14.90,7.8421,true,1,5344
7290003438853,false,אוליביה ממרח אריסה חריפה 185 גר ',אוליביה,IL,אוליביה ממרח אריסה ח,גרמים,185.00,100 גרם,false,,14.90,8.0541,true,1,5345
7290003438990,false,עיטורי עגבניות מיובשות וזיתים אוליביה 280 ג',אוליביה גורמה בעמ,IL,עיטורי עגבניות מיובש,גרמים,220.00,100 גרם,false,,20.90,9.5000,true,1,5348
7290003444009,false,חטיף הרשי ריזס שוקולד חלב 42 גר,ליימן מותגים,US,ריזס שוקולד חלב במיל,גרמים,42.00,100 גרם,false,,3.90,9.2857,true,1,14997
7290003450602,false,חרדל אמיתי צהוב בקבוק לחיץ 255 גר,היינץ צפון אמריקה מקבוצת ה.י.היינץ,US,חרדל אמיתי צהוב בקבו,גרמים,255.00,100 גרם,false,,11.90,4.6667,true,1,30504
7290003457991,false,טילון קורנטו וניל עם וופל ואגוזי לוז מסוכרים,"גלידת שטראוס בע""מ, ר",IL,מאגדת קורנטו קלאסיק,גרמים,300.00,100 גרם,false,,37.90,12.6333,true,1,6077
7290003514007,false,מנה שקדי מרק מנה 400 גרם,מנה Mana,IL,שקדי מרק מנה 400 גרם,גרמים,400.00,100 גרם,false,,8.90,2.2250,true,1,24757
7290003525904,false,סלט טונה פיקנטי ויליגר 3*160 גרם,ויליגר,,סלט טונה פיקנטי וילי,גרמים,480.00,100 גרם,false,,18.90,3.9375,true,1,19849
7290003527380,false,דובדבנים חמוצים בסירופ,גולדסטארקפט,,דובדבן ללא חרצן וילי,גרמים,680.00,100 גרם,false,,9.90,1.4559,true,1,19859
7290003550753,false,טונה פוסידון בשמן רביעיה *108 ג',"מיוצר עי וליגר בעמ,",IL,טונה בהירה בשמן פוסי,גרמים,308.00,100 גרם,false,,23.90,7.7597,true,1,19864
7290003561032,false,בונז'ור בייגל רול דגנים 130ג',בונז'ור,,בונז'ור בייגלה רול ד,יח',1.00,יח',false,,4.90,4.9000,true,1,118880
7290003578108,false,חתיכות אננס בסירופ קל וילי פוד 850 גרם,קריות זול,TH,אננס חתוך ויליפוד 85,גרמים,490.00,100 גרם,false,,9.90,2.0204,true,1,4833
7290003578313,false,דובדבנים חמוצים ללא חרצנים 680גר,דל מונטה היילס אס.אי,HR,דובדבנים חמוצים ללא,גרמים,350.00,100 גרם,false,,10.90,3.1143,true,1,4838
7290003578672,false,ויליפוד שמן חמניות 1 ליטר{בית יוסף},וילי פוד,TR,שמן חמניות 1 ליטר,ליטרים,1.00,ליטר,false,,15.90,15.9000,true,1,4840
7290003643004,false,"סוגת אורז בסמטי קלאסי 1 ק""ג",האי נאם סי או אל.טי.,IL,"סוגת אורז בסמטי 1 ק""",קילוגרמים,1.00,"ק""ג",false,,15.90,15.9000,true,1,20684
7290003643172,false,אבקת סוכר 100 גרם סוגת,א.ל ייצור ושיווק תבל,IL,סוגת אבקת סוכר 100 ג,גרמים,100.00,100 גרם,false,,2.90,2.9000,true,1,20690
7290003643387,false,"סוכר לבן בצנצנת 1 ק""ג סוגת",האי נאם סי או אל.טי.,IL,סוכר לבן בצנצנת סוגת,קילוגרמים,1.00,"ק""ג",false,,9.90,9.9000,true,1,20695
7290003643646,false,"סוכר דמררה קלאסי בצנצנת סוגת 1 ק""ג",האי נאם סי או אל.טי.,IL,סוכר דמררה בצנצנת חו,קילוגרמים,1.00,"ק""ג",false,,14.50,14.5000,true,1,20696
7290003643684,false,אפונה יבשה סוגת 500 גר',האי נאם סי או אל.טי.,IL,אפונה יבשה 500 גרם,גרמים,500.00,100 גרם,false,,8.90,1.7800,true,1,20697
7290003643707,false,סוגת גריסים 500 גרם,"סוגת תעשיות בע""מ",IL,סוגת גריסים 500גר,גרמים,500.00,100 גרם,false,,5.90,1.1800,true,1,20698
7290003643714,false,חומוס גרגירים 500 גרם סוגת,האי נאם סי או אל.טי.,IL,חומוס 500 גרם,גרמים,500.00,100 גרם,false,,8.90,1.7800,true,1,20699
7290003643738,false,סוגת חיטה 500 גרם,האי נאם סי או אל.טי.,IL,סוגת חיטה 500 גר,גרמים,500.00,100 גרם,false,,5.90,1.1800,true,1,20700
7290003643745,false,סוגת כוסמת 500 גרם,האי נאם סי או אל.טי.,IL,כוסמת 500 גרם,גרמים,500.00,100 גרם,false,,7.90,1.5800,true,1,20701
7290003643752,false,עדשים ירוקים יבש סוגת 500 גר',האי נאם סי או אל.טי.,IL,עדשים ירוקות 500 גרם,גרמים,500.00,100 גרם,false,,10.90,2.1800,true,1,20702
7290003643769,false,עדשים אדומים יבש סוגת 500 גר',"סוגת תעשיות בע""מ",IL,עדשים אדומות 500 גרם,גרמים,500.00,100 גרם,false,,10.90,2.1800,true,1,20703
7290003643776,false,"פופקורן גרעינים סוגת 500 ג' כשל""פ",האי נאם סי או אל.טי.,IL,סוגת פופקורן 500 גרם,גרמים,500.00,100 גרם,false,,5.90,1.1800,true,1,20704
7290003643783,false,קוקוס טחון סוגת 100,האי נאם סי או אל.טי.,IL,קוקוס 100 גר,גרמים,100.00,100 גרם,false,,3.90,3.9000,true,1,20705
7290003643806,false,שעועית לבנה יבשה סוגת 500 ג',האי נאם סי או אל.טי.,IL,שעועית לבנה 500 גרם,גרמים,500.00,100 גרם,false,,12.90,2.5800,true,1,20706
7290003643813,false,שעועית אדומה יבשה סוגת 500 גר',האי נאם סי או אל.טי.,IL,שעועית אדומה 500 גרם,גרמים,500.00,100 גרם,false,,12.90,2.5800,true,1,20707
7290003681051,false,אגוזי פאקן סיני מסוכר 100 גר' מיה,מיה,IL,אגוז פקאן סיני מסוכר,גרמים,100.00,100 גרם,false,,16.80,16.8000,true,1,53941
7290003681303,false,שעועית מעורבת יבשה מיה 500 גר',"מיה תעשיות מזון בע""מ",IL,שעועית מעורבת 500 גר,גרמים,500.00,100 גרם,false,,13.90,2.7800,true,1,53948
7290003681365,false,סוכריות קישוט לעוגה צבעוני 70 גר' מיה,"מיה תעשיות מזון בע""מ",IL,70 סוכריות קישוט לעו,גרמים,70.00,100 גרם,false,,5.90,8.4286,true,1,53951
7290003681532,false,דובדבנים מסוכרים 80 גרם מיה,מיה תעשיות מזון,IL,דובדבן מסוכר 80 גרם,גרמים,80.00,100 גרם,false,,7.90,9.8750,true,1,53952
7290003681716,false,גריסי פנינה מיה 500 גרם,"מיה תעשיות מזון בע""מ",IL,גריסי פנינה 500 גרם,גרמים,500.00,100 גרם,false,,6.90,1.3800,true,1,53958
7290003681945,false,"מיץ לימון סחוט רכיבים טבעיים מיה 500 מ""ל",מיה,IL,מיץ לימון סחוט טבעי,מיליליטרים,500.00,"100 מ""ל",false,,9.90,1.9800,true,1,53965
7290003706167,false,בצל ירוק ארוז,,,בצל ירוק ארוז,יח',1.00,יח',false,,5.90,5.9000,true,1,77668
7290003706440,false,בייבי מיקס נספק,,,בייבי מיקס נספק,יח',1.00,יח',false,,9.90,9.9000,true,1,2724
7290003726141,false,טופו אמיתי כפרי בריא 300 גרם,ג'נרל מילס סאן אדריא,IL,טופו משק גאיה 300ג,גרמים,300.00,100 גרם,false,,14.90,4.9667,true,1,16754
7290003726615,false,"טופו ויילר 300 גרם ""שטראוס""",הדקלאים אגודת שיתופי,IL,טופו ויילר 300 גרם.,גרמים,300.00,100 גרם,false,,12.90,4.3000,true,1,141555
7290003726769,false,קציצות טופו בטטה וגזר משק ווילר 400 גר,משק ויילר,IL,קציצות טופו עם בטטה,גרמים,400.00,100 גרם,false,,26.90,6.7250,true,1,390654
7290003805501,false,"פתית שוודי חסכוני בד""צ 300 גרם",יוניליוור ישראל מזון,IL,פתית שוודי חסכוני בד,גרמים,300.00,100 גרם,false,,18.90,6.3000,true,1,12729
7290003807178,false,"רוטב קנור סויה בסגנון סיני 300 מ""ל",אתר חיפה 778 - Food,IL,רוטב סויה בסגנון סינ,מיליליטרים,300.00,"100 מ""ל",false,,14.90,4.9667,true,1,12763
7290003864478,false,סרדינים בשמן צמחי ויליפוד 110ג' פתח קל,גולדן פרייז קאנינג א,TH,סרדין בשמן צמחי וילי,גרמים,110.00,100 גרם,false,,6.50,5.9091,true,1,4848
7290003864485,false,סרדינים ברוטב עגבנ יות ויליפוד 110ג' פתח קל,גולדן פרייז קאנינג א,TH,סרדינים ברוטב עגבניו,גרמים,120.00,100 גרם,false,,6.50,5.4167,true,1,4849
7290003882922,false,עלי גפן ממולאים באורז וילי פוד 360 גרם,הזה פלאקספו פוד קו ב,CN,עלי גפן ממולאים באור,גרמים,360.00,100 גרם,false,,9.90,2.7500,true,1,4855
7290003896141,false,חטיף ספרדי פיקנטי אלמנדוס 200 גרם,הדקלאים אגודת שיתופי,IL,אלמנדוס 200 גרם,גרמים,200.00,100 גרם,false,,12.90,6.4500,true,1,15305
7290003989096,false,סלט חצילים פיקנטי אחלה 500 גרם,מיוצר עי קונדיטוריית,IL,אחלה חציל פיקנטי 500,גרמים,500.00,100 גרם,false,,16.90,3.3800,true,1,26082
7290003989539,false,לורנצו רביולי במילוי גבינה,מיוצר עי קונדיטוריית,IL,EAT GOOD רביולי גבינ,גרמים,400.00,100 גרם,false,,22.90,5.7250,true,1,26083
7290003989553,false,פסטה טורטליני גבינה ופטריות 400 גרם,מיוצר עי קונדיטוריית,IL,שטראוס טורטליני פטרי,גרמים,400.00,100 גרם,false,,22.90,5.7250,true,1,26084
7290004011284,false,ריצ בסיס להכנת קצפת 25% 212מל,ריצ' פרודקטס קורפריי,US,ריצ בסיס להכנת קצפת,מיליליטרים,212.00,"100 מ""ל",false,,9.90,4.6698,true,1,19872
7290004011338,false,"ספריי קצפת מתוקה מוכנה ריץ' 250 מ""ל",האי נאם סי או אל.טי.,IT,ריצ קצפת במיכל 250מל,מיליליטרים,250.00,"100 מ""ל",false,,12.90,5.1600,true,1,19874
7290004011345,false,"ספריי קצפת מתוקה מוכנה פרווה ריץ' 238 מ""ל",האי נאם סי או אל.טי.,IT,קצפת ריץ במיכל פרווה,מיליליטרים,238.00,"100 מ""ל",false,,12.90,5.4202,true,1,19875
7290004011796,false,קבבונים בקר קפוא אל גאוצ''ו 400ג',"טיבון ויל אחזקות בע""",IL,אל גאוצו קבבונים 400,גרמים,400.00,100 גרם,false,,24.90,6.2250,true,1,19882
7290004011819,false,המבורגר ריב אנטריקוט אל גאוצ'ו 360 גרם,האי נאם סי או אל.טי.,IL,אל גאוצו המבורגר ריב,גרמים,360.00,100 גרם,false,,24.90,6.9167,true,1,19884
7290004030018,false,"פריניב מיץ לימון סחוט פרי לתיבול 500 מ""ל",הנסיך- מפעל לייצור ט,IL,מיץ לימון סחוט פרי פ,מיליליטרים,500.00,"100 מ""ל",false,,7.90,1.5800,true,1,44128
7290004030100,false,מיץ תפוזים ולנסיה סחוט 1 ליטר100%,פרי ניב,IL,מיץ תפוזים סחוט וולנ,ליטרים,1.00,ליטר,false,,16.80,16.8000,true,1,215320
7290004030223,false,מיץ תפוחים סחוט רכיבים טבעיים 100% פרי ניב 1 ליטר,פריניב בעמ,IL,פרי ניב מיץ תפוח סחו,יחידה,0.00,יחידה,false,,20.60,0.0000,true,1,44134
7290004030445,false,מיץ תפוזים סחוט רכיבים טבעיים 1 ליטר פרי ניב,הנסיך- מפעל לייצור ט,IL,פרי ניב תפוז סחוט 1ל,ליטרים,1.00,ליטר,false,,15.90,15.9000,true,1,44146
7290004030834,false,מיץ רימונים סחוט 100% רכיבים טבעיים פרי ניב 1 ליטר,פריניב בעמ,IL,מיץ סחוט רימונים 100,ליטרים,1.00,ליטר,false,,25.30,25.3000,true,1,44160
7290004043108,false,אמ&אמס אריזה בינונית,מרס,US,M&M עדשי שוקולד 89 ג,גרמים,89.00,100 גרם,false,,7.50,8.4270,true,1,97009
7290004063016,false,מלח שולחן -מוצר בפיקוח,האי נאם סי או אל.טי.,IL,"מלח שולחן סלית 1 ק""ג",קילוגרמים,1.00,"ק""ג",false,,2.07,2.0700,true,1,17656
7290004063115,false,"מלח מטבח עבה להמלחת בשר ובישול 1 ק""ג 1ק""ג",האי נאם סי או אל.טי.,IL,מלח מטבח גס לבישול כ,קילוגרמים,1.00,"ק""ג",false,,2.07,2.0700,true,1,17657
7290004064099,false,מטחנה מלח מהרי ההימלאיה 250 ג מלח הארץ,חברת מלח הארץ אילת ב,IL,מטחנה מלח מהרי ההימל,גרמים,250.00,100 גרם,false,,18.90,7.5600,true,1,27389
7290004064174,false,"תבלין מלח ההימלאיה דק בצנצנת 1 ק""ג","מלח הארץ אילת בע""מ",IL,מלח ההימלאיה דק בצנצ,קילוגרמים,1.00,"ק""ג",false,,20.90,20.9000,true,1,96233
7290004064303,false,מלח אטלנטי בצנצנת מלח הארץ 800 גרם,"מלח הארץ אילת בע""מ",IL,מלח אטלנטי בצנצנת הא,גרמים,800.00,100 גרם,false,,20.90,2.6125,true,1,141668
7290004064372,false,מטחנת מלח אקסטרא תבלינים איטלקי 105 גר,"מלח הארץ אילת בע""מ",IL,מטחנת מלח אקסטרא תבל,גרמים,105.00,100 גרם,false,,18.90,18.0000,true,1,293117
7290004068011,false,יוגורט כבשים בדלי 5% שומן 600 ג' גד,"מיוצר ע""י קוד יצרן M",IL,גד יוגורט כבשים 5% 6,מיליליטרים,600.00,"100 מ""ל",false,,19.90,3.3167,true,1,16755
7290004068028,false,"יוגורט צזיקי לשתיה 3.5% 500 מ""ל רובין",מיוצר על ידי קוד יצר,IL,גד משקה צזיקי 2% 500,מיליליטרים,500.00,"100 מ""ל",false,,10.90,2.1800,true,1,16756
7290004068035,false,"איירן יוגורט לשתייה 3% גד 500 מ""ל","מיוצר ע""י קוד יצרן M",IL,גד משקה איירן בסגנון,גרמים,500.00,100 גרם,false,,9.90,1.9800,true,1,16757
7290004068172,false,"יוגורט עיזים בדלי 5% 600 מ""ל רובין",קוד יצרן MKN,IL,גד יוגורט עיזים 5% 6,מיליליטרים,600.00,"100 מ""ל",false,,18.90,3.1500,true,1,16758
7290004078263,false,מקלות אוזניים פלסטיק 2* 200 יחידות,SEPTONA S.A,GR,צמרונים בקופסא זוג ב,יחידה,0.00,יחידה,false,,13.90,0.0000,true,1,24781
7290004078270,false,נוזל לניקוי כלים בריח לימון פלמוליב 1 ליטר,יבואן ומשווק: ש. שסט,GR,פלמוליב לכלים לימון-,יחידה,0.00,יחידה,false,,14.90,0.0000,true,1,24782
7290004078690,false,"אגקס נוזל לניקוי אסלות מרענן 750 מ""ל",הנסיך- מפעל לייצור ט,GR,אגקס כלורון נוזל לני,מיליליטרים,750.00,"100 מ""ל",false,,15.90,2.1200,true,1,24784
7290004091217,false,"גודרס להברקת כלי כסף 125מ""ל",אס סי גונסון פורטוגל,PT,גודרס לכלי נחושת וכס,מיליליטרים,125.00,"100 מ""ל",false,,16.90,13.5200,true,1,7730
7290004102326,false,תרד בקופסא יחידה,Unknown,,תרד לא שטוף,גרמים,180.00,100 גרם,false,,11.90,6.6111,true,1,2804
7290004119133,false,כד יוגורט תנובה 6.5% שומן 1.5 ליטר,מיוצר עי קונדיטוריית,IL,יוגורט כדים תנובה 7%,ליטרים,1.50,ליטר,false,,18.90,12.6000,true,1,28707
7290004119225,false,יופלה יוגורט אננס %3 גביע 150 גרם,תנובה מרכז שיתופי לש,IL,יופלה אננס 3% 150מל,גרמים,150.00,100 גרם,false,,5.50,3.6667,true,1,28708
7290004119973,false,קרלו מעדן שוקו רביעיה גביע 125 1.5%,תנובה מרכז שיתופי לש,IL,קרלו שוקולדה 3% 125מ,מיליליטרים,125.00,"100 מ""ל",false,,3.50,2.8000,true,1,28714
7290004120108,false,יופלה דיאט יוגורט דובדבן %0 גביע 150גרם,תנובה מרכז שיתופי לש,IL,יופלה דיאט דובדבן 0%,מיליליטרים,150.00,"100 מ""ל",false,,5.50,3.6667,true,1,28718
7290004120566,false,פיראוס 24% גבינה בולגרית 250 גרם,תנובה חלב,IL,פיראוס בולגרית 24% 2,גרמים,250.00,100 גרם,false,,26.90,10.7600,true,1,28736
7290004120573,false,פיראוס 16% גבינה בולגרית 250 גרם,תנובה מרכז שיתופי לש,IL,פיראוס בולגרית בקר 1,גרמים,250.00,100 גרם,false,,26.90,10.7600,true,1,28737
7290004120634,false,גבינה פיראוס בולגרית 5% 250 גרם,תנובה מרכז שיתופי לש,IL,פיראוס בולגרית 5% 25,גרמים,250.00,100 גרם,false,,26.90,10.7600,true,1,28738
7290004121488,false,יופלה דיאט אפרסק 0% גביע 150 גרם,תנובה מרכז שיתופי לש,IL,יופלה דיאט אפרסק 0%,מיליליטרים,150.00,"100 מ""ל",false,,5.50,3.6667,true,1,28745
7290004121525,false,יופלה מאגדת פרי 4 תות 4 אפרסק 3% 8 יח'*150 ג',תנובה מרכז שיתופי לש,IL,יופלה אפרסק תות 3% 8,קילוגרמים,1.20,"ק""ג",false,,35.90,29.9167,true,1,28746
7290004121754,false,יוגורט עוגת גבינה ותות 3% שומן 150 ג' יופלה,תנובה חלב,IL,יופלה קרם גבינה ותות,גרמים,150.00,100 גרם,false,,5.50,3.6667,true,1,28749
7290004121839,false,גבינת פטה כבשים 20% 250 ג' פיראוס,תנובה מרכז שיתופי לש,IL,פיראוס פטה כבשים 20%,גרמים,250.00,100 גרם,false,,32.90,13.1600,true,1,28751
7290004122119,false,פתיתי פרמזן 23% לפסטה השף הלבן 100 גרם,פ.פ.ח. שאביט,IL,שף לבן פתיתי פרמזן ל,גרמים,100.00,100 גרם,false,,14.90,14.9000,true,1,28756
7290004122195,false,"גבינת גוש חלב פרוס 28%, כשרות מהדרין, 200 ג'",תנובה חלב,IL,גוש חלב פרוס 28% 200,גרמים,200.00,100 גרם,false,,15.90,7.9500,true,1,28757
7290004122270,false,עמק קלאסית פרוסות גבינה חצי קשה 28% 200 גרם,תנובה מרכז שיתופי לש,IL,עמק פרוס סגירה חוזרת,גרמים,200.00,100 גרם,false,,16.90,8.4500,true,1,28758
7290004122348,false,גבינת עמק לייט פרוס בקופסא 200 גרם,תנובה מרכז שיתופי לש,IL,עמק לייט 9% 200ג,גרמים,200.00,100 גרם,false,,17.90,8.9500,true,1,28760
7290004122676,false,גבינת חמד לייט 5% פיראוס 250 ג',"תנובה,מחלבת טנא נוגה",IL,פיראוס חמד לייט 5% 2,גרמים,250.00,100 גרם,false,,20.90,8.3600,true,1,28764
7290004122683,false,עמק חטיף אצבעות גבינה חצי קשה 28% שומן,תנובה מרכז שיתופי לש,IL,עמק אצבעות 172ג,גרמים,172.00,100 גרם,false,,17.90,10.4070,true,1,28765
7290004124205,false,יופלה דיאט יוגורט תות %0 גביע 150 גרם,תנובה מרכז שיתופי לש,IL,יופלה דיאט תות 0% 15,מיליליטרים,150.00,"100 מ""ל",false,,5.50,3.6667,true,1,28780
7290004125370,false,"שמנת חמוצה 9 % מופחתת שומן 200 מ""ל",תנובה מרכז שיתופי לש,IL,תנובה שמנת מופחתת 9%,מיליליטרים,200.00,"100 מ""ל",false,,4.10,2.0500,true,1,28791
7290004125400,false,"אשל שלי מהדרין 200 מ""ל 4.5% ""תנובה""- מוצר בפיקוח",פארייפאבה אגרואינדוס,IL,"אשל 4.5% בד""צ מהדרין",מיליליטרים,200.00,"100 מ""ל",false,,1.69,0.8450,true,1,28792
7290004125417,false,"גיל 3% שלי 200 מ""ל ""תנובה"" -מוצר בפיקוח",תנובה מרכז שיתופי לש,IL,"גיל 3% בד""צ מהדרין",מיליליטרים,200.00,"100 מ""ל",false,,1.51,0.7550,true,1,28793
7290004125455,false,"שמנת חמוצה 200 מ""ל 15% ""תנובה"" -מוצר בפיקוח",תנובה מרכז שיתופי לש,IL,תנובה שמנת אורגינל מ,מיליליטרים,200.00,"100 מ""ל",false,,2.40,1.2000,true,1,28794
7290004125462,false,"שמנת אורגינל 15% מהדרין 500 מ""ל",תנובה מרכז שיתופי לש,IL,תנובה שמנת חמוצה 15%,מיליליטרים,500.00,"100 מ""ל",false,,6.00,1.2000,true,1,28795
7290004125509,false,"שמנת 15% חצי מנה 100 מ""ל תנובה",תנובה מרכז שיתופי לש,IL,תנובה שמנת חצי מנה 1,מיליליטרים,100.00,"100 מ""ל",false,,2.00,2.0000,true,1,28796
7290004125578,false,משקה סויה מעושר בסידן תנובה 1ל',תנובה מרכז שיתופי לש,IL,משקה סויה תנובה מועש,ליטרים,1.00,ליטר,false,,12.90,12.9000,true,1,28797
7290004125585,false,משקה סויה וניל תנובה E אלטרנטיב,תנובה מרכז שיתופי לש,IL,סויה תנובה משקה סויה,ליטרים,1.00,ליטר,false,,12.90,12.9000,true,1,28798
7290004125721,false,"השף הלבן שמנת עמידה לבישול 15% תנובה 250 מ""ל",תנובה מרכז שיתופי לש,IL,שף לבן שמנת לבישול 1,מיליליטרים,250.00,"100 מ""ל",false,,8.90,3.5600,true,1,28801
7290004125738,false,שמנת מתוקה להקצפה32% 250מל עמיד השף הלבן,תנובה מרכז שיתופי לש,IL,שף לבן שמנת להקצפה 3,מיליליטרים,250.00,"100 מ""ל",false,,7.20,2.8800,true,1,28802
7290004125776,false,גבינה צהובה עמק 28% 400 גרם בקופסא,תנובה חלב,IL,עמק גבינה קשה פרוסה,גרמים,400.00,100 גרם,false,,32.90,8.2250,true,1,28805
7290004126674,false,טל העמק פרוסות גבינה חצי קשה לייט %9 200 גרם בקופסא,תנובה מרכז שיתופי לש,IL,עמק טל לייט 9% 200ג,גרמים,200.00,100 גרם,false,,19.90,9.9500,true,1,28813
7290004126759,false,יופלה דיאט פירות יער %0 גביע 150 גרם,תנובה חלב,IL,יופלה דיאט פירות יער,מיליליטרים,150.00,"100 מ""ל",false,,5.50,3.6667,true,1,28814
7290004126872,false,משקאות חלב תנובה שוקו בקבוק 250מל,תנובה חלב,IL,משקאות חלב תנובה שוק,מיליליטרים,250.00,"100 מ""ל",false,,5.90,2.3600,true,1,28815
7290004127077,false,קוטג תנובה 3% גביע 250 גרם מהדרין,מיוצר עי קונדיטוריית,IL,קוטג תנובה 3% 250 ג,גרמים,250.00,100 גרם,false,,5.80,2.3200,true,1,28816
7290004127329,false,קוטג תנובה גביע 250 גרם %5 ו.מהדרין,מיוצר עי קונדיטוריית,IL,קוטג' 5% תנובה מהדרי,גרמים,250.00,100 גרם,false,,5.80,2.3200,true,1,28818
7290004127336,false,קוטג תנובה גביע 250 גרם %9 ו.מהדרין,מיוצר עי קונדיטוריית,IL,קוטג' תנובה מהדרין 9,גרמים,250.00,100 גרם,false,,5.80,2.3200,true,1,28819
7290004127800,false,"גבינה לבנה 500 גרם 5% ""תנובה"" -מוצר בפיקוח",מיוצר עי קונדיטוריית,IL,תנובה גבינה לבנה 5%,גרמים,500.00,100 גרם,false,,9.96,1.9920,true,1,28823
7290004127817,false,גבינה לבנה 9% שומן 500 ג' תנובה,מיוצר עי קונדיטוריית,IL,תנובה גבינה לבנה 9%,גרמים,500.00,100 גרם,false,,9.70,1.9400,true,1,28824
7290004127862,false,"גבינה לבנה 750 גרם 5% ""תנובה"" - מוצר בפיקוח",תנובה מרכז שיתופי לש,IL,תנובה גבינה למריחה מ,גרמים,750.00,100 גרם,false,,14.90,1.9867,true,1,28825
7290004128333,false,לאבנה על בסיס יוגורט %9 שומן 500 ג' פיראוס,תנובה חלב,IL,פיראוס לאבנה גביע %9,גרמים,500.00,100 גרם,false,,22.90,4.5800,true,1,28835
7290004129101,false,גבינת שמנת 25% בטעם טבעי 225 ג' נפוליאון,תנובה מרכז שיתופי לש,IL,נפוליאון בטעם טבעי 2,גרמים,225.00,100 גרם,false,,16.50,7.3333,true,1,28841
7290004129156,false,גבינת שמנת25% עם שום שמיר 225 ג' נפוליאון,תנובה מרכז שיתופי לש,IL,נפוליאון שום שמיר 25,גרמים,225.00,100 גרם,false,,16.50,7.3333,true,1,28843
7290004129767,false,"3% 'יופלה לבן מארז שמינייה 1.2 ק""ג",מחלבת אלון תבור,IL,יופלה לבן מאגדת 3% 8,קילוגרמים,1.20,"ק""ג",false,,18.90,15.7500,true,1,28847
7290004130794,false,משקה סויה טבעי במתיקות מופחתת 1 ליטר,תנובה מרכז שיתופי לש,IL,סויה תנובה טבעי במתי,ליטרים,1.00,ליטר,false,,12.50,12.5000,true,1,28854
7290004130916,false,יוגורט 3% פירות יער בשמנת 150 ג' יופלה,תנובה מרכז שיתופי לש,IL,יופלה בטעם פירות יער,גרמים,150.00,100 גרם,false,,5.50,3.6667,true,1,28856
7290004131074,false,"חלב 1 ליטר 3% קרטון ""תנובה""- מוצר בפיקוח",תנובה מרכז שיתופי לש,IL,חלב תנובה הומוגני מה,ליטרים,1.00,ליטר,false,,6.23,6.2300,true,1,28861
7290004131432,false,יוגורט ביו 3% שומן 200 ג' יופלה,מיוצר עי קונדיטוריית,IL,יופלה לבן 3% 200מל,מיליליטרים,200.00,"100 מ""ל",false,,4.50,2.2500,true,1,28868
7290004131456,false,יוגורט ביו 1.5% שומן 200 ג' יופלה,מיוצר עי קונדיטוריית,IL,יופלה לבן 1.5% 200מל,מיליליטרים,200.00,"100 מ""ל",false,,4.50,2.2500,true,1,28869
7290004131814,false,גבינה צפתית 5% מעודנת 200 ג' פיראוס,פארייפאבה אגרואינדוס,IL,פיראוס צפתית מעודנת,גרמים,200.00,100 גרם,false,,16.90,8.4500,true,1,28879
7290004132552,false,משקה סויה לייט בטעם טבעי טרי 1 ליטר,תנובה מרכז שיתופי לש,IL,סויה תנובה לייט בטעם,ליטרים,1.00,ליטר,false,,12.50,12.5000,true,1,28888
7290004133511,false,יופלה מאגדת לבן 1.5% מעודן 8 יח' * 150 ג',מיוצר עי קונדיטוריית,IL,יופלה לבן מעודן 1.5%,ליטרים,1.20,ליטר,false,,22.90,19.0833,true,1,28905
7290004134945,false,יוגורט מוקה 3% שומן 150 ג' יופלה,תנובה מרכז שיתופי לש,IL,יופלה מוקה 3% 150מל,גרמים,150.00,100 גרם,false,,5.50,3.6667,true,1,28920
7290004135614,false,גבינה בולגרית מעודנת 5% 250 ג' פיראוס,תנובה חלב,IL,פיראוס בולגרית מעודנ,גרמים,250.00,100 גרם,false,,23.90,9.5600,true,1,28939
7290004136154,false,"משקה חלב אייס קפה תנובה בבקבוק 340 מ""ל",גוד פוד פרודקטס S.p,IL,משקאות חלב תנובה איי,מיליליטרים,340.00,"100 מ""ל",false,,7.90,2.3235,true,1,28947
7290004136598,false,מארז הפסקת אוכל עם קורנפלקס ומשקה חלב עמיד בטעם וניל,פארייפאבה אגרואינדוס,IL,מארז הפסקת אוכל חלב,גרמים,150.00,100 גרם,false,,9.90,6.6000,true,1,28955
7290004136857,false,ג'לי תנובה פטל 125 גרם,תנובה מרכז שיתופי לש,IL,ג'לי תנובה פטל 125מל,מיליליטרים,125.00,"100 מ""ל",false,,2.90,2.3200,true,1,28957
7290004136864,false,מעדן ג'לי בטעם אננס עם חתיכות תנובה 125 גרם,תנובה חלב,IL,ג'לי תנובה אננס עם ח,מיליליטרים,125.00,"100 מ""ל",false,,2.90,2.3200,true,1,28958
7290004136871,false,מעדן ג'לי בטעם אפרסק עם חתיכות תנובה 125 גרם,תנובה מרכז שיתופי לש,IL,ג'לי תנובה אפרסק עם,מיליליטרים,125.00,"100 מ""ל",false,,2.90,2.3200,true,1,28959
7290004137021,false,"שמנת לבישול 10% עמיד השף הלבן 250 מ""ל",תנובה מרכז שיתופי לש,IL,שף לבן שמנת לבישול 1,מיליליטרים,250.00,"100 מ""ל",false,,8.90,3.5600,true,1,28961
7290004137311,false,עמק לייט משפחתית 9% 400ג-ועדת מהדרין,תנובה חלב,IL,עמק לייט משפחתית 9%,גרמים,400.00,100 גרם,false,,33.90,8.4750,true,1,28964
7290004137809,false,פיראוס לאבנה 5% גביע 250 גרם,"תנובה, מחלבת אלון תב",IL,פיראוס לאבנה 5% 250ג,גרמים,250.00,100 גרם,false,,14.90,5.9600,true,1,28967
7290004150112,false,חומוס מזרחי פיקנטי פרימיום 300 גרם,"סלטי שמיר 2006 בע""מ",IL,חומוס מזרחי 300 גרם,גרמים,300.00,100 גרם,false,,15.90,5.3000,true,1,472401
7290004150129,false,טחינה פיקנטי פרימיום 300 גרם,"סלטי שמיר 2006 בע""מ",IL,טחינה ביתית 300 גרם,גרמים,300.00,100 גרם,false,,15.90,5.3000,true,1,472402
7290004150143,false,חציל במיונז פיקנטי פרימיום 300 גרם,"סלטי שמיר 2006 בע""מ",IL,חציל במיונז 300 גרם,גרמים,300.00,100 גרם,false,,15.90,5.3000,true,1,472404
7290004150174,false,קולוסלאו פיקנטי פרימיום 300 גרם,"סלטי שמיר 2006 בע""מ",IL,סלט קולסלאו 300 גרם,גרמים,300.00,100 גרם,false,,15.90,5.3000,true,1,472407
7290004150181,false,חמוצים סיני פיקנטי פרימיום 300 גרם,"סלטי שמיר 2006 בע""מ",IL,סלט חמוצים סיני 300,גרמים,300.00,100 גרם,false,,15.90,5.3000,true,1,472408
7290004150235,false,חומוס עם חריף 300 גרם פיקנטי פרימיום,"סלטי שמיר 2006 בע""מ",IL,חומוס עם חריף 300 גר,גרמים,300.00,100 גרם,false,,15.90,5.3000,true,1,472413
7290004150280,false,חומוס עם לימון כבוש 300 גרם פיקנטי פרימיום,"סלטי שמיר 2006 בע""מ",IL,חומוס עם לימון כבוש,גרמים,300.00,100 גרם,false,,15.90,5.3000,true,1,472416
7290004150365,false,חומוס בטטה פיקנטי פרימיום 300 גרם,"סלטי שמיר 2006 בע""מ",IL,חומוס עם דלעת 300 גר,גרמים,300.00,100 גרם,false,,15.90,5.3000,true,1,472418
7290004199784,false,כפפות S לטקס עם איבוק עדין 100 יח- SAFE TOUCH,סייף טאצ,TH,כפפות לאטקס סייף טאצ,יחידה,0.00,יחידה,false,,24.90,0.0000,true,1,232759
7290004199791,false,כפפות M לטקס עם איבוק עדין 100 יח- SAFE TOUCH,סייף טאצ,TH,כפפות לאטקס סייף טאצ,יחידה,0.00,יחידה,false,,24.90,0.0000,true,1,232760
7290004200244,false,שקית פרסים,,,פרסים רמה 3,יחידה,0.00,יחידה,false,,9.50,0.0000,true,1,36373
7290004225285,false,גבינה בסגנון דנאבלו 100 ג',האי נאם סי או אל.טי.,DK,סגנון דנאבלו 100 גרם,גרמים,100.00,100 גרם,false,,12.90,12.9000,true,1,19890
7290004230333,false,"מקלות בורקס פילו תפו""א שגב 600 גר",שלושת האופים שגמור,IL,שגב מקלות בורקס פילו,גרמים,600.00,100 גרם,false,,21.90,3.6500,true,1,117944
7290004267230,false,פריכיות אורז מצופה שוקולד ברמן 80 ג',,,פריכיות אורז מצופה ש,גרמים,80.00,100 גרם,false,,5.90,7.3750,true,1,15545
7290004492274,false,"בייגלה גל גל 400 גרם ""בייגל בייגל""",אתר בייגל - Food,IL,טבעות מלוחות 400 גר,גרמים,400.00,100 גרם,false,,12.90,3.2250,true,1,12772
7290004537241,false,אפונת גינה שדה בשקית,בסט מייסטר,IL,אפונת גינה קפואה 800,גרמים,800.00,100 גרם,false,,15.90,1.9875,true,1,105374
7290004537258,false,אפונה וגזר 800 גר שד,,,אפונה וגזר 800 גר שד,גרמים,800.00,100 גרם,false,,15.90,1.9875,true,1,104478
7290004584306,false,רבעיית גמדים בטעם תות בננה * 100 ג' שטראוס,מיוצר עי קונדיטוריית,IL,גמדים תות בננה 4*100,מיליליטרים,400.00,"100 מ""ל",false,,12.90,3.2250,true,1,26085
7290004584351,false,גבינה לבנה סימפוניה עם תוספות 200 ג' חמישית 200,"שטראוס בריאות בע""מ",IL,סימפוניה חמישית 200ג,גרמים,200.00,100 גרם,false,,12.90,6.4500,true,1,26086
7290004584528,false,יוגורט דנונה ביו לבן 1.7% שומן 200 גרם,מיוצר עי קונדיטוריית,IL,דנונה יוגורט טבעי 1.,מיליליטרים,200.00,"100 מ""ל",false,,3.90,1.9500,true,1,26087
7290004585907,false,דני ועדן וניל 1.5% 125ג' שטראוס,מיוצר עי קונדיטוריית,IL,דני וניל מהדרין 130מ,מיליליטרים,130.00,"100 מ""ל",false,,2.90,2.2308,true,1,26088
7290004658960,false,יין אמרלד ריזלינג פרייבט קולקשן יקבי כרמל,אגודת הכורמים הקואופ,IL,יין P.C אמרלד ריזל,מיליליטרים,750.00,"100 מ""ל",false,,44.90,5.9867,true,1,513
7290004731076,false,אל סבון נוזלי עם אלוורה כיף 1 ליטר,טרופיקל דגיל תעשיות,IL,אלסבון אלוורה כיף 1,ליטרים,1.00,ליטר,false,,14.90,14.9000,true,1,33293
7290004731083,false,"סבון נוזלי לידיים ג'נסינג ""כיף""",טרופיקל דגיל תעשיות,IL,אלסבון ג'נסנג כיף 1,ליטרים,1.00,ליטר,false,,14.90,14.9000,true,1,33294
7290004731410,false,כריות קרצוף לניקוי כללי סנו סושי 3 יחידות,קריות זול,IL,כרית קרצוף סנו סושי,יחידה,0.00,יחידה,false,,10.90,0.0000,true,1,33300
7290004731472,false,"אל סבון צבעוני כיף שלישיה* 500 מ""ל",טרופיקל דגיל תעשיות,IL,שלישיית אלסבון צבעונ,ליטרים,1.50,ליטר,false,,20.90,13.9333,true,1,33301
7290004731519,false,"מקסימה מרכך ומבשם כביסה למייבש סנסיטיב סנו 750 מ""ל",סנו מקסימה,IL,סנו מקסימה למייבש סנ,מיליליטרים,750.00,"100 מ""ל",false,,19.90,2.6533,true,1,33302
7290004731564,false,"סנו - מקסימה מרסס למייבש כביסה פריחה כחולה 750 מ""ל",סנו מקסימה,IL,סנו מקסימה מבשם ומרכ,מיליליטרים,750.00,"100 מ""ל",false,,19.90,2.6533,true,1,135242
7290004731670,false,"מטהר אויר בניחוח לבנדר ופצ'ולי סנו 300 מ""ל","סנו מפעלי ברונוס בע""",IL,דואופרש פצ'ולי לבנדר,מיליליטרים,300.00,"100 מ""ל",false,,12.90,4.3000,true,1,33306
7290004872250,false,שלגון שרבט אבטיח נסטלה 108'ג,נגה גלידות (גלידות נ,IL,אבטיח שרבט,גרמים,540.00,100 גרם,false,,6.90,1.2778,true,1,18312
7290005008191,false,"סבון נוזלי ארומה בניחוח לבנדר פטצ'ולי וילנג ילנג פלמוליב 500 מ""ל",הנסיך- מפעל לייצור ט,TR,סבון נוזלי ארומה סגו,מיליליטרים,500.00,"100 מ""ל",false,,17.90,3.5800,true,1,24790
7290005084355,false,סנסודין משחת שיניים דואל קר פלואוריד 75,גלקסו סמית קליין,GB,משחת שיניים דואל קר,מיליליטרים,75.00,"100 מ""ל",false,,22.70,30.2667,true,1,5722
7290005113222,false,זיתים קוקטייל וגמבה יבנה 350ג',קבוצת יבנה,IL,זיתים מיקס יבנה 540,גרמים,340.00,100 גרם,false,,10.90,3.2059,true,1,53821
7290005174513,false,סלט חצילים במיונז אחלה 500 גרם,מיוצר עי קונדיטוריית,IL,חציל במיונז אחלה 500,גרמים,500.00,100 גרם,false,,17.90,3.5800,true,1,26089
7290005174551,false,סלט חומוס עם צנוברים 125 ג' אחלה,מיוצר עי קונדיטוריית,IL,אחלה חומוס 125ג,גרמים,125.00,100 גרם,false,,5.90,4.7200,true,1,26090
7290005174568,false,סלט חצילים במיונז אחלה 125 גרם,מיוצר עי קונדיטוריית,IL,אחלה חציל במיונז 125,גרמים,125.00,100 גרם,false,,5.90,4.7200,true,1,26091
7290005174575,false,טחינה אחלה יום יום משובחת 125ג',מיוצר עי קונדיטוריית,IL,אחלה טחינה 125גר,גרמים,125.00,100 גרם,false,,5.90,4.7200,true,1,26092
7290005197758,false,עוגיות חיוכים שוקו שוקו 150 גרם,אפיפית נצרת תעשיות ב,IL,חיוכים של שוקו,גרמים,150.00,100 גרם,false,,6.50,4.3333,true,1,25375
7290005199578,false,"קפה פלאטינום עלית נטול 200ג' כש""לפ",שטראוס גרופ,IL,עלית אוריגינס קפה נט,גרמים,200.00,100 גרם,false,,42.90,21.4500,true,1,25381
7290005199738,false,גומי מאסט בטעם פפרמינט ריח פה נעים פליפטופ 28 ג' עלית,"שטראוס גרופ בע""מ",IL,מאסט ריח פה נעים 28ג,גרמים,28.00,100 גרם,false,,4.90,17.5000,true,1,25383
7290005200786,false,תפוצ'יפס בטעם שמנת בצל עלית 50 גרם,"שטראוס פריטו ליי בע""",IL,תפוציפס שמנת ובצל 50,גרמים,50.00,100 גרם,false,,4.90,9.8000,true,1,26628
7290005201455,false,קפה נמס מגורען עלית 200 גרם,"אינסטנטה בע""מ",PL,ארומה קפה נמס 200 גר,גרמים,200.00,100 גרם,false,,24.90,12.4500,true,1,25387
7290005201882,false,קפה טורקי קלוי וטחון,הנסיך- מפעל לייצור ט,IL,טורקי עלית 200 גר',גרמים,200.00,100 גרם,false,,18.90,9.4500,true,1,25389
7290005287206,false,טונה סטארקיסט רביעיות בשמן 492 גרם,"סטארקיסט פודור בע""מ",IL,טונה בשמן סטארקיסט ר,גרמים,640.00,100 גרם,false,,25.90,4.0469,true,1,29734
7290005287251,false,טונה סטארקיסט במים רביעיות 4*160 גר,"סטארקיסט פודור בע""מ",IL,טונה במים סטארקיסט ר,גרמים,640.00,100 גרם,false,,25.90,4.0469,true,1,29737
7290005326523,false,ממרח פסטו פטרוזיליה ונענע אוליביה 180 גר,אוליביה,IL,אוליביה ממרח פסטו פט,גרמים,180.00,100 גרם,false,,14.90,8.2778,true,1,5363
7290005384851,false,וילי פוד מיץ לימון בדץ 200מל,קריות זול,IT,מיץ לימון משומר וילי,מיליליטרים,200.00,"100 מ""ל",false,,4.90,2.4500,true,1,4870
7290005403965,false,פולי סויה 800 גר' שד,,,פולי סויה 800 גר' שד,גרמים,800.00,100 גרם,false,,16.90,2.1125,true,1,112799
7290005403972,false,תחתיות ארטישוק 400 ג,,,תחתיות ארטישוק 400 ג,גרמים,400.00,100 גרם,false,,17.90,4.4750,true,1,110370
7290005403989,false,במיה קפואה 600 גרם ש,,,במיה קפואה 600 גרם ש,גרמים,600.00,100 גרם,false,,13.90,2.3167,true,1,109545
7290005423253,false,"סנו - מקסימה מרסס למייבש כביסה אולטרה פרש 750 מ""ל","סנו מפעלי ברונוס בע""",IL,סנו מקסימה למייבש או,מיליליטרים,750.00,"100 מ""ל",false,,19.90,2.6533,true,1,33325
7290005423567,false,מטליות ניקוי רב שימושיות בגליל סנו סושי 40 יחידות,אסותא תעשיות אלבד בע,IL,סנו סושי מטלית לכל 3,יחידה,0.00,יחידה,false,,22.90,0.0000,true,1,33334
7290005423833,false,פוליויקס נוזל לניקוי פרקט סנו 2 ליטר,"סנו מפעלי ברונוס בע""",IL,סנו פוליויקס פרקט 2,ליטרים,2.00,ליטר,false,,24.90,12.4500,true,1,33337
7290005423918,false,סנו - מקסימה מרכך כביסה היפואלרגני אלוורה 4 ליטר,קריות זול,IL,מרכך כביסה סנו מקסימ,ליטרים,4.00,ליטר,false,,24.90,6.2250,true,1,33340
7290005424700,false,לסדרה פורטה פלוס מצטרף מתז באריזת xl 1 ליטר,סנו,IL,פורטה פלוס - קצף ברי,מיליליטרים,1.00,"100 מ""ל",false,,19.90,1990.0000,true,1,125093
7290005424847,false,"מפיות סופט לבנות לשולחן (150 יח') ""סנו""",מיוצר עי קונדיטוריית,TR,סנו סופט מפיות 30*30,יחידה,0.00,יחידה,false,,8.90,0.0000,true,1,33354
7290005426193,false,ספוגית הפלא סנו סושי 6 יחידות,טרופיקל דגיל תעשיות,IL,סנו סושי ספוג הפלא,יחידה,0.00,יחידה,false,,12.90,0.0000,true,1,33379
7290005426964,false,סנובון סבון לאסלה בניחוח אפרסק סנו 3 יחידות,סנו סנובון,IL,סנובון כחול שלישיה ב,גרמים,165.00,100 גרם,false,,18.90,11.4545,true,1,33395
7290005426971,false,סנובון סבון לאסלה תפוח כחול סנו 3 יחידות,סנו סנובון,IL,סנובון כחול שלישיה ב,גרמים,165.00,100 גרם,false,,18.90,11.4545,true,1,33396
7290005427107,false,סנו - סושי מגבות נייר הפלא 6 יחידות,מיוצר עי קונדיטוריית,IL,סנו סושי מגבות הפלא,מטרים,63.50,מטר,false,,12.90,0.2031,true,1,33397
7290005428845,false,מפיות סנו סופט 33*33 100 יחידות,"חי מוצרי נייר בע""מ",IL,סנו סופט מפיות 33*33,יחידה,0.00,יחידה,false,,8.90,0.0000,true,1,33430
7290005430671,false,פוליויקס נוזל לניקוי קרמיקה סנו 2 ליטר,סנו מפעלי ברונו בעמ,IL,סנו פוליווקס קרמיקה,ליטרים,2.00,ליטר,false,,26.00,13.0000,true,1,33447
7290005431159,false,עדן קינוחים תותים בקצפת לייט,עדן קינוחים,IL,תותים בקצפת לייט 80,גרמים,80.00,100 גרם,false,,7.90,9.8750,true,1,370154
7290005431883,false,עדן קינוחים מלבי חלבי,עדן קינוחים Eden,IL,עדן מלבי חלבי 165 גר,גרמים,165.00,100 גרם,false,,7.90,4.7879,true,1,205044
7290005431906,false,מעדן קדאיף עדן קינוח,עדן קינוחים Eden,IL,עדן קדאיף 82 גרם,גרמים,82.00,100 גרם,false,,7.90,9.6341,true,1,205046
7290005431913,false,עדן קינוחים עוגת גבינה פירורים,עדן קינוחים Eden,IL,קינוחי עדן עוגת גבינ,גרמים,92.00,100 גרם,false,,7.90,8.5870,true,1,205047
7290005559587,false,מאפה נקניקיה בבצק מעדנות 800ג',מיוצר עי קונדיטוריית,IL,מאפה נקניקיות 800גר,גרמים,800.00,100 גרם,false,,34.90,4.3625,true,1,40271
7290005559907,false,פיצה משפחתית גבינה מעדנות 500 גר,מיוצר עי קונדיטוריית,IL,פיצה משפחתית גבינה 5,גרמים,500.00,100 גרם,false,,25.90,5.1800,true,1,40276
7290005559914,false,פיצה משפחתית זיתים מעדנות 550 גרם,מיוצר עי קונדיטוריית,IL,פיצה משפחתית זיתים 5,גרמים,550.00,100 גרם,false,,28.90,5.2545,true,1,40277
7290005559990,false,בצק פילאס תורכי מעדנות 600 גרם,מיוצר עי קונדיטוריית,IL,בצק פילאס תורכי מעדנ,גרמים,600.00,100 גרם,false,,29.90,4.9833,true,1,40282
7290005591761,false,דבש טהור מפרחי בר בלחיץ 400 ג' יד מרדכי,מכוורת יד מרדכי שטרא,IL,דבש טהור מפרחי בר בל,גרמים,400.00,100 גרם,false,,27.90,6.9750,true,1,25390
7290005610011,false,תפוחי אדמה אדום ארוז,,,תפו`א אדום דוד משה,קילוגרמים,1.00,"ק""ג",true,,6.90,6.9000,true,1,137672
7290005610127,false,תפוח אדמה לבן דוד משה,אראל תוצרת חקלאית בע,IL,תפו`א גורמה לבן דוד,קילוגרמים,1.00,"ק""ג",true,,8.90,8.9000,true,1,2243
7290005719189,false,לחם מחמצת שיפון אגוז,,,לחם מחמצת שיפון אגו,יח',1.00,יח',false,,18.90,18.9000,true,1,142590
7290005838002,false,מעדן גבינה ויוגורט בטעם וניל 88 ג' דניאלה,"שטראוס בריאות בע""מ",IL,דניאלה מעדן גבינה 15,מיליליטרים,150.00,"100 מ""ל",false,,4.50,3.0000,true,1,26094
7290005838613,false,"סקי וניל בודד 125 גרם ""שטראוס""","שטראוס בריאות בע""מ",IL,גבינה וניל 3% סקי 12,גרמים,125.00,100 גרם,false,,3.90,3.1200,true,1,26095
7290005838972,false,גבינת יום יום 5% שטראוס 125ג',מיוצר עי קונדיטוריית,IL,גבינת יום יום 5% סקי,גרמים,125.00,100 גרם,false,,3.50,2.8000,true,1,26096
7290005839078,false,"יוגורט דנונה ביו לבן 3% שומן 8*150 מ""ל",מיוצר עי קונדיטוריית,IL,דנונה ביו מארז חסכון,קילוגרמים,1.20,"ק""ג",false,,17.90,14.9167,true,1,26097
7290005839108,false,גבינה לבנה סימפוניה עם תוספות 200 ג'+זיתים 5%,"שטראוס בריאות בע""מ",IL,סימפוניה עם זיתים 5%,גרמים,200.00,100 גרם,false,,12.90,6.4500,true,1,26098
7290005839313,false,"מילקי טופ מגולגלת שטראוס 170 מ""ל",מיוצר עי קונדיטוריית,IL,מילקי טופ מגולגלת 14,מיליליטרים,142.00,"100 מ""ל",false,,5.00,3.5211,true,1,26099
7290005896453,false,"בירה מכבי 7.9%, בירה חזקה, בקבוק חוזר 500 מ''ל",פארייפאבה אגרואינדוס,IL,בירה מכבי 7.9 בקבוק,מיליליטרים,500.00,"100 מ""ל",false,,8.90,1.7800,true,1,117346
7290005896620,false,סאן בנדטו - מוגז עדין - 1.5 ליטר,אקווה מינרלה סאן בנד,IT,סאן בנדטו מים מינרלי,ליטרים,1.50,ליטר,false,,5.50,3.6667,true,1,11532
7290005896637,false,סאן בנדטו - מים מינרלים טבעיים מהאלפים 1.5 ליטר,אקווה מינרלה סאן בנד,IT,סאן בנדטו 1.5 ליטר,ליטרים,1.50,ליטר,false,,4.50,3.0000,true,1,11533
7290005901393,false,"""טעים טעים"" נקניקיות",,,"""טעים טעים"" נקניקיות",גרמים,500.00,100 גרם,false,,30.90,6.1800,true,1,138777
7290005901409,false,"""טעים טעים"" נקניקיות",,,"""טעים טעים"" נקניקיות",גרמים,500.00,100 גרם,false,,30.90,6.1800,true,1,138778
7290005901430,false,המבורגר מסעדות טעים,,,המבורגר מסעדות טעים,גרמים,480.00,100 גרם,false,,30.90,6.4375,true,1,138781
7290005901447,false,"""טעים טעים"" שווארמה",,,"""טעים טעים"" שווארמה",גרמים,300.00,100 גרם,false,,31.90,10.6333,true,1,138782
7290005901454,false,סטייק מינוט טעים טעי,,,סטייק מינוט טעים טעי,גרמים,300.00,100 גרם,false,,37.90,12.6333,true,1,138783
7290005938245,false,ממרח פסטו קלאסי פרסקו 220ג' מצונן,מיוצר עי פרסקו חצבה,IL,פרסקו ממרח מצונן פסט,גרמים,220.00,100 גרם,false,,20.90,9.5000,true,1,19951
7290005966033,false,"יין הר חרמון לבן 750 מ""ל",יקבי רמת הגולן,IL,יקבי רמת הגולן הר חר,מיליליטרים,750.00,"100 מ""ל",false,,39.90,5.3200,true,1,114634
7290005992018,false,"יוגורט עיזים לשתיה 3% מחלבות גד 500 מ""ל","מיוצר ע""י קוד יצרן M",IL,גד יוגורט עיזים 3% 5,מיליליטרים,500.00,"100 מ""ל",false,,13.90,2.7800,true,1,16762
7290005992575,false,גבינה בולגרית למריחה 5% גד 250 גרם,מחלבות גד בעמ,IL,גד בולגרית למריחה 5%,גרמים,250.00,100 גרם,false,,18.90,7.5600,true,1,16765
7290005992735,false,לאבנה טבעית 5% 250 גר' - רבנות,הנסיך- מפעל לייצור ט,IL,גד לאבנה 5% 250ג,גרמים,250.00,100 גרם,false,,13.90,5.5600,true,1,16767
7290005996078,false,סרוולט בסגנון הונגרי 200 גר,מעדני יחיעם,IL,סלמי סרוולט הונגרי 1,גרמים,125.00,100 גרם,false,,31.90,25.5200,true,1,221650
7290005996221,false,פסטרמה של פעם דק דק 120 גרם,מעדני יחיעם,IL,פסטרמה של פעם דק דק,גרמים,120.00,100 גרם,false,,14.90,12.4167,true,1,237189
7290005996238,false,פסטרמה בדבש דק דק 120 גרם,מעדני יחיעם,IL,פסטרמה בדבש דק דק יח,גרמים,120.00,100 גרם,false,,14.90,12.4167,true,1,237190
7290005996276,false,פסטרמה ברביקיו דק דק 120 גרם,מעדני יחיעם,IL,פסטרמה ברביקיו דק דק,גרמים,120.00,100 גרם,false,,14.90,12.4167,true,1,237191
7290006065049,false,בלו פיש פילה באס יפני 5-7 (לברק),,IL,פילה באס יפני 7-9 20,קילוגרמים,1.00,"ק""ג",true,,41.90,41.9000,true,1,333498
7290006065179,false,סטייק טונה קפוא בואק,,,סטייק טונה קפוא בואק,קילוגרמים,1.00,"ק""ג",true,,39.90,39.9000,true,1,291151
7290006065599,false,פילה בקלה מרלוזה ארג,,,פילה בקלה מרלוזה ארג,קילוגרמים,1.00,"ק""ג",true,,37.90,37.9000,true,1,333482
7290006199027,false,מאגדת גלידל וניל מצופה סורבה תות שדה [8],הגלידות של פלדמן,IL,גלידל מאגדת בטעם תות,גרמים,600.00,100 גרם,false,,34.90,5.8167,true,1,40933
7290006199218,false,"שמיניית גלידל אייס מוקה ""פלדמן""",הגלידות של פלדמן,IL,גלידל מאגדת בטעם איי,גרמים,400.00,100 גרם,false,,34.90,8.7250,true,1,40934
7290006199942,false,"שמיניית גלידל פרי דובדבן ""פלדמן""",הגלידות של פלדמן,IL,פופסיקל בטעם דובדבן,גרמים,640.00,100 גרם,false,,29.90,4.6719,true,1,226894
7290006229427,false,סן בנדטו - מים מינרלים - מארז שישיית 500 מל,קריות זול,IT,"סאן בנדטו 6*500 מ""ל",ליטרים,3.00,ליטר,false,,13.90,4.6333,true,1,11539
7290006229588,false,בירה איגל לאגר פרימיום חזקה 6.3% 500 מל,"טמפו משקאות בע""מ",IL,איגל בירה פחית זהב 5,מיליליטרים,500.00,"100 מ""ל",false,,6.90,1.3800,true,1,122944
7290006241191,false,אגוזי מלך קליית גת 150 גר,הדקלאים אגודת שיתופי,US,אגוזי מלך 150 גרם קל,גרמים,150.00,100 גרם,false,,17.90,11.9333,true,1,15313
7290006241511,false,"משקה לימונענע מרוכז קפוא פריגת 280 מ""ל",היינץ צפון אמריקה מק,IL,קפוא לימון נענע 340,גרמים,340.00,100 גרם,false,,14.90,4.3824,true,1,8481
7290006251107,false,תה צ'אי מסאלה ויסוצקי 25 יחידות,מולינו ניקולי s.p.a,IL,תה מסאלה ויסוצקי 2/2,גרמים,50.00,100 גרם,false,,21.90,43.8000,true,1,27393
7290006251275,false,תה ירוק סיני קלאסי ויסוצקי 25 יחידות,תה ויסוצקי,IL,תה ירוק סיני,גרמים,37.50,100 גרם,false,,26.90,71.7333,true,1,27395
7290006251343,false,הגן הקסום תה פסיפלורה ומנגו ויסוצקי 25 יחידות,תה ויסוצקי,IL,תה חליטה הגן הקסום פ,גרמים,62.50,100 גרם,false,,19.90,31.8400,true,1,27397
7290006251374,false,תה ירוק לימונית וג'ינג'ר ויסוצקי 25 יחידות,תה ויסוצקי,IL,תה ירוק לימונית וג'י,גרמים,25.00,100 גרם,false,,26.90,107.6000,true,1,27398
7290006256102,false,"יין אדום מרלו גאטו נגרו 750 מ""ל",יקבי הר מרון,AR,גאטו נגרו מרלו 750 מ,מיליליטרים,750.00,"100 מ""ל",false,,42.90,5.7200,true,1,9325
7290006256775,false,"גאטו נגרו מלבק 750 מ""ל",,,גאטו נגרו מלבק 750 מ,מיליליטרים,750.00,"100 מ""ל",false,,42.90,5.7200,true,1,9329
7290006265548,false,נבטים סינים מרינה ארוז 360ג',"מרינה פטריות הגליל בע""מ",IL,נבטים סינים,יח',1.00,יח',false,,7.90,7.9000,true,1,2836
7290006265890,false,נבטי גרעיני חמניה יח,"מרינה פטריות הגליל בע""מ",IL,נבטי חמניה יח,יח',1.00,יח',false,,8.90,8.9000,true,1,2837
7290006271174,false,ג'חנון לאפיה בתנור מעדנות 700 גרם,מיוצר עי קונדיטוריית,IL,גחנון לאפיה בתנור מע,גרמים,700.00,100 גרם,false,,21.90,3.1286,true,1,40283
7290006272072,false,חטיפי פיצה בשקית מעדנות 650ג',"מעדנות בע""מ",IL,חטיפי פיצה מעדנות 65,גרמים,650.00,100 גרם,false,,38.90,5.9846,true,1,119162
7290006272430,false,בצק עלים חמאה מעדנות 600 גרם,מיוצר עי קונדיטוריית,IL,בצק עלים חמאה 600 גר,גרמים,600.00,100 גרם,false,,33.90,5.6500,true,1,40294
7290006306296,false,רביולי במילוי גבינה לילדים 400 ג' פסטה נונה,פסטנונה רמת דלטון מר,IL,פסטה נונה פסטה נונה,גרמים,400.00,100 גרם,false,,27.90,6.9750,true,1,29008
7290006306302,false,רביולי במילוי גבינות פרמזן ריקוטה 400 ג' פסטה נונה,דורום תעשיות מזון ופ,IL,פסטה נונה ריביולי פר,גרמים,400.00,100 גרם,false,,27.90,6.9750,true,1,29009
7290006306319,false,רביולי במילוי בטטה 400 ג' פסטה נונה,דורום תעשיות מזון ופ,IL,פסטה נונה פסטה נונה,גרמים,400.00,100 גרם,false,,27.90,6.9750,true,1,29010
7290006306357,false,רביולי במילוי גבינת עיזים 400 ג' פסטה נונה,דורום תעשיות מזון ופ,IL,פסטה נונה ריביולי גב,גרמים,400.00,100 גרם,false,,28.90,7.2250,true,1,29014
7290006342065,false,בוטנים קלויים 200 ג ששון הקולה,,,בוטנים קלויים 200 ג,גרמים,200.00,100 גרם,false,,8.90,4.4500,true,1,6561
7290006342515,false,מנצס 200 גרם ששון הקולה,"דין שיווק וקלייה בע""",,מנציס 200 גרם,גרמים,200.00,100 גרם,false,,7.90,3.9500,true,1,116980
7290006342645,false,טורטיה גדולה 840 גר' 12 יח,אלקטי קוראבייכיסיגיד,TR,טורטייה 840 גרם,גרמים,840.00,100 גרם,false,,15.90,1.8929,true,1,116983
7290006374738,false,קונפיטורת יד מרדכי תות 340 גרם,אף.סי תבליני בגליל ב,IL,קונפיטורת תות יד מור,גרמים,340.00,100 גרם,false,,14.90,4.3824,true,1,25397
7290006449955,false,מלפפון בייבי מארז,"מרינה פטריות הגליל בע""מ",IL,מלפפון בייבי,יח',1.00,יח',false,,9.90,9.9000,true,1,331352
7290006492432,false,גבינת מוצרלה בייבי 18% גד 150 גרם,מחלבות גד בעמ,IL,גד בייבי מוצרלה 150ג,גרמים,170.00,100 גרם,false,,15.90,9.3529,true,1,16768
7290006492616,false,גבינה בולגרית מעודנת פרוסות 5% גד 250 גרם,DSH עבור מחלבות גד ב,IL,גד בולגרית פרוסות 5%,גרמים,250.00,100 גרם,false,,29.90,11.9600,true,1,16770
7290006492630,false,גבינת פרומעז עיזים 22% גד 180 גרם,מחלבות גד בעמ,IL,גד גבינת גליל גד עזי,גרמים,180.00,100 גרם,false,,23.90,13.2778,true,1,16771
7290006492685,false,גבינת לאבנה עיזים 5% גד 250 גרם,מחלבות גד בעמ,IL,גד לאבנה עזים 3% 250,גרמים,250.00,100 גרם,false,,19.90,7.9600,true,1,16773
7290006492852,false,גבינת עיזים למריחה 5% שומן 250 ג' גד,קריות זול,IL,גד גבינת עיזים למריח,גרמים,250.00,100 גרם,false,,18.90,7.5600,true,1,16774
7290006494924,false,טוסו וופל קלאסי במילוי קרם לימון 200 גרם,"גילרו בע""מ",IL,מרמולייט ופל בטעם לי,גרמים,180.00,100 גרם,false,,12.90,7.1667,true,1,7759
7290006511157,false,"פטריות שלמות ויליפוד 400 גרם בד""ץ",אוקצ'מפס אס.איי אויי,PL,פטריות שלמות שמפיניו,גרמים,230.00,100 גרם,false,,8.50,3.6957,true,1,4874
7290006511751,false,פטריות שמפניון חתוך ויליפוד 290X3 ג' בד”צ,לוטס,NL,פטריות חתוכות ויליפו,גרמים,870.00,100 גרם,false,,13.00,1.4943,true,1,4877
7290006556004,false,מלפפון מובחר ארוז,,,מלפפון מובחר ארוז,יח',1.00,יח',false,,8.90,8.9000,true,1,212007
7290006567048,false,קוסקוס ישראלי מפתול אסם 350ג',"מיוצר ע""י קוד יצרן K",IL,קוסקוס ישראלי בשקית,גרמים,350.00,100 גרם,false,,8.90,2.5429,true,1,22621
7290006618085,false,"אסטוניש תרסיס ניקוי אמבטיה וכיורים יעקבי 750 מ""ל",יעקובי אסטוניש,GB,אסטוניש מרסס לאמבט 7,מיליליטרים,750.00,"100 מ""ל",false,,14.90,1.9867,true,1,13402
7290006652027,false,במבה חטיף בוטנים אסם 20*15 גרם,מיוצר עי קונדיטוריית,IL,במבה יום הולדת מאח.1,גרמים,300.00,100 גרם,false,,26.90,8.9667,true,1,22626
7290006653765,false,פסטה פרפקטו פטוציני 500 ג' אסם,אסם פרפקטו,IT,פטוציני פרפקטו 500 ג,גרמים,500.00,100 גרם,false,,7.90,1.5800,true,1,22628
7290006653819,false,פתיתי קוסקוס דק 350 גרם,"מיוצר ע""י קוד יצרן K",IL,קוסקוס דק בשקית אסם,גרמים,350.00,100 גרם,false,,8.90,2.5429,true,1,22629
7290006660596,false,קמח עדשים אדומות ללא גלוטן 500 גרם,אף.סי תבליני בגליל ב,IL,דגש קמח עדשים אדומות,גרמים,500.00,100 גרם,false,,20.90,4.1800,true,1,272177
7290006660602,false,מי קוקוס אורגני גרין קוקו קרטונית 1 ליטר,תות תעשיות מזון (201,PH,גרין קוקו - מי קוקוס,ליטרים,1.00,ליטר,false,,18.90,18.9000,true,1,272241
7290006664051,false,"אקטימל לבן מארז 100X14 מ""ל",מיוצר עי קונדיטוריית,IL,אקטימל טבעי 14*100מל,ליטרים,1.40,ליטר,false,,33.90,24.2143,true,1,26105
7290006664402,false,גבינה לבנה סקי 5% שומן 750 גרם,מיוצר עי קונדיטוריית,IL,שטראוס גבינה 5% 750ג,גרמים,750.00,100 גרם,false,,14.25,1.9000,true,1,26110
7290006664532,false,יוגורט עם תות 3% שומן 150 ג' דנונה,מיוצר עי קונדיטוריית,IL,דנונה תות 3% 150מל,גרמים,150.00,100 גרם,false,,3.90,2.6000,true,1,26111
7290006664655,false,"אקטימל לבן טבעי מארז 100X8 מ""ל",מיוצר עי קונדיטוריית,IL,אקטימל טבעי 8*100מל,מיליליטרים,800.00,"100 מ""ל",false,,23.90,2.9875,true,1,26113
7290006664693,false,יוגורט עם אפרסק 3% שומן 150 ג' דנונה,מיוצר עי קונדיטוריית,IL,דנונה אפרסק 3% 150מל,גרמים,150.00,100 גרם,false,,3.90,2.6000,true,1,26114
7290006664990,false,"יוגורט דנונה ביו לבן 1.7% שומן 8*150 מ""ל",מיוצר עי קונדיטוריית,IL,דנונה ביו מארז חיסכו,קילוגרמים,1.20,"ק""ג",false,,17.90,14.9167,true,1,26117
7290006681065,false,"קסטה שוקו וניל ""שטראוס""","מיוצר ע""י גלידת שטרא",IL,טעמקור אקסטרא לארג,יחידה,0.00,יחידה,false,,8.90,0.0000,true,1,6090
7290006681577,false,מאגדת קרחון אסקימו לימון דובדובן 10 יח' שטראוס,"מיוצר ע""י גלידת שטרא",IL,קרחון אסקימו 2+8,גרמים,700.00,100 גרם,false,,19.90,2.8429,true,1,6095
7290006704016,false,בזיליקום ארוז יחידה,,,בזיליקום ארוז יחידה,יח',1.00,יח',false,,6.90,6.9000,true,1,2840
7290006704047,false,רוזמרין,,,רוזמרין,יח',1.00,יח',false,,6.90,6.9000,true,1,2842
7290006704078,false,אורגנו,,,אורגנו,יח',1.00,יח',false,,6.90,6.9000,true,1,2845
7290006704092,false,מרווה יחידה,,,מרווה יחידה,יח',1.00,יח',false,,5.90,5.9000,true,1,2846
7290006704108,false,קורנית /טימין יח',,,קורנית /טימין יח',יח',1.00,יח',false,,6.90,6.9000,true,1,2847
7290006704511,false,"תפו""א גמדי אדום למיקרו מרינה 750ג'","מרינה פטריות הגליל בע""מ",IL,תפוא ננסי מיקרוגל,גרמים,750.00,100 גרם,false,,7.90,1.0533,true,1,2855
7290006704733,false,אספרגוס יחידה קמעונאי,מרינה,IL,אספרגוס ארוז,יח',1.00,יח',false,,31.90,31.9000,true,1,2858
7290006739131,false,בצק גולמי פילו זוגלובק 500ג',מאפיית אריאל,IL,זוגלובק בצק פילו 500,גרמים,500.00,100 גרם,false,,18.90,3.7800,true,1,44026
7290006739414,false,נקניק סלמי קוניאק זוגלובק 300 גרם,נקניק נהריה כשר זוגל,IL,סלמי קוניאק זוגלובק,גרמים,300.00,100 גרם,false,,34.90,11.6333,true,1,44034
7290006739421,false,נקניק סלמי מעושן איטלקי זוגלובק 300 גרם,נקניק נהריה כשר זוגל,IL,סלמי מעושן איטלקי ז,גרמים,300.00,100 גרם,false,,34.90,11.6333,true,1,44035
7290006739445,false,שניצל תירס קלאסי 750 ג' זוגלובק,נקניק נהריה כשר זוגל,IL,שניצל תירס קלאסי 750,גרמים,750.00,100 גרם,false,,29.90,3.9867,true,1,44036
7290006739544,false,נקניק כתף בקר 3% 300 גרם,זוגלובק,IL,כתף בקר זוגלובק 300,גרמים,300.00,100 גרם,false,,36.90,12.3000,true,1,44037
7290006742292,false,פסטרמה הודו בדבש 330 ג' זוגלובק,נקניק נהריה כשר זוגל,IL,פסטרממיה בדבש 1% 330,גרמים,330.00,100 גרם,false,,35.90,10.8788,true,1,44063
7290006742315,false,פסטרמה חזה הודו ברביקיו 2% זוגלובק 330 גרם,נקניק נהריה כשר זוגל,IL,חזה הודו ברביקיו 1%,גרמים,330.00,100 גרם,false,,35.90,10.8788,true,1,44065
7290006753953,false,המבורגר אנטריקוט 500 גרם,,,המבורגר אנטריקוט פרי,גרמים,500.00,100 גרם,false,,39.90,7.9800,true,1,440173
7290006764065,false,בירה נשר מאלט ללא אלכוהול 500 מל,"טמפו משקאות בע""ם.",IL,נשר מאלט בקבוק פקדון,מיליליטרים,500.00,"100 מ""ל",false,,5.90,1.1800,true,1,11541
7290006764072,false,"גולדסטאר בירה בק חוזר 500 מ""ל","טמפו משקאות בע""מ",IL,גולדסטאר בירה בק חוז,מיליליטרים,500.00,"100 מ""ל",false,,7.90,1.5800,true,1,11542
7290006764096,false,"בירה איגל 500 מ""ל 3.8% בקבוק חוזר","טמפו משקאות בע""מ",IL,בירה איגל בקבוק 500,מיליליטרים,500.00,"100 מ""ל",false,,8.50,1.7000,true,1,92181
7290006764157,false,"בירה גולדסטאר Unfiltered, בירה לא מסוננת, בקבוק חוזר 500 מ""ל",פארייפאבה אגרואינדוס,IL,בירה גולדסטאר לא מסו,מיליליטרים,500.00,"100 מ""ל",false,,9.10,1.8200,true,1,279044
7290006765895,false,בוטן בקליפה 200 גרם שושן הקולה,"דין שיווק וקלייה בע""",IL,בוטן קלוי בקליפה 200,גרמים,200.00,100 גרם,false,,7.90,3.9500,true,1,6588
7290006822192,false,נקטר דיאט חמוציות אושן ספריי פריגת 1 ליטר,מבשלות בירה בינלאומי,IL,אושן ספרי דיאט חמוצי,ליטרים,1.00,ליטר,false,,13.50,13.5000,true,1,8998
7290006855404,false,בר בראי בייטס כדורי תמריםקשיו שקדים ופיסטוק 55 גרם בית יוסף,טבעית מוצרים מן הטבע,IL,ברבריא BITES חטיף תמ,גרמים,55.00,100 גרם,false,,8.90,16.1818,true,1,360830
7290006908360,false,שקד קלוי 150 גר' פיצוחי חממה,בוטנת,,שקד קלוי 150 גר` פיצ,גרמים,150.00,100 גרם,false,,17.90,11.9333,true,1,126403
7290006908377,false,שקד טבעי 150 גר פיצוחי חממה,בוטנת,,שקד טבעי 150 גר` פיצ,גרמים,150.00,100 גרם,false,,17.90,11.9333,true,1,126404
7290006920829,false,"תחליפי גבינ""צ צ'דר פרוס 350 גר'",צי תעשיות מזון יבנה,IL,כפיר צדר פרוס 350 גר,גרמים,350.00,100 גרם,false,,16.90,4.8286,true,1,21884
7290006920836,false,"תחליפי גבינ""צ מעושן פרוס 350 גר'",צי תעשיות מזון יבנה,IL,מעושן פרוס כפיר 350,גרמים,350.00,100 גרם,false,,16.90,4.8286,true,1,21885
7290006983176,false,אוסם - לחמית שיפון 250 גרם,"אסם תעשיות בע""מ",IL,לחמית שיפון אסם 250,גרמים,230.00,100 גרם,false,,9.90,4.3043,true,1,22633
7290006983206,false,תערובת להכנת פלפל קלי קלות 180 גרם,"אסם תעשיות בע""מ",IL,תערובת פלאפל בקלי קל,גרמים,180.00,100 גרם,false,,12.90,7.1667,true,1,68009
7290006983763,false,עוגת הבית שוקולד 400 גרם אסם.,מיוצר עי קונדיטוריית,IL,עוגת הבית שוקולד 400,גרמים,400.00,100 גרם,false,,15.90,3.9750,true,1,22637
7290006983770,false,עוגת הבית שיש אסם 400 גרם,מיוצר עי קונדיטוריית,IL,עוגת הבית שיש 400גר,גרמים,400.00,100 גרם,false,,15.90,3.9750,true,1,22638
7290006983787,false,עוגת הבית שוקולד צ'יפס אסם 400 גרם,מיוצר עי קונדיטוריית,IL,עוגת הבית שוקוציפס 4,גרמים,400.00,100 גרם,false,,15.90,3.9750,true,1,22639
7290006983794,false,עוגת הבית בטעם תפוז אסם 400 גרם,מיוצר עי קונדיטוריית,IL,עוגת הבית תפוז 400גר,גרמים,400.00,100 גרם,false,,15.90,3.9750,true,1,22640
7290006992208,false,מטרנה דייסת 8 דגנים מעורבים 200 גרם,מטרנה תעשיות ש.מ,IL,מטרנה דייסת דגנים פר,גרמים,200.00,100 גרם,false,,16.90,8.4500,true,1,22646
7290008116541,false,"שטיפת פה ליסטרין קול מינט 500 מ""ל",ג'ונסון אנד ג'ונסון,IT,מי פה ליסטרין בטעם מ,מיליליטרים,500.00,"100 מ""ל",false,,23.90,4.7800,true,1,32870
7290008116565,false,ליסטרין שטיפת פה פרש 500 מל,ג'ונסון אנד ג'ונסון,IT,מי פה פרש ליסטרין 50,מיליליטרים,500.00,"100 מ""ל",false,,23.90,4.7800,true,1,32872
7290008154222,false,שניצלונים עוף טוב 700 גרם,מוצרי עוף טוב (2001),IL,שניצלונים עוף טוב 70,גרמים,700.00,100 גרם,false,,21.90,3.1286,true,1,23422
7290008175210,false,גבינת פרמזן מגורדת 90ג' ויליפוד,זנטי אס.איי.,IT,וילי פוד פרמזן מגורד,גרמים,90.00,100 גרם,false,,18.90,21.0000,true,1,4879
7290008175814,false,וילי פוד פטריות שמפיניון חתוך בדץ 400ג,"אוקצ'מפ אס, איי אויי",PL,פטריות חתוכות שמפיני,גרמים,400.00,100 גרם,false,,5.90,1.4750,true,1,4883
7290008268301,false,אוכמניות יחידה,מרינה,IL,אוכמניות,גרמים,120.00,100 גרם,false,,11.90,9.9167,true,1,142298
7290008268455,false,קיווי ישראלי בראשית,חקלאי,IL,קיווי ארוז בראשית,יח',1.00,יח',false,,12.90,12.9000,true,1,371706
7290008300599,false,70*50 'שקיות אשפה שר,,,70*50 'שקיות אשפה שר,יחידה,0.00,יחידה,false,,17.90,0.0000,true,1,378895
7290008333115,false,אבקת ג'לטין טהור נטו 28 גרם,ג'ליק פיניור,IL,.ג'לטין טהור 28 גר,גרמים,28.00,100 גרם,false,,11.50,41.0714,true,1,19963
7290008340618,false,סלמון מעושן מצונן דלידג 100 ג',ויליגר תעשיות בעמ,IL,סלמון 100 מעושן מצונ,גרמים,100.00,100 גרם,false,,22.90,22.9000,true,1,19973
7290008343466,false,בצק פילו 500 גרם שלושת האופים,שלושת האופים שגמור,IL,בצק פילו 500 גרם,גרמים,500.00,100 גרם,false,,21.90,4.3800,true,1,19980
7290008343558,false,"סיגרים בשר שלושת האופים 1 ק""ג",שלושת האופים,IL,סיגרים בשר 1 ק`ג שלו,קילוגרמים,1.00,"ק""ג",false,,17.90,17.9000,true,1,117959
7290008343602,false,"קובה בשר 1 ק""ג שלושת האופים",שלושת האופים,IL,קובה בשר 1 ק`ג שלושת,קילוגרמים,1.00,"ק""ג",false,,17.90,17.9000,true,1,117962
7290008344272,false,המבורגר 100% טיבון ויל 400 גרם,טיבון ויל אחזקות בעמ,IL,המבורגר 100% 400 ג'-,גרמים,400.00,100 גרם,false,,24.90,6.2250,true,1,19995
7290008345583,false,איקרה ביתית ורוד 300 גרם דלידג,כלורוקס אוקלנד,IL,300 איקרה ביתית ורוד,גרמים,300.00,100 גרם,false,,21.90,7.3000,true,1,20003
7290008347211,false,אצבעות דג מצופות דלידג 700 גרם,אף.סי תבליני בגליל ב,IL,דלידג אצבעות דג 700,גרמים,700.00,100 גרם,false,,28.90,4.1286,true,1,20005
7290008409100,false,אצבעות שניצל בציפוי שומשום מאמא עוף 700 גרם,תנובה גליל שותפות מו,IL,אצבעות שניצל ציפוי ש,גרמים,700.00,100 גרם,false,,40.90,5.8429,true,1,29602
7290008409124,false,מאמא עוף קפוא שניצל ג'ונגל פריך 700 גרם,תנובה גליל שותפות מו,IL,מאמא עוף קפוא שניצל,גרמים,700.00,100 גרם,false,,40.90,5.8429,true,1,29603
7290008409216,false,מאמא עוף קפוא שניצל דק פריך 700 גרם,תנובה גליל,IL,מאמא עוף קפוא שניצל,גרמים,700.00,100 גרם,false,,45.90,6.5571,true,1,29604
7290008409407,false,מאמא עוף שניצל דק ציפס 700 גרם,תנובה גליל שותפות מו,IL,מאמא עוף שניצל דק צי,גרמים,700.00,100 גרם,false,,45.90,6.5571,true,1,29609
7290008415071,false,צבר חומוס עם טחינה עגול 150 גרם,לחמנו,IL,צבר חומוס עם טחינה 1,גרמים,150.00,100 גרם,false,,5.90,3.9333,true,1,23425
7290008415514,false,צבר חומוס עם חריף עגול 150 גרם,לחמנו,IL,צבר סלט חומוס עם חרי,גרמים,150.00,100 גרם,false,,5.90,3.9333,true,1,23426
7290008443616,false,"מרכך לשיער יבש אדום 750 מ""ל נקה 7","אמיליה קוסמטיקס בע""מ",IL,מרכך לשיער יבש אדום,מיליליטרים,750.00,"100 מ""ל",false,,12.90,1.7200,true,1,33563
7290008461238,false,"סרדינים בשמן חמניות ופלפל חריף רוברט 84 גרם, 115 גרם",קונסוורס,PT,סרדינים רוברט בשמן ח,גרמים,115.00,100 גרם,false,,7.90,6.8696,true,1,20011
7290008462204,false,חרדל דיז'ון מקורי נטו מאי 380 גרם,יוניליבר צרפת,FR,חרדל דיזון מקורי 380,גרמים,380.00,100 גרם,false,,19.90,5.2368,true,1,20013
7290008462259,false,חרדל דיזיון גרגירים 345 גרם,יוניליוור צרפת,FR,חרדל דיזון חריף גרגי,גרמים,380.00,100 גרם,false,,19.90,5.2368,true,1,20014
7290008464024,false,"בירה גולדסטאר Unfiltered, בירה לא מסוננת, פחית 500 מ""ל","טמפו משקאות בע""מ",IL,גולדסטאר לא מסונן פח,מיליליטרים,500.00,"100 מ""ל",false,,11.50,2.3000,true,1,11557
7290008464130,false,"בירה גולדסטאר Unfiltered, בירה לא מסוננת, מארז שישייה, בקבוק 330 מ""ל",טמפו,IL,גולדסטאר לא מסונן 6*,ליטרים,1.98,ליטר,false,,46.90,23.6869,true,1,11559
7290008464222,false,"בירה מכבי 7.9%, בירה חזקה, פחית 500 מ""ל","טמפו משקאות בע""מ",IL,מכבי 7.9 פחית 500 מל,מיליליטרים,500.00,"100 מ""ל",false,,9.50,1.9000,true,1,11560
7290008464345,false,"בירה גולדסטאר, בקבוק 330 מ''ל",פארייפאבה אגרואינדוס,IL,"גולדסטאר בירה ח""פ 33",יחידה,330.00,יחידה,false,,8.70,0.0264,true,1,11564
7290008464468,false,"בירה גולדסטאר, פחית 500 מ""ל",פארייפאבה אגרואינדוס,IL,"גולדסטאר פחית 500מ""ל",מיליליטרים,500.00,"100 מ""ל",false,,9.90,1.9800,true,1,11570
7290008464475,false,"בירה מכבי, פחית 500 מ""ל","טמפו משקאות בע""מ",IL,"מכבי פחית 500מ""ל",מיליליטרים,500.00,"100 מ""ל",false,,8.80,1.7600,true,1,11571
7290008464604,false,"בירה היינקן, פחית 500 מ""ל",טמפו משקאות בע''מ,NL,הייניקן בירה פח 500מ,מיליליטרים,500.00,"100 מ""ל",false,,13.90,2.7800,true,1,11577
7290008464611,false,"הסודה של טמפו, מי סודה בגיזוז חזק, 275 מל",טמפו משקאות בעמ,IL,"מי סודה טמפו 275 מ""ל",מיליליטרים,275.00,"100 מ""ל",false,,3.50,1.2727,true,1,126985
7290008464673,false,"בירה גולדסטאר SLOWBREW פחית 10%, 500 מ""ל","טמפו משקאות בע""מ",IL,גולדסטאר SLOWBREW 10,מיליליטרים,500.00,"100 מ""ל",false,,11.50,2.3000,true,1,136375
7290008464697,false,"בירה מכבי 7.9%, בירה חזקה, מארז שישייה, בקבוק 330 מ""ל",טמפו,IL,מכבי 7.9% בקבוק 6* 3,ליטרים,1.98,ליטר,false,,37.90,19.1414,true,1,11578
7290008464741,false,"בירה גולדסטאר, מארז שישייה, בקבוק 330 מ''ל",קריות זול,IL,"גולדסטאר ח""פ בקבוק 6",ליטרים,1.98,ליטר,false,,40.90,20.6566,true,1,11581
7290008464796,false,"בירה היינקן, מארז שישייה, בקבוק 330 מ''ל",קריות זול,IL,"הייניקן בקבוק ח""פ 6*",ליטרים,1.98,ליטר,false,,47.90,24.1919,true,1,11584
7290008466646,false,שניק קינמון ברליס 30,,,שניק קינמון ברליס 30,גרמים,300.00,100 גרם,false,,20.90,6.9667,true,1,397284
7290008500517,false,עוגה בטעם דבש פילסב,ב- פילסברי (ג'נל מיל,IL,עוגה בטעם דבש פילסב,יח',1.00,יח',false,,22.90,22.9000,true,1,346904
7290008636957,false,שקדים מולבנים גרוסים 100גרם,מיה תעשיות מזון,IL,מיה שקד מולבן גרוס 1,גרמים,100.00,100 גרם,false,,12.80,12.8000,true,1,53978
7290008636964,false,שקדים מולבנים שבבים מיה 100 גרם,מיה תעשיות מזון,IL,מיה שקד מולבן שבבים,גרמים,100.00,100 גרם,false,,12.80,12.8000,true,1,53979
7290008636995,false,גרעיני דלעת קלופים 100 גר' מיה,מיה תעשיות מזון,IL,מיה גרעיני דלעת קלופ,גרמים,100.00,100 גרם,false,,9.10,9.1000,true,1,53982
7290008644112,false,סלט מטבוחה יום יום אחלה 125 ג',"שטראוס גרופ בע""מ",IL,אחלה מטבוחה 125ג,גרמים,125.00,100 גרם,false,,5.90,4.7200,true,1,26119
7290008644235,false,עלי בייבי שטראוס 120 גרם,שטראוס בריאות ירקות,IL,עלי בייבי 120 ג ירקו,גרמים,120.00,100 גרם,false,,10.90,9.0833,true,1,55931
7290008644945,false,לקט לסלט המושבה שטראוס 450 גרם,שטראוס בריאות ירקות,IL,סלט המושבה 450 ג ירק,גרמים,450.00,100 גרם,false,,13.90,3.0889,true,1,26122
7290008670012,false,"יין אדום קברנה סוביניון רקנאטי 750 מ""ל",תות ממתקי איכות,IL,רקנאטי קברנה סובניו,מיליליטרים,750.00,"100 מ""ל",false,,55.90,7.4533,true,1,9330
7290008670029,false,"יין אדום מרלו רקנאטי 750 מ""ל",תות ממתקי איכות,IL,רקנאטי מרלו 750מל,מיליליטרים,750.00,"100 מ""ל",false,,55.90,7.4533,true,1,9331
7290008670142,false,"יין רקנאטי יסמין אדום 750 מ""ל",תות ממתקי איכות,IL,רקנאטי יסמין אדום 75,מיליליטרים,750.00,"100 מ""ל",false,,39.90,5.3200,true,1,9332
7290008690713,false,נקטר חמוציות אושן ספריי פריגת 1 ליטר,מבשלות בירה בינלאומי,IL,אושן ספרי חמוציות 1ל,ליטרים,1.00,ליטר,false,,13.50,13.5000,true,1,9019
7290008693134,false,מעדן גבינה ויוגורט בטעם תות 5% שומן 88 ג' דניאלה,"שטראוס בריאות בע""מ",IL,דניאלה תות מעדן גבינ,מיליליטרים,150.00,"100 מ""ל",false,,4.50,3.0000,true,1,26124
7290008713900,false,לחם שיפון עגול פרוס אנג'ל 750 גרם,מאפיית אנג'ל אורנים,IL,לחם שיפון עגול אנגל,גרמים,750.00,100 גרם,false,,14.90,1.9867,true,1,69256
7290008745239,false,תפוצ'יפס קראנצ' בטעם טבעי עלית 50 גרם,"שטראוס פריטו ליי בע""",IL,תפוציפס קראנץ טבעי 5,גרמים,50.00,100 גרם,false,,4.90,9.8000,true,1,26631
7290008747547,false,תפוצ'יפס קראנץ' בטעם טבעי עלית 200 גרם,"שטראוס פריטו ליי בע""",IL,תפוציפס קראנץ טבעי 2,גרמים,200.00,100 גרם,false,,10.90,5.4500,true,1,26633
7290008750264,false,מסטיק מאסט LL פליפ.דובדבן מגדים 28 גר,"שטראוס גרופ בע""מ",IL,מאסט דובדבן 28ג,גרמים,28.00,100 גרם,false,,4.90,17.5000,true,1,25407
7290008752244,false,תפוצ'יפס קראנץ' בטעם גריל עלית 50 גרם,"שטראוס פריטו ליי בע""",IL,תפוציפס קראנץ גריל 5,גרמים,50.00,100 גרם,false,,4.90,9.8000,true,1,26639
7290008753111,false,תפוצ'יפס קראנץ' בטעם מקסיקני עלית 50 גרם,"שטראוס פריטו ליי בע""",IL,תפוציפס מקסיקני 50גר,גרמים,50.00,100 גרם,false,,4.90,9.8000,true,1,26641
7290008754415,false,גומי מאסט בטעם ספירמינט עדין פליפטופ 28 ג' עלית,"שטראוס גרופ בע""מ",IL,מאסט מנטה עדין 28 גר,גרמים,28.00,100 גרם,false,,4.90,17.5000,true,1,25416
7290008757980,false,קרטונית ספרינג נקטר רימונים 1 ליטר,"יפאורה תבורי בע""מ",IL,ספרינג רימונים 1ל,ליטרים,1.00,ליטר,false,,7.90,7.9000,true,1,13594
7290008775816,false,ערגליות עוגיות במילוי שוקו אסם 300 גרם,מיוצר עי קונדיטוריית,IL,ערגליות שוקולד 300 ג,גרמים,300.00,100 גרם,false,,11.90,3.9667,true,1,22649
7290008775823,false,ערגליות במילוי תות אסם 300 גרם,מיוצר עי קונדיטוריית,IL,ערגליות תות שדה 300,גרמים,300.00,100 גרם,false,,11.90,3.9667,true,1,22650
7290008801157,false,מרלו סלקטד כרמל מזרחי 750 מל,כרמל מזרחי,IL,יין סלקטד מרלו 750 מ,מיליליטרים,750.00,"100 מ""ל",false,,32.90,4.3867,true,1,516
7290008801522,false,יין קינג דויד קונקורד אדום מתוק 750 מל,אגודת הכורמים הקואופ,IL,יין קונקורד קינג דיו,מיליליטרים,750.00,"100 מ""ל",false,,23.90,3.1867,true,1,522
7290008801843,false,קברנה סוביניון אדום יבש 750 מל סלקטד,"כד בני דרום בע""מ",IL,יין סלקטד קברנה סובנ,מיליליטרים,750.00,"100 מ""ל",false,,32.90,4.3867,true,1,525
7290008803090,false,"יין מרלו קולקשיין הסדרה האזורית כרמל 750 מ""ל",אגודת הכורמים הקואופ,IL,מרלו סדרה אזורית,מיליליטרים,750.00,"100 מ""ל",false,,64.90,8.6533,true,1,533
7290008804189,false,יין קברנה סוביניון גליל עליון סדרה אזורית יקבי כרמל,אגודת הכורמים הקואופ,IL,קברנה סוביניון סדרה,מיליליטרים,750.00,"100 מ""ל",false,,64.90,8.6533,true,1,534
7290008805049,false,סלקטד זינפנדל כרמל מזרחי 750 מל,"כד בני דרום בע""מ",IL,יין סלקטד רוזה כרמל,מיליליטרים,750.00,"100 מ""ל",false,,32.90,4.3867,true,1,547
7290008805384,false,סלקטד מוסקטו לבן מבעבע 750 מל 2016,אגודת הכורמים הקואופ,IL,יין סלקטד מוסקטו 750,מיליליטרים,750.00,"100 מ""ל",false,,32.90,4.3867,true,1,548
7290008805520,false,יין קברנה /מרלו סלקטד יקבי כרמל,"כד בני דרום בע""מ",IL,יין סלקטד קברנה סובנ,מיליליטרים,750.00,"100 מ""ל",false,,32.90,4.3867,true,1,549
7290008806961,false,גלידה שוקולד שבבי שוקולד פרה 1.33 ל' קרמיסימו,"גלידת שטראוס בע""מ, ר",IL,קרמיסימו שוקולד שבבי,ליטרים,1.33,ליטר,false,,22.90,17.2180,true,1,6104
7290008849470,false,פלפל צ'ומה חריף אוליביה 185 גרם,אוליביה גורמה בעמ,IL,אוליביה ממרח פלפל צו,גרמים,185.00,100 גרם,false,,14.90,8.0541,true,1,5404
7290008849753,false,רוטב טריאקי אוליביה 300 גרם,מיוצר עי קונדיטוריית,IL,רוטב טריאקי עשיר אול,מיליליטרים,300.00,"100 מ""ל",false,,15.90,5.3000,true,1,5411
7290008909853,false,קוקה קולה זירו בקבוק 500מל,פארייפאבה אגרואינדוס,IL,קוקה קולה זירו 500 מ,מיליליטרים,500.00,"100 מ""ל",false,,7.90,1.5800,true,1,8509
7290009018004,false,פיקדון בקבוק/פחית בו,Unknown,,פיקדון בקבוק/פחית בו,יחידה,0.00,יחידה,false,,0.30,0.0000,true,1,49
7290009018011,false,פיקדון בקבוק/פחיות ש,,,פיקדון בקבוק/פחיות ש,יחידה,0.00,יחידה,false,,1.80,0.0000,true,1,864
7290009018264,false,פיקדון בקבוק/פחית רב,,,פיקדון בקבוק/פחית רב,יחידה,0.00,יחידה,false,,1.20,0.0000,true,1,635
7290009174397,false,כריך א לעובד-כשר לפס,,,כריך עובד מגה,יחידה,0.00,יחידה,false,,1.50,0.0000,true,1,56003
7290010002030,false,תבלין כמון טחון תבליני מימון 100 גרם,א.ל ייצור ושיווק תבל,IL,מימון כמון במיכל 100,גרמים,100.00,100 גרם,false,,12.90,12.9000,true,1,171
7290010002047,false,תבלין מלח לימון תבליני מימון 200 גרם,א.ל ייצור ושיווק תבל,IL,מימון מלח לימון במיכ,גרמים,200.00,100 גרם,false,,10.50,5.2500,true,1,172
7290010002078,false,תבלין פלפל שחור טחון 100 גרם,א.ל ייצור ושיווק תבל,IL,מימון פלפל שחור טחון,גרמים,100.00,100 גרם,false,,15.90,15.9000,true,1,175
7290010002092,false,תבלין פלפל שחור גרוס דק תבליני מימון 90,א.ל ייצור ושיווק תבל,IL,מימון פלפל שחור גרוס,גרמים,90.00,100 גרם,false,,15.90,17.6667,true,1,177
7290010002122,false,תבלין פפריקה מתוקה הונגרית מימון 100 גרם,א.ל ייצור ושיווק תבל,IL,מימון פפריקה הונגרית,גרמים,100.00,100 גרם,false,,12.90,12.9000,true,1,180
7290010002139,false,תבלין פפריקה הונגרית חריפה 100 גרם,א.ל ייצור ושיווק תבל,IL,מימון פפריקה הונגרית,גרמים,100.00,100 גרם,false,,12.90,12.9000,true,1,181
7290010002146,false,תבלין פפריקה מרוקאית מתוקה מימון 100 גרם,א.ל ייצור ושיווק תבל,IL,מימון פפריקה מרוקאית,גרמים,100.00,100 גרם,false,,12.90,12.9000,true,1,182
7290010002207,false,תבלין קינמון טחון תבליני מימון 100 גרם,א.ל ייצור ושיווק תבל,IL,מימון קינמון טחון במ,גרמים,100.00,100 גרם,false,,10.50,10.5000,true,1,185
7290010002283,false,תבלין על האש תבליני מימון 100 גרם,א.ל ייצור ושיווק תבל,IL,מימון תבלין על האש ב,גרמים,100.00,100 גרם,false,,12.90,12.9000,true,1,188
7290010002290,false,תבלין לשווארמה טורקית מימון 100 גרם,א.ל ייצור ושיווק תבל,IL,מימון תערובת לשווארמ,גרמים,100.00,100 גרם,false,,12.90,12.9000,true,1,189
7290010002313,false,תבלין ראס אל חנות תבליני מימון 100 גרם,א.ל ייצור ושיווק תבל,IL,מימון ראס אל חנות 10,גרמים,100.00,100 גרם,false,,12.90,12.9000,true,1,191
7290010002337,false,תבלין לסטייק תבליני מימון 100 גרם,א.ל ייצור ושיווק תבל,IL,מימון תיבול לסטייק 1,גרמים,110.00,100 גרם,false,,12.90,11.7273,true,1,193
7290010002344,false,תבלין לדג תבליני מימון 100 גרם.,א.ל ייצור ושיווק תבל,IL,מימון תיבול לדג 100,גרמים,100.00,100 גרם,false,,12.90,12.9000,true,1,194
7290010002368,false,תבלין חוויאג' למרק 100 גרם,א.ל ייצור ושיווק תבל,IL,מימון תערובת חווג` ל,גרמים,100.00,100 גרם,false,,12.90,12.9000,true,1,196
7290010002375,false,תערובת קארי במיכל תב,א.ל ייצור ושיווק תבל,IL,מימון קארי 100 גרם,גרמים,100.00,100 גרם,false,,12.90,12.9000,true,1,197
7290010002382,false,תבלין אורגנו תבליני מימון 40 גרם,א.ל ייצור ושיווק תבל,IL,מימון אורגנו במיכל 4,גרמים,40.00,100 גרם,false,,10.50,26.2500,true,1,198
7290010002696,false,אקסטרה ציפס אורז חום מלא שמנת בצל 60 גרם,,BG,אקסטרא צ'יפס אורז חו,גרמים,60.00,100 גרם,false,,9.40,15.6667,true,1,437912
7290010003693,false,תבלין בשקית פפריקה מתוקה 80 גר-חדש,א.ל ייצור ושיווק תבל,IL,מימון פפריקה מתוקה ש,גרמים,80.00,100 גרם,false,,6.50,8.1250,true,1,217
7290010003709,false,תבלין בשקית פלפל שחור טחון 50 גר-חדש,א.ל ייצור ושיווק תבל,IL,מימון פלפל שחור טחון,גרמים,50.00,100 גרם,false,,8.70,17.4000,true,1,218
7290010003754,false,תבלין בשקית כמון טחון 50 גרם,א.ל ייצור ושיווק תבל,IL,מימון כמון טחון שקית,גרמים,50.00,100 גרם,false,,6.50,13.0000,true,1,219
7290010003761,false,תבלין בשקית כורכום טחון 80 גרם,א.ל ייצור ושיווק תבל,IL,מימון כורכום טחון שק,גרמים,80.00,100 גרם,false,,6.50,8.1250,true,1,220
7290010003792,false,תבלין בשקית מלח לימון 100 גרם,א.ל ייצור ושיווק תבל,IL,מימון מלח לימון שקית,גרמים,100.00,100 גרם,false,,6.50,6.5000,true,1,223
7290010003808,false,תבלין בשקית זעתר ושומשום 80 גרם,א.ל ייצור ושיווק תבל,IL,מימון זעתר ושומשום ש,גרמים,80.00,100 גרם,false,,6.50,8.1250,true,1,224
7290010003839,false,תבלין בשקית קינמון טחון 80גר-חדש,א.ל ייצור ושיווק תבל,IL,מימון קינמון טחון שק,גרמים,80.00,100 גרם,false,,6.50,8.1250,true,1,227
7290010023141,false,הגן הקסום לימונענע ויסוצקי 25 יחידות,תה ויסוצקי,IL,תה לימונענע 25 שק',גרמים,50.00,100 גרם,false,,19.90,39.8000,true,1,27412
7290010045006,false,עוגיות חמאה פריכות 200 גרם לחמי,קונדטוריות לחמי,IL,עוגיות חמאה פריכות ל,גרמים,200.00,100 גרם,false,,19.90,9.9500,true,1,27421
7290010045013,false,עוגיות חמאה צרפתיות 200 גרם לחמי,קונדטוריות לחמי,IL,עוגיות עם חמאה וסוכר,גרמים,200.00,100 גרם,false,,19.90,9.9500,true,1,27422
7290010051243,false,תרד ניו-זילנדי - ארו,,,תרד ניו זילנדי,גרמים,150.00,100 גרם,false,,11.90,7.9333,true,1,461181
7290010065318,false,פרינוק - ג'וניור תפוחי עץ 190 גרם,פרוטה פודווין איי.אס,CZ,מחית פרינוק גוניור ת,גרמים,190.00,100 גרם,false,,6.90,3.6316,true,1,5429
7290010065349,false,פרינוק גרבר גוניור סלט פירות 190 גר',פרוטה פודווין איי.אס,CZ,מחית פרינוק גוניור ס,גרמים,190.00,100 גרם,false,,6.90,3.6316,true,1,5432
7290010065745,false,ג`וניור פרינוק מחית לפתן פירות 190ג',פרוטה פודווין איי.אס,CZ,פרינוק ג'וניור לפתן,גרמים,190.00,100 גרם,false,,6.90,3.6316,true,1,5440
7290010066513,false,נתחי טונה בשמן צמחי רביעיה *158ג' פילטונה,תעשיות פילטונה,IL,נתחי טונה בשמן צמחי,גרמים,632.00,100 גרם,false,,25.90,4.0981,true,1,29673
7290010066575,false,נתחי טונה במים רביעיה *158ג' פילטונה,תעשיות פילטונה,IL,נתחי טונה במים פילטו,גרמים,632.00,100 גרם,false,,25.90,4.0981,true,1,29675
7290010066582,false,נתחי טונה בשמן קנולה רביעיה * 158 ג' פילטונה,תעשיות פילטונה,IL,נתחי טונה בשמן קנולה,גרמים,632.00,100 גרם,false,,25.90,4.0981,true,1,29676
7290010066599,false,רביעיית נתחי טונה בשמן זית פילטונה 158X4 גרם,תעשיות פילטונה,IL,נתחי טונה בשמן זית פ,גרמים,632.00,100 גרם,false,,32.90,5.2057,true,1,92988
7290010116980,false,אבקת שוקולית שקית עלית 850 ג',הנסיך- מפעל לייצור ט,IL,שוקולית 850 גרם,גרמים,850.00,100 גרם,false,,18.90,2.2235,true,1,25429
7290010117864,false,דוריטוס חטיף תירס בטעם חריף אש עלית 70 גרם,שטראוס פריטו ליי (מל,IL,דוריטוס חריף אש 70 ג,גרמים,70.00,100 גרם,false,,4.30,6.1429,true,1,26651
7290010118328,false,תפוצ'יפס בטעם טבעי עלית מארז 6*40 גרם,שטראוס פריטו ליי (מל,IL,תפוצ'יפס טבעי 6*40 ג,גרמים,240.00,100 גרם,false,,14.90,6.2083,true,1,26655
7290010129553,false,עוגיות רולדה תמרים 600 גרם,שיבולים א.ד.ל,IL,עוגיות רולדה תמרים 6,גרמים,600.00,100 גרם,false,,22.90,3.8167,true,1,141366
7290010129652,false,עוגיות לקפה דולצ'ה ו,שיבולים א.ד.ל,IL,עוגיות לקפה דולצ'ה ו,גרמים,350.00,100 גרם,false,,19.90,5.6857,true,1,141474
7290010129959,false,עוגיות שמרים 400 גרם דולצה ויטה,שיבולים א.ד.ל,IL,עוגיות שמרים רוגלעך,גרמים,400.00,100 גרם,false,,14.90,3.7250,true,1,23670
7290010153503,false,שעועית בובס יבשה מיה 400 גר',"מיה תעשיות מזון בע""מ",IL,שעועית ענק 400 גרם,גרמים,400.00,100 גרם,false,,12.90,3.2250,true,1,17050
7290010153510,false,בורגול יבש מיה 500 גר',"מיה תעשיות מזון בע""מ",IL,בורגול מיה 500 גרם,גרמים,500.00,100 גרם,false,,6.50,1.3000,true,1,17051
7290010153541,false,שיבולת שועל קוואקר מהיר הכנה מיה 500 גר',מיה תעשיות מזון,IL,קוואקר מהיר להכנה מי,גרמים,500.00,100 גרם,false,,8.90,1.7800,true,1,17054
7290010153794,false,ציפוי לשניצל עם עשבי תיבול מיה 500 גרם,מיה תעשיות מזון,IL,ציפוי לשניצל עם עשבי,גרמים,500.00,100 גרם,false,,10.90,2.1800,true,1,17069
7290010153800,false,ציפוי לשניצל עם תיבול עדין מיה 500 גר',מיה תעשיות מזון,IL,ציפוי לשניצל עם תיבו,גרמים,500.00,100 גרם,false,,10.90,2.1800,true,1,17070
7290010154005,false,סחוג תימני ירוק 250 ביטון,תבליני יוחאי ביטון,IL,סחוג תימני ירוק 250,גרמים,250.00,100 גרם,false,,16.90,6.7600,true,1,20016
7290010154012,false,לימון בלאדי כבוש תבליני ביטון 250 גרם,תבליני יוחאי ביטון,IL,לימון כבוש 250 ביטון,גרמים,250.00,100 גרם,false,,16.90,6.7600,true,1,20017
7290010154241,false,סלט חזרת ריף ביטון 250 ג',תבליני יוחאי ביטון,IL,סלט חזרת ביטון 250 ג,גרמים,250.00,100 גרם,false,,16.90,6.7600,true,1,20020
7290010154265,false,פלפל צ'ומה תבליני ביטון 250 גרם,תבליני יוחאי ביטון,IL,פלפל צ`ומה ביטון 250,גרמים,250.00,100 גרם,false,,16.90,6.7600,true,1,20021
7290010154418,false,סחוג אדום תבליני ביטון 130 גרם,תבליני יוחאי ביטון,IL,יוחאי ביטון סחוג אדו,גרמים,130.00,100 גרם,false,,9.90,7.6154,true,1,20026
7290010154678,false,אריסה מרוקאית תבליני ביטון 250 גרם,תבליני יוחאי ביטון,IL,יוחאי ביטון אריסה מר,גרמים,250.00,100 גרם,false,,16.90,6.7600,true,1,121119
7290010173181,false,יין אלה הרי גליל 750 מל,יקבי רמת הגולן,IL,יין הר גליל אלה אירו,מיליליטרים,750.00,"100 מ""ל",false,,62.90,8.3867,true,1,50139
7290010192007,false,פטרוזיליה,,,פטרוזיליה,יח',1.00,יח',false,,4.90,4.9000,true,1,2882
7290010192014,false,שמיר ארוז,חקלאי,IL,שמיר,יח',1.00,יח',false,,4.90,4.9000,true,1,2883
7290010192021,false,כוסברה ארוז,חקלאי,IL,כוסברה,יח',1.00,יח',false,,4.90,4.9000,true,1,2884
7290010192038,false,שורש פטרוזיליה ארוז,,,שורש פטרוזיליה ארוז,יח',1.00,יח',false,,6.90,6.9000,true,1,2885
7290010192045,false,נענע יחידה,,,נענע יחידה,יח',1.00,יח',false,,4.90,4.9000,true,1,2886
7290010192052,false,סלרי עלים (אמריקאי),חקלאי,IL,סלרי עלים (אמריקאי),יח',1.00,יח',false,,6.90,6.9000,true,1,2887
7290010192069,false,ראש סלרי ארוז,,,סלרי ראש ארוז,יח',1.00,יח',false,,6.90,6.9000,true,1,2888
7290010192083,false,מנגולד ארוז,,,מנגולד ארוז,יח',1.00,יח',false,,6.90,6.9000,true,1,2889
7290010192137,false,לוף ארוז ליח,,,לוף ארוז ליח,יח',1.00,יח',false,,8.90,8.9000,true,1,100098
7290010237531,false,פפסי קולה פלסטיק 500מל,סנו מפעלי ברונוס.,IL,פפסי קולה 500 מ'ל,מיליליטרים,500.00,"100 מ""ל",false,,5.90,1.1800,true,1,11590
7290010237562,false,משקה פפסי מרינדה קוו,"טמפו משקאות בע""מ",IL,מירנדה 500 מ'ל,מיליליטרים,500.00,"100 מ""ל",false,,5.90,1.1800,true,1,11592
7290010237579,false,משקה סבן אפ קוול 500,"טמפו משקאות בע""מ",IL,סבן אפ 500 מ'ל,מיליליטרים,500.00,"100 מ""ל",false,,5.90,1.1800,true,1,11593
7290010237586,false,סבן אפ דיאט פלסטיק 500מל,"טמפו משקאות בע""מ",IL,דיאט סבן אפ 500 מ'ל,מיליליטרים,500.00,"100 מ""ל",false,,5.90,1.1800,true,1,11594
7290010237685,false,"הייניקן בירה צואר ארוך 330מ""ל",טמפו משקאות בע''מ,IL,היינקן בירה צואר ארו,מיליליטרים,330.00,"100 מ""ל",false,,10.90,3.3030,true,1,11598
7290010259830,false,מנת השף נודלס בסגנון סיני פיקנטי וילי פוד 70 גרם,נמצ'או(תאילנד) בעמ,TH,נודלס בטעם סיני פיקנ,גרמים,70.00,100 גרם,false,,5.90,8.4286,true,1,4897
7290010279227,false,"זיקוק 15 ס""מ 6 בשקית",,,זיקוק 15 ס`מ 6 יח`,יחידה,0.00,יחידה,false,,15.90,0.0000,true,1,36406
7290010429554,false,"שמן זית כתית מעולה יד מרדכי 2 קלאסי, 750 מ""ל",מכוורת יד מרדכי שטרא,IL,שמן זית כתית מעולה 2,מיליליטרים,750.00,"100 מ""ל",false,,39.90,5.3200,true,1,25434
7290010439294,false,90*50 מגבת פנים גקרד,,,90*50 מגבת פנים גקרד,יחידה,0.00,יחידה,false,,19.90,0.0000,true,1,31435
7290010439836,false,בוקסר גבר מנהטן,,,בוקסר לגבר,יחידה,0.00,יחידה,false,,14.90,0.0000,true,1,393524
7290010472307,false,מארז 8 יחידות משקה גמדים בטעם תות בננה,מיוצר עי קונדיטוריית,IL,גמדים לשתיה תות בננה,מיליליטרים,864.00,"100 מ""ל",false,,21.90,2.5347,true,1,26129
7290010513727,false,פנקו פרורי לחם 200 גרם (קינגדאו),קינגדאו גוניון פודס,CN,פנקו פרורי לחם יפניי,גרמים,200.00,100 גרם,false,,7.90,3.9500,true,1,119884
7290010627004,false,טחינה גולמית מסורתית ירושלים 500 ג',"בראשית ירושלים בע""מ",IL,טחינה ירושלים 500 גר,גרמים,500.00,100 גרם,false,,18.90,3.7800,true,1,27426
7290010627844,false,טחינה גולמית שומשום מלא ירושלים 500גרם,"בראשית ירושלים בע""מ",IL,טחינה ירושלים 500 מל,גרמים,500.00,100 גרם,false,,18.90,3.7800,true,1,27428
7290010690527,false,כרוב על - קייל,,,כרוב על - קייל,יח',1.00,יח',false,,9.90,9.9000,true,1,97118
7290010711123,false,"ננס רביעיה ""שייני"" ח",מ.א ייצור ושיווק מטל,CN,"ננס רביעיה ""שייני"" ח",יחידה,0.00,יחידה,false,,7.90,0.0000,true,1,15812
7290010711543,false,כף אשפה + גומי SHINY,שייני Shiny,IT,כף אשפה + גומי SHINY,יחידה,0.00,יחידה,false,,5.90,0.0000,true,1,15828
7290010711550,false,דלי שטיפה עם פיה ( 1,,IL,דלי שטיפה עם פיה ( 1,יחידה,0.00,יחידה,false,,11.90,0.0000,true,1,15829
7290010748860,false,"ד""ר פישר - אפקטיב קר קרם ידיים אינטנסיב 150 מ""ל",פישר מעבדות פרמצבטיו,IL,קרם ידיים אינטנסיב א,מיליליטרים,150.00,"100 מ""ל",false,,17.90,11.9333,true,1,32601
7290010766949,false,ממרח תחתיות ארטישוק 180ג' אוליביה,אוליביה,IL,אוליביה ממרח ארטישוק,גרמים,180.00,100 גרם,false,,14.90,8.2778,true,1,5458
7290010777099,false,פיתה עבודת יד אקספרס מארז 8 יח',מגוון שיווק והפצת מא,IL,8 פיתות במרקם מיוחד,גרמים,800.00,100 גרם,false,,12.90,1.6125,true,1,68341
7290010777297,false,מארז פיתות ביס עבודת יד,מגוון שיווק והפצת מא,IL,10 פיתות ביס,קילוגרמים,1.00,"ק""ג",false,,15.90,15.9000,true,1,68346
7290010777358,false,מארז שמיניית פיתות 100% כוסמין מלא,מגוון שיווק והפצת מא,IL,8 פיתות כוסמין מלא 1,גרמים,400.00,100 גרם,false,,16.90,4.2250,true,1,68349
7290010777488,false,מארז פיתות 100% מחמצת קמח מלא 500 גרם,מאפיית ביכורים מזון,IL,פיתה מחמצת מקמח מלא,יחידה,0.00,יחידה,false,,17.90,0.0000,true,1,433516
7290010777525,false,פיתות 100% כוסמין דק 99 קל 6 יח,מאפיית ביכורים מזון,IL,פיתות קוסמין-פיתה אק,גרמים,50.00,100 גרם,false,,17.90,35.8000,true,1,433517
7290010814251,false,שלשות שוקולד חלב 85 גר*3 בלמינט*18 בקרט בדצ,כרמית תעשיות ממתקים,IL,שוקולד חלב אגו 3 יח',גרמים,255.00,100 גרם,false,,10.90,4.2745,true,1,43582
7290010839865,false,רוטב רכז רימונים ויליפוד 320 ג',ניו ג'רסי סטאר סנקס,TR,רוטב רימונים 320 גרם,מיליליטרים,320.00,"100 מ""ל",false,,11.90,3.7188,true,1,4911
7290010883363,false,כפפות אלוורה רב שימושיות קטנות S סנו סושי,האי נאם סי או אל.טי.,CN,סנו סושי זוג כפפות א,יחידה,0.00,יחידה,false,,12.10,0.0000,true,1,33628
7290010931330,false,סלט מטבוחה אחלה 500 גרם,מיוצר עי קונדיטוריית,IL,אחלה מטבוחה 500ג,גרמים,500.00,100 גרם,false,,16.90,3.3800,true,1,26133
7290010945146,false,קוטג' 3% מועשר בסידן טרה 250 ג' מהדרין,קריות זול,IL,טרה קוטג מועשר 3% 25,גרמים,250.00,100 גרם,false,,5.90,2.3600,true,1,8513
7290010945306,false,"חלב קרטון 3% 2 ליטר בד""צ",קריות זול,IL,טרה חלב בקרטון 3% 2,ליטרים,2.00,ליטר,false,,12.46,6.2300,true,1,8515
7290010945450,false,גבינה לבנה 3% 250 גר מועשר בסידן וויטמין,קריות זול,IL,טרה גבינה לבנה מהדרי,גרמים,250.00,100 גרם,false,,4.98,1.9920,true,1,8517
7290010945481,false,גבינה לבנה טרה 5% מרכיבים טבעיים,קריות זול,IL,טרה גבינה לבנה 5% 50,גרמים,500.00,100 גרם,false,,9.96,1.9920,true,1,8518
7290011015862,false,"פריגת סירופ דיאט לימונענע 750 מ""ל",סירופ - גבעת חיים,IL,סירופ דיאט לימונענע,מיליליטרים,750.00,"100 מ""ל",false,,23.90,3.1867,true,1,9048
7290011017866,false,קוקה קולה קלאסי בפחית,החברה המרכזית לייצור,IL,קוקה קולה פחית סליק,מיליליטרים,330.00,"100 מ""ל",false,,5.70,1.7273,true,1,9078
7290011017873,false,"קוקה קולה זירו פחית 330 מ""ל",החברה המרכזית לייצור,IL,ZERO קולה פחית סליק,מיליליטרים,330.00,"100 מ""ל",false,,5.50,1.6667,true,1,9079
7290011017880,false,דיאט קוקה קולה פחית סליק 330מל,החברה המרכזית לייצור,IL,קולה דיאט פחית סליק,מיליליטרים,330.00,"100 מ""ל",false,,5.50,1.6667,true,1,9080
7290011018924,false,"מארז פחיות דיאט קוקה קולה שישייה 330 מ""ל",החברה המרכזית לייצור,IL,דיאט קוקה קולה פרידג,ליטרים,1.98,ליטר,false,,25.00,12.6263,true,1,9115
7290011051433,false,שוופס מוגז עדין אפרסק 0.5 ליטר,שוופס,,שוופס מוגז עדין אפרס,מיליליטרים,500.00,"100 מ""ל",false,,7.20,1.4400,true,1,13604
7290011051440,false,שוופס מוגז עדין פירות יער 0.5 ליטר,יפאורה,IL,שוופס מוגז עדין פ.יע,מיליליטרים,500.00,"100 מ""ל",false,,7.20,1.4400,true,1,13605
7290011064075,false,מעדן לבנה מסבחה -אבו גוש 200 גרם,גבינות אמיר ניצן בעמ,IL,ניצן אבו גוש מעדן לא,גרמים,200.00,100 גרם,false,,15.90,7.9500,true,1,8078
7290011064099,false,טאפס פלפלוני שרי ממולאים במעדן גבינה,גבינות אמיר ניצן בעמ,IL,נועם פלפלוני שרי ממו,גרמים,125.00,100 גרם,false,,22.90,18.3200,true,1,8080
7290011065416,true,פלפל שחור מטחנה 60 ג,,,פלפל שחור מטחנה 60 ג,גרמים,60.00,100 גרם,false,,19.70,32.8333,true,1,79940
7290011081492,false,גלידה בטעם שלושה שוקולדים 1.33ל' קרמיסימו,"גלידת שטראוס בע""מ, ר",IL,קרמיסימו שלושה שוקול,ליטרים,1.33,ליטר,false,,22.90,17.2180,true,1,6119
7290011110000,false,חסה רומית שלמה,,,חסה רומית שלמה,גרמים,430.00,100 גרם,false,,9.90,2.3023,true,1,61966
7290011110024,false,חסה סלנובה יח,,,חסה סלנובה,יח',1.00,יח',false,,12.90,12.9000,true,1,130385
7290011110031,false,לבבות חסה,,,לבבות חסה,יח',1.00,יח',false,,10.90,10.9000,true,1,127399
7290011110048,false,פלפל סוויט בייט,,,פלפל סוויט בייט,גרמים,220.00,100 גרם,false,,9.90,4.5000,true,1,362979
7290011110055,false,פלפל רומרו מארז,,,פלפל רומרו מארז,יח',1.00,יח',false,,9.90,9.9000,true,1,362980
7290011110079,false,בזיליקום.,,,בזיליקום.,יח',1.00,יח',false,,6.90,6.9000,true,1,175955
7290011110093,false,עלי מנגולד,,,מנגולד,גרמים,250.00,גרם,false,,7.90,0.0316,true,1,127401
7290011110109,false,תירס סופרסוויט,,,תירס סופרסוויט,גרמים,800.00,100 גרם,false,,14.90,1.8625,true,1,124633
7290011110116,false,תרד ניו-זילנדי,,,תרד ניו-זילנדי,גרמים,200.00,גרם,false,,9.90,0.0495,true,1,134389
7290011110123,false,עירית,,,עירית,יח',1.00,יח',false,,6.90,6.9000,true,1,157839
7290011110130,false,רוקולה גדול,,,רוקולה,יח',1.00,יח',false,,9.90,9.9000,true,1,174129
7290011110215,false,מלפפון בייבי,,,מלפפון בייבי,גרמים,350.00,100 גרם,false,,9.90,2.8286,true,1,362997
7290011110277,false,ברוקולי,,,ברוקולי,יח',1.00,יח',false,,11.90,11.9000,true,1,138319
7290011110390,false,חסה אייסברג -יגור,,,חסה אייסברג -יגור,יח',1.00,יח',false,,7.90,7.9000,true,1,248194
7290011110512,false,חסה לאליק 280גרם,חקלאי,IL,חסה לאליק -יגור,יח',1.00,יח',false,,12.90,12.9000,true,1,330810
7290011115203,false,אל סבון מוצק מבושם בניחוח עדין קלאסיק - מארז רביעיה,טרופיקל דגיל תעשיות,IL,סבון מוצק ורוד נקה 7,גרמים,400.00,100 גרם,false,,15.00,3.7500,true,1,33699
7290011115258,false,אל סבון מוצק מבושם בניחוח עדין קלאסיק - מארז רביעיה,"גליל כימיכלים בע""מ",IL,סבון מוצק ירוק נקה 7,גרמים,400.00,100 גרם,false,,15.00,3.7500,true,1,33701
7290011126209,false,הגן הקסום תה טעם תפוח וקינמון סיידר ויסוצקי 25 יח',תה ויסוצקי,IL,תה הגן הקסום תפוח וק,גרמים,55.00,100 גרם,false,,19.90,36.1818,true,1,27429
7290011126452,false,הגן הקסום תה בטעם קמומיל ונענע ויסוצקי 25 יחידות,תה ויסוצקי,IL,תה קמומיל ונענע 1.5ג,גרמים,37.50,100 גרם,false,,19.90,53.0667,true,1,27437
7290011126469,false,הגן הקסום תה בטעם קמומיל ודבש ויסוצקי 25 יחידות,תה ויסוצקי,IL,תה קמומיל ודבש 1.5גר,גרמים,37.50,100 גרם,false,,19.90,53.0667,true,1,27438
7290011126957,false,תה ירוק ויסוצקי ארל גריי 25 שקיקים,ויסוצקי ירוק,IL,תה ירוק ארל גריי T.T,גרמים,37.50,100 גרם,false,,26.90,71.7333,true,1,27446
7290011131371,false,"מוזלי שקדים ואגוזים 1 ק""ג גרין",ויטליאה ניקולה דו,MK,מיזלי קראנצ' שקדים ג,קילוגרמים,1.00,"ק""ג",false,,27.90,27.9000,true,1,16101
7290011131968,false,"גרנולה בתוספת שקדים ואגוזים גרין 1 ק""ג",ויטליה ניקולא דו,MK,גרנולה אגוזים בתוספת,קילוגרמים,1.00,"ק""ג",false,,28.70,28.7000,true,1,67484
7290011132507,false,סן בנדטו- מים מנרליים - מוגז עדין 500 מל,פארייפאבה אגרואינדוס,IT,סאן בנדטו מוגז עדין,מיליליטרים,500.00,"100 מ""ל",false,,6.50,1.3000,true,1,11614
7290011148911,false,פלפלים מתוקים טינקרב,מרינה פטריות הגליל,IL,פלפלים מתוקים טינקרב,גרמים,300.00,100 גרם,false,,9.90,3.3000,true,1,2945
7290011154035,false,"תרכיז תפוחים סחוט טעמי הגליל 500 מ""ל",טעמי הגליל,IL,תרכיז תפוחים סחוט טע,מיליליטרים,500.00,"100 מ""ל",false,,21.90,4.3800,true,1,408458
7290011194246,false,קוטג' 5% עם סידן 250 ג' שטראוס,מיוצר עי קונדיטוריית,IL,קוטג שטראוס 5% עם סי,גרמים,250.00,100 גרם,false,,6.20,2.4800,true,1,26135
7290011223229,false,"טואלט דאק ג'ל לאסלה טיפות טל רעננות 55 מ""ל","איטיליאן פוד, אס.פי.",IT,דאק ג'ל אסלה ניחוח ט,מיליליטרים,55.00,"100 מ""ל",false,,9.90,18.0000,true,1,7818
7290011239237,false,חטיף אגוזים ישראלי 250גר,,IL,חטיפי אגוזים ישראלי,גרמים,250.00,100 גרם,false,,19.90,7.9600,true,1,329499
7290011254018,false,שעועית מש מיה 500 גר',"מיה תעשיות מזון בע""מ",IL,שעועית מש 500 גרם,גרמים,500.00,100 גרם,false,,10.90,2.1800,true,1,17083
7290011254025,false,מיה דוחון 500 גרם,"מיה תעשיות מזון בע""מ",IL,דוחן 500 גרם,גרמים,500.00,100 גרם,false,,8.90,1.7800,true,1,17084
7290011254032,false,קינואה מיה 500 גרם,"מיה תעשיות מזון בע""מ",IL,קינואה 500 גרם,גרמים,500.00,100 גרם,false,,15.90,3.1800,true,1,17085
7290011254100,false,תבלין כרכום בשקית 80 גר' מיה,מיה תעשיות מזון בעמ,IL,כרכום שקית מיה 80 גר,גרמים,80.00,100 גרם,false,,4.90,6.1250,true,1,17092
7290011254254,false,נטיפי שוקולד צ'יפס בטעם שוקולד מיה 300 גרם,"מיה תעשיות מזון בע""מ",IL,שוקולד ציפס 300גר,גרמים,300.00,100 גרם,false,,9.80,3.2667,true,1,17105
7290011378028,false,חלבה קלאסית וניל ללא תוספת סוכר בארכה 350 גרם,רושדי תעשיות מזון בע,IL,בארכה חלבה וניל ללא,גרמים,350.00,100 גרם,false,,16.90,4.8286,true,1,22659
7290011378233,false,בארכה מאגדת חטיפי חלווה וניל ל.סוכר 120גר,רושדי תעשיות מזון בע,IL,בארכה בקטנה מאגדת ונ,גרמים,120.00,100 גרם,false,,14.90,12.4167,true,1,22661
7290011378769,false,בארכה - חטיף בקטנה חלבה וניל 20 גרם * 6,רושדי תעשיות מזון בע,IL,בארכה בקטנה מאגדת ונ,גרמים,120.00,100 גרם,false,,14.90,12.4167,true,1,22664
7290011379018,false,מארז משפחתי שמפיניון 500 ג' מרינה,מרינה פטריות הגליל,IL,פטריות צמד חמד,גרמים,500.00,100 גרם,false,,16.90,3.3800,true,1,2949
7290011438142,false,"משקה יטבתה אייס קפה בבקבוק אישי 350 מ""ל",שטראוס גרופ,IL,יטבתה אייס קפה בבקבו,מיליליטרים,350.00,"100 מ""ל",false,,6.90,1.9714,true,1,26141
7290011474683,false,מגידרה קינואה אורגנית 500 גרם תבואות,תבואות,IL,מגדרה קינואה אורגנית,גרמים,500.00,100 גרם,false,,22.90,4.5800,true,1,5190
7290011499051,false,פטה כבשים מסורתית 20% בגביע 250 גרם - רובין,MKN עבור מחלבות גד ב,IL,גד פטה כבשים גביע 20,גרמים,250.00,100 גרם,false,,28.90,11.5600,true,1,16776
7290011499105,false,בולגרית מסורתית 5% 250 גרם -רבנות,ג'נרל מילס סאן אדריא,IL,גד בולגרית 5% 250ג,גרמים,250.00,100 גרם,false,,23.90,9.5600,true,1,16777
7290011499112,false,בולגרית מסורתית 16% 250 גרם - רבנות,"מיוצר ע""י dsh",IL,גד בולגרית 16% 250ג,גרמים,250.00,100 גרם,false,,23.90,9.5600,true,1,16778
7290011499129,false,גבינה בולגרית מעודנת קוביות קטנות 5% גד 200 גרם,קוד יצרן DSH,IL,גד בולגרית מעודנת קו,גרמים,200.00,100 גרם,false,,24.90,12.4500,true,1,16779
7290011499303,false,פטה עיזים מעודנת 5% בגביע 250 גרם - רבנות,ג'נרל מילס סאן אדריא,IL,פטה עיזים מעודנת 5%,גרמים,250.00,100 גרם,false,,32.90,13.1600,true,1,16783
7290011499327,false,גבינה בולגרית מעודנת 5% 250 גרם - רבנות,מיוצר על ידי DSH עבו,IL,גד בולגרית בקר מעודנ,גרמים,250.00,100 גרם,false,,23.90,9.5600,true,1,16785
7290011499341,false,גבינת קשקבל ארוז 26 אחוז 250גרם גד,הנסיך- מפעל לייצור ט,IL,קשקבל מחלבות גד 200,גרמים,250.00,100 גרם,false,,36.90,14.7600,true,1,16787
7290011499358,false,גבינת פטה עיזים 20% גד 200 גרם,מיוצר על ידי קוד יצר,IL,גד פטה עיזים 20% 200,גרמים,200.00,100 גרם,false,,29.90,14.9500,true,1,16788
7290011499365,false,גד חלומי 24% 200 גרם רובין,"מחלבות גד בע""מ",IL,גד חלומי 24% 200ג,גרמים,200.00,100 גרם,false,,22.90,11.4500,true,1,16789
7290011499419,false,גבינה במרקם שמנת בטעם טבעי 5% ניו יורק,מחלבות גד,IL,גבינה במרקם שמנת 5%,גרמים,200.00,100 גרם,false,,11.90,5.9500,true,1,115451
7290011499525,false,גבינת לאבנה דרוזית 9% גד 500 גרם,מחלבות גד בעמ,IL,גד לאבנה דרוזית 9% 5,גרמים,500.00,100 גרם,false,,21.90,4.3800,true,1,16794
7290011499624,false,שמנת 30% ניו יורק טבעי 200 גרם רבנות,מחלבות גד,IL,גד ניו יורק גבינת שמ,גרמים,200.00,100 גרם,false,,13.90,6.9500,true,1,16795
7290011499846,false,גבינת ריקוטה פרסקה 9% גד 300 גרם,מחלבות גד בעמ,IL,גד ריקוטה פרסקה 5% 3,גרמים,300.00,100 גרם,false,,19.90,6.6333,true,1,16808
7290011505806,false,קיסמי שיניים דנטאליים מפלסטיק 200 יחידות בחבית,W.H.J.C. Co,CN,קיסמי שיניים פלסטיק,יחידה,0.00,יחידה,false,,10.90,0.0000,true,1,974
7290011515911,false,שלגון לייט ריבת חלב מאגדת 6 יח',גלידות נסטלה (נגה גל,IL,מאגדת לייט ריבת חלב,גרמים,312.00,100 גרם,false,,33.90,10.8654,true,1,18321
7290011518561,false,"אקטימל תות משפחתי מארז 14X100מ""ל",מיוצר עי קונדיטוריית,IL,אקטימל תות משפחתי 14,ליטרים,1.40,ליטר,false,,33.90,24.2143,true,1,26146
7290011570644,false,קמח כרגיל נטול גלוטן ללחם 500 גרם,אשבל מזון פונקציונאל,IL,קמח נטול גלוטן כרגיל,גרמים,500.00,100 גרם,false,,20.90,4.1800,true,1,118655
7290011570781,false,תערובת להכנת עוגה בטעם וניל ללא גלוטן,אשבל -מזון פונקציונל,IL,קמח נטול גלוטן כרגיל,גרמים,450.00,100 גרם,false,,20.90,4.6444,true,1,118656
7290011587451,false,גרנולה בתוספת פירות ואגוזים,ויטליה,IL,גרנולה + פירות ואגוז,גרמים,600.00,100 גרם,false,,16.90,2.8167,true,1,27716
7290011587468,false,מוזלי קראנצ'י בתוספת אגוזים,Vitalia nikola ltd,MK,מוזלי קראנצ + אגוז ת,גרמים,600.00,100 גרם,false,,16.90,2.8167,true,1,27717
7290011593087,false,"שמן זית כתית מעולה 750 מ""ל סבא חביב",סאן אויל עיבוד ושיוו,IL,סבא חביב שמן זית כתי,מיליליטרים,750.00,"100 מ""ל",false,,33.90,4.5200,true,1,52953
7290011593704,false,"שמן זית סורי 750 מ""ל סבא חביב",,,שמן זית סורי הסדרה ה,מיליליטרים,750.00,"100 מ""ל",false,,44.00,5.8667,true,1,488932
7290011598211,false,"סנו - אנטי קאלק מרסס ניקוי כללי 4 ב-1 700 מ""ל",מיוצר עי קונדיטוריית,IL,מנקה כללי אנטיקאלק 7,מיליליטרים,700.00,"100 מ""ל",false,,19.90,2.8429,true,1,33733
7290011598402,false,מקסימה מרכך כביסה ארומתרפי מאסק סנו 4 ליטר,סנו מקסימה,IL,מרכך כביסה סנו מקסימ,ליטרים,4.00,ליטר,false,,23.90,5.9750,true,1,33737
7290011607180,false,"אבקת כביסה קולון 101 1.25 ק""ג",ריקט בנקיזר ( ניר אי,IL,"קולון 101 1.25 ק""ג",קילוגרמים,1.25,"ק""ג",false,,16.90,13.5200,true,1,24174
7290011615260,false,"טורטייה 20 ס""מ קוטר וילי פוד 540 גר",מוטלוקל גידה סאנאי ט,TR,"עלי טורטיה בד""ץ וילי",גרמים,540.00,100 גרם,false,,8.90,1.6481,true,1,116855
7290011668570,false,בריא מהטבע גרנולה פירות יבשים 450 גרם פנינה רוזנבלום,בריא מהטבע פנינה רוזנבלום,IL,חגיגת גרנולה פירות י,גרמים,500.00,100 גרם,false,,28.90,5.7800,true,1,21762
7290011723200,false,טחינה הר ברכה 100% שומשום טהור 500 גר,טחינה הר ברכה בעמ,IL,טחינה הר ברכה טחינה,גרמים,500.00,100 גרם,false,,21.90,4.3800,true,1,78149
7290011765217,false,"סנו מדיק ג'ל לניקוי ידיים אלוורה 100 מ""ל",גוד פוד פרודקטס S.p,IL,ס. מדיק היגניק ג'ל ל,מיליליטרים,100.00,"100 מ""ל",false,,10.90,10.9000,true,1,33745
7290011765613,false,סנו מסיר עובש בניחות לימון מתז 1 ל',סנו,IL,סנו מתז מסיר עובש בנ,ליטרים,13.00,ליטר,false,,19.90,1.5308,true,1,142577
7290011800840,false,רפי כהן סלט טחינה בלאדי צבר 400 גרם,רפי כהן / צבר,IL,צבר רפי כהן טחינה בל,גרמים,400.00,100 גרם,false,,18.90,4.7250,true,1,23443
7290011860271,false,ביסבול כדורי פירה מתפוחי אדמה תפוגן 700 גרם,"תעשיות תפוגן בע""מ",IL,תפוגן ביס בול טבעי 7,גרמים,700.00,100 גרם,false,,18.90,2.7000,true,1,23445
7290011877088,false,"רדיד אלומיניום רוחב 30 ס""מ, 18 מיקרון - מארז זוג",בורסה פאזרי,TR,סנו סושי צמד רדידי א,מטרים,15.00,מטר,false,,17.90,1.1933,true,1,33760
7290011877156,false,"מבשם אוויר, בגדים וארונות פרש בניחוח מאסק",מיוצר עי קונדיטוריית,IL,סנו פרש ענק מאסק 375,מיליליטרים,375.00,"100 מ""ל",false,,11.90,3.1733,true,1,33763
7290011877859,false,סנו אינסטלטור חדש פותח סתימות 200ג',מיוצר עי קונדיטוריית,IL,סנו אינסטלטור פותח ס,מיליליטרים,200.00,"100 מ""ל",false,,16.90,8.4500,true,1,33771
7290011877866,false,"מקסימה אבקת כביסה בניחוח מאסק סנו 6 ק""ג","איי, בי, אינבוו",IL,אבקת כביסה סנו מקסימ,קילוגרמים,6.00,"ק""ג",false,,51.90,8.6500,true,1,33772
7290011912642,false,ליסטרין שטיפת פה הגנה על השיניים והחניכי,ליסטרין Listerine,IT,מי פה טאגד ליסטרין 5,מיליליטרים,500.00,"100 מ""ל",false,,23.90,4.7800,true,1,32895
7290011931162,false,סוכרלייט ממתיק נוזלי על בסיס סוכרלוז,אף.סי תבליני בגליל ב,IL,סוכרלייט נוזלי 220מל,מיליליטרים,220.00,"100 מ""ל",false,,31.90,14.5000,true,1,25445
7290011947309,false,זיתים מצוננים סורי מבוקע ולימון כבוש זיתא 230 ג',זיתא – י.ט.ב תעשיות,IL,זית סורי מבוקע עם לי,גרמים,215.00,100 גרם,false,,15.90,7.3953,true,1,27453
7290011947316,false,זיתא זיתי קלמטה בשמן זית כתית מעולה 215ג,זיתא - י.ט.ב תעשיות,IL,זיתי קלמטה זיתא 215,גרמים,215.00,100 גרם,false,,15.90,7.3953,true,1,27454
7290011947743,false,זיתים זיתא מיקס זית ירוק וזית קלמטה 215 גרם,זיתא - י.ט.ב תעשיות,IL,מיקס זית ירוק וזית ק,גרמים,215.00,100 גרם,false,,15.90,7.3953,true,1,198280
7290011947781,false,מיקס זית ירוק וזית קלמטה ללא גלעין עם שמן זית כתית מעולה,זיתא - י.ט.ב תעשיות,IL,מיקס זית ירוק קלמטה,גרמים,190.00,100 גרם,false,,16.90,8.8947,true,1,283992
7290011947798,false,זית קלמטה ללא גלעין עם שמן זית כתית מעולה,זיתא - י.ט.ב תעשיות,IL,זית קלמטה ללא גלעין,גרמים,190.00,100 גרם,false,,16.90,8.8947,true,1,283993
7290011964344,false,שום גבישי 120 גרם מיכל גדול,"תבליני טעם וריח בע""מ",IL,שום גבישי 120 גר' במ,גרמים,120.00,100 גרם,false,,10.90,9.0833,true,1,50949
7290011964658,false,"מלח לימון 170 גרם ""טעם וריח""","תבליני טעם וריח בע""מ",IL,תבלין מלח לימון טעם,גרמים,170.00,100 גרם,false,,11.90,7.0000,true,1,50962
7290011964702,false,שווארמה ללא מונסודיום 100 גרם מיכל גדול,"תבליני טעם וריח בע""מ",IL,תבלין לשווארמה ללא מ,גרמים,100.00,100 גרם,false,,10.90,10.9000,true,1,50965
7290012001994,false,חרדל דיז'ון גרעינים 350 ג' ריין דיזון,ריין דיז'ון reine dijon,FR,חרדל דיגון גרעינים 3,גרמים,350.00,100 גרם,false,,14.90,4.2571,true,1,7257
7290012019258,false,מחית תפוחי עץ רביעיה 4 * 113 ג' תומר,Cherry growers inc,IL,"רסק תפו""ע מחית תפוחי",גרמים,452.00,100 גרם,false,,11.90,2.6327,true,1,27747
7290012019265,false,"מחית תפו""ע ללא תוספת סוכר 4*113גר",Cherry growers inc,US,"מחית תפו""ע ללא סוכר",גרמים,452.00,100 גרם,false,,11.90,2.6327,true,1,27748
7290012022203,false,פריכיות קליליות חיטה,דילייט 2005,IL,קליליות חיטה מלאה די,גרמים,100.00,100 גרם,false,,14.90,14.9000,true,1,32338
7290012022227,false,קליליות חיטה טעם טבעי,דילייט 2005,IL,קליליות בטעם טבעי די,גרמים,60.00,100 גרם,false,,13.90,23.1667,true,1,32339
7290012022272,false,פריכיות קליליות קידס,דילייט 2005,IL,פריכיות קליליות קידס,יחידה,0.00,יחידה,false,,13.90,0.0000,true,1,35214
7290012086113,false,עגבניות שרי אשכולות מארז,ירקט,IL,עגבניות שרי,גרמים,500.00,100 גרם,false,,9.90,1.9800,true,1,2954
7290012116261,false,סנו מדיק ג'ל לניקוי ידיים אלוורה 500 מל,גוד פוד פרודקטס S.p,IL,"סנו מדיק ג'ל 500 מ""ל",מיליליטרים,500.00,"100 מ""ל",false,,22.90,4.5800,true,1,218183
7290012116360,false,פוליויקס נוזל לניקוי רצפות גרניט פורצלן סנו 2 ליטר,"מפעלי סנו ברונוס בע""",IL,סנו פוליוקס גרניט פו,ליטרים,2.00,ליטר,false,,26.00,13.0000,true,1,33785
7290012116537,false,"מקסימה אבקת כביסה בניחוח מאסק סנו 2.5 ק""ג",טרופיקל דגיל תעשיות,IL,אבקת כביסה סנו מקסימ,קילוגרמים,2.50,"ק""ג",false,,28.90,11.5600,true,1,33786
7290012116612,false,אורביטול מברשת שיניים מארז 4 יח',ג'נרל מילס סאן אדריא,CN,מארז מברשות שיניים א,יחידה,0.00,יחידה,false,,15.90,0.0000,true,1,33790
7290012117275,false,"קליר שקית מילוי לניקוי חלונות סנו 750 מ""ל",טרופיקל דגיל תעשיות,IL,סנוקליר שקית מילוי 7,מיליליטרים,750.00,"100 מ""ל",false,,7.90,1.0533,true,1,33806
7290012117428,false,"ג'ל רחצה ושמפו מעיינות מנטה קרמה מן 700 מ""ל",טרופיקל דגיל תעשיות,IL,שמפו וג'ל רחצה לגבר,מיליליטרים,700.00,"100 מ""ל",false,,19.90,2.8429,true,1,33813
7290012117435,false,"קרמה - שמפו וג'ל רחצה 2 ב-1 אלוורה 700 מ""ל",טרופיקל דגיל תעשיות,IL,שמפו וג'ל רחצה אלוור,מיליליטרים,700.00,"100 מ""ל",false,,19.90,2.8429,true,1,33814
7290012117558,false,מקסימה מרכך כביסה מרוכז ורוד בניחוח מאסק סנו 1 ליטר,"סנו מפעלי ברונוס בע""",IL,סנו מקסימה מרכך קומפ,יחידה,0.00,יחידה,false,,18.90,0.0000,true,1,33818
7290012117565,false,כפפות סנו סושי לטקס S אריזת 100יח',סנו סושי,IL,סנו סושי 100 כפפות ל,יחידה,0.00,יחידה,false,,46.90,0.0000,true,1,33819
7290012117589,false,כפפות סנו סושי לטקס L אריזת 100יח',סנו סושי,TH,L סנו סושי כפפות לטק,יחידה,0.00,יחידה,false,,46.90,0.0000,true,1,33821
7290012117916,false,אינסטלטור נוזל לפתיחת סתימות סנו 1 ליטר,"סנו מפעלי ברונוס בע""",IL,סנו אינסטלאטור פותח,יחידה,0.00,יחידה,false,,30.90,0.0000,true,1,33829
7290012159275,false,מיונז אמיתי 430 גרם LINA,לינה,,מיונז לינה 430גר' כש,גרמים,430.00,100 גרם,false,,15.90,3.6977,true,1,13218
7290012191053,true,המנגליסט גפרור ארוך,,,המנגליסט גפרור ארוך,יחידה,0.00,יחידה,false,,5.90,0.0000,true,1,304286
7290012191084,false,המנגליסט גפרורים עשי,,IN,המנגליסט גפרורים עשי,יחידה,0.00,יחידה,false,,3.90,0.0000,true,1,9756
7290012226021,false,נקניק סלמי מעושן פראג זוגלובק 400 גרם,נקניק נהריה כשר זוגל,IL,סלמי מעושן פראג יבש,גרמים,400.00,100 גרם,false,,23.90,5.9750,true,1,44072
7290012226120,false,"קבנוס 135 גרם ""זוגלובק""",נקניק נהריה כשר זוגל,IL,זוגלובק קבנוס 135ג.,גרמים,135.00,100 גרם,false,,13.90,10.2963,true,1,44073
7290012227325,false,סלמי דק דק מעושן איטלקי 120 ג' זוגלובק,זוגלובק,IL,זוגלובק סלמי מעושן ד,גרמים,120.00,100 גרם,false,,15.90,13.2500,true,1,107709
7290012227912,false,קבנוס עודן 135 ג' זוגלובק,זוגלובק,IL,קבנוס מעודן זוגלובק,גרמים,135.00,100 גרם,false,,13.90,10.2963,true,1,44124
7290012227974,false,פסטרמה הודו בדבש טהור דק דק דק,זוגלובק,IL,זוגלובק פסטרמה בדבש,גרמים,120.00,100 גרם,false,,15.90,13.2500,true,1,107710
7290012227981,false,פסטרמה דק דק ברביקיו 120 ג' זוגלובק,זוגלובק,IL,פסטרמה ברביקיו זוגלו,גרמים,120.00,100 גרם,false,,15.90,13.2500,true,1,107711
7290012227998,false,פסטרמה דק דק חזה בקר 120 ג' זוגלובק,זוגלובק,IL,זוגלובק חזה בקר 12,גרמים,120.00,100 גרם,false,,15.90,13.2500,true,1,107718
7290012228124,false,קבנוס סטיקס עם נגיעות מלח ים סדרת ריינהולד'ס,זוגלובק,IL,קבנוס סטיקס 50 גר'.,גרמים,50.00,100 גרם,false,,12.90,25.8000,true,1,106802
7290012372155,false,"קמח כוסמין 80% 1ק""ג רובינפלד",,,קמח כוסמין 80% רובינ,קילוגרמים,1.00,"ק""ג",false,,18.90,18.9000,true,1,119299
7290012372209,false,"קמח חיטה לבן 1 ק""ג רובינפלד",,,קמח חיטה לבן מנופה ר,קילוגרמים,1.00,"ק""ג",false,,8.90,8.9000,true,1,419513
7290012404955,false,נקטר חמוציות ספרינג קולקשן 1.25 ליטר,"יפאורה תבורי בע""מ",IL,ספרינג נקטר חמוציות,ליטרים,1.25,ליטר,false,,13.50,10.8000,true,1,13652
7290012413643,false,תה ירוק קמומיל 25 שקיקים ויסוצקי,ויסוצקי ירוק,IL,תה ירוק קמומיל T.Tשמ,גרמים,37.50,100 גרם,false,,26.90,71.7333,true,1,27466
7290012522581,false,טבעול שניצל תירס ללא גלוטן טבעול 664 גרם,עיצובים 2020 (4.8),IL,טבעול שניצל תירס ללא,גרמים,664.00,100 גרם,false,,27.90,4.2018,true,1,23454
7290012645129,false,"יוגורט כבשים בדלי 750 גרם ""חלב הארץ""",מחלבות סוסיא,IL,יוגורט כבשים בדלי 75,מיליליטרים,750.00,"100 מ""ל",false,,22.90,3.0533,true,1,26157
7290012645280,false,"יוגורט כבשים טבעי 2.8% בגביע חלב הארץ 150מ""ל",מחלבות סוסיא,IL,יוגורט כבשים בסגנון,מיליליטרים,150.00,"100 מ""ל",false,,6.90,4.6000,true,1,26161
7290012645297,false,"יוגורט עיזים בטעם טבעי 150 גרם ""חלב הארץ""",מחלבות סוסיא,IL,סוסיא יוגורט עיזים ב,מיליליטרים,150.00,"100 מ""ל",false,,5.90,3.9333,true,1,26162
7290012645389,false,יוגורט עיזים טבעי חלב הארץ 1 ל',מחלבות סוסיא,IL,חלב הארץ יוגורט ביו,ליטרים,1.00,ליטר,false,,24.90,24.9000,true,1,26165
7290012803215,false,וופל בלגי בטעם שוקולד ללא תוספת סוכר,בטר אנד דיפרנט,IL,טוסו וופל בלגי שוקול,גרמים,200.00,100 גרם,false,,11.90,5.9500,true,1,7882
7290012803222,false,טוסו ופל בסגנון בלגי בטעם לימון ללא תוספת סוכר 200 גרם,בטר אנד דיפרנט,IL,טוסו וופל בלגי לימון,גרמים,200.00,100 גרם,false,,11.90,5.9500,true,1,7883
7290012803451,false,טוסו שוקולד מריר 62% מוצקי קקאו ללא תוספת סוכר 100 גרם,טוסו tusso,TR,טוסו שוקלד מריר 62%,גרמים,100.00,100 גרם,false,,12.90,12.9000,true,1,7889
7290012803765,false,טוסו שוקולד מריר ללא תוספת סוכר 100 גרם,אלטינמארקה גידה סאן,TR,טוסו שוקלד מריר 100ג,גרמים,100.00,100 גרם,false,,12.90,12.9000,true,1,7902
7290012803772,false,טוסו שוקולד חלב ללא תוספת סוכר 100 גרם,אלטינמארקה גידה סאן,TR,טוסו שוקלד חלב 100ג,גרמים,100.00,100 גרם,false,,12.90,12.9000,true,1,7903
7290012803796,false,טוסו שוקולד חלב עם אגוזים ללא תוספת סוכר 100 גר',אלטינמארקה גידה סאן,TR,טוסו שוקלד חלב ואגוז,גרמים,100.00,100 גרם,false,,12.90,12.9000,true,1,7905
7290012823374,false,אנטי קאלק מטליות לחות לניקוי כללי סנו 50 יחידות,מיוצר עי קונדיטוריית,IL,מגבוני אנטי קאלק 50י,יחידה,0.00,יחידה,false,,12.90,0.0000,true,1,33863
7290012823565,false,פוליויקס מטליות ענק לחות לפרקט סנו 10 יחידות,דינאמיק תעשיות,IL,פוליויקס פרקט מטליות,יחידה,0.00,יחידה,false,,16.90,0.0000,true,1,33870
7290012838026,false,עוגיות עדי עוגיות מל,,,עוגיות מלוחות עדי 35,גרמים,350.00,100 גרם,false,,16.90,4.8286,true,1,414344
7290012884986,false,תפוגן ציפס לתנור עד 4% שומן 1.5 קג,"תעשיות תפוגן בע""מ",IL,תפוגן ציפס לתנור עד,קילוגרמים,1.50,"ק""ג",false,,31.90,21.2667,true,1,23462
7290012901355,false,דודלס ארוחת אטריות עם גבינה 206 גרם,האי נאם סי או אל.טי.,US,דודלס ארוחת איטריות,גרמים,206.00,100 גרם,false,,11.90,5.7767,true,1,69526
7290012901973,false,"שעועית אדומה, 400 גרם גאלה",,IT,שעועית אדומה 400 גרם,גרמים,400.00,100 גרם,false,,10.90,2.7250,true,1,326269
7290012921025,false,"בקבוק בירה מלכה בהירה 330 מ""ל","בירה מלכה בע""מ",IL,מלכה בוטיק בירה בהיר,מיליליטרים,330.00,"100 מ""ל",false,,14.90,4.5152,true,1,117218
7290012921056,false,"בקבוק בירה מלכה חיטה 330 מ""ל",מבשלת בירה ישראלית,IL,מלכה בוטיק בירה חיטה,מיליליטרים,330.00,"100 מ""ל",false,,14.90,4.5152,true,1,117220
7290012931062,false,אטבי כביסה הדור החדש,מ.א ייצור ושיווק מטל,CN,אטבי הדור החדש 10יח,יחידה,0.00,יחידה,false,,7.90,0.0000,true,1,141404
7290012931116,false,מגב חד להב סיליקון,מ.א. ייצור ויבוא מטליות,,"מגב חד להב 40 ס""מ SH",יחידה,0.00,יחידה,false,,23.90,0.0000,true,1,15843
7290012931611,false,שייני כריות ברזל שלשייה,מ.א ייצור ושיווק מטל,CN,כריות ברזל שלישייה,יחידה,0.00,יחידה,false,,7.90,0.0000,true,1,15851
7290012936937,false,תבלינים בהרט בצנצנת 40 גרם,א.ל ייצור ושיווק תבל,IL,מימון בהרט 40 גרם,גרמים,50.00,100 גרם,false,,12.90,25.8000,true,1,280
7290012938580,false,"סנסודיין משחת שיניים להלבנה עדינה 75 מ""ל",גלקסוסמית'קליין קונס,GB,משחת שיניים הלבנה עד,מיליליטרים,75.00,"100 מ""ל",false,,22.70,30.2667,true,1,5783
7290012962912,false,כפפות ניטריל סייף טא,,,כפפות ניטריל סייף טא,יחידה,0.00,יחידה,false,,29.90,0.0000,true,1,423773
7290012962929,false,כפפות ניטרל סייף טאץ,,,כפפות ניטריל סייף טא,יחידה,0.00,יחידה,false,,29.90,0.0000,true,1,423774
7290012962936,false,כפפות ניטריל סייף טא,,,כפפות ניטריל סייף טא,יחידה,0.00,יחידה,false,,29.90,0.0000,true,1,423775
7290012962943,false,כפפות ניטריל סייף טא,,,כפפות ניטריל סייף טא,יחידה,0.00,יחידה,false,,29.90,0.0000,true,1,424003
7290012996672,false,סבון אסלה + בושם ל24 שעות ביום הפי,יוליניבר,IT,הפי סבון אסלה מבושם,מיליליטרים,80.00,"100 מ""ל",false,,12.90,16.1250,true,1,13439
7290013010308,false,רוטב פסטה לילדים פרי,,,רוטב פסטה לילדים פרי,גרמים,260.00,100 גרם,false,,5.90,2.2692,true,1,10746
7290013027399,false,לחם קמח מלא קל בתוספת שיפון 750 ג' אנג'ל,מאפיית שלמה א. אנג'ל,IL,לחם 100 בתוספת שיפון,גרמים,750.00,100 גרם,false,,15.90,2.1200,true,1,69277
7290013038432,false,מים מזוככים אקווה נובה,אקווה נובה Aqua Nova,IL,אקווה נובה 2 ליטר,ליטרים,2.00,ליטר,false,,5.50,2.7500,true,1,11653
7290013117212,false,בורקס פילו במילוי גבינה מעדנות 600 גר,מיוצר עי קונדיטוריית,IL,בורקס פילו גבינה מעד,גרמים,600.00,100 גרם,false,,24.90,4.1500,true,1,40301
7290013117427,false,בצק פריך מרודד למאפים מלוחים מעדנות 2*450 גרם,מיוצר עי קונדיטוריית,IL,מעדנות בצק פריך מרוד,גרמים,900.00,100 גרם,false,,28.90,3.2111,true,1,40308
7290013121028,false,לחם לבן ללא גלוטן 500 גר קפוא,אביב קונדיטוריה מעול,IL,לחם לבן ללא גלוטן גר,גרמים,500.00,100 גרם,false,,20.90,4.1800,true,1,35542
7290013121127,false,לחמניות מיני ללא גלוטן 420 גר קפוא,אביב קונדיטוריה מעול,IL,לחמניות מיני ללא גלו,גרמים,480.00,100 גרם,false,,20.90,4.3542,true,1,35545
7290013144171,false,"תערובת עוגת שוקולד 560 גרם ""מיימונס""",מיוצר עי קונדיטוריית,IL,תערובת עוגת שוקולד 5,גרמים,560.00,100 גרם,false,,17.90,3.1964,true,1,17552
7290013144232,false,מיימונס פודינג בטעם וניל 80 גרם,מיוצר עי קונדיטוריית,IL,פודינג וניל מימונס 8,גרמים,80.00,100 גרם,false,,7.90,9.8750,true,1,17558
7290013144317,false,מימונס ג'וני גלילית וופל למילוי 18 יחידות,הגביע מוצרי וופלים ב,IL,ג`וני - גלילית וופל,גרמים,400.00,100 גרם,false,,24.90,6.2250,true,1,17563
7290013144393,false,"תמצית בטעם וניל מימונס 50 מ""ל",מיוצר עי קונדיטוריית,IL,תמצית בטעם וניל 50גר,גרמים,50.00,100 גרם,false,,5.50,11.0000,true,1,17569
7290013144614,false,"מיימונס סירופ מייפל אמיתי 100% מקנדה 236 מ""ל",הנסיך- מפעל לייצור ט,CA,סירופ מייפל אמיתי 10,מיליליטרים,236.00,"100 מ""ל",false,,44.90,19.0254,true,1,17579
7290013144751,false,מימונס סירופ בטעם מייפל 500 מל,מימונס אפייה,IL,מימונס סירופ בטעם מי,מיליליטרים,500.00,"100 מ""ל",false,,14.90,2.9800,true,1,17580
7290013144768,false,סירופ בטעם שוקולד מימונס 500ג',מימונס אפייה,IL,מימונס סירופ בטעם שו,מיליליטרים,500.00,"100 מ""ל",false,,14.90,2.9800,true,1,17581
7290013144980,false,תרסיס שמן קנולה מימונס 170 גרם,מולינו ניקולי s.p.a,FI,תרסיס שמן קונולה מימ,גרמים,170.00,100 גרם,false,,16.90,9.9412,true,1,17584
7290013145017,false,אגוז מלך קלוף מיימונס 100 גרם,מימונס אפייה,IL,מימונס אגוז מלך קלוף,גרמים,100.00,100 גרם,false,,12.90,12.9000,true,1,17586
7290013145031,false,אגוזי לוז מסוכרים מיימונס 100 גרם,מיוצר עי קונדיטוריית,IL,מימונס ברס אגוזי לוז,גרמים,100.00,100 גרם,false,,13.90,13.9000,true,1,17588
7290013145109,false,מיימונס שקד מולבן טחון 100 גרם,מימונס אפייה,IL,מימונס שקד מולבן טחו,גרמים,100.00,100 גרם,false,,13.90,13.9000,true,1,17593
7290013145116,false,מיימונס שקד מולבן מקלות 100 גרם.,מימונס אפייה,IL,מימונס שקד מולבן מקל,גרמים,100.00,100 גרם,false,,13.90,13.9000,true,1,17594
7290013145130,false,"שקד מולבן חצוי 100 גרם ""מיימונס",מימונס אפייה,IL,מימונס שקד מולבן חצו,גרמים,100.00,100 גרם,false,,13.90,13.9000,true,1,17596
7290013145178,false,קוקוס טחון לבן מיימונס 100 גרם,מימונס אפייה,IL,קוקוס טחון לבן 100 ג,גרמים,100.00,100 גרם,false,,5.90,5.9000,true,1,17599
7290013145192,false,שומשום מיימונס 100 גרם,מימונס אפייה,IL,שומשום 100גר,גרמים,100.00,100 גרם,false,,6.90,6.9000,true,1,17600
7290013145406,false,שוקולד צ'יפס לבן מיימונס 250 גרם,אינטרגטה תעשיות מזון,IL,מימונס שוקולד ציפס ל,גרמים,250.00,100 גרם,false,,10.90,4.3600,true,1,17605
7290013145437,false,שוקולד מריר מעולה ציפס מימונס 250 ג',הנסיך- מפעל לייצור ט,IL,מימונס שוקולד ציפס 4,גרמים,250.00,100 גרם,false,,15.90,6.3600,true,1,17607
7290013145444,false,שוקולד מריר מעולה ציפס 66% מימונס 250 ג',המאפיה של הרמן,IL,מימונס שוקולד ציפס 6,גרמים,250.00,100 גרם,false,,17.90,7.1600,true,1,17608
7290013145451,false,אבקת קקאו מימונס 150 ג',מיוצר עי קונדיטוריית,IL,מימונס קקאו 150 גר,גרמים,150.00,100 גרם,false,,10.90,7.2667,true,1,17609
7290013145628,false,מימונס סוכריות צבעוניות לקישוט 200 גרם,א.ל ייצור ושיווק תבל,IL,סוכריות צבעוניות לקי,גרמים,200.00,100 גרם,false,,9.90,4.9500,true,1,17616
7290013145710,false,מיימונס דובדבנים מסוכרים 100 גרם,מיוצר עי קונדיטוריית,IL,דובדבנים מסוכרים 100,גרמים,100.00,100 גרם,false,,9.90,9.9000,true,1,17622
7290013145796,false,"רביעיית צבעי מאכל גל 4*25 מ""ל",מימונס אפייה,IL,מארז צבעי ג'ל למאכל,מיליליטרים,100.00,"100 מ""ל",false,,53.90,53.9000,true,1,442726
7290013145840,false,סוכר וניל מיימונס 10 יחידות,מיוצר עי קונדיטוריית,IL,מימונס סוכר וניל 10*,גרמים,100.00,100 גרם,false,,3.50,3.5000,true,1,17631
7290013145857,false,אבקת אפיה מיימונס 10 יחידות,מימונס אפייה,IL,אבקת אפיה 10* 10 גרם,גרמים,100.00,100 גרם,false,,3.50,3.5000,true,1,17632
7290013145864,false,אבקת ג'לטין טהור מיימונס 28 גרם,א.ל ייצור ושיווק תבל,IL,מימונס ג`לטין טהור א,גרמים,28.00,100 גרם,false,,12.90,46.0714,true,1,17633
7290013145901,false,סודה לשתיה מיימונס 100 גרם,מימונס אפייה,IL,סודה לשתיה 100 גרם,גרמים,100.00,100 גרם,false,,2.90,2.9000,true,1,17635
7290013145918,false,אבקת סוכר מיימונס 100 גרם,א.ל. ייצור ושיווק תב,IL,אבקת סוכר 100 גרם,גרמים,100.00,100 גרם,false,,2.90,2.9000,true,1,17636
7290013145956,false,שמרים יבשים בוואקום מיימונס 500 גרם,הנסיך- מפעל לייצור ט,CN,מימונס שמרים יבשים ב,גרמים,500.00,100 גרם,false,,14.90,2.9800,true,1,17639
7290013145970,false,קורנפלור מימונס בשקית 200 ג',א.ל ייצור ושיווק תבל,IL,מימונס קורנפלור 200,גרמים,200.00,100 גרם,false,,4.90,2.4500,true,1,17641
7290013146281,false,תערובת לעוגה בטעם שו,א.ל ייצור ושיווק תבל,,תערובת לעוגה בטעם שו,גרמים,560.00,100 גרם,false,,16.90,3.0179,true,1,17650
7290013146670,false,סוכריות לב סגול ורוד לבן לקישוט 60 גרם,"מימונס אפיה בע""מ",IL,סוכריות לב צבעוניות,יחידה,0.00,יחידה,false,,12.90,0.0000,true,1,228617
7290013146724,false,אבקת אייס קפה 350 גרם מימונס,מימונס אפייה,IL,אייס קפה להכנה ביתית,גרמים,350.00,100 גרם,false,,19.90,5.6857,true,1,377954
7290013146762,false,מימונס קצפת מעולה 24% מעודנת 200מל,,IL,קצפת לזילוף 24% שומן,גרמים,500.00,100 גרם,false,,8.90,1.7800,true,1,354355
7290013146854,false,קוקוס לבן טחון מימונס 400 ג',מימונס אפייה,IL,מיימונס קוקוס לבן טח,גרמים,400.00,100 גרם,false,,16.90,4.2250,true,1,17652
7290013153418,false,פריגת סחוט לימונענע 1 ליטר,פריגת מצוננים,IL,פריגת מצונן סחוט לימ,יחידה,0.00,יחידה,false,,16.90,0.0000,true,1,8546
7290013153432,false,"פריגת סחוט לימונענע 400 מ""ל",היינץ צפון אמריקה מק,IL,פריגת סחוט לימונענע,מיליליטרים,400.00,"100 מ""ל",false,,10.90,2.7250,true,1,8548
7290013156914,false,עוגיות כעך טוניסאי ג,,,עוגיות כעך טוניסאי ג,גרמים,350.00,100 גרם,false,,18.90,5.4000,true,1,397267
7290013203182,false,שרי מנומר -ליקופן,,,שרי מנומר -ליקופן,גרמים,200.00,100 גרם,false,,11.90,5.9500,true,1,2972
7290013215031,false,פטריות פורטובלה שישי,ביכורי שדה דרום 2002,IL,פטריות פורטובלה למיל,יח',1.00,יח',false,,19.90,19.9000,true,1,375594
7290013215123,false,פטריות שמפניון למילו,ביכורי שדה דרום 2002,,פטריות שמפניון למילו,יח',1.00,יח',false,,19.90,19.9000,true,1,375595
7290013220042,false,מיקס פירות טרופיים 5,א.מ שרון,PL,מיקס טרופי 400 גרם ב,גרמים,400.00,100 גרם,false,,24.90,6.2250,true,1,51885
7290013220127,false,דומדמנית שחורה קפוא,א.מ שרון,PL,דומדמנית שחורה 500 ג,גרמים,500.00,100 גרם,false,,24.90,4.9800,true,1,51888
7290013220318,false,חמוצית קפוא 400 גרם,א.מ שרון,PL,חמוציות יער 400 גרם,גרמים,400.00,100 גרם,false,,24.90,6.2250,true,1,51892
7290013268020,false,מקסימה מרכך כביסה מרוכז בניחוח אולטרא פרש סנו 1 ליטר,"סנו מפעלי ברונוס בע""",IL,סנו מקסימה אולטרא פר,יחידה,0.00,יחידה,false,,18.90,0.0000,true,1,33891
7290013268242,false,תרכיז ריחני לניקוי רצפות בריח מלון מפנק ריצפז פרש,"סנו מפעלו ברונוס בע""",IL,ריצפז פרש הום בניחוח,ליטרים,2.00,ליטר,false,,24.90,12.4500,true,1,198328
7290013268839,false,פוליויקס פרקט-תרכיז ריחני לניקוי רצפות עץ,סנו פוליויקס,IL,סנו פוליויקס פרקט בנ,ליטרים,2.00,ליטר,false,,24.90,12.4500,true,1,126154
7290013268990,false,סנו - מקסימה מרכך כביסה מרוכז ביו 1 ליטר,"סנו מפעלי ברונוס בע""",IL,סנו מקסימה מרכך מרוכ,יחידה,0.00,יחידה,false,,18.90,0.0000,true,1,33932
7290013269003,false,מרכך כביסה סופר מרוכז בייבי לתינוקות ולעור רגיש,"סנו מפעלי ברונוס בע""",IL,סנו מקסימה קר בייבי,ליטרים,1.00,ליטר,false,,20.90,20.9000,true,1,33933
7290013269287,false,סנו - מקסימה ג'ל כביסה מרוכז מאסק 3 ליטר,"סנו מפעלי ברונוס בע""",IL,מקסימה מאסק גל כביסה,ליטרים,3.00,ליטר,false,,35.90,11.9667,true,1,33943
7290013269300,false,ניילון נצמד + לשימוש במיקרוגל,"מיוצר בהונג קונג, סי",CN,סנו סושי פלסטיק נצמד,מטרים,150.00,מטר,false,,27.90,0.1860,true,1,33944
7290013269348,false,K3 תחנת פיתיון קוטל תיקנים (ג'וקים) בבית ובחצר,טרופיקל דגיל תעשיות,IL,סנו K3 תחנות פיתיון,יחידה,0.00,יחידה,false,,52.90,0.0000,true,1,144203
7290013269621,false,ריצפז פרש לניקוי רצפות בניחוח מלון בוטיק,מיוצר עי קונדיטוריית,IL,ריצפז פרש הום בניחוח,ליטרים,2.00,ליטר,false,,24.90,12.4500,true,1,133280
7290013269645,false,ריצפז פרש מטליות לחות לריצפה בניחוח מאסק 10 יחידות,סנו מפעלי ברונוס בעמ,IL,ריצפז פרש מטליות לחו,יחידה,0.00,יחידה,false,,12.90,0.0000,true,1,33951
7290013269669,false,ריצפז בניחוח פנטזיה לניקוי הרצפה,"סנו מפעלי ברונוס בע""",IL,ריצפז פנטזיה 3ל,ליטרים,3.00,ליטר,false,,13.90,4.6333,true,1,33953
7290013269751,false,מטליות לחותריצפז פרש לניקוי ריצפה בניחות מלון בוטיק 10 יח' סנו,טרופיקל דגיל תעשיות,IL,ריצפז מטליות לחות לנ,יחידה,0.00,יחידה,false,,12.90,0.0000,true,1,135501
7290013269850,false,סנו - סושי נייר אפיה אקולוגי 50 יח',מולינו ניקולי s.p.a,IL,סנו סושי נייר אפיה א,יחידה,0.00,יחידה,false,,17.90,0.0000,true,1,33960
7290013276124,false,"בקבוק בירה נגב אמבר אייל 330 מ""ל","איי, בי, אינבוו",IL,בירה נגב אמבר אייל ח,מיליליטרים,330.00,"100 מ""ל",false,,14.90,4.5152,true,1,117224
7290013284310,false,רוטב פסטה לילדים 240 גרם פריניר,פריניר ( הדס 1987) ב,IL,רוטב לפסטה לילדים פר,גרמים,240.00,100 גרם,false,,6.90,2.8750,true,1,20054
7290013358356,false,מאסטר שף פירורי לחם מוזהבים 320 גרם,מנה י.א בעמ,IL,מאסטר שף פירורי לחם,גרמים,350.00,100 גרם,false,,9.90,2.8286,true,1,24810
7290013358363,false,מאסטר שף פרורי לחם פנקו עבים בסגנון יפני 300 גר,קריניציה ויטמינה אס,IL,מאסטר שף פירורי לחם,גרמים,300.00,100 גרם,false,,10.90,3.6333,true,1,24811
7290013358486,false,מאסטר שף פירורים מוזהבים ללא צורך בביצה 300 ג,"מיוצר ע""י מנה י.א בע",IL,מאסטר שף פירורים מו,גרמים,300.00,100 גרם,false,,9.90,3.3000,true,1,118473
7290013358493,false,מנה אסייאתי קרם קוקוס פחית 400 מל מ.שף,תאי קוקונט פבליק קומ,TH,מאסטר שף אסייאתי קרם,מיליליטרים,400.00,"100 מ""ל",false,,9.90,2.4750,true,1,24821
7290013358530,false,מאסטר שף אסייאתי רוטב צ'ילי מתוק 700 מל כשלפ,קריניציה ויטמינה אס,TH,מאסטר שף רוטב צ'ילי,מיליליטרים,700.00,"100 מ""ל",false,,14.90,2.1286,true,1,24825
7290013358547,false,מאסטר שף אסייאתי רוטב צ'ילי חריף 700 מל,קי.אר.אס. ספייסי פוד,TH,מאסטר שף רוטב צ'ילי,מיליליטרים,700.00,"100 מ""ל",false,,14.90,2.1286,true,1,24826
7290013366634,false,כרמל יבולים חסה סלנו,שמיניית מעדן חלב שוק,IL,חסה סלנובה,יח',1.00,יח',false,,11.90,11.9000,true,1,2977
7290013389374,false,קמח תירס פולנטה תומר 500ג',פיקטה piccata,,קמח תירס תומר 500 גר,גרמים,500.00,100 גרם,false,,9.30,1.8600,true,1,27809
7290013424914,false,אפרסק פלחים קפוא פיל,בינזו לונגשינטיאנרן,PL,אפרסק פלחים קפוא 500,גרמים,500.00,100 גרם,false,,14.90,2.9800,true,1,305140
7290013424969,false,פרוסות בננה קפואות 5,א.מ שרון,PL,פרוסות בננה קפואות 5,גרמים,500.00,100 גרם,false,,14.90,2.9800,true,1,305157
7290013424976,false,תות שדה שלם קפוא 500 ג' פילד גוד,אלפה פרוסט,PL,תות שדה שלם קפוא 500,גרמים,500.00,100 גרם,false,,14.90,2.9800,true,1,305158
7290013430083,false,"בירה אלכסנדר בלונד בקבוק 330 מ""ל",מנדלז סי.אר. פרודקשן,IL,אלכסנדר בלונד בירה 3,מיליליטרים,330.00,"100 מ""ל",false,,13.20,4.0000,true,1,117684
7290013430250,false,"בירה אלכסנדר חיטה ישראלית 330 מ""ל",יקבי כרמל,IL,אלכסנדר חיטה ישראלית,מיליליטרים,330.00,"100 מ""ל",false,,13.20,4.0000,true,1,292797
7290013430304,false,בירה אלכסנדר גרין GREEN בירה ישראלית,מנדלז סי.אר. פרודקשן,IL,אלכסנדר גרין בירה 33,מיליליטרים,330.00,"100 מ""ל",false,,13.20,4.0000,true,1,294725
7290013472199,false,ערמונים קלופים וקלויים 105 גרם,בייג'גג פוינונג,CN,וילי פוד ערמונים 100,גרמים,100.00,100 גרם,false,,6.90,6.9000,true,1,74567
7290013531117,false,רוטב פסטה לילדים 240 גרם יכין,"זנלכל בע""מ",IL,רוטב לפסטה לילדים יכ,גרמים,260.00,100 גרם,false,,6.50,2.5000,true,1,10754
7290013531582,false,מארז זיתים ירוקים מגולענים יכין 200 גרם,קרלו,IL,זיתים חרוזית מגולעני,גרמים,600.00,100 גרם,false,,19.90,3.3167,true,1,10764
7290013531759,false,שעועית לבנה במים יכין 550 גרם,"זנלכל בע""מ",IL,שעועית אפויה במים יכ,גרמים,550.00,100 גרם,false,,10.90,1.9818,true,1,10772
7290013558800,false,עלי תרד 250 גר בנספק,ששון ציון,IL,עלי תרד,גרמים,500.00,100 גרם,false,,12.90,2.5800,true,1,53996
7290013558824,false,תבלין רוקולה /בזיליקום 100 גר,תאי,IL,תבלין טרי,גרמים,100.00,100 גרם,false,,8.90,8.9000,true,1,53997
7290013558855,false,חסה לבבות רומי,רימון,IL,לבבות פלמניגו,יח',1.00,יח',false,,10.90,10.9000,true,1,53998
7290013585233,false,"ספרייט זירו פחית סליק 330 מ""ל",גוד פוד פרודקטס S.p,IL,פחית סליק 330 מל ZER,מיליליטרים,330.00,"100 מ""ל",false,,5.50,1.6667,true,1,9133
7290013585240,false,ספרייט זירו 1.5 ליטר,קוקה קולה ישראל,IL,ספרייט זירו 1.5ליטר,ליטרים,1.50,ליטר,false,,9.20,6.1333,true,1,9134
7290013585387,false,קוקה קולה זירו בקבוק,פארייפאבה אגרואינדוס,IL,קולה זירו 1 ליטר,ליטרים,1.00,ליטר,false,,7.90,7.9000,true,1,9144
7290013585394,false,קוקה קולה 1ליטר בודד,פארייפאבה אגרואינדוס,IL,קוקה קולה 1 ליטר,ליטרים,1.00,ליטר,false,,7.90,7.9000,true,1,9145
7290013608260,false,פרימור מיץ רימונים 100% סחוט טרי 1ל',"גניר (1992) בע""מ",IL,פרימור מיץ רימונים ס,יחידה,0.00,יחידה,false,,27.70,0.0000,true,1,26169
7290013652171,false,"ד""ר פישר - נטורל קר מגבונים להסרת איפור לעור שמן מעורב 30 יח' * 3","ד""ר פישר Dr fischer",IL,נטורל קר מגב.הסרת אי,יחידה,0.00,יחידה,false,,26.90,0.0000,true,1,32684
7290013675545,false,שניצל כלי תחבורה מאמא עוף 700 ג',תנובה גליל,IL,שניצל כלי תחבורה 700,גרמים,700.00,100 גרם,false,,40.90,5.8429,true,1,121046
7290013677648,false,מיה שמן זית למאור 1 ליטר,מיה תעשיות מזון בעמ,IL,שמן זית למאור 1 ל' ב,ליטרים,1.00,ליטר,false,,23.90,23.9000,true,1,17218
7290013677679,false,סודה לשתיה 80 גרם שקית,מיה תעשיות מזון בעמ,IL,סודה לשתיה בשקית 80,גרמים,80.00,100 גרם,false,,4.90,6.1250,true,1,17221
7290013702036,false,"שוופס ווטר 500 מ""ל- אפרסק",יפאורה תבורי בעמ,IL,שוופס אפרסק ווטר 0.5,מיליליטרים,500.00,"100 מ""ל",false,,6.50,1.3000,true,1,13657
7290013702883,false,"שוופס מוגז פינק למונייד 500 מ""ל",יפאורה,,משקה פינק למונייד שו,מיליליטרים,500.00,"100 מ""ל",false,,6.50,1.3000,true,1,13681
7290013713025,false,"בירה ג'מס פילס בקבוק 330 מ""ל","אביר הבר בע""מ",IL,ג'מס בקבוקי פילס 330,מיליליטרים,330.00,"100 מ""ל",false,,13.20,4.0000,true,1,143203
7290013713094,false,"בירה ג'יימס בלייזר בראון 330 מ""ל",יקבי כרמל,IL,בירה ג'מס אייל IPA י,מיליליטרים,330.00,"100 מ""ל",false,,13.20,4.0000,true,1,425951
7290013713124,false,"בירה גמס קראפט אייל בהיר 330 מ""ל","אביר הבר בע""מ",IL,בירה ג'מס MONDI-ALE,מיליליטרים,330.00,"100 מ""ל",false,,13.20,4.0000,true,1,501954
7290013724953,false,חמוציות בשוקולד חלב 140 גר שקדיה,"דין שיווק וקלייה בע""",IL,חמוציות בציפוי שוקול,גרמים,140.00,100 גרם,false,,11.90,8.5000,true,1,6617
7290013724960,false,שקדים בשוקולד חלב 140 גר שקדיה,"דין שיווק וקלייה בע""",IL,שקדים בציפוי שוקולד,גרמים,140.00,100 גרם,false,,11.90,8.5000,true,1,6618
7290013725820,false,אגוזי לוז בשוקולד מריר 140 גר שקדיה,"דין שיווק וקלייה בע""",IL,אגוזי לוז בציפוי שוק,גרמים,140.00,100 גרם,false,,11.90,8.5000,true,1,6624
7290013725844,false,חטיף שומשום בשוקולד מריר 160ג,"דין שיווק וקלייה בע""",IL,שקדיה שומשום בשוק.מר,גרמים,140.00,100 גרם,false,,11.90,8.5000,true,1,6626
7290013787392,false,רביולי גבינות קלאסי 330 גרם ריקו בית יוסף,יוניליוור גרמניה Gm,IL,רביולי גבינות קלאסי,גרמים,330.00,100 גרם,false,,29.90,9.0606,true,1,255646
7290013847102,false,נתחי טונה בהירה בשמן - מארז שלישיה,סטארקיסט Starkist,TR,טונה בשמן סטארקיסט ש,גרמים,240.00,100 גרם,false,,16.90,7.0417,true,1,29759
7290013847867,false,מארז זוג טונה בשמן סויה 140 ג' סטארקיסט,טונה ויטנאם קו. אל.ט,IL,נתחי טונה בהירה בשמן,גרמים,140.00,100 גרם,false,,13.90,9.9286,true,1,502741
7290013883407,false,דזיטול מחטא ומשמיד חיידקים-מרסס,יעקבי - דזיטול Desytol,ES,דזיטול מחטא ומשמיד ח,מיליליטרים,700.00,"100 מ""ל",false,,20.90,2.9857,true,1,13451
7290013906205,false,פסטרמה עם שום וצילי טירת צבי 400 ג',הנסיך- מפעל לייצור ט,IL,טירת צבי פסטרמה שום,גרמים,400.00,100 גרם,false,,31.90,7.9750,true,1,28053
7290013906212,false,"נקנקיות וינר טירת 1 ק""ג טירת צבי",הנסיך- מפעל לייצור ט,IL,טירת צבי נקניקיות וי,קילוגרמים,1.00,"ק""ג",false,,29.90,29.9000,true,1,28054
7290013906441,false,קבנוס טירת צבי 120 גר,הנסיך- מפעל לייצור ט,IL,טירת צבי קבנוס 120 ג,גרמים,120.00,100 גרם,false,,12.90,10.7500,true,1,28067
7290013906458,false,קבנוס בטעם פיקנטי טירת צבי 120 גר,הנסיך- מפעל לייצור ט,IL,טירת צבי קבנוס פיקנט,גרמים,120.00,100 גרם,false,,12.90,10.7500,true,1,28068
7290013906519,false,פרושוטו בקר דליקטיב 100 גרם,הנסיך- מפעל לייצור ט,IL,טירת צבי פרשוטו בקר,גרמים,100.00,100 גרם,false,,33.90,33.9000,true,1,28071
7290013906687,false,פסט' צמד כפרית ברביקיו ודבש 300X2ג' טירת צבי,הנסיך- מפעל לייצור ט,IL,טירת צבי צמד כפרית ב,גרמים,600.00,100 גרם,false,,29.90,4.9833,true,1,28073
7290014002197,false,חליטת קמומיל ולימונית ויסוצקי 25 יחידות,תה ויסוצקי,IL,תה חליטת קמומיל ולימ,גרמים,37.50,100 גרם,false,,19.90,53.0667,true,1,27476
7290014002203,false,חליטת לימונית ולואיזה ויסוצקי 25 יחידות,תה ויסוצקי,IL,תה חליטת לימונית ולו,גרמים,37.50,100 גרם,false,,19.90,53.0667,true,1,27477
7290014002944,false,גן קסום חליטת פירות וצמחים חמדת שקד 25 שקיקים,תה ויסוצקי,IL,תה גן קסום חליטת חמא,גרמים,62.50,100 גרם,false,,19.90,31.8400,true,1,27492
7290014046016,false,פסטרמה של פעם דל שומן 2% רכיבים טבעיים,מעדני יחיעם,IL,יחיעם פסטרמה הודו 10,גרמים,250.00,100 גרם,false,,29.90,11.9600,true,1,17786
7290014046757,false,סלמי תה מעדני יחיעם,מעדני יחיעם,IL,סלמי תה `שרולה` 300,גרמים,300.00,100 גרם,false,,26.90,8.9667,true,1,17804
7290014066533,false,לנדוור-קפסולות אספרסו קלייה כפולה(12) - 10יח'12X יח,קפה לנדוור,IL,לנדוור קפסולות אספרס,יחידה,0.00,יחידה,false,,17.90,0.0000,true,1,226602
7290014079014,false,לבבות קיסר ארוז נספק,"מרינה פטריות הגליל בע""מ",IL,לבבות קיסר,גרמים,300.00,100 גרם,false,,10.90,3.6333,true,1,60475
7290014079076,false,נבטי אלפלפא מרינה,"מרינה פטריות הגליל בע""מ",IL,נבטי אלפלפא,יח',1.00,יח',false,,7.90,7.9000,true,1,2999
7290014094338,false,גרעיני דלעת קלופים ש,"דין שיווק וקלייה בע""",,גרעיני דלעת קלופים 2,גרמים,250.00,100 גרם,false,,14.90,5.9600,true,1,6639
7290014094376,false,שזיפים ללא גלעין 330 גר,"דין שיווק וקלייה בע""",,שזיף ללא גלעין בקופס,גרמים,330.00,100 גרם,false,,24.90,7.5455,true,1,6642
7290014094383,false,משמש מיובש ששון הקול,"דין שיווק וקלייה בע""",,שקדיה משמש מיובש 330,גרמים,330.00,100 גרם,false,,24.90,7.5455,true,1,6643
7290014094390,false,חמוציות מסוכרות ששון,"דין שיווק וקלייה בע""",,חמוציות מסוכרות בקופ,גרמים,330.00,100 גרם,false,,15.90,4.8182,true,1,6644
7290014094406,false,צימוק לבן 250 גרם ששון הקולה,"דין שיווק וקלייה בע""",US,צימוק בהיר בקופסא 3,גרמים,330.00,100 גרם,false,,17.90,5.4242,true,1,6645
7290014094628,false,פקאן טבעי 200 ג' בקופסא,"דין שיווק וקלייה בע""",IL,פקאן טבעי 200גר ששון,גרמים,200.00,100 גרם,false,,26.90,13.4500,true,1,6662
7290014094642,false,קשיו טבעי גדול בקופס,"דין שיווק וקלייה בע""",IL,קשיו טבעי 250 גר' שש,גרמים,250.00,100 גרם,false,,26.90,10.7600,true,1,6664
7290014094659,false,בונדוק טבעי 250 ג' בקופסא,"ליגו, ואני",IL,אגוז לוז טבעי 250 גר,גרמים,250.00,100 גרם,false,,24.90,9.9600,true,1,116995
7290014094864,false,פיסטוק קלוי 170 גר עם קליפה ששון הקולה,"דין שיווק וקלייה בע""",IL,פיסטוק קלוי 170 גרם,גרמים,170.00,100 גרם,false,,17.90,10.5294,true,1,6672
7290014094895,false,אגוזים מלך קלופים 150 גרם ששון הקולה,"שקדיה גבע תעשיות בע""",IL,אגוז מלך 150גר ששון,גרמים,150.00,100 גרם,false,,11.90,7.9333,true,1,6675
7290014204034,false,"מרכך יומי 750 מ""ל פנינה רוזנבלום",פנינה רוזנבלום,IL,"מרכך יומי 750 מ""ל",מיליליטרים,750.00,"100 מ""ל",false,,10.90,1.4533,true,1,21770
7290014204690,false,"פנינה רוזנבלום- סבון נוזלי משאבה ורוד,1 ליטר",פנינה רוזנבלום,IL,סבון נוזלי משאבה ורו,יחידה,0.00,יחידה,false,,14.90,0.0000,true,1,21790
7290014217065,false,"מיכל אורגנו 30 גרם ""תבלין וריח""","תבליני טעם וריח בע""מ",IL,טעם וריח אורגנו מיכל,גרמים,30.00,100 גרם,false,,11.90,39.6667,true,1,50975
7290014217157,false,"מיכל טוסקנה תיבול 120 גר ""טעם וריח""","תבליני טעם וריח בע""מ",IL,תבלין תערובת תיבול ט,גרמים,120.00,100 גרם,false,,9.80,8.1667,true,1,50980
7290014217225,false,תבלין גריל עוף מיכל 120גר,"תבליני טעם וריח בע""מ",IL,טעם וריח גריל עוף מי,גרמים,120.00,100 גרם,false,,11.90,9.9167,true,1,50983
7290014217348,false,"מיכל צ'ילי כתוש 70 גר' ""טעם וריח""","תבליני טעם וריח בע""מ",IL,תבליני טעם וריח צילי,גרמים,70.00,100 גרם,false,,11.90,17.0000,true,1,50988
7290014218932,false,חטיפי פיצה בתוספת זיתים 710 ג' מעדנות,מיוצר עי קונדיטוריית,IL,חטיפי פיצה בתוספת זי,גרמים,710.00,100 גרם,false,,38.90,5.4789,true,1,140714
7290014256637,false,"יין מבעבע מוסקטו באזז יקבי כרמל 750 מ""ל",יקבי כרמל Carmel Winery,IL,יין באזז מוסקטו 750מ,מיליליטרים,750.00,"100 מ""ל",false,,31.90,4.2533,true,1,570
7290014325012,false,תבלין זרעי צ'יה 200 ג' מיה,,,זרעי ציה 200 גרם,גרמים,200.00,100 גרם,false,,10.90,5.4500,true,1,17236
7290014325036,false,סוכריות ג'לי עטופות שמחות 600גרם,מיה תעשיות מזון בעמ,IL,ג'לי שמחות 600 גרם,גרמים,600.00,100 גרם,false,,21.90,3.6500,true,1,17238
7290014325531,false,חמאת בוטנים 510 גרם כשלפ,מיה,,חמאת בוטנים 500 גרם,גרמים,500.00,100 גרם,false,,14.90,2.9800,true,1,17256
7290014397279,false,שקיות מזון נשלפות XL גדולות במיוחד,"אשפלסט תעשיות בע""מ",IL,סנו סושי שקיות מזון,יחידה,0.00,יחידה,false,,14.90,0.0000,true,1,34011
7290014397514,false,"מבשם אויר סנו פרש הום בניחוח כותנה מלטפת 350 מ""ל","סנו מפעלי ברונוס בע""",IL,סנו פרש הום כותנה מל,מיליליטרים,350.00,"100 מ""ל",false,,12.90,3.6857,true,1,34019
7290014397705,false,נוזל רצפות פוליווקס פרקט מרענן סנו 2ל',סנו פוליויקס,IL,פוליויקס פרקט בניחוח,ליטרים,2.00,ליטר,false,,24.90,12.4500,true,1,34032
7290014397835,false,סנו - מט דוחה יתושים נוזלי מכשיר + מילוי 45 לילות,זובאלה,IT,סנומט סמארט מכשיר+מי,יחידה,0.00,יחידה,false,,43.90,0.0000,true,1,34042
7290014435704,false,סלמון מעושן 100גר' שמיר,שבעת הימים - שמיר,IL,סלמון מעושן סלטי שמי,גרמים,100.00,100 גרם,false,,28.90,28.9000,true,1,21196
7290014435803,false,מטיאס הולנדי (פרובנציאל) עם בצל בשמן 180 גרם,שבעת הימים - שמיר,IL,מטיאס הולנדי פרובנצי,גרמים,180.00,100 גרם,false,,21.90,12.1667,true,1,21198
7290014435810,false,הרינג כבוש ובצל במרינת חמוץ מתוק שמיר 180 ג',שבעת הימים - שמיר,IL,הרינג כבוש עם בצל במ,גרמים,180.00,100 גרם,false,,21.90,12.1667,true,1,21199
7290014435841,false,פילה מטיאס הולנדי בשמן שמיר 180ג',סלטי שמיר 2006 בעמ,IL,פילה מטיאס הולנדי  ב,גרמים,180.00,100 גרם,false,,21.90,12.1667,true,1,21202
7290014435872,false,סלט הרינג ומיונז שמיר 250ג',שבעת הימים - שמיר,IL,סלט הרינג עם מיונז 1,גרמים,180.00,100 גרם,false,,21.90,12.1667,true,1,21203
7290014435889,false,סלט מטיאס עם מיונז 180 גרם,שבעת הימים - שמיר,IL,סלט מטיאס עם מיונז 1,גרמים,180.00,100 גרם,false,,21.90,12.1667,true,1,21204
7290014455245,false,גבינת גרנה פדנו משולש 29% 200 גרם בית יוסף,מחלבת סוציאלה מנטובה,IT,גד גרנה פדנו משולש כ,גרמים,200.00,100 גרם,false,,27.90,13.9500,true,1,16812
7290014455252,false,גבינה קשה מגורדת גרנה פדנו 29% שומן,מחלבות גד שיווק 1992,IT,גד גרנה פדנו מגורד כ,גרמים,100.00,100 גרם,false,,12.90,12.9000,true,1,16813
7290014455320,false,גבינה כדורי מוצרלה פרסקה גד 100ג',מוצרלה פרסקה 2 ב 15,IL,גד כדור מוצרלה פרסקה,גרמים,100.00,100 גרם,false,,10.90,10.9000,true,1,16816
7290014455467,false,ירח מתוק מעדן חלב 2% ושיבולת שועל גד 150ג',מחלבות גד,IL,גד מעדן שיבולת שועל,מיליליטרים,150.00,"100 מ""ל",false,,6.50,4.3333,true,1,16821
7290014459137,false,"תפוגן סטייק צ'יפס 1.5 ק""ג אסם","תעשיות תפוגן בע""מ",IL,תפוגן סטייק ציפס 1.5,קילוגרמים,1.50,"ק""ג",false,,28.90,19.2667,true,1,23473
7290014459373,false,"צ'יפס קראנצ'י לתנור קפוא תפוגן 1.5ק""ג",עיצובים 2020 (4.5),IL,תפוגן ציפס קראנצי 1.,קילוגרמים,1.50,"ק""ג",false,,29.90,19.9333,true,1,23477
7290014459472,false,"צ'יפס קפוא תפוגן 2 ק""ג כשל""פ","תעשיות תפוגן בע""מ",IL,תפוגן צ`יפס קלאסי 2,קילוגרמים,2.00,"ק""ג",false,,30.90,15.4500,true,1,60142
7290014459632,false,"תפוגן צ'יפס טוגן 1.5 ק""ג",עיצובים 2020 (4.5),IL,"טוגן 1.5 ק""ג",קילוגרמים,1.50,"ק""ג",false,,19.90,13.2667,true,1,135702
7290014466128,false,"יין הר חרמון אינדיגו 750 מ""ל",מיוצר וממולא על ידי,IL,יקבי רמת הגולן הר חר,מיליליטרים,750.00,"100 מ""ל",false,,39.90,5.3200,true,1,50171
7290014471443,false,"גרנולה צימוקים אגוזים ושקדים1 ק""ג חדש - 443 כתום שקדיה (כתום)","דין שיווק וקלייה בע""",IL,גרנולה צימוקים אגוזי,קילוגרמים,1.00,"ק""ג",false,,19.90,19.9000,true,1,117000
7290014472228,false,תאנים מיובשות 330 גר,"דין שיווק וקלייה בע""",TR,תאנים בקופסא 330גר,גרמים,330.00,100 גרם,false,,22.90,6.9394,true,1,6698
7290014472235,false,פקאן סיני מסוכר בקופ,"דין שיווק וקלייה בע""",IL,פקאן סיני מסוכר בקופ,גרמים,200.00,100 גרם,false,,26.90,13.4500,true,1,6699
7290014472471,false,גרעינים שחור ענק 200גר' פרימיום,"דין שיווק וקלייה בע""",IL,גרעין שחור ענק 200 ג,גרמים,200.00,100 גרם,false,,7.90,3.9500,true,1,6706
7290014472488,false,שקד קלוי ענק 250 גרם פרימיום ששון הקולה,"שקדיה גבע תעשיות בע""",IL,שקד קלוי פרימיום 250,גרמים,250.00,100 גרם,false,,26.90,10.7600,true,1,6707
7290014472501,false,פיסטוק קלוי ענק 250 ג פרימיום ששון הקולה,"דין שיווק וקלייה בע""",IL,פיסטוק קלוי ענק 250,גרמים,250.00,100 גרם,false,,25.90,10.3600,true,1,6709
7290014503137,false,"יין כנען אדום דלתון 750 מ""ל","איי, בי, אינבוו",IL,כנען אדום-דלתון 750,מיליליטרים,750.00,"100 מ""ל",false,,45.90,6.1200,true,1,9266
7290014525023,false,חטיף בריאות יוגורט במילוי פירות יער 182ג,סלים דליס Slim Delis,ES,חטיף פירות יער סלים,גרמים,215.00,100 גרם,false,,13.90,6.4651,true,1,118484
7290014525177,false,חטיף סלים פרוט Slim fruit בטעם יוגורט ופירות יער,סלים דליס Slim Delis,ES,דגנים יוגורט פירות י,גרמים,182.00,100 גרם,false,,13.90,7.6374,true,1,68382
7290014525290,false,חטיף מרבה סלים דליס קריספי תות 125 גר,סלים דליס Slim Delis,NL,חטיף מרבה קריספי תות,גרמים,125.00,100 גרם,false,,13.90,11.1200,true,1,68384
7290014525313,false,חטיף מרבה סלים דליס קריספי שוקולד 125 ג,סלים דליס Slim Delis,NL,חטיף מרבה קריספי שוק,גרמים,125.00,100 גרם,false,,13.90,11.1200,true,1,24862
7290014534704,false,"פסטה ""לה פסטה"" 400 ג' אטריות מרק 400 ג'",מוטלו,TR,אטריות מרק לה פסטה 4,גרמים,400.00,100 גרם,false,,4.10,1.0250,true,1,118678
7290014636545,false,שלישית מגבות מטבח ג'קרד,,,שלישית מגבות מטבח פס,יחידה,0.00,יחידה,false,,19.90,0.0000,true,1,401520
7290014636651,false,סט סאטן תחרה זוגי מנהטן,,,סט סאטן זוגי תחרה,יחידה,0.00,יחידה,false,,129.90,0.0000,true,1,31485
7290014636682,false,מגבת פנים חלקה 550 גרם,,,מגבת פנים,יחידה,0.00,יחידה,false,,19.90,0.0000,true,1,124536
7290014636842,false,כרית ממורי ויסקו,,,כרית ויסקו,יחידה,0.00,יחידה,false,,89.90,0.0000,true,1,405229
7290014673434,false,תבלין בשקית פלפל שחור גרוס דק 80 ג,א.ל ייצור ושיווק תבל,,פלפל שחור גרוס דק בש,גרמים,80.00,100 גרם,false,,9.80,12.2500,true,1,125775
7290014674004,false,קריספ פירורי לחם עם שומשום ומלח ים 300גר,א.ל ייצור ושיווק תבל,IL,פירורי לחם עם שומשום,גרמים,300.00,100 גרם,false,,9.90,3.3000,true,1,437881
7290014692299,false,גבינת ברי 125 ג' קסטיאלו ויליפוד,יורו צ'יז Euro Cheese,DK,גבינת ברי 125 גרם EU,גרמים,125.00,100 גרם,false,,19.90,15.9200,true,1,4969
7290014692305,false,גבינת קממבר 125ג' CASTELLO ויליפוד,הנסיך- מפעל לייצור ט,DK,גבינת קממבר 125 גרם,גרמים,125.00,100 גרם,false,,19.90,15.9200,true,1,4970
7290014731264,false,"כוס שתיה ח""פ ר.שמאי 100יח'",רם,,כוסות לשתיה קרה חד פ,יח',100.00,יח',false,,7.90,0.0790,true,1,31490
7290014748651,false,דג טוב פילה אמנון מצופה נתח שלם 360 גרם,מוצרי עוף טוב (2001),IL,דג טוב פילה אמנון מצ,גרמים,360.00,100 גרם,false,,39.90,11.0833,true,1,132734
7290014749245,false,ספיישל רצועות שניצל שומשום עוף טוב 600 גרם,מוצרי עוף טוב (2001),IL,רצועות שניצל שומשום,גרמים,600.00,100 גרם,false,,42.90,7.1500,true,1,228492
7290014749764,false,עוף טוב שניצל עוף ביתי עדין כזה 700 גרם,מוצרי עוף טוב (2001),IL,שניצל עוף ביתי כזה ע,גרמים,700.00,100 גרם,false,,45.90,6.5571,true,1,228445
7290014749849,false,שניצל דק ענק קריספי שומשום עוף טוב 720 גר',מולינו ניקולי s.p.a,IL,שניצל עוף דקיק בציפו,גרמים,720.00,100 גרם,false,,42.90,5.9583,true,1,310237
7290014758100,false,מאגדת יוגורט ביו 3% שומן 8 יח' *150ג' תנובה,מיוצר עי קונדיטוריית,IL,יוגורט תנובה 3% 8*15,קילוגרמים,1.20,"ק""ג",false,,17.90,14.9167,true,1,29033
7290014758117,false,מאגדת יוגורט ביו 1.5% שומן 8 יח' *150 ג' תנובה,מיוצר עי קונדיטוריית,IL,יוגורט תנובה 1.5% 8*,קילוגרמים,1.20,"ק""ג",false,,17.90,14.9167,true,1,29034
7290014758162,false,חלב עיזים מלא 3.6% קרטון 1 ל' תנובה,תנובה מרכז שיתופי לש,IL,חלב תנובה עיזים מלא,ליטרים,1.00,ליטר,false,,16.90,16.9000,true,1,29036
7290014758681,false,קוטג תנובה 1% גביע 250 גרם,מיוצר עי קונדיטוריית,IL,קוטג תנובה 1% 250ג,גרמים,250.00,100 גרם,false,,5.80,2.3200,true,1,29055
7290014759084,false,גבינת שמנת 16% בטעם טבעי 225 ג' נפוליאון,תנובה מרכז שיתופי לש,IL,נפוליאון 16% 225גר,גרמים,225.00,100 גרם,false,,16.50,7.3333,true,1,29058
7290014759534,false,גבינה בולגרית למריחה טבעי 5% 200 ג' פיראוס,"תנובה, מחלבת תל יוסף",IL,פיראוס בולגרית למריח,גרמים,200.00,100 גרם,false,,14.90,7.4500,true,1,29065
7290014759978,false,"גבינת קצקבל פלח גלעד 27%, 200 ג'",תנובה חלב,IL,גבינות תנובה קצקבל פ,גרמים,200.00,100 גרם,false,,30.90,15.4500,true,1,29075
7290014759985,false,"גבינת פרמזן גבע 23% פלח, 200 ג'",תנובה חלב,IL,גבינה קשה מחלב בקר 2,גרמים,200.00,100 גרם,false,,29.90,14.9500,true,1,29076
7290014759992,false,גבינת רוקפור גליל פלח 140 ג' תנובה,"תנובה, מחלבת תל יוסף",IL,גבינות תנובה רוקפור,גרמים,140.00,100 גרם,false,,20.90,14.9286,true,1,29077
7290014760134,false,מעדן סויה בטעם וניל אלטרנטיב,תנובה Alternative,IL,גביע מעדן סויה בטעם,גרמים,125.00,100 גרם,false,,4.90,3.9200,true,1,111004
7290014760141,false,משקה שקדים תנובה E אלטרנטיב,תנובה Alternative,IL,תנובה משקה שקדים טרי,יחידה,0.00,יחידה,false,,15.50,0.0000,true,1,29079
7290014760448,false,גבינה צהובה גלבוע 400 גרם 22% שומן תנובה,מחלבת בית יצחק,IL,גלבוע 22% 400 גרם,גרמים,400.00,100 גרם,false,,24.90,6.2250,true,1,29086
7290014760912,false,פרוסות גבינה 28% שומן 400 ג' גוש חלב,תנובה מרכז שיתופי לש,IL,גוש חלב 28% מהדרין 4,גרמים,400.00,100 גרם,false,,27.90,6.9750,true,1,29100
7290014761056,false,מעדן שוקולד חלב מעולה 123 ג' יולו,מיוצר עי קונדיטוריית,IL,יולו שוקולד חלב מעול,גרמים,122.00,100 גרם,false,,5.50,4.5082,true,1,29104
7290014761070,false,מעדן שוקולד לבן מעולה 123 ג' יולו,מיוצר עי קונדיטוריית,IL,יולו שוקולד לבן מעול,גרמים,122.00,100 גרם,false,,5.50,4.5082,true,1,29106
7290014761414,false,יולו מעדן שכבות שוקולד חלב ולבן 123 גר,מיוצר עי קונדיטוריית,IL,יולו מעדן שכבות שוקו,גרמים,122.00,100 גרם,false,,5.50,4.5082,true,1,29123
7290014761612,false,YOLO מעדן שכבות שוקולד מריר ולבן מעולה,מיוצר עי קונדיטוריית,IL,יולו שכבות שוקולד מר,גרמים,122.00,100 גרם,false,,5.50,4.5082,true,1,29130
7290014762756,false,נפוליאון גבינת שמנת עם בצל 16% שומן,תנובה חלב,IL,נפוליאון 16% עם בצל,גרמים,225.00,100 גרם,false,,16.50,7.3333,true,1,29178
7290014762800,false,מעדן סויה שוקולד גביע 125 גרם אלטרנטיב,תנובה מרכז שיתופי לש,IL,גביע מעדן סויה בטעם,גרמים,125.00,100 גרם,false,,4.90,3.9200,true,1,91510
7290014762831,false,גבינת שמנת חלפיניו 24% שומן 225 ג' נפוליאון,תנובה מרכז שיתופי לש,IL,גבינת שמנת נפוליאון,גרמים,225.00,100 גרם,false,,16.50,7.3333,true,1,29180
7290014762909,false,"פתיתי גבנ""צ מוצרלה 200 גרם ""השף הלבן""","תנובה, מחלבת תל יוסף",IL,פתיתי מוצרלה 200 גר`,גרמים,200.00,100 גרם,false,,19.90,9.9500,true,1,29186
7290014763098,false,קרם גבינת שמנת 5% עם פלפל שום ובצל 200 ג' תנובה,תנובה,IL,קרם גבינת שמנת 5% טו,גרמים,200.00,100 גרם,false,,12.90,6.4500,true,1,29191
7290014763272,false,יוגורט סויה BIO לשתיה תות ובננה אלטרנטיב,תות תעשיות מזון (201,IL,משקה סויה ביו עם תות,מיליליטרים,250.00,"100 מ""ל",false,,6.90,2.7600,true,1,29199
7290014789913,false,עוגיות אוראו קרם בטעם וניל מארז 176 גרם,מונדלייז,ES,עוגיות אוראו מארז 3,גרמים,528.00,100 גרם,false,,23.90,4.5265,true,1,7145
7290014791091,false,"שוויפס לימונייד 500 מ""ל",יפאורה,IL,משקה למונייד שוופס 5,מיליליטרים,500.00,"100 מ""ל",false,,6.50,1.3000,true,1,13686
7290014855458,false,מגבוני בייביסיטר פרפורמנס ללא בישום מארז 72X4יח',בייביסיטר Babysitter,IL,מגבוני בייבי פרפורמנ,יחידה,0.00,יחידה,false,,18.90,0.0000,true,1,32955
7290014860070,false,"מקלוני אורז ללא גלוטן 5 מ""מ 454גר' (אור)",ניינטי נודל קו,TH,"מקלוני אורז 5 מ""מ לל",גרמים,454.00,100 גרם,false,,11.90,2.6211,true,1,72897
7290014860988,false,"שימורי קרם קוקוס 17% 400 מ""ל (TCC) כשר",Theppadungporn cocon,,שימורי קרם קוקוס 17%,מיליליטרים,400.00,"100 מ""ל",false,,10.90,2.7250,true,1,16555
7290014905689,false,"נוזל כלים הפי מרוכז 24% תפוח 750 מ""ל",יעקובי הפי,IL,הפי לכלים ירוק תפוח,מיליליטרים,750.00,"100 מ""ל",false,,9.90,1.3200,true,1,13478
7290014905696,false,"נוזל כלים הפי מרוכז 24% לימון 750 מ""ל",יעקובי הפי,IL,הפי לכלים צהוב לימון,מיליליטרים,750.00,"100 מ""ל",false,,9.90,1.3200,true,1,13479
7290014910515,false,שימורי דגים שפרוטים מעושנים בשמן צמחי 250 גרם,,,שפרוטים מעושנים רויא,גרמים,250.00,100 גרם,false,,14.90,5.9600,true,1,107416
7290014931008,false,פטרוזיליה עם שורש,מהשורש לאורך חיים,IL,פטרוזיליה עם שורש,יח',1.00,יח',false,,7.90,7.9000,true,1,54001
7290014931053,false,בזיליקום עם שורש,מהשורש לאורך חיים,IL,בזיליקום עם שורש,יח',1.00,יח',false,,7.90,7.9000,true,1,54003
7290014931077,false,עירית עם שורש,תעשיות תמרוקים שיק 1,IL,עירית עם שורש,יח',1.00,יח',false,,7.90,7.9000,true,1,54005
7290014931091,false,קורנית- טימין ארוז,מהשורש לאורך חיים,IL,טימין עם שורש,יח',1.00,יח',false,,7.90,7.9000,true,1,54007
7290014931107,false,נענע עם שורש,מהשורש לאורך חיים,IL,נענע עם שורש,יח',1.00,יח',false,,7.90,7.9000,true,1,77166
7290014931190,false,פאק צוי שורשים,משק מורדכי גדי בעמ,IL,באק-צוי,יח',1.00,יח',false,,11.90,11.9000,true,1,54008
7290014940901,false,לחם פשוט מלא 750 ג' אנג'ל,מאפית אנגל,IL,לחם פשוט מלא אנגל 75,גרמים,750.00,100 גרם,false,,15.90,2.1200,true,1,69291
7290014945210,false,300 צמרוני עץ (בשקית) Shiny,GUANGDONG,CN,צמרוני עץ 300 יח בשק,יח',300.00,יח',false,,3.50,0.0117,true,1,268484
7290014945906,false,מטליות לחות לניקוי כללי בניחוח לימון 50 יחי',,IL,מטליות לחות לניקוי כ,יחידה,0.00,יחידה,false,,6.90,0.0000,true,1,218811
7290014974562,false,גביעי גלידה רגיל טילון עלמה גילרו 24 יח',"א.ג גילרו בע""מ",IL,עלמה גביעי גלידה 24,גרמים,120.00,100 גרם,false,,6.90,5.7500,true,1,119599
7290015009003,false,מונטנייר חומץ יין לבן 500מל,מנדלז סי.אר. פרודקשן,ES,חומץ בן יין לבן דניא,מיליליטרים,500.00,"100 מ""ל",false,,20.60,4.1200,true,1,431398
7290015009041,false,"חומץ תפוחים 500 מ""ל ""daniel""",מנדלז סי.אר. פרודקשן,ES,חומץ תפוחים חומציות,מיליליטרים,500.00,"100 מ""ל",false,,20.60,4.1200,true,1,73809
7290015009102,false,"עלי טורטייה מקמח לבן 20 ס""מ 360 גרם",,,עלי טורטיה מקמח לבן,גרמים,360.00,100 גרם,false,,16.90,4.6944,true,1,78285
7290015009119,false,עלי טורטייה מקמח תירס 360 גרם,פרינסיס און וה אונלו,TR,עלי טורטייה מקמח לבן,גרמים,420.00,100 גרם,false,,16.90,4.0238,true,1,74250
7290015009126,false,עלי טורטייה מקמח מלא 420 גר 25 סמ,לווליה,,עלי טורטייה קמח מלא,גרמים,420.00,100 גרם,false,,16.90,4.0238,true,1,78286
7290015009300,false,עלי טורטייה מקמח תירס 360 גרם,פרנסס,TR,עלי טורטייה עם קמח ת,גרמים,360.00,100 גרם,false,,16.90,4.6944,true,1,436812
7290015009317,false,נאצו'ס תירס טבעי 200 גרם,אוקי סנייקס,DK,חטיף  נאצ'וס טבעי צה,גרמים,200.00,100 גרם,false,,14.50,7.2500,true,1,294091
7290015009324,false,נאצו'ס תירס ברביקיו 200 גרם,אוקי סנקס,DK,חטיף נאצוס ברביקיו כ,גרמים,200.00,100 גרם,false,,14.50,7.2500,true,1,445058
7290015009447,false,זיתים שחורים מגולענים מזן קלמטה,,GR,זיתים שחורים מזן קלמ,גרמים,440.00,100 גרם,false,,22.90,5.2045,true,1,431695
7290015009645,false,רוטב פלפל הבנרו חרדל,,CR,רוטב פלפל הבנרו עם ח,גרמים,355.00,100 גרם,false,,27.90,7.8592,true,1,449790
7290015039253,false,וילי פוד עלי גפן במי מלח 620 גר,קוראהן פזלרמה וי דיס,TR,עלי גפן במי במלח ויל,גרמים,620.00,100 גרם,false,,11.60,1.8710,true,1,5000
7290015129121,false,סקיני פסטה נודלס 270 גרם,הוויזאי וואנגייה פוד,CN,סקיני פסטה קונג'אק ב,גרמים,270.00,100 גרם,false,,11.90,4.4074,true,1,51848
7290015129145,false,אטריות קונג'אק בתוספת טפיוקה בצורת ספגטי,הוויזאי וואנגייה פוד,CN,סקיני פסטה קונג'אק ב,גרמים,270.00,100 גרם,false,,11.90,4.4074,true,1,51850
7290015129220,false,איטריות קונגאק ללא גלוטן 270 גרם skinny,אף.סי תבליני בגליל ב,CN,סקיני פסטה קונג'אק ב,גרמים,270.00,100 גרם,false,,11.90,4.4074,true,1,401717
7290015129251,false,איטריות קונגאק ללא גלוטן 270 גרם skinny,אף.סי תבליני בגליל ב,CN,סקיני - פסטה פטוצ'ינ,גרמים,270.00,100 גרם,false,,11.90,4.4074,true,1,272412
7290015129749,false,סקיני פסטה שיבולת שועל נודלס 270 גרם,הוויזאי וואנגייה,CN,סקיני - פסטה שיבולת,גרמים,270.00,100 גרם,false,,11.90,4.4074,true,1,272413
7290015129756,false,סקיני פסטה שיבולת שועל פטוצ'יני 270 גרם,הוויזאי וואנגייה,CN,סקיני פסטה שיבולת שו,גרמים,270.00,100 גרם,false,,11.90,4.4074,true,1,401718
7290015129763,false,סקיני פסטה שיבולת שועל פתיתים 270 גרם,הוויזאי וואנגייה,CN,סקיני פסטה שיבולת שו,גרמים,270.00,100 גרם,false,,11.90,4.4074,true,1,401733
7290015150088,false,מחית עגבניות גראנד איטליה 700 גרם,שוורצקוף& הנקל דיסלד,IT,מחית עגבניות בלה איט,גרמים,700.00,100 גרם,false,,13.90,1.9857,true,1,27515
7290015150118,false,עגבניות חתוכות דק בלה איטליה 3*400 ג',אמיליאנה קונסרב ס.פ.,IL,עגבניות חתוכות דק בל,גרמים,400.00,100 גרם,false,,20.90,5.2250,true,1,27518
7290015150200,false,עגבניות חתוכות דק 400 גרם,HIQ FOOD PRODUCTS,IT,עגבניות חתוכות דק ו,גרמים,400.00,100 גרם,false,,6.90,1.7250,true,1,27519
7290015150903,false,תה ירוק גן קסום קינמון ודבש 25 שק*1.5 גר,ויסוצקי ירוק,IL,תה ירוק קינמון ודבש,גרמים,37.50,100 גרם,false,,26.90,71.7333,true,1,27533
7290015155823,false,מחית תפוחי עץ חטיפטף ללא תוספת סוכר,פרוטה פודיווין איי.א,CZ,פאוץ' פרינוק מחית תפ,גרמים,120.00,100 גרם,false,,6.50,5.4167,true,1,106103
7290015156776,false,מחית פירות טרופיים חטיפטף ללא תוספת סוכר,פרוטה פודווין איי.אס,CZ,פאוץ' פרינוק פירות ט,גרמים,120.00,100 גרם,false,,6.50,5.4167,true,1,123001
7290015156790,false,מחית לפתן פירות חטיפטף ללא תוספת סוכר,פרוטה פודווין איי.אס,CZ,פאוץ' פרינוק לפתן פי,גרמים,120.00,100 גרם,false,,6.50,5.4167,true,1,123002
7290015164832,false,מחית קארי ירוק 400 גרם SUREE כשר,טאפאדונגפורן קוקינט,TH,מחית ירוקה על בסיס ק,גרמים,400.00,100 גרם,false,,19.90,4.9750,true,1,16557
7290015164856,false,רוטב קארי אדומה 400 גרם SUREE כשר,טאפאדונגפורן קוקינט,TH,מחית אדומה על בסיס ק,גרמים,400.00,100 גרם,false,,19.90,4.9750,true,1,16558
7290015193566,false,מעדני המלך אובלטים שומשום 300 גרם,אם החיטה,IL,אובלטים שומשום 300 ג,גרמים,300.00,100 גרם,false,,10.90,3.6333,true,1,72185
7290015193634,false,אובלטים דקיקים קימל מעדני המלך 300 גר',אם החיטה,IL,אובלטים קימל 300 גרם,גרמים,300.00,100 גרם,false,,10.90,3.6333,true,1,105219
7290015251174,false,"שלישיית סבון ידים ירוק נובו 500 מ""ל",סאסאטק,IL,נובו סבון ידיים ירוק,ליטרים,1.50,ליטר,false,,13.90,9.2667,true,1,42947
7290015282000,false,איקרא אדומה SEVEN SEAS 200 גרם,שבעת הימים - שמיר,IL,איקרה אדומה סלטי שמי,גרמים,200.00,100 גרם,false,,15.90,7.9500,true,1,21207
7290015282024,false,איקרא לבנה SEVEN SEAS 200 גרם,שבעת הימים - שמיר,IL,איקרה לבנה סלטי שמיר,גרמים,200.00,100 גרם,false,,15.90,7.9500,true,1,21209
7290015282581,false,חומוס שמיר אבו גוש עם חריף 200 גר',"סלטי שמיר 2006 בע""מ",IL,חומוס אבו גוש עם חרי,גרמים,200.00,100 גרם,false,,11.90,5.9500,true,1,79183
7290015282598,false,חומוס שמיר מסעדות 200 גר',"סלטי שמיר 2006 בע""מ",IL,חומוס מסעדות,גרמים,200.00,100 גרם,false,,11.90,5.9500,true,1,79184
7290015282604,false,טחינה שמיר מיוחדת גורמה 200ג',"סלטי שמיר 2006 בע""מ",IL,טחינה מיוחדת,גרמים,200.00,100 גרם,false,,11.90,5.9500,true,1,79185
7290015282628,false,חציל שמיר בטעם כבד 200 גר',"סלטי שמיר 2006 בע""מ",IL,חציל בטעם כבד סלטי ש,גרמים,200.00,100 גרם,false,,13.90,6.9500,true,1,79186
7290015282635,false,חומוס שמיר מסבחה 200 גר',"סלטי שמיר 2006 בע""מ",IL,חומוס מסבחה,גרמים,200.00,100 גרם,false,,11.90,5.9500,true,1,79187
7290015282642,false,חומוס שמיר אבו גוש 200 גר',"סלטי שמיר 2006 בע""מ",IL,חומוס אבו גוש,גרמים,200.00,100 גרם,false,,11.90,5.9500,true,1,79188
7290015282673,false,חציל שמיר במיונז ביתי 200 גורמה גר',"סלטי שמיר 2006 בע""מ",IL,חציל במיונז ביתי,גרמים,200.00,100 גרם,false,,11.90,5.9500,true,1,79189
7290015282710,false,קוביות סלק שמיר 200 גר',"סלטי שמיר 2006 בע""מ",IL,קוביות סלק סלטי שמיר,גרמים,200.00,100 גרם,false,,11.90,5.9500,true,1,79192
7290015282727,false,גזר מרוקאי ברוטב פיקנטי אסלי שמיר 200 ג',"סלטי שמיר 2006 בע""מ",IL,גזר מרוקאי ברוטב פיק,גרמים,200.00,100 גרם,false,,13.90,6.9500,true,1,79193
7290015282734,false,מטבוחה שמיר ביתית גורמה 200 ג ',"סלטי שמיר 2006 בע""מ",IL,מטבוחה ביתית.,גרמים,200.00,100 גרם,false,,13.90,6.9500,true,1,79194
7290015282741,false,חציל תאילנדי אסלי שמיר 200 ג',"סלטי שמיר 2006 בע""מ",IL,חציל תילאנדי סלטי שמ,גרמים,200.00,100 גרם,false,,13.90,6.9500,true,1,79195
7290015282796,false,"סלט תפו""א שמיר במיונז 200ג'","סלטי שמיר 2006 בע""מ",IL,סלט תפוח אדמה 200 ג,גרמים,200.00,100 גרם,false,,13.90,6.9500,true,1,79199
7290015324007,false,תבלין פלפל שחור גרוס 80 ג',"תבליני טעם וריח בע""מ",IL,טעם וריח פלפל שחור ג,גרמים,80.00,100 גרם,false,,12.90,16.1250,true,1,50993
7290015324014,false,"פלפל שחור טחון בשקית 80 גרם ""טעם וריח""","תבליני טעם וריח בע""מ",IL,טעם וריח פלפל שחור ט,גרמים,80.00,100 גרם,false,,12.90,16.1250,true,1,50994
7290015324038,false,פפריקה מתוקה בשמן 100 גרם טעם וריח,"תבליני טעם וריח בע""מ",IL,טעם וריח פפריקה בשמן,גרמים,80.00,100 גרם,false,,6.50,8.1250,true,1,50995
7290015324045,false,תבלין פפריקה חריפה 80 גר' שק',"תבליני טעם וריח בע""מ",IL,תבלין פפריקה חריפה ב,גרמים,80.00,100 גרם,false,,6.50,8.1250,true,1,50996
7290015324052,false,תבלין פפריקה מתוקה 80 ג',"תבליני טעם וריח בע""מ",IL,טעם וריח פפריקה מתוק,גרמים,80.00,100 גרם,false,,6.50,8.1250,true,1,50997
7290015324069,false,תערובת תיבול גריל עוף,"תבליני טעם וריח בע""מ",IL,טעם וריח גריל עוף שק,גרמים,80.00,100 גרם,false,,6.50,8.1250,true,1,50998
7290015324076,false,טעם וריח זעתר שקית 8,"תבליני טעם וריח בע""מ",IL,טעם וריח זעתר שקית 8,גרמים,80.00,100 גרם,false,,6.90,8.6250,true,1,50999
7290015324083,false,טעם וריח מלח לימון ש,"תבליני טעם וריח בע""מ",IL,טעם וריח מלח לימון ש,גרמים,80.00,100 גרם,false,,6.50,8.1250,true,1,51000
7290015324090,false,תבלין כמון טחון 80 ג',"תבליני טעם וריח בע""מ",IL,טעם וריח כמון שקית 8,גרמים,80.00,100 גרם,false,,8.90,11.1250,true,1,51001
7290015324106,false,תבלין כורכום טחון 80 גר',"תבליני טעם וריח בע""מ",IL,טעם וריח כורכום שקית,גרמים,80.00,100 גרם,false,,8.90,11.1250,true,1,51002
7290015324113,false,טעם וריח בהרט שקית 8,"תבליני טעם וריח בע""מ",IL,טעם וריח בהרט שקית 8,גרמים,80.00,100 גרם,false,,6.90,8.6250,true,1,51003
7290015324120,false,טעם וריח שום גבישי ב,"תבליני טעם וריח בע""מ",IL,טעם וריח שום גבישי ב,גרמים,80.00,100 גרם,false,,9.90,12.3750,true,1,51004
7290015324151,false,שק 80 גרם חוויאג למרק,"תבליני טעם וריח בע""מ",IL,תבלין חוויאג למרק ב,גרמים,80.00,100 גרם,false,,6.90,8.6250,true,1,51005
7290015324731,false,מחית ג'ינגר טעם וריח 210 גרם,ליני קאטייאמה פודסטא,CN,מחית ג'ינג'ר 210 גרם,גרמים,210.00,100 גרם,false,,14.90,7.0952,true,1,429815
7290015328647,false,נר נשמה בפח 24 שעות,,,נר נשמה בפח 24 שעות,יחידה,0.00,יחידה,false,,1.90,0.0000,true,1,130636
7290015328692,false,מנורת לד 12 וולט,,,מנורת לד 12 וולט,יחידה,0.00,יחידה,false,,9.90,0.0000,true,1,125131
7290015328708,false,מנורת לד 15 וולט,,,מנורת לד 15 וולט,יחידה,0.00,יחידה,false,,12.90,0.0000,true,1,125132
7290015347259,false,פירורי לחם מוזהבים מיה 400 גר',מיה תעשיות מזון,IL,פירורי לחם מוזהבים 4,גרמים,400.00,100 גרם,false,,7.90,1.9750,true,1,117790
7290015347464,false,מיה קינואה מעורבת 400 גרם,"מיה תעשיות מזון בע""מ",IL,מיה קינואה מעורבת 50,גרמים,400.00,100 גרם,false,,17.90,4.4750,true,1,17277
7290015347488,false,"סוכר דמררה חום שקית מיה 1 ק""ג",מיה תעשיות מזון בעמ,IL,סוכר דמררה בשקית מיה,קילוגרמים,1.00,"ק""ג",false,,11.90,11.9000,true,1,17279
7290015366663,false,"משחת שיניים מנטה עדין אקווה פרש 100 מ""ל",גלקסוסמיתקליין,SK,מש.שיניים מנטה עדין,גרמים,100.00,100 גרם,false,,7.90,7.9000,true,1,5871
7290015366670,false,משחת שיניים הגנה משולשת מנטה מרענן,גלקסוסמיתקליין,SK,מש.שיניים מנטה אקווה,גרמים,100.00,100 גרם,false,,7.90,7.9000,true,1,5872
7290015374316,false,"אגרול סיני בד""צ 400ג",,,אגרול סיני 400 גרם,גרמים,400.00,100 גרם,false,,12.90,3.2250,true,1,66950
7290015437431,false,רכז רימונים 100% טבעי 420 גר,AROMA PRODUCT ITD,GE,רכז רימונים תומר 42,גרמים,420.00,100 גרם,false,,23.90,5.6905,true,1,258719
7290015572033,false,שרי צהוב,,,שרי צהוב,יח',1.00,יח',false,,11.90,11.9000,true,1,103039
7290015603225,false,איטריות בתוספת גזר 454 גרם,פוגקן לונגהי אנלידה,CN,אטריות עם גזר מזרח ו,גרמים,454.00,100 גרם,false,,11.90,2.6211,true,1,16565
7290015603522,false,"נוזל אגוזי קוקוס 5-7% 400 מ""ל",אסי אטיק גרו אינדוסט,TH,נוזל אגוזי קוקוס 5-7,מיליליטרים,400.00,"100 מ""ל",false,,7.90,1.9750,true,1,16567
7290015603546,false,"שימורי קרם קוקוס 17-19% 400 מ""ל (ASIATIC)(כ)",אסיאטיק אגרו אינדסטר,TH,שימורי קרם קוקוס 17-,מיליליטרים,400.00,"100 מ""ל",false,,9.90,2.4750,true,1,16568
7290015603560,false,"שימורי קרם קוקוס 20-22% 400 מ""ל (ASIATIC)(כ)",אסי אטיק גרו אינדוסט,TH,שימורי קרם קוקוס 20-,מיליליטרים,400.00,"100 מ""ל",false,,9.90,2.4750,true,1,62947
7290015603584,false,ג'ינגר לבן כבוש ללא מונוסודיום 160 גרם (כ),לאיווי איפנג פודס קו,CN,ג'ינג'ר לבן כבוש ללא,גרמים,160.00,100 גרם,false,,8.90,5.5625,true,1,16569
7290015603591,false,גינגר כבוש וורוד 160 גרם,ננטונג הידה אקוטיק פ,CN,ג'ינג'ר ורוד כבוש לל,גרמים,160.00,100 גרם,false,,8.90,5.5625,true,1,472668
7290015644297,false,אנג'ל הלחמניה המלאה 6יח 450 ג',מאפיית שלמה א. אנג'ל,IL,6 לחמניות פשוט מלא א,יחידה,0.00,יחידה,false,,11.90,0.0000,true,1,78609
7290015644433,false,"לחם צרפתי שיפון 100% קל 600 גרם ""אנג'ל""",מאפית אנגל,IL,לחם מחמצת 100% שיפון,גרמים,600.00,100 גרם,false,,18.90,3.1500,true,1,69295
7290015652070,false,קשיו קלוי 150 גרם ששון הקולה,"דין שיווק וקלייה בע""",IL,קשיו קלוי 150 גרם שש,גרמים,150.00,100 גרם,false,,12.90,8.6000,true,1,6500
7290015652087,false,תערובת פיצוחים 150 גרם ששון הקולה,דין שיווק,IL,תערובת פיצוחים 150גר,גרמים,150.00,100 גרם,false,,11.90,7.9333,true,1,65085
7290015652254,false,גרעיני חמניה קלויים 400 גרם ששון הקלה,"דין שיווק וקלייה בע""",IL,גרעיני חמניה קלויים,גרמים,400.00,100 גרם,false,,10.00,2.5000,true,1,6754
7290015652261,false,בוטנים קלויים 300 גרם ששון הקולה,"דין שיווק וקלייה בע""",IL,בוטנים קלויים ששון ה,גרמים,300.00,100 גרם,false,,10.00,3.3333,true,1,113664
7290015652292,false,קבוקים עם שומשום 400 גרם ששון הקלה,"דין שיווק וקלייה בע""",IL,קבוקים עם שומשום ששו,גרמים,400.00,100 גרם,false,,10.00,2.5000,true,1,117015
7290015652308,false,מנצס 300 גרם ששון הקולה,"דין שיווק וקלייה בע""",IL,מנצ'ס ששון הקולה 300,גרמים,300.00,100 גרם,false,,10.00,3.3333,true,1,117016
7290015652322,false,בוטנים אמריקאיים מצופים 400 גר ששון הקלה,"דין שיווק וקלייה בע""",IL,בוטנים אמריקאים מצופ,גרמים,400.00,100 גרם,false,,10.00,2.5000,true,1,117017
7290015652407,false,פיסטוק קלוי 250 גר דין שיווק,"דין שיווק וקלייה בע""",IL,פיסטוק קלוי ששון הקו,גרמים,250.00,100 גרם,false,,20.00,8.0000,true,1,6768
7290015766005,false,שרי וויטני יחידה,,,שרי וויטני יחידה,גרמים,500.00,100 גרם,false,,11.90,2.3800,true,1,206568
7290015781091,false,"יין ויז'ן קברנה סובניון 750 מ""ל",יקב טפרברג 1870 בעמ,IL,ויז'ן קברנה סובניון,מיליליטרים,750.00,"100 מ""ל",false,,42.90,5.7200,true,1,13782
7290015781152,false,"רוזה אימפרשיאון 750 מ""ל",יקב טפרברג 1870,IL,אימפרשן יין רוזה,מיליליטרים,750.00,"100 מ""ל",false,,54.90,7.3200,true,1,13788
7290015781268,false,"יין מוסקטו אדום 750 מ""ל MOSCATO",יקב טפרברג 1870 בעמ,IL,טפרברג מוסקטו אדום 7,מיליליטרים,750.00,"100 מ""ל",false,,42.90,5.7200,true,1,13790
7290015781282,false,"יין גוורצטמינר אימפרשן 750מ""ל",יקב טפרברג 1870,IL,אימפרשן גוורצטרמינר,מיליליטרים,750.00,"100 מ""ל",false,,54.90,7.3200,true,1,13792
7290015781299,false,יין שיראז אדום טפמבר,יקב טפרברג 1870 בעמ,IL,ויז'ן שיראז,מיליליטרים,750.00,"100 מ""ל",false,,42.90,5.7200,true,1,13793
7290015821582,false,מארז נרות נשמה 4 יח',,,נרות נשמה 4 יחידות,יחידה,0.00,יחידה,false,,12.90,0.0000,true,1,114228
7290015855082,false,ברוקולי מיני,,,ברוקולי מיני,יח',1.00,יח',false,,9.90,9.9000,true,1,3042
7290015855143,false,שיני שום קלופות בנספ,,,שום קלוף,גרמים,170.00,100 גרם,false,,12.90,7.5882,true,1,3043
7290015855181,false,ג'ינג'ר ארוז,,,ג'ינג'ר ארוז,יח',1.00,יח',false,,9.90,9.9000,true,1,3044
7290015855341,false,אנדיב לבן (עלוש),,,אנדיב (עולש),יח',1.00,יח',false,,15.90,15.9000,true,1,393310
7290015855495,false,חסה לאליק,פריסלנד,IL,חסה לאליק,יח',1.00,יח',false,,12.90,12.9000,true,1,402947
7290015855938,false,עלי בייבי סלט 250 גר,,,עלי בייבי 250 גר' אד,גרמים,300.00,100 גרם,false,,11.90,3.9667,true,1,300247
7290015858229,false,"טפנד זיתי קלמטה 180 גרם ""עללחם""",מדשא תעשיות מזון בעמ,IL,ממרח טפנד זיתי קלמטה,גרמים,180.00,100 גרם,false,,18.90,10.5000,true,1,140406
7290015865746,false,קונפיטורת פירות יער לייט 400 ג,ענבי ציון,IL,קונפיטורה לייט פירות,גרמים,400.00,100 גרם,false,,22.90,5.7250,true,1,380369
7290015951869,false,יקבי רמת הגולן הר חר,מיוצר וממולא על ידי,IL,יקבי רמת הגולן הר חר,מיליליטרים,750.00,"100 מ""ל",false,,39.90,5.3200,true,1,122969
7290016006292,false,נקטר מנגו בננה מלון קרטונית 1 ל' ספרינג,"יפאורה תבורי בע""מ",IL,ספרינג מנגו בננה מלו,יחידה,0.00,יחידה,false,,7.90,0.0000,true,1,13731
7290016006322,false,מים מינרליים מי עדן,מופק ממקור בזלתי עדן,IL,מי עדן 1 ליטר,ליטרים,1.00,ליטר,false,,2.90,2.9000,true,1,13732
7290016006339,false,מים מינרלים - מארז רביעייה,מופק ממקור בזלתי עדן,IL,מי עדן רביעייה 1 ליט,ליטרים,4.00,ליטר,false,,11.90,2.9750,true,1,13733
7290016006346,false,שישיית שרינק 500 מל שוופס סודה,יפאורה תבורי בעמ,IL,שוופס סודה שישייה 0.,ליטרים,3.00,ליטר,false,,16.90,5.6333,true,1,13734
7290016096491,false,נתחי טונה בהירה בשמן צמחי שלישיה *80ג' פילטונה,תעשיות פילטונה,IL,נתחי טונה בשמן צמחי,גרמים,240.00,100 גרם,false,,11.90,4.9583,true,1,122391
7290016096675,false,שלישיה פיל טונה בשמן,,,טונה בשמן זית פילטונ,גרמים,240.00,100 גרם,false,,18.90,7.8750,true,1,126662
7290016096811,false,רביעיית ממרח טונה פילטונה 160 גר'*4,תעשיות פילטונה,IL,ממרח טונה פילטונה רב,גרמים,160.00,100 גרם,false,,22.90,14.3125,true,1,276488
7290016096934,false,מארז זוגות סלט טונה 2*160 ג' פילטונה,תעשיות פילטונה,IL,סלט טונה 2 יח' פילטו,גרמים,320.00,100 גרם,false,,12.90,4.0313,true,1,316627
7290016114300,false,נייר טואלט לילי לבן דאבל 16 גל=32 גל,חוגלה קימברלי,IL,לילי גליל כפול 16 גל,מטרים,588.00,מטר,false,,40.90,0.0696,true,1,11115
7290016135855,false,משחת נעליים נוזלית ח,,,משחת נעליים נוזלית ח,מיליליטרים,75.00,"100 מ""ל",false,,6.90,9.2000,true,1,127116
7290016150117,false,סלק אדום מבושל 500 ג' בוואקום,חקלאי,IL,מעדן סלק בוואקום 500,גרמים,500.00,100 גרם,false,,6.90,1.3800,true,1,97852
7290016150711,false,נוזל קוקוס אבאל פחית,,,AVEL נוזל קוקוס תאיל,מיליליטרים,400.00,"100 מ""ל",false,,5.90,1.4750,true,1,133321
7290016162233,false,עוגיות ממולאות פרימיום סוגים שונים 200 גר',,,עוגיות דיזרט פרימיום,גרמים,200.00,100 גרם,false,,22.90,11.4500,true,1,119478
7290016197488,false,מטליות מיקרופייבר למשטחים ניקול 3יח',סטון טכנולגי,CN,מטלית קסם לשיש מארז,יחידה,0.00,יחידה,false,,12.90,0.0000,true,1,11130
7290016197839,false,ניקול השקית החזקה 20 יח' XL,"אשפלסט תעשיות בע""מ",IL,ניקול השקית החזקה XL,יחידה,0.00,יחידה,false,,27.90,0.0000,true,1,11137
7290016217735,false,חציל על האש סלטי שמי,"סלטי שמיר 2006 בע""מ",IL,חציל על האש סלטי שמי,גרמים,200.00,100 גרם,false,,11.90,5.9500,true,1,79200
7290016217742,false,חציל על אש בטחינה 200 גר,"סלטי שמיר 2006 בע""מ",IL,חציל בטחינה סלטי שמי,גרמים,200.00,100 גרם,false,,11.90,5.9500,true,1,79201
7290016217759,false,חצילים בסגנון מרוקאי,"סלטי שמיר 2006 בע""מ",IL,חצילים בסגנון מרוקאי,גרמים,200.00,100 גרם,false,,13.90,6.9500,true,1,79202
7290016233209,false,רביעיית טונה בהירה בשמן סויה* 140 ג' מונטרי,,TH,טונה מונטריי בשמן תו,גרמים,560.00,100 גרם,false,,28.90,5.1607,true,1,253408
7290016233384,false,גפילטע פיש 7 קציצות 540 גרם תומר,דג טעים ירושלים,IL,גפילטא פיש 7 קציצות,גרמים,555.00,100 גרם,false,,17.90,3.2252,true,1,90698
7290016246025,false,בארכה מיקס פינוקיות חלווה ללא סוכר 10*20ג,רושדי תעשיות מזון בע,IL,בארכה פנוקיות חלבה ל,גרמים,200.00,100 גרם,false,,14.90,7.4500,true,1,22708
7290016246490,false,בארכה חלבה קלאסית 400 גרם,רושדי תעשיות מזון בע,IL,בארכה חלבה קלאסית 40,גרמים,400.00,100 גרם,false,,10.90,2.7250,true,1,136381
7290016270907,false,ברוקולי ארוז במגשית,,,ברוקולי,יח',1.00,יח',false,,9.90,9.9000,true,1,137140
7290016273090,false,סוכריה על מקל בטעם תות בננה 31 גרם,אוריגינל גורמה,US,סוכרית לוליפופ על מק,גרמים,31.00,100 גרם,false,,5.50,17.7419,true,1,140562
7290016277630,false,צנובר 150 גרם ששון - קופסא,"דין שיווק וקלייה בע""",,צנובר טבעי 150 גרם ש,גרמים,150.00,100 גרם,false,,33.90,22.6000,true,1,268291
7290016321661,false,פרש וואנס SENSITIVE מגבונים ללא בישום רביעייה 72 יחידות,עלבד משואות יצחק,IL,מגבוני פרש וואנס רבי,יחידה,0.00,יחידה,false,,21.90,0.0000,true,1,142554
7290016334500,false,לבבות חסה זוגות בשקי,,,לבבות חסה זוגות בשקי,יח',1.00,יח',false,,9.90,9.9000,true,1,93075
7290016370300,false,זית קלמטה שלם צנצנת יבנה,קוזט אס.איי.פיין פוצ,GR,זית קלמטה שלם בצנצנת,גרמים,560.00,100 גרם,false,,17.90,3.1964,true,1,278546
7290016370959,false,חציל קלוי פירה בצנצנת ‏580‏ ג' יבנה,תאי פרזידנט פוד פאבל,GR,חציל קלוי על האש בצנ,גרמים,580.00,100 גרם,false,,13.90,2.3966,true,1,85230
7290016372373,false,רסק עגבניות ללא תוספת סוכר ומלח - מארז זוג,גרנד איטליה Grand Italia,IT,רסק עגבניות איטליה ב,גרמים,280.00,100 גרם,false,,8.90,3.1786,true,1,96241
7290016372496,false,חליטת פירות וצמחים בטעם ג'ינג'ר ודבש -אפקט הג'ינג'ר,תה ויסוצקי,IL,סודות הצמחים ג'ינג'ר,גרמים,30.00,100 גרם,false,,19.90,66.3333,true,1,96934
7290016440904,false,ירקות חמוצים בטעם טב,,,ירקות חמוצים בטעם טב,גרמים,300.00,100 גרם,false,,19.90,6.6333,true,1,415907
7290016440911,false,מלפפונים ביתיים כבושים,מעדני עופר,,מלפפונים ביתיים כבוש,גרמים,500.00,100 גרם,false,,23.90,4.7800,true,1,354194
7290016440959,false,ירקות חמוצים סיני מע,,,ירקות חמוצים סיני מע,גרמים,300.00,100 גרם,false,,19.90,6.6333,true,1,415908
7290016446050,false,רביולי בטעם גבינה קפ,פסטלונה,IL,רביולי בטעם גבינה קפ,גרמים,360.00,100 גרם,false,,24.90,6.9167,true,1,314122
7290016446319,false,רביולי בטעם תרד קפוא,פסטלונה,IL,רביולי בטעם תרד קפוא,גרמים,360.00,100 גרם,false,,26.90,7.4722,true,1,314124
7290016509786,false,פרסיל גל לכביסה לבנה וצבעונית-ירוק 2.5 ל,פרסיל Persil,IL,פרסיל ג'ל 2.5 ליטר י,ליטרים,2.50,ליטר,false,,37.90,15.1600,true,1,124163
7290016509809,false,ג'ל מרוכז לכביסה קולור 2.5 ל' פרסיל,פרסיל Persil,IL,פרסיל ג'ל 2.5 ליטר ק,ליטרים,2.50,ליטר,false,,37.90,15.1600,true,1,124165
7290016509823,false,ג'ל לכביסה לבנה וצבעונית בניחוח רענן,פרסיל Persil,IL,פרסיל ג'ל 2.5 ליטר ב,ליטרים,2.50,ליטר,false,,37.90,15.1600,true,1,124167
7290016513684,false,"כיסונים כפרי במילוי בשר הודו, 750 גרם",,IL,כיסונים כפריים במילו,גרמים,0.75,100 גרם,false,,31.90,4253.3333,true,1,463966
7290016621358,false,"ד""ר פישר - קמיל אל סבון ניקיון והזנה ורוד 1 ליטר","ד""ר פישר Dr fischer",IL,אל סבון ניקיון ולחות,ליטרים,1.00,ליטר,false,,16.90,16.9000,true,1,72938
7290016682038,false,"מיץ תפוזים 400 מ""ל ""פריניב""",פרי ניב,IL,"מיץ תפוזים 400 מ""ל פ",מיליליטרים,400.00,"100 מ""ל",false,,9.50,2.3750,true,1,91819
7290016682052,false,"מיץ לימונענע 400 מ""ל ""פריניב""",פרי ניב,IL,"מיץ לימונענע 400 מ""ל",מיליליטרים,400.00,"100 מ""ל",false,,9.50,2.3750,true,1,91820
7290016682168,false,"פריניב מיץ תפוזים ולנסיה סחוט 100% 400 מ""ל",פרי ניב,IL,מיץ תפוזים סחוט וולנ,מיליליטרים,400.00,"100 מ""ל",false,,9.30,2.3250,true,1,314911
7290016682182,false,פריניב שייק תמר בננה מופחת סוכר 1 ליטר,פריניב בעמ,IL,שייק תמר בננה מופחת,יחידה,0.00,יחידה,false,,17.90,0.0000,true,1,44168
7290016682243,false,פריניב מיץ אשכולית אדומה סחוט 1 ליטר,פריניב,IL,פרי ניב מיץ אשכולית,ליטרים,2.00,ליטר,false,,17.90,8.9500,true,1,133712
7290016682328,false,מיץ תפוזים 100% עשוי מרכז 2 ל' פריניב,פריניב,IL,פרי ניב מיץ תפוזים ט,ליטרים,2.00,ליטר,false,,21.80,10.9000,true,1,366281
7290016682342,false,מיץ תפוזים וולנסיה פרי ניב 2 ליטר-,פרי ניב,IL,פרי ניב מיץ 100% טבע,ליטרים,2.00,ליטר,false,,27.90,13.9500,true,1,366296
7290016682359,false,מיץ תפוזים שמוטי פרי ניב 2 ליטר-,פרי ניב,IL,פרי ניב מיץ 100% טבע,ליטרים,2.00,ליטר,false,,27.90,13.9500,true,1,366311
7290016682441,false,100% מיץ תפוזים מיוצר מרכז טבעי,פרי ניב,IL,פריניב מיץ תפוזים סח,ליטרים,1.00,ליטר,false,,16.90,16.9000,true,1,390220
7290016693546,false,"סדרת עונות קברנה 750 מ""ל",יקבי ארזה,IL,יין עונות קברנה 750,מיליליטרים,750.00,"100 מ""ל",false,,35.90,4.7867,true,1,137285
7290016717099,false,"יין כרמל סלקטד אדום חצי יבש, 750 מ""ל",יקבי כרמל Carmel Winery,IL,יין סלקטד אדום חצי י,מיליליטרים,750.00,"100 מ""ל",false,,32.90,4.3867,true,1,629
7290016717754,false,"יין ישן נושן יקבי כרמל 750 מ""ל ^^^",אגודת הכורמים הקואופ,IL,"ישן נושן 750מ""ל.",מיליליטרים,750.00,"100 מ""ל",false,,20.90,2.7867,true,1,115331
7290016865943,false,אטריות ביצים פטוציני אוריינט 400 גרם,פ.פ.ח טאביט,PL,אטריות ביצים פטוצ'ינ,גרמים,400.00,100 גרם,false,,14.90,3.7250,true,1,120264
7290016866643,false,פרודונטקס מ.שיניים אקסטרה פרש 75 מל,פרודונטקס Parodontax,SK,מש.שיניים פרש פרודונ,מיליליטרים,75.00,"100 מ""ל",false,,33.90,45.2000,true,1,123987
7290016866650,false,"פרודונטקס - משחת שיניים אוריג'ינל 75 מ""ל",פרודונטקס Parodontax,SK,מש.שיניים אוריגינל פ,מיליליטרים,75.00,"100 מ""ל",false,,33.90,45.2000,true,1,123988
7290016867008,false,לחם מחמצת כוסמין 750 גרם,המאפה של דר מרק,IL,לחם כוסמין מחמצת 700,גרמים,700.00,100 גרם,false,,22.00,3.1429,true,1,353524
7290016867046,false,פיתות קלות כוסמין במתיקות מעודנת 6 יח',המאפה של דר מרק בריא,IL,פיתות קלות כוסמין במ,גרמים,303.00,100 גרם,false,,17.80,5.8746,true,1,353592
7290016867114,false,לחם כוסמין קל מלא 500 גר',המאפה של דר מרק בריא,IL,לחם כוסמין קל מלא 50,גרמים,500.00,100 גרם,false,,21.00,4.2000,true,1,353526
7290016867152,false,פיתות קלות כוסמין 5 יחידות 330 גר,המאפה של דר מרק בריא,IL,פיתות קלות כוסמין 29,גרמים,292.00,100 גרם,false,,15.70,5.3767,true,1,353594
7290016867176,false,לחמניות קלות כוסמין שומשום במתיקות מעודנת 6,המאפה של דר מרק,IL,לחמניות ק. כוסמין שו,גרמים,300.00,100 גרם,false,,16.80,5.6000,true,1,353576
7290016867237,false,לחם קל כוסמין במתיקות מעודנת 400 גר',המאפה של דר מרק בריא,IL,לחם קל כוסמין במתיקו,גרמים,400.00,100 גרם,false,,21.80,5.4500,true,1,353527
7290016883091,false,חרדל דיזון שקדיה 350,דין שיווק,FR,חרדל דיז'ון שקדיה 35,גרמים,350.00,100 גרם,false,,12.90,3.6857,true,1,452824
7290016967074,false,לחם חיטה מלאה עם גרעינים ודגנים,מאפיית שלמה א. אנג'ל,IL,חיטה מלאה אנגל 750 ג,גרמים,750.00,100 גרם,false,,17.90,2.3867,true,1,69128
7290016967456,false,לחם צרפתי מחמצת 100% כוסמין 600 ג' אנג'ל,מאפיית שלמה א.אנג'ל,IL,לחם מחמצת כוסמין אנג,גרמים,600.00,100 גרם,false,,18.90,3.1500,true,1,119131
7290016998184,false,עלי חסה ערבית שטופים 250ג',נטורזה,,עלי חסה ערבית שטופה,גרמים,250.00,100 גרם,false,,10.90,4.3600,true,1,308952
7290016998191,false,מיקס עלי בייבי נטורז,נטורזה,,מיקס עלי ביבי 120 גר,גרמים,120.00,100 גרם,false,,9.90,8.2500,true,1,308953
7290016998238,false,כרוב לבן קצוץ נטורזה,נטורזה,,כרוב לבן קצוץ 400 גר,גרמים,400.00,100 גרם,false,,8.90,2.2250,true,1,308956
7290016998252,false,חסה אייסברג חתוכה נט,נטורזה,,חסה אייסברג חתוכה 30,גרמים,300.00,100 גרם,false,,8.90,2.9667,true,1,308958
7290016998269,false,לקט קולסלאו נטורזה 4,נטורזה,,לקט קולסלאו 400 גר,גרמים,400.00,100 גרם,false,,8.90,2.2250,true,1,308959
7290016998276,false,גזר חתוך דק נטורזה 2,נטורזה,,גזר חתוך דק 250 גר,גרמים,250.00,100 גרם,false,,7.90,3.1600,true,1,308960
7290016998320,false,לבבות קיסר נטורזה יח,נטורזה,IL,לבבות קיסר מארז,יח',1.00,יח',false,,11.90,11.9000,true,1,308965
7290017023823,false,"רביעיית ספרינג תות בננה 250 מ""ל",יפאורה תבורי,IL,ספרינג תות בננה 250,ליטרים,1.00,ליטר,false,,11.90,11.9000,true,1,140590
7290017023854,false,מי סודה בקבוקים אישיים - מארז 4 יח',יפאורה תבורי בעמ,IL,"שוופס סודה 250 מ""ל ר",ליטרים,1.00,ליטר,false,,13.90,13.9000,true,1,136248
7290017062686,false,מרכך כביסה מרוכז בייבי טאצ 1ל',סאסאטק,IL,מרכך כביסה מרוכז טאצ,ליטרים,1.00,ליטר,false,,14.90,14.9000,true,1,278209
7290017062693,false,מרכך כביסה מרוכז לבן 1*5 ליטר טאצ,סאסאטק,IL,מרכך כביסה מרוכז טאצ,ליטרים,1.00,ליטר,false,,14.90,14.9000,true,1,278210
7290017062723,false,מרכך כביסה מרוכז ירוק 1*5 ליטר טאצ,,,מרכך כביסה מרוכז טאצ,ליטרים,1.00,ליטר,false,,14.90,14.9000,true,1,278211
7290017062891,false,"קצף לכלים בניחוח תפוח פלירוסול 500 מ""ל טאצ",,,קצף לכלים בניחוח תפו,מיליליטרים,500.00,"100 מ""ל",false,,22.90,4.5800,true,1,402723
7290017065007,false,פרוסות גבינה מוצרלה חצי קשה 22% שומן 200 ג' גד,מחלבות גד בעמ,IL,מוצרלה פרוסה חצי קש,גרמים,200.00,100 גרם,false,,19.90,9.9500,true,1,75609
7290017065137,false,ריקוטה למריחה 5% טבעית 200 גרם - רובין,האי נאם סי או אל.טי.,IL,גבינה ריקוטה למריחה,גרמים,200.00,100 גרם,false,,10.90,5.4500,true,1,107017
7290017065144,false,גבינת ריקוטה למריחה 5% בזיליקום 200ג' גד,האי נאם סי או אל.טי.,IL,גבינה ריקוטה למריחה,גרמים,200.00,100 גרם,false,,10.90,5.4500,true,1,107018
7290017065212,false,גבינת קרם מסקרפונה מחלבות גד 250 גר,מיוצר עי קוד יצרן ED,IL,קרם מסקרפונה להקצפה,גרמים,250.00,100 גרם,false,,22.90,9.1600,true,1,121074
7290017065236,false,גבינה בולגרית מעודנת 24% גד 250 גרם,הנסיך- מפעל לייצור ט,IL,בולגרית מעודנת 24% 2,גרמים,250.00,100 גרם,false,,23.90,9.5600,true,1,121082
7290017065380,false,"גרנה פדנו שבבים ""גד"" 100 גרם",מחלבות גד,IT,גרנה פדנו שבבים 100,גרמים,100.00,100 גרם,false,,14.90,14.9000,true,1,140664
7290017065434,false,פרוסות גבינה גאודה הולנדית חצי קשה 200 גרם בית יוסף,מחלבות גד בעמ,NL,גד פרוסות גאודה 200,גרמים,200.00,100 גרם,false,,23.90,11.9500,true,1,140666
7290017065441,false,פרוסות גבינת גאודה עיזים 30%,מחלבות גד,NL,גד פרוסות גאודה עיזי,גרמים,200.00,100 גרם,false,,37.90,18.9500,true,1,140667
7290017065526,false,קוואטרו פורמאג'י 4 גבינות מגוררות 26%,מחלבות גד בעמ,IL,גד קוואטרו פורמאג'י,גרמים,300.00,100 גרם,false,,31.90,10.6333,true,1,140672
7290017065663,false,גבינת פטה עיזים מעודנת 16% גד 200 גרם,ג'נרל מילס סאן אדריא,IL,גבינת פטה עיזים מעוד,גרמים,250.00,100 גרם,false,,32.90,13.1600,true,1,275477
7290017065731,false,גבינת שמנת 30% ניו יורק +כמהין 200 גרם רבנות,פ.פ.ח. שאביט,IL,גבינת שמנת ניו יורק,גרמים,200.00,100 גרם,false,,13.90,6.9500,true,1,304559
7290017068367,false,שמרים בוואקום 125 גרם,מיה,IL,מיה שמרים בוואקום 12,גרמים,125.00,100 גרם,false,,5.90,4.7200,true,1,142765
7290017088143,false,טיטלי בייביסיטר מידה 6 30 יח,די.פי.אל תעשיות מוצר,IL,ביייביסיטר נוחות מיד,יח',40.00,יח',false,,34.90,0.8725,true,1,121840
7290017088914,false,מגבונים בייביסיטר מבושם 66X6 יח',,,מגבונים מבושם בייביס,יחידה,0.00,יחידה,false,,18.90,0.0000,true,1,263213
7290017090979,false,מגהץ אדים וקיטור,,,מגהץ אדים וקיטור,יחידה,0.00,יחידה,false,,69.90,0.0000,true,1,249909
7290017105062,false,גרגירי חומוס שלם יכין הקטניה הטובה 200 ג,היינץ צפון אמריקה מק,IL,חומוס 6OZ יכין 200 ג,גרמים,200.00,100 גרם,false,,4.90,2.4500,true,1,103170
7290017105079,false,שעועית לבנה ברוטב עגבניות יכין הקטניה הט,היינץ צפון אמריקה מק,IL,שעועית אפויה 6OZ יכי,גרמים,200.00,100 גרם,false,,4.90,2.4500,true,1,103171
7290017105086,false,שימורי יכין שעועית צילי 200 גר,"זנלכל בע""מ",IL,שעועית צ'ילי 6OZ יכי,גרמים,200.00,100 גרם,false,,4.90,2.4500,true,1,103172
7290017105116,false,שימורי יכין תורמוס 200 גר,"זנלכל בע""מ",IL,תורמוס 6OZ יכין 200,גרמים,200.00,100 גרם,false,,4.90,2.4500,true,1,103175
7290017105123,false,שימורי פול יכין הקטניה הטובה 200 גר,היינץ צפון אמריקה מק,IL,פול מצרי 6OZ יכין 20,גרמים,200.00,100 גרם,false,,4.90,2.4500,true,1,103176
7290017105468,false,מארז שלישייה אפונה קטנה יכין 3*200 גר,קשקמט קונסרב הונגריה,IL,אפונה יכין 3*120 גרם,גרמים,360.00,100 גרם,false,,14.90,4.1389,true,1,212514
7290017105550,false,רביעיית רסק עגבניות 100% יכין 4X100 גרם,היינץ צפון אמריקה מק,IL,מאגדת רסק עגבניות יכ,גרמים,400.00,100 גרם,false,,12.90,3.2250,true,1,212175
7290017105895,false,גרגרי חומוס להכנת חומוס משובח יכין 560 ג,זנלכל,IL,גרגרי חומוס מסעדות י,גרמים,550.00,100 גרם,false,,10.90,1.9818,true,1,246913
7290017140308,false,קמח שקדים-שי של הטבע,אופק מן הטבע,IL,קמח שקדים שי של הטבע,גרמים,500.00,100 גרם,false,,27.40,5.4800,true,1,392952
7290017142111,false,פתיתי טונה בשמן זית טו גו עץ הזית 85 גרם,"יוניקורד ח.צ בע""מ",TH,פתיתי טונה בהירה בשמ,גרמים,85.00,100 גרם,false,,10.90,12.8235,true,1,122584
7290017142128,false,"שמן זית כתית מעולה קלאסי עץ הזית 750 מ""ל",שמן תעשיות,IL,שמן זית כתית מעולה ק,מיליליטרים,750.00,"100 מ""ל",false,,37.90,5.0533,true,1,108771
7290017142159,false,מארז נתחי טונה בהירה בשמן זית 3*80 ג' עץ הזית,הנסיך- מפעל לייצור ט,TH,נתחי טונה בהירה בשמן,גרמים,240.00,100 גרם,false,,26.90,11.2083,true,1,122585
7290017142180,false,פילה טונה בשמן זית בטעם לימון עם פלפל שחור 120 ג',"יוניקורד ח.צ בע""מ",TH,פילה טונה פרוס זית ל,גרמים,120.00,100 גרם,false,,16.90,14.0833,true,1,139431
7290017142203,false,פילה טונה בשמן זית בטעם מעושן עץ המוצר 120 ג',"יוניקורד ח.צ בע""מ",TH,פילה טונה פרוס עם בש,גרמים,120.00,100 גרם,false,,16.90,14.0833,true,1,139432
7290017142234,false,"פתיתי טונה בהירה בשמן זית מעושן ""עץ הזית""","יוניקורד ח.צ בע""מ",TH,פתיתי טונה בהירה בשמ,גרמים,85.00,100 גרם,false,,10.90,12.8235,true,1,159024
7290017142395,false,עץ הזית ארוחה טונה עם פסטה בשמן זית,עץ הזית,TH,פסטה עם טונה בשמן זי,גרמים,160.00,100 גרם,false,,15.90,9.9375,true,1,198425
7290017142401,false,עץ הזית ארוחה טונה עם קינואה לבנה ואדומה טו גו,ג'נרל מילס סאן אדריא,TH,קינואה לבנה ואדומה ע,גרמים,160.00,100 גרם,false,,15.90,9.9375,true,1,265679
7290017217314,false,נרות חימום ריחניים בניחות הדרים 50יח',הוסטס,CN,נרות חימום ריחניים ב,יחידה,0.00,יחידה,false,,13.90,0.0000,true,1,456853
7290017217437,false,סבון אסלה מבושם בניח,הוסטס,CN,סבון אסלה מבושם בניח,יחידה,0.00,יחידה,false,,12.90,0.0000,true,1,453605
7290017217444,false,סבון אסלה מבושם בניח,הוסטס,CN,סבון אסלה מבושם בניח,יחידה,0.00,יחידה,false,,12.90,0.0000,true,1,453606
7290017289588,false,אינספייר בלנד לבן יבש 750 מל,יקב טפרברג 1870 בעמ,IL,אינספייר בלנד לבן יב,מיליליטרים,750.00,"100 מ""ל",false,,79.90,10.6533,true,1,455224
7290017303802,false,אריאל מלוואח 600 גרם,מאפיית אריאל,,"מלוואח 600 גרם כשל""פ",גרמים,600.00,100 גרם,false,,23.90,3.9833,true,1,113837
7290017304885,false,לחם שיפון מחיטה מלאה ללא תוספת סוכר 750 ג' אנג'ל,מאפית אנגל,IL,לחם שיפון וחיטה מלאה,גרמים,750.00,100 גרם,false,,17.90,2.3867,true,1,151740
7290017374390,false,סט שירותים טורינו,,IT,סט לשרותים TORINO (,יחידה,0.00,יחידה,false,,24.90,0.0000,true,1,122424
7290017457611,false,גל כביסה סוד טוטאל ירוק 2.5 ליטר,הנקל סוד,IL,ג'ל כביסה ירוק סוד,ליטרים,2.50,ליטר,false,,27.90,11.1600,true,1,235437
7290017457734,false,"סוד - מרכך כביסה מרוכז ווילד רוז 900 מ""ל",הנקל סוד,IL,מרכך כביסה מרוכז סוד,מיליליטרים,900.00,"100 מ""ל",false,,13.90,1.5444,true,1,139417
7290017477169,false,קשיו קלוי 250 גרם ששון הקולה,"דין שיווק וקלייה בע""",IL,קשיו קלוי ששון הקולה,גרמים,250.00,100 גרם,false,,20.00,8.0000,true,1,122939
7290017495552,false,מטאטא גב עץ,,,מטאטא גב עץ,יחידה,0.00,יחידה,false,,16.90,0.0000,true,1,291517
7290017513485,false,מחית עגבניות רוסטיקה בלה איטליה 680 ג',היצרן: ס.פ. פודנצנו,IT,מחית עגבניות רוסטיקה,גרמים,680.00,100 גרם,false,,13.90,2.0441,true,1,198402
7290017589633,false,"רזרב גולד אדישיין קברנה סוביניון 750 מ""ל",יקבי ברקן Barkan,IL,יין רזרב קברנה גולד,מיליליטרים,750.00,"100 מ""ל",false,,49.90,6.6533,true,1,137283
7290017599267,false,סוכרלוז 120 שקיות ממתיק שולחני,סוכרזית Sucrazit,IL,סוכרזית סוכרלוז ממתי,גרמים,120.00,100 גרם,false,,26.90,22.4167,true,1,475867
7290017599274,false,סוכרזית סטיוויה 120 שקיות,ביסקול בעמ,IL,סוכרזית סטיוויה ממת,גרמים,120.00,100 גרם,false,,26.90,22.4167,true,1,474021
7290017617084,false,סטארקיסט מיקס טוגו טונה עם שעועית 185 גרם,דרדנל אוננטאס גידה,TR,סטארקיסט מיקס 185 גר,גרמים,185.00,100 גרם,false,,13.90,7.5135,true,1,405862
7290017617107,false,סטארקיסט מיקס טוגו טונה עם 4 דגנים 185 גרם,"איטיליאן פוד, אס.פי.",TR,סטארקיסט מיקס 185 גר,גרמים,185.00,100 גרם,false,,13.90,7.5135,true,1,366019
7290017618111,false,עוגיות שקדים עם טריפל שוקולד 200 גר לחמי,קונדטוריות לחמי,IL,עוגיות מלבן שקדים עם,גרמים,180.00,100 גרם,false,,19.90,11.0556,true,1,136276
7290017637556,false,שמפו לקרקפת שומנית מיקי בוגנים 500 מל,מיקי בוגנים,IL,שמפו CLEANSING לקרקפ,מיליליטרים,500.00,"100 מ""ל",false,,25.90,5.1800,true,1,434597
7290017637600,false,מרכך יומיומי זיכרונות מתוקים 500 מל,מיקי בוגנים,IL,מרכך לשיער רגיל MB,מיליליטרים,500.00,"100 מ""ל",false,,25.90,5.1800,true,1,434600
7290017637624,false,מרכך יומיומי יסמין קסום 500 מל בוגנים,מיקי בוגנים,IL,שמפו לשיער רגיל 500,מיליליטרים,500.00,"100 מ""ל",false,,25.90,5.1800,true,1,434533
7290017641379,false,חמישיות שוקולד חלב בדצ 85 ג*5 בלמינט*12 בקרט בדצ,כרמית,IL,חמישיית שוקולד חלב,גרמים,425.00,100 גרם,false,,16.90,3.9765,true,1,295926
7290017641744,false,"חטיפי קרח גדולים בטעמי פטל, לימון, ענבים ואננס",HIQ FOOD PRODUCTS,IL,איגלו סטיקס כרמית 8*,גרמים,800.00,100 גרם,false,,5.90,0.7375,true,1,234997
7290017647425,false,יין גמלא קברנה סוביניון 2019 750 מל,יקבי רמת הגולן,IL,יין גמלא קברנה סובינ,מיליליטרים,750.00,"100 מ""ל",false,,68.50,9.1333,true,1,249296
7290017647852,false,"יין ירדן מרלו 2019 750 מ""ל",יקבי רמת הגולן,,"יין מרלו ירדן 750 מ""",מיליליטרים,750.00,"100 מ""ל",false,,99.90,13.3200,true,1,507832
7290017677804,false,"רוטב סויה קיקומן ללא חומרים משמרים 444 מ""ל",קיקומן פודז אינק,US,קיקומן רוטב סויה ללא,מיליליטרים,444.00,"100 מ""ל",false,,21.90,4.9324,true,1,141960
7290017715346,false,זית שחור טאסוס 400 גרם,מסנוי גידה רעהס,TR,זית שחור טאסוס תומר,גרמים,400.00,100 גרם,false,,16.90,4.2250,true,1,190517
7290017715674,false,A2 זית ירוק חרוזית תומר 560 גרם,,IL,זית ירוק חרוזית תומר,גרמים,560.00,100 גרם,false,,9.90,1.7679,true,1,228375
7290017724003,false,עוגיות גרסיני אקלר 2,אקלר,IL,עוגיות גרסיני אקלר 2,גרמים,250.00,100 גרם,false,,24.90,9.9600,true,1,397207
7290017724041,false,עוגיות תותי פרוטי אק,אקלר,IL,עוגיות תותי פרוטי אק,גרמים,200.00,100 גרם,false,,24.90,12.4500,true,1,397111
7290017724058,false,עוגיות מעדן תמר אגוז,אקלר,IL,עוגיות מעדן תמר אגוז,גרמים,250.00,100 גרם,false,,24.90,9.9600,true,1,397126
7290017724102,false,עוגיות סיגרים תמרים/,אקלר,IL,עוגיות סיגרים תמרים/,גרמים,250.00,100 גרם,false,,24.90,9.9600,true,1,397161
7290017724126,false,עוגיות טחינה אקלר 25,אקלר,IL,עוגיות טחינה אקלר 25,גרמים,250.00,100 גרם,false,,24.90,9.9600,true,1,397162
7290017724140,false,עוגיות שושנים אקלר 2,אקלר,IL,עוגיות שושנים אקלר 2,גרמים,200.00,100 גרם,false,,24.90,12.4500,true,1,397143
7290017724171,false,אקלר ריבה ללא סוכר 200 גרם,אקלר,IL,עוגיות סנדוויץ ריבה,גרמים,250.00,100 גרם,false,,24.90,9.9600,true,1,397228
7290017812380,false,תירוש מיץ ענבים אדום,,,תירוש מיץ ענבים אדום,מיליליטרים,750.00,"100 מ""ל",false,,13.90,1.8533,true,1,160053
7290017812571,false,"מיץ ענבים תירוש 1 ליטר ""יקבי כרמל""",יקבי כרמל Carmel Winery,IL,תירוש מיץ ענבים אדום,ליטרים,1.00,ליטר,false,,22.90,22.9000,true,1,215503
7290017812830,false,יין רוזה פרייבט קולקשיין 750מל יקבי כרמל,"כד בני דרום בע""מ",IL,יין רוזה פרייבט קולק,מיליליטרים,750.00,"100 מ""ל",false,,44.90,5.9867,true,1,335126
7290017871431,false,טוסו חטיף תמרים אגוזי לוז וחמוציות ללא גלוטן וללא תוספת סוכר,תות תעשיות מזון,IL,טוסו חטיף תמרים אגוז,גרמים,0.00,גרם,false,,18.90,0.0000,true,1,184421
7290017888019,false,"משקה תפוח רימון סלק גינגיר פרות &ווג 350 מ""ל",מיוצר עי קונדיטוריית,IL,פרוט & וג' תפוח רימו,מיליליטרים,330.00,"100 מ""ל",false,,8.90,2.6970,true,1,139527
7290017888026,false,"משקה אננס תפוח גזר פרות & ווג 350 מ""ל",פרוט אנד וג' Fruit & Veg,IL,פרוט & וג' אננס תפוח,מיליליטרים,330.00,"100 מ""ל",false,,8.90,2.6970,true,1,139528
7290017888033,false,"משקה בננה מלון נענע פרות &ווג 350 מ""ל",פרוט אנד וג' Fruit & Veg,IL,פרוט & וג' בננה מלון,מיליליטרים,330.00,"100 מ""ל",false,,8.90,2.6970,true,1,139529
7290017888644,false,"משקה אננס בננה כורכום פרות & ווג 350 מ""ל",פרוט אנד וג' Fruit & Veg,IL,פרוט & וג' אננס בננה,גרמים,330.00,100 גרם,false,,8.90,2.6970,true,1,222517
7290017888729,false,שוופס סודה בקבוק 1 ל',"יפאורה תבורי בע""מ",IL,שוופס סודה 1 ליטר,ליטרים,1.00,ליטר,false,,4.90,4.9000,true,1,233101
7290017888972,false,בקבוק מי עדן פקק ספורט 1 ליטר,מופק ממקור בזלתי עדן,IL,מי עדן פקק ספורט 1 ל,ליטרים,1.00,ליטר,false,,4.90,4.9000,true,1,238944
7290017894126,false,פוזילי טריקולור דגש 400 גרם,אנדריאני,IL,דגש פוזלי טריקולור ל,גרמים,400.00,100 גרם,false,,10.90,2.7250,true,1,272397
7290017928036,false,מאיר בייגל מקלות גריסיני שומשום 175 גרם,מאיר את בייגל,IL,מקלות גריסיני שומשום,גרמים,175.00,100 גרם,false,,13.90,7.9429,true,1,210672
7290017928043,false,מאיר בייגל גריסיני קראנץ' מלח 175 ג',מאיר את בייגל,IL,גריסיני קראנץ' מלח מ,גרמים,175.00,100 גרם,false,,13.90,7.9429,true,1,210673
7290017928098,false,מאיר בייגל שטוחלה מלח 330 גר',מאיר את בייגל,IL,בייגלה שטוח מלח מאיר,גרמים,330.00,100 גרם,false,,13.90,4.2121,true,1,355787
7290017928616,false,מאיר בייגל שטוחהלה שומשום 300 גר',מאיר את בייגל,IL,שטוחלה שומשום מאיר ב,גרמים,300.00,100 גרם,false,,13.90,4.6333,true,1,210684
7290017928661,false,מאיר בייגל -סמאש-שבורים בטעם צ'דר 300 גרם,מאיר בייגל,BG,שברי בייגלה בטעם צ'ד,גרמים,300.00,100 גרם,false,,14.90,4.9667,true,1,287916
7290017928746,false,מאיר בייגל פירורי בייגלה 200 גרם,מאיר בייגל,IL,פירורי בייגלה מאיר ב,גרמים,200.00,100 גרם,false,,7.90,3.9500,true,1,409209
7290017928807,false,בייגלה אצבעות עם שומשום 300גרם - חדש,מאיר את בייגל,IL,אצבעות שומשום מאיר ב,גרמים,300.00,100 גרם,false,,13.90,4.6333,true,1,210687
7290017928821,false,מאיר בייגל מקלות גריסיני קלאסי 200 גרם,מאיר את בייגל,IL,מקלות גריסיני קלאסי,גרמים,200.00,100 גרם,false,,13.90,6.9500,true,1,210689
7290017941158,false,סכינים עבות 100 יח',,,סכינים עבות 100 יח',יחידה,0.00,יחידה,false,,12.90,0.0000,true,1,297980
7290017941219,false,כפות 40 יח' עבה במיו,,,כפות 40 יח' עבה במיו,יחידה,0.00,יחידה,false,,8.90,0.0000,true,1,293831
7290017941226,false,מזלגות 40 יח' עבה במ,,,מזלגות 40 יח' עבה במ,יחידה,0.00,יחידה,false,,8.90,0.0000,true,1,293850
7290017941288,false,נר נשמה 24 שעות,,,נר נשמה 24 שעות,יחידה,0.00,יחידה,false,,2.50,0.0000,true,1,330086
7290017941301,false,נר נשמה 48 שעות בזכו,,,נר נשמה 48 שעות בזכו,יחידה,0.00,יחידה,false,,5.90,0.0000,true,1,330087
7290017941370,false,להבונים 50 יח' 3 שעו,,,להבונים 50 יח' 3 שעו,יחידה,0.00,יחידה,false,,10.90,0.0000,true,1,330104
7290017941394,false,נייר סנדוויץ 100 יח',,,נייר סנדוויץ 100 יח',יחידה,0.00,יחידה,false,,10.90,0.0000,true,1,305125
7290017941455,false,כוסות 9oz לשתיה חמה,,,כוסות 9oz לשתיה חמה,יחידה,0.00,יחידה,false,,14.90,0.0000,true,1,308347
7290017941462,false,כוסות שתיה חמה 8B י,,,כוסות שתיה חמה 8B י,יחידה,0.00,יחידה,false,,10.90,0.0000,true,1,300762
7290017941608,false,קערות אובליות לבן 50,,,קערות אובליות לבן 50,יחידה,0.00,יחידה,false,,11.90,0.0000,true,1,293312
7290017941615,false,רדיד אלומניום כוכבים,,,רדיד אלומניום כוכבים,מטרים,60.00,מטר,false,,29.90,0.4983,true,1,293255
7290017941677,false,מארז תבניות רוסטר בנ,,,מארז תבניות רוסטר בנ,יחידה,0.00,יחידה,false,,14.90,0.0000,true,1,293257
7290017941776,false,מארז צלחות מהודר 20+,,,מארז צלחות מהודר 20+,יחידה,0.00,יחידה,false,,58.90,0.0000,true,1,290080
7290017941813,false,קיסמי במבוק בעטיפה א,,,קיסמי במבוק בעטיפה א,יחידה,0.00,יחידה,false,,5.50,0.0000,true,1,295940
7290017941905,false,קיסמים במלחיה 300 יח,,,קיסמים במלחיה 300 יח,יחידה,0.00,יחידה,false,,3.90,0.0000,true,1,295941
7290017941936,false,"כוסות לברד 330 מ""ל 4",,,"כוסות לברד 330 מ""ל 4",מיליליטרים,330.00,"100 מ""ל",false,,11.90,3.6061,true,1,297562
7290017946368,false,סוד סבון 4 כדוריות לאסלה אוקיינוס 3*50 ג,הנקל סוד,RS,סוד כדוריות לאסלה P.,גרמים,150.00,100 גרם,false,,20.90,13.9333,true,1,281298
7290017947105,false,לחם בסגנון אמריקה 500 גרם,מאפיית שלמה א. אנג'ל,IL,לחם בסגנון אמריקה אנ,גרמים,500.00,100 גרם,false,,15.90,3.1800,true,1,212536
7290017947464,false,מארז 8 פיתות מקמח כוסמין מלא 400ג',"איטיליאן פוד, אס.פי.",IL,שמיניית פיתות כוסמין,גרמים,400.00,100 גרם,false,,17.90,4.4750,true,1,260406
7290017947495,false,לחמניות כוסמין 450 ג' אנג'ל,"איטיליאן פוד, אס.פי.",IL,6 לחמניות כוסמין אנג,גרמים,450.00,100 גרם,false,,16.90,3.7556,true,1,275688
7290017947891,false,לחם כוסמין וחיטה מלאה 750 ג' אנג'ל,מאפיית שלמה א. אנג'ל,IL,לחם כוסמין וחיטה מלא,גרמים,750.00,100 גרם,false,,17.90,2.3867,true,1,211371
7290017947921,true,מארז לחמניות המבורגר,,,מארז לחמניות המבורגר,גרמים,450.00,100 גרם,false,,15.90,3.5333,true,1,235020
7290017947938,false,מיני לחמניות המבורגר בסגנון אמריקה 400 ג' אנג'ל,מאפיית שלמה א. אנג'ל,IL,8 לחמניות המבורגר בס,גרמים,4000.00,100 גרם,false,,15.90,0.3975,true,1,276184
7290018023495,false,טחינה גולמית 500ג' סבא חביב,מ.א ושות',IL,טחינה גולמית סבא חבי,גרמים,500.00,100 גרם,false,,16.90,3.3800,true,1,453988
7290018029206,false,עוגיות כתר ריבה מיקס 600 גרם,שיבולים א.ד.ל,IL,עוגיות כתר ריבה מיקס,גרמים,600.00,100 גרם,false,,22.90,3.8167,true,1,141367
7290018043844,false,חטיף חלבון בוטנים קרמל קראנץ 60 ג' פראוד,פראוד PROUD,NL,חטיף חלבון בטעם בוטנ,גרמים,60.00,100 גרם,false,,15.90,26.5000,true,1,419391
7290018045695,false,דגנים במילוי קרם קרמל מלוח 480 ג' BON & BON,monday,DE,דגנים במילוי קרם קרמ,גרמים,480.00,100 גרם,false,,23.90,4.9792,true,1,387192
7290018045893,false,בון בון דגנים במילוי קרם נוגט 480 גרם,monday,DE,דגנים במילוי קרם נוג,גרמים,480.00,100 גרם,false,,23.90,4.9792,true,1,387193
7290018071205,false,כפפות ניטרו כחולות אלסטיות S 100יח',סייף טאצ,CN,כפפות ניטרו-V כחולות,יחידה,0.00,יחידה,false,,21.90,0.0000,true,1,423820
7290018071212,false,כפפות ניטרו כחולות אלסטיות M ללא אבקה 100יח',סייף טאצ,CN,כפפות ניטרו-V כחולות,יחידה,0.00,יחידה,false,,21.90,0.0000,true,1,423821
7290018091081,false,מעדנות מאפה פילו תרד וגבינה 320גר,"מעדנות בע""מ",IL,מאפה פילו תרד גבינה,גרמים,320.00,100 גרם,false,,23.90,7.4687,true,1,426441
7290018091616,false,מקלות פילו גבינה מעדנות 450 ג',מיוצר עי קונדיטוריית,IL,מקלות פילו גבינה 450,גרמים,450.00,100 גרם,false,,18.90,4.2000,true,1,245528
7290018098592,false,שווארמה טבעוניות ביף,כל טוב,IL,שווארמה 300 גרם BEEF,גרמים,300.00,100 גרם,false,,23.90,7.9667,true,1,447310
7290018127438,false,"תערובת להכנת קניידלך לל""ג 130 גרם",,,קניידלך ללא גלוטן כש,גרמים,130.00,100 גרם,false,,17.90,13.7692,true,1,287760
7290018131251,false,אקסטרים מטבע שוקולד לבן וליבת קרם עוגיות 115ג',גלידות נסטלה (נגה גל,IL,אקסטרים מטבע שוקולד,יחידה,0.00,יחידה,false,,9.90,0.0000,true,1,226740
7290018131756,false,מאגדת שלגון וניל מצופה תות נסטלה 440 גרם,נסטלה גלידות,IL,נסטלה וניל מצופה תות,גרמים,440.00,100 גרם,false,,31.90,7.2500,true,1,291970
7290018131879,false,אקסטרים טילון ריבת חלב מאגדת 6 יח 432 גר,גלידות נסטלה (נגה גל,IL,אקסטרים מאגדת טילון,גרמים,432.00,100 גרם,false,,39.90,9.2361,true,1,312786
7290018165447,false,"יין רזרב GOLD EDITION מרלו 750 מ""ל",יקבי ברקן שיווק והפצ,IL,יין רזרב גולד מרלו 7,מיליליטרים,750.00,"100 מ""ל",false,,49.90,6.6533,true,1,280156
7290018165461,false,ברקן רזרב קברנה סוביניון חצי יבש 750 מל,,,יין רזרב קברנה סובני,מיליליטרים,750.00,"100 מ""ל",false,,46.90,6.2533,true,1,301134
7290018194065,false,אורז בסמטי 1 קילו PRIMO,וינדו רייס מיילז פרי,IN,אורז בסמטי 1 קילו PR,קילוגרמים,1.00,"ק""ג",false,,12.90,12.9000,true,1,468939
7290018213100,false,שייני מגבונים לניקוי,,IL,דלי מגבונים לניקוי ו,יחידה,0.00,יחידה,false,,26.90,0.0000,true,1,263199
7290018225226,false,מייבש שיער מקצועי,,,מייבש שיער מקצועי,יחידה,0.00,יחידה,false,,79.90,0.0000,true,1,249953
7290018225264,false,בלנדר שיייקר,,,בלנדר שיייקר,יחידה,0.00,יחידה,false,,95.90,0.0000,true,1,249924
7290018237373,false,עוף טוב פסטרמה צרובה על הגריל נתח שלם 8*300 גרם,"עוף טוב (שאן) בע""מ",IL,פסטרמה צרובה על הגרי,גרמים,300.00,100 גרם,false,,30.90,10.3000,true,1,329151
7290018249123,false,אינסטנט פודינג סוויטאנגו בטעם וניל,מתבל תעשיות מזון,IL,כמו סוכר אינסטנט פוד,גרמים,50.00,100 גרם,false,,13.90,27.8000,true,1,243421
7290018249802,false,ממתיק סוויטאנגו צנצנת 280 גרם,סוויטאנגו Sweetango,IL,כמו סוכר באריזת צנצנ,קילוגרמים,280.00,"ק""ג",false,,30.90,0.1104,true,1,243423
7290018294208,false,"סלקטד אדום יין ישראלי, 750 מ""ל","כד בני דרום בע""מ",IL,יין אדום ישראלי סלקט,מיליליטרים,750.00,"100 מ""ל",false,,32.90,4.3867,true,1,341528
7290018294352,false,"ארק יקבי כרמל 700 מ""",יקבי כרמל Carmel Winery,IL,"ארק יקבי כרמל 700 מ""",מיליליטרים,700.00,"100 מ""ל",false,,60.20,8.6000,true,1,402932
7290018333259,false,טופי בטעם תות כרמית 50 גרם,,,כרמית טופי בטעם תות,גרמים,50.00,100 גרם,false,,1.50,3.0000,true,1,269134
7290018343487,false,"ד""ר פישר אלכו ג'ל שפ",,IL,"אלכו ג'ל H ד""ר פישר",מיליליטרים,75.00,"100 מ""ל",false,,9.90,13.2000,true,1,223478
7290018344095,false,חטיף חלבון בטעם בוטנים מלח 50 ג' VEG PROTEIN,טבע ירוק,IL,חטיף חלבון בוטנים ומ,גרמים,50.00,100 גרם,false,,12.90,25.8000,true,1,360754
7290018359129,false,עגבניות פולפה מקולפות יכין 690 גרם - זכוכית,אמיליאנה קונסרב,IT,פאסאטה מחית עגבניות,גרמים,690.00,100 גרם,false,,10.90,1.5797,true,1,291814
7290018359495,false,תירס מהשדה בלי תוספת סוכר יכין 550 גרם,היינץ צפון אמריקה מק,IL,תירס מהשדה בלי תוספת,גרמים,550.00,100 גרם,false,,10.90,1.9818,true,1,265583
7290018359686,false,יכין חומוס גדול 550 גר A2,היינץ צפון אמריקה מק,IL,חומוס ענק יכין 550 ג,גרמים,550.00,100 גרם,false,,10.90,1.9818,true,1,345489
7290018359716,false,רוטב עגבניות פיצה טוסקנה 240 גרם יכין,"זנלכל בע""מ",IL,רוטב פיצה טוסקנה יכי,גרמים,240.00,100 גרם,false,,6.50,2.7083,true,1,301241
7290018359853,false,עדשים שחורות יכין 400 גרם,"זנלכל בע""מ",IL,עדשים שחורות יכין 40,גרמים,400.00,100 גרם,false,,8.90,2.2250,true,1,345474
7290018359969,false,רוטב עגבניות לפיצה יכין 400 גרם,זנלכל,IL,רוטב עגבניות לפיצה י,גרמים,400.00,100 גרם,false,,13.90,3.4750,true,1,450245
7290018400234,false,גרגירי חומוס 800 גרם סנפרוסט,סנפרוסט,IL,חומוס לחומוס סנפרוסט,גרמים,800.00,100 גרם,false,,20.90,2.6125,true,1,294297
7290018400661,false,לקט פאייה בסגנון ספרדי סנפרוסט 800 ג',"סנפרוסט בע""מ",IL,לקט פאייה בסגנון ספר,גרמים,800.00,100 גרם,false,,28.90,3.6125,true,1,328681
7290018440247,false,תה צ'אי שקדים סדרת חווית צ'אי,תה ויסוצקי,IL,חווית הצ'אי- שקדים 2,גרמים,50.00,100 גרם,false,,23.90,47.8000,true,1,364301
7290018440254,false,תה צ'אי קרמל מלוח סדרת חווית צ'אי,תה ויסוצקי,IL,חווית הצ'אי- קרמל מל,גרמים,50.00,100 גרם,false,,23.90,47.8000,true,1,364316
7290018440438,false,טונה קאלוו איזי פליפ בשמן 65 גר*3,קאלבו קונסרבס ס.ל.ו,ES,טונה easy flip בשמן,גרמים,195.00,100 גרם,false,,26.90,13.7949,true,1,456696
7290018440445,false,טונה קאלוו בשמן זית 160 גר,קאלבו קונסרבס ס.ל.ו,ES,נתחי טונה בהירה בשמן,גרמים,160.00,100 גרם,false,,17.90,11.1875,true,1,445009
7290018440490,false,סלט טונה קאלוו עם קוסקוס 150 גר,קאלבו קונסרבס ס.ל.ו,ES,סלט טונה עם ירקות וק,גרמים,150.00,100 גרם,false,,15.90,10.6000,true,1,456649
7290018440513,false,סלט קליפורנייה קאלוו עם טונה 150 גר,קאלבו קונסרבס ס.ל.ו,ES,סלט טונה עם ירקות בס,גרמים,150.00,100 גרם,false,,15.90,10.6000,true,1,456651
7290018440896,false,הגן הקסום חליטה ג'ינגר כורכום ויסוצקי 25 יח,תה ויסוצקי,IL,חליטת ג'ינג'ר וכורכו,גרמים,37.50,100 גרם,false,,19.90,53.0667,true,1,402859
7290018468302,false,נקניקיה טבעונית בסגנון מרגז טירת צבי 400 ג,טירת צבי,IL,נקניקיות צמחוניות בס,גרמים,400.00,100 גרם,false,,41.90,10.4750,true,1,431966
7290018468418,false,פסטרמה צמחונית בטעם מפולפל 100 ג טירת צב,טיב טירת צבי 2000,IL,פסטרמה צמחונית מפולפ,גרמים,120.00,100 גרם,false,,16.90,14.0833,true,1,489044
7290018468425,false,נקניק טבעוני בטעם פקנטי 100 גרם טירת צבי,טיב טירת צבי 2000,IL,נקניק טבעוני בטעם מע,גרמים,100.00,100 גרם,false,,16.90,16.9000,true,1,489045
7290018468432,false,נקניק טבעוני בטעם מעושן 100 גרם טירת צבי,טיב טירת צבי 2000,IL,נקניק טבעוני בטעם פי,גרמים,100.00,100 גרם,false,,16.90,16.9000,true,1,489027
7290018471395,false,משקה פרוט& ווג' תפוח רימון ג'ינג'ר 1 ליטר,פרוט אנד וג' Fruit & Veg,IL,פרוט ווג תפוח רימון,ליטרים,1.00,ליטר,false,,14.50,14.5000,true,1,297789
7290018471456,false,קרטונית ספרינג שייק אננס מנגו פסיפלורה 1 ליטר,"יפאורה תבורי בע""מ",IL,ספרינג שייק אננס מנג,ליטרים,1.00,ליטר,false,,13.90,13.9000,true,1,323899
7290018471470,false,תפוזינה נקטר תפוז פסיפלורה קרטונית 1 ליטר,"יפאורה תבורי בע""מ",IL,נקטר תפוזינה ENJOY ב,ליטרים,1.00,ליטר,false,,7.90,7.9000,true,1,312428
7290018471487,false,תפוזינה נקטר תפוז אננס קרטונית 1 ליטר,"יפאורה תבורי בע""מ",IL,נקטר תפוזינה ENJOY ב,ליטרים,1.00,ליטר,false,,7.90,7.9000,true,1,312429
7290018471616,false,שוופס אינדיאן טוניק 1 ליטר,"יפאורה תבורי בע""מ",IL,שוופס טוניק קלאסי 1,ליטרים,1.00,ליטר,false,,10.80,10.8000,true,1,314895
7290018471630,false,שוופס טוניק מלפפון ליים 1 ליטר,"יפאורה תבורי בע""מ",IL,שוופס טוניק מלפפון ל,ליטרים,1.00,ליטר,false,,10.80,10.8000,true,1,314897
7290018471692,false,ספרינג שייק בננה אננס קוקוס פירות יער קרטונית 1 ליטר,"יפאורה תבורי בע""מ",IL,ספרינג שייק בננה אננ,ליטרים,1.00,ליטר,false,,13.90,13.9000,true,1,323901
7290018471906,false,שוופס מוגז פירות לימונדה ורודה 1.5 ליטר פיקדון,"יפאורה תבורי בע""מ",IL,שוופס מוגז לימונדה ו,ליטרים,1.50,ליטר,false,,9.90,6.6000,true,1,367557
7290018471913,false,משקה מוגז פירות תפוחים שוופס 1.5 ליטר,"יפאורה תבורי בע""מ",IL,שוופס פרוטס תפוחים 1,ליטרים,1.50,ליטר,false,,9.90,6.6000,true,1,367558
7290018471920,false,שוופס מוגז פירות ענבים 1.5 ליטר פיקדון,"יפאורה תבורי בע""מ",IL,שוופס ענבים מוגז 1.5,ליטרים,1.50,ליטר,false,,9.90,6.6000,true,1,367559
7290018471937,false,שוופס מוגז פירות תות ליים 1.5 ליטר פיקדון,"יפאורה תבורי בע""מ",IL,שוופס מוגז פירות תות,ליטרים,1.50,ליטר,false,,9.90,6.6000,true,1,367560
7290018471944,false,שוופס מוגז פירות לימונייד 1.5 ליטר פיקדון,"יפאורה תבורי בע""מ",IL,שוופס מוגז למונייד 1,ליטרים,1.50,ליטר,false,,9.90,6.6000,true,1,367575
7290018500361,false,"לחם שחור פרוס 900 גרם ""אנג'ל"" -מוצר בפיקוח",מאפיית שלמה א. אנג'ל,IL,לחם אחיד פרוס מאפיית,גרמים,900.00,100 גרם,false,,8.53,0.9478,true,1,451947
7290018500385,true,חלה רגילה אנגל 650 ג,,,חלה רגילה אנגל 650 ג,גרמים,650.00,100 גרם,false,,6.50,1.0000,true,1,474455
7290018500392,true,חלה קלועה אנגל 650 ג,,,חלה קלועה אנגל 650 ג,גרמים,650.00,100 גרם,false,,6.50,1.0000,true,1,474456
7290018540329,false,שקית פיתה פיתה בלדי 800 ג' אנג'ל,מאפיית שלמה א. אנג'ל,IL,פיתה פיתה אנגל 880 ג,יח',10.00,יח',false,,13.90,1.3900,true,1,290095
7290018540817,false,לחם מחמצת כוסמין ארטיזנל 500 גרם,מאפיית אורנים,IL,לחם ארטיזנל כוסמין א,גרמים,500.00,100 גרם,false,,19.90,3.9800,true,1,416631
7290018540824,false,לחם מחמצת כפרי ארטיזנל 500 גרם,מאפיית אורנים,IL,לחם מחמצת כפרי artis,גרמים,500.00,100 גרם,false,,19.90,3.9800,true,1,416632
7290018540831,false,לחם מחמצת חיטה מלאה וגרעינים 500 ג' ארטיזנל,מאפיית אורנים,IL,לחם מחמצת חיטה מלאה,גרמים,500.00,100 גרם,false,,19.90,3.9800,true,1,416963
7290018564677,false,ממרח ארטישוק שף הטבע,,,ממרח ארטישוק שף הטבע,גרמים,200.00,100 גרם,false,,13.90,6.9500,true,1,409472
7290018571613,false,סוכריות אומגה 3 מבוגרים אצבעות רחבות 240גרם,מיה תעשיות מזון בעמ,IL,סוכריות אומגה 3- מבו,גרמים,210.00,100 גרם,false,,39.90,19.0000,true,1,485762
7290018571620,false,סוכריות ג'לי מולטי ויטמין עם מינרליים WOMEN ENERGY,מיה תעשיות מזון בעמ,IL,סוכריות מולטי ויטמין,גרמים,240.00,100 גרם,false,,39.90,16.6250,true,1,485763
7290018571705,false,"אורז יסמין 1 ק""ג מיה.",,IL,"אורז יסמין 1 ק""ג",קילוגרמים,1.00,"ק""ג",false,,12.90,12.9000,true,1,447201
7290018571729,false,"אורז ריזוטו עגול 1 ק""ג מיה.",,IL,אורז ריזווטו עגול 1,קילוגרמים,1.00,"ק""ג",false,,9.90,9.9000,true,1,447217
7290018626290,false,פיצה עגבניות ובזיליק,,,פיצה מרגריטה עגבניות,גרמים,420.00,100 גרם,false,,12.90,3.0714,true,1,339325
7290018626306,false,פיצה מרגריטה פיטריות,,,פיצה מרגריטה פיטריות,גרמים,400.00,100 גרם,false,,12.90,3.2250,true,1,339326
7290018626511,false,שקיות L שרוך 50 יח',,,שקיות L שרוך 50 יח',יחידה,0.00,יחידה,false,,16.90,0.0000,true,1,299662
7290018626535,false,שקיות נייר לכריכים 5,,,שקיות נייר לכריכים 5,יחידה,0.00,יחידה,false,,8.90,0.0000,true,1,305126
7290018626610,false,צימרונים לאוזנים מאר,,,צימרונים לאוזנים מאר,יחידה,0.00,יחידה,false,,9.90,0.0000,true,1,335599
7290018626689,false,מארז צלחות 12+12 מא,,,מארז צלחות 12+12 מא,יחידה,0.00,יחידה,false,,52.90,0.0000,true,1,356241
7290018626818,false,מגש איכותי עגול קטן,,,מגש איכותי עגול קטן,יחידה,0.00,יחידה,false,,5.90,0.0000,true,1,356682
7290018652671,false,"לה קרמריה שוקולד וניל 1.4 ליטר [תו אי""ל]",גלידות נסטלה,IL,גלידת שוקו וניל מופח,גרמים,0.00,100 גרם,false,,25.90,0.0000,true,1,403150
7290018652770,false,אקסטרים ביגלה מתוק מלוח 115 ג' נסטלה,גלידות נסטלה,IL,אקסטרים בטעם בייגלה,גרמים,115.00,100 גרם,false,,9.90,8.6087,true,1,403181
7290018652886,false,"מאגדת מצופים שוקו בננה חת""ס- 8 יחידות",גלידות נסטלה,IL,מאגדת שוקו בננה 8 יח,גרמים,476.00,100 גרם,false,,28.90,6.0714,true,1,405508
7290018720103,false,אפיפית וופל ללא סוכר בטעם שוקו 250 גרם,"גילרו בע""מ",IL,אפיפיות בטעם שוקו לל,גרמים,250.00,100 גרם,false,,8.90,3.5600,true,1,364345
7290018720219,false,פצפוצי אורז ללא סוכר 250 ג' מעדני מלך,אשבל מזון פונקציונלי,IL,פיצפוצי אורז ללא סוכ,גרמים,250.00,100 גרם,false,,13.90,5.5600,true,1,461956
7290018773316,false,בזיליקום 100 גרם,,,בזיליקום 100 גרם,גרמים,100.00,100 גרם,false,,9.90,9.9000,true,1,366072
7290018777268,false,חטיף חלבון בננה קקאו טבע ירוק 50 גרם,טבע ירוק,IL,חטיף חלבון קקאו בננה,גרמים,50.00,100 גרם,false,,12.90,25.8000,true,1,379333
7290018777275,false,חטיף חלבון בטעם עוגיות וניל 50 ג' VEG PROTEIN,טבע ירוק,IL,חטיף חלבון וניל עוגי,גרמים,50.00,100 גרם,false,,12.90,25.8000,true,1,379334
7290018818305,false,פיצה אובליינה מרגריטה,,,פיצה אובליינה 260 גר,גרמים,260.00,100 גרם,false,,14.90,5.7308,true,1,437086
7290018835005,false,אקסטרה ציפס אורז חום מלח פלפל ושמן זית,,BG,אקסטרא צ'יפס אורז חו,גרמים,60.00,100 גרם,false,,9.40,15.6667,true,1,437913
7290018886175,false,כפיות עבות 50 יח' ש,,,כפיות עבות 50 יח' ש,יחידה,0.00,יחידה,false,,10.90,0.0000,true,1,335614
7290018886182,false,כפיות עבות 50 יח' ק,,,כפיות עבות 50 יח' ק,יחידה,0.00,יחידה,false,,10.90,0.0000,true,1,335615
7290018886199,false,סכינים עבות 50 יח',,,סכינים עבות 50 יח',יחידה,0.00,יחידה,false,,10.90,0.0000,true,1,335616
7290018886205,false,סכינים עבות 50 יח',,,סכינים עבות 50 יח',יחידה,0.00,יחידה,false,,10.90,0.0000,true,1,335617
7290018886212,false,מזלגות עבות 50 יח',,,מזלגות עבות 50 יח',יחידה,0.00,יחידה,false,,10.90,0.0000,true,1,335618
7290018886229,false,מזלגות עבות 50 יח',,,מזלגות עבות 50 יח',יחידה,0.00,יחידה,false,,10.90,0.0000,true,1,335619
7290018886236,false,כפות עבות 50 יח' שק,,,כפות עבות 50 יח' שק,יחידה,0.00,יחידה,false,,10.90,0.0000,true,1,335620
7290018893104,false,צ'וקטה ביסקוויט מצופה שוקולד מריר 100 גרם,דיסטרופר אוליבייר,ES,צ'וקטה עוגיות מצופות,גרמים,100.00,100 גרם,false,,8.90,8.9000,true,1,429862
7290018893142,false,צ'וקטה גריסיני בתוספת שמן זית 120 גרם,צ'וקטה Chocketa,US,צ'וקטה גריסיני שמן ז,גרמים,120.00,100 גרם,false,,10.00,8.3333,true,1,454047
7290018893319,false,צ'וקטה שוקולד מריר בלגי 85% 100 גרם,צ'וקטה Chocketa,BE,צ'וקטה שוקולד מריר מ,גרמים,100.00,100 גרם,false,,9.90,9.9000,true,1,454017
7290018893494,false,עלי וופל דקים בטעם חמאה ציוקטה 100 גר,דיסטרופר אוליבייר,NL,עוגיות עלי וופל דקות,גרמים,100.00,100 גרם,false,,10.90,10.9000,true,1,389027
7290018893500,false,צ'וקטה עוגיות סנדביץ שוקו 180 גרם חלב נכרי,צ'וקטה Chocketa,ES,צ'וקטה עוגיות סנדביץ,גרמים,180.00,100 גרם,false,,5.90,3.2778,true,1,429831
7290018893647,false,צ'וקטה עוגיות סנדביץ מצופות 150 גרם חלב נוכרי,צ'וקטה Chocketa,BE,עוגיות סנדויץ' מצופו,גרמים,150.00,100 גרם,false,,10.90,7.2667,true,1,388993
7290018893753,false,צוקטה וופל חמאה בטעם לימון 100 גרם,שסטוביץ,BE,צ'וקטה וופל חמאה בטע,גרמים,100.00,100 גרם,false,,10.90,10.9000,true,1,484808
7290018893807,false,צוקטה בטעם שוקולד מריר 60% 3 יח' 300 גרם,צ'וקטה Chocketa,ES,מארז שוקולד מריר 60%,גרמים,300.00,100 גרם,false,,12.90,4.3000,true,1,388978
7290018893906,false,עוגיות סנדוויץ' במילוי קרם בטעם וניל,צ'וקטה Chocketa,ES,צ'וקטה עוגיות סנדביץ,גרמים,250.00,100 גרם,false,,8.90,3.5600,true,1,429864
7290018893951,false,צ'וקטה וופל חמאה קינמון 100 גרם,,BE,צ'וקטה וופל חמאה בטע,גרמים,100.00,100 גרם,false,,10.90,10.9000,true,1,484809
7290018894002,false,קוביות וופל במילוי קרם קקאו - חלבי,בלקוני Balconi,IT,בלקוני קוביות וופל ק,גרמים,250.00,100 גרם,false,,13.90,5.5600,true,1,444179
7290018894019,false,עוגות אישיות במילוי קרם חלבי ובציפוי קרם קקאו,בלקוני Balconi,IT,עוגות אישיות מיקס מק,גרמים,350.00,100 גרם,false,,15.90,4.5429,true,1,433986
7290018894408,false,קוביות וופל במילוי קרם אגוזי לוז - חלבי,בלקוני Balconi,IT,בלקוני קוביות וופל א,גרמים,250.00,100 גרם,false,,13.90,5.5600,true,1,444181
7290018894606,false,בלקוני וופל קקאו 175 גרם חלבי OU,בלקוני Balconi,IT,וופל במילוי קרם קקאו,גרמים,175.00,100 גרם,false,,8.90,5.0857,true,1,434032
7290018894804,false,וופלים במילוי קרם אגוזי לוז - חלבי,בלקוני Balconi,IT,וופל במילוי קרם אגוז,גרמים,175.00,100 גרם,false,,8.90,5.0857,true,1,434033
7290018925065,false,מיץ פרימור תפוזים סחוט 2 ליטר-,"גניר (1992) בע""מ",IL,פרימור מיץ תפוזים סח,ליטרים,2.00,ליטר,false,,28.90,14.4500,true,1,374850
7290018989128,false,סירופ בטעם ענבים יכין 1 ליטר,זנלכל,IL,סירופ בטעם ענבים יכי,יחידה,0.00,יחידה,false,,20.90,0.0000,true,1,450362
7290019031000,false,WIZ מארז חמישיית ניי,,,WIZ מארז חמישיית ניי,יחידה,0.00,יחידה,false,,11.90,0.0000,true,1,385713
7290019031079,false,תבנית R-29 מרובעת קט,,,תבנית R-29 מרובעת קט,יחידה,0.00,יחידה,false,,9.90,0.0000,true,1,409161
7290019031093,false,תבנית R-64 בינונית 7,,,תבנית R-64 בינונית 7,יחידה,0.00,יחידה,false,,9.90,0.0000,true,1,409163
7290019031109,false,תבנית R-88 אינגליש 1,,,תבנית R-88 אינגליש 1,יחידה,0.00,יחידה,false,,9.90,0.0000,true,1,409164
7290019031123,false,WIZ תבניות אלומיניום עגול 5 יח חזקות,,,תבנית אלומינים A-14,יחידה,0.00,יחידה,false,,9.90,0.0000,true,1,409166
7290019031307,false,לפתניות לבנות 25 יח',,,לפתניות לבנות 25 יח',יחידה,0.00,יחידה,false,,6.90,0.0000,true,1,404080
7290019031314,false,קערות אובליות לבנות,,,קערות אובליות לבנות,יחידה,0.00,יחידה,false,,7.90,0.0000,true,1,404095
7290019031321,false,"מרקיות 7"" לבנות 25 י",,,"מרקיות 7"" לבנות 25 י",יחידה,0.00,יחידה,false,,10.90,0.0000,true,1,404096
7290019031352,false,"צלחות ענקיות 10"" לבנ",,,"צלחות ענקיות 10"" לבנ",יחידה,0.00,יחידה,false,,24.90,0.0000,true,1,404098
7290019031369,false,"צלחות גדולות 9"" קרם",,,"צלחות גדולות 9"" קרם",יחידה,0.00,יחידה,false,,15.90,0.0000,true,1,404099
7290019031383,false,סבון ידיים מאסק 1 לי,,,סבון ידיים מאסק 1 לי,ליטרים,1.00,100 ליטר,false,,10.90,1090.0000,true,1,404063
7290019031420,false,אל סבון נוזלי שלישיי,,,אל סבון נוזלי שלישיי,מיליליטרים,500.00,"100 מ""ל",false,,12.90,2.5800,true,1,415151
7290019031437,false,אשפתון 65X75 XL חזק,,,אשפתון 65X75 XL חזק,יחידה,0.00,יחידה,false,,20.90,0.0000,true,1,428039
7290019031444,false,אשפתון 65X54 XL חזקו,,,אשפתון 65X54 XL חזקו,יחידה,0.00,יחידה,false,,19.90,0.0000,true,1,428040
7290019031543,false,שמן זית כתית מעולה א,,,שמן זית כתית מעולה א,מיליליטרים,750.00,"100 מ""ל",false,,33.90,4.5200,true,1,415108
7290019031598,false,מארז 5 מכלים + מכסים,,,מארז 5 מכלים + מכסים,ליטרים,0.50,ליטר,false,,10.90,21.8000,true,1,409912
7290019031673,false,"WIZ מרקיות שקופות 7""",,,"WIZ מרקיות שקופות 7""",יחידה,0.00,יחידה,false,,10.90,0.0000,true,1,464069
7290019031697,false,WIZ לפתניות שקופות 2,,,WIZ לפתניות שקופות 2,יחידה,0.00,יחידה,false,,6.90,0.0000,true,1,464071
7290019056027,false,שוופס מוגז פירות תפוחים ללא סוכר 1.5 ליטר פיקדון,"יפאורה תבורי בע""מ",IL,שוופס מוגז פירות תפו,ליטרים,1.50,ליטר,false,,8.90,5.9333,true,1,367591
7290019056034,false,שוופס מוגז פירות אננס ללא סוכר 1.5 ליטר פיקדון,"יפאורה תבורי בע""מ",IL,שוופס מוגז פירות אננ,ליטרים,1.50,ליטר,false,,8.90,5.9333,true,1,367592
7290019056065,false,שוופס מוגז עדין פירות יער 1.5 ליטר פיקדון,"יפאורה תבורי בע""מ",IL,שוופס מוגז עדין פירו,ליטרים,1.50,ליטר,false,,8.90,5.9333,true,1,367245
7290019056072,false,שוופס מוגז עדין אננס 1.5 ליטר פיקדון,מיוצר עי קונדיטוריית,IL,שוופס מוגז עדין אננס,ליטרים,1.50,ליטר,false,,8.90,5.9333,true,1,367246
7290019056089,false,שוופס מוגז עדין ענבי ריזלינג 1.5 ליטר פיקדון,"יפאורה תבורי בע""מ",IL,שוופס מוגז עדין טעם,ליטרים,1.50,ליטר,false,,8.90,5.9333,true,1,367263
7290019056096,false,שוופס מוגז עדין אפרסק 1.5 ליטר פיקדון,"יפאורה תבורי בע""מ",IL,שוופס מוגז עדין אפרס,ליטרים,1.50,ליטר,false,,8.90,5.9333,true,1,367264
7290019056119,false,שוופס סודה 1.5 ליטר פיקדון,"יפאורה תבורי בע""מ",IL,שוופס סודה 1.5ליטר,ליטרים,1.50,ליטר,false,,4.50,3.0000,true,1,367128
7290019056164,false,שוופס סודה 1.5 ליטר רביעייה פיקדון,"יפאורה תבורי בע""מ",IL,שוופס סודה 4*1.5ליטר,ליטרים,6.00,ליטר,false,,13.10,2.1833,true,1,367145
7290019056171,false,שוופס סודה לימון 1.5 ליטר רביעייה פיקדון,"יפאורה תבורי בע""מ",IL,שוופס סודה לימון 4*1,ליטרים,6.00,ליטר,false,,13.10,2.1833,true,1,367160
7290019056201,false,שוופס סודה פירות יער 1.5 ליטר רביעייה פיקדון,"יפאורה תבורי בע""מ",IL,שוופס פירות יער סודה,ליטרים,6.00,ליטר,false,,13.10,2.1833,true,1,367179
7290019056249,false,שוופס מים בטעמים ענבים 1.5 ליטר פיקדון,מיוצר עי קונדיטוריית,IL,שוופס וואטר ענבים 1.,ליטרים,1.50,ליטר,false,,9.50,6.3333,true,1,367066
7290019056256,false,שוופס מים בטעמים תפוחים 1.5 ליטר פיקדון,מיוצר עי קונדיטוריית,IL,שוופס וואטר בטעם תפו,ליטרים,1.50,ליטר,false,,9.50,6.3333,true,1,367082
7290019056263,false,שוופס מים בטעמים אפרסק 1.5 ליטר פיקדון,מיוצר עי קונדיטוריית,IL,שוופס וואטר אפרסק 1.,ליטרים,1.50,ליטר,false,,9.50,6.3333,true,1,367083
7290019056270,false,שוופס מים בטעמים פירות יער 1.5 ליטר פיקדון,"יפאורה תבורי בע""מ",IL,שוופס וואטר פירות יע,ליטרים,1.50,ליטר,false,,9.50,6.3333,true,1,369193
7290019056300,false,משקה בטעם ביטר לימון 1.5 ל' שוויפס,"יפאורה תבורי בע""מ",IL,שוופס ביטר לימון 1.5,ליטרים,1.50,ליטר,false,,12.90,8.6000,true,1,367626
7290019056324,false,שוופס טוניק 1.5 ליטר פיקדון,"יפאורה תבורי בע""מ",IL,שוופס מי טוניק 1.5 ל,ליטרים,1.50,ליטר,false,,12.90,8.6000,true,1,367628
7290019056331,false,שוופס טוניק ללא סוכר 1.5 ליטר פיקדון,מיוצר עי קונדיטוריית,IL,שוופס טוניק ללא סוכר,ליטרים,1.50,ליטר,false,,11.90,7.9333,true,1,367629
7290019056355,false,תפוזינה לימונדה MIX לימונענע 1.5 ליטר,"יפאורה תבורי בע""מ",IL,תפוזינה לימונדה נענע,ליטרים,1.50,ליטר,false,,9.50,6.3333,true,1,366631
7290019056362,false,תפוזינה ענבים 1.5 ליטר פיקדון,"יפאורה תבורי בע""מ",IL,תפוזינה ענבים 1.5 לי,ליטרים,1.50,ליטר,false,,9.50,6.3333,true,1,366725
7290019056379,false,תפוזינה תפוזים 1.5 ליטר פיקדון,"יפאורה תבורי בע""מ",IL,תפוזינה תפוזים 1.5 ל,ליטרים,1.50,ליטר,false,,9.50,6.3333,true,1,366775
7290019056386,false,פתוזינה אשכולית 1.5 ליטר פיקדון,"יפאורה תבורי בע""מ",IL,תפוזינה אשכוליות 1.5,ליטרים,1.50,ליטר,false,,9.50,6.3333,true,1,366794
7290019056393,false,תפוזינה תות בננה 1.5 ליטר פיקדון,"יפאורה תבורי בע""מ",IL,תפוזינה תות בננה 1.5,ליטרים,1.50,ליטר,false,,9.50,6.3333,true,1,366795
7290019056409,false,תפוזינה מנגו 1.5 ליטר פיקדון,"יפאורה תבורי בע""מ",IL,תפוזינה מנגו עסיסי 1,ליטרים,1.50,ליטר,false,,9.50,6.3333,true,1,366811
7290019056430,false,תפוזינה תפוזים לייט 1.5 ליטר פיקדון,"יפאורה תבורי בע""מ",IL,תפוזינה תפוז 1.5 ליט,ליטרים,1.50,ליטר,false,,8.90,5.9333,true,1,366884
7290019056447,false,תפוזינה אשכוליות לייט 1.5 ליטר פיקדון,"יפאורה תבורי בע""מ",IL,תפוזינה אשכוליות 1.5,ליטרים,1.50,ליטר,false,,8.90,5.9333,true,1,366899
7290019056546,false,פרוט ווטר אבטיח 1.5 ליטר פיקדון,"יפאורה תבורי בע""מ",IL,פרוט ווטר אבטיח 1.5,ליטרים,1.50,ליטר,false,,9.50,6.3333,true,1,367037
7290019056553,false,עין גדי מים מינרלים 2 ליטר*6 יח',עין גדי מים מינרליים,IL,עין גדי מים מינרלים,ליטרים,12.00,ליטר,false,,13.80,1.1500,true,1,367775
7290019056560,false,עין גדי 2 ליטר בק' בודד פיקדון,יפאורה תבורי,IL,עין גדי מים מינרלים,ליטרים,2.00,ליטר,false,,4.50,2.2500,true,1,367776
7290019056577,false,משקה קל מנגו ספרינג 1.5 ליטר,"יפאורה תבורי בע""מ",IL,ספרינג מנגו 1.5 ליטר,ליטרים,1.50,ליטר,false,,9.50,6.3333,true,1,366497
7290019056591,false,משקה קל ענבים ספרינג 1.5 ליטר,"יפאורה תבורי בע""מ",IL,ספרינג ענבים 1.5 ליט,ליטרים,1.50,ליטר,false,,9.50,6.3333,true,1,366514
7290019056614,false,משקה קל אפרסק ספרינג 1.5 ליטר,"יפאורה תבורי בע""מ",IL,ספרינג אפרסק 1.5 ליט,ליטרים,1.50,ליטר,false,,9.50,6.3333,true,1,366530
7290019056645,false,משקה קל אגס תפוח סברס ספרינג 1.5 ליטר,"יפאורה תבורי בע""מ",IL,ספרינג אגס סברס תפוח,ליטרים,1.50,ליטר,false,,9.50,6.3333,true,1,366554
7290019056652,false,משקה קל אננס בננה ספרינג 1.5 ליטר,"יפאורה תבורי בע""מ",IL,ספרינג אננס בננה 1.5,ליטרים,1.50,ליטר,false,,9.50,6.3333,true,1,366574
7290019056959,false,מי עדן 1.5 ליטר בק' בודד פיקדון,מופק ממקור בזלתי עדן,IL,מי עדן 1.5 ליטר,ליטרים,1.50,ליטר,false,,3.90,2.6000,true,1,378682
7290019056973,false,שישיית מי עדן 1.5 ליטר משפחתי,מופק ממקור בזלתי עדן,IL,מי עדן 6*1.5 ליטר,ליטרים,9.00,ליטר,false,,14.90,1.6556,true,1,367743
7290019153214,false,"פחית משקה מוגז מנטה 330 מ""ל שוופס",,,שוופס פחית מנטה 330,מיליליטרים,330.00,"100 מ""ל",false,,5.20,1.5758,true,1,445929
7290019153221,false,"סודה בטעם אננס 500 מ""ל שוופס",יפאורה תבורי,IL,שוופס סודה אננס 500,מיליליטרים,500.00,"100 מ""ל",false,,5.80,1.1600,true,1,431589
7290019153252,false,שוופס סודה תפוח 1.5 ליטר רביעייה פיקדון,"יפאורה תבורי בע""מ",IL,שוופס סודה תפוח 4*1.,ליטרים,6.00,ליטר,false,,13.10,2.1833,true,1,431606
7290019153269,false,שוופס סודה אננס 1.5 ליטר רביעייה פיקדון,"יפאורה תבורי בע""מ",IL,שוופס סודה אננס 4*1.,ליטרים,6.00,ליטר,false,,13.10,2.1833,true,1,431607
7290019153313,false,"משקהתפוח חמוציות אוכמניות 350 מ""ל פרות & ווג",יפאורה תבורי בעמ,IL,פרוט & וג' תפוח חמוצ,מיליליטרים,330.00,"100 מ""ל",false,,8.90,2.6970,true,1,445944
7290019153351,false,מיץ בטעם פינק אוזו 1.5 ל' תפוזינה,"יפאורה תבורי בע""מ",IL,תפוזינה פינק אוזו 1.,ליטרים,1.50,ליטר,false,,9.50,6.3333,true,1,440096
7290019153375,false,מיץ בטעם מוחיטו 1.5 ל' תפוזינה,"יפאורה תבורי בע""מ",IL,תפוזינה מוחיטו 1.5 ל,ליטרים,1.50,ליטר,false,,9.50,6.3333,true,1,440097
7290019203001,false,טורטייה מעדשים כתומות ללא גלוטן 180 ג' Full Wrap,"אופא מזון בריאות בע""",IL,טורטייה מעדשים כתומו,גרמים,180.00,100 גרם,false,,26.50,14.7222,true,1,419343
7290019230007,false,חלה קמח כוסמין ספיישל בייקרי,ספיישל בייקרי,IL,חלה כוסמין ארוזה ביי,גרמים,500.00,100 גרם,false,,17.90,3.5800,true,1,369327
7290019230014,false,חלה קמח מלא ספיישל בייקרי,ספיישל בייקרי,IL,חלה קמח מלא ארוזה בי,גרמים,500.00,100 גרם,false,,17.90,3.5800,true,1,369328
7290019230021,false,חלה גדולה ספיישל ביקרי,ספיישל בייקרי,IL,חלה גדולה ארוזה בייק,גרמים,500.00,100 גרם,false,,15.90,3.1800,true,1,369329
7290019233015,false,רוטב שקשוקה תבשיל ירקות עם שמן זית כתית מעולה 420ג זיתא,זיתא,IT,שקשוקה ירוקה תבשיל י,גרמים,420.00,100 גרם,false,,15.90,3.7857,true,1,466172
7290019233039,false,שקשוקה קלאסית- רוטב עגבניות עם קוביות פלפלים צלויים,דליציה דורה אס.אר.אל,IT,רוטב עגבניות לשקשוקה,גרמים,420.00,100 גרם,false,,15.90,3.7857,true,1,445073
7290019245001,false,שמן קנולה אלומות 1 ל,סקנולה,EE,שמן קנולה אלומות 1 ל,ליטרים,1.00,ליטר,false,,12.90,12.9000,true,1,426575
7290019267737,true,חלה וויזניץ 500 גרם,,,חלה וויזניץ 500 גרם,יח',1.00,יח',false,,19.90,19.9000,true,1,510094
7290019297628,false,שקד טבעי 150 גרם ששון הקולה שקית,"דין שיווק וקלייה בע""",IL,שקד טבעי 150 גרם ששו,גרמים,150.00,100 גרם,false,,15.90,10.6000,true,1,6834
7290019308027,false,שעועית ירוקה שלמה עד,,,שעועית ירוקה שלמה עד,גרמים,800.00,100 גרם,false,,9.90,1.2375,true,1,487269
7290019308058,false,שעועית ירוקה חתוכה 800 גרם,,,שעועית ירוקה חתוכה 8,גרמים,800.00,100 גרם,false,,9.90,1.2375,true,1,458962
7290019393016,false,"קמח חיטה לבן ללא צורך בניפוי 1 ק""ג האופה",טבע ירוק,IL,קמח חיטה לבן מנופה,קילוגרמים,1.00,"ק""ג",false,,10.90,10.9000,true,1,493765
7290022005562,false,קריספ פירורי לחם עם שום 300גר,א.ל ייצור ושיווק תבל,IL,פירורי לחם עם שום קר,גרמים,300.00,100 גרם,false,,9.90,3.3000,true,1,437882
7290032147230,false,סיצילה מיץ לימון משומר 200 מל,סידג,CH,מיץ לימון סיצילייה 2,מיליליטרים,200.00,"100 מ""ל",false,,7.90,3.9500,true,1,513874
7290100235553,false,בונז'ור עוגת בריוש תפוח עם אגוזים 550 ג',בונז'ור,IL,"עוגת בריוש תפו""ע עם",גרמים,550.00,100 גרם,false,,30.90,5.6182,true,1,38675
7290100240137,false,"תרסיס למייבש כביסה כחול 500 מ""ל בדין","זוהר דליה, קיבוץ דלי",IL,בדין תרסיס למייבש כב,מיליליטרים,500.00,"100 מ""ל",false,,22.90,4.5800,true,1,12831
7290100240632,false,קרקר פתית 200-300ג' 6 דגנים 250 גרם,יוניליוור ישראל מזון,IL,פתית 6 דגנים תלמה 25,גרמים,250.00,100 גרם,false,,18.90,7.5600,true,1,12834
7290100245231,false,נמס בכוס מרק בטעם עוף עם אטריות ושקדי מרק-2 שקיות,יוניליוור ישראל מזון,IL,נמס בכוס ועוד טעם עו,גרמים,50.00,100 גרם,false,,7.90,15.8000,true,1,12860
7290100249598,false,"רוטב לבישול שום ודבש קנור 320ג' בד""צ",יוניליוור ישראל מזון,IL,רוטב לעוף שום ודבש ב,גרמים,310.00,100 גרם,false,,14.90,4.8065,true,1,12907
7290100412459,false,מטליות לחות לניקוי וחיטוי אמבטיה ושירותים לבנדר,די.פי.אל,IL,מגבונים לניקוי וחיטו,יחידה,0.00,יחידה,false,,8.90,0.0000,true,1,32991
7290100412770,false,"ד""ר עור - תחליב רחצה קלאסי בניחוח מאסק 700 מ""ל","אמיליה קוסמטיקס בע""מ",IL,תחליב רחצה קלאסי מאס,מיליליטרים,700.00,"100 מ""ל",false,,20.90,2.9857,true,1,109278
7290100570234,false,אביזרי מטבח,,,אביזרי מטבח,יחידה,0.00,יחידה,false,,12.90,0.0000,true,1,39065
7290100572368,false,אביזרי מטבח,,,אביזרי מטבח,יחידה,0.00,יחידה,false,,19.90,0.0000,true,1,39074
7290100572610,false,אביזרי מטבח ב-11.99,,,אביזרי מטבח ב-11.99,יחידה,0.00,יחידה,false,,12.00,0.0000,true,1,39077
7290100572702,false,אביזרי מטבח ב-11.00,,,אביזרי מטבח ב-11.00,יחידה,0.00,יחידה,false,,10.90,0.0000,true,1,39078
7290100573402,false,אביזרי מטבח,,,אביזרי מטבח,יחידה,0.00,יחידה,false,,14.90,0.0000,true,1,39081
7290100658338,false,"נוזל לניקוי כלים אוקסי פלוס פלמוליב 750 מ""ל",הנסיך- מפעל לייצור ט,GR,פלמוליב לכלים אוקסי-,מיליליטרים,750.00,"100 מ""ל",false,,12.90,1.7200,true,1,24879
7290100680711,false,פירורית זהב אסם זהב 350ג',עינת תעשיות מזון אגו,IL,אסם פירורית זהב 350,גרמים,350.00,100 גרם,false,,9.90,2.8286,true,1,22714
7290100680728,false,פירורית רגילה שקית 350 גרם,מיוצר עי קונדיטוריית,IL,פירורית רגילה שקית 3,גרמים,350.00,100 גרם,false,,8.90,2.5429,true,1,22715
7290100681015,false,אינסטנט פודינג בטעם ריבת חלב אסם 84 גרם,מיוצר עי קונדיטוריית,IL,אסם פודינג אינסטנט ר,גרמים,84.00,100 גרם,false,,6.50,7.7381,true,1,22717
7290100681138,false,מארז אפרופו חטיף תירס 3 יחידות,"אסם תעשיות בע""מ",IL,אפרופו מאח 3*50 גר',גרמים,150.00,100 גרם,false,,13.90,9.2667,true,1,22719
7290100681503,false,עסיס סירופ לימונענע דיאטטי 1 ליטר,בית-השיטה עסיס תעשיו,IL,סירופ דיאט לימונענע,ליטרים,1.00,ליטר,false,,16.90,16.9000,true,1,22723
7290100683880,false,תבשילים משפחתיים פירה 260 גרם,"אסם השקעות בע""מ",IL,פירה אסם 260 גרם,גרמים,260.00,100 גרם,false,,16.90,6.5000,true,1,22732
7290100684139,false,פסטה מיני מקרוני אסם 500 גרם,פסטה זארה,IT,מיני מקרוני אסם 500,גרמים,500.00,100 גרם,false,,6.90,1.3800,true,1,22733
7290100685136,false,"אבקת מרק בטעם עוף אסם 1 ק""ג","אסם תעשיות בע""מ",IL,מרק בטעם עוף אסם 1 ק,קילוגרמים,1.00,"ק""ג",false,,17.90,17.9000,true,1,22741
7290100685334,false,אבקת מרק עוף אמיתי בשרי רכיבים טבעיים אסם 400 גרם,"אסם תעשיות בע""מ",IL,מרק עוף מרכיבים טבעי,גרמים,400.00,100 גרם,false,,27.90,6.9750,true,1,22743
7290100685341,false,אבקת מרק טעם עוף זך רכיבים טבעיים אסם 400 גרם,"אסם תעשיות בע""מ",IL,מרק זך טעם עוף רכיבי,גרמים,400.00,100 גרם,false,,19.90,4.9750,true,1,22744
7290100686171,false,מארז מולטיפק ביסלי גריל 6 יח 35 גר ליח,"אסם תעשיות בע""מ",IL,ביסלי גריל מאח.8 6*3,גרמים,210.00,100 גרם,false,,14.90,7.0952,true,1,22753
7290100687109,false,במבה במילוי קרם נוגט 60ג' אסם,"אסם תעשיות בע""מ",IL,במבה במילוי קרם נוגט,גרמים,60.00,100 גרם,false,,5.90,9.8333,true,1,22756
7290100689301,false,אבקת מרק בטעם עוף זך עדיף אסם 400 גרם,"אסם השקעות בע""מ",IL,מרק בטעם עוף זך אסם,גרמים,400.00,100 גרם,false,,16.90,4.2250,true,1,22763
7290100700020,false,סוגת גריסי פנינה 500 גרם,האי נאם סי או אל.טי.,IL,סוגת גריסי פנינה 500,גרמים,500.00,100 גרם,false,,6.90,1.3800,true,1,20717
7290100700075,false,סוגת פירורי לחם מוזהבים 200 גרם,"סוגת תעשיות בע""מ",IL,פירורי לחם מוזהבים ש,גרמים,200.00,100 גרם,false,,4.90,2.4500,true,1,20718
7290100700242,false,"סוגת אורז מלא עגול 1 ק""ג","סוגת תעשיות בע""מ",IL,סוגת אורז מלא עגול 1,קילוגרמים,1.00,"ק""ג",false,,9.90,9.9000,true,1,20719
7290100700266,false,פירורי לחם לבנים 200 ג' סוגת,"סוגת תעשיות בע""מ",IL,סוגת פרורי לחם לבן 2,גרמים,200.00,100 גרם,false,,4.90,2.4500,true,1,20720
7290100700273,false,קינואה לבנה 500 ג סו,האי נאם סי או אל.טי.,IL,קינואה סוגת 500 גרם,גרמים,500.00,100 גרם,false,,16.90,3.3800,true,1,20721
7290100700310,false,"סוגת כוסמת סוגת 1ק""ג","סוגת תעשיות בע""מ",IL,כוסמת 1 ק'ג,קילוגרמים,1.00,"ק""ג",false,,17.90,17.9000,true,1,20723
7290100700334,false,קינואה לבנה 1 קג סוג,"סוגת תעשיות בע""מ",IL,סוגת קינואה 1קג,קילוגרמים,1.00,"ק""ג",false,,29.90,29.9000,true,1,20725
7290100700396,false,"סוגת אורז יסמין קלאסי 1 ק""ג",האי נאם סי או אל.טי.,IL,סוגת אורז יסמין קלאס,קילוגרמים,1.00,"ק""ג",false,,14.50,14.5000,true,1,20729
7290100700402,false,"סוגת חומוס ענק 1 ק""ג",סוגת תעשיות בעמ,IL,חומוס ענק 1 ק'ג,קילוגרמים,1.00,"ק""ג",false,,21.90,21.9000,true,1,77428
7290100700563,false,"סוגת אורז מיקס קלאסי 1 ק""ג",סוגת תעשיות בעמ,IL,אורז מיקס קלאסי 1 ק',קילוגרמים,1.00,"ק""ג",false,,15.90,15.9000,true,1,20733
7290100700587,false,"בורגול ""סוגת"" 500 גרם",האי נאם סי או אל.טי.,IL,סוגת בורגול 500 גר,גרמים,500.00,100 גרם,false,,6.90,1.3800,true,1,20734
7290100701300,false,סוגת קינואה אדומה 500גרם,סוגת,,סוגת קינואה אדומה 50,גרמים,500.00,100 גרם,false,,16.90,3.3800,true,1,20738
7290100701409,false,קמח תירס סוגת 500 גר,מולינו פילה ספא,IL,קמח תירס סוגת 500 גר,גרמים,500.00,100 גרם,false,,7.90,1.5800,true,1,20744
7290100701454,false,סוגת גרישה סוגת 500 גרם,"סוגת תעשיות בע""מ",IL,גרישה 500 גרם,גרמים,500.00,100 גרם,false,,6.90,1.3800,true,1,20746
7290100701874,false,"קמח כוסמין 1 ק""ג סוגת",טחנות קמח שטיבל באר,IL,"קמח כוסמין סוגת 1 ק""",קילוגרמים,1.00,"ק""ג",false,,14.90,14.9000,true,1,67770
7290100701881,false,קמח פיצה ופוקצ'ה- קמח חיטה לבן בהיר שטיבל,"שטיבל בע""מ - טחנת קמ",IL,קמח פיצה ופוקצה סוגת,קילוגרמים,1.00,"ק""ג",false,,8.90,8.9000,true,1,20753
7290100702284,false,קוסקוס מלא סוגת 350 גרם,"אסיף תעשיות מזון בע""",IL,קוסקוס מלא סוגת 350,גרמים,350.00,100 גרם,false,,5.90,1.6857,true,1,20758
7290100702383,false,קמח תופח מס' 13 סוגת,שטיבל טחנות קמח,IL,"קמח תופח סוגת 1 ק""ג",קילוגרמים,1.00,"ק""ג",false,,8.90,8.9000,true,1,20761
7290100702628,false,פתיתים אפויים קוסקוס סוגת 500 גרם,"אסיף תעשיות מזון בע""",IL,פתיתים אפויים קוסקוס,גרמים,500.00,100 גרם,false,,5.20,1.0400,true,1,117981
7290100702635,false,פתיתים אפויים כוכבים סוגת 500 ג',"אסיף תעשיות מזון בע""",IL,פתיתים אפויים כוכבים,גרמים,500.00,100 גרם,false,,5.20,1.0400,true,1,20771
7290100702741,false,"סוכר חום בהיר בצנצנת 1 ק""ג סוגת",סוגת תעשיות בעמ,IL,סוכר חום בהיר בצנצנת,קילוגרמים,1.00,"ק""ג",false,,14.50,14.5000,true,1,20780
7290100702987,false,שיבולת שועל פתיתים סוגת 500 גרם,סוגת תעשיות,,פתיתי שיבולת שועל סו,גרמים,500.00,100 גרם,false,,7.90,1.5800,true,1,20797
7290100702994,false,סוגת סוכר דמררה קלאסי בשקית 500 גרם,"סוגת תעשיות בע""מ",IL,סוכר דמררה בשקית סוג,גרמים,500.00,100 גרם,false,,6.90,1.3800,true,1,20798
7290100703007,false,"עדשים שחורות בלוגה 500 גרם ""סוגת""",האי נאם סי או אל.טי.,IL,סוגת עדשים שחורות בל,גרמים,500.00,100 גרם,false,,9.90,1.9800,true,1,20799
7290100703533,false,קמח קסם תערובת קמח עם שמרים,"שטיבל בע""מ",IL,קמח קסם רב תכליתי סו,קילוגרמים,1.00,"ק""ג",false,,8.90,8.9000,true,1,67792
7290100703564,false,"פתיתי שיבולת שועל עבה 500 גרם ""סוגת""",,,שיבולת שועל עבה סוגת,גרמים,500.00,100 גרם,false,,7.90,1.5800,true,1,80669
7290100703625,false,קמח חיטה לבן ללא צורך בניפוי,"שטיבל בע""מ",IL,קמח לבן ללא ניפוי סו,קילוגרמים,1.00,"ק""ג",false,,8.90,8.9000,true,1,67795
7290100703649,false,"קמח מלא 80% חיטה ללא ניפוי סוגת 1ק""ג","שטיבל בע""מ",IL,קמח מלא חיטה 80% ללא,קילוגרמים,1.00,"ק""ג",false,,8.90,8.9000,true,1,67797
7290100703687,false,"קמח חלה ללא ניפוי 1 ק""ג סוגת","שטיבל בע""מ",IL,קמח חלה ללא ניפוי סו,קילוגרמים,1.00,"ק""ג",false,,8.90,8.9000,true,1,67800
7290100704578,false,קמח כוסמין לבן תופח 1 קג,טחנת קמח דגן-שטיבל,IL,קמח כוסמין לבן סוגת,קילוגרמים,1.00,"ק""ג",false,,14.90,14.9000,true,1,301285
7290100704615,false,סוגת סוכר לבן דק דק צנצנת 500 גר,סוגת תעשיות בעמ,IL,סוכר לבן דק דק בצנצנ,גרמים,500.00,100 גרם,false,,9.90,1.9800,true,1,364138
7290100704622,false,סוגת סוכר דמררה דק דק צנצנת 500 גר,סוגת תעשיות בעמ,IL,סוכר דמררה דק דק בצנ,גרמים,500.00,100 גרם,false,,9.90,1.9800,true,1,364139
7290100850909,false,דוריטוס נאצ'ו מקסיקני 70 גרם,שטראוס פריטו ליי (מל,IL,דוריטוס נאצו מקסיקני,גרמים,70.00,100 גרם,false,,4.30,6.1429,true,1,26659
7290100850916,false,דוריטוס חמוץ חריף מעודן 70 גרם כשר לפסח,"שטראוס פריטו ליי בע""",IL,דוריטוס חמוץ חריף 70,גרמים,70.00,100 גרם,false,,4.30,6.1429,true,1,26660
7290100850923,false,דוריטוס בטעם גריל 70 גרם,שטראוס פריטו ליי (מל,IL,דוריטוס גריל 70 גרם,גרמים,70.00,100 גרם,false,,4.30,6.1429,true,1,26661
7290100850930,false,דוריטוס בטעם טבעי 70 גרם,שטראוס פריטו ליי (מל,IL,דוריטוס טבעי 70 גרם,גרמים,70.00,100 גרם,false,,4.30,6.1429,true,1,26662
7290100921418,false,"הוואי - מרכך קרטין מחזק 700 מ""ל",טרופיקל דגיל קוסמטיק,IL,מרכך קרטין מחזק הווא,מיליליטרים,700.00,"100 מ""ל",false,,10.90,1.5571,true,1,10023
7290100921593,false,מנקה אסלה סוד 4 כדוריות לאסלה לימון נתלה 50 ג',"הנקל סוד בע""מ",HU,סוד סבון 4 כדוריות ל,גרמים,50.00,100 גרם,false,,10.90,21.8000,true,1,39530
7290100921609,false,סוד סבון לאסלה 4 כדוריות בניחוח אוקיינוס 50 ג',הנקל סוד,HU,סוד סבון 4 כדוריות ל,גרמים,50.00,100 גרם,false,,10.90,21.8000,true,1,39531
7290100924457,false,כדוריות סבון נתלה לאסלה לימון רענן - 3 יח',הנקל סוד,HU,סוד סבון 4 כדוריות ל,גרמים,150.00,100 גרם,false,,20.90,13.9333,true,1,39552
7290100924464,false,כדוריות סבון נתלה לאסלה עם אקונומיקה - 3 יח',הנקל סוד,HU,סוד סבון 4 כדוריות ל,גרמים,150.00,100 גרם,false,,20.90,13.9333,true,1,39553
7290100924631,false,מרכך כביסה מרוכז לבגדי תינוקות ובעלי עור רגיש,"הנקל סוד בע""מ",IL,מרכך כביסה סוד מרוכז,מיליליטרים,900.00,"100 מ""ל",false,,13.90,1.5444,true,1,39562
7290100925676,false,קולור קאצר 20 דפים לוכדי צבע למכונת כביס,הנקל סוד,IE,קולור קאצ'ר 20 דפים,יחידה,0.00,יחידה,false,,25.90,0.0000,true,1,39604
7290100926147,false,אבקת כביסה פרסיל קולור שקית 2.5 קג,"הנקל סוד בע""מ",IL,אבקת כביסה פרסיל קול,קילוגרמים,2.50,"ק""ג",false,,29.90,11.9600,true,1,39620
7290101110149,false,גלידה בלסימו וניל עם פליק 1.3 ל' פלדמן,"פלקו בע""מ",IL,בליסימו בטעם וניל עם,ליטרים,1.30,ליטר,false,,23.90,18.3846,true,1,304090
7290101110279,false,גלידה בלסימו פאדג' פקאן 1.3 ל' פלדמן,"פלקו בע""מ",IL,בליסימו בטעם שוקולד,ליטרים,1.30,ליטר,false,,23.90,18.3846,true,1,304105
7290101112921,false,"גלידל פרי פירות טרופים לל""ס 8 יחידות",הגלידות של פלדמן,IL,פופסיקל בטעם פירות ט,גרמים,640.00,100 גרם,false,,29.90,4.6719,true,1,136397
7290101113430,false,מאגדת גלידל שוקולד עם סירופ 6 יח',הגלידות של פלדמן,IL,מאגדת גלידל סירופ שו,גרמים,312.00,100 גרם,false,,27.90,8.9423,true,1,304188
7290101113454,false,מאגדת גלידל יוגורט אפרסק 8 יח 480 גרם,הגלידות של פלדמן,IL,גלידל יוגורט בטעם א,גרמים,480.00,100 גרם,false,,34.90,7.2708,true,1,304035
7290101113751,false,מאגדת שלגון קרמל ושוקולד בלונדי רביעיה * 50 ג' יולו,הגלידות של פלדמן,IL,מאגדת רביעייה שלגון,גרמים,200.00,100 גרם,false,,22.90,11.4500,true,1,407315
7290101113768,false,מאגדת שלגון עוגיות ושוקולד חלב רביעיה * 50 ג' יולו,הגלידות של פלדמן,IL,מאגדת רביעייה שלגון,גרמים,200.00,100 גרם,false,,22.90,11.4500,true,1,407316
7290101113812,false,יופלה שייק פרי פריזי אננס קוקוס (5 ) פלדמן,הגלידות של פלדמן,IL,מאגדת שלגוני יופלה א,גרמים,350.00,100 גרם,false,,26.90,7.6857,true,1,450391
7290101113829,false,מאגדת (5) יופלה שייק פרי מנגו 70 אחוז פרי 350 גרם,הגלידות של פלדמן,IL,מאגדת ופלה שייק פרי,גרמים,350.00,100 גרם,false,,26.90,7.6857,true,1,405024
7290101113904,false,מארז מנבו וניל 12 יח' פלדמן,הגלידות של פלדמן,IL,מנבו וניל 12 יח 288,גרמים,288.00,100 גרם,false,,24.90,8.6458,true,1,489946
7290101459880,false,נרות אותיות- יום הול,,,נרות אותיות- יום הול,יחידה,0.00,יחידה,false,,9.90,0.0000,true,1,36699
7290101486688,false,חטיף דגנים עם שוקולד ללא גלוטן וסוכר פרי 5*20 גרם,טבעית מוצרים מן הטבע,IL,פרי חטיפי בריאות מאר,גרמים,100.00,100 גרם,false,,20.90,20.9000,true,1,24883
7290101551027,false,קפסולות קפה אספרסו חזק במיוחד 14 עלית 10 יח',הנסיך- מפעל לייצור ט,IL,קפסולות אספרסו 14 למ,גרמים,50.00,100 גרם,false,,19.90,39.8000,true,1,136286
7290101551263,false,סילאן טבעי ללא תוספת סוכר,מכוורת יד מרדכי,IL,סילאן טבעי יד מרדכי,גרמים,700.00,100 גרם,false,,23.90,3.4143,true,1,129515
7290101551539,false,יוגורט PRO בטעם אפרסק 0% 20 גרם חלבון בגביע,דנונה - שטראוס,IL,דנונה פרו 20 אפרסק 2,גרמים,200.00,100 גרם,false,,6.90,3.4500,true,1,132712
7290101551577,false,קוואקר שיבות שועל פחית מארז 2*500 גר',FRITO-LAY TRADING CO,GB,זוג קוואקר פחית שיבו,קילוגרמים,1.00,"ק""ג",false,,24.90,24.9000,true,1,132786
7290101551584,false,תפוצ'יפס קידס מארז 10 יח' * 20 ג',"שטראוס פריטו ליי בע""",IL,מארז תפוצ'יפס קידס 1,גרמים,200.00,100 גרם,false,,16.90,8.4500,true,1,131478
7290101864127,false,"ספריי להסרת כתמים 750 מ""ל וניש קליה",קליה וניש Kalia Vanish,IL,קליה אוקסי ספריי 750,מיליליטרים,750.00,"100 מ""ל",false,,19.90,2.6533,true,1,24205
7290101865261,false,"פיניש נוזל הברקה למדיח 800 מ""ל",רקיט בנקיזר,PL,פיניש הברקה 800 מל,מיליליטרים,800.00,"100 מ""ל",false,,21.90,2.7375,true,1,24216
7290101868958,false,פיניש נוזל הברקה למדיח בניחוח לימון,רקיט בנקיזר,PL,פיניש נוזל הברקה לימ,מיליליטרים,800.00,"100 מ""ל",false,,21.90,2.7375,true,1,24269
7290101869795,false,"מטהר אוויר אירוויק ספריי מילוי חלום ליל קיץ 250 מ""ל",איירוויק Air Wick,HU,איירוויק מילוי מבשם,מיליליטרים,250.00,"100 מ""ל",false,,15.90,6.3600,true,1,24290
7290101999720,false,נרות מטה לבבות פו,,,נרות מטה לבבות פו,יחידה,0.00,יחידה,false,,7.50,0.0000,true,1,37175
7290102030330,false,תפוצ'יפס קראנצ' בטעם מקסיקני 200 גרם,"שטראוס פריטו ליי בע""",IL,תפוצ'יפס קראנץ מקסיק,גרמים,200.00,100 גרם,false,,10.90,5.4500,true,1,26670
7290102031276,false,מארז 8 יחידות אקטימל משקה יוגורט בטעם תות בננה,מיוצר עי קונדיטוריית,IL,אקטימל תות בננה 8*10,מיליליטרים,800.00,"100 מ""ל",false,,23.90,2.9875,true,1,26179
7290102032334,false,אבקה להכנת משקה קפה בטעם וניל,STRAUSS-ISRAEL,IL,קפה נמס עלית בטעם ונ,גרמים,200.00,100 גרם,false,,31.90,15.9500,true,1,25496
7290102062195,false,"משחת שיניים לילדים לגילאי 6-12 אלמקס 75 מ""ל",יבואן ומשווק: ש. שסט,PE,אלמקס משחת שיניים אל,מיליליטרים,75.00,"100 מ""ל",false,,16.90,22.5333,true,1,24897
7290102300822,false,גבינה צ'דר אנגלית כתומה 200 ג',דאולי צ'יסמייקרס,GB,סיימן גבינת צדר אנגל,גרמים,200.00,100 גרם,false,,27.90,13.9500,true,1,20081
7290102300860,false,"גבינת צ'דר אנגלית לבן, 200 גרם",דאוליי צ'יסמייקרס,GB,שביק גבינת צדר אנגלי,גרמים,200.00,100 גרם,false,,27.90,13.9500,true,1,20082
7290102302246,false,גבינת גאודה הולנדית 200 גרם,מיוצר עי קונדיטוריית,NL,גבינת גאודה 200 גר',גרמים,200.00,100 גרם,false,,24.90,12.4500,true,1,20092
7290102302864,false,גבינה הולנדית עם פסטו ירוק 34%,הנרי ויליך Henri Willig,NL,גבינה הולנדית חצי קש,גרמים,200.00,100 גרם,false,,33.90,16.9500,true,1,427512
7290102302932,false,גבינה טבעונית קלאסית,קריניציה ויטמינה אס,DE,גבינה טבעונית קלאסית,גרמים,150.00,100 גרם,false,,23.90,15.9333,true,1,279697
7290102303977,false,גוש טונה בשמן זית רוברט 140 גרם,רמירז אנד קה פילהאוס,PT,טונה בשמן זית רוברט,גרמים,120.00,100 גרם,false,,13.90,11.5833,true,1,461715
7290102303984,false,גוש טונה במים רוברט 140 גרם,רמירז אנד קה פילהאוס,PT,טונה במי מלח רוברט 1,גרמים,120.00,100 גרם,false,,12.90,10.7500,true,1,461731
7290102390427,false,יוגורט ביו עם קציפת תות 3% שומן 150 ג' מולר,מולר Muller,IL,מולר פרופ תות 3% 150,גרמים,150.00,100 גרם,false,,5.50,3.6667,true,1,8560
7290102390465,false,יוגורט ביו עם קציפת אפרסק ופסיפלורה 3% שומן 150 ג' מולר,מולר Muller,IL,מולר פרופ אפרסק פסיפ,גרמים,150.00,100 גרם,false,,5.50,3.6667,true,1,8561
7290102390489,false,יוגורט ביו עם קציפת לימון 3% שומן 150 ג' מולר,מולר Muller,IL,מולר פרופ לימון 3% 1,גרמים,150.00,100 גרם,false,,5.50,3.6667,true,1,8563
7290102391844,false,יוגורט ביו עם קציפת פירות יער3% שומן 150 ג' מולר,מולר Muller,IL,מולר פרופ לבן+קציפת,גרמים,150.00,100 גרם,false,,5.50,3.6667,true,1,8581
7290102392049,false,גבינה לאפיה תבור ללא תוספת מלח 5% משק צוריאל 500 גרם,מחלבת משק צוריאל,IL,צוריאל תבור 5% 500ג,גרמים,500.00,100 גרם,false,,28.90,5.7800,true,1,8585
7290102392094,false,חלב עיזים מלא 3.7% משק צוריאל 1 ליטר,מילקו תעשיות בעמ,IL,צוריאל חלב עיזים 1ל,ליטרים,1.00,ליטר,false,,16.90,16.9000,true,1,8589
7290102393169,false,"יוגורט סימפלי פרוט בטעם תות 3% מולר 150 מ""ל",מולר Muller,IL,מולר סימפלי פרוט תות,גרמים,150.00,100 גרם,false,,5.50,3.6667,true,1,8626
7290102393176,false,סימפלי פרוט יוגורט אפרסק 3% שומן 150 ג' מולר,מילקו תעשיות בעמ,IL,מולר סימפלי פרוט אפר,גרמים,150.00,100 גרם,false,,5.50,3.6667,true,1,8627
7290102393190,false,"יוגורט סימפלי פרוט בטעם פירות יער 3% מולר 150 מ""ל",מילקו תעשיות בעמ,IL,מולר סימפלי פרוט פיר,גרמים,150.00,100 גרם,false,,5.50,3.6667,true,1,8629
7290102393268,false,"גבינה לבנה 5% שומן, רכיבים טבעיים 750 גרם",טרה,IL,טרה גבינה לבנה אריזת,גרמים,750.00,100 גרם,false,,14.90,1.9867,true,1,8630
7290102393299,false,יוגורט עיזים לשתייה 3% שומן 500 ג' צוריאל,מיוצר עי קוד יצרן HG,IL,צוריאל יוגורט עיזים,מיליליטרים,500.00,"100 מ""ל",false,,13.90,2.7800,true,1,8631
7290102393848,false,"יוגורט עיזים בטעם תות משק צוריאל 150 מ""ל",מחלבת משק צוריאל,IL,צוריאל יוגורט עיזים,מיליליטרים,150.00,"100 מ""ל",false,,6.70,4.4667,true,1,8643
7290102393947,false,סימפלי פרוט יוגורט בטעם קיווי 3% שומן 150 ג' מולר,מילקו תעשיות בעמ,IL,מולר סימפלי פרוט קיו,מיליליטרים,150.00,"100 מ""ל",false,,5.50,3.6667,true,1,8645
7290102394463,false,נעם גבינה צהובה פרוסה ואקום 28% טרה 500 גרם,Unknown,IL,נעם גבינה צהובה וואק,גרמים,500.00,100 גרם,false,,28.90,5.7800,true,1,8663
7290102394821,false,נעם גבינה צהובה פרוסה 28% טרה 200 גרם,מילקו תעשיות בעמ,IL,נעם גבינה צהובה דק ד,גרמים,200.00,100 גרם,false,,16.90,8.4500,true,1,8669
7290102394845,false,נעם גבינה צהובה לייט פרוסה דק דק 9% טרה 200 גרם,מילקו תעשיות בעמ,IL,נעם גבינה צהובה דק ד,גרמים,200.00,100 גרם,false,,17.90,8.9500,true,1,8670
7290102395217,false,מאגדת שמיניה מולר במתיקות מעודנת 1.2% 8*150 ג',מולר Muller,IL,מולר ביאנקו במתיקות,קילוגרמים,1.20,"ק""ג",false,,20.90,17.4167,true,1,8681
7290102395224,false,מארז 8 גביעים יוגורט ביו בטעם טבעי 1.7%,מולר Muller,IL,מולר נטורל 1.7% 8*15,קילוגרמים,1.20,"ק""ג",false,,17.90,14.9167,true,1,8682
7290102395231,false,מולר נטורל 2.8% ביאנקו מאגדת 8 יח' * 150 ג',מולר Muller,IL,מולר נטורל 2.8% 8*15,קילוגרמים,1.20,"ק""ג",false,,17.90,14.9167,true,1,8683
7290102395262,false,מארז 8 גביעים יוגורט בטעם תות שדה ואפרסק 3% Simply Fruit,מולר Muller,IL,מולר תות שדה ואפרסק,קילוגרמים,1.20,"ק""ג",false,,33.90,28.2500,true,1,8684
7290102395439,false,מארז 8 גביעים יוגורט בטעם פירות יער וקיווי 3% Simply Fruit,מילקו תעשיות בעמ,IL,מולר סימפלי פירות יע,קילוגרמים,1.20,"ק""ג",false,,33.90,28.2500,true,1,8691
7290102395446,false,מעדן חלב בטעם וניל עם קצפת 123 ג' טרה,Unknown,IL,מוו וניל קצפת 123מל,מיליליטרים,123.00,"100 מ""ל",false,,3.50,2.8455,true,1,8692
7290102395477,false,מעדן חלב בטעם שוקולד עם קצפת 123 ג' טרה,Unknown,IL,מוו שוקולד קצפת 123מ,מיליליטרים,123.00,"100 מ""ל",false,,3.50,2.8455,true,1,8695
7290102396580,false,מעדן שוקולד ומוס שוקולד 123 ג' טרה,טרה,IL,מוו מעדן שוקולד ומוס,גרמים,118.00,100 גרם,false,,3.50,2.9661,true,1,8743
7290102396665,false,נעם גבינה צהובה דק דק 15% טרה 200 גרם,מילקו תעשיות בעמ,IL,גבנ`צ דקדק פתח סגור,גרמים,200.00,100 גרם,false,,16.90,8.4500,true,1,8748
7290102396672,false,נעם גבינה צהובה דק דק 9% טרה 360 גרם,טרה,IL,נעם צהובה דק דק 9% 3,גרמים,360.00,100 גרם,false,,29.90,8.3056,true,1,8749
7290102396719,false,יוגורט ביו עם תות שדה 0% Simply Fruit,מולר Muller,IL,מולר סימפלי פרוט תות,גרמים,170.00,100 גרם,false,,5.50,3.2353,true,1,8752
7290102397204,false,נעם גבינה צהובה דק דק 22% טרה 200 גרם,מילקו תעשיות בעמ,IL,נעם צהובה דק דק 22%,גרמים,200.00,100 גרם,false,,16.90,8.4500,true,1,8780
7290102397464,false,יוגורט ביו בתוספת גרעינים אגוזים וחמוציות 170 ג' מולר,מולר Muller,IL,מולר יוגורט נטורל +,גרמים,150.00,100 גרם,false,,5.90,3.9333,true,1,73799
7290102397600,false,מיקס יוגורט בתוספת שקדים ובוטנים מקורמלים 170 ג' מולר,מילקו תעשייה בעמ,IL,מולר מיקס שקדים ובוט,גרמים,168.00,100 גרם,false,,5.90,3.5119,true,1,8805
7290102397617,false,יוגורט ביו קרמי עם כדורים מצופים שוקולד חום לבן,מולר Muller,IL,מולר מיקס קליק 168 ג,גרמים,168.00,100 גרם,false,,5.90,3.5119,true,1,8806
7290102397730,false,פרוסות גבינה אמנטל חצי קשה 30% שומן 200 ג' נעם,Unknown,IL,גבינת אמנטל נעם פתיח,גרמים,200.00,100 גרם,false,,18.90,9.4500,true,1,81097
7290102397747,false,פרוסות גבינת מוצרלה נעם מחלב בקר 22%,טרה,IL,מוצרלה נעם רכיבים ט,גרמים,200.00,100 גרם,false,,19.90,9.9500,true,1,106419
7290102397891,false,גבינת מותכת 18% צוריאל 100ג',משק צוריאל,IL,רביעייה גבינה מותכת,גרמים,100.00,100 גרם,false,,7.90,7.9000,true,1,73794
7290102398065,false,חלב טרה בקרטון 2 ליטר מהדרין 3% - מוצר בפיקוח,Unknown,IL,טרה חלב קרטון 3% מהד,יחידה,0.00,יחידה,false,,12.46,0.0000,true,1,88930
7290102398331,false,חלב דל לקטוז 2% מועשר בויטמין D,טרה,IL,חלב מועשר 1 ליטר דל,ליטרים,1.00,ליטר,false,,8.50,8.5000,true,1,109535
7290102398577,false,משקה חלב בטעם שוקו 2% בבקבוק אישי,מילקו תעשיות בעמ,IL,שוקו טרה מועשר בבקבו,מיליליטרים,250.00,"100 מ""ל",false,,5.90,2.3600,true,1,132821
7290102398669,false,משקה חלב עם קפה אייס קפוצ'ינו 1.5%,מילקו תעשיות בעמ,IL,אייס קפוצ'ינו מווו ט,ליטרים,1.00,ליטר,false,,12.90,12.9000,true,1,243595
7290102398805,false,משקה סויה בטעם וניל משק צוריאל 1 ליטר,מחלבת משק צוריאל,IT,משקה סויה בטעם וניל,ליטרים,1.00,ליטר,false,,12.90,12.9000,true,1,195965
7290102398836,false,משקה שקדים קלאסי משק צוריאל 1 ליטר,מחלבת משק צוריאל,IT,משקה שקדים קלאסי משק,ליטרים,1.00,ליטר,false,,13.90,13.9000,true,1,195985
7290102399048,false,פרוסות גבינת קשקבל נעם 200 ג' טרה,מילקו,IL,קשקבל נעם פתיחה חוזר,גרמים,200.00,100 גרם,false,,26.90,13.4500,true,1,141165
7290102399635,false,"מולר פרופ יוגורט ביו עם קציפת קוקוס ואננס 150 מ""ל",מולר Muller,IL,מעדן מולר פרופ קוקוס,גרמים,150.00,100 גרם,false,,5.50,3.6667,true,1,244412
7290102399772,false,ממרח חמאת מולר ושמן לפתית במליחות עדינה,Molkerei Weihensteph,DE,מולר ממרח חמאה במליח,גרמים,250.00,100 גרם,false,,19.90,7.9600,true,1,241599
7290102399802,false,יוגורט עם תות מולר אקטיב מועשר בחלבון 200 גר',מולר Muller,IL,יוגורט חלבון תות 20,גרמים,200.00,100 גרם,false,,6.90,3.4500,true,1,237207
7290103124601,false,"תחליב רחצה נוזל חלב ודבש משאבה 750מ""ל פלמוליב",הנסיך- מפעל לייצור ט,TR,תחליב רחצה חלב ודבש,מיליליטרים,750.00,"100 מ""ל",false,,21.90,2.9200,true,1,24914
7290103128739,false,בלונס צימרוני אוזניים לתינוק 50 יח',הנסיך- מפעל לייצור ט,GR,בלונס צימרוני אוזניי,יחידה,0.00,יחידה,false,,6.90,0.0000,true,1,24926
7290103401429,false,קפה קצב ברזילאי אוריגינס 200 גר,הנסיך- מפעל לייצור ט,IL,קפה אוריגינס קצב ברז,גרמים,200.00,100 גרם,false,,30.90,15.4500,true,1,25510
7290103404758,false,סלט כרוב אדום אחלה 120 גרם,מיוצר עי קונדיטוריית,IL,אחלה כרוב אדום 120ג,גרמים,120.00,100 גרם,false,,5.90,4.9167,true,1,26189
7290103408206,false,עלי חסה ערבית שטופים שטראוס 250 גרם,שטראוס בריאות ירקות,IL,עלי חסה ערבית שטופים,גרמים,250.00,100 גרם,false,,11.90,4.7600,true,1,26193
7290103700386,false,טאצ כריות יפניות מארז שישיה,"שניב תעשיות נייר בע""",IL,טאצ' כריות יפניות 6י,יחידה,0.00,יחידה,false,,10.90,0.0000,true,1,27033
7290103700997,false,נייר טואלט לובלי 40 גלילים,,IL,לאבלי נייר טואלט 40,מטרים,716.00,מטר,false,,45.90,0.0641,true,1,27038
7290103701017,false,נייר אפיה נשלף טאצ 50 יחידות כשלפ,"שניב תעשיות נייר בע""",IL,טאצ' נייר אפייה נשלף,יחידה,0.00,יחידה,false,,10.90,0.0000,true,1,27039
7290103701093,false,"זוג מטליות מיקרו פייבר לריצפה ""פאצ'""","שניב תעשיות נייר בע""",,טאצ מטליות מקרופייבר,יחידה,0.00,יחידה,false,,15.90,0.0000,true,1,27042
7290103701130,false,"מארז מטליות מייקרופייבר לניקוי כללי ""טאצ'""",,,טאצ מטליות מקרופייבר,יחידה,0.00,יחידה,false,,15.90,0.0000,true,1,27043
7290103702229,false,טאצ מפות שולחן שמינייה עבות במיוחד,"שניב תעשיות נייר בע""",,טאצ מפות עבות במיוחד,יחידה,0.00,יחידה,false,,9.80,0.0000,true,1,27052
7290103702298,false,טאצ' אשפתון עבה בגליל 77*90 50 יח',"שניב תעשיות נייר בע""",,טאצ אשפתון בגליל 50,יחידה,0.00,יחידה,false,,16.90,0.0000,true,1,27058
7290103702779,false,מפיות אירוח טאצ` 15,,,מפיות אירוח טאצ` 15,יחידה,0.00,יחידה,false,,9.90,0.0000,true,1,27069
7290103703226,false,טאצ מטליות לחות לניקוי כללי,,,טאצ' מטליות לחות לני,יח',50.00,יח',false,,8.90,0.1780,true,1,126609
7290103703233,false,מטליות טאצ' לחות תפוח לניקוי כללי דלי,,,טאצ' מטליות לחות לני,יחידה,0.00,יחידה,false,,20.90,0.0000,true,1,113762
7290103703370,false,טאצ מגבוני טואלט לחים מארז שלישייה,,,טאצ' מגבוני נייר טוא,יח',3.00,יח',false,,16.90,5.6333,true,1,126181
7290103703738,false,טאצ' מפות עבות במיוח,,,טאצ' מפות עבות במיוח,מטרים,45.00,מטר,false,,33.90,0.7533,true,1,162455
7290103704162,false,נייר טואלט טאצ' 32 גלילים מהדורה 2021,"שניב תעשיות נייר בע""",IL,נייר טואלט טאצ' 32 ג,יח',0.00,יח',false,,32.90,0.0000,true,1,301965
7290103704186,false,מגבות מטבח כפול טאצ`מהדורת 2021 6 יחידות,,,מגבות טאצ' גליל כפול,יחידה,0.00,יחידה,false,,20.90,0.0000,true,1,388022
7290103704681,false,טאצ' שקיות קוקי גדולות 10 יח',,,שקיות קוקי 10 יח' טא,יחידה,0.00,יחידה,false,,5.90,0.0000,true,1,453826
7290103704698,false,טאצ' שקיות קוקי ענקיות 5 יח',,,שקיות קוקי 5 יח' טאצ,יחידה,0.00,יחידה,false,,5.90,0.0000,true,1,453827
7290103704766,false,נייר טואלט 24 גליל כפול מהדורת פרח סגול,,,נייר טואלט 24 גליל,יחידה,0.00,יחידה,false,,43.90,0.0000,true,1,439076
7290103746001,false,ממחטות טאצ' 5*100 צץ רץ (19*195),"שניב תעשיות נייר בע""",IL,ממחטות טאצ' חמישייה,יחידה,0.00,יחידה,false,,13.90,0.0000,true,1,27079
7290104061417,false,סלט חומוס עם טחינה אחלה 400 גרם,"שטראוס גרופ בע""מ",IL,אחלה חומוס טחינה 400,גרמים,400.00,100 גרם,false,,12.90,3.2250,true,1,26196
7290104061424,false,סלט חומוס עם זעתר אחלה 400 גרם,מיוצר עי קונדיטוריית,IL,אחלה חומוס זעתר 400,גרמים,400.00,100 גרם,false,,12.90,3.2250,true,1,26197
7290104061448,false,סלט חומוס עם חריף אחלה 400 גרם,מיוצר עי קונדיטוריית,IL,אחלה חומוס חריף 400ג,גרמים,400.00,100 גרם,false,,12.90,3.2250,true,1,26199
7290104062599,false,מארז 8 יחידות מעדן גמדים בטעמי תות ובננה,שטראוס דנונה,IL,גמדים תות בננה 8*100,מיליליטרים,800.00,"100 מ""ל",false,,19.90,2.4875,true,1,26200
7290104064012,false,חטיף פסק זמן GOOD שוקולד לבן גוד 36 גרם,שולן צ'יקולטה גידה ס,TR,פסק זמן 2GOOD לבן 36,גרמים,36.00,100 גרם,false,,5.90,16.3889,true,1,124729
7290104065934,false,עלי רוקט שטראוס 150 גרם,שטראוס בריאות ירקות,IL,שטראוס עלי רוקט 150ג,גרמים,150.00,100 גרם,false,,10.90,7.2667,true,1,26202
7290104068539,false,מאסט פליפטופ מלון ואבטיח ללא גרעינים,"שטראוס גרופ בע""מ",IL,מאסט מלון ואבטיח 28ג,גרמים,28.00,100 גרם,false,,4.90,17.5000,true,1,25547
7290104068546,false,גומי מאסט בטעם לימון קולה ללא סוכר 28 ג' עלית,"שטראוס גרופ בע""מ",IL,מאסט קולה 28 גרם,גרמים,28.00,100 גרם,false,,4.90,17.5000,true,1,25548
7290104500572,false,אפרופו חטיף תירס איטליאנו אסם 50 גרם,מיוצר עי קונדיטוריית,IL,אפרופו איטלקי 36*50ג,גרמים,50.00,100 גרם,false,,5.90,11.8000,true,1,22768
7290104501661,false,אינסטנט פודינג בטעם וניל צרפתי אסם 80 גרם,מיוצר עי קונדיטוריית,IL,אסם פודינג בטעם וניל,גרמים,80.00,100 גרם,false,,6.50,8.1250,true,1,22769
7290104501784,false,מיני מאפינס שוקו צ'יפס חמישיה,תבואות בר,IL,בונז'ור מיני מאפינס,גרמים,200.00,100 גרם,false,,9.90,4.9500,true,1,38686
7290104501807,false,מיני מאפינס שוקו חמישיה,בונז'ור- תבואות בר,IL,בונז'ור מיני מאפינס,גרמים,200.00,100 גרם,false,,9.90,4.9500,true,1,38687
7290104504228,false,מארז אריזות מיני חטיף דובונים - 5 יח',"אסם תעשיות בע""מ",IL,דובונים קדמ.מארז אחי,גרמים,100.00,100 גרם,false,,14.90,14.9000,true,1,22776
7290104508943,false,במבה חטיף בוטנים אסם 200 גרם,"אסם תעשיות בע""מ",IL,במבה קלאסי 18*200 גר,גרמים,200.00,100 גרם,false,,9.90,4.9500,true,1,22787
7290104570131,false,תמר מג'הול ששון ושות,,,"תמר מג'הול 1 ק""ג",קילוגרמים,1.00,"ק""ג",false,,18.90,18.9000,true,1,61087
7290104570162,false,תמרים ללא חרצנים תמר כבוש 500 גרם,תמר העמקים בית שאן,IL,תמר כבוש 500 גרם,גרמים,500.00,100 גרם,false,,12.90,2.5800,true,1,3073
7290104721762,false,מארז קפה טורקי עלית 3*85 גר,שטראוס גרופ,IL,טורקי עלית 3*85 גר'.,גרמים,255.00,100 גרם,false,,20.90,8.1961,true,1,25552
7290104722530,false,תפוצ'יפס בטעם שמנת בצל עלית 200 גרם,"שטראוס פריטו ליי בע""",IL,תפוציפס שמנת בצל 200,גרמים,200.00,100 גרם,false,,10.90,5.4500,true,1,26711
7290104726712,false,מארז 8 יחידות מעדן מילקי בטעם שוקולד עם קצפת,"שטראוס גרופ בע""מ",IL,מילקי שמינייה מארז 8,קילוגרמים,1.06,"ק""ג",false,,21.90,20.6604,true,1,26226
7290104728310,false,"שמנת מתוקה עמידה 38% שומן ""יטבתה"" -מוצר בפיקוח",שטראוס גרופ,IL,יטבתה שמנת עמידה לקצ,מיליליטרים,250.00,"100 מ""ל",false,,6.47,2.5880,true,1,26231
7290104960239,false,"תחליב רחצה נקה 7 ארומה לבן 750 מ""ל","אמיליה קוסמטיקס בע""מ",IL,תחליב רחצה קמומיל נק,מיליליטרים,750.00,"100 מ""ל",false,,12.90,1.7200,true,1,34053
7290104960246,false,"נקה 7 - תחליב רחצה ורד ויסמין 750 מ""ל","אמיליה קוסמטיקס בע""מ",IL,תחליב רחצה ורד ויסמי,מיליליטרים,750.00,"100 מ""ל",false,,12.90,1.7200,true,1,34054
7290104960253,false,"תחליב רחצה נקה 7 לבנדר סגול 750מ""ל","אמיליה קוסמטיקס בע""מ",IL,תחליב רחצה לבנדר נקה,מיליליטרים,750.00,"100 מ""ל",false,,12.90,1.7200,true,1,34055
7290104961250,false,"נקה 7 תחליב רחצה מגע קטיפה וניל מאסק 750 מ""ל","אמיליה קוסמטיקס בע""מ",IL,תחליב רחצה וניל מאסק,מיליליטרים,750.00,"100 מ""ל",false,,12.90,1.7200,true,1,34070
7290105360250,false,קפסולות 09 עשיר וארומטי למכונת נספרסו עלית 10יח',הנסיך- מפעל לייצור ט,IL,עלית קפסולות מקיאטו,גרמים,50.00,100 גרם,false,,19.90,39.8000,true,1,25573
7290105360328,false,קפסולות אספרסו חזק למכונות נספרסו 10 יח',הנסיך- מפעל לייצור ט,IL,עלית קפסולות אספרסו,גרמים,50.00,100 גרם,false,,19.90,39.8000,true,1,25574
7290105360335,false,קפסולות אספרסו למכונות נספרסו 50 גר,הנסיך- מפעל לייצור ט,IL,עלית קפסולות אספרסו,גרמים,50.00,100 גרם,false,,19.90,39.8000,true,1,25575
7290105360755,false,"שמן זית 3 חזק 750 מ""ל יד מרדכי",מכוורת יד מרדכי שטרא,IL,שמן זית 3 חזק כתית י,מיליליטרים,750.00,"100 מ""ל",false,,39.90,5.3200,true,1,25578
7290105360762,false,"שמן זית 1 עדין 750 מ""ל יד מרדכי",מכוורת יד מרדכי שטרא,IL,שמן זית 1 עדין כתית,מיליליטרים,750.00,"100 מ""ל",false,,39.90,5.3200,true,1,25579
7290105362339,false,"שמנת לבישול 15% 250 מ""ל יטבתה מהדרין",שטראוס גרופ,IL,יטבתה שמנת לבישול 15,מיליליטרים,250.00,"100 מ""ל",false,,8.90,3.5600,true,1,26236
7290105363602,false,מקלות כיף כף קלאסי עלית 40 גרם,"איי, בי, אינבוו",TR,כיף כף מקלות קלאסי 4,גרמים,40.00,100 גרם,false,,5.90,14.7500,true,1,25587
7290105364289,false,מקלות כיף כף פצפוצים עלית 40 גרם,"איי, בי, אינבוו",TR,כיף כף מקלות פצפוצים,גרמים,40.00,100 גרם,false,,5.90,14.7500,true,1,25589
7290105364302,false,"עלית חטיף שוקולד כיף כף מקלות אגוזים, 40 גרם","איי, בי, אינבוו",TR,כיף כף מקלות אגוזים,גרמים,42.00,100 גרם,false,,5.90,14.0476,true,1,25590
7290105366023,false,סלט חצילים בטעם כבד אחלה 400 גרם,מיוצר עי קונדיטוריית,IL,אחלה חציל בטעם כבד 4,גרמים,400.00,100 גרם,false,,17.90,4.4750,true,1,26239
7290105366047,false,טחינה אחלה לבנה 400 גר',מיוצר עי קונדיטוריית,IL,אחלה טחינה לבנה 400ג,גרמים,400.00,100 גרם,false,,17.90,4.4750,true,1,26241
7290105366993,false,סימפוניה גבינת שמנת פלפל שיפקה 5% שטראוס 200 גרם,"שטראוס בריאות בע""מ",IL,סימפוניה פלפל שיפקה,גרמים,200.00,100 גרם,false,,12.90,6.4500,true,1,26247
7290105368904,false,"שמנת מתוקה להקצפה 32% שומן 250 מ""ל יוטבתה",שטראוס גרופ,IL,יטבתה שמנת עמידה לקצ,מיליליטרים,250.00,"100 מ""ל",false,,7.90,3.1600,true,1,26269
7290105368928,false,"שמנת 9% שומן 200 מ""ל יוטבתה",שטראוס גרופ,IL,יטבתה שמנת 9% 200מל,מיליליטרים,200.00,"100 מ""ל",false,,3.50,1.7500,true,1,26270
7290105369130,false,סימפוניה גבינת שמנת בצל ירוק 5% שטראוס 200 גרם,"שטראוס בריאות בע""מ",IL,סימפוניה שטראוס בצל,גרמים,200.00,100 גרם,false,,12.90,6.4500,true,1,26273
7290105430458,false,"פלמוליב - תחליב רחצה נטורלס שקדים 750 מ""ל",הנסיך- מפעל לייצור ט,TR,תחליב רחצה שקדים משא,מיליליטרים,750.00,"100 מ""ל",false,,21.90,2.9200,true,1,24939
7290105431516,false,מארז חטיף פריי תמרים ובוטנים ללא גלוטן ותוספת סוכר 125 גרם,טבעית מוצרים מן הטבע,IL,פרי חטיפי תמרים ובוט,גרמים,125.00,100 גרם,false,,20.90,16.7200,true,1,24949
7290105434050,false,ספיד סטיק - דאודורנט סטיק לגבר XL ירוק רגיולר 85 גרם,ספיד סטיק Speed Stick,US,דאו' ירוק רגיולר ספי,גרמים,85.00,100 גרם,false,,15.90,18.7059,true,1,24965
7290105439499,false,מאסטר שף מאסטר שף מיונז 480 גר כשלפ,רמיה סי.וי. הולנד,NL,מיונז הולנדי מאסטר ש,גרמים,480.00,100 גרם,false,,12.90,2.6875,true,1,24979
7290105439505,false,מאסטר שף קרם בטעם מיונז לייט 479 גר כשלפ,רמיה סי.וי. הולנד,NL,מאסטר שף קרם בטעם מ,גרמים,479.00,100 גרם,false,,13.90,2.9019,true,1,24980
7290105439581,false,מנה מאסטר שף חרדל דיזיון צרפתי 370 גר,סאס קווינור,FR,מאסטר שף מאסטר שף חר,מיליליטרים,370.00,"100 מ""ל",false,,14.90,4.0270,true,1,24981
7290105500236,false,וויסקי ג'ק דניאלס מס' 7 Brand No,ג'ק דניאלס Jack Daniel's,US,גק דניאלס וויסקי 700,מיליליטרים,700.00,"100 מ""ל",false,,120.90,17.2714,true,1,117687
7290105691224,false,אסם חטיפי פריכונים טורטייה שום בצל 60 גרם,"מיוצר ע""י PT, משווק",IL,חטיפי פריכונים טורטי,גרמים,60.00,100 גרם,false,,8.10,13.5000,true,1,22809
7290105691248,false,אסם חטיפי פריכונים טורטייה תירס 60 גרם,"מיוצר ע""י PT, משווק",IL,חטיפי פריכונים טורטי,גרמים,60.00,100 גרם,false,,8.10,13.5000,true,1,22810
7290105691934,false,קמח שמרים אסם 1 קילו,תאי פרזידנט פוד פאבל,IL,"קמח שמרים אסם 1 ק""ג",קילוגרמים,1.00,"ק""ג",false,,10.90,10.9000,true,1,22818
7290105693341,false,מארז עשיריית במבה אסם 25*10 גרם,"אסם תעשיות בע""מ",IL,במבה מאח.15 10*25גרם,גרמים,250.00,100 גרם,false,,18.90,7.5600,true,1,22827
7290105693457,false,עוגת הבית דמקה שוקו וניל אסם 320 גרם,מיוצר עי קונדיטוריית,IL,עוגת הבית דמקה שוקו,גרמים,320.00,100 גרם,false,,15.90,4.9688,true,1,22828
7290105693952,false,פירורית זהב אסם זהב שומשום 200 ג',מיוצר עי קונדיטוריית,IL,פירורית זהב שומשום 2,גרמים,200.00,100 גרם,false,,7.90,3.9500,true,1,68036
7290105694904,false,אבקת מרק פטריות רכיבים טבעיים 220 ג' אסם,"אסם תעשיות בע""מ",IL,אבקת מרק פטריות רכיב,גרמים,220.00,100 גרם,false,,20.90,9.5000,true,1,22836
7290105695024,false,פתיתים אפויים אורז עם אטריות אסם 500 גרם,"אסם תעשיות בע""מ",IL,פתיתים אפויים אורז ע,גרמים,500.00,100 גרם,false,,7.90,1.5800,true,1,22838
7290105695321,false,עוגת הבית בראוניס פאדג' אסם 380 גרם,מיוצר עי קונדיטוריית,IL,הבית עוגות בראוניס פ,גרמים,380.00,100 גרם,false,,19.90,5.2368,true,1,22841
7290105964564,false,סלט חומוס אחלה 400גר,מיוצר עי קונדיטוריית,IL,אחלה חומוס אחלה 400ג,גרמים,400.00,100 גרם,false,,9.90,2.4750,true,1,26280
7290105965738,false,יוגורט לשתיה בטעם תות בננה267 ג' דנונה,מיוצר עי קונדיטוריית,IL,דנונה משקה תות בננה,גרמים,267.00,100 גרם,false,,5.90,2.2097,true,1,26288
7290105966469,false,"חומץ בלסמי יד מרדכי 250 מ""ל",אצטייה ג'וזפה קרמוני,IT,חומץ בלסמי יד מרדכי,גרמים,250.00,100 גרם,false,,17.90,7.1600,true,1,25628
7290105968098,false,"סלט קולסלאו 500 גרם ""אחלה""",שטראוס גרופ סלטים,IL,אחלה קולסלאו 500ג,גרמים,500.00,100 גרם,false,,17.90,3.5800,true,1,26300
7290105968654,false,רביולי בטטה פרווה פסטה נונה 400 ג',מיוצר עי קונדיטוריית,IL,שטראוס רביולי בטטה 4,גרמים,400.00,100 גרם,false,,22.90,5.7250,true,1,26301
7290106520066,false,רבע לשבע במילוי קרם אגוזים ובציפוי שוקולד חלב,הגביע מוצרי וופלים ב,IL,רבע לשבע 160 גרם,גרמים,160.00,100 גרם,false,,13.90,8.6875,true,1,25637
7290106520288,false,יוגורט פרו חלבון עם תות 2.4% שומן 150 ג' דנונה,"שטראוס בריאות בע""מ",IL,דנונה פרו תות 150 גר,גרמים,150.00,100 גרם,false,,4.90,3.2667,true,1,26303
7290106520912,false,"שמנת לבישול 9% 250 מ""ל יטבתה",שטראוס גרופ,IL,יטבתה שמנת לבישול 9%,מיליליטרים,250.00,"100 מ""ל",false,,8.90,3.5600,true,1,26313
7290106521926,false,שקית קפה טורקי 150 ג' עלית,שטראוס גרופ,IL,קפה טורקי עלית 150 ג,גרמים,150.00,100 גרם,false,,15.90,10.6000,true,1,88754
7290106524439,false,"תפוצ'יפס פופס 60 גרם ""עלית""","שטראוס פריטו ליי בע""",IL,תפוציפס פופס 60 גרם,גרמים,60.00,100 גרם,false,,4.90,8.1667,true,1,109830
7290106525368,false,גלילי וופל רבע לשבע אין סייד אוט 125 גר,הגביע מוצרי וופלים ב,IL,רבע לשבע אין סייד או,גרמים,125.00,100 גרם,false,,13.90,11.1200,true,1,99210
7290106525405,false,קפסולות למכונת נספרסו נטול קפאין,שטראוס קפה בי.וי,IL,עלית קפסולות נטול למ,גרמים,50.00,100 גרם,false,,19.90,39.8000,true,1,25660
7290106526822,false,פריכיות אורז חום מלא תחתית שוקולד חלב 80 גרם,"טחנת האבן תעשיות בע""",IL,פריכיות עם תחתית שוק,גרמים,80.00,100 גרם,false,,8.90,11.1250,true,1,25671
7290106528567,false,"דוריטוס גריל 185 גרם ""עלית""",שטראוס פריטו ליי (מל,IL,דוריטוס גריל 185 גר`,גרמים,185.00,100 גרם,false,,8.90,4.8108,true,1,26755
7290106528628,false,"דוריטוס טבעי 185 גרם ""עלית""","שטראוס פריטו ליי בע""",IL,דוריטוס טבעי 185 גר`,גרמים,185.00,100 גרם,false,,8.90,4.8108,true,1,26756
7290106528949,false,לקט ערוגות 450 גרם שטראוס,שטראוס בריאות ירקות,IL,לקט ערוגות,גרמים,450.00,100 גרם,false,,13.90,3.0889,true,1,26341
7290106572065,false,חטיפי פריכונים טורטיה חמוץ מתוק 60 גרם,"מיוצר ע""י PT, משווק",IL,טורטיה בטעם תירס חמו,גרמים,60.00,100 גרם,false,,8.10,13.5000,true,1,22859
7290106573277,false,חטיף קרקר קריספי עם זיתים כבושים,מיוצר עי קונדיטוריית,IL,אסם קריספי טאפאס זית,גרמים,150.00,100 גרם,false,,13.90,9.2667,true,1,22872
7290106573314,false,חטיף קריספי בטעם כפרי 150 ג' אסם,מיוצר עי קונדיטוריית,IL,אסם קריספי טאפאס כפר,גרמים,150.00,100 גרם,false,,13.90,9.2667,true,1,22874
7290106573598,false,צבר חומוס לבנוני 400 גרם,סלטי צבר,IL,צבר חומוס לבנוני 400,גרמים,400.00,100 גרם,false,,12.90,3.2250,true,1,23526
7290106574953,false,בייגלה שטוחים כעכים שטוחים עם שומשום,מיוצר עי קונדיטוריית,IL,אסם בייגלה שטוחים שו,גרמים,300.00,100 גרם,false,,12.90,4.3000,true,1,22893
7290106574977,false,בייגלה שטוחים כעכים שטוחים עם מלח,מיוצר עי קונדיטוריית,IL,אסם בייגלה שטוחים עם,גרמים,300.00,100 גרם,false,,12.90,4.3000,true,1,22894
7290106575257,false,עוגת הבית סופלה בטעם שוקולד 340 ג' אסם,מיוצר עי קונדיטוריית,IL,עוגת הבית סופלה בטעם,גרמים,340.00,100 גרם,false,,15.90,4.6765,true,1,68055
7290106576513,false,סלט חומוס צבר 400 גר,סלטי צבר,IL,צבר חומוס 400 גרם,גרמים,400.00,100 גרם,false,,10.90,2.7250,true,1,23532
7290106576537,false,חומוס מסעדות צבר 700 גרם,סלטי צבר,IL,צבר חומוס מסעדה 700,גרמים,700.00,100 גרם,false,,13.90,1.9857,true,1,23533
7290106576957,false,"לה קרמריה גלידת שוקו וניל פליק פרווה כשל""פ 1.4",תות תעשיות מזון (201,IL,גלידה קרמריה פרווה ש,ליטרים,1.40,ליטר,false,,25.90,18.5000,true,1,18404
7290106576995,false,גלידה סורבה לה קרמריה תות מנגו לייט 1.4 ל' נסטלה,לה קרמריה- נסטלה,IL,לה קרמריה לייט סורבה,ליטרים,1.40,ליטר,false,,25.90,18.5000,true,1,18406
7290106577039,false,גלידה לה קרמריה שוקו וניל פליק 1.4 ל' נסטלה,תות תעשיות מזון (201,IL,לה קרמריה שוקו וניל,ליטרים,1.40,ליטר,false,,25.90,18.5000,true,1,18407
7290106577282,false,טחינה אמיתית מרובע 400 ג' צבר,סלטי צבר,IL,צבר מרובע טחינה 400ג,גרמים,400.00,100 גרם,false,,14.90,3.7250,true,1,23534
7290106577541,false,צבר כרוב אדום מרובע 400גרם,סלטי צבר,IL,צבר מרובע כרוב אדום,גרמים,400.00,100 גרם,false,,13.90,3.4750,true,1,23540
7290106578692,false,אוסם - במבה ביסלי מיקס 80 גרם,פרו מן יו פתרונות אר,IL,במבה ביסלי מיקס 36*8,גרמים,80.00,100 גרם,false,,5.90,7.3750,true,1,22921
7290106578821,false,הבית עוגת שמרים קלאסית בטעם שוקולד 350גר.,מיוצר עי קונדיטוריית,IL,עוגת הבית שמרים קלאס,גרמים,350.00,100 גרם,false,,19.90,5.6857,true,1,22924
7290106662025,false,תפוציפס טבעי מלח ופלפל 50 גרם,"שטראוס פריטו ליי בע""",IL,תפוציפס טבעי מלח פלפ,גרמים,50.00,100 גרם,false,,4.90,9.8000,true,1,26792
7290106663503,false,יד מרדכי קונפיטורת לייט תות 230 גר,אף.סי תבליני בגליל ב,IL,קונפיטורת לייט תות 2,גרמים,230.00,100 גרם,false,,15.90,6.9130,true,1,25759
7290106664067,false,לאבנה עם שמן זית וזעתר 10% שטראוס 400 ג',הדקלאים אגודת שיתופי,IL,שטראוס לאבנה שמן זית,גרמים,400.00,100 גרם,false,,15.90,3.9750,true,1,26392
7290106666788,false,עלית - סוכריות נוסטלגיה דבש ממולאות 80 גרם,שטראוס גרופ,PL,סוכריות נוסטלגיה דבש,גרמים,80.00,100 גרם,false,,7.90,9.8750,true,1,25781
7290106667266,false,"דוריטוס חמוץ חריף 185 גרם ""עלית""",שטראוס פריטו ליי (מל,IL,דוריטוס חמוץ חריף 18,גרמים,185.00,100 גרם,false,,8.90,4.8108,true,1,26831
7290106668133,false,שוקולית בשקית 400 גר,,,שוקולית 400 גרם,גרמים,400.00,100 גרם,false,,13.90,3.4750,true,1,25786
7290106668577,false,"מיץ לימון טבעי 250 מ""ל ""יד מרדכי""",האי נאם סי או אל.טי.,IT,מיץ לימון טבעי יד מר,מיליליטרים,250.00,"100 מ""ל",false,,8.90,3.5600,true,1,25791
7290106668713,false,יוגורט עם פירות יער 3% שומן 150 ג' דנונה,מיוצר עי קונדיטוריית,IL,דנונה פירות יער3% 15,מיליליטרים,150.00,"100 מ""ל",false,,3.90,2.6000,true,1,26404
7290106669857,false,קפסולות 06 אספרסו בטעם וניל עלית 10יח',הנסיך- מפעל לייצור ט,IL,עלית קפסולות בטעם ונ,גרמים,50.00,100 גרם,false,,19.90,39.8000,true,1,63288
7290106720626,false,צ'יטוס קראנצ' בטעם גבינה - חלבי,"שטראוס פריטו ליי בע""",IL,ציטוס גבינה 80 גרם,גרמים,80.00,100 גרם,false,,5.50,6.8750,true,1,76333
7290106721913,false,מסטיק מאסט MUST ללא סוכר בטעם מנטה מרעננת,"שטראוס גרופ בע""מ",IL,מאסט צנצנת ריח פה צ',גרמים,66.00,100 גרם,false,,11.90,18.0303,true,1,25826
7290106721920,false,צנצנת מסטיק מאסט בטעם ספירמינט עדין 66 ג' עלית,"שטראוס גרופ בע""מ.",IL,מאסט צנצנת ספירמינט,גרמים,66.00,100 גרם,false,,11.90,18.0303,true,1,25827
7290106723689,false,עלי תרד בייבי שטראוס 200 גרם,שטראוס בריאות ירקות,IL,שטראוס תרד בייבי 200,גרמים,200.00,100 גרם,false,,11.90,5.9500,true,1,26415
7290106725867,false,"סירופ מייפל טבעי 189 מ""ל ""יד מרדכי""",קוסלסי פוד,CA,יד מרדכי סירופ מייפל,מיליליטרים,189.00,"100 מ""ל",false,,38.90,20.5820,true,1,25878
7290106726178,false,יוגורט PRO עם פירות יער 2.4% 10 גרם חלבון בגביע,מיוצר עי קונדיטוריית,IL,דנונה פרו בטעם פירות,גרמים,150.00,100 גרם,false,,4.90,3.2667,true,1,26425
7290106727984,false,"כיף כף פצפצים בגביע 135 גרם ""עלית""",שולן צ'יקולטה גידה ס,TR,כיף כף פצפצים 135 גר,גרמים,135.00,100 גרם,false,,12.90,9.5556,true,1,25884
7290106729650,false,יוגורט עם תות מאגדת 8 יח' * 150ג' דנונה,דנונה - שטראוס,IL,דנונה יוגורט תות 8יח,קילוגרמים,1.20,"ק""ג",false,,27.90,23.2500,true,1,26446
7290107280020,false,מטליות לחות סנו סושי לניקוי כללי שלישיה *50 יח',טרופיקל דגיל- תעשיות,IL,סנו סושי מגבונים לני,יחידה,0.00,יחידה,false,,20.90,0.0000,true,1,34140
7290107280075,false,סנו סושי תבנית אלומיניום לארג 4יח,סנו סושי,,4 תבניות אלומיניום L,יחידה,0.00,יחידה,false,,10.90,0.0000,true,1,34144
7290107280082,false,מארז 7 תבניות אלומיניום מוארכות לאפייה אינגליש קייק,סנו סושי,,7 תבניות אינגליש קיי,יחידה,0.00,יחידה,false,,10.90,0.0000,true,1,34145
7290107280112,false,סנו סופט נייר טואלט 24 גל.,Unknown,IL,סנו סופט נייר טואלט,מטרים,441.00,מטר,false,,27.90,0.0633,true,1,105167
7290107280341,false,ריצפז מטליות לחות לניקוי הרצפה בניחוח מלון מפנק,"סנו מפעלי ברונוס סע""",IL,ריצפז מטליות לחות לנ,יחידה,0.00,יחידה,false,,12.90,0.0000,true,1,198248
7290107280402,false,סנו ג'יט ניקוי כללי ורצפות 2 ל',סנו ג'ט Jet,IL,סנו ג'ט ניקוי כללי 2,ליטרים,2.00,ליטר,false,,18.90,9.4500,true,1,34154
7290107280716,false,מלח למדיח להגנה מפני אבנית סנו ספארק Spark,סנו ספארק,IL,סנו ספארק מלח למדיח,קילוגרמים,2.00,"ק""ג",false,,13.90,6.9500,true,1,34170
7290107280723,false,נוזל לניקוי כלים סנו ספארק Spark בניחוח לימון רענן,סנו כימיקלים,IL,סנו ספארק נוזל לניקו,מיליליטרים,700.00,"100 מ""ל",false,,11.90,1.7000,true,1,34171
7290107280730,false,נוזל לניקוי כלים סנו ספארק Spark בניחוח לבנדר,מיוצר עי קונדיטוריית,IL,סנו ספארק נוזל לניקו,מיליליטרים,700.00,"100 מ""ל",false,,11.90,1.7000,true,1,34173
7290107280747,false,נוזל לניקוי כלים סנו ספארק Spark קלאסי,סנו כימיקלים,IL,סנו ספארק נוזל לניקו,מיליליטרים,700.00,"100 מ""ל",false,,11.90,1.7000,true,1,34174
7290107280761,false,נוזל לניקוי כלים בניחוח לימון רענן סנו ספארק Spark,מיוצר עי קונדיטוריית,IL,ספארק נוזל לכלים לימ,יחידה,0.00,יחידה,false,,12.90,0.0000,true,1,34176
7290107340243,false,מטען בית אייפון,,,מטען בית אייפון,יחידה,0.00,יחידה,false,,39.90,0.0000,true,1,426921
7290107340526,false,מטען בית טייפ סי,,,מטען בית טייפ סי,יחידה,0.00,יחידה,false,,39.90,0.0000,true,1,426923
7290107341356,false,כבל אייפון imx,,,כבל אייפון,יחידה,0.00,יחידה,false,,19.90,0.0000,true,1,420410
7290107341363,false,כבל מיקרו imx.,,,כבל מיקרו,יחידה,0.00,יחידה,false,,19.90,0.0000,true,1,426925
7290107341370,false,כבל טפייסי imx,,,כבל טייפ סי,יחידה,0.00,יחידה,false,,19.90,0.0000,true,1,426926
7290107646062,false,אבקת מרק בצל רכיבים טבעיים קנור 400 ג',יוניליוור ישראל מזון,IL,מרק בצל רכיבים טבעיי,גרמים,400.00,100 גרם,false,,31.90,7.9750,true,1,106272
7290107646826,false,שוגי חטיף פתיתי תירס קלויים בטעם שוקולד,יוניליוור ישראל מזון,IL,חטיף שוגי שוקו שוקו,גרמים,156.00,100 גרם,false,,14.90,9.5513,true,1,117531
7290107647816,false,"דגני ברנפלקס ללא תוספת סוכר 500 גרם בד""צ",יוניליוור ישראל מזון,IL,ברנפלקס ללא סוכר בד',גרמים,500.00,100 גרם,false,,27.90,5.5800,true,1,98975
7290107649100,false,בייגלה טבעות שומשום 300 גר',בייגל את בייגל מזון,IL,בייגלה טבעות שומשום,גרמים,300.00,100 גרם,false,,12.90,4.3000,true,1,137509
7290107649858,false,טילון מגנוםלבן -גלידת שמנת,"מיוצר ע""י גלידת שטרא",IL,מגנום טילון לבן,יחידה,0.00,יחידה,false,,9.90,0.0000,true,1,142515
7290107870047,false,"טילון אקסטרים מטבע ענק בראוניז, 115 ג'",תות תעשיות מזון (201,IL,אקסטרים מטבע ענק ברא,גרמים,115.00,100 גרם,false,,9.90,8.6087,true,1,18414
7290107871532,false,מאגדת קרחונים דובדבן מלון 10 יח' נסטלה,גלידות נסטלה (נגה גל,IL,מאגדת שלגוני דובדבן,גרמים,750.00,100 גרם,false,,21.90,2.9200,true,1,18424
7290107871990,false,"פסטה צינורות 500 גרם ""אסם""",פסטה זארה,IT,פסטה צינורות אסם 500,גרמים,500.00,100 גרם,false,,6.90,1.3800,true,1,22955
7290107876889,false,אוסם - במבה במילוי קרם נוגט 45 גרם,"אסם השקעות בע""מ",IL,במבה במילוי קרם נוגט,גרמים,45.00,100 גרם,false,,5.90,13.1111,true,1,137032
7290107879132,false,פריכיות פיטנס מיני פריכיות שוקולד חלב 22 ג',כרמית,IL,מיני פריכיות שוקולד,גרמים,22.00,100 גרם,false,,6.90,31.3636,true,1,23056
7290107879521,false,קרחון לה פרוטה שרבט תות מאגדת 5יח',המאפיה של הרמן,IL,לה פרוטה תות 5 יח,גרמים,350.00,100 גרם,false,,29.90,8.5429,true,1,18450
7290107879668,false,קרחון לה פרוטה תות 70 ג' נסטלה,המאפיה של הרמן,IL,לה פרוטה תות,יחידה,0.00,יחידה,false,,6.90,0.0000,true,1,18455
7290107879699,false,שלגון לה פרוטה מנגו נסטלה 70ג',המאפיה של הרמן,IL,לה פרוטה מנגו,גרמים,70.00,100 גרם,false,,6.90,9.8571,true,1,18456
7290107930321,false,קונפיטורת יד מרדכי דובדובן 340 גרם,"בית אל מזון בע""מ",IL,יד מרדכי קונפיטורה ד,גרמים,340.00,100 גרם,false,,14.90,4.3824,true,1,25902
7290107931397,false,כיף כף פצפוצים במילוי שוקולד 40 גרם,שולן צ'יקולטה גידה ס,TR,כיף כף פצפצים 40גר`,גרמים,40.00,100 גרם,false,,5.90,14.7500,true,1,25915
7290107932080,false,חלב מועשר יוטבתה בבקבוק 3% 1 ליטר,מחלבת יטבתה,IL,יטבתה חלב בבקבוק 3%,ליטרים,1.00,ליטר,false,,7.90,7.9000,true,1,26459
7290107932134,false,חלב מועשר יוטבתה בבקבוק 1% 1 ליטר,מחלבת יטבתה,IL,יטבתה חלב בבקבוק 1%,ליטרים,1.00,ליטר,false,,7.90,7.9000,true,1,26461
7290107934473,false,מארז 8 יח' אקטיביה יוגורט קרמי 1.5% שומן,דנונה - שטראוס,IL,אקטיביה מארז מיוחד 1,קילוגרמים,1.20,"ק""ג",false,,22.90,19.0833,true,1,26477
7290107936309,false,דנונה יוגורט 7% יווני לבן 130 ג',"שטראוס בריאות בע""מ",IL,דנונה יווני לבן 130,גרמים,130.00,100 גרם,false,,3.90,3.0000,true,1,26487
7290107936460,false,מארז 8 יח' דנכול משקה יוגורט בטעם מעודן,מיוצר עי קונדיטוריית,IL,דנכול בטעם מעודן 8יח,גרמים,800.00,100 גרם,false,,32.90,4.1125,true,1,26490
7290107936965,false,עיגולים עד חצות עם שוקולד חלב 225 גר,ביסקווטרי עוגיות סנט,FR,עד חצות עיגולים 225,גרמים,125.00,100 גרם,false,,15.90,12.7200,true,1,101027
7290107937542,false,משקה יוגורט אקטיביה עם תות 1.2% שומן,מיוצר עי קונדיטוריית,IL,משקה אקטיביה תות 1.2,מיליליטרים,265.00,"100 מ""ל",false,,5.50,2.0755,true,1,26495
7290107937627,false,מסטיק מאסט Must קוביות ללא סוכר בטעם מנטה עדינה,אסקום קונפקשיין,IL,צנצנת קוביות ספירמינ,גרמים,58.00,100 גרם,false,,11.90,20.5172,true,1,25957
7290107937634,false,צנצנית מסטיק מאסט קוביות פפירמינט 58 ג' עלית,אסקום קונפקשיין,IL,צנצנת קוביות פפירמינ,גרמים,58.00,100 גרם,false,,11.90,20.5172,true,1,25958
7290107937641,false,מסטיק בצנצנת קוביות בזוקה 58 ג',אסקום קונפקשיין,IL,צנצנת קוביות בזוקה 5,גרמים,58.00,100 גרם,false,,11.90,20.5172,true,1,25959
7290107937856,false,קפסולות 11חזק למכונות נספרסו עלית 10יח',הנסיך- מפעל לייצור ט,IL,עלית קפסולות בטעם נס,גרמים,50.00,100 גרם,false,,19.90,39.8000,true,1,25962
7290107938396,false,"אקטימל משקה פרוביוטי תות 100X8 מ""ל",מיוצר עי קונדיטוריית,IL,דנונה Actimel בנים ב,גרמים,864.00,100 גרם,false,,23.90,2.7662,true,1,26501
7290107940030,false,"חומוס אחלה מופחת שומן 650 גרם ""אחלה""",שטראוס גרופ,IL,חומוס אחלה 650 גר,גרמים,650.00,100 גרם,false,,10.90,1.6769,true,1,26520
7290107940467,false,אקטיביה יוגורט 1.5% שומן 200 ג' דנונה,מיוצר עי קונדיטוריית,IL,דנונה אקטיביה יוגורט,גרמים,200.00,100 גרם,false,,4.50,2.2500,true,1,26528
7290107941259,false,"עדשים ירוקות מבושלות 475 גרם ""טעם הטבע",הורקסה לס לגונס דה ס,ES,עדשים ירוקות מבושלות,גרמים,475.00,100 גרם,false,,12.90,2.7158,true,1,26538
7290107941266,false,שעועית אדומה מבושלת 475 גר שטראוס,הורקסה לס לגונס דה ס,ES,שעועית אדומה מבושלת,גרמים,475.00,100 גרם,false,,15.90,3.3474,true,1,26539
7290107941273,false,"חומוס מבושל 475 גרם ""טעם הטבע",הורקסה לס לגונס דה ס,ES,חומוס מבושל 475 גרם,גרמים,475.00,100 גרם,false,,12.90,2.7158,true,1,26540
7290107943192,false,"שמנת חמוצה מהערבה 27% שומן 200 מ""ל יטבתה",מחלבת יטבתה,IL,יטבתה שמנת 27% 200מ,מיליליטרים,200.00,"100 מ""ל",false,,4.50,2.2500,true,1,101061
7290107943369,false,קוואקר שיבולת שועל ללא גלוטן 511 גרם,היידי שוקולד בירונטי,US,שיבולת שועל ללא גלוט,גרמים,511.00,100 גרם,false,,20.90,4.0900,true,1,99214
7290107944472,false,סימפוניה גבינה במרקם שמנת 5% שום שמיר,"שטראוס בריאות בע""מ",IL,סימפוניה 5% שום שמיר,גרמים,200.00,100 גרם,false,,12.90,6.4500,true,1,26560
7290107945165,false,קונפיטורת יד מרדכי משמש 340 גר,אף.סי תבליני בגליל ב,IL,יד מרדכי קונפיטורת מ,גרמים,340.00,100 גרם,false,,14.90,4.3824,true,1,61862
7290107950190,false,מעדן חלב דל קלוריות בטעם שוקולד מריר 0.5% שומן,מיוצר עי קונדיטוריית,IL,מעדן דיאט שוקולד מרי,גרמים,130.00,100 גרם,false,,3.90,3.0000,true,1,26570
7290107950206,false,מעדן שטראוס דיאט 0% שוקולד 130ג',מיוצר עי קונדיטוריית,IL,מעדן דיאט שוקולד % 0,גרמים,130.00,100 גרם,false,,3.90,3.0000,true,1,26571
7290107951104,false,בפלות ופלים ארוכים בטעם שוקולד,"א.ג. גילרו בע""מ",IL,בפלות 200 גרם שוקולד,גרמים,200.00,100 גרם,false,,5.90,2.9500,true,1,25999
7290107951715,false,צנצנת מסטיק מאסט קוביות בטעם ענבים 58 ג' עלית,אסקום קונפקשיין,IL,מאסט צנצנת קוביות ענ,גרמים,58.00,100 גרם,false,,11.90,20.5172,true,1,60995
7290107953559,false,קפה טורקי עלית לדרך שקיות 24X7ג',הנסיך- מפעל לייצור ט,IL,קפה טורקי לדרך 168 ג,גרמים,168.00,100 גרם,false,,20.90,12.4405,true,1,26011
7290107954709,false,"קונפיטורת פירות יער ""יד מרדכי"" 340 גר'",יד מרדכי,,יד מרדכי קונפיטורת פ,גרמים,340.00,100 גרם,false,,14.90,4.3824,true,1,86162
7290107956901,false,קפסולות בטעם אגוזים למכונות נספרסו 50 גר,שטראוס גרופ,IL,עלית קפסולות אספרסו,גרמים,150.00,100 גרם,false,,19.90,13.2667,true,1,105877
7290107956925,false,קפסולות 13 אוגנדה למכונת נספרסו עלית 10יח',שטראוס קפה בי.וי,IL,עלית קפסולות אוגנדה,גרמים,50.00,100 גרם,false,,19.90,39.8000,true,1,132387
7290107956932,false,קפסולות אספרסו אידונזיה למכונות 50 גר,שטראוס קפה בי.וי,IL,עלית קפסולות אידונזי,גרמים,50.00,100 גרם,false,,19.90,39.8000,true,1,101033
7290107957069,false,"מסטיק ע""למה ""בטעם אוכניות 66 גרם צנצנת ""עלית""","שטראוס גרופ בע""מ",IL,מסטיק עלמה בטעם אוכמ,גרמים,66.00,100 גרם,false,,11.90,18.0303,true,1,101034
7290107957076,false,"מסטיק ""עלמה"" בטעם ספירמנט 66 גרם צנצנת ""עלית""","שטראוס גרופ בע""מ",IL,מסטיק עמלה בטעם ספיר,גרמים,66.00,100 גרם,false,,11.90,18.0303,true,1,101035
7290107957991,false,מילקי CAKE מיניס קרם חלב בציפוי שוקולד חלב שקית 16X9ג',בובארד איטליה אס.פי.,IT,"מילקי מייניס 9*16 מ""",גרמים,144.00,100 גרם,false,,15.90,11.0417,true,1,128110
7290107958035,false,יוגורט במתיקות מעודנת 2% ללא תוספת סוכר- מארז 8 יח,דנונה - שטראוס,IL,8 דנונה מתיקות מעודנ,קילוגרמים,1.20,"ק""ג",false,,19.90,16.5833,true,1,105981
7290107973038,false,"סבון ידיים אקווריום 330 מ""ל ""פלמוליב""",הנסיך- מפעל לייצור ט,TR,סבון ידיים אקווריום,מיליליטרים,300.00,"100 מ""ל",false,,10.90,3.6333,true,1,25021
7290107973793,false,שימורי עגבניות שלמות 400 ג' מאסטר שף,פראנו אריקו ופיגלי ס,IT,עגבניות שלמות מאסטר,גרמים,400.00,100 גרם,false,,6.90,1.7250,true,1,25029
7290107973809,false,שימורי עגבניות קוביות 400 ג' מאסטר שף,פראנו אריקו ופיגלי ס,IT,קוביות עגבניות מאסטר,גרמים,400.00,100 גרם,false,,6.90,1.7250,true,1,25030
7290107973861,false,מאסטר שף עגבניות קצוצות דק שלישיה 400ג*3 כשלפ,קונסרזיו קאסאלאסקו ד,IT,עגבניות קצוצות דק מא,קילוגרמים,1.20,"ק""ג",false,,18.90,15.7500,true,1,25031
7290107974066,false,"עלי טורטיה קמח מלא 20ס""מ 8יח' מאסטר שף 320ג'",אלקאטי קורביישיסי גי,ES,עלי טורטיה קמח מלא מ,גרמים,320.00,100 גרם,false,,12.90,4.0313,true,1,25036
7290107974073,false,מנה עלי טורטיה קמח לבן מ.שף 20 סמ 320 גר,אלקאטי קורביישיסי גי,ES,עלי טורטיה קמח לבן מ,גרמים,320.00,100 גרם,false,,12.90,4.0313,true,1,25037
7290107974806,false,"אורז בסמטי 1 ק""ג מאסטר שף",דווה סינג שיהם סינג,IN,אורז בסמטי מאסטר שף,קילוגרמים,1.00,"ק""ג",false,,13.90,13.9000,true,1,25045
7290107974813,false,"אורז יסמין 1 ק""ג מאסטר שף",מאסטר שף,,אורז יסמין מאסטר שף,קילוגרמים,1.00,"ק""ג",false,,12.90,12.9000,true,1,25046
7290107976916,false,"סבון ידיים חלב זיתים 300 מ""ל ""פלמוליב""",פלמוליב Palmolive,IT,פלמוליב סבון ידיים ח,מיליליטרים,300.00,"100 מ""ל",false,,10.90,3.6333,true,1,88690
7290107978323,false,מאסטר שף איטריות דקיקות 400 גר,הדקלאים אגודת שיתופי,PL,איטריות דקיקות מאסטר,גרמים,400.00,100 גרם,false,,6.90,1.7250,true,1,87482
7290107978330,false,מאסטר שף איטריות דקות 400 גרם,הדקלאים אגודת שיתופי,PL,איטריות דקות מאסטר ש,גרמים,400.00,100 גרם,false,,6.90,1.7250,true,1,91718
7290107978347,false,מאסטר שף איטריות בינוניות 400 גר,הדקלאים אגודת שיתופי,PL,איטריות בינוניות מאס,גרמים,400.00,100 גרם,false,,6.90,1.7250,true,1,91690
7290107978453,false,חטיף בטעם גריל קראנצ,קראנצ'וס,IL,קראנצו'ס גריל 55 גרם,גרמים,55.00,100 גרם,false,,3.90,7.0909,true,1,95226
7290108070316,false,שקית 50בלונים פסטל מעורב,,,שקית 50 פסטל,יחידה,0.00,יחידה,false,,11.90,0.0000,true,1,37543
7290108074659,false,סוכריה טבעת הלו קיטי,,,סוכריה טבעת הלו קיטי,יחידה,0.00,יחידה,false,,5.50,0.0000,true,1,122014
7290108350180,false,סנו סושי מפיות מודפסות 100 יח',חי מוצרי נייר בעמ,IL,סנו סושי מפיות מודפס,יחידה,0.00,יחידה,false,,8.90,0.0000,true,1,34190
7290108350203,false,כריות קרצוף אקסטרה חזקות עם ספוג מקציף - 6 יח',סנו סושי,IT,כריות קרצוף עם ספוג,יחידה,0.00,יחידה,false,,11.10,0.0000,true,1,34192
7290108350210,false,סנו סושי 30 שקיות אשפה XL חזקות במיוחד,מיוצר עי קונדיטוריית,IL,סושי שקיות אקסטרא חז,יחידה,0.00,יחידה,false,,26.90,0.0000,true,1,34193
7290108350258,false,סופט נייר טואלט גליל ארוך 12 גלילים=36,מפעלי ברונוס בעמ,IL,סנו סופט נייר טואלט,מטרים,180.00,מטר,false,,44.90,0.2494,true,1,34194
7290108350531,false,סנו ספארק נוזל כלים בניחוח קלאסי עם משאבה 1 ל',מיוצר עי קונדיטוריית,IL,סנו ספארק משאבה בניח,ליטרים,1.00,ליטר,false,,12.90,12.9000,true,1,34198
7290108350555,false,נוזל כלים סנו ספארק Spark היפואלרגני פריחת השקד,סנו ספארק,IL,סנו ספארק משאבה בניח,ליטרים,1.00,ליטר,false,,12.90,12.9000,true,1,34200
7290108350586,false,נוזל לניקוי כלים סנו ספארק Spark בניחוח לימון רענן,סנו ספארק,IL,ספארק נוזל כלים בניח,ליטרים,1.50,ליטר,false,,15.90,10.6000,true,1,34202
7290108350616,false,סנו - מקסימה מרכך כביסה מרוכז פריחה כחולה 1 ליטר,"סנו מפעלי ברונוס בע""",IL,מרכך כביסה מקסימה סו,יחידה,0.00,יחידה,false,,18.90,0.0000,true,1,34205
7290108351156,false,סנו - ג'ט לניקוי כללי ורצפות בתוספת חומץ 1.5 ליטר,"סנו מפעלי ברונוס בע""",IL,סנו ג`ט פלוס לניקוי,יחידה,0.00,יחידה,false,,14.90,0.0000,true,1,34228
7290108351590,false,"סנופרש הום בלו בלוסון בניחוח מרכך כביסה 350 מ""ל",סנו פרש Fresh,IL,סנו פרש BLUE BLOSSOM,מיליליטרים,350.00,"100 מ""ל",false,,12.90,3.6857,true,1,89240
7290108351811,false,מקסימה מרכך כביסה סופר מרוכז פלור טאצ' 1 ליטר,מיוצר עי קונדיטוריית,IL,סנו מקסימה מרכך כביס,יחידה,0.00,יחידה,false,,18.90,0.0000,true,1,161077
7290108351996,false,"חיטוי בייבי 99.9% לחיטוי וניקוי בסביבת תינוקות 750 מ""ל",החברה הדרומית,IL,מתז בייבי 99.9% לחיט,מיליליטרים,750.00,"100 מ""ל",false,,16.90,2.2533,true,1,142538
7290108352207,false,מקסימה קפסולות לכביסה פלורל 40 יחידות,טרופיקל דגיל תעשיות,IL,קפס' כביסה בניחוח פל,גרמים,840.00,100 גרם,false,,44.90,5.3452,true,1,231714
7290108352276,false,מטליות לחיטוי ולניקוי רצפות 70*40 + פתח למגב,"סנו מפעלי ברונס בע""מ",IL,מטליות לחיטוי ולניקו,יחידה,0.00,יחידה,false,,16.90,0.0000,true,1,221485
7290108352290,false,שלישיית מטליות לחיטוי ולניקוי יסודי לחדר האמבטיה סדרת 99.9%,מיוצר עי קונדיטוריית,IL,שלישיית מטליות לחיטו,יחידה,0.00,יחידה,false,,24.90,0.0000,true,1,221471
7290108352535,false,סנו - מקסימה דפי בישום לחים למייבש הכביסה בניחוח מרכך כביסה,סנו מקסימה,IL,דפי בישום לחים למייב,יחידה,0.00,יחידה,false,,14.90,0.0000,true,1,362087
7290108352672,false,מטלית הפלא לריצפה סנו סושי זוג,סנו מפעלי ברונוס.,CN,סנו סושי זוג מטלית ה,יחידה,0.00,יחידה,false,,20.90,0.0000,true,1,89661
7290108352689,false,סנו סושי כריות קרצוף ללכלוך קשה 9 יח',טרופיקל דגיל תעשיות,US,כריות קרצוף ללכלוך ק,יחידה,0.00,יחידה,false,,10.90,0.0000,true,1,34236
7290108352702,false,מגבוני טואלט לחים סנו סופט בוב ספוג שלישיה,סנו סופט Soft,IL,שלישיית מגבוני טואלט,יחידה,0.00,יחידה,false,,18.90,0.0000,true,1,34237
7290108352801,false,"שקיות אשפה S לפחים קטנים 56*45 ס""מ בניחוח עדין","סנו מפעלי ברונוס בע""",IL,סנו סושי 100 שקיות א,יח',100.00,יח',false,,24.00,0.2400,true,1,123875
7290108352825,false,ספוג הפלא נירוסטה סנו סושי 3יח',s.k.a.t ltdסנו מפעלי,IL,סנו סושי-ספוג הפלא נ,יח',3.00,יח',false,,11.90,3.9667,true,1,126156
7290108352900,false,"סנו סושי מגבות נייר בגליל כפול, 6 יחידות",סנו מפעלי ברונוס בעמ,IL,סנו סושי מגבות נייר,יחידה,0.00,יחידה,false,,22.90,0.0000,true,1,144205
7290108353006,false,סנו סושי - שקיות אוכל נקשרות 250 יחידות XL,מיוצר עי קונדיטוריית,IL,סנו סושי 250 שקיות א,יחידה,0.00,יחידה,false,,14.90,0.0000,true,1,142569
7290108353099,false,ממחטות אף במארז ניילון סנו סופט 5 יח' * 100 דף,טרופיקל דגיל תעשיות,IL,סנו סופט 500 ממחטות,יחידה,0.00,יחידה,false,,14.90,0.0000,true,1,162435
7290108353549,false,נייר אפייה סנו סושי 100 יח,"טופ פלסט 2002 בע""מ",IL,נייר אפיה סנו סושי 1,יחידה,0.00,יחידה,false,,22.90,0.0000,true,1,200811
7290108353679,false,סנו סושי – ניילון שקופות 10 מפות,מיוצר עי קונדיטוריית,IL,סנו סושי 10 מפות ניי,יחידה,0.00,יחידה,false,,21.90,0.0000,true,1,221487
7290108353747,false,"תחליב רחצה אירוודה, בניחוח טונקה 600 מ""ל קרימה",החברה הדרומית,IL,קרמה תחליב רחצה ספא,מיליליטרים,600.00,"100 מ""ל",false,,20.90,3.4833,true,1,467170
7290108353761,false,"תחליב רחצה זן, בניחוח קשמיר 600 מ""ל קרימה",החברה הדרומית,IL,קרמה תחליב רחצה ספא,מיליליטרים,600.00,"100 מ""ל",false,,20.90,3.4833,true,1,467171
7290108353815,false,קרמה ספא תחליב רחצה מדיטציה בניחוח פצולי,החברה הדרומית,IL,קרמה תחליב רחצה ספא,מיליליטרים,600.00,"100 מ""ל",false,,20.90,3.4833,true,1,467172
7290108354225,false,"סנו מדיק היגניק ג'ל לניקוי ידיים 100 מ""ל",nantong health& beyo,IL,סנו מדיק ג'ל לניקוי,מיליליטרים,100.00,"100 מ""ל",false,,10.90,10.9000,true,1,258112
7290108354430,false,"שמפו כיף לשיקום והזנה שמן קוקוס וקרטין 700 מ""ל",קוסמופארם בעמ,IL,שמפו כיף לשיקום והזנ,מיליליטרים,700.00,"100 מ""ל",false,,13.90,1.9857,true,1,288126
7290108354447,false,"מרכך כיף לשיקום והזנה שמן קוקוס וקרטין 700 מ""ל",גוד פוד פרודקטס S.p,IL,מרכך כיף לשיקום והזנ,מיליליטרים,700.00,"100 מ""ל",false,,13.90,1.9857,true,1,288127
7290108354591,false,"תחליב רחצה בניחוח מי קקטוס ושמן באבאסו 750 מ""ל נקה 7","אמיליה קוסמטיקס בע""מ",IL,תחליב רחצה ביו נקה,מיליליטרים,750.00,"100 מ""ל",false,,12.90,1.7200,true,1,445246
7290108354607,false,"שמפו בניחוח מי קקטוס ושמן באבאסו 750 מ""ל נקה 7","אמיליה קוסמטיקס בע""מ",IL,שמפו ביו נקה 7 750 מ,מיליליטרים,750.00,"100 מ""ל",false,,12.90,1.7200,true,1,445229
7290108354614,false,"מרכך בניחוח מי קקטוס ושמן באבאסו 750 מ""ל נקה 7","אמיליה קוסמטיקס בע""מ",IL,מרכך לשיער ביו נקה 7,מיליליטרים,750.00,"100 מ""ל",false,,12.90,1.7200,true,1,445230
7290108354751,false,"סנו - ג'ט מרסס לניקוי כללי בתוספת אבקת סודה 750 מ""ל","סנו מפעלי ברונוס בע""",IL,מתז JET+בתוספת סודה,מיליליטרים,750.00,"100 מ""ל",false,,15.90,2.1200,true,1,135420
7290108354911,false,"שמפו, ג'ל רחצה וגילוח מועשר בתמצית אלוורה",טרופיקל דגיל תעשיות,IL,שמפו ג'ל רחצה וגילו,מיליליטרים,700.00,"100 מ""ל",false,,19.90,2.8429,true,1,228878
7290108355536,false,"קרמה - דאודורנט ספריי לאישה קרמה ורד וניל 150 מ""ל","אמיליה קוסמטיקס בע""מ",IL,דאודורנט ספריי ReFre,מיליליטרים,150.00,"100 מ""ל",false,,13.90,9.2667,true,1,352636
7290108355710,false,"קרליין בודי מיסט BLUE HEAVEN מתז 250 מ""ל",סנו,IL,בודי מיסט בלו הוון ק,מיליליטרים,250.00,"100 מ""ל",false,,42.90,17.1600,true,1,236717
7290108356151,false,"תחליב רחצה כיף מאסק יסמין 700 מ""ל",גוד פוד פרודקטס S.p,IL,תחליב רחצה מאסק יסמי,מיליליטרים,700.00,"100 מ""ל",false,,12.90,1.8429,true,1,134624
7290108356298,false,"כיף - מוס רחצה בניחוח קרם עוגיות 150 מ""ל",החברה הדרומית,IL,מוס רחצה בניחוח קרם,מיליליטרים,200.00,"100 מ""ל",false,,14.90,7.4500,true,1,361954
7290108356540,false,קרוליין 10 שמפו לשיער צבוע 700 מל,החברה הדרומית,IL,שמפו לשיער צבוע קרלי,מיליליטרים,700.00,"100 מ""ל",false,,14.90,2.1286,true,1,387618
7290108356595,false,"קרליין מרכך 10 לשיער צבוע 700 מ""ל",החברה הדרומית,IL,מרכך לשיער צבוע קרלי,מיליליטרים,700.00,"100 מ""ל",false,,14.90,2.1286,true,1,387637
7290108357233,false,סנוקליר מטליות לחות לניקוי והברקה 50יח,סנו קליר,IL,מטליות לחות לניקוי ו,יחידה,0.00,יחידה,false,,13.90,0.0000,true,1,402269
7290108357288,false,אקונומיקה ז'אוול בניחוח פריחה לבנה 4 ל' סנו,סנו ז'אוול Javel,IL,סנו ז'אוול בניחוח פר,ליטרים,4.00,ליטר,false,,17.90,4.4750,true,1,404079
7290108357660,false,סנובון שלישיה בניחוח לבנדר,סנו סנובון,IL,סנובון סבון ג'ל לאסל,גרמים,315.00,100 גרם,false,,18.90,6.0000,true,1,500216
7290108357707,false,"כיף שמפו לשיער רגיל- תפוח זרעי צ'יה 700 מ""ל",גוד פוד פרודקטס S.p,IL,שמפו לשיער רגיל תפוח,מיליליטרים,700.00,"100 מ""ל",false,,13.90,1.9857,true,1,136969
7290108357875,false,"כיף - שמפו לחות מוגברת עם אפרסק וחמאת מורומורו 700 מ""ל",החברה הדרומית,IL,שמפו לחות מוגברת אפר,מיליליטרים,700.00,"100 מ""ל",false,,13.90,1.9857,true,1,416124
7290108358070,false,"תחליב רחצה קרמה קלאסי 700 מ""ל",גוד פוד פרודקטס S.p,IL,קרמה תחליב רחצה קלאס,מיליליטרים,700.00,"100 מ""ל",false,,17.90,2.5571,true,1,270426
7290108358100,false,"פרש הום מקלות ריחניים לבית בניחוח בייבי 100 מ""ל",סנו fresh,IL,מקלות ריחניים לבית ב,מיליליטרים,100.00,"100 מ""ל",false,,21.90,21.9000,true,1,402547
7290108358117,false,"פרש הום מקלות ריחניים לבית בניחוח כביסה רעננה 100 מ""ל",החברה הדרומית,IL,מקלות ריחניים לבית ב,מיליליטרים,100.00,"100 מ""ל",false,,21.90,21.9000,true,1,402548
7290108358124,false,דפי בישום לחים למייבש הכביסה בניחוח מרכך כביסה 20 יח' מקסימה,סנו,IL,דפי בישום לחים למייב,יחידה,0.00,יחידה,false,,13.90,0.0000,true,1,500232
7290108359077,false,סנו - סופט לושן ממחטות אף בקופסא 3 שכבות 120 יח',סנו סופט Soft,IL,ממחטות אף בקופסא 3 ש,יחידה,0.00,יחידה,false,,14.90,0.0000,true,1,388949
7290108359091,false,כיסוי ניילון עם גומי 30 יח' L סנו סושי,סנו סושי,IL,סנו סושי כיסוי ניילו,יחידה,0.00,יחידה,false,,12.90,0.0000,true,1,488486
7290108359169,false,"תבנית אלומיניום עגולה 628 ס""מ יחי סנו סושי",סנו,IL,סנו סושי-6 תבניות אל,יחידה,0.00,יחידה,false,,12.90,0.0000,true,1,485091
7290108359183,false,שקית אשפה חזקות 70*50 60 יח' סנו סושי,סנו סושי,IL,שקיות אשפה L עם ידי,יחידה,0.00,יחידה,false,,24.90,0.0000,true,1,484227
7290108359190,false,סנו סושי מגבות נייר בגליל כפול פי 3,סנו סושי,IL,סנו סושי מגבות הפלא,יחידה,0.00,יחידה,false,,27.90,0.0000,true,1,504684
7290108359985,false,סנו - ז'אוול מרסס קצף לניקוי וחינו בניחוח פריחה לבנה 1 ליטר,סנו ז'אוול Javel,IL,אקונומיקה מרסס עם ממ,ליטרים,1.00,ליטר,false,,19.90,19.9000,true,1,404175
7290108500677,false,כבד דג שיבוט בשמן דג וילי פוד 115 גרם,"איטיליאן פוד, אס.פי.",IS,כבד דג שיבוט בשמן וי,גרמים,115.00,100 גרם,false,,10.90,9.4783,true,1,5045
7290108501360,false,גבינת צ'דר בשלה MATURED ORANGE,Wyke Farms,,גבינת צ'דר בשלה 200,גרמים,200.00,100 גרם,false,,24.90,12.4500,true,1,107115
7290108501490,false,גבינה מוצרלה פרוסות ו.פוד 150ג',ליטא,DE,גבינה מוצרלה פרוסות,גרמים,150.00,100 גרם,false,,16.90,11.2667,true,1,107130
7290108501971,false,חטיף בוטנים ומשמש הפי נאטס מארז 35X4ג',ואמראליס,GR,חטיף שקדים ומשמש HAP,גרמים,140.00,100 גרם,false,,13.90,9.9286,true,1,124354
7290108502305,false,גבינת גרדה פדנו משולש 150 גר`וילי פוד,וילי פוד,IT,גבינת גרנה פדנו משול,גרמים,150.00,100 גרם,false,,19.90,13.2667,true,1,132727
7290108502336,false,גבינת גורגונזולה איטלקית 150 גרם 29% שומן,איגור SRL,IT,גבינת גורגונזולה איט,גרמים,150.00,100 גרם,false,,25.90,17.2667,true,1,128007
7290108502381,false,בסיסים להכנת פיצה קוטר 26 וילי פוד 480ג',מוטלוקל גידה סאנאי ט,TR,תחתיות לפיצה קוטר 26,יחידה,0.00,יחידה,false,,12.90,0.0000,true,1,135305
7290108502541,false,גבינת שמנת בטעם טבעי 22% שומן,Euro יורו מחלבות אירופה,TR,גבינת שמנת טעם טבעי,גרמים,200.00,100 גרם,false,,13.90,6.9500,true,1,130394
7290108502763,false,גבינת קממבר יורו 200,פטוראז',FR,גבינה קממבר 200 גרם,גרמים,200.00,100 גרם,false,,22.90,11.4500,true,1,127994
7290108502862,false,מלפפונים כבושים במלח 18-25 קטנים מאוד 600 גר,זיתור סאן גירה סני ו,TR,מלפפונים כבושים במלח,גרמים,600.00,100 גרם,false,,12.90,2.1500,true,1,135306
7290108503043,false,תפוחונים חטיף פלחים מיובשים מארז 22X4ג',ינטאי זונגקאן פוד קו,CN,מארז רביעייה תפוחוני,גרמים,88.00,100 גרם,false,,14.90,16.9318,true,1,134349
7290108503067,false,פרמזנו משולש ויליפוד,וילי פוד,IT,פרמז'נו משולש 150 גר,גרמים,150.00,100 גרם,false,,17.90,11.9333,true,1,132728
7290108503791,false,ניוקי תפוח אדמה 3 צבעים 500 גרם (ללא גלוטן),סיימה אלימנטרי,IT,ניוקי תפוחי אדמה 3 צ,גרמים,500.00,100 גרם,false,,13.90,2.7800,true,1,297396
7290108503982,false,פרוסות גבינה בטעם צ'דר לכריכים וטוסטים 150 גרם,סנטרל קסרה,ES,פרוסות גבינה בטעם צ',גרמים,150.00,100 גרם,false,,13.90,9.2667,true,1,141551
7290108504934,false,"דפי אורז למילוי 22 ס""מ 300 גרם בית יוסף",וילי פוד - מנת השף,,דפי אורז למילוי קוטר,גרמים,300.00,100 גרם,false,,13.90,4.6333,true,1,408306
7290108505153,false,יוגורט בטעם טבעי 150 גרם 10% שומן,דלתא פודס,GR,יוגורט יווני בטעם טב,גרמים,150.00,100 גרם,false,,5.90,3.9333,true,1,234934
7290108505160,false,יוגורט עם אגסים 150 גרם 4% שומן,Euro יורו מחלבות אירופה,GR,יוגורט יווני עם אגסי,גרמים,150.00,100 גרם,false,,5.90,3.9333,true,1,234935
7290108505177,false,יוגורט עם אננס 150 גרם 0% שומן,דלתא פודס,GR,יוגורט יווני עם אננס,גרמים,150.00,100 גרם,false,,5.90,3.9333,true,1,234936
7290108505184,false,יוגורט עם קוקוס 5% שומן 150 גרם,Euro יורו מחלבות אירופה,GR,יוגורט יווני עם קוקו,גרמים,150.00,100 גרם,false,,5.90,3.9333,true,1,234937
7290108505191,false,יוגורט עם פצפוצי שוקולד 5% שומן 150 גרם,Euro יורו מחלבות אירופה,GR,י.יווני עם פצפוצי שו,גרמים,150.00,100 גרם,false,,5.90,3.9333,true,1,234938
7290108505207,false,יוגורט ען אוכמניות 0% שומן 150 גרם,Euro יורו מחלבות אירופה,GR,יוגורט יווני עם אוכמ,גרמים,150.00,100 גרם,false,,5.90,3.9333,true,1,234939
7290108505214,false,יוגורט עם אפרסק 150 גרם 0% שומן,Euro יורו מחלבות אירופה,GR,יוגורט יווני עם אפרס,גרמים,150.00,100 גרם,false,,5.90,3.9333,true,1,234940
7290108505719,false,גבינת מוצרלה מגורדת 25% שומן 200 גרם,יורו צ'יז Euro Cheese,TR,גבינת מוצרלה מגורדת,גרמים,200.00,100 גרם,false,,17.90,8.9500,true,1,234687
7290108505726,false,אצבעות-גבינה חצי קשה 25% שומן 200 גרם,סאסו פטוראגס קומטויס,TR,אצבעות גבינה חצי קשה,גרמים,200.00,100 גרם,false,,17.90,8.9500,true,1,234688
7290108505733,false,צמות-גבינה חצי קשה 25% שומן 200 גרם,אונטד גידה,TR,צמות גבינה חצי קשה 2,גרמים,200.00,100 גרם,false,,17.90,8.9500,true,1,234689
7290108505740,false,גבינת קשקבל חצי קשה 25% שומן 200 גרם,Euro יורו מחלבות אירופה,TR,גבינת קשקבל חצי קשה,גרמים,200.00,100 גרם,false,,17.90,8.9500,true,1,234690
7290108507058,false,ביסקויט פריך בשוקולד חלב 100 גרם -קהילות,מודרן צ'יקולטה,TR,ביסקויט פריך בשוקולד,גרמים,100.00,100 גרם,false,,7.90,7.9000,true,1,397912
7290108507065,false,גבינת פרמג'יאנו רג'יאנו מגורדת 100 גרם,זנאתי,IT,גבינת פרמגיאנו רגיאנ,גרמים,100.00,100 גרם,false,,17.90,17.9000,true,1,299834
7290108507645,false,ביסקויט פריך בשוקולד מריר 100 גרם -קהילות,מודרן צ'יקולטה,TR,ביסקויט פריך בשוקולד,גרמים,100.00,100 גרם,false,,7.90,7.9000,true,1,397913
7290108507652,false,ביסקויט פריך בשוקולד לבן 100 גרם -קהילות,מודרן צ'יקולטה,TR,ביסקויט פריך בשוקולד,גרמים,100.00,100 גרם,false,,7.90,7.9000,true,1,397914
7290108508161,false,ספגטי ללא גלוטן 400 גרם חתם סופר,,,ספגטי ללא גלוטן 400,גרמים,400.00,100 גרם,false,,10.90,2.7250,true,1,290440
7290108508499,false,"איירן משקה יוגורט בסגנון טורקי יורו 293 מ""ל",Euro יורו מחלבות אירופה,TR,משקה יוגורט בסגנון ט,גרמים,293.00,100 גרם,false,,5.90,2.0137,true,1,299787
7290108509106,false,"גבינה בולגרית מעודנת בקוביות 13% שומן 200 ג' חת""ס פ""ת",קוליוס,TR,גבינה בולגרית מעודנת,גרמים,200.00,100 גרם,false,,13.90,6.9500,true,1,330306
7290108509113,false,"גבינה בולגרית מעודנת 18% שומן 250 גרם חת""ס פ""ת",Euro יורו מחלבות אירופה,TR,גבינה בולגרית מעודנת,גרמים,250.00,100 גרם,false,,13.90,5.5600,true,1,322624
7290108509205,false,ויליפוד חטיף אורז אפוי בטעם טבעי לתינוקות 50 גר',נמצ'או,TH,חטיף אורז אפוי לתינו,גרמים,50.00,100 גרם,false,,12.90,25.8000,true,1,383770
7290108509250,false,"אנטיפסטי ארטישוק+עגבניות מיובשות וצלפים בשמן חמניות 380 מ""ל",קוסרבה בונטו,IT,אנטיפסטי ארטישוק עג,גרמים,580.00,100 גרם,false,,22.90,3.9483,true,1,317292
7290108509267,false,ארוחת פסטה עם רוטב גבינה 206 גרם,הנסיך- מפעל לייצור ט,UA,ארוחת פסטה עם רוטב ג,גרמים,206.00,100 גרם,false,,8.90,4.3204,true,1,335111
7290108509618,false,זיתים ירוקים על הגריל מגולענים במרינדה 730 גרם,,TR,זיתים ירוקים על הגרי,גרמים,730.00,100 גרם,false,,24.90,3.4110,true,1,351012
7290108509625,false,זיתים ירוקים ופלפל על הגריל מגולענים במרינדה 730 גרם,,TR,זיתים ירוקים ופלפל,גרמים,730.00,100 גרם,false,,24.90,3.4110,true,1,351027
7290108509816,false,גבינת בייבי מוצרלה 22 שומן 22% 200 גרם,אונטד גידה,TR,גבינת בייבי מוצרלה 2,גרמים,200.00,100 גרם,false,,16.90,8.4500,true,1,355598
7290108509939,false,פרוסות פילה טונה בשמן זית כתית מעולה,וילי פוד,,פרוסות פילה טונה 120,גרמים,120.00,100 גרם,false,,13.90,11.5833,true,1,383844
7290109351025,false,מלך החומוס חומוסטחינה 40% טחינה גולמית,לחמנו,IL,מלך החומוס חומוס טחי,גרמים,400.00,100 גרם,false,,14.90,3.7250,true,1,23552
7290109351971,false,פריכיות דגנים פיטנס מצופות שוקולד חלב,פרח תעשיות,IL,בר פריכיות שוקולד חל,גרמים,84.00,100 גרם,false,,15.90,18.9286,true,1,23556
7290109352916,false,פריכיות דגנים פיטנס מצופות שוקולד לבן,פרח תעשיות,IL,בר פריכיות שוקולד לב,גרמים,84.00,100 גרם,false,,15.90,18.9286,true,1,23559
7290109353272,false,פסטה ספגטי עתירה בסיבים תזונתיים Perfecto,אסם פרפקטו Perfecto,IT,ספגטי עתיר בסיבים פר,גרמים,500.00,100 גרם,false,,7.90,1.5800,true,1,23099
7290109354057,false,קרחון לה פרוטה שרבט אננס תפוז מאגדת 5 יח',תות תעשיות מזון (201,IL,"מאגדת 5 י""ח לה פרוטה",גרמים,350.00,100 גרם,false,,29.90,8.5429,true,1,18465
7290109354101,false,"לחמית ללא גלוטן 200 גר' ""אסם""","אסם תעשיות בע""מ",IL,לחמית ללא גלוטן 200,גרמים,200.00,100 גרם,false,,11.90,5.9500,true,1,83709
7290109354996,false,פתי בר ללא גלוטן שוקו 200 גרם אסם,מיוצר עי קונדיטוריית,IL,אסם פתי בר ללא גלוטן,גרמים,200.00,100 גרם,false,,12.90,6.4500,true,1,23114
7290109358765,false,דגני בוקר קראנץ' רולס נוגט 450 גרם,"אסם תעשיות בע""מ",IL,דגני קראנץ' רולס נוג,גרמים,450.00,100 גרם,false,,29.90,6.6444,true,1,74862
7290109580043,false,"שניצל תירס קלאסי זוגלובק 1.75 ק""ג",זוגלובק,IL,זוגלובק שניצל תירס 1,קילוגרמים,1.75,"ק""ג",false,,49.90,28.5143,true,1,267723
7290109580067,false,"טחון וונדרס 0% בשר , טבעוני",זוגלובק וונדרס Wonders,IL,טחון מן הצומח וונדרס,גרמים,340.00,100 גרם,false,,35.90,10.5588,true,1,298230
7290109580104,false,זוגלובק פרימיום רוסטביף 150 גרם,זוגלובק,IL,רוסטביף זוגלובק פרמי,גרמים,150.00,100 גרם,false,,27.90,18.6000,true,1,299602
7290109580111,false,"צלעות אסאדו מעושנות פרימיום, 120 גרם",זוגלובק,IL,צלעות אסאדו מעושנות,גרמים,180.00,100 גרם,false,,27.90,15.5000,true,1,402062
7290109580135,false,קורנדביף פרימיום 180 גרם זוגלובק,זוגלובק,IL,קורנדביף זוגלובק פרמ,גרמים,180.00,100 גרם,false,,27.90,15.5000,true,1,299604
7290109580159,false,זוגלובק פרימיום פסטרמה בנוסח טוסקנה 200,זוגלובק,IL,פסטרמה בנוסח טוסקנה,גרמים,180.00,100 גרם,false,,27.90,15.5000,true,1,299605
7290109580166,false,סרוולד קלאסי פרימיום 150 גרם זוגלובק,זוגלובק,IL,סרוולד קלאסי זוגלובק,גרמים,150.00,100 גרם,false,,27.90,18.6000,true,1,299606
7290109580210,false,נקנקיות ריינהולד'ס הצרפתיה זוגלובק 300 ג',זוגלובק,IL,נקנקיות ריינהולד'ס,גרמים,300.00,100 גרם,false,,22.90,7.6333,true,1,379408
7290109580227,false,נקניקיות עוף ובקר בסגנון ברלינאי קאריוורסט,זוגלובק,IL,נקנקיות ריינהולד'ס ק,גרמים,300.00,100 גרם,false,,22.90,7.6333,true,1,379409
7290109580241,false,נאגטס מן הצומח זוגלובק 500 גרם,זוגלובק טבע,IL,נאגטס מן הצומח זוגלו,גרמים,500.00,100 גרם,false,,27.90,5.5800,true,1,445168
7290109580432,false,פסטרמה חזה הודו מעושן 120 גר' זוגלובק,זוגלובק,IL,פסטרמה אקסטרה מעושנת,גרמים,120.00,100 גרם,false,,14.90,12.4167,true,1,445383
7290109640198,false,מגורדת לפיצה ולאפיה 20% שומן 200 גרם - משומשו,וי גרדן,IL,מגורדת לפיצה ואפייה,גרמים,200.00,100 גרם,false,,20.90,10.4500,true,1,132134
7290109640464,false,משומשו פתיתים טבעוניים סגנון פרמז'ן 200 גר,"טרופיקל דגיל בע""מ אז",IL,פתיתים טבעוניים בסגנ,גרמים,150.00,100 גרם,false,,20.90,13.9333,true,1,354370
7290109923147,false,אסטוניש מהדורה פרימיום פלא של אקונומיקה,יעקבי- אסטוניש Astonish,GB,אסטוניש מרסס פלא של,מיליליטרים,750.00,"100 מ""ל",false,,14.90,1.9867,true,1,453695
7290110110277,false,"סומרסבי סיידר תפוחים אלכוהולי 4*300 מ""ל","קרלסברג קרואטיה , יב",IL,רביעיית סמרסבי סיידר,ליטרים,1.32,ליטר,false,,39.00,29.5455,true,1,123059
7290110110369,false,שישיית בירה קרלסברג LUMA בקבוק 330 מל,מבשלות בירה בינלאומי,IL,שישיית בירה קרלסברג,ליטרים,1.98,ליטר,false,,37.70,19.0404,true,1,238734
7290110110659,false,"ספרייט לימון ליים פחית 330מ""ל",החברה המרכזית לייצור,IL,סליק ספרייט חדש 330,מיליליטרים,330.00,"100 מ""ל",false,,5.70,1.7273,true,1,114369
7290110111564,false,"משקה ספורט איזוטוני בטעם הדרים ליין 500 מ""ל פאוורייד",פאווראייד POWERADE,IT,משקה ספורט איזוטוני,מיליליטרים,500.00,"100 מ""ל",false,,10.90,2.1800,true,1,419009
7290110114787,false,נביעות+ מים מינרליים בטעם תפוח 1.5 ליטר,נביעות טבע הגליל בעמ,IL,נביעות + תפוח 1.5 לי,ליטרים,1.50,ליטר,false,,10.90,7.2667,true,1,366342
7290110114794,false,נביעות+ מים מינרליים בטעם אפרסק 1.5 ליטר,"נביעות טבע הגליל בע""",IL,נביעות + אפרסק 1.5 ל,ליטרים,1.50,ליטר,false,,10.90,7.2667,true,1,366358
7290110114800,false,נביעות+ מים מינרליים בטעם ענבים 1.5 ליטר,פארייפאבה אגרואינדוס,IL,נביעות + ענבים 1.5 ל,ליטרים,1.50,ליטר,false,,10.90,7.2667,true,1,366359
7290110114855,false,"נביעות מים מינרליים, שישיה 6 * 1.5 ליטר פקדון",נביעות טבע הגליל בעמ,IL,מי נביעות שישייה 1.5,ליטרים,9.00,ליטר,false,,14.90,1.6556,true,1,366389
7290110114893,false,פריגת סחוט טרי תפוז 2 ליטר,היינץ צפון אמריקה מק,IL,פריגת סחוט תפוזים 2,ליטרים,2.00,ליטר,false,,30.30,15.1500,true,1,366231
7290110114916,false,פריגת סחוט לימון נענע 2 ליטר,פריגת מצוננים,IL,פריגת סחוט לימונענע,ליטרים,2.00,ליטר,false,,30.30,15.1500,true,1,366264
7290110114954,false,מיץ תפוזים מתקתקים 100% 2 ל' פריגת,פריגת מצוננים,IL,מיץ תפוזים מתקתק 100,ליטרים,2.00,ליטר,false,,24.20,12.1000,true,1,366265
7290110114961,false,משקה קל תפוזים פריגת 1.5 ליטר,מבשלות בירה בינלאומי,IL,פריגת תפוזים 1.5 ליט,ליטרים,1.50,ליטר,false,,9.90,6.6000,true,1,366418
7290110114985,false,משקה קל אשכולית פריגת 1.5 ליטר,מבשלות בירה בינלאומי,IL,פריגת אשכולית 1.5 לי,ליטרים,1.50,ליטר,false,,9.90,6.6000,true,1,366420
7290110115005,false,משקה קל ענבים פריגת 1.5 ליטר,מבשלות בירה בינלאומי,IL,פריגת ענבים 1.5 ליטר,ליטרים,1.50,ליטר,false,,9.90,6.6000,true,1,366464
7290110115036,false,פריגת מנגו 1.5 ליטר פיקדון,מבשלות בירה בינלאומי,IL,פריגת מנגו 1.5 ליטר,ליטרים,1.50,ליטר,false,,9.90,6.6000,true,1,366495
7290110115043,false,פריגת לימונענע 1.5 ליטר פיקדון,מבשלות בירה בינלאומי,IL,פריגת לימונענע 1.5 ל,ליטרים,1.50,ליטר,false,,9.90,6.6000,true,1,366496
7290110115050,false,פריגת מיקס תות בננה 1.5 ליטר פיקדון,מבשלות בירה בינלאומי,IL,פריגת מיקס תות בננה,ליטרים,1.50,ליטר,false,,9.90,6.6000,true,1,366512
7290110115180,false,מים מינרליים נביעות,"נביעות טבע הגליל בע""",IL,נביעות 1.5 ליטר,ליטרים,1.50,ליטר,false,,4.20,2.8000,true,1,381828
7290110115203,false,קוקה קולה 1.5 ליטר פיקדון,קוקה קולה Coca Cola,IL,קוקה קולה 1.5 ליטר,ליטרים,1.50,ליטר,false,,9.50,6.3333,true,1,366607
7290110115210,false,דיאט קוקה קולה 1.5 ליטר פיקדון,קוקה קולה Coca Cola,IL,דיאט קוקה קולה 1.5 ל,ליטרים,1.50,ליטר,false,,9.90,6.6000,true,1,366608
7290110115227,false,קוקה-קולה זירו בקבוק 1.5 ליטר,קוקה קולה Coca Cola,IL,קוקה קולה זירו בקבוק,ליטרים,1.50,ליטר,false,,9.90,6.6000,true,1,366609
7290110115234,false,קוקה-קולה זירו נטול בקבוק 1.5 ליטר,החברה המרכזית לייצור,IL,קולה ZERO נטול 1.5 ל,ליטרים,1.50,ליטר,false,,9.90,6.6000,true,1,366610
7290110115241,false,קוקה-קולה זירו לימון בקבוק 1.5 ליטר,החברה המרכזית לייצור,IL,קולה ZERO לימון 1.5,ליטרים,1.50,ליטר,false,,9.90,6.6000,true,1,366611
7290110115265,false,ספרייט לימון ליים 1.5 ליטר-,החברה המרכזית לייצור,IL,ספרייט 1.5 ליטר LIME,ליטרים,1.50,ליטר,false,,9.00,6.0000,true,1,366675
7290110115272,false,ZERO ספרייט 1.5 ליטר פיקדון,החברה המרכזית לייצור,IL,ספרייט זירו 1.5 ליטר,ליטרים,1.50,ליטר,false,,9.90,6.6000,true,1,366676
7290110115296,false,משקה מוגז אורנג' פאנטה 1.5 ליטר,החברה המרכזית לייצור,IL,פאנטה אורנג' 1.5 ליט,ליטרים,1.50,ליטר,false,,10.50,7.0000,true,1,366722
7290110115302,false,משקה מוגז אורנג' זירו פאנטה 1.5 ליטר,החברה המרכזית לייצור,IL,פאנטה זירו בטעם אורנ,ליטרים,1.50,ליטר,false,,10.50,7.0000,true,1,366723
7290110115319,false,פאנטה אקזוטיק 1.5 ליטר פיקדון,החברה המרכזית לייצור,IL,פאנטה אקזוטיק 1.5 לי,ליטרים,1.50,ליטר,false,,10.50,7.0000,true,1,366740
7290110115357,false,קינלי סודה 1.5 ליטר פיקדון,קריות זול,IL,קינלי סודה 1.5 ליטר,ליטרים,1.50,ליטר,false,,5.50,3.6667,true,1,366772
7290110115364,false,שישייה קוקה קולה 1.5 ליטר פיקדון,החברה המרכזית לייצור,IL,קוקה קולה 6*1.5 ליטר,ליטרים,9.00,ליטר,false,,52.90,5.8778,true,1,366627
7290110115371,false,דיאט קוקה קולה שישיות 1.5 ליטר פיקדון,החברה המרכזית לייצור,IL,קוקה קולה דיאט 6*1.,ליטרים,9.00,ליטר,false,,50.70,5.6333,true,1,366628
7290110115395,false,ZERO ספרייט שישיות 1.5 ליטר פיקדון,החברה המרכזית לייצור,IL,ספרייט זירו 6* 1.5 ל,ליטרים,9.00,ליטר,false,,50.70,5.6333,true,1,366707
7290110115401,false,קינלי סודה שישייה 1.5 ליטר פיקדון,החברה המרכזית לייצור,IL,קינלי סודה 6*1.5 ליט,ליטרים,9.00,ליטר,false,,16.90,1.8778,true,1,377127
7290110115418,false,מארז שישייה קוקה קולה זירו 1.5 ל',החברה המרכזית לייצור,IL,קוקה קולה זירו שישיי,ליטרים,9.00,ליטר,false,,49.90,5.5444,true,1,366629
7290110115449,false,אייס תה בטעם מנגו אננס 1.5ל' FUZE TEA,מבשלות בירה בינלאומי,IL,פיוז טי מנגו אננס 1.,ליטרים,1.50,ליטר,false,,10.50,7.0000,true,1,366790
7290110115456,false,"תה קר בטעם אפרסק 19 קלוריות ב- 100 מ""ל",מבשלות בירה בינלאומי,IL,פיוז טי אפרסק 19 קל,ליטרים,1.50,ליטר,false,,10.50,7.0000,true,1,366791
7290110115463,false,פיוז טי אפרסק 1.5 ליטר פיקדון,מבשלות בירה בינלאומי,IL,פיוז טי אפרסק 1.5 לי,ליטרים,1.50,ליטר,false,,10.50,7.0000,true,1,366792
7290110115586,false,פריגת תפוזים 40% פחות סוכר 1.5 ליטר פיקדון,מבשלות בירה בינלאומי,IL,משקה קל בטעם תפוזים,ליטרים,1.50,ליטר,false,,9.90,6.6000,true,1,366551
7290110115616,false,FUZE tea zero גרין אננס 1.5 ליטר פיקדון,מבשלות בירה בינלאומי,IL,פיוז טי ZERO גרין אנ,ליטרים,1.50,ליטר,false,,10.50,7.0000,true,1,393814
7290110115869,false,קוקה קולה זירו 1.5 ליטר פיקדון,תות תעשיות מזון (201,IL,קוקה קולה זירו בקבוק,ליטרים,1.50,ליטר,false,,9.90,6.6000,true,1,491494
7290110116125,false,סירופ בטעם פטל 750 מל פריגת,סירופ - גבעת חיים,IL,סירופ פריגת טעם פטל,מיליליטרים,750.00,"100 מ""ל",false,,21.90,2.9200,true,1,445959
7290110116170,false,נביעות+רכיבי פרי אננס-קוקוס 1.5 ליטר-,נביעות,IL,נביעות+ פרי בטעם אננ,ליטרים,1.50,ליטר,false,,10.90,7.2667,true,1,462187
7290110116507,false,פריגת סחוט מיקס אננס בננה אגס 1ליטר,פריגת מצוננים,IL,פריגת סחוט MIX אננס,ליטרים,1.00,ליטר,false,,15.90,15.9000,true,1,482470
7290110116521,false,"פריגת סחוט מיקס אפרסק משמש 400 מ""ל",פריגת,IL,פריגת סחוט MIX אפרסק,מיליליטרים,400.00,"100 מ""ל",false,,9.90,2.4750,true,1,499646
7290110320591,false,פיראוס בולגרית מעודנת 16% 250 גר,תנובה חלב,IL,בולגרית 16% במרקם מע,גרמים,250.00,100 גרם,false,,23.90,9.5600,true,1,76716
7290110320683,false,משקה יופלה 360 בטעם תות אריזת שמיניה,מיוצר עי קונדיטוריית,IL,משקה יופלה שמיניה בט,מיליליטרים,856.00,"100 מ""ל",false,,17.90,2.0911,true,1,99071
7290110320850,false,פתיתים גבינה חצי קשה מגורדת 28% שומן,תנובה מרכז שיתופי לש,IL,עמק פתיתים 200 גרם,גרמים,200.00,100 גרם,false,,16.90,8.4500,true,1,102111
7290110320867,false,פתיתים גבינה חצי קשה מגורדת 28% שומן,תנובה מרכז שיתופי לש,IL,עמק פתיתים למאפים 28,גרמים,500.00,100 גרם,false,,38.90,7.7800,true,1,97820
7290110320935,false,גבינת מוצרלה תנובה 150ג' פרוסות,תנובה מרכז שיתופי לש,IL,פרוסות מוצרלה 150 גר,גרמים,150.00,100 גרם,false,,19.90,13.2667,true,1,97821
7290110321031,false,מעדן חלב GO יוגורט מועשר בחלבון טבעי 200 ג' יופלה,"תנובה, מחלבת אלון תב",IL,יופלה גו 200 גרם תנו,גרמים,200.00,100 גרם,false,,6.90,3.4500,true,1,97771
7290110321277,false,"קוטג' בקטנה 100 גרם, 5% שומן מהדרין",פארייפאבה אגרואינדוס,IL,קוטג' תנובה בקטנה 5,גרמים,100.00,100 גרם,false,,2.90,2.9000,true,1,107139
7290110321284,false,"קוטג' בקטנה 100 גרם, 9% שומן מהדרין",פארייפאבה אגרואינדוס,IL,קוטג' תנובה בקטנה 9,גרמים,100.00,100 גרם,false,,2.90,2.9000,true,1,107140
7290110321604,false,קוביות פיראוס בולגרית מעודנת 5% 200 גרם - רבנות,תנובה חלב,IL,פיראוס קוביות בולגרי,גרמים,200.00,100 גרם,false,,23.90,11.9500,true,1,124718
7290110321680,false,יוגורט GO בטעם תות 20 גרם חלבון בגביע,מיוצר עי קונדיטוריית,IL,יופלה גו בטעם תות 20,גרמים,200.00,100 גרם,false,,6.20,3.1000,true,1,110616
7290110321697,false,יוגורט GO בטעם אפרסק 20 גרם חלבון בגביע,מיוצר עי קונדיטוריית,IL,יופלה גו בטעם אפרסק,מיליליטרים,200.00,"100 מ""ל",false,,6.20,3.1000,true,1,110617
7290110321703,false,יוגורט עם פירות יער בתוספת חלבוני חלב 2% שומן,מיוצר עי קונדיטוריית,IL,יופלה גו בטעם פרות י,מיליליטרים,200.00,"100 מ""ל",false,,6.20,3.1000,true,1,123503
7290110322014,false,טופו בטעם טבעי תנובה ALTERNATIVE,שוורצקוף& הנקל דיסלד,IL,טופו טבעי 300 גרם,גרמים,300.00,100 גרם,false,,13.90,4.6333,true,1,123511
7290110322038,false,טופו פיקנטי תנובה ALTERNATIVE,שוורצקוף& הנקל דיסלד,IL,טופו פיקנטי 300 גרם,גרמים,300.00,100 גרם,false,,13.90,4.6333,true,1,123513
7290110323301,false,טל העמק בסגנון אמנטל 32% שומן 200 גרם,פ.פ.ח. שאביט,IL,גבינת עמק טל 32% שומ,גרמים,200.00,100 גרם,false,,20.90,10.4500,true,1,136219
7290110323585,false,יופלה יוגורט עם דובדבן מופחת קלוריות 200 ג' GO,יופלה Yoplait,IL,יופלה GO לייט עם דוב,גרמים,200.00,100 גרם,false,,6.20,3.1000,true,1,135009
7290110323592,false,יופלה יוגורט עם אפרסק מופחת קלוריות 200 ג' GO,יופלה Yoplait,IL,יופלה GO לייט עם אפר,גרמים,200.00,100 גרם,false,,6.20,3.1000,true,1,135010
7290110323714,false,משקה קוקוס שקדים תנובה E אלטרנטיב,מיוצר עי קונדיטוריית,IL,תנובה משקה קוקוס שקד,יחידה,0.00,יחידה,false,,15.50,0.0000,true,1,136228
7290110324070,false,גבינת חלומי מחלב בקר 22%שומן 200גר,"תנובה בע""מ",IL,גבינת חלומי מחלב בקר,גרמים,200.00,100 גרם,false,,19.90,9.9500,true,1,193215
7290110324353,false,יוגורט GO לייט בטעם אננס 20 גרם חלבון בגביע,מיוצר עי קונדיטוריית,IL,יופלה גו לייט בטעם א,גרמים,200.00,100 גרם,false,,6.20,3.1000,true,1,141543
7290110324711,false,"ממרח סויה בסגנון גבינה טעם טבעי בד""צ",מיוצר עי קונדיטוריית,IL,ממרח סויה 9% בטעם טב,גרמים,250.00,100 גרם,false,,10.90,4.3600,true,1,143090
7290110324841,false,מעדן שקדים עם שוקולד מריר אלטרנטיב,מיוצר עי קונדיטוריית,IL,מעדן שקדים עם שוקולד,גרמים,125.00,100 גרם,false,,4.90,3.9200,true,1,205053
7290110324858,false,מעדן שקדים בטעם אגוזי לוז אלטרנטיב,מיוצר עי קונדיטוריית,IL,מעדן שקדים בטעם אגוז,גרמים,125.00,100 גרם,false,,4.90,3.9200,true,1,205054
7290110324872,false,גבינה צהובה גלבוע 5% שומן 200 גרם,גלבוע - תנובה,IL,גלבוע גבינה פרוסה 5%,גרמים,200.00,100 גרם,false,,19.90,9.9500,true,1,204714
7290110324926,false,משקה סויה ללא תוספת סוכר E אלטרנטיב,תנובה מרכז שיתופי לש,IL,משקה סויה ללא תוספת,יחידה,0.00,יחידה,false,,12.90,0.0000,true,1,192801
7290110325114,false,"משקה יוגורט יופלה גו לייט תות בננה 250 מ""ל - רבנות",מיוצר עי קונדיטוריית,IL,יופלה משקה יוגורט גו,מיליליטרים,250.00,"100 מ""ל",false,,7.90,3.1600,true,1,161013
7290110325169,false,פרוסות גבינת גאודה ח,תנובה חלב,IL,פרוסות גאודה 170 גרם,גרמים,170.00,100 גרם,false,,19.90,11.7059,true,1,223823
7290110325305,false,מעדן סויה GO מועשר בחלבון במתיקות מעודנת,מיוצר עי קונדיטוריית,IL,יופלה סויה גו 20 גרם,גרמים,200.00,100 גרם,false,,6.20,3.1000,true,1,197061
7290110325312,false,מעדן סויה GO מועשר בחלבון בטעם תות,"תנובה בע""מ",IL,יופלה סויה גו 20 גרם,גרמים,200.00,100 גרם,false,,6.20,3.1000,true,1,197062
7290110325619,false,משקה שיבולת שועל תנובה E אלטרנטיב,מיוצר עי קונדיטוריית,IL,תנובה משקה שיבולת שו,יחידה,0.00,יחידה,false,,15.50,0.0000,true,1,207808
7290110325701,false,פיראוס צזיקי יווני 9% שומן על בסיס יוגורט,גוד פוד פרודקטס S.p,IL,פיראוס צזיקי יווני 9,גרמים,250.00,100 גרם,false,,15.90,6.3600,true,1,213489
7290110325893,false,משקה חלב GO מועשר בחלבון בטעם אייס קפה,מיוצר עי קונדיטוריית,IL,משקה תנובה GO אייס ק,גרמים,340.00,100 גרם,false,,7.90,2.3235,true,1,207793
7290110326210,false,יופלה עם פצפוצי שוקולד 167 גרם,מיוצר עי קונדיטוריית,IL,יופלה און טופ פצפוצי,גרמים,157.00,100 גרם,false,,5.90,3.7580,true,1,223785
7290110326227,false,יוגורט און טופ קורנפלקס 157 ג' יופלה,מיוצר עי קונדיטוריית,IL,יופלה און טופ קורנפל,גרמים,157.00,100 גרם,false,,5.90,3.7580,true,1,223807
7290110326234,false,יוגורט און טופ כוכבים 157 ג' יופלה,מיוצר עי קונדיטוריית,IL,יופלה און טופ כוכבים,גרמים,157.00,100 גרם,false,,5.90,3.7580,true,1,223808
7290110326333,false,פרוסות גבינה בסגנון סקנדינבי 31%,פ.פ.ח. שאביט,IL,פרוסות גבינה סקנדינב,גרמים,170.00,100 גרם,false,,19.90,11.7059,true,1,313155
7290110326906,false,חלב טרי נטול לקטוז 3% 1 ליטר,מיוצר עי קונדיטוריית,IL,חלב נטול לקטוז 3% שו,ליטרים,1.00,ליטר,false,,7.90,7.9000,true,1,276225
7290110327514,false,משקה שיבולת שועל בטעם אגוזי לוז 1 ליטר אלטרנטיב,תנובה מרכז שיתופי לש,IL,משקה שיבולת שועל בטע,יחידה,0.00,יחידה,false,,15.50,0.0000,true,1,331367
7290110327545,false,יופלה און טופ בטעם תות בתוספת פצפוצים מצופים שוקולד 157 גרם,מיוצר עי קונדיטוריית,IL,יופלה און טופ בטעם ת,גרמים,157.00,100 גרם,false,,5.90,3.7580,true,1,276312
7290110327798,false,חטיף חלבון GO - שוקולד 60 ג' חלב נוכרי - רבנות,"בלמונט קונפקציות בע""",US,GO חטיף חלבון בטעם ש,גרמים,60.00,100 גרם,false,,14.90,24.8333,true,1,317542
7290110328474,false,גבינת פרמג'יאנו רג'יאנו 30% מחלב בקר,מנדלז סי.אר. פרודקשן,IT,פלח פרמג'יאנו רג'יאנ,גרמים,150.00,100 גרם,false,,27.90,18.6000,true,1,305043
7290110328481,false,פתיתי פרמג'יאנו רג'יאנו מחלב בקר 30%,ברטינלי גיאני א.,IT,פתיתי פרמג'יאנו רג'י,גרמים,100.00,100 גרם,false,,14.90,14.9000,true,1,305172
7290110328627,false,יוגורט יופלה GO במרקם סמיך בטעם בננה קרמל 0%,מיוצר עי קונדיטוריית,IL,יוגורט גו סמיך 0% בנ,גרמים,200.00,100 גרם,false,,6.20,3.1000,true,1,320858
7290110328641,false,טופו טבעי אלתרנתיב 500 גרם,תנובה חלב,IL,טופו טבעי 2 יחידות,גרמים,500.00,100 גרם,false,,19.90,3.9800,true,1,337138
7290110328771,false,יוגורט יופלה GO במרקם סמיך עם פירות יער 0%,מיוצר עי קונדיטוריית,IL,יוגורט גו סמיך 0% פי,גרמים,200.00,100 גרם,false,,6.20,3.1000,true,1,320875
7290110328788,false,יוגורט יופלה GO במרקם סמיך בטעם אפרסק 0%,תנובה מרכז שיתופי לש,IL,יוגורט גו סמיך 0% אפ,גרמים,200.00,100 גרם,false,,6.20,3.1000,true,1,320859
7290110328887,false,"חלב תנובה בקבוק 3%, כשרות מהדרין, 1 ליטר",תנובה מרכז שיתופי לש,IL,חלב תנובה בבקבוק 3%,ליטרים,1.00,ליטר,false,,6.23,6.2300,true,1,399198
7290110328955,false,קוביות גבינת עזים בשמן מתובל פיראוס 350 גרם,דודוני תעשיית החלב ה,GR,קוביות גבינת עזים בש,גרמים,350.00,100 גרם,false,,28.90,8.2571,true,1,427279
7290110329143,false,מעדן חלב מעושר בחלבון בטעם וניל גביע 120 ג' GO,תנובה מרכז שיתופי לש,IL,מעדן חלב גו בטעם וני,גרמים,120.00,100 גרם,false,,4.90,4.0833,true,1,370900
7290110329266,false,יוגורט תנובה מחלב עיזים מלא תנובה 140 ג',קריות זול,IL,יוגורט מחלב עיזים מל,גרמים,140.00,100 גרם,false,,6.90,4.9286,true,1,337167
7290110329273,false,יוגורט תנובה מחלב עיזים מלא 750 גרם,תנובה,IL,יוגורט מחלב עיזים מל,גרמים,750.00,100 גרם,false,,19.90,2.6533,true,1,337238
7290110329303,false,פרוסות בטעם צהובה קלאסית אלטרנטיב 200 גר,תנובה Alternative,IL,פרוסות צהובה קלאסית,גרמים,200.00,100 גרם,false,,22.90,11.4500,true,1,370931
7290110329723,false,משקה קפה קר בטעם לאטה 230 ג' תנובה,תנובה מרכז שיתופי לש,IL,קפה קר בטעם לאטה תנו,מיליליטרים,230.00,"100 מ""ל",false,,7.90,3.4348,true,1,426319
7290110329792,false,יוגורט סויה BIO Alternative אפרסק 150 ג' תנובה,מיוצר עי קונדיטוריית,IL,סויה BIO אפרסק גביע,גרמים,150.00,100 גרם,false,,4.70,3.1333,true,1,393639
7290110329808,false,יוגורט סויה BIO Alternative תות 150 ג' תנובה,מיוצר עי קונדיטוריית,IL,סויה BIO תות גביע 15,גרמים,150.00,100 גרם,false,,4.70,3.1333,true,1,393640
7290110329815,false,סויה BIO מתיקות מעודנת גביע 150 גרם אלטרנטיב,מיוצר עי קונדיטוריית,IL,סויה BIO מתיקות מעוד,גרמים,150.00,100 גרם,false,,4.70,3.1333,true,1,393641
7290110329822,false,יוגורט סויה BIO Alternative פירות יער 150 ג' תנובה,מיוצר עי קונדיטוריית,IL,סויה BIO פירות יער ג,גרמים,150.00,100 גרם,false,,4.70,3.1333,true,1,393642
7290110329846,false,יוגורט סויה BIO Alternative בטעם טבעי 150 ג' תנובה,מיוצר עי קונדיטוריית,IL,סויה BIO טבעי גביע 1,גרמים,150.00,100 גרם,false,,4.70,3.1333,true,1,393643
7290110550370,false,פריכיות משולשות קינואה ופלפל שחור 65 גרם,שטראוס גרופ,IL,אנרגי פריכיות משולשו,גרמים,65.00,100 גרם,false,,12.90,19.8462,true,1,489930
7290110551261,false,טעם הטבע נשנושי תירס 500 גרם,או.וי אינטרנשיונל אי,TH,נשנושי תירס 500 גרם,גרמים,500.00,100 גרם,false,,13.90,2.7800,true,1,492657
7290110552121,false,יוגורט 5% בתוספת סידן וויטמין D היוגורט הראשון שלי,תנובה מרכז שיתופי לש,IL,היוגורט הראשון שלי 5,גרמים,100.00,100 גרם,false,,2.50,2.5000,true,1,437040
7290110552220,false,יוגורט PRO בטעם תות 0% סוכר לבן 20 גרם חלבון בגביע,"שטראוס בריאות בע""מ",IL,דנונה PRO 20 גרם חלב,גרמים,200.00,100 גרם,false,,6.90,3.4500,true,1,387469
7290110552237,false,יוגורט פרו בטעם אפרסק מנגו ללא סוכר 200 ג' דנונה,"שטראוס בריאות בע""מ",IL,דנונה PRO 20 גרם חלב,גרמים,200.00,100 גרם,false,,6.90,3.4500,true,1,387454
7290110553029,false,"אנרג'י קריספס-פריכיות חומוס, עדשים ואפונה עם קייל וסלק","פרח תעשיו מזון בע""מ",IL,פריכיות חלבון קייל ח,גרמים,60.00,100 גרם,false,,12.90,21.5000,true,1,390320
7290110553036,false,קריספס-פריכיות עם אפונה ובטטה סגולה בטעם בצל מקורמל,"פרח תעשיו מזון בע""מ",IL,פרכית חלבון בטטה סגו,גרמים,60.00,100 גרם,false,,12.90,21.5000,true,1,390321
7290110553135,false,נסקפה קפוצ'ינו סטיק וניל 130 ג' עלית,שטראוס,IL,נמס קפוצינו -אבקה לה,גרמים,130.00,100 גרם,false,,17.90,13.7692,true,1,498281
7290110553173,false,אנרגי פריכיות אורז בטעם קרמל 50 גרם,סאנורייס בלגיום,IL,פריכיות אורז בטעם קר,גרמים,40.00,100 גרם,false,,8.90,22.2500,true,1,490090
7290110553180,false,אנרגי פריכיות אורז בטעם תפוח קינמון 50 ג,סאנורייס בלגיום,IL,פריכיות עם תפוח וקינ,גרמים,40.00,100 גרם,false,,8.90,22.2500,true,1,490091
7290110553425,false,קפה נמס 200 גרם +20% תוספת עלית,שטראוס גרופ,IL,קפה נמס עלית פחית מו,גרמים,240.00,100 גרם,false,,22.90,9.5417,true,1,391815
7290110554125,false,"נודלס סצ'ואן חריף""דלישס"" שטראוס",אוכל ביתי ניר עציון,IL,נודלס בסגנון סצ'ואן,גרמים,350.00,100 גרם,false,,28.90,8.2571,true,1,363273
7290110554422,false,פומודורו רוטב עגבניות ופלפלים לשקשוקה 350 גרם,אמיליאנה קונסרב ס.פ.,IT,רוטב עגבניות ופלפלים,גרמים,350.00,100 גרם,false,,12.90,3.6857,true,1,402578
7290110554583,false,מארז חטיפי צ'יטוס פאפס בטעם גבינה - 10 יחידות,שטראוס פריטו ליי (מל,IL,מארז צ'יטוס PUFFS בט,גרמים,200.00,100 גרם,false,,13.90,6.9500,true,1,380188
7290110554712,false,"קפסולות קפה אספרסו קלייה איטית ובהירה, 10 * 50 ג'",שטראוס קפה בי.וי,IL,"שת""פ קפה 50 גרם נחת",גרמים,50.00,100 גרם,false,,21.00,42.0000,true,1,484358
7290110554729,false,קפסולות עלית אספרסו 04 תואמות למכונות NESPRESSO,שטראוס קפה בי.וי,IL,עלית קפסולות אספרסו,גרמים,50.00,100 גרם,false,,19.90,39.8000,true,1,434107
7290110555306,false,רבע לשבע טבעוני סינמון באן 25ג' עלית,הגביע מוצרי וופלים ב,IL,רבע לשבע טבעוני סינמ,גרמים,120.00,100 גרם,false,,13.90,11.5833,true,1,429227
7290110555603,false,ספלנדיד אבקה להכנת משקה בטעם שוקולטה,"ג'אלוסיס י. בע""מ",GR,אבקה להכנת שוקולטה ס,גרמים,360.00,100 גרם,false,,23.90,6.6389,true,1,499754
7290110555788,false,נסקפה קפוצ'ינו פחית וניל 200 ג' עלית,שטראוס,IL,אבקה להכנת משקה קפה,גרמים,200.00,100 גרם,false,,25.90,12.9500,true,1,498394
7290110556242,false,"שוקולד מריר פרווה 100 גר' בד""ץ תוצרת חוץ","שטראוס גרופ בע""מ.",IL,שוקולד מריר מעולה 10,גרמים,100.00,100 גרם,false,,6.00,6.0000,true,1,478148
7290110557027,false,חומוס עשיר 50% טחינה גולמית 400 ג' אחלה,מיוצר עי קונדיטוריית,IL,חומוס הסדרה עשיר ב50,גרמים,400.00,100 גרם,false,,15.90,3.9750,true,1,370125
7290110557102,false,מעדן חלב עם שוקולד מועשר בחלבון 150 ג' שטראוס,מיוצר עי קונדיטוריית,IL,מעדן פרו חלב עם שוקו,גרמים,150.00,100 גרם,false,,5.90,3.9333,true,1,355005
7290110557133,false,מעדן הגולן וניל 125 ג' שטראוס,מיוצר עי קונדיטוריית,IL,מעדן הגולן מעדן חלב,גרמים,125.00,100 גרם,false,,3.50,2.8000,true,1,365058
7290110557478,false,חומוס גלילי במרקם מעודן 600 גרם,שטראוס גרופ,IL,חומוס גלילי אחלה 60,גרמים,600.00,100 גרם,false,,14.90,2.4833,true,1,416406
7290110558130,false,יוגורט אקטיביה שיבולת שועל ודבש 150 גרם,שטראוס,IL,אקטיביה עם דבש ושיבו,גרמים,150.00,100 גרם,false,,4.90,3.2667,true,1,434633
7290110558154,false,דנונה לייט אנד פרי עוגת תפוחים 150ג דנונה,"שטראוס בריאות בע""מ",IL,דנונה לייט אנד פרי ת,גרמים,150.00,100 גרם,false,,4.90,3.2667,true,1,453016
7290110558222,false,"וואו יוגורט עם שכבה בטעם בנופי פאי 5.4%, 150ג דנונה","שטראוס בריאות בע""מ",IL,WOW יוגורט בטעם בנופ,גרמים,150.00,100 גרם,false,,4.90,3.2667,true,1,452985
7290110558284,false,יוגורט ביו מולטי 200 ג' דנונה,"שטראוס בריאות בע""מ",IL,דנונה מולטי 3% שומן,מיליליטרים,200.00,"100 מ""ל",false,,4.50,2.2500,true,1,445183
7290110558307,false,יוגורט דנונה PRO עם שיבולת שועל במתיקות מעודנת,"שטראוס בריאות בע""מ",IL,דנונה פרו עם שיבולת,מיליליטרים,200.00,"100 מ""ל",false,,6.90,3.4500,true,1,435154
7290110558314,false,דנונה פרו 20 גרם חלבון ללא סוכר פיסטוק 200 גרם,"שטראוס בריאות בע""מ",IL,דנונה פרו ללא סוכר 2,גרמים,200.00,100 גרם,false,,6.90,3.4500,true,1,453017
7290110558338,false,דנונה פרו 25 ג' חלבון 200 ג' שטראוס,"שטראוס בריאות בע""מ",IL,דנונה פרו 25 גרם חלב,מיליליטרים,200.00,"100 מ""ל",false,,6.90,3.4500,true,1,435139
7290110558666,false,מעדן גבינה בטעם תפוח 88 ג' דניאלה,"שטראוס בריאות בע""מ",IL,דניאלה בטעם תפוח 88,גרמים,88.00,100 גרם,false,,4.50,5.1136,true,1,480222
7290110558918,false,עלי חסה קראנצ שטופים,שטראוס בריאות ירקות,IL,עלי חסה קראנצ שטופים,גרמים,150.00,100 גרם,false,,10.90,7.2667,true,1,479817
7290110559755,false,"מאגדת אנרג'י ריל בוטנים,פיסטוק וחמוציות 115 גרם",קונסרב איטליה,GR,מאגדת חטיף Real אנר,גרמים,105.00,100 גרם,false,,16.90,16.0952,true,1,453302
7290110559762,false,"מאגדת אנרג'י ריל אגוזים,תמרים,קוקוס 115 גרם",קונסרב איטליה,GR,מאגדת חטיף Real אנר,גרמים,105.00,100 גרם,false,,16.90,16.0952,true,1,453317
7290110560300,false,"הפריכיות הטעימות חומוס, עדשים שחורות, קינואה ופלפל שחור",אנרג'י Energy - שטראוס,IL,פריכיות משולשות פלפל,גרמים,30.00,100 גרם,false,,5.90,19.6667,true,1,135480
7290110560317,false,"הפריכיות הטעימות חומוס, עדשים שחורות, קינואה ומלח ים","פרח תעשיו מזון בע""מ",IL,פריכיות משולשות מלח,גרמים,30.00,100 גרם,false,,5.90,19.6667,true,1,135481
7290110560324,false,"הפריכיות הטעימות תפו""א, אורז, אפונה ומלח ים","פרח תעשיו מזון בע""מ",IL,פריכיות משולשות אפונ,גרמים,30.00,100 גרם,false,,5.90,19.6667,true,1,135482
7290110561352,false,דנונה יוגורט ביו פרוביוטי 3% דל לקטוז 150ג',"שטראוס בריאות בע""מ",IL,דנונה ביו דל לקטוז ב,גרמים,200.00,100 גרם,false,,3.90,1.9500,true,1,123009
7290110563431,false,"משקה קפה קר בסגנון קלאסי 230 מ""ל 1.6% יוטבתה",האי נאם סי או אל.טי.,AT,יטבתה משקה קפה קר בס,מיליליטרים,230.00,"100 מ""ל",false,,7.90,3.4348,true,1,137348
7290110563448,false,"משקה קפה קר בסגנון מעודן 230 מ""ל 1.6% יוטבתה",האי נאם סי או אל.טי.,AT,יטבתה משקה קפה קר בס,מיליליטרים,230.00,"100 מ""ל",false,,7.90,3.4348,true,1,137349
7290110563462,false,חלב בבקבוק נטול לקטוז 2% יטבתה 1 ל',מחלבת יטבתה,IL,יטבתה חלב בבקבוק נטו,ליטרים,1.00,ליטר,false,,8.90,8.9000,true,1,138743
7290110564339,false,חומוס אחלה הסידרה המובחר 30% טחינה 400 גר',מיוצר עי קונדיטוריית,IL,חומוס הסדרה המובחרת,גרמים,400.00,100 גרם,false,,15.90,3.9750,true,1,112090
7290110564360,false,חומוס אחלה הסידרה המובחר 40% טחינה 400 גר',מיוצר עי קונדיטוריית,IL,חומוס אחלה עשיר ב 40,גרמים,400.00,100 גרם,false,,15.90,3.9750,true,1,112091
7290110564414,false,חומוס אחלה הסידרה המובחר 30% טחינה 600 גר',מיוצר עי קונדיטוריית,IL,חומוס הסדרה המובחרת,גרמים,600.00,100 גרם,false,,16.90,2.8167,true,1,112170
7290110564742,false,"משקה קפה קר בסגנון חזק 230 מ""ל 1.2% יוטבתה",האי נאם סי או אל.טי.,AT,יטבתה משקה קפה קר בס,מיליליטרים,230.00,"100 מ""ל",false,,7.90,3.4348,true,1,137350
7290110565435,false,"לימבו ג'לי פטל 125 גרם חלבי ""שטראוס""",שטראוס גרופ,IL,לימבו בטעם פטל 0% שו,גרמים,125.00,100 גרם,false,,2.50,2.0000,true,1,109966
7290110565527,false,יוגורט PRO פרו 1.5% 20 גרם חלבון בגביע,"שטראוס בריאות בע""מ",IL,דנונה PRO 20 גרם חלב,גרמים,200.00,100 גרם,false,,6.90,3.4500,true,1,105974
7290110566623,false,קפסולות קולומביה עלית 08 למכונת נספרסו מארז 5X10ג',שטראוס קפה בי.וי,IL,עלית קפסולות קולומבי,גרמים,50.00,100 גרם,false,,19.90,39.8000,true,1,127439
7290110566975,false,דנונה פרו יוגורט 0% תות עשיר בחלבון 200ג',"שטראוס בריאות בע""מ",IL,דנונה PRO 20 גרם חלב,גרמים,200.00,100 גרם,false,,6.90,3.4500,true,1,123053
7290110568238,false,"קצפת צמחית 21% שומן 250 מ""ל יוטבתה",מחלבת יטבתה,IL,קצפת צימחית 21% במתי,מיליליטרים,250.00,"100 מ""ל",false,,8.90,3.5600,true,1,127004
7290110568627,false,פסק זמן רול שוקולד חלב קרם אגוזים 26 ג' עלית,STRAUSS-ISRAEL,TR,פסק זמן רול ש.חלב עם,גרמים,28.00,100 גרם,false,,4.90,17.5000,true,1,224269
7290110570880,false,פולי אספרסו עשירים וארומטיים עוצמה 14 250 ג' עלית,,IL,פולי אספרסו עשירים ו,גרמים,250.00,100 גרם,false,,22.90,9.1600,true,1,449038
7290110571382,false,מעדן חלב בטעם וניל מעושר בחלבון 150 ג' שטראוס,"שטראוס בריאות בע""מ",IL,מעדן חלב מועשר בחלבו,גרמים,150.00,100 גרם,false,,5.50,3.6667,true,1,421385
7290110571405,false,עלית - מיני פינוקיות בגביע פסק זמן 180 גרם,הגביע,IL,מיני פינוקיות פסק זמ,גרמים,180.00,100 גרם,false,,11.90,6.6111,true,1,498234
7290110571412,false,מיני פינוקיות - פאדג' שוקולד בגביע 180 גרם,הגביע,IL,מיני פינוקיות בגביע,גרמים,180.00,100 גרם,false,,11.90,6.6111,true,1,498218
7290110571481,false,פחית קפה נמס קמפיין משפטים 200 גרם 2022,שטראוס גרופ,IL,קפה נמס עלית 200 גרם,גרמים,200.00,100 גרם,false,,22.90,11.4500,true,1,445782
7290110571535,false,מארז קפה טורקי הל 3*100 ג' עלית,שטראוס קפה בי.וי,IL,קפה עלית טורקי הל מא,גרמים,300.00,100 גרם,false,,27.90,9.3000,true,1,426100
7290110572129,false,כיף כף מקלות שוקולד לבן 40 ג' עלית,סולן בעבור שטראוס,TR,כיף כף מקלות שוקולד,גרמים,40.00,100 גרם,false,,5.90,14.7500,true,1,500842
7290110572884,false,"קפסולות קפה מספר 20 למכונת אספרס אספרסו, 50 גרם",שטראוס קפה בי.וי.,IL,קפסולות אספרסו קפה ע,גרמים,50.00,100 גרם,false,,19.90,39.8000,true,1,498410
7290110576318,false,מאגדת שלישיית שוקולד אגוז לבן 300 ג' עלית,סמואה,FR,מארז שלישיית אגוז ל,גרמים,300.00,100 גרם,false,,27.90,9.3000,true,1,481198
7290110576370,false,מארז שלישייה שוקולד מריר חלבי עם אגוזי לוז,שטראוס,IL,מארז שלישיית אגוז מ,גרמים,300.00,100 גרם,false,,27.90,9.3000,true,1,481199
7290110576387,false,מאגדת שלישיית שוקולד אגוז חלב 300 ג' עלית,שטראוס,FR,מארז שלישיית אגוז ח,גרמים,300.00,100 גרם,false,,27.90,9.3000,true,1,481200
7290110576752,false,טבלאות שוקולד ספלנדיד מריר 70% 100 ג' עלית,קימ'ס גריפלנן,BE,שוקולד ספלנדיד מריר,גרמים,100.00,100 גרם,false,,12.90,12.9000,true,1,498473
7290110576776,false,טבלאות שוקולד ספלנדיד מריר 85% 100 ג' עלית,קימ'ס גריפלנן,BE,שוקולד ספלנדיד מריר,גרמים,100.00,100 גרם,false,,12.90,12.9000,true,1,498474
7290110576790,false,סקי בטעם מוקה 125 ג' שטראוס,מגנום- שטראוס,IL,מעדן גבינה בטעם מוקה,גרמים,125.00,100 גרם,false,,3.90,3.1200,true,1,480206
7290110576868,false,רבעיית גמדים סלט פירוט * 100 ג' שטראוס,שטראוס גרופ,IL,גמדים סלט פירות רביע,מיליליטרים,400.00,"100 מ""ל",false,,12.90,3.2250,true,1,481925
7290110577230,false,משקה חלב פיסטוק 1ליטר יטבתה בקבוק,שטראוס גרופ,IL,משקה חלב פיסטוק יטבת,יחידה,0.00,יחידה,false,,12.90,0.0000,true,1,480157
7290110577247,false,"יטבתה משקה חלב-פיסטוק בבקבוק 350 מ""ל",שטראוס גרופ,IL,משקה חלב פיסטוק 350,מיליליטרים,350.00,"100 מ""ל",false,,6.90,1.9714,true,1,480174
7290111093005,false,"I-CARE מג'להסרת איפור, 25 יח בפלופק",די.פי.אל תעשיות מוצר,IL,מגבונים להסרת איפור,יחידה,0.00,יחידה,false,,8.90,0.0000,true,1,136406
7290111098536,false,מגבונים לחים לתינוק,,,מגבונים לחים לתינוק,יחידה,0.00,יחידה,false,,14.90,0.0000,true,1,419452
7290111340185,false,מטליות לחות ניקול לניקוי רצפות בניחוח מרכך 10 יח',על בד,IL,ניקול לחות לניקוי רצ,יחידה,0.00,יחידה,false,,12.90,0.0000,true,1,85462
7290111341366,false,מפיות אירוח 1 שכבתי 30*30 150 יח' לבן,חוגלה קימברלי,IL,ניקול מפיות לאירוח 1,יח',150.00,יח',false,,10.90,0.0727,true,1,126055
7290111341724,false,טיטולים פרימיום מידה4 34 יח',,,טיטולים פרימיום אריז,יח',34.00,יח',false,,25.90,0.7618,true,1,159082
7290111341984,false,לילי - מגבוני נייר טואלט לח פיור רביעייה,קימברלי,IL,לילי טואלט לח PURE מ,יחידה,0.00,יחידה,false,,22.90,0.0000,true,1,195805
7290111342042,false,ניקול כריות יפניות אנטיבקטריאלי 4 יחידות,פלסטו פוליש,IL,כריות יפניות אנטיבקט,יחידה,0.00,יחידה,false,,14.90,0.0000,true,1,211644
7290111342523,false,מפיות אירוח לשימוש יומיומי ניקול 100 יח,חוגלה קימברלי,IL,מפיות צבעוני ניקול 1,יחידה,0.00,יחידה,false,,8.90,0.0000,true,1,213921
7290111343117,false,"קלינקס לושן סופט פק זוגות 140 דף ""חדש""",קימברלי קלארק,IL,טישו לושן סופט קליני,יחידה,0.00,יחידה,false,,14.90,0.0000,true,1,269499
7290111344831,false,קוטקס - מגיני יום אקסטרא פרוטקט נורמל ביג 60 יח',חוגלה קימברלי,CN,מגיני תחתון סופר פרו,יחידה,0.00,יחידה,false,,18.90,0.0000,true,1,380716
7290111344930,false,מטליות לחות לרצפה בניחוח מרכך כביסה 10 יח' ניקול,עלבד,IL,מטליות לחות לניקוי ר,יח',10.00,יח',false,,11.90,1.1900,true,1,380834
7290111350726,false,חטיף נאצוס הוטפופ בסגנון מקסיקני 322 גר,ליימן מותגים,US,הוטפופ נאצ'וס בסגנון,גרמים,322.00,100 גרם,false,,18.90,5.8696,true,1,139429
7290111353109,false,"גומי נחש מבריק 200 גר' וסטהיים (כש""לפ בית יוסף).",טופגם תעשיות ממתקים,IL,יוגטה סוכריות גומי נ,גרמים,200.00,100 גרם,false,,10.90,5.4500,true,1,269299
7290111353123,false,"גומי נחש מסוכר 200 גר' וסטהיים (כש""לפ בית יוסף)",טופגם תעשיות ממתקים,IL,יוגטה סוכריות גומי נ,גרמים,200.00,100 גרם,false,,10.90,5.4500,true,1,269300
7290111353680,false,גרעיני חמנייה קלויים,קליית גת,,גרעיני חמנייה 350 גר,גרמים,350.00,100 גרם,false,,12.90,3.6857,true,1,313753
7290111354748,false,כדורגל קליית גת מתנה,,CN,כדורגל קליית גת מתנה,יחידה,0.00,יחידה,false,,0.01,0.0000,true,1,489519
7290111560873,false,בונז'ור לחמניה עגולה 100ג',Unknown,,בונזור לחמניה עגולה,יח',1.00,יח',false,,3.30,3.3000,true,1,77509
7290111564239,false,מאגדת מיני קראנץ וניל 5 יח' נסטלה,גלידות נסטלה (נגה גל,IL,קראנץ' מאגדת מיני ונ,גרמים,275.00,100 גרם,false,,31.90,11.6000,true,1,111649
7290111564277,false,פריכיות דקות ונימוחות 3 דגנים פיטנס Fitness,פרח תעשיות,IL,פריכיות 3 דגנים דקות,גרמים,120.00,100 גרם,false,,12.90,10.7500,true,1,87415
7290111564291,false,פריכיות דקות ונימוחות 3 דגנים וקינואה פיטנס Fitness,פרח תעשיות,IL,פריכיות קינואה דקות,גרמים,120.00,100 גרם,false,,12.90,10.7500,true,1,87416
7290111565038,false,"לה קרמריה וניל קוקילידה בד""צ 1.4 ל'",לה קרמריה- נסטלה,IL,לה קרמריה בטעם וניל,ליטרים,1.40,ליטר,false,,25.90,18.5000,true,1,122055
7290111566127,false,מאגדת אוראו מיני סנדוויץ' 6 יח' נסטלה,ג'נרל מילס סאן אדריא,IT,אוראו מאגדת סנדביץ 6,גרמים,198.00,100 גרם,false,,28.90,14.5960,true,1,111651
7290111566240,false,שניצל דק מן הצומח בטעם צ'ילי חריף 700 גרם,עיצובים 2020 (4.8),IL,שניצל דק צמחוני בטע,גרמים,564.00,100 גרם,false,,37.90,6.7199,true,1,111930
7290111566271,false,טבעול חטיפי תירס 657גרם,עיצובים 2020 (4.8),IL,חטיפי תירס טבעול 65,גרמים,657.00,100 גרם,false,,36.90,5.6164,true,1,111931
7290111566318,false,שניצל דק מן הצומח בטעם ביתי 700 גרם,עיצובים 2020 (4.8),IL,שניצל דק צמחוני בט,גרמים,564.00,100 גרם,false,,37.90,6.7199,true,1,112817
7290111566332,false,"נקניקיות וינר מן הצומח 680 גרם ""טבעול""",עיצובים 2020 (4.8),IL,נקניקיה וינר 680 גר,גרמים,680.00,100 גרם,false,,37.90,5.5735,true,1,111932
7290111566417,false,טבעול טחון מן הצומח משופר 400 גרם,עיצובים 2020 (4.8),IL,טחון מן הצומח 500,גרמים,500.00,100 גרם,false,,34.90,6.9800,true,1,118307
7290111566547,false,טבעול חזה בגריל צמחוני 99 קלוריות 560ג',עיצובים 2020 (4.8),IL,חזה בגריל מו הצומח,גרמים,560.00,100 גרם,false,,37.90,6.7679,true,1,111955
7290111566585,false,"שניצל צמחוני 99 קלוריות 650 גר' ""טבעול""",עיצובים 2020 (4.8),IL,שניצל מן הצומח מופח,גרמים,650.00,100 גרם,false,,37.90,5.8308,true,1,111956
7290111566660,false,טבעול קציצות עדשים כתומות 525 גרם,עיצובים 2020 (4.8),IL,קציצות עדשים כתומות,גרמים,530.00,100 גרם,false,,37.90,7.1509,true,1,118309
7290111566714,false,טבעול המבורגר צמחוני 99 קלוריות 600 גר',עיצובים 2020 (4.8),IL,המבורגר מן הצומח 6,גרמים,600.00,100 גרם,false,,37.90,6.3167,true,1,118311
7290111566776,false,"נקניקיות קוקטייל מן הצומח 680 גרם ""טבעול""",עיצובים 2020 (4.8),IL,נקנקיות קוקטייל מן,גרמים,680.00,100 גרם,false,,37.90,5.5735,true,1,112279
7290111568206,false,ביסלי פארטי מיקס 150 ג' אסם,פרו מן יו פתרונות אר,IL,ביסלי פארטי מיקס ברב,גרמים,150.00,100 גרם,false,,7.90,5.2667,true,1,120374
7290111568275,false,אטריות נודלס אורז רחבות אסם אסייתי 300גרם,תאי פרזידנט,TH,נודלס אטריות אורז רח,גרמים,300.00,100 גרם,false,,10.90,3.6333,true,1,124763
7290111738678,false,גרבי סירה נשים שלישי,,,גרבי סירה נשים שלישי,יחידה,0.00,יחידה,false,,8.90,0.0000,true,1,234911
7290111870897,false,מרשמלו מסולסל ארוך בשקית 18 גר'-LOL,,CN,מרשמלו מסולסל ארוך 1,גרמים,432.00,100 גרם,false,,32.90,7.6157,true,1,361344
7290111870910,false,מרשמלו מסולסל ארוך 18 גר'- כוח פי גיי,,CN,מרשמלו מסולסל ארוך 1,גרמים,432.00,100 גרם,false,,32.90,7.6157,true,1,361327
7290111930805,false,קראנצ'וס טעם ברביקיו 55 גר',חברת מנה בעמ,IL,קראנצו'ס ברביקיו 55,גרמים,55.00,100 גרם,false,,3.90,7.0909,true,1,95229
7290111930911,false,חטיף פוף לבבות קלאסי 40 גרם,פוף POOF,IL,פוף לבבות קלאסי 40 ג,גרמים,40.00,100 גרם,false,,4.90,12.2500,true,1,101325
7290111930928,false,חטיף פוף לבבות גריל 40 גרם,פוף POOF,IL,"פוף לבבות גריל 40 ג""",גרמים,40.00,100 גרם,false,,4.90,12.2500,true,1,101326
7290111933554,false,עגבניות איטלקיות קוביות - מארז שלישיה,קונסוריזיו קאסאלסקו,IT,עגבניות קוביות מאסטר,קילוגרמים,1.20,"ק""ג",false,,18.90,15.7500,true,1,132692
7290111934827,false,"סבון ידיים פלמוליב היגיינה 300 מ""ל",פלמוליב Palmolive,TR,פלמוליב סבון ידיים ה,מיליליטרים,300.00,"100 מ""ל",false,,10.90,3.6333,true,1,141348
7290111935961,false,מאסטר שף מחית עגבניות 690 גרם,פראנו אנריקו ופיגלי,IT,מחית עגבניות מאסטר ש,גרמים,690.00,100 גרם,false,,10.90,1.5797,true,1,141426
7290112000385,false,מנקה ומחטא עוצמתי למטבח ללא אקונומיקה,רקיט בנקיזר,PL,תרסיס ניקוי וחיטוי ל,מיליליטרים,750.00,"100 מ""ל",false,,17.90,2.3867,true,1,131285
7290112003188,false,קולון קפסולות גל לכביסה 60 יחידות,רקיט בנקיזר,IT,קולון קפסולות למכונת,יחידה,0.00,יחידה,false,,62.90,0.0000,true,1,266801
7290112003256,false,אבקת כביסה קולון 101 בניחוח לבנדר,זוהר דליה,IL,אבקת כביסה קולון לבנ,קילוגרמים,1.25,"ק""ג",false,,16.90,13.5200,true,1,246984
7290112003263,false,"אבקת כביסה קולון לבנדר 1.25 ק""ג",זוהר דליה,,אבקת כביסה קולון מאס,קילוגרמים,1.25,"ק""ג",false,,16.90,13.5200,true,1,246985
7290112003997,false,וניש גולד אבקה 1.62 פאוור,RB איטליה,IT,אבקה להסרת כתמים לבג,קילוגרמים,1.62,"ק""ג",false,,34.90,21.5432,true,1,408685
7290112004208,false,טבליות למדיח בניחוח לימון 50 יח' פיניש,RECKITT BENCKISER PR,PL,טבליות למדיח כלים פי,גרמים,800.00,100 גרם,false,,41.90,5.2375,true,1,407746
7290112005052,false,וניש תוסף כביסה רב תכליתי לבגדים לבנים,קליה וניש Kalia Vanish,IT,וניש אבקה לכביסה לבנ,ליטרים,1500.00,100 ליטר,false,,42.90,2.8600,true,1,453739
7290112005076,false,וניש תוסף כביסה רב תכליתי צבעוני 480 גרם,רקיט בנקיזר,IT,וניש אבקה לכביסה צבע,גרמים,480.00,100 גרם,false,,17.90,3.7292,true,1,453755
7290112195227,false,אטריות ביצים דקיקות 500 גר,אוריינט,,אטריות ביצים דקיקות,גרמים,500.00,100 גרם,false,,14.90,2.9800,true,1,343770
7290112197061,false,"סטייל - תחליב רחצה לניקוי וטיפוח הידיים ארגן 500 מ""ל",רנקסאן פלסטיק יאנגר,TR,תחליב רחצה לידיים סט,מיליליטרים,500.00,"100 מ""ל",false,,12.90,2.5800,true,1,412121
7290112330352,false,"יוגורט PRO בטעם וניל 0% , 20 גרם חלבון בגביע","שטראוס בריאות בע""מ",IL,דנונה פרו 20 גר וניל,גרמים,200.00,100 גרם,false,,6.90,3.4500,true,1,141528
7290112330390,false,יוגורט PRO בטעם פירות יער 0% 20 גרם חלבון בגביע,"שטראוס בריאות בע""מ",IL,דנונה פרו 20 גר פירו,גרמים,200.00,100 גרם,false,,6.90,3.4500,true,1,141529
7290112330420,false,דנונה פרו לבן 2.9% שומן 150 ג',מיוצר עי קונדיטוריית,IL,דנונה פרו לבן 2.9% 1,גרמים,150.00,100 גרם,false,,4.90,3.2667,true,1,137322
7290112332585,false,"פריכיות תפו""א, אורז בתיבול סלק ומלח חי 30 גר'","פרח תעשיו מזון בע""מ",IL,"פריכיות הטעימות תפו""",גרמים,30.00,100 גרם,false,,5.90,19.6667,true,1,143154
7290112332691,false,פינוקיות עוגיות קרם פסק זמן אגוזים 200 גרם,הגביע מוצרי ופלים בע,IL,פינוקיות עוגיית קרם,גרמים,200.00,100 גרם,false,,13.90,6.9500,true,1,145434
7290112334596,false,שוקולית+10% תוספת 850 גר',שטראוס קפה בי.וי,IL,אבקה להכנת שוקו 850,גרמים,935.00,100 גרם,false,,18.90,2.0214,true,1,502896
7290112334749,false,קפה טורקי שקית 10% תוספת 200 ג' עלית,שטראוס קפה בי.וי,IL,עלית טורקי שקית 200,גרמים,220.00,100 גרם,false,,18.90,8.5909,true,1,143729
7290112335043,false,כשלפ מרשמלו בזוקה ווסטהיים 150 ג',טופגאם תעשיות ממתקים,IL,עלית מרשמלו בזוקה 15,גרמים,150.00,100 גרם,false,,6.90,4.6000,true,1,137694
7290112335487,false,פריכיות הטעימות קצח ודגנים אנרגי 135 גר,אנרג'י Energy - שטראוס,IL,פריכיות הטעימות קצח,גרמים,135.00,100 גרם,false,,13.90,10.2963,true,1,142726
7290112335494,false,הפריכיות הטעימות תפוחי אדמה בטעם פוטטוס,"פרח תעשיות מזון בע""מ",IL,פריכיות הטעימות פוטט,גרמים,135.00,100 גרם,false,,13.90,10.2963,true,1,142727
7290112335500,false,"פרכיות אנרג'י חומוס,אורז,עדשים שחורות וקינואה 135 גרם",אנרג'י Energy - שטראוס,IL,פריכיות הטעימות עשיר,גרמים,135.00,100 גרם,false,,13.90,10.2963,true,1,142728
7290112336637,false,סוכריות מאסט Must ללא סוכר יוגורט תות ואוכניות,שטראוס גרופ,PL,"סוכריות מאסט לל""ס יו",גרמים,80.00,100 גרם,false,,8.90,11.1250,true,1,190929
7290112336644,false,סוכריות מאסט ללא סוכר לימון 80 ג' עלית,שטראוס גרופ,PL,"סוכריות מאסט לל""ס לי",גרמים,80.00,100 גרם,false,,8.90,11.1250,true,1,190930
7290112336712,false,יוגורט PRO לבן 0% 21 גרם חלבון בגביע,"שטראוס בריאות בע""מ",IL,דנונה פרו 21 0% שומן,גרמים,200.00,100 גרם,false,,6.90,3.4500,true,1,138747
7290112337474,false,סוכריות מאסט ללא סוכר פטל לימון 80 ג' עלית,שטראוס גרופ,PL,"סוכריות מאסט לל""ס פט",גרמים,80.00,100 גרם,false,,8.90,11.1250,true,1,190931
7290112338877,false,מעדן גבינה בטעם תות 3% 125ג' סקי,"שטראוס בריאות בע""מ",IL,גבינת סקי תות 3% 125,גרמים,125.00,100 גרם,false,,3.90,3.1200,true,1,135748
7290112339171,false,מילקי מוס עם שוקולד וקצפת,מיוצר עי קונדיטוריית,IL,מילקי מוס 81 גרם.,גרמים,81.00,100 גרם,false,,3.90,4.8148,true,1,135750
7290112339867,false,גמדים לדרך גבינה לבנה עם מחית תות,שטראוס,IL,גמדים סקוויז בודד תו,גרמים,100.00,100 גרם,false,,5.90,5.9000,true,1,137330
7290112339874,false,גמדים לדרך גבינה לבנה עם מחיות תות ובננה,שטראוס,IL,גמדים סקוויז בודד תו,גרמים,100.00,100 גרם,false,,5.90,5.9000,true,1,137331
7290112340122,false,פריכיות טעימות 3 דגנים אנרגי 135 גר,אנרג'י Energy - שטראוס,IL,פריכיות הטעימות 3 דג,גרמים,135.00,100 גרם,false,,13.90,10.2963,true,1,142729
7290112340245,false,צנצנת מסטיק מאסט בטעם דובדבן 66 ג' עלית,"שטראוס גרופ בע""מ",IL,צנצנת מאסט בטעם דובד,גרמים,66.00,100 גרם,false,,11.90,18.0303,true,1,139535
7290112340252,false,צנצנת מסטיק מאסט בטעם אבטיח מלון 66 ג' עלית,"שטראוס גרופ בע""מ",IL,צנצנת מאסט בטעם אבטי,גרמים,66.00,100 גרם,false,,11.90,18.0303,true,1,139536
7290112340276,false,פינוקיות עוגיות קרם קפה 200 גרם,הגביע מוצרי ופלים בע,IL,פינוקיות עוגיית קרם,גרמים,200.00,100 גרם,false,,13.90,6.9500,true,1,145435
7290112341556,false,אקטיביה עם צ'יה ותות 150 ג' דנונה,דנונה - שטראוס,IL,אקטיביה עם צ'יה ותות,גרמים,150.00,100 גרם,false,,4.90,3.2667,true,1,190035
7290112341679,false,דנונה אקטיביה 3% שומן 200 גרם,מיוצר עי קונדיטוריית,IL,דנונה אקטיביה 3% 200,גרמים,200.00,100 גרם,false,,4.50,2.2500,true,1,190036
7290112341686,false,מארז אקטיביה שמיניה 3% 150 גר*8,מיוצר עי קונדיטוריית,IL,אקטיביה מארז 3% 8*15,קילוגרמים,1.20,"ק""ג",false,,22.90,19.0833,true,1,190045
7290112342102,false,סימפוניה גבינה במרקם שמנת בצל מקורמל 5%,"שטראוס בריאות בע""מ",IL,סימפוניה 5% בצל מקור,גרמים,200.00,100 גרם,false,,12.90,6.4500,true,1,211090
7290112342508,false,דוריטוס ציזי טוויסט 70 גר,שטראוס פריטו ליי (מל,IL,דוריטוס קול ראנץ' 70,גרמים,70.00,100 גרם,false,,4.30,6.1429,true,1,198226
7290112343260,false,"יטבתה רוטב שמנת קלאסי 9% שומן 260 מ""ל",שטראוס גרופ,IL,יטבתה רוטב שמנת קלאס,גרמים,260.00,100 גרם,false,,11.90,4.5769,true,1,198800
7290112343420,false,"משקה חלב עם דגנים מלאים ובננה פרו יטבתה 350מ""ל",מחלבת יטבתה,IL,משקה יטבתה פרו 20 אר,מיליליטרים,350.00,"100 מ""ל",false,,7.90,2.2571,true,1,198803
7290112343499,false,חטיף צ'יטוס פאפס אפוי בטעם גבינה,"שטראוס פריטו ליי בע""",IL,ציטוס Puffs בטעם גבי,גרמים,55.00,100 גרם,false,,3.90,7.0909,true,1,357045
7290112344564,false,רביולי גבינה קלאסי שטראוס 400 ג',מיוצר עי קונדיטוריית,IL,EAT GOOD רביולי גבינ,גרמים,400.00,100 גרם,false,,22.90,5.7250,true,1,190543
7290112344755,false,מילקי שוקולד 26% פחות סוכר 135 גרם,מיוצר עי קונדיטוריית,IL,מילקי עם 26% פחות סו,מיליליטרים,135.00,"100 מ""ל",false,,2.90,2.1481,true,1,277131
7290112344786,false,קפה פלטינום קלאסיק 200 ג' עלית,הנסיך- מפעל לייצור ט,IL,פלטינום קלאסיק עלית,גרמים,200.00,100 גרם,false,,30.90,15.4500,true,1,212232
7290112346360,false,בפלות אחת אחת ופל בטעם שוקולד מצופה שוקולד,הגביע מוצרי וופלים ב,GR,בפלות אחת אחת בציפוי,גרמים,180.00,100 גרם,false,,15.90,8.8333,true,1,211151
7290112346537,false,עוגיות פינוקיות בטעם טורטית 200 ג' עלית,הגביע מוצרי ופלים בע,IL,פינוקיות עוגיות בטעם,גרמים,200.00,100 גרם,false,,13.90,6.9500,true,1,204072
7290112346629,false,דנונה בר יוגורט+קורנפלקס מצופה שוקולד חלב ולבן 172 גרם,דנונה - שטראוס,IL,דנונה קראנצ' עם קורנ,מיליליטרים,172.00,"100 מ""ל",false,,4.90,2.8488,true,1,239827
7290112346827,false,אקטימל ויטמין c פטל שמינייה 864 גרם,שטראוס גרופ,IL,אקטימל ויטמין C פטל,מיליליטרים,800.00,"100 מ""ל",false,,23.90,2.9875,true,1,271704
7290112347008,false,גמדים לדרך גבינה לבנה עם מחית תות ושיבולת שועל,מיוצר עי קונדיטוריית,IL,גמדים ארוחת בוקר תות,גרמים,100.00,100 גרם,false,,5.90,5.9000,true,1,198791
7290112348142,false,שעועית לבנה 380 גר' בקופסה טעם הטבע,שטראוס טעם הטבע,IT,שעועית לבנה טעם הטבע,גרמים,380.00,100 גרם,false,,7.90,2.0789,true,1,231334
7290112348999,false,פריכיות טעימות תירס דקות 135 גרם,פרח תעשיות,IL,פריכיות טעימות תירס,גרמים,135.00,100 גרם,false,,13.90,10.2963,true,1,282365
7290112349316,false,מסטיק בזוקה פופים ממולא בטעם תות ללא סוכר,רוג'ר אנד רוג'ר,DE,בזוקה ביג פופים בטעם,גרמים,86.00,100 גרם,false,,14.90,17.3256,true,1,225888
7290112349606,false,מעדן גבינה ויוגורט תות בננה 88 ג' דניאלה,"שטראוס בריאות בע""מ",IL,דניאלה תות בננה 150,מיליליטרים,150.00,"100 מ""ל",false,,4.50,3.0000,true,1,387484
7290112349705,false,פומודורו רוטב עגבניות קלאסי לפסטה 350 גר' יד מרדכי,אמיליאנה קונסרב סוסי,IT,רוטב עגבניות פומודרו,גרמים,350.00,100 גרם,false,,12.90,3.6857,true,1,212356
7290112349736,false,בזיליקום רוטב עגבניות לפסטה 350 גר' יד מרדכי,אמיליאנה קונסרב סוסי,IT,רוטב עגבניות בזיליקו,גרמים,350.00,100 גרם,false,,12.90,3.6857,true,1,212357
7290112349743,false,ארביאטה רוטב עגבניות פיקנטי לפסטה 350 ג' יד מרדכי,אמיליאנה קונסרב ס.פ.,IT,רוטב עגבניות ארביאטה,גרמים,350.00,100 גרם,false,,12.90,3.6857,true,1,212358
7290112349897,false,מסטיק מאסט Must קוביות בטעם מנטה ללא סוכר,רוג'ר אנד רוג'ר,DE,מאסט קוביות מנטה 86,גרמים,86.00,100 גרם,false,,14.90,17.3256,true,1,225889
7290112350312,false,קפסולות 15 קפה יותר למכונות נספרסו עלית 10יח',הנסיך- מפעל לייצור ט,IL,עלית קפסולות 15 למכ,גרמים,50.00,100 גרם,false,,19.90,39.8000,true,1,262845
7290112351067,false,סילאן טבעי 100% תמר מג'הול ללא תוספת סוכר,יד מרדכי,IL,סילאן טבעי לחיץ יד מ,גרמים,630.00,100 גרם,false,,26.90,4.2698,true,1,229040
7290112351258,false,עוגיית קקאו פינוקיות שחור לבן 200 גר,הגביע מוצרי ופלים,IL,פינוקיות עוגיית שחור,גרמים,200.00,100 גרם,false,,13.90,6.9500,true,1,255264
7290112351524,false,עלי סלנובה 200 גר' שטראוס,שטראוס בריאות ירקות,IL,עלי סלנובה טעם הטבע,גרמים,200.00,100 גרם,false,,12.90,6.4500,true,1,244942
7290112351753,false,שלישיית פסק זמן קראנ,STRAUSS-ISRAEL,,שלישיית פסק זמן קראנ,גרמים,96.00,100 גרם,false,,14.90,15.5208,true,1,280988
7290112354174,false,"פסטה רוזה 280 ג""ר ""דלישס"" שטראוס","טרופיקל דגיל בע""מ אז",IT,פסטה רוזה שטראוס דלי,גרמים,280.00,100 גרם,false,,22.90,8.1786,true,1,363255
7290112354204,false,"ספגטי עגבניות 280 גר' ""דלישס"" שטראוס",גסטרונומיה פרוסט אס.,IT,ספגטי עגבניות שטראוס,גרמים,280.00,100 גרם,false,,22.90,8.1786,true,1,363257
7290112354228,false,"פיצה מרגריטה עם זיתים ""דלישס"" שטראוס",סקרלינפיצה אס.אר.אל,IT,פיצה מרגריטה זיתים ש,גרמים,400.00,100 גרם,false,,27.90,6.9750,true,1,363325
7290112354235,false,ברקטה פיצה - 2 יחידות במארז,סקרלינפיצה אס.אר.אל,IT,ברקטה פיצה שטראוס דל,גרמים,300.00,100 גרם,false,,26.90,8.9667,true,1,363341
7290112354945,false,חטיף תפוצ'יפס WAVY בטעם טבעי,שטראוס פריטו ליי בע”,IL,תפוצ'יפס wavy 50 גר,גרמים,50.00,100 גרם,false,,4.90,9.8000,true,1,501794
7290112355027,false,דנונה פרו 20 גרם חלבון קרמל מלוח 200 גרם,"שטראוס בריאות בע""מ",IL,דנונה פרו 20 גר' בטע,גרמים,200.00,100 גרם,false,,6.90,3.4500,true,1,277164
7290112355263,false,רוטב שמנת עם שוקולד 9% שומן 260 ג' יטבתה,מחלבת יטבתה,IL,רוטב שמנת עם שוקולד9,גרמים,265.00,100 גרם,false,,11.90,4.4906,true,1,434369
7290112356536,false,אבקת קקאו 150 גר 10% תוספת עלית,הנסיך- מפעל לייצור ט,IL,עלית קקאו 150 גרם +,גרמים,150.00,100 גרם,false,,10.90,7.2667,true,1,251950
7290112357045,false,עגבניות איטלקיות מרוסקות 390 גר' בקופסה טעם הטבע,שטראוס טעם הטבע,IT,עגבניות איטלקיות מרו,גרמים,390.00,100 גרם,false,,6.90,1.7692,true,1,231335
7290112357069,false,מחית עגבניות איטלקיות בקופסה 500 גר' טעם הטבע,שטראוס טעם הטבע,IT,מחית עגבניות איטלקיו,גרמים,500.00,100 גרם,false,,7.90,1.5800,true,1,231336
7290112357083,false,טעם הטבע אפונה ירוקה 380 גרם קופסה,הדקלאים אגודת שיתופי,IT,אפונה ירוקה טעם הטבע,גרמים,380.00,100 גרם,false,,7.90,2.0789,true,1,349085
7290112357106,false,שעועית אדומה 380 גר' בקופסה טעם הטבע,שטראוס טעם הטבע,IT,שעועית אדומה טעם הטב,גרמים,380.00,100 גרם,false,,7.90,2.0789,true,1,231337
7290112357113,false,גרגרי חומוס בקופסה 380 גר' טעם הטבע,שטראוס טעם הטבע,IT,גרגרי חומוס טעם הטבע,גרמים,380.00,100 גרם,false,,7.90,2.0789,true,1,231338
7290112357175,false,קפסולות בוסט למכונות נספרסו 50 גר,שטראוס קפה בי.וי,IL,קפסולות BOOST למכונו,גרמים,50.00,100 גרם,false,,19.90,39.8000,true,1,212204
7290112357892,false,סוכריות FRESH מנטה שלישיה 3*15 גר',הליקון גידה,TR,שלישיית סוכריות FRES,גרמים,45.00,100 גרם,false,,9.90,22.0000,true,1,261718
7290112358004,false,פסק זמן קראנצ' עלית 32 גרם,שולן צ'יקולטה גידה ס,IL,פסק זמן קראנץ' 32 גר,גרמים,32.00,100 גרם,false,,5.90,18.4375,true,1,293196
7290112358219,false,יד מרדכי רוטב צ'ילי מתוק 300 גרם,אף.סי תבליני בגליל ב,IL,יד מורדכי רוטב צ'ילי,מיליליטרים,300.00,"100 מ""ל",false,,15.90,5.3000,true,1,251879
7290112358240,false,רוטב גריל יד מרדכי 300 גרם,"בית אל מזון בע""מ",IL,יד מורדכי רוטב גריל,מיליליטרים,300.00,"100 מ""ל",false,,15.90,5.3000,true,1,291928
7290112358257,false,רוטב לעוף עם שזיפים יד מרדכי 300 גרם,יד מרדכי,IL,יד מורדכי רוטב לעוף,מיליליטרים,300.00,"100 מ""ל",false,,15.90,5.3000,true,1,231293
7290112358431,false,עד חצות דאבל ביסקוויט עם שוקולד חלב -8 אריזות אישיות,הדקלאים אגודת שיתופי,IL,דאבל ביסקוויט עם שוק,גרמים,200.00,100 גרם,false,,15.90,7.9500,true,1,307241
7290112490032,false,"נמס בכוס תירס קנור בד""ץ, זוגי 22.5X2 גרם,",יוניליוור,IL,נמס בכוס תירס קנור 2,גרמים,45.00,100 גרם,false,,7.90,17.5556,true,1,129417
7290112490209,false,נמס בכוס מרק עגבניות עם קרוטונים רכיבים טבעיים,אתר חיפה אבקות - Foo,IL,נמס בכוס מרק עגבניות,גרמים,56.00,100 גרם,false,,7.90,14.1071,true,1,131012
7290112490216,false,נמס בכוס מרק עוף עם קרוטונים רכיבים טבעיים,אתר חיפה אבקות - Foo,IL,נמס בכוס בטעם עוף קר,יחידה,48.00,יחידה,false,,7.90,0.1646,true,1,129489
7290112490674,false,קונפיטורה דובדבנים 778 50% פרי 340 גר-,אתר חיפה 778 - Food,IL,קונפיטורה 778 דובדבן,גרמים,340.00,100 גרם,false,,16.90,4.9706,true,1,126115
7290112490735,false,מרק עשיר עגבניות פסטה ר.טבעי קנור 105ג',יוניליוור,IL,מרק היום מרק עגבניות,גרמים,105.00,100 גרם,false,,12.50,11.9048,true,1,355191
7290112490759,false,מרק עשיר עוף עם אטריות רכיבים טבעיים 74 ג' קנור,יוניליוור,IL,מרק היום עוף עם אטרי,גרמים,74.00,100 גרם,false,,12.50,16.8919,true,1,355176
7290112491770,false,בייגלה דקים דקים מלח ב.בייגל 300 גר',בייגל את בייגל מזון,IL,בייגלה דקים דקים עם,גרמים,300.00,100 גרם,false,,12.90,4.3000,true,1,135171
7290112491787,false,בייגלה דקים דקים שומשום קלאסי 300 גרם,בייגל בייגל BB,IL,בייגלה דקים דקים עם,גרמים,300.00,100 גרם,false,,12.90,4.3000,true,1,135172
7290112492449,false,פינוק שמפו שיער רגיל 700 מל-חדש,יוניליוור ישראל טיפו,IL,פינוק שמפו לשיער רגי,מיליליטרים,700.00,"100 מ""ל",false,,11.90,1.7000,true,1,221406
7290112492456,false,"שמפו פינוק לשיער יבש/פגום 700 מ""ל",יוניליוור ישראל טיפו,IL,פינוק שמפו שיער יבש,מיליליטרים,700.00,"100 מ""ל",false,,11.90,1.7000,true,1,221407
7290112492463,false,"שמפו ומרכך פינוק 2 ב1 לשיער רגיל 700 מ""ל",יוניליוור ישראל טיפו,IL,פינוק 2ב1 לשיער רגיל,מיליליטרים,700.00,"100 מ""ל",false,,11.90,1.7000,true,1,221408
7290112492548,false,"מרכך פינוק עם שמן חוחובה 700 מ""ל",אתר ליוור - HPC,IL,פינוק מרכך לשיער יבש,מיליליטרים,700.00,"100 מ""ל",false,,11.90,1.7000,true,1,221412
7290112492630,false,"שמפו וג'ל רחצה וסבון פנים לגבר 700 מ""ל פינוק",אתר ליוור - HPC,IL,פינוק לגבר 3 ב-1 700,מיליליטרים,700.00,"100 מ""ל",false,,11.90,1.7000,true,1,221429
7290112492715,false,"פינוק שמפו ללא דמעות לסירוק קל לילדים 700 מ""ל",אתר ליוור - HPC,IL,פינוק שמפו לילדים 70,מיליליטרים,700.00,"100 מ""ל",false,,12.90,1.8429,true,1,243223
7290112492746,false,"פינוק מרכך ללא דמעות לסירוק קל לילדים 700 מ""ל",אתר ליוור - HPC,IL,פינוק מרכך ילדים 700,מיליליטרים,700.00,"100 מ""ל",false,,12.90,1.8429,true,1,243238
7290112492982,false,"אבקת מרק פטריות כשל""פ 100% רכיבים טבעיים 400 גרם",יוניליוור ישראל מזון,IL,מרק פטריות 100% רכיב,יח',400.00,יח',false,,31.90,0.0797,true,1,236496
7290112493095,false,נמס בכוס מרק עגבניות חריף רכיבים טבעיים קנור 48 ג',אתר חיפה אבקות - Foo,IL,נמס בכוס מרק עגבניות,גרמים,48.00,100 גרם,false,,7.90,16.4583,true,1,157618
7290112493316,false,מרק אפונה רכיבים טבעיים 117 ג' קנור,יוניליוור,IL,מרק היום מרק אפונה 1,גרמים,117.00,100 גרם,false,,12.50,10.6838,true,1,159009
7290112494382,false,פירה בטעם ביתי 260 גרם-קופסא,יוניליוור ישראל מזון,IL,פירה בטעם ביתי קנור,גרמים,260.00,100 גרם,false,,14.90,5.7308,true,1,196443
7290112494993,false,דגני בוקר וניל 686ג' כריות,יוניליוור שפע ישראל,IL,"כריות וניל תלמה בד""ץ",גרמים,686.00,100 גרם,false,,31.90,4.6501,true,1,196408
7290112495006,false,כריות נוגט 686 גרם - קופסא,יוניליוור שפע ישראל,IL,"כריות נוגט תלמה בד""ץ",גרמים,686.00,100 גרם,false,,28.90,4.2128,true,1,196420
7290112495105,false,נשנושים שמנת בצל 260 גרם -נ.ל.פ,בייגל את בייגל מזון,IL,נשנושים שמנת בצל 260,גרמים,260.00,100 גרם,false,,14.90,5.7308,true,1,196444
7290112495112,false,נשנושים זעתר ב.בייגל 260ג',בייגל את בייגל מזון,IL,נשנושים זעתר 260 גרם,גרמים,260.00,100 גרם,false,,14.90,5.7308,true,1,196445
7290112495150,false,נשנושים קרקר עגול מלוח 300 גרם נ.ל.פ,בייגל את בייגל מזון,IL,נשנושים עגול מלוח 30,גרמים,300.00,100 גרם,false,,14.90,4.9667,true,1,196435
7290112495167,false,נשנושי קרקר שומשום בייגל בייגל 350 גרם,בייגל את בייגל מזון,IL,נשנושים משולש שומשום,גרמים,300.00,100 גרם,false,,14.90,4.9667,true,1,196436
7290112495754,false,"רטבי הלמנס לסלט 300 מ""ל אלף האיים",יוניליוור ישראל מזון,IL,רוטב אלף האיים הלמנס,גרמים,305.00,100 גרם,false,,12.90,4.2295,true,1,215684
7290112496027,false,סירופ שוקולד 580 גרם-בקבוק,יוניליוור ישראל מזון,IL,"סירופ שוקולד 600 מ""ל",מיליליטרים,600.00,"100 מ""ל",false,,14.90,2.4833,true,1,213472
7290112496294,false,חטיף פתית צ'יפס עם אפונה ירוקה צהובה וצ'ילי,JLM גלובל פודס37 דרך,GB,פתית צ'יפס עם אפונה,גרמים,22.00,100 גרם,false,,5.90,26.8182,true,1,352547
7290112497000,false,פנטסטיק תרכיז ניקוי רב תכליתי בניחוח לימון,"זוהר דליה, קיבוץ דלי",IL,סיף פנטסטיק ניקוי כל,יחידה,0.00,יחידה,false,,14.90,0.0000,true,1,225857
7290112497123,false,סחלב תערובת להכנת מעדן בטעם סחלב 112גרם,יוניליוור ישראל מזון,IL,קנור סחלב 112 גרם,גרמים,112.00,100 גרם,false,,13.90,12.4107,true,1,273804
7290112497864,false,אבקת מרק בטעם עוף רכיבים טבעיים 33% פחות נתרן 400 גרם,יוניליוור,IL,מרק בטעם עוף רכיבים,גרמים,400.00,100 גרם,false,,31.90,7.9750,true,1,355132
7290112498441,false,"קנור רוטב אסיאתי למוקפץ 300 מ""ל בד""ץ",אתר חיפה 778 - Food,IL,טעמים מהמזרח רוטב רו,גרמים,370.00,100 גרם,false,,14.90,4.0270,true,1,486500
7290112498526,false,"פתית צ'יפס עם בטטה סגולה בטעם שמנת ובצל, 22 גרם",JLM גלובל פודס37 דרך,GB,פתית צ'יפס עם בטטה ס,גרמים,21.00,100 גרם,false,,5.90,28.0952,true,1,329059
7290112499097,false,מאגדת מיני מגנום מריר Intense Dark! 240 גרם,"מיוצר ע""י גלידת שטרא",IL,מאגדת מיני מגנום מרי,גרמים,240.00,100 גרם,false,,31.90,13.2917,true,1,388454
7290112499127,false,שלגון גלידה שוקולד לבן ותות 77 גרם,"מיוצר ע""י גלידת שטרא",IL,שלגון גלידה שוקולד ל,גרמים,77.00,100 גרם,false,,9.90,12.8571,true,1,388533
7290112499219,false,מאגדת מיני גודיז פיסטוק ושוקולד 235 ג' שטראוס,"גלידת שטראוס בע""מ, ר",IL,מאגדת גלידה בטעמי פי,100 יח',5.00,100 יח',false,,32.90,658.0000,true,1,434772
7290112499639,false,טילון סופר מגנום וניל צ'יפ ושוקולד 110 ג',"מיוצר ע""י גלידת שטרא",IL,טילון סופר מגנום וני,יחידה,0.00,יחידה,false,,9.90,0.0000,true,1,216345
7290112499677,false,מגנום וניל בציפוי שוקולד לבן,"מיוצר ע""י גלידת שטרא",IL,מגנום שוקולד לבן ADR,יחידה,0.00,יחידה,false,,9.90,0.0000,true,1,209508
7290112499776,false,גלידת שמנת מופחתת שומן וקלוריות בטעם שוקולד לבן 240 גרם,"גלידת שטראוס בע""מ, ר",IL,מאגדת גודיז שלגון אי,גרמים,240.00,100 גרם,false,,31.90,13.2917,true,1,219426
7290112499837,false,"שלגון בטעם שוקולד עם נוגט ""מגנום""","מיוצר ע""י גלידת שטרא",IL,מגנום דואט שוקולד עם,גרמים,90.00,100 גרם,false,,9.90,11.0000,true,1,216329
7290112499929,false,מגנום שוקולד אימפלס פסח 120מל,"מיוצר ע""י גלידת שטרא",IL,מגנום שוקולד,גרמים,90.00,100 גרם,false,,9.90,11.0000,true,1,216330
7290112960542,false,בונזור לחם מחמצת קלמטה קנוי 12*480גר,בונז'ור,,לחם מחמצת קלמטה 480,גרמים,480.00,100 גרם,false,,22.90,4.7708,true,1,132696
7290112961327,false,בייגלה כפיות פיזור כפרי 300 גרם אסם,"אסם תעשיות בע""מ",IL,אסם בייגלה כפיות פיז,גרמים,300.00,100 גרם,false,,12.90,4.3000,true,1,139494
7290112961372,false,פיטנס חטיפי פריכיות דקות קינמון 60 גרם,"פרח תעשיות מזון בע""מ",IL,חטיפי פריכיות דקות ק,גרמים,60.00,100 גרם,false,,8.90,14.8333,true,1,136965
7290112961440,false,פיטנס חטיפי פריכיות שוקולד מריר 84 גרם,פרח תעשיות,IL,פיטנס בר פריכיות שוק,גרמים,84.00,100 גרם,false,,15.90,18.9286,true,1,228625
7290112961464,false,פיטנס חטיפי פריכיות דגנים וחומוס מתובלות,"פרח תעשיות מזון בע""מ",IL,חטיפי פריכיות דקות מ,גרמים,60.00,100 גרם,false,,8.90,14.8333,true,1,136966
7290112962225,false,אסם פסטה חיות מהדורה 400 ג,זארה,IL,פסטה חיות אסם 400 גר,גרמים,400.00,100 גרם,false,,6.90,1.7250,true,1,135989
7290112962287,false,טבעול שווארמה טבעונית 6*450 גרם,מיוצר עי קונדיטוריית,IL,שווארמה טבעונית טבעו,גרמים,450.00,100 גרם,false,,34.90,7.7556,true,1,218334
7290112962737,false,טבעול שניצל מן הצומח עם חלבון 664 גרם,עיצובים 2020 (4.8),IL,טבעול שניצל מן הצומח,גרמים,664.00,100 גרם,false,,37.90,5.7078,true,1,136183
7290112963000,false,"רוטב צ'ילי מתוק פחת נתרן וסוכר 290 מ""ל אסם","אסם תעשיות בע""מ",IL,רוטב צ'ילי מתוק מופח,מיליליטרים,290.00,"100 מ""ל",false,,13.90,4.7931,true,1,212554
7290112963529,false,טילון אקסטרים שוקו וניל פרווה מאגדת 444 גר',שוורצקוף& הנקל דיסלד,IL,מאגדת אקסטרים 6 יח',גרמים,444.00,100 גרם,false,,39.90,8.9865,true,1,142340
7290112963918,false,פיטנס חטיפי קרקר דק רוזמרין 140 גרם,נסטלה Nestle,IL,פיטנס חטיפי קרקר דק,גרמים,140.00,100 גרם,false,,14.90,10.6429,true,1,153105
7290112964410,false,אסם רוטב אלף האיים חדש לסלט 290 גרם,"אסם תעשיות בע""מ",IL,אסם רוטב אלף האיים ל,מיליליטרים,290.00,"100 מ""ל",false,,13.90,4.7931,true,1,145789
7290112964564,false,"רוטב אלף האיים לייט לסלט 290 מ""ל אסם","אסם תעשיות בע""מ",IL,אסם רוטב אלף האיים ל,מיליליטרים,295.00,"100 מ""ל",false,,13.90,4.7119,true,1,145783
7290112964724,false,המבורגר צמחוני עם המון חלבון 580 גר,מיוצר עי קונדיטוריית,IL,טבעול המבורגר טבעוני,גרמים,580.00,100 גרם,false,,37.90,6.5345,true,1,159614
7290112965141,false,תבשיל פתיתים אפויים עם ירקות 130 גרם,"אסם תעשיות בע""מ",IL,פתיתים אפויים עם ירק,גרמים,130.00,100 גרם,false,,13.90,10.6923,true,1,198059
7290112965165,false,מרק נמס בטעם פטריות זוג * 24 ג' אסם,"אסם תעשיות בע""מ",IL,זוג מרק נמס פטריות ב,גרמים,48.00,100 גרם,false,,6.90,14.3750,true,1,153093
7290112965240,false,אוסם - מרק נמס עגבניות זוג 30 גרם * 2,"אסם תעשיות בע""מ",IL,זוג מרק נמס עגבניות,גרמים,60.00,100 גרם,false,,6.90,11.5000,true,1,153096
7290112965264,false,אסם זוג מרק נמס אפונה בדצ 14*30גרם,"אסם תעשיות בע""מ",IL,זוג מרק נמס אפונה בד,גרמים,30.00,100 גרם,false,,6.90,23.0000,true,1,153097
7290112965301,false,זוג מרק נמס בטעם עוף עם שקדי מרק רגע חם,"אסם תעשיות בע""מ",IL,זוג מרק נמס טעם עוף,גרמים,38.00,100 גרם,false,,6.90,18.1579,true,1,153099
7290112965325,false,תבשיל אורז ספרדי אוסם 140 גרם,"אסם תעשיות בע""מ",IL,אורז ספרדי אסם 140 ג,גרמים,140.00,100 גרם,false,,13.90,9.9286,true,1,198060
7290112965660,false,פיטנס - חטיף מולטיגריין מלח פלפל 25 גרם,מיוצר עי קונדיטוריית,IL,פיטנס חטיף מולטיגריי,גרמים,25.00,100 גרם,false,,5.80,23.2000,true,1,276995
7290112965684,false,פיטנס - חטיף מולטיגריין עשבי תיבול 25 גרם,מיוצר עי קונדיטוריית,IL,פיטנס חטיף מולטיגריי,גרמים,25.00,100 גרם,false,,5.80,23.2000,true,1,276996
7290112965783,false,אוסם - ביסלי פריסטייל על האש 60 גרם,"אסם תעשיות בע""מ",IL,ביסלי פריסטייל על הא,גרמים,60.00,100 גרם,false,,4.90,8.1667,true,1,325502
7290112965806,false,אוסם - ביסלי פריסטייל חמוץ חריף 60 גרם,"אסם תעשיות בע""מ",IL,ביסלי פריסטייל חמוץ,גרמים,60.00,100 גרם,false,,4.90,8.1667,true,1,325503
7290112965905,false,אסם בייגלה שמיניות במליחות מעודנת 400 גרם,מיוצר עי קונדיטוריית,IL,אסם בייגלה שמיניות ב,גרמים,400.00,100 גרם,false,,12.90,3.2250,true,1,198924
7290112965943,false,טבעול נאגטס ירקות ירוקים 6*500גרם,טבעול תעשיות מזון בע,IL,טבעול נאגטס ירקות יר,גרמים,500.00,100 גרם,false,,37.90,7.5800,true,1,275702
7290112965981,false,טבעול גורמה ארוחת דגנים 450 גרם,טבעול (מקבוצת אסם הש,IL,טבעול גורמה ארוחת דג,גרמים,450.00,100 גרם,false,,36.90,8.2000,true,1,455258
7290112966094,false,הבית עוגת תפוז מופחתת סוכר 400 גרם,מיוצר עי קונדיטוריית,IL,עוגת הבית תפוז מופחת,גרמים,400.00,100 גרם,false,,15.90,3.9750,true,1,198069
7290112966803,false,אסם פודינג אינסטנט שוקולד 95 גרם,"אסם תעשיות בע""מ",IL,אסם פודינג אינסטנט ש,גרמים,88.00,100 גרם,false,,6.50,7.3864,true,1,198061
7290112968340,false,צבר חומוס גרוס גס גס 400 גרם,שוורצקוף& הנקל דיסלד,IL,חומוס גרוס גס גס צבר,גרמים,400.00,100 גרם,false,,14.90,3.7250,true,1,212429
7290112968449,false,סלט טחינה כרוב אדום 250 גרם,שוורצקוף& הנקל דיסלד,IL,סלט כרוב אדום צבר 25,גרמים,250.00,100 גרם,false,,13.90,5.5600,true,1,212577
7290112968807,false,פיטנס - קרקר דק סלק 140 גרם,מפעל אסם יקנעם,IL,פיטנס קרקר דק סלק 14,גרמים,140.00,100 גרם,false,,14.90,10.6429,true,1,284416
7290112969071,false,פרפקטו פסטה רדיאטורי 12*500גרם,פסטה לנסי,IT,פסטה רדיאטורי אסם 50,גרמים,500.00,100 גרם,false,,12.90,2.5800,true,1,224342
7290112969903,false,טבעול נאגטס ירקות לבנים 6*500גרם,טבעול תעשיות מזון בע,IL,טבעול נאגטס ירקות לב,גרמים,500.00,100 גרם,false,,37.90,7.5800,true,1,275717
7290113100121,false,מסננת גודל 24.5 + יד,,,מסננת גודל 24.5 + יד,יחידה,0.00,יחידה,false,,24.90,0.0000,true,1,126487
7290113100183,false,משחיז סכינים,,,משחיז סכינים,יחידה,0.00,יחידה,false,,93.90,0.0000,true,1,126534
7290113100275,false,מגרדת משושת,,,מגרדת משושת,יחידה,0.00,יחידה,false,,42.90,0.0000,true,1,126581
7290113100282,false,פורס פיצה,,,פורס פיצה,יחידה,0.00,יחידה,false,,15.90,0.0000,true,1,126582
7290113100633,false,תבנית אינגליש +מכסה,,,תבנית אינגליש +מכסה,יחידה,0.00,יחידה,false,,149.50,0.0000,true,1,126807
7290113100640,false,תבנית אפיה לפיצה,,,תבנית אפיה לפיצה,יחידה,0.00,יחידה,false,,79.50,0.0000,true,1,126815
7290113100749,false,מולטי רוסטר אפיה,,,מולטי רוסטר אפיה,יחידה,0.00,יחידה,false,,129.90,0.0000,true,1,126822
7290113101012,false,מגרדת ידנית,,,מגרדת ידנית,יחידה,0.00,יחידה,false,,19.90,0.0000,true,1,126508
7290113101272,false,כותש שום יוקרתי דגם,,,כותש שום יוקרתי דגם,יחידה,0.00,יחידה,false,,56.90,0.0000,true,1,126850
7290113101296,false,פותחן בקבוקים סיליקו,,,פותחן בקבוקים סיליקו,יחידה,0.00,יחידה,false,,29.90,0.0000,true,1,126880
7290113101678,false,סכין קצבים,,,סכין קצבים,יחידה,0.00,יחידה,false,,48.90,0.0000,true,1,126559
7290113101760,false,סט 3 סכיני בשר,,,סט 3 סכיני בשר,יחידה,0.00,יחידה,false,,27.90,0.0000,true,1,126471
7290113102170,false,תרבד איכותי,,,תרבד איכותי,יחידה,0.00,יחידה,false,,20.90,0.0000,true,1,126889
7290113102187,false,כף מסננת,,,כף מסננת,יחידה,0.00,יחידה,false,,24.90,0.0000,true,1,126890
7290113102194,false,כף מרק,,,כף מרק,יחידה,0.00,יחידה,false,,20.90,0.0000,true,1,126891
7290113102200,false,כף שטוחה,,,כף שטוחה,יחידה,0.00,יחידה,false,,20.90,0.0000,true,1,126892
7290113102217,false,מטרפה,,,מטרפה,יחידה,0.00,יחידה,false,,20.90,0.0000,true,1,126893
7290113102934,false,קולפן איכותי,,,קולפן איכותי,יחידה,0.00,יחידה,false,,18.90,0.0000,true,1,156152
7290113192171,false,מיקס אגוזים שקדים וחמוציות 150 גרם,דין שיווק,IL,מיקס אגוזים שקדים וח,גרמים,150.00,100 גרם,false,,14.90,9.9333,true,1,270176
7290113192317,false,טבעות זיתים מושחרים 280 גרם בית השיטה,בית השיטה,IL,טבעות זיתים מושחרים,גרמים,280.00,100 גרם,false,,12.90,4.6071,true,1,204488
7290113192324,false,זיתים ירוקים ושלמים בינוניים 340 גרם,בית השיטה,IL,זית ירוק בית השיטה 3,גרמים,340.00,100 גרם,false,,10.90,3.2059,true,1,204489
7290113192331,false,בית השיטה זיתים ירוקים גדולים 340 גרם*,בית השיטה,IL,זיתים ירוק גדול בית,גרמים,340.00,100 גרם,false,,11.90,3.5000,true,1,204490
7290113192348,false,בית השיטה זיתים ירוקים גדול מאודבטעם שום,בית השיטה,IL,זית ירוק שום 17-19בי,גרמים,560.00,100 גרם,false,,11.90,2.1250,true,1,204505
7290113192355,false,חרוזית זיתים ירוקים ללא גלעין 275 ג' בית השיטה,בית השיטה,IL,זיתים חרוזית ירוק בי,גרמים,275.00,100 גרם,false,,10.90,3.9636,true,1,204506
7290113192362,false,זיתים ירוקים טבעות A2 בית השיטה 280 גרם,בית השיטה,IL,טבעות זיתים ירוקים ב,גרמים,280.00,100 גרם,false,,11.90,4.2500,true,1,204507
7290113192379,false,בית השיטה זיתים ירוקים מבוקעים א2 340גר',בית השיטה,IL,זיתים ירוקים מבוקעים,גרמים,340.00,100 גרם,false,,11.90,3.5000,true,1,204508
7290113192393,false,בית השיטה קוקטייל זיתים א2 336 גרם,בית השיטה,IL,קוקטייל זיתים בית הש,גרמים,336.00,100 גרם,false,,12.90,3.8393,true,1,204523
7290113192478,false,בית השיטה מלפפונים במלח בינוני 10-12 320 גרם,בית השיטה,IL,מלפפון במלח 10-12 בי,גרמים,320.00,100 גרם,false,,8.90,2.7813,true,1,204728
7290113192485,false,בית השיטה מלפפונים בחומץ בינוני 10-12 290 גרם,בית השיטה,IL,מלפפון בחומץ 12-10 ב,גרמים,290.00,100 גרם,false,,8.90,3.0690,true,1,204729
7290113192492,false,בית השיטה מלפפונים בחומץ קטנים 1317 290 גרם,בית השיטה,IL,מלפפון בחומץ 13-17 ב,גרמים,290.00,100 גרם,false,,11.90,4.1034,true,1,204730
7290113192508,false,בית השיטה מלפפונים במלח קטן 1317 320 גרם,בית השיטה,IL,מלפפון במלח 13-17 בי,גרמים,320.00,100 גרם,false,,11.90,3.7188,true,1,204731
7290113192515,false,בית השיטה מלפפונים במלח קטן מאוד 1825 320 גרם,בית השיטה,IL,מלפפון במלח 18-25 בי,גרמים,320.00,100 גרם,false,,13.90,4.3438,true,1,204732
7290113192522,false,בית השיטה מלפפונים בחומץ קטן מאוד 1825 290 גרם,בית השיטה,IL,מלפפון בחומץ 18-25 ב,גרמים,290.00,100 גרם,false,,13.90,4.7931,true,1,204733
7290113192539,false,בית השיטה מלפפונים במלח גדול 79 320 גרם,בית השיטה,IL,מלפפון במלח 7-9 בית,גרמים,560.00,100 גרם,false,,7.90,1.4107,true,1,204747
7290113192546,false,"מלפפונים בחומץ רכיבים טבעיים 7-9 ""בית השיטה""",בית השיטה,IL,מלפפון בחומץ 7-9 בית,גרמים,560.00,100 גרם,false,,7.90,1.4107,true,1,204748
7290113192553,false,בית השיטה מלפפונים במלח 13-17 בלדי 320 גר',בית השיטה,IL,מלפפון במלח בלדי 13-,גרמים,320.00,100 גרם,false,,12.90,4.0313,true,1,204762
7290113192560,false,בית השיטה פלפל שיפקה חריף כבוש 230 גרם,בית השיטה,IL,פלפל שיפקה בית השיטה,גרמים,230.00,100 גרם,false,,8.90,3.8696,true,1,204763
7290113192577,false,בית השיטה כרוב כבוש חתוך 430 גרם,בית השיטה,IL,כרוב כבוש בית השיטה,יחידה,430.00,יחידה,false,,8.90,0.0207,true,1,204764
7290113192881,false,"טורטיה חיטה מופחת קלוריות, קוטר 20 ס""מ - 6 יח'",דין שיווק,TR,טורטיה חיטה מופחתת ק,גרמים,270.00,100 גרם,false,,10.00,3.7037,true,1,346079
7290113192997,false,בית השיטה זית מרוקאי 340 גרם*,בית השיטה,IL,זית מרוקאי בית השיטה,גרמים,340.00,100 גרם,false,,15.90,4.6765,true,1,270613
7290113193000,false,בית השיטה פלפל שיפקונית 230 גרם*,שוורצקוף& הנקל דיסלד,IL,פלפל שיפקונית בית הש,גרמים,230.00,100 גרם,false,,12.90,5.6087,true,1,270628
7290113193017,false,בית השיטה חרוזית קוקטייל זיתים 275 גרם,"אסם תעשיות בע""מ",IL,בית השיטה קוקטייל זי,גרמים,275.00,100 גרם,false,,12.90,4.6909,true,1,270598
7290113193031,false,חרוזית קלמטה - זיתים שחורים ללא גלעין קלמטה,שוורצקוף& הנקל דיסלד,IL,חרוזית קלמטה בית השי,גרמים,275.00,100 גרם,false,,15.90,5.7818,true,1,270599
7290113193321,false,"שמן זית כתית מעולה בית השיטה 750 מ""ל",בית השיטה,IL,שמן זית כתית מעולה ב,מיליליטרים,750.00,"100 מ""ל",false,,35.90,4.7867,true,1,365132
7290113193406,false,"קוקטייל טבעות זיתים - זיתים ירוקים, שחורים מרינד",בית השיטה,IL,טבעות קוקטיל זיתים ב,גרמים,560.00,100 גרם,false,,11.90,2.1250,true,1,270614
7290113195073,false,חלבה טורקית עם פיסטוק 400 גר,,TR,חלבה טורקית עם פיסטו,גרמים,400.00,100 גרם,false,,13.90,3.4750,true,1,346435
7290113196414,false,"אורז בסמטי 1 ק""ג כחול מטאלי שקדיה",דאבה סינג שאם סינג,IN,אורז בסמטי שקדיה 1 ק,קילוגרמים,1.00,"ק""ג",false,,10.50,10.5000,true,1,346137
7290113196902,false,מנה חמה אטריות אורז בטעם בקר 70 ג' סו שף,טיאן האנג פוד ג'וינט,VN,מנה חמה אטריות אורז,גרמים,60.00,100 גרם,false,,9.90,16.5000,true,1,476625
7290113196919,false,מנה חמה אטריות אורז בטעם עוף70 ג' סו שף,טיאן האנג פוד ג'וינט,VN,מנה חמה אטריות אורז,גרמים,60.00,100 גרם,false,,9.90,16.5000,true,1,476626
7290113196933,false,מנה חמה אטריות אורז בטעם טום יאס70 ג' סו שף,טיאן האנג פוד ג'וינט,VN,מנה חמה אטריות אורז,גרמים,60.00,100 גרם,false,,9.90,16.5000,true,1,476628
7290113197169,false,חמאת בוטנים טבעית 510 גר,סופר נוטרי פודס,IN,חמאת בוטנים טבעית שק,גרמים,510.00,100 גרם,false,,17.90,3.5098,true,1,476644
7290113198562,false,סוכריות גומי בטעם תות שדה 200 ג' שקדיה,טופגאם תעשיות ממתקים,IL,סוכריות גומי בטעמי ת,גרמים,200.00,100 גרם,false,,10.90,5.4500,true,1,407878
7290113199705,false,מוזלי פירות יבשים 500 גר' 500ג' שקדיה,,,מוזלי פירות יבשים 50,גרמים,500.00,100 גרם,false,,13.50,2.7000,true,1,455195
7290113199767,false,ממרח שקדים 300 גרם השקדיה,פפאיינס,TW,ממרח 100% שקדים 300,גרמים,300.00,100 גרם,false,,28.90,9.6333,true,1,444979
7290113199774,false,ממרח בוטנים 300 גרם השקדיה,פפאיינס,TW,ממרח 100% בוטנים 300,גרמים,300.00,100 גרם,false,,15.90,5.3000,true,1,444963
7290113199798,false,ממרח אגוזי קשיו 200 גר,פפאיינס,TW,ממרח 100% אגוז קשיו,גרמים,200.00,100 גרם,false,,26.90,13.4500,true,1,444948
7290113199927,false,סוכריות חמצוצים בטעם פירות 180 ג' שקדיה,טופגאם תעשיות ממתקים,IL,סוכריות חמצוצים בטעם,גרמים,180.00,100 גרם,false,,10.90,6.0556,true,1,407900
7290113199934,false,סוכריות חמצוצים בטעם אוכמניות 180 ג' שקדיה,טופגאם תעשיות ממתקים,IL,סוכריות חמצוצים בטעם,גרמים,180.00,100 גרם,false,,10.90,6.0556,true,1,407901
7290113289215,false,צלחות מתכלות יהלום ע,,,צלחות מתכלות יהלום ע,יחידה,0.00,יחידה,false,,21.90,0.0000,true,1,375416
7290113289543,false,כוסות שקופות 150 יחי,,,כוסות שקופות 150 יחי,יחידה,0.00,יחידה,false,,15.90,0.0000,true,1,406159
7290113289550,false,צלחות מתכלות גדולות,,,צלחות מתכלות גדולות,יחידה,0.00,יחידה,false,,31.90,0.0000,true,1,375399
7290113289567,false,צלחות מתכלות קטנות ק,,,צלחות מתכלות קטנות ק,יחידה,0.00,יחידה,false,,21.90,0.0000,true,1,375400
7290114310215,false,"שמנת מתוקה 38% רמת הגולן 250 מ""ל ווסטהיים - מוצר בפיקוח",מילקו תעשיות בעמ,IL,שמנת מתוקה 38% בקבוק,מיליליטרים,250.00,"100 מ""ל",false,,6.47,2.5880,true,1,232065
7290114310239,false,חלב טרה נטול לקטוז מועשר בוויטמין D 2% 1.5 ל',מילקו תעשיות בעמ,IL,חלב נטול לקטוז 1.5,ליטרים,1.50,ליטר,false,,12.90,8.6000,true,1,244624
7290114310246,false,125 גרנה פדנו צ'אנק גרם משק צוריאל,מחלבת משק צוריאל,IL,גרנה פדנו צ'אנק 125,גרמים,125.00,100 גרם,false,,20.90,16.7200,true,1,288042
7290114310536,false,יוגורט לייט מעושר בחלבון בטעם וניל מולר 200 ג',מולר Muller,IL,מולר אקטיב לייט יוגו,גרמים,25.00,100 גרם,false,,6.50,26.0000,true,1,305618
7290114310963,false,יוגורט מחלב עיזים מלא כ3.8% שומן מועשר 500 גר',מחלבת משק צוריאל,IL,יוגורט עיזים בדלי 3.,גרמים,500.00,100 גרם,false,,15.90,3.1800,true,1,403778
7290114311038,false,שמנת מתוקה עמידה 32% 250מל בקבוק,מילקו,IL,שמנת מתוקה 32% בקבוק,מיליליטרים,250.00,"100 מ""ל",false,,7.90,3.1600,true,1,429681
7290114311069,false,יוגורט לבן מועשר בחלבון 0% שומן 200 גרם muller active,מולר Muller,IL,יוגורט בטעם טבעי 25,גרמים,200.00,100 גרם,false,,6.90,3.4500,true,1,409895
7290114311298,false,יוגורט מולר פרופ בטעם תות בננה מלון 150,מולר Muller,IL,מולר פרופ תות בננה מ,גרמים,150.00,100 גרם,false,,5.50,3.6667,true,1,455063
7290114311304,false,יוגורט קציפת מנגו פסיפלורה בננה 150 ג' מולר,מולר Muller,IL,מולר פרופ מנגו פסיפל,גרמים,150.00,100 גרם,false,,5.50,3.6667,true,1,455064
7290114311328,false,חלב נטול לקטוז מועשר בוויטמין די 1 ליטר 2%,ג'י.אר.אמ.גרופו אלימ,IL,חלב נטול לקטוז טרה 1,ליטרים,1.00,ליטר,false,,7.90,7.9000,true,1,465376
7290114311359,false,יוגורט עם קציפת מנגו 3% שומן פרופ 150 ג' מולר,מולר Muller,IL,מולר פרופ מנגו 3% 15,גרמים,150.00,100 גרם,false,,5.50,3.6667,true,1,455048
7290114311434,false,מולר אקטיב יוגורט בטעם קרמל מלוח 200 גרם,מילקו,IL,מולר אקטיב בטעם קרמל,גרמים,200.00,100 גרם,false,,6.90,3.4500,true,1,480557
7290114311441,false,"מולר אקטיב בטעם עוגיות חמאה 0% שומן, 200 גרם",מילקו,IL,מולר אקטיב בטעם עוגי,גרמים,200.00,100 גרם,false,,6.90,3.4500,true,1,480574
7290114311458,false,קרטון חלב 3% מועשר ויטמין די 1ליטר,Unknown,IL,קרטון חלב מועשר ויטמ,ליטרים,1.00,ליטר,false,,9.90,9.9000,true,1,482518
7290114600941,false,מאסטר שף מיונז הולנדי לחיץ 435 גרם,קפה לנדוור,NL,מאסטר שף מאסטר שף מ,גרמים,435.00,100 גרם,false,,15.90,3.6552,true,1,248648
7290114603034,false,"פרי גרנולה אגוזים צימוקים וחמוציות, 300 ג'","אפקט טבעי בע""מ",IL,פרי גרנולה אגוזים צי,גרמים,300.00,100 גרם,false,,18.90,6.3000,true,1,276610
7290114603041,false,"פרי גרנולה בוטנים אגוזים וקוקוס, 300 ג'","אפקט טבעי בע""מ",IL,פרי גרנולה בוטנים אג,גרמים,300.00,100 גרם,false,,18.90,6.3000,true,1,276611
7290114603508,false,"רוטב להקצפה מאסטר שף 300 מ""ל",סיטי פוד,TH,מאסטר שף רוטב להקפצה,מיליליטרים,300.00,"100 מ""ל",false,,10.90,3.6333,true,1,271337
7290114603539,false,קרוטונים למרק שום בצל מאסטר שף 350 גרם,מאסטר שף,IL,מאסטר שף קרוטונים למ,גרמים,350.00,100 גרם,false,,19.90,5.6857,true,1,351148
7290114603768,false,"מארז אג'קס כלורון נוזל לניקוי אסלות 750 מ""ל*2 יח'",cp,FR,אג'קס שירותים 750 מ',מיליליטרים,750.00,"100 מ""ל",false,,32.90,4.3867,true,1,249327
7290114604857,false,"דפי אורז מאסטר שף קוטר 22 ס""מ 400 גרם",מאסטר שף,VN,דפי אורז קוטר 22 כשל,גרמים,400.00,100 גרם,false,,10.90,2.7250,true,1,291573
7290114604895,false,ממרח ספייסי לחיץ מאסטר שף 446 גרם,מאסטר שף,NL,מאסטר שף ממרח ספייסי,גרמים,446.00,100 גרם,false,,15.90,3.5650,true,1,306959
7290114604901,false,ממרח שום לחיץ מאסטר שף 444 גרם,מאסטר שף,NL,מאסטר שף ממרח שום לח,גרמים,242.00,100 גרם,false,,15.90,6.5702,true,1,306942
7290114606530,false,רוטב בטעם מיונז וקטשופ מאסטר שף 515 גרם,מאסטר שף,NL,מאסטר שף רוטב בטעם מ,גרמים,515.00,100 גרם,false,,15.90,3.0874,true,1,306943
7290114606547,false,מיונז פטריות כמהין לחיץ מאסטר שף 242 גרם,מאסטר שף,NL,מאסטר שף מיונז עם כמ,גרמים,242.00,100 גרם,false,,15.90,6.5702,true,1,306944
7290114606554,false,מיונז מופחת קלוריות בקבוק לחיץ,מאסטר שף,NL,מאסטר שף מיונז לייט,גרמים,470.00,100 גרם,false,,15.90,3.3830,true,1,306945
7290114608664,false,סילאן לחיץ מאסטר שף 680 גרם,,AE,סילאן לחיץ 100% תמרי,גרמים,680.00,100 גרם,false,,18.90,2.7794,true,1,461826
7290114608695,false,מיונז עם ווסאבי לחיץ מאסטר שף 241 גרם,רמיה סי.וי,NL,מיונז עם ווסאבי מאסט,גרמים,241.00,100 גרם,false,,15.90,6.5975,true,1,400531
7290115071504,false,6 מטבעות שוקולד באריזת רשת 31 גר סמי הכב,שמחה זה אנחנו,NL,מטבעות שוקולד ברשת 3,גרמים,31.00,100 גרם,false,,4.90,15.8065,true,1,283495
7290115071535,false,מטבעות שוקולד ברשת מפרץ הרפתקאות 31 גר,,NL,מטבעות שוקולד ברשת 3,גרמים,31.00,100 גרם,false,,4.90,15.8065,true,1,283498
7290115073676,true,מארז מסכות 3 שכבות צ,,,מארז מסכות 3 שכבות צ,יחידה,0.00,יחידה,false,,9.90,0.0000,true,1,246127
7290115075182,false,6 מטבעות שוקולד באריזת רשת 31 גר חד קרן,שמחה זה אנחנו,NL,מטבעות שוקולד ברשת 3,גרמים,31.00,100 גרם,false,,4.90,15.8065,true,1,283499
7290115190007,false,מרלבורו אדום בוקס פא,פיליפ מוריס,,מרלבורו רד פאקט 10*2,יחידה,0.00,יחידה,false,,345.00,0.0000,false,1,267678
7290115190014,false,סיגריות מרלבורו רד קצר בוקס,פיליפ מוריס,,סיגריות מרלבורו חפי,יחידה,0.00,יחידה,false,,36.50,0.0000,false,1,267590
7290115190069,false,מרלבורו גולד 100 PP קרטוש,פיליפ מוריס,,מרלבורו גולד 100 פאק,יחידה,0.00,יחידה,false,,345.00,0.0000,false,1,275335
7290115190076,false,סיגריות מרלבורו גולד ארוך 100 בוקס,פיליפ מוריס,,סיגריות מרלבורו חפי,יחידה,0.00,יחידה,false,,36.50,0.0000,false,1,275349
7290115190090,false,סיגריות מרלבורו גולד קצר בוקס,פיליפ מוריס,,סיגריות מרלבורו חפי,יחידה,0.00,יחידה,false,,36.50,0.0000,false,1,267607
7290115190137,false,מלבורו פיין טאצ 7.1 חפיסה,פיליפ מוריס,,מרלבורו פיין טאצ בוד,יחידה,0.00,יחידה,false,,32.50,0.0000,false,1,267592
7290115190151,false,מלבורו גולד טאצ 7.1 חפיסה,פיליפ מוריס,,מרלבורו גולד טאצ בוד,יחידה,0.00,יחידה,false,,32.50,0.0000,false,1,267573
7290115190212,false,פרלמנט ארוך בלו RCB קופסא,פיליפ מוריס,,סיגריות פרלמנט (חפיס,יחידה,0.00,יחידה,false,,42.00,0.0000,false,1,267555
7290115190236,false,סיגריות פרלמנט קצר בלו,פיליפ מוריס,,סיגריות פרלמנט (חפיס,יחידה,0.00,יחידה,false,,42.00,0.0000,false,1,267540
7290115190250,false,סיגריות פרלמנט נייטP,פיליפ מוריס,,סיגריות פרלמנט (חפיס,יחידה,0.00,יחידה,false,,42.00,0.0000,false,1,260556
7290115190335,false,ל.מ.בלו לייבל ארוך בוקס חפיסה,פיליפ מוריס,,אל אם בלו ארוך,יחידה,0.00,יחידה,false,,33.90,0.0000,false,1,311653
7290115190359,false,L&M בלו לייבל קצר-חפיסה,פיליפ מוריס,,אל אם בלו לייבל קצר,יחידה,0.00,יחידה,false,,33.90,0.0000,false,1,260537
7290115190397,false,סיגריות LM רד לייבל קצר,פיליפ מוריס,,אל אם רד לייבל קצר,יחידה,0.00,יחידה,false,,33.90,0.0000,false,1,260520
7290115190458,false,סיגריות נקסט אדג בוד,פיליפ מוריס,,נקסט אדג` בודד,יחידה,0.00,יחידה,false,,27.00,0.0000,false,1,275351
7290115190472,false,סיגריות נקסט פיין אדג',פיליפ מוריס,,נקסט פיין אדג` בודד,יחידה,0.00,יחידה,false,,27.00,0.0000,false,1,280715
7290115190519,false,סיגריות נקסט פיין חפ,פיליפ מוריס,,סיגריות נקסט (בודד),יחידה,0.00,יחידה,false,,31.90,0.0000,false,1,267557
7290115190595,false,סיגריות נקסט אוריגינ,פיליפ מוריס,,סיגריות נקסט(בודד),יחידה,0.00,יחידה,false,,31.90,0.0000,false,1,267541
7290115200003,false,אסם פתי בר פינוקים ניל 220 גרם,תאי פרזידנט פוד פאבל,PL,פתי בר פינוקי וניל 2,גרמים,220.00,100 גרם,false,,12.90,5.8636,true,1,276816
7290115200027,false,אסם פתי בר פינוקים שוקו 220 גרם,קריות זול,PL,פתי בר פינוקי שוקו 2,גרמים,220.00,100 גרם,false,,12.90,5.8636,true,1,276817
7290115200713,false,במבה קלאסי מארז אחיד 8 50*5 ג',אסם,IL,מארז במבה קלאסי אסם,גרמים,250.00,100 גרם,false,,13.90,5.5600,true,1,278803
7290115200782,true,חמישיית פיתות 10*500,,,חמישיית פיתות 10*500,גרמים,500.00,100 גרם,false,,7.90,1.5800,true,1,276461
7290115200881,false,בייגלה אסם שטוחים שומשום במליחות מעודנת 300 גר,"אסם תעשיות בע""מ",IL,אסם בייגלה שטוחים שו,גרמים,300.00,100 גרם,false,,12.90,4.3000,true,1,288915
7290115201451,false,טבעול גורמה לביבות בטטה קארי 455 גרם,טבעול (מקבוצת אסם הש,IL,טבעול גורמה לביבות ב,גרמים,455.00,100 גרם,false,,36.90,8.1099,true,1,455240
7290115201475,false,טבעול גורמה לביבות כרישה 434 גרם,טבעול (מקבוצת אסם הש,IL,טבעול גורמה לביבות כ,גרמים,434.00,100 גרם,false,,36.90,8.5023,true,1,455241
7290115201536,false,טבעול גורמה לביבות כרובית ותפוא 442 גרם,עיצובים 2020 (4.8),IL,טבעול גורמה לביבות כ,גרמים,442.00,100 גרם,false,,36.90,8.3484,true,1,455242
7290115201680,false,ביסלי בטעם ברביקיו אסם 70 גרם,"אסם תעשיות בע""מ",IL,ביסלי ברביקיו 70 גרם,גרמים,70.00,100 גרם,false,,4.90,7.0000,true,1,283694
7290115201741,false,ביסלי בטעם בצל אסם 70 גרם,"אסם תעשיות בע""מ",IL,ביסלי בצל 70 גרם,גרמים,70.00,100 גרם,false,,4.90,7.0000,true,1,278161
7290115202236,false,טבעול טופו קראנצים 470 גרם,עיצובים 2020 (4.8),IL,טבעול טופו קראנצ'ים,גרמים,470.00,100 גרם,false,,37.90,8.0638,true,1,334657
7290115202434,false,צבר סלט חומוס עם זעתר 375 גרם,ג'נרל מילס סאן אדריא,IL,חומוס עם זעתר צבר 37,גרמים,375.00,100 גרם,false,,12.90,3.4400,true,1,294357
7290115203172,false,במבה PRO מכיל 18 גרם חלבון בשקית,"אסם תעשיות בע""מ",IL,במבה אסם 80 גרם PRO,גרמים,80.00,100 גרם,false,,4.90,6.1250,true,1,453148
7290115204131,false,צבר סחוג ירוק 6*190גרם חדש,צבר,IL,סחוג ירוק המעדנייה ש,גרמים,190.00,100 גרם,false,,13.90,7.3158,true,1,419627
7290115204186,false,פסטו המעדינה של צבר,צבר,IL,פסטו המעדינה של צבר,גרמים,190.00,100 גרם,false,,18.50,9.7368,true,1,410980
7290115204247,false,ממרח עגבניות מיובשות 190 ג' צבר,צבר,IL,עגבניות מיובשות המעד,גרמים,190.00,100 גרם,false,,18.50,9.7368,true,1,410995
7290115205176,false,פיטנס - קרקר דק כפרי פיטנס 140 גרם,נסטלה Nestle,IL,פיטנס קרקר THIN כפרי,גרמים,140.00,100 גרם,false,,14.90,10.6429,true,1,368040
7290115205312,false,קרקר פיטנס דק עם זיתי קלמטה ועשבי תיבול,"אסם השקעות בע""מ",IL,פיטנס קרקר Thin Deli,גרמים,140.00,100 גרם,false,,14.90,10.6429,true,1,443261
7290115205527,false,פיטנס חטיף מולטגריין עם עדשים 24*25גרם,פיטנס,IL,פיטנס חטיף מולטגריין,גרמים,25.00,100 גרם,false,,5.80,23.2000,true,1,445228
7290115205541,false,חטיף פיטנס מולטיגריין עם חומוס 25 גרם,"אסם השקעות בע""מ",IL,פיטנס חטיף מולטיגריי,גרמים,25.00,100 גרם,false,,5.80,23.2000,true,1,445245
7290115205633,false,טבעול סנסשיונל/גורמה נקנקיות 350 גר',עיצובים 2020 (4.8),IL,טבעול סנסשיונל נקנקי,גרמים,350.00,100 גרם,false,,36.90,10.5429,true,1,455259
7290115205978,false,פתיבר ואצבעות שוקולד 180 גרם - רבנות,"ד""ר ג'רארד בע""מ",PL,פתי בר אצבעות שוקולד,גרמים,180.00,100 גרם,false,,12.90,7.1667,true,1,412044
7290115207323,false,פרפקטו פסטה פוזילי ללא גלוטן 400גרם,ניולט,IT,פסטה ספירלי ללא גלוט,גרמים,400.00,100 גרם,false,,14.90,3.7250,true,1,410034
7290115207484,false,צבר סלט חציל על האש היתר 360 גרם,ג'נרל מילס סאן אדריא,IL,חציל על האש היתר צבר,גרמים,400.00,100 גרם,false,,18.90,4.7250,true,1,393222
7290115207620,false,"רוטב בסגנון סויה קלאסי 290 מ""ל אסם","אסם תעשיות בע""מ",IL,אסם רוטב בסגנון סויה,מיליליטרים,320.00,"100 מ""ל",false,,12.90,4.0313,true,1,443132
7290115207682,false,"אסם רוטב בסגנון סויה סיני 290 מ""ל","אסם תעשיות בע""מ",IL,אסם רוטב בסגנון סויה,מיליליטרים,330.00,"100 מ""ל",false,,13.90,4.2121,true,1,443086
7290115207941,false,ויטמינצ'יק תרכיז אננס 1 ליטר,בית-השיטה עסיס תעשיו,IL,ויטמינצ'יק אננס 1 לי,ליטרים,1.00,ליטר,false,,23.50,23.5000,true,1,398818
7290115208009,false,ויטמינצ'יק תרכיז ענבים 1 ליטר,בית-השיטה עסיס תעשיו,IL,ויטמינצ'יק ענבים 1 ל,ליטרים,1.00,ליטר,false,,23.50,23.5000,true,1,398837
7290115208047,false,ויטמינצ'יק תרכיז פטל 1 ליטר,בית-השיטה עסיס תעשיו,IL,ויטמינצ'יק פטל 1 ליט,ליטרים,1.00,ליטר,false,,23.50,23.5000,true,1,398820
7290115208061,false,ויטמינצ'יק תרכיז תפוח 1 ליטר,בית השיטה עסיס תעשיו,IL,ויטמינצ'יק תפוח 1 לי,ליטרים,1.00,ליטר,false,,23.50,23.5000,true,1,398821
7290115208320,false,אפרופו חטיף בטעם ביסלי בצל 50 גרם,"אסם תעשיות בע""מ",IL,אפרופו בטעם ביסלי בצ,גרמים,50.00,100 גרם,false,,5.90,11.8000,true,1,486932
7290115208801,false,לחמית דבש ואגוזים אסם 190 גרם,Unknown,IL,לחמית דבש ואגוזים 19,גרמים,190.00,100 גרם,false,,11.90,6.2632,true,1,456917
7290115209198,false,במבה אוורירית אסם 80 גרם,"אסם תעשיות בע""מ",IL,במבה אורירית 80 גרם,גרמים,80.00,100 גרם,false,,4.90,6.1250,true,1,445261
7290115209358,false,במבה במילוי בראוניז אסם 60 גרם,"אסם תעשיות בע""מ",IL,במבה במילוי בראוניז,גרמים,60.00,100 גרם,false,,5.90,9.8333,true,1,486625
7290115209372,false,במבה במילוי בראוניז 150ג' אסם,"אסם תעשיות בע""מ",IL,במבה במילוי בראוניז,גרמים,150.00,100 גרם,false,,11.90,7.9333,true,1,486641
7290115400274,false,מיני דובשניות מתוקות 400 גר',קפולסקי א.ד.ל.,IL,מיני דובשניות בתוספת,גרמים,400.00,100 גרם,false,,12.90,3.2250,true,1,252233
7290115403299,false,עוגיות פרפריות אדל 4,,,עוגיות פרפריות אדל 4,גרמים,450.00,100 גרם,false,,18.90,4.2000,true,1,431784
7290115403312,false,עוגיות מלוחות קריספי,,,עוגיות מלוחות קריספי,גרמים,450.00,100 גרם,false,,18.90,4.2000,true,1,431786
7290115403459,false,עוגיות נסיכה בטעם תו,,,עוגיות נסיכה בטעם תו,גרמים,500.00,100 גרם,false,,18.90,3.7800,true,1,431799
7290115403473,false,עוגיות עינוגי שוקולד,,,עוגיות עינוגי שוקולד,גרמים,500.00,100 גרם,false,,18.90,3.7800,true,1,431801
7290115403480,false,עוגיות בסגנון מרוקאי,,,עוגיות בסגנון מרוקאי,גרמים,500.00,100 גרם,false,,18.90,3.7800,true,1,431802
7290115403510,false,עוגיות מגולגלות תמרי,,,עוגיות מגולגלות תמרי,גרמים,500.00,100 גרם,false,,18.90,3.7800,true,1,431804
7290115403527,false,עוגיות עינוגי תמרים,,,עוגיות עינוגי תמרים,גרמים,500.00,100 גרם,false,,18.90,3.7800,true,1,431805
7290115410549,false,המעדניה חומוס ירושלים 250 גר',סלטי היום,IL,חומוס מסעדות המעדניה,גרמים,250.00,100 גרם,false,,11.90,4.7600,true,1,345226
7290115410556,false,המעדניה חומוס מסבחה ירוק 250 גר',סלטי היום,IL,חומוס מסבחה 250 גרם,גרמים,250.00,100 גרם,false,,11.90,4.7600,true,1,345255
7290115410587,false,טחינה לבנה המעדניה 2,סלטי היום,IL,טחינה לבנה 250 גרם -,גרמים,250.00,100 גרם,false,,11.90,4.7600,true,1,345272
7290115410600,false,המעדניה חציל במיונז 250 גר',סלטי היום,IL,חציל במיונז 250 גרם-,גרמים,250.00,100 גרם,false,,11.90,4.7600,true,1,345274
7290115410631,false,המעדניה חציל בטעם כבד 250 גר',,,חציל בטעם כבד 250 גר,גרמים,250.00,100 גרם,false,,11.90,4.7600,true,1,345277
7290115671339,false,מיני פינוקיות בראוניז בייגל בוטן עלית 180 ג' עלית,הגביע מוצרי ופלים בע,IL,מיני פינוקיות בראוני,גרמים,180.00,100 גרם,false,,11.90,6.6111,true,1,334597
7290115671346,false,מיני פינוקיות טופי קרמל מלוח 180 ג' עלית,הגביע מוצרי ופלים בע,IL,מיני פינוקיות במילוי,גרמים,180.00,100 גרם,false,,11.90,6.6111,true,1,334612
7290115671353,false,מיני פינוקיות עוגיות קקאו במילוי קרם בטעם וניל,הגביע,IL,מיני פינוקיות שחור ל,גרמים,180.00,100 גרם,false,,11.90,6.6111,true,1,383563
7290115675559,false,מארז קפה טורקי לדרך 10 יחידות,שטראוס קפה בי.וי.,IL,מארז קפה טורקי לדרך,גרמים,70.00,100 גרם,false,,8.90,12.7143,true,1,284734
7290115675696,false,דגני בוקר קראנצ'ים שיבולת שועל עם אגוזים ושקדים,גלידות שטראוס,IL,דגני בוקר קוואקר שיב,גרמים,375.00,100 גרם,false,,23.90,6.3733,true,1,329104
7290115675986,false,יוגורט עם אגוזי לוז ושקדים בקרמל מלוח 4.5%,"שטראוס בריאות בע""מ",IL,דנונה קראנצ' אגוזים,גרמים,173.00,100 גרם,false,,4.90,2.8324,true,1,284091
7290115676051,false,"אקטיביה משקה+שיבולת שועל במתיקות מעודנת 250 מ""ל",מיוצר עי קונדיטוריית,IL,משקה אקטיביה עם שיבו,גרמים,265.00,100 גרם,false,,5.50,2.0755,true,1,359000
7290115676341,false,אריזות דבש אישיות טו גו 18 * 162 ג' יד מרדכי,מכוורת יד מרדכי,IL,דבש טהור באריזות איש,גרמים,162.00,100 גרם,false,,21.90,13.5185,true,1,481217
7290115677409,false,אורז קארי צהוב עם ירקות ברוטב קארי וקרם קוקוס,אוכל ביתי ניר עציון,IL,אורז קארי צהוב שטראו,גרמים,350.00,100 גרם,false,,28.90,8.2571,true,1,363275
7290115677966,false,ממרח אבוקדו 200 ג' שטראוס,ג'י. אר. סימפלוט,MX,ממרח אבוקדו אחלה 200,גרמים,200.00,100 גרם,false,,16.90,8.4500,true,1,352576
7290115678376,false,מעדן הגולן שוקולד 125 גרם,מיוצר עי קונדיטוריית,IL,מעדן הגולן מעדן חלב,גרמים,125.00,100 גרם,false,,3.50,2.8000,true,1,336179
7290115678383,false,מעדן הגולן שוקולד מריר 125 גרם,מיוצר עי קונדיטוריית,IL,מעדן הגולן מעדן חלב,גרמים,125.00,100 גרם,false,,3.50,2.8000,true,1,336194
7290116270715,false,פילה ברבוניה ארוז בו,,,פילה ברבוניה ארוז בו,יחידה,0.00,יחידה,false,,29.90,0.0000,true,1,412590
7290116531762,false,בדין דפי מרכך למייבש כביסה ורוד 40 יחיד,"קלינטסט - 3p ארה""ב",US,בדין דפי מייבש ורוד,יחידה,0.00,יחידה,false,,22.90,0.0000,true,1,390594
7290116531779,false,בדין דפי מרכך למייבש כביסה כחול 40 יחיד,"קלינטסט - 3p ארה""ב",US,בדין דפי מייבש כחול,יחידה,0.00,יחידה,false,,22.90,0.0000,true,1,390609
7290116531816,false,תחליב רחצה 700 שייק מייפל קקאו ופרלינים,אתר ליוור - HPC,IL,תחליב רחצה בניחוח שי,מיליליטרים,700.00,"100 מ""ל",false,,10.90,1.5571,true,1,375536
7290116531977,false,אקס דאודורנט בודי ספריי סקייטבורד וורדים,יוניליוור,GB,דאודורנט ספריי גוף ס,מיליליטרים,150.00,"100 מ""ל",false,,18.90,12.6000,true,1,462080
7290116532264,false,מאגדת גודיז פרי אפרסק יוגורט בציפוי 300 ג' שטראוס,"גלידת שטראוס בע""מ, ר",IL,מאגדת שלגון מופחת שו,100 יח',6.00,100 יח',false,,32.90,548.3333,true,1,434787
7290116532721,false,רוטב הלמנס ישראלי לסלט לימון וזעתר 305 ג,אתר חיפה ממרחים - Fo,IL,רוטב לסלט לימון וזעת,גרמים,295.00,100 גרם,false,,12.80,4.3390,true,1,485187
7290116930282,false,ארוחה בקטנה לאבנה עם קרקרים 150ג' תנובה,תנובה חלב,IL,לאבנה 9% שומן עם קרק,גרמים,150.00,100 גרם,false,,8.50,5.6667,true,1,454210
7290116930459,false,"יופלה שייק מנגו בננה אננס וקוקוס 230 מ""ל",קבוצת המזון אקטשלאר,IL,יופלה SHAKE בננה אנ,מיליליטרים,230.00,"100 מ""ל",false,,8.50,3.6957,true,1,454271
7290116930466,false,"משקה SHAKE בננה מנגן פסיפלורה והל 230 מ""ל יופלה",קבוצת המזון אקטשלאר,IL,יופלה SHAKE מנגו בנ,מיליליטרים,230.00,"100 מ""ל",false,,8.50,3.6957,true,1,454272
7290116930480,false,"משקה SHAKE בננה קיווי תפוח 230 מ""ל יופלה",קבוצת המזון אקטשלאר,IL,יופלה SHAKE בננה קי,מיליליטרים,230.00,"100 מ""ל",false,,8.50,3.6957,true,1,454273
7290116930954,false,יוגורט טעם פאי תפוחים 3% 150 ג' יופלה,"תנובה בע""מ",IL,יופלה בטעם פאי תפוחי,מיליליטרים,150.00,"100 מ""ל",false,,5.50,3.6667,true,1,500778
7290116931074,false,פרוסות טל העמק 32% שומן 300 גרם,"תנובה בע""מ",IL,גבינת טל העמק 32% שו,גרמים,300.00,100 גרם,false,,28.90,9.6333,true,1,464755
7290116931104,false,יופלה גו במרקם סמיך עם אננס 0% שומן 200ג',תנובה חלב,IL,יופלה גו במרקם סמיך,גרמים,200.00,100 גרם,false,,6.20,3.1000,true,1,463903
7290117260579,false,חטיף קראנצ'י על בסיס קמח עדשים בטעם שמנת חמוצה ובצל 80 ג',וילי פוד,LT,חטיף קראנצ'י על בסיס,גרמים,80.00,100 גרם,false,,8.50,10.6250,true,1,484980
7290117260586,false,חטיף קראנצ'י על בסיס קמח עדשים בטעם פלפל חלפיניו וליים 80 ג',וילי פוד,LT,חטיף קראנצ'י על בסיס,גרמים,80.00,100 גרם,false,,8.50,10.6250,true,1,484981
7290117260593,false,חטיף קראנצ'י על בסיס קמח עדשים בטעם צ'דר 80 ג',וילי פוד,LT,חטיף קראנצ'י על בסיס,גרמים,80.00,100 גרם,false,,8.50,10.6250,true,1,484982
7290117260623,false,קרמבו וניל בציפוי שוקולד חלב 300 ג' תן בו,אלויראסמינדר,DK,תן בו בטעם וניל בציפ,גרמים,300.00,100 גרם,false,,20.90,6.9667,true,1,390786
7290117260685,false,תן בו וניל ציפויים בטעמים שונים 230 גרם,אלויראסמינדה,DK,תן בו בטעם וניל בציפ,גרמים,230.00,100 גרם,false,,20.90,9.0870,true,1,390822
7290117260708,false,משקה חלב עם תות שדה 1.3% בתוספת קולגן וויטמין D,Euro יורו מחלבות אירופה,TR,משקה חלב עם תות 1.3%,ליטרים,1.00,100 ליטר,false,,13.90,1390.0000,true,1,453241
7290117260937,false,קרקרים עם עגבניות ואורגנו ללא גלוטן 125 ג' ויליפוד,ארמנדומודיאה אס.אר.א,IT,קרקרים עם עגבניות וא,גרמים,125.00,100 גרם,false,,12.90,10.3200,true,1,412648
7290117261057,false,זוג קינוחים בטעם קרם עוגיות 140 גרם,מונטרו,ES,זוג קינוחים בטעם קרם,גרמים,140.00,100 גרם,false,,12.90,9.2143,true,1,474390
7290117261101,false,זוג קינוחים בטעם שוקולד ואגוזי לוז 140ג',מונטרו,ES,זוג קינוחים בטעם שוק,גרמים,140.00,100 גרם,false,,12.90,9.2143,true,1,463186
7290117261118,false,זוג קינוחים בטעם שוקולד בציפוי שוקולד חלב 140ג',Euro יורו מחלבות אירופה,ES,זוג קינוחים בטעם שוק,גרמים,140.00,100 גרם,false,,12.90,9.2143,true,1,463187
7290117261125,false,זוג קינוחים בטעם וניל בציפוי שוקולד לבן 140ג',מונטרו,ES,זוג קינוחים בטעם וני,גרמים,140.00,100 גרם,false,,12.90,9.2143,true,1,463170
7290117261132,false,זוג קינוחים בטעם קרמל מלוח 70*2 גרם יור,מונטרו,ES,זוג קינוחים בטעם קרמ,גרמים,140.00,100 גרם,false,,12.90,9.2143,true,1,463154
7290117261354,false,גבינת ריקוטה 200 גרם 5%שומן מחלבת אירופה,באלבן גידה סנאי,TR,גבינת ריקוטה 5% שומ,גרמים,200.00,100 גרם,false,,10.90,5.4500,true,1,453177
7290117261385,false,גבינת פטה לייט 500 גרם 8% שומן מחלבת איר,באלבן גידה סנאי,TR,גבינת פטה לייט 8% ש,גרמים,500.00,100 גרם,false,,29.90,5.9800,true,1,453225
7290117261514,false,סלמון אטלנטי בשמן קנולה ולימון 120 גרם,קריות זול,LV,סלמון אטלנטי בשמן קנ,גרמים,120.00,100 גרם,false,,12.90,10.7500,true,1,482415
7290117261538,false,סלמון אטלנטי בשמן קנולה וצ'ילי 120 גרם,קריות זול,LV,סלמון אטלנטי בשמן קנ,גרמים,120.00,100 גרם,false,,12.90,10.7500,true,1,482417
7290117261545,false,סלמון אטלנטי ברוטב טריאקי וילי פוד 120 ג,קריות זול,LV,סלמון אטלנטי ברוטב ט,גרמים,120.00,100 גרם,false,,12.90,10.7500,true,1,482418
7290117261552,false,סלמון אטלנטי ברוטב עגבניות 120 גרם,קריות זול,LV,סלמון אטלנטי ברוטב ע,גרמים,120.00,100 גרם,false,,12.90,10.7500,true,1,482419
7290117261569,false,סלמון אטלנטי מעושן קנולה וילי פוד 120 גר,קריות זול,LV,סלמון אטלנטי מעושן ב,גרמים,120.00,100 גרם,false,,12.90,10.7500,true,1,482420
7290117261576,false,סרדינים בריסלינג מעושנים ברוטב עגבניות 129 גרם,קריות זול,LV,סרדינים בריסלינג מעו,גרמים,185.00,100 גרם,false,,15.90,8.5946,true,1,482397
7290117261583,false,סרדינים בריסלינג מעושנים בשמן קנולה 129 גרם (צנצנת),קריות זול,LV,סרדינים בריסלינג מעו,גרמים,185.00,100 גרם,false,,15.90,8.5946,true,1,482398
7290117261590,false,סרדינים בריסלינג מעושנים בשמן זית (צנצנת,קריות זול,LV,סרדינים בריסלינג מעו,גרמים,185.00,100 גרם,false,,15.90,8.5946,true,1,482399
7290117262221,false,"משקה יוגורט פרוביוטי עם אננס 200מ""ל 2.3%שומן יורו",Euro יורו מחלבות אירופה,TR,משקה יוגורט עם אננס,מיליליטרים,200.00,"100 מ""ל",false,,5.90,2.9500,true,1,463062
7290117262238,false,"משקה יוגורט פרוביוטי עם תות שדה 200מ""ל 2.3%שומן יורו",Euro יורו מחלבות אירופה,TR,משקה יוגורט עם תות ש,מיליליטרים,200.00,"100 מ""ל",false,,5.90,2.9500,true,1,463046
7290117262245,false,"משקה יוגורט פרוביוטי עם אפרסק ומשמש 200מ""ל 2.3%שומן יורו",Euro יורו מחלבות אירופה,TR,משקה יוגורט עם אפרסק,מיליליטרים,200.00,"100 מ""ל",false,,5.90,2.9500,true,1,463063
7290117380857,false,"מרבה סלים דליס פייבר עוגות אישיות בטעם לימון, 120 גרם",שסטוביץ,NL,סלים דליס פייבר - עו,גרמים,120.00,100 גרם,false,,13.90,11.5833,true,1,445676
7290117380864,false,עוגות בראוניס אישיות בטעם שוקולד 120 ג' סלים דליס פייבר,הלמה הלום,NL,סלים דליס פייבר - עו,גרמים,120.00,100 גרם,false,,13.90,11.5833,true,1,445692
7290117823798,false,בדיקה עצמית מהירה לזיהוי אנטיגן - 5 בדיקות,שמחה זה אנחנו,CN,בדיקה עצמית מהירה לז,יחידה,0.00,יחידה,false,,39.90,0.0000,true,1,397691
7290117900932,false,גרעיני אבטיח קלויים,"שקדיה גבע תעשיות בע""",IL,גרעיני אבטיח קלויים,גרמים,130.00,100 גרם,false,,10.90,8.3846,true,1,446809
7290117900949,false,בוטנים מצופים אמריקאים 250 גרם,"שקדיה גבע תעשיות בע""",IL,בוטנים מצופים אמריק,גרמים,250.00,100 גרם,false,,10.90,4.3600,true,1,446810
7290117900956,false,תערובת פיצוחים קלויים 180 גרם,"שקדיה גבע תעשיות בע""",IL,תערובת פיצוחים קלויי,גרמים,180.00,100 גרם,false,,15.90,8.8333,true,1,446811
7290117900970,false,שקדים קלויים ששון הק,"שקדיה גבע תעשיות בע""",IL,שקד קלוי 180 גרם,גרמים,180.00,100 גרם,false,,15.90,8.8333,true,1,446813
7290117900994,false,פקאן סיני מסוכר 140 גרם,"שקדיה גבע תעשיות בע""",IL,פקאן סיני מסוכר 140,גרמים,140.00,100 גרם,false,,15.90,11.3571,true,1,446815
7290117901007,false,פיסטוקים קלויים 130 גרם,"שקדיה גבע תעשיות בע""",IL,פיסטוק קלוי 130 גרם,גרמים,130.00,100 גרם,false,,15.90,12.2308,true,1,446816
7290117901021,false,קבוקים בוטנים מצופים עם שומשום 220 גרם,"שקדיה גבע תעשיות בע""",IL,קבוקים בוטנים מצופים,גרמים,220.00,100 גרם,false,,10.90,4.9545,true,1,446818
7290117901045,false,בוטן רביולי ששון הקו,"שקדיה גבע תעשיות בע""",IL,בוטן רביולי 200 גרם,גרמים,200.00,100 גרם,false,,15.90,7.9500,true,1,446820
7290118420071,false,במבה ביסלי ברביקיו מיקס 80ג' אסם,"אסם תעשיות בע""מ",IL,במבה ביסלי ברביקיו מ,גרמים,80.00,100 גרם,false,,5.90,7.3750,true,1,486657
7290118420378,false,פתיבר פינוקים בטעם תותים בשמנת - חלבי,קריות זול,IL,פתי בר פינוקים תותים,גרמים,220.00,100 גרם,false,,12.90,5.8636,true,1,486899
7290118420477,false,בייגלה שטוחים טעם ביסלי בצל אסם 300 גרם,"אסם תעשיות בע""מ",IL,בייגלה שטוחים בטעם ב,גרמים,300.00,100 גרם,false,,12.90,4.3000,true,1,486915
7290118520030,true,ניצנית קלנדיבה מיקס,,,ניצנית קלנדיבה מיקס,יחידה,0.00,יחידה,false,,25.00,0.0000,true,1,485891
7290118520092,true,"ספטיפיליום עץ מ""ס 9",,,"ספטיפיליום עץ מ""ס 9",יחידה,0.00,יחידה,false,,29.90,0.0000,true,1,485929
7290118520146,true,פיקוס גומי שחור עץ מ,,,פיקוס גומי שחור עץ מ,יחידה,0.00,יחידה,false,,39.90,0.0000,true,1,485964
7290118520207,true,סנסיבריה חרבות פס צה,,,סנסיבריה חרבות פס צה,יחידה,0.00,יחידה,false,,49.90,0.0000,true,1,486032
7290589856775,false,נייס שבלולים לשיער,,,נייס שבלולים לשיער,יחידה,0.00,יחידה,false,,5.90,0.0000,true,1,38466
7291008084915,false,תמר מג'הול 500גר,,,תמר מג'הול 500גר,גרמים,500.00,100 גרם,false,,10.00,2.0000,true,1,414750
7293556389962,true,שום לבן ארוז יח',,,שום לבן ארוז יח',גרמים,250.00,100 גרם,false,,11.90,4.7600,true,1,246255
7296021129940,false,צנצנות מלח ופלפל זכו,ade,CN,צנצנת מלח ופלפל עם י,יחידה,0.00,יחידה,false,,7.90,0.0000,true,1,410877
7296021131394,false,סכין מולטי משוננת מ,,,סכין מולטי משוננת מ,יחידה,0.00,יחידה,false,,19.90,0.0000,true,1,31851
7296021133565,false,תרווד מחורץ ידית שחו,KIS CHINA,CN,תרווד מחורץ ידית שחו,יחידה,0.00,יחידה,false,,15.90,0.0000,true,1,54717
7296021133633,false,כף פריזיאן ידית שחור,KIS CHINA,CN,כף פריזיאן ידית שחור,יחידה,0.00,יחידה,false,,9.90,0.0000,true,1,54724
7296021133657,false,גלגלת לפיצה ובצק ידי,,,גלגלת לפיצה ובצק ידי,יחידה,0.00,יחידה,false,,13.90,0.0000,true,1,54726
7296021136894,false,"תבנית מלבנית 4.5*29*42 ס""מ עם מכסה 0.4 מ""מ Patisserie",נעמן,,תבנית CS לאפיה מרובע,יחידה,0.00,יחידה,false,,149.90,0.0000,true,1,410164
7296021145162,false,מכסה זכוכית מחוסם 4,,,מכסה זכוכית מחוסם 4,יחידה,0.00,יחידה,false,,31.90,0.0000,true,1,82049
7296021169922,false,פותחן בקבוקים STAINL,,,פותחן בקבוקים STAINL,יחידה,0.00,יחידה,false,,16.00,0.0000,true,1,411512
7296021170713,false,כותש שום איכותי ZINK,,,כותש שום איכותי ZINK,יחידה,0.00,יחידה,false,,26.90,0.0000,true,1,411546
7296021172380,false,"סכין 20 ס""מ (סנטוקו/",,,"סכין שף 20 ס""מ ידית",יחידה,0.00,יחידה,false,,31.90,0.0000,true,1,411593
7296021187926,false,סט סכום 24 חלקים ברו,,,"סכו""ם נירוסטה סט 24",יחידה,0.00,יחידה,false,,299.90,0.0000,true,1,410323
7296021191770,false,"סוטאז' יציקה 28 ס""מ+",,,"סוטאז' יציקה 28 ס""מ+",יחידה,0.00,יחידה,false,,399.90,0.0000,true,1,413344
7296021232350,false,פומפייה מסתובבת רב ת,,,פומפיה מסתובבת רב תכ,יחידה,0.00,יחידה,false,,129.90,0.0000,true,1,411610
7296021261534,false,סיר יציקה עם ידית אפ,,,סיר יציקה עם ידית אפ,יחידה,0.00,יחידה,false,,699.90,0.0000,true,1,410437
7296021261541,false,סיר יציקה עם ידית אפ,,,סיר יציקה עם ידית אפ,יחידה,0.00,יחידה,false,,849.90,0.0000,true,1,410438
7296021261589,false,מחבת יציקה עם ידית א,,,מחבת יציקה עם ידית א,יחידה,0.00,יחידה,false,,549.90,0.0000,true,1,410459
7296021261657,false,סוטאז' יציקה עם מכסה,,,סוטאז' יציקה עם מכסה,יחידה,0.00,יחידה,false,,899.90,0.0000,true,1,410480
7296021268502,false,"מחבת לטיגון 20 ס""מ B",,,"מחבת לטיגון 20 ס""מ B",יחידה,0.00,יחידה,false,,399.90,0.0000,true,1,410550
7296021268519,false,"מחבת לטיגון 24 ס""מ B",,,"מחבת לטיגון 24 ס""מ B",יחידה,0.00,יחידה,false,,499.90,0.0000,true,1,410551
7296021268526,false,"מחבת לטיגון 28 ס""מ B",,,"מחבת לטיגון 28 ס""מ B",יחידה,0.00,יחידה,false,,599.90,0.0000,true,1,410552
7296021268540,false,סיר עם מכסה לבישול 2,,,סיר עם מכסה לבישול 2,יחידה,0.00,יחידה,false,,699.90,0.0000,true,1,410568
7296021268557,false,סיר עם מכסה לבישול 2,,,סיר עם מכסה לבישול 2,יחידה,0.00,יחידה,false,,899.90,0.0000,true,1,410569
7296021268564,false,סיר עם מכסה לבישול 2,,,סיר עם מכסה לבישול 2,יחידה,0.00,יחידה,false,,949.90,0.0000,true,1,410585
7296021268588,false,סוטז' עם מכסה לבישול,,,סוטז' עם מכסה לבישול,יחידה,0.00,יחידה,false,,1100.00,0.0000,true,1,410586
7296021269011,false,מאג ג'מבו 650 מל קרמ,,,"מאג ג'מבו 650 מ""ל רק",יחידה,0.00,יחידה,false,,19.90,0.0000,true,1,443116
7296021288623,false,"סיר בישוול 20 ס""מ 3.",,,"סיר בישוול 20 ס""מ 3.",יחידה,0.00,יחידה,false,,333.00,0.0000,true,1,471172
7296021288630,false,"סיר בישוול 22 ס""מ 4.",,,"סיר בישוול 22 ס""מ 4.",יחידה,0.00,יחידה,false,,367.00,0.0000,true,1,471173
7296021288647,false,"סיר בישוול 24 ס""מ 5.",,,"סיר בישוול 24 ס""מ 5.",יחידה,0.00,יחידה,false,,399.90,0.0000,true,1,471190
7296021288654,false,"סיר בישוול 26 ס""מ 6.",,,"סיר בישוול 26 ס""מ 6.",יחידה,0.00,יחידה,false,,349.90,0.0000,true,1,471191
7296021288661,false,"מחבת לטיגון 20 ס""מ C",,,"מחבת לטיגון 20 ס""מ C",יחידה,0.00,יחידה,false,,199.90,0.0000,true,1,471192
7296021288678,false,"מחבת לטיגון 22 ס""מ C",,,"מחבת לטיגון 22 ס""מ C",יחידה,0.00,יחידה,false,,217.00,0.0000,true,1,471208
7296021288685,false,"מחבת לטיגון 24 ס""מ C",,,"מחבת לטיגון 24 ס""מ C",יחידה,0.00,יחידה,false,,229.90,0.0000,true,1,471209
7296021288692,false,"מחבת לטיגון 26 ס""מ C",,,"מחבת לטיגון 26 ס""מ C",יחידה,0.00,יחידה,false,,249.90,0.0000,true,1,471210
7296021288708,false,"מחבת לטיגון 28 ס""מ C",,,"מחבת לטיגון 28 ס""מ C",יחידה,0.00,יחידה,false,,266.00,0.0000,true,1,471226
7296082000035,false,ביצים פלוס אומגה3 6י,המכון למיון ושיווק ב,IL,6 ביצים L אומגה ביצה,יחידה,0.00,יחידה,false,,15.90,0.0000,true,1,52562
7296102210666,false,סט 5 קופסאות עגול in,,,סט 5 קופסאות עגול in,יחידה,0.00,יחידה,false,,22.90,0.0000,true,1,329136
7296102521755,false,סט 4 קופסאות פלסטיק,,,סט 4 קופסאות פלסטיק,יחידה,0.00,יחידה,false,,19.90,0.0000,true,1,366105
7296102521762,false,סט 4 קופסאות פלסטיק,,,סט 4 קופסאות פלסטיק,יחידה,0.00,יחידה,false,,19.90,0.0000,true,1,366121
7296102831540,false,"סט 4 קערות מלאנו 13 ס""מ",,,סט 4 קערות מילאנו 13,יחידה,0.00,יחידה,false,,15.00,0.0000,true,1,396312
7297028164590,false,גרבי לגבר אקרילן,,,גרבי גבר אקרילן,יחידה,0.00,יחידה,false,,29.90,0.0000,true,1,379582
7297307070604,false,מגבת פנים,,,מגבת פנים,יחידה,0.00,יחידה,false,,14.90,0.0000,true,1,240784
7297425473189,false,סט מצעים מיקרו דיסני,,,סט מצעים מיקרו דיסני,יחידה,0.00,יחידה,false,,129.90,0.0000,true,1,372782
7297425473196,false,סט מצעים מיקרו דיסני,,,סט מצעים מיקרו דיסני,יחידה,0.00,יחידה,false,,129.90,0.0000,true,1,372783
7297461005986,false,מפת שולחן ג'אקרד ( 1,,,מפת שולחן ג'אקרד ( 1,יחידה,0.00,יחידה,false,,49.90,0.0000,true,1,396794
7297478003678,false,גרבי חיילות,,,גרבי חיילות,יחידה,0.00,יחידה,false,,19.90,0.0000,true,1,371535
7297488098015,false,גרנולה קרנץ' עם שוקולד צ'יפס מריר ללא גלוטן 250 גרם דגש,תות תעשיות מזון (201,IL,דגש גרנולה קרנצי שוק,גרמים,250.00,100 גרם,false,,15.90,6.3600,true,1,51853
7297488098152,false,דגש קמח חומוס ללא גל,אף.סי תבליני בגליל ב,IL,דגש קמח חומוס ללא גל,גרמים,500.00,100 גרם,false,,16.90,3.3800,true,1,51862
7297488098169,false,דגש קמח תירס ללא גלו,"תבליני העליון בע""מ",IL,דגש קמח תירס ללא גלו,גרמים,500.00,100 גרם,false,,9.90,1.9800,true,1,51863
7297488098183,false,קמח אורז לבן ללא גלו,"תבליני העליון בע""מ",IL,דגש קמח אורז ללא גלו,גרמים,500.00,100 גרם,false,,12.90,2.5800,true,1,51865
7297488098688,false,דגש פצפוצי אורז מלא ללא תוספת סוכר ומלח 450 גרם,משובח תעשיות מזון,IL,דגש פצפוצי אורז מלא,גרמים,450.00,100 גרם,false,,20.90,4.6444,true,1,272193
7297488199620,false,פצפוצי אורז מלא תפוח ללא גלוטן,דגש- דוכן גן שמואל,FR,דגש פצפוצי אורז מלא,גרמים,450.00,100 גרם,false,,20.90,4.6444,true,1,272194
7312040017683,false,"אבסולוט וודקה, 700 מ''ל","איי, בי, אינבוו",SE,אבסולוט וודקה 700 מל,מיליליטרים,700.00,"100 מ""ל",false,,75.90,10.8429,true,1,38364
7380580005255,false,נייס שבלולים לשיער,,,נייס שבלולים לשיער,יחידה,0.00,יחידה,false,,7.90,0.0000,true,1,38472
7394376123337,false,"משקה שיבולת שועל אורגני מפוקח ע""י סקאל",טרנסומס פוד איי.בי,SE,משקה שיבולת שועל אור,ליטרים,1.00,ליטר,false,,16.90,16.9000,true,1,244524
7394376615825,false,"אוטלי משקה שיבולת שועל בתוספת סידן וויטמינים , 1 ל'",טרנסומס פוד,SE,משקה שיבולת שועל מוע,ליטרים,1.00,ליטר,false,,16.90,16.9000,true,1,244525
7394376616778,false,אוטלי משקה שיבולת שועל להקצפה בריסטה 1 ליטר,טרנסומס פוד,SE,משקה שיבולת שועל להק,ליטרים,1.00,ליטר,false,,18.90,18.9000,true,1,244527
7394376620294,false,משקה אוטלי שיבולת שועל וניל 1ליטר,איי אם פי אס איי תעש,NL,משקה שיבולת שועל וני,ליטרים,1.00,ליטר,false,,17.90,17.9000,true,1,498600
7450014901320,false,נעלי בית חורף נשים,,,נעלי בית חורף נשים,יחידה,0.00,יחידה,false,,39.90,0.0000,true,1,193660
7480588956563,false,נייס שבלולים לשיער,,,נייס שבלולים לשיער,יחידה,0.00,יחידה,false,,9.90,0.0000,true,1,38475
7501013122039,false,ג'ומקס מיץ מנגו קרטונית ליטר תריסר,חומקס קומר קומרסאליז,MX,ג'ומקס נקטר מנגו קרט,ליטרים,1.00,ליטר,false,,11.00,11.0000,true,1,190564
7501013122114,false,"נקטר משקה אננס בקרטונית ג'ומקס, 1 ל'",חומקס קומר קומרסאליז,MX,ג'ומקס נקטר אננס קרט,ליטרים,1.00,ליטר,false,,11.00,11.0000,true,1,190566
7501013122190,false,ג'ומקס מיץ תפוחים קרטונית ליטר תריסר,חומקס קומר קומרסאליז,MX,ג'ומקס משקה תפוחים ק,ליטרים,1.00,ליטר,false,,11.00,11.0000,true,1,190567
7501013122992,false,ג'ומקס מיץ קוקוס אננס קרטונית ליטר תריסר,חומקס קומר קומרסאליז,MX,ג'ומקס משקה קוקוס אנ,ליטרים,1.00,ליטר,false,,11.00,11.0000,true,1,190568
7501064191398,false,שישיית בירה קורונה אקסטרא *355 מל,קריניציה ויטמינה אס,MX,קורונה מארז שישיה 6*,ליטרים,2.13,ליטר,false,,39.90,18.7324,true,1,143644
7509546678702,false,קולגייט משחת שיניים טוטל אנטי טרטר 100 מ,קולגייט-פלמוליב,PL,משחת שיניים קולגייט,מיליליטרים,100.00,"100 מ""ל",false,,18.90,18.9000,true,1,450481
7610113011652,false,בריזר - משקה כוהלי מוגז בטעם תפוח,בקרדי בריזר Bacardi Breezer,BE,בקרדי בריזר תפוח 275,מיליליטרים,275.00,"100 מ""ל",false,,14.90,5.4182,true,1,244056
7610113013250,false,"משקה כוהלי על בסיס רום בקרדי 250 מ""ל",בקרדי מרטיני,BE,פחית בקרדי מוחיטו 25,מיליליטרים,250.00,"100 מ""ל",false,,15.20,6.0800,true,1,372956
7610243004463,false,"דורגול - מרסס להסרת אבנית במקלחון 600 מ""ל",יעקבי- דורגול Durgol,CH,דורגול מסיר אבן מרסס,יחידה,0.00,יחידה,false,,28.90,0.0000,true,1,13497
7610400014649,false,לינדור קוביות במילוי קרם שוקולד חלב 100 גרם,לינדט ושפרונגלי קילש,CH,לינדט לינדור שוק.חלב,גרמים,100.00,100 גרם,false,,18.90,18.9000,true,1,16113
7610400068505,false,לינדט לינדור בונבוניירה שוקולד חלב 200 גרם,לינדט ושפרונגלי קילש,CH,לינדור בונבוניירה חל,גרמים,200.00,100 גרם,false,,35.90,17.9500,true,1,16116
7610400068529,false,לינדט לינדור בונבוניירה כדורי שוקולד מטעמים 200 גרם,לינדט ושפרונגלי קילש,CH,לינדור בונבוניירה אס,גרמים,200.00,100 גרם,false,,35.90,17.9500,true,1,16117
7610400074155,false,לינדט לינדור קוביות במילוי קרם שוקולד 60% מוצקי קקאו 100 גרם,לינדט ושפרונגלי קילש,CH,לינדט לינדור 60% 100,גרמים,100.00,100 גרם,false,,18.90,18.9000,true,1,16120
7610400075770,false,לינדט לה גרנד שוקולד מריר אגוז 150 גרם,לינדט ושפרונגלי,CH,לינדט לה גרנד מריר ע,גרמים,150.00,100 גרם,false,,26.90,17.9333,true,1,107146
7610400075787,false,לינדט לה גרנד שוקולד חלב אגוז 150 גרם,"לינדט ושפרונגלי, קיל",CH,לינדט לה גרנד חלב עם,גרמים,150.00,100 גרם,false,,26.90,17.9333,true,1,107147
7610400091060,false,שוקולד מריר לינדט אקסלנס בתוספת תפוז ושקדים,לינדט ושפרונגלי קילש,CH,לינדט מריר אקסלנס תפ,גרמים,100.00,100 גרם,false,,18.90,18.9000,true,1,234307
7613030979647,false,דגני בוקר טריקס פירות עולם היורה 480 ג',ג'נרל מילס סאן אדריא,IL,דגני בוקר טריקס 480,גרמים,480.00,100 גרם,false,,28.90,6.0208,true,1,120174
7613033548192,false,פיטנס - דגני בוקר שוקולד מריר 375 גרם,נסטלה צרפת איטנקורט,FR,דגני בוקר פיטנס שוקו,גרמים,375.00,100 גרם,false,,23.90,6.3733,true,1,23162
7613035379794,false,דנטלייף חטיף דנטלי לכלבים מגזע בינוני - 4 יחידות,פורינה Purina,US,דנטלייף גזע בינוני 5,גרמים,690.00,100 גרם,false,,14.90,2.1594,true,1,369601
7613035622623,false,פיטנס - גרנולה שקדים ודבש 300 גרם,שוורצקוף& הנקל דיסלד,LT,פיטנס גרנולה שקדים ו,גרמים,300.00,100 גרם,false,,16.90,5.6333,true,1,23179
7613035635845,false,פיטנס גרנולה שוקולד 14*300 גרם,שוורצקוף& הנקל דיסלד,LT,פיטנס גרנולה שוקולד,גרמים,300.00,100 גרם,false,,16.90,5.6333,true,1,23180
7613035758834,false,פיטנס גרנולה חמוציות 300 דגרם,שוורצקוף& הנקל דיסלד,LT,פיטנס גרנולה חמוציות,גרמים,300.00,100 גרם,false,,16.90,5.6333,true,1,23181
7613035807778,false,פרפקטו רוטב עגבניות לבולונז 400 ג' אסם,אסם פרפקטו Perfecto,ES,פרפקטו רוטב עגבניות,גרמים,400.00,100 גרם,false,,10.90,2.7250,true,1,23182
7613035809109,false,פרפקטו רוטב עגבניות ובזיליקום 400 ג'אסם,אסם פרפקטו Perfecto,ES,פרפקטו רוטב עגבניות,גרמים,400.00,100 גרם,false,,10.90,2.7250,true,1,23183
7613035809857,false,פרפקטו רוטב עגבניות לפסטה ולבישול 400 ג' אסם,אסם פרפקטו Perfecto,ES,פרפקטו רוטב עגבניות,גרמים,400.00,100 גרם,false,,10.90,2.7250,true,1,23185
7613036314114,false,נסקפה גולד Gold קפה נמס מיובש בתוספת קפה קלוי,נסקפה Nescafe,IL,נסקפה גולד 200 גרם,גרמים,200.00,100 גרם,false,,52.90,26.4500,true,1,136915
7613036387798,false,פיטנס Fitness דגנים מלאים עם ציפוי בטעם יוגורט,נסטלה צרפת איטנקורט,FR,דגני פיטנס יוגורט נס,גרמים,375.00,100 גרם,false,,23.90,6.3733,true,1,107788
7613036520492,false,פרפקטו רוטב עגבניות לפסטה 400 גרם,אסם פרפקטו Perfecto,ES,פרפקטו רוטב עגבניות,גרמים,400.00,100 גרם,false,,10.90,2.7250,true,1,115772
7613036710879,false,מארז מיני חטיפי קיט קט צ'אנקי Kit Kat Chanky,ליימן מותגים,DE,קיט קט צ'אנקי מיני 1,גרמים,194.00,100 גרם,false,,10.90,5.6186,true,1,131482
7613036725286,false,דנטלייף חטיף דנטלי לחתול בטעם סלמון,פורינה Purina,US,דנטלייף חתול סלמון 8,גרמים,320.00,100 גרם,false,,10.90,3.4063,true,1,369616
7613036976695,false,פריסקיז - פאוץ בקר ברוטב 85 גרם,נסטלה פורינה הונגריה,HU,פריסקיז פאוצ' בקר 85,גרמים,85.00,100 גרם,false,,5.90,6.9412,true,1,211600
7613036976718,false,פריסקיז פאוצ' ברווז ברוטב 26*85גרם,נסטלה פורינה USA מק,FR,פריסקיז פאוצ' ברווז,גרמים,85.00,100 גרם,false,,5.90,6.9412,true,1,211601
7613037276091,false,נסטלה מיקס מיני אריזות דגני בוקר 200 גרם,נסטלה Nestle,FR,מיקס מיני אריזות דגנ,גרמים,200.00,100 גרם,false,,20.90,10.4500,true,1,145842
7613037686906,false,פיטנס - דגני בוקר שקדים ודבש 355 גרם,נסטלה צרפת איטנקורט,FR,פיטנס שקדים ודבש נסט,גרמים,355.00,100 גרם,false,,23.90,6.7324,true,1,198044
7613037687132,false,דגני בוקר פיטנס שקדים ודבש 585 גר,נסטלה צרפת איטנקורט,FR,דגני פיטנס שקדים ודב,גרמים,585.00,100 גרם,false,,29.90,5.1111,true,1,198154
7613037811629,false,דגני בוקר קורנפלקס גו פרי 500 גר',שוורצקוף& הנקל דיסלד,IL,קורנפלקס גו פרי 500,גרמים,500.00,100 גרם,false,,17.90,3.5800,true,1,215573
7613038268262,false,דגני בוקר צ'יריוס דבש ושקדים במתיקות מעודנת,נסטלה פולין דגני בוק,FR,האני נאט ציריוס מופח,גרמים,410.00,100 גרם,false,,22.90,5.5854,true,1,212774
7613039770450,false,טבעול סנסשיונל בורגר צמחוני 226 גרם,ג'נרל מילס סאן אדריא,IL,בורגר צמחוני טבעוני,גרמים,226.00,100 גרם,false,,37.90,16.7699,true,1,270190
7613287121783,false,סמארטיס מיני 16*187 גרם,נסטלה Nestle,DE,סמרטיס מיני 187 גרם,גרמים,187.00,100 גרם,false,,15.90,8.5027,true,1,450247
7613287182326,false,ויטמינציק מחית בננה תפוח 110 גרם,"נסטלה ספרד ס.א, מפעל",ES,פאוץ בננה תפוח ויטמי,גרמים,110.00,100 גרם,false,,5.90,5.3636,true,1,342983
7613287302373,false,סטארבקס קפסולות איטליאן סטייל רוסט 56 גרם,נסטלה שוויץ - קפה,PT,קפסולות סטארבקס איטל,גרמים,56.00,100 גרם,false,,23.90,42.6786,true,1,308070
7613287325808,false,אוסם - דיפ אנד ספרד מטבל איולי שום 295 גרם,נסטלה פולין,PL,רוטב איולי שום לחיץ,גרמים,295.00,100 גרם,false,,15.90,5.3898,true,1,368389
7613287325853,false,אוסם - דיפ אנד ספרד מטבל איולי ספייסי 295 גרם,נסטלה פולין,PL,רוטב ספייסי איולי לח,גרמים,295.00,100 גרם,false,,15.90,5.3898,true,1,368391
7613287394323,false,אסם מולטי צ'יריוס 14*600 גרם 2021,נסטלה פולין דגני בוק,GB,מולטי צ'יריוס 100% ד,גרמים,600.00,100 גרם,false,,23.90,3.9833,true,1,322364
7613287476678,false,דגני בוקר סינימיניס צ'ורוס נסטלה 360 ג',נסטלה אוונקה,PT,סינימיניס צ'ורוס 360,גרמים,360.00,100 גרם,false,,28.90,8.0278,true,1,331120
7613287525758,false,"פרייה מים מוגזים 500 מ""ל",סן-פלגרינו,,"פרייה מים 500 מ""ל PE",מיליליטרים,500.00,"100 מ""ל",false,,4.90,0.9800,true,1,369707
7613287821348,false,נתחוני עוף טבעוני סנסשיונל טבעול 350 ג',ג'נרל מילס סאן אדריא,CZ,נתחוני עוף טבעוני סנ,גרמים,350.00,100 גרם,false,,33.90,9.6857,true,1,376398
7614500010310,false,שוקולד בר לבן 100 ג' טובלרון,,,בר טובלורון לבן 100,יחידה,0.00,יחידה,false,,11.90,0.0000,true,1,437808
7622010001858,false,עוגיות אוראו ממולאות קרם וניל 176 גרם.,פי אר ג'יי אס אי מנד,CZ,עוגיות אוראו סנדביץ,גרמים,176.00,100 גרם,false,,10.90,6.1932,true,1,7156
7622201139278,false,גבינת שמנת 27% שומן 150 ג' פילדלפיה,מיודלז אספניה פרודוק,ES,פילדלפיה גבינת שמנת,גרמים,150.00,100 גרם,false,,16.90,11.2667,true,1,212118
7622201521493,false,גבינת פילדלפיה שום ועשבי תיבול 150 גרם,מיודלז אספניה פרודוק,ES,גבינת שמנת עם שום וע,גרמים,150.00,100 גרם,false,,16.90,11.2667,true,1,456522
7622201798154,false,גבינת שמנת לייט מופחתת שומן 13% שומן,מיודלז אספניה פרודוק,ES,פילדלפיה גבינת שמנת,גרמים,150.00,100 גרם,false,,16.90,11.2667,true,1,359532
7622201801809,false,מילקה שוקולד חלב עם אגוזים 100 גרם חדש,מנדלז דויצ'לנד סנקס,DE,מילקה שוקוד חלב עם א,גרמים,100.00,100 גרם,false,,7.90,7.9000,true,1,335916
7622201802363,false,מילקה טבלת שוקולד חלב וצימוקים ואגוזים 100ג',מנדלז דויצ'לנד סנקס,PL,מילקה שוקולד חלב עם,גרמים,100.00,100 גרם,false,,7.90,7.9000,true,1,335917
7622201802394,false,שוקולד מילקה חלב מסרונים 100 גרם,מנדלז דויצ'לנד סנקס,PL,מילקה שוקולד חלב 100,גרמים,100.00,100 גרם,false,,7.90,7.9000,true,1,335918
7622201808631,false,אוראו מיני עוגיות ממולאות קרם וניל 67גרם,פי.טי. מונדלז אינדונ,ID,אוראו מיני כוסות בטע,גרמים,67.00,100 גרם,false,,10.90,16.2687,true,1,341628
7622201813390,false,עוגיות מילקה וואפל במילוי קרם קקאו 150 ג,מונדליז סי.אר. ביסקו,CZ,מילקה וואפל במילוי ק,גרמים,150.00,100 גרם,false,,15.90,10.6000,true,1,323778
7622210137234,false,עוגיות אוראו עם דאבל קרים וניל 170 גר,מונדלייז,ES,עוגיות סנדביץ אוראו,גרמים,170.00,100 גרם,false,,10.90,6.4118,true,1,66681
7622210453327,false,עוגיות שוקוצ'יפס במילוי שוקולד סנסיישן,מנדלז פולסקה פרודקשן,PL,מילקה סנסיישן 156 גר,גרמים,156.00,100 גרם,false,,15.90,10.1923,true,1,101289
7622300270506,false,מילקה גריינס - עוגיות שיבולת שועל מצופות שוקולד 168 ג',מונדלז פולסקה פרודקש,PL,מילקה גריינס עוגיות,גרמים,168.00,100 גרם,false,,15.90,9.4643,true,1,7168
7622300489434,false,"עוגיות אוראו פאדג' בציפוי שוקולד חלב, 246 גרם",מנדלז אספנה גאלטס פר,ES,אוראו פאג שוקולד חלב,גרמים,246.00,100 גרם,false,,21.90,8.9024,true,1,117084
7622300503079,false,"מילקה, עוגיות ביסקוויט מצופות שוקולד - 200 גרם",מונדלז פולסקה פרודקש,PL,מילקה מוו - ביסקוויט,גרמים,200.00,100 גרם,false,,15.90,7.9500,true,1,7175
7622300617820,false,מילקה שוקולד חלב במילוי קרם חלב ווניל ושבבי עוגיות אוראו 100 גרם,מנדלז דויצ'לנד סנקס,DE,מילקה שוקולד אוראו 1,גרמים,100.00,100 גרם,false,,7.90,7.9000,true,1,7176
7630311507016,false,סטארבקס קפסולות קפה סאני דיי 10יח,נסטלה שוויץ - קפה,CH,סטארבקס קפסולות סאני,גרמים,57.00,100 גרם,false,,23.90,41.9298,true,1,445277
7630477891592,false,סטארבקס קפסולות קפה האוס בלנד 10 יחידות,נסטלה שוויץ - קפה,CH,קפסולות האוס בלנד סט,גרמים,57.00,100 גרם,false,,23.90,41.9298,true,1,274833
7630477891615,false,סטארבקס קפסולות קפה סומטרה 10 יחידות,נסטלה שוויץ - קפה,CH,סטארבקס קפסולות סומט,גרמים,55.00,100 גרם,false,,23.90,43.4545,true,1,264546
7630477891639,false,סטארבקס קפסולות קפה ורונה 10 יחידות,נסטלה שוויץ - קפה,CH,סטארבקס קפסולות ורונ,גרמים,55.00,100 גרם,false,,23.90,43.4545,true,1,264530
7630477891653,false,סטארבקס קפסולות קפה אספרסו נטול 10 יחידו,נסטלה שוויץ - קפה,CH,סטארבקס קפסולות אספר,גרמים,57.00,100 גרם,false,,23.90,41.9298,true,1,264531
7630477891677,false,סטארבקס קפסולות קפה פייק פלייס 10 יחידות,נסטלה שוויץ - קפה,CH,קפס' פייק פלייס סטאר,גרמים,53.00,100 גרם,false,,23.90,45.0943,true,1,274834
7630477891691,false,סטארבקס קפסולות קפה קולמביה 10 יחידות,נסטלה שוויץ - קפה,CH,סטארבקס קפסולות קולו,גרמים,57.00,100 גרם,false,,23.90,41.9298,true,1,264547
7630477891738,false,סטארבקס קפסולות קפה אספרסו בלונד 10 יחיד,נסטלה שוויץ - קפה,CH,סטארבקס קפסולות אספר,גרמים,53.00,100 גרם,false,,23.90,45.0943,true,1,264532
7640175743451,false,משקה כוהלי על בסיס גין בומביי ספייר 250מ,בקרדי מרטיני,BE,פחית ג'ין בומביי ספי,מיליליטרים,250.00,"100 מ""ל",false,,15.20,6.0800,true,1,372957
7690589856667,false,נייס שבלולים לשיער,,,נייס שבלולים לשיער,יחידה,0.00,יחידה,false,,12.90,0.0000,true,1,38476
7702018469383,false,גילט מארז סכיני גילוח פיוזן ידני 12 יחיד,דיפלומט,PL,מארז סכיני גילוח פיו,יחידה,0.00,יחידה,false,,147.90,0.0000,true,1,135355
7702024074625,false,פיטנס - חטיפי קרקר חיטה מלאה 234 גרם,קומסטיבלס לה רוזה אס,CO,פיטנס חטיפי קרקר חיט,גרמים,234.00,100 גרם,false,,14.90,6.3675,true,1,129300
7702174068826,false,יוגטה מבחר סוכריות לקקן קשות ממולאות טופי בטעמי יוגורט ופירות 204 גרם,הדקלאים אגודת שיתופי,EC,יוגטה לקקן חדש 12יח,גרמים,216.00,100 גרם,false,,12.90,5.9722,true,1,15342
7702174068833,false,יוגטה סוכריות קשות על מקל ממולאות טופי בטעמי גלידת פירות 12 יח' 204 גרם,הדקלאים אגודת שיתופי,EC,'לקקן יוגטה אייס קרי,גרמים,216.00,100 גרם,false,,12.90,5.9722,true,1,15343
7754617033656,false,עכבר אלחוטי מיני לבן,,,עכבר אלחוטי מיני לבן,יחידה,0.00,יחידה,false,,29.90,0.0000,true,1,90174
7790580412654,false,בונבוניירה בון בון צ,ארקור,AR,בון בון צהוב 270 גרם,גרמים,270.00,100 גרם,false,,19.90,7.3704,true,1,136380
7790580419738,false,ביצי שוקולד במילוי קרם בוטנים,,,ביצי שוקולד בון בון,גרמים,156.00,100 גרם,false,,14.90,9.5513,true,1,287088
7791875005353,false,ריבת חלב הוואנה דוצה דה לצה 450 גרם,פרימיום ברנד,ES,הוואנה ריבת חלב 450,גרמים,450.00,100 גרם,false,,21.90,4.8667,true,1,391090
7792860006218,false,סוכריות לקקנים בייבי דול Baby Doll לריטר,גוד פוד פרודקטס S.p,AR,בייבי דול לקקן 20גר,גרמים,24.00,100 גרם,false,,2.90,12.0833,true,1,16124
7800601801005,false,פלסטרים מיקס בצבע עור 100יח,,,פלסטרים 100 יח' - לי,יחידה,0.00,יחידה,false,,8.90,0.0000,true,1,263196
7804414000860,false,יין דון חוליו קברנה סוביניון,צ'ילה לואיס פיליפה א,CL,דון חוליו קברנה סובנ,מיליליטרים,750.00,"100 מ""ל",false,,34.90,4.6533,true,1,9280
8000070003811,false,קפסולות אספרסו לוואצה פסיונלה 11 16 יח,לואיג'י לוואצה,IT,קפסולת LAVAZZA PASSI,גרמים,120.00,100 גרם,false,,29.90,24.9167,true,1,475509
8000070064553,false,קפסולות אספרסו לוואצה רוסה 10 16 יח,לווצה טורינו,IT,קפסולת LAVAZZA ROSSA,גרמים,120.00,100 גרם,false,,29.90,24.9167,true,1,475513
8000215202406,false,מעדן אורז בטעם שוקו אורגני 400 גרם,בטר אנד דיפרנט,IT,מעדן אורז אורגני שו,גרמים,400.00,100 גרם,false,,18.90,4.7250,true,1,272617
8000215204240,false,משקה שקדים ואורז - אורגני 1 ליטר,בטר אנד דיפרנט,IT,משקה שקדים ואורז אור,ליטרים,1.00,ליטר,false,,14.90,14.9000,true,1,56426
8000215204561,false,ויטסי משקה שקדים אורגני 1 ליטר,בטר אנד דיפרנט,IT,משקה שקדים 1 ליטר,ליטרים,1.00,ליטר,false,,16.90,16.9000,true,1,272243
8000215204653,false,ויטסי משקה סויה 1 ליטר,בטר אנד דיפרנט,IT,משקה סויה 1 ליטר -,ליטרים,1.00,ליטר,false,,12.90,12.9000,true,1,272226
8000215204677,false,ויטריז - משקה שיבולת שועל בריסטה אורגני,בטר אנד דיפרנט,IT,משקה שיבולת שועל אור,ליטרים,1.00,ליטר,false,,14.90,14.9000,true,1,397692
8000215204714,false,משקה שיבולת שועל אורגני 1 ליטר PRIMAVENA,בטר אנד דיפרנט,IT,משקה שיבולת שועל אור,ליטרים,1.00,ליטר,false,,14.90,14.9000,true,1,272227
8000380003723,false,וופל אגוזים בציפוי שוקולד לואקר 100 גרם,קריניציה ויטמינה אס,IT,גרנד פטיסרי ופל אגוז,גרמים,100.00,100 גרם,false,,13.90,13.9000,true,1,67372
8000380003761,false,וופל גרנד פטיסרי שוקולד וקוקוס לואקר 100 גרם,קריניציה ויטמינה אס,IT,גרנד פטיסרי ופל קוקו,גרמים,100.00,100 גרם,false,,13.90,13.9000,true,1,67373
8000380004669,false,וופל לואקר סנדוויץ קוביות ושוקולד 200ג',"א. לואקר, קונפקט ג'י",AT,לואקר וופל סנדוויץ',גרמים,200.00,100 גרם,false,,14.90,7.4500,true,1,15353
8000380004676,false,קוביות וופל סנדוויץ Sandwich עם וניל וחלב,"א. לואקר, קונפקט ג'י",AT,לואקר וופל קרם וניל,גרמים,200.00,100 גרם,false,,14.90,7.4500,true,1,15354
8000380004911,false,קוביות וופל קואדרטיני Quadratini קרם אגוזים,קריניציה ויטמינה אס,AT,וופל קואדרטיני אגוז,גרמים,250.00,100 גרם,false,,15.90,6.3600,true,1,15356
8000380004966,false,וופל קוארדטיני לואקר קוביות שוקולד 250ג',קריניציה ויטמינה אס,AT,וופל קואדרטיני קקאו,גרמים,250.00,100 גרם,false,,15.90,6.3600,true,1,15359
8000380007219,false,וופל בטעם אגוזים לואקר 175 גרם,ליימן מותגים,AT,וופל לואקר אגוז 175,גרמים,175.00,100 גרם,false,,13.90,7.9429,true,1,15365
8000380007264,false,וופל בטעם קקאו לואקר 175 גרם,קריניציה ויטמינה אס,AT,וופל לואקר קקאו 175,גרמים,175.00,100 גרם,false,,13.90,7.9429,true,1,15368
8000380007271,false,וופל במילוי קרם חלב לואקר 175 גרם,ליימן מותגים,AT,וופל לואקר חלב 175 ג,גרמים,175.00,100 גרם,false,,13.90,7.9429,true,1,15369
8000380142484,false,קוביות וופל קואדרטיני Quadratini בטעם שוקולד מריר,"אינסטנטה בע""מ",AT,וופל קואדרטיני שוקול,גרמים,250.00,100 גרם,false,,15.90,6.3600,true,1,67381
8000380180721,false,לואקר וופל קקאו במילוי קרם חלבי 175 גר,קריניציה ויטמינה אס,AT,וופל לואקר קלאסיק שו,גרמים,175.00,100 גרם,false,,13.90,7.9429,true,1,67386
8000380180745,false,קוביות וופל קואדרטיני קקאו במילוי קר חלב,"א. לואקר, קונפקט ג'י",AT,וופל קואדרטיני לואקר,גרמים,250.00,100 גרם,false,,15.90,6.3600,true,1,15399
8000380187249,false,עוגיות עם מילוי קרם שקדים ושוקולד חלב,לואקר Loacker,AT,עוגיות לואקר שקדים 1,גרמים,100.00,100 גרם,false,,15.90,15.9000,true,1,268955
8000380187300,false,עוגיות חמאה עם שוקולד חלב לואקר 120 גר,לואקר Loacker,AT,עוגיות לואקר פתיתי ש,גרמים,120.00,100 גרם,false,,15.90,13.2500,true,1,268956
8000380207183,false,שוקולד לואקר טורטינה חמאת בוטנים 126 גר,ליימן מותגים,IT,טורטינה 1/6 חמאת בוט,גרמים,126.00,100 גרם,false,,18.90,15.0000,true,1,450525
8000500023624,false,חטיפי הפי היפו Happy Hippo במילוי קרם חלב וקקאו,קינדר Kinder,IT,הפי היפו 5*20ג,גרמים,102.00,100 גרם,false,,15.50,15.1961,true,1,15403
8000500023976,false,בונבוניירת רפאלו פררו 150 גרם,קריות זול,PL,בונבוניירת רפאלו 150,גרמים,150.00,100 גרם,false,,17.90,11.9333,true,1,50038
8000500026731,false,שוקולד ביצי הפתעה קינדר שלישייה,קריות זול,IT,קינדר ביצי שוקולד 3*,גרמים,60.00,100 גרם,false,,16.90,28.1667,true,1,50039
8000500029350,false,מארז וופל מצופה 3יח' *43 גרם קינדר בואנו,קינדר Kinder,PL,קינדר בואנו 3*43 גרם,גרמים,129.00,100 גרם,false,,12.90,10.0000,true,1,50040
8000500032237,false,בונבוניירה פררו רושר 375 גר,פררו רושר,IT,רושר 375 גרם,גרמים,375.00,100 גרם,false,,50.90,13.5733,true,1,50041
8000500037874,false,בונבוניירת פררו רושה 200 גרם,קריות זול,IT,בונבוניירת רושר 200ג,גרמים,200.00,100 גרם,false,,29.90,14.9500,true,1,50042
8000500071083,false,אצבעות שוקולד קינדר Kinder שש עשרה יחידות,קינדר Kinder,IT,קינדר אצבעות שוקולד,גרמים,200.00,100 גרם,false,,14.90,7.4500,true,1,50043
8000500075708,false,ביצי שוקולד הפתעה קינדר ג'וי כחול בנים שלישיה,קריות זול,ZA,קינדר גוי 1/3 כחול 3,גרמים,60.00,100 גרם,false,,16.90,28.1667,true,1,50044
8000500094976,false,"בונבוניירה פררו רושר רושה קונוס, 212 גרם T17X4",רושר,IT,פררו רושר קונוס 212.,גרמים,212.00,100 גרם,false,,42.90,20.2358,true,1,15404
8000500126325,false,ביצי שוקולד הפתעה קינדר ג'וי ורוד בנות שלישיה,קריות זול,ZA,קינדר גוי 1/3 ורוד 3,גרמים,60.00,100 גרם,false,,16.90,28.1667,true,1,50046
8000500227848,false,נוטלה - בי רדי אצבעות ביסקוויט במילוי שוקולד 6 יח' * 22 גרם,פררו,IT,'וופל מלוח במילוי ממ,גרמים,132.00,100 גרם,false,,12.90,9.7727,true,1,123109
8000500249352,false,קינדר בואנו מיני מיקס שקית 205 ג',קדבורי,PL,קינדר בואנו מיני מיק,יחידה,0.00,יחידה,false,,20.90,0.0000,true,1,93870
8000500256213,false,קינדר שוקולד מיני בשקית.,קדבורי,IT,פרר-קינדר שוקולד מינ,גרמים,120.00,100 גרם,false,,11.90,9.9167,true,1,138333
8000500267103,false,קינדר דליס עוגת ספוג קקאו במילוי חלבי*10,קינדר Kinder,IT,פררו-קינדר דליס עשיר,יחידה,0.00,יחידה,false,,22.90,0.0000,true,1,128388
8000500269169,false,קינדר קארדס Kinder Cards - חמישייה,קריות זול,IT,קינדר קארדס 128 גרם,גרמים,128.00,100 גרם,false,,13.90,10.8594,true,1,278492
8000798000307,false,מברשת מגהץ איכותית (,מ.א. ייצור ויבוא מטליות,,מברשת מגהץ איכותית (,יחידה,0.00,יחידה,false,,5.90,0.0000,true,1,15903
8001003100164,false,יוגטה סוכריות ג'לי בטעמי פירות 450 גרם,יוגטה yogueta,IT,יוגטה סוכריות ג'לי פ,גרמים,450.00,100 גרם,false,,14.90,3.3111,true,1,128536
8001003202035,false,יוגטה סוכריות ג'לי בטעם פירות 80 ג',יוגטה,IT,סוכריות ג'לי בטעם פי,גרמים,80.00,100 גרם,false,,5.50,6.8750,true,1,445131
8001090336521,false,פמפרס בייבי דריי חיתולים מידה 5 30 יח,פרוקטר אנד גמבל,DE,פמפרס בייבי דריי מיד,יחידה,0.00,יחידה,false,,35.90,0.0000,true,1,195789
8001090832450,false,"שמפו פנטן הנוסחה הקלאסית 660 מ""ל",פרוקטר אנד גמבל,RO,שמפו הנוסחה הקלאסית,מיליליטרים,660.00,"100 מ""ל",false,,21.90,3.3182,true,1,230702
8001090832894,false,מרכך לשיער חלש ופגום לחות מוגברת,פרוקטר אנד גמבל,RO,מרכך לחות מוגברת פנט,מיליליטרים,660.00,"100 מ""ל",false,,21.90,3.3182,true,1,230707
8001090899255,false,תחבושות אולוויז פלטינום לילה 16 יח',פרוקטר אנד גמבל,DE,תחבושות פלטינום לילה,יחידה,0.00,יחידה,false,,24.90,0.0000,true,1,180445
8001090899286,false,תחבושות אולוויז פלטינום לילה בטוח 14 יח',פרוקטר אנד גמבל,DE,תחבושות פלטינום לילה,יחידה,0.00,יחידה,false,,24.90,0.0000,true,1,180446
8001160001786,false,"משקה אנרגיה גטורייד ספורט כחול 500מ""ל",סאן בנדטו אס פי איי,IT,גטורייד ספורט כחול 5,יחידה,500.00,יחידה,false,,10.90,0.0218,true,1,44492
8001505000320,false,מעדן תותי יער אורגני 250 ג FIORDIFRUTTA,אף.סי תבליני בגליל ב,IT,מעדן תותים ותותי בר,גרמים,250.00,100 גרם,false,,19.90,7.9600,true,1,272260
8001561521708,false,גושי טונה במיי מלח זוגות 2*160 גר קליפו,גיאצינטו קליפו,,נתחי טונה בהירה במי,גרמים,320.00,100 גרם,false,,38.90,12.1562,true,1,432012
8001620011935,false,"סן בנדטו- מים מינרלים מוגז - מארז שישיית 500 מ""ל",אקווה מינרלה סאן בנד,IT,סאן בנדטו מוגז 6*500,ליטרים,3.00,ליטר,false,,13.90,4.6333,true,1,11670
8001620015612,false,"משקה פירות פרוטה-גזר תפוז לימון 400 מ""ל סאן בנדטו",אקווה מינרלה סאן בנד,IT,סן בנדטו בטעם גזר תפ,מיליליטרים,400.00,"100 מ""ל",false,,8.50,2.1250,true,1,301226
8001620015629,false,"משקה פירות בטעם תפוז ותפוז אדום 400 מ""ל פרוטה",אקווה מינרלה סאן בנד,IT,משקה פירות פרוטה בטע,מיליליטרים,400.00,"100 מ""ל",false,,8.50,2.1250,true,1,374451
8001620017449,false,"סן בנדטו ספורט, מים מינרלים טבעיים 500 מל",סן בנדטו,,סאן בנדטו פקק ספורט,מיליליטרים,500.00,"100 מ""ל",false,,2.90,0.5800,true,1,125112
8001620017456,false,"סן בנדטו ספורט, מים מינרלים טבעיים 500 מ""ל שישייה",סאן בנדטו San Benedetto,,סאן בנדטו פקק ספורט,ליטרים,3.00,ליטר,false,,15.90,5.3000,true,1,125113
8001620018408,false,"משקה פירות בטעם מנגו תפוח 400 מ""ל פרוטה",אקווה מינרלה סאן בנד,IT,סן בנדטו מנגו תפוח פ,מיליליטרים,400.00,"100 מ""ל",false,,8.50,2.1250,true,1,390669
8001620019160,false,"סן בנדטו אפרסק 400 מ""ל 12 יח'",אקווה מינרלה סאן בנד,IT,סאן בנדטו משקה בטעם,מיליליטרים,400.00,"100 מ""ל",false,,6.90,1.7250,true,1,446202
8001620019177,false,"סן בנדטו ענבים 400 מ""ל 12 יח'",אקווה מינרלה סאן בנד,IT,סאן בנדטו משקה בטעם,מיליליטרים,400.00,"100 מ""ל",false,,6.90,1.7250,true,1,446187
8001841470290,false,נוזל ניקוי כלים פייר,,,נוזל ניקוי כלים פייר,מיליליטרים,750.00,"100 מ""ל",false,,14.90,1.9867,true,1,501747
8001841625188,false,סבון כלים פלטינום לימון X3 פעולות להסרת שומנים,פרוקטר אנד גמבל,GB,פיירי נוזל כלים פלטי,מיליליטרים,515.00,"100 מ""ל",false,,10.90,2.1165,true,1,235335
8001841625287,false,סבון כלים פלטינום לימון X3 פעולות להסרת שומנים,פרוקטר אנד גמבל,GB,פיירי נוזל כלים פלטי,ליטרים,1.01,ליטר,false,,19.90,19.7030,true,1,235336
8001841625461,false,סבון כלים פלטינום X3 פעולות להסרת שומנים,פרוקטר אנד גמבל,GB,פיירי נוזל כלים פלטי,מיליליטרים,515.00,"100 מ""ל",false,,10.90,2.1165,true,1,235337
8001841625508,false,סבון כלים פלטינום X3 פעולות להסרת שומנים,פרוקטר אנד גמבל,GB,פיירי נוזל כלים פלטי,ליטרים,1.01,ליטר,false,,19.90,19.7030,true,1,235338
8001906996956,false,פרימו וי פרוסקו רוזה,,,יין פרוסקו רוזה פרימ,מיליליטרים,750.00,"100 מ""ל",false,,69.90,9.3200,true,1,418808
8002270436581,false,"שישיית מים סאן פלגרינו פלסט 500 מ""ל",סן-פלגרינו,IL,סאן פלגרינו מים מוגז,ליטרים,3.00,ליטר,false,,35.70,11.9000,true,1,145805
8002270846472,false,סן פלגרינו מים מינרליים טבעיים מוגזים,סן-פלגרינו,IT,סאן פלגרינו 500מל,מיליליטרים,500.00,"100 מ""ל",false,,4.90,0.9800,true,1,11676
8002270866524,false,סן פלגרינו מים מינרליים טבעיים מוגזים,סן פלגרינו San Pellegrino,IT,סאן פלנגרינו מים מינ,ליטרים,1.00,ליטר,false,,8.90,8.9000,true,1,11677
8002450201008,false,ורדי רספברי ספרקלטיני,איטליה בוסקה,IT,ורדי ספרקלטיני כשר 7,מיליליטרים,750.00,"100 מ""ל",false,,31.90,4.2533,true,1,9294
8002450206003,false,ורדי רימונים ספרקלטיני,"איי, בי, אינבוו",IT,ורדי ספרקלטיני רימון,מיליליטרים,750.00,"100 מ""ל",false,,31.90,4.2533,true,1,9300
8003130129506,false,סאן קרלו חטיפי תפוחי אדמה פריכים CLASSIC,קנדי חשמל ונכסים,IT,חטיף ציפס 50 גרם CL,גרמים,50.00,100 גרם,false,,6.90,13.8000,true,1,453243
8003130129544,false,סאן קרלו חטיפי תפוחי אדמה פריכ.CROCCANTE,קנדי חשמל ונכסים,IT,חטיף ציפס 50 גרם,גרמים,50.00,100 גרם,false,,6.90,13.8000,true,1,453244
8003340091280,false,לינדט לינדור בונבוניירה 60% מוצקי קקאו 200 גרם,לינדט ושפרונגלי קילש,IT,בונבוניירות לינדור 6,גרמים,200.00,100 גרם,false,,35.90,17.9500,true,1,16125
8003477500044,false,"פרימלוצ'י ספגטי מ""ס",,,"פרימלוצ'י ספגטי מ""ס",גרמים,500.00,100 גרם,false,,6.90,1.3800,true,1,481148
8003477500051,false,"פרימלוצ'י ספגטי מ""ס",,,"פרימלוצ'י ספגטי מ""ס",גרמים,500.00,100 גרם,false,,6.90,1.3800,true,1,481149
8003477500327,false,פרימלוצ'י קורנטי 500,,,פרימלוצ'י קורנטי 500,גרמים,500.00,100 גרם,false,,6.90,1.3800,true,1,481150
8003477500365,false,פרימלוצ'י קונקילייה,,,פרימלוצ'י קונקילייה,גרמים,500.00,100 גרם,false,,6.90,1.3800,true,1,481151
8003477500556,false,פרימלוצ'י פוסילי 500,,,פרימלוצ'י פוסילי 500,גרמים,500.00,100 גרם,false,,6.90,1.3800,true,1,481490
8004030026018,false,"מקסיקני עם טונה ריו מרה אינסלטיסימי, 160 ג'","בולטון אלימנטרי בע""מ",IT,ריו מרה טונה עם שעוע,גרמים,160.00,100 גרם,false,,18.90,11.8125,true,1,25074
8004030044005,false,נתחי טונה בהירה בשמן זית ריו מרה 112גרם,"בולטון אלימנטרי בע""מ",IT,נתחי טונה בשמן זית ר,גרמים,160.00,100 גרם,false,,20.90,13.0625,true,1,25075
8004030081024,false,נתחי טונה עם שום ופלפל אדום ריו מרה 160 ג',"בולטון אלימנטרי בע""מ",IT,נתחי טונה שמן זית שו,גרמים,160.00,100 גרם,false,,20.90,13.0625,true,1,25076
8004030102033,false,טונה בשמן זית עם מיץ לימון ופלפל שחור - מארז 3 יח',בולטון אלימנטרי,IT,טונה בשמן עם לימון ו,גרמים,240.00,100 גרם,false,,32.90,13.7083,true,1,138223
8004030177000,false,טונה בשמן זית וצ'ילי ריו מרה מארז 80X3 גר',ריו מארה Rio Mare,IT,טונה בשמן זית עם צ'י,גרמים,240.00,100 גרם,false,,32.90,13.7083,true,1,125650
8004030180000,false,ריו מרה טונה בשמן זית כתית מעולה 3*80גר,בולטון אלימנטרי,IT,ריו מרה טונה בשמן זי,גרמים,240.00,100 גרם,false,,32.90,13.7083,true,1,501483
8004030381681,false,ריו מרה נתחי טונה בהירה בשמן זית זוג 160 גר,BOLTON GROUP- RIO,,טונה בשמן זית ריו מר,גרמים,320.00,100 גרם,false,,36.90,11.5312,true,1,143653
8004030860001,false,ירקות עם קוקוס וטונה ריו מרה אינסלטיסימי 160 ג',"בולטון אלימנטרי בע""מ",IT,קוסקוס וטונה ריו מרה,גרמים,160.00,100 גרם,false,,18.90,11.8125,true,1,25079
8004800004802,false,גלילי וופל לאגו פלאסיר קרם דומדמניות 100,לאגו,IT,לאגו פלאסיר- גלילי ו,גרמים,100.00,100 גרם,false,,11.90,11.9000,true,1,485155
8004800005502,false,וופל מיני רול גלילי ופל במילוי קרם קקאו- 125 ג' לאגו,לגו גרופ ס.פ.א.,IT,לאגו מיני רול- גלילי,גרמים,125.00,100 גרם,false,,10.90,8.7200,true,1,485137
8005110001413,false,מארז זוג רסק עגבניות 140 ג' MUTTI,"איי, בי, אינבוו",IT,מארז זוג רסק עגבניות,גרמים,280.00,100 גרם,false,,8.90,3.1786,true,1,166985
8005110002243,false,רכז עגבניות Doppio Concentr בשפופרת 185 ג' MUTTI,"איי, בי, אינבוו",IT,תרכיז MUTTI עגבניות,גרמים,185.00,100 גרם,false,,8.90,4.8108,true,1,262223
8005110170300,false,עגבניות מרוסקות חתוכות מוטי MUTTI שלישיה *400,מוטי Mutti,IT,עגבניות MUTTI מרוסקו,קילוגרמים,1.20,"ק""ג",false,,19.90,16.5833,true,1,166987
8005200256587,false,נסטי - תה קר בטעם אפרסק 1.5 ליטר,מפעל סאנפלגרינו S.P.,IT,נסטי אפרסק 1.5 ליטר,ליטרים,1.50,ליטר,false,,9.90,6.6000,true,1,367526
8005200286584,false,תה קר בטעם מנגו אננס נסטי 1.5 ליטר,מפעל סאנפלגרינו S.P.,IL,נסטי מנגו אננס 1.5 ל,ליטרים,1.50,ליטר,false,,9.90,6.6000,true,1,367527
8005803010661,false,"מקלות אפויים עם שמן זית, מלח, ושומשום, 125 גרם, אמור די פאן","הוסטה איטליה, ס.ר.ל.",IT,גריסיני עם שומשום 12,גרמים,125.00,100 גרם,false,,8.50,6.8000,true,1,117631
8006227000399,false,מנצאטו-לחם פרוס לבן 400 גרם,,IT,לחם מחמצת פרוס לבן 4,גרמים,400.00,100 גרם,false,,17.90,4.4750,true,1,454973
8006227000405,false,סמנצאטו-לחם פרוס חיטה מלאה 400 גרם,,IT,לחם מחמצת פרוס חיטה,גרמים,400.00,100 גרם,false,,17.90,4.4750,true,1,454974
8006227000429,false,סמנצאטו לחם מחמצת פרוס 8 דגנים 400 גר,,IT,לחם מחמצת פרוס 8 דגנ,גרמים,400.00,100 גרם,false,,17.90,4.4750,true,1,454976
8006227001372,false,סמנצאטו לחם לבן שמן זית ללא קשה 400 גר,רו. מאר ס.ר.ל,IT,לחם מחמצת לבן עם שמן,גרמים,400.00,100 גרם,false,,19.90,4.9750,true,1,454775
8006540106709,false,אולוויז - מגן תחתון נורמל 58 יח',,,מגן תחתון מגה פק נור,יחידה,0.00,יחידה,false,,18.90,0.0000,true,1,499989
8006540628737,false,שמפו הד שולדרס קלאסי,,,שמפו הד שולדרס קלאסי,מיליליטרים,350.00,"100 מ""ל",false,,16.90,4.8286,true,1,475685
8008245004861,true,ממרח אגוזי לוז עם חל,,,ממרח אגוזי לוז עם חל,גרמים,300.00,100 גרם,false,,17.90,5.9667,true,1,286066
8008620009313,false,קריץ-קרקר מלוח 250 ג',nuova industria bisc,IT,קרקר מלוח 250 גרם קר,גרמים,250.00,100 גרם,false,,9.90,3.9600,true,1,454941
8008660210038,false,מעדן ריבה מנץ אנד גאססר תות שדה 300 גר,קריניציה ויטמינה אס,IT,מעדן תות שדה 300 גר`,גרמים,300.00,100 גרם,false,,18.90,6.3000,true,1,27543
8008660210052,false,מעדן ריבה מנץ אנד גאססר תפוז 320 גר,מנז אנד גאסר Menz&Gasser,IT,מעדן פרי תפוז 300 גר,גרמים,300.00,100 גרם,false,,18.90,6.3000,true,1,141646
8008660210069,false,מעדן מנץ אנד גאססר אפרסק פסיפלורה 320 גר,מנז אנד גאסר,IT,מעדן פרי אפרסק פסיפל,גרמים,300.00,100 גרם,false,,18.90,6.3000,true,1,141647
8008857601052,false,פסטה לזניה דפים רג'יה 500ג',פסטה רג'יה Pasta Reggia,IT,דפי לזניה לה פסטה 50,גרמים,500.00,100 גרם,false,,12.90,2.5800,true,1,129114
8008912010034,false,ליגורי- ספגטי מספר 3 500גר,פסטה ליגורי,IT,פסטה ספגטי מספר 3 -,גרמים,500.00,100 גרם,false,,8.90,1.7800,true,1,445024
8008912010072,false,ליגורי- לינגוויני מספר 7 500גר,פסטה ליגורי,IT,פסטה לינגוויני מספר,גרמים,500.00,100 גרם,false,,8.90,1.7800,true,1,445025
8008912010270,false,ליגורי- קסרצ'ה מספר 27 500גר,פסטה ליגורי,IT,פסטה קסרצ'ה מספר 27,גרמים,500.00,100 גרם,false,,8.90,1.7800,true,1,445026
8008912010300,false,פסטה פרפלה ליגורי 500 גר',פסטה ליגורי,IT,פסטה פרפלה מספר 30 -,גרמים,500.00,100 גרם,false,,8.90,1.7800,true,1,445027
8008912010317,false,ליגורי-פוזילי מספר 31 500גר,פסטה ליגורי,IT,פסטה פוזלי מספר 31 -,גרמים,500.00,100 גרם,false,,8.90,1.7800,true,1,445028
8008912010331,false,"ליגורי פסטה ניוקי סרדי בצורת קונכיות, 500 גר'",פסטה ליגורי,IT,פסטה ניוקטי סרדי בצו,גרמים,500.00,100 גרם,false,,8.90,1.7800,true,1,492488
8015997000911,false,מאריני בישקוטים 200 גרם,Biscottificio Verona,,בישקוטים פריכים 200,גרמים,200.00,100 גרם,false,,7.90,3.9500,true,1,454958
8020340031191,false,פסטה פנה אורגנית 500,,,פסטה פנה אורגנית 500,גרמים,500.00,100 גרם,false,,8.90,1.7800,true,1,153172
8023788030610,false,שוקולד חלב 300 גרם,,,שוקולד חלב 300 גרם,גרמים,300.00,100 גרם,false,,19.90,6.6333,true,1,462738
8023788030627,false,שוקולד מריר מעולה 3,,,שוקולד מריר מעולה 3,גרמים,300.00,100 גרם,false,,18.90,6.3000,true,1,462739
8023788030634,false,שוקולד חלב עם שברי א,,,שוקולד חלב עם שברי א,גרמים,300.00,100 גרם,false,,19.90,6.6333,true,1,462740
8023788030658,false,עוגיות מלוחות בטעם ט,,,עוגיות מלוחות בטעם ט,גרמים,400.00,100 גרם,false,,14.90,3.7250,true,1,491476
8023788030672,false,עוגיות מלוחות בתוספת,,,עוגיות מלוחות בתוספת,גרמים,400.00,100 גרם,false,,14.90,3.7250,true,1,491478
8023788030689,false,עוגיות מלוחות בטעם ע,,,עוגיות מלוחות בטעם ע,גרמים,400.00,100 גרם,false,,14.90,3.7250,true,1,491895
8024985000109,false,מחית אגס אורגנ 100% פרי 200 ג נטורה נובה,נטורה נובה,IT,נטורה נובה - מחית אג,גרמים,200.00,100 גרם,false,,10.50,5.2500,true,1,272468
8024985000116,false,נטורה נובה - מחית תפוח אוכמניות אורגנית 100% פרי,"נטורפוד בע""מ",IT,נטורה נובה - מחית תפ,גרמים,200.00,100 גרם,false,,10.50,5.2500,true,1,421143
8024985002783,false,סמוזי נטורה נובה גזר ודלעת 100 גרם,נטורה נובה,,נטורה נובה - סמוזי ג,גרמים,100.00,100 גרם,false,,6.50,6.5000,true,1,272446
8024985002950,false,נטורה נובה-סמוזי שזיף אורגני 100 גרם,נטורה נובה,IT,נטורה נובה - סמוזי ש,גרמים,100.00,100 גרם,false,,6.50,6.5000,true,1,421208
8024985003988,false,סמוזי תפוח בננה 100 גר נטורה נובה,נטורה נובה,IT,נטורה נובה - סמוזי ת,גרמים,100.00,100 גרם,false,,6.50,6.5000,true,1,272448
8024985005234,false,סמוזי נטורה נובה סמוצי תפוח מנגו 100 גרם,נטורה נובה,IT,נטורה נובה - סמוזי ת,גרמים,100.00,100 גרם,false,,6.50,6.5000,true,1,272449
8024985008044,false,נטורה משקה סמודי אגסים אורגני 100 גר,"נטורפוד בע""מ",IT,נטורה נובה - סמוזי א,גרמים,100.00,100 גרם,false,,6.50,6.5000,true,1,272451
8024985008051,false,נטורה סמודי פירות אדומים אורגניים 100מל,"נטורפוד בע""מ",IT,נטורה נובה - סמוזי פ,גרמים,100.00,100 גרם,false,,6.50,6.5000,true,1,272452
8032804430471,false,פליסיה פסטה סדניני עדשים אורגני 250 גרם,אף.סי תבליני בגליל ב,IT,פליסיה - סדניני עדשי,גרמים,250.00,100 גרם,false,,14.90,5.9600,true,1,272414
8076800105056,false,"ברילה ספגטי 1 ק""ג קופסה",ברילה Barilla,IT,פסטה ספגטי בקופסה בר,קילוגרמים,1.00,"ק""ג",false,,14.90,14.9000,true,1,461842
8076800105735,false,"ברילה פנה ריגטה 1 ק""ג קופסה",ברילה Barilla,IT,פנה ריגטה בקופסה ברי,קילוגרמים,1.00,"ק""ג",false,,14.90,14.9000,true,1,461858
8076800105988,false,"ברילה פוזילי 1 ק""ג קופסה",ברילה Barilla,IT,פוזלי בקופסה ברילה 1,קילוגרמים,1.00,"ק""ג",false,,14.90,14.9000,true,1,461874
8076800195033,false,ברילה - צ.א ספגטיני מס3 חדש 500 גרם,ברילה גי.אי.אר פרטלי,IT,ספגטי מס' 3 ברילה 50,גרמים,500.00,100 גרם,false,,8.90,1.7800,true,1,25082
8076800195057,false,ברילה - צ.א ספגטי מס5 חדש 500 גרם,ברילה גי.אי.אר פרטלי,IT,ספגטיני מס' 5 ברילה,גרמים,500.00,100 גרם,false,,8.90,1.7800,true,1,25083
8076800315097,false,פסטה מקרוני בוקטיני מספר 9 ברילה 500 גרם,ברילה גי.אי.אר פרטלי,IT,ספגטי בוקטיני מס' 9,גרמים,500.00,100 גרם,false,,8.90,1.7800,true,1,25085
8076802085738,false,ברילה - צ.ק פנה רגטה חדש 500 גרם,ברילה גי.אי.אר פרטלי,IT,פנה רגטה מס' 73 בריל,גרמים,500.00,100 גרם,false,,8.90,1.7800,true,1,25087
8076802085981,false,ברילה - צ.ק פוזילי חדש 500 גרם,ברילה גי.אי.אר פרטלי,IT,פסטה פוזילי 98 ברילה,גרמים,500.00,100 גרם,false,,8.90,1.7800,true,1,25090
8076808050440,false,פסטה מקרוני מספר 44 ברילה 500 גרם,ברילה Barilla,IT,פסטה מקרוני מס' 44 ב,גרמים,500.00,100 גרם,false,,8.90,1.7800,true,1,118507
8076808060654,false,פסטה פרפלה מספר 65 ברילה 500 גרם,ברילה גי.אי.אר פרטלי,IT,פסטה פרפלה 65 ברילה,גרמים,500.00,100 גרם,false,,8.90,1.7800,true,1,25092
8076808150072,false,ברילה - צ.א ספגטוני מס7 חדש 500 גרם,ברילה גי.אי.אר פרטלי,IT,ספגטי מס' 7 ברילה 50,גרמים,500.00,100 גרם,false,,8.90,1.7800,true,1,25094
8076809512268,false,פסטה גירנדולה טורסדס מספר 34 ברילה 500 גרם,ברילה גי.אי.אר פרטלי,IT,פסטה גירנדולה מס' 34,גרמים,500.00,100 גרם,false,,8.90,1.7800,true,1,25096
8076809513395,false,ברילה פומודורו רוטב עגבניות קלאסי 400 גר,ברילה גי.אי.אר פרטלי,IT,ברילה רוטב פורמודרו,גרמים,400.00,100 גרם,false,,16.90,4.2250,true,1,25098
8076809513654,false,בסיס רוטב עגבניות לבולונז ברילה 400 גרם,ברילה גי.אי.אר פרטלי,IT,ברילה רוטב עגבניות ל,גרמים,400.00,100 גרם,false,,16.90,4.2250,true,1,25099
8076809513692,false,רוטב עגבניות נפולטנה בתוספת ירקות,ברילה גי.אי.אר פרטלי,IT,ברילה רוטב נפוליטנה,גרמים,400.00,100 גרם,false,,16.90,4.2250,true,1,25100
8076809513739,false,ברילה רוטב עגבניות עם בזיליקום 400 גרם,ברילה גי.אי.אר פרטלי,IT,ברילה רוטב בזיליקום,גרמים,400.00,100 גרם,false,,16.90,4.2250,true,1,25101
8076809514774,false,ברילה איטריות ביצים פפרדלה 250ג',ברילה גי.אי.אר פרטלי,IT,ברילה פפרדלה ביצים 2,גרמים,250.00,100 גרם,false,,18.90,7.5600,true,1,118509
8076809523738,false,פסטה ברילה לזניה 500ג',ברילה גי.אי.אר פרטלי,IT,לזניה ברילה 500 גרם,גרמים,500.00,100 גרם,false,,28.90,5.7800,true,1,25107
8076809529419,false,ספגטי מחיטה מלאה מס' 5 500 ג' ברילה,ברילה גי. אי. אר פרט,IT,ספגטי מחיטה מלאה ברי,גרמים,500.00,100 גרם,false,,18.90,3.7800,true,1,25108
8076809545457,false,ברילה אטריות ללא גלוטן 400 ג' צינורות 400 ג',ברילה ג'.אי.אר פרטלי,IT,ברילה צינורות עבה קמ,גרמים,400.00,100 גרם,false,,15.90,3.9750,true,1,25112
8076809578998,false,ברילה - צ.ק. סטלינה 500 גרם,ברילה Barilla,IT,פסטה סטלינה מס' 27,גרמים,500.00,100 גרם,false,,8.90,1.7800,true,1,314304
8410076600622,false,חטיפי גרנולה קראנצ'י עם שוקולד מריר נייצ'ר ואלי 210 גרם,ג'נרל מילס סאן אדריא,ES,חטיף קראנצי שבבי שוק,גרמים,210.00,100 גרם,false,,22.90,10.9048,true,1,67395
8410076610379,false,"חטיף בוטנים, חלבון סויה ושוקולד מריר עם ציפוי בטעם שוקולד",סריילטו ספיין פודס,ES,פרוטאין בוטנים ושבבי,גרמים,160.00,100 גרם,false,,28.90,18.0625,true,1,15436
8410104045111,false,"פיניש מלח למדיח כלים 2ק""ג",רקיט בנקיזר,IL,"פיניש מלח למדיח 2 ק""",קילוגרמים,2.00,"ק""ג",false,,17.90,8.9500,true,1,24337
8410128768324,false,ויוה סוי משקה שקדים קרטונית ליטר,קלידאד פסקואל,ES,ויוה סוי שקדים קרטונ,ליטרים,1.00,ליטר,false,,13.90,13.9000,true,1,221165
8410128768355,false,ויוה סוי סויה קלאסי קרטונית ליטר,קלידאד פסקואל,ES,ויוה סוי סויה 1 ליטר,ליטרים,1.00,ליטר,false,,12.90,12.9000,true,1,221166
8410128783587,false,ויוה סוי שיבולת שועל בריסטה קרטונית,קלידאד פסקואל,ES,ויוה סוי שיבולת שועל,ליטרים,1.00,ליטר,false,,11.90,11.9000,true,1,455663
8410128785734,false,ויוה סוי סויה בריסטה קרטונית,קלידאד פסקואל,ES,ויוה סוי סויה בריסטה,ליטרים,1.00,ליטר,false,,12.90,12.9000,true,1,484290
8410376044393,false,עוגיות סנדוויץ וניל ללא תוספת סוכר 210,GULLON,,עוגיות סנדוויץ' עם ק,גרמים,210.00,100 גרם,false,,18.90,9.0000,true,1,22107
8410628460605,false,טונה ספרדית בשמן זית בצנצנת 190 גרם,קונסורסיו,ES,טונה ספרדית בשמן זית,גרמים,190.00,100 גרם,false,,29.90,15.7368,true,1,159021
8410628460612,false,טונה ספרדית בשמן זית ולימון 190 גרם,קונסורסיו,ES,טונה ספרדית בשמן זית,גרמים,190.00,100 גרם,false,,29.90,15.7368,true,1,159022
8413664611611,false,פאפאס ארגנטה ציפס דליקטס 180 גרם,,ES,ARGENTE חטיף תפוח א,גרמים,180.00,100 גרם,false,,21.90,12.1667,true,1,454497
8420708018817,false,גבינת מנצ'גו בשלה 15,האי נאם סי או אל.טי.,ES,גבינה מנצ`גו 150 גר`,גרמים,150.00,100 גרם,false,,31.90,21.2667,true,1,20141
8420822130600,false,"ספריי סופר מסיר שומנים 750מ""ל יעקבי",קה לורדה,ES,ספריי סופר מסיר שומנ,מיליליטרים,750.00,"100 מ""ל",false,,18.90,2.5200,true,1,387757
8420822130624,false,"ספריי סופר מסיר כתמים 750מ""ל יעקבי",קה לורדה,ES,ספריי סופר מסיר כתמי,מיליליטרים,750.00,"100 מ""ל",false,,19.90,2.6533,true,1,387758
8423207206488,false,סלים דליס חטיף דגנים מצופה שוקולד חלב מרבה 6*20 גרם,אף.סי תבליני בגליל ב,ES,סלים דליס חטיף דגנים,גרמים,120.00,100 גרם,false,,13.90,11.5833,true,1,25117
8423207207362,false,חטיף דגנים סלים דליס שוקולד לבן 120 גר,ביסנצ'ורי אס.אל.יו,ES,סלים דליס חטיף דגנים,גרמים,120.00,100 גרם,false,,13.90,11.5833,true,1,25121
8423207209748,false,חטיף דגנים מלאים שוקולד מריר נגיעות תפוז,ביסנצ'ורי אס.אל.יו,ES,סלים דליס חטיף דגנים,גרמים,120.00,100 גרם,false,,13.90,11.5833,true,1,107202
8423207210928,false,חטיף דגנים מצופה שוקולד חלב ואגוזי לוז - 5 במארז,נוטרישן אנד סנטה קוב,ES,סלים דליס טופינג בטע,גרמים,90.00,100 גרם,false,,13.90,15.4444,true,1,248885
8424842050016,false,צ'יפס בטעם כמהין 125 גרם RUBIO,RUBIO,ES,חטיף צ'יפס בטעם כמהי,גרמים,130.00,100 גרם,false,,13.90,10.6923,true,1,398480
8424842050030,false,צ'יפס עם מלח הימלאי 125 גרם RUBIO,RUBIO,ES,חטיף צ'יפס עם שמן זי,גרמים,125.00,100 גרם,false,,13.90,11.1200,true,1,398481
8424842050085,false,צ'יפס בטעם חרדל ודבש 125 גרם RUBIO,RUBIO,ES,חטיף צ'יפס דבש וחרדל,גרמים,125.00,100 גרם,false,,13.90,11.1200,true,1,398482
8424842201340,false,צ'יפס מסורתי פרימיום 130 גרם,,ES,חטיף צ'יפס רביו 130,גרמים,130.00,100 גרם,false,,13.90,10.6923,true,1,398483
8425206000081,false,ריבת חלב מרדל 450 גרם,כלורוקס אוקלנד,ES,מרדל ריבת חלב 450 גר,גרמים,450.00,100 גרם,false,,21.90,4.8667,true,1,5596
8435495819363,false,תינוקלין - מרכך כביסה פרש & ג'נטל 1 ליטר,פרוקטר אנד גמבל,TR,תינוקלין מרכך כביסה,ליטרים,1.00,ליטר,false,,22.90,22.9000,true,1,348349
8594403707649,false,"בירה באדוויזר דארק לאגר 500 מ""ל פחית",בראו יוניון,,באדוויזר דארק לאגר 5,מיליליטרים,330.00,"100 מ""ל",false,,9.90,3.0000,true,1,499881
8594403707977,false,"בירה באדוויזר לאגר פחית 500 מ""ל",Bud?jovick? Budvar,,"באדוויזר לאגר 500 מ""",מיליליטרים,330.00,"100 מ""ל",false,,9.90,3.0000,true,1,499882
8681863065270,false,מלח ים מים האגאי וילי פוד 350 גר,שף סיזונס גידה סאן,TR,מלח ים מים האגאי 350,גרמים,350.00,100 גרם,false,,25.90,7.4000,true,1,449053
8683130008355,false,מיונז עם שום הלמנס לחיץ 400 גרם,יוניליוור ישראל שיוו,TR,מיונז עם שום הלמנס 4,גרמים,400.00,100 גרם,false,,16.90,4.2250,true,1,486690
8683130008935,false,"הלמנס קטשיונז 425 גר{הרב רלב""ג}",יוניליוור ישראל שיוו,TR,ממרח קטשיונז הלמנס 4,גרמים,425.00,100 גרם,false,,16.90,3.9765,true,1,486691
8683130025581,false,"בדין - מרכך כביסה אקסטרא ענבר 960 מ""ל",יונילוור - תורכיה,TR,בדין אקסטרא ענבר-960,מיליליטרים,960.00,"100 מ""ל",false,,18.90,1.9687,true,1,433858
8683323063024,false,יוגטה שטיחים בטעם תותי פרוטי 220 גרם,ליימן מותגים,TR,יוגטה חיספוסים שטיחי,גרמים,220.00,100 גרם,false,,7.90,3.5909,true,1,119657
8690504081913,false,מקוויטיס טינס מצופה שוקולד חלב 150 גרם,שוורצקוף& הנקל דיסלד,TR,טינס מצופה שוקולד חל,גרמים,150.00,100 גרם,false,,9.90,6.6000,true,1,120632
8690504081920,false,מקוויטיס טינס מצופה שוקולד מריר 150 גרם,שוורצקוף& הנקל דיסלד,TR,טינס מצופה שוקולד מר,גרמים,150.00,100 גרם,false,,9.90,6.6000,true,1,120633
8690504081937,false,מקוויטיס טינס שוקולד חלב וקפוצינו 150 גר,שוורצקוף& הנקל דיסלד,TR,טינס מצופה שוקולד חל,גרמים,150.00,100 גרם,false,,9.90,6.6000,true,1,120634
8690504153740,false,שוקולד מריר במילוי קרם בטעם שוקולד מריר,ביסקוט ביסקווי סילבר,TR,טבלת שוקולד מריר עם,גרמים,86.00,100 גרם,false,,16.90,19.6512,true,1,126619
8690637073434,false,תה ליפטון ארל גריי 100 שקיקים,ליפטון Lipton,,תה ליפטון ארל גריי 1,גרמים,200.00,100 גרם,false,,24.90,12.4500,true,1,13036
8690637704291,false,שמפו לשיקום אינטנסיבי לשיער פגום,יוניליוור טורקיה. אז,TR,"שמפו משקם דאב 600 מ""",מיליליטרים,600.00,"100 מ""ל",false,,19.90,3.3167,true,1,13073
8690637704376,false,שמפו יום יומי לשיער רגיל,יוניליוור טורקיה. אז,TR,שמפו יום יומי דאב 60,מיליליטרים,600.00,"100 מ""ל",false,,19.90,3.3167,true,1,13074
8690637704390,false,"מרכך לשיער רגיל 600 מ""ל דאב",יוניליוור טורקיה. אז,TR,מרכך יום יומי דאב 60,מיליליטרים,600.00,"100 מ""ל",false,,19.90,3.3167,true,1,13075
8690637842399,false,מאגדת מגנום מיני דאבל פרי יער שוקולד 6 יח' נסטלה,יוניליוור סנאי וי סי,TR,מיני מגנום דאבל פרי,גרמים,329.00,100 גרם,false,,35.90,10.9119,true,1,115548
8690637858734,false,ג'ל לניקוי כללי בתוספת אקונומיקה בניחוח לימון,סיף פנטסטיק Cif Fantastic,IL,סיף ג'ל אקונומיקה לי,מיליליטרים,750.00,"100 מ""ל",false,,14.90,1.9867,true,1,126167
8690637890666,false,מאגדת מגנום מיני דאבל פיסטוק 6 יח' שטראוס,יוניליוור סנאיי וי ט,TR,מיני מגנום דאבל פיסט,גרמים,282.00,100 גרם,false,,35.90,12.7305,true,1,140551
8690637946301,false,"בדין - מרכך כביסה אקסטרא בייביי כחול 960 מ""ל",יוניליוור סנאיי וי ט,TR,בדין אקסטרה בייבי כ,מיליליטרים,960.00,"100 מ""ל",false,,18.90,1.9687,true,1,217495
8690637946318,false,מרכך כביסה אקסטרה בייבי היפואלרגני בריח טלק,יוניליוור סנאיי וי ט,IL,בדין אקסטרא בייבי צ,מיליליטרים,960.00,"100 מ""ל",false,,18.90,1.9687,true,1,217496
8690637976995,false,"בדין - מרכך כביסה אקסטרא ורוד סחלבים פראי 960 מ""ל",יוניליוור סנאיי וי ט,TR,בדין אקסטרא ורוד- 96,מיליליטרים,960.00,"100 מ""ל",false,,18.90,1.9687,true,1,274832
8690637994029,false,מרכך כביסה אקסטרה בניחוח סחלבים פראי,בדין,TR,בדין אקסטרא מכך כביס,ליטרים,1.44,ליטר,false,,21.90,15.2083,true,1,289697
8690766156367,false,שוקולד חלב גודייבה מעולה 90 גר,"אולקר מקבוצת פלאדיס,",TR,גודייבה שוקולד חלב מ,גרמים,90.00,100 גרם,false,,17.90,19.8889,true,1,250860
8690766156374,false,שוקולד גודייבה מריר 72% מוצרי קקאו 90 גר,"אולקר מקבוצת פלאדיס,",TR,גודייבה שוקולד מריר,גרמים,90.00,100 גרם,false,,17.90,19.8889,true,1,239502
8690766156381,false,גודייבה שוקולד מריר 90% מוצקי קקאו 90 גרם,"אולקר מקבוצת פלאדיס,",TR,גודייבה ש.מריר מעולה,גרמים,90.00,100 גרם,false,,17.90,19.8889,true,1,234238
8690766156404,false,שוקולד מריר מעולה גודייבה תפוז אדום 90 גרם,גודייבה,TR,גודייבה שוקולד מריר,גרמים,90.00,100 גרם,false,,17.90,19.8889,true,1,250845
8690777206051,false,חצילים קלויים על האש סארה 650 גר',קוראהן פזלרמה וי דיס,TR,חציל קלוי על האש סרה,גרמים,650.00,100 גרם,false,,14.90,2.2923,true,1,5082
8690777221405,false,פלפל אדום קלויים על האש 650 גרם SERA,קוראהן פזלרמה וי דיס,TR,פלפל אדום קלוי על הא,גרמים,650.00,100 גרם,false,,14.90,2.2923,true,1,5083
8690784516440,false,דאק נוזל לניקוי מתקדם בניחוח לבנדה בודד 750מל,טואלט דאק (ג'ונסון),NL,דאק ג'ל נוזל לניקוי,מיליליטרים,750.00,"100 מ""ל",false,,12.90,1.7200,true,1,104167
8690946270074,false,פסטה ספגטי 500 גרם B,,,פסטה ספגטי 500 גרם B,גרמים,500.00,100 גרם,false,,4.90,0.9800,true,1,492764
8690946270111,false,פסטה פוזלי 500 גרם B,,,פסטה פוזלי 500 גרם B,גרמים,500.00,100 גרם,false,,4.90,0.9800,true,1,492765
8690946270241,false,פסטה קונכיות גדולות,,,פסטה קונכיות גדולות,גרמים,500.00,100 גרם,false,,4.90,0.9800,true,1,492766
8690946272207,false,פסטה פנה 500 גרם BAH,,,פסטה פנה 500 גרם BAH,גרמים,500.00,100 גרם,false,,4.90,0.9800,true,1,492767
8690946272320,false,פסטה מקרוני 500 גרם,,,פסטה מקרוני 500 גרם,גרמים,500.00,100 גרם,false,,4.90,0.9800,true,1,492768
8691058141238,false,ערמונים שלמים קלויים וקלופים 100 ג' Avel,,,AVEL ערמונים שלמים ק,גרמים,100.00,100 גרם,false,,4.90,4.9000,true,1,133324
8691900174056,false,קוטקס תחבושות אולטרה לילה 16 י',,,תחבושות קוטקס לילה,100 יח',16.00,100 יח',false,,17.90,111.8750,true,1,451171
8692952000232,false,סט 6 כוסות זכוכית שת,,,סט 6 כוסות זכוכית שת,יחידה,0.00,יחידה,false,,14.90,0.0000,true,1,32108
8692952065293,false,סט 6 כוסות זכוכית מע,,,סט 6 כוסות זכוכית מע,יחידה,0.00,יחידה,false,,14.90,0.0000,true,1,342611
8692952157165,false,"VEGA-מאג 300 מ""ל",,,"VEGA-מאג 300 מ""ל",יחידה,0.00,יחידה,false,,5.90,0.0000,true,1,361839
8697530910743,false,סיגריות פאל מאל כחול קצר מטאליק,Unknown,,פאל מאל בלו,יחידה,0.00,יחידה,false,,31.00,0.0000,false,1,6014
8697530910750,false,סיגריות פאל מאל כחול ארוך האוס,Unknown,,פאל מאל בלו ארוך,יחידה,0.00,יחידה,false,,31.00,0.0000,false,1,6015
8698996000207,false,מגבות נייר 1/6,,,מגבות נייר 1/6,מטרים,0.00,מטר,false,,11.90,0.0000,true,1,495261
8710502060021,false,מרבה פטיסרי עוגיות מאפין רכות 210 גרם,מרבה,NL,מרבה פטיסרי - עוגיות,גרמים,210.00,100 גרם,false,,11.90,5.6667,true,1,464375
8710502064814,false,עוגיות מרבה שוקולד ציפס במרקם רך 175 גר,בנקטבקריי מרבה בי.וי,NL,מרבה עוגיות שוקוציפס,גרמים,175.00,100 גרם,false,,10.90,6.2286,true,1,25158
8710502100864,false,עוגיות מרבה פטיסרי דאבל שוקולד 200 גרם,מרבה,NL,מרבה פטיסרי דאבל שוק,גרמים,200.00,100 גרם,false,,11.90,5.9500,true,1,464376
8710502139017,false,עוגיות טריפל שוקולד צ'יפס מרבה 180 גרם,בנקטבקריי מרבה בי.וי,NL,מרבה עוגיות טריפל שו,גרמים,180.00,100 גרם,false,,10.90,6.0556,true,1,68441
8710502279010,false,מרבה עוגיות שוקולד ציפס מצופות שוקולד 175 גרם - רבנות,"י.מרבה ישראל בע""מ",NL,מרבה עוגיות שוקולד צ,גרמים,175.00,100 גרם,false,,10.90,6.2286,true,1,291558
8710502285509,false,מרבה - עוגיות לימון ושוקולד צ'יפס במרקם רך 175 גרם,בנקטבקריי מרבה בי.וי,NL,מרבה עוגיה רכה לימון,גרמים,175.00,100 גרם,false,,10.90,6.2286,true,1,400429
8710502470028,false,עוגיות שוקולד צ'יפס ממולאות בקרם נוגט,קריניציה ויטמינה אס,NL,מרבה עוגיות נוגטלי 1,גרמים,160.00,100 גרם,false,,10.90,6.8125,true,1,25169
8710502470035,false,מרבה פטיסרי עוגיות נוגטלי אגוזים 200 גרם,מרבה,NL,מרבה פטיסרי - עוגיות,גרמים,200.00,100 גרם,false,,11.90,5.9500,true,1,464378
8710800027573,false,סוכריות מיני בטעם פירות מנטוס 178 גרם,פרפטי ואן מלה,NL,מיני מנטוס שקית,גרמים,178.00,100 גרם,false,,18.90,10.6180,true,1,15483
8710800961310,false,סוכריות בטעם תות מנטוס 4*375 גרם,פרפטי ואן מלה ברדה,NL,מנטוס 1/4 תות,גרמים,150.00,100 גרם,false,,12.90,8.6000,true,1,15485
8711000371176,false,קפסולות קפה אספרסו קלאסיקו 10*52 ג' ג'ייקובס,קריניציה ויטמינה אס,FR,ג'ייקובס קפסולות קפה,גרמים,52.00,100 גרם,false,,18.90,36.3462,true,1,137598
8711327475717,false,מגנום פיינט וניל שקדים 260 גרם,"מפעל גלידות בווספרם,",HU,גלידת שמנת בטעם וניל,גרמים,260.00,100 גרם,false,,23.90,9.1923,true,1,313113
8711327475762,false,מגנום פיינט שוקולד לבן עוגיות 260 גרם,"מפעל גלידות בווספרם,",HU,גלידת שמנת שוקולד לב,גרמים,260.00,100 גרם,false,,23.90,9.1923,true,1,313114
8712000051099,false,"בירה היינקן 0.0 , ללא אלכוהול מארז שישייה",פארייפאבה אגרואינדוס,NL,הייניקן בירה 0% בק',ליטרים,1.98,ליטר,false,,35.60,17.9798,true,1,141262
8712561594240,false,"דאב תחליב רחצה להזנה עמוקה500 מ""ל-מרכז","יוניליוור גרמניה, Gm",DE,דאב תחליב רחצה להזנה,מיליליטרים,500.00,"100 מ""ל",false,,19.90,3.9800,true,1,13124
8712561611411,false,תחליב רחצה מזין בניחוח מלפפון ותה ירוק,יוניליוור גרמניה (בו,DE,תחליב רחצה תה ירוק ו,מיליליטרים,750.00,"100 מ""ל",false,,22.90,3.0533,true,1,13127
8712561626286,false,"תחליב רחצה דאב זוהר כמשי, 750 מ""ל",יוניליוור גרמניה (בו,DE,תחליב רחצה זוהר כמשי,מיליליטרים,750.00,"100 מ""ל",false,,22.90,3.0533,true,1,13129
8712561646024,false,דאב תחליב רחצה קרם פיסטוק ומגנוליה 750 מ,יוניליוור גרמניה (בו,DE,תחליב רחצה קרם פיסטו,מיליליטרים,750.00,"100 מ""ל",false,,22.90,3.0533,true,1,404375
8714599513835,false,גי'קובס קרונונג נייט אנד דיי - נטול קופיאין,ג'ייקובס Jacobs,DE,קפה ג`יקובס נטול קופ,גרמים,200.00,100 גרם,false,,42.90,21.4500,true,1,7187
8714599513866,false,קפה נמס מיובש בהקפאה ג'ייקובס קרונונג 200 גרם,אל.אל.סי גייקובס דאו,DE,קפה ג'יקובס קרונונג,גרמים,200.00,100 גרם,false,,31.90,15.9500,true,1,7188
8714789177229,false,מברשת שיניים אקסטרה קלין מדיום - מארז רביעיה,הנסיך- מפעל לייצור ט,CN,מב.שיניים אקסטרא קלי,יחידה,0.00,יחידה,false,,11.90,0.0000,true,1,25172
8714789582764,false,אג'קס ספריי לניקוי חלונות ומשטחים,הנסיך- מפעל לייצור ט,GR,אגקס חלונות 750מל,מיליליטרים,750.00,"100 מ""ל",false,,15.90,2.1200,true,1,25192
8715700110141,false,מיונז קרמי היינץ צנצנת 460ג',ה.י.היינץ הולדינג בי,NL,מיונז היינץ אמיתי צנ,גרמים,460.00,100 גרם,false,,13.90,3.0217,true,1,101253
8715700110158,false,היינץ ממרח במרקם קרמי צנצנת 490 גרם,ה.י.היינץ הולדינג בי,NL,מיונז היינץ לייט צנצ,גרמים,490.00,100 גרם,false,,13.90,2.8367,true,1,101254
8715700419732,false,מתבל עגבניות היינץ 700 גרם,ה.י. היינץ,NL,היינץ קטשופ 700 גרם,גרמים,700.00,100 גרם,false,,15.90,2.2714,true,1,7294
8715700423906,false,היינץ מתבל עגבניות מופחת סוכר ומלח 50/50 550 גרם,היינץ צפון אמריקה מק,NL,מתבל עגבניות היינץ 2,גרמים,555.00,100 גרם,false,,12.90,2.3243,true,1,115213
8717163647226,false,"דאו אקס ספריי גוף לגבר בלאק 150 מ""ל",ארנסט. רחוב קומבינצק,GB,ספריי גוף בלאק אקס 1,מיליליטרים,150.00,"100 מ""ל",false,,18.90,12.6000,true,1,138166
8717163647233,false,"דאו אקס ספריי גוף לגבר בלאק נייט 150 מ""ל",ארנסט. רחוב קומבינצק,GB,ספריי גוף בלאק נייט,מיליליטרים,150.00,"100 מ""ל",false,,18.90,12.6000,true,1,138167
8717163647240,false,"אקס דאודורנט ספריי גוף לגבר שוקולד 150 מ""ל",יוניליוור גרמניה (בו,GB,ספריי גוף שוקולד אקס,מיליליטרים,150.00,"100 מ""ל",false,,18.90,12.6000,true,1,138168
8717163714850,false,"דאו דאב ספריי קוקוס ויסמין 150 מ""ל",יונילוור ארגנטינה -,GB,דאו' ספריי אוריגינל,מיליליטרים,150.00,"100 מ""ל",false,,14.90,9.9333,true,1,375226
8718114734484,false,מיונז מאילי 320 גר צ,בונגראן,FR,מיונז מיילי 320 גרם,גרמים,320.00,100 גרם,false,,17.90,5.5937,true,1,112475
8718692610835,false,שלישית בקבוקי סודה סטרים פיוז 1 ליטר,סודה סטרים,IL,בקבוק 1 ליטר שלישיה,ליטרים,1.00,ליטר,false,,59.90,59.9000,true,1,20891
8718951175600,false,"משחת שיניים קולגייט אוטאל קליין מינט 75 מ""ל",CP-Poland swidnica,PL,קולגייט משחת שיניים,מיליליטרים,75.00,"100 מ""ל",false,,14.90,19.8667,true,1,271856
8718951190191,false,"מרסס אגקס טריגר בוסט לימון וסודה 500 מ""ל",קולגייט פלמוליב פירא,GR,אג'קס טריגר בוסט לימ,מיליליטרים,500.00,"100 מ""ל",false,,16.90,3.3800,true,1,133758
8718951236806,false,"קולגייט טוטאל הלבנה להסרת כתמים מהשן 100 מ""ל",קולגייט Colgate,PL,מש.שיניים להלבנה קול,מיליליטרים,100.00,"100 מ""ל",false,,18.90,18.9000,true,1,135492
8718951240742,false,"קולגייט טוטאל משחת שיניים פסים מרעננים 100 מ""ל",קולגייט Colgate,PL,מש.שיניים פסים מרעננ,גרמים,128.00,100 גרם,false,,18.90,14.7656,true,1,135494
8718951264618,false,"קולגייט אופטיק וייט פחם צ'רקול משחת שיניים, 75 מ""ל",קולגייט-פלמוליב,PL,קולגייט אופטיק וייט,מיליליטרים,75.00,"100 מ""ל",false,,31.90,42.5333,true,1,225540
8718951286733,false,מ שיניים קולגייט אופטיק וייט לסטינג 75מל,קולגייט Colgate,PL,קולגייט אופטיק וייט,מיליליטרים,75.00,"100 מ""ל",false,,31.90,42.5333,true,1,356815
8718951315303,false,משחת שיניים קולגייט הגנה מקסימלית - מארז זוג,קולגייט-פלמוליב,PL,משחת שיניים קולגייט,מיליליטרים,200.00,"100 מ""ל",false,,20.90,10.4500,true,1,247138
8718951345119,false,נוזל לניקוי רצפות וכללי היביסקוס 2 ליטר,הנסיך- מפעל לייצור ט,GR,אג'קס ניקוי כללי עוצ,ליטרים,2.00,ליטר,false,,24.90,12.4500,true,1,281244
8718951382787,false,"משחת שיניים אופטיק וויט חימר ומינרלים 75 מ""ל קולגייט",קולגייט Colgate,PL,משחת שיניים אופטיק ו,מיליליטרים,75.00,"100 מ""ל",false,,31.90,42.5333,true,1,401006
8718951385290,false,נוזל לניקוי כללי ורצפות אג'קס 2 ליטר,קולגייט פלמוליב,GR,אג'קס ניקוי כללי עוצ,ליטרים,2.00,ליטר,false,,24.90,12.4500,true,1,295015
8718951509627,false,"משחת שיניים אופטיק וויט לאוהבי קפה 75 מ""ל קולגייט",קולגייט פלמוליב,PL,קולגייט וואייט להסרת,יחידה,0.00,יחידה,false,,29.90,0.0000,true,1,431636
8719200998001,false,מרגרינה לאפיה ובישול בלי מלח 200 ג' בלו בנד,מיוצר עי קונדיטוריית,IL,בלו בנד ללא מלח 200,גרמים,200.00,100 גרם,false,,4.90,2.4500,true,1,196840
8719200998018,false,מחמאה מרגרינה בטעם חמאה 200 ג' בלו בנד,פארייפאבה אגרואינדוס,IL,מחמאה מרגרינה בטעם ח,גרמים,200.00,100 גרם,false,,5.50,2.7500,true,1,196841
8719200998032,false,"מרגרינה מזולה גלורי טעם חמאה 250גר 8 יחידות - כשל""פ",פארייפאבה אגרואינדוס,IL,מזולה בטעם חמאה 250,גרמים,250.00,100 גרם,false,,10.90,4.3600,true,1,196867
8719200998094,false,"מרגרינה מזולה לאפיה ללא תוספת מלח 200גר - 40 יח' -כשל""פ","מיוצר ע""י יוניליוור",IL,מזולה מרגרינה לאפייה,גרמים,200.00,100 גרם,false,,6.90,3.4500,true,1,196848
8720181114458,false,"אקס - דאודורנט ספריי לגבר לבן 150 מ""ל",,,דאורדורנט ספריי אקס,מיליליטרים,150.00,"100 מ""ל",false,,12.90,8.6000,true,1,443799
8722700197508,false,גלייז חומץ בלסמי 250,,,גלייז חומץ בלסמי 250,מיליליטרים,250.00,"100 מ""ל",false,,46.90,18.7600,true,1,461747
8723400756552,false,מארז סוכריות מנטוס Mentos ריינבואו,פרפטי ואן מלה ברדה,NL,RAINBOW רביעית סוכרי,גרמים,150.00,100 גרם,false,,12.90,8.6000,true,1,15487
8801055707966,false,קפה טייסטר צו'יס נס קפה בריסטה 180ג',נסטלה קוריאה - קפה,KR,נס קפה טייסטרס צ'ויס,גרמים,180.00,100 גרם,false,,33.90,18.8333,true,1,23213
8801055708772,false,מארז טייסטרס צ'ויס 200 גרם+50 גר' מתנה,נסטלה קוריאה - קפה,IL,נס קפה טייסטרס צ'ויס,גרמים,250.00,100 גרם,false,,33.90,13.5600,true,1,127532
8801055709427,false,נס קפה טייסטרס צ'ויס אלטה ריקה 100גרם,נסטלה קוריאה - קפה,KR,נסקפה טייסטרס צ'ויס,גרמים,100.00,100 גרם,false,,25.90,25.9000,true,1,368341
8801055709434,false,קפה נמס טייסטר צ'ויס קולומביה 100 גר',נסטלה קוריאה - קפה,KR,נסקפה טייסטרס צ'ויס,גרמים,100.00,100 גרם,false,,25.90,25.9000,true,1,368342
8801055709458,false,אבקה להכנת משקה קפה בטעם קפוצ'ינו קרמל,נסטלה קוריאה - קפה,IL,נסקפה קפוצ'ינו קרמל,גרמים,170.00,100 גרם,false,,20.90,12.2941,true,1,446539
8801055709465,false,אבקה להכנת משקה קפה בטעם קפוצ'ינו וניל,נסטלה קוריאה - קפה,DE,נסקפה קפוצ'ינו וניל,גרמים,185.00,100 גרם,false,,20.90,11.2973,true,1,410935
8801055709489,false,אבקה להכנת משקה קפה בטעם קפוצ'ינו אגוזים,נסטלה קוריאה - קפה,IL,נסקפה קפוצ'ינו אגוזי,גרמים,185.00,100 גרם,false,,20.90,11.2973,true,1,410951
8809168840471,false,חטיף אצות מיובשות 9יח,ג'י וואן גלובול נאט,KR,חטיף אצות מיובשות 9,גרמים,4.50,100 גרם,false,,25.90,575.5556,true,1,423285
8850180040028,false,קמח טמפורה להכנת בלי,קרנחם אוטאי פחרה,TH,קמח טמפורה להכנת בלי,גרמים,500.00,100 גרם,false,,11.90,2.3800,true,1,16582
8850206250592,false,רוטב צ`ילי סיראצ`ה 540 גרם,יאן וואל יון קו.לטד,TH,רוטב צ'ילי סיראצ'ה מ,גרמים,540.00,100 גרם,false,,21.90,4.0556,true,1,423270
8850367992164,false,קרם קוקוס 250 מל 20-22% ללא חומר משמר,טאפ פאד ונגפורן,TH,קרם קוקוס ללא גלוטן,גרמים,250.00,100 גרם,false,,8.90,3.5600,true,1,16585
8850367994021,false,"רוטב צילי מתוק ללא סוכר לל""ג 280 מ""ל",יאן ונזל יון,TW,רוטב צ'ילי מתוק ללא,מיליליטרים,280.00,"100 מ""ל",false,,12.90,4.6071,true,1,473432
8850389103111,false,סאפי משקה אלוורה בטעם ענבים 300מל,פארייפאבה אגרואינדוס,TH,סאפה משקה אלוורה ענב,מיליליטרים,300.00,"100 מ""ל",false,,7.90,2.6333,true,1,44497
8850389103128,false,"משקה קל סאפה בטעם תפוח 300 מ""ל",פארייפאבה אגרואינדוס,TH,סאפה משקה אלוורה תפו,מיליליטרים,300.00,"100 מ""ל",false,,7.90,2.6333,true,1,44498
8850389105825,false,סאפה משקה אלוורה בטעם ענבים,סאפה פובליק קומפני ל,TH,סאפה משקה אלוורה ענב,ליטרים,1.00,ליטר,false,,14.50,14.5000,true,1,11685
8850632604266,false,"יוגטה, ממתק חמוץ בצורת מקלות בטעם קולה, 50 גרם",ג'נרל קנדי בעמ,TH,יוגטה חיספוסים מקלות,גרמים,50.00,100 גרם,false,,5.90,11.8000,true,1,15492
8851613101378,false,"נוזל קוקוס ארוי די 250 מ""ל",כלורוקס אוקלנד,TH,משקה קוקוס ארוי-די,מיליליטרים,250.00,"100 מ""ל",false,,10.90,4.3600,true,1,5633
8858271002870,false,רוטב פאד תאי 250 מ'ל - מקסצ'אפ,"ייאן וואל יון בע""מ",TH,רוטב פאד תאי MAXCHUP,מיליליטרים,250.00,"100 מ""ל",false,,13.90,5.5600,true,1,16601
8858271002887,false,רוטב טריאקי 250 מ'ל - מקסצ'אפ,דאנינג יוה פודס קו,TH,רוטב טריאקי MAXCHUP,מיליליטרים,250.00,"100 מ""ל",false,,12.90,5.1600,true,1,16602
8858271003020,false,רוטב סויה פורמולה 1 - 700 מ'ל מקסצ'אפ,יאן ונזל יון,TH,רוטב סויה MAXCHUP מז,מיליליטרים,700.00,"100 מ""ל",false,,16.90,2.4143,true,1,16603
8858271003075,false,רוטב סויה מתוקה 700 מ'ל מקסצ'אפ,דאנינג יוה פודס קו,TH,רוטב סויה מתוק MAXCH,מיליליטרים,700.00,"100 מ""ל",false,,18.90,2.7000,true,1,473339
8858271004126,false,רוטב חמוץ מתוק 700 מ'ל - מקסצ'אפ,יאן ונזל יון,TH,רוטב חמוץ מתוק MAXCH,מיליליטרים,700.00,"100 מ""ל",false,,17.90,2.5571,true,1,16608
8858271004300,false,רוטב טריאקי 700 מ'ל מקסצ'אפ,דאנינג יוה פודס קו,CN,רוטב טריאקי MAXCHUP,מיליליטרים,700.00,"100 מ""ל",false,,21.90,3.1286,true,1,60145
8858271004799,false,"רוטב צילי מתוק אל פורפסיס 700 מ""ל",יאן ונזל יון,TH,רוטב צ'ילי מתוק מזרח,מיליליטרים,700.00,"100 מ""ל",false,,13.90,1.9857,true,1,16610
8858271005772,false,"רוטב סויה ללא גלוטן (תמרי)300 מ""ל (כ)",יאן ונזל יון,TH,רוטב סויה ללא גלוטן,מיליליטרים,300.00,"100 מ""ל",false,,17.90,5.9667,true,1,423255
8888021200720,false,סוללות אנרג'יזר MAX AAA שמינייה,יצרן: אנרג'ייזר סינג,US,AAAאנרג'ייזר סוללות,יחידה,0.00,יחידה,false,,29.90,0.0000,true,1,8055
8901537024014,false,"אורז בסמטי מובחר 1 ק""ג - דוואט) יורה דיעה",הנסיך- מפעל לייצור ט,IN,וילי פוד אורז בסמטי,גרמים,1000.00,100 גרם,false,,15.90,1.5900,true,1,5091
8901537076679,false,"אורז בסמטי חום מלא 1 ק""ג דאוואט",האי נאם סי או אל.טי.,IN,אורז בסמטי חום מלא 1,קילוגרמים,1.00,"ק""ג",false,,17.90,17.9000,true,1,122956
8928284101218,false,ערכת מילוי בלוני מים,,,משחק מילוי בלונים,יחידה,0.00,יחידה,false,,9.90,0.0000,true,1,433166
9000101380255,false,פרסיל דיסקס דיפ קלין מנטרל ריחות 22 קפסו,פרסיל Persil,HU,פרסיל דיסקס לכביסה ל,יח',22.00,יח',false,,38.90,1.7682,true,1,339121
9000101512526,false,פרסיל - פאוור קאפס קפסולות ג'ל מרוכזות לכביסה 26 יח',קריות זול,RS,פרסיל פאוור קאפס לכב,יח',26.00,יח',false,,38.90,1.4962,true,1,440752
9000101515596,false,קפסולות ג'ל מרוכזות לכביסה צבעונית 56 יח' פרסיל,הנקל סוד,HU,פרסיל פאוור קאפס קפס,יחידה,0.00,יחידה,false,,70.90,0.0000,true,1,349623
9000101537550,false,פרסיל קאפסולות לכביסה לבנה וצבעונית 52 יח',הנקל סוד,HU,פרסיל פאוור קאפס קפס,יחידה,0.00,יחידה,false,,70.90,0.0000,true,1,436387
9000101537581,false,פרסיל קאפסולות לכביסה צבעונית 52 יחידו,הנקל סוד,IL,פרסיל פאוור קאפס קפס,יחידה,0.00,יחידה,false,,70.90,0.0000,true,1,436388
9002859036644,false,גונץ-שוק' חלב 100 גר' עם ק.טירמיסו 1/16(84479),,,גונץ שוקולד עם ק. טר,גרמים,100.00,100 גרם,false,,10.90,10.9000,true,1,458277
9002859037221,false,שוקולד מריר אספרסו 7,,,שוקולד מריר אספרסו 7,גרמים,100.00,100 גרם,false,,10.90,10.9000,true,1,458243
9002859042522,false,שוקולד חלב 100 גרם ג,,,שוקולד חלב 100 גרם ג,גרמים,100.00,100 גרם,false,,10.90,10.9000,true,1,458244
9002859050671,false,לבבות שוקולד ברשת 100 גרם גונץ,GUNZ WARENHANDELS,DE,לבבות שוקולד ברשת 10,גרמים,100.00,100 גרם,false,,10.90,10.9000,true,1,458345
9002859050725,false,תפזורת סנטה ברשת 100 גר גונץ,GUNZ WARENHANDELS,DE,תפזורת סנטה ברשת 100,גרמים,100.00,100 גרם,false,,10.90,10.9000,true,1,458380
9002859056963,false,אנשי שלג משוקולד ברשת 100 גר גונץ,GUNZ WARENHANDELS,DE,אנשי שלג משוקולד ברש,גרמים,100.00,100 גרם,false,,10.90,10.9000,true,1,458310
9002859058172,false,בונבוניירה בננה ציפוי שוקולד מריר 300 גר,GUNZ WARENHANDELS,AT,בננה ציפוי שוקולד מר,גרמים,300.00,100 גרם,false,,15.90,5.3000,true,1,22186
9002859105630,false,גונץ מרציפן מצופה שוקולד חלב ונוגט 75 גר,,AT,מרציפן מצופה שוקולד,גרמים,75.00,100 גרם,false,,11.90,15.8667,true,1,458563
9002859110412,false,שוקולד לבן-קפה גונץ,,,שוקולד לבן-קפה 100,גרמים,100.00,100 גרם,false,,10.90,10.9000,true,1,458261
9002975393836,false,סוכריות גילי הריבו האפי קולה 70 גרם,"האריבו , ג'י.אם.בי.א",AT,סוכריות גומי בטעם קו,גרמים,70.00,100 גרם,false,,7.90,11.2857,true,1,309918
9002975393850,false,סוכריות גילי הריבו וורמס 70 גרם,"האריבו , ג'י.אם.בי.א",AT,סוכריות גומי בטעמי פ,גרמים,70.00,100 גרם,false,,7.90,11.2857,true,1,309920
9005835313609,false,קלרו טבליות למדיח כלים 15 יחידות CLARO,קלרו,AT,טבליות למדיח כלים 15,גרמים,350.00,100 גרם,false,,14.90,4.2571,true,1,409070
9028800639962,false,"אדלוויס בירה לבנה בקבוק 500 מ""ל",,AT,אדלוויס הפרטובה בירת,מיליליטרים,330.00,"100 מ""ל",false,,11.90,3.6061,true,1,499883
9044400822320,false,מארז פז בובה + 10 סוכריות 85 גר,פז פרודוקשיין,GB,סוכריות פז שקית 85 ג,יחידה,0.00,יחידה,false,,15.90,0.0000,true,1,311849
9044400841000,false,בובת פז Pez + שלוש יחידות סוכריות למילוי,פז Pez,HU,פז דמויות מתחלפות 25,גרמים,25.50,100 גרם,false,,11.90,46.6667,true,1,23920
9120025839896,false,חטיף מילקה מצונן 128 גרם,בובארד איטליה אס.פי.,IT,חטיף מילקה מצונן 128,גרמים,128.00,100 גרם,false,,15.90,12.4219,true,1,465422
9120097310583,false,חטיף שוקו בננה מיניונים מצונן 108 גרם רבנות,בובארד איטליה אס.פי.,IT,חטיף שוקו בננה מיניו,גרמים,108.00,100 גרם,false,,15.90,14.7222,true,1,464864
9310072028750,false,טים טם Tim Tam וופל שוקולד ציפוי כפול,"ארנוטס ביסקוויטס בע""",AU,טים טם קרם דאבל 200,גרמים,200.00,100 גרם,false,,22.90,11.4500,true,1,67501
9322969000015,false,פריכיות תירס בטעם אורגינל ריל פודס 150 ג',אף.סי תבליני בגליל ב,AU,פריכיות תירס בטעם או,גרמים,150.00,100 גרם,false,,14.90,9.9333,true,1,8057
9322969000022,false,"ריל פוד פריכיות תירס עם סויה וזרעי פשתן, ללא גלוטן 150 גרם",אף.סי תבליני בגליל ב,AU,פריכיות תירס עם סויה,גרמים,150.00,100 גרם,false,,14.90,9.9333,true,1,8058
9322969000039,false,פריכיות תירס 150 גרם עם 5 סוגי דגנים,,AU,פריכיות תירס עם 4 דג,גרמים,150.00,100 גרם,false,,14.90,9.9333,true,1,128531
9322969000046,false,פריכיות תירס שומשום אורגני ריל פודס 150 ג',אף.סי תבליני בגליל ב,AU,פריכיות תירס אורגניו,גרמים,150.00,100 גרם,false,,14.90,9.9333,true,1,66780
9322969000053,false,פריכיות אורז מלא ריל פוד 150 גר,סנו מפעלי ברונוס.,IT,פריכיות אורז מלא ריל,גרמים,150.00,100 גרם,false,,14.90,9.9333,true,1,389125
9415886970551,false,זוג מגבות מטבח,,,זוג מגבות מטבח,יחידה,0.00,יחידה,false,,14.90,0.0000,true,1,332107
9421018071508,false,מאד האוס סובניון בלא,קוואליטי ווין,NZ,יין מאד האוס סוביניו,מיליליטרים,750.00,"100 מ""ל",false,,69.90,9.3200,true,1,418763
9720188050109,false,ממרח על בסיס סויה בסגנון גבינה טופוטי 225 גרם,טופוטי ברנדס אינק.ג',IL,טופוטי ממרח טופו בטע,גרמים,225.00,100 גרם,false,,24.90,11.0667,true,1,8817
9720188060108,false,ממרח על בסיס סויה בסגון שמנת טופוטי 340 גרם,טופוטי ברנדס אינק.ג',IL,טופוטי ממרח טופו בטע,גרמים,340.00,100 גרם,false,,24.90,7.3235,true,1,8819
9771565025005,false,עיתון מעריב סוף השבוע,,,`מעריב סופהשבוע`,יחידה,0.00,יחידה,false,,20.00,0.0000,true,1,51711
9771565038319,false,עיתון ידיעות אחרונות,,,ידיעות אחרונות יום א,יחידה,0.00,יחידה,false,,0.50,0.0000,true,1,12335
9771565038326,false,עיתון ידיעות אחרונות,,,ידיעות אחרונות יום ב,יחידה,0.00,יחידה,false,,0.50,0.0000,true,1,12336
9771565038333,false,עיתון ידיעות אחרונות,,,ידיעות אחרונות יום ג,יחידה,0.00,יחידה,false,,0.50,0.0000,true,1,12337
9771565038340,false,עיתון ידיעות אחרונות,,,ידיעות אחרונות יום ד,יחידה,0.00,יחידה,false,,0.50,0.0000,true,1,12338
9771565038357,false,עיתון ידיעות אחרונות,,,ידיעות אחרונות יום ה,יחידה,0.00,יחידה,false,,0.50,0.0000,true,1,12339
9771565039125,false,עיתון לאישה יום ב,ידיעות אחרונות,,לאשה יום ב`,יחידה,0.00,יחידה,false,,19.90,0.0000,true,1,12341
9771565051066,false,עיתון ידיעות אחרונות,ידיעות אחרונות,,ידיעות אחרונות יום ו,יחידה,0.00,יחידה,false,,12.00,0.0000,true,1,12352
9771565290007,false,עיתון הארץ יום שישי,,,עיתון הארץ שישי,יחידה,0.00,יחידה,false,,27.50,0.0000,true,1,51713
